day;timestamp;product;bid_price_1;bid_volume_1;bid_price_2;bid_volume_2;bid_price_3;bid_volume_3;ask_price_1;ask_volume_1;ask_price_2;ask_volume_2;ask_price_3;ask_volume_3;mid_price;profit_and_loss
yf_ZW=F_d10;0;ASH_COATED_OSMIUM;9890;10;9886;26;;;9911;17;9913;21;;;9900.5;0.0
yf_ZW=F_d10;0;INTARIAN_PEPPER_ROOT;11269;10;11267;17;;;11286;17;11290;19;;;11277.5;0.0
yf_ZW=F_d10;100;ASH_COATED_OSMIUM;9897;9;9895;17;;;9904;11;9908;12;;;9900.5;0.0
yf_ZW=F_d10;100;INTARIAN_PEPPER_ROOT;11274;16;11271;15;;;11284;14;11288;26;;;11279.0;0.0
yf_ZW=F_d10;200;ASH_COATED_OSMIUM;9898;9;9896;26;;;9904;16;9907;14;;;9901.0;0.0
yf_ZW=F_d10;200;INTARIAN_PEPPER_ROOT;11275;10;11271;28;;;11285;14;11287;16;;;11280.0;0.0
yf_ZW=F_d10;300;ASH_COATED_OSMIUM;9898;14;9894;12;;;9904;18;9907;8;;;9901.0;0.0
yf_ZW=F_d10;300;INTARIAN_PEPPER_ROOT;11276;16;11273;25;;;11286;9;11289;14;;;11281.0;0.0
yf_ZW=F_d10;400;ASH_COATED_OSMIUM;9898;8;9896;27;;;9904;10;9907;29;;;9901.0;0.0
yf_ZW=F_d10;400;INTARIAN_PEPPER_ROOT;11276;27;11272;14;;;11286;16;11290;20;;;11281.0;0.0
yf_ZW=F_d10;500;ASH_COATED_OSMIUM;9898;15;9894;19;;;9904;13;9908;11;;;9901.0;0.0
yf_ZW=F_d10;500;INTARIAN_PEPPER_ROOT;11277;14;11273;18;;;11289;6;11292;15;;;11283.0;0.0
yf_ZW=F_d10;600;ASH_COATED_OSMIUM;9898;11;9894;22;;;9904;12;9907;18;;;9901.0;0.0
yf_ZW=F_d10;600;INTARIAN_PEPPER_ROOT;11281;16;11277;26;;;11287;15;11290;28;;;11284.0;0.0
yf_ZW=F_d10;700;ASH_COATED_OSMIUM;9892;13;9890;23;;;9912;15;9915;20;;;9902.0;0.0
yf_ZW=F_d10;700;INTARIAN_PEPPER_ROOT;11275;16;11272;17;;;11296;17;11299;24;;;11285.5;0.0
yf_ZW=F_d10;800;ASH_COATED_OSMIUM;9898;15;9896;20;;;9904;6;9907;20;;;9901.0;0.0
yf_ZW=F_d10;800;INTARIAN_PEPPER_ROOT;11283;17;11279;18;;;11289;13;11292;23;;;11286.0;0.0
yf_ZW=F_d10;900;ASH_COATED_OSMIUM;9896;14;9893;25;;;9907;10;9909;21;;;9901.5;0.0
yf_ZW=F_d10;900;INTARIAN_PEPPER_ROOT;11285;17;11281;15;;;11291;20;11293;22;;;11288.0;0.0
yf_ZW=F_d10;1000;ASH_COATED_OSMIUM;9895;5;9893;23;;;9909;7;9913;20;;;9902.0;0.0
yf_ZW=F_d10;1000;INTARIAN_PEPPER_ROOT;11285;7;11281;19;;;11291;12;11293;22;;;11288.0;0.0
yf_ZW=F_d10;1100;ASH_COATED_OSMIUM;9899;22;9895;24;;;9905;17;9909;17;;;9902.0;0.0
yf_ZW=F_d10;1100;INTARIAN_PEPPER_ROOT;11287;15;11285;19;;;11293;25;11295;20;;;11290.0;0.0
yf_ZW=F_d10;1200;ASH_COATED_OSMIUM;9898;19;9896;21;;;9905;5;9908;30;;;9901.5;0.0
yf_ZW=F_d10;1200;INTARIAN_PEPPER_ROOT;11287;20;11283;31;;;11296;17;11298;17;;;11291.5;0.0
yf_ZW=F_d10;1300;ASH_COATED_OSMIUM;9899;14;9897;24;;;9905;17;9908;17;;;9902.0;0.0
yf_ZW=F_d10;1300;INTARIAN_PEPPER_ROOT;11289;6;11286;26;;;11295;19;11297;17;;;11292.0;0.0
yf_ZW=F_d10;1400;ASH_COATED_OSMIUM;9896;17;9894;17;;;9908;9;9911;24;;;9902.0;0.0
yf_ZW=F_d10;1400;INTARIAN_PEPPER_ROOT;11290;12;11288;21;;;11297;15;11301;18;;;11293.5;0.0
yf_ZW=F_d10;1500;ASH_COATED_OSMIUM;9899;15;9896;13;;;9905;10;9907;15;;;9902.0;0.0
yf_ZW=F_d10;1500;INTARIAN_PEPPER_ROOT;11291;11;11287;20;;;11297;5;11299;25;;;11294.0;0.0
yf_ZW=F_d10;1600;ASH_COATED_OSMIUM;9899;11;9896;23;;;9905;12;9909;21;;;9902.0;0.0
yf_ZW=F_d10;1600;INTARIAN_PEPPER_ROOT;11289;12;11287;14;;;11302;10;11305;16;;;11295.5;0.0
yf_ZW=F_d10;1700;ASH_COATED_OSMIUM;9900;10;9898;18;;;9906;9;9908;16;;;9903.0;0.0
yf_ZW=F_d10;1700;INTARIAN_PEPPER_ROOT;11294;16;11292;17;;;11300;17;11304;28;;;11297.0;0.0
yf_ZW=F_d10;1800;ASH_COATED_OSMIUM;9899;14;9895;23;;;9905;15;9907;22;;;9902.0;0.0
yf_ZW=F_d10;1800;INTARIAN_PEPPER_ROOT;11294;20;11290;15;;;11300;12;11304;27;;;11297.0;0.0
yf_ZW=F_d10;1900;ASH_COATED_OSMIUM;9899;8;9896;29;;;9905;23;9909;17;;;9902.0;0.0
yf_ZW=F_d10;1900;INTARIAN_PEPPER_ROOT;11296;8;11293;13;;;11302;8;11304;13;;;11299.0;0.0
yf_ZW=F_d10;2000;ASH_COATED_OSMIUM;9898;14;9894;16;;;9908;10;9912;19;;;9903.0;0.0
yf_ZW=F_d10;2000;INTARIAN_PEPPER_ROOT;11297;19;11294;14;;;11303;21;11307;22;;;11300.0;0.0
yf_ZW=F_d10;2100;ASH_COATED_OSMIUM;9900;6;9896;26;;;9906;19;9910;17;;;9903.0;0.0
yf_ZW=F_d10;2100;INTARIAN_PEPPER_ROOT;11298;16;11296;21;;;11305;16;11308;28;;;11301.5;0.0
yf_ZW=F_d10;2200;ASH_COATED_OSMIUM;9900;13;9897;29;;;9906;19;9910;17;;;9903.0;0.0
yf_ZW=F_d10;2200;INTARIAN_PEPPER_ROOT;11295;20;11291;16;;;11309;15;11311;31;;;11302.0;0.0
yf_ZW=F_d10;2300;ASH_COATED_OSMIUM;9900;15;9898;13;;;9906;21;9909;15;;;9903.0;0.0
yf_ZW=F_d10;2300;INTARIAN_PEPPER_ROOT;11298;17;11295;20;;;11308;13;11310;19;;;11303.0;0.0
yf_ZW=F_d10;2400;ASH_COATED_OSMIUM;9894;15;9891;19;;;9911;21;9913;22;;;9902.5;0.0
yf_ZW=F_d10;2400;INTARIAN_PEPPER_ROOT;11298;16;11296;23;;;11310;10;11312;20;;;11304.0;0.0
yf_ZW=F_d10;2500;ASH_COATED_OSMIUM;9900;7;9897;16;;;9906;12;9909;22;;;9903.0;0.0
yf_ZW=F_d10;2500;INTARIAN_PEPPER_ROOT;11302;13;11299;24;;;11308;17;11312;25;;;11305.0;0.0
yf_ZW=F_d10;2600;ASH_COATED_OSMIUM;9900;14;9896;20;;;9906;11;9909;22;;;9903.0;0.0
yf_ZW=F_d10;2600;INTARIAN_PEPPER_ROOT;11304;11;11302;28;;;11310;7;11312;22;;;11307.0;0.0
yf_ZW=F_d10;2700;ASH_COATED_OSMIUM;9900;12;9898;15;;;9906;9;9910;26;;;9903.0;0.0
yf_ZW=F_d10;2700;INTARIAN_PEPPER_ROOT;11305;15;11301;20;;;11311;15;11314;11;;;11308.0;0.0
yf_ZW=F_d10;2800;ASH_COATED_OSMIUM;9899;8;9895;17;;;9906;16;9909;19;;;9902.5;0.0
yf_ZW=F_d10;2800;INTARIAN_PEPPER_ROOT;11298;22;11294;16;;;11319;7;11322;24;;;11308.5;0.0
yf_ZW=F_d10;2900;ASH_COATED_OSMIUM;9894;19;9890;25;;;9912;11;9915;20;;;9903.0;0.0
yf_ZW=F_d10;2900;INTARIAN_PEPPER_ROOT;11306;15;11304;17;;;11312;11;11315;22;;;11309.0;0.0
yf_ZW=F_d10;3000;ASH_COATED_OSMIUM;9900;5;9898;25;;;9906;7;9910;33;;;9903.0;0.0
yf_ZW=F_d10;3000;INTARIAN_PEPPER_ROOT;11307;10;11303;22;;;11313;13;11317;19;;;11310.0;0.0
yf_ZW=F_d10;3100;ASH_COATED_OSMIUM;9900;14;9897;14;;;9906;6;9909;17;;;9903.0;0.0
yf_ZW=F_d10;3100;INTARIAN_PEPPER_ROOT;11309;18;11305;13;;;11315;19;11318;23;;;11312.0;0.0
yf_ZW=F_d10;3200;ASH_COATED_OSMIUM;9901;12;9899;18;;;9907;20;9910;25;;;9904.0;0.0
yf_ZW=F_d10;3200;INTARIAN_PEPPER_ROOT;11309;15;11305;19;;;11315;11;11319;11;;;11312.0;0.0
yf_ZW=F_d10;3300;ASH_COATED_OSMIUM;9901;26;9897;17;;;9907;16;9910;15;;;9904.0;0.0
yf_ZW=F_d10;3300;INTARIAN_PEPPER_ROOT;11304;11;11301;31;;;11323;9;11327;9;;;11313.5;0.0
yf_ZW=F_d10;3400;ASH_COATED_OSMIUM;9901;16;9899;15;;;9907;14;9909;16;;;9904.0;0.0
yf_ZW=F_d10;3400;INTARIAN_PEPPER_ROOT;11309;16;11305;18;;;11321;9;11325;13;;;11315.0;0.0
yf_ZW=F_d10;3500;ASH_COATED_OSMIUM;9899;20;9897;21;;;9908;14;9912;21;;;9903.5;0.0
yf_ZW=F_d10;3500;INTARIAN_PEPPER_ROOT;11308;19;11305;24;;;11324;12;11328;20;;;11316.0;0.0
yf_ZW=F_d10;3600;ASH_COATED_OSMIUM;9898;8;9894;18;;;9909;13;9913;16;;;9903.5;0.0
yf_ZW=F_d10;3600;INTARIAN_PEPPER_ROOT;11308;16;11306;17;;;11325;14;11328;18;;;11316.5;0.0
yf_ZW=F_d10;3700;ASH_COATED_OSMIUM;9895;21;9892;20;;;9913;14;9915;18;;;9904.0;0.0
yf_ZW=F_d10;3700;INTARIAN_PEPPER_ROOT;11315;9;11313;20;;;11321;15;11324;23;;;11318.0;0.0
yf_ZW=F_d10;3800;ASH_COATED_OSMIUM;9901;23;9899;21;;;9907;20;9911;21;;;9904.0;0.0
yf_ZW=F_d10;3800;INTARIAN_PEPPER_ROOT;11310;14;11307;18;;;11328;19;11332;16;;;11319.0;0.0
yf_ZW=F_d10;3900;ASH_COATED_OSMIUM;9902;14;9900;29;;;9908;16;9912;24;;;9905.0;0.0
yf_ZW=F_d10;3900;INTARIAN_PEPPER_ROOT;11315;18;11311;25;;;11326;14;11328;13;;;11320.5;0.0
yf_ZW=F_d10;4000;ASH_COATED_OSMIUM;9901;7;9897;16;;;9909;17;9913;23;;;9905.0;0.0
yf_ZW=F_d10;4000;INTARIAN_PEPPER_ROOT;11318;15;11314;20;;;11324;16;11327;22;;;11321.0;0.0
yf_ZW=F_d10;4100;ASH_COATED_OSMIUM;9901;19;9898;17;;;9907;15;9910;29;;;9904.0;0.0
yf_ZW=F_d10;4100;INTARIAN_PEPPER_ROOT;11320;21;11318;26;;;11326;17;11329;23;;;11323.0;0.0
yf_ZW=F_d10;4200;ASH_COATED_OSMIUM;9901;11;9899;27;;;9908;22;9911;22;;;9904.5;0.0
yf_ZW=F_d10;4200;INTARIAN_PEPPER_ROOT;11317;24;11315;24;;;11331;6;11334;15;;;11324.0;0.0
yf_ZW=F_d10;4300;ASH_COATED_OSMIUM;9902;11;9899;24;;;9908;19;9910;18;;;9905.0;0.0
yf_ZW=F_d10;4300;INTARIAN_PEPPER_ROOT;11322;23;11318;23;;;11328;13;11330;10;;;11325.0;0.0
yf_ZW=F_d10;4400;ASH_COATED_OSMIUM;9901;16;9898;22;;;9909;16;9911;23;;;9905.0;0.0
yf_ZW=F_d10;4400;INTARIAN_PEPPER_ROOT;11314;13;11311;17;;;11336;20;11339;19;;;11325.0;0.0
yf_ZW=F_d10;4500;ASH_COATED_OSMIUM;9902;11;9899;23;;;9908;5;9911;27;;;9905.0;0.0
yf_ZW=F_d10;4500;INTARIAN_PEPPER_ROOT;11324;12;11321;27;;;11330;20;11334;9;;;11327.0;0.0
yf_ZW=F_d10;4600;ASH_COATED_OSMIUM;9891;18;9888;21;;;9920;10;9923;13;;;9905.5;0.0
yf_ZW=F_d10;4600;INTARIAN_PEPPER_ROOT;11324;18;11322;10;;;11330;20;11333;19;;;11327.0;0.0
yf_ZW=F_d10;4700;ASH_COATED_OSMIUM;9881;12;9879;18;;;9930;14;9933;19;;;9905.5;0.0
yf_ZW=F_d10;4700;INTARIAN_PEPPER_ROOT;11327;19;11324;10;;;11333;16;11335;14;;;11330.0;0.0
yf_ZW=F_d10;4800;ASH_COATED_OSMIUM;9901;14;9898;21;;;9909;16;9911;16;;;9905.0;0.0
yf_ZW=F_d10;4800;INTARIAN_PEPPER_ROOT;11324;16;11322;22;;;11336;15;11339;29;;;11330.0;0.0
yf_ZW=F_d10;4900;ASH_COATED_OSMIUM;9902;5;9898;16;;;9908;6;9912;17;;;9905.0;0.0
yf_ZW=F_d10;4900;INTARIAN_PEPPER_ROOT;11328;20;11325;16;;;11334;13;11337;16;;;11331.0;0.0
yf_ZW=F_d10;5000;ASH_COATED_OSMIUM;9901;10;9897;20;;;9910;8;9914;24;;;9905.5;0.0
yf_ZW=F_d10;5000;INTARIAN_PEPPER_ROOT;11330;15;11327;17;;;11336;9;11339;26;;;11333.0;0.0
yf_ZW=F_d10;5100;ASH_COATED_OSMIUM;9902;19;9900;27;;;9910;17;9912;22;;;9906.0;0.0
yf_ZW=F_d10;5100;INTARIAN_PEPPER_ROOT;11328;11;11324;17;;;11339;14;11343;22;;;11333.5;0.0
yf_ZW=F_d10;5200;ASH_COATED_OSMIUM;9902;6;9898;18;;;9908;11;9910;24;;;9905.0;0.0
yf_ZW=F_d10;5200;INTARIAN_PEPPER_ROOT;11331;18;11327;16;;;11339;13;11341;19;;;11335.0;0.0
yf_ZW=F_d10;5300;ASH_COATED_OSMIUM;9902;23;9899;23;;;9908;17;9911;16;;;9905.0;0.0
yf_ZW=F_d10;5300;INTARIAN_PEPPER_ROOT;11332;19;11329;18;;;11338;16;11341;21;;;11335.0;0.0
yf_ZW=F_d10;5400;ASH_COATED_OSMIUM;9902;13;9900;18;;;9910;7;9912;21;;;9906.0;0.0
yf_ZW=F_d10;5400;INTARIAN_PEPPER_ROOT;11334;21;11330;26;;;11340;17;11342;24;;;11337.0;0.0
yf_ZW=F_d10;5500;ASH_COATED_OSMIUM;9903;23;9901;10;;;9909;16;9913;22;;;9906.0;0.0
yf_ZW=F_d10;5500;INTARIAN_PEPPER_ROOT;11331;11;11327;16;;;11345;5;11349;22;;;11338.0;0.0
yf_ZW=F_d10;5600;ASH_COATED_OSMIUM;9903;9;9900;14;;;9909;11;9911;20;;;9906.0;0.0
yf_ZW=F_d10;5600;INTARIAN_PEPPER_ROOT;11331;12;11328;17;;;11346;10;11349;15;;;11338.5;0.0
yf_ZW=F_d10;5700;ASH_COATED_OSMIUM;9904;13;9901;14;;;9910;21;9914;8;;;9907.0;0.0
yf_ZW=F_d10;5700;INTARIAN_PEPPER_ROOT;11338;12;11335;27;;;11344;10;11347;9;;;11341.0;0.0
yf_ZW=F_d10;5800;ASH_COATED_OSMIUM;9902;14;9900;21;;;9912;10;9916;20;;;9907.0;0.0
yf_ZW=F_d10;5800;INTARIAN_PEPPER_ROOT;11331;10;11329;21;;;11351;7;11353;10;;;11341.0;0.0
yf_ZW=F_d10;5900;ASH_COATED_OSMIUM;9904;11;9901;10;;;9910;20;9912;18;;;9907.0;0.0
yf_ZW=F_d10;5900;INTARIAN_PEPPER_ROOT;11338;18;11334;23;;;11347;15;11349;21;;;11342.5;0.0
yf_ZW=F_d10;6000;ASH_COATED_OSMIUM;9902;17;9899;9;;;9911;19;9915;13;;;9906.5;0.0
yf_ZW=F_d10;6000;INTARIAN_PEPPER_ROOT;11327;18;11323;21;;;11359;15;11361;16;;;11343.0;0.0
yf_ZW=F_d10;6100;ASH_COATED_OSMIUM;9904;15;9901;10;;;9910;19;9912;26;;;9907.0;0.0
yf_ZW=F_d10;6100;INTARIAN_PEPPER_ROOT;11341;15;11338;14;;;11348;12;11352;12;;;11344.5;0.0
yf_ZW=F_d10;6200;ASH_COATED_OSMIUM;9891;16;9888;20;;;9922;22;9925;24;;;9906.5;0.0
yf_ZW=F_d10;6200;INTARIAN_PEPPER_ROOT;11340;9;11337;19;;;11351;22;11353;20;;;11345.5;0.0
yf_ZW=F_d10;6300;ASH_COATED_OSMIUM;9904;8;9902;16;;;9910;8;9913;22;;;9907.0;0.0
yf_ZW=F_d10;6300;INTARIAN_PEPPER_ROOT;11343;11;11340;8;;;11349;12;11353;29;;;11346.0;0.0
yf_ZW=F_d10;6400;ASH_COATED_OSMIUM;9904;11;9902;25;;;9910;8;9913;19;;;9907.0;0.0
yf_ZW=F_d10;6400;INTARIAN_PEPPER_ROOT;11344;8;11341;17;;;11350;16;11353;19;;;11347.0;0.0
yf_ZW=F_d10;6500;ASH_COATED_OSMIUM;9903;17;9901;20;;;9909;22;9913;23;;;9906.0;0.0
yf_ZW=F_d10;6500;INTARIAN_PEPPER_ROOT;11344;10;11341;13;;;11354;11;11356;21;;;11349.0;0.0
yf_ZW=F_d10;6600;ASH_COATED_OSMIUM;9904;8;9902;28;;;9910;12;9913;20;;;9907.0;0.0
yf_ZW=F_d10;6600;INTARIAN_PEPPER_ROOT;11346;13;11343;14;;;11352;18;11354;21;;;11349.0;0.0
yf_ZW=F_d10;6700;ASH_COATED_OSMIUM;9904;9;9902;18;;;9910;24;9913;19;;;9907.0;0.0
yf_ZW=F_d10;6700;INTARIAN_PEPPER_ROOT;11348;13;11345;21;;;11354;20;11358;18;;;11351.0;0.0
yf_ZW=F_d10;6800;ASH_COATED_OSMIUM;9903;13;9900;24;;;9909;7;9912;21;;;9906.0;0.0
yf_ZW=F_d10;6800;INTARIAN_PEPPER_ROOT;11342;16;11340;24;;;11363;25;11367;23;;;11352.5;0.0
yf_ZW=F_d10;6900;ASH_COATED_OSMIUM;9904;15;9900;21;;;9910;16;9914;19;;;9907.0;0.0
yf_ZW=F_d10;6900;INTARIAN_PEPPER_ROOT;11350;17;11347;13;;;11356;17;11360;25;;;11353.0;0.0
yf_ZW=F_d10;7000;ASH_COATED_OSMIUM;9904;11;9902;15;;;9910;20;9913;17;;;9907.0;0.0
yf_ZW=F_d10;7000;INTARIAN_PEPPER_ROOT;11348;19;11344;17;;;11361;14;11363;16;;;11354.5;0.0
yf_ZW=F_d10;7100;ASH_COATED_OSMIUM;9905;19;9901;17;;;9911;13;9915;22;;;9908.0;0.0
yf_ZW=F_d10;7100;INTARIAN_PEPPER_ROOT;11353;14;11350;17;;;11359;16;11362;27;;;11356.0;0.0
yf_ZW=F_d10;7200;ASH_COATED_OSMIUM;9905;17;9902;18;;;9911;14;9914;20;;;9908.0;0.0
yf_ZW=F_d10;7200;INTARIAN_PEPPER_ROOT;11353;15;11351;30;;;11359;13;11361;12;;;11356.0;0.0
yf_ZW=F_d10;7300;ASH_COATED_OSMIUM;9893;24;9891;20;;;9921;11;9925;22;;;9907.0;0.0
yf_ZW=F_d10;7300;INTARIAN_PEPPER_ROOT;11354;18;11352;19;;;11360;9;11362;11;;;11357.0;0.0
yf_ZW=F_d10;7400;ASH_COATED_OSMIUM;9905;24;9902;14;;;9911;19;9913;18;;;9908.0;0.0
yf_ZW=F_d10;7400;INTARIAN_PEPPER_ROOT;11356;16;11352;15;;;11362;8;11366;16;;;11359.0;0.0
yf_ZW=F_d10;7500;ASH_COATED_OSMIUM;9905;14;9903;23;;;9911;8;9913;19;;;9908.0;0.0
yf_ZW=F_d10;7500;INTARIAN_PEPPER_ROOT;11357;11;11353;16;;;11363;22;11365;15;;;11360.0;0.0
yf_ZW=F_d10;7600;ASH_COATED_OSMIUM;9904;13;9901;19;;;9913;5;9916;8;;;9908.5;0.0
yf_ZW=F_d10;7600;INTARIAN_PEPPER_ROOT;11346;5;11342;17;;;11374;12;11378;20;;;11360.0;0.0
yf_ZW=F_d10;7700;ASH_COATED_OSMIUM;9892;21;9890;25;;;9923;7;9925;22;;;9907.5;0.0
yf_ZW=F_d10;7700;INTARIAN_PEPPER_ROOT;11358;14;11356;21;;;11366;12;11368;21;;;11362.0;0.0
yf_ZW=F_d10;7800;ASH_COATED_OSMIUM;9904;9;9900;24;;;9911;14;9913;19;;;9907.5;0.0
yf_ZW=F_d10;7800;INTARIAN_PEPPER_ROOT;11359;24;11356;23;;;11366;13;11370;21;;;11362.5;0.0
yf_ZW=F_d10;7900;ASH_COATED_OSMIUM;9904;14;9901;22;;;9913;19;9916;20;;;9908.5;0.0
yf_ZW=F_d10;7900;INTARIAN_PEPPER_ROOT;11361;6;11358;16;;;11367;12;11371;21;;;11364.0;0.0
yf_ZW=F_d10;8000;ASH_COATED_OSMIUM;9899;17;9897;22;;;9918;22;9921;17;;;9908.5;0.0
yf_ZW=F_d10;8000;INTARIAN_PEPPER_ROOT;11362;20;11360;21;;;11368;18;11371;15;;;11365.0;0.0
yf_ZW=F_d10;8100;ASH_COATED_OSMIUM;9904;12;9900;19;;;9913;20;9916;31;;;9908.5;0.0
yf_ZW=F_d10;8100;INTARIAN_PEPPER_ROOT;11362;16;11359;22;;;11371;12;11374;16;;;11366.5;0.0
yf_ZW=F_d10;8200;ASH_COATED_OSMIUM;9905;5;9901;29;;;9911;29;9915;21;;;9908.0;0.0
yf_ZW=F_d10;8200;INTARIAN_PEPPER_ROOT;11364;13;11362;24;;;11370;12;11374;27;;;11367.0;0.0
yf_ZW=F_d10;8300;ASH_COATED_OSMIUM;9905;19;9903;14;;;9913;9;9917;17;;;9909.0;0.0
yf_ZW=F_d10;8300;INTARIAN_PEPPER_ROOT;11363;20;11360;16;;;11373;8;11375;20;;;11368.0;0.0
yf_ZW=F_d10;8400;ASH_COATED_OSMIUM;9906;18;9903;23;;;9912;14;9916;12;;;9909.0;0.0
yf_ZW=F_d10;8400;INTARIAN_PEPPER_ROOT;11360;12;11358;9;;;11380;5;11383;13;;;11370.0;0.0
yf_ZW=F_d10;8500;ASH_COATED_OSMIUM;9905;18;9901;17;;;9911;14;9914;11;;;9908.0;0.0
yf_ZW=F_d10;8500;INTARIAN_PEPPER_ROOT;11367;17;11365;23;;;11373;8;11375;19;;;11370.0;0.0
yf_ZW=F_d10;8600;ASH_COATED_OSMIUM;9906;5;9903;22;;;9912;10;9914;19;;;9909.0;0.0
yf_ZW=F_d10;8600;INTARIAN_PEPPER_ROOT;11366;10;11364;22;;;11377;15;11381;15;;;11371.5;0.0
yf_ZW=F_d10;8700;ASH_COATED_OSMIUM;9907;10;9905;13;;;9913;14;9916;21;;;9910.0;0.0
yf_ZW=F_d10;8700;INTARIAN_PEPPER_ROOT;11365;5;11362;19;;;11381;14;11385;26;;;11373.0;0.0
yf_ZW=F_d10;8800;ASH_COATED_OSMIUM;9905;16;9903;18;;;9913;26;9916;22;;;9909.0;0.0
yf_ZW=F_d10;8800;INTARIAN_PEPPER_ROOT;11370;9;11368;21;;;11376;13;11379;12;;;11373.0;0.0
yf_ZW=F_d10;8900;ASH_COATED_OSMIUM;9900;14;9896;20;;;9918;14;9921;21;;;9909.0;0.0
yf_ZW=F_d10;8900;INTARIAN_PEPPER_ROOT;11372;10;11368;18;;;11378;13;11381;14;;;11375.0;0.0
yf_ZW=F_d10;9000;ASH_COATED_OSMIUM;9902;16;9900;20;;;9917;7;9921;8;;;9909.5;0.0
yf_ZW=F_d10;9000;INTARIAN_PEPPER_ROOT;11373;8;11371;13;;;11379;22;11381;12;;;11376.0;0.0
yf_ZW=F_d10;9100;ASH_COATED_OSMIUM;9902;8;9900;23;;;9917;22;9920;19;;;9909.5;0.0
yf_ZW=F_d10;9100;INTARIAN_PEPPER_ROOT;11374;11;11371;16;;;11380;16;11384;16;;;11377.0;0.0
yf_ZW=F_d10;9200;ASH_COATED_OSMIUM;9907;10;9905;15;;;9913;15;9916;18;;;9910.0;0.0
yf_ZW=F_d10;9200;INTARIAN_PEPPER_ROOT;11368;13;11366;20;;;11389;17;11393;21;;;11378.5;0.0
yf_ZW=F_d10;9300;ASH_COATED_OSMIUM;9907;20;9903;18;;;9913;15;9916;20;;;9910.0;0.0
yf_ZW=F_d10;9300;INTARIAN_PEPPER_ROOT;11365;19;11363;24;;;11392;8;11394;22;;;11378.5;0.0
yf_ZW=F_d10;9400;ASH_COATED_OSMIUM;9906;9;9903;10;;;9914;5;9917;18;;;9910.0;0.0
yf_ZW=F_d10;9400;INTARIAN_PEPPER_ROOT;11377;11;11374;20;;;11383;18;11387;22;;;11380.0;0.0
yf_ZW=F_d10;9500;ASH_COATED_OSMIUM;9898;17;9895;26;;;9921;24;9925;24;;;9909.5;0.0
yf_ZW=F_d10;9500;INTARIAN_PEPPER_ROOT;11371;19;11367;15;;;11390;19;11393;18;;;11380.5;0.0
yf_ZW=F_d10;9600;ASH_COATED_OSMIUM;9907;16;9905;13;;;9914;15;9918;31;;;9910.5;0.0
yf_ZW=F_d10;9600;INTARIAN_PEPPER_ROOT;11377;5;11374;25;;;11388;5;11391;26;;;11382.5;0.0
yf_ZW=F_d10;9700;ASH_COATED_OSMIUM;9907;17;9903;20;;;9913;12;9915;13;;;9910.0;0.0
yf_ZW=F_d10;9700;INTARIAN_PEPPER_ROOT;11381;6;11378;17;;;11387;18;11390;23;;;11384.0;0.0
yf_ZW=F_d10;9800;ASH_COATED_OSMIUM;9907;12;9904;17;;;9913;19;9917;25;;;9910.0;0.0
yf_ZW=F_d10;9800;INTARIAN_PEPPER_ROOT;11382;9;11379;22;;;11388;25;11390;26;;;11385.0;0.0
yf_ZW=F_d10;9900;ASH_COATED_OSMIUM;9907;12;9904;16;;;9913;19;9916;22;;;9910.0;0.0
yf_ZW=F_d10;9900;INTARIAN_PEPPER_ROOT;11382;13;11378;18;;;11388;14;11390;26;;;11385.0;0.0
yf_ZW=F_d10;10000;ASH_COATED_OSMIUM;9907;12;9904;19;;;9913;17;9917;19;;;9910.0;0.0
yf_ZW=F_d10;10000;INTARIAN_PEPPER_ROOT;11384;12;11382;21;;;11390;18;11392;27;;;11387.0;0.0
yf_ZW=F_d10;10100;ASH_COATED_OSMIUM;9892;16;9889;19;;;9928;17;9931;25;;;9910.0;0.0
yf_ZW=F_d10;10100;INTARIAN_PEPPER_ROOT;11383;18;11379;19;;;11394;20;11397;26;;;11388.5;0.0
yf_ZW=F_d10;10200;ASH_COATED_OSMIUM;9905;15;9901;20;;;9916;18;9919;22;;;9910.5;0.0
yf_ZW=F_d10;10200;INTARIAN_PEPPER_ROOT;11386;14;11382;22;;;11392;6;11396;19;;;11389.0;0.0
yf_ZW=F_d10;10300;ASH_COATED_OSMIUM;9907;17;9903;11;;;9913;9;9915;26;;;9910.0;0.0
yf_ZW=F_d10;10300;INTARIAN_PEPPER_ROOT;11384;16;11381;30;;;11396;6;11398;8;;;11390.0;0.0
yf_ZW=F_d10;10400;ASH_COATED_OSMIUM;9908;18;9906;16;;;9914;11;9916;21;;;9911.0;0.0
yf_ZW=F_d10;10400;INTARIAN_PEPPER_ROOT;11385;17;11383;22;;;11396;15;11400;22;;;11390.5;0.0
yf_ZW=F_d10;10500;ASH_COATED_OSMIUM;9899;25;9895;24;;;9921;19;9925;19;;;9910.0;0.0
yf_ZW=F_d10;10500;INTARIAN_PEPPER_ROOT;11384;19;11381;16;;;11401;18;11405;14;;;11392.5;0.0
yf_ZW=F_d10;10600;ASH_COATED_OSMIUM;9908;17;9906;19;;;9914;19;9917;15;;;9911.0;0.0
yf_ZW=F_d10;10600;INTARIAN_PEPPER_ROOT;11390;13;11387;23;;;11396;20;11398;20;;;11393.0;0.0
yf_ZW=F_d10;10700;ASH_COATED_OSMIUM;9901;12;9897;19;;;9921;24;9923;20;;;9911.0;0.0
yf_ZW=F_d10;10700;INTARIAN_PEPPER_ROOT;11391;18;11387;14;;;11397;15;11401;23;;;11394.0;0.0
yf_ZW=F_d10;10800;ASH_COATED_OSMIUM;9908;13;9904;14;;;9914;23;9918;17;;;9911.0;0.0
yf_ZW=F_d10;10800;INTARIAN_PEPPER_ROOT;11392;14;11390;14;;;11399;12;11403;24;;;11395.5;0.0
yf_ZW=F_d10;10900;ASH_COATED_OSMIUM;9909;10;9905;25;;;9915;5;9919;25;;;9912.0;0.0
yf_ZW=F_d10;10900;INTARIAN_PEPPER_ROOT;11393;17;11391;22;;;11399;19;11401;24;;;11396.0;0.0
yf_ZW=F_d10;11000;ASH_COATED_OSMIUM;9905;7;9901;16;;;9917;8;9919;17;;;9911.0;0.0
yf_ZW=F_d10;11000;INTARIAN_PEPPER_ROOT;11392;16;11390;20;;;11402;19;11404;21;;;11397.0;0.0
yf_ZW=F_d10;11100;ASH_COATED_OSMIUM;9906;13;9902;24;;;9915;13;9919;18;;;9910.5;0.0
yf_ZW=F_d10;11100;INTARIAN_PEPPER_ROOT;11396;5;11392;21;;;11402;8;11405;17;;;11399.0;0.0
yf_ZW=F_d10;11200;ASH_COATED_OSMIUM;9905;19;9901;23;;;9918;19;9922;19;;;9911.5;0.0
yf_ZW=F_d10;11200;INTARIAN_PEPPER_ROOT;11394;12;11391;22;;;11404;10;11407;18;;;11399.0;0.0
yf_ZW=F_d10;11300;ASH_COATED_OSMIUM;9905;5;9903;16;;;9917;20;9921;13;;;9911.0;0.0
yf_ZW=F_d10;11300;INTARIAN_PEPPER_ROOT;11398;25;11395;16;;;11404;12;11408;15;;;11401.0;0.0
yf_ZW=F_d10;11400;ASH_COATED_OSMIUM;9904;9;9901;15;;;9918;20;9920;22;;;9911.0;0.0
yf_ZW=F_d10;11400;INTARIAN_PEPPER_ROOT;11399;19;11396;19;;;11405;17;11407;15;;;11402.0;0.0
yf_ZW=F_d10;11500;ASH_COATED_OSMIUM;9909;18;9906;15;;;9915;7;9918;27;;;9912.0;0.0
yf_ZW=F_d10;11500;INTARIAN_PEPPER_ROOT;11400;13;11398;21;;;11406;16;11408;25;;;11403.0;0.0
yf_ZW=F_d10;11600;ASH_COATED_OSMIUM;9909;13;9906;26;;;9915;16;9917;19;;;9912.0;0.0
yf_ZW=F_d10;11600;INTARIAN_PEPPER_ROOT;11401;14;11399;14;;;11407;17;11410;24;;;11404.0;0.0
yf_ZW=F_d10;11700;ASH_COATED_OSMIUM;9901;19;9899;14;;;9924;5;9926;24;;;9912.5;0.0
yf_ZW=F_d10;11700;INTARIAN_PEPPER_ROOT;11399;10;11396;15;;;11410;11;11413;23;;;11404.5;0.0
yf_ZW=F_d10;11800;ASH_COATED_OSMIUM;9909;16;9907;17;;;9915;11;9918;25;;;9912.0;0.0
yf_ZW=F_d10;11800;INTARIAN_PEPPER_ROOT;11403;12;11401;28;;;11409;15;11413;27;;;11406.0;0.0
yf_ZW=F_d10;11900;ASH_COATED_OSMIUM;9907;17;9904;19;;;9916;13;9920;20;;;9911.5;0.0
yf_ZW=F_d10;11900;INTARIAN_PEPPER_ROOT;11404;16;11400;11;;;11410;12;11414;20;;;11407.0;0.0
yf_ZW=F_d10;12000;ASH_COATED_OSMIUM;9909;11;9906;16;;;9915;14;9918;19;;;9912.0;0.0
yf_ZW=F_d10;12000;INTARIAN_PEPPER_ROOT;11406;9;11404;20;;;11412;15;11414;15;;;11409.0;0.0
yf_ZW=F_d10;12100;ASH_COATED_OSMIUM;9908;12;9905;19;;;9917;15;9921;18;;;9912.5;0.0
yf_ZW=F_d10;12100;INTARIAN_PEPPER_ROOT;11404;15;11402;12;;;11414;12;11416;17;;;11409.0;0.0
yf_ZW=F_d10;12200;ASH_COATED_OSMIUM;9909;13;9907;20;;;9915;5;9919;21;;;9912.0;0.0
yf_ZW=F_d10;12200;INTARIAN_PEPPER_ROOT;11407;16;11405;22;;;11413;14;11417;20;;;11410.0;0.0
yf_ZW=F_d10;12300;ASH_COATED_OSMIUM;9905;9;9903;24;;;9919;23;9921;11;;;9912.0;0.0
yf_ZW=F_d10;12300;INTARIAN_PEPPER_ROOT;11407;24;11404;14;;;11417;13;11421;17;;;11412.0;0.0
yf_ZW=F_d10;12400;ASH_COATED_OSMIUM;9899;11;9896;17;;;9926;5;9929;18;;;9912.5;0.0
yf_ZW=F_d10;12400;INTARIAN_PEPPER_ROOT;11410;13;11407;18;;;11416;15;11420;19;;;11413.0;0.0
yf_ZW=F_d10;12500;ASH_COATED_OSMIUM;9906;16;9903;11;;;9919;21;9923;17;;;9912.5;0.0
yf_ZW=F_d10;12500;INTARIAN_PEPPER_ROOT;11411;15;11408;24;;;11417;9;11420;29;;;11414.0;0.0
yf_ZW=F_d10;12600;ASH_COATED_OSMIUM;9903;11;9899;21;;;9923;10;9927;21;;;9913.0;0.0
yf_ZW=F_d10;12600;INTARIAN_PEPPER_ROOT;11409;14;11405;13;;;11421;14;11424;29;;;11415.0;0.0
yf_ZW=F_d10;12700;ASH_COATED_OSMIUM;9910;15;9907;15;;;9916;16;9920;24;;;9913.0;0.0
yf_ZW=F_d10;12700;INTARIAN_PEPPER_ROOT;11413;20;11411;8;;;11419;17;11423;20;;;11416.0;0.0
yf_ZW=F_d10;12800;ASH_COATED_OSMIUM;9906;7;9902;15;;;9919;19;9921;21;;;9912.5;0.0
yf_ZW=F_d10;12800;INTARIAN_PEPPER_ROOT;11415;14;11412;19;;;11421;15;11425;8;;;11418.0;0.0
yf_ZW=F_d10;12900;ASH_COATED_OSMIUM;9909;14;9906;15;;;9918;8;9921;21;;;9913.5;0.0
yf_ZW=F_d10;12900;INTARIAN_PEPPER_ROOT;11416;18;11412;10;;;11422;5;11426;24;;;11419.0;0.0
yf_ZW=F_d10;13000;ASH_COATED_OSMIUM;9910;18;9906;18;;;9916;9;9920;17;;;9913.0;0.0
yf_ZW=F_d10;13000;INTARIAN_PEPPER_ROOT;11416;6;11413;21;;;11422;12;11426;26;;;11419.0;0.0
yf_ZW=F_d10;13100;ASH_COATED_OSMIUM;9906;14;9903;12;;;9921;20;9925;15;;;9913.5;0.0
yf_ZW=F_d10;13100;INTARIAN_PEPPER_ROOT;11414;17;11410;17;;;11426;19;11429;20;;;11420.0;0.0
yf_ZW=F_d10;13200;ASH_COATED_OSMIUM;9909;11;9907;18;;;9918;13;9920;13;;;9913.5;0.0
yf_ZW=F_d10;13200;INTARIAN_PEPPER_ROOT;11413;21;11411;20;;;11430;16;11434;23;;;11421.5;0.0
yf_ZW=F_d10;13300;ASH_COATED_OSMIUM;9911;28;9909;18;;;9917;11;9921;21;;;9914.0;0.0
yf_ZW=F_d10;13300;INTARIAN_PEPPER_ROOT;11411;14;11408;28;;;11435;16;11438;13;;;11423.0;0.0
yf_ZW=F_d10;13400;ASH_COATED_OSMIUM;9909;25;9905;15;;;9918;21;9922;11;;;9913.5;0.0
yf_ZW=F_d10;13400;INTARIAN_PEPPER_ROOT;11421;12;11417;14;;;11427;8;11430;13;;;11424.0;0.0
yf_ZW=F_d10;13500;ASH_COATED_OSMIUM;9911;14;9909;17;;;9917;5;9919;23;;;9914.0;0.0
yf_ZW=F_d10;13500;INTARIAN_PEPPER_ROOT;11422;19;11418;14;;;11428;5;11430;20;;;11425.0;0.0
yf_ZW=F_d10;13600;ASH_COATED_OSMIUM;9910;11;9906;19;;;9917;15;9920;21;;;9913.5;0.0
yf_ZW=F_d10;13600;INTARIAN_PEPPER_ROOT;11423;18;11421;19;;;11429;12;11431;21;;;11426.0;0.0
yf_ZW=F_d10;13700;ASH_COATED_OSMIUM;9911;19;9909;19;;;9917;16;9919;18;;;9914.0;0.0
yf_ZW=F_d10;13700;INTARIAN_PEPPER_ROOT;11419;17;11416;19;;;11435;13;11437;12;;;11427.0;0.0
yf_ZW=F_d10;13800;ASH_COATED_OSMIUM;9911;14;9907;25;;;9918;11;9920;21;;;9914.5;0.0
yf_ZW=F_d10;13800;INTARIAN_PEPPER_ROOT;11413;16;11409;24;;;11444;18;11447;9;;;11428.5;0.0
yf_ZW=F_d10;13900;ASH_COATED_OSMIUM;9911;12;9908;25;;;9917;15;9920;19;;;9914.0;0.0
yf_ZW=F_d10;13900;INTARIAN_PEPPER_ROOT;11426;26;11424;21;;;11432;12;11436;13;;;11429.0;0.0
yf_ZW=F_d10;14000;ASH_COATED_OSMIUM;9911;18;9909;13;;;9917;11;9920;22;;;9914.0;0.0
yf_ZW=F_d10;14000;INTARIAN_PEPPER_ROOT;11428;20;11426;26;;;11434;17;11436;18;;;11431.0;0.0
yf_ZW=F_d10;14100;ASH_COATED_OSMIUM;9909;23;9906;19;;;9920;21;9922;12;;;9914.5;0.0
yf_ZW=F_d10;14100;INTARIAN_PEPPER_ROOT;11428;18;11426;21;;;11434;20;11438;10;;;11431.0;0.0
yf_ZW=F_d10;14200;ASH_COATED_OSMIUM;9912;20;9908;26;;;9918;18;9921;20;;;9915.0;0.0
yf_ZW=F_d10;14200;INTARIAN_PEPPER_ROOT;11430;16;11426;25;;;11436;14;11438;19;;;11433.0;0.0
yf_ZW=F_d10;14300;ASH_COATED_OSMIUM;9911;26;9907;18;;;9917;12;9921;23;;;9914.0;0.0
yf_ZW=F_d10;14300;INTARIAN_PEPPER_ROOT;11431;13;11427;17;;;11437;11;11440;14;;;11434.0;0.0
yf_ZW=F_d10;14400;ASH_COATED_OSMIUM;9911;11;9908;10;;;9917;18;9919;27;;;9914.0;0.0
yf_ZW=F_d10;14400;INTARIAN_PEPPER_ROOT;11431;17;11427;13;;;11437;14;11439;18;;;11434.0;0.0
yf_ZW=F_d10;14500;ASH_COATED_OSMIUM;9911;14;9908;20;;;9917;18;9919;8;;;9914.0;0.0
yf_ZW=F_d10;14500;INTARIAN_PEPPER_ROOT;11431;16;11428;21;;;11440;9;11443;11;;;11435.5;0.0
yf_ZW=F_d10;14600;ASH_COATED_OSMIUM;9912;11;9908;18;;;9918;12;9920;28;;;9915.0;0.0
yf_ZW=F_d10;14600;INTARIAN_PEPPER_ROOT;11434;19;11432;24;;;11440;17;11443;22;;;11437.0;0.0
yf_ZW=F_d10;14700;ASH_COATED_OSMIUM;9909;18;9906;17;;;9919;20;9923;17;;;9914.0;0.0
yf_ZW=F_d10;14700;INTARIAN_PEPPER_ROOT;11435;14;11431;17;;;11443;9;11445;12;;;11439.0;0.0
yf_ZW=F_d10;14800;ASH_COATED_OSMIUM;9912;20;9908;16;;;9918;22;9922;18;;;9915.0;0.0
yf_ZW=F_d10;14800;INTARIAN_PEPPER_ROOT;11430;9;11427;16;;;11448;17;11452;19;;;11439.0;0.0
yf_ZW=F_d10;14900;ASH_COATED_OSMIUM;9909;20;9907;17;;;9920;5;9923;10;;;9914.5;0.0
yf_ZW=F_d10;14900;INTARIAN_PEPPER_ROOT;11437;17;11435;22;;;11443;13;11445;22;;;11440.0;0.0
yf_ZW=F_d10;15000;ASH_COATED_OSMIUM;9913;17;9909;20;;;9919;14;9921;8;;;9916.0;0.0
yf_ZW=F_d10;15000;INTARIAN_PEPPER_ROOT;11438;22;11436;25;;;11444;5;11447;10;;;11441.0;0.0
yf_ZW=F_d10;15100;ASH_COATED_OSMIUM;9912;11;9910;24;;;9918;8;9921;18;;;9915.0;0.0
yf_ZW=F_d10;15100;INTARIAN_PEPPER_ROOT;11436;12;11433;27;;;11449;11;11451;26;;;11442.5;0.0
yf_ZW=F_d10;15200;ASH_COATED_OSMIUM;9912;7;9909;20;;;9918;7;9922;14;;;9915.0;0.0
yf_ZW=F_d10;15200;INTARIAN_PEPPER_ROOT;11440;15;11436;16;;;11446;24;11450;17;;;11443.0;0.0
yf_ZW=F_d10;15300;ASH_COATED_OSMIUM;9912;21;9908;23;;;9920;13;9922;20;;;9916.0;0.0
yf_ZW=F_d10;15300;INTARIAN_PEPPER_ROOT;11440;10;11437;19;;;11451;11;11454;23;;;11445.5;0.0
yf_ZW=F_d10;15400;ASH_COATED_OSMIUM;9912;13;9909;17;;;9918;15;9922;18;;;9915.0;0.0
yf_ZW=F_d10;15400;INTARIAN_PEPPER_ROOT;11443;16;11440;9;;;11449;16;11452;17;;;11446.0;0.0
yf_ZW=F_d10;15500;ASH_COATED_OSMIUM;9911;14;9908;15;;;9923;16;9927;9;;;9917.0;0.0
yf_ZW=F_d10;15500;INTARIAN_PEPPER_ROOT;11443;12;11440;20;;;11449;20;11452;20;;;11446.0;0.0
yf_ZW=F_d10;15600;ASH_COATED_OSMIUM;9897;16;9893;16;;;9935;16;9939;19;;;9916.0;0.0
yf_ZW=F_d10;15600;INTARIAN_PEPPER_ROOT;11418;5;11416;20;;;11477;9;11481;14;;;11447.5;0.0
yf_ZW=F_d10;15700;ASH_COATED_OSMIUM;9913;18;9911;12;;;9919;21;9923;14;;;9916.0;0.0
yf_ZW=F_d10;15700;INTARIAN_PEPPER_ROOT;11446;11;11442;23;;;11452;11;11455;19;;;11449.0;0.0
yf_ZW=F_d10;15800;ASH_COATED_OSMIUM;9912;19;9910;18;;;9918;16;9922;20;;;9915.0;0.0
yf_ZW=F_d10;15800;INTARIAN_PEPPER_ROOT;11447;12;11445;8;;;11453;13;11457;23;;;11450.0;0.0
yf_ZW=F_d10;15900;ASH_COATED_OSMIUM;9909;15;9905;13;;;9922;14;9926;23;;;9915.5;0.0
yf_ZW=F_d10;15900;INTARIAN_PEPPER_ROOT;11448;14;11444;22;;;11454;16;11456;18;;;11451.0;0.0
yf_ZW=F_d10;16000;ASH_COATED_OSMIUM;9913;8;9910;21;;;9919;16;9923;31;;;9916.0;0.0
yf_ZW=F_d10;16000;INTARIAN_PEPPER_ROOT;11444;28;11440;17;;;11459;12;11461;21;;;11451.5;0.0
yf_ZW=F_d10;16100;ASH_COATED_OSMIUM;9914;24;9912;12;;;9920;12;9924;19;;;9917.0;0.0
yf_ZW=F_d10;16100;INTARIAN_PEPPER_ROOT;11450;17;11447;14;;;11456;17;11460;28;;;11453.0;0.0
yf_ZW=F_d10;16200;ASH_COATED_OSMIUM;9913;19;9911;23;;;9919;19;9922;20;;;9916.0;0.0
yf_ZW=F_d10;16200;INTARIAN_PEPPER_ROOT;11452;8;11448;31;;;11458;9;11462;31;;;11455.0;0.0
yf_ZW=F_d10;16300;ASH_COATED_OSMIUM;9911;21;9909;22;;;9922;16;9925;16;;;9916.5;0.0
yf_ZW=F_d10;16300;INTARIAN_PEPPER_ROOT;11452;17;11449;19;;;11458;14;11462;21;;;11455.0;0.0
yf_ZW=F_d10;16400;ASH_COATED_OSMIUM;9908;14;9905;30;;;9925;12;9928;17;;;9916.5;0.0
yf_ZW=F_d10;16400;INTARIAN_PEPPER_ROOT;11450;10;11447;26;;;11462;16;11466;15;;;11456.0;0.0
yf_ZW=F_d10;16500;ASH_COATED_OSMIUM;9911;11;9909;31;;;9923;15;9927;22;;;9917.0;0.0
yf_ZW=F_d10;16500;INTARIAN_PEPPER_ROOT;11454;20;11450;29;;;11460;18;11464;28;;;11457.0;0.0
yf_ZW=F_d10;16600;ASH_COATED_OSMIUM;9913;12;9909;20;;;9919;15;9923;16;;;9916.0;0.0
yf_ZW=F_d10;16600;INTARIAN_PEPPER_ROOT;11456;18;11453;20;;;11462;16;11465;17;;;11459.0;0.0
yf_ZW=F_d10;16700;ASH_COATED_OSMIUM;9912;17;9908;15;;;9921;16;9925;19;;;9916.5;0.0
yf_ZW=F_d10;16700;INTARIAN_PEPPER_ROOT;11451;8;11447;11;;;11469;16;11472;13;;;11460.0;0.0
yf_ZW=F_d10;16800;ASH_COATED_OSMIUM;9914;5;9912;20;;;9920;17;9923;23;;;9917.0;0.0
yf_ZW=F_d10;16800;INTARIAN_PEPPER_ROOT;11456;21;11453;24;;;11466;8;11470;23;;;11461.0;0.0
yf_ZW=F_d10;16900;ASH_COATED_OSMIUM;9914;13;9910;15;;;9920;19;9923;13;;;9917.0;0.0
yf_ZW=F_d10;16900;INTARIAN_PEPPER_ROOT;11459;10;11457;26;;;11465;17;11468;24;;;11462.0;0.0
yf_ZW=F_d10;17000;ASH_COATED_OSMIUM;9914;16;9910;22;;;9920;16;9923;21;;;9917.0;0.0
yf_ZW=F_d10;17000;INTARIAN_PEPPER_ROOT;11456;13;11453;14;;;11470;15;11472;21;;;11463.0;0.0
yf_ZW=F_d10;17100;ASH_COATED_OSMIUM;9911;17;9908;25;;;9923;22;9927;24;;;9917.0;0.0
yf_ZW=F_d10;17100;INTARIAN_PEPPER_ROOT;11455;6;11451;21;;;11474;19;11477;19;;;11464.5;0.0
yf_ZW=F_d10;17200;ASH_COATED_OSMIUM;9915;21;9913;23;;;9921;20;9925;18;;;9918.0;0.0
yf_ZW=F_d10;17200;INTARIAN_PEPPER_ROOT;11462;17;11458;18;;;11468;7;11472;22;;;11465.0;0.0
yf_ZW=F_d10;17300;ASH_COATED_OSMIUM;9913;17;9910;21;;;9921;16;9923;14;;;9917.0;0.0
yf_ZW=F_d10;17300;INTARIAN_PEPPER_ROOT;11450;21;11448;17;;;11483;11;11487;19;;;11466.5;0.0
yf_ZW=F_d10;17400;ASH_COATED_OSMIUM;9911;21;9908;14;;;9923;16;9927;19;;;9917.0;0.0
yf_ZW=F_d10;17400;INTARIAN_PEPPER_ROOT;11463;22;11460;32;;;11472;12;11475;20;;;11467.5;0.0
yf_ZW=F_d10;17500;ASH_COATED_OSMIUM;9913;11;9909;19;;;9923;19;9925;32;;;9918.0;0.0
yf_ZW=F_d10;17500;INTARIAN_PEPPER_ROOT;11465;19;11463;17;;;11471;15;11474;23;;;11468.0;0.0
yf_ZW=F_d10;17600;ASH_COATED_OSMIUM;9915;11;9913;25;;;9921;15;9923;13;;;9918.0;0.0
yf_ZW=F_d10;17600;INTARIAN_PEPPER_ROOT;11467;15;11463;20;;;11473;14;11475;18;;;11470.0;0.0
yf_ZW=F_d10;17700;ASH_COATED_OSMIUM;9915;15;9912;19;;;9921;21;9925;30;;;9918.0;0.0
yf_ZW=F_d10;17700;INTARIAN_PEPPER_ROOT;11459;19;11456;8;;;11484;21;11487;22;;;11471.5;0.0
yf_ZW=F_d10;17800;ASH_COATED_OSMIUM;9915;10;9911;12;;;9921;16;9923;28;;;9918.0;0.0
yf_ZW=F_d10;17800;INTARIAN_PEPPER_ROOT;11469;23;11467;21;;;11475;23;11478;16;;;11472.0;0.0
yf_ZW=F_d10;17900;ASH_COATED_OSMIUM;9908;17;9906;25;;;9927;17;9931;20;;;9917.5;0.0
yf_ZW=F_d10;17900;INTARIAN_PEPPER_ROOT;11468;6;11465;16;;;11478;15;11482;23;;;11473.0;0.0
yf_ZW=F_d10;18000;ASH_COATED_OSMIUM;9914;17;9912;20;;;9920;20;9924;24;;;9917.0;0.0
yf_ZW=F_d10;18000;INTARIAN_PEPPER_ROOT;11472;12;11468;29;;;11478;25;11481;21;;;11475.0;0.0
yf_ZW=F_d10;18100;ASH_COATED_OSMIUM;9915;20;9911;26;;;9921;18;9923;13;;;9918.0;0.0
yf_ZW=F_d10;18100;INTARIAN_PEPPER_ROOT;11473;19;11470;24;;;11479;8;11482;19;;;11476.0;0.0
yf_ZW=F_d10;18200;ASH_COATED_OSMIUM;9915;22;9913;29;;;9921;5;9924;28;;;9918.0;0.0
yf_ZW=F_d10;18200;INTARIAN_PEPPER_ROOT;11466;19;11462;22;;;11488;15;11492;21;;;11477.0;0.0
yf_ZW=F_d10;18300;ASH_COATED_OSMIUM;9909;17;9906;23;;;9928;12;9932;20;;;9918.5;0.0
yf_ZW=F_d10;18300;INTARIAN_PEPPER_ROOT;11475;16;11472;15;;;11481;18;11483;19;;;11478.0;0.0
yf_ZW=F_d10;18400;ASH_COATED_OSMIUM;9915;15;9912;20;;;9921;20;9924;20;;;9918.0;0.0
yf_ZW=F_d10;18400;INTARIAN_PEPPER_ROOT;11476;19;11474;24;;;11482;14;11484;13;;;11479.0;0.0
yf_ZW=F_d10;18500;ASH_COATED_OSMIUM;9912;19;9908;12;;;9925;16;9929;13;;;9918.5;0.0
yf_ZW=F_d10;18500;INTARIAN_PEPPER_ROOT;11478;15;11474;29;;;11484;21;11487;28;;;11481.0;0.0
yf_ZW=F_d10;18600;ASH_COATED_OSMIUM;9914;17;9912;20;;;9924;7;9928;25;;;9919.0;0.0
yf_ZW=F_d10;18600;INTARIAN_PEPPER_ROOT;11478;15;11476;28;;;11484;24;11488;20;;;11481.0;0.0
yf_ZW=F_d10;18700;ASH_COATED_OSMIUM;9914;7;9910;17;;;9922;11;9925;15;;;9918.0;0.0
yf_ZW=F_d10;18700;INTARIAN_PEPPER_ROOT;11480;5;11478;20;;;11486;17;11490;17;;;11483.0;0.0
yf_ZW=F_d10;18800;ASH_COATED_OSMIUM;9912;16;9909;13;;;9925;12;9928;24;;;9918.5;0.0
yf_ZW=F_d10;18800;INTARIAN_PEPPER_ROOT;11481;13;11479;20;;;11487;16;11491;26;;;11484.0;0.0
yf_ZW=F_d10;18900;ASH_COATED_OSMIUM;9915;14;9912;18;;;9921;17;9924;26;;;9918.0;0.0
yf_ZW=F_d10;18900;INTARIAN_PEPPER_ROOT;11482;9;11480;30;;;11488;6;11492;14;;;11485.0;0.0
yf_ZW=F_d10;19000;ASH_COATED_OSMIUM;9915;14;9911;17;;;9922;10;9925;18;;;9918.5;0.0
yf_ZW=F_d10;19000;INTARIAN_PEPPER_ROOT;11482;6;11479;24;;;11490;20;11493;25;;;11486.0;0.0
yf_ZW=F_d10;19100;ASH_COATED_OSMIUM;9913;13;9910;14;;;9924;27;9927;13;;;9918.5;0.0
yf_ZW=F_d10;19100;INTARIAN_PEPPER_ROOT;11484;13;11482;24;;;11490;13;11494;20;;;11487.0;0.0
yf_ZW=F_d10;19200;ASH_COATED_OSMIUM;9909;17;9906;30;;;9928;7;9931;18;;;9918.5;0.0
yf_ZW=F_d10;19200;INTARIAN_PEPPER_ROOT;11486;12;11483;25;;;11492;12;11495;11;;;11489.0;0.0
yf_ZW=F_d10;19300;ASH_COATED_OSMIUM;9916;20;9912;21;;;9922;16;9924;17;;;9919.0;0.0
yf_ZW=F_d10;19300;INTARIAN_PEPPER_ROOT;11487;7;11485;28;;;11493;18;11497;23;;;11490.0;0.0
yf_ZW=F_d10;19400;ASH_COATED_OSMIUM;9905;19;9903;22;;;9931;6;9935;25;;;9918.0;0.0
yf_ZW=F_d10;19400;INTARIAN_PEPPER_ROOT;11485;13;11481;25;;;11497;14;11499;14;;;11491.0;0.0
yf_ZW=F_d10;19500;ASH_COATED_OSMIUM;9915;12;9911;28;;;9921;13;9923;22;;;9918.0;0.0
yf_ZW=F_d10;19500;INTARIAN_PEPPER_ROOT;11489;22;11487;20;;;11495;9;11499;20;;;11492.0;0.0
yf_ZW=F_d10;19600;ASH_COATED_OSMIUM;9916;20;9913;22;;;9922;15;9924;12;;;9919.0;0.0
yf_ZW=F_d10;19600;INTARIAN_PEPPER_ROOT;11490;22;11488;20;;;11496;10;11499;19;;;11493.0;0.0
yf_ZW=F_d10;19700;ASH_COATED_OSMIUM;9916;16;9914;24;;;9922;9;9925;22;;;9919.0;0.0
yf_ZW=F_d10;19700;INTARIAN_PEPPER_ROOT;11490;16;11486;23;;;11498;14;11501;15;;;11494.0;0.0
yf_ZW=F_d10;19800;ASH_COATED_OSMIUM;9911;18;9907;20;;;9927;14;9931;17;;;9919.0;0.0
yf_ZW=F_d10;19800;INTARIAN_PEPPER_ROOT;11485;19;11483;10;;;11506;15;11509;22;;;11495.5;0.0
yf_ZW=F_d10;19900;ASH_COATED_OSMIUM;9901;12;9897;9;;;9937;19;9940;12;;;9919.0;0.0
yf_ZW=F_d10;19900;INTARIAN_PEPPER_ROOT;11493;5;11491;30;;;11501;15;11504;15;;;11497.0;0.0
yf_ZW=F_d10;20000;ASH_COATED_OSMIUM;9916;16;9914;17;;;9922;14;9926;18;;;9919.0;0.0
yf_ZW=F_d10;20000;INTARIAN_PEPPER_ROOT;11491;14;11489;15;;;11505;17;11507;17;;;11498.0;0.0
yf_ZW=F_d10;20100;ASH_COATED_OSMIUM;9916;12;9913;19;;;9922;26;9925;17;;;9919.0;0.0
yf_ZW=F_d10;20100;INTARIAN_PEPPER_ROOT;11496;12;11493;18;;;11502;16;11504;25;;;11499.0;0.0
yf_ZW=F_d10;20200;ASH_COATED_OSMIUM;9916;10;9912;19;;;9922;15;9926;26;;;9919.0;0.0
yf_ZW=F_d10;20200;INTARIAN_PEPPER_ROOT;11496;18;11492;9;;;11504;19;11508;20;;;11500.0;0.0
yf_ZW=F_d10;20300;ASH_COATED_OSMIUM;9901;19;9897;14;;;9936;13;9939;12;;;9918.5;0.0
yf_ZW=F_d10;20300;INTARIAN_PEPPER_ROOT;11496;16;11493;29;;;11505;16;11507;20;;;11500.5;0.0
yf_ZW=F_d10;20400;ASH_COATED_OSMIUM;9916;22;9914;21;;;9922;13;9925;31;;;9919.0;0.0
yf_ZW=F_d10;20400;INTARIAN_PEPPER_ROOT;11498;9;11495;11;;;11508;8;11510;17;;;11503.0;0.0
yf_ZW=F_d10;20500;ASH_COATED_OSMIUM;9908;13;9905;18;;;9932;17;9934;17;;;9920.0;0.0
yf_ZW=F_d10;20500;INTARIAN_PEPPER_ROOT;11485;19;11483;18;;;11521;19;11524;19;;;11503.0;0.0
yf_ZW=F_d10;20600;ASH_COATED_OSMIUM;9917;17;9914;17;;;9923;12;9926;19;;;9920.0;0.0
yf_ZW=F_d10;20600;INTARIAN_PEPPER_ROOT;11497;8;11495;23;;;11511;16;11515;16;;;11504.0;0.0
yf_ZW=F_d10;20700;ASH_COATED_OSMIUM;9916;10;9912;19;;;9923;17;9927;31;;;9919.5;0.0
yf_ZW=F_d10;20700;INTARIAN_PEPPER_ROOT;11503;13;11499;22;;;11509;20;11511;25;;;11506.0;0.0
yf_ZW=F_d10;20800;ASH_COATED_OSMIUM;9915;19;9913;19;;;9925;16;9929;23;;;9920.0;0.0
yf_ZW=F_d10;20800;INTARIAN_PEPPER_ROOT;11503;14;11500;10;;;11512;9;11514;15;;;11507.5;0.0
yf_ZW=F_d10;20900;ASH_COATED_OSMIUM;9917;13;9914;29;;;9923;10;9925;24;;;9920.0;0.0
yf_ZW=F_d10;20900;INTARIAN_PEPPER_ROOT;11490;15;11488;20;;;11526;18;11529;21;;;11508.0;0.0
yf_ZW=F_d10;21000;ASH_COATED_OSMIUM;9915;12;9911;23;;;9924;15;9926;22;;;9919.5;0.0
yf_ZW=F_d10;21000;INTARIAN_PEPPER_ROOT;11507;18;11504;23;;;11513;15;11516;26;;;11510.0;0.0
yf_ZW=F_d10;21100;ASH_COATED_OSMIUM;9918;16;9916;17;;;9924;12;9927;19;;;9921.0;0.0
yf_ZW=F_d10;21100;INTARIAN_PEPPER_ROOT;11507;16;11504;22;;;11513;15;11517;22;;;11510.0;0.0
yf_ZW=F_d10;21200;ASH_COATED_OSMIUM;9917;15;9913;17;;;9923;16;9927;21;;;9920.0;0.0
yf_ZW=F_d10;21200;INTARIAN_PEPPER_ROOT;11509;17;11505;17;;;11515;17;11518;25;;;11512.0;0.0
yf_ZW=F_d10;21300;ASH_COATED_OSMIUM;9918;12;9914;14;;;9924;9;9927;22;;;9921.0;0.0
yf_ZW=F_d10;21300;INTARIAN_PEPPER_ROOT;11502;9;11499;10;;;11524;23;11528;18;;;11513.0;0.0
yf_ZW=F_d10;21400;ASH_COATED_OSMIUM;9917;18;9914;16;;;9923;14;9926;19;;;9920.0;0.0
yf_ZW=F_d10;21400;INTARIAN_PEPPER_ROOT;11503;16;11499;20;;;11525;14;11527;14;;;11514.0;0.0
yf_ZW=F_d10;21500;ASH_COATED_OSMIUM;9917;8;9913;27;;;9923;19;9926;14;;;9920.0;0.0
yf_ZW=F_d10;21500;INTARIAN_PEPPER_ROOT;11511;20;11509;27;;;11520;15;11522;17;;;11515.5;0.0
yf_ZW=F_d10;21600;ASH_COATED_OSMIUM;9917;21;9914;25;;;9923;10;9925;20;;;9920.0;0.0
yf_ZW=F_d10;21600;INTARIAN_PEPPER_ROOT;11514;13;11510;25;;;11520;15;11522;10;;;11517.0;0.0
yf_ZW=F_d10;21700;ASH_COATED_OSMIUM;9918;17;9916;15;;;9924;16;9928;11;;;9921.0;0.0
yf_ZW=F_d10;21700;INTARIAN_PEPPER_ROOT;11514;16;11510;21;;;11520;7;11524;22;;;11517.0;0.0
yf_ZW=F_d10;21800;ASH_COATED_OSMIUM;9918;10;9914;17;;;9924;18;9928;22;;;9921.0;0.0
yf_ZW=F_d10;21800;INTARIAN_PEPPER_ROOT;11508;21;11505;14;;;11530;6;11532;25;;;11519.0;0.0
yf_ZW=F_d10;21900;ASH_COATED_OSMIUM;9914;6;9910;15;;;9925;9;9928;19;;;9919.5;0.0
yf_ZW=F_d10;21900;INTARIAN_PEPPER_ROOT;11517;12;11513;24;;;11523;18;11526;21;;;11520.0;0.0
yf_ZW=F_d10;22000;ASH_COATED_OSMIUM;9918;22;9916;28;;;9924;17;9926;21;;;9921.0;0.0
yf_ZW=F_d10;22000;INTARIAN_PEPPER_ROOT;11514;7;11510;21;;;11527;27;11529;21;;;11520.5;0.0
yf_ZW=F_d10;22100;ASH_COATED_OSMIUM;9910;17;9906;21;;;9932;12;9934;24;;;9921.0;0.0
yf_ZW=F_d10;22100;INTARIAN_PEPPER_ROOT;11518;18;11514;22;;;11526;12;11528;20;;;11522.0;0.0
yf_ZW=F_d10;22200;ASH_COATED_OSMIUM;9917;17;9915;14;;;9925;16;9928;17;;;9921.0;0.0
yf_ZW=F_d10;22200;INTARIAN_PEPPER_ROOT;11519;9;11516;24;;;11527;12;11531;15;;;11523.0;0.0
yf_ZW=F_d10;22300;ASH_COATED_OSMIUM;9918;14;9914;23;;;9924;20;9928;16;;;9921.0;0.0
yf_ZW=F_d10;22300;INTARIAN_PEPPER_ROOT;11521;14;11518;26;;;11527;5;11530;23;;;11524.0;0.0
yf_ZW=F_d10;22400;ASH_COATED_OSMIUM;9918;9;9916;24;;;9924;5;9926;25;;;9921.0;0.0
yf_ZW=F_d10;22400;INTARIAN_PEPPER_ROOT;11522;5;11520;18;;;11528;19;11532;19;;;11525.0;0.0
yf_ZW=F_d10;22500;ASH_COATED_OSMIUM;9918;7;9914;26;;;9924;12;9926;30;;;9921.0;0.0
yf_ZW=F_d10;22500;INTARIAN_PEPPER_ROOT;11523;16;11520;25;;;11531;19;11533;15;;;11527.0;0.0
yf_ZW=F_d10;22600;ASH_COATED_OSMIUM;9915;5;9913;23;;;9927;12;9930;14;;;9921.0;0.0
yf_ZW=F_d10;22600;INTARIAN_PEPPER_ROOT;11525;9;11522;24;;;11531;12;11535;17;;;11528.0;0.0
yf_ZW=F_d10;22700;ASH_COATED_OSMIUM;9915;12;9911;22;;;9926;8;9930;16;;;9920.5;0.0
yf_ZW=F_d10;22700;INTARIAN_PEPPER_ROOT;11515;14;11513;22;;;11542;23;11544;18;;;11528.5;0.0
yf_ZW=F_d10;22800;ASH_COATED_OSMIUM;9918;11;9914;23;;;9924;10;9928;21;;;9921.0;0.0
yf_ZW=F_d10;22800;INTARIAN_PEPPER_ROOT;11525;26;11521;26;;;11536;14;11540;20;;;11530.5;0.0
yf_ZW=F_d10;22900;ASH_COATED_OSMIUM;9916;15;9912;16;;;9927;16;9929;22;;;9921.5;0.0
yf_ZW=F_d10;22900;INTARIAN_PEPPER_ROOT;11528;10;11526;14;;;11534;20;11536;19;;;11531.0;0.0
yf_ZW=F_d10;23000;ASH_COATED_OSMIUM;9919;13;9917;25;;;9925;16;9928;32;;;9922.0;0.0
yf_ZW=F_d10;23000;INTARIAN_PEPPER_ROOT;11524;15;11521;19;;;11542;27;11544;10;;;11533.0;0.0
yf_ZW=F_d10;23100;ASH_COATED_OSMIUM;9915;22;9913;24;;;9928;18;9932;16;;;9921.5;0.0
yf_ZW=F_d10;23100;INTARIAN_PEPPER_ROOT;11528;14;11525;11;;;11539;18;11542;24;;;11533.5;0.0
yf_ZW=F_d10;23200;ASH_COATED_OSMIUM;9918;9;9915;23;;;9924;15;9926;27;;;9921.0;0.0
yf_ZW=F_d10;23200;INTARIAN_PEPPER_ROOT;11532;20;11528;16;;;11538;14;11540;27;;;11535.0;0.0
yf_ZW=F_d10;23300;ASH_COATED_OSMIUM;9914;5;9912;31;;;9929;19;9933;15;;;9921.5;0.0
yf_ZW=F_d10;23300;INTARIAN_PEPPER_ROOT;11533;23;11529;23;;;11539;15;11543;31;;;11536.0;0.0
yf_ZW=F_d10;23400;ASH_COATED_OSMIUM;9919;24;9917;16;;;9925;16;9929;22;;;9922.0;0.0
yf_ZW=F_d10;23400;INTARIAN_PEPPER_ROOT;11533;23;11529;15;;;11542;11;11544;11;;;11537.5;0.0
yf_ZW=F_d10;23500;ASH_COATED_OSMIUM;9916;8;9912;23;;;9927;14;9929;11;;;9921.5;0.0
yf_ZW=F_d10;23500;INTARIAN_PEPPER_ROOT;11535;9;11533;25;;;11541;18;11545;15;;;11538.0;0.0
yf_ZW=F_d10;23600;ASH_COATED_OSMIUM;9919;14;9916;21;;;9925;20;9927;13;;;9922.0;0.0
yf_ZW=F_d10;23600;INTARIAN_PEPPER_ROOT;11537;5;11534;12;;;11543;15;11547;16;;;11540.0;0.0
yf_ZW=F_d10;23700;ASH_COATED_OSMIUM;9919;23;9915;24;;;9925;13;9929;18;;;9922.0;0.0
yf_ZW=F_d10;23700;INTARIAN_PEPPER_ROOT;11538;25;11535;22;;;11544;12;11548;21;;;11541.0;0.0
yf_ZW=F_d10;23800;ASH_COATED_OSMIUM;9917;18;9913;19;;;9928;19;9932;19;;;9922.5;0.0
yf_ZW=F_d10;23800;INTARIAN_PEPPER_ROOT;11538;10;11536;29;;;11544;13;11546;26;;;11541.0;0.0
yf_ZW=F_d10;23900;ASH_COATED_OSMIUM;9919;17;9917;18;;;9925;16;9927;23;;;9922.0;0.0
yf_ZW=F_d10;23900;INTARIAN_PEPPER_ROOT;11540;13;11537;19;;;11546;18;11549;18;;;11543.0;0.0
yf_ZW=F_d10;24000;ASH_COATED_OSMIUM;9919;9;9915;14;;;9925;11;9927;20;;;9922.0;0.0
yf_ZW=F_d10;24000;INTARIAN_PEPPER_ROOT;11541;17;11537;33;;;11547;12;11549;22;;;11544.0;0.0
yf_ZW=F_d10;24100;ASH_COATED_OSMIUM;9917;22;9914;16;;;9927;17;9931;28;;;9922.0;0.0
yf_ZW=F_d10;24100;INTARIAN_PEPPER_ROOT;11534;8;11532;14;;;11556;16;11559;19;;;11545.0;0.0
yf_ZW=F_d10;24200;ASH_COATED_OSMIUM;9919;18;9917;18;;;9925;9;9928;22;;;9922.0;0.0
yf_ZW=F_d10;24200;INTARIAN_PEPPER_ROOT;11535;10;11533;23;;;11558;17;11561;27;;;11546.5;0.0
yf_ZW=F_d10;24300;ASH_COATED_OSMIUM;9918;5;9915;13;;;9927;16;9931;14;;;9922.5;0.0
yf_ZW=F_d10;24300;INTARIAN_PEPPER_ROOT;11538;18;11535;20;;;11557;16;11560;19;;;11547.5;0.0
yf_ZW=F_d10;24400;ASH_COATED_OSMIUM;9916;9;9913;23;;;9930;12;9933;25;;;9923.0;0.0
yf_ZW=F_d10;24400;INTARIAN_PEPPER_ROOT;11544;8;11542;22;;;11553;10;11555;24;;;11548.5;0.0
yf_ZW=F_d10;24500;ASH_COATED_OSMIUM;9920;12;9916;18;;;9926;17;9930;22;;;9923.0;0.0
yf_ZW=F_d10;24500;INTARIAN_PEPPER_ROOT;11547;15;11543;25;;;11553;13;11555;23;;;11550.0;0.0
yf_ZW=F_d10;24600;ASH_COATED_OSMIUM;9920;23;9917;15;;;9926;13;9928;19;;;9923.0;0.0
yf_ZW=F_d10;24600;INTARIAN_PEPPER_ROOT;11548;11;11545;19;;;11555;11;11557;15;;;11551.5;0.0
yf_ZW=F_d10;24700;ASH_COATED_OSMIUM;9919;12;9916;19;;;9925;14;9928;21;;;9922.0;0.0
yf_ZW=F_d10;24700;INTARIAN_PEPPER_ROOT;11545;20;11543;24;;;11560;11;11563;24;;;11552.5;0.0
yf_ZW=F_d10;24800;ASH_COATED_OSMIUM;9917;14;9914;10;;;9929;18;9933;18;;;9923.0;0.0
yf_ZW=F_d10;24800;INTARIAN_PEPPER_ROOT;11551;9;11549;19;;;11557;15;11560;22;;;11554.0;0.0
yf_ZW=F_d10;24900;ASH_COATED_OSMIUM;9912;21;9910;22;;;9933;18;9935;19;;;9922.5;0.0
yf_ZW=F_d10;24900;INTARIAN_PEPPER_ROOT;11535;5;11532;18;;;11575;16;11577;16;;;11555.0;0.0
yf_ZW=F_d10;25000;ASH_COATED_OSMIUM;9920;9;9916;21;;;9926;14;9930;25;;;9923.0;0.0
yf_ZW=F_d10;25000;INTARIAN_PEPPER_ROOT;11553;25;11551;16;;;11559;16;11561;24;;;11556.0;0.0
yf_ZW=F_d10;25100;ASH_COATED_OSMIUM;9920;11;9917;17;;;9926;18;9928;22;;;9923.0;0.0
yf_ZW=F_d10;25100;INTARIAN_PEPPER_ROOT;11554;14;11551;11;;;11560;12;11563;21;;;11557.0;0.0
yf_ZW=F_d10;25200;ASH_COATED_OSMIUM;9920;13;9916;15;;;9926;16;9928;21;;;9923.0;0.0
yf_ZW=F_d10;25200;INTARIAN_PEPPER_ROOT;11554;24;11550;20;;;11563;16;11566;25;;;11558.5;0.0
yf_ZW=F_d10;25300;ASH_COATED_OSMIUM;9920;11;9918;21;;;9926;16;9928;27;;;9923.0;0.0
yf_ZW=F_d10;25300;INTARIAN_PEPPER_ROOT;11556;16;11554;19;;;11562;10;11564;9;;;11559.0;0.0
yf_ZW=F_d10;25400;ASH_COATED_OSMIUM;9920;15;9916;22;;;9926;15;9929;19;;;9923.0;0.0
yf_ZW=F_d10;25400;INTARIAN_PEPPER_ROOT;11556;13;11553;27;;;11565;14;11569;24;;;11560.5;0.0
yf_ZW=F_d10;25500;ASH_COATED_OSMIUM;9920;13;9917;17;;;9927;17;9931;15;;;9923.5;0.0
yf_ZW=F_d10;25500;INTARIAN_PEPPER_ROOT;11559;14;11557;28;;;11565;24;11569;27;;;11562.0;0.0
yf_ZW=F_d10;25600;ASH_COATED_OSMIUM;9920;17;9918;16;;;9926;16;9928;24;;;9923.0;0.0
yf_ZW=F_d10;25600;INTARIAN_PEPPER_ROOT;11560;23;11556;14;;;11566;9;11570;18;;;11563.0;0.0
yf_ZW=F_d10;25700;ASH_COATED_OSMIUM;9920;15;9916;24;;;9927;13;9931;12;;;9923.5;0.0
yf_ZW=F_d10;25700;INTARIAN_PEPPER_ROOT;11561;17;11559;25;;;11567;18;11571;18;;;11564.0;0.0
yf_ZW=F_d10;25800;ASH_COATED_OSMIUM;9919;7;9916;28;;;9928;10;9932;19;;;9923.5;0.0
yf_ZW=F_d10;25800;INTARIAN_PEPPER_ROOT;11544;19;11542;16;;;11587;12;11591;16;;;11565.5;0.0
yf_ZW=F_d10;25900;ASH_COATED_OSMIUM;9920;21;9916;24;;;9926;21;9928;19;;;9923.0;0.0
yf_ZW=F_d10;25900;INTARIAN_PEPPER_ROOT;11563;17;11561;22;;;11569;11;11571;28;;;11566.0;0.0
yf_ZW=F_d10;26000;ASH_COATED_OSMIUM;9921;24;9917;12;;;9927;18;9929;25;;;9924.0;0.0
yf_ZW=F_d10;26000;INTARIAN_PEPPER_ROOT;11562;11;11560;22;;;11573;12;11577;16;;;11567.5;0.0
yf_ZW=F_d10;26100;ASH_COATED_OSMIUM;9919;12;9916;17;;;9929;16;9931;15;;;9924.0;0.0
yf_ZW=F_d10;26100;INTARIAN_PEPPER_ROOT;11566;23;11562;25;;;11572;10;11575;26;;;11569.0;0.0
yf_ZW=F_d10;26200;ASH_COATED_OSMIUM;9920;9;9917;19;;;9928;6;9931;18;;;9924.0;0.0
yf_ZW=F_d10;26200;INTARIAN_PEPPER_ROOT;11565;21;11561;17;;;11575;11;11578;17;;;11570.0;0.0
yf_ZW=F_d10;26300;ASH_COATED_OSMIUM;9921;15;9919;19;;;9927;25;9929;9;;;9924.0;0.0
yf_ZW=F_d10;26300;INTARIAN_PEPPER_ROOT;11568;18;11564;24;;;11574;23;11576;20;;;11571.0;0.0
yf_ZW=F_d10;26400;ASH_COATED_OSMIUM;9922;15;9918;22;;;9928;21;9930;25;;;9925.0;0.0
yf_ZW=F_d10;26400;INTARIAN_PEPPER_ROOT;11569;5;11567;24;;;11575;19;11578;19;;;11572.0;0.0
yf_ZW=F_d10;26500;ASH_COATED_OSMIUM;9914;21;9910;17;;;9935;11;9938;27;;;9924.5;0.0
yf_ZW=F_d10;26500;INTARIAN_PEPPER_ROOT;11570;17;11568;11;;;11576;17;11578;30;;;11573.0;0.0
yf_ZW=F_d10;26600;ASH_COATED_OSMIUM;9921;12;9917;18;;;9927;14;9929;18;;;9924.0;0.0
yf_ZW=F_d10;26600;INTARIAN_PEPPER_ROOT;11567;5;11564;24;;;11581;8;11585;25;;;11574.0;0.0
yf_ZW=F_d10;26700;ASH_COATED_OSMIUM;9921;14;9919;8;;;9927;9;9930;11;;;9924.0;0.0
yf_ZW=F_d10;26700;INTARIAN_PEPPER_ROOT;11561;18;11558;18;;;11590;10;11592;14;;;11575.5;0.0
yf_ZW=F_d10;26800;ASH_COATED_OSMIUM;9921;16;9919;16;;;9927;5;9929;26;;;9924.0;0.0
yf_ZW=F_d10;26800;INTARIAN_PEPPER_ROOT;11574;12;11570;9;;;11580;15;11583;23;;;11577.0;0.0
yf_ZW=F_d10;26900;ASH_COATED_OSMIUM;9920;17;9916;17;;;9929;8;9933;19;;;9924.5;0.0
yf_ZW=F_d10;26900;INTARIAN_PEPPER_ROOT;11575;19;11572;18;;;11581;12;11584;15;;;11578.0;0.0
yf_ZW=F_d10;27000;ASH_COATED_OSMIUM;9921;17;9917;25;;;9927;10;9931;17;;;9924.0;0.0
yf_ZW=F_d10;27000;INTARIAN_PEPPER_ROOT;11573;18;11571;16;;;11584;13;11588;17;;;11578.5;0.0
yf_ZW=F_d10;27100;ASH_COATED_OSMIUM;9909;13;9907;24;;;9938;7;9942;25;;;9923.5;0.0
yf_ZW=F_d10;27100;INTARIAN_PEPPER_ROOT;11575;11;11571;25;;;11585;9;11589;11;;;11580.0;0.0
yf_ZW=F_d10;27200;ASH_COATED_OSMIUM;9919;13;9917;16;;;9930;17;9933;17;;;9924.5;0.0
yf_ZW=F_d10;27200;INTARIAN_PEPPER_ROOT;11579;17;11577;15;;;11585;13;11587;19;;;11582.0;0.0
yf_ZW=F_d10;27300;ASH_COATED_OSMIUM;9921;13;9918;18;;;9927;12;9930;23;;;9924.0;0.0
yf_ZW=F_d10;27300;INTARIAN_PEPPER_ROOT;11579;21;11577;20;;;11586;11;11588;23;;;11582.5;0.0
yf_ZW=F_d10;27400;ASH_COATED_OSMIUM;9922;10;9920;22;;;9929;12;9932;21;;;9925.5;0.0
yf_ZW=F_d10;27400;INTARIAN_PEPPER_ROOT;11581;13;11579;25;;;11587;14;11589;18;;;11584.0;0.0
yf_ZW=F_d10;27500;ASH_COATED_OSMIUM;9919;13;9916;19;;;9930;16;9933;20;;;9924.5;0.0
yf_ZW=F_d10;27500;INTARIAN_PEPPER_ROOT;11582;14;11578;24;;;11588;20;11591;23;;;11585.0;0.0
yf_ZW=F_d10;27600;ASH_COATED_OSMIUM;9922;19;9918;35;;;9928;21;9931;22;;;9925.0;0.0
yf_ZW=F_d10;27600;INTARIAN_PEPPER_ROOT;11581;11;11579;28;;;11590;17;11592;8;;;11585.5;0.0
yf_ZW=F_d10;27700;ASH_COATED_OSMIUM;9920;21;9916;20;;;9929;19;9933;19;;;9924.5;0.0
yf_ZW=F_d10;27700;INTARIAN_PEPPER_ROOT;11582;14;11580;19;;;11591;9;11594;18;;;11586.5;0.0
yf_ZW=F_d10;27800;ASH_COATED_OSMIUM;9922;14;9920;20;;;9928;16;9931;16;;;9925.0;0.0
yf_ZW=F_d10;27800;INTARIAN_PEPPER_ROOT;11576;19;11572;10;;;11600;22;11604;20;;;11588.0;0.0
yf_ZW=F_d10;27900;ASH_COATED_OSMIUM;9922;12;9918;13;;;9928;21;9932;12;;;9925.0;0.0
yf_ZW=F_d10;27900;INTARIAN_PEPPER_ROOT;11585;23;11582;24;;;11593;10;11595;28;;;11589.0;0.0
yf_ZW=F_d10;28000;ASH_COATED_OSMIUM;9922;11;9918;14;;;9929;13;9931;24;;;9925.5;0.0
yf_ZW=F_d10;28000;INTARIAN_PEPPER_ROOT;11588;24;11585;27;;;11594;20;11597;24;;;11591.0;0.0
yf_ZW=F_d10;28100;ASH_COATED_OSMIUM;9916;10;9912;19;;;9934;8;9936;16;;;9925.0;0.0
yf_ZW=F_d10;28100;INTARIAN_PEPPER_ROOT;11588;17;11584;22;;;11596;17;11600;22;;;11592.0;0.0
yf_ZW=F_d10;28200;ASH_COATED_OSMIUM;9922;10;9918;20;;;9928;15;9931;21;;;9925.0;0.0
yf_ZW=F_d10;28200;INTARIAN_PEPPER_ROOT;11590;11;11586;21;;;11596;9;11599;10;;;11593.0;0.0
yf_ZW=F_d10;28300;ASH_COATED_OSMIUM;9922;10;9918;16;;;9928;14;9930;13;;;9925.0;0.0
yf_ZW=F_d10;28300;INTARIAN_PEPPER_ROOT;11591;14;11589;17;;;11597;9;11600;12;;;11594.0;0.0
yf_ZW=F_d10;28400;ASH_COATED_OSMIUM;9921;21;9919;24;;;9931;12;9935;22;;;9926.0;0.0
yf_ZW=F_d10;28400;INTARIAN_PEPPER_ROOT;11592;19;11588;12;;;11598;14;11601;19;;;11595.0;0.0
yf_ZW=F_d10;28500;ASH_COATED_OSMIUM;9922;14;9920;13;;;9928;20;9932;24;;;9925.0;0.0
yf_ZW=F_d10;28500;INTARIAN_PEPPER_ROOT;11593;6;11591;24;;;11599;20;11602;24;;;11596.0;0.0
yf_ZW=F_d10;28600;ASH_COATED_OSMIUM;9922;10;9920;21;;;9928;15;9932;22;;;9925.0;0.0
yf_ZW=F_d10;28600;INTARIAN_PEPPER_ROOT;11595;10;11592;16;;;11601;16;11604;18;;;11598.0;0.0
yf_ZW=F_d10;28700;ASH_COATED_OSMIUM;9921;13;9919;26;;;9929;11;9932;13;;;9925.0;0.0
yf_ZW=F_d10;28700;INTARIAN_PEPPER_ROOT;11596;10;11594;12;;;11602;10;11604;12;;;11599.0;0.0
yf_ZW=F_d10;28800;ASH_COATED_OSMIUM;9923;21;9919;20;;;9929;10;9932;13;;;9926.0;0.0
yf_ZW=F_d10;28800;INTARIAN_PEPPER_ROOT;11597;13;11594;27;;;11603;11;11607;12;;;11600.0;0.0
yf_ZW=F_d10;28900;ASH_COATED_OSMIUM;9917;19;9915;25;;;9936;9;9940;15;;;9926.5;0.0
yf_ZW=F_d10;28900;INTARIAN_PEPPER_ROOT;11599;14;11596;13;;;11605;23;11609;17;;;11602.0;0.0
yf_ZW=F_d10;29000;ASH_COATED_OSMIUM;9919;14;9916;18;;;9931;13;9933;25;;;9925.0;0.0
yf_ZW=F_d10;29000;INTARIAN_PEPPER_ROOT;11599;26;11596;25;;;11605;15;11608;17;;;11602.0;0.0
yf_ZW=F_d10;29100;ASH_COATED_OSMIUM;9922;5;9920;25;;;9930;14;9934;17;;;9926.0;0.0
yf_ZW=F_d10;29100;INTARIAN_PEPPER_ROOT;11598;14;11594;16;;;11609;17;11612;21;;;11603.5;0.0
yf_ZW=F_d10;29200;ASH_COATED_OSMIUM;9923;19;9920;18;;;9929;10;9933;23;;;9926.0;0.0
yf_ZW=F_d10;29200;INTARIAN_PEPPER_ROOT;11594;5;11591;17;;;11614;10;11618;22;;;11604.0;0.0
yf_ZW=F_d10;29300;ASH_COATED_OSMIUM;9923;17;9920;20;;;9929;15;9933;22;;;9926.0;0.0
yf_ZW=F_d10;29300;INTARIAN_PEPPER_ROOT;11603;16;11601;14;;;11609;19;11613;21;;;11606.0;0.0
yf_ZW=F_d10;29400;ASH_COATED_OSMIUM;9922;21;9918;11;;;9930;14;9934;20;;;9926.0;0.0
yf_ZW=F_d10;29400;INTARIAN_PEPPER_ROOT;11604;13;11601;29;;;11610;18;11614;21;;;11607.0;0.0
yf_ZW=F_d10;29500;ASH_COATED_OSMIUM;9919;18;9916;18;;;9932;16;9936;18;;;9925.5;0.0
yf_ZW=F_d10;29500;INTARIAN_PEPPER_ROOT;11605;9;11603;23;;;11611;11;11613;21;;;11608.0;0.0
yf_ZW=F_d10;29600;ASH_COATED_OSMIUM;9923;18;9920;23;;;9929;6;9932;12;;;9926.0;0.0
yf_ZW=F_d10;29600;INTARIAN_PEPPER_ROOT;11606;8;11602;17;;;11612;18;11614;23;;;11609.0;0.0
yf_ZW=F_d10;29700;ASH_COATED_OSMIUM;9924;8;9920;22;;;9930;15;9932;21;;;9927.0;0.0
yf_ZW=F_d10;29700;INTARIAN_PEPPER_ROOT;11607;7;11605;20;;;11615;13;11617;19;;;11611.0;0.0
yf_ZW=F_d10;29800;ASH_COATED_OSMIUM;9923;13;9920;16;;;9929;22;9931;21;;;9926.0;0.0
yf_ZW=F_d10;29800;INTARIAN_PEPPER_ROOT;11609;17;11606;21;;;11615;15;11618;21;;;11612.0;0.0
yf_ZW=F_d10;29900;ASH_COATED_OSMIUM;9922;10;9918;19;;;9931;13;9935;12;;;9926.5;0.0
yf_ZW=F_d10;29900;INTARIAN_PEPPER_ROOT;11609;21;11607;22;;;11618;24;11621;19;;;11613.5;0.0
yf_ZW=F_d10;30000;ASH_COATED_OSMIUM;9923;14;9919;20;;;9930;8;9933;18;;;9926.5;0.0
yf_ZW=F_d10;30000;INTARIAN_PEPPER_ROOT;11611;8;11607;27;;;11617;5;11619;20;;;11614.0;0.0
yf_ZW=F_d10;30100;ASH_COATED_OSMIUM;9919;18;9915;18;;;9934;17;9938;23;;;9926.5;0.0
yf_ZW=F_d10;30100;INTARIAN_PEPPER_ROOT;11612;21;11609;14;;;11618;15;11620;19;;;11615.0;0.0
yf_ZW=F_d10;30200;ASH_COATED_OSMIUM;9924;18;9921;28;;;9930;18;9932;15;;;9927.0;0.0
yf_ZW=F_d10;30200;INTARIAN_PEPPER_ROOT;11613;18;11610;13;;;11620;16;11622;25;;;11616.5;0.0
yf_ZW=F_d10;30300;ASH_COATED_OSMIUM;9924;18;9921;19;;;9930;11;9934;21;;;9927.0;0.0
yf_ZW=F_d10;30300;INTARIAN_PEPPER_ROOT;11613;16;11610;26;;;11621;17;11624;19;;;11617.0;0.0
yf_ZW=F_d10;30400;ASH_COATED_OSMIUM;9921;12;9919;17;;;9933;9;9937;25;;;9927.0;0.0
yf_ZW=F_d10;30400;INTARIAN_PEPPER_ROOT;11616;10;11612;19;;;11622;14;11625;29;;;11619.0;0.0
yf_ZW=F_d10;30500;ASH_COATED_OSMIUM;9916;12;9912;14;;;9938;18;9940;13;;;9927.0;0.0
yf_ZW=F_d10;30500;INTARIAN_PEPPER_ROOT;11612;9;11610;21;;;11626;21;11630;20;;;11619.0;0.0
yf_ZW=F_d10;30600;ASH_COATED_OSMIUM;9924;20;9920;24;;;9931;13;9933;11;;;9927.5;0.0
yf_ZW=F_d10;30600;INTARIAN_PEPPER_ROOT;11618;15;11616;22;;;11624;14;11626;24;;;11621.0;0.0
yf_ZW=F_d10;30700;ASH_COATED_OSMIUM;9916;10;9914;14;;;9938;12;9942;30;;;9927.0;0.0
yf_ZW=F_d10;30700;INTARIAN_PEPPER_ROOT;11619;19;11615;35;;;11625;19;11628;16;;;11622.0;0.0
yf_ZW=F_d10;30800;ASH_COATED_OSMIUM;9924;6;9920;8;;;9930;17;9932;25;;;9927.0;0.0
yf_ZW=F_d10;30800;INTARIAN_PEPPER_ROOT;11617;12;11613;12;;;11629;14;11633;22;;;11623.0;0.0
yf_ZW=F_d10;30900;ASH_COATED_OSMIUM;9924;17;9921;27;;;9931;12;9934;9;;;9927.5;0.0
yf_ZW=F_d10;30900;INTARIAN_PEPPER_ROOT;11621;7;11618;26;;;11627;27;11630;20;;;11624.0;0.0
yf_ZW=F_d10;31000;ASH_COATED_OSMIUM;9922;13;9920;23;;;9932;5;9934;15;;;9927.0;0.0
yf_ZW=F_d10;31000;INTARIAN_PEPPER_ROOT;11622;16;11620;22;;;11628;24;11631;17;;;11625.0;0.0
yf_ZW=F_d10;31100;ASH_COATED_OSMIUM;9921;19;9918;24;;;9933;17;9937;14;;;9927.0;0.0
yf_ZW=F_d10;31100;INTARIAN_PEPPER_ROOT;11620;5;11618;26;;;11633;11;11636;20;;;11626.5;0.0
yf_ZW=F_d10;31200;ASH_COATED_OSMIUM;9923;14;9919;27;;;9933;19;9935;14;;;9928.0;0.0
yf_ZW=F_d10;31200;INTARIAN_PEPPER_ROOT;11625;11;11623;22;;;11631;7;11635;27;;;11628.0;0.0
yf_ZW=F_d10;31300;ASH_COATED_OSMIUM;9918;10;9916;20;;;9938;11;9941;25;;;9928.0;0.0
yf_ZW=F_d10;31300;INTARIAN_PEPPER_ROOT;11627;5;11623;22;;;11634;16;11638;18;;;11630.5;0.0
yf_ZW=F_d10;31400;ASH_COATED_OSMIUM;9895;14;9892;17;;;9960;6;9964;17;;;9927.5;0.0
yf_ZW=F_d10;31400;INTARIAN_PEPPER_ROOT;11627;16;11623;24;;;11633;23;11637;16;;;11630.0;0.0
yf_ZW=F_d10;31500;ASH_COATED_OSMIUM;9925;11;9921;18;;;9931;14;9935;18;;;9928.0;0.0
yf_ZW=F_d10;31500;INTARIAN_PEPPER_ROOT;11628;17;11625;18;;;11636;12;11640;22;;;11632.0;0.0
yf_ZW=F_d10;31600;ASH_COATED_OSMIUM;9925;12;9922;19;;;9931;5;9933;25;;;9928.0;0.0
yf_ZW=F_d10;31600;INTARIAN_PEPPER_ROOT;11630;12;11628;21;;;11636;14;11640;24;;;11633.0;0.0
yf_ZW=F_d10;31700;ASH_COATED_OSMIUM;9925;12;9921;16;;;9931;9;9933;27;;;9928.0;0.0
yf_ZW=F_d10;31700;INTARIAN_PEPPER_ROOT;11631;20;11629;21;;;11637;14;11640;23;;;11634.0;0.0
yf_ZW=F_d10;31800;ASH_COATED_OSMIUM;9925;6;9921;24;;;9931;14;9935;18;;;9928.0;0.0
yf_ZW=F_d10;31800;INTARIAN_PEPPER_ROOT;11630;14;11627;20;;;11639;12;11642;15;;;11634.5;0.0
yf_ZW=F_d10;31900;ASH_COATED_OSMIUM;9918;19;9916;13;;;9938;9;9942;24;;;9928.0;0.0
yf_ZW=F_d10;31900;INTARIAN_PEPPER_ROOT;11629;11;11627;13;;;11642;18;11646;22;;;11635.5;0.0
yf_ZW=F_d10;32000;ASH_COATED_OSMIUM;9925;21;9921;17;;;9931;23;9934;20;;;9928.0;0.0
yf_ZW=F_d10;32000;INTARIAN_PEPPER_ROOT;11632;12;11629;22;;;11642;19;11644;31;;;11637.0;0.0
yf_ZW=F_d10;32100;ASH_COATED_OSMIUM;9925;22;9922;16;;;9931;5;9934;22;;;9928.0;0.0
yf_ZW=F_d10;32100;INTARIAN_PEPPER_ROOT;11635;17;11632;17;;;11641;15;11645;24;;;11638.0;0.0
yf_ZW=F_d10;32200;ASH_COATED_OSMIUM;9911;11;9907;23;;;9945;20;9947;26;;;9928.0;0.0
yf_ZW=F_d10;32200;INTARIAN_PEPPER_ROOT;11636;9;11633;13;;;11643;15;11645;21;;;11639.5;0.0
yf_ZW=F_d10;32300;ASH_COATED_OSMIUM;9926;19;9922;22;;;9932;6;9934;18;;;9929.0;0.0
yf_ZW=F_d10;32300;INTARIAN_PEPPER_ROOT;11638;19;11636;11;;;11644;18;11647;22;;;11641.0;0.0
yf_ZW=F_d10;32400;ASH_COATED_OSMIUM;9924;21;9921;18;;;9932;13;9935;14;;;9928.0;0.0
yf_ZW=F_d10;32400;INTARIAN_PEPPER_ROOT;11636;17;11633;20;;;11646;20;11649;21;;;11641.0;0.0
yf_ZW=F_d10;32500;ASH_COATED_OSMIUM;9918;17;9914;20;;;9939;18;9941;11;;;9928.5;0.0
yf_ZW=F_d10;32500;INTARIAN_PEPPER_ROOT;11640;13;11637;19;;;11646;10;11648;16;;;11643.0;0.0
yf_ZW=F_d10;32600;ASH_COATED_OSMIUM;9920;19;9916;15;;;9938;12;9941;18;;;9929.0;0.0
yf_ZW=F_d10;32600;INTARIAN_PEPPER_ROOT;11641;13;11638;21;;;11647;15;11651;17;;;11644.0;0.0
yf_ZW=F_d10;32700;ASH_COATED_OSMIUM;9925;15;9923;26;;;9931;17;9933;18;;;9928.0;0.0
yf_ZW=F_d10;32700;INTARIAN_PEPPER_ROOT;11639;8;11636;23;;;11651;20;11653;17;;;11645.0;0.0
yf_ZW=F_d10;32800;ASH_COATED_OSMIUM;9925;25;9921;20;;;9931;20;9935;15;;;9928.0;0.0
yf_ZW=F_d10;32800;INTARIAN_PEPPER_ROOT;11643;9;11641;15;;;11649;15;11651;8;;;11646.0;0.0
yf_ZW=F_d10;32900;ASH_COATED_OSMIUM;9917;11;9915;16;;;9940;7;9944;20;;;9928.5;0.0
yf_ZW=F_d10;32900;INTARIAN_PEPPER_ROOT;11640;13;11638;19;;;11655;20;11657;27;;;11647.5;0.0
yf_ZW=F_d10;33000;ASH_COATED_OSMIUM;9925;11;9921;23;;;9931;17;9935;19;;;9928.0;0.0
yf_ZW=F_d10;33000;INTARIAN_PEPPER_ROOT;11646;24;11644;23;;;11652;14;11655;17;;;11649.0;0.0
yf_ZW=F_d10;33100;ASH_COATED_OSMIUM;9926;20;9923;22;;;9932;14;9936;25;;;9929.0;0.0
yf_ZW=F_d10;33100;INTARIAN_PEPPER_ROOT;11645;12;11643;18;;;11655;14;11657;14;;;11650.0;0.0
yf_ZW=F_d10;33200;ASH_COATED_OSMIUM;9920;23;9917;22;;;9938;16;9941;26;;;9929.0;0.0
yf_ZW=F_d10;33200;INTARIAN_PEPPER_ROOT;11646;20;11642;16;;;11657;22;11659;25;;;11651.5;0.0
yf_ZW=F_d10;33300;ASH_COATED_OSMIUM;9925;8;9922;12;;;9933;15;9937;18;;;9929.0;0.0
yf_ZW=F_d10;33300;INTARIAN_PEPPER_ROOT;11645;18;11643;21;;;11659;17;11662;20;;;11652.0;0.0
yf_ZW=F_d10;33400;ASH_COATED_OSMIUM;9926;12;9924;21;;;9932;20;9935;23;;;9929.0;0.0
yf_ZW=F_d10;33400;INTARIAN_PEPPER_ROOT;11651;26;11648;18;;;11657;14;11659;26;;;11654.0;0.0
yf_ZW=F_d10;33500;ASH_COATED_OSMIUM;9926;22;9923;20;;;9932;18;9935;25;;;9929.0;0.0
yf_ZW=F_d10;33500;INTARIAN_PEPPER_ROOT;11651;5;11649;20;;;11657;6;11661;22;;;11654.0;0.0
yf_ZW=F_d10;33600;ASH_COATED_OSMIUM;9922;13;9918;14;;;9936;13;9940;17;;;9929.0;0.0
yf_ZW=F_d10;33600;INTARIAN_PEPPER_ROOT;11653;14;11649;16;;;11659;17;11662;19;;;11656.0;0.0
yf_ZW=F_d10;33700;ASH_COATED_OSMIUM;9926;13;9923;18;;;9933;9;9936;10;;;9929.5;0.0
yf_ZW=F_d10;33700;INTARIAN_PEPPER_ROOT;11652;19;11648;28;;;11662;5;11665;14;;;11657.0;0.0
yf_ZW=F_d10;33800;ASH_COATED_OSMIUM;9926;16;9922;25;;;9932;5;9934;19;;;9929.0;0.0
yf_ZW=F_d10;33800;INTARIAN_PEPPER_ROOT;11651;21;11649;12;;;11665;8;11667;22;;;11658.0;0.0
yf_ZW=F_d10;33900;ASH_COATED_OSMIUM;9918;8;9914;20;;;9940;28;9944;23;;;9929.0;0.0
yf_ZW=F_d10;33900;INTARIAN_PEPPER_ROOT;11656;17;11652;18;;;11662;6;11666;21;;;11659.0;0.0
yf_ZW=F_d10;34000;ASH_COATED_OSMIUM;9926;16;9924;33;;;9932;18;9934;21;;;9929.0;0.0
yf_ZW=F_d10;34000;INTARIAN_PEPPER_ROOT;11655;20;11652;20;;;11670;20;11673;24;;;11662.5;0.0
yf_ZW=F_d10;34100;ASH_COATED_OSMIUM;9925;15;9921;23;;;9935;18;9938;21;;;9930.0;0.0
yf_ZW=F_d10;34100;INTARIAN_PEPPER_ROOT;11653;8;11650;19;;;11675;12;11678;14;;;11664.0;0.0
yf_ZW=F_d10;34200;ASH_COATED_OSMIUM;9926;16;9924;11;;;9932;10;9935;18;;;9929.0;0.0
yf_ZW=F_d10;34200;INTARIAN_PEPPER_ROOT;11657;13;11655;14;;;11677;20;11680;14;;;11667.0;0.0
yf_ZW=F_d10;34300;ASH_COATED_OSMIUM;9921;16;9918;20;;;9938;11;9942;11;;;9929.5;0.0
yf_ZW=F_d10;34300;INTARIAN_PEPPER_ROOT;11664;18;11661;19;;;11673;22;11675;18;;;11668.5;0.0
yf_ZW=F_d10;34400;ASH_COATED_OSMIUM;9925;18;9922;22;;;9935;13;9938;21;;;9930.0;0.0
yf_ZW=F_d10;34400;INTARIAN_PEPPER_ROOT;11668;11;11666;26;;;11674;28;11676;21;;;11671.0;0.0
yf_ZW=F_d10;34500;ASH_COATED_OSMIUM;9927;23;9925;27;;;9933;13;9937;22;;;9930.0;0.0
yf_ZW=F_d10;34500;INTARIAN_PEPPER_ROOT;11671;25;11667;12;;;11677;5;11679;18;;;11674.0;0.0
yf_ZW=F_d10;34600;ASH_COATED_OSMIUM;9926;11;9922;25;;;9932;15;9935;17;;;9929.0;0.0
yf_ZW=F_d10;34600;INTARIAN_PEPPER_ROOT;11669;14;11666;30;;;11685;16;11688;18;;;11677.0;0.0
yf_ZW=F_d10;34700;ASH_COATED_OSMIUM;9927;20;9924;17;;;9933;20;9935;26;;;9930.0;0.0
yf_ZW=F_d10;34700;INTARIAN_PEPPER_ROOT;11676;24;11673;20;;;11682;20;11685;9;;;11679.0;0.0
yf_ZW=F_d10;34800;ASH_COATED_OSMIUM;9927;11;9925;20;;;9933;11;9936;9;;;9930.0;0.0
yf_ZW=F_d10;34800;INTARIAN_PEPPER_ROOT;11679;24;11677;22;;;11685;12;11687;15;;;11682.0;0.0
yf_ZW=F_d10;34900;ASH_COATED_OSMIUM;9927;16;9923;28;;;9933;10;9936;18;;;9930.0;0.0
yf_ZW=F_d10;34900;INTARIAN_PEPPER_ROOT;11681;9;11679;18;;;11687;12;11691;16;;;11684.0;0.0
yf_ZW=F_d10;35000;ASH_COATED_OSMIUM;9927;12;9923;21;;;9933;12;9936;25;;;9930.0;0.0
yf_ZW=F_d10;35000;INTARIAN_PEPPER_ROOT;11680;15;11676;16;;;11693;10;11695;24;;;11686.5;0.0
yf_ZW=F_d10;35100;ASH_COATED_OSMIUM;9924;17;9921;16;;;9935;5;9938;19;;;9929.5;0.0
yf_ZW=F_d10;35100;INTARIAN_PEPPER_ROOT;11686;10;11684;15;;;11692;5;11696;21;;;11689.0;0.0
yf_ZW=F_d10;35200;ASH_COATED_OSMIUM;9927;23;9924;25;;;9933;8;9936;24;;;9930.0;0.0
yf_ZW=F_d10;35200;INTARIAN_PEPPER_ROOT;11688;16;11685;20;;;11694;12;11698;24;;;11691.0;0.0
yf_ZW=F_d10;35300;ASH_COATED_OSMIUM;9927;13;9924;20;;;9933;21;9935;23;;;9930.0;0.0
yf_ZW=F_d10;35300;INTARIAN_PEPPER_ROOT;11691;12;11687;22;;;11697;22;11700;21;;;11694.0;0.0
yf_ZW=F_d10;35400;ASH_COATED_OSMIUM;9927;10;9925;22;;;9933;18;9935;8;;;9930.0;0.0
yf_ZW=F_d10;35400;INTARIAN_PEPPER_ROOT;11689;18;11687;30;;;11704;22;11707;21;;;11696.5;0.0
yf_ZW=F_d10;35500;ASH_COATED_OSMIUM;9927;24;9924;22;;;9933;12;9935;18;;;9930.0;0.0
yf_ZW=F_d10;35500;INTARIAN_PEPPER_ROOT;11696;18;11694;24;;;11702;24;11704;33;;;11699.0;0.0
yf_ZW=F_d10;35600;ASH_COATED_OSMIUM;9927;12;9924;16;;;9933;8;9937;18;;;9930.0;0.0
yf_ZW=F_d10;35600;INTARIAN_PEPPER_ROOT;11698;10;11695;25;;;11704;11;11707;20;;;11701.0;0.0
yf_ZW=F_d10;35700;ASH_COATED_OSMIUM;9926;20;9922;29;;;9934;18;9938;19;;;9930.0;0.0
yf_ZW=F_d10;35700;INTARIAN_PEPPER_ROOT;11690;12;11686;21;;;11718;9;11722;15;;;11704.0;0.0
yf_ZW=F_d10;35800;ASH_COATED_OSMIUM;9927;11;9925;22;;;9933;20;9937;23;;;9930.0;0.0
yf_ZW=F_d10;35800;INTARIAN_PEPPER_ROOT;11701;15;11699;26;;;11711;5;11714;15;;;11706.0;0.0
yf_ZW=F_d10;35900;ASH_COATED_OSMIUM;9927;16;9925;17;;;9933;18;9935;14;;;9930.0;0.0
yf_ZW=F_d10;35900;INTARIAN_PEPPER_ROOT;11706;20;11703;19;;;11712;24;11714;17;;;11709.0;0.0
yf_ZW=F_d10;36000;ASH_COATED_OSMIUM;9925;18;9923;17;;;9936;21;9940;17;;;9930.5;0.0
yf_ZW=F_d10;36000;INTARIAN_PEPPER_ROOT;11705;17;11702;19;;;11718;9;11721;8;;;11711.5;0.0
yf_ZW=F_d10;36100;ASH_COATED_OSMIUM;9927;16;9923;14;;;9933;11;9936;23;;;9930.0;0.0
yf_ZW=F_d10;36100;INTARIAN_PEPPER_ROOT;11711;8;11707;21;;;11717;26;11720;30;;;11714.0;0.0
yf_ZW=F_d10;36200;ASH_COATED_OSMIUM;9925;6;9922;23;;;9936;15;9940;17;;;9930.5;0.0
yf_ZW=F_d10;36200;INTARIAN_PEPPER_ROOT;11712;6;11709;20;;;11718;18;11722;24;;;11715.0;0.0
yf_ZW=F_d10;36300;ASH_COATED_OSMIUM;9924;20;9921;21;;;9936;20;9940;18;;;9930.0;0.0
yf_ZW=F_d10;36300;INTARIAN_PEPPER_ROOT;11715;12;11712;20;;;11721;15;11723;19;;;11718.0;0.0
yf_ZW=F_d10;36400;ASH_COATED_OSMIUM;9927;9;9924;15;;;9933;13;9935;19;;;9930.0;0.0
yf_ZW=F_d10;36400;INTARIAN_PEPPER_ROOT;11716;11;11714;13;;;11725;12;11729;26;;;11720.5;0.0
yf_ZW=F_d10;36500;ASH_COATED_OSMIUM;9926;19;9924;19;;;9934;13;9938;19;;;9930.0;0.0
yf_ZW=F_d10;36500;INTARIAN_PEPPER_ROOT;11720;12;11718;18;;;11726;20;11729;24;;;11723.0;0.0
yf_ZW=F_d10;36600;ASH_COATED_OSMIUM;9928;16;9925;22;;;9934;13;9936;8;;;9931.0;0.0
yf_ZW=F_d10;36600;INTARIAN_PEPPER_ROOT;11723;20;11720;23;;;11730;15;11733;21;;;11726.5;0.0
yf_ZW=F_d10;36700;ASH_COATED_OSMIUM;9927;12;9923;19;;;9933;11;9936;19;;;9930.0;0.0
yf_ZW=F_d10;36700;INTARIAN_PEPPER_ROOT;11726;11;11722;13;;;11732;13;11734;18;;;11729.0;0.0
yf_ZW=F_d10;36800;ASH_COATED_OSMIUM;9928;16;9924;21;;;9934;17;9938;19;;;9931.0;0.0
yf_ZW=F_d10;36800;INTARIAN_PEPPER_ROOT;11728;14;11726;10;;;11734;15;11738;18;;;11731.0;0.0
yf_ZW=F_d10;36900;ASH_COATED_OSMIUM;9928;16;9924;14;;;9934;5;9938;17;;;9931.0;0.0
yf_ZW=F_d10;36900;INTARIAN_PEPPER_ROOT;11726;11;11722;22;;;11741;7;11743;22;;;11733.5;0.0
yf_ZW=F_d10;37000;ASH_COATED_OSMIUM;9923;5;9920;25;;;9937;10;9940;24;;;9930.0;0.0
yf_ZW=F_d10;37000;INTARIAN_PEPPER_ROOT;11732;20;11729;18;;;11738;20;11741;18;;;11735.0;0.0
yf_ZW=F_d10;37100;ASH_COATED_OSMIUM;9928;11;9925;18;;;9934;13;9937;21;;;9931.0;0.0
yf_ZW=F_d10;37100;INTARIAN_PEPPER_ROOT;11734;11;11731;21;;;11743;14;11745;22;;;11738.5;0.0
yf_ZW=F_d10;37200;ASH_COATED_OSMIUM;9924;23;9921;22;;;9938;19;9940;28;;;9931.0;0.0
yf_ZW=F_d10;37200;INTARIAN_PEPPER_ROOT;11738;18;11735;17;;;11744;16;11747;15;;;11741.0;0.0
yf_ZW=F_d10;37300;ASH_COATED_OSMIUM;9927;12;9923;17;;;9935;13;9938;18;;;9931.0;0.0
yf_ZW=F_d10;37300;INTARIAN_PEPPER_ROOT;11740;16;11738;20;;;11746;13;11748;17;;;11743.0;0.0
yf_ZW=F_d10;37400;ASH_COATED_OSMIUM;9928;17;9924;18;;;9934;17;9938;8;;;9931.0;0.0
yf_ZW=F_d10;37400;INTARIAN_PEPPER_ROOT;11742;6;11738;22;;;11748;7;11752;20;;;11745.0;0.0
yf_ZW=F_d10;37500;ASH_COATED_OSMIUM;9928;16;9924;16;;;9934;5;9937;27;;;9931.0;0.0
yf_ZW=F_d10;37500;INTARIAN_PEPPER_ROOT;11744;16;11740;27;;;11752;12;11755;23;;;11748.0;0.0
yf_ZW=F_d10;37600;ASH_COATED_OSMIUM;9925;14;9922;8;;;9937;15;9939;26;;;9931.0;0.0
yf_ZW=F_d10;37600;INTARIAN_PEPPER_ROOT;11743;5;11740;20;;;11758;14;11762;25;;;11750.5;0.0
yf_ZW=F_d10;37700;ASH_COATED_OSMIUM;9922;18;9920;28;;;9941;16;9945;22;;;9931.5;0.0
yf_ZW=F_d10;37700;INTARIAN_PEPPER_ROOT;11750;14;11747;18;;;11756;15;11760;19;;;11753.0;0.0
yf_ZW=F_d10;37800;ASH_COATED_OSMIUM;9928;18;9926;21;;;9934;10;9938;20;;;9931.0;0.0
yf_ZW=F_d10;37800;INTARIAN_PEPPER_ROOT;11752;17;11750;15;;;11758;13;11760;14;;;11755.0;0.0
yf_ZW=F_d10;37900;ASH_COATED_OSMIUM;9929;20;9925;16;;;9935;14;9938;21;;;9932.0;0.0
yf_ZW=F_d10;37900;INTARIAN_PEPPER_ROOT;11756;18;11753;17;;;11762;19;11766;19;;;11759.0;0.0
yf_ZW=F_d10;38000;ASH_COATED_OSMIUM;9928;5;9924;24;;;9934;8;9936;21;;;9931.0;0.0
yf_ZW=F_d10;38000;INTARIAN_PEPPER_ROOT;11758;18;11754;26;;;11764;9;11768;28;;;11761.0;0.0
yf_ZW=F_d10;38100;ASH_COATED_OSMIUM;9925;20;9922;21;;;9939;17;9943;18;;;9932.0;0.0
yf_ZW=F_d10;38100;INTARIAN_PEPPER_ROOT;11753;20;11751;19;;;11772;19;11774;15;;;11762.5;0.0
yf_ZW=F_d10;38200;ASH_COATED_OSMIUM;9928;14;9925;17;;;9934;18;9937;19;;;9931.0;0.0
yf_ZW=F_d10;38200;INTARIAN_PEPPER_ROOT;11763;5;11759;17;;;11769;14;11771;21;;;11766.0;0.0
yf_ZW=F_d10;38300;ASH_COATED_OSMIUM;9928;19;9925;21;;;9934;21;9937;22;;;9931.0;0.0
yf_ZW=F_d10;38300;INTARIAN_PEPPER_ROOT;11761;14;11758;16;;;11776;19;11779;22;;;11768.5;0.0
yf_ZW=F_d10;38400;ASH_COATED_OSMIUM;9927;15;9923;14;;;9936;10;9939;19;;;9931.5;0.0
yf_ZW=F_d10;38400;INTARIAN_PEPPER_ROOT;11748;8;11744;19;;;11792;18;11794;32;;;11770.0;0.0
yf_ZW=F_d10;38500;ASH_COATED_OSMIUM;9929;17;9925;13;;;9935;21;9938;14;;;9932.0;0.0
yf_ZW=F_d10;38500;INTARIAN_PEPPER_ROOT;11770;16;11766;9;;;11776;23;11778;25;;;11773.0;0.0
yf_ZW=F_d10;38600;ASH_COATED_OSMIUM;9922;12;9919;12;;;9940;10;9943;22;;;9931.0;0.0
yf_ZW=F_d10;38600;INTARIAN_PEPPER_ROOT;11770;17;11767;18;;;11781;19;11783;15;;;11775.5;0.0
yf_ZW=F_d10;38700;ASH_COATED_OSMIUM;9929;20;9925;21;;;9935;17;9939;18;;;9932.0;0.0
yf_ZW=F_d10;38700;INTARIAN_PEPPER_ROOT;11772;16;11770;21;;;11783;16;11786;24;;;11777.5;0.0
yf_ZW=F_d10;38800;ASH_COATED_OSMIUM;9929;11;9925;22;;;9935;16;9939;22;;;9932.0;0.0
yf_ZW=F_d10;38800;INTARIAN_PEPPER_ROOT;11777;16;11774;18;;;11783;11;11786;23;;;11780.0;0.0
yf_ZW=F_d10;38900;ASH_COATED_OSMIUM;9928;22;9925;27;;;9934;13;9937;19;;;9931.0;0.0
yf_ZW=F_d10;38900;INTARIAN_PEPPER_ROOT;11780;18;11776;15;;;11786;7;11790;17;;;11783.0;0.0
yf_ZW=F_d10;39000;ASH_COATED_OSMIUM;9929;11;9925;20;;;9935;5;9937;20;;;9932.0;0.0
yf_ZW=F_d10;39000;INTARIAN_PEPPER_ROOT;11783;18;11781;21;;;11789;17;11791;16;;;11786.0;0.0
yf_ZW=F_d10;39100;ASH_COATED_OSMIUM;9920;24;9917;9;;;9943;21;9946;28;;;9931.5;0.0
yf_ZW=F_d10;39100;INTARIAN_PEPPER_ROOT;11784;18;11782;23;;;11790;13;11792;18;;;11787.0;0.0
yf_ZW=F_d10;39200;ASH_COATED_OSMIUM;9929;11;9925;24;;;9935;17;9937;21;;;9932.0;0.0
yf_ZW=F_d10;39200;INTARIAN_PEPPER_ROOT;11785;20;11782;33;;;11795;11;11797;28;;;11790.0;0.0
yf_ZW=F_d10;39300;ASH_COATED_OSMIUM;9929;12;9927;19;;;9935;10;9937;23;;;9932.0;0.0
yf_ZW=F_d10;39300;INTARIAN_PEPPER_ROOT;11789;7;11787;10;;;11795;16;11799;27;;;11792.0;0.0
yf_ZW=F_d10;39400;ASH_COATED_OSMIUM;9926;21;9922;23;;;9938;21;9941;14;;;9932.0;0.0
yf_ZW=F_d10;39400;INTARIAN_PEPPER_ROOT;11792;11;11788;14;;;11798;17;11802;22;;;11795.0;0.0
yf_ZW=F_d10;39500;ASH_COATED_OSMIUM;9929;9;9925;24;;;9935;14;9938;30;;;9932.0;0.0
yf_ZW=F_d10;39500;INTARIAN_PEPPER_ROOT;11795;5;11791;15;;;11801;23;11803;15;;;11798.0;0.0
yf_ZW=F_d10;39600;ASH_COATED_OSMIUM;9929;16;9926;26;;;9935;20;9939;20;;;9932.0;0.0
yf_ZW=F_d10;39600;INTARIAN_PEPPER_ROOT;11797;13;11793;21;;;11803;10;11805;20;;;11800.0;0.0
yf_ZW=F_d10;39700;ASH_COATED_OSMIUM;9929;17;9926;16;;;9936;21;9940;26;;;9932.5;0.0
yf_ZW=F_d10;39700;INTARIAN_PEPPER_ROOT;11796;14;11793;17;;;11810;21;11814;23;;;11803.0;0.0
yf_ZW=F_d10;39800;ASH_COATED_OSMIUM;9929;7;9927;16;;;9935;18;9939;21;;;9932.0;0.0
yf_ZW=F_d10;39800;INTARIAN_PEPPER_ROOT;11801;17;11798;27;;;11807;16;11811;26;;;11804.0;0.0
yf_ZW=F_d10;39900;ASH_COATED_OSMIUM;9929;18;9926;16;;;9935;11;9938;15;;;9932.0;0.0
yf_ZW=F_d10;39900;INTARIAN_PEPPER_ROOT;11800;19;11798;26;;;11815;5;11819;16;;;11807.5;0.0
yf_ZW=F_d10;40000;ASH_COATED_OSMIUM;9906;12;9904;12;;;9957;19;9961;18;;;9931.5;0.0
yf_ZW=F_d10;40000;INTARIAN_PEPPER_ROOT;11807;14;11803;16;;;11813;8;11815;23;;;11810.0;0.0
yf_ZW=F_d10;40100;ASH_COATED_OSMIUM;9924;16;9922;22;;;9940;19;9942;25;;;9932.0;0.0
yf_ZW=F_d10;40100;INTARIAN_PEPPER_ROOT;11808;17;11805;22;;;11817;11;11819;13;;;11812.5;0.0
yf_ZW=F_d10;40200;ASH_COATED_OSMIUM;9925;19;9922;20;;;9938;15;9942;26;;;9931.5;0.0
yf_ZW=F_d10;40200;INTARIAN_PEPPER_ROOT;11806;8;11802;12;;;11823;12;11827;20;;;11814.5;0.0
yf_ZW=F_d10;40300;ASH_COATED_OSMIUM;9920;15;9918;24;;;9944;18;9947;15;;;9932.0;0.0
yf_ZW=F_d10;40300;INTARIAN_PEPPER_ROOT;11814;15;11810;20;;;11820;11;11824;22;;;11817.0;0.0
yf_ZW=F_d10;40400;ASH_COATED_OSMIUM;9929;11;9927;18;;;9935;14;9939;15;;;9932.0;0.0
yf_ZW=F_d10;40400;INTARIAN_PEPPER_ROOT;11817;13;11814;21;;;11823;15;11825;14;;;11820.0;0.0
yf_ZW=F_d10;40500;ASH_COATED_OSMIUM;9924;14;9921;13;;;9941;18;9945;27;;;9932.5;0.0
yf_ZW=F_d10;40500;INTARIAN_PEPPER_ROOT;11817;18;11814;19;;;11825;24;11828;17;;;11821.0;0.0
yf_ZW=F_d10;40600;ASH_COATED_OSMIUM;9928;22;9924;29;;;9936;9;9938;22;;;9932.0;0.0
yf_ZW=F_d10;40600;INTARIAN_PEPPER_ROOT;11822;14;11820;11;;;11828;16;11832;20;;;11825.0;0.0
yf_ZW=F_d10;40700;ASH_COATED_OSMIUM;9929;5;9925;17;;;9937;13;9940;20;;;9933.0;0.0
yf_ZW=F_d10;40700;INTARIAN_PEPPER_ROOT;11824;16;11821;19;;;11830;25;11832;32;;;11827.0;0.0
yf_ZW=F_d10;40800;ASH_COATED_OSMIUM;9930;17;9928;19;;;9936;12;9938;14;;;9933.0;0.0
yf_ZW=F_d10;40800;INTARIAN_PEPPER_ROOT;11826;9;11823;23;;;11832;12;11835;8;;;11829.0;0.0
yf_ZW=F_d10;40900;ASH_COATED_OSMIUM;9929;6;9927;13;;;9935;14;9939;11;;;9932.0;0.0
yf_ZW=F_d10;40900;INTARIAN_PEPPER_ROOT;11829;18;11827;23;;;11836;22;11840;23;;;11832.5;0.0
yf_ZW=F_d10;41000;ASH_COATED_OSMIUM;9930;9;9927;21;;;9936;16;9940;27;;;9933.0;0.0
yf_ZW=F_d10;41000;INTARIAN_PEPPER_ROOT;11829;5;11827;16;;;11840;17;11843;23;;;11834.5;0.0
yf_ZW=F_d10;41100;ASH_COATED_OSMIUM;9926;10;9922;13;;;9939;13;9943;15;;;9932.5;0.0
yf_ZW=F_d10;41100;INTARIAN_PEPPER_ROOT;11833;7;11830;23;;;11841;8;11845;18;;;11837.0;0.0
yf_ZW=F_d10;41200;ASH_COATED_OSMIUM;9926;18;9924;19;;;9939;7;9942;19;;;9932.5;0.0
yf_ZW=F_d10;41200;INTARIAN_PEPPER_ROOT;11836;12;11832;22;;;11842;8;11845;28;;;11839.0;0.0
yf_ZW=F_d10;41300;ASH_COATED_OSMIUM;9924;18;9922;23;;;9942;14;9946;11;;;9933.0;0.0
yf_ZW=F_d10;41300;INTARIAN_PEPPER_ROOT;11838;15;11836;27;;;11844;20;11846;13;;;11841.0;0.0
yf_ZW=F_d10;41400;ASH_COATED_OSMIUM;9927;10;9925;19;;;9938;25;9941;23;;;9932.5;0.0
yf_ZW=F_d10;41400;INTARIAN_PEPPER_ROOT;11841;14;11838;20;;;11847;10;11851;8;;;11844.0;0.0
yf_ZW=F_d10;41500;ASH_COATED_OSMIUM;9930;14;9928;11;;;9936;22;9939;14;;;9933.0;0.0
yf_ZW=F_d10;41500;INTARIAN_PEPPER_ROOT;11843;11;11840;17;;;11850;19;11852;21;;;11846.5;0.0
yf_ZW=F_d10;41600;ASH_COATED_OSMIUM;9929;5;9927;16;;;9935;13;9939;29;;;9932.0;0.0
yf_ZW=F_d10;41600;INTARIAN_PEPPER_ROOT;11838;27;11835;21;;;11860;20;11862;16;;;11849.0;0.0
yf_ZW=F_d10;41700;ASH_COATED_OSMIUM;9930;11;9928;23;;;9936;9;9939;11;;;9933.0;0.0
yf_ZW=F_d10;41700;INTARIAN_PEPPER_ROOT;11849;9;11845;18;;;11855;5;11857;20;;;11852.0;0.0
yf_ZW=F_d10;41800;ASH_COATED_OSMIUM;9930;9;9928;19;;;9936;12;9938;23;;;9933.0;0.0
yf_ZW=F_d10;41800;INTARIAN_PEPPER_ROOT;11843;12;11841;16;;;11866;8;11868;22;;;11854.5;0.0
yf_ZW=F_d10;41900;ASH_COATED_OSMIUM;9931;16;9927;22;;;9937;14;9941;19;;;9934.0;0.0
yf_ZW=F_d10;41900;INTARIAN_PEPPER_ROOT;11853;11;11849;14;;;11860;13;11864;17;;;11856.5;0.0
yf_ZW=F_d10;42000;ASH_COATED_OSMIUM;9922;15;9918;23;;;9944;5;9946;20;;;9933.0;0.0
yf_ZW=F_d10;42000;INTARIAN_PEPPER_ROOT;11845;19;11842;24;;;11873;9;11876;17;;;11859.0;0.0
yf_ZW=F_d10;42100;ASH_COATED_OSMIUM;9926;7;9922;19;;;9942;17;9946;20;;;9934.0;0.0
yf_ZW=F_d10;42100;INTARIAN_PEPPER_ROOT;11856;26;11852;20;;;11868;21;11871;22;;;11862.0;0.0
yf_ZW=F_d10;42200;ASH_COATED_OSMIUM;9927;6;9924;20;;;9939;26;9943;14;;;9933.0;0.0
yf_ZW=F_d10;42200;INTARIAN_PEPPER_ROOT;11862;10;11859;15;;;11868;8;11870;18;;;11865.0;0.0
yf_ZW=F_d10;42300;ASH_COATED_OSMIUM;9931;17;9927;18;;;9937;13;9941;8;;;9934.0;0.0
yf_ZW=F_d10;42300;INTARIAN_PEPPER_ROOT;11861;16;11857;17;;;11873;10;11877;10;;;11867.0;0.0
yf_ZW=F_d10;42400;ASH_COATED_OSMIUM;9930;18;9927;18;;;9936;17;9940;17;;;9933.0;0.0
yf_ZW=F_d10;42400;INTARIAN_PEPPER_ROOT;11866;9;11862;18;;;11872;27;11875;20;;;11869.0;0.0
yf_ZW=F_d10;42500;ASH_COATED_OSMIUM;9930;17;9926;23;;;9936;13;9938;15;;;9933.0;0.0
yf_ZW=F_d10;42500;INTARIAN_PEPPER_ROOT;11869;10;11866;26;;;11875;14;11879;24;;;11872.0;0.0
yf_ZW=F_d10;42600;ASH_COATED_OSMIUM;9929;22;9927;21;;;9937;15;9940;16;;;9933.0;0.0
yf_ZW=F_d10;42600;INTARIAN_PEPPER_ROOT;11858;16;11854;27;;;11891;6;11895;23;;;11874.5;0.0
yf_ZW=F_d10;42700;ASH_COATED_OSMIUM;9930;13;9928;23;;;9936;6;9939;22;;;9933.0;0.0
yf_ZW=F_d10;42700;INTARIAN_PEPPER_ROOT;11872;17;11869;16;;;11880;17;11883;20;;;11876.0;0.0
yf_ZW=F_d10;42800;ASH_COATED_OSMIUM;9926;19;9923;11;;;9941;15;9945;27;;;9933.5;0.0
yf_ZW=F_d10;42800;INTARIAN_PEPPER_ROOT;11876;17;11873;19;;;11882;21;11884;20;;;11879.0;0.0
yf_ZW=F_d10;42900;ASH_COATED_OSMIUM;9930;9;9928;19;;;9937;19;9940;17;;;9933.5;0.0
yf_ZW=F_d10;42900;INTARIAN_PEPPER_ROOT;11878;8;11875;15;;;11884;12;11887;16;;;11881.0;0.0
yf_ZW=F_d10;43000;ASH_COATED_OSMIUM;9931;19;9927;18;;;9937;11;9940;27;;;9934.0;0.0
yf_ZW=F_d10;43000;INTARIAN_PEPPER_ROOT;11880;16;11877;25;;;11887;7;11890;17;;;11883.5;0.0
yf_ZW=F_d10;43100;ASH_COATED_OSMIUM;9919;13;9916;21;;;9948;12;9952;16;;;9933.5;0.0
yf_ZW=F_d10;43100;INTARIAN_PEPPER_ROOT;11877;6;11874;18;;;11896;12;11898;14;;;11886.5;0.0
yf_ZW=F_d10;43200;ASH_COATED_OSMIUM;9931;13;9929;20;;;9937;10;9940;21;;;9934.0;0.0
yf_ZW=F_d10;43200;INTARIAN_PEPPER_ROOT;11885;18;11883;18;;;11893;9;11896;18;;;11889.0;0.0
yf_ZW=F_d10;43300;ASH_COATED_OSMIUM;9931;13;9928;8;;;9937;10;9939;20;;;9934.0;0.0
yf_ZW=F_d10;43300;INTARIAN_PEPPER_ROOT;11888;15;11884;25;;;11894;19;11896;19;;;11891.0;0.0
yf_ZW=F_d10;43400;ASH_COATED_OSMIUM;9931;18;9929;25;;;9937;8;9939;16;;;9934.0;0.0
yf_ZW=F_d10;43400;INTARIAN_PEPPER_ROOT;11891;14;11888;12;;;11897;16;11900;12;;;11894.0;0.0
yf_ZW=F_d10;43500;ASH_COATED_OSMIUM;9931;21;9927;15;;;9937;9;9941;17;;;9934.0;0.0
yf_ZW=F_d10;43500;INTARIAN_PEPPER_ROOT;11893;20;11890;26;;;11899;10;11902;18;;;11896.0;0.0
yf_ZW=F_d10;43600;ASH_COATED_OSMIUM;9930;16;9926;18;;;9937;10;9941;19;;;9933.5;0.0
yf_ZW=F_d10;43600;INTARIAN_PEPPER_ROOT;11896;12;11893;17;;;11902;7;11906;17;;;11899.0;0.0
yf_ZW=F_d10;43700;ASH_COATED_OSMIUM;9930;21;9926;13;;;9937;17;9939;23;;;9933.5;0.0
yf_ZW=F_d10;43700;INTARIAN_PEPPER_ROOT;11898;15;11896;21;;;11904;19;11908;20;;;11901.0;0.0
yf_ZW=F_d10;43800;ASH_COATED_OSMIUM;9926;14;9924;24;;;9941;14;9943;19;;;9933.5;0.0
yf_ZW=F_d10;43800;INTARIAN_PEPPER_ROOT;11896;15;11892;20;;;11911;14;11915;24;;;11903.5;0.0
yf_ZW=F_d10;43900;ASH_COATED_OSMIUM;9921;19;9919;20;;;9946;19;9948;18;;;9933.5;0.0
yf_ZW=F_d10;43900;INTARIAN_PEPPER_ROOT;11899;20;11897;17;;;11913;14;11917;19;;;11906.0;0.0
yf_ZW=F_d10;44000;ASH_COATED_OSMIUM;9931;6;9928;17;;;9938;28;9940;19;;;9934.5;0.0
yf_ZW=F_d10;44000;INTARIAN_PEPPER_ROOT;11905;14;11903;30;;;11911;8;11915;13;;;11908.0;0.0
yf_ZW=F_d10;44100;ASH_COATED_OSMIUM;9926;13;9923;9;;;9942;24;9945;24;;;9934.0;0.0
yf_ZW=F_d10;44100;INTARIAN_PEPPER_ROOT;11897;19;11894;13;;;11925;12;11927;20;;;11911.0;0.0
yf_ZW=F_d10;44200;ASH_COATED_OSMIUM;9931;14;9928;20;;;9938;13;9942;8;;;9934.5;0.0
yf_ZW=F_d10;44200;INTARIAN_PEPPER_ROOT;11908;5;11906;12;;;11918;15;11921;20;;;11913.0;0.0
yf_ZW=F_d10;44300;ASH_COATED_OSMIUM;9931;21;9929;18;;;9937;12;9940;25;;;9934.0;0.0
yf_ZW=F_d10;44300;INTARIAN_PEPPER_ROOT;11912;19;11910;25;;;11918;10;11921;16;;;11915.0;0.0
yf_ZW=F_d10;44400;ASH_COATED_OSMIUM;9925;13;9923;22;;;9944;9;9948;23;;;9934.5;0.0
yf_ZW=F_d10;44400;INTARIAN_PEPPER_ROOT;11914;5;11912;25;;;11924;9;11926;17;;;11919.0;0.0
yf_ZW=F_d10;44500;ASH_COATED_OSMIUM;9931;16;9928;19;;;9938;14;9942;15;;;9934.5;0.0
yf_ZW=F_d10;44500;INTARIAN_PEPPER_ROOT;11913;8;11911;27;;;11929;13;11932;18;;;11921.0;0.0
yf_ZW=F_d10;44600;ASH_COATED_OSMIUM;9931;14;9929;17;;;9938;13;9941;18;;;9934.5;0.0
yf_ZW=F_d10;44600;INTARIAN_PEPPER_ROOT;11915;15;11911;19;;;11931;17;11933;23;;;11923.0;0.0
yf_ZW=F_d10;44700;ASH_COATED_OSMIUM;9931;14;9927;24;;;9937;17;9939;26;;;9934.0;0.0
yf_ZW=F_d10;44700;INTARIAN_PEPPER_ROOT;11922;12;11920;15;;;11928;20;11931;19;;;11925.0;0.0
yf_ZW=F_d10;44800;ASH_COATED_OSMIUM;9932;17;9928;22;;;9938;15;9940;12;;;9935.0;0.0
yf_ZW=F_d10;44800;INTARIAN_PEPPER_ROOT;11925;28;11921;32;;;11931;12;11933;16;;;11928.0;0.0
yf_ZW=F_d10;44900;ASH_COATED_OSMIUM;9931;14;9929;26;;;9937;19;9940;19;;;9934.0;0.0
yf_ZW=F_d10;44900;INTARIAN_PEPPER_ROOT;11928;15;11926;18;;;11934;12;11936;19;;;11931.0;0.0
yf_ZW=F_d10;45000;ASH_COATED_OSMIUM;9932;10;9928;11;;;9938;16;9941;11;;;9935.0;0.0
yf_ZW=F_d10;45000;INTARIAN_PEPPER_ROOT;11919;17;11917;26;;;11947;12;11949;16;;;11933.0;0.0
yf_ZW=F_d10;45100;ASH_COATED_OSMIUM;9929;5;9925;16;;;9940;5;9944;19;;;9934.5;0.0
yf_ZW=F_d10;45100;INTARIAN_PEPPER_ROOT;11932;13;11929;15;;;11938;19;11941;17;;;11935.0;0.0
yf_ZW=F_d10;45200;ASH_COATED_OSMIUM;9925;19;9922;17;;;9945;11;9947;21;;;9935.0;0.0
yf_ZW=F_d10;45200;INTARIAN_PEPPER_ROOT;11935;18;11931;15;;;11941;9;11944;19;;;11938.0;0.0
yf_ZW=F_d10;45300;ASH_COATED_OSMIUM;9921;8;9918;18;;;9949;13;9952;27;;;9935.0;0.0
yf_ZW=F_d10;45300;INTARIAN_PEPPER_ROOT;11937;18;11933;18;;;11943;11;11946;16;;;11940.0;0.0
yf_ZW=F_d10;45400;ASH_COATED_OSMIUM;9927;7;9925;17;;;9942;15;9944;23;;;9934.5;0.0
yf_ZW=F_d10;45400;INTARIAN_PEPPER_ROOT;11940;6;11936;21;;;11946;18;11950;20;;;11943.0;0.0
yf_ZW=F_d10;45500;ASH_COATED_OSMIUM;9928;14;9924;21;;;9941;6;9943;15;;;9934.5;0.0
yf_ZW=F_d10;45500;INTARIAN_PEPPER_ROOT;11941;15;11939;20;;;11950;9;11953;27;;;11945.5;0.0
yf_ZW=F_d10;45600;ASH_COATED_OSMIUM;9932;10;9930;11;;;9938;7;9942;14;;;9935.0;0.0
yf_ZW=F_d10;45600;INTARIAN_PEPPER_ROOT;11945;18;11942;18;;;11951;19;11955;23;;;11948.0;0.0
yf_ZW=F_d10;45700;ASH_COATED_OSMIUM;9930;15;9927;25;;;9938;13;9941;25;;;9934.0;0.0
yf_ZW=F_d10;45700;INTARIAN_PEPPER_ROOT;11948;12;11944;23;;;11954;15;11956;28;;;11951.0;0.0
yf_ZW=F_d10;45800;ASH_COATED_OSMIUM;9932;17;9929;18;;;9938;13;9940;25;;;9935.0;0.0
yf_ZW=F_d10;45800;INTARIAN_PEPPER_ROOT;11946;15;11942;15;;;11961;10;11965;22;;;11953.5;0.0
yf_ZW=F_d10;45900;ASH_COATED_OSMIUM;9932;20;9929;15;;;9938;21;9942;15;;;9935.0;0.0
yf_ZW=F_d10;45900;INTARIAN_PEPPER_ROOT;11952;10;11949;18;;;11958;20;11961;18;;;11955.0;0.0
yf_ZW=F_d10;46000;ASH_COATED_OSMIUM;9921;13;9918;19;;;9948;14;9952;17;;;9934.5;0.0
yf_ZW=F_d10;46000;INTARIAN_PEPPER_ROOT;11954;15;11952;29;;;11960;11;11963;31;;;11957.0;0.0
yf_ZW=F_d10;46100;ASH_COATED_OSMIUM;9932;19;9928;34;;;9938;21;9941;16;;;9935.0;0.0
yf_ZW=F_d10;46100;INTARIAN_PEPPER_ROOT;11956;11;11954;21;;;11964;17;11967;14;;;11960.0;0.0
yf_ZW=F_d10;46200;ASH_COATED_OSMIUM;9932;22;9930;25;;;9939;15;9943;12;;;9935.5;0.0
yf_ZW=F_d10;46200;INTARIAN_PEPPER_ROOT;11960;8;11956;20;;;11966;11;11970;19;;;11963.0;0.0
yf_ZW=F_d10;46300;ASH_COATED_OSMIUM;9932;18;9928;24;;;9938;6;9940;22;;;9935.0;0.0
yf_ZW=F_d10;46300;INTARIAN_PEPPER_ROOT;11962;13;11960;22;;;11968;14;11971;23;;;11965.0;0.0
yf_ZW=F_d10;46400;ASH_COATED_OSMIUM;9932;12;9928;25;;;9938;13;9940;20;;;9935.0;0.0
yf_ZW=F_d10;46400;INTARIAN_PEPPER_ROOT;11965;20;11961;26;;;11971;23;11974;17;;;11968.0;0.0
yf_ZW=F_d10;46500;ASH_COATED_OSMIUM;9932;10;9928;24;;;9938;14;9940;18;;;9935.0;0.0
yf_ZW=F_d10;46500;INTARIAN_PEPPER_ROOT;11967;25;11965;18;;;11975;16;11977;21;;;11971.0;0.0
yf_ZW=F_d10;46600;ASH_COATED_OSMIUM;9933;18;9931;22;;;9939;19;9941;16;;;9936.0;0.0
yf_ZW=F_d10;46600;INTARIAN_PEPPER_ROOT;11969;9;11967;17;;;11975;9;11979;13;;;11972.0;0.0
yf_ZW=F_d10;46700;ASH_COATED_OSMIUM;9932;15;9930;17;;;9938;8;9942;18;;;9935.0;0.0
yf_ZW=F_d10;46700;INTARIAN_PEPPER_ROOT;11972;14;11968;15;;;11978;16;11982;21;;;11975.0;0.0
yf_ZW=F_d10;46800;ASH_COATED_OSMIUM;9931;14;9927;14;;;9941;19;9945;25;;;9936.0;0.0
yf_ZW=F_d10;46800;INTARIAN_PEPPER_ROOT;11972;17;11969;24;;;11983;16;11987;12;;;11977.5;0.0
yf_ZW=F_d10;46900;ASH_COATED_OSMIUM;9933;24;9930;16;;;9939;18;9941;27;;;9936.0;0.0
yf_ZW=F_d10;46900;INTARIAN_PEPPER_ROOT;11977;14;11974;14;;;11983;15;11987;21;;;11980.0;0.0
yf_ZW=F_d10;47000;ASH_COATED_OSMIUM;9929;14;9927;23;;;9942;13;9946;21;;;9935.5;0.0
yf_ZW=F_d10;47000;INTARIAN_PEPPER_ROOT;11979;13;11976;13;;;11985;19;11989;17;;;11982.0;0.0
yf_ZW=F_d10;47100;ASH_COATED_OSMIUM;9932;24;9928;35;;;9938;23;9941;31;;;9935.0;0.0
yf_ZW=F_d10;47100;INTARIAN_PEPPER_ROOT;11978;12;11975;17;;;11993;14;11997;13;;;11985.5;0.0
yf_ZW=F_d10;47200;ASH_COATED_OSMIUM;9929;11;9927;16;;;9941;9;9943;22;;;9935.0;0.0
yf_ZW=F_d10;47200;INTARIAN_PEPPER_ROOT;11985;5;11981;27;;;11991;17;11994;19;;;11988.0;0.0
yf_ZW=F_d10;47300;ASH_COATED_OSMIUM;9932;11;9929;24;;;9938;14;9941;21;;;9935.0;0.0
yf_ZW=F_d10;47300;INTARIAN_PEPPER_ROOT;11987;14;11985;21;;;11993;11;11996;21;;;11990.0;0.0
yf_ZW=F_d10;47400;ASH_COATED_OSMIUM;9929;23;9926;22;;;9942;11;9945;27;;;9935.5;0.0
yf_ZW=F_d10;47400;INTARIAN_PEPPER_ROOT;11985;13;11983;22;;;11999;20;12001;16;;;11992.0;0.0
yf_ZW=F_d10;47500;ASH_COATED_OSMIUM;9930;12;9928;12;;;9941;5;9944;13;;;9935.5;0.0
yf_ZW=F_d10;47500;INTARIAN_PEPPER_ROOT;11986;11;11982;23;;;12003;20;12006;16;;;11994.5;0.0
yf_ZW=F_d10;47600;ASH_COATED_OSMIUM;9932;9;9928;23;;;9939;12;9942;26;;;9935.5;0.0
yf_ZW=F_d10;47600;INTARIAN_PEPPER_ROOT;11994;17;11991;16;;;12000;10;12002;17;;;11997.0;0.0
yf_ZW=F_d10;47700;ASH_COATED_OSMIUM;9932;13;9929;22;;;9938;9;9940;12;;;9935.0;0.0
yf_ZW=F_d10;47700;INTARIAN_PEPPER_ROOT;11997;11;11994;25;;;12003;23;12007;17;;;12000.0;0.0
yf_ZW=F_d10;47800;ASH_COATED_OSMIUM;9927;14;9925;18;;;9944;20;9946;16;;;9935.5;0.0
yf_ZW=F_d10;47800;INTARIAN_PEPPER_ROOT;11990;5;11986;15;;;12015;14;12019;12;;;12002.5;0.0
yf_ZW=F_d10;47900;ASH_COATED_OSMIUM;9932;16;9928;23;;;9938;15;9942;22;;;9935.0;0.0
yf_ZW=F_d10;47900;INTARIAN_PEPPER_ROOT;11993;18;11991;21;;;12015;9;12018;20;;;12004.0;0.0
yf_ZW=F_d10;48000;ASH_COATED_OSMIUM;9928;9;9926;21;;;9944;21;9948;18;;;9936.0;0.0
yf_ZW=F_d10;48000;INTARIAN_PEPPER_ROOT;12004;17;12001;23;;;12011;8;12015;20;;;12007.5;0.0
yf_ZW=F_d10;48100;ASH_COATED_OSMIUM;9933;15;9929;16;;;9939;12;9943;22;;;9936.0;0.0
yf_ZW=F_d10;48100;INTARIAN_PEPPER_ROOT;12007;10;12005;22;;;12013;12;12017;20;;;12010.0;0.0
yf_ZW=F_d10;48200;ASH_COATED_OSMIUM;9933;14;9930;18;;;9939;10;9942;21;;;9936.0;0.0
yf_ZW=F_d10;48200;INTARIAN_PEPPER_ROOT;12008;17;12006;11;;;12016;8;12018;17;;;12012.0;0.0
yf_ZW=F_d10;48300;ASH_COATED_OSMIUM;9932;9;9929;16;;;9938;7;9940;26;;;9935.0;0.0
yf_ZW=F_d10;48300;INTARIAN_PEPPER_ROOT;12011;13;12009;26;;;12018;22;12021;20;;;12014.5;0.0
yf_ZW=F_d10;48400;ASH_COATED_OSMIUM;9933;18;9930;21;;;9939;12;9943;17;;;9936.0;0.0
yf_ZW=F_d10;48400;INTARIAN_PEPPER_ROOT;12014;13;12011;18;;;12020;17;12024;16;;;12017.0;0.0
yf_ZW=F_d10;48500;ASH_COATED_OSMIUM;9930;10;9928;21;;;9942;15;9946;17;;;9936.0;0.0
yf_ZW=F_d10;48500;INTARIAN_PEPPER_ROOT;11992;25;11988;15;;;12048;9;12050;32;;;12020.0;0.0
yf_ZW=F_d10;48600;ASH_COATED_OSMIUM;9933;18;9929;17;;;9939;20;9942;23;;;9936.0;0.0
yf_ZW=F_d10;48600;INTARIAN_PEPPER_ROOT;12001;11;11997;17;;;12044;17;12047;14;;;12022.5;0.0
yf_ZW=F_d10;48700;ASH_COATED_OSMIUM;9923;8;9919;16;;;9948;18;9952;19;;;9935.5;0.0
yf_ZW=F_d10;48700;INTARIAN_PEPPER_ROOT;12022;19;12020;23;;;12028;27;12031;33;;;12025.0;0.0
yf_ZW=F_d10;48800;ASH_COATED_OSMIUM;9933;14;9931;20;;;9939;13;9943;16;;;9936.0;0.0
yf_ZW=F_d10;48800;INTARIAN_PEPPER_ROOT;12020;14;12018;23;;;12035;16;12038;17;;;12027.5;0.0
yf_ZW=F_d10;48900;ASH_COATED_OSMIUM;9934;17;9932;19;;;9940;22;9944;20;;;9937.0;0.0
yf_ZW=F_d10;48900;INTARIAN_PEPPER_ROOT;12027;5;12024;18;;;12033;10;12035;22;;;12030.0;0.0
yf_ZW=F_d10;49000;ASH_COATED_OSMIUM;9933;19;9930;19;;;9939;20;9941;20;;;9936.0;0.0
yf_ZW=F_d10;49000;INTARIAN_PEPPER_ROOT;12024;9;12020;17;;;12038;13;12041;20;;;12031.0;0.0
yf_ZW=F_d10;49100;ASH_COATED_OSMIUM;9933;8;9930;18;;;9939;14;9942;20;;;9936.0;0.0
yf_ZW=F_d10;49100;INTARIAN_PEPPER_ROOT;12027;16;12023;13;;;12041;18;12044;25;;;12034.0;0.0
yf_ZW=F_d10;49200;ASH_COATED_OSMIUM;9933;13;9930;19;;;9939;8;9941;22;;;9936.0;0.0
yf_ZW=F_d10;49200;INTARIAN_PEPPER_ROOT;12034;19;12031;10;;;12040;15;12042;25;;;12037.0;0.0
yf_ZW=F_d10;49300;ASH_COATED_OSMIUM;9930;9;9928;15;;;9942;14;9946;23;;;9936.0;0.0
yf_ZW=F_d10;49300;INTARIAN_PEPPER_ROOT;12036;16;12033;22;;;12042;23;12044;20;;;12039.0;0.0
yf_ZW=F_d10;49400;ASH_COATED_OSMIUM;9934;14;9931;15;;;9940;12;9942;15;;;9937.0;0.0
yf_ZW=F_d10;49400;INTARIAN_PEPPER_ROOT;12038;22;12035;16;;;12044;16;12048;23;;;12041.0;0.0
yf_ZW=F_d10;49500;ASH_COATED_OSMIUM;9923;13;9919;15;;;9951;13;9953;23;;;9937.0;0.0
yf_ZW=F_d10;49500;INTARIAN_PEPPER_ROOT;12041;21;12038;18;;;12047;11;12051;33;;;12044.0;0.0
yf_ZW=F_d10;49600;ASH_COATED_OSMIUM;9933;27;9931;13;;;9940;10;9944;19;;;9936.5;0.0
yf_ZW=F_d10;49600;INTARIAN_PEPPER_ROOT;12043;18;12041;24;;;12049;14;12053;16;;;12046.0;0.0
yf_ZW=F_d10;49700;ASH_COATED_OSMIUM;9933;8;9931;19;;;9939;14;9942;14;;;9936.0;0.0
yf_ZW=F_d10;49700;INTARIAN_PEPPER_ROOT;12044;26;12040;22;;;12055;20;12059;19;;;12049.5;0.0
yf_ZW=F_d10;49800;ASH_COATED_OSMIUM;9934;16;9931;12;;;9940;16;9942;21;;;9937.0;0.0
yf_ZW=F_d10;49800;INTARIAN_PEPPER_ROOT;12048;9;12046;16;;;12054;9;12058;21;;;12051.0;0.0
yf_ZW=F_d10;49900;ASH_COATED_OSMIUM;9934;16;9931;19;;;9940;10;9943;21;;;9937.0;0.0
yf_ZW=F_d10;49900;INTARIAN_PEPPER_ROOT;12044;8;12042;30;;;12064;15;12066;22;;;12054.0;0.0
yf_ZW=F_d10;50000;ASH_COATED_OSMIUM;9934;5;9932;19;;;9940;16;9944;19;;;9937.0;0.0
yf_ZW=F_d10;50000;INTARIAN_PEPPER_ROOT;12053;8;12051;16;;;12059;13;12062;22;;;12056.0;0.0
yf_ZW=F_d10;50100;ASH_COATED_OSMIUM;9934;8;9931;11;;;9940;15;9943;19;;;9937.0;0.0
yf_ZW=F_d10;50100;INTARIAN_PEPPER_ROOT;12046;10;12043;15;;;12071;20;12075;13;;;12058.5;0.0
yf_ZW=F_d10;50200;ASH_COATED_OSMIUM;9933;19;9929;17;;;9939;20;9942;16;;;9936.0;0.0
yf_ZW=F_d10;50200;INTARIAN_PEPPER_ROOT;12059;13;12057;20;;;12065;18;12069;23;;;12062.0;0.0
yf_ZW=F_d10;50300;ASH_COATED_OSMIUM;9931;15;9927;24;;;9942;15;9944;26;;;9936.5;0.0
yf_ZW=F_d10;50300;INTARIAN_PEPPER_ROOT;12061;11;12057;15;;;12067;16;12069;18;;;12064.0;0.0
yf_ZW=F_d10;50400;ASH_COATED_OSMIUM;9933;15;9930;25;;;9941;16;9945;19;;;9937.0;0.0
yf_ZW=F_d10;50400;INTARIAN_PEPPER_ROOT;12062;20;12058;17;;;12069;15;12072;22;;;12065.5;0.0
yf_ZW=F_d10;50500;ASH_COATED_OSMIUM;9929;13;9926;20;;;9946;11;9949;19;;;9937.5;0.0
yf_ZW=F_d10;50500;INTARIAN_PEPPER_ROOT;12066;20;12063;23;;;12072;14;12074;30;;;12069.0;0.0
yf_ZW=F_d10;50600;ASH_COATED_OSMIUM;9934;16;9931;20;;;9940;19;9942;11;;;9937.0;0.0
yf_ZW=F_d10;50600;INTARIAN_PEPPER_ROOT;12055;10;12053;21;;;12086;19;12089;22;;;12070.5;0.0
yf_ZW=F_d10;50700;ASH_COATED_OSMIUM;9934;13;9931;14;;;9940;18;9944;18;;;9937.0;0.0
yf_ZW=F_d10;50700;INTARIAN_PEPPER_ROOT;12071;12;12068;28;;;12077;5;12079;26;;;12074.0;0.0
yf_ZW=F_d10;50800;ASH_COATED_OSMIUM;9934;12;9931;23;;;9940;18;9942;14;;;9937.0;0.0
yf_ZW=F_d10;50800;INTARIAN_PEPPER_ROOT;12073;10;12069;20;;;12079;11;12082;22;;;12076.0;0.0
yf_ZW=F_d10;50900;ASH_COATED_OSMIUM;9934;9;9930;28;;;9940;15;9942;22;;;9937.0;0.0
yf_ZW=F_d10;50900;INTARIAN_PEPPER_ROOT;12071;21;12068;26;;;12090;19;12094;18;;;12080.5;0.0
yf_ZW=F_d10;51000;ASH_COATED_OSMIUM;9932;18;9929;17;;;9942;10;9945;24;;;9937.0;0.0
yf_ZW=F_d10;51000;INTARIAN_PEPPER_ROOT;12083;13;12080;22;;;12090;17;12093;22;;;12086.5;0.0
yf_ZW=F_d10;51100;ASH_COATED_OSMIUM;9933;19;9931;20;;;9941;17;9944;27;;;9937.0;0.0
yf_ZW=F_d10;51100;INTARIAN_PEPPER_ROOT;12087;18;12084;13;;;12096;10;12100;23;;;12091.5;0.0
yf_ZW=F_d10;51200;ASH_COATED_OSMIUM;9931;10;9928;18;;;9942;16;9944;17;;;9936.5;0.0
yf_ZW=F_d10;51200;INTARIAN_PEPPER_ROOT;12089;15;12085;23;;;12105;27;12107;17;;;12097.0;0.0
yf_ZW=F_d10;51300;ASH_COATED_OSMIUM;9931;19;9927;20;;;9942;28;9946;26;;;9936.5;0.0
yf_ZW=F_d10;51300;INTARIAN_PEPPER_ROOT;12096;10;12094;21;;;12109;16;12111;16;;;12102.5;0.0
yf_ZW=F_d10;51400;ASH_COATED_OSMIUM;9934;16;9932;21;;;9940;19;9942;19;;;9937.0;0.0
yf_ZW=F_d10;51400;INTARIAN_PEPPER_ROOT;12098;10;12095;18;;;12117;16;12119;22;;;12107.5;0.0
yf_ZW=F_d10;51500;ASH_COATED_OSMIUM;9933;12;9930;16;;;9939;9;9943;20;;;9936.0;0.0
yf_ZW=F_d10;51500;INTARIAN_PEPPER_ROOT;12109;11;12107;24;;;12115;21;12117;24;;;12112.0;0.0
yf_ZW=F_d10;51600;ASH_COATED_OSMIUM;9923;11;9920;18;;;9950;19;9954;20;;;9936.5;0.0
yf_ZW=F_d10;51600;INTARIAN_PEPPER_ROOT;12109;11;12107;19;;;12127;17;12131;19;;;12118.0;0.0
yf_ZW=F_d10;51700;ASH_COATED_OSMIUM;9934;17;9931;28;;;9940;18;9944;19;;;9937.0;0.0
yf_ZW=F_d10;51700;INTARIAN_PEPPER_ROOT;12121;14;12119;26;;;12127;20;12130;17;;;12124.0;0.0
yf_ZW=F_d10;51800;ASH_COATED_OSMIUM;9930;20;9927;20;;;9943;6;9947;34;;;9936.5;0.0
yf_ZW=F_d10;51800;INTARIAN_PEPPER_ROOT;12126;17;12124;25;;;12132;8;12136;21;;;12129.0;0.0
yf_ZW=F_d10;51900;ASH_COATED_OSMIUM;9934;24;9930;16;;;9940;15;9944;22;;;9937.0;0.0
yf_ZW=F_d10;51900;INTARIAN_PEPPER_ROOT;12131;22;12129;27;;;12139;14;12141;27;;;12135.0;0.0
yf_ZW=F_d10;52000;ASH_COATED_OSMIUM;9931;7;9929;19;;;9941;12;9944;21;;;9936.0;0.0
yf_ZW=F_d10;52000;INTARIAN_PEPPER_ROOT;12137;20;12133;23;;;12143;16;12147;15;;;12140.0;0.0
yf_ZW=F_d10;52100;ASH_COATED_OSMIUM;9929;17;9926;16;;;9944;12;9948;11;;;9936.5;0.0
yf_ZW=F_d10;52100;INTARIAN_PEPPER_ROOT;12132;12;12130;18;;;12160;22;12163;19;;;12146.0;0.0
yf_ZW=F_d10;52200;ASH_COATED_OSMIUM;9934;15;9932;18;;;9940;15;9944;15;;;9937.0;0.0
yf_ZW=F_d10;52200;INTARIAN_PEPPER_ROOT;12145;13;12142;22;;;12158;12;12162;18;;;12151.5;0.0
yf_ZW=F_d10;52300;ASH_COATED_OSMIUM;9933;18;9929;15;;;9939;12;9943;20;;;9936.0;0.0
yf_ZW=F_d10;52300;INTARIAN_PEPPER_ROOT;12154;23;12152;8;;;12160;6;12164;19;;;12157.0;0.0
yf_ZW=F_d10;52400;ASH_COATED_OSMIUM;9931;8;9928;18;;;9941;13;9944;22;;;9936.0;0.0
yf_ZW=F_d10;52400;INTARIAN_PEPPER_ROOT;12159;16;12157;11;;;12165;16;12169;29;;;12162.0;0.0
yf_ZW=F_d10;52500;ASH_COATED_OSMIUM;9930;16;9926;16;;;9943;11;9947;22;;;9936.5;0.0
yf_ZW=F_d10;52500;INTARIAN_PEPPER_ROOT;12164;15;12162;25;;;12170;5;12174;22;;;12167.0;0.0
yf_ZW=F_d10;52600;ASH_COATED_OSMIUM;9931;5;9928;24;;;9941;14;9945;17;;;9936.0;0.0
yf_ZW=F_d10;52600;INTARIAN_PEPPER_ROOT;12170;15;12168;14;;;12176;17;12179;22;;;12173.0;0.0
yf_ZW=F_d10;52700;ASH_COATED_OSMIUM;9933;8;9931;18;;;9939;7;9941;18;;;9936.0;0.0
yf_ZW=F_d10;52700;INTARIAN_PEPPER_ROOT;12175;15;12173;11;;;12181;16;12183;18;;;12178.0;0.0
yf_ZW=F_d10;52800;ASH_COATED_OSMIUM;9933;19;9929;28;;;9939;28;9941;23;;;9936.0;0.0
yf_ZW=F_d10;52800;INTARIAN_PEPPER_ROOT;12180;24;12178;19;;;12186;11;12188;22;;;12183.0;0.0
yf_ZW=F_d10;52900;ASH_COATED_OSMIUM;9933;14;9931;20;;;9939;20;9941;17;;;9936.0;0.0
yf_ZW=F_d10;52900;INTARIAN_PEPPER_ROOT;12186;12;12183;22;;;12192;18;12196;20;;;12189.0;0.0
yf_ZW=F_d10;53000;ASH_COATED_OSMIUM;9933;19;9931;24;;;9939;8;9941;20;;;9936.0;0.0
yf_ZW=F_d10;53000;INTARIAN_PEPPER_ROOT;12192;13;12190;9;;;12198;12;12200;9;;;12195.0;0.0
yf_ZW=F_d10;53100;ASH_COATED_OSMIUM;9932;13;9930;18;;;9938;14;9941;13;;;9935.0;0.0
yf_ZW=F_d10;53100;INTARIAN_PEPPER_ROOT;12197;18;12193;19;;;12204;11;12207;28;;;12200.5;0.0
yf_ZW=F_d10;53200;ASH_COATED_OSMIUM;9932;21;9928;30;;;9938;5;9941;20;;;9935.0;0.0
yf_ZW=F_d10;53200;INTARIAN_PEPPER_ROOT;12203;15;12200;17;;;12209;13;12211;24;;;12206.0;0.0
yf_ZW=F_d10;53300;ASH_COATED_OSMIUM;9929;22;9927;24;;;9942;26;9946;22;;;9935.5;0.0
yf_ZW=F_d10;53300;INTARIAN_PEPPER_ROOT;12208;14;12204;8;;;12214;13;12217;22;;;12211.0;0.0
yf_ZW=F_d10;53400;ASH_COATED_OSMIUM;9932;17;9928;25;;;9938;11;9941;20;;;9935.0;0.0
yf_ZW=F_d10;53400;INTARIAN_PEPPER_ROOT;12212;16;12210;21;;;12222;18;12225;24;;;12217.0;0.0
yf_ZW=F_d10;53500;ASH_COATED_OSMIUM;9932;14;9930;17;;;9938;5;9942;26;;;9935.0;0.0
yf_ZW=F_d10;53500;INTARIAN_PEPPER_ROOT;12211;13;12208;11;;;12232;11;12234;15;;;12221.5;0.0
yf_ZW=F_d10;53600;ASH_COATED_OSMIUM;9932;9;9928;20;;;9938;11;9941;27;;;9935.0;0.0
yf_ZW=F_d10;53600;INTARIAN_PEPPER_ROOT;12224;11;12222;23;;;12230;10;12233;20;;;12227.0;0.0
yf_ZW=F_d10;53700;ASH_COATED_OSMIUM;9933;12;9929;17;;;9939;22;9943;14;;;9936.0;0.0
yf_ZW=F_d10;53700;INTARIAN_PEPPER_ROOT;12229;23;12225;18;;;12237;23;12240;22;;;12233.0;0.0
yf_ZW=F_d10;53800;ASH_COATED_OSMIUM;9932;19;9929;25;;;9940;12;9942;13;;;9936.0;0.0
yf_ZW=F_d10;53800;INTARIAN_PEPPER_ROOT;12235;15;12231;17;;;12241;22;12244;15;;;12238.0;0.0
yf_ZW=F_d10;53900;ASH_COATED_OSMIUM;9932;14;9928;21;;;9940;16;9942;12;;;9936.0;0.0
yf_ZW=F_d10;53900;INTARIAN_PEPPER_ROOT;12240;16;12238;14;;;12247;15;12250;19;;;12243.5;0.0
yf_ZW=F_d10;54000;ASH_COATED_OSMIUM;9932;5;9930;21;;;9938;19;9942;24;;;9935.0;0.0
yf_ZW=F_d10;54000;INTARIAN_PEPPER_ROOT;12246;7;12242;19;;;12252;11;12255;20;;;12249.0;0.0
yf_ZW=F_d10;54100;ASH_COATED_OSMIUM;9932;15;9930;20;;;9938;6;9940;19;;;9935.0;0.0
yf_ZW=F_d10;54100;INTARIAN_PEPPER_ROOT;12252;20;12249;20;;;12258;9;12261;21;;;12255.0;0.0
yf_ZW=F_d10;54200;ASH_COATED_OSMIUM;9932;11;9929;20;;;9938;13;9942;22;;;9935.0;0.0
yf_ZW=F_d10;54200;INTARIAN_PEPPER_ROOT;12258;18;12256;16;;;12264;14;12266;22;;;12261.0;0.0
yf_ZW=F_d10;54300;ASH_COATED_OSMIUM;9929;12;9926;17;;;9941;5;9944;15;;;9935.0;0.0
yf_ZW=F_d10;54300;INTARIAN_PEPPER_ROOT;12262;5;12259;18;;;12268;17;12271;17;;;12265.0;0.0
yf_ZW=F_d10;54400;ASH_COATED_OSMIUM;9932;14;9928;19;;;9938;13;9941;29;;;9935.0;0.0
yf_ZW=F_d10;54400;INTARIAN_PEPPER_ROOT;12260;6;12258;18;;;12283;13;12287;18;;;12271.5;0.0
yf_ZW=F_d10;54500;ASH_COATED_OSMIUM;9920;9;9916;15;;;9950;14;9953;25;;;9935.0;0.0
yf_ZW=F_d10;54500;INTARIAN_PEPPER_ROOT;12274;13;12270;20;;;12280;5;12283;15;;;12277.0;0.0
yf_ZW=F_d10;54600;ASH_COATED_OSMIUM;9932;17;9929;19;;;9938;15;9940;16;;;9935.0;0.0
yf_ZW=F_d10;54600;INTARIAN_PEPPER_ROOT;12279;6;12275;24;;;12285;17;12289;13;;;12282.0;0.0
yf_ZW=F_d10;54700;ASH_COATED_OSMIUM;9932;18;9930;21;;;9938;20;9940;23;;;9935.0;0.0
yf_ZW=F_d10;54700;INTARIAN_PEPPER_ROOT;12284;18;12282;16;;;12290;20;12294;13;;;12287.0;0.0
yf_ZW=F_d10;54800;ASH_COATED_OSMIUM;9932;22;9928;14;;;9938;11;9941;18;;;9935.0;0.0
yf_ZW=F_d10;54800;INTARIAN_PEPPER_ROOT;12289;7;12287;20;;;12295;12;12298;13;;;12292.0;0.0
yf_ZW=F_d10;54900;ASH_COATED_OSMIUM;9932;18;9929;18;;;9938;20;9941;25;;;9935.0;0.0
yf_ZW=F_d10;54900;INTARIAN_PEPPER_ROOT;12293;18;12290;25;;;12304;17;12306;9;;;12298.5;0.0
yf_ZW=F_d10;55000;ASH_COATED_OSMIUM;9927;6;9924;18;;;9941;16;9945;15;;;9934.0;0.0
yf_ZW=F_d10;55000;INTARIAN_PEPPER_ROOT;12301;16;12299;22;;;12307;19;12309;13;;;12304.0;0.0
yf_ZW=F_d10;55100;ASH_COATED_OSMIUM;9929;13;9927;21;;;9940;17;9942;16;;;9934.5;0.0
yf_ZW=F_d10;55100;INTARIAN_PEPPER_ROOT;12306;10;12302;20;;;12312;20;12314;22;;;12309.0;0.0
yf_ZW=F_d10;55200;ASH_COATED_OSMIUM;9926;21;9924;20;;;9942;22;9944;18;;;9934.0;0.0
yf_ZW=F_d10;55200;INTARIAN_PEPPER_ROOT;12310;18;12307;22;;;12318;18;12321;24;;;12314.0;0.0
yf_ZW=F_d10;55300;ASH_COATED_OSMIUM;9932;17;9930;23;;;9938;18;9941;18;;;9935.0;0.0
yf_ZW=F_d10;55300;INTARIAN_PEPPER_ROOT;12317;12;12314;30;;;12323;8;12325;20;;;12320.0;0.0
yf_ZW=F_d10;55400;ASH_COATED_OSMIUM;9931;11;9929;15;;;9937;12;9941;17;;;9934.0;0.0
yf_ZW=F_d10;55400;INTARIAN_PEPPER_ROOT;12322;11;12318;23;;;12328;19;12330;26;;;12325.0;0.0
yf_ZW=F_d10;55500;ASH_COATED_OSMIUM;9932;19;9930;20;;;9938;8;9941;23;;;9935.0;0.0
yf_ZW=F_d10;55500;INTARIAN_PEPPER_ROOT;12327;18;12323;23;;;12335;18;12337;11;;;12331.0;0.0
yf_ZW=F_d10;55600;ASH_COATED_OSMIUM;9929;13;9927;21;;;9939;20;9941;15;;;9934.0;0.0
yf_ZW=F_d10;55600;INTARIAN_PEPPER_ROOT;12333;24;12330;9;;;12339;18;12342;23;;;12336.0;0.0
yf_ZW=F_d10;55700;ASH_COATED_OSMIUM;9931;18;9929;20;;;9937;8;9939;22;;;9934.0;0.0
yf_ZW=F_d10;55700;INTARIAN_PEPPER_ROOT;12339;16;12336;9;;;12345;28;12347;21;;;12342.0;0.0
yf_ZW=F_d10;55800;ASH_COATED_OSMIUM;9931;10;9928;12;;;9937;26;9940;14;;;9934.0;0.0
yf_ZW=F_d10;55800;INTARIAN_PEPPER_ROOT;12345;14;12342;15;;;12351;20;12355;29;;;12348.0;0.0
yf_ZW=F_d10;55900;ASH_COATED_OSMIUM;9922;23;9920;20;;;9946;13;9950;11;;;9934.0;0.0
yf_ZW=F_d10;55900;INTARIAN_PEPPER_ROOT;12350;13;12347;24;;;12356;18;12359;24;;;12353.0;0.0
yf_ZW=F_d10;56000;ASH_COATED_OSMIUM;9929;17;9927;21;;;9939;5;9941;19;;;9934.0;0.0
yf_ZW=F_d10;56000;INTARIAN_PEPPER_ROOT;12355;9;12352;19;;;12362;5;12364;16;;;12358.5;0.0
yf_ZW=F_d10;56100;ASH_COATED_OSMIUM;9931;16;9928;12;;;9937;18;9939;23;;;9934.0;0.0
yf_ZW=F_d10;56100;INTARIAN_PEPPER_ROOT;12361;12;12359;15;;;12367;15;12369;9;;;12364.0;0.0
yf_ZW=F_d10;56200;ASH_COATED_OSMIUM;9931;6;9927;18;;;9937;12;9939;21;;;9934.0;0.0
yf_ZW=F_d10;56200;INTARIAN_PEPPER_ROOT;12361;10;12358;17;;;12376;9;12379;23;;;12368.5;0.0
yf_ZW=F_d10;56300;ASH_COATED_OSMIUM;9929;17;9927;23;;;9939;13;9941;30;;;9934.0;0.0
yf_ZW=F_d10;56300;INTARIAN_PEPPER_ROOT;12371;5;12367;17;;;12377;17;12381;17;;;12374.0;0.0
yf_ZW=F_d10;56400;ASH_COATED_OSMIUM;9931;17;9929;16;;;9937;28;9941;22;;;9934.0;0.0
yf_ZW=F_d10;56400;INTARIAN_PEPPER_ROOT;12376;14;12372;17;;;12382;10;12384;22;;;12379.0;0.0
yf_ZW=F_d10;56500;ASH_COATED_OSMIUM;9931;5;9928;16;;;9938;7;9942;22;;;9934.5;0.0
yf_ZW=F_d10;56500;INTARIAN_PEPPER_ROOT;12382;15;12380;17;;;12388;17;12390;18;;;12385.0;0.0
yf_ZW=F_d10;56600;ASH_COATED_OSMIUM;9931;15;9928;17;;;9937;6;9939;18;;;9934.0;0.0
yf_ZW=F_d10;56600;INTARIAN_PEPPER_ROOT;12381;14;12377;16;;;12400;13;12403;19;;;12390.5;0.0
yf_ZW=F_d10;56700;ASH_COATED_OSMIUM;9931;12;9928;24;;;9937;11;9939;24;;;9934.0;0.0
yf_ZW=F_d10;56700;INTARIAN_PEPPER_ROOT;12389;7;12385;17;;;12403;17;12405;20;;;12396.0;0.0
yf_ZW=F_d10;56800;ASH_COATED_OSMIUM;9926;16;9923;23;;;9942;17;9945;20;;;9934.0;0.0
yf_ZW=F_d10;56800;INTARIAN_PEPPER_ROOT;12398;11;12394;19;;;12404;20;12406;24;;;12401.0;0.0
yf_ZW=F_d10;56900;ASH_COATED_OSMIUM;9931;10;9929;17;;;9937;17;9939;22;;;9934.0;0.0
yf_ZW=F_d10;56900;INTARIAN_PEPPER_ROOT;12402;10;12399;17;;;12413;14;12415;15;;;12407.5;0.0
yf_ZW=F_d10;57000;ASH_COATED_OSMIUM;9930;18;9927;22;;;9936;13;9940;25;;;9933.0;0.0
yf_ZW=F_d10;57000;INTARIAN_PEPPER_ROOT;12404;14;12402;21;;;12421;11;12423;22;;;12412.5;0.0
yf_ZW=F_d10;57100;ASH_COATED_OSMIUM;9928;14;9924;21;;;9939;12;9942;27;;;9933.5;0.0
yf_ZW=F_d10;57100;INTARIAN_PEPPER_ROOT;12415;8;12411;18;;;12421;9;12424;13;;;12418.0;0.0
yf_ZW=F_d10;57200;ASH_COATED_OSMIUM;9930;13;9927;17;;;9936;15;9939;17;;;9933.0;0.0
yf_ZW=F_d10;57200;INTARIAN_PEPPER_ROOT;12420;9;12416;21;;;12426;23;12429;17;;;12423.0;0.0
yf_ZW=F_d10;57300;ASH_COATED_OSMIUM;9931;18;9928;24;;;9937;15;9940;20;;;9934.0;0.0
yf_ZW=F_d10;57300;INTARIAN_PEPPER_ROOT;12418;5;12414;23;;;12439;13;12441;14;;;12428.5;0.0
yf_ZW=F_d10;57400;ASH_COATED_OSMIUM;9925;12;9923;22;;;9942;7;9944;16;;;9933.5;0.0
yf_ZW=F_d10;57400;INTARIAN_PEPPER_ROOT;12431;18;12427;18;;;12437;20;12439;14;;;12434.0;0.0
yf_ZW=F_d10;57500;ASH_COATED_OSMIUM;9929;11;9927;13;;;9938;11;9942;21;;;9933.5;0.0
yf_ZW=F_d10;57500;INTARIAN_PEPPER_ROOT;12437;10;12435;20;;;12443;18;12446;28;;;12440.0;0.0
yf_ZW=F_d10;57600;ASH_COATED_OSMIUM;9930;16;9926;18;;;9936;10;9939;17;;;9933.0;0.0
yf_ZW=F_d10;57600;INTARIAN_PEPPER_ROOT;12442;9;12438;26;;;12448;16;12450;23;;;12445.0;0.0
