day;timestamp;product;bid_price_1;bid_volume_1;bid_price_2;bid_volume_2;bid_price_3;bid_volume_3;ask_price_1;ask_volume_1;ask_price_2;ask_volume_2;ask_price_3;ask_volume_3;mid_price;profit_and_loss
yf_MKC_d9;0;ASH_COATED_OSMIUM;9942;5;9939;14;;;9950;10;9952;16;;;9946.0;0.0
yf_MKC_d9;0;INTARIAN_PEPPER_ROOT;11439;11;11435;21;;;11445;13;11448;14;;;11442.0;0.0
yf_MKC_d9;100;ASH_COATED_OSMIUM;9943;18;9940;22;;;9949;12;9953;29;;;9946.0;0.0
yf_MKC_d9;100;INTARIAN_PEPPER_ROOT;11439;8;11436;16;;;11450;14;11454;26;;;11444.5;0.0
yf_MKC_d9;200;ASH_COATED_OSMIUM;9941;9;9938;14;;;9948;20;9951;13;;;9944.5;0.0
yf_MKC_d9;200;INTARIAN_PEPPER_ROOT;11445;19;11442;23;;;11451;26;11454;22;;;11448.0;0.0
yf_MKC_d9;300;ASH_COATED_OSMIUM;9941;19;9937;19;;;9947;13;9951;19;;;9944.0;0.0
yf_MKC_d9;300;INTARIAN_PEPPER_ROOT;11446;14;11443;22;;;11452;14;11454;22;;;11449.0;0.0
yf_MKC_d9;400;ASH_COATED_OSMIUM;9933;15;9929;21;;;9955;10;9957;13;;;9944.0;0.0
yf_MKC_d9;400;INTARIAN_PEPPER_ROOT;11450;10;11446;16;;;11456;20;11459;22;;;11453.0;0.0
yf_MKC_d9;500;ASH_COATED_OSMIUM;9941;18;9939;25;;;9947;9;9949;19;;;9944.0;0.0
yf_MKC_d9;500;INTARIAN_PEPPER_ROOT;11452;15;11448;25;;;11459;13;11461;12;;;11455.5;0.0
yf_MKC_d9;600;ASH_COATED_OSMIUM;9929;5;9925;24;;;9959;23;9961;19;;;9944.0;0.0
yf_MKC_d9;600;INTARIAN_PEPPER_ROOT;11456;10;11454;16;;;11462;7;11466;19;;;11459.0;0.0
yf_MKC_d9;700;ASH_COATED_OSMIUM;9940;15;9937;17;;;9947;11;9949;27;;;9943.5;0.0
yf_MKC_d9;700;INTARIAN_PEPPER_ROOT;11458;13;11454;19;;;11464;15;11466;19;;;11461.0;0.0
yf_MKC_d9;800;ASH_COATED_OSMIUM;9933;18;9930;10;;;9954;10;9957;16;;;9943.5;0.0
yf_MKC_d9;800;INTARIAN_PEPPER_ROOT;11461;16;11457;16;;;11467;23;11469;22;;;11464.0;0.0
yf_MKC_d9;900;ASH_COATED_OSMIUM;9940;19;9938;20;;;9946;19;9950;8;;;9943.0;0.0
yf_MKC_d9;900;INTARIAN_PEPPER_ROOT;11463;11;11461;21;;;11469;11;11471;16;;;11466.0;0.0
yf_MKC_d9;1000;ASH_COATED_OSMIUM;9939;17;9936;13;;;9945;24;9949;21;;;9942.0;0.0
yf_MKC_d9;1000;INTARIAN_PEPPER_ROOT;11466;22;11462;19;;;11472;22;11474;23;;;11469.0;0.0
yf_MKC_d9;1100;ASH_COATED_OSMIUM;9937;18;9934;34;;;9948;15;9950;16;;;9942.5;0.0
yf_MKC_d9;1100;INTARIAN_PEPPER_ROOT;11469;16;11465;15;;;11475;12;11478;24;;;11472.0;0.0
yf_MKC_d9;1200;ASH_COATED_OSMIUM;9930;15;9926;28;;;9954;9;9958;14;;;9942.0;0.0
yf_MKC_d9;1200;INTARIAN_PEPPER_ROOT;11470;12;11468;24;;;11480;16;11482;27;;;11475.0;0.0
yf_MKC_d9;1300;ASH_COATED_OSMIUM;9933;12;9931;23;;;9951;20;9953;17;;;9942.0;0.0
yf_MKC_d9;1300;INTARIAN_PEPPER_ROOT;11474;7;11472;21;;;11480;10;11482;21;;;11477.0;0.0
yf_MKC_d9;1400;ASH_COATED_OSMIUM;9937;21;9934;20;;;9947;13;9951;24;;;9942.0;0.0
yf_MKC_d9;1400;INTARIAN_PEPPER_ROOT;11474;21;11471;19;;;11485;10;11487;24;;;11479.5;0.0
yf_MKC_d9;1500;ASH_COATED_OSMIUM;9934;16;9930;24;;;9949;14;9951;24;;;9941.5;0.0
yf_MKC_d9;1500;INTARIAN_PEPPER_ROOT;11480;20;11476;10;;;11486;14;11488;13;;;11483.0;0.0
yf_MKC_d9;1600;ASH_COATED_OSMIUM;9938;11;9935;14;;;9944;13;9946;23;;;9941.0;0.0
yf_MKC_d9;1600;INTARIAN_PEPPER_ROOT;11482;10;11478;13;;;11488;18;11490;18;;;11485.0;0.0
yf_MKC_d9;1700;ASH_COATED_OSMIUM;9937;19;9935;19;;;9943;23;9945;20;;;9940.0;0.0
yf_MKC_d9;1700;INTARIAN_PEPPER_ROOT;11485;15;11482;21;;;11491;9;11493;14;;;11488.0;0.0
yf_MKC_d9;1800;ASH_COATED_OSMIUM;9934;18;9932;29;;;9947;5;9950;21;;;9940.5;0.0
yf_MKC_d9;1800;INTARIAN_PEPPER_ROOT;11487;22;11485;19;;;11493;10;11497;14;;;11490.0;0.0
yf_MKC_d9;1900;ASH_COATED_OSMIUM;9937;13;9934;18;;;9943;20;9945;19;;;9940.0;0.0
yf_MKC_d9;1900;INTARIAN_PEPPER_ROOT;11488;15;11484;14;;;11498;13;11501;18;;;11493.0;0.0
yf_MKC_d9;2000;ASH_COATED_OSMIUM;9927;9;9924;24;;;9951;15;9954;19;;;9939.0;0.0
yf_MKC_d9;2000;INTARIAN_PEPPER_ROOT;11492;18;11490;19;;;11500;19;11504;16;;;11496.0;0.0
yf_MKC_d9;2100;ASH_COATED_OSMIUM;9936;14;9934;15;;;9942;11;9945;22;;;9939.0;0.0
yf_MKC_d9;2100;INTARIAN_PEPPER_ROOT;11495;12;11491;28;;;11502;18;11506;21;;;11498.5;0.0
yf_MKC_d9;2200;ASH_COATED_OSMIUM;9936;16;9933;14;;;9942;14;9944;14;;;9939.0;0.0
yf_MKC_d9;2200;INTARIAN_PEPPER_ROOT;11494;12;11490;16;;;11508;14;11510;12;;;11501.0;0.0
yf_MKC_d9;2300;ASH_COATED_OSMIUM;9936;15;9932;16;;;9942;8;9944;21;;;9939.0;0.0
yf_MKC_d9;2300;INTARIAN_PEPPER_ROOT;11501;15;11497;18;;;11507;26;11510;25;;;11504.0;0.0
yf_MKC_d9;2400;ASH_COATED_OSMIUM;9935;11;9931;21;;;9941;13;9944;25;;;9938.0;0.0
yf_MKC_d9;2400;INTARIAN_PEPPER_ROOT;11504;10;11500;21;;;11510;13;11513;24;;;11507.0;0.0
yf_MKC_d9;2500;ASH_COATED_OSMIUM;9935;20;9931;23;;;9942;10;9946;16;;;9938.5;0.0
yf_MKC_d9;2500;INTARIAN_PEPPER_ROOT;11506;17;11503;20;;;11513;22;11517;20;;;11509.5;0.0
yf_MKC_d9;2600;ASH_COATED_OSMIUM;9935;15;9932;14;;;9941;9;9944;21;;;9938.0;0.0
yf_MKC_d9;2600;INTARIAN_PEPPER_ROOT;11509;11;11507;14;;;11516;5;11520;20;;;11512.5;0.0
yf_MKC_d9;2700;ASH_COATED_OSMIUM;9935;14;9933;18;;;9941;15;9944;23;;;9938.0;0.0
yf_MKC_d9;2700;INTARIAN_PEPPER_ROOT;11512;25;11510;18;;;11518;11;11522;22;;;11515.0;0.0
yf_MKC_d9;2800;ASH_COATED_OSMIUM;9935;15;9932;24;;;9941;17;9945;23;;;9938.0;0.0
yf_MKC_d9;2800;INTARIAN_PEPPER_ROOT;11514;11;11510;30;;;11520;24;11524;18;;;11517.0;0.0
yf_MKC_d9;2900;ASH_COATED_OSMIUM;9935;19;9933;21;;;9941;14;9943;12;;;9938.0;0.0
yf_MKC_d9;2900;INTARIAN_PEPPER_ROOT;11517;11;11513;13;;;11523;18;11526;17;;;11520.0;0.0
yf_MKC_d9;3000;ASH_COATED_OSMIUM;9934;10;9932;27;;;9940;9;9942;26;;;9937.0;0.0
yf_MKC_d9;3000;INTARIAN_PEPPER_ROOT;11517;16;11513;29;;;11529;13;11533;29;;;11523.0;0.0
yf_MKC_d9;3100;ASH_COATED_OSMIUM;9934;15;9931;26;;;9940;14;9943;25;;;9937.0;0.0
yf_MKC_d9;3100;INTARIAN_PEPPER_ROOT;11523;10;11519;13;;;11529;7;11531;14;;;11526.0;0.0
yf_MKC_d9;3200;ASH_COATED_OSMIUM;9934;17;9930;21;;;9940;19;9942;18;;;9937.0;0.0
yf_MKC_d9;3200;INTARIAN_PEPPER_ROOT;11526;9;11523;14;;;11532;23;11536;19;;;11529.0;0.0
yf_MKC_d9;3300;ASH_COATED_OSMIUM;9933;19;9929;17;;;9939;5;9941;22;;;9936.0;0.0
yf_MKC_d9;3300;INTARIAN_PEPPER_ROOT;11519;5;11515;19;;;11544;18;11547;19;;;11531.5;0.0
yf_MKC_d9;3400;ASH_COATED_OSMIUM;9930;11;9926;22;;;9943;10;9945;26;;;9936.5;0.0
yf_MKC_d9;3400;INTARIAN_PEPPER_ROOT;11531;15;11527;23;;;11537;13;11539;24;;;11534.0;0.0
yf_MKC_d9;3500;ASH_COATED_OSMIUM;9932;11;9928;14;;;9938;7;9940;21;;;9935.0;0.0
yf_MKC_d9;3500;INTARIAN_PEPPER_ROOT;11522;18;11518;25;;;11551;12;11554;21;;;11536.5;0.0
yf_MKC_d9;3600;ASH_COATED_OSMIUM;9931;15;9929;25;;;9941;21;9944;22;;;9936.0;0.0
yf_MKC_d9;3600;INTARIAN_PEPPER_ROOT;11533;29;11530;23;;;11545;10;11549;21;;;11539.0;0.0
yf_MKC_d9;3700;ASH_COATED_OSMIUM;9930;19;9928;16;;;9941;7;9945;15;;;9935.5;0.0
yf_MKC_d9;3700;INTARIAN_PEPPER_ROOT;11539;11;11537;20;;;11545;10;11548;13;;;11542.0;0.0
yf_MKC_d9;3800;ASH_COATED_OSMIUM;9932;16;9929;18;;;9938;14;9942;28;;;9935.0;0.0
yf_MKC_d9;3800;INTARIAN_PEPPER_ROOT;11536;14;11533;19;;;11554;16;11558;22;;;11545.0;0.0
yf_MKC_d9;3900;ASH_COATED_OSMIUM;9932;15;9928;19;;;9938;7;9940;16;;;9935.0;0.0
yf_MKC_d9;3900;INTARIAN_PEPPER_ROOT;11544;13;11542;22;;;11551;19;11553;26;;;11547.5;0.0
yf_MKC_d9;4000;ASH_COATED_OSMIUM;9931;19;9927;19;;;9937;9;9939;19;;;9934.0;0.0
yf_MKC_d9;4000;INTARIAN_PEPPER_ROOT;11545;14;11541;13;;;11555;17;11559;12;;;11550.0;0.0
yf_MKC_d9;4100;ASH_COATED_OSMIUM;9931;26;9927;17;;;9937;9;9940;23;;;9934.0;0.0
yf_MKC_d9;4100;INTARIAN_PEPPER_ROOT;11550;13;11546;21;;;11556;16;11559;26;;;11553.0;0.0
yf_MKC_d9;4200;ASH_COATED_OSMIUM;9929;10;9925;21;;;9938;14;9940;25;;;9933.5;0.0
yf_MKC_d9;4200;INTARIAN_PEPPER_ROOT;11553;24;11550;29;;;11559;16;11563;25;;;11556.0;0.0
yf_MKC_d9;4300;ASH_COATED_OSMIUM;9928;16;9925;18;;;9938;15;9942;27;;;9933.0;0.0
yf_MKC_d9;4300;INTARIAN_PEPPER_ROOT;11555;14;11551;14;;;11561;14;11563;15;;;11558.0;0.0
yf_MKC_d9;4400;ASH_COATED_OSMIUM;9930;7;9927;18;;;9936;13;9939;25;;;9933.0;0.0
yf_MKC_d9;4400;INTARIAN_PEPPER_ROOT;11549;16;11546;18;;;11573;21;11575;17;;;11561.0;0.0
yf_MKC_d9;4500;ASH_COATED_OSMIUM;9928;11;9926;13;;;9939;24;9943;16;;;9933.5;0.0
yf_MKC_d9;4500;INTARIAN_PEPPER_ROOT;11561;10;11558;27;;;11567;15;11570;13;;;11564.0;0.0
yf_MKC_d9;4600;ASH_COATED_OSMIUM;9929;10;9926;26;;;9935;25;9937;20;;;9932.0;0.0
yf_MKC_d9;4600;INTARIAN_PEPPER_ROOT;11563;16;11560;23;;;11569;19;11572;21;;;11566.0;0.0
yf_MKC_d9;4700;ASH_COATED_OSMIUM;9928;15;9924;28;;;9936;10;9940;22;;;9932.0;0.0
yf_MKC_d9;4700;INTARIAN_PEPPER_ROOT;11566;19;11562;24;;;11572;5;11576;26;;;11569.0;0.0
yf_MKC_d9;4800;ASH_COATED_OSMIUM;9929;8;9925;24;;;9935;8;9939;23;;;9932.0;0.0
yf_MKC_d9;4800;INTARIAN_PEPPER_ROOT;11566;12;11563;17;;;11576;16;11580;21;;;11571.0;0.0
yf_MKC_d9;4900;ASH_COATED_OSMIUM;9926;12;9923;19;;;9938;15;9942;26;;;9932.0;0.0
yf_MKC_d9;4900;INTARIAN_PEPPER_ROOT;11571;10;11567;18;;;11577;25;11579;18;;;11574.0;0.0
yf_MKC_d9;5000;ASH_COATED_OSMIUM;9923;10;9921;19;;;9941;6;9945;19;;;9932.0;0.0
yf_MKC_d9;5000;INTARIAN_PEPPER_ROOT;11574;22;11572;10;;;11580;16;11583;27;;;11577.0;0.0
yf_MKC_d9;5100;ASH_COATED_OSMIUM;9928;14;9924;17;;;9934;21;9936;18;;;9931.0;0.0
yf_MKC_d9;5100;INTARIAN_PEPPER_ROOT;11577;6;11575;22;;;11583;24;11587;25;;;11580.0;0.0
yf_MKC_d9;5200;ASH_COATED_OSMIUM;9928;19;9924;24;;;9935;18;9938;23;;;9931.5;0.0
yf_MKC_d9;5200;INTARIAN_PEPPER_ROOT;11580;15;11578;17;;;11586;16;11588;21;;;11583.0;0.0
yf_MKC_d9;5300;ASH_COATED_OSMIUM;9914;14;9910;29;;;9946;17;9950;23;;;9930.0;0.0
yf_MKC_d9;5300;INTARIAN_PEPPER_ROOT;11582;18;11578;25;;;11588;14;11592;17;;;11585.0;0.0
yf_MKC_d9;5400;ASH_COATED_OSMIUM;9920;16;9916;12;;;9941;15;9945;19;;;9930.5;0.0
yf_MKC_d9;5400;INTARIAN_PEPPER_ROOT;11585;5;11583;16;;;11591;13;11595;24;;;11588.0;0.0
yf_MKC_d9;5500;ASH_COATED_OSMIUM;9927;9;9923;17;;;9933;16;9937;24;;;9930.0;0.0
yf_MKC_d9;5500;INTARIAN_PEPPER_ROOT;11587;9;11585;24;;;11595;8;11599;28;;;11591.0;0.0
yf_MKC_d9;5600;ASH_COATED_OSMIUM;9927;19;9923;23;;;9933;18;9937;23;;;9930.0;0.0
yf_MKC_d9;5600;INTARIAN_PEPPER_ROOT;11583;18;11580;17;;;11604;19;11606;17;;;11593.5;0.0
yf_MKC_d9;5700;ASH_COATED_OSMIUM;9927;18;9923;23;;;9933;17;9937;33;;;9930.0;0.0
yf_MKC_d9;5700;INTARIAN_PEPPER_ROOT;11593;13;11589;15;;;11599;11;11602;10;;;11596.0;0.0
yf_MKC_d9;5800;ASH_COATED_OSMIUM;9926;15;9924;19;;;9932;19;9935;24;;;9929.0;0.0
yf_MKC_d9;5800;INTARIAN_PEPPER_ROOT;11595;16;11592;17;;;11601;13;11603;22;;;11598.0;0.0
yf_MKC_d9;5900;ASH_COATED_OSMIUM;9925;11;9923;25;;;9934;12;9938;12;;;9929.5;0.0
yf_MKC_d9;5900;INTARIAN_PEPPER_ROOT;11599;19;11596;19;;;11605;13;11609;8;;;11602.0;0.0
yf_MKC_d9;6000;ASH_COATED_OSMIUM;9926;18;9923;16;;;9932;12;9934;23;;;9929.0;0.0
yf_MKC_d9;6000;INTARIAN_PEPPER_ROOT;11601;20;11599;20;;;11607;15;11611;24;;;11604.0;0.0
yf_MKC_d9;6100;ASH_COATED_OSMIUM;9926;14;9923;23;;;9932;17;9935;27;;;9929.0;0.0
yf_MKC_d9;6100;INTARIAN_PEPPER_ROOT;11604;11;11601;25;;;11610;15;11612;13;;;11607.0;0.0
yf_MKC_d9;6200;ASH_COATED_OSMIUM;9925;11;9923;11;;;9931;20;9934;23;;;9928.0;0.0
yf_MKC_d9;6200;INTARIAN_PEPPER_ROOT;11606;24;11604;16;;;11612;16;11614;19;;;11609.0;0.0
yf_MKC_d9;6300;ASH_COATED_OSMIUM;9925;23;9922;18;;;9931;14;9935;18;;;9928.0;0.0
yf_MKC_d9;6300;INTARIAN_PEPPER_ROOT;11597;16;11595;22;;;11629;12;11633;18;;;11613.0;0.0
yf_MKC_d9;6400;ASH_COATED_OSMIUM;9923;22;9921;23;;;9931;7;9933;22;;;9927.0;0.0
yf_MKC_d9;6400;INTARIAN_PEPPER_ROOT;11612;5;11609;25;;;11618;22;11621;22;;;11615.0;0.0
yf_MKC_d9;6500;ASH_COATED_OSMIUM;9917;10;9914;13;;;9937;15;9941;23;;;9927.0;0.0
yf_MKC_d9;6500;INTARIAN_PEPPER_ROOT;11615;22;11613;16;;;11621;5;11623;10;;;11618.0;0.0
yf_MKC_d9;6600;ASH_COATED_OSMIUM;9925;18;9923;11;;;9931;12;9935;8;;;9928.0;0.0
yf_MKC_d9;6600;INTARIAN_PEPPER_ROOT;11615;21;11611;27;;;11625;11;11627;28;;;11620.0;0.0
yf_MKC_d9;6700;ASH_COATED_OSMIUM;9924;11;9920;12;;;9930;13;9932;20;;;9927.0;0.0
yf_MKC_d9;6700;INTARIAN_PEPPER_ROOT;11620;12;11616;16;;;11626;16;11630;22;;;11623.0;0.0
yf_MKC_d9;6800;ASH_COATED_OSMIUM;9921;17;9918;16;;;9932;12;9936;16;;;9926.5;0.0
yf_MKC_d9;6800;INTARIAN_PEPPER_ROOT;11622;24;11620;17;;;11631;8;11635;26;;;11626.5;0.0
yf_MKC_d9;6900;ASH_COATED_OSMIUM;9920;14;9916;25;;;9933;5;9937;16;;;9926.5;0.0
yf_MKC_d9;6900;INTARIAN_PEPPER_ROOT;11620;13;11618;18;;;11636;13;11640;14;;;11628.0;0.0
yf_MKC_d9;7000;ASH_COATED_OSMIUM;9924;13;9920;20;;;9930;21;9933;20;;;9927.0;0.0
yf_MKC_d9;7000;INTARIAN_PEPPER_ROOT;11628;15;11624;22;;;11634;10;11636;21;;;11631.0;0.0
yf_MKC_d9;7100;ASH_COATED_OSMIUM;9923;23;9921;24;;;9929;17;9932;23;;;9926.0;0.0
yf_MKC_d9;7100;INTARIAN_PEPPER_ROOT;11631;8;11627;19;;;11637;19;11639;16;;;11634.0;0.0
yf_MKC_d9;7200;ASH_COATED_OSMIUM;9923;13;9919;21;;;9929;22;9932;19;;;9926.0;0.0
yf_MKC_d9;7200;INTARIAN_PEPPER_ROOT;11632;23;11628;12;;;11640;16;11644;22;;;11636.0;0.0
yf_MKC_d9;7300;ASH_COATED_OSMIUM;9912;28;9910;18;;;9939;12;9942;15;;;9925.5;0.0
yf_MKC_d9;7300;INTARIAN_PEPPER_ROOT;11637;20;11634;18;;;11643;22;11647;15;;;11640.0;0.0
yf_MKC_d9;7400;ASH_COATED_OSMIUM;9922;16;9919;30;;;9928;11;9931;19;;;9925.0;0.0
yf_MKC_d9;7400;INTARIAN_PEPPER_ROOT;11620;18;11617;23;;;11664;23;11667;16;;;11642.0;0.0
yf_MKC_d9;7500;ASH_COATED_OSMIUM;9922;17;9919;18;;;9928;16;9930;22;;;9925.0;0.0
yf_MKC_d9;7500;INTARIAN_PEPPER_ROOT;11642;17;11639;20;;;11648;16;11651;21;;;11645.0;0.0
yf_MKC_d9;7600;ASH_COATED_OSMIUM;9922;11;9918;15;;;9928;14;9931;24;;;9925.0;0.0
yf_MKC_d9;7600;INTARIAN_PEPPER_ROOT;11641;11;11639;21;;;11655;15;11659;26;;;11648.0;0.0
yf_MKC_d9;7700;ASH_COATED_OSMIUM;9919;9;9915;23;;;9930;14;9932;18;;;9924.5;0.0
yf_MKC_d9;7700;INTARIAN_PEPPER_ROOT;11638;23;11635;23;;;11662;14;11665;23;;;11650.0;0.0
yf_MKC_d9;7800;ASH_COATED_OSMIUM;9921;15;9919;25;;;9927;21;9929;30;;;9924.0;0.0
yf_MKC_d9;7800;INTARIAN_PEPPER_ROOT;11647;17;11645;23;;;11660;24;11663;16;;;11653.5;0.0
yf_MKC_d9;7900;ASH_COATED_OSMIUM;9921;22;9919;24;;;9927;9;9930;19;;;9924.0;0.0
yf_MKC_d9;7900;INTARIAN_PEPPER_ROOT;11651;18;11649;22;;;11661;16;11663;22;;;11656.0;0.0
yf_MKC_d9;8000;ASH_COATED_OSMIUM;9921;21;9917;20;;;9927;16;9930;13;;;9924.0;0.0
yf_MKC_d9;8000;INTARIAN_PEPPER_ROOT;11645;16;11642;19;;;11672;17;11674;10;;;11658.5;0.0
yf_MKC_d9;8100;ASH_COATED_OSMIUM;9920;15;9917;15;;;9927;19;9931;17;;;9923.5;0.0
yf_MKC_d9;8100;INTARIAN_PEPPER_ROOT;11658;7;11655;25;;;11664;10;11667;8;;;11661.0;0.0
yf_MKC_d9;8200;ASH_COATED_OSMIUM;9920;13;9916;18;;;9926;17;9929;20;;;9923.0;0.0
yf_MKC_d9;8200;INTARIAN_PEPPER_ROOT;11658;13;11654;11;;;11668;12;11671;18;;;11663.0;0.0
yf_MKC_d9;8300;ASH_COATED_OSMIUM;9920;13;9917;25;;;9926;16;9930;18;;;9923.0;0.0
yf_MKC_d9;8300;INTARIAN_PEPPER_ROOT;11663;17;11660;30;;;11669;17;11672;31;;;11666.0;0.0
yf_MKC_d9;8400;ASH_COATED_OSMIUM;9920;28;9918;13;;;9926;16;9928;27;;;9923.0;0.0
yf_MKC_d9;8400;INTARIAN_PEPPER_ROOT;11666;20;11664;20;;;11672;20;11675;20;;;11669.0;0.0
yf_MKC_d9;8500;ASH_COATED_OSMIUM;9919;11;9917;17;;;9925;10;9927;17;;;9922.0;0.0
yf_MKC_d9;8500;INTARIAN_PEPPER_ROOT;11666;9;11662;15;;;11678;16;11682;22;;;11672.0;0.0
yf_MKC_d9;8600;ASH_COATED_OSMIUM;9919;11;9916;16;;;9925;21;9929;29;;;9922.0;0.0
yf_MKC_d9;8600;INTARIAN_PEPPER_ROOT;11666;13;11662;20;;;11683;10;11687;18;;;11674.5;0.0
yf_MKC_d9;8700;ASH_COATED_OSMIUM;9915;18;9911;16;;;9927;11;9931;24;;;9921.0;0.0
yf_MKC_d9;8700;INTARIAN_PEPPER_ROOT;11674;14;11672;20;;;11680;12;11684;16;;;11677.0;0.0
yf_MKC_d9;8800;ASH_COATED_OSMIUM;9919;13;9916;16;;;9925;19;9927;18;;;9922.0;0.0
yf_MKC_d9;8800;INTARIAN_PEPPER_ROOT;11673;14;11671;28;;;11686;14;11690;16;;;11679.5;0.0
yf_MKC_d9;8900;ASH_COATED_OSMIUM;9916;5;9914;18;;;9927;9;9931;13;;;9921.5;0.0
yf_MKC_d9;8900;INTARIAN_PEPPER_ROOT;11680;17;11677;27;;;11686;21;11689;24;;;11683.0;0.0
yf_MKC_d9;9000;ASH_COATED_OSMIUM;9918;15;9915;12;;;9924;12;9926;27;;;9921.0;0.0
yf_MKC_d9;9000;INTARIAN_PEPPER_ROOT;11681;17;11677;20;;;11691;19;11694;26;;;11686.0;0.0
yf_MKC_d9;9100;ASH_COATED_OSMIUM;9917;18;9913;16;;;9924;15;9928;17;;;9920.5;0.0
yf_MKC_d9;9100;INTARIAN_PEPPER_ROOT;11682;15;11678;17;;;11695;22;11698;17;;;11688.5;0.0
yf_MKC_d9;9200;ASH_COATED_OSMIUM;9917;13;9913;13;;;9923;13;9926;23;;;9920.0;0.0
yf_MKC_d9;9200;INTARIAN_PEPPER_ROOT;11688;17;11685;29;;;11694;16;11697;25;;;11691.0;0.0
yf_MKC_d9;9300;ASH_COATED_OSMIUM;9917;9;9913;21;;;9923;24;9926;28;;;9920.0;0.0
yf_MKC_d9;9300;INTARIAN_PEPPER_ROOT;11691;18;11687;18;;;11697;21;11701;27;;;11694.0;0.0
yf_MKC_d9;9400;ASH_COATED_OSMIUM;9917;9;9913;32;;;9923;14;9927;25;;;9920.0;0.0
yf_MKC_d9;9400;INTARIAN_PEPPER_ROOT;11693;14;11690;15;;;11699;22;11703;31;;;11696.0;0.0
yf_MKC_d9;9500;ASH_COATED_OSMIUM;9916;12;9914;17;;;9923;16;9927;21;;;9919.5;0.0
yf_MKC_d9;9500;INTARIAN_PEPPER_ROOT;11696;23;11694;17;;;11702;10;11704;23;;;11699.0;0.0
yf_MKC_d9;9600;ASH_COATED_OSMIUM;9914;21;9910;24;;;9924;9;9928;15;;;9919.0;0.0
yf_MKC_d9;9600;INTARIAN_PEPPER_ROOT;11699;18;11695;20;;;11705;13;11708;17;;;11702.0;0.0
yf_MKC_d9;9700;ASH_COATED_OSMIUM;9916;11;9913;20;;;9922;13;9925;24;;;9919.0;0.0
yf_MKC_d9;9700;INTARIAN_PEPPER_ROOT;11701;19;11697;15;;;11707;15;11711;17;;;11704.0;0.0
yf_MKC_d9;9800;ASH_COATED_OSMIUM;9916;23;9912;19;;;9922;19;9926;15;;;9919.0;0.0
yf_MKC_d9;9800;INTARIAN_PEPPER_ROOT;11704;10;11702;10;;;11710;12;11713;25;;;11707.0;0.0
yf_MKC_d9;9900;ASH_COATED_OSMIUM;9915;12;9911;14;;;9921;18;9925;21;;;9918.0;0.0
yf_MKC_d9;9900;INTARIAN_PEPPER_ROOT;11707;14;11705;25;;;11713;16;11715;20;;;11710.0;0.0
yf_MKC_d9;10000;ASH_COATED_OSMIUM;9910;12;9908;13;;;9925;9;9929;25;;;9917.5;0.0
yf_MKC_d9;10000;INTARIAN_PEPPER_ROOT;11709;11;11707;29;;;11715;6;11717;17;;;11712.0;0.0
yf_MKC_d9;10100;ASH_COATED_OSMIUM;9915;16;9913;21;;;9921;14;9923;22;;;9918.0;0.0
yf_MKC_d9;10100;INTARIAN_PEPPER_ROOT;11712;11;11710;23;;;11718;8;11722;17;;;11715.0;0.0
yf_MKC_d9;10200;ASH_COATED_OSMIUM;9906;18;9904;24;;;9929;11;9931;32;;;9917.5;0.0
yf_MKC_d9;10200;INTARIAN_PEPPER_ROOT;11715;14;11711;15;;;11721;11;11724;28;;;11718.0;0.0
yf_MKC_d9;10300;ASH_COATED_OSMIUM;9914;11;9912;15;;;9920;17;9924;29;;;9917.0;0.0
yf_MKC_d9;10300;INTARIAN_PEPPER_ROOT;11718;15;11714;25;;;11724;14;11728;22;;;11721.0;0.0
yf_MKC_d9;10400;ASH_COATED_OSMIUM;9911;14;9908;19;;;9923;14;9926;16;;;9917.0;0.0
yf_MKC_d9;10400;INTARIAN_PEPPER_ROOT;11710;15;11707;17;;;11738;19;11740;9;;;11724.0;0.0
yf_MKC_d9;10500;ASH_COATED_OSMIUM;9913;15;9909;27;;;9921;14;9924;14;;;9917.0;0.0
yf_MKC_d9;10500;INTARIAN_PEPPER_ROOT;11719;21;11717;8;;;11732;10;11734;28;;;11725.5;0.0
yf_MKC_d9;10600;ASH_COATED_OSMIUM;9912;15;9909;18;;;9920;20;9924;25;;;9916.0;0.0
yf_MKC_d9;10600;INTARIAN_PEPPER_ROOT;11725;11;11722;30;;;11731;9;11735;19;;;11728.0;0.0
yf_MKC_d9;10700;ASH_COATED_OSMIUM;9913;19;9910;25;;;9919;12;9923;23;;;9916.0;0.0
yf_MKC_d9;10700;INTARIAN_PEPPER_ROOT;11729;16;11725;19;;;11735;18;11738;18;;;11732.0;0.0
yf_MKC_d9;10800;ASH_COATED_OSMIUM;9913;11;9910;17;;;9919;9;9921;27;;;9916.0;0.0
yf_MKC_d9;10800;INTARIAN_PEPPER_ROOT;11729;19;11725;22;;;11739;16;11743;16;;;11734.0;0.0
yf_MKC_d9;10900;ASH_COATED_OSMIUM;9913;17;9910;14;;;9919;27;9922;9;;;9916.0;0.0
yf_MKC_d9;10900;INTARIAN_PEPPER_ROOT;11734;20;11731;17;;;11740;11;11743;26;;;11737.0;0.0
yf_MKC_d9;11000;ASH_COATED_OSMIUM;9911;6;9908;24;;;9922;7;9924;12;;;9916.5;0.0
yf_MKC_d9;11000;INTARIAN_PEPPER_ROOT;11737;15;11734;23;;;11743;15;11746;26;;;11740.0;0.0
yf_MKC_d9;11100;ASH_COATED_OSMIUM;9902;11;9899;10;;;9928;23;9931;10;;;9915.0;0.0
yf_MKC_d9;11100;INTARIAN_PEPPER_ROOT;11739;10;11735;17;;;11745;19;11748;22;;;11742.0;0.0
yf_MKC_d9;11200;ASH_COATED_OSMIUM;9912;15;9910;14;;;9918;8;9920;13;;;9915.0;0.0
yf_MKC_d9;11200;INTARIAN_PEPPER_ROOT;11742;11;11738;18;;;11748;14;11752;21;;;11745.0;0.0
yf_MKC_d9;11300;ASH_COATED_OSMIUM;9912;17;9909;24;;;9918;12;9920;22;;;9915.0;0.0
yf_MKC_d9;11300;INTARIAN_PEPPER_ROOT;11740;6;11738;21;;;11756;7;11760;15;;;11748.0;0.0
yf_MKC_d9;11400;ASH_COATED_OSMIUM;9906;22;9903;18;;;9922;11;9925;23;;;9914.0;0.0
yf_MKC_d9;11400;INTARIAN_PEPPER_ROOT;11746;12;11742;19;;;11755;19;11757;19;;;11750.5;0.0
yf_MKC_d9;11500;ASH_COATED_OSMIUM;9911;15;9909;8;;;9917;11;9920;34;;;9914.0;0.0
yf_MKC_d9;11500;INTARIAN_PEPPER_ROOT;11749;14;11745;23;;;11756;22;11760;23;;;11752.5;0.0
yf_MKC_d9;11600;ASH_COATED_OSMIUM;9911;15;9907;8;;;9917;16;9920;26;;;9914.0;0.0
yf_MKC_d9;11600;INTARIAN_PEPPER_ROOT;11752;13;11749;13;;;11758;10;11762;20;;;11755.0;0.0
yf_MKC_d9;11700;ASH_COATED_OSMIUM;9911;20;9908;13;;;9917;18;9921;20;;;9914.0;0.0
yf_MKC_d9;11700;INTARIAN_PEPPER_ROOT;11755;22;11753;13;;;11761;17;11765;13;;;11758.0;0.0
yf_MKC_d9;11800;ASH_COATED_OSMIUM;9909;11;9905;24;;;9917;20;9919;8;;;9913.0;0.0
yf_MKC_d9;11800;INTARIAN_PEPPER_ROOT;11758;9;11754;17;;;11764;14;11767;10;;;11761.0;0.0
yf_MKC_d9;11900;ASH_COATED_OSMIUM;9905;8;9903;14;;;9920;20;9924;24;;;9912.5;0.0
yf_MKC_d9;11900;INTARIAN_PEPPER_ROOT;11761;15;11757;22;;;11767;12;11770;20;;;11764.0;0.0
yf_MKC_d9;12000;ASH_COATED_OSMIUM;9910;19;9908;13;;;9916;9;9919;20;;;9913.0;0.0
yf_MKC_d9;12000;INTARIAN_PEPPER_ROOT;11763;9;11759;27;;;11769;19;11772;16;;;11766.0;0.0
yf_MKC_d9;12100;ASH_COATED_OSMIUM;9910;20;9906;26;;;9916;19;9918;25;;;9913.0;0.0
yf_MKC_d9;12100;INTARIAN_PEPPER_ROOT;11759;12;11755;23;;;11779;18;11783;18;;;11769.0;0.0
yf_MKC_d9;12200;ASH_COATED_OSMIUM;9909;13;9907;16;;;9915;10;9917;18;;;9912.0;0.0
yf_MKC_d9;12200;INTARIAN_PEPPER_ROOT;11767;27;11765;24;;;11776;20;11778;23;;;11771.5;0.0
yf_MKC_d9;12300;ASH_COATED_OSMIUM;9903;17;9901;16;;;9920;14;9923;18;;;9911.5;0.0
yf_MKC_d9;12300;INTARIAN_PEPPER_ROOT;11771;20;11767;21;;;11777;20;11779;17;;;11774.0;0.0
yf_MKC_d9;12400;ASH_COATED_OSMIUM;9908;14;9905;15;;;9914;17;9917;18;;;9911.0;0.0
yf_MKC_d9;12400;INTARIAN_PEPPER_ROOT;11775;7;11771;30;;;11781;20;11784;22;;;11778.0;0.0
yf_MKC_d9;12500;ASH_COATED_OSMIUM;9909;9;9906;24;;;9915;15;9919;23;;;9912.0;0.0
yf_MKC_d9;12500;INTARIAN_PEPPER_ROOT;11762;13;11758;19;;;11798;13;11801;27;;;11780.0;0.0
yf_MKC_d9;12600;ASH_COATED_OSMIUM;9908;20;9906;24;;;9914;13;9916;15;;;9911.0;0.0
yf_MKC_d9;12600;INTARIAN_PEPPER_ROOT;11770;17;11766;26;;;11796;25;11800;26;;;11783.0;0.0
yf_MKC_d9;12700;ASH_COATED_OSMIUM;9908;17;9905;16;;;9914;14;9917;21;;;9911.0;0.0
yf_MKC_d9;12700;INTARIAN_PEPPER_ROOT;11783;15;11780;26;;;11789;9;11791;21;;;11786.0;0.0
yf_MKC_d9;12800;ASH_COATED_OSMIUM;9907;18;9904;13;;;9913;13;9917;22;;;9910.0;0.0
yf_MKC_d9;12800;INTARIAN_PEPPER_ROOT;11779;21;11776;19;;;11797;10;11799;18;;;11788.0;0.0
yf_MKC_d9;12900;ASH_COATED_OSMIUM;9908;14;9904;12;;;9914;14;9918;23;;;9911.0;0.0
yf_MKC_d9;12900;INTARIAN_PEPPER_ROOT;11787;9;11783;24;;;11795;21;11799;17;;;11791.0;0.0
yf_MKC_d9;13000;ASH_COATED_OSMIUM;9894;16;9890;22;;;9925;16;9929;21;;;9909.5;0.0
yf_MKC_d9;13000;INTARIAN_PEPPER_ROOT;11791;12;11789;17;;;11797;12;11800;29;;;11794.0;0.0
yf_MKC_d9;13100;ASH_COATED_OSMIUM;9907;11;9903;15;;;9913;9;9916;22;;;9910.0;0.0
yf_MKC_d9;13100;INTARIAN_PEPPER_ROOT;11793;16;11791;28;;;11799;13;11802;18;;;11796.0;0.0
yf_MKC_d9;13200;ASH_COATED_OSMIUM;9906;17;9904;14;;;9912;15;9916;16;;;9909.0;0.0
yf_MKC_d9;13200;INTARIAN_PEPPER_ROOT;11787;18;11784;8;;;11809;9;11812;18;;;11798.0;0.0
yf_MKC_d9;13300;ASH_COATED_OSMIUM;9907;12;9903;26;;;9913;7;9916;22;;;9910.0;0.0
yf_MKC_d9;13300;INTARIAN_PEPPER_ROOT;11798;15;11796;10;;;11804;12;11806;20;;;11801.0;0.0
yf_MKC_d9;13400;ASH_COATED_OSMIUM;9905;17;9903;23;;;9913;21;9916;17;;;9909.0;0.0
yf_MKC_d9;13400;INTARIAN_PEPPER_ROOT;11802;12;11799;15;;;11808;5;11811;16;;;11805.0;0.0
yf_MKC_d9;13500;ASH_COATED_OSMIUM;9892;9;9890;33;;;9925;8;9927;16;;;9908.5;0.0
yf_MKC_d9;13500;INTARIAN_PEPPER_ROOT;11804;13;11801;18;;;11810;14;11813;17;;;11807.0;0.0
yf_MKC_d9;13600;ASH_COATED_OSMIUM;9905;13;9902;20;;;9911;26;9914;26;;;9908.0;0.0
yf_MKC_d9;13600;INTARIAN_PEPPER_ROOT;11806;18;11802;14;;;11812;19;11815;14;;;11809.0;0.0
yf_MKC_d9;13700;ASH_COATED_OSMIUM;9905;15;9902;15;;;9911;18;9913;22;;;9908.0;0.0
yf_MKC_d9;13700;INTARIAN_PEPPER_ROOT;11810;14;11808;35;;;11816;20;11818;21;;;11813.0;0.0
yf_MKC_d9;13800;ASH_COATED_OSMIUM;9905;13;9902;26;;;9911;13;9913;21;;;9908.0;0.0
yf_MKC_d9;13800;INTARIAN_PEPPER_ROOT;11806;12;11802;16;;;11823;19;11825;17;;;11814.5;0.0
yf_MKC_d9;13900;ASH_COATED_OSMIUM;9904;14;9901;10;;;9910;22;9913;14;;;9907.0;0.0
yf_MKC_d9;13900;INTARIAN_PEPPER_ROOT;11815;16;11811;24;;;11821;11;11824;27;;;11818.0;0.0
yf_MKC_d9;14000;ASH_COATED_OSMIUM;9904;6;9901;22;;;9910;25;9912;26;;;9907.0;0.0
yf_MKC_d9;14000;INTARIAN_PEPPER_ROOT;11817;13;11815;22;;;11823;18;11826;21;;;11820.0;0.0
yf_MKC_d9;14100;ASH_COATED_OSMIUM;9905;9;9902;21;;;9911;25;9914;22;;;9908.0;0.0
yf_MKC_d9;14100;INTARIAN_PEPPER_ROOT;11821;11;11817;16;;;11827;18;11830;21;;;11824.0;0.0
yf_MKC_d9;14200;ASH_COATED_OSMIUM;9904;5;9900;27;;;9910;9;9913;15;;;9907.0;0.0
yf_MKC_d9;14200;INTARIAN_PEPPER_ROOT;11823;15;11821;19;;;11829;16;11833;24;;;11826.0;0.0
yf_MKC_d9;14300;ASH_COATED_OSMIUM;9891;16;9887;27;;;9922;18;9924;25;;;9906.5;0.0
yf_MKC_d9;14300;INTARIAN_PEPPER_ROOT;11826;20;11824;15;;;11832;19;11836;17;;;11829.0;0.0
yf_MKC_d9;14400;ASH_COATED_OSMIUM;9902;19;9899;27;;;9911;15;9914;24;;;9906.5;0.0
yf_MKC_d9;14400;INTARIAN_PEPPER_ROOT;11829;12;11825;22;;;11835;20;11838;14;;;11832.0;0.0
yf_MKC_d9;14500;ASH_COATED_OSMIUM;9897;16;9894;15;;;9915;23;9917;27;;;9906.0;0.0
yf_MKC_d9;14500;INTARIAN_PEPPER_ROOT;11831;23;11828;28;;;11837;12;11841;21;;;11834.0;0.0
yf_MKC_d9;14600;ASH_COATED_OSMIUM;9903;13;9901;13;;;9909;15;9912;9;;;9906.0;0.0
yf_MKC_d9;14600;INTARIAN_PEPPER_ROOT;11834;18;11830;25;;;11840;20;11842;27;;;11837.0;0.0
yf_MKC_d9;14700;ASH_COATED_OSMIUM;9902;8;9899;20;;;9908;20;9911;18;;;9905.0;0.0
yf_MKC_d9;14700;INTARIAN_PEPPER_ROOT;11836;11;11834;23;;;11842;10;11845;15;;;11839.0;0.0
yf_MKC_d9;14800;ASH_COATED_OSMIUM;9897;16;9893;21;;;9913;14;9915;25;;;9905.0;0.0
yf_MKC_d9;14800;INTARIAN_PEPPER_ROOT;11839;15;11837;21;;;11845;12;11849;26;;;11842.0;0.0
yf_MKC_d9;14900;ASH_COATED_OSMIUM;9902;9;9898;19;;;9908;20;9911;18;;;9905.0;0.0
yf_MKC_d9;14900;INTARIAN_PEPPER_ROOT;11828;7;11824;20;;;11862;7;11866;31;;;11845.0;0.0
yf_MKC_d9;15000;ASH_COATED_OSMIUM;9902;26;9898;19;;;9908;7;9911;12;;;9905.0;0.0
yf_MKC_d9;15000;INTARIAN_PEPPER_ROOT;11845;8;11841;13;;;11852;7;11854;23;;;11848.5;0.0
yf_MKC_d9;15100;ASH_COATED_OSMIUM;9900;15;9896;27;;;9910;12;9913;25;;;9905.0;0.0
yf_MKC_d9;15100;INTARIAN_PEPPER_ROOT;11847;21;11843;20;;;11853;19;11857;22;;;11850.0;0.0
yf_MKC_d9;15200;ASH_COATED_OSMIUM;9901;18;9898;15;;;9907;15;9910;27;;;9904.0;0.0
yf_MKC_d9;15200;INTARIAN_PEPPER_ROOT;11850;19;11846;19;;;11856;13;11860;13;;;11853.0;0.0
yf_MKC_d9;15300;ASH_COATED_OSMIUM;9895;21;9892;27;;;9913;9;9917;17;;;9904.0;0.0
yf_MKC_d9;15300;INTARIAN_PEPPER_ROOT;11853;18;11851;20;;;11859;12;11861;19;;;11856.0;0.0
yf_MKC_d9;15400;ASH_COATED_OSMIUM;9901;11;9898;28;;;9907;17;9911;21;;;9904.0;0.0
yf_MKC_d9;15400;INTARIAN_PEPPER_ROOT;11855;5;11851;22;;;11861;22;11864;19;;;11858.0;0.0
yf_MKC_d9;15500;ASH_COATED_OSMIUM;9900;9;9898;24;;;9906;12;9909;21;;;9903.0;0.0
yf_MKC_d9;15500;INTARIAN_PEPPER_ROOT;11853;13;11849;23;;;11871;11;11874;24;;;11862.0;0.0
yf_MKC_d9;15600;ASH_COATED_OSMIUM;9900;15;9897;26;;;9906;18;9909;25;;;9903.0;0.0
yf_MKC_d9;15600;INTARIAN_PEPPER_ROOT;11854;19;11850;12;;;11873;9;11875;23;;;11863.5;0.0
yf_MKC_d9;15700;ASH_COATED_OSMIUM;9899;20;9895;15;;;9905;18;9908;24;;;9902.0;0.0
yf_MKC_d9;15700;INTARIAN_PEPPER_ROOT;11863;23;11861;25;;;11869;14;11871;24;;;11866.0;0.0
yf_MKC_d9;15800;ASH_COATED_OSMIUM;9899;19;9896;18;;;9906;11;9909;16;;;9902.5;0.0
yf_MKC_d9;15800;INTARIAN_PEPPER_ROOT;11866;7;11862;21;;;11872;13;11874;22;;;11869.0;0.0
yf_MKC_d9;15900;ASH_COATED_OSMIUM;9899;8;9895;24;;;9905;12;9909;23;;;9902.0;0.0
yf_MKC_d9;15900;INTARIAN_PEPPER_ROOT;11869;8;11867;26;;;11875;15;11878;18;;;11872.0;0.0
yf_MKC_d9;16000;ASH_COATED_OSMIUM;9899;13;9897;19;;;9905;16;9907;14;;;9902.0;0.0
yf_MKC_d9;16000;INTARIAN_PEPPER_ROOT;11867;17;11865;19;;;11882;15;11886;17;;;11874.5;0.0
yf_MKC_d9;16100;ASH_COATED_OSMIUM;9899;25;9896;23;;;9905;7;9907;10;;;9902.0;0.0
yf_MKC_d9;16100;INTARIAN_PEPPER_ROOT;11875;13;11873;8;;;11881;22;11884;15;;;11878.0;0.0
yf_MKC_d9;16200;ASH_COATED_OSMIUM;9898;6;9894;22;;;9904;13;9906;16;;;9901.0;0.0
yf_MKC_d9;16200;INTARIAN_PEPPER_ROOT;11877;15;11875;11;;;11883;20;11887;12;;;11880.0;0.0
yf_MKC_d9;16300;ASH_COATED_OSMIUM;9898;7;9895;20;;;9904;18;9908;17;;;9901.0;0.0
yf_MKC_d9;16300;INTARIAN_PEPPER_ROOT;11872;16;11870;24;;;11894;14;11896;17;;;11883.0;0.0
yf_MKC_d9;16400;ASH_COATED_OSMIUM;9897;18;9894;14;;;9904;8;9907;32;;;9900.5;0.0
yf_MKC_d9;16400;INTARIAN_PEPPER_ROOT;11882;15;11879;19;;;11888;11;11892;19;;;11885.0;0.0
yf_MKC_d9;16500;ASH_COATED_OSMIUM;9898;5;9894;16;;;9904;10;9906;22;;;9901.0;0.0
yf_MKC_d9;16500;INTARIAN_PEPPER_ROOT;11876;19;11873;17;;;11900;19;11903;18;;;11888.0;0.0
yf_MKC_d9;16600;ASH_COATED_OSMIUM;9897;12;9894;14;;;9903;13;9906;11;;;9900.0;0.0
yf_MKC_d9;16600;INTARIAN_PEPPER_ROOT;11888;16;11884;17;;;11894;18;11896;25;;;11891.0;0.0
yf_MKC_d9;16700;ASH_COATED_OSMIUM;9897;10;9893;18;;;9903;16;9905;18;;;9900.0;0.0
yf_MKC_d9;16700;INTARIAN_PEPPER_ROOT;11884;5;11881;18;;;11903;17;11905;22;;;11893.5;0.0
yf_MKC_d9;16800;ASH_COATED_OSMIUM;9894;17;9891;20;;;9905;20;9909;24;;;9899.5;0.0
yf_MKC_d9;16800;INTARIAN_PEPPER_ROOT;11893;22;11889;21;;;11899;16;11901;18;;;11896.0;0.0
yf_MKC_d9;16900;ASH_COATED_OSMIUM;9896;16;9894;14;;;9902;16;9904;14;;;9899.0;0.0
yf_MKC_d9;16900;INTARIAN_PEPPER_ROOT;11896;11;11894;23;;;11902;8;11905;17;;;11899.0;0.0
yf_MKC_d9;17000;ASH_COATED_OSMIUM;9897;18;9895;31;;;9903;25;9905;17;;;9900.0;0.0
yf_MKC_d9;17000;INTARIAN_PEPPER_ROOT;11898;21;11895;11;;;11904;17;11907;14;;;11901.0;0.0
yf_MKC_d9;17100;ASH_COATED_OSMIUM;9894;5;9892;12;;;9906;15;9910;15;;;9900.0;0.0
yf_MKC_d9;17100;INTARIAN_PEPPER_ROOT;11899;13;11895;21;;;11905;8;11908;26;;;11902.0;0.0
yf_MKC_d9;17200;ASH_COATED_OSMIUM;9896;17;9893;19;;;9903;7;9907;20;;;9899.5;0.0
yf_MKC_d9;17200;INTARIAN_PEPPER_ROOT;11900;10;11898;26;;;11910;11;11913;13;;;11905.0;0.0
yf_MKC_d9;17300;ASH_COATED_OSMIUM;9897;10;9893;24;;;9903;5;9906;8;;;9900.0;0.0
yf_MKC_d9;17300;INTARIAN_PEPPER_ROOT;11900;17;11897;16;;;11912;20;11915;20;;;11906.0;0.0
yf_MKC_d9;17400;ASH_COATED_OSMIUM;9896;9;9893;28;;;9905;23;9909;19;;;9900.5;0.0
yf_MKC_d9;17400;INTARIAN_PEPPER_ROOT;11904;11;11902;15;;;11910;15;11914;27;;;11907.0;0.0
yf_MKC_d9;17500;ASH_COATED_OSMIUM;9898;16;9895;17;;;9904;5;9906;22;;;9901.0;0.0
yf_MKC_d9;17500;INTARIAN_PEPPER_ROOT;11906;5;11902;15;;;11912;11;11914;14;;;11909.0;0.0
yf_MKC_d9;17600;ASH_COATED_OSMIUM;9892;16;9890;25;;;9909;13;9913;17;;;9900.5;0.0
yf_MKC_d9;17600;INTARIAN_PEPPER_ROOT;11906;15;11904;17;;;11914;20;11917;11;;;11910.0;0.0
yf_MKC_d9;17700;ASH_COATED_OSMIUM;9896;12;9894;17;;;9906;6;9910;21;;;9901.0;0.0
yf_MKC_d9;17700;INTARIAN_PEPPER_ROOT;11909;18;11905;10;;;11915;5;11918;22;;;11912.0;0.0
yf_MKC_d9;17800;ASH_COATED_OSMIUM;9898;15;9894;19;;;9904;6;9906;10;;;9901.0;0.0
yf_MKC_d9;17800;INTARIAN_PEPPER_ROOT;11911;18;11909;28;;;11917;20;11920;25;;;11914.0;0.0
yf_MKC_d9;17900;ASH_COATED_OSMIUM;9885;21;9881;26;;;9919;8;9923;14;;;9902.0;0.0
yf_MKC_d9;17900;INTARIAN_PEPPER_ROOT;11906;27;11903;30;;;11923;21;11925;21;;;11914.5;0.0
yf_MKC_d9;18000;ASH_COATED_OSMIUM;9899;12;9896;19;;;9905;14;9908;24;;;9902.0;0.0
yf_MKC_d9;18000;INTARIAN_PEPPER_ROOT;11913;17;11911;25;;;11919;11;11922;14;;;11916.0;0.0
yf_MKC_d9;18100;ASH_COATED_OSMIUM;9899;13;9896;22;;;9905;10;9907;31;;;9902.0;0.0
yf_MKC_d9;18100;INTARIAN_PEPPER_ROOT;11915;19;11913;24;;;11921;23;11923;15;;;11918.0;0.0
yf_MKC_d9;18200;ASH_COATED_OSMIUM;9899;17;9897;20;;;9905;8;9907;17;;;9902.0;0.0
yf_MKC_d9;18200;INTARIAN_PEPPER_ROOT;11916;9;11914;18;;;11922;15;11924;20;;;11919.0;0.0
yf_MKC_d9;18300;ASH_COATED_OSMIUM;9892;15;9888;11;;;9911;20;9914;18;;;9901.5;0.0
yf_MKC_d9;18300;INTARIAN_PEPPER_ROOT;11915;15;11913;18;;;11927;16;11930;16;;;11921.0;0.0
yf_MKC_d9;18400;ASH_COATED_OSMIUM;9899;6;9897;21;;;9905;12;9908;19;;;9902.0;0.0
yf_MKC_d9;18400;INTARIAN_PEPPER_ROOT;11920;15;11917;18;;;11926;22;11930;22;;;11923.0;0.0
yf_MKC_d9;18500;ASH_COATED_OSMIUM;9892;10;9888;16;;;9913;21;9917;12;;;9902.5;0.0
yf_MKC_d9;18500;INTARIAN_PEPPER_ROOT;11912;5;11910;18;;;11936;20;11940;19;;;11924.0;0.0
yf_MKC_d9;18600;ASH_COATED_OSMIUM;9899;12;9895;30;;;9905;16;9909;23;;;9902.0;0.0
yf_MKC_d9;18600;INTARIAN_PEPPER_ROOT;11921;10;11917;17;;;11930;5;11934;16;;;11925.5;0.0
yf_MKC_d9;18700;ASH_COATED_OSMIUM;9899;7;9895;14;;;9905;21;9909;23;;;9902.0;0.0
yf_MKC_d9;18700;INTARIAN_PEPPER_ROOT;11909;11;11905;18;;;11945;19;11949;18;;;11927.0;0.0
yf_MKC_d9;18800;ASH_COATED_OSMIUM;9896;19;9893;22;;;9909;11;9913;21;;;9902.5;0.0
yf_MKC_d9;18800;INTARIAN_PEPPER_ROOT;11917;13;11915;14;;;11940;18;11942;19;;;11928.5;0.0
yf_MKC_d9;18900;ASH_COATED_OSMIUM;9899;7;9895;22;;;9908;11;9910;29;;;9903.5;0.0
yf_MKC_d9;18900;INTARIAN_PEPPER_ROOT;11926;21;11924;26;;;11935;14;11938;17;;;11930.5;0.0
yf_MKC_d9;19000;ASH_COATED_OSMIUM;9900;19;9897;8;;;9906;17;9908;22;;;9903.0;0.0
yf_MKC_d9;19000;INTARIAN_PEPPER_ROOT;11923;12;11920;22;;;11941;21;11944;18;;;11932.0;0.0
yf_MKC_d9;19100;ASH_COATED_OSMIUM;9897;16;9895;19;;;9909;5;9911;17;;;9903.0;0.0
yf_MKC_d9;19100;INTARIAN_PEPPER_ROOT;11930;18;11928;27;;;11936;24;11938;31;;;11933.0;0.0
yf_MKC_d9;19200;ASH_COATED_OSMIUM;9894;9;9890;23;;;9912;12;9914;19;;;9903.0;0.0
yf_MKC_d9;19200;INTARIAN_PEPPER_ROOT;11922;17;11920;15;;;11945;17;11949;10;;;11933.5;0.0
yf_MKC_d9;19300;ASH_COATED_OSMIUM;9901;23;9898;20;;;9907;21;9910;13;;;9904.0;0.0
yf_MKC_d9;19300;INTARIAN_PEPPER_ROOT;11931;15;11928;21;;;11941;16;11943;24;;;11936.0;0.0
yf_MKC_d9;19400;ASH_COATED_OSMIUM;9901;9;9898;19;;;9907;15;9910;14;;;9904.0;0.0
yf_MKC_d9;19400;INTARIAN_PEPPER_ROOT;11933;10;11929;17;;;11942;14;11944;25;;;11937.5;0.0
yf_MKC_d9;19500;ASH_COATED_OSMIUM;9901;12;9897;26;;;9908;13;9912;19;;;9904.5;0.0
yf_MKC_d9;19500;INTARIAN_PEPPER_ROOT;11935;11;11932;20;;;11941;16;11944;19;;;11938.0;0.0
yf_MKC_d9;19600;ASH_COATED_OSMIUM;9901;15;9898;14;;;9907;13;9909;21;;;9904.0;0.0
yf_MKC_d9;19600;INTARIAN_PEPPER_ROOT;11931;5;11927;22;;;11950;18;11953;17;;;11940.5;0.0
yf_MKC_d9;19700;ASH_COATED_OSMIUM;9902;12;9899;26;;;9908;18;9912;14;;;9905.0;0.0
yf_MKC_d9;19700;INTARIAN_PEPPER_ROOT;11939;10;11935;17;;;11945;11;11948;17;;;11942.0;0.0
yf_MKC_d9;19800;ASH_COATED_OSMIUM;9901;8;9899;19;;;9910;6;9914;28;;;9905.5;0.0
yf_MKC_d9;19800;INTARIAN_PEPPER_ROOT;11932;17;11930;14;;;11954;18;11956;17;;;11943.0;0.0
yf_MKC_d9;19900;ASH_COATED_OSMIUM;9897;14;9895;8;;;9912;17;9914;18;;;9904.5;0.0
yf_MKC_d9;19900;INTARIAN_PEPPER_ROOT;11936;12;11934;21;;;11953;14;11955;25;;;11944.5;0.0
yf_MKC_d9;20000;ASH_COATED_OSMIUM;9902;13;9900;12;;;9908;9;9912;18;;;9905.0;0.0
yf_MKC_d9;20000;INTARIAN_PEPPER_ROOT;11943;11;11941;20;;;11949;21;11953;8;;;11946.0;0.0
yf_MKC_d9;20100;ASH_COATED_OSMIUM;9902;16;9899;20;;;9908;15;9910;16;;;9905.0;0.0
yf_MKC_d9;20100;INTARIAN_PEPPER_ROOT;11945;9;11941;22;;;11951;16;11953;18;;;11948.0;0.0
yf_MKC_d9;20200;ASH_COATED_OSMIUM;9902;19;9899;25;;;9908;10;9910;8;;;9905.0;0.0
yf_MKC_d9;20200;INTARIAN_PEPPER_ROOT;11946;13;11942;22;;;11952;14;11956;20;;;11949.0;0.0
yf_MKC_d9;20300;ASH_COATED_OSMIUM;9903;15;9900;14;;;9909;20;9913;15;;;9906.0;0.0
yf_MKC_d9;20300;INTARIAN_PEPPER_ROOT;11948;22;11946;25;;;11954;19;11957;16;;;11951.0;0.0
yf_MKC_d9;20400;ASH_COATED_OSMIUM;9903;11;9901;22;;;9909;13;9911;15;;;9906.0;0.0
yf_MKC_d9;20400;INTARIAN_PEPPER_ROOT;11948;13;11946;22;;;11958;5;11960;16;;;11953.0;0.0
yf_MKC_d9;20500;ASH_COATED_OSMIUM;9903;13;9901;13;;;9909;17;9912;19;;;9906.0;0.0
yf_MKC_d9;20500;INTARIAN_PEPPER_ROOT;11951;16;11949;13;;;11957;13;11960;17;;;11954.0;0.0
yf_MKC_d9;20600;ASH_COATED_OSMIUM;9903;17;9901;20;;;9909;10;9913;25;;;9906.0;0.0
yf_MKC_d9;20600;INTARIAN_PEPPER_ROOT;11953;8;11949;23;;;11959;13;11962;16;;;11956.0;0.0
yf_MKC_d9;20700;ASH_COATED_OSMIUM;9903;19;9900;22;;;9909;21;9912;18;;;9906.0;0.0
yf_MKC_d9;20700;INTARIAN_PEPPER_ROOT;11950;13;11947;15;;;11965;11;11967;20;;;11957.5;0.0
yf_MKC_d9;20800;ASH_COATED_OSMIUM;9902;8;9898;30;;;9911;8;9913;25;;;9906.5;0.0
yf_MKC_d9;20800;INTARIAN_PEPPER_ROOT;11955;15;11952;22;;;11962;12;11965;20;;;11958.5;0.0
yf_MKC_d9;20900;ASH_COATED_OSMIUM;9903;14;9900;19;;;9909;8;9911;18;;;9906.0;0.0
yf_MKC_d9;20900;INTARIAN_PEPPER_ROOT;11949;10;11946;10;;;11971;13;11973;18;;;11960.0;0.0
yf_MKC_d9;21000;ASH_COATED_OSMIUM;9904;18;9901;23;;;9910;14;9913;22;;;9907.0;0.0
yf_MKC_d9;21000;INTARIAN_PEPPER_ROOT;11956;15;11953;21;;;11968;14;11972;24;;;11962.0;0.0
yf_MKC_d9;21100;ASH_COATED_OSMIUM;9903;15;9900;18;;;9910;11;9913;18;;;9906.5;0.0
yf_MKC_d9;21100;INTARIAN_PEPPER_ROOT;11960;10;11956;23;;;11966;13;11970;32;;;11963.0;0.0
yf_MKC_d9;21200;ASH_COATED_OSMIUM;9904;29;9900;21;;;9911;23;9914;20;;;9907.5;0.0
yf_MKC_d9;21200;INTARIAN_PEPPER_ROOT;11956;10;11954;22;;;11972;21;11974;24;;;11964.0;0.0
yf_MKC_d9;21300;ASH_COATED_OSMIUM;9905;17;9901;14;;;9911;13;9915;14;;;9908.0;0.0
yf_MKC_d9;21300;INTARIAN_PEPPER_ROOT;11942;24;11939;16;;;11990;19;11993;18;;;11966.0;0.0
yf_MKC_d9;21400;ASH_COATED_OSMIUM;9905;9;9901;12;;;9911;8;9915;21;;;9908.0;0.0
yf_MKC_d9;21400;INTARIAN_PEPPER_ROOT;11965;19;11961;10;;;11971;15;11975;29;;;11968.0;0.0
yf_MKC_d9;21500;ASH_COATED_OSMIUM;9905;18;9901;27;;;9911;18;9913;22;;;9908.0;0.0
yf_MKC_d9;21500;INTARIAN_PEPPER_ROOT;11967;17;11965;29;;;11973;22;11977;10;;;11970.0;0.0
yf_MKC_d9;21600;ASH_COATED_OSMIUM;9905;17;9902;16;;;9911;14;9915;8;;;9908.0;0.0
yf_MKC_d9;21600;INTARIAN_PEPPER_ROOT;11968;6;11965;19;;;11974;8;11978;28;;;11971.0;0.0
yf_MKC_d9;21700;ASH_COATED_OSMIUM;9905;16;9903;22;;;9911;17;9913;10;;;9908.0;0.0
yf_MKC_d9;21700;INTARIAN_PEPPER_ROOT;11969;24;11965;21;;;11975;22;11978;14;;;11972.0;0.0
yf_MKC_d9;21800;ASH_COATED_OSMIUM;9896;18;9894;20;;;9919;16;9921;18;;;9907.5;0.0
yf_MKC_d9;21800;INTARIAN_PEPPER_ROOT;11971;11;11968;20;;;11977;14;11980;15;;;11974.0;0.0
yf_MKC_d9;21900;ASH_COATED_OSMIUM;9905;13;9903;15;;;9911;15;9913;15;;;9908.0;0.0
yf_MKC_d9;21900;INTARIAN_PEPPER_ROOT;11971;23;11969;23;;;11982;11;11985;17;;;11976.5;0.0
yf_MKC_d9;22000;ASH_COATED_OSMIUM;9905;17;9903;19;;;9911;11;9914;15;;;9908.0;0.0
yf_MKC_d9;22000;INTARIAN_PEPPER_ROOT;11973;11;11970;20;;;11979;8;11982;20;;;11976.0;0.0
yf_MKC_d9;22100;ASH_COATED_OSMIUM;9906;15;9903;18;;;9912;15;9916;21;;;9909.0;0.0
yf_MKC_d9;22100;INTARIAN_PEPPER_ROOT;11972;22;11970;25;;;11986;13;11990;16;;;11979.0;0.0
yf_MKC_d9;22200;ASH_COATED_OSMIUM;9906;11;9904;17;;;9912;11;9916;22;;;9909.0;0.0
yf_MKC_d9;22200;INTARIAN_PEPPER_ROOT;11974;30;11971;24;;;11986;16;11989;18;;;11980.0;0.0
yf_MKC_d9;22300;ASH_COATED_OSMIUM;9906;18;9902;18;;;9912;10;9914;19;;;9909.0;0.0
yf_MKC_d9;22300;INTARIAN_PEPPER_ROOT;11978;10;11975;24;;;11984;15;11988;28;;;11981.0;0.0
yf_MKC_d9;22400;ASH_COATED_OSMIUM;9906;9;9904;25;;;9913;19;9915;22;;;9909.5;0.0
yf_MKC_d9;22400;INTARIAN_PEPPER_ROOT;11978;7;11974;14;;;11987;16;11990;16;;;11982.5;0.0
yf_MKC_d9;22500;ASH_COATED_OSMIUM;9906;16;9904;21;;;9914;23;9917;19;;;9910.0;0.0
yf_MKC_d9;22500;INTARIAN_PEPPER_ROOT;11982;14;11980;23;;;11988;19;11992;19;;;11985.0;0.0
yf_MKC_d9;22600;ASH_COATED_OSMIUM;9907;12;9905;25;;;9913;18;9916;26;;;9910.0;0.0
yf_MKC_d9;22600;INTARIAN_PEPPER_ROOT;11983;18;11980;23;;;11989;15;11991;17;;;11986.0;0.0
yf_MKC_d9;22700;ASH_COATED_OSMIUM;9907;14;9904;24;;;9913;18;9916;13;;;9910.0;0.0
yf_MKC_d9;22700;INTARIAN_PEPPER_ROOT;11984;18;11981;15;;;11991;17;11994;18;;;11987.5;0.0
yf_MKC_d9;22800;ASH_COATED_OSMIUM;9907;14;9903;18;;;9913;13;9917;15;;;9910.0;0.0
yf_MKC_d9;22800;INTARIAN_PEPPER_ROOT;11986;5;11984;17;;;11992;15;11994;19;;;11989.0;0.0
yf_MKC_d9;22900;ASH_COATED_OSMIUM;9907;25;9904;17;;;9913;9;9915;22;;;9910.0;0.0
yf_MKC_d9;22900;INTARIAN_PEPPER_ROOT;11979;17;11977;23;;;12002;21;12006;17;;;11990.5;0.0
yf_MKC_d9;23000;ASH_COATED_OSMIUM;9903;18;9901;25;;;9918;18;9921;20;;;9910.5;0.0
yf_MKC_d9;23000;INTARIAN_PEPPER_ROOT;11989;21;11987;18;;;11995;7;11998;19;;;11992.0;0.0
yf_MKC_d9;23100;ASH_COATED_OSMIUM;9907;13;9905;15;;;9913;12;9916;20;;;9910.0;0.0
yf_MKC_d9;23100;INTARIAN_PEPPER_ROOT;11991;17;11988;14;;;11997;22;11999;12;;;11994.0;0.0
yf_MKC_d9;23200;ASH_COATED_OSMIUM;9899;17;9896;29;;;9921;16;9924;22;;;9910.0;0.0
yf_MKC_d9;23200;INTARIAN_PEPPER_ROOT;11974;13;11971;8;;;12016;9;12019;15;;;11995.0;0.0
yf_MKC_d9;23300;ASH_COATED_OSMIUM;9908;21;9905;23;;;9914;18;9917;29;;;9911.0;0.0
yf_MKC_d9;23300;INTARIAN_PEPPER_ROOT;11994;13;11990;19;;;12000;11;12004;27;;;11997.0;0.0
yf_MKC_d9;23400;ASH_COATED_OSMIUM;9908;15;9906;12;;;9914;19;9916;20;;;9911.0;0.0
yf_MKC_d9;23400;INTARIAN_PEPPER_ROOT;11990;10;11987;18;;;12006;18;12008;19;;;11998.0;0.0
yf_MKC_d9;23500;ASH_COATED_OSMIUM;9908;14;9905;13;;;9914;8;9916;15;;;9911.0;0.0
yf_MKC_d9;23500;INTARIAN_PEPPER_ROOT;11996;15;11993;28;;;12002;16;12005;14;;;11999.0;0.0
yf_MKC_d9;23600;ASH_COATED_OSMIUM;9908;11;9906;20;;;9914;21;9917;23;;;9911.0;0.0
yf_MKC_d9;23600;INTARIAN_PEPPER_ROOT;11996;5;11993;16;;;12006;12;12009;21;;;12001.0;0.0
yf_MKC_d9;23700;ASH_COATED_OSMIUM;9909;19;9907;15;;;9915;19;9918;27;;;9912.0;0.0
yf_MKC_d9;23700;INTARIAN_PEPPER_ROOT;11991;11;11989;19;;;12016;21;12020;22;;;12003.5;0.0
yf_MKC_d9;23800;ASH_COATED_OSMIUM;9900;17;9897;24;;;9922;15;9926;34;;;9911.0;0.0
yf_MKC_d9;23800;INTARIAN_PEPPER_ROOT;12002;19;11999;22;;;12008;10;12010;20;;;12005.0;0.0
yf_MKC_d9;23900;ASH_COATED_OSMIUM;9909;13;9905;14;;;9915;18;9917;19;;;9912.0;0.0
yf_MKC_d9;23900;INTARIAN_PEPPER_ROOT;12002;10;11998;22;;;12008;10;12011;24;;;12005.0;0.0
yf_MKC_d9;24000;ASH_COATED_OSMIUM;9909;18;9907;19;;;9915;9;9918;16;;;9912.0;0.0
yf_MKC_d9;24000;INTARIAN_PEPPER_ROOT;11999;13;11996;15;;;12015;19;12019;28;;;12007.0;0.0
yf_MKC_d9;24100;ASH_COATED_OSMIUM;9908;11;9906;22;;;9918;5;9921;12;;;9913.0;0.0
yf_MKC_d9;24100;INTARIAN_PEPPER_ROOT;12006;16;12003;25;;;12012;19;12014;27;;;12009.0;0.0
yf_MKC_d9;24200;ASH_COATED_OSMIUM;9909;12;9906;18;;;9916;21;9920;15;;;9912.5;0.0
yf_MKC_d9;24200;INTARIAN_PEPPER_ROOT;12001;17;11998;18;;;12019;15;12021;29;;;12010.0;0.0
yf_MKC_d9;24300;ASH_COATED_OSMIUM;9909;13;9906;23;;;9915;21;9919;17;;;9912.0;0.0
yf_MKC_d9;24300;INTARIAN_PEPPER_ROOT;12003;21;12000;13;;;12019;12;12023;23;;;12011.0;0.0
yf_MKC_d9;24400;ASH_COATED_OSMIUM;9910;12;9907;22;;;9916;14;9918;28;;;9913.0;0.0
yf_MKC_d9;24400;INTARIAN_PEPPER_ROOT;12009;14;12006;19;;;12018;9;12022;17;;;12013.5;0.0
yf_MKC_d9;24500;ASH_COATED_OSMIUM;9910;9;9908;18;;;9916;7;9920;25;;;9913.0;0.0
yf_MKC_d9;24500;INTARIAN_PEPPER_ROOT;12012;18;12010;22;;;12018;5;12021;15;;;12015.0;0.0
yf_MKC_d9;24600;ASH_COATED_OSMIUM;9910;16;9907;20;;;9916;19;9918;21;;;9913.0;0.0
yf_MKC_d9;24600;INTARIAN_PEPPER_ROOT;12014;13;12010;19;;;12020;7;12024;10;;;12017.0;0.0
yf_MKC_d9;24700;ASH_COATED_OSMIUM;9908;21;9906;20;;;9918;9;9920;17;;;9913.0;0.0
yf_MKC_d9;24700;INTARIAN_PEPPER_ROOT;12015;20;12013;16;;;12021;6;12024;30;;;12018.0;0.0
yf_MKC_d9;24800;ASH_COATED_OSMIUM;9911;16;9909;22;;;9917;12;9919;24;;;9914.0;0.0
yf_MKC_d9;24800;INTARIAN_PEPPER_ROOT;12016;12;12014;18;;;12023;19;12026;13;;;12019.5;0.0
yf_MKC_d9;24900;ASH_COATED_OSMIUM;9909;10;9906;21;;;9918;18;9921;27;;;9913.5;0.0
yf_MKC_d9;24900;INTARIAN_PEPPER_ROOT;12018;14;12014;14;;;12024;5;12028;17;;;12021.0;0.0
yf_MKC_d9;25000;ASH_COATED_OSMIUM;9911;15;9907;13;;;9917;19;9920;20;;;9914.0;0.0
yf_MKC_d9;25000;INTARIAN_PEPPER_ROOT;12016;10;12014;22;;;12029;16;12033;31;;;12022.5;0.0
yf_MKC_d9;25100;ASH_COATED_OSMIUM;9905;14;9902;24;;;9923;5;9927;16;;;9914.0;0.0
yf_MKC_d9;25100;INTARIAN_PEPPER_ROOT;12020;11;12017;20;;;12026;19;12028;23;;;12023.0;0.0
yf_MKC_d9;25200;ASH_COATED_OSMIUM;9911;14;9907;21;;;9917;19;9921;19;;;9914.0;0.0
yf_MKC_d9;25200;INTARIAN_PEPPER_ROOT;12021;27;12019;17;;;12029;9;12033;15;;;12025.0;0.0
yf_MKC_d9;25300;ASH_COATED_OSMIUM;9912;18;9910;21;;;9918;15;9921;26;;;9915.0;0.0
yf_MKC_d9;25300;INTARIAN_PEPPER_ROOT;12018;9;12015;21;;;12033;5;12035;15;;;12025.5;0.0
yf_MKC_d9;25400;ASH_COATED_OSMIUM;9908;16;9905;25;;;9921;10;9924;20;;;9914.5;0.0
yf_MKC_d9;25400;INTARIAN_PEPPER_ROOT;12021;12;12019;24;;;12035;22;12039;28;;;12028.0;0.0
yf_MKC_d9;25500;ASH_COATED_OSMIUM;9912;15;9908;23;;;9918;18;9921;28;;;9915.0;0.0
yf_MKC_d9;25500;INTARIAN_PEPPER_ROOT;12026;16;12022;16;;;12033;10;12035;12;;;12029.5;0.0
yf_MKC_d9;25600;ASH_COATED_OSMIUM;9910;10;9906;18;;;9919;15;9923;24;;;9914.5;0.0
yf_MKC_d9;25600;INTARIAN_PEPPER_ROOT;12029;12;12026;23;;;12035;11;12038;9;;;12032.0;0.0
yf_MKC_d9;25700;ASH_COATED_OSMIUM;9912;13;9908;20;;;9918;11;9921;15;;;9915.0;0.0
yf_MKC_d9;25700;INTARIAN_PEPPER_ROOT;12030;14;12026;14;;;12036;17;12040;27;;;12033.0;0.0
yf_MKC_d9;25800;ASH_COATED_OSMIUM;9912;10;9908;22;;;9918;12;9920;15;;;9915.0;0.0
yf_MKC_d9;25800;INTARIAN_PEPPER_ROOT;12030;17;12027;25;;;12040;22;12043;21;;;12035.0;0.0
yf_MKC_d9;25900;ASH_COATED_OSMIUM;9912;21;9910;25;;;9918;19;9920;22;;;9915.0;0.0
yf_MKC_d9;25900;INTARIAN_PEPPER_ROOT;12033;17;12031;17;;;12039;12;12043;19;;;12036.0;0.0
yf_MKC_d9;26000;ASH_COATED_OSMIUM;9911;17;9908;25;;;9920;18;9922;23;;;9915.5;0.0
yf_MKC_d9;26000;INTARIAN_PEPPER_ROOT;12026;8;12023;14;;;12048;13;12052;9;;;12037.0;0.0
yf_MKC_d9;26100;ASH_COATED_OSMIUM;9912;13;9910;24;;;9920;12;9924;24;;;9916.0;0.0
yf_MKC_d9;26100;INTARIAN_PEPPER_ROOT;12035;21;12033;15;;;12041;7;12044;27;;;12038.0;0.0
yf_MKC_d9;26200;ASH_COATED_OSMIUM;9908;15;9906;13;;;9924;20;9927;18;;;9916.0;0.0
yf_MKC_d9;26200;INTARIAN_PEPPER_ROOT;12031;20;12029;29;;;12050;8;12053;15;;;12040.5;0.0
yf_MKC_d9;26300;ASH_COATED_OSMIUM;9913;20;9909;21;;;9919;12;9921;18;;;9916.0;0.0
yf_MKC_d9;26300;INTARIAN_PEPPER_ROOT;12037;14;12035;18;;;12048;28;12052;24;;;12042.5;0.0
yf_MKC_d9;26400;ASH_COATED_OSMIUM;9913;19;9910;21;;;9919;19;9923;16;;;9916.0;0.0
yf_MKC_d9;26400;INTARIAN_PEPPER_ROOT;12040;12;12037;27;;;12046;15;12049;21;;;12043.0;0.0
yf_MKC_d9;26500;ASH_COATED_OSMIUM;9907;11;9905;12;;;9926;21;9929;17;;;9916.5;0.0
yf_MKC_d9;26500;INTARIAN_PEPPER_ROOT;12038;6;12036;15;;;12051;19;12054;22;;;12044.5;0.0
yf_MKC_d9;26600;ASH_COATED_OSMIUM;9914;11;9911;27;;;9920;18;9922;22;;;9917.0;0.0
yf_MKC_d9;26600;INTARIAN_PEPPER_ROOT;12042;13;12039;17;;;12050;15;12052;34;;;12046.0;0.0
yf_MKC_d9;26700;ASH_COATED_OSMIUM;9904;14;9902;18;;;9929;11;9932;18;;;9916.5;0.0
yf_MKC_d9;26700;INTARIAN_PEPPER_ROOT;12044;20;12040;18;;;12052;10;12054;23;;;12048.0;0.0
yf_MKC_d9;26800;ASH_COATED_OSMIUM;9914;9;9910;28;;;9920;10;9923;12;;;9917.0;0.0
yf_MKC_d9;26800;INTARIAN_PEPPER_ROOT;12046;8;12042;18;;;12052;17;12055;10;;;12049.0;0.0
yf_MKC_d9;26900;ASH_COATED_OSMIUM;9914;25;9912;25;;;9920;10;9923;18;;;9917.0;0.0
yf_MKC_d9;26900;INTARIAN_PEPPER_ROOT;12048;15;12045;21;;;12054;14;12056;18;;;12051.0;0.0
yf_MKC_d9;27000;ASH_COATED_OSMIUM;9914;19;9910;23;;;9920;19;9922;16;;;9917.0;0.0
yf_MKC_d9;27000;INTARIAN_PEPPER_ROOT;12048;14;12045;17;;;12057;23;12060;25;;;12052.5;0.0
yf_MKC_d9;27100;ASH_COATED_OSMIUM;9913;25;9910;21;;;9923;19;9925;16;;;9918.0;0.0
yf_MKC_d9;27100;INTARIAN_PEPPER_ROOT;12043;9;12041;21;;;12065;14;12067;21;;;12054.0;0.0
yf_MKC_d9;27200;ASH_COATED_OSMIUM;9913;11;9910;11;;;9923;9;9926;19;;;9918.0;0.0
yf_MKC_d9;27200;INTARIAN_PEPPER_ROOT;12052;5;12049;22;;;12059;19;12063;24;;;12055.5;0.0
yf_MKC_d9;27300;ASH_COATED_OSMIUM;9915;14;9913;20;;;9921;17;9925;21;;;9918.0;0.0
yf_MKC_d9;27300;INTARIAN_PEPPER_ROOT;12054;15;12051;20;;;12060;12;12064;23;;;12057.0;0.0
yf_MKC_d9;27400;ASH_COATED_OSMIUM;9916;9;9914;18;;;9922;21;9924;20;;;9919.0;0.0
yf_MKC_d9;27400;INTARIAN_PEPPER_ROOT;12056;21;12054;27;;;12062;20;12064;19;;;12059.0;0.0
yf_MKC_d9;27500;ASH_COATED_OSMIUM;9916;15;9914;26;;;9922;20;9924;23;;;9919.0;0.0
yf_MKC_d9;27500;INTARIAN_PEPPER_ROOT;12056;15;12053;25;;;12063;15;12067;35;;;12059.5;0.0
yf_MKC_d9;27600;ASH_COATED_OSMIUM;9915;21;9911;20;;;9921;14;9923;19;;;9918.0;0.0
yf_MKC_d9;27600;INTARIAN_PEPPER_ROOT;12058;8;12054;24;;;12064;12;12067;22;;;12061.0;0.0
yf_MKC_d9;27700;ASH_COATED_OSMIUM;9912;17;9909;18;;;9925;12;9929;15;;;9918.5;0.0
yf_MKC_d9;27700;INTARIAN_PEPPER_ROOT;12058;12;12055;16;;;12067;9;12069;15;;;12062.5;0.0
yf_MKC_d9;27800;ASH_COATED_OSMIUM;9916;13;9914;16;;;9922;5;9924;24;;;9919.0;0.0
yf_MKC_d9;27800;INTARIAN_PEPPER_ROOT;12061;22;12057;21;;;12067;12;12071;27;;;12064.0;0.0
yf_MKC_d9;27900;ASH_COATED_OSMIUM;9909;15;9905;15;;;9929;20;9933;21;;;9919.0;0.0
yf_MKC_d9;27900;INTARIAN_PEPPER_ROOT;12058;13;12056;18;;;12075;17;12079;27;;;12066.5;0.0
yf_MKC_d9;28000;ASH_COATED_OSMIUM;9913;16;9909;23;;;9926;10;9929;20;;;9919.5;0.0
yf_MKC_d9;28000;INTARIAN_PEPPER_ROOT;12064;9;12061;25;;;12070;14;12073;24;;;12067.0;0.0
yf_MKC_d9;28100;ASH_COATED_OSMIUM;9916;17;9913;24;;;9922;7;9926;20;;;9919.0;0.0
yf_MKC_d9;28100;INTARIAN_PEPPER_ROOT;12066;12;12063;24;;;12072;19;12074;13;;;12069.0;0.0
yf_MKC_d9;28200;ASH_COATED_OSMIUM;9909;18;9907;27;;;9929;17;9933;21;;;9919.0;0.0
yf_MKC_d9;28200;INTARIAN_PEPPER_ROOT;12067;19;12065;20;;;12076;19;12079;17;;;12071.5;0.0
yf_MKC_d9;28300;ASH_COATED_OSMIUM;9913;12;9910;28;;;9927;16;9929;21;;;9920.0;0.0
yf_MKC_d9;28300;INTARIAN_PEPPER_ROOT;12068;16;12065;15;;;12074;12;12078;20;;;12071.0;0.0
yf_MKC_d9;28400;ASH_COATED_OSMIUM;9905;12;9902;18;;;9935;12;9937;19;;;9920.0;0.0
yf_MKC_d9;28400;INTARIAN_PEPPER_ROOT;12067;13;12065;22;;;12081;10;12083;17;;;12074.0;0.0
yf_MKC_d9;28500;ASH_COATED_OSMIUM;9914;18;9912;12;;;9926;29;9928;24;;;9920.0;0.0
yf_MKC_d9;28500;INTARIAN_PEPPER_ROOT;12069;15;12067;21;;;12082;13;12086;20;;;12075.5;0.0
yf_MKC_d9;28600;ASH_COATED_OSMIUM;9917;10;9913;17;;;9923;16;9926;10;;;9920.0;0.0
yf_MKC_d9;28600;INTARIAN_PEPPER_ROOT;12072;20;12070;28;;;12082;20;12086;20;;;12077.0;0.0
yf_MKC_d9;28700;ASH_COATED_OSMIUM;9915;19;9911;17;;;9926;21;9930;17;;;9920.5;0.0
yf_MKC_d9;28700;INTARIAN_PEPPER_ROOT;12073;10;12070;24;;;12082;20;12086;22;;;12077.5;0.0
yf_MKC_d9;28800;ASH_COATED_OSMIUM;9916;15;9912;21;;;9925;15;9928;14;;;9920.5;0.0
yf_MKC_d9;28800;INTARIAN_PEPPER_ROOT;12077;15;12074;29;;;12083;15;12085;17;;;12080.0;0.0
yf_MKC_d9;28900;ASH_COATED_OSMIUM;9917;5;9915;21;;;9925;8;9928;15;;;9921.0;0.0
yf_MKC_d9;28900;INTARIAN_PEPPER_ROOT;12075;18;12072;20;;;12087;5;12089;17;;;12081.0;0.0
yf_MKC_d9;29000;ASH_COATED_OSMIUM;9917;5;9913;27;;;9926;6;9930;23;;;9921.5;0.0
yf_MKC_d9;29000;INTARIAN_PEPPER_ROOT;12080;10;12078;19;;;12086;5;12089;13;;;12083.0;0.0
yf_MKC_d9;29100;ASH_COATED_OSMIUM;9918;15;9916;16;;;9924;19;9928;21;;;9921.0;0.0
yf_MKC_d9;29100;INTARIAN_PEPPER_ROOT;12082;20;12078;22;;;12088;18;12092;21;;;12085.0;0.0
yf_MKC_d9;29200;ASH_COATED_OSMIUM;9918;13;9915;12;;;9924;11;9926;19;;;9921.0;0.0
yf_MKC_d9;29200;INTARIAN_PEPPER_ROOT;12082;17;12078;21;;;12091;16;12093;17;;;12086.5;0.0
yf_MKC_d9;29300;ASH_COATED_OSMIUM;9919;5;9917;10;;;9925;11;9929;23;;;9922.0;0.0
yf_MKC_d9;29300;INTARIAN_PEPPER_ROOT;12079;11;12076;18;;;12096;26;12099;19;;;12087.5;0.0
yf_MKC_d9;29400;ASH_COATED_OSMIUM;9918;20;9916;16;;;9924;22;9927;17;;;9921.0;0.0
yf_MKC_d9;29400;INTARIAN_PEPPER_ROOT;12084;15;12082;18;;;12094;5;12096;19;;;12089.0;0.0
yf_MKC_d9;29500;ASH_COATED_OSMIUM;9915;10;9913;16;;;9929;13;9933;21;;;9922.0;0.0
yf_MKC_d9;29500;INTARIAN_PEPPER_ROOT;12088;14;12084;9;;;12094;8;12098;21;;;12091.0;0.0
yf_MKC_d9;29600;ASH_COATED_OSMIUM;9919;18;9917;13;;;9925;11;9929;16;;;9922.0;0.0
yf_MKC_d9;29600;INTARIAN_PEPPER_ROOT;12088;25;12085;16;;;12096;21;12099;16;;;12092.0;0.0
yf_MKC_d9;29700;ASH_COATED_OSMIUM;9917;16;9915;20;;;9927;9;9929;21;;;9922.0;0.0
yf_MKC_d9;29700;INTARIAN_PEPPER_ROOT;12090;14;12087;16;;;12096;19;12100;18;;;12093.0;0.0
yf_MKC_d9;29800;ASH_COATED_OSMIUM;9920;15;9916;16;;;9926;13;9930;13;;;9923.0;0.0
yf_MKC_d9;29800;INTARIAN_PEPPER_ROOT;12091;17;12088;21;;;12100;13;12103;20;;;12095.5;0.0
yf_MKC_d9;29900;ASH_COATED_OSMIUM;9920;20;9916;30;;;9926;7;9930;27;;;9923.0;0.0
yf_MKC_d9;29900;INTARIAN_PEPPER_ROOT;12093;13;12090;20;;;12099;19;12101;22;;;12096.0;0.0
yf_MKC_d9;30000;ASH_COATED_OSMIUM;9919;16;9917;16;;;9925;18;9927;23;;;9922.0;0.0
yf_MKC_d9;30000;INTARIAN_PEPPER_ROOT;12095;13;12091;21;;;12101;12;12105;14;;;12098.0;0.0
yf_MKC_d9;30100;ASH_COATED_OSMIUM;9920;13;9918;24;;;9926;18;9929;19;;;9923.0;0.0
yf_MKC_d9;30100;INTARIAN_PEPPER_ROOT;12094;19;12090;12;;;12106;19;12110;16;;;12100.0;0.0
yf_MKC_d9;30200;ASH_COATED_OSMIUM;9916;16;9913;22;;;9930;13;9932;21;;;9923.0;0.0
yf_MKC_d9;30200;INTARIAN_PEPPER_ROOT;12097;16;12093;16;;;12103;22;12105;15;;;12100.0;0.0
yf_MKC_d9;30300;ASH_COATED_OSMIUM;9920;11;9917;17;;;9926;13;9930;22;;;9923.0;0.0
yf_MKC_d9;30300;INTARIAN_PEPPER_ROOT;12100;12;12096;10;;;12106;17;12109;17;;;12103.0;0.0
yf_MKC_d9;30400;ASH_COATED_OSMIUM;9921;10;9917;30;;;9927;14;9930;15;;;9924.0;0.0
yf_MKC_d9;30400;INTARIAN_PEPPER_ROOT;12101;16;12098;22;;;12107;17;12109;23;;;12104.0;0.0
yf_MKC_d9;30500;ASH_COATED_OSMIUM;9916;14;9913;21;;;9933;15;9937;20;;;9924.5;0.0
yf_MKC_d9;30500;INTARIAN_PEPPER_ROOT;12102;10;12099;22;;;12108;17;12111;13;;;12105.0;0.0
yf_MKC_d9;30600;ASH_COATED_OSMIUM;9921;21;9917;14;;;9927;16;9930;20;;;9924.0;0.0
yf_MKC_d9;30600;INTARIAN_PEPPER_ROOT;12096;14;12092;14;;;12118;16;12121;23;;;12107.0;0.0
yf_MKC_d9;30700;ASH_COATED_OSMIUM;9921;10;9919;18;;;9927;16;9929;14;;;9924.0;0.0
yf_MKC_d9;30700;INTARIAN_PEPPER_ROOT;12105;9;12101;15;;;12111;18;12115;11;;;12108.0;0.0
yf_MKC_d9;30800;ASH_COATED_OSMIUM;9921;16;9917;17;;;9927;9;9929;27;;;9924.0;0.0
yf_MKC_d9;30800;INTARIAN_PEPPER_ROOT;12107;14;12103;20;;;12113;16;12116;17;;;12110.0;0.0
yf_MKC_d9;30900;ASH_COATED_OSMIUM;9922;15;9918;30;;;9928;15;9930;27;;;9925.0;0.0
yf_MKC_d9;30900;INTARIAN_PEPPER_ROOT;12099;19;12096;25;;;12124;21;12128;13;;;12111.5;0.0
yf_MKC_d9;31000;ASH_COATED_OSMIUM;9913;14;9910;11;;;9937;20;9941;17;;;9925.0;0.0
yf_MKC_d9;31000;INTARIAN_PEPPER_ROOT;12110;18;12106;20;;;12116;13;12119;10;;;12113.0;0.0
yf_MKC_d9;31100;ASH_COATED_OSMIUM;9903;14;9900;24;;;9946;9;9949;17;;;9924.5;0.0
yf_MKC_d9;31100;INTARIAN_PEPPER_ROOT;12112;17;12108;8;;;12118;20;12120;11;;;12115.0;0.0
yf_MKC_d9;31200;ASH_COATED_OSMIUM;9912;20;9908;17;;;9938;17;9940;25;;;9925.0;0.0
yf_MKC_d9;31200;INTARIAN_PEPPER_ROOT;12113;11;12109;19;;;12119;19;12123;19;;;12116.0;0.0
yf_MKC_d9;31300;ASH_COATED_OSMIUM;9922;17;9918;16;;;9928;13;9930;28;;;9925.0;0.0
yf_MKC_d9;31300;INTARIAN_PEPPER_ROOT;12114;17;12110;27;;;12120;16;12124;10;;;12117.0;0.0
yf_MKC_d9;31400;ASH_COATED_OSMIUM;9921;19;9919;25;;;9931;26;9935;18;;;9926.0;0.0
yf_MKC_d9;31400;INTARIAN_PEPPER_ROOT;12116;20;12112;26;;;12122;23;12125;23;;;12119.0;0.0
yf_MKC_d9;31500;ASH_COATED_OSMIUM;9922;11;9918;21;;;9928;10;9930;17;;;9925.0;0.0
yf_MKC_d9;31500;INTARIAN_PEPPER_ROOT;12115;11;12111;21;;;12126;14;12128;21;;;12120.5;0.0
yf_MKC_d9;31600;ASH_COATED_OSMIUM;9919;21;9917;15;;;9932;10;9936;22;;;9925.5;0.0
yf_MKC_d9;31600;INTARIAN_PEPPER_ROOT;12119;14;12115;25;;;12125;21;12128;15;;;12122.0;0.0
yf_MKC_d9;31700;ASH_COATED_OSMIUM;9924;11;9921;21;;;9930;14;9932;13;;;9927.0;0.0
yf_MKC_d9;31700;INTARIAN_PEPPER_ROOT;12120;14;12118;18;;;12126;11;12129;27;;;12123.0;0.0
yf_MKC_d9;31800;ASH_COATED_OSMIUM;9919;7;9915;21;;;9932;12;9934;28;;;9925.5;0.0
yf_MKC_d9;31800;INTARIAN_PEPPER_ROOT;12122;17;12120;25;;;12128;15;12130;26;;;12125.0;0.0
yf_MKC_d9;31900;ASH_COATED_OSMIUM;9922;13;9919;16;;;9930;14;9932;21;;;9926.0;0.0
yf_MKC_d9;31900;INTARIAN_PEPPER_ROOT;12124;16;12122;18;;;12130;19;12132;24;;;12127.0;0.0
yf_MKC_d9;32000;ASH_COATED_OSMIUM;9906;9;9903;14;;;9948;10;9950;16;;;9927.0;0.0
yf_MKC_d9;32000;INTARIAN_PEPPER_ROOT;12124;14;12122;20;;;12132;14;12135;18;;;12128.0;0.0
yf_MKC_d9;32100;ASH_COATED_OSMIUM;9924;7;9920;23;;;9930;14;9932;23;;;9927.0;0.0
yf_MKC_d9;32100;INTARIAN_PEPPER_ROOT;12121;22;12119;20;;;12138;11;12140;16;;;12129.5;0.0
yf_MKC_d9;32200;ASH_COATED_OSMIUM;9924;9;9921;20;;;9930;15;9933;25;;;9927.0;0.0
yf_MKC_d9;32200;INTARIAN_PEPPER_ROOT;12128;9;12126;18;;;12134;8;12136;21;;;12131.0;0.0
yf_MKC_d9;32300;ASH_COATED_OSMIUM;9924;16;9920;14;;;9930;14;9933;18;;;9927.0;0.0
yf_MKC_d9;32300;INTARIAN_PEPPER_ROOT;12130;20;12128;8;;;12137;10;12140;17;;;12133.5;0.0
yf_MKC_d9;32400;ASH_COATED_OSMIUM;9907;26;9904;22;;;9948;14;9952;23;;;9927.5;0.0
yf_MKC_d9;32400;INTARIAN_PEPPER_ROOT;12131;17;12127;23;;;12137;10;12139;19;;;12134.0;0.0
yf_MKC_d9;32500;ASH_COATED_OSMIUM;9923;19;9920;19;;;9932;22;9935;21;;;9927.5;0.0
yf_MKC_d9;32500;INTARIAN_PEPPER_ROOT;12133;9;12130;26;;;12139;17;12142;18;;;12136.0;0.0
yf_MKC_d9;32600;ASH_COATED_OSMIUM;9925;30;9922;25;;;9931;13;9935;8;;;9928.0;0.0
yf_MKC_d9;32600;INTARIAN_PEPPER_ROOT;12134;11;12130;12;;;12140;10;12143;8;;;12137.0;0.0
yf_MKC_d9;32700;ASH_COATED_OSMIUM;9925;19;9923;23;;;9931;13;9934;26;;;9928.0;0.0
yf_MKC_d9;32700;INTARIAN_PEPPER_ROOT;12136;13;12133;15;;;12142;15;12146;15;;;12139.0;0.0
yf_MKC_d9;32800;ASH_COATED_OSMIUM;9925;14;9923;18;;;9931;17;9934;19;;;9928.0;0.0
yf_MKC_d9;32800;INTARIAN_PEPPER_ROOT;12138;17;12135;13;;;12144;15;12148;24;;;12141.0;0.0
yf_MKC_d9;32900;ASH_COATED_OSMIUM;9925;17;9923;23;;;9931;12;9933;31;;;9928.0;0.0
yf_MKC_d9;32900;INTARIAN_PEPPER_ROOT;12139;11;12135;22;;;12145;13;12147;20;;;12142.0;0.0
yf_MKC_d9;33000;ASH_COATED_OSMIUM;9926;8;9924;26;;;9932;13;9935;23;;;9929.0;0.0
yf_MKC_d9;33000;INTARIAN_PEPPER_ROOT;12139;8;12137;20;;;12146;13;12148;21;;;12142.5;0.0
yf_MKC_d9;33100;ASH_COATED_OSMIUM;9923;16;9920;18;;;9934;20;9937;21;;;9928.5;0.0
yf_MKC_d9;33100;INTARIAN_PEPPER_ROOT;12142;19;12139;16;;;12148;11;12152;15;;;12145.0;0.0
yf_MKC_d9;33200;ASH_COATED_OSMIUM;9921;17;9919;10;;;9935;23;9939;12;;;9928.0;0.0
yf_MKC_d9;33200;INTARIAN_PEPPER_ROOT;12140;16;12136;18;;;12153;17;12156;16;;;12146.5;0.0
yf_MKC_d9;33300;ASH_COATED_OSMIUM;9924;15;9922;18;;;9934;12;9937;9;;;9929.0;0.0
yf_MKC_d9;33300;INTARIAN_PEPPER_ROOT;12144;8;12142;20;;;12151;14;12155;20;;;12147.5;0.0
yf_MKC_d9;33400;ASH_COATED_OSMIUM;9922;22;9918;13;;;9936;15;9939;21;;;9929.0;0.0
yf_MKC_d9;33400;INTARIAN_PEPPER_ROOT;12142;14;12138;16;;;12158;16;12160;23;;;12150.0;0.0
yf_MKC_d9;33500;ASH_COATED_OSMIUM;9926;13;9923;18;;;9932;9;9935;14;;;9929.0;0.0
yf_MKC_d9;33500;INTARIAN_PEPPER_ROOT;12148;20;12146;19;;;12154;12;12157;23;;;12151.0;0.0
yf_MKC_d9;33600;ASH_COATED_OSMIUM;9926;14;9924;28;;;9932;17;9936;21;;;9929.0;0.0
yf_MKC_d9;33600;INTARIAN_PEPPER_ROOT;12146;15;12143;18;;;12159;18;12162;17;;;12152.5;0.0
yf_MKC_d9;33700;ASH_COATED_OSMIUM;9924;11;9922;22;;;9935;11;9939;21;;;9929.5;0.0
yf_MKC_d9;33700;INTARIAN_PEPPER_ROOT;12149;21;12145;12;;;12158;5;12160;20;;;12153.5;0.0
yf_MKC_d9;33800;ASH_COATED_OSMIUM;9921;13;9919;17;;;9938;17;9941;21;;;9929.5;0.0
yf_MKC_d9;33800;INTARIAN_PEPPER_ROOT;12145;24;12141;22;;;12166;12;12170;33;;;12155.5;0.0
yf_MKC_d9;33900;ASH_COATED_OSMIUM;9927;14;9924;27;;;9933;9;9936;21;;;9930.0;0.0
yf_MKC_d9;33900;INTARIAN_PEPPER_ROOT;12145;17;12142;19;;;12169;9;12173;17;;;12157.0;0.0
yf_MKC_d9;34000;ASH_COATED_OSMIUM;9926;16;9924;23;;;9933;14;9937;25;;;9929.5;0.0
yf_MKC_d9;34000;INTARIAN_PEPPER_ROOT;12142;20;12138;22;;;12167;6;12171;18;;;12154.5;0.0
yf_MKC_d9;34100;ASH_COATED_OSMIUM;9927;9;9923;15;;;9933;15;9937;25;;;9930.0;0.0
yf_MKC_d9;34100;INTARIAN_PEPPER_ROOT;12149;13;12145;21;;;12156;22;12158;24;;;12152.5;0.0
yf_MKC_d9;34200;ASH_COATED_OSMIUM;9926;21;9922;20;;;9932;9;9934;18;;;9929.0;0.0
yf_MKC_d9;34200;INTARIAN_PEPPER_ROOT;12143;16;12141;16;;;12158;11;12161;20;;;12150.5;0.0
yf_MKC_d9;34300;ASH_COATED_OSMIUM;9926;12;9923;8;;;9932;12;9936;13;;;9929.0;0.0
yf_MKC_d9;34300;INTARIAN_PEPPER_ROOT;12144;16;12141;20;;;12150;15;12154;18;;;12147.0;0.0
yf_MKC_d9;34400;ASH_COATED_OSMIUM;9918;18;9914;16;;;9939;19;9941;23;;;9928.5;0.0
yf_MKC_d9;34400;INTARIAN_PEPPER_ROOT;12143;9;12141;17;;;12149;7;12151;15;;;12146.0;0.0
yf_MKC_d9;34500;ASH_COATED_OSMIUM;9926;17;9924;15;;;9932;8;9934;22;;;9929.0;0.0
yf_MKC_d9;34500;INTARIAN_PEPPER_ROOT;12140;10;12136;15;;;12146;15;12148;14;;;12143.0;0.0
yf_MKC_d9;34600;ASH_COATED_OSMIUM;9922;12;9918;21;;;9934;23;9937;22;;;9928.0;0.0
yf_MKC_d9;34600;INTARIAN_PEPPER_ROOT;12138;27;12136;18;;;12144;10;12147;21;;;12141.0;0.0
yf_MKC_d9;34700;ASH_COATED_OSMIUM;9926;10;9922;21;;;9932;11;9935;21;;;9929.0;0.0
yf_MKC_d9;34700;INTARIAN_PEPPER_ROOT;12136;26;12133;26;;;12142;16;12144;13;;;12139.0;0.0
yf_MKC_d9;34800;ASH_COATED_OSMIUM;9921;15;9917;9;;;9936;17;9940;15;;;9928.5;0.0
yf_MKC_d9;34800;INTARIAN_PEPPER_ROOT;12133;14;12131;31;;;12139;11;12143;15;;;12136.0;0.0
yf_MKC_d9;34900;ASH_COATED_OSMIUM;9925;18;9922;13;;;9933;20;9937;17;;;9929.0;0.0
yf_MKC_d9;34900;INTARIAN_PEPPER_ROOT;12127;11;12125;27;;;12140;11;12144;17;;;12133.5;0.0
yf_MKC_d9;35000;ASH_COATED_OSMIUM;9925;11;9922;23;;;9931;17;9935;26;;;9928.0;0.0
yf_MKC_d9;35000;INTARIAN_PEPPER_ROOT;12128;13;12124;27;;;12134;17;12138;18;;;12131.0;0.0
yf_MKC_d9;35100;ASH_COATED_OSMIUM;9919;22;9915;15;;;9936;5;9939;14;;;9927.5;0.0
yf_MKC_d9;35100;INTARIAN_PEPPER_ROOT;12126;22;12122;26;;;12132;10;12135;21;;;12129.0;0.0
yf_MKC_d9;35200;ASH_COATED_OSMIUM;9924;9;9921;8;;;9931;25;9934;18;;;9927.5;0.0
yf_MKC_d9;35200;INTARIAN_PEPPER_ROOT;12124;19;12121;26;;;12130;16;12133;15;;;12127.0;0.0
yf_MKC_d9;35300;ASH_COATED_OSMIUM;9917;9;9915;25;;;9937;9;9939;11;;;9927.0;0.0
yf_MKC_d9;35300;INTARIAN_PEPPER_ROOT;12121;10;12117;25;;;12127;9;12131;20;;;12124.0;0.0
yf_MKC_d9;35400;ASH_COATED_OSMIUM;9924;12;9921;19;;;9931;16;9934;23;;;9927.5;0.0
yf_MKC_d9;35400;INTARIAN_PEPPER_ROOT;12120;9;12118;15;;;12126;19;12128;28;;;12123.0;0.0
yf_MKC_d9;35500;ASH_COATED_OSMIUM;9921;15;9919;18;;;9934;20;9937;21;;;9927.5;0.0
yf_MKC_d9;35500;INTARIAN_PEPPER_ROOT;12116;14;12112;24;;;12122;21;12124;22;;;12119.0;0.0
yf_MKC_d9;35600;ASH_COATED_OSMIUM;9923;20;9919;25;;;9931;18;9934;33;;;9927.0;0.0
yf_MKC_d9;35600;INTARIAN_PEPPER_ROOT;12115;5;12111;15;;;12121;21;12123;15;;;12118.0;0.0
yf_MKC_d9;35700;ASH_COATED_OSMIUM;9924;12;9922;19;;;9930;15;9932;17;;;9927.0;0.0
yf_MKC_d9;35700;INTARIAN_PEPPER_ROOT;12111;16;12108;9;;;12120;12;12122;16;;;12115.5;0.0
yf_MKC_d9;35800;ASH_COATED_OSMIUM;9918;20;9914;22;;;9934;22;9938;16;;;9926.0;0.0
yf_MKC_d9;35800;INTARIAN_PEPPER_ROOT;12110;14;12108;26;;;12116;7;12120;17;;;12113.0;0.0
yf_MKC_d9;35900;ASH_COATED_OSMIUM;9923;18;9921;19;;;9929;5;9933;11;;;9926.0;0.0
yf_MKC_d9;35900;INTARIAN_PEPPER_ROOT;12108;14;12104;19;;;12114;20;12117;24;;;12111.0;0.0
yf_MKC_d9;36000;ASH_COATED_OSMIUM;9924;22;9920;19;;;9930;7;9932;14;;;9927.0;0.0
yf_MKC_d9;36000;INTARIAN_PEPPER_ROOT;12106;19;12103;13;;;12112;14;12115;23;;;12109.0;0.0
yf_MKC_d9;36100;ASH_COATED_OSMIUM;9923;16;9919;26;;;9929;15;9932;21;;;9926.0;0.0
yf_MKC_d9;36100;INTARIAN_PEPPER_ROOT;12103;11;12099;20;;;12109;12;12112;23;;;12106.0;0.0
yf_MKC_d9;36200;ASH_COATED_OSMIUM;9922;11;9918;21;;;9930;10;9932;22;;;9926.0;0.0
yf_MKC_d9;36200;INTARIAN_PEPPER_ROOT;12101;17;12099;23;;;12107;13;12110;24;;;12104.0;0.0
yf_MKC_d9;36300;ASH_COATED_OSMIUM;9923;18;9921;15;;;9929;14;9931;17;;;9926.0;0.0
yf_MKC_d9;36300;INTARIAN_PEPPER_ROOT;12099;14;12095;20;;;12105;16;12107;25;;;12102.0;0.0
yf_MKC_d9;36400;ASH_COATED_OSMIUM;9922;13;9918;24;;;9931;5;9934;23;;;9926.5;0.0
yf_MKC_d9;36400;INTARIAN_PEPPER_ROOT;12096;15;12094;21;;;12102;18;12106;11;;;12099.0;0.0
yf_MKC_d9;36500;ASH_COATED_OSMIUM;9922;20;9919;9;;;9928;20;9930;17;;;9925.0;0.0
yf_MKC_d9;36500;INTARIAN_PEPPER_ROOT;12091;10;12088;21;;;12104;17;12108;22;;;12097.5;0.0
yf_MKC_d9;36600;ASH_COATED_OSMIUM;9921;10;9918;25;;;9929;18;9932;28;;;9925.0;0.0
yf_MKC_d9;36600;INTARIAN_PEPPER_ROOT;12081;12;12079;19;;;12109;21;12113;21;;;12095.0;0.0
yf_MKC_d9;36700;ASH_COATED_OSMIUM;9922;15;9918;24;;;9928;10;9932;17;;;9925.0;0.0
yf_MKC_d9;36700;INTARIAN_PEPPER_ROOT;12084;25;12082;13;;;12102;13;12105;15;;;12093.0;0.0
yf_MKC_d9;36800;ASH_COATED_OSMIUM;9916;21;9912;31;;;9934;18;9938;20;;;9925.0;0.0
yf_MKC_d9;36800;INTARIAN_PEPPER_ROOT;12087;10;12083;12;;;12093;13;12097;19;;;12090.0;0.0
yf_MKC_d9;36900;ASH_COATED_OSMIUM;9922;19;9918;17;;;9928;19;9932;12;;;9925.0;0.0
yf_MKC_d9;36900;INTARIAN_PEPPER_ROOT;12085;11;12083;21;;;12091;18;12094;16;;;12088.0;0.0
yf_MKC_d9;37000;ASH_COATED_OSMIUM;9922;14;9920;24;;;9928;16;9931;27;;;9925.0;0.0
yf_MKC_d9;37000;INTARIAN_PEPPER_ROOT;12082;17;12078;14;;;12088;21;12092;15;;;12085.0;0.0
yf_MKC_d9;37100;ASH_COATED_OSMIUM;9919;10;9916;22;;;9929;12;9932;9;;;9924.0;0.0
yf_MKC_d9;37100;INTARIAN_PEPPER_ROOT;12069;22;12065;13;;;12098;22;12102;20;;;12083.5;0.0
yf_MKC_d9;37200;ASH_COATED_OSMIUM;9913;5;9911;25;;;9936;19;9938;21;;;9924.5;0.0
yf_MKC_d9;37200;INTARIAN_PEPPER_ROOT;12077;9;12074;18;;;12085;17;12088;24;;;12081.0;0.0
yf_MKC_d9;37300;ASH_COATED_OSMIUM;9921;16;9917;23;;;9927;10;9931;20;;;9924.0;0.0
yf_MKC_d9;37300;INTARIAN_PEPPER_ROOT;12076;7;12073;28;;;12082;13;12085;16;;;12079.0;0.0
yf_MKC_d9;37400;ASH_COATED_OSMIUM;9919;5;9916;14;;;9928;16;9930;18;;;9923.5;0.0
yf_MKC_d9;37400;INTARIAN_PEPPER_ROOT;12073;25;12070;21;;;12079;12;12082;8;;;12076.0;0.0
yf_MKC_d9;37500;ASH_COATED_OSMIUM;9921;8;9918;16;;;9927;25;9929;20;;;9924.0;0.0
yf_MKC_d9;37500;INTARIAN_PEPPER_ROOT;12070;11;12068;24;;;12078;18;12082;27;;;12074.0;0.0
yf_MKC_d9;37600;ASH_COATED_OSMIUM;9920;5;9918;21;;;9926;18;9928;12;;;9923.0;0.0
yf_MKC_d9;37600;INTARIAN_PEPPER_ROOT;12069;7;12065;21;;;12076;19;12079;14;;;12072.5;0.0
yf_MKC_d9;37700;ASH_COATED_OSMIUM;9919;19;9915;27;;;9929;15;9933;18;;;9924.0;0.0
yf_MKC_d9;37700;INTARIAN_PEPPER_ROOT;12063;9;12060;24;;;12076;16;12080;21;;;12069.5;0.0
yf_MKC_d9;37800;ASH_COATED_OSMIUM;9918;19;9914;14;;;9928;9;9930;15;;;9923.0;0.0
yf_MKC_d9;37800;INTARIAN_PEPPER_ROOT;12065;14;12061;29;;;12071;21;12075;8;;;12068.0;0.0
yf_MKC_d9;37900;ASH_COATED_OSMIUM;9918;24;9914;22;;;9928;11;9931;29;;;9923.0;0.0
yf_MKC_d9;37900;INTARIAN_PEPPER_ROOT;12062;13;12060;16;;;12068;15;12071;24;;;12065.0;0.0
yf_MKC_d9;38000;ASH_COATED_OSMIUM;9912;14;9908;17;;;9932;21;9935;25;;;9922.0;0.0
yf_MKC_d9;38000;INTARIAN_PEPPER_ROOT;12059;14;12057;18;;;12067;9;12071;22;;;12063.0;0.0
yf_MKC_d9;38100;ASH_COATED_OSMIUM;9920;11;9917;25;;;9926;16;9930;18;;;9923.0;0.0
yf_MKC_d9;38100;INTARIAN_PEPPER_ROOT;12057;16;12055;20;;;12063;5;12067;10;;;12060.0;0.0
yf_MKC_d9;38200;ASH_COATED_OSMIUM;9920;17;9916;20;;;9926;19;9928;18;;;9923.0;0.0
yf_MKC_d9;38200;INTARIAN_PEPPER_ROOT;12055;13;12051;17;;;12061;14;12064;24;;;12058.0;0.0
yf_MKC_d9;38300;ASH_COATED_OSMIUM;9912;23;9908;18;;;9933;15;9937;25;;;9922.5;0.0
yf_MKC_d9;38300;INTARIAN_PEPPER_ROOT;12047;6;12044;20;;;12065;22;12069;26;;;12056.0;0.0
yf_MKC_d9;38400;ASH_COATED_OSMIUM;9915;9;9911;16;;;9930;15;9932;20;;;9922.5;0.0
yf_MKC_d9;38400;INTARIAN_PEPPER_ROOT;12051;7;12047;24;;;12057;8;12059;19;;;12054.0;0.0
yf_MKC_d9;38500;ASH_COATED_OSMIUM;9919;21;9916;26;;;9925;8;9927;22;;;9922.0;0.0
yf_MKC_d9;38500;INTARIAN_PEPPER_ROOT;12046;14;12044;22;;;12057;20;12060;19;;;12051.5;0.0
yf_MKC_d9;38600;ASH_COATED_OSMIUM;9919;15;9916;15;;;9925;14;9929;26;;;9922.0;0.0
yf_MKC_d9;38600;INTARIAN_PEPPER_ROOT;12046;11;12043;20;;;12052;7;12054;18;;;12049.0;0.0
yf_MKC_d9;38700;ASH_COATED_OSMIUM;9917;23;9913;18;;;9925;16;9928;8;;;9921.0;0.0
yf_MKC_d9;38700;INTARIAN_PEPPER_ROOT;12042;16;12038;13;;;12051;15;12054;25;;;12046.5;0.0
yf_MKC_d9;38800;ASH_COATED_OSMIUM;9917;10;9914;19;;;9925;16;9929;24;;;9921.0;0.0
yf_MKC_d9;38800;INTARIAN_PEPPER_ROOT;12042;20;12039;13;;;12048;14;12052;18;;;12045.0;0.0
yf_MKC_d9;38900;ASH_COATED_OSMIUM;9918;20;9914;20;;;9924;21;9928;16;;;9921.0;0.0
yf_MKC_d9;38900;INTARIAN_PEPPER_ROOT;12039;13;12036;16;;;12045;10;12049;15;;;12042.0;0.0
yf_MKC_d9;39000;ASH_COATED_OSMIUM;9918;20;9916;20;;;9924;19;9927;27;;;9921.0;0.0
yf_MKC_d9;39000;INTARIAN_PEPPER_ROOT;12033;5;12031;23;;;12047;10;12051;23;;;12040.0;0.0
yf_MKC_d9;39100;ASH_COATED_OSMIUM;9918;9;9915;26;;;9924;11;9928;19;;;9921.0;0.0
yf_MKC_d9;39100;INTARIAN_PEPPER_ROOT;12034;15;12030;17;;;12041;16;12045;26;;;12037.5;0.0
yf_MKC_d9;39200;ASH_COATED_OSMIUM;9908;13;9905;24;;;9933;9;9937;22;;;9920.5;0.0
yf_MKC_d9;39200;INTARIAN_PEPPER_ROOT;12019;18;12017;19;;;12051;13;12054;20;;;12035.0;0.0
yf_MKC_d9;39300;ASH_COATED_OSMIUM;9916;12;9913;27;;;9925;12;9927;21;;;9920.5;0.0
yf_MKC_d9;39300;INTARIAN_PEPPER_ROOT;12030;24;12027;20;;;12036;16;12040;21;;;12033.0;0.0
yf_MKC_d9;39400;ASH_COATED_OSMIUM;9917;16;9914;24;;;9923;9;9925;21;;;9920.0;0.0
yf_MKC_d9;39400;INTARIAN_PEPPER_ROOT;12020;14;12017;16;;;12043;11;12045;14;;;12031.5;0.0
yf_MKC_d9;39500;ASH_COATED_OSMIUM;9917;15;9914;15;;;9923;10;9927;16;;;9920.0;0.0
yf_MKC_d9;39500;INTARIAN_PEPPER_ROOT;12025;16;12023;21;;;12033;15;12035;15;;;12029.0;0.0
yf_MKC_d9;39600;ASH_COATED_OSMIUM;9917;17;9914;29;;;9923;19;9926;20;;;9920.0;0.0
yf_MKC_d9;39600;INTARIAN_PEPPER_ROOT;12018;17;12016;22;;;12035;12;12037;23;;;12026.5;0.0
yf_MKC_d9;39700;ASH_COATED_OSMIUM;9917;19;9914;25;;;9923;15;9925;23;;;9920.0;0.0
yf_MKC_d9;39700;INTARIAN_PEPPER_ROOT;12021;14;12019;17;;;12027;7;12030;14;;;12024.0;0.0
yf_MKC_d9;39800;ASH_COATED_OSMIUM;9916;12;9913;10;;;9922;20;9924;21;;;9919.0;0.0
yf_MKC_d9;39800;INTARIAN_PEPPER_ROOT;12017;10;12013;18;;;12027;10;12029;29;;;12022.0;0.0
yf_MKC_d9;39900;ASH_COATED_OSMIUM;9909;19;9905;12;;;9929;20;9931;21;;;9919.0;0.0
yf_MKC_d9;39900;INTARIAN_PEPPER_ROOT;12012;10;12010;22;;;12026;19;12028;14;;;12019.0;0.0
yf_MKC_d9;40000;ASH_COATED_OSMIUM;9916;5;9912;13;;;9922;18;9925;24;;;9919.0;0.0
yf_MKC_d9;40000;INTARIAN_PEPPER_ROOT;12014;16;12011;20;;;12020;11;12024;22;;;12017.0;0.0
yf_MKC_d9;40100;ASH_COATED_OSMIUM;9916;20;9912;22;;;9922;15;9926;17;;;9919.0;0.0
yf_MKC_d9;40100;INTARIAN_PEPPER_ROOT;12011;12;12007;18;;;12017;17;12019;17;;;12014.0;0.0
yf_MKC_d9;40200;ASH_COATED_OSMIUM;9916;19;9912;23;;;9922;24;9925;13;;;9919.0;0.0
yf_MKC_d9;40200;INTARIAN_PEPPER_ROOT;12006;23;12002;21;;;12018;13;12021;17;;;12012.0;0.0
yf_MKC_d9;40300;ASH_COATED_OSMIUM;9915;15;9913;10;;;9921;20;9925;10;;;9918.0;0.0
yf_MKC_d9;40300;INTARIAN_PEPPER_ROOT;11997;7;11994;30;;;12022;10;12026;10;;;12009.5;0.0
yf_MKC_d9;40400;ASH_COATED_OSMIUM;9916;12;9913;18;;;9922;16;9924;16;;;9919.0;0.0
yf_MKC_d9;40400;INTARIAN_PEPPER_ROOT;12005;16;12001;8;;;12011;24;12015;16;;;12008.0;0.0
yf_MKC_d9;40500;ASH_COATED_OSMIUM;9915;18;9912;15;;;9921;13;9923;19;;;9918.0;0.0
yf_MKC_d9;40500;INTARIAN_PEPPER_ROOT;12003;17;11999;15;;;12009;6;12011;15;;;12006.0;0.0
yf_MKC_d9;40600;ASH_COATED_OSMIUM;9915;10;9913;21;;;9921;17;9924;27;;;9918.0;0.0
yf_MKC_d9;40600;INTARIAN_PEPPER_ROOT;12001;10;11997;15;;;12007;18;12011;22;;;12004.0;0.0
yf_MKC_d9;40700;ASH_COATED_OSMIUM;9915;9;9911;31;;;9921;16;9924;17;;;9918.0;0.0
yf_MKC_d9;40700;INTARIAN_PEPPER_ROOT;11998;16;11994;13;;;12004;19;12007;21;;;12001.0;0.0
yf_MKC_d9;40800;ASH_COATED_OSMIUM;9915;7;9912;19;;;9921;14;9924;19;;;9918.0;0.0
yf_MKC_d9;40800;INTARIAN_PEPPER_ROOT;11994;10;11990;10;;;12003;13;12006;17;;;11998.5;0.0
yf_MKC_d9;40900;ASH_COATED_OSMIUM;9914;23;9910;14;;;9920;7;9924;17;;;9917.0;0.0
yf_MKC_d9;40900;INTARIAN_PEPPER_ROOT;11993;17;11989;16;;;11999;19;12002;26;;;11996.0;0.0
yf_MKC_d9;41000;ASH_COATED_OSMIUM;9915;14;9911;23;;;9921;15;9923;12;;;9918.0;0.0
yf_MKC_d9;41000;INTARIAN_PEPPER_ROOT;11991;9;11987;18;;;11997;13;11999;8;;;11994.0;0.0
yf_MKC_d9;41100;ASH_COATED_OSMIUM;9913;22;9909;20;;;9920;27;9922;23;;;9916.5;0.0
yf_MKC_d9;41100;INTARIAN_PEPPER_ROOT;11988;13;11985;22;;;11994;8;11998;15;;;11991.0;0.0
yf_MKC_d9;41200;ASH_COATED_OSMIUM;9914;19;9910;15;;;9920;20;9924;22;;;9917.0;0.0
yf_MKC_d9;41200;INTARIAN_PEPPER_ROOT;11985;16;11981;15;;;11994;13;11998;19;;;11989.5;0.0
yf_MKC_d9;41300;ASH_COATED_OSMIUM;9914;12;9910;23;;;9920;13;9924;12;;;9917.0;0.0
yf_MKC_d9;41300;INTARIAN_PEPPER_ROOT;11977;13;11975;18;;;11998;16;12002;11;;;11987.5;0.0
yf_MKC_d9;41400;ASH_COATED_OSMIUM;9910;19;9907;25;;;9924;22;9927;15;;;9917.0;0.0
yf_MKC_d9;41400;INTARIAN_PEPPER_ROOT;11983;15;11980;16;;;11989;17;11992;12;;;11986.0;0.0
yf_MKC_d9;41500;ASH_COATED_OSMIUM;9909;16;9905;20;;;9926;11;9929;26;;;9917.5;0.0
yf_MKC_d9;41500;INTARIAN_PEPPER_ROOT;11979;15;11977;25;;;11986;10;11988;15;;;11982.5;0.0
yf_MKC_d9;41600;ASH_COATED_OSMIUM;9913;8;9911;24;;;9919;14;9922;28;;;9916.0;0.0
yf_MKC_d9;41600;INTARIAN_PEPPER_ROOT;11975;18;11972;26;;;11986;8;11988;23;;;11980.5;0.0
yf_MKC_d9;41700;ASH_COATED_OSMIUM;9912;17;9909;26;;;9920;13;9924;16;;;9916.0;0.0
yf_MKC_d9;41700;INTARIAN_PEPPER_ROOT;11974;14;11970;22;;;11983;10;11985;13;;;11978.5;0.0
yf_MKC_d9;41800;ASH_COATED_OSMIUM;9912;20;9909;20;;;9918;15;9921;22;;;9915.0;0.0
yf_MKC_d9;41800;INTARIAN_PEPPER_ROOT;11972;18;11970;21;;;11980;14;11982;27;;;11976.0;0.0
yf_MKC_d9;41900;ASH_COATED_OSMIUM;9913;18;9909;22;;;9919;17;9921;16;;;9916.0;0.0
yf_MKC_d9;41900;INTARIAN_PEPPER_ROOT;11966;13;11963;13;;;11982;9;11986;29;;;11974.0;0.0
yf_MKC_d9;42000;ASH_COATED_OSMIUM;9912;10;9909;20;;;9918;13;9922;23;;;9915.0;0.0
yf_MKC_d9;42000;INTARIAN_PEPPER_ROOT;11968;6;11964;28;;;11974;24;11977;19;;;11971.0;0.0
yf_MKC_d9;42100;ASH_COATED_OSMIUM;9901;5;9898;19;;;9930;13;9933;23;;;9915.5;0.0
yf_MKC_d9;42100;INTARIAN_PEPPER_ROOT;11966;10;11964;18;;;11972;6;11976;16;;;11969.0;0.0
yf_MKC_d9;42200;ASH_COATED_OSMIUM;9912;12;9909;22;;;9918;9;9922;24;;;9915.0;0.0
yf_MKC_d9;42200;INTARIAN_PEPPER_ROOT;11963;13;11961;24;;;11969;8;11972;27;;;11966.0;0.0
yf_MKC_d9;42300;ASH_COATED_OSMIUM;9912;8;9910;19;;;9918;16;9921;24;;;9915.0;0.0
yf_MKC_d9;42300;INTARIAN_PEPPER_ROOT;11961;24;11959;21;;;11967;18;11969;16;;;11964.0;0.0
yf_MKC_d9;42400;ASH_COATED_OSMIUM;9909;7;9905;22;;;9921;14;9924;19;;;9915.0;0.0
yf_MKC_d9;42400;INTARIAN_PEPPER_ROOT;11959;11;11956;21;;;11965;16;11967;19;;;11962.0;0.0
yf_MKC_d9;42500;ASH_COATED_OSMIUM;9910;15;9906;20;;;9918;14;9921;24;;;9914.0;0.0
yf_MKC_d9;42500;INTARIAN_PEPPER_ROOT;11943;14;11940;21;;;11976;16;11978;19;;;11959.5;0.0
yf_MKC_d9;42600;ASH_COATED_OSMIUM;9910;18;9906;25;;;9920;13;9922;15;;;9915.0;0.0
yf_MKC_d9;42600;INTARIAN_PEPPER_ROOT;11947;16;11945;10;;;11968;11;11971;23;;;11957.5;0.0
yf_MKC_d9;42700;ASH_COATED_OSMIUM;9911;5;9908;21;;;9917;19;9921;17;;;9914.0;0.0
yf_MKC_d9;42700;INTARIAN_PEPPER_ROOT;11952;18;11950;21;;;11958;20;11961;12;;;11955.0;0.0
yf_MKC_d9;42800;ASH_COATED_OSMIUM;9910;17;9907;19;;;9918;15;9922;20;;;9914.0;0.0
yf_MKC_d9;42800;INTARIAN_PEPPER_ROOT;11937;15;11935;22;;;11969;14;11973;15;;;11953.0;0.0
yf_MKC_d9;42900;ASH_COATED_OSMIUM;9909;14;9905;16;;;9920;13;9923;13;;;9914.5;0.0
yf_MKC_d9;42900;INTARIAN_PEPPER_ROOT;11947;17;11945;12;;;11953;10;11956;22;;;11950.0;0.0
yf_MKC_d9;43000;ASH_COATED_OSMIUM;9911;13;9908;19;;;9917;9;9921;24;;;9914.0;0.0
yf_MKC_d9;43000;INTARIAN_PEPPER_ROOT;11943;12;11940;12;;;11954;10;11957;21;;;11948.5;0.0
yf_MKC_d9;43100;ASH_COATED_OSMIUM;9910;15;9906;16;;;9916;9;9920;9;;;9913.0;0.0
yf_MKC_d9;43100;INTARIAN_PEPPER_ROOT;11940;9;11936;21;;;11951;18;11955;17;;;11945.5;0.0
yf_MKC_d9;43200;ASH_COATED_OSMIUM;9910;19;9908;27;;;9916;14;9920;17;;;9913.0;0.0
yf_MKC_d9;43200;INTARIAN_PEPPER_ROOT;11936;17;11934;16;;;11951;5;11955;17;;;11943.5;0.0
yf_MKC_d9;43300;ASH_COATED_OSMIUM;9910;8;9906;9;;;9918;14;9921;13;;;9914.0;0.0
yf_MKC_d9;43300;INTARIAN_PEPPER_ROOT;11937;18;11933;19;;;11943;24;11945;11;;;11940.0;0.0
yf_MKC_d9;43400;ASH_COATED_OSMIUM;9909;10;9905;24;;;9918;20;9920;20;;;9913.5;0.0
yf_MKC_d9;43400;INTARIAN_PEPPER_ROOT;11935;17;11932;16;;;11944;16;11948;9;;;11939.5;0.0
yf_MKC_d9;43500;ASH_COATED_OSMIUM;9902;21;9899;25;;;9924;23;9927;20;;;9913.0;0.0
yf_MKC_d9;43500;INTARIAN_PEPPER_ROOT;11932;14;11929;23;;;11941;16;11945;16;;;11936.5;0.0
yf_MKC_d9;43600;ASH_COATED_OSMIUM;9901;14;9897;15;;;9926;10;9928;20;;;9913.5;0.0
yf_MKC_d9;43600;INTARIAN_PEPPER_ROOT;11932;9;11928;20;;;11938;17;11941;23;;;11935.0;0.0
yf_MKC_d9;43700;ASH_COATED_OSMIUM;9901;14;9897;18;;;9925;12;9928;23;;;9913.0;0.0
yf_MKC_d9;43700;INTARIAN_PEPPER_ROOT;11929;15;11927;27;;;11935;18;11938;8;;;11932.0;0.0
yf_MKC_d9;43800;ASH_COATED_OSMIUM;9907;12;9905;17;;;9918;10;9920;18;;;9912.5;0.0
yf_MKC_d9;43800;INTARIAN_PEPPER_ROOT;11927;11;11924;21;;;11933;13;11935;14;;;11930.0;0.0
yf_MKC_d9;43900;ASH_COATED_OSMIUM;9909;14;9907;20;;;9915;14;9919;18;;;9912.0;0.0
yf_MKC_d9;43900;INTARIAN_PEPPER_ROOT;11924;18;11920;22;;;11930;22;11933;12;;;11927.0;0.0
yf_MKC_d9;44000;ASH_COATED_OSMIUM;9909;14;9907;24;;;9915;15;9919;20;;;9912.0;0.0
yf_MKC_d9;44000;INTARIAN_PEPPER_ROOT;11922;11;11918;27;;;11928;8;11930;13;;;11925.0;0.0
yf_MKC_d9;44100;ASH_COATED_OSMIUM;9904;11;9902;29;;;9920;16;9924;21;;;9912.0;0.0
yf_MKC_d9;44100;INTARIAN_PEPPER_ROOT;11918;19;11915;24;;;11928;9;11930;18;;;11923.0;0.0
yf_MKC_d9;44200;ASH_COATED_OSMIUM;9908;6;9906;16;;;9914;17;9916;18;;;9911.0;0.0
yf_MKC_d9;44200;INTARIAN_PEPPER_ROOT;11918;12;11916;8;;;11924;9;11927;25;;;11921.0;0.0
yf_MKC_d9;44300;ASH_COATED_OSMIUM;9908;22;9904;24;;;9915;12;9918;23;;;9911.5;0.0
yf_MKC_d9;44300;INTARIAN_PEPPER_ROOT;11915;12;11911;26;;;11921;23;11924;21;;;11918.0;0.0
yf_MKC_d9;44400;ASH_COATED_OSMIUM;9908;17;9904;20;;;9914;17;9918;30;;;9911.0;0.0
yf_MKC_d9;44400;INTARIAN_PEPPER_ROOT;11913;5;11911;15;;;11919;26;11923;19;;;11916.0;0.0
yf_MKC_d9;44500;ASH_COATED_OSMIUM;9906;13;9902;24;;;9916;14;9920;22;;;9911.0;0.0
yf_MKC_d9;44500;INTARIAN_PEPPER_ROOT;11911;13;11908;27;;;11917;15;11921;16;;;11914.0;0.0
yf_MKC_d9;44600;ASH_COATED_OSMIUM;9907;19;9904;21;;;9915;16;9919;15;;;9911.0;0.0
yf_MKC_d9;44600;INTARIAN_PEPPER_ROOT;11907;21;11904;15;;;11916;5;11918;19;;;11911.5;0.0
yf_MKC_d9;44700;ASH_COATED_OSMIUM;9908;11;9904;15;;;9914;21;9917;28;;;9911.0;0.0
yf_MKC_d9;44700;INTARIAN_PEPPER_ROOT;11906;8;11903;31;;;11912;22;11915;16;;;11909.0;0.0
yf_MKC_d9;44800;ASH_COATED_OSMIUM;9908;18;9906;21;;;9914;20;9917;18;;;9911.0;0.0
yf_MKC_d9;44800;INTARIAN_PEPPER_ROOT;11904;15;11902;22;;;11910;18;11913;26;;;11907.0;0.0
yf_MKC_d9;44900;ASH_COATED_OSMIUM;9907;15;9904;22;;;9913;26;9916;17;;;9910.0;0.0
yf_MKC_d9;44900;INTARIAN_PEPPER_ROOT;11901;24;11898;24;;;11907;17;11909;18;;;11904.0;0.0
yf_MKC_d9;45000;ASH_COATED_OSMIUM;9907;11;9904;17;;;9913;11;9917;17;;;9910.0;0.0
yf_MKC_d9;45000;INTARIAN_PEPPER_ROOT;11900;15;11897;18;;;11906;15;11909;20;;;11903.0;0.0
yf_MKC_d9;45100;ASH_COATED_OSMIUM;9906;14;9902;14;;;9914;15;9916;20;;;9910.0;0.0
yf_MKC_d9;45100;INTARIAN_PEPPER_ROOT;11897;9;11895;21;;;11903;13;11907;12;;;11900.0;0.0
yf_MKC_d9;45200;ASH_COATED_OSMIUM;9907;11;9904;18;;;9913;12;9916;16;;;9910.0;0.0
yf_MKC_d9;45200;INTARIAN_PEPPER_ROOT;11894;15;11890;28;;;11900;10;11902;21;;;11897.0;0.0
yf_MKC_d9;45300;ASH_COATED_OSMIUM;9907;10;9905;21;;;9913;16;9915;16;;;9910.0;0.0
yf_MKC_d9;45300;INTARIAN_PEPPER_ROOT;11887;14;11885;13;;;11902;19;11906;18;;;11894.5;0.0
yf_MKC_d9;45400;ASH_COATED_OSMIUM;9907;16;9904;25;;;9913;5;9915;23;;;9910.0;0.0
yf_MKC_d9;45400;INTARIAN_PEPPER_ROOT;11891;16;11887;21;;;11897;9;11900;21;;;11894.0;0.0
yf_MKC_d9;45500;ASH_COATED_OSMIUM;9907;11;9904;19;;;9913;14;9916;16;;;9910.0;0.0
yf_MKC_d9;45500;INTARIAN_PEPPER_ROOT;11888;9;11885;30;;;11894;25;11897;22;;;11891.0;0.0
yf_MKC_d9;45600;ASH_COATED_OSMIUM;9906;9;9902;18;;;9912;13;9915;20;;;9909.0;0.0
yf_MKC_d9;45600;INTARIAN_PEPPER_ROOT;11882;23;11878;18;;;11894;18;11898;10;;;11888.0;0.0
yf_MKC_d9;45700;ASH_COATED_OSMIUM;9906;17;9903;24;;;9912;21;9915;21;;;9909.0;0.0
yf_MKC_d9;45700;INTARIAN_PEPPER_ROOT;11883;18;11880;23;;;11889;15;11891;21;;;11886.0;0.0
yf_MKC_d9;45800;ASH_COATED_OSMIUM;9906;14;9903;16;;;9912;18;9916;20;;;9909.0;0.0
yf_MKC_d9;45800;INTARIAN_PEPPER_ROOT;11881;5;11877;29;;;11887;6;11889;18;;;11884.0;0.0
yf_MKC_d9;45900;ASH_COATED_OSMIUM;9900;16;9896;29;;;9917;21;9921;17;;;9908.5;0.0
yf_MKC_d9;45900;INTARIAN_PEPPER_ROOT;11871;8;11868;22;;;11893;17;11896;17;;;11882.0;0.0
yf_MKC_d9;46000;ASH_COATED_OSMIUM;9905;12;9901;25;;;9911;16;9915;26;;;9908.0;0.0
yf_MKC_d9;46000;INTARIAN_PEPPER_ROOT;11876;14;11874;25;;;11882;10;11886;26;;;11879.0;0.0
yf_MKC_d9;46100;ASH_COATED_OSMIUM;9905;10;9901;24;;;9911;18;9915;23;;;9908.0;0.0
yf_MKC_d9;46100;INTARIAN_PEPPER_ROOT;11874;15;11870;17;;;11880;20;11882;13;;;11877.0;0.0
yf_MKC_d9;46200;ASH_COATED_OSMIUM;9900;8;9898;22;;;9916;16;9918;12;;;9908.0;0.0
yf_MKC_d9;46200;INTARIAN_PEPPER_ROOT;11872;10;11868;19;;;11878;14;11881;13;;;11875.0;0.0
yf_MKC_d9;46300;ASH_COATED_OSMIUM;9906;15;9904;16;;;9912;10;9914;19;;;9909.0;0.0
yf_MKC_d9;46300;INTARIAN_PEPPER_ROOT;11869;18;11866;24;;;11876;14;11879;30;;;11872.5;0.0
yf_MKC_d9;46400;ASH_COATED_OSMIUM;9902;16;9898;29;;;9914;15;9917;22;;;9908.0;0.0
yf_MKC_d9;46400;INTARIAN_PEPPER_ROOT;11867;8;11864;22;;;11873;7;11877;13;;;11870.0;0.0
yf_MKC_d9;46500;ASH_COATED_OSMIUM;9904;13;9900;15;;;9911;18;9913;24;;;9907.5;0.0
yf_MKC_d9;46500;INTARIAN_PEPPER_ROOT;11864;20;11862;22;;;11872;17;11876;18;;;11868.0;0.0
yf_MKC_d9;46600;ASH_COATED_OSMIUM;9898;17;9895;12;;;9916;15;9919;28;;;9907.0;0.0
yf_MKC_d9;46600;INTARIAN_PEPPER_ROOT;11859;21;11856;23;;;11872;16;11876;23;;;11865.5;0.0
yf_MKC_d9;46700;ASH_COATED_OSMIUM;9904;21;9901;16;;;9910;19;9913;17;;;9907.0;0.0
yf_MKC_d9;46700;INTARIAN_PEPPER_ROOT;11861;14;11857;28;;;11867;15;11870;28;;;11864.0;0.0
yf_MKC_d9;46800;ASH_COATED_OSMIUM;9904;21;9902;19;;;9910;16;9912;27;;;9907.0;0.0
yf_MKC_d9;46800;INTARIAN_PEPPER_ROOT;11858;12;11856;28;;;11864;13;11868;17;;;11861.0;0.0
yf_MKC_d9;46900;ASH_COATED_OSMIUM;9904;21;9900;17;;;9910;11;9912;24;;;9907.0;0.0
yf_MKC_d9;46900;INTARIAN_PEPPER_ROOT;11856;11;11854;26;;;11862;16;11865;23;;;11859.0;0.0
yf_MKC_d9;47000;ASH_COATED_OSMIUM;9903;25;9900;20;;;9909;14;9911;22;;;9906.0;0.0
yf_MKC_d9;47000;INTARIAN_PEPPER_ROOT;11853;10;11850;24;;;11860;22;11864;26;;;11856.5;0.0
yf_MKC_d9;47100;ASH_COATED_OSMIUM;9900;14;9898;13;;;9914;11;9918;16;;;9907.0;0.0
yf_MKC_d9;47100;INTARIAN_PEPPER_ROOT;11851;18;11849;14;;;11857;14;11859;14;;;11854.0;0.0
yf_MKC_d9;47200;ASH_COATED_OSMIUM;9904;15;9901;22;;;9910;23;9914;26;;;9907.0;0.0
yf_MKC_d9;47200;INTARIAN_PEPPER_ROOT;11849;10;11845;20;;;11855;19;11859;16;;;11852.0;0.0
yf_MKC_d9;47300;ASH_COATED_OSMIUM;9903;13;9901;9;;;9909;8;9911;22;;;9906.0;0.0
yf_MKC_d9;47300;INTARIAN_PEPPER_ROOT;11847;11;11844;19;;;11853;19;11855;23;;;11850.0;0.0
yf_MKC_d9;47400;ASH_COATED_OSMIUM;9903;16;9900;24;;;9909;5;9912;23;;;9906.0;0.0
yf_MKC_d9;47400;INTARIAN_PEPPER_ROOT;11845;16;11841;8;;;11851;10;11853;16;;;11848.0;0.0
yf_MKC_d9;47500;ASH_COATED_OSMIUM;9902;10;9899;22;;;9908;14;9910;21;;;9905.0;0.0
yf_MKC_d9;47500;INTARIAN_PEPPER_ROOT;11840;14;11837;21;;;11849;22;11852;19;;;11844.5;0.0
yf_MKC_d9;47600;ASH_COATED_OSMIUM;9902;16;9900;19;;;9908;11;9910;21;;;9905.0;0.0
yf_MKC_d9;47600;INTARIAN_PEPPER_ROOT;11839;17;11837;22;;;11845;6;11849;25;;;11842.0;0.0
yf_MKC_d9;47700;ASH_COATED_OSMIUM;9902;14;9900;11;;;9908;6;9912;13;;;9905.0;0.0
yf_MKC_d9;47700;INTARIAN_PEPPER_ROOT;11837;15;11835;14;;;11844;5;11847;21;;;11840.5;0.0
yf_MKC_d9;47800;ASH_COATED_OSMIUM;9902;19;9899;15;;;9908;18;9911;16;;;9905.0;0.0
yf_MKC_d9;47800;INTARIAN_PEPPER_ROOT;11835;15;11832;21;;;11841;16;11844;12;;;11838.0;0.0
yf_MKC_d9;47900;ASH_COATED_OSMIUM;9902;11;9899;17;;;9908;17;9910;12;;;9905.0;0.0
yf_MKC_d9;47900;INTARIAN_PEPPER_ROOT;11833;7;11831;27;;;11839;18;11842;18;;;11836.0;0.0
yf_MKC_d9;48000;ASH_COATED_OSMIUM;9902;19;9898;27;;;9908;10;9910;25;;;9905.0;0.0
yf_MKC_d9;48000;INTARIAN_PEPPER_ROOT;11831;19;11827;17;;;11837;23;11841;20;;;11834.0;0.0
yf_MKC_d9;48100;ASH_COATED_OSMIUM;9899;14;9895;15;;;9909;10;9912;23;;;9904.0;0.0
yf_MKC_d9;48100;INTARIAN_PEPPER_ROOT;11828;14;11824;19;;;11834;19;11836;16;;;11831.0;0.0
yf_MKC_d9;48200;ASH_COATED_OSMIUM;9898;8;9895;24;;;9912;6;9914;17;;;9905.0;0.0
yf_MKC_d9;48200;INTARIAN_PEPPER_ROOT;11818;7;11816;27;;;11839;5;11842;21;;;11828.5;0.0
yf_MKC_d9;48300;ASH_COATED_OSMIUM;9901;5;9898;18;;;9907;21;9911;25;;;9904.0;0.0
yf_MKC_d9;48300;INTARIAN_PEPPER_ROOT;11824;13;11821;10;;;11830;17;11833;23;;;11827.0;0.0
yf_MKC_d9;48400;ASH_COATED_OSMIUM;9901;18;9897;22;;;9907;20;9909;16;;;9904.0;0.0
yf_MKC_d9;48400;INTARIAN_PEPPER_ROOT;11821;10;11817;24;;;11827;19;11830;22;;;11824.0;0.0
yf_MKC_d9;48500;ASH_COATED_OSMIUM;9898;16;9895;19;;;9911;7;9913;19;;;9904.5;0.0
yf_MKC_d9;48500;INTARIAN_PEPPER_ROOT;11807;13;11805;16;;;11836;19;11839;15;;;11821.5;0.0
yf_MKC_d9;48600;ASH_COATED_OSMIUM;9901;10;9899;10;;;9907;21;9911;20;;;9904.0;0.0
yf_MKC_d9;48600;INTARIAN_PEPPER_ROOT;11813;21;11809;29;;;11826;18;11829;22;;;11819.5;0.0
yf_MKC_d9;48700;ASH_COATED_OSMIUM;9900;15;9896;21;;;9909;17;9911;19;;;9904.5;0.0
yf_MKC_d9;48700;INTARIAN_PEPPER_ROOT;11813;12;11810;14;;;11821;12;11824;13;;;11817.0;0.0
yf_MKC_d9;48800;ASH_COATED_OSMIUM;9897;6;9894;18;;;9910;15;9912;11;;;9903.5;0.0
yf_MKC_d9;48800;INTARIAN_PEPPER_ROOT;11812;16;11809;17;;;11818;13;11821;23;;;11815.0;0.0
yf_MKC_d9;48900;ASH_COATED_OSMIUM;9899;25;9896;19;;;9907;23;9911;17;;;9903.0;0.0
yf_MKC_d9;48900;INTARIAN_PEPPER_ROOT;11809;15;11806;19;;;11816;7;11820;13;;;11812.5;0.0
yf_MKC_d9;49000;ASH_COATED_OSMIUM;9900;9;9896;8;;;9906;13;9908;26;;;9903.0;0.0
yf_MKC_d9;49000;INTARIAN_PEPPER_ROOT;11807;17;11805;17;;;11813;16;11817;18;;;11810.0;0.0
yf_MKC_d9;49100;ASH_COATED_OSMIUM;9900;20;9896;14;;;9906;10;9908;23;;;9903.0;0.0
yf_MKC_d9;49100;INTARIAN_PEPPER_ROOT;11805;13;11801;14;;;11811;18;11815;16;;;11808.0;0.0
yf_MKC_d9;49200;ASH_COATED_OSMIUM;9898;12;9894;23;;;9907;14;9911;15;;;9902.5;0.0
yf_MKC_d9;49200;INTARIAN_PEPPER_ROOT;11803;23;11800;26;;;11809;20;11813;27;;;11806.0;0.0
yf_MKC_d9;49300;ASH_COATED_OSMIUM;9899;15;9896;12;;;9905;14;9909;17;;;9902.0;0.0
yf_MKC_d9;49300;INTARIAN_PEPPER_ROOT;11794;9;11791;19;;;11815;7;11817;22;;;11804.5;0.0
yf_MKC_d9;49400;ASH_COATED_OSMIUM;9900;10;9898;29;;;9906;19;9909;22;;;9903.0;0.0
yf_MKC_d9;49400;INTARIAN_PEPPER_ROOT;11790;11;11787;19;;;11814;18;11818;10;;;11802.0;0.0
yf_MKC_d9;49500;ASH_COATED_OSMIUM;9895;18;9893;18;;;9909;16;9912;19;;;9902.0;0.0
yf_MKC_d9;49500;INTARIAN_PEPPER_ROOT;11796;11;11792;11;;;11802;12;11804;22;;;11799.0;0.0
yf_MKC_d9;49600;ASH_COATED_OSMIUM;9897;5;9895;18;;;9906;17;9910;20;;;9901.5;0.0
yf_MKC_d9;49600;INTARIAN_PEPPER_ROOT;11793;15;11789;17;;;11799;9;11801;26;;;11796.0;0.0
yf_MKC_d9;49700;ASH_COATED_OSMIUM;9899;7;9896;13;;;9905;10;9908;21;;;9902.0;0.0
yf_MKC_d9;49700;INTARIAN_PEPPER_ROOT;11791;10;11789;18;;;11797;6;11800;17;;;11794.0;0.0
yf_MKC_d9;49800;ASH_COATED_OSMIUM;9896;10;9894;24;;;9908;21;9911;13;;;9902.0;0.0
yf_MKC_d9;49800;INTARIAN_PEPPER_ROOT;11788;17;11785;15;;;11795;14;11797;18;;;11791.5;0.0
yf_MKC_d9;49900;ASH_COATED_OSMIUM;9899;10;9897;15;;;9905;29;9907;14;;;9902.0;0.0
yf_MKC_d9;49900;INTARIAN_PEPPER_ROOT;11787;14;11784;18;;;11793;11;11796;18;;;11790.0;0.0
yf_MKC_d9;50000;ASH_COATED_OSMIUM;9899;21;9895;15;;;9905;15;9909;20;;;9902.0;0.0
yf_MKC_d9;50000;INTARIAN_PEPPER_ROOT;11785;19;11782;25;;;11791;18;11794;20;;;11788.0;0.0
yf_MKC_d9;50100;ASH_COATED_OSMIUM;9898;14;9896;27;;;9904;10;9908;32;;;9901.0;0.0
yf_MKC_d9;50100;INTARIAN_PEPPER_ROOT;11774;18;11772;20;;;11796;13;11798;14;;;11785.0;0.0
yf_MKC_d9;50200;ASH_COATED_OSMIUM;9898;12;9895;25;;;9904;10;9907;24;;;9901.0;0.0
yf_MKC_d9;50200;INTARIAN_PEPPER_ROOT;11780;14;11777;17;;;11786;14;11790;12;;;11783.0;0.0
yf_MKC_d9;50300;ASH_COATED_OSMIUM;9898;18;9894;15;;;9904;18;9906;16;;;9901.0;0.0
yf_MKC_d9;50300;INTARIAN_PEPPER_ROOT;11778;26;11774;15;;;11784;18;11788;22;;;11781.0;0.0
yf_MKC_d9;50400;ASH_COATED_OSMIUM;9897;18;9893;20;;;9903;13;9905;12;;;9900.0;0.0
yf_MKC_d9;50400;INTARIAN_PEPPER_ROOT;11775;10;11771;28;;;11781;11;11785;18;;;11778.0;0.0
yf_MKC_d9;50500;ASH_COATED_OSMIUM;9897;8;9895;12;;;9903;13;9906;26;;;9900.0;0.0
yf_MKC_d9;50500;INTARIAN_PEPPER_ROOT;11765;18;11762;9;;;11787;13;11791;17;;;11776.0;0.0
yf_MKC_d9;50600;ASH_COATED_OSMIUM;9884;11;9880;14;;;9917;13;9921;15;;;9900.5;0.0
yf_MKC_d9;50600;INTARIAN_PEPPER_ROOT;11771;9;11769;16;;;11777;16;11779;27;;;11774.0;0.0
yf_MKC_d9;50700;ASH_COATED_OSMIUM;9898;16;9896;11;;;9904;22;9907;24;;;9901.0;0.0
yf_MKC_d9;50700;INTARIAN_PEPPER_ROOT;11769;11;11767;29;;;11775;20;11777;21;;;11772.0;0.0
yf_MKC_d9;50800;ASH_COATED_OSMIUM;9897;12;9893;19;;;9903;5;9906;19;;;9900.0;0.0
yf_MKC_d9;50800;INTARIAN_PEPPER_ROOT;11767;13;11763;13;;;11773;18;11776;16;;;11770.0;0.0
yf_MKC_d9;50900;ASH_COATED_OSMIUM;9896;20;9892;22;;;9903;17;9907;16;;;9899.5;0.0
yf_MKC_d9;50900;INTARIAN_PEPPER_ROOT;11765;20;11763;9;;;11771;16;11773;21;;;11768.0;0.0
yf_MKC_d9;51000;ASH_COATED_OSMIUM;9897;9;9893;19;;;9903;7;9906;13;;;9900.0;0.0
yf_MKC_d9;51000;INTARIAN_PEPPER_ROOT;11761;17;11758;26;;;11775;22;11779;10;;;11768.0;0.0
yf_MKC_d9;51100;ASH_COATED_OSMIUM;9896;10;9892;9;;;9906;8;9909;17;;;9901.0;0.0
yf_MKC_d9;51100;INTARIAN_PEPPER_ROOT;11742;19;11739;26;;;11792;13;11795;13;;;11767.0;0.0
yf_MKC_d9;51200;ASH_COATED_OSMIUM;9897;17;9895;22;;;9903;17;9907;17;;;9900.0;0.0
yf_MKC_d9;51200;INTARIAN_PEPPER_ROOT;11764;5;11760;17;;;11770;21;11772;20;;;11767.0;0.0
yf_MKC_d9;51300;ASH_COATED_OSMIUM;9898;11;9896;31;;;9904;21;9907;22;;;9901.0;0.0
yf_MKC_d9;51300;INTARIAN_PEPPER_ROOT;11763;11;11759;25;;;11769;20;11773;15;;;11766.0;0.0
yf_MKC_d9;51400;ASH_COATED_OSMIUM;9898;11;9896;25;;;9904;12;9906;17;;;9901.0;0.0
yf_MKC_d9;51400;INTARIAN_PEPPER_ROOT;11763;17;11759;23;;;11769;8;11773;26;;;11766.0;0.0
yf_MKC_d9;51500;ASH_COATED_OSMIUM;9897;17;9894;14;;;9906;12;9908;20;;;9901.5;0.0
yf_MKC_d9;51500;INTARIAN_PEPPER_ROOT;11752;16;11749;16;;;11778;13;11781;23;;;11765.0;0.0
yf_MKC_d9;51600;ASH_COATED_OSMIUM;9898;21;9894;26;;;9904;9;9908;14;;;9901.0;0.0
yf_MKC_d9;51600;INTARIAN_PEPPER_ROOT;11762;20;11758;23;;;11768;7;11770;8;;;11765.0;0.0
yf_MKC_d9;51700;ASH_COATED_OSMIUM;9899;15;9896;14;;;9905;17;9907;22;;;9902.0;0.0
yf_MKC_d9;51700;INTARIAN_PEPPER_ROOT;11759;8;11756;17;;;11769;15;11771;24;;;11764.0;0.0
yf_MKC_d9;51800;ASH_COATED_OSMIUM;9896;13;9894;16;;;9907;20;9909;20;;;9901.5;0.0
yf_MKC_d9;51800;INTARIAN_PEPPER_ROOT;11757;26;11753;21;;;11771;15;11773;24;;;11764.0;0.0
yf_MKC_d9;51900;ASH_COATED_OSMIUM;9899;17;9896;18;;;9905;14;9908;21;;;9902.0;0.0
yf_MKC_d9;51900;INTARIAN_PEPPER_ROOT;11757;27;11755;20;;;11769;14;11771;28;;;11763.0;0.0
yf_MKC_d9;52000;ASH_COATED_OSMIUM;9899;11;9895;15;;;9905;16;9908;19;;;9902.0;0.0
yf_MKC_d9;52000;INTARIAN_PEPPER_ROOT;11760;9;11756;16;;;11766;9;11768;23;;;11763.0;0.0
yf_MKC_d9;52100;ASH_COATED_OSMIUM;9899;22;9897;31;;;9905;15;9908;20;;;9902.0;0.0
yf_MKC_d9;52100;INTARIAN_PEPPER_ROOT;11760;15;11757;16;;;11766;22;11768;17;;;11763.0;0.0
yf_MKC_d9;52200;ASH_COATED_OSMIUM;9900;18;9898;17;;;9906;21;9909;20;;;9903.0;0.0
yf_MKC_d9;52200;INTARIAN_PEPPER_ROOT;11757;19;11754;22;;;11768;15;11771;17;;;11762.5;0.0
yf_MKC_d9;52300;ASH_COATED_OSMIUM;9898;15;9895;20;;;9908;15;9910;26;;;9903.0;0.0
yf_MKC_d9;52300;INTARIAN_PEPPER_ROOT;11759;20;11757;25;;;11765;12;11769;11;;;11762.0;0.0
yf_MKC_d9;52400;ASH_COATED_OSMIUM;9898;17;9895;15;;;9909;15;9913;10;;;9903.5;0.0
yf_MKC_d9;52400;INTARIAN_PEPPER_ROOT;11752;17;11749;16;;;11769;11;11772;19;;;11760.5;0.0
yf_MKC_d9;52500;ASH_COATED_OSMIUM;9901;15;9898;24;;;9907;14;9911;32;;;9904.0;0.0
yf_MKC_d9;52500;INTARIAN_PEPPER_ROOT;11753;19;11749;16;;;11768;9;11772;19;;;11760.5;0.0
yf_MKC_d9;52600;ASH_COATED_OSMIUM;9892;19;9889;26;;;9916;20;9919;19;;;9904.0;0.0
yf_MKC_d9;52600;INTARIAN_PEPPER_ROOT;11757;18;11755;23;;;11765;11;11768;18;;;11761.0;0.0
yf_MKC_d9;52700;ASH_COATED_OSMIUM;9901;13;9898;26;;;9907;10;9911;11;;;9904.0;0.0
yf_MKC_d9;52700;INTARIAN_PEPPER_ROOT;11757;7;11754;10;;;11763;19;11765;22;;;11760.0;0.0
yf_MKC_d9;52800;ASH_COATED_OSMIUM;9901;18;9898;13;;;9907;17;9910;16;;;9904.0;0.0
yf_MKC_d9;52800;INTARIAN_PEPPER_ROOT;11756;15;11754;21;;;11762;13;11765;22;;;11759.0;0.0
yf_MKC_d9;52900;ASH_COATED_OSMIUM;9901;14;9899;21;;;9907;20;9910;21;;;9904.0;0.0
yf_MKC_d9;52900;INTARIAN_PEPPER_ROOT;11756;13;11753;19;;;11762;14;11766;23;;;11759.0;0.0
yf_MKC_d9;53000;ASH_COATED_OSMIUM;9901;14;9899;21;;;9907;7;9910;20;;;9904.0;0.0
yf_MKC_d9;53000;INTARIAN_PEPPER_ROOT;11757;15;11755;19;;;11763;18;11767;17;;;11760.0;0.0
yf_MKC_d9;53100;ASH_COATED_OSMIUM;9901;15;9898;21;;;9909;13;9913;27;;;9905.0;0.0
yf_MKC_d9;53100;INTARIAN_PEPPER_ROOT;11755;10;11752;13;;;11761;6;11764;20;;;11758.0;0.0
yf_MKC_d9;53200;ASH_COATED_OSMIUM;9900;11;9896;19;;;9911;10;9915;18;;;9905.5;0.0
yf_MKC_d9;53200;INTARIAN_PEPPER_ROOT;11755;20;11753;18;;;11761;7;11764;15;;;11758.0;0.0
yf_MKC_d9;53300;ASH_COATED_OSMIUM;9903;9;9899;14;;;9909;14;9913;19;;;9906.0;0.0
yf_MKC_d9;53300;INTARIAN_PEPPER_ROOT;11752;13;11748;18;;;11764;13;11768;16;;;11758.0;0.0
yf_MKC_d9;53400;ASH_COATED_OSMIUM;9902;13;9899;23;;;9908;10;9912;25;;;9905.0;0.0
yf_MKC_d9;53400;INTARIAN_PEPPER_ROOT;11754;14;11751;31;;;11760;20;11762;27;;;11757.0;0.0
yf_MKC_d9;53500;ASH_COATED_OSMIUM;9903;22;9901;20;;;9909;5;9913;23;;;9906.0;0.0
yf_MKC_d9;53500;INTARIAN_PEPPER_ROOT;11754;13;11750;19;;;11760;14;11764;21;;;11757.0;0.0
yf_MKC_d9;53600;ASH_COATED_OSMIUM;9901;23;9899;26;;;9909;18;9912;16;;;9905.0;0.0
yf_MKC_d9;53600;INTARIAN_PEPPER_ROOT;11752;17;11748;24;;;11760;13;11763;18;;;11756.0;0.0
yf_MKC_d9;53700;ASH_COATED_OSMIUM;9903;16;9901;15;;;9909;8;9911;20;;;9906.0;0.0
yf_MKC_d9;53700;INTARIAN_PEPPER_ROOT;11751;17;11748;24;;;11761;10;11764;29;;;11756.0;0.0
yf_MKC_d9;53800;ASH_COATED_OSMIUM;9903;15;9899;32;;;9909;11;9913;20;;;9906.0;0.0
yf_MKC_d9;53800;INTARIAN_PEPPER_ROOT;11752;17;11750;18;;;11760;7;11762;23;;;11756.0;0.0
yf_MKC_d9;53900;ASH_COATED_OSMIUM;9902;17;9898;19;;;9910;17;9914;26;;;9906.0;0.0
yf_MKC_d9;53900;INTARIAN_PEPPER_ROOT;11748;17;11745;25;;;11763;14;11765;19;;;11755.5;0.0
yf_MKC_d9;54000;ASH_COATED_OSMIUM;9904;8;9902;14;;;9910;9;9914;16;;;9907.0;0.0
yf_MKC_d9;54000;INTARIAN_PEPPER_ROOT;11739;18;11736;31;;;11770;9;11772;20;;;11754.5;0.0
yf_MKC_d9;54100;ASH_COATED_OSMIUM;9903;13;9900;28;;;9909;20;9913;20;;;9906.0;0.0
yf_MKC_d9;54100;INTARIAN_PEPPER_ROOT;11749;7;11745;19;;;11759;20;11763;20;;;11754.0;0.0
yf_MKC_d9;54200;ASH_COATED_OSMIUM;9900;12;9898;19;;;9913;14;9916;18;;;9906.5;0.0
yf_MKC_d9;54200;INTARIAN_PEPPER_ROOT;11751;19;11747;15;;;11757;11;11759;21;;;11754.0;0.0
yf_MKC_d9;54300;ASH_COATED_OSMIUM;9901;12;9899;11;;;9913;14;9917;16;;;9907.0;0.0
yf_MKC_d9;54300;INTARIAN_PEPPER_ROOT;11750;17;11746;14;;;11756;16;11760;16;;;11753.0;0.0
yf_MKC_d9;54400;ASH_COATED_OSMIUM;9899;13;9897;21;;;9915;21;9917;17;;;9907.0;0.0
yf_MKC_d9;54400;INTARIAN_PEPPER_ROOT;11750;13;11746;16;;;11756;5;11758;16;;;11753.0;0.0
yf_MKC_d9;54500;ASH_COATED_OSMIUM;9898;5;9895;19;;;9917;11;9919;20;;;9907.5;0.0
yf_MKC_d9;54500;INTARIAN_PEPPER_ROOT;11750;19;11746;17;;;11756;13;11758;9;;;11753.0;0.0
yf_MKC_d9;54600;ASH_COATED_OSMIUM;9902;16;9898;26;;;9914;23;9918;19;;;9908.0;0.0
yf_MKC_d9;54600;INTARIAN_PEPPER_ROOT;11749;20;11745;23;;;11755;19;11758;20;;;11752.0;0.0
yf_MKC_d9;54700;ASH_COATED_OSMIUM;9905;18;9902;24;;;9911;10;9914;14;;;9908.0;0.0
yf_MKC_d9;54700;INTARIAN_PEPPER_ROOT;11749;22;11746;20;;;11755;17;11758;21;;;11752.0;0.0
yf_MKC_d9;54800;ASH_COATED_OSMIUM;9905;8;9901;18;;;9911;20;9913;20;;;9908.0;0.0
yf_MKC_d9;54800;INTARIAN_PEPPER_ROOT;11748;17;11744;17;;;11754;16;11757;17;;;11751.0;0.0
yf_MKC_d9;54900;ASH_COATED_OSMIUM;9902;25;9898;22;;;9915;10;9918;16;;;9908.5;0.0
yf_MKC_d9;54900;INTARIAN_PEPPER_ROOT;11748;7;11746;22;;;11754;14;11757;28;;;11751.0;0.0
yf_MKC_d9;55000;ASH_COATED_OSMIUM;9906;16;9903;14;;;9912;13;9914;14;;;9909.0;0.0
yf_MKC_d9;55000;INTARIAN_PEPPER_ROOT;11748;13;11745;19;;;11754;18;11756;25;;;11751.0;0.0
yf_MKC_d9;55100;ASH_COATED_OSMIUM;9906;5;9903;12;;;9912;22;9916;27;;;9909.0;0.0
yf_MKC_d9;55100;INTARIAN_PEPPER_ROOT;11746;8;11743;19;;;11753;18;11756;18;;;11749.5;0.0
yf_MKC_d9;55200;ASH_COATED_OSMIUM;9906;14;9903;16;;;9912;20;9914;19;;;9909.0;0.0
yf_MKC_d9;55200;INTARIAN_PEPPER_ROOT;11747;13;11745;22;;;11753;19;11755;17;;;11750.0;0.0
yf_MKC_d9;55300;ASH_COATED_OSMIUM;9906;10;9902;24;;;9912;8;9914;25;;;9909.0;0.0
yf_MKC_d9;55300;INTARIAN_PEPPER_ROOT;11745;17;11742;15;;;11753;16;11755;18;;;11749.0;0.0
yf_MKC_d9;55400;ASH_COATED_OSMIUM;9907;23;9903;22;;;9913;20;9917;26;;;9910.0;0.0
yf_MKC_d9;55400;INTARIAN_PEPPER_ROOT;11745;14;11742;17;;;11751;18;11754;19;;;11748.0;0.0
yf_MKC_d9;55500;ASH_COATED_OSMIUM;9907;14;9903;23;;;9913;11;9916;24;;;9910.0;0.0
yf_MKC_d9;55500;INTARIAN_PEPPER_ROOT;11745;10;11743;27;;;11751;10;11754;9;;;11748.0;0.0
yf_MKC_d9;55600;ASH_COATED_OSMIUM;9907;9;9904;24;;;9913;22;9916;18;;;9910.0;0.0
yf_MKC_d9;55600;INTARIAN_PEPPER_ROOT;11745;18;11741;14;;;11751;16;11754;19;;;11748.0;0.0
yf_MKC_d9;55700;ASH_COATED_OSMIUM;9908;8;9905;21;;;9914;16;9917;8;;;9911.0;0.0
yf_MKC_d9;55700;INTARIAN_PEPPER_ROOT;11740;11;11736;18;;;11754;14;11756;22;;;11747.0;0.0
yf_MKC_d9;55800;ASH_COATED_OSMIUM;9907;14;9903;12;;;9913;22;9915;25;;;9910.0;0.0
yf_MKC_d9;55800;INTARIAN_PEPPER_ROOT;11743;19;11741;19;;;11749;18;11753;19;;;11746.0;0.0
yf_MKC_d9;55900;ASH_COATED_OSMIUM;9908;17;9905;22;;;9914;21;9918;18;;;9911.0;0.0
yf_MKC_d9;55900;INTARIAN_PEPPER_ROOT;11742;8;11739;17;;;11749;11;11751;16;;;11745.5;0.0
yf_MKC_d9;56000;ASH_COATED_OSMIUM;9908;16;9905;22;;;9914;11;9917;20;;;9911.0;0.0
yf_MKC_d9;56000;INTARIAN_PEPPER_ROOT;11735;20;11732;24;;;11756;8;11759;16;;;11745.5;0.0
yf_MKC_d9;56100;ASH_COATED_OSMIUM;9902;13;9900;20;;;9920;13;9922;19;;;9911.0;0.0
yf_MKC_d9;56100;INTARIAN_PEPPER_ROOT;11743;11;11740;22;;;11749;10;11752;23;;;11746.0;0.0
yf_MKC_d9;56200;ASH_COATED_OSMIUM;9908;5;9906;31;;;9914;21;9918;20;;;9911.0;0.0
yf_MKC_d9;56200;INTARIAN_PEPPER_ROOT;11742;16;11739;18;;;11748;23;11752;15;;;11745.0;0.0
yf_MKC_d9;56300;ASH_COATED_OSMIUM;9907;17;9903;11;;;9915;5;9918;15;;;9911.0;0.0
yf_MKC_d9;56300;INTARIAN_PEPPER_ROOT;11741;12;11739;19;;;11748;19;11751;9;;;11744.5;0.0
yf_MKC_d9;56400;ASH_COATED_OSMIUM;9906;14;9902;21;;;9918;17;9922;20;;;9912.0;0.0
yf_MKC_d9;56400;INTARIAN_PEPPER_ROOT;11742;5;11740;26;;;11748;16;11750;11;;;11745.0;0.0
yf_MKC_d9;56500;ASH_COATED_OSMIUM;9909;10;9907;20;;;9915;13;9919;19;;;9912.0;0.0
yf_MKC_d9;56500;INTARIAN_PEPPER_ROOT;11735;17;11733;25;;;11751;23;11755;18;;;11743.0;0.0
yf_MKC_d9;56600;ASH_COATED_OSMIUM;9910;10;9908;12;;;9916;24;9919;22;;;9913.0;0.0
yf_MKC_d9;56600;INTARIAN_PEPPER_ROOT;11740;5;11737;24;;;11746;13;11748;16;;;11743.0;0.0
yf_MKC_d9;56700;ASH_COATED_OSMIUM;9910;17;9908;15;;;9916;10;9920;16;;;9913.0;0.0
yf_MKC_d9;56700;INTARIAN_PEPPER_ROOT;11737;16;11735;17;;;11748;13;11751;22;;;11742.5;0.0
yf_MKC_d9;56800;ASH_COATED_OSMIUM;9907;17;9904;26;;;9919;14;9921;24;;;9913.0;0.0
yf_MKC_d9;56800;INTARIAN_PEPPER_ROOT;11731;15;11729;27;;;11755;8;11758;9;;;11743.0;0.0
yf_MKC_d9;56900;ASH_COATED_OSMIUM;9909;13;9906;20;;;9918;17;9921;20;;;9913.5;0.0
yf_MKC_d9;56900;INTARIAN_PEPPER_ROOT;11734;15;11730;22;;;11749;14;11751;18;;;11741.5;0.0
yf_MKC_d9;57000;ASH_COATED_OSMIUM;9910;18;9907;24;;;9916;10;9920;18;;;9913.0;0.0
yf_MKC_d9;57000;INTARIAN_PEPPER_ROOT;11739;5;11736;23;;;11746;14;11750;22;;;11742.5;0.0
yf_MKC_d9;57100;ASH_COATED_OSMIUM;9899;18;9897;23;;;9928;10;9932;13;;;9913.5;0.0
yf_MKC_d9;57100;INTARIAN_PEPPER_ROOT;11738;13;11735;16;;;11744;11;11747;24;;;11741.0;0.0
yf_MKC_d9;57200;ASH_COATED_OSMIUM;9905;15;9901;15;;;9921;15;9925;19;;;9913.0;0.0
yf_MKC_d9;57200;INTARIAN_PEPPER_ROOT;11729;15;11726;14;;;11754;16;11758;15;;;11741.5;0.0
yf_MKC_d9;57300;ASH_COATED_OSMIUM;9904;15;9900;22;;;9923;13;9926;13;;;9913.5;0.0
yf_MKC_d9;57300;INTARIAN_PEPPER_ROOT;11737;17;11733;21;;;11743;19;11747;20;;;11740.0;0.0
yf_MKC_d9;57400;ASH_COATED_OSMIUM;9911;11;9907;25;;;9917;22;9920;22;;;9914.0;0.0
yf_MKC_d9;57400;INTARIAN_PEPPER_ROOT;11737;10;11733;20;;;11743;9;11745;20;;;11740.0;0.0
yf_MKC_d9;57500;ASH_COATED_OSMIUM;9903;15;9901;14;;;9925;16;9928;21;;;9914.0;0.0
yf_MKC_d9;57500;INTARIAN_PEPPER_ROOT;11709;16;11705;30;;;11769;24;11771;16;;;11739.0;0.0
yf_MKC_d9;57600;ASH_COATED_OSMIUM;9909;10;9906;15;;;9919;21;9923;22;;;9914.0;0.0
yf_MKC_d9;57600;INTARIAN_PEPPER_ROOT;11734;10;11732;23;;;11744;10;11746;18;;;11739.0;0.0
yf_MKC_d9;57700;ASH_COATED_OSMIUM;9910;17;9908;18;;;9920;9;9923;17;;;9915.0;0.0
yf_MKC_d9;57700;INTARIAN_PEPPER_ROOT;11735;17;11733;19;;;11741;13;11743;13;;;11738.0;0.0
yf_MKC_d9;57800;ASH_COATED_OSMIUM;9909;13;9907;16;;;9922;18;9926;22;;;9915.5;0.0
yf_MKC_d9;57800;INTARIAN_PEPPER_ROOT;11735;20;11733;8;;;11741;19;11743;14;;;11738.0;0.0
yf_MKC_d9;57900;ASH_COATED_OSMIUM;9913;15;9911;22;;;9919;16;9921;24;;;9916.0;0.0
yf_MKC_d9;57900;INTARIAN_PEPPER_ROOT;11734;25;11732;17;;;11742;9;11744;11;;;11738.0;0.0
yf_MKC_d9;58000;ASH_COATED_OSMIUM;9909;6;9907;21;;;9921;16;9923;20;;;9915.0;0.0
yf_MKC_d9;58000;INTARIAN_PEPPER_ROOT;11732;9;11729;23;;;11742;13;11745;22;;;11737.0;0.0
yf_MKC_d9;58100;ASH_COATED_OSMIUM;9907;20;9903;16;;;9923;11;9925;14;;;9915.0;0.0
yf_MKC_d9;58100;INTARIAN_PEPPER_ROOT;11727;8;11724;20;;;11745;18;11748;18;;;11736.0;0.0
yf_MKC_d9;58200;ASH_COATED_OSMIUM;9913;14;9909;32;;;9919;14;9923;23;;;9916.0;0.0
yf_MKC_d9;58200;INTARIAN_PEPPER_ROOT;11734;5;11730;20;;;11740;8;11743;26;;;11737.0;0.0
yf_MKC_d9;58300;ASH_COATED_OSMIUM;9911;23;9909;19;;;9920;11;9922;13;;;9915.5;0.0
yf_MKC_d9;58300;INTARIAN_PEPPER_ROOT;11733;22;11731;14;;;11739;16;11741;19;;;11736.0;0.0
yf_MKC_d9;58400;ASH_COATED_OSMIUM;9913;13;9910;17;;;9919;9;9922;22;;;9916.0;0.0
yf_MKC_d9;58400;INTARIAN_PEPPER_ROOT;11729;20;11726;16;;;11742;14;11746;21;;;11735.5;0.0
yf_MKC_d9;58500;ASH_COATED_OSMIUM;9910;14;9906;26;;;9923;7;9927;13;;;9916.5;0.0
yf_MKC_d9;58500;INTARIAN_PEPPER_ROOT;11732;13;11730;8;;;11738;11;11740;31;;;11735.0;0.0
yf_MKC_d9;58600;ASH_COATED_OSMIUM;9913;14;9910;22;;;9919;15;9922;30;;;9916.0;0.0
yf_MKC_d9;58600;INTARIAN_PEPPER_ROOT;11729;13;11726;24;;;11740;25;11742;18;;;11734.5;0.0
yf_MKC_d9;58700;ASH_COATED_OSMIUM;9914;5;9912;15;;;9920;17;9922;23;;;9917.0;0.0
yf_MKC_d9;58700;INTARIAN_PEPPER_ROOT;11731;16;11727;17;;;11737;9;11741;20;;;11734.0;0.0
yf_MKC_d9;58800;ASH_COATED_OSMIUM;9914;17;9910;21;;;9920;19;9924;11;;;9917.0;0.0
yf_MKC_d9;58800;INTARIAN_PEPPER_ROOT;11729;13;11726;18;;;11739;13;11743;19;;;11734.0;0.0
yf_MKC_d9;58900;ASH_COATED_OSMIUM;9914;21;9911;21;;;9920;16;9924;9;;;9917.0;0.0
yf_MKC_d9;58900;INTARIAN_PEPPER_ROOT;11730;19;11727;21;;;11736;11;11740;19;;;11733.0;0.0
yf_MKC_d9;59000;ASH_COATED_OSMIUM;9915;15;9911;15;;;9921;12;9924;27;;;9918.0;0.0
