day;timestamp;product;bid_price_1;bid_volume_1;bid_price_2;bid_volume_2;bid_price_3;bid_volume_3;ask_price_1;ask_volume_1;ask_price_2;ask_volume_2;ask_price_3;ask_volume_3;mid_price;profit_and_loss
yf_MKC_d6;0;ASH_COATED_OSMIUM;9899;14;9895;15;;;9919;17;9921;16;;;9909.0;0.0
yf_MKC_d6;0;INTARIAN_PEPPER_ROOT;11023;13;11019;21;;;11040;8;11043;19;;;11031.5;0.0
yf_MKC_d6;100;ASH_COATED_OSMIUM;9902;18;9900;16;;;9915;6;9918;24;;;9908.5;0.0
yf_MKC_d6;100;INTARIAN_PEPPER_ROOT;11029;24;11027;12;;;11035;12;11037;23;;;11032.0;0.0
yf_MKC_d6;200;ASH_COATED_OSMIUM;9906;20;9902;25;;;9912;18;9916;21;;;9909.0;0.0
yf_MKC_d6;200;INTARIAN_PEPPER_ROOT;11028;20;11026;18;;;11035;16;11037;18;;;11031.5;0.0
yf_MKC_d6;300;ASH_COATED_OSMIUM;9906;8;9903;24;;;9912;13;9914;8;;;9909.0;0.0
yf_MKC_d6;300;INTARIAN_PEPPER_ROOT;11025;19;11023;10;;;11038;9;11041;25;;;11031.5;0.0
yf_MKC_d6;400;ASH_COATED_OSMIUM;9897;10;9893;21;;;9921;17;9924;14;;;9909.0;0.0
yf_MKC_d6;400;INTARIAN_PEPPER_ROOT;11029;7;11027;20;;;11035;10;11037;21;;;11032.0;0.0
yf_MKC_d6;500;ASH_COATED_OSMIUM;9905;12;9901;16;;;9911;19;9915;16;;;9908.0;0.0
yf_MKC_d6;500;INTARIAN_PEPPER_ROOT;11023;12;11019;17;;;11041;10;11045;16;;;11032.0;0.0
yf_MKC_d6;600;ASH_COATED_OSMIUM;9900;19;9898;23;;;9918;10;9921;23;;;9909.0;0.0
yf_MKC_d6;600;INTARIAN_PEPPER_ROOT;11028;23;11024;23;;;11034;22;11036;19;;;11031.0;0.0
yf_MKC_d6;700;ASH_COATED_OSMIUM;9902;13;9900;18;;;9914;14;9917;25;;;9908.0;0.0
yf_MKC_d6;700;INTARIAN_PEPPER_ROOT;11025;24;11023;13;;;11038;17;11040;23;;;11031.5;0.0
yf_MKC_d6;800;ASH_COATED_OSMIUM;9906;9;9903;27;;;9912;9;9915;13;;;9909.0;0.0
yf_MKC_d6;800;INTARIAN_PEPPER_ROOT;11029;22;11027;17;;;11035;13;11039;26;;;11032.0;0.0
yf_MKC_d6;900;ASH_COATED_OSMIUM;9906;25;9904;18;;;9912;19;9915;24;;;9909.0;0.0
yf_MKC_d6;900;INTARIAN_PEPPER_ROOT;11028;5;11025;29;;;11036;17;11039;27;;;11032.0;0.0
yf_MKC_d6;1000;ASH_COATED_OSMIUM;9905;20;9903;24;;;9911;13;9913;16;;;9908.0;0.0
yf_MKC_d6;1000;INTARIAN_PEPPER_ROOT;11026;7;11023;26;;;11037;16;11039;25;;;11031.5;0.0
yf_MKC_d6;1100;ASH_COATED_OSMIUM;9905;13;9901;27;;;9911;14;9915;25;;;9908.0;0.0
yf_MKC_d6;1100;INTARIAN_PEPPER_ROOT;11028;21;11025;29;;;11034;15;11038;19;;;11031.0;0.0
yf_MKC_d6;1200;ASH_COATED_OSMIUM;9906;11;9904;26;;;9912;16;9916;17;;;9909.0;0.0
yf_MKC_d6;1200;INTARIAN_PEPPER_ROOT;11026;14;11023;22;;;11037;20;11039;14;;;11031.5;0.0
yf_MKC_d6;1300;ASH_COATED_OSMIUM;9905;12;9903;19;;;9911;18;9915;27;;;9908.0;0.0
yf_MKC_d6;1300;INTARIAN_PEPPER_ROOT;11022;11;11020;25;;;11040;17;11044;24;;;11031.0;0.0
yf_MKC_d6;1400;ASH_COATED_OSMIUM;9903;21;9899;22;;;9912;19;9915;21;;;9907.5;0.0
yf_MKC_d6;1400;INTARIAN_PEPPER_ROOT;11026;15;11023;22;;;11037;11;11041;18;;;11031.5;0.0
yf_MKC_d6;1500;ASH_COATED_OSMIUM;9905;12;9903;26;;;9911;25;9914;17;;;9908.0;0.0
yf_MKC_d6;1500;INTARIAN_PEPPER_ROOT;11028;11;11024;21;;;11034;12;11037;13;;;11031.0;0.0
yf_MKC_d6;1600;ASH_COATED_OSMIUM;9905;18;9903;18;;;9911;17;9913;17;;;9908.0;0.0
yf_MKC_d6;1600;INTARIAN_PEPPER_ROOT;11028;13;11025;25;;;11034;14;11037;15;;;11031.0;0.0
yf_MKC_d6;1700;ASH_COATED_OSMIUM;9899;11;9897;10;;;9916;23;9920;9;;;9907.5;0.0
yf_MKC_d6;1700;INTARIAN_PEPPER_ROOT;11028;13;11025;25;;;11034;12;11036;24;;;11031.0;0.0
yf_MKC_d6;1800;ASH_COATED_OSMIUM;9905;15;9902;14;;;9911;17;9914;12;;;9908.0;0.0
yf_MKC_d6;1800;INTARIAN_PEPPER_ROOT;11028;13;11026;24;;;11034;11;11038;25;;;11031.0;0.0
yf_MKC_d6;1900;ASH_COATED_OSMIUM;9902;18;9899;24;;;9914;20;9917;16;;;9908.0;0.0
yf_MKC_d6;1900;INTARIAN_PEPPER_ROOT;11023;17;11020;23;;;11039;23;11042;23;;;11031.0;0.0
yf_MKC_d6;2000;ASH_COATED_OSMIUM;9905;10;9901;21;;;9911;16;9913;25;;;9908.0;0.0
yf_MKC_d6;2000;INTARIAN_PEPPER_ROOT;11028;10;11025;13;;;11034;6;11036;8;;;11031.0;0.0
yf_MKC_d6;2100;ASH_COATED_OSMIUM;9904;21;9901;17;;;9912;16;9915;16;;;9908.0;0.0
yf_MKC_d6;2100;INTARIAN_PEPPER_ROOT;11015;9;11011;18;;;11047;11;11051;20;;;11031.0;0.0
yf_MKC_d6;2200;ASH_COATED_OSMIUM;9901;17;9899;13;;;9916;20;9919;17;;;9908.5;0.0
yf_MKC_d6;2200;INTARIAN_PEPPER_ROOT;11028;15;11024;13;;;11034;17;11037;22;;;11031.0;0.0
yf_MKC_d6;2300;ASH_COATED_OSMIUM;9905;15;9903;20;;;9911;26;9914;20;;;9908.0;0.0
yf_MKC_d6;2300;INTARIAN_PEPPER_ROOT;11028;19;11026;10;;;11034;12;11038;16;;;11031.0;0.0
yf_MKC_d6;2400;ASH_COATED_OSMIUM;9895;16;9891;27;;;9920;13;9923;15;;;9907.5;0.0
yf_MKC_d6;2400;INTARIAN_PEPPER_ROOT;11019;21;11015;14;;;11043;18;11047;19;;;11031.0;0.0
yf_MKC_d6;2500;ASH_COATED_OSMIUM;9905;9;9903;18;;;9911;14;9915;10;;;9908.0;0.0
yf_MKC_d6;2500;INTARIAN_PEPPER_ROOT;11028;18;11025;25;;;11034;5;11036;16;;;11031.0;0.0
yf_MKC_d6;2600;ASH_COATED_OSMIUM;9897;17;9894;24;;;9919;23;9923;22;;;9908.0;0.0
yf_MKC_d6;2600;INTARIAN_PEPPER_ROOT;11028;10;11024;18;;;11034;17;11036;18;;;11031.0;0.0
yf_MKC_d6;2700;ASH_COATED_OSMIUM;9904;16;9902;17;;;9910;16;9914;12;;;9907.0;0.0
yf_MKC_d6;2700;INTARIAN_PEPPER_ROOT;11028;15;11026;19;;;11034;19;11036;27;;;11031.0;0.0
yf_MKC_d6;2800;ASH_COATED_OSMIUM;9905;17;9903;21;;;9911;9;9915;19;;;9908.0;0.0
yf_MKC_d6;2800;INTARIAN_PEPPER_ROOT;11028;5;11024;24;;;11034;12;11036;21;;;11031.0;0.0
yf_MKC_d6;2900;ASH_COATED_OSMIUM;9905;9;9902;29;;;9911;18;9914;8;;;9908.0;0.0
yf_MKC_d6;2900;INTARIAN_PEPPER_ROOT;11027;11;11025;16;;;11033;15;11036;18;;;11030.0;0.0
yf_MKC_d6;3000;ASH_COATED_OSMIUM;9904;5;9902;18;;;9910;12;9913;20;;;9907.0;0.0
yf_MKC_d6;3000;INTARIAN_PEPPER_ROOT;11026;19;11024;20;;;11036;10;11039;15;;;11031.0;0.0
yf_MKC_d6;3100;ASH_COATED_OSMIUM;9900;12;9898;20;;;9914;10;9917;25;;;9907.0;0.0
yf_MKC_d6;3100;INTARIAN_PEPPER_ROOT;11028;22;11026;20;;;11034;16;11037;15;;;11031.0;0.0
yf_MKC_d6;3200;ASH_COATED_OSMIUM;9904;14;9900;27;;;9910;20;9913;24;;;9907.0;0.0
yf_MKC_d6;3200;INTARIAN_PEPPER_ROOT;11025;13;11023;8;;;11035;21;11038;17;;;11030.0;0.0
yf_MKC_d6;3300;ASH_COATED_OSMIUM;9904;25;9902;17;;;9911;17;9913;28;;;9907.5;0.0
yf_MKC_d6;3300;INTARIAN_PEPPER_ROOT;11027;18;11024;21;;;11033;18;11036;28;;;11030.0;0.0
yf_MKC_d6;3400;ASH_COATED_OSMIUM;9905;9;9902;8;;;9911;8;9914;16;;;9908.0;0.0
yf_MKC_d6;3400;INTARIAN_PEPPER_ROOT;11027;16;11024;18;;;11033;23;11037;11;;;11030.0;0.0
yf_MKC_d6;3500;ASH_COATED_OSMIUM;9904;8;9902;19;;;9910;17;9914;8;;;9907.0;0.0
yf_MKC_d6;3500;INTARIAN_PEPPER_ROOT;11027;8;11024;19;;;11033;19;11036;18;;;11030.0;0.0
yf_MKC_d6;3600;ASH_COATED_OSMIUM;9904;22;9901;20;;;9910;5;9912;25;;;9907.0;0.0
yf_MKC_d6;3600;INTARIAN_PEPPER_ROOT;11027;12;11024;22;;;11033;18;11036;16;;;11030.0;0.0
yf_MKC_d6;3700;ASH_COATED_OSMIUM;9894;20;9892;31;;;9922;10;9925;17;;;9908.0;0.0
yf_MKC_d6;3700;INTARIAN_PEPPER_ROOT;11027;18;11024;25;;;11033;12;11037;24;;;11030.0;0.0
yf_MKC_d6;3800;ASH_COATED_OSMIUM;9904;11;9900;27;;;9910;15;9912;24;;;9907.0;0.0
yf_MKC_d6;3800;INTARIAN_PEPPER_ROOT;11027;13;11025;22;;;11033;16;11036;15;;;11030.0;0.0
yf_MKC_d6;3900;ASH_COATED_OSMIUM;9905;14;9901;22;;;9911;5;9915;25;;;9908.0;0.0
yf_MKC_d6;3900;INTARIAN_PEPPER_ROOT;11028;7;11026;12;;;11034;8;11037;24;;;11031.0;0.0
yf_MKC_d6;4000;ASH_COATED_OSMIUM;9897;22;9895;26;;;9919;23;9922;13;;;9908.0;0.0
yf_MKC_d6;4000;INTARIAN_PEPPER_ROOT;11027;9;11025;27;;;11033;5;11037;18;;;11030.0;0.0
yf_MKC_d6;4100;ASH_COATED_OSMIUM;9904;15;9902;12;;;9912;5;9916;20;;;9908.0;0.0
yf_MKC_d6;4100;INTARIAN_PEPPER_ROOT;11027;9;11023;32;;;11033;12;11037;22;;;11030.0;0.0
yf_MKC_d6;4200;ASH_COATED_OSMIUM;9904;20;9900;14;;;9910;12;9914;23;;;9907.0;0.0
yf_MKC_d6;4200;INTARIAN_PEPPER_ROOT;11028;20;11025;15;;;11034;16;11038;21;;;11031.0;0.0
yf_MKC_d6;4300;ASH_COATED_OSMIUM;9904;13;9900;14;;;9910;15;9914;22;;;9907.0;0.0
yf_MKC_d6;4300;INTARIAN_PEPPER_ROOT;11027;13;11024;22;;;11033;18;11035;21;;;11030.0;0.0
yf_MKC_d6;4400;ASH_COATED_OSMIUM;9902;14;9898;28;;;9914;15;9916;19;;;9908.0;0.0
yf_MKC_d6;4400;INTARIAN_PEPPER_ROOT;11027;11;11023;23;;;11033;7;11035;21;;;11030.0;0.0
yf_MKC_d6;4500;ASH_COATED_OSMIUM;9904;10;9901;10;;;9910;25;9914;30;;;9907.0;0.0
yf_MKC_d6;4500;INTARIAN_PEPPER_ROOT;11028;16;11024;27;;;11034;9;11037;14;;;11031.0;0.0
yf_MKC_d6;4600;ASH_COATED_OSMIUM;9898;13;9895;23;;;9915;11;9918;23;;;9906.5;0.0
yf_MKC_d6;4600;INTARIAN_PEPPER_ROOT;11027;8;11023;19;;;11033;15;11036;16;;;11030.0;0.0
yf_MKC_d6;4700;ASH_COATED_OSMIUM;9895;14;9893;16;;;9918;15;9922;23;;;9906.5;0.0
yf_MKC_d6;4700;INTARIAN_PEPPER_ROOT;11022;17;11018;30;;;11037;24;11041;13;;;11029.5;0.0
yf_MKC_d6;4800;ASH_COATED_OSMIUM;9902;20;9899;26;;;9911;18;9913;15;;;9906.5;0.0
yf_MKC_d6;4800;INTARIAN_PEPPER_ROOT;11027;21;11024;19;;;11033;5;11037;22;;;11030.0;0.0
yf_MKC_d6;4900;ASH_COATED_OSMIUM;9889;13;9885;17;;;9924;16;9926;17;;;9906.5;0.0
yf_MKC_d6;4900;INTARIAN_PEPPER_ROOT;11027;9;11024;11;;;11033;12;11036;23;;;11030.0;0.0
yf_MKC_d6;5000;ASH_COATED_OSMIUM;9903;9;9899;15;;;9911;15;9914;17;;;9907.0;0.0
yf_MKC_d6;5000;INTARIAN_PEPPER_ROOT;11027;15;11025;26;;;11033;11;11037;13;;;11030.0;0.0
yf_MKC_d6;5100;ASH_COATED_OSMIUM;9904;9;9902;15;;;9910;9;9914;17;;;9907.0;0.0
yf_MKC_d6;5100;INTARIAN_PEPPER_ROOT;11027;10;11023;16;;;11033;15;11036;14;;;11030.0;0.0
yf_MKC_d6;5200;ASH_COATED_OSMIUM;9902;16;9900;11;;;9912;28;9915;29;;;9907.0;0.0
yf_MKC_d6;5200;INTARIAN_PEPPER_ROOT;11026;19;11022;17;;;11032;16;11034;19;;;11029.0;0.0
yf_MKC_d6;5300;ASH_COATED_OSMIUM;9903;17;9900;23;;;9911;18;9914;18;;;9907.0;0.0
yf_MKC_d6;5300;INTARIAN_PEPPER_ROOT;11027;16;11025;19;;;11033;18;11035;20;;;11030.0;0.0
yf_MKC_d6;5400;ASH_COATED_OSMIUM;9904;20;9902;28;;;9910;14;9914;29;;;9907.0;0.0
yf_MKC_d6;5400;INTARIAN_PEPPER_ROOT;11027;15;11025;11;;;11033;19;11035;14;;;11030.0;0.0
yf_MKC_d6;5500;ASH_COATED_OSMIUM;9904;14;9900;22;;;9910;18;9912;21;;;9907.0;0.0
yf_MKC_d6;5500;INTARIAN_PEPPER_ROOT;11026;17;11024;28;;;11032;14;11035;14;;;11029.0;0.0
yf_MKC_d6;5600;ASH_COATED_OSMIUM;9895;5;9892;20;;;9918;10;9921;20;;;9906.5;0.0
yf_MKC_d6;5600;INTARIAN_PEPPER_ROOT;11027;14;11023;17;;;11033;6;11036;21;;;11030.0;0.0
yf_MKC_d6;5700;ASH_COATED_OSMIUM;9902;21;9900;21;;;9912;15;9915;26;;;9907.0;0.0
yf_MKC_d6;5700;INTARIAN_PEPPER_ROOT;11027;15;11025;23;;;11033;8;11037;18;;;11030.0;0.0
yf_MKC_d6;5800;ASH_COATED_OSMIUM;9904;28;9900;25;;;9910;18;9913;14;;;9907.0;0.0
yf_MKC_d6;5800;INTARIAN_PEPPER_ROOT;11026;10;11022;20;;;11032;15;11034;19;;;11029.0;0.0
yf_MKC_d6;5900;ASH_COATED_OSMIUM;9903;11;9901;20;;;9909;12;9912;18;;;9906.0;0.0
yf_MKC_d6;5900;INTARIAN_PEPPER_ROOT;11026;16;11022;26;;;11032;21;11036;17;;;11029.0;0.0
yf_MKC_d6;6000;ASH_COATED_OSMIUM;9889;5;9885;15;;;9922;16;9925;22;;;9905.5;0.0
yf_MKC_d6;6000;INTARIAN_PEPPER_ROOT;11023;15;11019;16;;;11035;11;11037;19;;;11029.0;0.0
yf_MKC_d6;6100;ASH_COATED_OSMIUM;9904;10;9901;25;;;9910;18;9912;24;;;9907.0;0.0
yf_MKC_d6;6100;INTARIAN_PEPPER_ROOT;11026;10;11022;18;;;11032;16;11034;22;;;11029.0;0.0
yf_MKC_d6;6200;ASH_COATED_OSMIUM;9903;10;9899;27;;;9909;12;9911;24;;;9906.0;0.0
yf_MKC_d6;6200;INTARIAN_PEPPER_ROOT;11027;6;11023;13;;;11033;6;11035;28;;;11030.0;0.0
yf_MKC_d6;6300;ASH_COATED_OSMIUM;9903;18;9899;20;;;9909;14;9913;16;;;9906.0;0.0
yf_MKC_d6;6300;INTARIAN_PEPPER_ROOT;11025;19;11023;8;;;11033;18;11037;13;;;11029.0;0.0
yf_MKC_d6;6400;ASH_COATED_OSMIUM;9903;7;9899;20;;;9909;24;9913;18;;;9906.0;0.0
yf_MKC_d6;6400;INTARIAN_PEPPER_ROOT;11022;10;11020;16;;;11036;16;11038;14;;;11029.0;0.0
yf_MKC_d6;6500;ASH_COATED_OSMIUM;9904;19;9900;14;;;9910;9;9914;21;;;9907.0;0.0
yf_MKC_d6;6500;INTARIAN_PEPPER_ROOT;11024;12;11020;11;;;11035;22;11039;16;;;11029.5;0.0
yf_MKC_d6;6600;ASH_COATED_OSMIUM;9904;13;9902;20;;;9910;13;9914;20;;;9907.0;0.0
yf_MKC_d6;6600;INTARIAN_PEPPER_ROOT;11026;17;11023;14;;;11032;17;11035;28;;;11029.0;0.0
yf_MKC_d6;6700;ASH_COATED_OSMIUM;9898;13;9896;23;;;9915;20;9917;12;;;9906.5;0.0
yf_MKC_d6;6700;INTARIAN_PEPPER_ROOT;11026;7;11022;26;;;11032;14;11036;22;;;11029.0;0.0
yf_MKC_d6;6800;ASH_COATED_OSMIUM;9903;9;9901;22;;;9909;16;9911;18;;;9906.0;0.0
yf_MKC_d6;6800;INTARIAN_PEPPER_ROOT;11026;12;11022;26;;;11032;15;11035;19;;;11029.0;0.0
yf_MKC_d6;6900;ASH_COATED_OSMIUM;9900;15;9896;15;;;9911;18;9915;20;;;9905.5;0.0
yf_MKC_d6;6900;INTARIAN_PEPPER_ROOT;11026;19;11022;8;;;11032;5;11035;18;;;11029.0;0.0
yf_MKC_d6;7000;ASH_COATED_OSMIUM;9893;23;9889;28;;;9919;6;9921;25;;;9906.0;0.0
yf_MKC_d6;7000;INTARIAN_PEPPER_ROOT;11026;5;11024;18;;;11032;13;11035;21;;;11029.0;0.0
yf_MKC_d6;7100;ASH_COATED_OSMIUM;9903;21;9900;13;;;9909;17;9912;15;;;9906.0;0.0
yf_MKC_d6;7100;INTARIAN_PEPPER_ROOT;11021;19;11019;18;;;11036;9;11038;19;;;11028.5;0.0
yf_MKC_d6;7200;ASH_COATED_OSMIUM;9903;11;9899;9;;;9909;18;9913;17;;;9906.0;0.0
yf_MKC_d6;7200;INTARIAN_PEPPER_ROOT;11026;17;11023;18;;;11032;16;11036;17;;;11029.0;0.0
yf_MKC_d6;7300;ASH_COATED_OSMIUM;9896;9;9894;26;;;9917;17;9920;17;;;9906.5;0.0
yf_MKC_d6;7300;INTARIAN_PEPPER_ROOT;11026;20;11022;22;;;11032;14;11036;34;;;11029.0;0.0
yf_MKC_d6;7400;ASH_COATED_OSMIUM;9903;23;9901;15;;;9909;19;9913;18;;;9906.0;0.0
yf_MKC_d6;7400;INTARIAN_PEPPER_ROOT;11026;20;11022;19;;;11032;29;11034;17;;;11029.0;0.0
yf_MKC_d6;7500;ASH_COATED_OSMIUM;9900;26;9896;16;;;9911;15;9914;15;;;9905.5;0.0
yf_MKC_d6;7500;INTARIAN_PEPPER_ROOT;11026;15;11023;18;;;11032;16;11035;21;;;11029.0;0.0
yf_MKC_d6;7600;ASH_COATED_OSMIUM;9903;15;9901;23;;;9909;19;9912;19;;;9906.0;0.0
yf_MKC_d6;7600;INTARIAN_PEPPER_ROOT;11025;15;11022;21;;;11031;17;11034;22;;;11028.0;0.0
yf_MKC_d6;7700;ASH_COATED_OSMIUM;9903;13;9899;25;;;9909;14;9912;22;;;9906.0;0.0
yf_MKC_d6;7700;INTARIAN_PEPPER_ROOT;11026;6;11023;10;;;11032;12;11035;23;;;11029.0;0.0
yf_MKC_d6;7800;ASH_COATED_OSMIUM;9901;16;9898;30;;;9911;21;9914;12;;;9906.0;0.0
yf_MKC_d6;7800;INTARIAN_PEPPER_ROOT;11013;26;11011;27;;;11045;21;11047;26;;;11029.0;0.0
yf_MKC_d6;7900;ASH_COATED_OSMIUM;9902;18;9899;8;;;9910;13;9913;23;;;9906.0;0.0
yf_MKC_d6;7900;INTARIAN_PEPPER_ROOT;11025;19;11023;17;;;11033;11;11036;13;;;11029.0;0.0
yf_MKC_d6;8000;ASH_COATED_OSMIUM;9902;17;9900;19;;;9908;10;9910;27;;;9905.0;0.0
yf_MKC_d6;8000;INTARIAN_PEPPER_ROOT;11026;8;11024;24;;;11032;18;11035;24;;;11029.0;0.0
yf_MKC_d6;8100;ASH_COATED_OSMIUM;9892;10;9888;17;;;9921;11;9923;20;;;9906.5;0.0
yf_MKC_d6;8100;INTARIAN_PEPPER_ROOT;11026;14;11024;22;;;11032;10;11036;31;;;11029.0;0.0
yf_MKC_d6;8200;ASH_COATED_OSMIUM;9902;8;9900;18;;;9908;23;9911;23;;;9905.0;0.0
yf_MKC_d6;8200;INTARIAN_PEPPER_ROOT;11014;19;11012;23;;;11044;6;11048;21;;;11029.0;0.0
yf_MKC_d6;8300;ASH_COATED_OSMIUM;9896;16;9893;18;;;9915;6;9919;10;;;9905.5;0.0
yf_MKC_d6;8300;INTARIAN_PEPPER_ROOT;11019;10;11016;21;;;11037;8;11040;21;;;11028.0;0.0
yf_MKC_d6;8400;ASH_COATED_OSMIUM;9903;16;9901;17;;;9909;21;9911;15;;;9906.0;0.0
yf_MKC_d6;8400;INTARIAN_PEPPER_ROOT;11024;24;11022;17;;;11033;11;11037;21;;;11028.5;0.0
yf_MKC_d6;8500;ASH_COATED_OSMIUM;9903;5;9899;11;;;9909;12;9911;23;;;9906.0;0.0
yf_MKC_d6;8500;INTARIAN_PEPPER_ROOT;11026;18;11023;13;;;11032;20;11035;19;;;11029.0;0.0
yf_MKC_d6;8600;ASH_COATED_OSMIUM;9902;14;9900;15;;;9908;17;9910;16;;;9905.0;0.0
yf_MKC_d6;8600;INTARIAN_PEPPER_ROOT;11023;12;11020;25;;;11032;20;11035;21;;;11027.5;0.0
yf_MKC_d6;8700;ASH_COATED_OSMIUM;9903;17;9901;17;;;9909;12;9912;17;;;9906.0;0.0
yf_MKC_d6;8700;INTARIAN_PEPPER_ROOT;11023;12;11020;20;;;11034;17;11038;19;;;11028.5;0.0
yf_MKC_d6;8800;ASH_COATED_OSMIUM;9902;16;9899;19;;;9908;17;9912;19;;;9905.0;0.0
yf_MKC_d6;8800;INTARIAN_PEPPER_ROOT;11012;14;11010;23;;;11046;15;11048;15;;;11029.0;0.0
yf_MKC_d6;8900;ASH_COATED_OSMIUM;9898;5;9895;18;;;9914;8;9918;21;;;9906.0;0.0
yf_MKC_d6;8900;INTARIAN_PEPPER_ROOT;11020;13;11018;11;;;11035;15;11038;22;;;11027.5;0.0
yf_MKC_d6;9000;ASH_COATED_OSMIUM;9897;18;9894;21;;;9914;16;9918;23;;;9905.5;0.0
yf_MKC_d6;9000;INTARIAN_PEPPER_ROOT;11026;7;11023;18;;;11032;13;11034;23;;;11029.0;0.0
yf_MKC_d6;9100;ASH_COATED_OSMIUM;9902;10;9900;8;;;9908;15;9911;10;;;9905.0;0.0
yf_MKC_d6;9100;INTARIAN_PEPPER_ROOT;11026;10;11022;24;;;11032;20;11034;20;;;11029.0;0.0
yf_MKC_d6;9200;ASH_COATED_OSMIUM;9902;15;9899;22;;;9908;20;9910;14;;;9905.0;0.0
yf_MKC_d6;9200;INTARIAN_PEPPER_ROOT;11025;6;11023;14;;;11031;11;11033;15;;;11028.0;0.0
yf_MKC_d6;9300;ASH_COATED_OSMIUM;9902;15;9898;15;;;9908;10;9911;23;;;9905.0;0.0
yf_MKC_d6;9300;INTARIAN_PEPPER_ROOT;11024;8;11022;19;;;11030;23;11033;18;;;11027.0;0.0
yf_MKC_d6;9400;ASH_COATED_OSMIUM;9902;24;9898;19;;;9908;17;9910;12;;;9905.0;0.0
yf_MKC_d6;9400;INTARIAN_PEPPER_ROOT;11025;18;11023;15;;;11031;17;11033;20;;;11028.0;0.0
yf_MKC_d6;9500;ASH_COATED_OSMIUM;9902;20;9900;14;;;9908;20;9912;14;;;9905.0;0.0
yf_MKC_d6;9500;INTARIAN_PEPPER_ROOT;11025;15;11021;13;;;11031;16;11033;17;;;11028.0;0.0
yf_MKC_d6;9600;ASH_COATED_OSMIUM;9902;11;9898;17;;;9908;13;9912;22;;;9905.0;0.0
yf_MKC_d6;9600;INTARIAN_PEPPER_ROOT;11025;16;11021;19;;;11031;13;11034;20;;;11028.0;0.0
yf_MKC_d6;9700;ASH_COATED_OSMIUM;9901;20;9899;28;;;9909;12;9913;23;;;9905.0;0.0
yf_MKC_d6;9700;INTARIAN_PEPPER_ROOT;11023;17;11021;10;;;11034;12;11038;19;;;11028.5;0.0
yf_MKC_d6;9800;ASH_COATED_OSMIUM;9902;11;9899;23;;;9908;20;9910;31;;;9905.0;0.0
yf_MKC_d6;9800;INTARIAN_PEPPER_ROOT;11024;13;11022;12;;;11032;13;11035;25;;;11028.0;0.0
yf_MKC_d6;9900;ASH_COATED_OSMIUM;9902;8;9900;17;;;9908;23;9911;18;;;9905.0;0.0
yf_MKC_d6;9900;INTARIAN_PEPPER_ROOT;11016;17;11014;17;;;11040;17;11044;20;;;11028.0;0.0
yf_MKC_d6;10000;ASH_COATED_OSMIUM;9902;11;9898;14;;;9908;6;9912;9;;;9905.0;0.0
yf_MKC_d6;10000;INTARIAN_PEPPER_ROOT;11024;27;11021;26;;;11030;20;11033;24;;;11027.0;0.0
yf_MKC_d6;10100;ASH_COATED_OSMIUM;9902;11;9899;27;;;9908;10;9912;14;;;9905.0;0.0
yf_MKC_d6;10100;INTARIAN_PEPPER_ROOT;11025;9;11021;26;;;11031;16;11033;22;;;11028.0;0.0
yf_MKC_d6;10200;ASH_COATED_OSMIUM;9902;15;9899;29;;;9908;12;9911;19;;;9905.0;0.0
yf_MKC_d6;10200;INTARIAN_PEPPER_ROOT;11025;17;11023;13;;;11031;21;11034;16;;;11028.0;0.0
yf_MKC_d6;10300;ASH_COATED_OSMIUM;9895;21;9893;11;;;9914;12;9918;14;;;9904.5;0.0
yf_MKC_d6;10300;INTARIAN_PEPPER_ROOT;11024;13;11020;22;;;11033;19;11037;19;;;11028.5;0.0
yf_MKC_d6;10400;ASH_COATED_OSMIUM;9902;16;9898;19;;;9908;18;9912;20;;;9905.0;0.0
yf_MKC_d6;10400;INTARIAN_PEPPER_ROOT;11022;10;11019;27;;;11031;5;11034;23;;;11026.5;0.0
yf_MKC_d6;10500;ASH_COATED_OSMIUM;9901;11;9897;18;;;9909;23;9911;15;;;9905.0;0.0
yf_MKC_d6;10500;INTARIAN_PEPPER_ROOT;11025;14;11021;8;;;11031;8;11034;18;;;11028.0;0.0
yf_MKC_d6;10600;ASH_COATED_OSMIUM;9898;13;9894;18;;;9911;12;9914;18;;;9904.5;0.0
yf_MKC_d6;10600;INTARIAN_PEPPER_ROOT;11023;15;11019;23;;;11032;20;11036;18;;;11027.5;0.0
yf_MKC_d6;10700;ASH_COATED_OSMIUM;9902;14;9898;19;;;9908;16;9910;20;;;9905.0;0.0
yf_MKC_d6;10700;INTARIAN_PEPPER_ROOT;11024;14;11020;21;;;11030;20;11033;24;;;11027.0;0.0
yf_MKC_d6;10800;ASH_COATED_OSMIUM;9901;10;9898;16;;;9907;19;9910;9;;;9904.0;0.0
yf_MKC_d6;10800;INTARIAN_PEPPER_ROOT;11025;5;11022;23;;;11031;18;11034;19;;;11028.0;0.0
yf_MKC_d6;10900;ASH_COATED_OSMIUM;9901;22;9897;23;;;9908;15;9912;14;;;9904.5;0.0
yf_MKC_d6;10900;INTARIAN_PEPPER_ROOT;11023;17;11020;25;;;11031;14;11035;19;;;11027.0;0.0
yf_MKC_d6;11000;ASH_COATED_OSMIUM;9902;16;9900;18;;;9908;13;9912;16;;;9905.0;0.0
yf_MKC_d6;11000;INTARIAN_PEPPER_ROOT;11025;26;11022;10;;;11031;20;11035;23;;;11028.0;0.0
yf_MKC_d6;11100;ASH_COATED_OSMIUM;9902;15;9899;18;;;9908;18;9911;18;;;9905.0;0.0
yf_MKC_d6;11100;INTARIAN_PEPPER_ROOT;11024;22;11021;22;;;11030;13;11033;22;;;11027.0;0.0
yf_MKC_d6;11200;ASH_COATED_OSMIUM;9900;13;9898;16;;;9909;25;9912;22;;;9904.5;0.0
yf_MKC_d6;11200;INTARIAN_PEPPER_ROOT;11023;14;11019;14;;;11032;5;11036;26;;;11027.5;0.0
yf_MKC_d6;11300;ASH_COATED_OSMIUM;9891;22;9887;12;;;9918;12;9921;25;;;9904.5;0.0
yf_MKC_d6;11300;INTARIAN_PEPPER_ROOT;11024;8;11021;19;;;11030;21;11034;17;;;11027.0;0.0
yf_MKC_d6;11400;ASH_COATED_OSMIUM;9897;8;9893;20;;;9913;5;9917;24;;;9905.0;0.0
yf_MKC_d6;11400;INTARIAN_PEPPER_ROOT;11020;18;11018;17;;;11033;15;11035;34;;;11026.5;0.0
yf_MKC_d6;11500;ASH_COATED_OSMIUM;9902;24;9900;14;;;9908;22;9912;24;;;9905.0;0.0
yf_MKC_d6;11500;INTARIAN_PEPPER_ROOT;11020;20;11018;19;;;11035;10;11039;24;;;11027.5;0.0
yf_MKC_d6;11600;ASH_COATED_OSMIUM;9901;9;9899;23;;;9909;10;9913;16;;;9905.0;0.0
yf_MKC_d6;11600;INTARIAN_PEPPER_ROOT;11023;15;11021;14;;;11033;15;11036;10;;;11028.0;0.0
yf_MKC_d6;11700;ASH_COATED_OSMIUM;9898;10;9894;22;;;9910;13;9914;21;;;9904.0;0.0
yf_MKC_d6;11700;INTARIAN_PEPPER_ROOT;11017;12;11015;21;;;11038;22;11041;23;;;11027.5;0.0
yf_MKC_d6;11800;ASH_COATED_OSMIUM;9899;10;9895;29;;;9909;16;9911;20;;;9904.0;0.0
yf_MKC_d6;11800;INTARIAN_PEPPER_ROOT;11011;23;11009;25;;;11044;7;11048;17;;;11027.5;0.0
yf_MKC_d6;11900;ASH_COATED_OSMIUM;9901;12;9898;20;;;9908;12;9912;23;;;9904.5;0.0
yf_MKC_d6;11900;INTARIAN_PEPPER_ROOT;11024;14;11020;21;;;11030;14;11034;14;;;11027.0;0.0
yf_MKC_d6;12000;ASH_COATED_OSMIUM;9902;7;9898;31;;;9908;8;9910;21;;;9905.0;0.0
yf_MKC_d6;12000;INTARIAN_PEPPER_ROOT;11024;16;11021;29;;;11030;18;11034;23;;;11027.0;0.0
yf_MKC_d6;12100;ASH_COATED_OSMIUM;9901;16;9899;22;;;9907;12;9911;24;;;9904.0;0.0
yf_MKC_d6;12100;INTARIAN_PEPPER_ROOT;11024;15;11020;24;;;11030;16;11032;19;;;11027.0;0.0
yf_MKC_d6;12200;ASH_COATED_OSMIUM;9901;8;9899;19;;;9907;19;9909;19;;;9904.0;0.0
yf_MKC_d6;12200;INTARIAN_PEPPER_ROOT;11020;10;11016;21;;;11034;8;11036;23;;;11027.0;0.0
yf_MKC_d6;12300;ASH_COATED_OSMIUM;9901;14;9899;28;;;9907;12;9911;8;;;9904.0;0.0
yf_MKC_d6;12300;INTARIAN_PEPPER_ROOT;11024;20;11022;27;;;11030;20;11034;18;;;11027.0;0.0
yf_MKC_d6;12400;ASH_COATED_OSMIUM;9898;20;9895;23;;;9910;21;9912;22;;;9904.0;0.0
yf_MKC_d6;12400;INTARIAN_PEPPER_ROOT;11024;6;11020;27;;;11030;23;11032;14;;;11027.0;0.0
yf_MKC_d6;12500;ASH_COATED_OSMIUM;9901;20;9897;20;;;9907;23;9911;18;;;9904.0;0.0
yf_MKC_d6;12500;INTARIAN_PEPPER_ROOT;11024;14;11020;29;;;11030;22;11034;29;;;11027.0;0.0
yf_MKC_d6;12600;ASH_COATED_OSMIUM;9901;10;9897;10;;;9907;19;9910;19;;;9904.0;0.0
yf_MKC_d6;12600;INTARIAN_PEPPER_ROOT;11024;19;11022;21;;;11030;10;11034;12;;;11027.0;0.0
yf_MKC_d6;12700;ASH_COATED_OSMIUM;9887;12;9885;25;;;9923;18;9927;22;;;9905.0;0.0
yf_MKC_d6;12700;INTARIAN_PEPPER_ROOT;11022;18;11019;14;;;11032;11;11035;16;;;11027.0;0.0
yf_MKC_d6;12800;ASH_COATED_OSMIUM;9898;15;9894;21;;;9910;22;9913;21;;;9904.0;0.0
yf_MKC_d6;12800;INTARIAN_PEPPER_ROOT;11021;20;11019;23;;;11032;19;11036;16;;;11026.5;0.0
yf_MKC_d6;12900;ASH_COATED_OSMIUM;9901;15;9899;17;;;9907;5;9911;14;;;9904.0;0.0
yf_MKC_d6;12900;INTARIAN_PEPPER_ROOT;11015;5;11013;24;;;11038;11;11042;22;;;11026.5;0.0
yf_MKC_d6;13000;ASH_COATED_OSMIUM;9900;9;9897;12;;;9907;20;9910;22;;;9903.5;0.0
yf_MKC_d6;13000;INTARIAN_PEPPER_ROOT;11023;16;11019;17;;;11029;10;11033;10;;;11026.0;0.0
yf_MKC_d6;13100;ASH_COATED_OSMIUM;9891;16;9887;14;;;9916;28;9919;24;;;9903.5;0.0
yf_MKC_d6;13100;INTARIAN_PEPPER_ROOT;11023;15;11019;26;;;11031;7;11034;23;;;11027.0;0.0
yf_MKC_d6;13200;ASH_COATED_OSMIUM;9897;20;9894;14;;;9910;15;9913;30;;;9903.5;0.0
yf_MKC_d6;13200;INTARIAN_PEPPER_ROOT;11018;13;11014;21;;;11035;11;11039;26;;;11026.5;0.0
yf_MKC_d6;13300;ASH_COATED_OSMIUM;9901;14;9897;21;;;9907;21;9910;24;;;9904.0;0.0
yf_MKC_d6;13300;INTARIAN_PEPPER_ROOT;11019;12;11016;20;;;11034;17;11036;22;;;11026.5;0.0
yf_MKC_d6;13400;ASH_COATED_OSMIUM;9900;13;9898;17;;;9906;17;9908;18;;;9903.0;0.0
yf_MKC_d6;13400;INTARIAN_PEPPER_ROOT;11024;13;11022;23;;;11030;16;11033;24;;;11027.0;0.0
yf_MKC_d6;13500;ASH_COATED_OSMIUM;9900;18;9898;15;;;9906;6;9910;19;;;9903.0;0.0
yf_MKC_d6;13500;INTARIAN_PEPPER_ROOT;11024;9;11020;22;;;11030;14;11034;21;;;11027.0;0.0
yf_MKC_d6;13600;ASH_COATED_OSMIUM;9901;16;9899;20;;;9907;11;9910;17;;;9904.0;0.0
yf_MKC_d6;13600;INTARIAN_PEPPER_ROOT;11024;10;11020;20;;;11030;9;11034;24;;;11027.0;0.0
yf_MKC_d6;13700;ASH_COATED_OSMIUM;9892;15;9888;22;;;9915;13;9919;19;;;9903.5;0.0
yf_MKC_d6;13700;INTARIAN_PEPPER_ROOT;11021;17;11018;19;;;11033;12;11037;33;;;11027.0;0.0
yf_MKC_d6;13800;ASH_COATED_OSMIUM;9901;14;9898;25;;;9907;20;9909;16;;;9904.0;0.0
yf_MKC_d6;13800;INTARIAN_PEPPER_ROOT;11024;15;11022;18;;;11030;28;11034;14;;;11027.0;0.0
yf_MKC_d6;13900;ASH_COATED_OSMIUM;9901;19;9897;18;;;9907;15;9910;18;;;9904.0;0.0
yf_MKC_d6;13900;INTARIAN_PEPPER_ROOT;11018;10;11014;27;;;11033;14;11036;10;;;11025.5;0.0
yf_MKC_d6;14000;ASH_COATED_OSMIUM;9895;18;9891;18;;;9911;10;9914;20;;;9903.0;0.0
yf_MKC_d6;14000;INTARIAN_PEPPER_ROOT;11023;10;11019;19;;;11029;18;11033;15;;;11026.0;0.0
yf_MKC_d6;14100;ASH_COATED_OSMIUM;9901;15;9897;21;;;9907;14;9911;18;;;9904.0;0.0
yf_MKC_d6;14100;INTARIAN_PEPPER_ROOT;11023;11;11020;18;;;11029;17;11031;9;;;11026.0;0.0
yf_MKC_d6;14200;ASH_COATED_OSMIUM;9901;10;9899;14;;;9907;6;9910;18;;;9904.0;0.0
yf_MKC_d6;14200;INTARIAN_PEPPER_ROOT;11023;19;11021;11;;;11029;12;11033;14;;;11026.0;0.0
yf_MKC_d6;14300;ASH_COATED_OSMIUM;9896;13;9892;14;;;9911;14;9913;9;;;9903.5;0.0
yf_MKC_d6;14300;INTARIAN_PEPPER_ROOT;11023;19;11021;19;;;11029;15;11033;25;;;11026.0;0.0
yf_MKC_d6;14400;ASH_COATED_OSMIUM;9894;16;9890;24;;;9912;13;9915;18;;;9903.0;0.0
yf_MKC_d6;14400;INTARIAN_PEPPER_ROOT;11023;5;11021;17;;;11029;17;11031;19;;;11026.0;0.0
yf_MKC_d6;14500;ASH_COATED_OSMIUM;9901;17;9897;24;;;9907;20;9911;18;;;9904.0;0.0
yf_MKC_d6;14500;INTARIAN_PEPPER_ROOT;11023;11;11019;15;;;11029;9;11031;26;;;11026.0;0.0
yf_MKC_d6;14600;ASH_COATED_OSMIUM;9900;5;9896;15;;;9907;12;9911;22;;;9903.5;0.0
yf_MKC_d6;14600;INTARIAN_PEPPER_ROOT;11023;22;11021;23;;;11029;11;11031;20;;;11026.0;0.0
yf_MKC_d6;14700;ASH_COATED_OSMIUM;9900;13;9898;25;;;9906;24;9910;18;;;9903.0;0.0
yf_MKC_d6;14700;INTARIAN_PEPPER_ROOT;11023;15;11021;24;;;11029;22;11033;23;;;11026.0;0.0
yf_MKC_d6;14800;ASH_COATED_OSMIUM;9898;13;9895;23;;;9909;5;9913;15;;;9903.5;0.0
yf_MKC_d6;14800;INTARIAN_PEPPER_ROOT;11021;11;11018;21;;;11031;19;11035;20;;;11026.0;0.0
yf_MKC_d6;14900;ASH_COATED_OSMIUM;9897;11;9895;13;;;9910;17;9912;24;;;9903.5;0.0
yf_MKC_d6;14900;INTARIAN_PEPPER_ROOT;11017;18;11013;19;;;11035;11;11037;16;;;11026.0;0.0
yf_MKC_d6;15000;ASH_COATED_OSMIUM;9900;18;9897;20;;;9906;13;9909;16;;;9903.0;0.0
yf_MKC_d6;15000;INTARIAN_PEPPER_ROOT;11023;18;11021;22;;;11029;13;11033;18;;;11026.0;0.0
yf_MKC_d6;15100;ASH_COATED_OSMIUM;9900;19;9896;14;;;9906;21;9910;21;;;9903.0;0.0
yf_MKC_d6;15100;INTARIAN_PEPPER_ROOT;11023;24;11020;28;;;11029;10;11032;20;;;11026.0;0.0
yf_MKC_d6;15200;ASH_COATED_OSMIUM;9895;20;9892;15;;;9909;11;9913;26;;;9902.0;0.0
yf_MKC_d6;15200;INTARIAN_PEPPER_ROOT;11015;12;11011;26;;;11037;16;11039;13;;;11026.0;0.0
yf_MKC_d6;15300;ASH_COATED_OSMIUM;9901;10;9899;17;;;9907;15;9910;21;;;9904.0;0.0
yf_MKC_d6;15300;INTARIAN_PEPPER_ROOT;11023;17;11019;23;;;11029;14;11033;21;;;11026.0;0.0
yf_MKC_d6;15400;ASH_COATED_OSMIUM;9900;18;9896;22;;;9906;15;9910;14;;;9903.0;0.0
yf_MKC_d6;15400;INTARIAN_PEPPER_ROOT;11022;15;11018;11;;;11029;17;11032;19;;;11025.5;0.0
yf_MKC_d6;15500;ASH_COATED_OSMIUM;9899;16;9897;21;;;9908;10;9912;19;;;9903.5;0.0
yf_MKC_d6;15500;INTARIAN_PEPPER_ROOT;11022;17;11020;23;;;11028;22;11032;12;;;11025.0;0.0
yf_MKC_d6;15600;ASH_COATED_OSMIUM;9898;5;9894;14;;;9907;11;9909;13;;;9902.5;0.0
yf_MKC_d6;15600;INTARIAN_PEPPER_ROOT;11019;17;11016;17;;;11033;12;11037;14;;;11026.0;0.0
yf_MKC_d6;15700;ASH_COATED_OSMIUM;9897;7;9895;15;;;9907;16;9909;23;;;9902.0;0.0
yf_MKC_d6;15700;INTARIAN_PEPPER_ROOT;11023;14;11021;27;;;11029;16;11032;15;;;11026.0;0.0
yf_MKC_d6;15800;ASH_COATED_OSMIUM;9901;15;9897;19;;;9907;19;9910;19;;;9904.0;0.0
yf_MKC_d6;15800;INTARIAN_PEPPER_ROOT;11022;5;11019;11;;;11028;15;11031;21;;;11025.0;0.0
yf_MKC_d6;15900;ASH_COATED_OSMIUM;9900;14;9898;17;;;9906;9;9910;25;;;9903.0;0.0
yf_MKC_d6;15900;INTARIAN_PEPPER_ROOT;11023;11;11021;18;;;11029;15;11033;24;;;11026.0;0.0
yf_MKC_d6;16000;ASH_COATED_OSMIUM;9900;7;9897;21;;;9906;18;9910;24;;;9903.0;0.0
yf_MKC_d6;16000;INTARIAN_PEPPER_ROOT;11022;13;11019;23;;;11029;9;11031;14;;;11025.5;0.0
yf_MKC_d6;16100;ASH_COATED_OSMIUM;9896;6;9892;19;;;9910;23;9913;16;;;9903.0;0.0
yf_MKC_d6;16100;INTARIAN_PEPPER_ROOT;11016;20;11012;17;;;11034;11;11038;25;;;11025.0;0.0
yf_MKC_d6;16200;ASH_COATED_OSMIUM;9899;11;9895;15;;;9906;16;9910;19;;;9902.5;0.0
yf_MKC_d6;16200;INTARIAN_PEPPER_ROOT;11023;16;11020;17;;;11029;22;11031;13;;;11026.0;0.0
yf_MKC_d6;16300;ASH_COATED_OSMIUM;9897;15;9893;22;;;9909;15;9912;15;;;9903.0;0.0
yf_MKC_d6;16300;INTARIAN_PEPPER_ROOT;11023;17;11019;20;;;11029;20;11031;23;;;11026.0;0.0
yf_MKC_d6;16400;ASH_COATED_OSMIUM;9887;23;9884;14;;;9917;8;9919;19;;;9902.0;0.0
yf_MKC_d6;16400;INTARIAN_PEPPER_ROOT;11022;15;11018;15;;;11028;6;11031;19;;;11025.0;0.0
yf_MKC_d6;16500;ASH_COATED_OSMIUM;9899;8;9897;20;;;9905;6;9908;14;;;9902.0;0.0
yf_MKC_d6;16500;INTARIAN_PEPPER_ROOT;11020;13;11017;24;;;11031;16;11035;11;;;11025.5;0.0
yf_MKC_d6;16600;ASH_COATED_OSMIUM;9899;8;9896;19;;;9905;16;9907;19;;;9902.0;0.0
yf_MKC_d6;16600;INTARIAN_PEPPER_ROOT;11021;11;11017;17;;;11029;17;11031;23;;;11025.0;0.0
yf_MKC_d6;16700;ASH_COATED_OSMIUM;9899;13;9895;20;;;9905;15;9909;16;;;9902.0;0.0
yf_MKC_d6;16700;INTARIAN_PEPPER_ROOT;11022;10;11020;24;;;11028;22;11030;17;;;11025.0;0.0
yf_MKC_d6;16800;ASH_COATED_OSMIUM;9899;23;9895;21;;;9905;12;9907;22;;;9902.0;0.0
yf_MKC_d6;16800;INTARIAN_PEPPER_ROOT;11022;11;11020;24;;;11028;5;11031;14;;;11025.0;0.0
yf_MKC_d6;16900;ASH_COATED_OSMIUM;9900;19;9896;21;;;9906;10;9910;25;;;9903.0;0.0
yf_MKC_d6;16900;INTARIAN_PEPPER_ROOT;11021;11;11019;16;;;11027;11;11029;20;;;11024.0;0.0
yf_MKC_d6;17000;ASH_COATED_OSMIUM;9897;18;9894;30;;;9908;10;9911;20;;;9902.5;0.0
yf_MKC_d6;17000;INTARIAN_PEPPER_ROOT;11021;13;11019;16;;;11027;12;11030;11;;;11024.0;0.0
yf_MKC_d6;17100;ASH_COATED_OSMIUM;9899;18;9895;20;;;9905;18;9907;20;;;9902.0;0.0
yf_MKC_d6;17100;INTARIAN_PEPPER_ROOT;11018;15;11016;20;;;11026;7;11028;20;;;11022.0;0.0
yf_MKC_d6;17200;ASH_COATED_OSMIUM;9899;15;9897;14;;;9905;18;9909;24;;;9902.0;0.0
yf_MKC_d6;17200;INTARIAN_PEPPER_ROOT;11016;8;11014;17;;;11022;23;11024;17;;;11019.0;0.0
yf_MKC_d6;17300;ASH_COATED_OSMIUM;9897;5;9893;12;;;9909;18;9913;14;;;9903.0;0.0
yf_MKC_d6;17300;INTARIAN_PEPPER_ROOT;11014;25;11012;22;;;11020;13;11024;18;;;11017.0;0.0
yf_MKC_d6;17400;ASH_COATED_OSMIUM;9899;19;9897;16;;;9905;12;9908;23;;;9902.0;0.0
yf_MKC_d6;17400;INTARIAN_PEPPER_ROOT;11012;5;11010;34;;;11018;13;11021;19;;;11015.0;0.0
yf_MKC_d6;17500;ASH_COATED_OSMIUM;9899;21;9897;23;;;9905;12;9908;26;;;9902.0;0.0
yf_MKC_d6;17500;INTARIAN_PEPPER_ROOT;11009;14;11007;14;;;11017;11;11021;25;;;11013.0;0.0
yf_MKC_d6;17600;ASH_COATED_OSMIUM;9897;15;9895;25;;;9908;23;9910;21;;;9902.5;0.0
yf_MKC_d6;17600;INTARIAN_PEPPER_ROOT;11004;21;11001;15;;;11017;21;11021;10;;;11010.5;0.0
yf_MKC_d6;17700;ASH_COATED_OSMIUM;9899;7;9895;25;;;9905;12;9907;20;;;9902.0;0.0
yf_MKC_d6;17700;INTARIAN_PEPPER_ROOT;11005;17;11001;14;;;11011;18;11014;19;;;11008.0;0.0
yf_MKC_d6;17800;ASH_COATED_OSMIUM;9900;22;9898;18;;;9906;13;9908;17;;;9903.0;0.0
yf_MKC_d6;17800;INTARIAN_PEPPER_ROOT;11003;20;10999;23;;;11009;17;11012;21;;;11006.0;0.0
yf_MKC_d6;17900;ASH_COATED_OSMIUM;9894;14;9890;20;;;9911;17;9913;19;;;9902.5;0.0
yf_MKC_d6;17900;INTARIAN_PEPPER_ROOT;11000;14;10998;20;;;11006;19;11010;14;;;11003.0;0.0
yf_MKC_d6;18000;ASH_COATED_OSMIUM;9899;21;9896;19;;;9905;22;9907;26;;;9902.0;0.0
yf_MKC_d6;18000;INTARIAN_PEPPER_ROOT;10989;9;10987;13;;;11013;22;11017;16;;;11001.0;0.0
yf_MKC_d6;18100;ASH_COATED_OSMIUM;9899;11;9896;21;;;9905;17;9907;23;;;9902.0;0.0
yf_MKC_d6;18100;INTARIAN_PEPPER_ROOT;10995;15;10992;12;;;11004;7;11008;20;;;10999.5;0.0
yf_MKC_d6;18200;ASH_COATED_OSMIUM;9899;5;9896;20;;;9905;17;9909;26;;;9902.0;0.0
yf_MKC_d6;18200;INTARIAN_PEPPER_ROOT;10994;14;10990;26;;;11000;12;11004;25;;;10997.0;0.0
yf_MKC_d6;18300;ASH_COATED_OSMIUM;9899;10;9897;21;;;9905;26;9909;30;;;9902.0;0.0
yf_MKC_d6;18300;INTARIAN_PEPPER_ROOT;10991;13;10989;16;;;10997;14;11000;28;;;10994.0;0.0
yf_MKC_d6;18400;ASH_COATED_OSMIUM;9900;15;9896;22;;;9906;11;9908;21;;;9903.0;0.0
yf_MKC_d6;18400;INTARIAN_PEPPER_ROOT;10984;16;10980;16;;;11001;7;11003;12;;;10992.5;0.0
yf_MKC_d6;18500;ASH_COATED_OSMIUM;9899;7;9895;24;;;9905;5;9908;20;;;9902.0;0.0
yf_MKC_d6;18500;INTARIAN_PEPPER_ROOT;10987;13;10983;23;;;10993;17;10997;18;;;10990.0;0.0
yf_MKC_d6;18600;ASH_COATED_OSMIUM;9899;13;9897;23;;;9905;11;9907;26;;;9902.0;0.0
yf_MKC_d6;18600;INTARIAN_PEPPER_ROOT;10984;26;10980;17;;;10992;5;10995;11;;;10988.0;0.0
yf_MKC_d6;18700;ASH_COATED_OSMIUM;9899;27;9897;18;;;9905;27;9909;25;;;9902.0;0.0
yf_MKC_d6;18700;INTARIAN_PEPPER_ROOT;10972;12;10969;19;;;10999;19;11002;16;;;10985.5;0.0
yf_MKC_d6;18800;ASH_COATED_OSMIUM;9899;17;9897;20;;;9905;12;9907;26;;;9902.0;0.0
yf_MKC_d6;18800;INTARIAN_PEPPER_ROOT;10980;14;10976;18;;;10987;20;10991;17;;;10983.5;0.0
yf_MKC_d6;18900;ASH_COATED_OSMIUM;9889;17;9886;27;;;9915;16;9918;15;;;9902.0;0.0
yf_MKC_d6;18900;INTARIAN_PEPPER_ROOT;10977;14;10975;16;;;10985;13;10987;23;;;10981.0;0.0
yf_MKC_d6;19000;ASH_COATED_OSMIUM;9895;11;9891;31;;;9909;11;9911;26;;;9902.0;0.0
yf_MKC_d6;19000;INTARIAN_PEPPER_ROOT;10976;15;10973;24;;;10982;17;10984;21;;;10979.0;0.0
yf_MKC_d6;19100;ASH_COATED_OSMIUM;9899;16;9895;19;;;9905;18;9908;15;;;9902.0;0.0
yf_MKC_d6;19100;INTARIAN_PEPPER_ROOT;10974;19;10971;31;;;10980;15;10983;8;;;10977.0;0.0
yf_MKC_d6;19200;ASH_COATED_OSMIUM;9899;8;9895;29;;;9905;15;9907;21;;;9902.0;0.0
yf_MKC_d6;19200;INTARIAN_PEPPER_ROOT;10971;10;10968;19;;;10977;9;10980;17;;;10974.0;0.0
yf_MKC_d6;19300;ASH_COATED_OSMIUM;9898;21;9894;17;;;9907;16;9909;18;;;9902.5;0.0
yf_MKC_d6;19300;INTARIAN_PEPPER_ROOT;10964;16;10961;20;;;10979;20;10981;17;;;10971.5;0.0
yf_MKC_d6;19400;ASH_COATED_OSMIUM;9899;18;9897;27;;;9905;5;9908;23;;;9902.0;0.0
yf_MKC_d6;19400;INTARIAN_PEPPER_ROOT;10967;15;10964;20;;;10973;18;10976;18;;;10970.0;0.0
yf_MKC_d6;19500;ASH_COATED_OSMIUM;9896;17;9893;28;;;9909;12;9911;12;;;9902.5;0.0
yf_MKC_d6;19500;INTARIAN_PEPPER_ROOT;10965;20;10962;21;;;10971;15;10973;8;;;10968.0;0.0
yf_MKC_d6;19600;ASH_COATED_OSMIUM;9899;20;9895;19;;;9905;16;9909;24;;;9902.0;0.0
yf_MKC_d6;19600;INTARIAN_PEPPER_ROOT;10961;15;10959;27;;;10969;15;10972;21;;;10965.0;0.0
yf_MKC_d6;19700;ASH_COATED_OSMIUM;9899;20;9896;17;;;9905;15;9907;20;;;9902.0;0.0
yf_MKC_d6;19700;INTARIAN_PEPPER_ROOT;10960;12;10958;24;;;10966;17;10968;12;;;10963.0;0.0
yf_MKC_d6;19800;ASH_COATED_OSMIUM;9899;27;9896;18;;;9905;16;9907;22;;;9902.0;0.0
yf_MKC_d6;19800;INTARIAN_PEPPER_ROOT;10958;18;10955;30;;;10964;11;10966;22;;;10961.0;0.0
yf_MKC_d6;19900;ASH_COATED_OSMIUM;9899;15;9897;17;;;9905;14;9907;19;;;9902.0;0.0
yf_MKC_d6;19900;INTARIAN_PEPPER_ROOT;10952;11;10950;23;;;10965;9;10967;26;;;10958.5;0.0
yf_MKC_d6;20000;ASH_COATED_OSMIUM;9898;18;9895;15;;;9905;21;9909;29;;;9901.5;0.0
yf_MKC_d6;20000;INTARIAN_PEPPER_ROOT;10953;19;10950;26;;;10959;20;10961;15;;;10956.0;0.0
yf_MKC_d6;20100;ASH_COATED_OSMIUM;9898;28;9896;21;;;9906;17;9908;10;;;9902.0;0.0
yf_MKC_d6;20100;INTARIAN_PEPPER_ROOT;10951;12;10948;17;;;10959;19;10963;25;;;10955.0;0.0
yf_MKC_d6;20200;ASH_COATED_OSMIUM;9900;12;9897;21;;;9906;12;9910;30;;;9903.0;0.0
yf_MKC_d6;20200;INTARIAN_PEPPER_ROOT;10946;22;10944;10;;;10956;18;10960;23;;;10951.0;0.0
yf_MKC_d6;20300;ASH_COATED_OSMIUM;9899;10;9895;25;;;9905;14;9908;19;;;9902.0;0.0
yf_MKC_d6;20300;INTARIAN_PEPPER_ROOT;10947;12;10943;31;;;10953;7;10957;20;;;10950.0;0.0
yf_MKC_d6;20400;ASH_COATED_OSMIUM;9899;14;9895;21;;;9905;14;9907;25;;;9902.0;0.0
yf_MKC_d6;20400;INTARIAN_PEPPER_ROOT;10943;11;10939;20;;;10951;12;10955;25;;;10947.0;0.0
yf_MKC_d6;20500;ASH_COATED_OSMIUM;9898;24;9896;27;;;9904;14;9907;24;;;9901.0;0.0
yf_MKC_d6;20500;INTARIAN_PEPPER_ROOT;10942;16;10940;29;;;10948;5;10950;18;;;10945.0;0.0
yf_MKC_d6;20600;ASH_COATED_OSMIUM;9899;16;9897;11;;;9905;12;9907;21;;;9902.0;0.0
yf_MKC_d6;20600;INTARIAN_PEPPER_ROOT;10940;7;10937;15;;;10946;9;10948;18;;;10943.0;0.0
yf_MKC_d6;20700;ASH_COATED_OSMIUM;9898;16;9896;17;;;9904;13;9906;17;;;9901.0;0.0
yf_MKC_d6;20700;INTARIAN_PEPPER_ROOT;10937;10;10935;12;;;10943;13;10946;18;;;10940.0;0.0
yf_MKC_d6;20800;ASH_COATED_OSMIUM;9898;13;9895;16;;;9904;13;9908;21;;;9901.0;0.0
yf_MKC_d6;20800;INTARIAN_PEPPER_ROOT;10933;19;10929;21;;;10943;15;10947;15;;;10938.0;0.0
yf_MKC_d6;20900;ASH_COATED_OSMIUM;9899;19;9897;24;;;9905;24;9908;17;;;9902.0;0.0
yf_MKC_d6;20900;INTARIAN_PEPPER_ROOT;10933;16;10929;19;;;10939;19;10942;15;;;10936.0;0.0
yf_MKC_d6;21000;ASH_COATED_OSMIUM;9900;21;9898;26;;;9906;14;9908;19;;;9903.0;0.0
yf_MKC_d6;21000;INTARIAN_PEPPER_ROOT;10922;17;10920;25;;;10946;24;10949;19;;;10934.0;0.0
yf_MKC_d6;21100;ASH_COATED_OSMIUM;9898;15;9894;25;;;9904;15;9907;13;;;9901.0;0.0
yf_MKC_d6;21100;INTARIAN_PEPPER_ROOT;10921;9;10919;15;;;10943;23;10947;17;;;10932.0;0.0
yf_MKC_d6;21200;ASH_COATED_OSMIUM;9898;9;9894;22;;;9904;19;9907;15;;;9901.0;0.0
yf_MKC_d6;21200;INTARIAN_PEPPER_ROOT;10926;22;10923;12;;;10932;16;10936;12;;;10929.0;0.0
yf_MKC_d6;21300;ASH_COATED_OSMIUM;9899;16;9895;12;;;9905;18;9908;22;;;9902.0;0.0
yf_MKC_d6;21300;INTARIAN_PEPPER_ROOT;10912;16;10909;15;;;10941;18;10943;18;;;10926.5;0.0
yf_MKC_d6;21400;ASH_COATED_OSMIUM;9898;19;9894;21;;;9906;18;9908;20;;;9902.0;0.0
yf_MKC_d6;21400;INTARIAN_PEPPER_ROOT;10922;14;10918;27;;;10928;7;10930;14;;;10925.0;0.0
yf_MKC_d6;21500;ASH_COATED_OSMIUM;9890;15;9887;8;;;9914;16;9918;17;;;9902.0;0.0
yf_MKC_d6;21500;INTARIAN_PEPPER_ROOT;10916;10;10914;16;;;10930;5;10932;25;;;10923.0;0.0
yf_MKC_d6;21600;ASH_COATED_OSMIUM;9899;22;9896;23;;;9905;15;9909;27;;;9902.0;0.0
yf_MKC_d6;21600;INTARIAN_PEPPER_ROOT;10916;14;10914;28;;;10926;18;10928;19;;;10921.0;0.0
yf_MKC_d6;21700;ASH_COATED_OSMIUM;9897;19;9895;15;;;9907;19;9909;18;;;9902.0;0.0
yf_MKC_d6;21700;INTARIAN_PEPPER_ROOT;10913;18;10909;16;;;10923;15;10927;20;;;10918.0;0.0
yf_MKC_d6;21800;ASH_COATED_OSMIUM;9898;15;9896;17;;;9905;11;9908;19;;;9901.5;0.0
yf_MKC_d6;21800;INTARIAN_PEPPER_ROOT;10908;8;10904;24;;;10922;17;10926;24;;;10915.0;0.0
yf_MKC_d6;21900;ASH_COATED_OSMIUM;9898;9;9895;24;;;9904;17;9906;35;;;9901.0;0.0
yf_MKC_d6;21900;INTARIAN_PEPPER_ROOT;10904;18;10902;11;;;10922;12;10926;20;;;10913.0;0.0
yf_MKC_d6;22000;ASH_COATED_OSMIUM;9891;16;9889;16;;;9913;18;9917;20;;;9902.0;0.0
yf_MKC_d6;22000;INTARIAN_PEPPER_ROOT;10908;9;10906;27;;;10914;8;10916;24;;;10911.0;0.0
yf_MKC_d6;22100;ASH_COATED_OSMIUM;9898;18;9896;18;;;9904;19;9906;21;;;9901.0;0.0
yf_MKC_d6;22100;INTARIAN_PEPPER_ROOT;10906;17;10904;22;;;10912;7;10914;10;;;10909.0;0.0
yf_MKC_d6;22200;ASH_COATED_OSMIUM;9899;20;9895;22;;;9905;7;9907;25;;;9902.0;0.0
yf_MKC_d6;22200;INTARIAN_PEPPER_ROOT;10904;9;10901;14;;;10910;20;10912;20;;;10907.0;0.0
yf_MKC_d6;22300;ASH_COATED_OSMIUM;9892;7;9889;24;;;9912;6;9914;24;;;9902.0;0.0
yf_MKC_d6;22300;INTARIAN_PEPPER_ROOT;10901;18;10899;14;;;10907;18;10910;21;;;10904.0;0.0
yf_MKC_d6;22400;ASH_COATED_OSMIUM;9899;13;9896;19;;;9905;9;9909;19;;;9902.0;0.0
yf_MKC_d6;22400;INTARIAN_PEPPER_ROOT;10899;11;10896;22;;;10905;14;10908;25;;;10902.0;0.0
yf_MKC_d6;22500;ASH_COATED_OSMIUM;9898;19;9895;15;;;9904;16;9908;17;;;9901.0;0.0
yf_MKC_d6;22500;INTARIAN_PEPPER_ROOT;10897;18;10893;20;;;10903;19;10905;16;;;10900.0;0.0
yf_MKC_d6;22600;ASH_COATED_OSMIUM;9898;8;9894;20;;;9904;13;9908;15;;;9901.0;0.0
yf_MKC_d6;22600;INTARIAN_PEPPER_ROOT;10895;20;10892;24;;;10901;15;10903;23;;;10898.0;0.0
yf_MKC_d6;22700;ASH_COATED_OSMIUM;9899;7;9897;9;;;9905;10;9907;17;;;9902.0;0.0
yf_MKC_d6;22700;INTARIAN_PEPPER_ROOT;10892;14;10889;12;;;10898;13;10900;29;;;10895.0;0.0
yf_MKC_d6;22800;ASH_COATED_OSMIUM;9898;14;9896;22;;;9904;17;9907;23;;;9901.0;0.0
yf_MKC_d6;22800;INTARIAN_PEPPER_ROOT;10888;15;10885;28;;;10898;9;10900;26;;;10893.0;0.0
yf_MKC_d6;22900;ASH_COATED_OSMIUM;9899;18;9896;16;;;9905;17;9909;21;;;9902.0;0.0
yf_MKC_d6;22900;INTARIAN_PEPPER_ROOT;10888;18;10884;14;;;10894;17;10898;20;;;10891.0;0.0
yf_MKC_d6;23000;ASH_COATED_OSMIUM;9890;13;9888;17;;;9914;12;9918;15;;;9902.0;0.0
yf_MKC_d6;23000;INTARIAN_PEPPER_ROOT;10885;22;10882;21;;;10891;11;10895;19;;;10888.0;0.0
yf_MKC_d6;23100;ASH_COATED_OSMIUM;9898;19;9896;25;;;9905;20;9909;14;;;9901.5;0.0
yf_MKC_d6;23100;INTARIAN_PEPPER_ROOT;10883;17;10880;21;;;10889;16;10891;10;;;10886.0;0.0
yf_MKC_d6;23200;ASH_COATED_OSMIUM;9899;13;9896;8;;;9905;15;9907;22;;;9902.0;0.0
yf_MKC_d6;23200;INTARIAN_PEPPER_ROOT;10879;18;10877;20;;;10889;20;10892;20;;;10884.0;0.0
yf_MKC_d6;23300;ASH_COATED_OSMIUM;9896;17;9892;26;;;9907;12;9911;10;;;9901.5;0.0
yf_MKC_d6;23300;INTARIAN_PEPPER_ROOT;10878;16;10876;12;;;10884;22;10886;20;;;10881.0;0.0
yf_MKC_d6;23400;ASH_COATED_OSMIUM;9898;16;9894;14;;;9904;13;9907;19;;;9901.0;0.0
yf_MKC_d6;23400;INTARIAN_PEPPER_ROOT;10876;17;10874;20;;;10882;13;10885;27;;;10879.0;0.0
yf_MKC_d6;23500;ASH_COATED_OSMIUM;9892;17;9889;21;;;9910;24;9913;21;;;9901.0;0.0
yf_MKC_d6;23500;INTARIAN_PEPPER_ROOT;10874;8;10870;8;;;10880;16;10883;17;;;10877.0;0.0
yf_MKC_d6;23600;ASH_COATED_OSMIUM;9898;13;9894;16;;;9904;12;9907;20;;;9901.0;0.0
yf_MKC_d6;23600;INTARIAN_PEPPER_ROOT;10872;12;10870;18;;;10878;19;10882;19;;;10875.0;0.0
yf_MKC_d6;23700;ASH_COATED_OSMIUM;9898;18;9896;26;;;9904;11;9908;23;;;9901.0;0.0
yf_MKC_d6;23700;INTARIAN_PEPPER_ROOT;10870;11;10868;16;;;10876;10;10878;15;;;10873.0;0.0
yf_MKC_d6;23800;ASH_COATED_OSMIUM;9898;21;9894;19;;;9904;12;9906;11;;;9901.0;0.0
yf_MKC_d6;23800;INTARIAN_PEPPER_ROOT;10867;7;10863;23;;;10873;13;10875;15;;;10870.0;0.0
yf_MKC_d6;23900;ASH_COATED_OSMIUM;9891;15;9888;22;;;9912;18;9914;32;;;9901.5;0.0
yf_MKC_d6;23900;INTARIAN_PEPPER_ROOT;10854;23;10850;16;;;10882;7;10885;15;;;10868.0;0.0
yf_MKC_d6;24000;ASH_COATED_OSMIUM;9898;9;9895;20;;;9904;8;9908;16;;;9901.0;0.0
yf_MKC_d6;24000;INTARIAN_PEPPER_ROOT;10858;18;10854;11;;;10874;11;10876;27;;;10866.0;0.0
yf_MKC_d6;24100;ASH_COATED_OSMIUM;9898;9;9895;28;;;9904;10;9907;19;;;9901.0;0.0
yf_MKC_d6;24100;INTARIAN_PEPPER_ROOT;10861;9;10857;25;;;10867;22;10871;19;;;10864.0;0.0
yf_MKC_d6;24200;ASH_COATED_OSMIUM;9899;16;9895;16;;;9905;14;9908;14;;;9902.0;0.0
yf_MKC_d6;24200;INTARIAN_PEPPER_ROOT;10858;12;10854;12;;;10864;11;10868;16;;;10861.0;0.0
yf_MKC_d6;24300;ASH_COATED_OSMIUM;9898;20;9894;20;;;9904;20;9908;25;;;9901.0;0.0
yf_MKC_d6;24300;INTARIAN_PEPPER_ROOT;10856;21;10854;19;;;10862;16;10864;19;;;10859.0;0.0
yf_MKC_d6;24400;ASH_COATED_OSMIUM;9887;12;9884;17;;;9917;19;9920;20;;;9902.0;0.0
yf_MKC_d6;24400;INTARIAN_PEPPER_ROOT;10853;12;10851;25;;;10860;13;10864;23;;;10856.5;0.0
yf_MKC_d6;24500;ASH_COATED_OSMIUM;9899;17;9896;19;;;9905;15;9907;25;;;9902.0;0.0
yf_MKC_d6;24500;INTARIAN_PEPPER_ROOT;10849;16;10846;16;;;10860;8;10863;27;;;10854.5;0.0
yf_MKC_d6;24600;ASH_COATED_OSMIUM;9898;19;9894;12;;;9904;9;9906;16;;;9901.0;0.0
yf_MKC_d6;24600;INTARIAN_PEPPER_ROOT;10849;15;10846;17;;;10855;16;10858;28;;;10852.0;0.0
yf_MKC_d6;24700;ASH_COATED_OSMIUM;9891;18;9888;29;;;9911;17;9913;30;;;9901.0;0.0
yf_MKC_d6;24700;INTARIAN_PEPPER_ROOT;10847;15;10844;17;;;10853;19;10855;12;;;10850.0;0.0
yf_MKC_d6;24800;ASH_COATED_OSMIUM;9898;20;9894;21;;;9904;13;9907;25;;;9901.0;0.0
yf_MKC_d6;24800;INTARIAN_PEPPER_ROOT;10845;15;10842;19;;;10851;26;10854;17;;;10848.0;0.0
yf_MKC_d6;24900;ASH_COATED_OSMIUM;9898;20;9894;24;;;9904;25;9907;9;;;9901.0;0.0
yf_MKC_d6;24900;INTARIAN_PEPPER_ROOT;10843;15;10841;24;;;10849;17;10851;24;;;10846.0;0.0
yf_MKC_d6;25000;ASH_COATED_OSMIUM;9898;20;9894;19;;;9904;16;9906;24;;;9901.0;0.0
yf_MKC_d6;25000;INTARIAN_PEPPER_ROOT;10833;22;10830;21;;;10853;10;10856;18;;;10843.0;0.0
yf_MKC_d6;25100;ASH_COATED_OSMIUM;9896;17;9893;27;;;9906;14;9909;28;;;9901.0;0.0
yf_MKC_d6;25100;INTARIAN_PEPPER_ROOT;10838;17;10836;19;;;10844;10;10848;16;;;10841.0;0.0
yf_MKC_d6;25200;ASH_COATED_OSMIUM;9898;12;9894;21;;;9904;16;9908;19;;;9901.0;0.0
yf_MKC_d6;25200;INTARIAN_PEPPER_ROOT;10835;9;10833;16;;;10841;18;10845;20;;;10838.0;0.0
yf_MKC_d6;25300;ASH_COATED_OSMIUM;9898;13;9896;16;;;9904;9;9907;22;;;9901.0;0.0
yf_MKC_d6;25300;INTARIAN_PEPPER_ROOT;10827;12;10824;8;;;10845;14;10849;19;;;10836.0;0.0
yf_MKC_d6;25400;ASH_COATED_OSMIUM;9897;23;9894;11;;;9906;11;9908;17;;;9901.5;0.0
yf_MKC_d6;25400;INTARIAN_PEPPER_ROOT;10831;14;10828;24;;;10837;16;10839;34;;;10834.0;0.0
yf_MKC_d6;25500;ASH_COATED_OSMIUM;9898;5;9894;20;;;9904;14;9908;8;;;9901.0;0.0
yf_MKC_d6;25500;INTARIAN_PEPPER_ROOT;10822;22;10820;11;;;10842;6;10844;24;;;10832.0;0.0
yf_MKC_d6;25600;ASH_COATED_OSMIUM;9898;20;9896;16;;;9904;15;9906;22;;;9901.0;0.0
yf_MKC_d6;25600;INTARIAN_PEPPER_ROOT;10826;7;10822;31;;;10832;12;10834;25;;;10829.0;0.0
yf_MKC_d6;25700;ASH_COATED_OSMIUM;9897;13;9895;15;;;9905;19;9908;11;;;9901.0;0.0
yf_MKC_d6;25700;INTARIAN_PEPPER_ROOT;10825;17;10821;16;;;10831;10;10835;24;;;10828.0;0.0
yf_MKC_d6;25800;ASH_COATED_OSMIUM;9898;15;9894;12;;;9904;15;9908;24;;;9901.0;0.0
yf_MKC_d6;25800;INTARIAN_PEPPER_ROOT;10822;9;10819;24;;;10828;11;10832;15;;;10825.0;0.0
yf_MKC_d6;25900;ASH_COATED_OSMIUM;9898;12;9895;16;;;9904;6;9907;13;;;9901.0;0.0
yf_MKC_d6;25900;INTARIAN_PEPPER_ROOT;10819;6;10816;19;;;10826;12;10829;24;;;10822.5;0.0
yf_MKC_d6;26000;ASH_COATED_OSMIUM;9897;16;9894;19;;;9903;18;9906;24;;;9900.0;0.0
yf_MKC_d6;26000;INTARIAN_PEPPER_ROOT;10818;17;10815;17;;;10824;19;10827;16;;;10821.0;0.0
yf_MKC_d6;26100;ASH_COATED_OSMIUM;9898;9;9896;28;;;9904;18;9906;18;;;9901.0;0.0
yf_MKC_d6;26100;INTARIAN_PEPPER_ROOT;10815;9;10813;14;;;10821;18;10825;24;;;10818.0;0.0
yf_MKC_d6;26200;ASH_COATED_OSMIUM;9898;13;9894;14;;;9904;10;9908;26;;;9901.0;0.0
yf_MKC_d6;26200;INTARIAN_PEPPER_ROOT;10813;15;10810;15;;;10819;8;10823;17;;;10816.0;0.0
yf_MKC_d6;26300;ASH_COATED_OSMIUM;9897;19;9895;16;;;9903;7;9905;24;;;9900.0;0.0
yf_MKC_d6;26300;INTARIAN_PEPPER_ROOT;10809;14;10807;11;;;10818;11;10822;11;;;10813.5;0.0
yf_MKC_d6;26400;ASH_COATED_OSMIUM;9895;18;9891;12;;;9906;11;9909;20;;;9900.5;0.0
yf_MKC_d6;26400;INTARIAN_PEPPER_ROOT;10809;18;10805;14;;;10815;17;10819;16;;;10812.0;0.0
yf_MKC_d6;26500;ASH_COATED_OSMIUM;9898;5;9895;16;;;9904;9;9906;25;;;9901.0;0.0
yf_MKC_d6;26500;INTARIAN_PEPPER_ROOT;10803;5;10801;29;;;10815;26;10818;21;;;10809.0;0.0
yf_MKC_d6;26600;ASH_COATED_OSMIUM;9898;12;9896;15;;;9904;15;9908;21;;;9901.0;0.0
yf_MKC_d6;26600;INTARIAN_PEPPER_ROOT;10804;15;10802;8;;;10810;19;10813;18;;;10807.0;0.0
yf_MKC_d6;26700;ASH_COATED_OSMIUM;9898;16;9894;9;;;9904;12;9908;15;;;9901.0;0.0
yf_MKC_d6;26700;INTARIAN_PEPPER_ROOT;10797;6;10794;18;;;10813;19;10815;8;;;10805.0;0.0
yf_MKC_d6;26800;ASH_COATED_OSMIUM;9898;24;9895;20;;;9904;12;9907;25;;;9901.0;0.0
yf_MKC_d6;26800;INTARIAN_PEPPER_ROOT;10799;22;10797;16;;;10805;24;10807;28;;;10802.0;0.0
yf_MKC_d6;26900;ASH_COATED_OSMIUM;9898;25;9896;27;;;9904;14;9906;17;;;9901.0;0.0
yf_MKC_d6;26900;INTARIAN_PEPPER_ROOT;10793;19;10789;15;;;10807;17;10809;21;;;10800.0;0.0
yf_MKC_d6;27000;ASH_COATED_OSMIUM;9886;17;9882;28;;;9916;13;9920;12;;;9901.0;0.0
yf_MKC_d6;27000;INTARIAN_PEPPER_ROOT;10795;16;10791;25;;;10801;17;10803;23;;;10798.0;0.0
yf_MKC_d6;27100;ASH_COATED_OSMIUM;9889;10;9886;26;;;9911;6;9914;14;;;9900.0;0.0
yf_MKC_d6;27100;INTARIAN_PEPPER_ROOT;10793;27;10789;23;;;10799;9;10802;14;;;10796.0;0.0
yf_MKC_d6;27200;ASH_COATED_OSMIUM;9897;17;9895;21;;;9904;15;9907;27;;;9900.5;0.0
yf_MKC_d6;27200;INTARIAN_PEPPER_ROOT;10780;11;10777;18;;;10806;16;10810;13;;;10793.0;0.0
yf_MKC_d6;27300;ASH_COATED_OSMIUM;9888;9;9885;11;;;9912;17;9916;12;;;9900.0;0.0
yf_MKC_d6;27300;INTARIAN_PEPPER_ROOT;10789;11;10786;24;;;10795;9;10799;25;;;10792.0;0.0
yf_MKC_d6;27400;ASH_COATED_OSMIUM;9892;8;9889;17;;;9910;13;9914;19;;;9901.0;0.0
yf_MKC_d6;27400;INTARIAN_PEPPER_ROOT;10786;14;10784;24;;;10792;16;10795;19;;;10789.0;0.0
yf_MKC_d6;27500;ASH_COATED_OSMIUM;9898;19;9896;13;;;9904;16;9907;21;;;9901.0;0.0
yf_MKC_d6;27500;INTARIAN_PEPPER_ROOT;10781;16;10777;23;;;10792;16;10796;22;;;10786.5;0.0
yf_MKC_d6;27600;ASH_COATED_OSMIUM;9895;13;9891;9;;;9906;14;9908;20;;;9900.5;0.0
yf_MKC_d6;27600;INTARIAN_PEPPER_ROOT;10778;7;10776;18;;;10791;12;10795;28;;;10784.5;0.0
yf_MKC_d6;27700;ASH_COATED_OSMIUM;9898;22;9896;18;;;9904;12;9907;20;;;9901.0;0.0
yf_MKC_d6;27700;INTARIAN_PEPPER_ROOT;10778;16;10775;13;;;10788;15;10792;17;;;10783.0;0.0
yf_MKC_d6;27800;ASH_COATED_OSMIUM;9897;18;9894;23;;;9903;16;9905;24;;;9900.0;0.0
yf_MKC_d6;27800;INTARIAN_PEPPER_ROOT;10775;30;10771;24;;;10785;11;10788;26;;;10780.0;0.0
yf_MKC_d6;27900;ASH_COATED_OSMIUM;9891;16;9888;16;;;9909;22;9912;13;;;9900.0;0.0
yf_MKC_d6;27900;INTARIAN_PEPPER_ROOT;10775;11;10771;19;;;10781;13;10783;17;;;10778.0;0.0
yf_MKC_d6;28000;ASH_COATED_OSMIUM;9897;24;9893;22;;;9903;14;9906;19;;;9900.0;0.0
yf_MKC_d6;28000;INTARIAN_PEPPER_ROOT;10773;23;10769;20;;;10779;12;10781;18;;;10776.0;0.0
yf_MKC_d6;28100;ASH_COATED_OSMIUM;9896;16;9892;22;;;9906;10;9910;16;;;9901.0;0.0
yf_MKC_d6;28100;INTARIAN_PEPPER_ROOT;10770;19;10767;17;;;10776;18;10779;20;;;10773.0;0.0
yf_MKC_d6;28200;ASH_COATED_OSMIUM;9896;13;9893;18;;;9907;28;9910;17;;;9901.5;0.0
yf_MKC_d6;28200;INTARIAN_PEPPER_ROOT;10768;18;10764;23;;;10774;7;10777;11;;;10771.0;0.0
yf_MKC_d6;28300;ASH_COATED_OSMIUM;9896;17;9892;22;;;9904;22;9907;18;;;9900.0;0.0
yf_MKC_d6;28300;INTARIAN_PEPPER_ROOT;10763;17;10759;12;;;10775;19;10779;21;;;10769.0;0.0
yf_MKC_d6;28400;ASH_COATED_OSMIUM;9892;15;9889;18;;;9910;19;9912;21;;;9901.0;0.0
yf_MKC_d6;28400;INTARIAN_PEPPER_ROOT;10763;20;10759;19;;;10769;13;10772;22;;;10766.0;0.0
yf_MKC_d6;28500;ASH_COATED_OSMIUM;9897;15;9894;20;;;9903;21;9906;18;;;9900.0;0.0
yf_MKC_d6;28500;INTARIAN_PEPPER_ROOT;10762;17;10758;19;;;10768;24;10772;17;;;10765.0;0.0
yf_MKC_d6;28600;ASH_COATED_OSMIUM;9894;16;9892;18;;;9907;22;9909;18;;;9900.5;0.0
yf_MKC_d6;28600;INTARIAN_PEPPER_ROOT;10757;19;10755;25;;;10766;15;10770;21;;;10761.5;0.0
yf_MKC_d6;28700;ASH_COATED_OSMIUM;9897;11;9894;14;;;9903;7;9906;20;;;9900.0;0.0
yf_MKC_d6;28700;INTARIAN_PEPPER_ROOT;10756;10;10754;20;;;10762;17;10766;13;;;10759.0;0.0
yf_MKC_d6;28800;ASH_COATED_OSMIUM;9897;18;9893;22;;;9903;16;9906;23;;;9900.0;0.0
yf_MKC_d6;28800;INTARIAN_PEPPER_ROOT;10754;18;10750;21;;;10760;24;10764;20;;;10757.0;0.0
yf_MKC_d6;28900;ASH_COATED_OSMIUM;9887;17;9885;20;;;9914;10;9917;25;;;9900.5;0.0
yf_MKC_d6;28900;INTARIAN_PEPPER_ROOT;10752;12;10748;19;;;10758;17;10762;19;;;10755.0;0.0
yf_MKC_d6;29000;ASH_COATED_OSMIUM;9897;12;9895;27;;;9903;17;9907;24;;;9900.0;0.0
yf_MKC_d6;29000;INTARIAN_PEPPER_ROOT;10749;19;10745;12;;;10756;13;10758;12;;;10752.5;0.0
yf_MKC_d6;29100;ASH_COATED_OSMIUM;9898;21;9894;25;;;9904;12;9908;21;;;9901.0;0.0
yf_MKC_d6;29100;INTARIAN_PEPPER_ROOT;10747;14;10745;22;;;10753;12;10755;18;;;10750.0;0.0
yf_MKC_d6;29200;ASH_COATED_OSMIUM;9898;12;9896;22;;;9904;6;9908;21;;;9901.0;0.0
yf_MKC_d6;29200;INTARIAN_PEPPER_ROOT;10746;14;10744;28;;;10752;18;10755;24;;;10749.0;0.0
yf_MKC_d6;29300;ASH_COATED_OSMIUM;9897;8;9893;16;;;9903;15;9906;13;;;9900.0;0.0
yf_MKC_d6;29300;INTARIAN_PEPPER_ROOT;10743;19;10739;19;;;10749;7;10751;29;;;10746.0;0.0
yf_MKC_d6;29400;ASH_COATED_OSMIUM;9897;10;9894;18;;;9903;16;9906;31;;;9900.0;0.0
yf_MKC_d6;29400;INTARIAN_PEPPER_ROOT;10731;16;10728;19;;;10756;11;10760;17;;;10743.5;0.0
yf_MKC_d6;29500;ASH_COATED_OSMIUM;9897;5;9895;22;;;9903;10;9907;15;;;9900.0;0.0
yf_MKC_d6;29500;INTARIAN_PEPPER_ROOT;10738;11;10735;19;;;10744;15;10748;12;;;10741.0;0.0
yf_MKC_d6;29600;ASH_COATED_OSMIUM;9897;20;9895;18;;;9903;19;9905;15;;;9900.0;0.0
yf_MKC_d6;29600;INTARIAN_PEPPER_ROOT;10734;13;10730;21;;;10745;13;10747;16;;;10739.5;0.0
yf_MKC_d6;29700;ASH_COATED_OSMIUM;9897;21;9894;23;;;9903;17;9905;17;;;9900.0;0.0
yf_MKC_d6;29700;INTARIAN_PEPPER_ROOT;10734;13;10732;25;;;10740;21;10742;15;;;10737.0;0.0
yf_MKC_d6;29800;ASH_COATED_OSMIUM;9897;11;9895;23;;;9903;16;9906;19;;;9900.0;0.0
yf_MKC_d6;29800;INTARIAN_PEPPER_ROOT;10732;22;10728;18;;;10738;12;10741;16;;;10735.0;0.0
yf_MKC_d6;29900;ASH_COATED_OSMIUM;9897;16;9893;14;;;9903;14;9905;11;;;9900.0;0.0
yf_MKC_d6;29900;INTARIAN_PEPPER_ROOT;10730;14;10726;22;;;10736;16;10740;24;;;10733.0;0.0
yf_MKC_d6;30000;ASH_COATED_OSMIUM;9895;13;9892;31;;;9906;18;9909;23;;;9900.5;0.0
yf_MKC_d6;30000;INTARIAN_PEPPER_ROOT;10721;11;10717;22;;;10739;6;10743;12;;;10730.0;0.0
yf_MKC_d6;30100;ASH_COATED_OSMIUM;9898;9;9894;22;;;9904;20;9907;19;;;9901.0;0.0
yf_MKC_d6;30100;INTARIAN_PEPPER_ROOT;10725;16;10722;16;;;10731;10;10735;22;;;10728.0;0.0
yf_MKC_d6;30200;ASH_COATED_OSMIUM;9891;22;9889;20;;;9909;19;9911;18;;;9900.0;0.0
yf_MKC_d6;30200;INTARIAN_PEPPER_ROOT;10722;9;10719;17;;;10728;14;10730;24;;;10725.0;0.0
yf_MKC_d6;30300;ASH_COATED_OSMIUM;9895;9;9892;23;;;9905;10;9908;16;;;9900.0;0.0
yf_MKC_d6;30300;INTARIAN_PEPPER_ROOT;10721;12;10717;24;;;10727;23;10729;23;;;10724.0;0.0
yf_MKC_d6;30400;ASH_COATED_OSMIUM;9894;28;9890;13;;;9906;10;9908;14;;;9900.0;0.0
yf_MKC_d6;30400;INTARIAN_PEPPER_ROOT;10718;11;10715;20;;;10724;16;10727;17;;;10721.0;0.0
yf_MKC_d6;30500;ASH_COATED_OSMIUM;9896;17;9893;20;;;9902;9;9905;17;;;9899.0;0.0
yf_MKC_d6;30500;INTARIAN_PEPPER_ROOT;10716;16;10714;22;;;10722;12;10725;24;;;10719.0;0.0
yf_MKC_d6;30600;ASH_COATED_OSMIUM;9897;18;9893;21;;;9903;12;9905;20;;;9900.0;0.0
yf_MKC_d6;30600;INTARIAN_PEPPER_ROOT;10713;21;10709;17;;;10722;17;10725;23;;;10717.5;0.0
yf_MKC_d6;30700;ASH_COATED_OSMIUM;9887;18;9884;20;;;9913;18;9915;26;;;9900.0;0.0
yf_MKC_d6;30700;INTARIAN_PEPPER_ROOT;10711;13;10709;19;;;10717;13;10720;17;;;10714.0;0.0
yf_MKC_d6;30800;ASH_COATED_OSMIUM;9890;14;9888;29;;;9911;11;9915;23;;;9900.5;0.0
yf_MKC_d6;30800;INTARIAN_PEPPER_ROOT;10707;18;10705;16;;;10717;17;10719;15;;;10712.0;0.0
yf_MKC_d6;30900;ASH_COATED_OSMIUM;9894;9;9891;23;;;9907;17;9910;33;;;9900.5;0.0
yf_MKC_d6;30900;INTARIAN_PEPPER_ROOT;10707;13;10704;26;;;10713;20;10716;23;;;10710.0;0.0
yf_MKC_d6;31000;ASH_COATED_OSMIUM;9897;16;9893;21;;;9903;17;9905;30;;;9900.0;0.0
yf_MKC_d6;31000;INTARIAN_PEPPER_ROOT;10705;6;10703;18;;;10711;18;10714;25;;;10708.0;0.0
yf_MKC_d6;31100;ASH_COATED_OSMIUM;9897;9;9894;20;;;9903;22;9905;12;;;9900.0;0.0
yf_MKC_d6;31100;INTARIAN_PEPPER_ROOT;10695;22;10691;14;;;10716;19;10719;17;;;10705.5;0.0
yf_MKC_d6;31200;ASH_COATED_OSMIUM;9897;10;9893;25;;;9904;23;9908;25;;;9900.5;0.0
yf_MKC_d6;31200;INTARIAN_PEPPER_ROOT;10701;7;10697;19;;;10707;14;10709;23;;;10704.0;0.0
yf_MKC_d6;31300;ASH_COATED_OSMIUM;9897;27;9894;20;;;9903;11;9906;25;;;9900.0;0.0
yf_MKC_d6;31300;INTARIAN_PEPPER_ROOT;10698;19;10696;19;;;10704;15;10706;17;;;10701.0;0.0
yf_MKC_d6;31400;ASH_COATED_OSMIUM;9897;11;9893;14;;;9903;16;9906;23;;;9900.0;0.0
yf_MKC_d6;31400;INTARIAN_PEPPER_ROOT;10695;10;10692;26;;;10701;16;10704;20;;;10698.0;0.0
yf_MKC_d6;31500;ASH_COATED_OSMIUM;9894;10;9892;20;;;9907;14;9910;21;;;9900.5;0.0
yf_MKC_d6;31500;INTARIAN_PEPPER_ROOT;10693;15;10689;21;;;10701;5;10705;19;;;10697.0;0.0
yf_MKC_d6;31600;ASH_COATED_OSMIUM;9897;30;9893;20;;;9903;22;9905;12;;;9900.0;0.0
yf_MKC_d6;31600;INTARIAN_PEPPER_ROOT;10691;17;10688;26;;;10697;18;10699;13;;;10694.0;0.0
yf_MKC_d6;31700;ASH_COATED_OSMIUM;9897;20;9895;23;;;9903;11;9905;23;;;9900.0;0.0
yf_MKC_d6;31700;INTARIAN_PEPPER_ROOT;10682;22;10678;26;;;10703;16;10705;27;;;10692.5;0.0
yf_MKC_d6;31800;ASH_COATED_OSMIUM;9897;20;9894;25;;;9903;15;9905;18;;;9900.0;0.0
yf_MKC_d6;31800;INTARIAN_PEPPER_ROOT;10686;7;10684;27;;;10692;8;10695;23;;;10689.0;0.0
yf_MKC_d6;31900;ASH_COATED_OSMIUM;9897;16;9895;24;;;9903;13;9905;28;;;9900.0;0.0
yf_MKC_d6;31900;INTARIAN_PEPPER_ROOT;10685;16;10681;23;;;10691;6;10694;22;;;10688.0;0.0
yf_MKC_d6;32000;ASH_COATED_OSMIUM;9896;5;9893;21;;;9902;16;9904;11;;;9899.0;0.0
yf_MKC_d6;32000;INTARIAN_PEPPER_ROOT;10682;17;10678;16;;;10688;17;10691;21;;;10685.0;0.0
yf_MKC_d6;32100;ASH_COATED_OSMIUM;9883;18;9880;19;;;9916;16;9920;20;;;9899.5;0.0
yf_MKC_d6;32100;INTARIAN_PEPPER_ROOT;10680;19;10678;18;;;10686;16;10689;18;;;10683.0;0.0
yf_MKC_d6;32200;ASH_COATED_OSMIUM;9897;6;9894;22;;;9903;13;9907;18;;;9900.0;0.0
yf_MKC_d6;32200;INTARIAN_PEPPER_ROOT;10672;7;10670;29;;;10689;11;10693;20;;;10680.5;0.0
yf_MKC_d6;32300;ASH_COATED_OSMIUM;9897;16;9894;20;;;9903;22;9906;24;;;9900.0;0.0
yf_MKC_d6;32300;INTARIAN_PEPPER_ROOT;10672;15;10669;24;;;10684;16;10687;22;;;10678.0;0.0
yf_MKC_d6;32400;ASH_COATED_OSMIUM;9889;5;9885;22;;;9912;10;9916;19;;;9900.5;0.0
yf_MKC_d6;32400;INTARIAN_PEPPER_ROOT;10669;19;10667;24;;;10683;5;10686;18;;;10676.0;0.0
yf_MKC_d6;32500;ASH_COATED_OSMIUM;9895;20;9891;18;;;9904;12;9908;15;;;9899.5;0.0
yf_MKC_d6;32500;INTARIAN_PEPPER_ROOT;10670;18;10668;21;;;10677;19;10680;22;;;10673.5;0.0
yf_MKC_d6;32600;ASH_COATED_OSMIUM;9877;9;9873;14;;;9924;18;9928;20;;;9900.5;0.0
yf_MKC_d6;32600;INTARIAN_PEPPER_ROOT;10664;15;10661;25;;;10681;12;10684;27;;;10672.5;0.0
yf_MKC_d6;32700;ASH_COATED_OSMIUM;9897;14;9893;19;;;9903;20;9905;21;;;9900.0;0.0
yf_MKC_d6;32700;INTARIAN_PEPPER_ROOT;10667;24;10664;19;;;10673;20;10676;28;;;10670.0;0.0
yf_MKC_d6;32800;ASH_COATED_OSMIUM;9882;15;9880;26;;;9917;25;9920;16;;;9899.5;0.0
yf_MKC_d6;32800;INTARIAN_PEPPER_ROOT;10664;10;10662;20;;;10670;16;10674;24;;;10667.0;0.0
yf_MKC_d6;32900;ASH_COATED_OSMIUM;9895;17;9892;18;;;9904;13;9908;21;;;9899.5;0.0
yf_MKC_d6;32900;INTARIAN_PEPPER_ROOT;10661;13;10658;23;;;10667;16;10670;19;;;10664.0;0.0
yf_MKC_d6;33000;ASH_COATED_OSMIUM;9898;18;9894;31;;;9904;12;9906;28;;;9901.0;0.0
yf_MKC_d6;33000;INTARIAN_PEPPER_ROOT;10657;5;10653;17;;;10669;19;10673;20;;;10663.0;0.0
yf_MKC_d6;33100;ASH_COATED_OSMIUM;9897;24;9894;24;;;9903;12;9906;15;;;9900.0;0.0
yf_MKC_d6;33100;INTARIAN_PEPPER_ROOT;10657;18;10653;25;;;10665;15;10668;16;;;10661.0;0.0
yf_MKC_d6;33200;ASH_COATED_OSMIUM;9894;5;9892;29;;;9905;24;9909;21;;;9899.5;0.0
yf_MKC_d6;33200;INTARIAN_PEPPER_ROOT;10649;9;10647;21;;;10667;16;10669;30;;;10658.0;0.0
yf_MKC_d6;33300;ASH_COATED_OSMIUM;9896;18;9893;13;;;9902;9;9905;16;;;9899.0;0.0
yf_MKC_d6;33300;INTARIAN_PEPPER_ROOT;10650;10;10647;22;;;10663;19;10667;16;;;10656.5;0.0
yf_MKC_d6;33400;ASH_COATED_OSMIUM;9897;16;9894;28;;;9903;11;9906;27;;;9900.0;0.0
yf_MKC_d6;33400;INTARIAN_PEPPER_ROOT;10651;16;10649;8;;;10657;10;10659;20;;;10654.0;0.0
yf_MKC_d6;33500;ASH_COATED_OSMIUM;9891;18;9889;18;;;9907;16;9910;8;;;9899.0;0.0
yf_MKC_d6;33500;INTARIAN_PEPPER_ROOT;10648;14;10644;35;;;10654;11;10657;16;;;10651.0;0.0
yf_MKC_d6;33600;ASH_COATED_OSMIUM;9897;16;9894;16;;;9903;23;9905;19;;;9900.0;0.0
yf_MKC_d6;33600;INTARIAN_PEPPER_ROOT;10646;16;10642;32;;;10652;17;10655;21;;;10649.0;0.0
yf_MKC_d6;33700;ASH_COATED_OSMIUM;9897;24;9895;14;;;9903;16;9907;15;;;9900.0;0.0
yf_MKC_d6;33700;INTARIAN_PEPPER_ROOT;10636;14;10634;22;;;10657;17;10661;19;;;10646.5;0.0
yf_MKC_d6;33800;ASH_COATED_OSMIUM;9896;18;9893;15;;;9903;14;9906;22;;;9899.5;0.0
yf_MKC_d6;33800;INTARIAN_PEPPER_ROOT;10642;16;10638;19;;;10648;19;10650;19;;;10645.0;0.0
yf_MKC_d6;33900;ASH_COATED_OSMIUM;9897;25;9893;22;;;9903;14;9907;22;;;9900.0;0.0
yf_MKC_d6;33900;INTARIAN_PEPPER_ROOT;10638;15;10636;16;;;10647;21;10651;14;;;10642.5;0.0
yf_MKC_d6;34000;ASH_COATED_OSMIUM;9896;20;9894;11;;;9902;11;9905;22;;;9899.0;0.0
yf_MKC_d6;34000;INTARIAN_PEPPER_ROOT;10634;18;10632;23;;;10652;15;10656;21;;;10643.0;0.0
yf_MKC_d6;34100;ASH_COATED_OSMIUM;9888;16;9884;21;;;9912;25;9914;21;;;9900.0;0.0
yf_MKC_d6;34100;INTARIAN_PEPPER_ROOT;10635;19;10632;25;;;10651;14;10655;10;;;10643.0;0.0
yf_MKC_d6;34200;ASH_COATED_OSMIUM;9897;18;9893;12;;;9903;25;9907;13;;;9900.0;0.0
yf_MKC_d6;34200;INTARIAN_PEPPER_ROOT;10640;10;10636;14;;;10646;21;10649;17;;;10643.0;0.0
yf_MKC_d6;34300;ASH_COATED_OSMIUM;9897;9;9894;23;;;9903;18;9906;26;;;9900.0;0.0
yf_MKC_d6;34300;INTARIAN_PEPPER_ROOT;10641;17;10639;22;;;10648;20;10651;22;;;10644.5;0.0
yf_MKC_d6;34400;ASH_COATED_OSMIUM;9887;14;9885;20;;;9913;5;9915;23;;;9900.0;0.0
yf_MKC_d6;34400;INTARIAN_PEPPER_ROOT;10624;20;10621;21;;;10663;8;10667;24;;;10643.5;0.0
yf_MKC_d6;34500;ASH_COATED_OSMIUM;9892;8;9888;18;;;9908;5;9912;18;;;9900.0;0.0
yf_MKC_d6;34500;INTARIAN_PEPPER_ROOT;10641;14;10639;27;;;10647;21;10651;32;;;10644.0;0.0
yf_MKC_d6;34600;ASH_COATED_OSMIUM;9897;10;9893;17;;;9903;19;9907;20;;;9900.0;0.0
yf_MKC_d6;34600;INTARIAN_PEPPER_ROOT;10641;22;10639;17;;;10647;12;10650;19;;;10644.0;0.0
yf_MKC_d6;34700;ASH_COATED_OSMIUM;9890;19;9886;15;;;9910;16;9914;14;;;9900.0;0.0
yf_MKC_d6;34700;INTARIAN_PEPPER_ROOT;10642;8;10640;14;;;10648;10;10651;22;;;10645.0;0.0
yf_MKC_d6;34800;ASH_COATED_OSMIUM;9896;11;9892;23;;;9902;15;9906;12;;;9899.0;0.0
yf_MKC_d6;34800;INTARIAN_PEPPER_ROOT;10642;20;10639;32;;;10648;14;10651;22;;;10645.0;0.0
yf_MKC_d6;34900;ASH_COATED_OSMIUM;9895;18;9891;25;;;9906;19;9908;13;;;9900.5;0.0
yf_MKC_d6;34900;INTARIAN_PEPPER_ROOT;10638;10;10636;24;;;10651;12;10654;9;;;10644.5;0.0
yf_MKC_d6;35000;ASH_COATED_OSMIUM;9897;14;9893;20;;;9903;12;9905;16;;;9900.0;0.0
yf_MKC_d6;35000;INTARIAN_PEPPER_ROOT;10642;17;10639;20;;;10648;5;10651;20;;;10645.0;0.0
yf_MKC_d6;35100;ASH_COATED_OSMIUM;9897;14;9894;23;;;9903;10;9905;20;;;9900.0;0.0
yf_MKC_d6;35100;INTARIAN_PEPPER_ROOT;10642;14;10638;17;;;10648;28;10652;20;;;10645.0;0.0
yf_MKC_d6;35200;ASH_COATED_OSMIUM;9897;17;9893;26;;;9903;10;9905;15;;;9900.0;0.0
yf_MKC_d6;35200;INTARIAN_PEPPER_ROOT;10643;14;10639;17;;;10649;22;10651;20;;;10646.0;0.0
yf_MKC_d6;35300;ASH_COATED_OSMIUM;9888;22;9886;11;;;9911;14;9914;20;;;9899.5;0.0
yf_MKC_d6;35300;INTARIAN_PEPPER_ROOT;10643;18;10641;28;;;10649;13;10652;19;;;10646.0;0.0
yf_MKC_d6;35400;ASH_COATED_OSMIUM;9892;15;9890;22;;;9909;12;9912;18;;;9900.5;0.0
yf_MKC_d6;35400;INTARIAN_PEPPER_ROOT;10642;15;10639;19;;;10649;20;10651;25;;;10645.5;0.0
yf_MKC_d6;35500;ASH_COATED_OSMIUM;9896;17;9892;20;;;9904;16;9908;22;;;9900.0;0.0
yf_MKC_d6;35500;INTARIAN_PEPPER_ROOT;10643;21;10641;26;;;10649;13;10651;11;;;10646.0;0.0
yf_MKC_d6;35600;ASH_COATED_OSMIUM;9897;9;9893;22;;;9903;8;9907;23;;;9900.0;0.0
yf_MKC_d6;35600;INTARIAN_PEPPER_ROOT;10639;7;10635;25;;;10653;13;10655;20;;;10646.0;0.0
yf_MKC_d6;35700;ASH_COATED_OSMIUM;9897;15;9894;13;;;9903;18;9906;21;;;9900.0;0.0
yf_MKC_d6;35700;INTARIAN_PEPPER_ROOT;10644;22;10641;26;;;10650;17;10653;29;;;10647.0;0.0
yf_MKC_d6;35800;ASH_COATED_OSMIUM;9898;26;9895;25;;;9904;11;9906;13;;;9901.0;0.0
yf_MKC_d6;35800;INTARIAN_PEPPER_ROOT;10642;17;10638;22;;;10651;15;10654;17;;;10646.5;0.0
yf_MKC_d6;35900;ASH_COATED_OSMIUM;9896;21;9893;9;;;9905;17;9909;19;;;9900.5;0.0
yf_MKC_d6;35900;INTARIAN_PEPPER_ROOT;10644;8;10640;29;;;10650;13;10654;14;;;10647.0;0.0
yf_MKC_d6;36000;ASH_COATED_OSMIUM;9898;30;9895;17;;;9904;10;9908;19;;;9901.0;0.0
yf_MKC_d6;36000;INTARIAN_PEPPER_ROOT;10645;17;10641;21;;;10651;5;10654;14;;;10648.0;0.0
yf_MKC_d6;36100;ASH_COATED_OSMIUM;9897;20;9894;14;;;9903;21;9907;19;;;9900.0;0.0
yf_MKC_d6;36100;INTARIAN_PEPPER_ROOT;10645;9;10641;25;;;10651;7;10655;13;;;10648.0;0.0
yf_MKC_d6;36200;ASH_COATED_OSMIUM;9894;19;9892;24;;;9907;21;9909;21;;;9900.5;0.0
yf_MKC_d6;36200;INTARIAN_PEPPER_ROOT;10643;7;10641;18;;;10653;11;10656;23;;;10648.0;0.0
yf_MKC_d6;36300;ASH_COATED_OSMIUM;9897;12;9893;19;;;9903;15;9907;23;;;9900.0;0.0
yf_MKC_d6;36300;INTARIAN_PEPPER_ROOT;10645;15;10641;29;;;10651;12;10653;18;;;10648.0;0.0
yf_MKC_d6;36400;ASH_COATED_OSMIUM;9896;14;9892;29;;;9905;15;9908;27;;;9900.5;0.0
yf_MKC_d6;36400;INTARIAN_PEPPER_ROOT;10646;15;10644;27;;;10652;25;10656;17;;;10649.0;0.0
yf_MKC_d6;36500;ASH_COATED_OSMIUM;9898;9;9894;23;;;9904;5;9906;22;;;9901.0;0.0
yf_MKC_d6;36500;INTARIAN_PEPPER_ROOT;10646;11;10642;21;;;10652;18;10654;20;;;10649.0;0.0
yf_MKC_d6;36600;ASH_COATED_OSMIUM;9898;6;9895;23;;;9904;14;9907;12;;;9901.0;0.0
yf_MKC_d6;36600;INTARIAN_PEPPER_ROOT;10646;20;10642;31;;;10653;19;10655;17;;;10649.5;0.0
yf_MKC_d6;36700;ASH_COATED_OSMIUM;9898;13;9894;27;;;9904;21;9908;14;;;9901.0;0.0
yf_MKC_d6;36700;INTARIAN_PEPPER_ROOT;10645;17;10642;24;;;10653;8;10657;24;;;10649.0;0.0
yf_MKC_d6;36800;ASH_COATED_OSMIUM;9898;27;9896;12;;;9904;15;9907;13;;;9901.0;0.0
yf_MKC_d6;36800;INTARIAN_PEPPER_ROOT;10647;9;10644;19;;;10653;19;10656;19;;;10650.0;0.0
yf_MKC_d6;36900;ASH_COATED_OSMIUM;9898;15;9896;20;;;9904;7;9906;17;;;9901.0;0.0
yf_MKC_d6;36900;INTARIAN_PEPPER_ROOT;10646;22;10642;22;;;10654;12;10657;26;;;10650.0;0.0
yf_MKC_d6;37000;ASH_COATED_OSMIUM;9898;15;9896;21;;;9904;17;9907;31;;;9901.0;0.0
yf_MKC_d6;37000;INTARIAN_PEPPER_ROOT;10645;9;10643;32;;;10656;17;10658;26;;;10650.5;0.0
yf_MKC_d6;37100;ASH_COATED_OSMIUM;9898;24;9894;24;;;9904;19;9906;19;;;9901.0;0.0
yf_MKC_d6;37100;INTARIAN_PEPPER_ROOT;10648;22;10644;15;;;10654;12;10656;15;;;10651.0;0.0
yf_MKC_d6;37200;ASH_COATED_OSMIUM;9894;24;9890;18;;;9908;5;9910;23;;;9901.0;0.0
yf_MKC_d6;37200;INTARIAN_PEPPER_ROOT;10648;18;10644;19;;;10655;9;10659;16;;;10651.5;0.0
yf_MKC_d6;37300;ASH_COATED_OSMIUM;9895;15;9892;19;;;9908;13;9910;27;;;9901.5;0.0
yf_MKC_d6;37300;INTARIAN_PEPPER_ROOT;10643;7;10641;21;;;10659;9;10662;21;;;10651.0;0.0
yf_MKC_d6;37400;ASH_COATED_OSMIUM;9898;24;9896;13;;;9904;19;9907;16;;;9901.0;0.0
yf_MKC_d6;37400;INTARIAN_PEPPER_ROOT;10645;11;10641;21;;;10656;16;10659;19;;;10650.5;0.0
yf_MKC_d6;37500;ASH_COATED_OSMIUM;9898;11;9895;34;;;9904;5;9906;18;;;9901.0;0.0
yf_MKC_d6;37500;INTARIAN_PEPPER_ROOT;10648;5;10644;15;;;10654;23;10656;18;;;10651.0;0.0
yf_MKC_d6;37600;ASH_COATED_OSMIUM;9898;15;9895;16;;;9904;21;9906;20;;;9901.0;0.0
yf_MKC_d6;37600;INTARIAN_PEPPER_ROOT;10649;16;10647;18;;;10655;14;10658;24;;;10652.0;0.0
yf_MKC_d6;37700;ASH_COATED_OSMIUM;9898;13;9896;20;;;9904;9;9907;22;;;9901.0;0.0
yf_MKC_d6;37700;INTARIAN_PEPPER_ROOT;10646;25;10642;16;;;10658;6;10662;12;;;10652.0;0.0
yf_MKC_d6;37800;ASH_COATED_OSMIUM;9897;12;9895;21;;;9906;16;9910;21;;;9901.5;0.0
yf_MKC_d6;37800;INTARIAN_PEPPER_ROOT;10649;14;10646;18;;;10655;9;10659;25;;;10652.0;0.0
yf_MKC_d6;37900;ASH_COATED_OSMIUM;9896;18;9893;24;;;9906;17;9910;14;;;9901.0;0.0
yf_MKC_d6;37900;INTARIAN_PEPPER_ROOT;10648;25;10644;23;;;10657;14;10660;17;;;10652.5;0.0
yf_MKC_d6;38000;ASH_COATED_OSMIUM;9898;18;9895;27;;;9906;5;9908;23;;;9902.0;0.0
yf_MKC_d6;38000;INTARIAN_PEPPER_ROOT;10643;23;10641;24;;;10661;13;10663;16;;;10652.0;0.0
yf_MKC_d6;38100;ASH_COATED_OSMIUM;9899;16;9895;29;;;9905;18;9908;15;;;9902.0;0.0
yf_MKC_d6;38100;INTARIAN_PEPPER_ROOT;10650;22;10647;22;;;10656;13;10660;24;;;10653.0;0.0
yf_MKC_d6;38200;ASH_COATED_OSMIUM;9899;11;9897;28;;;9905;12;9907;18;;;9902.0;0.0
yf_MKC_d6;38200;INTARIAN_PEPPER_ROOT;10643;16;10639;17;;;10663;15;10666;20;;;10653.0;0.0
yf_MKC_d6;38300;ASH_COATED_OSMIUM;9898;13;9895;25;;;9906;18;9909;22;;;9902.0;0.0
yf_MKC_d6;38300;INTARIAN_PEPPER_ROOT;10650;13;10646;21;;;10656;16;10658;24;;;10653.0;0.0
yf_MKC_d6;38400;ASH_COATED_OSMIUM;9893;10;9891;21;;;9910;6;9914;27;;;9901.5;0.0
yf_MKC_d6;38400;INTARIAN_PEPPER_ROOT;10627;17;10624;8;;;10681;11;10685;11;;;10654.0;0.0
yf_MKC_d6;38500;ASH_COATED_OSMIUM;9899;7;9895;25;;;9905;13;9908;25;;;9902.0;0.0
yf_MKC_d6;38500;INTARIAN_PEPPER_ROOT;10646;15;10642;17;;;10662;11;10666;22;;;10654.0;0.0
yf_MKC_d6;38600;ASH_COATED_OSMIUM;9899;20;9895;21;;;9905;20;9907;31;;;9902.0;0.0
yf_MKC_d6;38600;INTARIAN_PEPPER_ROOT;10651;27;10647;9;;;10657;13;10661;16;;;10654.0;0.0
yf_MKC_d6;38700;ASH_COATED_OSMIUM;9891;7;9887;18;;;9914;16;9918;17;;;9902.5;0.0
yf_MKC_d6;38700;INTARIAN_PEPPER_ROOT;10649;12;10647;23;;;10659;11;10661;16;;;10654.0;0.0
yf_MKC_d6;38800;ASH_COATED_OSMIUM;9895;7;9892;20;;;9908;22;9912;19;;;9901.5;0.0
yf_MKC_d6;38800;INTARIAN_PEPPER_ROOT;10650;18;10648;20;;;10659;16;10662;18;;;10654.5;0.0
yf_MKC_d6;38900;ASH_COATED_OSMIUM;9898;15;9894;10;;;9908;11;9911;23;;;9903.0;0.0
yf_MKC_d6;38900;INTARIAN_PEPPER_ROOT;10642;12;10639;19;;;10668;16;10671;11;;;10655.0;0.0
yf_MKC_d6;39000;ASH_COATED_OSMIUM;9895;16;9892;14;;;9908;14;9912;20;;;9901.5;0.0
yf_MKC_d6;39000;INTARIAN_PEPPER_ROOT;10652;23;10650;23;;;10658;15;10660;21;;;10655.0;0.0
yf_MKC_d6;39100;ASH_COATED_OSMIUM;9898;7;9896;13;;;9906;12;9910;8;;;9902.0;0.0
yf_MKC_d6;39100;INTARIAN_PEPPER_ROOT;10639;10;10636;24;;;10672;14;10676;22;;;10655.5;0.0
yf_MKC_d6;39200;ASH_COATED_OSMIUM;9899;14;9896;22;;;9905;21;9908;12;;;9902.0;0.0
yf_MKC_d6;39200;INTARIAN_PEPPER_ROOT;10653;18;10650;27;;;10659;19;10661;17;;;10656.0;0.0
yf_MKC_d6;39300;ASH_COATED_OSMIUM;9896;12;9892;19;;;9909;12;9913;17;;;9902.5;0.0
yf_MKC_d6;39300;INTARIAN_PEPPER_ROOT;10648;16;10646;21;;;10665;18;10669;21;;;10656.5;0.0
yf_MKC_d6;39400;ASH_COATED_OSMIUM;9894;20;9890;27;;;9909;16;9911;15;;;9901.5;0.0
yf_MKC_d6;39400;INTARIAN_PEPPER_ROOT;10653;10;10651;17;;;10659;13;10663;22;;;10656.0;0.0
yf_MKC_d6;39500;ASH_COATED_OSMIUM;9899;18;9897;29;;;9905;14;9908;19;;;9902.0;0.0
yf_MKC_d6;39500;INTARIAN_PEPPER_ROOT;10654;14;10650;29;;;10660;18;10664;13;;;10657.0;0.0
yf_MKC_d6;39600;ASH_COATED_OSMIUM;9899;15;9897;15;;;9905;19;9909;19;;;9902.0;0.0
yf_MKC_d6;39600;INTARIAN_PEPPER_ROOT;10626;9;10622;19;;;10686;15;10690;13;;;10656.0;0.0
yf_MKC_d6;39700;ASH_COATED_OSMIUM;9899;10;9896;25;;;9905;5;9907;28;;;9902.0;0.0
yf_MKC_d6;39700;INTARIAN_PEPPER_ROOT;10654;15;10651;20;;;10660;11;10664;18;;;10657.0;0.0
yf_MKC_d6;39800;ASH_COATED_OSMIUM;9899;18;9897;17;;;9905;13;9907;18;;;9902.0;0.0
yf_MKC_d6;39800;INTARIAN_PEPPER_ROOT;10653;8;10651;17;;;10662;13;10664;18;;;10657.5;0.0
yf_MKC_d6;39900;ASH_COATED_OSMIUM;9898;12;9894;12;;;9907;13;9909;23;;;9902.5;0.0
yf_MKC_d6;39900;INTARIAN_PEPPER_ROOT;10653;8;10651;23;;;10663;12;10666;14;;;10658.0;0.0
yf_MKC_d6;40000;ASH_COATED_OSMIUM;9894;21;9890;18;;;9911;20;9913;18;;;9902.5;0.0
yf_MKC_d6;40000;INTARIAN_PEPPER_ROOT;10651;13;10647;24;;;10663;18;10667;17;;;10657.0;0.0
yf_MKC_d6;40100;ASH_COATED_OSMIUM;9899;12;9896;21;;;9905;23;9909;12;;;9902.0;0.0
yf_MKC_d6;40100;INTARIAN_PEPPER_ROOT;10655;19;10651;19;;;10661;6;10665;26;;;10658.0;0.0
yf_MKC_d6;40200;ASH_COATED_OSMIUM;9900;9;9896;16;;;9906;17;9908;10;;;9903.0;0.0
yf_MKC_d6;40200;INTARIAN_PEPPER_ROOT;10654;20;10650;20;;;10662;15;10664;24;;;10658.0;0.0
yf_MKC_d6;40300;ASH_COATED_OSMIUM;9899;16;9896;13;;;9907;18;9910;28;;;9903.0;0.0
yf_MKC_d6;40300;INTARIAN_PEPPER_ROOT;10656;18;10653;20;;;10662;9;10664;17;;;10659.0;0.0
yf_MKC_d6;40400;ASH_COATED_OSMIUM;9892;11;9889;12;;;9913;13;9917;12;;;9902.5;0.0
yf_MKC_d6;40400;INTARIAN_PEPPER_ROOT;10648;14;10644;30;;;10670;12;10672;14;;;10659.0;0.0
yf_MKC_d6;40500;ASH_COATED_OSMIUM;9900;14;9896;30;;;9906;12;9909;21;;;9903.0;0.0
yf_MKC_d6;40500;INTARIAN_PEPPER_ROOT;10656;5;10653;15;;;10662;14;10666;13;;;10659.0;0.0
yf_MKC_d6;40600;ASH_COATED_OSMIUM;9900;18;9898;20;;;9906;25;9910;23;;;9903.0;0.0
yf_MKC_d6;40600;INTARIAN_PEPPER_ROOT;10655;14;10652;26;;;10663;12;10665;12;;;10659.0;0.0
yf_MKC_d6;40700;ASH_COATED_OSMIUM;9900;19;9897;14;;;9906;15;9908;24;;;9903.0;0.0
yf_MKC_d6;40700;INTARIAN_PEPPER_ROOT;10655;16;10651;12;;;10664;13;10667;23;;;10659.5;0.0
yf_MKC_d6;40800;ASH_COATED_OSMIUM;9900;7;9898;24;;;9906;16;9908;19;;;9903.0;0.0
yf_MKC_d6;40800;INTARIAN_PEPPER_ROOT;10656;10;10652;25;;;10662;20;10664;17;;;10659.0;0.0
yf_MKC_d6;40900;ASH_COATED_OSMIUM;9892;13;9889;17;;;9914;18;9918;20;;;9903.0;0.0
yf_MKC_d6;40900;INTARIAN_PEPPER_ROOT;10657;8;10654;14;;;10663;16;10665;26;;;10660.0;0.0
yf_MKC_d6;41000;ASH_COATED_OSMIUM;9896;16;9894;16;;;9908;17;9912;20;;;9902.0;0.0
yf_MKC_d6;41000;INTARIAN_PEPPER_ROOT;10657;17;10653;17;;;10663;22;10667;22;;;10660.0;0.0
yf_MKC_d6;41100;ASH_COATED_OSMIUM;9896;15;9894;27;;;9910;11;9913;18;;;9903.0;0.0
yf_MKC_d6;41100;INTARIAN_PEPPER_ROOT;10657;13;10654;27;;;10663;14;10665;13;;;10660.0;0.0
yf_MKC_d6;41200;ASH_COATED_OSMIUM;9894;18;9891;20;;;9913;19;9917;26;;;9903.5;0.0
yf_MKC_d6;41200;INTARIAN_PEPPER_ROOT;10653;8;10650;21;;;10668;18;10670;17;;;10660.5;0.0
yf_MKC_d6;41300;ASH_COATED_OSMIUM;9900;18;9898;15;;;9906;17;9909;17;;;9903.0;0.0
yf_MKC_d6;41300;INTARIAN_PEPPER_ROOT;10645;18;10641;27;;;10676;13;10678;15;;;10660.5;0.0
yf_MKC_d6;41400;ASH_COATED_OSMIUM;9899;16;9897;17;;;9906;19;9910;20;;;9902.5;0.0
yf_MKC_d6;41400;INTARIAN_PEPPER_ROOT;10654;17;10652;8;;;10668;14;10672;23;;;10661.0;0.0
yf_MKC_d6;41500;ASH_COATED_OSMIUM;9886;19;9883;24;;;9921;16;9925;23;;;9903.5;0.0
yf_MKC_d6;41500;INTARIAN_PEPPER_ROOT;10658;11;10655;17;;;10664;10;10668;18;;;10661.0;0.0
yf_MKC_d6;41600;ASH_COATED_OSMIUM;9897;17;9895;22;;;9910;11;9912;24;;;9903.5;0.0
yf_MKC_d6;41600;INTARIAN_PEPPER_ROOT;10659;16;10655;27;;;10665;21;10669;16;;;10662.0;0.0
yf_MKC_d6;41700;ASH_COATED_OSMIUM;9900;13;9898;21;;;9906;15;9909;18;;;9903.0;0.0
yf_MKC_d6;41700;INTARIAN_PEPPER_ROOT;10659;8;10655;21;;;10665;22;10667;16;;;10662.0;0.0
yf_MKC_d6;41800;ASH_COATED_OSMIUM;9899;12;9895;20;;;9907;17;9911;27;;;9903.0;0.0
yf_MKC_d6;41800;INTARIAN_PEPPER_ROOT;10659;13;10656;15;;;10665;9;10669;23;;;10662.0;0.0
yf_MKC_d6;41900;ASH_COATED_OSMIUM;9900;22;9898;17;;;9906;21;9910;21;;;9903.0;0.0
yf_MKC_d6;41900;INTARIAN_PEPPER_ROOT;10656;21;10653;23;;;10669;11;10671;18;;;10662.5;0.0
yf_MKC_d6;42000;ASH_COATED_OSMIUM;9896;16;9894;11;;;9911;15;9913;18;;;9903.5;0.0
yf_MKC_d6;42000;INTARIAN_PEPPER_ROOT;10656;15;10654;26;;;10670;11;10672;22;;;10663.0;0.0
yf_MKC_d6;42100;ASH_COATED_OSMIUM;9900;13;9897;25;;;9906;24;9909;11;;;9903.0;0.0
yf_MKC_d6;42100;INTARIAN_PEPPER_ROOT;10650;20;10647;24;;;10676;16;10678;16;;;10663.0;0.0
yf_MKC_d6;42200;ASH_COATED_OSMIUM;9901;17;9898;10;;;9907;12;9911;23;;;9904.0;0.0
yf_MKC_d6;42200;INTARIAN_PEPPER_ROOT;10660;8;10658;20;;;10666;15;10668;19;;;10663.0;0.0
yf_MKC_d6;42300;ASH_COATED_OSMIUM;9900;9;9896;18;;;9906;17;9910;20;;;9903.0;0.0
yf_MKC_d6;42300;INTARIAN_PEPPER_ROOT;10661;12;10659;28;;;10667;14;10670;22;;;10664.0;0.0
yf_MKC_d6;42400;ASH_COATED_OSMIUM;9897;10;9893;14;;;9910;17;9912;21;;;9903.5;0.0
yf_MKC_d6;42400;INTARIAN_PEPPER_ROOT;10660;8;10658;20;;;10666;17;10668;18;;;10663.0;0.0
yf_MKC_d6;42500;ASH_COATED_OSMIUM;9901;11;9897;30;;;9907;16;9911;21;;;9904.0;0.0
yf_MKC_d6;42500;INTARIAN_PEPPER_ROOT;10661;17;10659;23;;;10667;20;10671;24;;;10664.0;0.0
yf_MKC_d6;42600;ASH_COATED_OSMIUM;9901;18;9897;8;;;9907;9;9909;9;;;9904.0;0.0
yf_MKC_d6;42600;INTARIAN_PEPPER_ROOT;10653;6;10651;19;;;10676;18;10680;18;;;10664.5;0.0
yf_MKC_d6;42700;ASH_COATED_OSMIUM;9901;17;9898;27;;;9907;15;9911;20;;;9904.0;0.0
yf_MKC_d6;42700;INTARIAN_PEPPER_ROOT;10661;6;10658;26;;;10667;15;10669;15;;;10664.0;0.0
yf_MKC_d6;42800;ASH_COATED_OSMIUM;9897;13;9894;15;;;9909;18;9912;23;;;9903.0;0.0
yf_MKC_d6;42800;INTARIAN_PEPPER_ROOT;10661;14;10658;15;;;10668;5;10670;11;;;10664.5;0.0
yf_MKC_d6;42900;ASH_COATED_OSMIUM;9898;16;9896;13;;;9910;14;9912;11;;;9904.0;0.0
yf_MKC_d6;42900;INTARIAN_PEPPER_ROOT;10655;11;10652;19;;;10674;14;10678;21;;;10664.5;0.0
yf_MKC_d6;43000;ASH_COATED_OSMIUM;9897;17;9894;19;;;9910;5;9914;15;;;9903.5;0.0
yf_MKC_d6;43000;INTARIAN_PEPPER_ROOT;10661;6;10659;30;;;10668;14;10671;14;;;10664.5;0.0
yf_MKC_d6;43100;ASH_COATED_OSMIUM;9901;15;9898;26;;;9907;17;9909;19;;;9904.0;0.0
yf_MKC_d6;43100;INTARIAN_PEPPER_ROOT;10661;8;10659;18;;;10670;24;10672;12;;;10665.5;0.0
yf_MKC_d6;43200;ASH_COATED_OSMIUM;9901;17;9899;20;;;9907;18;9910;14;;;9904.0;0.0
yf_MKC_d6;43200;INTARIAN_PEPPER_ROOT;10663;14;10659;21;;;10669;5;10673;18;;;10666.0;0.0
yf_MKC_d6;43300;ASH_COATED_OSMIUM;9901;14;9897;18;;;9907;19;9911;14;;;9904.0;0.0
yf_MKC_d6;43300;INTARIAN_PEPPER_ROOT;10661;16;10659;18;;;10670;9;10674;25;;;10665.5;0.0
yf_MKC_d6;43400;ASH_COATED_OSMIUM;9899;13;9895;24;;;9909;16;9912;18;;;9904.0;0.0
yf_MKC_d6;43400;INTARIAN_PEPPER_ROOT;10660;15;10658;16;;;10672;16;10674;17;;;10666.0;0.0
yf_MKC_d6;43500;ASH_COATED_OSMIUM;9901;8;9899;17;;;9907;8;9911;15;;;9904.0;0.0
yf_MKC_d6;43500;INTARIAN_PEPPER_ROOT;10663;9;10660;17;;;10669;9;10672;18;;;10666.0;0.0
yf_MKC_d6;43600;ASH_COATED_OSMIUM;9901;20;9898;26;;;9908;21;9911;14;;;9904.5;0.0
yf_MKC_d6;43600;INTARIAN_PEPPER_ROOT;10663;15;10661;14;;;10670;17;10673;25;;;10666.5;0.0
yf_MKC_d6;43700;ASH_COATED_OSMIUM;9901;12;9897;22;;;9907;17;9910;20;;;9904.0;0.0
yf_MKC_d6;43700;INTARIAN_PEPPER_ROOT;10664;27;10662;21;;;10670;14;10672;17;;;10667.0;0.0
yf_MKC_d6;43800;ASH_COATED_OSMIUM;9901;22;9899;18;;;9907;19;9910;23;;;9904.0;0.0
yf_MKC_d6;43800;INTARIAN_PEPPER_ROOT;10660;14;10658;28;;;10673;11;10676;15;;;10666.5;0.0
yf_MKC_d6;43900;ASH_COATED_OSMIUM;9902;20;9898;18;;;9908;17;9912;19;;;9905.0;0.0
yf_MKC_d6;43900;INTARIAN_PEPPER_ROOT;10660;14;10658;16;;;10674;8;10677;17;;;10667.0;0.0
yf_MKC_d6;44000;ASH_COATED_OSMIUM;9901;8;9899;21;;;9907;8;9911;19;;;9904.0;0.0
yf_MKC_d6;44000;INTARIAN_PEPPER_ROOT;10664;12;10662;19;;;10670;9;10673;18;;;10667.0;0.0
yf_MKC_d6;44100;ASH_COATED_OSMIUM;9900;13;9896;17;;;9909;9;9911;24;;;9904.5;0.0
yf_MKC_d6;44100;INTARIAN_PEPPER_ROOT;10664;16;10662;16;;;10673;17;10675;25;;;10668.5;0.0
yf_MKC_d6;44200;ASH_COATED_OSMIUM;9897;19;9895;17;;;9912;14;9916;22;;;9904.5;0.0
yf_MKC_d6;44200;INTARIAN_PEPPER_ROOT;10663;7;10660;24;;;10673;13;10677;19;;;10668.0;0.0
yf_MKC_d6;44300;ASH_COATED_OSMIUM;9901;8;9897;18;;;9907;16;9909;22;;;9904.0;0.0
yf_MKC_d6;44300;INTARIAN_PEPPER_ROOT;10665;13;10662;20;;;10672;5;10674;17;;;10668.5;0.0
yf_MKC_d6;44400;ASH_COATED_OSMIUM;9900;15;9896;24;;;9909;12;9912;13;;;9904.5;0.0
yf_MKC_d6;44400;INTARIAN_PEPPER_ROOT;10665;14;10662;15;;;10671;11;10673;16;;;10668.0;0.0
yf_MKC_d6;44500;ASH_COATED_OSMIUM;9902;8;9900;9;;;9908;17;9911;24;;;9905.0;0.0
yf_MKC_d6;44500;INTARIAN_PEPPER_ROOT;10666;18;10662;13;;;10672;16;10674;31;;;10669.0;0.0
yf_MKC_d6;44600;ASH_COATED_OSMIUM;9897;10;9895;23;;;9912;9;9916;20;;;9904.5;0.0
yf_MKC_d6;44600;INTARIAN_PEPPER_ROOT;10645;13;10643;20;;;10693;9;10695;24;;;10669.0;0.0
yf_MKC_d6;44700;ASH_COATED_OSMIUM;9899;14;9895;18;;;9911;14;9913;14;;;9905.0;0.0
yf_MKC_d6;44700;INTARIAN_PEPPER_ROOT;10664;10;10662;22;;;10674;16;10678;15;;;10669.0;0.0
yf_MKC_d6;44800;ASH_COATED_OSMIUM;9902;12;9899;10;;;9908;9;9911;19;;;9905.0;0.0
yf_MKC_d6;44800;INTARIAN_PEPPER_ROOT;10666;10;10664;19;;;10672;18;10674;16;;;10669.0;0.0
yf_MKC_d6;44900;ASH_COATED_OSMIUM;9902;18;9899;21;;;9908;19;9910;22;;;9905.0;0.0
yf_MKC_d6;44900;INTARIAN_PEPPER_ROOT;10664;14;10660;25;;;10677;7;10681;21;;;10670.5;0.0
yf_MKC_d6;45000;ASH_COATED_OSMIUM;9899;19;9896;25;;;9911;13;9915;18;;;9905.0;0.0
yf_MKC_d6;45000;INTARIAN_PEPPER_ROOT;10662;14;10658;9;;;10679;11;10682;29;;;10670.5;0.0
yf_MKC_d6;45100;ASH_COATED_OSMIUM;9902;8;9899;22;;;9908;22;9911;25;;;9905.0;0.0
yf_MKC_d6;45100;INTARIAN_PEPPER_ROOT;10667;15;10664;20;;;10673;19;10675;11;;;10670.0;0.0
yf_MKC_d6;45200;ASH_COATED_OSMIUM;9899;13;9897;13;;;9910;14;9912;15;;;9904.5;0.0
yf_MKC_d6;45200;INTARIAN_PEPPER_ROOT;10667;16;10665;20;;;10673;14;10676;20;;;10670.0;0.0
yf_MKC_d6;45300;ASH_COATED_OSMIUM;9901;9;9898;17;;;9910;13;9914;24;;;9905.5;0.0
yf_MKC_d6;45300;INTARIAN_PEPPER_ROOT;10667;17;10665;22;;;10677;16;10681;11;;;10672.0;0.0
yf_MKC_d6;45400;ASH_COATED_OSMIUM;9903;21;9901;17;;;9909;8;9912;17;;;9906.0;0.0
yf_MKC_d6;45400;INTARIAN_PEPPER_ROOT;10668;20;10666;25;;;10674;16;10678;21;;;10671.0;0.0
yf_MKC_d6;45500;ASH_COATED_OSMIUM;9895;20;9893;19;;;9917;12;9921;18;;;9906.0;0.0
yf_MKC_d6;45500;INTARIAN_PEPPER_ROOT;10666;14;10663;24;;;10678;15;10680;20;;;10672.0;0.0
yf_MKC_d6;45600;ASH_COATED_OSMIUM;9902;12;9898;22;;;9908;17;9912;11;;;9905.0;0.0
yf_MKC_d6;45600;INTARIAN_PEPPER_ROOT;10666;12;10662;20;;;10677;8;10681;25;;;10671.5;0.0
yf_MKC_d6;45700;ASH_COATED_OSMIUM;9902;14;9898;13;;;9908;13;9912;24;;;9905.0;0.0
yf_MKC_d6;45700;INTARIAN_PEPPER_ROOT;10669;19;10666;25;;;10675;19;10677;12;;;10672.0;0.0
yf_MKC_d6;45800;ASH_COATED_OSMIUM;9902;7;9899;19;;;9908;5;9912;18;;;9905.0;0.0
yf_MKC_d6;45800;INTARIAN_PEPPER_ROOT;10669;14;10666;16;;;10675;16;10679;19;;;10672.0;0.0
yf_MKC_d6;45900;ASH_COATED_OSMIUM;9892;24;9888;17;;;9920;17;9922;27;;;9906.0;0.0
yf_MKC_d6;45900;INTARIAN_PEPPER_ROOT;10658;22;10655;21;;;10687;8;10689;22;;;10672.5;0.0
yf_MKC_d6;46000;ASH_COATED_OSMIUM;9903;17;9899;21;;;9909;10;9913;23;;;9906.0;0.0
yf_MKC_d6;46000;INTARIAN_PEPPER_ROOT;10668;11;10665;20;;;10677;16;10681;22;;;10672.5;0.0
yf_MKC_d6;46100;ASH_COATED_OSMIUM;9897;20;9894;26;;;9914;11;9916;29;;;9905.5;0.0
yf_MKC_d6;46100;INTARIAN_PEPPER_ROOT;10658;6;10654;20;;;10687;15;10691;17;;;10672.5;0.0
yf_MKC_d6;46200;ASH_COATED_OSMIUM;9900;15;9896;30;;;9911;8;9915;20;;;9905.5;0.0
yf_MKC_d6;46200;INTARIAN_PEPPER_ROOT;10664;16;10660;24;;;10682;14;10684;32;;;10673.0;0.0
yf_MKC_d6;46300;ASH_COATED_OSMIUM;9902;11;9900;26;;;9908;8;9911;14;;;9905.0;0.0
yf_MKC_d6;46300;INTARIAN_PEPPER_ROOT;10671;15;10668;19;;;10677;17;10681;15;;;10674.0;0.0
yf_MKC_d6;46400;ASH_COATED_OSMIUM;9894;12;9891;21;;;9918;8;9921;21;;;9906.0;0.0
yf_MKC_d6;46400;INTARIAN_PEPPER_ROOT;10670;16;10668;21;;;10676;24;10679;12;;;10673.0;0.0
yf_MKC_d6;46500;ASH_COATED_OSMIUM;9903;9;9901;24;;;9909;11;9913;17;;;9906.0;0.0
yf_MKC_d6;46500;INTARIAN_PEPPER_ROOT;10666;15;10662;28;;;10682;19;10684;20;;;10674.0;0.0
yf_MKC_d6;46600;ASH_COATED_OSMIUM;9903;12;9900;22;;;9909;13;9912;16;;;9906.0;0.0
yf_MKC_d6;46600;INTARIAN_PEPPER_ROOT;10668;12;10666;16;;;10680;12;10682;26;;;10674.0;0.0
yf_MKC_d6;46700;ASH_COATED_OSMIUM;9902;17;9898;12;;;9908;23;9910;16;;;9905.0;0.0
yf_MKC_d6;46700;INTARIAN_PEPPER_ROOT;10670;18;10666;8;;;10678;6;10680;21;;;10674.0;0.0
yf_MKC_d6;46800;ASH_COATED_OSMIUM;9902;16;9898;22;;;9908;18;9911;19;;;9905.0;0.0
yf_MKC_d6;46800;INTARIAN_PEPPER_ROOT;10672;19;10668;22;;;10678;19;10682;26;;;10675.0;0.0
yf_MKC_d6;46900;ASH_COATED_OSMIUM;9903;10;9900;15;;;9909;5;9913;21;;;9906.0;0.0
yf_MKC_d6;46900;INTARIAN_PEPPER_ROOT;10672;18;10670;21;;;10678;15;10681;19;;;10675.0;0.0
yf_MKC_d6;47000;ASH_COATED_OSMIUM;9903;17;9901;15;;;9909;13;9911;13;;;9906.0;0.0
yf_MKC_d6;47000;INTARIAN_PEPPER_ROOT;10669;24;10665;25;;;10681;16;10683;23;;;10675.0;0.0
yf_MKC_d6;47100;ASH_COATED_OSMIUM;9903;11;9900;15;;;9909;8;9912;24;;;9906.0;0.0
yf_MKC_d6;47100;INTARIAN_PEPPER_ROOT;10671;11;10668;24;;;10680;11;10682;19;;;10675.5;0.0
yf_MKC_d6;47200;ASH_COATED_OSMIUM;9903;18;9900;13;;;9909;25;9912;14;;;9906.0;0.0
yf_MKC_d6;47200;INTARIAN_PEPPER_ROOT;10671;23;10668;16;;;10680;14;10683;18;;;10675.5;0.0
yf_MKC_d6;47300;ASH_COATED_OSMIUM;9902;10;9898;21;;;9909;13;9911;17;;;9905.5;0.0
yf_MKC_d6;47300;INTARIAN_PEPPER_ROOT;10673;13;10671;14;;;10680;17;10683;18;;;10676.5;0.0
yf_MKC_d6;47400;ASH_COATED_OSMIUM;9900;16;9896;17;;;9912;16;9915;12;;;9906.0;0.0
yf_MKC_d6;47400;INTARIAN_PEPPER_ROOT;10673;11;10671;26;;;10679;24;10682;14;;;10676.0;0.0
yf_MKC_d6;47500;ASH_COATED_OSMIUM;9903;12;9901;28;;;9909;12;9911;17;;;9906.0;0.0
yf_MKC_d6;47500;INTARIAN_PEPPER_ROOT;10672;13;10670;13;;;10680;14;10683;14;;;10676.0;0.0
yf_MKC_d6;47600;ASH_COATED_OSMIUM;9902;12;9899;23;;;9911;5;9914;12;;;9906.5;0.0
yf_MKC_d6;47600;INTARIAN_PEPPER_ROOT;10672;16;10668;20;;;10682;13;10686;21;;;10677.0;0.0
yf_MKC_d6;47700;ASH_COATED_OSMIUM;9903;13;9900;20;;;9909;16;9912;19;;;9906.0;0.0
yf_MKC_d6;47700;INTARIAN_PEPPER_ROOT;10673;8;10671;26;;;10679;7;10683;19;;;10676.0;0.0
yf_MKC_d6;47800;ASH_COATED_OSMIUM;9903;23;9900;22;;;9909;10;9913;13;;;9906.0;0.0
yf_MKC_d6;47800;INTARIAN_PEPPER_ROOT;10675;18;10673;20;;;10681;15;10684;14;;;10678.0;0.0
yf_MKC_d6;47900;ASH_COATED_OSMIUM;9901;5;9897;21;;;9911;20;9915;12;;;9906.0;0.0
yf_MKC_d6;47900;INTARIAN_PEPPER_ROOT;10674;14;10672;19;;;10680;11;10683;13;;;10677.0;0.0
yf_MKC_d6;48000;ASH_COATED_OSMIUM;9903;22;9900;14;;;9909;17;9912;17;;;9906.0;0.0
yf_MKC_d6;48000;INTARIAN_PEPPER_ROOT;10675;9;10671;29;;;10681;16;10685;26;;;10678.0;0.0
yf_MKC_d6;48100;ASH_COATED_OSMIUM;9901;13;9898;20;;;9911;7;9915;21;;;9906.0;0.0
yf_MKC_d6;48100;INTARIAN_PEPPER_ROOT;10675;8;10672;22;;;10681;16;10684;21;;;10678.0;0.0
yf_MKC_d6;48200;ASH_COATED_OSMIUM;9903;10;9899;29;;;9909;17;9913;16;;;9906.0;0.0
yf_MKC_d6;48200;INTARIAN_PEPPER_ROOT;10675;5;10671;16;;;10681;14;10685;25;;;10678.0;0.0
yf_MKC_d6;48300;ASH_COATED_OSMIUM;9900;21;9897;30;;;9913;15;9915;19;;;9906.5;0.0
yf_MKC_d6;48300;INTARIAN_PEPPER_ROOT;10676;15;10673;28;;;10682;19;10684;15;;;10679.0;0.0
yf_MKC_d6;48400;ASH_COATED_OSMIUM;9892;12;9889;16;;;9920;21;9923;19;;;9906.0;0.0
yf_MKC_d6;48400;INTARIAN_PEPPER_ROOT;10675;12;10673;8;;;10681;12;10683;21;;;10678.0;0.0
yf_MKC_d6;48500;ASH_COATED_OSMIUM;9903;9;9901;21;;;9909;16;9912;25;;;9906.0;0.0
yf_MKC_d6;48500;INTARIAN_PEPPER_ROOT;10676;13;10673;10;;;10682;19;10684;14;;;10679.0;0.0
yf_MKC_d6;48600;ASH_COATED_OSMIUM;9904;14;9902;20;;;9910;8;9914;15;;;9907.0;0.0
yf_MKC_d6;48600;INTARIAN_PEPPER_ROOT;10673;12;10670;17;;;10686;14;10689;25;;;10679.5;0.0
yf_MKC_d6;48700;ASH_COATED_OSMIUM;9903;20;9899;24;;;9909;8;9913;15;;;9906.0;0.0
yf_MKC_d6;48700;INTARIAN_PEPPER_ROOT;10671;15;10668;15;;;10689;8;10691;23;;;10680.0;0.0
yf_MKC_d6;48800;ASH_COATED_OSMIUM;9904;14;9901;14;;;9910;24;9914;19;;;9907.0;0.0
yf_MKC_d6;48800;INTARIAN_PEPPER_ROOT;10677;8;10674;21;;;10683;17;10687;19;;;10680.0;0.0
yf_MKC_d6;48900;ASH_COATED_OSMIUM;9903;17;9899;14;;;9910;17;9912;30;;;9906.5;0.0
yf_MKC_d6;48900;INTARIAN_PEPPER_ROOT;10677;17;10675;20;;;10683;12;10687;19;;;10680.0;0.0
yf_MKC_d6;49000;ASH_COATED_OSMIUM;9899;12;9895;25;;;9917;17;9919;9;;;9908.0;0.0
yf_MKC_d6;49000;INTARIAN_PEPPER_ROOT;10677;5;10674;23;;;10683;15;10686;19;;;10680.0;0.0
yf_MKC_d6;49100;ASH_COATED_OSMIUM;9904;12;9901;20;;;9910;12;9914;15;;;9907.0;0.0
yf_MKC_d6;49100;INTARIAN_PEPPER_ROOT;10674;6;10671;20;;;10687;12;10691;19;;;10680.5;0.0
yf_MKC_d6;49200;ASH_COATED_OSMIUM;9898;15;9896;23;;;9915;17;9919;17;;;9906.5;0.0
yf_MKC_d6;49200;INTARIAN_PEPPER_ROOT;10678;15;10676;19;;;10684;13;10687;17;;;10681.0;0.0
yf_MKC_d6;49300;ASH_COATED_OSMIUM;9904;10;9902;13;;;9910;15;9913;19;;;9907.0;0.0
yf_MKC_d6;49300;INTARIAN_PEPPER_ROOT;10678;21;10675;15;;;10684;13;10687;21;;;10681.0;0.0
yf_MKC_d6;49400;ASH_COATED_OSMIUM;9904;15;9900;21;;;9910;20;9912;17;;;9907.0;0.0
yf_MKC_d6;49400;INTARIAN_PEPPER_ROOT;10674;16;10672;17;;;10687;16;10690;8;;;10680.5;0.0
yf_MKC_d6;49500;ASH_COATED_OSMIUM;9904;21;9902;20;;;9910;18;9912;20;;;9907.0;0.0
yf_MKC_d6;49500;INTARIAN_PEPPER_ROOT;10679;5;10677;14;;;10685;19;10688;26;;;10682.0;0.0
yf_MKC_d6;49600;ASH_COATED_OSMIUM;9904;14;9902;21;;;9910;20;9914;32;;;9907.0;0.0
yf_MKC_d6;49600;INTARIAN_PEPPER_ROOT;10679;18;10677;24;;;10685;21;10688;26;;;10682.0;0.0
yf_MKC_d6;49700;ASH_COATED_OSMIUM;9902;22;9899;15;;;9912;17;9914;23;;;9907.0;0.0
yf_MKC_d6;49700;INTARIAN_PEPPER_ROOT;10679;13;10677;19;;;10685;8;10687;20;;;10682.0;0.0
yf_MKC_d6;49800;ASH_COATED_OSMIUM;9904;21;9900;24;;;9910;14;9913;21;;;9907.0;0.0
yf_MKC_d6;49800;INTARIAN_PEPPER_ROOT;10675;5;10671;15;;;10689;21;10691;30;;;10682.0;0.0
yf_MKC_d6;49900;ASH_COATED_OSMIUM;9900;11;9896;13;;;9915;13;9918;21;;;9907.5;0.0
yf_MKC_d6;49900;INTARIAN_PEPPER_ROOT;10672;16;10668;20;;;10693;19;10696;23;;;10682.5;0.0
yf_MKC_d6;50000;ASH_COATED_OSMIUM;9900;14;9897;21;;;9915;14;9919;19;;;9907.5;0.0
yf_MKC_d6;50000;INTARIAN_PEPPER_ROOT;10679;12;10677;20;;;10685;6;10689;22;;;10682.0;0.0
yf_MKC_d6;50100;ASH_COATED_OSMIUM;9904;9;9901;22;;;9910;20;9912;29;;;9907.0;0.0
yf_MKC_d6;50100;INTARIAN_PEPPER_ROOT;10669;20;10666;23;;;10696;9;10699;21;;;10682.5;0.0
yf_MKC_d6;50200;ASH_COATED_OSMIUM;9904;13;9901;26;;;9910;19;9914;20;;;9907.0;0.0
yf_MKC_d6;50200;INTARIAN_PEPPER_ROOT;10680;12;10676;23;;;10686;6;10688;15;;;10683.0;0.0
yf_MKC_d6;50300;ASH_COATED_OSMIUM;9904;16;9902;19;;;9910;20;9914;21;;;9907.0;0.0
yf_MKC_d6;50300;INTARIAN_PEPPER_ROOT;10680;11;10678;18;;;10686;20;10689;26;;;10683.0;0.0
yf_MKC_d6;50400;ASH_COATED_OSMIUM;9904;17;9902;20;;;9910;16;9912;27;;;9907.0;0.0
yf_MKC_d6;50400;INTARIAN_PEPPER_ROOT;10678;12;10674;21;;;10689;11;10693;26;;;10683.5;0.0
yf_MKC_d6;50500;ASH_COATED_OSMIUM;9904;18;9901;20;;;9910;17;9912;24;;;9907.0;0.0
yf_MKC_d6;50500;INTARIAN_PEPPER_ROOT;10681;14;10677;24;;;10687;16;10689;24;;;10684.0;0.0
yf_MKC_d6;50600;ASH_COATED_OSMIUM;9898;8;9894;21;;;9916;17;9919;32;;;9907.0;0.0
yf_MKC_d6;50600;INTARIAN_PEPPER_ROOT;10681;14;10679;13;;;10687;16;10691;22;;;10684.0;0.0
yf_MKC_d6;50700;ASH_COATED_OSMIUM;9889;12;9885;17;;;9926;15;9928;22;;;9907.5;0.0
yf_MKC_d6;50700;INTARIAN_PEPPER_ROOT;10681;17;10679;16;;;10687;14;10691;18;;;10684.0;0.0
yf_MKC_d6;50800;ASH_COATED_OSMIUM;9905;13;9903;24;;;9911;10;9914;20;;;9908.0;0.0
yf_MKC_d6;50800;INTARIAN_PEPPER_ROOT;10681;17;10679;23;;;10687;12;10689;21;;;10684.0;0.0
yf_MKC_d6;50900;ASH_COATED_OSMIUM;9905;12;9902;23;;;9911;11;9915;21;;;9908.0;0.0
yf_MKC_d6;50900;INTARIAN_PEPPER_ROOT;10681;11;10678;20;;;10689;5;10691;21;;;10685.0;0.0
yf_MKC_d6;51000;ASH_COATED_OSMIUM;9905;16;9903;19;;;9911;16;9913;23;;;9908.0;0.0
yf_MKC_d6;51000;INTARIAN_PEPPER_ROOT;10680;16;10677;20;;;10691;10;10693;20;;;10685.5;0.0
yf_MKC_d6;51100;ASH_COATED_OSMIUM;9903;13;9900;15;;;9912;10;9916;19;;;9907.5;0.0
yf_MKC_d6;51100;INTARIAN_PEPPER_ROOT;10682;7;10680;13;;;10688;15;10690;15;;;10685.0;0.0
yf_MKC_d6;51200;ASH_COATED_OSMIUM;9902;10;9900;16;;;9915;14;9917;18;;;9908.5;0.0
yf_MKC_d6;51200;INTARIAN_PEPPER_ROOT;10682;17;10679;24;;;10690;20;10693;23;;;10686.0;0.0
yf_MKC_d6;51300;ASH_COATED_OSMIUM;9905;9;9903;11;;;9911;10;9915;15;;;9908.0;0.0
yf_MKC_d6;51300;INTARIAN_PEPPER_ROOT;10682;16;10679;29;;;10688;13;10692;20;;;10685.0;0.0
yf_MKC_d6;51400;ASH_COATED_OSMIUM;9903;25;9901;17;;;9912;16;9915;23;;;9907.5;0.0
yf_MKC_d6;51400;INTARIAN_PEPPER_ROOT;10683;17;10681;8;;;10689;5;10691;16;;;10686.0;0.0
yf_MKC_d6;51500;ASH_COATED_OSMIUM;9902;12;9899;16;;;9913;27;9917;14;;;9907.5;0.0
yf_MKC_d6;51500;INTARIAN_PEPPER_ROOT;10677;5;10674;10;;;10696;16;10699;17;;;10686.5;0.0
yf_MKC_d6;51600;ASH_COATED_OSMIUM;9904;5;9900;25;;;9913;16;9915;23;;;9908.5;0.0
yf_MKC_d6;51600;INTARIAN_PEPPER_ROOT;10682;10;10679;17;;;10692;18;10694;17;;;10687.0;0.0
yf_MKC_d6;51700;ASH_COATED_OSMIUM;9904;11;9902;24;;;9912;13;9914;23;;;9908.0;0.0
yf_MKC_d6;51700;INTARIAN_PEPPER_ROOT;10684;18;10682;17;;;10690;11;10694;30;;;10687.0;0.0
yf_MKC_d6;51800;ASH_COATED_OSMIUM;9904;18;9901;15;;;9912;10;9915;24;;;9908.0;0.0
yf_MKC_d6;51800;INTARIAN_PEPPER_ROOT;10684;12;10682;17;;;10690;15;10693;17;;;10687.0;0.0
yf_MKC_d6;51900;ASH_COATED_OSMIUM;9898;23;9895;27;;;9918;20;9922;16;;;9908.0;0.0
yf_MKC_d6;51900;INTARIAN_PEPPER_ROOT;10685;7;10683;22;;;10691;14;10694;21;;;10688.0;0.0
yf_MKC_d6;52000;ASH_COATED_OSMIUM;9895;12;9891;20;;;9920;19;9922;21;;;9907.5;0.0
yf_MKC_d6;52000;INTARIAN_PEPPER_ROOT;10685;13;10683;18;;;10691;12;10693;17;;;10688.0;0.0
yf_MKC_d6;52100;ASH_COATED_OSMIUM;9905;11;9901;20;;;9911;20;9913;9;;;9908.0;0.0
yf_MKC_d6;52100;INTARIAN_PEPPER_ROOT;10677;16;10674;20;;;10699;13;10701;14;;;10688.0;0.0
yf_MKC_d6;52200;ASH_COATED_OSMIUM;9905;16;9901;17;;;9911;17;9914;22;;;9908.0;0.0
yf_MKC_d6;52200;INTARIAN_PEPPER_ROOT;10681;6;10677;15;;;10696;13;10699;23;;;10688.5;0.0
yf_MKC_d6;52300;ASH_COATED_OSMIUM;9900;23;9897;12;;;9917;9;9920;18;;;9908.5;0.0
yf_MKC_d6;52300;INTARIAN_PEPPER_ROOT;10686;8;10684;24;;;10692;15;10694;16;;;10689.0;0.0
yf_MKC_d6;52400;ASH_COATED_OSMIUM;9898;14;9894;21;;;9918;14;9920;16;;;9908.0;0.0
yf_MKC_d6;52400;INTARIAN_PEPPER_ROOT;10685;14;10681;16;;;10691;15;10695;26;;;10688.0;0.0
yf_MKC_d6;52500;ASH_COATED_OSMIUM;9905;18;9901;29;;;9911;10;9913;17;;;9908.0;0.0
yf_MKC_d6;52500;INTARIAN_PEPPER_ROOT;10686;26;10684;31;;;10692;5;10696;20;;;10689.0;0.0
yf_MKC_d6;52600;ASH_COATED_OSMIUM;9905;23;9903;19;;;9911;19;9913;21;;;9908.0;0.0
yf_MKC_d6;52600;INTARIAN_PEPPER_ROOT;10686;7;10682;23;;;10692;11;10695;26;;;10689.0;0.0
yf_MKC_d6;52700;ASH_COATED_OSMIUM;9906;12;9904;16;;;9912;11;9916;17;;;9909.0;0.0
yf_MKC_d6;52700;INTARIAN_PEPPER_ROOT;10686;15;10683;18;;;10693;18;10696;18;;;10689.5;0.0
yf_MKC_d6;52800;ASH_COATED_OSMIUM;9905;15;9902;14;;;9911;17;9915;9;;;9908.0;0.0
yf_MKC_d6;52800;INTARIAN_PEPPER_ROOT;10687;7;10683;14;;;10693;13;10697;19;;;10690.0;0.0
yf_MKC_d6;52900;ASH_COATED_OSMIUM;9900;19;9898;13;;;9916;15;9919;15;;;9908.0;0.0
yf_MKC_d6;52900;INTARIAN_PEPPER_ROOT;10686;12;10684;18;;;10695;13;10698;27;;;10690.5;0.0
yf_MKC_d6;53000;ASH_COATED_OSMIUM;9903;14;9901;33;;;9913;15;9916;22;;;9908.0;0.0
yf_MKC_d6;53000;INTARIAN_PEPPER_ROOT;10687;9;10683;15;;;10693;11;10696;17;;;10690.0;0.0
yf_MKC_d6;53100;ASH_COATED_OSMIUM;9902;17;9900;22;;;9914;24;9916;15;;;9908.0;0.0
yf_MKC_d6;53100;INTARIAN_PEPPER_ROOT;10687;10;10685;15;;;10693;14;10696;18;;;10690.0;0.0
yf_MKC_d6;53200;ASH_COATED_OSMIUM;9903;15;9900;17;;;9914;11;9916;25;;;9908.5;0.0
yf_MKC_d6;53200;INTARIAN_PEPPER_ROOT;10688;7;10686;16;;;10694;10;10697;29;;;10691.0;0.0
yf_MKC_d6;53300;ASH_COATED_OSMIUM;9905;20;9901;24;;;9912;12;9916;14;;;9908.5;0.0
yf_MKC_d6;53300;INTARIAN_PEPPER_ROOT;10688;11;10684;24;;;10694;12;10697;11;;;10691.0;0.0
yf_MKC_d6;53400;ASH_COATED_OSMIUM;9894;7;9890;16;;;9922;15;9926;19;;;9908.0;0.0
yf_MKC_d6;53400;INTARIAN_PEPPER_ROOT;10689;13;10687;22;;;10695;17;10699;16;;;10692.0;0.0
yf_MKC_d6;53500;ASH_COATED_OSMIUM;9905;5;9902;14;;;9911;10;9913;15;;;9908.0;0.0
yf_MKC_d6;53500;INTARIAN_PEPPER_ROOT;10688;21;10684;18;;;10695;18;10697;31;;;10691.5;0.0
yf_MKC_d6;53600;ASH_COATED_OSMIUM;9905;23;9902;15;;;9911;19;9914;22;;;9908.0;0.0
yf_MKC_d6;53600;INTARIAN_PEPPER_ROOT;10689;25;10686;14;;;10695;18;10698;20;;;10692.0;0.0
yf_MKC_d6;53700;ASH_COATED_OSMIUM;9905;12;9901;15;;;9911;21;9913;16;;;9908.0;0.0
yf_MKC_d6;53700;INTARIAN_PEPPER_ROOT;10689;13;10687;14;;;10695;12;10698;21;;;10692.0;0.0
yf_MKC_d6;53800;ASH_COATED_OSMIUM;9905;17;9903;13;;;9911;24;9915;21;;;9908.0;0.0
yf_MKC_d6;53800;INTARIAN_PEPPER_ROOT;10682;17;10680;21;;;10702;14;10705;17;;;10692.0;0.0
yf_MKC_d6;53900;ASH_COATED_OSMIUM;9906;14;9902;17;;;9912;16;9916;19;;;9909.0;0.0
yf_MKC_d6;53900;INTARIAN_PEPPER_ROOT;10687;18;10683;8;;;10697;9;10701;12;;;10692.0;0.0
yf_MKC_d6;54000;ASH_COATED_OSMIUM;9905;5;9902;21;;;9911;11;9913;17;;;9908.0;0.0
yf_MKC_d6;54000;INTARIAN_PEPPER_ROOT;10689;7;10686;23;;;10697;16;10700;17;;;10693.0;0.0
yf_MKC_d6;54100;ASH_COATED_OSMIUM;9904;18;9900;28;;;9914;7;9918;19;;;9909.0;0.0
yf_MKC_d6;54100;INTARIAN_PEPPER_ROOT;10688;9;10684;20;;;10697;5;10701;14;;;10692.5;0.0
yf_MKC_d6;54200;ASH_COATED_OSMIUM;9906;19;9904;18;;;9912;27;9916;24;;;9909.0;0.0
yf_MKC_d6;54200;INTARIAN_PEPPER_ROOT;10691;17;10687;20;;;10697;25;10699;25;;;10694.0;0.0
yf_MKC_d6;54300;ASH_COATED_OSMIUM;9905;21;9902;21;;;9911;28;9913;24;;;9908.0;0.0
yf_MKC_d6;54300;INTARIAN_PEPPER_ROOT;10691;10;10687;14;;;10697;6;10699;15;;;10694.0;0.0
yf_MKC_d6;54400;ASH_COATED_OSMIUM;9905;12;9901;13;;;9911;13;9914;23;;;9908.0;0.0
yf_MKC_d6;54400;INTARIAN_PEPPER_ROOT;10691;11;10689;29;;;10697;19;10701;17;;;10694.0;0.0
yf_MKC_d6;54500;ASH_COATED_OSMIUM;9904;22;9902;20;;;9913;11;9917;21;;;9908.5;0.0
yf_MKC_d6;54500;INTARIAN_PEPPER_ROOT;10691;9;10688;20;;;10697;12;10700;19;;;10694.0;0.0
yf_MKC_d6;54600;ASH_COATED_OSMIUM;9905;9;9901;21;;;9911;8;9913;25;;;9908.0;0.0
yf_MKC_d6;54600;INTARIAN_PEPPER_ROOT;10692;18;10690;17;;;10698;15;10701;26;;;10695.0;0.0
yf_MKC_d6;54700;ASH_COATED_OSMIUM;9905;16;9902;26;;;9911;5;9914;8;;;9908.0;0.0
yf_MKC_d6;54700;INTARIAN_PEPPER_ROOT;10692;20;10688;21;;;10698;13;10701;23;;;10695.0;0.0
yf_MKC_d6;54800;ASH_COATED_OSMIUM;9905;17;9903;15;;;9911;15;9914;20;;;9908.0;0.0
yf_MKC_d6;54800;INTARIAN_PEPPER_ROOT;10692;8;10689;19;;;10698;19;10700;22;;;10695.0;0.0
yf_MKC_d6;54900;ASH_COATED_OSMIUM;9904;15;9902;21;;;9913;18;9917;26;;;9908.5;0.0
yf_MKC_d6;54900;INTARIAN_PEPPER_ROOT;10692;6;10689;24;;;10698;14;10702;25;;;10695.0;0.0
yf_MKC_d6;55000;ASH_COATED_OSMIUM;9906;18;9903;20;;;9913;12;9916;22;;;9909.5;0.0
yf_MKC_d6;55000;INTARIAN_PEPPER_ROOT;10690;15;10688;27;;;10702;17;10705;17;;;10696.0;0.0
yf_MKC_d6;55100;ASH_COATED_OSMIUM;9905;11;9902;14;;;9912;14;9916;18;;;9908.5;0.0
yf_MKC_d6;55100;INTARIAN_PEPPER_ROOT;10693;14;10689;22;;;10699;21;10703;19;;;10696.0;0.0
yf_MKC_d6;55200;ASH_COATED_OSMIUM;9906;7;9902;23;;;9912;28;9915;22;;;9909.0;0.0
yf_MKC_d6;55200;INTARIAN_PEPPER_ROOT;10689;19;10686;19;;;10704;16;10706;21;;;10696.5;0.0
yf_MKC_d6;55300;ASH_COATED_OSMIUM;9905;21;9902;18;;;9911;16;9915;13;;;9908.0;0.0
yf_MKC_d6;55300;INTARIAN_PEPPER_ROOT;10694;12;10691;23;;;10700;15;10703;24;;;10697.0;0.0
yf_MKC_d6;55400;ASH_COATED_OSMIUM;9906;15;9902;14;;;9912;17;9916;25;;;9909.0;0.0
yf_MKC_d6;55400;INTARIAN_PEPPER_ROOT;10693;14;10689;20;;;10699;5;10702;23;;;10696.0;0.0
yf_MKC_d6;55500;ASH_COATED_OSMIUM;9906;8;9902;23;;;9912;24;9915;21;;;9909.0;0.0
yf_MKC_d6;55500;INTARIAN_PEPPER_ROOT;10694;13;10691;26;;;10700;12;10704;22;;;10697.0;0.0
yf_MKC_d6;55600;ASH_COATED_OSMIUM;9906;15;9904;16;;;9912;26;9915;27;;;9909.0;0.0
yf_MKC_d6;55600;INTARIAN_PEPPER_ROOT;10694;21;10691;10;;;10700;18;10702;18;;;10697.0;0.0
yf_MKC_d6;55700;ASH_COATED_OSMIUM;9906;14;9903;17;;;9912;9;9916;19;;;9909.0;0.0
yf_MKC_d6;55700;INTARIAN_PEPPER_ROOT;10694;23;10690;17;;;10700;12;10703;20;;;10697.0;0.0
yf_MKC_d6;55800;ASH_COATED_OSMIUM;9905;16;9902;11;;;9911;15;9915;18;;;9908.0;0.0
yf_MKC_d6;55800;INTARIAN_PEPPER_ROOT;10693;12;10689;20;;;10704;8;10707;20;;;10698.5;0.0
yf_MKC_d6;55900;ASH_COATED_OSMIUM;9906;15;9904;11;;;9912;17;9916;9;;;9909.0;0.0
yf_MKC_d6;55900;INTARIAN_PEPPER_ROOT;10695;16;10692;17;;;10701;15;10704;19;;;10698.0;0.0
yf_MKC_d6;56000;ASH_COATED_OSMIUM;9906;15;9904;17;;;9912;13;9916;29;;;9909.0;0.0
yf_MKC_d6;56000;INTARIAN_PEPPER_ROOT;10695;16;10692;22;;;10701;22;10703;15;;;10698.0;0.0
yf_MKC_d6;56100;ASH_COATED_OSMIUM;9902;19;9899;8;;;9916;11;9920;23;;;9909.0;0.0
yf_MKC_d6;56100;INTARIAN_PEPPER_ROOT;10695;5;10691;14;;;10701;11;10704;18;;;10698.0;0.0
yf_MKC_d6;56200;ASH_COATED_OSMIUM;9906;14;9904;18;;;9912;14;9914;17;;;9909.0;0.0
yf_MKC_d6;56200;INTARIAN_PEPPER_ROOT;10693;18;10689;14;;;10703;14;10705;20;;;10698.0;0.0
yf_MKC_d6;56300;ASH_COATED_OSMIUM;9904;16;9902;24;;;9914;17;9918;14;;;9909.0;0.0
yf_MKC_d6;56300;INTARIAN_PEPPER_ROOT;10695;5;10692;28;;;10701;16;10704;21;;;10698.0;0.0
yf_MKC_d6;56400;ASH_COATED_OSMIUM;9906;10;9902;27;;;9912;12;9916;27;;;9909.0;0.0
yf_MKC_d6;56400;INTARIAN_PEPPER_ROOT;10682;13;10678;13;;;10717;18;10721;18;;;10699.5;0.0
yf_MKC_d6;56500;ASH_COATED_OSMIUM;9906;23;9903;25;;;9913;16;9917;21;;;9909.5;0.0
yf_MKC_d6;56500;INTARIAN_PEPPER_ROOT;10692;13;10688;19;;;10707;15;10709;17;;;10699.5;0.0
yf_MKC_d6;56600;ASH_COATED_OSMIUM;9906;18;9904;19;;;9912;21;9914;23;;;9909.0;0.0
yf_MKC_d6;56600;INTARIAN_PEPPER_ROOT;10688;14;10684;21;;;10711;16;10715;21;;;10699.5;0.0
yf_MKC_d6;56700;ASH_COATED_OSMIUM;9906;15;9902;15;;;9912;23;9916;27;;;9909.0;0.0
yf_MKC_d6;56700;INTARIAN_PEPPER_ROOT;10697;10;10693;22;;;10703;20;10705;25;;;10700.0;0.0
yf_MKC_d6;56800;ASH_COATED_OSMIUM;9901;16;9897;18;;;9917;14;9921;14;;;9909.0;0.0
yf_MKC_d6;56800;INTARIAN_PEPPER_ROOT;10697;19;10694;16;;;10703;12;10707;24;;;10700.0;0.0
yf_MKC_d6;56900;ASH_COATED_OSMIUM;9899;20;9897;24;;;9919;9;9922;19;;;9909.0;0.0
yf_MKC_d6;56900;INTARIAN_PEPPER_ROOT;10698;13;10694;14;;;10704;15;10706;19;;;10701.0;0.0
yf_MKC_d6;57000;ASH_COATED_OSMIUM;9894;15;9892;19;;;9923;15;9927;18;;;9908.5;0.0
yf_MKC_d6;57000;INTARIAN_PEPPER_ROOT;10695;12;10692;17;;;10706;9;10710;12;;;10700.5;0.0
yf_MKC_d6;57100;ASH_COATED_OSMIUM;9900;17;9897;18;;;9917;10;9919;21;;;9908.5;0.0
yf_MKC_d6;57100;INTARIAN_PEPPER_ROOT;10698;7;10696;11;;;10704;10;10708;12;;;10701.0;0.0
yf_MKC_d6;57200;ASH_COATED_OSMIUM;9906;7;9903;23;;;9912;16;9916;34;;;9909.0;0.0
yf_MKC_d6;57200;INTARIAN_PEPPER_ROOT;10698;11;10694;24;;;10704;14;10707;22;;;10701.0;0.0
yf_MKC_d6;57300;ASH_COATED_OSMIUM;9906;13;9903;13;;;9912;15;9915;10;;;9909.0;0.0
yf_MKC_d6;57300;INTARIAN_PEPPER_ROOT;10696;16;10692;17;;;10707;14;10710;21;;;10701.5;0.0
yf_MKC_d6;57400;ASH_COATED_OSMIUM;9906;5;9904;16;;;9912;20;9916;14;;;9909.0;0.0
yf_MKC_d6;57400;INTARIAN_PEPPER_ROOT;10699;6;10695;12;;;10705;17;10708;20;;;10702.0;0.0
yf_MKC_d6;57500;ASH_COATED_OSMIUM;9905;20;9901;20;;;9912;9;9916;18;;;9908.5;0.0
yf_MKC_d6;57500;INTARIAN_PEPPER_ROOT;10696;15;10693;18;;;10708;11;10711;17;;;10702.0;0.0
yf_MKC_d6;57600;ASH_COATED_OSMIUM;9906;12;9904;20;;;9912;13;9916;9;;;9909.0;0.0
yf_MKC_d6;57600;INTARIAN_PEPPER_ROOT;10696;18;10693;21;;;10709;12;10713;21;;;10702.5;0.0
yf_MKC_d6;57700;ASH_COATED_OSMIUM;9906;17;9902;15;;;9912;11;9916;23;;;9909.0;0.0
yf_MKC_d6;57700;INTARIAN_PEPPER_ROOT;10700;10;10698;18;;;10706;22;10708;10;;;10703.0;0.0
yf_MKC_d6;57800;ASH_COATED_OSMIUM;9907;20;9904;8;;;9913;5;9917;19;;;9910.0;0.0
yf_MKC_d6;57800;INTARIAN_PEPPER_ROOT;10700;12;10698;15;;;10706;14;10709;21;;;10703.0;0.0
yf_MKC_d6;57900;ASH_COATED_OSMIUM;9906;16;9903;22;;;9912;13;9916;20;;;9909.0;0.0
yf_MKC_d6;57900;INTARIAN_PEPPER_ROOT;10700;14;10696;13;;;10706;17;10709;23;;;10703.0;0.0
yf_MKC_d6;58000;ASH_COATED_OSMIUM;9907;8;9903;10;;;9913;18;9917;19;;;9910.0;0.0
yf_MKC_d6;58000;INTARIAN_PEPPER_ROOT;10698;18;10695;19;;;10710;12;10713;23;;;10704.0;0.0
yf_MKC_d6;58100;ASH_COATED_OSMIUM;9906;18;9902;15;;;9912;20;9916;23;;;9909.0;0.0
yf_MKC_d6;58100;INTARIAN_PEPPER_ROOT;10701;16;10698;20;;;10707;21;10711;21;;;10704.0;0.0
yf_MKC_d6;58200;ASH_COATED_OSMIUM;9902;20;9900;18;;;9918;11;9920;24;;;9910.0;0.0
yf_MKC_d6;58200;INTARIAN_PEPPER_ROOT;10701;8;10699;22;;;10707;26;10709;25;;;10704.0;0.0
yf_MKC_d6;58300;ASH_COATED_OSMIUM;9903;15;9901;15;;;9914;5;9918;18;;;9908.5;0.0
yf_MKC_d6;58300;INTARIAN_PEPPER_ROOT;10701;9;10697;21;;;10707;19;10709;28;;;10704.0;0.0
yf_MKC_d6;58400;ASH_COATED_OSMIUM;9906;6;9902;18;;;9912;28;9914;21;;;9909.0;0.0
yf_MKC_d6;58400;INTARIAN_PEPPER_ROOT;10701;14;10699;18;;;10707;9;10709;25;;;10704.0;0.0
yf_MKC_d6;58500;ASH_COATED_OSMIUM;9907;7;9904;15;;;9913;10;9917;26;;;9910.0;0.0
yf_MKC_d6;58500;INTARIAN_PEPPER_ROOT;10699;14;10697;18;;;10710;12;10714;20;;;10704.5;0.0
yf_MKC_d6;58600;ASH_COATED_OSMIUM;9905;20;9901;19;;;9913;18;9915;18;;;9909.0;0.0
yf_MKC_d6;58600;INTARIAN_PEPPER_ROOT;10702;19;10700;19;;;10708;18;10711;30;;;10705.0;0.0
yf_MKC_d6;58700;ASH_COATED_OSMIUM;9906;15;9904;20;;;9912;13;9915;22;;;9909.0;0.0
yf_MKC_d6;58700;INTARIAN_PEPPER_ROOT;10702;23;10699;11;;;10708;11;10711;21;;;10705.0;0.0
yf_MKC_d6;58800;ASH_COATED_OSMIUM;9904;11;9901;15;;;9915;12;9917;18;;;9909.5;0.0
yf_MKC_d6;58800;INTARIAN_PEPPER_ROOT;10703;14;10700;18;;;10709;13;10712;16;;;10706.0;0.0
yf_MKC_d6;58900;ASH_COATED_OSMIUM;9907;14;9904;28;;;9913;14;9916;18;;;9910.0;0.0
yf_MKC_d6;58900;INTARIAN_PEPPER_ROOT;10700;14;10696;15;;;10713;8;10716;12;;;10706.5;0.0
yf_MKC_d6;59000;ASH_COATED_OSMIUM;9906;17;9903;21;;;9912;14;9916;22;;;9909.0;0.0
