day;timestamp;product;bid_price_1;bid_volume_1;bid_price_2;bid_volume_2;bid_price_3;bid_volume_3;ask_price_1;ask_volume_1;ask_price_2;ask_volume_2;ask_price_3;ask_volume_3;mid_price;profit_and_loss
yf_ADM_d3;0;ASH_COATED_OSMIUM;9896;16;9892;22;;;9902;21;9905;16;;;9899.0;0.0
yf_ADM_d3;0;INTARIAN_PEPPER_ROOT;12463;14;12460;30;;;12476;17;12479;21;;;12469.5;0.0
yf_ADM_d3;100;ASH_COATED_OSMIUM;9897;18;9894;23;;;9903;23;9905;23;;;9900.0;0.0
yf_ADM_d3;100;INTARIAN_PEPPER_ROOT;12461;21;12457;29;;;12479;14;12482;22;;;12470.0;0.0
yf_ADM_d3;200;ASH_COATED_OSMIUM;9894;27;9892;19;;;9906;11;9910;18;;;9900.0;0.0
yf_ADM_d3;200;INTARIAN_PEPPER_ROOT;12467;18;12464;12;;;12473;18;12477;16;;;12470.0;0.0
yf_ADM_d3;300;ASH_COATED_OSMIUM;9897;13;9894;24;;;9903;5;9907;22;;;9900.0;0.0
yf_ADM_d3;300;INTARIAN_PEPPER_ROOT;12467;14;12464;26;;;12473;20;12476;19;;;12470.0;0.0
yf_ADM_d3;400;ASH_COATED_OSMIUM;9892;10;9890;19;;;9908;18;9910;13;;;9900.0;0.0
yf_ADM_d3;400;INTARIAN_PEPPER_ROOT;12464;12;12462;18;;;12477;19;12480;24;;;12470.5;0.0
yf_ADM_d3;500;ASH_COATED_OSMIUM;9898;13;9894;8;;;9904;17;9907;29;;;9901.0;0.0
yf_ADM_d3;500;INTARIAN_PEPPER_ROOT;12466;15;12462;22;;;12477;5;12480;18;;;12471.5;0.0
yf_ADM_d3;600;ASH_COATED_OSMIUM;9883;7;9879;20;;;9919;12;9923;9;;;9901.0;0.0
yf_ADM_d3;600;INTARIAN_PEPPER_ROOT;12468;18;12464;20;;;12474;16;12478;11;;;12471.0;0.0
yf_ADM_d3;700;ASH_COATED_OSMIUM;9897;11;9893;25;;;9906;13;9908;29;;;9901.5;0.0
yf_ADM_d3;700;INTARIAN_PEPPER_ROOT;12467;19;12464;8;;;12477;8;12479;20;;;12472.0;0.0
yf_ADM_d3;800;ASH_COATED_OSMIUM;9898;14;9895;26;;;9905;10;9908;20;;;9901.5;0.0
yf_ADM_d3;800;INTARIAN_PEPPER_ROOT;12469;8;12467;21;;;12475;16;12478;20;;;12472.0;0.0
yf_ADM_d3;900;ASH_COATED_OSMIUM;9896;5;9892;13;;;9908;14;9911;24;;;9902.0;0.0
yf_ADM_d3;900;INTARIAN_PEPPER_ROOT;12470;14;12467;24;;;12476;19;12479;13;;;12473.0;0.0
yf_ADM_d3;1000;ASH_COATED_OSMIUM;9899;7;9896;17;;;9905;19;9907;22;;;9902.0;0.0
yf_ADM_d3;1000;INTARIAN_PEPPER_ROOT;12470;8;12467;19;;;12476;11;12480;26;;;12473.0;0.0
yf_ADM_d3;1100;ASH_COATED_OSMIUM;9898;13;9896;23;;;9906;16;9910;20;;;9902.0;0.0
yf_ADM_d3;1100;INTARIAN_PEPPER_ROOT;12470;13;12468;13;;;12476;14;12478;20;;;12473.0;0.0
yf_ADM_d3;1200;ASH_COATED_OSMIUM;9899;10;9897;9;;;9905;15;9907;20;;;9902.0;0.0
yf_ADM_d3;1200;INTARIAN_PEPPER_ROOT;12471;19;12467;19;;;12477;14;12479;9;;;12474.0;0.0
yf_ADM_d3;1300;ASH_COATED_OSMIUM;9899;12;9895;11;;;9906;14;9908;13;;;9902.5;0.0
yf_ADM_d3;1300;INTARIAN_PEPPER_ROOT;12469;19;12467;19;;;12479;11;12483;19;;;12474.0;0.0
yf_ADM_d3;1400;ASH_COATED_OSMIUM;9900;16;9898;28;;;9906;6;9908;24;;;9903.0;0.0
yf_ADM_d3;1400;INTARIAN_PEPPER_ROOT;12471;10;12467;19;;;12477;22;12480;14;;;12474.0;0.0
yf_ADM_d3;1500;ASH_COATED_OSMIUM;9900;15;9898;23;;;9906;12;9909;20;;;9903.0;0.0
yf_ADM_d3;1500;INTARIAN_PEPPER_ROOT;12471;12;12468;25;;;12479;12;12483;11;;;12475.0;0.0
yf_ADM_d3;1600;ASH_COATED_OSMIUM;9900;17;9897;31;;;9906;10;9908;26;;;9903.0;0.0
yf_ADM_d3;1600;INTARIAN_PEPPER_ROOT;12472;19;12469;16;;;12478;6;12482;12;;;12475.0;0.0
yf_ADM_d3;1700;ASH_COATED_OSMIUM;9901;15;9898;19;;;9907;7;9910;20;;;9904.0;0.0
yf_ADM_d3;1700;INTARIAN_PEPPER_ROOT;12473;18;12469;14;;;12479;11;12483;9;;;12476.0;0.0
yf_ADM_d3;1800;ASH_COATED_OSMIUM;9898;18;9895;22;;;9910;10;9914;22;;;9904.0;0.0
yf_ADM_d3;1800;INTARIAN_PEPPER_ROOT;12473;9;12470;21;;;12479;7;12482;21;;;12476.0;0.0
yf_ADM_d3;1900;ASH_COATED_OSMIUM;9900;25;9898;18;;;9908;29;9912;25;;;9904.0;0.0
yf_ADM_d3;1900;INTARIAN_PEPPER_ROOT;12474;7;12471;9;;;12480;12;12484;21;;;12477.0;0.0
yf_ADM_d3;2000;ASH_COATED_OSMIUM;9898;14;9896;26;;;9912;11;9915;22;;;9905.0;0.0
yf_ADM_d3;2000;INTARIAN_PEPPER_ROOT;12474;12;12472;27;;;12480;16;12482;18;;;12477.0;0.0
yf_ADM_d3;2100;ASH_COATED_OSMIUM;9902;10;9900;17;;;9908;12;9911;18;;;9905.0;0.0
yf_ADM_d3;2100;INTARIAN_PEPPER_ROOT;12474;18;12472;15;;;12481;11;12483;21;;;12477.5;0.0
yf_ADM_d3;2200;ASH_COATED_OSMIUM;9899;13;9897;16;;;9910;12;9912;21;;;9904.5;0.0
yf_ADM_d3;2200;INTARIAN_PEPPER_ROOT;12475;10;12472;17;;;12481;15;12483;11;;;12478.0;0.0
yf_ADM_d3;2300;ASH_COATED_OSMIUM;9900;5;9896;25;;;9910;7;9912;20;;;9905.0;0.0
yf_ADM_d3;2300;INTARIAN_PEPPER_ROOT;12475;8;12473;11;;;12481;11;12484;22;;;12478.0;0.0
yf_ADM_d3;2400;ASH_COATED_OSMIUM;9902;9;9898;28;;;9908;16;9912;19;;;9905.0;0.0
yf_ADM_d3;2400;INTARIAN_PEPPER_ROOT;12476;21;12473;20;;;12482;24;12486;23;;;12479.0;0.0
yf_ADM_d3;2500;ASH_COATED_OSMIUM;9893;19;9889;13;;;9918;15;9922;8;;;9905.5;0.0
yf_ADM_d3;2500;INTARIAN_PEPPER_ROOT;12476;12;12474;16;;;12482;14;12486;17;;;12479.0;0.0
yf_ADM_d3;2600;ASH_COATED_OSMIUM;9903;19;9900;23;;;9909;16;9912;19;;;9906.0;0.0
yf_ADM_d3;2600;INTARIAN_PEPPER_ROOT;12477;20;12475;21;;;12483;5;12485;18;;;12480.0;0.0
yf_ADM_d3;2700;ASH_COATED_OSMIUM;9903;12;9899;17;;;9909;8;9913;20;;;9906.0;0.0
yf_ADM_d3;2700;INTARIAN_PEPPER_ROOT;12473;22;12470;18;;;12486;14;12489;14;;;12479.5;0.0
yf_ADM_d3;2800;ASH_COATED_OSMIUM;9901;19;9899;17;;;9911;5;9914;19;;;9906.0;0.0
yf_ADM_d3;2800;INTARIAN_PEPPER_ROOT;12477;15;12474;11;;;12483;16;12486;24;;;12480.0;0.0
yf_ADM_d3;2900;ASH_COATED_OSMIUM;9903;18;9901;25;;;9909;9;9912;13;;;9906.0;0.0
yf_ADM_d3;2900;INTARIAN_PEPPER_ROOT;12473;17;12471;18;;;12488;16;12490;23;;;12480.5;0.0
yf_ADM_d3;3000;ASH_COATED_OSMIUM;9904;18;9901;22;;;9910;16;9914;19;;;9907.0;0.0
yf_ADM_d3;3000;INTARIAN_PEPPER_ROOT;12477;10;12475;18;;;12484;14;12486;25;;;12480.5;0.0
yf_ADM_d3;3100;ASH_COATED_OSMIUM;9904;13;9901;17;;;9910;11;9914;24;;;9907.0;0.0
yf_ADM_d3;3100;INTARIAN_PEPPER_ROOT;12478;19;12474;26;;;12484;7;12487;18;;;12481.0;0.0
yf_ADM_d3;3200;ASH_COATED_OSMIUM;9904;18;9902;20;;;9910;16;9914;16;;;9907.0;0.0
yf_ADM_d3;3200;INTARIAN_PEPPER_ROOT;12473;10;12471;18;;;12488;16;12490;13;;;12480.5;0.0
yf_ADM_d3;3300;ASH_COATED_OSMIUM;9905;16;9901;21;;;9911;13;9915;26;;;9908.0;0.0
yf_ADM_d3;3300;INTARIAN_PEPPER_ROOT;12479;12;12477;24;;;12485;13;12488;12;;;12482.0;0.0
yf_ADM_d3;3400;ASH_COATED_OSMIUM;9904;21;9901;8;;;9910;12;9913;8;;;9907.0;0.0
yf_ADM_d3;3400;INTARIAN_PEPPER_ROOT;12475;17;12473;19;;;12490;12;12494;21;;;12482.5;0.0
yf_ADM_d3;3500;ASH_COATED_OSMIUM;9904;24;9902;22;;;9910;14;9912;23;;;9907.0;0.0
yf_ADM_d3;3500;INTARIAN_PEPPER_ROOT;12478;10;12474;23;;;12487;17;12489;26;;;12482.5;0.0
yf_ADM_d3;3600;ASH_COATED_OSMIUM;9905;21;9901;21;;;9911;19;9914;23;;;9908.0;0.0
yf_ADM_d3;3600;INTARIAN_PEPPER_ROOT;12480;11;12476;19;;;12486;5;12489;17;;;12483.0;0.0
yf_ADM_d3;3700;ASH_COATED_OSMIUM;9903;22;9900;21;;;9914;5;9918;27;;;9908.5;0.0
yf_ADM_d3;3700;INTARIAN_PEPPER_ROOT;12481;8;12477;22;;;12487;5;12489;20;;;12484.0;0.0
yf_ADM_d3;3800;ASH_COATED_OSMIUM;9905;15;9901;20;;;9911;14;9913;22;;;9908.0;0.0
yf_ADM_d3;3800;INTARIAN_PEPPER_ROOT;12476;24;12473;24;;;12491;15;12493;24;;;12483.5;0.0
yf_ADM_d3;3900;ASH_COATED_OSMIUM;9893;18;9891;23;;;9925;22;9927;22;;;9909.0;0.0
yf_ADM_d3;3900;INTARIAN_PEPPER_ROOT;12481;12;12478;22;;;12487;10;12489;20;;;12484.0;0.0
yf_ADM_d3;4000;ASH_COATED_OSMIUM;9904;14;9900;27;;;9915;15;9918;20;;;9909.5;0.0
yf_ADM_d3;4000;INTARIAN_PEPPER_ROOT;12480;22;12478;25;;;12489;22;12491;12;;;12484.5;0.0
yf_ADM_d3;4100;ASH_COATED_OSMIUM;9907;17;9905;18;;;9913;7;9917;18;;;9910.0;0.0
yf_ADM_d3;4100;INTARIAN_PEPPER_ROOT;12476;16;12474;23;;;12494;11;12496;19;;;12485.0;0.0
yf_ADM_d3;4200;ASH_COATED_OSMIUM;9905;13;9901;11;;;9913;5;9915;16;;;9909.0;0.0
yf_ADM_d3;4200;INTARIAN_PEPPER_ROOT;12482;15;12478;8;;;12488;15;12490;11;;;12485.0;0.0
yf_ADM_d3;4300;ASH_COATED_OSMIUM;9906;13;9904;21;;;9913;22;9917;24;;;9909.5;0.0
yf_ADM_d3;4300;INTARIAN_PEPPER_ROOT;12483;16;12480;16;;;12489;14;12493;14;;;12486.0;0.0
yf_ADM_d3;4400;ASH_COATED_OSMIUM;9903;5;9900;27;;;9917;9;9919;16;;;9910.0;0.0
yf_ADM_d3;4400;INTARIAN_PEPPER_ROOT;12484;10;12482;16;;;12490;10;12493;33;;;12487.0;0.0
yf_ADM_d3;4500;ASH_COATED_OSMIUM;9907;17;9905;16;;;9913;9;9917;18;;;9910.0;0.0
yf_ADM_d3;4500;INTARIAN_PEPPER_ROOT;12483;12;12481;18;;;12489;22;12492;20;;;12486.0;0.0
yf_ADM_d3;4600;ASH_COATED_OSMIUM;9908;22;9905;17;;;9914;9;9916;21;;;9911.0;0.0
yf_ADM_d3;4600;INTARIAN_PEPPER_ROOT;12484;21;12481;16;;;12490;5;12493;22;;;12487.0;0.0
yf_ADM_d3;4700;ASH_COATED_OSMIUM;9908;20;9905;25;;;9914;18;9916;17;;;9911.0;0.0
yf_ADM_d3;4700;INTARIAN_PEPPER_ROOT;12482;19;12479;21;;;12491;15;12494;8;;;12486.5;0.0
yf_ADM_d3;4800;ASH_COATED_OSMIUM;9900;7;9896;17;;;9923;10;9927;31;;;9911.5;0.0
yf_ADM_d3;4800;INTARIAN_PEPPER_ROOT;12485;15;12482;22;;;12491;16;12495;26;;;12488.0;0.0
yf_ADM_d3;4900;ASH_COATED_OSMIUM;9908;12;9905;25;;;9915;17;9919;27;;;9911.5;0.0
yf_ADM_d3;4900;INTARIAN_PEPPER_ROOT;12485;17;12482;22;;;12491;9;12495;8;;;12488.0;0.0
yf_ADM_d3;5000;ASH_COATED_OSMIUM;9908;19;9904;15;;;9914;5;9916;24;;;9911.0;0.0
yf_ADM_d3;5000;INTARIAN_PEPPER_ROOT;12484;15;12481;17;;;12492;5;12494;18;;;12488.0;0.0
yf_ADM_d3;5100;ASH_COATED_OSMIUM;9906;14;9904;16;;;9916;11;9918;25;;;9911.0;0.0
yf_ADM_d3;5100;INTARIAN_PEPPER_ROOT;12486;14;12484;13;;;12492;11;12495;14;;;12489.0;0.0
yf_ADM_d3;5200;ASH_COATED_OSMIUM;9909;5;9905;21;;;9915;12;9919;26;;;9912.0;0.0
yf_ADM_d3;5200;INTARIAN_PEPPER_ROOT;12486;6;12484;18;;;12492;13;12495;22;;;12489.0;0.0
yf_ADM_d3;5300;ASH_COATED_OSMIUM;9909;12;9907;15;;;9915;23;9919;19;;;9912.0;0.0
yf_ADM_d3;5300;INTARIAN_PEPPER_ROOT;12487;9;12484;29;;;12493;15;12495;28;;;12490.0;0.0
yf_ADM_d3;5400;ASH_COATED_OSMIUM;9909;18;9905;26;;;9915;24;9918;18;;;9912.0;0.0
yf_ADM_d3;5400;INTARIAN_PEPPER_ROOT;12488;19;12484;20;;;12494;11;12496;31;;;12491.0;0.0
yf_ADM_d3;5500;ASH_COATED_OSMIUM;9910;14;9908;14;;;9916;20;9919;19;;;9913.0;0.0
yf_ADM_d3;5500;INTARIAN_PEPPER_ROOT;12488;16;12485;26;;;12494;22;12498;28;;;12491.0;0.0
yf_ADM_d3;5600;ASH_COATED_OSMIUM;9910;17;9906;22;;;9916;19;9920;16;;;9913.0;0.0
yf_ADM_d3;5600;INTARIAN_PEPPER_ROOT;12483;5;12481;21;;;12499;17;12501;26;;;12491.0;0.0
yf_ADM_d3;5700;ASH_COATED_OSMIUM;9910;8;9908;17;;;9916;20;9920;25;;;9913.0;0.0
yf_ADM_d3;5700;INTARIAN_PEPPER_ROOT;12488;16;12484;11;;;12494;14;12496;20;;;12491.0;0.0
yf_ADM_d3;5800;ASH_COATED_OSMIUM;9910;25;9908;20;;;9916;18;9919;21;;;9913.0;0.0
yf_ADM_d3;5800;INTARIAN_PEPPER_ROOT;12486;5;12482;13;;;12497;19;12500;24;;;12491.5;0.0
yf_ADM_d3;5900;ASH_COATED_OSMIUM;9910;7;9908;23;;;9916;10;9920;34;;;9913.0;0.0
yf_ADM_d3;5900;INTARIAN_PEPPER_ROOT;12489;15;12486;25;;;12495;13;12497;19;;;12492.0;0.0
yf_ADM_d3;6000;ASH_COATED_OSMIUM;9911;24;9909;19;;;9917;24;9919;15;;;9914.0;0.0
yf_ADM_d3;6000;INTARIAN_PEPPER_ROOT;12490;16;12486;14;;;12496;14;12498;14;;;12493.0;0.0
yf_ADM_d3;6100;ASH_COATED_OSMIUM;9909;14;9906;19;;;9919;13;9922;17;;;9914.0;0.0
yf_ADM_d3;6100;INTARIAN_PEPPER_ROOT;12484;21;12481;19;;;12502;17;12506;20;;;12493.0;0.0
yf_ADM_d3;6200;ASH_COATED_OSMIUM;9895;18;9892;18;;;9934;12;9938;22;;;9914.5;0.0
yf_ADM_d3;6200;INTARIAN_PEPPER_ROOT;12483;11;12481;11;;;12502;10;12505;29;;;12492.5;0.0
yf_ADM_d3;6300;ASH_COATED_OSMIUM;9911;7;9907;26;;;9917;11;9919;14;;;9914.0;0.0
yf_ADM_d3;6300;INTARIAN_PEPPER_ROOT;12484;15;12480;22;;;12501;17;12503;20;;;12492.5;0.0
yf_ADM_d3;6400;ASH_COATED_OSMIUM;9901;16;9899;15;;;9928;5;9932;17;;;9914.5;0.0
yf_ADM_d3;6400;INTARIAN_PEPPER_ROOT;12491;25;12489;26;;;12497;15;12499;18;;;12494.0;0.0
yf_ADM_d3;6500;ASH_COATED_OSMIUM;9912;13;9908;19;;;9918;10;9922;12;;;9915.0;0.0
yf_ADM_d3;6500;INTARIAN_PEPPER_ROOT;12489;17;12485;22;;;12501;9;12503;15;;;12495.0;0.0
yf_ADM_d3;6600;ASH_COATED_OSMIUM;9912;19;9909;16;;;9918;20;9920;18;;;9915.0;0.0
yf_ADM_d3;6600;INTARIAN_PEPPER_ROOT;12490;16;12488;22;;;12499;10;12501;27;;;12494.5;0.0
yf_ADM_d3;6700;ASH_COATED_OSMIUM;9909;11;9905;20;;;9922;22;9924;20;;;9915.5;0.0
yf_ADM_d3;6700;INTARIAN_PEPPER_ROOT;12492;9;12489;15;;;12499;12;12501;24;;;12495.5;0.0
yf_ADM_d3;6800;ASH_COATED_OSMIUM;9913;21;9911;22;;;9919;8;9922;21;;;9916.0;0.0
yf_ADM_d3;6800;INTARIAN_PEPPER_ROOT;12492;14;12490;21;;;12499;20;12503;31;;;12495.5;0.0
yf_ADM_d3;6900;ASH_COATED_OSMIUM;9914;17;9911;20;;;9920;16;9922;23;;;9917.0;0.0
yf_ADM_d3;6900;INTARIAN_PEPPER_ROOT;12492;22;12490;20;;;12499;11;12501;16;;;12495.5;0.0
yf_ADM_d3;7000;ASH_COATED_OSMIUM;9912;13;9909;22;;;9919;20;9921;22;;;9915.5;0.0
yf_ADM_d3;7000;INTARIAN_PEPPER_ROOT;12493;24;12491;17;;;12499;14;12503;18;;;12496.0;0.0
yf_ADM_d3;7100;ASH_COATED_OSMIUM;9911;13;9908;13;;;9922;17;9924;22;;;9916.5;0.0
yf_ADM_d3;7100;INTARIAN_PEPPER_ROOT;12494;15;12492;13;;;12500;11;12503;16;;;12497.0;0.0
yf_ADM_d3;7200;ASH_COATED_OSMIUM;9907;15;9905;16;;;9926;18;9930;22;;;9916.5;0.0
yf_ADM_d3;7200;INTARIAN_PEPPER_ROOT;12494;18;12492;22;;;12500;20;12502;17;;;12497.0;0.0
yf_ADM_d3;7300;ASH_COATED_OSMIUM;9914;13;9911;20;;;9920;17;9924;13;;;9917.0;0.0
yf_ADM_d3;7300;INTARIAN_PEPPER_ROOT;12493;10;12490;23;;;12502;22;12505;21;;;12497.5;0.0
yf_ADM_d3;7400;ASH_COATED_OSMIUM;9914;15;9911;18;;;9920;16;9923;22;;;9917.0;0.0
yf_ADM_d3;7400;INTARIAN_PEPPER_ROOT;12495;10;12493;21;;;12501;16;12505;17;;;12498.0;0.0
yf_ADM_d3;7500;ASH_COATED_OSMIUM;9911;18;9907;24;;;9925;15;9929;18;;;9918.0;0.0
yf_ADM_d3;7500;INTARIAN_PEPPER_ROOT;12495;20;12491;14;;;12501;21;12503;15;;;12498.0;0.0
yf_ADM_d3;7600;ASH_COATED_OSMIUM;9911;11;9908;22;;;9924;18;9928;25;;;9917.5;0.0
yf_ADM_d3;7600;INTARIAN_PEPPER_ROOT;12496;18;12492;15;;;12502;20;12505;18;;;12499.0;0.0
yf_ADM_d3;7700;ASH_COATED_OSMIUM;9915;14;9913;22;;;9921;8;9925;17;;;9918.0;0.0
yf_ADM_d3;7700;INTARIAN_PEPPER_ROOT;12493;12;12491;24;;;12504;12;12507;19;;;12498.5;0.0
yf_ADM_d3;7800;ASH_COATED_OSMIUM;9915;5;9911;20;;;9921;11;9925;19;;;9918.0;0.0
yf_ADM_d3;7800;INTARIAN_PEPPER_ROOT;12496;22;12494;20;;;12502;11;12504;19;;;12499.0;0.0
yf_ADM_d3;7900;ASH_COATED_OSMIUM;9914;21;9910;8;;;9923;17;9925;24;;;9918.5;0.0
yf_ADM_d3;7900;INTARIAN_PEPPER_ROOT;12497;14;12495;24;;;12503;19;12507;21;;;12500.0;0.0
yf_ADM_d3;8000;ASH_COATED_OSMIUM;9916;10;9914;17;;;9922;8;9924;19;;;9919.0;0.0
yf_ADM_d3;8000;INTARIAN_PEPPER_ROOT;12497;15;12495;17;;;12503;5;12506;14;;;12500.0;0.0
yf_ADM_d3;8100;ASH_COATED_OSMIUM;9909;19;9907;25;;;9929;8;9931;16;;;9919.0;0.0
yf_ADM_d3;8100;INTARIAN_PEPPER_ROOT;12497;16;12494;23;;;12503;23;12506;16;;;12500.0;0.0
yf_ADM_d3;8200;ASH_COATED_OSMIUM;9915;18;9911;14;;;9921;20;9923;17;;;9918.0;0.0
yf_ADM_d3;8200;INTARIAN_PEPPER_ROOT;12491;17;12488;19;;;12510;14;12513;25;;;12500.5;0.0
yf_ADM_d3;8300;ASH_COATED_OSMIUM;9916;17;9912;16;;;9922;8;9924;18;;;9919.0;0.0
yf_ADM_d3;8300;INTARIAN_PEPPER_ROOT;12499;20;12497;11;;;12505;15;12508;20;;;12502.0;0.0
yf_ADM_d3;8400;ASH_COATED_OSMIUM;9917;9;9915;30;;;9923;13;9925;20;;;9920.0;0.0
yf_ADM_d3;8400;INTARIAN_PEPPER_ROOT;12493;16;12490;22;;;12509;19;12511;23;;;12501.0;0.0
yf_ADM_d3;8500;ASH_COATED_OSMIUM;9917;13;9914;9;;;9923;15;9925;21;;;9920.0;0.0
yf_ADM_d3;8500;INTARIAN_PEPPER_ROOT;12499;19;12495;14;;;12505;11;12508;23;;;12502.0;0.0
yf_ADM_d3;8600;ASH_COATED_OSMIUM;9917;8;9914;23;;;9923;12;9925;26;;;9920.0;0.0
yf_ADM_d3;8600;INTARIAN_PEPPER_ROOT;12499;19;12497;25;;;12505;10;12508;30;;;12502.0;0.0
yf_ADM_d3;8700;ASH_COATED_OSMIUM;9917;11;9914;24;;;9923;24;9925;18;;;9920.0;0.0
yf_ADM_d3;8700;INTARIAN_PEPPER_ROOT;12494;16;12491;16;;;12512;10;12515;13;;;12503.0;0.0
yf_ADM_d3;8800;ASH_COATED_OSMIUM;9918;19;9915;20;;;9924;14;9926;13;;;9921.0;0.0
yf_ADM_d3;8800;INTARIAN_PEPPER_ROOT;12500;16;12498;25;;;12506;12;12509;18;;;12503.0;0.0
yf_ADM_d3;8900;ASH_COATED_OSMIUM;9918;5;9916;20;;;9924;10;9926;25;;;9921.0;0.0
yf_ADM_d3;8900;INTARIAN_PEPPER_ROOT;12500;16;12496;21;;;12506;5;12508;21;;;12503.0;0.0
yf_ADM_d3;9000;ASH_COATED_OSMIUM;9918;16;9916;19;;;9924;14;9928;16;;;9921.0;0.0
yf_ADM_d3;9000;INTARIAN_PEPPER_ROOT;12501;18;12497;11;;;12507;11;12511;18;;;12504.0;0.0
yf_ADM_d3;9100;ASH_COATED_OSMIUM;9918;9;9915;20;;;9924;22;9926;27;;;9921.0;0.0
yf_ADM_d3;9100;INTARIAN_PEPPER_ROOT;12501;12;12498;17;;;12507;9;12511;12;;;12504.0;0.0
yf_ADM_d3;9200;ASH_COATED_OSMIUM;9918;10;9915;25;;;9924;10;9927;22;;;9921.0;0.0
yf_ADM_d3;9200;INTARIAN_PEPPER_ROOT;12501;11;12498;18;;;12507;19;12511;18;;;12504.0;0.0
yf_ADM_d3;9300;ASH_COATED_OSMIUM;9919;14;9915;22;;;9925;17;9928;21;;;9922.0;0.0
yf_ADM_d3;9300;INTARIAN_PEPPER_ROOT;12502;19;12498;9;;;12508;16;12512;17;;;12505.0;0.0
yf_ADM_d3;9400;ASH_COATED_OSMIUM;9917;20;9915;23;;;9927;17;9930;18;;;9922.0;0.0
yf_ADM_d3;9400;INTARIAN_PEPPER_ROOT;12501;28;12498;19;;;12510;22;12513;16;;;12505.5;0.0
yf_ADM_d3;9500;ASH_COATED_OSMIUM;9916;5;9914;23;;;9930;16;9934;19;;;9923.0;0.0
yf_ADM_d3;9500;INTARIAN_PEPPER_ROOT;12503;17;12501;22;;;12509;16;12512;21;;;12506.0;0.0
yf_ADM_d3;9600;ASH_COATED_OSMIUM;9914;17;9912;19;;;9931;20;9935;18;;;9922.5;0.0
yf_ADM_d3;9600;INTARIAN_PEPPER_ROOT;12504;30;12501;22;;;12510;15;12513;19;;;12507.0;0.0
yf_ADM_d3;9700;ASH_COATED_OSMIUM;9919;5;9915;15;;;9925;9;9928;16;;;9922.0;0.0
yf_ADM_d3;9700;INTARIAN_PEPPER_ROOT;12502;14;12498;19;;;12511;9;12515;21;;;12506.5;0.0
yf_ADM_d3;9800;ASH_COATED_OSMIUM;9920;16;9916;14;;;9926;17;9928;17;;;9923.0;0.0
yf_ADM_d3;9800;INTARIAN_PEPPER_ROOT;12501;20;12499;19;;;12513;7;12516;22;;;12507.0;0.0
yf_ADM_d3;9900;ASH_COATED_OSMIUM;9920;7;9916;15;;;9926;10;9930;19;;;9923.0;0.0
yf_ADM_d3;9900;INTARIAN_PEPPER_ROOT;12500;15;12497;23;;;12514;14;12517;10;;;12507.0;0.0
yf_ADM_d3;10000;ASH_COATED_OSMIUM;9920;19;9916;16;;;9927;14;9931;24;;;9923.5;0.0
yf_ADM_d3;10000;INTARIAN_PEPPER_ROOT;12505;16;12503;19;;;12511;15;12513;28;;;12508.0;0.0
yf_ADM_d3;10100;ASH_COATED_OSMIUM;9920;11;9918;22;;;9926;15;9929;19;;;9923.0;0.0
yf_ADM_d3;10100;INTARIAN_PEPPER_ROOT;12502;17;12500;22;;;12514;13;12516;20;;;12508.0;0.0
yf_ADM_d3;10200;ASH_COATED_OSMIUM;9921;11;9919;15;;;9927;18;9931;20;;;9924.0;0.0
yf_ADM_d3;10200;INTARIAN_PEPPER_ROOT;12505;13;12503;21;;;12511;15;12514;16;;;12508.0;0.0
yf_ADM_d3;10300;ASH_COATED_OSMIUM;9908;23;9906;23;;;9940;17;9942;9;;;9924.0;0.0
yf_ADM_d3;10300;INTARIAN_PEPPER_ROOT;12506;7;12502;11;;;12512;16;12515;20;;;12509.0;0.0
yf_ADM_d3;10400;ASH_COATED_OSMIUM;9921;16;9917;15;;;9927;22;9931;20;;;9924.0;0.0
yf_ADM_d3;10400;INTARIAN_PEPPER_ROOT;12505;15;12503;28;;;12513;14;12517;14;;;12509.0;0.0
yf_ADM_d3;10500;ASH_COATED_OSMIUM;9922;10;9918;15;;;9928;9;9932;26;;;9925.0;0.0
yf_ADM_d3;10500;INTARIAN_PEPPER_ROOT;12507;16;12504;20;;;12513;10;12515;13;;;12510.0;0.0
yf_ADM_d3;10600;ASH_COATED_OSMIUM;9922;9;9920;23;;;9928;17;9931;19;;;9925.0;0.0
yf_ADM_d3;10600;INTARIAN_PEPPER_ROOT;12507;18;12505;17;;;12513;6;12516;19;;;12510.0;0.0
yf_ADM_d3;10700;ASH_COATED_OSMIUM;9919;18;9917;18;;;9930;12;9933;18;;;9924.5;0.0
yf_ADM_d3;10700;INTARIAN_PEPPER_ROOT;12503;22;12501;23;;;12517;6;12521;15;;;12510.0;0.0
yf_ADM_d3;10800;ASH_COATED_OSMIUM;9922;13;9918;23;;;9928;15;9930;25;;;9925.0;0.0
yf_ADM_d3;10800;INTARIAN_PEPPER_ROOT;12508;14;12505;21;;;12514;9;12518;31;;;12511.0;0.0
yf_ADM_d3;10900;ASH_COATED_OSMIUM;9923;7;9921;23;;;9929;17;9931;28;;;9926.0;0.0
yf_ADM_d3;10900;INTARIAN_PEPPER_ROOT;12501;10;12499;15;;;12521;16;12524;24;;;12511.0;0.0
yf_ADM_d3;11000;ASH_COATED_OSMIUM;9920;16;9918;27;;;9931;11;9934;13;;;9925.5;0.0
yf_ADM_d3;11000;INTARIAN_PEPPER_ROOT;12509;17;12505;23;;;12515;20;12519;22;;;12512.0;0.0
yf_ADM_d3;11100;ASH_COATED_OSMIUM;9923;11;9921;21;;;9929;18;9933;14;;;9926.0;0.0
yf_ADM_d3;11100;INTARIAN_PEPPER_ROOT;12509;15;12506;14;;;12515;12;12518;26;;;12512.0;0.0
yf_ADM_d3;11200;ASH_COATED_OSMIUM;9914;6;9912;21;;;9938;11;9940;27;;;9926.0;0.0
yf_ADM_d3;11200;INTARIAN_PEPPER_ROOT;12490;17;12487;19;;;12537;18;12539;22;;;12513.5;0.0
yf_ADM_d3;11300;ASH_COATED_OSMIUM;9918;21;9915;19;;;9936;9;9940;17;;;9927.0;0.0
yf_ADM_d3;11300;INTARIAN_PEPPER_ROOT;12510;17;12507;30;;;12516;13;12518;21;;;12513.0;0.0
yf_ADM_d3;11400;ASH_COATED_OSMIUM;9922;21;9918;15;;;9932;20;9936;17;;;9927.0;0.0
yf_ADM_d3;11400;INTARIAN_PEPPER_ROOT;12510;14;12506;22;;;12516;15;12520;17;;;12513.0;0.0
yf_ADM_d3;11500;ASH_COATED_OSMIUM;9914;11;9911;18;;;9940;18;9942;13;;;9927.0;0.0
yf_ADM_d3;11500;INTARIAN_PEPPER_ROOT;12505;13;12501;19;;;12522;14;12524;21;;;12513.5;0.0
yf_ADM_d3;11600;ASH_COATED_OSMIUM;9924;14;9921;29;;;9930;17;9932;16;;;9927.0;0.0
yf_ADM_d3;11600;INTARIAN_PEPPER_ROOT;12511;9;12507;16;;;12517;14;12519;16;;;12514.0;0.0
yf_ADM_d3;11700;ASH_COATED_OSMIUM;9922;14;9918;22;;;9931;26;9934;12;;;9926.5;0.0
yf_ADM_d3;11700;INTARIAN_PEPPER_ROOT;12512;14;12508;16;;;12518;13;12520;17;;;12515.0;0.0
yf_ADM_d3;11800;ASH_COATED_OSMIUM;9915;13;9912;29;;;9940;16;9942;26;;;9927.5;0.0
yf_ADM_d3;11800;INTARIAN_PEPPER_ROOT;12512;15;12510;15;;;12518;16;12521;17;;;12515.0;0.0
yf_ADM_d3;11900;ASH_COATED_OSMIUM;9925;15;9921;20;;;9931;7;9933;17;;;9928.0;0.0
yf_ADM_d3;11900;INTARIAN_PEPPER_ROOT;12512;17;12508;17;;;12518;20;12520;19;;;12515.0;0.0
yf_ADM_d3;12000;ASH_COATED_OSMIUM;9925;9;9922;22;;;9931;13;9935;24;;;9928.0;0.0
yf_ADM_d3;12000;INTARIAN_PEPPER_ROOT;12506;17;12503;25;;;12526;27;12528;21;;;12516.0;0.0
yf_ADM_d3;12100;ASH_COATED_OSMIUM;9924;11;9920;16;;;9932;15;9936;13;;;9928.0;0.0
yf_ADM_d3;12100;INTARIAN_PEPPER_ROOT;12513;23;12511;13;;;12519;14;12523;19;;;12516.0;0.0
yf_ADM_d3;12200;ASH_COATED_OSMIUM;9919;16;9916;20;;;9937;13;9941;23;;;9928.0;0.0
yf_ADM_d3;12200;INTARIAN_PEPPER_ROOT;12506;15;12503;26;;;12528;12;12530;21;;;12517.0;0.0
yf_ADM_d3;12300;ASH_COATED_OSMIUM;9925;24;9923;18;;;9932;16;9934;33;;;9928.5;0.0
yf_ADM_d3;12300;INTARIAN_PEPPER_ROOT;12505;7;12501;19;;;12529;9;12532;21;;;12517.0;0.0
yf_ADM_d3;12400;ASH_COATED_OSMIUM;9926;11;9924;19;;;9932;11;9936;23;;;9929.0;0.0
yf_ADM_d3;12400;INTARIAN_PEPPER_ROOT;12514;18;12511;20;;;12520;15;12522;18;;;12517.0;0.0
yf_ADM_d3;12500;ASH_COATED_OSMIUM;9927;22;9925;19;;;9933;19;9937;16;;;9930.0;0.0
yf_ADM_d3;12500;INTARIAN_PEPPER_ROOT;12514;15;12511;13;;;12520;18;12523;28;;;12517.0;0.0
yf_ADM_d3;12600;ASH_COATED_OSMIUM;9921;20;9918;19;;;9937;19;9940;23;;;9929.0;0.0
yf_ADM_d3;12600;INTARIAN_PEPPER_ROOT;12515;9;12513;18;;;12521;14;12523;24;;;12518.0;0.0
yf_ADM_d3;12700;ASH_COATED_OSMIUM;9927;5;9923;21;;;9933;19;9935;27;;;9930.0;0.0
yf_ADM_d3;12700;INTARIAN_PEPPER_ROOT;12515;15;12513;14;;;12521;12;12524;13;;;12518.0;0.0
yf_ADM_d3;12800;ASH_COATED_OSMIUM;9927;11;9925;18;;;9933;14;9935;16;;;9930.0;0.0
yf_ADM_d3;12800;INTARIAN_PEPPER_ROOT;12516;5;12513;32;;;12522;11;12526;20;;;12519.0;0.0
yf_ADM_d3;12900;ASH_COATED_OSMIUM;9928;27;9926;25;;;9934;20;9936;17;;;9931.0;0.0
yf_ADM_d3;12900;INTARIAN_PEPPER_ROOT;12516;11;12512;20;;;12522;9;12526;15;;;12519.0;0.0
yf_ADM_d3;13000;ASH_COATED_OSMIUM;9927;18;9924;23;;;9933;16;9937;19;;;9930.0;0.0
yf_ADM_d3;13000;INTARIAN_PEPPER_ROOT;12514;18;12510;20;;;12525;7;12529;24;;;12519.5;0.0
yf_ADM_d3;13100;ASH_COATED_OSMIUM;9928;10;9926;22;;;9934;21;9938;14;;;9931.0;0.0
yf_ADM_d3;13100;INTARIAN_PEPPER_ROOT;12517;14;12513;9;;;12523;9;12527;15;;;12520.0;0.0
yf_ADM_d3;13200;ASH_COATED_OSMIUM;9927;5;9923;15;;;9935;12;9939;20;;;9931.0;0.0
yf_ADM_d3;13200;INTARIAN_PEPPER_ROOT;12517;12;12513;13;;;12523;16;12525;15;;;12520.0;0.0
yf_ADM_d3;13300;ASH_COATED_OSMIUM;9929;30;9925;18;;;9935;14;9937;22;;;9932.0;0.0
yf_ADM_d3;13300;INTARIAN_PEPPER_ROOT;12518;12;12515;22;;;12524;15;12528;13;;;12521.0;0.0
yf_ADM_d3;13400;ASH_COATED_OSMIUM;9929;7;9927;19;;;9935;15;9937;12;;;9932.0;0.0
yf_ADM_d3;13400;INTARIAN_PEPPER_ROOT;12502;16;12499;23;;;12539;7;12541;25;;;12520.5;0.0
yf_ADM_d3;13500;ASH_COATED_OSMIUM;9927;14;9923;21;;;9937;12;9940;31;;;9932.0;0.0
yf_ADM_d3;13500;INTARIAN_PEPPER_ROOT;12515;20;12513;16;;;12529;11;12532;23;;;12522.0;0.0
yf_ADM_d3;13600;ASH_COATED_OSMIUM;9929;17;9927;20;;;9935;21;9939;28;;;9932.0;0.0
yf_ADM_d3;13600;INTARIAN_PEPPER_ROOT;12519;10;12515;21;;;12525;6;12529;26;;;12522.0;0.0
yf_ADM_d3;13700;ASH_COATED_OSMIUM;9927;23;9923;27;;;9937;12;9940;18;;;9932.0;0.0
yf_ADM_d3;13700;INTARIAN_PEPPER_ROOT;12519;9;12515;24;;;12525;22;12528;9;;;12522.0;0.0
yf_ADM_d3;13800;ASH_COATED_OSMIUM;9930;14;9927;12;;;9936;14;9938;21;;;9933.0;0.0
yf_ADM_d3;13800;INTARIAN_PEPPER_ROOT;12519;16;12515;21;;;12525;16;12528;22;;;12522.0;0.0
yf_ADM_d3;13900;ASH_COATED_OSMIUM;9926;11;9922;13;;;9939;15;9942;22;;;9932.5;0.0
yf_ADM_d3;13900;INTARIAN_PEPPER_ROOT;12520;15;12516;25;;;12526;17;12528;12;;;12523.0;0.0
yf_ADM_d3;14000;ASH_COATED_OSMIUM;9930;15;9927;19;;;9936;17;9939;17;;;9933.0;0.0
yf_ADM_d3;14000;INTARIAN_PEPPER_ROOT;12520;19;12516;22;;;12526;16;12529;17;;;12523.0;0.0
yf_ADM_d3;14100;ASH_COATED_OSMIUM;9922;18;9919;29;;;9943;17;9945;20;;;9932.5;0.0
yf_ADM_d3;14100;INTARIAN_PEPPER_ROOT;12520;12;12517;20;;;12527;5;12531;14;;;12523.5;0.0
yf_ADM_d3;14200;ASH_COATED_OSMIUM;9930;12;9926;16;;;9936;14;9938;20;;;9933.0;0.0
yf_ADM_d3;14200;INTARIAN_PEPPER_ROOT;12503;18;12500;24;;;12546;7;12550;34;;;12524.5;0.0
yf_ADM_d3;14300;ASH_COATED_OSMIUM;9927;10;9925;20;;;9941;19;9943;26;;;9934.0;0.0
yf_ADM_d3;14300;INTARIAN_PEPPER_ROOT;12519;17;12515;11;;;12530;15;12532;26;;;12524.5;0.0
yf_ADM_d3;14400;ASH_COATED_OSMIUM;9931;10;9929;20;;;9937;14;9940;12;;;9934.0;0.0
yf_ADM_d3;14400;INTARIAN_PEPPER_ROOT;12522;23;12520;24;;;12528;21;12531;11;;;12525.0;0.0
yf_ADM_d3;14500;ASH_COATED_OSMIUM;9931;12;9928;22;;;9937;15;9940;26;;;9934.0;0.0
yf_ADM_d3;14500;INTARIAN_PEPPER_ROOT;12522;13;12519;32;;;12528;16;12530;17;;;12525.0;0.0
yf_ADM_d3;14600;ASH_COATED_OSMIUM;9929;11;9926;18;;;9940;12;9944;19;;;9934.5;0.0
yf_ADM_d3;14600;INTARIAN_PEPPER_ROOT;12519;19;12515;25;;;12533;21;12535;17;;;12526.0;0.0
yf_ADM_d3;14700;ASH_COATED_OSMIUM;9931;14;9928;18;;;9937;20;9939;22;;;9934.0;0.0
yf_ADM_d3;14700;INTARIAN_PEPPER_ROOT;12523;10;12520;27;;;12529;23;12533;15;;;12526.0;0.0
yf_ADM_d3;14800;ASH_COATED_OSMIUM;9932;16;9929;23;;;9938;5;9941;23;;;9935.0;0.0
yf_ADM_d3;14800;INTARIAN_PEPPER_ROOT;12524;18;12521;24;;;12530;19;12532;14;;;12527.0;0.0
yf_ADM_d3;14900;ASH_COATED_OSMIUM;9932;12;9929;17;;;9939;14;9942;23;;;9935.5;0.0
yf_ADM_d3;14900;INTARIAN_PEPPER_ROOT;12506;12;12502;19;;;12546;16;12550;24;;;12526.0;0.0
yf_ADM_d3;15000;ASH_COATED_OSMIUM;9929;10;9925;23;;;9943;11;9946;13;;;9936.0;0.0
yf_ADM_d3;15000;INTARIAN_PEPPER_ROOT;12516;19;12512;23;;;12539;13;12543;24;;;12527.5;0.0
yf_ADM_d3;15100;ASH_COATED_OSMIUM;9932;16;9929;19;;;9938;16;9942;19;;;9935.0;0.0
yf_ADM_d3;15100;INTARIAN_PEPPER_ROOT;12525;11;12522;24;;;12531;21;12535;21;;;12528.0;0.0
yf_ADM_d3;15200;ASH_COATED_OSMIUM;9933;17;9930;21;;;9939;15;9941;15;;;9936.0;0.0
yf_ADM_d3;15200;INTARIAN_PEPPER_ROOT;12525;12;12523;14;;;12531;9;12534;11;;;12528.0;0.0
yf_ADM_d3;15300;ASH_COATED_OSMIUM;9933;14;9929;20;;;9939;15;9942;20;;;9936.0;0.0
yf_ADM_d3;15300;INTARIAN_PEPPER_ROOT;12524;16;12522;23;;;12533;23;12537;12;;;12528.5;0.0
yf_ADM_d3;15400;ASH_COATED_OSMIUM;9933;19;9931;22;;;9940;16;9942;17;;;9936.5;0.0
yf_ADM_d3;15400;INTARIAN_PEPPER_ROOT;12525;12;12521;30;;;12531;12;12535;20;;;12528.0;0.0
yf_ADM_d3;15500;ASH_COATED_OSMIUM;9933;17;9931;21;;;9939;12;9943;15;;;9936.0;0.0
yf_ADM_d3;15500;INTARIAN_PEPPER_ROOT;12524;15;12522;23;;;12534;18;12538;23;;;12529.0;0.0
yf_ADM_d3;15600;ASH_COATED_OSMIUM;9931;21;9929;25;;;9941;7;9945;15;;;9936.0;0.0
yf_ADM_d3;15600;INTARIAN_PEPPER_ROOT;12527;14;12525;13;;;12533;7;12536;25;;;12530.0;0.0
yf_ADM_d3;15700;ASH_COATED_OSMIUM;9931;14;9927;10;;;9942;9;9945;19;;;9936.5;0.0
yf_ADM_d3;15700;INTARIAN_PEPPER_ROOT;12527;20;12524;19;;;12533;14;12537;22;;;12530.0;0.0
yf_ADM_d3;15800;ASH_COATED_OSMIUM;9930;23;9928;20;;;9944;16;9948;20;;;9937.0;0.0
yf_ADM_d3;15800;INTARIAN_PEPPER_ROOT;12527;12;12523;16;;;12533;15;12537;15;;;12530.0;0.0
yf_ADM_d3;15900;ASH_COATED_OSMIUM;9934;26;9930;24;;;9940;15;9943;16;;;9937.0;0.0
yf_ADM_d3;15900;INTARIAN_PEPPER_ROOT;12527;16;12523;23;;;12534;16;12536;22;;;12530.5;0.0
yf_ADM_d3;16000;ASH_COATED_OSMIUM;9932;7;9928;12;;;9942;19;9946;18;;;9937.0;0.0
yf_ADM_d3;16000;INTARIAN_PEPPER_ROOT;12526;20;12523;21;;;12534;15;12537;26;;;12530.0;0.0
yf_ADM_d3;16100;ASH_COATED_OSMIUM;9926;17;9922;15;;;9951;13;9954;23;;;9938.5;0.0
yf_ADM_d3;16100;INTARIAN_PEPPER_ROOT;12528;12;12525;17;;;12534;22;12537;17;;;12531.0;0.0
yf_ADM_d3;16200;ASH_COATED_OSMIUM;9935;17;9932;13;;;9941;22;9944;21;;;9938.0;0.0
yf_ADM_d3;16200;INTARIAN_PEPPER_ROOT;12529;16;12527;21;;;12535;13;12537;26;;;12532.0;0.0
yf_ADM_d3;16300;ASH_COATED_OSMIUM;9935;18;9931;27;;;9941;14;9943;15;;;9938.0;0.0
yf_ADM_d3;16300;INTARIAN_PEPPER_ROOT;12525;15;12523;18;;;12540;24;12542;18;;;12532.5;0.0
yf_ADM_d3;16400;ASH_COATED_OSMIUM;9936;9;9933;19;;;9942;10;9944;24;;;9939.0;0.0
yf_ADM_d3;16400;INTARIAN_PEPPER_ROOT;12529;24;12527;20;;;12535;11;12537;13;;;12532.0;0.0
yf_ADM_d3;16500;ASH_COATED_OSMIUM;9936;23;9932;22;;;9942;8;9944;21;;;9939.0;0.0
yf_ADM_d3;16500;INTARIAN_PEPPER_ROOT;12530;10;12526;17;;;12536;17;12539;21;;;12533.0;0.0
yf_ADM_d3;16600;ASH_COATED_OSMIUM;9936;22;9932;14;;;9942;20;9945;25;;;9939.0;0.0
yf_ADM_d3;16600;INTARIAN_PEPPER_ROOT;12523;12;12521;30;;;12544;6;12547;20;;;12533.5;0.0
yf_ADM_d3;16700;ASH_COATED_OSMIUM;9937;18;9933;24;;;9943;15;9947;17;;;9940.0;0.0
yf_ADM_d3;16700;INTARIAN_PEPPER_ROOT;12528;17;12526;20;;;12539;13;12543;16;;;12533.5;0.0
yf_ADM_d3;16800;ASH_COATED_OSMIUM;9933;16;9929;8;;;9947;15;9951;25;;;9940.0;0.0
yf_ADM_d3;16800;INTARIAN_PEPPER_ROOT;12531;15;12527;26;;;12537;10;12541;18;;;12534.0;0.0
yf_ADM_d3;16900;ASH_COATED_OSMIUM;9937;16;9935;30;;;9943;24;9945;18;;;9940.0;0.0
yf_ADM_d3;16900;INTARIAN_PEPPER_ROOT;12530;23;12526;32;;;12539;5;12543;15;;;12534.5;0.0
yf_ADM_d3;17000;ASH_COATED_OSMIUM;9937;17;9935;19;;;9943;5;9945;17;;;9940.0;0.0
yf_ADM_d3;17000;INTARIAN_PEPPER_ROOT;12532;10;12530;14;;;12538;14;12540;26;;;12535.0;0.0
yf_ADM_d3;17100;ASH_COATED_OSMIUM;9937;8;9935;27;;;9943;21;9947;17;;;9940.0;0.0
yf_ADM_d3;17100;INTARIAN_PEPPER_ROOT;12528;10;12524;18;;;12540;11;12543;10;;;12534.0;0.0
yf_ADM_d3;17200;ASH_COATED_OSMIUM;9934;14;9930;25;;;9945;22;9949;13;;;9939.5;0.0
yf_ADM_d3;17200;INTARIAN_PEPPER_ROOT;12526;20;12523;9;;;12540;23;12543;23;;;12533.0;0.0
yf_ADM_d3;17300;ASH_COATED_OSMIUM;9934;16;9932;11;;;9945;10;9949;15;;;9939.5;0.0
yf_ADM_d3;17300;INTARIAN_PEPPER_ROOT;12531;9;12529;18;;;12537;23;12540;16;;;12534.0;0.0
yf_ADM_d3;17400;ASH_COATED_OSMIUM;9935;21;9933;18;;;9942;10;9946;26;;;9938.5;0.0
yf_ADM_d3;17400;INTARIAN_PEPPER_ROOT;12523;18;12520;14;;;12544;9;12546;27;;;12533.5;0.0
yf_ADM_d3;17500;ASH_COATED_OSMIUM;9936;24;9932;25;;;9942;26;9946;9;;;9939.0;0.0
yf_ADM_d3;17500;INTARIAN_PEPPER_ROOT;12530;18;12528;26;;;12536;8;12539;19;;;12533.0;0.0
yf_ADM_d3;17600;ASH_COATED_OSMIUM;9936;13;9932;21;;;9942;6;9946;18;;;9939.0;0.0
yf_ADM_d3;17600;INTARIAN_PEPPER_ROOT;12528;16;12525;18;;;12537;10;12541;26;;;12532.5;0.0
yf_ADM_d3;17700;ASH_COATED_OSMIUM;9928;13;9924;14;;;9950;15;9954;27;;;9939.0;0.0
yf_ADM_d3;17700;INTARIAN_PEPPER_ROOT;12530;8;12526;20;;;12536;19;12538;17;;;12533.0;0.0
yf_ADM_d3;17800;ASH_COATED_OSMIUM;9935;19;9933;22;;;9941;19;9943;15;;;9938.0;0.0
yf_ADM_d3;17800;INTARIAN_PEPPER_ROOT;12528;14;12525;16;;;12537;17;12541;14;;;12532.5;0.0
yf_ADM_d3;17900;ASH_COATED_OSMIUM;9927;18;9923;21;;;9950;10;9953;21;;;9938.5;0.0
yf_ADM_d3;17900;INTARIAN_PEPPER_ROOT;12528;12;12525;19;;;12534;19;12536;21;;;12531.0;0.0
yf_ADM_d3;18000;ASH_COATED_OSMIUM;9932;15;9930;19;;;9944;17;9946;20;;;9938.0;0.0
yf_ADM_d3;18000;INTARIAN_PEPPER_ROOT;12502;5;12500;13;;;12561;9;12564;19;;;12531.5;0.0
yf_ADM_d3;18100;ASH_COATED_OSMIUM;9925;18;9922;14;;;9950;12;9954;17;;;9937.5;0.0
yf_ADM_d3;18100;INTARIAN_PEPPER_ROOT;12523;11;12520;17;;;12538;14;12541;21;;;12530.5;0.0
yf_ADM_d3;18200;ASH_COATED_OSMIUM;9934;8;9932;24;;;9940;20;9942;29;;;9937.0;0.0
yf_ADM_d3;18200;INTARIAN_PEPPER_ROOT;12529;11;12526;20;;;12535;8;12537;25;;;12532.0;0.0
yf_ADM_d3;18300;ASH_COATED_OSMIUM;9930;9;9926;26;;;9946;8;9950;16;;;9938.0;0.0
yf_ADM_d3;18300;INTARIAN_PEPPER_ROOT;12528;8;12526;22;;;12534;13;12537;19;;;12531.0;0.0
yf_ADM_d3;18400;ASH_COATED_OSMIUM;9928;14;9924;22;;;9946;13;9949;13;;;9937.0;0.0
yf_ADM_d3;18400;INTARIAN_PEPPER_ROOT;12524;19;12522;16;;;12538;16;12541;15;;;12531.0;0.0
yf_ADM_d3;18500;ASH_COATED_OSMIUM;9924;14;9922;28;;;9949;12;9953;16;;;9936.5;0.0
yf_ADM_d3;18500;INTARIAN_PEPPER_ROOT;12527;13;12525;19;;;12533;17;12536;22;;;12530.0;0.0
yf_ADM_d3;18600;ASH_COATED_OSMIUM;9934;22;9930;15;;;9940;20;9944;23;;;9937.0;0.0
yf_ADM_d3;18600;INTARIAN_PEPPER_ROOT;12527;23;12524;11;;;12533;10;12535;28;;;12530.0;0.0
yf_ADM_d3;18700;ASH_COATED_OSMIUM;9931;20;9927;15;;;9941;11;9943;25;;;9936.0;0.0
yf_ADM_d3;18700;INTARIAN_PEPPER_ROOT;12527;16;12523;18;;;12533;25;12537;19;;;12530.0;0.0
yf_ADM_d3;18800;ASH_COATED_OSMIUM;9933;12;9931;19;;;9939;20;9942;15;;;9936.0;0.0
yf_ADM_d3;18800;INTARIAN_PEPPER_ROOT;12526;17;12524;21;;;12532;11;12536;22;;;12529.0;0.0
yf_ADM_d3;18900;ASH_COATED_OSMIUM;9933;12;9930;25;;;9940;6;9943;17;;;9936.5;0.0
yf_ADM_d3;18900;INTARIAN_PEPPER_ROOT;12526;8;12524;20;;;12532;20;12535;9;;;12529.0;0.0
yf_ADM_d3;19000;ASH_COATED_OSMIUM;9934;17;9930;15;;;9940;17;9944;22;;;9937.0;0.0
yf_ADM_d3;19000;INTARIAN_PEPPER_ROOT;12525;12;12521;25;;;12531;12;12533;16;;;12528.0;0.0
yf_ADM_d3;19100;ASH_COATED_OSMIUM;9933;5;9930;24;;;9939;24;9942;28;;;9936.0;0.0
yf_ADM_d3;19100;INTARIAN_PEPPER_ROOT;12525;20;12521;11;;;12532;13;12535;18;;;12528.5;0.0
yf_ADM_d3;19200;ASH_COATED_OSMIUM;9933;12;9931;21;;;9939;13;9943;16;;;9936.0;0.0
yf_ADM_d3;19200;INTARIAN_PEPPER_ROOT;12522;19;12518;21;;;12534;13;12536;21;;;12528.0;0.0
yf_ADM_d3;19300;ASH_COATED_OSMIUM;9933;14;9931;32;;;9939;14;9943;22;;;9936.0;0.0
yf_ADM_d3;19300;INTARIAN_PEPPER_ROOT;12525;14;12523;14;;;12531;14;12535;17;;;12528.0;0.0
yf_ADM_d3;19400;ASH_COATED_OSMIUM;9932;5;9930;26;;;9938;17;9940;12;;;9935.0;0.0
yf_ADM_d3;19400;INTARIAN_PEPPER_ROOT;12524;24;12521;14;;;12530;18;12534;15;;;12527.0;0.0
yf_ADM_d3;19500;ASH_COATED_OSMIUM;9931;14;9928;20;;;9940;17;9942;13;;;9935.5;0.0
yf_ADM_d3;19500;INTARIAN_PEPPER_ROOT;12524;9;12521;11;;;12530;18;12534;18;;;12527.0;0.0
yf_ADM_d3;19600;ASH_COATED_OSMIUM;9933;18;9930;19;;;9939;25;9942;20;;;9936.0;0.0
yf_ADM_d3;19600;INTARIAN_PEPPER_ROOT;12524;16;12521;26;;;12530;17;12532;21;;;12527.0;0.0
yf_ADM_d3;19700;ASH_COATED_OSMIUM;9932;22;9930;14;;;9938;16;9942;13;;;9935.0;0.0
yf_ADM_d3;19700;INTARIAN_PEPPER_ROOT;12521;14;12519;16;;;12533;23;12535;19;;;12527.0;0.0
yf_ADM_d3;19800;ASH_COATED_OSMIUM;9932;12;9928;10;;;9938;7;9942;15;;;9935.0;0.0
yf_ADM_d3;19800;INTARIAN_PEPPER_ROOT;12523;5;12520;22;;;12529;18;12533;13;;;12526.0;0.0
yf_ADM_d3;19900;ASH_COATED_OSMIUM;9932;14;9928;26;;;9938;19;9942;19;;;9935.0;0.0
yf_ADM_d3;19900;INTARIAN_PEPPER_ROOT;12521;21;12518;19;;;12531;20;12534;13;;;12526.0;0.0
yf_ADM_d3;20000;ASH_COATED_OSMIUM;9931;7;9929;21;;;9937;7;9941;23;;;9934.0;0.0
yf_ADM_d3;20000;INTARIAN_PEPPER_ROOT;12519;26;12515;22;;;12532;20;12534;24;;;12525.5;0.0
yf_ADM_d3;20100;ASH_COATED_OSMIUM;9931;22;9928;21;;;9937;21;9940;8;;;9934.0;0.0
yf_ADM_d3;20100;INTARIAN_PEPPER_ROOT;12519;19;12516;26;;;12533;11;12535;16;;;12526.0;0.0
yf_ADM_d3;20200;ASH_COATED_OSMIUM;9930;18;9927;18;;;9937;8;9941;17;;;9933.5;0.0
yf_ADM_d3;20200;INTARIAN_PEPPER_ROOT;12520;8;12516;13;;;12530;17;12532;28;;;12525.0;0.0
yf_ADM_d3;20300;ASH_COATED_OSMIUM;9931;16;9929;23;;;9937;15;9940;13;;;9934.0;0.0
yf_ADM_d3;20300;INTARIAN_PEPPER_ROOT;12520;5;12516;26;;;12530;9;12532;20;;;12525.0;0.0
yf_ADM_d3;20400;ASH_COATED_OSMIUM;9930;18;9927;21;;;9936;9;9939;27;;;9933.0;0.0
yf_ADM_d3;20400;INTARIAN_PEPPER_ROOT;12521;11;12519;22;;;12527;17;12530;27;;;12524.0;0.0
yf_ADM_d3;20500;ASH_COATED_OSMIUM;9931;16;9928;20;;;9937;16;9940;20;;;9934.0;0.0
yf_ADM_d3;20500;INTARIAN_PEPPER_ROOT;12520;19;12518;19;;;12529;13;12531;14;;;12524.5;0.0
yf_ADM_d3;20600;ASH_COATED_OSMIUM;9930;10;9928;23;;;9936;15;9938;25;;;9933.0;0.0
yf_ADM_d3;20600;INTARIAN_PEPPER_ROOT;12520;11;12517;15;;;12528;14;12530;17;;;12524.0;0.0
yf_ADM_d3;20700;ASH_COATED_OSMIUM;9927;11;9925;24;;;9940;19;9942;17;;;9933.5;0.0
yf_ADM_d3;20700;INTARIAN_PEPPER_ROOT;12519;7;12515;17;;;12529;17;12532;15;;;12524.0;0.0
yf_ADM_d3;20800;ASH_COATED_OSMIUM;9930;11;9926;17;;;9936;5;9939;16;;;9933.0;0.0
yf_ADM_d3;20800;INTARIAN_PEPPER_ROOT;12520;26;12518;19;;;12526;8;12530;17;;;12523.0;0.0
yf_ADM_d3;20900;ASH_COATED_OSMIUM;9929;15;9926;20;;;9935;12;9937;9;;;9932.0;0.0
yf_ADM_d3;20900;INTARIAN_PEPPER_ROOT;12520;11;12516;26;;;12526;12;12530;19;;;12523.0;0.0
yf_ADM_d3;21000;ASH_COATED_OSMIUM;9924;19;9921;25;;;9940;20;9943;27;;;9932.0;0.0
yf_ADM_d3;21000;INTARIAN_PEPPER_ROOT;12517;23;12515;25;;;12529;16;12531;22;;;12523.0;0.0
yf_ADM_d3;21100;ASH_COATED_OSMIUM;9930;9;9927;16;;;9936;16;9938;19;;;9933.0;0.0
yf_ADM_d3;21100;INTARIAN_PEPPER_ROOT;12519;10;12517;18;;;12525;16;12527;28;;;12522.0;0.0
yf_ADM_d3;21200;ASH_COATED_OSMIUM;9929;24;9925;18;;;9935;22;9937;25;;;9932.0;0.0
yf_ADM_d3;21200;INTARIAN_PEPPER_ROOT;12517;7;12514;17;;;12527;18;12531;21;;;12522.0;0.0
yf_ADM_d3;21300;ASH_COATED_OSMIUM;9929;9;9925;26;;;9935;16;9939;20;;;9932.0;0.0
yf_ADM_d3;21300;INTARIAN_PEPPER_ROOT;12519;18;12517;23;;;12525;10;12527;8;;;12522.0;0.0
yf_ADM_d3;21400;ASH_COATED_OSMIUM;9926;25;9923;14;;;9939;16;9942;20;;;9932.5;0.0
yf_ADM_d3;21400;INTARIAN_PEPPER_ROOT;12516;15;12513;20;;;12528;7;12532;13;;;12522.0;0.0
yf_ADM_d3;21500;ASH_COATED_OSMIUM;9927;12;9924;29;;;9937;14;9939;18;;;9932.0;0.0
yf_ADM_d3;21500;INTARIAN_PEPPER_ROOT;12519;11;12515;17;;;12525;12;12527;20;;;12522.0;0.0
yf_ADM_d3;21600;ASH_COATED_OSMIUM;9928;18;9925;19;;;9934;18;9936;27;;;9931.0;0.0
yf_ADM_d3;21600;INTARIAN_PEPPER_ROOT;12518;12;12516;23;;;12524;12;12526;28;;;12521.0;0.0
yf_ADM_d3;21700;ASH_COATED_OSMIUM;9928;18;9926;21;;;9934;17;9937;32;;;9931.0;0.0
yf_ADM_d3;21700;INTARIAN_PEPPER_ROOT;12517;6;12515;18;;;12524;23;12528;19;;;12520.5;0.0
yf_ADM_d3;21800;ASH_COATED_OSMIUM;9928;9;9924;23;;;9934;13;9936;21;;;9931.0;0.0
yf_ADM_d3;21800;INTARIAN_PEPPER_ROOT;12517;18;12515;29;;;12523;24;12527;20;;;12520.0;0.0
yf_ADM_d3;21900;ASH_COATED_OSMIUM;9925;18;9921;15;;;9937;15;9939;12;;;9931.0;0.0
yf_ADM_d3;21900;INTARIAN_PEPPER_ROOT;12513;10;12509;21;;;12527;14;12530;19;;;12520.0;0.0
yf_ADM_d3;22000;ASH_COATED_OSMIUM;9928;20;9924;19;;;9934;11;9937;10;;;9931.0;0.0
yf_ADM_d3;22000;INTARIAN_PEPPER_ROOT;12517;22;12514;17;;;12523;19;12526;20;;;12520.0;0.0
yf_ADM_d3;22100;ASH_COATED_OSMIUM;9927;6;9925;23;;;9933;14;9937;24;;;9930.0;0.0
yf_ADM_d3;22100;INTARIAN_PEPPER_ROOT;12517;17;12513;24;;;12523;15;12527;16;;;12520.0;0.0
yf_ADM_d3;22200;ASH_COATED_OSMIUM;9927;17;9923;22;;;9933;9;9935;24;;;9930.0;0.0
yf_ADM_d3;22200;INTARIAN_PEPPER_ROOT;12517;24;12513;14;;;12523;17;12525;16;;;12520.0;0.0
yf_ADM_d3;22300;ASH_COATED_OSMIUM;9927;13;9923;22;;;9933;6;9936;29;;;9930.0;0.0
yf_ADM_d3;22300;INTARIAN_PEPPER_ROOT;12508;15;12504;32;;;12530;16;12532;28;;;12519.0;0.0
yf_ADM_d3;22400;ASH_COATED_OSMIUM;9926;15;9923;14;;;9934;20;9936;15;;;9930.0;0.0
yf_ADM_d3;22400;INTARIAN_PEPPER_ROOT;12514;5;12511;21;;;12523;13;12527;21;;;12518.5;0.0
yf_ADM_d3;22500;ASH_COATED_OSMIUM;9926;19;9923;11;;;9932;14;9935;15;;;9929.0;0.0
yf_ADM_d3;22500;INTARIAN_PEPPER_ROOT;12515;15;12512;16;;;12521;6;12525;16;;;12518.0;0.0
yf_ADM_d3;22600;ASH_COATED_OSMIUM;9925;15;9922;27;;;9933;16;9935;17;;;9929.0;0.0
yf_ADM_d3;22600;INTARIAN_PEPPER_ROOT;12516;17;12512;27;;;12522;17;12525;16;;;12519.0;0.0
yf_ADM_d3;22700;ASH_COATED_OSMIUM;9922;14;9918;16;;;9936;9;9938;19;;;9929.0;0.0
yf_ADM_d3;22700;INTARIAN_PEPPER_ROOT;12514;19;12511;17;;;12521;19;12524;21;;;12517.5;0.0
yf_ADM_d3;22800;ASH_COATED_OSMIUM;9924;5;9921;29;;;9934;12;9938;19;;;9929.0;0.0
yf_ADM_d3;22800;INTARIAN_PEPPER_ROOT;12515;20;12511;16;;;12521;18;12523;25;;;12518.0;0.0
yf_ADM_d3;22900;ASH_COATED_OSMIUM;9912;12;9908;21;;;9945;11;9947;26;;;9928.5;0.0
yf_ADM_d3;22900;INTARIAN_PEPPER_ROOT;12508;15;12504;8;;;12528;12;12530;25;;;12518.0;0.0
yf_ADM_d3;23000;ASH_COATED_OSMIUM;9926;17;9922;15;;;9932;11;9934;24;;;9929.0;0.0
yf_ADM_d3;23000;INTARIAN_PEPPER_ROOT;12514;11;12512;21;;;12520;15;12524;12;;;12517.0;0.0
yf_ADM_d3;23100;ASH_COATED_OSMIUM;9926;20;9922;24;;;9932;13;9935;33;;;9929.0;0.0
yf_ADM_d3;23100;INTARIAN_PEPPER_ROOT;12513;14;12509;12;;;12520;23;12522;19;;;12516.5;0.0
yf_ADM_d3;23200;ASH_COATED_OSMIUM;9924;18;9921;23;;;9932;15;9935;24;;;9928.0;0.0
yf_ADM_d3;23200;INTARIAN_PEPPER_ROOT;12513;14;12509;15;;;12519;16;12522;18;;;12516.0;0.0
yf_ADM_d3;23300;ASH_COATED_OSMIUM;9925;5;9923;22;;;9931;18;9934;19;;;9928.0;0.0
yf_ADM_d3;23300;INTARIAN_PEPPER_ROOT;12513;17;12510;15;;;12519;21;12522;27;;;12516.0;0.0
yf_ADM_d3;23400;ASH_COATED_OSMIUM;9923;13;9920;19;;;9932;5;9934;20;;;9927.5;0.0
yf_ADM_d3;23400;INTARIAN_PEPPER_ROOT;12513;10;12511;22;;;12519;21;12522;25;;;12516.0;0.0
yf_ADM_d3;23500;ASH_COATED_OSMIUM;9925;13;9922;19;;;9931;11;9933;22;;;9928.0;0.0
yf_ADM_d3;23500;INTARIAN_PEPPER_ROOT;12513;19;12510;22;;;12519;6;12522;20;;;12516.0;0.0
yf_ADM_d3;23600;ASH_COATED_OSMIUM;9922;14;9920;14;;;9934;12;9938;19;;;9928.0;0.0
yf_ADM_d3;23600;INTARIAN_PEPPER_ROOT;12513;18;12510;14;;;12519;6;12523;21;;;12516.0;0.0
yf_ADM_d3;23700;ASH_COATED_OSMIUM;9925;14;9921;23;;;9931;8;9934;22;;;9928.0;0.0
yf_ADM_d3;23700;INTARIAN_PEPPER_ROOT;12512;24;12510;20;;;12518;15;12520;22;;;12515.0;0.0
yf_ADM_d3;23800;ASH_COATED_OSMIUM;9924;7;9922;23;;;9930;14;9932;19;;;9927.0;0.0
yf_ADM_d3;23800;INTARIAN_PEPPER_ROOT;12512;5;12509;13;;;12518;5;12521;16;;;12515.0;0.0
yf_ADM_d3;23900;ASH_COATED_OSMIUM;9924;12;9921;25;;;9930;17;9932;15;;;9927.0;0.0
yf_ADM_d3;23900;INTARIAN_PEPPER_ROOT;12512;13;12509;28;;;12518;13;12522;29;;;12515.0;0.0
yf_ADM_d3;24000;ASH_COATED_OSMIUM;9924;20;9920;20;;;9930;21;9932;23;;;9927.0;0.0
yf_ADM_d3;24000;INTARIAN_PEPPER_ROOT;12511;10;12507;17;;;12517;11;12520;12;;;12514.0;0.0
yf_ADM_d3;24100;ASH_COATED_OSMIUM;9918;10;9915;15;;;9935;18;9937;23;;;9926.5;0.0
yf_ADM_d3;24100;INTARIAN_PEPPER_ROOT;12510;8;12507;23;;;12518;15;12522;13;;;12514.0;0.0
yf_ADM_d3;24200;ASH_COATED_OSMIUM;9923;8;9920;16;;;9929;5;9933;12;;;9926.0;0.0
yf_ADM_d3;24200;INTARIAN_PEPPER_ROOT;12511;23;12507;21;;;12517;8;12519;30;;;12514.0;0.0
yf_ADM_d3;24300;ASH_COATED_OSMIUM;9923;5;9920;20;;;9929;6;9931;12;;;9926.0;0.0
yf_ADM_d3;24300;INTARIAN_PEPPER_ROOT;12510;10;12507;8;;;12516;9;12520;22;;;12513.0;0.0
yf_ADM_d3;24400;ASH_COATED_OSMIUM;9921;9;9919;24;;;9931;15;9934;31;;;9926.0;0.0
yf_ADM_d3;24400;INTARIAN_PEPPER_ROOT;12510;17;12508;13;;;12516;21;12520;15;;;12513.0;0.0
yf_ADM_d3;24500;ASH_COATED_OSMIUM;9923;11;9920;21;;;9929;15;9932;29;;;9926.0;0.0
yf_ADM_d3;24500;INTARIAN_PEPPER_ROOT;12509;18;12505;15;;;12517;10;12519;23;;;12513.0;0.0
yf_ADM_d3;24600;ASH_COATED_OSMIUM;9920;11;9917;15;;;9932;14;9936;27;;;9926.0;0.0
yf_ADM_d3;24600;INTARIAN_PEPPER_ROOT;12510;9;12506;17;;;12516;8;12518;16;;;12513.0;0.0
yf_ADM_d3;24700;ASH_COATED_OSMIUM;9921;9;9918;23;;;9929;18;9931;17;;;9925.0;0.0
yf_ADM_d3;24700;INTARIAN_PEPPER_ROOT;12502;23;12500;26;;;12523;20;12526;19;;;12512.5;0.0
yf_ADM_d3;24800;ASH_COATED_OSMIUM;9914;18;9910;17;;;9939;6;9942;20;;;9926.5;0.0
yf_ADM_d3;24800;INTARIAN_PEPPER_ROOT;12496;6;12493;20;;;12526;18;12530;15;;;12511.0;0.0
yf_ADM_d3;24900;ASH_COATED_OSMIUM;9923;14;9920;15;;;9929;10;9931;13;;;9926.0;0.0
yf_ADM_d3;24900;INTARIAN_PEPPER_ROOT;12503;22;12501;21;;;12522;24;12526;23;;;12512.5;0.0
yf_ADM_d3;25000;ASH_COATED_OSMIUM;9922;11;9918;22;;;9928;13;9932;11;;;9925.0;0.0
yf_ADM_d3;25000;INTARIAN_PEPPER_ROOT;12508;16;12504;22;;;12514;18;12516;14;;;12511.0;0.0
yf_ADM_d3;25100;ASH_COATED_OSMIUM;9922;8;9919;16;;;9928;14;9931;19;;;9925.0;0.0
yf_ADM_d3;25100;INTARIAN_PEPPER_ROOT;12508;12;12505;19;;;12514;17;12518;9;;;12511.0;0.0
yf_ADM_d3;25200;ASH_COATED_OSMIUM;9910;13;9908;15;;;9940;12;9944;21;;;9925.0;0.0
yf_ADM_d3;25200;INTARIAN_PEPPER_ROOT;12508;14;12506;17;;;12514;24;12518;12;;;12511.0;0.0
yf_ADM_d3;25300;ASH_COATED_OSMIUM;9921;10;9918;18;;;9927;15;9929;29;;;9924.0;0.0
yf_ADM_d3;25300;INTARIAN_PEPPER_ROOT;12480;16;12476;18;;;12540;11;12543;22;;;12510.0;0.0
yf_ADM_d3;25400;ASH_COATED_OSMIUM;9921;7;9918;17;;;9927;13;9930;15;;;9924.0;0.0
yf_ADM_d3;25400;INTARIAN_PEPPER_ROOT;12505;11;12502;16;;;12515;17;12517;22;;;12510.0;0.0
yf_ADM_d3;25500;ASH_COATED_OSMIUM;9916;19;9914;22;;;9933;10;9936;24;;;9924.5;0.0
yf_ADM_d3;25500;INTARIAN_PEPPER_ROOT;12501;10;12497;23;;;12519;23;12521;18;;;12510.0;0.0
yf_ADM_d3;25600;ASH_COATED_OSMIUM;9921;17;9918;27;;;9928;11;9932;17;;;9924.5;0.0
yf_ADM_d3;25600;INTARIAN_PEPPER_ROOT;12507;19;12505;12;;;12513;19;12516;25;;;12510.0;0.0
yf_ADM_d3;25700;ASH_COATED_OSMIUM;9919;19;9917;13;;;9929;17;9932;15;;;9924.0;0.0
yf_ADM_d3;25700;INTARIAN_PEPPER_ROOT;12506;20;12502;18;;;12512;14;12515;11;;;12509.0;0.0
yf_ADM_d3;25800;ASH_COATED_OSMIUM;9920;10;9916;19;;;9928;6;9930;11;;;9924.0;0.0
yf_ADM_d3;25800;INTARIAN_PEPPER_ROOT;12504;9;12502;12;;;12512;8;12514;25;;;12508.0;0.0
yf_ADM_d3;25900;ASH_COATED_OSMIUM;9920;7;9918;20;;;9926;18;9930;20;;;9923.0;0.0
yf_ADM_d3;25900;INTARIAN_PEPPER_ROOT;12506;19;12503;20;;;12512;20;12515;16;;;12509.0;0.0
yf_ADM_d3;26000;ASH_COATED_OSMIUM;9921;14;9917;8;;;9927;13;9930;21;;;9924.0;0.0
yf_ADM_d3;26000;INTARIAN_PEPPER_ROOT;12506;14;12503;21;;;12512;16;12516;15;;;12509.0;0.0
yf_ADM_d3;26100;ASH_COATED_OSMIUM;9920;14;9916;30;;;9926;12;9929;10;;;9923.0;0.0
yf_ADM_d3;26100;INTARIAN_PEPPER_ROOT;12505;13;12502;12;;;12511;15;12513;19;;;12508.0;0.0
yf_ADM_d3;26200;ASH_COATED_OSMIUM;9920;20;9918;25;;;9926;9;9928;16;;;9923.0;0.0
yf_ADM_d3;26200;INTARIAN_PEPPER_ROOT;12490;11;12486;27;;;12527;19;12530;14;;;12508.5;0.0
yf_ADM_d3;26300;ASH_COATED_OSMIUM;9919;13;9917;20;;;9925;11;9928;22;;;9922.0;0.0
yf_ADM_d3;26300;INTARIAN_PEPPER_ROOT;12501;13;12497;33;;;12513;11;12517;20;;;12507.0;0.0
yf_ADM_d3;26400;ASH_COATED_OSMIUM;9920;12;9917;17;;;9926;26;9928;25;;;9923.0;0.0
yf_ADM_d3;26400;INTARIAN_PEPPER_ROOT;12501;12;12499;21;;;12514;8;12516;21;;;12507.5;0.0
yf_ADM_d3;26500;ASH_COATED_OSMIUM;9919;10;9917;22;;;9926;10;9928;22;;;9922.5;0.0
yf_ADM_d3;26500;INTARIAN_PEPPER_ROOT;12504;10;12500;17;;;12510;5;12512;17;;;12507.0;0.0
yf_ADM_d3;26600;ASH_COATED_OSMIUM;9919;24;9917;24;;;9925;19;9929;15;;;9922.0;0.0
yf_ADM_d3;26600;INTARIAN_PEPPER_ROOT;12504;17;12502;21;;;12510;9;12514;23;;;12507.0;0.0
yf_ADM_d3;26700;ASH_COATED_OSMIUM;9916;14;9912;20;;;9928;30;9930;15;;;9922.0;0.0
yf_ADM_d3;26700;INTARIAN_PEPPER_ROOT;12503;12;12501;19;;;12510;10;12514;22;;;12506.5;0.0
yf_ADM_d3;26800;ASH_COATED_OSMIUM;9919;7;9916;22;;;9925;13;9929;28;;;9922.0;0.0
yf_ADM_d3;26800;INTARIAN_PEPPER_ROOT;12504;8;12500;20;;;12510;20;12514;13;;;12507.0;0.0
yf_ADM_d3;26900;ASH_COATED_OSMIUM;9918;15;9916;10;;;9924;18;9928;20;;;9921.0;0.0
yf_ADM_d3;26900;INTARIAN_PEPPER_ROOT;12503;17;12500;25;;;12509;27;12511;9;;;12506.0;0.0
yf_ADM_d3;27000;ASH_COATED_OSMIUM;9919;9;9916;15;;;9925;12;9928;11;;;9922.0;0.0
yf_ADM_d3;27000;INTARIAN_PEPPER_ROOT;12499;5;12495;17;;;12513;10;12517;29;;;12506.0;0.0
yf_ADM_d3;27100;ASH_COATED_OSMIUM;9918;17;9916;8;;;9924;19;9928;23;;;9921.0;0.0
yf_ADM_d3;27100;INTARIAN_PEPPER_ROOT;12502;18;12499;16;;;12508;7;12510;21;;;12505.0;0.0
yf_ADM_d3;27200;ASH_COATED_OSMIUM;9915;15;9912;16;;;9929;9;9933;21;;;9922.0;0.0
yf_ADM_d3;27200;INTARIAN_PEPPER_ROOT;12501;19;12499;20;;;12508;6;12511;21;;;12504.5;0.0
yf_ADM_d3;27300;ASH_COATED_OSMIUM;9911;14;9908;19;;;9931;13;9934;23;;;9921.0;0.0
yf_ADM_d3;27300;INTARIAN_PEPPER_ROOT;12501;17;12497;20;;;12507;9;12509;20;;;12504.0;0.0
yf_ADM_d3;27400;ASH_COATED_OSMIUM;9918;11;9915;20;;;9924;6;9926;27;;;9921.0;0.0
yf_ADM_d3;27400;INTARIAN_PEPPER_ROOT;12501;13;12497;17;;;12507;18;12511;24;;;12504.0;0.0
yf_ADM_d3;27500;ASH_COATED_OSMIUM;9907;13;9905;27;;;9934;11;9938;14;;;9920.5;0.0
yf_ADM_d3;27500;INTARIAN_PEPPER_ROOT;12502;26;12500;16;;;12508;18;12510;26;;;12505.0;0.0
yf_ADM_d3;27600;ASH_COATED_OSMIUM;9910;12;9907;11;;;9931;25;9933;23;;;9920.5;0.0
yf_ADM_d3;27600;INTARIAN_PEPPER_ROOT;12501;13;12497;10;;;12507;13;12509;14;;;12504.0;0.0
yf_ADM_d3;27700;ASH_COATED_OSMIUM;9917;13;9913;28;;;9923;11;9926;19;;;9920.0;0.0
yf_ADM_d3;27700;INTARIAN_PEPPER_ROOT;12501;25;12497;13;;;12507;10;12510;16;;;12504.0;0.0
yf_ADM_d3;27800;ASH_COATED_OSMIUM;9917;9;9914;24;;;9923;9;9926;15;;;9920.0;0.0
yf_ADM_d3;27800;INTARIAN_PEPPER_ROOT;12498;17;12494;23;;;12509;18;12511;19;;;12503.5;0.0
yf_ADM_d3;27900;ASH_COATED_OSMIUM;9917;5;9915;17;;;9923;16;9925;16;;;9920.0;0.0
yf_ADM_d3;27900;INTARIAN_PEPPER_ROOT;12500;6;12497;22;;;12506;18;12510;27;;;12503.0;0.0
yf_ADM_d3;28000;ASH_COATED_OSMIUM;9917;11;9914;15;;;9923;15;9927;25;;;9920.0;0.0
yf_ADM_d3;28000;INTARIAN_PEPPER_ROOT;12490;15;12487;21;;;12516;9;12520;16;;;12503.0;0.0
yf_ADM_d3;28100;ASH_COATED_OSMIUM;9912;14;9908;25;;;9926;17;9929;16;;;9919.0;0.0
yf_ADM_d3;28100;INTARIAN_PEPPER_ROOT;12500;14;12498;19;;;12506;17;12508;25;;;12503.0;0.0
yf_ADM_d3;28200;ASH_COATED_OSMIUM;9916;7;9913;27;;;9922;16;9926;19;;;9919.0;0.0
yf_ADM_d3;28200;INTARIAN_PEPPER_ROOT;12499;19;12496;19;;;12505;23;12508;15;;;12502.0;0.0
yf_ADM_d3;28300;ASH_COATED_OSMIUM;9916;19;9912;20;;;9922;15;9924;17;;;9919.0;0.0
yf_ADM_d3;28300;INTARIAN_PEPPER_ROOT;12497;17;12495;25;;;12506;12;12509;18;;;12501.5;0.0
yf_ADM_d3;28400;ASH_COATED_OSMIUM;9916;16;9912;23;;;9922;13;9926;17;;;9919.0;0.0
yf_ADM_d3;28400;INTARIAN_PEPPER_ROOT;12498;13;12496;26;;;12504;13;12506;23;;;12501.0;0.0
yf_ADM_d3;28500;ASH_COATED_OSMIUM;9915;15;9911;18;;;9921;18;9923;12;;;9918.0;0.0
yf_ADM_d3;28500;INTARIAN_PEPPER_ROOT;12498;19;12496;29;;;12504;10;12508;8;;;12501.0;0.0
yf_ADM_d3;28600;ASH_COATED_OSMIUM;9916;9;9914;17;;;9922;14;9925;17;;;9919.0;0.0
yf_ADM_d3;28600;INTARIAN_PEPPER_ROOT;12498;13;12496;10;;;12504;6;12508;26;;;12501.0;0.0
yf_ADM_d3;28700;ASH_COATED_OSMIUM;9916;18;9913;20;;;9922;8;9924;16;;;9919.0;0.0
yf_ADM_d3;28700;INTARIAN_PEPPER_ROOT;12493;26;12490;17;;;12507;17;12511;19;;;12500.0;0.0
yf_ADM_d3;28800;ASH_COATED_OSMIUM;9911;11;9907;24;;;9927;8;9929;20;;;9919.0;0.0
yf_ADM_d3;28800;INTARIAN_PEPPER_ROOT;12497;9;12494;28;;;12503;17;12505;25;;;12500.0;0.0
yf_ADM_d3;28900;ASH_COATED_OSMIUM;9910;17;9908;20;;;9927;9;9931;12;;;9918.5;0.0
yf_ADM_d3;28900;INTARIAN_PEPPER_ROOT;12497;9;12493;15;;;12503;11;12505;23;;;12500.0;0.0
yf_ADM_d3;29000;ASH_COATED_OSMIUM;9914;14;9910;16;;;9920;13;9924;22;;;9917.0;0.0
yf_ADM_d3;29000;INTARIAN_PEPPER_ROOT;12491;24;12488;22;;;12507;13;12509;23;;;12499.0;0.0
yf_ADM_d3;29100;ASH_COATED_OSMIUM;9913;18;9910;10;;;9922;11;9926;23;;;9917.5;0.0
yf_ADM_d3;29100;INTARIAN_PEPPER_ROOT;12489;11;12487;31;;;12512;17;12515;22;;;12500.5;0.0
yf_ADM_d3;29200;ASH_COATED_OSMIUM;9913;19;9909;25;;;9921;14;9924;18;;;9917.0;0.0
yf_ADM_d3;29200;INTARIAN_PEPPER_ROOT;12496;13;12494;17;;;12502;24;12505;22;;;12499.0;0.0
yf_ADM_d3;29300;ASH_COATED_OSMIUM;9914;10;9911;18;;;9922;14;9926;24;;;9918.0;0.0
yf_ADM_d3;29300;INTARIAN_PEPPER_ROOT;12489;13;12487;18;;;12508;6;12511;26;;;12498.5;0.0
yf_ADM_d3;29400;ASH_COATED_OSMIUM;9914;14;9910;18;;;9920;25;9922;17;;;9917.0;0.0
yf_ADM_d3;29400;INTARIAN_PEPPER_ROOT;12490;10;12488;20;;;12507;11;12510;14;;;12498.5;0.0
yf_ADM_d3;29500;ASH_COATED_OSMIUM;9909;21;9905;20;;;9924;18;9928;19;;;9916.5;0.0
yf_ADM_d3;29500;INTARIAN_PEPPER_ROOT;12490;12;12487;26;;;12506;18;12510;16;;;12498.0;0.0
yf_ADM_d3;29600;ASH_COATED_OSMIUM;9913;12;9911;20;;;9921;12;9924;20;;;9917.0;0.0
yf_ADM_d3;29600;INTARIAN_PEPPER_ROOT;12495;9;12492;21;;;12501;16;12503;18;;;12498.0;0.0
yf_ADM_d3;29700;ASH_COATED_OSMIUM;9912;23;9910;21;;;9921;14;9925;27;;;9916.5;0.0
yf_ADM_d3;29700;INTARIAN_PEPPER_ROOT;12495;9;12491;20;;;12501;9;12503;33;;;12498.0;0.0
yf_ADM_d3;29800;ASH_COATED_OSMIUM;9911;19;9909;15;;;9922;17;9924;22;;;9916.5;0.0
yf_ADM_d3;29800;INTARIAN_PEPPER_ROOT;12494;12;12491;15;;;12501;17;12505;14;;;12497.5;0.0
yf_ADM_d3;29900;ASH_COATED_OSMIUM;9912;20;9910;23;;;9921;14;9923;19;;;9916.5;0.0
yf_ADM_d3;29900;INTARIAN_PEPPER_ROOT;12494;16;12491;17;;;12500;15;12504;29;;;12497.0;0.0
yf_ADM_d3;30000;ASH_COATED_OSMIUM;9913;5;9911;20;;;9919;11;9923;25;;;9916.0;0.0
yf_ADM_d3;30000;INTARIAN_PEPPER_ROOT;12494;13;12490;21;;;12500;24;12504;19;;;12497.0;0.0
yf_ADM_d3;30100;ASH_COATED_OSMIUM;9913;17;9910;17;;;9919;12;9922;25;;;9916.0;0.0
yf_ADM_d3;30100;INTARIAN_PEPPER_ROOT;12490;11;12488;20;;;12503;13;12505;19;;;12496.5;0.0
yf_ADM_d3;30200;ASH_COATED_OSMIUM;9913;10;9910;26;;;9919;15;9921;18;;;9916.0;0.0
yf_ADM_d3;30200;INTARIAN_PEPPER_ROOT;12493;11;12489;20;;;12499;15;12502;20;;;12496.0;0.0
yf_ADM_d3;30300;ASH_COATED_OSMIUM;9907;23;9903;22;;;9923;23;9927;14;;;9915.0;0.0
yf_ADM_d3;30300;INTARIAN_PEPPER_ROOT;12493;11;12490;23;;;12499;20;12501;20;;;12496.0;0.0
yf_ADM_d3;30400;ASH_COATED_OSMIUM;9912;8;9909;16;;;9918;19;9922;22;;;9915.0;0.0
yf_ADM_d3;30400;INTARIAN_PEPPER_ROOT;12490;13;12486;22;;;12501;17;12505;16;;;12495.5;0.0
yf_ADM_d3;30500;ASH_COATED_OSMIUM;9911;10;9909;15;;;9919;14;9921;16;;;9915.0;0.0
yf_ADM_d3;30500;INTARIAN_PEPPER_ROOT;12492;11;12489;20;;;12498;20;12500;23;;;12495.0;0.0
yf_ADM_d3;30600;ASH_COATED_OSMIUM;9912;19;9908;30;;;9918;14;9921;21;;;9915.0;0.0
yf_ADM_d3;30600;INTARIAN_PEPPER_ROOT;12492;10;12488;24;;;12498;12;12500;20;;;12495.0;0.0
yf_ADM_d3;30700;ASH_COATED_OSMIUM;9911;22;9908;24;;;9917;12;9921;26;;;9914.0;0.0
yf_ADM_d3;30700;INTARIAN_PEPPER_ROOT;12492;11;12489;15;;;12498;24;12500;20;;;12495.0;0.0
yf_ADM_d3;30800;ASH_COATED_OSMIUM;9911;15;9909;18;;;9917;13;9919;21;;;9914.0;0.0
yf_ADM_d3;30800;INTARIAN_PEPPER_ROOT;12492;18;12489;21;;;12498;14;12500;16;;;12495.0;0.0
yf_ADM_d3;30900;ASH_COATED_OSMIUM;9911;13;9908;16;;;9917;14;9921;20;;;9914.0;0.0
yf_ADM_d3;30900;INTARIAN_PEPPER_ROOT;12492;21;12488;17;;;12498;5;12501;31;;;12495.0;0.0
yf_ADM_d3;31000;ASH_COATED_OSMIUM;9909;15;9907;18;;;9917;19;9921;10;;;9913.0;0.0
yf_ADM_d3;31000;INTARIAN_PEPPER_ROOT;12491;17;12487;28;;;12497;6;12500;15;;;12494.0;0.0
yf_ADM_d3;31100;ASH_COATED_OSMIUM;9907;15;9905;26;;;9921;19;9925;17;;;9914.0;0.0
yf_ADM_d3;31100;INTARIAN_PEPPER_ROOT;12491;11;12487;15;;;12497;10;12499;20;;;12494.0;0.0
yf_ADM_d3;31200;ASH_COATED_OSMIUM;9907;11;9903;21;;;9920;16;9923;12;;;9913.5;0.0
yf_ADM_d3;31200;INTARIAN_PEPPER_ROOT;12489;16;12485;22;;;12498;19;12501;15;;;12493.5;0.0
yf_ADM_d3;31300;ASH_COATED_OSMIUM;9910;15;9907;8;;;9916;14;9920;19;;;9913.0;0.0
yf_ADM_d3;31300;INTARIAN_PEPPER_ROOT;12490;20;12488;22;;;12496;9;12498;11;;;12493.0;0.0
yf_ADM_d3;31400;ASH_COATED_OSMIUM;9911;20;9909;18;;;9917;20;9919;12;;;9914.0;0.0
yf_ADM_d3;31400;INTARIAN_PEPPER_ROOT;12490;8;12486;17;;;12497;20;12501;26;;;12493.5;0.0
yf_ADM_d3;31500;ASH_COATED_OSMIUM;9908;13;9906;19;;;9919;10;9922;17;;;9913.5;0.0
yf_ADM_d3;31500;INTARIAN_PEPPER_ROOT;12490;14;12488;18;;;12496;18;12499;29;;;12493.0;0.0
yf_ADM_d3;31600;ASH_COATED_OSMIUM;9910;17;9906;21;;;9916;18;9918;17;;;9913.0;0.0
yf_ADM_d3;31600;INTARIAN_PEPPER_ROOT;12485;12;12483;21;;;12499;17;12503;19;;;12492.0;0.0
yf_ADM_d3;31700;ASH_COATED_OSMIUM;9906;14;9903;24;;;9919;17;9922;19;;;9912.5;0.0
yf_ADM_d3;31700;INTARIAN_PEPPER_ROOT;12489;18;12487;20;;;12495;21;12497;23;;;12492.0;0.0
yf_ADM_d3;31800;ASH_COATED_OSMIUM;9910;17;9907;21;;;9916;10;9920;19;;;9913.0;0.0
yf_ADM_d3;31800;INTARIAN_PEPPER_ROOT;12489;19;12487;21;;;12495;16;12497;8;;;12492.0;0.0
yf_ADM_d3;31900;ASH_COATED_OSMIUM;9909;27;9905;15;;;9915;18;9918;17;;;9912.0;0.0
yf_ADM_d3;31900;INTARIAN_PEPPER_ROOT;12489;17;12486;19;;;12495;15;12499;29;;;12492.0;0.0
yf_ADM_d3;32000;ASH_COATED_OSMIUM;9904;23;9902;26;;;9921;15;9925;18;;;9912.5;0.0
yf_ADM_d3;32000;INTARIAN_PEPPER_ROOT;12488;18;12484;8;;;12494;18;12498;26;;;12491.0;0.0
yf_ADM_d3;32100;ASH_COATED_OSMIUM;9900;18;9897;14;;;9925;16;9928;10;;;9912.5;0.0
yf_ADM_d3;32100;INTARIAN_PEPPER_ROOT;12488;16;12485;16;;;12494;22;12498;21;;;12491.0;0.0
yf_ADM_d3;32200;ASH_COATED_OSMIUM;9909;20;9905;32;;;9915;18;9918;16;;;9912.0;0.0
yf_ADM_d3;32200;INTARIAN_PEPPER_ROOT;12488;26;12486;17;;;12494;15;12497;22;;;12491.0;0.0
yf_ADM_d3;32300;ASH_COATED_OSMIUM;9909;11;9905;23;;;9915;14;9918;25;;;9912.0;0.0
yf_ADM_d3;32300;INTARIAN_PEPPER_ROOT;12487;17;12483;25;;;12493;18;12495;25;;;12490.0;0.0
yf_ADM_d3;32400;ASH_COATED_OSMIUM;9908;17;9906;13;;;9914;9;9916;19;;;9911.0;0.0
yf_ADM_d3;32400;INTARIAN_PEPPER_ROOT;12478;12;12475;27;;;12501;22;12503;15;;;12489.5;0.0
yf_ADM_d3;32500;ASH_COATED_OSMIUM;9909;12;9906;23;;;9915;17;9919;23;;;9912.0;0.0
yf_ADM_d3;32500;INTARIAN_PEPPER_ROOT;12486;11;12484;17;;;12492;25;12494;22;;;12489.0;0.0
yf_ADM_d3;32600;ASH_COATED_OSMIUM;9908;17;9904;20;;;9914;22;9918;20;;;9911.0;0.0
yf_ADM_d3;32600;INTARIAN_PEPPER_ROOT;12483;12;12479;12;;;12495;11;12499;33;;;12489.0;0.0
yf_ADM_d3;32700;ASH_COATED_OSMIUM;9909;11;9907;17;;;9915;15;9919;21;;;9912.0;0.0
yf_ADM_d3;32700;INTARIAN_PEPPER_ROOT;12486;14;12484;20;;;12492;11;12495;21;;;12489.0;0.0
yf_ADM_d3;32800;ASH_COATED_OSMIUM;9908;16;9905;18;;;9914;22;9918;18;;;9911.0;0.0
yf_ADM_d3;32800;INTARIAN_PEPPER_ROOT;12484;16;12482;17;;;12493;16;12497;14;;;12488.5;0.0
yf_ADM_d3;32900;ASH_COATED_OSMIUM;9897;13;9895;16;;;9923;15;9925;14;;;9910.0;0.0
yf_ADM_d3;32900;INTARIAN_PEPPER_ROOT;12485;18;12482;23;;;12491;23;12494;12;;;12488.0;0.0
yf_ADM_d3;33000;ASH_COATED_OSMIUM;9906;13;9903;13;;;9916;8;9918;19;;;9911.0;0.0
yf_ADM_d3;33000;INTARIAN_PEPPER_ROOT;12485;15;12482;23;;;12491;17;12494;23;;;12488.0;0.0
yf_ADM_d3;33100;ASH_COATED_OSMIUM;9903;15;9901;22;;;9917;5;9919;27;;;9910.0;0.0
yf_ADM_d3;33100;INTARIAN_PEPPER_ROOT;12485;14;12483;17;;;12491;13;12495;26;;;12488.0;0.0
yf_ADM_d3;33200;ASH_COATED_OSMIUM;9901;18;9899;15;;;9920;10;9924;23;;;9910.5;0.0
yf_ADM_d3;33200;INTARIAN_PEPPER_ROOT;12484;11;12481;23;;;12490;12;12494;14;;;12487.0;0.0
yf_ADM_d3;33300;ASH_COATED_OSMIUM;9907;12;9905;15;;;9913;8;9917;22;;;9910.0;0.0
yf_ADM_d3;33300;INTARIAN_PEPPER_ROOT;12484;19;12480;24;;;12490;17;12492;10;;;12487.0;0.0
yf_ADM_d3;33400;ASH_COATED_OSMIUM;9903;5;9900;20;;;9916;22;9919;24;;;9909.5;0.0
yf_ADM_d3;33400;INTARIAN_PEPPER_ROOT;12484;6;12482;23;;;12490;9;12492;16;;;12487.0;0.0
yf_ADM_d3;33500;ASH_COATED_OSMIUM;9906;21;9903;12;;;9912;19;9914;17;;;9909.0;0.0
yf_ADM_d3;33500;INTARIAN_PEPPER_ROOT;12472;13;12469;21;;;12502;15;12506;13;;;12487.0;0.0
yf_ADM_d3;33600;ASH_COATED_OSMIUM;9907;27;9903;20;;;9913;13;9916;18;;;9910.0;0.0
yf_ADM_d3;33600;INTARIAN_PEPPER_ROOT;12483;13;12480;21;;;12489;20;12491;20;;;12486.0;0.0
yf_ADM_d3;33700;ASH_COATED_OSMIUM;9906;19;9902;25;;;9912;20;9916;23;;;9909.0;0.0
yf_ADM_d3;33700;INTARIAN_PEPPER_ROOT;12483;9;12480;22;;;12489;15;12491;18;;;12486.0;0.0
yf_ADM_d3;33800;ASH_COATED_OSMIUM;9906;10;9903;21;;;9912;13;9914;25;;;9909.0;0.0
yf_ADM_d3;33800;INTARIAN_PEPPER_ROOT;12476;9;12473;20;;;12496;13;12499;23;;;12486.0;0.0
yf_ADM_d3;33900;ASH_COATED_OSMIUM;9906;11;9903;12;;;9912;15;9915;17;;;9909.0;0.0
yf_ADM_d3;33900;INTARIAN_PEPPER_ROOT;12481;9;12479;23;;;12491;17;12494;19;;;12486.0;0.0
yf_ADM_d3;34000;ASH_COATED_OSMIUM;9902;11;9899;20;;;9914;21;9918;27;;;9908.0;0.0
yf_ADM_d3;34000;INTARIAN_PEPPER_ROOT;12483;14;12480;8;;;12489;21;12491;16;;;12486.0;0.0
yf_ADM_d3;34100;ASH_COATED_OSMIUM;9906;17;9904;17;;;9912;14;9916;27;;;9909.0;0.0
yf_ADM_d3;34100;INTARIAN_PEPPER_ROOT;12484;7;12481;22;;;12490;5;12493;24;;;12487.0;0.0
yf_ADM_d3;34200;ASH_COATED_OSMIUM;9904;10;9901;17;;;9914;20;9916;18;;;9909.0;0.0
yf_ADM_d3;34200;INTARIAN_PEPPER_ROOT;12484;16;12481;17;;;12490;13;12492;21;;;12487.0;0.0
yf_ADM_d3;34300;ASH_COATED_OSMIUM;9907;9;9903;27;;;9913;14;9917;15;;;9910.0;0.0
yf_ADM_d3;34300;INTARIAN_PEPPER_ROOT;12475;13;12471;23;;;12502;15;12505;21;;;12488.5;0.0
yf_ADM_d3;34400;ASH_COATED_OSMIUM;9907;13;9904;23;;;9913;14;9916;24;;;9910.0;0.0
yf_ADM_d3;34400;INTARIAN_PEPPER_ROOT;12485;24;12482;20;;;12493;8;12497;22;;;12489.0;0.0
yf_ADM_d3;34500;ASH_COATED_OSMIUM;9906;15;9903;16;;;9914;19;9916;25;;;9910.0;0.0
yf_ADM_d3;34500;INTARIAN_PEPPER_ROOT;12486;17;12482;24;;;12493;28;12495;23;;;12489.5;0.0
yf_ADM_d3;34600;ASH_COATED_OSMIUM;9907;24;9903;15;;;9913;22;9917;21;;;9910.0;0.0
yf_ADM_d3;34600;INTARIAN_PEPPER_ROOT;12487;9;12484;19;;;12493;18;12496;22;;;12490.0;0.0
yf_ADM_d3;34700;ASH_COATED_OSMIUM;9907;18;9903;21;;;9913;14;9916;19;;;9910.0;0.0
yf_ADM_d3;34700;INTARIAN_PEPPER_ROOT;12486;13;12482;17;;;12495;14;12498;18;;;12490.5;0.0
yf_ADM_d3;34800;ASH_COATED_OSMIUM;9903;18;9901;23;;;9918;18;9922;15;;;9910.5;0.0
yf_ADM_d3;34800;INTARIAN_PEPPER_ROOT;12488;17;12484;25;;;12494;5;12498;16;;;12491.0;0.0
yf_ADM_d3;34900;ASH_COATED_OSMIUM;9905;16;9901;21;;;9916;18;9918;11;;;9910.5;0.0
yf_ADM_d3;34900;INTARIAN_PEPPER_ROOT;12489;15;12487;18;;;12495;17;12497;16;;;12492.0;0.0
yf_ADM_d3;35000;ASH_COATED_OSMIUM;9908;18;9904;13;;;9914;23;9916;16;;;9911.0;0.0
yf_ADM_d3;35000;INTARIAN_PEPPER_ROOT;12489;13;12485;12;;;12495;18;12497;30;;;12492.0;0.0
yf_ADM_d3;35100;ASH_COATED_OSMIUM;9898;5;9896;16;;;9924;12;9926;13;;;9911.0;0.0
yf_ADM_d3;35100;INTARIAN_PEPPER_ROOT;12491;10;12487;17;;;12497;22;12501;21;;;12494.0;0.0
yf_ADM_d3;35200;ASH_COATED_OSMIUM;9906;14;9902;11;;;9915;12;9917;26;;;9910.5;0.0
yf_ADM_d3;35200;INTARIAN_PEPPER_ROOT;12491;16;12488;17;;;12497;11;12500;20;;;12494.0;0.0
yf_ADM_d3;35300;ASH_COATED_OSMIUM;9894;16;9892;20;;;9929;9;9931;25;;;9911.5;0.0
yf_ADM_d3;35300;INTARIAN_PEPPER_ROOT;12491;16;12487;18;;;12497;25;12500;15;;;12494.0;0.0
yf_ADM_d3;35400;ASH_COATED_OSMIUM;9909;15;9905;23;;;9915;14;9918;19;;;9912.0;0.0
yf_ADM_d3;35400;INTARIAN_PEPPER_ROOT;12492;14;12488;11;;;12498;5;12501;16;;;12495.0;0.0
yf_ADM_d3;35500;ASH_COATED_OSMIUM;9909;6;9906;21;;;9915;18;9917;18;;;9912.0;0.0
yf_ADM_d3;35500;INTARIAN_PEPPER_ROOT;12493;5;12490;21;;;12499;16;12501;29;;;12496.0;0.0
yf_ADM_d3;35600;ASH_COATED_OSMIUM;9902;13;9900;21;;;9923;13;9926;23;;;9912.5;0.0
yf_ADM_d3;35600;INTARIAN_PEPPER_ROOT;12494;21;12491;15;;;12500;13;12503;19;;;12497.0;0.0
yf_ADM_d3;35700;ASH_COATED_OSMIUM;9907;15;9905;9;;;9916;15;9918;19;;;9911.5;0.0
yf_ADM_d3;35700;INTARIAN_PEPPER_ROOT;12493;13;12489;26;;;12502;17;12505;8;;;12497.5;0.0
yf_ADM_d3;35800;ASH_COATED_OSMIUM;9910;11;9908;19;;;9916;8;9920;20;;;9913.0;0.0
yf_ADM_d3;35800;INTARIAN_PEPPER_ROOT;12495;14;12492;13;;;12501;20;12505;21;;;12498.0;0.0
yf_ADM_d3;35900;ASH_COATED_OSMIUM;9903;21;9900;12;;;9922;16;9925;29;;;9912.5;0.0
yf_ADM_d3;35900;INTARIAN_PEPPER_ROOT;12494;21;12492;27;;;12503;15;12507;30;;;12498.5;0.0
yf_ADM_d3;36000;ASH_COATED_OSMIUM;9910;15;9906;23;;;9918;17;9922;15;;;9914.0;0.0
yf_ADM_d3;36000;INTARIAN_PEPPER_ROOT;12496;15;12494;22;;;12502;16;12506;22;;;12499.0;0.0
yf_ADM_d3;36100;ASH_COATED_OSMIUM;9909;13;9907;23;;;9918;7;9920;21;;;9913.5;0.0
yf_ADM_d3;36100;INTARIAN_PEPPER_ROOT;12490;14;12487;24;;;12509;6;12511;24;;;12499.5;0.0
yf_ADM_d3;36200;ASH_COATED_OSMIUM;9910;20;9908;17;;;9916;11;9920;23;;;9913.0;0.0
yf_ADM_d3;36200;INTARIAN_PEPPER_ROOT;12497;10;12495;27;;;12503;18;12505;16;;;12500.0;0.0
yf_ADM_d3;36300;ASH_COATED_OSMIUM;9906;12;9904;18;;;9920;15;9923;22;;;9913.0;0.0
yf_ADM_d3;36300;INTARIAN_PEPPER_ROOT;12497;12;12494;22;;;12506;10;12509;18;;;12501.5;0.0
yf_ADM_d3;36400;ASH_COATED_OSMIUM;9910;11;9906;26;;;9916;14;9918;18;;;9913.0;0.0
yf_ADM_d3;36400;INTARIAN_PEPPER_ROOT;12491;25;12487;17;;;12512;10;12514;22;;;12501.5;0.0
yf_ADM_d3;36500;ASH_COATED_OSMIUM;9905;11;9901;20;;;9923;16;9925;12;;;9914.0;0.0
yf_ADM_d3;36500;INTARIAN_PEPPER_ROOT;12500;14;12498;13;;;12506;15;12508;26;;;12503.0;0.0
yf_ADM_d3;36600;ASH_COATED_OSMIUM;9911;17;9907;21;;;9917;16;9921;16;;;9914.0;0.0
yf_ADM_d3;36600;INTARIAN_PEPPER_ROOT;12500;16;12498;15;;;12506;19;12508;19;;;12503.0;0.0
yf_ADM_d3;36700;ASH_COATED_OSMIUM;9911;7;9909;22;;;9917;10;9921;25;;;9914.0;0.0
yf_ADM_d3;36700;INTARIAN_PEPPER_ROOT;12501;20;12498;23;;;12507;26;12510;21;;;12504.0;0.0
yf_ADM_d3;36800;ASH_COATED_OSMIUM;9911;17;9907;15;;;9917;18;9921;23;;;9914.0;0.0
yf_ADM_d3;36800;INTARIAN_PEPPER_ROOT;12501;10;12498;23;;;12507;17;12511;13;;;12504.0;0.0
yf_ADM_d3;36900;ASH_COATED_OSMIUM;9912;8;9909;24;;;9918;17;9922;20;;;9915.0;0.0
yf_ADM_d3;36900;INTARIAN_PEPPER_ROOT;12502;12;12499;16;;;12508;22;12510;18;;;12505.0;0.0
yf_ADM_d3;37000;ASH_COATED_OSMIUM;9912;20;9908;15;;;9918;16;9920;13;;;9915.0;0.0
yf_ADM_d3;37000;INTARIAN_PEPPER_ROOT;12502;15;12498;19;;;12508;26;12512;19;;;12505.0;0.0
yf_ADM_d3;37100;ASH_COATED_OSMIUM;9907;19;9903;24;;;9923;14;9925;27;;;9915.0;0.0
yf_ADM_d3;37100;INTARIAN_PEPPER_ROOT;12499;20;12497;25;;;12515;26;12517;16;;;12507.0;0.0
yf_ADM_d3;37200;ASH_COATED_OSMIUM;9912;24;9908;11;;;9918;12;9920;13;;;9915.0;0.0
yf_ADM_d3;37200;INTARIAN_PEPPER_ROOT;12504;9;12501;16;;;12510;15;12513;14;;;12507.0;0.0
yf_ADM_d3;37300;ASH_COATED_OSMIUM;9912;19;9910;12;;;9918;20;9921;18;;;9915.0;0.0
yf_ADM_d3;37300;INTARIAN_PEPPER_ROOT;12505;15;12502;19;;;12511;21;12515;16;;;12508.0;0.0
yf_ADM_d3;37400;ASH_COATED_OSMIUM;9912;16;9910;16;;;9918;17;9921;26;;;9915.0;0.0
yf_ADM_d3;37400;INTARIAN_PEPPER_ROOT;12505;21;12501;15;;;12511;11;12514;22;;;12508.0;0.0
yf_ADM_d3;37500;ASH_COATED_OSMIUM;9909;9;9905;16;;;9921;15;9925;18;;;9915.0;0.0
yf_ADM_d3;37500;INTARIAN_PEPPER_ROOT;12505;13;12502;14;;;12512;14;12516;10;;;12508.5;0.0
yf_ADM_d3;37600;ASH_COATED_OSMIUM;9913;13;9910;12;;;9919;17;9921;21;;;9916.0;0.0
yf_ADM_d3;37600;INTARIAN_PEPPER_ROOT;12506;21;12504;20;;;12512;15;12514;15;;;12509.0;0.0
yf_ADM_d3;37700;ASH_COATED_OSMIUM;9913;20;9911;25;;;9920;17;9923;16;;;9916.5;0.0
yf_ADM_d3;37700;INTARIAN_PEPPER_ROOT;12507;6;12504;17;;;12513;18;12517;19;;;12510.0;0.0
yf_ADM_d3;37800;ASH_COATED_OSMIUM;9913;17;9909;20;;;9919;5;9923;23;;;9916.0;0.0
yf_ADM_d3;37800;INTARIAN_PEPPER_ROOT;12501;18;12498;26;;;12520;19;12524;19;;;12510.5;0.0
yf_ADM_d3;37900;ASH_COATED_OSMIUM;9913;15;9910;13;;;9919;6;9922;15;;;9916.0;0.0
yf_ADM_d3;37900;INTARIAN_PEPPER_ROOT;12508;14;12506;17;;;12514;12;12516;20;;;12511.0;0.0
yf_ADM_d3;38000;ASH_COATED_OSMIUM;9913;26;9911;20;;;9919;22;9921;21;;;9916.0;0.0
yf_ADM_d3;38000;INTARIAN_PEPPER_ROOT;12509;16;12507;25;;;12515;6;12519;29;;;12512.0;0.0
yf_ADM_d3;38100;ASH_COATED_OSMIUM;9914;18;9912;15;;;9920;15;9924;18;;;9917.0;0.0
yf_ADM_d3;38100;INTARIAN_PEPPER_ROOT;12505;17;12501;12;;;12520;11;12523;18;;;12512.5;0.0
yf_ADM_d3;38200;ASH_COATED_OSMIUM;9914;17;9912;26;;;9920;19;9924;24;;;9917.0;0.0
yf_ADM_d3;38200;INTARIAN_PEPPER_ROOT;12510;10;12506;22;;;12516;18;12520;28;;;12513.0;0.0
yf_ADM_d3;38300;ASH_COATED_OSMIUM;9914;14;9912;16;;;9920;22;9924;22;;;9917.0;0.0
yf_ADM_d3;38300;INTARIAN_PEPPER_ROOT;12510;6;12507;18;;;12518;16;12520;16;;;12514.0;0.0
yf_ADM_d3;38400;ASH_COATED_OSMIUM;9911;16;9908;17;;;9925;17;9927;17;;;9918.0;0.0
yf_ADM_d3;38400;INTARIAN_PEPPER_ROOT;12512;15;12509;17;;;12518;14;12522;18;;;12515.0;0.0
yf_ADM_d3;38500;ASH_COATED_OSMIUM;9915;7;9913;13;;;9921;13;9925;17;;;9918.0;0.0
yf_ADM_d3;38500;INTARIAN_PEPPER_ROOT;12512;15;12510;11;;;12518;12;12521;25;;;12515.0;0.0
yf_ADM_d3;38600;ASH_COATED_OSMIUM;9903;19;9899;13;;;9932;8;9935;26;;;9917.5;0.0
yf_ADM_d3;38600;INTARIAN_PEPPER_ROOT;12510;16;12506;16;;;12520;13;12524;25;;;12515.0;0.0
yf_ADM_d3;38700;ASH_COATED_OSMIUM;9910;16;9907;27;;;9926;7;9928;22;;;9918.0;0.0
yf_ADM_d3;38700;INTARIAN_PEPPER_ROOT;12514;18;12512;23;;;12520;15;12523;17;;;12517.0;0.0
yf_ADM_d3;38800;ASH_COATED_OSMIUM;9915;23;9912;19;;;9922;21;9926;21;;;9918.5;0.0
yf_ADM_d3;38800;INTARIAN_PEPPER_ROOT;12512;12;12510;17;;;12522;17;12525;23;;;12517.0;0.0
yf_ADM_d3;38900;ASH_COATED_OSMIUM;9910;6;9906;20;;;9927;14;9931;22;;;9918.5;0.0
yf_ADM_d3;38900;INTARIAN_PEPPER_ROOT;12515;16;12513;19;;;12521;13;12525;19;;;12518.0;0.0
yf_ADM_d3;39000;ASH_COATED_OSMIUM;9914;17;9912;13;;;9923;20;9925;18;;;9918.5;0.0
yf_ADM_d3;39000;INTARIAN_PEPPER_ROOT;12516;16;12513;24;;;12522;20;12524;20;;;12519.0;0.0
yf_ADM_d3;39100;ASH_COATED_OSMIUM;9914;14;9910;18;;;9924;16;9928;20;;;9919.0;0.0
yf_ADM_d3;39100;INTARIAN_PEPPER_ROOT;12515;20;12511;22;;;12522;14;12524;19;;;12518.5;0.0
yf_ADM_d3;39200;ASH_COATED_OSMIUM;9915;21;9913;18;;;9922;10;9924;11;;;9918.5;0.0
yf_ADM_d3;39200;INTARIAN_PEPPER_ROOT;12512;15;12509;17;;;12527;6;12529;18;;;12519.5;0.0
yf_ADM_d3;39300;ASH_COATED_OSMIUM;9916;17;9914;14;;;9922;17;9924;19;;;9919.0;0.0
yf_ADM_d3;39300;INTARIAN_PEPPER_ROOT;12517;9;12513;19;;;12523;19;12526;17;;;12520.0;0.0
yf_ADM_d3;39400;ASH_COATED_OSMIUM;9917;14;9915;13;;;9923;7;9925;15;;;9920.0;0.0
yf_ADM_d3;39400;INTARIAN_PEPPER_ROOT;12518;11;12515;25;;;12524;12;12527;16;;;12521.0;0.0
yf_ADM_d3;39500;ASH_COATED_OSMIUM;9915;8;9913;20;;;9923;21;9926;19;;;9919.0;0.0
yf_ADM_d3;39500;INTARIAN_PEPPER_ROOT;12518;22;12514;17;;;12525;18;12529;19;;;12521.5;0.0
yf_ADM_d3;39600;ASH_COATED_OSMIUM;9917;19;9915;12;;;9923;16;9925;18;;;9920.0;0.0
yf_ADM_d3;39600;INTARIAN_PEPPER_ROOT;12516;13;12512;19;;;12529;17;12532;15;;;12522.5;0.0
yf_ADM_d3;39700;ASH_COATED_OSMIUM;9916;13;9913;29;;;9924;14;9926;16;;;9920.0;0.0
yf_ADM_d3;39700;INTARIAN_PEPPER_ROOT;12518;12;12515;16;;;12526;16;12530;20;;;12522.0;0.0
yf_ADM_d3;39800;ASH_COATED_OSMIUM;9913;8;9909;33;;;9928;11;9931;9;;;9920.5;0.0
yf_ADM_d3;39800;INTARIAN_PEPPER_ROOT;12521;5;12519;24;;;12527;26;12529;19;;;12524.0;0.0
yf_ADM_d3;39900;ASH_COATED_OSMIUM;9918;10;9916;17;;;9924;17;9927;18;;;9921.0;0.0
yf_ADM_d3;39900;INTARIAN_PEPPER_ROOT;12521;9;12517;17;;;12527;22;12531;21;;;12524.0;0.0
yf_ADM_d3;40000;ASH_COATED_OSMIUM;9916;17;9914;13;;;9926;16;9929;16;;;9921.0;0.0
yf_ADM_d3;40000;INTARIAN_PEPPER_ROOT;12518;18;12514;22;;;12532;15;12534;20;;;12525.0;0.0
yf_ADM_d3;40100;ASH_COATED_OSMIUM;9919;13;9916;26;;;9925;30;9929;22;;;9922.0;0.0
yf_ADM_d3;40100;INTARIAN_PEPPER_ROOT;12521;14;12518;15;;;12529;10;12533;25;;;12525.0;0.0
yf_ADM_d3;40200;ASH_COATED_OSMIUM;9918;8;9915;28;;;9924;8;9927;18;;;9921.0;0.0
yf_ADM_d3;40200;INTARIAN_PEPPER_ROOT;12522;17;12518;19;;;12531;19;12534;24;;;12526.5;0.0
yf_ADM_d3;40300;ASH_COATED_OSMIUM;9916;8;9912;20;;;9927;19;9929;21;;;9921.5;0.0
yf_ADM_d3;40300;INTARIAN_PEPPER_ROOT;12523;15;12520;20;;;12529;8;12531;18;;;12526.0;0.0
yf_ADM_d3;40400;ASH_COATED_OSMIUM;9918;11;9915;16;;;9924;20;9926;27;;;9921.0;0.0
yf_ADM_d3;40400;INTARIAN_PEPPER_ROOT;12520;15;12517;13;;;12535;13;12537;23;;;12527.5;0.0
yf_ADM_d3;40500;ASH_COATED_OSMIUM;9909;17;9905;15;;;9933;11;9936;14;;;9921.0;0.0
yf_ADM_d3;40500;INTARIAN_PEPPER_ROOT;12525;23;12522;14;;;12531;15;12534;24;;;12528.0;0.0
yf_ADM_d3;40600;ASH_COATED_OSMIUM;9919;18;9915;22;;;9925;19;9928;25;;;9922.0;0.0
yf_ADM_d3;40600;INTARIAN_PEPPER_ROOT;12523;14;12519;22;;;12536;19;12540;18;;;12529.5;0.0
yf_ADM_d3;40700;ASH_COATED_OSMIUM;9919;18;9915;29;;;9925;12;9927;22;;;9922.0;0.0
yf_ADM_d3;40700;INTARIAN_PEPPER_ROOT;12526;18;12524;23;;;12532;17;12535;15;;;12529.0;0.0
yf_ADM_d3;40800;ASH_COATED_OSMIUM;9918;17;9915;18;;;9926;13;9928;23;;;9922.0;0.0
yf_ADM_d3;40800;INTARIAN_PEPPER_ROOT;12527;16;12525;18;;;12533;20;12535;25;;;12530.0;0.0
yf_ADM_d3;40900;ASH_COATED_OSMIUM;9919;14;9915;16;;;9925;14;9928;19;;;9922.0;0.0
yf_ADM_d3;40900;INTARIAN_PEPPER_ROOT;12528;12;12524;11;;;12534;13;12538;23;;;12531.0;0.0
yf_ADM_d3;41000;ASH_COATED_OSMIUM;9919;10;9917;11;;;9925;16;9927;18;;;9922.0;0.0
yf_ADM_d3;41000;INTARIAN_PEPPER_ROOT;12529;10;12527;30;;;12535;21;12537;18;;;12532.0;0.0
yf_ADM_d3;41100;ASH_COATED_OSMIUM;9920;10;9916;14;;;9926;19;9928;24;;;9923.0;0.0
yf_ADM_d3;41100;INTARIAN_PEPPER_ROOT;12524;5;12520;14;;;12539;6;12542;18;;;12531.5;0.0
yf_ADM_d3;41200;ASH_COATED_OSMIUM;9920;19;9918;23;;;9926;17;9929;19;;;9923.0;0.0
yf_ADM_d3;41200;INTARIAN_PEPPER_ROOT;12530;15;12528;20;;;12536;13;12539;19;;;12533.0;0.0
yf_ADM_d3;41300;ASH_COATED_OSMIUM;9914;18;9910;24;;;9931;13;9935;18;;;9922.5;0.0
yf_ADM_d3;41300;INTARIAN_PEPPER_ROOT;12530;25;12528;9;;;12536;9;12538;29;;;12533.0;0.0
yf_ADM_d3;41400;ASH_COATED_OSMIUM;9917;8;9914;20;;;9930;17;9932;17;;;9923.5;0.0
yf_ADM_d3;41400;INTARIAN_PEPPER_ROOT;12531;18;12528;18;;;12537;11;12541;30;;;12534.0;0.0
yf_ADM_d3;41500;ASH_COATED_OSMIUM;9920;14;9916;18;;;9926;12;9930;28;;;9923.0;0.0
yf_ADM_d3;41500;INTARIAN_PEPPER_ROOT;12516;10;12513;14;;;12552;16;12555;14;;;12534.0;0.0
yf_ADM_d3;41600;ASH_COATED_OSMIUM;9920;15;9918;18;;;9926;16;9930;15;;;9923.0;0.0
yf_ADM_d3;41600;INTARIAN_PEPPER_ROOT;12533;12;12530;19;;;12539;16;12541;20;;;12536.0;0.0
yf_ADM_d3;41700;ASH_COATED_OSMIUM;9921;9;9918;16;;;9928;11;9931;26;;;9924.5;0.0
yf_ADM_d3;41700;INTARIAN_PEPPER_ROOT;12533;13;12531;18;;;12539;26;12541;10;;;12536.0;0.0
yf_ADM_d3;41800;ASH_COATED_OSMIUM;9921;18;9919;19;;;9927;9;9931;10;;;9924.0;0.0
yf_ADM_d3;41800;INTARIAN_PEPPER_ROOT;12533;14;12529;20;;;12539;24;12541;26;;;12536.0;0.0
yf_ADM_d3;41900;ASH_COATED_OSMIUM;9921;19;9919;14;;;9927;13;9930;16;;;9924.0;0.0
yf_ADM_d3;41900;INTARIAN_PEPPER_ROOT;12535;18;12531;18;;;12541;15;12543;23;;;12538.0;0.0
yf_ADM_d3;42000;ASH_COATED_OSMIUM;9916;17;9912;14;;;9933;19;9935;17;;;9924.5;0.0
yf_ADM_d3;42000;INTARIAN_PEPPER_ROOT;12534;15;12530;18;;;12540;18;12543;19;;;12537.0;0.0
yf_ADM_d3;42100;ASH_COATED_OSMIUM;9907;5;9905;24;;;9943;12;9946;12;;;9925.0;0.0
yf_ADM_d3;42100;INTARIAN_PEPPER_ROOT;12530;22;12528;11;;;12547;15;12550;14;;;12538.5;0.0
yf_ADM_d3;42200;ASH_COATED_OSMIUM;9922;7;9919;18;;;9928;18;9932;8;;;9925.0;0.0
yf_ADM_d3;42200;INTARIAN_PEPPER_ROOT;12536;16;12533;13;;;12542;9;12545;19;;;12539.0;0.0
yf_ADM_d3;42300;ASH_COATED_OSMIUM;9922;12;9920;13;;;9928;18;9932;29;;;9925.0;0.0
yf_ADM_d3;42300;INTARIAN_PEPPER_ROOT;12535;14;12533;16;;;12543;21;12546;19;;;12539.0;0.0
yf_ADM_d3;42400;ASH_COATED_OSMIUM;9919;11;9915;29;;;9932;9;9936;22;;;9925.5;0.0
yf_ADM_d3;42400;INTARIAN_PEPPER_ROOT;12537;14;12533;25;;;12543;10;12546;17;;;12540.0;0.0
yf_ADM_d3;42500;ASH_COATED_OSMIUM;9920;15;9918;22;;;9930;5;9933;26;;;9925.0;0.0
yf_ADM_d3;42500;INTARIAN_PEPPER_ROOT;12535;14;12532;20;;;12546;18;12549;22;;;12540.5;0.0
yf_ADM_d3;42600;ASH_COATED_OSMIUM;9922;12;9920;29;;;9928;15;9930;19;;;9925.0;0.0
yf_ADM_d3;42600;INTARIAN_PEPPER_ROOT;12535;11;12531;25;;;12547;20;12550;20;;;12541.0;0.0
yf_ADM_d3;42700;ASH_COATED_OSMIUM;9915;20;9913;22;;;9936;16;9940;19;;;9925.5;0.0
yf_ADM_d3;42700;INTARIAN_PEPPER_ROOT;12539;15;12537;16;;;12545;19;12547;19;;;12542.0;0.0
yf_ADM_d3;42800;ASH_COATED_OSMIUM;9923;14;9919;16;;;9929;7;9932;19;;;9926.0;0.0
yf_ADM_d3;42800;INTARIAN_PEPPER_ROOT;12539;20;12535;17;;;12548;8;12550;19;;;12543.5;0.0
yf_ADM_d3;42900;ASH_COATED_OSMIUM;9922;10;9920;14;;;9929;5;9933;18;;;9925.5;0.0
yf_ADM_d3;42900;INTARIAN_PEPPER_ROOT;12539;20;12536;22;;;12547;17;12551;21;;;12543.0;0.0
yf_ADM_d3;43000;ASH_COATED_OSMIUM;9923;5;9921;17;;;9930;12;9932;21;;;9926.5;0.0
yf_ADM_d3;43000;INTARIAN_PEPPER_ROOT;12527;10;12523;20;;;12561;13;12565;16;;;12544.0;0.0
yf_ADM_d3;43100;ASH_COATED_OSMIUM;9924;16;9921;29;;;9930;17;9933;11;;;9927.0;0.0
yf_ADM_d3;43100;INTARIAN_PEPPER_ROOT;12540;20;12536;26;;;12547;19;12551;23;;;12543.5;0.0
yf_ADM_d3;43200;ASH_COATED_OSMIUM;9924;7;9920;21;;;9930;18;9934;26;;;9927.0;0.0
yf_ADM_d3;43200;INTARIAN_PEPPER_ROOT;12539;12;12537;22;;;12551;16;12554;25;;;12545.0;0.0
yf_ADM_d3;43300;ASH_COATED_OSMIUM;9924;23;9921;24;;;9930;18;9934;20;;;9927.0;0.0
yf_ADM_d3;43300;INTARIAN_PEPPER_ROOT;12543;16;12541;16;;;12549;9;12551;15;;;12546.0;0.0
yf_ADM_d3;43400;ASH_COATED_OSMIUM;9924;11;9922;21;;;9930;17;9934;16;;;9927.0;0.0
yf_ADM_d3;43400;INTARIAN_PEPPER_ROOT;12544;9;12540;24;;;12550;13;12554;21;;;12547.0;0.0
yf_ADM_d3;43500;ASH_COATED_OSMIUM;9909;11;9906;26;;;9947;12;9949;22;;;9928.0;0.0
yf_ADM_d3;43500;INTARIAN_PEPPER_ROOT;12544;12;12542;19;;;12550;19;12553;15;;;12547.0;0.0
yf_ADM_d3;43600;ASH_COATED_OSMIUM;9925;25;9922;13;;;9931;13;9933;14;;;9928.0;0.0
yf_ADM_d3;43600;INTARIAN_PEPPER_ROOT;12545;7;12542;14;;;12551;14;12553;14;;;12548.0;0.0
yf_ADM_d3;43700;ASH_COATED_OSMIUM;9925;10;9922;20;;;9931;6;9933;21;;;9928.0;0.0
yf_ADM_d3;43700;INTARIAN_PEPPER_ROOT;12546;15;12542;21;;;12552;17;12556;18;;;12549.0;0.0
yf_ADM_d3;43800;ASH_COATED_OSMIUM;9925;14;9923;23;;;9931;16;9934;28;;;9928.0;0.0
yf_ADM_d3;43800;INTARIAN_PEPPER_ROOT;12545;10;12542;27;;;12555;15;12558;22;;;12550.0;0.0
yf_ADM_d3;43900;ASH_COATED_OSMIUM;9926;12;9924;14;;;9932;12;9936;22;;;9929.0;0.0
yf_ADM_d3;43900;INTARIAN_PEPPER_ROOT;12545;9;12542;17;;;12555;20;12559;17;;;12550.0;0.0
yf_ADM_d3;44000;ASH_COATED_OSMIUM;9925;19;9922;10;;;9931;16;9935;12;;;9928.0;0.0
yf_ADM_d3;44000;INTARIAN_PEPPER_ROOT;12545;11;12543;26;;;12557;12;12561;12;;;12551.0;0.0
yf_ADM_d3;44100;ASH_COATED_OSMIUM;9924;16;9921;17;;;9933;15;9936;26;;;9928.5;0.0
yf_ADM_d3;44100;INTARIAN_PEPPER_ROOT;12542;11;12538;15;;;12560;19;12562;11;;;12551.0;0.0
yf_ADM_d3;44200;ASH_COATED_OSMIUM;9917;7;9915;19;;;9942;11;9944;24;;;9929.5;0.0
yf_ADM_d3;44200;INTARIAN_PEPPER_ROOT;12549;10;12546;20;;;12555;16;12559;25;;;12552.0;0.0
yf_ADM_d3;44300;ASH_COATED_OSMIUM;9926;21;9924;15;;;9932;25;9935;17;;;9929.0;0.0
yf_ADM_d3;44300;INTARIAN_PEPPER_ROOT;12550;8;12547;22;;;12556;13;12558;17;;;12553.0;0.0
yf_ADM_d3;44400;ASH_COATED_OSMIUM;9926;6;9924;16;;;9932;15;9936;20;;;9929.0;0.0
yf_ADM_d3;44400;INTARIAN_PEPPER_ROOT;12550;11;12547;18;;;12556;6;12560;20;;;12553.0;0.0
yf_ADM_d3;44500;ASH_COATED_OSMIUM;9927;20;9924;27;;;9933;14;9937;10;;;9930.0;0.0
yf_ADM_d3;44500;INTARIAN_PEPPER_ROOT;12551;17;12547;17;;;12557;17;12559;20;;;12554.0;0.0
yf_ADM_d3;44600;ASH_COATED_OSMIUM;9926;17;9922;19;;;9932;15;9934;17;;;9929.0;0.0
yf_ADM_d3;44600;INTARIAN_PEPPER_ROOT;12548;12;12545;22;;;12561;14;12565;22;;;12554.5;0.0
yf_ADM_d3;44700;ASH_COATED_OSMIUM;9927;19;9924;14;;;9933;24;9937;19;;;9930.0;0.0
yf_ADM_d3;44700;INTARIAN_PEPPER_ROOT;12552;16;12550;26;;;12558;8;12560;17;;;12555.0;0.0
yf_ADM_d3;44800;ASH_COATED_OSMIUM;9927;27;9924;16;;;9933;18;9936;15;;;9930.0;0.0
yf_ADM_d3;44800;INTARIAN_PEPPER_ROOT;12553;10;12549;16;;;12559;17;12563;25;;;12556.0;0.0
yf_ADM_d3;44900;ASH_COATED_OSMIUM;9927;14;9923;17;;;9933;16;9936;12;;;9930.0;0.0
yf_ADM_d3;44900;INTARIAN_PEPPER_ROOT;12554;19;12552;24;;;12560;8;12563;21;;;12557.0;0.0
yf_ADM_d3;45000;ASH_COATED_OSMIUM;9928;16;9926;20;;;9934;22;9937;25;;;9931.0;0.0
yf_ADM_d3;45000;INTARIAN_PEPPER_ROOT;12554;11;12551;19;;;12560;17;12564;29;;;12557.0;0.0
yf_ADM_d3;45100;ASH_COATED_OSMIUM;9928;16;9924;19;;;9934;10;9936;17;;;9931.0;0.0
yf_ADM_d3;45100;INTARIAN_PEPPER_ROOT;12554;18;12551;29;;;12561;24;12564;21;;;12557.5;0.0
yf_ADM_d3;45200;ASH_COATED_OSMIUM;9928;9;9924;13;;;9934;9;9938;8;;;9931.0;0.0
yf_ADM_d3;45200;INTARIAN_PEPPER_ROOT;12553;24;12549;14;;;12563;14;12565;14;;;12558.0;0.0
yf_ADM_d3;45300;ASH_COATED_OSMIUM;9928;10;9925;11;;;9934;22;9938;22;;;9931.0;0.0
yf_ADM_d3;45300;INTARIAN_PEPPER_ROOT;12556;12;12552;21;;;12562;12;12565;20;;;12559.0;0.0
yf_ADM_d3;45400;ASH_COATED_OSMIUM;9924;20;9921;17;;;9938;10;9941;22;;;9931.0;0.0
yf_ADM_d3;45400;INTARIAN_PEPPER_ROOT;12553;11;12550;27;;;12567;16;12571;11;;;12560.0;0.0
yf_ADM_d3;45500;ASH_COATED_OSMIUM;9928;19;9925;17;;;9934;13;9937;8;;;9931.0;0.0
yf_ADM_d3;45500;INTARIAN_PEPPER_ROOT;12557;10;12554;22;;;12563;8;12567;19;;;12560.0;0.0
yf_ADM_d3;45600;ASH_COATED_OSMIUM;9929;9;9925;25;;;9935;13;9937;13;;;9932.0;0.0
yf_ADM_d3;45600;INTARIAN_PEPPER_ROOT;12558;16;12556;18;;;12564;14;12567;26;;;12561.0;0.0
yf_ADM_d3;45700;ASH_COATED_OSMIUM;9929;21;9927;18;;;9935;16;9937;18;;;9932.0;0.0
yf_ADM_d3;45700;INTARIAN_PEPPER_ROOT;12559;16;12556;17;;;12565;13;12568;21;;;12562.0;0.0
yf_ADM_d3;45800;ASH_COATED_OSMIUM;9929;9;9926;20;;;9935;11;9938;14;;;9932.0;0.0
yf_ADM_d3;45800;INTARIAN_PEPPER_ROOT;12559;15;12556;27;;;12565;21;12568;19;;;12562.0;0.0
yf_ADM_d3;45900;ASH_COATED_OSMIUM;9927;15;9923;17;;;9936;17;9938;21;;;9931.5;0.0
yf_ADM_d3;45900;INTARIAN_PEPPER_ROOT;12559;16;12555;17;;;12565;16;12568;21;;;12562.0;0.0
yf_ADM_d3;46000;ASH_COATED_OSMIUM;9929;15;9925;22;;;9935;10;9938;26;;;9932.0;0.0
yf_ADM_d3;46000;INTARIAN_PEPPER_ROOT;12561;15;12558;16;;;12567;15;12570;18;;;12564.0;0.0
yf_ADM_d3;46100;ASH_COATED_OSMIUM;9926;15;9922;13;;;9939;11;9942;22;;;9932.5;0.0
yf_ADM_d3;46100;INTARIAN_PEPPER_ROOT;12559;17;12557;21;;;12570;17;12573;13;;;12564.5;0.0
yf_ADM_d3;46200;ASH_COATED_OSMIUM;9923;15;9921;25;;;9943;14;9947;17;;;9933.0;0.0
yf_ADM_d3;46200;INTARIAN_PEPPER_ROOT;12562;16;12560;27;;;12568;21;12571;24;;;12565.0;0.0
yf_ADM_d3;46300;ASH_COATED_OSMIUM;9930;19;9928;17;;;9936;22;9940;18;;;9933.0;0.0
yf_ADM_d3;46300;INTARIAN_PEPPER_ROOT;12563;11;12561;23;;;12569;16;12572;16;;;12566.0;0.0
yf_ADM_d3;46400;ASH_COATED_OSMIUM;9929;19;9927;22;;;9938;18;9940;21;;;9933.5;0.0
yf_ADM_d3;46400;INTARIAN_PEPPER_ROOT;12564;11;12560;21;;;12570;21;12574;18;;;12567.0;0.0
yf_ADM_d3;46500;ASH_COATED_OSMIUM;9929;22;9926;19;;;9937;5;9940;28;;;9933.0;0.0
yf_ADM_d3;46500;INTARIAN_PEPPER_ROOT;12564;20;12562;17;;;12570;15;12574;25;;;12567.0;0.0
yf_ADM_d3;46600;ASH_COATED_OSMIUM;9913;17;9909;21;;;9954;10;9957;24;;;9933.5;0.0
yf_ADM_d3;46600;INTARIAN_PEPPER_ROOT;12561;20;12559;20;;;12574;19;12577;20;;;12567.5;0.0
yf_ADM_d3;46700;ASH_COATED_OSMIUM;9930;19;9928;14;;;9936;6;9940;16;;;9933.0;0.0
yf_ADM_d3;46700;INTARIAN_PEPPER_ROOT;12565;18;12561;29;;;12571;20;12573;20;;;12568.0;0.0
yf_ADM_d3;46800;ASH_COATED_OSMIUM;9930;18;9927;15;;;9936;12;9940;8;;;9933.0;0.0
yf_ADM_d3;46800;INTARIAN_PEPPER_ROOT;12560;12;12557;18;;;12576;18;12578;12;;;12568.0;0.0
yf_ADM_d3;46900;ASH_COATED_OSMIUM;9930;16;9926;18;;;9937;14;9941;22;;;9933.5;0.0
yf_ADM_d3;46900;INTARIAN_PEPPER_ROOT;12564;23;12560;24;;;12576;14;12580;17;;;12570.0;0.0
yf_ADM_d3;47000;ASH_COATED_OSMIUM;9926;13;9922;15;;;9942;22;9944;30;;;9934.0;0.0
yf_ADM_d3;47000;INTARIAN_PEPPER_ROOT;12565;16;12563;10;;;12575;21;12578;15;;;12570.0;0.0
yf_ADM_d3;47100;ASH_COATED_OSMIUM;9932;16;9929;16;;;9938;17;9941;21;;;9935.0;0.0
yf_ADM_d3;47100;INTARIAN_PEPPER_ROOT;12567;11;12563;21;;;12573;12;12575;24;;;12570.0;0.0
yf_ADM_d3;47200;ASH_COATED_OSMIUM;9922;12;9918;26;;;9946;8;9950;11;;;9934.0;0.0
yf_ADM_d3;47200;INTARIAN_PEPPER_ROOT;12562;15;12558;20;;;12580;19;12582;29;;;12571.0;0.0
yf_ADM_d3;47300;ASH_COATED_OSMIUM;9929;19;9926;22;;;9940;14;9944;19;;;9934.5;0.0
yf_ADM_d3;47300;INTARIAN_PEPPER_ROOT;12568;6;12564;26;;;12574;9;12576;28;;;12571.0;0.0
yf_ADM_d3;47400;ASH_COATED_OSMIUM;9932;12;9930;22;;;9938;15;9942;20;;;9935.0;0.0
yf_ADM_d3;47400;INTARIAN_PEPPER_ROOT;12570;9;12567;18;;;12576;18;12580;24;;;12573.0;0.0
yf_ADM_d3;47500;ASH_COATED_OSMIUM;9932;16;9930;20;;;9939;9;9943;14;;;9935.5;0.0
yf_ADM_d3;47500;INTARIAN_PEPPER_ROOT;12569;21;12566;19;;;12578;15;12580;10;;;12573.5;0.0
yf_ADM_d3;47600;ASH_COATED_OSMIUM;9930;11;9928;18;;;9941;19;9945;27;;;9935.5;0.0
yf_ADM_d3;47600;INTARIAN_PEPPER_ROOT;12569;9;12565;20;;;12579;22;12582;13;;;12574.0;0.0
yf_ADM_d3;47700;ASH_COATED_OSMIUM;9933;17;9930;17;;;9939;13;9943;22;;;9936.0;0.0
yf_ADM_d3;47700;INTARIAN_PEPPER_ROOT;12571;18;12568;15;;;12577;20;12581;23;;;12574.0;0.0
yf_ADM_d3;47800;ASH_COATED_OSMIUM;9931;12;9927;19;;;9940;17;9943;19;;;9935.5;0.0
yf_ADM_d3;47800;INTARIAN_PEPPER_ROOT;12571;19;12569;24;;;12579;16;12583;11;;;12575.0;0.0
yf_ADM_d3;47900;ASH_COATED_OSMIUM;9933;15;9931;18;;;9939;15;9941;12;;;9936.0;0.0
yf_ADM_d3;47900;INTARIAN_PEPPER_ROOT;12572;12;12568;15;;;12579;19;12581;16;;;12575.5;0.0
yf_ADM_d3;48000;ASH_COATED_OSMIUM;9933;9;9929;25;;;9939;13;9941;22;;;9936.0;0.0
yf_ADM_d3;48000;INTARIAN_PEPPER_ROOT;12564;9;12561;18;;;12588;12;12590;17;;;12576.0;0.0
yf_ADM_d3;48100;ASH_COATED_OSMIUM;9933;6;9931;22;;;9939;14;9943;18;;;9936.0;0.0
yf_ADM_d3;48100;INTARIAN_PEPPER_ROOT;12574;12;12571;25;;;12580;14;12582;20;;;12577.0;0.0
yf_ADM_d3;48200;ASH_COATED_OSMIUM;9922;18;9918;24;;;9950;13;9953;16;;;9936.0;0.0
yf_ADM_d3;48200;INTARIAN_PEPPER_ROOT;12575;9;12573;20;;;12581;13;12585;18;;;12578.0;0.0
yf_ADM_d3;48300;ASH_COATED_OSMIUM;9933;24;9929;16;;;9939;23;9943;18;;;9936.0;0.0
yf_ADM_d3;48300;INTARIAN_PEPPER_ROOT;12574;11;12570;18;;;12581;16;12584;25;;;12577.5;0.0
yf_ADM_d3;48400;ASH_COATED_OSMIUM;9933;20;9929;24;;;9942;17;9945;17;;;9937.5;0.0
yf_ADM_d3;48400;INTARIAN_PEPPER_ROOT;12575;9;12572;14;;;12581;10;12583;23;;;12578.0;0.0
yf_ADM_d3;48500;ASH_COATED_OSMIUM;9934;23;9930;22;;;9940;5;9942;13;;;9937.0;0.0
yf_ADM_d3;48500;INTARIAN_PEPPER_ROOT;12576;8;12572;17;;;12582;14;12585;25;;;12579.0;0.0
yf_ADM_d3;48600;ASH_COATED_OSMIUM;9931;18;9929;23;;;9944;11;9946;18;;;9937.5;0.0
yf_ADM_d3;48600;INTARIAN_PEPPER_ROOT;12577;18;12575;22;;;12583;10;12585;17;;;12580.0;0.0
yf_ADM_d3;48700;ASH_COATED_OSMIUM;9931;16;9928;21;;;9944;12;9946;18;;;9937.5;0.0
yf_ADM_d3;48700;INTARIAN_PEPPER_ROOT;12577;17;12574;28;;;12583;16;12586;17;;;12580.0;0.0
yf_ADM_d3;48800;ASH_COATED_OSMIUM;9935;12;9933;23;;;9941;14;9943;16;;;9938.0;0.0
yf_ADM_d3;48800;INTARIAN_PEPPER_ROOT;12577;11;12575;14;;;12586;19;12588;26;;;12581.5;0.0
yf_ADM_d3;48900;ASH_COATED_OSMIUM;9929;10;9925;28;;;9948;24;9950;26;;;9938.5;0.0
yf_ADM_d3;48900;INTARIAN_PEPPER_ROOT;12579;8;12576;25;;;12586;17;12590;22;;;12582.5;0.0
yf_ADM_d3;49000;ASH_COATED_OSMIUM;9932;7;9930;14;;;9945;9;9949;25;;;9938.5;0.0
yf_ADM_d3;49000;INTARIAN_PEPPER_ROOT;12580;13;12578;17;;;12586;14;12589;14;;;12583.0;0.0
yf_ADM_d3;49100;ASH_COATED_OSMIUM;9935;8;9931;16;;;9941;5;9943;9;;;9938.0;0.0
yf_ADM_d3;49100;INTARIAN_PEPPER_ROOT;12580;25;12577;25;;;12586;13;12589;15;;;12583.0;0.0
yf_ADM_d3;49200;ASH_COATED_OSMIUM;9933;20;9929;17;;;9943;14;9947;8;;;9938.0;0.0
yf_ADM_d3;49200;INTARIAN_PEPPER_ROOT;12578;15;12574;17;;;12589;7;12593;15;;;12583.5;0.0
yf_ADM_d3;49300;ASH_COATED_OSMIUM;9936;10;9932;25;;;9942;24;9945;25;;;9939.0;0.0
yf_ADM_d3;49300;INTARIAN_PEPPER_ROOT;12582;13;12578;18;;;12588;9;12590;20;;;12585.0;0.0
yf_ADM_d3;49400;ASH_COATED_OSMIUM;9936;18;9934;15;;;9942;7;9944;27;;;9939.0;0.0
yf_ADM_d3;49400;INTARIAN_PEPPER_ROOT;12582;13;12578;27;;;12588;17;12591;21;;;12585.0;0.0
yf_ADM_d3;49500;ASH_COATED_OSMIUM;9932;16;9928;21;;;9945;17;9948;16;;;9938.5;0.0
yf_ADM_d3;49500;INTARIAN_PEPPER_ROOT;12582;16;12579;11;;;12591;15;12594;11;;;12586.5;0.0
yf_ADM_d3;49600;ASH_COATED_OSMIUM;9935;22;9931;29;;;9943;15;9946;24;;;9939.0;0.0
yf_ADM_d3;49600;INTARIAN_PEPPER_ROOT;12567;15;12565;13;;;12607;11;12610;15;;;12587.0;0.0
yf_ADM_d3;49700;ASH_COATED_OSMIUM;9937;21;9934;25;;;9943;12;9946;31;;;9940.0;0.0
yf_ADM_d3;49700;INTARIAN_PEPPER_ROOT;12584;8;12582;21;;;12590;16;12593;30;;;12587.0;0.0
yf_ADM_d3;49800;ASH_COATED_OSMIUM;9932;13;9929;17;;;9948;11;9952;22;;;9940.0;0.0
yf_ADM_d3;49800;INTARIAN_PEPPER_ROOT;12574;16;12571;13;;;12602;14;12604;14;;;12588.0;0.0
yf_ADM_d3;49900;ASH_COATED_OSMIUM;9937;18;9935;9;;;9943;18;9946;21;;;9940.0;0.0
yf_ADM_d3;49900;INTARIAN_PEPPER_ROOT;12578;21;12575;20;;;12598;21;12601;17;;;12588.0;0.0
yf_ADM_d3;50000;ASH_COATED_OSMIUM;9935;13;9931;19;;;9947;9;9951;15;;;9941.0;0.0
yf_ADM_d3;50000;INTARIAN_PEPPER_ROOT;12584;10;12581;23;;;12594;15;12597;20;;;12589.0;0.0
yf_ADM_d3;50100;ASH_COATED_OSMIUM;9934;21;9932;19;;;9945;12;9949;24;;;9939.5;0.0
yf_ADM_d3;50100;INTARIAN_PEPPER_ROOT;12587;18;12585;24;;;12593;15;12595;21;;;12590.0;0.0
yf_ADM_d3;50200;ASH_COATED_OSMIUM;9936;16;9934;17;;;9945;12;9949;14;;;9940.5;0.0
yf_ADM_d3;50200;INTARIAN_PEPPER_ROOT;12587;9;12583;23;;;12593;23;12595;20;;;12590.0;0.0
yf_ADM_d3;50300;ASH_COATED_OSMIUM;9937;6;9933;13;;;9945;20;9949;15;;;9941.0;0.0
yf_ADM_d3;50300;INTARIAN_PEPPER_ROOT;12587;19;12583;22;;;12594;10;12597;21;;;12590.5;0.0
yf_ADM_d3;50400;ASH_COATED_OSMIUM;9936;21;9933;19;;;9946;12;9948;21;;;9941.0;0.0
yf_ADM_d3;50400;INTARIAN_PEPPER_ROOT;12588;17;12585;26;;;12594;11;12597;23;;;12591.0;0.0
yf_ADM_d3;50500;ASH_COATED_OSMIUM;9935;10;9931;14;;;9947;15;9949;17;;;9941.0;0.0
yf_ADM_d3;50500;INTARIAN_PEPPER_ROOT;12580;11;12577;10;;;12604;26;12608;15;;;12592.0;0.0
yf_ADM_d3;50600;ASH_COATED_OSMIUM;9938;18;9935;22;;;9944;12;9946;33;;;9941.0;0.0
yf_ADM_d3;50600;INTARIAN_PEPPER_ROOT;12585;30;12581;28;;;12603;7;12606;14;;;12594.0;0.0
yf_ADM_d3;50700;ASH_COATED_OSMIUM;9939;9;9937;26;;;9945;8;9949;14;;;9942.0;0.0
yf_ADM_d3;50700;INTARIAN_PEPPER_ROOT;12590;8;12587;22;;;12597;12;12601;20;;;12593.5;0.0
yf_ADM_d3;50800;ASH_COATED_OSMIUM;9934;8;9931;24;;;9948;12;9951;22;;;9941.0;0.0
yf_ADM_d3;50800;INTARIAN_PEPPER_ROOT;12591;15;12587;20;;;12597;5;12600;23;;;12594.0;0.0
yf_ADM_d3;50900;ASH_COATED_OSMIUM;9920;13;9918;16;;;9963;13;9967;11;;;9941.5;0.0
yf_ADM_d3;50900;INTARIAN_PEPPER_ROOT;12591;16;12589;20;;;12597;9;12600;12;;;12594.0;0.0
yf_ADM_d3;51000;ASH_COATED_OSMIUM;9939;11;9937;24;;;9945;17;9948;29;;;9942.0;0.0
yf_ADM_d3;51000;INTARIAN_PEPPER_ROOT;12591;16;12589;18;;;12598;24;12600;19;;;12594.5;0.0
yf_ADM_d3;51100;ASH_COATED_OSMIUM;9938;19;9935;12;;;9947;10;9950;24;;;9942.5;0.0
yf_ADM_d3;51100;INTARIAN_PEPPER_ROOT;12591;10;12588;26;;;12597;20;12599;18;;;12594.0;0.0
yf_ADM_d3;51200;ASH_COATED_OSMIUM;9940;12;9937;19;;;9946;15;9949;23;;;9943.0;0.0
yf_ADM_d3;51200;INTARIAN_PEPPER_ROOT;12591;9;12587;24;;;12597;16;12600;25;;;12594.0;0.0
yf_ADM_d3;51300;ASH_COATED_OSMIUM;9940;11;9937;21;;;9946;9;9948;19;;;9943.0;0.0
yf_ADM_d3;51300;INTARIAN_PEPPER_ROOT;12588;19;12584;20;;;12599;13;12603;23;;;12593.5;0.0
yf_ADM_d3;51400;ASH_COATED_OSMIUM;9940;14;9938;25;;;9947;15;9951;13;;;9943.5;0.0
yf_ADM_d3;51400;INTARIAN_PEPPER_ROOT;12590;23;12587;19;;;12596;14;12599;23;;;12593.0;0.0
yf_ADM_d3;51500;ASH_COATED_OSMIUM;9937;8;9933;14;;;9951;17;9953;23;;;9944.0;0.0
yf_ADM_d3;51500;INTARIAN_PEPPER_ROOT;12585;16;12583;20;;;12601;18;12603;23;;;12593.0;0.0
yf_ADM_d3;51600;ASH_COATED_OSMIUM;9940;15;9938;22;;;9946;14;9948;14;;;9943.0;0.0
yf_ADM_d3;51600;INTARIAN_PEPPER_ROOT;12584;5;12582;17;;;12602;13;12605;16;;;12593.0;0.0
yf_ADM_d3;51700;ASH_COATED_OSMIUM;9941;13;9939;18;;;9947;10;9949;23;;;9944.0;0.0
yf_ADM_d3;51700;INTARIAN_PEPPER_ROOT;12590;12;12586;25;;;12596;10;12598;20;;;12593.0;0.0
yf_ADM_d3;51800;ASH_COATED_OSMIUM;9940;18;9936;12;;;9949;8;9952;21;;;9944.5;0.0
yf_ADM_d3;51800;INTARIAN_PEPPER_ROOT;12590;14;12588;22;;;12596;17;12600;22;;;12593.0;0.0
yf_ADM_d3;51900;ASH_COATED_OSMIUM;9934;22;9932;15;;;9955;11;9957;16;;;9944.5;0.0
yf_ADM_d3;51900;INTARIAN_PEPPER_ROOT;12586;14;12583;22;;;12599;17;12602;17;;;12592.5;0.0
yf_ADM_d3;52000;ASH_COATED_OSMIUM;9942;20;9939;21;;;9948;20;9951;9;;;9945.0;0.0
yf_ADM_d3;52000;INTARIAN_PEPPER_ROOT;12586;12;12582;16;;;12599;8;12601;16;;;12592.5;0.0
yf_ADM_d3;52100;ASH_COATED_OSMIUM;9943;15;9939;26;;;9949;10;9952;20;;;9946.0;0.0
yf_ADM_d3;52100;INTARIAN_PEPPER_ROOT;12588;6;12584;17;;;12596;7;12598;22;;;12592.0;0.0
yf_ADM_d3;52200;ASH_COATED_OSMIUM;9942;13;9940;23;;;9948;25;9950;16;;;9945.0;0.0
yf_ADM_d3;52200;INTARIAN_PEPPER_ROOT;12579;14;12577;25;;;12605;14;12607;12;;;12592.0;0.0
yf_ADM_d3;52300;ASH_COATED_OSMIUM;9943;17;9940;20;;;9949;15;9952;32;;;9946.0;0.0
yf_ADM_d3;52300;INTARIAN_PEPPER_ROOT;12584;19;12580;17;;;12598;13;12600;28;;;12591.0;0.0
yf_ADM_d3;52400;ASH_COATED_OSMIUM;9944;14;9941;23;;;9950;12;9954;15;;;9947.0;0.0
yf_ADM_d3;52400;INTARIAN_PEPPER_ROOT;12588;8;12586;31;;;12594;23;12598;29;;;12591.0;0.0
yf_ADM_d3;52500;ASH_COATED_OSMIUM;9942;12;9939;17;;;9951;10;9955;24;;;9946.5;0.0
yf_ADM_d3;52500;INTARIAN_PEPPER_ROOT;12586;18;12584;20;;;12597;17;12599;25;;;12591.5;0.0
yf_ADM_d3;52600;ASH_COATED_OSMIUM;9943;8;9941;26;;;9949;15;9951;21;;;9946.0;0.0
yf_ADM_d3;52600;INTARIAN_PEPPER_ROOT;12586;16;12584;23;;;12597;18;12601;16;;;12591.5;0.0
yf_ADM_d3;52700;ASH_COATED_OSMIUM;9943;11;9941;21;;;9949;10;9952;19;;;9946.0;0.0
yf_ADM_d3;52700;INTARIAN_PEPPER_ROOT;12576;12;12573;16;;;12605;11;12608;25;;;12590.5;0.0
yf_ADM_d3;52800;ASH_COATED_OSMIUM;9943;6;9940;18;;;9952;16;9956;16;;;9947.5;0.0
yf_ADM_d3;52800;INTARIAN_PEPPER_ROOT;12588;11;12585;20;;;12594;11;12597;26;;;12591.0;0.0
yf_ADM_d3;52900;ASH_COATED_OSMIUM;9944;12;9941;24;;;9951;15;9955;22;;;9947.5;0.0
yf_ADM_d3;52900;INTARIAN_PEPPER_ROOT;12588;8;12585;23;;;12594;17;12598;16;;;12591.0;0.0
yf_ADM_d3;53000;ASH_COATED_OSMIUM;9944;11;9942;11;;;9950;21;9953;27;;;9947.0;0.0
yf_ADM_d3;53000;INTARIAN_PEPPER_ROOT;12587;15;12585;18;;;12593;21;12597;25;;;12590.0;0.0
yf_ADM_d3;53100;ASH_COATED_OSMIUM;9941;21;9938;22;;;9955;18;9958;11;;;9948.0;0.0
yf_ADM_d3;53100;INTARIAN_PEPPER_ROOT;12587;11;12585;19;;;12593;16;12595;14;;;12590.0;0.0
yf_ADM_d3;53200;ASH_COATED_OSMIUM;9946;21;9943;28;;;9952;11;9954;31;;;9949.0;0.0
yf_ADM_d3;53200;INTARIAN_PEPPER_ROOT;12586;11;12582;23;;;12592;19;12596;23;;;12589.0;0.0
yf_ADM_d3;53300;ASH_COATED_OSMIUM;9942;16;9938;21;;;9954;16;9957;23;;;9948.0;0.0
yf_ADM_d3;53300;INTARIAN_PEPPER_ROOT;12578;16;12575;23;;;12602;17;12605;19;;;12590.0;0.0
yf_ADM_d3;53400;ASH_COATED_OSMIUM;9930;20;9928;16;;;9968;16;9971;21;;;9949.0;0.0
yf_ADM_d3;53400;INTARIAN_PEPPER_ROOT;12587;17;12585;13;;;12593;14;12595;22;;;12590.0;0.0
yf_ADM_d3;53500;ASH_COATED_OSMIUM;9946;22;9942;17;;;9952;13;9956;24;;;9949.0;0.0
yf_ADM_d3;53500;INTARIAN_PEPPER_ROOT;12587;13;12583;18;;;12593;20;12596;13;;;12590.0;0.0
yf_ADM_d3;53600;ASH_COATED_OSMIUM;9946;24;9943;23;;;9952;15;9956;32;;;9949.0;0.0
yf_ADM_d3;53600;INTARIAN_PEPPER_ROOT;12587;16;12583;16;;;12593;27;12595;17;;;12590.0;0.0
yf_ADM_d3;53700;ASH_COATED_OSMIUM;9938;24;9935;20;;;9961;8;9965;25;;;9949.5;0.0
yf_ADM_d3;53700;INTARIAN_PEPPER_ROOT;12585;15;12581;29;;;12592;14;12596;22;;;12588.5;0.0
yf_ADM_d3;53800;ASH_COATED_OSMIUM;9947;7;9943;17;;;9953;15;9956;20;;;9950.0;0.0
yf_ADM_d3;53800;INTARIAN_PEPPER_ROOT;12585;16;12581;18;;;12592;9;12596;16;;;12588.5;0.0
yf_ADM_d3;53900;ASH_COATED_OSMIUM;9947;18;9944;14;;;9953;15;9955;25;;;9950.0;0.0
yf_ADM_d3;53900;INTARIAN_PEPPER_ROOT;12586;22;12583;20;;;12592;15;12595;17;;;12589.0;0.0
yf_ADM_d3;54000;ASH_COATED_OSMIUM;9947;11;9943;19;;;9953;12;9955;26;;;9950.0;0.0
yf_ADM_d3;54000;INTARIAN_PEPPER_ROOT;12586;13;12583;22;;;12592;15;12594;23;;;12589.0;0.0
yf_ADM_d3;54100;ASH_COATED_OSMIUM;9948;8;9946;15;;;9954;11;9957;24;;;9951.0;0.0
yf_ADM_d3;54100;INTARIAN_PEPPER_ROOT;12585;15;12583;17;;;12593;7;12596;23;;;12589.0;0.0
yf_ADM_d3;54200;ASH_COATED_OSMIUM;9948;11;9945;22;;;9954;19;9956;17;;;9951.0;0.0
yf_ADM_d3;54200;INTARIAN_PEPPER_ROOT;12585;9;12582;15;;;12591;21;12595;22;;;12588.0;0.0
yf_ADM_d3;54300;ASH_COATED_OSMIUM;9948;13;9946;21;;;9954;16;9956;13;;;9951.0;0.0
yf_ADM_d3;54300;INTARIAN_PEPPER_ROOT;12585;12;12583;22;;;12591;15;12593;18;;;12588.0;0.0
yf_ADM_d3;54400;ASH_COATED_OSMIUM;9948;12;9944;8;;;9954;14;9958;17;;;9951.0;0.0
yf_ADM_d3;54400;INTARIAN_PEPPER_ROOT;12581;6;12577;19;;;12594;15;12596;24;;;12587.5;0.0
yf_ADM_d3;54500;ASH_COATED_OSMIUM;9947;13;9945;22;;;9955;17;9958;27;;;9951.0;0.0
yf_ADM_d3;54500;INTARIAN_PEPPER_ROOT;12578;20;12574;9;;;12597;16;12599;18;;;12587.5;0.0
yf_ADM_d3;54600;ASH_COATED_OSMIUM;9949;20;9947;8;;;9955;14;9958;25;;;9952.0;0.0
yf_ADM_d3;54600;INTARIAN_PEPPER_ROOT;12584;9;12580;24;;;12590;16;12593;21;;;12587.0;0.0
yf_ADM_d3;54700;ASH_COATED_OSMIUM;9949;16;9945;15;;;9955;20;9959;18;;;9952.0;0.0
yf_ADM_d3;54700;INTARIAN_PEPPER_ROOT;12584;15;12582;12;;;12590;6;12592;17;;;12587.0;0.0
yf_ADM_d3;54800;ASH_COATED_OSMIUM;9949;9;9947;16;;;9956;10;9959;20;;;9952.5;0.0
yf_ADM_d3;54800;INTARIAN_PEPPER_ROOT;12584;18;12580;16;;;12590;14;12593;14;;;12587.0;0.0
yf_ADM_d3;54900;ASH_COATED_OSMIUM;9949;19;9946;21;;;9957;11;9959;23;;;9953.0;0.0
yf_ADM_d3;54900;INTARIAN_PEPPER_ROOT;12584;9;12581;16;;;12590;11;12592;20;;;12587.0;0.0
yf_ADM_d3;55000;ASH_COATED_OSMIUM;9950;16;9947;14;;;9957;20;9959;15;;;9953.5;0.0
yf_ADM_d3;55000;INTARIAN_PEPPER_ROOT;12584;17;12581;21;;;12590;21;12594;17;;;12587.0;0.0
yf_ADM_d3;55100;ASH_COATED_OSMIUM;9950;7;9948;19;;;9956;11;9959;21;;;9953.0;0.0
yf_ADM_d3;55100;INTARIAN_PEPPER_ROOT;12576;17;12572;20;;;12597;15;12600;26;;;12586.5;0.0
yf_ADM_d3;55200;ASH_COATED_OSMIUM;9948;20;9945;18;;;9961;9;9963;19;;;9954.5;0.0
yf_ADM_d3;55200;INTARIAN_PEPPER_ROOT;12572;7;12569;15;;;12598;20;12601;24;;;12585.0;0.0
yf_ADM_d3;55300;ASH_COATED_OSMIUM;9948;13;9944;18;;;9961;20;9964;22;;;9954.5;0.0
yf_ADM_d3;55300;INTARIAN_PEPPER_ROOT;12580;20;12577;8;;;12590;19;12592;23;;;12585.0;0.0
yf_ADM_d3;55400;ASH_COATED_OSMIUM;9952;14;9950;24;;;9958;9;9960;30;;;9955.0;0.0
yf_ADM_d3;55400;INTARIAN_PEPPER_ROOT;12583;17;12581;16;;;12589;20;12592;21;;;12586.0;0.0
yf_ADM_d3;55500;ASH_COATED_OSMIUM;9952;16;9950;24;;;9958;12;9961;9;;;9955.0;0.0
yf_ADM_d3;55500;INTARIAN_PEPPER_ROOT;12583;13;12581;14;;;12589;17;12593;26;;;12586.0;0.0
yf_ADM_d3;55600;ASH_COATED_OSMIUM;9952;11;9949;11;;;9958;21;9960;26;;;9955.0;0.0
yf_ADM_d3;55600;INTARIAN_PEPPER_ROOT;12582;11;12580;18;;;12588;18;12590;15;;;12585.0;0.0
yf_ADM_d3;55700;ASH_COATED_OSMIUM;9953;11;9949;20;;;9959;17;9963;23;;;9956.0;0.0
yf_ADM_d3;55700;INTARIAN_PEPPER_ROOT;12578;16;12576;19;;;12592;13;12596;20;;;12585.0;0.0
yf_ADM_d3;55800;ASH_COATED_OSMIUM;9953;12;9950;26;;;9959;17;9962;29;;;9956.0;0.0
yf_ADM_d3;55800;INTARIAN_PEPPER_ROOT;12582;15;12580;17;;;12589;9;12591;24;;;12585.5;0.0
yf_ADM_d3;55900;ASH_COATED_OSMIUM;9953;12;9949;19;;;9959;15;9962;27;;;9956.0;0.0
yf_ADM_d3;55900;INTARIAN_PEPPER_ROOT;12575;12;12572;22;;;12594;6;12598;30;;;12584.5;0.0
yf_ADM_d3;56000;ASH_COATED_OSMIUM;9952;10;9950;19;;;9961;6;9964;19;;;9956.5;0.0
yf_ADM_d3;56000;INTARIAN_PEPPER_ROOT;12582;16;12578;28;;;12588;7;12591;23;;;12585.0;0.0
yf_ADM_d3;56100;ASH_COATED_OSMIUM;9954;26;9952;18;;;9960;17;9962;14;;;9957.0;0.0
yf_ADM_d3;56100;INTARIAN_PEPPER_ROOT;12581;15;12579;25;;;12587;12;12589;23;;;12584.0;0.0
yf_ADM_d3;56200;ASH_COATED_OSMIUM;9954;16;9950;20;;;9960;22;9963;15;;;9957.0;0.0
yf_ADM_d3;56200;INTARIAN_PEPPER_ROOT;12581;6;12579;21;;;12587;20;12590;20;;;12584.0;0.0
yf_ADM_d3;56300;ASH_COATED_OSMIUM;9954;16;9951;19;;;9960;10;9963;14;;;9957.0;0.0
yf_ADM_d3;56300;INTARIAN_PEPPER_ROOT;12581;19;12579;8;;;12587;19;12590;17;;;12584.0;0.0
yf_ADM_d3;56400;ASH_COATED_OSMIUM;9954;13;9952;18;;;9960;18;9964;20;;;9957.0;0.0
yf_ADM_d3;56400;INTARIAN_PEPPER_ROOT;12581;13;12578;22;;;12587;28;12591;27;;;12584.0;0.0
yf_ADM_d3;56500;ASH_COATED_OSMIUM;9954;15;9952;16;;;9960;6;9962;25;;;9957.0;0.0
yf_ADM_d3;56500;INTARIAN_PEPPER_ROOT;12572;23;12569;16;;;12596;17;12599;23;;;12584.0;0.0
yf_ADM_d3;56600;ASH_COATED_OSMIUM;9950;12;9946;15;;;9967;11;9969;17;;;9958.5;0.0
yf_ADM_d3;56600;INTARIAN_PEPPER_ROOT;12580;14;12578;19;;;12586;19;12589;13;;;12583.0;0.0
yf_ADM_d3;56700;ASH_COATED_OSMIUM;9950;5;9946;18;;;9968;20;9970;21;;;9959.0;0.0
yf_ADM_d3;56700;INTARIAN_PEPPER_ROOT;12580;17;12577;26;;;12587;15;12589;25;;;12583.5;0.0
yf_ADM_d3;56800;ASH_COATED_OSMIUM;9956;14;9954;19;;;9962;15;9966;13;;;9959.0;0.0
yf_ADM_d3;56800;INTARIAN_PEPPER_ROOT;12580;14;12576;19;;;12586;18;12589;21;;;12583.0;0.0
yf_ADM_d3;56900;ASH_COATED_OSMIUM;9956;14;9953;33;;;9962;9;9965;25;;;9959.0;0.0
yf_ADM_d3;56900;INTARIAN_PEPPER_ROOT;12580;26;12576;20;;;12586;12;12589;23;;;12583.0;0.0
yf_ADM_d3;57000;ASH_COATED_OSMIUM;9952;7;9950;20;;;9967;19;9970;21;;;9959.5;0.0
yf_ADM_d3;57000;INTARIAN_PEPPER_ROOT;12580;13;12577;15;;;12586;23;12589;19;;;12583.0;0.0
yf_ADM_d3;57100;ASH_COATED_OSMIUM;9945;14;9941;25;;;9974;18;9976;18;;;9959.5;0.0
yf_ADM_d3;57100;INTARIAN_PEPPER_ROOT;12580;21;12577;24;;;12586;17;12590;20;;;12583.0;0.0
yf_ADM_d3;57200;ASH_COATED_OSMIUM;9957;15;9953;30;;;9963;15;9966;19;;;9960.0;0.0
yf_ADM_d3;57200;INTARIAN_PEPPER_ROOT;12578;26;12576;16;;;12588;9;12590;21;;;12583.0;0.0
yf_ADM_d3;57300;ASH_COATED_OSMIUM;9956;18;9952;12;;;9964;11;9968;23;;;9960.0;0.0
yf_ADM_d3;57300;INTARIAN_PEPPER_ROOT;12560;22;12558;14;;;12604;17;12608;15;;;12582.0;0.0
yf_ADM_d3;57400;ASH_COATED_OSMIUM;9956;19;9953;19;;;9963;10;9967;17;;;9959.5;0.0
yf_ADM_d3;57400;INTARIAN_PEPPER_ROOT;12575;18;12571;13;;;12589;11;12592;25;;;12582.0;0.0
yf_ADM_d3;57500;ASH_COATED_OSMIUM;9958;6;9954;25;;;9964;12;9967;14;;;9961.0;0.0
yf_ADM_d3;57500;INTARIAN_PEPPER_ROOT;12579;27;12577;17;;;12585;20;12588;20;;;12582.0;0.0
yf_ADM_d3;57600;ASH_COATED_OSMIUM;9950;16;9947;35;;;9973;7;9975;15;;;9961.5;0.0
yf_ADM_d3;57600;INTARIAN_PEPPER_ROOT;12574;14;12571;22;;;12590;15;12593;28;;;12582.0;0.0
yf_ADM_d3;57700;ASH_COATED_OSMIUM;9958;20;9956;16;;;9964;13;9968;23;;;9961.0;0.0
yf_ADM_d3;57700;INTARIAN_PEPPER_ROOT;12578;11;12574;17;;;12584;14;12587;19;;;12581.0;0.0
yf_ADM_d3;57800;ASH_COATED_OSMIUM;9958;14;9955;19;;;9964;15;9967;19;;;9961.0;0.0
yf_ADM_d3;57800;INTARIAN_PEPPER_ROOT;12578;18;12576;25;;;12584;10;12586;25;;;12581.0;0.0
yf_ADM_d3;57900;ASH_COATED_OSMIUM;9958;10;9954;30;;;9964;14;9968;25;;;9961.0;0.0
yf_ADM_d3;57900;INTARIAN_PEPPER_ROOT;12577;19;12573;22;;;12583;15;12586;17;;;12580.0;0.0
yf_ADM_d3;58000;ASH_COATED_OSMIUM;9959;15;9956;13;;;9965;11;9968;19;;;9962.0;0.0
yf_ADM_d3;58000;INTARIAN_PEPPER_ROOT;12576;21;12573;19;;;12585;18;12587;21;;;12580.5;0.0
yf_ADM_d3;58100;ASH_COATED_OSMIUM;9959;20;9957;23;;;9965;10;9969;16;;;9962.0;0.0
yf_ADM_d3;58100;INTARIAN_PEPPER_ROOT;12577;15;12575;23;;;12584;20;12586;14;;;12580.5;0.0
yf_ADM_d3;58200;ASH_COATED_OSMIUM;9959;13;9957;25;;;9965;6;9969;22;;;9962.0;0.0
yf_ADM_d3;58200;INTARIAN_PEPPER_ROOT;12576;14;12573;16;;;12584;15;12586;22;;;12580.0;0.0
yf_ADM_d3;58300;ASH_COATED_OSMIUM;9960;10;9958;16;;;9966;12;9969;26;;;9963.0;0.0
yf_ADM_d3;58300;INTARIAN_PEPPER_ROOT;12577;15;12574;21;;;12583;20;12586;24;;;12580.0;0.0
yf_ADM_d3;58400;ASH_COATED_OSMIUM;9960;9;9956;16;;;9966;6;9968;27;;;9963.0;0.0
yf_ADM_d3;58400;INTARIAN_PEPPER_ROOT;12577;9;12575;17;;;12583;22;12585;27;;;12580.0;0.0
yf_ADM_d3;58500;ASH_COATED_OSMIUM;9950;7;9948;24;;;9976;15;9978;13;;;9963.0;0.0
yf_ADM_d3;58500;INTARIAN_PEPPER_ROOT;12576;12;12574;21;;;12582;12;12584;18;;;12579.0;0.0
yf_ADM_d3;58600;ASH_COATED_OSMIUM;9961;20;9958;22;;;9967;5;9970;11;;;9964.0;0.0
yf_ADM_d3;58600;INTARIAN_PEPPER_ROOT;12575;13;12572;21;;;12584;18;12588;15;;;12579.5;0.0
yf_ADM_d3;58700;ASH_COATED_OSMIUM;9961;26;9957;23;;;9967;24;9969;17;;;9964.0;0.0
yf_ADM_d3;58700;INTARIAN_PEPPER_ROOT;12575;14;12572;14;;;12584;5;12587;17;;;12579.5;0.0
yf_ADM_d3;58800;ASH_COATED_OSMIUM;9961;22;9958;19;;;9967;13;9971;20;;;9964.0;0.0
yf_ADM_d3;58800;INTARIAN_PEPPER_ROOT;12576;12;12573;23;;;12582;17;12586;18;;;12579.0;0.0
yf_ADM_d3;58900;ASH_COATED_OSMIUM;9962;14;9959;26;;;9968;14;9972;25;;;9965.0;0.0
yf_ADM_d3;58900;INTARIAN_PEPPER_ROOT;12568;13;12564;11;;;12588;13;12591;17;;;12578.0;0.0
yf_ADM_d3;59000;ASH_COATED_OSMIUM;9962;9;9959;22;;;9968;13;9970;21;;;9965.0;0.0
