day;timestamp;product;bid_price_1;bid_volume_1;bid_price_2;bid_volume_2;bid_price_3;bid_volume_3;ask_price_1;ask_volume_1;ask_price_2;ask_volume_2;ask_price_3;ask_volume_3;mid_price;profit_and_loss
yf_ZS=F_d9;0;ASH_COATED_OSMIUM;10096;17;10092;13;;;10104;8;10108;20;;;10100.0;0.0
yf_ZS=F_d9;0;INTARIAN_PEPPER_ROOT;12798;11;12796;23;;;12804;10;12806;14;;;12801.0;0.0
yf_ZS=F_d9;100;ASH_COATED_OSMIUM;10097;15;10095;14;;;10103;18;10107;9;;;10100.0;0.0
yf_ZS=F_d9;100;INTARIAN_PEPPER_ROOT;12798;6;12795;17;;;12804;17;12808;23;;;12801.0;0.0
yf_ZS=F_d9;200;ASH_COATED_OSMIUM;10096;20;10093;21;;;10102;14;10106;15;;;10099.0;0.0
yf_ZS=F_d9;200;INTARIAN_PEPPER_ROOT;12798;19;12796;17;;;12804;5;12808;32;;;12801.0;0.0
yf_ZS=F_d9;300;ASH_COATED_OSMIUM;10096;23;10092;16;;;10102;17;10104;20;;;10099.0;0.0
yf_ZS=F_d9;300;INTARIAN_PEPPER_ROOT;12798;10;12794;17;;;12804;9;12807;19;;;12801.0;0.0
yf_ZS=F_d9;400;ASH_COATED_OSMIUM;10096;24;10093;20;;;10102;7;10105;20;;;10099.0;0.0
yf_ZS=F_d9;400;INTARIAN_PEPPER_ROOT;12793;14;12791;21;;;12809;13;12813;25;;;12801.0;0.0
yf_ZS=F_d9;500;ASH_COATED_OSMIUM;10091;7;10087;13;;;10107;21;10110;22;;;10099.0;0.0
yf_ZS=F_d9;500;INTARIAN_PEPPER_ROOT;12798;9;12795;20;;;12804;21;12808;19;;;12801.0;0.0
yf_ZS=F_d9;600;ASH_COATED_OSMIUM;10096;6;10093;20;;;10102;19;10104;8;;;10099.0;0.0
yf_ZS=F_d9;600;INTARIAN_PEPPER_ROOT;12796;19;12792;18;;;12806;13;12808;19;;;12801.0;0.0
yf_ZS=F_d9;700;ASH_COATED_OSMIUM;10094;12;10090;20;;;10104;12;10106;15;;;10099.0;0.0
yf_ZS=F_d9;700;INTARIAN_PEPPER_ROOT;12797;14;12795;19;;;12803;19;12807;13;;;12800.0;0.0
yf_ZS=F_d9;800;ASH_COATED_OSMIUM;10095;23;10093;22;;;10101;5;10104;28;;;10098.0;0.0
yf_ZS=F_d9;800;INTARIAN_PEPPER_ROOT;12798;14;12796;18;;;12804;19;12807;18;;;12801.0;0.0
yf_ZS=F_d9;900;ASH_COATED_OSMIUM;10096;18;10093;18;;;10103;17;10107;23;;;10099.5;0.0
yf_ZS=F_d9;900;INTARIAN_PEPPER_ROOT;12797;17;12795;15;;;12803;26;12805;18;;;12800.0;0.0
yf_ZS=F_d9;1000;ASH_COATED_OSMIUM;10096;20;10092;15;;;10102;23;10105;19;;;10099.0;0.0
yf_ZS=F_d9;1000;INTARIAN_PEPPER_ROOT;12795;13;12792;27;;;12805;6;12807;23;;;12800.0;0.0
yf_ZS=F_d9;1100;ASH_COATED_OSMIUM;10096;9;10094;26;;;10102;16;10104;21;;;10099.0;0.0
yf_ZS=F_d9;1100;INTARIAN_PEPPER_ROOT;12791;15;12788;25;;;12809;22;12812;20;;;12800.0;0.0
yf_ZS=F_d9;1200;ASH_COATED_OSMIUM;10087;5;10085;17;;;10110;19;10113;12;;;10098.5;0.0
yf_ZS=F_d9;1200;INTARIAN_PEPPER_ROOT;12798;15;12794;13;;;12804;8;12808;20;;;12801.0;0.0
yf_ZS=F_d9;1300;ASH_COATED_OSMIUM;10094;30;10090;19;;;10104;19;10107;26;;;10099.0;0.0
yf_ZS=F_d9;1300;INTARIAN_PEPPER_ROOT;12797;26;12794;13;;;12803;13;12807;12;;;12800.0;0.0
yf_ZS=F_d9;1400;ASH_COATED_OSMIUM;10096;16;10093;22;;;10102;18;10104;18;;;10099.0;0.0
yf_ZS=F_d9;1400;INTARIAN_PEPPER_ROOT;12796;24;12793;14;;;12806;8;12808;24;;;12801.0;0.0
yf_ZS=F_d9;1500;ASH_COATED_OSMIUM;10096;16;10094;23;;;10102;7;10105;15;;;10099.0;0.0
yf_ZS=F_d9;1500;INTARIAN_PEPPER_ROOT;12786;5;12783;29;;;12814;19;12817;20;;;12800.0;0.0
yf_ZS=F_d9;1600;ASH_COATED_OSMIUM;10096;18;10093;22;;;10102;20;10104;23;;;10099.0;0.0
yf_ZS=F_d9;1600;INTARIAN_PEPPER_ROOT;12797;27;12793;17;;;12803;7;12806;17;;;12800.0;0.0
yf_ZS=F_d9;1700;ASH_COATED_OSMIUM;10096;15;10093;9;;;10102;11;10104;21;;;10099.0;0.0
yf_ZS=F_d9;1700;INTARIAN_PEPPER_ROOT;12798;5;12796;22;;;12804;10;12808;14;;;12801.0;0.0
yf_ZS=F_d9;1800;ASH_COATED_OSMIUM;10095;18;10092;25;;;10101;10;10103;19;;;10098.0;0.0
yf_ZS=F_d9;1800;INTARIAN_PEPPER_ROOT;12797;8;12794;20;;;12803;12;12805;18;;;12800.0;0.0
yf_ZS=F_d9;1900;ASH_COATED_OSMIUM;10093;10;10091;23;;;10104;5;10106;24;;;10098.5;0.0
yf_ZS=F_d9;1900;INTARIAN_PEPPER_ROOT;12791;22;12787;14;;;12810;13;12814;15;;;12800.5;0.0
yf_ZS=F_d9;2000;ASH_COATED_OSMIUM;10095;19;10092;14;;;10101;8;10103;17;;;10098.0;0.0
yf_ZS=F_d9;2000;INTARIAN_PEPPER_ROOT;12797;12;12795;31;;;12803;12;12806;23;;;12800.0;0.0
yf_ZS=F_d9;2100;ASH_COATED_OSMIUM;10096;17;10092;16;;;10102;14;10106;20;;;10099.0;0.0
yf_ZS=F_d9;2100;INTARIAN_PEPPER_ROOT;12797;13;12793;17;;;12803;15;12806;19;;;12800.0;0.0
yf_ZS=F_d9;2200;ASH_COATED_OSMIUM;10095;18;10093;16;;;10101;14;10103;22;;;10098.0;0.0
yf_ZS=F_d9;2200;INTARIAN_PEPPER_ROOT;12797;8;12793;19;;;12803;17;12807;12;;;12800.0;0.0
yf_ZS=F_d9;2300;ASH_COATED_OSMIUM;10094;21;10091;14;;;10103;16;10106;13;;;10098.5;0.0
yf_ZS=F_d9;2300;INTARIAN_PEPPER_ROOT;12795;19;12791;23;;;12804;18;12807;23;;;12799.5;0.0
yf_ZS=F_d9;2400;ASH_COATED_OSMIUM;10095;24;10092;8;;;10101;13;10105;23;;;10098.0;0.0
yf_ZS=F_d9;2400;INTARIAN_PEPPER_ROOT;12793;10;12789;19;;;12808;13;12812;26;;;12800.5;0.0
yf_ZS=F_d9;2500;ASH_COATED_OSMIUM;10086;19;10083;16;;;10110;10;10113;14;;;10098.0;0.0
yf_ZS=F_d9;2500;INTARIAN_PEPPER_ROOT;12793;20;12791;18;;;12808;17;12812;20;;;12800.5;0.0
yf_ZS=F_d9;2600;ASH_COATED_OSMIUM;10093;12;10091;20;;;10104;25;10108;24;;;10098.5;0.0
yf_ZS=F_d9;2600;INTARIAN_PEPPER_ROOT;12793;11;12791;17;;;12808;18;12812;8;;;12800.5;0.0
yf_ZS=F_d9;2700;ASH_COATED_OSMIUM;10094;12;10091;12;;;10103;10;10106;22;;;10098.5;0.0
yf_ZS=F_d9;2700;INTARIAN_PEPPER_ROOT;12793;19;12789;18;;;12806;18;12809;18;;;12799.5;0.0
yf_ZS=F_d9;2800;ASH_COATED_OSMIUM;10095;14;10093;18;;;10101;10;10105;21;;;10098.0;0.0
yf_ZS=F_d9;2800;INTARIAN_PEPPER_ROOT;12795;11;12792;18;;;12805;14;12808;29;;;12800.0;0.0
yf_ZS=F_d9;2900;ASH_COATED_OSMIUM;10095;15;10093;18;;;10101;10;10103;16;;;10098.0;0.0
yf_ZS=F_d9;2900;INTARIAN_PEPPER_ROOT;12797;15;12795;13;;;12803;18;12806;15;;;12800.0;0.0
yf_ZS=F_d9;3000;ASH_COATED_OSMIUM;10095;17;10091;19;;;10101;12;10105;19;;;10098.0;0.0
yf_ZS=F_d9;3000;INTARIAN_PEPPER_ROOT;12797;8;12793;9;;;12803;21;12807;23;;;12800.0;0.0
yf_ZS=F_d9;3100;ASH_COATED_OSMIUM;10094;16;10092;25;;;10102;12;10105;22;;;10098.0;0.0
yf_ZS=F_d9;3100;INTARIAN_PEPPER_ROOT;12796;23;12794;23;;;12802;5;12806;19;;;12799.0;0.0
yf_ZS=F_d9;3200;ASH_COATED_OSMIUM;10095;15;10093;24;;;10101;16;10105;23;;;10098.0;0.0
yf_ZS=F_d9;3200;INTARIAN_PEPPER_ROOT;12797;13;12794;17;;;12803;8;12807;17;;;12800.0;0.0
yf_ZS=F_d9;3300;ASH_COATED_OSMIUM;10095;5;10093;22;;;10101;8;10103;15;;;10098.0;0.0
yf_ZS=F_d9;3300;INTARIAN_PEPPER_ROOT;12794;20;12791;27;;;12804;6;12807;22;;;12799.0;0.0
yf_ZS=F_d9;3400;ASH_COATED_OSMIUM;10095;18;10093;23;;;10101;10;10105;19;;;10098.0;0.0
yf_ZS=F_d9;3400;INTARIAN_PEPPER_ROOT;12796;12;12794;21;;;12802;20;12805;23;;;12799.0;0.0
yf_ZS=F_d9;3500;ASH_COATED_OSMIUM;10092;18;10089;20;;;10105;22;10108;21;;;10098.5;0.0
yf_ZS=F_d9;3500;INTARIAN_PEPPER_ROOT;12797;20;12795;12;;;12803;17;12805;24;;;12800.0;0.0
yf_ZS=F_d9;3600;ASH_COATED_OSMIUM;10095;20;10093;14;;;10101;18;10104;26;;;10098.0;0.0
yf_ZS=F_d9;3600;INTARIAN_PEPPER_ROOT;12797;5;12793;18;;;12803;5;12807;23;;;12800.0;0.0
yf_ZS=F_d9;3700;ASH_COATED_OSMIUM;10090;9;10086;20;;;10107;12;10110;23;;;10098.5;0.0
yf_ZS=F_d9;3700;INTARIAN_PEPPER_ROOT;12797;17;12793;18;;;12803;15;12807;21;;;12800.0;0.0
yf_ZS=F_d9;3800;ASH_COATED_OSMIUM;10095;13;10091;21;;;10101;14;10105;30;;;10098.0;0.0
yf_ZS=F_d9;3800;INTARIAN_PEPPER_ROOT;12796;12;12794;18;;;12802;13;12804;22;;;12799.0;0.0
yf_ZS=F_d9;3900;ASH_COATED_OSMIUM;10093;19;10090;27;;;10103;15;10106;25;;;10098.0;0.0
yf_ZS=F_d9;3900;INTARIAN_PEPPER_ROOT;12796;9;12793;22;;;12802;10;12804;20;;;12799.0;0.0
yf_ZS=F_d9;4000;ASH_COATED_OSMIUM;10094;15;10091;12;;;10100;10;10104;15;;;10097.0;0.0
yf_ZS=F_d9;4000;INTARIAN_PEPPER_ROOT;12796;18;12792;24;;;12802;9;12805;23;;;12799.0;0.0
yf_ZS=F_d9;4100;ASH_COATED_OSMIUM;10094;19;10092;18;;;10100;13;10103;28;;;10097.0;0.0
yf_ZS=F_d9;4100;INTARIAN_PEPPER_ROOT;12796;16;12794;19;;;12802;8;12804;18;;;12799.0;0.0
yf_ZS=F_d9;4200;ASH_COATED_OSMIUM;10094;20;10091;23;;;10100;18;10103;8;;;10097.0;0.0
yf_ZS=F_d9;4200;INTARIAN_PEPPER_ROOT;12794;11;12791;20;;;12803;19;12805;16;;;12798.5;0.0
yf_ZS=F_d9;4300;ASH_COATED_OSMIUM;10089;10;10086;25;;;10105;12;10108;21;;;10097.0;0.0
yf_ZS=F_d9;4300;INTARIAN_PEPPER_ROOT;12797;25;12795;19;;;12803;22;12806;15;;;12800.0;0.0
yf_ZS=F_d9;4400;ASH_COATED_OSMIUM;10091;22;10087;10;;;10103;18;10106;23;;;10097.0;0.0
yf_ZS=F_d9;4400;INTARIAN_PEPPER_ROOT;12796;23;12794;14;;;12802;8;12805;19;;;12799.0;0.0
yf_ZS=F_d9;4500;ASH_COATED_OSMIUM;10092;20;10089;29;;;10104;18;10107;17;;;10098.0;0.0
yf_ZS=F_d9;4500;INTARIAN_PEPPER_ROOT;12796;5;12793;19;;;12803;13;12805;10;;;12799.5;0.0
yf_ZS=F_d9;4600;ASH_COATED_OSMIUM;10093;19;10090;14;;;10101;21;10105;24;;;10097.0;0.0
yf_ZS=F_d9;4600;INTARIAN_PEPPER_ROOT;12796;8;12794;15;;;12802;13;12806;23;;;12799.0;0.0
yf_ZS=F_d9;4700;ASH_COATED_OSMIUM;10094;8;10092;18;;;10101;8;10103;21;;;10097.5;0.0
yf_ZS=F_d9;4700;INTARIAN_PEPPER_ROOT;12796;22;12793;19;;;12802;20;12804;20;;;12799.0;0.0
yf_ZS=F_d9;4800;ASH_COATED_OSMIUM;10092;18;10090;19;;;10102;23;10106;10;;;10097.0;0.0
yf_ZS=F_d9;4800;INTARIAN_PEPPER_ROOT;12794;17;12791;11;;;12803;17;12806;11;;;12798.5;0.0
yf_ZS=F_d9;4900;ASH_COATED_OSMIUM;10094;16;10090;19;;;10100;18;10102;22;;;10097.0;0.0
yf_ZS=F_d9;4900;INTARIAN_PEPPER_ROOT;12796;21;12794;13;;;12802;20;12806;22;;;12799.0;0.0
yf_ZS=F_d9;5000;ASH_COATED_OSMIUM;10082;14;10078;18;;;10113;13;10115;26;;;10097.5;0.0
yf_ZS=F_d9;5000;INTARIAN_PEPPER_ROOT;12796;18;12792;14;;;12802;20;12805;23;;;12799.0;0.0
yf_ZS=F_d9;5100;ASH_COATED_OSMIUM;10080;17;10078;23;;;10114;16;10118;32;;;10097.0;0.0
yf_ZS=F_d9;5100;INTARIAN_PEPPER_ROOT;12796;16;12792;23;;;12802;11;12806;16;;;12799.0;0.0
yf_ZS=F_d9;5200;ASH_COATED_OSMIUM;10094;18;10092;14;;;10100;9;10103;27;;;10097.0;0.0
yf_ZS=F_d9;5200;INTARIAN_PEPPER_ROOT;12794;11;12791;18;;;12804;20;12807;22;;;12799.0;0.0
yf_ZS=F_d9;5300;ASH_COATED_OSMIUM;10085;11;10081;16;;;10109;11;10111;18;;;10097.0;0.0
yf_ZS=F_d9;5300;INTARIAN_PEPPER_ROOT;12796;15;12793;19;;;12802;7;12806;23;;;12799.0;0.0
yf_ZS=F_d9;5400;ASH_COATED_OSMIUM;10094;12;10092;16;;;10100;20;10102;23;;;10097.0;0.0
yf_ZS=F_d9;5400;INTARIAN_PEPPER_ROOT;12796;14;12793;21;;;12802;10;12806;26;;;12799.0;0.0
yf_ZS=F_d9;5500;ASH_COATED_OSMIUM;10094;8;10091;21;;;10100;25;10104;23;;;10097.0;0.0
yf_ZS=F_d9;5500;INTARIAN_PEPPER_ROOT;12783;13;12781;17;;;12814;6;12816;17;;;12798.5;0.0
yf_ZS=F_d9;5600;ASH_COATED_OSMIUM;10094;25;10092;19;;;10100;15;10103;16;;;10097.0;0.0
yf_ZS=F_d9;5600;INTARIAN_PEPPER_ROOT;12796;15;12792;23;;;12802;7;12804;31;;;12799.0;0.0
yf_ZS=F_d9;5700;ASH_COATED_OSMIUM;10093;17;10091;22;;;10099;10;10103;23;;;10096.0;0.0
yf_ZS=F_d9;5700;INTARIAN_PEPPER_ROOT;12796;9;12792;10;;;12802;17;12805;12;;;12799.0;0.0
yf_ZS=F_d9;5800;ASH_COATED_OSMIUM;10093;13;10089;18;;;10099;12;10103;26;;;10096.0;0.0
yf_ZS=F_d9;5800;INTARIAN_PEPPER_ROOT;12796;9;12792;16;;;12802;16;12805;16;;;12799.0;0.0
yf_ZS=F_d9;5900;ASH_COATED_OSMIUM;10088;16;10086;12;;;10105;10;10108;19;;;10096.5;0.0
yf_ZS=F_d9;5900;INTARIAN_PEPPER_ROOT;12796;14;12794;13;;;12802;8;12806;15;;;12799.0;0.0
yf_ZS=F_d9;6000;ASH_COATED_OSMIUM;10094;5;10090;16;;;10100;17;10104;17;;;10097.0;0.0
yf_ZS=F_d9;6000;INTARIAN_PEPPER_ROOT;12785;11;12781;16;;;12812;18;12814;18;;;12798.5;0.0
yf_ZS=F_d9;6100;ASH_COATED_OSMIUM;10094;19;10092;25;;;10100;11;10102;16;;;10097.0;0.0
yf_ZS=F_d9;6100;INTARIAN_PEPPER_ROOT;12781;6;12778;16;;;12817;12;12820;22;;;12799.0;0.0
yf_ZS=F_d9;6200;ASH_COATED_OSMIUM;10092;21;10088;20;;;10100;11;10103;17;;;10096.0;0.0
yf_ZS=F_d9;6200;INTARIAN_PEPPER_ROOT;12789;5;12786;22;;;12808;13;12811;25;;;12798.5;0.0
yf_ZS=F_d9;6300;ASH_COATED_OSMIUM;10088;16;10084;18;;;10104;12;10106;13;;;10096.0;0.0
yf_ZS=F_d9;6300;INTARIAN_PEPPER_ROOT;12793;13;12791;20;;;12805;12;12808;17;;;12799.0;0.0
yf_ZS=F_d9;6400;ASH_COATED_OSMIUM;10093;19;10090;12;;;10099;23;10102;21;;;10096.0;0.0
yf_ZS=F_d9;6400;INTARIAN_PEPPER_ROOT;12795;15;12791;18;;;12801;20;12804;13;;;12798.0;0.0
yf_ZS=F_d9;6500;ASH_COATED_OSMIUM;10091;17;10087;11;;;10101;16;10105;19;;;10096.0;0.0
yf_ZS=F_d9;6500;INTARIAN_PEPPER_ROOT;12796;10;12793;19;;;12802;11;12805;17;;;12799.0;0.0
yf_ZS=F_d9;6600;ASH_COATED_OSMIUM;10093;22;10089;23;;;10099;17;10101;15;;;10096.0;0.0
yf_ZS=F_d9;6600;INTARIAN_PEPPER_ROOT;12795;27;12792;26;;;12801;9;12805;22;;;12798.0;0.0
yf_ZS=F_d9;6700;ASH_COATED_OSMIUM;10093;10;10091;24;;;10100;20;10103;11;;;10096.5;0.0
yf_ZS=F_d9;6700;INTARIAN_PEPPER_ROOT;12795;15;12791;23;;;12801;8;12803;16;;;12798.0;0.0
yf_ZS=F_d9;6800;ASH_COATED_OSMIUM;10092;16;10090;26;;;10098;8;10100;19;;;10095.0;0.0
yf_ZS=F_d9;6800;INTARIAN_PEPPER_ROOT;12790;9;12787;30;;;12805;10;12808;18;;;12797.5;0.0
yf_ZS=F_d9;6900;ASH_COATED_OSMIUM;10089;11;10087;25;;;10103;16;10107;22;;;10096.0;0.0
yf_ZS=F_d9;6900;INTARIAN_PEPPER_ROOT;12795;9;12793;17;;;12801;13;12805;10;;;12798.0;0.0
yf_ZS=F_d9;7000;ASH_COATED_OSMIUM;10093;18;10091;21;;;10099;16;10102;14;;;10096.0;0.0
yf_ZS=F_d9;7000;INTARIAN_PEPPER_ROOT;12795;12;12791;15;;;12801;11;12804;16;;;12798.0;0.0
yf_ZS=F_d9;7100;ASH_COATED_OSMIUM;10093;13;10091;29;;;10099;23;10103;16;;;10096.0;0.0
yf_ZS=F_d9;7100;INTARIAN_PEPPER_ROOT;12795;5;12792;23;;;12801;22;12803;21;;;12798.0;0.0
yf_ZS=F_d9;7200;ASH_COATED_OSMIUM;10093;18;10089;15;;;10099;10;10103;18;;;10096.0;0.0
yf_ZS=F_d9;7200;INTARIAN_PEPPER_ROOT;12793;29;12790;22;;;12804;19;12807;18;;;12798.5;0.0
yf_ZS=F_d9;7300;ASH_COATED_OSMIUM;10083;17;10080;22;;;10110;18;10112;21;;;10096.5;0.0
yf_ZS=F_d9;7300;INTARIAN_PEPPER_ROOT;12790;23;12788;13;;;12806;15;12810;24;;;12798.0;0.0
yf_ZS=F_d9;7400;ASH_COATED_OSMIUM;10089;13;10087;16;;;10103;20;10106;18;;;10096.0;0.0
yf_ZS=F_d9;7400;INTARIAN_PEPPER_ROOT;12795;8;12791;17;;;12801;19;12804;24;;;12798.0;0.0
yf_ZS=F_d9;7500;ASH_COATED_OSMIUM;10092;10;10089;12;;;10098;13;10102;26;;;10095.0;0.0
yf_ZS=F_d9;7500;INTARIAN_PEPPER_ROOT;12788;12;12785;24;;;12809;15;12813;18;;;12798.5;0.0
yf_ZS=F_d9;7600;ASH_COATED_OSMIUM;10092;15;10090;20;;;10098;10;10101;22;;;10095.0;0.0
yf_ZS=F_d9;7600;INTARIAN_PEPPER_ROOT;12795;14;12792;19;;;12801;9;12805;16;;;12798.0;0.0
yf_ZS=F_d9;7700;ASH_COATED_OSMIUM;10093;20;10091;13;;;10099;26;10102;17;;;10096.0;0.0
yf_ZS=F_d9;7700;INTARIAN_PEPPER_ROOT;12795;13;12792;12;;;12801;16;12804;18;;;12798.0;0.0
yf_ZS=F_d9;7800;ASH_COATED_OSMIUM;10093;12;10091;18;;;10099;15;10101;26;;;10096.0;0.0
yf_ZS=F_d9;7800;INTARIAN_PEPPER_ROOT;12795;13;12793;11;;;12801;15;12804;15;;;12798.0;0.0
yf_ZS=F_d9;7900;ASH_COATED_OSMIUM;10084;13;10082;9;;;10108;20;10110;22;;;10096.0;0.0
yf_ZS=F_d9;7900;INTARIAN_PEPPER_ROOT;12793;22;12790;20;;;12803;12;12807;24;;;12798.0;0.0
yf_ZS=F_d9;8000;ASH_COATED_OSMIUM;10093;13;10090;17;;;10099;16;10101;18;;;10096.0;0.0
yf_ZS=F_d9;8000;INTARIAN_PEPPER_ROOT;12788;15;12786;19;;;12808;13;12811;9;;;12798.0;0.0
yf_ZS=F_d9;8100;ASH_COATED_OSMIUM;10089;15;10085;27;;;10101;15;10105;22;;;10095.0;0.0
yf_ZS=F_d9;8100;INTARIAN_PEPPER_ROOT;12795;24;12793;18;;;12801;6;12804;22;;;12798.0;0.0
yf_ZS=F_d9;8200;ASH_COATED_OSMIUM;10092;9;10090;11;;;10098;20;10101;19;;;10095.0;0.0
yf_ZS=F_d9;8200;INTARIAN_PEPPER_ROOT;12795;15;12793;24;;;12801;12;12805;15;;;12798.0;0.0
yf_ZS=F_d9;8300;ASH_COATED_OSMIUM;10092;30;10088;14;;;10098;17;10102;24;;;10095.0;0.0
yf_ZS=F_d9;8300;INTARIAN_PEPPER_ROOT;12794;18;12792;14;;;12800;5;12804;17;;;12797.0;0.0
yf_ZS=F_d9;8400;ASH_COATED_OSMIUM;10092;12;10090;32;;;10098;17;10100;23;;;10095.0;0.0
yf_ZS=F_d9;8400;INTARIAN_PEPPER_ROOT;12795;23;12791;20;;;12801;12;12805;20;;;12798.0;0.0
yf_ZS=F_d9;8500;ASH_COATED_OSMIUM;10092;21;10090;19;;;10098;9;10102;22;;;10095.0;0.0
yf_ZS=F_d9;8500;INTARIAN_PEPPER_ROOT;12793;18;12791;15;;;12803;21;12806;8;;;12798.0;0.0
yf_ZS=F_d9;8600;ASH_COATED_OSMIUM;10089;21;10086;23;;;10101;17;10105;19;;;10095.0;0.0
yf_ZS=F_d9;8600;INTARIAN_PEPPER_ROOT;12795;24;12791;12;;;12801;22;12804;26;;;12798.0;0.0
yf_ZS=F_d9;8700;ASH_COATED_OSMIUM;10092;19;10090;15;;;10098;6;10101;21;;;10095.0;0.0
yf_ZS=F_d9;8700;INTARIAN_PEPPER_ROOT;12792;17;12788;18;;;12804;12;12806;16;;;12798.0;0.0
yf_ZS=F_d9;8800;ASH_COATED_OSMIUM;10092;17;10088;19;;;10098;10;10101;22;;;10095.0;0.0
yf_ZS=F_d9;8800;INTARIAN_PEPPER_ROOT;12794;14;12792;20;;;12800;17;12804;15;;;12797.0;0.0
yf_ZS=F_d9;8900;ASH_COATED_OSMIUM;10092;14;10090;23;;;10098;10;10101;25;;;10095.0;0.0
yf_ZS=F_d9;8900;INTARIAN_PEPPER_ROOT;12788;9;12786;8;;;12807;20;12810;25;;;12797.5;0.0
yf_ZS=F_d9;9000;ASH_COATED_OSMIUM;10092;19;10088;12;;;10098;10;10100;9;;;10095.0;0.0
yf_ZS=F_d9;9000;INTARIAN_PEPPER_ROOT;12794;15;12791;16;;;12800;13;12803;11;;;12797.0;0.0
yf_ZS=F_d9;9100;ASH_COATED_OSMIUM;10091;19;10087;20;;;10097;18;10100;13;;;10094.0;0.0
yf_ZS=F_d9;9100;INTARIAN_PEPPER_ROOT;12792;15;12790;22;;;12803;10;12807;19;;;12797.5;0.0
yf_ZS=F_d9;9200;ASH_COATED_OSMIUM;10090;16;10087;19;;;10098;15;10101;17;;;10094.0;0.0
yf_ZS=F_d9;9200;INTARIAN_PEPPER_ROOT;12794;26;12791;22;;;12800;13;12803;17;;;12797.0;0.0
yf_ZS=F_d9;9300;ASH_COATED_OSMIUM;10092;11;10089;29;;;10098;11;10102;21;;;10095.0;0.0
yf_ZS=F_d9;9300;INTARIAN_PEPPER_ROOT;12794;22;12790;19;;;12800;12;12802;20;;;12797.0;0.0
yf_ZS=F_d9;9400;ASH_COATED_OSMIUM;10092;15;10090;27;;;10098;10;10101;29;;;10095.0;0.0
yf_ZS=F_d9;9400;INTARIAN_PEPPER_ROOT;12794;16;12792;19;;;12800;18;12802;14;;;12797.0;0.0
yf_ZS=F_d9;9500;ASH_COATED_OSMIUM;10090;6;10087;14;;;10100;18;10102;23;;;10095.0;0.0
yf_ZS=F_d9;9500;INTARIAN_PEPPER_ROOT;12788;12;12785;20;;;12807;13;12810;25;;;12797.5;0.0
yf_ZS=F_d9;9600;ASH_COATED_OSMIUM;10092;16;10089;24;;;10098;15;10102;18;;;10095.0;0.0
yf_ZS=F_d9;9600;INTARIAN_PEPPER_ROOT;12791;22;12789;22;;;12801;8;12805;22;;;12796.0;0.0
yf_ZS=F_d9;9700;ASH_COATED_OSMIUM;10085;13;10083;26;;;10105;16;10109;23;;;10095.0;0.0
yf_ZS=F_d9;9700;INTARIAN_PEPPER_ROOT;12795;17;12791;19;;;12801;14;12805;20;;;12798.0;0.0
yf_ZS=F_d9;9800;ASH_COATED_OSMIUM;10091;17;10088;18;;;10097;19;10100;23;;;10094.0;0.0
yf_ZS=F_d9;9800;INTARIAN_PEPPER_ROOT;12792;19;12788;15;;;12800;13;12804;18;;;12796.0;0.0
yf_ZS=F_d9;9900;ASH_COATED_OSMIUM;10090;15;10087;21;;;10100;7;10102;20;;;10095.0;0.0
yf_ZS=F_d9;9900;INTARIAN_PEPPER_ROOT;12791;14;12787;17;;;12803;17;12807;23;;;12797.0;0.0
yf_ZS=F_d9;10000;ASH_COATED_OSMIUM;10091;16;10087;19;;;10097;9;10101;21;;;10094.0;0.0
yf_ZS=F_d9;10000;INTARIAN_PEPPER_ROOT;12777;19;12775;18;;;12815;13;12818;21;;;12796.0;0.0
yf_ZS=F_d9;10100;ASH_COATED_OSMIUM;10092;7;10088;27;;;10098;20;10101;14;;;10095.0;0.0
yf_ZS=F_d9;10100;INTARIAN_PEPPER_ROOT;12789;14;12785;17;;;12805;18;12807;22;;;12797.0;0.0
yf_ZS=F_d9;10200;ASH_COATED_OSMIUM;10091;16;10088;22;;;10097;14;10100;10;;;10094.0;0.0
yf_ZS=F_d9;10200;INTARIAN_PEPPER_ROOT;12794;10;12791;20;;;12800;8;12802;32;;;12797.0;0.0
yf_ZS=F_d9;10300;ASH_COATED_OSMIUM;10091;15;10087;22;;;10097;13;10099;16;;;10094.0;0.0
yf_ZS=F_d9;10300;INTARIAN_PEPPER_ROOT;12794;5;12791;19;;;12800;20;12802;21;;;12797.0;0.0
yf_ZS=F_d9;10400;ASH_COATED_OSMIUM;10091;10;10088;12;;;10097;12;10099;17;;;10094.0;0.0
yf_ZS=F_d9;10400;INTARIAN_PEPPER_ROOT;12792;26;12790;28;;;12802;6;12804;15;;;12797.0;0.0
yf_ZS=F_d9;10500;ASH_COATED_OSMIUM;10084;14;10080;30;;;10105;11;10109;20;;;10094.5;0.0
yf_ZS=F_d9;10500;INTARIAN_PEPPER_ROOT;12794;17;12790;22;;;12800;9;12804;20;;;12797.0;0.0
yf_ZS=F_d9;10600;ASH_COATED_OSMIUM;10091;12;10088;15;;;10097;12;10099;18;;;10094.0;0.0
yf_ZS=F_d9;10600;INTARIAN_PEPPER_ROOT;12794;20;12790;23;;;12800;22;12804;10;;;12797.0;0.0
yf_ZS=F_d9;10700;ASH_COATED_OSMIUM;10091;13;10088;18;;;10097;16;10099;20;;;10094.0;0.0
yf_ZS=F_d9;10700;INTARIAN_PEPPER_ROOT;12794;5;12791;22;;;12800;16;12802;25;;;12797.0;0.0
yf_ZS=F_d9;10800;ASH_COATED_OSMIUM;10085;6;10081;9;;;10104;8;10107;18;;;10094.5;0.0
yf_ZS=F_d9;10800;INTARIAN_PEPPER_ROOT;12791;18;12787;19;;;12801;9;12805;14;;;12796.0;0.0
yf_ZS=F_d9;10900;ASH_COATED_OSMIUM;10091;8;10087;20;;;10097;10;10100;27;;;10094.0;0.0
yf_ZS=F_d9;10900;INTARIAN_PEPPER_ROOT;12786;26;12784;21;;;12808;10;12810;15;;;12797.0;0.0
yf_ZS=F_d9;11000;ASH_COATED_OSMIUM;10080;15;10076;18;;;10108;12;10112;14;;;10094.0;0.0
yf_ZS=F_d9;11000;INTARIAN_PEPPER_ROOT;12792;5;12788;9;;;12800;19;12804;26;;;12796.0;0.0
yf_ZS=F_d9;11100;ASH_COATED_OSMIUM;10091;18;10087;24;;;10097;20;10101;20;;;10094.0;0.0
yf_ZS=F_d9;11100;INTARIAN_PEPPER_ROOT;12790;23;12788;22;;;12803;16;12805;27;;;12796.5;0.0
yf_ZS=F_d9;11200;ASH_COATED_OSMIUM;10091;12;10088;13;;;10097;26;10101;24;;;10094.0;0.0
yf_ZS=F_d9;11200;INTARIAN_PEPPER_ROOT;12794;8;12790;20;;;12800;6;12802;16;;;12797.0;0.0
yf_ZS=F_d9;11300;ASH_COATED_OSMIUM;10071;9;10069;21;;;10116;17;10120;24;;;10093.5;0.0
yf_ZS=F_d9;11300;INTARIAN_PEPPER_ROOT;12792;19;12789;21;;;12800;8;12803;31;;;12796.0;0.0
yf_ZS=F_d9;11400;ASH_COATED_OSMIUM;10088;17;10086;25;;;10100;18;10102;10;;;10094.0;0.0
yf_ZS=F_d9;11400;INTARIAN_PEPPER_ROOT;12787;8;12785;18;;;12806;15;12809;16;;;12796.5;0.0
yf_ZS=F_d9;11500;ASH_COATED_OSMIUM;10088;21;10085;9;;;10101;6;10103;21;;;10094.5;0.0
yf_ZS=F_d9;11500;INTARIAN_PEPPER_ROOT;12793;14;12789;15;;;12799;18;12801;22;;;12796.0;0.0
yf_ZS=F_d9;11600;ASH_COATED_OSMIUM;10091;6;10087;21;;;10097;12;10101;26;;;10094.0;0.0
yf_ZS=F_d9;11600;INTARIAN_PEPPER_ROOT;12793;14;12791;15;;;12799;12;12802;24;;;12796.0;0.0
yf_ZS=F_d9;11700;ASH_COATED_OSMIUM;10090;20;10087;22;;;10096;21;10100;15;;;10093.0;0.0
yf_ZS=F_d9;11700;INTARIAN_PEPPER_ROOT;12785;15;12782;13;;;12806;18;12810;19;;;12795.5;0.0
yf_ZS=F_d9;11800;ASH_COATED_OSMIUM;10089;16;10087;18;;;10099;16;10103;12;;;10094.0;0.0
yf_ZS=F_d9;11800;INTARIAN_PEPPER_ROOT;12790;20;12786;17;;;12803;11;12806;14;;;12796.5;0.0
yf_ZS=F_d9;11900;ASH_COATED_OSMIUM;10088;10;10085;18;;;10098;11;10101;19;;;10093.0;0.0
yf_ZS=F_d9;11900;INTARIAN_PEPPER_ROOT;12793;11;12789;21;;;12800;13;12804;18;;;12796.5;0.0
yf_ZS=F_d9;12000;ASH_COATED_OSMIUM;10086;12;10083;19;;;10101;18;10104;23;;;10093.5;0.0
yf_ZS=F_d9;12000;INTARIAN_PEPPER_ROOT;12793;7;12789;19;;;12799;24;12802;18;;;12796.0;0.0
yf_ZS=F_d9;12100;ASH_COATED_OSMIUM;10084;25;10082;18;;;10103;5;10106;17;;;10093.5;0.0
yf_ZS=F_d9;12100;INTARIAN_PEPPER_ROOT;12792;13;12788;21;;;12801;16;12804;20;;;12796.5;0.0
yf_ZS=F_d9;12200;ASH_COATED_OSMIUM;10082;5;10080;21;;;10105;13;10109;25;;;10093.5;0.0
yf_ZS=F_d9;12200;INTARIAN_PEPPER_ROOT;12784;17;12781;21;;;12807;12;12810;16;;;12795.5;0.0
yf_ZS=F_d9;12300;ASH_COATED_OSMIUM;10087;15;10083;23;;;10100;13;10103;21;;;10093.5;0.0
yf_ZS=F_d9;12300;INTARIAN_PEPPER_ROOT;12793;17;12789;24;;;12799;21;12801;16;;;12796.0;0.0
yf_ZS=F_d9;12400;ASH_COATED_OSMIUM;10090;11;10088;20;;;10096;10;10098;23;;;10093.0;0.0
yf_ZS=F_d9;12400;INTARIAN_PEPPER_ROOT;12791;15;12788;21;;;12801;13;12803;24;;;12796.0;0.0
yf_ZS=F_d9;12500;ASH_COATED_OSMIUM;10090;7;10088;20;;;10096;10;10098;19;;;10093.0;0.0
yf_ZS=F_d9;12500;INTARIAN_PEPPER_ROOT;12793;11;12790;25;;;12799;18;12802;17;;;12796.0;0.0
yf_ZS=F_d9;12600;ASH_COATED_OSMIUM;10088;20;10086;18;;;10099;19;10101;20;;;10093.5;0.0
yf_ZS=F_d9;12600;INTARIAN_PEPPER_ROOT;12793;14;12789;16;;;12799;22;12803;14;;;12796.0;0.0
yf_ZS=F_d9;12700;ASH_COATED_OSMIUM;10088;5;10084;23;;;10097;19;10100;22;;;10092.5;0.0
yf_ZS=F_d9;12700;INTARIAN_PEPPER_ROOT;12792;13;12788;22;;;12801;9;12804;19;;;12796.5;0.0
yf_ZS=F_d9;12800;ASH_COATED_OSMIUM;10085;15;10083;19;;;10101;11;10104;21;;;10093.0;0.0
yf_ZS=F_d9;12800;INTARIAN_PEPPER_ROOT;12793;14;12789;22;;;12799;21;12802;16;;;12796.0;0.0
yf_ZS=F_d9;12900;ASH_COATED_OSMIUM;10090;5;10088;24;;;10096;14;10100;16;;;10093.0;0.0
yf_ZS=F_d9;12900;INTARIAN_PEPPER_ROOT;12791;13;12787;16;;;12801;24;12805;26;;;12796.0;0.0
yf_ZS=F_d9;13000;ASH_COATED_OSMIUM;10088;11;10086;21;;;10098;16;10102;23;;;10093.0;0.0
yf_ZS=F_d9;13000;INTARIAN_PEPPER_ROOT;12792;17;12790;13;;;12799;27;12801;15;;;12795.5;0.0
yf_ZS=F_d9;13100;ASH_COATED_OSMIUM;10087;10;10084;22;;;10099;9;10103;23;;;10093.0;0.0
yf_ZS=F_d9;13100;INTARIAN_PEPPER_ROOT;12793;15;12790;21;;;12799;16;12802;21;;;12796.0;0.0
yf_ZS=F_d9;13200;ASH_COATED_OSMIUM;10073;16;10069;15;;;10112;8;10114;8;;;10092.5;0.0
yf_ZS=F_d9;13200;INTARIAN_PEPPER_ROOT;12783;5;12780;22;;;12808;14;12811;21;;;12795.5;0.0
yf_ZS=F_d9;13300;ASH_COATED_OSMIUM;10083;16;10081;31;;;10103;23;10105;18;;;10093.0;0.0
yf_ZS=F_d9;13300;INTARIAN_PEPPER_ROOT;12792;6;12788;23;;;12798;18;12801;24;;;12795.0;0.0
yf_ZS=F_d9;13400;ASH_COATED_OSMIUM;10091;19;10087;18;;;10097;9;10099;13;;;10094.0;0.0
yf_ZS=F_d9;13400;INTARIAN_PEPPER_ROOT;12785;16;12781;30;;;12807;14;12811;22;;;12796.0;0.0
yf_ZS=F_d9;13500;ASH_COATED_OSMIUM;10090;19;10087;22;;;10096;13;10098;20;;;10093.0;0.0
yf_ZS=F_d9;13500;INTARIAN_PEPPER_ROOT;12785;14;12782;26;;;12805;15;12807;18;;;12795.0;0.0
yf_ZS=F_d9;13600;ASH_COATED_OSMIUM;10089;19;10085;19;;;10096;5;10100;11;;;10092.5;0.0
yf_ZS=F_d9;13600;INTARIAN_PEPPER_ROOT;12793;8;12790;9;;;12799;8;12801;22;;;12796.0;0.0
yf_ZS=F_d9;13700;ASH_COATED_OSMIUM;10085;17;10081;26;;;10102;19;10105;27;;;10093.5;0.0
yf_ZS=F_d9;13700;INTARIAN_PEPPER_ROOT;12792;19;12788;19;;;12798;9;12800;20;;;12795.0;0.0
yf_ZS=F_d9;13800;ASH_COATED_OSMIUM;10083;15;10081;17;;;10103;15;10107;17;;;10093.0;0.0
yf_ZS=F_d9;13800;INTARIAN_PEPPER_ROOT;12792;20;12788;26;;;12798;14;12801;27;;;12795.0;0.0
yf_ZS=F_d9;13900;ASH_COATED_OSMIUM;10090;17;10087;16;;;10096;14;10098;14;;;10093.0;0.0
yf_ZS=F_d9;13900;INTARIAN_PEPPER_ROOT;12792;11;12789;16;;;12798;16;12801;27;;;12795.0;0.0
yf_ZS=F_d9;14000;ASH_COATED_OSMIUM;10089;13;10085;30;;;10095;5;10097;18;;;10092.0;0.0
yf_ZS=F_d9;14000;INTARIAN_PEPPER_ROOT;12793;17;12789;12;;;12799;14;12803;22;;;12796.0;0.0
yf_ZS=F_d9;14100;ASH_COATED_OSMIUM;10090;12;10088;18;;;10096;17;10100;21;;;10093.0;0.0
yf_ZS=F_d9;14100;INTARIAN_PEPPER_ROOT;12790;10;12786;21;;;12802;9;12805;17;;;12796.0;0.0
yf_ZS=F_d9;14200;ASH_COATED_OSMIUM;10089;6;10085;20;;;10095;8;10097;17;;;10092.0;0.0
yf_ZS=F_d9;14200;INTARIAN_PEPPER_ROOT;12788;18;12786;20;;;12802;12;12805;18;;;12795.0;0.0
yf_ZS=F_d9;14300;ASH_COATED_OSMIUM;10081;12;10078;20;;;10105;17;10107;13;;;10093.0;0.0
yf_ZS=F_d9;14300;INTARIAN_PEPPER_ROOT;12774;6;12770;15;;;12816;7;12818;21;;;12795.0;0.0
yf_ZS=F_d9;14400;ASH_COATED_OSMIUM;10089;20;10085;30;;;10095;12;10097;25;;;10092.0;0.0
yf_ZS=F_d9;14400;INTARIAN_PEPPER_ROOT;12785;13;12783;24;;;12806;12;12808;31;;;12795.5;0.0
yf_ZS=F_d9;14500;ASH_COATED_OSMIUM;10089;13;10087;27;;;10095;16;10098;16;;;10092.0;0.0
yf_ZS=F_d9;14500;INTARIAN_PEPPER_ROOT;12792;19;12790;16;;;12798;14;12801;22;;;12795.0;0.0
yf_ZS=F_d9;14600;ASH_COATED_OSMIUM;10082;18;10079;16;;;10102;23;10104;8;;;10092.0;0.0
yf_ZS=F_d9;14600;INTARIAN_PEPPER_ROOT;12792;18;12790;12;;;12798;21;12800;19;;;12795.0;0.0
yf_ZS=F_d9;14700;ASH_COATED_OSMIUM;10084;6;10081;15;;;10101;11;10103;28;;;10092.5;0.0
yf_ZS=F_d9;14700;INTARIAN_PEPPER_ROOT;12791;19;12789;14;;;12800;19;12803;15;;;12795.5;0.0
yf_ZS=F_d9;14800;ASH_COATED_OSMIUM;10088;16;10085;20;;;10096;12;10098;11;;;10092.0;0.0
yf_ZS=F_d9;14800;INTARIAN_PEPPER_ROOT;12792;18;12790;17;;;12798;25;12800;17;;;12795.0;0.0
yf_ZS=F_d9;14900;ASH_COATED_OSMIUM;10087;10;10084;26;;;10098;10;10102;19;;;10092.5;0.0
yf_ZS=F_d9;14900;INTARIAN_PEPPER_ROOT;12792;15;12789;20;;;12798;13;12800;23;;;12795.0;0.0
yf_ZS=F_d9;15000;ASH_COATED_OSMIUM;10088;18;10084;23;;;10096;25;10099;20;;;10092.0;0.0
yf_ZS=F_d9;15000;INTARIAN_PEPPER_ROOT;12791;16;12789;13;;;12800;9;12804;27;;;12795.5;0.0
yf_ZS=F_d9;15100;ASH_COATED_OSMIUM;10089;6;10085;14;;;10095;17;10097;23;;;10092.0;0.0
yf_ZS=F_d9;15100;INTARIAN_PEPPER_ROOT;12792;17;12788;19;;;12798;10;12800;20;;;12795.0;0.0
yf_ZS=F_d9;15200;ASH_COATED_OSMIUM;10085;23;10081;11;;;10099;12;10101;27;;;10092.0;0.0
yf_ZS=F_d9;15200;INTARIAN_PEPPER_ROOT;12792;6;12788;20;;;12798;15;12802;16;;;12795.0;0.0
yf_ZS=F_d9;15300;ASH_COATED_OSMIUM;10088;18;10084;24;;;10094;19;10098;24;;;10091.0;0.0
yf_ZS=F_d9;15300;INTARIAN_PEPPER_ROOT;12790;16;12788;13;;;12800;12;12803;16;;;12795.0;0.0
yf_ZS=F_d9;15400;ASH_COATED_OSMIUM;10075;11;10073;26;;;10109;14;10111;19;;;10092.0;0.0
yf_ZS=F_d9;15400;INTARIAN_PEPPER_ROOT;12792;10;12788;23;;;12798;19;12800;25;;;12795.0;0.0
yf_ZS=F_d9;15500;ASH_COATED_OSMIUM;10089;6;10085;17;;;10095;14;10097;17;;;10092.0;0.0
yf_ZS=F_d9;15500;INTARIAN_PEPPER_ROOT;12792;14;12790;22;;;12798;13;12802;24;;;12795.0;0.0
yf_ZS=F_d9;15600;ASH_COATED_OSMIUM;10088;12;10084;22;;;10094;14;10096;19;;;10091.0;0.0
yf_ZS=F_d9;15600;INTARIAN_PEPPER_ROOT;12792;7;12788;18;;;12798;9;12801;20;;;12795.0;0.0
yf_ZS=F_d9;15700;ASH_COATED_OSMIUM;10087;10;10083;19;;;10096;19;10100;12;;;10091.5;0.0
yf_ZS=F_d9;15700;INTARIAN_PEPPER_ROOT;12791;11;12788;11;;;12797;15;12800;15;;;12794.0;0.0
yf_ZS=F_d9;15800;ASH_COATED_OSMIUM;10088;10;10085;20;;;10094;9;10098;14;;;10091.0;0.0
yf_ZS=F_d9;15800;INTARIAN_PEPPER_ROOT;12792;17;12788;26;;;12798;10;12801;17;;;12795.0;0.0
yf_ZS=F_d9;15900;ASH_COATED_OSMIUM;10089;13;10085;19;;;10095;13;10097;27;;;10092.0;0.0
yf_ZS=F_d9;15900;INTARIAN_PEPPER_ROOT;12786;8;12784;28;;;12802;9;12805;18;;;12794.0;0.0
yf_ZS=F_d9;16000;ASH_COATED_OSMIUM;10089;24;10085;14;;;10095;14;10098;16;;;10092.0;0.0
yf_ZS=F_d9;16000;INTARIAN_PEPPER_ROOT;12791;23;12787;24;;;12797;12;12800;18;;;12794.0;0.0
yf_ZS=F_d9;16100;ASH_COATED_OSMIUM;10088;11;10085;17;;;10094;16;10097;15;;;10091.0;0.0
yf_ZS=F_d9;16100;INTARIAN_PEPPER_ROOT;12790;15;12786;16;;;12799;25;12803;11;;;12794.5;0.0
yf_ZS=F_d9;16200;ASH_COATED_OSMIUM;10085;20;10082;24;;;10096;7;10098;15;;;10090.5;0.0
yf_ZS=F_d9;16200;INTARIAN_PEPPER_ROOT;12791;17;12789;19;;;12797;10;12799;19;;;12794.0;0.0
yf_ZS=F_d9;16300;ASH_COATED_OSMIUM;10081;19;10078;22;;;10102;15;10106;25;;;10091.5;0.0
yf_ZS=F_d9;16300;INTARIAN_PEPPER_ROOT;12791;18;12789;22;;;12797;13;12801;18;;;12794.0;0.0
yf_ZS=F_d9;16400;ASH_COATED_OSMIUM;10089;14;10086;17;;;10095;5;10097;16;;;10092.0;0.0
yf_ZS=F_d9;16400;INTARIAN_PEPPER_ROOT;12791;18;12787;16;;;12797;21;12800;21;;;12794.0;0.0
yf_ZS=F_d9;16500;ASH_COATED_OSMIUM;10088;16;10086;23;;;10094;13;10097;22;;;10091.0;0.0
yf_ZS=F_d9;16500;INTARIAN_PEPPER_ROOT;12792;8;12789;16;;;12798;15;12801;21;;;12795.0;0.0
yf_ZS=F_d9;16600;ASH_COATED_OSMIUM;10088;16;10086;25;;;10094;23;10096;23;;;10091.0;0.0
yf_ZS=F_d9;16600;INTARIAN_PEPPER_ROOT;12791;14;12788;25;;;12798;16;12802;23;;;12794.5;0.0
yf_ZS=F_d9;16700;ASH_COATED_OSMIUM;10089;16;10087;15;;;10095;19;10099;18;;;10092.0;0.0
yf_ZS=F_d9;16700;INTARIAN_PEPPER_ROOT;12790;14;12788;20;;;12799;10;12803;27;;;12794.5;0.0
yf_ZS=F_d9;16800;ASH_COATED_OSMIUM;10088;5;10084;19;;;10094;12;10097;19;;;10091.0;0.0
yf_ZS=F_d9;16800;INTARIAN_PEPPER_ROOT;12789;10;12787;25;;;12799;5;12803;25;;;12794.0;0.0
yf_ZS=F_d9;16900;ASH_COATED_OSMIUM;10088;27;10085;14;;;10094;14;10096;16;;;10091.0;0.0
yf_ZS=F_d9;16900;INTARIAN_PEPPER_ROOT;12791;11;12788;22;;;12797;17;12799;14;;;12794.0;0.0
yf_ZS=F_d9;17000;ASH_COATED_OSMIUM;10080;13;10076;20;;;10103;16;10107;8;;;10091.5;0.0
yf_ZS=F_d9;17000;INTARIAN_PEPPER_ROOT;12785;5;12783;20;;;12802;10;12806;19;;;12793.5;0.0
yf_ZS=F_d9;17100;ASH_COATED_OSMIUM;10088;15;10084;18;;;10094;11;10096;19;;;10091.0;0.0
yf_ZS=F_d9;17100;INTARIAN_PEPPER_ROOT;12787;20;12783;17;;;12793;19;12796;19;;;12790.0;0.0
yf_ZS=F_d9;17200;ASH_COATED_OSMIUM;10086;22;10082;20;;;10095;10;10097;25;;;10090.5;0.0
yf_ZS=F_d9;17200;INTARIAN_PEPPER_ROOT;12785;10;12783;31;;;12791;17;12795;18;;;12788.0;0.0
yf_ZS=F_d9;17300;ASH_COATED_OSMIUM;10088;23;10084;19;;;10094;9;10096;14;;;10091.0;0.0
yf_ZS=F_d9;17300;INTARIAN_PEPPER_ROOT;12782;10;12779;13;;;12788;18;12791;15;;;12785.0;0.0
yf_ZS=F_d9;17400;ASH_COATED_OSMIUM;10088;15;10085;13;;;10094;17;10097;21;;;10091.0;0.0
yf_ZS=F_d9;17400;INTARIAN_PEPPER_ROOT;12780;17;12776;15;;;12786;9;12789;16;;;12783.0;0.0
yf_ZS=F_d9;17500;ASH_COATED_OSMIUM;10084;14;10081;15;;;10097;15;10099;31;;;10090.5;0.0
yf_ZS=F_d9;17500;INTARIAN_PEPPER_ROOT;12776;13;12773;15;;;12786;14;12790;22;;;12781.0;0.0
yf_ZS=F_d9;17600;ASH_COATED_OSMIUM;10069;11;10067;19;;;10114;11;10117;24;;;10091.5;0.0
yf_ZS=F_d9;17600;INTARIAN_PEPPER_ROOT;12776;7;12772;18;;;12782;11;12784;19;;;12779.0;0.0
yf_ZS=F_d9;17700;ASH_COATED_OSMIUM;10087;21;10085;11;;;10093;17;10096;27;;;10090.0;0.0
yf_ZS=F_d9;17700;INTARIAN_PEPPER_ROOT;12772;11;12769;20;;;12778;5;12782;13;;;12775.0;0.0
yf_ZS=F_d9;17800;ASH_COATED_OSMIUM;10087;17;10083;24;;;10093;21;10095;15;;;10090.0;0.0
yf_ZS=F_d9;17800;INTARIAN_PEPPER_ROOT;12768;10;12766;16;;;12780;18;12784;13;;;12774.0;0.0
yf_ZS=F_d9;17900;ASH_COATED_OSMIUM;10087;7;10084;19;;;10093;20;10097;16;;;10090.0;0.0
yf_ZS=F_d9;17900;INTARIAN_PEPPER_ROOT;12768;14;12766;15;;;12774;10;12778;19;;;12771.0;0.0
yf_ZS=F_d9;18000;ASH_COATED_OSMIUM;10088;19;10086;23;;;10094;15;10098;21;;;10091.0;0.0
yf_ZS=F_d9;18000;INTARIAN_PEPPER_ROOT;12764;18;12762;23;;;12771;27;12775;16;;;12767.5;0.0
yf_ZS=F_d9;18100;ASH_COATED_OSMIUM;10087;7;10084;28;;;10093;18;10096;19;;;10090.0;0.0
yf_ZS=F_d9;18100;INTARIAN_PEPPER_ROOT;12763;17;12759;20;;;12769;12;12773;16;;;12766.0;0.0
yf_ZS=F_d9;18200;ASH_COATED_OSMIUM;10088;22;10086;21;;;10094;21;10097;12;;;10091.0;0.0
yf_ZS=F_d9;18200;INTARIAN_PEPPER_ROOT;12753;16;12751;13;;;12775;6;12777;17;;;12764.0;0.0
yf_ZS=F_d9;18300;ASH_COATED_OSMIUM;10086;21;10083;13;;;10094;5;10097;16;;;10090.0;0.0
yf_ZS=F_d9;18300;INTARIAN_PEPPER_ROOT;12757;5;12753;21;;;12763;11;12765;10;;;12760.0;0.0
yf_ZS=F_d9;18400;ASH_COATED_OSMIUM;10087;10;10085;18;;;10093;8;10096;17;;;10090.0;0.0
yf_ZS=F_d9;18400;INTARIAN_PEPPER_ROOT;12756;16;12752;16;;;12762;16;12765;33;;;12759.0;0.0
yf_ZS=F_d9;18500;ASH_COATED_OSMIUM;10080;5;10076;15;;;10101;5;10103;25;;;10090.5;0.0
yf_ZS=F_d9;18500;INTARIAN_PEPPER_ROOT;12753;19;12750;14;;;12759;5;12761;29;;;12756.0;0.0
yf_ZS=F_d9;18600;ASH_COATED_OSMIUM;10085;28;10082;12;;;10094;18;10096;17;;;10089.5;0.0
yf_ZS=F_d9;18600;INTARIAN_PEPPER_ROOT;12751;9;12748;21;;;12757;20;12761;23;;;12754.0;0.0
yf_ZS=F_d9;18700;ASH_COATED_OSMIUM;10087;20;10085;24;;;10093;14;10096;20;;;10090.0;0.0
yf_ZS=F_d9;18700;INTARIAN_PEPPER_ROOT;12748;10;12744;20;;;12754;15;12757;13;;;12751.0;0.0
yf_ZS=F_d9;18800;ASH_COATED_OSMIUM;10087;23;10083;14;;;10093;11;10096;17;;;10090.0;0.0
yf_ZS=F_d9;18800;INTARIAN_PEPPER_ROOT;12745;11;12742;21;;;12751;19;12754;14;;;12748.0;0.0
yf_ZS=F_d9;18900;ASH_COATED_OSMIUM;10086;13;10082;25;;;10095;11;10099;30;;;10090.5;0.0
yf_ZS=F_d9;18900;INTARIAN_PEPPER_ROOT;12743;19;12740;23;;;12749;8;12753;15;;;12746.0;0.0
yf_ZS=F_d9;19000;ASH_COATED_OSMIUM;10087;14;10083;23;;;10094;19;10097;17;;;10090.5;0.0
yf_ZS=F_d9;19000;INTARIAN_PEPPER_ROOT;12738;24;12734;11;;;12750;16;12752;15;;;12744.0;0.0
yf_ZS=F_d9;19100;ASH_COATED_OSMIUM;10084;21;10082;26;;;10096;21;10099;21;;;10090.0;0.0
yf_ZS=F_d9;19100;INTARIAN_PEPPER_ROOT;12737;12;12735;22;;;12746;9;12749;20;;;12741.5;0.0
yf_ZS=F_d9;19200;ASH_COATED_OSMIUM;10087;9;10083;20;;;10093;12;10097;12;;;10090.0;0.0
yf_ZS=F_d9;19200;INTARIAN_PEPPER_ROOT;12736;15;12732;20;;;12742;13;12745;17;;;12739.0;0.0
yf_ZS=F_d9;19300;ASH_COATED_OSMIUM;10087;23;10085;15;;;10093;17;10096;20;;;10090.0;0.0
yf_ZS=F_d9;19300;INTARIAN_PEPPER_ROOT;12733;16;12731;28;;;12739;15;12743;22;;;12736.0;0.0
yf_ZS=F_d9;19400;ASH_COATED_OSMIUM;10087;29;10085;28;;;10093;17;10095;11;;;10090.0;0.0
yf_ZS=F_d9;19400;INTARIAN_PEPPER_ROOT;12731;13;12727;19;;;12737;13;12740;26;;;12734.0;0.0
yf_ZS=F_d9;19500;ASH_COATED_OSMIUM;10087;17;10085;17;;;10093;10;10095;20;;;10090.0;0.0
yf_ZS=F_d9;19500;INTARIAN_PEPPER_ROOT;12727;8;12723;30;;;12738;11;12740;20;;;12732.5;0.0
yf_ZS=F_d9;19600;ASH_COATED_OSMIUM;10087;5;10084;16;;;10093;8;10095;16;;;10090.0;0.0
yf_ZS=F_d9;19600;INTARIAN_PEPPER_ROOT;12725;18;12722;18;;;12731;26;12733;24;;;12728.0;0.0
yf_ZS=F_d9;19700;ASH_COATED_OSMIUM;10087;20;10085;18;;;10093;10;10095;18;;;10090.0;0.0
yf_ZS=F_d9;19700;INTARIAN_PEPPER_ROOT;12719;6;12715;18;;;12734;8;12738;20;;;12726.5;0.0
yf_ZS=F_d9;19800;ASH_COATED_OSMIUM;10078;23;10075;11;;;10101;13;10104;21;;;10089.5;0.0
yf_ZS=F_d9;19800;INTARIAN_PEPPER_ROOT;12721;22;12719;20;;;12727;7;12731;22;;;12724.0;0.0
yf_ZS=F_d9;19900;ASH_COATED_OSMIUM;10086;22;10083;20;;;10092;21;10095;19;;;10089.0;0.0
yf_ZS=F_d9;19900;INTARIAN_PEPPER_ROOT;12717;11;12714;23;;;12726;17;12730;22;;;12721.5;0.0
yf_ZS=F_d9;20000;ASH_COATED_OSMIUM;10086;5;10084;19;;;10092;17;10096;22;;;10089.0;0.0
yf_ZS=F_d9;20000;INTARIAN_PEPPER_ROOT;12713;15;12710;21;;;12725;18;12729;26;;;12719.0;0.0
yf_ZS=F_d9;20100;ASH_COATED_OSMIUM;10086;19;10083;20;;;10092;7;10096;22;;;10089.0;0.0
yf_ZS=F_d9;20100;INTARIAN_PEPPER_ROOT;12714;19;12710;21;;;12720;14;12724;20;;;12717.0;0.0
yf_ZS=F_d9;20200;ASH_COATED_OSMIUM;10086;10;10083;22;;;10094;17;10098;11;;;10090.0;0.0
yf_ZS=F_d9;20200;INTARIAN_PEPPER_ROOT;12708;16;12706;21;;;12719;17;12721;24;;;12713.5;0.0
yf_ZS=F_d9;20300;ASH_COATED_OSMIUM;10086;8;10084;19;;;10092;18;10094;16;;;10089.0;0.0
yf_ZS=F_d9;20300;INTARIAN_PEPPER_ROOT;12708;17;12705;20;;;12714;13;12717;24;;;12711.0;0.0
yf_ZS=F_d9;20400;ASH_COATED_OSMIUM;10086;11;10082;20;;;10092;20;10096;18;;;10089.0;0.0
yf_ZS=F_d9;20400;INTARIAN_PEPPER_ROOT;12706;16;12703;19;;;12712;20;12715;14;;;12709.0;0.0
yf_ZS=F_d9;20500;ASH_COATED_OSMIUM;10083;21;10081;13;;;10096;14;10100;8;;;10089.5;0.0
yf_ZS=F_d9;20500;INTARIAN_PEPPER_ROOT;12698;13;12695;16;;;12716;27;12719;20;;;12707.0;0.0
yf_ZS=F_d9;20600;ASH_COATED_OSMIUM;10077;5;10073;24;;;10100;13;10103;31;;;10088.5;0.0
yf_ZS=F_d9;20600;INTARIAN_PEPPER_ROOT;12702;13;12700;20;;;12708;11;12710;15;;;12705.0;0.0
yf_ZS=F_d9;20700;ASH_COATED_OSMIUM;10086;12;10082;18;;;10092;15;10095;14;;;10089.0;0.0
yf_ZS=F_d9;20700;INTARIAN_PEPPER_ROOT;12699;21;12695;20;;;12705;18;12709;13;;;12702.0;0.0
yf_ZS=F_d9;20800;ASH_COATED_OSMIUM;10086;15;10083;23;;;10092;22;10094;11;;;10089.0;0.0
yf_ZS=F_d9;20800;INTARIAN_PEPPER_ROOT;12696;10;12694;18;;;12702;18;12705;24;;;12699.0;0.0
yf_ZS=F_d9;20900;ASH_COATED_OSMIUM;10082;9;10080;19;;;10094;26;10097;18;;;10088.0;0.0
yf_ZS=F_d9;20900;INTARIAN_PEPPER_ROOT;12694;14;12692;24;;;12700;18;12703;14;;;12697.0;0.0
yf_ZS=F_d9;21000;ASH_COATED_OSMIUM;10071;16;10067;17;;;10106;10;10109;19;;;10088.5;0.0
yf_ZS=F_d9;21000;INTARIAN_PEPPER_ROOT;12692;10;12690;19;;;12698;6;12702;21;;;12695.0;0.0
yf_ZS=F_d9;21100;ASH_COATED_OSMIUM;10086;10;10083;23;;;10092;15;10096;17;;;10089.0;0.0
yf_ZS=F_d9;21100;INTARIAN_PEPPER_ROOT;12689;16;12687;23;;;12696;16;12699;22;;;12692.5;0.0
yf_ZS=F_d9;21200;ASH_COATED_OSMIUM;10085;6;10081;12;;;10091;15;10093;19;;;10088.0;0.0
yf_ZS=F_d9;21200;INTARIAN_PEPPER_ROOT;12686;8;12682;19;;;12692;22;12695;19;;;12689.0;0.0
yf_ZS=F_d9;21300;ASH_COATED_OSMIUM;10079;18;10075;15;;;10098;11;10100;22;;;10088.5;0.0
yf_ZS=F_d9;21300;INTARIAN_PEPPER_ROOT;12665;18;12661;20;;;12707;8;12710;24;;;12686.0;0.0
yf_ZS=F_d9;21400;ASH_COATED_OSMIUM;10084;13;10082;21;;;10093;5;10096;18;;;10088.5;0.0
yf_ZS=F_d9;21400;INTARIAN_PEPPER_ROOT;12682;11;12678;16;;;12688;9;12690;25;;;12685.0;0.0
yf_ZS=F_d9;21500;ASH_COATED_OSMIUM;10085;14;10081;21;;;10091;18;10094;13;;;10088.0;0.0
yf_ZS=F_d9;21500;INTARIAN_PEPPER_ROOT;12679;24;12677;24;;;12685;11;12689;22;;;12682.0;0.0
yf_ZS=F_d9;21600;ASH_COATED_OSMIUM;10085;5;10081;16;;;10091;19;10094;24;;;10088.0;0.0
yf_ZS=F_d9;21600;INTARIAN_PEPPER_ROOT;12676;16;12674;30;;;12682;15;12685;21;;;12679.0;0.0
yf_ZS=F_d9;21700;ASH_COATED_OSMIUM;10086;12;10083;19;;;10092;13;10096;16;;;10089.0;0.0
yf_ZS=F_d9;21700;INTARIAN_PEPPER_ROOT;12663;7;12659;21;;;12692;21;12694;18;;;12677.5;0.0
yf_ZS=F_d9;21800;ASH_COATED_OSMIUM;10086;9;10083;22;;;10092;13;10095;9;;;10089.0;0.0
yf_ZS=F_d9;21800;INTARIAN_PEPPER_ROOT;12672;8;12669;17;;;12679;19;12683;14;;;12675.5;0.0
yf_ZS=F_d9;21900;ASH_COATED_OSMIUM;10083;6;10081;17;;;10095;23;10097;15;;;10089.0;0.0
yf_ZS=F_d9;21900;INTARIAN_PEPPER_ROOT;12666;16;12662;10;;;12679;15;12682;14;;;12672.5;0.0
yf_ZS=F_d9;22000;ASH_COATED_OSMIUM;10082;20;10079;27;;;10095;8;10099;12;;;10088.5;0.0
yf_ZS=F_d9;22000;INTARIAN_PEPPER_ROOT;12668;8;12666;20;;;12674;6;12678;22;;;12671.0;0.0
yf_ZS=F_d9;22100;ASH_COATED_OSMIUM;10084;16;10081;17;;;10090;21;10092;21;;;10087.0;0.0
yf_ZS=F_d9;22100;INTARIAN_PEPPER_ROOT;12664;12;12660;33;;;12670;13;12672;8;;;12667.0;0.0
yf_ZS=F_d9;22200;ASH_COATED_OSMIUM;10084;16;10081;20;;;10092;17;10096;26;;;10088.0;0.0
yf_ZS=F_d9;22200;INTARIAN_PEPPER_ROOT;12661;12;12657;16;;;12670;18;12672;15;;;12665.5;0.0
yf_ZS=F_d9;22300;ASH_COATED_OSMIUM;10085;9;10083;8;;;10091;11;10094;20;;;10088.0;0.0
yf_ZS=F_d9;22300;INTARIAN_PEPPER_ROOT;12659;20;12656;20;;;12665;6;12667;24;;;12662.0;0.0
yf_ZS=F_d9;22400;ASH_COATED_OSMIUM;10085;17;10082;23;;;10091;17;10095;10;;;10088.0;0.0
yf_ZS=F_d9;22400;INTARIAN_PEPPER_ROOT;12653;9;12650;24;;;12666;15;12670;13;;;12659.5;0.0
yf_ZS=F_d9;22500;ASH_COATED_OSMIUM;10085;23;10081;17;;;10091;17;10095;33;;;10088.0;0.0
yf_ZS=F_d9;22500;INTARIAN_PEPPER_ROOT;12650;10;12647;26;;;12666;9;12668;20;;;12658.0;0.0
yf_ZS=F_d9;22600;ASH_COATED_OSMIUM;10084;12;10081;14;;;10091;8;10095;20;;;10087.5;0.0
yf_ZS=F_d9;22600;INTARIAN_PEPPER_ROOT;12647;19;12644;18;;;12664;14;12666;25;;;12655.5;0.0
yf_ZS=F_d9;22700;ASH_COATED_OSMIUM;10085;11;10081;23;;;10091;14;10093;18;;;10088.0;0.0
yf_ZS=F_d9;22700;INTARIAN_PEPPER_ROOT;12650;13;12647;21;;;12656;12;12658;21;;;12653.0;0.0
yf_ZS=F_d9;22800;ASH_COATED_OSMIUM;10085;5;10082;18;;;10091;18;10093;32;;;10088.0;0.0
yf_ZS=F_d9;22800;INTARIAN_PEPPER_ROOT;12640;11;12636;27;;;12660;5;12663;23;;;12650.0;0.0
yf_ZS=F_d9;22900;ASH_COATED_OSMIUM;10085;16;10081;12;;;10091;16;10093;21;;;10088.0;0.0
yf_ZS=F_d9;22900;INTARIAN_PEPPER_ROOT;12635;22;12633;15;;;12659;17;12661;16;;;12647.0;0.0
yf_ZS=F_d9;23000;ASH_COATED_OSMIUM;10085;14;10082;17;;;10091;25;10095;16;;;10088.0;0.0
yf_ZS=F_d9;23000;INTARIAN_PEPPER_ROOT;12643;8;12639;27;;;12649;15;12652;19;;;12646.0;0.0
yf_ZS=F_d9;23100;ASH_COATED_OSMIUM;10084;17;10082;23;;;10091;13;10093;22;;;10087.5;0.0
yf_ZS=F_d9;23100;INTARIAN_PEPPER_ROOT;12640;17;12638;19;;;12646;17;12648;30;;;12643.0;0.0
yf_ZS=F_d9;23200;ASH_COATED_OSMIUM;10084;29;10081;15;;;10090;20;10094;32;;;10087.0;0.0
yf_ZS=F_d9;23200;INTARIAN_PEPPER_ROOT;12637;12;12635;17;;;12643;19;12647;23;;;12640.0;0.0
yf_ZS=F_d9;23300;ASH_COATED_OSMIUM;10084;9;10080;18;;;10090;24;10094;21;;;10087.0;0.0
yf_ZS=F_d9;23300;INTARIAN_PEPPER_ROOT;12635;6;12633;14;;;12641;15;12645;23;;;12638.0;0.0
yf_ZS=F_d9;23400;ASH_COATED_OSMIUM;10071;13;10069;18;;;10104;7;10108;12;;;10087.5;0.0
yf_ZS=F_d9;23400;INTARIAN_PEPPER_ROOT;12632;9;12628;14;;;12638;19;12640;23;;;12635.0;0.0
yf_ZS=F_d9;23500;ASH_COATED_OSMIUM;10083;18;10080;20;;;10091;14;10093;32;;;10087.0;0.0
yf_ZS=F_d9;23500;INTARIAN_PEPPER_ROOT;12630;16;12627;13;;;12636;14;12639;19;;;12633.0;0.0
yf_ZS=F_d9;23600;ASH_COATED_OSMIUM;10084;15;10082;25;;;10090;24;10094;19;;;10087.0;0.0
yf_ZS=F_d9;23600;INTARIAN_PEPPER_ROOT;12625;20;12623;18;;;12635;20;12637;26;;;12630.0;0.0
yf_ZS=F_d9;23700;ASH_COATED_OSMIUM;10081;9;10077;21;;;10092;16;10094;23;;;10086.5;0.0
yf_ZS=F_d9;23700;INTARIAN_PEPPER_ROOT;12625;17;12622;14;;;12631;13;12633;22;;;12628.0;0.0
yf_ZS=F_d9;23800;ASH_COATED_OSMIUM;10084;16;10080;12;;;10090;29;10093;25;;;10087.0;0.0
yf_ZS=F_d9;23800;INTARIAN_PEPPER_ROOT;12618;18;12615;17;;;12632;20;12634;17;;;12625.0;0.0
yf_ZS=F_d9;23900;ASH_COATED_OSMIUM;10080;15;10078;19;;;10093;16;10097;21;;;10086.5;0.0
yf_ZS=F_d9;23900;INTARIAN_PEPPER_ROOT;12608;7;12605;21;;;12638;14;12641;18;;;12623.0;0.0
yf_ZS=F_d9;24000;ASH_COATED_OSMIUM;10083;16;10080;17;;;10091;14;10093;30;;;10087.0;0.0
yf_ZS=F_d9;24000;INTARIAN_PEPPER_ROOT;12618;19;12616;25;;;12624;15;12626;8;;;12621.0;0.0
yf_ZS=F_d9;24100;ASH_COATED_OSMIUM;10080;19;10076;20;;;10095;12;10097;21;;;10087.5;0.0
yf_ZS=F_d9;24100;INTARIAN_PEPPER_ROOT;12616;17;12612;17;;;12622;13;12625;30;;;12619.0;0.0
yf_ZS=F_d9;24200;ASH_COATED_OSMIUM;10079;5;10076;20;;;10094;14;10097;20;;;10086.5;0.0
yf_ZS=F_d9;24200;INTARIAN_PEPPER_ROOT;12613;14;12610;19;;;12619;16;12622;15;;;12616.0;0.0
yf_ZS=F_d9;24300;ASH_COATED_OSMIUM;10084;11;10081;14;;;10090;18;10093;15;;;10087.0;0.0
yf_ZS=F_d9;24300;INTARIAN_PEPPER_ROOT;12610;13;12607;20;;;12616;15;12620;19;;;12613.0;0.0
yf_ZS=F_d9;24400;ASH_COATED_OSMIUM;10080;14;10077;22;;;10094;9;10097;28;;;10087.0;0.0
yf_ZS=F_d9;24400;INTARIAN_PEPPER_ROOT;12607;11;12603;19;;;12613;17;12615;15;;;12610.0;0.0
yf_ZS=F_d9;24500;ASH_COATED_OSMIUM;10083;15;10079;12;;;10089;11;10092;22;;;10086.0;0.0
yf_ZS=F_d9;24500;INTARIAN_PEPPER_ROOT;12605;16;12601;16;;;12611;26;12614;24;;;12608.0;0.0
yf_ZS=F_d9;24600;ASH_COATED_OSMIUM;10083;18;10079;24;;;10090;17;10094;8;;;10086.5;0.0
yf_ZS=F_d9;24600;INTARIAN_PEPPER_ROOT;12595;10;12592;13;;;12615;27;12619;19;;;12605.0;0.0
yf_ZS=F_d9;24700;ASH_COATED_OSMIUM;10072;14;10070;15;;;10101;13;10104;19;;;10086.5;0.0
yf_ZS=F_d9;24700;INTARIAN_PEPPER_ROOT;12600;16;12596;21;;;12606;12;12610;14;;;12603.0;0.0
yf_ZS=F_d9;24800;ASH_COATED_OSMIUM;10084;16;10082;19;;;10090;12;10092;19;;;10087.0;0.0
yf_ZS=F_d9;24800;INTARIAN_PEPPER_ROOT;12598;17;12595;17;;;12604;22;12606;24;;;12601.0;0.0
yf_ZS=F_d9;24900;ASH_COATED_OSMIUM;10083;16;10079;16;;;10089;14;10092;13;;;10086.0;0.0
yf_ZS=F_d9;24900;INTARIAN_PEPPER_ROOT;12592;8;12590;26;;;12605;11;12607;18;;;12598.5;0.0
yf_ZS=F_d9;25000;ASH_COATED_OSMIUM;10083;11;10079;21;;;10089;10;10091;20;;;10086.0;0.0
yf_ZS=F_d9;25000;INTARIAN_PEPPER_ROOT;12592;16;12590;16;;;12598;9;12601;24;;;12595.0;0.0
yf_ZS=F_d9;25100;ASH_COATED_OSMIUM;10079;18;10076;30;;;10094;12;10098;17;;;10086.5;0.0
yf_ZS=F_d9;25100;INTARIAN_PEPPER_ROOT;12591;21;12588;13;;;12597;17;12599;8;;;12594.0;0.0
yf_ZS=F_d9;25200;ASH_COATED_OSMIUM;10084;8;10080;14;;;10090;12;10093;26;;;10087.0;0.0
yf_ZS=F_d9;25200;INTARIAN_PEPPER_ROOT;12588;19;12585;30;;;12594;11;12597;29;;;12591.0;0.0
yf_ZS=F_d9;25300;ASH_COATED_OSMIUM;10083;16;10080;16;;;10089;19;10091;8;;;10086.0;0.0
yf_ZS=F_d9;25300;INTARIAN_PEPPER_ROOT;12579;18;12576;18;;;12598;12;12600;14;;;12588.5;0.0
yf_ZS=F_d9;25400;ASH_COATED_OSMIUM;10083;23;10080;13;;;10089;17;10093;18;;;10086.0;0.0
yf_ZS=F_d9;25400;INTARIAN_PEPPER_ROOT;12583;15;12580;25;;;12589;29;12593;13;;;12586.0;0.0
yf_ZS=F_d9;25500;ASH_COATED_OSMIUM;10083;8;10080;16;;;10089;18;10091;15;;;10086.0;0.0
yf_ZS=F_d9;25500;INTARIAN_PEPPER_ROOT;12580;10;12578;18;;;12586;6;12588;23;;;12583.0;0.0
yf_ZS=F_d9;25600;ASH_COATED_OSMIUM;10082;15;10079;27;;;10088;21;10090;13;;;10085.0;0.0
yf_ZS=F_d9;25600;INTARIAN_PEPPER_ROOT;12576;16;12573;18;;;12586;13;12589;19;;;12581.0;0.0
yf_ZS=F_d9;25700;ASH_COATED_OSMIUM;10083;13;10079;18;;;10089;21;10092;16;;;10086.0;0.0
yf_ZS=F_d9;25700;INTARIAN_PEPPER_ROOT;12576;14;12574;21;;;12582;12;12584;24;;;12579.0;0.0
yf_ZS=F_d9;25800;ASH_COATED_OSMIUM;10083;10;10081;21;;;10089;15;10093;25;;;10086.0;0.0
yf_ZS=F_d9;25800;INTARIAN_PEPPER_ROOT;12573;17;12570;13;;;12579;24;12583;16;;;12576.0;0.0
yf_ZS=F_d9;25900;ASH_COATED_OSMIUM;10083;9;10080;22;;;10089;18;10093;20;;;10086.0;0.0
yf_ZS=F_d9;25900;INTARIAN_PEPPER_ROOT;12571;18;12567;23;;;12577;15;12579;15;;;12574.0;0.0
yf_ZS=F_d9;26000;ASH_COATED_OSMIUM;10083;14;10081;16;;;10089;7;10093;15;;;10086.0;0.0
yf_ZS=F_d9;26000;INTARIAN_PEPPER_ROOT;12550;13;12546;24;;;12593;19;12595;16;;;12571.5;0.0
yf_ZS=F_d9;26100;ASH_COATED_OSMIUM;10082;8;10079;16;;;10091;16;10094;24;;;10086.5;0.0
yf_ZS=F_d9;26100;INTARIAN_PEPPER_ROOT;12566;18;12563;18;;;12572;15;12576;24;;;12569.0;0.0
yf_ZS=F_d9;26200;ASH_COATED_OSMIUM;10083;11;10081;17;;;10089;18;10093;27;;;10086.0;0.0
yf_ZS=F_d9;26200;INTARIAN_PEPPER_ROOT;12563;13;12559;23;;;12569;14;12572;20;;;12566.0;0.0
yf_ZS=F_d9;26300;ASH_COATED_OSMIUM;10079;12;10075;23;;;10092;12;10095;13;;;10085.5;0.0
yf_ZS=F_d9;26300;INTARIAN_PEPPER_ROOT;12554;13;12552;17;;;12573;19;12575;20;;;12563.5;0.0
yf_ZS=F_d9;26400;ASH_COATED_OSMIUM;10082;10;10080;19;;;10088;11;10092;18;;;10085.0;0.0
yf_ZS=F_d9;26400;INTARIAN_PEPPER_ROOT;12553;13;12549;21;;;12569;16;12571;20;;;12561.0;0.0
yf_ZS=F_d9;26500;ASH_COATED_OSMIUM;10083;27;10081;23;;;10089;22;10091;13;;;10086.0;0.0
yf_ZS=F_d9;26500;INTARIAN_PEPPER_ROOT;12556;15;12554;16;;;12562;15;12565;22;;;12559.0;0.0
yf_ZS=F_d9;26600;ASH_COATED_OSMIUM;10083;17;10080;20;;;10089;19;10093;22;;;10086.0;0.0
yf_ZS=F_d9;26600;INTARIAN_PEPPER_ROOT;12550;19;12546;20;;;12563;10;12567;19;;;12556.5;0.0
yf_ZS=F_d9;26700;ASH_COATED_OSMIUM;10082;12;10080;24;;;10088;23;10092;22;;;10085.0;0.0
yf_ZS=F_d9;26700;INTARIAN_PEPPER_ROOT;12547;13;12544;14;;;12562;11;12565;18;;;12554.5;0.0
yf_ZS=F_d9;26800;ASH_COATED_OSMIUM;10078;15;10076;22;;;10092;14;10096;18;;;10085.0;0.0
yf_ZS=F_d9;26800;INTARIAN_PEPPER_ROOT;12549;19;12547;32;;;12555;24;12558;23;;;12552.0;0.0
yf_ZS=F_d9;26900;ASH_COATED_OSMIUM;10082;14;10079;20;;;10088;14;10091;12;;;10085.0;0.0
yf_ZS=F_d9;26900;INTARIAN_PEPPER_ROOT;12546;7;12543;23;;;12552;17;12556;8;;;12549.0;0.0
yf_ZS=F_d9;27000;ASH_COATED_OSMIUM;10081;11;10077;23;;;10090;11;10092;11;;;10085.5;0.0
yf_ZS=F_d9;27000;INTARIAN_PEPPER_ROOT;12531;11;12528;8;;;12562;15;12566;21;;;12546.5;0.0
yf_ZS=F_d9;27100;ASH_COATED_OSMIUM;10079;20;10077;17;;;10092;15;10096;23;;;10085.5;0.0
yf_ZS=F_d9;27100;INTARIAN_PEPPER_ROOT;12541;15;12537;14;;;12547;17;12550;17;;;12544.0;0.0
yf_ZS=F_d9;27200;ASH_COATED_OSMIUM;10082;14;10079;22;;;10088;13;10090;21;;;10085.0;0.0
yf_ZS=F_d9;27200;INTARIAN_PEPPER_ROOT;12538;14;12534;29;;;12546;17;12549;15;;;12542.0;0.0
yf_ZS=F_d9;27300;ASH_COATED_OSMIUM;10082;10;10078;22;;;10088;25;10090;20;;;10085.0;0.0
yf_ZS=F_d9;27300;INTARIAN_PEPPER_ROOT;12521;16;12518;21;;;12558;11;12560;25;;;12539.5;0.0
yf_ZS=F_d9;27400;ASH_COATED_OSMIUM;10078;5;10074;25;;;10092;18;10094;23;;;10085.0;0.0
yf_ZS=F_d9;27400;INTARIAN_PEPPER_ROOT;12533;28;12529;31;;;12539;13;12541;21;;;12536.0;0.0
yf_ZS=F_d9;27500;ASH_COATED_OSMIUM;10074;6;10072;20;;;10095;15;10097;28;;;10084.5;0.0
yf_ZS=F_d9;27500;INTARIAN_PEPPER_ROOT;12524;14;12521;21;;;12545;16;12548;14;;;12534.5;0.0
yf_ZS=F_d9;27600;ASH_COATED_OSMIUM;10082;12;10078;29;;;10088;20;10092;19;;;10085.0;0.0
yf_ZS=F_d9;27600;INTARIAN_PEPPER_ROOT;12528;14;12525;27;;;12534;15;12537;24;;;12531.0;0.0
yf_ZS=F_d9;27700;ASH_COATED_OSMIUM;10080;12;10077;22;;;10090;18;10093;9;;;10085.0;0.0
yf_ZS=F_d9;27700;INTARIAN_PEPPER_ROOT;12526;17;12522;17;;;12533;14;12537;13;;;12529.5;0.0
yf_ZS=F_d9;27800;ASH_COATED_OSMIUM;10080;13;10078;21;;;10090;9;10094;21;;;10085.0;0.0
yf_ZS=F_d9;27800;INTARIAN_PEPPER_ROOT;12523;6;12521;21;;;12531;7;12535;17;;;12527.0;0.0
yf_ZS=F_d9;27900;ASH_COATED_OSMIUM;10082;13;10079;18;;;10088;13;10091;15;;;10085.0;0.0
yf_ZS=F_d9;27900;INTARIAN_PEPPER_ROOT;12513;9;12510;17;;;12537;17;12540;22;;;12525.0;0.0
yf_ZS=F_d9;28000;ASH_COATED_OSMIUM;10082;10;10080;25;;;10088;10;10090;34;;;10085.0;0.0
yf_ZS=F_d9;28000;INTARIAN_PEPPER_ROOT;12515;9;12511;23;;;12528;23;12530;21;;;12521.5;0.0
yf_ZS=F_d9;28100;ASH_COATED_OSMIUM;10076;17;10073;14;;;10094;5;10096;12;;;10085.0;0.0
yf_ZS=F_d9;28100;INTARIAN_PEPPER_ROOT;12516;15;12514;16;;;12522;13;12524;16;;;12519.0;0.0
yf_ZS=F_d9;28200;ASH_COATED_OSMIUM;10074;18;10071;19;;;10094;15;10096;21;;;10084.0;0.0
yf_ZS=F_d9;28200;INTARIAN_PEPPER_ROOT;12514;15;12511;15;;;12520;7;12523;19;;;12517.0;0.0
yf_ZS=F_d9;28300;ASH_COATED_OSMIUM;10078;13;10074;18;;;10090;5;10093;23;;;10084.0;0.0
yf_ZS=F_d9;28300;INTARIAN_PEPPER_ROOT;12509;15;12507;24;;;12520;19;12524;9;;;12514.5;0.0
yf_ZS=F_d9;28400;ASH_COATED_OSMIUM;10077;15;10074;20;;;10091;19;10093;19;;;10084.0;0.0
yf_ZS=F_d9;28400;INTARIAN_PEPPER_ROOT;12509;17;12507;23;;;12515;18;12517;17;;;12512.0;0.0
yf_ZS=F_d9;28500;ASH_COATED_OSMIUM;10077;17;10074;10;;;10091;16;10094;20;;;10084.0;0.0
yf_ZS=F_d9;28500;INTARIAN_PEPPER_ROOT;12507;13;12503;22;;;12513;10;12515;22;;;12510.0;0.0
yf_ZS=F_d9;28600;ASH_COATED_OSMIUM;10080;22;10078;15;;;10088;17;10091;15;;;10084.0;0.0
yf_ZS=F_d9;28600;INTARIAN_PEPPER_ROOT;12497;17;12493;21;;;12517;13;12519;22;;;12507.0;0.0
yf_ZS=F_d9;28700;ASH_COATED_OSMIUM;10078;5;10076;20;;;10092;14;10095;18;;;10085.0;0.0
yf_ZS=F_d9;28700;INTARIAN_PEPPER_ROOT;12501;18;12498;19;;;12507;13;12510;13;;;12504.0;0.0
yf_ZS=F_d9;28800;ASH_COATED_OSMIUM;10081;5;10078;17;;;10087;9;10091;18;;;10084.0;0.0
yf_ZS=F_d9;28800;INTARIAN_PEPPER_ROOT;12499;17;12496;24;;;12505;18;12509;16;;;12502.0;0.0
yf_ZS=F_d9;28900;ASH_COATED_OSMIUM;10082;20;10078;21;;;10088;17;10092;23;;;10085.0;0.0
yf_ZS=F_d9;28900;INTARIAN_PEPPER_ROOT;12497;13;12495;19;;;12503;17;12506;13;;;12500.0;0.0
yf_ZS=F_d9;29000;ASH_COATED_OSMIUM;10081;9;10078;19;;;10087;14;10089;15;;;10084.0;0.0
yf_ZS=F_d9;29000;INTARIAN_PEPPER_ROOT;12495;21;12492;23;;;12501;19;12504;25;;;12498.0;0.0
yf_ZS=F_d9;29100;ASH_COATED_OSMIUM;10075;19;10071;26;;;10093;15;10097;21;;;10084.0;0.0
yf_ZS=F_d9;29100;INTARIAN_PEPPER_ROOT;12493;21;12490;19;;;12499;16;12503;17;;;12496.0;0.0
yf_ZS=F_d9;29200;ASH_COATED_OSMIUM;10081;21;10078;17;;;10088;8;10092;25;;;10084.5;0.0
yf_ZS=F_d9;29200;INTARIAN_PEPPER_ROOT;12485;11;12483;26;;;12500;14;12503;22;;;12492.5;0.0
yf_ZS=F_d9;29300;ASH_COATED_OSMIUM;10081;18;10079;29;;;10087;9;10090;14;;;10084.0;0.0
yf_ZS=F_d9;29300;INTARIAN_PEPPER_ROOT;12479;12;12475;13;;;12502;12;12506;15;;;12490.5;0.0
yf_ZS=F_d9;29400;ASH_COATED_OSMIUM;10081;14;10078;16;;;10087;5;10090;15;;;10084.0;0.0
yf_ZS=F_d9;29400;INTARIAN_PEPPER_ROOT;12485;14;12483;24;;;12491;19;12495;24;;;12488.0;0.0
yf_ZS=F_d9;29500;ASH_COATED_OSMIUM;10082;12;10078;24;;;10088;12;10091;16;;;10085.0;0.0
yf_ZS=F_d9;29500;INTARIAN_PEPPER_ROOT;12482;8;12480;26;;;12488;24;12491;24;;;12485.0;0.0
yf_ZS=F_d9;29600;ASH_COATED_OSMIUM;10081;24;10078;21;;;10087;8;10089;11;;;10084.0;0.0
yf_ZS=F_d9;29600;INTARIAN_PEPPER_ROOT;12480;21;12477;24;;;12487;16;12489;13;;;12483.5;0.0
yf_ZS=F_d9;29700;ASH_COATED_OSMIUM;10081;11;10077;17;;;10087;18;10090;17;;;10084.0;0.0
yf_ZS=F_d9;29700;INTARIAN_PEPPER_ROOT;12477;22;12475;25;;;12483;27;12485;22;;;12480.0;0.0
yf_ZS=F_d9;29800;ASH_COATED_OSMIUM;10081;15;10079;18;;;10087;19;10089;22;;;10084.0;0.0
yf_ZS=F_d9;29800;INTARIAN_PEPPER_ROOT;12474;15;12470;18;;;12481;15;12483;15;;;12477.5;0.0
yf_ZS=F_d9;29900;ASH_COATED_OSMIUM;10073;19;10070;12;;;10094;17;10096;14;;;10083.5;0.0
yf_ZS=F_d9;29900;INTARIAN_PEPPER_ROOT;12472;9;12470;14;;;12478;18;12481;19;;;12475.0;0.0
yf_ZS=F_d9;30000;ASH_COATED_OSMIUM;10081;12;10077;19;;;10087;25;10089;19;;;10084.0;0.0
yf_ZS=F_d9;30000;INTARIAN_PEPPER_ROOT;12470;20;12467;23;;;12476;23;12479;14;;;12473.0;0.0
yf_ZS=F_d9;30100;ASH_COATED_OSMIUM;10080;16;10078;17;;;10086;18;10088;19;;;10083.0;0.0
yf_ZS=F_d9;30100;INTARIAN_PEPPER_ROOT;12467;19;12465;13;;;12473;11;12475;28;;;12470.0;0.0
yf_ZS=F_d9;30200;ASH_COATED_OSMIUM;10071;26;10068;30;;;10095;27;10098;12;;;10083.0;0.0
yf_ZS=F_d9;30200;INTARIAN_PEPPER_ROOT;12465;10;12461;12;;;12471;9;12473;11;;;12468.0;0.0
yf_ZS=F_d9;30300;ASH_COATED_OSMIUM;10065;13;10061;23;;;10101;11;10105;19;;;10083.0;0.0
yf_ZS=F_d9;30300;INTARIAN_PEPPER_ROOT;12461;11;12458;23;;;12470;15;12474;20;;;12465.5;0.0
yf_ZS=F_d9;30400;ASH_COATED_OSMIUM;10081;18;10077;9;;;10087;14;10091;13;;;10084.0;0.0
yf_ZS=F_d9;30400;INTARIAN_PEPPER_ROOT;12460;18;12458;21;;;12466;21;12468;23;;;12463.0;0.0
yf_ZS=F_d9;30500;ASH_COATED_OSMIUM;10080;19;10078;13;;;10086;8;10088;26;;;10083.0;0.0
yf_ZS=F_d9;30500;INTARIAN_PEPPER_ROOT;12457;15;12455;18;;;12464;22;12467;20;;;12460.5;0.0
yf_ZS=F_d9;30600;ASH_COATED_OSMIUM;10074;16;10072;20;;;10093;19;10097;20;;;10083.5;0.0
yf_ZS=F_d9;30600;INTARIAN_PEPPER_ROOT;12455;16;12451;18;;;12461;14;12464;30;;;12458.0;0.0
yf_ZS=F_d9;30700;ASH_COATED_OSMIUM;10079;16;10075;22;;;10088;18;10092;21;;;10083.5;0.0
yf_ZS=F_d9;30700;INTARIAN_PEPPER_ROOT;12445;10;12442;24;;;12465;15;12467;15;;;12455.0;0.0
yf_ZS=F_d9;30800;ASH_COATED_OSMIUM;10080;8;10077;13;;;10086;10;10090;14;;;10083.0;0.0
yf_ZS=F_d9;30800;INTARIAN_PEPPER_ROOT;12450;13;12446;17;;;12456;18;12460;19;;;12453.0;0.0
yf_ZS=F_d9;30900;ASH_COATED_OSMIUM;10077;17;10074;14;;;10088;20;10090;18;;;10082.5;0.0
yf_ZS=F_d9;30900;INTARIAN_PEPPER_ROOT;12448;21;12445;20;;;12454;14;12458;26;;;12451.0;0.0
yf_ZS=F_d9;31000;ASH_COATED_OSMIUM;10080;7;10077;24;;;10086;8;10089;12;;;10083.0;0.0
yf_ZS=F_d9;31000;INTARIAN_PEPPER_ROOT;12445;22;12441;13;;;12452;9;12454;15;;;12448.5;0.0
yf_ZS=F_d9;31100;ASH_COATED_OSMIUM;10080;16;10078;11;;;10086;20;10090;20;;;10083.0;0.0
yf_ZS=F_d9;31100;INTARIAN_PEPPER_ROOT;12442;11;12439;14;;;12448;17;12450;21;;;12445.0;0.0
yf_ZS=F_d9;31200;ASH_COATED_OSMIUM;10080;22;10078;15;;;10086;14;10088;15;;;10083.0;0.0
yf_ZS=F_d9;31200;INTARIAN_PEPPER_ROOT;12441;14;12437;24;;;12447;8;12451;22;;;12444.0;0.0
yf_ZS=F_d9;31300;ASH_COATED_OSMIUM;10079;14;10075;25;;;10085;17;10087;17;;;10082.0;0.0
yf_ZS=F_d9;31300;INTARIAN_PEPPER_ROOT;12438;19;12435;22;;;12444;12;12448;30;;;12441.0;0.0
yf_ZS=F_d9;31400;ASH_COATED_OSMIUM;10080;15;10076;19;;;10086;14;10090;18;;;10083.0;0.0
yf_ZS=F_d9;31400;INTARIAN_PEPPER_ROOT;12435;18;12432;14;;;12441;14;12445;27;;;12438.0;0.0
yf_ZS=F_d9;31500;ASH_COATED_OSMIUM;10079;17;10076;8;;;10085;17;10087;27;;;10082.0;0.0
yf_ZS=F_d9;31500;INTARIAN_PEPPER_ROOT;12430;16;12427;19;;;12441;16;12443;11;;;12435.5;0.0
yf_ZS=F_d9;31600;ASH_COATED_OSMIUM;10080;11;10077;16;;;10086;6;10090;26;;;10083.0;0.0
yf_ZS=F_d9;31600;INTARIAN_PEPPER_ROOT;12430;16;12427;17;;;12436;11;12439;14;;;12433.0;0.0
yf_ZS=F_d9;31700;ASH_COATED_OSMIUM;10075;10;10073;13;;;10089;12;10092;13;;;10082.0;0.0
yf_ZS=F_d9;31700;INTARIAN_PEPPER_ROOT;12429;23;12426;17;;;12435;16;12438;24;;;12432.0;0.0
yf_ZS=F_d9;31800;ASH_COATED_OSMIUM;10080;18;10077;20;;;10086;5;10089;23;;;10083.0;0.0
yf_ZS=F_d9;31800;INTARIAN_PEPPER_ROOT;12422;11;12419;22;;;12434;9;12437;21;;;12428.0;0.0
yf_ZS=F_d9;31900;ASH_COATED_OSMIUM;10079;18;10075;12;;;10085;12;10087;12;;;10082.0;0.0
yf_ZS=F_d9;31900;INTARIAN_PEPPER_ROOT;12419;22;12415;29;;;12433;17;12435;20;;;12426.0;0.0
yf_ZS=F_d9;32000;ASH_COATED_OSMIUM;10080;5;10078;25;;;10086;20;10088;19;;;10083.0;0.0
yf_ZS=F_d9;32000;INTARIAN_PEPPER_ROOT;12420;17;12416;17;;;12428;16;12430;25;;;12424.0;0.0
yf_ZS=F_d9;32100;ASH_COATED_OSMIUM;10079;16;10076;24;;;10085;10;10087;10;;;10082.0;0.0
yf_ZS=F_d9;32100;INTARIAN_PEPPER_ROOT;12417;13;12414;13;;;12424;20;12426;20;;;12420.5;0.0
yf_ZS=F_d9;32200;ASH_COATED_OSMIUM;10077;18;10074;25;;;10086;14;10088;25;;;10081.5;0.0
yf_ZS=F_d9;32200;INTARIAN_PEPPER_ROOT;12416;15;12414;22;;;12422;20;12426;21;;;12419.0;0.0
yf_ZS=F_d9;32300;ASH_COATED_OSMIUM;10072;16;10070;16;;;10091;20;10094;19;;;10081.5;0.0
yf_ZS=F_d9;32300;INTARIAN_PEPPER_ROOT;12414;8;12411;17;;;12420;15;12422;26;;;12417.0;0.0
yf_ZS=F_d9;32400;ASH_COATED_OSMIUM;10079;23;10077;19;;;10085;17;10089;21;;;10082.0;0.0
yf_ZS=F_d9;32400;INTARIAN_PEPPER_ROOT;12405;12;12403;25;;;12423;13;12427;21;;;12414.0;0.0
yf_ZS=F_d9;32500;ASH_COATED_OSMIUM;10070;13;10068;15;;;10095;23;10097;20;;;10082.5;0.0
yf_ZS=F_d9;32500;INTARIAN_PEPPER_ROOT;12405;12;12401;27;;;12417;18;12421;15;;;12411.0;0.0
yf_ZS=F_d9;32600;ASH_COATED_OSMIUM;10080;16;10077;15;;;10086;15;10090;19;;;10083.0;0.0
yf_ZS=F_d9;32600;INTARIAN_PEPPER_ROOT;12394;21;12390;25;;;12424;12;12426;21;;;12409.0;0.0
yf_ZS=F_d9;32700;ASH_COATED_OSMIUM;10078;14;10075;20;;;10086;20;10089;18;;;10082.0;0.0
yf_ZS=F_d9;32700;INTARIAN_PEPPER_ROOT;12402;15;12399;21;;;12410;10;12414;22;;;12406.0;0.0
yf_ZS=F_d9;32800;ASH_COATED_OSMIUM;10078;15;10076;33;;;10084;10;10086;19;;;10081.0;0.0
yf_ZS=F_d9;32800;INTARIAN_PEPPER_ROOT;12401;17;12397;27;;;12407;11;12410;18;;;12404.0;0.0
yf_ZS=F_d9;32900;ASH_COATED_OSMIUM;10079;8;10075;16;;;10085;13;10089;16;;;10082.0;0.0
yf_ZS=F_d9;32900;INTARIAN_PEPPER_ROOT;12396;10;12393;21;;;12408;16;12410;18;;;12402.0;0.0
yf_ZS=F_d9;33000;ASH_COATED_OSMIUM;10073;18;10070;17;;;10090;17;10092;16;;;10081.5;0.0
yf_ZS=F_d9;33000;INTARIAN_PEPPER_ROOT;12396;17;12394;12;;;12402;13;12404;20;;;12399.0;0.0
yf_ZS=F_d9;33100;ASH_COATED_OSMIUM;10079;11;10076;18;;;10085;20;10088;17;;;10082.0;0.0
yf_ZS=F_d9;33100;INTARIAN_PEPPER_ROOT;12394;10;12392;15;;;12400;10;12402;18;;;12397.0;0.0
yf_ZS=F_d9;33200;ASH_COATED_OSMIUM;10079;16;10075;19;;;10085;24;10089;11;;;10082.0;0.0
yf_ZS=F_d9;33200;INTARIAN_PEPPER_ROOT;12390;9;12388;20;;;12399;13;12401;10;;;12394.5;0.0
yf_ZS=F_d9;33300;ASH_COATED_OSMIUM;10076;10;10074;14;;;10086;14;10090;26;;;10081.0;0.0
yf_ZS=F_d9;33300;INTARIAN_PEPPER_ROOT;12383;20;12379;24;;;12400;12;12402;14;;;12391.5;0.0
yf_ZS=F_d9;33400;ASH_COATED_OSMIUM;10077;10;10073;19;;;10087;17;10091;19;;;10082.0;0.0
yf_ZS=F_d9;33400;INTARIAN_PEPPER_ROOT;12383;16;12381;23;;;12395;15;12399;22;;;12389.0;0.0
yf_ZS=F_d9;33500;ASH_COATED_OSMIUM;10078;13;10074;20;;;10084;16;10088;22;;;10081.0;0.0
yf_ZS=F_d9;33500;INTARIAN_PEPPER_ROOT;12381;12;12378;17;;;12392;13;12394;16;;;12386.5;0.0
yf_ZS=F_d9;33600;ASH_COATED_OSMIUM;10074;19;10070;24;;;10089;17;10093;23;;;10081.5;0.0
yf_ZS=F_d9;33600;INTARIAN_PEPPER_ROOT;12378;22;12375;20;;;12391;9;12393;16;;;12384.5;0.0
yf_ZS=F_d9;33700;ASH_COATED_OSMIUM;10075;16;10071;23;;;10088;24;10091;20;;;10081.5;0.0
yf_ZS=F_d9;33700;INTARIAN_PEPPER_ROOT;12376;16;12372;22;;;12386;15;12388;8;;;12381.0;0.0
yf_ZS=F_d9;33800;ASH_COATED_OSMIUM;10076;21;10072;18;;;10086;12;10088;10;;;10081.0;0.0
yf_ZS=F_d9;33800;INTARIAN_PEPPER_ROOT;12362;15;12359;17;;;12396;5;12400;26;;;12379.0;0.0
yf_ZS=F_d9;33900;ASH_COATED_OSMIUM;10079;17;10076;24;;;10085;14;10087;22;;;10082.0;0.0
yf_ZS=F_d9;33900;INTARIAN_PEPPER_ROOT;12370;9;12367;21;;;12383;11;12385;18;;;12376.5;0.0
yf_ZS=F_d9;34000;ASH_COATED_OSMIUM;10078;22;10074;17;;;10084;10;10086;22;;;10081.0;0.0
yf_ZS=F_d9;34000;INTARIAN_PEPPER_ROOT;12374;17;12371;15;;;12380;17;12383;14;;;12377.0;0.0
yf_ZS=F_d9;34100;ASH_COATED_OSMIUM;10078;9;10075;12;;;10084;13;10087;23;;;10081.0;0.0
yf_ZS=F_d9;34100;INTARIAN_PEPPER_ROOT;12373;18;12369;20;;;12379;13;12382;17;;;12376.0;0.0
yf_ZS=F_d9;34200;ASH_COATED_OSMIUM;10078;9;10076;19;;;10084;21;10086;17;;;10081.0;0.0
yf_ZS=F_d9;34200;INTARIAN_PEPPER_ROOT;12373;14;12371;8;;;12379;17;12383;24;;;12376.0;0.0
yf_ZS=F_d9;34300;ASH_COATED_OSMIUM;10069;16;10066;17;;;10095;18;10097;21;;;10082.0;0.0
yf_ZS=F_d9;34300;INTARIAN_PEPPER_ROOT;12367;5;12363;11;;;12386;5;12390;26;;;12376.5;0.0
yf_ZS=F_d9;34400;ASH_COATED_OSMIUM;10058;23;10054;20;;;10105;5;10108;17;;;10081.5;0.0
yf_ZS=F_d9;34400;INTARIAN_PEPPER_ROOT;12373;9;12370;25;;;12379;18;12382;22;;;12376.0;0.0
yf_ZS=F_d9;34500;ASH_COATED_OSMIUM;10073;14;10069;16;;;10088;9;10091;19;;;10080.5;0.0
yf_ZS=F_d9;34500;INTARIAN_PEPPER_ROOT;12367;9;12365;12;;;12385;14;12387;16;;;12376.0;0.0
yf_ZS=F_d9;34600;ASH_COATED_OSMIUM;10078;20;10075;13;;;10084;15;10088;31;;;10081.0;0.0
yf_ZS=F_d9;34600;INTARIAN_PEPPER_ROOT;12373;12;12370;24;;;12379;20;12381;11;;;12376.0;0.0
yf_ZS=F_d9;34700;ASH_COATED_OSMIUM;10078;5;10076;29;;;10084;19;10087;14;;;10081.0;0.0
yf_ZS=F_d9;34700;INTARIAN_PEPPER_ROOT;12365;18;12362;17;;;12385;11;12389;25;;;12375.0;0.0
yf_ZS=F_d9;34800;ASH_COATED_OSMIUM;10077;16;10074;17;;;10083;22;10086;28;;;10080.0;0.0
yf_ZS=F_d9;34800;INTARIAN_PEPPER_ROOT;12373;16;12370;19;;;12379;14;12382;21;;;12376.0;0.0
yf_ZS=F_d9;34900;ASH_COATED_OSMIUM;10078;17;10075;26;;;10084;16;10087;22;;;10081.0;0.0
yf_ZS=F_d9;34900;INTARIAN_PEPPER_ROOT;12359;14;12355;23;;;12390;11;12392;13;;;12374.5;0.0
yf_ZS=F_d9;35000;ASH_COATED_OSMIUM;10068;13;10066;21;;;10094;24;10096;20;;;10081.0;0.0
yf_ZS=F_d9;35000;INTARIAN_PEPPER_ROOT;12372;22;12368;22;;;12378;12;12381;30;;;12375.0;0.0
yf_ZS=F_d9;35100;ASH_COATED_OSMIUM;10078;21;10074;23;;;10084;11;10086;14;;;10081.0;0.0
yf_ZS=F_d9;35100;INTARIAN_PEPPER_ROOT;12372;9;12369;17;;;12378;5;12382;22;;;12375.0;0.0
yf_ZS=F_d9;35200;ASH_COATED_OSMIUM;10078;10;10074;22;;;10084;11;10087;20;;;10081.0;0.0
yf_ZS=F_d9;35200;INTARIAN_PEPPER_ROOT;12369;22;12365;13;;;12380;22;12384;23;;;12374.5;0.0
yf_ZS=F_d9;35300;ASH_COATED_OSMIUM;10071;10;10068;24;;;10089;16;10092;14;;;10080.0;0.0
yf_ZS=F_d9;35300;INTARIAN_PEPPER_ROOT;12367;7;12363;20;;;12381;17;12384;14;;;12374.0;0.0
yf_ZS=F_d9;35400;ASH_COATED_OSMIUM;10072;10;10068;23;;;10089;19;10092;19;;;10080.5;0.0
yf_ZS=F_d9;35400;INTARIAN_PEPPER_ROOT;12371;18;12367;22;;;12377;13;12379;21;;;12374.0;0.0
yf_ZS=F_d9;35500;ASH_COATED_OSMIUM;10077;11;10073;18;;;10083;24;10085;25;;;10080.0;0.0
yf_ZS=F_d9;35500;INTARIAN_PEPPER_ROOT;12370;23;12366;23;;;12376;18;12379;14;;;12373.0;0.0
yf_ZS=F_d9;35600;ASH_COATED_OSMIUM;10075;17;10071;28;;;10086;9;10088;24;;;10080.5;0.0
yf_ZS=F_d9;35600;INTARIAN_PEPPER_ROOT;12371;15;12367;20;;;12377;11;12379;20;;;12374.0;0.0
yf_ZS=F_d9;35700;ASH_COATED_OSMIUM;10077;16;10075;23;;;10083;17;10086;26;;;10080.0;0.0
yf_ZS=F_d9;35700;INTARIAN_PEPPER_ROOT;12370;17;12368;16;;;12376;8;12380;26;;;12373.0;0.0
yf_ZS=F_d9;35800;ASH_COATED_OSMIUM;10077;12;10074;21;;;10083;8;10087;20;;;10080.0;0.0
yf_ZS=F_d9;35800;INTARIAN_PEPPER_ROOT;12371;7;12367;26;;;12377;9;12379;29;;;12374.0;0.0
yf_ZS=F_d9;35900;ASH_COATED_OSMIUM;10055;22;10052;8;;;10105;20;10107;14;;;10080.0;0.0
yf_ZS=F_d9;35900;INTARIAN_PEPPER_ROOT;12368;20;12366;22;;;12377;6;12380;20;;;12372.5;0.0
yf_ZS=F_d9;36000;ASH_COATED_OSMIUM;10076;12;10072;10;;;10082;20;10085;26;;;10079.0;0.0
yf_ZS=F_d9;36000;INTARIAN_PEPPER_ROOT;12367;17;12365;16;;;12379;12;12381;23;;;12373.0;0.0
yf_ZS=F_d9;36100;ASH_COATED_OSMIUM;10076;16;10073;18;;;10084;13;10088;24;;;10080.0;0.0
yf_ZS=F_d9;36100;INTARIAN_PEPPER_ROOT;12369;14;12366;18;;;12375;15;12379;21;;;12372.0;0.0
yf_ZS=F_d9;36200;ASH_COATED_OSMIUM;10073;19;10070;17;;;10086;17;10089;21;;;10079.5;0.0
yf_ZS=F_d9;36200;INTARIAN_PEPPER_ROOT;12369;20;12366;24;;;12375;9;12379;25;;;12372.0;0.0
yf_ZS=F_d9;36300;ASH_COATED_OSMIUM;10077;9;10074;14;;;10083;22;10086;14;;;10080.0;0.0
yf_ZS=F_d9;36300;INTARIAN_PEPPER_ROOT;12369;23;12366;26;;;12375;13;12378;16;;;12372.0;0.0
yf_ZS=F_d9;36400;ASH_COATED_OSMIUM;10067;12;10063;26;;;10093;10;10097;33;;;10080.0;0.0
yf_ZS=F_d9;36400;INTARIAN_PEPPER_ROOT;12364;16;12360;18;;;12380;16;12382;14;;;12372.0;0.0
yf_ZS=F_d9;36500;ASH_COATED_OSMIUM;10077;16;10075;29;;;10083;22;10085;27;;;10080.0;0.0
yf_ZS=F_d9;36500;INTARIAN_PEPPER_ROOT;12369;14;12367;21;;;12375;21;12377;14;;;12372.0;0.0
yf_ZS=F_d9;36600;ASH_COATED_OSMIUM;10076;7;10073;18;;;10082;11;10086;18;;;10079.0;0.0
yf_ZS=F_d9;36600;INTARIAN_PEPPER_ROOT;12368;17;12366;26;;;12374;10;12378;18;;;12371.0;0.0
yf_ZS=F_d9;36700;ASH_COATED_OSMIUM;10077;11;10073;19;;;10083;6;10086;11;;;10080.0;0.0
yf_ZS=F_d9;36700;INTARIAN_PEPPER_ROOT;12367;17;12363;19;;;12376;17;12379;15;;;12371.5;0.0
yf_ZS=F_d9;36800;ASH_COATED_OSMIUM;10071;16;10067;13;;;10088;5;10092;18;;;10079.5;0.0
yf_ZS=F_d9;36800;INTARIAN_PEPPER_ROOT;12368;20;12366;15;;;12374;21;12378;17;;;12371.0;0.0
yf_ZS=F_d9;36900;ASH_COATED_OSMIUM;10075;17;10072;24;;;10083;12;10085;15;;;10079.0;0.0
yf_ZS=F_d9;36900;INTARIAN_PEPPER_ROOT;12368;5;12366;17;;;12374;22;12378;21;;;12371.0;0.0
yf_ZS=F_d9;37000;ASH_COATED_OSMIUM;10076;9;10074;13;;;10082;8;10084;15;;;10079.0;0.0
yf_ZS=F_d9;37000;INTARIAN_PEPPER_ROOT;12368;13;12364;10;;;12374;10;12377;13;;;12371.0;0.0
yf_ZS=F_d9;37100;ASH_COATED_OSMIUM;10074;15;10071;19;;;10084;13;10086;13;;;10079.0;0.0
yf_ZS=F_d9;37100;INTARIAN_PEPPER_ROOT;12363;16;12360;18;;;12381;16;12385;21;;;12372.0;0.0
yf_ZS=F_d9;37200;ASH_COATED_OSMIUM;10063;19;10061;22;;;10094;22;10097;19;;;10078.5;0.0
yf_ZS=F_d9;37200;INTARIAN_PEPPER_ROOT;12359;17;12356;22;;;12382;25;12386;11;;;12370.5;0.0
yf_ZS=F_d9;37300;ASH_COATED_OSMIUM;10076;23;10074;19;;;10082;5;10085;21;;;10079.0;0.0
yf_ZS=F_d9;37300;INTARIAN_PEPPER_ROOT;12367;25;12365;20;;;12373;13;12376;22;;;12370.0;0.0
yf_ZS=F_d9;37400;ASH_COATED_OSMIUM;10076;8;10072;30;;;10082;7;10086;17;;;10079.0;0.0
yf_ZS=F_d9;37400;INTARIAN_PEPPER_ROOT;12367;7;12365;14;;;12373;18;12375;17;;;12370.0;0.0
yf_ZS=F_d9;37500;ASH_COATED_OSMIUM;10068;9;10064;18;;;10091;8;10093;28;;;10079.5;0.0
yf_ZS=F_d9;37500;INTARIAN_PEPPER_ROOT;12367;14;12365;31;;;12373;14;12376;26;;;12370.0;0.0
yf_ZS=F_d9;37600;ASH_COATED_OSMIUM;10075;19;10072;18;;;10081;11;10084;21;;;10078.0;0.0
yf_ZS=F_d9;37600;INTARIAN_PEPPER_ROOT;12367;15;12365;24;;;12373;13;12376;18;;;12370.0;0.0
yf_ZS=F_d9;37700;ASH_COATED_OSMIUM;10076;11;10072;13;;;10082;20;10084;25;;;10079.0;0.0
yf_ZS=F_d9;37700;INTARIAN_PEPPER_ROOT;12367;12;12365;17;;;12373;13;12377;12;;;12370.0;0.0
yf_ZS=F_d9;37800;ASH_COATED_OSMIUM;10076;10;10074;13;;;10082;16;10086;10;;;10079.0;0.0
yf_ZS=F_d9;37800;INTARIAN_PEPPER_ROOT;12366;18;12364;11;;;12372;13;12375;17;;;12369.0;0.0
yf_ZS=F_d9;37900;ASH_COATED_OSMIUM;10076;9;10073;21;;;10082;23;10086;24;;;10079.0;0.0
yf_ZS=F_d9;37900;INTARIAN_PEPPER_ROOT;12366;8;12362;23;;;12372;12;12374;24;;;12369.0;0.0
yf_ZS=F_d9;38000;ASH_COATED_OSMIUM;10076;6;10073;29;;;10082;8;10085;19;;;10079.0;0.0
yf_ZS=F_d9;38000;INTARIAN_PEPPER_ROOT;12367;17;12364;19;;;12373;12;12377;20;;;12370.0;0.0
yf_ZS=F_d9;38100;ASH_COATED_OSMIUM;10076;18;10074;26;;;10082;14;10086;20;;;10079.0;0.0
yf_ZS=F_d9;38100;INTARIAN_PEPPER_ROOT;12366;17;12364;16;;;12372;17;12374;17;;;12369.0;0.0
yf_ZS=F_d9;38200;ASH_COATED_OSMIUM;10072;15;10070;19;;;10085;6;10088;16;;;10078.5;0.0
yf_ZS=F_d9;38200;INTARIAN_PEPPER_ROOT;12365;9;12363;15;;;12371;21;12375;18;;;12368.0;0.0
yf_ZS=F_d9;38300;ASH_COATED_OSMIUM;10071;15;10069;15;;;10086;13;10090;16;;;10078.5;0.0
yf_ZS=F_d9;38300;INTARIAN_PEPPER_ROOT;12365;17;12363;14;;;12371;12;12375;19;;;12368.0;0.0
yf_ZS=F_d9;38400;ASH_COATED_OSMIUM;10065;13;10061;17;;;10092;5;10095;21;;;10078.5;0.0
yf_ZS=F_d9;38400;INTARIAN_PEPPER_ROOT;12356;14;12353;16;;;12381;8;12383;10;;;12368.5;0.0
yf_ZS=F_d9;38500;ASH_COATED_OSMIUM;10076;7;10073;16;;;10082;14;10085;27;;;10079.0;0.0
yf_ZS=F_d9;38500;INTARIAN_PEPPER_ROOT;12360;21;12356;21;;;12374;10;12378;15;;;12367.0;0.0
yf_ZS=F_d9;38600;ASH_COATED_OSMIUM;10076;12;10072;15;;;10082;9;10084;20;;;10079.0;0.0
yf_ZS=F_d9;38600;INTARIAN_PEPPER_ROOT;12363;17;12361;26;;;12372;18;12376;19;;;12367.5;0.0
yf_ZS=F_d9;38700;ASH_COATED_OSMIUM;10068;16;10065;20;;;10088;19;10090;19;;;10078.0;0.0
yf_ZS=F_d9;38700;INTARIAN_PEPPER_ROOT;12364;8;12361;31;;;12370;14;12372;22;;;12367.0;0.0
yf_ZS=F_d9;38800;ASH_COATED_OSMIUM;10076;11;10072;21;;;10082;18;10084;20;;;10079.0;0.0
yf_ZS=F_d9;38800;INTARIAN_PEPPER_ROOT;12361;19;12359;22;;;12375;13;12379;23;;;12368.0;0.0
yf_ZS=F_d9;38900;ASH_COATED_OSMIUM;10076;12;10074;18;;;10082;14;10086;21;;;10079.0;0.0
yf_ZS=F_d9;38900;INTARIAN_PEPPER_ROOT;12364;19;12362;16;;;12370;25;12373;15;;;12367.0;0.0
yf_ZS=F_d9;39000;ASH_COATED_OSMIUM;10075;10;10072;25;;;10082;5;10086;20;;;10078.5;0.0
yf_ZS=F_d9;39000;INTARIAN_PEPPER_ROOT;12364;10;12362;18;;;12370;14;12372;21;;;12367.0;0.0
yf_ZS=F_d9;39100;ASH_COATED_OSMIUM;10073;14;10069;17;;;10083;10;10087;20;;;10078.0;0.0
yf_ZS=F_d9;39100;INTARIAN_PEPPER_ROOT;12360;13;12356;21;;;12372;12;12376;11;;;12366.0;0.0
yf_ZS=F_d9;39200;ASH_COATED_OSMIUM;10068;20;10066;17;;;10087;13;10089;22;;;10077.5;0.0
yf_ZS=F_d9;39200;INTARIAN_PEPPER_ROOT;12364;17;12360;11;;;12370;12;12374;16;;;12367.0;0.0
yf_ZS=F_d9;39300;ASH_COATED_OSMIUM;10075;19;10073;20;;;10081;9;10084;11;;;10078.0;0.0
yf_ZS=F_d9;39300;INTARIAN_PEPPER_ROOT;12362;9;12359;16;;;12370;16;12374;18;;;12366.0;0.0
yf_ZS=F_d9;39400;ASH_COATED_OSMIUM;10071;25;10069;26;;;10084;16;10086;11;;;10077.5;0.0
yf_ZS=F_d9;39400;INTARIAN_PEPPER_ROOT;12363;19;12361;19;;;12369;24;12371;25;;;12366.0;0.0
yf_ZS=F_d9;39500;ASH_COATED_OSMIUM;10075;14;10072;19;;;10081;21;10085;28;;;10078.0;0.0
yf_ZS=F_d9;39500;INTARIAN_PEPPER_ROOT;12363;12;12360;16;;;12369;9;12371;21;;;12366.0;0.0
yf_ZS=F_d9;39600;ASH_COATED_OSMIUM;10075;12;10072;20;;;10081;14;10085;14;;;10078.0;0.0
yf_ZS=F_d9;39600;INTARIAN_PEPPER_ROOT;12363;8;12361;20;;;12369;6;12373;19;;;12366.0;0.0
yf_ZS=F_d9;39700;ASH_COATED_OSMIUM;10074;22;10070;15;;;10080;16;10083;9;;;10077.0;0.0
yf_ZS=F_d9;39700;INTARIAN_PEPPER_ROOT;12363;7;12360;11;;;12369;5;12372;10;;;12366.0;0.0
yf_ZS=F_d9;39800;ASH_COATED_OSMIUM;10074;15;10070;17;;;10080;8;10083;26;;;10077.0;0.0
yf_ZS=F_d9;39800;INTARIAN_PEPPER_ROOT;12362;21;12360;19;;;12368;10;12371;22;;;12365.0;0.0
yf_ZS=F_d9;39900;ASH_COATED_OSMIUM;10074;12;10072;25;;;10080;13;10082;17;;;10077.0;0.0
yf_ZS=F_d9;39900;INTARIAN_PEPPER_ROOT;12362;20;12358;16;;;12368;13;12370;24;;;12365.0;0.0
yf_ZS=F_d9;40000;ASH_COATED_OSMIUM;10074;5;10070;22;;;10080;22;10083;11;;;10077.0;0.0
yf_ZS=F_d9;40000;INTARIAN_PEPPER_ROOT;12361;8;12358;33;;;12370;13;12372;27;;;12365.5;0.0
yf_ZS=F_d9;40100;ASH_COATED_OSMIUM;10074;18;10072;30;;;10080;14;10084;18;;;10077.0;0.0
yf_ZS=F_d9;40100;INTARIAN_PEPPER_ROOT;12362;12;12358;19;;;12368;13;12370;17;;;12365.0;0.0
yf_ZS=F_d9;40200;ASH_COATED_OSMIUM;10075;21;10071;25;;;10081;21;10083;20;;;10078.0;0.0
yf_ZS=F_d9;40200;INTARIAN_PEPPER_ROOT;12362;7;12359;17;;;12368;5;12370;20;;;12365.0;0.0
yf_ZS=F_d9;40300;ASH_COATED_OSMIUM;10074;8;10072;9;;;10080;20;10082;11;;;10077.0;0.0
yf_ZS=F_d9;40300;INTARIAN_PEPPER_ROOT;12357;13;12355;12;;;12372;14;12375;18;;;12364.5;0.0
yf_ZS=F_d9;40400;ASH_COATED_OSMIUM;10075;23;10071;24;;;10081;19;10085;13;;;10078.0;0.0
yf_ZS=F_d9;40400;INTARIAN_PEPPER_ROOT;12358;15;12354;15;;;12370;15;12374;29;;;12364.0;0.0
yf_ZS=F_d9;40500;ASH_COATED_OSMIUM;10074;13;10070;23;;;10080;14;10084;13;;;10077.0;0.0
yf_ZS=F_d9;40500;INTARIAN_PEPPER_ROOT;12361;14;12358;17;;;12367;10;12369;17;;;12364.0;0.0
yf_ZS=F_d9;40600;ASH_COATED_OSMIUM;10074;26;10071;15;;;10080;5;10084;13;;;10077.0;0.0
yf_ZS=F_d9;40600;INTARIAN_PEPPER_ROOT;12361;16;12357;15;;;12367;14;12370;26;;;12364.0;0.0
yf_ZS=F_d9;40700;ASH_COATED_OSMIUM;10066;6;10063;19;;;10088;17;10091;20;;;10077.0;0.0
yf_ZS=F_d9;40700;INTARIAN_PEPPER_ROOT;12361;9;12358;18;;;12367;17;12371;12;;;12364.0;0.0
yf_ZS=F_d9;40800;ASH_COATED_OSMIUM;10073;12;10069;15;;;10080;12;10083;13;;;10076.5;0.0
yf_ZS=F_d9;40800;INTARIAN_PEPPER_ROOT;12357;16;12354;20;;;12370;9;12374;21;;;12363.5;0.0
yf_ZS=F_d9;40900;ASH_COATED_OSMIUM;10068;11;10064;19;;;10087;12;10090;17;;;10077.5;0.0
yf_ZS=F_d9;40900;INTARIAN_PEPPER_ROOT;12360;15;12357;16;;;12366;16;12370;22;;;12363.0;0.0
yf_ZS=F_d9;41000;ASH_COATED_OSMIUM;10070;16;10067;24;;;10085;14;10087;17;;;10077.5;0.0
yf_ZS=F_d9;41000;INTARIAN_PEPPER_ROOT;12360;17;12358;18;;;12366;16;12369;10;;;12363.0;0.0
yf_ZS=F_d9;41100;ASH_COATED_OSMIUM;10074;15;10072;17;;;10080;7;10084;26;;;10077.0;0.0
yf_ZS=F_d9;41100;INTARIAN_PEPPER_ROOT;12354;11;12351;22;;;12371;21;12375;18;;;12362.5;0.0
yf_ZS=F_d9;41200;ASH_COATED_OSMIUM;10074;18;10072;14;;;10080;19;10084;18;;;10077.0;0.0
yf_ZS=F_d9;41200;INTARIAN_PEPPER_ROOT;12359;8;12357;19;;;12367;24;12371;25;;;12363.0;0.0
yf_ZS=F_d9;41300;ASH_COATED_OSMIUM;10074;21;10070;25;;;10080;18;10084;23;;;10077.0;0.0
yf_ZS=F_d9;41300;INTARIAN_PEPPER_ROOT;12360;17;12357;13;;;12366;14;12368;23;;;12363.0;0.0
yf_ZS=F_d9;41400;ASH_COATED_OSMIUM;10066;18;10063;27;;;10089;13;10093;18;;;10077.5;0.0
yf_ZS=F_d9;41400;INTARIAN_PEPPER_ROOT;12357;15;12353;21;;;12369;13;12371;24;;;12363.0;0.0
yf_ZS=F_d9;41500;ASH_COATED_OSMIUM;10067;16;10064;19;;;10086;14;10088;14;;;10076.5;0.0
yf_ZS=F_d9;41500;INTARIAN_PEPPER_ROOT;12359;12;12356;20;;;12365;19;12369;20;;;12362.0;0.0
yf_ZS=F_d9;41600;ASH_COATED_OSMIUM;10073;15;10070;18;;;10079;17;10081;26;;;10076.0;0.0
yf_ZS=F_d9;41600;INTARIAN_PEPPER_ROOT;12359;8;12357;25;;;12365;20;12369;19;;;12362.0;0.0
yf_ZS=F_d9;41700;ASH_COATED_OSMIUM;10074;12;10072;14;;;10080;9;10083;15;;;10077.0;0.0
yf_ZS=F_d9;41700;INTARIAN_PEPPER_ROOT;12356;12;12352;21;;;12367;21;12369;24;;;12361.5;0.0
yf_ZS=F_d9;41800;ASH_COATED_OSMIUM;10073;14;10070;19;;;10079;16;10082;23;;;10076.0;0.0
yf_ZS=F_d9;41800;INTARIAN_PEPPER_ROOT;12352;10;12348;20;;;12371;15;12374;24;;;12361.5;0.0
yf_ZS=F_d9;41900;ASH_COATED_OSMIUM;10073;10;10069;17;;;10079;16;10083;12;;;10076.0;0.0
yf_ZS=F_d9;41900;INTARIAN_PEPPER_ROOT;12358;16;12355;20;;;12366;9;12370;17;;;12362.0;0.0
yf_ZS=F_d9;42000;ASH_COATED_OSMIUM;10074;13;10072;27;;;10080;14;10084;22;;;10077.0;0.0
yf_ZS=F_d9;42000;INTARIAN_PEPPER_ROOT;12356;13;12353;24;;;12366;10;12370;30;;;12361.0;0.0
yf_ZS=F_d9;42100;ASH_COATED_OSMIUM;10073;18;10070;35;;;10081;10;10085;28;;;10077.0;0.0
yf_ZS=F_d9;42100;INTARIAN_PEPPER_ROOT;12355;13;12351;18;;;12366;21;12370;24;;;12360.5;0.0
yf_ZS=F_d9;42200;ASH_COATED_OSMIUM;10070;13;10066;13;;;10083;12;10085;14;;;10076.5;0.0
yf_ZS=F_d9;42200;INTARIAN_PEPPER_ROOT;12352;12;12350;11;;;12370;17;12374;27;;;12361.0;0.0
yf_ZS=F_d9;42300;ASH_COATED_OSMIUM;10073;13;10069;25;;;10079;13;10083;8;;;10076.0;0.0
yf_ZS=F_d9;42300;INTARIAN_PEPPER_ROOT;12357;8;12355;28;;;12363;17;12365;16;;;12360.0;0.0
yf_ZS=F_d9;42400;ASH_COATED_OSMIUM;10068;15;10065;16;;;10084;11;10088;17;;;10076.0;0.0
yf_ZS=F_d9;42400;INTARIAN_PEPPER_ROOT;12348;12;12346;22;;;12374;14;12377;19;;;12361.0;0.0
yf_ZS=F_d9;42500;ASH_COATED_OSMIUM;10074;18;10072;25;;;10080;20;10084;17;;;10077.0;0.0
yf_ZS=F_d9;42500;INTARIAN_PEPPER_ROOT;12354;22;12350;16;;;12367;17;12371;21;;;12360.5;0.0
yf_ZS=F_d9;42600;ASH_COATED_OSMIUM;10073;16;10071;22;;;10079;16;10081;8;;;10076.0;0.0
yf_ZS=F_d9;42600;INTARIAN_PEPPER_ROOT;12357;19;12355;19;;;12363;12;12367;18;;;12360.0;0.0
yf_ZS=F_d9;42700;ASH_COATED_OSMIUM;10072;12;10068;17;;;10081;26;10084;18;;;10076.5;0.0
yf_ZS=F_d9;42700;INTARIAN_PEPPER_ROOT;12357;20;12353;19;;;12364;17;12366;22;;;12360.5;0.0
yf_ZS=F_d9;42800;ASH_COATED_OSMIUM;10073;19;10071;22;;;10079;8;10083;26;;;10076.0;0.0
yf_ZS=F_d9;42800;INTARIAN_PEPPER_ROOT;12356;8;12352;14;;;12362;12;12365;19;;;12359.0;0.0
yf_ZS=F_d9;42900;ASH_COATED_OSMIUM;10072;28;10070;20;;;10080;15;10083;19;;;10076.0;0.0
yf_ZS=F_d9;42900;INTARIAN_PEPPER_ROOT;12349;15;12347;29;;;12370;11;12372;11;;;12359.5;0.0
yf_ZS=F_d9;43000;ASH_COATED_OSMIUM;10073;18;10070;25;;;10080;14;10082;19;;;10076.5;0.0
yf_ZS=F_d9;43000;INTARIAN_PEPPER_ROOT;12356;17;12354;21;;;12362;16;12364;25;;;12359.0;0.0
yf_ZS=F_d9;43100;ASH_COATED_OSMIUM;10073;5;10071;30;;;10079;25;10081;20;;;10076.0;0.0
yf_ZS=F_d9;43100;INTARIAN_PEPPER_ROOT;12341;13;12339;15;;;12377;8;12379;13;;;12359.0;0.0
yf_ZS=F_d9;43200;ASH_COATED_OSMIUM;10073;23;10070;18;;;10079;7;10083;20;;;10076.0;0.0
yf_ZS=F_d9;43200;INTARIAN_PEPPER_ROOT;12342;18;12338;25;;;12374;22;12377;22;;;12358.0;0.0
yf_ZS=F_d9;43300;ASH_COATED_OSMIUM;10072;13;10069;23;;;10079;21;10083;24;;;10075.5;0.0
yf_ZS=F_d9;43300;INTARIAN_PEPPER_ROOT;12353;18;12351;17;;;12362;13;12366;14;;;12357.5;0.0
yf_ZS=F_d9;43400;ASH_COATED_OSMIUM;10073;15;10071;13;;;10079;6;10082;22;;;10076.0;0.0
yf_ZS=F_d9;43400;INTARIAN_PEPPER_ROOT;12355;16;12351;13;;;12361;13;12365;18;;;12358.0;0.0
yf_ZS=F_d9;43500;ASH_COATED_OSMIUM;10064;25;10060;17;;;10087;14;10091;18;;;10075.5;0.0
yf_ZS=F_d9;43500;INTARIAN_PEPPER_ROOT;12347;15;12343;19;;;12369;16;12372;17;;;12358.0;0.0
yf_ZS=F_d9;43600;ASH_COATED_OSMIUM;10068;10;10065;19;;;10082;16;10086;18;;;10075.0;0.0
yf_ZS=F_d9;43600;INTARIAN_PEPPER_ROOT;12353;6;12351;11;;;12364;11;12367;18;;;12358.5;0.0
yf_ZS=F_d9;43700;ASH_COATED_OSMIUM;10071;9;10067;23;;;10078;16;10081;29;;;10074.5;0.0
yf_ZS=F_d9;43700;INTARIAN_PEPPER_ROOT;12352;19;12349;26;;;12363;17;12367;17;;;12357.5;0.0
yf_ZS=F_d9;43800;ASH_COATED_OSMIUM;10066;14;10062;21;;;10085;13;10087;24;;;10075.5;0.0
yf_ZS=F_d9;43800;INTARIAN_PEPPER_ROOT;12354;21;12351;22;;;12360;15;12363;17;;;12357.0;0.0
yf_ZS=F_d9;43900;ASH_COATED_OSMIUM;10072;17;10070;18;;;10078;8;10080;23;;;10075.0;0.0
yf_ZS=F_d9;43900;INTARIAN_PEPPER_ROOT;12354;11;12352;22;;;12360;12;12362;30;;;12357.0;0.0
yf_ZS=F_d9;44000;ASH_COATED_OSMIUM;10073;14;10071;29;;;10079;5;10081;27;;;10076.0;0.0
yf_ZS=F_d9;44000;INTARIAN_PEPPER_ROOT;12354;5;12350;24;;;12360;17;12362;20;;;12357.0;0.0
yf_ZS=F_d9;44100;ASH_COATED_OSMIUM;10072;6;10068;24;;;10078;17;10081;18;;;10075.0;0.0
yf_ZS=F_d9;44100;INTARIAN_PEPPER_ROOT;12350;18;12347;30;;;12364;16;12367;14;;;12357.0;0.0
yf_ZS=F_d9;44200;ASH_COATED_OSMIUM;10072;13;10070;19;;;10078;16;10080;13;;;10075.0;0.0
yf_ZS=F_d9;44200;INTARIAN_PEPPER_ROOT;12354;9;12350;31;;;12360;17;12364;20;;;12357.0;0.0
yf_ZS=F_d9;44300;ASH_COATED_OSMIUM;10072;15;10070;25;;;10078;12;10082;35;;;10075.0;0.0
yf_ZS=F_d9;44300;INTARIAN_PEPPER_ROOT;12352;15;12348;24;;;12361;19;12363;23;;;12356.5;0.0
yf_ZS=F_d9;44400;ASH_COATED_OSMIUM;10072;15;10068;14;;;10078;17;10082;19;;;10075.0;0.0
yf_ZS=F_d9;44400;INTARIAN_PEPPER_ROOT;12353;13;12351;31;;;12359;8;12362;24;;;12356.0;0.0
yf_ZS=F_d9;44500;ASH_COATED_OSMIUM;10073;8;10069;14;;;10079;7;10082;22;;;10076.0;0.0
yf_ZS=F_d9;44500;INTARIAN_PEPPER_ROOT;12353;15;12350;20;;;12359;15;12361;26;;;12356.0;0.0
yf_ZS=F_d9;44600;ASH_COATED_OSMIUM;10062;12;10058;15;;;10088;9;10091;26;;;10075.0;0.0
yf_ZS=F_d9;44600;INTARIAN_PEPPER_ROOT;12353;9;12349;17;;;12359;17;12362;13;;;12356.0;0.0
yf_ZS=F_d9;44700;ASH_COATED_OSMIUM;10066;6;10062;16;;;10083;19;10087;20;;;10074.5;0.0
yf_ZS=F_d9;44700;INTARIAN_PEPPER_ROOT;12353;14;12350;16;;;12359;25;12363;16;;;12356.0;0.0
yf_ZS=F_d9;44800;ASH_COATED_OSMIUM;10057;12;10054;24;;;10092;13;10095;9;;;10074.5;0.0
yf_ZS=F_d9;44800;INTARIAN_PEPPER_ROOT;12352;18;12349;24;;;12358;14;12361;13;;;12355.0;0.0
yf_ZS=F_d9;44900;ASH_COATED_OSMIUM;10071;19;10068;22;;;10077;13;10081;20;;;10074.0;0.0
yf_ZS=F_d9;44900;INTARIAN_PEPPER_ROOT;12349;21;12345;19;;;12361;16;12365;31;;;12355.0;0.0
yf_ZS=F_d9;45000;ASH_COATED_OSMIUM;10056;12;10052;15;;;10093;13;10096;17;;;10074.5;0.0
yf_ZS=F_d9;45000;INTARIAN_PEPPER_ROOT;12351;18;12349;18;;;12360;14;12363;21;;;12355.5;0.0
yf_ZS=F_d9;45100;ASH_COATED_OSMIUM;10068;12;10065;17;;;10081;9;10083;24;;;10074.5;0.0
yf_ZS=F_d9;45100;INTARIAN_PEPPER_ROOT;12349;25;12346;18;;;12361;18;12365;23;;;12355.0;0.0
yf_ZS=F_d9;45200;ASH_COATED_OSMIUM;10072;11;10069;28;;;10078;16;10080;21;;;10075.0;0.0
yf_ZS=F_d9;45200;INTARIAN_PEPPER_ROOT;12351;19;12349;16;;;12357;16;12361;8;;;12354.0;0.0
yf_ZS=F_d9;45300;ASH_COATED_OSMIUM;10068;18;10066;21;;;10079;5;10083;19;;;10073.5;0.0
yf_ZS=F_d9;45300;INTARIAN_PEPPER_ROOT;12352;17;12348;27;;;12358;10;12362;22;;;12355.0;0.0
yf_ZS=F_d9;45400;ASH_COATED_OSMIUM;10069;13;10066;19;;;10081;19;10083;21;;;10075.0;0.0
yf_ZS=F_d9;45400;INTARIAN_PEPPER_ROOT;12350;12;12348;23;;;12359;15;12362;19;;;12354.5;0.0
yf_ZS=F_d9;45500;ASH_COATED_OSMIUM;10071;11;10068;17;;;10077;20;10080;22;;;10074.0;0.0
yf_ZS=F_d9;45500;INTARIAN_PEPPER_ROOT;12350;14;12347;17;;;12359;19;12362;23;;;12354.5;0.0
yf_ZS=F_d9;45600;ASH_COATED_OSMIUM;10071;19;10068;19;;;10077;21;10081;17;;;10074.0;0.0
yf_ZS=F_d9;45600;INTARIAN_PEPPER_ROOT;12347;20;12345;23;;;12361;17;12365;20;;;12354.0;0.0
yf_ZS=F_d9;45700;ASH_COATED_OSMIUM;10072;15;10068;18;;;10078;12;10081;18;;;10075.0;0.0
yf_ZS=F_d9;45700;INTARIAN_PEPPER_ROOT;12351;27;12347;26;;;12357;18;12359;30;;;12354.0;0.0
yf_ZS=F_d9;45800;ASH_COATED_OSMIUM;10070;20;10068;13;;;10078;21;10080;20;;;10074.0;0.0
yf_ZS=F_d9;45800;INTARIAN_PEPPER_ROOT;12350;19;12347;26;;;12356;14;12360;20;;;12353.0;0.0
yf_ZS=F_d9;45900;ASH_COATED_OSMIUM;10071;10;10068;16;;;10077;15;10079;22;;;10074.0;0.0
yf_ZS=F_d9;45900;INTARIAN_PEPPER_ROOT;12350;16;12347;19;;;12356;19;12359;20;;;12353.0;0.0
yf_ZS=F_d9;46000;ASH_COATED_OSMIUM;10066;9;10062;14;;;10081;12;10085;19;;;10073.5;0.0
yf_ZS=F_d9;46000;INTARIAN_PEPPER_ROOT;12349;12;12345;20;;;12355;13;12357;19;;;12352.0;0.0
yf_ZS=F_d9;46100;ASH_COATED_OSMIUM;10071;9;10069;24;;;10077;14;10080;10;;;10074.0;0.0
yf_ZS=F_d9;46100;INTARIAN_PEPPER_ROOT;12349;19;12347;13;;;12355;13;12359;14;;;12352.0;0.0
yf_ZS=F_d9;46200;ASH_COATED_OSMIUM;10067;12;10065;19;;;10080;13;10083;20;;;10073.5;0.0
yf_ZS=F_d9;46200;INTARIAN_PEPPER_ROOT;12350;21;12346;18;;;12356;11;12358;16;;;12353.0;0.0
yf_ZS=F_d9;46300;ASH_COATED_OSMIUM;10071;17;10067;22;;;10077;16;10081;22;;;10074.0;0.0
yf_ZS=F_d9;46300;INTARIAN_PEPPER_ROOT;12343;17;12339;14;;;12362;9;12366;21;;;12352.5;0.0
yf_ZS=F_d9;46400;ASH_COATED_OSMIUM;10071;14;10067;18;;;10077;21;10080;27;;;10074.0;0.0
yf_ZS=F_d9;46400;INTARIAN_PEPPER_ROOT;12350;17;12346;22;;;12356;17;12359;20;;;12353.0;0.0
yf_ZS=F_d9;46500;ASH_COATED_OSMIUM;10070;13;10066;11;;;10076;6;10078;13;;;10073.0;0.0
yf_ZS=F_d9;46500;INTARIAN_PEPPER_ROOT;12349;20;12347;13;;;12355;21;12357;19;;;12352.0;0.0
yf_ZS=F_d9;46600;ASH_COATED_OSMIUM;10071;8;10068;21;;;10077;6;10079;16;;;10074.0;0.0
yf_ZS=F_d9;46600;INTARIAN_PEPPER_ROOT;12348;7;12344;15;;;12354;24;12356;24;;;12351.0;0.0
yf_ZS=F_d9;46700;ASH_COATED_OSMIUM;10070;12;10066;11;;;10076;23;10080;17;;;10073.0;0.0
yf_ZS=F_d9;46700;INTARIAN_PEPPER_ROOT;12344;15;12341;21;;;12359;20;12363;29;;;12351.5;0.0
yf_ZS=F_d9;46800;ASH_COATED_OSMIUM;10070;23;10067;20;;;10078;9;10082;21;;;10074.0;0.0
yf_ZS=F_d9;46800;INTARIAN_PEPPER_ROOT;12349;20;12345;20;;;12355;18;12357;13;;;12352.0;0.0
yf_ZS=F_d9;46900;ASH_COATED_OSMIUM;10071;11;10068;24;;;10077;12;10079;24;;;10074.0;0.0
yf_ZS=F_d9;46900;INTARIAN_PEPPER_ROOT;12343;22;12341;27;;;12360;15;12363;22;;;12351.5;0.0
yf_ZS=F_d9;47000;ASH_COATED_OSMIUM;10071;8;10069;15;;;10077;21;10081;19;;;10074.0;0.0
yf_ZS=F_d9;47000;INTARIAN_PEPPER_ROOT;12348;11;12344;29;;;12354;14;12356;16;;;12351.0;0.0
yf_ZS=F_d9;47100;ASH_COATED_OSMIUM;10070;11;10066;21;;;10076;16;10078;24;;;10073.0;0.0
yf_ZS=F_d9;47100;INTARIAN_PEPPER_ROOT;12345;17;12343;22;;;12358;15;12360;18;;;12351.5;0.0
yf_ZS=F_d9;47200;ASH_COATED_OSMIUM;10064;14;10060;19;;;10082;15;10085;19;;;10073.0;0.0
yf_ZS=F_d9;47200;INTARIAN_PEPPER_ROOT;12348;9;12346;25;;;12354;13;12358;26;;;12351.0;0.0
yf_ZS=F_d9;47300;ASH_COATED_OSMIUM;10071;8;10068;14;;;10077;18;10081;24;;;10074.0;0.0
yf_ZS=F_d9;47300;INTARIAN_PEPPER_ROOT;12342;13;12339;14;;;12359;18;12361;15;;;12350.5;0.0
yf_ZS=F_d9;47400;ASH_COATED_OSMIUM;10059;7;10055;20;;;10086;23;10088;25;;;10072.5;0.0
yf_ZS=F_d9;47400;INTARIAN_PEPPER_ROOT;12348;19;12345;10;;;12354;7;12357;23;;;12351.0;0.0
yf_ZS=F_d9;47500;ASH_COATED_OSMIUM;10066;17;10064;17;;;10082;10;10084;24;;;10074.0;0.0
yf_ZS=F_d9;47500;INTARIAN_PEPPER_ROOT;12345;13;12341;17;;;12355;13;12358;18;;;12350.0;0.0
yf_ZS=F_d9;47600;ASH_COATED_OSMIUM;10070;18;10066;8;;;10076;9;10078;19;;;10073.0;0.0
yf_ZS=F_d9;47600;INTARIAN_PEPPER_ROOT;12347;14;12343;17;;;12353;13;12355;13;;;12350.0;0.0
yf_ZS=F_d9;47700;ASH_COATED_OSMIUM;10067;19;10064;23;;;10078;13;10080;20;;;10072.5;0.0
yf_ZS=F_d9;47700;INTARIAN_PEPPER_ROOT;12347;13;12345;19;;;12353;18;12357;21;;;12350.0;0.0
yf_ZS=F_d9;47800;ASH_COATED_OSMIUM;10069;5;10067;17;;;10075;11;10079;19;;;10072.0;0.0
yf_ZS=F_d9;47800;INTARIAN_PEPPER_ROOT;12346;14;12343;21;;;12352;16;12354;18;;;12349.0;0.0
yf_ZS=F_d9;47900;ASH_COATED_OSMIUM;10068;22;10066;16;;;10078;16;10080;20;;;10073.0;0.0
yf_ZS=F_d9;47900;INTARIAN_PEPPER_ROOT;12347;16;12344;23;;;12353;11;12357;21;;;12350.0;0.0
yf_ZS=F_d9;48000;ASH_COATED_OSMIUM;10070;18;10067;25;;;10076;6;10078;22;;;10073.0;0.0
yf_ZS=F_d9;48000;INTARIAN_PEPPER_ROOT;12346;8;12342;23;;;12352;16;12355;24;;;12349.0;0.0
yf_ZS=F_d9;48100;ASH_COATED_OSMIUM;10070;14;10066;20;;;10076;11;10079;16;;;10073.0;0.0
yf_ZS=F_d9;48100;INTARIAN_PEPPER_ROOT;12346;18;12342;13;;;12354;11;12358;22;;;12350.0;0.0
yf_ZS=F_d9;48200;ASH_COATED_OSMIUM;10069;12;10067;18;;;10076;24;10078;24;;;10072.5;0.0
yf_ZS=F_d9;48200;INTARIAN_PEPPER_ROOT;12346;12;12342;15;;;12352;15;12356;25;;;12349.0;0.0
yf_ZS=F_d9;48300;ASH_COATED_OSMIUM;10063;10;10061;18;;;10082;19;10086;28;;;10072.5;0.0
yf_ZS=F_d9;48300;INTARIAN_PEPPER_ROOT;12346;5;12343;21;;;12352;12;12355;27;;;12349.0;0.0
yf_ZS=F_d9;48400;ASH_COATED_OSMIUM;10068;18;10065;17;;;10077;13;10080;18;;;10072.5;0.0
yf_ZS=F_d9;48400;INTARIAN_PEPPER_ROOT;12345;17;12341;22;;;12351;21;12355;16;;;12348.0;0.0
yf_ZS=F_d9;48500;ASH_COATED_OSMIUM;10070;6;10068;13;;;10076;10;10080;22;;;10073.0;0.0
yf_ZS=F_d9;48500;INTARIAN_PEPPER_ROOT;12341;8;12337;15;;;12357;12;12360;26;;;12349.0;0.0
yf_ZS=F_d9;48600;ASH_COATED_OSMIUM;10069;17;10067;12;;;10075;8;10077;26;;;10072.0;0.0
yf_ZS=F_d9;48600;INTARIAN_PEPPER_ROOT;12345;18;12343;25;;;12351;16;12354;18;;;12348.0;0.0
yf_ZS=F_d9;48700;ASH_COATED_OSMIUM;10066;16;10064;24;;;10080;15;10082;28;;;10073.0;0.0
yf_ZS=F_d9;48700;INTARIAN_PEPPER_ROOT;12337;16;12334;20;;;12359;13;12363;25;;;12348.0;0.0
yf_ZS=F_d9;48800;ASH_COATED_OSMIUM;10069;17;10067;17;;;10075;9;10079;8;;;10072.0;0.0
yf_ZS=F_d9;48800;INTARIAN_PEPPER_ROOT;12345;17;12342;11;;;12351;8;12354;13;;;12348.0;0.0
yf_ZS=F_d9;48900;ASH_COATED_OSMIUM;10066;12;10062;21;;;10078;21;10082;17;;;10072.0;0.0
yf_ZS=F_d9;48900;INTARIAN_PEPPER_ROOT;12344;17;12341;20;;;12351;18;12354;33;;;12347.5;0.0
yf_ZS=F_d9;49000;ASH_COATED_OSMIUM;10069;22;10067;21;;;10075;12;10078;9;;;10072.0;0.0
yf_ZS=F_d9;49000;INTARIAN_PEPPER_ROOT;12345;18;12342;31;;;12351;9;12354;15;;;12348.0;0.0
yf_ZS=F_d9;49100;ASH_COATED_OSMIUM;10066;5;10063;15;;;10077;20;10079;15;;;10071.5;0.0
yf_ZS=F_d9;49100;INTARIAN_PEPPER_ROOT;12341;22;12339;19;;;12354;15;12356;21;;;12347.5;0.0
yf_ZS=F_d9;49200;ASH_COATED_OSMIUM;10063;20;10060;15;;;10081;9;10085;18;;;10072.0;0.0
yf_ZS=F_d9;49200;INTARIAN_PEPPER_ROOT;12336;15;12333;21;;;12357;5;12360;23;;;12346.5;0.0
yf_ZS=F_d9;49300;ASH_COATED_OSMIUM;10069;13;10065;30;;;10075;13;10079;13;;;10072.0;0.0
yf_ZS=F_d9;49300;INTARIAN_PEPPER_ROOT;12344;12;12340;25;;;12350;17;12353;19;;;12347.0;0.0
yf_ZS=F_d9;49400;ASH_COATED_OSMIUM;10068;10;10065;23;;;10074;16;10077;28;;;10071.0;0.0
yf_ZS=F_d9;49400;INTARIAN_PEPPER_ROOT;12344;18;12340;19;;;12350;18;12352;13;;;12347.0;0.0
yf_ZS=F_d9;49500;ASH_COATED_OSMIUM;10069;26;10066;23;;;10075;9;10077;12;;;10072.0;0.0
yf_ZS=F_d9;49500;INTARIAN_PEPPER_ROOT;12343;14;12341;25;;;12349;9;12353;21;;;12346.0;0.0
yf_ZS=F_d9;49600;ASH_COATED_OSMIUM;10069;13;10065;16;;;10075;15;10078;12;;;10072.0;0.0
yf_ZS=F_d9;49600;INTARIAN_PEPPER_ROOT;12342;19;12339;18;;;12350;17;12352;23;;;12346.0;0.0
yf_ZS=F_d9;49700;ASH_COATED_OSMIUM;10064;12;10061;12;;;10079;11;10082;19;;;10071.5;0.0
yf_ZS=F_d9;49700;INTARIAN_PEPPER_ROOT;12343;23;12340;21;;;12349;11;12352;16;;;12346.0;0.0
yf_ZS=F_d9;49800;ASH_COATED_OSMIUM;10061;26;10057;21;;;10083;21;10086;23;;;10072.0;0.0
yf_ZS=F_d9;49800;INTARIAN_PEPPER_ROOT;12343;9;12339;22;;;12349;16;12352;21;;;12346.0;0.0
yf_ZS=F_d9;49900;ASH_COATED_OSMIUM;10057;5;10053;23;;;10086;20;10088;22;;;10071.5;0.0
yf_ZS=F_d9;49900;INTARIAN_PEPPER_ROOT;12340;20;12338;22;;;12352;27;12356;25;;;12346.0;0.0
yf_ZS=F_d9;50000;ASH_COATED_OSMIUM;10068;5;10065;12;;;10074;20;10078;24;;;10071.0;0.0
yf_ZS=F_d9;50000;INTARIAN_PEPPER_ROOT;12341;11;12339;17;;;12350;13;12352;18;;;12345.5;0.0
yf_ZS=F_d9;50100;ASH_COATED_OSMIUM;10064;12;10062;21;;;10079;9;10083;16;;;10071.5;0.0
yf_ZS=F_d9;50100;INTARIAN_PEPPER_ROOT;12342;12;12339;14;;;12348;7;12350;25;;;12345.0;0.0
yf_ZS=F_d9;50200;ASH_COATED_OSMIUM;10067;20;10063;23;;;10076;13;10078;8;;;10071.5;0.0
yf_ZS=F_d9;50200;INTARIAN_PEPPER_ROOT;12342;15;12339;9;;;12348;13;12351;18;;;12345.0;0.0
yf_ZS=F_d9;50300;ASH_COATED_OSMIUM;10068;21;10064;21;;;10074;16;10076;25;;;10071.0;0.0
yf_ZS=F_d9;50300;INTARIAN_PEPPER_ROOT;12341;10;12339;19;;;12347;9;12351;11;;;12344.0;0.0
yf_ZS=F_d9;50400;ASH_COATED_OSMIUM;10069;19;10067;28;;;10075;13;10078;23;;;10072.0;0.0
yf_ZS=F_d9;50400;INTARIAN_PEPPER_ROOT;12336;17;12334;20;;;12354;18;12356;16;;;12345.0;0.0
yf_ZS=F_d9;50500;ASH_COATED_OSMIUM;10060;9;10058;21;;;10083;19;10087;16;;;10071.5;0.0
yf_ZS=F_d9;50500;INTARIAN_PEPPER_ROOT;12337;13;12333;13;;;12351;6;12355;19;;;12344.0;0.0
yf_ZS=F_d9;50600;ASH_COATED_OSMIUM;10059;13;10055;25;;;10084;21;10087;21;;;10071.5;0.0
yf_ZS=F_d9;50600;INTARIAN_PEPPER_ROOT;12341;21;12338;22;;;12347;17;12350;15;;;12344.0;0.0
yf_ZS=F_d9;50700;ASH_COATED_OSMIUM;10066;17;10063;23;;;10076;7;10078;21;;;10071.0;0.0
yf_ZS=F_d9;50700;INTARIAN_PEPPER_ROOT;12341;9;12337;21;;;12347;14;12350;19;;;12344.0;0.0
yf_ZS=F_d9;50800;ASH_COATED_OSMIUM;10069;19;10066;12;;;10075;18;10077;21;;;10072.0;0.0
yf_ZS=F_d9;50800;INTARIAN_PEPPER_ROOT;12341;8;12339;19;;;12347;11;12351;21;;;12344.0;0.0
yf_ZS=F_d9;50900;ASH_COATED_OSMIUM;10068;12;10065;19;;;10074;18;10076;19;;;10071.0;0.0
yf_ZS=F_d9;50900;INTARIAN_PEPPER_ROOT;12341;12;12337;10;;;12347;17;12351;25;;;12344.0;0.0
yf_ZS=F_d9;51000;ASH_COATED_OSMIUM;10068;15;10066;18;;;10074;16;10077;22;;;10071.0;0.0
yf_ZS=F_d9;51000;INTARIAN_PEPPER_ROOT;12327;7;12325;16;;;12361;24;12365;17;;;12344.0;0.0
yf_ZS=F_d9;51100;ASH_COATED_OSMIUM;10067;6;10065;10;;;10075;15;10077;18;;;10071.0;0.0
yf_ZS=F_d9;51100;INTARIAN_PEPPER_ROOT;12341;20;12337;24;;;12347;10;12349;21;;;12344.0;0.0
yf_ZS=F_d9;51200;ASH_COATED_OSMIUM;10067;14;10063;15;;;10076;20;10078;9;;;10071.5;0.0
yf_ZS=F_d9;51200;INTARIAN_PEPPER_ROOT;12341;22;12339;25;;;12348;17;12352;19;;;12344.5;0.0
yf_ZS=F_d9;51300;ASH_COATED_OSMIUM;10068;14;10064;26;;;10074;6;10077;16;;;10071.0;0.0
yf_ZS=F_d9;51300;INTARIAN_PEPPER_ROOT;12341;5;12337;19;;;12348;19;12350;24;;;12344.5;0.0
yf_ZS=F_d9;51400;ASH_COATED_OSMIUM;10068;20;10065;15;;;10074;13;10078;25;;;10071.0;0.0
yf_ZS=F_d9;51400;INTARIAN_PEPPER_ROOT;12338;23;12334;17;;;12351;10;12355;17;;;12344.5;0.0
yf_ZS=F_d9;51500;ASH_COATED_OSMIUM;10066;22;10064;14;;;10077;11;10081;20;;;10071.5;0.0
yf_ZS=F_d9;51500;INTARIAN_PEPPER_ROOT;12342;14;12338;16;;;12348;21;12350;20;;;12345.0;0.0
yf_ZS=F_d9;51600;ASH_COATED_OSMIUM;10055;16;10053;18;;;10088;9;10092;18;;;10071.5;0.0
yf_ZS=F_d9;51600;INTARIAN_PEPPER_ROOT;12342;12;12338;32;;;12348;15;12352;23;;;12345.0;0.0
yf_ZS=F_d9;51700;ASH_COATED_OSMIUM;10068;17;10064;20;;;10074;6;10077;22;;;10071.0;0.0
yf_ZS=F_d9;51700;INTARIAN_PEPPER_ROOT;12337;15;12334;20;;;12351;5;12353;23;;;12344.0;0.0
yf_ZS=F_d9;51800;ASH_COATED_OSMIUM;10068;14;10065;21;;;10074;24;10077;27;;;10071.0;0.0
yf_ZS=F_d9;51800;INTARIAN_PEPPER_ROOT;12342;9;12339;20;;;12348;9;12350;21;;;12345.0;0.0
yf_ZS=F_d9;51900;ASH_COATED_OSMIUM;10063;22;10061;18;;;10080;14;10084;12;;;10071.5;0.0
yf_ZS=F_d9;51900;INTARIAN_PEPPER_ROOT;12342;19;12340;16;;;12348;12;12352;12;;;12345.0;0.0
yf_ZS=F_d9;52000;ASH_COATED_OSMIUM;10065;16;10062;18;;;10076;13;10078;21;;;10070.5;0.0
yf_ZS=F_d9;52000;INTARIAN_PEPPER_ROOT;12342;12;12340;20;;;12348;11;12350;12;;;12345.0;0.0
yf_ZS=F_d9;52100;ASH_COATED_OSMIUM;10068;10;10066;13;;;10074;20;10076;18;;;10071.0;0.0
yf_ZS=F_d9;52100;INTARIAN_PEPPER_ROOT;12340;13;12337;30;;;12351;10;12355;24;;;12345.5;0.0
yf_ZS=F_d9;52200;ASH_COATED_OSMIUM;10068;16;10065;18;;;10074;17;10076;29;;;10071.0;0.0
yf_ZS=F_d9;52200;INTARIAN_PEPPER_ROOT;12341;17;12337;22;;;12350;19;12353;19;;;12345.5;0.0
yf_ZS=F_d9;52300;ASH_COATED_OSMIUM;10068;13;10065;23;;;10074;17;10078;21;;;10071.0;0.0
yf_ZS=F_d9;52300;INTARIAN_PEPPER_ROOT;12342;17;12339;17;;;12348;15;12352;12;;;12345.0;0.0
yf_ZS=F_d9;52400;ASH_COATED_OSMIUM;10068;18;10064;14;;;10074;12;10078;15;;;10071.0;0.0
yf_ZS=F_d9;52400;INTARIAN_PEPPER_ROOT;12342;16;12340;24;;;12348;22;12350;25;;;12345.0;0.0
yf_ZS=F_d9;52500;ASH_COATED_OSMIUM;10068;17;10065;23;;;10074;19;10078;11;;;10071.0;0.0
yf_ZS=F_d9;52500;INTARIAN_PEPPER_ROOT;12343;20;12340;19;;;12349;15;12351;16;;;12346.0;0.0
yf_ZS=F_d9;52600;ASH_COATED_OSMIUM;10068;19;10064;16;;;10074;16;10077;20;;;10071.0;0.0
yf_ZS=F_d9;52600;INTARIAN_PEPPER_ROOT;12333;22;12330;11;;;12358;18;12361;20;;;12345.5;0.0
yf_ZS=F_d9;52700;ASH_COATED_OSMIUM;10068;12;10066;27;;;10074;13;10077;20;;;10071.0;0.0
yf_ZS=F_d9;52700;INTARIAN_PEPPER_ROOT;12342;7;12338;10;;;12350;26;12352;24;;;12346.0;0.0
yf_ZS=F_d9;52800;ASH_COATED_OSMIUM;10068;11;10066;16;;;10074;11;10077;17;;;10071.0;0.0
yf_ZS=F_d9;52800;INTARIAN_PEPPER_ROOT;12343;18;12341;18;;;12349;25;12352;26;;;12346.0;0.0
yf_ZS=F_d9;52900;ASH_COATED_OSMIUM;10068;19;10066;21;;;10074;10;10076;28;;;10071.0;0.0
yf_ZS=F_d9;52900;INTARIAN_PEPPER_ROOT;12343;17;12341;20;;;12349;12;12351;24;;;12346.0;0.0
yf_ZS=F_d9;53000;ASH_COATED_OSMIUM;10061;11;10057;20;;;10080;7;10082;21;;;10070.5;0.0
yf_ZS=F_d9;53000;INTARIAN_PEPPER_ROOT;12344;13;12340;25;;;12350;10;12352;23;;;12347.0;0.0
yf_ZS=F_d9;53100;ASH_COATED_OSMIUM;10064;17;10062;22;;;10078;22;10080;19;;;10071.0;0.0
yf_ZS=F_d9;53100;INTARIAN_PEPPER_ROOT;12344;18;12341;19;;;12350;17;12353;30;;;12347.0;0.0
yf_ZS=F_d9;53200;ASH_COATED_OSMIUM;10058;15;10054;16;;;10082;9;10085;13;;;10070.0;0.0
yf_ZS=F_d9;53200;INTARIAN_PEPPER_ROOT;12344;19;12342;15;;;12350;11;12352;20;;;12347.0;0.0
yf_ZS=F_d9;53300;ASH_COATED_OSMIUM;10068;13;10064;21;;;10074;16;10078;9;;;10071.0;0.0
yf_ZS=F_d9;53300;INTARIAN_PEPPER_ROOT;12335;14;12331;17;;;12358;15;12362;15;;;12346.5;0.0
yf_ZS=F_d9;53400;ASH_COATED_OSMIUM;10068;6;10065;22;;;10074;17;10077;20;;;10071.0;0.0
yf_ZS=F_d9;53400;INTARIAN_PEPPER_ROOT;12341;11;12337;14;;;12353;15;12355;18;;;12347.0;0.0
yf_ZS=F_d9;53500;ASH_COATED_OSMIUM;10067;16;10064;33;;;10073;18;10075;13;;;10070.0;0.0
yf_ZS=F_d9;53500;INTARIAN_PEPPER_ROOT;12344;18;12341;16;;;12350;21;12354;16;;;12347.0;0.0
yf_ZS=F_d9;53600;ASH_COATED_OSMIUM;10068;17;10065;19;;;10074;5;10077;21;;;10071.0;0.0
yf_ZS=F_d9;53600;INTARIAN_PEPPER_ROOT;12343;18;12341;10;;;12349;6;12351;19;;;12346.0;0.0
yf_ZS=F_d9;53700;ASH_COATED_OSMIUM;10066;12;10064;14;;;10076;19;10080;21;;;10071.0;0.0
yf_ZS=F_d9;53700;INTARIAN_PEPPER_ROOT;12339;9;12336;12;;;12355;17;12359;25;;;12347.0;0.0
yf_ZS=F_d9;53800;ASH_COATED_OSMIUM;10068;16;10065;20;;;10074;15;10078;24;;;10071.0;0.0
yf_ZS=F_d9;53800;INTARIAN_PEPPER_ROOT;12344;19;12340;23;;;12350;23;12353;26;;;12347.0;0.0
yf_ZS=F_d9;53900;ASH_COATED_OSMIUM;10068;10;10065;17;;;10075;16;10078;12;;;10071.5;0.0
yf_ZS=F_d9;53900;INTARIAN_PEPPER_ROOT;12344;23;12341;21;;;12351;17;12354;13;;;12347.5;0.0
yf_ZS=F_d9;54000;ASH_COATED_OSMIUM;10068;9;10064;16;;;10074;16;10076;23;;;10071.0;0.0
yf_ZS=F_d9;54000;INTARIAN_PEPPER_ROOT;12340;11;12338;21;;;12354;14;12358;22;;;12347.0;0.0
yf_ZS=F_d9;54100;ASH_COATED_OSMIUM;10064;15;10060;19;;;10077;9;10081;19;;;10070.5;0.0
yf_ZS=F_d9;54100;INTARIAN_PEPPER_ROOT;12335;19;12333;25;;;12361;19;12364;18;;;12348.0;0.0
yf_ZS=F_d9;54200;ASH_COATED_OSMIUM;10068;5;10064;21;;;10074;18;10076;16;;;10071.0;0.0
yf_ZS=F_d9;54200;INTARIAN_PEPPER_ROOT;12345;7;12341;14;;;12351;23;12353;22;;;12348.0;0.0
yf_ZS=F_d9;54300;ASH_COATED_OSMIUM;10068;16;10064;19;;;10074;9;10078;12;;;10071.0;0.0
yf_ZS=F_d9;54300;INTARIAN_PEPPER_ROOT;12345;19;12343;21;;;12351;18;12355;14;;;12348.0;0.0
yf_ZS=F_d9;54400;ASH_COATED_OSMIUM;10064;15;10061;20;;;10078;21;10080;22;;;10071.0;0.0
yf_ZS=F_d9;54400;INTARIAN_PEPPER_ROOT;12344;21;12342;21;;;12352;8;12356;16;;;12348.0;0.0
yf_ZS=F_d9;54500;ASH_COATED_OSMIUM;10068;9;10066;17;;;10074;11;10077;17;;;10071.0;0.0
yf_ZS=F_d9;54500;INTARIAN_PEPPER_ROOT;12345;15;12342;15;;;12351;15;12354;13;;;12348.0;0.0
yf_ZS=F_d9;54600;ASH_COATED_OSMIUM;10064;17;10061;22;;;10079;13;10083;19;;;10071.5;0.0
yf_ZS=F_d9;54600;INTARIAN_PEPPER_ROOT;12345;15;12342;21;;;12351;19;12353;23;;;12348.0;0.0
yf_ZS=F_d9;54700;ASH_COATED_OSMIUM;10068;15;10065;19;;;10074;8;10077;25;;;10071.0;0.0
yf_ZS=F_d9;54700;INTARIAN_PEPPER_ROOT;12346;9;12343;18;;;12352;21;12355;24;;;12349.0;0.0
yf_ZS=F_d9;54800;ASH_COATED_OSMIUM;10068;10;10066;20;;;10074;12;10078;18;;;10071.0;0.0
yf_ZS=F_d9;54800;INTARIAN_PEPPER_ROOT;12328;16;12325;21;;;12370;19;12372;16;;;12349.0;0.0
yf_ZS=F_d9;54900;ASH_COATED_OSMIUM;10068;12;10065;21;;;10074;18;10077;19;;;10071.0;0.0
yf_ZS=F_d9;54900;INTARIAN_PEPPER_ROOT;12345;16;12342;19;;;12351;12;12353;21;;;12348.0;0.0
yf_ZS=F_d9;55000;ASH_COATED_OSMIUM;10065;24;10061;19;;;10075;16;10078;29;;;10070.0;0.0
yf_ZS=F_d9;55000;INTARIAN_PEPPER_ROOT;12346;19;12342;21;;;12353;26;12357;24;;;12349.5;0.0
yf_ZS=F_d9;55100;ASH_COATED_OSMIUM;10068;5;10065;14;;;10074;5;10078;8;;;10071.0;0.0
yf_ZS=F_d9;55100;INTARIAN_PEPPER_ROOT;12346;16;12344;22;;;12352;15;12356;22;;;12349.0;0.0
yf_ZS=F_d9;55200;ASH_COATED_OSMIUM;10066;13;10063;12;;;10077;20;10081;23;;;10071.5;0.0
yf_ZS=F_d9;55200;INTARIAN_PEPPER_ROOT;12334;16;12330;22;;;12366;14;12370;13;;;12350.0;0.0
yf_ZS=F_d9;55300;ASH_COATED_OSMIUM;10068;13;10064;25;;;10074;14;10077;20;;;10071.0;0.0
yf_ZS=F_d9;55300;INTARIAN_PEPPER_ROOT;12345;11;12343;22;;;12352;25;12354;24;;;12348.5;0.0
yf_ZS=F_d9;55400;ASH_COATED_OSMIUM;10067;14;10065;21;;;10073;12;10076;17;;;10070.0;0.0
yf_ZS=F_d9;55400;INTARIAN_PEPPER_ROOT;12346;10;12342;26;;;12352;10;12356;13;;;12349.0;0.0
yf_ZS=F_d9;55500;ASH_COATED_OSMIUM;10064;16;10060;8;;;10077;14;10081;25;;;10070.5;0.0
yf_ZS=F_d9;55500;INTARIAN_PEPPER_ROOT;12346;20;12344;22;;;12352;18;12355;21;;;12349.0;0.0
yf_ZS=F_d9;55600;ASH_COATED_OSMIUM;10068;10;10064;20;;;10074;17;10078;20;;;10071.0;0.0
yf_ZS=F_d9;55600;INTARIAN_PEPPER_ROOT;12346;19;12344;21;;;12352;20;12354;18;;;12349.0;0.0
yf_ZS=F_d9;55700;ASH_COATED_OSMIUM;10065;12;10061;17;;;10075;10;10077;14;;;10070.0;0.0
yf_ZS=F_d9;55700;INTARIAN_PEPPER_ROOT;12346;7;12342;17;;;12352;17;12356;27;;;12349.0;0.0
yf_ZS=F_d9;55800;ASH_COATED_OSMIUM;10063;15;10059;16;;;10077;7;10080;17;;;10070.0;0.0
yf_ZS=F_d9;55800;INTARIAN_PEPPER_ROOT;12346;12;12343;21;;;12352;12;12354;24;;;12349.0;0.0
yf_ZS=F_d9;55900;ASH_COATED_OSMIUM;10066;8;10062;15;;;10076;14;10078;16;;;10071.0;0.0
yf_ZS=F_d9;55900;INTARIAN_PEPPER_ROOT;12347;14;12345;15;;;12353;13;12357;21;;;12350.0;0.0
yf_ZS=F_d9;56000;ASH_COATED_OSMIUM;10067;17;10063;22;;;10073;7;10076;16;;;10070.0;0.0
yf_ZS=F_d9;56000;INTARIAN_PEPPER_ROOT;12347;15;12345;16;;;12353;10;12356;22;;;12350.0;0.0
yf_ZS=F_d9;56100;ASH_COATED_OSMIUM;10067;18;10065;20;;;10074;18;10078;16;;;10070.5;0.0
yf_ZS=F_d9;56100;INTARIAN_PEPPER_ROOT;12347;14;12345;24;;;12353;12;12356;20;;;12350.0;0.0
yf_ZS=F_d9;56200;ASH_COATED_OSMIUM;10066;15;10064;23;;;10076;14;10080;14;;;10071.0;0.0
yf_ZS=F_d9;56200;INTARIAN_PEPPER_ROOT;12342;19;12338;10;;;12358;17;12362;16;;;12350.0;0.0
yf_ZS=F_d9;56300;ASH_COATED_OSMIUM;10067;8;10065;28;;;10073;10;10077;20;;;10070.0;0.0
yf_ZS=F_d9;56300;INTARIAN_PEPPER_ROOT;12347;18;12345;15;;;12353;6;12356;15;;;12350.0;0.0
yf_ZS=F_d9;56400;ASH_COATED_OSMIUM;10061;21;10058;28;;;10081;15;10084;23;;;10071.0;0.0
yf_ZS=F_d9;56400;INTARIAN_PEPPER_ROOT;12342;18;12338;13;;;12358;15;12360;9;;;12350.0;0.0
yf_ZS=F_d9;56500;ASH_COATED_OSMIUM;10059;20;10055;15;;;10081;20;10083;13;;;10070.0;0.0
yf_ZS=F_d9;56500;INTARIAN_PEPPER_ROOT;12336;20;12333;19;;;12364;28;12366;20;;;12350.0;0.0
yf_ZS=F_d9;56600;ASH_COATED_OSMIUM;10065;16;10062;20;;;10074;13;10077;24;;;10069.5;0.0
yf_ZS=F_d9;56600;INTARIAN_PEPPER_ROOT;12347;11;12344;20;;;12353;15;12355;21;;;12350.0;0.0
yf_ZS=F_d9;56700;ASH_COATED_OSMIUM;10067;8;10063;28;;;10074;14;10077;21;;;10070.5;0.0
