day;timestamp;product;bid_price_1;bid_volume_1;bid_price_2;bid_volume_2;bid_price_3;bid_volume_3;ask_price_1;ask_volume_1;ask_price_2;ask_volume_2;ask_price_3;ask_volume_3;mid_price;profit_and_loss
yf_ADM_d13;0;ASH_COATED_OSMIUM;9895;13;9892;21;;;9906;12;9909;18;;;9900.5;0.0
yf_ADM_d13;0;INTARIAN_PEPPER_ROOT;10960;18;10956;15;;;10968;16;10971;22;;;10964.0;0.0
yf_ADM_d13;100;ASH_COATED_OSMIUM;9897;17;9893;22;;;9903;7;9907;21;;;9900.0;0.0
yf_ADM_d13;100;INTARIAN_PEPPER_ROOT;10957;8;10955;19;;;10963;12;10966;21;;;10960.0;0.0
yf_ADM_d13;200;ASH_COATED_OSMIUM;9897;7;9895;17;;;9903;12;9906;23;;;9900.0;0.0
yf_ADM_d13;200;INTARIAN_PEPPER_ROOT;10951;14;10949;12;;;10957;13;10959;15;;;10954.0;0.0
yf_ADM_d13;300;ASH_COATED_OSMIUM;9897;20;9895;14;;;9905;15;9908;19;;;9901.0;0.0
yf_ADM_d13;300;INTARIAN_PEPPER_ROOT;10945;19;10943;24;;;10951;8;10954;11;;;10948.0;0.0
yf_ADM_d13;400;ASH_COATED_OSMIUM;9896;6;9893;19;;;9904;18;9908;17;;;9900.0;0.0
yf_ADM_d13;400;INTARIAN_PEPPER_ROOT;10937;8;10934;16;;;10950;13;10953;22;;;10943.5;0.0
yf_ADM_d13;500;ASH_COATED_OSMIUM;9897;19;9895;19;;;9903;22;9906;18;;;9900.0;0.0
yf_ADM_d13;500;INTARIAN_PEPPER_ROOT;10932;13;10928;14;;;10944;13;10946;12;;;10938.0;0.0
yf_ADM_d13;600;ASH_COATED_OSMIUM;9897;15;9894;23;;;9905;11;9909;25;;;9901.0;0.0
yf_ADM_d13;600;INTARIAN_PEPPER_ROOT;10926;13;10922;17;;;10940;9;10943;24;;;10933.0;0.0
yf_ADM_d13;700;ASH_COATED_OSMIUM;9893;18;9890;16;;;9908;19;9912;19;;;9900.5;0.0
yf_ADM_d13;700;INTARIAN_PEPPER_ROOT;10925;15;10921;26;;;10931;17;10935;14;;;10928.0;0.0
yf_ADM_d13;800;ASH_COATED_OSMIUM;9898;6;9896;13;;;9904;18;9908;23;;;9901.0;0.0
yf_ADM_d13;800;INTARIAN_PEPPER_ROOT;10914;12;10911;17;;;10932;5;10936;10;;;10923.0;0.0
yf_ADM_d13;900;ASH_COATED_OSMIUM;9893;13;9889;23;;;9908;13;9910;17;;;9900.5;0.0
yf_ADM_d13;900;INTARIAN_PEPPER_ROOT;10908;20;10904;24;;;10925;8;10927;20;;;10916.5;0.0
yf_ADM_d13;1000;ASH_COATED_OSMIUM;9898;18;9894;24;;;9904;20;9908;21;;;9901.0;0.0
yf_ADM_d13;1000;INTARIAN_PEPPER_ROOT;10907;14;10905;18;;;10917;11;10919;12;;;10912.0;0.0
yf_ADM_d13;1100;ASH_COATED_OSMIUM;9897;15;9895;18;;;9903;11;9907;19;;;9900.0;0.0
yf_ADM_d13;1100;INTARIAN_PEPPER_ROOT;10903;16;10900;21;;;10909;24;10911;18;;;10906.0;0.0
yf_ADM_d13;1200;ASH_COATED_OSMIUM;9887;18;9883;21;;;9914;14;9916;22;;;9900.5;0.0
yf_ADM_d13;1200;INTARIAN_PEPPER_ROOT;10898;5;10894;24;;;10904;10;10907;22;;;10901.0;0.0
yf_ADM_d13;1300;ASH_COATED_OSMIUM;9895;5;9892;16;;;9906;11;9910;18;;;9900.5;0.0
yf_ADM_d13;1300;INTARIAN_PEPPER_ROOT;10892;19;10888;19;;;10901;11;10905;20;;;10896.5;0.0
yf_ADM_d13;1400;ASH_COATED_OSMIUM;9897;21;9893;16;;;9904;16;9906;18;;;9900.5;0.0
yf_ADM_d13;1400;INTARIAN_PEPPER_ROOT;10888;11;10886;23;;;10894;10;10898;23;;;10891.0;0.0
yf_ADM_d13;1500;ASH_COATED_OSMIUM;9898;20;9896;16;;;9904;14;9906;15;;;9901.0;0.0
yf_ADM_d13;1500;INTARIAN_PEPPER_ROOT;10882;24;10879;18;;;10889;13;10893;31;;;10885.5;0.0
yf_ADM_d13;1600;ASH_COATED_OSMIUM;9894;12;9890;20;;;9908;18;9912;23;;;9901.0;0.0
yf_ADM_d13;1600;INTARIAN_PEPPER_ROOT;10877;24;10874;11;;;10883;11;10885;21;;;10880.0;0.0
yf_ADM_d13;1700;ASH_COATED_OSMIUM;9898;17;9894;29;;;9904;17;9908;11;;;9901.0;0.0
yf_ADM_d13;1700;INTARIAN_PEPPER_ROOT;10872;9;10869;21;;;10878;5;10882;15;;;10875.0;0.0
yf_ADM_d13;1800;ASH_COATED_OSMIUM;9898;17;9895;21;;;9904;18;9906;15;;;9901.0;0.0
yf_ADM_d13;1800;INTARIAN_PEPPER_ROOT;10864;10;10860;22;;;10874;15;10878;21;;;10869.0;0.0
yf_ADM_d13;1900;ASH_COATED_OSMIUM;9897;13;9894;18;;;9904;8;9907;14;;;9900.5;0.0
yf_ADM_d13;1900;INTARIAN_PEPPER_ROOT;10862;13;10859;13;;;10868;14;10871;15;;;10865.0;0.0
yf_ADM_d13;2000;ASH_COATED_OSMIUM;9898;9;9895;10;;;9904;7;9907;26;;;9901.0;0.0
yf_ADM_d13;2000;INTARIAN_PEPPER_ROOT;10855;9;10851;16;;;10861;7;10864;14;;;10858.0;0.0
yf_ADM_d13;2100;ASH_COATED_OSMIUM;9898;23;9896;23;;;9904;10;9908;16;;;9901.0;0.0
yf_ADM_d13;2100;INTARIAN_PEPPER_ROOT;10847;14;10845;17;;;10859;10;10861;22;;;10853.0;0.0
yf_ADM_d13;2200;ASH_COATED_OSMIUM;9898;14;9895;23;;;9904;13;9907;20;;;9901.0;0.0
yf_ADM_d13;2200;INTARIAN_PEPPER_ROOT;10846;18;10842;21;;;10852;10;10856;25;;;10849.0;0.0
yf_ADM_d13;2300;ASH_COATED_OSMIUM;9897;13;9895;20;;;9903;8;9906;14;;;9900.0;0.0
yf_ADM_d13;2300;INTARIAN_PEPPER_ROOT;10831;13;10829;23;;;10856;18;10860;14;;;10843.5;0.0
yf_ADM_d13;2400;ASH_COATED_OSMIUM;9897;12;9894;24;;;9905;15;9907;17;;;9901.0;0.0
yf_ADM_d13;2400;INTARIAN_PEPPER_ROOT;10831;6;10828;24;;;10846;9;10850;15;;;10838.5;0.0
yf_ADM_d13;2500;ASH_COATED_OSMIUM;9898;16;9894;17;;;9904;11;9906;29;;;9901.0;0.0
yf_ADM_d13;2500;INTARIAN_PEPPER_ROOT;10830;13;10827;18;;;10836;15;10839;26;;;10833.0;0.0
yf_ADM_d13;2600;ASH_COATED_OSMIUM;9891;16;9887;21;;;9909;12;9911;24;;;9900.0;0.0
yf_ADM_d13;2600;INTARIAN_PEPPER_ROOT;10824;10;10820;30;;;10830;19;10833;27;;;10827.0;0.0
yf_ADM_d13;2700;ASH_COATED_OSMIUM;9897;11;9894;14;;;9903;13;9905;13;;;9900.0;0.0
yf_ADM_d13;2700;INTARIAN_PEPPER_ROOT;10819;18;10815;17;;;10825;18;10827;17;;;10822.0;0.0
yf_ADM_d13;2800;ASH_COATED_OSMIUM;9898;12;9896;12;;;9904;13;9908;31;;;9901.0;0.0
yf_ADM_d13;2800;INTARIAN_PEPPER_ROOT;10813;15;10810;15;;;10819;11;10823;15;;;10816.0;0.0
yf_ADM_d13;2900;ASH_COATED_OSMIUM;9897;10;9895;15;;;9903;23;9905;18;;;9900.0;0.0
yf_ADM_d13;2900;INTARIAN_PEPPER_ROOT;10796;10;10794;13;;;10828;13;10832;18;;;10812.0;0.0
yf_ADM_d13;3000;ASH_COATED_OSMIUM;9898;16;9895;20;;;9904;15;9908;22;;;9901.0;0.0
yf_ADM_d13;3000;INTARIAN_PEPPER_ROOT;10803;9;10799;22;;;10809;16;10812;32;;;10806.0;0.0
yf_ADM_d13;3100;ASH_COATED_OSMIUM;9892;6;9888;17;;;9908;19;9912;14;;;9900.0;0.0
yf_ADM_d13;3100;INTARIAN_PEPPER_ROOT;10798;16;10796;18;;;10805;8;10807;23;;;10801.5;0.0
yf_ADM_d13;3200;ASH_COATED_OSMIUM;9898;8;9894;27;;;9904;15;9908;20;;;9901.0;0.0
yf_ADM_d13;3200;INTARIAN_PEPPER_ROOT;10792;11;10790;21;;;10798;14;10801;22;;;10795.0;0.0
yf_ADM_d13;3300;ASH_COATED_OSMIUM;9897;24;9893;26;;;9905;14;9907;21;;;9901.0;0.0
yf_ADM_d13;3300;INTARIAN_PEPPER_ROOT;10787;16;10785;17;;;10793;9;10797;13;;;10790.0;0.0
yf_ADM_d13;3400;ASH_COATED_OSMIUM;9897;20;9894;25;;;9904;13;9908;27;;;9900.5;0.0
yf_ADM_d13;3400;INTARIAN_PEPPER_ROOT;10780;5;10778;21;;;10789;5;10793;8;;;10784.5;0.0
yf_ADM_d13;3500;ASH_COATED_OSMIUM;9893;17;9889;19;;;9908;16;9912;26;;;9900.5;0.0
yf_ADM_d13;3500;INTARIAN_PEPPER_ROOT;10776;19;10772;25;;;10782;22;10785;21;;;10779.0;0.0
yf_ADM_d13;3600;ASH_COATED_OSMIUM;9897;19;9894;17;;;9903;5;9905;14;;;9900.0;0.0
yf_ADM_d13;3600;INTARIAN_PEPPER_ROOT;10771;14;10767;25;;;10777;5;10780;19;;;10774.0;0.0
yf_ADM_d13;3700;ASH_COATED_OSMIUM;9889;9;9886;16;;;9912;5;9914;26;;;9900.5;0.0
yf_ADM_d13;3700;INTARIAN_PEPPER_ROOT;10766;8;10763;14;;;10772;22;10775;8;;;10769.0;0.0
yf_ADM_d13;3800;ASH_COATED_OSMIUM;9895;5;9892;20;;;9906;12;9910;20;;;9900.5;0.0
yf_ADM_d13;3800;INTARIAN_PEPPER_ROOT;10760;19;10756;17;;;10766;23;10769;14;;;10763.0;0.0
yf_ADM_d13;3900;ASH_COATED_OSMIUM;9891;10;9887;8;;;9911;17;9913;24;;;9901.0;0.0
yf_ADM_d13;3900;INTARIAN_PEPPER_ROOT;10755;11;10752;18;;;10761;13;10764;18;;;10758.0;0.0
yf_ADM_d13;4000;ASH_COATED_OSMIUM;9898;16;9896;12;;;9904;12;9906;18;;;9901.0;0.0
yf_ADM_d13;4000;INTARIAN_PEPPER_ROOT;10750;17;10747;8;;;10756;14;10759;15;;;10753.0;0.0
yf_ADM_d13;4100;ASH_COATED_OSMIUM;9889;5;9885;20;;;9912;18;9915;20;;;9900.5;0.0
yf_ADM_d13;4100;INTARIAN_PEPPER_ROOT;10745;25;10742;17;;;10751;11;10755;25;;;10748.0;0.0
yf_ADM_d13;4200;ASH_COATED_OSMIUM;9898;21;9894;20;;;9905;8;9908;22;;;9901.5;0.0
yf_ADM_d13;4200;INTARIAN_PEPPER_ROOT;10740;19;10736;18;;;10746;14;10749;23;;;10743.0;0.0
yf_ADM_d13;4300;ASH_COATED_OSMIUM;9897;10;9894;21;;;9904;16;9906;21;;;9900.5;0.0
yf_ADM_d13;4300;INTARIAN_PEPPER_ROOT;10733;12;10730;17;;;10741;23;10743;15;;;10737.0;0.0
yf_ADM_d13;4400;ASH_COATED_OSMIUM;9898;24;9894;27;;;9904;16;9907;16;;;9901.0;0.0
yf_ADM_d13;4400;INTARIAN_PEPPER_ROOT;10728;13;10724;21;;;10734;24;10737;15;;;10731.0;0.0
yf_ADM_d13;4500;ASH_COATED_OSMIUM;9898;21;9895;15;;;9904;17;9906;17;;;9901.0;0.0
yf_ADM_d13;4500;INTARIAN_PEPPER_ROOT;10723;10;10719;8;;;10729;8;10733;17;;;10726.0;0.0
yf_ADM_d13;4600;ASH_COATED_OSMIUM;9894;20;9892;12;;;9909;22;9911;15;;;9901.5;0.0
yf_ADM_d13;4600;INTARIAN_PEPPER_ROOT;10715;18;10711;19;;;10729;16;10731;26;;;10722.0;0.0
yf_ADM_d13;4700;ASH_COATED_OSMIUM;9898;13;9894;18;;;9904;11;9906;16;;;9901.0;0.0
yf_ADM_d13;4700;INTARIAN_PEPPER_ROOT;10711;10;10709;23;;;10721;18;10725;19;;;10716.0;0.0
yf_ADM_d13;4800;ASH_COATED_OSMIUM;9893;13;9891;13;;;9908;16;9911;14;;;9900.5;0.0
yf_ADM_d13;4800;INTARIAN_PEPPER_ROOT;10708;16;10705;17;;;10714;19;10718;15;;;10711.0;0.0
yf_ADM_d13;4900;ASH_COATED_OSMIUM;9898;13;9896;21;;;9904;15;9907;18;;;9901.0;0.0
yf_ADM_d13;4900;INTARIAN_PEPPER_ROOT;10702;20;10700;25;;;10708;10;10712;20;;;10705.0;0.0
yf_ADM_d13;5000;ASH_COATED_OSMIUM;9898;12;9895;25;;;9904;15;9907;21;;;9901.0;0.0
yf_ADM_d13;5000;INTARIAN_PEPPER_ROOT;10691;22;10689;13;;;10709;16;10711;8;;;10700.0;0.0
yf_ADM_d13;5100;ASH_COATED_OSMIUM;9898;15;9896;22;;;9904;16;9908;25;;;9901.0;0.0
yf_ADM_d13;5100;INTARIAN_PEPPER_ROOT;10691;14;10689;11;;;10697;11;10701;19;;;10694.0;0.0
yf_ADM_d13;5200;ASH_COATED_OSMIUM;9898;21;9894;15;;;9904;9;9906;22;;;9901.0;0.0
yf_ADM_d13;5200;INTARIAN_PEPPER_ROOT;10681;16;10677;21;;;10697;22;10699;22;;;10689.0;0.0
yf_ADM_d13;5300;ASH_COATED_OSMIUM;9898;13;9894;21;;;9904;18;9907;11;;;9901.0;0.0
yf_ADM_d13;5300;INTARIAN_PEPPER_ROOT;10680;20;10676;24;;;10688;15;10690;26;;;10684.0;0.0
yf_ADM_d13;5400;ASH_COATED_OSMIUM;9898;7;9894;19;;;9904;13;9908;11;;;9901.0;0.0
yf_ADM_d13;5400;INTARIAN_PEPPER_ROOT;10667;20;10664;24;;;10691;16;10695;15;;;10679.0;0.0
yf_ADM_d13;5500;ASH_COATED_OSMIUM;9899;11;9895;12;;;9905;7;9908;16;;;9902.0;0.0
yf_ADM_d13;5500;INTARIAN_PEPPER_ROOT;10669;11;10667;16;;;10677;22;10679;10;;;10673.0;0.0
yf_ADM_d13;5600;ASH_COATED_OSMIUM;9894;13;9890;20;;;9907;14;9911;22;;;9900.5;0.0
yf_ADM_d13;5600;INTARIAN_PEPPER_ROOT;10665;12;10661;21;;;10671;15;10674;21;;;10668.0;0.0
yf_ADM_d13;5700;ASH_COATED_OSMIUM;9898;15;9895;16;;;9904;12;9906;20;;;9901.0;0.0
yf_ADM_d13;5700;INTARIAN_PEPPER_ROOT;10660;15;10658;10;;;10666;14;10669;21;;;10663.0;0.0
yf_ADM_d13;5800;ASH_COATED_OSMIUM;9898;5;9896;16;;;9904;15;9906;17;;;9901.0;0.0
yf_ADM_d13;5800;INTARIAN_PEPPER_ROOT;10654;11;10650;18;;;10660;12;10664;19;;;10657.0;0.0
yf_ADM_d13;5900;ASH_COATED_OSMIUM;9898;20;9896;8;;;9904;18;9907;24;;;9901.0;0.0
yf_ADM_d13;5900;INTARIAN_PEPPER_ROOT;10649;10;10647;17;;;10655;19;10657;16;;;10652.0;0.0
yf_ADM_d13;6000;ASH_COATED_OSMIUM;9890;10;9887;25;;;9912;7;9916;22;;;9901.0;0.0
yf_ADM_d13;6000;INTARIAN_PEPPER_ROOT;10643;12;10640;19;;;10649;15;10653;22;;;10646.0;0.0
yf_ADM_d13;6100;ASH_COATED_OSMIUM;9894;20;9890;12;;;9908;15;9911;19;;;9901.0;0.0
yf_ADM_d13;6100;INTARIAN_PEPPER_ROOT;10635;17;10631;21;;;10648;17;10650;27;;;10641.5;0.0
yf_ADM_d13;6200;ASH_COATED_OSMIUM;9898;21;9895;19;;;9904;12;9908;22;;;9901.0;0.0
yf_ADM_d13;6200;INTARIAN_PEPPER_ROOT;10633;15;10630;11;;;10639;6;10643;20;;;10636.0;0.0
yf_ADM_d13;6300;ASH_COATED_OSMIUM;9895;18;9891;25;;;9907;8;9911;26;;;9901.0;0.0
yf_ADM_d13;6300;INTARIAN_PEPPER_ROOT;10628;13;10625;14;;;10634;18;10636;24;;;10631.0;0.0
yf_ADM_d13;6400;ASH_COATED_OSMIUM;9898;19;9896;14;;;9904;17;9908;17;;;9901.0;0.0
yf_ADM_d13;6400;INTARIAN_PEPPER_ROOT;10623;15;10619;16;;;10629;17;10633;24;;;10626.0;0.0
yf_ADM_d13;6500;ASH_COATED_OSMIUM;9898;15;9896;26;;;9904;14;9907;24;;;9901.0;0.0
yf_ADM_d13;6500;INTARIAN_PEPPER_ROOT;10608;18;10606;17;;;10634;13;10638;20;;;10621.0;0.0
yf_ADM_d13;6600;ASH_COATED_OSMIUM;9898;6;9894;23;;;9905;17;9908;28;;;9901.5;0.0
yf_ADM_d13;6600;INTARIAN_PEPPER_ROOT;10596;19;10594;26;;;10633;15;10636;21;;;10614.5;0.0
yf_ADM_d13;6700;ASH_COATED_OSMIUM;9893;15;9891;24;;;9909;18;9912;25;;;9901.0;0.0
yf_ADM_d13;6700;INTARIAN_PEPPER_ROOT;10607;16;10604;23;;;10613;23;10617;26;;;10610.0;0.0
yf_ADM_d13;6800;ASH_COATED_OSMIUM;9898;16;9896;22;;;9904;12;9908;21;;;9901.0;0.0
yf_ADM_d13;6800;INTARIAN_PEPPER_ROOT;10600;10;10597;24;;;10610;9;10613;21;;;10605.0;0.0
yf_ADM_d13;6900;ASH_COATED_OSMIUM;9897;11;9895;17;;;9905;16;9908;15;;;9901.0;0.0
yf_ADM_d13;6900;INTARIAN_PEPPER_ROOT;10596;12;10592;11;;;10602;17;10605;19;;;10599.0;0.0
yf_ADM_d13;7000;ASH_COATED_OSMIUM;9896;17;9893;21;;;9905;14;9907;24;;;9900.5;0.0
yf_ADM_d13;7000;INTARIAN_PEPPER_ROOT;10586;14;10582;20;;;10602;9;10605;17;;;10594.0;0.0
yf_ADM_d13;7100;ASH_COATED_OSMIUM;9898;13;9894;18;;;9904;12;9906;18;;;9901.0;0.0
yf_ADM_d13;7100;INTARIAN_PEPPER_ROOT;10586;16;10583;18;;;10592;6;10596;17;;;10589.0;0.0
yf_ADM_d13;7200;ASH_COATED_OSMIUM;9888;15;9885;21;;;9915;18;9919;24;;;9901.5;0.0
yf_ADM_d13;7200;INTARIAN_PEPPER_ROOT;10580;16;10578;13;;;10586;12;10590;21;;;10583.0;0.0
yf_ADM_d13;7300;ASH_COATED_OSMIUM;9891;13;9889;19;;;9912;12;9916;23;;;9901.5;0.0
yf_ADM_d13;7300;INTARIAN_PEPPER_ROOT;10575;16;10572;20;;;10581;15;10583;21;;;10578.0;0.0
yf_ADM_d13;7400;ASH_COATED_OSMIUM;9898;15;9894;22;;;9904;9;9906;22;;;9901.0;0.0
yf_ADM_d13;7400;INTARIAN_PEPPER_ROOT;10565;10;10563;18;;;10580;13;10582;12;;;10572.5;0.0
yf_ADM_d13;7500;ASH_COATED_OSMIUM;9898;14;9896;18;;;9904;12;9907;21;;;9901.0;0.0
yf_ADM_d13;7500;INTARIAN_PEPPER_ROOT;10530;12;10528;20;;;10605;18;10607;18;;;10567.5;0.0
yf_ADM_d13;7600;ASH_COATED_OSMIUM;9897;15;9894;10;;;9904;16;9908;21;;;9900.5;0.0
yf_ADM_d13;7600;INTARIAN_PEPPER_ROOT;10557;14;10554;17;;;10568;21;10571;22;;;10562.5;0.0
yf_ADM_d13;7700;ASH_COATED_OSMIUM;9897;13;9893;20;;;9905;27;9907;12;;;9901.0;0.0
yf_ADM_d13;7700;INTARIAN_PEPPER_ROOT;10554;16;10550;21;;;10560;15;10563;21;;;10557.0;0.0
yf_ADM_d13;7800;ASH_COATED_OSMIUM;9897;15;9894;34;;;9906;14;9910;21;;;9901.5;0.0
yf_ADM_d13;7800;INTARIAN_PEPPER_ROOT;10549;23;10547;14;;;10555;6;10559;16;;;10552.0;0.0
yf_ADM_d13;7900;ASH_COATED_OSMIUM;9894;15;9891;17;;;9907;9;9909;19;;;9900.5;0.0
yf_ADM_d13;7900;INTARIAN_PEPPER_ROOT;10544;19;10540;26;;;10550;10;10554;25;;;10547.0;0.0
yf_ADM_d13;8000;ASH_COATED_OSMIUM;9898;18;9895;23;;;9904;6;9906;12;;;9901.0;0.0
yf_ADM_d13;8000;INTARIAN_PEPPER_ROOT;10535;14;10533;24;;;10547;7;10549;21;;;10541.0;0.0
yf_ADM_d13;8100;ASH_COATED_OSMIUM;9898;10;9894;15;;;9904;13;9908;19;;;9901.0;0.0
yf_ADM_d13;8100;INTARIAN_PEPPER_ROOT;10526;12;10523;22;;;10545;14;10548;26;;;10535.5;0.0
yf_ADM_d13;8200;ASH_COATED_OSMIUM;9885;10;9883;15;;;9917;19;9919;25;;;9901.0;0.0
yf_ADM_d13;8200;INTARIAN_PEPPER_ROOT;10528;19;10525;16;;;10534;5;10537;18;;;10531.0;0.0
yf_ADM_d13;8300;ASH_COATED_OSMIUM;9898;23;9895;21;;;9904;12;9906;14;;;9901.0;0.0
yf_ADM_d13;8300;INTARIAN_PEPPER_ROOT;10517;13;10515;15;;;10533;16;10535;13;;;10525.0;0.0
yf_ADM_d13;8400;ASH_COATED_OSMIUM;9898;25;9895;20;;;9905;19;9907;21;;;9901.5;0.0
yf_ADM_d13;8400;INTARIAN_PEPPER_ROOT;10517;16;10514;19;;;10523;20;10527;18;;;10520.0;0.0
yf_ADM_d13;8500;ASH_COATED_OSMIUM;9898;13;9895;23;;;9904;5;9908;23;;;9901.0;0.0
yf_ADM_d13;8500;INTARIAN_PEPPER_ROOT;10512;14;10509;21;;;10518;19;10520;19;;;10515.0;0.0
yf_ADM_d13;8600;ASH_COATED_OSMIUM;9898;12;9895;23;;;9904;23;9907;16;;;9901.0;0.0
yf_ADM_d13;8600;INTARIAN_PEPPER_ROOT;10500;11;10496;19;;;10519;8;10522;21;;;10509.5;0.0
yf_ADM_d13;8700;ASH_COATED_OSMIUM;9893;16;9891;23;;;9910;12;9912;26;;;9901.5;0.0
yf_ADM_d13;8700;INTARIAN_PEPPER_ROOT;10500;7;10497;20;;;10508;13;10512;20;;;10504.0;0.0
yf_ADM_d13;8800;ASH_COATED_OSMIUM;9898;14;9896;29;;;9904;6;9907;28;;;9901.0;0.0
yf_ADM_d13;8800;INTARIAN_PEPPER_ROOT;10488;12;10486;12;;;10511;15;10515;23;;;10499.5;0.0
yf_ADM_d13;8900;ASH_COATED_OSMIUM;9898;20;9894;22;;;9904;14;9908;14;;;9901.0;0.0
yf_ADM_d13;8900;INTARIAN_PEPPER_ROOT;10490;19;10487;15;;;10496;16;10499;14;;;10493.0;0.0
yf_ADM_d13;9000;ASH_COATED_OSMIUM;9899;24;9895;16;;;9905;11;9909;25;;;9902.0;0.0
yf_ADM_d13;9000;INTARIAN_PEPPER_ROOT;10485;16;10483;13;;;10491;11;10493;18;;;10488.0;0.0
yf_ADM_d13;9100;ASH_COATED_OSMIUM;9899;19;9897;19;;;9905;16;9907;14;;;9902.0;0.0
yf_ADM_d13;9100;INTARIAN_PEPPER_ROOT;10479;8;10475;24;;;10485;5;10487;17;;;10482.0;0.0
yf_ADM_d13;9200;ASH_COATED_OSMIUM;9898;11;9895;23;;;9904;25;9906;17;;;9901.0;0.0
yf_ADM_d13;9200;INTARIAN_PEPPER_ROOT;10475;15;10472;24;;;10481;21;10483;22;;;10478.0;0.0
yf_ADM_d13;9300;ASH_COATED_OSMIUM;9896;22;9892;18;;;9905;16;9907;21;;;9900.5;0.0
yf_ADM_d13;9300;INTARIAN_PEPPER_ROOT;10468;12;10466;15;;;10474;20;10476;15;;;10471.0;0.0
yf_ADM_d13;9400;ASH_COATED_OSMIUM;9894;24;9891;14;;;9907;12;9911;14;;;9900.5;0.0
yf_ADM_d13;9400;INTARIAN_PEPPER_ROOT;10464;17;10461;23;;;10470;18;10474;25;;;10467.0;0.0
yf_ADM_d13;9500;ASH_COATED_OSMIUM;9896;18;9893;18;;;9907;12;9910;15;;;9901.5;0.0
yf_ADM_d13;9500;INTARIAN_PEPPER_ROOT;10458;7;10454;20;;;10465;17;10467;17;;;10461.5;0.0
yf_ADM_d13;9600;ASH_COATED_OSMIUM;9898;9;9896;17;;;9904;9;9907;16;;;9901.0;0.0
yf_ADM_d13;9600;INTARIAN_PEPPER_ROOT;10453;17;10449;19;;;10459;23;10462;24;;;10456.0;0.0
yf_ADM_d13;9700;ASH_COATED_OSMIUM;9898;18;9894;24;;;9904;21;9906;11;;;9901.0;0.0
yf_ADM_d13;9700;INTARIAN_PEPPER_ROOT;10444;5;10440;11;;;10458;12;10460;20;;;10451.0;0.0
yf_ADM_d13;9800;ASH_COATED_OSMIUM;9898;13;9896;17;;;9904;15;9906;13;;;9901.0;0.0
yf_ADM_d13;9800;INTARIAN_PEPPER_ROOT;10438;20;10435;27;;;10454;21;10456;20;;;10446.0;0.0
yf_ADM_d13;9900;ASH_COATED_OSMIUM;9898;12;9895;21;;;9906;20;9910;17;;;9902.0;0.0
yf_ADM_d13;9900;INTARIAN_PEPPER_ROOT;10437;22;10435;22;;;10443;17;10447;13;;;10440.0;0.0
yf_ADM_d13;10000;ASH_COATED_OSMIUM;9898;22;9896;21;;;9904;13;9908;32;;;9901.0;0.0
yf_ADM_d13;10000;INTARIAN_PEPPER_ROOT;10427;13;10425;19;;;10444;19;10446;18;;;10435.5;0.0
yf_ADM_d13;10100;ASH_COATED_OSMIUM;9898;20;9894;14;;;9904;10;9907;13;;;9901.0;0.0
yf_ADM_d13;10100;INTARIAN_PEPPER_ROOT;10427;14;10424;19;;;10433;16;10436;16;;;10430.0;0.0
yf_ADM_d13;10200;ASH_COATED_OSMIUM;9898;13;9895;17;;;9904;18;9906;15;;;9901.0;0.0
yf_ADM_d13;10200;INTARIAN_PEPPER_ROOT;10418;11;10416;23;;;10431;12;10435;21;;;10424.5;0.0
yf_ADM_d13;10300;ASH_COATED_OSMIUM;9897;18;9894;10;;;9905;18;9909;17;;;9901.0;0.0
yf_ADM_d13;10300;INTARIAN_PEPPER_ROOT;10411;26;10408;28;;;10428;8;10430;22;;;10419.5;0.0
yf_ADM_d13;10400;ASH_COATED_OSMIUM;9896;19;9892;23;;;9908;11;9910;21;;;9902.0;0.0
yf_ADM_d13;10400;INTARIAN_PEPPER_ROOT;10409;10;10406;25;;;10418;18;10422;23;;;10413.5;0.0
yf_ADM_d13;10500;ASH_COATED_OSMIUM;9894;19;9890;19;;;9909;16;9911;21;;;9901.5;0.0
yf_ADM_d13;10500;INTARIAN_PEPPER_ROOT;10405;10;10401;21;;;10411;10;10413;28;;;10408.0;0.0
yf_ADM_d13;10600;ASH_COATED_OSMIUM;9899;12;9895;11;;;9905;9;9909;19;;;9902.0;0.0
yf_ADM_d13;10600;INTARIAN_PEPPER_ROOT;10399;18;10396;23;;;10408;11;10412;19;;;10403.5;0.0
yf_ADM_d13;10700;ASH_COATED_OSMIUM;9898;12;9894;23;;;9904;10;9908;17;;;9901.0;0.0
yf_ADM_d13;10700;INTARIAN_PEPPER_ROOT;10395;21;10391;20;;;10401;11;10405;29;;;10398.0;0.0
yf_ADM_d13;10800;ASH_COATED_OSMIUM;9895;19;9892;25;;;9908;14;9910;24;;;9901.5;0.0
yf_ADM_d13;10800;INTARIAN_PEPPER_ROOT;10388;13;10384;22;;;10397;12;10401;20;;;10392.5;0.0
yf_ADM_d13;10900;ASH_COATED_OSMIUM;9896;14;9893;20;;;9906;14;9910;10;;;9901.0;0.0
yf_ADM_d13;10900;INTARIAN_PEPPER_ROOT;10385;21;10381;20;;;10391;18;10393;25;;;10388.0;0.0
yf_ADM_d13;11000;ASH_COATED_OSMIUM;9898;23;9896;8;;;9904;24;9908;18;;;9901.0;0.0
yf_ADM_d13;11000;INTARIAN_PEPPER_ROOT;10379;12;10377;21;;;10385;8;10388;26;;;10382.0;0.0
yf_ADM_d13;11100;ASH_COATED_OSMIUM;9898;13;9895;17;;;9904;16;9908;21;;;9901.0;0.0
yf_ADM_d13;11100;INTARIAN_PEPPER_ROOT;10373;17;10370;19;;;10380;10;10382;14;;;10376.5;0.0
yf_ADM_d13;11200;ASH_COATED_OSMIUM;9898;13;9894;12;;;9904;17;9906;23;;;9901.0;0.0
yf_ADM_d13;11200;INTARIAN_PEPPER_ROOT;10369;17;10366;9;;;10375;16;10378;21;;;10372.0;0.0
yf_ADM_d13;11300;ASH_COATED_OSMIUM;9895;7;9891;14;;;9907;12;9911;21;;;9901.0;0.0
yf_ADM_d13;11300;INTARIAN_PEPPER_ROOT;10363;18;10361;13;;;10369;14;10372;15;;;10366.0;0.0
yf_ADM_d13;11400;ASH_COATED_OSMIUM;9898;21;9895;17;;;9904;16;9908;20;;;9901.0;0.0
yf_ADM_d13;11400;INTARIAN_PEPPER_ROOT;10358;15;10354;23;;;10364;18;10367;19;;;10361.0;0.0
yf_ADM_d13;11500;ASH_COATED_OSMIUM;9897;18;9894;19;;;9907;17;9909;27;;;9902.0;0.0
yf_ADM_d13;11500;INTARIAN_PEPPER_ROOT;10353;8;10351;29;;;10359;12;10361;24;;;10356.0;0.0
yf_ADM_d13;11600;ASH_COATED_OSMIUM;9898;17;9894;11;;;9905;16;9908;18;;;9901.5;0.0
yf_ADM_d13;11600;INTARIAN_PEPPER_ROOT;10347;18;10344;23;;;10353;5;10357;26;;;10350.0;0.0
yf_ADM_d13;11700;ASH_COATED_OSMIUM;9898;6;9894;19;;;9904;12;9906;17;;;9901.0;0.0
yf_ADM_d13;11700;INTARIAN_PEPPER_ROOT;10342;10;10338;21;;;10348;14;10350;10;;;10345.0;0.0
yf_ADM_d13;11800;ASH_COATED_OSMIUM;9899;16;9895;14;;;9905;15;9907;22;;;9902.0;0.0
yf_ADM_d13;11800;INTARIAN_PEPPER_ROOT;10334;13;10331;23;;;10346;13;10348;23;;;10340.0;0.0
yf_ADM_d13;11900;ASH_COATED_OSMIUM;9899;18;9897;11;;;9905;13;9908;18;;;9902.0;0.0
yf_ADM_d13;11900;INTARIAN_PEPPER_ROOT;10331;13;10327;18;;;10337;14;10341;19;;;10334.0;0.0
yf_ADM_d13;12000;ASH_COATED_OSMIUM;9899;20;9896;14;;;9905;13;9908;15;;;9902.0;0.0
yf_ADM_d13;12000;INTARIAN_PEPPER_ROOT;10322;20;10320;26;;;10337;10;10339;17;;;10329.5;0.0
yf_ADM_d13;12100;ASH_COATED_OSMIUM;9884;15;9882;17;;;9920;13;9924;22;;;9902.0;0.0
yf_ADM_d13;12100;INTARIAN_PEPPER_ROOT;10321;14;10319;14;;;10327;22;10330;20;;;10324.0;0.0
yf_ADM_d13;12200;ASH_COATED_OSMIUM;9898;11;9894;17;;;9906;12;9910;26;;;9902.0;0.0
yf_ADM_d13;12200;INTARIAN_PEPPER_ROOT;10315;13;10312;24;;;10321;11;10325;12;;;10318.0;0.0
yf_ADM_d13;12300;ASH_COATED_OSMIUM;9898;15;9895;19;;;9904;23;9908;22;;;9901.0;0.0
yf_ADM_d13;12300;INTARIAN_PEPPER_ROOT;10310;21;10308;22;;;10318;16;10322;19;;;10314.0;0.0
yf_ADM_d13;12400;ASH_COATED_OSMIUM;9899;11;9896;19;;;9905;10;9908;18;;;9902.0;0.0
yf_ADM_d13;12400;INTARIAN_PEPPER_ROOT;10299;23;10297;19;;;10316;9;10318;22;;;10307.5;0.0
yf_ADM_d13;12500;ASH_COATED_OSMIUM;9896;21;9894;18;;;9906;15;9910;15;;;9901.0;0.0
yf_ADM_d13;12500;INTARIAN_PEPPER_ROOT;10299;10;10296;30;;;10305;25;10308;15;;;10302.0;0.0
yf_ADM_d13;12600;ASH_COATED_OSMIUM;9899;14;9895;17;;;9905;15;9909;20;;;9902.0;0.0
yf_ADM_d13;12600;INTARIAN_PEPPER_ROOT;10295;14;10291;8;;;10301;17;10303;22;;;10298.0;0.0
yf_ADM_d13;12700;ASH_COATED_OSMIUM;9899;15;9895;15;;;9905;18;9909;20;;;9902.0;0.0
yf_ADM_d13;12700;INTARIAN_PEPPER_ROOT;10290;13;10288;17;;;10296;19;10300;20;;;10293.0;0.0
yf_ADM_d13;12800;ASH_COATED_OSMIUM;9899;13;9897;20;;;9905;11;9908;25;;;9902.0;0.0
yf_ADM_d13;12800;INTARIAN_PEPPER_ROOT;10284;13;10282;9;;;10290;15;10294;29;;;10287.0;0.0
yf_ADM_d13;12900;ASH_COATED_OSMIUM;9899;18;9896;20;;;9905;9;9907;16;;;9902.0;0.0
yf_ADM_d13;12900;INTARIAN_PEPPER_ROOT;10278;7;10275;22;;;10287;11;10289;14;;;10282.5;0.0
yf_ADM_d13;13000;ASH_COATED_OSMIUM;9898;20;9896;27;;;9904;24;9906;14;;;9901.0;0.0
yf_ADM_d13;13000;INTARIAN_PEPPER_ROOT;10271;12;10269;24;;;10281;11;10284;17;;;10276.0;0.0
yf_ADM_d13;13100;ASH_COATED_OSMIUM;9899;18;9897;22;;;9905;21;9908;23;;;9902.0;0.0
yf_ADM_d13;13100;INTARIAN_PEPPER_ROOT;10253;18;10249;8;;;10289;8;10293;24;;;10271.0;0.0
yf_ADM_d13;13200;ASH_COATED_OSMIUM;9899;6;9895;15;;;9905;12;9908;25;;;9902.0;0.0
yf_ADM_d13;13200;INTARIAN_PEPPER_ROOT;10263;8;10261;29;;;10269;17;10272;16;;;10266.0;0.0
yf_ADM_d13;13300;ASH_COATED_OSMIUM;9899;11;9895;20;;;9905;13;9908;15;;;9902.0;0.0
yf_ADM_d13;13300;INTARIAN_PEPPER_ROOT;10258;16;10254;19;;;10264;11;10268;12;;;10261.0;0.0
yf_ADM_d13;13400;ASH_COATED_OSMIUM;9899;18;9897;19;;;9905;12;9907;22;;;9902.0;0.0
yf_ADM_d13;13400;INTARIAN_PEPPER_ROOT;10232;15;10230;22;;;10278;23;10281;20;;;10255.0;0.0
yf_ADM_d13;13500;ASH_COATED_OSMIUM;9899;22;9895;17;;;9905;8;9909;30;;;9902.0;0.0
yf_ADM_d13;13500;INTARIAN_PEPPER_ROOT;10246;15;10242;20;;;10252;18;10256;21;;;10249.0;0.0
yf_ADM_d13;13600;ASH_COATED_OSMIUM;9898;19;9894;12;;;9906;16;9909;12;;;9902.0;0.0
yf_ADM_d13;13600;INTARIAN_PEPPER_ROOT;10242;15;10238;18;;;10248;14;10252;22;;;10245.0;0.0
yf_ADM_d13;13700;ASH_COATED_OSMIUM;9899;16;9895;18;;;9905;21;9908;20;;;9902.0;0.0
yf_ADM_d13;13700;INTARIAN_PEPPER_ROOT;10236;5;10234;21;;;10242;15;10246;12;;;10239.0;0.0
yf_ADM_d13;13800;ASH_COATED_OSMIUM;9896;15;9894;20;;;9908;16;9911;15;;;9902.0;0.0
yf_ADM_d13;13800;INTARIAN_PEPPER_ROOT;10230;11;10228;23;;;10239;21;10242;24;;;10234.5;0.0
yf_ADM_d13;13900;ASH_COATED_OSMIUM;9899;14;9897;18;;;9905;5;9908;20;;;9902.0;0.0
yf_ADM_d13;13900;INTARIAN_PEPPER_ROOT;10226;7;10224;21;;;10232;19;10234;21;;;10229.0;0.0
yf_ADM_d13;14000;ASH_COATED_OSMIUM;9899;10;9896;24;;;9905;6;9907;24;;;9902.0;0.0
yf_ADM_d13;14000;INTARIAN_PEPPER_ROOT;10220;15;10216;17;;;10226;10;10228;20;;;10223.0;0.0
yf_ADM_d13;14100;ASH_COATED_OSMIUM;9899;9;9896;23;;;9905;19;9908;24;;;9902.0;0.0
yf_ADM_d13;14100;INTARIAN_PEPPER_ROOT;10213;16;10210;19;;;10224;16;10227;9;;;10218.5;0.0
yf_ADM_d13;14200;ASH_COATED_OSMIUM;9899;16;9895;25;;;9905;19;9909;22;;;9902.0;0.0
yf_ADM_d13;14200;INTARIAN_PEPPER_ROOT;10209;10;10205;18;;;10215;17;10218;17;;;10212.0;0.0
yf_ADM_d13;14300;ASH_COATED_OSMIUM;9888;14;9884;21;;;9915;16;9918;23;;;9901.5;0.0
yf_ADM_d13;14300;INTARIAN_PEPPER_ROOT;10204;7;10201;10;;;10212;18;10215;14;;;10208.0;0.0
yf_ADM_d13;14400;ASH_COATED_OSMIUM;9895;12;9893;24;;;9907;11;9910;22;;;9901.0;0.0
yf_ADM_d13;14400;INTARIAN_PEPPER_ROOT;10198;12;10195;19;;;10206;5;10209;18;;;10202.0;0.0
yf_ADM_d13;14500;ASH_COATED_OSMIUM;9899;16;9896;26;;;9905;20;9909;17;;;9902.0;0.0
yf_ADM_d13;14500;INTARIAN_PEPPER_ROOT;10192;10;10188;25;;;10202;22;10206;22;;;10197.0;0.0
yf_ADM_d13;14600;ASH_COATED_OSMIUM;9898;19;9894;13;;;9904;9;9908;18;;;9901.0;0.0
yf_ADM_d13;14600;INTARIAN_PEPPER_ROOT;10185;12;10181;18;;;10198;15;10202;24;;;10191.5;0.0
yf_ADM_d13;14700;ASH_COATED_OSMIUM;9899;18;9896;29;;;9905;16;9909;15;;;9902.0;0.0
yf_ADM_d13;14700;INTARIAN_PEPPER_ROOT;10183;17;10179;16;;;10190;15;10192;15;;;10186.5;0.0
yf_ADM_d13;14800;ASH_COATED_OSMIUM;9899;19;9896;14;;;9905;12;9908;13;;;9902.0;0.0
yf_ADM_d13;14800;INTARIAN_PEPPER_ROOT;10178;11;10176;17;;;10184;19;10187;26;;;10181.0;0.0
yf_ADM_d13;14900;ASH_COATED_OSMIUM;9899;17;9895;8;;;9905;17;9909;23;;;9902.0;0.0
yf_ADM_d13;14900;INTARIAN_PEPPER_ROOT;10167;19;10164;24;;;10186;14;10188;10;;;10176.5;0.0
yf_ADM_d13;15000;ASH_COATED_OSMIUM;9899;17;9897;19;;;9907;9;9910;16;;;9903.0;0.0
yf_ADM_d13;15000;INTARIAN_PEPPER_ROOT;10165;8;10162;29;;;10176;22;10178;20;;;10170.5;0.0
yf_ADM_d13;15100;ASH_COATED_OSMIUM;9889;19;9885;19;;;9914;18;9916;16;;;9901.5;0.0
yf_ADM_d13;15100;INTARIAN_PEPPER_ROOT;10162;12;10160;21;;;10168;11;10171;24;;;10165.0;0.0
yf_ADM_d13;15200;ASH_COATED_OSMIUM;9895;12;9892;24;;;9909;23;9913;22;;;9902.0;0.0
yf_ADM_d13;15200;INTARIAN_PEPPER_ROOT;10155;17;10152;12;;;10163;13;10167;26;;;10159.0;0.0
yf_ADM_d13;15300;ASH_COATED_OSMIUM;9899;13;9897;15;;;9905;8;9908;26;;;9902.0;0.0
yf_ADM_d13;15300;INTARIAN_PEPPER_ROOT;10150;7;10146;12;;;10160;18;10163;24;;;10155.0;0.0
yf_ADM_d13;15400;ASH_COATED_OSMIUM;9899;8;9896;26;;;9905;13;9907;15;;;9902.0;0.0
yf_ADM_d13;15400;INTARIAN_PEPPER_ROOT;10146;18;10144;22;;;10153;21;10157;18;;;10149.5;0.0
yf_ADM_d13;15500;ASH_COATED_OSMIUM;9899;22;9897;30;;;9905;13;9909;20;;;9902.0;0.0
yf_ADM_d13;15500;INTARIAN_PEPPER_ROOT;10141;18;10139;13;;;10147;6;10149;21;;;10144.0;0.0
yf_ADM_d13;15600;ASH_COATED_OSMIUM;9897;17;9894;17;;;9906;8;9909;15;;;9901.5;0.0
yf_ADM_d13;15600;INTARIAN_PEPPER_ROOT;10131;11;10127;21;;;10147;24;10150;21;;;10139.0;0.0
yf_ADM_d13;15700;ASH_COATED_OSMIUM;9886;15;9884;23;;;9917;11;9919;13;;;9901.5;0.0
yf_ADM_d13;15700;INTARIAN_PEPPER_ROOT;10130;19;10126;19;;;10136;15;10138;18;;;10133.0;0.0
yf_ADM_d13;15800;ASH_COATED_OSMIUM;9899;21;9896;19;;;9905;21;9908;27;;;9902.0;0.0
yf_ADM_d13;15800;INTARIAN_PEPPER_ROOT;10121;24;10118;26;;;10135;17;10137;20;;;10128.0;0.0
yf_ADM_d13;15900;ASH_COATED_OSMIUM;9895;20;9892;13;;;9909;18;9911;13;;;9902.0;0.0
yf_ADM_d13;15900;INTARIAN_PEPPER_ROOT;10099;16;10095;20;;;10145;12;10147;16;;;10122.0;0.0
yf_ADM_d13;16000;ASH_COATED_OSMIUM;9899;9;9896;16;;;9905;8;9908;27;;;9902.0;0.0
yf_ADM_d13;16000;INTARIAN_PEPPER_ROOT;10112;7;10110;13;;;10123;9;10126;19;;;10117.5;0.0
yf_ADM_d13;16100;ASH_COATED_OSMIUM;9887;12;9883;25;;;9916;5;9918;24;;;9901.5;0.0
yf_ADM_d13;16100;INTARIAN_PEPPER_ROOT;10105;18;10103;19;;;10120;19;10123;21;;;10112.5;0.0
yf_ADM_d13;16200;ASH_COATED_OSMIUM;9899;11;9896;17;;;9905;14;9908;24;;;9902.0;0.0
yf_ADM_d13;16200;INTARIAN_PEPPER_ROOT;10097;14;10094;17;;;10116;13;10120;19;;;10106.5;0.0
yf_ADM_d13;16300;ASH_COATED_OSMIUM;9899;15;9895;24;;;9906;27;9909;26;;;9902.5;0.0
yf_ADM_d13;16300;INTARIAN_PEPPER_ROOT;10099;18;10097;13;;;10105;15;10108;20;;;10102.0;0.0
yf_ADM_d13;16400;ASH_COATED_OSMIUM;9894;13;9891;18;;;9909;17;9913;20;;;9901.5;0.0
yf_ADM_d13;16400;INTARIAN_PEPPER_ROOT;10087;11;10084;22;;;10105;19;10109;17;;;10096.0;0.0
yf_ADM_d13;16500;ASH_COATED_OSMIUM;9898;9;9894;23;;;9908;16;9910;24;;;9903.0;0.0
yf_ADM_d13;16500;INTARIAN_PEPPER_ROOT;10088;6;10086;8;;;10094;5;10096;20;;;10091.0;0.0
yf_ADM_d13;16600;ASH_COATED_OSMIUM;9899;18;9896;21;;;9905;14;9909;16;;;9902.0;0.0
yf_ADM_d13;16600;INTARIAN_PEPPER_ROOT;10082;16;10079;21;;;10088;16;10091;17;;;10085.0;0.0
yf_ADM_d13;16700;ASH_COATED_OSMIUM;9897;10;9893;23;;;9906;19;9909;20;;;9901.5;0.0
yf_ADM_d13;16700;INTARIAN_PEPPER_ROOT;10069;16;10065;24;;;10092;16;10095;15;;;10080.5;0.0
yf_ADM_d13;16800;ASH_COATED_OSMIUM;9899;12;9895;9;;;9905;17;9907;18;;;9902.0;0.0
yf_ADM_d13;16800;INTARIAN_PEPPER_ROOT;10072;22;10070;23;;;10078;14;10082;23;;;10075.0;0.0
yf_ADM_d13;16900;ASH_COATED_OSMIUM;9898;20;9894;22;;;9906;13;9910;10;;;9902.0;0.0
yf_ADM_d13;16900;INTARIAN_PEPPER_ROOT;10067;12;10063;20;;;10073;13;10076;18;;;10070.0;0.0
yf_ADM_d13;17000;ASH_COATED_OSMIUM;9898;11;9894;27;;;9904;18;9907;27;;;9901.0;0.0
yf_ADM_d13;17000;INTARIAN_PEPPER_ROOT;10064;13;10061;12;;;10070;23;10074;21;;;10067.0;0.0
yf_ADM_d13;17100;ASH_COATED_OSMIUM;9899;17;9897;18;;;9905;19;9909;16;;;9902.0;0.0
yf_ADM_d13;17100;INTARIAN_PEPPER_ROOT;10062;19;10059;23;;;10074;12;10076;27;;;10068.0;0.0
yf_ADM_d13;17200;ASH_COATED_OSMIUM;9899;7;9895;22;;;9905;9;9908;23;;;9902.0;0.0
yf_ADM_d13;17200;INTARIAN_PEPPER_ROOT;10065;9;10062;22;;;10074;13;10077;24;;;10069.5;0.0
yf_ADM_d13;17300;ASH_COATED_OSMIUM;9898;8;9895;30;;;9904;9;9907;19;;;9901.0;0.0
yf_ADM_d13;17300;INTARIAN_PEPPER_ROOT;10066;13;10063;24;;;10072;15;10074;28;;;10069.0;0.0
yf_ADM_d13;17400;ASH_COATED_OSMIUM;9899;12;9895;9;;;9905;20;9907;19;;;9902.0;0.0
yf_ADM_d13;17400;INTARIAN_PEPPER_ROOT;10067;11;10063;18;;;10073;18;10076;24;;;10070.0;0.0
yf_ADM_d13;17500;ASH_COATED_OSMIUM;9891;26;9889;14;;;9912;17;9916;25;;;9901.5;0.0
yf_ADM_d13;17500;INTARIAN_PEPPER_ROOT;10068;20;10064;21;;;10074;22;10078;11;;;10071.0;0.0
yf_ADM_d13;17600;ASH_COATED_OSMIUM;9899;18;9896;22;;;9906;13;9909;14;;;9902.5;0.0
yf_ADM_d13;17600;INTARIAN_PEPPER_ROOT;10065;26;10061;33;;;10077;16;10080;24;;;10071.0;0.0
yf_ADM_d13;17700;ASH_COATED_OSMIUM;9899;11;9896;23;;;9905;14;9909;23;;;9902.0;0.0
yf_ADM_d13;17700;INTARIAN_PEPPER_ROOT;10069;22;10066;17;;;10075;9;10079;27;;;10072.0;0.0
yf_ADM_d13;17800;ASH_COATED_OSMIUM;9899;20;9897;16;;;9905;7;9909;16;;;9902.0;0.0
yf_ADM_d13;17800;INTARIAN_PEPPER_ROOT;10069;13;10066;25;;;10075;18;10077;17;;;10072.0;0.0
yf_ADM_d13;17900;ASH_COATED_OSMIUM;9895;11;9893;28;;;9911;15;9914;18;;;9903.0;0.0
yf_ADM_d13;17900;INTARIAN_PEPPER_ROOT;10067;15;10064;25;;;10079;5;10082;13;;;10073.0;0.0
yf_ADM_d13;18000;ASH_COATED_OSMIUM;9898;13;9894;17;;;9907;16;9911;23;;;9902.5;0.0
yf_ADM_d13;18000;INTARIAN_PEPPER_ROOT;10063;17;10061;8;;;10084;21;10088;25;;;10073.5;0.0
yf_ADM_d13;18100;ASH_COATED_OSMIUM;9899;8;9896;20;;;9905;20;9909;22;;;9902.0;0.0
yf_ADM_d13;18100;INTARIAN_PEPPER_ROOT;10058;15;10054;17;;;10090;15;10092;17;;;10074.0;0.0
yf_ADM_d13;18200;ASH_COATED_OSMIUM;9899;7;9895;20;;;9905;16;9908;14;;;9902.0;0.0
yf_ADM_d13;18200;INTARIAN_PEPPER_ROOT;10071;11;10069;20;;;10078;13;10080;21;;;10074.5;0.0
yf_ADM_d13;18300;ASH_COATED_OSMIUM;9899;13;9897;14;;;9905;17;9908;15;;;9902.0;0.0
yf_ADM_d13;18300;INTARIAN_PEPPER_ROOT;10072;18;10068;13;;;10078;11;10082;27;;;10075.0;0.0
yf_ADM_d13;18400;ASH_COATED_OSMIUM;9899;11;9896;21;;;9905;8;9907;14;;;9902.0;0.0
yf_ADM_d13;18400;INTARIAN_PEPPER_ROOT;10074;15;10071;20;;;10080;11;10083;20;;;10077.0;0.0
yf_ADM_d13;18500;ASH_COATED_OSMIUM;9899;17;9896;10;;;9905;10;9909;25;;;9902.0;0.0
yf_ADM_d13;18500;INTARIAN_PEPPER_ROOT;10073;14;10070;25;;;10079;18;10082;20;;;10076.0;0.0
yf_ADM_d13;18600;ASH_COATED_OSMIUM;9899;12;9896;15;;;9905;14;9908;22;;;9902.0;0.0
yf_ADM_d13;18600;INTARIAN_PEPPER_ROOT;10072;12;10068;16;;;10082;16;10085;25;;;10077.0;0.0
yf_ADM_d13;18700;ASH_COATED_OSMIUM;9898;16;9894;15;;;9907;14;9911;23;;;9902.5;0.0
yf_ADM_d13;18700;INTARIAN_PEPPER_ROOT;10075;17;10072;19;;;10081;19;10085;29;;;10078.0;0.0
yf_ADM_d13;18800;ASH_COATED_OSMIUM;9894;15;9892;23;;;9911;10;9915;17;;;9902.5;0.0
yf_ADM_d13;18800;INTARIAN_PEPPER_ROOT;10075;11;10073;19;;;10081;8;10083;30;;;10078.0;0.0
yf_ADM_d13;18900;ASH_COATED_OSMIUM;9896;11;9893;26;;;9909;13;9913;20;;;9902.5;0.0
yf_ADM_d13;18900;INTARIAN_PEPPER_ROOT;10076;12;10074;19;;;10082;12;10084;20;;;10079.0;0.0
yf_ADM_d13;19000;ASH_COATED_OSMIUM;9899;23;9895;25;;;9905;12;9909;26;;;9902.0;0.0
yf_ADM_d13;19000;INTARIAN_PEPPER_ROOT;10077;14;10073;21;;;10083;6;10085;19;;;10080.0;0.0
yf_ADM_d13;19100;ASH_COATED_OSMIUM;9899;22;9895;20;;;9905;19;9909;10;;;9902.0;0.0
yf_ADM_d13;19100;INTARIAN_PEPPER_ROOT;10077;20;10073;17;;;10083;17;10087;19;;;10080.0;0.0
yf_ADM_d13;19200;ASH_COATED_OSMIUM;9900;15;9898;14;;;9906;13;9909;23;;;9903.0;0.0
yf_ADM_d13;19200;INTARIAN_PEPPER_ROOT;10074;8;10072;14;;;10088;12;10092;11;;;10081.0;0.0
yf_ADM_d13;19300;ASH_COATED_OSMIUM;9899;20;9895;24;;;9905;12;9909;14;;;9902.0;0.0
yf_ADM_d13;19300;INTARIAN_PEPPER_ROOT;10078;16;10076;9;;;10084;13;10088;31;;;10081.0;0.0
yf_ADM_d13;19400;ASH_COATED_OSMIUM;9899;15;9897;21;;;9905;9;9908;29;;;9902.0;0.0
yf_ADM_d13;19400;INTARIAN_PEPPER_ROOT;10071;16;10068;21;;;10094;15;10097;16;;;10082.5;0.0
yf_ADM_d13;19500;ASH_COATED_OSMIUM;9899;17;9897;15;;;9905;13;9909;16;;;9902.0;0.0
yf_ADM_d13;19500;INTARIAN_PEPPER_ROOT;10079;15;10077;20;;;10085;17;10087;11;;;10082.0;0.0
yf_ADM_d13;19600;ASH_COATED_OSMIUM;9895;19;9891;26;;;9909;14;9911;17;;;9902.0;0.0
yf_ADM_d13;19600;INTARIAN_PEPPER_ROOT;10080;28;10076;23;;;10086;15;10088;9;;;10083.0;0.0
yf_ADM_d13;19700;ASH_COATED_OSMIUM;9899;5;9896;20;;;9905;11;9907;25;;;9902.0;0.0
yf_ADM_d13;19700;INTARIAN_PEPPER_ROOT;10080;21;10078;22;;;10087;16;10091;21;;;10083.5;0.0
yf_ADM_d13;19800;ASH_COATED_OSMIUM;9899;15;9895;21;;;9905;11;9907;21;;;9902.0;0.0
yf_ADM_d13;19800;INTARIAN_PEPPER_ROOT;10080;25;10077;18;;;10088;12;10092;21;;;10084.0;0.0
yf_ADM_d13;19900;ASH_COATED_OSMIUM;9899;14;9896;19;;;9905;14;9907;16;;;9902.0;0.0
yf_ADM_d13;19900;INTARIAN_PEPPER_ROOT;10079;15;10075;23;;;10091;19;10094;22;;;10085.0;0.0
yf_ADM_d13;20000;ASH_COATED_OSMIUM;9899;18;9896;28;;;9905;14;9907;16;;;9902.0;0.0
yf_ADM_d13;20000;INTARIAN_PEPPER_ROOT;10083;11;10079;20;;;10089;13;10093;20;;;10086.0;0.0
yf_ADM_d13;20100;ASH_COATED_OSMIUM;9898;17;9894;14;;;9907;13;9911;23;;;9902.5;0.0
yf_ADM_d13;20100;INTARIAN_PEPPER_ROOT;10079;16;10076;29;;;10092;5;10095;14;;;10085.5;0.0
yf_ADM_d13;20200;ASH_COATED_OSMIUM;9899;14;9896;16;;;9905;12;9909;16;;;9902.0;0.0
yf_ADM_d13;20200;INTARIAN_PEPPER_ROOT;10084;6;10081;29;;;10090;16;10094;25;;;10087.0;0.0
yf_ADM_d13;20300;ASH_COATED_OSMIUM;9899;19;9896;25;;;9905;17;9909;17;;;9902.0;0.0
yf_ADM_d13;20300;INTARIAN_PEPPER_ROOT;10079;14;10077;18;;;10095;17;10098;25;;;10087.0;0.0
yf_ADM_d13;20400;ASH_COATED_OSMIUM;9899;15;9896;17;;;9905;9;9908;19;;;9902.0;0.0
yf_ADM_d13;20400;INTARIAN_PEPPER_ROOT;10085;13;10083;22;;;10091;18;10094;17;;;10088.0;0.0
yf_ADM_d13;20500;ASH_COATED_OSMIUM;9898;16;9895;18;;;9906;18;9908;17;;;9902.0;0.0
yf_ADM_d13;20500;INTARIAN_PEPPER_ROOT;10085;14;10081;19;;;10091;14;10093;24;;;10088.0;0.0
yf_ADM_d13;20600;ASH_COATED_OSMIUM;9892;23;9888;27;;;9912;18;9915;16;;;9902.0;0.0
yf_ADM_d13;20600;INTARIAN_PEPPER_ROOT;10085;11;10081;17;;;10091;10;10095;25;;;10088.0;0.0
yf_ADM_d13;20700;ASH_COATED_OSMIUM;9900;18;9897;21;;;9906;14;9910;19;;;9903.0;0.0
yf_ADM_d13;20700;INTARIAN_PEPPER_ROOT;10079;5;10075;20;;;10100;13;10103;15;;;10089.5;0.0
yf_ADM_d13;20800;ASH_COATED_OSMIUM;9899;22;9895;31;;;9906;15;9910;20;;;9902.5;0.0
yf_ADM_d13;20800;INTARIAN_PEPPER_ROOT;10085;14;10082;20;;;10096;7;10100;25;;;10090.5;0.0
yf_ADM_d13;20900;ASH_COATED_OSMIUM;9899;9;9897;18;;;9906;15;9909;21;;;9902.5;0.0
yf_ADM_d13;20900;INTARIAN_PEPPER_ROOT;10088;15;10085;22;;;10094;12;10096;10;;;10091.0;0.0
yf_ADM_d13;21000;ASH_COATED_OSMIUM;9899;15;9895;27;;;9905;17;9907;20;;;9902.0;0.0
yf_ADM_d13;21000;INTARIAN_PEPPER_ROOT;10089;5;10086;16;;;10095;5;10097;20;;;10092.0;0.0
yf_ADM_d13;21100;ASH_COATED_OSMIUM;9897;12;9894;27;;;9908;23;9910;11;;;9902.5;0.0
yf_ADM_d13;21100;INTARIAN_PEPPER_ROOT;10085;11;10083;24;;;10098;10;10100;15;;;10091.5;0.0
yf_ADM_d13;21200;ASH_COATED_OSMIUM;9899;19;9896;22;;;9905;18;9907;20;;;9902.0;0.0
yf_ADM_d13;21200;INTARIAN_PEPPER_ROOT;10089;10;10087;15;;;10095;11;10097;19;;;10092.0;0.0
yf_ADM_d13;21300;ASH_COATED_OSMIUM;9900;21;9896;23;;;9906;12;9910;15;;;9903.0;0.0
yf_ADM_d13;21300;INTARIAN_PEPPER_ROOT;10090;9;10086;13;;;10097;11;10101;14;;;10093.5;0.0
yf_ADM_d13;21400;ASH_COATED_OSMIUM;9897;14;9895;12;;;9907;15;9909;16;;;9902.0;0.0
yf_ADM_d13;21400;INTARIAN_PEPPER_ROOT;10090;18;10086;18;;;10099;16;10103;26;;;10094.5;0.0
yf_ADM_d13;21500;ASH_COATED_OSMIUM;9887;11;9885;20;;;9918;19;9921;21;;;9902.5;0.0
yf_ADM_d13;21500;INTARIAN_PEPPER_ROOT;10091;21;10087;22;;;10097;17;10101;16;;;10094.0;0.0
yf_ADM_d13;21600;ASH_COATED_OSMIUM;9897;15;9895;21;;;9909;10;9911;21;;;9903.0;0.0
yf_ADM_d13;21600;INTARIAN_PEPPER_ROOT;10092;17;10088;16;;;10098;5;10102;26;;;10095.0;0.0
yf_ADM_d13;21700;ASH_COATED_OSMIUM;9899;5;9895;17;;;9905;13;9909;20;;;9902.0;0.0
yf_ADM_d13;21700;INTARIAN_PEPPER_ROOT;10090;16;10086;25;;;10102;14;10106;21;;;10096.0;0.0
yf_ADM_d13;21800;ASH_COATED_OSMIUM;9899;15;9895;21;;;9905;18;9909;19;;;9902.0;0.0
yf_ADM_d13;21800;INTARIAN_PEPPER_ROOT;10093;25;10089;8;;;10099;9;10102;25;;;10096.0;0.0
yf_ADM_d13;21900;ASH_COATED_OSMIUM;9899;15;9897;18;;;9905;21;9909;15;;;9902.0;0.0
yf_ADM_d13;21900;INTARIAN_PEPPER_ROOT;10093;21;10089;24;;;10100;13;10102;15;;;10096.5;0.0
yf_ADM_d13;22000;ASH_COATED_OSMIUM;9899;15;9897;16;;;9906;15;9909;14;;;9902.5;0.0
yf_ADM_d13;22000;INTARIAN_PEPPER_ROOT;10093;13;10090;19;;;10101;18;10104;18;;;10097.0;0.0
yf_ADM_d13;22100;ASH_COATED_OSMIUM;9890;14;9886;23;;;9914;13;9918;21;;;9902.0;0.0
yf_ADM_d13;22100;INTARIAN_PEPPER_ROOT;10095;13;10091;19;;;10101;10;10104;17;;;10098.0;0.0
yf_ADM_d13;22200;ASH_COATED_OSMIUM;9896;7;9894;21;;;9909;5;9912;15;;;9902.5;0.0
yf_ADM_d13;22200;INTARIAN_PEPPER_ROOT;10095;10;10092;27;;;10101;9;10103;16;;;10098.0;0.0
yf_ADM_d13;22300;ASH_COATED_OSMIUM;9897;14;9894;15;;;9908;13;9911;21;;;9902.5;0.0
yf_ADM_d13;22300;INTARIAN_PEPPER_ROOT;10096;12;10093;19;;;10102;21;10105;15;;;10099.0;0.0
yf_ADM_d13;22400;ASH_COATED_OSMIUM;9899;20;9896;15;;;9907;15;9910;21;;;9903.0;0.0
yf_ADM_d13;22400;INTARIAN_PEPPER_ROOT;10087;10;10084;20;;;10113;22;10115;22;;;10100.0;0.0
yf_ADM_d13;22500;ASH_COATED_OSMIUM;9899;16;9895;21;;;9905;9;9908;23;;;9902.0;0.0
yf_ADM_d13;22500;INTARIAN_PEPPER_ROOT;10098;20;10094;15;;;10104;22;10107;21;;;10101.0;0.0
yf_ADM_d13;22600;ASH_COATED_OSMIUM;9900;5;9897;22;;;9906;18;9908;17;;;9903.0;0.0
yf_ADM_d13;22600;INTARIAN_PEPPER_ROOT;10097;7;10093;19;;;10105;13;10108;11;;;10101.0;0.0
yf_ADM_d13;22700;ASH_COATED_OSMIUM;9892;21;9889;28;;;9913;16;9915;34;;;9902.5;0.0
yf_ADM_d13;22700;INTARIAN_PEPPER_ROOT;10098;16;10096;26;;;10104;11;10106;13;;;10101.0;0.0
yf_ADM_d13;22800;ASH_COATED_OSMIUM;9899;12;9897;18;;;9905;14;9908;14;;;9902.0;0.0
yf_ADM_d13;22800;INTARIAN_PEPPER_ROOT;10099;13;10096;19;;;10105;21;10108;18;;;10102.0;0.0
yf_ADM_d13;22900;ASH_COATED_OSMIUM;9898;21;9894;16;;;9906;16;9909;29;;;9902.0;0.0
yf_ADM_d13;22900;INTARIAN_PEPPER_ROOT;10100;24;10096;22;;;10106;14;10110;20;;;10103.0;0.0
yf_ADM_d13;23000;ASH_COATED_OSMIUM;9900;14;9897;14;;;9906;14;9910;10;;;9903.0;0.0
yf_ADM_d13;23000;INTARIAN_PEPPER_ROOT;10101;15;10098;20;;;10107;15;10110;18;;;10104.0;0.0
yf_ADM_d13;23100;ASH_COATED_OSMIUM;9892;21;9889;11;;;9912;16;9916;20;;;9902.0;0.0
yf_ADM_d13;23100;INTARIAN_PEPPER_ROOT;10101;12;10099;21;;;10107;14;10111;16;;;10104.0;0.0
yf_ADM_d13;23200;ASH_COATED_OSMIUM;9897;15;9893;23;;;9908;17;9911;28;;;9902.5;0.0
yf_ADM_d13;23200;INTARIAN_PEPPER_ROOT;10102;9;10100;17;;;10108;17;10110;25;;;10105.0;0.0
yf_ADM_d13;23300;ASH_COATED_OSMIUM;9899;22;9895;31;;;9905;20;9908;21;;;9902.0;0.0
yf_ADM_d13;23300;INTARIAN_PEPPER_ROOT;10101;17;10099;24;;;10107;15;10110;29;;;10104.0;0.0
yf_ADM_d13;23400;ASH_COATED_OSMIUM;9899;15;9895;15;;;9905;13;9908;15;;;9902.0;0.0
yf_ADM_d13;23400;INTARIAN_PEPPER_ROOT;10103;7;10099;22;;;10109;14;10113;17;;;10106.0;0.0
yf_ADM_d13;23500;ASH_COATED_OSMIUM;9898;26;9896;14;;;9905;21;9908;18;;;9901.5;0.0
yf_ADM_d13;23500;INTARIAN_PEPPER_ROOT;10103;19;10100;18;;;10109;13;10112;11;;;10106.0;0.0
yf_ADM_d13;23600;ASH_COATED_OSMIUM;9896;16;9893;19;;;9910;11;9914;19;;;9903.0;0.0
yf_ADM_d13;23600;INTARIAN_PEPPER_ROOT;10104;13;10101;20;;;10110;7;10114;15;;;10107.0;0.0
yf_ADM_d13;23700;ASH_COATED_OSMIUM;9900;24;9898;23;;;9906;17;9908;21;;;9903.0;0.0
yf_ADM_d13;23700;INTARIAN_PEPPER_ROOT;10105;16;10101;23;;;10111;10;10115;26;;;10108.0;0.0
yf_ADM_d13;23800;ASH_COATED_OSMIUM;9895;12;9891;16;;;9910;20;9913;29;;;9902.5;0.0
yf_ADM_d13;23800;INTARIAN_PEPPER_ROOT;10105;24;10103;17;;;10111;19;10113;22;;;10108.0;0.0
yf_ADM_d13;23900;ASH_COATED_OSMIUM;9900;18;9898;22;;;9906;5;9908;23;;;9903.0;0.0
yf_ADM_d13;23900;INTARIAN_PEPPER_ROOT;10103;12;10101;29;;;10114;18;10117;19;;;10108.5;0.0
yf_ADM_d13;24000;ASH_COATED_OSMIUM;9900;16;9897;22;;;9907;18;9911;18;;;9903.5;0.0
yf_ADM_d13;24000;INTARIAN_PEPPER_ROOT;10106;18;10104;14;;;10112;7;10114;17;;;10109.0;0.0
yf_ADM_d13;24100;ASH_COATED_OSMIUM;9898;15;9894;22;;;9906;18;9908;26;;;9902.0;0.0
yf_ADM_d13;24100;INTARIAN_PEPPER_ROOT;10107;10;10103;18;;;10113;14;10117;15;;;10110.0;0.0
yf_ADM_d13;24200;ASH_COATED_OSMIUM;9900;11;9897;12;;;9906;8;9908;16;;;9903.0;0.0
yf_ADM_d13;24200;INTARIAN_PEPPER_ROOT;10107;12;10105;12;;;10114;16;10116;15;;;10110.5;0.0
yf_ADM_d13;24300;ASH_COATED_OSMIUM;9885;6;9881;19;;;9921;6;9923;28;;;9903.0;0.0
yf_ADM_d13;24300;INTARIAN_PEPPER_ROOT;10108;10;10105;16;;;10114;12;10118;16;;;10111.0;0.0
yf_ADM_d13;24400;ASH_COATED_OSMIUM;9894;19;9892;17;;;9911;16;9914;13;;;9902.5;0.0
yf_ADM_d13;24400;INTARIAN_PEPPER_ROOT;10107;19;10103;29;;;10116;19;10118;13;;;10111.5;0.0
yf_ADM_d13;24500;ASH_COATED_OSMIUM;9892;9;9890;22;;;9913;12;9915;11;;;9902.5;0.0
yf_ADM_d13;24500;INTARIAN_PEPPER_ROOT;10109;21;10107;27;;;10115;22;10117;16;;;10112.0;0.0
yf_ADM_d13;24600;ASH_COATED_OSMIUM;9892;16;9890;15;;;9913;14;9915;18;;;9902.5;0.0
yf_ADM_d13;24600;INTARIAN_PEPPER_ROOT;10107;12;10105;21;;;10118;12;10122;23;;;10112.5;0.0
yf_ADM_d13;24700;ASH_COATED_OSMIUM;9900;5;9897;19;;;9906;11;9909;10;;;9903.0;0.0
yf_ADM_d13;24700;INTARIAN_PEPPER_ROOT;10110;17;10106;16;;;10116;10;10118;23;;;10113.0;0.0
yf_ADM_d13;24800;ASH_COATED_OSMIUM;9899;14;9896;16;;;9905;13;9909;24;;;9902.0;0.0
yf_ADM_d13;24800;INTARIAN_PEPPER_ROOT;10111;7;10109;24;;;10117;16;10119;18;;;10114.0;0.0
yf_ADM_d13;24900;ASH_COATED_OSMIUM;9899;12;9895;19;;;9905;14;9907;18;;;9902.0;0.0
yf_ADM_d13;24900;INTARIAN_PEPPER_ROOT;10105;14;10102;21;;;10125;15;10129;13;;;10115.0;0.0
yf_ADM_d13;25000;ASH_COATED_OSMIUM;9900;14;9898;14;;;9906;13;9909;15;;;9903.0;0.0
yf_ADM_d13;25000;INTARIAN_PEPPER_ROOT;10112;12;10110;23;;;10118;17;10122;8;;;10115.0;0.0
yf_ADM_d13;25100;ASH_COATED_OSMIUM;9888;19;9886;24;;;9916;20;9919;26;;;9902.0;0.0
yf_ADM_d13;25100;INTARIAN_PEPPER_ROOT;10113;16;10111;15;;;10119;16;10123;15;;;10116.0;0.0
yf_ADM_d13;25200;ASH_COATED_OSMIUM;9900;11;9896;10;;;9906;12;9908;26;;;9903.0;0.0
yf_ADM_d13;25200;INTARIAN_PEPPER_ROOT;10113;17;10109;11;;;10119;12;10121;15;;;10116.0;0.0
yf_ADM_d13;25300;ASH_COATED_OSMIUM;9900;13;9898;21;;;9906;15;9910;22;;;9903.0;0.0
yf_ADM_d13;25300;INTARIAN_PEPPER_ROOT;10111;16;10109;17;;;10124;12;10128;17;;;10117.5;0.0
yf_ADM_d13;25400;ASH_COATED_OSMIUM;9900;20;9898;22;;;9906;15;9909;19;;;9903.0;0.0
yf_ADM_d13;25400;INTARIAN_PEPPER_ROOT;10115;14;10113;26;;;10121;11;10125;9;;;10118.0;0.0
yf_ADM_d13;25500;ASH_COATED_OSMIUM;9899;15;9895;19;;;9906;16;9908;27;;;9902.5;0.0
yf_ADM_d13;25500;INTARIAN_PEPPER_ROOT;10115;14;10111;13;;;10121;10;10124;22;;;10118.0;0.0
yf_ADM_d13;25600;ASH_COATED_OSMIUM;9895;13;9893;26;;;9910;11;9914;21;;;9902.5;0.0
yf_ADM_d13;25600;INTARIAN_PEPPER_ROOT;10115;14;10113;16;;;10121;5;10125;24;;;10118.0;0.0
yf_ADM_d13;25700;ASH_COATED_OSMIUM;9895;15;9892;20;;;9909;20;9913;20;;;9902.0;0.0
yf_ADM_d13;25700;INTARIAN_PEPPER_ROOT;10116;13;10114;20;;;10122;22;10124;17;;;10119.0;0.0
yf_ADM_d13;25800;ASH_COATED_OSMIUM;9900;16;9898;28;;;9906;17;9910;25;;;9903.0;0.0
yf_ADM_d13;25800;INTARIAN_PEPPER_ROOT;10115;13;10113;21;;;10126;15;10128;23;;;10120.5;0.0
yf_ADM_d13;25900;ASH_COATED_OSMIUM;9900;19;9898;23;;;9906;13;9908;18;;;9903.0;0.0
yf_ADM_d13;25900;INTARIAN_PEPPER_ROOT;10114;11;10112;18;;;10127;7;10131;24;;;10120.5;0.0
yf_ADM_d13;26000;ASH_COATED_OSMIUM;9900;16;9897;19;;;9906;14;9908;23;;;9903.0;0.0
yf_ADM_d13;26000;INTARIAN_PEPPER_ROOT;10118;21;10116;20;;;10124;14;10128;17;;;10121.0;0.0
yf_ADM_d13;26100;ASH_COATED_OSMIUM;9900;19;9897;20;;;9906;16;9910;12;;;9903.0;0.0
yf_ADM_d13;26100;INTARIAN_PEPPER_ROOT;10117;14;10115;15;;;10126;10;10129;24;;;10121.5;0.0
yf_ADM_d13;26200;ASH_COATED_OSMIUM;9900;8;9898;27;;;9906;8;9909;20;;;9903.0;0.0
yf_ADM_d13;26200;INTARIAN_PEPPER_ROOT;10119;7;10115;26;;;10125;17;10128;25;;;10122.0;0.0
yf_ADM_d13;26300;ASH_COATED_OSMIUM;9900;12;9896;15;;;9906;5;9908;9;;;9903.0;0.0
yf_ADM_d13;26300;INTARIAN_PEPPER_ROOT;10120;14;10117;11;;;10126;15;10129;18;;;10123.0;0.0
yf_ADM_d13;26400;ASH_COATED_OSMIUM;9898;18;9896;19;;;9908;16;9910;18;;;9903.0;0.0
yf_ADM_d13;26400;INTARIAN_PEPPER_ROOT;10120;14;10116;19;;;10126;17;10128;16;;;10123.0;0.0
yf_ADM_d13;26500;ASH_COATED_OSMIUM;9900;14;9897;24;;;9906;13;9908;15;;;9903.0;0.0
yf_ADM_d13;26500;INTARIAN_PEPPER_ROOT;10121;11;10118;25;;;10127;15;10129;22;;;10124.0;0.0
yf_ADM_d13;26600;ASH_COATED_OSMIUM;9887;13;9884;22;;;9920;18;9923;18;;;9903.5;0.0
yf_ADM_d13;26600;INTARIAN_PEPPER_ROOT;10122;22;10118;17;;;10128;8;10130;28;;;10125.0;0.0
yf_ADM_d13;26700;ASH_COATED_OSMIUM;9900;25;9897;18;;;9906;10;9910;14;;;9903.0;0.0
yf_ADM_d13;26700;INTARIAN_PEPPER_ROOT;10116;11;10113;15;;;10136;21;10140;16;;;10126.0;0.0
yf_ADM_d13;26800;ASH_COATED_OSMIUM;9899;23;9897;17;;;9905;15;9909;11;;;9902.0;0.0
yf_ADM_d13;26800;INTARIAN_PEPPER_ROOT;10121;19;10118;13;;;10131;22;10133;17;;;10126.0;0.0
yf_ADM_d13;26900;ASH_COATED_OSMIUM;9891;9;9889;23;;;9914;15;9917;12;;;9902.5;0.0
yf_ADM_d13;26900;INTARIAN_PEPPER_ROOT;10124;13;10120;22;;;10130;14;10133;21;;;10127.0;0.0
yf_ADM_d13;27000;ASH_COATED_OSMIUM;9900;15;9896;22;;;9906;10;9909;20;;;9903.0;0.0
yf_ADM_d13;27000;INTARIAN_PEPPER_ROOT;10122;15;10119;25;;;10132;12;10135;20;;;10127.0;0.0
yf_ADM_d13;27100;ASH_COATED_OSMIUM;9900;9;9897;11;;;9906;19;9909;21;;;9903.0;0.0
yf_ADM_d13;27100;INTARIAN_PEPPER_ROOT;10119;22;10117;16;;;10136;6;10139;15;;;10127.5;0.0
yf_ADM_d13;27200;ASH_COATED_OSMIUM;9899;8;9896;19;;;9907;13;9909;27;;;9903.0;0.0
yf_ADM_d13;27200;INTARIAN_PEPPER_ROOT;10125;24;10121;14;;;10131;7;10134;13;;;10128.0;0.0
yf_ADM_d13;27300;ASH_COATED_OSMIUM;9900;5;9896;20;;;9906;12;9908;14;;;9903.0;0.0
yf_ADM_d13;27300;INTARIAN_PEPPER_ROOT;10126;14;10123;20;;;10132;8;10134;29;;;10129.0;0.0
yf_ADM_d13;27400;ASH_COATED_OSMIUM;9900;13;9896;12;;;9906;14;9910;31;;;9903.0;0.0
yf_ADM_d13;27400;INTARIAN_PEPPER_ROOT;10125;12;10123;25;;;10134;18;10138;15;;;10129.5;0.0
yf_ADM_d13;27500;ASH_COATED_OSMIUM;9900;13;9896;11;;;9906;24;9909;21;;;9903.0;0.0
yf_ADM_d13;27500;INTARIAN_PEPPER_ROOT;10127;13;10124;15;;;10133;8;10135;28;;;10130.0;0.0
yf_ADM_d13;27600;ASH_COATED_OSMIUM;9900;15;9898;21;;;9906;19;9908;20;;;9903.0;0.0
yf_ADM_d13;27600;INTARIAN_PEPPER_ROOT;10128;6;10124;16;;;10134;11;10138;14;;;10131.0;0.0
yf_ADM_d13;27700;ASH_COATED_OSMIUM;9900;16;9897;18;;;9906;12;9908;30;;;9903.0;0.0
yf_ADM_d13;27700;INTARIAN_PEPPER_ROOT;10127;11;10124;21;;;10136;12;10140;18;;;10131.5;0.0
yf_ADM_d13;27800;ASH_COATED_OSMIUM;9900;7;9896;16;;;9906;16;9910;24;;;9903.0;0.0
yf_ADM_d13;27800;INTARIAN_PEPPER_ROOT;10123;11;10120;13;;;10140;18;10143;17;;;10131.5;0.0
yf_ADM_d13;27900;ASH_COATED_OSMIUM;9900;14;9897;24;;;9906;12;9909;20;;;9903.0;0.0
yf_ADM_d13;27900;INTARIAN_PEPPER_ROOT;10130;8;10126;21;;;10136;14;10139;22;;;10133.0;0.0
yf_ADM_d13;28000;ASH_COATED_OSMIUM;9900;12;9896;15;;;9906;7;9909;22;;;9903.0;0.0
yf_ADM_d13;28000;INTARIAN_PEPPER_ROOT;10128;11;10125;18;;;10137;6;10141;21;;;10132.5;0.0
yf_ADM_d13;28100;ASH_COATED_OSMIUM;9900;15;9897;17;;;9906;8;9908;14;;;9903.0;0.0
yf_ADM_d13;28100;INTARIAN_PEPPER_ROOT;10130;14;10126;12;;;10136;16;10140;14;;;10133.0;0.0
yf_ADM_d13;28200;ASH_COATED_OSMIUM;9898;7;9896;19;;;9908;8;9912;17;;;9903.0;0.0
yf_ADM_d13;28200;INTARIAN_PEPPER_ROOT;10131;17;10129;24;;;10137;18;10140;15;;;10134.0;0.0
yf_ADM_d13;28300;ASH_COATED_OSMIUM;9894;19;9890;19;;;9913;5;9917;8;;;9903.5;0.0
yf_ADM_d13;28300;INTARIAN_PEPPER_ROOT;10132;17;10130;22;;;10139;15;10143;15;;;10135.5;0.0
yf_ADM_d13;28400;ASH_COATED_OSMIUM;9900;18;9896;21;;;9906;12;9910;20;;;9903.0;0.0
yf_ADM_d13;28400;INTARIAN_PEPPER_ROOT;10132;5;10128;14;;;10138;10;10140;10;;;10135.0;0.0
yf_ADM_d13;28500;ASH_COATED_OSMIUM;9900;14;9896;21;;;9906;14;9909;14;;;9903.0;0.0
yf_ADM_d13;28500;INTARIAN_PEPPER_ROOT;10133;28;10130;17;;;10139;15;10143;19;;;10136.0;0.0
yf_ADM_d13;28600;ASH_COATED_OSMIUM;9901;5;9897;17;;;9907;12;9909;19;;;9904.0;0.0
yf_ADM_d13;28600;INTARIAN_PEPPER_ROOT;10133;11;10131;15;;;10140;11;10142;22;;;10136.5;0.0
yf_ADM_d13;28700;ASH_COATED_OSMIUM;9900;13;9896;16;;;9906;14;9910;24;;;9903.0;0.0
yf_ADM_d13;28700;INTARIAN_PEPPER_ROOT;10134;19;10132;27;;;10140;25;10142;13;;;10137.0;0.0
yf_ADM_d13;28800;ASH_COATED_OSMIUM;9899;15;9895;11;;;9906;15;9909;25;;;9902.5;0.0
yf_ADM_d13;28800;INTARIAN_PEPPER_ROOT;10135;7;10133;26;;;10141;17;10145;18;;;10138.0;0.0
yf_ADM_d13;28900;ASH_COATED_OSMIUM;9900;5;9898;26;;;9906;19;9910;22;;;9903.0;0.0
yf_ADM_d13;28900;INTARIAN_PEPPER_ROOT;10136;7;10134;25;;;10142;23;10146;22;;;10139.0;0.0
yf_ADM_d13;29000;ASH_COATED_OSMIUM;9900;9;9898;16;;;9906;16;9909;21;;;9903.0;0.0
yf_ADM_d13;29000;INTARIAN_PEPPER_ROOT;10134;19;10130;22;;;10142;8;10144;22;;;10138.0;0.0
yf_ADM_d13;29100;ASH_COATED_OSMIUM;9884;22;9880;16;;;9921;12;9923;16;;;9902.5;0.0
yf_ADM_d13;29100;INTARIAN_PEPPER_ROOT;10137;10;10135;27;;;10143;11;10146;24;;;10140.0;0.0
yf_ADM_d13;29200;ASH_COATED_OSMIUM;9900;9;9898;18;;;9906;18;9908;16;;;9903.0;0.0
yf_ADM_d13;29200;INTARIAN_PEPPER_ROOT;10134;15;10131;8;;;10147;8;10149;8;;;10140.5;0.0
yf_ADM_d13;29300;ASH_COATED_OSMIUM;9899;14;9895;19;;;9905;21;9907;20;;;9902.0;0.0
yf_ADM_d13;29300;INTARIAN_PEPPER_ROOT;10137;18;10135;33;;;10143;12;10146;19;;;10140.0;0.0
yf_ADM_d13;29400;ASH_COATED_OSMIUM;9900;15;9897;16;;;9906;20;9910;20;;;9903.0;0.0
yf_ADM_d13;29400;INTARIAN_PEPPER_ROOT;10137;17;10134;18;;;10144;13;10148;21;;;10140.5;0.0
yf_ADM_d13;29500;ASH_COATED_OSMIUM;9900;19;9896;17;;;9906;24;9908;21;;;9903.0;0.0
yf_ADM_d13;29500;INTARIAN_PEPPER_ROOT;10139;15;10135;21;;;10145;13;10148;23;;;10142.0;0.0
yf_ADM_d13;29600;ASH_COATED_OSMIUM;9900;18;9897;18;;;9906;19;9908;13;;;9903.0;0.0
yf_ADM_d13;29600;INTARIAN_PEPPER_ROOT;10139;11;10137;15;;;10145;16;10148;29;;;10142.0;0.0
yf_ADM_d13;29700;ASH_COATED_OSMIUM;9900;18;9898;20;;;9906;24;9910;23;;;9903.0;0.0
yf_ADM_d13;29700;INTARIAN_PEPPER_ROOT;10130;24;10127;13;;;10155;11;10157;19;;;10142.5;0.0
yf_ADM_d13;29800;ASH_COATED_OSMIUM;9896;15;9892;16;;;9911;20;9913;14;;;9903.5;0.0
yf_ADM_d13;29800;INTARIAN_PEPPER_ROOT;10141;13;10138;9;;;10147;9;10149;24;;;10144.0;0.0
yf_ADM_d13;29900;ASH_COATED_OSMIUM;9900;27;9897;16;;;9906;20;9910;19;;;9903.0;0.0
yf_ADM_d13;29900;INTARIAN_PEPPER_ROOT;10141;25;10138;11;;;10147;17;10149;13;;;10144.0;0.0
yf_ADM_d13;30000;ASH_COATED_OSMIUM;9900;10;9897;15;;;9906;10;9908;13;;;9903.0;0.0
yf_ADM_d13;30000;INTARIAN_PEPPER_ROOT;10142;12;10140;26;;;10148;9;10150;14;;;10145.0;0.0
yf_ADM_d13;30100;ASH_COATED_OSMIUM;9900;11;9898;24;;;9906;19;9908;23;;;9903.0;0.0
yf_ADM_d13;30100;INTARIAN_PEPPER_ROOT;10138;17;10135;26;;;10153;10;10156;17;;;10145.5;0.0
yf_ADM_d13;30200;ASH_COATED_OSMIUM;9899;14;9895;22;;;9906;20;9909;16;;;9902.5;0.0
yf_ADM_d13;30200;INTARIAN_PEPPER_ROOT;10139;11;10135;12;;;10154;12;10157;12;;;10146.5;0.0
yf_ADM_d13;30300;ASH_COATED_OSMIUM;9900;21;9896;25;;;9906;27;9909;14;;;9903.0;0.0
yf_ADM_d13;30300;INTARIAN_PEPPER_ROOT;10141;21;10137;10;;;10154;9;10157;21;;;10147.5;0.0
yf_ADM_d13;30400;ASH_COATED_OSMIUM;9900;12;9896;29;;;9906;10;9910;25;;;9903.0;0.0
yf_ADM_d13;30400;INTARIAN_PEPPER_ROOT;10144;15;10141;11;;;10150;7;10154;23;;;10147.0;0.0
yf_ADM_d13;30500;ASH_COATED_OSMIUM;9900;17;9896;16;;;9907;15;9911;24;;;9903.5;0.0
yf_ADM_d13;30500;INTARIAN_PEPPER_ROOT;10145;13;10141;13;;;10151;19;10154;28;;;10148.0;0.0
yf_ADM_d13;30600;ASH_COATED_OSMIUM;9896;9;9893;19;;;9910;12;9912;22;;;9903.0;0.0
yf_ADM_d13;30600;INTARIAN_PEPPER_ROOT;10145;23;10143;22;;;10151;19;10153;28;;;10148.0;0.0
yf_ADM_d13;30700;ASH_COATED_OSMIUM;9894;14;9892;16;;;9913;23;9917;20;;;9903.5;0.0
yf_ADM_d13;30700;INTARIAN_PEPPER_ROOT;10135;19;10133;23;;;10164;17;10168;21;;;10149.5;0.0
yf_ADM_d13;30800;ASH_COATED_OSMIUM;9900;13;9897;16;;;9906;18;9909;17;;;9903.0;0.0
yf_ADM_d13;30800;INTARIAN_PEPPER_ROOT;10146;19;10142;19;;;10152;6;10155;15;;;10149.0;0.0
yf_ADM_d13;30900;ASH_COATED_OSMIUM;9900;7;9898;18;;;9906;17;9909;16;;;9903.0;0.0
yf_ADM_d13;30900;INTARIAN_PEPPER_ROOT;10147;5;10143;22;;;10153;19;10156;24;;;10150.0;0.0
yf_ADM_d13;31000;ASH_COATED_OSMIUM;9900;20;9897;27;;;9906;6;9908;28;;;9903.0;0.0
yf_ADM_d13;31000;INTARIAN_PEPPER_ROOT;10148;24;10146;31;;;10154;17;10158;26;;;10151.0;0.0
yf_ADM_d13;31100;ASH_COATED_OSMIUM;9900;18;9897;22;;;9906;18;9908;23;;;9903.0;0.0
yf_ADM_d13;31100;INTARIAN_PEPPER_ROOT;10147;14;10143;15;;;10155;24;10157;14;;;10151.0;0.0
yf_ADM_d13;31200;ASH_COATED_OSMIUM;9898;11;9896;28;;;9908;17;9912;20;;;9903.0;0.0
yf_ADM_d13;31200;INTARIAN_PEPPER_ROOT;10145;15;10142;19;;;10160;9;10162;23;;;10152.5;0.0
yf_ADM_d13;31300;ASH_COATED_OSMIUM;9900;10;9897;17;;;9906;16;9908;22;;;9903.0;0.0
yf_ADM_d13;31300;INTARIAN_PEPPER_ROOT;10150;8;10146;20;;;10156;15;10159;18;;;10153.0;0.0
yf_ADM_d13;31400;ASH_COATED_OSMIUM;9900;13;9898;17;;;9906;16;9908;24;;;9903.0;0.0
yf_ADM_d13;31400;INTARIAN_PEPPER_ROOT;10150;13;10146;19;;;10156;5;10158;26;;;10153.0;0.0
yf_ADM_d13;31500;ASH_COATED_OSMIUM;9895;17;9892;18;;;9912;19;9915;24;;;9903.5;0.0
yf_ADM_d13;31500;INTARIAN_PEPPER_ROOT;10151;9;10149;21;;;10157;19;10160;24;;;10154.0;0.0
yf_ADM_d13;31600;ASH_COATED_OSMIUM;9900;17;9898;17;;;9906;12;9910;12;;;9903.0;0.0
yf_ADM_d13;31600;INTARIAN_PEPPER_ROOT;10148;9;10146;18;;;10161;9;10165;11;;;10154.5;0.0
yf_ADM_d13;31700;ASH_COATED_OSMIUM;9898;26;9896;15;;;9909;15;9913;20;;;9903.5;0.0
yf_ADM_d13;31700;INTARIAN_PEPPER_ROOT;10152;11;10150;28;;;10158;8;10162;23;;;10155.0;0.0
yf_ADM_d13;31800;ASH_COATED_OSMIUM;9900;15;9897;11;;;9906;12;9909;19;;;9903.0;0.0
yf_ADM_d13;31800;INTARIAN_PEPPER_ROOT;10153;9;10151;19;;;10159;14;10161;15;;;10156.0;0.0
yf_ADM_d13;31900;ASH_COATED_OSMIUM;9900;9;9897;15;;;9906;19;9910;16;;;9903.0;0.0
yf_ADM_d13;31900;INTARIAN_PEPPER_ROOT;10152;5;10148;20;;;10160;11;10164;13;;;10156.0;0.0
yf_ADM_d13;32000;ASH_COATED_OSMIUM;9900;11;9898;13;;;9906;7;9910;16;;;9903.0;0.0
yf_ADM_d13;32000;INTARIAN_PEPPER_ROOT;10154;15;10151;29;;;10160;20;10163;22;;;10157.0;0.0
yf_ADM_d13;32100;ASH_COATED_OSMIUM;9893;18;9890;16;;;9913;9;9916;21;;;9903.0;0.0
yf_ADM_d13;32100;INTARIAN_PEPPER_ROOT;10154;20;10151;18;;;10160;14;10164;26;;;10157.0;0.0
yf_ADM_d13;32200;ASH_COATED_OSMIUM;9877;20;9874;17;;;9930;13;9934;20;;;9903.5;0.0
yf_ADM_d13;32200;INTARIAN_PEPPER_ROOT;10154;8;10152;22;;;10160;17;10163;13;;;10157.0;0.0
yf_ADM_d13;32300;ASH_COATED_OSMIUM;9900;22;9898;22;;;9906;15;9909;18;;;9903.0;0.0
yf_ADM_d13;32300;INTARIAN_PEPPER_ROOT;10156;17;10154;15;;;10162;24;10165;31;;;10159.0;0.0
yf_ADM_d13;32400;ASH_COATED_OSMIUM;9888;9;9884;18;;;9919;11;9921;16;;;9903.5;0.0
yf_ADM_d13;32400;INTARIAN_PEPPER_ROOT;10151;7;10147;24;;;10167;8;10170;15;;;10159.0;0.0
yf_ADM_d13;32500;ASH_COATED_OSMIUM;9886;17;9882;8;;;9921;17;9924;18;;;9903.5;0.0
yf_ADM_d13;32500;INTARIAN_PEPPER_ROOT;10157;25;10153;16;;;10163;16;10165;18;;;10160.0;0.0
yf_ADM_d13;32600;ASH_COATED_OSMIUM;9898;18;9896;26;;;9907;17;9911;14;;;9902.5;0.0
yf_ADM_d13;32600;INTARIAN_PEPPER_ROOT;10147;18;10145;24;;;10174;18;10178;15;;;10160.5;0.0
yf_ADM_d13;32700;ASH_COATED_OSMIUM;9900;7;9896;16;;;9906;18;9909;17;;;9903.0;0.0
yf_ADM_d13;32700;INTARIAN_PEPPER_ROOT;10157;12;10153;17;;;10166;11;10168;15;;;10161.5;0.0
yf_ADM_d13;32800;ASH_COATED_OSMIUM;9900;17;9897;18;;;9906;18;9910;21;;;9903.0;0.0
yf_ADM_d13;32800;INTARIAN_PEPPER_ROOT;10158;12;10155;20;;;10166;13;10168;17;;;10162.0;0.0
yf_ADM_d13;32900;ASH_COATED_OSMIUM;9900;9;9896;20;;;9906;10;9910;24;;;9903.0;0.0
yf_ADM_d13;32900;INTARIAN_PEPPER_ROOT;10159;20;10156;13;;;10165;9;10168;22;;;10162.0;0.0
yf_ADM_d13;33000;ASH_COATED_OSMIUM;9898;20;9896;24;;;9911;9;9915;17;;;9904.5;0.0
yf_ADM_d13;33000;INTARIAN_PEPPER_ROOT;10156;10;10154;22;;;10170;23;10173;24;;;10163.0;0.0
yf_ADM_d13;33100;ASH_COATED_OSMIUM;9900;10;9897;19;;;9906;5;9908;26;;;9903.0;0.0
yf_ADM_d13;33100;INTARIAN_PEPPER_ROOT;10158;14;10154;17;;;10168;12;10172;18;;;10163.0;0.0
yf_ADM_d13;33200;ASH_COATED_OSMIUM;9898;21;9895;26;;;9910;20;9913;16;;;9904.0;0.0
yf_ADM_d13;33200;INTARIAN_PEPPER_ROOT;10156;7;10152;31;;;10173;12;10177;17;;;10164.5;0.0
yf_ADM_d13;33300;ASH_COATED_OSMIUM;9900;19;9898;16;;;9906;21;9908;14;;;9903.0;0.0
yf_ADM_d13;33300;INTARIAN_PEPPER_ROOT;10161;15;10159;22;;;10167;16;10169;25;;;10164.0;0.0
yf_ADM_d13;33400;ASH_COATED_OSMIUM;9901;20;9898;20;;;9907;15;9911;25;;;9904.0;0.0
yf_ADM_d13;33400;INTARIAN_PEPPER_ROOT;10162;14;10160;22;;;10168;15;10172;16;;;10165.0;0.0
yf_ADM_d13;33500;ASH_COATED_OSMIUM;9887;15;9884;24;;;9920;19;9923;9;;;9903.5;0.0
yf_ADM_d13;33500;INTARIAN_PEPPER_ROOT;10163;27;10159;11;;;10169;11;10172;21;;;10166.0;0.0
yf_ADM_d13;33600;ASH_COATED_OSMIUM;9900;17;9898;23;;;9906;20;9908;24;;;9903.0;0.0
yf_ADM_d13;33600;INTARIAN_PEPPER_ROOT;10163;24;10159;26;;;10169;16;10173;21;;;10166.0;0.0
yf_ADM_d13;33700;ASH_COATED_OSMIUM;9901;5;9897;12;;;9907;16;9911;20;;;9904.0;0.0
yf_ADM_d13;33700;INTARIAN_PEPPER_ROOT;10164;17;10161;25;;;10170;19;10174;18;;;10167.0;0.0
yf_ADM_d13;33800;ASH_COATED_OSMIUM;9899;5;9896;15;;;9907;16;9911;9;;;9903.0;0.0
yf_ADM_d13;33800;INTARIAN_PEPPER_ROOT;10164;18;10162;22;;;10171;8;10174;11;;;10167.5;0.0
yf_ADM_d13;33900;ASH_COATED_OSMIUM;9900;13;9898;23;;;9906;15;9909;27;;;9903.0;0.0
yf_ADM_d13;33900;INTARIAN_PEPPER_ROOT;10165;6;10163;13;;;10171;11;10173;20;;;10168.0;0.0
yf_ADM_d13;34000;ASH_COATED_OSMIUM;9900;18;9898;30;;;9906;13;9908;22;;;9903.0;0.0
yf_ADM_d13;34000;INTARIAN_PEPPER_ROOT;10165;9;10161;13;;;10171;8;10175;18;;;10168.0;0.0
yf_ADM_d13;34100;ASH_COATED_OSMIUM;9890;11;9888;14;;;9917;8;9920;15;;;9903.5;0.0
yf_ADM_d13;34100;INTARIAN_PEPPER_ROOT;10164;21;10161;21;;;10173;13;10175;18;;;10168.5;0.0
yf_ADM_d13;34200;ASH_COATED_OSMIUM;9899;19;9895;15;;;9907;12;9911;24;;;9903.0;0.0
yf_ADM_d13;34200;INTARIAN_PEPPER_ROOT;10159;11;10157;14;;;10180;5;10183;14;;;10169.5;0.0
yf_ADM_d13;34300;ASH_COATED_OSMIUM;9900;7;9896;27;;;9906;11;9908;11;;;9903.0;0.0
yf_ADM_d13;34300;INTARIAN_PEPPER_ROOT;10163;11;10161;19;;;10175;18;10177;16;;;10169.0;0.0
yf_ADM_d13;34400;ASH_COATED_OSMIUM;9900;13;9896;18;;;9906;17;9909;18;;;9903.0;0.0
yf_ADM_d13;34400;INTARIAN_PEPPER_ROOT;10163;17;10160;19;;;10175;11;10177;29;;;10169.0;0.0
yf_ADM_d13;34500;ASH_COATED_OSMIUM;9901;18;9898;26;;;9907;23;9910;9;;;9904.0;0.0
yf_ADM_d13;34500;INTARIAN_PEPPER_ROOT;10167;12;10165;30;;;10173;10;10176;17;;;10170.0;0.0
yf_ADM_d13;34600;ASH_COATED_OSMIUM;9901;18;9897;19;;;9907;11;9909;16;;;9904.0;0.0
yf_ADM_d13;34600;INTARIAN_PEPPER_ROOT;10168;17;10164;21;;;10174;12;10176;20;;;10171.0;0.0
yf_ADM_d13;34700;ASH_COATED_OSMIUM;9901;15;9897;22;;;9907;15;9911;19;;;9904.0;0.0
yf_ADM_d13;34700;INTARIAN_PEPPER_ROOT;10167;20;10165;17;;;10175;8;10179;28;;;10171.0;0.0
yf_ADM_d13;34800;ASH_COATED_OSMIUM;9899;5;9897;15;;;9908;17;9910;24;;;9903.5;0.0
yf_ADM_d13;34800;INTARIAN_PEPPER_ROOT;10164;21;10160;21;;;10178;6;10180;18;;;10171.0;0.0
yf_ADM_d13;34900;ASH_COATED_OSMIUM;9900;12;9898;24;;;9906;11;9908;25;;;9903.0;0.0
yf_ADM_d13;34900;INTARIAN_PEPPER_ROOT;10169;16;10165;14;;;10175;17;10179;14;;;10172.0;0.0
yf_ADM_d13;35000;ASH_COATED_OSMIUM;9890;9;9888;26;;;9917;8;9919;20;;;9903.5;0.0
yf_ADM_d13;35000;INTARIAN_PEPPER_ROOT;10168;18;10164;20;;;10174;18;10177;20;;;10171.0;0.0
yf_ADM_d13;35100;ASH_COATED_OSMIUM;9896;16;9893;19;;;9911;14;9915;21;;;9903.5;0.0
yf_ADM_d13;35100;INTARIAN_PEPPER_ROOT;10166;9;10164;16;;;10178;11;10182;15;;;10172.0;0.0
yf_ADM_d13;35200;ASH_COATED_OSMIUM;9901;5;9898;18;;;9907;18;9910;21;;;9904.0;0.0
yf_ADM_d13;35200;INTARIAN_PEPPER_ROOT;10170;14;10167;12;;;10176;11;10178;16;;;10173.0;0.0
yf_ADM_d13;35300;ASH_COATED_OSMIUM;9895;21;9892;22;;;9912;17;9915;21;;;9903.5;0.0
yf_ADM_d13;35300;INTARIAN_PEPPER_ROOT;10169;14;10165;15;;;10176;9;10179;14;;;10172.5;0.0
yf_ADM_d13;35400;ASH_COATED_OSMIUM;9900;17;9896;23;;;9906;9;9910;15;;;9903.0;0.0
yf_ADM_d13;35400;INTARIAN_PEPPER_ROOT;10164;22;10161;21;;;10183;13;10187;25;;;10173.5;0.0
yf_ADM_d13;35500;ASH_COATED_OSMIUM;9897;8;9894;23;;;9909;18;9912;14;;;9903.0;0.0
yf_ADM_d13;35500;INTARIAN_PEPPER_ROOT;10170;8;10168;20;;;10176;11;10178;19;;;10173.0;0.0
yf_ADM_d13;35600;ASH_COATED_OSMIUM;9900;17;9898;13;;;9906;19;9910;16;;;9903.0;0.0
yf_ADM_d13;35600;INTARIAN_PEPPER_ROOT;10171;21;10169;22;;;10177;23;10179;18;;;10174.0;0.0
yf_ADM_d13;35700;ASH_COATED_OSMIUM;9900;11;9896;20;;;9906;19;9910;19;;;9903.0;0.0
yf_ADM_d13;35700;INTARIAN_PEPPER_ROOT;10172;16;10170;26;;;10178;15;10180;16;;;10175.0;0.0
yf_ADM_d13;35800;ASH_COATED_OSMIUM;9895;8;9892;20;;;9910;12;9913;24;;;9902.5;0.0
yf_ADM_d13;35800;INTARIAN_PEPPER_ROOT;10169;16;10166;16;;;10180;13;10183;21;;;10174.5;0.0
yf_ADM_d13;35900;ASH_COATED_OSMIUM;9900;13;9898;17;;;9906;25;9909;17;;;9903.0;0.0
yf_ADM_d13;35900;INTARIAN_PEPPER_ROOT;10172;22;10168;19;;;10178;11;10180;11;;;10175.0;0.0
yf_ADM_d13;36000;ASH_COATED_OSMIUM;9900;15;9896;17;;;9906;7;9909;21;;;9903.0;0.0
yf_ADM_d13;36000;INTARIAN_PEPPER_ROOT;10169;17;10165;10;;;10182;15;10185;12;;;10175.5;0.0
yf_ADM_d13;36100;ASH_COATED_OSMIUM;9900;11;9897;18;;;9906;21;9910;23;;;9903.0;0.0
yf_ADM_d13;36100;INTARIAN_PEPPER_ROOT;10171;15;10167;17;;;10179;15;10181;12;;;10175.0;0.0
yf_ADM_d13;36200;ASH_COATED_OSMIUM;9900;10;9897;24;;;9906;20;9910;23;;;9903.0;0.0
yf_ADM_d13;36200;INTARIAN_PEPPER_ROOT;10173;23;10171;31;;;10179;24;10182;25;;;10176.0;0.0
yf_ADM_d13;36300;ASH_COATED_OSMIUM;9900;13;9896;24;;;9906;17;9910;18;;;9903.0;0.0
yf_ADM_d13;36300;INTARIAN_PEPPER_ROOT;10172;16;10168;17;;;10180;15;10184;20;;;10176.0;0.0
yf_ADM_d13;36400;ASH_COATED_OSMIUM;9901;12;9897;26;;;9907;12;9909;18;;;9904.0;0.0
yf_ADM_d13;36400;INTARIAN_PEPPER_ROOT;10174;13;10170;19;;;10180;15;10183;28;;;10177.0;0.0
yf_ADM_d13;36500;ASH_COATED_OSMIUM;9900;14;9896;13;;;9906;21;9909;28;;;9903.0;0.0
yf_ADM_d13;36500;INTARIAN_PEPPER_ROOT;10174;18;10171;25;;;10180;17;10182;14;;;10177.0;0.0
yf_ADM_d13;36600;ASH_COATED_OSMIUM;9900;12;9897;24;;;9906;11;9910;20;;;9903.0;0.0
yf_ADM_d13;36600;INTARIAN_PEPPER_ROOT;10175;17;10173;21;;;10181;13;10184;22;;;10178.0;0.0
yf_ADM_d13;36700;ASH_COATED_OSMIUM;9901;5;9899;28;;;9907;5;9910;14;;;9904.0;0.0
yf_ADM_d13;36700;INTARIAN_PEPPER_ROOT;10174;10;10172;17;;;10183;13;10185;16;;;10178.5;0.0
yf_ADM_d13;36800;ASH_COATED_OSMIUM;9900;13;9898;15;;;9906;7;9909;18;;;9903.0;0.0
yf_ADM_d13;36800;INTARIAN_PEPPER_ROOT;10166;18;10162;14;;;10190;16;10192;15;;;10178.0;0.0
yf_ADM_d13;36900;ASH_COATED_OSMIUM;9896;16;9893;19;;;9911;14;9913;17;;;9903.5;0.0
yf_ADM_d13;36900;INTARIAN_PEPPER_ROOT;10176;27;10173;17;;;10183;12;10186;16;;;10179.5;0.0
yf_ADM_d13;37000;ASH_COATED_OSMIUM;9894;6;9891;19;;;9911;14;9915;9;;;9902.5;0.0
yf_ADM_d13;37000;INTARIAN_PEPPER_ROOT;10175;15;10173;25;;;10182;5;10184;13;;;10178.5;0.0
yf_ADM_d13;37100;ASH_COATED_OSMIUM;9898;18;9895;18;;;9908;10;9910;33;;;9903.0;0.0
yf_ADM_d13;37100;INTARIAN_PEPPER_ROOT;10177;12;10173;20;;;10183;10;10186;16;;;10180.0;0.0
yf_ADM_d13;37200;ASH_COATED_OSMIUM;9900;19;9896;15;;;9906;11;9908;25;;;9903.0;0.0
yf_ADM_d13;37200;INTARIAN_PEPPER_ROOT;10176;19;10172;16;;;10183;20;10187;22;;;10179.5;0.0
yf_ADM_d13;37300;ASH_COATED_OSMIUM;9900;15;9897;12;;;9906;21;9910;13;;;9903.0;0.0
yf_ADM_d13;37300;INTARIAN_PEPPER_ROOT;10176;15;10172;29;;;10183;8;10185;17;;;10179.5;0.0
yf_ADM_d13;37400;ASH_COATED_OSMIUM;9900;21;9898;25;;;9906;13;9909;16;;;9903.0;0.0
yf_ADM_d13;37400;INTARIAN_PEPPER_ROOT;10177;24;10174;23;;;10183;19;10187;25;;;10180.0;0.0
yf_ADM_d13;37500;ASH_COATED_OSMIUM;9901;16;9897;17;;;9907;8;9911;21;;;9904.0;0.0
yf_ADM_d13;37500;INTARIAN_PEPPER_ROOT;10178;17;10174;25;;;10184;23;10188;11;;;10181.0;0.0
yf_ADM_d13;37600;ASH_COATED_OSMIUM;9899;16;9895;18;;;9907;9;9910;25;;;9903.0;0.0
yf_ADM_d13;37600;INTARIAN_PEPPER_ROOT;10160;14;10158;17;;;10203;11;10205;16;;;10181.5;0.0
yf_ADM_d13;37700;ASH_COATED_OSMIUM;9894;22;9892;33;;;9912;5;9916;19;;;9903.0;0.0
yf_ADM_d13;37700;INTARIAN_PEPPER_ROOT;10179;18;10176;15;;;10185;18;10189;11;;;10182.0;0.0
yf_ADM_d13;37800;ASH_COATED_OSMIUM;9901;16;9899;17;;;9907;17;9910;23;;;9904.0;0.0
yf_ADM_d13;37800;INTARIAN_PEPPER_ROOT;10179;19;10177;14;;;10185;20;10189;12;;;10182.0;0.0
yf_ADM_d13;37900;ASH_COATED_OSMIUM;9900;14;9897;29;;;9906;13;9910;30;;;9903.0;0.0
yf_ADM_d13;37900;INTARIAN_PEPPER_ROOT;10178;15;10175;13;;;10186;13;10189;24;;;10182.0;0.0
yf_ADM_d13;38000;ASH_COATED_OSMIUM;9900;15;9898;22;;;9906;15;9910;8;;;9903.0;0.0
yf_ADM_d13;38000;INTARIAN_PEPPER_ROOT;10175;11;10173;17;;;10192;17;10194;26;;;10183.5;0.0
yf_ADM_d13;38100;ASH_COATED_OSMIUM;9900;14;9896;19;;;9906;13;9909;8;;;9903.0;0.0
yf_ADM_d13;38100;INTARIAN_PEPPER_ROOT;10180;19;10176;17;;;10186;23;10188;8;;;10183.0;0.0
yf_ADM_d13;38200;ASH_COATED_OSMIUM;9889;13;9887;22;;;9917;7;9921;26;;;9903.0;0.0
yf_ADM_d13;38200;INTARIAN_PEPPER_ROOT;10179;22;10175;24;;;10185;18;10189;13;;;10182.0;0.0
yf_ADM_d13;38300;ASH_COATED_OSMIUM;9900;5;9896;19;;;9906;19;9908;26;;;9903.0;0.0
yf_ADM_d13;38300;INTARIAN_PEPPER_ROOT;10181;14;10179;15;;;10187;13;10189;17;;;10184.0;0.0
yf_ADM_d13;38400;ASH_COATED_OSMIUM;9900;9;9898;18;;;9906;23;9910;13;;;9903.0;0.0
yf_ADM_d13;38400;INTARIAN_PEPPER_ROOT;10175;24;10173;13;;;10195;16;10197;19;;;10185.0;0.0
yf_ADM_d13;38500;ASH_COATED_OSMIUM;9896;12;9893;24;;;9911;5;9914;24;;;9903.5;0.0
yf_ADM_d13;38500;INTARIAN_PEPPER_ROOT;10181;7;10179;19;;;10188;16;10191;15;;;10184.5;0.0
yf_ADM_d13;38600;ASH_COATED_OSMIUM;9900;10;9898;20;;;9906;10;9909;17;;;9903.0;0.0
yf_ADM_d13;38600;INTARIAN_PEPPER_ROOT;10182;14;10180;24;;;10188;13;10190;14;;;10185.0;0.0
yf_ADM_d13;38700;ASH_COATED_OSMIUM;9900;20;9898;23;;;9907;17;9909;21;;;9903.5;0.0
yf_ADM_d13;38700;INTARIAN_PEPPER_ROOT;10182;11;10179;20;;;10188;17;10191;22;;;10185.0;0.0
yf_ADM_d13;38800;ASH_COATED_OSMIUM;9899;17;9895;26;;;9908;15;9911;18;;;9903.5;0.0
yf_ADM_d13;38800;INTARIAN_PEPPER_ROOT;10181;10;10178;18;;;10190;11;10193;19;;;10185.5;0.0
yf_ADM_d13;38900;ASH_COATED_OSMIUM;9900;8;9898;24;;;9906;21;9908;22;;;9903.0;0.0
yf_ADM_d13;38900;INTARIAN_PEPPER_ROOT;10180;13;10177;12;;;10192;20;10196;16;;;10186.0;0.0
yf_ADM_d13;39000;ASH_COATED_OSMIUM;9896;16;9894;25;;;9911;26;9914;19;;;9903.5;0.0
yf_ADM_d13;39000;INTARIAN_PEPPER_ROOT;10183;7;10179;23;;;10189;9;10191;25;;;10186.0;0.0
yf_ADM_d13;39100;ASH_COATED_OSMIUM;9899;11;9897;18;;;9907;9;9911;25;;;9903.0;0.0
yf_ADM_d13;39100;INTARIAN_PEPPER_ROOT;10184;28;10180;21;;;10190;13;10194;17;;;10187.0;0.0
yf_ADM_d13;39200;ASH_COATED_OSMIUM;9900;14;9897;15;;;9906;10;9909;15;;;9903.0;0.0
yf_ADM_d13;39200;INTARIAN_PEPPER_ROOT;10184;10;10181;28;;;10190;9;10194;18;;;10187.0;0.0
yf_ADM_d13;39300;ASH_COATED_OSMIUM;9897;21;9894;14;;;9909;19;9913;27;;;9903.0;0.0
yf_ADM_d13;39300;INTARIAN_PEPPER_ROOT;10184;15;10181;8;;;10190;17;10193;26;;;10187.0;0.0
yf_ADM_d13;39400;ASH_COATED_OSMIUM;9899;19;9895;16;;;9907;11;9909;15;;;9903.0;0.0
yf_ADM_d13;39400;INTARIAN_PEPPER_ROOT;10182;12;10180;29;;;10194;11;10197;19;;;10188.0;0.0
yf_ADM_d13;39500;ASH_COATED_OSMIUM;9898;10;9895;25;;;9910;17;9913;15;;;9904.0;0.0
yf_ADM_d13;39500;INTARIAN_PEPPER_ROOT;10179;13;10176;24;;;10198;15;10202;23;;;10188.5;0.0
yf_ADM_d13;39600;ASH_COATED_OSMIUM;9900;7;9898;26;;;9907;16;9909;29;;;9903.5;0.0
yf_ADM_d13;39600;INTARIAN_PEPPER_ROOT;10186;25;10184;23;;;10192;14;10194;18;;;10189.0;0.0
yf_ADM_d13;39700;ASH_COATED_OSMIUM;9900;14;9898;17;;;9907;15;9910;19;;;9903.5;0.0
yf_ADM_d13;39700;INTARIAN_PEPPER_ROOT;10186;10;10183;23;;;10192;12;10196;17;;;10189.0;0.0
yf_ADM_d13;39800;ASH_COATED_OSMIUM;9898;14;9895;20;;;9908;12;9912;20;;;9903.0;0.0
yf_ADM_d13;39800;INTARIAN_PEPPER_ROOT;10186;5;10183;17;;;10192;5;10196;13;;;10189.0;0.0
yf_ADM_d13;39900;ASH_COATED_OSMIUM;9897;25;9894;16;;;9909;18;9911;8;;;9903.0;0.0
yf_ADM_d13;39900;INTARIAN_PEPPER_ROOT;10182;7;10179;23;;;10197;12;10199;23;;;10189.5;0.0
yf_ADM_d13;40000;ASH_COATED_OSMIUM;9899;20;9896;23;;;9908;23;9910;21;;;9903.5;0.0
yf_ADM_d13;40000;INTARIAN_PEPPER_ROOT;10187;12;10185;26;;;10193;19;10195;16;;;10190.0;0.0
yf_ADM_d13;40100;ASH_COATED_OSMIUM;9897;13;9895;18;;;9910;17;9914;19;;;9903.5;0.0
yf_ADM_d13;40100;INTARIAN_PEPPER_ROOT;10184;18;10180;25;;;10197;21;10201;23;;;10190.5;0.0
yf_ADM_d13;40200;ASH_COATED_OSMIUM;9894;11;9890;16;;;9912;13;9916;19;;;9903.0;0.0
yf_ADM_d13;40200;INTARIAN_PEPPER_ROOT;10188;12;10186;20;;;10194;22;10197;25;;;10191.0;0.0
yf_ADM_d13;40300;ASH_COATED_OSMIUM;9900;15;9897;19;;;9906;12;9909;16;;;9903.0;0.0
yf_ADM_d13;40300;INTARIAN_PEPPER_ROOT;10179;15;10175;23;;;10201;25;10203;25;;;10190.0;0.0
yf_ADM_d13;40400;ASH_COATED_OSMIUM;9896;17;9893;22;;;9909;10;9913;25;;;9902.5;0.0
yf_ADM_d13;40400;INTARIAN_PEPPER_ROOT;10188;20;10184;24;;;10194;19;10198;21;;;10191.0;0.0
yf_ADM_d13;40500;ASH_COATED_OSMIUM;9900;20;9897;12;;;9906;14;9909;21;;;9903.0;0.0
yf_ADM_d13;40500;INTARIAN_PEPPER_ROOT;10188;17;10184;20;;;10194;19;10196;12;;;10191.0;0.0
yf_ADM_d13;40600;ASH_COATED_OSMIUM;9900;18;9897;24;;;9906;8;9910;16;;;9903.0;0.0
yf_ADM_d13;40600;INTARIAN_PEPPER_ROOT;10189;21;10185;21;;;10195;12;10198;12;;;10192.0;0.0
yf_ADM_d13;40700;ASH_COATED_OSMIUM;9900;12;9896;21;;;9906;13;9909;17;;;9903.0;0.0
yf_ADM_d13;40700;INTARIAN_PEPPER_ROOT;10185;23;10182;14;;;10200;20;10203;23;;;10192.5;0.0
yf_ADM_d13;40800;ASH_COATED_OSMIUM;9897;19;9893;24;;;9910;14;9913;14;;;9903.5;0.0
yf_ADM_d13;40800;INTARIAN_PEPPER_ROOT;10190;14;10187;18;;;10196;10;10198;30;;;10193.0;0.0
yf_ADM_d13;40900;ASH_COATED_OSMIUM;9901;15;9897;27;;;9907;18;9910;23;;;9904.0;0.0
yf_ADM_d13;40900;INTARIAN_PEPPER_ROOT;10190;5;10186;13;;;10196;12;10198;10;;;10193.0;0.0
yf_ADM_d13;41000;ASH_COATED_OSMIUM;9900;27;9898;20;;;9906;23;9908;15;;;9903.0;0.0
yf_ADM_d13;41000;INTARIAN_PEPPER_ROOT;10187;13;10183;23;;;10201;14;10203;14;;;10194.0;0.0
yf_ADM_d13;41100;ASH_COATED_OSMIUM;9893;16;9890;14;;;9913;16;9917;17;;;9903.0;0.0
yf_ADM_d13;41100;INTARIAN_PEPPER_ROOT;10182;9;10180;15;;;10205;13;10209;18;;;10193.5;0.0
yf_ADM_d13;41200;ASH_COATED_OSMIUM;9881;14;9877;20;;;9924;17;9928;23;;;9902.5;0.0
yf_ADM_d13;41200;INTARIAN_PEPPER_ROOT;10192;8;10190;14;;;10198;22;10201;20;;;10195.0;0.0
yf_ADM_d13;41300;ASH_COATED_OSMIUM;9900;17;9896;27;;;9906;5;9910;13;;;9903.0;0.0
yf_ADM_d13;41300;INTARIAN_PEPPER_ROOT;10191;24;10187;24;;;10197;12;10201;31;;;10194.0;0.0
yf_ADM_d13;41400;ASH_COATED_OSMIUM;9900;14;9897;18;;;9906;14;9908;14;;;9903.0;0.0
yf_ADM_d13;41400;INTARIAN_PEPPER_ROOT;10189;10;10186;26;;;10200;8;10202;21;;;10194.5;0.0
yf_ADM_d13;41500;ASH_COATED_OSMIUM;9900;23;9898;22;;;9906;16;9908;20;;;9903.0;0.0
yf_ADM_d13;41500;INTARIAN_PEPPER_ROOT;10192;18;10188;23;;;10198;17;10201;16;;;10195.0;0.0
yf_ADM_d13;41600;ASH_COATED_OSMIUM;9899;8;9895;16;;;9905;22;9909;22;;;9902.0;0.0
yf_ADM_d13;41600;INTARIAN_PEPPER_ROOT;10192;8;10190;21;;;10200;6;10203;25;;;10196.0;0.0
yf_ADM_d13;41700;ASH_COATED_OSMIUM;9900;13;9898;19;;;9906;20;9908;17;;;9903.0;0.0
yf_ADM_d13;41700;INTARIAN_PEPPER_ROOT;10188;14;10186;15;;;10204;20;10207;17;;;10196.0;0.0
yf_ADM_d13;41800;ASH_COATED_OSMIUM;9894;13;9890;20;;;9913;15;9915;23;;;9903.5;0.0
yf_ADM_d13;41800;INTARIAN_PEPPER_ROOT;10193;22;10189;29;;;10199;11;10202;8;;;10196.0;0.0
yf_ADM_d13;41900;ASH_COATED_OSMIUM;9899;17;9896;21;;;9906;20;9908;10;;;9902.5;0.0
yf_ADM_d13;41900;INTARIAN_PEPPER_ROOT;10194;7;10191;17;;;10200;5;10204;18;;;10197.0;0.0
yf_ADM_d13;42000;ASH_COATED_OSMIUM;9899;8;9897;24;;;9908;17;9912;22;;;9903.5;0.0
yf_ADM_d13;42000;INTARIAN_PEPPER_ROOT;10192;15;10189;20;;;10202;7;10205;27;;;10197.0;0.0
yf_ADM_d13;42100;ASH_COATED_OSMIUM;9895;27;9893;19;;;9913;16;9917;20;;;9904.0;0.0
yf_ADM_d13;42100;INTARIAN_PEPPER_ROOT;10190;15;10187;17;;;10204;14;10206;19;;;10197.0;0.0
yf_ADM_d13;42200;ASH_COATED_OSMIUM;9899;8;9895;26;;;9908;18;9910;17;;;9903.5;0.0
yf_ADM_d13;42200;INTARIAN_PEPPER_ROOT;10191;5;10189;18;;;10204;16;10207;20;;;10197.5;0.0
yf_ADM_d13;42300;ASH_COATED_OSMIUM;9897;16;9894;23;;;9911;7;9913;15;;;9904.0;0.0
yf_ADM_d13;42300;INTARIAN_PEPPER_ROOT;10194;25;10192;20;;;10203;9;10206;21;;;10198.5;0.0
yf_ADM_d13;42400;ASH_COATED_OSMIUM;9900;13;9896;11;;;9906;18;9910;23;;;9903.0;0.0
yf_ADM_d13;42400;INTARIAN_PEPPER_ROOT;10195;19;10193;15;;;10201;23;10205;20;;;10198.0;0.0
yf_ADM_d13;42500;ASH_COATED_OSMIUM;9900;13;9896;22;;;9906;13;9908;16;;;9903.0;0.0
yf_ADM_d13;42500;INTARIAN_PEPPER_ROOT;10196;14;10193;26;;;10202;15;10204;14;;;10199.0;0.0
yf_ADM_d13;42600;ASH_COATED_OSMIUM;9900;14;9896;10;;;9906;17;9908;23;;;9903.0;0.0
yf_ADM_d13;42600;INTARIAN_PEPPER_ROOT;10196;18;10194;20;;;10202;10;10204;14;;;10199.0;0.0
yf_ADM_d13;42700;ASH_COATED_OSMIUM;9899;5;9895;21;;;9908;12;9912;18;;;9903.5;0.0
yf_ADM_d13;42700;INTARIAN_PEPPER_ROOT;10192;15;10190;20;;;10208;14;10211;22;;;10200.0;0.0
yf_ADM_d13;42800;ASH_COATED_OSMIUM;9898;12;9894;18;;;9908;17;9912;17;;;9903.0;0.0
yf_ADM_d13;42800;INTARIAN_PEPPER_ROOT;10197;10;10195;17;;;10203;6;10207;19;;;10200.0;0.0
yf_ADM_d13;42900;ASH_COATED_OSMIUM;9900;16;9898;23;;;9906;12;9910;20;;;9903.0;0.0
yf_ADM_d13;42900;INTARIAN_PEPPER_ROOT;10198;11;10196;26;;;10204;9;10207;19;;;10201.0;0.0
yf_ADM_d13;43000;ASH_COATED_OSMIUM;9899;16;9896;8;;;9906;19;9909;18;;;9902.5;0.0
yf_ADM_d13;43000;INTARIAN_PEPPER_ROOT;10184;12;10181;25;;;10218;10;10222;24;;;10201.0;0.0
yf_ADM_d13;43100;ASH_COATED_OSMIUM;9900;14;9897;17;;;9906;15;9908;19;;;9903.0;0.0
yf_ADM_d13;43100;INTARIAN_PEPPER_ROOT;10198;17;10194;23;;;10204;15;10207;25;;;10201.0;0.0
yf_ADM_d13;43200;ASH_COATED_OSMIUM;9900;7;9896;21;;;9906;13;9910;21;;;9903.0;0.0
yf_ADM_d13;43200;INTARIAN_PEPPER_ROOT;10198;8;10194;14;;;10204;16;10207;18;;;10201.0;0.0
yf_ADM_d13;43300;ASH_COATED_OSMIUM;9898;9;9895;8;;;9908;17;9910;19;;;9903.0;0.0
yf_ADM_d13;43300;INTARIAN_PEPPER_ROOT;10196;7;10192;21;;;10207;20;10209;17;;;10201.5;0.0
yf_ADM_d13;43400;ASH_COATED_OSMIUM;9900;14;9896;24;;;9906;18;9910;22;;;9903.0;0.0
yf_ADM_d13;43400;INTARIAN_PEPPER_ROOT;10198;6;10195;15;;;10206;15;10210;23;;;10202.0;0.0
yf_ADM_d13;43500;ASH_COATED_OSMIUM;9897;12;9894;25;;;9909;15;9913;27;;;9903.0;0.0
yf_ADM_d13;43500;INTARIAN_PEPPER_ROOT;10199;19;10195;23;;;10205;21;10208;26;;;10202.0;0.0
yf_ADM_d13;43600;ASH_COATED_OSMIUM;9900;13;9897;16;;;9906;26;9908;29;;;9903.0;0.0
yf_ADM_d13;43600;INTARIAN_PEPPER_ROOT;10201;21;10197;22;;;10207;13;10211;22;;;10204.0;0.0
yf_ADM_d13;43700;ASH_COATED_OSMIUM;9900;13;9896;18;;;9906;19;9910;30;;;9903.0;0.0
yf_ADM_d13;43700;INTARIAN_PEPPER_ROOT;10200;17;10198;21;;;10206;18;10209;18;;;10203.0;0.0
yf_ADM_d13;43800;ASH_COATED_OSMIUM;9900;17;9897;14;;;9906;17;9910;17;;;9903.0;0.0
yf_ADM_d13;43800;INTARIAN_PEPPER_ROOT;10200;18;10198;19;;;10206;14;10209;10;;;10203.0;0.0
yf_ADM_d13;43900;ASH_COATED_OSMIUM;9900;20;9898;20;;;9906;14;9910;17;;;9903.0;0.0
yf_ADM_d13;43900;INTARIAN_PEPPER_ROOT;10201;15;10197;21;;;10207;20;10211;26;;;10204.0;0.0
yf_ADM_d13;44000;ASH_COATED_OSMIUM;9899;23;9896;28;;;9905;7;9908;19;;;9902.0;0.0
yf_ADM_d13;44000;INTARIAN_PEPPER_ROOT;10197;14;10194;24;;;10211;9;10214;11;;;10204.0;0.0
yf_ADM_d13;44100;ASH_COATED_OSMIUM;9899;14;9895;18;;;9906;11;9910;16;;;9902.5;0.0
yf_ADM_d13;44100;INTARIAN_PEPPER_ROOT;10202;19;10198;21;;;10208;18;10210;15;;;10205.0;0.0
yf_ADM_d13;44200;ASH_COATED_OSMIUM;9899;13;9896;16;;;9907;16;9909;23;;;9903.0;0.0
yf_ADM_d13;44200;INTARIAN_PEPPER_ROOT;10195;5;10193;33;;;10214;19;10218;21;;;10204.5;0.0
yf_ADM_d13;44300;ASH_COATED_OSMIUM;9894;13;9892;17;;;9912;15;9914;20;;;9903.0;0.0
yf_ADM_d13;44300;INTARIAN_PEPPER_ROOT;10200;17;10196;25;;;10212;7;10215;24;;;10206.0;0.0
yf_ADM_d13;44400;ASH_COATED_OSMIUM;9900;13;9898;19;;;9906;9;9908;25;;;9903.0;0.0
yf_ADM_d13;44400;INTARIAN_PEPPER_ROOT;10203;16;10201;19;;;10209;16;10212;26;;;10206.0;0.0
yf_ADM_d13;44500;ASH_COATED_OSMIUM;9899;15;9895;10;;;9908;25;9912;24;;;9903.5;0.0
yf_ADM_d13;44500;INTARIAN_PEPPER_ROOT;10204;18;10202;25;;;10210;12;10214;27;;;10207.0;0.0
yf_ADM_d13;44600;ASH_COATED_OSMIUM;9900;5;9896;26;;;9906;18;9909;14;;;9903.0;0.0
yf_ADM_d13;44600;INTARIAN_PEPPER_ROOT;10197;15;10195;20;;;10216;17;10220;25;;;10206.5;0.0
yf_ADM_d13;44700;ASH_COATED_OSMIUM;9900;15;9897;12;;;9906;19;9910;26;;;9903.0;0.0
yf_ADM_d13;44700;INTARIAN_PEPPER_ROOT;10180;14;10177;18;;;10234;15;10238;18;;;10207.0;0.0
yf_ADM_d13;44800;ASH_COATED_OSMIUM;9900;16;9897;19;;;9906;18;9910;19;;;9903.0;0.0
yf_ADM_d13;44800;INTARIAN_PEPPER_ROOT;10198;12;10196;17;;;10217;20;10221;11;;;10207.5;0.0
yf_ADM_d13;44900;ASH_COATED_OSMIUM;9899;15;9896;20;;;9906;13;9910;18;;;9902.5;0.0
yf_ADM_d13;44900;INTARIAN_PEPPER_ROOT;10193;20;10191;12;;;10222;21;10226;17;;;10207.5;0.0
yf_ADM_d13;45000;ASH_COATED_OSMIUM;9900;16;9898;21;;;9906;22;9910;31;;;9903.0;0.0
yf_ADM_d13;45000;INTARIAN_PEPPER_ROOT;10205;18;10202;20;;;10211;13;10213;12;;;10208.0;0.0
yf_ADM_d13;45100;ASH_COATED_OSMIUM;9899;21;9897;23;;;9905;8;9908;23;;;9902.0;0.0
yf_ADM_d13;45100;INTARIAN_PEPPER_ROOT;10205;20;10202;17;;;10211;7;10214;20;;;10208.0;0.0
yf_ADM_d13;45200;ASH_COATED_OSMIUM;9899;18;9896;16;;;9907;12;9911;12;;;9903.0;0.0
yf_ADM_d13;45200;INTARIAN_PEPPER_ROOT;10206;19;10204;21;;;10212;13;10214;20;;;10209.0;0.0
yf_ADM_d13;45300;ASH_COATED_OSMIUM;9892;17;9890;23;;;9914;11;9918;17;;;9903.0;0.0
yf_ADM_d13;45300;INTARIAN_PEPPER_ROOT;10206;7;10204;23;;;10212;5;10215;12;;;10209.0;0.0
yf_ADM_d13;45400;ASH_COATED_OSMIUM;9900;6;9896;21;;;9906;11;9910;25;;;9903.0;0.0
yf_ADM_d13;45400;INTARIAN_PEPPER_ROOT;10202;23;10198;20;;;10217;10;10220;19;;;10209.5;0.0
yf_ADM_d13;45500;ASH_COATED_OSMIUM;9900;7;9898;18;;;9906;8;9908;19;;;9903.0;0.0
yf_ADM_d13;45500;INTARIAN_PEPPER_ROOT;10198;17;10194;21;;;10221;20;10225;16;;;10209.5;0.0
yf_ADM_d13;45600;ASH_COATED_OSMIUM;9896;12;9893;10;;;9911;15;9913;21;;;9903.5;0.0
yf_ADM_d13;45600;INTARIAN_PEPPER_ROOT;10208;16;10205;14;;;10214;18;10218;15;;;10211.0;0.0
yf_ADM_d13;45700;ASH_COATED_OSMIUM;9898;19;9896;24;;;9907;12;9911;23;;;9902.5;0.0
yf_ADM_d13;45700;INTARIAN_PEPPER_ROOT;10207;15;10203;12;;;10213;18;10216;21;;;10210.0;0.0
yf_ADM_d13;45800;ASH_COATED_OSMIUM;9900;7;9896;14;;;9906;17;9909;13;;;9903.0;0.0
yf_ADM_d13;45800;INTARIAN_PEPPER_ROOT;10208;17;10205;23;;;10214;15;10218;15;;;10211.0;0.0
yf_ADM_d13;45900;ASH_COATED_OSMIUM;9900;19;9897;21;;;9906;23;9909;20;;;9903.0;0.0
yf_ADM_d13;45900;INTARIAN_PEPPER_ROOT;10208;25;10204;18;;;10214;21;10218;21;;;10211.0;0.0
yf_ADM_d13;46000;ASH_COATED_OSMIUM;9900;12;9897;26;;;9906;16;9908;18;;;9903.0;0.0
yf_ADM_d13;46000;INTARIAN_PEPPER_ROOT;10205;12;10202;23;;;10218;12;10221;16;;;10211.5;0.0
yf_ADM_d13;46100;ASH_COATED_OSMIUM;9900;17;9897;13;;;9906;5;9909;21;;;9903.0;0.0
yf_ADM_d13;46100;INTARIAN_PEPPER_ROOT;10209;13;10206;21;;;10215;19;10218;17;;;10212.0;0.0
yf_ADM_d13;46200;ASH_COATED_OSMIUM;9900;20;9898;21;;;9906;14;9909;13;;;9903.0;0.0
yf_ADM_d13;46200;INTARIAN_PEPPER_ROOT;10209;16;10207;20;;;10215;18;10218;27;;;10212.0;0.0
yf_ADM_d13;46300;ASH_COATED_OSMIUM;9900;19;9897;23;;;9906;19;9910;19;;;9903.0;0.0
yf_ADM_d13;46300;INTARIAN_PEPPER_ROOT;10209;8;10207;23;;;10215;15;10219;22;;;10212.0;0.0
yf_ADM_d13;46400;ASH_COATED_OSMIUM;9900;9;9898;25;;;9906;15;9910;11;;;9903.0;0.0
yf_ADM_d13;46400;INTARIAN_PEPPER_ROOT;10210;10;10208;15;;;10216;22;10218;15;;;10213.0;0.0
yf_ADM_d13;46500;ASH_COATED_OSMIUM;9900;13;9898;15;;;9906;15;9908;28;;;9903.0;0.0
yf_ADM_d13;46500;INTARIAN_PEPPER_ROOT;10210;17;10208;12;;;10217;17;10220;20;;;10213.5;0.0
yf_ADM_d13;46600;ASH_COATED_OSMIUM;9898;14;9894;9;;;9910;21;9912;18;;;9904.0;0.0
yf_ADM_d13;46600;INTARIAN_PEPPER_ROOT;10210;18;10206;29;;;10216;10;10219;21;;;10213.0;0.0
yf_ADM_d13;46700;ASH_COATED_OSMIUM;9900;9;9896;19;;;9906;10;9909;20;;;9903.0;0.0
yf_ADM_d13;46700;INTARIAN_PEPPER_ROOT;10212;13;10208;18;;;10218;15;10220;24;;;10215.0;0.0
yf_ADM_d13;46800;ASH_COATED_OSMIUM;9900;18;9898;22;;;9906;20;9908;27;;;9903.0;0.0
yf_ADM_d13;46800;INTARIAN_PEPPER_ROOT;10208;13;10206;15;;;10221;14;10225;20;;;10214.5;0.0
yf_ADM_d13;46900;ASH_COATED_OSMIUM;9896;19;9892;20;;;9910;20;9914;22;;;9903.0;0.0
yf_ADM_d13;46900;INTARIAN_PEPPER_ROOT;10208;13;10205;12;;;10220;23;10224;19;;;10214.0;0.0
yf_ADM_d13;47000;ASH_COATED_OSMIUM;9899;17;9895;22;;;9906;8;9910;15;;;9902.5;0.0
yf_ADM_d13;47000;INTARIAN_PEPPER_ROOT;10208;15;10206;25;;;10222;11;10225;15;;;10215.0;0.0
yf_ADM_d13;47100;ASH_COATED_OSMIUM;9893;16;9890;19;;;9913;18;9916;13;;;9903.0;0.0
yf_ADM_d13;47100;INTARIAN_PEPPER_ROOT;10212;15;10208;25;;;10218;18;10222;20;;;10215.0;0.0
yf_ADM_d13;47200;ASH_COATED_OSMIUM;9900;6;9897;17;;;9906;23;9908;31;;;9903.0;0.0
yf_ADM_d13;47200;INTARIAN_PEPPER_ROOT;10213;10;10211;20;;;10219;13;10221;15;;;10216.0;0.0
yf_ADM_d13;47300;ASH_COATED_OSMIUM;9900;15;9898;17;;;9906;7;9908;24;;;9903.0;0.0
yf_ADM_d13;47300;INTARIAN_PEPPER_ROOT;10213;14;10211;18;;;10220;11;10222;21;;;10216.5;0.0
yf_ADM_d13;47400;ASH_COATED_OSMIUM;9894;14;9891;19;;;9912;11;9916;19;;;9903.0;0.0
yf_ADM_d13;47400;INTARIAN_PEPPER_ROOT;10213;16;10209;17;;;10219;15;10222;23;;;10216.0;0.0
yf_ADM_d13;47500;ASH_COATED_OSMIUM;9900;17;9897;20;;;9906;11;9909;18;;;9903.0;0.0
yf_ADM_d13;47500;INTARIAN_PEPPER_ROOT;10214;17;10212;17;;;10220;17;10222;11;;;10217.0;0.0
yf_ADM_d13;47600;ASH_COATED_OSMIUM;9866;13;9862;28;;;9940;8;9943;25;;;9903.0;0.0
yf_ADM_d13;47600;INTARIAN_PEPPER_ROOT;10210;16;10206;26;;;10224;28;10227;17;;;10217.0;0.0
yf_ADM_d13;47700;ASH_COATED_OSMIUM;9900;12;9897;22;;;9906;20;9908;10;;;9903.0;0.0
yf_ADM_d13;47700;INTARIAN_PEPPER_ROOT;10209;23;10207;18;;;10225;11;10227;16;;;10217.0;0.0
yf_ADM_d13;47800;ASH_COATED_OSMIUM;9899;17;9897;24;;;9905;11;9909;16;;;9902.0;0.0
yf_ADM_d13;47800;INTARIAN_PEPPER_ROOT;10208;20;10206;21;;;10227;19;10229;10;;;10217.5;0.0
yf_ADM_d13;47900;ASH_COATED_OSMIUM;9900;9;9898;26;;;9906;21;9910;21;;;9903.0;0.0
yf_ADM_d13;47900;INTARIAN_PEPPER_ROOT;10216;12;10212;19;;;10222;23;10224;17;;;10219.0;0.0
yf_ADM_d13;48000;ASH_COATED_OSMIUM;9897;19;9894;23;;;9909;15;9912;15;;;9903.0;0.0
yf_ADM_d13;48000;INTARIAN_PEPPER_ROOT;10216;23;10212;23;;;10222;14;10226;26;;;10219.0;0.0
yf_ADM_d13;48100;ASH_COATED_OSMIUM;9900;18;9896;18;;;9906;14;9908;19;;;9903.0;0.0
yf_ADM_d13;48100;INTARIAN_PEPPER_ROOT;10216;12;10213;11;;;10222;14;10224;30;;;10219.0;0.0
yf_ADM_d13;48200;ASH_COATED_OSMIUM;9890;14;9887;20;;;9914;14;9918;12;;;9902.0;0.0
yf_ADM_d13;48200;INTARIAN_PEPPER_ROOT;10217;7;10214;20;;;10223;16;10225;12;;;10220.0;0.0
yf_ADM_d13;48300;ASH_COATED_OSMIUM;9895;18;9891;21;;;9911;10;9915;16;;;9903.0;0.0
yf_ADM_d13;48300;INTARIAN_PEPPER_ROOT;10217;11;10213;22;;;10223;19;10225;19;;;10220.0;0.0
yf_ADM_d13;48400;ASH_COATED_OSMIUM;9900;22;9898;19;;;9906;21;9908;19;;;9903.0;0.0
yf_ADM_d13;48400;INTARIAN_PEPPER_ROOT;10217;20;10213;22;;;10223;23;10225;17;;;10220.0;0.0
yf_ADM_d13;48500;ASH_COATED_OSMIUM;9897;7;9893;13;;;9909;16;9913;22;;;9903.0;0.0
yf_ADM_d13;48500;INTARIAN_PEPPER_ROOT;10217;16;10214;22;;;10223;14;10226;23;;;10220.0;0.0
yf_ADM_d13;48600;ASH_COATED_OSMIUM;9900;19;9896;24;;;9906;19;9910;16;;;9903.0;0.0
yf_ADM_d13;48600;INTARIAN_PEPPER_ROOT;10218;11;10216;20;;;10224;19;10228;19;;;10221.0;0.0
yf_ADM_d13;48700;ASH_COATED_OSMIUM;9897;21;9894;19;;;9909;22;9913;16;;;9903.0;0.0
yf_ADM_d13;48700;INTARIAN_PEPPER_ROOT;10215;21;10211;19;;;10228;5;10232;17;;;10221.5;0.0
yf_ADM_d13;48800;ASH_COATED_OSMIUM;9899;18;9896;23;;;9905;13;9907;17;;;9902.0;0.0
yf_ADM_d13;48800;INTARIAN_PEPPER_ROOT;10219;15;10217;19;;;10225;11;10228;20;;;10222.0;0.0
yf_ADM_d13;48900;ASH_COATED_OSMIUM;9900;10;9896;24;;;9906;12;9908;14;;;9903.0;0.0
yf_ADM_d13;48900;INTARIAN_PEPPER_ROOT;10219;7;10217;21;;;10225;23;10228;21;;;10222.0;0.0
yf_ADM_d13;49000;ASH_COATED_OSMIUM;9900;23;9898;20;;;9906;6;9909;27;;;9903.0;0.0
yf_ADM_d13;49000;INTARIAN_PEPPER_ROOT;10219;23;10215;21;;;10225;6;10228;12;;;10222.0;0.0
yf_ADM_d13;49100;ASH_COATED_OSMIUM;9900;10;9896;21;;;9906;20;9909;19;;;9903.0;0.0
yf_ADM_d13;49100;INTARIAN_PEPPER_ROOT;10218;9;10216;27;;;10227;14;10229;20;;;10222.5;0.0
yf_ADM_d13;49200;ASH_COATED_OSMIUM;9900;5;9897;26;;;9906;17;9908;22;;;9903.0;0.0
yf_ADM_d13;49200;INTARIAN_PEPPER_ROOT;10220;24;10216;21;;;10226;21;10229;9;;;10223.0;0.0
yf_ADM_d13;49300;ASH_COATED_OSMIUM;9900;25;9896;11;;;9906;7;9910;20;;;9903.0;0.0
yf_ADM_d13;49300;INTARIAN_PEPPER_ROOT;10221;21;10219;21;;;10227;7;10231;27;;;10224.0;0.0
yf_ADM_d13;49400;ASH_COATED_OSMIUM;9900;24;9896;27;;;9906;20;9908;21;;;9903.0;0.0
yf_ADM_d13;49400;INTARIAN_PEPPER_ROOT;10221;29;10217;23;;;10227;10;10231;23;;;10224.0;0.0
yf_ADM_d13;49500;ASH_COATED_OSMIUM;9897;16;9894;14;;;9910;13;9913;20;;;9903.5;0.0
yf_ADM_d13;49500;INTARIAN_PEPPER_ROOT;10221;12;10219;19;;;10227;6;10229;21;;;10224.0;0.0
yf_ADM_d13;49600;ASH_COATED_OSMIUM;9899;16;9896;16;;;9905;14;9909;14;;;9902.0;0.0
yf_ADM_d13;49600;INTARIAN_PEPPER_ROOT;10221;11;10219;23;;;10227;19;10231;25;;;10224.0;0.0
yf_ADM_d13;49700;ASH_COATED_OSMIUM;9900;13;9898;17;;;9906;20;9910;10;;;9903.0;0.0
yf_ADM_d13;49700;INTARIAN_PEPPER_ROOT;10211;20;10209;29;;;10240;5;10243;26;;;10225.5;0.0
yf_ADM_d13;49800;ASH_COATED_OSMIUM;9900;16;9897;26;;;9906;9;9910;18;;;9903.0;0.0
yf_ADM_d13;49800;INTARIAN_PEPPER_ROOT;10222;14;10219;17;;;10228;21;10232;20;;;10225.0;0.0
yf_ADM_d13;49900;ASH_COATED_OSMIUM;9899;13;9896;22;;;9906;10;9910;19;;;9902.5;0.0
yf_ADM_d13;49900;INTARIAN_PEPPER_ROOT;10222;26;10219;21;;;10228;11;10230;20;;;10225.0;0.0
yf_ADM_d13;50000;ASH_COATED_OSMIUM;9900;21;9898;19;;;9906;14;9910;18;;;9903.0;0.0
yf_ADM_d13;50000;INTARIAN_PEPPER_ROOT;10221;12;10219;22;;;10229;19;10231;28;;;10225.0;0.0
yf_ADM_d13;50100;ASH_COATED_OSMIUM;9900;19;9898;24;;;9906;11;9908;21;;;9903.0;0.0
yf_ADM_d13;50100;INTARIAN_PEPPER_ROOT;10222;9;10218;22;;;10231;14;10234;25;;;10226.5;0.0
yf_ADM_d13;50200;ASH_COATED_OSMIUM;9900;13;9896;19;;;9906;17;9909;25;;;9903.0;0.0
yf_ADM_d13;50200;INTARIAN_PEPPER_ROOT;10224;20;10221;22;;;10230;14;10232;22;;;10227.0;0.0
yf_ADM_d13;50300;ASH_COATED_OSMIUM;9894;11;9892;16;;;9911;14;9915;21;;;9902.5;0.0
yf_ADM_d13;50300;INTARIAN_PEPPER_ROOT;10224;19;10221;9;;;10230;15;10234;26;;;10227.0;0.0
yf_ADM_d13;50400;ASH_COATED_OSMIUM;9899;12;9895;24;;;9907;10;9909;18;;;9903.0;0.0
yf_ADM_d13;50400;INTARIAN_PEPPER_ROOT;10219;10;10216;18;;;10236;12;10238;12;;;10227.5;0.0
yf_ADM_d13;50500;ASH_COATED_OSMIUM;9900;13;9897;18;;;9906;10;9909;24;;;9903.0;0.0
yf_ADM_d13;50500;INTARIAN_PEPPER_ROOT;10225;17;10222;17;;;10231;17;10234;25;;;10228.0;0.0
yf_ADM_d13;50600;ASH_COATED_OSMIUM;9900;18;9897;24;;;9906;16;9910;9;;;9903.0;0.0
yf_ADM_d13;50600;INTARIAN_PEPPER_ROOT;10215;11;10211;19;;;10242;23;10246;23;;;10228.5;0.0
yf_ADM_d13;50700;ASH_COATED_OSMIUM;9899;22;9897;17;;;9905;13;9908;21;;;9902.0;0.0
yf_ADM_d13;50700;INTARIAN_PEPPER_ROOT;10225;14;10221;17;;;10231;9;10235;27;;;10228.0;0.0
yf_ADM_d13;50800;ASH_COATED_OSMIUM;9899;13;9895;16;;;9908;15;9911;14;;;9903.5;0.0
yf_ADM_d13;50800;INTARIAN_PEPPER_ROOT;10215;17;10213;13;;;10242;17;10246;21;;;10228.5;0.0
yf_ADM_d13;50900;ASH_COATED_OSMIUM;9900;11;9897;24;;;9907;17;9911;17;;;9903.5;0.0
yf_ADM_d13;50900;INTARIAN_PEPPER_ROOT;10225;19;10222;25;;;10231;15;10234;11;;;10228.0;0.0
yf_ADM_d13;51000;ASH_COATED_OSMIUM;9900;20;9898;17;;;9906;30;9910;17;;;9903.0;0.0
yf_ADM_d13;51000;INTARIAN_PEPPER_ROOT;10224;11;10222;23;;;10230;10;10233;19;;;10227.0;0.0
yf_ADM_d13;51100;ASH_COATED_OSMIUM;9900;5;9896;27;;;9906;11;9910;10;;;9903.0;0.0
yf_ADM_d13;51100;INTARIAN_PEPPER_ROOT;10215;16;10211;29;;;10236;14;10239;18;;;10225.5;0.0
yf_ADM_d13;51200;ASH_COATED_OSMIUM;9900;13;9896;14;;;9906;13;9909;22;;;9903.0;0.0
yf_ADM_d13;51200;INTARIAN_PEPPER_ROOT;10220;15;10216;23;;;10227;11;10229;14;;;10223.5;0.0
yf_ADM_d13;51300;ASH_COATED_OSMIUM;9898;18;9896;18;;;9907;21;9909;16;;;9902.5;0.0
yf_ADM_d13;51300;INTARIAN_PEPPER_ROOT;10216;5;10212;28;;;10228;17;10232;23;;;10222.0;0.0
yf_ADM_d13;51400;ASH_COATED_OSMIUM;9899;24;9895;17;;;9907;10;9910;11;;;9903.0;0.0
yf_ADM_d13;51400;INTARIAN_PEPPER_ROOT;10218;19;10216;21;;;10224;19;10227;20;;;10221.0;0.0
yf_ADM_d13;51500;ASH_COATED_OSMIUM;9900;15;9896;21;;;9906;22;9908;28;;;9903.0;0.0
yf_ADM_d13;51500;INTARIAN_PEPPER_ROOT;10217;14;10215;27;;;10223;15;10227;23;;;10220.0;0.0
yf_ADM_d13;51600;ASH_COATED_OSMIUM;9900;18;9897;30;;;9906;18;9910;27;;;9903.0;0.0
yf_ADM_d13;51600;INTARIAN_PEPPER_ROOT;10215;15;10212;20;;;10222;22;10226;23;;;10218.5;0.0
yf_ADM_d13;51700;ASH_COATED_OSMIUM;9878;16;9876;16;;;9929;13;9931;21;;;9903.5;0.0
yf_ADM_d13;51700;INTARIAN_PEPPER_ROOT;10215;14;10212;12;;;10221;10;10225;22;;;10218.0;0.0
yf_ADM_d13;51800;ASH_COATED_OSMIUM;9887;16;9884;29;;;9920;14;9922;18;;;9903.5;0.0
yf_ADM_d13;51800;INTARIAN_PEPPER_ROOT;10213;21;10209;23;;;10219;12;10221;16;;;10216.0;0.0
yf_ADM_d13;51900;ASH_COATED_OSMIUM;9900;20;9896;13;;;9906;12;9910;20;;;9903.0;0.0
yf_ADM_d13;51900;INTARIAN_PEPPER_ROOT;10209;23;10206;12;;;10219;9;10223;19;;;10214.0;0.0
yf_ADM_d13;52000;ASH_COATED_OSMIUM;9900;30;9897;18;;;9906;12;9909;20;;;9903.0;0.0
yf_ADM_d13;52000;INTARIAN_PEPPER_ROOT;10210;15;10208;26;;;10216;10;10218;24;;;10213.0;0.0
yf_ADM_d13;52100;ASH_COATED_OSMIUM;9900;17;9897;14;;;9906;14;9909;22;;;9903.0;0.0
yf_ADM_d13;52100;INTARIAN_PEPPER_ROOT;10209;23;10207;20;;;10215;11;10219;19;;;10212.0;0.0
yf_ADM_d13;52200;ASH_COATED_OSMIUM;9900;21;9896;22;;;9906;21;9909;18;;;9903.0;0.0
yf_ADM_d13;52200;INTARIAN_PEPPER_ROOT;10191;20;10188;20;;;10231;11;10233;18;;;10211.0;0.0
yf_ADM_d13;52300;ASH_COATED_OSMIUM;9900;5;9897;21;;;9906;17;9908;29;;;9903.0;0.0
yf_ADM_d13;52300;INTARIAN_PEPPER_ROOT;10206;16;10204;15;;;10212;22;10214;20;;;10209.0;0.0
yf_ADM_d13;52400;ASH_COATED_OSMIUM;9900;13;9897;31;;;9906;19;9910;24;;;9903.0;0.0
yf_ADM_d13;52400;INTARIAN_PEPPER_ROOT;10202;11;10198;8;;;10214;11;10216;28;;;10208.0;0.0
yf_ADM_d13;52500;ASH_COATED_OSMIUM;9900;19;9896;21;;;9906;16;9908;21;;;9903.0;0.0
yf_ADM_d13;52500;INTARIAN_PEPPER_ROOT;10204;12;10201;14;;;10210;12;10212;14;;;10207.0;0.0
yf_ADM_d13;52600;ASH_COATED_OSMIUM;9900;17;9897;23;;;9906;27;9910;11;;;9903.0;0.0
yf_ADM_d13;52600;INTARIAN_PEPPER_ROOT;10202;12;10200;13;;;10208;10;10210;21;;;10205.0;0.0
yf_ADM_d13;52700;ASH_COATED_OSMIUM;9900;21;9898;30;;;9906;12;9909;18;;;9903.0;0.0
yf_ADM_d13;52700;INTARIAN_PEPPER_ROOT;10201;13;10198;20;;;10207;5;10211;8;;;10204.0;0.0
yf_ADM_d13;52800;ASH_COATED_OSMIUM;9900;18;9896;16;;;9906;10;9908;16;;;9903.0;0.0
yf_ADM_d13;52800;INTARIAN_PEPPER_ROOT;10194;20;10192;21;;;10212;16;10215;20;;;10203.0;0.0
yf_ADM_d13;52900;ASH_COATED_OSMIUM;9893;13;9891;15;;;9913;21;9915;25;;;9903.0;0.0
yf_ADM_d13;52900;INTARIAN_PEPPER_ROOT;10197;15;10194;20;;;10204;12;10208;19;;;10200.5;0.0
yf_ADM_d13;53000;ASH_COATED_OSMIUM;9900;17;9897;23;;;9906;17;9909;18;;;9903.0;0.0
yf_ADM_d13;53000;INTARIAN_PEPPER_ROOT;10197;5;10193;19;;;10203;15;10207;9;;;10200.0;0.0
yf_ADM_d13;53100;ASH_COATED_OSMIUM;9900;12;9897;15;;;9906;18;9909;22;;;9903.0;0.0
yf_ADM_d13;53100;INTARIAN_PEPPER_ROOT;10195;15;10193;19;;;10201;12;10203;13;;;10198.0;0.0
yf_ADM_d13;53200;ASH_COATED_OSMIUM;9900;13;9896;14;;;9906;9;9910;24;;;9903.0;0.0
yf_ADM_d13;53200;INTARIAN_PEPPER_ROOT;10193;5;10190;26;;;10200;11;10202;19;;;10196.5;0.0
yf_ADM_d13;53300;ASH_COATED_OSMIUM;9900;9;9896;23;;;9906;12;9908;16;;;9903.0;0.0
yf_ADM_d13;53300;INTARIAN_PEPPER_ROOT;10191;10;10189;21;;;10199;10;10201;17;;;10195.0;0.0
yf_ADM_d13;53400;ASH_COATED_OSMIUM;9898;8;9896;20;;;9908;18;9910;26;;;9903.0;0.0
yf_ADM_d13;53400;INTARIAN_PEPPER_ROOT;10187;19;10184;19;;;10201;25;10203;24;;;10194.0;0.0
yf_ADM_d13;53500;ASH_COATED_OSMIUM;9900;11;9897;16;;;9906;5;9910;22;;;9903.0;0.0
yf_ADM_d13;53500;INTARIAN_PEPPER_ROOT;10190;5;10187;22;;;10196;16;10198;22;;;10193.0;0.0
yf_ADM_d13;53600;ASH_COATED_OSMIUM;9899;12;9895;18;;;9907;14;9910;22;;;9903.0;0.0
yf_ADM_d13;53600;INTARIAN_PEPPER_ROOT;10189;9;10187;20;;;10195;14;10199;22;;;10192.0;0.0
yf_ADM_d13;53700;ASH_COATED_OSMIUM;9900;23;9898;17;;;9906;13;9908;23;;;9903.0;0.0
yf_ADM_d13;53700;INTARIAN_PEPPER_ROOT;10182;16;10178;18;;;10199;14;10203;22;;;10190.5;0.0
yf_ADM_d13;53800;ASH_COATED_OSMIUM;9900;10;9896;19;;;9906;12;9909;15;;;9903.0;0.0
yf_ADM_d13;53800;INTARIAN_PEPPER_ROOT;10185;15;10181;10;;;10192;18;10195;20;;;10188.5;0.0
yf_ADM_d13;53900;ASH_COATED_OSMIUM;9900;14;9897;18;;;9906;15;9909;16;;;9903.0;0.0
yf_ADM_d13;53900;INTARIAN_PEPPER_ROOT;10179;5;10177;20;;;10196;7;10200;22;;;10187.5;0.0
yf_ADM_d13;54000;ASH_COATED_OSMIUM;9900;8;9897;12;;;9906;26;9909;31;;;9903.0;0.0
yf_ADM_d13;54000;INTARIAN_PEPPER_ROOT;10178;18;10175;10;;;10194;13;10198;22;;;10186.0;0.0
yf_ADM_d13;54100;ASH_COATED_OSMIUM;9900;15;9898;13;;;9906;14;9908;15;;;9903.0;0.0
yf_ADM_d13;54100;INTARIAN_PEPPER_ROOT;10182;19;10178;20;;;10188;11;10191;12;;;10185.0;0.0
yf_ADM_d13;54200;ASH_COATED_OSMIUM;9900;10;9896;19;;;9906;5;9909;21;;;9903.0;0.0
yf_ADM_d13;54200;INTARIAN_PEPPER_ROOT;10175;8;10171;19;;;10191;20;10193;19;;;10183.0;0.0
yf_ADM_d13;54300;ASH_COATED_OSMIUM;9896;15;9894;18;;;9911;6;9914;22;;;9903.5;0.0
yf_ADM_d13;54300;INTARIAN_PEPPER_ROOT;10179;11;10175;17;;;10185;16;10187;20;;;10182.0;0.0
yf_ADM_d13;54400;ASH_COATED_OSMIUM;9900;17;9898;11;;;9906;15;9910;24;;;9903.0;0.0
yf_ADM_d13;54400;INTARIAN_PEPPER_ROOT;10177;12;10174;22;;;10185;17;10188;18;;;10181.0;0.0
yf_ADM_d13;54500;ASH_COATED_OSMIUM;9893;11;9890;8;;;9912;15;9915;17;;;9902.5;0.0
yf_ADM_d13;54500;INTARIAN_PEPPER_ROOT;10177;19;10174;17;;;10183;14;10186;25;;;10180.0;0.0
yf_ADM_d13;54600;ASH_COATED_OSMIUM;9900;12;9898;17;;;9906;22;9910;17;;;9903.0;0.0
yf_ADM_d13;54600;INTARIAN_PEPPER_ROOT;10175;10;10172;18;;;10181;10;10185;12;;;10178.0;0.0
yf_ADM_d13;54700;ASH_COATED_OSMIUM;9900;15;9896;15;;;9906;19;9909;16;;;9903.0;0.0
yf_ADM_d13;54700;INTARIAN_PEPPER_ROOT;10172;11;10168;18;;;10181;14;10185;18;;;10176.5;0.0
yf_ADM_d13;54800;ASH_COATED_OSMIUM;9896;16;9894;21;;;9910;9;9913;17;;;9903.0;0.0
yf_ADM_d13;54800;INTARIAN_PEPPER_ROOT;10173;15;10171;29;;;10179;21;10183;21;;;10176.0;0.0
yf_ADM_d13;54900;ASH_COATED_OSMIUM;9900;11;9896;12;;;9906;15;9910;14;;;9903.0;0.0
yf_ADM_d13;54900;INTARIAN_PEPPER_ROOT;10170;20;10167;17;;;10177;18;10181;31;;;10173.5;0.0
yf_ADM_d13;55000;ASH_COATED_OSMIUM;9900;18;9897;22;;;9906;16;9909;22;;;9903.0;0.0
yf_ADM_d13;55000;INTARIAN_PEPPER_ROOT;10170;5;10168;24;;;10176;16;10180;16;;;10173.0;0.0
yf_ADM_d13;55100;ASH_COATED_OSMIUM;9890;20;9886;20;;;9916;10;9919;23;;;9903.0;0.0
yf_ADM_d13;55100;INTARIAN_PEPPER_ROOT;10168;22;10165;23;;;10174;18;10178;34;;;10171.0;0.0
yf_ADM_d13;55200;ASH_COATED_OSMIUM;9900;13;9896;19;;;9906;17;9910;25;;;9903.0;0.0
yf_ADM_d13;55200;INTARIAN_PEPPER_ROOT;10168;20;10166;14;;;10174;5;10178;14;;;10171.0;0.0
yf_ADM_d13;55300;ASH_COATED_OSMIUM;9900;16;9898;17;;;9906;17;9908;23;;;9903.0;0.0
yf_ADM_d13;55300;INTARIAN_PEPPER_ROOT;10165;17;10163;11;;;10171;16;10173;21;;;10168.0;0.0
yf_ADM_d13;55400;ASH_COATED_OSMIUM;9900;10;9896;25;;;9906;6;9909;20;;;9903.0;0.0
yf_ADM_d13;55400;INTARIAN_PEPPER_ROOT;10164;6;10162;11;;;10170;15;10173;26;;;10167.0;0.0
yf_ADM_d13;55500;ASH_COATED_OSMIUM;9898;17;9896;25;;;9907;13;9910;16;;;9902.5;0.0
yf_ADM_d13;55500;INTARIAN_PEPPER_ROOT;10163;10;10160;13;;;10169;10;10173;21;;;10166.0;0.0
yf_ADM_d13;55600;ASH_COATED_OSMIUM;9897;20;9895;20;;;9907;14;9910;18;;;9902.0;0.0
yf_ADM_d13;55600;INTARIAN_PEPPER_ROOT;10162;12;10160;18;;;10168;18;10172;25;;;10165.0;0.0
yf_ADM_d13;55700;ASH_COATED_OSMIUM;9893;14;9889;22;;;9912;14;9914;13;;;9902.5;0.0
yf_ADM_d13;55700;INTARIAN_PEPPER_ROOT;10160;8;10156;19;;;10166;13;10169;22;;;10163.0;0.0
yf_ADM_d13;55800;ASH_COATED_OSMIUM;9899;14;9896;18;;;9906;10;9910;17;;;9902.5;0.0
yf_ADM_d13;55800;INTARIAN_PEPPER_ROOT;10152;23;10150;26;;;10171;13;10174;18;;;10161.5;0.0
yf_ADM_d13;55900;ASH_COATED_OSMIUM;9900;19;9897;24;;;9906;12;9910;12;;;9903.0;0.0
yf_ADM_d13;55900;INTARIAN_PEPPER_ROOT;10157;19;10154;24;;;10163;11;10166;13;;;10160.0;0.0
yf_ADM_d13;56000;ASH_COATED_OSMIUM;9900;16;9896;16;;;9906;18;9910;15;;;9903.0;0.0
yf_ADM_d13;56000;INTARIAN_PEPPER_ROOT;10156;11;10154;22;;;10162;5;10165;8;;;10159.0;0.0
yf_ADM_d13;56100;ASH_COATED_OSMIUM;9889;18;9886;22;;;9917;17;9919;15;;;9903.0;0.0
yf_ADM_d13;56100;INTARIAN_PEPPER_ROOT;10155;5;10151;15;;;10161;23;10165;16;;;10158.0;0.0
yf_ADM_d13;56200;ASH_COATED_OSMIUM;9894;11;9892;27;;;9911;13;9914;21;;;9902.5;0.0
yf_ADM_d13;56200;INTARIAN_PEPPER_ROOT;10151;11;10148;13;;;10162;12;10165;18;;;10156.5;0.0
yf_ADM_d13;56300;ASH_COATED_OSMIUM;9898;13;9895;11;;;9907;6;9911;21;;;9902.5;0.0
yf_ADM_d13;56300;INTARIAN_PEPPER_ROOT;10151;12;10147;19;;;10161;5;10164;15;;;10156.0;0.0
yf_ADM_d13;56400;ASH_COATED_OSMIUM;9900;8;9896;19;;;9906;19;9908;23;;;9903.0;0.0
yf_ADM_d13;56400;INTARIAN_PEPPER_ROOT;10149;24;10147;17;;;10156;11;10158;14;;;10152.5;0.0
yf_ADM_d13;56500;ASH_COATED_OSMIUM;9897;10;9895;14;;;9910;24;9914;19;;;9903.5;0.0
yf_ADM_d13;56500;INTARIAN_PEPPER_ROOT;10146;14;10143;24;;;10159;22;10163;26;;;10152.5;0.0
yf_ADM_d13;56600;ASH_COATED_OSMIUM;9900;12;9898;20;;;9906;13;9908;23;;;9903.0;0.0
yf_ADM_d13;56600;INTARIAN_PEPPER_ROOT;10141;19;10138;21;;;10160;5;10164;14;;;10150.5;0.0
yf_ADM_d13;56700;ASH_COATED_OSMIUM;9900;13;9897;24;;;9907;10;9909;30;;;9903.5;0.0
yf_ADM_d13;56700;INTARIAN_PEPPER_ROOT;10147;21;10143;12;;;10153;11;10155;8;;;10150.0;0.0
yf_ADM_d13;56800;ASH_COATED_OSMIUM;9900;14;9898;17;;;9906;14;9908;31;;;9903.0;0.0
yf_ADM_d13;56800;INTARIAN_PEPPER_ROOT;10146;11;10144;16;;;10152;21;10156;11;;;10149.0;0.0
yf_ADM_d13;56900;ASH_COATED_OSMIUM;9900;16;9898;24;;;9906;7;9908;25;;;9903.0;0.0
yf_ADM_d13;56900;INTARIAN_PEPPER_ROOT;10144;8;10142;26;;;10150;9;10154;28;;;10147.0;0.0
yf_ADM_d13;57000;ASH_COATED_OSMIUM;9900;14;9897;22;;;9906;15;9909;26;;;9903.0;0.0
yf_ADM_d13;57000;INTARIAN_PEPPER_ROOT;10139;18;10136;16;;;10153;16;10155;17;;;10146.0;0.0
yf_ADM_d13;57100;ASH_COATED_OSMIUM;9900;20;9896;21;;;9906;26;9910;21;;;9903.0;0.0
yf_ADM_d13;57100;INTARIAN_PEPPER_ROOT;10137;6;10133;19;;;10153;12;10156;23;;;10145.0;0.0
yf_ADM_d13;57200;ASH_COATED_OSMIUM;9900;23;9897;24;;;9906;19;9910;20;;;9903.0;0.0
yf_ADM_d13;57200;INTARIAN_PEPPER_ROOT;10140;23;10136;25;;;10146;11;10150;19;;;10143.0;0.0
yf_ADM_d13;57300;ASH_COATED_OSMIUM;9900;27;9896;20;;;9906;6;9910;10;;;9903.0;0.0
yf_ADM_d13;57300;INTARIAN_PEPPER_ROOT;10135;10;10131;17;;;10148;16;10150;17;;;10141.5;0.0
yf_ADM_d13;57400;ASH_COATED_OSMIUM;9899;7;9896;18;;;9905;15;9909;16;;;9902.0;0.0
yf_ADM_d13;57400;INTARIAN_PEPPER_ROOT;10136;9;10134;15;;;10144;19;10147;22;;;10140.0;0.0
yf_ADM_d13;57500;ASH_COATED_OSMIUM;9900;18;9897;14;;;9906;16;9908;22;;;9903.0;0.0
yf_ADM_d13;57500;INTARIAN_PEPPER_ROOT;10136;27;10132;13;;;10142;14;10145;18;;;10139.0;0.0
yf_ADM_d13;57600;ASH_COATED_OSMIUM;9896;13;9893;11;;;9910;18;9913;17;;;9903.0;0.0
yf_ADM_d13;57600;INTARIAN_PEPPER_ROOT;10132;10;10130;10;;;10141;23;10143;20;;;10136.5;0.0
yf_ADM_d13;57700;ASH_COATED_OSMIUM;9900;8;9896;15;;;9906;17;9910;30;;;9903.0;0.0
yf_ADM_d13;57700;INTARIAN_PEPPER_ROOT;10133;13;10131;22;;;10139;9;10142;33;;;10136.0;0.0
yf_ADM_d13;57800;ASH_COATED_OSMIUM;9898;10;9896;21;;;9907;17;9911;21;;;9902.5;0.0
yf_ADM_d13;57800;INTARIAN_PEPPER_ROOT;10132;14;10130;20;;;10138;12;10140;17;;;10135.0;0.0
yf_ADM_d13;57900;ASH_COATED_OSMIUM;9900;13;9896;21;;;9906;16;9909;15;;;9903.0;0.0
yf_ADM_d13;57900;INTARIAN_PEPPER_ROOT;10124;18;10120;19;;;10142;5;10145;21;;;10133.0;0.0
yf_ADM_d13;58000;ASH_COATED_OSMIUM;9900;17;9897;18;;;9906;12;9908;22;;;9903.0;0.0
yf_ADM_d13;58000;INTARIAN_PEPPER_ROOT;10127;13;10124;24;;;10138;19;10141;29;;;10132.5;0.0
yf_ADM_d13;58100;ASH_COATED_OSMIUM;9900;6;9896;17;;;9907;16;9911;25;;;9903.5;0.0
yf_ADM_d13;58100;INTARIAN_PEPPER_ROOT;10127;13;10123;19;;;10133;22;10137;28;;;10130.0;0.0
yf_ADM_d13;58200;ASH_COATED_OSMIUM;9900;16;9898;16;;;9906;19;9909;12;;;9903.0;0.0
yf_ADM_d13;58200;INTARIAN_PEPPER_ROOT;10126;22;10122;23;;;10132;16;10136;20;;;10129.0;0.0
yf_ADM_d13;58300;ASH_COATED_OSMIUM;9900;17;9896;22;;;9906;21;9909;18;;;9903.0;0.0
