day;timestamp;product;bid_price_1;bid_volume_1;bid_price_2;bid_volume_2;bid_price_3;bid_volume_3;ask_price_1;ask_volume_1;ask_price_2;ask_volume_2;ask_price_3;ask_volume_3;mid_price;profit_and_loss
av_CORN_d9;0;ASH_COATED_OSMIUM;9945;8;9942;18;;;9961;8;9963;20;;;9953.0;0.0
av_CORN_d9;0;INTARIAN_PEPPER_ROOT;12189;14;12185;24;;;12195;5;12198;20;;;12192.0;0.0
av_CORN_d9;100;ASH_COATED_OSMIUM;9950;16;9946;27;;;9956;21;9959;15;;;9953.0;0.0
av_CORN_d9;100;INTARIAN_PEPPER_ROOT;12186;13;12184;33;;;12194;16;12197;21;;;12190.0;0.0
av_CORN_d9;200;ASH_COATED_OSMIUM;9951;12;9949;26;;;9957;9;9959;21;;;9954.0;0.0
av_CORN_d9;200;INTARIAN_PEPPER_ROOT;12185;22;12181;17;;;12191;22;12194;23;;;12188.0;0.0
av_CORN_d9;300;ASH_COATED_OSMIUM;9950;12;9947;25;;;9956;24;9960;10;;;9953.0;0.0
av_CORN_d9;300;INTARIAN_PEPPER_ROOT;12183;20;12180;25;;;12189;18;12193;21;;;12186.0;0.0
av_CORN_d9;400;ASH_COATED_OSMIUM;9951;18;9947;15;;;9957;13;9961;17;;;9954.0;0.0
av_CORN_d9;400;INTARIAN_PEPPER_ROOT;12181;9;12177;16;;;12187;11;12189;16;;;12184.0;0.0
av_CORN_d9;500;ASH_COATED_OSMIUM;9948;13;9945;19;;;9959;15;9962;16;;;9953.5;0.0
av_CORN_d9;500;INTARIAN_PEPPER_ROOT;12178;12;12174;24;;;12184;6;12188;17;;;12181.0;0.0
av_CORN_d9;600;ASH_COATED_OSMIUM;9950;20;9947;19;;;9956;5;9960;10;;;9953.0;0.0
av_CORN_d9;600;INTARIAN_PEPPER_ROOT;12154;14;12150;17;;;12205;18;12207;26;;;12179.5;0.0
av_CORN_d9;700;ASH_COATED_OSMIUM;9944;22;9940;16;;;9962;5;9965;13;;;9953.0;0.0
av_CORN_d9;700;INTARIAN_PEPPER_ROOT;12174;19;12170;20;;;12180;7;12183;24;;;12177.0;0.0
av_CORN_d9;800;ASH_COATED_OSMIUM;9946;19;9942;12;;;9959;17;9963;19;;;9952.5;0.0
av_CORN_d9;800;INTARIAN_PEPPER_ROOT;12169;18;12165;24;;;12182;19;12185;22;;;12175.5;0.0
av_CORN_d9;900;ASH_COATED_OSMIUM;9946;13;9942;21;;;9959;9;9963;23;;;9952.5;0.0
av_CORN_d9;900;INTARIAN_PEPPER_ROOT;12170;20;12166;26;;;12176;13;12178;22;;;12173.0;0.0
av_CORN_d9;1000;ASH_COATED_OSMIUM;9950;13;9947;29;;;9956;26;9960;11;;;9953.0;0.0
av_CORN_d9;1000;INTARIAN_PEPPER_ROOT;12161;20;12158;27;;;12182;12;12185;18;;;12171.5;0.0
av_CORN_d9;1100;ASH_COATED_OSMIUM;9937;11;9933;15;;;9970;12;9974;19;;;9953.5;0.0
av_CORN_d9;1100;INTARIAN_PEPPER_ROOT;12166;9;12163;20;;;12172;20;12174;24;;;12169.0;0.0
av_CORN_d9;1200;ASH_COATED_OSMIUM;9951;13;9949;20;;;9957;17;9961;25;;;9954.0;0.0
av_CORN_d9;1200;INTARIAN_PEPPER_ROOT;12164;14;12161;26;;;12170;11;12174;20;;;12167.0;0.0
av_CORN_d9;1300;ASH_COATED_OSMIUM;9945;10;9942;12;;;9960;11;9964;23;;;9952.5;0.0
av_CORN_d9;1300;INTARIAN_PEPPER_ROOT;12154;16;12150;17;;;12175;11;12178;20;;;12164.5;0.0
av_CORN_d9;1400;ASH_COATED_OSMIUM;9951;12;9947;26;;;9957;14;9960;14;;;9954.0;0.0
av_CORN_d9;1400;INTARIAN_PEPPER_ROOT;12125;22;12122;17;;;12198;14;12201;32;;;12161.5;0.0
av_CORN_d9;1500;ASH_COATED_OSMIUM;9950;26;9948;18;;;9958;11;9962;24;;;9954.0;0.0
av_CORN_d9;1500;INTARIAN_PEPPER_ROOT;12146;19;12144;35;;;12175;23;12179;18;;;12160.5;0.0
av_CORN_d9;1600;ASH_COATED_OSMIUM;9951;8;9947;27;;;9957;6;9959;15;;;9954.0;0.0
av_CORN_d9;1600;INTARIAN_PEPPER_ROOT;12154;22;12151;26;;;12162;8;12164;13;;;12158.0;0.0
av_CORN_d9;1700;ASH_COATED_OSMIUM;9951;16;9948;11;;;9957;13;9959;12;;;9954.0;0.0
av_CORN_d9;1700;INTARIAN_PEPPER_ROOT;12151;8;12147;15;;;12160;13;12162;21;;;12155.5;0.0
av_CORN_d9;1800;ASH_COATED_OSMIUM;9951;7;9948;17;;;9958;16;9961;14;;;9954.5;0.0
av_CORN_d9;1800;INTARIAN_PEPPER_ROOT;12144;12;12141;22;;;12163;8;12166;16;;;12153.5;0.0
av_CORN_d9;1900;ASH_COATED_OSMIUM;9951;18;9949;23;;;9957;7;9960;34;;;9954.0;0.0
av_CORN_d9;1900;INTARIAN_PEPPER_ROOT;12145;11;12141;22;;;12159;7;12163;24;;;12152.0;0.0
av_CORN_d9;2000;ASH_COATED_OSMIUM;9951;17;9949;32;;;9957;16;9960;27;;;9954.0;0.0
av_CORN_d9;2000;INTARIAN_PEPPER_ROOT;12146;16;12142;20;;;12152;23;12156;18;;;12149.0;0.0
av_CORN_d9;2100;ASH_COATED_OSMIUM;9948;19;9946;22;;;9958;14;9961;20;;;9953.0;0.0
av_CORN_d9;2100;INTARIAN_PEPPER_ROOT;12141;19;12137;14;;;12153;7;12156;24;;;12147.0;0.0
av_CORN_d9;2200;ASH_COATED_OSMIUM;9938;19;9936;22;;;9970;24;9972;22;;;9954.0;0.0
av_CORN_d9;2200;INTARIAN_PEPPER_ROOT;12142;11;12140;29;;;12148;23;12151;16;;;12145.0;0.0
av_CORN_d9;2300;ASH_COATED_OSMIUM;9947;7;9945;18;;;9961;9;9964;17;;;9954.0;0.0
av_CORN_d9;2300;INTARIAN_PEPPER_ROOT;12140;14;12136;21;;;12146;11;12150;13;;;12143.0;0.0
av_CORN_d9;2400;ASH_COATED_OSMIUM;9950;12;9948;19;;;9959;8;9963;21;;;9954.5;0.0
av_CORN_d9;2400;INTARIAN_PEPPER_ROOT;12136;19;12134;22;;;12146;8;12149;18;;;12141.0;0.0
av_CORN_d9;2500;ASH_COATED_OSMIUM;9949;19;9945;31;;;9958;15;9962;21;;;9953.5;0.0
av_CORN_d9;2500;INTARIAN_PEPPER_ROOT;12136;13;12132;20;;;12143;23;12147;16;;;12139.5;0.0
av_CORN_d9;2600;ASH_COATED_OSMIUM;9947;5;9944;16;;;9961;11;9965;18;;;9954.0;0.0
av_CORN_d9;2600;INTARIAN_PEPPER_ROOT;12134;13;12132;20;;;12140;10;12142;30;;;12137.0;0.0
av_CORN_d9;2700;ASH_COATED_OSMIUM;9952;10;9948;21;;;9958;15;9961;26;;;9955.0;0.0
av_CORN_d9;2700;INTARIAN_PEPPER_ROOT;12127;16;12123;21;;;12141;13;12143;21;;;12134.0;0.0
av_CORN_d9;2800;ASH_COATED_OSMIUM;9942;12;9939;13;;;9966;15;9968;20;;;9954.0;0.0
av_CORN_d9;2800;INTARIAN_PEPPER_ROOT;12128;14;12126;8;;;12136;13;12138;23;;;12132.0;0.0
av_CORN_d9;2900;ASH_COATED_OSMIUM;9952;9;9950;15;;;9958;17;9962;13;;;9955.0;0.0
av_CORN_d9;2900;INTARIAN_PEPPER_ROOT;12128;14;12126;17;;;12134;24;12138;14;;;12131.0;0.0
av_CORN_d9;3000;ASH_COATED_OSMIUM;9949;16;9946;10;;;9960;13;9962;17;;;9954.5;0.0
av_CORN_d9;3000;INTARIAN_PEPPER_ROOT;12125;14;12121;21;;;12131;22;12134;15;;;12128.0;0.0
av_CORN_d9;3100;ASH_COATED_OSMIUM;9951;14;9949;16;;;9957;17;9959;16;;;9954.0;0.0
av_CORN_d9;3100;INTARIAN_PEPPER_ROOT;12123;17;12121;14;;;12129;24;12131;20;;;12126.0;0.0
av_CORN_d9;3200;ASH_COATED_OSMIUM;9952;16;9948;21;;;9958;14;9962;14;;;9955.0;0.0
av_CORN_d9;3200;INTARIAN_PEPPER_ROOT;12120;9;12116;30;;;12126;16;12129;20;;;12123.0;0.0
av_CORN_d9;3300;ASH_COATED_OSMIUM;9946;11;9943;23;;;9962;20;9964;23;;;9954.0;0.0
av_CORN_d9;3300;INTARIAN_PEPPER_ROOT;12119;15;12116;20;;;12125;16;12129;24;;;12122.0;0.0
av_CORN_d9;3400;ASH_COATED_OSMIUM;9951;17;9949;17;;;9957;14;9959;32;;;9954.0;0.0
av_CORN_d9;3400;INTARIAN_PEPPER_ROOT;12116;13;12112;15;;;12122;18;12124;25;;;12119.0;0.0
av_CORN_d9;3500;ASH_COATED_OSMIUM;9952;14;9949;25;;;9958;9;9961;19;;;9955.0;0.0
av_CORN_d9;3500;INTARIAN_PEPPER_ROOT;12114;15;12111;22;;;12120;10;12123;19;;;12117.0;0.0
av_CORN_d9;3600;ASH_COATED_OSMIUM;9951;17;9947;22;;;9957;14;9960;21;;;9954.0;0.0
av_CORN_d9;3600;INTARIAN_PEPPER_ROOT;12112;14;12109;16;;;12118;18;12121;20;;;12115.0;0.0
av_CORN_d9;3700;ASH_COATED_OSMIUM;9950;16;9947;10;;;9960;18;9964;17;;;9955.0;0.0
av_CORN_d9;3700;INTARIAN_PEPPER_ROOT;12110;16;12108;20;;;12116;10;12118;23;;;12113.0;0.0
av_CORN_d9;3800;ASH_COATED_OSMIUM;9950;17;9948;17;;;9961;11;9964;17;;;9955.5;0.0
av_CORN_d9;3800;INTARIAN_PEPPER_ROOT;12105;10;12103;21;;;12117;17;12119;18;;;12111.0;0.0
av_CORN_d9;3900;ASH_COATED_OSMIUM;9947;22;9943;17;;;9963;19;9967;19;;;9955.0;0.0
av_CORN_d9;3900;INTARIAN_PEPPER_ROOT;12105;18;12102;14;;;12112;28;12114;23;;;12108.5;0.0
av_CORN_d9;4000;ASH_COATED_OSMIUM;9951;10;9949;17;;;9960;9;9963;21;;;9955.5;0.0
av_CORN_d9;4000;INTARIAN_PEPPER_ROOT;12101;12;12098;15;;;12112;6;12114;15;;;12106.5;0.0
av_CORN_d9;4100;ASH_COATED_OSMIUM;9948;20;9945;20;;;9961;7;9963;32;;;9954.5;0.0
av_CORN_d9;4100;INTARIAN_PEPPER_ROOT;12099;17;12096;19;;;12109;14;12113;18;;;12104.0;0.0
av_CORN_d9;4200;ASH_COATED_OSMIUM;9944;17;9942;12;;;9966;14;9970;11;;;9955.0;0.0
av_CORN_d9;4200;INTARIAN_PEPPER_ROOT;12099;22;12095;17;;;12105;16;12108;19;;;12102.0;0.0
av_CORN_d9;4300;ASH_COATED_OSMIUM;9944;19;9942;23;;;9966;13;9968;31;;;9955.0;0.0
av_CORN_d9;4300;INTARIAN_PEPPER_ROOT;12081;19;12077;28;;;12118;19;12122;19;;;12099.5;0.0
av_CORN_d9;4400;ASH_COATED_OSMIUM;9953;7;9950;26;;;9959;10;9961;19;;;9956.0;0.0
av_CORN_d9;4400;INTARIAN_PEPPER_ROOT;12094;13;12091;17;;;12103;14;12106;18;;;12098.5;0.0
av_CORN_d9;4500;ASH_COATED_OSMIUM;9952;5;9950;21;;;9958;13;9961;16;;;9955.0;0.0
av_CORN_d9;4500;INTARIAN_PEPPER_ROOT;12093;12;12090;18;;;12099;18;12101;19;;;12096.0;0.0
av_CORN_d9;4600;ASH_COATED_OSMIUM;9952;5;9949;19;;;9958;8;9961;19;;;9955.0;0.0
av_CORN_d9;4600;INTARIAN_PEPPER_ROOT;12088;12;12084;17;;;12098;13;12101;17;;;12093.0;0.0
av_CORN_d9;4700;ASH_COATED_OSMIUM;9951;9;9949;24;;;9960;19;9963;23;;;9955.5;0.0
av_CORN_d9;4700;INTARIAN_PEPPER_ROOT;12082;16;12079;16;;;12101;18;12105;19;;;12091.5;0.0
av_CORN_d9;4800;ASH_COATED_OSMIUM;9952;20;9948;17;;;9958;10;9962;16;;;9955.0;0.0
av_CORN_d9;4800;INTARIAN_PEPPER_ROOT;12086;25;12084;26;;;12093;12;12095;18;;;12089.5;0.0
av_CORN_d9;4900;ASH_COATED_OSMIUM;9952;10;9949;20;;;9958;14;9961;23;;;9955.0;0.0
av_CORN_d9;4900;INTARIAN_PEPPER_ROOT;12084;9;12080;25;;;12090;17;12094;19;;;12087.0;0.0
av_CORN_d9;5000;ASH_COATED_OSMIUM;9953;5;9949;21;;;9959;8;9961;12;;;9956.0;0.0
av_CORN_d9;5000;INTARIAN_PEPPER_ROOT;12082;11;12078;17;;;12088;12;12090;24;;;12085.0;0.0
av_CORN_d9;5100;ASH_COATED_OSMIUM;9952;10;9950;26;;;9958;13;9961;31;;;9955.0;0.0
av_CORN_d9;5100;INTARIAN_PEPPER_ROOT;12080;15;12076;19;;;12086;10;12090;15;;;12083.0;0.0
av_CORN_d9;5200;ASH_COATED_OSMIUM;9953;13;9951;27;;;9959;12;9963;24;;;9956.0;0.0
av_CORN_d9;5200;INTARIAN_PEPPER_ROOT;12077;18;12075;22;;;12085;15;12088;25;;;12081.0;0.0
av_CORN_d9;5300;ASH_COATED_OSMIUM;9953;19;9951;25;;;9959;24;9962;25;;;9956.0;0.0
av_CORN_d9;5300;INTARIAN_PEPPER_ROOT;12076;6;12073;15;;;12082;10;12086;26;;;12079.0;0.0
av_CORN_d9;5400;ASH_COATED_OSMIUM;9952;7;9948;23;;;9958;9;9962;23;;;9955.0;0.0
av_CORN_d9;5400;INTARIAN_PEPPER_ROOT;12067;9;12064;25;;;12087;15;12091;16;;;12077.0;0.0
av_CORN_d9;5500;ASH_COATED_OSMIUM;9952;12;9948;16;;;9958;13;9960;23;;;9955.0;0.0
av_CORN_d9;5500;INTARIAN_PEPPER_ROOT;12071;22;12067;23;;;12077;20;12079;25;;;12074.0;0.0
av_CORN_d9;5600;ASH_COATED_OSMIUM;9953;24;9949;20;;;9959;20;9962;22;;;9956.0;0.0
av_CORN_d9;5600;INTARIAN_PEPPER_ROOT;12069;19;12065;25;;;12075;16;12079;15;;;12072.0;0.0
av_CORN_d9;5700;ASH_COATED_OSMIUM;9952;11;9949;20;;;9960;21;9963;22;;;9956.0;0.0
av_CORN_d9;5700;INTARIAN_PEPPER_ROOT;12065;9;12062;28;;;12076;7;12079;22;;;12070.5;0.0
av_CORN_d9;5800;ASH_COATED_OSMIUM;9953;21;9951;11;;;9959;13;9962;25;;;9956.0;0.0
av_CORN_d9;5800;INTARIAN_PEPPER_ROOT;12063;19;12059;17;;;12072;23;12075;25;;;12067.5;0.0
av_CORN_d9;5900;ASH_COATED_OSMIUM;9953;6;9950;17;;;9959;18;9962;13;;;9956.0;0.0
av_CORN_d9;5900;INTARIAN_PEPPER_ROOT;12063;23;12059;29;;;12069;10;12071;21;;;12066.0;0.0
av_CORN_d9;6000;ASH_COATED_OSMIUM;9948;23;9944;24;;;9964;16;9967;17;;;9956.0;0.0
av_CORN_d9;6000;INTARIAN_PEPPER_ROOT;12056;18;12054;21;;;12070;12;12074;13;;;12063.0;0.0
av_CORN_d9;6100;ASH_COATED_OSMIUM;9952;11;9950;16;;;9960;14;9963;21;;;9956.0;0.0
av_CORN_d9;6100;INTARIAN_PEPPER_ROOT;12057;10;12053;19;;;12066;14;12068;24;;;12061.5;0.0
av_CORN_d9;6200;ASH_COATED_OSMIUM;9953;10;9949;17;;;9959;16;9963;18;;;9956.0;0.0
av_CORN_d9;6200;INTARIAN_PEPPER_ROOT;12057;17;12055;22;;;12063;16;12067;17;;;12060.0;0.0
av_CORN_d9;6300;ASH_COATED_OSMIUM;9952;12;9948;29;;;9961;20;9964;17;;;9956.5;0.0
av_CORN_d9;6300;INTARIAN_PEPPER_ROOT;12054;7;12050;18;;;12060;23;12063;20;;;12057.0;0.0
av_CORN_d9;6400;ASH_COATED_OSMIUM;9953;13;9949;26;;;9959;14;9963;21;;;9956.0;0.0
av_CORN_d9;6400;INTARIAN_PEPPER_ROOT;12052;10;12049;14;;;12058;13;12060;12;;;12055.0;0.0
av_CORN_d9;6500;ASH_COATED_OSMIUM;9951;21;9947;18;;;9961;25;9963;16;;;9956.0;0.0
av_CORN_d9;6500;INTARIAN_PEPPER_ROOT;12049;6;12046;12;;;12056;22;12059;23;;;12052.5;0.0
av_CORN_d9;6600;ASH_COATED_OSMIUM;9953;15;9950;22;;;9959;10;9962;17;;;9956.0;0.0
av_CORN_d9;6600;INTARIAN_PEPPER_ROOT;12047;28;12045;24;;;12053;18;12057;20;;;12050.0;0.0
av_CORN_d9;6700;ASH_COATED_OSMIUM;9953;12;9951;11;;;9959;11;9961;20;;;9956.0;0.0
av_CORN_d9;6700;INTARIAN_PEPPER_ROOT;12045;19;12041;19;;;12051;13;12054;12;;;12048.0;0.0
av_CORN_d9;6800;ASH_COATED_OSMIUM;9954;26;9951;27;;;9960;10;9963;15;;;9957.0;0.0
av_CORN_d9;6800;INTARIAN_PEPPER_ROOT;12043;21;12039;21;;;12049;18;12052;21;;;12046.0;0.0
av_CORN_d9;6900;ASH_COATED_OSMIUM;9953;17;9950;18;;;9959;18;9961;9;;;9956.0;0.0
av_CORN_d9;6900;INTARIAN_PEPPER_ROOT;12033;18;12030;25;;;12056;15;12058;16;;;12044.5;0.0
av_CORN_d9;7000;ASH_COATED_OSMIUM;9953;11;9951;12;;;9959;21;9963;25;;;9956.0;0.0
av_CORN_d9;7000;INTARIAN_PEPPER_ROOT;12039;10;12036;14;;;12045;13;12047;20;;;12042.0;0.0
av_CORN_d9;7100;ASH_COATED_OSMIUM;9953;16;9951;18;;;9959;17;9961;13;;;9956.0;0.0
av_CORN_d9;7100;INTARIAN_PEPPER_ROOT;12036;10;12034;11;;;12042;11;12045;26;;;12039.0;0.0
av_CORN_d9;7200;ASH_COATED_OSMIUM;9954;18;9952;13;;;9960;24;9962;18;;;9957.0;0.0
av_CORN_d9;7200;INTARIAN_PEPPER_ROOT;12035;19;12033;15;;;12041;28;12043;11;;;12038.0;0.0
av_CORN_d9;7300;ASH_COATED_OSMIUM;9951;20;9947;22;;;9963;21;9965;22;;;9957.0;0.0
av_CORN_d9;7300;INTARIAN_PEPPER_ROOT;12032;10;12028;23;;;12038;14;12040;16;;;12035.0;0.0
av_CORN_d9;7400;ASH_COATED_OSMIUM;9954;11;9952;15;;;9960;17;9963;22;;;9957.0;0.0
av_CORN_d9;7400;INTARIAN_PEPPER_ROOT;12018;17;12014;21;;;12048;18;12052;13;;;12033.0;0.0
av_CORN_d9;7500;ASH_COATED_OSMIUM;9953;11;9951;21;;;9961;19;9964;20;;;9957.0;0.0
av_CORN_d9;7500;INTARIAN_PEPPER_ROOT;12019;26;12015;25;;;12044;24;12048;9;;;12031.5;0.0
av_CORN_d9;7600;ASH_COATED_OSMIUM;9954;13;9951;18;;;9960;9;9964;20;;;9957.0;0.0
av_CORN_d9;7600;INTARIAN_PEPPER_ROOT;12026;14;12023;24;;;12032;17;12034;25;;;12029.0;0.0
av_CORN_d9;7700;ASH_COATED_OSMIUM;9954;8;9952;21;;;9960;19;9963;22;;;9957.0;0.0
av_CORN_d9;7700;INTARIAN_PEPPER_ROOT;12024;8;12022;23;;;12030;22;12033;13;;;12027.0;0.0
av_CORN_d9;7800;ASH_COATED_OSMIUM;9954;13;9951;19;;;9960;14;9963;25;;;9957.0;0.0
av_CORN_d9;7800;INTARIAN_PEPPER_ROOT;12016;22;12013;22;;;12032;13;12034;18;;;12024.0;0.0
av_CORN_d9;7900;ASH_COATED_OSMIUM;9954;17;9951;24;;;9960;12;9964;16;;;9957.0;0.0
av_CORN_d9;7900;INTARIAN_PEPPER_ROOT;12008;12;12006;23;;;12037;8;12040;15;;;12022.5;0.0
av_CORN_d9;8000;ASH_COATED_OSMIUM;9950;13;9947;21;;;9963;10;9967;20;;;9956.5;0.0
av_CORN_d9;8000;INTARIAN_PEPPER_ROOT;12017;6;12013;18;;;12023;12;12025;24;;;12020.0;0.0
av_CORN_d9;8100;ASH_COATED_OSMIUM;9953;19;9949;12;;;9959;17;9961;14;;;9956.0;0.0
av_CORN_d9;8100;INTARIAN_PEPPER_ROOT;12004;12;12002;20;;;12031;15;12034;21;;;12017.5;0.0
av_CORN_d9;8200;ASH_COATED_OSMIUM;9954;16;9951;19;;;9960;13;9962;26;;;9957.0;0.0
av_CORN_d9;8200;INTARIAN_PEPPER_ROOT;12010;14;12008;27;;;12023;16;12025;20;;;12016.5;0.0
av_CORN_d9;8300;ASH_COATED_OSMIUM;9949;24;9945;27;;;9966;14;9969;15;;;9957.5;0.0
av_CORN_d9;8300;INTARIAN_PEPPER_ROOT;12011;9;12009;13;;;12017;13;12019;22;;;12014.0;0.0
av_CORN_d9;8400;ASH_COATED_OSMIUM;9954;23;9950;20;;;9960;12;9962;17;;;9957.0;0.0
av_CORN_d9;8400;INTARIAN_PEPPER_ROOT;11999;7;11995;30;;;12024;14;12028;24;;;12011.5;0.0
av_CORN_d9;8500;ASH_COATED_OSMIUM;9954;18;9950;17;;;9960;12;9964;16;;;9957.0;0.0
av_CORN_d9;8500;INTARIAN_PEPPER_ROOT;12006;15;12004;17;;;12012;15;12016;16;;;12009.0;0.0
av_CORN_d9;8600;ASH_COATED_OSMIUM;9954;13;9952;22;;;9960;14;9962;14;;;9957.0;0.0
av_CORN_d9;8600;INTARIAN_PEPPER_ROOT;12000;19;11998;19;;;12015;16;12018;14;;;12007.5;0.0
av_CORN_d9;8700;ASH_COATED_OSMIUM;9954;14;9952;22;;;9960;16;9962;25;;;9957.0;0.0
av_CORN_d9;8700;INTARIAN_PEPPER_ROOT;12002;23;11998;23;;;12009;15;12013;22;;;12005.5;0.0
av_CORN_d9;8800;ASH_COATED_OSMIUM;9954;19;9952;18;;;9960;10;9963;21;;;9957.0;0.0
av_CORN_d9;8800;INTARIAN_PEPPER_ROOT;12000;5;11998;20;;;12008;17;12012;22;;;12004.0;0.0
av_CORN_d9;8900;ASH_COATED_OSMIUM;9955;9;9951;23;;;9961;19;9963;11;;;9958.0;0.0
av_CORN_d9;8900;INTARIAN_PEPPER_ROOT;11995;14;11992;14;;;12006;7;12008;22;;;12000.5;0.0
av_CORN_d9;9000;ASH_COATED_OSMIUM;9946;13;9944;8;;;9968;19;9972;18;;;9957.0;0.0
av_CORN_d9;9000;INTARIAN_PEPPER_ROOT;11996;13;11993;17;;;12002;14;12006;26;;;11999.0;0.0
av_CORN_d9;9100;ASH_COATED_OSMIUM;9954;12;9950;23;;;9961;17;9964;22;;;9957.5;0.0
av_CORN_d9;9100;INTARIAN_PEPPER_ROOT;11994;16;11992;20;;;12000;11;12003;12;;;11997.0;0.0
av_CORN_d9;9200;ASH_COATED_OSMIUM;9951;19;9947;23;;;9964;8;9966;29;;;9957.5;0.0
av_CORN_d9;9200;INTARIAN_PEPPER_ROOT;11992;22;11990;17;;;11998;26;12000;19;;;11995.0;0.0
av_CORN_d9;9300;ASH_COATED_OSMIUM;9953;16;9949;19;;;9962;9;9964;9;;;9957.5;0.0
av_CORN_d9;9300;INTARIAN_PEPPER_ROOT;11990;14;11988;13;;;11996;15;11998;11;;;11993.0;0.0
av_CORN_d9;9400;ASH_COATED_OSMIUM;9954;23;9950;24;;;9962;13;9965;22;;;9958.0;0.0
av_CORN_d9;9400;INTARIAN_PEPPER_ROOT;11987;19;11984;19;;;11993;15;11995;24;;;11990.0;0.0
av_CORN_d9;9500;ASH_COATED_OSMIUM;9955;9;9953;25;;;9961;20;9964;16;;;9958.0;0.0
av_CORN_d9;9500;INTARIAN_PEPPER_ROOT;11985;17;11981;11;;;11991;17;11995;12;;;11988.0;0.0
av_CORN_d9;9600;ASH_COATED_OSMIUM;9953;11;9950;22;;;9962;19;9965;20;;;9957.5;0.0
av_CORN_d9;9600;INTARIAN_PEPPER_ROOT;11983;18;11981;19;;;11989;8;11991;22;;;11986.0;0.0
av_CORN_d9;9700;ASH_COATED_OSMIUM;9953;9;9950;21;;;9962;6;9964;18;;;9957.5;0.0
av_CORN_d9;9700;INTARIAN_PEPPER_ROOT;11979;11;11976;18;;;11987;22;11991;21;;;11983.0;0.0
av_CORN_d9;9800;ASH_COATED_OSMIUM;9952;18;9948;24;;;9963;16;9965;8;;;9957.5;0.0
av_CORN_d9;9800;INTARIAN_PEPPER_ROOT;11979;18;11976;24;;;11985;16;11988;21;;;11982.0;0.0
av_CORN_d9;9900;ASH_COATED_OSMIUM;9955;11;9951;21;;;9961;15;9964;15;;;9958.0;0.0
av_CORN_d9;9900;INTARIAN_PEPPER_ROOT;11971;12;11968;20;;;11988;11;11990;27;;;11979.5;0.0
av_CORN_d9;10000;ASH_COATED_OSMIUM;9954;11;9950;22;;;9960;12;9964;22;;;9957.0;0.0
av_CORN_d9;10000;INTARIAN_PEPPER_ROOT;11975;10;11972;24;;;11981;27;11985;20;;;11978.0;0.0
av_CORN_d9;10100;ASH_COATED_OSMIUM;9955;12;9953;25;;;9961;26;9965;16;;;9958.0;0.0
av_CORN_d9;10100;INTARIAN_PEPPER_ROOT;11966;11;11963;30;;;11984;7;11987;20;;;11975.0;0.0
av_CORN_d9;10200;ASH_COATED_OSMIUM;9952;17;9949;17;;;9964;10;9967;18;;;9958.0;0.0
av_CORN_d9;10200;INTARIAN_PEPPER_ROOT;11966;15;11963;18;;;11980;18;11983;24;;;11973.0;0.0
av_CORN_d9;10300;ASH_COATED_OSMIUM;9955;23;9953;18;;;9961;16;9963;20;;;9958.0;0.0
av_CORN_d9;10300;INTARIAN_PEPPER_ROOT;11966;6;11963;23;;;11977;23;11980;15;;;11971.5;0.0
av_CORN_d9;10400;ASH_COATED_OSMIUM;9955;12;9952;17;;;9961;5;9964;19;;;9958.0;0.0
av_CORN_d9;10400;INTARIAN_PEPPER_ROOT;11963;7;11961;17;;;11974;16;11978;22;;;11968.5;0.0
av_CORN_d9;10500;ASH_COATED_OSMIUM;9954;12;9951;16;;;9963;15;9966;17;;;9958.5;0.0
av_CORN_d9;10500;INTARIAN_PEPPER_ROOT;11964;11;11960;25;;;11970;10;11973;27;;;11967.0;0.0
av_CORN_d9;10600;ASH_COATED_OSMIUM;9955;5;9952;22;;;9961;16;9964;25;;;9958.0;0.0
av_CORN_d9;10600;INTARIAN_PEPPER_ROOT;11957;11;11955;17;;;11972;20;11976;20;;;11964.5;0.0
av_CORN_d9;10700;ASH_COATED_OSMIUM;9950;16;9948;20;;;9966;20;9970;25;;;9958.0;0.0
av_CORN_d9;10700;INTARIAN_PEPPER_ROOT;11959;11;11956;21;;;11965;15;11967;27;;;11962.0;0.0
av_CORN_d9;10800;ASH_COATED_OSMIUM;9952;11;9950;20;;;9963;6;9966;15;;;9957.5;0.0
av_CORN_d9;10800;INTARIAN_PEPPER_ROOT;11953;14;11950;20;;;11968;18;11971;19;;;11960.5;0.0
av_CORN_d9;10900;ASH_COATED_OSMIUM;9953;14;9949;20;;;9964;7;9966;23;;;9958.5;0.0
av_CORN_d9;10900;INTARIAN_PEPPER_ROOT;11954;14;11951;20;;;11962;11;11966;26;;;11958.0;0.0
av_CORN_d9;11000;ASH_COATED_OSMIUM;9956;10;9953;17;;;9962;12;9964;20;;;9959.0;0.0
av_CORN_d9;11000;INTARIAN_PEPPER_ROOT;11951;20;11948;19;;;11960;14;11963;25;;;11955.5;0.0
av_CORN_d9;11100;ASH_COATED_OSMIUM;9953;18;9951;14;;;9963;11;9965;18;;;9958.0;0.0
av_CORN_d9;11100;INTARIAN_PEPPER_ROOT;11951;15;11947;17;;;11957;19;11959;25;;;11954.0;0.0
av_CORN_d9;11200;ASH_COATED_OSMIUM;9955;14;9952;13;;;9961;22;9963;22;;;9958.0;0.0
av_CORN_d9;11200;INTARIAN_PEPPER_ROOT;11949;24;11945;24;;;11955;15;11957;24;;;11952.0;0.0
av_CORN_d9;11300;ASH_COATED_OSMIUM;9956;20;9953;12;;;9962;12;9965;12;;;9959.0;0.0
av_CORN_d9;11300;INTARIAN_PEPPER_ROOT;11945;18;11943;14;;;11954;12;11958;20;;;11949.5;0.0
av_CORN_d9;11400;ASH_COATED_OSMIUM;9956;13;9953;23;;;9962;12;9966;22;;;9959.0;0.0
av_CORN_d9;11400;INTARIAN_PEPPER_ROOT;11944;14;11942;17;;;11951;18;11953;20;;;11947.5;0.0
av_CORN_d9;11500;ASH_COATED_OSMIUM;9955;18;9952;16;;;9961;11;9964;16;;;9958.0;0.0
av_CORN_d9;11500;INTARIAN_PEPPER_ROOT;11939;12;11936;24;;;11951;8;11953;30;;;11945.0;0.0
av_CORN_d9;11600;ASH_COATED_OSMIUM;9956;16;9953;18;;;9962;10;9966;20;;;9959.0;0.0
av_CORN_d9;11600;INTARIAN_PEPPER_ROOT;11937;13;11934;22;;;11949;7;11953;18;;;11943.0;0.0
av_CORN_d9;11700;ASH_COATED_OSMIUM;9956;8;9952;9;;;9962;18;9965;27;;;9959.0;0.0
av_CORN_d9;11700;INTARIAN_PEPPER_ROOT;11937;11;11935;17;;;11944;15;11947;27;;;11940.5;0.0
av_CORN_d9;11800;ASH_COATED_OSMIUM;9956;20;9952;20;;;9962;14;9964;12;;;9959.0;0.0
av_CORN_d9;11800;INTARIAN_PEPPER_ROOT;11935;15;11933;15;;;11941;12;11944;20;;;11938.0;0.0
av_CORN_d9;11900;ASH_COATED_OSMIUM;9937;13;9933;9;;;9980;13;9984;21;;;9958.5;0.0
av_CORN_d9;11900;INTARIAN_PEPPER_ROOT;11934;11;11932;17;;;11940;10;11944;11;;;11937.0;0.0
av_CORN_d9;12000;ASH_COATED_OSMIUM;9956;12;9953;18;;;9962;19;9964;16;;;9959.0;0.0
av_CORN_d9;12000;INTARIAN_PEPPER_ROOT;11931;19;11929;16;;;11937;20;11941;27;;;11934.0;0.0
av_CORN_d9;12100;ASH_COATED_OSMIUM;9956;18;9953;14;;;9962;18;9966;15;;;9959.0;0.0
av_CORN_d9;12100;INTARIAN_PEPPER_ROOT;11929;9;11926;17;;;11935;17;11937;11;;;11932.0;0.0
av_CORN_d9;12200;ASH_COATED_OSMIUM;9953;17;9951;16;;;9963;9;9966;14;;;9958.0;0.0
av_CORN_d9;12200;INTARIAN_PEPPER_ROOT;11927;12;11924;19;;;11933;10;11936;21;;;11930.0;0.0
av_CORN_d9;12300;ASH_COATED_OSMIUM;9956;8;9954;12;;;9962;8;9965;17;;;9959.0;0.0
av_CORN_d9;12300;INTARIAN_PEPPER_ROOT;11924;9;11920;23;;;11930;6;11934;19;;;11927.0;0.0
av_CORN_d9;12400;ASH_COATED_OSMIUM;9956;19;9953;18;;;9962;18;9966;22;;;9959.0;0.0
av_CORN_d9;12400;INTARIAN_PEPPER_ROOT;11923;10;11920;22;;;11929;15;11931;10;;;11926.0;0.0
av_CORN_d9;12500;ASH_COATED_OSMIUM;9955;8;9953;16;;;9962;12;9966;24;;;9958.5;0.0
av_CORN_d9;12500;INTARIAN_PEPPER_ROOT;11918;17;11916;18;;;11930;9;11933;15;;;11924.0;0.0
av_CORN_d9;12600;ASH_COATED_OSMIUM;9950;14;9948;26;;;9967;7;9969;24;;;9958.5;0.0
av_CORN_d9;12600;INTARIAN_PEPPER_ROOT;11918;14;11915;15;;;11924;8;11927;25;;;11921.0;0.0
av_CORN_d9;12700;ASH_COATED_OSMIUM;9953;13;9950;11;;;9965;19;9969;17;;;9959.0;0.0
av_CORN_d9;12700;INTARIAN_PEPPER_ROOT;11917;24;11913;24;;;11923;15;11925;25;;;11920.0;0.0
av_CORN_d9;12800;ASH_COATED_OSMIUM;9956;23;9953;18;;;9962;18;9964;26;;;9959.0;0.0
av_CORN_d9;12800;INTARIAN_PEPPER_ROOT;11914;6;11912;27;;;11920;18;11923;24;;;11917.0;0.0
av_CORN_d9;12900;ASH_COATED_OSMIUM;9956;17;9952;22;;;9962;12;9966;20;;;9959.0;0.0
av_CORN_d9;12900;INTARIAN_PEPPER_ROOT;11912;14;11908;9;;;11918;11;11920;16;;;11915.0;0.0
av_CORN_d9;13000;ASH_COATED_OSMIUM;9957;21;9953;13;;;9963;13;9967;31;;;9960.0;0.0
av_CORN_d9;13000;INTARIAN_PEPPER_ROOT;11910;12;11908;24;;;11916;15;11920;22;;;11913.0;0.0
av_CORN_d9;13100;ASH_COATED_OSMIUM;9957;7;9953;28;;;9963;20;9967;20;;;9960.0;0.0
av_CORN_d9;13100;INTARIAN_PEPPER_ROOT;11908;9;11905;9;;;11914;15;11916;16;;;11911.0;0.0
av_CORN_d9;13200;ASH_COATED_OSMIUM;9946;20;9943;20;;;9973;17;9975;17;;;9959.5;0.0
av_CORN_d9;13200;INTARIAN_PEPPER_ROOT;11905;16;11901;19;;;11911;20;11914;21;;;11908.0;0.0
av_CORN_d9;13300;ASH_COATED_OSMIUM;9955;18;9953;15;;;9964;11;9967;26;;;9959.5;0.0
av_CORN_d9;13300;INTARIAN_PEPPER_ROOT;11903;15;11900;15;;;11909;16;11912;25;;;11906.0;0.0
av_CORN_d9;13400;ASH_COATED_OSMIUM;9956;21;9952;23;;;9963;10;9967;16;;;9959.5;0.0
av_CORN_d9;13400;INTARIAN_PEPPER_ROOT;11901;11;11897;21;;;11907;13;11911;15;;;11904.0;0.0
av_CORN_d9;13500;ASH_COATED_OSMIUM;9949;13;9945;21;;;9971;24;9975;12;;;9960.0;0.0
av_CORN_d9;13500;INTARIAN_PEPPER_ROOT;11889;20;11885;15;;;11916;5;11918;15;;;11902.5;0.0
av_CORN_d9;13600;ASH_COATED_OSMIUM;9957;19;9954;17;;;9963;13;9966;23;;;9960.0;0.0
av_CORN_d9;13600;INTARIAN_PEPPER_ROOT;11888;6;11885;29;;;11912;19;11916;17;;;11900.0;0.0
av_CORN_d9;13700;ASH_COATED_OSMIUM;9956;14;9954;24;;;9962;16;9964;23;;;9959.0;0.0
av_CORN_d9;13700;INTARIAN_PEPPER_ROOT;11895;5;11892;19;;;11901;8;11905;18;;;11898.0;0.0
av_CORN_d9;13800;ASH_COATED_OSMIUM;9957;10;9953;22;;;9963;9;9967;27;;;9960.0;0.0
av_CORN_d9;13800;INTARIAN_PEPPER_ROOT;11893;19;11891;25;;;11899;13;11903;19;;;11896.0;0.0
av_CORN_d9;13900;ASH_COATED_OSMIUM;9955;17;9953;22;;;9964;13;9967;17;;;9959.5;0.0
av_CORN_d9;13900;INTARIAN_PEPPER_ROOT;11891;20;11889;26;;;11897;15;11900;16;;;11894.0;0.0
av_CORN_d9;14000;ASH_COATED_OSMIUM;9957;8;9955;23;;;9963;15;9967;18;;;9960.0;0.0
av_CORN_d9;14000;INTARIAN_PEPPER_ROOT;11883;21;11880;14;;;11899;19;11901;26;;;11891.0;0.0
av_CORN_d9;14100;ASH_COATED_OSMIUM;9957;13;9954;23;;;9963;19;9966;31;;;9960.0;0.0
av_CORN_d9;14100;INTARIAN_PEPPER_ROOT;11886;19;11883;23;;;11892;11;11896;13;;;11889.0;0.0
av_CORN_d9;14200;ASH_COATED_OSMIUM;9954;18;9952;15;;;9965;17;9967;17;;;9959.5;0.0
av_CORN_d9;14200;INTARIAN_PEPPER_ROOT;11884;5;11881;13;;;11890;8;11893;10;;;11887.0;0.0
av_CORN_d9;14300;ASH_COATED_OSMIUM;9957;12;9955;21;;;9963;15;9965;18;;;9960.0;0.0
av_CORN_d9;14300;INTARIAN_PEPPER_ROOT;11875;23;11872;17;;;11895;17;11897;12;;;11885.0;0.0
av_CORN_d9;14400;ASH_COATED_OSMIUM;9957;10;9955;18;;;9963;16;9965;25;;;9960.0;0.0
av_CORN_d9;14400;INTARIAN_PEPPER_ROOT;11879;19;11875;17;;;11886;17;11889;11;;;11882.5;0.0
av_CORN_d9;14500;ASH_COATED_OSMIUM;9957;12;9954;20;;;9963;9;9965;27;;;9960.0;0.0
av_CORN_d9;14500;INTARIAN_PEPPER_ROOT;11877;19;11874;23;;;11884;16;11888;13;;;11880.5;0.0
av_CORN_d9;14600;ASH_COATED_OSMIUM;9957;14;9955;14;;;9963;11;9967;22;;;9960.0;0.0
av_CORN_d9;14600;INTARIAN_PEPPER_ROOT;11875;20;11871;25;;;11881;13;11883;20;;;11878.0;0.0
av_CORN_d9;14700;ASH_COATED_OSMIUM;9954;11;9951;22;;;9967;15;9970;23;;;9960.5;0.0
av_CORN_d9;14700;INTARIAN_PEPPER_ROOT;11872;9;11870;18;;;11880;17;11884;29;;;11876.0;0.0
av_CORN_d9;14800;ASH_COATED_OSMIUM;9958;8;9955;26;;;9964;13;9967;17;;;9961.0;0.0
av_CORN_d9;14800;INTARIAN_PEPPER_ROOT;11868;16;11864;13;;;11881;23;11885;18;;;11874.5;0.0
av_CORN_d9;14900;ASH_COATED_OSMIUM;9957;11;9953;19;;;9963;13;9966;27;;;9960.0;0.0
av_CORN_d9;14900;INTARIAN_PEPPER_ROOT;11855;14;11852;21;;;11889;11;11892;19;;;11872.0;0.0
av_CORN_d9;15000;ASH_COATED_OSMIUM;9958;21;9955;17;;;9964;12;9966;17;;;9961.0;0.0
av_CORN_d9;15000;INTARIAN_PEPPER_ROOT;11867;18;11863;27;;;11873;11;11877;24;;;11870.0;0.0
av_CORN_d9;15100;ASH_COATED_OSMIUM;9951;13;9948;35;;;9969;15;9971;20;;;9960.0;0.0
av_CORN_d9;15100;INTARIAN_PEPPER_ROOT;11863;24;11860;19;;;11873;15;11877;12;;;11868.0;0.0
av_CORN_d9;15200;ASH_COATED_OSMIUM;9950;15;9948;18;;;9971;21;9974;21;;;9960.5;0.0
av_CORN_d9;15200;INTARIAN_PEPPER_ROOT;11863;11;11861;23;;;11869;7;11871;23;;;11866.0;0.0
av_CORN_d9;15300;ASH_COATED_OSMIUM;9957;16;9955;17;;;9963;13;9967;23;;;9960.0;0.0
av_CORN_d9;15300;INTARIAN_PEPPER_ROOT;11861;22;11857;22;;;11867;21;11870;17;;;11864.0;0.0
av_CORN_d9;15400;ASH_COATED_OSMIUM;9952;16;9950;21;;;9969;10;9971;20;;;9960.5;0.0
av_CORN_d9;15400;INTARIAN_PEPPER_ROOT;11858;9;11854;20;;;11864;9;11868;16;;;11861.0;0.0
av_CORN_d9;15500;ASH_COATED_OSMIUM;9958;19;9955;11;;;9964;12;9968;19;;;9961.0;0.0
av_CORN_d9;15500;INTARIAN_PEPPER_ROOT;11856;17;11854;19;;;11862;20;11866;25;;;11859.0;0.0
av_CORN_d9;15600;ASH_COATED_OSMIUM;9957;23;9955;20;;;9963;7;9967;20;;;9960.0;0.0
av_CORN_d9;15600;INTARIAN_PEPPER_ROOT;11850;11;11848;18;;;11864;17;11866;24;;;11857.0;0.0
av_CORN_d9;15700;ASH_COATED_OSMIUM;9953;16;9949;14;;;9969;14;9972;16;;;9961.0;0.0
av_CORN_d9;15700;INTARIAN_PEPPER_ROOT;11852;13;11848;22;;;11858;19;11860;14;;;11855.0;0.0
av_CORN_d9;15800;ASH_COATED_OSMIUM;9958;9;9955;20;;;9964;6;9968;19;;;9961.0;0.0
av_CORN_d9;15800;INTARIAN_PEPPER_ROOT;11844;7;11840;28;;;11861;17;11865;18;;;11852.5;0.0
av_CORN_d9;15900;ASH_COATED_OSMIUM;9956;20;9952;26;;;9966;8;9969;14;;;9961.0;0.0
av_CORN_d9;15900;INTARIAN_PEPPER_ROOT;11848;11;11844;18;;;11854;19;11856;18;;;11851.0;0.0
av_CORN_d9;16000;ASH_COATED_OSMIUM;9958;13;9954;30;;;9964;5;9966;14;;;9961.0;0.0
av_CORN_d9;16000;INTARIAN_PEPPER_ROOT;11836;17;11833;24;;;11859;17;11861;16;;;11847.5;0.0
av_CORN_d9;16100;ASH_COATED_OSMIUM;9954;16;9952;26;;;9967;12;9970;20;;;9960.5;0.0
av_CORN_d9;16100;INTARIAN_PEPPER_ROOT;11836;17;11834;27;;;11857;20;11859;19;;;11846.5;0.0
av_CORN_d9;16200;ASH_COATED_OSMIUM;9958;21;9956;13;;;9964;8;9968;15;;;9961.0;0.0
av_CORN_d9;16200;INTARIAN_PEPPER_ROOT;11838;14;11834;14;;;11849;14;11853;26;;;11843.5;0.0
av_CORN_d9;16300;ASH_COATED_OSMIUM;9957;5;9953;31;;;9963;14;9965;32;;;9960.0;0.0
av_CORN_d9;16300;INTARIAN_PEPPER_ROOT;11839;15;11835;16;;;11845;6;11848;24;;;11842.0;0.0
av_CORN_d9;16400;ASH_COATED_OSMIUM;9959;17;9956;27;;;9965;7;9968;16;;;9962.0;0.0
av_CORN_d9;16400;INTARIAN_PEPPER_ROOT;11837;9;11834;20;;;11843;13;11846;17;;;11840.0;0.0
av_CORN_d9;16500;ASH_COATED_OSMIUM;9958;23;9954;24;;;9964;13;9968;8;;;9961.0;0.0
av_CORN_d9;16500;INTARIAN_PEPPER_ROOT;11834;11;11830;14;;;11840;5;11842;12;;;11837.0;0.0
av_CORN_d9;16600;ASH_COATED_OSMIUM;9956;9;9954;28;;;9965;20;9969;23;;;9960.5;0.0
av_CORN_d9;16600;INTARIAN_PEPPER_ROOT;11830;25;11826;20;;;11842;14;11844;25;;;11836.0;0.0
av_CORN_d9;16700;ASH_COATED_OSMIUM;9955;14;9953;25;;;9968;30;9971;29;;;9961.5;0.0
av_CORN_d9;16700;INTARIAN_PEPPER_ROOT;11830;8;11827;13;;;11836;12;11838;12;;;11833.0;0.0
av_CORN_d9;16800;ASH_COATED_OSMIUM;9952;11;9948;19;;;9971;21;9974;23;;;9961.5;0.0
av_CORN_d9;16800;INTARIAN_PEPPER_ROOT;11828;11;11824;24;;;11835;13;11838;14;;;11831.5;0.0
av_CORN_d9;16900;ASH_COATED_OSMIUM;9958;14;9954;26;;;9965;25;9969;30;;;9961.5;0.0
av_CORN_d9;16900;INTARIAN_PEPPER_ROOT;11826;14;11822;20;;;11832;11;11835;17;;;11829.0;0.0
av_CORN_d9;17000;ASH_COATED_OSMIUM;9959;12;9956;14;;;9965;5;9968;20;;;9962.0;0.0
av_CORN_d9;17000;INTARIAN_PEPPER_ROOT;11822;7;11818;8;;;11828;22;11831;9;;;11825.0;0.0
av_CORN_d9;17100;ASH_COATED_OSMIUM;9959;11;9956;23;;;9965;18;9967;19;;;9962.0;0.0
av_CORN_d9;17100;INTARIAN_PEPPER_ROOT;11818;7;11815;21;;;11824;12;11826;15;;;11821.0;0.0
av_CORN_d9;17200;ASH_COATED_OSMIUM;9959;11;9956;16;;;9965;11;9968;20;;;9962.0;0.0
av_CORN_d9;17200;INTARIAN_PEPPER_ROOT;11811;17;11808;14;;;11820;15;11822;27;;;11815.5;0.0
av_CORN_d9;17300;ASH_COATED_OSMIUM;9958;15;9956;13;;;9964;10;9966;15;;;9961.0;0.0
av_CORN_d9;17300;INTARIAN_PEPPER_ROOT;11807;15;11803;15;;;11813;12;11816;9;;;11810.0;0.0
av_CORN_d9;17400;ASH_COATED_OSMIUM;9955;15;9951;21;;;9969;15;9973;23;;;9962.0;0.0
av_CORN_d9;17400;INTARIAN_PEPPER_ROOT;11803;14;11801;28;;;11809;15;11813;14;;;11806.0;0.0
av_CORN_d9;17500;ASH_COATED_OSMIUM;9960;17;9957;19;;;9966;15;9969;22;;;9963.0;0.0
av_CORN_d9;17500;INTARIAN_PEPPER_ROOT;11797;5;11794;15;;;11803;17;11806;22;;;11800.0;0.0
av_CORN_d9;17600;ASH_COATED_OSMIUM;9959;17;9956;16;;;9965;13;9967;22;;;9962.0;0.0
av_CORN_d9;17600;INTARIAN_PEPPER_ROOT;11790;25;11787;21;;;11802;13;11804;19;;;11796.0;0.0
av_CORN_d9;17700;ASH_COATED_OSMIUM;9960;21;9957;17;;;9966;13;9969;20;;;9963.0;0.0
av_CORN_d9;17700;INTARIAN_PEPPER_ROOT;11787;15;11784;14;;;11794;5;11798;23;;;11790.5;0.0
av_CORN_d9;17800;ASH_COATED_OSMIUM;9958;17;9956;23;;;9967;17;9969;22;;;9962.5;0.0
av_CORN_d9;17800;INTARIAN_PEPPER_ROOT;11777;23;11774;15;;;11794;17;11796;25;;;11785.5;0.0
av_CORN_d9;17900;ASH_COATED_OSMIUM;9955;23;9953;30;;;9971;10;9975;23;;;9963.0;0.0
av_CORN_d9;17900;INTARIAN_PEPPER_ROOT;11777;13;11775;11;;;11784;20;11787;20;;;11780.5;0.0
av_CORN_d9;18000;ASH_COATED_OSMIUM;9953;10;9950;19;;;9972;23;9976;23;;;9962.5;0.0
av_CORN_d9;18000;INTARIAN_PEPPER_ROOT;11773;10;11769;24;;;11779;14;11782;23;;;11776.0;0.0
av_CORN_d9;18100;ASH_COATED_OSMIUM;9960;22;9957;14;;;9966;15;9969;22;;;9963.0;0.0
av_CORN_d9;18100;INTARIAN_PEPPER_ROOT;11768;9;11765;17;;;11774;11;11778;26;;;11771.0;0.0
av_CORN_d9;18200;ASH_COATED_OSMIUM;9961;19;9958;17;;;9967;7;9969;20;;;9964.0;0.0
av_CORN_d9;18200;INTARIAN_PEPPER_ROOT;11763;21;11760;24;;;11770;12;11773;20;;;11766.5;0.0
av_CORN_d9;18300;ASH_COATED_OSMIUM;9961;6;9959;24;;;9967;26;9969;21;;;9964.0;0.0
av_CORN_d9;18300;INTARIAN_PEPPER_ROOT;11758;23;11756;13;;;11764;17;11768;23;;;11761.0;0.0
av_CORN_d9;18400;ASH_COATED_OSMIUM;9960;16;9956;14;;;9966;19;9970;19;;;9963.0;0.0
av_CORN_d9;18400;INTARIAN_PEPPER_ROOT;11753;12;11751;24;;;11759;9;11763;18;;;11756.0;0.0
av_CORN_d9;18500;ASH_COATED_OSMIUM;9961;12;9959;16;;;9967;17;9969;21;;;9964.0;0.0
av_CORN_d9;18500;INTARIAN_PEPPER_ROOT;11748;11;11744;18;;;11755;12;11759;18;;;11751.5;0.0
av_CORN_d9;18600;ASH_COATED_OSMIUM;9959;14;9956;24;;;9969;14;9971;22;;;9964.0;0.0
av_CORN_d9;18600;INTARIAN_PEPPER_ROOT;11743;19;11740;21;;;11749;28;11753;13;;;11746.0;0.0
av_CORN_d9;18700;ASH_COATED_OSMIUM;9946;15;9943;15;;;9983;15;9985;15;;;9964.5;0.0
av_CORN_d9;18700;INTARIAN_PEPPER_ROOT;11739;19;11736;21;;;11745;15;11749;16;;;11742.0;0.0
av_CORN_d9;18800;ASH_COATED_OSMIUM;9961;21;9958;22;;;9967;22;9970;24;;;9964.0;0.0
av_CORN_d9;18800;INTARIAN_PEPPER_ROOT;11734;14;11732;17;;;11740;16;11744;23;;;11737.0;0.0
av_CORN_d9;18900;ASH_COATED_OSMIUM;9962;19;9958;15;;;9968;23;9971;19;;;9965.0;0.0
av_CORN_d9;18900;INTARIAN_PEPPER_ROOT;11729;12;11725;21;;;11735;14;11738;20;;;11732.0;0.0
av_CORN_d9;19000;ASH_COATED_OSMIUM;9962;8;9960;30;;;9968;20;9970;18;;;9965.0;0.0
av_CORN_d9;19000;INTARIAN_PEPPER_ROOT;11723;16;11720;24;;;11729;17;11731;29;;;11726.0;0.0
av_CORN_d9;19100;ASH_COATED_OSMIUM;9962;12;9959;20;;;9968;14;9972;21;;;9965.0;0.0
av_CORN_d9;19100;INTARIAN_PEPPER_ROOT;11719;13;11716;22;;;11725;12;11727;19;;;11722.0;0.0
av_CORN_d9;19200;ASH_COATED_OSMIUM;9962;12;9960;28;;;9968;23;9972;14;;;9965.0;0.0
av_CORN_d9;19200;INTARIAN_PEPPER_ROOT;11711;13;11707;18;;;11722;18;11726;22;;;11716.5;0.0
av_CORN_d9;19300;ASH_COATED_OSMIUM;9962;26;9960;18;;;9968;17;9972;27;;;9965.0;0.0
av_CORN_d9;19300;INTARIAN_PEPPER_ROOT;11702;20;11700;17;;;11723;21;11725;21;;;11712.5;0.0
av_CORN_d9;19400;ASH_COATED_OSMIUM;9963;5;9961;11;;;9969;10;9971;18;;;9966.0;0.0
av_CORN_d9;19400;INTARIAN_PEPPER_ROOT;11700;17;11697;14;;;11715;14;11719;16;;;11707.5;0.0
av_CORN_d9;19500;ASH_COATED_OSMIUM;9963;26;9960;28;;;9969;16;9973;20;;;9966.0;0.0
av_CORN_d9;19500;INTARIAN_PEPPER_ROOT;11699;21;11696;19;;;11705;19;11708;8;;;11702.0;0.0
av_CORN_d9;19600;ASH_COATED_OSMIUM;9963;18;9960;13;;;9969;9;9973;25;;;9966.0;0.0
av_CORN_d9;19600;INTARIAN_PEPPER_ROOT;11686;8;11682;26;;;11708;11;11712;22;;;11697.0;0.0
av_CORN_d9;19700;ASH_COATED_OSMIUM;9963;11;9961;22;;;9969;10;9971;12;;;9966.0;0.0
av_CORN_d9;19700;INTARIAN_PEPPER_ROOT;11689;18;11686;23;;;11695;15;11697;20;;;11692.0;0.0
av_CORN_d9;19800;ASH_COATED_OSMIUM;9958;9;9956;25;;;9974;11;9977;15;;;9966.0;0.0
av_CORN_d9;19800;INTARIAN_PEPPER_ROOT;11684;22;11682;21;;;11690;18;11692;9;;;11687.0;0.0
av_CORN_d9;19900;ASH_COATED_OSMIUM;9964;13;9960;17;;;9970;14;9974;16;;;9967.0;0.0
av_CORN_d9;19900;INTARIAN_PEPPER_ROOT;11678;10;11676;29;;;11685;8;11689;25;;;11681.5;0.0
av_CORN_d9;20000;ASH_COATED_OSMIUM;9964;8;9961;20;;;9971;8;9973;18;;;9967.5;0.0
av_CORN_d9;20000;INTARIAN_PEPPER_ROOT;11666;11;11662;15;;;11688;5;11691;25;;;11677.0;0.0
av_CORN_d9;20100;ASH_COATED_OSMIUM;9964;14;9961;17;;;9970;15;9972;12;;;9967.0;0.0
av_CORN_d9;20100;INTARIAN_PEPPER_ROOT;11669;25;11667;19;;;11675;15;11679;15;;;11672.0;0.0
av_CORN_d9;20200;ASH_COATED_OSMIUM;9960;10;9958;17;;;9973;15;9976;13;;;9966.5;0.0
av_CORN_d9;20200;INTARIAN_PEPPER_ROOT;11664;19;11661;26;;;11670;15;11673;23;;;11667.0;0.0
av_CORN_d9;20300;ASH_COATED_OSMIUM;9964;12;9962;15;;;9970;12;9974;20;;;9967.0;0.0
av_CORN_d9;20300;INTARIAN_PEPPER_ROOT;11660;8;11656;20;;;11666;5;11670;19;;;11663.0;0.0
av_CORN_d9;20400;ASH_COATED_OSMIUM;9964;9;9962;15;;;9973;15;9977;17;;;9968.5;0.0
av_CORN_d9;20400;INTARIAN_PEPPER_ROOT;11655;19;11652;24;;;11661;8;11663;20;;;11658.0;0.0
av_CORN_d9;20500;ASH_COATED_OSMIUM;9965;15;9961;26;;;9971;22;9975;30;;;9968.0;0.0
av_CORN_d9;20500;INTARIAN_PEPPER_ROOT;11650;6;11647;11;;;11656;21;11659;22;;;11653.0;0.0
av_CORN_d9;20600;ASH_COATED_OSMIUM;9958;12;9955;19;;;9978;13;9982;13;;;9968.0;0.0
av_CORN_d9;20600;INTARIAN_PEPPER_ROOT;11643;17;11639;21;;;11651;9;11655;22;;;11647.0;0.0
av_CORN_d9;20700;ASH_COATED_OSMIUM;9965;11;9961;18;;;9971;15;9973;18;;;9968.0;0.0
av_CORN_d9;20700;INTARIAN_PEPPER_ROOT;11640;15;11638;11;;;11646;7;11649;8;;;11643.0;0.0
av_CORN_d9;20800;ASH_COATED_OSMIUM;9965;14;9963;17;;;9971;17;9975;25;;;9968.0;0.0
av_CORN_d9;20800;INTARIAN_PEPPER_ROOT;11634;11;11631;21;;;11644;16;11648;29;;;11639.0;0.0
av_CORN_d9;20900;ASH_COATED_OSMIUM;9952;14;9948;22;;;9984;20;9987;21;;;9968.0;0.0
av_CORN_d9;20900;INTARIAN_PEPPER_ROOT;11629;12;11625;20;;;11636;17;11640;8;;;11632.5;0.0
av_CORN_d9;21000;ASH_COATED_OSMIUM;9966;12;9963;13;;;9972;5;9976;23;;;9969.0;0.0
av_CORN_d9;21000;INTARIAN_PEPPER_ROOT;11625;8;11622;20;;;11631;19;11635;15;;;11628.0;0.0
av_CORN_d9;21100;ASH_COATED_OSMIUM;9959;15;9955;21;;;9979;16;9981;28;;;9969.0;0.0
av_CORN_d9;21100;INTARIAN_PEPPER_ROOT;11620;9;11618;22;;;11626;15;11630;23;;;11623.0;0.0
av_CORN_d9;21200;ASH_COATED_OSMIUM;9964;6;9961;21;;;9975;20;9979;17;;;9969.5;0.0
av_CORN_d9;21200;INTARIAN_PEPPER_ROOT;11602;6;11600;32;;;11634;8;11638;24;;;11618.0;0.0
av_CORN_d9;21300;ASH_COATED_OSMIUM;9966;22;9963;18;;;9972;21;9976;19;;;9969.0;0.0
av_CORN_d9;21300;INTARIAN_PEPPER_ROOT;11610;13;11608;14;;;11616;18;11618;19;;;11613.0;0.0
av_CORN_d9;21400;ASH_COATED_OSMIUM;9953;15;9949;25;;;9985;8;9989;19;;;9969.0;0.0
av_CORN_d9;21400;INTARIAN_PEPPER_ROOT;11605;15;11603;23;;;11611;10;11614;12;;;11608.0;0.0
av_CORN_d9;21500;ASH_COATED_OSMIUM;9967;15;9965;20;;;9973;18;9976;18;;;9970.0;0.0
av_CORN_d9;21500;INTARIAN_PEPPER_ROOT;11600;20;11596;15;;;11606;18;11608;25;;;11603.0;0.0
av_CORN_d9;21600;ASH_COATED_OSMIUM;9962;10;9960;18;;;9978;20;9981;21;;;9970.0;0.0
av_CORN_d9;21600;INTARIAN_PEPPER_ROOT;11592;16;11590;15;;;11605;5;11608;16;;;11598.5;0.0
av_CORN_d9;21700;ASH_COATED_OSMIUM;9967;21;9963;18;;;9973;19;9976;17;;;9970.0;0.0
av_CORN_d9;21700;INTARIAN_PEPPER_ROOT;11587;17;11583;28;;;11601;9;11605;18;;;11594.0;0.0
av_CORN_d9;21800;ASH_COATED_OSMIUM;9965;19;9961;21;;;9975;17;9977;25;;;9970.0;0.0
av_CORN_d9;21800;INTARIAN_PEPPER_ROOT;11586;10;11583;16;;;11592;12;11596;14;;;11589.0;0.0
av_CORN_d9;21900;ASH_COATED_OSMIUM;9967;14;9964;15;;;9973;20;9976;17;;;9970.0;0.0
av_CORN_d9;21900;INTARIAN_PEPPER_ROOT;11578;16;11576;18;;;11588;12;11592;23;;;11583.0;0.0
av_CORN_d9;22000;ASH_COATED_OSMIUM;9967;18;9965;23;;;9973;10;9975;16;;;9970.0;0.0
av_CORN_d9;22000;INTARIAN_PEPPER_ROOT;11575;15;11572;16;;;11581;17;11585;22;;;11578.0;0.0
av_CORN_d9;22100;ASH_COATED_OSMIUM;9968;19;9966;18;;;9974;8;9978;24;;;9971.0;0.0
av_CORN_d9;22100;INTARIAN_PEPPER_ROOT;11571;8;11568;21;;;11577;16;11579;21;;;11574.0;0.0
av_CORN_d9;22200;ASH_COATED_OSMIUM;9965;26;9963;23;;;9976;17;9978;19;;;9970.5;0.0
av_CORN_d9;22200;INTARIAN_PEPPER_ROOT;11566;14;11564;21;;;11572;20;11575;12;;;11569.0;0.0
av_CORN_d9;22300;ASH_COATED_OSMIUM;9968;11;9965;13;;;9976;5;9980;13;;;9972.0;0.0
av_CORN_d9;22300;INTARIAN_PEPPER_ROOT;11560;12;11556;26;;;11566;21;11568;18;;;11563.0;0.0
av_CORN_d9;22400;ASH_COATED_OSMIUM;9969;5;9967;20;;;9975;11;9977;20;;;9972.0;0.0
av_CORN_d9;22400;INTARIAN_PEPPER_ROOT;11556;18;11553;17;;;11562;14;11565;13;;;11559.0;0.0
av_CORN_d9;22500;ASH_COATED_OSMIUM;9968;14;9964;28;;;9974;16;9978;17;;;9971.0;0.0
av_CORN_d9;22500;INTARIAN_PEPPER_ROOT;11551;14;11548;20;;;11557;21;11561;17;;;11554.0;0.0
av_CORN_d9;22600;ASH_COATED_OSMIUM;9969;12;9966;14;;;9975;5;9979;19;;;9972.0;0.0
av_CORN_d9;22600;INTARIAN_PEPPER_ROOT;11546;15;11543;27;;;11552;15;11555;29;;;11549.0;0.0
av_CORN_d9;22700;ASH_COATED_OSMIUM;9967;21;9965;20;;;9977;15;9979;18;;;9972.0;0.0
av_CORN_d9;22700;INTARIAN_PEPPER_ROOT;11538;18;11535;20;;;11549;19;11551;22;;;11543.5;0.0
av_CORN_d9;22800;ASH_COATED_OSMIUM;9970;11;9967;19;;;9976;22;9979;24;;;9973.0;0.0
av_CORN_d9;22800;INTARIAN_PEPPER_ROOT;11529;11;11526;25;;;11549;14;11553;22;;;11539.0;0.0
av_CORN_d9;22900;ASH_COATED_OSMIUM;9959;22;9955;16;;;9985;12;9989;17;;;9972.0;0.0
av_CORN_d9;22900;INTARIAN_PEPPER_ROOT;11528;17;11524;19;;;11539;10;11543;16;;;11533.5;0.0
av_CORN_d9;23000;ASH_COATED_OSMIUM;9968;15;9966;17;;;9977;10;9979;11;;;9972.5;0.0
av_CORN_d9;23000;INTARIAN_PEPPER_ROOT;11527;24;11525;22;;;11533;11;11537;25;;;11530.0;0.0
av_CORN_d9;23100;ASH_COATED_OSMIUM;9970;14;9968;18;;;9976;12;9980;22;;;9973.0;0.0
av_CORN_d9;23100;INTARIAN_PEPPER_ROOT;11521;20;11517;15;;;11527;12;11531;18;;;11524.0;0.0
av_CORN_d9;23200;ASH_COATED_OSMIUM;9968;16;9965;21;;;9978;11;9982;16;;;9973.0;0.0
av_CORN_d9;23200;INTARIAN_PEPPER_ROOT;11516;12;11514;25;;;11522;14;11525;15;;;11519.0;0.0
av_CORN_d9;23300;ASH_COATED_OSMIUM;9968;14;9966;24;;;9978;5;9982;20;;;9973.0;0.0
av_CORN_d9;23300;INTARIAN_PEPPER_ROOT;11509;8;11507;10;;;11519;15;11521;20;;;11514.0;0.0
av_CORN_d9;23400;ASH_COATED_OSMIUM;9970;12;9968;25;;;9976;11;9978;19;;;9973.0;0.0
av_CORN_d9;23400;INTARIAN_PEPPER_ROOT;11503;15;11499;22;;;11516;15;11520;16;;;11509.5;0.0
av_CORN_d9;23500;ASH_COATED_OSMIUM;9970;14;9966;27;;;9976;17;9979;17;;;9973.0;0.0
av_CORN_d9;23500;INTARIAN_PEPPER_ROOT;11495;18;11491;32;;;11513;7;11517;14;;;11504.0;0.0
av_CORN_d9;23600;ASH_COATED_OSMIUM;9971;23;9967;16;;;9977;12;9981;26;;;9974.0;0.0
av_CORN_d9;23600;INTARIAN_PEPPER_ROOT;11496;10;11494;19;;;11502;18;11506;20;;;11499.0;0.0
av_CORN_d9;23700;ASH_COATED_OSMIUM;9966;13;9964;20;;;9981;16;9985;11;;;9973.5;0.0
av_CORN_d9;23700;INTARIAN_PEPPER_ROOT;11483;17;11480;18;;;11508;8;11511;23;;;11495.5;0.0
av_CORN_d9;23800;ASH_COATED_OSMIUM;9970;6;9968;23;;;9979;9;9982;17;;;9974.5;0.0
av_CORN_d9;23800;INTARIAN_PEPPER_ROOT;11487;11;11485;22;;;11493;8;11495;29;;;11490.0;0.0
av_CORN_d9;23900;ASH_COATED_OSMIUM;9970;16;9967;29;;;9976;9;9979;18;;;9973.0;0.0
av_CORN_d9;23900;INTARIAN_PEPPER_ROOT;11482;11;11480;22;;;11488;12;11490;16;;;11485.0;0.0
av_CORN_d9;24000;ASH_COATED_OSMIUM;9972;6;9970;18;;;9978;17;9982;16;;;9975.0;0.0
av_CORN_d9;24000;INTARIAN_PEPPER_ROOT;11477;23;11473;21;;;11483;14;11487;16;;;11480.0;0.0
av_CORN_d9;24100;ASH_COATED_OSMIUM;9971;8;9967;14;;;9977;7;9980;22;;;9974.0;0.0
av_CORN_d9;24100;INTARIAN_PEPPER_ROOT;11471;14;11468;15;;;11477;7;11481;21;;;11474.0;0.0
av_CORN_d9;24200;ASH_COATED_OSMIUM;9971;11;9968;14;;;9977;15;9980;28;;;9974.0;0.0
av_CORN_d9;24200;INTARIAN_PEPPER_ROOT;11467;15;11465;19;;;11473;12;11477;21;;;11470.0;0.0
av_CORN_d9;24300;ASH_COATED_OSMIUM;9972;18;9969;16;;;9978;14;9982;18;;;9975.0;0.0
av_CORN_d9;24300;INTARIAN_PEPPER_ROOT;11460;14;11458;29;;;11470;14;11472;16;;;11465.0;0.0
av_CORN_d9;24400;ASH_COATED_OSMIUM;9972;19;9970;17;;;9978;9;9981;17;;;9975.0;0.0
av_CORN_d9;24400;INTARIAN_PEPPER_ROOT;11457;12;11455;18;;;11463;11;11467;19;;;11460.0;0.0
av_CORN_d9;24500;ASH_COATED_OSMIUM;9965;17;9961;15;;;9987;12;9990;24;;;9976.0;0.0
av_CORN_d9;24500;INTARIAN_PEPPER_ROOT;11440;11;11438;14;;;11469;13;11471;21;;;11454.5;0.0
av_CORN_d9;24600;ASH_COATED_OSMIUM;9972;13;9969;11;;;9978;13;9981;19;;;9975.0;0.0
av_CORN_d9;24600;INTARIAN_PEPPER_ROOT;11447;22;11443;25;;;11453;10;11457;8;;;11450.0;0.0
av_CORN_d9;24700;ASH_COATED_OSMIUM;9972;19;9970;10;;;9978;10;9981;8;;;9975.0;0.0
av_CORN_d9;24700;INTARIAN_PEPPER_ROOT;11442;6;11439;18;;;11448;17;11452;30;;;11445.0;0.0
av_CORN_d9;24800;ASH_COATED_OSMIUM;9968;14;9964;22;;;9983;9;9987;19;;;9975.5;0.0
av_CORN_d9;24800;INTARIAN_PEPPER_ROOT;11436;12;11434;23;;;11444;7;11446;23;;;11440.0;0.0
av_CORN_d9;24900;ASH_COATED_OSMIUM;9973;16;9971;19;;;9979;16;9981;23;;;9976.0;0.0
av_CORN_d9;24900;INTARIAN_PEPPER_ROOT;11425;18;11421;23;;;11445;10;11449;23;;;11435.0;0.0
av_CORN_d9;25000;ASH_COATED_OSMIUM;9973;13;9971;22;;;9979;15;9981;22;;;9976.0;0.0
av_CORN_d9;25000;INTARIAN_PEPPER_ROOT;11428;17;11426;29;;;11434;19;11437;29;;;11431.0;0.0
av_CORN_d9;25100;ASH_COATED_OSMIUM;9973;8;9969;18;;;9979;18;9983;21;;;9976.0;0.0
av_CORN_d9;25100;INTARIAN_PEPPER_ROOT;11423;16;11420;16;;;11429;15;11432;29;;;11426.0;0.0
av_CORN_d9;25200;ASH_COATED_OSMIUM;9973;12;9969;18;;;9979;20;9981;14;;;9976.0;0.0
av_CORN_d9;25200;INTARIAN_PEPPER_ROOT;11417;9;11415;17;;;11424;11;11428;18;;;11420.5;0.0
av_CORN_d9;25300;ASH_COATED_OSMIUM;9973;12;9971;13;;;9979;15;9981;16;;;9976.0;0.0
av_CORN_d9;25300;INTARIAN_PEPPER_ROOT;11411;17;11408;22;;;11421;9;11423;15;;;11416.0;0.0
av_CORN_d9;25400;ASH_COATED_OSMIUM;9973;23;9969;19;;;9980;14;9982;21;;;9976.5;0.0
av_CORN_d9;25400;INTARIAN_PEPPER_ROOT;11408;19;11406;18;;;11414;17;11417;14;;;11411.0;0.0
av_CORN_d9;25500;ASH_COATED_OSMIUM;9974;8;9972;21;;;9980;15;9982;14;;;9977.0;0.0
av_CORN_d9;25500;INTARIAN_PEPPER_ROOT;11403;19;11401;20;;;11409;5;11412;21;;;11406.0;0.0
av_CORN_d9;25600;ASH_COATED_OSMIUM;9974;21;9971;16;;;9980;16;9982;29;;;9977.0;0.0
av_CORN_d9;25600;INTARIAN_PEPPER_ROOT;11398;11;11395;23;;;11404;7;11408;22;;;11401.0;0.0
av_CORN_d9;25700;ASH_COATED_OSMIUM;9975;15;9973;26;;;9981;15;9984;18;;;9978.0;0.0
av_CORN_d9;25700;INTARIAN_PEPPER_ROOT;11392;14;11389;22;;;11399;15;11403;12;;;11395.5;0.0
av_CORN_d9;25800;ASH_COATED_OSMIUM;9961;17;9959;22;;;9994;16;9996;20;;;9977.5;0.0
av_CORN_d9;25800;INTARIAN_PEPPER_ROOT;11388;6;11384;23;;;11394;12;11396;21;;;11391.0;0.0
av_CORN_d9;25900;ASH_COATED_OSMIUM;9972;11;9969;23;;;9984;27;9987;10;;;9978.0;0.0
av_CORN_d9;25900;INTARIAN_PEPPER_ROOT;11381;17;11378;16;;;11390;12;11393;18;;;11385.5;0.0
av_CORN_d9;26000;ASH_COATED_OSMIUM;9951;6;9947;26;;;10005;14;10009;18;;;9978.0;0.0
av_CORN_d9;26000;INTARIAN_PEPPER_ROOT;11377;20;11373;21;;;11385;28;11388;14;;;11381.0;0.0
av_CORN_d9;26100;ASH_COATED_OSMIUM;9976;7;9973;17;;;9982;25;9984;24;;;9979.0;0.0
av_CORN_d9;26100;INTARIAN_PEPPER_ROOT;11373;15;11370;15;;;11379;11;11383;23;;;11376.0;0.0
av_CORN_d9;26200;ASH_COATED_OSMIUM;9976;19;9974;13;;;9982;24;9984;21;;;9979.0;0.0
av_CORN_d9;26200;INTARIAN_PEPPER_ROOT;11368;18;11365;18;;;11374;14;11378;21;;;11371.0;0.0
av_CORN_d9;26300;ASH_COATED_OSMIUM;9975;13;9972;21;;;9981;9;9984;17;;;9978.0;0.0
av_CORN_d9;26300;INTARIAN_PEPPER_ROOT;11363;15;11360;19;;;11369;19;11372;9;;;11366.0;0.0
av_CORN_d9;26400;ASH_COATED_OSMIUM;9976;18;9972;17;;;9982;23;9986;21;;;9979.0;0.0
av_CORN_d9;26400;INTARIAN_PEPPER_ROOT;11359;22;11356;19;;;11365;14;11367;22;;;11362.0;0.0
av_CORN_d9;26500;ASH_COATED_OSMIUM;9975;16;9971;21;;;9983;24;9985;29;;;9979.0;0.0
av_CORN_d9;26500;INTARIAN_PEPPER_ROOT;11350;23;11348;21;;;11363;12;11366;21;;;11356.5;0.0
av_CORN_d9;26600;ASH_COATED_OSMIUM;9976;18;9972;30;;;9982;9;9985;8;;;9979.0;0.0
av_CORN_d9;26600;INTARIAN_PEPPER_ROOT;11348;19;11344;28;;;11354;19;11356;14;;;11351.0;0.0
av_CORN_d9;26700;ASH_COATED_OSMIUM;9976;18;9972;22;;;9982;14;9984;20;;;9979.0;0.0
av_CORN_d9;26700;INTARIAN_PEPPER_ROOT;11343;21;11339;25;;;11351;9;11353;20;;;11347.0;0.0
av_CORN_d9;26800;ASH_COATED_OSMIUM;9975;30;9973;21;;;9984;21;9986;18;;;9979.5;0.0
av_CORN_d9;26800;INTARIAN_PEPPER_ROOT;11333;12;11331;23;;;11351;16;11355;25;;;11342.0;0.0
av_CORN_d9;26900;ASH_COATED_OSMIUM;9977;11;9973;21;;;9983;7;9987;14;;;9980.0;0.0
av_CORN_d9;26900;INTARIAN_PEPPER_ROOT;11333;18;11331;25;;;11341;21;11344;21;;;11337.0;0.0
av_CORN_d9;27000;ASH_COATED_OSMIUM;9977;12;9975;19;;;9983;19;9986;22;;;9980.0;0.0
av_CORN_d9;27000;INTARIAN_PEPPER_ROOT;11329;17;11326;16;;;11335;8;11337;8;;;11332.0;0.0
av_CORN_d9;27100;ASH_COATED_OSMIUM;9977;16;9973;24;;;9983;16;9987;13;;;9980.0;0.0
av_CORN_d9;27100;INTARIAN_PEPPER_ROOT;11321;23;11319;11;;;11332;16;11334;23;;;11326.5;0.0
av_CORN_d9;27200;ASH_COATED_OSMIUM;9977;14;9973;10;;;9983;15;9986;15;;;9980.0;0.0
av_CORN_d9;27200;INTARIAN_PEPPER_ROOT;11319;8;11317;21;;;11325;20;11329;21;;;11322.0;0.0
av_CORN_d9;27300;ASH_COATED_OSMIUM;9977;7;9974;22;;;9983;13;9985;25;;;9980.0;0.0
av_CORN_d9;27300;INTARIAN_PEPPER_ROOT;11314;12;11310;19;;;11321;22;11324;16;;;11317.5;0.0
av_CORN_d9;27400;ASH_COATED_OSMIUM;9967;11;9964;16;;;9995;11;9999;19;;;9981.0;0.0
av_CORN_d9;27400;INTARIAN_PEPPER_ROOT;11309;9;11307;20;;;11315;21;11317;18;;;11312.0;0.0
av_CORN_d9;27500;ASH_COATED_OSMIUM;9974;13;9972;9;;;9988;13;9992;13;;;9981.0;0.0
av_CORN_d9;27500;INTARIAN_PEPPER_ROOT;11304;21;11300;21;;;11310;11;11312;15;;;11307.0;0.0
av_CORN_d9;27600;ASH_COATED_OSMIUM;9978;12;9976;30;;;9984;14;9987;23;;;9981.0;0.0
av_CORN_d9;27600;INTARIAN_PEPPER_ROOT;11300;12;11298;17;;;11306;13;11308;20;;;11303.0;0.0
av_CORN_d9;27700;ASH_COATED_OSMIUM;9978;12;9976;18;;;9984;18;9987;16;;;9981.0;0.0
av_CORN_d9;27700;INTARIAN_PEPPER_ROOT;11293;13;11290;15;;;11301;6;11305;19;;;11297.0;0.0
av_CORN_d9;27800;ASH_COATED_OSMIUM;9976;11;9974;12;;;9985;25;9987;19;;;9980.5;0.0
av_CORN_d9;27800;INTARIAN_PEPPER_ROOT;11288;7;11286;21;;;11297;22;11301;24;;;11292.5;0.0
av_CORN_d9;27900;ASH_COATED_OSMIUM;9978;10;9974;19;;;9984;10;9987;24;;;9981.0;0.0
av_CORN_d9;27900;INTARIAN_PEPPER_ROOT;11284;11;11280;20;;;11290;7;11292;16;;;11287.0;0.0
av_CORN_d9;28000;ASH_COATED_OSMIUM;9979;12;9977;19;;;9985;12;9988;29;;;9982.0;0.0
av_CORN_d9;28000;INTARIAN_PEPPER_ROOT;11279;5;11277;10;;;11285;18;11289;21;;;11282.0;0.0
av_CORN_d9;28100;ASH_COATED_OSMIUM;9976;16;9972;21;;;9987;12;9989;24;;;9981.5;0.0
av_CORN_d9;28100;INTARIAN_PEPPER_ROOT;11273;11;11270;18;;;11282;14;11284;15;;;11277.5;0.0
av_CORN_d9;28200;ASH_COATED_OSMIUM;9979;22;9977;20;;;9985;17;9989;24;;;9982.0;0.0
av_CORN_d9;28200;INTARIAN_PEPPER_ROOT;11269;17;11267;30;;;11275;12;11278;27;;;11272.0;0.0
av_CORN_d9;28300;ASH_COATED_OSMIUM;9970;19;9966;23;;;9994;22;9998;12;;;9982.0;0.0
av_CORN_d9;28300;INTARIAN_PEPPER_ROOT;11262;15;11258;17;;;11272;6;11274;14;;;11267.0;0.0
av_CORN_d9;28400;ASH_COATED_OSMIUM;9979;6;9976;16;;;9985;10;9987;11;;;9982.0;0.0
av_CORN_d9;28400;INTARIAN_PEPPER_ROOT;11259;14;11256;15;;;11265;13;11268;12;;;11262.0;0.0
av_CORN_d9;28500;ASH_COATED_OSMIUM;9980;17;9978;28;;;9986;14;9989;15;;;9983.0;0.0
av_CORN_d9;28500;INTARIAN_PEPPER_ROOT;11252;19;11248;11;;;11261;10;11263;18;;;11256.5;0.0
av_CORN_d9;28600;ASH_COATED_OSMIUM;9975;14;9973;23;;;9992;16;9995;16;;;9983.5;0.0
av_CORN_d9;28600;INTARIAN_PEPPER_ROOT;11248;25;11245;20;;;11256;18;11258;16;;;11252.0;0.0
av_CORN_d9;28700;ASH_COATED_OSMIUM;9980;14;9976;24;;;9986;12;9989;21;;;9983.0;0.0
av_CORN_d9;28700;INTARIAN_PEPPER_ROOT;11245;15;11243;17;;;11251;13;11255;11;;;11248.0;0.0
av_CORN_d9;28800;ASH_COATED_OSMIUM;9980;14;9977;24;;;9986;6;9989;20;;;9983.0;0.0
av_CORN_d9;28800;INTARIAN_PEPPER_ROOT;11240;11;11238;23;;;11246;8;11249;14;;;11243.0;0.0
av_CORN_d9;28900;ASH_COATED_OSMIUM;9980;21;9978;20;;;9986;20;9989;15;;;9983.0;0.0
av_CORN_d9;28900;INTARIAN_PEPPER_ROOT;11232;12;11229;9;;;11243;11;11247;26;;;11237.5;0.0
av_CORN_d9;29000;ASH_COATED_OSMIUM;9981;25;9978;20;;;9987;14;9989;25;;;9984.0;0.0
av_CORN_d9;29000;INTARIAN_PEPPER_ROOT;11230;13;11226;25;;;11236;15;11240;15;;;11233.0;0.0
av_CORN_d9;29100;ASH_COATED_OSMIUM;9981;12;9979;9;;;9987;12;9990;15;;;9984.0;0.0
av_CORN_d9;29100;INTARIAN_PEPPER_ROOT;11224;7;11222;16;;;11230;15;11232;24;;;11227.0;0.0
av_CORN_d9;29200;ASH_COATED_OSMIUM;9979;15;9977;21;;;9989;15;9991;14;;;9984.0;0.0
av_CORN_d9;29200;INTARIAN_PEPPER_ROOT;11221;12;11219;14;;;11227;12;11229;19;;;11224.0;0.0
av_CORN_d9;29300;ASH_COATED_OSMIUM;9980;12;9978;22;;;9986;14;9990;22;;;9983.0;0.0
av_CORN_d9;29300;INTARIAN_PEPPER_ROOT;11214;20;11211;17;;;11221;23;11223;15;;;11217.5;0.0
av_CORN_d9;29400;ASH_COATED_OSMIUM;9979;20;9977;22;;;9988;16;9990;21;;;9983.5;0.0
av_CORN_d9;29400;INTARIAN_PEPPER_ROOT;11210;9;11208;15;;;11216;15;11219;13;;;11213.0;0.0
av_CORN_d9;29500;ASH_COATED_OSMIUM;9982;17;9979;8;;;9988;12;9992;20;;;9985.0;0.0
av_CORN_d9;29500;INTARIAN_PEPPER_ROOT;11203;7;11199;21;;;11213;10;11216;17;;;11208.0;0.0
av_CORN_d9;29600;ASH_COATED_OSMIUM;9980;10;9976;31;;;9991;12;9994;22;;;9985.5;0.0
av_CORN_d9;29600;INTARIAN_PEPPER_ROOT;11200;10;11198;14;;;11206;5;11208;14;;;11203.0;0.0
av_CORN_d9;29700;ASH_COATED_OSMIUM;9978;21;9974;22;;;9991;9;9994;20;;;9984.5;0.0
av_CORN_d9;29700;INTARIAN_PEPPER_ROOT;11193;18;11189;22;;;11204;25;11206;23;;;11198.5;0.0
av_CORN_d9;29800;ASH_COATED_OSMIUM;9981;29;9979;14;;;9987;17;9991;25;;;9984.0;0.0
av_CORN_d9;29800;INTARIAN_PEPPER_ROOT;11175;13;11172;22;;;11211;11;11214;10;;;11193.0;0.0
av_CORN_d9;29900;ASH_COATED_OSMIUM;9979;15;9977;20;;;9991;13;9995;17;;;9985.0;0.0
av_CORN_d9;29900;INTARIAN_PEPPER_ROOT;11185;17;11183;14;;;11191;22;11193;24;;;11188.0;0.0
av_CORN_d9;30000;ASH_COATED_OSMIUM;9982;6;9978;17;;;9988;18;9991;20;;;9985.0;0.0
av_CORN_d9;30000;INTARIAN_PEPPER_ROOT;11175;10;11172;23;;;11191;8;11194;22;;;11183.0;0.0
av_CORN_d9;30100;ASH_COATED_OSMIUM;9983;12;9981;25;;;9989;8;9992;18;;;9986.0;0.0
av_CORN_d9;30100;INTARIAN_PEPPER_ROOT;11175;12;11173;20;;;11181;7;11183;19;;;11178.0;0.0
av_CORN_d9;30200;ASH_COATED_OSMIUM;9981;8;9977;17;;;9992;11;9994;21;;;9986.5;0.0
av_CORN_d9;30200;INTARIAN_PEPPER_ROOT;11170;17;11168;11;;;11176;12;11178;11;;;11173.0;0.0
av_CORN_d9;30300;ASH_COATED_OSMIUM;9983;13;9981;20;;;9989;22;9993;29;;;9986.0;0.0
av_CORN_d9;30300;INTARIAN_PEPPER_ROOT;11164;13;11162;32;;;11172;20;11175;21;;;11168.0;0.0
av_CORN_d9;30400;ASH_COATED_OSMIUM;9967;14;9964;31;;;10005;16;10009;17;;;9986.0;0.0
av_CORN_d9;30400;INTARIAN_PEPPER_ROOT;11157;18;11154;22;;;11171;17;11173;16;;;11164.0;0.0
av_CORN_d9;30500;ASH_COATED_OSMIUM;9967;9;9963;24;;;10004;12;10007;15;;;9985.5;0.0
av_CORN_d9;30500;INTARIAN_PEPPER_ROOT;11156;16;11152;15;;;11162;14;11164;26;;;11159.0;0.0
av_CORN_d9;30600;ASH_COATED_OSMIUM;9984;17;9981;19;;;9990;21;9993;24;;;9987.0;0.0
av_CORN_d9;30600;INTARIAN_PEPPER_ROOT;11151;8;11148;10;;;11157;16;11160;27;;;11154.0;0.0
av_CORN_d9;30700;ASH_COATED_OSMIUM;9983;18;9981;24;;;9989;16;9993;21;;;9986.0;0.0
av_CORN_d9;30700;INTARIAN_PEPPER_ROOT;11143;22;11139;25;;;11155;20;11159;16;;;11149.0;0.0
av_CORN_d9;30800;ASH_COATED_OSMIUM;9978;7;9976;20;;;9995;26;9998;24;;;9986.5;0.0
av_CORN_d9;30800;INTARIAN_PEPPER_ROOT;11141;23;11139;23;;;11147;11;11151;21;;;11144.0;0.0
av_CORN_d9;30900;ASH_COATED_OSMIUM;9983;19;9980;15;;;9992;17;9995;19;;;9987.5;0.0
av_CORN_d9;30900;INTARIAN_PEPPER_ROOT;11136;10;11134;29;;;11142;21;11146;18;;;11139.0;0.0
av_CORN_d9;31000;ASH_COATED_OSMIUM;9984;13;9982;20;;;9990;9;9994;25;;;9987.0;0.0
av_CORN_d9;31000;INTARIAN_PEPPER_ROOT;11129;20;11125;21;;;11139;7;11141;14;;;11134.0;0.0
av_CORN_d9;31100;ASH_COATED_OSMIUM;9984;10;9982;15;;;9991;15;9994;22;;;9987.5;0.0
av_CORN_d9;31100;INTARIAN_PEPPER_ROOT;11126;18;11124;20;;;11132;17;11136;18;;;11129.0;0.0
av_CORN_d9;31200;ASH_COATED_OSMIUM;9984;16;9981;10;;;9990;13;9994;24;;;9987.0;0.0
av_CORN_d9;31200;INTARIAN_PEPPER_ROOT;11121;23;11117;10;;;11127;26;11130;12;;;11124.0;0.0
av_CORN_d9;31300;ASH_COATED_OSMIUM;9980;13;9978;20;;;9995;21;9998;18;;;9987.5;0.0
av_CORN_d9;31300;INTARIAN_PEPPER_ROOT;11117;18;11114;15;;;11123;24;11125;15;;;11120.0;0.0
av_CORN_d9;31400;ASH_COATED_OSMIUM;9972;5;9968;30;;;10004;5;10007;30;;;9988.0;0.0
av_CORN_d9;31400;INTARIAN_PEPPER_ROOT;11111;12;11109;19;;;11117;7;11121;14;;;11114.0;0.0
av_CORN_d9;31500;ASH_COATED_OSMIUM;9985;18;9983;21;;;9991;6;9993;17;;;9988.0;0.0
av_CORN_d9;31500;INTARIAN_PEPPER_ROOT;11106;15;11102;19;;;11112;16;11116;23;;;11109.0;0.0
av_CORN_d9;31600;ASH_COATED_OSMIUM;9985;20;9982;11;;;9991;17;9994;9;;;9988.0;0.0
av_CORN_d9;31600;INTARIAN_PEPPER_ROOT;11102;13;11099;15;;;11108;23;11111;20;;;11105.0;0.0
av_CORN_d9;31700;ASH_COATED_OSMIUM;9986;9;9984;21;;;9992;9;9996;16;;;9989.0;0.0
av_CORN_d9;31700;INTARIAN_PEPPER_ROOT;11094;9;11091;15;;;11106;14;11108;28;;;11100.0;0.0
av_CORN_d9;31800;ASH_COATED_OSMIUM;9986;13;9983;18;;;9992;12;9996;17;;;9989.0;0.0
av_CORN_d9;31800;INTARIAN_PEPPER_ROOT;11089;14;11087;19;;;11099;12;11103;26;;;11094.0;0.0
av_CORN_d9;31900;ASH_COATED_OSMIUM;9980;16;9976;18;;;9998;13;10000;15;;;9989.0;0.0
av_CORN_d9;31900;INTARIAN_PEPPER_ROOT;11086;12;11084;23;;;11093;13;11096;23;;;11089.5;0.0
av_CORN_d9;32000;ASH_COATED_OSMIUM;9986;18;9982;21;;;9992;20;9995;19;;;9989.0;0.0
av_CORN_d9;32000;INTARIAN_PEPPER_ROOT;11082;16;11078;21;;;11088;16;11090;23;;;11085.0;0.0
av_CORN_d9;32100;ASH_COATED_OSMIUM;9976;13;9972;20;;;10004;13;10006;17;;;9990.0;0.0
av_CORN_d9;32100;INTARIAN_PEPPER_ROOT;11076;18;11074;20;;;11083;19;11085;21;;;11079.5;0.0
av_CORN_d9;32200;ASH_COATED_OSMIUM;9987;19;9985;27;;;9993;17;9996;27;;;9990.0;0.0
av_CORN_d9;32200;INTARIAN_PEPPER_ROOT;11072;13;11068;23;;;11078;14;11080;19;;;11075.0;0.0
av_CORN_d9;32300;ASH_COATED_OSMIUM;9984;28;9982;23;;;9996;13;9999;20;;;9990.0;0.0
av_CORN_d9;32300;INTARIAN_PEPPER_ROOT;11057;15;11055;13;;;11084;5;11086;15;;;11070.5;0.0
av_CORN_d9;32400;ASH_COATED_OSMIUM;9987;5;9984;14;;;9993;15;9995;19;;;9990.0;0.0
av_CORN_d9;32400;INTARIAN_PEPPER_ROOT;11062;5;11060;21;;;11068;19;11071;9;;;11065.0;0.0
av_CORN_d9;32500;ASH_COATED_OSMIUM;9986;14;9984;23;;;9993;15;9997;17;;;9989.5;0.0
av_CORN_d9;32500;INTARIAN_PEPPER_ROOT;11057;6;11054;16;;;11063;14;11067;24;;;11060.0;0.0
av_CORN_d9;32600;ASH_COATED_OSMIUM;9987;9;9985;16;;;9993;17;9997;29;;;9990.0;0.0
av_CORN_d9;32600;INTARIAN_PEPPER_ROOT;11052;12;11050;18;;;11058;15;11062;19;;;11055.0;0.0
av_CORN_d9;32700;ASH_COATED_OSMIUM;9984;19;9980;17;;;9997;19;10000;31;;;9990.5;0.0
av_CORN_d9;32700;INTARIAN_PEPPER_ROOT;11047;21;11045;10;;;11053;23;11056;22;;;11050.0;0.0
av_CORN_d9;32800;ASH_COATED_OSMIUM;9987;17;9983;17;;;9993;12;9995;14;;;9990.0;0.0
av_CORN_d9;32800;INTARIAN_PEPPER_ROOT;11042;14;11040;17;;;11048;8;11051;18;;;11045.0;0.0
av_CORN_d9;32900;ASH_COATED_OSMIUM;9985;11;9981;18;;;9997;13;9999;18;;;9991.0;0.0
av_CORN_d9;32900;INTARIAN_PEPPER_ROOT;11037;20;11035;24;;;11043;18;11046;15;;;11040.0;0.0
av_CORN_d9;33000;ASH_COATED_OSMIUM;9987;6;9985;13;;;9993;11;9996;16;;;9990.0;0.0
av_CORN_d9;33000;INTARIAN_PEPPER_ROOT;11032;16;11029;29;;;11038;17;11040;19;;;11035.0;0.0
av_CORN_d9;33100;ASH_COATED_OSMIUM;9986;13;9983;14;;;9995;5;9997;23;;;9990.5;0.0
av_CORN_d9;33100;INTARIAN_PEPPER_ROOT;11025;9;11023;8;;;11036;21;11039;18;;;11030.5;0.0
av_CORN_d9;33200;ASH_COATED_OSMIUM;9978;20;9974;25;;;10005;15;10007;24;;;9991.5;0.0
av_CORN_d9;33200;INTARIAN_PEPPER_ROOT;11022;26;11020;17;;;11028;11;11032;11;;;11025.0;0.0
av_CORN_d9;33300;ASH_COATED_OSMIUM;9989;10;9986;19;;;9995;19;9997;23;;;9992.0;0.0
av_CORN_d9;33300;INTARIAN_PEPPER_ROOT;11018;17;11015;14;;;11024;17;11026;23;;;11021.0;0.0
av_CORN_d9;33400;ASH_COATED_OSMIUM;9989;9;9985;12;;;9995;11;9997;19;;;9992.0;0.0
av_CORN_d9;33400;INTARIAN_PEPPER_ROOT;11009;14;11005;21;;;11021;26;11024;21;;;11015.0;0.0
av_CORN_d9;33500;ASH_COATED_OSMIUM;9982;24;9979;23;;;10001;17;10005;19;;;9991.5;0.0
av_CORN_d9;33500;INTARIAN_PEPPER_ROOT;11007;9;11004;21;;;11013;15;11015;13;;;11010.0;0.0
av_CORN_d9;33600;ASH_COATED_OSMIUM;9989;9;9986;9;;;9995;19;9999;17;;;9992.0;0.0
av_CORN_d9;33600;INTARIAN_PEPPER_ROOT;11002;13;10999;20;;;11008;20;11012;22;;;11005.0;0.0
av_CORN_d9;33700;ASH_COATED_OSMIUM;9988;16;9985;14;;;9996;18;9999;24;;;9992.0;0.0
av_CORN_d9;33700;INTARIAN_PEPPER_ROOT;10998;10;10994;24;;;11004;24;11006;12;;;11001.0;0.0
av_CORN_d9;33800;ASH_COATED_OSMIUM;9989;14;9985;27;;;9995;6;9999;22;;;9992.0;0.0
av_CORN_d9;33800;INTARIAN_PEPPER_ROOT;10993;15;10991;23;;;10999;5;11003;26;;;10996.0;0.0
av_CORN_d9;33900;ASH_COATED_OSMIUM;9990;19;9987;14;;;9996;14;9999;16;;;9993.0;0.0
av_CORN_d9;33900;INTARIAN_PEPPER_ROOT;10986;6;10982;17;;;10996;17;10999;25;;;10991.0;0.0
av_CORN_d9;34000;ASH_COATED_OSMIUM;9989;14;9986;20;;;9995;7;9999;25;;;9992.0;0.0
av_CORN_d9;34000;INTARIAN_PEPPER_ROOT;10988;12;10985;20;;;10995;9;10997;22;;;10991.5;0.0
av_CORN_d9;34100;ASH_COATED_OSMIUM;9987;19;9984;31;;;9998;12;10001;17;;;9992.5;0.0
av_CORN_d9;34100;INTARIAN_PEPPER_ROOT;10986;12;10983;21;;;10996;10;10999;20;;;10991.0;0.0
av_CORN_d9;34200;ASH_COATED_OSMIUM;9988;20;9986;21;;;9997;22;10001;17;;;9992.5;0.0
av_CORN_d9;34200;INTARIAN_PEPPER_ROOT;10989;25;10986;19;;;10995;10;10998;19;;;10992.0;0.0
av_CORN_d9;34300;ASH_COATED_OSMIUM;9988;13;9984;20;;;9995;16;9999;13;;;9991.5;0.0
av_CORN_d9;34300;INTARIAN_PEPPER_ROOT;10989;13;10987;26;;;10995;5;10997;26;;;10992.0;0.0
av_CORN_d9;34400;ASH_COATED_OSMIUM;9985;9;9982;19;;;10000;9;10004;15;;;9992.5;0.0
av_CORN_d9;34400;INTARIAN_PEPPER_ROOT;10989;13;10985;13;;;10995;18;10999;25;;;10992.0;0.0
av_CORN_d9;34500;ASH_COATED_OSMIUM;9989;14;9986;16;;;9995;22;9999;12;;;9992.0;0.0
av_CORN_d9;34500;INTARIAN_PEPPER_ROOT;10979;14;10977;22;;;11006;16;11010;16;;;10992.5;0.0
av_CORN_d9;34600;ASH_COATED_OSMIUM;9989;18;9987;25;;;9995;11;9999;24;;;9992.0;0.0
av_CORN_d9;34600;INTARIAN_PEPPER_ROOT;10989;12;10987;15;;;10995;20;10999;17;;;10992.0;0.0
av_CORN_d9;34700;ASH_COATED_OSMIUM;9982;7;9980;21;;;10003;15;10007;23;;;9992.5;0.0
av_CORN_d9;34700;INTARIAN_PEPPER_ROOT;10987;15;10984;17;;;10996;10;10999;16;;;10991.5;0.0
av_CORN_d9;34800;ASH_COATED_OSMIUM;9986;12;9984;15;;;9997;9;10000;23;;;9991.5;0.0
av_CORN_d9;34800;INTARIAN_PEPPER_ROOT;10986;7;10984;23;;;10998;12;11002;22;;;10992.0;0.0
av_CORN_d9;34900;ASH_COATED_OSMIUM;9986;23;9984;30;;;9999;11;10003;10;;;9992.5;0.0
av_CORN_d9;34900;INTARIAN_PEPPER_ROOT;10989;16;10985;10;;;10995;6;10999;17;;;10992.0;0.0
av_CORN_d9;35000;ASH_COATED_OSMIUM;9989;8;9985;19;;;9995;14;9998;20;;;9992.0;0.0
av_CORN_d9;35000;INTARIAN_PEPPER_ROOT;10989;19;10985;20;;;10995;12;10998;23;;;10992.0;0.0
av_CORN_d9;35100;ASH_COATED_OSMIUM;9989;16;9987;17;;;9995;14;9998;20;;;9992.0;0.0
av_CORN_d9;35100;INTARIAN_PEPPER_ROOT;10989;13;10985;21;;;10995;18;10997;23;;;10992.0;0.0
av_CORN_d9;35200;ASH_COATED_OSMIUM;9989;19;9987;27;;;9995;16;9997;19;;;9992.0;0.0
av_CORN_d9;35200;INTARIAN_PEPPER_ROOT;10989;11;10986;18;;;10995;10;10998;13;;;10992.0;0.0
av_CORN_d9;35300;ASH_COATED_OSMIUM;9989;18;9987;23;;;9996;13;9999;21;;;9992.5;0.0
av_CORN_d9;35300;INTARIAN_PEPPER_ROOT;10989;19;10986;24;;;10995;21;10998;19;;;10992.0;0.0
av_CORN_d9;35400;ASH_COATED_OSMIUM;9984;19;9980;26;;;10000;14;10002;21;;;9992.0;0.0
av_CORN_d9;35400;INTARIAN_PEPPER_ROOT;10989;18;10986;24;;;10995;14;10999;25;;;10992.0;0.0
av_CORN_d9;35500;ASH_COATED_OSMIUM;9989;22;9987;17;;;9995;6;9998;27;;;9992.0;0.0
av_CORN_d9;35500;INTARIAN_PEPPER_ROOT;10989;15;10987;10;;;10995;18;10997;9;;;10992.0;0.0
av_CORN_d9;35600;ASH_COATED_OSMIUM;9989;6;9985;25;;;9995;15;9999;19;;;9992.0;0.0
av_CORN_d9;35600;INTARIAN_PEPPER_ROOT;10990;23;10988;8;;;10996;6;11000;19;;;10993.0;0.0
av_CORN_d9;35700;ASH_COATED_OSMIUM;9989;16;9987;19;;;9995;9;9998;16;;;9992.0;0.0
av_CORN_d9;35700;INTARIAN_PEPPER_ROOT;10988;18;10986;26;;;10997;14;11000;14;;;10992.5;0.0
av_CORN_d9;35800;ASH_COATED_OSMIUM;9989;19;9985;19;;;9995;14;9997;16;;;9992.0;0.0
av_CORN_d9;35800;INTARIAN_PEPPER_ROOT;10990;22;10988;18;;;10996;9;10998;23;;;10993.0;0.0
av_CORN_d9;35900;ASH_COATED_OSMIUM;9988;13;9985;17;;;9994;13;9996;19;;;9991.0;0.0
av_CORN_d9;35900;INTARIAN_PEPPER_ROOT;10990;10;10988;19;;;10996;18;11000;18;;;10993.0;0.0
av_CORN_d9;36000;ASH_COATED_OSMIUM;9989;13;9985;17;;;9995;5;9998;23;;;9992.0;0.0
av_CORN_d9;36000;INTARIAN_PEPPER_ROOT;10987;17;10983;23;;;10999;8;11002;10;;;10993.0;0.0
av_CORN_d9;36100;ASH_COATED_OSMIUM;9989;27;9985;23;;;9995;9;9997;29;;;9992.0;0.0
av_CORN_d9;36100;INTARIAN_PEPPER_ROOT;10990;16;10987;18;;;10997;11;11000;27;;;10993.5;0.0
av_CORN_d9;36200;ASH_COATED_OSMIUM;9986;17;9982;9;;;9997;24;9999;9;;;9991.5;0.0
av_CORN_d9;36200;INTARIAN_PEPPER_ROOT;10990;10;10986;8;;;10997;16;11000;18;;;10993.5;0.0
av_CORN_d9;36300;ASH_COATED_OSMIUM;9988;16;9984;21;;;9994;7;9997;20;;;9991.0;0.0
av_CORN_d9;36300;INTARIAN_PEPPER_ROOT;10990;17;10986;18;;;10996;7;10999;12;;;10993.0;0.0
av_CORN_d9;36400;ASH_COATED_OSMIUM;9988;5;9984;30;;;9994;15;9998;17;;;9991.0;0.0
av_CORN_d9;36400;INTARIAN_PEPPER_ROOT;10990;10;10988;15;;;10996;15;11000;11;;;10993.0;0.0
av_CORN_d9;36500;ASH_COATED_OSMIUM;9982;12;9980;33;;;10001;20;10004;33;;;9991.5;0.0
av_CORN_d9;36500;INTARIAN_PEPPER_ROOT;10991;17;10987;18;;;10997;6;11001;15;;;10994.0;0.0
av_CORN_d9;36600;ASH_COATED_OSMIUM;9982;19;9980;28;;;10001;17;10005;35;;;9991.5;0.0
av_CORN_d9;36600;INTARIAN_PEPPER_ROOT;10992;17;10988;16;;;10998;16;11000;26;;;10995.0;0.0
av_CORN_d9;36700;ASH_COATED_OSMIUM;9988;15;9986;19;;;9994;16;9996;22;;;9991.0;0.0
av_CORN_d9;36700;INTARIAN_PEPPER_ROOT;10991;18;10989;15;;;10998;18;11001;17;;;10994.5;0.0
av_CORN_d9;36800;ASH_COATED_OSMIUM;9986;15;9983;14;;;9995;20;9998;22;;;9990.5;0.0
av_CORN_d9;36800;INTARIAN_PEPPER_ROOT;10991;7;10989;10;;;10997;18;11000;21;;;10994.0;0.0
av_CORN_d9;36900;ASH_COATED_OSMIUM;9957;18;9955;23;;;10026;9;10029;19;;;9991.5;0.0
av_CORN_d9;36900;INTARIAN_PEPPER_ROOT;10991;15;10987;17;;;10997;16;10999;22;;;10994.0;0.0
av_CORN_d9;37000;ASH_COATED_OSMIUM;9989;19;9986;17;;;9995;17;9999;19;;;9992.0;0.0
av_CORN_d9;37000;INTARIAN_PEPPER_ROOT;10987;14;10984;19;;;11000;9;11003;14;;;10993.5;0.0
av_CORN_d9;37100;ASH_COATED_OSMIUM;9988;12;9985;20;;;9994;11;9998;17;;;9991.0;0.0
av_CORN_d9;37100;INTARIAN_PEPPER_ROOT;10991;19;10989;21;;;10997;13;11001;23;;;10994.0;0.0
av_CORN_d9;37200;ASH_COATED_OSMIUM;9988;20;9986;19;;;9994;17;9996;11;;;9991.0;0.0
av_CORN_d9;37200;INTARIAN_PEPPER_ROOT;10988;20;10984;14;;;11002;8;11006;21;;;10995.0;0.0
av_CORN_d9;37300;ASH_COATED_OSMIUM;9988;11;9986;26;;;9994;13;9996;15;;;9991.0;0.0
av_CORN_d9;37300;INTARIAN_PEPPER_ROOT;10991;11;10988;23;;;10997;17;11001;17;;;10994.0;0.0
av_CORN_d9;37400;ASH_COATED_OSMIUM;9988;20;9985;17;;;9994;10;9998;22;;;9991.0;0.0
av_CORN_d9;37400;INTARIAN_PEPPER_ROOT;10991;15;10988;23;;;10997;14;10999;13;;;10994.0;0.0
av_CORN_d9;37500;ASH_COATED_OSMIUM;9988;17;9984;22;;;9994;19;9997;22;;;9991.0;0.0
av_CORN_d9;37500;INTARIAN_PEPPER_ROOT;10980;15;10976;23;;;11009;6;11013;16;;;10994.5;0.0
av_CORN_d9;37600;ASH_COATED_OSMIUM;9987;5;9983;24;;;9993;6;9996;18;;;9990.0;0.0
av_CORN_d9;37600;INTARIAN_PEPPER_ROOT;10992;22;10989;25;;;10998;18;11002;19;;;10995.0;0.0
av_CORN_d9;37700;ASH_COATED_OSMIUM;9988;18;9986;24;;;9994;8;9998;13;;;9991.0;0.0
av_CORN_d9;37700;INTARIAN_PEPPER_ROOT;10991;19;10988;19;;;10997;5;11000;18;;;10994.0;0.0
av_CORN_d9;37800;ASH_COATED_OSMIUM;9988;18;9985;25;;;9994;17;9998;16;;;9991.0;0.0
av_CORN_d9;37800;INTARIAN_PEPPER_ROOT;10993;11;10991;22;;;10999;6;11001;20;;;10996.0;0.0
av_CORN_d9;37900;ASH_COATED_OSMIUM;9988;21;9986;20;;;9994;17;9998;22;;;9991.0;0.0
av_CORN_d9;37900;INTARIAN_PEPPER_ROOT;10992;23;10990;28;;;10998;8;11001;18;;;10995.0;0.0
av_CORN_d9;38000;ASH_COATED_OSMIUM;9976;15;9973;15;;;10006;20;10008;15;;;9991.0;0.0
av_CORN_d9;38000;INTARIAN_PEPPER_ROOT;10992;18;10988;20;;;10998;11;11001;23;;;10995.0;0.0
av_CORN_d9;38100;ASH_COATED_OSMIUM;9985;22;9982;27;;;9996;5;10000;22;;;9990.5;0.0
av_CORN_d9;38100;INTARIAN_PEPPER_ROOT;10992;6;10990;13;;;10998;7;11001;20;;;10995.0;0.0
av_CORN_d9;38200;ASH_COATED_OSMIUM;9987;10;9983;15;;;9993;12;9995;21;;;9990.0;0.0
av_CORN_d9;38200;INTARIAN_PEPPER_ROOT;10992;14;10988;15;;;10998;6;11002;19;;;10995.0;0.0
av_CORN_d9;38300;ASH_COATED_OSMIUM;9987;6;9985;23;;;9993;23;9996;14;;;9990.0;0.0
av_CORN_d9;38300;INTARIAN_PEPPER_ROOT;10991;16;10988;19;;;10998;16;11002;16;;;10994.5;0.0
av_CORN_d9;38400;ASH_COATED_OSMIUM;9987;12;9985;11;;;9993;9;9996;28;;;9990.0;0.0
av_CORN_d9;38400;INTARIAN_PEPPER_ROOT;10988;13;10986;20;;;11003;8;11005;30;;;10995.5;0.0
av_CORN_d9;38500;ASH_COATED_OSMIUM;9986;14;9982;22;;;9995;7;9998;21;;;9990.5;0.0
av_CORN_d9;38500;INTARIAN_PEPPER_ROOT;10992;25;10989;20;;;10998;19;11000;21;;;10995.0;0.0
av_CORN_d9;38600;ASH_COATED_OSMIUM;9974;20;9970;16;;;10007;26;10010;13;;;9990.5;0.0
av_CORN_d9;38600;INTARIAN_PEPPER_ROOT;10992;13;10989;14;;;10998;11;11002;20;;;10995.0;0.0
av_CORN_d9;38700;ASH_COATED_OSMIUM;9987;20;9985;25;;;9993;19;9995;20;;;9990.0;0.0
av_CORN_d9;38700;INTARIAN_PEPPER_ROOT;10993;20;10991;21;;;10999;12;11003;21;;;10996.0;0.0
av_CORN_d9;38800;ASH_COATED_OSMIUM;9987;13;9985;21;;;9993;17;9997;24;;;9990.0;0.0
av_CORN_d9;38800;INTARIAN_PEPPER_ROOT;10993;16;10990;23;;;10999;11;11003;18;;;10996.0;0.0
av_CORN_d9;38900;ASH_COATED_OSMIUM;9986;20;9983;15;;;9993;16;9997;33;;;9989.5;0.0
av_CORN_d9;38900;INTARIAN_PEPPER_ROOT;10989;11;10986;16;;;11002;9;11004;19;;;10995.5;0.0
av_CORN_d9;39000;ASH_COATED_OSMIUM;9985;13;9981;21;;;9995;17;9997;17;;;9990.0;0.0
av_CORN_d9;39000;INTARIAN_PEPPER_ROOT;10992;14;10989;22;;;10999;18;11002;18;;;10995.5;0.0
av_CORN_d9;39100;ASH_COATED_OSMIUM;9987;12;9983;15;;;9993;6;9995;27;;;9990.0;0.0
av_CORN_d9;39100;INTARIAN_PEPPER_ROOT;10993;13;10990;20;;;10999;18;11001;20;;;10996.0;0.0
av_CORN_d9;39200;ASH_COATED_OSMIUM;9985;13;9982;20;;;9996;13;9998;22;;;9990.5;0.0
av_CORN_d9;39200;INTARIAN_PEPPER_ROOT;10991;26;10989;22;;;11001;17;11005;22;;;10996.0;0.0
av_CORN_d9;39300;ASH_COATED_OSMIUM;9985;16;9982;22;;;9994;11;9996;20;;;9989.5;0.0
av_CORN_d9;39300;INTARIAN_PEPPER_ROOT;10993;18;10991;18;;;10999;23;11002;15;;;10996.0;0.0
av_CORN_d9;39400;ASH_COATED_OSMIUM;9987;21;9984;13;;;9993;10;9995;26;;;9990.0;0.0
av_CORN_d9;39400;INTARIAN_PEPPER_ROOT;10991;22;10987;19;;;11001;13;11003;25;;;10996.0;0.0
av_CORN_d9;39500;ASH_COATED_OSMIUM;9986;23;9982;12;;;9994;13;9996;9;;;9990.0;0.0
av_CORN_d9;39500;INTARIAN_PEPPER_ROOT;10993;9;10989;16;;;11001;21;11005;26;;;10997.0;0.0
av_CORN_d9;39600;ASH_COATED_OSMIUM;9986;15;9983;24;;;9993;13;9997;12;;;9989.5;0.0
av_CORN_d9;39600;INTARIAN_PEPPER_ROOT;10992;10;10990;16;;;11001;18;11004;12;;;10996.5;0.0
av_CORN_d9;39700;ASH_COATED_OSMIUM;9987;8;9984;29;;;9993;6;9996;17;;;9990.0;0.0
av_CORN_d9;39700;INTARIAN_PEPPER_ROOT;10994;13;10992;26;;;11000;11;11002;20;;;10997.0;0.0
av_CORN_d9;39800;ASH_COATED_OSMIUM;9987;21;9984;28;;;9993;16;9996;15;;;9990.0;0.0
av_CORN_d9;39800;INTARIAN_PEPPER_ROOT;10993;12;10991;17;;;10999;16;11002;15;;;10996.0;0.0
av_CORN_d9;39900;ASH_COATED_OSMIUM;9986;8;9982;20;;;9992;15;9994;18;;;9989.0;0.0
av_CORN_d9;39900;INTARIAN_PEPPER_ROOT;10992;18;10990;10;;;11001;15;11005;21;;;10996.5;0.0
av_CORN_d9;40000;ASH_COATED_OSMIUM;9987;13;9985;20;;;9993;13;9997;10;;;9990.0;0.0
av_CORN_d9;40000;INTARIAN_PEPPER_ROOT;10994;19;10992;20;;;11000;16;11002;16;;;10997.0;0.0
av_CORN_d9;40100;ASH_COATED_OSMIUM;9987;19;9983;15;;;9993;20;9995;14;;;9990.0;0.0
av_CORN_d9;40100;INTARIAN_PEPPER_ROOT;10983;21;10980;10;;;11010;10;11013;22;;;10996.5;0.0
av_CORN_d9;40200;ASH_COATED_OSMIUM;9986;19;9984;22;;;9992;14;9995;9;;;9989.0;0.0
av_CORN_d9;40200;INTARIAN_PEPPER_ROOT;10993;12;10990;17;;;11002;9;11006;20;;;10997.5;0.0
av_CORN_d9;40300;ASH_COATED_OSMIUM;9985;14;9981;20;;;9994;12;9998;12;;;9989.5;0.0
av_CORN_d9;40300;INTARIAN_PEPPER_ROOT;10994;23;10990;15;;;11000;14;11003;21;;;10997.0;0.0
av_CORN_d9;40400;ASH_COATED_OSMIUM;9986;10;9983;27;;;9992;13;9995;18;;;9989.0;0.0
av_CORN_d9;40400;INTARIAN_PEPPER_ROOT;10993;18;10991;21;;;11001;20;11003;17;;;10997.0;0.0
av_CORN_d9;40500;ASH_COATED_OSMIUM;9982;21;9980;21;;;9995;16;9997;20;;;9988.5;0.0
av_CORN_d9;40500;INTARIAN_PEPPER_ROOT;10994;6;10991;15;;;11000;12;11002;26;;;10997.0;0.0
av_CORN_d9;40600;ASH_COATED_OSMIUM;9986;16;9982;15;;;9992;14;9995;22;;;9989.0;0.0
av_CORN_d9;40600;INTARIAN_PEPPER_ROOT;10993;14;10989;17;;;11003;19;11006;24;;;10998.0;0.0
av_CORN_d9;40700;ASH_COATED_OSMIUM;9986;8;9983;25;;;9992;9;9995;17;;;9989.0;0.0
av_CORN_d9;40700;INTARIAN_PEPPER_ROOT;10986;17;10984;10;;;11009;16;11013;22;;;10997.5;0.0
av_CORN_d9;40800;ASH_COATED_OSMIUM;9985;14;9981;21;;;9993;16;9996;20;;;9989.0;0.0
av_CORN_d9;40800;INTARIAN_PEPPER_ROOT;10994;22;10991;12;;;11000;14;11003;25;;;10997.0;0.0
av_CORN_d9;40900;ASH_COATED_OSMIUM;9983;22;9981;25;;;9996;13;9999;35;;;9989.5;0.0
av_CORN_d9;40900;INTARIAN_PEPPER_ROOT;10995;20;10993;24;;;11001;16;11004;30;;;10998.0;0.0
av_CORN_d9;41000;ASH_COATED_OSMIUM;9983;15;9981;24;;;9995;19;9998;23;;;9989.0;0.0
av_CORN_d9;41000;INTARIAN_PEPPER_ROOT;10994;12;10991;15;;;11000;12;11002;8;;;10997.0;0.0
av_CORN_d9;41100;ASH_COATED_OSMIUM;9982;21;9979;20;;;9994;13;9996;16;;;9988.0;0.0
av_CORN_d9;41100;INTARIAN_PEPPER_ROOT;10995;12;10992;20;;;11001;14;11005;19;;;10998.0;0.0
av_CORN_d9;41200;ASH_COATED_OSMIUM;9983;12;9979;19;;;9995;18;9999;20;;;9989.0;0.0
av_CORN_d9;41200;INTARIAN_PEPPER_ROOT;10992;11;10989;21;;;11004;10;11007;21;;;10998.0;0.0
av_CORN_d9;41300;ASH_COATED_OSMIUM;9986;10;9983;19;;;9992;22;9995;24;;;9989.0;0.0
av_CORN_d9;41300;INTARIAN_PEPPER_ROOT;10985;18;10981;14;;;11010;20;11012;16;;;10997.5;0.0
av_CORN_d9;41400;ASH_COATED_OSMIUM;9986;7;9982;27;;;9992;21;9996;25;;;9989.0;0.0
av_CORN_d9;41400;INTARIAN_PEPPER_ROOT;10987;9;10983;25;;;11009;15;11013;22;;;10998.0;0.0
av_CORN_d9;41500;ASH_COATED_OSMIUM;9985;5;9983;15;;;9994;16;9996;21;;;9989.5;0.0
av_CORN_d9;41500;INTARIAN_PEPPER_ROOT;10992;20;10988;18;;;11004;20;11006;20;;;10998.0;0.0
av_CORN_d9;41600;ASH_COATED_OSMIUM;9986;17;9982;17;;;9992;15;9996;12;;;9989.0;0.0
av_CORN_d9;41600;INTARIAN_PEPPER_ROOT;10995;27;10993;12;;;11001;22;11004;19;;;10998.0;0.0
av_CORN_d9;41700;ASH_COATED_OSMIUM;9986;11;9984;25;;;9992;10;9996;28;;;9989.0;0.0
av_CORN_d9;41700;INTARIAN_PEPPER_ROOT;10996;11;10994;18;;;11002;7;11006;16;;;10999.0;0.0
av_CORN_d9;41800;ASH_COATED_OSMIUM;9986;13;9984;9;;;9992;16;9996;14;;;9989.0;0.0
av_CORN_d9;41800;INTARIAN_PEPPER_ROOT;10995;15;10993;24;;;11001;14;11003;14;;;10998.0;0.0
av_CORN_d9;41900;ASH_COATED_OSMIUM;9984;16;9981;19;;;9994;18;9998;15;;;9989.0;0.0
av_CORN_d9;41900;INTARIAN_PEPPER_ROOT;10995;17;10993;28;;;11001;16;11004;23;;;10998.0;0.0
av_CORN_d9;42000;ASH_COATED_OSMIUM;9986;13;9984;30;;;9992;16;9995;15;;;9989.0;0.0
av_CORN_d9;42000;INTARIAN_PEPPER_ROOT;10986;14;10982;13;;;11013;18;11016;22;;;10999.5;0.0
av_CORN_d9;42100;ASH_COATED_OSMIUM;9983;15;9981;14;;;9994;13;9996;11;;;9988.5;0.0
av_CORN_d9;42100;INTARIAN_PEPPER_ROOT;10996;23;10994;10;;;11002;12;11005;21;;;10999.0;0.0
av_CORN_d9;42200;ASH_COATED_OSMIUM;9986;17;9984;11;;;9992;15;9996;23;;;9989.0;0.0
av_CORN_d9;42200;INTARIAN_PEPPER_ROOT;10993;13;10991;30;;;11007;15;11011;17;;;11000.0;0.0
av_CORN_d9;42300;ASH_COATED_OSMIUM;9983;6;9980;14;;;9994;9;9998;15;;;9988.5;0.0
av_CORN_d9;42300;INTARIAN_PEPPER_ROOT;10996;5;10994;18;;;11002;18;11006;19;;;10999.0;0.0
av_CORN_d9;42400;ASH_COATED_OSMIUM;9985;7;9983;11;;;9991;16;9995;15;;;9988.0;0.0
av_CORN_d9;42400;INTARIAN_PEPPER_ROOT;10996;18;10993;14;;;11002;14;11005;15;;;10999.0;0.0
av_CORN_d9;42500;ASH_COATED_OSMIUM;9985;14;9983;30;;;9991;14;9995;27;;;9988.0;0.0
av_CORN_d9;42500;INTARIAN_PEPPER_ROOT;10996;16;10993;14;;;11002;14;11005;22;;;10999.0;0.0
av_CORN_d9;42600;ASH_COATED_OSMIUM;9986;14;9984;25;;;9992;14;9995;24;;;9989.0;0.0
av_CORN_d9;42600;INTARIAN_PEPPER_ROOT;10996;8;10993;17;;;11002;17;11006;23;;;10999.0;0.0
av_CORN_d9;42700;ASH_COATED_OSMIUM;9982;18;9978;20;;;9994;14;9998;22;;;9988.0;0.0
av_CORN_d9;42700;INTARIAN_PEPPER_ROOT;10996;20;10994;26;;;11003;16;11005;19;;;10999.5;0.0
av_CORN_d9;42800;ASH_COATED_OSMIUM;9985;5;9982;22;;;9991;13;9994;14;;;9988.0;0.0
av_CORN_d9;42800;INTARIAN_PEPPER_ROOT;10988;7;10986;16;;;11011;20;11015;21;;;10999.5;0.0
av_CORN_d9;42900;ASH_COATED_OSMIUM;9985;10;9983;19;;;9991;13;9994;15;;;9988.0;0.0
av_CORN_d9;42900;INTARIAN_PEPPER_ROOT;10996;21;10994;12;;;11002;18;11006;22;;;10999.0;0.0
av_CORN_d9;43000;ASH_COATED_OSMIUM;9985;16;9983;18;;;9991;11;9994;12;;;9988.0;0.0
av_CORN_d9;43000;INTARIAN_PEPPER_ROOT;10996;13;10992;17;;;11002;17;11004;13;;;10999.0;0.0
av_CORN_d9;43100;ASH_COATED_OSMIUM;9985;23;9982;18;;;9991;16;9995;19;;;9988.0;0.0
av_CORN_d9;43100;INTARIAN_PEPPER_ROOT;10996;24;10992;28;;;11004;7;11007;24;;;11000.0;0.0
av_CORN_d9;43200;ASH_COATED_OSMIUM;9982;18;9979;21;;;9994;18;9997;18;;;9988.0;0.0
av_CORN_d9;43200;INTARIAN_PEPPER_ROOT;10997;17;10994;28;;;11003;10;11005;22;;;11000.0;0.0
av_CORN_d9;43300;ASH_COATED_OSMIUM;9984;15;9981;15;;;9990;20;9994;15;;;9987.0;0.0
av_CORN_d9;43300;INTARIAN_PEPPER_ROOT;10997;11;10993;33;;;11003;5;11005;17;;;11000.0;0.0
av_CORN_d9;43400;ASH_COATED_OSMIUM;9984;9;9980;20;;;9992;15;9996;19;;;9988.0;0.0
av_CORN_d9;43400;INTARIAN_PEPPER_ROOT;10997;11;10994;15;;;11003;22;11005;20;;;11000.0;0.0
av_CORN_d9;43500;ASH_COATED_OSMIUM;9979;17;9976;18;;;9995;17;9999;9;;;9987.0;0.0
av_CORN_d9;43500;INTARIAN_PEPPER_ROOT;10997;26;10993;16;;;11003;13;11005;24;;;11000.0;0.0
av_CORN_d9;43600;ASH_COATED_OSMIUM;9979;9;9975;25;;;9997;10;10000;16;;;9988.0;0.0
av_CORN_d9;43600;INTARIAN_PEPPER_ROOT;10987;15;10985;10;;;11012;13;11015;30;;;10999.5;0.0
av_CORN_d9;43700;ASH_COATED_OSMIUM;9984;11;9980;16;;;9990;9;9992;20;;;9987.0;0.0
av_CORN_d9;43700;INTARIAN_PEPPER_ROOT;10997;14;10993;22;;;11003;7;11005;19;;;11000.0;0.0
av_CORN_d9;43800;ASH_COATED_OSMIUM;9973;11;9969;19;;;10003;15;10006;35;;;9988.0;0.0
av_CORN_d9;43800;INTARIAN_PEPPER_ROOT;10997;13;10994;14;;;11003;10;11005;20;;;11000.0;0.0
av_CORN_d9;43900;ASH_COATED_OSMIUM;9984;21;9981;17;;;9990;15;9992;22;;;9987.0;0.0
av_CORN_d9;43900;INTARIAN_PEPPER_ROOT;10998;15;10996;8;;;11004;12;11007;22;;;11001.0;0.0
av_CORN_d9;44000;ASH_COATED_OSMIUM;9984;16;9981;21;;;9991;18;9994;21;;;9987.5;0.0
av_CORN_d9;44000;INTARIAN_PEPPER_ROOT;10997;10;10995;19;;;11004;22;11007;15;;;11000.5;0.0
av_CORN_d9;44100;ASH_COATED_OSMIUM;9985;8;9983;28;;;9991;8;9993;22;;;9988.0;0.0
av_CORN_d9;44100;INTARIAN_PEPPER_ROOT;10997;14;10994;22;;;11003;14;11007;23;;;11000.0;0.0
av_CORN_d9;44200;ASH_COATED_OSMIUM;9984;14;9982;21;;;9990;10;9993;17;;;9987.0;0.0
av_CORN_d9;44200;INTARIAN_PEPPER_ROOT;10997;7;10995;19;;;11003;9;11007;24;;;11000.0;0.0
av_CORN_d9;44300;ASH_COATED_OSMIUM;9982;13;9978;23;;;9992;24;9995;29;;;9987.0;0.0
av_CORN_d9;44300;INTARIAN_PEPPER_ROOT;10997;16;10995;27;;;11003;10;11005;20;;;11000.0;0.0
av_CORN_d9;44400;ASH_COATED_OSMIUM;9984;6;9982;20;;;9990;18;9994;21;;;9987.0;0.0
av_CORN_d9;44400;INTARIAN_PEPPER_ROOT;10998;14;10995;19;;;11004;20;11007;24;;;11001.0;0.0
av_CORN_d9;44500;ASH_COATED_OSMIUM;9984;11;9982;8;;;9990;11;9992;15;;;9987.0;0.0
av_CORN_d9;44500;INTARIAN_PEPPER_ROOT;10997;22;10993;17;;;11003;9;11006;22;;;11000.0;0.0
av_CORN_d9;44600;ASH_COATED_OSMIUM;9984;10;9981;22;;;9991;18;9993;16;;;9987.5;0.0
av_CORN_d9;44600;INTARIAN_PEPPER_ROOT;10989;10;10987;25;;;11012;5;11014;23;;;11000.5;0.0
av_CORN_d9;44700;ASH_COATED_OSMIUM;9982;19;9980;18;;;9992;19;9996;17;;;9987.0;0.0
av_CORN_d9;44700;INTARIAN_PEPPER_ROOT;10998;6;10996;21;;;11004;14;11007;22;;;11001.0;0.0
av_CORN_d9;44800;ASH_COATED_OSMIUM;9979;14;9977;27;;;9994;13;9997;17;;;9986.5;0.0
av_CORN_d9;44800;INTARIAN_PEPPER_ROOT;10997;15;10995;14;;;11003;16;11007;23;;;11000.0;0.0
av_CORN_d9;44900;ASH_COATED_OSMIUM;9982;25;9979;19;;;9991;21;9994;14;;;9986.5;0.0
av_CORN_d9;44900;INTARIAN_PEPPER_ROOT;10997;17;10993;19;;;11004;19;11008;16;;;11000.5;0.0
av_CORN_d9;45000;ASH_COATED_OSMIUM;9984;11;9981;27;;;9990;11;9992;27;;;9987.0;0.0
av_CORN_d9;45000;INTARIAN_PEPPER_ROOT;10989;19;10985;20;;;11014;13;11017;24;;;11001.5;0.0
av_CORN_d9;45100;ASH_COATED_OSMIUM;9984;16;9982;22;;;9990;14;9993;16;;;9987.0;0.0
av_CORN_d9;45100;INTARIAN_PEPPER_ROOT;10997;13;10993;24;;;11007;9;11009;20;;;11002.0;0.0
av_CORN_d9;45200;ASH_COATED_OSMIUM;9982;13;9978;17;;;9992;10;9995;25;;;9987.0;0.0
av_CORN_d9;45200;INTARIAN_PEPPER_ROOT;10998;10;10994;12;;;11004;16;11007;28;;;11001.0;0.0
av_CORN_d9;45300;ASH_COATED_OSMIUM;9984;17;9982;23;;;9990;17;9994;17;;;9987.0;0.0
av_CORN_d9;45300;INTARIAN_PEPPER_ROOT;10996;23;10992;16;;;11006;6;11008;16;;;11001.0;0.0
av_CORN_d9;45400;ASH_COATED_OSMIUM;9984;14;9980;19;;;9990;15;9994;26;;;9987.0;0.0
av_CORN_d9;45400;INTARIAN_PEPPER_ROOT;10999;12;10997;26;;;11005;19;11009;18;;;11002.0;0.0
av_CORN_d9;45500;ASH_COATED_OSMIUM;9977;21;9973;25;;;9996;13;10000;20;;;9986.5;0.0
av_CORN_d9;45500;INTARIAN_PEPPER_ROOT;10997;14;10995;24;;;11006;11;11008;28;;;11001.5;0.0
av_CORN_d9;45600;ASH_COATED_OSMIUM;9982;12;9978;8;;;9992;18;9996;17;;;9987.0;0.0
av_CORN_d9;45600;INTARIAN_PEPPER_ROOT;10996;21;10992;29;;;11008;14;11010;22;;;11002.0;0.0
av_CORN_d9;45700;ASH_COATED_OSMIUM;9984;10;9981;16;;;9990;16;9993;20;;;9987.0;0.0
av_CORN_d9;45700;INTARIAN_PEPPER_ROOT;10999;13;10997;19;;;11005;7;11007;25;;;11002.0;0.0
av_CORN_d9;45800;ASH_COATED_OSMIUM;9975;5;9971;20;;;9999;12;10003;18;;;9987.0;0.0
av_CORN_d9;45800;INTARIAN_PEPPER_ROOT;10999;10;10997;15;;;11005;17;11008;17;;;11002.0;0.0
av_CORN_d9;45900;ASH_COATED_OSMIUM;9984;5;9980;21;;;9990;14;9994;18;;;9987.0;0.0
av_CORN_d9;45900;INTARIAN_PEPPER_ROOT;10997;5;10994;12;;;11006;15;11010;28;;;11001.5;0.0
av_CORN_d9;46000;ASH_COATED_OSMIUM;9977;21;9975;9;;;9995;20;9998;17;;;9986.0;0.0
av_CORN_d9;46000;INTARIAN_PEPPER_ROOT;10999;11;10996;28;;;11005;7;11009;14;;;11002.0;0.0
av_CORN_d9;46100;ASH_COATED_OSMIUM;9983;11;9980;21;;;9989;14;9993;15;;;9986.0;0.0
av_CORN_d9;46100;INTARIAN_PEPPER_ROOT;10999;25;10997;17;;;11005;8;11008;14;;;11002.0;0.0
av_CORN_d9;46200;ASH_COATED_OSMIUM;9981;8;9977;21;;;9993;15;9996;12;;;9987.0;0.0
av_CORN_d9;46200;INTARIAN_PEPPER_ROOT;10994;25;10990;23;;;11011;23;11014;23;;;11002.5;0.0
av_CORN_d9;46300;ASH_COATED_OSMIUM;9972;18;9970;19;;;10000;9;10002;26;;;9986.0;0.0
av_CORN_d9;46300;INTARIAN_PEPPER_ROOT;10999;5;10996;23;;;11005;8;11009;20;;;11002.0;0.0
av_CORN_d9;46400;ASH_COATED_OSMIUM;9983;19;9980;17;;;9989;15;9991;14;;;9986.0;0.0
av_CORN_d9;46400;INTARIAN_PEPPER_ROOT;10999;10;10997;20;;;11005;19;11009;18;;;11002.0;0.0
av_CORN_d9;46500;ASH_COATED_OSMIUM;9983;12;9981;21;;;9989;14;9992;15;;;9986.0;0.0
av_CORN_d9;46500;INTARIAN_PEPPER_ROOT;10999;16;10997;26;;;11005;5;11008;22;;;11002.0;0.0
av_CORN_d9;46600;ASH_COATED_OSMIUM;9977;21;9974;19;;;9996;14;9998;22;;;9986.5;0.0
av_CORN_d9;46600;INTARIAN_PEPPER_ROOT;10997;19;10994;12;;;11008;8;11012;26;;;11002.5;0.0
av_CORN_d9;46700;ASH_COATED_OSMIUM;9976;19;9972;27;;;9998;21;10002;18;;;9987.0;0.0
av_CORN_d9;46700;INTARIAN_PEPPER_ROOT;10996;9;10992;21;;;11010;14;11013;23;;;11003.0;0.0
av_CORN_d9;46800;ASH_COATED_OSMIUM;9978;8;9976;22;;;9993;9;9995;19;;;9985.5;0.0
av_CORN_d9;46800;INTARIAN_PEPPER_ROOT;11000;14;10997;23;;;11006;14;11008;20;;;11003.0;0.0
av_CORN_d9;46900;ASH_COATED_OSMIUM;9981;19;9979;20;;;9992;18;9996;15;;;9986.5;0.0
av_CORN_d9;46900;INTARIAN_PEPPER_ROOT;11000;12;10997;19;;;11006;23;11008;25;;;11003.0;0.0
av_CORN_d9;47000;ASH_COATED_OSMIUM;9983;15;9979;23;;;9989;13;9993;22;;;9986.0;0.0
av_CORN_d9;47000;INTARIAN_PEPPER_ROOT;10999;12;10996;11;;;11008;11;11010;26;;;11003.5;0.0
av_CORN_d9;47100;ASH_COATED_OSMIUM;9980;11;9978;22;;;9992;16;9994;19;;;9986.0;0.0
av_CORN_d9;47100;INTARIAN_PEPPER_ROOT;10996;27;10992;19;;;11009;12;11011;22;;;11002.5;0.0
av_CORN_d9;47200;ASH_COATED_OSMIUM;9976;14;9973;26;;;9997;16;10000;20;;;9986.5;0.0
av_CORN_d9;47200;INTARIAN_PEPPER_ROOT;11000;16;10998;21;;;11006;10;11008;18;;;11003.0;0.0
av_CORN_d9;47300;ASH_COATED_OSMIUM;9983;18;9980;20;;;9989;16;9992;23;;;9986.0;0.0
av_CORN_d9;47300;INTARIAN_PEPPER_ROOT;11000;10;10996;20;;;11006;12;11009;21;;;11003.0;0.0
av_CORN_d9;47400;ASH_COATED_OSMIUM;9982;15;9979;20;;;9988;14;9991;11;;;9985.0;0.0
av_CORN_d9;47400;INTARIAN_PEPPER_ROOT;10992;19;10990;27;;;11014;12;11017;15;;;11003.0;0.0
av_CORN_d9;47500;ASH_COATED_OSMIUM;9983;16;9979;18;;;9989;17;9991;19;;;9986.0;0.0
av_CORN_d9;47500;INTARIAN_PEPPER_ROOT;10995;15;10991;17;;;11012;15;11015;13;;;11003.5;0.0
av_CORN_d9;47600;ASH_COATED_OSMIUM;9977;15;9975;27;;;9993;17;9997;21;;;9985.0;0.0
av_CORN_d9;47600;INTARIAN_PEPPER_ROOT;10992;5;10990;25;;;11014;17;11016;21;;;11003.0;0.0
av_CORN_d9;47700;ASH_COATED_OSMIUM;9982;8;9978;20;;;9989;13;9992;18;;;9985.5;0.0
av_CORN_d9;47700;INTARIAN_PEPPER_ROOT;10999;15;10997;20;;;11008;16;11011;20;;;11003.5;0.0
av_CORN_d9;47800;ASH_COATED_OSMIUM;9983;14;9980;8;;;9989;20;9991;20;;;9986.0;0.0
av_CORN_d9;47800;INTARIAN_PEPPER_ROOT;10998;13;10996;18;;;11011;17;11013;26;;;11004.5;0.0
av_CORN_d9;47900;ASH_COATED_OSMIUM;9983;7;9979;16;;;9989;16;9993;27;;;9986.0;0.0
av_CORN_d9;47900;INTARIAN_PEPPER_ROOT;11001;15;10997;24;;;11007;25;11009;14;;;11004.0;0.0
av_CORN_d9;48000;ASH_COATED_OSMIUM;9983;14;9981;21;;;9989;8;9991;24;;;9986.0;0.0
av_CORN_d9;48000;INTARIAN_PEPPER_ROOT;11001;12;10998;21;;;11007;20;11011;14;;;11004.0;0.0
av_CORN_d9;48100;ASH_COATED_OSMIUM;9981;10;9978;18;;;9991;18;9994;19;;;9986.0;0.0
av_CORN_d9;48100;INTARIAN_PEPPER_ROOT;11001;11;10999;16;;;11007;16;11010;10;;;11004.0;0.0
av_CORN_d9;48200;ASH_COATED_OSMIUM;9973;18;9970;24;;;9998;14;10002;21;;;9985.5;0.0
av_CORN_d9;48200;INTARIAN_PEPPER_ROOT;11001;13;10998;23;;;11007;21;11009;20;;;11004.0;0.0
av_CORN_d9;48300;ASH_COATED_OSMIUM;9982;19;9979;19;;;9988;23;9992;25;;;9985.0;0.0
av_CORN_d9;48300;INTARIAN_PEPPER_ROOT;11001;13;10997;18;;;11007;15;11009;26;;;11004.0;0.0
av_CORN_d9;48400;ASH_COATED_OSMIUM;9981;19;9977;20;;;9989;20;9991;8;;;9985.0;0.0
av_CORN_d9;48400;INTARIAN_PEPPER_ROOT;11002;12;10999;30;;;11008;7;11010;17;;;11005.0;0.0
av_CORN_d9;48500;ASH_COATED_OSMIUM;9973;11;9969;23;;;9997;16;10000;21;;;9985.0;0.0
av_CORN_d9;48500;INTARIAN_PEPPER_ROOT;11001;5;10997;21;;;11007;18;11009;22;;;11004.0;0.0
av_CORN_d9;48600;ASH_COATED_OSMIUM;9982;18;9979;23;;;9988;14;9992;33;;;9985.0;0.0
av_CORN_d9;48600;INTARIAN_PEPPER_ROOT;11002;16;10998;19;;;11008;16;11010;23;;;11005.0;0.0
av_CORN_d9;48700;ASH_COATED_OSMIUM;9982;24;9979;17;;;9988;21;9990;15;;;9985.0;0.0
av_CORN_d9;48700;INTARIAN_PEPPER_ROOT;11002;14;11000;23;;;11008;9;11011;16;;;11005.0;0.0
av_CORN_d9;48800;ASH_COATED_OSMIUM;9981;11;9979;23;;;9989;24;9991;11;;;9985.0;0.0
av_CORN_d9;48800;INTARIAN_PEPPER_ROOT;11001;21;10998;13;;;11007;24;11009;22;;;11004.0;0.0
av_CORN_d9;48900;ASH_COATED_OSMIUM;9982;22;9979;21;;;9988;5;9990;16;;;9985.0;0.0
av_CORN_d9;48900;INTARIAN_PEPPER_ROOT;10993;13;10991;24;;;11016;11;11019;18;;;11004.5;0.0
av_CORN_d9;49000;ASH_COATED_OSMIUM;9982;19;9980;24;;;9988;20;9990;18;;;9985.0;0.0
av_CORN_d9;49000;INTARIAN_PEPPER_ROOT;11002;16;11000;20;;;11008;9;11012;15;;;11005.0;0.0
av_CORN_d9;49100;ASH_COATED_OSMIUM;9981;17;9979;14;;;9989;19;9992;22;;;9985.0;0.0
av_CORN_d9;49100;INTARIAN_PEPPER_ROOT;11000;8;10996;28;;;11009;21;11011;22;;;11004.5;0.0
av_CORN_d9;49200;ASH_COATED_OSMIUM;9979;12;9977;22;;;9991;17;9995;10;;;9985.0;0.0
av_CORN_d9;49200;INTARIAN_PEPPER_ROOT;10996;13;10994;8;;;11012;13;11015;17;;;11004.0;0.0
av_CORN_d9;49300;ASH_COATED_OSMIUM;9980;12;9978;9;;;9990;25;9993;8;;;9985.0;0.0
av_CORN_d9;49300;INTARIAN_PEPPER_ROOT;11002;20;10999;25;;;11008;17;11012;18;;;11005.0;0.0
av_CORN_d9;49400;ASH_COATED_OSMIUM;9982;9;9980;28;;;9988;13;9992;11;;;9985.0;0.0
av_CORN_d9;49400;INTARIAN_PEPPER_ROOT;11001;18;10999;16;;;11010;7;11014;8;;;11005.5;0.0
av_CORN_d9;49500;ASH_COATED_OSMIUM;9974;11;9972;13;;;9995;14;9999;21;;;9984.5;0.0
av_CORN_d9;49500;INTARIAN_PEPPER_ROOT;11002;13;11000;12;;;11008;8;11011;15;;;11005.0;0.0
av_CORN_d9;49600;ASH_COATED_OSMIUM;9964;18;9961;18;;;10005;12;10007;15;;;9984.5;0.0
av_CORN_d9;49600;INTARIAN_PEPPER_ROOT;11001;21;10997;25;;;11009;12;11011;13;;;11005.0;0.0
av_CORN_d9;49700;ASH_COATED_OSMIUM;9978;13;9975;14;;;9990;16;9993;14;;;9984.0;0.0
av_CORN_d9;49700;INTARIAN_PEPPER_ROOT;11002;18;11000;19;;;11008;10;11012;19;;;11005.0;0.0
av_CORN_d9;49800;ASH_COATED_OSMIUM;9981;10;9978;16;;;9989;17;9991;16;;;9985.0;0.0
av_CORN_d9;49800;INTARIAN_PEPPER_ROOT;11002;21;10999;17;;;11008;19;11011;23;;;11005.0;0.0
av_CORN_d9;49900;ASH_COATED_OSMIUM;9981;18;9978;13;;;9987;21;9991;14;;;9984.0;0.0
av_CORN_d9;49900;INTARIAN_PEPPER_ROOT;11000;15;10998;16;;;11011;17;11013;12;;;11005.5;0.0
av_CORN_d9;50000;ASH_COATED_OSMIUM;9981;17;9978;21;;;9987;9;9989;18;;;9984.0;0.0
av_CORN_d9;50000;INTARIAN_PEPPER_ROOT;10996;18;10993;27;;;11015;19;11018;26;;;11005.5;0.0
av_CORN_d9;50100;ASH_COATED_OSMIUM;9981;18;9979;12;;;9987;18;9990;21;;;9984.0;0.0
av_CORN_d9;50100;INTARIAN_PEPPER_ROOT;11003;10;11000;21;;;11009;10;11013;16;;;11006.0;0.0
av_CORN_d9;50200;ASH_COATED_OSMIUM;9982;18;9978;20;;;9988;5;9991;20;;;9985.0;0.0
av_CORN_d9;50200;INTARIAN_PEPPER_ROOT;11003;12;11000;14;;;11009;13;11012;21;;;11006.0;0.0
av_CORN_d9;50300;ASH_COATED_OSMIUM;9979;15;9977;20;;;9990;15;9994;19;;;9984.5;0.0
av_CORN_d9;50300;INTARIAN_PEPPER_ROOT;11000;14;10997;17;;;11013;14;11017;16;;;11006.5;0.0
av_CORN_d9;50400;ASH_COATED_OSMIUM;9980;11;9976;28;;;9989;15;9992;29;;;9984.5;0.0
av_CORN_d9;50400;INTARIAN_PEPPER_ROOT;11003;22;10999;22;;;11009;5;11011;15;;;11006.0;0.0
av_CORN_d9;50500;ASH_COATED_OSMIUM;9975;17;9971;17;;;9994;6;9997;15;;;9984.5;0.0
av_CORN_d9;50500;INTARIAN_PEPPER_ROOT;11003;21;11001;21;;;11009;19;11013;8;;;11006.0;0.0
av_CORN_d9;50600;ASH_COATED_OSMIUM;9976;21;9974;25;;;9993;10;9995;25;;;9984.5;0.0
av_CORN_d9;50600;INTARIAN_PEPPER_ROOT;11003;15;11000;20;;;11009;21;11011;13;;;11006.0;0.0
av_CORN_d9;50700;ASH_COATED_OSMIUM;9978;13;9976;18;;;9991;16;9994;21;;;9984.5;0.0
av_CORN_d9;50700;INTARIAN_PEPPER_ROOT;11003;16;11001;14;;;11009;16;11013;19;;;11006.0;0.0
av_CORN_d9;50800;ASH_COATED_OSMIUM;9977;16;9973;20;;;9991;9;9993;15;;;9984.0;0.0
av_CORN_d9;50800;INTARIAN_PEPPER_ROOT;11004;15;11002;24;;;11010;21;11014;15;;;11007.0;0.0
av_CORN_d9;50900;ASH_COATED_OSMIUM;9981;10;9978;24;;;9987;15;9990;19;;;9984.0;0.0
av_CORN_d9;50900;INTARIAN_PEPPER_ROOT;11007;18;11004;14;;;11013;10;11017;16;;;11010.0;0.0
av_CORN_d9;51000;ASH_COATED_OSMIUM;9976;22;9973;26;;;9992;12;9995;9;;;9984.0;0.0
av_CORN_d9;51000;INTARIAN_PEPPER_ROOT;11004;20;11000;24;;;11027;16;11029;12;;;11015.5;0.0
av_CORN_d9;51100;ASH_COATED_OSMIUM;9982;11;9980;18;;;9988;10;9990;30;;;9985.0;0.0
av_CORN_d9;51100;INTARIAN_PEPPER_ROOT;11018;10;11016;16;;;11024;11;11027;17;;;11021.0;0.0
av_CORN_d9;51200;ASH_COATED_OSMIUM;9978;5;9975;26;;;9989;19;9992;22;;;9983.5;0.0
av_CORN_d9;51200;INTARIAN_PEPPER_ROOT;11023;11;11020;26;;;11029;23;11033;25;;;11026.0;0.0
av_CORN_d9;51300;ASH_COATED_OSMIUM;9981;22;9977;19;;;9987;5;9991;13;;;9984.0;0.0
av_CORN_d9;51300;INTARIAN_PEPPER_ROOT;11027;16;11025;26;;;11037;21;11039;26;;;11032.0;0.0
av_CORN_d9;51400;ASH_COATED_OSMIUM;9981;6;9978;16;;;9987;14;9990;27;;;9984.0;0.0
av_CORN_d9;51400;INTARIAN_PEPPER_ROOT;11030;15;11026;28;;;11045;13;11048;26;;;11037.5;0.0
av_CORN_d9;51500;ASH_COATED_OSMIUM;9975;14;9972;21;;;9994;20;9997;15;;;9984.5;0.0
av_CORN_d9;51500;INTARIAN_PEPPER_ROOT;11041;18;11039;15;;;11047;9;11049;17;;;11044.0;0.0
av_CORN_d9;51600;ASH_COATED_OSMIUM;9980;5;9976;19;;;9986;12;9988;18;;;9983.0;0.0
av_CORN_d9;51600;INTARIAN_PEPPER_ROOT;11047;15;11045;23;;;11053;20;11057;17;;;11050.0;0.0
av_CORN_d9;51700;ASH_COATED_OSMIUM;9982;9;9978;14;;;9988;13;9992;19;;;9985.0;0.0
av_CORN_d9;51700;INTARIAN_PEPPER_ROOT;11052;25;11050;21;;;11058;11;11062;19;;;11055.0;0.0
av_CORN_d9;51800;ASH_COATED_OSMIUM;9975;17;9971;27;;;9994;14;9998;28;;;9984.5;0.0
av_CORN_d9;51800;INTARIAN_PEPPER_ROOT;11057;27;11055;19;;;11063;13;11066;20;;;11060.0;0.0
av_CORN_d9;51900;ASH_COATED_OSMIUM;9981;28;9979;21;;;9987;9;9990;11;;;9984.0;0.0
av_CORN_d9;51900;INTARIAN_PEPPER_ROOT;11064;10;11060;21;;;11070;20;11074;24;;;11067.0;0.0
av_CORN_d9;52000;ASH_COATED_OSMIUM;9981;16;9979;14;;;9988;19;9992;26;;;9984.5;0.0
av_CORN_d9;52000;INTARIAN_PEPPER_ROOT;11069;15;11065;19;;;11075;27;11077;13;;;11072.0;0.0
av_CORN_d9;52100;ASH_COATED_OSMIUM;9981;11;9977;20;;;9987;17;9991;22;;;9984.0;0.0
av_CORN_d9;52100;INTARIAN_PEPPER_ROOT;11067;24;11063;25;;;11088;12;11091;16;;;11077.5;0.0
av_CORN_d9;52200;ASH_COATED_OSMIUM;9981;19;9978;16;;;9987;17;9989;13;;;9984.0;0.0
av_CORN_d9;52200;INTARIAN_PEPPER_ROOT;11081;20;11077;18;;;11087;14;11091;19;;;11084.0;0.0
av_CORN_d9;52300;ASH_COATED_OSMIUM;9970;15;9967;20;;;9998;12;10000;18;;;9984.0;0.0
av_CORN_d9;52300;INTARIAN_PEPPER_ROOT;11086;10;11083;14;;;11092;16;11096;23;;;11089.0;0.0
av_CORN_d9;52400;ASH_COATED_OSMIUM;9981;19;9979;16;;;9987;17;9990;26;;;9984.0;0.0
av_CORN_d9;52400;INTARIAN_PEPPER_ROOT;11091;16;11089;29;;;11097;8;11100;15;;;11094.0;0.0
av_CORN_d9;52500;ASH_COATED_OSMIUM;9981;6;9978;18;;;9987;18;9991;19;;;9984.0;0.0
av_CORN_d9;52500;INTARIAN_PEPPER_ROOT;11094;8;11091;12;;;11107;11;11110;16;;;11100.5;0.0
av_CORN_d9;52600;ASH_COATED_OSMIUM;9981;8;9978;13;;;9987;19;9991;15;;;9984.0;0.0
av_CORN_d9;52600;INTARIAN_PEPPER_ROOT;11103;9;11099;22;;;11109;16;11112;25;;;11106.0;0.0
av_CORN_d9;52700;ASH_COATED_OSMIUM;9973;13;9969;26;;;9995;22;9997;22;;;9984.0;0.0
av_CORN_d9;52700;INTARIAN_PEPPER_ROOT;11108;15;11106;14;;;11114;12;11117;20;;;11111.0;0.0
av_CORN_d9;52800;ASH_COATED_OSMIUM;9982;12;9979;29;;;9988;5;9992;18;;;9985.0;0.0
av_CORN_d9;52800;INTARIAN_PEPPER_ROOT;11115;8;11113;25;;;11121;18;11124;12;;;11118.0;0.0
av_CORN_d9;52900;ASH_COATED_OSMIUM;9981;5;9977;33;;;9987;24;9991;14;;;9984.0;0.0
av_CORN_d9;52900;INTARIAN_PEPPER_ROOT;11120;15;11118;10;;;11126;19;11130;20;;;11123.0;0.0
av_CORN_d9;53000;ASH_COATED_OSMIUM;9981;17;9979;16;;;9987;18;9991;23;;;9984.0;0.0
av_CORN_d9;53000;INTARIAN_PEPPER_ROOT;11125;12;11121;24;;;11131;22;11134;25;;;11128.0;0.0
av_CORN_d9;53100;ASH_COATED_OSMIUM;9981;8;9977;20;;;9987;12;9991;21;;;9984.0;0.0
av_CORN_d9;53100;INTARIAN_PEPPER_ROOT;11130;21;11127;11;;;11139;20;11143;15;;;11134.5;0.0
av_CORN_d9;53200;ASH_COATED_OSMIUM;9981;10;9978;26;;;9987;9;9989;25;;;9984.0;0.0
av_CORN_d9;53200;INTARIAN_PEPPER_ROOT;11132;8;11129;13;;;11148;11;11152;23;;;11140.0;0.0
av_CORN_d9;53300;ASH_COATED_OSMIUM;9981;17;9977;29;;;9987;16;9991;27;;;9984.0;0.0
av_CORN_d9;53300;INTARIAN_PEPPER_ROOT;11141;18;11138;22;;;11149;17;11151;10;;;11145.0;0.0
av_CORN_d9;53400;ASH_COATED_OSMIUM;9981;7;9978;17;;;9989;17;9991;24;;;9985.0;0.0
av_CORN_d9;53400;INTARIAN_PEPPER_ROOT;11149;14;11145;22;;;11155;19;11159;19;;;11152.0;0.0
av_CORN_d9;53500;ASH_COATED_OSMIUM;9981;16;9979;28;;;9987;19;9991;16;;;9984.0;0.0
av_CORN_d9;53500;INTARIAN_PEPPER_ROOT;11155;10;11151;16;;;11161;9;11164;20;;;11158.0;0.0
av_CORN_d9;53600;ASH_COATED_OSMIUM;9977;21;9975;15;;;9990;21;9993;16;;;9983.5;0.0
av_CORN_d9;53600;INTARIAN_PEPPER_ROOT;11160;11;11156;12;;;11166;14;11170;8;;;11163.0;0.0
av_CORN_d9;53700;ASH_COATED_OSMIUM;9981;14;9979;25;;;9987;15;9991;20;;;9984.0;0.0
av_CORN_d9;53700;INTARIAN_PEPPER_ROOT;11164;17;11162;23;;;11172;20;11175;10;;;11168.0;0.0
av_CORN_d9;53800;ASH_COATED_OSMIUM;9981;17;9977;22;;;9987;14;9990;30;;;9984.0;0.0
av_CORN_d9;53800;INTARIAN_PEPPER_ROOT;11170;7;11167;24;;;11176;8;11180;18;;;11173.0;0.0
av_CORN_d9;53900;ASH_COATED_OSMIUM;9981;16;9978;27;;;9987;20;9990;21;;;9984.0;0.0
av_CORN_d9;53900;INTARIAN_PEPPER_ROOT;11177;18;11175;13;;;11183;21;11187;15;;;11180.0;0.0
av_CORN_d9;54000;ASH_COATED_OSMIUM;9981;5;9977;13;;;9987;20;9990;23;;;9984.0;0.0
av_CORN_d9;54000;INTARIAN_PEPPER_ROOT;11183;8;11181;22;;;11189;13;11191;24;;;11186.0;0.0
av_CORN_d9;54100;ASH_COATED_OSMIUM;9977;13;9974;22;;;9992;12;9996;23;;;9984.5;0.0
av_CORN_d9;54100;INTARIAN_PEPPER_ROOT;11187;9;11185;11;;;11196;17;11200;19;;;11191.5;0.0
av_CORN_d9;54200;ASH_COATED_OSMIUM;9981;15;9979;19;;;9987;5;9991;21;;;9984.0;0.0
av_CORN_d9;54200;INTARIAN_PEPPER_ROOT;11193;5;11191;19;;;11201;15;11205;14;;;11197.0;0.0
av_CORN_d9;54300;ASH_COATED_OSMIUM;9980;21;9977;18;;;9989;5;9992;20;;;9984.5;0.0
av_CORN_d9;54300;INTARIAN_PEPPER_ROOT;11197;27;11195;20;;;11208;8;11212;23;;;11202.5;0.0
av_CORN_d9;54400;ASH_COATED_OSMIUM;9981;5;9978;23;;;9987;14;9989;19;;;9984.0;0.0
av_CORN_d9;54400;INTARIAN_PEPPER_ROOT;11204;12;11202;21;;;11213;14;11217;21;;;11208.5;0.0
av_CORN_d9;54500;ASH_COATED_OSMIUM;9981;19;9978;16;;;9987;14;9989;19;;;9984.0;0.0
av_CORN_d9;54500;INTARIAN_PEPPER_ROOT;11210;12;11206;21;;;11216;12;11218;15;;;11213.0;0.0
av_CORN_d9;54600;ASH_COATED_OSMIUM;9975;17;9971;11;;;9993;20;9997;20;;;9984.0;0.0
av_CORN_d9;54600;INTARIAN_PEPPER_ROOT;11217;8;11213;23;;;11223;14;11225;18;;;11220.0;0.0
av_CORN_d9;54700;ASH_COATED_OSMIUM;9981;15;9977;10;;;9987;6;9989;14;;;9984.0;0.0
av_CORN_d9;54700;INTARIAN_PEPPER_ROOT;11220;17;11216;24;;;11230;13;11233;18;;;11225.0;0.0
av_CORN_d9;54800;ASH_COATED_OSMIUM;9977;23;9975;19;;;9991;13;9993;19;;;9984.0;0.0
av_CORN_d9;54800;INTARIAN_PEPPER_ROOT;11227;19;11224;19;;;11234;5;11237;15;;;11230.5;0.0
av_CORN_d9;54900;ASH_COATED_OSMIUM;9978;7;9974;16;;;9989;15;9993;24;;;9983.5;0.0
av_CORN_d9;54900;INTARIAN_PEPPER_ROOT;11234;11;11230;17;;;11240;11;11244;17;;;11237.0;0.0
av_CORN_d9;55000;ASH_COATED_OSMIUM;9975;5;9971;22;;;9993;9;9997;18;;;9984.0;0.0
av_CORN_d9;55000;INTARIAN_PEPPER_ROOT;11237;6;11234;16;;;11248;14;11251;15;;;11242.5;0.0
av_CORN_d9;55100;ASH_COATED_OSMIUM;9981;14;9977;21;;;9987;9;9991;15;;;9984.0;0.0
av_CORN_d9;55100;INTARIAN_PEPPER_ROOT;11245;13;11241;18;;;11251;17;11253;16;;;11248.0;0.0
av_CORN_d9;55200;ASH_COATED_OSMIUM;9981;13;9977;14;;;9987;11;9990;18;;;9984.0;0.0
av_CORN_d9;55200;INTARIAN_PEPPER_ROOT;11251;15;11247;29;;;11257;11;11260;28;;;11254.0;0.0
av_CORN_d9;55300;ASH_COATED_OSMIUM;9977;5;9973;24;;;9990;30;9993;26;;;9983.5;0.0
av_CORN_d9;55300;INTARIAN_PEPPER_ROOT;11256;11;11252;16;;;11262;18;11266;15;;;11259.0;0.0
av_CORN_d9;55400;ASH_COATED_OSMIUM;9981;9;9977;13;;;9988;17;9990;17;;;9984.5;0.0
av_CORN_d9;55400;INTARIAN_PEPPER_ROOT;11262;12;11258;15;;;11268;23;11271;13;;;11265.0;0.0
av_CORN_d9;55500;ASH_COATED_OSMIUM;9974;12;9971;16;;;9994;15;9996;20;;;9984.0;0.0
av_CORN_d9;55500;INTARIAN_PEPPER_ROOT;11267;17;11265;13;;;11273;16;11276;18;;;11270.0;0.0
av_CORN_d9;55600;ASH_COATED_OSMIUM;9973;14;9971;26;;;9995;15;9998;21;;;9984.0;0.0
av_CORN_d9;55600;INTARIAN_PEPPER_ROOT;11274;12;11272;18;;;11280;15;11283;15;;;11277.0;0.0
av_CORN_d9;55700;ASH_COATED_OSMIUM;9979;12;9975;21;;;9990;26;9993;24;;;9984.5;0.0
av_CORN_d9;55700;INTARIAN_PEPPER_ROOT;11279;10;11277;21;;;11285;16;11287;21;;;11282.0;0.0
av_CORN_d9;55800;ASH_COATED_OSMIUM;9981;17;9977;25;;;9987;10;9990;23;;;9984.0;0.0
av_CORN_d9;55800;INTARIAN_PEPPER_ROOT;11285;13;11281;26;;;11291;24;11295;19;;;11288.0;0.0
av_CORN_d9;55900;ASH_COATED_OSMIUM;9980;17;9976;15;;;9989;11;9991;13;;;9984.5;0.0
av_CORN_d9;55900;INTARIAN_PEPPER_ROOT;11290;14;11286;21;;;11296;6;11298;20;;;11293.0;0.0
av_CORN_d9;56000;ASH_COATED_OSMIUM;9981;20;9977;21;;;9987;14;9990;18;;;9984.0;0.0
av_CORN_d9;56000;INTARIAN_PEPPER_ROOT;11296;11;11293;27;;;11302;25;11304;20;;;11299.0;0.0
av_CORN_d9;56100;ASH_COATED_OSMIUM;9981;15;9979;22;;;9987;17;9989;16;;;9984.0;0.0
av_CORN_d9;56100;INTARIAN_PEPPER_ROOT;11295;7;11293;12;;;11314;14;11318;16;;;11304.5;0.0
av_CORN_d9;56200;ASH_COATED_OSMIUM;9981;14;9978;21;;;9987;14;9989;17;;;9984.0;0.0
av_CORN_d9;56200;INTARIAN_PEPPER_ROOT;11307;9;11304;22;;;11313;20;11315;23;;;11310.0;0.0
av_CORN_d9;56300;ASH_COATED_OSMIUM;9974;15;9971;11;;;9992;8;9996;24;;;9983.0;0.0
av_CORN_d9;56300;INTARIAN_PEPPER_ROOT;11313;13;11310;15;;;11319;6;11322;31;;;11316.0;0.0
av_CORN_d9;56400;ASH_COATED_OSMIUM;9981;19;9978;22;;;9987;11;9991;22;;;9984.0;0.0
av_CORN_d9;56400;INTARIAN_PEPPER_ROOT;11318;11;11316;24;;;11324;13;11327;13;;;11321.0;0.0
av_CORN_d9;56500;ASH_COATED_OSMIUM;9981;17;9977;20;;;9988;18;9992;30;;;9984.5;0.0
av_CORN_d9;56500;INTARIAN_PEPPER_ROOT;11318;21;11316;22;;;11337;13;11341;9;;;11327.5;0.0
av_CORN_d9;56600;ASH_COATED_OSMIUM;9970;8;9966;17;;;9998;14;10001;23;;;9984.0;0.0
av_CORN_d9;56600;INTARIAN_PEPPER_ROOT;11324;7;11320;18;;;11342;16;11346;16;;;11333.0;0.0
av_CORN_d9;56700;ASH_COATED_OSMIUM;9980;9;9977;19;;;9989;16;9992;19;;;9984.5;0.0
av_CORN_d9;56700;INTARIAN_PEPPER_ROOT;11335;15;11332;22;;;11341;8;11345;26;;;11338.0;0.0
av_CORN_d9;56800;ASH_COATED_OSMIUM;9981;13;9977;15;;;9987;9;9990;22;;;9984.0;0.0
av_CORN_d9;56800;INTARIAN_PEPPER_ROOT;11341;16;11337;17;;;11347;13;11351;16;;;11344.0;0.0
av_CORN_d9;56900;ASH_COATED_OSMIUM;9981;15;9978;14;;;9987;10;9989;19;;;9984.0;0.0
av_CORN_d9;56900;INTARIAN_PEPPER_ROOT;11348;5;11344;16;;;11354;21;11358;10;;;11351.0;0.0
av_CORN_d9;57000;ASH_COATED_OSMIUM;9972;13;9969;16;;;9995;25;9999;20;;;9983.5;0.0
av_CORN_d9;57000;INTARIAN_PEPPER_ROOT;11353;11;11351;12;;;11359;10;11361;19;;;11356.0;0.0
av_CORN_d9;57100;ASH_COATED_OSMIUM;9979;13;9977;24;;;9989;19;9992;19;;;9984.0;0.0
av_CORN_d9;57100;INTARIAN_PEPPER_ROOT;11358;18;11355;13;;;11364;20;11367;19;;;11361.0;0.0
av_CORN_d9;57200;ASH_COATED_OSMIUM;9981;14;9977;15;;;9987;15;9989;21;;;9984.0;0.0
av_CORN_d9;57200;INTARIAN_PEPPER_ROOT;11363;12;11360;28;;;11371;18;11374;26;;;11367.0;0.0
av_CORN_d9;57300;ASH_COATED_OSMIUM;9982;18;9978;19;;;9988;14;9992;18;;;9985.0;0.0
av_CORN_d9;57300;INTARIAN_PEPPER_ROOT;11366;11;11364;27;;;11379;12;11383;23;;;11372.5;0.0
av_CORN_d9;57400;ASH_COATED_OSMIUM;9981;5;9977;23;;;9987;19;9989;15;;;9984.0;0.0
av_CORN_d9;57400;INTARIAN_PEPPER_ROOT;11375;25;11373;29;;;11381;19;11385;25;;;11378.0;0.0
av_CORN_d9;57500;ASH_COATED_OSMIUM;9981;11;9977;24;;;9987;23;9990;19;;;9984.0;0.0
av_CORN_d9;57500;INTARIAN_PEPPER_ROOT;11381;11;11378;22;;;11387;5;11390;24;;;11384.0;0.0
av_CORN_d9;57600;ASH_COATED_OSMIUM;9981;15;9978;26;;;9987;8;9989;25;;;9984.0;0.0
av_CORN_d9;57600;INTARIAN_PEPPER_ROOT;11387;18;11385;18;;;11393;13;11397;24;;;11390.0;0.0
av_CORN_d9;57700;ASH_COATED_OSMIUM;9981;15;9977;25;;;9987;17;9990;23;;;9984.0;0.0
av_CORN_d9;57700;INTARIAN_PEPPER_ROOT;11385;16;11382;19;;;11405;12;11408;24;;;11395.0;0.0
av_CORN_d9;57800;ASH_COATED_OSMIUM;9981;14;9977;21;;;9987;14;9989;18;;;9984.0;0.0
av_CORN_d9;57800;INTARIAN_PEPPER_ROOT;11398;17;11395;16;;;11404;9;11407;25;;;11401.0;0.0
av_CORN_d9;57900;ASH_COATED_OSMIUM;9981;12;9977;8;;;9987;20;9990;19;;;9984.0;0.0
av_CORN_d9;57900;INTARIAN_PEPPER_ROOT;11403;18;11400;18;;;11410;18;11413;26;;;11406.5;0.0
av_CORN_d9;58000;ASH_COATED_OSMIUM;9979;14;9976;20;;;9989;11;9993;18;;;9984.0;0.0
av_CORN_d9;58000;INTARIAN_PEPPER_ROOT;11403;10;11401;20;;;11421;6;11424;21;;;11412.0;0.0
av_CORN_d9;58100;ASH_COATED_OSMIUM;9976;9;9974;16;;;9993;11;9997;21;;;9984.5;0.0
av_CORN_d9;58100;INTARIAN_PEPPER_ROOT;11415;18;11413;21;;;11421;30;11425;23;;;11418.0;0.0
av_CORN_d9;58200;ASH_COATED_OSMIUM;9978;8;9976;18;;;9990;11;9992;16;;;9984.0;0.0
av_CORN_d9;58200;INTARIAN_PEPPER_ROOT;11421;17;11417;16;;;11427;19;11430;25;;;11424.0;0.0
av_CORN_d9;58300;ASH_COATED_OSMIUM;9981;9;9979;20;;;9987;11;9990;18;;;9984.0;0.0
