day;timestamp;product;bid_price_1;bid_volume_1;bid_price_2;bid_volume_2;bid_price_3;bid_volume_3;ask_price_1;ask_volume_1;ask_price_2;ask_volume_2;ask_price_3;ask_volume_3;mid_price;profit_and_loss
yf_BGS_d6;0;ASH_COATED_OSMIUM;9893;12;9891;24;;;9906;11;9910;20;;;9899.5;0.0
yf_BGS_d6;0;INTARIAN_PEPPER_ROOT;12010;16;12007;27;;;12016;16;12020;14;;;12013.0;0.0
yf_BGS_d6;100;ASH_COATED_OSMIUM;9896;21;9894;16;;;9902;14;9905;20;;;9899.0;0.0
yf_BGS_d6;100;INTARIAN_PEPPER_ROOT;12008;14;12005;13;;;12018;13;12021;19;;;12013.0;0.0
yf_BGS_d6;200;ASH_COATED_OSMIUM;9897;18;9894;29;;;9903;6;9906;23;;;9900.0;0.0
yf_BGS_d6;200;INTARIAN_PEPPER_ROOT;12009;21;12007;15;;;12015;17;12019;21;;;12012.0;0.0
yf_BGS_d6;300;ASH_COATED_OSMIUM;9896;17;9894;18;;;9903;11;9907;26;;;9899.5;0.0
yf_BGS_d6;300;INTARIAN_PEPPER_ROOT;12009;22;12005;25;;;12015;16;12017;18;;;12012.0;0.0
yf_BGS_d6;400;ASH_COATED_OSMIUM;9896;15;9893;23;;;9904;17;9908;21;;;9900.0;0.0
yf_BGS_d6;400;INTARIAN_PEPPER_ROOT;12008;14;12004;18;;;12015;13;12017;23;;;12011.5;0.0
yf_BGS_d6;500;ASH_COATED_OSMIUM;9871;14;9869;15;;;9930;20;9934;19;;;9900.5;0.0
yf_BGS_d6;500;INTARIAN_PEPPER_ROOT;12008;13;12005;22;;;12014;19;12017;21;;;12011.0;0.0
yf_BGS_d6;600;ASH_COATED_OSMIUM;9889;10;9886;20;;;9911;20;9913;17;;;9900.0;0.0
yf_BGS_d6;600;INTARIAN_PEPPER_ROOT;12009;13;12007;28;;;12015;14;12019;27;;;12012.0;0.0
yf_BGS_d6;700;ASH_COATED_OSMIUM;9897;16;9893;25;;;9903;13;9907;25;;;9900.0;0.0
yf_BGS_d6;700;INTARIAN_PEPPER_ROOT;12008;19;12004;20;;;12014;11;12016;18;;;12011.0;0.0
yf_BGS_d6;800;ASH_COATED_OSMIUM;9897;27;9894;22;;;9903;18;9906;19;;;9900.0;0.0
yf_BGS_d6;800;INTARIAN_PEPPER_ROOT;12002;12;12000;18;;;12020;24;12023;13;;;12011.0;0.0
yf_BGS_d6;900;ASH_COATED_OSMIUM;9885;19;9883;24;;;9916;16;9919;20;;;9900.5;0.0
yf_BGS_d6;900;INTARIAN_PEPPER_ROOT;12008;13;12005;20;;;12014;9;12018;25;;;12011.0;0.0
yf_BGS_d6;1000;ASH_COATED_OSMIUM;9894;10;9891;19;;;9908;12;9910;18;;;9901.0;0.0
yf_BGS_d6;1000;INTARIAN_PEPPER_ROOT;12005;23;12001;14;;;12017;27;12019;13;;;12011.0;0.0
yf_BGS_d6;1100;ASH_COATED_OSMIUM;9898;20;9896;15;;;9904;14;9907;16;;;9901.0;0.0
yf_BGS_d6;1100;INTARIAN_PEPPER_ROOT;12007;8;12005;19;;;12013;19;12017;17;;;12010.0;0.0
yf_BGS_d6;1200;ASH_COATED_OSMIUM;9898;22;9894;13;;;9904;18;9907;19;;;9901.0;0.0
yf_BGS_d6;1200;INTARIAN_PEPPER_ROOT;12007;16;12005;16;;;12013;12;12017;11;;;12010.0;0.0
yf_BGS_d6;1300;ASH_COATED_OSMIUM;9898;14;9895;22;;;9905;14;9907;17;;;9901.5;0.0
yf_BGS_d6;1300;INTARIAN_PEPPER_ROOT;12007;12;12004;26;;;12014;14;12016;21;;;12010.5;0.0
yf_BGS_d6;1400;ASH_COATED_OSMIUM;9898;5;9896;19;;;9904;14;9907;17;;;9901.0;0.0
yf_BGS_d6;1400;INTARIAN_PEPPER_ROOT;12006;10;12002;21;;;12012;27;12015;19;;;12009.0;0.0
yf_BGS_d6;1500;ASH_COATED_OSMIUM;9894;11;9890;24;;;9908;7;9910;20;;;9901.0;0.0
yf_BGS_d6;1500;INTARIAN_PEPPER_ROOT;11993;14;11991;19;;;12025;18;12029;24;;;12009.0;0.0
yf_BGS_d6;1600;ASH_COATED_OSMIUM;9895;15;9892;27;;;9909;14;9912;22;;;9902.0;0.0
yf_BGS_d6;1600;INTARIAN_PEPPER_ROOT;11996;13;11992;19;;;12022;8;12026;21;;;12009.0;0.0
yf_BGS_d6;1700;ASH_COATED_OSMIUM;9899;18;9897;16;;;9905;21;9908;22;;;9902.0;0.0
yf_BGS_d6;1700;INTARIAN_PEPPER_ROOT;12006;20;12003;19;;;12012;17;12015;19;;;12009.0;0.0
yf_BGS_d6;1800;ASH_COATED_OSMIUM;9899;14;9897;27;;;9905;20;9907;20;;;9902.0;0.0
yf_BGS_d6;1800;INTARIAN_PEPPER_ROOT;12005;20;12003;21;;;12011;15;12014;31;;;12008.0;0.0
yf_BGS_d6;1900;ASH_COATED_OSMIUM;9896;11;9893;15;;;9907;13;9909;9;;;9901.5;0.0
yf_BGS_d6;1900;INTARIAN_PEPPER_ROOT;12006;7;12002;17;;;12012;6;12016;29;;;12009.0;0.0
yf_BGS_d6;2000;ASH_COATED_OSMIUM;9896;16;9894;21;;;9908;24;9911;25;;;9902.0;0.0
yf_BGS_d6;2000;INTARIAN_PEPPER_ROOT;11989;5;11987;10;;;12028;11;12030;24;;;12008.5;0.0
yf_BGS_d6;2100;ASH_COATED_OSMIUM;9896;8;9894;16;;;9907;17;9909;26;;;9901.5;0.0
yf_BGS_d6;2100;INTARIAN_PEPPER_ROOT;11999;14;11995;15;;;12017;11;12019;24;;;12008.0;0.0
yf_BGS_d6;2200;ASH_COATED_OSMIUM;9899;17;9897;16;;;9905;19;9909;16;;;9902.0;0.0
yf_BGS_d6;2200;INTARIAN_PEPPER_ROOT;12003;11;12001;17;;;12013;13;12015;20;;;12008.0;0.0
yf_BGS_d6;2300;ASH_COATED_OSMIUM;9900;9;9896;19;;;9906;20;9910;14;;;9903.0;0.0
yf_BGS_d6;2300;INTARIAN_PEPPER_ROOT;12004;5;12000;25;;;12010;17;12013;23;;;12007.0;0.0
yf_BGS_d6;2400;ASH_COATED_OSMIUM;9900;17;9897;27;;;9906;13;9909;17;;;9903.0;0.0
yf_BGS_d6;2400;INTARIAN_PEPPER_ROOT;11994;13;11991;24;;;12020;16;12023;26;;;12007.0;0.0
yf_BGS_d6;2500;ASH_COATED_OSMIUM;9889;12;9885;19;;;9917;11;9920;17;;;9903.0;0.0
yf_BGS_d6;2500;INTARIAN_PEPPER_ROOT;12004;18;12001;29;;;12010;15;12013;12;;;12007.0;0.0
yf_BGS_d6;2600;ASH_COATED_OSMIUM;9899;6;9897;14;;;9907;11;9909;22;;;9903.0;0.0
yf_BGS_d6;2600;INTARIAN_PEPPER_ROOT;12004;14;12002;20;;;12010;12;12014;23;;;12007.0;0.0
yf_BGS_d6;2700;ASH_COATED_OSMIUM;9899;20;9895;12;;;9905;23;9908;26;;;9902.0;0.0
yf_BGS_d6;2700;INTARIAN_PEPPER_ROOT;12002;12;11998;8;;;12011;21;12013;18;;;12006.5;0.0
yf_BGS_d6;2800;ASH_COATED_OSMIUM;9899;19;9895;17;;;9907;15;9910;19;;;9903.0;0.0
yf_BGS_d6;2800;INTARIAN_PEPPER_ROOT;12003;8;12001;12;;;12009;17;12013;30;;;12006.0;0.0
yf_BGS_d6;2900;ASH_COATED_OSMIUM;9901;19;9897;19;;;9907;13;9910;29;;;9904.0;0.0
yf_BGS_d6;2900;INTARIAN_PEPPER_ROOT;12002;18;11998;20;;;12008;19;12010;18;;;12005.0;0.0
yf_BGS_d6;3000;ASH_COATED_OSMIUM;9898;16;9896;24;;;9909;14;9913;25;;;9903.5;0.0
yf_BGS_d6;3000;INTARIAN_PEPPER_ROOT;11996;9;11992;22;;;12016;13;12020;15;;;12006.0;0.0
yf_BGS_d6;3100;ASH_COATED_OSMIUM;9901;7;9897;24;;;9907;11;9911;13;;;9904.0;0.0
yf_BGS_d6;3100;INTARIAN_PEPPER_ROOT;12002;15;11998;21;;;12009;16;12013;21;;;12005.5;0.0
yf_BGS_d6;3200;ASH_COATED_OSMIUM;9900;5;9897;16;;;9906;12;9908;17;;;9903.0;0.0
yf_BGS_d6;3200;INTARIAN_PEPPER_ROOT;12001;21;11997;31;;;12009;11;12011;19;;;12005.0;0.0
yf_BGS_d6;3300;ASH_COATED_OSMIUM;9899;21;9896;18;;;9910;20;9914;26;;;9904.5;0.0
yf_BGS_d6;3300;INTARIAN_PEPPER_ROOT;12002;16;11998;15;;;12008;13;12012;17;;;12005.0;0.0
yf_BGS_d6;3400;ASH_COATED_OSMIUM;9901;19;9897;21;;;9907;20;9911;16;;;9904.0;0.0
yf_BGS_d6;3400;INTARIAN_PEPPER_ROOT;12002;13;11999;28;;;12008;21;12011;12;;;12005.0;0.0
yf_BGS_d6;3500;ASH_COATED_OSMIUM;9899;19;9896;27;;;9907;5;9909;29;;;9903.0;0.0
yf_BGS_d6;3500;INTARIAN_PEPPER_ROOT;12001;30;11997;16;;;12007;13;12009;25;;;12004.0;0.0
yf_BGS_d6;3600;ASH_COATED_OSMIUM;9896;14;9894;17;;;9912;17;9914;17;;;9904.0;0.0
yf_BGS_d6;3600;INTARIAN_PEPPER_ROOT;12001;19;11999;17;;;12007;17;12011;15;;;12004.0;0.0
yf_BGS_d6;3700;ASH_COATED_OSMIUM;9901;15;9898;12;;;9907;19;9910;13;;;9904.0;0.0
yf_BGS_d6;3700;INTARIAN_PEPPER_ROOT;12002;6;11998;15;;;12008;17;12012;21;;;12005.0;0.0
yf_BGS_d6;3800;ASH_COATED_OSMIUM;9901;9;9899;11;;;9907;18;9909;19;;;9904.0;0.0
yf_BGS_d6;3800;INTARIAN_PEPPER_ROOT;11996;9;11994;20;;;12010;8;12013;23;;;12003.0;0.0
yf_BGS_d6;3900;ASH_COATED_OSMIUM;9897;10;9895;30;;;9913;9;9917;21;;;9905.0;0.0
yf_BGS_d6;3900;INTARIAN_PEPPER_ROOT;12001;16;11997;18;;;12007;10;12009;29;;;12004.0;0.0
yf_BGS_d6;4000;ASH_COATED_OSMIUM;9902;18;9899;21;;;9908;19;9912;20;;;9905.0;0.0
yf_BGS_d6;4000;INTARIAN_PEPPER_ROOT;12001;5;11997;23;;;12007;9;12009;20;;;12004.0;0.0
yf_BGS_d6;4100;ASH_COATED_OSMIUM;9902;7;9900;17;;;9908;9;9912;19;;;9905.0;0.0
yf_BGS_d6;4100;INTARIAN_PEPPER_ROOT;12000;23;11996;22;;;12006;11;12010;25;;;12003.0;0.0
yf_BGS_d6;4200;ASH_COATED_OSMIUM;9901;15;9897;25;;;9907;14;9910;19;;;9904.0;0.0
yf_BGS_d6;4200;INTARIAN_PEPPER_ROOT;12000;25;11998;21;;;12006;19;12009;25;;;12003.0;0.0
yf_BGS_d6;4300;ASH_COATED_OSMIUM;9902;17;9898;25;;;9908;15;9912;24;;;9905.0;0.0
yf_BGS_d6;4300;INTARIAN_PEPPER_ROOT;12000;21;11997;15;;;12006;12;12010;15;;;12003.0;0.0
yf_BGS_d6;4400;ASH_COATED_OSMIUM;9895;6;9893;20;;;9915;17;9919;31;;;9905.0;0.0
yf_BGS_d6;4400;INTARIAN_PEPPER_ROOT;12000;13;11997;21;;;12006;14;12010;23;;;12003.0;0.0
yf_BGS_d6;4500;ASH_COATED_OSMIUM;9903;16;9899;17;;;9909;18;9911;17;;;9906.0;0.0
yf_BGS_d6;4500;INTARIAN_PEPPER_ROOT;12000;10;11997;18;;;12006;15;12010;15;;;12003.0;0.0
yf_BGS_d6;4600;ASH_COATED_OSMIUM;9901;18;9899;23;;;9909;17;9912;22;;;9905.0;0.0
yf_BGS_d6;4600;INTARIAN_PEPPER_ROOT;11999;10;11997;14;;;12005;13;12008;22;;;12002.0;0.0
yf_BGS_d6;4700;ASH_COATED_OSMIUM;9896;12;9892;12;;;9914;5;9918;22;;;9905.0;0.0
yf_BGS_d6;4700;INTARIAN_PEPPER_ROOT;11991;16;11987;20;;;12012;26;12015;14;;;12001.5;0.0
yf_BGS_d6;4800;ASH_COATED_OSMIUM;9902;21;9900;16;;;9909;11;9911;19;;;9905.5;0.0
yf_BGS_d6;4800;INTARIAN_PEPPER_ROOT;11998;11;11996;24;;;12004;21;12007;21;;;12001.0;0.0
yf_BGS_d6;4900;ASH_COATED_OSMIUM;9903;18;9899;19;;;9909;5;9913;24;;;9906.0;0.0
yf_BGS_d6;4900;INTARIAN_PEPPER_ROOT;11998;14;11994;15;;;12004;19;12007;8;;;12001.0;0.0
yf_BGS_d6;5000;ASH_COATED_OSMIUM;9903;11;9901;21;;;9909;20;9913;21;;;9906.0;0.0
yf_BGS_d6;5000;INTARIAN_PEPPER_ROOT;11998;23;11996;15;;;12004;10;12006;20;;;12001.0;0.0
yf_BGS_d6;5100;ASH_COATED_OSMIUM;9900;12;9897;23;;;9913;9;9916;10;;;9906.5;0.0
yf_BGS_d6;5100;INTARIAN_PEPPER_ROOT;11998;8;11996;20;;;12004;19;12008;23;;;12001.0;0.0
yf_BGS_d6;5200;ASH_COATED_OSMIUM;9903;19;9900;15;;;9909;16;9911;28;;;9906.0;0.0
yf_BGS_d6;5200;INTARIAN_PEPPER_ROOT;11998;16;11995;18;;;12004;6;12007;17;;;12001.0;0.0
yf_BGS_d6;5300;ASH_COATED_OSMIUM;9903;19;9901;20;;;9909;21;9911;20;;;9906.0;0.0
yf_BGS_d6;5300;INTARIAN_PEPPER_ROOT;11997;12;11995;20;;;12003;23;12005;13;;;12000.0;0.0
yf_BGS_d6;5400;ASH_COATED_OSMIUM;9903;7;9899;14;;;9909;12;9911;21;;;9906.0;0.0
yf_BGS_d6;5400;INTARIAN_PEPPER_ROOT;11997;22;11995;16;;;12003;12;12007;21;;;12000.0;0.0
yf_BGS_d6;5500;ASH_COATED_OSMIUM;9902;10;9899;16;;;9910;11;9912;27;;;9906.0;0.0
yf_BGS_d6;5500;INTARIAN_PEPPER_ROOT;11997;16;11993;20;;;12003;9;12006;17;;;12000.0;0.0
yf_BGS_d6;5600;ASH_COATED_OSMIUM;9903;19;9899;17;;;9909;13;9911;19;;;9906.0;0.0
yf_BGS_d6;5600;INTARIAN_PEPPER_ROOT;11997;21;11995;19;;;12003;18;12006;25;;;12000.0;0.0
yf_BGS_d6;5700;ASH_COATED_OSMIUM;9904;11;9900;12;;;9910;5;9912;13;;;9907.0;0.0
yf_BGS_d6;5700;INTARIAN_PEPPER_ROOT;11997;9;11994;20;;;12003;11;12005;18;;;12000.0;0.0
yf_BGS_d6;5800;ASH_COATED_OSMIUM;9902;5;9898;15;;;9913;10;9917;22;;;9907.5;0.0
yf_BGS_d6;5800;INTARIAN_PEPPER_ROOT;11996;17;11992;20;;;12002;22;12006;20;;;11999.0;0.0
yf_BGS_d6;5900;ASH_COATED_OSMIUM;9903;19;9899;18;;;9909;15;9911;21;;;9906.0;0.0
yf_BGS_d6;5900;INTARIAN_PEPPER_ROOT;11975;9;11973;17;;;12023;10;12026;21;;;11999.0;0.0
yf_BGS_d6;6000;ASH_COATED_OSMIUM;9890;15;9887;15;;;9925;16;9927;20;;;9907.5;0.0
yf_BGS_d6;6000;INTARIAN_PEPPER_ROOT;11993;14;11991;21;;;12004;10;12008;26;;;11998.5;0.0
yf_BGS_d6;6100;ASH_COATED_OSMIUM;9902;10;9898;17;;;9912;18;9915;13;;;9907.0;0.0
yf_BGS_d6;6100;INTARIAN_PEPPER_ROOT;11996;5;11992;15;;;12002;8;12006;17;;;11999.0;0.0
yf_BGS_d6;6200;ASH_COATED_OSMIUM;9904;11;9901;19;;;9910;13;9914;16;;;9907.0;0.0
yf_BGS_d6;6200;INTARIAN_PEPPER_ROOT;11995;15;11993;17;;;12001;29;12005;22;;;11998.0;0.0
yf_BGS_d6;6300;ASH_COATED_OSMIUM;9904;15;9900;9;;;9910;13;9914;25;;;9907.0;0.0
yf_BGS_d6;6300;INTARIAN_PEPPER_ROOT;11993;16;11989;22;;;12004;10;12008;8;;;11998.5;0.0
yf_BGS_d6;6400;ASH_COATED_OSMIUM;9904;14;9902;21;;;9910;5;9914;18;;;9907.0;0.0
yf_BGS_d6;6400;INTARIAN_PEPPER_ROOT;11978;15;11975;20;;;12017;19;12020;23;;;11997.5;0.0
yf_BGS_d6;6500;ASH_COATED_OSMIUM;9904;17;9902;11;;;9910;14;9914;18;;;9907.0;0.0
yf_BGS_d6;6500;INTARIAN_PEPPER_ROOT;11990;14;11987;27;;;12005;5;12009;21;;;11997.5;0.0
yf_BGS_d6;6600;ASH_COATED_OSMIUM;9899;10;9896;23;;;9917;13;9921;25;;;9908.0;0.0
yf_BGS_d6;6600;INTARIAN_PEPPER_ROOT;11994;15;11992;17;;;12000;13;12003;13;;;11997.0;0.0
yf_BGS_d6;6700;ASH_COATED_OSMIUM;9905;16;9903;35;;;9911;15;9913;16;;;9908.0;0.0
yf_BGS_d6;6700;INTARIAN_PEPPER_ROOT;11994;19;11991;29;;;12000;9;12004;20;;;11997.0;0.0
yf_BGS_d6;6800;ASH_COATED_OSMIUM;9901;24;9898;21;;;9914;12;9917;15;;;9907.5;0.0
yf_BGS_d6;6800;INTARIAN_PEPPER_ROOT;11994;16;11992;22;;;12000;17;12004;26;;;11997.0;0.0
yf_BGS_d6;6900;ASH_COATED_OSMIUM;9896;27;9894;26;;;9919;6;9921;25;;;9907.5;0.0
yf_BGS_d6;6900;INTARIAN_PEPPER_ROOT;11991;12;11988;13;;;12001;18;12004;17;;;11996.0;0.0
yf_BGS_d6;7000;ASH_COATED_OSMIUM;9905;14;9902;27;;;9911;7;9915;21;;;9908.0;0.0
yf_BGS_d6;7000;INTARIAN_PEPPER_ROOT;11982;5;11978;25;;;12012;16;12015;15;;;11997.0;0.0
yf_BGS_d6;7100;ASH_COATED_OSMIUM;9905;20;9902;24;;;9911;18;9915;22;;;9908.0;0.0
yf_BGS_d6;7100;INTARIAN_PEPPER_ROOT;11974;12;11970;18;;;12018;23;12021;15;;;11996.0;0.0
yf_BGS_d6;7200;ASH_COATED_OSMIUM;9903;13;9899;25;;;9913;16;9917;12;;;9908.0;0.0
yf_BGS_d6;7200;INTARIAN_PEPPER_ROOT;11993;14;11991;24;;;11999;5;12003;18;;;11996.0;0.0
yf_BGS_d6;7300;ASH_COATED_OSMIUM;9890;5;9887;15;;;9928;14;9932;20;;;9909.0;0.0
yf_BGS_d6;7300;INTARIAN_PEPPER_ROOT;11991;16;11988;15;;;12000;13;12004;26;;;11995.5;0.0
yf_BGS_d6;7400;ASH_COATED_OSMIUM;9906;12;9904;21;;;9912;12;9916;19;;;9909.0;0.0
yf_BGS_d6;7400;INTARIAN_PEPPER_ROOT;11992;12;11989;19;;;11998;13;12002;18;;;11995.0;0.0
yf_BGS_d6;7500;ASH_COATED_OSMIUM;9906;17;9903;15;;;9912;15;9915;14;;;9909.0;0.0
yf_BGS_d6;7500;INTARIAN_PEPPER_ROOT;11991;24;11987;13;;;11999;11;12002;22;;;11995.0;0.0
yf_BGS_d6;7600;ASH_COATED_OSMIUM;9906;17;9904;20;;;9912;12;9915;27;;;9909.0;0.0
yf_BGS_d6;7600;INTARIAN_PEPPER_ROOT;11976;14;11973;24;;;12014;9;12017;15;;;11995.0;0.0
yf_BGS_d6;7700;ASH_COATED_OSMIUM;9906;15;9904;28;;;9912;15;9915;15;;;9909.0;0.0
yf_BGS_d6;7700;INTARIAN_PEPPER_ROOT;11984;16;11982;16;;;12006;9;12010;18;;;11995.0;0.0
yf_BGS_d6;7800;ASH_COATED_OSMIUM;9906;7;9903;23;;;9912;20;9916;20;;;9909.0;0.0
yf_BGS_d6;7800;INTARIAN_PEPPER_ROOT;11984;14;11980;25;;;12005;21;12007;31;;;11994.5;0.0
yf_BGS_d6;7900;ASH_COATED_OSMIUM;9906;21;9904;23;;;9912;21;9915;18;;;9909.0;0.0
yf_BGS_d6;7900;INTARIAN_PEPPER_ROOT;11990;12;11988;21;;;11997;15;12000;17;;;11993.5;0.0
yf_BGS_d6;8000;ASH_COATED_OSMIUM;9902;23;9899;17;;;9917;19;9920;20;;;9909.5;0.0
yf_BGS_d6;8000;INTARIAN_PEPPER_ROOT;11990;20;11988;15;;;11998;12;12001;20;;;11994.0;0.0
yf_BGS_d6;8100;ASH_COATED_OSMIUM;9904;12;9901;22;;;9914;10;9916;18;;;9909.0;0.0
yf_BGS_d6;8100;INTARIAN_PEPPER_ROOT;11990;18;11987;14;;;11996;13;12000;11;;;11993.0;0.0
yf_BGS_d6;8200;ASH_COATED_OSMIUM;9907;5;9905;17;;;9913;19;9917;22;;;9910.0;0.0
yf_BGS_d6;8200;INTARIAN_PEPPER_ROOT;11991;9;11987;18;;;11997;13;12001;17;;;11994.0;0.0
yf_BGS_d6;8300;ASH_COATED_OSMIUM;9907;14;9903;13;;;9913;26;9916;17;;;9910.0;0.0
yf_BGS_d6;8300;INTARIAN_PEPPER_ROOT;11983;14;11980;21;;;12004;21;12008;23;;;11993.5;0.0
yf_BGS_d6;8400;ASH_COATED_OSMIUM;9907;16;9903;9;;;9913;13;9916;21;;;9910.0;0.0
yf_BGS_d6;8400;INTARIAN_PEPPER_ROOT;11990;13;11988;12;;;11996;16;12000;29;;;11993.0;0.0
yf_BGS_d6;8500;ASH_COATED_OSMIUM;9907;22;9905;10;;;9913;15;9916;30;;;9910.0;0.0
yf_BGS_d6;8500;INTARIAN_PEPPER_ROOT;11990;15;11986;10;;;11996;13;11998;29;;;11993.0;0.0
yf_BGS_d6;8600;ASH_COATED_OSMIUM;9907;13;9904;12;;;9913;22;9915;18;;;9910.0;0.0
yf_BGS_d6;8600;INTARIAN_PEPPER_ROOT;11990;20;11987;29;;;11996;17;12000;23;;;11993.0;0.0
yf_BGS_d6;8700;ASH_COATED_OSMIUM;9907;10;9903;17;;;9913;16;9916;27;;;9910.0;0.0
yf_BGS_d6;8700;INTARIAN_PEPPER_ROOT;11982;20;11978;18;;;12002;5;12004;19;;;11992.0;0.0
yf_BGS_d6;8800;ASH_COATED_OSMIUM;9902;6;9900;17;;;9919;16;9921;18;;;9910.5;0.0
yf_BGS_d6;8800;INTARIAN_PEPPER_ROOT;11989;18;11986;17;;;11995;16;11997;24;;;11992.0;0.0
yf_BGS_d6;8900;ASH_COATED_OSMIUM;9908;17;9904;15;;;9914;12;9918;13;;;9911.0;0.0
yf_BGS_d6;8900;INTARIAN_PEPPER_ROOT;11987;18;11985;19;;;11996;19;11998;13;;;11991.5;0.0
yf_BGS_d6;9000;ASH_COATED_OSMIUM;9906;17;9902;14;;;9916;5;9919;20;;;9911.0;0.0
yf_BGS_d6;9000;INTARIAN_PEPPER_ROOT;11989;19;11986;19;;;11995;12;11999;18;;;11992.0;0.0
yf_BGS_d6;9100;ASH_COATED_OSMIUM;9908;10;9906;18;;;9914;7;9917;19;;;9911.0;0.0
yf_BGS_d6;9100;INTARIAN_PEPPER_ROOT;11986;19;11984;21;;;11997;15;11999;26;;;11991.5;0.0
yf_BGS_d6;9200;ASH_COATED_OSMIUM;9908;12;9904;18;;;9914;19;9918;22;;;9911.0;0.0
yf_BGS_d6;9200;INTARIAN_PEPPER_ROOT;11989;19;11986;25;;;11995;16;11999;16;;;11992.0;0.0
yf_BGS_d6;9300;ASH_COATED_OSMIUM;9905;15;9901;18;;;9916;21;9920;22;;;9910.5;0.0
yf_BGS_d6;9300;INTARIAN_PEPPER_ROOT;11989;17;11985;16;;;11995;10;11999;19;;;11992.0;0.0
yf_BGS_d6;9400;ASH_COATED_OSMIUM;9908;14;9905;25;;;9914;16;9916;25;;;9911.0;0.0
yf_BGS_d6;9400;INTARIAN_PEPPER_ROOT;11988;23;11984;18;;;11994;23;11997;18;;;11991.0;0.0
yf_BGS_d6;9500;ASH_COATED_OSMIUM;9908;10;9906;22;;;9914;5;9917;25;;;9911.0;0.0
yf_BGS_d6;9500;INTARIAN_PEPPER_ROOT;11986;16;11983;20;;;11994;17;11996;19;;;11990.0;0.0
yf_BGS_d6;9600;ASH_COATED_OSMIUM;9908;21;9906;22;;;9914;27;9917;21;;;9911.0;0.0
yf_BGS_d6;9600;INTARIAN_PEPPER_ROOT;11984;19;11981;18;;;11997;19;12001;22;;;11990.5;0.0
yf_BGS_d6;9700;ASH_COATED_OSMIUM;9909;14;9906;22;;;9915;14;9919;28;;;9912.0;0.0
yf_BGS_d6;9700;INTARIAN_PEPPER_ROOT;11985;16;11981;14;;;11996;16;11998;16;;;11990.5;0.0
yf_BGS_d6;9800;ASH_COATED_OSMIUM;9905;13;9902;19;;;9918;19;9922;21;;;9911.5;0.0
yf_BGS_d6;9800;INTARIAN_PEPPER_ROOT;11985;11;11981;16;;;11994;13;11997;22;;;11989.5;0.0
yf_BGS_d6;9900;ASH_COATED_OSMIUM;9888;8;9886;21;;;9935;20;9937;17;;;9911.5;0.0
yf_BGS_d6;9900;INTARIAN_PEPPER_ROOT;11986;15;11982;22;;;11992;10;11995;16;;;11989.0;0.0
yf_BGS_d6;10000;ASH_COATED_OSMIUM;9909;20;9905;21;;;9915;17;9917;13;;;9912.0;0.0
yf_BGS_d6;10000;INTARIAN_PEPPER_ROOT;11986;14;11984;17;;;11992;11;11995;15;;;11989.0;0.0
yf_BGS_d6;10100;ASH_COATED_OSMIUM;9909;17;9905;29;;;9915;11;9918;18;;;9912.0;0.0
yf_BGS_d6;10100;INTARIAN_PEPPER_ROOT;11986;13;11982;15;;;11992;21;11995;26;;;11989.0;0.0
yf_BGS_d6;10200;ASH_COATED_OSMIUM;9905;14;9903;20;;;9918;17;9922;15;;;9911.5;0.0
yf_BGS_d6;10200;INTARIAN_PEPPER_ROOT;11984;9;11981;14;;;11994;20;11997;25;;;11989.0;0.0
yf_BGS_d6;10300;ASH_COATED_OSMIUM;9909;14;9905;16;;;9915;18;9917;27;;;9912.0;0.0
yf_BGS_d6;10300;INTARIAN_PEPPER_ROOT;11985;11;11981;11;;;11991;17;11995;17;;;11988.0;0.0
yf_BGS_d6;10400;ASH_COATED_OSMIUM;9910;7;9908;29;;;9916;12;9918;12;;;9913.0;0.0
yf_BGS_d6;10400;INTARIAN_PEPPER_ROOT;11985;19;11983;19;;;11991;16;11994;22;;;11988.0;0.0
yf_BGS_d6;10500;ASH_COATED_OSMIUM;9894;26;9890;22;;;9931;13;9934;13;;;9912.5;0.0
yf_BGS_d6;10500;INTARIAN_PEPPER_ROOT;11986;18;11984;19;;;11992;16;11996;16;;;11989.0;0.0
yf_BGS_d6;10600;ASH_COATED_OSMIUM;9910;17;9907;14;;;9916;5;9919;26;;;9913.0;0.0
yf_BGS_d6;10600;INTARIAN_PEPPER_ROOT;11985;10;11982;33;;;11991;11;11995;20;;;11988.0;0.0
yf_BGS_d6;10700;ASH_COATED_OSMIUM;9899;15;9895;15;;;9925;7;9927;20;;;9912.0;0.0
yf_BGS_d6;10700;INTARIAN_PEPPER_ROOT;11980;9;11978;22;;;11995;11;11999;18;;;11987.5;0.0
yf_BGS_d6;10800;ASH_COATED_OSMIUM;9910;12;9906;22;;;9916;18;9919;22;;;9913.0;0.0
yf_BGS_d6;10800;INTARIAN_PEPPER_ROOT;11984;13;11982;21;;;11991;15;11993;21;;;11987.5;0.0
yf_BGS_d6;10900;ASH_COATED_OSMIUM;9909;12;9906;17;;;9915;18;9917;20;;;9912.0;0.0
yf_BGS_d6;10900;INTARIAN_PEPPER_ROOT;11984;17;11982;22;;;11990;24;11994;15;;;11987.0;0.0
yf_BGS_d6;11000;ASH_COATED_OSMIUM;9910;21;9906;18;;;9916;12;9919;20;;;9913.0;0.0
yf_BGS_d6;11000;INTARIAN_PEPPER_ROOT;11982;21;11979;13;;;11991;17;11993;18;;;11986.5;0.0
yf_BGS_d6;11100;ASH_COATED_OSMIUM;9911;9;9907;18;;;9917;7;9921;25;;;9914.0;0.0
yf_BGS_d6;11100;INTARIAN_PEPPER_ROOT;11981;17;11977;20;;;11991;14;11994;15;;;11986.0;0.0
yf_BGS_d6;11200;ASH_COATED_OSMIUM;9898;16;9894;23;;;9929;15;9933;27;;;9913.5;0.0
yf_BGS_d6;11200;INTARIAN_PEPPER_ROOT;11983;10;11981;23;;;11989;13;11993;9;;;11986.0;0.0
yf_BGS_d6;11300;ASH_COATED_OSMIUM;9910;24;9908;14;;;9916;19;9920;23;;;9913.0;0.0
yf_BGS_d6;11300;INTARIAN_PEPPER_ROOT;11978;23;11976;21;;;11993;10;11996;19;;;11985.5;0.0
yf_BGS_d6;11400;ASH_COATED_OSMIUM;9910;21;9907;19;;;9916;19;9918;19;;;9913.0;0.0
yf_BGS_d6;11400;INTARIAN_PEPPER_ROOT;11983;15;11979;18;;;11989;11;11991;22;;;11986.0;0.0
yf_BGS_d6;11500;ASH_COATED_OSMIUM;9910;17;9908;24;;;9916;14;9919;20;;;9913.0;0.0
yf_BGS_d6;11500;INTARIAN_PEPPER_ROOT;11978;10;11976;13;;;11992;14;11994;17;;;11985.0;0.0
yf_BGS_d6;11600;ASH_COATED_OSMIUM;9911;17;9908;28;;;9917;15;9920;13;;;9914.0;0.0
yf_BGS_d6;11600;INTARIAN_PEPPER_ROOT;11980;13;11976;8;;;11991;17;11995;20;;;11985.5;0.0
yf_BGS_d6;11700;ASH_COATED_OSMIUM;9910;20;9908;25;;;9917;25;9920;13;;;9913.5;0.0
yf_BGS_d6;11700;INTARIAN_PEPPER_ROOT;11983;13;11981;20;;;11989;10;11993;20;;;11986.0;0.0
yf_BGS_d6;11800;ASH_COATED_OSMIUM;9911;20;9908;21;;;9917;11;9919;21;;;9914.0;0.0
yf_BGS_d6;11800;INTARIAN_PEPPER_ROOT;11966;12;11964;21;;;12003;7;12007;23;;;11984.5;0.0
yf_BGS_d6;11900;ASH_COATED_OSMIUM;9911;10;9908;18;;;9917;12;9921;14;;;9914.0;0.0
yf_BGS_d6;11900;INTARIAN_PEPPER_ROOT;11981;15;11979;25;;;11987;12;11991;18;;;11984.0;0.0
yf_BGS_d6;12000;ASH_COATED_OSMIUM;9911;13;9909;27;;;9917;20;9919;11;;;9914.0;0.0
yf_BGS_d6;12000;INTARIAN_PEPPER_ROOT;11979;12;11977;24;;;11991;15;11994;21;;;11985.0;0.0
yf_BGS_d6;12100;ASH_COATED_OSMIUM;9911;16;9907;18;;;9917;9;9919;14;;;9914.0;0.0
yf_BGS_d6;12100;INTARIAN_PEPPER_ROOT;11963;11;11959;18;;;12005;18;12007;19;;;11984.0;0.0
yf_BGS_d6;12200;ASH_COATED_OSMIUM;9908;19;9906;28;;;9923;17;9925;21;;;9915.5;0.0
yf_BGS_d6;12200;INTARIAN_PEPPER_ROOT;11975;12;11973;18;;;11994;12;11996;14;;;11984.5;0.0
yf_BGS_d6;12300;ASH_COATED_OSMIUM;9910;20;9908;25;;;9918;17;9921;18;;;9914.0;0.0
yf_BGS_d6;12300;INTARIAN_PEPPER_ROOT;11981;12;11977;20;;;11987;22;11991;18;;;11984.0;0.0
yf_BGS_d6;12400;ASH_COATED_OSMIUM;9912;21;9908;19;;;9918;14;9922;14;;;9915.0;0.0
yf_BGS_d6;12400;INTARIAN_PEPPER_ROOT;11978;11;11974;26;;;11990;18;11993;13;;;11984.0;0.0
yf_BGS_d6;12500;ASH_COATED_OSMIUM;9911;19;9908;11;;;9917;18;9919;18;;;9914.0;0.0
yf_BGS_d6;12500;INTARIAN_PEPPER_ROOT;11981;11;11979;24;;;11987;9;11990;26;;;11984.0;0.0
yf_BGS_d6;12600;ASH_COATED_OSMIUM;9909;12;9905;23;;;9921;7;9925;12;;;9915.0;0.0
yf_BGS_d6;12600;INTARIAN_PEPPER_ROOT;11980;14;11978;19;;;11986;17;11990;32;;;11983.0;0.0
yf_BGS_d6;12700;ASH_COATED_OSMIUM;9912;12;9910;20;;;9918;19;9921;19;;;9915.0;0.0
yf_BGS_d6;12700;INTARIAN_PEPPER_ROOT;11980;19;11976;21;;;11986;13;11990;20;;;11983.0;0.0
yf_BGS_d6;12800;ASH_COATED_OSMIUM;9907;9;9905;26;;;9924;14;9926;12;;;9915.5;0.0
yf_BGS_d6;12800;INTARIAN_PEPPER_ROOT;11978;9;11974;17;;;11987;8;11990;19;;;11982.5;0.0
yf_BGS_d6;12900;ASH_COATED_OSMIUM;9913;9;9911;25;;;9919;12;9922;15;;;9916.0;0.0
yf_BGS_d6;12900;INTARIAN_PEPPER_ROOT;11979;19;11975;27;;;11986;12;11989;31;;;11982.5;0.0
yf_BGS_d6;13000;ASH_COATED_OSMIUM;9913;14;9910;15;;;9919;15;9921;20;;;9916.0;0.0
yf_BGS_d6;13000;INTARIAN_PEPPER_ROOT;11973;15;11969;22;;;11991;17;11993;24;;;11982.0;0.0
yf_BGS_d6;13100;ASH_COATED_OSMIUM;9912;15;9909;14;;;9918;20;9920;13;;;9915.0;0.0
yf_BGS_d6;13100;INTARIAN_PEPPER_ROOT;11979;5;11975;17;;;11986;14;11990;22;;;11982.5;0.0
yf_BGS_d6;13200;ASH_COATED_OSMIUM;9913;13;9909;23;;;9919;11;9921;21;;;9916.0;0.0
yf_BGS_d6;13200;INTARIAN_PEPPER_ROOT;11971;16;11968;14;;;11991;14;11994;13;;;11981.0;0.0
yf_BGS_d6;13300;ASH_COATED_OSMIUM;9913;17;9910;15;;;9919;22;9921;20;;;9916.0;0.0
yf_BGS_d6;13300;INTARIAN_PEPPER_ROOT;11978;24;11974;24;;;11984;12;11986;21;;;11981.0;0.0
yf_BGS_d6;13400;ASH_COATED_OSMIUM;9909;8;9907;18;;;9922;20;9925;26;;;9915.5;0.0
yf_BGS_d6;13400;INTARIAN_PEPPER_ROOT;11978;18;11974;8;;;11984;13;11987;24;;;11981.0;0.0
yf_BGS_d6;13500;ASH_COATED_OSMIUM;9911;16;9907;21;;;9920;15;9924;18;;;9915.5;0.0
yf_BGS_d6;13500;INTARIAN_PEPPER_ROOT;11978;14;11975;10;;;11984;10;11986;28;;;11981.0;0.0
yf_BGS_d6;13600;ASH_COATED_OSMIUM;9913;14;9909;19;;;9919;16;9921;15;;;9916.0;0.0
yf_BGS_d6;13600;INTARIAN_PEPPER_ROOT;11978;22;11976;20;;;11984;18;11986;17;;;11981.0;0.0
yf_BGS_d6;13700;ASH_COATED_OSMIUM;9913;18;9910;17;;;9919;11;9921;24;;;9916.0;0.0
yf_BGS_d6;13700;INTARIAN_PEPPER_ROOT;11977;16;11973;20;;;11983;12;11986;18;;;11980.0;0.0
yf_BGS_d6;13800;ASH_COATED_OSMIUM;9913;16;9911;8;;;9919;11;9921;20;;;9916.0;0.0
yf_BGS_d6;13800;INTARIAN_PEPPER_ROOT;11974;19;11972;17;;;11987;12;11989;23;;;11980.5;0.0
yf_BGS_d6;13900;ASH_COATED_OSMIUM;9903;15;9899;26;;;9930;10;9934;20;;;9916.5;0.0
yf_BGS_d6;13900;INTARIAN_PEPPER_ROOT;11977;20;11975;14;;;11983;18;11986;16;;;11980.0;0.0
yf_BGS_d6;14000;ASH_COATED_OSMIUM;9911;16;9909;19;;;9922;11;9926;20;;;9916.5;0.0
yf_BGS_d6;14000;INTARIAN_PEPPER_ROOT;11977;11;11975;20;;;11983;7;11985;19;;;11980.0;0.0
yf_BGS_d6;14100;ASH_COATED_OSMIUM;9914;15;9911;17;;;9920;8;9923;19;;;9917.0;0.0
yf_BGS_d6;14100;INTARIAN_PEPPER_ROOT;11975;18;11971;23;;;11985;16;11988;19;;;11980.0;0.0
yf_BGS_d6;14200;ASH_COATED_OSMIUM;9914;10;9912;15;;;9920;13;9923;22;;;9917.0;0.0
yf_BGS_d6;14200;INTARIAN_PEPPER_ROOT;11976;10;11972;26;;;11982;15;11986;20;;;11979.0;0.0
yf_BGS_d6;14300;ASH_COATED_OSMIUM;9914;19;9912;11;;;9920;14;9922;22;;;9917.0;0.0
yf_BGS_d6;14300;INTARIAN_PEPPER_ROOT;11969;22;11966;15;;;11990;17;11994;18;;;11979.5;0.0
yf_BGS_d6;14400;ASH_COATED_OSMIUM;9914;15;9910;25;;;9920;15;9924;15;;;9917.0;0.0
yf_BGS_d6;14400;INTARIAN_PEPPER_ROOT;11974;19;11971;24;;;11985;7;11987;25;;;11979.5;0.0
yf_BGS_d6;14500;ASH_COATED_OSMIUM;9914;11;9911;11;;;9920;13;9922;22;;;9917.0;0.0
yf_BGS_d6;14500;INTARIAN_PEPPER_ROOT;11976;11;11974;15;;;11982;19;11984;19;;;11979.0;0.0
yf_BGS_d6;14600;ASH_COATED_OSMIUM;9915;10;9912;23;;;9921;19;9923;30;;;9918.0;0.0
yf_BGS_d6;14600;INTARIAN_PEPPER_ROOT;11975;17;11971;24;;;11981;18;11983;21;;;11978.0;0.0
yf_BGS_d6;14700;ASH_COATED_OSMIUM;9915;25;9912;23;;;9921;16;9924;27;;;9918.0;0.0
yf_BGS_d6;14700;INTARIAN_PEPPER_ROOT;11975;13;11971;27;;;11981;13;11984;23;;;11978.0;0.0
yf_BGS_d6;14800;ASH_COATED_OSMIUM;9915;9;9912;25;;;9921;12;9925;20;;;9918.0;0.0
yf_BGS_d6;14800;INTARIAN_PEPPER_ROOT;11975;27;11973;14;;;11981;14;11983;15;;;11978.0;0.0
yf_BGS_d6;14900;ASH_COATED_OSMIUM;9915;5;9913;15;;;9921;15;9924;22;;;9918.0;0.0
yf_BGS_d6;14900;INTARIAN_PEPPER_ROOT;11975;5;11973;21;;;11981;15;11985;16;;;11978.0;0.0
yf_BGS_d6;15000;ASH_COATED_OSMIUM;9915;13;9912;17;;;9921;14;9925;23;;;9918.0;0.0
yf_BGS_d6;15000;INTARIAN_PEPPER_ROOT;11974;18;11970;18;;;11981;19;11984;20;;;11977.5;0.0
yf_BGS_d6;15100;ASH_COATED_OSMIUM;9915;14;9913;27;;;9921;11;9924;22;;;9918.0;0.0
yf_BGS_d6;15100;INTARIAN_PEPPER_ROOT;11974;14;11971;29;;;11980;5;11984;16;;;11977.0;0.0
yf_BGS_d6;15200;ASH_COATED_OSMIUM;9915;15;9913;19;;;9921;12;9925;19;;;9918.0;0.0
yf_BGS_d6;15200;INTARIAN_PEPPER_ROOT;11967;17;11964;17;;;11987;19;11989;10;;;11977.0;0.0
yf_BGS_d6;15300;ASH_COATED_OSMIUM;9916;20;9913;18;;;9922;14;9925;30;;;9919.0;0.0
yf_BGS_d6;15300;INTARIAN_PEPPER_ROOT;11969;18;11967;22;;;11984;17;11986;22;;;11976.5;0.0
yf_BGS_d6;15400;ASH_COATED_OSMIUM;9916;14;9913;27;;;9922;16;9925;19;;;9919.0;0.0
yf_BGS_d6;15400;INTARIAN_PEPPER_ROOT;11974;13;11970;19;;;11980;10;11984;22;;;11977.0;0.0
yf_BGS_d6;15500;ASH_COATED_OSMIUM;9904;12;9900;10;;;9934;22;9938;15;;;9919.0;0.0
yf_BGS_d6;15500;INTARIAN_PEPPER_ROOT;11972;15;11968;25;;;11981;12;11983;15;;;11976.5;0.0
yf_BGS_d6;15600;ASH_COATED_OSMIUM;9914;12;9910;19;;;9924;22;9928;21;;;9919.0;0.0
yf_BGS_d6;15600;INTARIAN_PEPPER_ROOT;11971;12;11969;24;;;11982;15;11984;19;;;11976.5;0.0
yf_BGS_d6;15700;ASH_COATED_OSMIUM;9915;19;9912;30;;;9921;5;9924;20;;;9918.0;0.0
yf_BGS_d6;15700;INTARIAN_PEPPER_ROOT;11972;27;11970;18;;;11979;16;11982;17;;;11975.5;0.0
yf_BGS_d6;15800;ASH_COATED_OSMIUM;9910;15;9908;18;;;9929;13;9933;20;;;9919.5;0.0
yf_BGS_d6;15800;INTARIAN_PEPPER_ROOT;11973;15;11970;16;;;11979;16;11981;22;;;11976.0;0.0
yf_BGS_d6;15900;ASH_COATED_OSMIUM;9916;7;9914;18;;;9922;15;9924;20;;;9919.0;0.0
yf_BGS_d6;15900;INTARIAN_PEPPER_ROOT;11972;14;11969;17;;;11978;9;11980;13;;;11975.0;0.0
yf_BGS_d6;16000;ASH_COATED_OSMIUM;9910;25;9907;23;;;9930;16;9933;10;;;9920.0;0.0
yf_BGS_d6;16000;INTARIAN_PEPPER_ROOT;11969;11;11966;20;;;11981;13;11983;20;;;11975.0;0.0
yf_BGS_d6;16100;ASH_COATED_OSMIUM;9916;16;9912;18;;;9922;11;9925;14;;;9919.0;0.0
yf_BGS_d6;16100;INTARIAN_PEPPER_ROOT;11971;12;11969;22;;;11977;23;11979;13;;;11974.0;0.0
yf_BGS_d6;16200;ASH_COATED_OSMIUM;9912;14;9909;17;;;9927;14;9931;22;;;9919.5;0.0
yf_BGS_d6;16200;INTARIAN_PEPPER_ROOT;11971;16;11967;20;;;11980;13;11984;28;;;11975.5;0.0
yf_BGS_d6;16300;ASH_COATED_OSMIUM;9916;19;9914;17;;;9922;16;9926;18;;;9919.0;0.0
yf_BGS_d6;16300;INTARIAN_PEPPER_ROOT;11957;26;11953;19;;;11992;20;11994;18;;;11974.5;0.0
yf_BGS_d6;16400;ASH_COATED_OSMIUM;9917;13;9914;21;;;9923;21;9925;14;;;9920.0;0.0
yf_BGS_d6;16400;INTARIAN_PEPPER_ROOT;11971;13;11967;16;;;11977;11;11980;11;;;11974.0;0.0
yf_BGS_d6;16500;ASH_COATED_OSMIUM;9913;17;9909;14;;;9926;12;9928;24;;;9919.5;0.0
yf_BGS_d6;16500;INTARIAN_PEPPER_ROOT;11969;11;11965;19;;;11978;25;11981;20;;;11973.5;0.0
yf_BGS_d6;16600;ASH_COATED_OSMIUM;9916;16;9912;25;;;9923;18;9926;11;;;9919.5;0.0
yf_BGS_d6;16600;INTARIAN_PEPPER_ROOT;11966;18;11964;17;;;11980;13;11983;15;;;11973.0;0.0
yf_BGS_d6;16700;ASH_COATED_OSMIUM;9914;5;9911;14;;;9925;5;9927;19;;;9919.5;0.0
yf_BGS_d6;16700;INTARIAN_PEPPER_ROOT;11971;20;11967;27;;;11977;14;11980;22;;;11974.0;0.0
yf_BGS_d6;16800;ASH_COATED_OSMIUM;9917;14;9915;11;;;9923;11;9927;18;;;9920.0;0.0
yf_BGS_d6;16800;INTARIAN_PEPPER_ROOT;11971;17;11969;25;;;11977;12;11980;21;;;11974.0;0.0
yf_BGS_d6;16900;ASH_COATED_OSMIUM;9915;11;9913;19;;;9926;12;9928;17;;;9920.5;0.0
yf_BGS_d6;16900;INTARIAN_PEPPER_ROOT;11966;12;11963;17;;;11980;23;11983;17;;;11973.0;0.0
yf_BGS_d6;17000;ASH_COATED_OSMIUM;9917;25;9913;11;;;9923;14;9925;9;;;9920.0;0.0
yf_BGS_d6;17000;INTARIAN_PEPPER_ROOT;11969;16;11966;12;;;11975;13;11977;22;;;11972.0;0.0
yf_BGS_d6;17100;ASH_COATED_OSMIUM;9917;18;9913;12;;;9923;20;9925;13;;;9920.0;0.0
yf_BGS_d6;17100;INTARIAN_PEPPER_ROOT;11967;13;11964;22;;;11977;15;11979;12;;;11972.0;0.0
yf_BGS_d6;17200;ASH_COATED_OSMIUM;9918;19;9916;15;;;9924;22;9927;15;;;9921.0;0.0
yf_BGS_d6;17200;INTARIAN_PEPPER_ROOT;11964;9;11962;15;;;11978;13;11981;18;;;11971.0;0.0
yf_BGS_d6;17300;ASH_COATED_OSMIUM;9918;5;9916;17;;;9924;5;9928;18;;;9921.0;0.0
yf_BGS_d6;17300;INTARIAN_PEPPER_ROOT;11968;6;11965;24;;;11974;10;11977;20;;;11971.0;0.0
yf_BGS_d6;17400;ASH_COATED_OSMIUM;9918;15;9916;18;;;9924;16;9928;22;;;9921.0;0.0
yf_BGS_d6;17400;INTARIAN_PEPPER_ROOT;11967;20;11964;9;;;11973;7;11977;22;;;11970.0;0.0
yf_BGS_d6;17500;ASH_COATED_OSMIUM;9918;12;9915;22;;;9924;11;9926;20;;;9921.0;0.0
yf_BGS_d6;17500;INTARIAN_PEPPER_ROOT;11958;17;11954;11;;;11982;21;11984;26;;;11970.0;0.0
yf_BGS_d6;17600;ASH_COATED_OSMIUM;9918;11;9916;15;;;9924;12;9927;18;;;9921.0;0.0
yf_BGS_d6;17600;INTARIAN_PEPPER_ROOT;11966;6;11964;8;;;11972;19;11975;24;;;11969.0;0.0
yf_BGS_d6;17700;ASH_COATED_OSMIUM;9915;10;9912;19;;;9926;16;9930;20;;;9920.5;0.0
yf_BGS_d6;17700;INTARIAN_PEPPER_ROOT;11966;24;11964;13;;;11972;12;11975;10;;;11969.0;0.0
yf_BGS_d6;17800;ASH_COATED_OSMIUM;9910;19;9907;16;;;9931;15;9933;23;;;9920.5;0.0
yf_BGS_d6;17800;INTARIAN_PEPPER_ROOT;11965;22;11961;12;;;11971;22;11974;23;;;11968.0;0.0
yf_BGS_d6;17900;ASH_COATED_OSMIUM;9914;17;9910;16;;;9928;11;9931;22;;;9921.0;0.0
yf_BGS_d6;17900;INTARIAN_PEPPER_ROOT;11963;24;11960;27;;;11974;7;11978;24;;;11968.5;0.0
yf_BGS_d6;18000;ASH_COATED_OSMIUM;9918;23;9915;15;;;9924;17;9927;14;;;9921.0;0.0
yf_BGS_d6;18000;INTARIAN_PEPPER_ROOT;11964;11;11962;11;;;11970;24;11972;18;;;11967.0;0.0
yf_BGS_d6;18100;ASH_COATED_OSMIUM;9918;13;9914;21;;;9924;11;9927;20;;;9921.0;0.0
yf_BGS_d6;18100;INTARIAN_PEPPER_ROOT;11964;17;11960;26;;;11970;20;11972;18;;;11967.0;0.0
yf_BGS_d6;18200;ASH_COATED_OSMIUM;9918;9;9915;21;;;9924;19;9927;28;;;9921.0;0.0
yf_BGS_d6;18200;INTARIAN_PEPPER_ROOT;11963;18;11959;15;;;11970;10;11972;10;;;11966.5;0.0
yf_BGS_d6;18300;ASH_COATED_OSMIUM;9918;12;9915;13;;;9924;21;9927;18;;;9921.0;0.0
yf_BGS_d6;18300;INTARIAN_PEPPER_ROOT;11954;17;11952;16;;;11978;16;11981;22;;;11966.0;0.0
yf_BGS_d6;18400;ASH_COATED_OSMIUM;9919;20;9915;20;;;9925;7;9927;31;;;9922.0;0.0
yf_BGS_d6;18400;INTARIAN_PEPPER_ROOT;11959;17;11956;20;;;11971;16;11974;15;;;11965.0;0.0
yf_BGS_d6;18500;ASH_COATED_OSMIUM;9914;18;9912;17;;;9929;20;9933;17;;;9921.5;0.0
yf_BGS_d6;18500;INTARIAN_PEPPER_ROOT;11952;11;11949;18;;;11978;15;11982;16;;;11965.0;0.0
yf_BGS_d6;18600;ASH_COATED_OSMIUM;9918;15;9916;14;;;9924;15;9928;23;;;9921.0;0.0
yf_BGS_d6;18600;INTARIAN_PEPPER_ROOT;11957;10;11955;23;;;11971;5;11974;30;;;11964.0;0.0
yf_BGS_d6;18700;ASH_COATED_OSMIUM;9915;23;9912;13;;;9928;9;9930;13;;;9921.5;0.0
yf_BGS_d6;18700;INTARIAN_PEPPER_ROOT;11959;10;11957;10;;;11966;12;11970;12;;;11962.5;0.0
yf_BGS_d6;18800;ASH_COATED_OSMIUM;9919;10;9916;17;;;9925;6;9929;22;;;9922.0;0.0
yf_BGS_d6;18800;INTARIAN_PEPPER_ROOT;11960;19;11956;23;;;11966;22;11969;20;;;11963.0;0.0
yf_BGS_d6;18900;ASH_COATED_OSMIUM;9919;11;9917;19;;;9925;18;9929;28;;;9922.0;0.0
yf_BGS_d6;18900;INTARIAN_PEPPER_ROOT;11959;18;11956;23;;;11965;7;11967;11;;;11962.0;0.0
yf_BGS_d6;19000;ASH_COATED_OSMIUM;9918;15;9914;15;;;9924;9;9926;19;;;9921.0;0.0
yf_BGS_d6;19000;INTARIAN_PEPPER_ROOT;11959;21;11956;17;;;11965;16;11967;22;;;11962.0;0.0
yf_BGS_d6;19100;ASH_COATED_OSMIUM;9918;17;9915;22;;;9927;5;9931;24;;;9922.5;0.0
yf_BGS_d6;19100;INTARIAN_PEPPER_ROOT;11958;14;11954;17;;;11964;17;11968;12;;;11961.0;0.0
yf_BGS_d6;19200;ASH_COATED_OSMIUM;9919;15;9917;29;;;9925;17;9927;15;;;9922.0;0.0
yf_BGS_d6;19200;INTARIAN_PEPPER_ROOT;11955;13;11951;19;;;11965;14;11969;21;;;11960.0;0.0
yf_BGS_d6;19300;ASH_COATED_OSMIUM;9919;20;9915;24;;;9925;11;9928;20;;;9922.0;0.0
yf_BGS_d6;19300;INTARIAN_PEPPER_ROOT;11957;14;11954;33;;;11963;14;11966;17;;;11960.0;0.0
yf_BGS_d6;19400;ASH_COATED_OSMIUM;9908;17;9905;20;;;9936;11;9940;19;;;9922.0;0.0
yf_BGS_d6;19400;INTARIAN_PEPPER_ROOT;11957;16;11953;27;;;11963;16;11966;23;;;11960.0;0.0
yf_BGS_d6;19500;ASH_COATED_OSMIUM;9919;20;9916;21;;;9925;12;9928;11;;;9922.0;0.0
yf_BGS_d6;19500;INTARIAN_PEPPER_ROOT;11956;19;11954;22;;;11962;14;11966;17;;;11959.0;0.0
yf_BGS_d6;19600;ASH_COATED_OSMIUM;9919;17;9915;25;;;9925;12;9928;20;;;9922.0;0.0
yf_BGS_d6;19600;INTARIAN_PEPPER_ROOT;11954;16;11952;25;;;11963;19;11966;17;;;11958.5;0.0
yf_BGS_d6;19700;ASH_COATED_OSMIUM;9915;11;9912;29;;;9929;14;9932;16;;;9922.0;0.0
yf_BGS_d6;19700;INTARIAN_PEPPER_ROOT;11950;12;11946;12;;;11966;14;11968;19;;;11958.0;0.0
yf_BGS_d6;19800;ASH_COATED_OSMIUM;9915;9;9911;22;;;9929;21;9932;14;;;9922.0;0.0
yf_BGS_d6;19800;INTARIAN_PEPPER_ROOT;11954;5;11952;11;;;11960;12;11962;21;;;11957.0;0.0
yf_BGS_d6;19900;ASH_COATED_OSMIUM;9918;15;9914;21;;;9927;16;9929;27;;;9922.5;0.0
yf_BGS_d6;19900;INTARIAN_PEPPER_ROOT;11954;23;11952;19;;;11960;16;11964;14;;;11957.0;0.0
yf_BGS_d6;20000;ASH_COATED_OSMIUM;9920;5;9917;21;;;9926;11;9928;24;;;9923.0;0.0
yf_BGS_d6;20000;INTARIAN_PEPPER_ROOT;11951;12;11948;17;;;11962;14;11966;18;;;11956.5;0.0
yf_BGS_d6;20100;ASH_COATED_OSMIUM;9918;18;9915;16;;;9926;10;9929;22;;;9922.0;0.0
yf_BGS_d6;20100;INTARIAN_PEPPER_ROOT;11953;8;11949;8;;;11959;20;11963;18;;;11956.0;0.0
yf_BGS_d6;20200;ASH_COATED_OSMIUM;9915;12;9911;23;;;9931;14;9934;12;;;9923.0;0.0
yf_BGS_d6;20200;INTARIAN_PEPPER_ROOT;11951;19;11949;18;;;11957;14;11959;26;;;11954.0;0.0
yf_BGS_d6;20300;ASH_COATED_OSMIUM;9920;16;9918;11;;;9926;14;9929;25;;;9923.0;0.0
yf_BGS_d6;20300;INTARIAN_PEPPER_ROOT;11951;12;11949;20;;;11958;14;11961;19;;;11954.5;0.0
yf_BGS_d6;20400;ASH_COATED_OSMIUM;9920;18;9918;24;;;9926;17;9928;14;;;9923.0;0.0
yf_BGS_d6;20400;INTARIAN_PEPPER_ROOT;11945;15;11942;16;;;11962;12;11964;16;;;11953.5;0.0
yf_BGS_d6;20500;ASH_COATED_OSMIUM;9920;7;9918;25;;;9926;17;9929;23;;;9923.0;0.0
yf_BGS_d6;20500;INTARIAN_PEPPER_ROOT;11950;13;11948;25;;;11956;17;11958;13;;;11953.0;0.0
yf_BGS_d6;20600;ASH_COATED_OSMIUM;9920;6;9917;28;;;9926;23;9928;26;;;9923.0;0.0
yf_BGS_d6;20600;INTARIAN_PEPPER_ROOT;11950;12;11948;13;;;11956;8;11958;16;;;11953.0;0.0
yf_BGS_d6;20700;ASH_COATED_OSMIUM;9920;15;9918;14;;;9926;14;9928;18;;;9923.0;0.0
yf_BGS_d6;20700;INTARIAN_PEPPER_ROOT;11949;14;11945;16;;;11956;24;11959;23;;;11952.5;0.0
yf_BGS_d6;20800;ASH_COATED_OSMIUM;9920;12;9918;10;;;9926;19;9928;15;;;9923.0;0.0
yf_BGS_d6;20800;INTARIAN_PEPPER_ROOT;11949;11;11947;23;;;11955;15;11957;24;;;11952.0;0.0
yf_BGS_d6;20900;ASH_COATED_OSMIUM;9903;11;9901;24;;;9944;12;9947;16;;;9923.5;0.0
yf_BGS_d6;20900;INTARIAN_PEPPER_ROOT;11949;10;11947;22;;;11955;13;11958;15;;;11952.0;0.0
yf_BGS_d6;21000;ASH_COATED_OSMIUM;9920;14;9917;13;;;9926;14;9930;19;;;9923.0;0.0
yf_BGS_d6;21000;INTARIAN_PEPPER_ROOT;11945;18;11943;22;;;11957;17;11961;24;;;11951.0;0.0
yf_BGS_d6;21100;ASH_COATED_OSMIUM;9917;8;9914;25;;;9930;14;9933;16;;;9923.5;0.0
yf_BGS_d6;21100;INTARIAN_PEPPER_ROOT;11947;20;11943;19;;;11953;10;11955;20;;;11950.0;0.0
yf_BGS_d6;21200;ASH_COATED_OSMIUM;9920;25;9917;20;;;9926;17;9928;20;;;9923.0;0.0
yf_BGS_d6;21200;INTARIAN_PEPPER_ROOT;11946;17;11944;20;;;11952;12;11955;17;;;11949.0;0.0
yf_BGS_d6;21300;ASH_COATED_OSMIUM;9914;21;9912;26;;;9932;17;9934;28;;;9923.0;0.0
yf_BGS_d6;21300;INTARIAN_PEPPER_ROOT;11946;20;11944;18;;;11952;10;11954;18;;;11949.0;0.0
yf_BGS_d6;21400;ASH_COATED_OSMIUM;9918;17;9915;18;;;9931;19;9934;16;;;9924.5;0.0
yf_BGS_d6;21400;INTARIAN_PEPPER_ROOT;11945;13;11943;22;;;11951;11;11953;22;;;11948.0;0.0
yf_BGS_d6;21500;ASH_COATED_OSMIUM;9913;14;9909;16;;;9934;21;9938;16;;;9923.5;0.0
yf_BGS_d6;21500;INTARIAN_PEPPER_ROOT;11945;9;11942;10;;;11951;9;11953;25;;;11948.0;0.0
yf_BGS_d6;21600;ASH_COATED_OSMIUM;9915;20;9911;22;;;9934;13;9938;19;;;9924.5;0.0
yf_BGS_d6;21600;INTARIAN_PEPPER_ROOT;11943;14;11939;10;;;11951;8;11954;25;;;11947.0;0.0
yf_BGS_d6;21700;ASH_COATED_OSMIUM;9921;17;9918;17;;;9927;8;9931;14;;;9924.0;0.0
yf_BGS_d6;21700;INTARIAN_PEPPER_ROOT;11943;20;11941;25;;;11949;14;11951;17;;;11946.0;0.0
yf_BGS_d6;21800;ASH_COATED_OSMIUM;9920;12;9917;28;;;9926;11;9928;24;;;9923.0;0.0
yf_BGS_d6;21800;INTARIAN_PEPPER_ROOT;11943;12;11940;18;;;11949;13;11953;18;;;11946.0;0.0
yf_BGS_d6;21900;ASH_COATED_OSMIUM;9921;11;9918;24;;;9927;18;9931;27;;;9924.0;0.0
yf_BGS_d6;21900;INTARIAN_PEPPER_ROOT;11934;12;11930;18;;;11958;14;11960;19;;;11946.0;0.0
yf_BGS_d6;22000;ASH_COATED_OSMIUM;9921;14;9918;23;;;9927;14;9929;14;;;9924.0;0.0
yf_BGS_d6;22000;INTARIAN_PEPPER_ROOT;11942;17;11940;11;;;11948;11;11952;12;;;11945.0;0.0
yf_BGS_d6;22100;ASH_COATED_OSMIUM;9921;25;9917;14;;;9927;16;9930;15;;;9924.0;0.0
yf_BGS_d6;22100;INTARIAN_PEPPER_ROOT;11938;15;11935;13;;;11951;14;11953;19;;;11944.5;0.0
yf_BGS_d6;22200;ASH_COATED_OSMIUM;9921;19;9918;15;;;9928;11;9930;25;;;9924.5;0.0
yf_BGS_d6;22200;INTARIAN_PEPPER_ROOT;11941;13;11939;23;;;11947;17;11951;27;;;11944.0;0.0
yf_BGS_d6;22300;ASH_COATED_OSMIUM;9921;18;9918;25;;;9927;11;9929;25;;;9924.0;0.0
yf_BGS_d6;22300;INTARIAN_PEPPER_ROOT;11939;16;11935;19;;;11947;15;11951;24;;;11943.0;0.0
yf_BGS_d6;22400;ASH_COATED_OSMIUM;9921;20;9918;27;;;9927;16;9929;18;;;9924.0;0.0
yf_BGS_d6;22400;INTARIAN_PEPPER_ROOT;11921;18;11919;8;;;11966;11;11970;8;;;11943.5;0.0
yf_BGS_d6;22500;ASH_COATED_OSMIUM;9921;18;9919;17;;;9929;25;9933;27;;;9925.0;0.0
yf_BGS_d6;22500;INTARIAN_PEPPER_ROOT;11939;22;11935;19;;;11945;23;11948;19;;;11942.0;0.0
yf_BGS_d6;22600;ASH_COATED_OSMIUM;9921;11;9917;24;;;9927;6;9929;26;;;9924.0;0.0
yf_BGS_d6;22600;INTARIAN_PEPPER_ROOT;11935;15;11932;20;;;11949;17;11953;20;;;11942.0;0.0
yf_BGS_d6;22700;ASH_COATED_OSMIUM;9921;9;9917;17;;;9927;9;9931;22;;;9924.0;0.0
yf_BGS_d6;22700;INTARIAN_PEPPER_ROOT;11938;14;11936;31;;;11944;11;11946;22;;;11941.0;0.0
yf_BGS_d6;22800;ASH_COATED_OSMIUM;9921;14;9919;20;;;9927;5;9929;18;;;9924.0;0.0
yf_BGS_d6;22800;INTARIAN_PEPPER_ROOT;11929;13;11927;12;;;11952;17;11956;17;;;11940.5;0.0
yf_BGS_d6;22900;ASH_COATED_OSMIUM;9917;18;9913;18;;;9933;17;9937;18;;;9925.0;0.0
yf_BGS_d6;22900;INTARIAN_PEPPER_ROOT;11937;14;11934;26;;;11943;15;11946;26;;;11940.0;0.0
yf_BGS_d6;23000;ASH_COATED_OSMIUM;9922;21;9919;20;;;9928;16;9932;24;;;9925.0;0.0
yf_BGS_d6;23000;INTARIAN_PEPPER_ROOT;11936;21;11932;24;;;11942;19;11945;25;;;11939.0;0.0
yf_BGS_d6;23100;ASH_COATED_OSMIUM;9921;12;9918;22;;;9928;16;9932;21;;;9924.5;0.0
yf_BGS_d6;23100;INTARIAN_PEPPER_ROOT;11933;18;11930;18;;;11944;6;11946;19;;;11938.5;0.0
yf_BGS_d6;23200;ASH_COATED_OSMIUM;9922;9;9919;27;;;9928;5;9932;23;;;9925.0;0.0
yf_BGS_d6;23200;INTARIAN_PEPPER_ROOT;11928;18;11926;18;;;11951;16;11953;23;;;11939.5;0.0
yf_BGS_d6;23300;ASH_COATED_OSMIUM;9922;25;9918;18;;;9928;24;9931;24;;;9925.0;0.0
yf_BGS_d6;23300;INTARIAN_PEPPER_ROOT;11934;13;11931;21;;;11942;10;11946;32;;;11938.0;0.0
yf_BGS_d6;23400;ASH_COATED_OSMIUM;9918;7;9916;21;;;9932;6;9934;26;;;9925.0;0.0
yf_BGS_d6;23400;INTARIAN_PEPPER_ROOT;11934;13;11932;19;;;11940;17;11944;22;;;11937.0;0.0
yf_BGS_d6;23500;ASH_COATED_OSMIUM;9921;11;9918;13;;;9928;17;9932;18;;;9924.5;0.0
yf_BGS_d6;23500;INTARIAN_PEPPER_ROOT;11934;20;11930;13;;;11940;14;11942;21;;;11937.0;0.0
yf_BGS_d6;23600;ASH_COATED_OSMIUM;9913;18;9911;28;;;9937;11;9939;19;;;9925.0;0.0
yf_BGS_d6;23600;INTARIAN_PEPPER_ROOT;11921;14;11917;24;;;11952;6;11956;19;;;11936.5;0.0
yf_BGS_d6;23700;ASH_COATED_OSMIUM;9922;16;9920;20;;;9928;5;9930;25;;;9925.0;0.0
yf_BGS_d6;23700;INTARIAN_PEPPER_ROOT;11933;5;11929;21;;;11939;9;11943;11;;;11936.0;0.0
yf_BGS_d6;23800;ASH_COATED_OSMIUM;9922;14;9919;17;;;9928;15;9932;14;;;9925.0;0.0
yf_BGS_d6;23800;INTARIAN_PEPPER_ROOT;11932;13;11929;21;;;11938;16;11940;20;;;11935.0;0.0
yf_BGS_d6;23900;ASH_COATED_OSMIUM;9922;17;9920;21;;;9928;6;9930;27;;;9925.0;0.0
yf_BGS_d6;23900;INTARIAN_PEPPER_ROOT;11929;23;11926;20;;;11941;19;11945;18;;;11935.0;0.0
yf_BGS_d6;24000;ASH_COATED_OSMIUM;9916;13;9914;26;;;9934;12;9936;15;;;9925.0;0.0
yf_BGS_d6;24000;INTARIAN_PEPPER_ROOT;11931;15;11928;20;;;11937;7;11939;13;;;11934.0;0.0
yf_BGS_d6;24100;ASH_COATED_OSMIUM;9923;18;9921;29;;;9929;9;9933;16;;;9926.0;0.0
yf_BGS_d6;24100;INTARIAN_PEPPER_ROOT;11931;25;11928;28;;;11937;7;11939;22;;;11934.0;0.0
yf_BGS_d6;24200;ASH_COATED_OSMIUM;9922;11;9919;27;;;9928;16;9931;20;;;9925.0;0.0
yf_BGS_d6;24200;INTARIAN_PEPPER_ROOT;11930;20;11927;16;;;11936;12;11940;21;;;11933.0;0.0
yf_BGS_d6;24300;ASH_COATED_OSMIUM;9914;9;9910;18;;;9936;27;9939;18;;;9925.0;0.0
yf_BGS_d6;24300;INTARIAN_PEPPER_ROOT;11929;16;11925;29;;;11935;26;11937;21;;;11932.0;0.0
yf_BGS_d6;24400;ASH_COATED_OSMIUM;9923;16;9921;12;;;9929;16;9933;20;;;9926.0;0.0
yf_BGS_d6;24400;INTARIAN_PEPPER_ROOT;11929;6;11926;22;;;11935;22;11939;14;;;11932.0;0.0
yf_BGS_d6;24500;ASH_COATED_OSMIUM;9922;12;9919;23;;;9928;16;9931;24;;;9925.0;0.0
yf_BGS_d6;24500;INTARIAN_PEPPER_ROOT;11928;12;11924;20;;;11934;22;11936;14;;;11931.0;0.0
yf_BGS_d6;24600;ASH_COATED_OSMIUM;9923;18;9921;19;;;9929;7;9933;16;;;9926.0;0.0
yf_BGS_d6;24600;INTARIAN_PEPPER_ROOT;11926;20;11923;22;;;11936;14;11940;23;;;11931.0;0.0
yf_BGS_d6;24700;ASH_COATED_OSMIUM;9917;16;9913;15;;;9935;12;9939;21;;;9926.0;0.0
yf_BGS_d6;24700;INTARIAN_PEPPER_ROOT;11925;8;11923;10;;;11936;17;11940;10;;;11930.5;0.0
yf_BGS_d6;24800;ASH_COATED_OSMIUM;9923;24;9920;24;;;9929;10;9931;21;;;9926.0;0.0
yf_BGS_d6;24800;INTARIAN_PEPPER_ROOT;11926;5;11923;21;;;11932;7;11934;16;;;11929.0;0.0
yf_BGS_d6;24900;ASH_COATED_OSMIUM;9923;15;9919;15;;;9929;12;9933;14;;;9926.0;0.0
yf_BGS_d6;24900;INTARIAN_PEPPER_ROOT;11920;6;11917;19;;;11937;11;11939;18;;;11928.5;0.0
yf_BGS_d6;25000;ASH_COATED_OSMIUM;9923;5;9919;24;;;9929;15;9932;21;;;9926.0;0.0
yf_BGS_d6;25000;INTARIAN_PEPPER_ROOT;11925;11;11921;16;;;11932;24;11935;16;;;11928.5;0.0
yf_BGS_d6;25100;ASH_COATED_OSMIUM;9922;12;9920;20;;;9929;12;9933;15;;;9925.5;0.0
yf_BGS_d6;25100;INTARIAN_PEPPER_ROOT;11925;16;11923;20;;;11931;14;11933;20;;;11928.0;0.0
yf_BGS_d6;25200;ASH_COATED_OSMIUM;9923;13;9919;18;;;9929;6;9931;23;;;9926.0;0.0
yf_BGS_d6;25200;INTARIAN_PEPPER_ROOT;11924;18;11920;14;;;11930;15;11932;27;;;11927.0;0.0
yf_BGS_d6;25300;ASH_COATED_OSMIUM;9923;12;9921;25;;;9929;15;9931;20;;;9926.0;0.0
yf_BGS_d6;25300;INTARIAN_PEPPER_ROOT;11923;22;11921;18;;;11929;11;11933;19;;;11926.0;0.0
yf_BGS_d6;25400;ASH_COATED_OSMIUM;9924;18;9920;19;;;9930;13;9932;15;;;9927.0;0.0
yf_BGS_d6;25400;INTARIAN_PEPPER_ROOT;11924;20;11922;25;;;11930;22;11933;24;;;11927.0;0.0
yf_BGS_d6;25500;ASH_COATED_OSMIUM;9923;19;9920;18;;;9929;5;9933;17;;;9926.0;0.0
yf_BGS_d6;25500;INTARIAN_PEPPER_ROOT;11923;18;11921;11;;;11929;13;11931;19;;;11926.0;0.0
yf_BGS_d6;25600;ASH_COATED_OSMIUM;9924;15;9920;23;;;9930;14;9933;21;;;9927.0;0.0
yf_BGS_d6;25600;INTARIAN_PEPPER_ROOT;11919;7;11917;13;;;11931;14;11933;13;;;11925.0;0.0
yf_BGS_d6;25700;ASH_COATED_OSMIUM;9924;21;9921;17;;;9930;9;9932;21;;;9927.0;0.0
yf_BGS_d6;25700;INTARIAN_PEPPER_ROOT;11918;10;11916;25;;;11933;12;11935;26;;;11925.5;0.0
yf_BGS_d6;25800;ASH_COATED_OSMIUM;9921;14;9917;18;;;9932;8;9934;13;;;9926.5;0.0
yf_BGS_d6;25800;INTARIAN_PEPPER_ROOT;11917;22;11915;25;;;11930;14;11932;17;;;11923.5;0.0
yf_BGS_d6;25900;ASH_COATED_OSMIUM;9920;9;9917;19;;;9932;13;9934;26;;;9926.0;0.0
yf_BGS_d6;25900;INTARIAN_PEPPER_ROOT;11920;10;11918;21;;;11926;12;11928;19;;;11923.0;0.0
yf_BGS_d6;26000;ASH_COATED_OSMIUM;9924;18;9922;17;;;9931;9;9933;28;;;9927.5;0.0
yf_BGS_d6;26000;INTARIAN_PEPPER_ROOT;11920;13;11918;29;;;11926;16;11929;20;;;11923.0;0.0
yf_BGS_d6;26100;ASH_COATED_OSMIUM;9924;12;9922;25;;;9930;15;9933;23;;;9927.0;0.0
yf_BGS_d6;26100;INTARIAN_PEPPER_ROOT;11920;21;11918;18;;;11926;18;11929;19;;;11923.0;0.0
yf_BGS_d6;26200;ASH_COATED_OSMIUM;9921;19;9919;15;;;9932;14;9935;22;;;9926.5;0.0
yf_BGS_d6;26200;INTARIAN_PEPPER_ROOT;11919;11;11916;24;;;11925;13;11928;12;;;11922.0;0.0
yf_BGS_d6;26300;ASH_COATED_OSMIUM;9924;19;9920;10;;;9930;6;9932;14;;;9927.0;0.0
yf_BGS_d6;26300;INTARIAN_PEPPER_ROOT;11918;12;11914;17;;;11924;21;11927;24;;;11921.0;0.0
yf_BGS_d6;26400;ASH_COATED_OSMIUM;9924;13;9920;18;;;9930;12;9934;18;;;9927.0;0.0
yf_BGS_d6;26400;INTARIAN_PEPPER_ROOT;11918;15;11916;11;;;11924;11;11926;22;;;11921.0;0.0
yf_BGS_d6;26500;ASH_COATED_OSMIUM;9922;12;9918;23;;;9931;15;9935;21;;;9926.5;0.0
yf_BGS_d6;26500;INTARIAN_PEPPER_ROOT;11918;17;11915;19;;;11924;12;11928;23;;;11921.0;0.0
yf_BGS_d6;26600;ASH_COATED_OSMIUM;9925;15;9922;9;;;9931;15;9935;13;;;9928.0;0.0
yf_BGS_d6;26600;INTARIAN_PEPPER_ROOT;11917;12;11913;27;;;11923;16;11926;25;;;11920.0;0.0
yf_BGS_d6;26700;ASH_COATED_OSMIUM;9917;13;9913;22;;;9937;15;9940;24;;;9927.0;0.0
yf_BGS_d6;26700;INTARIAN_PEPPER_ROOT;11916;26;11912;18;;;11923;17;11927;23;;;11919.5;0.0
yf_BGS_d6;26800;ASH_COATED_OSMIUM;9924;11;9922;13;;;9931;17;9933;18;;;9927.5;0.0
yf_BGS_d6;26800;INTARIAN_PEPPER_ROOT;11916;12;11912;18;;;11922;21;11924;17;;;11919.0;0.0
yf_BGS_d6;26900;ASH_COATED_OSMIUM;9921;25;9917;20;;;9934;8;9938;8;;;9927.5;0.0
yf_BGS_d6;26900;INTARIAN_PEPPER_ROOT;11915;18;11913;17;;;11921;20;11924;25;;;11918.0;0.0
yf_BGS_d6;27000;ASH_COATED_OSMIUM;9924;11;9920;23;;;9930;20;9933;23;;;9927.0;0.0
yf_BGS_d6;27000;INTARIAN_PEPPER_ROOT;11915;13;11911;22;;;11921;17;11924;12;;;11918.0;0.0
yf_BGS_d6;27100;ASH_COATED_OSMIUM;9925;15;9921;21;;;9931;15;9935;15;;;9928.0;0.0
yf_BGS_d6;27100;INTARIAN_PEPPER_ROOT;11914;11;11912;17;;;11920;22;11922;21;;;11917.0;0.0
yf_BGS_d6;27200;ASH_COATED_OSMIUM;9924;28;9922;23;;;9931;10;9934;11;;;9927.5;0.0
yf_BGS_d6;27200;INTARIAN_PEPPER_ROOT;11913;20;11910;14;;;11919;7;11923;21;;;11916.0;0.0
yf_BGS_d6;27300;ASH_COATED_OSMIUM;9913;9;9910;16;;;9943;18;9945;18;;;9928.0;0.0
yf_BGS_d6;27300;INTARIAN_PEPPER_ROOT;11913;13;11909;24;;;11919;9;11923;21;;;11916.0;0.0
yf_BGS_d6;27400;ASH_COATED_OSMIUM;9924;12;9922;16;;;9932;20;9936;23;;;9928.0;0.0
yf_BGS_d6;27400;INTARIAN_PEPPER_ROOT;11908;15;11905;19;;;11923;26;11926;12;;;11915.5;0.0
yf_BGS_d6;27500;ASH_COATED_OSMIUM;9925;14;9923;29;;;9931;19;9933;27;;;9928.0;0.0
yf_BGS_d6;27500;INTARIAN_PEPPER_ROOT;11912;18;11908;11;;;11918;19;11922;34;;;11915.0;0.0
yf_BGS_d6;27600;ASH_COATED_OSMIUM;9923;12;9920;13;;;9934;17;9937;23;;;9928.5;0.0
yf_BGS_d6;27600;INTARIAN_PEPPER_ROOT;11909;21;11906;25;;;11919;18;11921;23;;;11914.0;0.0
yf_BGS_d6;27700;ASH_COATED_OSMIUM;9926;21;9922;22;;;9932;17;9935;16;;;9929.0;0.0
yf_BGS_d6;27700;INTARIAN_PEPPER_ROOT;11911;8;11907;21;;;11917;11;11919;16;;;11914.0;0.0
yf_BGS_d6;27800;ASH_COATED_OSMIUM;9925;20;9922;14;;;9931;23;9934;24;;;9928.0;0.0
yf_BGS_d6;27800;INTARIAN_PEPPER_ROOT;11911;5;11907;15;;;11917;17;11921;17;;;11914.0;0.0
yf_BGS_d6;27900;ASH_COATED_OSMIUM;9920;21;9917;17;;;9935;13;9938;24;;;9927.5;0.0
yf_BGS_d6;27900;INTARIAN_PEPPER_ROOT;11909;15;11907;8;;;11915;15;11918;23;;;11912.0;0.0
yf_BGS_d6;28000;ASH_COATED_OSMIUM;9920;18;9916;20;;;9935;12;9939;20;;;9927.5;0.0
yf_BGS_d6;28000;INTARIAN_PEPPER_ROOT;11905;12;11902;27;;;11918;5;11920;15;;;11911.5;0.0
yf_BGS_d6;28100;ASH_COATED_OSMIUM;9915;15;9913;20;;;9942;11;9945;19;;;9928.5;0.0
yf_BGS_d6;28100;INTARIAN_PEPPER_ROOT;11903;23;11899;17;;;11921;16;11923;22;;;11912.0;0.0
yf_BGS_d6;28200;ASH_COATED_OSMIUM;9924;17;9920;25;;;9934;14;9936;26;;;9929.0;0.0
yf_BGS_d6;28200;INTARIAN_PEPPER_ROOT;11905;16;11902;19;;;11916;9;11918;24;;;11910.5;0.0
yf_BGS_d6;28300;ASH_COATED_OSMIUM;9926;12;9923;20;;;9932;12;9934;8;;;9929.0;0.0
yf_BGS_d6;28300;INTARIAN_PEPPER_ROOT;11907;5;11903;21;;;11913;14;11915;17;;;11910.0;0.0
yf_BGS_d6;28400;ASH_COATED_OSMIUM;9925;7;9923;17;;;9931;18;9934;13;;;9928.0;0.0
yf_BGS_d6;28400;INTARIAN_PEPPER_ROOT;11906;11;11903;12;;;11914;5;11916;28;;;11910.0;0.0
yf_BGS_d6;28500;ASH_COATED_OSMIUM;9918;10;9915;20;;;9939;19;9941;23;;;9928.5;0.0
yf_BGS_d6;28500;INTARIAN_PEPPER_ROOT;11906;13;11904;20;;;11912;13;11916;19;;;11909.0;0.0
yf_BGS_d6;28600;ASH_COATED_OSMIUM;9922;15;9920;23;;;9936;18;9939;11;;;9929.0;0.0
yf_BGS_d6;28600;INTARIAN_PEPPER_ROOT;11905;16;11901;23;;;11911;16;11915;20;;;11908.0;0.0
yf_BGS_d6;28700;ASH_COATED_OSMIUM;9926;11;9922;14;;;9932;23;9935;26;;;9929.0;0.0
yf_BGS_d6;28700;INTARIAN_PEPPER_ROOT;11905;11;11901;25;;;11911;16;11915;25;;;11908.0;0.0
yf_BGS_d6;28800;ASH_COATED_OSMIUM;9926;9;9924;22;;;9932;19;9934;21;;;9929.0;0.0
yf_BGS_d6;28800;INTARIAN_PEPPER_ROOT;11894;14;11892;14;;;11921;12;11923;19;;;11907.5;0.0
yf_BGS_d6;28900;ASH_COATED_OSMIUM;9921;13;9917;23;;;9936;6;9940;17;;;9928.5;0.0
yf_BGS_d6;28900;INTARIAN_PEPPER_ROOT;11899;15;11896;18;;;11914;15;11917;16;;;11906.5;0.0
yf_BGS_d6;29000;ASH_COATED_OSMIUM;9926;8;9924;17;;;9932;9;9934;20;;;9929.0;0.0
yf_BGS_d6;29000;INTARIAN_PEPPER_ROOT;11903;11;11901;20;;;11909;6;11911;16;;;11906.0;0.0
yf_BGS_d6;29100;ASH_COATED_OSMIUM;9926;18;9924;16;;;9932;15;9934;21;;;9929.0;0.0
yf_BGS_d6;29100;INTARIAN_PEPPER_ROOT;11897;11;11894;29;;;11917;28;11919;17;;;11907.0;0.0
yf_BGS_d6;29200;ASH_COATED_OSMIUM;9925;15;9923;14;;;9933;14;9936;20;;;9929.0;0.0
yf_BGS_d6;29200;INTARIAN_PEPPER_ROOT;11900;7;11896;26;;;11910;19;11914;16;;;11905.0;0.0
yf_BGS_d6;29300;ASH_COATED_OSMIUM;9926;16;9922;8;;;9932;15;9935;21;;;9929.0;0.0
yf_BGS_d6;29300;INTARIAN_PEPPER_ROOT;11898;18;11895;24;;;11912;18;11915;16;;;11905.0;0.0
yf_BGS_d6;29400;ASH_COATED_OSMIUM;9923;9;9921;21;;;9935;14;9939;18;;;9929.0;0.0
yf_BGS_d6;29400;INTARIAN_PEPPER_ROOT;11901;14;11899;24;;;11907;18;11911;13;;;11904.0;0.0
yf_BGS_d6;29500;ASH_COATED_OSMIUM;9926;17;9924;22;;;9932;24;9934;12;;;9929.0;0.0
yf_BGS_d6;29500;INTARIAN_PEPPER_ROOT;11899;13;11897;27;;;11909;18;11911;22;;;11904.0;0.0
yf_BGS_d6;29600;ASH_COATED_OSMIUM;9923;13;9919;20;;;9934;10;9938;13;;;9928.5;0.0
yf_BGS_d6;29600;INTARIAN_PEPPER_ROOT;11885;18;11881;15;;;11922;5;11925;20;;;11903.5;0.0
yf_BGS_d6;29700;ASH_COATED_OSMIUM;9923;6;9921;11;;;9936;23;9940;24;;;9929.5;0.0
yf_BGS_d6;29700;INTARIAN_PEPPER_ROOT;11898;8;11894;11;;;11907;6;11911;22;;;11902.5;0.0
yf_BGS_d6;29800;ASH_COATED_OSMIUM;9926;8;9924;22;;;9932;14;9936;16;;;9929.0;0.0
yf_BGS_d6;29800;INTARIAN_PEPPER_ROOT;11898;16;11896;13;;;11906;10;11909;27;;;11902.0;0.0
yf_BGS_d6;29900;ASH_COATED_OSMIUM;9921;5;9918;21;;;9938;14;9941;19;;;9929.5;0.0
yf_BGS_d6;29900;INTARIAN_PEPPER_ROOT;11899;8;11895;14;;;11905;9;11907;28;;;11902.0;0.0
yf_BGS_d6;30000;ASH_COATED_OSMIUM;9922;17;9919;13;;;9937;5;9941;28;;;9929.5;0.0
yf_BGS_d6;30000;INTARIAN_PEPPER_ROOT;11898;17;11894;19;;;11904;18;11907;20;;;11901.0;0.0
yf_BGS_d6;30100;ASH_COATED_OSMIUM;9926;23;9923;30;;;9933;24;9935;18;;;9929.5;0.0
yf_BGS_d6;30100;INTARIAN_PEPPER_ROOT;11898;22;11895;22;;;11904;11;11907;13;;;11901.0;0.0
yf_BGS_d6;30200;ASH_COATED_OSMIUM;9924;13;9920;26;;;9936;15;9939;22;;;9930.0;0.0
yf_BGS_d6;30200;INTARIAN_PEPPER_ROOT;11891;18;11888;16;;;11909;12;11912;24;;;11900.0;0.0
yf_BGS_d6;30300;ASH_COATED_OSMIUM;9927;9;9923;17;;;9933;11;9937;19;;;9930.0;0.0
yf_BGS_d6;30300;INTARIAN_PEPPER_ROOT;11896;12;11892;15;;;11902;10;11904;23;;;11899.0;0.0
yf_BGS_d6;30400;ASH_COATED_OSMIUM;9924;18;9921;11;;;9935;12;9938;14;;;9929.5;0.0
yf_BGS_d6;30400;INTARIAN_PEPPER_ROOT;11896;17;11892;15;;;11902;16;11905;28;;;11899.0;0.0
yf_BGS_d6;30500;ASH_COATED_OSMIUM;9927;17;9923;18;;;9933;11;9937;27;;;9930.0;0.0
yf_BGS_d6;30500;INTARIAN_PEPPER_ROOT;11896;19;11893;25;;;11902;11;11904;31;;;11899.0;0.0
yf_BGS_d6;30600;ASH_COATED_OSMIUM;9920;26;9917;21;;;9939;11;9943;23;;;9929.5;0.0
yf_BGS_d6;30600;INTARIAN_PEPPER_ROOT;11895;21;11893;22;;;11901;13;11904;21;;;11898.0;0.0
yf_BGS_d6;30700;ASH_COATED_OSMIUM;9927;14;9923;14;;;9933;11;9936;12;;;9930.0;0.0
yf_BGS_d6;30700;INTARIAN_PEPPER_ROOT;11894;22;11892;11;;;11900;7;11903;18;;;11897.0;0.0
yf_BGS_d6;30800;ASH_COATED_OSMIUM;9928;17;9924;22;;;9934;6;9936;21;;;9931.0;0.0
yf_BGS_d6;30800;INTARIAN_PEPPER_ROOT;11891;12;11887;23;;;11904;19;11906;17;;;11897.5;0.0
yf_BGS_d6;30900;ASH_COATED_OSMIUM;9928;21;9925;17;;;9934;19;9937;29;;;9931.0;0.0
yf_BGS_d6;30900;INTARIAN_PEPPER_ROOT;11893;8;11891;21;;;11899;5;11901;18;;;11896.0;0.0
yf_BGS_d6;31000;ASH_COATED_OSMIUM;9902;11;9899;21;;;9957;20;9960;28;;;9929.5;0.0
yf_BGS_d6;31000;INTARIAN_PEPPER_ROOT;11892;14;11888;27;;;11899;17;11901;18;;;11895.5;0.0
yf_BGS_d6;31100;ASH_COATED_OSMIUM;9917;12;9913;18;;;9943;21;9945;14;;;9930.0;0.0
yf_BGS_d6;31100;INTARIAN_PEPPER_ROOT;11889;19;11887;22;;;11901;6;11905;26;;;11895.0;0.0
yf_BGS_d6;31200;ASH_COATED_OSMIUM;9925;9;9921;32;;;9936;25;9939;18;;;9930.5;0.0
yf_BGS_d6;31200;INTARIAN_PEPPER_ROOT;11889;10;11885;16;;;11900;9;11904;15;;;11894.5;0.0
yf_BGS_d6;31300;ASH_COATED_OSMIUM;9928;17;9924;17;;;9934;24;9937;19;;;9931.0;0.0
yf_BGS_d6;31300;INTARIAN_PEPPER_ROOT;11891;15;11889;22;;;11897;18;11900;26;;;11894.0;0.0
yf_BGS_d6;31400;ASH_COATED_OSMIUM;9927;19;9925;14;;;9933;20;9936;18;;;9930.0;0.0
yf_BGS_d6;31400;INTARIAN_PEPPER_ROOT;11890;16;11887;18;;;11896;6;11898;23;;;11893.0;0.0
yf_BGS_d6;31500;ASH_COATED_OSMIUM;9928;15;9925;24;;;9934;16;9936;19;;;9931.0;0.0
yf_BGS_d6;31500;INTARIAN_PEPPER_ROOT;11890;16;11887;21;;;11896;20;11900;20;;;11893.0;0.0
yf_BGS_d6;31600;ASH_COATED_OSMIUM;9928;13;9925;15;;;9934;14;9937;18;;;9931.0;0.0
yf_BGS_d6;31600;INTARIAN_PEPPER_ROOT;11889;14;11887;27;;;11895;15;11897;15;;;11892.0;0.0
yf_BGS_d6;31700;ASH_COATED_OSMIUM;9922;11;9919;23;;;9940;14;9944;19;;;9931.0;0.0
yf_BGS_d6;31700;INTARIAN_PEPPER_ROOT;11888;8;11885;23;;;11894;16;11897;25;;;11891.0;0.0
yf_BGS_d6;31800;ASH_COATED_OSMIUM;9928;11;9926;19;;;9934;17;9937;13;;;9931.0;0.0
yf_BGS_d6;31800;INTARIAN_PEPPER_ROOT;11888;23;11884;20;;;11894;18;11897;17;;;11891.0;0.0
yf_BGS_d6;31900;ASH_COATED_OSMIUM;9928;27;9926;15;;;9934;19;9938;11;;;9931.0;0.0
yf_BGS_d6;31900;INTARIAN_PEPPER_ROOT;11883;13;11881;23;;;11897;19;11901;14;;;11890.0;0.0
yf_BGS_d6;32000;ASH_COATED_OSMIUM;9926;18;9923;18;;;9936;15;9938;24;;;9931.0;0.0
yf_BGS_d6;32000;INTARIAN_PEPPER_ROOT;11885;11;11881;22;;;11894;17;11898;24;;;11889.5;0.0
yf_BGS_d6;32100;ASH_COATED_OSMIUM;9928;5;9926;12;;;9934;14;9937;17;;;9931.0;0.0
yf_BGS_d6;32100;INTARIAN_PEPPER_ROOT;11886;13;11882;16;;;11892;8;11894;17;;;11889.0;0.0
yf_BGS_d6;32200;ASH_COATED_OSMIUM;9929;15;9926;23;;;9935;14;9938;12;;;9932.0;0.0
yf_BGS_d6;32200;INTARIAN_PEPPER_ROOT;11886;26;11883;24;;;11892;10;11896;17;;;11889.0;0.0
yf_BGS_d6;32300;ASH_COATED_OSMIUM;9928;15;9925;16;;;9934;15;9938;15;;;9931.0;0.0
yf_BGS_d6;32300;INTARIAN_PEPPER_ROOT;11885;20;11882;17;;;11891;12;11893;19;;;11888.0;0.0
yf_BGS_d6;32400;ASH_COATED_OSMIUM;9921;14;9919;17;;;9943;6;9945;15;;;9932.0;0.0
yf_BGS_d6;32400;INTARIAN_PEPPER_ROOT;11885;21;11881;18;;;11891;9;11894;18;;;11888.0;0.0
yf_BGS_d6;32500;ASH_COATED_OSMIUM;9928;17;9926;21;;;9934;14;9936;18;;;9931.0;0.0
yf_BGS_d6;32500;INTARIAN_PEPPER_ROOT;11882;16;11879;14;;;11891;23;11895;22;;;11886.5;0.0
yf_BGS_d6;32600;ASH_COATED_OSMIUM;9929;5;9925;30;;;9935;15;9939;16;;;9932.0;0.0
yf_BGS_d6;32600;INTARIAN_PEPPER_ROOT;11882;17;11880;23;;;11892;25;11895;22;;;11887.0;0.0
yf_BGS_d6;32700;ASH_COATED_OSMIUM;9929;12;9925;20;;;9935;13;9939;30;;;9932.0;0.0
yf_BGS_d6;32700;INTARIAN_PEPPER_ROOT;11882;16;11879;14;;;11890;14;11894;18;;;11886.0;0.0
yf_BGS_d6;32800;ASH_COATED_OSMIUM;9929;17;9926;25;;;9935;15;9939;16;;;9932.0;0.0
yf_BGS_d6;32800;INTARIAN_PEPPER_ROOT;11882;16;11879;13;;;11889;14;11891;23;;;11885.5;0.0
yf_BGS_d6;32900;ASH_COATED_OSMIUM;9919;18;9916;22;;;9944;18;9947;21;;;9931.5;0.0
yf_BGS_d6;32900;INTARIAN_PEPPER_ROOT;11880;15;11876;25;;;11890;17;11893;16;;;11885.0;0.0
yf_BGS_d6;33000;ASH_COATED_OSMIUM;9928;19;9926;28;;;9934;13;9936;15;;;9931.0;0.0
yf_BGS_d6;33000;INTARIAN_PEPPER_ROOT;11881;7;11879;13;;;11887;27;11889;12;;;11884.0;0.0
yf_BGS_d6;33100;ASH_COATED_OSMIUM;9925;26;9923;26;;;9939;5;9942;18;;;9932.0;0.0
yf_BGS_d6;33100;INTARIAN_PEPPER_ROOT;11881;18;11878;21;;;11887;13;11890;24;;;11884.0;0.0
yf_BGS_d6;33200;ASH_COATED_OSMIUM;9929;25;9925;23;;;9935;16;9938;23;;;9932.0;0.0
yf_BGS_d6;33200;INTARIAN_PEPPER_ROOT;11880;5;11877;20;;;11886;25;11888;22;;;11883.0;0.0
yf_BGS_d6;33300;ASH_COATED_OSMIUM;9925;7;9923;18;;;9937;23;9941;18;;;9931.0;0.0
yf_BGS_d6;33300;INTARIAN_PEPPER_ROOT;11879;25;11877;17;;;11888;14;11891;30;;;11883.5;0.0
yf_BGS_d6;33400;ASH_COATED_OSMIUM;9923;18;9920;28;;;9939;25;9941;20;;;9931.0;0.0
yf_BGS_d6;33400;INTARIAN_PEPPER_ROOT;11879;17;11876;23;;;11885;15;11889;21;;;11882.0;0.0
yf_BGS_d6;33500;ASH_COATED_OSMIUM;9929;19;9925;12;;;9935;12;9939;13;;;9932.0;0.0
yf_BGS_d6;33500;INTARIAN_PEPPER_ROOT;11879;22;11877;24;;;11885;17;11888;20;;;11882.0;0.0
yf_BGS_d6;33600;ASH_COATED_OSMIUM;9929;20;9925;21;;;9935;14;9937;21;;;9932.0;0.0
yf_BGS_d6;33600;INTARIAN_PEPPER_ROOT;11878;10;11876;27;;;11884;14;11888;16;;;11881.0;0.0
yf_BGS_d6;33700;ASH_COATED_OSMIUM;9922;20;9919;23;;;9941;14;9943;22;;;9931.5;0.0
yf_BGS_d6;33700;INTARIAN_PEPPER_ROOT;11878;15;11876;21;;;11884;17;11886;17;;;11881.0;0.0
yf_BGS_d6;33800;ASH_COATED_OSMIUM;9930;14;9927;26;;;9936;15;9938;23;;;9933.0;0.0
yf_BGS_d6;33800;INTARIAN_PEPPER_ROOT;11877;10;11874;19;;;11883;15;11887;24;;;11880.0;0.0
yf_BGS_d6;33900;ASH_COATED_OSMIUM;9912;20;9909;17;;;9952;16;9956;27;;;9932.0;0.0
yf_BGS_d6;33900;INTARIAN_PEPPER_ROOT;11876;20;11874;16;;;11883;11;11886;24;;;11879.5;0.0
yf_BGS_d6;34000;ASH_COATED_OSMIUM;9928;16;9925;12;;;9936;13;9939;18;;;9932.0;0.0
yf_BGS_d6;34000;INTARIAN_PEPPER_ROOT;11872;17;11869;11;;;11884;7;11886;26;;;11878.0;0.0
yf_BGS_d6;34100;ASH_COATED_OSMIUM;9929;21;9927;13;;;9935;13;9938;22;;;9932.0;0.0
yf_BGS_d6;34100;INTARIAN_PEPPER_ROOT;11874;6;11871;22;;;11880;20;11883;17;;;11877.0;0.0
yf_BGS_d6;34200;ASH_COATED_OSMIUM;9927;20;9924;16;;;9936;13;9939;20;;;9931.5;0.0
yf_BGS_d6;34200;INTARIAN_PEPPER_ROOT;11865;19;11861;20;;;11886;12;11890;24;;;11875.5;0.0
yf_BGS_d6;34300;ASH_COATED_OSMIUM;9928;12;9926;15;;;9937;7;9940;14;;;9932.5;0.0
yf_BGS_d6;34300;INTARIAN_PEPPER_ROOT;11871;14;11869;16;;;11878;14;11882;19;;;11874.5;0.0
yf_BGS_d6;34400;ASH_COATED_OSMIUM;9929;13;9927;22;;;9935;7;9937;18;;;9932.0;0.0
yf_BGS_d6;34400;INTARIAN_PEPPER_ROOT;11866;15;11862;27;;;11881;23;11883;13;;;11873.5;0.0
yf_BGS_d6;34500;ASH_COATED_OSMIUM;9923;14;9919;21;;;9940;15;9944;14;;;9931.5;0.0
yf_BGS_d6;34500;INTARIAN_PEPPER_ROOT;11868;13;11866;19;;;11874;14;11878;20;;;11871.0;0.0
yf_BGS_d6;34600;ASH_COATED_OSMIUM;9928;8;9926;22;;;9934;18;9936;18;;;9931.0;0.0
yf_BGS_d6;34600;INTARIAN_PEPPER_ROOT;11864;10;11860;21;;;11875;22;11879;18;;;11869.5;0.0
yf_BGS_d6;34700;ASH_COATED_OSMIUM;9929;15;9927;20;;;9935;5;9937;18;;;9932.0;0.0
yf_BGS_d6;34700;INTARIAN_PEPPER_ROOT;11862;15;11858;16;;;11875;14;11878;22;;;11868.5;0.0
yf_BGS_d6;34800;ASH_COATED_OSMIUM;9926;19;9924;19;;;9935;15;9937;24;;;9930.5;0.0
yf_BGS_d6;34800;INTARIAN_PEPPER_ROOT;11860;12;11857;17;;;11874;19;11876;13;;;11867.0;0.0
yf_BGS_d6;34900;ASH_COATED_OSMIUM;9929;18;9925;24;;;9935;14;9938;22;;;9932.0;0.0
yf_BGS_d6;34900;INTARIAN_PEPPER_ROOT;11863;11;11861;15;;;11869;12;11871;19;;;11866.0;0.0
yf_BGS_d6;35000;ASH_COATED_OSMIUM;9919;28;9915;27;;;9943;19;9946;19;;;9931.0;0.0
yf_BGS_d6;35000;INTARIAN_PEPPER_ROOT;11862;16;11859;18;;;11868;14;11872;23;;;11865.0;0.0
yf_BGS_d6;35100;ASH_COATED_OSMIUM;9928;12;9926;14;;;9934;21;9938;19;;;9931.0;0.0
yf_BGS_d6;35100;INTARIAN_PEPPER_ROOT;11856;10;11853;22;;;11870;17;11874;23;;;11863.0;0.0
yf_BGS_d6;35200;ASH_COATED_OSMIUM;9928;22;9924;27;;;9934;11;9937;22;;;9931.0;0.0
yf_BGS_d6;35200;INTARIAN_PEPPER_ROOT;11859;16;11857;18;;;11865;14;11869;12;;;11862.0;0.0
yf_BGS_d6;35300;ASH_COATED_OSMIUM;9926;10;9923;21;;;9937;16;9939;15;;;9931.5;0.0
yf_BGS_d6;35300;INTARIAN_PEPPER_ROOT;11858;8;11856;21;;;11864;8;11867;23;;;11861.0;0.0
yf_BGS_d6;35400;ASH_COATED_OSMIUM;9928;13;9925;21;;;9934;18;9937;24;;;9931.0;0.0
yf_BGS_d6;35400;INTARIAN_PEPPER_ROOT;11856;19;11854;20;;;11862;9;11865;16;;;11859.0;0.0
yf_BGS_d6;35500;ASH_COATED_OSMIUM;9921;10;9918;22;;;9941;21;9943;30;;;9931.0;0.0
yf_BGS_d6;35500;INTARIAN_PEPPER_ROOT;11855;23;11851;22;;;11861;19;11864;28;;;11858.0;0.0
yf_BGS_d6;35600;ASH_COATED_OSMIUM;9928;23;9926;28;;;9934;15;9937;20;;;9931.0;0.0
yf_BGS_d6;35600;INTARIAN_PEPPER_ROOT;11853;13;11851;23;;;11861;28;11865;12;;;11857.0;0.0
yf_BGS_d6;35700;ASH_COATED_OSMIUM;9925;17;9922;14;;;9936;5;9939;10;;;9930.5;0.0
yf_BGS_d6;35700;INTARIAN_PEPPER_ROOT;11852;12;11850;23;;;11858;9;11860;9;;;11855.0;0.0
yf_BGS_d6;35800;ASH_COATED_OSMIUM;9927;13;9925;24;;;9934;9;9938;20;;;9930.5;0.0
yf_BGS_d6;35800;INTARIAN_PEPPER_ROOT;11851;16;11848;15;;;11857;6;11861;20;;;11854.0;0.0
yf_BGS_d6;35900;ASH_COATED_OSMIUM;9927;12;9925;16;;;9933;16;9936;19;;;9930.0;0.0
yf_BGS_d6;35900;INTARIAN_PEPPER_ROOT;11848;14;11846;24;;;11857;18;11859;18;;;11852.5;0.0
yf_BGS_d6;36000;ASH_COATED_OSMIUM;9927;16;9923;25;;;9935;16;9937;20;;;9931.0;0.0
yf_BGS_d6;36000;INTARIAN_PEPPER_ROOT;11848;25;11844;21;;;11854;11;11857;14;;;11851.0;0.0
yf_BGS_d6;36100;ASH_COATED_OSMIUM;9926;14;9922;11;;;9935;5;9938;19;;;9930.5;0.0
yf_BGS_d6;36100;INTARIAN_PEPPER_ROOT;11839;12;11836;17;;;11861;11;11865;10;;;11850.0;0.0
yf_BGS_d6;36200;ASH_COATED_OSMIUM;9927;17;9924;23;;;9934;15;9938;24;;;9930.5;0.0
yf_BGS_d6;36200;INTARIAN_PEPPER_ROOT;11831;13;11829;19;;;11867;16;11871;26;;;11849.0;0.0
yf_BGS_d6;36300;ASH_COATED_OSMIUM;9928;15;9925;23;;;9934;8;9938;15;;;9931.0;0.0
yf_BGS_d6;36300;INTARIAN_PEPPER_ROOT;11844;14;11841;11;;;11850;21;11853;21;;;11847.0;0.0
yf_BGS_d6;36400;ASH_COATED_OSMIUM;9927;16;9925;10;;;9933;20;9935;25;;;9930.0;0.0
yf_BGS_d6;36400;INTARIAN_PEPPER_ROOT;11834;14;11830;28;;;11857;14;11860;13;;;11845.5;0.0
yf_BGS_d6;36500;ASH_COATED_OSMIUM;9927;11;9925;26;;;9933;14;9937;18;;;9930.0;0.0
yf_BGS_d6;36500;INTARIAN_PEPPER_ROOT;11838;9;11835;25;;;11851;20;11854;14;;;11844.5;0.0
yf_BGS_d6;36600;ASH_COATED_OSMIUM;9927;19;9924;21;;;9933;18;9936;15;;;9930.0;0.0
yf_BGS_d6;36600;INTARIAN_PEPPER_ROOT;11841;20;11837;17;;;11847;17;11851;22;;;11844.0;0.0
yf_BGS_d6;36700;ASH_COATED_OSMIUM;9927;18;9924;20;;;9933;11;9936;19;;;9930.0;0.0
yf_BGS_d6;36700;INTARIAN_PEPPER_ROOT;11837;13;11835;16;;;11847;10;11851;12;;;11842.0;0.0
yf_BGS_d6;36800;ASH_COATED_OSMIUM;9924;13;9921;22;;;9936;17;9938;20;;;9930.0;0.0
yf_BGS_d6;36800;INTARIAN_PEPPER_ROOT;11837;9;11834;15;;;11843;24;11845;22;;;11840.0;0.0
yf_BGS_d6;36900;ASH_COATED_OSMIUM;9924;13;9920;19;;;9935;12;9939;18;;;9929.5;0.0
yf_BGS_d6;36900;INTARIAN_PEPPER_ROOT;11836;20;11834;18;;;11842;14;11844;16;;;11839.0;0.0
yf_BGS_d6;37000;ASH_COATED_OSMIUM;9920;10;9916;18;;;9940;18;9943;23;;;9930.0;0.0
yf_BGS_d6;37000;INTARIAN_PEPPER_ROOT;11833;12;11831;18;;;11843;16;11846;21;;;11838.0;0.0
yf_BGS_d6;37100;ASH_COATED_OSMIUM;9927;17;9925;20;;;9933;9;9935;20;;;9930.0;0.0
yf_BGS_d6;37100;INTARIAN_PEPPER_ROOT;11833;13;11829;11;;;11839;14;11842;16;;;11836.0;0.0
yf_BGS_d6;37200;ASH_COATED_OSMIUM;9926;17;9924;16;;;9932;11;9934;23;;;9929.0;0.0
yf_BGS_d6;37200;INTARIAN_PEPPER_ROOT;11831;22;11828;19;;;11841;15;11844;14;;;11836.0;0.0
yf_BGS_d6;37300;ASH_COATED_OSMIUM;9926;9;9924;16;;;9932;12;9935;24;;;9929.0;0.0
yf_BGS_d6;37300;INTARIAN_PEPPER_ROOT;11831;19;11829;16;;;11837;11;11840;17;;;11834.0;0.0
yf_BGS_d6;37400;ASH_COATED_OSMIUM;9925;25;9922;16;;;9931;19;9934;20;;;9928.0;0.0
yf_BGS_d6;37400;INTARIAN_PEPPER_ROOT;11830;9;11826;24;;;11836;8;11839;33;;;11833.0;0.0
yf_BGS_d6;37500;ASH_COATED_OSMIUM;9923;9;9920;22;;;9935;21;9938;22;;;9929.0;0.0
yf_BGS_d6;37500;INTARIAN_PEPPER_ROOT;11828;18;11826;19;;;11834;19;11838;20;;;11831.0;0.0
yf_BGS_d6;37600;ASH_COATED_OSMIUM;9926;10;9924;23;;;9932;18;9936;31;;;9929.0;0.0
yf_BGS_d6;37600;INTARIAN_PEPPER_ROOT;11827;10;11825;17;;;11833;17;11836;8;;;11830.0;0.0
yf_BGS_d6;37700;ASH_COATED_OSMIUM;9926;17;9924;23;;;9932;17;9935;18;;;9929.0;0.0
yf_BGS_d6;37700;INTARIAN_PEPPER_ROOT;11819;10;11816;25;;;11839;19;11841;18;;;11829.0;0.0
yf_BGS_d6;37800;ASH_COATED_OSMIUM;9926;12;9922;18;;;9932;26;9936;30;;;9929.0;0.0
yf_BGS_d6;37800;INTARIAN_PEPPER_ROOT;11824;17;11822;31;;;11831;13;11834;8;;;11827.5;0.0
yf_BGS_d6;37900;ASH_COATED_OSMIUM;9926;18;9922;19;;;9932;13;9934;25;;;9929.0;0.0
yf_BGS_d6;37900;INTARIAN_PEPPER_ROOT;11820;20;11816;18;;;11832;10;11835;23;;;11826.0;0.0
yf_BGS_d6;38000;ASH_COATED_OSMIUM;9926;5;9923;19;;;9932;11;9935;8;;;9929.0;0.0
yf_BGS_d6;38000;INTARIAN_PEPPER_ROOT;11822;22;11819;17;;;11828;6;11831;21;;;11825.0;0.0
yf_BGS_d6;38100;ASH_COATED_OSMIUM;9923;13;9920;22;;;9933;19;9937;15;;;9928.0;0.0
yf_BGS_d6;38100;INTARIAN_PEPPER_ROOT;11820;13;11816;20;;;11826;15;11828;28;;;11823.0;0.0
yf_BGS_d6;38200;ASH_COATED_OSMIUM;9925;17;9921;27;;;9931;12;9934;17;;;9928.0;0.0
yf_BGS_d6;38200;INTARIAN_PEPPER_ROOT;11810;13;11808;25;;;11834;12;11836;12;;;11822.0;0.0
yf_BGS_d6;38300;ASH_COATED_OSMIUM;9924;11;9920;23;;;9933;11;9937;15;;;9928.5;0.0
yf_BGS_d6;38300;INTARIAN_PEPPER_ROOT;11809;23;11807;23;;;11832;13;11835;20;;;11820.5;0.0
yf_BGS_d6;38400;ASH_COATED_OSMIUM;9922;11;9920;28;;;9934;13;9936;18;;;9928.0;0.0
yf_BGS_d6;38400;INTARIAN_PEPPER_ROOT;11817;12;11813;20;;;11823;13;11826;26;;;11820.0;0.0
yf_BGS_d6;38500;ASH_COATED_OSMIUM;9922;20;9919;22;;;9934;9;9936;26;;;9928.0;0.0
yf_BGS_d6;38500;INTARIAN_PEPPER_ROOT;11815;20;11813;15;;;11821;10;11824;20;;;11818.0;0.0
yf_BGS_d6;38600;ASH_COATED_OSMIUM;9925;20;9923;11;;;9931;13;9933;23;;;9928.0;0.0
yf_BGS_d6;38600;INTARIAN_PEPPER_ROOT;11813;10;11810;21;;;11819;28;11822;22;;;11816.0;0.0
yf_BGS_d6;38700;ASH_COATED_OSMIUM;9920;6;9917;27;;;9936;5;9940;20;;;9928.0;0.0
yf_BGS_d6;38700;INTARIAN_PEPPER_ROOT;11812;19;11808;22;;;11819;5;11821;15;;;11815.5;0.0
yf_BGS_d6;38800;ASH_COATED_OSMIUM;9925;14;9921;10;;;9931;12;9933;20;;;9928.0;0.0
yf_BGS_d6;38800;INTARIAN_PEPPER_ROOT;11810;14;11806;23;;;11816;15;11819;9;;;11813.0;0.0
yf_BGS_d6;38900;ASH_COATED_OSMIUM;9925;22;9921;16;;;9931;11;9934;15;;;9928.0;0.0
yf_BGS_d6;38900;INTARIAN_PEPPER_ROOT;11810;11;11806;16;;;11816;17;11819;19;;;11813.0;0.0
yf_BGS_d6;39000;ASH_COATED_OSMIUM;9925;6;9921;15;;;9931;23;9935;18;;;9928.0;0.0
yf_BGS_d6;39000;INTARIAN_PEPPER_ROOT;11808;13;11804;21;;;11815;12;11819;16;;;11811.5;0.0
yf_BGS_d6;39100;ASH_COATED_OSMIUM;9920;19;9917;16;;;9936;12;9939;13;;;9928.0;0.0
yf_BGS_d6;39100;INTARIAN_PEPPER_ROOT;11806;16;11802;17;;;11813;14;11817;22;;;11809.5;0.0
yf_BGS_d6;39200;ASH_COATED_OSMIUM;9920;20;9917;20;;;9934;10;9938;21;;;9927.0;0.0
yf_BGS_d6;39200;INTARIAN_PEPPER_ROOT;11805;14;11801;14;;;11811;11;11813;17;;;11808.0;0.0
yf_BGS_d6;39300;ASH_COATED_OSMIUM;9925;12;9922;27;;;9931;16;9935;19;;;9928.0;0.0
yf_BGS_d6;39300;INTARIAN_PEPPER_ROOT;11800;15;11797;20;;;11814;16;11817;21;;;11807.0;0.0
yf_BGS_d6;39400;ASH_COATED_OSMIUM;9925;18;9921;20;;;9931;10;9933;20;;;9928.0;0.0
yf_BGS_d6;39400;INTARIAN_PEPPER_ROOT;11803;20;11799;14;;;11809;12;11813;10;;;11806.0;0.0
yf_BGS_d6;39500;ASH_COATED_OSMIUM;9925;10;9922;20;;;9931;13;9935;28;;;9928.0;0.0
yf_BGS_d6;39500;INTARIAN_PEPPER_ROOT;11802;10;11799;24;;;11808;18;11811;20;;;11805.0;0.0
yf_BGS_d6;39600;ASH_COATED_OSMIUM;9923;16;9920;16;;;9932;8;9934;28;;;9927.5;0.0
yf_BGS_d6;39600;INTARIAN_PEPPER_ROOT;11795;14;11793;21;;;11813;16;11817;20;;;11804.0;0.0
yf_BGS_d6;39700;ASH_COATED_OSMIUM;9924;20;9920;22;;;9930;16;9933;16;;;9927.0;0.0
yf_BGS_d6;39700;INTARIAN_PEPPER_ROOT;11799;9;11796;26;;;11805;11;11809;20;;;11802.0;0.0
yf_BGS_d6;39800;ASH_COATED_OSMIUM;9924;15;9922;29;;;9930;10;9932;31;;;9927.0;0.0
yf_BGS_d6;39800;INTARIAN_PEPPER_ROOT;11797;7;11794;21;;;11804;19;11808;26;;;11800.5;0.0
yf_BGS_d6;39900;ASH_COATED_OSMIUM;9924;17;9922;19;;;9930;18;9932;14;;;9927.0;0.0
yf_BGS_d6;39900;INTARIAN_PEPPER_ROOT;11796;9;11794;12;;;11802;22;11804;15;;;11799.0;0.0
yf_BGS_d6;40000;ASH_COATED_OSMIUM;9923;12;9920;19;;;9930;23;9932;20;;;9926.5;0.0
yf_BGS_d6;40000;INTARIAN_PEPPER_ROOT;11794;17;11791;23;;;11800;17;11803;14;;;11797.0;0.0
yf_BGS_d6;40100;ASH_COATED_OSMIUM;9924;15;9921;27;;;9930;5;9933;30;;;9927.0;0.0
yf_BGS_d6;40100;INTARIAN_PEPPER_ROOT;11793;16;11791;16;;;11799;19;11803;24;;;11796.0;0.0
yf_BGS_d6;40200;ASH_COATED_OSMIUM;9924;14;9920;15;;;9930;11;9934;23;;;9927.0;0.0
yf_BGS_d6;40200;INTARIAN_PEPPER_ROOT;11780;6;11777;20;;;11809;19;11812;17;;;11794.5;0.0
yf_BGS_d6;40300;ASH_COATED_OSMIUM;9924;18;9920;15;;;9930;17;9933;24;;;9927.0;0.0
yf_BGS_d6;40300;INTARIAN_PEPPER_ROOT;11791;7;11788;26;;;11797;19;11800;23;;;11794.0;0.0
yf_BGS_d6;40400;ASH_COATED_OSMIUM;9924;10;9921;22;;;9930;19;9932;19;;;9927.0;0.0
yf_BGS_d6;40400;INTARIAN_PEPPER_ROOT;11789;26;11787;19;;;11795;15;11798;11;;;11792.0;0.0
yf_BGS_d6;40500;ASH_COATED_OSMIUM;9923;10;9921;30;;;9929;14;9931;23;;;9926.0;0.0
yf_BGS_d6;40500;INTARIAN_PEPPER_ROOT;11784;19;11780;17;;;11798;14;11802;26;;;11791.0;0.0
yf_BGS_d6;40600;ASH_COATED_OSMIUM;9920;7;9916;22;;;9933;18;9936;29;;;9926.5;0.0
yf_BGS_d6;40600;INTARIAN_PEPPER_ROOT;11786;12;11784;18;;;11792;18;11795;29;;;11789.0;0.0
yf_BGS_d6;40700;ASH_COATED_OSMIUM;9923;8;9921;11;;;9929;7;9933;18;;;9926.0;0.0
yf_BGS_d6;40700;INTARIAN_PEPPER_ROOT;11786;12;11784;19;;;11792;20;11796;21;;;11789.0;0.0
yf_BGS_d6;40800;ASH_COATED_OSMIUM;9923;8;9919;21;;;9929;15;9933;22;;;9926.0;0.0
yf_BGS_d6;40800;INTARIAN_PEPPER_ROOT;11784;12;11780;14;;;11790;18;11793;24;;;11787.0;0.0
yf_BGS_d6;40900;ASH_COATED_OSMIUM;9922;22;9919;22;;;9931;15;9934;23;;;9926.5;0.0
yf_BGS_d6;40900;INTARIAN_PEPPER_ROOT;11783;16;11780;17;;;11789;21;11792;14;;;11786.0;0.0
yf_BGS_d6;41000;ASH_COATED_OSMIUM;9921;11;9919;15;;;9931;5;9935;19;;;9926.0;0.0
yf_BGS_d6;41000;INTARIAN_PEPPER_ROOT;11782;18;11778;20;;;11788;12;11792;21;;;11785.0;0.0
yf_BGS_d6;41100;ASH_COATED_OSMIUM;9923;23;9921;15;;;9929;8;9932;24;;;9926.0;0.0
yf_BGS_d6;41100;INTARIAN_PEPPER_ROOT;11780;5;11776;25;;;11786;18;11790;25;;;11783.0;0.0
yf_BGS_d6;41200;ASH_COATED_OSMIUM;9918;17;9915;14;;;9933;8;9935;22;;;9925.5;0.0
yf_BGS_d6;41200;INTARIAN_PEPPER_ROOT;11778;9;11774;11;;;11785;23;11789;12;;;11781.5;0.0
yf_BGS_d6;41300;ASH_COATED_OSMIUM;9923;5;9921;16;;;9929;21;9931;23;;;9926.0;0.0
yf_BGS_d6;41300;INTARIAN_PEPPER_ROOT;11778;17;11776;12;;;11784;5;11788;25;;;11781.0;0.0
yf_BGS_d6;41400;ASH_COATED_OSMIUM;9914;11;9911;23;;;9939;20;9942;20;;;9926.5;0.0
yf_BGS_d6;41400;INTARIAN_PEPPER_ROOT;11761;8;11758;24;;;11798;18;11800;22;;;11779.5;0.0
yf_BGS_d6;41500;ASH_COATED_OSMIUM;9921;15;9918;17;;;9930;15;9933;29;;;9925.5;0.0
yf_BGS_d6;41500;INTARIAN_PEPPER_ROOT;11770;18;11766;25;;;11785;15;11788;19;;;11777.5;0.0
yf_BGS_d6;41600;ASH_COATED_OSMIUM;9922;16;9920;24;;;9931;24;9934;32;;;9926.5;0.0
yf_BGS_d6;41600;INTARIAN_PEPPER_ROOT;11771;11;11768;19;;;11782;11;11786;16;;;11776.5;0.0
yf_BGS_d6;41700;ASH_COATED_OSMIUM;9923;16;9921;23;;;9929;20;9931;18;;;9926.0;0.0
yf_BGS_d6;41700;INTARIAN_PEPPER_ROOT;11772;16;11769;15;;;11778;18;11782;21;;;11775.0;0.0
yf_BGS_d6;41800;ASH_COATED_OSMIUM;9914;11;9910;18;;;9937;20;9940;25;;;9925.5;0.0
yf_BGS_d6;41800;INTARIAN_PEPPER_ROOT;11771;19;11769;19;;;11777;10;11780;23;;;11774.0;0.0
yf_BGS_d6;41900;ASH_COATED_OSMIUM;9923;14;9920;14;;;9929;8;9931;24;;;9926.0;0.0
yf_BGS_d6;41900;INTARIAN_PEPPER_ROOT;11769;14;11765;10;;;11775;7;11777;23;;;11772.0;0.0
yf_BGS_d6;42000;ASH_COATED_OSMIUM;9920;16;9916;14;;;9930;12;9934;20;;;9925.0;0.0
yf_BGS_d6;42000;INTARIAN_PEPPER_ROOT;11769;20;11765;20;;;11775;5;11779;17;;;11772.0;0.0
yf_BGS_d6;42100;ASH_COATED_OSMIUM;9923;13;9920;24;;;9929;12;9932;19;;;9926.0;0.0
yf_BGS_d6;42100;INTARIAN_PEPPER_ROOT;11767;14;11763;30;;;11773;19;11775;22;;;11770.0;0.0
yf_BGS_d6;42200;ASH_COATED_OSMIUM;9922;14;9919;20;;;9928;15;9932;16;;;9925.0;0.0
yf_BGS_d6;42200;INTARIAN_PEPPER_ROOT;11764;10;11760;31;;;11772;25;11774;15;;;11768.0;0.0
yf_BGS_d6;42300;ASH_COATED_OSMIUM;9921;10;9918;15;;;9928;15;9932;19;;;9924.5;0.0
yf_BGS_d6;42300;INTARIAN_PEPPER_ROOT;11764;15;11762;29;;;11770;22;11774;33;;;11767.0;0.0
yf_BGS_d6;42400;ASH_COATED_OSMIUM;9922;15;9919;19;;;9928;12;9932;24;;;9925.0;0.0
yf_BGS_d6;42400;INTARIAN_PEPPER_ROOT;11763;16;11761;21;;;11769;13;11772;23;;;11766.0;0.0
yf_BGS_d6;42500;ASH_COATED_OSMIUM;9923;10;9921;20;;;9929;12;9932;9;;;9926.0;0.0
yf_BGS_d6;42500;INTARIAN_PEPPER_ROOT;11762;13;11759;16;;;11768;10;11770;22;;;11765.0;0.0
yf_BGS_d6;42600;ASH_COATED_OSMIUM;9922;10;9918;13;;;9928;20;9932;16;;;9925.0;0.0
yf_BGS_d6;42600;INTARIAN_PEPPER_ROOT;11760;9;11757;15;;;11766;20;11770;22;;;11763.0;0.0
yf_BGS_d6;42700;ASH_COATED_OSMIUM;9911;18;9908;25;;;9939;23;9942;16;;;9925.0;0.0
yf_BGS_d6;42700;INTARIAN_PEPPER_ROOT;11759;15;11757;29;;;11765;22;11767;26;;;11762.0;0.0
yf_BGS_d6;42800;ASH_COATED_OSMIUM;9922;18;9919;19;;;9928;19;9930;20;;;9925.0;0.0
yf_BGS_d6;42800;INTARIAN_PEPPER_ROOT;11757;17;11755;19;;;11763;13;11765;19;;;11760.0;0.0
yf_BGS_d6;42900;ASH_COATED_OSMIUM;9919;18;9917;21;;;9927;11;9930;19;;;9923.0;0.0
yf_BGS_d6;42900;INTARIAN_PEPPER_ROOT;11756;9;11753;10;;;11762;16;11765;23;;;11759.0;0.0
yf_BGS_d6;43000;ASH_COATED_OSMIUM;9917;23;9915;21;;;9931;11;9935;19;;;9924.0;0.0
yf_BGS_d6;43000;INTARIAN_PEPPER_ROOT;11755;16;11753;10;;;11761;10;11764;20;;;11758.0;0.0
yf_BGS_d6;43100;ASH_COATED_OSMIUM;9922;12;9918;17;;;9928;17;9930;16;;;9925.0;0.0
yf_BGS_d6;43100;INTARIAN_PEPPER_ROOT;11753;11;11750;15;;;11759;7;11762;17;;;11756.0;0.0
yf_BGS_d6;43200;ASH_COATED_OSMIUM;9918;16;9916;19;;;9932;10;9936;14;;;9925.0;0.0
yf_BGS_d6;43200;INTARIAN_PEPPER_ROOT;11752;12;11748;17;;;11758;13;11761;10;;;11755.0;0.0
yf_BGS_d6;43300;ASH_COATED_OSMIUM;9915;13;9911;18;;;9934;18;9936;25;;;9924.5;0.0
yf_BGS_d6;43300;INTARIAN_PEPPER_ROOT;11749;14;11747;22;;;11760;6;11764;28;;;11754.5;0.0
yf_BGS_d6;43400;ASH_COATED_OSMIUM;9921;20;9917;23;;;9927;8;9929;15;;;9924.0;0.0
yf_BGS_d6;43400;INTARIAN_PEPPER_ROOT;11749;15;11745;18;;;11755;18;11757;15;;;11752.0;0.0
yf_BGS_d6;43500;ASH_COATED_OSMIUM;9921;15;9918;24;;;9927;12;9929;9;;;9924.0;0.0
yf_BGS_d6;43500;INTARIAN_PEPPER_ROOT;11748;14;11744;20;;;11754;17;11758;14;;;11751.0;0.0
yf_BGS_d6;43600;ASH_COATED_OSMIUM;9920;18;9918;16;;;9928;22;9932;15;;;9924.0;0.0
yf_BGS_d6;43600;INTARIAN_PEPPER_ROOT;11747;21;11743;11;;;11753;14;11756;23;;;11750.0;0.0
yf_BGS_d6;43700;ASH_COATED_OSMIUM;9897;11;9895;14;;;9950;23;9954;20;;;9923.5;0.0
yf_BGS_d6;43700;INTARIAN_PEPPER_ROOT;11746;9;11744;24;;;11752;10;11755;12;;;11749.0;0.0
yf_BGS_d6;43800;ASH_COATED_OSMIUM;9920;14;9917;16;;;9926;15;9928;24;;;9923.0;0.0
yf_BGS_d6;43800;INTARIAN_PEPPER_ROOT;11745;17;11743;10;;;11751;19;11753;24;;;11748.0;0.0
yf_BGS_d6;43900;ASH_COATED_OSMIUM;9921;21;9919;16;;;9927;13;9930;18;;;9924.0;0.0
yf_BGS_d6;43900;INTARIAN_PEPPER_ROOT;11743;14;11740;18;;;11749;16;11753;19;;;11746.0;0.0
yf_BGS_d6;44000;ASH_COATED_OSMIUM;9921;13;9919;21;;;9927;9;9931;15;;;9924.0;0.0
yf_BGS_d6;44000;INTARIAN_PEPPER_ROOT;11731;13;11728;17;;;11758;7;11762;19;;;11744.5;0.0
yf_BGS_d6;44100;ASH_COATED_OSMIUM;9920;10;9917;17;;;9929;11;9933;15;;;9924.5;0.0
yf_BGS_d6;44100;INTARIAN_PEPPER_ROOT;11734;21;11731;19;;;11752;14;11755;20;;;11743.0;0.0
yf_BGS_d6;44200;ASH_COATED_OSMIUM;9920;12;9918;17;;;9927;14;9930;17;;;9923.5;0.0
yf_BGS_d6;44200;INTARIAN_PEPPER_ROOT;11736;9;11732;17;;;11747;12;11750;20;;;11741.5;0.0
yf_BGS_d6;44300;ASH_COATED_OSMIUM;9917;18;9914;21;;;9929;17;9932;15;;;9923.0;0.0
yf_BGS_d6;44300;INTARIAN_PEPPER_ROOT;11738;15;11735;19;;;11744;12;11747;19;;;11741.0;0.0
yf_BGS_d6;44400;ASH_COATED_OSMIUM;9920;17;9918;26;;;9926;11;9928;11;;;9923.0;0.0
yf_BGS_d6;44400;INTARIAN_PEPPER_ROOT;11725;23;11721;13;;;11753;19;11755;19;;;11739.0;0.0
yf_BGS_d6;44500;ASH_COATED_OSMIUM;9921;15;9917;24;;;9927;6;9931;16;;;9924.0;0.0
yf_BGS_d6;44500;INTARIAN_PEPPER_ROOT;11735;12;11733;22;;;11741;12;11743;16;;;11738.0;0.0
yf_BGS_d6;44600;ASH_COATED_OSMIUM;9909;15;9907;16;;;9938;18;9941;12;;;9923.5;0.0
yf_BGS_d6;44600;INTARIAN_PEPPER_ROOT;11726;13;11722;23;;;11748;18;11752;19;;;11737.0;0.0
yf_BGS_d6;44700;ASH_COATED_OSMIUM;9920;14;9916;21;;;9926;17;9930;13;;;9923.0;0.0
yf_BGS_d6;44700;INTARIAN_PEPPER_ROOT;11731;6;11729;13;;;11740;18;11742;21;;;11735.5;0.0
yf_BGS_d6;44800;ASH_COATED_OSMIUM;9919;15;9917;18;;;9927;11;9931;14;;;9923.0;0.0
yf_BGS_d6;44800;INTARIAN_PEPPER_ROOT;11730;13;11726;22;;;11736;9;11739;22;;;11733.0;0.0
yf_BGS_d6;44900;ASH_COATED_OSMIUM;9920;17;9918;20;;;9926;14;9929;12;;;9923.0;0.0
yf_BGS_d6;44900;INTARIAN_PEPPER_ROOT;11729;18;11726;17;;;11735;11;11738;21;;;11732.0;0.0
yf_BGS_d6;45000;ASH_COATED_OSMIUM;9920;7;9917;11;;;9926;18;9928;27;;;9923.0;0.0
yf_BGS_d6;45000;INTARIAN_PEPPER_ROOT;11728;14;11724;27;;;11734;24;11736;15;;;11731.0;0.0
yf_BGS_d6;45100;ASH_COATED_OSMIUM;9920;8;9917;22;;;9926;7;9930;26;;;9923.0;0.0
yf_BGS_d6;45100;INTARIAN_PEPPER_ROOT;11726;18;11722;19;;;11732;19;11736;8;;;11729.0;0.0
yf_BGS_d6;45200;ASH_COATED_OSMIUM;9916;21;9912;23;;;9930;22;9932;14;;;9923.0;0.0
yf_BGS_d6;45200;INTARIAN_PEPPER_ROOT;11725;13;11723;18;;;11731;18;11733;24;;;11728.0;0.0
yf_BGS_d6;45300;ASH_COATED_OSMIUM;9920;9;9918;28;;;9926;9;9930;8;;;9923.0;0.0
yf_BGS_d6;45300;INTARIAN_PEPPER_ROOT;11724;15;11720;14;;;11730;9;11732;22;;;11727.0;0.0
yf_BGS_d6;45400;ASH_COATED_OSMIUM;9919;17;9916;18;;;9925;22;9927;20;;;9922.0;0.0
yf_BGS_d6;45400;INTARIAN_PEPPER_ROOT;11723;13;11721;25;;;11729;11;11732;31;;;11726.0;0.0
yf_BGS_d6;45500;ASH_COATED_OSMIUM;9919;14;9915;35;;;9925;15;9927;8;;;9922.0;0.0
yf_BGS_d6;45500;INTARIAN_PEPPER_ROOT;11721;20;11718;12;;;11727;8;11731;23;;;11724.0;0.0
yf_BGS_d6;45600;ASH_COATED_OSMIUM;9918;14;9916;8;;;9926;18;9929;16;;;9922.0;0.0
yf_BGS_d6;45600;INTARIAN_PEPPER_ROOT;11720;11;11716;21;;;11726;12;11729;17;;;11723.0;0.0
yf_BGS_d6;45700;ASH_COATED_OSMIUM;9920;21;9918;24;;;9926;21;9929;28;;;9923.0;0.0
yf_BGS_d6;45700;INTARIAN_PEPPER_ROOT;11718;18;11714;16;;;11724;12;11728;12;;;11721.0;0.0
yf_BGS_d6;45800;ASH_COATED_OSMIUM;9918;8;9916;20;;;9925;20;9929;19;;;9921.5;0.0
yf_BGS_d6;45800;INTARIAN_PEPPER_ROOT;11717;6;11715;25;;;11723;13;11727;13;;;11720.0;0.0
yf_BGS_d6;45900;ASH_COATED_OSMIUM;9918;14;9914;16;;;9924;15;9928;19;;;9921.0;0.0
yf_BGS_d6;45900;INTARIAN_PEPPER_ROOT;11716;11;11714;21;;;11723;26;11727;21;;;11719.5;0.0
yf_BGS_d6;46000;ASH_COATED_OSMIUM;9919;15;9916;26;;;9925;10;9928;33;;;9922.0;0.0
yf_BGS_d6;46000;INTARIAN_PEPPER_ROOT;11714;11;11710;22;;;11722;15;11726;27;;;11718.0;0.0
yf_BGS_d6;46100;ASH_COATED_OSMIUM;9917;14;9913;15;;;9927;23;9930;16;;;9922.0;0.0
yf_BGS_d6;46100;INTARIAN_PEPPER_ROOT;11713;7;11709;25;;;11719;15;11723;18;;;11716.0;0.0
yf_BGS_d6;46200;ASH_COATED_OSMIUM;9919;14;9915;18;;;9925;11;9928;13;;;9922.0;0.0
yf_BGS_d6;46200;INTARIAN_PEPPER_ROOT;11704;18;11701;14;;;11726;16;11729;23;;;11715.0;0.0
yf_BGS_d6;46300;ASH_COATED_OSMIUM;9918;13;9915;27;;;9924;14;9927;15;;;9921.0;0.0
yf_BGS_d6;46300;INTARIAN_PEPPER_ROOT;11711;19;11709;18;;;11717;19;11721;24;;;11714.0;0.0
yf_BGS_d6;46400;ASH_COATED_OSMIUM;9919;16;9915;15;;;9925;11;9927;23;;;9922.0;0.0
yf_BGS_d6;46400;INTARIAN_PEPPER_ROOT;11710;23;11707;20;;;11716;14;11719;21;;;11713.0;0.0
yf_BGS_d6;46500;ASH_COATED_OSMIUM;9914;19;9912;15;;;9928;14;9930;26;;;9921.0;0.0
yf_BGS_d6;46500;INTARIAN_PEPPER_ROOT;11708;16;11704;23;;;11714;17;11716;16;;;11711.0;0.0
yf_BGS_d6;46600;ASH_COATED_OSMIUM;9918;13;9916;10;;;9924;13;9926;16;;;9921.0;0.0
yf_BGS_d6;46600;INTARIAN_PEPPER_ROOT;11707;30;11703;19;;;11713;6;11716;21;;;11710.0;0.0
yf_BGS_d6;46700;ASH_COATED_OSMIUM;9918;10;9915;13;;;9924;15;9928;17;;;9921.0;0.0
yf_BGS_d6;46700;INTARIAN_PEPPER_ROOT;11705;15;11703;12;;;11711;17;11714;20;;;11708.0;0.0
yf_BGS_d6;46800;ASH_COATED_OSMIUM;9918;20;9916;26;;;9924;6;9927;18;;;9921.0;0.0
yf_BGS_d6;46800;INTARIAN_PEPPER_ROOT;11703;20;11701;22;;;11710;8;11713;15;;;11706.5;0.0
yf_BGS_d6;46900;ASH_COATED_OSMIUM;9916;11;9914;29;;;9927;14;9929;16;;;9921.5;0.0
yf_BGS_d6;46900;INTARIAN_PEPPER_ROOT;11702;12;11699;23;;;11708;10;11710;28;;;11705.0;0.0
yf_BGS_d6;47000;ASH_COATED_OSMIUM;9918;11;9915;10;;;9924;7;9926;23;;;9921.0;0.0
yf_BGS_d6;47000;INTARIAN_PEPPER_ROOT;11701;15;11698;20;;;11707;22;11711;18;;;11704.0;0.0
yf_BGS_d6;47100;ASH_COATED_OSMIUM;9918;24;9914;11;;;9924;11;9927;20;;;9921.0;0.0
yf_BGS_d6;47100;INTARIAN_PEPPER_ROOT;11696;17;11692;23;;;11708;13;11711;17;;;11702.0;0.0
yf_BGS_d6;47200;ASH_COATED_OSMIUM;9917;7;9913;17;;;9924;18;9928;18;;;9920.5;0.0
yf_BGS_d6;47200;INTARIAN_PEPPER_ROOT;11699;15;11695;13;;;11705;5;11708;19;;;11702.0;0.0
yf_BGS_d6;47300;ASH_COATED_OSMIUM;9910;18;9906;20;;;9932;21;9936;17;;;9921.0;0.0
yf_BGS_d6;47300;INTARIAN_PEPPER_ROOT;11697;10;11695;26;;;11703;19;11706;19;;;11700.0;0.0
yf_BGS_d6;47400;ASH_COATED_OSMIUM;9911;15;9908;25;;;9929;10;9932;18;;;9920.0;0.0
yf_BGS_d6;47400;INTARIAN_PEPPER_ROOT;11691;5;11689;22;;;11708;12;11711;13;;;11699.5;0.0
yf_BGS_d6;47500;ASH_COATED_OSMIUM;9907;19;9904;13;;;9932;15;9935;22;;;9919.5;0.0
yf_BGS_d6;47500;INTARIAN_PEPPER_ROOT;11694;8;11691;20;;;11700;7;11703;26;;;11697.0;0.0
yf_BGS_d6;47600;ASH_COATED_OSMIUM;9916;23;9912;20;;;9926;21;9930;19;;;9921.0;0.0
yf_BGS_d6;47600;INTARIAN_PEPPER_ROOT;11693;19;11690;23;;;11699;12;11703;28;;;11696.0;0.0
yf_BGS_d6;47700;ASH_COATED_OSMIUM;9918;15;9916;12;;;9924;17;9927;11;;;9921.0;0.0
yf_BGS_d6;47700;INTARIAN_PEPPER_ROOT;11691;20;11689;17;;;11699;11;11701;15;;;11695.0;0.0
yf_BGS_d6;47800;ASH_COATED_OSMIUM;9917;21;9915;35;;;9923;24;9925;18;;;9920.0;0.0
yf_BGS_d6;47800;INTARIAN_PEPPER_ROOT;11686;14;11684;15;;;11700;10;11703;17;;;11693.0;0.0
yf_BGS_d6;47900;ASH_COATED_OSMIUM;9916;13;9914;27;;;9925;9;9928;10;;;9920.5;0.0
yf_BGS_d6;47900;INTARIAN_PEPPER_ROOT;11689;8;11687;22;;;11695;18;11698;18;;;11692.0;0.0
yf_BGS_d6;48000;ASH_COATED_OSMIUM;9907;22;9905;12;;;9934;18;9938;21;;;9920.5;0.0
yf_BGS_d6;48000;INTARIAN_PEPPER_ROOT;11686;6;11684;21;;;11695;15;11698;9;;;11690.5;0.0
yf_BGS_d6;48100;ASH_COATED_OSMIUM;9915;14;9913;18;;;9926;21;9929;23;;;9920.5;0.0
yf_BGS_d6;48100;INTARIAN_PEPPER_ROOT;11680;16;11677;23;;;11699;16;11702;19;;;11689.5;0.0
yf_BGS_d6;48200;ASH_COATED_OSMIUM;9917;18;9915;11;;;9923;18;9926;17;;;9920.0;0.0
yf_BGS_d6;48200;INTARIAN_PEPPER_ROOT;11685;19;11683;15;;;11691;12;11694;21;;;11688.0;0.0
yf_BGS_d6;48300;ASH_COATED_OSMIUM;9917;16;9915;19;;;9923;16;9926;14;;;9920.0;0.0
yf_BGS_d6;48300;INTARIAN_PEPPER_ROOT;11684;17;11681;23;;;11690;9;11692;18;;;11687.0;0.0
yf_BGS_d6;48400;ASH_COATED_OSMIUM;9909;5;9906;24;;;9932;16;9936;23;;;9920.5;0.0
yf_BGS_d6;48400;INTARIAN_PEPPER_ROOT;11680;12;11677;16;;;11692;16;11696;14;;;11686.0;0.0
yf_BGS_d6;48500;ASH_COATED_OSMIUM;9916;23;9913;20;;;9922;10;9926;20;;;9919.0;0.0
yf_BGS_d6;48500;INTARIAN_PEPPER_ROOT;11681;19;11677;17;;;11687;12;11691;16;;;11684.0;0.0
yf_BGS_d6;48600;ASH_COATED_OSMIUM;9917;17;9913;15;;;9923;19;9926;24;;;9920.0;0.0
yf_BGS_d6;48600;INTARIAN_PEPPER_ROOT;11680;13;11678;15;;;11686;13;11689;27;;;11683.0;0.0
yf_BGS_d6;48700;ASH_COATED_OSMIUM;9911;14;9908;15;;;9928;9;9930;20;;;9919.5;0.0
yf_BGS_d6;48700;INTARIAN_PEPPER_ROOT;11679;13;11675;21;;;11685;14;11688;12;;;11682.0;0.0
yf_BGS_d6;48800;ASH_COATED_OSMIUM;9916;5;9912;15;;;9922;14;9925;12;;;9919.0;0.0
yf_BGS_d6;48800;INTARIAN_PEPPER_ROOT;11675;5;11671;22;;;11686;23;11689;24;;;11680.5;0.0
yf_BGS_d6;48900;ASH_COATED_OSMIUM;9906;16;9904;22;;;9932;21;9935;15;;;9919.0;0.0
yf_BGS_d6;48900;INTARIAN_PEPPER_ROOT;11672;11;11669;12;;;11687;17;11690;19;;;11679.5;0.0
yf_BGS_d6;49000;ASH_COATED_OSMIUM;9909;17;9907;22;;;9931;5;9934;16;;;9920.0;0.0
yf_BGS_d6;49000;INTARIAN_PEPPER_ROOT;11675;16;11671;19;;;11681;15;11685;21;;;11678.0;0.0
yf_BGS_d6;49100;ASH_COATED_OSMIUM;9915;14;9911;21;;;9923;14;9927;12;;;9919.0;0.0
yf_BGS_d6;49100;INTARIAN_PEPPER_ROOT;11672;23;11670;25;;;11679;19;11682;20;;;11675.5;0.0
yf_BGS_d6;49200;ASH_COATED_OSMIUM;9916;15;9913;19;;;9922;18;9926;20;;;9919.0;0.0
yf_BGS_d6;49200;INTARIAN_PEPPER_ROOT;11672;19;11670;24;;;11678;8;11682;19;;;11675.0;0.0
yf_BGS_d6;49300;ASH_COATED_OSMIUM;9916;14;9914;17;;;9922;13;9924;26;;;9919.0;0.0
yf_BGS_d6;49300;INTARIAN_PEPPER_ROOT;11669;9;11665;20;;;11677;15;11681;22;;;11673.0;0.0
yf_BGS_d6;49400;ASH_COATED_OSMIUM;9907;7;9903;11;;;9931;21;9934;22;;;9919.0;0.0
yf_BGS_d6;49400;INTARIAN_PEPPER_ROOT;11669;24;11665;20;;;11675;21;11679;26;;;11672.0;0.0
yf_BGS_d6;49500;ASH_COATED_OSMIUM;9916;10;9913;17;;;9922;8;9924;18;;;9919.0;0.0
yf_BGS_d6;49500;INTARIAN_PEPPER_ROOT;11668;15;11664;28;;;11674;8;11677;21;;;11671.0;0.0
yf_BGS_d6;49600;ASH_COATED_OSMIUM;9915;21;9912;22;;;9921;13;9925;20;;;9918.0;0.0
yf_BGS_d6;49600;INTARIAN_PEPPER_ROOT;11664;20;11661;19;;;11676;12;11679;9;;;11670.0;0.0
yf_BGS_d6;49700;ASH_COATED_OSMIUM;9916;11;9912;16;;;9922;23;9926;18;;;9919.0;0.0
yf_BGS_d6;49700;INTARIAN_PEPPER_ROOT;11665;15;11663;22;;;11671;16;11675;25;;;11668.0;0.0
yf_BGS_d6;49800;ASH_COATED_OSMIUM;9916;28;9912;23;;;9922;14;9926;28;;;9919.0;0.0
yf_BGS_d6;49800;INTARIAN_PEPPER_ROOT;11662;14;11660;21;;;11672;13;11675;27;;;11667.0;0.0
yf_BGS_d6;49900;ASH_COATED_OSMIUM;9915;10;9911;24;;;9921;17;9925;28;;;9918.0;0.0
yf_BGS_d6;49900;INTARIAN_PEPPER_ROOT;11657;9;11653;13;;;11673;21;11676;19;;;11665.0;0.0
yf_BGS_d6;50000;ASH_COATED_OSMIUM;9915;9;9912;22;;;9921;5;9925;16;;;9918.0;0.0
yf_BGS_d6;50000;INTARIAN_PEPPER_ROOT;11655;17;11653;18;;;11673;19;11677;22;;;11664.0;0.0
yf_BGS_d6;50100;ASH_COATED_OSMIUM;9914;10;9910;10;;;9923;11;9927;30;;;9918.5;0.0
yf_BGS_d6;50100;INTARIAN_PEPPER_ROOT;11660;6;11658;29;;;11666;15;11670;14;;;11663.0;0.0
yf_BGS_d6;50200;ASH_COATED_OSMIUM;9915;15;9911;11;;;9921;14;9925;23;;;9918.0;0.0
yf_BGS_d6;50200;INTARIAN_PEPPER_ROOT;11655;17;11652;23;;;11668;16;11671;19;;;11661.5;0.0
yf_BGS_d6;50300;ASH_COATED_OSMIUM;9905;10;9903;17;;;9931;6;9934;24;;;9918.0;0.0
yf_BGS_d6;50300;INTARIAN_PEPPER_ROOT;11654;11;11651;11;;;11667;19;11669;28;;;11660.5;0.0
yf_BGS_d6;50400;ASH_COATED_OSMIUM;9914;13;9910;27;;;9921;15;9925;22;;;9917.5;0.0
yf_BGS_d6;50400;INTARIAN_PEPPER_ROOT;11656;20;11653;27;;;11662;15;11664;21;;;11659.0;0.0
yf_BGS_d6;50500;ASH_COATED_OSMIUM;9914;13;9911;18;;;9921;14;9925;15;;;9917.5;0.0
yf_BGS_d6;50500;INTARIAN_PEPPER_ROOT;11655;10;11653;21;;;11662;10;11665;28;;;11658.5;0.0
yf_BGS_d6;50600;ASH_COATED_OSMIUM;9915;15;9912;22;;;9921;10;9925;20;;;9918.0;0.0
yf_BGS_d6;50600;INTARIAN_PEPPER_ROOT;11652;20;11649;14;;;11658;6;11661;18;;;11655.0;0.0
yf_BGS_d6;50700;ASH_COATED_OSMIUM;9915;6;9912;20;;;9921;9;9923;19;;;9918.0;0.0
yf_BGS_d6;50700;INTARIAN_PEPPER_ROOT;11652;19;11648;20;;;11658;12;11660;14;;;11655.0;0.0
yf_BGS_d6;50800;ASH_COATED_OSMIUM;9911;16;9907;11;;;9926;14;9928;20;;;9918.5;0.0
yf_BGS_d6;50800;INTARIAN_PEPPER_ROOT;11650;16;11646;20;;;11656;14;11659;12;;;11653.0;0.0
yf_BGS_d6;50900;ASH_COATED_OSMIUM;9915;23;9913;12;;;9921;19;9923;23;;;9918.0;0.0
yf_BGS_d6;50900;INTARIAN_PEPPER_ROOT;11649;10;11645;17;;;11655;16;11659;30;;;11652.0;0.0
yf_BGS_d6;51000;ASH_COATED_OSMIUM;9915;18;9911;26;;;9921;13;9923;14;;;9918.0;0.0
yf_BGS_d6;51000;INTARIAN_PEPPER_ROOT;11649;13;11645;20;;;11655;18;11658;27;;;11652.0;0.0
yf_BGS_d6;51100;ASH_COATED_OSMIUM;9915;10;9913;13;;;9921;19;9925;26;;;9918.0;0.0
yf_BGS_d6;51100;INTARIAN_PEPPER_ROOT;11647;16;11644;22;;;11656;15;11659;15;;;11651.5;0.0
yf_BGS_d6;51200;ASH_COATED_OSMIUM;9915;20;9913;26;;;9921;17;9923;30;;;9918.0;0.0
yf_BGS_d6;51200;INTARIAN_PEPPER_ROOT;11648;14;11645;20;;;11654;6;11656;10;;;11651.0;0.0
yf_BGS_d6;51300;ASH_COATED_OSMIUM;9915;5;9912;24;;;9921;11;9924;20;;;9918.0;0.0
yf_BGS_d6;51300;INTARIAN_PEPPER_ROOT;11645;12;11643;18;;;11656;15;11660;15;;;11650.5;0.0
yf_BGS_d6;51400;ASH_COATED_OSMIUM;9915;12;9912;27;;;9921;21;9925;28;;;9918.0;0.0
yf_BGS_d6;51400;INTARIAN_PEPPER_ROOT;11646;12;11644;19;;;11652;15;11655;14;;;11649.0;0.0
yf_BGS_d6;51500;ASH_COATED_OSMIUM;9912;20;9910;16;;;9925;25;9927;17;;;9918.5;0.0
yf_BGS_d6;51500;INTARIAN_PEPPER_ROOT;11645;18;11642;19;;;11652;9;11654;14;;;11648.5;0.0
yf_BGS_d6;51600;ASH_COATED_OSMIUM;9915;15;9911;23;;;9921;14;9924;21;;;9918.0;0.0
yf_BGS_d6;51600;INTARIAN_PEPPER_ROOT;11645;7;11643;31;;;11651;16;11654;25;;;11648.0;0.0
yf_BGS_d6;51700;ASH_COATED_OSMIUM;9913;13;9911;15;;;9922;11;9924;17;;;9917.5;0.0
yf_BGS_d6;51700;INTARIAN_PEPPER_ROOT;11644;18;11640;21;;;11650;17;11653;32;;;11647.0;0.0
yf_BGS_d6;51800;ASH_COATED_OSMIUM;9914;16;9910;15;;;9920;10;9923;24;;;9917.0;0.0
yf_BGS_d6;51800;INTARIAN_PEPPER_ROOT;11644;16;11641;16;;;11650;6;11654;19;;;11647.0;0.0
yf_BGS_d6;51900;ASH_COATED_OSMIUM;9909;17;9907;18;;;9927;12;9930;23;;;9918.0;0.0
yf_BGS_d6;51900;INTARIAN_PEPPER_ROOT;11643;5;11641;26;;;11649;10;11652;35;;;11646.0;0.0
yf_BGS_d6;52000;ASH_COATED_OSMIUM;9915;11;9911;22;;;9921;17;9924;17;;;9918.0;0.0
yf_BGS_d6;52000;INTARIAN_PEPPER_ROOT;11638;14;11635;18;;;11653;14;11655;16;;;11645.5;0.0
yf_BGS_d6;52100;ASH_COATED_OSMIUM;9915;17;9911;13;;;9921;16;9924;24;;;9918.0;0.0
yf_BGS_d6;52100;INTARIAN_PEPPER_ROOT;11642;20;11639;15;;;11648;16;11652;16;;;11645.0;0.0
yf_BGS_d6;52200;ASH_COATED_OSMIUM;9913;15;9911;17;;;9924;12;9927;20;;;9918.5;0.0
yf_BGS_d6;52200;INTARIAN_PEPPER_ROOT;11642;16;11640;23;;;11648;11;11651;23;;;11645.0;0.0
yf_BGS_d6;52300;ASH_COATED_OSMIUM;9915;20;9913;19;;;9921;12;9923;19;;;9918.0;0.0
yf_BGS_d6;52300;INTARIAN_PEPPER_ROOT;11641;12;11638;18;;;11647;12;11650;12;;;11644.0;0.0
yf_BGS_d6;52400;ASH_COATED_OSMIUM;9914;11;9912;15;;;9920;12;9924;16;;;9917.0;0.0
yf_BGS_d6;52400;INTARIAN_PEPPER_ROOT;11639;10;11637;18;;;11648;21;11650;22;;;11643.5;0.0
yf_BGS_d6;52500;ASH_COATED_OSMIUM;9915;17;9911;12;;;9921;7;9923;21;;;9918.0;0.0
yf_BGS_d6;52500;INTARIAN_PEPPER_ROOT;11624;8;11620;32;;;11661;14;11664;23;;;11642.5;0.0
yf_BGS_d6;52600;ASH_COATED_OSMIUM;9915;16;9912;18;;;9921;14;9925;14;;;9918.0;0.0
yf_BGS_d6;52600;INTARIAN_PEPPER_ROOT;11637;9;11634;12;;;11646;21;11649;19;;;11641.5;0.0
yf_BGS_d6;52700;ASH_COATED_OSMIUM;9915;19;9911;24;;;9922;22;9924;22;;;9918.5;0.0
yf_BGS_d6;52700;INTARIAN_PEPPER_ROOT;11638;7;11634;14;;;11645;16;11648;21;;;11641.5;0.0
yf_BGS_d6;52800;ASH_COATED_OSMIUM;9910;8;9906;23;;;9927;13;9931;14;;;9918.5;0.0
yf_BGS_d6;52800;INTARIAN_PEPPER_ROOT;11637;17;11633;28;;;11643;17;11646;12;;;11640.0;0.0
yf_BGS_d6;52900;ASH_COATED_OSMIUM;9915;24;9913;14;;;9921;9;9925;23;;;9918.0;0.0
yf_BGS_d6;52900;INTARIAN_PEPPER_ROOT;11630;10;11626;20;;;11649;13;11652;22;;;11639.5;0.0
yf_BGS_d6;53000;ASH_COATED_OSMIUM;9909;18;9907;24;;;9926;16;9929;22;;;9917.5;0.0
yf_BGS_d6;53000;INTARIAN_PEPPER_ROOT;11629;15;11626;19;;;11650;9;11652;21;;;11639.5;0.0
yf_BGS_d6;53100;ASH_COATED_OSMIUM;9914;14;9911;25;;;9923;11;9927;24;;;9918.5;0.0
yf_BGS_d6;53100;INTARIAN_PEPPER_ROOT;11636;10;11632;23;;;11642;11;11645;11;;;11639.0;0.0
yf_BGS_d6;53200;ASH_COATED_OSMIUM;9912;19;9910;19;;;9923;9;9927;15;;;9917.5;0.0
yf_BGS_d6;53200;INTARIAN_PEPPER_ROOT;11635;14;11632;11;;;11641;9;11645;16;;;11638.0;0.0
yf_BGS_d6;53300;ASH_COATED_OSMIUM;9915;23;9913;18;;;9921;9;9924;27;;;9918.0;0.0
yf_BGS_d6;53300;INTARIAN_PEPPER_ROOT;11634;13;11632;12;;;11640;8;11644;22;;;11637.0;0.0
yf_BGS_d6;53400;ASH_COATED_OSMIUM;9915;7;9911;16;;;9921;7;9924;14;;;9918.0;0.0
yf_BGS_d6;53400;INTARIAN_PEPPER_ROOT;11631;18;11628;30;;;11642;16;11644;17;;;11636.5;0.0
yf_BGS_d6;53500;ASH_COATED_OSMIUM;9915;13;9912;11;;;9921;13;9924;27;;;9918.0;0.0
yf_BGS_d6;53500;INTARIAN_PEPPER_ROOT;11633;21;11630;22;;;11639;5;11641;17;;;11636.0;0.0
yf_BGS_d6;53600;ASH_COATED_OSMIUM;9908;7;9905;14;;;9928;20;9931;8;;;9918.0;0.0
yf_BGS_d6;53600;INTARIAN_PEPPER_ROOT;11632;23;11629;16;;;11638;5;11642;19;;;11635.0;0.0
yf_BGS_d6;53700;ASH_COATED_OSMIUM;9915;9;9911;24;;;9921;15;9923;13;;;9918.0;0.0
yf_BGS_d6;53700;INTARIAN_PEPPER_ROOT;11628;17;11625;22;;;11642;5;11645;20;;;11635.0;0.0
yf_BGS_d6;53800;ASH_COATED_OSMIUM;9915;13;9912;22;;;9921;10;9925;20;;;9918.0;0.0
yf_BGS_d6;53800;INTARIAN_PEPPER_ROOT;11631;10;11627;17;;;11637;12;11639;19;;;11634.0;0.0
yf_BGS_d6;53900;ASH_COATED_OSMIUM;9915;22;9913;26;;;9921;12;9924;17;;;9918.0;0.0
yf_BGS_d6;53900;INTARIAN_PEPPER_ROOT;11630;12;11627;19;;;11636;8;11639;22;;;11633.0;0.0
yf_BGS_d6;54000;ASH_COATED_OSMIUM;9914;11;9911;12;;;9920;17;9922;23;;;9917.0;0.0
yf_BGS_d6;54000;INTARIAN_PEPPER_ROOT;11628;17;11625;15;;;11637;9;11639;16;;;11632.5;0.0
yf_BGS_d6;54100;ASH_COATED_OSMIUM;9915;8;9911;24;;;9921;11;9924;17;;;9918.0;0.0
yf_BGS_d6;54100;INTARIAN_PEPPER_ROOT;11629;9;11625;29;;;11635;16;11638;22;;;11632.0;0.0
yf_BGS_d6;54200;ASH_COATED_OSMIUM;9915;19;9913;27;;;9921;17;9924;20;;;9918.0;0.0
yf_BGS_d6;54200;INTARIAN_PEPPER_ROOT;11629;12;11625;12;;;11635;16;11639;16;;;11632.0;0.0
yf_BGS_d6;54300;ASH_COATED_OSMIUM;9915;12;9913;21;;;9921;18;9923;19;;;9918.0;0.0
yf_BGS_d6;54300;INTARIAN_PEPPER_ROOT;11628;25;11625;18;;;11634;9;11638;16;;;11631.0;0.0
yf_BGS_d6;54400;ASH_COATED_OSMIUM;9915;12;9913;24;;;9921;16;9924;24;;;9918.0;0.0
yf_BGS_d6;54400;INTARIAN_PEPPER_ROOT;11623;12;11619;20;;;11638;5;11640;21;;;11630.5;0.0
yf_BGS_d6;54500;ASH_COATED_OSMIUM;9915;30;9913;25;;;9922;17;9925;21;;;9918.5;0.0
yf_BGS_d6;54500;INTARIAN_PEPPER_ROOT;11619;12;11615;20;;;11640;13;11643;18;;;11629.5;0.0
yf_BGS_d6;54600;ASH_COATED_OSMIUM;9914;12;9911;14;;;9923;17;9927;20;;;9918.5;0.0
yf_BGS_d6;54600;INTARIAN_PEPPER_ROOT;11626;12;11622;13;;;11632;12;11634;26;;;11629.0;0.0
yf_BGS_d6;54700;ASH_COATED_OSMIUM;9910;10;9908;18;;;9925;10;9928;25;;;9917.5;0.0
yf_BGS_d6;54700;INTARIAN_PEPPER_ROOT;11625;21;11623;12;;;11631;19;11635;18;;;11628.0;0.0
yf_BGS_d6;54800;ASH_COATED_OSMIUM;9914;18;9911;21;;;9921;13;9923;24;;;9917.5;0.0
yf_BGS_d6;54800;INTARIAN_PEPPER_ROOT;11625;16;11623;15;;;11631;17;11633;25;;;11628.0;0.0
yf_BGS_d6;54900;ASH_COATED_OSMIUM;9915;11;9912;22;;;9921;5;9923;27;;;9918.0;0.0
yf_BGS_d6;54900;INTARIAN_PEPPER_ROOT;11624;18;11622;17;;;11631;5;11634;20;;;11627.5;0.0
yf_BGS_d6;55000;ASH_COATED_OSMIUM;9914;12;9912;24;;;9923;10;9926;16;;;9918.5;0.0
yf_BGS_d6;55000;INTARIAN_PEPPER_ROOT;11624;12;11622;27;;;11630;8;11632;18;;;11627.0;0.0
yf_BGS_d6;55100;ASH_COATED_OSMIUM;9915;15;9913;20;;;9921;15;9925;19;;;9918.0;0.0
yf_BGS_d6;55100;INTARIAN_PEPPER_ROOT;11623;12;11619;23;;;11629;13;11632;11;;;11626.0;0.0
yf_BGS_d6;55200;ASH_COATED_OSMIUM;9916;13;9914;15;;;9922;16;9926;26;;;9919.0;0.0
yf_BGS_d6;55200;INTARIAN_PEPPER_ROOT;11622;23;11619;29;;;11628;12;11632;21;;;11625.0;0.0
yf_BGS_d6;55300;ASH_COATED_OSMIUM;9915;10;9912;21;;;9921;14;9923;19;;;9918.0;0.0
yf_BGS_d6;55300;INTARIAN_PEPPER_ROOT;11622;22;11618;20;;;11629;16;11632;24;;;11625.5;0.0
yf_BGS_d6;55400;ASH_COATED_OSMIUM;9911;23;9909;27;;;9924;19;9927;18;;;9917.5;0.0
yf_BGS_d6;55400;INTARIAN_PEPPER_ROOT;11621;12;11617;15;;;11627;14;11631;26;;;11624.0;0.0
yf_BGS_d6;55500;ASH_COATED_OSMIUM;9894;14;9892;19;;;9942;11;9945;26;;;9918.0;0.0
yf_BGS_d6;55500;INTARIAN_PEPPER_ROOT;11620;22;11618;22;;;11626;5;11630;19;;;11623.0;0.0
yf_BGS_d6;55600;ASH_COATED_OSMIUM;9915;13;9913;21;;;9921;18;9923;21;;;9918.0;0.0
yf_BGS_d6;55600;INTARIAN_PEPPER_ROOT;11619;20;11617;14;;;11627;10;11629;20;;;11623.0;0.0
yf_BGS_d6;55700;ASH_COATED_OSMIUM;9916;15;9912;8;;;9922;11;9924;20;;;9919.0;0.0
yf_BGS_d6;55700;INTARIAN_PEPPER_ROOT;11619;8;11616;19;;;11625;17;11629;24;;;11622.0;0.0
yf_BGS_d6;55800;ASH_COATED_OSMIUM;9914;12;9912;21;;;9923;18;9927;9;;;9918.5;0.0
yf_BGS_d6;55800;INTARIAN_PEPPER_ROOT;11618;10;11616;22;;;11624;17;11628;19;;;11621.0;0.0
yf_BGS_d6;55900;ASH_COATED_OSMIUM;9915;12;9913;18;;;9921;15;9924;19;;;9918.0;0.0
yf_BGS_d6;55900;INTARIAN_PEPPER_ROOT;11613;6;11609;16;;;11628;11;11630;26;;;11620.5;0.0
yf_BGS_d6;56000;ASH_COATED_OSMIUM;9907;18;9903;10;;;9929;15;9932;19;;;9918.0;0.0
yf_BGS_d6;56000;INTARIAN_PEPPER_ROOT;11616;20;11614;18;;;11624;7;11628;21;;;11620.0;0.0
yf_BGS_d6;56100;ASH_COATED_OSMIUM;9913;21;9911;18;;;9923;13;9927;25;;;9918.0;0.0
yf_BGS_d6;56100;INTARIAN_PEPPER_ROOT;11617;17;11615;26;;;11623;19;11625;19;;;11620.0;0.0
yf_BGS_d6;56200;ASH_COATED_OSMIUM;9915;19;9912;21;;;9921;14;9925;27;;;9918.0;0.0
yf_BGS_d6;56200;INTARIAN_PEPPER_ROOT;11610;15;11608;19;;;11629;20;11631;16;;;11619.5;0.0
yf_BGS_d6;56300;ASH_COATED_OSMIUM;9914;17;9911;20;;;9922;7;9926;25;;;9918.0;0.0
yf_BGS_d6;56300;INTARIAN_PEPPER_ROOT;11596;20;11594;17;;;11640;8;11643;17;;;11618.0;0.0
yf_BGS_d6;56400;ASH_COATED_OSMIUM;9909;14;9905;14;;;9926;25;9929;16;;;9917.5;0.0
yf_BGS_d6;56400;INTARIAN_PEPPER_ROOT;11611;22;11607;20;;;11625;17;11627;19;;;11618.0;0.0
yf_BGS_d6;56500;ASH_COATED_OSMIUM;9916;15;9912;22;;;9922;25;9925;15;;;9919.0;0.0
yf_BGS_d6;56500;INTARIAN_PEPPER_ROOT;11615;15;11611;16;;;11621;11;11623;10;;;11618.0;0.0
yf_BGS_d6;56600;ASH_COATED_OSMIUM;9905;17;9901;25;;;9931;10;9933;22;;;9918.0;0.0
yf_BGS_d6;56600;INTARIAN_PEPPER_ROOT;11610;19;11608;22;;;11623;15;11625;22;;;11616.5;0.0
yf_BGS_d6;56700;ASH_COATED_OSMIUM;9916;20;9912;15;;;9922;16;9925;26;;;9919.0;0.0
yf_BGS_d6;56700;INTARIAN_PEPPER_ROOT;11613;19;11610;27;;;11619;6;11621;14;;;11616.0;0.0
yf_BGS_d6;56800;ASH_COATED_OSMIUM;9915;13;9912;22;;;9921;23;9923;13;;;9918.0;0.0
yf_BGS_d6;56800;INTARIAN_PEPPER_ROOT;11612;13;11610;21;;;11618;12;11622;10;;;11615.0;0.0
yf_BGS_d6;56900;ASH_COATED_OSMIUM;9914;16;9910;23;;;9922;18;9924;22;;;9918.0;0.0
yf_BGS_d6;56900;INTARIAN_PEPPER_ROOT;11612;7;11608;17;;;11618;23;11621;15;;;11615.0;0.0
yf_BGS_d6;57000;ASH_COATED_OSMIUM;9909;20;9905;24;;;9927;8;9931;11;;;9918.0;0.0
yf_BGS_d6;57000;INTARIAN_PEPPER_ROOT;11605;15;11602;15;;;11623;15;11627;21;;;11614.0;0.0
yf_BGS_d6;57100;ASH_COATED_OSMIUM;9915;5;9913;17;;;9921;18;9925;15;;;9918.0;0.0
yf_BGS_d6;57100;INTARIAN_PEPPER_ROOT;11610;19;11607;20;;;11616;17;11620;18;;;11613.0;0.0
yf_BGS_d6;57200;ASH_COATED_OSMIUM;9914;19;9912;26;;;9922;17;9924;21;;;9918.0;0.0
yf_BGS_d6;57200;INTARIAN_PEPPER_ROOT;11609;20;11605;17;;;11618;8;11621;16;;;11613.5;0.0
yf_BGS_d6;57300;ASH_COATED_OSMIUM;9914;13;9911;14;;;9924;8;9927;25;;;9919.0;0.0
yf_BGS_d6;57300;INTARIAN_PEPPER_ROOT;11609;22;11606;22;;;11615;23;11618;23;;;11612.0;0.0
yf_BGS_d6;57400;ASH_COATED_OSMIUM;9913;25;9910;25;;;9923;11;9926;15;;;9918.0;0.0
yf_BGS_d6;57400;INTARIAN_PEPPER_ROOT;11593;14;11591;15;;;11630;10;11632;17;;;11611.5;0.0
yf_BGS_d6;57500;ASH_COATED_OSMIUM;9913;12;9910;16;;;9925;17;9929;20;;;9919.0;0.0
yf_BGS_d6;57500;INTARIAN_PEPPER_ROOT;11600;12;11598;9;;;11621;7;11624;16;;;11610.5;0.0
yf_BGS_d6;57600;ASH_COATED_OSMIUM;9915;11;9912;16;;;9921;9;9923;14;;;9918.0;0.0
yf_BGS_d6;57600;INTARIAN_PEPPER_ROOT;11604;17;11601;14;;;11616;13;11618;21;;;11610.0;0.0
yf_BGS_d6;57700;ASH_COATED_OSMIUM;9915;16;9911;11;;;9921;16;9924;24;;;9918.0;0.0
yf_BGS_d6;57700;INTARIAN_PEPPER_ROOT;11607;17;11604;14;;;11613;23;11617;34;;;11610.0;0.0
yf_BGS_d6;57800;ASH_COATED_OSMIUM;9906;9;9902;13;;;9931;14;9934;16;;;9918.5;0.0
yf_BGS_d6;57800;INTARIAN_PEPPER_ROOT;11606;12;11603;8;;;11612;14;11614;18;;;11609.0;0.0
yf_BGS_d6;57900;ASH_COATED_OSMIUM;9909;21;9907;23;;;9929;10;9932;21;;;9919.0;0.0
yf_BGS_d6;57900;INTARIAN_PEPPER_ROOT;11602;23;11600;10;;;11613;21;11617;14;;;11607.5;0.0
yf_BGS_d6;58000;ASH_COATED_OSMIUM;9915;22;9912;23;;;9921;5;9925;23;;;9918.0;0.0
yf_BGS_d6;58000;INTARIAN_PEPPER_ROOT;11605;21;11603;21;;;11611;13;11615;26;;;11608.0;0.0
yf_BGS_d6;58100;ASH_COATED_OSMIUM;9915;9;9911;23;;;9921;10;9924;21;;;9918.0;0.0
yf_BGS_d6;58100;INTARIAN_PEPPER_ROOT;11604;22;11600;17;;;11610;11;11614;24;;;11607.0;0.0
yf_BGS_d6;58200;ASH_COATED_OSMIUM;9915;19;9913;24;;;9921;17;9923;19;;;9918.0;0.0
yf_BGS_d6;58200;INTARIAN_PEPPER_ROOT;11603;17;11599;22;;;11610;23;11614;18;;;11606.5;0.0
yf_BGS_d6;58300;ASH_COATED_OSMIUM;9915;19;9911;20;;;9921;9;9923;13;;;9918.0;0.0
yf_BGS_d6;58300;INTARIAN_PEPPER_ROOT;11600;8;11596;20;;;11611;18;11615;23;;;11605.5;0.0
yf_BGS_d6;58400;ASH_COATED_OSMIUM;9915;13;9911;19;;;9921;19;9923;17;;;9918.0;0.0
yf_BGS_d6;58400;INTARIAN_PEPPER_ROOT;11602;23;11600;21;;;11608;19;11611;15;;;11605.0;0.0
yf_BGS_d6;58500;ASH_COATED_OSMIUM;9913;12;9910;17;;;9924;10;9928;17;;;9918.5;0.0
yf_BGS_d6;58500;INTARIAN_PEPPER_ROOT;11600;20;11596;24;;;11609;14;11612;27;;;11604.5;0.0
yf_BGS_d6;58600;ASH_COATED_OSMIUM;9914;15;9911;21;;;9922;14;9925;21;;;9918.0;0.0
yf_BGS_d6;58600;INTARIAN_PEPPER_ROOT;11601;10;11597;13;;;11607;22;11610;25;;;11604.0;0.0
yf_BGS_d6;58700;ASH_COATED_OSMIUM;9909;20;9907;22;;;9926;7;9929;25;;;9917.5;0.0
yf_BGS_d6;58700;INTARIAN_PEPPER_ROOT;11598;10;11595;25;;;11609;15;11611;12;;;11603.5;0.0
yf_BGS_d6;58800;ASH_COATED_OSMIUM;9912;18;9909;25;;;9925;21;9929;8;;;9918.5;0.0
yf_BGS_d6;58800;INTARIAN_PEPPER_ROOT;11586;27;11583;19;;;11619;16;11622;21;;;11602.5;0.0
yf_BGS_d6;58900;ASH_COATED_OSMIUM;9914;9;9912;15;;;9922;20;9924;22;;;9918.0;0.0
yf_BGS_d6;58900;INTARIAN_PEPPER_ROOT;11598;17;11595;22;;;11606;19;11610;22;;;11602.0;0.0
yf_BGS_d6;59000;ASH_COATED_OSMIUM;9916;17;9913;20;;;9922;21;9924;18;;;9919.0;0.0
