day;timestamp;product;bid_price_1;bid_volume_1;bid_price_2;bid_volume_2;bid_price_3;bid_volume_3;ask_price_1;ask_volume_1;ask_price_2;ask_volume_2;ask_price_3;ask_volume_3;mid_price;profit_and_loss
yf_ZS=F_d11;0;ASH_COATED_OSMIUM;9931;16;9929;16;;;9937;9;9939;22;;;9934.0;0.0
yf_ZS=F_d11;0;INTARIAN_PEPPER_ROOT;9997;10;9994;27;;;10003;14;10005;23;;;10000.0;0.0
yf_ZS=F_d11;100;ASH_COATED_OSMIUM;9928;6;9924;26;;;9939;17;9942;21;;;9933.5;0.0
yf_ZS=F_d11;100;INTARIAN_PEPPER_ROOT;10000;5;9998;18;;;10006;8;10008;13;;;10003.0;0.0
yf_ZS=F_d11;200;ASH_COATED_OSMIUM;9930;14;9928;21;;;9936;26;9938;18;;;9933.0;0.0
yf_ZS=F_d11;200;INTARIAN_PEPPER_ROOT;10000;11;9996;20;;;10012;12;10014;26;;;10006.0;0.0
yf_ZS=F_d11;300;ASH_COATED_OSMIUM;9917;11;9914;17;;;9949;17;9952;21;;;9933.0;0.0
yf_ZS=F_d11;300;INTARIAN_PEPPER_ROOT;10005;11;10001;23;;;10011;17;10014;35;;;10008.0;0.0
yf_ZS=F_d11;400;ASH_COATED_OSMIUM;9931;14;9929;26;;;9937;15;9941;24;;;9934.0;0.0
yf_ZS=F_d11;400;INTARIAN_PEPPER_ROOT;10006;15;10004;21;;;10016;15;10020;20;;;10011.0;0.0
yf_ZS=F_d11;500;ASH_COATED_OSMIUM;9930;13;9926;9;;;9936;14;9939;28;;;9933.0;0.0
yf_ZS=F_d11;500;INTARIAN_PEPPER_ROOT;10012;6;10009;16;;;10018;10;10020;15;;;10015.0;0.0
yf_ZS=F_d11;600;ASH_COATED_OSMIUM;9930;11;9926;20;;;9937;18;9940;17;;;9933.5;0.0
yf_ZS=F_d11;600;INTARIAN_PEPPER_ROOT;10014;17;10012;27;;;10020;19;10024;15;;;10017.0;0.0
yf_ZS=F_d11;700;ASH_COATED_OSMIUM;9927;20;9923;16;;;9940;20;9943;23;;;9933.5;0.0
yf_ZS=F_d11;700;INTARIAN_PEPPER_ROOT;10018;19;10014;25;;;10024;17;10028;16;;;10021.0;0.0
yf_ZS=F_d11;800;ASH_COATED_OSMIUM;9930;20;9927;18;;;9936;6;9940;19;;;9933.0;0.0
yf_ZS=F_d11;800;INTARIAN_PEPPER_ROOT;10010;13;10008;20;;;10039;15;10042;19;;;10024.5;0.0
yf_ZS=F_d11;900;ASH_COATED_OSMIUM;9928;27;9924;24;;;9940;20;9942;21;;;9934.0;0.0
yf_ZS=F_d11;900;INTARIAN_PEPPER_ROOT;10024;11;10021;14;;;10030;17;10032;14;;;10027.0;0.0
yf_ZS=F_d11;1000;ASH_COATED_OSMIUM;9930;15;9928;17;;;9936;17;9938;30;;;9933.0;0.0
yf_ZS=F_d11;1000;INTARIAN_PEPPER_ROOT;10027;15;10025;17;;;10033;11;10036;15;;;10030.0;0.0
yf_ZS=F_d11;1100;ASH_COATED_OSMIUM;9930;20;9927;22;;;9936;14;9938;19;;;9933.0;0.0
yf_ZS=F_d11;1100;INTARIAN_PEPPER_ROOT;10029;15;10026;20;;;10035;20;10037;28;;;10032.0;0.0
yf_ZS=F_d11;1200;ASH_COATED_OSMIUM;9930;26;9927;25;;;9936;19;9939;26;;;9933.0;0.0
yf_ZS=F_d11;1200;INTARIAN_PEPPER_ROOT;10028;17;10025;29;;;10044;10;10048;15;;;10036.0;0.0
yf_ZS=F_d11;1300;ASH_COATED_OSMIUM;9930;16;9927;23;;;9936;19;9939;22;;;9933.0;0.0
yf_ZS=F_d11;1300;INTARIAN_PEPPER_ROOT;10036;13;10033;22;;;10042;21;10044;21;;;10039.0;0.0
yf_ZS=F_d11;1400;ASH_COATED_OSMIUM;9930;8;9927;20;;;9936;12;9939;25;;;9933.0;0.0
yf_ZS=F_d11;1400;INTARIAN_PEPPER_ROOT;10039;22;10037;22;;;10045;7;10047;21;;;10042.0;0.0
yf_ZS=F_d11;1500;ASH_COATED_OSMIUM;9927;12;9924;24;;;9940;8;9944;17;;;9933.5;0.0
yf_ZS=F_d11;1500;INTARIAN_PEPPER_ROOT;10036;24;10034;14;;;10055;14;10058;24;;;10045.5;0.0
yf_ZS=F_d11;1600;ASH_COATED_OSMIUM;9930;8;9926;16;;;9936;16;9939;16;;;9933.0;0.0
yf_ZS=F_d11;1600;INTARIAN_PEPPER_ROOT;10045;12;10041;23;;;10051;7;10054;17;;;10048.0;0.0
yf_ZS=F_d11;1700;ASH_COATED_OSMIUM;9926;20;9923;16;;;9941;22;9943;21;;;9933.5;0.0
yf_ZS=F_d11;1700;INTARIAN_PEPPER_ROOT;10048;18;10046;32;;;10054;6;10057;24;;;10051.0;0.0
yf_ZS=F_d11;1800;ASH_COATED_OSMIUM;9929;10;9925;20;;;9935;26;9937;15;;;9932.0;0.0
yf_ZS=F_d11;1800;INTARIAN_PEPPER_ROOT;10051;5;10048;20;;;10057;19;10060;20;;;10054.0;0.0
yf_ZS=F_d11;1900;ASH_COATED_OSMIUM;9930;19;9928;21;;;9936;14;9940;16;;;9933.0;0.0
yf_ZS=F_d11;1900;INTARIAN_PEPPER_ROOT;10046;15;10044;21;;;10067;21;10070;22;;;10056.5;0.0
yf_ZS=F_d11;2000;ASH_COATED_OSMIUM;9930;20;9927;23;;;9936;19;9938;21;;;9933.0;0.0
yf_ZS=F_d11;2000;INTARIAN_PEPPER_ROOT;10057;14;10054;18;;;10063;20;10066;17;;;10060.0;0.0
yf_ZS=F_d11;2100;ASH_COATED_OSMIUM;9930;11;9927;21;;;9936;17;9940;15;;;9933.0;0.0
yf_ZS=F_d11;2100;INTARIAN_PEPPER_ROOT;10059;18;10057;18;;;10067;13;10070;19;;;10063.0;0.0
yf_ZS=F_d11;2200;ASH_COATED_OSMIUM;9927;23;9923;14;;;9937;21;9940;14;;;9932.0;0.0
yf_ZS=F_d11;2200;INTARIAN_PEPPER_ROOT;10049;17;10046;17;;;10083;15;10085;24;;;10066.0;0.0
yf_ZS=F_d11;2300;ASH_COATED_OSMIUM;9921;18;9918;21;;;9943;17;9945;19;;;9932.0;0.0
yf_ZS=F_d11;2300;INTARIAN_PEPPER_ROOT;10066;8;10063;22;;;10072;14;10074;25;;;10069.0;0.0
yf_ZS=F_d11;2400;ASH_COATED_OSMIUM;9930;17;9927;26;;;9936;15;9938;16;;;9933.0;0.0
yf_ZS=F_d11;2400;INTARIAN_PEPPER_ROOT;10070;15;10067;14;;;10076;6;10078;10;;;10073.0;0.0
yf_ZS=F_d11;2500;ASH_COATED_OSMIUM;9925;13;9921;25;;;9940;12;9942;12;;;9932.5;0.0
yf_ZS=F_d11;2500;INTARIAN_PEPPER_ROOT;10072;19;10069;17;;;10078;16;10081;15;;;10075.0;0.0
yf_ZS=F_d11;2600;ASH_COATED_OSMIUM;9923;13;9920;28;;;9940;18;9943;16;;;9931.5;0.0
yf_ZS=F_d11;2600;INTARIAN_PEPPER_ROOT;10075;22;10072;25;;;10081;24;10083;32;;;10078.0;0.0
yf_ZS=F_d11;2700;ASH_COATED_OSMIUM;9929;21;9927;14;;;9935;14;9938;14;;;9932.0;0.0
yf_ZS=F_d11;2700;INTARIAN_PEPPER_ROOT;10078;15;10074;29;;;10084;17;10087;20;;;10081.0;0.0
yf_ZS=F_d11;2800;ASH_COATED_OSMIUM;9929;17;9925;25;;;9935;13;9938;25;;;9932.0;0.0
yf_ZS=F_d11;2800;INTARIAN_PEPPER_ROOT;10081;15;10079;16;;;10087;11;10089;22;;;10084.0;0.0
yf_ZS=F_d11;2900;ASH_COATED_OSMIUM;9929;12;9926;24;;;9935;16;9937;22;;;9932.0;0.0
yf_ZS=F_d11;2900;INTARIAN_PEPPER_ROOT;10078;5;10074;13;;;10097;15;10100;27;;;10087.5;0.0
yf_ZS=F_d11;3000;ASH_COATED_OSMIUM;9929;17;9925;24;;;9935;14;9939;13;;;9932.0;0.0
yf_ZS=F_d11;3000;INTARIAN_PEPPER_ROOT;10087;24;10083;18;;;10094;6;10096;17;;;10090.5;0.0
yf_ZS=F_d11;3100;ASH_COATED_OSMIUM;9928;19;9924;14;;;9936;8;9940;18;;;9932.0;0.0
yf_ZS=F_d11;3100;INTARIAN_PEPPER_ROOT;10089;12;10087;29;;;10098;19;10100;19;;;10093.5;0.0
yf_ZS=F_d11;3200;ASH_COATED_OSMIUM;9929;21;9926;23;;;9935;18;9937;27;;;9932.0;0.0
yf_ZS=F_d11;3200;INTARIAN_PEPPER_ROOT;10093;5;10090;18;;;10100;23;10103;18;;;10096.5;0.0
yf_ZS=F_d11;3300;ASH_COATED_OSMIUM;9929;20;9925;14;;;9935;13;9938;20;;;9932.0;0.0
yf_ZS=F_d11;3300;INTARIAN_PEPPER_ROOT;10096;15;10093;18;;;10102;25;10105;21;;;10099.0;0.0
yf_ZS=F_d11;3400;ASH_COATED_OSMIUM;9925;16;9923;24;;;9938;7;9941;17;;;9931.5;0.0
yf_ZS=F_d11;3400;INTARIAN_PEPPER_ROOT;10100;15;10096;16;;;10106;16;10108;17;;;10103.0;0.0
yf_ZS=F_d11;3500;ASH_COATED_OSMIUM;9927;16;9924;17;;;9936;14;9940;24;;;9931.5;0.0
yf_ZS=F_d11;3500;INTARIAN_PEPPER_ROOT;10098;22;10094;19;;;10113;17;10117;24;;;10105.5;0.0
yf_ZS=F_d11;3600;ASH_COATED_OSMIUM;9927;23;9925;28;;;9938;7;9942;10;;;9932.5;0.0
yf_ZS=F_d11;3600;INTARIAN_PEPPER_ROOT;10105;9;10102;22;;;10113;15;10117;20;;;10109.0;0.0
yf_ZS=F_d11;3700;ASH_COATED_OSMIUM;9929;16;9926;11;;;9935;12;9938;11;;;9932.0;0.0
yf_ZS=F_d11;3700;INTARIAN_PEPPER_ROOT;10108;8;10105;16;;;10114;9;10117;12;;;10111.0;0.0
yf_ZS=F_d11;3800;ASH_COATED_OSMIUM;9926;24;9923;16;;;9938;18;9941;16;;;9932.0;0.0
yf_ZS=F_d11;3800;INTARIAN_PEPPER_ROOT;10111;16;10107;13;;;10117;16;10119;13;;;10114.0;0.0
yf_ZS=F_d11;3900;ASH_COATED_OSMIUM;9928;22;9925;12;;;9934;12;9937;25;;;9931.0;0.0
yf_ZS=F_d11;3900;INTARIAN_PEPPER_ROOT;10115;22;10111;16;;;10121;22;10123;23;;;10118.0;0.0
yf_ZS=F_d11;4000;ASH_COATED_OSMIUM;9929;7;9926;13;;;9935;10;9939;23;;;9932.0;0.0
yf_ZS=F_d11;4000;INTARIAN_PEPPER_ROOT;10118;8;10115;16;;;10124;11;10128;22;;;10121.0;0.0
yf_ZS=F_d11;4100;ASH_COATED_OSMIUM;9928;22;9924;20;;;9934;28;9936;18;;;9931.0;0.0
yf_ZS=F_d11;4100;INTARIAN_PEPPER_ROOT;10121;24;10117;13;;;10127;16;10129;26;;;10124.0;0.0
yf_ZS=F_d11;4200;ASH_COATED_OSMIUM;9928;10;9926;29;;;9934;11;9936;24;;;9931.0;0.0
yf_ZS=F_d11;4200;INTARIAN_PEPPER_ROOT;10121;21;10117;13;;;10132;19;10136;15;;;10126.5;0.0
yf_ZS=F_d11;4300;ASH_COATED_OSMIUM;9927;13;9923;24;;;9936;12;9940;20;;;9931.5;0.0
yf_ZS=F_d11;4300;INTARIAN_PEPPER_ROOT;10127;20;10125;11;;;10133;15;10137;21;;;10130.0;0.0
yf_ZS=F_d11;4400;ASH_COATED_OSMIUM;9927;15;9923;19;;;9937;12;9941;23;;;9932.0;0.0
yf_ZS=F_d11;4400;INTARIAN_PEPPER_ROOT;10130;14;10128;14;;;10137;15;10141;21;;;10133.5;0.0
yf_ZS=F_d11;4500;ASH_COATED_OSMIUM;9928;17;9924;32;;;9934;19;9936;26;;;9931.0;0.0
yf_ZS=F_d11;4500;INTARIAN_PEPPER_ROOT;10133;15;10131;18;;;10139;19;10141;27;;;10136.0;0.0
yf_ZS=F_d11;4600;ASH_COATED_OSMIUM;9928;14;9926;18;;;9934;12;9937;20;;;9931.0;0.0
yf_ZS=F_d11;4600;INTARIAN_PEPPER_ROOT;10130;15;10126;20;;;10149;17;10152;19;;;10139.5;0.0
yf_ZS=F_d11;4700;ASH_COATED_OSMIUM;9928;17;9924;22;;;9934;18;9937;15;;;9931.0;0.0
yf_ZS=F_d11;4700;INTARIAN_PEPPER_ROOT;10132;16;10128;15;;;10151;13;10154;18;;;10141.5;0.0
yf_ZS=F_d11;4800;ASH_COATED_OSMIUM;9907;15;9903;16;;;9955;20;9958;12;;;9931.0;0.0
yf_ZS=F_d11;4800;INTARIAN_PEPPER_ROOT;10142;21;10140;26;;;10148;7;10151;20;;;10145.0;0.0
yf_ZS=F_d11;4900;ASH_COATED_OSMIUM;9928;10;9926;21;;;9934;9;9937;23;;;9931.0;0.0
yf_ZS=F_d11;4900;INTARIAN_PEPPER_ROOT;10145;13;10142;16;;;10151;11;10155;26;;;10148.0;0.0
yf_ZS=F_d11;5000;ASH_COATED_OSMIUM;9923;21;9920;16;;;9939;13;9941;22;;;9931.0;0.0
yf_ZS=F_d11;5000;INTARIAN_PEPPER_ROOT;10148;21;10146;21;;;10154;27;10157;22;;;10151.0;0.0
yf_ZS=F_d11;5100;ASH_COATED_OSMIUM;9928;21;9925;18;;;9934;20;9936;16;;;9931.0;0.0
yf_ZS=F_d11;5100;INTARIAN_PEPPER_ROOT;10146;14;10144;20;;;10161;13;10164;14;;;10153.5;0.0
yf_ZS=F_d11;5200;ASH_COATED_OSMIUM;9928;17;9925;13;;;9934;7;9938;21;;;9931.0;0.0
yf_ZS=F_d11;5200;INTARIAN_PEPPER_ROOT;10153;15;10150;25;;;10159;12;10162;21;;;10156.0;0.0
yf_ZS=F_d11;5300;ASH_COATED_OSMIUM;9920;17;9917;26;;;9942;15;9946;17;;;9931.0;0.0
yf_ZS=F_d11;5300;INTARIAN_PEPPER_ROOT;10157;23;10153;8;;;10163;13;10166;20;;;10160.0;0.0
yf_ZS=F_d11;5400;ASH_COATED_OSMIUM;9922;9;9919;13;;;9939;18;9942;26;;;9930.5;0.0
yf_ZS=F_d11;5400;INTARIAN_PEPPER_ROOT;10152;10;10148;26;;;10174;8;10176;21;;;10163.0;0.0
yf_ZS=F_d11;5500;ASH_COATED_OSMIUM;9928;23;9926;16;;;9934;12;9936;16;;;9931.0;0.0
yf_ZS=F_d11;5500;INTARIAN_PEPPER_ROOT;10158;8;10156;24;;;10173;9;10176;15;;;10165.5;0.0
yf_ZS=F_d11;5600;ASH_COATED_OSMIUM;9928;13;9926;14;;;9934;24;9937;32;;;9931.0;0.0
yf_ZS=F_d11;5600;INTARIAN_PEPPER_ROOT;10166;10;10162;22;;;10172;27;10176;12;;;10169.0;0.0
yf_ZS=F_d11;5700;ASH_COATED_OSMIUM;9928;5;9925;21;;;9934;15;9936;19;;;9931.0;0.0
yf_ZS=F_d11;5700;INTARIAN_PEPPER_ROOT;10169;12;10165;29;;;10175;13;10179;23;;;10172.0;0.0
yf_ZS=F_d11;5800;ASH_COATED_OSMIUM;9928;19;9926;19;;;9934;13;9937;11;;;9931.0;0.0
yf_ZS=F_d11;5800;INTARIAN_PEPPER_ROOT;10166;12;10162;22;;;10185;16;10188;15;;;10175.5;0.0
yf_ZS=F_d11;5900;ASH_COATED_OSMIUM;9926;22;9922;18;;;9935;13;9937;26;;;9930.5;0.0
yf_ZS=F_d11;5900;INTARIAN_PEPPER_ROOT;10172;10;10170;14;;;10185;18;10189;16;;;10178.5;0.0
yf_ZS=F_d11;6000;ASH_COATED_OSMIUM;9928;19;9924;23;;;9934;11;9936;23;;;9931.0;0.0
yf_ZS=F_d11;6000;INTARIAN_PEPPER_ROOT;10169;15;10167;8;;;10192;22;10196;17;;;10180.5;0.0
yf_ZS=F_d11;6100;ASH_COATED_OSMIUM;9927;5;9923;14;;;9933;9;9937;17;;;9930.0;0.0
yf_ZS=F_d11;6100;INTARIAN_PEPPER_ROOT;10181;19;10179;10;;;10188;15;10191;13;;;10184.5;0.0
yf_ZS=F_d11;6200;ASH_COATED_OSMIUM;9927;16;9925;23;;;9934;8;9937;15;;;9930.5;0.0
yf_ZS=F_d11;6200;INTARIAN_PEPPER_ROOT;10183;20;10181;23;;;10190;13;10192;22;;;10186.5;0.0
yf_ZS=F_d11;6300;ASH_COATED_OSMIUM;9927;9;9924;10;;;9935;18;9938;26;;;9931.0;0.0
yf_ZS=F_d11;6300;INTARIAN_PEPPER_ROOT;10168;8;10165;20;;;10213;10;10217;20;;;10190.5;0.0
yf_ZS=F_d11;6400;ASH_COATED_OSMIUM;9927;15;9923;23;;;9933;19;9937;20;;;9930.0;0.0
yf_ZS=F_d11;6400;INTARIAN_PEPPER_ROOT;10186;21;10182;18;;;10200;22;10204;26;;;10193.0;0.0
yf_ZS=F_d11;6500;ASH_COATED_OSMIUM;9927;10;9925;14;;;9933;14;9935;26;;;9930.0;0.0
yf_ZS=F_d11;6500;INTARIAN_PEPPER_ROOT;10191;7;10187;16;;;10203;19;10206;15;;;10197.0;0.0
yf_ZS=F_d11;6600;ASH_COATED_OSMIUM;9927;15;9923;20;;;9933;13;9936;22;;;9930.0;0.0
yf_ZS=F_d11;6600;INTARIAN_PEPPER_ROOT;10197;13;10194;16;;;10203;18;10206;18;;;10200.0;0.0
yf_ZS=F_d11;6700;ASH_COATED_OSMIUM;9918;17;9915;15;;;9943;15;9946;25;;;9930.5;0.0
yf_ZS=F_d11;6700;INTARIAN_PEPPER_ROOT;10196;20;10194;18;;;10210;10;10212;17;;;10203.0;0.0
yf_ZS=F_d11;6800;ASH_COATED_OSMIUM;9927;6;9924;19;;;9933;16;9937;27;;;9930.0;0.0
yf_ZS=F_d11;6800;INTARIAN_PEPPER_ROOT;10203;17;10199;21;;;10209;11;10213;22;;;10206.0;0.0
yf_ZS=F_d11;6900;ASH_COATED_OSMIUM;9918;24;9916;23;;;9943;14;9947;16;;;9930.5;0.0
yf_ZS=F_d11;6900;INTARIAN_PEPPER_ROOT;10206;16;10204;16;;;10212;16;10214;11;;;10209.0;0.0
yf_ZS=F_d11;7000;ASH_COATED_OSMIUM;9927;9;9924;23;;;9933;16;9935;14;;;9930.0;0.0
yf_ZS=F_d11;7000;INTARIAN_PEPPER_ROOT;10208;15;10205;21;;;10214;19;10216;18;;;10211.0;0.0
yf_ZS=F_d11;7100;ASH_COATED_OSMIUM;9927;13;9925;18;;;9933;16;9937;18;;;9930.0;0.0
yf_ZS=F_d11;7100;INTARIAN_PEPPER_ROOT;10209;27;10206;20;;;10219;19;10222;21;;;10214.0;0.0
yf_ZS=F_d11;7200;ASH_COATED_OSMIUM;9926;13;9923;15;;;9932;5;9936;20;;;9929.0;0.0
yf_ZS=F_d11;7200;INTARIAN_PEPPER_ROOT;10212;12;10209;31;;;10224;16;10228;16;;;10218.0;0.0
yf_ZS=F_d11;7300;ASH_COATED_OSMIUM;9923;5;9921;23;;;9937;10;9941;21;;;9930.0;0.0
yf_ZS=F_d11;7300;INTARIAN_PEPPER_ROOT;10217;20;10213;17;;;10223;15;10226;14;;;10220.0;0.0
yf_ZS=F_d11;7400;ASH_COATED_OSMIUM;9926;15;9923;28;;;9934;23;9937;24;;;9930.0;0.0
yf_ZS=F_d11;7400;INTARIAN_PEPPER_ROOT;10219;13;10217;18;;;10228;12;10230;23;;;10223.5;0.0
yf_ZS=F_d11;7500;ASH_COATED_OSMIUM;9926;18;9922;29;;;9934;17;9937;23;;;9930.0;0.0
yf_ZS=F_d11;7500;INTARIAN_PEPPER_ROOT;10221;17;10219;15;;;10231;27;10235;19;;;10226.0;0.0
yf_ZS=F_d11;7600;ASH_COATED_OSMIUM;9920;14;9918;18;;;9939;19;9942;24;;;9929.5;0.0
yf_ZS=F_d11;7600;INTARIAN_PEPPER_ROOT;10226;13;10222;26;;;10232;18;10236;14;;;10229.0;0.0
yf_ZS=F_d11;7700;ASH_COATED_OSMIUM;9926;20;9924;20;;;9932;15;9934;16;;;9929.0;0.0
yf_ZS=F_d11;7700;INTARIAN_PEPPER_ROOT;10229;17;10225;20;;;10237;11;10241;13;;;10233.0;0.0
yf_ZS=F_d11;7800;ASH_COATED_OSMIUM;9924;16;9922;20;;;9935;7;9938;25;;;9929.5;0.0
yf_ZS=F_d11;7800;INTARIAN_PEPPER_ROOT;10232;18;10230;15;;;10238;20;10240;12;;;10235.0;0.0
yf_ZS=F_d11;7900;ASH_COATED_OSMIUM;9926;13;9924;11;;;9932;14;9936;22;;;9929.0;0.0
yf_ZS=F_d11;7900;INTARIAN_PEPPER_ROOT;10236;27;10234;23;;;10243;16;10246;25;;;10239.5;0.0
yf_ZS=F_d11;8000;ASH_COATED_OSMIUM;9923;5;9919;15;;;9936;8;9939;18;;;9929.5;0.0
yf_ZS=F_d11;8000;INTARIAN_PEPPER_ROOT;10234;6;10230;22;;;10248;19;10250;14;;;10241.0;0.0
yf_ZS=F_d11;8100;ASH_COATED_OSMIUM;9926;23;9923;13;;;9933;14;9935;17;;;9929.5;0.0
yf_ZS=F_d11;8100;INTARIAN_PEPPER_ROOT;10242;16;10239;21;;;10248;17;10252;12;;;10245.0;0.0
yf_ZS=F_d11;8200;ASH_COATED_OSMIUM;9926;16;9923;23;;;9932;14;9935;19;;;9929.0;0.0
yf_ZS=F_d11;8200;INTARIAN_PEPPER_ROOT;10245;10;10241;18;;;10251;12;10254;22;;;10248.0;0.0
yf_ZS=F_d11;8300;ASH_COATED_OSMIUM;9922;22;9918;22;;;9937;15;9941;21;;;9929.5;0.0
yf_ZS=F_d11;8300;INTARIAN_PEPPER_ROOT;10233;11;10229;18;;;10268;27;10270;15;;;10250.5;0.0
yf_ZS=F_d11;8400;ASH_COATED_OSMIUM;9924;15;9920;24;;;9934;16;9936;15;;;9929.0;0.0
yf_ZS=F_d11;8400;INTARIAN_PEPPER_ROOT;10251;16;10249;24;;;10257;14;10260;8;;;10254.0;0.0
yf_ZS=F_d11;8500;ASH_COATED_OSMIUM;9927;12;9923;21;;;9933;22;9937;23;;;9930.0;0.0
yf_ZS=F_d11;8500;INTARIAN_PEPPER_ROOT;10254;6;10250;19;;;10260;6;10263;16;;;10257.0;0.0
yf_ZS=F_d11;8600;ASH_COATED_OSMIUM;9926;13;9924;9;;;9932;16;9934;28;;;9929.0;0.0
yf_ZS=F_d11;8600;INTARIAN_PEPPER_ROOT;10249;8;10245;24;;;10270;18;10274;12;;;10259.5;0.0
yf_ZS=F_d11;8700;ASH_COATED_OSMIUM;9926;21;9924;15;;;9932;12;9934;24;;;9929.0;0.0
yf_ZS=F_d11;8700;INTARIAN_PEPPER_ROOT;10259;10;10257;30;;;10268;22;10272;14;;;10263.5;0.0
yf_ZS=F_d11;8800;ASH_COATED_OSMIUM;9921;15;9919;21;;;9937;19;9940;19;;;9929.0;0.0
yf_ZS=F_d11;8800;INTARIAN_PEPPER_ROOT;10264;10;10260;20;;;10270;6;10272;16;;;10267.0;0.0
yf_ZS=F_d11;8900;ASH_COATED_OSMIUM;9923;8;9921;33;;;9935;16;9937;22;;;9929.0;0.0
yf_ZS=F_d11;8900;INTARIAN_PEPPER_ROOT;10267;16;10264;22;;;10273;23;10275;15;;;10270.0;0.0
yf_ZS=F_d11;9000;ASH_COATED_OSMIUM;9926;6;9923;22;;;9933;14;9936;18;;;9929.5;0.0
yf_ZS=F_d11;9000;INTARIAN_PEPPER_ROOT;10263;17;10261;22;;;10280;14;10284;24;;;10271.5;0.0
yf_ZS=F_d11;9100;ASH_COATED_OSMIUM;9922;14;9918;34;;;9937;20;9940;13;;;9929.5;0.0
yf_ZS=F_d11;9100;INTARIAN_PEPPER_ROOT;10271;7;10268;11;;;10279;15;10283;22;;;10275.0;0.0
yf_ZS=F_d11;9200;ASH_COATED_OSMIUM;9926;8;9924;19;;;9932;20;9935;21;;;9929.0;0.0
yf_ZS=F_d11;9200;INTARIAN_PEPPER_ROOT;10275;17;10272;8;;;10281;5;10284;26;;;10278.0;0.0
yf_ZS=F_d11;9300;ASH_COATED_OSMIUM;9925;5;9923;18;;;9932;19;9934;33;;;9928.5;0.0
yf_ZS=F_d11;9300;INTARIAN_PEPPER_ROOT;10278;18;10276;28;;;10284;13;10288;23;;;10281.0;0.0
yf_ZS=F_d11;9400;ASH_COATED_OSMIUM;9926;22;9923;18;;;9932;14;9935;16;;;9929.0;0.0
yf_ZS=F_d11;9400;INTARIAN_PEPPER_ROOT;10281;17;10279;14;;;10287;6;10290;18;;;10284.0;0.0
yf_ZS=F_d11;9500;ASH_COATED_OSMIUM;9925;5;9923;24;;;9931;17;9935;11;;;9928.0;0.0
yf_ZS=F_d11;9500;INTARIAN_PEPPER_ROOT;10283;14;10281;16;;;10290;29;10292;11;;;10286.5;0.0
yf_ZS=F_d11;9600;ASH_COATED_OSMIUM;9926;27;9922;17;;;9932;25;9934;16;;;9929.0;0.0
yf_ZS=F_d11;9600;INTARIAN_PEPPER_ROOT;10287;12;10283;27;;;10293;12;10296;18;;;10290.0;0.0
yf_ZS=F_d11;9700;ASH_COATED_OSMIUM;9924;15;9920;24;;;9931;13;9935;24;;;9927.5;0.0
yf_ZS=F_d11;9700;INTARIAN_PEPPER_ROOT;10290;22;10287;27;;;10296;11;10300;25;;;10293.0;0.0
yf_ZS=F_d11;9800;ASH_COATED_OSMIUM;9924;18;9922;22;;;9934;17;9936;16;;;9929.0;0.0
yf_ZS=F_d11;9800;INTARIAN_PEPPER_ROOT;10292;5;10289;18;;;10300;5;10304;19;;;10296.0;0.0
yf_ZS=F_d11;9900;ASH_COATED_OSMIUM;9925;7;9922;30;;;9931;15;9934;22;;;9928.0;0.0
yf_ZS=F_d11;9900;INTARIAN_PEPPER_ROOT;10297;20;10294;22;;;10303;5;10306;25;;;10300.0;0.0
yf_ZS=F_d11;10000;ASH_COATED_OSMIUM;9922;10;9919;17;;;9933;12;9937;15;;;9927.5;0.0
yf_ZS=F_d11;10000;INTARIAN_PEPPER_ROOT;10299;23;10295;22;;;10307;20;10309;22;;;10303.0;0.0
yf_ZS=F_d11;10100;ASH_COATED_OSMIUM;9925;21;9923;17;;;9931;10;9933;15;;;9928.0;0.0
yf_ZS=F_d11;10100;INTARIAN_PEPPER_ROOT;10297;23;10293;14;;;10315;15;10319;17;;;10306.0;0.0
yf_ZS=F_d11;10200;ASH_COATED_OSMIUM;9925;9;9921;17;;;9931;5;9933;17;;;9928.0;0.0
yf_ZS=F_d11;10200;INTARIAN_PEPPER_ROOT;10300;22;10297;29;;;10316;10;10320;22;;;10308.0;0.0
yf_ZS=F_d11;10300;ASH_COATED_OSMIUM;9925;21;9921;20;;;9931;17;9935;25;;;9928.0;0.0
yf_ZS=F_d11;10300;INTARIAN_PEPPER_ROOT;10308;14;10305;23;;;10314;10;10316;14;;;10311.0;0.0
yf_ZS=F_d11;10400;ASH_COATED_OSMIUM;9924;22;9921;10;;;9930;22;9932;11;;;9927.0;0.0
yf_ZS=F_d11;10400;INTARIAN_PEPPER_ROOT;10311;10;10309;22;;;10319;20;10322;18;;;10315.0;0.0
yf_ZS=F_d11;10500;ASH_COATED_OSMIUM;9925;15;9923;24;;;9931;12;9934;15;;;9928.0;0.0
yf_ZS=F_d11;10500;INTARIAN_PEPPER_ROOT;10314;25;10311;20;;;10320;13;10322;27;;;10317.0;0.0
yf_ZS=F_d11;10600;ASH_COATED_OSMIUM;9925;9;9922;18;;;9931;6;9935;21;;;9928.0;0.0
yf_ZS=F_d11;10600;INTARIAN_PEPPER_ROOT;10318;17;10316;19;;;10324;11;10326;13;;;10321.0;0.0
yf_ZS=F_d11;10700;ASH_COATED_OSMIUM;9920;12;9917;27;;;9937;13;9940;19;;;9928.5;0.0
yf_ZS=F_d11;10700;INTARIAN_PEPPER_ROOT;10321;14;10318;30;;;10327;19;10331;18;;;10324.0;0.0
yf_ZS=F_d11;10800;ASH_COATED_OSMIUM;9918;24;9916;11;;;9938;28;9940;17;;;9928.0;0.0
yf_ZS=F_d11;10800;INTARIAN_PEPPER_ROOT;10324;18;10322;27;;;10330;17;10333;23;;;10327.0;0.0
yf_ZS=F_d11;10900;ASH_COATED_OSMIUM;9924;9;9922;17;;;9930;12;9933;17;;;9927.0;0.0
yf_ZS=F_d11;10900;INTARIAN_PEPPER_ROOT;10309;14;10305;21;;;10350;16;10354;22;;;10329.5;0.0
yf_ZS=F_d11;11000;ASH_COATED_OSMIUM;9925;23;9922;22;;;9931;8;9933;15;;;9928.0;0.0
yf_ZS=F_d11;11000;INTARIAN_PEPPER_ROOT;10327;19;10325;25;;;10338;17;10341;11;;;10332.5;0.0
yf_ZS=F_d11;11100;ASH_COATED_OSMIUM;9925;13;9921;23;;;9931;8;9934;22;;;9928.0;0.0
yf_ZS=F_d11;11100;INTARIAN_PEPPER_ROOT;10322;14;10319;13;;;10350;14;10353;27;;;10336.0;0.0
yf_ZS=F_d11;11200;ASH_COATED_OSMIUM;9921;22;9918;20;;;9934;13;9938;12;;;9927.5;0.0
yf_ZS=F_d11;11200;INTARIAN_PEPPER_ROOT;10336;20;10334;19;;;10342;6;10344;14;;;10339.0;0.0
yf_ZS=F_d11;11300;ASH_COATED_OSMIUM;9925;12;9921;25;;;9931;15;9935;25;;;9928.0;0.0
yf_ZS=F_d11;11300;INTARIAN_PEPPER_ROOT;10337;15;10335;15;;;10345;20;10349;24;;;10341.0;0.0
yf_ZS=F_d11;11400;ASH_COATED_OSMIUM;9922;21;9920;24;;;9932;14;9934;27;;;9927.0;0.0
yf_ZS=F_d11;11400;INTARIAN_PEPPER_ROOT;10341;22;10337;23;;;10349;14;10353;22;;;10345.0;0.0
yf_ZS=F_d11;11500;ASH_COATED_OSMIUM;9925;25;9923;14;;;9931;18;9933;31;;;9928.0;0.0
yf_ZS=F_d11;11500;INTARIAN_PEPPER_ROOT;10344;6;10342;21;;;10352;10;10356;16;;;10348.0;0.0
yf_ZS=F_d11;11600;ASH_COATED_OSMIUM;9925;17;9923;15;;;9931;18;9934;18;;;9928.0;0.0
yf_ZS=F_d11;11600;INTARIAN_PEPPER_ROOT;10347;21;10345;18;;;10353;19;10356;15;;;10350.0;0.0
yf_ZS=F_d11;11700;ASH_COATED_OSMIUM;9925;17;9923;28;;;9931;11;9934;15;;;9928.0;0.0
yf_ZS=F_d11;11700;INTARIAN_PEPPER_ROOT;10351;16;10347;20;;;10357;17;10361;23;;;10354.0;0.0
yf_ZS=F_d11;11800;ASH_COATED_OSMIUM;9917;5;9913;14;;;9938;21;9941;21;;;9927.5;0.0
yf_ZS=F_d11;11800;INTARIAN_PEPPER_ROOT;10353;23;10351;20;;;10359;23;10362;18;;;10356.0;0.0
yf_ZS=F_d11;11900;ASH_COATED_OSMIUM;9915;17;9913;29;;;9937;16;9941;17;;;9926.0;0.0
yf_ZS=F_d11;11900;INTARIAN_PEPPER_ROOT;10351;15;10347;21;;;10369;16;10373;20;;;10360.0;0.0
yf_ZS=F_d11;12000;ASH_COATED_OSMIUM;9924;13;9922;19;;;9930;5;9934;22;;;9927.0;0.0
yf_ZS=F_d11;12000;INTARIAN_PEPPER_ROOT;10360;18;10357;27;;;10366;10;10369;14;;;10363.0;0.0
yf_ZS=F_d11;12100;ASH_COATED_OSMIUM;9921;13;9917;21;;;9933;13;9935;14;;;9927.0;0.0
yf_ZS=F_d11;12100;INTARIAN_PEPPER_ROOT;10348;18;10346;19;;;10383;13;10385;17;;;10365.5;0.0
yf_ZS=F_d11;12200;ASH_COATED_OSMIUM;9924;16;9921;13;;;9930;15;9934;17;;;9927.0;0.0
yf_ZS=F_d11;12200;INTARIAN_PEPPER_ROOT;10362;15;10360;22;;;10375;17;10377;27;;;10368.5;0.0
yf_ZS=F_d11;12300;ASH_COATED_OSMIUM;9923;16;9920;18;;;9932;12;9935;27;;;9927.5;0.0
yf_ZS=F_d11;12300;INTARIAN_PEPPER_ROOT;10367;7;10363;22;;;10376;11;10379;24;;;10371.5;0.0
yf_ZS=F_d11;12400;ASH_COATED_OSMIUM;9913;11;9911;28;;;9940;16;9943;21;;;9926.5;0.0
yf_ZS=F_d11;12400;INTARIAN_PEPPER_ROOT;10370;23;10366;20;;;10381;13;10384;18;;;10375.5;0.0
yf_ZS=F_d11;12500;ASH_COATED_OSMIUM;9924;7;9920;23;;;9930;21;9932;20;;;9927.0;0.0
yf_ZS=F_d11;12500;INTARIAN_PEPPER_ROOT;10375;11;10371;23;;;10381;24;10385;20;;;10378.0;0.0
yf_ZS=F_d11;12600;ASH_COATED_OSMIUM;9924;14;9920;18;;;9930;16;9934;16;;;9927.0;0.0
yf_ZS=F_d11;12600;INTARIAN_PEPPER_ROOT;10365;12;10361;13;;;10396;18;10399;15;;;10380.5;0.0
yf_ZS=F_d11;12700;ASH_COATED_OSMIUM;9923;19;9921;20;;;9929;16;9931;21;;;9926.0;0.0
yf_ZS=F_d11;12700;INTARIAN_PEPPER_ROOT;10382;10;10380;19;;;10388;18;10391;17;;;10385.0;0.0
yf_ZS=F_d11;12800;ASH_COATED_OSMIUM;9923;13;9921;28;;;9931;17;9935;17;;;9927.0;0.0
yf_ZS=F_d11;12800;INTARIAN_PEPPER_ROOT;10385;25;10382;10;;;10391;24;10393;25;;;10388.0;0.0
yf_ZS=F_d11;12900;ASH_COATED_OSMIUM;9924;7;9920;15;;;9930;20;9932;23;;;9927.0;0.0
yf_ZS=F_d11;12900;INTARIAN_PEPPER_ROOT;10387;14;10385;12;;;10393;15;10395;29;;;10390.0;0.0
yf_ZS=F_d11;13000;ASH_COATED_OSMIUM;9921;23;9917;24;;;9934;5;9936;21;;;9927.5;0.0
yf_ZS=F_d11;13000;INTARIAN_PEPPER_ROOT;10390;11;10388;14;;;10396;20;10399;25;;;10393.0;0.0
yf_ZS=F_d11;13100;ASH_COATED_OSMIUM;9924;14;9920;24;;;9930;19;9933;19;;;9927.0;0.0
yf_ZS=F_d11;13100;INTARIAN_PEPPER_ROOT;10393;5;10389;16;;;10399;14;10401;23;;;10396.0;0.0
yf_ZS=F_d11;13200;ASH_COATED_OSMIUM;9923;23;9921;22;;;9931;19;9934;17;;;9927.0;0.0
yf_ZS=F_d11;13200;INTARIAN_PEPPER_ROOT;10397;13;10394;11;;;10403;10;10406;28;;;10400.0;0.0
yf_ZS=F_d11;13300;ASH_COATED_OSMIUM;9914;11;9910;8;;;9940;18;9943;18;;;9927.0;0.0
yf_ZS=F_d11;13300;INTARIAN_PEPPER_ROOT;10390;8;10388;16;;;10414;17;10416;23;;;10402.0;0.0
yf_ZS=F_d11;13400;ASH_COATED_OSMIUM;9924;17;9922;15;;;9930;14;9933;9;;;9927.0;0.0
yf_ZS=F_d11;13400;INTARIAN_PEPPER_ROOT;10403;18;10400;18;;;10409;20;10411;13;;;10406.0;0.0
yf_ZS=F_d11;13500;ASH_COATED_OSMIUM;9924;30;9920;20;;;9930;16;9933;17;;;9927.0;0.0
yf_ZS=F_d11;13500;INTARIAN_PEPPER_ROOT;10406;10;10403;19;;;10412;8;10416;22;;;10409.0;0.0
yf_ZS=F_d11;13600;ASH_COATED_OSMIUM;9924;9;9921;32;;;9930;15;9934;22;;;9927.0;0.0
yf_ZS=F_d11;13600;INTARIAN_PEPPER_ROOT;10408;14;10404;23;;;10414;9;10416;16;;;10411.0;0.0
yf_ZS=F_d11;13700;ASH_COATED_OSMIUM;9923;11;9921;17;;;9929;9;9932;18;;;9926.0;0.0
yf_ZS=F_d11;13700;INTARIAN_PEPPER_ROOT;10408;16;10404;20;;;10421;18;10425;24;;;10414.5;0.0
yf_ZS=F_d11;13800;ASH_COATED_OSMIUM;9923;24;9920;17;;;9929;20;9932;15;;;9926.0;0.0
yf_ZS=F_d11;13800;INTARIAN_PEPPER_ROOT;10414;21;10411;22;;;10420;14;10423;16;;;10417.0;0.0
yf_ZS=F_d11;13900;ASH_COATED_OSMIUM;9924;8;9922;24;;;9930;15;9933;24;;;9927.0;0.0
yf_ZS=F_d11;13900;INTARIAN_PEPPER_ROOT;10416;17;10412;13;;;10425;14;10428;23;;;10420.5;0.0
yf_ZS=F_d11;14000;ASH_COATED_OSMIUM;9920;18;9916;16;;;9932;11;9936;24;;;9926.0;0.0
yf_ZS=F_d11;14000;INTARIAN_PEPPER_ROOT;10417;13;10413;24;;;10429;26;10433;17;;;10423.0;0.0
yf_ZS=F_d11;14100;ASH_COATED_OSMIUM;9923;11;9921;20;;;9929;14;9932;18;;;9926.0;0.0
yf_ZS=F_d11;14100;INTARIAN_PEPPER_ROOT;10415;12;10413;25;;;10439;13;10443;23;;;10427.0;0.0
yf_ZS=F_d11;14200;ASH_COATED_OSMIUM;9918;24;9915;21;;;9934;16;9938;12;;;9926.0;0.0
yf_ZS=F_d11;14200;INTARIAN_PEPPER_ROOT;10421;12;10417;27;;;10438;23;10440;17;;;10429.5;0.0
yf_ZS=F_d11;14300;ASH_COATED_OSMIUM;9923;20;9920;18;;;9929;10;9931;22;;;9926.0;0.0
yf_ZS=F_d11;14300;INTARIAN_PEPPER_ROOT;10429;14;10427;21;;;10435;15;10438;27;;;10432.0;0.0
yf_ZS=F_d11;14400;ASH_COATED_OSMIUM;9923;6;9920;18;;;9929;16;9932;20;;;9926.0;0.0
yf_ZS=F_d11;14400;INTARIAN_PEPPER_ROOT;10432;11;10430;19;;;10438;9;10442;26;;;10435.0;0.0
yf_ZS=F_d11;14500;ASH_COATED_OSMIUM;9923;7;9919;19;;;9929;15;9932;13;;;9926.0;0.0
yf_ZS=F_d11;14500;INTARIAN_PEPPER_ROOT;10436;15;10434;18;;;10442;13;10446;18;;;10439.0;0.0
yf_ZS=F_d11;14600;ASH_COATED_OSMIUM;9922;11;9919;21;;;9928;10;9930;25;;;9925.0;0.0
yf_ZS=F_d11;14600;INTARIAN_PEPPER_ROOT;10439;20;10437;24;;;10445;16;10448;17;;;10442.0;0.0
yf_ZS=F_d11;14700;ASH_COATED_OSMIUM;9923;17;9921;20;;;9929;12;9933;29;;;9926.0;0.0
yf_ZS=F_d11;14700;INTARIAN_PEPPER_ROOT;10442;5;10440;18;;;10448;17;10451;18;;;10445.0;0.0
yf_ZS=F_d11;14800;ASH_COATED_OSMIUM;9923;15;9919;13;;;9929;16;9933;22;;;9926.0;0.0
yf_ZS=F_d11;14800;INTARIAN_PEPPER_ROOT;10444;15;10442;23;;;10450;18;10454;11;;;10447.0;0.0
yf_ZS=F_d11;14900;ASH_COATED_OSMIUM;9922;20;9920;16;;;9928;13;9931;19;;;9925.0;0.0
yf_ZS=F_d11;14900;INTARIAN_PEPPER_ROOT;10444;14;10440;22;;;10459;15;10462;23;;;10451.5;0.0
yf_ZS=F_d11;15000;ASH_COATED_OSMIUM;9922;13;9919;20;;;9928;19;9931;13;;;9925.0;0.0
yf_ZS=F_d11;15000;INTARIAN_PEPPER_ROOT;10441;14;10438;24;;;10467;16;10469;18;;;10454.0;0.0
yf_ZS=F_d11;15100;ASH_COATED_OSMIUM;9922;13;9918;29;;;9928;18;9931;21;;;9925.0;0.0
yf_ZS=F_d11;15100;INTARIAN_PEPPER_ROOT;10453;18;10450;18;;;10459;15;10462;19;;;10456.0;0.0
yf_ZS=F_d11;15200;ASH_COATED_OSMIUM;9919;22;9916;28;;;9931;17;9933;26;;;9925.0;0.0
yf_ZS=F_d11;15200;INTARIAN_PEPPER_ROOT;10456;13;10452;24;;;10462;17;10466;15;;;10459.0;0.0
yf_ZS=F_d11;15300;ASH_COATED_OSMIUM;9923;12;9921;21;;;9929;21;9933;12;;;9926.0;0.0
yf_ZS=F_d11;15300;INTARIAN_PEPPER_ROOT;10460;19;10458;18;;;10466;19;10468;23;;;10463.0;0.0
yf_ZS=F_d11;15400;ASH_COATED_OSMIUM;9922;5;9919;14;;;9928;7;9930;17;;;9925.0;0.0
yf_ZS=F_d11;15400;INTARIAN_PEPPER_ROOT;10463;16;10461;17;;;10469;19;10472;24;;;10466.0;0.0
yf_ZS=F_d11;15500;ASH_COATED_OSMIUM;9922;11;9919;8;;;9928;24;9931;13;;;9925.0;0.0
yf_ZS=F_d11;15500;INTARIAN_PEPPER_ROOT;10466;12;10464;14;;;10472;14;10474;20;;;10469.0;0.0
yf_ZS=F_d11;15600;ASH_COATED_OSMIUM;9917;22;9913;20;;;9934;12;9936;15;;;9925.5;0.0
yf_ZS=F_d11;15600;INTARIAN_PEPPER_ROOT;10469;20;10465;23;;;10475;12;10478;21;;;10472.0;0.0
yf_ZS=F_d11;15700;ASH_COATED_OSMIUM;9922;7;9918;19;;;9928;12;9932;15;;;9925.0;0.0
yf_ZS=F_d11;15700;INTARIAN_PEPPER_ROOT;10468;18;10464;30;;;10482;6;10485;17;;;10475.0;0.0
yf_ZS=F_d11;15800;ASH_COATED_OSMIUM;9917;12;9914;22;;;9935;15;9939;15;;;9926.0;0.0
yf_ZS=F_d11;15800;INTARIAN_PEPPER_ROOT;10475;7;10472;16;;;10481;14;10484;18;;;10478.0;0.0
yf_ZS=F_d11;15900;ASH_COATED_OSMIUM;9921;19;9919;21;;;9929;12;9931;26;;;9925.0;0.0
yf_ZS=F_d11;15900;INTARIAN_PEPPER_ROOT;10478;12;10475;11;;;10484;14;10487;20;;;10481.0;0.0
yf_ZS=F_d11;16000;ASH_COATED_OSMIUM;9918;9;9916;21;;;9932;14;9935;14;;;9925.0;0.0
yf_ZS=F_d11;16000;INTARIAN_PEPPER_ROOT;10478;17;10476;19;;;10490;17;10492;24;;;10484.0;0.0
yf_ZS=F_d11;16100;ASH_COATED_OSMIUM;9918;16;9914;18;;;9932;21;9935;13;;;9925.0;0.0
yf_ZS=F_d11;16100;INTARIAN_PEPPER_ROOT;10484;8;10482;17;;;10490;10;10494;17;;;10487.0;0.0
yf_ZS=F_d11;16200;ASH_COATED_OSMIUM;9922;10;9919;26;;;9928;22;9930;25;;;9925.0;0.0
yf_ZS=F_d11;16200;INTARIAN_PEPPER_ROOT;10487;13;10483;16;;;10494;14;10497;12;;;10490.5;0.0
yf_ZS=F_d11;16300;ASH_COATED_OSMIUM;9922;21;9918;13;;;9928;8;9932;23;;;9925.0;0.0
yf_ZS=F_d11;16300;INTARIAN_PEPPER_ROOT;10490;20;10488;19;;;10496;15;10498;18;;;10493.0;0.0
yf_ZS=F_d11;16400;ASH_COATED_OSMIUM;9922;22;9918;25;;;9928;13;9932;24;;;9925.0;0.0
yf_ZS=F_d11;16400;INTARIAN_PEPPER_ROOT;10493;21;10490;21;;;10499;10;10501;24;;;10496.0;0.0
yf_ZS=F_d11;16500;ASH_COATED_OSMIUM;9917;6;9915;27;;;9932;11;9936;18;;;9924.5;0.0
yf_ZS=F_d11;16500;INTARIAN_PEPPER_ROOT;10492;11;10490;23;;;10506;17;10510;15;;;10499.0;0.0
yf_ZS=F_d11;16600;ASH_COATED_OSMIUM;9920;13;9917;23;;;9930;11;9934;14;;;9925.0;0.0
yf_ZS=F_d11;16600;INTARIAN_PEPPER_ROOT;10499;14;10495;21;;;10505;21;10509;19;;;10502.0;0.0
yf_ZS=F_d11;16700;ASH_COATED_OSMIUM;9918;22;9916;14;;;9931;18;9933;19;;;9924.5;0.0
yf_ZS=F_d11;16700;INTARIAN_PEPPER_ROOT;10502;18;10498;28;;;10508;10;10512;22;;;10505.0;0.0
yf_ZS=F_d11;16800;ASH_COATED_OSMIUM;9922;21;9919;20;;;9928;18;9931;18;;;9925.0;0.0
yf_ZS=F_d11;16800;INTARIAN_PEPPER_ROOT;10505;12;10503;15;;;10511;21;10513;22;;;10508.0;0.0
yf_ZS=F_d11;16900;ASH_COATED_OSMIUM;9922;11;9920;20;;;9928;5;9932;28;;;9925.0;0.0
yf_ZS=F_d11;16900;INTARIAN_PEPPER_ROOT;10506;16;10503;22;;;10516;12;10518;13;;;10511.0;0.0
yf_ZS=F_d11;17000;ASH_COATED_OSMIUM;9919;10;9917;15;;;9931;11;9933;14;;;9925.0;0.0
yf_ZS=F_d11;17000;INTARIAN_PEPPER_ROOT;10511;17;10509;25;;;10517;12;10519;13;;;10514.0;0.0
yf_ZS=F_d11;17100;ASH_COATED_OSMIUM;9922;18;9919;16;;;9928;13;9930;13;;;9925.0;0.0
yf_ZS=F_d11;17100;INTARIAN_PEPPER_ROOT;10505;17;10503;15;;;10530;15;10533;21;;;10517.5;0.0
yf_ZS=F_d11;17200;ASH_COATED_OSMIUM;9921;8;9918;15;;;9927;22;9929;32;;;9924.0;0.0
yf_ZS=F_d11;17200;INTARIAN_PEPPER_ROOT;10498;9;10495;18;;;10543;18;10547;20;;;10520.5;0.0
yf_ZS=F_d11;17300;ASH_COATED_OSMIUM;9921;14;9918;24;;;9927;28;9930;14;;;9924.0;0.0
yf_ZS=F_d11;17300;INTARIAN_PEPPER_ROOT;10517;21;10513;20;;;10530;13;10534;26;;;10523.5;0.0
yf_ZS=F_d11;17400;ASH_COATED_OSMIUM;9922;17;9920;16;;;9928;12;9930;18;;;9925.0;0.0
yf_ZS=F_d11;17400;INTARIAN_PEPPER_ROOT;10523;5;10519;24;;;10529;17;10531;21;;;10526.0;0.0
yf_ZS=F_d11;17500;ASH_COATED_OSMIUM;9922;19;9919;20;;;9928;5;9931;15;;;9925.0;0.0
yf_ZS=F_d11;17500;INTARIAN_PEPPER_ROOT;10526;12;10524;19;;;10532;9;10535;23;;;10529.0;0.0
yf_ZS=F_d11;17600;ASH_COATED_OSMIUM;9918;12;9914;13;;;9931;20;9933;21;;;9924.5;0.0
yf_ZS=F_d11;17600;INTARIAN_PEPPER_ROOT;10529;5;10525;26;;;10535;5;10539;21;;;10532.0;0.0
yf_ZS=F_d11;17700;ASH_COATED_OSMIUM;9921;17;9919;20;;;9927;20;9930;19;;;9924.0;0.0
yf_ZS=F_d11;17700;INTARIAN_PEPPER_ROOT;10524;14;10522;31;;;10546;7;10548;25;;;10535.0;0.0
yf_ZS=F_d11;17800;ASH_COATED_OSMIUM;9920;18;9916;14;;;9930;18;9933;30;;;9925.0;0.0
yf_ZS=F_d11;17800;INTARIAN_PEPPER_ROOT;10535;7;10533;20;;;10541;25;10545;13;;;10538.0;0.0
yf_ZS=F_d11;17900;ASH_COATED_OSMIUM;9919;11;9916;21;;;9931;17;9934;15;;;9925.0;0.0
yf_ZS=F_d11;17900;INTARIAN_PEPPER_ROOT;10526;19;10522;21;;;10556;22;10558;32;;;10541.0;0.0
yf_ZS=F_d11;18000;ASH_COATED_OSMIUM;9920;16;9916;8;;;9928;6;9930;8;;;9924.0;0.0
yf_ZS=F_d11;18000;INTARIAN_PEPPER_ROOT;10541;15;10537;9;;;10547;21;10550;23;;;10544.0;0.0
yf_ZS=F_d11;18100;ASH_COATED_OSMIUM;9922;18;9918;19;;;9928;13;9930;19;;;9925.0;0.0
yf_ZS=F_d11;18100;INTARIAN_PEPPER_ROOT;10544;12;10541;14;;;10550;12;10552;14;;;10547.0;0.0
yf_ZS=F_d11;18200;ASH_COATED_OSMIUM;9916;16;9913;21;;;9934;22;9938;15;;;9925.0;0.0
yf_ZS=F_d11;18200;INTARIAN_PEPPER_ROOT;10546;15;10544;27;;;10552;17;10554;24;;;10549.0;0.0
yf_ZS=F_d11;18300;ASH_COATED_OSMIUM;9922;20;9920;15;;;9928;9;9930;20;;;9925.0;0.0
yf_ZS=F_d11;18300;INTARIAN_PEPPER_ROOT;10550;18;10546;22;;;10556;28;10558;22;;;10553.0;0.0
yf_ZS=F_d11;18400;ASH_COATED_OSMIUM;9922;23;9920;19;;;9928;16;9930;23;;;9925.0;0.0
yf_ZS=F_d11;18400;INTARIAN_PEPPER_ROOT;10553;6;10550;26;;;10559;13;10562;25;;;10556.0;0.0
yf_ZS=F_d11;18500;ASH_COATED_OSMIUM;9922;17;9918;20;;;9928;25;9932;18;;;9925.0;0.0
yf_ZS=F_d11;18500;INTARIAN_PEPPER_ROOT;10555;14;10553;18;;;10562;19;10565;17;;;10558.5;0.0
yf_ZS=F_d11;18600;ASH_COATED_OSMIUM;9923;12;9919;20;;;9929;19;9933;9;;;9926.0;0.0
yf_ZS=F_d11;18600;INTARIAN_PEPPER_ROOT;10558;21;10556;23;;;10567;10;10570;18;;;10562.5;0.0
yf_ZS=F_d11;18700;ASH_COATED_OSMIUM;9917;10;9914;22;;;9931;17;9933;27;;;9924.0;0.0
yf_ZS=F_d11;18700;INTARIAN_PEPPER_ROOT;10561;13;10558;33;;;10569;6;10571;19;;;10565.0;0.0
yf_ZS=F_d11;18800;ASH_COATED_OSMIUM;9915;19;9912;24;;;9935;17;9939;22;;;9925.0;0.0
yf_ZS=F_d11;18800;INTARIAN_PEPPER_ROOT;10556;8;10553;21;;;10579;18;10582;21;;;10567.5;0.0
yf_ZS=F_d11;18900;ASH_COATED_OSMIUM;9922;12;9920;14;;;9928;20;9930;20;;;9925.0;0.0
yf_ZS=F_d11;18900;INTARIAN_PEPPER_ROOT;10568;21;10565;22;;;10574;6;10576;20;;;10571.0;0.0
yf_ZS=F_d11;19000;ASH_COATED_OSMIUM;9916;18;9912;16;;;9934;23;9936;18;;;9925.0;0.0
yf_ZS=F_d11;19000;INTARIAN_PEPPER_ROOT;10571;14;10567;19;;;10577;16;10581;27;;;10574.0;0.0
yf_ZS=F_d11;19100;ASH_COATED_OSMIUM;9916;7;9914;20;;;9933;11;9935;27;;;9924.5;0.0
yf_ZS=F_d11;19100;INTARIAN_PEPPER_ROOT;10569;20;10567;21;;;10585;23;10588;20;;;10577.0;0.0
yf_ZS=F_d11;19200;ASH_COATED_OSMIUM;9922;18;9920;21;;;9929;16;9933;25;;;9925.5;0.0
yf_ZS=F_d11;19200;INTARIAN_PEPPER_ROOT;10576;13;10572;15;;;10582;25;10586;16;;;10579.0;0.0
yf_ZS=F_d11;19300;ASH_COATED_OSMIUM;9922;10;9919;8;;;9928;11;9931;25;;;9925.0;0.0
yf_ZS=F_d11;19300;INTARIAN_PEPPER_ROOT;10580;8;10577;23;;;10586;8;10589;13;;;10583.0;0.0
yf_ZS=F_d11;19400;ASH_COATED_OSMIUM;9922;5;9920;20;;;9928;13;9932;27;;;9925.0;0.0
yf_ZS=F_d11;19400;INTARIAN_PEPPER_ROOT;10581;11;10579;16;;;10588;9;10592;21;;;10584.5;0.0
yf_ZS=F_d11;19500;ASH_COATED_OSMIUM;9920;20;9916;8;;;9928;15;9931;23;;;9924.0;0.0
yf_ZS=F_d11;19500;INTARIAN_PEPPER_ROOT;10583;18;10580;8;;;10594;19;10596;22;;;10588.5;0.0
yf_ZS=F_d11;19600;ASH_COATED_OSMIUM;9922;9;9919;10;;;9928;17;9932;18;;;9925.0;0.0
yf_ZS=F_d11;19600;INTARIAN_PEPPER_ROOT;10582;21;10578;15;;;10600;22;10604;9;;;10591.0;0.0
yf_ZS=F_d11;19700;ASH_COATED_OSMIUM;9922;8;9919;32;;;9928;16;9931;29;;;9925.0;0.0
yf_ZS=F_d11;19700;INTARIAN_PEPPER_ROOT;10591;12;10588;17;;;10597;12;10601;21;;;10594.0;0.0
yf_ZS=F_d11;19800;ASH_COATED_OSMIUM;9922;8;9919;19;;;9929;13;9932;20;;;9925.5;0.0
yf_ZS=F_d11;19800;INTARIAN_PEPPER_ROOT;10593;6;10589;16;;;10602;16;10606;25;;;10597.5;0.0
yf_ZS=F_d11;19900;ASH_COATED_OSMIUM;9923;8;9919;19;;;9929;14;9931;16;;;9926.0;0.0
yf_ZS=F_d11;19900;INTARIAN_PEPPER_ROOT;10597;14;10593;26;;;10603;5;10605;26;;;10600.0;0.0
yf_ZS=F_d11;20000;ASH_COATED_OSMIUM;9920;9;9917;20;;;9930;12;9932;18;;;9925.0;0.0
yf_ZS=F_d11;20000;INTARIAN_PEPPER_ROOT;10598;8;10596;21;;;10607;12;10609;25;;;10602.5;0.0
yf_ZS=F_d11;20100;ASH_COATED_OSMIUM;9917;17;9915;21;;;9934;10;9937;26;;;9925.5;0.0
yf_ZS=F_d11;20100;INTARIAN_PEPPER_ROOT;10603;15;10600;27;;;10609;12;10613;19;;;10606.0;0.0
yf_ZS=F_d11;20200;ASH_COATED_OSMIUM;9922;8;9919;21;;;9928;16;9931;18;;;9925.0;0.0
yf_ZS=F_d11;20200;INTARIAN_PEPPER_ROOT;10606;21;10602;21;;;10612;16;10614;11;;;10609.0;0.0
yf_ZS=F_d11;20300;ASH_COATED_OSMIUM;9918;13;9914;26;;;9933;13;9935;16;;;9925.5;0.0
yf_ZS=F_d11;20300;INTARIAN_PEPPER_ROOT;10609;11;10605;8;;;10615;12;10619;24;;;10612.0;0.0
yf_ZS=F_d11;20400;ASH_COATED_OSMIUM;9922;14;9920;22;;;9928;13;9931;21;;;9925.0;0.0
yf_ZS=F_d11;20400;INTARIAN_PEPPER_ROOT;10612;9;10609;15;;;10618;10;10620;21;;;10615.0;0.0
yf_ZS=F_d11;20500;ASH_COATED_OSMIUM;9922;20;9920;21;;;9928;21;9930;18;;;9925.0;0.0
yf_ZS=F_d11;20500;INTARIAN_PEPPER_ROOT;10615;18;10611;16;;;10621;13;10623;10;;;10618.0;0.0
yf_ZS=F_d11;20600;ASH_COATED_OSMIUM;9923;19;9919;25;;;9929;12;9933;19;;;9926.0;0.0
yf_ZS=F_d11;20600;INTARIAN_PEPPER_ROOT;10618;15;10616;20;;;10624;11;10628;14;;;10621.0;0.0
yf_ZS=F_d11;20700;ASH_COATED_OSMIUM;9922;9;9920;16;;;9928;21;9931;22;;;9925.0;0.0
yf_ZS=F_d11;20700;INTARIAN_PEPPER_ROOT;10610;16;10607;14;;;10637;13;10640;25;;;10623.5;0.0
yf_ZS=F_d11;20800;ASH_COATED_OSMIUM;9923;9;9921;17;;;9930;24;9932;16;;;9926.5;0.0
yf_ZS=F_d11;20800;INTARIAN_PEPPER_ROOT;10624;8;10620;18;;;10630;9;10634;16;;;10627.0;0.0
yf_ZS=F_d11;20900;ASH_COATED_OSMIUM;9922;20;9919;22;;;9928;15;9930;15;;;9925.0;0.0
yf_ZS=F_d11;20900;INTARIAN_PEPPER_ROOT;10616;14;10613;21;;;10645;16;10647;23;;;10630.5;0.0
yf_ZS=F_d11;21000;ASH_COATED_OSMIUM;9922;17;9920;15;;;9928;14;9930;17;;;9925.0;0.0
yf_ZS=F_d11;21000;INTARIAN_PEPPER_ROOT;10625;16;10621;26;;;10640;12;10642;21;;;10632.5;0.0
yf_ZS=F_d11;21100;ASH_COATED_OSMIUM;9918;11;9916;18;;;9931;15;9934;20;;;9924.5;0.0
yf_ZS=F_d11;21100;INTARIAN_PEPPER_ROOT;10633;19;10630;17;;;10639;13;10643;23;;;10636.0;0.0
yf_ZS=F_d11;21200;ASH_COATED_OSMIUM;9922;18;9918;28;;;9928;11;9932;26;;;9925.0;0.0
yf_ZS=F_d11;21200;INTARIAN_PEPPER_ROOT;10636;12;10633;29;;;10642;11;10645;14;;;10639.0;0.0
yf_ZS=F_d11;21300;ASH_COATED_OSMIUM;9923;11;9921;29;;;9929;16;9933;18;;;9926.0;0.0
yf_ZS=F_d11;21300;INTARIAN_PEPPER_ROOT;10636;16;10634;10;;;10647;15;10649;20;;;10641.5;0.0
yf_ZS=F_d11;21400;ASH_COATED_OSMIUM;9922;20;9918;17;;;9928;12;9930;24;;;9925.0;0.0
yf_ZS=F_d11;21400;INTARIAN_PEPPER_ROOT;10641;15;10637;16;;;10647;5;10650;15;;;10644.0;0.0
yf_ZS=F_d11;21500;ASH_COATED_OSMIUM;9922;17;9920;24;;;9928;18;9931;28;;;9925.0;0.0
yf_ZS=F_d11;21500;INTARIAN_PEPPER_ROOT;10640;17;10637;15;;;10655;12;10658;27;;;10647.5;0.0
yf_ZS=F_d11;21600;ASH_COATED_OSMIUM;9923;13;9919;18;;;9929;21;9932;19;;;9926.0;0.0
yf_ZS=F_d11;21600;INTARIAN_PEPPER_ROOT;10645;5;10643;8;;;10655;18;10657;16;;;10650.0;0.0
yf_ZS=F_d11;21700;ASH_COATED_OSMIUM;9922;17;9919;15;;;9928;20;9931;23;;;9925.0;0.0
yf_ZS=F_d11;21700;INTARIAN_PEPPER_ROOT;10651;27;10647;23;;;10657;15;10659;16;;;10654.0;0.0
yf_ZS=F_d11;21800;ASH_COATED_OSMIUM;9921;21;9919;13;;;9929;15;9931;18;;;9925.0;0.0
yf_ZS=F_d11;21800;INTARIAN_PEPPER_ROOT;10651;16;10647;27;;;10661;14;10663;14;;;10656.0;0.0
yf_ZS=F_d11;21900;ASH_COATED_OSMIUM;9922;16;9918;23;;;9928;19;9931;17;;;9925.0;0.0
yf_ZS=F_d11;21900;INTARIAN_PEPPER_ROOT;10655;7;10651;20;;;10663;14;10667;22;;;10659.0;0.0
yf_ZS=F_d11;22000;ASH_COATED_OSMIUM;9920;8;9918;31;;;9930;19;9934;20;;;9925.0;0.0
yf_ZS=F_d11;22000;INTARIAN_PEPPER_ROOT;10659;15;10655;22;;;10665;14;10668;15;;;10662.0;0.0
yf_ZS=F_d11;22100;ASH_COATED_OSMIUM;9922;11;9920;15;;;9928;19;9931;17;;;9925.0;0.0
yf_ZS=F_d11;22100;INTARIAN_PEPPER_ROOT;10655;18;10653;22;;;10676;7;10680;25;;;10665.5;0.0
yf_ZS=F_d11;22200;ASH_COATED_OSMIUM;9909;26;9907;18;;;9941;8;9943;22;;;9925.0;0.0
yf_ZS=F_d11;22200;INTARIAN_PEPPER_ROOT;10665;26;10662;22;;;10671;6;10674;25;;;10668.0;0.0
yf_ZS=F_d11;22300;ASH_COATED_OSMIUM;9917;7;9913;18;;;9932;20;9935;17;;;9924.5;0.0
yf_ZS=F_d11;22300;INTARIAN_PEPPER_ROOT;10668;13;10665;15;;;10674;18;10678;16;;;10671.0;0.0
yf_ZS=F_d11;22400;ASH_COATED_OSMIUM;9910;15;9907;20;;;9942;14;9944;16;;;9926.0;0.0
yf_ZS=F_d11;22400;INTARIAN_PEPPER_ROOT;10671;8;10669;14;;;10677;18;10681;23;;;10674.0;0.0
yf_ZS=F_d11;22500;ASH_COATED_OSMIUM;9923;19;9920;13;;;9929;8;9931;22;;;9926.0;0.0
yf_ZS=F_d11;22500;INTARIAN_PEPPER_ROOT;10674;13;10670;28;;;10680;13;10683;24;;;10677.0;0.0
yf_ZS=F_d11;22600;ASH_COATED_OSMIUM;9923;9;9921;21;;;9929;13;9931;17;;;9926.0;0.0
yf_ZS=F_d11;22600;INTARIAN_PEPPER_ROOT;10677;15;10674;13;;;10683;17;10686;18;;;10680.0;0.0
yf_ZS=F_d11;22700;ASH_COATED_OSMIUM;9923;22;9921;25;;;9929;19;9933;20;;;9926.0;0.0
yf_ZS=F_d11;22700;INTARIAN_PEPPER_ROOT;10680;12;10676;16;;;10686;13;10689;12;;;10683.0;0.0
yf_ZS=F_d11;22800;ASH_COATED_OSMIUM;9922;18;9920;17;;;9928;19;9930;17;;;9925.0;0.0
yf_ZS=F_d11;22800;INTARIAN_PEPPER_ROOT;10683;14;10679;18;;;10690;14;10693;24;;;10686.5;0.0
yf_ZS=F_d11;22900;ASH_COATED_OSMIUM;9922;17;9919;20;;;9928;11;9932;14;;;9925.0;0.0
yf_ZS=F_d11;22900;INTARIAN_PEPPER_ROOT;10686;13;10682;17;;;10692;15;10696;16;;;10689.0;0.0
yf_ZS=F_d11;23000;ASH_COATED_OSMIUM;9922;16;9918;9;;;9928;23;9931;23;;;9925.0;0.0
yf_ZS=F_d11;23000;INTARIAN_PEPPER_ROOT;10688;16;10685;20;;;10695;18;10699;17;;;10691.5;0.0
yf_ZS=F_d11;23100;ASH_COATED_OSMIUM;9918;13;9915;26;;;9933;19;9935;30;;;9925.5;0.0
yf_ZS=F_d11;23100;INTARIAN_PEPPER_ROOT;10692;20;10689;23;;;10698;18;10702;13;;;10695.0;0.0
yf_ZS=F_d11;23200;ASH_COATED_OSMIUM;9904;9;9901;24;;;9947;9;9949;12;;;9925.5;0.0
yf_ZS=F_d11;23200;INTARIAN_PEPPER_ROOT;10694;18;10690;18;;;10701;10;10703;14;;;10697.5;0.0
yf_ZS=F_d11;23300;ASH_COATED_OSMIUM;9922;22;9918;22;;;9928;17;9931;14;;;9925.0;0.0
yf_ZS=F_d11;23300;INTARIAN_PEPPER_ROOT;10698;5;10696;8;;;10704;18;10708;19;;;10701.0;0.0
yf_ZS=F_d11;23400;ASH_COATED_OSMIUM;9922;22;9920;19;;;9928;12;9930;16;;;9925.0;0.0
yf_ZS=F_d11;23400;INTARIAN_PEPPER_ROOT;10697;15;10693;13;;;10710;14;10712;13;;;10703.5;0.0
yf_ZS=F_d11;23500;ASH_COATED_OSMIUM;9922;13;9920;19;;;9928;10;9931;25;;;9925.0;0.0
yf_ZS=F_d11;23500;INTARIAN_PEPPER_ROOT;10703;5;10701;23;;;10709;19;10713;19;;;10706.0;0.0
yf_ZS=F_d11;23600;ASH_COATED_OSMIUM;9922;15;9919;14;;;9930;15;9932;13;;;9926.0;0.0
yf_ZS=F_d11;23600;INTARIAN_PEPPER_ROOT;10706;12;10703;24;;;10714;14;10717;18;;;10710.0;0.0
yf_ZS=F_d11;23700;ASH_COATED_OSMIUM;9922;12;9918;23;;;9928;7;9931;25;;;9925.0;0.0
yf_ZS=F_d11;23700;INTARIAN_PEPPER_ROOT;10710;23;10707;31;;;10716;14;10718;16;;;10713.0;0.0
yf_ZS=F_d11;23800;ASH_COATED_OSMIUM;9923;11;9920;18;;;9929;15;9932;16;;;9926.0;0.0
yf_ZS=F_d11;23800;INTARIAN_PEPPER_ROOT;10708;19;10704;21;;;10723;14;10725;26;;;10715.5;0.0
yf_ZS=F_d11;23900;ASH_COATED_OSMIUM;9919;15;9916;21;;;9930;21;9934;33;;;9924.5;0.0
yf_ZS=F_d11;23900;INTARIAN_PEPPER_ROOT;10714;23;10712;20;;;10723;9;10727;12;;;10718.5;0.0
yf_ZS=F_d11;24000;ASH_COATED_OSMIUM;9921;11;9918;11;;;9931;20;9933;23;;;9926.0;0.0
yf_ZS=F_d11;24000;INTARIAN_PEPPER_ROOT;10719;20;10715;27;;;10725;9;10729;20;;;10722.0;0.0
yf_ZS=F_d11;24100;ASH_COATED_OSMIUM;9922;20;9919;25;;;9929;19;9932;25;;;9925.5;0.0
yf_ZS=F_d11;24100;INTARIAN_PEPPER_ROOT;10721;21;10717;14;;;10727;16;10730;16;;;10724.0;0.0
yf_ZS=F_d11;24200;ASH_COATED_OSMIUM;9919;8;9916;18;;;9932;20;9934;15;;;9925.5;0.0
yf_ZS=F_d11;24200;INTARIAN_PEPPER_ROOT;10724;14;10721;21;;;10730;19;10733;11;;;10727.0;0.0
yf_ZS=F_d11;24300;ASH_COATED_OSMIUM;9918;15;9915;23;;;9933;9;9936;23;;;9925.5;0.0
yf_ZS=F_d11;24300;INTARIAN_PEPPER_ROOT;10727;15;10725;15;;;10733;11;10736;13;;;10730.0;0.0
yf_ZS=F_d11;24400;ASH_COATED_OSMIUM;9920;20;9916;25;;;9931;7;9933;27;;;9925.5;0.0
yf_ZS=F_d11;24400;INTARIAN_PEPPER_ROOT;10731;21;10728;18;;;10737;19;10741;9;;;10734.0;0.0
yf_ZS=F_d11;24500;ASH_COATED_OSMIUM;9921;12;9919;27;;;9931;22;9935;17;;;9926.0;0.0
yf_ZS=F_d11;24500;INTARIAN_PEPPER_ROOT;10726;11;10723;24;;;10745;21;10747;17;;;10735.5;0.0
yf_ZS=F_d11;24600;ASH_COATED_OSMIUM;9923;14;9919;22;;;9929;11;9931;24;;;9926.0;0.0
yf_ZS=F_d11;24600;INTARIAN_PEPPER_ROOT;10736;13;10733;16;;;10742;20;10746;22;;;10739.0;0.0
yf_ZS=F_d11;24700;ASH_COATED_OSMIUM;9923;19;9920;24;;;9929;15;9932;23;;;9926.0;0.0
yf_ZS=F_d11;24700;INTARIAN_PEPPER_ROOT;10739;17;10737;20;;;10745;6;10747;17;;;10742.0;0.0
yf_ZS=F_d11;24800;ASH_COATED_OSMIUM;9922;15;9918;11;;;9928;16;9931;12;;;9925.0;0.0
yf_ZS=F_d11;24800;INTARIAN_PEPPER_ROOT;10737;21;10733;23;;;10754;11;10758;22;;;10745.5;0.0
yf_ZS=F_d11;24900;ASH_COATED_OSMIUM;9913;20;9909;17;;;9937;10;9940;13;;;9925.0;0.0
yf_ZS=F_d11;24900;INTARIAN_PEPPER_ROOT;10745;16;10741;19;;;10751;15;10753;17;;;10748.0;0.0
yf_ZS=F_d11;25000;ASH_COATED_OSMIUM;9923;12;9919;20;;;9929;17;9932;15;;;9926.0;0.0
yf_ZS=F_d11;25000;INTARIAN_PEPPER_ROOT;10749;18;10745;18;;;10755;10;10758;21;;;10752.0;0.0
yf_ZS=F_d11;25100;ASH_COATED_OSMIUM;9922;9;9919;13;;;9928;13;9931;19;;;9925.0;0.0
yf_ZS=F_d11;25100;INTARIAN_PEPPER_ROOT;10741;21;10739;8;;;10768;15;10770;14;;;10754.5;0.0
yf_ZS=F_d11;25200;ASH_COATED_OSMIUM;9923;13;9921;17;;;9929;14;9931;13;;;9926.0;0.0
yf_ZS=F_d11;25200;INTARIAN_PEPPER_ROOT;10752;10;10750;24;;;10763;6;10765;23;;;10757.5;0.0
yf_ZS=F_d11;25300;ASH_COATED_OSMIUM;9920;14;9916;27;;;9931;17;9933;19;;;9925.5;0.0
yf_ZS=F_d11;25300;INTARIAN_PEPPER_ROOT;10756;20;10752;23;;;10764;24;10766;22;;;10760.0;0.0
yf_ZS=F_d11;25400;ASH_COATED_OSMIUM;9923;7;9919;25;;;9929;10;9933;15;;;9926.0;0.0
yf_ZS=F_d11;25400;INTARIAN_PEPPER_ROOT;10758;17;10754;22;;;10768;13;10770;24;;;10763.0;0.0
yf_ZS=F_d11;25500;ASH_COATED_OSMIUM;9923;12;9921;21;;;9929;23;9932;30;;;9926.0;0.0
yf_ZS=F_d11;25500;INTARIAN_PEPPER_ROOT;10761;13;10759;9;;;10772;21;10774;17;;;10766.5;0.0
yf_ZS=F_d11;25600;ASH_COATED_OSMIUM;9923;15;9919;18;;;9929;18;9931;27;;;9926.0;0.0
yf_ZS=F_d11;25600;INTARIAN_PEPPER_ROOT;10766;14;10763;18;;;10772;16;10776;20;;;10769.0;0.0
yf_ZS=F_d11;25700;ASH_COATED_OSMIUM;9922;13;9918;18;;;9928;20;9930;15;;;9925.0;0.0
yf_ZS=F_d11;25700;INTARIAN_PEPPER_ROOT;10768;14;10765;21;;;10774;17;10776;13;;;10771.0;0.0
yf_ZS=F_d11;25800;ASH_COATED_OSMIUM;9923;20;9920;20;;;9929;5;9931;19;;;9926.0;0.0
yf_ZS=F_d11;25800;INTARIAN_PEPPER_ROOT;10772;15;10770;21;;;10778;16;10781;21;;;10775.0;0.0
yf_ZS=F_d11;25900;ASH_COATED_OSMIUM;9923;15;9919;25;;;9929;7;9931;23;;;9926.0;0.0
yf_ZS=F_d11;25900;INTARIAN_PEPPER_ROOT;10760;12;10758;22;;;10795;22;10799;14;;;10777.5;0.0
yf_ZS=F_d11;26000;ASH_COATED_OSMIUM;9921;19;9917;20;;;9932;16;9934;15;;;9926.5;0.0
yf_ZS=F_d11;26000;INTARIAN_PEPPER_ROOT;10778;10;10774;20;;;10784;20;10788;31;;;10781.0;0.0
yf_ZS=F_d11;26100;ASH_COATED_OSMIUM;9923;13;9921;10;;;9929;8;9933;22;;;9926.0;0.0
yf_ZS=F_d11;26100;INTARIAN_PEPPER_ROOT;10765;14;10763;20;;;10802;20;10806;12;;;10783.5;0.0
yf_ZS=F_d11;26200;ASH_COATED_OSMIUM;9918;17;9915;9;;;9933;14;9936;11;;;9925.5;0.0
yf_ZS=F_d11;26200;INTARIAN_PEPPER_ROOT;10784;21;10782;19;;;10790;11;10792;19;;;10787.0;0.0
yf_ZS=F_d11;26300;ASH_COATED_OSMIUM;9923;20;9920;13;;;9929;17;9931;24;;;9926.0;0.0
yf_ZS=F_d11;26300;INTARIAN_PEPPER_ROOT;10784;14;10782;22;;;10795;17;10798;17;;;10789.5;0.0
yf_ZS=F_d11;26400;ASH_COATED_OSMIUM;9922;18;9920;18;;;9929;19;9931;19;;;9925.5;0.0
yf_ZS=F_d11;26400;INTARIAN_PEPPER_ROOT;10790;14;10787;23;;;10796;5;10798;15;;;10793.0;0.0
yf_ZS=F_d11;26500;ASH_COATED_OSMIUM;9922;13;9919;19;;;9930;12;9934;18;;;9926.0;0.0
yf_ZS=F_d11;26500;INTARIAN_PEPPER_ROOT;10792;17;10789;15;;;10798;14;10800;23;;;10795.0;0.0
yf_ZS=F_d11;26600;ASH_COATED_OSMIUM;9916;27;9912;16;;;9937;23;9941;23;;;9926.5;0.0
yf_ZS=F_d11;26600;INTARIAN_PEPPER_ROOT;10796;11;10793;15;;;10802;14;10804;30;;;10799.0;0.0
yf_ZS=F_d11;26700;ASH_COATED_OSMIUM;9915;14;9913;27;;;9935;9;9937;8;;;9925.0;0.0
yf_ZS=F_d11;26700;INTARIAN_PEPPER_ROOT;10799;13;10797;26;;;10805;15;10808;15;;;10802.0;0.0
yf_ZS=F_d11;26800;ASH_COATED_OSMIUM;9916;17;9914;16;;;9935;18;9939;19;;;9925.5;0.0
yf_ZS=F_d11;26800;INTARIAN_PEPPER_ROOT;10802;10;10799;16;;;10808;18;10811;23;;;10805.0;0.0
yf_ZS=F_d11;26900;ASH_COATED_OSMIUM;9920;12;9917;16;;;9931;13;9933;15;;;9925.5;0.0
yf_ZS=F_d11;26900;INTARIAN_PEPPER_ROOT;10804;22;10800;17;;;10811;16;10813;20;;;10807.5;0.0
yf_ZS=F_d11;27000;ASH_COATED_OSMIUM;9923;12;9920;15;;;9929;14;9931;18;;;9926.0;0.0
yf_ZS=F_d11;27000;INTARIAN_PEPPER_ROOT;10805;22;10802;19;;;10815;19;10817;17;;;10810.0;0.0
yf_ZS=F_d11;27100;ASH_COATED_OSMIUM;9923;21;9920;21;;;9929;16;9932;18;;;9926.0;0.0
yf_ZS=F_d11;27100;INTARIAN_PEPPER_ROOT;10798;15;10796;24;;;10829;12;10832;14;;;10813.5;0.0
yf_ZS=F_d11;27200;ASH_COATED_OSMIUM;9923;17;9920;18;;;9929;19;9933;15;;;9926.0;0.0
yf_ZS=F_d11;27200;INTARIAN_PEPPER_ROOT;10813;16;10809;26;;;10819;17;10823;18;;;10816.0;0.0
yf_ZS=F_d11;27300;ASH_COATED_OSMIUM;9923;5;9919;13;;;9929;11;9931;12;;;9926.0;0.0
yf_ZS=F_d11;27300;INTARIAN_PEPPER_ROOT;10816;16;10813;26;;;10822;10;10826;23;;;10819.0;0.0
yf_ZS=F_d11;27400;ASH_COATED_OSMIUM;9922;5;9918;21;;;9928;6;9932;28;;;9925.0;0.0
yf_ZS=F_d11;27400;INTARIAN_PEPPER_ROOT;10819;13;10815;17;;;10825;15;10828;16;;;10822.0;0.0
yf_ZS=F_d11;27500;ASH_COATED_OSMIUM;9923;14;9919;25;;;9929;8;9931;24;;;9926.0;0.0
yf_ZS=F_d11;27500;INTARIAN_PEPPER_ROOT;10822;15;10818;21;;;10828;12;10832;19;;;10825.0;0.0
yf_ZS=F_d11;27600;ASH_COATED_OSMIUM;9923;10;9920;14;;;9929;22;9931;26;;;9926.0;0.0
yf_ZS=F_d11;27600;INTARIAN_PEPPER_ROOT;10824;15;10820;13;;;10830;14;10834;23;;;10827.0;0.0
yf_ZS=F_d11;27700;ASH_COATED_OSMIUM;9920;14;9916;15;;;9930;16;9933;22;;;9925.0;0.0
yf_ZS=F_d11;27700;INTARIAN_PEPPER_ROOT;10828;14;10824;21;;;10834;12;10836;22;;;10831.0;0.0
yf_ZS=F_d11;27800;ASH_COATED_OSMIUM;9923;13;9920;13;;;9929;19;9931;26;;;9926.0;0.0
yf_ZS=F_d11;27800;INTARIAN_PEPPER_ROOT;10831;17;10827;25;;;10837;14;10840;22;;;10834.0;0.0
yf_ZS=F_d11;27900;ASH_COATED_OSMIUM;9923;6;9919;13;;;9929;19;9933;15;;;9926.0;0.0
yf_ZS=F_d11;27900;INTARIAN_PEPPER_ROOT;10827;12;10824;22;;;10849;11;10852;12;;;10838.0;0.0
yf_ZS=F_d11;28000;ASH_COATED_OSMIUM;9923;8;9920;16;;;9929;12;9932;14;;;9926.0;0.0
yf_ZS=F_d11;28000;INTARIAN_PEPPER_ROOT;10837;17;10834;22;;;10843;22;10847;24;;;10840.0;0.0
yf_ZS=F_d11;28100;ASH_COATED_OSMIUM;9923;17;9919;16;;;9929;18;9932;21;;;9926.0;0.0
yf_ZS=F_d11;28100;INTARIAN_PEPPER_ROOT;10840;13;10837;24;;;10846;20;10848;15;;;10843.0;0.0
yf_ZS=F_d11;28200;ASH_COATED_OSMIUM;9923;14;9920;25;;;9929;26;9931;29;;;9926.0;0.0
yf_ZS=F_d11;28200;INTARIAN_PEPPER_ROOT;10843;18;10841;27;;;10849;16;10851;30;;;10846.0;0.0
yf_ZS=F_d11;28300;ASH_COATED_OSMIUM;9923;14;9921;18;;;9929;8;9933;21;;;9926.0;0.0
yf_ZS=F_d11;28300;INTARIAN_PEPPER_ROOT;10844;12;10840;18;;;10854;13;10858;24;;;10849.0;0.0
yf_ZS=F_d11;28400;ASH_COATED_OSMIUM;9923;12;9920;17;;;9929;12;9933;16;;;9926.0;0.0
yf_ZS=F_d11;28400;INTARIAN_PEPPER_ROOT;10848;18;10846;25;;;10856;12;10859;13;;;10852.0;0.0
yf_ZS=F_d11;28500;ASH_COATED_OSMIUM;9923;14;9919;15;;;9929;20;9933;26;;;9926.0;0.0
yf_ZS=F_d11;28500;INTARIAN_PEPPER_ROOT;10852;14;10848;13;;;10858;14;10861;17;;;10855.0;0.0
yf_ZS=F_d11;28600;ASH_COATED_OSMIUM;9923;8;9919;20;;;9929;19;9931;16;;;9926.0;0.0
yf_ZS=F_d11;28600;INTARIAN_PEPPER_ROOT;10847;12;10844;15;;;10867;9;10869;26;;;10857.0;0.0
yf_ZS=F_d11;28700;ASH_COATED_OSMIUM;9923;6;9920;13;;;9929;18;9932;19;;;9926.0;0.0
yf_ZS=F_d11;28700;INTARIAN_PEPPER_ROOT;10858;18;10856;24;;;10864;25;10866;15;;;10861.0;0.0
yf_ZS=F_d11;28800;ASH_COATED_OSMIUM;9923;11;9919;11;;;9929;5;9933;22;;;9926.0;0.0
yf_ZS=F_d11;28800;INTARIAN_PEPPER_ROOT;10861;23;10859;26;;;10867;15;10869;19;;;10864.0;0.0
yf_ZS=F_d11;28900;ASH_COATED_OSMIUM;9922;16;9920;29;;;9928;20;9931;31;;;9925.0;0.0
yf_ZS=F_d11;28900;INTARIAN_PEPPER_ROOT;10858;12;10854;13;;;10875;10;10877;22;;;10866.5;0.0
yf_ZS=F_d11;29000;ASH_COATED_OSMIUM;9923;15;9921;10;;;9929;17;9932;23;;;9926.0;0.0
yf_ZS=F_d11;29000;INTARIAN_PEPPER_ROOT;10867;20;10863;18;;;10873;13;10876;22;;;10870.0;0.0
yf_ZS=F_d11;29100;ASH_COATED_OSMIUM;9923;10;9921;22;;;9929;17;9933;16;;;9926.0;0.0
yf_ZS=F_d11;29100;INTARIAN_PEPPER_ROOT;10870;10;10866;23;;;10876;17;10880;23;;;10873.0;0.0
yf_ZS=F_d11;29200;ASH_COATED_OSMIUM;9920;28;9918;21;;;9933;12;9937;15;;;9926.5;0.0
yf_ZS=F_d11;29200;INTARIAN_PEPPER_ROOT;10868;27;10865;13;;;10883;11;10885;16;;;10875.5;0.0
yf_ZS=F_d11;29300;ASH_COATED_OSMIUM;9923;21;9920;17;;;9929;12;9932;26;;;9926.0;0.0
yf_ZS=F_d11;29300;INTARIAN_PEPPER_ROOT;10876;12;10873;24;;;10882;11;10886;13;;;10879.0;0.0
yf_ZS=F_d11;29400;ASH_COATED_OSMIUM;9920;5;9917;22;;;9932;6;9935;11;;;9926.0;0.0
yf_ZS=F_d11;29400;INTARIAN_PEPPER_ROOT;10878;15;10874;12;;;10884;12;10887;17;;;10881.0;0.0
yf_ZS=F_d11;29500;ASH_COATED_OSMIUM;9923;7;9920;19;;;9929;13;9933;23;;;9926.0;0.0
yf_ZS=F_d11;29500;INTARIAN_PEPPER_ROOT;10881;9;10879;21;;;10889;14;10893;22;;;10885.0;0.0
yf_ZS=F_d11;29600;ASH_COATED_OSMIUM;9923;11;9920;24;;;9929;17;9931;13;;;9926.0;0.0
yf_ZS=F_d11;29600;INTARIAN_PEPPER_ROOT;10877;21;10874;24;;;10898;23;10900;23;;;10887.5;0.0
yf_ZS=F_d11;29700;ASH_COATED_OSMIUM;9924;15;9921;17;;;9930;20;9933;19;;;9927.0;0.0
yf_ZS=F_d11;29700;INTARIAN_PEPPER_ROOT;10887;13;10884;22;;;10893;13;10895;16;;;10890.0;0.0
yf_ZS=F_d11;29800;ASH_COATED_OSMIUM;9923;12;9920;23;;;9929;8;9933;26;;;9926.0;0.0
yf_ZS=F_d11;29800;INTARIAN_PEPPER_ROOT;10890;15;10886;26;;;10896;16;10898;25;;;10893.0;0.0
yf_ZS=F_d11;29900;ASH_COATED_OSMIUM;9923;11;9919;16;;;9929;22;9931;17;;;9926.0;0.0
yf_ZS=F_d11;29900;INTARIAN_PEPPER_ROOT;10893;15;10889;24;;;10899;25;10901;23;;;10896.0;0.0
yf_ZS=F_d11;30000;ASH_COATED_OSMIUM;9922;15;9920;22;;;9929;20;9932;23;;;9925.5;0.0
yf_ZS=F_d11;30000;INTARIAN_PEPPER_ROOT;10895;17;10892;20;;;10903;14;10905;20;;;10899.0;0.0
yf_ZS=F_d11;30100;ASH_COATED_OSMIUM;9923;7;9921;26;;;9929;14;9933;13;;;9926.0;0.0
yf_ZS=F_d11;30100;INTARIAN_PEPPER_ROOT;10899;9;10896;11;;;10905;10;10908;16;;;10902.0;0.0
yf_ZS=F_d11;30200;ASH_COATED_OSMIUM;9923;14;9920;11;;;9930;13;9934;18;;;9926.5;0.0
yf_ZS=F_d11;30200;INTARIAN_PEPPER_ROOT;10899;9;10897;14;;;10911;19;10915;11;;;10905.0;0.0
yf_ZS=F_d11;30300;ASH_COATED_OSMIUM;9915;12;9911;23;;;9936;22;9940;9;;;9925.5;0.0
yf_ZS=F_d11;30300;INTARIAN_PEPPER_ROOT;10904;17;10901;18;;;10914;16;10916;22;;;10909.0;0.0
yf_ZS=F_d11;30400;ASH_COATED_OSMIUM;9924;16;9920;14;;;9930;21;9932;25;;;9927.0;0.0
yf_ZS=F_d11;30400;INTARIAN_PEPPER_ROOT;10908;8;10905;12;;;10914;17;10918;27;;;10911.0;0.0
yf_ZS=F_d11;30500;ASH_COATED_OSMIUM;9924;13;9920;18;;;9930;7;9933;28;;;9927.0;0.0
yf_ZS=F_d11;30500;INTARIAN_PEPPER_ROOT;10909;19;10906;23;;;10920;13;10924;12;;;10914.5;0.0
yf_ZS=F_d11;30600;ASH_COATED_OSMIUM;9923;15;9921;21;;;9929;20;9932;21;;;9926.0;0.0
yf_ZS=F_d11;30600;INTARIAN_PEPPER_ROOT;10914;16;10911;24;;;10920;12;10922;23;;;10917.0;0.0
yf_ZS=F_d11;30700;ASH_COATED_OSMIUM;9923;12;9921;23;;;9929;16;9931;22;;;9926.0;0.0
yf_ZS=F_d11;30700;INTARIAN_PEPPER_ROOT;10917;11;10914;22;;;10923;13;10927;27;;;10920.0;0.0
yf_ZS=F_d11;30800;ASH_COATED_OSMIUM;9923;11;9921;24;;;9929;13;9933;21;;;9926.0;0.0
yf_ZS=F_d11;30800;INTARIAN_PEPPER_ROOT;10918;21;10916;13;;;10928;5;10931;20;;;10923.0;0.0
yf_ZS=F_d11;30900;ASH_COATED_OSMIUM;9924;14;9921;19;;;9930;15;9933;25;;;9927.0;0.0
yf_ZS=F_d11;30900;INTARIAN_PEPPER_ROOT;10923;14;10921;11;;;10929;9;10931;24;;;10926.0;0.0
yf_ZS=F_d11;31000;ASH_COATED_OSMIUM;9923;12;9921;19;;;9929;11;9932;25;;;9926.0;0.0
yf_ZS=F_d11;31000;INTARIAN_PEPPER_ROOT;10925;17;10921;17;;;10933;12;10937;19;;;10929.0;0.0
yf_ZS=F_d11;31100;ASH_COATED_OSMIUM;9923;17;9921;19;;;9929;21;9932;16;;;9926.0;0.0
yf_ZS=F_d11;31100;INTARIAN_PEPPER_ROOT;10927;21;10923;20;;;10937;23;10941;23;;;10932.0;0.0
yf_ZS=F_d11;31200;ASH_COATED_OSMIUM;9924;21;9921;31;;;9930;9;9934;26;;;9927.0;0.0
yf_ZS=F_d11;31200;INTARIAN_PEPPER_ROOT;10913;9;10911;33;;;10957;18;10961;16;;;10935.0;0.0
yf_ZS=F_d11;31300;ASH_COATED_OSMIUM;9914;15;9911;20;;;9939;15;9942;13;;;9926.5;0.0
yf_ZS=F_d11;31300;INTARIAN_PEPPER_ROOT;10934;20;10932;22;;;10941;18;10944;22;;;10937.5;0.0
yf_ZS=F_d11;31400;ASH_COATED_OSMIUM;9923;16;9919;16;;;9929;12;9933;25;;;9926.0;0.0
yf_ZS=F_d11;31400;INTARIAN_PEPPER_ROOT;10928;7;10924;9;;;10954;10;10957;13;;;10941.0;0.0
yf_ZS=F_d11;31500;ASH_COATED_OSMIUM;9923;22;9919;20;;;9929;15;9931;30;;;9926.0;0.0
yf_ZS=F_d11;31500;INTARIAN_PEPPER_ROOT;10939;12;10935;17;;;10947;18;10949;18;;;10943.0;0.0
yf_ZS=F_d11;31600;ASH_COATED_OSMIUM;9923;13;9919;15;;;9929;10;9932;19;;;9926.0;0.0
yf_ZS=F_d11;31600;INTARIAN_PEPPER_ROOT;10941;18;10939;23;;;10952;5;10955;15;;;10946.5;0.0
yf_ZS=F_d11;31700;ASH_COATED_OSMIUM;9923;20;9920;17;;;9929;25;9931;19;;;9926.0;0.0
yf_ZS=F_d11;31700;INTARIAN_PEPPER_ROOT;10947;6;10945;20;;;10953;11;10956;20;;;10950.0;0.0
yf_ZS=F_d11;31800;ASH_COATED_OSMIUM;9923;12;9920;22;;;9929;11;9931;21;;;9926.0;0.0
yf_ZS=F_d11;31800;INTARIAN_PEPPER_ROOT;10949;15;10947;20;;;10955;14;10959;15;;;10952.0;0.0
yf_ZS=F_d11;31900;ASH_COATED_OSMIUM;9919;16;9915;13;;;9934;23;9938;18;;;9926.5;0.0
yf_ZS=F_d11;31900;INTARIAN_PEPPER_ROOT;10951;17;10949;22;;;10960;18;10962;14;;;10955.5;0.0
yf_ZS=F_d11;32000;ASH_COATED_OSMIUM;9920;18;9917;15;;;9933;5;9936;15;;;9926.5;0.0
yf_ZS=F_d11;32000;INTARIAN_PEPPER_ROOT;10955;10;10953;18;;;10961;9;10965;20;;;10958.0;0.0
yf_ZS=F_d11;32100;ASH_COATED_OSMIUM;9918;15;9915;27;;;9936;9;9938;19;;;9927.0;0.0
yf_ZS=F_d11;32100;INTARIAN_PEPPER_ROOT;10955;20;10951;14;;;10968;11;10971;22;;;10961.5;0.0
yf_ZS=F_d11;32200;ASH_COATED_OSMIUM;9924;16;9921;16;;;9930;17;9933;26;;;9927.0;0.0
yf_ZS=F_d11;32200;INTARIAN_PEPPER_ROOT;10962;10;10960;24;;;10968;13;10970;17;;;10965.0;0.0
yf_ZS=F_d11;32300;ASH_COATED_OSMIUM;9923;13;9921;33;;;9929;21;9932;23;;;9926.0;0.0
yf_ZS=F_d11;32300;INTARIAN_PEPPER_ROOT;10965;22;10963;22;;;10971;14;10973;28;;;10968.0;0.0
yf_ZS=F_d11;32400;ASH_COATED_OSMIUM;9922;10;9920;16;;;9930;12;9932;29;;;9926.0;0.0
yf_ZS=F_d11;32400;INTARIAN_PEPPER_ROOT;10957;22;10954;29;;;10983;17;10987;24;;;10970.0;0.0
yf_ZS=F_d11;32500;ASH_COATED_OSMIUM;9923;11;9921;14;;;9930;22;9933;15;;;9926.5;0.0
yf_ZS=F_d11;32500;INTARIAN_PEPPER_ROOT;10970;15;10966;18;;;10976;13;10978;22;;;10973.0;0.0
yf_ZS=F_d11;32600;ASH_COATED_OSMIUM;9924;24;9921;22;;;9930;16;9934;9;;;9927.0;0.0
yf_ZS=F_d11;32600;INTARIAN_PEPPER_ROOT;10973;17;10970;24;;;10979;13;10982;15;;;10976.0;0.0
yf_ZS=F_d11;32700;ASH_COATED_OSMIUM;9923;13;9919;21;;;9929;21;9931;17;;;9926.0;0.0
yf_ZS=F_d11;32700;INTARIAN_PEPPER_ROOT;10975;14;10971;20;;;10984;14;10988;18;;;10979.5;0.0
yf_ZS=F_d11;32800;ASH_COATED_OSMIUM;9923;19;9919;23;;;9929;15;9932;22;;;9926.0;0.0
yf_ZS=F_d11;32800;INTARIAN_PEPPER_ROOT;10974;15;10971;12;;;10991;13;10994;23;;;10982.5;0.0
yf_ZS=F_d11;32900;ASH_COATED_OSMIUM;9922;10;9920;17;;;9932;16;9935;23;;;9927.0;0.0
yf_ZS=F_d11;32900;INTARIAN_PEPPER_ROOT;10983;23;10979;23;;;10989;12;10991;19;;;10986.0;0.0
yf_ZS=F_d11;33000;ASH_COATED_OSMIUM;9917;13;9915;18;;;9935;13;9938;25;;;9926.0;0.0
yf_ZS=F_d11;33000;INTARIAN_PEPPER_ROOT;10985;8;10981;15;;;10991;9;10993;20;;;10988.0;0.0
yf_ZS=F_d11;33100;ASH_COATED_OSMIUM;9924;18;9921;22;;;9930;9;9934;25;;;9927.0;0.0
yf_ZS=F_d11;33100;INTARIAN_PEPPER_ROOT;10974;18;10970;21;;;11007;13;11010;18;;;10990.5;0.0
yf_ZS=F_d11;33200;ASH_COATED_OSMIUM;9921;9;9918;20;;;9932;14;9936;16;;;9926.5;0.0
yf_ZS=F_d11;33200;INTARIAN_PEPPER_ROOT;10988;27;10986;24;;;11000;9;11004;20;;;10994.0;0.0
yf_ZS=F_d11;33300;ASH_COATED_OSMIUM;9924;14;9921;24;;;9930;9;9932;24;;;9927.0;0.0
yf_ZS=F_d11;33300;INTARIAN_PEPPER_ROOT;10994;26;10991;20;;;11000;13;11003;23;;;10997.0;0.0
yf_ZS=F_d11;33400;ASH_COATED_OSMIUM;9924;11;9922;21;;;9930;7;9933;23;;;9927.0;0.0
yf_ZS=F_d11;33400;INTARIAN_PEPPER_ROOT;10996;11;10993;11;;;11002;13;11004;20;;;10999.0;0.0
yf_ZS=F_d11;33500;ASH_COATED_OSMIUM;9924;21;9922;13;;;9930;22;9933;21;;;9927.0;0.0
yf_ZS=F_d11;33500;INTARIAN_PEPPER_ROOT;10999;17;10996;18;;;11007;17;11010;17;;;11003.0;0.0
yf_ZS=F_d11;33600;ASH_COATED_OSMIUM;9922;13;9919;14;;;9931;12;9933;13;;;9926.5;0.0
yf_ZS=F_d11;33600;INTARIAN_PEPPER_ROOT;11003;5;10999;14;;;11009;12;11011;21;;;11006.0;0.0
yf_ZS=F_d11;33700;ASH_COATED_OSMIUM;9924;14;9920;24;;;9930;16;9932;22;;;9927.0;0.0
yf_ZS=F_d11;33700;INTARIAN_PEPPER_ROOT;10998;21;10995;24;;;11018;23;11022;16;;;11008.0;0.0
yf_ZS=F_d11;33800;ASH_COATED_OSMIUM;9924;18;9922;14;;;9930;18;9934;13;;;9927.0;0.0
yf_ZS=F_d11;33800;INTARIAN_PEPPER_ROOT;11007;15;11005;19;;;11015;16;11019;8;;;11011.0;0.0
yf_ZS=F_d11;33900;ASH_COATED_OSMIUM;9924;24;9920;14;;;9930;6;9933;26;;;9927.0;0.0
yf_ZS=F_d11;33900;INTARIAN_PEPPER_ROOT;11010;5;11006;17;;;11019;12;11023;10;;;11014.5;0.0
yf_ZS=F_d11;34000;ASH_COATED_OSMIUM;9923;20;9919;19;;;9931;25;9934;18;;;9927.0;0.0
yf_ZS=F_d11;34000;INTARIAN_PEPPER_ROOT;11013;9;11010;19;;;11019;14;11021;13;;;11016.0;0.0
yf_ZS=F_d11;34100;ASH_COATED_OSMIUM;9924;16;9922;15;;;9930;8;9933;17;;;9927.0;0.0
yf_ZS=F_d11;34100;INTARIAN_PEPPER_ROOT;11015;17;11012;21;;;11021;18;11024;32;;;11018.0;0.0
yf_ZS=F_d11;34200;ASH_COATED_OSMIUM;9916;15;9912;21;;;9938;23;9940;30;;;9927.0;0.0
yf_ZS=F_d11;34200;INTARIAN_PEPPER_ROOT;11005;6;11003;22;;;11034;13;11038;21;;;11019.5;0.0
yf_ZS=F_d11;34300;ASH_COATED_OSMIUM;9922;20;9919;9;;;9931;15;9934;20;;;9926.5;0.0
yf_ZS=F_d11;34300;INTARIAN_PEPPER_ROOT;11018;10;11015;18;;;11024;13;11027;9;;;11021.0;0.0
yf_ZS=F_d11;34400;ASH_COATED_OSMIUM;9923;18;9921;20;;;9929;18;9931;22;;;9926.0;0.0
yf_ZS=F_d11;34400;INTARIAN_PEPPER_ROOT;11020;10;11016;24;;;11026;14;11029;25;;;11023.0;0.0
yf_ZS=F_d11;34500;ASH_COATED_OSMIUM;9923;16;9921;16;;;9929;9;9933;23;;;9926.0;0.0
yf_ZS=F_d11;34500;INTARIAN_PEPPER_ROOT;11016;13;11012;10;;;11033;14;11035;17;;;11024.5;0.0
yf_ZS=F_d11;34600;ASH_COATED_OSMIUM;9923;9;9921;12;;;9929;11;9932;18;;;9926.0;0.0
yf_ZS=F_d11;34600;INTARIAN_PEPPER_ROOT;11023;15;11020;24;;;11029;9;11033;23;;;11026.0;0.0
yf_ZS=F_d11;34700;ASH_COATED_OSMIUM;9925;9;9923;26;;;9931;12;9933;26;;;9928.0;0.0
yf_ZS=F_d11;34700;INTARIAN_PEPPER_ROOT;11009;14;11005;21;;;11046;14;11050;23;;;11027.5;0.0
yf_ZS=F_d11;34800;ASH_COATED_OSMIUM;9921;13;9919;23;;;9932;16;9935;27;;;9926.5;0.0
yf_ZS=F_d11;34800;INTARIAN_PEPPER_ROOT;11026;21;11022;11;;;11032;10;11036;17;;;11029.0;0.0
yf_ZS=F_d11;34900;ASH_COATED_OSMIUM;9924;18;9922;18;;;9930;5;9934;29;;;9927.0;0.0
yf_ZS=F_d11;34900;INTARIAN_PEPPER_ROOT;11027;19;11023;25;;;11033;8;11037;18;;;11030.0;0.0
yf_ZS=F_d11;35000;ASH_COATED_OSMIUM;9924;7;9922;18;;;9930;14;9932;19;;;9927.0;0.0
yf_ZS=F_d11;35000;INTARIAN_PEPPER_ROOT;11029;16;11027;23;;;11035;17;11037;19;;;11032.0;0.0
yf_ZS=F_d11;35100;ASH_COATED_OSMIUM;9917;19;9913;23;;;9936;14;9940;27;;;9926.5;0.0
yf_ZS=F_d11;35100;INTARIAN_PEPPER_ROOT;11027;16;11025;10;;;11040;6;11044;13;;;11033.5;0.0
yf_ZS=F_d11;35200;ASH_COATED_OSMIUM;9924;14;9920;23;;;9930;11;9933;14;;;9927.0;0.0
yf_ZS=F_d11;35200;INTARIAN_PEPPER_ROOT;11032;16;11029;22;;;11038;12;11042;12;;;11035.0;0.0
yf_ZS=F_d11;35300;ASH_COATED_OSMIUM;9923;20;9919;20;;;9929;15;9933;21;;;9926.0;0.0
yf_ZS=F_d11;35300;INTARIAN_PEPPER_ROOT;11027;12;11024;25;;;11045;5;11047;18;;;11036.0;0.0
yf_ZS=F_d11;35400;ASH_COATED_OSMIUM;9917;11;9915;16;;;9936;18;9939;13;;;9926.5;0.0
yf_ZS=F_d11;35400;INTARIAN_PEPPER_ROOT;11035;12;11031;19;;;11041;17;11043;23;;;11038.0;0.0
yf_ZS=F_d11;35500;ASH_COATED_OSMIUM;9922;15;9919;20;;;9931;13;9933;23;;;9926.5;0.0
yf_ZS=F_d11;35500;INTARIAN_PEPPER_ROOT;11037;17;11035;23;;;11043;9;11045;10;;;11040.0;0.0
yf_ZS=F_d11;35600;ASH_COATED_OSMIUM;9922;24;9919;28;;;9930;5;9933;26;;;9926.0;0.0
yf_ZS=F_d11;35600;INTARIAN_PEPPER_ROOT;11038;11;11035;23;;;11044;15;11048;24;;;11041.0;0.0
yf_ZS=F_d11;35700;ASH_COATED_OSMIUM;9922;15;9919;13;;;9931;13;9934;18;;;9926.5;0.0
yf_ZS=F_d11;35700;INTARIAN_PEPPER_ROOT;11039;15;11037;21;;;11045;15;11047;25;;;11042.0;0.0
yf_ZS=F_d11;35800;ASH_COATED_OSMIUM;9921;15;9917;17;;;9932;10;9935;19;;;9926.5;0.0
yf_ZS=F_d11;35800;INTARIAN_PEPPER_ROOT;11036;11;11032;26;;;11052;17;11056;22;;;11044.0;0.0
yf_ZS=F_d11;35900;ASH_COATED_OSMIUM;9923;29;9920;24;;;9929;15;9933;13;;;9926.0;0.0
yf_ZS=F_d11;35900;INTARIAN_PEPPER_ROOT;11043;10;11041;12;;;11049;13;11051;23;;;11046.0;0.0
yf_ZS=F_d11;36000;ASH_COATED_OSMIUM;9920;16;9918;24;;;9934;22;9938;18;;;9927.0;0.0
yf_ZS=F_d11;36000;INTARIAN_PEPPER_ROOT;11042;6;11040;13;;;11054;21;11056;21;;;11048.0;0.0
yf_ZS=F_d11;36100;ASH_COATED_OSMIUM;9924;15;9922;19;;;9930;12;9934;17;;;9927.0;0.0
yf_ZS=F_d11;36100;INTARIAN_PEPPER_ROOT;11046;5;11043;29;;;11052;10;11055;12;;;11049.0;0.0
yf_ZS=F_d11;36200;ASH_COATED_OSMIUM;9923;10;9920;21;;;9929;13;9931;19;;;9926.0;0.0
yf_ZS=F_d11;36200;INTARIAN_PEPPER_ROOT;11047;20;11043;23;;;11055;14;11058;25;;;11051.0;0.0
yf_ZS=F_d11;36300;ASH_COATED_OSMIUM;9919;20;9916;12;;;9935;17;9938;22;;;9927.0;0.0
yf_ZS=F_d11;36300;INTARIAN_PEPPER_ROOT;11049;17;11047;28;;;11055;18;11057;17;;;11052.0;0.0
yf_ZS=F_d11;36400;ASH_COATED_OSMIUM;9924;11;9921;23;;;9930;17;9933;18;;;9927.0;0.0
yf_ZS=F_d11;36400;INTARIAN_PEPPER_ROOT;11051;17;11047;14;;;11057;10;11059;22;;;11054.0;0.0
yf_ZS=F_d11;36500;ASH_COATED_OSMIUM;9924;17;9921;25;;;9930;21;9934;18;;;9927.0;0.0
yf_ZS=F_d11;36500;INTARIAN_PEPPER_ROOT;11052;18;11050;19;;;11058;10;11060;21;;;11055.0;0.0
yf_ZS=F_d11;36600;ASH_COATED_OSMIUM;9924;15;9920;17;;;9930;10;9933;22;;;9927.0;0.0
yf_ZS=F_d11;36600;INTARIAN_PEPPER_ROOT;11055;15;11052;23;;;11061;13;11063;20;;;11058.0;0.0
yf_ZS=F_d11;36700;ASH_COATED_OSMIUM;9914;17;9912;22;;;9939;11;9943;26;;;9926.5;0.0
yf_ZS=F_d11;36700;INTARIAN_PEPPER_ROOT;11056;23;11053;30;;;11062;21;11066;29;;;11059.0;0.0
yf_ZS=F_d11;36800;ASH_COATED_OSMIUM;9924;13;9922;22;;;9930;15;9932;24;;;9927.0;0.0
yf_ZS=F_d11;36800;INTARIAN_PEPPER_ROOT;11057;17;11053;10;;;11063;13;11067;14;;;11060.0;0.0
yf_ZS=F_d11;36900;ASH_COATED_OSMIUM;9923;19;9920;11;;;9929;14;9931;24;;;9926.0;0.0
yf_ZS=F_d11;36900;INTARIAN_PEPPER_ROOT;11058;18;11054;17;;;11065;6;11067;24;;;11061.5;0.0
yf_ZS=F_d11;37000;ASH_COATED_OSMIUM;9923;13;9921;8;;;9929;24;9933;20;;;9926.0;0.0
yf_ZS=F_d11;37000;INTARIAN_PEPPER_ROOT;11057;21;11055;21;;;11068;20;11071;26;;;11062.5;0.0
yf_ZS=F_d11;37100;ASH_COATED_OSMIUM;9923;14;9919;14;;;9929;21;9933;10;;;9926.0;0.0
yf_ZS=F_d11;37100;INTARIAN_PEPPER_ROOT;11062;12;11059;15;;;11068;18;11072;15;;;11065.0;0.0
yf_ZS=F_d11;37200;ASH_COATED_OSMIUM;9917;6;9914;19;;;9938;19;9941;24;;;9927.5;0.0
yf_ZS=F_d11;37200;INTARIAN_PEPPER_ROOT;11063;5;11061;30;;;11069;17;11073;14;;;11066.0;0.0
yf_ZS=F_d11;37300;ASH_COATED_OSMIUM;9919;22;9917;25;;;9936;22;9939;18;;;9927.5;0.0
yf_ZS=F_d11;37300;INTARIAN_PEPPER_ROOT;11065;20;11061;14;;;11071;20;11074;19;;;11068.0;0.0
yf_ZS=F_d11;37400;ASH_COATED_OSMIUM;9924;8;9921;12;;;9930;21;9932;22;;;9927.0;0.0
yf_ZS=F_d11;37400;INTARIAN_PEPPER_ROOT;11066;6;11064;16;;;11072;23;11074;23;;;11069.0;0.0
yf_ZS=F_d11;37500;ASH_COATED_OSMIUM;9924;6;9922;20;;;9930;12;9933;19;;;9927.0;0.0
yf_ZS=F_d11;37500;INTARIAN_PEPPER_ROOT;11063;22;11059;25;;;11080;20;11084;20;;;11071.5;0.0
yf_ZS=F_d11;37600;ASH_COATED_OSMIUM;9923;7;9921;24;;;9929;13;9931;16;;;9926.0;0.0
yf_ZS=F_d11;37600;INTARIAN_PEPPER_ROOT;11070;21;11068;22;;;11076;13;11079;10;;;11073.0;0.0
yf_ZS=F_d11;37700;ASH_COATED_OSMIUM;9923;24;9920;23;;;9930;18;9934;15;;;9926.5;0.0
yf_ZS=F_d11;37700;INTARIAN_PEPPER_ROOT;11071;17;11068;18;;;11077;15;11079;23;;;11074.0;0.0
yf_ZS=F_d11;37800;ASH_COATED_OSMIUM;9924;8;9922;29;;;9930;21;9932;18;;;9927.0;0.0
yf_ZS=F_d11;37800;INTARIAN_PEPPER_ROOT;11072;11;11069;30;;;11078;12;11081;15;;;11075.0;0.0
yf_ZS=F_d11;37900;ASH_COATED_OSMIUM;9923;23;9919;17;;;9932;5;9934;20;;;9927.5;0.0
yf_ZS=F_d11;37900;INTARIAN_PEPPER_ROOT;11074;21;11071;15;;;11080;12;11082;19;;;11077.0;0.0
yf_ZS=F_d11;38000;ASH_COATED_OSMIUM;9923;15;9921;26;;;9930;7;9934;28;;;9926.5;0.0
yf_ZS=F_d11;38000;INTARIAN_PEPPER_ROOT;11074;15;11072;17;;;11085;5;11089;16;;;11079.5;0.0
yf_ZS=F_d11;38100;ASH_COATED_OSMIUM;9914;9;9911;24;;;9938;24;9941;18;;;9926.0;0.0
yf_ZS=F_d11;38100;INTARIAN_PEPPER_ROOT;11077;14;11073;23;;;11084;15;11087;8;;;11080.5;0.0
yf_ZS=F_d11;38200;ASH_COATED_OSMIUM;9923;19;9921;19;;;9929;16;9932;19;;;9926.0;0.0
yf_ZS=F_d11;38200;INTARIAN_PEPPER_ROOT;11075;9;11071;13;;;11087;26;11090;11;;;11081.0;0.0
yf_ZS=F_d11;38300;ASH_COATED_OSMIUM;9919;18;9915;21;;;9932;10;9935;24;;;9925.5;0.0
yf_ZS=F_d11;38300;INTARIAN_PEPPER_ROOT;11080;19;11077;10;;;11086;17;11089;19;;;11083.0;0.0
yf_ZS=F_d11;38400;ASH_COATED_OSMIUM;9924;13;9920;17;;;9930;18;9932;12;;;9927.0;0.0
yf_ZS=F_d11;38400;INTARIAN_PEPPER_ROOT;11082;7;11078;15;;;11088;18;11090;17;;;11085.0;0.0
yf_ZS=F_d11;38500;ASH_COATED_OSMIUM;9911;11;9908;17;;;9941;14;9944;27;;;9926.0;0.0
yf_ZS=F_d11;38500;INTARIAN_PEPPER_ROOT;11069;22;11065;25;;;11104;19;11107;14;;;11086.5;0.0
yf_ZS=F_d11;38600;ASH_COATED_OSMIUM;9923;20;9921;29;;;9930;25;9934;15;;;9926.5;0.0
yf_ZS=F_d11;38600;INTARIAN_PEPPER_ROOT;11085;18;11082;13;;;11091;19;11093;25;;;11088.0;0.0
yf_ZS=F_d11;38700;ASH_COATED_OSMIUM;9920;5;9918;17;;;9934;7;9937;30;;;9927.0;0.0
yf_ZS=F_d11;38700;INTARIAN_PEPPER_ROOT;11084;10;11081;18;;;11095;17;11097;19;;;11089.5;0.0
yf_ZS=F_d11;38800;ASH_COATED_OSMIUM;9924;9;9921;14;;;9930;8;9933;20;;;9927.0;0.0
yf_ZS=F_d11;38800;INTARIAN_PEPPER_ROOT;11089;10;11087;29;;;11095;8;11099;15;;;11092.0;0.0
yf_ZS=F_d11;38900;ASH_COATED_OSMIUM;9923;21;9919;18;;;9930;14;9933;27;;;9926.5;0.0
yf_ZS=F_d11;38900;INTARIAN_PEPPER_ROOT;11090;19;11088;18;;;11096;10;11099;26;;;11093.0;0.0
yf_ZS=F_d11;39000;ASH_COATED_OSMIUM;9924;16;9922;17;;;9930;17;9933;19;;;9927.0;0.0
yf_ZS=F_d11;39000;INTARIAN_PEPPER_ROOT;11091;12;11088;10;;;11097;9;11101;21;;;11094.0;0.0
yf_ZS=F_d11;39100;ASH_COATED_OSMIUM;9922;11;9918;25;;;9932;17;9936;10;;;9927.0;0.0
yf_ZS=F_d11;39100;INTARIAN_PEPPER_ROOT;11091;22;11089;25;;;11101;14;11103;23;;;11096.0;0.0
yf_ZS=F_d11;39200;ASH_COATED_OSMIUM;9923;12;9921;25;;;9929;18;9933;14;;;9926.0;0.0
yf_ZS=F_d11;39200;INTARIAN_PEPPER_ROOT;11094;12;11091;29;;;11101;6;11103;18;;;11097.5;0.0
yf_ZS=F_d11;39300;ASH_COATED_OSMIUM;9923;17;9921;28;;;9930;16;9934;14;;;9926.5;0.0
yf_ZS=F_d11;39300;INTARIAN_PEPPER_ROOT;11096;10;11093;14;;;11102;12;11105;19;;;11099.0;0.0
yf_ZS=F_d11;39400;ASH_COATED_OSMIUM;9924;11;9920;16;;;9930;15;9933;17;;;9927.0;0.0
yf_ZS=F_d11;39400;INTARIAN_PEPPER_ROOT;11098;26;11095;9;;;11104;23;11108;14;;;11101.0;0.0
yf_ZS=F_d11;39500;ASH_COATED_OSMIUM;9924;16;9920;14;;;9930;11;9934;32;;;9927.0;0.0
yf_ZS=F_d11;39500;INTARIAN_PEPPER_ROOT;11099;9;11097;11;;;11105;5;11109;25;;;11102.0;0.0
yf_ZS=F_d11;39600;ASH_COATED_OSMIUM;9924;21;9920;14;;;9930;12;9932;32;;;9927.0;0.0
yf_ZS=F_d11;39600;INTARIAN_PEPPER_ROOT;11101;15;11098;21;;;11108;10;11112;16;;;11104.5;0.0
yf_ZS=F_d11;39700;ASH_COATED_OSMIUM;9916;20;9912;21;;;9936;15;9940;22;;;9926.0;0.0
yf_ZS=F_d11;39700;INTARIAN_PEPPER_ROOT;11102;20;11100;25;;;11108;10;11110;18;;;11105.0;0.0
yf_ZS=F_d11;39800;ASH_COATED_OSMIUM;9924;19;9920;23;;;9930;13;9934;16;;;9927.0;0.0
yf_ZS=F_d11;39800;INTARIAN_PEPPER_ROOT;11100;14;11096;16;;;11113;13;11115;14;;;11106.5;0.0
yf_ZS=F_d11;39900;ASH_COATED_OSMIUM;9924;22;9920;16;;;9930;16;9932;19;;;9927.0;0.0
yf_ZS=F_d11;39900;INTARIAN_PEPPER_ROOT;11105;16;11103;17;;;11111;15;11115;24;;;11108.0;0.0
yf_ZS=F_d11;40000;ASH_COATED_OSMIUM;9924;11;9921;17;;;9930;16;9934;17;;;9927.0;0.0
yf_ZS=F_d11;40000;INTARIAN_PEPPER_ROOT;11107;18;11104;8;;;11113;8;11115;11;;;11110.0;0.0
yf_ZS=F_d11;40100;ASH_COATED_OSMIUM;9924;11;9921;8;;;9930;18;9932;20;;;9927.0;0.0
yf_ZS=F_d11;40100;INTARIAN_PEPPER_ROOT;11104;11;11101;17;;;11119;11;11122;17;;;11111.5;0.0
yf_ZS=F_d11;40200;ASH_COATED_OSMIUM;9920;19;9916;23;;;9933;14;9935;16;;;9926.5;0.0
yf_ZS=F_d11;40200;INTARIAN_PEPPER_ROOT;11110;8;11108;28;;;11116;5;11120;21;;;11113.0;0.0
yf_ZS=F_d11;40300;ASH_COATED_OSMIUM;9923;13;9920;18;;;9929;21;9931;22;;;9926.0;0.0
yf_ZS=F_d11;40300;INTARIAN_PEPPER_ROOT;11111;8;11108;20;;;11117;22;11120;9;;;11114.0;0.0
yf_ZS=F_d11;40400;ASH_COATED_OSMIUM;9923;20;9920;28;;;9929;15;9933;16;;;9926.0;0.0
yf_ZS=F_d11;40400;INTARIAN_PEPPER_ROOT;11114;15;11111;21;;;11120;19;11122;14;;;11117.0;0.0
yf_ZS=F_d11;40500;ASH_COATED_OSMIUM;9923;13;9919;18;;;9929;7;9932;8;;;9926.0;0.0
yf_ZS=F_d11;40500;INTARIAN_PEPPER_ROOT;11115;15;11113;16;;;11121;24;11123;23;;;11118.0;0.0
yf_ZS=F_d11;40600;ASH_COATED_OSMIUM;9924;14;9921;18;;;9930;20;9934;10;;;9927.0;0.0
yf_ZS=F_d11;40600;INTARIAN_PEPPER_ROOT;11111;12;11109;24;;;11128;16;11130;8;;;11119.5;0.0
yf_ZS=F_d11;40700;ASH_COATED_OSMIUM;9924;10;9921;23;;;9930;25;9934;25;;;9927.0;0.0
yf_ZS=F_d11;40700;INTARIAN_PEPPER_ROOT;11117;12;11114;18;;;11123;14;11127;17;;;11120.0;0.0
yf_ZS=F_d11;40800;ASH_COATED_OSMIUM;9923;13;9920;13;;;9929;11;9932;19;;;9926.0;0.0
yf_ZS=F_d11;40800;INTARIAN_PEPPER_ROOT;11120;14;11116;24;;;11126;24;11128;19;;;11123.0;0.0
yf_ZS=F_d11;40900;ASH_COATED_OSMIUM;9921;18;9919;22;;;9932;28;9936;19;;;9926.5;0.0
yf_ZS=F_d11;40900;INTARIAN_PEPPER_ROOT;11121;16;11118;21;;;11127;12;11130;22;;;11124.0;0.0
yf_ZS=F_d11;41000;ASH_COATED_OSMIUM;9924;12;9922;18;;;9930;11;9934;24;;;9927.0;0.0
yf_ZS=F_d11;41000;INTARIAN_PEPPER_ROOT;11116;14;11112;24;;;11134;23;11137;24;;;11125.0;0.0
yf_ZS=F_d11;41100;ASH_COATED_OSMIUM;9919;21;9916;27;;;9934;12;9936;30;;;9926.5;0.0
yf_ZS=F_d11;41100;INTARIAN_PEPPER_ROOT;11116;18;11112;13;;;11138;14;11140;15;;;11127.0;0.0
yf_ZS=F_d11;41200;ASH_COATED_OSMIUM;9922;18;9919;18;;;9931;20;9934;19;;;9926.5;0.0
yf_ZS=F_d11;41200;INTARIAN_PEPPER_ROOT;11120;6;11117;23;;;11138;13;11142;23;;;11129.0;0.0
yf_ZS=F_d11;41300;ASH_COATED_OSMIUM;9918;8;9915;22;;;9935;21;9939;17;;;9926.5;0.0
yf_ZS=F_d11;41300;INTARIAN_PEPPER_ROOT;11127;18;11124;16;;;11133;11;11135;12;;;11130.0;0.0
yf_ZS=F_d11;41400;ASH_COATED_OSMIUM;9923;16;9921;15;;;9929;23;9931;16;;;9926.0;0.0
yf_ZS=F_d11;41400;INTARIAN_PEPPER_ROOT;11129;13;11127;27;;;11135;8;11137;25;;;11132.0;0.0
yf_ZS=F_d11;41500;ASH_COATED_OSMIUM;9924;27;9922;24;;;9930;10;9932;17;;;9927.0;0.0
yf_ZS=F_d11;41500;INTARIAN_PEPPER_ROOT;11131;13;11127;23;;;11137;8;11140;18;;;11134.0;0.0
yf_ZS=F_d11;41600;ASH_COATED_OSMIUM;9923;20;9921;29;;;9929;10;9933;23;;;9926.0;0.0
yf_ZS=F_d11;41600;INTARIAN_PEPPER_ROOT;11120;15;11116;13;;;11151;22;11154;20;;;11135.5;0.0
yf_ZS=F_d11;41700;ASH_COATED_OSMIUM;9915;13;9911;23;;;9940;15;9944;28;;;9927.5;0.0
yf_ZS=F_d11;41700;INTARIAN_PEPPER_ROOT;11133;17;11130;23;;;11139;12;11142;30;;;11136.0;0.0
yf_ZS=F_d11;41800;ASH_COATED_OSMIUM;9920;11;9918;32;;;9933;16;9936;17;;;9926.5;0.0
yf_ZS=F_d11;41800;INTARIAN_PEPPER_ROOT;11136;13;11132;23;;;11142;25;11145;31;;;11139.0;0.0
yf_ZS=F_d11;41900;ASH_COATED_OSMIUM;9924;14;9921;13;;;9930;23;9932;16;;;9927.0;0.0
yf_ZS=F_d11;41900;INTARIAN_PEPPER_ROOT;11137;10;11134;17;;;11143;10;11146;22;;;11140.0;0.0
yf_ZS=F_d11;42000;ASH_COATED_OSMIUM;9913;14;9910;18;;;9940;16;9942;21;;;9926.5;0.0
yf_ZS=F_d11;42000;INTARIAN_PEPPER_ROOT;11138;15;11135;20;;;11144;12;11146;8;;;11141.0;0.0
yf_ZS=F_d11;42100;ASH_COATED_OSMIUM;9924;26;9920;22;;;9930;17;9934;10;;;9927.0;0.0
yf_ZS=F_d11;42100;INTARIAN_PEPPER_ROOT;11139;16;11135;24;;;11146;13;11150;20;;;11142.5;0.0
yf_ZS=F_d11;42200;ASH_COATED_OSMIUM;9924;15;9921;27;;;9930;9;9934;25;;;9927.0;0.0
yf_ZS=F_d11;42200;INTARIAN_PEPPER_ROOT;11142;15;11139;22;;;11148;7;11150;16;;;11145.0;0.0
yf_ZS=F_d11;42300;ASH_COATED_OSMIUM;9923;20;9921;19;;;9929;13;9932;19;;;9926.0;0.0
yf_ZS=F_d11;42300;INTARIAN_PEPPER_ROOT;11143;16;11141;22;;;11149;9;11152;23;;;11146.0;0.0
yf_ZS=F_d11;42400;ASH_COATED_OSMIUM;9923;25;9921;25;;;9929;17;9931;18;;;9926.0;0.0
yf_ZS=F_d11;42400;INTARIAN_PEPPER_ROOT;11144;16;11142;18;;;11150;17;11153;21;;;11147.0;0.0
yf_ZS=F_d11;42500;ASH_COATED_OSMIUM;9924;6;9922;22;;;9930;8;9932;18;;;9927.0;0.0
yf_ZS=F_d11;42500;INTARIAN_PEPPER_ROOT;11141;21;11139;27;;;11159;17;11163;19;;;11150.0;0.0
yf_ZS=F_d11;42600;ASH_COATED_OSMIUM;9919;5;9915;19;;;9933;9;9936;15;;;9926.0;0.0
yf_ZS=F_d11;42600;INTARIAN_PEPPER_ROOT;11147;14;11145;18;;;11155;14;11158;22;;;11151.0;0.0
yf_ZS=F_d11;42700;ASH_COATED_OSMIUM;9923;20;9920;16;;;9930;16;9934;23;;;9926.5;0.0
yf_ZS=F_d11;42700;INTARIAN_PEPPER_ROOT;11146;18;11142;16;;;11159;5;11162;14;;;11152.5;0.0
yf_ZS=F_d11;42800;ASH_COATED_OSMIUM;9924;5;9922;31;;;9930;18;9933;22;;;9927.0;0.0
yf_ZS=F_d11;42800;INTARIAN_PEPPER_ROOT;11151;21;11147;23;;;11157;11;11159;18;;;11154.0;0.0
yf_ZS=F_d11;42900;ASH_COATED_OSMIUM;9924;22;9922;9;;;9930;16;9933;12;;;9927.0;0.0
yf_ZS=F_d11;42900;INTARIAN_PEPPER_ROOT;11150;19;11146;21;;;11160;7;11164;23;;;11155.0;0.0
yf_ZS=F_d11;43000;ASH_COATED_OSMIUM;9923;5;9920;27;;;9929;16;9931;21;;;9926.0;0.0
yf_ZS=F_d11;43000;INTARIAN_PEPPER_ROOT;11154;9;11150;16;;;11160;19;11164;19;;;11157.0;0.0
yf_ZS=F_d11;43100;ASH_COATED_OSMIUM;9924;13;9922;22;;;9930;15;9932;21;;;9927.0;0.0
yf_ZS=F_d11;43100;INTARIAN_PEPPER_ROOT;11155;9;11151;20;;;11161;16;11164;19;;;11158.0;0.0
yf_ZS=F_d11;43200;ASH_COATED_OSMIUM;9924;14;9921;23;;;9930;7;9934;20;;;9927.0;0.0
yf_ZS=F_d11;43200;INTARIAN_PEPPER_ROOT;11157;7;11153;22;;;11163;19;11167;23;;;11160.0;0.0
yf_ZS=F_d11;43300;ASH_COATED_OSMIUM;9924;14;9920;14;;;9930;12;9933;20;;;9927.0;0.0
yf_ZS=F_d11;43300;INTARIAN_PEPPER_ROOT;11158;18;11156;18;;;11164;25;11167;20;;;11161.0;0.0
yf_ZS=F_d11;43400;ASH_COATED_OSMIUM;9917;5;9913;16;;;9935;18;9937;20;;;9926.0;0.0
yf_ZS=F_d11;43400;INTARIAN_PEPPER_ROOT;11160;14;11157;20;;;11166;19;11170;19;;;11163.0;0.0
yf_ZS=F_d11;43500;ASH_COATED_OSMIUM;9923;21;9921;20;;;9929;21;9933;11;;;9926.0;0.0
yf_ZS=F_d11;43500;INTARIAN_PEPPER_ROOT;11162;15;11159;15;;;11168;12;11171;23;;;11165.0;0.0
yf_ZS=F_d11;43600;ASH_COATED_OSMIUM;9923;8;9921;20;;;9929;8;9932;17;;;9926.0;0.0
yf_ZS=F_d11;43600;INTARIAN_PEPPER_ROOT;11164;8;11162;18;;;11170;12;11173;22;;;11167.0;0.0
yf_ZS=F_d11;43700;ASH_COATED_OSMIUM;9924;11;9920;26;;;9930;6;9932;19;;;9927.0;0.0
yf_ZS=F_d11;43700;INTARIAN_PEPPER_ROOT;11165;11;11162;14;;;11171;10;11174;18;;;11168.0;0.0
yf_ZS=F_d11;43800;ASH_COATED_OSMIUM;9924;5;9922;25;;;9930;18;9934;10;;;9927.0;0.0
yf_ZS=F_d11;43800;INTARIAN_PEPPER_ROOT;11166;9;11162;31;;;11172;17;11174;25;;;11169.0;0.0
yf_ZS=F_d11;43900;ASH_COATED_OSMIUM;9923;8;9919;23;;;9929;16;9933;18;;;9926.0;0.0
yf_ZS=F_d11;43900;INTARIAN_PEPPER_ROOT;11168;16;11164;22;;;11174;19;11178;19;;;11171.0;0.0
yf_ZS=F_d11;44000;ASH_COATED_OSMIUM;9921;7;9918;18;;;9931;15;9934;23;;;9926.0;0.0
yf_ZS=F_d11;44000;INTARIAN_PEPPER_ROOT;11168;16;11166;18;;;11177;12;11181;20;;;11172.5;0.0
yf_ZS=F_d11;44100;ASH_COATED_OSMIUM;9910;7;9908;25;;;9944;18;9946;19;;;9927.0;0.0
yf_ZS=F_d11;44100;INTARIAN_PEPPER_ROOT;11149;7;11145;25;;;11198;14;11201;17;;;11173.5;0.0
yf_ZS=F_d11;44200;ASH_COATED_OSMIUM;9923;11;9921;18;;;9929;5;9932;17;;;9926.0;0.0
yf_ZS=F_d11;44200;INTARIAN_PEPPER_ROOT;11168;10;11164;21;;;11182;19;11185;22;;;11175.0;0.0
yf_ZS=F_d11;44300;ASH_COATED_OSMIUM;9924;19;9921;21;;;9930;17;9933;26;;;9927.0;0.0
yf_ZS=F_d11;44300;INTARIAN_PEPPER_ROOT;11175;13;11172;16;;;11181;15;11183;8;;;11178.0;0.0
yf_ZS=F_d11;44400;ASH_COATED_OSMIUM;9924;17;9922;18;;;9930;11;9933;13;;;9927.0;0.0
yf_ZS=F_d11;44400;INTARIAN_PEPPER_ROOT;11172;22;11170;22;;;11186;17;11189;19;;;11179.0;0.0
yf_ZS=F_d11;44500;ASH_COATED_OSMIUM;9920;19;9916;17;;;9933;12;9935;16;;;9926.5;0.0
yf_ZS=F_d11;44500;INTARIAN_PEPPER_ROOT;11171;19;11167;30;;;11190;15;11194;15;;;11180.5;0.0
yf_ZS=F_d11;44600;ASH_COATED_OSMIUM;9924;23;9921;18;;;9930;19;9933;14;;;9927.0;0.0
yf_ZS=F_d11;44600;INTARIAN_PEPPER_ROOT;11177;13;11173;19;;;11187;7;11191;24;;;11182.0;0.0
yf_ZS=F_d11;44700;ASH_COATED_OSMIUM;9923;15;9921;18;;;9929;21;9933;33;;;9926.0;0.0
yf_ZS=F_d11;44700;INTARIAN_PEPPER_ROOT;11174;13;11170;19;;;11193;12;11197;21;;;11183.5;0.0
yf_ZS=F_d11;44800;ASH_COATED_OSMIUM;9924;12;9920;27;;;9930;18;9934;16;;;9927.0;0.0
yf_ZS=F_d11;44800;INTARIAN_PEPPER_ROOT;11182;13;11179;31;;;11188;5;11192;22;;;11185.0;0.0
yf_ZS=F_d11;44900;ASH_COATED_OSMIUM;9922;14;9918;18;;;9931;12;9934;16;;;9926.5;0.0
yf_ZS=F_d11;44900;INTARIAN_PEPPER_ROOT;11183;12;11180;12;;;11189;13;11192;23;;;11186.0;0.0
yf_ZS=F_d11;45000;ASH_COATED_OSMIUM;9924;14;9922;15;;;9930;14;9934;22;;;9927.0;0.0
yf_ZS=F_d11;45000;INTARIAN_PEPPER_ROOT;11185;19;11181;22;;;11191;16;11194;13;;;11188.0;0.0
yf_ZS=F_d11;45100;ASH_COATED_OSMIUM;9920;8;9917;24;;;9933;8;9935;12;;;9926.5;0.0
yf_ZS=F_d11;45100;INTARIAN_PEPPER_ROOT;11186;13;11183;19;;;11192;8;11195;11;;;11189.0;0.0
yf_ZS=F_d11;45200;ASH_COATED_OSMIUM;9920;24;9917;22;;;9932;21;9935;17;;;9926.0;0.0
yf_ZS=F_d11;45200;INTARIAN_PEPPER_ROOT;11184;19;11180;19;;;11200;13;11202;12;;;11192.0;0.0
yf_ZS=F_d11;45300;ASH_COATED_OSMIUM;9923;18;9919;15;;;9930;18;9934;15;;;9926.5;0.0
yf_ZS=F_d11;45300;INTARIAN_PEPPER_ROOT;11190;10;11187;15;;;11196;14;11198;20;;;11193.0;0.0
yf_ZS=F_d11;45400;ASH_COATED_OSMIUM;9924;21;9921;17;;;9930;13;9934;12;;;9927.0;0.0
yf_ZS=F_d11;45400;INTARIAN_PEPPER_ROOT;11189;14;11185;25;;;11199;12;11201;15;;;11194.0;0.0
yf_ZS=F_d11;45500;ASH_COATED_OSMIUM;9923;9;9921;31;;;9929;11;9932;13;;;9926.0;0.0
yf_ZS=F_d11;45500;INTARIAN_PEPPER_ROOT;11193;12;11189;15;;;11199;26;11203;13;;;11196.0;0.0
yf_ZS=F_d11;45600;ASH_COATED_OSMIUM;9924;21;9922;23;;;9930;7;9933;9;;;9927.0;0.0
yf_ZS=F_d11;45600;INTARIAN_PEPPER_ROOT;11195;5;11192;15;;;11201;20;11204;23;;;11198.0;0.0
yf_ZS=F_d11;45700;ASH_COATED_OSMIUM;9923;16;9920;28;;;9929;17;9931;27;;;9926.0;0.0
yf_ZS=F_d11;45700;INTARIAN_PEPPER_ROOT;11174;5;11171;15;;;11225;16;11227;19;;;11199.5;0.0
yf_ZS=F_d11;45800;ASH_COATED_OSMIUM;9923;17;9920;18;;;9930;17;9933;14;;;9926.5;0.0
yf_ZS=F_d11;45800;INTARIAN_PEPPER_ROOT;11197;25;11193;13;;;11203;14;11207;18;;;11200.0;0.0
yf_ZS=F_d11;45900;ASH_COATED_OSMIUM;9924;26;9920;23;;;9930;14;9933;24;;;9927.0;0.0
yf_ZS=F_d11;45900;INTARIAN_PEPPER_ROOT;11199;16;11196;16;;;11205;17;11207;19;;;11202.0;0.0
yf_ZS=F_d11;46000;ASH_COATED_OSMIUM;9920;10;9917;18;;;9931;11;9933;17;;;9925.5;0.0
yf_ZS=F_d11;46000;INTARIAN_PEPPER_ROOT;11201;15;11197;27;;;11207;20;11211;14;;;11204.0;0.0
yf_ZS=F_d11;46100;ASH_COATED_OSMIUM;9921;14;9917;15;;;9932;12;9935;22;;;9926.5;0.0
yf_ZS=F_d11;46100;INTARIAN_PEPPER_ROOT;11189;22;11186;13;;;11222;21;11226;20;;;11205.5;0.0
yf_ZS=F_d11;46200;ASH_COATED_OSMIUM;9923;26;9920;19;;;9930;16;9932;17;;;9926.5;0.0
yf_ZS=F_d11;46200;INTARIAN_PEPPER_ROOT;11204;11;11202;21;;;11210;16;11212;19;;;11207.0;0.0
yf_ZS=F_d11;46300;ASH_COATED_OSMIUM;9924;18;9922;20;;;9930;22;9932;22;;;9927.0;0.0
yf_ZS=F_d11;46300;INTARIAN_PEPPER_ROOT;11198;16;11194;13;;;11219;8;11223;16;;;11208.5;0.0
yf_ZS=F_d11;46400;ASH_COATED_OSMIUM;9923;23;9921;22;;;9929;12;9933;15;;;9926.0;0.0
yf_ZS=F_d11;46400;INTARIAN_PEPPER_ROOT;11203;13;11199;20;;;11216;17;11219;15;;;11209.5;0.0
yf_ZS=F_d11;46500;ASH_COATED_OSMIUM;9924;23;9920;22;;;9930;23;9934;12;;;9927.0;0.0
yf_ZS=F_d11;46500;INTARIAN_PEPPER_ROOT;11203;12;11199;15;;;11220;13;11223;29;;;11211.5;0.0
yf_ZS=F_d11;46600;ASH_COATED_OSMIUM;9924;9;9921;18;;;9930;19;9933;20;;;9927.0;0.0
yf_ZS=F_d11;46600;INTARIAN_PEPPER_ROOT;11210;19;11208;26;;;11216;24;11218;15;;;11213.0;0.0
yf_ZS=F_d11;46700;ASH_COATED_OSMIUM;9922;11;9920;16;;;9931;23;9933;15;;;9926.5;0.0
yf_ZS=F_d11;46700;INTARIAN_PEPPER_ROOT;11211;12;11209;16;;;11218;9;11221;18;;;11214.5;0.0
yf_ZS=F_d11;46800;ASH_COATED_OSMIUM;9924;9;9922;12;;;9930;10;9934;26;;;9927.0;0.0
yf_ZS=F_d11;46800;INTARIAN_PEPPER_ROOT;11203;8;11199;26;;;11229;20;11232;19;;;11216.0;0.0
yf_ZS=F_d11;46900;ASH_COATED_OSMIUM;9923;18;9920;23;;;9929;9;9931;20;;;9926.0;0.0
yf_ZS=F_d11;46900;INTARIAN_PEPPER_ROOT;11214;12;11211;24;;;11220;11;11222;15;;;11217.0;0.0
yf_ZS=F_d11;47000;ASH_COATED_OSMIUM;9923;17;9919;15;;;9930;18;9933;24;;;9926.5;0.0
yf_ZS=F_d11;47000;INTARIAN_PEPPER_ROOT;11217;11;11214;30;;;11223;20;11227;18;;;11220.0;0.0
yf_ZS=F_d11;47100;ASH_COATED_OSMIUM;9918;14;9914;19;;;9936;13;9939;13;;;9927.0;0.0
yf_ZS=F_d11;47100;INTARIAN_PEPPER_ROOT;11211;17;11207;17;;;11231;22;11233;17;;;11221.0;0.0
yf_ZS=F_d11;47200;ASH_COATED_OSMIUM;9924;18;9921;28;;;9930;12;9932;24;;;9927.0;0.0
yf_ZS=F_d11;47200;INTARIAN_PEPPER_ROOT;11220;11;11216;22;;;11226;11;11230;16;;;11223.0;0.0
yf_ZS=F_d11;47300;ASH_COATED_OSMIUM;9924;13;9921;13;;;9930;14;9934;18;;;9927.0;0.0
yf_ZS=F_d11;47300;INTARIAN_PEPPER_ROOT;11221;12;11219;14;;;11227;21;11230;20;;;11224.0;0.0
yf_ZS=F_d11;47400;ASH_COATED_OSMIUM;9922;12;9919;21;;;9929;17;9931;30;;;9925.5;0.0
yf_ZS=F_d11;47400;INTARIAN_PEPPER_ROOT;11223;24;11221;23;;;11229;11;11231;15;;;11226.0;0.0
yf_ZS=F_d11;47500;ASH_COATED_OSMIUM;9924;16;9922;13;;;9930;16;9932;20;;;9927.0;0.0
yf_ZS=F_d11;47500;INTARIAN_PEPPER_ROOT;11219;16;11217;9;;;11235;9;11239;27;;;11227.0;0.0
yf_ZS=F_d11;47600;ASH_COATED_OSMIUM;9922;14;9919;8;;;9931;8;9933;18;;;9926.5;0.0
yf_ZS=F_d11;47600;INTARIAN_PEPPER_ROOT;11221;13;11219;20;;;11236;21;11239;21;;;11228.5;0.0
yf_ZS=F_d11;47700;ASH_COATED_OSMIUM;9924;20;9920;9;;;9930;14;9934;28;;;9927.0;0.0
yf_ZS=F_d11;47700;INTARIAN_PEPPER_ROOT;11228;18;11225;15;;;11234;20;11236;22;;;11231.0;0.0
yf_ZS=F_d11;47800;ASH_COATED_OSMIUM;9924;15;9920;12;;;9930;8;9934;23;;;9927.0;0.0
yf_ZS=F_d11;47800;INTARIAN_PEPPER_ROOT;11229;13;11226;17;;;11235;13;11237;19;;;11232.0;0.0
yf_ZS=F_d11;47900;ASH_COATED_OSMIUM;9923;17;9921;15;;;9929;15;9932;17;;;9926.0;0.0
yf_ZS=F_d11;47900;INTARIAN_PEPPER_ROOT;11230;13;11227;26;;;11236;10;11240;14;;;11233.0;0.0
yf_ZS=F_d11;48000;ASH_COATED_OSMIUM;9921;16;9918;30;;;9931;10;9933;21;;;9926.0;0.0
yf_ZS=F_d11;48000;INTARIAN_PEPPER_ROOT;11233;18;11229;20;;;11239;6;11242;19;;;11236.0;0.0
yf_ZS=F_d11;48100;ASH_COATED_OSMIUM;9924;25;9922;22;;;9930;15;9934;22;;;9927.0;0.0
yf_ZS=F_d11;48100;INTARIAN_PEPPER_ROOT;11234;11;11232;21;;;11240;17;11244;22;;;11237.0;0.0
yf_ZS=F_d11;48200;ASH_COATED_OSMIUM;9923;9;9919;17;;;9929;5;9931;29;;;9926.0;0.0
yf_ZS=F_d11;48200;INTARIAN_PEPPER_ROOT;11235;18;11232;17;;;11241;5;11243;21;;;11238.0;0.0
yf_ZS=F_d11;48300;ASH_COATED_OSMIUM;9923;7;9921;29;;;9929;7;9933;14;;;9926.0;0.0
yf_ZS=F_d11;48300;INTARIAN_PEPPER_ROOT;11237;11;11235;16;;;11243;15;11247;17;;;11240.0;0.0
yf_ZS=F_d11;48400;ASH_COATED_OSMIUM;9924;11;9920;10;;;9930;6;9932;8;;;9927.0;0.0
yf_ZS=F_d11;48400;INTARIAN_PEPPER_ROOT;11237;17;11233;16;;;11245;16;11249;15;;;11241.0;0.0
yf_ZS=F_d11;48500;ASH_COATED_OSMIUM;9924;23;9922;29;;;9930;16;9933;13;;;9927.0;0.0
yf_ZS=F_d11;48500;INTARIAN_PEPPER_ROOT;11240;14;11238;18;;;11246;15;11248;19;;;11243.0;0.0
yf_ZS=F_d11;48600;ASH_COATED_OSMIUM;9924;18;9921;18;;;9930;22;9932;21;;;9927.0;0.0
yf_ZS=F_d11;48600;INTARIAN_PEPPER_ROOT;11242;17;11239;17;;;11248;18;11250;20;;;11245.0;0.0
yf_ZS=F_d11;48700;ASH_COATED_OSMIUM;9923;17;9920;27;;;9929;15;9931;22;;;9926.0;0.0
yf_ZS=F_d11;48700;INTARIAN_PEPPER_ROOT;11244;12;11240;23;;;11250;11;11252;17;;;11247.0;0.0
yf_ZS=F_d11;48800;ASH_COATED_OSMIUM;9919;20;9916;24;;;9934;30;9936;19;;;9926.5;0.0
yf_ZS=F_d11;48800;INTARIAN_PEPPER_ROOT;11244;12;11240;26;;;11251;10;11253;18;;;11247.5;0.0
yf_ZS=F_d11;48900;ASH_COATED_OSMIUM;9923;10;9919;12;;;9931;19;9935;21;;;9927.0;0.0
yf_ZS=F_d11;48900;INTARIAN_PEPPER_ROOT;11244;21;11241;24;;;11255;16;11257;12;;;11249.5;0.0
yf_ZS=F_d11;49000;ASH_COATED_OSMIUM;9916;14;9912;14;;;9936;14;9938;16;;;9926.0;0.0
yf_ZS=F_d11;49000;INTARIAN_PEPPER_ROOT;11248;19;11244;28;;;11254;5;11258;24;;;11251.0;0.0
yf_ZS=F_d11;49100;ASH_COATED_OSMIUM;9924;13;9920;20;;;9930;18;9933;24;;;9927.0;0.0
yf_ZS=F_d11;49100;INTARIAN_PEPPER_ROOT;11249;15;11245;23;;;11255;19;11258;13;;;11252.0;0.0
yf_ZS=F_d11;49200;ASH_COATED_OSMIUM;9924;16;9921;25;;;9930;15;9932;29;;;9927.0;0.0
yf_ZS=F_d11;49200;INTARIAN_PEPPER_ROOT;11251;15;11247;22;;;11257;18;11261;23;;;11254.0;0.0
yf_ZS=F_d11;49300;ASH_COATED_OSMIUM;9921;15;9919;21;;;9932;18;9936;16;;;9926.5;0.0
yf_ZS=F_d11;49300;INTARIAN_PEPPER_ROOT;11251;9;11248;19;;;11258;8;11260;22;;;11254.5;0.0
yf_ZS=F_d11;49400;ASH_COATED_OSMIUM;9912;9;9909;19;;;9940;9;9943;30;;;9926.0;0.0
yf_ZS=F_d11;49400;INTARIAN_PEPPER_ROOT;11254;14;11252;18;;;11260;19;11264;21;;;11257.0;0.0
yf_ZS=F_d11;49500;ASH_COATED_OSMIUM;9924;29;9921;12;;;9930;14;9933;30;;;9927.0;0.0
yf_ZS=F_d11;49500;INTARIAN_PEPPER_ROOT;11256;11;11252;8;;;11262;18;11266;12;;;11259.0;0.0
yf_ZS=F_d11;49600;ASH_COATED_OSMIUM;9912;22;9909;21;;;9941;14;9944;24;;;9926.5;0.0
yf_ZS=F_d11;49600;INTARIAN_PEPPER_ROOT;11257;26;11255;21;;;11263;11;11266;13;;;11260.0;0.0
yf_ZS=F_d11;49700;ASH_COATED_OSMIUM;9923;17;9920;20;;;9929;15;9932;20;;;9926.0;0.0
yf_ZS=F_d11;49700;INTARIAN_PEPPER_ROOT;11259;5;11255;16;;;11265;21;11269;11;;;11262.0;0.0
yf_ZS=F_d11;49800;ASH_COATED_OSMIUM;9924;17;9920;21;;;9930;15;9934;26;;;9927.0;0.0
yf_ZS=F_d11;49800;INTARIAN_PEPPER_ROOT;11259;20;11256;18;;;11269;23;11271;19;;;11264.0;0.0
yf_ZS=F_d11;49900;ASH_COATED_OSMIUM;9922;14;9919;26;;;9931;14;9933;16;;;9926.5;0.0
yf_ZS=F_d11;49900;INTARIAN_PEPPER_ROOT;11262;17;11259;26;;;11268;22;11272;23;;;11265.0;0.0
yf_ZS=F_d11;50000;ASH_COATED_OSMIUM;9917;16;9915;22;;;9934;15;9937;14;;;9925.5;0.0
yf_ZS=F_d11;50000;INTARIAN_PEPPER_ROOT;11263;22;11260;12;;;11269;25;11272;18;;;11266.0;0.0
yf_ZS=F_d11;50100;ASH_COATED_OSMIUM;9923;24;9921;16;;;9929;19;9931;24;;;9926.0;0.0
yf_ZS=F_d11;50100;INTARIAN_PEPPER_ROOT;11265;10;11262;18;;;11271;15;11273;22;;;11268.0;0.0
yf_ZS=F_d11;50200;ASH_COATED_OSMIUM;9923;8;9919;26;;;9929;19;9932;20;;;9926.0;0.0
yf_ZS=F_d11;50200;INTARIAN_PEPPER_ROOT;11264;7;11260;19;;;11275;16;11279;13;;;11269.5;0.0
yf_ZS=F_d11;50300;ASH_COATED_OSMIUM;9918;18;9914;16;;;9936;12;9939;15;;;9927.0;0.0
yf_ZS=F_d11;50300;INTARIAN_PEPPER_ROOT;11268;10;11264;18;;;11274;21;11276;14;;;11271.0;0.0
yf_ZS=F_d11;50400;ASH_COATED_OSMIUM;9923;8;9921;28;;;9929;11;9932;15;;;9926.0;0.0
yf_ZS=F_d11;50400;INTARIAN_PEPPER_ROOT;11270;10;11267;14;;;11276;10;11278;20;;;11273.0;0.0
yf_ZS=F_d11;50500;ASH_COATED_OSMIUM;9924;20;9920;23;;;9930;14;9932;19;;;9927.0;0.0
yf_ZS=F_d11;50500;INTARIAN_PEPPER_ROOT;11269;16;11266;20;;;11280;19;11283;28;;;11274.5;0.0
yf_ZS=F_d11;50600;ASH_COATED_OSMIUM;9922;11;9920;20;;;9931;11;9933;19;;;9926.5;0.0
yf_ZS=F_d11;50600;INTARIAN_PEPPER_ROOT;11272;17;11268;25;;;11278;10;11282;25;;;11275.0;0.0
yf_ZS=F_d11;50700;ASH_COATED_OSMIUM;9923;27;9921;19;;;9929;18;9932;13;;;9926.0;0.0
yf_ZS=F_d11;50700;INTARIAN_PEPPER_ROOT;11273;14;11270;27;;;11281;17;11285;18;;;11277.0;0.0
yf_ZS=F_d11;50800;ASH_COATED_OSMIUM;9924;14;9920;14;;;9930;17;9933;13;;;9927.0;0.0
yf_ZS=F_d11;50800;INTARIAN_PEPPER_ROOT;11272;15;11268;20;;;11287;8;11291;21;;;11279.5;0.0
yf_ZS=F_d11;50900;ASH_COATED_OSMIUM;9920;17;9917;16;;;9933;10;9935;25;;;9926.5;0.0
yf_ZS=F_d11;50900;INTARIAN_PEPPER_ROOT;11272;7;11268;19;;;11284;15;11287;25;;;11278.0;0.0
yf_ZS=F_d11;51000;ASH_COATED_OSMIUM;9924;5;9922;14;;;9930;6;9932;30;;;9927.0;0.0
yf_ZS=F_d11;51000;INTARIAN_PEPPER_ROOT;11274;17;11270;16;;;11280;15;11284;23;;;11277.0;0.0
yf_ZS=F_d11;51100;ASH_COATED_OSMIUM;9923;18;9919;14;;;9930;5;9934;14;;;9926.5;0.0
yf_ZS=F_d11;51100;INTARIAN_PEPPER_ROOT;11271;9;11267;18;;;11277;15;11281;18;;;11274.0;0.0
yf_ZS=F_d11;51200;ASH_COATED_OSMIUM;9923;12;9919;21;;;9929;23;9931;19;;;9926.0;0.0
yf_ZS=F_d11;51200;INTARIAN_PEPPER_ROOT;11267;17;11265;23;;;11278;16;11280;25;;;11272.5;0.0
yf_ZS=F_d11;51300;ASH_COATED_OSMIUM;9924;20;9922;20;;;9930;11;9932;17;;;9927.0;0.0
yf_ZS=F_d11;51300;INTARIAN_PEPPER_ROOT;11268;16;11264;10;;;11274;19;11277;17;;;11271.0;0.0
yf_ZS=F_d11;51400;ASH_COATED_OSMIUM;9922;6;9918;20;;;9932;17;9934;21;;;9927.0;0.0
yf_ZS=F_d11;51400;INTARIAN_PEPPER_ROOT;11262;17;11260;29;;;11276;26;11279;27;;;11269.0;0.0
yf_ZS=F_d11;51500;ASH_COATED_OSMIUM;9921;14;9918;20;;;9933;17;9936;21;;;9927.0;0.0
yf_ZS=F_d11;51500;INTARIAN_PEPPER_ROOT;11261;21;11259;20;;;11272;18;11276;22;;;11266.5;0.0
yf_ZS=F_d11;51600;ASH_COATED_OSMIUM;9923;12;9921;20;;;9929;16;9932;27;;;9926.0;0.0
yf_ZS=F_d11;51600;INTARIAN_PEPPER_ROOT;11262;11;11260;22;;;11268;11;11270;19;;;11265.0;0.0
yf_ZS=F_d11;51700;ASH_COATED_OSMIUM;9919;19;9917;21;;;9936;9;9939;17;;;9927.5;0.0
yf_ZS=F_d11;51700;INTARIAN_PEPPER_ROOT;11251;20;11248;15;;;11274;19;11277;15;;;11262.5;0.0
yf_ZS=F_d11;51800;ASH_COATED_OSMIUM;9924;20;9921;22;;;9930;16;9933;16;;;9927.0;0.0
yf_ZS=F_d11;51800;INTARIAN_PEPPER_ROOT;11258;18;11255;23;;;11264;13;11266;12;;;11261.0;0.0
yf_ZS=F_d11;51900;ASH_COATED_OSMIUM;9924;15;9920;24;;;9930;11;9932;24;;;9927.0;0.0
yf_ZS=F_d11;51900;INTARIAN_PEPPER_ROOT;11255;15;11251;19;;;11261;5;11263;16;;;11258.0;0.0
yf_ZS=F_d11;52000;ASH_COATED_OSMIUM;9924;12;9920;19;;;9930;15;9933;20;;;9927.0;0.0
yf_ZS=F_d11;52000;INTARIAN_PEPPER_ROOT;11245;23;11242;22;;;11269;18;11273;21;;;11257.0;0.0
yf_ZS=F_d11;52100;ASH_COATED_OSMIUM;9924;16;9920;13;;;9930;15;9932;19;;;9927.0;0.0
yf_ZS=F_d11;52100;INTARIAN_PEPPER_ROOT;11250;17;11246;21;;;11257;6;11261;22;;;11253.5;0.0
yf_ZS=F_d11;52200;ASH_COATED_OSMIUM;9924;6;9920;8;;;9930;19;9932;21;;;9927.0;0.0
yf_ZS=F_d11;52200;INTARIAN_PEPPER_ROOT;11249;10;11246;14;;;11256;16;11259;14;;;11252.5;0.0
yf_ZS=F_d11;52300;ASH_COATED_OSMIUM;9924;13;9920;19;;;9930;14;9934;24;;;9927.0;0.0
yf_ZS=F_d11;52300;INTARIAN_PEPPER_ROOT;11244;13;11240;8;;;11256;11;11260;22;;;11250.0;0.0
yf_ZS=F_d11;52400;ASH_COATED_OSMIUM;9924;8;9921;21;;;9930;13;9933;20;;;9927.0;0.0
yf_ZS=F_d11;52400;INTARIAN_PEPPER_ROOT;11241;13;11238;25;;;11256;19;11258;21;;;11248.5;0.0
yf_ZS=F_d11;52500;ASH_COATED_OSMIUM;9924;24;9921;13;;;9930;15;9932;12;;;9927.0;0.0
yf_ZS=F_d11;52500;INTARIAN_PEPPER_ROOT;11237;17;11235;23;;;11256;14;11259;23;;;11246.5;0.0
yf_ZS=F_d11;52600;ASH_COATED_OSMIUM;9923;20;9921;24;;;9929;17;9933;22;;;9926.0;0.0
yf_ZS=F_d11;52600;INTARIAN_PEPPER_ROOT;11241;12;11237;24;;;11247;13;11250;16;;;11244.0;0.0
yf_ZS=F_d11;52700;ASH_COATED_OSMIUM;9924;17;9921;25;;;9930;14;9932;16;;;9927.0;0.0
yf_ZS=F_d11;52700;INTARIAN_PEPPER_ROOT;11233;14;11230;20;;;11252;8;11255;22;;;11242.5;0.0
yf_ZS=F_d11;52800;ASH_COATED_OSMIUM;9924;13;9921;21;;;9930;19;9932;24;;;9927.0;0.0
yf_ZS=F_d11;52800;INTARIAN_PEPPER_ROOT;11238;10;11234;16;;;11244;13;11246;26;;;11241.0;0.0
yf_ZS=F_d11;52900;ASH_COATED_OSMIUM;9917;18;9913;22;;;9937;12;9941;14;;;9927.0;0.0
yf_ZS=F_d11;52900;INTARIAN_PEPPER_ROOT;11235;13;11233;19;;;11241;20;11244;25;;;11238.0;0.0
yf_ZS=F_d11;53000;ASH_COATED_OSMIUM;9918;13;9915;17;;;9936;5;9939;18;;;9927.0;0.0
yf_ZS=F_d11;53000;INTARIAN_PEPPER_ROOT;11234;20;11232;20;;;11240;6;11243;24;;;11237.0;0.0
yf_ZS=F_d11;53100;ASH_COATED_OSMIUM;9923;16;9920;20;;;9931;14;9934;27;;;9927.0;0.0
yf_ZS=F_d11;53100;INTARIAN_PEPPER_ROOT;11232;20;11228;17;;;11238;15;11240;30;;;11235.0;0.0
yf_ZS=F_d11;53200;ASH_COATED_OSMIUM;9924;12;9922;13;;;9930;13;9933;27;;;9927.0;0.0
yf_ZS=F_d11;53200;INTARIAN_PEPPER_ROOT;11229;10;11225;17;;;11235;22;11237;23;;;11232.0;0.0
yf_ZS=F_d11;53300;ASH_COATED_OSMIUM;9920;21;9918;29;;;9933;9;9937;14;;;9926.5;0.0
yf_ZS=F_d11;53300;INTARIAN_PEPPER_ROOT;11228;20;11225;13;;;11234;20;11236;12;;;11231.0;0.0
yf_ZS=F_d11;53400;ASH_COATED_OSMIUM;9923;8;9919;15;;;9932;17;9934;13;;;9927.5;0.0
yf_ZS=F_d11;53400;INTARIAN_PEPPER_ROOT;11225;14;11221;18;;;11231;23;11234;13;;;11228.0;0.0
yf_ZS=F_d11;53500;ASH_COATED_OSMIUM;9923;14;9920;22;;;9932;12;9935;20;;;9927.5;0.0
yf_ZS=F_d11;53500;INTARIAN_PEPPER_ROOT;11221;13;11218;17;;;11231;12;11234;15;;;11226.0;0.0
yf_ZS=F_d11;53600;ASH_COATED_OSMIUM;9923;11;9919;18;;;9932;17;9934;17;;;9927.5;0.0
yf_ZS=F_d11;53600;INTARIAN_PEPPER_ROOT;11216;10;11214;25;;;11233;5;11237;21;;;11224.5;0.0
yf_ZS=F_d11;53700;ASH_COATED_OSMIUM;9925;19;9922;34;;;9931;15;9935;19;;;9928.0;0.0
yf_ZS=F_d11;53700;INTARIAN_PEPPER_ROOT;11218;20;11215;23;;;11227;6;11230;26;;;11222.5;0.0
yf_ZS=F_d11;53800;ASH_COATED_OSMIUM;9925;15;9922;24;;;9931;11;9935;17;;;9928.0;0.0
yf_ZS=F_d11;53800;INTARIAN_PEPPER_ROOT;11218;21;11214;19;;;11224;14;11227;14;;;11221.0;0.0
yf_ZS=F_d11;53900;ASH_COATED_OSMIUM;9924;14;9921;20;;;9930;22;9934;21;;;9927.0;0.0
yf_ZS=F_d11;53900;INTARIAN_PEPPER_ROOT;11209;12;11206;14;;;11229;12;11232;12;;;11219.0;0.0
yf_ZS=F_d11;54000;ASH_COATED_OSMIUM;9907;14;9905;20;;;9947;14;9951;8;;;9927.0;0.0
yf_ZS=F_d11;54000;INTARIAN_PEPPER_ROOT;11214;18;11211;24;;;11220;6;11222;30;;;11217.0;0.0
yf_ZS=F_d11;54100;ASH_COATED_OSMIUM;9924;19;9921;15;;;9930;7;9932;24;;;9927.0;0.0
yf_ZS=F_d11;54100;INTARIAN_PEPPER_ROOT;11202;18;11199;21;;;11227;19;11230;13;;;11214.5;0.0
yf_ZS=F_d11;54200;ASH_COATED_OSMIUM;9924;5;9920;14;;;9930;18;9932;21;;;9927.0;0.0
yf_ZS=F_d11;54200;INTARIAN_PEPPER_ROOT;11208;5;11205;14;;;11218;12;11221;21;;;11213.0;0.0
yf_ZS=F_d11;54300;ASH_COATED_OSMIUM;9924;26;9921;16;;;9930;13;9934;19;;;9927.0;0.0
yf_ZS=F_d11;54300;INTARIAN_PEPPER_ROOT;11208;6;11204;23;;;11214;20;11216;17;;;11211.0;0.0
yf_ZS=F_d11;54400;ASH_COATED_OSMIUM;9919;16;9915;21;;;9935;13;9937;31;;;9927.0;0.0
yf_ZS=F_d11;54400;INTARIAN_PEPPER_ROOT;11205;16;11203;20;;;11211;8;11214;12;;;11208.0;0.0
yf_ZS=F_d11;54500;ASH_COATED_OSMIUM;9924;21;9920;11;;;9930;11;9934;16;;;9927.0;0.0
yf_ZS=F_d11;54500;INTARIAN_PEPPER_ROOT;11204;14;11200;17;;;11210;15;11213;19;;;11207.0;0.0
yf_ZS=F_d11;54600;ASH_COATED_OSMIUM;9924;8;9920;19;;;9933;20;9937;19;;;9928.5;0.0
yf_ZS=F_d11;54600;INTARIAN_PEPPER_ROOT;11198;11;11196;26;;;11210;12;11212;21;;;11204.0;0.0
yf_ZS=F_d11;54700;ASH_COATED_OSMIUM;9924;5;9920;23;;;9930;17;9933;27;;;9927.0;0.0
yf_ZS=F_d11;54700;INTARIAN_PEPPER_ROOT;11198;14;11195;21;;;11208;11;11210;8;;;11203.0;0.0
yf_ZS=F_d11;54800;ASH_COATED_OSMIUM;9925;6;9923;19;;;9931;18;9935;18;;;9928.0;0.0
yf_ZS=F_d11;54800;INTARIAN_PEPPER_ROOT;11197;17;11194;20;;;11204;16;11207;8;;;11200.5;0.0
yf_ZS=F_d11;54900;ASH_COATED_OSMIUM;9922;9;9919;16;;;9934;12;9936;23;;;9928.0;0.0
yf_ZS=F_d11;54900;INTARIAN_PEPPER_ROOT;11194;12;11190;30;;;11203;25;11207;19;;;11198.5;0.0
yf_ZS=F_d11;55000;ASH_COATED_OSMIUM;9920;22;9916;16;;;9937;20;9939;21;;;9928.5;0.0
yf_ZS=F_d11;55000;INTARIAN_PEPPER_ROOT;11194;21;11190;18;;;11200;11;11202;20;;;11197.0;0.0
yf_ZS=F_d11;55100;ASH_COATED_OSMIUM;9925;18;9922;17;;;9931;15;9935;17;;;9928.0;0.0
yf_ZS=F_d11;55100;INTARIAN_PEPPER_ROOT;11191;13;11189;24;;;11199;17;11203;29;;;11195.0;0.0
yf_ZS=F_d11;55200;ASH_COATED_OSMIUM;9925;14;9923;23;;;9931;11;9934;20;;;9928.0;0.0
yf_ZS=F_d11;55200;INTARIAN_PEPPER_ROOT;11190;8;11187;18;;;11196;10;11200;16;;;11193.0;0.0
yf_ZS=F_d11;55300;ASH_COATED_OSMIUM;9923;11;9921;16;;;9933;10;9935;12;;;9928.0;0.0
yf_ZS=F_d11;55300;INTARIAN_PEPPER_ROOT;11187;11;11184;25;;;11193;14;11196;17;;;11190.0;0.0
yf_ZS=F_d11;55400;ASH_COATED_OSMIUM;9925;19;9923;21;;;9931;13;9935;21;;;9928.0;0.0
yf_ZS=F_d11;55400;INTARIAN_PEPPER_ROOT;11184;15;11181;22;;;11193;17;11195;24;;;11188.5;0.0
yf_ZS=F_d11;55500;ASH_COATED_OSMIUM;9925;12;9921;16;;;9931;22;9935;23;;;9928.0;0.0
yf_ZS=F_d11;55500;INTARIAN_PEPPER_ROOT;11178;14;11175;26;;;11195;12;11197;28;;;11186.5;0.0
yf_ZS=F_d11;55600;ASH_COATED_OSMIUM;9923;14;9920;23;;;9932;13;9936;14;;;9927.5;0.0
yf_ZS=F_d11;55600;INTARIAN_PEPPER_ROOT;11182;6;11180;16;;;11188;21;11190;25;;;11185.0;0.0
yf_ZS=F_d11;55700;ASH_COATED_OSMIUM;9922;23;9919;22;;;9935;9;9938;23;;;9928.5;0.0
yf_ZS=F_d11;55700;INTARIAN_PEPPER_ROOT;11179;14;11176;23;;;11185;11;11189;17;;;11182.0;0.0
yf_ZS=F_d11;55800;ASH_COATED_OSMIUM;9919;16;9917;17;;;9936;17;9940;23;;;9927.5;0.0
yf_ZS=F_d11;55800;INTARIAN_PEPPER_ROOT;11178;8;11174;22;;;11184;15;11187;22;;;11181.0;0.0
yf_ZS=F_d11;55900;ASH_COATED_OSMIUM;9925;15;9922;11;;;9931;18;9935;17;;;9928.0;0.0
yf_ZS=F_d11;55900;INTARIAN_PEPPER_ROOT;11176;18;11172;19;;;11182;18;11186;17;;;11179.0;0.0
yf_ZS=F_d11;56000;ASH_COATED_OSMIUM;9916;11;9913;20;;;9940;9;9943;25;;;9928.0;0.0
yf_ZS=F_d11;56000;INTARIAN_PEPPER_ROOT;11167;16;11165;18;;;11186;21;11189;28;;;11176.5;0.0
yf_ZS=F_d11;56100;ASH_COATED_OSMIUM;9924;17;9921;21;;;9930;24;9934;15;;;9927.0;0.0
yf_ZS=F_d11;56100;INTARIAN_PEPPER_ROOT;11170;16;11166;15;;;11180;15;11182;10;;;11175.0;0.0
yf_ZS=F_d11;56200;ASH_COATED_OSMIUM;9925;14;9922;22;;;9931;11;9935;19;;;9928.0;0.0
yf_ZS=F_d11;56200;INTARIAN_PEPPER_ROOT;11170;15;11168;18;;;11176;9;11179;23;;;11173.0;0.0
yf_ZS=F_d11;56300;ASH_COATED_OSMIUM;9922;13;9919;21;;;9934;17;9938;19;;;9928.0;0.0
yf_ZS=F_d11;56300;INTARIAN_PEPPER_ROOT;11165;5;11163;11;;;11176;15;11179;12;;;11170.5;0.0
yf_ZS=F_d11;56400;ASH_COATED_OSMIUM;9920;17;9916;19;;;9936;17;9940;19;;;9928.0;0.0
yf_ZS=F_d11;56400;INTARIAN_PEPPER_ROOT;11166;20;11163;28;;;11172;12;11176;14;;;11169.0;0.0
yf_ZS=F_d11;56500;ASH_COATED_OSMIUM;9925;10;9921;14;;;9931;18;9933;31;;;9928.0;0.0
yf_ZS=F_d11;56500;INTARIAN_PEPPER_ROOT;11163;19;11160;22;;;11169;8;11171;13;;;11166.0;0.0
yf_ZS=F_d11;56600;ASH_COATED_OSMIUM;9925;14;9921;22;;;9931;29;9934;23;;;9928.0;0.0
yf_ZS=F_d11;56600;INTARIAN_PEPPER_ROOT;11161;19;11158;19;;;11167;13;11171;26;;;11164.0;0.0
yf_ZS=F_d11;56700;ASH_COATED_OSMIUM;9923;18;9921;10;;;9932;14;9936;11;;;9927.5;0.0
yf_ZS=F_d11;56700;INTARIAN_PEPPER_ROOT;11160;17;11157;18;;;11166;15;11170;15;;;11163.0;0.0
yf_ZS=F_d11;56800;ASH_COATED_OSMIUM;9921;18;9918;18;;;9936;17;9938;19;;;9928.5;0.0
yf_ZS=F_d11;56800;INTARIAN_PEPPER_ROOT;11157;11;11154;16;;;11164;13;11168;20;;;11160.5;0.0
yf_ZS=F_d11;56900;ASH_COATED_OSMIUM;9913;12;9910;21;;;9942;16;9946;14;;;9927.5;0.0
yf_ZS=F_d11;56900;INTARIAN_PEPPER_ROOT;11156;6;11154;17;;;11162;6;11165;16;;;11159.0;0.0
yf_ZS=F_d11;57000;ASH_COATED_OSMIUM;9924;11;9921;18;;;9931;5;9935;28;;;9927.5;0.0
yf_ZS=F_d11;57000;INTARIAN_PEPPER_ROOT;11153;17;11149;14;;;11159;13;11161;26;;;11156.0;0.0
yf_ZS=F_d11;57100;ASH_COATED_OSMIUM;9920;18;9918;20;;;9935;6;9937;25;;;9927.5;0.0
yf_ZS=F_d11;57100;INTARIAN_PEPPER_ROOT;11152;9;11150;15;;;11158;6;11161;24;;;11155.0;0.0
yf_ZS=F_d11;57200;ASH_COATED_OSMIUM;9925;21;9921;20;;;9931;23;9935;15;;;9928.0;0.0
yf_ZS=F_d11;57200;INTARIAN_PEPPER_ROOT;11146;9;11143;21;;;11158;16;11160;33;;;11152.0;0.0
yf_ZS=F_d11;57300;ASH_COATED_OSMIUM;9921;12;9919;22;;;9936;21;9939;26;;;9928.5;0.0
yf_ZS=F_d11;57300;INTARIAN_PEPPER_ROOT;11147;8;11144;22;;;11153;10;11156;13;;;11150.0;0.0
yf_ZS=F_d11;57400;ASH_COATED_OSMIUM;9924;10;9920;24;;;9932;19;9935;25;;;9928.0;0.0
yf_ZS=F_d11;57400;INTARIAN_PEPPER_ROOT;11145;20;11142;18;;;11151;12;11153;20;;;11148.0;0.0
yf_ZS=F_d11;57500;ASH_COATED_OSMIUM;9925;10;9921;15;;;9931;18;9935;16;;;9928.0;0.0
yf_ZS=F_d11;57500;INTARIAN_PEPPER_ROOT;11143;14;11139;30;;;11149;12;11153;24;;;11146.0;0.0
yf_ZS=F_d11;57600;ASH_COATED_OSMIUM;9925;14;9923;22;;;9931;8;9935;12;;;9928.0;0.0
yf_ZS=F_d11;57600;INTARIAN_PEPPER_ROOT;11135;19;11131;22;;;11154;19;11158;19;;;11144.5;0.0
