day;timestamp;product;bid_price_1;bid_volume_1;bid_price_2;bid_volume_2;bid_price_3;bid_volume_3;ask_price_1;ask_volume_1;ask_price_2;ask_volume_2;ask_price_3;ask_volume_3;mid_price;profit_and_loss
yf_MKC_d1;0;ASH_COATED_OSMIUM;9907;11;9904;27;;;9913;17;9917;26;;;9910.0;0.0
yf_MKC_d1;0;INTARIAN_PEPPER_ROOT;10644;10;10640;18;;;10651;18;10654;21;;;10647.5;0.0
yf_MKC_d1;100;ASH_COATED_OSMIUM;9904;14;9901;15;;;9915;16;9918;22;;;9909.5;0.0
yf_MKC_d1;100;INTARIAN_PEPPER_ROOT;10645;23;10642;19;;;10651;19;10655;16;;;10648.0;0.0
yf_MKC_d1;200;ASH_COATED_OSMIUM;9902;18;9899;18;;;9916;23;9919;32;;;9909.0;0.0
yf_MKC_d1;200;INTARIAN_PEPPER_ROOT;10646;9;10643;16;;;10653;14;10657;22;;;10649.5;0.0
yf_MKC_d1;300;ASH_COATED_OSMIUM;9902;12;9898;21;;;9916;20;9919;28;;;9909.0;0.0
yf_MKC_d1;300;INTARIAN_PEPPER_ROOT;10647;10;10643;19;;;10654;11;10656;19;;;10650.5;0.0
yf_MKC_d1;400;ASH_COATED_OSMIUM;9906;20;9902;17;;;9912;16;9915;26;;;9909.0;0.0
yf_MKC_d1;400;INTARIAN_PEPPER_ROOT;10648;17;10644;23;;;10654;15;10657;21;;;10651.0;0.0
yf_MKC_d1;500;ASH_COATED_OSMIUM;9907;11;9905;18;;;9913;16;9915;23;;;9910.0;0.0
yf_MKC_d1;500;INTARIAN_PEPPER_ROOT;10649;11;10645;27;;;10655;23;10658;26;;;10652.0;0.0
yf_MKC_d1;600;ASH_COATED_OSMIUM;9902;14;9899;21;;;9917;14;9920;22;;;9909.5;0.0
yf_MKC_d1;600;INTARIAN_PEPPER_ROOT;10650;22;10646;15;;;10656;22;10659;23;;;10653.0;0.0
yf_MKC_d1;700;ASH_COATED_OSMIUM;9907;17;9903;23;;;9913;18;9915;12;;;9910.0;0.0
yf_MKC_d1;700;INTARIAN_PEPPER_ROOT;10649;20;10646;19;;;10658;20;10662;21;;;10653.5;0.0
yf_MKC_d1;800;ASH_COATED_OSMIUM;9902;11;9898;20;;;9915;9;9918;12;;;9908.5;0.0
yf_MKC_d1;800;INTARIAN_PEPPER_ROOT;10652;19;10650;25;;;10658;14;10660;22;;;10655.0;0.0
yf_MKC_d1;900;ASH_COATED_OSMIUM;9904;15;9900;16;;;9914;16;9917;25;;;9909.0;0.0
yf_MKC_d1;900;INTARIAN_PEPPER_ROOT;10652;20;10648;23;;;10658;10;10661;19;;;10655.0;0.0
yf_MKC_d1;1000;ASH_COATED_OSMIUM;9907;5;9905;23;;;9913;10;9916;21;;;9910.0;0.0
yf_MKC_d1;1000;INTARIAN_PEPPER_ROOT;10652;18;10650;22;;;10659;19;10663;16;;;10655.5;0.0
yf_MKC_d1;1100;ASH_COATED_OSMIUM;9891;12;9887;20;;;9928;22;9931;25;;;9909.5;0.0
yf_MKC_d1;1100;INTARIAN_PEPPER_ROOT;10654;17;10650;19;;;10660;18;10664;20;;;10657.0;0.0
yf_MKC_d1;1200;ASH_COATED_OSMIUM;9907;13;9903;25;;;9913;21;9917;17;;;9910.0;0.0
yf_MKC_d1;1200;INTARIAN_PEPPER_ROOT;10653;9;10649;23;;;10662;24;10666;23;;;10657.5;0.0
yf_MKC_d1;1300;ASH_COATED_OSMIUM;9907;24;9905;14;;;9913;7;9915;16;;;9910.0;0.0
yf_MKC_d1;1300;INTARIAN_PEPPER_ROOT;10652;20;10649;26;;;10666;6;10668;14;;;10659.0;0.0
yf_MKC_d1;1400;ASH_COATED_OSMIUM;9907;17;9904;18;;;9913;8;9916;8;;;9910.0;0.0
yf_MKC_d1;1400;INTARIAN_PEPPER_ROOT;10656;10;10652;20;;;10662;9;10665;11;;;10659.0;0.0
yf_MKC_d1;1500;ASH_COATED_OSMIUM;9907;13;9905;27;;;9913;20;9917;19;;;9910.0;0.0
yf_MKC_d1;1500;INTARIAN_PEPPER_ROOT;10657;6;10655;10;;;10663;14;10665;16;;;10660.0;0.0
yf_MKC_d1;1600;ASH_COATED_OSMIUM;9898;8;9895;8;;;9922;12;9924;10;;;9910.0;0.0
yf_MKC_d1;1600;INTARIAN_PEPPER_ROOT;10658;12;10654;28;;;10664;10;10667;19;;;10661.0;0.0
yf_MKC_d1;1700;ASH_COATED_OSMIUM;9906;19;9903;24;;;9913;12;9917;14;;;9909.5;0.0
yf_MKC_d1;1700;INTARIAN_PEPPER_ROOT;10659;19;10656;23;;;10665;20;10668;11;;;10662.0;0.0
yf_MKC_d1;1800;ASH_COATED_OSMIUM;9905;18;9901;18;;;9915;14;9917;16;;;9910.0;0.0
yf_MKC_d1;1800;INTARIAN_PEPPER_ROOT;10659;6;10657;21;;;10665;15;10667;19;;;10662.0;0.0
yf_MKC_d1;1900;ASH_COATED_OSMIUM;9906;17;9903;28;;;9912;13;9916;25;;;9909.0;0.0
yf_MKC_d1;1900;INTARIAN_PEPPER_ROOT;10653;18;10651;22;;;10675;13;10679;21;;;10664.0;0.0
yf_MKC_d1;2000;ASH_COATED_OSMIUM;9906;10;9904;23;;;9912;8;9915;9;;;9909.0;0.0
yf_MKC_d1;2000;INTARIAN_PEPPER_ROOT;10661;12;10657;13;;;10667;14;10669;25;;;10664.0;0.0
yf_MKC_d1;2100;ASH_COATED_OSMIUM;9901;18;9897;11;;;9918;6;9922;21;;;9909.5;0.0
yf_MKC_d1;2100;INTARIAN_PEPPER_ROOT;10657;20;10653;26;;;10671;17;10674;23;;;10664.0;0.0
yf_MKC_d1;2200;ASH_COATED_OSMIUM;9903;18;9901;25;;;9916;16;9919;20;;;9909.5;0.0
yf_MKC_d1;2200;INTARIAN_PEPPER_ROOT;10662;14;10659;16;;;10670;7;10672;22;;;10666.0;0.0
yf_MKC_d1;2300;ASH_COATED_OSMIUM;9906;5;9902;27;;;9912;5;9914;19;;;9909.0;0.0
yf_MKC_d1;2300;INTARIAN_PEPPER_ROOT;10664;13;10661;15;;;10670;13;10673;23;;;10667.0;0.0
yf_MKC_d1;2400;ASH_COATED_OSMIUM;9906;21;9904;17;;;9914;15;9916;17;;;9910.0;0.0
yf_MKC_d1;2400;INTARIAN_PEPPER_ROOT;10664;13;10660;18;;;10670;5;10673;22;;;10667.0;0.0
yf_MKC_d1;2500;ASH_COATED_OSMIUM;9907;13;9904;17;;;9913;19;9917;18;;;9910.0;0.0
yf_MKC_d1;2500;INTARIAN_PEPPER_ROOT;10662;7;10659;12;;;10673;12;10675;17;;;10667.5;0.0
yf_MKC_d1;2600;ASH_COATED_OSMIUM;9905;11;9902;19;;;9913;13;9915;12;;;9909.0;0.0
yf_MKC_d1;2600;INTARIAN_PEPPER_ROOT;10666;14;10664;12;;;10672;14;10674;24;;;10669.0;0.0
yf_MKC_d1;2700;ASH_COATED_OSMIUM;9907;17;9903;14;;;9913;12;9916;27;;;9910.0;0.0
yf_MKC_d1;2700;INTARIAN_PEPPER_ROOT;10667;13;10663;27;;;10673;5;10676;23;;;10670.0;0.0
yf_MKC_d1;2800;ASH_COATED_OSMIUM;9907;11;9904;22;;;9913;12;9915;19;;;9910.0;0.0
yf_MKC_d1;2800;INTARIAN_PEPPER_ROOT;10668;6;10666;22;;;10674;17;10678;15;;;10671.0;0.0
yf_MKC_d1;2900;ASH_COATED_OSMIUM;9896;7;9892;25;;;9923;6;9927;25;;;9909.5;0.0
yf_MKC_d1;2900;INTARIAN_PEPPER_ROOT;10669;21;10667;21;;;10675;21;10679;21;;;10672.0;0.0
yf_MKC_d1;3000;ASH_COATED_OSMIUM;9907;17;9905;9;;;9913;11;9915;23;;;9910.0;0.0
yf_MKC_d1;3000;INTARIAN_PEPPER_ROOT;10669;17;10667;24;;;10675;7;10678;29;;;10672.0;0.0
yf_MKC_d1;3100;ASH_COATED_OSMIUM;9906;16;9903;16;;;9912;5;9914;11;;;9909.0;0.0
yf_MKC_d1;3100;INTARIAN_PEPPER_ROOT;10669;10;10666;22;;;10678;12;10682;10;;;10673.5;0.0
yf_MKC_d1;3200;ASH_COATED_OSMIUM;9904;9;9901;26;;;9915;19;9918;26;;;9909.5;0.0
yf_MKC_d1;3200;INTARIAN_PEPPER_ROOT;10671;17;10667;15;;;10677;19;10680;23;;;10674.0;0.0
yf_MKC_d1;3300;ASH_COATED_OSMIUM;9907;14;9903;8;;;9913;24;9917;10;;;9910.0;0.0
yf_MKC_d1;3300;INTARIAN_PEPPER_ROOT;10672;11;10670;27;;;10678;17;10682;15;;;10675.0;0.0
yf_MKC_d1;3400;ASH_COATED_OSMIUM;9907;25;9905;17;;;9913;11;9917;22;;;9910.0;0.0
yf_MKC_d1;3400;INTARIAN_PEPPER_ROOT;10669;18;10667;18;;;10682;16;10685;32;;;10675.5;0.0
yf_MKC_d1;3500;ASH_COATED_OSMIUM;9906;10;9903;19;;;9912;7;9914;17;;;9909.0;0.0
yf_MKC_d1;3500;INTARIAN_PEPPER_ROOT;10674;12;10672;21;;;10680;9;10684;26;;;10677.0;0.0
yf_MKC_d1;3600;ASH_COATED_OSMIUM;9906;14;9903;17;;;9912;7;9916;23;;;9909.0;0.0
yf_MKC_d1;3600;INTARIAN_PEPPER_ROOT;10674;10;10671;12;;;10680;10;10682;17;;;10677.0;0.0
yf_MKC_d1;3700;ASH_COATED_OSMIUM;9907;19;9903;15;;;9913;5;9917;9;;;9910.0;0.0
yf_MKC_d1;3700;INTARIAN_PEPPER_ROOT;10675;18;10673;16;;;10681;24;10685;20;;;10678.0;0.0
yf_MKC_d1;3800;ASH_COATED_OSMIUM;9904;14;9902;20;;;9915;7;9917;15;;;9909.5;0.0
yf_MKC_d1;3800;INTARIAN_PEPPER_ROOT;10672;16;10670;13;;;10685;18;10689;20;;;10678.5;0.0
yf_MKC_d1;3900;ASH_COATED_OSMIUM;9906;15;9902;20;;;9912;6;9914;14;;;9909.0;0.0
yf_MKC_d1;3900;INTARIAN_PEPPER_ROOT;10676;22;10674;15;;;10682;14;10684;24;;;10679.0;0.0
yf_MKC_d1;4000;ASH_COATED_OSMIUM;9906;14;9903;24;;;9912;15;9915;20;;;9909.0;0.0
yf_MKC_d1;4000;INTARIAN_PEPPER_ROOT;10678;16;10675;20;;;10684;12;10688;24;;;10681.0;0.0
yf_MKC_d1;4100;ASH_COATED_OSMIUM;9905;17;9903;18;;;9914;11;9918;15;;;9909.5;0.0
yf_MKC_d1;4100;INTARIAN_PEPPER_ROOT;10678;14;10676;16;;;10684;18;10686;16;;;10681.0;0.0
yf_MKC_d1;4200;ASH_COATED_OSMIUM;9907;18;9905;20;;;9913;6;9916;22;;;9910.0;0.0
yf_MKC_d1;4200;INTARIAN_PEPPER_ROOT;10679;8;10677;19;;;10685;16;10687;17;;;10682.0;0.0
yf_MKC_d1;4300;ASH_COATED_OSMIUM;9907;18;9904;20;;;9913;8;9917;30;;;9910.0;0.0
yf_MKC_d1;4300;INTARIAN_PEPPER_ROOT;10680;10;10678;16;;;10686;24;10690;28;;;10683.0;0.0
yf_MKC_d1;4400;ASH_COATED_OSMIUM;9906;14;9904;18;;;9913;7;9915;15;;;9909.5;0.0
yf_MKC_d1;4400;INTARIAN_PEPPER_ROOT;10677;14;10675;16;;;10691;16;10695;15;;;10684.0;0.0
yf_MKC_d1;4500;ASH_COATED_OSMIUM;9907;21;9904;17;;;9913;20;9915;19;;;9910.0;0.0
yf_MKC_d1;4500;INTARIAN_PEPPER_ROOT;10682;13;10680;19;;;10688;12;10690;22;;;10685.0;0.0
yf_MKC_d1;4600;ASH_COATED_OSMIUM;9907;18;9904;15;;;9913;18;9915;21;;;9910.0;0.0
yf_MKC_d1;4600;INTARIAN_PEPPER_ROOT;10672;5;10670;16;;;10699;14;10702;26;;;10685.5;0.0
yf_MKC_d1;4700;ASH_COATED_OSMIUM;9906;10;9902;21;;;9912;15;9914;17;;;9909.0;0.0
yf_MKC_d1;4700;INTARIAN_PEPPER_ROOT;10683;19;10679;18;;;10689;24;10693;16;;;10686.0;0.0
yf_MKC_d1;4800;ASH_COATED_OSMIUM;9907;20;9904;24;;;9913;20;9915;35;;;9910.0;0.0
yf_MKC_d1;4800;INTARIAN_PEPPER_ROOT;10684;21;10681;18;;;10690;8;10693;24;;;10687.0;0.0
yf_MKC_d1;4900;ASH_COATED_OSMIUM;9901;13;9899;20;;;9919;18;9921;22;;;9910.0;0.0
yf_MKC_d1;4900;INTARIAN_PEPPER_ROOT;10682;15;10680;28;;;10695;10;10698;23;;;10688.5;0.0
yf_MKC_d1;5000;ASH_COATED_OSMIUM;9907;20;9905;21;;;9913;9;9915;21;;;9910.0;0.0
yf_MKC_d1;5000;INTARIAN_PEPPER_ROOT;10686;13;10683;21;;;10692;16;10694;23;;;10689.0;0.0
yf_MKC_d1;5100;ASH_COATED_OSMIUM;9907;18;9905;21;;;9913;13;9915;19;;;9910.0;0.0
yf_MKC_d1;5100;INTARIAN_PEPPER_ROOT;10687;24;10683;25;;;10693;24;10697;21;;;10690.0;0.0
yf_MKC_d1;5200;ASH_COATED_OSMIUM;9907;17;9903;24;;;9913;23;9917;18;;;9910.0;0.0
yf_MKC_d1;5200;INTARIAN_PEPPER_ROOT;10682;8;10679;13;;;10698;12;10702;26;;;10690.0;0.0
yf_MKC_d1;5300;ASH_COATED_OSMIUM;9906;22;9903;21;;;9912;13;9915;29;;;9909.0;0.0
yf_MKC_d1;5300;INTARIAN_PEPPER_ROOT;10686;18;10684;21;;;10696;12;10700;18;;;10691.0;0.0
yf_MKC_d1;5400;ASH_COATED_OSMIUM;9906;9;9903;29;;;9912;28;9914;19;;;9909.0;0.0
yf_MKC_d1;5400;INTARIAN_PEPPER_ROOT;10689;17;10687;22;;;10696;6;10700;20;;;10692.5;0.0
yf_MKC_d1;5500;ASH_COATED_OSMIUM;9906;19;9903;10;;;9912;20;9915;20;;;9909.0;0.0
yf_MKC_d1;5500;INTARIAN_PEPPER_ROOT;10690;16;10687;24;;;10696;11;10699;15;;;10693.0;0.0
yf_MKC_d1;5600;ASH_COATED_OSMIUM;9906;14;9902;20;;;9912;12;9914;21;;;9909.0;0.0
yf_MKC_d1;5600;INTARIAN_PEPPER_ROOT;10691;15;10687;17;;;10697;13;10700;31;;;10694.0;0.0
yf_MKC_d1;5700;ASH_COATED_OSMIUM;9904;16;9902;24;;;9916;12;9920;11;;;9910.0;0.0
yf_MKC_d1;5700;INTARIAN_PEPPER_ROOT;10691;12;10687;13;;;10699;30;10702;19;;;10695.0;0.0
yf_MKC_d1;5800;ASH_COATED_OSMIUM;9895;11;9893;21;;;9924;15;9928;21;;;9909.5;0.0
yf_MKC_d1;5800;INTARIAN_PEPPER_ROOT;10692;17;10688;19;;;10698;16;10702;17;;;10695.0;0.0
yf_MKC_d1;5900;ASH_COATED_OSMIUM;9901;16;9897;18;;;9917;15;9919;25;;;9909.0;0.0
yf_MKC_d1;5900;INTARIAN_PEPPER_ROOT;10693;11;10689;16;;;10699;11;10701;22;;;10696.0;0.0
yf_MKC_d1;6000;ASH_COATED_OSMIUM;9907;13;9904;21;;;9913;21;9915;16;;;9910.0;0.0
yf_MKC_d1;6000;INTARIAN_PEPPER_ROOT;10694;23;10690;11;;;10700;18;10702;22;;;10697.0;0.0
yf_MKC_d1;6100;ASH_COATED_OSMIUM;9907;5;9904;15;;;9913;12;9916;11;;;9910.0;0.0
yf_MKC_d1;6100;INTARIAN_PEPPER_ROOT;10694;12;10692;21;;;10700;6;10703;14;;;10697.0;0.0
yf_MKC_d1;6200;ASH_COATED_OSMIUM;9904;21;9902;23;;;9915;20;9918;19;;;9909.5;0.0
yf_MKC_d1;6200;INTARIAN_PEPPER_ROOT;10694;19;10691;16;;;10704;6;10708;21;;;10699.0;0.0
yf_MKC_d1;6300;ASH_COATED_OSMIUM;9903;7;9901;19;;;9916;15;9918;20;;;9909.5;0.0
yf_MKC_d1;6300;INTARIAN_PEPPER_ROOT;10696;19;10694;20;;;10703;19;10706;25;;;10699.5;0.0
yf_MKC_d1;6400;ASH_COATED_OSMIUM;9905;5;9903;25;;;9915;20;9919;22;;;9910.0;0.0
yf_MKC_d1;6400;INTARIAN_PEPPER_ROOT;10697;14;10695;19;;;10703;8;10705;18;;;10700.0;0.0
yf_MKC_d1;6500;ASH_COATED_OSMIUM;9899;15;9896;19;;;9920;5;9922;14;;;9909.5;0.0
yf_MKC_d1;6500;INTARIAN_PEPPER_ROOT;10690;23;10686;23;;;10711;17;10714;15;;;10700.5;0.0
yf_MKC_d1;6600;ASH_COATED_OSMIUM;9907;19;9903;23;;;9913;9;9915;22;;;9910.0;0.0
yf_MKC_d1;6600;INTARIAN_PEPPER_ROOT;10697;19;10694;18;;;10706;22;10710;16;;;10701.5;0.0
yf_MKC_d1;6700;ASH_COATED_OSMIUM;9907;9;9903;24;;;9913;22;9916;21;;;9910.0;0.0
yf_MKC_d1;6700;INTARIAN_PEPPER_ROOT;10699;5;10695;21;;;10705;11;10707;13;;;10702.0;0.0
yf_MKC_d1;6800;ASH_COATED_OSMIUM;9902;17;9900;22;;;9917;17;9920;15;;;9909.5;0.0
yf_MKC_d1;6800;INTARIAN_PEPPER_ROOT;10700;12;10698;20;;;10706;11;10709;14;;;10703.0;0.0
yf_MKC_d1;6900;ASH_COATED_OSMIUM;9907;11;9904;21;;;9913;24;9917;14;;;9910.0;0.0
yf_MKC_d1;6900;INTARIAN_PEPPER_ROOT;10701;17;10698;14;;;10707;11;10710;22;;;10704.0;0.0
yf_MKC_d1;7000;ASH_COATED_OSMIUM;9907;5;9904;23;;;9913;20;9917;18;;;9910.0;0.0
yf_MKC_d1;7000;INTARIAN_PEPPER_ROOT;10694;6;10690;31;;;10718;5;10721;21;;;10706.0;0.0
yf_MKC_d1;7100;ASH_COATED_OSMIUM;9907;10;9904;20;;;9913;23;9916;16;;;9910.0;0.0
yf_MKC_d1;7100;INTARIAN_PEPPER_ROOT;10703;15;10701;26;;;10709;16;10711;21;;;10706.0;0.0
yf_MKC_d1;7200;ASH_COATED_OSMIUM;9906;18;9903;11;;;9913;11;9917;27;;;9909.5;0.0
yf_MKC_d1;7200;INTARIAN_PEPPER_ROOT;10703;23;10699;13;;;10709;20;10713;20;;;10706.0;0.0
yf_MKC_d1;7300;ASH_COATED_OSMIUM;9907;15;9905;23;;;9913;19;9916;15;;;9910.0;0.0
yf_MKC_d1;7300;INTARIAN_PEPPER_ROOT;10705;5;10703;15;;;10711;15;10714;28;;;10708.0;0.0
yf_MKC_d1;7400;ASH_COATED_OSMIUM;9904;15;9900;24;;;9916;19;9919;16;;;9910.0;0.0
yf_MKC_d1;7400;INTARIAN_PEPPER_ROOT;10700;19;10696;18;;;10716;13;10720;11;;;10708.0;0.0
yf_MKC_d1;7500;ASH_COATED_OSMIUM;9904;24;9902;22;;;9915;17;9917;10;;;9909.5;0.0
yf_MKC_d1;7500;INTARIAN_PEPPER_ROOT;10707;19;10705;15;;;10713;16;10715;21;;;10710.0;0.0
yf_MKC_d1;7600;ASH_COATED_OSMIUM;9906;13;9904;25;;;9912;17;9915;19;;;9909.0;0.0
yf_MKC_d1;7600;INTARIAN_PEPPER_ROOT;10705;5;10701;17;;;10715;8;10717;18;;;10710.0;0.0
yf_MKC_d1;7700;ASH_COATED_OSMIUM;9906;17;9903;26;;;9912;9;9914;18;;;9909.0;0.0
yf_MKC_d1;7700;INTARIAN_PEPPER_ROOT;10704;9;10702;22;;;10718;21;10721;20;;;10711.0;0.0
yf_MKC_d1;7800;ASH_COATED_OSMIUM;9906;18;9903;16;;;9912;18;9915;25;;;9909.0;0.0
yf_MKC_d1;7800;INTARIAN_PEPPER_ROOT;10699;13;10696;21;;;10724;15;10728;11;;;10711.5;0.0
yf_MKC_d1;7900;ASH_COATED_OSMIUM;9898;26;9894;22;;;9920;5;9923;19;;;9909.0;0.0
yf_MKC_d1;7900;INTARIAN_PEPPER_ROOT;10710;10;10706;13;;;10716;24;10720;15;;;10713.0;0.0
yf_MKC_d1;8000;ASH_COATED_OSMIUM;9906;13;9902;24;;;9912;12;9915;19;;;9909.0;0.0
yf_MKC_d1;8000;INTARIAN_PEPPER_ROOT;10710;14;10706;15;;;10716;13;10718;21;;;10713.0;0.0
yf_MKC_d1;8100;ASH_COATED_OSMIUM;9906;15;9902;14;;;9912;18;9916;21;;;9909.0;0.0
yf_MKC_d1;8100;INTARIAN_PEPPER_ROOT;10707;16;10704;28;;;10721;22;10723;20;;;10714.0;0.0
yf_MKC_d1;8200;ASH_COATED_OSMIUM;9907;16;9904;13;;;9913;16;9915;11;;;9910.0;0.0
yf_MKC_d1;8200;INTARIAN_PEPPER_ROOT;10712;11;10710;13;;;10718;15;10721;20;;;10715.0;0.0
yf_MKC_d1;8300;ASH_COATED_OSMIUM;9907;15;9904;21;;;9913;6;9916;21;;;9910.0;0.0
yf_MKC_d1;8300;INTARIAN_PEPPER_ROOT;10709;18;10707;16;;;10722;10;10724;20;;;10715.5;0.0
yf_MKC_d1;8400;ASH_COATED_OSMIUM;9907;16;9903;20;;;9913;21;9915;25;;;9910.0;0.0
yf_MKC_d1;8400;INTARIAN_PEPPER_ROOT;10713;15;10709;18;;;10719;11;10723;17;;;10716.0;0.0
yf_MKC_d1;8500;ASH_COATED_OSMIUM;9907;12;9904;15;;;9913;14;9916;27;;;9910.0;0.0
yf_MKC_d1;8500;INTARIAN_PEPPER_ROOT;10714;15;10711;11;;;10722;16;10726;26;;;10718.0;0.0
yf_MKC_d1;8600;ASH_COATED_OSMIUM;9900;18;9898;11;;;9917;15;9921;27;;;9908.5;0.0
yf_MKC_d1;8600;INTARIAN_PEPPER_ROOT;10716;17;10712;19;;;10722;10;10724;28;;;10719.0;0.0
yf_MKC_d1;8700;ASH_COATED_OSMIUM;9906;10;9903;23;;;9912;18;9914;15;;;9909.0;0.0
yf_MKC_d1;8700;INTARIAN_PEPPER_ROOT;10706;13;10704;18;;;10732;9;10735;22;;;10719.0;0.0
yf_MKC_d1;8800;ASH_COATED_OSMIUM;9905;12;9902;21;;;9915;7;9917;17;;;9910.0;0.0
yf_MKC_d1;8800;INTARIAN_PEPPER_ROOT;10717;17;10713;23;;;10723;16;10725;26;;;10720.0;0.0
yf_MKC_d1;8900;ASH_COATED_OSMIUM;9907;16;9904;18;;;9913;22;9915;8;;;9910.0;0.0
yf_MKC_d1;8900;INTARIAN_PEPPER_ROOT;10718;5;10714;20;;;10724;6;10726;26;;;10721.0;0.0
yf_MKC_d1;9000;ASH_COATED_OSMIUM;9907;20;9903;17;;;9913;12;9915;13;;;9910.0;0.0
yf_MKC_d1;9000;INTARIAN_PEPPER_ROOT;10716;10;10713;8;;;10727;14;10729;21;;;10721.5;0.0
yf_MKC_d1;9100;ASH_COATED_OSMIUM;9900;17;9897;20;;;9919;18;9922;21;;;9909.5;0.0
yf_MKC_d1;9100;INTARIAN_PEPPER_ROOT;10719;11;10715;21;;;10725;8;10729;22;;;10722.0;0.0
yf_MKC_d1;9200;ASH_COATED_OSMIUM;9906;16;9903;29;;;9912;14;9914;29;;;9909.0;0.0
yf_MKC_d1;9200;INTARIAN_PEPPER_ROOT;10720;9;10718;24;;;10726;20;10728;13;;;10723.0;0.0
yf_MKC_d1;9300;ASH_COATED_OSMIUM;9906;16;9904;29;;;9914;15;9916;20;;;9910.0;0.0
yf_MKC_d1;9300;INTARIAN_PEPPER_ROOT;10721;20;10718;24;;;10727;19;10730;20;;;10724.0;0.0
yf_MKC_d1;9400;ASH_COATED_OSMIUM;9906;14;9903;19;;;9912;17;9916;22;;;9909.0;0.0
yf_MKC_d1;9400;INTARIAN_PEPPER_ROOT;10714;22;10710;22;;;10736;15;10738;19;;;10725.0;0.0
yf_MKC_d1;9500;ASH_COATED_OSMIUM;9906;9;9903;22;;;9912;21;9916;27;;;9909.0;0.0
yf_MKC_d1;9500;INTARIAN_PEPPER_ROOT;10721;19;10717;22;;;10729;12;10732;17;;;10725.0;0.0
yf_MKC_d1;9600;ASH_COATED_OSMIUM;9906;7;9902;27;;;9912;10;9914;20;;;9909.0;0.0
yf_MKC_d1;9600;INTARIAN_PEPPER_ROOT;10724;16;10721;26;;;10730;17;10733;8;;;10727.0;0.0
yf_MKC_d1;9700;ASH_COATED_OSMIUM;9906;24;9903;8;;;9912;22;9914;24;;;9909.0;0.0
yf_MKC_d1;9700;INTARIAN_PEPPER_ROOT;10724;20;10721;16;;;10730;9;10734;24;;;10727.0;0.0
yf_MKC_d1;9800;ASH_COATED_OSMIUM;9902;21;9899;24;;;9915;14;9917;20;;;9908.5;0.0
yf_MKC_d1;9800;INTARIAN_PEPPER_ROOT;10725;15;10722;23;;;10731;21;10733;14;;;10728.0;0.0
yf_MKC_d1;9900;ASH_COATED_OSMIUM;9906;24;9902;32;;;9912;19;9915;18;;;9909.0;0.0
yf_MKC_d1;9900;INTARIAN_PEPPER_ROOT;10726;15;10722;18;;;10732;12;10736;18;;;10729.0;0.0
yf_MKC_d1;10000;ASH_COATED_OSMIUM;9906;16;9902;15;;;9912;12;9914;20;;;9909.0;0.0
yf_MKC_d1;10000;INTARIAN_PEPPER_ROOT;10727;12;10725;24;;;10733;18;10735;18;;;10730.0;0.0
yf_MKC_d1;10100;ASH_COATED_OSMIUM;9907;10;9903;16;;;9913;18;9916;17;;;9910.0;0.0
yf_MKC_d1;10100;INTARIAN_PEPPER_ROOT;10726;19;10724;21;;;10735;10;10738;19;;;10730.5;0.0
yf_MKC_d1;10200;ASH_COATED_OSMIUM;9907;12;9905;17;;;9913;18;9915;22;;;9910.0;0.0
yf_MKC_d1;10200;INTARIAN_PEPPER_ROOT;10728;9;10725;15;;;10734;24;10736;19;;;10731.0;0.0
yf_MKC_d1;10300;ASH_COATED_OSMIUM;9907;5;9905;17;;;9913;13;9916;20;;;9910.0;0.0
yf_MKC_d1;10300;INTARIAN_PEPPER_ROOT;10730;6;10728;18;;;10736;17;10738;24;;;10733.0;0.0
yf_MKC_d1;10400;ASH_COATED_OSMIUM;9906;8;9902;13;;;9914;11;9916;26;;;9910.0;0.0
yf_MKC_d1;10400;INTARIAN_PEPPER_ROOT;10721;9;10718;16;;;10744;15;10746;18;;;10732.5;0.0
yf_MKC_d1;10500;ASH_COATED_OSMIUM;9903;18;9901;21;;;9915;7;9917;18;;;9909.0;0.0
yf_MKC_d1;10500;INTARIAN_PEPPER_ROOT;10726;15;10724;23;;;10743;21;10746;15;;;10734.5;0.0
yf_MKC_d1;10600;ASH_COATED_OSMIUM;9905;13;9901;30;;;9914;13;9917;10;;;9909.5;0.0
yf_MKC_d1;10600;INTARIAN_PEPPER_ROOT;10728;7;10724;20;;;10743;11;10746;29;;;10735.5;0.0
yf_MKC_d1;10700;ASH_COATED_OSMIUM;9906;19;9904;21;;;9912;22;9915;21;;;9909.0;0.0
yf_MKC_d1;10700;INTARIAN_PEPPER_ROOT;10733;16;10730;21;;;10739;10;10743;10;;;10736.0;0.0
yf_MKC_d1;10800;ASH_COATED_OSMIUM;9903;17;9899;26;;;9916;19;9920;18;;;9909.5;0.0
yf_MKC_d1;10800;INTARIAN_PEPPER_ROOT;10733;12;10731;17;;;10739;14;10741;14;;;10736.0;0.0
yf_MKC_d1;10900;ASH_COATED_OSMIUM;9903;8;9899;19;;;9916;7;9918;23;;;9909.5;0.0
yf_MKC_d1;10900;INTARIAN_PEPPER_ROOT;10734;5;10731;18;;;10740;13;10743;13;;;10737.0;0.0
yf_MKC_d1;11000;ASH_COATED_OSMIUM;9906;13;9902;14;;;9913;10;9917;9;;;9909.5;0.0
yf_MKC_d1;11000;INTARIAN_PEPPER_ROOT;10735;8;10732;18;;;10741;14;10744;17;;;10738.0;0.0
yf_MKC_d1;11100;ASH_COATED_OSMIUM;9906;20;9903;8;;;9912;21;9916;22;;;9909.0;0.0
yf_MKC_d1;11100;INTARIAN_PEPPER_ROOT;10732;6;10728;24;;;10746;20;10748;16;;;10739.0;0.0
yf_MKC_d1;11200;ASH_COATED_OSMIUM;9907;12;9903;20;;;9913;18;9915;27;;;9910.0;0.0
yf_MKC_d1;11200;INTARIAN_PEPPER_ROOT;10732;20;10729;18;;;10747;7;10749;29;;;10739.5;0.0
yf_MKC_d1;11300;ASH_COATED_OSMIUM;9906;12;9904;17;;;9912;15;9915;26;;;9909.0;0.0
yf_MKC_d1;11300;INTARIAN_PEPPER_ROOT;10731;10;10727;23;;;10749;14;10753;22;;;10740.0;0.0
yf_MKC_d1;11400;ASH_COATED_OSMIUM;9906;11;9902;20;;;9912;19;9915;28;;;9909.0;0.0
yf_MKC_d1;11400;INTARIAN_PEPPER_ROOT;10729;23;10726;14;;;10754;9;10756;20;;;10741.5;0.0
yf_MKC_d1;11500;ASH_COATED_OSMIUM;9900;14;9897;27;;;9919;13;9922;26;;;9909.5;0.0
yf_MKC_d1;11500;INTARIAN_PEPPER_ROOT;10737;14;10734;18;;;10747;11;10750;25;;;10742.0;0.0
yf_MKC_d1;11600;ASH_COATED_OSMIUM;9907;13;9904;19;;;9913;18;9915;19;;;9910.0;0.0
yf_MKC_d1;11600;INTARIAN_PEPPER_ROOT;10739;24;10737;21;;;10746;19;10748;14;;;10742.5;0.0
yf_MKC_d1;11700;ASH_COATED_OSMIUM;9906;25;9903;15;;;9912;9;9916;14;;;9909.0;0.0
yf_MKC_d1;11700;INTARIAN_PEPPER_ROOT;10741;22;10739;23;;;10747;14;10751;23;;;10744.0;0.0
yf_MKC_d1;11800;ASH_COATED_OSMIUM;9902;12;9898;22;;;9918;15;9920;23;;;9910.0;0.0
yf_MKC_d1;11800;INTARIAN_PEPPER_ROOT;10742;7;10738;22;;;10748;19;10750;17;;;10745.0;0.0
yf_MKC_d1;11900;ASH_COATED_OSMIUM;9907;10;9905;18;;;9913;7;9916;18;;;9910.0;0.0
yf_MKC_d1;11900;INTARIAN_PEPPER_ROOT;10733;17;10730;21;;;10757;19;10759;17;;;10745.0;0.0
yf_MKC_d1;12000;ASH_COATED_OSMIUM;9897;12;9895;13;;;9922;26;9924;11;;;9909.5;0.0
yf_MKC_d1;12000;INTARIAN_PEPPER_ROOT;10743;15;10740;23;;;10749;10;10753;27;;;10746.0;0.0
yf_MKC_d1;12100;ASH_COATED_OSMIUM;9907;18;9904;20;;;9913;13;9917;20;;;9910.0;0.0
yf_MKC_d1;12100;INTARIAN_PEPPER_ROOT;10744;15;10741;18;;;10750;18;10753;23;;;10747.0;0.0
yf_MKC_d1;12200;ASH_COATED_OSMIUM;9904;5;9901;22;;;9915;21;9919;13;;;9909.5;0.0
yf_MKC_d1;12200;INTARIAN_PEPPER_ROOT;10745;13;10742;16;;;10751;10;10755;8;;;10748.0;0.0
yf_MKC_d1;12300;ASH_COATED_OSMIUM;9907;10;9903;24;;;9913;22;9917;22;;;9910.0;0.0
yf_MKC_d1;12300;INTARIAN_PEPPER_ROOT;10746;9;10744;22;;;10752;6;10756;23;;;10749.0;0.0
yf_MKC_d1;12400;ASH_COATED_OSMIUM;9906;13;9904;18;;;9912;16;9914;20;;;9909.0;0.0
yf_MKC_d1;12400;INTARIAN_PEPPER_ROOT;10744;19;10741;24;;;10756;15;10759;33;;;10750.0;0.0
yf_MKC_d1;12500;ASH_COATED_OSMIUM;9905;15;9903;20;;;9914;12;9917;24;;;9909.5;0.0
yf_MKC_d1;12500;INTARIAN_PEPPER_ROOT;10748;11;10746;27;;;10754;16;10758;23;;;10751.0;0.0
yf_MKC_d1;12600;ASH_COATED_OSMIUM;9906;11;9903;9;;;9912;10;9916;27;;;9909.0;0.0
yf_MKC_d1;12600;INTARIAN_PEPPER_ROOT;10736;17;10733;30;;;10766;15;10770;23;;;10751.0;0.0
yf_MKC_d1;12700;ASH_COATED_OSMIUM;9904;12;9901;12;;;9916;17;9918;14;;;9910.0;0.0
yf_MKC_d1;12700;INTARIAN_PEPPER_ROOT;10749;11;10747;27;;;10755;11;10758;15;;;10752.0;0.0
yf_MKC_d1;12800;ASH_COATED_OSMIUM;9906;22;9904;23;;;9912;7;9916;18;;;9909.0;0.0
yf_MKC_d1;12800;INTARIAN_PEPPER_ROOT;10750;6;10747;22;;;10756;10;10758;26;;;10753.0;0.0
yf_MKC_d1;12900;ASH_COATED_OSMIUM;9906;20;9902;16;;;9914;13;9917;12;;;9910.0;0.0
yf_MKC_d1;12900;INTARIAN_PEPPER_ROOT;10744;11;10740;14;;;10762;18;10764;17;;;10753.0;0.0
yf_MKC_d1;13000;ASH_COATED_OSMIUM;9904;13;9901;17;;;9914;24;9917;18;;;9909.0;0.0
yf_MKC_d1;13000;INTARIAN_PEPPER_ROOT;10750;15;10746;14;;;10758;23;10761;24;;;10754.0;0.0
yf_MKC_d1;13100;ASH_COATED_OSMIUM;9907;12;9903;20;;;9913;16;9915;25;;;9910.0;0.0
yf_MKC_d1;13100;INTARIAN_PEPPER_ROOT;10749;23;10746;24;;;10762;17;10764;22;;;10755.5;0.0
yf_MKC_d1;13200;ASH_COATED_OSMIUM;9906;15;9902;24;;;9914;17;9918;15;;;9910.0;0.0
yf_MKC_d1;13200;INTARIAN_PEPPER_ROOT;10753;17;10750;13;;;10759;14;10762;16;;;10756.0;0.0
yf_MKC_d1;13300;ASH_COATED_OSMIUM;9901;5;9897;23;;;9918;17;9920;14;;;9909.5;0.0
yf_MKC_d1;13300;INTARIAN_PEPPER_ROOT;10747;21;10744;10;;;10766;12;10770;29;;;10756.5;0.0
yf_MKC_d1;13400;ASH_COATED_OSMIUM;9907;17;9903;23;;;9913;10;9917;10;;;9910.0;0.0
yf_MKC_d1;13400;INTARIAN_PEPPER_ROOT;10755;19;10752;16;;;10761;22;10764;22;;;10758.0;0.0
yf_MKC_d1;13500;ASH_COATED_OSMIUM;9906;18;9902;14;;;9912;14;9914;20;;;9909.0;0.0
yf_MKC_d1;13500;INTARIAN_PEPPER_ROOT;10756;18;10753;22;;;10762;18;10766;15;;;10759.0;0.0
yf_MKC_d1;13600;ASH_COATED_OSMIUM;9906;20;9903;23;;;9912;21;9914;23;;;9909.0;0.0
yf_MKC_d1;13600;INTARIAN_PEPPER_ROOT;10756;20;10754;24;;;10765;19;10769;9;;;10760.5;0.0
yf_MKC_d1;13700;ASH_COATED_OSMIUM;9907;18;9904;20;;;9913;14;9916;22;;;9910.0;0.0
yf_MKC_d1;13700;INTARIAN_PEPPER_ROOT;10755;14;10753;10;;;10766;23;10769;22;;;10760.5;0.0
yf_MKC_d1;13800;ASH_COATED_OSMIUM;9906;22;9903;21;;;9912;11;9916;23;;;9909.0;0.0
yf_MKC_d1;13800;INTARIAN_PEPPER_ROOT;10758;7;10754;21;;;10764;10;10766;23;;;10761.0;0.0
yf_MKC_d1;13900;ASH_COATED_OSMIUM;9905;18;9902;16;;;9914;15;9916;17;;;9909.5;0.0
yf_MKC_d1;13900;INTARIAN_PEPPER_ROOT;10758;25;10756;22;;;10767;6;10771;14;;;10762.5;0.0
yf_MKC_d1;14000;ASH_COATED_OSMIUM;9900;11;9897;12;;;9917;13;9921;11;;;9908.5;0.0
yf_MKC_d1;14000;INTARIAN_PEPPER_ROOT;10760;10;10758;14;;;10766;18;10770;21;;;10763.0;0.0
yf_MKC_d1;14100;ASH_COATED_OSMIUM;9906;14;9903;17;;;9912;16;9916;17;;;9909.0;0.0
yf_MKC_d1;14100;INTARIAN_PEPPER_ROOT;10758;20;10754;21;;;10770;16;10774;19;;;10764.0;0.0
yf_MKC_d1;14200;ASH_COATED_OSMIUM;9899;22;9897;14;;;9920;12;9922;18;;;9909.5;0.0
yf_MKC_d1;14200;INTARIAN_PEPPER_ROOT;10762;6;10760;18;;;10768;14;10772;19;;;10765.0;0.0
yf_MKC_d1;14300;ASH_COATED_OSMIUM;9906;23;9904;26;;;9913;5;9915;17;;;9909.5;0.0
yf_MKC_d1;14300;INTARIAN_PEPPER_ROOT;10760;18;10757;18;;;10771;14;10775;19;;;10765.5;0.0
yf_MKC_d1;14400;ASH_COATED_OSMIUM;9904;11;9900;22;;;9916;23;9919;23;;;9910.0;0.0
yf_MKC_d1;14400;INTARIAN_PEPPER_ROOT;10763;11;10761;14;;;10769;22;10772;18;;;10766.0;0.0
yf_MKC_d1;14500;ASH_COATED_OSMIUM;9901;14;9897;15;;;9919;7;9921;8;;;9910.0;0.0
yf_MKC_d1;14500;INTARIAN_PEPPER_ROOT;10764;15;10762;30;;;10770;8;10774;22;;;10767.0;0.0
yf_MKC_d1;14600;ASH_COATED_OSMIUM;9906;18;9903;23;;;9914;12;9916;14;;;9910.0;0.0
yf_MKC_d1;14600;INTARIAN_PEPPER_ROOT;10750;8;10746;21;;;10786;10;10788;11;;;10768.0;0.0
yf_MKC_d1;14700;ASH_COATED_OSMIUM;9895;11;9893;15;;;9925;10;9929;20;;;9910.0;0.0
yf_MKC_d1;14700;INTARIAN_PEPPER_ROOT;10765;13;10761;22;;;10771;11;10774;27;;;10768.0;0.0
yf_MKC_d1;14800;ASH_COATED_OSMIUM;9901;10;9897;17;;;9919;13;9923;20;;;9910.0;0.0
yf_MKC_d1;14800;INTARIAN_PEPPER_ROOT;10765;10;10763;17;;;10774;14;10776;12;;;10769.5;0.0
yf_MKC_d1;14900;ASH_COATED_OSMIUM;9900;18;9896;23;;;9919;23;9921;20;;;9909.5;0.0
yf_MKC_d1;14900;INTARIAN_PEPPER_ROOT;10767;15;10765;17;;;10773;11;10777;15;;;10770.0;0.0
yf_MKC_d1;15000;ASH_COATED_OSMIUM;9904;9;9901;18;;;9914;18;9917;24;;;9909.0;0.0
yf_MKC_d1;15000;INTARIAN_PEPPER_ROOT;10766;17;10762;17;;;10776;16;10779;26;;;10771.0;0.0
yf_MKC_d1;15100;ASH_COATED_OSMIUM;9907;16;9903;13;;;9913;8;9915;25;;;9910.0;0.0
yf_MKC_d1;15100;INTARIAN_PEPPER_ROOT;10763;18;10760;19;;;10781;14;10785;22;;;10772.0;0.0
yf_MKC_d1;15200;ASH_COATED_OSMIUM;9905;13;9902;30;;;9915;14;9917;27;;;9910.0;0.0
yf_MKC_d1;15200;INTARIAN_PEPPER_ROOT;10765;11;10762;21;;;10779;23;10781;11;;;10772.0;0.0
yf_MKC_d1;15300;ASH_COATED_OSMIUM;9907;12;9905;21;;;9913;16;9916;8;;;9910.0;0.0
yf_MKC_d1;15300;INTARIAN_PEPPER_ROOT;10769;14;10767;21;;;10780;11;10784;33;;;10774.5;0.0
yf_MKC_d1;15400;ASH_COATED_OSMIUM;9906;17;9904;16;;;9913;18;9915;34;;;9909.5;0.0
yf_MKC_d1;15400;INTARIAN_PEPPER_ROOT;10771;14;10768;19;;;10777;13;10780;22;;;10774.0;0.0
yf_MKC_d1;15500;ASH_COATED_OSMIUM;9905;17;9903;20;;;9913;13;9915;30;;;9909.0;0.0
yf_MKC_d1;15500;INTARIAN_PEPPER_ROOT;10766;20;10762;17;;;10784;10;10788;28;;;10775.0;0.0
yf_MKC_d1;15600;ASH_COATED_OSMIUM;9907;7;9903;22;;;9913;22;9916;23;;;9910.0;0.0
yf_MKC_d1;15600;INTARIAN_PEPPER_ROOT;10772;15;10768;23;;;10778;13;10780;18;;;10775.0;0.0
yf_MKC_d1;15700;ASH_COATED_OSMIUM;9907;11;9903;22;;;9913;13;9915;16;;;9910.0;0.0
yf_MKC_d1;15700;INTARIAN_PEPPER_ROOT;10773;16;10770;20;;;10779;12;10781;8;;;10776.0;0.0
yf_MKC_d1;15800;ASH_COATED_OSMIUM;9906;8;9902;27;;;9912;10;9915;16;;;9909.0;0.0
yf_MKC_d1;15800;INTARIAN_PEPPER_ROOT;10775;10;10772;21;;;10781;5;10783;30;;;10778.0;0.0
yf_MKC_d1;15900;ASH_COATED_OSMIUM;9907;23;9905;18;;;9914;8;9918;18;;;9910.5;0.0
yf_MKC_d1;15900;INTARIAN_PEPPER_ROOT;10775;13;10773;12;;;10781;15;10783;17;;;10778.0;0.0
yf_MKC_d1;16000;ASH_COATED_OSMIUM;9904;13;9902;20;;;9915;19;9918;13;;;9909.5;0.0
yf_MKC_d1;16000;INTARIAN_PEPPER_ROOT;10776;12;10774;25;;;10782;15;10785;19;;;10779.0;0.0
yf_MKC_d1;16100;ASH_COATED_OSMIUM;9901;23;9898;22;;;9918;7;9920;19;;;9909.5;0.0
yf_MKC_d1;16100;INTARIAN_PEPPER_ROOT;10775;17;10772;13;;;10785;13;10787;10;;;10780.0;0.0
yf_MKC_d1;16200;ASH_COATED_OSMIUM;9905;15;9901;19;;;9915;5;9918;21;;;9910.0;0.0
yf_MKC_d1;16200;INTARIAN_PEPPER_ROOT;10778;14;10776;19;;;10784;8;10786;16;;;10781.0;0.0
yf_MKC_d1;16300;ASH_COATED_OSMIUM;9906;12;9903;14;;;9912;7;9915;13;;;9909.0;0.0
yf_MKC_d1;16300;INTARIAN_PEPPER_ROOT;10778;20;10775;16;;;10784;23;10788;21;;;10781.0;0.0
yf_MKC_d1;16400;ASH_COATED_OSMIUM;9906;18;9903;17;;;9912;8;9916;9;;;9909.0;0.0
yf_MKC_d1;16400;INTARIAN_PEPPER_ROOT;10780;7;10777;18;;;10786;13;10789;10;;;10783.0;0.0
yf_MKC_d1;16500;ASH_COATED_OSMIUM;9906;17;9904;17;;;9912;8;9914;16;;;9909.0;0.0
yf_MKC_d1;16500;INTARIAN_PEPPER_ROOT;10780;10;10776;18;;;10786;17;10789;21;;;10783.0;0.0
yf_MKC_d1;16600;ASH_COATED_OSMIUM;9907;13;9903;14;;;9913;7;9915;27;;;9910.0;0.0
yf_MKC_d1;16600;INTARIAN_PEPPER_ROOT;10781;13;10777;21;;;10787;11;10791;13;;;10784.0;0.0
yf_MKC_d1;16700;ASH_COATED_OSMIUM;9902;15;9899;23;;;9916;11;9920;25;;;9909.0;0.0
yf_MKC_d1;16700;INTARIAN_PEPPER_ROOT;10782;15;10778;14;;;10789;20;10792;18;;;10785.5;0.0
yf_MKC_d1;16800;ASH_COATED_OSMIUM;9907;16;9903;26;;;9913;8;9916;19;;;9910.0;0.0
yf_MKC_d1;16800;INTARIAN_PEPPER_ROOT;10781;15;10777;15;;;10791;21;10793;12;;;10786.0;0.0
yf_MKC_d1;16900;ASH_COATED_OSMIUM;9907;14;9905;20;;;9913;16;9916;13;;;9910.0;0.0
yf_MKC_d1;16900;INTARIAN_PEPPER_ROOT;10784;18;10780;13;;;10790;9;10793;12;;;10787.0;0.0
yf_MKC_d1;17000;ASH_COATED_OSMIUM;9906;13;9902;21;;;9912;16;9915;30;;;9909.0;0.0
yf_MKC_d1;17000;INTARIAN_PEPPER_ROOT;10778;17;10774;22;;;10799;13;10802;17;;;10788.5;0.0
yf_MKC_d1;17100;ASH_COATED_OSMIUM;9907;16;9904;20;;;9913;14;9916;18;;;9910.0;0.0
yf_MKC_d1;17100;INTARIAN_PEPPER_ROOT;10776;15;10772;23;;;10806;25;10809;16;;;10791.0;0.0
yf_MKC_d1;17200;ASH_COATED_OSMIUM;9907;11;9905;14;;;9913;10;9916;12;;;9910.0;0.0
yf_MKC_d1;17200;INTARIAN_PEPPER_ROOT;10790;6;10786;14;;;10796;14;10800;16;;;10793.0;0.0
yf_MKC_d1;17300;ASH_COATED_OSMIUM;9903;12;9899;23;;;9915;16;9917;15;;;9909.0;0.0
yf_MKC_d1;17300;INTARIAN_PEPPER_ROOT;10792;12;10788;21;;;10798;7;10801;24;;;10795.0;0.0
yf_MKC_d1;17400;ASH_COATED_OSMIUM;9904;23;9901;24;;;9916;19;9918;19;;;9910.0;0.0
yf_MKC_d1;17400;INTARIAN_PEPPER_ROOT;10794;5;10792;15;;;10800;8;10803;19;;;10797.0;0.0
yf_MKC_d1;17500;ASH_COATED_OSMIUM;9907;19;9904;15;;;9913;13;9916;16;;;9910.0;0.0
yf_MKC_d1;17500;INTARIAN_PEPPER_ROOT;10796;20;10793;25;;;10802;13;10805;18;;;10799.0;0.0
yf_MKC_d1;17600;ASH_COATED_OSMIUM;9907;23;9904;25;;;9913;24;9915;25;;;9910.0;0.0
yf_MKC_d1;17600;INTARIAN_PEPPER_ROOT;10799;17;10796;21;;;10805;19;10809;16;;;10802.0;0.0
yf_MKC_d1;17700;ASH_COATED_OSMIUM;9903;12;9899;20;;;9917;15;9921;28;;;9910.0;0.0
yf_MKC_d1;17700;INTARIAN_PEPPER_ROOT;10801;15;10798;15;;;10807;16;10810;10;;;10804.0;0.0
yf_MKC_d1;17800;ASH_COATED_OSMIUM;9907;20;9903;27;;;9913;12;9917;34;;;9910.0;0.0
yf_MKC_d1;17800;INTARIAN_PEPPER_ROOT;10802;16;10800;17;;;10810;11;10812;17;;;10806.0;0.0
yf_MKC_d1;17900;ASH_COATED_OSMIUM;9907;12;9904;16;;;9913;14;9916;18;;;9910.0;0.0
yf_MKC_d1;17900;INTARIAN_PEPPER_ROOT;10806;6;10802;16;;;10812;17;10814;21;;;10809.0;0.0
yf_MKC_d1;18000;ASH_COATED_OSMIUM;9906;17;9902;23;;;9912;11;9914;23;;;9909.0;0.0
yf_MKC_d1;18000;INTARIAN_PEPPER_ROOT;10808;13;10806;11;;;10814;12;10818;12;;;10811.0;0.0
yf_MKC_d1;18100;ASH_COATED_OSMIUM;9907;19;9905;13;;;9913;10;9915;17;;;9910.0;0.0
yf_MKC_d1;18100;INTARIAN_PEPPER_ROOT;10810;21;10807;21;;;10816;23;10819;18;;;10813.0;0.0
yf_MKC_d1;18200;ASH_COATED_OSMIUM;9907;13;9903;18;;;9913;19;9915;22;;;9910.0;0.0
yf_MKC_d1;18200;INTARIAN_PEPPER_ROOT;10812;12;10810;25;;;10818;20;10820;10;;;10815.0;0.0
yf_MKC_d1;18300;ASH_COATED_OSMIUM;9901;11;9899;22;;;9918;10;9921;24;;;9909.5;0.0
yf_MKC_d1;18300;INTARIAN_PEPPER_ROOT;10808;15;10806;18;;;10829;17;10832;15;;;10818.5;0.0
yf_MKC_d1;18400;ASH_COATED_OSMIUM;9906;23;9904;14;;;9915;16;9917;19;;;9910.5;0.0
yf_MKC_d1;18400;INTARIAN_PEPPER_ROOT;10818;15;10815;21;;;10824;7;10828;14;;;10821.0;0.0
yf_MKC_d1;18500;ASH_COATED_OSMIUM;9907;16;9905;16;;;9913;20;9916;22;;;9910.0;0.0
yf_MKC_d1;18500;INTARIAN_PEPPER_ROOT;10820;19;10818;17;;;10826;12;10828;17;;;10823.0;0.0
yf_MKC_d1;18600;ASH_COATED_OSMIUM;9902;11;9900;25;;;9918;12;9922;24;;;9910.0;0.0
yf_MKC_d1;18600;INTARIAN_PEPPER_ROOT;10822;5;10820;17;;;10828;16;10830;24;;;10825.0;0.0
yf_MKC_d1;18700;ASH_COATED_OSMIUM;9906;18;9903;24;;;9912;16;9916;27;;;9909.0;0.0
yf_MKC_d1;18700;INTARIAN_PEPPER_ROOT;10824;21;10821;15;;;10830;7;10833;27;;;10827.0;0.0
yf_MKC_d1;18800;ASH_COATED_OSMIUM;9907;5;9903;12;;;9913;8;9917;21;;;9910.0;0.0
yf_MKC_d1;18800;INTARIAN_PEPPER_ROOT;10827;15;10825;11;;;10833;20;10836;20;;;10830.0;0.0
yf_MKC_d1;18900;ASH_COATED_OSMIUM;9907;12;9904;10;;;9913;18;9916;28;;;9910.0;0.0
yf_MKC_d1;18900;INTARIAN_PEPPER_ROOT;10825;13;10822;24;;;10839;13;10842;19;;;10832.0;0.0
yf_MKC_d1;19000;ASH_COATED_OSMIUM;9907;18;9905;19;;;9913;15;9916;17;;;9910.0;0.0
yf_MKC_d1;19000;INTARIAN_PEPPER_ROOT;10831;15;10827;29;;;10837;5;10840;12;;;10834.0;0.0
yf_MKC_d1;19100;ASH_COATED_OSMIUM;9902;11;9900;19;;;9917;12;9921;24;;;9909.5;0.0
yf_MKC_d1;19100;INTARIAN_PEPPER_ROOT;10833;6;10830;24;;;10839;5;10842;15;;;10836.0;0.0
yf_MKC_d1;19200;ASH_COATED_OSMIUM;9907;18;9905;20;;;9913;12;9916;28;;;9910.0;0.0
yf_MKC_d1;19200;INTARIAN_PEPPER_ROOT;10834;15;10832;24;;;10844;12;10848;24;;;10839.0;0.0
yf_MKC_d1;19300;ASH_COATED_OSMIUM;9907;5;9903;14;;;9913;13;9917;14;;;9910.0;0.0
yf_MKC_d1;19300;INTARIAN_PEPPER_ROOT;10827;15;10824;25;;;10854;14;10858;15;;;10840.5;0.0
yf_MKC_d1;19400;ASH_COATED_OSMIUM;9906;8;9903;22;;;9915;20;9919;20;;;9910.5;0.0
yf_MKC_d1;19400;INTARIAN_PEPPER_ROOT;10840;13;10838;18;;;10846;14;10848;16;;;10843.0;0.0
yf_MKC_d1;19500;ASH_COATED_OSMIUM;9907;21;9905;21;;;9913;13;9916;18;;;9910.0;0.0
yf_MKC_d1;19500;INTARIAN_PEPPER_ROOT;10840;17;10837;32;;;10850;22;10854;31;;;10845.0;0.0
yf_MKC_d1;19600;ASH_COATED_OSMIUM;9893;12;9890;17;;;9927;16;9929;33;;;9910.0;0.0
yf_MKC_d1;19600;INTARIAN_PEPPER_ROOT;10845;12;10841;30;;;10851;21;10855;24;;;10848.0;0.0
yf_MKC_d1;19700;ASH_COATED_OSMIUM;9908;14;9904;27;;;9914;15;9917;34;;;9911.0;0.0
yf_MKC_d1;19700;INTARIAN_PEPPER_ROOT;10845;16;10841;19;;;10855;14;10857;21;;;10850.0;0.0
yf_MKC_d1;19800;ASH_COATED_OSMIUM;9907;22;9905;24;;;9914;21;9916;18;;;9910.5;0.0
yf_MKC_d1;19800;INTARIAN_PEPPER_ROOT;10849;5;10846;21;;;10856;12;10860;25;;;10852.5;0.0
yf_MKC_d1;19900;ASH_COATED_OSMIUM;9908;8;9905;17;;;9914;24;9917;15;;;9911.0;0.0
yf_MKC_d1;19900;INTARIAN_PEPPER_ROOT;10836;5;10832;20;;;10873;7;10875;22;;;10854.5;0.0
yf_MKC_d1;20000;ASH_COATED_OSMIUM;9901;11;9899;18;;;9920;16;9922;14;;;9910.5;0.0
yf_MKC_d1;20000;INTARIAN_PEPPER_ROOT;10853;6;10849;20;;;10859;13;10862;22;;;10856.0;0.0
yf_MKC_d1;20100;ASH_COATED_OSMIUM;9907;15;9904;22;;;9913;22;9915;30;;;9910.0;0.0
yf_MKC_d1;20100;INTARIAN_PEPPER_ROOT;10856;16;10853;22;;;10862;15;10865;23;;;10859.0;0.0
yf_MKC_d1;20200;ASH_COATED_OSMIUM;9899;14;9895;15;;;9922;25;9926;20;;;9910.5;0.0
yf_MKC_d1;20200;INTARIAN_PEPPER_ROOT;10859;12;10857;20;;;10865;14;10868;25;;;10862.0;0.0
yf_MKC_d1;20300;ASH_COATED_OSMIUM;9904;11;9900;24;;;9916;14;9918;17;;;9910.0;0.0
yf_MKC_d1;20300;INTARIAN_PEPPER_ROOT;10861;19;10857;26;;;10867;16;10871;17;;;10864.0;0.0
yf_MKC_d1;20400;ASH_COATED_OSMIUM;9907;8;9905;33;;;9913;6;9917;22;;;9910.0;0.0
yf_MKC_d1;20400;INTARIAN_PEPPER_ROOT;10863;7;10861;10;;;10869;16;10872;20;;;10866.0;0.0
yf_MKC_d1;20500;ASH_COATED_OSMIUM;9903;10;9901;13;;;9917;18;9921;15;;;9910.0;0.0
yf_MKC_d1;20500;INTARIAN_PEPPER_ROOT;10866;21;10864;24;;;10872;14;10875;22;;;10869.0;0.0
yf_MKC_d1;20600;ASH_COATED_OSMIUM;9901;13;9897;17;;;9919;21;9923;26;;;9910.0;0.0
yf_MKC_d1;20600;INTARIAN_PEPPER_ROOT;10868;9;10864;25;;;10874;15;10878;30;;;10871.0;0.0
yf_MKC_d1;20700;ASH_COATED_OSMIUM;9907;15;9904;17;;;9914;12;9916;25;;;9910.5;0.0
yf_MKC_d1;20700;INTARIAN_PEPPER_ROOT;10864;14;10860;23;;;10881;10;10884;22;;;10872.5;0.0
yf_MKC_d1;20800;ASH_COATED_OSMIUM;9908;11;9904;26;;;9914;18;9917;26;;;9911.0;0.0
yf_MKC_d1;20800;INTARIAN_PEPPER_ROOT;10871;15;10868;17;;;10878;9;10881;23;;;10874.5;0.0
yf_MKC_d1;20900;ASH_COATED_OSMIUM;9904;14;9901;15;;;9916;19;9918;14;;;9910.0;0.0
yf_MKC_d1;20900;INTARIAN_PEPPER_ROOT;10869;13;10865;20;;;10886;10;10890;17;;;10877.5;0.0
yf_MKC_d1;21000;ASH_COATED_OSMIUM;9908;14;9904;14;;;9914;10;9916;21;;;9911.0;0.0
yf_MKC_d1;21000;INTARIAN_PEPPER_ROOT;10877;19;10875;22;;;10883;14;10887;20;;;10880.0;0.0
yf_MKC_d1;21100;ASH_COATED_OSMIUM;9908;14;9904;22;;;9914;5;9918;16;;;9911.0;0.0
yf_MKC_d1;21100;INTARIAN_PEPPER_ROOT;10879;12;10877;24;;;10885;16;10888;19;;;10882.0;0.0
yf_MKC_d1;21200;ASH_COATED_OSMIUM;9907;17;9903;10;;;9913;9;9915;25;;;9910.0;0.0
yf_MKC_d1;21200;INTARIAN_PEPPER_ROOT;10879;16;10877;30;;;10888;11;10890;18;;;10883.5;0.0
yf_MKC_d1;21300;ASH_COATED_OSMIUM;9908;16;9905;28;;;9914;11;9916;30;;;9911.0;0.0
yf_MKC_d1;21300;INTARIAN_PEPPER_ROOT;10884;25;10882;24;;;10890;17;10892;26;;;10887.0;0.0
yf_MKC_d1;21400;ASH_COATED_OSMIUM;9908;11;9905;12;;;9914;9;9918;23;;;9911.0;0.0
yf_MKC_d1;21400;INTARIAN_PEPPER_ROOT;10884;14;10880;19;;;10894;18;10897;24;;;10889.0;0.0
yf_MKC_d1;21500;ASH_COATED_OSMIUM;9908;13;9904;19;;;9914;14;9917;30;;;9911.0;0.0
yf_MKC_d1;21500;INTARIAN_PEPPER_ROOT;10888;20;10886;26;;;10895;18;10897;10;;;10891.5;0.0
yf_MKC_d1;21600;ASH_COATED_OSMIUM;9902;14;9900;21;;;9921;15;9925;20;;;9911.5;0.0
yf_MKC_d1;21600;INTARIAN_PEPPER_ROOT;10890;15;10888;12;;;10896;9;10899;15;;;10893.0;0.0
yf_MKC_d1;21700;ASH_COATED_OSMIUM;9908;13;9905;24;;;9914;12;9917;14;;;9911.0;0.0
yf_MKC_d1;21700;INTARIAN_PEPPER_ROOT;10893;16;10889;23;;;10899;17;10902;18;;;10896.0;0.0
yf_MKC_d1;21800;ASH_COATED_OSMIUM;9907;15;9903;23;;;9913;14;9917;20;;;9910.0;0.0
yf_MKC_d1;21800;INTARIAN_PEPPER_ROOT;10894;13;10892;17;;;10902;17;10905;18;;;10898.0;0.0
yf_MKC_d1;21900;ASH_COATED_OSMIUM;9908;9;9906;22;;;9914;14;9918;23;;;9911.0;0.0
yf_MKC_d1;21900;INTARIAN_PEPPER_ROOT;10897;13;10893;15;;;10903;19;10907;21;;;10900.0;0.0
yf_MKC_d1;22000;ASH_COATED_OSMIUM;9907;15;9905;17;;;9914;20;9918;18;;;9910.5;0.0
yf_MKC_d1;22000;INTARIAN_PEPPER_ROOT;10897;18;10893;11;;;10908;18;10912;19;;;10902.5;0.0
yf_MKC_d1;22100;ASH_COATED_OSMIUM;9908;20;9904;20;;;9914;16;9916;16;;;9911.0;0.0
yf_MKC_d1;22100;INTARIAN_PEPPER_ROOT;10902;18;10900;21;;;10908;15;10912;16;;;10905.0;0.0
yf_MKC_d1;22200;ASH_COATED_OSMIUM;9908;9;9905;24;;;9914;19;9916;26;;;9911.0;0.0
yf_MKC_d1;22200;INTARIAN_PEPPER_ROOT;10904;20;10901;26;;;10910;16;10914;23;;;10907.0;0.0
yf_MKC_d1;22300;ASH_COATED_OSMIUM;9908;21;9906;18;;;9914;5;9917;19;;;9911.0;0.0
yf_MKC_d1;22300;INTARIAN_PEPPER_ROOT;10900;13;10896;27;;;10920;15;10923;24;;;10910.0;0.0
yf_MKC_d1;22400;ASH_COATED_OSMIUM;9903;11;9901;19;;;9919;13;9923;30;;;9911.0;0.0
yf_MKC_d1;22400;INTARIAN_PEPPER_ROOT;10909;20;10907;14;;;10915;11;10917;14;;;10912.0;0.0
yf_MKC_d1;22500;ASH_COATED_OSMIUM;9908;11;9905;9;;;9914;17;9918;19;;;9911.0;0.0
yf_MKC_d1;22500;INTARIAN_PEPPER_ROOT;10911;9;10909;16;;;10917;16;10920;14;;;10914.0;0.0
yf_MKC_d1;22600;ASH_COATED_OSMIUM;9907;22;9905;15;;;9915;13;9917;13;;;9911.0;0.0
yf_MKC_d1;22600;INTARIAN_PEPPER_ROOT;10913;20;10911;20;;;10919;11;10923;11;;;10916.0;0.0
yf_MKC_d1;22700;ASH_COATED_OSMIUM;9908;13;9906;20;;;9914;18;9917;8;;;9911.0;0.0
yf_MKC_d1;22700;INTARIAN_PEPPER_ROOT;10916;14;10914;20;;;10922;18;10924;21;;;10919.0;0.0
yf_MKC_d1;22800;ASH_COATED_OSMIUM;9903;16;9901;18;;;9918;16;9922;29;;;9910.5;0.0
yf_MKC_d1;22800;INTARIAN_PEPPER_ROOT;10918;10;10915;15;;;10924;17;10928;20;;;10921.0;0.0
yf_MKC_d1;22900;ASH_COATED_OSMIUM;9908;14;9906;30;;;9914;18;9917;22;;;9911.0;0.0
yf_MKC_d1;22900;INTARIAN_PEPPER_ROOT;10917;5;10913;20;;;10930;16;10933;15;;;10923.5;0.0
yf_MKC_d1;23000;ASH_COATED_OSMIUM;9908;7;9905;17;;;9914;11;9917;14;;;9911.0;0.0
yf_MKC_d1;23000;INTARIAN_PEPPER_ROOT;10918;12;10915;16;;;10933;17;10937;17;;;10925.5;0.0
yf_MKC_d1;23100;ASH_COATED_OSMIUM;9908;11;9905;13;;;9914;10;9916;24;;;9911.0;0.0
yf_MKC_d1;23100;INTARIAN_PEPPER_ROOT;10925;24;10923;15;;;10931;5;10935;30;;;10928.0;0.0
yf_MKC_d1;23200;ASH_COATED_OSMIUM;9908;19;9905;21;;;9914;16;9917;22;;;9911.0;0.0
yf_MKC_d1;23200;INTARIAN_PEPPER_ROOT;10925;14;10921;22;;;10934;23;10938;16;;;10929.5;0.0
yf_MKC_d1;23300;ASH_COATED_OSMIUM;9908;17;9904;27;;;9914;14;9918;23;;;9911.0;0.0
yf_MKC_d1;23300;INTARIAN_PEPPER_ROOT;10929;12;10927;14;;;10935;14;10938;20;;;10932.0;0.0
yf_MKC_d1;23400;ASH_COATED_OSMIUM;9908;8;9905;35;;;9914;19;9917;21;;;9911.0;0.0
yf_MKC_d1;23400;INTARIAN_PEPPER_ROOT;10928;10;10924;15;;;10941;15;10944;18;;;10934.5;0.0
yf_MKC_d1;23500;ASH_COATED_OSMIUM;9908;11;9906;18;;;9914;12;9917;14;;;9911.0;0.0
yf_MKC_d1;23500;INTARIAN_PEPPER_ROOT;10934;19;10932;22;;;10940;10;10943;21;;;10937.0;0.0
yf_MKC_d1;23600;ASH_COATED_OSMIUM;9899;10;9896;21;;;9923;16;9927;18;;;9911.0;0.0
yf_MKC_d1;23600;INTARIAN_PEPPER_ROOT;10936;14;10933;19;;;10942;17;10946;16;;;10939.0;0.0
yf_MKC_d1;23700;ASH_COATED_OSMIUM;9908;10;9906;15;;;9914;13;9916;30;;;9911.0;0.0
yf_MKC_d1;23700;INTARIAN_PEPPER_ROOT;10934;18;10931;15;;;10950;15;10953;16;;;10942.0;0.0
yf_MKC_d1;23800;ASH_COATED_OSMIUM;9908;15;9906;23;;;9914;18;9916;16;;;9911.0;0.0
yf_MKC_d1;23800;INTARIAN_PEPPER_ROOT;10941;5;10938;20;;;10947;7;10949;20;;;10944.0;0.0
yf_MKC_d1;23900;ASH_COATED_OSMIUM;9908;20;9905;17;;;9914;19;9918;27;;;9911.0;0.0
yf_MKC_d1;23900;INTARIAN_PEPPER_ROOT;10942;17;10940;15;;;10950;15;10952;22;;;10946.0;0.0
yf_MKC_d1;24000;ASH_COATED_OSMIUM;9909;13;9907;17;;;9915;17;9919;25;;;9912.0;0.0
yf_MKC_d1;24000;INTARIAN_PEPPER_ROOT;10945;19;10942;16;;;10951;13;10955;26;;;10948.0;0.0
yf_MKC_d1;24100;ASH_COATED_OSMIUM;9908;18;9906;17;;;9914;6;9916;28;;;9911.0;0.0
yf_MKC_d1;24100;INTARIAN_PEPPER_ROOT;10948;14;10945;13;;;10954;16;10956;22;;;10951.0;0.0
yf_MKC_d1;24200;ASH_COATED_OSMIUM;9907;17;9905;25;;;9917;17;9920;28;;;9912.0;0.0
yf_MKC_d1;24200;INTARIAN_PEPPER_ROOT;10950;16;10947;29;;;10956;11;10958;27;;;10953.0;0.0
yf_MKC_d1;24300;ASH_COATED_OSMIUM;9897;25;9894;22;;;9925;18;9928;15;;;9911.0;0.0
yf_MKC_d1;24300;INTARIAN_PEPPER_ROOT;10947;21;10945;23;;;10963;15;10967;20;;;10955.0;0.0
yf_MKC_d1;24400;ASH_COATED_OSMIUM;9903;12;9899;13;;;9919;13;9923;19;;;9911.0;0.0
yf_MKC_d1;24400;INTARIAN_PEPPER_ROOT;10948;24;10945;16;;;10966;18;10968;26;;;10957.0;0.0
yf_MKC_d1;24500;ASH_COATED_OSMIUM;9908;5;9904;23;;;9914;12;9916;17;;;9911.0;0.0
yf_MKC_d1;24500;INTARIAN_PEPPER_ROOT;10952;11;10950;21;;;10967;22;10971;19;;;10959.5;0.0
yf_MKC_d1;24600;ASH_COATED_OSMIUM;9908;23;9904;24;;;9914;15;9916;25;;;9911.0;0.0
yf_MKC_d1;24600;INTARIAN_PEPPER_ROOT;10959;6;10957;26;;;10965;11;10967;28;;;10962.0;0.0
yf_MKC_d1;24700;ASH_COATED_OSMIUM;9908;22;9904;29;;;9914;10;9918;22;;;9911.0;0.0
yf_MKC_d1;24700;INTARIAN_PEPPER_ROOT;10957;5;10953;18;;;10972;18;10974;22;;;10964.5;0.0
yf_MKC_d1;24800;ASH_COATED_OSMIUM;9908;23;9905;26;;;9914;22;9917;27;;;9911.0;0.0
yf_MKC_d1;24800;INTARIAN_PEPPER_ROOT;10964;8;10961;22;;;10970;10;10972;9;;;10967.0;0.0
yf_MKC_d1;24900;ASH_COATED_OSMIUM;9909;16;9906;23;;;9915;18;9917;25;;;9912.0;0.0
yf_MKC_d1;24900;INTARIAN_PEPPER_ROOT;10961;24;10959;21;;;10977;11;10979;18;;;10969.0;0.0
yf_MKC_d1;25000;ASH_COATED_OSMIUM;9909;25;9906;18;;;9915;5;9918;19;;;9912.0;0.0
yf_MKC_d1;25000;INTARIAN_PEPPER_ROOT;10968;24;10964;18;;;10974;14;10977;12;;;10971.0;0.0
yf_MKC_d1;25100;ASH_COATED_OSMIUM;9909;12;9906;32;;;9915;13;9917;23;;;9912.0;0.0
yf_MKC_d1;25100;INTARIAN_PEPPER_ROOT;10970;13;10967;19;;;10976;25;10979;8;;;10973.0;0.0
yf_MKC_d1;25200;ASH_COATED_OSMIUM;9905;21;9903;17;;;9918;25;9921;11;;;9911.5;0.0
yf_MKC_d1;25200;INTARIAN_PEPPER_ROOT;10968;18;10964;31;;;10983;13;10985;10;;;10975.5;0.0
yf_MKC_d1;25300;ASH_COATED_OSMIUM;9909;15;9907;15;;;9915;15;9919;14;;;9912.0;0.0
yf_MKC_d1;25300;INTARIAN_PEPPER_ROOT;10975;16;10971;11;;;10981;20;10983;24;;;10978.0;0.0
yf_MKC_d1;25400;ASH_COATED_OSMIUM;9909;5;9907;20;;;9915;18;9919;16;;;9912.0;0.0
yf_MKC_d1;25400;INTARIAN_PEPPER_ROOT;10977;14;10974;22;;;10983;14;10987;18;;;10980.0;0.0
yf_MKC_d1;25500;ASH_COATED_OSMIUM;9909;21;9906;21;;;9915;16;9917;15;;;9912.0;0.0
yf_MKC_d1;25500;INTARIAN_PEPPER_ROOT;10970;16;10968;15;;;10995;13;10997;22;;;10982.5;0.0
yf_MKC_d1;25600;ASH_COATED_OSMIUM;9907;6;9903;19;;;9915;12;9917;23;;;9911.0;0.0
yf_MKC_d1;25600;INTARIAN_PEPPER_ROOT;10960;5;10958;24;;;11009;8;11012;15;;;10984.5;0.0
yf_MKC_d1;25700;ASH_COATED_OSMIUM;9905;10;9903;21;;;9919;14;9923;12;;;9912.0;0.0
yf_MKC_d1;25700;INTARIAN_PEPPER_ROOT;10984;18;10981;23;;;10990;21;10993;18;;;10987.0;0.0
yf_MKC_d1;25800;ASH_COATED_OSMIUM;9909;15;9906;12;;;9915;7;9919;24;;;9912.0;0.0
yf_MKC_d1;25800;INTARIAN_PEPPER_ROOT;10986;14;10982;16;;;10992;18;10996;24;;;10989.0;0.0
yf_MKC_d1;25900;ASH_COATED_OSMIUM;9909;16;9905;13;;;9915;15;9917;16;;;9912.0;0.0
yf_MKC_d1;25900;INTARIAN_PEPPER_ROOT;10988;15;10985;19;;;10994;15;10997;14;;;10991.0;0.0
yf_MKC_d1;26000;ASH_COATED_OSMIUM;9909;13;9905;28;;;9915;13;9918;24;;;9912.0;0.0
yf_MKC_d1;26000;INTARIAN_PEPPER_ROOT;10992;8;10990;20;;;10998;18;11002;11;;;10995.0;0.0
yf_MKC_d1;26100;ASH_COATED_OSMIUM;9909;17;9907;26;;;9915;17;9918;21;;;9912.0;0.0
yf_MKC_d1;26100;INTARIAN_PEPPER_ROOT;10993;16;10990;22;;;10999;13;11003;17;;;10996.0;0.0
yf_MKC_d1;26200;ASH_COATED_OSMIUM;9908;19;9905;16;;;9917;17;9919;17;;;9912.5;0.0
yf_MKC_d1;26200;INTARIAN_PEPPER_ROOT;10996;6;10992;17;;;11002;17;11006;27;;;10999.0;0.0
yf_MKC_d1;26300;ASH_COATED_OSMIUM;9884;17;9880;17;;;9939;22;9943;28;;;9911.5;0.0
yf_MKC_d1;26300;INTARIAN_PEPPER_ROOT;10992;24;10988;17;;;11010;17;11013;19;;;11001.0;0.0
yf_MKC_d1;26400;ASH_COATED_OSMIUM;9906;10;9904;18;;;9917;12;9920;17;;;9911.5;0.0
yf_MKC_d1;26400;INTARIAN_PEPPER_ROOT;11000;14;10996;20;;;11006;21;11008;23;;;11003.0;0.0
yf_MKC_d1;26500;ASH_COATED_OSMIUM;9903;21;9900;26;;;9921;7;9925;8;;;9912.0;0.0
yf_MKC_d1;26500;INTARIAN_PEPPER_ROOT;11002;10;10999;14;;;11009;22;11011;16;;;11005.5;0.0
yf_MKC_d1;26600;ASH_COATED_OSMIUM;9909;15;9905;25;;;9915;11;9918;17;;;9912.0;0.0
yf_MKC_d1;26600;INTARIAN_PEPPER_ROOT;11004;16;11000;22;;;11010;17;11012;19;;;11007.0;0.0
yf_MKC_d1;26700;ASH_COATED_OSMIUM;9909;5;9907;19;;;9915;9;9917;17;;;9912.0;0.0
yf_MKC_d1;26700;INTARIAN_PEPPER_ROOT;11007;12;11004;15;;;11013;18;11017;26;;;11010.0;0.0
yf_MKC_d1;26800;ASH_COATED_OSMIUM;9908;21;9904;25;;;9915;15;9919;13;;;9911.5;0.0
yf_MKC_d1;26800;INTARIAN_PEPPER_ROOT;11009;16;11006;17;;;11015;10;11018;16;;;11012.0;0.0
yf_MKC_d1;26900;ASH_COATED_OSMIUM;9908;12;9904;14;;;9916;12;9920;21;;;9912.0;0.0
yf_MKC_d1;26900;INTARIAN_PEPPER_ROOT;11010;12;11007;19;;;11019;10;11023;20;;;11014.5;0.0
yf_MKC_d1;27000;ASH_COATED_OSMIUM;9898;12;9896;16;;;9926;15;9930;15;;;9912.0;0.0
yf_MKC_d1;27000;INTARIAN_PEPPER_ROOT;11014;12;11012;14;;;11020;11;11024;27;;;11017.0;0.0
yf_MKC_d1;27100;ASH_COATED_OSMIUM;9909;19;9905;12;;;9915;22;9919;24;;;9912.0;0.0
yf_MKC_d1;27100;INTARIAN_PEPPER_ROOT;11013;18;11010;20;;;11026;17;11029;18;;;11019.5;0.0
yf_MKC_d1;27200;ASH_COATED_OSMIUM;9904;16;9902;17;;;9920;18;9924;15;;;9912.0;0.0
yf_MKC_d1;27200;INTARIAN_PEPPER_ROOT;11018;15;11014;19;;;11024;13;11026;15;;;11021.0;0.0
yf_MKC_d1;27300;ASH_COATED_OSMIUM;9908;19;9906;22;;;9917;11;9921;17;;;9912.5;0.0
yf_MKC_d1;27300;INTARIAN_PEPPER_ROOT;11021;22;11017;23;;;11027;17;11029;20;;;11024.0;0.0
yf_MKC_d1;27400;ASH_COATED_OSMIUM;9909;5;9905;25;;;9915;11;9918;26;;;9912.0;0.0
yf_MKC_d1;27400;INTARIAN_PEPPER_ROOT;11019;16;11016;16;;;11033;16;11035;25;;;11026.0;0.0
yf_MKC_d1;27500;ASH_COATED_OSMIUM;9894;17;9890;16;;;9931;8;9933;19;;;9912.5;0.0
yf_MKC_d1;27500;INTARIAN_PEPPER_ROOT;11024;10;11022;30;;;11032;9;11034;17;;;11028.0;0.0
yf_MKC_d1;27600;ASH_COATED_OSMIUM;9909;14;9906;23;;;9915;12;9919;20;;;9912.0;0.0
yf_MKC_d1;27600;INTARIAN_PEPPER_ROOT;11028;16;11026;31;;;11034;8;11036;19;;;11031.0;0.0
yf_MKC_d1;27700;ASH_COATED_OSMIUM;9906;20;9904;10;;;9919;17;9921;17;;;9912.5;0.0
yf_MKC_d1;27700;INTARIAN_PEPPER_ROOT;11029;23;11025;17;;;11035;13;11039;8;;;11032.0;0.0
yf_MKC_d1;27800;ASH_COATED_OSMIUM;9910;18;9908;24;;;9916;13;9919;25;;;9913.0;0.0
yf_MKC_d1;27800;INTARIAN_PEPPER_ROOT;11032;12;11028;16;;;11038;14;11040;27;;;11035.0;0.0
yf_MKC_d1;27900;ASH_COATED_OSMIUM;9907;8;9903;17;;;9916;20;9919;14;;;9911.5;0.0
yf_MKC_d1;27900;INTARIAN_PEPPER_ROOT;11034;8;11032;19;;;11040;14;11044;28;;;11037.0;0.0
yf_MKC_d1;28000;ASH_COATED_OSMIUM;9908;14;9905;28;;;9917;5;9920;21;;;9912.5;0.0
yf_MKC_d1;28000;INTARIAN_PEPPER_ROOT;11036;14;11032;19;;;11043;24;11046;12;;;11039.5;0.0
yf_MKC_d1;28100;ASH_COATED_OSMIUM;9909;19;9907;21;;;9915;12;9917;23;;;9912.0;0.0
yf_MKC_d1;28100;INTARIAN_PEPPER_ROOT;11039;9;11035;17;;;11045;13;11049;15;;;11042.0;0.0
yf_MKC_d1;28200;ASH_COATED_OSMIUM;9894;14;9890;13;;;9930;14;9933;25;;;9912.0;0.0
yf_MKC_d1;28200;INTARIAN_PEPPER_ROOT;11032;11;11030;14;;;11055;13;11059;25;;;11043.5;0.0
yf_MKC_d1;28300;ASH_COATED_OSMIUM;9910;25;9908;22;;;9916;16;9918;14;;;9913.0;0.0
yf_MKC_d1;28300;INTARIAN_PEPPER_ROOT;11043;19;11039;21;;;11049;13;11052;21;;;11046.0;0.0
yf_MKC_d1;28400;ASH_COATED_OSMIUM;9909;13;9906;12;;;9915;5;9917;19;;;9912.0;0.0
yf_MKC_d1;28400;INTARIAN_PEPPER_ROOT;11042;11;11040;21;;;11055;17;11058;19;;;11048.5;0.0
yf_MKC_d1;28500;ASH_COATED_OSMIUM;9909;11;9906;16;;;9915;15;9919;16;;;9912.0;0.0
yf_MKC_d1;28500;INTARIAN_PEPPER_ROOT;11046;11;11042;16;;;11056;16;11058;13;;;11051.0;0.0
yf_MKC_d1;28600;ASH_COATED_OSMIUM;9909;8;9907;18;;;9915;14;9919;11;;;9912.0;0.0
yf_MKC_d1;28600;INTARIAN_PEPPER_ROOT;11051;17;11047;21;;;11057;12;11059;12;;;11054.0;0.0
yf_MKC_d1;28700;ASH_COATED_OSMIUM;9908;18;9905;15;;;9917;15;9919;11;;;9912.5;0.0
yf_MKC_d1;28700;INTARIAN_PEPPER_ROOT;11045;7;11041;18;;;11065;5;11069;23;;;11055.0;0.0
yf_MKC_d1;28800;ASH_COATED_OSMIUM;9910;6;9908;22;;;9916;18;9920;16;;;9913.0;0.0
yf_MKC_d1;28800;INTARIAN_PEPPER_ROOT;11054;14;11052;17;;;11060;26;11063;16;;;11057.0;0.0
yf_MKC_d1;28900;ASH_COATED_OSMIUM;9902;15;9898;22;;;9922;10;9925;21;;;9912.0;0.0
yf_MKC_d1;28900;INTARIAN_PEPPER_ROOT;11057;16;11055;8;;;11063;14;11067;24;;;11060.0;0.0
yf_MKC_d1;29000;ASH_COATED_OSMIUM;9910;12;9907;17;;;9916;13;9920;19;;;9913.0;0.0
yf_MKC_d1;29000;INTARIAN_PEPPER_ROOT;11059;17;11057;26;;;11065;11;11067;23;;;11062.0;0.0
yf_MKC_d1;29100;ASH_COATED_OSMIUM;9910;23;9906;20;;;9916;10;9919;15;;;9913.0;0.0
yf_MKC_d1;29100;INTARIAN_PEPPER_ROOT;11062;17;11060;18;;;11068;25;11072;28;;;11065.0;0.0
yf_MKC_d1;29200;ASH_COATED_OSMIUM;9909;16;9906;18;;;9916;15;9920;16;;;9912.5;0.0
yf_MKC_d1;29200;INTARIAN_PEPPER_ROOT;11064;8;11060;22;;;11070;10;11074;16;;;11067.0;0.0
yf_MKC_d1;29300;ASH_COATED_OSMIUM;9910;18;9907;22;;;9916;16;9918;30;;;9913.0;0.0
yf_MKC_d1;29300;INTARIAN_PEPPER_ROOT;11066;23;11062;8;;;11072;18;11075;14;;;11069.0;0.0
yf_MKC_d1;29400;ASH_COATED_OSMIUM;9910;11;9906;12;;;9916;12;9918;12;;;9913.0;0.0
yf_MKC_d1;29400;INTARIAN_PEPPER_ROOT;11069;11;11067;19;;;11075;16;11079;8;;;11072.0;0.0
yf_MKC_d1;29500;ASH_COATED_OSMIUM;9910;21;9907;18;;;9916;14;9920;28;;;9913.0;0.0
yf_MKC_d1;29500;INTARIAN_PEPPER_ROOT;11071;5;11067;34;;;11077;15;11081;19;;;11074.0;0.0
yf_MKC_d1;29600;ASH_COATED_OSMIUM;9909;14;9905;16;;;9915;21;9918;17;;;9912.0;0.0
yf_MKC_d1;29600;INTARIAN_PEPPER_ROOT;11073;18;11069;24;;;11079;12;11082;17;;;11076.0;0.0
yf_MKC_d1;29700;ASH_COATED_OSMIUM;9910;15;9906;24;;;9916;21;9920;21;;;9913.0;0.0
yf_MKC_d1;29700;INTARIAN_PEPPER_ROOT;11076;18;11072;9;;;11082;12;11084;21;;;11079.0;0.0
yf_MKC_d1;29800;ASH_COATED_OSMIUM;9910;6;9908;18;;;9917;18;9919;18;;;9913.5;0.0
yf_MKC_d1;29800;INTARIAN_PEPPER_ROOT;11072;15;11069;16;;;11090;13;11093;17;;;11081.0;0.0
yf_MKC_d1;29900;ASH_COATED_OSMIUM;9902;20;9900;12;;;9922;15;9924;22;;;9912.0;0.0
yf_MKC_d1;29900;INTARIAN_PEPPER_ROOT;11080;17;11078;16;;;11086;18;11088;18;;;11083.0;0.0
yf_MKC_d1;30000;ASH_COATED_OSMIUM;9904;12;9900;24;;;9920;12;9922;31;;;9912.0;0.0
yf_MKC_d1;30000;INTARIAN_PEPPER_ROOT;11083;19;11081;24;;;11089;5;11091;17;;;11086.0;0.0
yf_MKC_d1;30100;ASH_COATED_OSMIUM;9904;15;9902;21;;;9922;13;9924;18;;;9913.0;0.0
yf_MKC_d1;30100;INTARIAN_PEPPER_ROOT;11085;13;11083;24;;;11091;24;11093;17;;;11088.0;0.0
yf_MKC_d1;30200;ASH_COATED_OSMIUM;9910;7;9908;18;;;9916;18;9920;17;;;9913.0;0.0
yf_MKC_d1;30200;INTARIAN_PEPPER_ROOT;11085;10;11082;20;;;11094;17;11098;22;;;11089.5;0.0
yf_MKC_d1;30300;ASH_COATED_OSMIUM;9907;20;9904;17;;;9920;14;9923;16;;;9913.5;0.0
yf_MKC_d1;30300;INTARIAN_PEPPER_ROOT;11086;6;11083;17;;;11098;10;11101;15;;;11092.0;0.0
yf_MKC_d1;30400;ASH_COATED_OSMIUM;9910;6;9908;23;;;9916;19;9920;8;;;9913.0;0.0
yf_MKC_d1;30400;INTARIAN_PEPPER_ROOT;11092;16;11090;15;;;11098;13;11102;19;;;11095.0;0.0
yf_MKC_d1;30500;ASH_COATED_OSMIUM;9910;14;9907;13;;;9916;17;9920;21;;;9913.0;0.0
yf_MKC_d1;30500;INTARIAN_PEPPER_ROOT;11088;21;11084;24;;;11105;15;11109;25;;;11096.5;0.0
yf_MKC_d1;30600;ASH_COATED_OSMIUM;9910;21;9908;20;;;9916;6;9920;16;;;9913.0;0.0
yf_MKC_d1;30600;INTARIAN_PEPPER_ROOT;11096;6;11094;25;;;11103;11;11105;13;;;11099.5;0.0
yf_MKC_d1;30700;ASH_COATED_OSMIUM;9910;10;9906;20;;;9916;9;9919;19;;;9913.0;0.0
yf_MKC_d1;30700;INTARIAN_PEPPER_ROOT;11099;11;11096;28;;;11105;19;11108;17;;;11102.0;0.0
yf_MKC_d1;30800;ASH_COATED_OSMIUM;9905;23;9901;17;;;9919;12;9921;25;;;9912.0;0.0
yf_MKC_d1;30800;INTARIAN_PEPPER_ROOT;11092;20;11088;19;;;11115;13;11119;16;;;11103.5;0.0
yf_MKC_d1;30900;ASH_COATED_OSMIUM;9910;19;9906;20;;;9916;8;9918;20;;;9913.0;0.0
yf_MKC_d1;30900;INTARIAN_PEPPER_ROOT;11101;7;11097;19;;;11111;17;11113;22;;;11106.0;0.0
yf_MKC_d1;31000;ASH_COATED_OSMIUM;9910;5;9906;17;;;9916;28;9918;14;;;9913.0;0.0
yf_MKC_d1;31000;INTARIAN_PEPPER_ROOT;11105;12;11103;20;;;11111;12;11115;19;;;11108.0;0.0
yf_MKC_d1;31100;ASH_COATED_OSMIUM;9899;6;9895;19;;;9928;13;9930;15;;;9913.5;0.0
yf_MKC_d1;31100;INTARIAN_PEPPER_ROOT;11107;27;11105;25;;;11115;13;11119;13;;;11111.0;0.0
yf_MKC_d1;31200;ASH_COATED_OSMIUM;9910;22;9907;22;;;9916;10;9918;22;;;9913.0;0.0
yf_MKC_d1;31200;INTARIAN_PEPPER_ROOT;11109;11;11107;26;;;11116;15;11119;22;;;11112.5;0.0
yf_MKC_d1;31300;ASH_COATED_OSMIUM;9910;12;9906;14;;;9916;16;9918;16;;;9913.0;0.0
yf_MKC_d1;31300;INTARIAN_PEPPER_ROOT;11112;9;11110;18;;;11118;14;11121;18;;;11115.0;0.0
yf_MKC_d1;31400;ASH_COATED_OSMIUM;9911;12;9909;26;;;9917;22;9920;17;;;9914.0;0.0
yf_MKC_d1;31400;INTARIAN_PEPPER_ROOT;11108;20;11105;20;;;11127;18;11129;27;;;11117.5;0.0
yf_MKC_d1;31500;ASH_COATED_OSMIUM;9910;11;9907;18;;;9916;11;9918;22;;;9913.0;0.0
yf_MKC_d1;31500;INTARIAN_PEPPER_ROOT;11116;14;11113;13;;;11122;15;11125;15;;;11119.0;0.0
yf_MKC_d1;31600;ASH_COATED_OSMIUM;9911;18;9907;22;;;9917;16;9920;8;;;9914.0;0.0
yf_MKC_d1;31600;INTARIAN_PEPPER_ROOT;11119;13;11115;12;;;11125;11;11127;15;;;11122.0;0.0
yf_MKC_d1;31700;ASH_COATED_OSMIUM;9910;11;9908;16;;;9916;19;9920;22;;;9913.0;0.0
yf_MKC_d1;31700;INTARIAN_PEPPER_ROOT;11122;9;11118;32;;;11128;20;11130;23;;;11125.0;0.0
yf_MKC_d1;31800;ASH_COATED_OSMIUM;9911;13;9908;23;;;9917;9;9919;22;;;9914.0;0.0
yf_MKC_d1;31800;INTARIAN_PEPPER_ROOT;11123;17;11121;9;;;11129;14;11133;16;;;11126.0;0.0
yf_MKC_d1;31900;ASH_COATED_OSMIUM;9909;17;9905;17;;;9917;10;9919;21;;;9913.0;0.0
yf_MKC_d1;31900;INTARIAN_PEPPER_ROOT;11126;18;11122;8;;;11132;9;11134;17;;;11129.0;0.0
yf_MKC_d1;32000;ASH_COATED_OSMIUM;9910;11;9908;22;;;9916;16;9919;19;;;9913.0;0.0
yf_MKC_d1;32000;INTARIAN_PEPPER_ROOT;11128;12;11125;25;;;11134;17;11138;25;;;11131.0;0.0
yf_MKC_d1;32100;ASH_COATED_OSMIUM;9910;22;9906;24;;;9918;6;9920;27;;;9914.0;0.0
yf_MKC_d1;32100;INTARIAN_PEPPER_ROOT;11130;9;11127;16;;;11136;18;11139;14;;;11133.0;0.0
yf_MKC_d1;32200;ASH_COATED_OSMIUM;9910;23;9906;16;;;9916;11;9918;25;;;9913.0;0.0
yf_MKC_d1;32200;INTARIAN_PEPPER_ROOT;11132;19;11130;20;;;11138;21;11141;11;;;11135.0;0.0
yf_MKC_d1;32300;ASH_COATED_OSMIUM;9911;12;9907;23;;;9917;16;9920;18;;;9914.0;0.0
yf_MKC_d1;32300;INTARIAN_PEPPER_ROOT;11135;18;11133;17;;;11141;10;11145;27;;;11138.0;0.0
yf_MKC_d1;32400;ASH_COATED_OSMIUM;9911;17;9908;17;;;9917;5;9920;17;;;9914.0;0.0
yf_MKC_d1;32400;INTARIAN_PEPPER_ROOT;11137;11;11133;14;;;11144;12;11148;20;;;11140.5;0.0
yf_MKC_d1;32500;ASH_COATED_OSMIUM;9910;8;9906;18;;;9916;11;9918;10;;;9913.0;0.0
yf_MKC_d1;32500;INTARIAN_PEPPER_ROOT;11140;15;11138;23;;;11146;21;11148;19;;;11143.0;0.0
yf_MKC_d1;32600;ASH_COATED_OSMIUM;9911;11;9907;24;;;9917;18;9920;27;;;9914.0;0.0
yf_MKC_d1;32600;INTARIAN_PEPPER_ROOT;11132;9;11130;24;;;11158;14;11161;23;;;11145.0;0.0
yf_MKC_d1;32700;ASH_COATED_OSMIUM;9910;15;9907;12;;;9916;18;9920;23;;;9913.0;0.0
yf_MKC_d1;32700;INTARIAN_PEPPER_ROOT;11141;20;11139;24;;;11152;13;11154;20;;;11146.5;0.0
yf_MKC_d1;32800;ASH_COATED_OSMIUM;9910;15;9906;12;;;9917;14;9920;15;;;9913.5;0.0
yf_MKC_d1;32800;INTARIAN_PEPPER_ROOT;11146;23;11143;18;;;11153;18;11155;12;;;11149.5;0.0
yf_MKC_d1;32900;ASH_COATED_OSMIUM;9911;5;9908;11;;;9917;11;9919;11;;;9914.0;0.0
yf_MKC_d1;32900;INTARIAN_PEPPER_ROOT;11149;7;11146;17;;;11155;14;11159;21;;;11152.0;0.0
yf_MKC_d1;33000;ASH_COATED_OSMIUM;9907;15;9904;15;;;9922;18;9925;24;;;9914.5;0.0
yf_MKC_d1;33000;INTARIAN_PEPPER_ROOT;11144;22;11140;24;;;11163;13;11167;31;;;11153.5;0.0
yf_MKC_d1;33100;ASH_COATED_OSMIUM;9911;14;9908;15;;;9917;5;9919;17;;;9914.0;0.0
yf_MKC_d1;33100;INTARIAN_PEPPER_ROOT;11153;19;11151;14;;;11159;9;11163;27;;;11156.0;0.0
yf_MKC_d1;33200;ASH_COATED_OSMIUM;9910;14;9907;28;;;9917;10;9921;14;;;9913.5;0.0
yf_MKC_d1;33200;INTARIAN_PEPPER_ROOT;11148;20;11145;20;;;11169;14;11173;14;;;11158.5;0.0
yf_MKC_d1;33300;ASH_COATED_OSMIUM;9910;21;9907;25;;;9916;19;9920;14;;;9913.0;0.0
yf_MKC_d1;33300;INTARIAN_PEPPER_ROOT;11157;6;11155;14;;;11165;17;11167;16;;;11161.0;0.0
yf_MKC_d1;33400;ASH_COATED_OSMIUM;9911;14;9909;19;;;9917;7;9919;23;;;9914.0;0.0
yf_MKC_d1;33400;INTARIAN_PEPPER_ROOT;11160;16;11158;27;;;11166;21;11170;24;;;11163.0;0.0
yf_MKC_d1;33500;ASH_COATED_OSMIUM;9902;15;9899;10;;;9924;11;9927;25;;;9913.0;0.0
yf_MKC_d1;33500;INTARIAN_PEPPER_ROOT;11163;6;11161;18;;;11169;13;11172;19;;;11166.0;0.0
yf_MKC_d1;33600;ASH_COATED_OSMIUM;9906;7;9903;28;;;9921;12;9925;14;;;9913.5;0.0
yf_MKC_d1;33600;INTARIAN_PEPPER_ROOT;11164;5;11161;12;;;11171;17;11174;18;;;11167.5;0.0
yf_MKC_d1;33700;ASH_COATED_OSMIUM;9908;11;9905;10;;;9919;13;9921;22;;;9913.5;0.0
yf_MKC_d1;33700;INTARIAN_PEPPER_ROOT;11165;18;11163;13;;;11175;12;11178;20;;;11170.0;0.0
yf_MKC_d1;33800;ASH_COATED_OSMIUM;9910;10;9908;14;;;9916;9;9918;13;;;9913.0;0.0
yf_MKC_d1;33800;INTARIAN_PEPPER_ROOT;11168;22;11165;23;;;11176;15;11178;21;;;11172.0;0.0
yf_MKC_d1;33900;ASH_COATED_OSMIUM;9908;9;9904;26;;;9921;11;9925;26;;;9914.5;0.0
yf_MKC_d1;33900;INTARIAN_PEPPER_ROOT;11170;13;11166;20;;;11179;18;11181;22;;;11174.5;0.0
yf_MKC_d1;34000;ASH_COATED_OSMIUM;9911;17;9908;19;;;9917;12;9919;18;;;9914.0;0.0
yf_MKC_d1;34000;INTARIAN_PEPPER_ROOT;11171;28;11168;18;;;11177;20;11181;19;;;11174.0;0.0
yf_MKC_d1;34100;ASH_COATED_OSMIUM;9911;11;9909;14;;;9917;15;9921;18;;;9914.0;0.0
yf_MKC_d1;34100;INTARIAN_PEPPER_ROOT;11170;23;11168;13;;;11176;21;11179;19;;;11173.0;0.0
yf_MKC_d1;34200;ASH_COATED_OSMIUM;9909;17;9905;14;;;9919;9;9922;19;;;9914.0;0.0
yf_MKC_d1;34200;INTARIAN_PEPPER_ROOT;11170;9;11167;9;;;11176;10;11179;19;;;11173.0;0.0
yf_MKC_d1;34300;ASH_COATED_OSMIUM;9898;11;9896;20;;;9930;5;9932;20;;;9914.0;0.0
yf_MKC_d1;34300;INTARIAN_PEPPER_ROOT;11169;11;11167;13;;;11175;7;11179;15;;;11172.0;0.0
yf_MKC_d1;34400;ASH_COATED_OSMIUM;9909;14;9906;25;;;9919;19;9923;21;;;9914.0;0.0
yf_MKC_d1;34400;INTARIAN_PEPPER_ROOT;11169;8;11167;12;;;11175;21;11177;19;;;11172.0;0.0
yf_MKC_d1;34500;ASH_COATED_OSMIUM;9911;12;9908;22;;;9917;24;9919;22;;;9914.0;0.0
yf_MKC_d1;34500;INTARIAN_PEPPER_ROOT;11169;17;11166;10;;;11175;8;11179;22;;;11172.0;0.0
yf_MKC_d1;34600;ASH_COATED_OSMIUM;9911;13;9907;19;;;9917;21;9920;17;;;9914.0;0.0
yf_MKC_d1;34600;INTARIAN_PEPPER_ROOT;11167;9;11163;22;;;11174;11;11176;25;;;11170.5;0.0
yf_MKC_d1;34700;ASH_COATED_OSMIUM;9909;21;9907;19;;;9918;17;9921;30;;;9913.5;0.0
yf_MKC_d1;34700;INTARIAN_PEPPER_ROOT;11167;5;11164;23;;;11173;11;11177;16;;;11170.0;0.0
yf_MKC_d1;34800;ASH_COATED_OSMIUM;9911;17;9907;27;;;9917;18;9921;25;;;9914.0;0.0
yf_MKC_d1;34800;INTARIAN_PEPPER_ROOT;11163;8;11161;12;;;11178;13;11182;13;;;11170.5;0.0
yf_MKC_d1;34900;ASH_COATED_OSMIUM;9900;10;9897;19;;;9926;15;9929;23;;;9913.0;0.0
yf_MKC_d1;34900;INTARIAN_PEPPER_ROOT;11166;7;11162;18;;;11172;18;11174;17;;;11169.0;0.0
yf_MKC_d1;35000;ASH_COATED_OSMIUM;9910;15;9906;16;;;9916;16;9920;21;;;9913.0;0.0
yf_MKC_d1;35000;INTARIAN_PEPPER_ROOT;11166;5;11164;19;;;11172;16;11176;20;;;11169.0;0.0
yf_MKC_d1;35100;ASH_COATED_OSMIUM;9910;14;9908;10;;;9917;12;9921;21;;;9913.5;0.0
yf_MKC_d1;35100;INTARIAN_PEPPER_ROOT;11163;18;11159;16;;;11174;15;11177;13;;;11168.5;0.0
yf_MKC_d1;35200;ASH_COATED_OSMIUM;9911;10;9907;8;;;9917;9;9920;23;;;9914.0;0.0
yf_MKC_d1;35200;INTARIAN_PEPPER_ROOT;11166;23;11163;17;;;11172;16;11176;21;;;11169.0;0.0
yf_MKC_d1;35300;ASH_COATED_OSMIUM;9904;7;9900;21;;;9924;28;9928;19;;;9914.0;0.0
yf_MKC_d1;35300;INTARIAN_PEPPER_ROOT;11164;7;11162;18;;;11172;18;11175;24;;;11168.0;0.0
yf_MKC_d1;35400;ASH_COATED_OSMIUM;9906;16;9904;14;;;9922;11;9926;16;;;9914.0;0.0
yf_MKC_d1;35400;INTARIAN_PEPPER_ROOT;11164;16;11160;10;;;11170;25;11174;20;;;11167.0;0.0
yf_MKC_d1;35500;ASH_COATED_OSMIUM;9908;21;9905;19;;;9919;16;9923;19;;;9913.5;0.0
yf_MKC_d1;35500;INTARIAN_PEPPER_ROOT;11158;9;11155;23;;;11176;18;11179;18;;;11167.0;0.0
yf_MKC_d1;35600;ASH_COATED_OSMIUM;9903;23;9900;24;;;9923;15;9925;23;;;9913.0;0.0
yf_MKC_d1;35600;INTARIAN_PEPPER_ROOT;11163;7;11160;16;;;11169;13;11173;21;;;11166.0;0.0
yf_MKC_d1;35700;ASH_COATED_OSMIUM;9910;19;9907;16;;;9916;14;9918;8;;;9913.0;0.0
yf_MKC_d1;35700;INTARIAN_PEPPER_ROOT;11162;13;11159;19;;;11168;16;11170;14;;;11165.0;0.0
yf_MKC_d1;35800;ASH_COATED_OSMIUM;9910;11;9908;29;;;9916;5;9920;18;;;9913.0;0.0
yf_MKC_d1;35800;INTARIAN_PEPPER_ROOT;11162;10;11158;21;;;11168;17;11172;28;;;11165.0;0.0
yf_MKC_d1;35900;ASH_COATED_OSMIUM;9910;9;9908;17;;;9916;10;9918;21;;;9913.0;0.0
yf_MKC_d1;35900;INTARIAN_PEPPER_ROOT;11151;5;11149;17;;;11177;7;11180;19;;;11164.0;0.0
yf_MKC_d1;36000;ASH_COATED_OSMIUM;9910;13;9906;20;;;9916;15;9918;30;;;9913.0;0.0
yf_MKC_d1;36000;INTARIAN_PEPPER_ROOT;11161;13;11159;21;;;11167;21;11170;24;;;11164.0;0.0
yf_MKC_d1;36100;ASH_COATED_OSMIUM;9910;18;9908;16;;;9916;7;9919;19;;;9913.0;0.0
yf_MKC_d1;36100;INTARIAN_PEPPER_ROOT;11160;14;11156;24;;;11166;19;11170;21;;;11163.0;0.0
yf_MKC_d1;36200;ASH_COATED_OSMIUM;9910;23;9906;11;;;9916;15;9920;26;;;9913.0;0.0
yf_MKC_d1;36200;INTARIAN_PEPPER_ROOT;11160;10;11156;13;;;11166;15;11170;22;;;11163.0;0.0
yf_MKC_d1;36300;ASH_COATED_OSMIUM;9910;5;9908;21;;;9916;9;9918;32;;;9913.0;0.0
yf_MKC_d1;36300;INTARIAN_PEPPER_ROOT;11160;10;11157;25;;;11166;10;11169;15;;;11163.0;0.0
yf_MKC_d1;36400;ASH_COATED_OSMIUM;9910;20;9906;15;;;9916;20;9918;21;;;9913.0;0.0
yf_MKC_d1;36400;INTARIAN_PEPPER_ROOT;11159;16;11156;16;;;11165;12;11169;17;;;11162.0;0.0
yf_MKC_d1;36500;ASH_COATED_OSMIUM;9905;13;9902;19;;;9922;19;9924;14;;;9913.5;0.0
yf_MKC_d1;36500;INTARIAN_PEPPER_ROOT;11159;15;11156;22;;;11165;8;11167;15;;;11162.0;0.0
yf_MKC_d1;36600;ASH_COATED_OSMIUM;9910;13;9906;25;;;9916;12;9920;19;;;9913.0;0.0
yf_MKC_d1;36600;INTARIAN_PEPPER_ROOT;11159;21;11156;24;;;11165;17;11169;15;;;11162.0;0.0
yf_MKC_d1;36700;ASH_COATED_OSMIUM;9911;15;9909;24;;;9917;11;9920;20;;;9914.0;0.0
yf_MKC_d1;36700;INTARIAN_PEPPER_ROOT;11158;23;11155;8;;;11164;14;11168;17;;;11161.0;0.0
yf_MKC_d1;36800;ASH_COATED_OSMIUM;9908;18;9904;14;;;9918;11;9922;13;;;9913.0;0.0
yf_MKC_d1;36800;INTARIAN_PEPPER_ROOT;11149;11;11146;25;;;11172;6;11176;20;;;11160.5;0.0
yf_MKC_d1;36900;ASH_COATED_OSMIUM;9909;19;9905;9;;;9917;6;9921;13;;;9913.0;0.0
yf_MKC_d1;36900;INTARIAN_PEPPER_ROOT;11157;29;11153;18;;;11163;24;11166;15;;;11160.0;0.0
yf_MKC_d1;37000;ASH_COATED_OSMIUM;9910;9;9907;23;;;9918;8;9920;28;;;9914.0;0.0
yf_MKC_d1;37000;INTARIAN_PEPPER_ROOT;11150;15;11147;15;;;11168;18;11170;24;;;11159.0;0.0
yf_MKC_d1;37100;ASH_COATED_OSMIUM;9900;17;9896;13;;;9925;12;9928;14;;;9912.5;0.0
yf_MKC_d1;37100;INTARIAN_PEPPER_ROOT;11154;10;11151;22;;;11163;12;11165;16;;;11158.5;0.0
yf_MKC_d1;37200;ASH_COATED_OSMIUM;9911;21;9908;21;;;9917;5;9921;20;;;9914.0;0.0
yf_MKC_d1;37200;INTARIAN_PEPPER_ROOT;11143;22;11140;21;;;11173;20;11176;26;;;11158.0;0.0
yf_MKC_d1;37300;ASH_COATED_OSMIUM;9909;9;9905;26;;;9915;21;9917;28;;;9912.0;0.0
yf_MKC_d1;37300;INTARIAN_PEPPER_ROOT;11155;13;11153;26;;;11161;15;11163;25;;;11158.0;0.0
yf_MKC_d1;37400;ASH_COATED_OSMIUM;9910;18;9906;31;;;9916;22;9920;19;;;9913.0;0.0
yf_MKC_d1;37400;INTARIAN_PEPPER_ROOT;11153;15;11150;14;;;11161;12;11164;25;;;11157.0;0.0
yf_MKC_d1;37500;ASH_COATED_OSMIUM;9908;7;9905;19;;;9917;5;9919;24;;;9912.5;0.0
yf_MKC_d1;37500;INTARIAN_PEPPER_ROOT;11153;26;11151;21;;;11159;18;11161;11;;;11156.0;0.0
yf_MKC_d1;37600;ASH_COATED_OSMIUM;9910;11;9907;14;;;9916;11;9920;24;;;9913.0;0.0
yf_MKC_d1;37600;INTARIAN_PEPPER_ROOT;11145;20;11141;22;;;11167;13;11169;19;;;11156.0;0.0
yf_MKC_d1;37700;ASH_COATED_OSMIUM;9910;13;9908;13;;;9916;17;9918;26;;;9913.0;0.0
yf_MKC_d1;37700;INTARIAN_PEPPER_ROOT;11153;13;11149;17;;;11159;14;11163;14;;;11156.0;0.0
yf_MKC_d1;37800;ASH_COATED_OSMIUM;9902;19;9900;19;;;9925;10;9928;30;;;9913.5;0.0
yf_MKC_d1;37800;INTARIAN_PEPPER_ROOT;11152;18;11149;19;;;11158;14;11162;19;;;11155.0;0.0
yf_MKC_d1;37900;ASH_COATED_OSMIUM;9910;20;9906;24;;;9916;12;9920;31;;;9913.0;0.0
yf_MKC_d1;37900;INTARIAN_PEPPER_ROOT;11150;17;11147;19;;;11161;21;11163;21;;;11155.5;0.0
yf_MKC_d1;38000;ASH_COATED_OSMIUM;9908;13;9905;17;;;9917;16;9920;21;;;9912.5;0.0
yf_MKC_d1;38000;INTARIAN_PEPPER_ROOT;11148;10;11145;16;;;11160;14;11163;23;;;11154.0;0.0
yf_MKC_d1;38100;ASH_COATED_OSMIUM;9910;21;9908;23;;;9916;17;9918;26;;;9913.0;0.0
yf_MKC_d1;38100;INTARIAN_PEPPER_ROOT;11151;9;11148;18;;;11157;12;11161;22;;;11154.0;0.0
yf_MKC_d1;38200;ASH_COATED_OSMIUM;9910;15;9908;18;;;9916;18;9920;21;;;9913.0;0.0
yf_MKC_d1;38200;INTARIAN_PEPPER_ROOT;11146;7;11143;14;;;11159;11;11163;21;;;11152.5;0.0
yf_MKC_d1;38300;ASH_COATED_OSMIUM;9891;14;9887;27;;;9935;5;9938;11;;;9913.0;0.0
yf_MKC_d1;38300;INTARIAN_PEPPER_ROOT;11149;15;11147;11;;;11157;17;11161;22;;;11153.0;0.0
yf_MKC_d1;38400;ASH_COATED_OSMIUM;9910;16;9908;27;;;9916;14;9920;30;;;9913.0;0.0
yf_MKC_d1;38400;INTARIAN_PEPPER_ROOT;11149;13;11145;14;;;11155;13;11158;15;;;11152.0;0.0
yf_MKC_d1;38500;ASH_COATED_OSMIUM;9905;17;9903;13;;;9921;10;9924;20;;;9913.0;0.0
yf_MKC_d1;38500;INTARIAN_PEPPER_ROOT;11148;12;11144;26;;;11156;14;11160;17;;;11152.0;0.0
yf_MKC_d1;38600;ASH_COATED_OSMIUM;9906;18;9903;21;;;9918;9;9920;20;;;9912.0;0.0
yf_MKC_d1;38600;INTARIAN_PEPPER_ROOT;11147;11;11143;22;;;11157;15;11159;19;;;11152.0;0.0
yf_MKC_d1;38700;ASH_COATED_OSMIUM;9907;13;9903;25;;;9919;14;9921;17;;;9913.0;0.0
yf_MKC_d1;38700;INTARIAN_PEPPER_ROOT;11146;9;11142;18;;;11156;17;11159;10;;;11151.0;0.0
yf_MKC_d1;38800;ASH_COATED_OSMIUM;9905;10;9902;21;;;9920;20;9924;23;;;9912.5;0.0
yf_MKC_d1;38800;INTARIAN_PEPPER_ROOT;11146;5;11143;15;;;11155;16;11158;23;;;11150.5;0.0
yf_MKC_d1;38900;ASH_COATED_OSMIUM;9910;21;9907;18;;;9916;13;9919;24;;;9913.0;0.0
yf_MKC_d1;38900;INTARIAN_PEPPER_ROOT;11143;22;11140;22;;;11158;23;11162;17;;;11150.5;0.0
yf_MKC_d1;39000;ASH_COATED_OSMIUM;9908;17;9904;18;;;9916;8;9918;24;;;9912.0;0.0
yf_MKC_d1;39000;INTARIAN_PEPPER_ROOT;11146;20;11144;23;;;11152;18;11154;15;;;11149.0;0.0
yf_MKC_d1;39100;ASH_COATED_OSMIUM;9910;28;9907;14;;;9916;13;9920;19;;;9913.0;0.0
yf_MKC_d1;39100;INTARIAN_PEPPER_ROOT;11145;17;11142;26;;;11154;7;11158;23;;;11149.5;0.0
yf_MKC_d1;39200;ASH_COATED_OSMIUM;9909;18;9907;23;;;9915;5;9918;21;;;9912.0;0.0
yf_MKC_d1;39200;INTARIAN_PEPPER_ROOT;11141;7;11139;21;;;11157;10;11161;16;;;11149.0;0.0
yf_MKC_d1;39300;ASH_COATED_OSMIUM;9906;12;9904;23;;;9918;12;9920;22;;;9912.0;0.0
yf_MKC_d1;39300;INTARIAN_PEPPER_ROOT;11145;19;11141;20;;;11151;27;11153;21;;;11148.0;0.0
yf_MKC_d1;39400;ASH_COATED_OSMIUM;9901;7;9897;18;;;9923;13;9926;16;;;9912.0;0.0
yf_MKC_d1;39400;INTARIAN_PEPPER_ROOT;11145;5;11143;21;;;11151;11;11154;28;;;11148.0;0.0
yf_MKC_d1;39500;ASH_COATED_OSMIUM;9909;14;9907;17;;;9915;15;9917;18;;;9912.0;0.0
yf_MKC_d1;39500;INTARIAN_PEPPER_ROOT;11144;16;11141;22;;;11150;8;11152;18;;;11147.0;0.0
yf_MKC_d1;39600;ASH_COATED_OSMIUM;9909;11;9906;14;;;9915;20;9919;16;;;9912.0;0.0
yf_MKC_d1;39600;INTARIAN_PEPPER_ROOT;11144;18;11140;20;;;11150;7;11152;14;;;11147.0;0.0
yf_MKC_d1;39700;ASH_COATED_OSMIUM;9910;14;9906;25;;;9916;19;9919;27;;;9913.0;0.0
yf_MKC_d1;39700;INTARIAN_PEPPER_ROOT;11142;15;11139;18;;;11148;14;11150;26;;;11145.0;0.0
yf_MKC_d1;39800;ASH_COATED_OSMIUM;9909;16;9907;25;;;9915;19;9919;22;;;9912.0;0.0
yf_MKC_d1;39800;INTARIAN_PEPPER_ROOT;11141;16;11139;19;;;11151;17;11155;22;;;11146.0;0.0
yf_MKC_d1;39900;ASH_COATED_OSMIUM;9909;29;9906;22;;;9915;14;9919;19;;;9912.0;0.0
yf_MKC_d1;39900;INTARIAN_PEPPER_ROOT;11142;17;11140;22;;;11148;5;11152;18;;;11145.0;0.0
yf_MKC_d1;40000;ASH_COATED_OSMIUM;9904;18;9901;20;;;9920;18;9922;27;;;9912.0;0.0
yf_MKC_d1;40000;INTARIAN_PEPPER_ROOT;11141;9;11138;21;;;11147;7;11149;14;;;11144.0;0.0
yf_MKC_d1;40100;ASH_COATED_OSMIUM;9909;16;9905;22;;;9915;12;9918;16;;;9912.0;0.0
yf_MKC_d1;40100;INTARIAN_PEPPER_ROOT;11141;12;11139;18;;;11147;14;11151;14;;;11144.0;0.0
yf_MKC_d1;40200;ASH_COATED_OSMIUM;9909;12;9905;18;;;9915;11;9918;14;;;9912.0;0.0
yf_MKC_d1;40200;INTARIAN_PEPPER_ROOT;11141;15;11137;21;;;11147;11;11150;21;;;11144.0;0.0
yf_MKC_d1;40300;ASH_COATED_OSMIUM;9898;15;9896;17;;;9928;13;9930;18;;;9913.0;0.0
yf_MKC_d1;40300;INTARIAN_PEPPER_ROOT;11140;15;11137;27;;;11146;15;11148;25;;;11143.0;0.0
yf_MKC_d1;40400;ASH_COATED_OSMIUM;9896;19;9892;14;;;9929;6;9933;30;;;9912.5;0.0
yf_MKC_d1;40400;INTARIAN_PEPPER_ROOT;11140;20;11136;16;;;11146;18;11150;20;;;11143.0;0.0
yf_MKC_d1;40500;ASH_COATED_OSMIUM;9910;10;9908;16;;;9916;23;9920;19;;;9913.0;0.0
yf_MKC_d1;40500;INTARIAN_PEPPER_ROOT;11126;20;11122;17;;;11159;27;11163;29;;;11142.5;0.0
yf_MKC_d1;40600;ASH_COATED_OSMIUM;9909;11;9906;25;;;9915;8;9919;17;;;9912.0;0.0
yf_MKC_d1;40600;INTARIAN_PEPPER_ROOT;11136;11;11132;20;;;11149;8;11151;26;;;11142.5;0.0
yf_MKC_d1;40700;ASH_COATED_OSMIUM;9909;18;9906;28;;;9917;16;9919;16;;;9913.0;0.0
yf_MKC_d1;40700;INTARIAN_PEPPER_ROOT;11129;23;11127;23;;;11154;15;11157;21;;;11141.5;0.0
yf_MKC_d1;40800;ASH_COATED_OSMIUM;9909;11;9906;25;;;9915;14;9918;17;;;9912.0;0.0
yf_MKC_d1;40800;INTARIAN_PEPPER_ROOT;11138;12;11134;31;;;11144;11;11146;24;;;11141.0;0.0
yf_MKC_d1;40900;ASH_COATED_OSMIUM;9909;18;9905;15;;;9915;14;9917;11;;;9912.0;0.0
yf_MKC_d1;40900;INTARIAN_PEPPER_ROOT;11137;7;11133;12;;;11143;22;11145;23;;;11140.0;0.0
yf_MKC_d1;41000;ASH_COATED_OSMIUM;9909;10;9907;19;;;9915;19;9918;27;;;9912.0;0.0
yf_MKC_d1;41000;INTARIAN_PEPPER_ROOT;11137;11;11135;20;;;11143;13;11145;19;;;11140.0;0.0
yf_MKC_d1;41100;ASH_COATED_OSMIUM;9906;7;9904;20;;;9918;15;9920;21;;;9912.0;0.0
yf_MKC_d1;41100;INTARIAN_PEPPER_ROOT;11128;11;11124;11;;;11150;20;11153;27;;;11139.0;0.0
yf_MKC_d1;41200;ASH_COATED_OSMIUM;9907;17;9904;21;;;9916;14;9918;24;;;9911.5;0.0
yf_MKC_d1;41200;INTARIAN_PEPPER_ROOT;11136;14;11132;16;;;11142;10;11145;25;;;11139.0;0.0
yf_MKC_d1;41300;ASH_COATED_OSMIUM;9909;16;9906;27;;;9915;13;9919;23;;;9912.0;0.0
yf_MKC_d1;41300;INTARIAN_PEPPER_ROOT;11134;30;11131;19;;;11141;22;11144;20;;;11137.5;0.0
yf_MKC_d1;41400;ASH_COATED_OSMIUM;9905;27;9903;23;;;9918;22;9921;16;;;9911.5;0.0
yf_MKC_d1;41400;INTARIAN_PEPPER_ROOT;11132;5;11128;18;;;11145;26;11149;19;;;11138.5;0.0
yf_MKC_d1;41500;ASH_COATED_OSMIUM;9909;16;9906;18;;;9915;15;9917;17;;;9912.0;0.0
yf_MKC_d1;41500;INTARIAN_PEPPER_ROOT;11133;25;11130;21;;;11141;16;11145;14;;;11137.0;0.0
yf_MKC_d1;41600;ASH_COATED_OSMIUM;9908;24;9906;25;;;9914;17;9916;16;;;9911.0;0.0
yf_MKC_d1;41600;INTARIAN_PEPPER_ROOT;11128;12;11124;26;;;11145;14;11147;19;;;11136.5;0.0
yf_MKC_d1;41700;ASH_COATED_OSMIUM;9908;22;9904;13;;;9914;14;9918;19;;;9911.0;0.0
yf_MKC_d1;41700;INTARIAN_PEPPER_ROOT;11134;17;11132;9;;;11140;21;11143;17;;;11137.0;0.0
yf_MKC_d1;41800;ASH_COATED_OSMIUM;9909;10;9906;23;;;9915;12;9918;19;;;9912.0;0.0
yf_MKC_d1;41800;INTARIAN_PEPPER_ROOT;11133;12;11131;18;;;11139;5;11142;17;;;11136.0;0.0
yf_MKC_d1;41900;ASH_COATED_OSMIUM;9907;20;9905;17;;;9915;17;9917;21;;;9911.0;0.0
yf_MKC_d1;41900;INTARIAN_PEPPER_ROOT;11133;12;11131;11;;;11139;7;11142;25;;;11136.0;0.0
yf_MKC_d1;42000;ASH_COATED_OSMIUM;9901;21;9899;15;;;9924;6;9927;22;;;9912.5;0.0
yf_MKC_d1;42000;INTARIAN_PEPPER_ROOT;11132;14;11130;24;;;11139;17;11142;25;;;11135.5;0.0
yf_MKC_d1;42100;ASH_COATED_OSMIUM;9909;17;9905;21;;;9915;19;9917;22;;;9912.0;0.0
yf_MKC_d1;42100;INTARIAN_PEPPER_ROOT;11131;13;11129;30;;;11137;20;11141;17;;;11134.0;0.0
yf_MKC_d1;42200;ASH_COATED_OSMIUM;9909;13;9907;17;;;9915;7;9918;19;;;9912.0;0.0
yf_MKC_d1;42200;INTARIAN_PEPPER_ROOT;11114;14;11111;19;;;11154;12;11157;16;;;11134.0;0.0
yf_MKC_d1;42300;ASH_COATED_OSMIUM;9909;11;9907;18;;;9915;10;9919;23;;;9912.0;0.0
yf_MKC_d1;42300;INTARIAN_PEPPER_ROOT;11129;15;11127;20;;;11140;12;11143;20;;;11134.5;0.0
yf_MKC_d1;42400;ASH_COATED_OSMIUM;9906;18;9904;16;;;9918;14;9920;22;;;9912.0;0.0
yf_MKC_d1;42400;INTARIAN_PEPPER_ROOT;11130;14;11128;19;;;11136;9;11140;21;;;11133.0;0.0
yf_MKC_d1;42500;ASH_COATED_OSMIUM;9906;30;9902;15;;;9918;17;9922;21;;;9912.0;0.0
yf_MKC_d1;42500;INTARIAN_PEPPER_ROOT;11122;17;11120;18;;;11143;19;11147;17;;;11132.5;0.0
yf_MKC_d1;42600;ASH_COATED_OSMIUM;9906;17;9904;15;;;9916;17;9918;17;;;9911.0;0.0
yf_MKC_d1;42600;INTARIAN_PEPPER_ROOT;11129;8;11125;22;;;11135;9;11137;25;;;11132.0;0.0
yf_MKC_d1;42700;ASH_COATED_OSMIUM;9907;10;9904;18;;;9915;15;9917;16;;;9911.0;0.0
yf_MKC_d1;42700;INTARIAN_PEPPER_ROOT;11128;10;11126;9;;;11134;21;11137;15;;;11131.0;0.0
yf_MKC_d1;42800;ASH_COATED_OSMIUM;9902;18;9900;17;;;9921;12;9923;20;;;9911.5;0.0
yf_MKC_d1;42800;INTARIAN_PEPPER_ROOT;11123;19;11121;9;;;11139;16;11141;21;;;11131.0;0.0
yf_MKC_d1;42900;ASH_COATED_OSMIUM;9908;12;9904;21;;;9914;18;9916;13;;;9911.0;0.0
yf_MKC_d1;42900;INTARIAN_PEPPER_ROOT;11128;17;11126;25;;;11134;5;11136;19;;;11131.0;0.0
yf_MKC_d1;43000;ASH_COATED_OSMIUM;9908;8;9906;25;;;9914;17;9916;29;;;9911.0;0.0
yf_MKC_d1;43000;INTARIAN_PEPPER_ROOT;11123;13;11119;19;;;11137;12;11139;26;;;11130.0;0.0
yf_MKC_d1;43100;ASH_COATED_OSMIUM;9903;6;9901;12;;;9920;14;9924;24;;;9911.5;0.0
yf_MKC_d1;43100;INTARIAN_PEPPER_ROOT;11117;18;11113;13;;;11141;17;11144;15;;;11129.0;0.0
yf_MKC_d1;43200;ASH_COATED_OSMIUM;9907;15;9905;20;;;9915;11;9918;25;;;9911.0;0.0
yf_MKC_d1;43200;INTARIAN_PEPPER_ROOT;11126;21;11124;27;;;11132;15;11136;19;;;11129.0;0.0
yf_MKC_d1;43300;ASH_COATED_OSMIUM;9909;5;9906;20;;;9915;12;9919;16;;;9912.0;0.0
yf_MKC_d1;43300;INTARIAN_PEPPER_ROOT;11126;7;11123;24;;;11132;14;11135;20;;;11129.0;0.0
yf_MKC_d1;43400;ASH_COATED_OSMIUM;9907;20;9905;16;;;9915;19;9918;25;;;9911.0;0.0
yf_MKC_d1;43400;INTARIAN_PEPPER_ROOT;11122;15;11120;19;;;11134;17;11137;12;;;11128.0;0.0
yf_MKC_d1;43500;ASH_COATED_OSMIUM;9908;20;9905;19;;;9914;20;9916;27;;;9911.0;0.0
yf_MKC_d1;43500;INTARIAN_PEPPER_ROOT;11124;15;11120;26;;;11130;13;11133;17;;;11127.0;0.0
yf_MKC_d1;43600;ASH_COATED_OSMIUM;9908;24;9906;17;;;9914;13;9918;14;;;9911.0;0.0
yf_MKC_d1;43600;INTARIAN_PEPPER_ROOT;11120;21;11117;15;;;11133;17;11136;27;;;11126.5;0.0
yf_MKC_d1;43700;ASH_COATED_OSMIUM;9905;10;9902;22;;;9916;11;9918;8;;;9910.5;0.0
yf_MKC_d1;43700;INTARIAN_PEPPER_ROOT;11124;15;11122;22;;;11130;19;11134;27;;;11127.0;0.0
yf_MKC_d1;43800;ASH_COATED_OSMIUM;9902;15;9898;20;;;9922;7;9925;18;;;9912.0;0.0
yf_MKC_d1;43800;INTARIAN_PEPPER_ROOT;11123;16;11121;26;;;11129;10;11132;19;;;11126.0;0.0
yf_MKC_d1;43900;ASH_COATED_OSMIUM;9906;20;9903;19;;;9918;7;9920;24;;;9912.0;0.0
yf_MKC_d1;43900;INTARIAN_PEPPER_ROOT;11122;17;11118;14;;;11128;18;11132;20;;;11125.0;0.0
yf_MKC_d1;44000;ASH_COATED_OSMIUM;9908;17;9904;22;;;9915;17;9917;18;;;9911.5;0.0
yf_MKC_d1;44000;INTARIAN_PEPPER_ROOT;11120;8;11117;16;;;11130;18;11133;21;;;11125.0;0.0
yf_MKC_d1;44100;ASH_COATED_OSMIUM;9908;16;9905;29;;;9914;16;9918;26;;;9911.0;0.0
yf_MKC_d1;44100;INTARIAN_PEPPER_ROOT;11121;20;11119;14;;;11127;23;11129;26;;;11124.0;0.0
yf_MKC_d1;44200;ASH_COATED_OSMIUM;9908;12;9905;23;;;9914;8;9917;17;;;9911.0;0.0
yf_MKC_d1;44200;INTARIAN_PEPPER_ROOT;11115;9;11112;18;;;11132;17;11136;10;;;11123.5;0.0
yf_MKC_d1;44300;ASH_COATED_OSMIUM;9906;14;9902;22;;;9917;16;9921;26;;;9911.5;0.0
yf_MKC_d1;44300;INTARIAN_PEPPER_ROOT;11121;17;11117;13;;;11127;21;11131;8;;;11124.0;0.0
yf_MKC_d1;44400;ASH_COATED_OSMIUM;9908;11;9905;11;;;9914;14;9918;21;;;9911.0;0.0
yf_MKC_d1;44400;INTARIAN_PEPPER_ROOT;11120;17;11118;26;;;11127;16;11130;15;;;11123.5;0.0
yf_MKC_d1;44500;ASH_COATED_OSMIUM;9908;14;9905;19;;;9914;8;9916;14;;;9911.0;0.0
yf_MKC_d1;44500;INTARIAN_PEPPER_ROOT;11115;7;11113;23;;;11129;17;11132;18;;;11122.0;0.0
yf_MKC_d1;44600;ASH_COATED_OSMIUM;9908;13;9905;27;;;9914;8;9918;28;;;9911.0;0.0
yf_MKC_d1;44600;INTARIAN_PEPPER_ROOT;11116;21;11114;23;;;11129;14;11133;19;;;11122.5;0.0
yf_MKC_d1;44700;ASH_COATED_OSMIUM;9906;11;9902;26;;;9915;20;9918;13;;;9910.5;0.0
yf_MKC_d1;44700;INTARIAN_PEPPER_ROOT;11119;7;11115;26;;;11125;15;11128;18;;;11122.0;0.0
yf_MKC_d1;44800;ASH_COATED_OSMIUM;9908;22;9906;18;;;9914;9;9917;16;;;9911.0;0.0
yf_MKC_d1;44800;INTARIAN_PEPPER_ROOT;11118;16;11115;13;;;11124;13;11127;14;;;11121.0;0.0
yf_MKC_d1;44900;ASH_COATED_OSMIUM;9907;15;9905;25;;;9913;9;9916;12;;;9910.0;0.0
yf_MKC_d1;44900;INTARIAN_PEPPER_ROOT;11118;21;11114;10;;;11124;16;11128;20;;;11121.0;0.0
yf_MKC_d1;45000;ASH_COATED_OSMIUM;9906;5;9903;18;;;9916;12;9918;16;;;9911.0;0.0
yf_MKC_d1;45000;INTARIAN_PEPPER_ROOT;11117;17;11115;20;;;11123;14;11127;16;;;11120.0;0.0
yf_MKC_d1;45100;ASH_COATED_OSMIUM;9908;24;9905;17;;;9914;20;9918;17;;;9911.0;0.0
yf_MKC_d1;45100;INTARIAN_PEPPER_ROOT;11110;19;11108;10;;;11129;27;11132;14;;;11119.5;0.0
yf_MKC_d1;45200;ASH_COATED_OSMIUM;9907;8;9905;21;;;9913;11;9915;14;;;9910.0;0.0
yf_MKC_d1;45200;INTARIAN_PEPPER_ROOT;11116;7;11112;14;;;11122;5;11125;24;;;11119.0;0.0
yf_MKC_d1;45300;ASH_COATED_OSMIUM;9908;25;9905;23;;;9914;13;9916;18;;;9911.0;0.0
yf_MKC_d1;45300;INTARIAN_PEPPER_ROOT;11111;19;11107;22;;;11127;21;11130;14;;;11119.0;0.0
yf_MKC_d1;45400;ASH_COATED_OSMIUM;9906;12;9904;17;;;9916;14;9920;28;;;9911.0;0.0
yf_MKC_d1;45400;INTARIAN_PEPPER_ROOT;11115;12;11111;16;;;11121;21;11124;20;;;11118.0;0.0
yf_MKC_d1;45500;ASH_COATED_OSMIUM;9908;17;9905;16;;;9914;17;9918;23;;;9911.0;0.0
yf_MKC_d1;45500;INTARIAN_PEPPER_ROOT;11115;9;11113;15;;;11121;28;11125;15;;;11118.0;0.0
yf_MKC_d1;45600;ASH_COATED_OSMIUM;9908;16;9906;18;;;9914;21;9918;21;;;9911.0;0.0
yf_MKC_d1;45600;INTARIAN_PEPPER_ROOT;11114;20;11111;21;;;11120;13;11123;15;;;11117.0;0.0
yf_MKC_d1;45700;ASH_COATED_OSMIUM;9901;13;9897;12;;;9921;8;9924;19;;;9911.0;0.0
yf_MKC_d1;45700;INTARIAN_PEPPER_ROOT;11113;13;11111;20;;;11119;22;11122;16;;;11116.0;0.0
yf_MKC_d1;45800;ASH_COATED_OSMIUM;9908;11;9905;20;;;9914;17;9918;21;;;9911.0;0.0
yf_MKC_d1;45800;INTARIAN_PEPPER_ROOT;11113;19;11111;17;;;11121;19;11125;19;;;11117.0;0.0
yf_MKC_d1;45900;ASH_COATED_OSMIUM;9908;15;9905;23;;;9914;16;9917;18;;;9911.0;0.0
yf_MKC_d1;45900;INTARIAN_PEPPER_ROOT;11110;24;11106;18;;;11122;17;11124;12;;;11116.0;0.0
yf_MKC_d1;46000;ASH_COATED_OSMIUM;9908;14;9904;16;;;9914;8;9916;30;;;9911.0;0.0
yf_MKC_d1;46000;INTARIAN_PEPPER_ROOT;11108;16;11105;22;;;11122;24;11126;21;;;11115.0;0.0
yf_MKC_d1;46100;ASH_COATED_OSMIUM;9907;18;9904;13;;;9913;9;9917;18;;;9910.0;0.0
yf_MKC_d1;46100;INTARIAN_PEPPER_ROOT;11111;19;11109;27;;;11120;11;11124;22;;;11115.5;0.0
yf_MKC_d1;46200;ASH_COATED_OSMIUM;9908;10;9904;20;;;9914;15;9918;10;;;9911.0;0.0
yf_MKC_d1;46200;INTARIAN_PEPPER_ROOT;11104;24;11101;20;;;11125;11;11129;15;;;11114.5;0.0
yf_MKC_d1;46300;ASH_COATED_OSMIUM;9908;18;9905;20;;;9914;14;9916;28;;;9911.0;0.0
yf_MKC_d1;46300;INTARIAN_PEPPER_ROOT;11111;17;11108;18;;;11117;26;11120;20;;;11114.0;0.0
yf_MKC_d1;46400;ASH_COATED_OSMIUM;9907;18;9905;14;;;9913;9;9916;21;;;9910.0;0.0
yf_MKC_d1;46400;INTARIAN_PEPPER_ROOT;11110;17;11108;16;;;11116;9;11119;14;;;11113.0;0.0
yf_MKC_d1;46500;ASH_COATED_OSMIUM;9908;19;9905;22;;;9914;12;9918;14;;;9911.0;0.0
yf_MKC_d1;46500;INTARIAN_PEPPER_ROOT;11107;20;11104;23;;;11120;12;11122;20;;;11113.5;0.0
yf_MKC_d1;46600;ASH_COATED_OSMIUM;9898;18;9895;23;;;9923;14;9926;32;;;9910.5;0.0
yf_MKC_d1;46600;INTARIAN_PEPPER_ROOT;11107;11;11105;22;;;11117;9;11119;19;;;11112.0;0.0
yf_MKC_d1;46700;ASH_COATED_OSMIUM;9908;7;9904;22;;;9914;15;9916;25;;;9911.0;0.0
yf_MKC_d1;46700;INTARIAN_PEPPER_ROOT;11109;13;11105;21;;;11115;11;11119;22;;;11112.0;0.0
yf_MKC_d1;46800;ASH_COATED_OSMIUM;9902;11;9898;21;;;9918;11;9920;31;;;9910.0;0.0
yf_MKC_d1;46800;INTARIAN_PEPPER_ROOT;11091;14;11087;25;;;11130;17;11132;21;;;11110.5;0.0
yf_MKC_d1;46900;ASH_COATED_OSMIUM;9906;26;9903;24;;;9914;12;9917;19;;;9910.0;0.0
yf_MKC_d1;46900;INTARIAN_PEPPER_ROOT;11106;12;11104;17;;;11115;16;11118;8;;;11110.5;0.0
yf_MKC_d1;47000;ASH_COATED_OSMIUM;9902;13;9898;22;;;9919;7;9922;17;;;9910.5;0.0
yf_MKC_d1;47000;INTARIAN_PEPPER_ROOT;11107;5;11103;12;;;11113;18;11117;23;;;11110.0;0.0
yf_MKC_d1;47100;ASH_COATED_OSMIUM;9908;21;9905;19;;;9914;12;9917;18;;;9911.0;0.0
yf_MKC_d1;47100;INTARIAN_PEPPER_ROOT;11101;23;11097;22;;;11120;5;11123;22;;;11110.5;0.0
yf_MKC_d1;47200;ASH_COATED_OSMIUM;9907;25;9903;30;;;9913;21;9916;16;;;9910.0;0.0
yf_MKC_d1;47200;INTARIAN_PEPPER_ROOT;11105;6;11102;20;;;11113;17;11117;18;;;11109.0;0.0
yf_MKC_d1;47300;ASH_COATED_OSMIUM;9907;18;9905;18;;;9913;10;9917;19;;;9910.0;0.0
yf_MKC_d1;47300;INTARIAN_PEPPER_ROOT;11104;11;11101;25;;;11115;17;11118;20;;;11109.5;0.0
yf_MKC_d1;47400;ASH_COATED_OSMIUM;9904;23;9901;23;;;9915;14;9919;23;;;9909.5;0.0
yf_MKC_d1;47400;INTARIAN_PEPPER_ROOT;11105;16;11102;24;;;11111;11;11114;17;;;11108.0;0.0
yf_MKC_d1;47500;ASH_COATED_OSMIUM;9907;21;9903;15;;;9913;20;9916;32;;;9910.0;0.0
yf_MKC_d1;47500;INTARIAN_PEPPER_ROOT;11104;21;11102;16;;;11110;8;11113;26;;;11107.0;0.0
yf_MKC_d1;47600;ASH_COATED_OSMIUM;9906;13;9903;23;;;9914;11;9916;20;;;9910.0;0.0
yf_MKC_d1;47600;INTARIAN_PEPPER_ROOT;11105;22;11103;24;;;11111;13;11115;26;;;11108.0;0.0
yf_MKC_d1;47700;ASH_COATED_OSMIUM;9907;19;9905;28;;;9913;14;9915;17;;;9910.0;0.0
yf_MKC_d1;47700;INTARIAN_PEPPER_ROOT;11097;5;11093;20;;;11117;16;11119;13;;;11107.0;0.0
yf_MKC_d1;47800;ASH_COATED_OSMIUM;9907;25;9903;16;;;9913;16;9915;14;;;9910.0;0.0
yf_MKC_d1;47800;INTARIAN_PEPPER_ROOT;11103;19;11101;16;;;11109;13;11113;17;;;11106.0;0.0
yf_MKC_d1;47900;ASH_COATED_OSMIUM;9907;15;9903;16;;;9913;19;9917;15;;;9910.0;0.0
yf_MKC_d1;47900;INTARIAN_PEPPER_ROOT;11102;13;11100;19;;;11111;24;11113;18;;;11106.5;0.0
yf_MKC_d1;48000;ASH_COATED_OSMIUM;9907;9;9903;22;;;9913;11;9916;20;;;9910.0;0.0
yf_MKC_d1;48000;INTARIAN_PEPPER_ROOT;11102;15;11099;20;;;11108;16;11112;16;;;11105.0;0.0
yf_MKC_d1;48100;ASH_COATED_OSMIUM;9907;15;9904;18;;;9914;16;9917;17;;;9910.5;0.0
yf_MKC_d1;48100;INTARIAN_PEPPER_ROOT;11102;7;11099;12;;;11108;17;11112;10;;;11105.0;0.0
yf_MKC_d1;48200;ASH_COATED_OSMIUM;9905;17;9903;17;;;9916;12;9920;16;;;9910.5;0.0
yf_MKC_d1;48200;INTARIAN_PEPPER_ROOT;11102;18;11100;17;;;11108;15;11112;29;;;11105.0;0.0
yf_MKC_d1;48300;ASH_COATED_OSMIUM;9905;11;9903;24;;;9915;17;9918;16;;;9910.0;0.0
yf_MKC_d1;48300;INTARIAN_PEPPER_ROOT;11092;11;11090;8;;;11117;20;11120;22;;;11104.5;0.0
yf_MKC_d1;48400;ASH_COATED_OSMIUM;9907;24;9905;23;;;9914;19;9918;19;;;9910.5;0.0
yf_MKC_d1;48400;INTARIAN_PEPPER_ROOT;11099;6;11097;19;;;11107;11;11109;15;;;11103.0;0.0
yf_MKC_d1;48500;ASH_COATED_OSMIUM;9907;18;9905;19;;;9913;7;9915;11;;;9910.0;0.0
yf_MKC_d1;48500;INTARIAN_PEPPER_ROOT;11099;10;11096;17;;;11106;18;11108;21;;;11102.5;0.0
yf_MKC_d1;48600;ASH_COATED_OSMIUM;9902;16;9899;9;;;9918;20;9921;26;;;9910.0;0.0
yf_MKC_d1;48600;INTARIAN_PEPPER_ROOT;11100;17;11098;13;;;11106;13;11109;27;;;11103.0;0.0
yf_MKC_d1;48700;ASH_COATED_OSMIUM;9904;17;9900;23;;;9916;17;9918;15;;;9910.0;0.0
yf_MKC_d1;48700;INTARIAN_PEPPER_ROOT;11097;7;11095;25;;;11108;27;11112;19;;;11102.5;0.0
yf_MKC_d1;48800;ASH_COATED_OSMIUM;9907;9;9904;21;;;9913;15;9917;13;;;9910.0;0.0
yf_MKC_d1;48800;INTARIAN_PEPPER_ROOT;11088;23;11086;15;;;11117;10;11121;20;;;11102.5;0.0
yf_MKC_d1;48900;ASH_COATED_OSMIUM;9907;18;9905;17;;;9913;8;9917;18;;;9910.0;0.0
yf_MKC_d1;48900;INTARIAN_PEPPER_ROOT;11098;12;11095;23;;;11106;11;11110;21;;;11102.0;0.0
yf_MKC_d1;49000;ASH_COATED_OSMIUM;9899;17;9895;11;;;9920;18;9924;21;;;9909.5;0.0
yf_MKC_d1;49000;INTARIAN_PEPPER_ROOT;11098;11;11094;22;;;11104;17;11107;27;;;11101.0;0.0
yf_MKC_d1;49100;ASH_COATED_OSMIUM;9904;16;9901;13;;;9916;7;9920;27;;;9910.0;0.0
yf_MKC_d1;49100;INTARIAN_PEPPER_ROOT;11097;8;11093;20;;;11103;19;11105;16;;;11100.0;0.0
yf_MKC_d1;49200;ASH_COATED_OSMIUM;9904;30;9901;12;;;9915;9;9919;20;;;9909.5;0.0
yf_MKC_d1;49200;INTARIAN_PEPPER_ROOT;11097;17;11095;19;;;11103;15;11106;21;;;11100.0;0.0
yf_MKC_d1;49300;ASH_COATED_OSMIUM;9901;7;9897;13;;;9917;21;9920;16;;;9909.0;0.0
yf_MKC_d1;49300;INTARIAN_PEPPER_ROOT;11096;16;11092;15;;;11102;23;11106;26;;;11099.0;0.0
yf_MKC_d1;49400;ASH_COATED_OSMIUM;9907;14;9903;27;;;9913;14;9917;17;;;9910.0;0.0
yf_MKC_d1;49400;INTARIAN_PEPPER_ROOT;11094;23;11092;17;;;11103;21;11106;16;;;11098.5;0.0
yf_MKC_d1;49500;ASH_COATED_OSMIUM;9907;16;9905;24;;;9913;19;9917;26;;;9910.0;0.0
yf_MKC_d1;49500;INTARIAN_PEPPER_ROOT;11095;19;11092;17;;;11101;9;11103;23;;;11098.0;0.0
yf_MKC_d1;49600;ASH_COATED_OSMIUM;9904;21;9902;22;;;9914;16;9918;18;;;9909.0;0.0
yf_MKC_d1;49600;INTARIAN_PEPPER_ROOT;11089;15;11087;23;;;11107;16;11111;23;;;11098.0;0.0
yf_MKC_d1;49700;ASH_COATED_OSMIUM;9907;12;9904;22;;;9913;18;9915;22;;;9910.0;0.0
yf_MKC_d1;49700;INTARIAN_PEPPER_ROOT;11089;13;11085;16;;;11106;14;11109;26;;;11097.5;0.0
yf_MKC_d1;49800;ASH_COATED_OSMIUM;9906;23;9902;14;;;9914;6;9916;26;;;9910.0;0.0
yf_MKC_d1;49800;INTARIAN_PEPPER_ROOT;11090;13;11086;21;;;11103;24;11107;10;;;11096.5;0.0
yf_MKC_d1;49900;ASH_COATED_OSMIUM;9901;21;9898;30;;;9919;15;9922;22;;;9910.0;0.0
yf_MKC_d1;49900;INTARIAN_PEPPER_ROOT;11093;19;11090;11;;;11099;23;11101;19;;;11096.0;0.0
yf_MKC_d1;50000;ASH_COATED_OSMIUM;9904;18;9901;17;;;9916;15;9919;20;;;9910.0;0.0
yf_MKC_d1;50000;INTARIAN_PEPPER_ROOT;11093;12;11091;20;;;11099;8;11103;22;;;11096.0;0.0
yf_MKC_d1;50100;ASH_COATED_OSMIUM;9900;23;9896;18;;;9919;10;9921;20;;;9909.5;0.0
yf_MKC_d1;50100;INTARIAN_PEPPER_ROOT;11086;8;11082;14;;;11105;15;11109;22;;;11095.5;0.0
yf_MKC_d1;50200;ASH_COATED_OSMIUM;9906;25;9903;9;;;9912;17;9916;20;;;9909.0;0.0
yf_MKC_d1;50200;INTARIAN_PEPPER_ROOT;11091;18;11087;22;;;11099;16;11102;21;;;11095.0;0.0
yf_MKC_d1;50300;ASH_COATED_OSMIUM;9906;18;9903;19;;;9913;5;9916;16;;;9909.5;0.0
yf_MKC_d1;50300;INTARIAN_PEPPER_ROOT;11075;16;11072;25;;;11114;9;11117;17;;;11094.5;0.0
yf_MKC_d1;50400;ASH_COATED_OSMIUM;9907;12;9904;19;;;9913;11;9917;31;;;9910.0;0.0
yf_MKC_d1;50400;INTARIAN_PEPPER_ROOT;11087;12;11084;23;;;11102;20;11105;15;;;11094.5;0.0
yf_MKC_d1;50500;ASH_COATED_OSMIUM;9907;14;9903;24;;;9913;12;9917;26;;;9910.0;0.0
yf_MKC_d1;50500;INTARIAN_PEPPER_ROOT;11089;13;11085;23;;;11098;6;11101;16;;;11093.5;0.0
yf_MKC_d1;50600;ASH_COATED_OSMIUM;9905;7;9901;24;;;9914;19;9916;21;;;9909.5;0.0
yf_MKC_d1;50600;INTARIAN_PEPPER_ROOT;11090;18;11086;24;;;11096;11;11100;23;;;11093.0;0.0
yf_MKC_d1;50700;ASH_COATED_OSMIUM;9906;12;9902;16;;;9912;10;9916;20;;;9909.0;0.0
yf_MKC_d1;50700;INTARIAN_PEPPER_ROOT;11090;9;11087;20;;;11096;9;11098;19;;;11093.0;0.0
yf_MKC_d1;50800;ASH_COATED_OSMIUM;9907;19;9903;20;;;9913;15;9917;25;;;9910.0;0.0
yf_MKC_d1;50800;INTARIAN_PEPPER_ROOT;11089;9;11087;25;;;11095;20;11097;26;;;11092.0;0.0
yf_MKC_d1;50900;ASH_COATED_OSMIUM;9897;20;9893;28;;;9922;14;9925;26;;;9909.5;0.0
yf_MKC_d1;50900;INTARIAN_PEPPER_ROOT;11085;14;11083;24;;;11093;14;11095;16;;;11089.0;0.0
yf_MKC_d1;51000;ASH_COATED_OSMIUM;9899;6;9897;16;;;9921;8;9924;19;;;9910.0;0.0
yf_MKC_d1;51000;INTARIAN_PEPPER_ROOT;11082;15;11079;23;;;11088;14;11092;17;;;11085.0;0.0
yf_MKC_d1;51100;ASH_COATED_OSMIUM;9907;23;9905;14;;;9913;13;9916;15;;;9910.0;0.0
yf_MKC_d1;51100;INTARIAN_PEPPER_ROOT;11077;11;11074;18;;;11083;12;11086;22;;;11080.0;0.0
yf_MKC_d1;51200;ASH_COATED_OSMIUM;9906;6;9903;19;;;9912;16;9915;28;;;9909.0;0.0
yf_MKC_d1;51200;INTARIAN_PEPPER_ROOT;11070;15;11067;18;;;11080;15;11082;17;;;11075.0;0.0
yf_MKC_d1;51300;ASH_COATED_OSMIUM;9906;19;9902;23;;;9912;11;9914;18;;;9909.0;0.0
yf_MKC_d1;51300;INTARIAN_PEPPER_ROOT;11068;19;11065;11;;;11074;22;11076;16;;;11071.0;0.0
yf_MKC_d1;51400;ASH_COATED_OSMIUM;9906;12;9902;21;;;9912;6;9914;22;;;9909.0;0.0
yf_MKC_d1;51400;INTARIAN_PEPPER_ROOT;11063;18;11061;25;;;11069;11;11072;20;;;11066.0;0.0
yf_MKC_d1;51500;ASH_COATED_OSMIUM;9904;17;9900;15;;;9914;9;9917;26;;;9909.0;0.0
yf_MKC_d1;51500;INTARIAN_PEPPER_ROOT;11057;19;11054;13;;;11066;18;11070;21;;;11061.5;0.0
yf_MKC_d1;51600;ASH_COATED_OSMIUM;9907;17;9904;19;;;9913;11;9915;18;;;9910.0;0.0
yf_MKC_d1;51600;INTARIAN_PEPPER_ROOT;11054;9;11050;18;;;11060;24;11063;16;;;11057.0;0.0
yf_MKC_d1;51700;ASH_COATED_OSMIUM;9907;8;9903;28;;;9913;13;9917;15;;;9910.0;0.0
yf_MKC_d1;51700;INTARIAN_PEPPER_ROOT;11047;5;11044;27;;;11058;24;11061;19;;;11052.5;0.0
yf_MKC_d1;51800;ASH_COATED_OSMIUM;9906;16;9903;26;;;9912;13;9916;8;;;9909.0;0.0
yf_MKC_d1;51800;INTARIAN_PEPPER_ROOT;11036;23;11032;20;;;11058;19;11062;14;;;11047.0;0.0
yf_MKC_d1;51900;ASH_COATED_OSMIUM;9907;15;9905;15;;;9913;14;9916;16;;;9910.0;0.0
yf_MKC_d1;51900;INTARIAN_PEPPER_ROOT;11039;27;11035;18;;;11047;13;11051;13;;;11043.0;0.0
yf_MKC_d1;52000;ASH_COATED_OSMIUM;9906;17;9903;12;;;9912;15;9914;22;;;9909.0;0.0
yf_MKC_d1;52000;INTARIAN_PEPPER_ROOT;11034;17;11031;19;;;11042;10;11044;25;;;11038.0;0.0
yf_MKC_d1;52100;ASH_COATED_OSMIUM;9906;12;9902;34;;;9912;11;9916;10;;;9909.0;0.0
yf_MKC_d1;52100;INTARIAN_PEPPER_ROOT;11031;11;11028;18;;;11037;10;11041;21;;;11034.0;0.0
yf_MKC_d1;52200;ASH_COATED_OSMIUM;9906;22;9902;22;;;9912;15;9915;21;;;9909.0;0.0
yf_MKC_d1;52200;INTARIAN_PEPPER_ROOT;11026;12;11023;17;;;11033;23;11035;8;;;11029.5;0.0
yf_MKC_d1;52300;ASH_COATED_OSMIUM;9906;20;9904;16;;;9912;13;9914;20;;;9909.0;0.0
yf_MKC_d1;52300;INTARIAN_PEPPER_ROOT;11018;15;11015;18;;;11031;12;11035;22;;;11024.5;0.0
yf_MKC_d1;52400;ASH_COATED_OSMIUM;9904;9;9902;32;;;9914;12;9917;10;;;9909.0;0.0
yf_MKC_d1;52400;INTARIAN_PEPPER_ROOT;11017;9;11015;18;;;11023;16;11027;12;;;11020.0;0.0
yf_MKC_d1;52500;ASH_COATED_OSMIUM;9906;10;9902;16;;;9912;7;9916;22;;;9909.0;0.0
yf_MKC_d1;52500;INTARIAN_PEPPER_ROOT;11013;16;11009;9;;;11019;16;11022;10;;;11016.0;0.0
yf_MKC_d1;52600;ASH_COATED_OSMIUM;9900;8;9897;20;;;9917;15;9921;24;;;9908.5;0.0
yf_MKC_d1;52600;INTARIAN_PEPPER_ROOT;11004;14;11000;17;;;11019;17;11023;18;;;11011.5;0.0
yf_MKC_d1;52700;ASH_COATED_OSMIUM;9907;12;9905;13;;;9913;16;9917;20;;;9910.0;0.0
yf_MKC_d1;52700;INTARIAN_PEPPER_ROOT;11003;15;11000;16;;;11009;18;11011;20;;;11006.0;0.0
yf_MKC_d1;52800;ASH_COATED_OSMIUM;9900;16;9896;11;;;9918;9;9922;11;;;9909.0;0.0
yf_MKC_d1;52800;INTARIAN_PEPPER_ROOT;10993;26;10991;22;;;11010;18;11013;20;;;11001.5;0.0
yf_MKC_d1;52900;ASH_COATED_OSMIUM;9905;11;9902;19;;;9914;22;9916;14;;;9909.5;0.0
yf_MKC_d1;52900;INTARIAN_PEPPER_ROOT;10994;11;10991;30;;;11000;18;11002;17;;;10997.0;0.0
yf_MKC_d1;53000;ASH_COATED_OSMIUM;9900;5;9898;15;;;9918;20;9920;13;;;9909.0;0.0
yf_MKC_d1;53000;INTARIAN_PEPPER_ROOT;10989;14;10987;21;;;10995;17;10999;22;;;10992.0;0.0
yf_MKC_d1;53100;ASH_COATED_OSMIUM;9906;16;9903;18;;;9912;15;9914;18;;;9909.0;0.0
yf_MKC_d1;53100;INTARIAN_PEPPER_ROOT;10984;14;10980;9;;;10990;11;10992;21;;;10987.0;0.0
yf_MKC_d1;53200;ASH_COATED_OSMIUM;9906;17;9903;14;;;9913;15;9916;18;;;9909.5;0.0
yf_MKC_d1;53200;INTARIAN_PEPPER_ROOT;10979;12;10977;23;;;10985;12;10988;28;;;10982.0;0.0
yf_MKC_d1;53300;ASH_COATED_OSMIUM;9906;16;9902;21;;;9912;15;9916;10;;;9909.0;0.0
yf_MKC_d1;53300;INTARIAN_PEPPER_ROOT;10971;21;10967;20;;;10987;16;10990;13;;;10979.0;0.0
yf_MKC_d1;53400;ASH_COATED_OSMIUM;9906;21;9904;19;;;9912;14;9914;13;;;9909.0;0.0
yf_MKC_d1;53400;INTARIAN_PEPPER_ROOT;10971;19;10969;17;;;10977;18;10981;25;;;10974.0;0.0
yf_MKC_d1;53500;ASH_COATED_OSMIUM;9906;11;9902;18;;;9912;11;9915;22;;;9909.0;0.0
yf_MKC_d1;53500;INTARIAN_PEPPER_ROOT;10966;6;10964;22;;;10972;13;10974;35;;;10969.0;0.0
yf_MKC_d1;53600;ASH_COATED_OSMIUM;9900;21;9897;18;;;9916;19;9918;21;;;9908.0;0.0
yf_MKC_d1;53600;INTARIAN_PEPPER_ROOT;10959;11;10957;19;;;10969;18;10972;17;;;10964.0;0.0
yf_MKC_d1;53700;ASH_COATED_OSMIUM;9906;15;9903;24;;;9912;24;9915;24;;;9909.0;0.0
yf_MKC_d1;53700;INTARIAN_PEPPER_ROOT;10957;18;10954;14;;;10963;7;10966;21;;;10960.0;0.0
yf_MKC_d1;53800;ASH_COATED_OSMIUM;9904;15;9901;24;;;9913;12;9916;15;;;9908.5;0.0
yf_MKC_d1;53800;INTARIAN_PEPPER_ROOT;10948;28;10946;24;;;10963;22;10966;22;;;10955.5;0.0
yf_MKC_d1;53900;ASH_COATED_OSMIUM;9905;5;9902;28;;;9913;13;9916;22;;;9909.0;0.0
yf_MKC_d1;53900;INTARIAN_PEPPER_ROOT;10947;18;10945;21;;;10953;11;10956;20;;;10950.0;0.0
yf_MKC_d1;54000;ASH_COATED_OSMIUM;9906;5;9904;14;;;9912;17;9916;9;;;9909.0;0.0
yf_MKC_d1;54000;INTARIAN_PEPPER_ROOT;10943;20;10941;27;;;10949;24;10953;28;;;10946.0;0.0
yf_MKC_d1;54100;ASH_COATED_OSMIUM;9905;17;9902;17;;;9911;9;9915;20;;;9908.0;0.0
yf_MKC_d1;54100;INTARIAN_PEPPER_ROOT;10939;11;10935;22;;;10945;17;10948;16;;;10942.0;0.0
yf_MKC_d1;54200;ASH_COATED_OSMIUM;9905;9;9901;22;;;9911;22;9915;25;;;9908.0;0.0
yf_MKC_d1;54200;INTARIAN_PEPPER_ROOT;10930;18;10927;9;;;10944;18;10947;24;;;10937.0;0.0
yf_MKC_d1;54300;ASH_COATED_OSMIUM;9901;13;9899;22;;;9915;10;9917;17;;;9908.0;0.0
yf_MKC_d1;54300;INTARIAN_PEPPER_ROOT;10920;10;10918;16;;;10945;19;10947;25;;;10932.5;0.0
yf_MKC_d1;54400;ASH_COATED_OSMIUM;9906;17;9903;27;;;9912;19;9914;11;;;9909.0;0.0
yf_MKC_d1;54400;INTARIAN_PEPPER_ROOT;10922;16;10920;15;;;10932;13;10936;14;;;10927.0;0.0
yf_MKC_d1;54500;ASH_COATED_OSMIUM;9903;6;9899;12;;;9914;13;9916;16;;;9908.5;0.0
yf_MKC_d1;54500;INTARIAN_PEPPER_ROOT;10920;29;10918;19;;;10926;15;10929;22;;;10923.0;0.0
yf_MKC_d1;54600;ASH_COATED_OSMIUM;9901;12;9899;19;;;9916;10;9920;22;;;9908.5;0.0
yf_MKC_d1;54600;INTARIAN_PEPPER_ROOT;10915;19;10913;29;;;10922;11;10924;11;;;10918.5;0.0
yf_MKC_d1;54700;ASH_COATED_OSMIUM;9905;10;9902;22;;;9911;16;9914;20;;;9908.0;0.0
yf_MKC_d1;54700;INTARIAN_PEPPER_ROOT;10910;5;10908;19;;;10916;9;10918;26;;;10913.0;0.0
yf_MKC_d1;54800;ASH_COATED_OSMIUM;9905;16;9903;9;;;9911;16;9915;23;;;9908.0;0.0
yf_MKC_d1;54800;INTARIAN_PEPPER_ROOT;10906;6;10904;22;;;10912;23;10915;15;;;10909.0;0.0
yf_MKC_d1;54900;ASH_COATED_OSMIUM;9906;16;9903;20;;;9912;13;9916;21;;;9909.0;0.0
yf_MKC_d1;54900;INTARIAN_PEPPER_ROOT;10901;10;10898;22;;;10907;17;10911;23;;;10904.0;0.0
yf_MKC_d1;55000;ASH_COATED_OSMIUM;9905;16;9903;24;;;9913;14;9917;24;;;9909.0;0.0
yf_MKC_d1;55000;INTARIAN_PEPPER_ROOT;10895;15;10891;25;;;10905;17;10908;22;;;10900.0;0.0
yf_MKC_d1;55100;ASH_COATED_OSMIUM;9905;16;9902;23;;;9911;13;9914;25;;;9908.0;0.0
yf_MKC_d1;55100;INTARIAN_PEPPER_ROOT;10892;14;10889;15;;;10898;15;10901;23;;;10895.0;0.0
yf_MKC_d1;55200;ASH_COATED_OSMIUM;9905;18;9903;26;;;9911;20;9915;18;;;9908.0;0.0
yf_MKC_d1;55200;INTARIAN_PEPPER_ROOT;10888;23;10885;25;;;10894;8;10896;23;;;10891.0;0.0
yf_MKC_d1;55300;ASH_COATED_OSMIUM;9905;11;9903;30;;;9911;15;9913;21;;;9908.0;0.0
yf_MKC_d1;55300;INTARIAN_PEPPER_ROOT;10881;28;10879;13;;;10891;13;10893;19;;;10886.0;0.0
yf_MKC_d1;55400;ASH_COATED_OSMIUM;9903;15;9901;15;;;9914;10;9918;25;;;9908.5;0.0
yf_MKC_d1;55400;INTARIAN_PEPPER_ROOT;10878;17;10875;20;;;10884;14;10888;16;;;10881.0;0.0
yf_MKC_d1;55500;ASH_COATED_OSMIUM;9905;15;9903;29;;;9913;6;9916;12;;;9909.0;0.0
yf_MKC_d1;55500;INTARIAN_PEPPER_ROOT;10867;15;10864;12;;;10887;15;10891;29;;;10877.0;0.0
yf_MKC_d1;55600;ASH_COATED_OSMIUM;9905;14;9901;14;;;9913;19;9916;21;;;9909.0;0.0
yf_MKC_d1;55600;INTARIAN_PEPPER_ROOT;10868;6;10866;21;;;10874;18;10878;17;;;10871.0;0.0
yf_MKC_d1;55700;ASH_COATED_OSMIUM;9905;10;9902;18;;;9911;11;9915;10;;;9908.0;0.0
yf_MKC_d1;55700;INTARIAN_PEPPER_ROOT;10864;18;10860;22;;;10870;9;10872;21;;;10867.0;0.0
yf_MKC_d1;55800;ASH_COATED_OSMIUM;9905;15;9901;18;;;9911;15;9915;18;;;9908.0;0.0
yf_MKC_d1;55800;INTARIAN_PEPPER_ROOT;10860;20;10858;20;;;10866;7;10869;25;;;10863.0;0.0
yf_MKC_d1;55900;ASH_COATED_OSMIUM;9905;14;9903;13;;;9911;15;9913;21;;;9908.0;0.0
yf_MKC_d1;55900;INTARIAN_PEPPER_ROOT;10855;19;10852;8;;;10861;19;10863;22;;;10858.0;0.0
yf_MKC_d1;56000;ASH_COATED_OSMIUM;9906;6;9904;28;;;9912;7;9916;21;;;9909.0;0.0
yf_MKC_d1;56000;INTARIAN_PEPPER_ROOT;10851;16;10848;17;;;10857;22;10861;23;;;10854.0;0.0
yf_MKC_d1;56100;ASH_COATED_OSMIUM;9905;20;9903;24;;;9911;14;9915;25;;;9908.0;0.0
yf_MKC_d1;56100;INTARIAN_PEPPER_ROOT;10843;15;10841;20;;;10856;11;10858;20;;;10849.5;0.0
yf_MKC_d1;56200;ASH_COATED_OSMIUM;9905;16;9903;21;;;9911;8;9914;16;;;9908.0;0.0
yf_MKC_d1;56200;INTARIAN_PEPPER_ROOT;10841;17;10839;21;;;10847;19;10849;13;;;10844.0;0.0
yf_MKC_d1;56300;ASH_COATED_OSMIUM;9906;18;9903;22;;;9912;8;9916;20;;;9909.0;0.0
yf_MKC_d1;56300;INTARIAN_PEPPER_ROOT;10836;18;10834;27;;;10842;9;10844;20;;;10839.0;0.0
yf_MKC_d1;56400;ASH_COATED_OSMIUM;9894;17;9892;21;;;9922;12;9926;22;;;9908.0;0.0
yf_MKC_d1;56400;INTARIAN_PEPPER_ROOT;10832;15;10830;23;;;10838;19;10841;17;;;10835.0;0.0
yf_MKC_d1;56500;ASH_COATED_OSMIUM;9897;5;9894;19;;;9920;14;9924;20;;;9908.5;0.0
yf_MKC_d1;56500;INTARIAN_PEPPER_ROOT;10827;8;10825;19;;;10833;5;10835;25;;;10830.0;0.0
yf_MKC_d1;56600;ASH_COATED_OSMIUM;9906;17;9902;16;;;9912;21;9916;17;;;9909.0;0.0
yf_MKC_d1;56600;INTARIAN_PEPPER_ROOT;10823;10;10819;19;;;10829;13;10833;16;;;10826.0;0.0
yf_MKC_d1;56700;ASH_COATED_OSMIUM;9900;12;9898;13;;;9917;20;9919;27;;;9908.5;0.0
yf_MKC_d1;56700;INTARIAN_PEPPER_ROOT;10818;17;10814;14;;;10824;19;10826;10;;;10821.0;0.0
yf_MKC_d1;56800;ASH_COATED_OSMIUM;9906;16;9902;15;;;9912;22;9914;13;;;9909.0;0.0
yf_MKC_d1;56800;INTARIAN_PEPPER_ROOT;10807;14;10805;12;;;10825;18;10829;25;;;10816.0;0.0
yf_MKC_d1;56900;ASH_COATED_OSMIUM;9906;11;9904;20;;;9912;10;9914;19;;;9909.0;0.0
yf_MKC_d1;56900;INTARIAN_PEPPER_ROOT;10801;11;10799;19;;;10822;14;10826;13;;;10811.5;0.0
yf_MKC_d1;57000;ASH_COATED_OSMIUM;9883;25;9880;24;;;9934;17;9936;16;;;9908.5;0.0
yf_MKC_d1;57000;INTARIAN_PEPPER_ROOT;10804;21;10800;21;;;10812;10;10816;14;;;10808.0;0.0
yf_MKC_d1;57100;ASH_COATED_OSMIUM;9901;16;9897;21;;;9916;17;9918;19;;;9908.5;0.0
yf_MKC_d1;57100;INTARIAN_PEPPER_ROOT;10799;15;10797;23;;;10808;8;10812;15;;;10803.5;0.0
yf_MKC_d1;57200;ASH_COATED_OSMIUM;9904;7;9900;9;;;9912;18;9915;16;;;9908.0;0.0
yf_MKC_d1;57200;INTARIAN_PEPPER_ROOT;10792;15;10790;15;;;10804;14;10806;19;;;10798.0;0.0
yf_MKC_d1;57300;ASH_COATED_OSMIUM;9905;10;9902;23;;;9911;5;9914;19;;;9908.0;0.0
yf_MKC_d1;57300;INTARIAN_PEPPER_ROOT;10782;14;10778;14;;;10804;6;10807;10;;;10793.0;0.0
yf_MKC_d1;57400;ASH_COATED_OSMIUM;9904;20;9901;24;;;9913;16;9916;26;;;9908.5;0.0
yf_MKC_d1;57400;INTARIAN_PEPPER_ROOT;10779;20;10775;19;;;10798;10;10800;23;;;10788.5;0.0
yf_MKC_d1;57500;ASH_COATED_OSMIUM;9905;16;9901;19;;;9911;18;9915;16;;;9908.0;0.0
yf_MKC_d1;57500;INTARIAN_PEPPER_ROOT;10781;10;10777;22;;;10788;5;10792;13;;;10784.5;0.0
yf_MKC_d1;57600;ASH_COATED_OSMIUM;9905;10;9903;25;;;9911;16;9915;24;;;9908.0;0.0
yf_MKC_d1;57600;INTARIAN_PEPPER_ROOT;10777;20;10775;22;;;10783;21;10785;17;;;10780.0;0.0
yf_MKC_d1;57700;ASH_COATED_OSMIUM;9906;14;9904;18;;;9912;19;9915;29;;;9909.0;0.0
yf_MKC_d1;57700;INTARIAN_PEPPER_ROOT;10771;12;10768;24;;;10777;13;10780;29;;;10774.0;0.0
yf_MKC_d1;57800;ASH_COATED_OSMIUM;9903;16;9900;27;;;9913;14;9916;25;;;9908.0;0.0
yf_MKC_d1;57800;INTARIAN_PEPPER_ROOT;10768;16;10765;20;;;10774;22;10777;25;;;10771.0;0.0
yf_MKC_d1;57900;ASH_COATED_OSMIUM;9905;7;9902;23;;;9911;27;9915;23;;;9908.0;0.0
yf_MKC_d1;57900;INTARIAN_PEPPER_ROOT;10760;15;10758;26;;;10770;10;10773;16;;;10765.0;0.0
yf_MKC_d1;58000;ASH_COATED_OSMIUM;9905;10;9903;22;;;9911;16;9913;28;;;9908.0;0.0
yf_MKC_d1;58000;INTARIAN_PEPPER_ROOT;10758;19;10756;15;;;10764;17;10768;23;;;10761.0;0.0
yf_MKC_d1;58100;ASH_COATED_OSMIUM;9898;7;9894;16;;;9917;14;9920;15;;;9907.5;0.0
yf_MKC_d1;58100;INTARIAN_PEPPER_ROOT;10754;9;10750;27;;;10760;14;10763;19;;;10757.0;0.0
yf_MKC_d1;58200;ASH_COATED_OSMIUM;9890;21;9887;30;;;9926;12;9930;27;;;9908.0;0.0
yf_MKC_d1;58200;INTARIAN_PEPPER_ROOT;10744;15;10742;12;;;10761;16;10763;27;;;10752.5;0.0
yf_MKC_d1;58300;ASH_COATED_OSMIUM;9905;16;9902;20;;;9911;14;9915;18;;;9908.0;0.0
yf_MKC_d1;58300;INTARIAN_PEPPER_ROOT;10744;12;10740;21;;;10750;14;10754;21;;;10747.0;0.0
yf_MKC_d1;58400;ASH_COATED_OSMIUM;9905;13;9903;25;;;9911;5;9915;17;;;9908.0;0.0
yf_MKC_d1;58400;INTARIAN_PEPPER_ROOT;10738;9;10735;24;;;10748;11;10750;18;;;10743.0;0.0
yf_MKC_d1;58500;ASH_COATED_OSMIUM;9905;12;9903;23;;;9911;27;9915;24;;;9908.0;0.0
yf_MKC_d1;58500;INTARIAN_PEPPER_ROOT;10735;13;10733;23;;;10741;13;10744;27;;;10738.0;0.0
yf_MKC_d1;58600;ASH_COATED_OSMIUM;9905;14;9903;24;;;9911;7;9914;21;;;9908.0;0.0
yf_MKC_d1;58600;INTARIAN_PEPPER_ROOT;10731;11;10729;20;;;10737;10;10739;9;;;10734.0;0.0
yf_MKC_d1;58700;ASH_COATED_OSMIUM;9905;14;9903;12;;;9911;6;9915;14;;;9908.0;0.0
yf_MKC_d1;58700;INTARIAN_PEPPER_ROOT;10719;14;10715;23;;;10739;17;10742;20;;;10729.0;0.0
yf_MKC_d1;58800;ASH_COATED_OSMIUM;9905;13;9901;18;;;9911;14;9913;29;;;9908.0;0.0
yf_MKC_d1;58800;INTARIAN_PEPPER_ROOT;10722;16;10719;29;;;10728;7;10732;22;;;10725.0;0.0
yf_MKC_d1;58900;ASH_COATED_OSMIUM;9905;11;9902;27;;;9911;8;9915;14;;;9908.0;0.0
yf_MKC_d1;58900;INTARIAN_PEPPER_ROOT;10717;18;10714;18;;;10723;14;10725;9;;;10720.0;0.0
yf_MKC_d1;59000;ASH_COATED_OSMIUM;9905;14;9902;24;;;9911;9;9914;19;;;9908.0;0.0
yf_MKC_d1;59000;INTARIAN_PEPPER_ROOT;10712;18;10709;28;;;10718;5;10721;30;;;10715.0;0.0
