day;timestamp;product;bid_price_1;bid_volume_1;bid_price_2;bid_volume_2;bid_price_3;bid_volume_3;ask_price_1;ask_volume_1;ask_price_2;ask_volume_2;ask_price_3;ask_volume_3;mid_price;profit_and_loss
yf_ZC=F_d1;0;ASH_COATED_OSMIUM;9935;21;9932;34;;;9941;16;9945;17;;;9938.0;0.0
yf_ZC=F_d1;0;INTARIAN_PEPPER_ROOT;12886;22;12882;21;;;12892;13;12895;19;;;12889.0;0.0
yf_ZC=F_d1;100;ASH_COATED_OSMIUM;9935;12;9932;22;;;9941;9;9945;25;;;9938.0;0.0
yf_ZC=F_d1;100;INTARIAN_PEPPER_ROOT;12883;20;12879;10;;;12892;23;12894;8;;;12887.5;0.0
yf_ZC=F_d1;200;ASH_COATED_OSMIUM;9935;19;9933;21;;;9941;15;9944;10;;;9938.0;0.0
yf_ZC=F_d1;200;INTARIAN_PEPPER_ROOT;12883;17;12879;20;;;12889;20;12893;20;;;12886.0;0.0
yf_ZC=F_d1;300;ASH_COATED_OSMIUM;9934;21;9930;21;;;9943;11;9946;16;;;9938.5;0.0
yf_ZC=F_d1;300;INTARIAN_PEPPER_ROOT;12876;16;12874;22;;;12895;14;12899;13;;;12885.5;0.0
yf_ZC=F_d1;400;ASH_COATED_OSMIUM;9934;16;9932;21;;;9943;20;9947;25;;;9938.5;0.0
yf_ZC=F_d1;400;INTARIAN_PEPPER_ROOT;12872;24;12868;21;;;12895;16;12899;14;;;12883.5;0.0
yf_ZC=F_d1;500;ASH_COATED_OSMIUM;9936;20;9932;20;;;9942;18;9944;23;;;9939.0;0.0
yf_ZC=F_d1;500;INTARIAN_PEPPER_ROOT;12875;18;12872;19;;;12890;22;12893;28;;;12882.5;0.0
yf_ZC=F_d1;600;ASH_COATED_OSMIUM;9935;19;9932;20;;;9942;13;9944;16;;;9938.5;0.0
yf_ZC=F_d1;600;INTARIAN_PEPPER_ROOT;12876;15;12873;27;;;12887;12;12889;9;;;12881.5;0.0
yf_ZC=F_d1;700;ASH_COATED_OSMIUM;9935;22;9931;19;;;9941;20;9943;19;;;9938.0;0.0
yf_ZC=F_d1;700;INTARIAN_PEPPER_ROOT;12877;24;12874;26;;;12883;26;12886;19;;;12880.0;0.0
yf_ZC=F_d1;800;ASH_COATED_OSMIUM;9935;13;9931;22;;;9941;22;9944;22;;;9938.0;0.0
yf_ZC=F_d1;800;INTARIAN_PEPPER_ROOT;12876;15;12873;26;;;12882;20;12886;14;;;12879.0;0.0
yf_ZC=F_d1;900;ASH_COATED_OSMIUM;9936;13;9934;18;;;9942;13;9945;14;;;9939.0;0.0
yf_ZC=F_d1;900;INTARIAN_PEPPER_ROOT;12874;5;12870;20;;;12881;22;12884;21;;;12877.5;0.0
yf_ZC=F_d1;1000;ASH_COATED_OSMIUM;9935;16;9933;22;;;9941;19;9945;16;;;9938.0;0.0
yf_ZC=F_d1;1000;INTARIAN_PEPPER_ROOT;12873;14;12869;14;;;12879;21;12882;19;;;12876.0;0.0
yf_ZC=F_d1;1100;ASH_COATED_OSMIUM;9925;21;9922;24;;;9952;10;9955;21;;;9938.5;0.0
yf_ZC=F_d1;1100;INTARIAN_PEPPER_ROOT;12872;14;12870;21;;;12878;16;12882;22;;;12875.0;0.0
yf_ZC=F_d1;1200;ASH_COATED_OSMIUM;9929;12;9927;21;;;9949;11;9951;12;;;9939.0;0.0
yf_ZC=F_d1;1200;INTARIAN_PEPPER_ROOT;12863;9;12860;18;;;12884;17;12887;19;;;12873.5;0.0
yf_ZC=F_d1;1300;ASH_COATED_OSMIUM;9932;11;9928;18;;;9943;17;9945;17;;;9937.5;0.0
yf_ZC=F_d1;1300;INTARIAN_PEPPER_ROOT;12868;15;12865;16;;;12874;14;12877;23;;;12871.0;0.0
yf_ZC=F_d1;1400;ASH_COATED_OSMIUM;9934;19;9931;22;;;9943;15;9946;16;;;9938.5;0.0
yf_ZC=F_d1;1400;INTARIAN_PEPPER_ROOT;12864;6;12860;16;;;12876;24;12878;27;;;12870.0;0.0
yf_ZC=F_d1;1500;ASH_COATED_OSMIUM;9936;18;9934;34;;;9942;18;9945;23;;;9939.0;0.0
yf_ZC=F_d1;1500;INTARIAN_PEPPER_ROOT;12866;13;12862;21;;;12872;17;12875;22;;;12869.0;0.0
yf_ZC=F_d1;1600;ASH_COATED_OSMIUM;9935;5;9931;20;;;9941;21;9943;31;;;9938.0;0.0
yf_ZC=F_d1;1600;INTARIAN_PEPPER_ROOT;12865;19;12863;13;;;12871;18;12874;12;;;12868.0;0.0
yf_ZC=F_d1;1700;ASH_COATED_OSMIUM;9936;21;9933;16;;;9942;21;9946;14;;;9939.0;0.0
yf_ZC=F_d1;1700;INTARIAN_PEPPER_ROOT;12863;18;12861;13;;;12870;15;12873;23;;;12866.5;0.0
yf_ZC=F_d1;1800;ASH_COATED_OSMIUM;9936;15;9934;13;;;9942;17;9944;24;;;9939.0;0.0
yf_ZC=F_d1;1800;INTARIAN_PEPPER_ROOT;12860;10;12858;22;;;12870;13;12872;13;;;12865.0;0.0
yf_ZC=F_d1;1900;ASH_COATED_OSMIUM;9936;18;9932;20;;;9942;14;9945;14;;;9939.0;0.0
yf_ZC=F_d1;1900;INTARIAN_PEPPER_ROOT;12844;20;12842;8;;;12885;12;12887;19;;;12864.5;0.0
yf_ZC=F_d1;2000;ASH_COATED_OSMIUM;9936;16;9934;14;;;9942;22;9946;21;;;9939.0;0.0
yf_ZC=F_d1;2000;INTARIAN_PEPPER_ROOT;12860;20;12856;14;;;12866;11;12868;20;;;12863.0;0.0
yf_ZC=F_d1;2100;ASH_COATED_OSMIUM;9935;22;9931;29;;;9942;22;9944;25;;;9938.5;0.0
yf_ZC=F_d1;2100;INTARIAN_PEPPER_ROOT;12854;17;12852;15;;;12870;20;12874;17;;;12862.0;0.0
yf_ZC=F_d1;2200;ASH_COATED_OSMIUM;9935;15;9933;15;;;9941;20;9945;21;;;9938.0;0.0
yf_ZC=F_d1;2200;INTARIAN_PEPPER_ROOT;12857;18;12853;19;;;12863;13;12865;27;;;12860.0;0.0
yf_ZC=F_d1;2300;ASH_COATED_OSMIUM;9936;7;9934;18;;;9942;10;9946;12;;;9939.0;0.0
yf_ZC=F_d1;2300;INTARIAN_PEPPER_ROOT;12855;6;12852;23;;;12861;20;12864;23;;;12858.0;0.0
yf_ZC=F_d1;2400;ASH_COATED_OSMIUM;9936;13;9932;18;;;9942;21;9946;19;;;9939.0;0.0
yf_ZC=F_d1;2400;INTARIAN_PEPPER_ROOT;12854;18;12850;16;;;12861;9;12864;24;;;12857.5;0.0
yf_ZC=F_d1;2500;ASH_COATED_OSMIUM;9936;22;9934;26;;;9942;10;9946;25;;;9939.0;0.0
yf_ZC=F_d1;2500;INTARIAN_PEPPER_ROOT;12853;9;12851;16;;;12859;20;12861;26;;;12856.0;0.0
yf_ZC=F_d1;2600;ASH_COATED_OSMIUM;9932;18;9930;25;;;9946;10;9950;14;;;9939.0;0.0
yf_ZC=F_d1;2600;INTARIAN_PEPPER_ROOT;12852;23;12850;23;;;12858;19;12860;12;;;12855.0;0.0
yf_ZC=F_d1;2700;ASH_COATED_OSMIUM;9936;11;9934;15;;;9942;20;9946;17;;;9939.0;0.0
yf_ZC=F_d1;2700;INTARIAN_PEPPER_ROOT;12847;13;12845;23;;;12860;10;12864;27;;;12853.5;0.0
yf_ZC=F_d1;2800;ASH_COATED_OSMIUM;9933;8;9930;21;;;9944;17;9948;14;;;9938.5;0.0
yf_ZC=F_d1;2800;INTARIAN_PEPPER_ROOT;12849;12;12845;25;;;12855;12;12858;25;;;12852.0;0.0
yf_ZC=F_d1;2900;ASH_COATED_OSMIUM;9936;15;9934;14;;;9942;6;9945;21;;;9939.0;0.0
yf_ZC=F_d1;2900;INTARIAN_PEPPER_ROOT;12848;13;12844;18;;;12854;10;12858;13;;;12851.0;0.0
yf_ZC=F_d1;3000;ASH_COATED_OSMIUM;9936;5;9934;21;;;9942;5;9946;28;;;9939.0;0.0
yf_ZC=F_d1;3000;INTARIAN_PEPPER_ROOT;12842;16;12838;21;;;12857;15;12859;15;;;12849.5;0.0
yf_ZC=F_d1;3100;ASH_COATED_OSMIUM;9936;15;9934;25;;;9942;12;9946;17;;;9939.0;0.0
yf_ZC=F_d1;3100;INTARIAN_PEPPER_ROOT;12841;13;12838;26;;;12855;5;12857;20;;;12848.0;0.0
yf_ZC=F_d1;3200;ASH_COATED_OSMIUM;9936;11;9933;17;;;9942;12;9945;21;;;9939.0;0.0
yf_ZC=F_d1;3200;INTARIAN_PEPPER_ROOT;12838;9;12835;9;;;12855;12;12858;19;;;12846.5;0.0
yf_ZC=F_d1;3300;ASH_COATED_OSMIUM;9932;28;9930;26;;;9948;7;9951;20;;;9940.0;0.0
yf_ZC=F_d1;3300;INTARIAN_PEPPER_ROOT;12842;7;12839;19;;;12850;5;12854;17;;;12846.0;0.0
yf_ZC=F_d1;3400;ASH_COATED_OSMIUM;9931;11;9928;25;;;9946;13;9950;29;;;9938.5;0.0
yf_ZC=F_d1;3400;INTARIAN_PEPPER_ROOT;12842;23;12840;23;;;12848;26;12850;20;;;12845.0;0.0
yf_ZC=F_d1;3500;ASH_COATED_OSMIUM;9924;7;9922;17;;;9953;13;9957;12;;;9938.5;0.0
yf_ZC=F_d1;3500;INTARIAN_PEPPER_ROOT;12840;12;12838;13;;;12846;15;12848;20;;;12843.0;0.0
yf_ZC=F_d1;3600;ASH_COATED_OSMIUM;9936;25;9932;17;;;9942;20;9944;23;;;9939.0;0.0
yf_ZC=F_d1;3600;INTARIAN_PEPPER_ROOT;12836;16;12832;15;;;12846;12;12848;23;;;12841.0;0.0
yf_ZC=F_d1;3700;ASH_COATED_OSMIUM;9936;18;9934;27;;;9942;18;9945;16;;;9939.0;0.0
yf_ZC=F_d1;3700;INTARIAN_PEPPER_ROOT;12838;9;12834;19;;;12844;17;12848;15;;;12841.0;0.0
yf_ZC=F_d1;3800;ASH_COATED_OSMIUM;9936;11;9933;15;;;9942;20;9944;19;;;9939.0;0.0
yf_ZC=F_d1;3800;INTARIAN_PEPPER_ROOT;12836;17;12833;20;;;12842;17;12846;16;;;12839.0;0.0
yf_ZC=F_d1;3900;ASH_COATED_OSMIUM;9928;15;9924;28;;;9950;17;9954;19;;;9939.0;0.0
yf_ZC=F_d1;3900;INTARIAN_PEPPER_ROOT;12834;19;12831;29;;;12843;20;12846;22;;;12838.5;0.0
yf_ZC=F_d1;4000;ASH_COATED_OSMIUM;9931;20;9928;15;;;9947;15;9950;26;;;9939.0;0.0
yf_ZC=F_d1;4000;INTARIAN_PEPPER_ROOT;12829;10;12825;25;;;12846;6;12848;18;;;12837.5;0.0
yf_ZC=F_d1;4100;ASH_COATED_OSMIUM;9936;19;9932;16;;;9942;8;9946;26;;;9939.0;0.0
yf_ZC=F_d1;4100;INTARIAN_PEPPER_ROOT;12831;9;12828;28;;;12841;18;12843;24;;;12836.0;0.0
yf_ZC=F_d1;4200;ASH_COATED_OSMIUM;9929;9;9927;19;;;9950;15;9953;30;;;9939.5;0.0
yf_ZC=F_d1;4200;INTARIAN_PEPPER_ROOT;12831;26;12828;14;;;12837;12;12839;9;;;12834.0;0.0
yf_ZC=F_d1;4300;ASH_COATED_OSMIUM;9930;18;9927;19;;;9949;10;9951;17;;;9939.5;0.0
yf_ZC=F_d1;4300;INTARIAN_PEPPER_ROOT;12830;15;12827;14;;;12836;18;12839;19;;;12833.0;0.0
yf_ZC=F_d1;4400;ASH_COATED_OSMIUM;9931;11;9928;18;;;9947;15;9949;16;;;9939.0;0.0
yf_ZC=F_d1;4400;INTARIAN_PEPPER_ROOT;12828;6;12825;21;;;12834;5;12838;11;;;12831.0;0.0
yf_ZC=F_d1;4500;ASH_COATED_OSMIUM;9935;13;9932;17;;;9942;19;9946;14;;;9938.5;0.0
yf_ZC=F_d1;4500;INTARIAN_PEPPER_ROOT;12827;29;12825;23;;;12833;19;12837;24;;;12830.0;0.0
yf_ZC=F_d1;4600;ASH_COATED_OSMIUM;9936;13;9933;18;;;9942;9;9945;24;;;9939.0;0.0
yf_ZC=F_d1;4600;INTARIAN_PEPPER_ROOT;12822;13;12818;28;;;12836;10;12840;17;;;12829.0;0.0
yf_ZC=F_d1;4700;ASH_COATED_OSMIUM;9935;8;9931;22;;;9943;16;9945;22;;;9939.0;0.0
yf_ZC=F_d1;4700;INTARIAN_PEPPER_ROOT;12825;9;12822;22;;;12831;18;12833;22;;;12828.0;0.0
yf_ZC=F_d1;4800;ASH_COATED_OSMIUM;9936;12;9932;16;;;9942;18;9945;18;;;9939.0;0.0
yf_ZC=F_d1;4800;INTARIAN_PEPPER_ROOT;12823;18;12821;15;;;12829;25;12832;19;;;12826.0;0.0
yf_ZC=F_d1;4900;ASH_COATED_OSMIUM;9936;15;9933;15;;;9942;12;9945;17;;;9939.0;0.0
yf_ZC=F_d1;4900;INTARIAN_PEPPER_ROOT;12817;14;12813;21;;;12833;10;12835;11;;;12825.0;0.0
yf_ZC=F_d1;5000;ASH_COATED_OSMIUM;9936;10;9934;22;;;9942;15;9945;13;;;9939.0;0.0
yf_ZC=F_d1;5000;INTARIAN_PEPPER_ROOT;12820;14;12816;25;;;12827;22;12831;10;;;12823.5;0.0
yf_ZC=F_d1;5100;ASH_COATED_OSMIUM;9936;21;9932;17;;;9942;6;9946;22;;;9939.0;0.0
yf_ZC=F_d1;5100;INTARIAN_PEPPER_ROOT;12819;18;12815;22;;;12825;11;12827;17;;;12822.0;0.0
yf_ZC=F_d1;5200;ASH_COATED_OSMIUM;9935;13;9932;13;;;9943;15;9945;21;;;9939.0;0.0
yf_ZC=F_d1;5200;INTARIAN_PEPPER_ROOT;12815;13;12811;16;;;12826;13;12829;23;;;12820.5;0.0
yf_ZC=F_d1;5300;ASH_COATED_OSMIUM;9936;21;9933;17;;;9943;13;9947;16;;;9939.5;0.0
yf_ZC=F_d1;5300;INTARIAN_PEPPER_ROOT;12817;14;12813;16;;;12823;21;12826;25;;;12820.0;0.0
yf_ZC=F_d1;5400;ASH_COATED_OSMIUM;9936;18;9934;23;;;9942;22;9946;13;;;9939.0;0.0
yf_ZC=F_d1;5400;INTARIAN_PEPPER_ROOT;12815;22;12812;15;;;12821;11;12823;25;;;12818.0;0.0
yf_ZC=F_d1;5500;ASH_COATED_OSMIUM;9935;16;9931;21;;;9943;17;9947;23;;;9939.0;0.0
yf_ZC=F_d1;5500;INTARIAN_PEPPER_ROOT;12811;27;12808;16;;;12822;13;12824;14;;;12816.5;0.0
yf_ZC=F_d1;5600;ASH_COATED_OSMIUM;9936;22;9932;23;;;9942;26;9946;21;;;9939.0;0.0
yf_ZC=F_d1;5600;INTARIAN_PEPPER_ROOT;12812;15;12809;12;;;12818;12;12820;9;;;12815.0;0.0
yf_ZC=F_d1;5700;ASH_COATED_OSMIUM;9936;13;9932;11;;;9942;13;9945;19;;;9939.0;0.0
yf_ZC=F_d1;5700;INTARIAN_PEPPER_ROOT;12811;24;12807;28;;;12817;17;12819;22;;;12814.0;0.0
yf_ZC=F_d1;5800;ASH_COATED_OSMIUM;9936;14;9934;10;;;9942;20;9946;20;;;9939.0;0.0
yf_ZC=F_d1;5800;INTARIAN_PEPPER_ROOT;12810;19;12806;23;;;12816;16;12818;18;;;12813.0;0.0
yf_ZC=F_d1;5900;ASH_COATED_OSMIUM;9936;19;9932;20;;;9942;20;9946;15;;;9939.0;0.0
yf_ZC=F_d1;5900;INTARIAN_PEPPER_ROOT;12809;13;12806;14;;;12815;17;12817;28;;;12812.0;0.0
yf_ZC=F_d1;6000;ASH_COATED_OSMIUM;9936;14;9933;17;;;9942;14;9945;12;;;9939.0;0.0
yf_ZC=F_d1;6000;INTARIAN_PEPPER_ROOT;12808;6;12805;28;;;12814;18;12818;23;;;12811.0;0.0
yf_ZC=F_d1;6100;ASH_COATED_OSMIUM;9936;14;9932;20;;;9942;16;9946;13;;;9939.0;0.0
yf_ZC=F_d1;6100;INTARIAN_PEPPER_ROOT;12806;8;12804;14;;;12812;15;12815;14;;;12809.0;0.0
yf_ZC=F_d1;6200;ASH_COATED_OSMIUM;9924;17;9922;29;;;9955;16;9957;23;;;9939.5;0.0
yf_ZC=F_d1;6200;INTARIAN_PEPPER_ROOT;12804;11;12801;21;;;12810;16;12813;17;;;12807.0;0.0
yf_ZC=F_d1;6300;ASH_COATED_OSMIUM;9934;13;9931;20;;;9944;19;9948;27;;;9939.0;0.0
yf_ZC=F_d1;6300;INTARIAN_PEPPER_ROOT;12804;11;12801;21;;;12810;18;12814;20;;;12807.0;0.0
yf_ZC=F_d1;6400;ASH_COATED_OSMIUM;9936;18;9933;27;;;9942;12;9946;23;;;9939.0;0.0
yf_ZC=F_d1;6400;INTARIAN_PEPPER_ROOT;12802;12;12799;19;;;12808;19;12812;27;;;12805.0;0.0
yf_ZC=F_d1;6500;ASH_COATED_OSMIUM;9937;22;9934;10;;;9943;8;9945;19;;;9940.0;0.0
yf_ZC=F_d1;6500;INTARIAN_PEPPER_ROOT;12798;17;12794;8;;;12809;18;12812;18;;;12803.5;0.0
yf_ZC=F_d1;6600;ASH_COATED_OSMIUM;9927;19;9925;18;;;9952;16;9955;17;;;9939.5;0.0
yf_ZC=F_d1;6600;INTARIAN_PEPPER_ROOT;12799;16;12796;17;;;12806;19;12810;10;;;12802.5;0.0
yf_ZC=F_d1;6700;ASH_COATED_OSMIUM;9935;20;9932;19;;;9943;16;9945;20;;;9939.0;0.0
yf_ZC=F_d1;6700;INTARIAN_PEPPER_ROOT;12799;16;12795;21;;;12805;23;12808;16;;;12802.0;0.0
yf_ZC=F_d1;6800;ASH_COATED_OSMIUM;9937;15;9934;23;;;9943;11;9947;14;;;9940.0;0.0
yf_ZC=F_d1;6800;INTARIAN_PEPPER_ROOT;12797;11;12793;24;;;12803;11;12807;16;;;12800.0;0.0
yf_ZC=F_d1;6900;ASH_COATED_OSMIUM;9934;14;9930;21;;;9945;14;9947;26;;;9939.5;0.0
yf_ZC=F_d1;6900;INTARIAN_PEPPER_ROOT;12793;15;12789;28;;;12805;15;12809;21;;;12799.0;0.0
yf_ZC=F_d1;7000;ASH_COATED_OSMIUM;9936;15;9934;8;;;9942;12;9946;25;;;9939.0;0.0
yf_ZC=F_d1;7000;INTARIAN_PEPPER_ROOT;12794;21;12791;8;;;12800;22;12802;17;;;12797.0;0.0
yf_ZC=F_d1;7100;ASH_COATED_OSMIUM;9927;16;9923;30;;;9951;9;9955;19;;;9939.0;0.0
yf_ZC=F_d1;7100;INTARIAN_PEPPER_ROOT;12793;11;12789;17;;;12799;18;12802;14;;;12796.0;0.0
yf_ZC=F_d1;7200;ASH_COATED_OSMIUM;9932;13;9928;12;;;9946;16;9949;19;;;9939.0;0.0
yf_ZC=F_d1;7200;INTARIAN_PEPPER_ROOT;12792;14;12789;19;;;12798;14;12800;22;;;12795.0;0.0
yf_ZC=F_d1;7300;ASH_COATED_OSMIUM;9931;13;9927;20;;;9946;12;9948;29;;;9938.5;0.0
yf_ZC=F_d1;7300;INTARIAN_PEPPER_ROOT;12791;13;12789;23;;;12797;19;12801;10;;;12794.0;0.0
yf_ZC=F_d1;7400;ASH_COATED_OSMIUM;9937;17;9934;22;;;9943;12;9946;19;;;9940.0;0.0
yf_ZC=F_d1;7400;INTARIAN_PEPPER_ROOT;12789;6;12787;16;;;12795;9;12798;15;;;12792.0;0.0
yf_ZC=F_d1;7500;ASH_COATED_OSMIUM;9936;8;9933;28;;;9942;5;9945;18;;;9939.0;0.0
yf_ZC=F_d1;7500;INTARIAN_PEPPER_ROOT;12787;8;12783;27;;;12794;14;12798;20;;;12790.5;0.0
yf_ZC=F_d1;7600;ASH_COATED_OSMIUM;9936;18;9933;10;;;9942;13;9946;14;;;9939.0;0.0
yf_ZC=F_d1;7600;INTARIAN_PEPPER_ROOT;12780;16;12778;20;;;12799;12;12802;21;;;12789.5;0.0
yf_ZC=F_d1;7700;ASH_COATED_OSMIUM;9937;14;9935;23;;;9943;15;9945;15;;;9940.0;0.0
yf_ZC=F_d1;7700;INTARIAN_PEPPER_ROOT;12785;16;12781;16;;;12791;12;12793;17;;;12788.0;0.0
yf_ZC=F_d1;7800;ASH_COATED_OSMIUM;9937;22;9933;19;;;9943;18;9946;19;;;9940.0;0.0
yf_ZC=F_d1;7800;INTARIAN_PEPPER_ROOT;12784;18;12782;25;;;12790;22;12792;20;;;12787.0;0.0
yf_ZC=F_d1;7900;ASH_COATED_OSMIUM;9936;8;9932;23;;;9943;18;9945;20;;;9939.5;0.0
yf_ZC=F_d1;7900;INTARIAN_PEPPER_ROOT;12783;26;12779;21;;;12789;18;12793;10;;;12786.0;0.0
yf_ZC=F_d1;8000;ASH_COATED_OSMIUM;9936;14;9932;15;;;9944;13;9947;22;;;9940.0;0.0
yf_ZC=F_d1;8000;INTARIAN_PEPPER_ROOT;12780;20;12777;29;;;12788;21;12792;22;;;12784.0;0.0
yf_ZC=F_d1;8100;ASH_COATED_OSMIUM;9935;15;9933;17;;;9944;8;9946;25;;;9939.5;0.0
yf_ZC=F_d1;8100;INTARIAN_PEPPER_ROOT;12777;20;12773;15;;;12788;10;12792;20;;;12782.5;0.0
yf_ZC=F_d1;8200;ASH_COATED_OSMIUM;9936;10;9932;16;;;9942;5;9945;28;;;9939.0;0.0
yf_ZC=F_d1;8200;INTARIAN_PEPPER_ROOT;12779;22;12775;24;;;12785;9;12789;29;;;12782.0;0.0
yf_ZC=F_d1;8300;ASH_COATED_OSMIUM;9936;17;9932;20;;;9942;14;9946;22;;;9939.0;0.0
yf_ZC=F_d1;8300;INTARIAN_PEPPER_ROOT;12778;17;12774;30;;;12784;16;12786;20;;;12781.0;0.0
yf_ZC=F_d1;8400;ASH_COATED_OSMIUM;9937;11;9933;13;;;9943;15;9947;24;;;9940.0;0.0
yf_ZC=F_d1;8400;INTARIAN_PEPPER_ROOT;12757;19;12754;13;;;12800;18;12802;23;;;12778.5;0.0
yf_ZC=F_d1;8500;ASH_COATED_OSMIUM;9932;5;9930;14;;;9947;17;9951;24;;;9939.5;0.0
yf_ZC=F_d1;8500;INTARIAN_PEPPER_ROOT;12775;13;12772;22;;;12781;15;12783;25;;;12778.0;0.0
yf_ZC=F_d1;8600;ASH_COATED_OSMIUM;9930;20;9926;8;;;9949;24;9951;14;;;9939.5;0.0
yf_ZC=F_d1;8600;INTARIAN_PEPPER_ROOT;12764;8;12760;21;;;12789;16;12793;24;;;12776.5;0.0
yf_ZC=F_d1;8700;ASH_COATED_OSMIUM;9935;16;9933;17;;;9943;17;9945;19;;;9939.0;0.0
yf_ZC=F_d1;8700;INTARIAN_PEPPER_ROOT;12771;23;12767;13;;;12779;8;12782;12;;;12775.0;0.0
yf_ZC=F_d1;8800;ASH_COATED_OSMIUM;9932;13;9929;30;;;9947;20;9950;17;;;9939.5;0.0
yf_ZC=F_d1;8800;INTARIAN_PEPPER_ROOT;12770;17;12768;14;;;12778;12;12782;19;;;12774.0;0.0
yf_ZC=F_d1;8900;ASH_COATED_OSMIUM;9929;5;9927;18;;;9950;12;9953;14;;;9939.5;0.0
yf_ZC=F_d1;8900;INTARIAN_PEPPER_ROOT;12769;17;12767;12;;;12775;8;12777;19;;;12772.0;0.0
yf_ZC=F_d1;9000;ASH_COATED_OSMIUM;9920;13;9917;33;;;9958;14;9962;33;;;9939.0;0.0
yf_ZC=F_d1;9000;INTARIAN_PEPPER_ROOT;12768;25;12764;9;;;12774;17;12778;19;;;12771.0;0.0
yf_ZC=F_d1;9100;ASH_COATED_OSMIUM;9936;12;9933;19;;;9944;15;9947;8;;;9940.0;0.0
yf_ZC=F_d1;9100;INTARIAN_PEPPER_ROOT;12767;18;12765;27;;;12773;9;12776;23;;;12770.0;0.0
yf_ZC=F_d1;9200;ASH_COATED_OSMIUM;9937;7;9934;25;;;9943;10;9945;22;;;9940.0;0.0
yf_ZC=F_d1;9200;INTARIAN_PEPPER_ROOT;12766;11;12762;26;;;12772;11;12774;24;;;12769.0;0.0
yf_ZC=F_d1;9300;ASH_COATED_OSMIUM;9936;9;9934;24;;;9943;14;9945;20;;;9939.5;0.0
yf_ZC=F_d1;9300;INTARIAN_PEPPER_ROOT;12762;14;12758;19;;;12772;11;12774;31;;;12767.0;0.0
yf_ZC=F_d1;9400;ASH_COATED_OSMIUM;9936;23;9932;19;;;9942;12;9946;26;;;9939.0;0.0
yf_ZC=F_d1;9400;INTARIAN_PEPPER_ROOT;12758;15;12754;18;;;12775;14;12778;18;;;12766.5;0.0
yf_ZC=F_d1;9500;ASH_COATED_OSMIUM;9935;15;9932;17;;;9945;10;9948;15;;;9940.0;0.0
yf_ZC=F_d1;9500;INTARIAN_PEPPER_ROOT;12762;20;12760;24;;;12768;12;12772;20;;;12765.0;0.0
yf_ZC=F_d1;9600;ASH_COATED_OSMIUM;9936;15;9934;20;;;9943;14;9946;11;;;9939.5;0.0
yf_ZC=F_d1;9600;INTARIAN_PEPPER_ROOT;12760;21;12757;24;;;12766;10;12770;16;;;12763.0;0.0
yf_ZC=F_d1;9700;ASH_COATED_OSMIUM;9936;12;9934;21;;;9944;25;9948;25;;;9940.0;0.0
yf_ZC=F_d1;9700;INTARIAN_PEPPER_ROOT;12752;16;12748;27;;;12773;18;12775;15;;;12762.5;0.0
yf_ZC=F_d1;9800;ASH_COATED_OSMIUM;9937;21;9933;20;;;9943;17;9945;13;;;9940.0;0.0
yf_ZC=F_d1;9800;INTARIAN_PEPPER_ROOT;12758;16;12755;21;;;12764;15;12766;29;;;12761.0;0.0
yf_ZC=F_d1;9900;ASH_COATED_OSMIUM;9937;12;9934;17;;;9943;18;9946;14;;;9940.0;0.0
yf_ZC=F_d1;9900;INTARIAN_PEPPER_ROOT;12756;18;12752;18;;;12763;24;12765;17;;;12759.5;0.0
yf_ZC=F_d1;10000;ASH_COATED_OSMIUM;9936;16;9933;20;;;9942;18;9945;27;;;9939.0;0.0
yf_ZC=F_d1;10000;INTARIAN_PEPPER_ROOT;12754;17;12752;13;;;12761;14;12763;14;;;12757.5;0.0
yf_ZC=F_d1;10100;ASH_COATED_OSMIUM;9937;17;9934;22;;;9943;22;9947;15;;;9940.0;0.0
yf_ZC=F_d1;10100;INTARIAN_PEPPER_ROOT;12754;18;12751;16;;;12760;21;12762;26;;;12757.0;0.0
yf_ZC=F_d1;10200;ASH_COATED_OSMIUM;9937;16;9933;25;;;9943;16;9945;20;;;9940.0;0.0
yf_ZC=F_d1;10200;INTARIAN_PEPPER_ROOT;12747;5;12745;21;;;12764;8;12768;21;;;12755.5;0.0
yf_ZC=F_d1;10300;ASH_COATED_OSMIUM;9936;10;9934;28;;;9943;16;9946;22;;;9939.5;0.0
yf_ZC=F_d1;10300;INTARIAN_PEPPER_ROOT;12752;23;12749;18;;;12758;26;12760;13;;;12755.0;0.0
yf_ZC=F_d1;10400;ASH_COATED_OSMIUM;9937;17;9933;19;;;9943;16;9946;25;;;9940.0;0.0
yf_ZC=F_d1;10400;INTARIAN_PEPPER_ROOT;12740;17;12738;22;;;12766;15;12769;17;;;12753.0;0.0
yf_ZC=F_d1;10500;ASH_COATED_OSMIUM;9937;14;9933;26;;;9943;22;9947;24;;;9940.0;0.0
yf_ZC=F_d1;10500;INTARIAN_PEPPER_ROOT;12741;17;12738;15;;;12762;10;12765;16;;;12751.5;0.0
yf_ZC=F_d1;10600;ASH_COATED_OSMIUM;9937;16;9935;17;;;9943;15;9946;22;;;9940.0;0.0
yf_ZC=F_d1;10600;INTARIAN_PEPPER_ROOT;12747;16;12743;23;;;12753;9;12756;16;;;12750.0;0.0
yf_ZC=F_d1;10700;ASH_COATED_OSMIUM;9937;12;9935;18;;;9943;10;9945;18;;;9940.0;0.0
yf_ZC=F_d1;10700;INTARIAN_PEPPER_ROOT;12746;16;12744;13;;;12752;13;12755;24;;;12749.0;0.0
yf_ZC=F_d1;10800;ASH_COATED_OSMIUM;9937;21;9933;16;;;9943;18;9947;19;;;9940.0;0.0
yf_ZC=F_d1;10800;INTARIAN_PEPPER_ROOT;12744;13;12741;19;;;12750;13;12754;28;;;12747.0;0.0
yf_ZC=F_d1;10900;ASH_COATED_OSMIUM;9934;17;9931;21;;;9945;16;9947;21;;;9939.5;0.0
yf_ZC=F_d1;10900;INTARIAN_PEPPER_ROOT;12743;15;12739;18;;;12749;7;12752;21;;;12746.0;0.0
yf_ZC=F_d1;11000;ASH_COATED_OSMIUM;9931;13;9929;17;;;9950;11;9954;22;;;9940.5;0.0
yf_ZC=F_d1;11000;INTARIAN_PEPPER_ROOT;12742;15;12740;13;;;12749;19;12751;23;;;12745.5;0.0
yf_ZC=F_d1;11100;ASH_COATED_OSMIUM;9937;19;9933;19;;;9943;13;9947;25;;;9940.0;0.0
yf_ZC=F_d1;11100;INTARIAN_PEPPER_ROOT;12735;22;12733;20;;;12752;5;12756;19;;;12743.5;0.0
yf_ZC=F_d1;11200;ASH_COATED_OSMIUM;9937;23;9934;32;;;9943;14;9946;17;;;9940.0;0.0
yf_ZC=F_d1;11200;INTARIAN_PEPPER_ROOT;12737;17;12735;29;;;12748;15;12751;23;;;12742.5;0.0
yf_ZC=F_d1;11300;ASH_COATED_OSMIUM;9937;12;9935;17;;;9943;16;9947;10;;;9940.0;0.0
yf_ZC=F_d1;11300;INTARIAN_PEPPER_ROOT;12738;18;12735;23;;;12744;20;12747;25;;;12741.0;0.0
yf_ZC=F_d1;11400;ASH_COATED_OSMIUM;9936;15;9933;26;;;9945;10;9949;15;;;9940.5;0.0
yf_ZC=F_d1;11400;INTARIAN_PEPPER_ROOT;12737;18;12733;16;;;12743;17;12745;26;;;12740.0;0.0
yf_ZC=F_d1;11500;ASH_COATED_OSMIUM;9937;20;9934;21;;;9943;18;9947;26;;;9940.0;0.0
yf_ZC=F_d1;11500;INTARIAN_PEPPER_ROOT;12735;14;12733;16;;;12741;13;12743;19;;;12738.0;0.0
yf_ZC=F_d1;11600;ASH_COATED_OSMIUM;9936;18;9934;21;;;9945;20;9948;14;;;9940.5;0.0
yf_ZC=F_d1;11600;INTARIAN_PEPPER_ROOT;12732;15;12729;26;;;12743;21;12745;22;;;12737.5;0.0
yf_ZC=F_d1;11700;ASH_COATED_OSMIUM;9937;16;9934;24;;;9943;12;9945;15;;;9940.0;0.0
yf_ZC=F_d1;11700;INTARIAN_PEPPER_ROOT;12732;13;12728;25;;;12738;9;12742;22;;;12735.0;0.0
yf_ZC=F_d1;11800;ASH_COATED_OSMIUM;9937;22;9933;27;;;9943;20;9947;11;;;9940.0;0.0
yf_ZC=F_d1;11800;INTARIAN_PEPPER_ROOT;12711;8;12709;22;;;12757;9;12761;23;;;12734.0;0.0
yf_ZC=F_d1;11900;ASH_COATED_OSMIUM;9926;10;9924;20;;;9954;17;9958;15;;;9940.0;0.0
yf_ZC=F_d1;11900;INTARIAN_PEPPER_ROOT;12730;14;12726;24;;;12736;20;12738;14;;;12733.0;0.0
yf_ZC=F_d1;12000;ASH_COATED_OSMIUM;9932;17;9929;20;;;9947;14;9950;20;;;9939.5;0.0
yf_ZC=F_d1;12000;INTARIAN_PEPPER_ROOT;12729;14;12725;23;;;12735;8;12737;17;;;12732.0;0.0
yf_ZC=F_d1;12100;ASH_COATED_OSMIUM;9937;14;9934;14;;;9943;10;9946;26;;;9940.0;0.0
yf_ZC=F_d1;12100;INTARIAN_PEPPER_ROOT;12727;12;12725;15;;;12733;18;12735;20;;;12730.0;0.0
yf_ZC=F_d1;12200;ASH_COATED_OSMIUM;9937;18;9933;17;;;9943;22;9945;19;;;9940.0;0.0
yf_ZC=F_d1;12200;INTARIAN_PEPPER_ROOT;12725;8;12722;17;;;12732;16;12735;24;;;12728.5;0.0
yf_ZC=F_d1;12300;ASH_COATED_OSMIUM;9937;5;9935;20;;;9943;12;9946;19;;;9940.0;0.0
yf_ZC=F_d1;12300;INTARIAN_PEPPER_ROOT;12725;9;12722;19;;;12731;20;12735;17;;;12728.0;0.0
yf_ZC=F_d1;12400;ASH_COATED_OSMIUM;9937;19;9933;22;;;9943;11;9946;19;;;9940.0;0.0
yf_ZC=F_d1;12400;INTARIAN_PEPPER_ROOT;12724;14;12720;20;;;12730;20;12734;18;;;12727.0;0.0
yf_ZC=F_d1;12500;ASH_COATED_OSMIUM;9937;10;9935;18;;;9943;15;9945;18;;;9940.0;0.0
yf_ZC=F_d1;12500;INTARIAN_PEPPER_ROOT;12719;9;12716;23;;;12731;15;12735;12;;;12725.0;0.0
yf_ZC=F_d1;12600;ASH_COATED_OSMIUM;9920;18;9918;12;;;9959;10;9961;31;;;9939.5;0.0
yf_ZC=F_d1;12600;INTARIAN_PEPPER_ROOT;12716;15;12712;19;;;12733;21;12737;14;;;12724.5;0.0
yf_ZC=F_d1;12700;ASH_COATED_OSMIUM;9937;16;9935;17;;;9943;15;9946;14;;;9940.0;0.0
yf_ZC=F_d1;12700;INTARIAN_PEPPER_ROOT;12716;16;12713;19;;;12730;16;12734;10;;;12723.0;0.0
yf_ZC=F_d1;12800;ASH_COATED_OSMIUM;9937;17;9933;17;;;9943;6;9946;23;;;9940.0;0.0
yf_ZC=F_d1;12800;INTARIAN_PEPPER_ROOT;12713;16;12711;22;;;12730;5;12732;13;;;12721.5;0.0
yf_ZC=F_d1;12900;ASH_COATED_OSMIUM;9937;23;9934;14;;;9943;19;9947;15;;;9940.0;0.0
yf_ZC=F_d1;12900;INTARIAN_PEPPER_ROOT;12715;15;12711;17;;;12726;14;12730;27;;;12720.5;0.0
yf_ZC=F_d1;13000;ASH_COATED_OSMIUM;9934;13;9931;17;;;9946;14;9950;26;;;9940.0;0.0
yf_ZC=F_d1;13000;INTARIAN_PEPPER_ROOT;12714;8;12711;25;;;12724;5;12728;22;;;12719.0;0.0
yf_ZC=F_d1;13100;ASH_COATED_OSMIUM;9937;8;9933;18;;;9943;12;9947;23;;;9940.0;0.0
yf_ZC=F_d1;13100;INTARIAN_PEPPER_ROOT;12714;8;12710;18;;;12720;24;12724;23;;;12717.0;0.0
yf_ZC=F_d1;13200;ASH_COATED_OSMIUM;9937;17;9935;24;;;9943;8;9947;12;;;9940.0;0.0
yf_ZC=F_d1;13200;INTARIAN_PEPPER_ROOT;12708;19;12704;12;;;12723;8;12725;26;;;12715.5;0.0
yf_ZC=F_d1;13300;ASH_COATED_OSMIUM;9937;16;9935;15;;;9943;10;9945;25;;;9940.0;0.0
yf_ZC=F_d1;13300;INTARIAN_PEPPER_ROOT;12712;26;12709;23;;;12718;15;12721;20;;;12715.0;0.0
yf_ZC=F_d1;13400;ASH_COATED_OSMIUM;9937;13;9935;14;;;9943;21;9947;24;;;9940.0;0.0
yf_ZC=F_d1;13400;INTARIAN_PEPPER_ROOT;12705;24;12703;21;;;12721;13;12723;17;;;12713.0;0.0
yf_ZC=F_d1;13500;ASH_COATED_OSMIUM;9937;24;9933;8;;;9943;15;9946;21;;;9940.0;0.0
yf_ZC=F_d1;13500;INTARIAN_PEPPER_ROOT;12705;16;12702;29;;;12721;14;12725;20;;;12713.0;0.0
yf_ZC=F_d1;13600;ASH_COATED_OSMIUM;9937;14;9933;15;;;9943;13;9947;16;;;9940.0;0.0
yf_ZC=F_d1;13600;INTARIAN_PEPPER_ROOT;12708;6;12704;16;;;12715;11;12718;24;;;12711.5;0.0
yf_ZC=F_d1;13700;ASH_COATED_OSMIUM;9937;22;9933;18;;;9943;9;9947;18;;;9940.0;0.0
yf_ZC=F_d1;13700;INTARIAN_PEPPER_ROOT;12706;10;12702;20;;;12712;12;12716;15;;;12709.0;0.0
yf_ZC=F_d1;13800;ASH_COATED_OSMIUM;9937;16;9933;29;;;9943;24;9947;16;;;9940.0;0.0
yf_ZC=F_d1;13800;INTARIAN_PEPPER_ROOT;12706;10;12704;20;;;12712;16;12714;22;;;12709.0;0.0
yf_ZC=F_d1;13900;ASH_COATED_OSMIUM;9936;12;9932;17;;;9943;21;9945;19;;;9939.5;0.0
yf_ZC=F_d1;13900;INTARIAN_PEPPER_ROOT;12698;5;12694;10;;;12716;16;12719;17;;;12707.0;0.0
yf_ZC=F_d1;14000;ASH_COATED_OSMIUM;9932;14;9929;20;;;9949;18;9953;13;;;9940.5;0.0
yf_ZC=F_d1;14000;INTARIAN_PEPPER_ROOT;12703;19;12701;25;;;12709;10;12712;18;;;12706.0;0.0
yf_ZC=F_d1;14100;ASH_COATED_OSMIUM;9938;9;9936;23;;;9944;18;9948;16;;;9941.0;0.0
yf_ZC=F_d1;14100;INTARIAN_PEPPER_ROOT;12702;9;12699;12;;;12708;23;12711;24;;;12705.0;0.0
yf_ZC=F_d1;14200;ASH_COATED_OSMIUM;9937;13;9935;19;;;9943;20;9946;26;;;9940.0;0.0
yf_ZC=F_d1;14200;INTARIAN_PEPPER_ROOT;12700;14;12696;10;;;12707;6;12709;16;;;12703.5;0.0
yf_ZC=F_d1;14300;ASH_COATED_OSMIUM;9936;5;9933;13;;;9943;18;9945;18;;;9939.5;0.0
yf_ZC=F_d1;14300;INTARIAN_PEPPER_ROOT;12699;5;12696;16;;;12705;14;12709;17;;;12702.0;0.0
yf_ZC=F_d1;14400;ASH_COATED_OSMIUM;9938;11;9935;15;;;9944;9;9946;18;;;9941.0;0.0
yf_ZC=F_d1;14400;INTARIAN_PEPPER_ROOT;12698;8;12694;21;;;12704;13;12708;21;;;12701.0;0.0
yf_ZC=F_d1;14500;ASH_COATED_OSMIUM;9938;12;9935;23;;;9944;17;9946;28;;;9941.0;0.0
yf_ZC=F_d1;14500;INTARIAN_PEPPER_ROOT;12696;27;12693;8;;;12702;13;12706;19;;;12699.0;0.0
yf_ZC=F_d1;14600;ASH_COATED_OSMIUM;9926;13;9922;21;;;9956;6;9960;28;;;9941.0;0.0
yf_ZC=F_d1;14600;INTARIAN_PEPPER_ROOT;12694;8;12690;22;;;12700;5;12702;22;;;12697.0;0.0
yf_ZC=F_d1;14700;ASH_COATED_OSMIUM;9938;23;9936;20;;;9944;23;9946;12;;;9941.0;0.0
yf_ZC=F_d1;14700;INTARIAN_PEPPER_ROOT;12694;9;12690;22;;;12700;18;12704;20;;;12697.0;0.0
yf_ZC=F_d1;14800;ASH_COATED_OSMIUM;9938;15;9936;22;;;9944;21;9946;17;;;9941.0;0.0
yf_ZC=F_d1;14800;INTARIAN_PEPPER_ROOT;12693;9;12690;16;;;12699;9;12702;25;;;12696.0;0.0
yf_ZC=F_d1;14900;ASH_COATED_OSMIUM;9935;11;9933;19;;;9946;22;9949;18;;;9940.5;0.0
yf_ZC=F_d1;14900;INTARIAN_PEPPER_ROOT;12691;7;12689;16;;;12697;14;12700;19;;;12694.0;0.0
yf_ZC=F_d1;15000;ASH_COATED_OSMIUM;9928;5;9924;20;;;9954;6;9958;17;;;9941.0;0.0
yf_ZC=F_d1;15000;INTARIAN_PEPPER_ROOT;12690;11;12688;22;;;12696;13;12699;24;;;12693.0;0.0
yf_ZC=F_d1;15100;ASH_COATED_OSMIUM;9938;15;9934;23;;;9944;13;9947;22;;;9941.0;0.0
yf_ZC=F_d1;15100;INTARIAN_PEPPER_ROOT;12688;17;12684;15;;;12694;17;12697;20;;;12691.0;0.0
yf_ZC=F_d1;15200;ASH_COATED_OSMIUM;9937;7;9933;24;;;9943;17;9945;23;;;9940.0;0.0
yf_ZC=F_d1;15200;INTARIAN_PEPPER_ROOT;12674;20;12671;23;;;12705;13;12708;21;;;12689.5;0.0
yf_ZC=F_d1;15300;ASH_COATED_OSMIUM;9937;14;9934;15;;;9943;5;9947;14;;;9940.0;0.0
yf_ZC=F_d1;15300;INTARIAN_PEPPER_ROOT;12681;13;12679;23;;;12698;15;12700;25;;;12689.5;0.0
yf_ZC=F_d1;15400;ASH_COATED_OSMIUM;9926;20;9922;25;;;9954;16;9956;19;;;9940.0;0.0
yf_ZC=F_d1;15400;INTARIAN_PEPPER_ROOT;12684;11;12680;29;;;12690;14;12694;22;;;12687.0;0.0
yf_ZC=F_d1;15500;ASH_COATED_OSMIUM;9937;9;9935;15;;;9943;17;9946;24;;;9940.0;0.0
yf_ZC=F_d1;15500;INTARIAN_PEPPER_ROOT;12683;15;12681;15;;;12689;21;12691;27;;;12686.0;0.0
yf_ZC=F_d1;15600;ASH_COATED_OSMIUM;9920;8;9916;11;;;9962;18;9964;25;;;9941.0;0.0
yf_ZC=F_d1;15600;INTARIAN_PEPPER_ROOT;12681;9;12679;27;;;12687;15;12690;23;;;12684.0;0.0
yf_ZC=F_d1;15700;ASH_COATED_OSMIUM;9938;15;9934;17;;;9944;11;9946;14;;;9941.0;0.0
yf_ZC=F_d1;15700;INTARIAN_PEPPER_ROOT;12680;5;12677;16;;;12686;16;12688;25;;;12683.0;0.0
yf_ZC=F_d1;15800;ASH_COATED_OSMIUM;9934;8;9930;15;;;9947;7;9949;18;;;9940.5;0.0
yf_ZC=F_d1;15800;INTARIAN_PEPPER_ROOT;12674;7;12672;22;;;12690;15;12694;12;;;12682.0;0.0
yf_ZC=F_d1;15900;ASH_COATED_OSMIUM;9937;12;9935;17;;;9943;7;9946;16;;;9940.0;0.0
yf_ZC=F_d1;15900;INTARIAN_PEPPER_ROOT;12676;13;12673;21;;;12686;16;12688;28;;;12681.0;0.0
yf_ZC=F_d1;16000;ASH_COATED_OSMIUM;9937;21;9933;14;;;9943;22;9947;25;;;9940.0;0.0
yf_ZC=F_d1;16000;INTARIAN_PEPPER_ROOT;12665;12;12662;9;;;12693;14;12696;15;;;12679.0;0.0
yf_ZC=F_d1;16100;ASH_COATED_OSMIUM;9934;18;9931;21;;;9946;13;9950;11;;;9940.0;0.0
yf_ZC=F_d1;16100;INTARIAN_PEPPER_ROOT;12672;16;12668;11;;;12685;11;12688;21;;;12678.5;0.0
yf_ZC=F_d1;16200;ASH_COATED_OSMIUM;9938;15;9934;18;;;9945;19;9947;16;;;9941.5;0.0
yf_ZC=F_d1;16200;INTARIAN_PEPPER_ROOT;12674;17;12670;18;;;12680;18;12682;23;;;12677.0;0.0
yf_ZC=F_d1;16300;ASH_COATED_OSMIUM;9937;12;9935;14;;;9943;12;9946;22;;;9940.0;0.0
yf_ZC=F_d1;16300;INTARIAN_PEPPER_ROOT;12672;16;12669;15;;;12678;17;12680;19;;;12675.0;0.0
yf_ZC=F_d1;16400;ASH_COATED_OSMIUM;9938;10;9936;16;;;9944;22;9948;26;;;9941.0;0.0
yf_ZC=F_d1;16400;INTARIAN_PEPPER_ROOT;12672;17;12668;24;;;12678;14;12682;13;;;12675.0;0.0
yf_ZC=F_d1;16500;ASH_COATED_OSMIUM;9936;16;9933;17;;;9946;10;9949;26;;;9941.0;0.0
yf_ZC=F_d1;16500;INTARIAN_PEPPER_ROOT;12670;19;12667;8;;;12676;11;12679;25;;;12673.0;0.0
yf_ZC=F_d1;16600;ASH_COATED_OSMIUM;9937;20;9934;18;;;9943;24;9946;21;;;9940.0;0.0
yf_ZC=F_d1;16600;INTARIAN_PEPPER_ROOT;12669;7;12667;18;;;12675;11;12679;21;;;12672.0;0.0
yf_ZC=F_d1;16700;ASH_COATED_OSMIUM;9938;13;9936;17;;;9944;8;9948;15;;;9941.0;0.0
yf_ZC=F_d1;16700;INTARIAN_PEPPER_ROOT;12666;14;12664;16;;;12675;9;12679;26;;;12670.5;0.0
yf_ZC=F_d1;16800;ASH_COATED_OSMIUM;9938;16;9934;17;;;9944;14;9946;21;;;9941.0;0.0
yf_ZC=F_d1;16800;INTARIAN_PEPPER_ROOT;12667;21;12664;19;;;12673;10;12675;23;;;12670.0;0.0
yf_ZC=F_d1;16900;ASH_COATED_OSMIUM;9932;20;9930;21;;;9948;9;9950;18;;;9940.0;0.0
yf_ZC=F_d1;16900;INTARIAN_PEPPER_ROOT;12661;18;12657;15;;;12674;16;12677;18;;;12667.5;0.0
yf_ZC=F_d1;17000;ASH_COATED_OSMIUM;9938;16;9934;19;;;9944;18;9948;28;;;9941.0;0.0
yf_ZC=F_d1;17000;INTARIAN_PEPPER_ROOT;12664;29;12662;21;;;12670;22;12673;22;;;12667.0;0.0
yf_ZC=F_d1;17100;ASH_COATED_OSMIUM;9938;13;9934;23;;;9944;22;9946;16;;;9941.0;0.0
yf_ZC=F_d1;17100;INTARIAN_PEPPER_ROOT;12663;7;12660;20;;;12669;8;12672;15;;;12666.0;0.0
yf_ZC=F_d1;17200;ASH_COATED_OSMIUM;9937;17;9935;20;;;9943;14;9946;14;;;9940.0;0.0
yf_ZC=F_d1;17200;INTARIAN_PEPPER_ROOT;12663;15;12661;14;;;12669;10;12672;15;;;12666.0;0.0
yf_ZC=F_d1;17300;ASH_COATED_OSMIUM;9937;10;9933;17;;;9943;17;9945;16;;;9940.0;0.0
yf_ZC=F_d1;17300;INTARIAN_PEPPER_ROOT;12662;12;12660;16;;;12669;17;12672;15;;;12665.5;0.0
yf_ZC=F_d1;17400;ASH_COATED_OSMIUM;9935;11;9931;24;;;9945;14;9949;16;;;9940.0;0.0
yf_ZC=F_d1;17400;INTARIAN_PEPPER_ROOT;12660;20;12656;17;;;12671;16;12673;9;;;12665.5;0.0
yf_ZC=F_d1;17500;ASH_COATED_OSMIUM;9937;15;9935;21;;;9943;11;9946;20;;;9940.0;0.0
yf_ZC=F_d1;17500;INTARIAN_PEPPER_ROOT;12661;23;12659;26;;;12667;10;12671;19;;;12664.0;0.0
yf_ZC=F_d1;17600;ASH_COATED_OSMIUM;9937;14;9933;21;;;9943;14;9946;8;;;9940.0;0.0
yf_ZC=F_d1;17600;INTARIAN_PEPPER_ROOT;12661;6;12658;22;;;12667;18;12669;26;;;12664.0;0.0
yf_ZC=F_d1;17700;ASH_COATED_OSMIUM;9934;22;9931;8;;;9946;6;9949;19;;;9940.0;0.0
yf_ZC=F_d1;17700;INTARIAN_PEPPER_ROOT;12660;12;12657;12;;;12666;14;12669;15;;;12663.0;0.0
yf_ZC=F_d1;17800;ASH_COATED_OSMIUM;9919;17;9915;23;;;9960;12;9964;13;;;9939.5;0.0
yf_ZC=F_d1;17800;INTARIAN_PEPPER_ROOT;12660;5;12657;25;;;12666;20;12670;15;;;12663.0;0.0
yf_ZC=F_d1;17900;ASH_COATED_OSMIUM;9927;12;9924;17;;;9953;10;9956;25;;;9940.0;0.0
yf_ZC=F_d1;17900;INTARIAN_PEPPER_ROOT;12658;20;12655;23;;;12667;14;12671;29;;;12662.5;0.0
yf_ZC=F_d1;18000;ASH_COATED_OSMIUM;9937;16;9933;12;;;9943;12;9945;20;;;9940.0;0.0
yf_ZC=F_d1;18000;INTARIAN_PEPPER_ROOT;12659;18;12656;18;;;12665;17;12669;25;;;12662.0;0.0
yf_ZC=F_d1;18100;ASH_COATED_OSMIUM;9937;19;9934;16;;;9943;16;9945;22;;;9940.0;0.0
yf_ZC=F_d1;18100;INTARIAN_PEPPER_ROOT;12658;5;12656;19;;;12664;20;12667;23;;;12661.0;0.0
yf_ZC=F_d1;18200;ASH_COATED_OSMIUM;9936;13;9934;17;;;9942;12;9946;16;;;9939.0;0.0
yf_ZC=F_d1;18200;INTARIAN_PEPPER_ROOT;12658;20;12656;28;;;12664;18;12667;22;;;12661.0;0.0
yf_ZC=F_d1;18300;ASH_COATED_OSMIUM;9936;12;9934;9;;;9942;22;9945;22;;;9939.0;0.0
yf_ZC=F_d1;18300;INTARIAN_PEPPER_ROOT;12658;9;12656;11;;;12664;8;12668;26;;;12661.0;0.0
yf_ZC=F_d1;18400;ASH_COATED_OSMIUM;9934;11;9932;16;;;9944;15;9946;21;;;9939.0;0.0
yf_ZC=F_d1;18400;INTARIAN_PEPPER_ROOT;12656;15;12652;19;;;12664;11;12668;18;;;12660.0;0.0
yf_ZC=F_d1;18500;ASH_COATED_OSMIUM;9934;21;9930;20;;;9943;15;9945;22;;;9938.5;0.0
yf_ZC=F_d1;18500;INTARIAN_PEPPER_ROOT;12656;19;12654;18;;;12663;9;12667;22;;;12659.5;0.0
yf_ZC=F_d1;18600;ASH_COATED_OSMIUM;9933;11;9930;25;;;9944;21;9948;11;;;9938.5;0.0
yf_ZC=F_d1;18600;INTARIAN_PEPPER_ROOT;12655;16;12652;15;;;12662;7;12665;22;;;12658.5;0.0
yf_ZC=F_d1;18700;ASH_COATED_OSMIUM;9936;18;9932;22;;;9942;5;9945;33;;;9939.0;0.0
yf_ZC=F_d1;18700;INTARIAN_PEPPER_ROOT;12655;13;12651;18;;;12661;16;12663;21;;;12658.0;0.0
yf_ZC=F_d1;18800;ASH_COATED_OSMIUM;9935;19;9933;25;;;9943;11;9946;20;;;9939.0;0.0
yf_ZC=F_d1;18800;INTARIAN_PEPPER_ROOT;12648;9;12646;27;;;12666;13;12668;33;;;12657.0;0.0
yf_ZC=F_d1;18900;ASH_COATED_OSMIUM;9936;11;9932;22;;;9942;20;9944;25;;;9939.0;0.0
yf_ZC=F_d1;18900;INTARIAN_PEPPER_ROOT;12655;14;12652;21;;;12661;15;12663;22;;;12658.0;0.0
yf_ZC=F_d1;19000;ASH_COATED_OSMIUM;9935;15;9932;16;;;9941;8;9944;8;;;9938.0;0.0
yf_ZC=F_d1;19000;INTARIAN_PEPPER_ROOT;12648;11;12646;12;;;12666;6;12668;30;;;12657.0;0.0
yf_ZC=F_d1;19100;ASH_COATED_OSMIUM;9934;5;9932;21;;;9944;15;9946;23;;;9939.0;0.0
yf_ZC=F_d1;19100;INTARIAN_PEPPER_ROOT;12649;11;12646;13;;;12664;19;12668;18;;;12656.5;0.0
yf_ZC=F_d1;19200;ASH_COATED_OSMIUM;9935;13;9931;8;;;9941;13;9943;23;;;9938.0;0.0
yf_ZC=F_d1;19200;INTARIAN_PEPPER_ROOT;12653;12;12651;22;;;12659;23;12662;14;;;12656.0;0.0
yf_ZC=F_d1;19300;ASH_COATED_OSMIUM;9935;5;9933;20;;;9941;18;9944;23;;;9938.0;0.0
yf_ZC=F_d1;19300;INTARIAN_PEPPER_ROOT;12652;18;12650;23;;;12658;13;12660;21;;;12655.0;0.0
yf_ZC=F_d1;19400;ASH_COATED_OSMIUM;9930;12;9928;22;;;9947;25;9951;17;;;9938.5;0.0
yf_ZC=F_d1;19400;INTARIAN_PEPPER_ROOT;12648;23;12646;22;;;12663;26;12665;13;;;12655.5;0.0
yf_ZC=F_d1;19500;ASH_COATED_OSMIUM;9935;17;9933;13;;;9941;13;9943;23;;;9938.0;0.0
yf_ZC=F_d1;19500;INTARIAN_PEPPER_ROOT;12652;19;12650;26;;;12658;8;12660;16;;;12655.0;0.0
yf_ZC=F_d1;19600;ASH_COATED_OSMIUM;9935;13;9932;27;;;9941;15;9943;17;;;9938.0;0.0
yf_ZC=F_d1;19600;INTARIAN_PEPPER_ROOT;12641;22;12637;20;;;12666;9;12670;19;;;12653.5;0.0
yf_ZC=F_d1;19700;ASH_COATED_OSMIUM;9935;19;9933;21;;;9941;13;9945;16;;;9938.0;0.0
yf_ZC=F_d1;19700;INTARIAN_PEPPER_ROOT;12650;16;12646;16;;;12656;21;12660;14;;;12653.0;0.0
yf_ZC=F_d1;19800;ASH_COATED_OSMIUM;9925;18;9923;16;;;9950;8;9952;23;;;9937.5;0.0
yf_ZC=F_d1;19800;INTARIAN_PEPPER_ROOT;12633;9;12630;15;;;12672;12;12675;14;;;12652.5;0.0
yf_ZC=F_d1;19900;ASH_COATED_OSMIUM;9934;21;9930;24;;;9940;17;9943;20;;;9937.0;0.0
yf_ZC=F_d1;19900;INTARIAN_PEPPER_ROOT;12643;14;12639;22;;;12662;10;12665;19;;;12652.5;0.0
yf_ZC=F_d1;20000;ASH_COATED_OSMIUM;9935;5;9932;18;;;9941;17;9943;8;;;9938.0;0.0
yf_ZC=F_d1;20000;INTARIAN_PEPPER_ROOT;12649;14;12645;15;;;12655;20;12657;21;;;12652.0;0.0
yf_ZC=F_d1;20100;ASH_COATED_OSMIUM;9930;14;9928;16;;;9944;5;9948;22;;;9937.0;0.0
yf_ZC=F_d1;20100;INTARIAN_PEPPER_ROOT;12647;23;12644;13;;;12655;19;12657;19;;;12651.0;0.0
yf_ZC=F_d1;20200;ASH_COATED_OSMIUM;9934;17;9932;17;;;9940;21;9944;25;;;9937.0;0.0
yf_ZC=F_d1;20200;INTARIAN_PEPPER_ROOT;12648;19;12644;14;;;12654;13;12657;12;;;12651.0;0.0
yf_ZC=F_d1;20300;ASH_COATED_OSMIUM;9933;17;9931;14;;;9940;12;9942;20;;;9936.5;0.0
yf_ZC=F_d1;20300;INTARIAN_PEPPER_ROOT;12644;14;12642;21;;;12655;11;12657;29;;;12649.5;0.0
yf_ZC=F_d1;20400;ASH_COATED_OSMIUM;9934;7;9931;14;;;9940;10;9943;16;;;9937.0;0.0
yf_ZC=F_d1;20400;INTARIAN_PEPPER_ROOT;12647;20;12643;25;;;12653;13;12655;12;;;12650.0;0.0
yf_ZC=F_d1;20500;ASH_COATED_OSMIUM;9933;14;9929;19;;;9939;12;9941;19;;;9936.0;0.0
yf_ZC=F_d1;20500;INTARIAN_PEPPER_ROOT;12647;11;12643;19;;;12653;8;12656;20;;;12650.0;0.0
yf_ZC=F_d1;20600;ASH_COATED_OSMIUM;9934;20;9931;15;;;9940;5;9944;16;;;9937.0;0.0
yf_ZC=F_d1;20600;INTARIAN_PEPPER_ROOT;12646;25;12642;14;;;12652;6;12655;24;;;12649.0;0.0
yf_ZC=F_d1;20700;ASH_COATED_OSMIUM;9929;9;9926;21;;;9945;20;9949;20;;;9937.0;0.0
yf_ZC=F_d1;20700;INTARIAN_PEPPER_ROOT;12645;11;12642;17;;;12651;15;12655;19;;;12648.0;0.0
yf_ZC=F_d1;20800;ASH_COATED_OSMIUM;9934;16;9932;20;;;9940;14;9942;15;;;9937.0;0.0
yf_ZC=F_d1;20800;INTARIAN_PEPPER_ROOT;12645;13;12642;19;;;12651;21;12655;24;;;12648.0;0.0
yf_ZC=F_d1;20900;ASH_COATED_OSMIUM;9933;13;9929;24;;;9939;5;9942;16;;;9936.0;0.0
yf_ZC=F_d1;20900;INTARIAN_PEPPER_ROOT;12644;12;12640;22;;;12650;16;12653;23;;;12647.0;0.0
yf_ZC=F_d1;21000;ASH_COATED_OSMIUM;9933;18;9929;16;;;9939;8;9941;17;;;9936.0;0.0
yf_ZC=F_d1;21000;INTARIAN_PEPPER_ROOT;12644;21;12641;31;;;12650;9;12652;16;;;12647.0;0.0
yf_ZC=F_d1;21100;ASH_COATED_OSMIUM;9925;15;9922;18;;;9947;11;9949;19;;;9936.0;0.0
yf_ZC=F_d1;21100;INTARIAN_PEPPER_ROOT;12643;10;12639;16;;;12649;27;12651;10;;;12646.0;0.0
yf_ZC=F_d1;21200;ASH_COATED_OSMIUM;9933;9;9930;14;;;9939;5;9941;19;;;9936.0;0.0
yf_ZC=F_d1;21200;INTARIAN_PEPPER_ROOT;12643;8;12640;16;;;12649;13;12652;31;;;12646.0;0.0
yf_ZC=F_d1;21300;ASH_COATED_OSMIUM;9931;12;9928;25;;;9941;10;9944;23;;;9936.0;0.0
yf_ZC=F_d1;21300;INTARIAN_PEPPER_ROOT;12642;9;12640;14;;;12648;21;12651;24;;;12645.0;0.0
yf_ZC=F_d1;21400;ASH_COATED_OSMIUM;9933;14;9929;22;;;9939;5;9942;18;;;9936.0;0.0
yf_ZC=F_d1;21400;INTARIAN_PEPPER_ROOT;12642;16;12638;21;;;12648;11;12651;25;;;12645.0;0.0
yf_ZC=F_d1;21500;ASH_COATED_OSMIUM;9933;11;9930;17;;;9939;12;9943;16;;;9936.0;0.0
yf_ZC=F_d1;21500;INTARIAN_PEPPER_ROOT;12640;15;12637;22;;;12650;10;12652;17;;;12645.0;0.0
yf_ZC=F_d1;21600;ASH_COATED_OSMIUM;9933;18;9931;13;;;9939;12;9942;18;;;9936.0;0.0
yf_ZC=F_d1;21600;INTARIAN_PEPPER_ROOT;12640;11;12638;22;;;12647;25;12649;18;;;12643.5;0.0
yf_ZC=F_d1;21700;ASH_COATED_OSMIUM;9933;12;9929;21;;;9939;11;9942;14;;;9936.0;0.0
yf_ZC=F_d1;21700;INTARIAN_PEPPER_ROOT;12640;12;12637;28;;;12646;17;12649;19;;;12643.0;0.0
yf_ZC=F_d1;21800;ASH_COATED_OSMIUM;9933;19;9930;14;;;9939;26;9943;23;;;9936.0;0.0
yf_ZC=F_d1;21800;INTARIAN_PEPPER_ROOT;12640;14;12636;23;;;12646;19;12648;29;;;12643.0;0.0
yf_ZC=F_d1;21900;ASH_COATED_OSMIUM;9930;12;9928;20;;;9941;15;9943;15;;;9935.5;0.0
yf_ZC=F_d1;21900;INTARIAN_PEPPER_ROOT;12639;8;12636;24;;;12646;16;12650;25;;;12642.5;0.0
yf_ZC=F_d1;22000;ASH_COATED_OSMIUM;9932;19;9929;16;;;9938;7;9942;22;;;9935.0;0.0
yf_ZC=F_d1;22000;INTARIAN_PEPPER_ROOT;12639;20;12636;18;;;12645;11;12647;26;;;12642.0;0.0
yf_ZC=F_d1;22100;ASH_COATED_OSMIUM;9931;9;9927;28;;;9937;13;9940;24;;;9934.0;0.0
yf_ZC=F_d1;22100;INTARIAN_PEPPER_ROOT;12638;15;12635;17;;;12644;23;12648;27;;;12641.0;0.0
yf_ZC=F_d1;22200;ASH_COATED_OSMIUM;9931;28;9928;22;;;9938;13;9942;17;;;9934.5;0.0
yf_ZC=F_d1;22200;INTARIAN_PEPPER_ROOT;12638;13;12635;30;;;12644;18;12647;8;;;12641.0;0.0
yf_ZC=F_d1;22300;ASH_COATED_OSMIUM;9932;12;9928;21;;;9938;7;9942;23;;;9935.0;0.0
yf_ZC=F_d1;22300;INTARIAN_PEPPER_ROOT;12636;13;12634;18;;;12645;22;12647;13;;;12640.5;0.0
yf_ZC=F_d1;22400;ASH_COATED_OSMIUM;9931;21;9927;28;;;9939;16;9942;23;;;9935.0;0.0
yf_ZC=F_d1;22400;INTARIAN_PEPPER_ROOT;12633;14;12629;22;;;12646;19;12650;19;;;12639.5;0.0
yf_ZC=F_d1;22500;ASH_COATED_OSMIUM;9931;13;9929;14;;;9937;21;9941;18;;;9934.0;0.0
yf_ZC=F_d1;22500;INTARIAN_PEPPER_ROOT;12636;13;12632;10;;;12642;6;12644;23;;;12639.0;0.0
yf_ZC=F_d1;22600;ASH_COATED_OSMIUM;9931;16;9927;17;;;9937;15;9941;19;;;9934.0;0.0
yf_ZC=F_d1;22600;INTARIAN_PEPPER_ROOT;12636;15;12634;18;;;12642;15;12645;13;;;12639.0;0.0
yf_ZC=F_d1;22700;ASH_COATED_OSMIUM;9932;15;9929;19;;;9938;24;9942;15;;;9935.0;0.0
yf_ZC=F_d1;22700;INTARIAN_PEPPER_ROOT;12635;20;12632;20;;;12641;7;12645;18;;;12638.0;0.0
yf_ZC=F_d1;22800;ASH_COATED_OSMIUM;9931;14;9927;11;;;9937;14;9941;18;;;9934.0;0.0
yf_ZC=F_d1;22800;INTARIAN_PEPPER_ROOT;12629;21;12625;16;;;12647;18;12649;17;;;12638.0;0.0
yf_ZC=F_d1;22900;ASH_COATED_OSMIUM;9931;5;9927;21;;;9937;8;9939;12;;;9934.0;0.0
yf_ZC=F_d1;22900;INTARIAN_PEPPER_ROOT;12632;11;12630;20;;;12643;13;12646;13;;;12637.5;0.0
yf_ZC=F_d1;23000;ASH_COATED_OSMIUM;9920;21;9917;16;;;9947;12;9950;26;;;9933.5;0.0
yf_ZC=F_d1;23000;INTARIAN_PEPPER_ROOT;12629;15;12627;21;;;12643;22;12646;30;;;12636.0;0.0
yf_ZC=F_d1;23100;ASH_COATED_OSMIUM;9931;8;9928;23;;;9937;13;9940;21;;;9934.0;0.0
yf_ZC=F_d1;23100;INTARIAN_PEPPER_ROOT;12629;14;12625;24;;;12644;22;12648;11;;;12636.5;0.0
yf_ZC=F_d1;23200;ASH_COATED_OSMIUM;9931;15;9929;19;;;9937;20;9939;26;;;9934.0;0.0
yf_ZC=F_d1;23200;INTARIAN_PEPPER_ROOT;12633;12;12630;17;;;12639;13;12641;17;;;12636.0;0.0
yf_ZC=F_d1;23300;ASH_COATED_OSMIUM;9922;20;9918;23;;;9946;20;9949;22;;;9934.0;0.0
yf_ZC=F_d1;23300;INTARIAN_PEPPER_ROOT;12630;16;12627;21;;;12641;10;12645;27;;;12635.5;0.0
yf_ZC=F_d1;23400;ASH_COATED_OSMIUM;9931;15;9927;22;;;9937;11;9941;19;;;9934.0;0.0
yf_ZC=F_d1;23400;INTARIAN_PEPPER_ROOT;12626;17;12622;15;;;12645;14;12648;16;;;12635.5;0.0
yf_ZC=F_d1;23500;ASH_COATED_OSMIUM;9930;11;9928;24;;;9936;12;9938;22;;;9933.0;0.0
yf_ZC=F_d1;23500;INTARIAN_PEPPER_ROOT;12630;8;12627;25;;;12640;9;12643;20;;;12635.0;0.0
yf_ZC=F_d1;23600;ASH_COATED_OSMIUM;9930;17;9926;24;;;9936;15;9938;24;;;9933.0;0.0
yf_ZC=F_d1;23600;INTARIAN_PEPPER_ROOT;12631;13;12627;23;;;12637;19;12639;9;;;12634.0;0.0
yf_ZC=F_d1;23700;ASH_COATED_OSMIUM;9929;21;9927;11;;;9936;11;9938;15;;;9932.5;0.0
yf_ZC=F_d1;23700;INTARIAN_PEPPER_ROOT;12630;20;12626;15;;;12636;13;12638;19;;;12633.0;0.0
yf_ZC=F_d1;23800;ASH_COATED_OSMIUM;9926;13;9922;30;;;9939;23;9942;26;;;9932.5;0.0
yf_ZC=F_d1;23800;INTARIAN_PEPPER_ROOT;12630;14;12628;25;;;12636;7;12640;17;;;12633.0;0.0
yf_ZC=F_d1;23900;ASH_COATED_OSMIUM;9930;10;9927;15;;;9937;16;9939;20;;;9933.5;0.0
yf_ZC=F_d1;23900;INTARIAN_PEPPER_ROOT;12628;12;12625;15;;;12635;11;12639;21;;;12631.5;0.0
yf_ZC=F_d1;24000;ASH_COATED_OSMIUM;9928;18;9926;18;;;9936;13;9940;13;;;9932.0;0.0
yf_ZC=F_d1;24000;INTARIAN_PEPPER_ROOT;12627;26;12625;19;;;12636;21;12638;19;;;12631.5;0.0
yf_ZC=F_d1;24100;ASH_COATED_OSMIUM;9930;8;9927;21;;;9936;21;9938;19;;;9933.0;0.0
yf_ZC=F_d1;24100;INTARIAN_PEPPER_ROOT;12625;22;12622;28;;;12638;10;12641;15;;;12631.5;0.0
yf_ZC=F_d1;24200;ASH_COATED_OSMIUM;9929;13;9927;24;;;9935;10;9938;29;;;9932.0;0.0
yf_ZC=F_d1;24200;INTARIAN_PEPPER_ROOT;12628;8;12626;19;;;12634;14;12637;22;;;12631.0;0.0
yf_ZC=F_d1;24300;ASH_COATED_OSMIUM;9930;7;9927;19;;;9936;17;9940;20;;;9933.0;0.0
yf_ZC=F_d1;24300;INTARIAN_PEPPER_ROOT;12620;16;12617;27;;;12641;13;12644;30;;;12630.5;0.0
yf_ZC=F_d1;24400;ASH_COATED_OSMIUM;9929;11;9926;12;;;9935;19;9938;23;;;9932.0;0.0
yf_ZC=F_d1;24400;INTARIAN_PEPPER_ROOT;12626;8;12622;30;;;12635;12;12637;17;;;12630.5;0.0
yf_ZC=F_d1;24500;ASH_COATED_OSMIUM;9924;17;9920;28;;;9940;10;9943;15;;;9932.0;0.0
yf_ZC=F_d1;24500;INTARIAN_PEPPER_ROOT;12626;9;12622;26;;;12632;15;12635;20;;;12629.0;0.0
yf_ZC=F_d1;24600;ASH_COATED_OSMIUM;9929;12;9925;18;;;9935;18;9939;11;;;9932.0;0.0
yf_ZC=F_d1;24600;INTARIAN_PEPPER_ROOT;12625;19;12623;14;;;12631;11;12633;15;;;12628.0;0.0
yf_ZC=F_d1;24700;ASH_COATED_OSMIUM;9927;14;9923;22;;;9937;16;9939;20;;;9932.0;0.0
yf_ZC=F_d1;24700;INTARIAN_PEPPER_ROOT;12625;28;12621;17;;;12631;12;12634;25;;;12628.0;0.0
yf_ZC=F_d1;24800;ASH_COATED_OSMIUM;9929;22;9927;17;;;9935;25;9938;17;;;9932.0;0.0
yf_ZC=F_d1;24800;INTARIAN_PEPPER_ROOT;12614;19;12611;15;;;12641;12;12645;21;;;12627.5;0.0
yf_ZC=F_d1;24900;ASH_COATED_OSMIUM;9928;7;9926;22;;;9934;5;9936;23;;;9931.0;0.0
yf_ZC=F_d1;24900;INTARIAN_PEPPER_ROOT;12621;7;12617;24;;;12633;17;12637;9;;;12627.0;0.0
yf_ZC=F_d1;25000;ASH_COATED_OSMIUM;9913;13;9909;28;;;9951;11;9955;23;;;9932.0;0.0
yf_ZC=F_d1;25000;INTARIAN_PEPPER_ROOT;12620;13;12617;24;;;12633;19;12636;20;;;12626.5;0.0
yf_ZC=F_d1;25100;ASH_COATED_OSMIUM;9923;14;9921;23;;;9940;21;9942;24;;;9931.5;0.0
yf_ZC=F_d1;25100;INTARIAN_PEPPER_ROOT;12623;14;12620;20;;;12629;18;12631;20;;;12626.0;0.0
yf_ZC=F_d1;25200;ASH_COATED_OSMIUM;9929;7;9927;15;;;9935;11;9939;19;;;9932.0;0.0
yf_ZC=F_d1;25200;INTARIAN_PEPPER_ROOT;12622;14;12618;20;;;12628;16;12631;16;;;12625.0;0.0
yf_ZC=F_d1;25300;ASH_COATED_OSMIUM;9924;10;9921;26;;;9939;11;9942;23;;;9931.5;0.0
yf_ZC=F_d1;25300;INTARIAN_PEPPER_ROOT;12621;15;12617;16;;;12629;9;12632;14;;;12625.0;0.0
yf_ZC=F_d1;25400;ASH_COATED_OSMIUM;9929;10;9927;26;;;9935;19;9937;20;;;9932.0;0.0
yf_ZC=F_d1;25400;INTARIAN_PEPPER_ROOT;12617;6;12615;27;;;12632;24;12635;17;;;12624.5;0.0
yf_ZC=F_d1;25500;ASH_COATED_OSMIUM;9928;12;9925;23;;;9934;20;9938;28;;;9931.0;0.0
yf_ZC=F_d1;25500;INTARIAN_PEPPER_ROOT;12621;21;12618;26;;;12627;14;12631;14;;;12624.0;0.0
yf_ZC=F_d1;25600;ASH_COATED_OSMIUM;9928;11;9925;20;;;9934;14;9937;14;;;9931.0;0.0
yf_ZC=F_d1;25600;INTARIAN_PEPPER_ROOT;12613;12;12611;21;;;12635;14;12639;20;;;12624.0;0.0
yf_ZC=F_d1;25700;ASH_COATED_OSMIUM;9924;8;9921;18;;;9938;13;9940;16;;;9931.0;0.0
yf_ZC=F_d1;25700;INTARIAN_PEPPER_ROOT;12620;14;12618;25;;;12626;13;12630;17;;;12623.0;0.0
yf_ZC=F_d1;25800;ASH_COATED_OSMIUM;9928;14;9924;27;;;9934;18;9938;25;;;9931.0;0.0
yf_ZC=F_d1;25800;INTARIAN_PEPPER_ROOT;12608;13;12605;13;;;12637;14;12640;19;;;12622.5;0.0
yf_ZC=F_d1;25900;ASH_COATED_OSMIUM;9928;19;9926;21;;;9934;6;9938;19;;;9931.0;0.0
yf_ZC=F_d1;25900;INTARIAN_PEPPER_ROOT;12619;13;12615;18;;;12625;12;12627;18;;;12622.0;0.0
yf_ZC=F_d1;26000;ASH_COATED_OSMIUM;9928;14;9924;19;;;9934;17;9937;20;;;9931.0;0.0
yf_ZC=F_d1;26000;INTARIAN_PEPPER_ROOT;12615;14;12613;16;;;12629;16;12633;12;;;12622.0;0.0
yf_ZC=F_d1;26100;ASH_COATED_OSMIUM;9928;15;9926;31;;;9934;16;9938;16;;;9931.0;0.0
yf_ZC=F_d1;26100;INTARIAN_PEPPER_ROOT;12618;14;12616;27;;;12624;12;12626;25;;;12621.0;0.0
yf_ZC=F_d1;26200;ASH_COATED_OSMIUM;9927;5;9923;24;;;9934;18;9936;13;;;9930.5;0.0
yf_ZC=F_d1;26200;INTARIAN_PEPPER_ROOT;12618;21;12615;21;;;12624;14;12627;19;;;12621.0;0.0
yf_ZC=F_d1;26300;ASH_COATED_OSMIUM;9926;23;9923;18;;;9935;9;9939;20;;;9930.5;0.0
yf_ZC=F_d1;26300;INTARIAN_PEPPER_ROOT;12618;21;12616;24;;;12624;10;12627;10;;;12621.0;0.0
yf_ZC=F_d1;26400;ASH_COATED_OSMIUM;9927;16;9923;12;;;9933;9;9936;20;;;9930.0;0.0
yf_ZC=F_d1;26400;INTARIAN_PEPPER_ROOT;12611;17;12607;10;;;12628;17;12631;22;;;12619.5;0.0
yf_ZC=F_d1;26500;ASH_COATED_OSMIUM;9922;18;9920;10;;;9939;7;9942;15;;;9930.5;0.0
yf_ZC=F_d1;26500;INTARIAN_PEPPER_ROOT;12615;13;12612;32;;;12623;18;12627;17;;;12619.0;0.0
yf_ZC=F_d1;26600;ASH_COATED_OSMIUM;9927;19;9925;16;;;9933;21;9935;23;;;9930.0;0.0
yf_ZC=F_d1;26600;INTARIAN_PEPPER_ROOT;12615;22;12611;23;;;12622;11;12625;16;;;12618.5;0.0
yf_ZC=F_d1;26700;ASH_COATED_OSMIUM;9927;10;9925;25;;;9933;18;9935;13;;;9930.0;0.0
yf_ZC=F_d1;26700;INTARIAN_PEPPER_ROOT;12615;23;12611;15;;;12621;26;12625;16;;;12618.0;0.0
yf_ZC=F_d1;26800;ASH_COATED_OSMIUM;9926;20;9924;24;;;9932;28;9935;17;;;9929.0;0.0
yf_ZC=F_d1;26800;INTARIAN_PEPPER_ROOT;12613;17;12610;16;;;12622;10;12625;16;;;12617.5;0.0
yf_ZC=F_d1;26900;ASH_COATED_OSMIUM;9926;18;9922;26;;;9932;14;9935;16;;;9929.0;0.0
yf_ZC=F_d1;26900;INTARIAN_PEPPER_ROOT;12614;14;12611;19;;;12620;15;12624;14;;;12617.0;0.0
yf_ZC=F_d1;27000;ASH_COATED_OSMIUM;9926;5;9923;23;;;9932;11;9935;19;;;9929.0;0.0
yf_ZC=F_d1;27000;INTARIAN_PEPPER_ROOT;12607;14;12604;19;;;12626;14;12628;20;;;12616.5;0.0
yf_ZC=F_d1;27100;ASH_COATED_OSMIUM;9927;9;9924;19;;;9933;15;9936;22;;;9930.0;0.0
yf_ZC=F_d1;27100;INTARIAN_PEPPER_ROOT;12608;7;12605;23;;;12625;18;12627;15;;;12616.5;0.0
yf_ZC=F_d1;27200;ASH_COATED_OSMIUM;9926;16;9922;25;;;9932;14;9936;22;;;9929.0;0.0
yf_ZC=F_d1;27200;INTARIAN_PEPPER_ROOT;12613;23;12609;11;;;12619;7;12622;12;;;12616.0;0.0
yf_ZC=F_d1;27300;ASH_COATED_OSMIUM;9926;13;9924;19;;;9932;8;9936;18;;;9929.0;0.0
yf_ZC=F_d1;27300;INTARIAN_PEPPER_ROOT;12612;13;12608;25;;;12618;21;12622;18;;;12615.0;0.0
yf_ZC=F_d1;27400;ASH_COATED_OSMIUM;9926;17;9923;19;;;9932;24;9935;25;;;9929.0;0.0
yf_ZC=F_d1;27400;INTARIAN_PEPPER_ROOT;12612;11;12608;18;;;12618;22;12621;25;;;12615.0;0.0
yf_ZC=F_d1;27500;ASH_COATED_OSMIUM;9924;20;9921;16;;;9933;10;9935;25;;;9928.5;0.0
yf_ZC=F_d1;27500;INTARIAN_PEPPER_ROOT;12611;12;12608;10;;;12617;18;12619;8;;;12614.0;0.0
yf_ZC=F_d1;27600;ASH_COATED_OSMIUM;9923;21;9920;20;;;9934;15;9938;21;;;9928.5;0.0
yf_ZC=F_d1;27600;INTARIAN_PEPPER_ROOT;12610;21;12606;29;;;12616;15;12619;18;;;12613.0;0.0
yf_ZC=F_d1;27700;ASH_COATED_OSMIUM;9925;16;9923;29;;;9931;18;9934;19;;;9928.0;0.0
yf_ZC=F_d1;27700;INTARIAN_PEPPER_ROOT;12610;14;12607;8;;;12616;19;12619;15;;;12613.0;0.0
yf_ZC=F_d1;27800;ASH_COATED_OSMIUM;9914;12;9910;16;;;9942;9;9946;14;;;9928.0;0.0
yf_ZC=F_d1;27800;INTARIAN_PEPPER_ROOT;12604;20;12602;19;;;12620;6;12623;21;;;12612.0;0.0
yf_ZC=F_d1;27900;ASH_COATED_OSMIUM;9926;9;9924;11;;;9932;22;9935;31;;;9929.0;0.0
yf_ZC=F_d1;27900;INTARIAN_PEPPER_ROOT;12609;18;12607;25;;;12616;17;12619;21;;;12612.5;0.0
yf_ZC=F_d1;28000;ASH_COATED_OSMIUM;9925;19;9923;15;;;9931;17;9934;11;;;9928.0;0.0
yf_ZC=F_d1;28000;INTARIAN_PEPPER_ROOT;12609;10;12606;27;;;12615;21;12617;17;;;12612.0;0.0
yf_ZC=F_d1;28100;ASH_COATED_OSMIUM;9926;15;9922;12;;;9932;23;9934;17;;;9929.0;0.0
yf_ZC=F_d1;28100;INTARIAN_PEPPER_ROOT;12605;16;12603;15;;;12618;15;12620;25;;;12611.5;0.0
yf_ZC=F_d1;28200;ASH_COATED_OSMIUM;9915;16;9912;24;;;9942;15;9946;14;;;9928.5;0.0
yf_ZC=F_d1;28200;INTARIAN_PEPPER_ROOT;12607;16;12604;27;;;12613;9;12616;21;;;12610.0;0.0
yf_ZC=F_d1;28300;ASH_COATED_OSMIUM;9925;13;9922;21;;;9931;29;9934;21;;;9928.0;0.0
yf_ZC=F_d1;28300;INTARIAN_PEPPER_ROOT;12607;22;12603;22;;;12613;19;12617;24;;;12610.0;0.0
yf_ZC=F_d1;28400;ASH_COATED_OSMIUM;9925;8;9921;17;;;9931;14;9935;22;;;9928.0;0.0
yf_ZC=F_d1;28400;INTARIAN_PEPPER_ROOT;12606;11;12604;20;;;12612;10;12615;23;;;12609.0;0.0
yf_ZC=F_d1;28500;ASH_COATED_OSMIUM;9925;8;9923;19;;;9931;17;9933;24;;;9928.0;0.0
yf_ZC=F_d1;28500;INTARIAN_PEPPER_ROOT;12606;19;12604;17;;;12612;16;12615;20;;;12609.0;0.0
yf_ZC=F_d1;28600;ASH_COATED_OSMIUM;9925;16;9921;24;;;9931;22;9933;12;;;9928.0;0.0
yf_ZC=F_d1;28600;INTARIAN_PEPPER_ROOT;12602;16;12599;20;;;12615;13;12619;21;;;12608.5;0.0
yf_ZC=F_d1;28700;ASH_COATED_OSMIUM;9923;19;9919;21;;;9931;13;9934;21;;;9927.0;0.0
yf_ZC=F_d1;28700;INTARIAN_PEPPER_ROOT;12606;21;12602;26;;;12612;12;12614;19;;;12609.0;0.0
yf_ZC=F_d1;28800;ASH_COATED_OSMIUM;9924;14;9921;17;;;9930;17;9933;27;;;9927.0;0.0
yf_ZC=F_d1;28800;INTARIAN_PEPPER_ROOT;12605;13;12602;17;;;12611;18;12613;21;;;12608.0;0.0
yf_ZC=F_d1;28900;ASH_COATED_OSMIUM;9925;18;9921;16;;;9931;20;9935;26;;;9928.0;0.0
yf_ZC=F_d1;28900;INTARIAN_PEPPER_ROOT;12604;8;12600;23;;;12610;19;12614;21;;;12607.0;0.0
yf_ZC=F_d1;29000;ASH_COATED_OSMIUM;9924;13;9920;25;;;9930;18;9932;19;;;9927.0;0.0
yf_ZC=F_d1;29000;INTARIAN_PEPPER_ROOT;12596;15;12594;26;;;12618;10;12622;12;;;12607.0;0.0
yf_ZC=F_d1;29100;ASH_COATED_OSMIUM;9923;20;9921;24;;;9930;9;9932;22;;;9926.5;0.0
yf_ZC=F_d1;29100;INTARIAN_PEPPER_ROOT;12603;14;12601;13;;;12609;19;12612;13;;;12606.0;0.0
yf_ZC=F_d1;29200;ASH_COATED_OSMIUM;9921;11;9917;21;;;9934;15;9936;15;;;9927.5;0.0
yf_ZC=F_d1;29200;INTARIAN_PEPPER_ROOT;12603;14;12599;14;;;12609;23;12613;25;;;12606.0;0.0
yf_ZC=F_d1;29300;ASH_COATED_OSMIUM;9911;24;9908;26;;;9943;10;9945;19;;;9927.0;0.0
yf_ZC=F_d1;29300;INTARIAN_PEPPER_ROOT;12602;10;12600;13;;;12608;18;12612;23;;;12605.0;0.0
yf_ZC=F_d1;29400;ASH_COATED_OSMIUM;9920;19;9918;24;;;9934;16;9938;24;;;9927.0;0.0
yf_ZC=F_d1;29400;INTARIAN_PEPPER_ROOT;12602;22;12598;14;;;12608;22;12612;19;;;12605.0;0.0
yf_ZC=F_d1;29500;ASH_COATED_OSMIUM;9914;11;9912;21;;;9940;17;9944;22;;;9927.0;0.0
yf_ZC=F_d1;29500;INTARIAN_PEPPER_ROOT;12601;12;12597;8;;;12607;5;12609;21;;;12604.0;0.0
yf_ZC=F_d1;29600;ASH_COATED_OSMIUM;9921;14;9919;15;;;9930;19;9933;10;;;9925.5;0.0
yf_ZC=F_d1;29600;INTARIAN_PEPPER_ROOT;12600;13;12597;18;;;12608;21;12612;19;;;12604.0;0.0
yf_ZC=F_d1;29700;ASH_COATED_OSMIUM;9922;13;9919;20;;;9930;17;9934;19;;;9926.0;0.0
yf_ZC=F_d1;29700;INTARIAN_PEPPER_ROOT;12600;26;12598;19;;;12606;20;12610;23;;;12603.0;0.0
yf_ZC=F_d1;29800;ASH_COATED_OSMIUM;9920;20;9918;21;;;9933;21;9936;25;;;9926.5;0.0
yf_ZC=F_d1;29800;INTARIAN_PEPPER_ROOT;12597;13;12594;21;;;12607;17;12609;13;;;12602.0;0.0
yf_ZC=F_d1;29900;ASH_COATED_OSMIUM;9923;9;9921;14;;;9929;6;9932;19;;;9926.0;0.0
yf_ZC=F_d1;29900;INTARIAN_PEPPER_ROOT;12599;14;12597;18;;;12605;18;12608;16;;;12602.0;0.0
yf_ZC=F_d1;30000;ASH_COATED_OSMIUM;9922;14;9918;23;;;9932;28;9934;8;;;9927.0;0.0
yf_ZC=F_d1;30000;INTARIAN_PEPPER_ROOT;12599;16;12596;23;;;12605;24;12608;24;;;12602.0;0.0
yf_ZC=F_d1;30100;ASH_COATED_OSMIUM;9923;18;9919;13;;;9929;15;9933;14;;;9926.0;0.0
yf_ZC=F_d1;30100;INTARIAN_PEPPER_ROOT;12598;20;12594;8;;;12605;16;12607;29;;;12601.5;0.0
yf_ZC=F_d1;30200;ASH_COATED_OSMIUM;9923;12;9920;22;;;9929;22;9931;20;;;9926.0;0.0
yf_ZC=F_d1;30200;INTARIAN_PEPPER_ROOT;12594;19;12592;16;;;12607;17;12610;14;;;12600.5;0.0
yf_ZC=F_d1;30300;ASH_COATED_OSMIUM;9923;20;9919;18;;;9929;12;9933;18;;;9926.0;0.0
yf_ZC=F_d1;30300;INTARIAN_PEPPER_ROOT;12597;13;12594;22;;;12603;24;12607;17;;;12600.0;0.0
yf_ZC=F_d1;30400;ASH_COATED_OSMIUM;9923;18;9919;23;;;9929;8;9933;15;;;9926.0;0.0
yf_ZC=F_d1;30400;INTARIAN_PEPPER_ROOT;12597;15;12595;13;;;12603;20;12605;16;;;12600.0;0.0
yf_ZC=F_d1;30500;ASH_COATED_OSMIUM;9921;20;9918;15;;;9931;18;9933;25;;;9926.0;0.0
yf_ZC=F_d1;30500;INTARIAN_PEPPER_ROOT;12596;18;12592;17;;;12602;17;12604;21;;;12599.0;0.0
yf_ZC=F_d1;30600;ASH_COATED_OSMIUM;9920;5;9918;21;;;9932;11;9935;15;;;9926.0;0.0
yf_ZC=F_d1;30600;INTARIAN_PEPPER_ROOT;12595;9;12592;15;;;12601;7;12605;20;;;12598.0;0.0
yf_ZC=F_d1;30700;ASH_COATED_OSMIUM;9923;16;9919;17;;;9929;5;9931;13;;;9926.0;0.0
yf_ZC=F_d1;30700;INTARIAN_PEPPER_ROOT;12595;21;12592;19;;;12601;11;12605;23;;;12598.0;0.0
yf_ZC=F_d1;30800;ASH_COATED_OSMIUM;9922;26;9918;25;;;9928;18;9930;21;;;9925.0;0.0
yf_ZC=F_d1;30800;INTARIAN_PEPPER_ROOT;12594;5;12590;20;;;12601;23;12605;19;;;12597.5;0.0
yf_ZC=F_d1;30900;ASH_COATED_OSMIUM;9920;22;9917;27;;;9931;19;9933;18;;;9925.5;0.0
yf_ZC=F_d1;30900;INTARIAN_PEPPER_ROOT;12594;10;12591;24;;;12600;10;12602;14;;;12597.0;0.0
yf_ZC=F_d1;31000;ASH_COATED_OSMIUM;9922;20;9918;13;;;9928;12;9931;19;;;9925.0;0.0
yf_ZC=F_d1;31000;INTARIAN_PEPPER_ROOT;12594;15;12592;11;;;12600;11;12604;22;;;12597.0;0.0
yf_ZC=F_d1;31100;ASH_COATED_OSMIUM;9916;5;9913;20;;;9934;11;9938;25;;;9925.0;0.0
yf_ZC=F_d1;31100;INTARIAN_PEPPER_ROOT;12588;12;12584;19;;;12604;15;12608;21;;;12596.0;0.0
yf_ZC=F_d1;31200;ASH_COATED_OSMIUM;9921;17;9918;21;;;9930;5;9934;16;;;9925.5;0.0
yf_ZC=F_d1;31200;INTARIAN_PEPPER_ROOT;12593;21;12591;14;;;12599;20;12601;18;;;12596.0;0.0
yf_ZC=F_d1;31300;ASH_COATED_OSMIUM;9922;22;9919;13;;;9928;19;9932;16;;;9925.0;0.0
yf_ZC=F_d1;31300;INTARIAN_PEPPER_ROOT;12592;8;12588;10;;;12599;8;12602;24;;;12595.5;0.0
yf_ZC=F_d1;31400;ASH_COATED_OSMIUM;9920;10;9918;23;;;9929;11;9931;17;;;9924.5;0.0
yf_ZC=F_d1;31400;INTARIAN_PEPPER_ROOT;12591;9;12587;27;;;12597;15;12599;27;;;12594.0;0.0
yf_ZC=F_d1;31500;ASH_COATED_OSMIUM;9922;5;9919;23;;;9928;13;9932;22;;;9925.0;0.0
yf_ZC=F_d1;31500;INTARIAN_PEPPER_ROOT;12591;7;12587;15;;;12599;24;12602;26;;;12595.0;0.0
yf_ZC=F_d1;31600;ASH_COATED_OSMIUM;9918;20;9915;20;;;9931;17;9933;14;;;9924.5;0.0
yf_ZC=F_d1;31600;INTARIAN_PEPPER_ROOT;12590;11;12588;18;;;12596;8;12598;15;;;12593.0;0.0
yf_ZC=F_d1;31700;ASH_COATED_OSMIUM;9919;14;9915;18;;;9929;17;9931;20;;;9924.0;0.0
yf_ZC=F_d1;31700;INTARIAN_PEPPER_ROOT;12591;15;12589;17;;;12597;13;12599;29;;;12594.0;0.0
yf_ZC=F_d1;31800;ASH_COATED_OSMIUM;9921;14;9918;21;;;9927;13;9930;26;;;9924.0;0.0
yf_ZC=F_d1;31800;INTARIAN_PEPPER_ROOT;12565;16;12562;18;;;12621;14;12624;19;;;12593.0;0.0
yf_ZC=F_d1;31900;ASH_COATED_OSMIUM;9913;15;9911;18;;;9936;15;9940;21;;;9924.5;0.0
yf_ZC=F_d1;31900;INTARIAN_PEPPER_ROOT;12585;8;12582;31;;;12599;12;12601;19;;;12592.0;0.0
yf_ZC=F_d1;32000;ASH_COATED_OSMIUM;9921;17;9919;18;;;9927;26;9929;12;;;9924.0;0.0
yf_ZC=F_d1;32000;INTARIAN_PEPPER_ROOT;12589;12;12585;13;;;12595;14;12599;20;;;12592.0;0.0
yf_ZC=F_d1;32100;ASH_COATED_OSMIUM;9921;21;9917;24;;;9927;12;9929;10;;;9924.0;0.0
yf_ZC=F_d1;32100;INTARIAN_PEPPER_ROOT;12588;12;12586;13;;;12594;11;12598;26;;;12591.0;0.0
yf_ZC=F_d1;32200;ASH_COATED_OSMIUM;9921;11;9918;25;;;9927;12;9929;18;;;9924.0;0.0
yf_ZC=F_d1;32200;INTARIAN_PEPPER_ROOT;12588;24;12586;11;;;12594;16;12596;16;;;12591.0;0.0
yf_ZC=F_d1;32300;ASH_COATED_OSMIUM;9921;10;9917;24;;;9927;12;9931;19;;;9924.0;0.0
yf_ZC=F_d1;32300;INTARIAN_PEPPER_ROOT;12581;11;12578;15;;;12598;19;12600;29;;;12589.5;0.0
yf_ZC=F_d1;32400;ASH_COATED_OSMIUM;9920;8;9917;16;;;9926;18;9930;16;;;9923.0;0.0
yf_ZC=F_d1;32400;INTARIAN_PEPPER_ROOT;12586;14;12584;21;;;12594;16;12598;15;;;12590.0;0.0
yf_ZC=F_d1;32500;ASH_COATED_OSMIUM;9920;20;9916;20;;;9926;7;9928;22;;;9923.0;0.0
yf_ZC=F_d1;32500;INTARIAN_PEPPER_ROOT;12586;15;12583;17;;;12592;17;12594;25;;;12589.0;0.0
yf_ZC=F_d1;32600;ASH_COATED_OSMIUM;9918;22;9916;19;;;9929;19;9932;22;;;9923.5;0.0
yf_ZC=F_d1;32600;INTARIAN_PEPPER_ROOT;12585;15;12582;20;;;12591;19;12595;19;;;12588.0;0.0
yf_ZC=F_d1;32700;ASH_COATED_OSMIUM;9914;12;9912;23;;;9933;25;9937;18;;;9923.5;0.0
yf_ZC=F_d1;32700;INTARIAN_PEPPER_ROOT;12575;10;12572;17;;;12602;10;12605;20;;;12588.5;0.0
yf_ZC=F_d1;32800;ASH_COATED_OSMIUM;9918;14;9915;23;;;9928;17;9930;15;;;9923.0;0.0
yf_ZC=F_d1;32800;INTARIAN_PEPPER_ROOT;12584;5;12582;18;;;12590;15;12593;24;;;12587.0;0.0
yf_ZC=F_d1;32900;ASH_COATED_OSMIUM;9920;16;9916;27;;;9926;11;9930;29;;;9923.0;0.0
yf_ZC=F_d1;32900;INTARIAN_PEPPER_ROOT;12584;19;12582;23;;;12590;14;12594;17;;;12587.0;0.0
yf_ZC=F_d1;33000;ASH_COATED_OSMIUM;9920;13;9917;16;;;9926;14;9929;23;;;9923.0;0.0
yf_ZC=F_d1;33000;INTARIAN_PEPPER_ROOT;12583;23;12579;18;;;12589;13;12591;19;;;12586.0;0.0
yf_ZC=F_d1;33100;ASH_COATED_OSMIUM;9919;13;9917;26;;;9925;18;9928;16;;;9922.0;0.0
yf_ZC=F_d1;33100;INTARIAN_PEPPER_ROOT;12583;19;12579;15;;;12589;19;12593;28;;;12586.0;0.0
yf_ZC=F_d1;33200;ASH_COATED_OSMIUM;9916;13;9912;20;;;9930;20;9932;31;;;9923.0;0.0
yf_ZC=F_d1;33200;INTARIAN_PEPPER_ROOT;12575;6;12573;19;;;12595;10;12598;17;;;12585.0;0.0
yf_ZC=F_d1;33300;ASH_COATED_OSMIUM;9918;11;9914;14;;;9927;10;9930;14;;;9922.5;0.0
yf_ZC=F_d1;33300;INTARIAN_PEPPER_ROOT;12580;15;12578;25;;;12590;18;12592;27;;;12585.0;0.0
yf_ZC=F_d1;33400;ASH_COATED_OSMIUM;9920;23;9916;21;;;9926;7;9928;22;;;9923.0;0.0
yf_ZC=F_d1;33400;INTARIAN_PEPPER_ROOT;12581;24;12579;19;;;12588;5;12592;22;;;12584.5;0.0
yf_ZC=F_d1;33500;ASH_COATED_OSMIUM;9920;16;9917;18;;;9927;10;9929;20;;;9923.5;0.0
yf_ZC=F_d1;33500;INTARIAN_PEPPER_ROOT;12581;22;12579;24;;;12587;14;12589;8;;;12584.0;0.0
yf_ZC=F_d1;33600;ASH_COATED_OSMIUM;9913;15;9909;13;;;9930;13;9932;24;;;9921.5;0.0
yf_ZC=F_d1;33600;INTARIAN_PEPPER_ROOT;12579;19;12576;25;;;12588;19;12591;24;;;12583.5;0.0
yf_ZC=F_d1;33700;ASH_COATED_OSMIUM;9919;16;9916;16;;;9925;17;9927;13;;;9922.0;0.0
yf_ZC=F_d1;33700;INTARIAN_PEPPER_ROOT;12580;8;12577;22;;;12586;5;12590;17;;;12583.0;0.0
yf_ZC=F_d1;33800;ASH_COATED_OSMIUM;9917;11;9915;25;;;9927;20;9931;26;;;9922.0;0.0
yf_ZC=F_d1;33800;INTARIAN_PEPPER_ROOT;12572;20;12568;16;;;12592;10;12595;18;;;12582.0;0.0
yf_ZC=F_d1;33900;ASH_COATED_OSMIUM;9902;16;9899;28;;;9941;20;9943;18;;;9921.5;0.0
yf_ZC=F_d1;33900;INTARIAN_PEPPER_ROOT;12579;12;12576;12;;;12585;10;12588;19;;;12582.0;0.0
yf_ZC=F_d1;34000;ASH_COATED_OSMIUM;9916;18;9914;8;;;9928;9;9930;25;;;9922.0;0.0
yf_ZC=F_d1;34000;INTARIAN_PEPPER_ROOT;12579;14;12575;24;;;12585;9;12588;22;;;12582.0;0.0
yf_ZC=F_d1;34100;ASH_COATED_OSMIUM;9919;21;9915;29;;;9925;9;9929;23;;;9922.0;0.0
yf_ZC=F_d1;34100;INTARIAN_PEPPER_ROOT;12577;11;12573;21;;;12583;12;12585;23;;;12580.0;0.0
yf_ZC=F_d1;34200;ASH_COATED_OSMIUM;9919;22;9916;16;;;9925;16;9929;8;;;9922.0;0.0
yf_ZC=F_d1;34200;INTARIAN_PEPPER_ROOT;12578;15;12575;13;;;12584;18;12587;26;;;12581.0;0.0
yf_ZC=F_d1;34300;ASH_COATED_OSMIUM;9916;5;9913;24;;;9930;18;9933;13;;;9923.0;0.0
yf_ZC=F_d1;34300;INTARIAN_PEPPER_ROOT;12568;15;12565;20;;;12591;18;12595;22;;;12579.5;0.0
yf_ZC=F_d1;34400;ASH_COATED_OSMIUM;9920;14;9917;21;;;9926;15;9929;18;;;9923.0;0.0
yf_ZC=F_d1;34400;INTARIAN_PEPPER_ROOT;12573;19;12569;22;;;12585;14;12588;17;;;12579.0;0.0
yf_ZC=F_d1;34500;ASH_COATED_OSMIUM;9910;15;9906;14;;;9935;17;9937;23;;;9922.5;0.0
yf_ZC=F_d1;34500;INTARIAN_PEPPER_ROOT;12576;19;12572;23;;;12582;16;12586;18;;;12579.0;0.0
yf_ZC=F_d1;34600;ASH_COATED_OSMIUM;9918;22;9914;29;;;9928;10;9931;25;;;9923.0;0.0
yf_ZC=F_d1;34600;INTARIAN_PEPPER_ROOT;12575;12;12572;12;;;12581;13;12584;21;;;12578.0;0.0
yf_ZC=F_d1;34700;ASH_COATED_OSMIUM;9920;9;9916;19;;;9926;9;9928;19;;;9923.0;0.0
yf_ZC=F_d1;34700;INTARIAN_PEPPER_ROOT;12574;25;12571;23;;;12580;11;12584;22;;;12577.0;0.0
yf_ZC=F_d1;34800;ASH_COATED_OSMIUM;9920;7;9918;19;;;9926;12;9930;25;;;9923.0;0.0
yf_ZC=F_d1;34800;INTARIAN_PEPPER_ROOT;12562;6;12558;16;;;12592;15;12596;21;;;12577.0;0.0
yf_ZC=F_d1;34900;ASH_COATED_OSMIUM;9917;18;9913;28;;;9930;14;9934;13;;;9923.5;0.0
yf_ZC=F_d1;34900;INTARIAN_PEPPER_ROOT;12566;20;12562;21;;;12585;9;12587;20;;;12575.5;0.0
yf_ZC=F_d1;35000;ASH_COATED_OSMIUM;9920;19;9917;28;;;9926;11;9929;22;;;9923.0;0.0
yf_ZC=F_d1;35000;INTARIAN_PEPPER_ROOT;12573;17;12569;23;;;12579;9;12583;20;;;12576.0;0.0
yf_ZC=F_d1;35100;ASH_COATED_OSMIUM;9920;18;9916;22;;;9926;12;9928;18;;;9923.0;0.0
yf_ZC=F_d1;35100;INTARIAN_PEPPER_ROOT;12559;19;12556;12;;;12593;21;12596;24;;;12576.0;0.0
yf_ZC=F_d1;35200;ASH_COATED_OSMIUM;9921;16;9917;21;;;9928;11;9932;19;;;9924.5;0.0
yf_ZC=F_d1;35200;INTARIAN_PEPPER_ROOT;12572;14;12570;26;;;12578;13;12582;28;;;12575.0;0.0
yf_ZC=F_d1;35300;ASH_COATED_OSMIUM;9916;19;9913;17;;;9932;9;9936;14;;;9924.0;0.0
yf_ZC=F_d1;35300;INTARIAN_PEPPER_ROOT;12571;18;12567;15;;;12577;16;12579;23;;;12574.0;0.0
yf_ZC=F_d1;35400;ASH_COATED_OSMIUM;9921;8;9917;14;;;9927;20;9929;17;;;9924.0;0.0
yf_ZC=F_d1;35400;INTARIAN_PEPPER_ROOT;12571;17;12568;18;;;12579;15;12583;19;;;12575.0;0.0
yf_ZC=F_d1;35500;ASH_COATED_OSMIUM;9909;16;9905;20;;;9939;18;9942;20;;;9924.0;0.0
yf_ZC=F_d1;35500;INTARIAN_PEPPER_ROOT;12570;16;12567;20;;;12576;14;12579;20;;;12573.0;0.0
yf_ZC=F_d1;35600;ASH_COATED_OSMIUM;9921;11;9918;10;;;9927;19;9930;24;;;9924.0;0.0
yf_ZC=F_d1;35600;INTARIAN_PEPPER_ROOT;12569;18;12566;12;;;12575;13;12578;31;;;12572.0;0.0
yf_ZC=F_d1;35700;ASH_COATED_OSMIUM;9921;15;9919;15;;;9927;18;9930;23;;;9924.0;0.0
yf_ZC=F_d1;35700;INTARIAN_PEPPER_ROOT;12569;16;12566;10;;;12575;10;12577;13;;;12572.0;0.0
yf_ZC=F_d1;35800;ASH_COATED_OSMIUM;9922;12;9918;25;;;9928;19;9932;24;;;9925.0;0.0
yf_ZC=F_d1;35800;INTARIAN_PEPPER_ROOT;12569;12;12565;19;;;12575;20;12578;25;;;12572.0;0.0
yf_ZC=F_d1;35900;ASH_COATED_OSMIUM;9917;19;9913;26;;;9931;20;9933;12;;;9924.0;0.0
yf_ZC=F_d1;35900;INTARIAN_PEPPER_ROOT;12568;15;12566;21;;;12574;14;12576;12;;;12571.0;0.0
yf_ZC=F_d1;36000;ASH_COATED_OSMIUM;9921;9;9918;18;;;9927;12;9929;15;;;9924.0;0.0
yf_ZC=F_d1;36000;INTARIAN_PEPPER_ROOT;12563;10;12560;22;;;12578;9;12580;17;;;12570.5;0.0
yf_ZC=F_d1;36100;ASH_COATED_OSMIUM;9918;6;9916;15;;;9933;15;9936;10;;;9925.5;0.0
yf_ZC=F_d1;36100;INTARIAN_PEPPER_ROOT;12567;14;12564;22;;;12573;18;12576;26;;;12570.0;0.0
yf_ZC=F_d1;36200;ASH_COATED_OSMIUM;9921;19;9918;22;;;9929;13;9933;18;;;9925.0;0.0
yf_ZC=F_d1;36200;INTARIAN_PEPPER_ROOT;12562;11;12559;35;;;12576;16;12578;23;;;12569.0;0.0
yf_ZC=F_d1;36300;ASH_COATED_OSMIUM;9914;11;9911;13;;;9935;11;9939;18;;;9924.5;0.0
yf_ZC=F_d1;36300;INTARIAN_PEPPER_ROOT;12565;20;12563;17;;;12572;20;12575;16;;;12568.5;0.0
yf_ZC=F_d1;36400;ASH_COATED_OSMIUM;9922;11;9919;29;;;9928;15;9931;15;;;9925.0;0.0
yf_ZC=F_d1;36400;INTARIAN_PEPPER_ROOT;12562;8;12559;18;;;12575;19;12578;20;;;12568.5;0.0
yf_ZC=F_d1;36500;ASH_COATED_OSMIUM;9922;12;9919;19;;;9928;15;9930;19;;;9925.0;0.0
yf_ZC=F_d1;36500;INTARIAN_PEPPER_ROOT;12564;12;12562;17;;;12570;12;12573;18;;;12567.0;0.0
yf_ZC=F_d1;36600;ASH_COATED_OSMIUM;9921;10;9918;16;;;9930;7;9932;27;;;9925.5;0.0
yf_ZC=F_d1;36600;INTARIAN_PEPPER_ROOT;12564;15;12560;22;;;12570;13;12573;17;;;12567.0;0.0
yf_ZC=F_d1;36700;ASH_COATED_OSMIUM;9910;10;9906;26;;;9941;12;9945;25;;;9925.5;0.0
yf_ZC=F_d1;36700;INTARIAN_PEPPER_ROOT;12564;26;12561;17;;;12570;17;12573;18;;;12567.0;0.0
yf_ZC=F_d1;36800;ASH_COATED_OSMIUM;9921;22;9917;24;;;9930;10;9932;21;;;9925.5;0.0
yf_ZC=F_d1;36800;INTARIAN_PEPPER_ROOT;12563;18;12560;19;;;12570;16;12572;17;;;12566.5;0.0
yf_ZC=F_d1;36900;ASH_COATED_OSMIUM;9923;8;9920;13;;;9929;13;9931;18;;;9926.0;0.0
yf_ZC=F_d1;36900;INTARIAN_PEPPER_ROOT;12563;8;12561;25;;;12569;15;12573;11;;;12566.0;0.0
yf_ZC=F_d1;37000;ASH_COATED_OSMIUM;9922;23;9918;21;;;9930;16;9932;17;;;9926.0;0.0
yf_ZC=F_d1;37000;INTARIAN_PEPPER_ROOT;12561;12;12559;24;;;12569;13;12571;15;;;12565.0;0.0
yf_ZC=F_d1;37100;ASH_COATED_OSMIUM;9919;10;9917;17;;;9932;13;9934;18;;;9925.5;0.0
yf_ZC=F_d1;37100;INTARIAN_PEPPER_ROOT;12562;14;12560;19;;;12568;8;12572;22;;;12565.0;0.0
yf_ZC=F_d1;37200;ASH_COATED_OSMIUM;9923;12;9920;19;;;9929;12;9932;22;;;9926.0;0.0
yf_ZC=F_d1;37200;INTARIAN_PEPPER_ROOT;12561;14;12558;24;;;12567;16;12569;21;;;12564.0;0.0
yf_ZC=F_d1;37300;ASH_COATED_OSMIUM;9923;11;9919;15;;;9929;17;9933;12;;;9926.0;0.0
yf_ZC=F_d1;37300;INTARIAN_PEPPER_ROOT;12560;11;12556;17;;;12566;14;12570;25;;;12563.0;0.0
yf_ZC=F_d1;37400;ASH_COATED_OSMIUM;9920;15;9917;15;;;9932;13;9935;25;;;9926.0;0.0
yf_ZC=F_d1;37400;INTARIAN_PEPPER_ROOT;12555;16;12551;13;;;12571;13;12573;22;;;12563.0;0.0
yf_ZC=F_d1;37500;ASH_COATED_OSMIUM;9921;13;9919;13;;;9932;7;9936;20;;;9926.5;0.0
yf_ZC=F_d1;37500;INTARIAN_PEPPER_ROOT;12559;18;12555;28;;;12565;12;12567;19;;;12562.0;0.0
yf_ZC=F_d1;37600;ASH_COATED_OSMIUM;9924;21;9921;21;;;9930;17;9934;25;;;9927.0;0.0
yf_ZC=F_d1;37600;INTARIAN_PEPPER_ROOT;12558;15;12555;20;;;12564;11;12568;19;;;12561.0;0.0
yf_ZC=F_d1;37700;ASH_COATED_OSMIUM;9922;20;9918;20;;;9933;16;9937;15;;;9927.5;0.0
yf_ZC=F_d1;37700;INTARIAN_PEPPER_ROOT;12552;20;12548;10;;;12570;11;12573;20;;;12561.0;0.0
yf_ZC=F_d1;37800;ASH_COATED_OSMIUM;9923;14;9919;20;;;9931;21;9935;22;;;9927.0;0.0
yf_ZC=F_d1;37800;INTARIAN_PEPPER_ROOT;12558;12;12555;21;;;12564;15;12566;21;;;12561.0;0.0
yf_ZC=F_d1;37900;ASH_COATED_OSMIUM;9914;15;9912;13;;;9939;15;9941;18;;;9926.5;0.0
yf_ZC=F_d1;37900;INTARIAN_PEPPER_ROOT;12552;15;12548;24;;;12568;14;12570;20;;;12560.0;0.0
yf_ZC=F_d1;38000;ASH_COATED_OSMIUM;9917;16;9915;17;;;9937;15;9941;13;;;9927.0;0.0
yf_ZC=F_d1;38000;INTARIAN_PEPPER_ROOT;12556;7;12553;23;;;12562;10;12564;25;;;12559.0;0.0
yf_ZC=F_d1;38100;ASH_COATED_OSMIUM;9922;23;9920;20;;;9933;16;9935;16;;;9927.5;0.0
yf_ZC=F_d1;38100;INTARIAN_PEPPER_ROOT;12556;14;12552;17;;;12562;14;12564;25;;;12559.0;0.0
yf_ZC=F_d1;38200;ASH_COATED_OSMIUM;9925;27;9921;19;;;9931;15;9935;15;;;9928.0;0.0
yf_ZC=F_d1;38200;INTARIAN_PEPPER_ROOT;12555;20;12553;22;;;12561;19;12565;16;;;12558.0;0.0
yf_ZC=F_d1;38300;ASH_COATED_OSMIUM;9921;15;9917;15;;;9935;18;9938;22;;;9928.0;0.0
yf_ZC=F_d1;38300;INTARIAN_PEPPER_ROOT;12554;11;12552;24;;;12560;18;12563;22;;;12557.0;0.0
yf_ZC=F_d1;38400;ASH_COATED_OSMIUM;9925;20;9921;16;;;9931;10;9934;20;;;9928.0;0.0
yf_ZC=F_d1;38400;INTARIAN_PEPPER_ROOT;12537;7;12533;22;;;12576;8;12578;17;;;12556.5;0.0
yf_ZC=F_d1;38500;ASH_COATED_OSMIUM;9924;9;9921;17;;;9930;12;9933;28;;;9927.0;0.0
yf_ZC=F_d1;38500;INTARIAN_PEPPER_ROOT;12550;8;12548;18;;;12563;6;12567;28;;;12556.5;0.0
yf_ZC=F_d1;38600;ASH_COATED_OSMIUM;9921;21;9919;11;;;9934;18;9937;16;;;9927.5;0.0
yf_ZC=F_d1;38600;INTARIAN_PEPPER_ROOT;12553;10;12549;26;;;12559;11;12562;27;;;12556.0;0.0
yf_ZC=F_d1;38700;ASH_COATED_OSMIUM;9925;5;9921;15;;;9931;7;9934;17;;;9928.0;0.0
yf_ZC=F_d1;38700;INTARIAN_PEPPER_ROOT;12553;20;12550;23;;;12559;13;12561;18;;;12556.0;0.0
yf_ZC=F_d1;38800;ASH_COATED_OSMIUM;9925;20;9921;18;;;9931;16;9935;24;;;9928.0;0.0
yf_ZC=F_d1;38800;INTARIAN_PEPPER_ROOT;12551;14;12549;12;;;12557;19;12559;15;;;12554.0;0.0
yf_ZC=F_d1;38900;ASH_COATED_OSMIUM;9918;14;9915;27;;;9939;12;9941;16;;;9928.5;0.0
yf_ZC=F_d1;38900;INTARIAN_PEPPER_ROOT;12551;10;12549;22;;;12557;7;12559;14;;;12554.0;0.0
yf_ZC=F_d1;39000;ASH_COATED_OSMIUM;9926;12;9923;28;;;9932;20;9935;20;;;9929.0;0.0
yf_ZC=F_d1;39000;INTARIAN_PEPPER_ROOT;12549;18;12546;21;;;12558;10;12560;14;;;12553.5;0.0
yf_ZC=F_d1;39100;ASH_COATED_OSMIUM;9925;9;9922;21;;;9931;18;9934;29;;;9928.0;0.0
yf_ZC=F_d1;39100;INTARIAN_PEPPER_ROOT;12550;18;12547;22;;;12556;17;12558;25;;;12553.0;0.0
yf_ZC=F_d1;39200;ASH_COATED_OSMIUM;9926;16;9923;19;;;9932;20;9936;25;;;9929.0;0.0
yf_ZC=F_d1;39200;INTARIAN_PEPPER_ROOT;12550;12;12546;27;;;12556;11;12559;17;;;12553.0;0.0
yf_ZC=F_d1;39300;ASH_COATED_OSMIUM;9917;16;9913;17;;;9942;11;9945;20;;;9929.5;0.0
yf_ZC=F_d1;39300;INTARIAN_PEPPER_ROOT;12546;15;12542;16;;;12558;16;12562;21;;;12552.0;0.0
yf_ZC=F_d1;39400;ASH_COATED_OSMIUM;9926;15;9923;17;;;9932;14;9935;27;;;9929.0;0.0
yf_ZC=F_d1;39400;INTARIAN_PEPPER_ROOT;12547;13;12544;21;;;12555;14;12559;28;;;12551.0;0.0
yf_ZC=F_d1;39500;ASH_COATED_OSMIUM;9926;17;9923;24;;;9932;16;9935;22;;;9929.0;0.0
yf_ZC=F_d1;39500;INTARIAN_PEPPER_ROOT;12548;22;12546;22;;;12554;16;12557;10;;;12551.0;0.0
yf_ZC=F_d1;39600;ASH_COATED_OSMIUM;9922;17;9918;25;;;9936;18;9938;11;;;9929.0;0.0
yf_ZC=F_d1;39600;INTARIAN_PEPPER_ROOT;12547;5;12545;21;;;12553;25;12556;20;;;12550.0;0.0
yf_ZC=F_d1;39700;ASH_COATED_OSMIUM;9926;20;9923;18;;;9932;9;9935;14;;;9929.0;0.0
yf_ZC=F_d1;39700;INTARIAN_PEPPER_ROOT;12545;16;12543;24;;;12554;13;12557;18;;;12549.5;0.0
yf_ZC=F_d1;39800;ASH_COATED_OSMIUM;9927;13;9923;18;;;9933;10;9936;17;;;9930.0;0.0
yf_ZC=F_d1;39800;INTARIAN_PEPPER_ROOT;12547;21;12544;15;;;12553;15;12556;15;;;12550.0;0.0
yf_ZC=F_d1;39900;ASH_COATED_OSMIUM;9926;17;9922;17;;;9935;12;9938;27;;;9930.5;0.0
yf_ZC=F_d1;39900;INTARIAN_PEPPER_ROOT;12546;15;12544;26;;;12552;11;12554;15;;;12549.0;0.0
yf_ZC=F_d1;40000;ASH_COATED_OSMIUM;9927;13;9924;23;;;9933;8;9937;27;;;9930.0;0.0
yf_ZC=F_d1;40000;INTARIAN_PEPPER_ROOT;12546;6;12542;19;;;12552;22;12556;18;;;12549.0;0.0
yf_ZC=F_d1;40100;ASH_COATED_OSMIUM;9927;22;9924;15;;;9933;22;9935;20;;;9930.0;0.0
yf_ZC=F_d1;40100;INTARIAN_PEPPER_ROOT;12544;11;12540;25;;;12551;5;12553;13;;;12547.5;0.0
yf_ZC=F_d1;40200;ASH_COATED_OSMIUM;9927;20;9924;15;;;9933;18;9937;21;;;9930.0;0.0
yf_ZC=F_d1;40200;INTARIAN_PEPPER_ROOT;12544;8;12541;20;;;12550;27;12554;11;;;12547.0;0.0
yf_ZC=F_d1;40300;ASH_COATED_OSMIUM;9927;12;9924;23;;;9933;16;9937;19;;;9930.0;0.0
yf_ZC=F_d1;40300;INTARIAN_PEPPER_ROOT;12544;12;12542;25;;;12550;7;12552;24;;;12547.0;0.0
yf_ZC=F_d1;40400;ASH_COATED_OSMIUM;9926;13;9922;18;;;9935;9;9939;21;;;9930.5;0.0
yf_ZC=F_d1;40400;INTARIAN_PEPPER_ROOT;12524;6;12522;21;;;12567;11;12569;14;;;12545.5;0.0
yf_ZC=F_d1;40500;ASH_COATED_OSMIUM;9926;10;9922;24;;;9935;19;9938;10;;;9930.5;0.0
yf_ZC=F_d1;40500;INTARIAN_PEPPER_ROOT;12543;9;12541;16;;;12549;17;12551;27;;;12546.0;0.0
yf_ZC=F_d1;40600;ASH_COATED_OSMIUM;9924;10;9920;18;;;9937;18;9940;20;;;9930.5;0.0
yf_ZC=F_d1;40600;INTARIAN_PEPPER_ROOT;12542;25;12538;21;;;12548;15;12552;29;;;12545.0;0.0
yf_ZC=F_d1;40700;ASH_COATED_OSMIUM;9926;19;9923;19;;;9935;14;9939;14;;;9930.5;0.0
yf_ZC=F_d1;40700;INTARIAN_PEPPER_ROOT;12540;9;12536;16;;;12549;12;12552;14;;;12544.5;0.0
yf_ZC=F_d1;40800;ASH_COATED_OSMIUM;9928;7;9926;24;;;9934;12;9938;16;;;9931.0;0.0
yf_ZC=F_d1;40800;INTARIAN_PEPPER_ROOT;12541;18;12539;14;;;12547;9;12551;18;;;12544.0;0.0
yf_ZC=F_d1;40900;ASH_COATED_OSMIUM;9928;26;9926;14;;;9934;14;9937;10;;;9931.0;0.0
yf_ZC=F_d1;40900;INTARIAN_PEPPER_ROOT;12540;19;12537;24;;;12546;16;12550;31;;;12543.0;0.0
yf_ZC=F_d1;41000;ASH_COATED_OSMIUM;9928;14;9926;21;;;9934;17;9937;19;;;9931.0;0.0
yf_ZC=F_d1;41000;INTARIAN_PEPPER_ROOT;12540;15;12536;23;;;12546;21;12548;19;;;12543.0;0.0
yf_ZC=F_d1;41100;ASH_COATED_OSMIUM;9929;15;9926;15;;;9935;15;9939;17;;;9932.0;0.0
yf_ZC=F_d1;41100;INTARIAN_PEPPER_ROOT;12539;8;12537;21;;;12545;23;12549;27;;;12542.0;0.0
yf_ZC=F_d1;41200;ASH_COATED_OSMIUM;9929;9;9925;20;;;9935;8;9938;19;;;9932.0;0.0
yf_ZC=F_d1;41200;INTARIAN_PEPPER_ROOT;12538;17;12536;8;;;12544;11;12546;22;;;12541.0;0.0
yf_ZC=F_d1;41300;ASH_COATED_OSMIUM;9915;20;9913;20;;;9949;14;9953;24;;;9932.0;0.0
yf_ZC=F_d1;41300;INTARIAN_PEPPER_ROOT;12538;7;12535;20;;;12544;14;12548;22;;;12541.0;0.0
yf_ZC=F_d1;41400;ASH_COATED_OSMIUM;9926;22;9923;17;;;9936;16;9939;18;;;9931.0;0.0
yf_ZC=F_d1;41400;INTARIAN_PEPPER_ROOT;12537;18;12533;25;;;12543;24;12547;23;;;12540.0;0.0
yf_ZC=F_d1;41500;ASH_COATED_OSMIUM;9928;20;9924;20;;;9935;26;9937;19;;;9931.5;0.0
yf_ZC=F_d1;41500;INTARIAN_PEPPER_ROOT;12537;25;12534;20;;;12543;22;12546;24;;;12540.0;0.0
yf_ZC=F_d1;41600;ASH_COATED_OSMIUM;9929;14;9925;20;;;9935;18;9939;14;;;9932.0;0.0
yf_ZC=F_d1;41600;INTARIAN_PEPPER_ROOT;12534;16;12531;25;;;12544;22;12548;20;;;12539.0;0.0
yf_ZC=F_d1;41700;ASH_COATED_OSMIUM;9929;9;9926;17;;;9935;19;9939;20;;;9932.0;0.0
yf_ZC=F_d1;41700;INTARIAN_PEPPER_ROOT;12525;20;12522;16;;;12553;17;12557;14;;;12539.0;0.0
yf_ZC=F_d1;41800;ASH_COATED_OSMIUM;9927;11;9923;25;;;9937;15;9939;9;;;9932.0;0.0
yf_ZC=F_d1;41800;INTARIAN_PEPPER_ROOT;12536;13;12532;11;;;12542;9;12544;10;;;12539.0;0.0
yf_ZC=F_d1;41900;ASH_COATED_OSMIUM;9929;17;9926;18;;;9935;12;9938;18;;;9932.0;0.0
yf_ZC=F_d1;41900;INTARIAN_PEPPER_ROOT;12535;5;12531;28;;;12541;17;12545;16;;;12538.0;0.0
yf_ZC=F_d1;42000;ASH_COATED_OSMIUM;9929;18;9926;15;;;9935;14;9937;11;;;9932.0;0.0
yf_ZC=F_d1;42000;INTARIAN_PEPPER_ROOT;12534;12;12530;13;;;12540;10;12542;23;;;12537.0;0.0
yf_ZC=F_d1;42100;ASH_COATED_OSMIUM;9930;9;9927;16;;;9936;15;9938;26;;;9933.0;0.0
yf_ZC=F_d1;42100;INTARIAN_PEPPER_ROOT;12534;20;12532;10;;;12540;20;12542;14;;;12537.0;0.0
yf_ZC=F_d1;42200;ASH_COATED_OSMIUM;9930;17;9926;20;;;9936;15;9939;18;;;9933.0;0.0
yf_ZC=F_d1;42200;INTARIAN_PEPPER_ROOT;12526;17;12523;16;;;12547;10;12551;18;;;12536.5;0.0
yf_ZC=F_d1;42300;ASH_COATED_OSMIUM;9930;18;9926;18;;;9936;13;9940;17;;;9933.0;0.0
yf_ZC=F_d1;42300;INTARIAN_PEPPER_ROOT;12533;13;12531;14;;;12539;12;12542;25;;;12536.0;0.0
yf_ZC=F_d1;42400;ASH_COATED_OSMIUM;9930;11;9928;21;;;9936;5;9938;18;;;9933.0;0.0
yf_ZC=F_d1;42400;INTARIAN_PEPPER_ROOT;12531;17;12528;33;;;12539;17;12542;15;;;12535.0;0.0
yf_ZC=F_d1;42500;ASH_COATED_OSMIUM;9930;12;9927;13;;;9936;21;9938;20;;;9933.0;0.0
yf_ZC=F_d1;42500;INTARIAN_PEPPER_ROOT;12531;17;12527;15;;;12537;11;12540;24;;;12534.0;0.0
yf_ZC=F_d1;42600;ASH_COATED_OSMIUM;9926;8;9924;22;;;9940;21;9944;24;;;9933.0;0.0
yf_ZC=F_d1;42600;INTARIAN_PEPPER_ROOT;12516;15;12514;17;;;12550;17;12552;21;;;12533.0;0.0
yf_ZC=F_d1;42700;ASH_COATED_OSMIUM;9931;11;9928;22;;;9937;18;9941;32;;;9934.0;0.0
yf_ZC=F_d1;42700;INTARIAN_PEPPER_ROOT;12530;8;12527;12;;;12536;7;12538;22;;;12533.0;0.0
yf_ZC=F_d1;42800;ASH_COATED_OSMIUM;9930;10;9926;20;;;9938;5;9942;17;;;9934.0;0.0
yf_ZC=F_d1;42800;INTARIAN_PEPPER_ROOT;12530;16;12528;21;;;12536;20;12539;16;;;12533.0;0.0
yf_ZC=F_d1;42900;ASH_COATED_OSMIUM;9926;12;9922;23;;;9940;7;9944;19;;;9933.0;0.0
yf_ZC=F_d1;42900;INTARIAN_PEPPER_ROOT;12529;18;12526;9;;;12535;14;12539;13;;;12532.0;0.0
yf_ZC=F_d1;43000;ASH_COATED_OSMIUM;9924;16;9920;16;;;9944;20;9948;23;;;9934.0;0.0
yf_ZC=F_d1;43000;INTARIAN_PEPPER_ROOT;12527;10;12523;12;;;12536;16;12539;18;;;12531.5;0.0
yf_ZC=F_d1;43100;ASH_COATED_OSMIUM;9931;17;9929;24;;;9937;20;9940;19;;;9934.0;0.0
yf_ZC=F_d1;43100;INTARIAN_PEPPER_ROOT;12527;16;12523;21;;;12535;11;12539;27;;;12531.0;0.0
yf_ZC=F_d1;43200;ASH_COATED_OSMIUM;9931;15;9929;16;;;9937;16;9941;20;;;9934.0;0.0
yf_ZC=F_d1;43200;INTARIAN_PEPPER_ROOT;12528;19;12526;12;;;12534;18;12537;13;;;12531.0;0.0
yf_ZC=F_d1;43300;ASH_COATED_OSMIUM;9927;17;9924;10;;;9941;16;9944;18;;;9934.0;0.0
yf_ZC=F_d1;43300;INTARIAN_PEPPER_ROOT;12527;22;12524;28;;;12533;8;12535;21;;;12530.0;0.0
yf_ZC=F_d1;43400;ASH_COATED_OSMIUM;9931;7;9927;22;;;9938;17;9942;22;;;9934.5;0.0
yf_ZC=F_d1;43400;INTARIAN_PEPPER_ROOT;12526;20;12523;20;;;12532;22;12535;25;;;12529.0;0.0
yf_ZC=F_d1;43500;ASH_COATED_OSMIUM;9931;15;9929;17;;;9937;18;9940;17;;;9934.0;0.0
yf_ZC=F_d1;43500;INTARIAN_PEPPER_ROOT;12520;10;12517;11;;;12537;13;12540;18;;;12528.5;0.0
yf_ZC=F_d1;43600;ASH_COATED_OSMIUM;9928;21;9926;21;;;9941;13;9944;20;;;9934.5;0.0
yf_ZC=F_d1;43600;INTARIAN_PEPPER_ROOT;12525;24;12523;21;;;12531;11;12535;16;;;12528.0;0.0
yf_ZC=F_d1;43700;ASH_COATED_OSMIUM;9922;15;9918;22;;;9948;24;9950;11;;;9935.0;0.0
yf_ZC=F_d1;43700;INTARIAN_PEPPER_ROOT;12525;18;12521;20;;;12531;9;12535;23;;;12528.0;0.0
yf_ZC=F_d1;43800;ASH_COATED_OSMIUM;9918;16;9915;23;;;9952;18;9954;14;;;9935.0;0.0
yf_ZC=F_d1;43800;INTARIAN_PEPPER_ROOT;12524;20;12522;16;;;12530;18;12532;15;;;12527.0;0.0
yf_ZC=F_d1;43900;ASH_COATED_OSMIUM;9932;12;9928;21;;;9938;15;9940;30;;;9935.0;0.0
yf_ZC=F_d1;43900;INTARIAN_PEPPER_ROOT;12521;21;12519;21;;;12533;18;12537;17;;;12527.0;0.0
yf_ZC=F_d1;44000;ASH_COATED_OSMIUM;9932;14;9929;24;;;9938;9;9940;15;;;9935.0;0.0
yf_ZC=F_d1;44000;INTARIAN_PEPPER_ROOT;12523;15;12520;18;;;12529;9;12531;16;;;12526.0;0.0
yf_ZC=F_d1;44100;ASH_COATED_OSMIUM;9926;13;9922;14;;;9943;25;9945;15;;;9934.5;0.0
yf_ZC=F_d1;44100;INTARIAN_PEPPER_ROOT;12523;13;12521;20;;;12529;10;12532;16;;;12526.0;0.0
yf_ZC=F_d1;44200;ASH_COATED_OSMIUM;9932;19;9928;17;;;9938;12;9941;24;;;9935.0;0.0
yf_ZC=F_d1;44200;INTARIAN_PEPPER_ROOT;12522;9;12518;24;;;12528;9;12530;18;;;12525.0;0.0
yf_ZC=F_d1;44300;ASH_COATED_OSMIUM;9933;9;9929;18;;;9939;13;9941;16;;;9936.0;0.0
yf_ZC=F_d1;44300;INTARIAN_PEPPER_ROOT;12521;14;12519;15;;;12527;18;12530;8;;;12524.0;0.0
yf_ZC=F_d1;44400;ASH_COATED_OSMIUM;9933;15;9931;13;;;9939;15;9943;24;;;9936.0;0.0
yf_ZC=F_d1;44400;INTARIAN_PEPPER_ROOT;12521;12;12517;18;;;12527;15;12530;23;;;12524.0;0.0
yf_ZC=F_d1;44500;ASH_COATED_OSMIUM;9927;25;9923;30;;;9945;9;9949;21;;;9936.0;0.0
yf_ZC=F_d1;44500;INTARIAN_PEPPER_ROOT;12520;19;12516;23;;;12526;14;12530;13;;;12523.0;0.0
yf_ZC=F_d1;44600;ASH_COATED_OSMIUM;9933;25;9931;16;;;9939;21;9941;28;;;9936.0;0.0
yf_ZC=F_d1;44600;INTARIAN_PEPPER_ROOT;12519;18;12515;14;;;12525;13;12527;18;;;12522.0;0.0
yf_ZC=F_d1;44700;ASH_COATED_OSMIUM;9933;18;9930;14;;;9939;16;9941;16;;;9936.0;0.0
yf_ZC=F_d1;44700;INTARIAN_PEPPER_ROOT;12508;9;12504;23;;;12536;5;12539;21;;;12522.0;0.0
yf_ZC=F_d1;44800;ASH_COATED_OSMIUM;9932;13;9930;15;;;9938;16;9940;21;;;9935.0;0.0
yf_ZC=F_d1;44800;INTARIAN_PEPPER_ROOT;12519;14;12516;16;;;12525;8;12529;17;;;12522.0;0.0
yf_ZC=F_d1;44900;ASH_COATED_OSMIUM;9932;14;9929;15;;;9941;15;9945;26;;;9936.5;0.0
yf_ZC=F_d1;44900;INTARIAN_PEPPER_ROOT;12518;14;12514;19;;;12524;15;12526;22;;;12521.0;0.0
yf_ZC=F_d1;45000;ASH_COATED_OSMIUM;9933;5;9929;16;;;9939;13;9943;20;;;9936.0;0.0
yf_ZC=F_d1;45000;INTARIAN_PEPPER_ROOT;12518;13;12516;19;;;12524;17;12527;17;;;12521.0;0.0
yf_ZC=F_d1;45100;ASH_COATED_OSMIUM;9934;18;9930;29;;;9940;7;9942;14;;;9937.0;0.0
yf_ZC=F_d1;45100;INTARIAN_PEPPER_ROOT;12514;10;12511;22;;;12526;15;12530;23;;;12520.0;0.0
yf_ZC=F_d1;45200;ASH_COATED_OSMIUM;9927;12;9923;13;;;9946;24;9950;22;;;9936.5;0.0
yf_ZC=F_d1;45200;INTARIAN_PEPPER_ROOT;12513;13;12509;22;;;12527;16;12530;15;;;12520.0;0.0
yf_ZC=F_d1;45300;ASH_COATED_OSMIUM;9933;11;9931;13;;;9941;17;9945;22;;;9937.0;0.0
yf_ZC=F_d1;45300;INTARIAN_PEPPER_ROOT;12513;13;12511;24;;;12526;19;12530;18;;;12519.5;0.0
yf_ZC=F_d1;45400;ASH_COATED_OSMIUM;9931;10;9928;17;;;9944;16;9946;17;;;9937.5;0.0
yf_ZC=F_d1;45400;INTARIAN_PEPPER_ROOT;12509;11;12506;12;;;12528;14;12532;35;;;12518.5;0.0
yf_ZC=F_d1;45500;ASH_COATED_OSMIUM;9934;12;9932;20;;;9940;18;9942;8;;;9937.0;0.0
yf_ZC=F_d1;45500;INTARIAN_PEPPER_ROOT;12515;6;12511;18;;;12521;21;12524;14;;;12518.0;0.0
yf_ZC=F_d1;45600;ASH_COATED_OSMIUM;9932;7;9930;25;;;9941;14;9945;16;;;9936.5;0.0
yf_ZC=F_d1;45600;INTARIAN_PEPPER_ROOT;12514;5;12511;15;;;12520;13;12523;26;;;12517.0;0.0
yf_ZC=F_d1;45700;ASH_COATED_OSMIUM;9934;14;9930;17;;;9942;13;9945;19;;;9938.0;0.0
yf_ZC=F_d1;45700;INTARIAN_PEPPER_ROOT;12514;15;12510;23;;;12520;6;12523;23;;;12517.0;0.0
yf_ZC=F_d1;45800;ASH_COATED_OSMIUM;9935;16;9931;19;;;9941;22;9945;18;;;9938.0;0.0
yf_ZC=F_d1;45800;INTARIAN_PEPPER_ROOT;12513;15;12509;25;;;12519;9;12521;18;;;12516.0;0.0
yf_ZC=F_d1;45900;ASH_COATED_OSMIUM;9935;19;9932;22;;;9941;13;9943;19;;;9938.0;0.0
yf_ZC=F_d1;45900;INTARIAN_PEPPER_ROOT;12505;14;12501;20;;;12526;22;12530;18;;;12515.5;0.0
yf_ZC=F_d1;46000;ASH_COATED_OSMIUM;9934;20;9930;25;;;9941;14;9945;17;;;9937.5;0.0
yf_ZC=F_d1;46000;INTARIAN_PEPPER_ROOT;12512;13;12508;23;;;12518;14;12521;30;;;12515.0;0.0
yf_ZC=F_d1;46100;ASH_COATED_OSMIUM;9935;11;9933;14;;;9942;25;9946;15;;;9938.5;0.0
yf_ZC=F_d1;46100;INTARIAN_PEPPER_ROOT;12505;8;12502;19;;;12524;10;12526;25;;;12514.5;0.0
yf_ZC=F_d1;46200;ASH_COATED_OSMIUM;9934;15;9930;16;;;9942;9;9946;18;;;9938.0;0.0
yf_ZC=F_d1;46200;INTARIAN_PEPPER_ROOT;12511;16;12508;20;;;12517;18;12520;19;;;12514.0;0.0
yf_ZC=F_d1;46300;ASH_COATED_OSMIUM;9935;11;9931;23;;;9941;10;9943;26;;;9938.0;0.0
yf_ZC=F_d1;46300;INTARIAN_PEPPER_ROOT;12510;13;12506;19;;;12516;19;12520;8;;;12513.0;0.0
yf_ZC=F_d1;46400;ASH_COATED_OSMIUM;9934;16;9931;20;;;9941;17;9945;11;;;9937.5;0.0
yf_ZC=F_d1;46400;INTARIAN_PEPPER_ROOT;12505;13;12502;17;;;12519;17;12523;26;;;12512.0;0.0
yf_ZC=F_d1;46500;ASH_COATED_OSMIUM;9935;18;9932;17;;;9941;21;9943;24;;;9938.0;0.0
yf_ZC=F_d1;46500;INTARIAN_PEPPER_ROOT;12509;10;12507;24;;;12515;14;12517;18;;;12512.0;0.0
yf_ZC=F_d1;46600;ASH_COATED_OSMIUM;9925;18;9923;14;;;9952;17;9954;20;;;9938.5;0.0
yf_ZC=F_d1;46600;INTARIAN_PEPPER_ROOT;12508;18;12504;20;;;12514;17;12517;14;;;12511.0;0.0
yf_ZC=F_d1;46700;ASH_COATED_OSMIUM;9936;13;9933;21;;;9942;16;9946;23;;;9939.0;0.0
yf_ZC=F_d1;46700;INTARIAN_PEPPER_ROOT;12505;15;12503;15;;;12517;9;12521;12;;;12511.0;0.0
yf_ZC=F_d1;46800;ASH_COATED_OSMIUM;9935;12;9933;14;;;9943;16;9947;20;;;9939.0;0.0
yf_ZC=F_d1;46800;INTARIAN_PEPPER_ROOT;12489;16;12485;26;;;12533;11;12536;17;;;12511.0;0.0
yf_ZC=F_d1;46900;ASH_COATED_OSMIUM;9936;13;9933;12;;;9942;15;9944;22;;;9939.0;0.0
yf_ZC=F_d1;46900;INTARIAN_PEPPER_ROOT;12507;5;12505;13;;;12513;10;12516;17;;;12510.0;0.0
yf_ZC=F_d1;47000;ASH_COATED_OSMIUM;9936;18;9932;17;;;9942;19;9945;19;;;9939.0;0.0
yf_ZC=F_d1;47000;INTARIAN_PEPPER_ROOT;12500;8;12496;15;;;12519;16;12521;24;;;12509.5;0.0
yf_ZC=F_d1;47100;ASH_COATED_OSMIUM;9936;18;9934;22;;;9942;18;9944;19;;;9939.0;0.0
yf_ZC=F_d1;47100;INTARIAN_PEPPER_ROOT;12506;9;12504;21;;;12512;21;12516;15;;;12509.0;0.0
yf_ZC=F_d1;47200;ASH_COATED_OSMIUM;9936;16;9932;18;;;9943;14;9945;20;;;9939.5;0.0
yf_ZC=F_d1;47200;INTARIAN_PEPPER_ROOT;12506;22;12504;15;;;12512;7;12516;14;;;12509.0;0.0
yf_ZC=F_d1;47300;ASH_COATED_OSMIUM;9937;17;9934;21;;;9943;21;9947;20;;;9940.0;0.0
yf_ZC=F_d1;47300;INTARIAN_PEPPER_ROOT;12503;14;12500;14;;;12512;20;12516;18;;;12507.5;0.0
yf_ZC=F_d1;47400;ASH_COATED_OSMIUM;9937;5;9935;10;;;9943;15;9945;12;;;9940.0;0.0
yf_ZC=F_d1;47400;INTARIAN_PEPPER_ROOT;12504;5;12502;17;;;12510;24;12512;20;;;12507.0;0.0
yf_ZC=F_d1;47500;ASH_COATED_OSMIUM;9935;11;9932;20;;;9944;9;9946;15;;;9939.5;0.0
yf_ZC=F_d1;47500;INTARIAN_PEPPER_ROOT;12504;15;12501;22;;;12510;16;12512;18;;;12507.0;0.0
yf_ZC=F_d1;47600;ASH_COATED_OSMIUM;9935;23;9932;21;;;9945;13;9949;15;;;9940.0;0.0
yf_ZC=F_d1;47600;INTARIAN_PEPPER_ROOT;12504;8;12502;10;;;12510;19;12512;26;;;12507.0;0.0
yf_ZC=F_d1;47700;ASH_COATED_OSMIUM;9937;11;9935;24;;;9944;9;9946;18;;;9940.5;0.0
yf_ZC=F_d1;47700;INTARIAN_PEPPER_ROOT;12501;10;12497;26;;;12511;14;12515;23;;;12506.0;0.0
yf_ZC=F_d1;47800;ASH_COATED_OSMIUM;9937;20;9933;21;;;9943;14;9945;27;;;9940.0;0.0
yf_ZC=F_d1;47800;INTARIAN_PEPPER_ROOT;12502;9;12500;14;;;12508;26;12510;18;;;12505.0;0.0
yf_ZC=F_d1;47900;ASH_COATED_OSMIUM;9937;15;9934;22;;;9943;21;9945;23;;;9940.0;0.0
yf_ZC=F_d1;47900;INTARIAN_PEPPER_ROOT;12502;18;12500;23;;;12508;15;12510;19;;;12505.0;0.0
yf_ZC=F_d1;48000;ASH_COATED_OSMIUM;9937;12;9935;20;;;9943;14;9947;12;;;9940.0;0.0
yf_ZC=F_d1;48000;INTARIAN_PEPPER_ROOT;12502;21;12499;16;;;12508;19;12511;14;;;12505.0;0.0
yf_ZC=F_d1;48100;ASH_COATED_OSMIUM;9938;19;9935;17;;;9944;11;9948;21;;;9941.0;0.0
yf_ZC=F_d1;48100;INTARIAN_PEPPER_ROOT;12500;15;12497;22;;;12506;10;12510;19;;;12503.0;0.0
yf_ZC=F_d1;48200;ASH_COATED_OSMIUM;9938;12;9936;25;;;9944;15;9948;21;;;9941.0;0.0
yf_ZC=F_d1;48200;INTARIAN_PEPPER_ROOT;12500;23;12496;11;;;12506;19;12509;13;;;12503.0;0.0
yf_ZC=F_d1;48300;ASH_COATED_OSMIUM;9938;17;9934;16;;;9944;13;9947;8;;;9941.0;0.0
yf_ZC=F_d1;48300;INTARIAN_PEPPER_ROOT;12499;7;12497;25;;;12505;23;12508;19;;;12502.0;0.0
yf_ZC=F_d1;48400;ASH_COATED_OSMIUM;9935;27;9931;16;;;9946;20;9949;26;;;9940.5;0.0
yf_ZC=F_d1;48400;INTARIAN_PEPPER_ROOT;12499;16;12496;21;;;12505;25;12509;18;;;12502.0;0.0
yf_ZC=F_d1;48500;ASH_COATED_OSMIUM;9938;10;9935;21;;;9944;10;9947;22;;;9941.0;0.0
yf_ZC=F_d1;48500;INTARIAN_PEPPER_ROOT;12498;16;12494;21;;;12504;13;12507;20;;;12501.0;0.0
yf_ZC=F_d1;48600;ASH_COATED_OSMIUM;9938;18;9934;23;;;9944;11;9946;16;;;9941.0;0.0
yf_ZC=F_d1;48600;INTARIAN_PEPPER_ROOT;12495;11;12492;20;;;12507;16;12511;16;;;12501.0;0.0
yf_ZC=F_d1;48700;ASH_COATED_OSMIUM;9939;18;9937;21;;;9945;14;9948;21;;;9942.0;0.0
yf_ZC=F_d1;48700;INTARIAN_PEPPER_ROOT;12493;8;12491;14;;;12506;13;12510;23;;;12499.5;0.0
yf_ZC=F_d1;48800;ASH_COATED_OSMIUM;9939;14;9935;15;;;9945;19;9949;22;;;9942.0;0.0
yf_ZC=F_d1;48800;INTARIAN_PEPPER_ROOT;12497;17;12495;24;;;12503;13;12507;19;;;12500.0;0.0
yf_ZC=F_d1;48900;ASH_COATED_OSMIUM;9933;25;9929;10;;;9951;24;9954;25;;;9942.0;0.0
yf_ZC=F_d1;48900;INTARIAN_PEPPER_ROOT;12496;11;12494;22;;;12502;18;12506;18;;;12499.0;0.0
yf_ZC=F_d1;49000;ASH_COATED_OSMIUM;9939;15;9937;30;;;9945;11;9947;27;;;9942.0;0.0
yf_ZC=F_d1;49000;INTARIAN_PEPPER_ROOT;12495;5;12493;22;;;12501;16;12505;19;;;12498.0;0.0
yf_ZC=F_d1;49100;ASH_COATED_OSMIUM;9936;16;9934;24;;;9949;5;9951;20;;;9942.5;0.0
yf_ZC=F_d1;49100;INTARIAN_PEPPER_ROOT;12495;11;12491;16;;;12501;19;12505;19;;;12498.0;0.0
yf_ZC=F_d1;49200;ASH_COATED_OSMIUM;9937;18;9934;22;;;9947;13;9950;16;;;9942.0;0.0
yf_ZC=F_d1;49200;INTARIAN_PEPPER_ROOT;12491;16;12489;15;;;12504;18;12506;21;;;12497.5;0.0
yf_ZC=F_d1;49300;ASH_COATED_OSMIUM;9939;5;9935;17;;;9945;15;9947;14;;;9942.0;0.0
yf_ZC=F_d1;49300;INTARIAN_PEPPER_ROOT;12488;12;12485;17;;;12506;7;12510;27;;;12497.0;0.0
yf_ZC=F_d1;49400;ASH_COATED_OSMIUM;9937;6;9934;20;;;9948;16;9951;21;;;9942.5;0.0
yf_ZC=F_d1;49400;INTARIAN_PEPPER_ROOT;12493;13;12491;26;;;12499;15;12502;17;;;12496.0;0.0
yf_ZC=F_d1;49500;ASH_COATED_OSMIUM;9939;15;9936;13;;;9945;28;9947;21;;;9942.0;0.0
yf_ZC=F_d1;49500;INTARIAN_PEPPER_ROOT;12493;12;12491;13;;;12499;19;12502;22;;;12496.0;0.0
yf_ZC=F_d1;49600;ASH_COATED_OSMIUM;9940;8;9938;22;;;9946;10;9949;25;;;9943.0;0.0
yf_ZC=F_d1;49600;INTARIAN_PEPPER_ROOT;12492;11;12490;21;;;12498;11;12500;16;;;12495.0;0.0
yf_ZC=F_d1;49700;ASH_COATED_OSMIUM;9940;17;9937;28;;;9946;11;9948;20;;;9943.0;0.0
yf_ZC=F_d1;49700;INTARIAN_PEPPER_ROOT;12492;16;12488;12;;;12498;13;12502;24;;;12495.0;0.0
yf_ZC=F_d1;49800;ASH_COATED_OSMIUM;9940;26;9938;25;;;9946;8;9950;15;;;9943.0;0.0
yf_ZC=F_d1;49800;INTARIAN_PEPPER_ROOT;12491;10;12488;18;;;12497;16;12500;22;;;12494.0;0.0
yf_ZC=F_d1;49900;ASH_COATED_OSMIUM;9939;14;9936;23;;;9947;24;9951;27;;;9943.0;0.0
yf_ZC=F_d1;49900;INTARIAN_PEPPER_ROOT;12490;14;12486;15;;;12497;22;12501;20;;;12493.5;0.0
yf_ZC=F_d1;50000;ASH_COATED_OSMIUM;9937;29;9934;24;;;9949;15;9951;19;;;9943.0;0.0
yf_ZC=F_d1;50000;INTARIAN_PEPPER_ROOT;12490;10;12487;19;;;12496;11;12498;26;;;12493.0;0.0
yf_ZC=F_d1;50100;ASH_COATED_OSMIUM;9936;17;9933;22;;;9949;25;9951;14;;;9942.5;0.0
yf_ZC=F_d1;50100;INTARIAN_PEPPER_ROOT;12490;13;12487;11;;;12496;10;12500;26;;;12493.0;0.0
yf_ZC=F_d1;50200;ASH_COATED_OSMIUM;9936;9;9933;16;;;9951;22;9953;25;;;9943.5;0.0
yf_ZC=F_d1;50200;INTARIAN_PEPPER_ROOT;12488;14;12486;14;;;12498;12;12500;28;;;12493.0;0.0
yf_ZC=F_d1;50300;ASH_COATED_OSMIUM;9940;11;9938;24;;;9946;12;9950;23;;;9943.0;0.0
yf_ZC=F_d1;50300;INTARIAN_PEPPER_ROOT;12488;22;12485;18;;;12494;14;12498;27;;;12491.0;0.0
yf_ZC=F_d1;50400;ASH_COATED_OSMIUM;9940;15;9936;25;;;9947;16;9950;25;;;9943.5;0.0
yf_ZC=F_d1;50400;INTARIAN_PEPPER_ROOT;12488;17;12485;18;;;12494;13;12496;20;;;12491.0;0.0
yf_ZC=F_d1;50500;ASH_COATED_OSMIUM;9941;15;9937;17;;;9947;15;9949;17;;;9944.0;0.0
yf_ZC=F_d1;50500;INTARIAN_PEPPER_ROOT;12487;13;12483;30;;;12493;23;12497;14;;;12490.0;0.0
yf_ZC=F_d1;50600;ASH_COATED_OSMIUM;9934;14;9932;31;;;9954;20;9956;25;;;9944.0;0.0
yf_ZC=F_d1;50600;INTARIAN_PEPPER_ROOT;12486;14;12482;26;;;12492;12;12496;15;;;12489.0;0.0
yf_ZC=F_d1;50700;ASH_COATED_OSMIUM;9938;12;9934;22;;;9951;12;9954;24;;;9944.5;0.0
yf_ZC=F_d1;50700;INTARIAN_PEPPER_ROOT;12485;15;12481;26;;;12493;17;12497;19;;;12489.0;0.0
yf_ZC=F_d1;50800;ASH_COATED_OSMIUM;9936;8;9933;29;;;9952;10;9955;24;;;9944.0;0.0
yf_ZC=F_d1;50800;INTARIAN_PEPPER_ROOT;12461;19;12458;17;;;12516;18;12519;20;;;12488.5;0.0
yf_ZC=F_d1;50900;ASH_COATED_OSMIUM;9941;14;9939;18;;;9947;16;9950;20;;;9944.0;0.0
yf_ZC=F_d1;50900;INTARIAN_PEPPER_ROOT;12484;10;12480;16;;;12494;13;12497;14;;;12489.0;0.0
yf_ZC=F_d1;51000;ASH_COATED_OSMIUM;9941;14;9937;28;;;9947;7;9951;22;;;9944.0;0.0
yf_ZC=F_d1;51000;INTARIAN_PEPPER_ROOT;12485;19;12482;32;;;12491;24;12494;17;;;12488.0;0.0
yf_ZC=F_d1;51100;ASH_COATED_OSMIUM;9940;18;9937;23;;;9948;24;9952;18;;;9944.0;0.0
yf_ZC=F_d1;51100;INTARIAN_PEPPER_ROOT;12483;18;12481;11;;;12492;19;12494;17;;;12487.5;0.0
yf_ZC=F_d1;51200;ASH_COATED_OSMIUM;9941;18;9939;16;;;9947;18;9951;18;;;9944.0;0.0
yf_ZC=F_d1;51200;INTARIAN_PEPPER_ROOT;12482;18;12479;12;;;12492;15;12495;14;;;12487.0;0.0
yf_ZC=F_d1;51300;ASH_COATED_OSMIUM;9941;11;9938;22;;;9947;13;9949;20;;;9944.0;0.0
yf_ZC=F_d1;51300;INTARIAN_PEPPER_ROOT;12484;19;12480;15;;;12490;9;12493;16;;;12487.0;0.0
yf_ZC=F_d1;51400;ASH_COATED_OSMIUM;9935;24;9933;18;;;9952;11;9956;16;;;9943.5;0.0
yf_ZC=F_d1;51400;INTARIAN_PEPPER_ROOT;12471;18;12469;22;;;12505;7;12509;20;;;12488.0;0.0
yf_ZC=F_d1;51500;ASH_COATED_OSMIUM;9941;13;9938;21;;;9947;5;9951;10;;;9944.0;0.0
yf_ZC=F_d1;51500;INTARIAN_PEPPER_ROOT;12484;9;12480;20;;;12490;6;12493;22;;;12487.0;0.0
yf_ZC=F_d1;51600;ASH_COATED_OSMIUM;9941;23;9938;20;;;9947;13;9951;10;;;9944.0;0.0
yf_ZC=F_d1;51600;INTARIAN_PEPPER_ROOT;12484;12;12482;17;;;12490;20;12493;18;;;12487.0;0.0
yf_ZC=F_d1;51700;ASH_COATED_OSMIUM;9941;16;9938;19;;;9947;15;9950;26;;;9944.0;0.0
yf_ZC=F_d1;51700;INTARIAN_PEPPER_ROOT;12483;18;12480;18;;;12489;5;12491;22;;;12486.0;0.0
yf_ZC=F_d1;51800;ASH_COATED_OSMIUM;9940;18;9937;16;;;9946;11;9950;27;;;9943.0;0.0
yf_ZC=F_d1;51800;INTARIAN_PEPPER_ROOT;12482;17;12479;22;;;12491;13;12495;21;;;12486.5;0.0
yf_ZC=F_d1;51900;ASH_COATED_OSMIUM;9940;18;9936;18;;;9946;16;9949;24;;;9943.0;0.0
yf_ZC=F_d1;51900;INTARIAN_PEPPER_ROOT;12483;22;12480;19;;;12489;13;12493;19;;;12486.0;0.0
yf_ZC=F_d1;52000;ASH_COATED_OSMIUM;9939;15;9936;13;;;9948;18;9950;12;;;9943.5;0.0
yf_ZC=F_d1;52000;INTARIAN_PEPPER_ROOT;12468;15;12466;19;;;12504;12;12507;8;;;12486.0;0.0
yf_ZC=F_d1;52100;ASH_COATED_OSMIUM;9939;29;9935;25;;;9945;12;9949;23;;;9942.0;0.0
yf_ZC=F_d1;52100;INTARIAN_PEPPER_ROOT;12483;16;12481;18;;;12489;15;12493;23;;;12486.0;0.0
yf_ZC=F_d1;52200;ASH_COATED_OSMIUM;9940;7;9937;14;;;9947;18;9950;24;;;9943.5;0.0
yf_ZC=F_d1;52200;INTARIAN_PEPPER_ROOT;12482;23;12479;18;;;12488;15;12492;25;;;12485.0;0.0
yf_ZC=F_d1;52300;ASH_COATED_OSMIUM;9934;16;9932;21;;;9952;22;9956;16;;;9943.0;0.0
yf_ZC=F_d1;52300;INTARIAN_PEPPER_ROOT;12483;16;12479;17;;;12489;19;12493;25;;;12486.0;0.0
yf_ZC=F_d1;52400;ASH_COATED_OSMIUM;9933;15;9929;24;;;9952;12;9955;15;;;9942.5;0.0
yf_ZC=F_d1;52400;INTARIAN_PEPPER_ROOT;12477;5;12473;16;;;12493;21;12495;28;;;12485.0;0.0
yf_ZC=F_d1;52500;ASH_COATED_OSMIUM;9932;7;9928;24;;;9953;15;9956;22;;;9942.5;0.0
yf_ZC=F_d1;52500;INTARIAN_PEPPER_ROOT;12476;11;12474;24;;;12494;9;12498;9;;;12485.0;0.0
yf_ZC=F_d1;52600;ASH_COATED_OSMIUM;9939;16;9936;16;;;9945;14;9948;19;;;9942.0;0.0
yf_ZC=F_d1;52600;INTARIAN_PEPPER_ROOT;12481;16;12477;10;;;12488;20;12492;25;;;12484.5;0.0
yf_ZC=F_d1;52700;ASH_COATED_OSMIUM;9938;7;9935;19;;;9946;12;9948;25;;;9942.0;0.0
yf_ZC=F_d1;52700;INTARIAN_PEPPER_ROOT;12478;10;12475;24;;;12491;12;12495;18;;;12484.5;0.0
yf_ZC=F_d1;52800;ASH_COATED_OSMIUM;9932;10;9930;13;;;9952;19;9956;20;;;9942.0;0.0
yf_ZC=F_d1;52800;INTARIAN_PEPPER_ROOT;12481;25;12478;16;;;12487;11;12490;25;;;12484.0;0.0
yf_ZC=F_d1;52900;ASH_COATED_OSMIUM;9938;8;9934;17;;;9945;13;9947;33;;;9941.5;0.0
yf_ZC=F_d1;52900;INTARIAN_PEPPER_ROOT;12474;16;12471;22;;;12495;20;12498;22;;;12484.5;0.0
yf_ZC=F_d1;53000;ASH_COATED_OSMIUM;9938;9;9935;21;;;9944;9;9946;18;;;9941.0;0.0
yf_ZC=F_d1;53000;INTARIAN_PEPPER_ROOT;12481;8;12478;22;;;12487;12;12491;13;;;12484.0;0.0
yf_ZC=F_d1;53100;ASH_COATED_OSMIUM;9938;23;9935;23;;;9945;17;9948;20;;;9941.5;0.0
yf_ZC=F_d1;53100;INTARIAN_PEPPER_ROOT;12481;11;12478;19;;;12487;13;12490;23;;;12484.0;0.0
yf_ZC=F_d1;53200;ASH_COATED_OSMIUM;9939;8;9937;21;;;9945;13;9948;24;;;9942.0;0.0
yf_ZC=F_d1;53200;INTARIAN_PEPPER_ROOT;12480;7;12477;18;;;12486;16;12490;16;;;12483.0;0.0
yf_ZC=F_d1;53300;ASH_COATED_OSMIUM;9938;21;9935;21;;;9944;10;9947;17;;;9941.0;0.0
yf_ZC=F_d1;53300;INTARIAN_PEPPER_ROOT;12480;11;12476;18;;;12486;16;12490;19;;;12483.0;0.0
yf_ZC=F_d1;53400;ASH_COATED_OSMIUM;9918;10;9914;19;;;9964;16;9966;15;;;9941.0;0.0
yf_ZC=F_d1;53400;INTARIAN_PEPPER_ROOT;12480;18;12477;21;;;12486;5;12489;21;;;12483.0;0.0
yf_ZC=F_d1;53500;ASH_COATED_OSMIUM;9939;7;9937;19;;;9945;8;9949;15;;;9942.0;0.0
yf_ZC=F_d1;53500;INTARIAN_PEPPER_ROOT;12480;14;12477;20;;;12486;15;12489;22;;;12483.0;0.0
yf_ZC=F_d1;53600;ASH_COATED_OSMIUM;9937;15;9934;22;;;9945;15;9948;25;;;9941.0;0.0
yf_ZC=F_d1;53600;INTARIAN_PEPPER_ROOT;12476;12;12474;18;;;12489;15;12492;16;;;12482.5;0.0
yf_ZC=F_d1;53700;ASH_COATED_OSMIUM;9938;27;9936;17;;;9944;12;9947;19;;;9941.0;0.0
yf_ZC=F_d1;53700;INTARIAN_PEPPER_ROOT;12480;20;12478;11;;;12486;17;12488;11;;;12483.0;0.0
yf_ZC=F_d1;53800;ASH_COATED_OSMIUM;9938;14;9936;21;;;9944;7;9946;18;;;9941.0;0.0
yf_ZC=F_d1;53800;INTARIAN_PEPPER_ROOT;12472;11;12468;18;;;12493;23;12495;26;;;12482.5;0.0
yf_ZC=F_d1;53900;ASH_COATED_OSMIUM;9937;19;9934;26;;;9943;11;9945;18;;;9940.0;0.0
yf_ZC=F_d1;53900;INTARIAN_PEPPER_ROOT;12479;11;12475;23;;;12485;12;12488;10;;;12482.0;0.0
yf_ZC=F_d1;54000;ASH_COATED_OSMIUM;9925;7;9922;24;;;9956;28;9959;16;;;9940.5;0.0
yf_ZC=F_d1;54000;INTARIAN_PEPPER_ROOT;12479;14;12477;19;;;12485;17;12488;20;;;12482.0;0.0
yf_ZC=F_d1;54100;ASH_COATED_OSMIUM;9937;18;9933;17;;;9945;15;9948;18;;;9941.0;0.0
yf_ZC=F_d1;54100;INTARIAN_PEPPER_ROOT;12478;10;12474;12;;;12484;21;12486;18;;;12481.0;0.0
yf_ZC=F_d1;54200;ASH_COATED_OSMIUM;9935;8;9932;14;;;9946;7;9949;24;;;9940.5;0.0
yf_ZC=F_d1;54200;INTARIAN_PEPPER_ROOT;12479;8;12477;19;;;12485;9;12488;14;;;12482.0;0.0
yf_ZC=F_d1;54300;ASH_COATED_OSMIUM;9937;19;9934;22;;;9944;15;9948;24;;;9940.5;0.0
yf_ZC=F_d1;54300;INTARIAN_PEPPER_ROOT;12475;23;12471;19;;;12488;21;12491;24;;;12481.5;0.0
yf_ZC=F_d1;54400;ASH_COATED_OSMIUM;9938;18;9935;16;;;9944;17;9948;24;;;9941.0;0.0
yf_ZC=F_d1;54400;INTARIAN_PEPPER_ROOT;12478;5;12474;13;;;12484;21;12486;27;;;12481.0;0.0
yf_ZC=F_d1;54500;ASH_COATED_OSMIUM;9936;15;9934;24;;;9944;17;9946;30;;;9940.0;0.0
yf_ZC=F_d1;54500;INTARIAN_PEPPER_ROOT;12476;13;12474;18;;;12486;14;12489;17;;;12481.0;0.0
yf_ZC=F_d1;54600;ASH_COATED_OSMIUM;9936;18;9932;21;;;9944;15;9947;19;;;9940.0;0.0
yf_ZC=F_d1;54600;INTARIAN_PEPPER_ROOT;12477;20;12474;22;;;12483;9;12486;25;;;12480.0;0.0
yf_ZC=F_d1;54700;ASH_COATED_OSMIUM;9926;11;9923;22;;;9954;15;9956;21;;;9940.0;0.0
yf_ZC=F_d1;54700;INTARIAN_PEPPER_ROOT;12477;15;12473;16;;;12483;23;12487;19;;;12480.0;0.0
yf_ZC=F_d1;54800;ASH_COATED_OSMIUM;9935;10;9932;13;;;9943;23;9946;32;;;9939.0;0.0
yf_ZC=F_d1;54800;INTARIAN_PEPPER_ROOT;12473;10;12469;12;;;12488;18;12492;8;;;12480.5;0.0
yf_ZC=F_d1;54900;ASH_COATED_OSMIUM;9937;22;9934;20;;;9943;16;9947;18;;;9940.0;0.0
yf_ZC=F_d1;54900;INTARIAN_PEPPER_ROOT;12477;20;12473;22;;;12483;17;12485;20;;;12480.0;0.0
yf_ZC=F_d1;55000;ASH_COATED_OSMIUM;9936;13;9934;19;;;9942;17;9946;23;;;9939.0;0.0
yf_ZC=F_d1;55000;INTARIAN_PEPPER_ROOT;12474;10;12471;10;;;12486;15;12489;10;;;12480.0;0.0
yf_ZC=F_d1;55100;ASH_COATED_OSMIUM;9936;13;9932;27;;;9943;14;9946;28;;;9939.5;0.0
yf_ZC=F_d1;55100;INTARIAN_PEPPER_ROOT;12476;12;12472;27;;;12483;15;12486;24;;;12479.5;0.0
yf_ZC=F_d1;55200;ASH_COATED_OSMIUM;9936;8;9934;21;;;9942;15;9945;21;;;9939.0;0.0
yf_ZC=F_d1;55200;INTARIAN_PEPPER_ROOT;12476;17;12474;18;;;12482;16;12486;21;;;12479.0;0.0
yf_ZC=F_d1;55300;ASH_COATED_OSMIUM;9935;12;9931;23;;;9943;12;9946;12;;;9939.0;0.0
yf_ZC=F_d1;55300;INTARIAN_PEPPER_ROOT;12476;22;12474;27;;;12482;13;12485;22;;;12479.0;0.0
yf_ZC=F_d1;55400;ASH_COATED_OSMIUM;9934;14;9931;24;;;9944;12;9947;25;;;9939.0;0.0
yf_ZC=F_d1;55400;INTARIAN_PEPPER_ROOT;12471;18;12467;17;;;12487;23;12491;20;;;12479.0;0.0
yf_ZC=F_d1;55500;ASH_COATED_OSMIUM;9936;9;9934;21;;;9942;9;9945;22;;;9939.0;0.0
yf_ZC=F_d1;55500;INTARIAN_PEPPER_ROOT;12471;12;12469;23;;;12488;9;12491;32;;;12479.5;0.0
yf_ZC=F_d1;55600;ASH_COATED_OSMIUM;9936;14;9933;16;;;9942;18;9944;11;;;9939.0;0.0
yf_ZC=F_d1;55600;INTARIAN_PEPPER_ROOT;12475;14;12473;24;;;12484;6;12488;17;;;12479.5;0.0
yf_ZC=F_d1;55700;ASH_COATED_OSMIUM;9935;11;9932;19;;;9941;11;9945;20;;;9938.0;0.0
yf_ZC=F_d1;55700;INTARIAN_PEPPER_ROOT;12471;11;12467;15;;;12487;17;12489;25;;;12479.0;0.0
yf_ZC=F_d1;55800;ASH_COATED_OSMIUM;9936;14;9934;8;;;9942;13;9946;20;;;9939.0;0.0
yf_ZC=F_d1;55800;INTARIAN_PEPPER_ROOT;12475;14;12471;10;;;12481;20;12485;20;;;12478.0;0.0
yf_ZC=F_d1;55900;ASH_COATED_OSMIUM;9935;18;9931;18;;;9941;17;9944;15;;;9938.0;0.0
yf_ZC=F_d1;55900;INTARIAN_PEPPER_ROOT;12475;10;12473;16;;;12481;19;12485;14;;;12478.0;0.0
yf_ZC=F_d1;56000;ASH_COATED_OSMIUM;9932;16;9930;26;;;9942;19;9945;31;;;9937.0;0.0
yf_ZC=F_d1;56000;INTARIAN_PEPPER_ROOT;12473;22;12471;22;;;12482;20;12485;17;;;12477.5;0.0
yf_ZC=F_d1;56100;ASH_COATED_OSMIUM;9935;15;9932;23;;;9941;7;9944;23;;;9938.0;0.0
yf_ZC=F_d1;56100;INTARIAN_PEPPER_ROOT;12467;22;12465;12;;;12487;12;12489;24;;;12477.0;0.0
yf_ZC=F_d1;56200;ASH_COATED_OSMIUM;9935;13;9931;27;;;9941;13;9944;17;;;9938.0;0.0
yf_ZC=F_d1;56200;INTARIAN_PEPPER_ROOT;12474;21;12471;8;;;12480;27;12483;20;;;12477.0;0.0
yf_ZC=F_d1;56300;ASH_COATED_OSMIUM;9928;16;9926;21;;;9948;17;9950;21;;;9938.0;0.0
yf_ZC=F_d1;56300;INTARIAN_PEPPER_ROOT;12470;10;12468;16;;;12485;5;12487;22;;;12477.5;0.0
yf_ZC=F_d1;56400;ASH_COATED_OSMIUM;9935;11;9933;24;;;9941;15;9944;23;;;9938.0;0.0
yf_ZC=F_d1;56400;INTARIAN_PEPPER_ROOT;12474;16;12472;24;;;12480;18;12483;12;;;12477.0;0.0
yf_ZC=F_d1;56500;ASH_COATED_OSMIUM;9934;18;9931;19;;;9943;8;9946;25;;;9938.5;0.0
yf_ZC=F_d1;56500;INTARIAN_PEPPER_ROOT;12474;10;12470;21;;;12480;17;12484;21;;;12477.0;0.0
yf_ZC=F_d1;56600;ASH_COATED_OSMIUM;9934;18;9930;20;;;9940;10;9942;18;;;9937.0;0.0
yf_ZC=F_d1;56600;INTARIAN_PEPPER_ROOT;12473;16;12471;16;;;12479;19;12483;19;;;12476.0;0.0
yf_ZC=F_d1;56700;ASH_COATED_OSMIUM;9934;11;9931;14;;;9940;17;9943;14;;;9937.0;0.0
yf_ZC=F_d1;56700;INTARIAN_PEPPER_ROOT;12473;18;12469;26;;;12479;7;12483;16;;;12476.0;0.0
yf_ZC=F_d1;56800;ASH_COATED_OSMIUM;9934;14;9930;13;;;9940;8;9943;17;;;9937.0;0.0
yf_ZC=F_d1;56800;INTARIAN_PEPPER_ROOT;12473;15;12471;22;;;12479;15;12483;21;;;12476.0;0.0
yf_ZC=F_d1;56900;ASH_COATED_OSMIUM;9934;20;9931;20;;;9940;16;9944;20;;;9937.0;0.0
yf_ZC=F_d1;56900;INTARIAN_PEPPER_ROOT;12471;17;12469;19;;;12480;10;12484;28;;;12475.5;0.0
yf_ZC=F_d1;57000;ASH_COATED_OSMIUM;9932;15;9928;21;;;9941;15;9944;14;;;9936.5;0.0
yf_ZC=F_d1;57000;INTARIAN_PEPPER_ROOT;12473;14;12471;16;;;12479;11;12481;20;;;12476.0;0.0
yf_ZC=F_d1;57100;ASH_COATED_OSMIUM;9934;15;9932;17;;;9940;23;9944;19;;;9937.0;0.0
yf_ZC=F_d1;57100;INTARIAN_PEPPER_ROOT;12472;8;12470;20;;;12478;12;12482;15;;;12475.0;0.0
yf_ZC=F_d1;57200;ASH_COATED_OSMIUM;9934;16;9930;20;;;9940;9;9944;21;;;9937.0;0.0
yf_ZC=F_d1;57200;INTARIAN_PEPPER_ROOT;12472;9;12470;25;;;12478;8;12482;15;;;12475.0;0.0
yf_ZC=F_d1;57300;ASH_COATED_OSMIUM;9934;15;9930;16;;;9940;23;9942;20;;;9937.0;0.0
yf_ZC=F_d1;57300;INTARIAN_PEPPER_ROOT;12472;17;12469;14;;;12478;21;12482;26;;;12475.0;0.0
yf_ZC=F_d1;57400;ASH_COATED_OSMIUM;9928;14;9926;18;;;9944;12;9947;15;;;9936.0;0.0
yf_ZC=F_d1;57400;INTARIAN_PEPPER_ROOT;12468;13;12464;13;;;12483;26;12486;18;;;12475.5;0.0
yf_ZC=F_d1;57500;ASH_COATED_OSMIUM;9926;13;9923;14;;;9947;24;9950;16;;;9936.5;0.0
yf_ZC=F_d1;57500;INTARIAN_PEPPER_ROOT;12472;14;12470;24;;;12478;8;12481;13;;;12475.0;0.0
yf_ZC=F_d1;57600;ASH_COATED_OSMIUM;9933;18;9931;23;;;9939;14;9942;15;;;9936.0;0.0
yf_ZC=F_d1;57600;INTARIAN_PEPPER_ROOT;12469;10;12466;22;;;12479;12;12481;26;;;12474.0;0.0
yf_ZC=F_d1;57700;ASH_COATED_OSMIUM;9930;15;9926;25;;;9942;9;9944;23;;;9936.0;0.0
yf_ZC=F_d1;57700;INTARIAN_PEPPER_ROOT;12471;8;12468;26;;;12477;9;12479;19;;;12474.0;0.0
yf_ZC=F_d1;57800;ASH_COATED_OSMIUM;9932;23;9930;18;;;9941;16;9945;19;;;9936.5;0.0
yf_ZC=F_d1;57800;INTARIAN_PEPPER_ROOT;12471;11;12468;20;;;12477;9;12479;25;;;12474.0;0.0
yf_ZC=F_d1;57900;ASH_COATED_OSMIUM;9933;12;9929;25;;;9939;9;9943;20;;;9936.0;0.0
yf_ZC=F_d1;57900;INTARIAN_PEPPER_ROOT;12471;21;12469;18;;;12477;17;12480;27;;;12474.0;0.0
yf_ZC=F_d1;58000;ASH_COATED_OSMIUM;9933;10;9930;24;;;9939;10;9941;25;;;9936.0;0.0
yf_ZC=F_d1;58000;INTARIAN_PEPPER_ROOT;12471;18;12467;18;;;12477;16;12479;18;;;12474.0;0.0
yf_ZC=F_d1;58100;ASH_COATED_OSMIUM;9926;9;9924;10;;;9945;15;9948;16;;;9935.5;0.0
yf_ZC=F_d1;58100;INTARIAN_PEPPER_ROOT;12471;18;12468;25;;;12477;19;12479;15;;;12474.0;0.0
yf_ZC=F_d1;58200;ASH_COATED_OSMIUM;9930;13;9928;25;;;9941;22;9945;26;;;9935.5;0.0
yf_ZC=F_d1;58200;INTARIAN_PEPPER_ROOT;12468;20;12464;15;;;12479;17;12482;16;;;12473.5;0.0
yf_ZC=F_d1;58300;ASH_COATED_OSMIUM;9921;21;9919;17;;;9948;22;9952;19;;;9934.5;0.0
