day;timestamp;product;bid_price_1;bid_volume_1;bid_price_2;bid_volume_2;bid_price_3;bid_volume_3;ask_price_1;ask_volume_1;ask_price_2;ask_volume_2;ask_price_3;ask_volume_3;mid_price;profit_and_loss
yf_ZW=F_d14;0;ASH_COATED_OSMIUM;9897;13;9894;19;;;9903;13;9907;16;;;9900.0;0.0
yf_ZW=F_d14;0;INTARIAN_PEPPER_ROOT;10079;23;10077;20;;;10094;12;10097;22;;;10086.5;0.0
yf_ZW=F_d14;100;ASH_COATED_OSMIUM;9897;11;9894;20;;;9903;17;9905;14;;;9900.0;0.0
yf_ZW=F_d14;100;INTARIAN_PEPPER_ROOT;10073;15;10071;26;;;10098;10;10100;23;;;10085.5;0.0
yf_ZW=F_d14;200;ASH_COATED_OSMIUM;9896;16;9894;22;;;9902;16;9906;24;;;9899.0;0.0
yf_ZW=F_d14;200;INTARIAN_PEPPER_ROOT;10079;13;10075;16;;;10092;17;10095;19;;;10085.5;0.0
yf_ZW=F_d14;300;ASH_COATED_OSMIUM;9895;14;9892;20;;;9905;13;9908;20;;;9900.0;0.0
yf_ZW=F_d14;300;INTARIAN_PEPPER_ROOT;10079;10;10077;19;;;10091;18;10093;17;;;10085.0;0.0
yf_ZW=F_d14;400;ASH_COATED_OSMIUM;9893;14;9890;25;;;9907;15;9909;18;;;9900.0;0.0
yf_ZW=F_d14;400;INTARIAN_PEPPER_ROOT;10080;19;10077;24;;;10090;9;10093;14;;;10085.0;0.0
yf_ZW=F_d14;500;ASH_COATED_OSMIUM;9897;15;9894;23;;;9903;23;9905;17;;;9900.0;0.0
yf_ZW=F_d14;500;INTARIAN_PEPPER_ROOT;10081;15;10079;25;;;10087;15;10091;17;;;10084.0;0.0
yf_ZW=F_d14;600;ASH_COATED_OSMIUM;9897;8;9893;16;;;9903;11;9906;14;;;9900.0;0.0
yf_ZW=F_d14;600;INTARIAN_PEPPER_ROOT;10080;10;10076;21;;;10086;14;10088;17;;;10083.0;0.0
yf_ZW=F_d14;700;ASH_COATED_OSMIUM;9897;12;9893;24;;;9903;5;9905;17;;;9900.0;0.0
yf_ZW=F_d14;700;INTARIAN_PEPPER_ROOT;10079;12;10075;22;;;10085;8;10089;16;;;10082.0;0.0
yf_ZW=F_d14;800;ASH_COATED_OSMIUM;9897;9;9894;20;;;9903;5;9907;21;;;9900.0;0.0
yf_ZW=F_d14;800;INTARIAN_PEPPER_ROOT;10074;16;10072;14;;;10091;17;10093;14;;;10082.5;0.0
yf_ZW=F_d14;900;ASH_COATED_OSMIUM;9896;7;9893;21;;;9904;14;9906;29;;;9900.0;0.0
yf_ZW=F_d14;900;INTARIAN_PEPPER_ROOT;10079;20;10077;24;;;10085;11;10087;16;;;10082.0;0.0
yf_ZW=F_d14;1000;ASH_COATED_OSMIUM;9893;5;9889;32;;;9906;14;9910;18;;;9899.5;0.0
yf_ZW=F_d14;1000;INTARIAN_PEPPER_ROOT;10076;10;10073;19;;;10087;11;10091;20;;;10081.5;0.0
yf_ZW=F_d14;1100;ASH_COATED_OSMIUM;9897;15;9893;25;;;9903;17;9905;18;;;9900.0;0.0
yf_ZW=F_d14;1100;INTARIAN_PEPPER_ROOT;10074;15;10071;15;;;10087;13;10089;27;;;10080.5;0.0
yf_ZW=F_d14;1200;ASH_COATED_OSMIUM;9897;9;9895;22;;;9903;20;9905;9;;;9900.0;0.0
yf_ZW=F_d14;1200;INTARIAN_PEPPER_ROOT;10077;18;10075;25;;;10083;16;10087;14;;;10080.0;0.0
yf_ZW=F_d14;1300;ASH_COATED_OSMIUM;9897;15;9893;19;;;9903;6;9905;14;;;9900.0;0.0
yf_ZW=F_d14;1300;INTARIAN_PEPPER_ROOT;10076;18;10072;14;;;10082;14;10086;18;;;10079.0;0.0
yf_ZW=F_d14;1400;ASH_COATED_OSMIUM;9892;21;9890;18;;;9907;18;9910;22;;;9899.5;0.0
yf_ZW=F_d14;1400;INTARIAN_PEPPER_ROOT;10076;11;10073;25;;;10083;16;10087;22;;;10079.5;0.0
yf_ZW=F_d14;1500;ASH_COATED_OSMIUM;9896;10;9892;22;;;9905;11;9909;16;;;9900.5;0.0
yf_ZW=F_d14;1500;INTARIAN_PEPPER_ROOT;10076;12;10072;17;;;10082;15;10085;15;;;10079.0;0.0
yf_ZW=F_d14;1600;ASH_COATED_OSMIUM;9891;21;9888;24;;;9909;19;9912;20;;;9900.0;0.0
yf_ZW=F_d14;1600;INTARIAN_PEPPER_ROOT;10070;11;10066;17;;;10086;15;10088;15;;;10078.0;0.0
yf_ZW=F_d14;1700;ASH_COATED_OSMIUM;9888;24;9884;10;;;9912;10;9915;20;;;9900.0;0.0
yf_ZW=F_d14;1700;INTARIAN_PEPPER_ROOT;10074;16;10070;21;;;10080;9;10083;17;;;10077.0;0.0
yf_ZW=F_d14;1800;ASH_COATED_OSMIUM;9896;13;9894;19;;;9903;16;9906;17;;;9899.5;0.0
yf_ZW=F_d14;1800;INTARIAN_PEPPER_ROOT;10075;18;10073;25;;;10081;15;10083;22;;;10078.0;0.0
yf_ZW=F_d14;1900;ASH_COATED_OSMIUM;9896;8;9893;19;;;9904;11;9906;10;;;9900.0;0.0
yf_ZW=F_d14;1900;INTARIAN_PEPPER_ROOT;10065;8;10062;16;;;10088;12;10091;18;;;10076.5;0.0
yf_ZW=F_d14;2000;ASH_COATED_OSMIUM;9886;5;9883;18;;;9914;21;9917;25;;;9900.0;0.0
yf_ZW=F_d14;2000;INTARIAN_PEPPER_ROOT;10073;18;10069;15;;;10079;10;10081;32;;;10076.0;0.0
yf_ZW=F_d14;2100;ASH_COATED_OSMIUM;9897;18;9893;18;;;9903;13;9906;20;;;9900.0;0.0
yf_ZW=F_d14;2100;INTARIAN_PEPPER_ROOT;10072;13;10070;24;;;10078;16;10080;27;;;10075.0;0.0
yf_ZW=F_d14;2200;ASH_COATED_OSMIUM;9897;12;9894;19;;;9903;17;9907;25;;;9900.0;0.0
yf_ZW=F_d14;2200;INTARIAN_PEPPER_ROOT;10068;16;10065;19;;;10081;13;10083;25;;;10074.5;0.0
yf_ZW=F_d14;2300;ASH_COATED_OSMIUM;9897;18;9895;15;;;9903;20;9905;27;;;9900.0;0.0
yf_ZW=F_d14;2300;INTARIAN_PEPPER_ROOT;10058;8;10055;11;;;10093;9;10097;13;;;10075.5;0.0
yf_ZW=F_d14;2400;ASH_COATED_OSMIUM;9897;15;9893;21;;;9903;14;9905;21;;;9900.0;0.0
yf_ZW=F_d14;2400;INTARIAN_PEPPER_ROOT;10070;8;10067;24;;;10078;15;10082;24;;;10074.0;0.0
yf_ZW=F_d14;2500;ASH_COATED_OSMIUM;9897;19;9893;25;;;9903;16;9906;15;;;9900.0;0.0
yf_ZW=F_d14;2500;INTARIAN_PEPPER_ROOT;10070;15;10068;22;;;10076;8;10080;29;;;10073.0;0.0
yf_ZW=F_d14;2600;ASH_COATED_OSMIUM;9896;15;9893;17;;;9902;16;9904;26;;;9899.0;0.0
yf_ZW=F_d14;2600;INTARIAN_PEPPER_ROOT;10064;17;10060;11;;;10082;9;10086;15;;;10073.0;0.0
yf_ZW=F_d14;2700;ASH_COATED_OSMIUM;9896;19;9893;19;;;9902;13;9905;15;;;9899.0;0.0
yf_ZW=F_d14;2700;INTARIAN_PEPPER_ROOT;10070;12;10068;15;;;10076;14;10079;15;;;10073.0;0.0
yf_ZW=F_d14;2800;ASH_COATED_OSMIUM;9897;10;9894;24;;;9903;13;9907;21;;;9900.0;0.0
yf_ZW=F_d14;2800;INTARIAN_PEPPER_ROOT;10069;10;10066;21;;;10075;7;10077;14;;;10072.0;0.0
yf_ZW=F_d14;2900;ASH_COATED_OSMIUM;9897;17;9893;22;;;9903;16;9905;18;;;9900.0;0.0
yf_ZW=F_d14;2900;INTARIAN_PEPPER_ROOT;10064;9;10060;19;;;10079;19;10082;19;;;10071.5;0.0
yf_ZW=F_d14;3000;ASH_COATED_OSMIUM;9897;13;9894;16;;;9903;17;9905;21;;;9900.0;0.0
yf_ZW=F_d14;3000;INTARIAN_PEPPER_ROOT;10068;11;10064;25;;;10075;20;10077;12;;;10071.5;0.0
yf_ZW=F_d14;3100;ASH_COATED_OSMIUM;9896;10;9894;26;;;9902;19;9906;19;;;9899.0;0.0
yf_ZW=F_d14;3100;INTARIAN_PEPPER_ROOT;10067;7;10065;20;;;10073;11;10076;16;;;10070.0;0.0
yf_ZW=F_d14;3200;ASH_COATED_OSMIUM;9896;11;9894;26;;;9904;16;9908;17;;;9900.0;0.0
yf_ZW=F_d14;3200;INTARIAN_PEPPER_ROOT;10067;14;10065;15;;;10073;23;10076;12;;;10070.0;0.0
yf_ZW=F_d14;3300;ASH_COATED_OSMIUM;9897;19;9895;16;;;9903;13;9905;11;;;9900.0;0.0
yf_ZW=F_d14;3300;INTARIAN_PEPPER_ROOT;10067;14;10064;18;;;10073;16;10077;24;;;10070.0;0.0
yf_ZW=F_d14;3400;ASH_COATED_OSMIUM;9895;14;9891;21;;;9905;18;9907;27;;;9900.0;0.0
yf_ZW=F_d14;3400;INTARIAN_PEPPER_ROOT;10066;10;10064;15;;;10072;18;10076;23;;;10069.0;0.0
yf_ZW=F_d14;3500;ASH_COATED_OSMIUM;9889;20;9887;26;;;9912;22;9914;22;;;9900.5;0.0
yf_ZW=F_d14;3500;INTARIAN_PEPPER_ROOT;10065;7;10061;26;;;10071;9;10074;26;;;10068.0;0.0
yf_ZW=F_d14;3600;ASH_COATED_OSMIUM;9894;9;9891;10;;;9905;17;9909;23;;;9899.5;0.0
yf_ZW=F_d14;3600;INTARIAN_PEPPER_ROOT;10065;13;10061;11;;;10071;12;10074;21;;;10068.0;0.0
yf_ZW=F_d14;3700;ASH_COATED_OSMIUM;9896;8;9893;25;;;9902;8;9904;21;;;9899.0;0.0
yf_ZW=F_d14;3700;INTARIAN_PEPPER_ROOT;10064;10;10062;34;;;10070;26;10073;22;;;10067.0;0.0
yf_ZW=F_d14;3800;ASH_COATED_OSMIUM;9896;16;9892;16;;;9904;13;9907;20;;;9900.0;0.0
yf_ZW=F_d14;3800;INTARIAN_PEPPER_ROOT;10061;14;10057;29;;;10074;20;10076;20;;;10067.5;0.0
yf_ZW=F_d14;3900;ASH_COATED_OSMIUM;9897;14;9895;21;;;9903;13;9905;25;;;9900.0;0.0
yf_ZW=F_d14;3900;INTARIAN_PEPPER_ROOT;10063;19;10059;15;;;10069;17;10071;19;;;10066.0;0.0
yf_ZW=F_d14;4000;ASH_COATED_OSMIUM;9897;9;9894;19;;;9903;18;9905;26;;;9900.0;0.0
yf_ZW=F_d14;4000;INTARIAN_PEPPER_ROOT;10063;16;10061;13;;;10069;12;10071;27;;;10066.0;0.0
yf_ZW=F_d14;4100;ASH_COATED_OSMIUM;9897;9;9895;19;;;9903;11;9906;23;;;9900.0;0.0
yf_ZW=F_d14;4100;INTARIAN_PEPPER_ROOT;10062;11;10060;20;;;10068;16;10070;11;;;10065.0;0.0
yf_ZW=F_d14;4200;ASH_COATED_OSMIUM;9891;8;9888;24;;;9909;11;9912;26;;;9900.0;0.0
yf_ZW=F_d14;4200;INTARIAN_PEPPER_ROOT;10062;16;10060;22;;;10068;14;10071;21;;;10065.0;0.0
yf_ZW=F_d14;4300;ASH_COATED_OSMIUM;9896;12;9894;20;;;9903;8;9906;11;;;9899.5;0.0
yf_ZW=F_d14;4300;INTARIAN_PEPPER_ROOT;10061;17;10057;20;;;10067;16;10070;24;;;10064.0;0.0
yf_ZW=F_d14;4400;ASH_COATED_OSMIUM;9897;14;9895;13;;;9904;16;9908;25;;;9900.5;0.0
yf_ZW=F_d14;4400;INTARIAN_PEPPER_ROOT;10061;17;10058;22;;;10067;10;10070;17;;;10064.0;0.0
yf_ZW=F_d14;4500;ASH_COATED_OSMIUM;9896;18;9892;14;;;9902;20;9906;21;;;9899.0;0.0
yf_ZW=F_d14;4500;INTARIAN_PEPPER_ROOT;10060;16;10058;14;;;10066;13;10070;21;;;10063.0;0.0
yf_ZW=F_d14;4600;ASH_COATED_OSMIUM;9897;17;9894;13;;;9903;15;9905;16;;;9900.0;0.0
yf_ZW=F_d14;4600;INTARIAN_PEPPER_ROOT;10060;17;10057;10;;;10066;15;10068;20;;;10063.0;0.0
yf_ZW=F_d14;4700;ASH_COATED_OSMIUM;9897;15;9895;16;;;9903;17;9905;19;;;9900.0;0.0
yf_ZW=F_d14;4700;INTARIAN_PEPPER_ROOT;10059;11;10056;29;;;10065;9;10068;17;;;10062.0;0.0
yf_ZW=F_d14;4800;ASH_COATED_OSMIUM;9895;9;9891;17;;;9904;14;9908;19;;;9899.5;0.0
yf_ZW=F_d14;4800;INTARIAN_PEPPER_ROOT;10050;28;10048;27;;;10074;22;10076;22;;;10062.0;0.0
yf_ZW=F_d14;4900;ASH_COATED_OSMIUM;9893;19;9890;16;;;9906;20;9908;18;;;9899.5;0.0
yf_ZW=F_d14;4900;INTARIAN_PEPPER_ROOT;10046;12;10044;20;;;10076;7;10078;22;;;10061.0;0.0
yf_ZW=F_d14;5000;ASH_COATED_OSMIUM;9894;9;9890;26;;;9906;22;9908;21;;;9900.0;0.0
yf_ZW=F_d14;5000;INTARIAN_PEPPER_ROOT;10058;10;10054;22;;;10064;7;10067;25;;;10061.0;0.0
yf_ZW=F_d14;5100;ASH_COATED_OSMIUM;9897;12;9894;20;;;9904;22;9906;21;;;9900.5;0.0
yf_ZW=F_d14;5100;INTARIAN_PEPPER_ROOT;10044;15;10040;13;;;10075;15;10079;20;;;10059.5;0.0
yf_ZW=F_d14;5200;ASH_COATED_OSMIUM;9897;30;9895;10;;;9903;23;9907;8;;;9900.0;0.0
yf_ZW=F_d14;5200;INTARIAN_PEPPER_ROOT;10056;22;10052;18;;;10064;14;10066;20;;;10060.0;0.0
yf_ZW=F_d14;5300;ASH_COATED_OSMIUM;9897;8;9893;17;;;9903;5;9905;19;;;9900.0;0.0
yf_ZW=F_d14;5300;INTARIAN_PEPPER_ROOT;10053;9;10051;22;;;10066;5;10068;25;;;10059.5;0.0
yf_ZW=F_d14;5400;ASH_COATED_OSMIUM;9896;15;9894;23;;;9903;16;9905;24;;;9899.5;0.0
yf_ZW=F_d14;5400;INTARIAN_PEPPER_ROOT;10056;24;10054;16;;;10062;17;10066;13;;;10059.0;0.0
yf_ZW=F_d14;5500;ASH_COATED_OSMIUM;9897;17;9893;19;;;9903;20;9907;20;;;9900.0;0.0
yf_ZW=F_d14;5500;INTARIAN_PEPPER_ROOT;10055;8;10052;22;;;10061;15;10065;28;;;10058.0;0.0
yf_ZW=F_d14;5600;ASH_COATED_OSMIUM;9897;15;9893;22;;;9903;18;9907;21;;;9900.0;0.0
yf_ZW=F_d14;5600;INTARIAN_PEPPER_ROOT;10053;19;10050;22;;;10062;14;10064;29;;;10057.5;0.0
yf_ZW=F_d14;5700;ASH_COATED_OSMIUM;9897;14;9894;16;;;9903;14;9906;22;;;9900.0;0.0
yf_ZW=F_d14;5700;INTARIAN_PEPPER_ROOT;10054;18;10050;17;;;10060;5;10064;25;;;10057.0;0.0
yf_ZW=F_d14;5800;ASH_COATED_OSMIUM;9897;14;9893;24;;;9903;16;9905;17;;;9900.0;0.0
yf_ZW=F_d14;5800;INTARIAN_PEPPER_ROOT;10048;21;10044;21;;;10066;16;10069;14;;;10057.0;0.0
yf_ZW=F_d14;5900;ASH_COATED_OSMIUM;9894;15;9891;25;;;9905;8;9908;13;;;9899.5;0.0
yf_ZW=F_d14;5900;INTARIAN_PEPPER_ROOT;10052;10;10048;22;;;10061;5;10063;17;;;10056.5;0.0
yf_ZW=F_d14;6000;ASH_COATED_OSMIUM;9895;11;9892;22;;;9904;16;9907;18;;;9899.5;0.0
yf_ZW=F_d14;6000;INTARIAN_PEPPER_ROOT;10052;21;10048;18;;;10058;24;10062;27;;;10055.0;0.0
yf_ZW=F_d14;6100;ASH_COATED_OSMIUM;9896;5;9893;14;;;9902;12;9906;16;;;9899.0;0.0
yf_ZW=F_d14;6100;INTARIAN_PEPPER_ROOT;10050;9;10046;21;;;10061;7;10065;22;;;10055.5;0.0
yf_ZW=F_d14;6200;ASH_COATED_OSMIUM;9894;12;9891;13;;;9906;20;9908;13;;;9900.0;0.0
yf_ZW=F_d14;6200;INTARIAN_PEPPER_ROOT;10051;10;10049;18;;;10057;6;10060;26;;;10054.0;0.0
yf_ZW=F_d14;6300;ASH_COATED_OSMIUM;9896;5;9894;21;;;9904;20;9907;21;;;9900.0;0.0
yf_ZW=F_d14;6300;INTARIAN_PEPPER_ROOT;10045;5;10042;20;;;10062;10;10065;11;;;10053.5;0.0
yf_ZW=F_d14;6400;ASH_COATED_OSMIUM;9897;11;9893;16;;;9903;12;9905;22;;;9900.0;0.0
yf_ZW=F_d14;6400;INTARIAN_PEPPER_ROOT;10049;19;10047;18;;;10057;19;10059;18;;;10053.0;0.0
yf_ZW=F_d14;6500;ASH_COATED_OSMIUM;9896;14;9892;21;;;9902;22;9904;28;;;9899.0;0.0
yf_ZW=F_d14;6500;INTARIAN_PEPPER_ROOT;10040;9;10037;13;;;10067;11;10069;15;;;10053.5;0.0
yf_ZW=F_d14;6600;ASH_COATED_OSMIUM;9896;12;9894;15;;;9904;9;9908;21;;;9900.0;0.0
yf_ZW=F_d14;6600;INTARIAN_PEPPER_ROOT;10044;18;10040;21;;;10061;7;10065;15;;;10052.5;0.0
yf_ZW=F_d14;6700;ASH_COATED_OSMIUM;9897;14;9894;15;;;9903;18;9906;20;;;9900.0;0.0
yf_ZW=F_d14;6700;INTARIAN_PEPPER_ROOT;10045;8;10042;17;;;10059;9;10061;16;;;10052.0;0.0
yf_ZW=F_d14;6800;ASH_COATED_OSMIUM;9891;15;9889;17;;;9909;10;9912;20;;;9900.0;0.0
yf_ZW=F_d14;6800;INTARIAN_PEPPER_ROOT;10049;13;10045;19;;;10055;19;10059;26;;;10052.0;0.0
yf_ZW=F_d14;6900;ASH_COATED_OSMIUM;9897;20;9893;19;;;9903;17;9907;24;;;9900.0;0.0
yf_ZW=F_d14;6900;INTARIAN_PEPPER_ROOT;10047;11;10043;26;;;10055;10;10058;22;;;10051.0;0.0
yf_ZW=F_d14;7000;ASH_COATED_OSMIUM;9896;17;9892;24;;;9902;17;9905;28;;;9899.0;0.0
yf_ZW=F_d14;7000;INTARIAN_PEPPER_ROOT;10047;15;10044;16;;;10053;8;10056;18;;;10050.0;0.0
yf_ZW=F_d14;7100;ASH_COATED_OSMIUM;9897;21;9895;23;;;9903;15;9906;18;;;9900.0;0.0
yf_ZW=F_d14;7100;INTARIAN_PEPPER_ROOT;10045;12;10043;25;;;10056;19;10059;19;;;10050.5;0.0
yf_ZW=F_d14;7200;ASH_COATED_OSMIUM;9895;9;9891;18;;;9904;17;9907;23;;;9899.5;0.0
yf_ZW=F_d14;7200;INTARIAN_PEPPER_ROOT;10041;19;10038;22;;;10058;9;10062;19;;;10049.5;0.0
yf_ZW=F_d14;7300;ASH_COATED_OSMIUM;9897;13;9893;21;;;9903;17;9905;19;;;9900.0;0.0
yf_ZW=F_d14;7300;INTARIAN_PEPPER_ROOT;10038;18;10034;19;;;10060;17;10062;25;;;10049.0;0.0
yf_ZW=F_d14;7400;ASH_COATED_OSMIUM;9897;19;9894;28;;;9903;18;9906;27;;;9900.0;0.0
yf_ZW=F_d14;7400;INTARIAN_PEPPER_ROOT;10034;21;10031;30;;;10064;26;10067;26;;;10049.0;0.0
yf_ZW=F_d14;7500;ASH_COATED_OSMIUM;9896;11;9892;20;;;9902;14;9905;22;;;9899.0;0.0
yf_ZW=F_d14;7500;INTARIAN_PEPPER_ROOT;10045;6;10042;21;;;10051;22;10053;21;;;10048.0;0.0
yf_ZW=F_d14;7600;ASH_COATED_OSMIUM;9889;19;9886;13;;;9910;13;9914;25;;;9899.5;0.0
yf_ZW=F_d14;7600;INTARIAN_PEPPER_ROOT;10044;21;10041;25;;;10050;9;10052;20;;;10047.0;0.0
yf_ZW=F_d14;7700;ASH_COATED_OSMIUM;9889;22;9885;18;;;9911;10;9914;20;;;9900.0;0.0
yf_ZW=F_d14;7700;INTARIAN_PEPPER_ROOT;10044;17;10041;32;;;10052;14;10054;24;;;10048.0;0.0
yf_ZW=F_d14;7800;ASH_COATED_OSMIUM;9897;24;9893;21;;;9903;24;9905;22;;;9900.0;0.0
yf_ZW=F_d14;7800;INTARIAN_PEPPER_ROOT;10043;14;10041;16;;;10049;17;10051;21;;;10046.0;0.0
yf_ZW=F_d14;7900;ASH_COATED_OSMIUM;9894;10;9890;17;;;9905;19;9908;21;;;9899.5;0.0
yf_ZW=F_d14;7900;INTARIAN_PEPPER_ROOT;10043;20;10039;21;;;10049;17;10053;23;;;10046.0;0.0
yf_ZW=F_d14;8000;ASH_COATED_OSMIUM;9896;5;9894;17;;;9902;14;9905;15;;;9899.0;0.0
yf_ZW=F_d14;8000;INTARIAN_PEPPER_ROOT;10043;8;10041;21;;;10049;16;10052;15;;;10046.0;0.0
yf_ZW=F_d14;8100;ASH_COATED_OSMIUM;9897;11;9895;24;;;9903;20;9906;27;;;9900.0;0.0
yf_ZW=F_d14;8100;INTARIAN_PEPPER_ROOT;10035;15;10031;21;;;10054;18;10057;19;;;10044.5;0.0
yf_ZW=F_d14;8200;ASH_COATED_OSMIUM;9897;12;9894;21;;;9903;16;9906;22;;;9900.0;0.0
yf_ZW=F_d14;8200;INTARIAN_PEPPER_ROOT;10034;12;10030;24;;;10054;14;10056;16;;;10044.0;0.0
yf_ZW=F_d14;8300;ASH_COATED_OSMIUM;9896;14;9892;9;;;9902;14;9906;14;;;9899.0;0.0
yf_ZW=F_d14;8300;INTARIAN_PEPPER_ROOT;10040;16;10038;24;;;10048;12;10051;23;;;10044.0;0.0
yf_ZW=F_d14;8400;ASH_COATED_OSMIUM;9896;10;9892;11;;;9902;14;9905;19;;;9899.0;0.0
yf_ZW=F_d14;8400;INTARIAN_PEPPER_ROOT;10038;20;10035;15;;;10047;12;10050;32;;;10042.5;0.0
yf_ZW=F_d14;8500;ASH_COATED_OSMIUM;9897;16;9894;18;;;9903;16;9906;22;;;9900.0;0.0
yf_ZW=F_d14;8500;INTARIAN_PEPPER_ROOT;10039;19;10037;23;;;10045;16;10049;15;;;10042.0;0.0
yf_ZW=F_d14;8600;ASH_COATED_OSMIUM;9897;8;9893;18;;;9903;7;9907;20;;;9900.0;0.0
yf_ZW=F_d14;8600;INTARIAN_PEPPER_ROOT;10039;15;10035;24;;;10045;8;10048;22;;;10042.0;0.0
yf_ZW=F_d14;8700;ASH_COATED_OSMIUM;9895;22;9893;13;;;9905;11;9908;19;;;9900.0;0.0
yf_ZW=F_d14;8700;INTARIAN_PEPPER_ROOT;10034;12;10032;22;;;10049;28;10051;13;;;10041.5;0.0
yf_ZW=F_d14;8800;ASH_COATED_OSMIUM;9896;13;9893;21;;;9902;15;9905;29;;;9899.0;0.0
yf_ZW=F_d14;8800;INTARIAN_PEPPER_ROOT;10034;12;10031;14;;;10048;20;10050;14;;;10041.0;0.0
yf_ZW=F_d14;8900;ASH_COATED_OSMIUM;9897;13;9893;16;;;9903;9;9905;10;;;9900.0;0.0
yf_ZW=F_d14;8900;INTARIAN_PEPPER_ROOT;10037;13;10034;27;;;10043;13;10045;14;;;10040.0;0.0
yf_ZW=F_d14;9000;ASH_COATED_OSMIUM;9897;12;9895;26;;;9903;11;9906;24;;;9900.0;0.0
yf_ZW=F_d14;9000;INTARIAN_PEPPER_ROOT;10038;16;10034;24;;;10044;20;10046;24;;;10041.0;0.0
yf_ZW=F_d14;9100;ASH_COATED_OSMIUM;9897;9;9894;15;;;9903;19;9906;19;;;9900.0;0.0
yf_ZW=F_d14;9100;INTARIAN_PEPPER_ROOT;10033;13;10031;19;;;10045;15;10049;23;;;10039.0;0.0
yf_ZW=F_d14;9200;ASH_COATED_OSMIUM;9897;24;9895;17;;;9903;11;9907;26;;;9900.0;0.0
yf_ZW=F_d14;9200;INTARIAN_PEPPER_ROOT;10035;13;10032;18;;;10044;15;10048;13;;;10039.5;0.0
yf_ZW=F_d14;9300;ASH_COATED_OSMIUM;9897;11;9894;16;;;9903;10;9907;28;;;9900.0;0.0
yf_ZW=F_d14;9300;INTARIAN_PEPPER_ROOT;10036;15;10033;20;;;10042;12;10044;15;;;10039.0;0.0
yf_ZW=F_d14;9400;ASH_COATED_OSMIUM;9891;16;9888;23;;;9909;13;9911;29;;;9900.0;0.0
yf_ZW=F_d14;9400;INTARIAN_PEPPER_ROOT;10020;21;10016;28;;;10055;13;10059;18;;;10037.5;0.0
yf_ZW=F_d14;9500;ASH_COATED_OSMIUM;9896;8;9892;24;;;9902;16;9904;22;;;9899.0;0.0
yf_ZW=F_d14;9500;INTARIAN_PEPPER_ROOT;10028;9;10025;20;;;10047;16;10051;21;;;10037.5;0.0
yf_ZW=F_d14;9600;ASH_COATED_OSMIUM;9896;7;9894;23;;;9902;11;9906;17;;;9899.0;0.0
yf_ZW=F_d14;9600;INTARIAN_PEPPER_ROOT;10035;21;10033;18;;;10041;16;10045;24;;;10038.0;0.0
yf_ZW=F_d14;9700;ASH_COATED_OSMIUM;9896;20;9892;12;;;9902;20;9905;18;;;9899.0;0.0
yf_ZW=F_d14;9700;INTARIAN_PEPPER_ROOT;10034;16;10032;20;;;10041;24;10043;15;;;10037.5;0.0
yf_ZW=F_d14;9800;ASH_COATED_OSMIUM;9897;15;9893;15;;;9903;13;9906;13;;;9900.0;0.0
yf_ZW=F_d14;9800;INTARIAN_PEPPER_ROOT;10033;13;10029;13;;;10039;18;10042;21;;;10036.0;0.0
yf_ZW=F_d14;9900;ASH_COATED_OSMIUM;9886;12;9882;15;;;9915;5;9919;25;;;9900.5;0.0
yf_ZW=F_d14;9900;INTARIAN_PEPPER_ROOT;10032;18;10030;13;;;10038;22;10041;20;;;10035.0;0.0
yf_ZW=F_d14;10000;ASH_COATED_OSMIUM;9896;23;9892;23;;;9902;11;9905;16;;;9899.0;0.0
yf_ZW=F_d14;10000;INTARIAN_PEPPER_ROOT;10032;12;10028;29;;;10038;10;10041;19;;;10035.0;0.0
yf_ZW=F_d14;10100;ASH_COATED_OSMIUM;9897;16;9895;19;;;9903;16;9906;32;;;9900.0;0.0
yf_ZW=F_d14;10100;INTARIAN_PEPPER_ROOT;10031;17;10028;27;;;10038;9;10041;15;;;10034.5;0.0
yf_ZW=F_d14;10200;ASH_COATED_OSMIUM;9893;7;9891;18;;;9906;14;9909;26;;;9899.5;0.0
yf_ZW=F_d14;10200;INTARIAN_PEPPER_ROOT;10028;20;10024;16;;;10040;11;10044;26;;;10034.0;0.0
yf_ZW=F_d14;10300;ASH_COATED_OSMIUM;9896;14;9894;15;;;9903;18;9906;24;;;9899.5;0.0
yf_ZW=F_d14;10300;INTARIAN_PEPPER_ROOT;10030;19;10027;19;;;10036;20;10040;22;;;10033.0;0.0
yf_ZW=F_d14;10400;ASH_COATED_OSMIUM;9897;12;9894;23;;;9903;17;9906;16;;;9900.0;0.0
yf_ZW=F_d14;10400;INTARIAN_PEPPER_ROOT;10030;7;10028;21;;;10036;20;10040;22;;;10033.0;0.0
yf_ZW=F_d14;10500;ASH_COATED_OSMIUM;9897;15;9893;20;;;9903;17;9906;8;;;9900.0;0.0
yf_ZW=F_d14;10500;INTARIAN_PEPPER_ROOT;10029;5;10026;15;;;10035;7;10038;16;;;10032.0;0.0
yf_ZW=F_d14;10600;ASH_COATED_OSMIUM;9896;12;9894;13;;;9904;19;9906;11;;;9900.0;0.0
yf_ZW=F_d14;10600;INTARIAN_PEPPER_ROOT;10029;16;10025;22;;;10035;16;10039;22;;;10032.0;0.0
yf_ZW=F_d14;10700;ASH_COATED_OSMIUM;9897;18;9893;22;;;9903;8;9905;17;;;9900.0;0.0
yf_ZW=F_d14;10700;INTARIAN_PEPPER_ROOT;10028;8;10026;14;;;10034;14;10037;18;;;10031.0;0.0
yf_ZW=F_d14;10800;ASH_COATED_OSMIUM;9897;6;9894;16;;;9903;11;9906;31;;;9900.0;0.0
yf_ZW=F_d14;10800;INTARIAN_PEPPER_ROOT;10028;5;10025;15;;;10034;16;10038;22;;;10031.0;0.0
yf_ZW=F_d14;10900;ASH_COATED_OSMIUM;9895;19;9891;26;;;9905;21;9907;24;;;9900.0;0.0
yf_ZW=F_d14;10900;INTARIAN_PEPPER_ROOT;10028;9;10025;24;;;10034;17;10037;23;;;10031.0;0.0
yf_ZW=F_d14;11000;ASH_COATED_OSMIUM;9889;15;9886;13;;;9910;17;9912;18;;;9899.5;0.0
yf_ZW=F_d14;11000;INTARIAN_PEPPER_ROOT;10026;17;10022;20;;;10032;19;10035;21;;;10029.0;0.0
yf_ZW=F_d14;11100;ASH_COATED_OSMIUM;9897;15;9895;17;;;9903;14;9906;18;;;9900.0;0.0
yf_ZW=F_d14;11100;INTARIAN_PEPPER_ROOT;10026;12;10022;19;;;10033;8;10036;33;;;10029.5;0.0
yf_ZW=F_d14;11200;ASH_COATED_OSMIUM;9890;8;9886;19;;;9910;10;9914;18;;;9900.0;0.0
yf_ZW=F_d14;11200;INTARIAN_PEPPER_ROOT;10026;11;10024;21;;;10032;22;10035;18;;;10029.0;0.0
yf_ZW=F_d14;11300;ASH_COATED_OSMIUM;9896;14;9894;19;;;9902;24;9905;25;;;9899.0;0.0
yf_ZW=F_d14;11300;INTARIAN_PEPPER_ROOT;10026;17;10023;15;;;10032;15;10036;20;;;10029.0;0.0
yf_ZW=F_d14;11400;ASH_COATED_OSMIUM;9894;15;9890;20;;;9906;22;9910;33;;;9900.0;0.0
yf_ZW=F_d14;11400;INTARIAN_PEPPER_ROOT;10025;10;10022;20;;;10031;14;10035;16;;;10028.0;0.0
yf_ZW=F_d14;11500;ASH_COATED_OSMIUM;9896;16;9894;15;;;9902;13;9905;22;;;9899.0;0.0
yf_ZW=F_d14;11500;INTARIAN_PEPPER_ROOT;10024;7;10022;20;;;10031;8;10034;12;;;10027.5;0.0
yf_ZW=F_d14;11600;ASH_COATED_OSMIUM;9888;15;9885;24;;;9911;24;9915;23;;;9899.5;0.0
yf_ZW=F_d14;11600;INTARIAN_PEPPER_ROOT;10024;9;10021;25;;;10030;17;10033;17;;;10027.0;0.0
yf_ZW=F_d14;11700;ASH_COATED_OSMIUM;9897;13;9895;23;;;9904;21;9907;13;;;9900.5;0.0
yf_ZW=F_d14;11700;INTARIAN_PEPPER_ROOT;10024;17;10022;15;;;10030;14;10033;29;;;10027.0;0.0
yf_ZW=F_d14;11800;ASH_COATED_OSMIUM;9897;11;9895;17;;;9903;10;9905;19;;;9900.0;0.0
yf_ZW=F_d14;11800;INTARIAN_PEPPER_ROOT;10023;16;10021;23;;;10029;10;10032;23;;;10026.0;0.0
yf_ZW=F_d14;11900;ASH_COATED_OSMIUM;9894;18;9891;16;;;9904;11;9907;15;;;9899.0;0.0
yf_ZW=F_d14;11900;INTARIAN_PEPPER_ROOT;10022;20;10020;14;;;10028;26;10031;18;;;10025.0;0.0
yf_ZW=F_d14;12000;ASH_COATED_OSMIUM;9892;12;9888;14;;;9907;19;9910;22;;;9899.5;0.0
yf_ZW=F_d14;12000;INTARIAN_PEPPER_ROOT;10022;11;10019;14;;;10028;16;10030;18;;;10025.0;0.0
yf_ZW=F_d14;12100;ASH_COATED_OSMIUM;9890;13;9886;18;;;9910;15;9913;22;;;9900.0;0.0
yf_ZW=F_d14;12100;INTARIAN_PEPPER_ROOT;10019;15;10016;13;;;10030;10;10034;12;;;10024.5;0.0
yf_ZW=F_d14;12200;ASH_COATED_OSMIUM;9897;19;9894;20;;;9903;19;9907;22;;;9900.0;0.0
yf_ZW=F_d14;12200;INTARIAN_PEPPER_ROOT;10020;15;10017;19;;;10027;13;10029;20;;;10023.5;0.0
yf_ZW=F_d14;12300;ASH_COATED_OSMIUM;9897;12;9895;24;;;9903;16;9906;14;;;9900.0;0.0
yf_ZW=F_d14;12300;INTARIAN_PEPPER_ROOT;10020;10;10018;15;;;10026;9;10028;30;;;10023.0;0.0
yf_ZW=F_d14;12400;ASH_COATED_OSMIUM;9897;14;9893;17;;;9903;20;9906;16;;;9900.0;0.0
yf_ZW=F_d14;12400;INTARIAN_PEPPER_ROOT;10020;25;10018;18;;;10026;16;10029;20;;;10023.0;0.0
yf_ZW=F_d14;12500;ASH_COATED_OSMIUM;9883;15;9881;19;;;9916;20;9920;14;;;9899.5;0.0
yf_ZW=F_d14;12500;INTARIAN_PEPPER_ROOT;10010;14;10006;21;;;10034;17;10036;19;;;10022.0;0.0
yf_ZW=F_d14;12600;ASH_COATED_OSMIUM;9895;17;9892;24;;;9905;13;9907;25;;;9900.0;0.0
yf_ZW=F_d14;12600;INTARIAN_PEPPER_ROOT;10010;11;10007;21;;;10034;11;10036;13;;;10022.0;0.0
yf_ZW=F_d14;12700;ASH_COATED_OSMIUM;9894;13;9890;23;;;9905;21;9908;22;;;9899.5;0.0
yf_ZW=F_d14;12700;INTARIAN_PEPPER_ROOT;10018;20;10014;22;;;10024;12;10026;18;;;10021.0;0.0
yf_ZW=F_d14;12800;ASH_COATED_OSMIUM;9896;10;9893;22;;;9902;26;9904;17;;;9899.0;0.0
yf_ZW=F_d14;12800;INTARIAN_PEPPER_ROOT;10018;12;10015;21;;;10024;20;10027;20;;;10021.0;0.0
yf_ZW=F_d14;12900;ASH_COATED_OSMIUM;9897;8;9893;29;;;9903;19;9905;23;;;9900.0;0.0
yf_ZW=F_d14;12900;INTARIAN_PEPPER_ROOT;10011;14;10008;22;;;10029;15;10033;24;;;10020.0;0.0
yf_ZW=F_d14;13000;ASH_COATED_OSMIUM;9888;14;9884;20;;;9912;15;9914;21;;;9900.0;0.0
yf_ZW=F_d14;13000;INTARIAN_PEPPER_ROOT;10017;11;10013;13;;;10023;16;10026;28;;;10020.0;0.0
yf_ZW=F_d14;13100;ASH_COATED_OSMIUM;9897;8;9893;19;;;9903;16;9905;22;;;9900.0;0.0
yf_ZW=F_d14;13100;INTARIAN_PEPPER_ROOT;10016;22;10014;21;;;10022;9;10025;21;;;10019.0;0.0
yf_ZW=F_d14;13200;ASH_COATED_OSMIUM;9883;9;9880;23;;;9915;15;9917;15;;;9899.0;0.0
yf_ZW=F_d14;13200;INTARIAN_PEPPER_ROOT;10016;16;10014;17;;;10022;17;10024;26;;;10019.0;0.0
yf_ZW=F_d14;13300;ASH_COATED_OSMIUM;9896;18;9894;23;;;9902;18;9906;18;;;9899.0;0.0
yf_ZW=F_d14;13300;INTARIAN_PEPPER_ROOT;10015;18;10013;26;;;10021;11;10024;18;;;10018.0;0.0
yf_ZW=F_d14;13400;ASH_COATED_OSMIUM;9887;16;9885;21;;;9912;7;9915;18;;;9899.5;0.0
yf_ZW=F_d14;13400;INTARIAN_PEPPER_ROOT;10006;16;10003;13;;;10028;24;10032;15;;;10017.0;0.0
yf_ZW=F_d14;13500;ASH_COATED_OSMIUM;9895;17;9891;16;;;9903;9;9906;32;;;9899.0;0.0
yf_ZW=F_d14;13500;INTARIAN_PEPPER_ROOT;10013;10;10011;22;;;10019;9;10021;13;;;10016.0;0.0
yf_ZW=F_d14;13600;ASH_COATED_OSMIUM;9897;10;9894;21;;;9903;8;9907;25;;;9900.0;0.0
yf_ZW=F_d14;13600;INTARIAN_PEPPER_ROOT;10013;21;10011;18;;;10019;16;10022;20;;;10016.0;0.0
yf_ZW=F_d14;13700;ASH_COATED_OSMIUM;9897;14;9895;21;;;9903;10;9905;13;;;9900.0;0.0
yf_ZW=F_d14;13700;INTARIAN_PEPPER_ROOT;10012;18;10009;14;;;10018;17;10021;18;;;10015.0;0.0
yf_ZW=F_d14;13800;ASH_COATED_OSMIUM;9896;5;9894;13;;;9902;6;9905;25;;;9899.0;0.0
yf_ZW=F_d14;13800;INTARIAN_PEPPER_ROOT;10012;23;10008;11;;;10018;16;10021;10;;;10015.0;0.0
yf_ZW=F_d14;13900;ASH_COATED_OSMIUM;9891;19;9888;28;;;9908;12;9912;24;;;9899.5;0.0
yf_ZW=F_d14;13900;INTARIAN_PEPPER_ROOT;9997;18;9995;27;;;10032;18;10035;20;;;10014.5;0.0
yf_ZW=F_d14;14000;ASH_COATED_OSMIUM;9895;18;9893;26;;;9904;16;9908;23;;;9899.5;0.0
yf_ZW=F_d14;14000;INTARIAN_PEPPER_ROOT;10011;16;10008;21;;;10017;13;10019;17;;;10014.0;0.0
yf_ZW=F_d14;14100;ASH_COATED_OSMIUM;9897;16;9895;20;;;9903;12;9906;18;;;9900.0;0.0
yf_ZW=F_d14;14100;INTARIAN_PEPPER_ROOT;10011;7;10009;15;;;10017;10;10021;15;;;10014.0;0.0
yf_ZW=F_d14;14200;ASH_COATED_OSMIUM;9885;18;9883;16;;;9914;14;9916;10;;;9899.5;0.0
yf_ZW=F_d14;14200;INTARIAN_PEPPER_ROOT;10005;20;10002;24;;;10021;12;10025;28;;;10013.0;0.0
yf_ZW=F_d14;14300;ASH_COATED_OSMIUM;9896;10;9893;20;;;9902;19;9906;31;;;9899.0;0.0
yf_ZW=F_d14;14300;INTARIAN_PEPPER_ROOT;10010;21;10006;14;;;10016;12;10020;25;;;10013.0;0.0
yf_ZW=F_d14;14400;ASH_COATED_OSMIUM;9896;9;9892;19;;;9902;14;9905;24;;;9899.0;0.0
yf_ZW=F_d14;14400;INTARIAN_PEPPER_ROOT;10009;14;10007;17;;;10015;14;10019;16;;;10012.0;0.0
yf_ZW=F_d14;14500;ASH_COATED_OSMIUM;9894;13;9891;26;;;9906;23;9908;18;;;9900.0;0.0
yf_ZW=F_d14;14500;INTARIAN_PEPPER_ROOT;10009;13;10007;23;;;10015;11;10017;19;;;10012.0;0.0
yf_ZW=F_d14;14600;ASH_COATED_OSMIUM;9890;18;9888;22;;;9910;17;9913;29;;;9900.0;0.0
yf_ZW=F_d14;14600;INTARIAN_PEPPER_ROOT;10008;13;10006;14;;;10015;16;10018;16;;;10011.5;0.0
yf_ZW=F_d14;14700;ASH_COATED_OSMIUM;9891;17;9889;27;;;9908;18;9910;24;;;9899.5;0.0
yf_ZW=F_d14;14700;INTARIAN_PEPPER_ROOT;10008;14;10005;18;;;10014;21;10016;22;;;10011.0;0.0
yf_ZW=F_d14;14800;ASH_COATED_OSMIUM;9897;5;9894;18;;;9903;10;9905;24;;;9900.0;0.0
yf_ZW=F_d14;14800;INTARIAN_PEPPER_ROOT;10005;7;10001;19;;;10017;13;10019;14;;;10011.0;0.0
yf_ZW=F_d14;14900;ASH_COATED_OSMIUM;9890;19;9888;30;;;9908;15;9912;25;;;9899.0;0.0
yf_ZW=F_d14;14900;INTARIAN_PEPPER_ROOT;10007;13;10005;19;;;10013;12;10017;28;;;10010.0;0.0
yf_ZW=F_d14;15000;ASH_COATED_OSMIUM;9897;16;9893;14;;;9903;7;9906;23;;;9900.0;0.0
yf_ZW=F_d14;15000;INTARIAN_PEPPER_ROOT;10006;12;10002;14;;;10012;20;10014;12;;;10009.0;0.0
yf_ZW=F_d14;15100;ASH_COATED_OSMIUM;9896;7;9892;17;;;9902;5;9905;9;;;9899.0;0.0
yf_ZW=F_d14;15100;INTARIAN_PEPPER_ROOT;10006;16;10002;20;;;10012;7;10016;21;;;10009.0;0.0
yf_ZW=F_d14;15200;ASH_COATED_OSMIUM;9896;9;9892;27;;;9902;15;9906;20;;;9899.0;0.0
yf_ZW=F_d14;15200;INTARIAN_PEPPER_ROOT;10003;18;9999;18;;;10013;22;10017;19;;;10008.0;0.0
yf_ZW=F_d14;15300;ASH_COATED_OSMIUM;9885;24;9881;18;;;9914;13;9917;25;;;9899.5;0.0
yf_ZW=F_d14;15300;INTARIAN_PEPPER_ROOT;10005;16;10001;18;;;10011;15;10015;14;;;10008.0;0.0
yf_ZW=F_d14;15400;ASH_COATED_OSMIUM;9897;13;9894;9;;;9903;21;9907;12;;;9900.0;0.0
yf_ZW=F_d14;15400;INTARIAN_PEPPER_ROOT;10004;10;10001;17;;;10012;22;10014;23;;;10008.0;0.0
yf_ZW=F_d14;15500;ASH_COATED_OSMIUM;9897;17;9893;26;;;9903;20;9906;22;;;9900.0;0.0
yf_ZW=F_d14;15500;INTARIAN_PEPPER_ROOT;10004;18;10000;21;;;10010;14;10012;15;;;10007.0;0.0
yf_ZW=F_d14;15600;ASH_COATED_OSMIUM;9896;19;9894;23;;;9902;15;9905;24;;;9899.0;0.0
yf_ZW=F_d14;15600;INTARIAN_PEPPER_ROOT;10000;15;9998;29;;;10013;27;10015;15;;;10006.5;0.0
yf_ZW=F_d14;15700;ASH_COATED_OSMIUM;9896;18;9894;20;;;9902;5;9906;24;;;9899.0;0.0
yf_ZW=F_d14;15700;INTARIAN_PEPPER_ROOT;10003;6;10000;23;;;10010;14;10014;16;;;10006.5;0.0
yf_ZW=F_d14;15800;ASH_COATED_OSMIUM;9892;16;9888;17;;;9905;15;9907;14;;;9898.5;0.0
yf_ZW=F_d14;15800;INTARIAN_PEPPER_ROOT;10002;17;9999;14;;;10008;20;10011;18;;;10005.0;0.0
yf_ZW=F_d14;15900;ASH_COATED_OSMIUM;9896;12;9893;8;;;9902;10;9905;20;;;9899.0;0.0
yf_ZW=F_d14;15900;INTARIAN_PEPPER_ROOT;10001;8;9998;32;;;10007;14;10011;20;;;10004.0;0.0
yf_ZW=F_d14;16000;ASH_COATED_OSMIUM;9896;22;9893;10;;;9902;10;9906;20;;;9899.0;0.0
yf_ZW=F_d14;16000;INTARIAN_PEPPER_ROOT;10001;10;9999;12;;;10007;26;10009;12;;;10004.0;0.0
yf_ZW=F_d14;16100;ASH_COATED_OSMIUM;9892;22;9888;28;;;9907;15;9909;14;;;9899.5;0.0
yf_ZW=F_d14;16100;INTARIAN_PEPPER_ROOT;9999;13;9995;23;;;10008;7;10011;11;;;10003.5;0.0
yf_ZW=F_d14;16200;ASH_COATED_OSMIUM;9896;16;9894;15;;;9903;7;9905;25;;;9899.5;0.0
yf_ZW=F_d14;16200;INTARIAN_PEPPER_ROOT;10000;18;9998;16;;;10006;17;10008;13;;;10003.0;0.0
yf_ZW=F_d14;16300;ASH_COATED_OSMIUM;9897;14;9893;32;;;9903;21;9906;22;;;9900.0;0.0
yf_ZW=F_d14;16300;INTARIAN_PEPPER_ROOT;10000;19;9996;21;;;10006;7;10009;21;;;10003.0;0.0
yf_ZW=F_d14;16400;ASH_COATED_OSMIUM;9897;12;9893;22;;;9903;18;9905;19;;;9900.0;0.0
yf_ZW=F_d14;16400;INTARIAN_PEPPER_ROOT;9999;9;9997;21;;;10005;18;10007;8;;;10002.0;0.0
yf_ZW=F_d14;16500;ASH_COATED_OSMIUM;9896;14;9894;15;;;9902;13;9906;15;;;9899.0;0.0
yf_ZW=F_d14;16500;INTARIAN_PEPPER_ROOT;9998;22;9996;21;;;10006;14;10009;8;;;10002.0;0.0
yf_ZW=F_d14;16600;ASH_COATED_OSMIUM;9892;13;9888;18;;;9908;16;9912;32;;;9900.0;0.0
yf_ZW=F_d14;16600;INTARIAN_PEPPER_ROOT;9998;11;9996;23;;;10004;22;10006;26;;;10001.0;0.0
yf_ZW=F_d14;16700;ASH_COATED_OSMIUM;9892;22;9890;23;;;9907;12;9911;18;;;9899.5;0.0
yf_ZW=F_d14;16700;INTARIAN_PEPPER_ROOT;9998;13;9994;16;;;10004;14;10008;13;;;10001.0;0.0
yf_ZW=F_d14;16800;ASH_COATED_OSMIUM;9896;7;9894;23;;;9902;15;9905;34;;;9899.0;0.0
yf_ZW=F_d14;16800;INTARIAN_PEPPER_ROOT;9983;13;9981;23;;;10018;9;10022;21;;;10000.5;0.0
yf_ZW=F_d14;16900;ASH_COATED_OSMIUM;9897;9;9895;15;;;9903;12;9905;23;;;9900.0;0.0
yf_ZW=F_d14;16900;INTARIAN_PEPPER_ROOT;9997;13;9993;15;;;10003;16;10005;27;;;10000.0;0.0
yf_ZW=F_d14;17000;ASH_COATED_OSMIUM;9897;20;9893;21;;;9903;10;9907;20;;;9900.0;0.0
yf_ZW=F_d14;17000;INTARIAN_PEPPER_ROOT;9993;9;9989;18;;;10005;15;10009;17;;;9999.0;0.0
yf_ZW=F_d14;17100;ASH_COATED_OSMIUM;9897;9;9894;16;;;9903;14;9905;13;;;9900.0;0.0
yf_ZW=F_d14;17100;INTARIAN_PEPPER_ROOT;9997;12;9995;14;;;10003;23;10006;13;;;10000.0;0.0
yf_ZW=F_d14;17200;ASH_COATED_OSMIUM;9896;8;9893;17;;;9902;7;9904;32;;;9899.0;0.0
yf_ZW=F_d14;17200;INTARIAN_PEPPER_ROOT;9996;22;9994;28;;;10002;15;10005;17;;;9999.0;0.0
yf_ZW=F_d14;17300;ASH_COATED_OSMIUM;9897;23;9893;22;;;9903;22;9907;14;;;9900.0;0.0
yf_ZW=F_d14;17300;INTARIAN_PEPPER_ROOT;9995;15;9991;24;;;10006;19;10009;22;;;10000.5;0.0
yf_ZW=F_d14;17400;ASH_COATED_OSMIUM;9897;12;9894;9;;;9903;21;9905;23;;;9900.0;0.0
yf_ZW=F_d14;17400;INTARIAN_PEPPER_ROOT;9996;16;9993;24;;;10006;9;10009;20;;;10001.0;0.0
yf_ZW=F_d14;17500;ASH_COATED_OSMIUM;9895;11;9893;13;;;9905;21;9909;26;;;9900.0;0.0
yf_ZW=F_d14;17500;INTARIAN_PEPPER_ROOT;9998;21;9994;32;;;10004;16;10007;20;;;10001.0;0.0
yf_ZW=F_d14;17600;ASH_COATED_OSMIUM;9897;26;9895;8;;;9903;17;9905;22;;;9900.0;0.0
yf_ZW=F_d14;17600;INTARIAN_PEPPER_ROOT;9998;14;9994;28;;;10004;11;10006;14;;;10001.0;0.0
yf_ZW=F_d14;17700;ASH_COATED_OSMIUM;9896;15;9892;22;;;9902;11;9906;17;;;9899.0;0.0
yf_ZW=F_d14;17700;INTARIAN_PEPPER_ROOT;9998;11;9994;24;;;10004;11;10007;18;;;10001.0;0.0
yf_ZW=F_d14;17800;ASH_COATED_OSMIUM;9896;10;9894;20;;;9905;9;9908;26;;;9900.5;0.0
yf_ZW=F_d14;17800;INTARIAN_PEPPER_ROOT;9988;11;9986;15;;;10015;12;10017;26;;;10001.5;0.0
yf_ZW=F_d14;17900;ASH_COATED_OSMIUM;9897;16;9893;20;;;9903;14;9905;14;;;9900.0;0.0
yf_ZW=F_d14;17900;INTARIAN_PEPPER_ROOT;9998;21;9996;14;;;10004;8;10008;23;;;10001.0;0.0
yf_ZW=F_d14;18000;ASH_COATED_OSMIUM;9897;20;9895;25;;;9903;14;9905;10;;;9900.0;0.0
yf_ZW=F_d14;18000;INTARIAN_PEPPER_ROOT;9998;15;9995;16;;;10005;18;10008;19;;;10001.5;0.0
yf_ZW=F_d14;18100;ASH_COATED_OSMIUM;9897;10;9894;21;;;9903;20;9905;21;;;9900.0;0.0
yf_ZW=F_d14;18100;INTARIAN_PEPPER_ROOT;9994;11;9991;22;;;10011;13;10014;17;;;10002.5;0.0
yf_ZW=F_d14;18200;ASH_COATED_OSMIUM;9890;16;9888;13;;;9910;22;9913;28;;;9900.0;0.0
yf_ZW=F_d14;18200;INTARIAN_PEPPER_ROOT;9999;12;9997;31;;;10005;20;10008;15;;;10002.0;0.0
yf_ZW=F_d14;18300;ASH_COATED_OSMIUM;9898;5;9895;29;;;9904;21;9908;23;;;9901.0;0.0
yf_ZW=F_d14;18300;INTARIAN_PEPPER_ROOT;9999;17;9995;22;;;10005;22;10008;18;;;10002.0;0.0
yf_ZW=F_d14;18400;ASH_COATED_OSMIUM;9890;8;9888;22;;;9909;15;9913;29;;;9899.5;0.0
yf_ZW=F_d14;18400;INTARIAN_PEPPER_ROOT;9998;21;9996;16;;;10006;16;10009;9;;;10002.0;0.0
yf_ZW=F_d14;18500;ASH_COATED_OSMIUM;9897;11;9893;19;;;9904;14;9907;23;;;9900.5;0.0
yf_ZW=F_d14;18500;INTARIAN_PEPPER_ROOT;9999;13;9995;26;;;10008;12;10012;25;;;10003.5;0.0
yf_ZW=F_d14;18600;ASH_COATED_OSMIUM;9894;12;9890;27;;;9906;12;9908;19;;;9900.0;0.0
yf_ZW=F_d14;18600;INTARIAN_PEPPER_ROOT;9996;13;9992;19;;;10010;17;10012;21;;;10003.0;0.0
yf_ZW=F_d14;18700;ASH_COATED_OSMIUM;9897;13;9894;8;;;9903;23;9907;18;;;9900.0;0.0
yf_ZW=F_d14;18700;INTARIAN_PEPPER_ROOT;9998;16;9994;21;;;10009;23;10013;21;;;10003.5;0.0
yf_ZW=F_d14;18800;ASH_COATED_OSMIUM;9896;23;9892;25;;;9904;8;9908;18;;;9900.0;0.0
yf_ZW=F_d14;18800;INTARIAN_PEPPER_ROOT;10001;21;9998;20;;;10007;9;10010;13;;;10004.0;0.0
yf_ZW=F_d14;18900;ASH_COATED_OSMIUM;9897;20;9894;11;;;9903;13;9905;20;;;9900.0;0.0
yf_ZW=F_d14;18900;INTARIAN_PEPPER_ROOT;10001;17;9997;18;;;10007;15;10010;13;;;10004.0;0.0
yf_ZW=F_d14;19000;ASH_COATED_OSMIUM;9898;19;9895;23;;;9904;15;9907;15;;;9901.0;0.0
yf_ZW=F_d14;19000;INTARIAN_PEPPER_ROOT;9995;18;9992;22;;;10014;13;10016;20;;;10004.5;0.0
yf_ZW=F_d14;19100;ASH_COATED_OSMIUM;9897;24;9895;23;;;9903;10;9906;28;;;9900.0;0.0
yf_ZW=F_d14;19100;INTARIAN_PEPPER_ROOT;9999;16;9995;20;;;10010;10;10013;8;;;10004.5;0.0
yf_ZW=F_d14;19200;ASH_COATED_OSMIUM;9898;20;9895;16;;;9904;12;9908;8;;;9901.0;0.0
yf_ZW=F_d14;19200;INTARIAN_PEPPER_ROOT;9985;21;9983;15;;;10023;12;10027;20;;;10004.0;0.0
yf_ZW=F_d14;19300;ASH_COATED_OSMIUM;9895;23;9891;20;;;9906;16;9910;20;;;9900.5;0.0
yf_ZW=F_d14;19300;INTARIAN_PEPPER_ROOT;10001;19;9998;18;;;10010;21;10012;18;;;10005.5;0.0
yf_ZW=F_d14;19400;ASH_COATED_OSMIUM;9897;13;9893;23;;;9904;18;9906;26;;;9900.5;0.0
yf_ZW=F_d14;19400;INTARIAN_PEPPER_ROOT;10000;22;9997;24;;;10010;17;10014;19;;;10005.0;0.0
yf_ZW=F_d14;19500;ASH_COATED_OSMIUM;9898;11;9894;14;;;9904;13;9907;23;;;9901.0;0.0
yf_ZW=F_d14;19500;INTARIAN_PEPPER_ROOT;10002;19;9999;21;;;10008;19;10011;19;;;10005.0;0.0
yf_ZW=F_d14;19600;ASH_COATED_OSMIUM;9897;20;9895;20;;;9903;18;9906;22;;;9900.0;0.0
yf_ZW=F_d14;19600;INTARIAN_PEPPER_ROOT;10002;20;10000;13;;;10011;12;10014;14;;;10006.5;0.0
yf_ZW=F_d14;19700;ASH_COATED_OSMIUM;9891;11;9887;24;;;9911;19;9915;17;;;9901.0;0.0
yf_ZW=F_d14;19700;INTARIAN_PEPPER_ROOT;10002;13;9999;20;;;10008;8;10010;26;;;10005.0;0.0
yf_ZW=F_d14;19800;ASH_COATED_OSMIUM;9898;10;9894;13;;;9904;5;9907;12;;;9901.0;0.0
yf_ZW=F_d14;19800;INTARIAN_PEPPER_ROOT;10004;12;10002;22;;;10010;11;10014;28;;;10007.0;0.0
yf_ZW=F_d14;19900;ASH_COATED_OSMIUM;9898;19;9894;13;;;9904;12;9908;22;;;9901.0;0.0
yf_ZW=F_d14;19900;INTARIAN_PEPPER_ROOT;9998;15;9996;11;;;10015;19;10018;22;;;10006.5;0.0
yf_ZW=F_d14;20000;ASH_COATED_OSMIUM;9897;11;9895;17;;;9903;9;9905;13;;;9900.0;0.0
yf_ZW=F_d14;20000;INTARIAN_PEPPER_ROOT;10004;8;10002;9;;;10010;14;10012;17;;;10007.0;0.0
yf_ZW=F_d14;20100;ASH_COATED_OSMIUM;9898;9;9895;24;;;9904;14;9906;25;;;9901.0;0.0
yf_ZW=F_d14;20100;INTARIAN_PEPPER_ROOT;10004;13;10000;20;;;10010;19;10014;19;;;10007.0;0.0
yf_ZW=F_d14;20200;ASH_COATED_OSMIUM;9894;18;9892;18;;;9908;8;9911;10;;;9901.0;0.0
yf_ZW=F_d14;20200;INTARIAN_PEPPER_ROOT;10004;25;10002;11;;;10010;9;10014;24;;;10007.0;0.0
yf_ZW=F_d14;20300;ASH_COATED_OSMIUM;9895;10;9891;17;;;9907;19;9909;24;;;9901.0;0.0
yf_ZW=F_d14;20300;INTARIAN_PEPPER_ROOT;10004;5;10002;27;;;10010;13;10013;17;;;10007.0;0.0
yf_ZW=F_d14;20400;ASH_COATED_OSMIUM;9896;18;9894;22;;;9906;20;9909;22;;;9901.0;0.0
yf_ZW=F_d14;20400;INTARIAN_PEPPER_ROOT;10003;14;10000;17;;;10011;16;10013;26;;;10007.0;0.0
yf_ZW=F_d14;20500;ASH_COATED_OSMIUM;9898;16;9895;23;;;9904;20;9908;21;;;9901.0;0.0
yf_ZW=F_d14;20500;INTARIAN_PEPPER_ROOT;10004;17;10001;15;;;10010;12;10014;27;;;10007.0;0.0
yf_ZW=F_d14;20600;ASH_COATED_OSMIUM;9893;21;9891;17;;;9910;19;9913;14;;;9901.5;0.0
yf_ZW=F_d14;20600;INTARIAN_PEPPER_ROOT;10004;18;10000;14;;;10010;13;10013;23;;;10007.0;0.0
yf_ZW=F_d14;20700;ASH_COATED_OSMIUM;9898;14;9896;22;;;9904;11;9907;27;;;9901.0;0.0
yf_ZW=F_d14;20700;INTARIAN_PEPPER_ROOT;10005;9;10003;20;;;10011;23;10013;24;;;10008.0;0.0
yf_ZW=F_d14;20800;ASH_COATED_OSMIUM;9898;12;9895;33;;;9904;20;9907;24;;;9901.0;0.0
yf_ZW=F_d14;20800;INTARIAN_PEPPER_ROOT;10006;18;10002;11;;;10012;5;10015;12;;;10009.0;0.0
yf_ZW=F_d14;20900;ASH_COATED_OSMIUM;9898;19;9895;29;;;9904;12;9908;17;;;9901.0;0.0
yf_ZW=F_d14;20900;INTARIAN_PEPPER_ROOT;10005;19;10003;27;;;10011;17;10015;28;;;10008.0;0.0
yf_ZW=F_d14;21000;ASH_COATED_OSMIUM;9890;16;9886;18;;;9914;9;9918;19;;;9902.0;0.0
yf_ZW=F_d14;21000;INTARIAN_PEPPER_ROOT;10004;18;10001;23;;;10013;16;10017;19;;;10008.5;0.0
yf_ZW=F_d14;21100;ASH_COATED_OSMIUM;9897;8;9894;14;;;9907;11;9910;25;;;9902.0;0.0
yf_ZW=F_d14;21100;INTARIAN_PEPPER_ROOT;10006;12;10003;23;;;10012;18;10015;19;;;10009.0;0.0
yf_ZW=F_d14;21200;ASH_COATED_OSMIUM;9899;22;9897;19;;;9905;25;9907;22;;;9902.0;0.0
yf_ZW=F_d14;21200;INTARIAN_PEPPER_ROOT;10007;15;10005;18;;;10013;19;10016;20;;;10010.0;0.0
yf_ZW=F_d14;21300;ASH_COATED_OSMIUM;9898;19;9894;11;;;9906;5;9910;17;;;9902.0;0.0
yf_ZW=F_d14;21300;INTARIAN_PEPPER_ROOT;10007;16;10003;15;;;10013;17;10016;21;;;10010.0;0.0
yf_ZW=F_d14;21400;ASH_COATED_OSMIUM;9899;12;9897;17;;;9905;19;9909;13;;;9902.0;0.0
yf_ZW=F_d14;21400;INTARIAN_PEPPER_ROOT;10006;15;10003;21;;;10012;16;10015;15;;;10009.0;0.0
yf_ZW=F_d14;21500;ASH_COATED_OSMIUM;9899;11;9895;20;;;9905;21;9908;22;;;9902.0;0.0
yf_ZW=F_d14;21500;INTARIAN_PEPPER_ROOT;10007;5;10003;14;;;10013;15;10017;13;;;10010.0;0.0
yf_ZW=F_d14;21600;ASH_COATED_OSMIUM;9899;15;9897;27;;;9905;13;9909;24;;;9902.0;0.0
yf_ZW=F_d14;21600;INTARIAN_PEPPER_ROOT;10007;9;10003;19;;;10013;17;10017;18;;;10010.0;0.0
yf_ZW=F_d14;21700;ASH_COATED_OSMIUM;9898;14;9896;17;;;9904;12;9906;24;;;9901.0;0.0
yf_ZW=F_d14;21700;INTARIAN_PEPPER_ROOT;10001;12;9997;18;;;10021;17;10025;22;;;10011.0;0.0
yf_ZW=F_d14;21800;ASH_COATED_OSMIUM;9899;16;9895;19;;;9905;12;9907;24;;;9902.0;0.0
yf_ZW=F_d14;21800;INTARIAN_PEPPER_ROOT;10007;21;10004;17;;;10013;10;10015;12;;;10010.0;0.0
yf_ZW=F_d14;21900;ASH_COATED_OSMIUM;9899;11;9897;17;;;9905;7;9908;19;;;9902.0;0.0
yf_ZW=F_d14;21900;INTARIAN_PEPPER_ROOT;10008;7;10006;13;;;10014;12;10016;27;;;10011.0;0.0
yf_ZW=F_d14;22000;ASH_COATED_OSMIUM;9888;19;9884;13;;;9915;21;9919;18;;;9901.5;0.0
yf_ZW=F_d14;22000;INTARIAN_PEPPER_ROOT;10003;14;10001;19;;;10020;5;10022;19;;;10011.5;0.0
yf_ZW=F_d14;22100;ASH_COATED_OSMIUM;9899;17;9896;25;;;9905;17;9907;18;;;9902.0;0.0
yf_ZW=F_d14;22100;INTARIAN_PEPPER_ROOT;10009;18;10006;12;;;10015;9;10018;28;;;10012.0;0.0
yf_ZW=F_d14;22200;ASH_COATED_OSMIUM;9898;12;9894;19;;;9907;18;9910;19;;;9902.5;0.0
yf_ZW=F_d14;22200;INTARIAN_PEPPER_ROOT;10008;15;10005;24;;;10014;16;10018;25;;;10011.0;0.0
yf_ZW=F_d14;22300;ASH_COATED_OSMIUM;9900;14;9896;21;;;9906;5;9908;16;;;9903.0;0.0
yf_ZW=F_d14;22300;INTARIAN_PEPPER_ROOT;10004;17;10001;18;;;10020;14;10022;8;;;10012.0;0.0
yf_ZW=F_d14;22400;ASH_COATED_OSMIUM;9899;10;9897;24;;;9905;17;9908;26;;;9902.0;0.0
yf_ZW=F_d14;22400;INTARIAN_PEPPER_ROOT;10009;16;10005;24;;;10015;15;10017;24;;;10012.0;0.0
yf_ZW=F_d14;22500;ASH_COATED_OSMIUM;9900;23;9896;26;;;9906;25;9910;21;;;9903.0;0.0
yf_ZW=F_d14;22500;INTARIAN_PEPPER_ROOT;10007;14;10004;25;;;10019;25;10021;17;;;10013.0;0.0
yf_ZW=F_d14;22600;ASH_COATED_OSMIUM;9899;14;9895;23;;;9906;17;9910;21;;;9902.5;0.0
yf_ZW=F_d14;22600;INTARIAN_PEPPER_ROOT;10007;8;10005;19;;;10019;16;10021;15;;;10013.0;0.0
yf_ZW=F_d14;22700;ASH_COATED_OSMIUM;9899;14;9895;13;;;9906;11;9910;12;;;9902.5;0.0
yf_ZW=F_d14;22700;INTARIAN_PEPPER_ROOT;10010;20;10008;15;;;10016;14;10020;15;;;10013.0;0.0
yf_ZW=F_d14;22800;ASH_COATED_OSMIUM;9899;11;9897;21;;;9905;13;9909;14;;;9902.0;0.0
yf_ZW=F_d14;22800;INTARIAN_PEPPER_ROOT;10010;9;10007;18;;;10016;14;10019;17;;;10013.0;0.0
yf_ZW=F_d14;22900;ASH_COATED_OSMIUM;9900;26;9896;16;;;9906;13;9908;16;;;9903.0;0.0
yf_ZW=F_d14;22900;INTARIAN_PEPPER_ROOT;10007;16;10004;15;;;10020;14;10024;18;;;10013.5;0.0
yf_ZW=F_d14;23000;ASH_COATED_OSMIUM;9900;19;9898;23;;;9906;16;9908;17;;;9903.0;0.0
yf_ZW=F_d14;23000;INTARIAN_PEPPER_ROOT;10011;24;10009;17;;;10017;7;10021;18;;;10014.0;0.0
yf_ZW=F_d14;23100;ASH_COATED_OSMIUM;9899;5;9896;16;;;9905;14;9907;12;;;9902.0;0.0
yf_ZW=F_d14;23100;INTARIAN_PEPPER_ROOT;10011;16;10008;16;;;10017;19;10020;23;;;10014.0;0.0
yf_ZW=F_d14;23200;ASH_COATED_OSMIUM;9900;9;9897;28;;;9906;12;9909;24;;;9903.0;0.0
yf_ZW=F_d14;23200;INTARIAN_PEPPER_ROOT;10011;19;10008;18;;;10017;16;10021;19;;;10014.0;0.0
yf_ZW=F_d14;23300;ASH_COATED_OSMIUM;9899;16;9895;22;;;9905;14;9908;22;;;9902.0;0.0
yf_ZW=F_d14;23300;INTARIAN_PEPPER_ROOT;10010;7;10008;20;;;10018;14;10022;21;;;10014.0;0.0
yf_ZW=F_d14;23400;ASH_COATED_OSMIUM;9899;25;9896;13;;;9905;14;9908;16;;;9902.0;0.0
yf_ZW=F_d14;23400;INTARIAN_PEPPER_ROOT;10012;21;10009;26;;;10018;21;10021;15;;;10015.0;0.0
yf_ZW=F_d14;23500;ASH_COATED_OSMIUM;9885;11;9883;25;;;9920;8;9924;12;;;9902.5;0.0
yf_ZW=F_d14;23500;INTARIAN_PEPPER_ROOT;10012;24;10008;27;;;10018;7;10022;17;;;10015.0;0.0
yf_ZW=F_d14;23600;ASH_COATED_OSMIUM;9899;10;9896;17;;;9906;14;9908;20;;;9902.5;0.0
yf_ZW=F_d14;23600;INTARIAN_PEPPER_ROOT;10012;5;10010;21;;;10018;10;10020;10;;;10015.0;0.0
yf_ZW=F_d14;23700;ASH_COATED_OSMIUM;9898;17;9896;8;;;9909;12;9912;16;;;9903.5;0.0
yf_ZW=F_d14;23700;INTARIAN_PEPPER_ROOT;10012;20;10008;17;;;10018;14;10021;8;;;10015.0;0.0
yf_ZW=F_d14;23800;ASH_COATED_OSMIUM;9899;18;9895;13;;;9905;19;9908;22;;;9902.0;0.0
yf_ZW=F_d14;23800;INTARIAN_PEPPER_ROOT;10013;5;10011;25;;;10019;14;10023;22;;;10016.0;0.0
yf_ZW=F_d14;23900;ASH_COATED_OSMIUM;9900;11;9896;13;;;9906;13;9909;21;;;9903.0;0.0
yf_ZW=F_d14;23900;INTARIAN_PEPPER_ROOT;10012;13;10009;28;;;10020;22;10024;19;;;10016.0;0.0
yf_ZW=F_d14;24000;ASH_COATED_OSMIUM;9900;17;9897;18;;;9907;19;9909;17;;;9903.5;0.0
yf_ZW=F_d14;24000;INTARIAN_PEPPER_ROOT;10008;13;10006;24;;;10023;24;10025;18;;;10015.5;0.0
yf_ZW=F_d14;24100;ASH_COATED_OSMIUM;9899;12;9895;22;;;9906;14;9910;25;;;9902.5;0.0
yf_ZW=F_d14;24100;INTARIAN_PEPPER_ROOT;10013;12;10010;10;;;10019;24;10022;25;;;10016.0;0.0
yf_ZW=F_d14;24200;ASH_COATED_OSMIUM;9897;17;9894;21;;;9909;16;9913;13;;;9903.0;0.0
yf_ZW=F_d14;24200;INTARIAN_PEPPER_ROOT;10013;20;10010;12;;;10019;24;10022;22;;;10016.0;0.0
yf_ZW=F_d14;24300;ASH_COATED_OSMIUM;9895;13;9893;25;;;9911;23;9913;34;;;9903.0;0.0
yf_ZW=F_d14;24300;INTARIAN_PEPPER_ROOT;10012;17;10009;25;;;10021;14;10025;21;;;10016.5;0.0
yf_ZW=F_d14;24400;ASH_COATED_OSMIUM;9900;5;9896;15;;;9906;14;9908;26;;;9903.0;0.0
yf_ZW=F_d14;24400;INTARIAN_PEPPER_ROOT;10014;9;10010;17;;;10020;15;10023;20;;;10017.0;0.0
yf_ZW=F_d14;24500;ASH_COATED_OSMIUM;9897;6;9895;20;;;9908;18;9911;20;;;9902.5;0.0
yf_ZW=F_d14;24500;INTARIAN_PEPPER_ROOT;10010;13;10007;19;;;10023;6;10026;25;;;10016.5;0.0
yf_ZW=F_d14;24600;ASH_COATED_OSMIUM;9894;17;9890;16;;;9913;5;9916;21;;;9903.5;0.0
yf_ZW=F_d14;24600;INTARIAN_PEPPER_ROOT;10015;16;10011;15;;;10021;21;10024;21;;;10018.0;0.0
yf_ZW=F_d14;24700;ASH_COATED_OSMIUM;9901;16;9899;14;;;9907;19;9909;28;;;9904.0;0.0
yf_ZW=F_d14;24700;INTARIAN_PEPPER_ROOT;10014;9;10012;23;;;10020;10;10022;21;;;10017.0;0.0
yf_ZW=F_d14;24800;ASH_COATED_OSMIUM;9883;13;9880;10;;;9924;22;9927;22;;;9903.5;0.0
yf_ZW=F_d14;24800;INTARIAN_PEPPER_ROOT;10010;17;10007;8;;;10024;14;10026;14;;;10017.0;0.0
yf_ZW=F_d14;24900;ASH_COATED_OSMIUM;9900;16;9897;19;;;9906;16;9909;20;;;9903.0;0.0
yf_ZW=F_d14;24900;INTARIAN_PEPPER_ROOT;10015;12;10013;22;;;10022;15;10025;19;;;10018.5;0.0
yf_ZW=F_d14;25000;ASH_COATED_OSMIUM;9901;18;9899;25;;;9907;8;9911;17;;;9904.0;0.0
yf_ZW=F_d14;25000;INTARIAN_PEPPER_ROOT;10015;20;10013;15;;;10021;12;10025;21;;;10018.0;0.0
yf_ZW=F_d14;25100;ASH_COATED_OSMIUM;9901;14;9899;17;;;9907;16;9909;15;;;9904.0;0.0
yf_ZW=F_d14;25100;INTARIAN_PEPPER_ROOT;10016;17;10013;29;;;10022;9;10024;27;;;10019.0;0.0
yf_ZW=F_d14;25200;ASH_COATED_OSMIUM;9900;15;9898;23;;;9906;15;9908;33;;;9903.0;0.0
yf_ZW=F_d14;25200;INTARIAN_PEPPER_ROOT;10012;12;10010;29;;;10025;15;10028;28;;;10018.5;0.0
yf_ZW=F_d14;25300;ASH_COATED_OSMIUM;9901;15;9899;19;;;9907;18;9909;21;;;9904.0;0.0
yf_ZW=F_d14;25300;INTARIAN_PEPPER_ROOT;10016;17;10014;18;;;10022;14;10026;21;;;10019.0;0.0
yf_ZW=F_d14;25400;ASH_COATED_OSMIUM;9901;17;9899;20;;;9907;14;9910;14;;;9904.0;0.0
yf_ZW=F_d14;25400;INTARIAN_PEPPER_ROOT;10016;18;10012;27;;;10022;9;10024;22;;;10019.0;0.0
yf_ZW=F_d14;25500;ASH_COATED_OSMIUM;9900;15;9898;22;;;9909;20;9913;11;;;9904.5;0.0
yf_ZW=F_d14;25500;INTARIAN_PEPPER_ROOT;10016;9;10014;22;;;10022;12;10024;19;;;10019.0;0.0
yf_ZW=F_d14;25600;ASH_COATED_OSMIUM;9899;13;9897;13;;;9909;12;9911;15;;;9904.0;0.0
yf_ZW=F_d14;25600;INTARIAN_PEPPER_ROOT;10014;19;10011;19;;;10024;21;10028;14;;;10019.0;0.0
yf_ZW=F_d14;25700;ASH_COATED_OSMIUM;9896;15;9892;18;;;9911;21;9914;16;;;9903.5;0.0
yf_ZW=F_d14;25700;INTARIAN_PEPPER_ROOT;10014;22;10012;27;;;10027;5;10030;16;;;10020.5;0.0
yf_ZW=F_d14;25800;ASH_COATED_OSMIUM;9901;11;9899;23;;;9907;15;9909;16;;;9904.0;0.0
yf_ZW=F_d14;25800;INTARIAN_PEPPER_ROOT;10017;14;10015;19;;;10023;24;10027;21;;;10020.0;0.0
yf_ZW=F_d14;25900;ASH_COATED_OSMIUM;9899;20;9895;20;;;9907;7;9911;27;;;9903.0;0.0
yf_ZW=F_d14;25900;INTARIAN_PEPPER_ROOT;10016;16;10013;31;;;10024;14;10028;20;;;10020.0;0.0
yf_ZW=F_d14;26000;ASH_COATED_OSMIUM;9901;20;9899;12;;;9907;24;9911;10;;;9904.0;0.0
yf_ZW=F_d14;26000;INTARIAN_PEPPER_ROOT;10016;5;10013;16;;;10027;16;10030;15;;;10021.5;0.0
yf_ZW=F_d14;26100;ASH_COATED_OSMIUM;9901;16;9899;21;;;9907;15;9909;23;;;9904.0;0.0
yf_ZW=F_d14;26100;INTARIAN_PEPPER_ROOT;10018;19;10016;21;;;10024;15;10026;27;;;10021.0;0.0
yf_ZW=F_d14;26200;ASH_COATED_OSMIUM;9901;15;9898;22;;;9907;16;9911;21;;;9904.0;0.0
yf_ZW=F_d14;26200;INTARIAN_PEPPER_ROOT;10018;9;10016;17;;;10024;22;10027;15;;;10021.0;0.0
yf_ZW=F_d14;26300;ASH_COATED_OSMIUM;9895;13;9893;20;;;9915;15;9918;18;;;9905.0;0.0
yf_ZW=F_d14;26300;INTARIAN_PEPPER_ROOT;10019;19;10017;29;;;10025;15;10027;26;;;10022.0;0.0
yf_ZW=F_d14;26400;ASH_COATED_OSMIUM;9901;14;9899;18;;;9907;5;9909;18;;;9904.0;0.0
yf_ZW=F_d14;26400;INTARIAN_PEPPER_ROOT;10019;16;10017;22;;;10025;18;10028;14;;;10022.0;0.0
yf_ZW=F_d14;26500;ASH_COATED_OSMIUM;9897;6;9894;21;;;9912;13;9914;18;;;9904.5;0.0
yf_ZW=F_d14;26500;INTARIAN_PEPPER_ROOT;10019;13;10017;33;;;10025;5;10027;26;;;10022.0;0.0
yf_ZW=F_d14;26600;ASH_COATED_OSMIUM;9901;18;9899;17;;;9907;24;9911;25;;;9904.0;0.0
yf_ZW=F_d14;26600;INTARIAN_PEPPER_ROOT;10019;17;10016;15;;;10025;12;10029;19;;;10022.0;0.0
yf_ZW=F_d14;26700;ASH_COATED_OSMIUM;9901;11;9898;18;;;9907;17;9911;15;;;9904.0;0.0
yf_ZW=F_d14;26700;INTARIAN_PEPPER_ROOT;10019;13;10015;12;;;10025;16;10027;14;;;10022.0;0.0
yf_ZW=F_d14;26800;ASH_COATED_OSMIUM;9896;10;9893;22;;;9913;18;9916;19;;;9904.5;0.0
yf_ZW=F_d14;26800;INTARIAN_PEPPER_ROOT;10020;19;10017;14;;;10026;20;10029;20;;;10023.0;0.0
yf_ZW=F_d14;26900;ASH_COATED_OSMIUM;9897;14;9895;17;;;9912;21;9916;34;;;9904.5;0.0
yf_ZW=F_d14;26900;INTARIAN_PEPPER_ROOT;10020;17;10017;17;;;10026;7;10029;20;;;10023.0;0.0
yf_ZW=F_d14;27000;ASH_COATED_OSMIUM;9899;18;9897;17;;;9911;13;9913;17;;;9905.0;0.0
yf_ZW=F_d14;27000;INTARIAN_PEPPER_ROOT;10020;17;10017;12;;;10026;15;10028;20;;;10023.0;0.0
yf_ZW=F_d14;27100;ASH_COATED_OSMIUM;9901;19;9897;26;;;9907;19;9910;18;;;9904.0;0.0
yf_ZW=F_d14;27100;INTARIAN_PEPPER_ROOT;10021;15;10017;19;;;10027;25;10031;15;;;10024.0;0.0
yf_ZW=F_d14;27200;ASH_COATED_OSMIUM;9899;17;9896;17;;;9910;15;9913;32;;;9904.5;0.0
yf_ZW=F_d14;27200;INTARIAN_PEPPER_ROOT;10021;17;10017;14;;;10027;8;10029;24;;;10024.0;0.0
yf_ZW=F_d14;27300;ASH_COATED_OSMIUM;9893;18;9891;16;;;9916;19;9919;24;;;9904.5;0.0
yf_ZW=F_d14;27300;INTARIAN_PEPPER_ROOT;10022;22;10018;20;;;10028;14;10031;25;;;10025.0;0.0
yf_ZW=F_d14;27400;ASH_COATED_OSMIUM;9901;15;9897;17;;;9907;21;9910;12;;;9904.0;0.0
yf_ZW=F_d14;27400;INTARIAN_PEPPER_ROOT;10013;10;10010;15;;;10036;10;10038;22;;;10024.5;0.0
yf_ZW=F_d14;27500;ASH_COATED_OSMIUM;9894;21;9890;18;;;9916;10;9918;20;;;9905.0;0.0
yf_ZW=F_d14;27500;INTARIAN_PEPPER_ROOT;10021;20;10018;16;;;10027;7;10030;20;;;10024.0;0.0
yf_ZW=F_d14;27600;ASH_COATED_OSMIUM;9902;16;9900;17;;;9908;18;9910;21;;;9905.0;0.0
yf_ZW=F_d14;27600;INTARIAN_PEPPER_ROOT;10018;10;10016;11;;;10033;13;10035;19;;;10025.5;0.0
yf_ZW=F_d14;27700;ASH_COATED_OSMIUM;9897;16;9893;15;;;9913;8;9915;15;;;9905.0;0.0
yf_ZW=F_d14;27700;INTARIAN_PEPPER_ROOT;10018;17;10015;22;;;10031;7;10034;27;;;10024.5;0.0
yf_ZW=F_d14;27800;ASH_COATED_OSMIUM;9902;12;9900;18;;;9908;18;9910;17;;;9905.0;0.0
yf_ZW=F_d14;27800;INTARIAN_PEPPER_ROOT;10022;23;10019;27;;;10028;14;10032;18;;;10025.0;0.0
yf_ZW=F_d14;27900;ASH_COATED_OSMIUM;9902;19;9898;22;;;9910;24;9913;14;;;9906.0;0.0
yf_ZW=F_d14;27900;INTARIAN_PEPPER_ROOT;10020;11;10018;14;;;10032;17;10034;19;;;10026.0;0.0
yf_ZW=F_d14;28000;ASH_COATED_OSMIUM;9902;13;9899;27;;;9908;14;9912;23;;;9905.0;0.0
yf_ZW=F_d14;28000;INTARIAN_PEPPER_ROOT;10023;12;10020;23;;;10029;22;10031;16;;;10026.0;0.0
yf_ZW=F_d14;28100;ASH_COATED_OSMIUM;9902;5;9898;23;;;9908;12;9910;21;;;9905.0;0.0
yf_ZW=F_d14;28100;INTARIAN_PEPPER_ROOT;10023;22;10021;21;;;10029;7;10033;20;;;10026.0;0.0
yf_ZW=F_d14;28200;ASH_COATED_OSMIUM;9898;12;9895;16;;;9912;21;9914;19;;;9905.0;0.0
yf_ZW=F_d14;28200;INTARIAN_PEPPER_ROOT;10023;5;10019;22;;;10029;10;10032;19;;;10026.0;0.0
yf_ZW=F_d14;28300;ASH_COATED_OSMIUM;9902;16;9898;18;;;9908;18;9911;27;;;9905.0;0.0
yf_ZW=F_d14;28300;INTARIAN_PEPPER_ROOT;10023;20;10021;20;;;10029;21;10032;16;;;10026.0;0.0
yf_ZW=F_d14;28400;ASH_COATED_OSMIUM;9902;13;9899;12;;;9908;20;9910;18;;;9905.0;0.0
yf_ZW=F_d14;28400;INTARIAN_PEPPER_ROOT;10024;12;10022;19;;;10030;8;10033;9;;;10027.0;0.0
yf_ZW=F_d14;28500;ASH_COATED_OSMIUM;9903;19;9900;15;;;9909;15;9913;21;;;9906.0;0.0
yf_ZW=F_d14;28500;INTARIAN_PEPPER_ROOT;10024;18;10022;14;;;10030;25;10034;19;;;10027.0;0.0
yf_ZW=F_d14;28600;ASH_COATED_OSMIUM;9900;22;9896;14;;;9912;10;9915;20;;;9906.0;0.0
yf_ZW=F_d14;28600;INTARIAN_PEPPER_ROOT;10023;14;10019;16;;;10031;16;10033;8;;;10027.0;0.0
yf_ZW=F_d14;28700;ASH_COATED_OSMIUM;9900;16;9898;17;;;9911;15;9914;19;;;9905.5;0.0
yf_ZW=F_d14;28700;INTARIAN_PEPPER_ROOT;10024;13;10021;10;;;10030;16;10034;20;;;10027.0;0.0
yf_ZW=F_d14;28800;ASH_COATED_OSMIUM;9903;11;9899;21;;;9909;14;9912;21;;;9906.0;0.0
yf_ZW=F_d14;28800;INTARIAN_PEPPER_ROOT;10020;13;10016;19;;;10035;10;10039;17;;;10027.5;0.0
yf_ZW=F_d14;28900;ASH_COATED_OSMIUM;9896;14;9892;22;;;9914;16;9916;29;;;9905.0;0.0
yf_ZW=F_d14;28900;INTARIAN_PEPPER_ROOT;10018;9;10014;17;;;10036;15;10039;14;;;10027.0;0.0
yf_ZW=F_d14;29000;ASH_COATED_OSMIUM;9902;16;9899;16;;;9908;17;9912;19;;;9905.0;0.0
yf_ZW=F_d14;29000;INTARIAN_PEPPER_ROOT;10025;17;10021;22;;;10031;12;10033;20;;;10028.0;0.0
yf_ZW=F_d14;29100;ASH_COATED_OSMIUM;9903;9;9899;19;;;9909;13;9911;30;;;9906.0;0.0
yf_ZW=F_d14;29100;INTARIAN_PEPPER_ROOT;10025;15;10023;16;;;10031;21;10035;15;;;10028.0;0.0
yf_ZW=F_d14;29200;ASH_COATED_OSMIUM;9897;24;9893;16;;;9913;11;9915;17;;;9905.0;0.0
yf_ZW=F_d14;29200;INTARIAN_PEPPER_ROOT;10025;18;10021;29;;;10032;24;10036;24;;;10028.5;0.0
yf_ZW=F_d14;29300;ASH_COATED_OSMIUM;9903;13;9900;26;;;9909;12;9913;25;;;9906.0;0.0
yf_ZW=F_d14;29300;INTARIAN_PEPPER_ROOT;10025;16;10023;19;;;10031;16;10033;12;;;10028.0;0.0
yf_ZW=F_d14;29400;ASH_COATED_OSMIUM;9903;11;9901;20;;;9909;20;9911;21;;;9906.0;0.0
yf_ZW=F_d14;29400;INTARIAN_PEPPER_ROOT;10024;15;10020;17;;;10034;8;10038;15;;;10029.0;0.0
yf_ZW=F_d14;29500;ASH_COATED_OSMIUM;9895;15;9892;15;;;9916;19;9920;11;;;9905.5;0.0
yf_ZW=F_d14;29500;INTARIAN_PEPPER_ROOT;10023;18;10021;21;;;10034;9;10036;25;;;10028.5;0.0
yf_ZW=F_d14;29600;ASH_COATED_OSMIUM;9902;11;9900;29;;;9908;21;9910;21;;;9905.0;0.0
yf_ZW=F_d14;29600;INTARIAN_PEPPER_ROOT;10026;13;10022;20;;;10032;5;10036;15;;;10029.0;0.0
yf_ZW=F_d14;29700;ASH_COATED_OSMIUM;9900;11;9898;26;;;9912;9;9914;14;;;9906.0;0.0
yf_ZW=F_d14;29700;INTARIAN_PEPPER_ROOT;10026;11;10022;19;;;10032;15;10036;18;;;10029.0;0.0
yf_ZW=F_d14;29800;ASH_COATED_OSMIUM;9903;28;9900;18;;;9909;10;9913;20;;;9906.0;0.0
yf_ZW=F_d14;29800;INTARIAN_PEPPER_ROOT;10025;8;10023;19;;;10035;5;10037;24;;;10030.0;0.0
yf_ZW=F_d14;29900;ASH_COATED_OSMIUM;9902;14;9898;15;;;9909;5;9913;16;;;9905.5;0.0
yf_ZW=F_d14;29900;INTARIAN_PEPPER_ROOT;10023;15;10021;17;;;10038;20;10042;23;;;10030.5;0.0
yf_ZW=F_d14;30000;ASH_COATED_OSMIUM;9903;30;9901;21;;;9909;10;9913;21;;;9906.0;0.0
yf_ZW=F_d14;30000;INTARIAN_PEPPER_ROOT;10027;17;10024;19;;;10033;14;10036;8;;;10030.0;0.0
yf_ZW=F_d14;30100;ASH_COATED_OSMIUM;9893;17;9891;28;;;9920;13;9922;13;;;9906.5;0.0
yf_ZW=F_d14;30100;INTARIAN_PEPPER_ROOT;10018;13;10015;19;;;10045;9;10048;19;;;10031.5;0.0
yf_ZW=F_d14;30200;ASH_COATED_OSMIUM;9902;9;9900;24;;;9908;20;9911;19;;;9905.0;0.0
yf_ZW=F_d14;30200;INTARIAN_PEPPER_ROOT;10025;15;10021;17;;;10036;16;10040;15;;;10030.5;0.0
yf_ZW=F_d14;30300;ASH_COATED_OSMIUM;9903;11;9900;23;;;9909;19;9911;25;;;9906.0;0.0
yf_ZW=F_d14;30300;INTARIAN_PEPPER_ROOT;10028;13;10026;23;;;10034;14;10037;16;;;10031.0;0.0
yf_ZW=F_d14;30400;ASH_COATED_OSMIUM;9900;17;9896;22;;;9913;16;9915;19;;;9906.5;0.0
yf_ZW=F_d14;30400;INTARIAN_PEPPER_ROOT;10029;18;10025;22;;;10035;9;10037;20;;;10032.0;0.0
yf_ZW=F_d14;30500;ASH_COATED_OSMIUM;9900;18;9896;11;;;9913;15;9915;18;;;9906.5;0.0
yf_ZW=F_d14;30500;INTARIAN_PEPPER_ROOT;10020;16;10018;22;;;10043;20;10045;18;;;10031.5;0.0
yf_ZW=F_d14;30600;ASH_COATED_OSMIUM;9901;14;9899;24;;;9912;18;9914;17;;;9906.5;0.0
yf_ZW=F_d14;30600;INTARIAN_PEPPER_ROOT;10028;19;10024;19;;;10036;10;10038;26;;;10032.0;0.0
yf_ZW=F_d14;30700;ASH_COATED_OSMIUM;9904;7;9900;31;;;9911;21;9915;13;;;9907.5;0.0
yf_ZW=F_d14;30700;INTARIAN_PEPPER_ROOT;10029;11;10026;21;;;10035;10;10038;16;;;10032.0;0.0
yf_ZW=F_d14;30800;ASH_COATED_OSMIUM;9903;5;9899;20;;;9909;13;9913;24;;;9906.0;0.0
yf_ZW=F_d14;30800;INTARIAN_PEPPER_ROOT;10026;13;10024;23;;;10039;10;10043;24;;;10032.5;0.0
yf_ZW=F_d14;30900;ASH_COATED_OSMIUM;9900;15;9898;17;;;9913;16;9915;21;;;9906.5;0.0
yf_ZW=F_d14;30900;INTARIAN_PEPPER_ROOT;10026;14;10024;20;;;10039;19;10041;19;;;10032.5;0.0
yf_ZW=F_d14;31000;ASH_COATED_OSMIUM;9903;8;9899;14;;;9909;24;9911;17;;;9906.0;0.0
yf_ZW=F_d14;31000;INTARIAN_PEPPER_ROOT;10027;14;10025;26;;;10038;14;10040;14;;;10032.5;0.0
yf_ZW=F_d14;31100;ASH_COATED_OSMIUM;9904;17;9902;20;;;9910;8;9913;15;;;9907.0;0.0
yf_ZW=F_d14;31100;INTARIAN_PEPPER_ROOT;10030;14;10026;25;;;10036;11;10039;16;;;10033.0;0.0
yf_ZW=F_d14;31200;ASH_COATED_OSMIUM;9903;15;9899;17;;;9909;14;9912;20;;;9906.0;0.0
yf_ZW=F_d14;31200;INTARIAN_PEPPER_ROOT;10006;11;10003;15;;;10060;15;10063;29;;;10033.0;0.0
yf_ZW=F_d14;31300;ASH_COATED_OSMIUM;9893;10;9891;27;;;9921;7;9923;27;;;9907.0;0.0
yf_ZW=F_d14;31300;INTARIAN_PEPPER_ROOT;10030;17;10027;19;;;10037;5;10041;17;;;10033.5;0.0
yf_ZW=F_d14;31400;ASH_COATED_OSMIUM;9903;14;9901;10;;;9909;14;9913;20;;;9906.0;0.0
yf_ZW=F_d14;31400;INTARIAN_PEPPER_ROOT;10030;7;10028;22;;;10038;14;10040;14;;;10034.0;0.0
yf_ZW=F_d14;31500;ASH_COATED_OSMIUM;9903;11;9899;19;;;9910;14;9912;17;;;9906.5;0.0
yf_ZW=F_d14;31500;INTARIAN_PEPPER_ROOT;10023;13;10019;13;;;10045;13;10049;12;;;10034.0;0.0
yf_ZW=F_d14;31600;ASH_COATED_OSMIUM;9904;16;9900;17;;;9910;18;9913;21;;;9907.0;0.0
yf_ZW=F_d14;31600;INTARIAN_PEPPER_ROOT;10031;16;10029;17;;;10037;13;10040;23;;;10034.0;0.0
yf_ZW=F_d14;31700;ASH_COATED_OSMIUM;9904;15;9900;24;;;9910;14;9913;20;;;9907.0;0.0
yf_ZW=F_d14;31700;INTARIAN_PEPPER_ROOT;10031;13;10028;19;;;10037;16;10039;26;;;10034.0;0.0
yf_ZW=F_d14;31800;ASH_COATED_OSMIUM;9904;12;9902;22;;;9910;14;9912;21;;;9907.0;0.0
yf_ZW=F_d14;31800;INTARIAN_PEPPER_ROOT;10030;20;10028;23;;;10036;5;10040;11;;;10033.0;0.0
yf_ZW=F_d14;31900;ASH_COATED_OSMIUM;9904;9;9901;22;;;9910;18;9913;22;;;9907.0;0.0
yf_ZW=F_d14;31900;INTARIAN_PEPPER_ROOT;10032;13;10028;20;;;10038;12;10041;24;;;10035.0;0.0
yf_ZW=F_d14;32000;ASH_COATED_OSMIUM;9903;16;9899;17;;;9910;10;9914;21;;;9906.5;0.0
yf_ZW=F_d14;32000;INTARIAN_PEPPER_ROOT;10024;17;10021;18;;;10046;13;10048;24;;;10035.0;0.0
yf_ZW=F_d14;32100;ASH_COATED_OSMIUM;9898;13;9895;15;;;9916;15;9919;20;;;9907.0;0.0
yf_ZW=F_d14;32100;INTARIAN_PEPPER_ROOT;10032;13;10030;13;;;10038;14;10041;24;;;10035.0;0.0
yf_ZW=F_d14;32200;ASH_COATED_OSMIUM;9896;18;9892;23;;;9919;17;9922;28;;;9907.5;0.0
yf_ZW=F_d14;32200;INTARIAN_PEPPER_ROOT;10033;11;10031;11;;;10039;11;10043;21;;;10036.0;0.0
yf_ZW=F_d14;32300;ASH_COATED_OSMIUM;9904;16;9902;15;;;9910;20;9914;20;;;9907.0;0.0
yf_ZW=F_d14;32300;INTARIAN_PEPPER_ROOT;10032;14;10028;26;;;10038;18;10040;20;;;10035.0;0.0
yf_ZW=F_d14;32400;ASH_COATED_OSMIUM;9904;20;9902;20;;;9910;7;9914;22;;;9907.0;0.0
yf_ZW=F_d14;32400;INTARIAN_PEPPER_ROOT;10033;7;10029;19;;;10039;21;10043;24;;;10036.0;0.0
yf_ZW=F_d14;32500;ASH_COATED_OSMIUM;9882;12;9880;15;;;9932;18;9935;24;;;9907.0;0.0
yf_ZW=F_d14;32500;INTARIAN_PEPPER_ROOT;10032;14;10028;27;;;10042;11;10045;24;;;10037.0;0.0
yf_ZW=F_d14;32600;ASH_COATED_OSMIUM;9899;15;9896;28;;;9915;15;9917;16;;;9907.0;0.0
yf_ZW=F_d14;32600;INTARIAN_PEPPER_ROOT;10033;10;10030;27;;;10039;17;10041;14;;;10036.0;0.0
yf_ZW=F_d14;32700;ASH_COATED_OSMIUM;9905;20;9902;15;;;9911;14;9914;18;;;9908.0;0.0
yf_ZW=F_d14;32700;INTARIAN_PEPPER_ROOT;10034;15;10031;18;;;10040;15;10044;20;;;10037.0;0.0
yf_ZW=F_d14;32800;ASH_COATED_OSMIUM;9904;19;9902;23;;;9910;26;9914;20;;;9907.0;0.0
yf_ZW=F_d14;32800;INTARIAN_PEPPER_ROOT;10034;21;10031;22;;;10040;7;10043;20;;;10037.0;0.0
yf_ZW=F_d14;32900;ASH_COATED_OSMIUM;9904;22;9902;14;;;9911;18;9914;20;;;9907.5;0.0
yf_ZW=F_d14;32900;INTARIAN_PEPPER_ROOT;10034;14;10031;14;;;10040;10;10042;22;;;10037.0;0.0
yf_ZW=F_d14;33000;ASH_COATED_OSMIUM;9905;13;9901;18;;;9911;6;9913;18;;;9908.0;0.0
yf_ZW=F_d14;33000;INTARIAN_PEPPER_ROOT;10018;19;10015;8;;;10057;13;10061;18;;;10037.5;0.0
yf_ZW=F_d14;33100;ASH_COATED_OSMIUM;9903;17;9901;20;;;9911;14;9913;25;;;9907.0;0.0
yf_ZW=F_d14;33100;INTARIAN_PEPPER_ROOT;10028;15;10025;23;;;10048;11;10052;11;;;10038.0;0.0
yf_ZW=F_d14;33200;ASH_COATED_OSMIUM;9905;20;9903;18;;;9911;20;9915;16;;;9908.0;0.0
yf_ZW=F_d14;33200;INTARIAN_PEPPER_ROOT;10035;19;10033;26;;;10041;18;10043;18;;;10038.0;0.0
yf_ZW=F_d14;33300;ASH_COATED_OSMIUM;9905;13;9902;11;;;9911;16;9914;20;;;9908.0;0.0
yf_ZW=F_d14;33300;INTARIAN_PEPPER_ROOT;10035;12;10031;19;;;10041;25;10044;22;;;10038.0;0.0
yf_ZW=F_d14;33400;ASH_COATED_OSMIUM;9905;15;9902;21;;;9911;17;9913;22;;;9908.0;0.0
yf_ZW=F_d14;33400;INTARIAN_PEPPER_ROOT;10035;9;10031;18;;;10041;17;10043;20;;;10038.0;0.0
yf_ZW=F_d14;33500;ASH_COATED_OSMIUM;9903;5;9899;14;;;9913;11;9915;17;;;9908.0;0.0
yf_ZW=F_d14;33500;INTARIAN_PEPPER_ROOT;10036;16;10033;25;;;10042;15;10046;23;;;10039.0;0.0
yf_ZW=F_d14;33600;ASH_COATED_OSMIUM;9901;19;9898;24;;;9915;14;9917;23;;;9908.0;0.0
yf_ZW=F_d14;33600;INTARIAN_PEPPER_ROOT;10036;16;10032;24;;;10042;20;10045;17;;;10039.0;0.0
yf_ZW=F_d14;33700;ASH_COATED_OSMIUM;9904;8;9901;26;;;9912;14;9914;16;;;9908.0;0.0
yf_ZW=F_d14;33700;INTARIAN_PEPPER_ROOT;10035;18;10032;28;;;10041;13;10044;12;;;10038.0;0.0
yf_ZW=F_d14;33800;ASH_COATED_OSMIUM;9904;11;9901;22;;;9912;14;9914;20;;;9908.0;0.0
yf_ZW=F_d14;33800;INTARIAN_PEPPER_ROOT;10035;5;10031;24;;;10044;18;10046;19;;;10039.5;0.0
yf_ZW=F_d14;33900;ASH_COATED_OSMIUM;9903;18;9899;26;;;9912;12;9915;23;;;9907.5;0.0
yf_ZW=F_d14;33900;INTARIAN_PEPPER_ROOT;10037;12;10035;18;;;10043;10;10046;23;;;10040.0;0.0
yf_ZW=F_d14;34000;ASH_COATED_OSMIUM;9905;20;9903;19;;;9911;13;9915;19;;;9908.0;0.0
yf_ZW=F_d14;34000;INTARIAN_PEPPER_ROOT;10037;14;10035;20;;;10043;23;10047;20;;;10040.0;0.0
yf_ZW=F_d14;34100;ASH_COATED_OSMIUM;9899;15;9896;15;;;9916;13;9919;9;;;9907.5;0.0
yf_ZW=F_d14;34100;INTARIAN_PEPPER_ROOT;10037;15;10033;22;;;10043;17;10046;26;;;10040.0;0.0
yf_ZW=F_d14;34200;ASH_COATED_OSMIUM;9905;5;9901;17;;;9911;16;9915;21;;;9908.0;0.0
yf_ZW=F_d14;34200;INTARIAN_PEPPER_ROOT;10037;16;10033;26;;;10043;7;10047;15;;;10040.0;0.0
yf_ZW=F_d14;34300;ASH_COATED_OSMIUM;9905;17;9902;20;;;9911;9;9915;19;;;9908.0;0.0
yf_ZW=F_d14;34300;INTARIAN_PEPPER_ROOT;10038;14;10034;21;;;10044;14;10048;19;;;10041.0;0.0
yf_ZW=F_d14;34400;ASH_COATED_OSMIUM;9896;14;9894;15;;;9919;15;9923;14;;;9907.5;0.0
yf_ZW=F_d14;34400;INTARIAN_PEPPER_ROOT;10034;14;10032;17;;;10049;14;10053;20;;;10041.5;0.0
yf_ZW=F_d14;34500;ASH_COATED_OSMIUM;9904;11;9902;23;;;9910;15;9912;22;;;9907.0;0.0
yf_ZW=F_d14;34500;INTARIAN_PEPPER_ROOT;10039;9;10036;20;;;10045;18;10048;28;;;10042.0;0.0
yf_ZW=F_d14;34600;ASH_COATED_OSMIUM;9905;13;9903;21;;;9911;17;9913;16;;;9908.0;0.0
yf_ZW=F_d14;34600;INTARIAN_PEPPER_ROOT;10030;8;10027;16;;;10055;22;10058;17;;;10042.5;0.0
yf_ZW=F_d14;34700;ASH_COATED_OSMIUM;9905;12;9901;18;;;9911;12;9915;28;;;9908.0;0.0
yf_ZW=F_d14;34700;INTARIAN_PEPPER_ROOT;10035;23;10033;18;;;10049;21;10051;15;;;10042.0;0.0
yf_ZW=F_d14;34800;ASH_COATED_OSMIUM;9898;23;9896;24;;;9917;17;9921;16;;;9907.5;0.0
yf_ZW=F_d14;34800;INTARIAN_PEPPER_ROOT;10039;13;10037;16;;;10045;11;10049;22;;;10042.0;0.0
yf_ZW=F_d14;34900;ASH_COATED_OSMIUM;9905;14;9902;16;;;9911;13;9913;20;;;9908.0;0.0
yf_ZW=F_d14;34900;INTARIAN_PEPPER_ROOT;10039;18;10036;16;;;10045;24;10047;16;;;10042.0;0.0
yf_ZW=F_d14;35000;ASH_COATED_OSMIUM;9905;16;9901;26;;;9911;6;9914;17;;;9908.0;0.0
yf_ZW=F_d14;35000;INTARIAN_PEPPER_ROOT;10040;25;10036;22;;;10046;12;10050;20;;;10043.0;0.0
yf_ZW=F_d14;35100;ASH_COATED_OSMIUM;9905;13;9902;22;;;9911;15;9913;21;;;9908.0;0.0
yf_ZW=F_d14;35100;INTARIAN_PEPPER_ROOT;10040;13;10036;15;;;10046;16;10050;8;;;10043.0;0.0
yf_ZW=F_d14;35200;ASH_COATED_OSMIUM;9905;18;9901;21;;;9911;23;9913;8;;;9908.0;0.0
yf_ZW=F_d14;35200;INTARIAN_PEPPER_ROOT;10041;8;10037;21;;;10047;19;10050;21;;;10044.0;0.0
yf_ZW=F_d14;35300;ASH_COATED_OSMIUM;9905;14;9901;15;;;9911;14;9915;25;;;9908.0;0.0
yf_ZW=F_d14;35300;INTARIAN_PEPPER_ROOT;10041;20;10038;29;;;10047;15;10049;21;;;10044.0;0.0
yf_ZW=F_d14;35400;ASH_COATED_OSMIUM;9905;7;9901;19;;;9911;5;9915;20;;;9908.0;0.0
yf_ZW=F_d14;35400;INTARIAN_PEPPER_ROOT;10041;15;10039;24;;;10047;15;10050;26;;;10044.0;0.0
yf_ZW=F_d14;35500;ASH_COATED_OSMIUM;9904;15;9902;16;;;9912;18;9915;19;;;9908.0;0.0
yf_ZW=F_d14;35500;INTARIAN_PEPPER_ROOT;10040;15;10037;15;;;10048;16;10052;23;;;10044.0;0.0
yf_ZW=F_d14;35600;ASH_COATED_OSMIUM;9905;11;9902;21;;;9911;20;9914;18;;;9908.0;0.0
yf_ZW=F_d14;35600;INTARIAN_PEPPER_ROOT;10036;17;10034;14;;;10055;21;10057;24;;;10045.5;0.0
yf_ZW=F_d14;35700;ASH_COATED_OSMIUM;9905;11;9903;24;;;9911;11;9913;23;;;9908.0;0.0
yf_ZW=F_d14;35700;INTARIAN_PEPPER_ROOT;10042;20;10040;19;;;10048;24;10051;24;;;10045.0;0.0
yf_ZW=F_d14;35800;ASH_COATED_OSMIUM;9904;8;9900;16;;;9911;19;9915;26;;;9907.5;0.0
yf_ZW=F_d14;35800;INTARIAN_PEPPER_ROOT;10037;10;10033;16;;;10055;13;10058;23;;;10046.0;0.0
yf_ZW=F_d14;35900;ASH_COATED_OSMIUM;9905;18;9901;15;;;9911;11;9914;21;;;9908.0;0.0
yf_ZW=F_d14;35900;INTARIAN_PEPPER_ROOT;10043;10;10039;23;;;10049;10;10051;20;;;10046.0;0.0
yf_ZW=F_d14;36000;ASH_COATED_OSMIUM;9888;20;9886;23;;;9927;14;9931;18;;;9907.5;0.0
yf_ZW=F_d14;36000;INTARIAN_PEPPER_ROOT;10037;12;10033;23;;;10054;13;10056;19;;;10045.5;0.0
yf_ZW=F_d14;36100;ASH_COATED_OSMIUM;9905;14;9902;9;;;9912;11;9915;15;;;9908.5;0.0
yf_ZW=F_d14;36100;INTARIAN_PEPPER_ROOT;10037;17;10034;22;;;10054;12;10056;21;;;10045.5;0.0
yf_ZW=F_d14;36200;ASH_COATED_OSMIUM;9905;24;9902;20;;;9912;18;9915;24;;;9908.5;0.0
yf_ZW=F_d14;36200;INTARIAN_PEPPER_ROOT;10044;23;10042;12;;;10050;17;10053;19;;;10047.0;0.0
yf_ZW=F_d14;36300;ASH_COATED_OSMIUM;9898;13;9895;15;;;9917;11;9921;21;;;9907.5;0.0
yf_ZW=F_d14;36300;INTARIAN_PEPPER_ROOT;10044;17;10041;23;;;10050;14;10053;22;;;10047.0;0.0
yf_ZW=F_d14;36400;ASH_COATED_OSMIUM;9904;21;9902;9;;;9910;17;9912;23;;;9907.0;0.0
yf_ZW=F_d14;36400;INTARIAN_PEPPER_ROOT;10032;15;10028;30;;;10062;14;10066;25;;;10047.0;0.0
yf_ZW=F_d14;36500;ASH_COATED_OSMIUM;9904;13;9901;20;;;9913;17;9917;35;;;9908.5;0.0
yf_ZW=F_d14;36500;INTARIAN_PEPPER_ROOT;10043;19;10040;28;;;10054;12;10056;22;;;10048.5;0.0
yf_ZW=F_d14;36600;ASH_COATED_OSMIUM;9900;23;9896;16;;;9916;13;9918;18;;;9908.0;0.0
yf_ZW=F_d14;36600;INTARIAN_PEPPER_ROOT;10045;11;10042;8;;;10052;14;10056;23;;;10048.5;0.0
yf_ZW=F_d14;36700;ASH_COATED_OSMIUM;9895;17;9892;21;;;9920;15;9922;17;;;9907.5;0.0
yf_ZW=F_d14;36700;INTARIAN_PEPPER_ROOT;10045;11;10042;18;;;10051;8;10055;18;;;10048.0;0.0
yf_ZW=F_d14;36800;ASH_COATED_OSMIUM;9904;8;9902;28;;;9911;22;9915;22;;;9907.5;0.0
yf_ZW=F_d14;36800;INTARIAN_PEPPER_ROOT;10046;15;10043;28;;;10052;11;10056;27;;;10049.0;0.0
yf_ZW=F_d14;36900;ASH_COATED_OSMIUM;9901;20;9897;16;;;9915;12;9919;21;;;9908.0;0.0
yf_ZW=F_d14;36900;INTARIAN_PEPPER_ROOT;10046;8;10043;16;;;10052;23;10054;22;;;10049.0;0.0
yf_ZW=F_d14;37000;ASH_COATED_OSMIUM;9902;17;9900;24;;;9913;13;9916;17;;;9907.5;0.0
yf_ZW=F_d14;37000;INTARIAN_PEPPER_ROOT;10044;5;10041;15;;;10053;13;10056;15;;;10048.5;0.0
yf_ZW=F_d14;37100;ASH_COATED_OSMIUM;9905;14;9901;21;;;9911;16;9915;31;;;9908.0;0.0
yf_ZW=F_d14;37100;INTARIAN_PEPPER_ROOT;10047;15;10045;18;;;10053;13;10055;21;;;10050.0;0.0
yf_ZW=F_d14;37200;ASH_COATED_OSMIUM;9905;9;9903;21;;;9911;16;9914;18;;;9908.0;0.0
yf_ZW=F_d14;37200;INTARIAN_PEPPER_ROOT;10047;14;10044;14;;;10053;23;10057;19;;;10050.0;0.0
yf_ZW=F_d14;37300;ASH_COATED_OSMIUM;9905;21;9903;26;;;9911;16;9913;11;;;9908.0;0.0
yf_ZW=F_d14;37300;INTARIAN_PEPPER_ROOT;10047;17;10045;19;;;10053;18;10056;14;;;10050.0;0.0
yf_ZW=F_d14;37400;ASH_COATED_OSMIUM;9905;12;9901;24;;;9911;9;9913;16;;;9908.0;0.0
yf_ZW=F_d14;37400;INTARIAN_PEPPER_ROOT;10043;16;10039;20;;;10059;10;10063;17;;;10051.0;0.0
yf_ZW=F_d14;37500;ASH_COATED_OSMIUM;9902;10;9899;23;;;9914;11;9918;22;;;9908.0;0.0
yf_ZW=F_d14;37500;INTARIAN_PEPPER_ROOT;10048;15;10046;21;;;10054;18;10056;22;;;10051.0;0.0
yf_ZW=F_d14;37600;ASH_COATED_OSMIUM;9900;12;9898;13;;;9916;10;9919;27;;;9908.0;0.0
yf_ZW=F_d14;37600;INTARIAN_PEPPER_ROOT;10049;11;10045;24;;;10055;24;10058;16;;;10052.0;0.0
yf_ZW=F_d14;37700;ASH_COATED_OSMIUM;9905;19;9902;19;;;9911;6;9915;30;;;9908.0;0.0
yf_ZW=F_d14;37700;INTARIAN_PEPPER_ROOT;10047;14;10043;26;;;10056;10;10058;18;;;10051.5;0.0
yf_ZW=F_d14;37800;ASH_COATED_OSMIUM;9905;21;9901;34;;;9911;9;9913;13;;;9908.0;0.0
yf_ZW=F_d14;37800;INTARIAN_PEPPER_ROOT;10048;13;10045;24;;;10054;10;10056;24;;;10051.0;0.0
yf_ZW=F_d14;37900;ASH_COATED_OSMIUM;9903;19;9901;18;;;9912;9;9916;13;;;9907.5;0.0
yf_ZW=F_d14;37900;INTARIAN_PEPPER_ROOT;10043;13;10041;20;;;10060;16;10064;20;;;10051.5;0.0
yf_ZW=F_d14;38000;ASH_COATED_OSMIUM;9905;17;9902;16;;;9911;11;9914;27;;;9908.0;0.0
yf_ZW=F_d14;38000;INTARIAN_PEPPER_ROOT;10049;10;10047;19;;;10055;20;10058;17;;;10052.0;0.0
yf_ZW=F_d14;38100;ASH_COATED_OSMIUM;9897;7;9895;16;;;9919;7;9922;15;;;9908.0;0.0
yf_ZW=F_d14;38100;INTARIAN_PEPPER_ROOT;10050;14;10046;34;;;10056;17;10058;9;;;10053.0;0.0
yf_ZW=F_d14;38200;ASH_COATED_OSMIUM;9892;17;9889;20;;;9924;9;9926;18;;;9908.0;0.0
yf_ZW=F_d14;38200;INTARIAN_PEPPER_ROOT;10050;5;10048;22;;;10056;7;10059;23;;;10053.0;0.0
yf_ZW=F_d14;38300;ASH_COATED_OSMIUM;9903;9;9899;15;;;9913;11;9916;16;;;9908.0;0.0
yf_ZW=F_d14;38300;INTARIAN_PEPPER_ROOT;10050;16;10047;21;;;10056;14;10060;25;;;10053.0;0.0
yf_ZW=F_d14;38400;ASH_COATED_OSMIUM;9904;11;9902;24;;;9910;9;9912;24;;;9907.0;0.0
yf_ZW=F_d14;38400;INTARIAN_PEPPER_ROOT;10051;17;10048;8;;;10057;6;10061;26;;;10054.0;0.0
yf_ZW=F_d14;38500;ASH_COATED_OSMIUM;9905;21;9902;25;;;9911;12;9915;19;;;9908.0;0.0
yf_ZW=F_d14;38500;INTARIAN_PEPPER_ROOT;10051;8;10049;17;;;10057;13;10059;15;;;10054.0;0.0
yf_ZW=F_d14;38600;ASH_COATED_OSMIUM;9903;14;9899;17;;;9910;11;9912;27;;;9906.5;0.0
yf_ZW=F_d14;38600;INTARIAN_PEPPER_ROOT;10041;13;10037;15;;;10068;21;10072;25;;;10054.5;0.0
yf_ZW=F_d14;38700;ASH_COATED_OSMIUM;9904;15;9901;25;;;9910;14;9914;16;;;9907.0;0.0
yf_ZW=F_d14;38700;INTARIAN_PEPPER_ROOT;10052;19;10048;27;;;10058;14;10060;22;;;10055.0;0.0
yf_ZW=F_d14;38800;ASH_COATED_OSMIUM;9905;12;9901;15;;;9911;9;9915;20;;;9908.0;0.0
yf_ZW=F_d14;38800;INTARIAN_PEPPER_ROOT;10052;8;10048;27;;;10058;15;10060;24;;;10055.0;0.0
yf_ZW=F_d14;38900;ASH_COATED_OSMIUM;9892;6;9888;18;;;9922;17;9925;16;;;9907.0;0.0
yf_ZW=F_d14;38900;INTARIAN_PEPPER_ROOT;10052;13;10050;19;;;10058;20;10061;16;;;10055.0;0.0
yf_ZW=F_d14;39000;ASH_COATED_OSMIUM;9904;13;9901;14;;;9910;10;9914;21;;;9907.0;0.0
yf_ZW=F_d14;39000;INTARIAN_PEPPER_ROOT;10052;11;10050;19;;;10058;12;10062;10;;;10055.0;0.0
yf_ZW=F_d14;39100;ASH_COATED_OSMIUM;9903;19;9900;21;;;9911;18;9914;24;;;9907.0;0.0
yf_ZW=F_d14;39100;INTARIAN_PEPPER_ROOT;10053;11;10049;19;;;10059;19;10063;17;;;10056.0;0.0
yf_ZW=F_d14;39200;ASH_COATED_OSMIUM;9905;10;9902;16;;;9911;7;9913;26;;;9908.0;0.0
yf_ZW=F_d14;39200;INTARIAN_PEPPER_ROOT;10043;19;10041;16;;;10068;13;10070;22;;;10055.5;0.0
yf_ZW=F_d14;39300;ASH_COATED_OSMIUM;9905;19;9901;26;;;9911;10;9915;22;;;9908.0;0.0
yf_ZW=F_d14;39300;INTARIAN_PEPPER_ROOT;10053;15;10050;16;;;10059;10;10063;14;;;10056.0;0.0
yf_ZW=F_d14;39400;ASH_COATED_OSMIUM;9904;7;9902;27;;;9910;5;9913;17;;;9907.0;0.0
yf_ZW=F_d14;39400;INTARIAN_PEPPER_ROOT;10051;16;10047;12;;;10063;16;10065;26;;;10057.0;0.0
yf_ZW=F_d14;39500;ASH_COATED_OSMIUM;9904;30;9902;11;;;9910;22;9914;14;;;9907.0;0.0
yf_ZW=F_d14;39500;INTARIAN_PEPPER_ROOT;10055;22;10052;18;;;10061;17;10063;29;;;10058.0;0.0
yf_ZW=F_d14;39600;ASH_COATED_OSMIUM;9905;26;9902;21;;;9911;13;9915;12;;;9908.0;0.0
yf_ZW=F_d14;39600;INTARIAN_PEPPER_ROOT;10053;9;10050;20;;;10062;12;10064;28;;;10057.5;0.0
yf_ZW=F_d14;39700;ASH_COATED_OSMIUM;9904;14;9901;28;;;9910;14;9912;16;;;9907.0;0.0
yf_ZW=F_d14;39700;INTARIAN_PEPPER_ROOT;10055;8;10053;19;;;10061;10;10063;24;;;10058.0;0.0
yf_ZW=F_d14;39800;ASH_COATED_OSMIUM;9904;8;9901;15;;;9910;8;9912;16;;;9907.0;0.0
yf_ZW=F_d14;39800;INTARIAN_PEPPER_ROOT;10055;17;10053;22;;;10061;13;10063;16;;;10058.0;0.0
yf_ZW=F_d14;39900;ASH_COATED_OSMIUM;9899;17;9896;17;;;9916;15;9918;13;;;9907.5;0.0
yf_ZW=F_d14;39900;INTARIAN_PEPPER_ROOT;10056;10;10053;17;;;10062;13;10064;22;;;10059.0;0.0
yf_ZW=F_d14;40000;ASH_COATED_OSMIUM;9905;15;9901;14;;;9911;5;9913;15;;;9908.0;0.0
yf_ZW=F_d14;40000;INTARIAN_PEPPER_ROOT;10056;21;10053;26;;;10062;9;10064;14;;;10059.0;0.0
yf_ZW=F_d14;40100;ASH_COATED_OSMIUM;9904;29;9900;23;;;9910;10;9912;23;;;9907.0;0.0
yf_ZW=F_d14;40100;INTARIAN_PEPPER_ROOT;10055;11;10051;16;;;10064;10;10067;19;;;10059.5;0.0
yf_ZW=F_d14;40200;ASH_COATED_OSMIUM;9904;15;9902;25;;;9910;8;9912;12;;;9907.0;0.0
yf_ZW=F_d14;40200;INTARIAN_PEPPER_ROOT;10056;21;10054;27;;;10062;10;10064;14;;;10059.0;0.0
yf_ZW=F_d14;40300;ASH_COATED_OSMIUM;9903;13;9901;19;;;9911;25;9914;21;;;9907.0;0.0
yf_ZW=F_d14;40300;INTARIAN_PEPPER_ROOT;10056;12;10054;18;;;10062;16;10064;20;;;10059.0;0.0
yf_ZW=F_d14;40400;ASH_COATED_OSMIUM;9904;13;9901;14;;;9910;22;9912;14;;;9907.0;0.0
yf_ZW=F_d14;40400;INTARIAN_PEPPER_ROOT;10057;17;10054;18;;;10063;15;10065;17;;;10060.0;0.0
yf_ZW=F_d14;40500;ASH_COATED_OSMIUM;9904;19;9900;17;;;9910;16;9914;21;;;9907.0;0.0
yf_ZW=F_d14;40500;INTARIAN_PEPPER_ROOT;10057;9;10053;20;;;10063;11;10066;28;;;10060.0;0.0
yf_ZW=F_d14;40600;ASH_COATED_OSMIUM;9903;15;9899;12;;;9911;16;9913;24;;;9907.0;0.0
yf_ZW=F_d14;40600;INTARIAN_PEPPER_ROOT;10056;13;10054;15;;;10065;13;10067;21;;;10060.5;0.0
yf_ZW=F_d14;40700;ASH_COATED_OSMIUM;9903;11;9899;11;;;9911;14;9915;19;;;9907.0;0.0
yf_ZW=F_d14;40700;INTARIAN_PEPPER_ROOT;10058;15;10055;13;;;10064;20;10067;14;;;10061.0;0.0
yf_ZW=F_d14;40800;ASH_COATED_OSMIUM;9904;10;9900;20;;;9910;11;9913;27;;;9907.0;0.0
yf_ZW=F_d14;40800;INTARIAN_PEPPER_ROOT;10058;22;10056;27;;;10064;11;10068;19;;;10061.0;0.0
yf_ZW=F_d14;40900;ASH_COATED_OSMIUM;9905;13;9903;17;;;9911;17;9915;19;;;9908.0;0.0
yf_ZW=F_d14;40900;INTARIAN_PEPPER_ROOT;10058;23;10054;25;;;10065;19;10067;13;;;10061.5;0.0
yf_ZW=F_d14;41000;ASH_COATED_OSMIUM;9904;17;9900;23;;;9912;9;9914;19;;;9908.0;0.0
yf_ZW=F_d14;41000;INTARIAN_PEPPER_ROOT;10058;12;10056;23;;;10066;13;10068;23;;;10062.0;0.0
yf_ZW=F_d14;41100;ASH_COATED_OSMIUM;9897;16;9894;23;;;9918;9;9920;30;;;9907.5;0.0
yf_ZW=F_d14;41100;INTARIAN_PEPPER_ROOT;10059;13;10057;15;;;10065;20;10067;18;;;10062.0;0.0
yf_ZW=F_d14;41200;ASH_COATED_OSMIUM;9901;14;9899;21;;;9913;16;9915;25;;;9907.0;0.0
yf_ZW=F_d14;41200;INTARIAN_PEPPER_ROOT;10059;14;10055;30;;;10065;16;10068;12;;;10062.0;0.0
yf_ZW=F_d14;41300;ASH_COATED_OSMIUM;9904;15;9901;18;;;9910;12;9912;19;;;9907.0;0.0
yf_ZW=F_d14;41300;INTARIAN_PEPPER_ROOT;10060;5;10056;30;;;10066;16;10068;13;;;10063.0;0.0
yf_ZW=F_d14;41400;ASH_COATED_OSMIUM;9904;22;9900;26;;;9910;6;9913;17;;;9907.0;0.0
yf_ZW=F_d14;41400;INTARIAN_PEPPER_ROOT;10060;15;10058;14;;;10066;22;10070;19;;;10063.0;0.0
yf_ZW=F_d14;41500;ASH_COATED_OSMIUM;9904;22;9901;17;;;9910;10;9914;22;;;9907.0;0.0
yf_ZW=F_d14;41500;INTARIAN_PEPPER_ROOT;10058;16;10056;18;;;10069;11;10073;25;;;10063.5;0.0
yf_ZW=F_d14;41600;ASH_COATED_OSMIUM;9904;7;9901;22;;;9910;14;9914;22;;;9907.0;0.0
yf_ZW=F_d14;41600;INTARIAN_PEPPER_ROOT;10061;21;10057;30;;;10067;7;10070;25;;;10064.0;0.0
yf_ZW=F_d14;41700;ASH_COATED_OSMIUM;9904;15;9900;23;;;9910;23;9912;22;;;9907.0;0.0
yf_ZW=F_d14;41700;INTARIAN_PEPPER_ROOT;10060;6;10057;13;;;10067;19;10070;22;;;10063.5;0.0
yf_ZW=F_d14;41800;ASH_COATED_OSMIUM;9903;14;9900;22;;;9912;9;9915;22;;;9907.5;0.0
yf_ZW=F_d14;41800;INTARIAN_PEPPER_ROOT;10057;16;10055;20;;;10071;18;10073;22;;;10064.0;0.0
yf_ZW=F_d14;41900;ASH_COATED_OSMIUM;9904;14;9900;10;;;9910;6;9914;20;;;9907.0;0.0
yf_ZW=F_d14;41900;INTARIAN_PEPPER_ROOT;10058;14;10056;22;;;10071;15;10073;12;;;10064.5;0.0
yf_ZW=F_d14;42000;ASH_COATED_OSMIUM;9893;17;9890;16;;;9922;12;9924;19;;;9907.5;0.0
yf_ZW=F_d14;42000;INTARIAN_PEPPER_ROOT;10062;11;10060;25;;;10068;19;10072;21;;;10065.0;0.0
yf_ZW=F_d14;42100;ASH_COATED_OSMIUM;9902;16;9898;25;;;9913;16;9917;19;;;9907.5;0.0
yf_ZW=F_d14;42100;INTARIAN_PEPPER_ROOT;10063;20;10059;21;;;10069;17;10071;25;;;10066.0;0.0
yf_ZW=F_d14;42200;ASH_COATED_OSMIUM;9904;13;9900;28;;;9910;16;9912;22;;;9907.0;0.0
yf_ZW=F_d14;42200;INTARIAN_PEPPER_ROOT;10063;18;10060;27;;;10069;18;10071;11;;;10066.0;0.0
yf_ZW=F_d14;42300;ASH_COATED_OSMIUM;9900;11;9897;15;;;9914;15;9916;22;;;9907.0;0.0
yf_ZW=F_d14;42300;INTARIAN_PEPPER_ROOT;10061;10;10059;19;;;10071;25;10075;25;;;10066.0;0.0
yf_ZW=F_d14;42400;ASH_COATED_OSMIUM;9904;10;9901;16;;;9910;15;9912;18;;;9907.0;0.0
yf_ZW=F_d14;42400;INTARIAN_PEPPER_ROOT;10060;17;10057;19;;;10073;22;10076;17;;;10066.5;0.0
yf_ZW=F_d14;42500;ASH_COATED_OSMIUM;9904;19;9900;20;;;9910;11;9913;23;;;9907.0;0.0
yf_ZW=F_d14;42500;INTARIAN_PEPPER_ROOT;10058;14;10056;29;;;10077;15;10081;27;;;10067.5;0.0
yf_ZW=F_d14;42600;ASH_COATED_OSMIUM;9904;13;9902;23;;;9910;14;9914;18;;;9907.0;0.0
yf_ZW=F_d14;42600;INTARIAN_PEPPER_ROOT;10063;14;10060;19;;;10069;20;10073;19;;;10066.0;0.0
yf_ZW=F_d14;42700;ASH_COATED_OSMIUM;9904;17;9902;23;;;9910;5;9914;29;;;9907.0;0.0
yf_ZW=F_d14;42700;INTARIAN_PEPPER_ROOT;10064;13;10061;23;;;10070;10;10072;17;;;10067.0;0.0
yf_ZW=F_d14;42800;ASH_COATED_OSMIUM;9898;12;9894;19;;;9917;7;9919;11;;;9907.5;0.0
yf_ZW=F_d14;42800;INTARIAN_PEPPER_ROOT;10065;12;10061;30;;;10071;11;10074;14;;;10068.0;0.0
yf_ZW=F_d14;42900;ASH_COATED_OSMIUM;9904;13;9900;16;;;9910;12;9913;15;;;9907.0;0.0
yf_ZW=F_d14;42900;INTARIAN_PEPPER_ROOT;10061;9;10057;28;;;10076;15;10079;13;;;10068.5;0.0
yf_ZW=F_d14;43000;ASH_COATED_OSMIUM;9901;8;9897;25;;;9913;16;9916;21;;;9907.0;0.0
yf_ZW=F_d14;43000;INTARIAN_PEPPER_ROOT;10065;16;10061;25;;;10072;14;10074;20;;;10068.5;0.0
yf_ZW=F_d14;43100;ASH_COATED_OSMIUM;9904;13;9901;19;;;9910;10;9913;9;;;9907.0;0.0
yf_ZW=F_d14;43100;INTARIAN_PEPPER_ROOT;10066;14;10064;24;;;10072;19;10076;22;;;10069.0;0.0
yf_ZW=F_d14;43200;ASH_COATED_OSMIUM;9901;16;9898;27;;;9913;18;9915;20;;;9907.0;0.0
yf_ZW=F_d14;43200;INTARIAN_PEPPER_ROOT;10062;12;10060;22;;;10076;13;10079;17;;;10069.0;0.0
yf_ZW=F_d14;43300;ASH_COATED_OSMIUM;9900;11;9898;25;;;9916;15;9919;22;;;9908.0;0.0
yf_ZW=F_d14;43300;INTARIAN_PEPPER_ROOT;10062;10;10060;16;;;10075;14;10079;21;;;10068.5;0.0
yf_ZW=F_d14;43400;ASH_COATED_OSMIUM;9904;8;9901;15;;;9910;21;9913;17;;;9907.0;0.0
yf_ZW=F_d14;43400;INTARIAN_PEPPER_ROOT;10067;5;10064;11;;;10073;12;10076;22;;;10070.0;0.0
yf_ZW=F_d14;43500;ASH_COATED_OSMIUM;9904;6;9900;18;;;9910;22;9912;22;;;9907.0;0.0
yf_ZW=F_d14;43500;INTARIAN_PEPPER_ROOT;10063;13;10059;19;;;10076;20;10080;23;;;10069.5;0.0
yf_ZW=F_d14;43600;ASH_COATED_OSMIUM;9904;11;9901;17;;;9910;14;9914;28;;;9907.0;0.0
yf_ZW=F_d14;43600;INTARIAN_PEPPER_ROOT;10059;14;10057;18;;;10081;22;10083;15;;;10070.0;0.0
yf_ZW=F_d14;43700;ASH_COATED_OSMIUM;9903;21;9901;20;;;9911;12;9915;17;;;9907.0;0.0
yf_ZW=F_d14;43700;INTARIAN_PEPPER_ROOT;10062;10;10060;27;;;10078;7;10081;22;;;10070.0;0.0
yf_ZW=F_d14;43800;ASH_COATED_OSMIUM;9905;10;9902;27;;;9911;10;9914;16;;;9908.0;0.0
yf_ZW=F_d14;43800;INTARIAN_PEPPER_ROOT;10066;15;10062;26;;;10075;9;10077;16;;;10070.5;0.0
yf_ZW=F_d14;43900;ASH_COATED_OSMIUM;9904;13;9901;19;;;9910;11;9914;11;;;9907.0;0.0
yf_ZW=F_d14;43900;INTARIAN_PEPPER_ROOT;10068;13;10065;12;;;10074;20;10077;21;;;10071.0;0.0
yf_ZW=F_d14;44000;ASH_COATED_OSMIUM;9905;17;9902;15;;;9911;5;9915;29;;;9908.0;0.0
yf_ZW=F_d14;44000;INTARIAN_PEPPER_ROOT;10068;14;10064;23;;;10075;11;10079;27;;;10071.5;0.0
yf_ZW=F_d14;44100;ASH_COATED_OSMIUM;9905;18;9903;17;;;9911;12;9913;19;;;9908.0;0.0
yf_ZW=F_d14;44100;INTARIAN_PEPPER_ROOT;10069;10;10067;21;;;10075;19;10079;17;;;10072.0;0.0
yf_ZW=F_d14;44200;ASH_COATED_OSMIUM;9904;13;9902;10;;;9910;13;9914;19;;;9907.0;0.0
yf_ZW=F_d14;44200;INTARIAN_PEPPER_ROOT;10068;17;10066;20;;;10075;8;10077;12;;;10071.5;0.0
yf_ZW=F_d14;44300;ASH_COATED_OSMIUM;9904;19;9902;13;;;9910;5;9912;19;;;9907.0;0.0
yf_ZW=F_d14;44300;INTARIAN_PEPPER_ROOT;10064;21;10060;9;;;10080;17;10082;14;;;10072.0;0.0
yf_ZW=F_d14;44400;ASH_COATED_OSMIUM;9904;20;9900;17;;;9910;19;9912;24;;;9907.0;0.0
yf_ZW=F_d14;44400;INTARIAN_PEPPER_ROOT;10069;8;10067;17;;;10075;5;10079;23;;;10072.0;0.0
yf_ZW=F_d14;44500;ASH_COATED_OSMIUM;9898;13;9894;22;;;9916;19;9920;25;;;9907.0;0.0
yf_ZW=F_d14;44500;INTARIAN_PEPPER_ROOT;10064;16;10060;12;;;10081;12;10083;17;;;10072.5;0.0
yf_ZW=F_d14;44600;ASH_COATED_OSMIUM;9896;5;9893;23;;;9917;15;9920;24;;;9906.5;0.0
yf_ZW=F_d14;44600;INTARIAN_PEPPER_ROOT;10070;15;10066;20;;;10076;13;10080;17;;;10073.0;0.0
yf_ZW=F_d14;44700;ASH_COATED_OSMIUM;9895;11;9892;9;;;9919;13;9921;25;;;9907.0;0.0
yf_ZW=F_d14;44700;INTARIAN_PEPPER_ROOT;10056;18;10052;22;;;10093;17;10096;8;;;10074.5;0.0
yf_ZW=F_d14;44800;ASH_COATED_OSMIUM;9902;9;9898;24;;;9911;10;9915;22;;;9906.5;0.0
yf_ZW=F_d14;44800;INTARIAN_PEPPER_ROOT;10071;12;10068;27;;;10077;5;10081;27;;;10074.0;0.0
yf_ZW=F_d14;44900;ASH_COATED_OSMIUM;9904;19;9902;12;;;9910;11;9914;30;;;9907.0;0.0
yf_ZW=F_d14;44900;INTARIAN_PEPPER_ROOT;10071;16;10067;27;;;10077;13;10079;18;;;10074.0;0.0
yf_ZW=F_d14;45000;ASH_COATED_OSMIUM;9904;16;9900;18;;;9910;11;9912;31;;;9907.0;0.0
yf_ZW=F_d14;45000;INTARIAN_PEPPER_ROOT;10072;17;10068;25;;;10078;15;10080;18;;;10075.0;0.0
yf_ZW=F_d14;45100;ASH_COATED_OSMIUM;9904;16;9900;21;;;9910;11;9912;19;;;9907.0;0.0
yf_ZW=F_d14;45100;INTARIAN_PEPPER_ROOT;10072;15;10070;17;;;10078;14;10080;22;;;10075.0;0.0
yf_ZW=F_d14;45200;ASH_COATED_OSMIUM;9892;9;9889;22;;;9923;23;9927;20;;;9907.5;0.0
yf_ZW=F_d14;45200;INTARIAN_PEPPER_ROOT;10071;21;10068;23;;;10079;15;10083;18;;;10075.0;0.0
yf_ZW=F_d14;45300;ASH_COATED_OSMIUM;9904;18;9902;15;;;9910;18;9912;22;;;9907.0;0.0
yf_ZW=F_d14;45300;INTARIAN_PEPPER_ROOT;10072;22;10070;22;;;10078;18;10081;15;;;10075.0;0.0
yf_ZW=F_d14;45400;ASH_COATED_OSMIUM;9904;16;9901;25;;;9910;11;9912;19;;;9907.0;0.0
yf_ZW=F_d14;45400;INTARIAN_PEPPER_ROOT;10071;14;10067;17;;;10081;15;10084;21;;;10076.0;0.0
yf_ZW=F_d14;45500;ASH_COATED_OSMIUM;9900;16;9898;11;;;9913;20;9916;19;;;9906.5;0.0
yf_ZW=F_d14;45500;INTARIAN_PEPPER_ROOT;10073;17;10071;19;;;10079;13;10083;21;;;10076.0;0.0
yf_ZW=F_d14;45600;ASH_COATED_OSMIUM;9899;17;9897;19;;;9914;12;9918;9;;;9906.5;0.0
yf_ZW=F_d14;45600;INTARIAN_PEPPER_ROOT;10074;10;10071;16;;;10080;18;10084;23;;;10077.0;0.0
yf_ZW=F_d14;45700;ASH_COATED_OSMIUM;9904;21;9900;17;;;9910;16;9914;24;;;9907.0;0.0
yf_ZW=F_d14;45700;INTARIAN_PEPPER_ROOT;10073;17;10071;11;;;10079;24;10083;17;;;10076.0;0.0
yf_ZW=F_d14;45800;ASH_COATED_OSMIUM;9904;15;9900;24;;;9910;19;9913;26;;;9907.0;0.0
yf_ZW=F_d14;45800;INTARIAN_PEPPER_ROOT;10074;18;10072;20;;;10080;5;10082;21;;;10077.0;0.0
yf_ZW=F_d14;45900;ASH_COATED_OSMIUM;9902;17;9900;18;;;9911;16;9914;21;;;9906.5;0.0
yf_ZW=F_d14;45900;INTARIAN_PEPPER_ROOT;10070;15;10067;9;;;10085;12;10089;23;;;10077.5;0.0
yf_ZW=F_d14;46000;ASH_COATED_OSMIUM;9901;10;9899;18;;;9913;21;9916;25;;;9907.0;0.0
yf_ZW=F_d14;46000;INTARIAN_PEPPER_ROOT;10075;8;10072;14;;;10081;17;10084;20;;;10078.0;0.0
yf_ZW=F_d14;46100;ASH_COATED_OSMIUM;9904;5;9902;14;;;9910;25;9913;20;;;9907.0;0.0
yf_ZW=F_d14;46100;INTARIAN_PEPPER_ROOT;10072;14;10070;17;;;10084;18;10087;13;;;10078.0;0.0
yf_ZW=F_d14;46200;ASH_COATED_OSMIUM;9900;7;9896;22;;;9914;7;9917;16;;;9907.0;0.0
yf_ZW=F_d14;46200;INTARIAN_PEPPER_ROOT;10075;18;10071;17;;;10082;5;10086;21;;;10078.5;0.0
yf_ZW=F_d14;46300;ASH_COATED_OSMIUM;9904;12;9902;20;;;9910;19;9912;14;;;9907.0;0.0
yf_ZW=F_d14;46300;INTARIAN_PEPPER_ROOT;10075;19;10071;13;;;10081;9;10085;17;;;10078.0;0.0
yf_ZW=F_d14;46400;ASH_COATED_OSMIUM;9904;27;9902;31;;;9910;20;9912;13;;;9907.0;0.0
yf_ZW=F_d14;46400;INTARIAN_PEPPER_ROOT;10076;17;10072;14;;;10082;15;10085;13;;;10079.0;0.0
yf_ZW=F_d14;46500;ASH_COATED_OSMIUM;9904;14;9900;23;;;9910;19;9912;10;;;9907.0;0.0
yf_ZW=F_d14;46500;INTARIAN_PEPPER_ROOT;10077;21;10073;29;;;10083;13;10087;17;;;10080.0;0.0
yf_ZW=F_d14;46600;ASH_COATED_OSMIUM;9898;11;9896;22;;;9916;14;9918;28;;;9907.0;0.0
yf_ZW=F_d14;46600;INTARIAN_PEPPER_ROOT;10077;19;10074;20;;;10083;20;10086;24;;;10080.0;0.0
yf_ZW=F_d14;46700;ASH_COATED_OSMIUM;9902;13;9898;17;;;9911;9;9915;18;;;9906.5;0.0
yf_ZW=F_d14;46700;INTARIAN_PEPPER_ROOT;10077;29;10073;14;;;10083;14;10087;18;;;10080.0;0.0
yf_ZW=F_d14;46800;ASH_COATED_OSMIUM;9902;14;9898;17;;;9912;8;9914;19;;;9907.0;0.0
yf_ZW=F_d14;46800;INTARIAN_PEPPER_ROOT;10076;19;10072;16;;;10085;8;10088;20;;;10080.5;0.0
yf_ZW=F_d14;46900;ASH_COATED_OSMIUM;9903;10;9901;23;;;9909;18;9911;18;;;9906.0;0.0
yf_ZW=F_d14;46900;INTARIAN_PEPPER_ROOT;10074;13;10070;12;;;10087;7;10091;25;;;10080.5;0.0
yf_ZW=F_d14;47000;ASH_COATED_OSMIUM;9896;19;9892;9;;;9919;8;9921;16;;;9907.5;0.0
yf_ZW=F_d14;47000;INTARIAN_PEPPER_ROOT;10078;8;10074;13;;;10084;18;10086;23;;;10081.0;0.0
yf_ZW=F_d14;47100;ASH_COATED_OSMIUM;9905;23;9902;24;;;9911;6;9913;23;;;9908.0;0.0
yf_ZW=F_d14;47100;INTARIAN_PEPPER_ROOT;10078;25;10074;17;;;10084;16;10087;17;;;10081.0;0.0
yf_ZW=F_d14;47200;ASH_COATED_OSMIUM;9904;8;9901;25;;;9910;11;9913;14;;;9907.0;0.0
yf_ZW=F_d14;47200;INTARIAN_PEPPER_ROOT;10079;11;10076;23;;;10085;17;10089;28;;;10082.0;0.0
yf_ZW=F_d14;47300;ASH_COATED_OSMIUM;9904;10;9902;17;;;9910;13;9913;22;;;9907.0;0.0
yf_ZW=F_d14;47300;INTARIAN_PEPPER_ROOT;10074;21;10072;20;;;10089;14;10092;11;;;10081.5;0.0
yf_ZW=F_d14;47400;ASH_COATED_OSMIUM;9891;18;9888;19;;;9923;14;9927;13;;;9907.0;0.0
yf_ZW=F_d14;47400;INTARIAN_PEPPER_ROOT;10079;13;10075;26;;;10085;16;10089;16;;;10082.0;0.0
yf_ZW=F_d14;47500;ASH_COATED_OSMIUM;9904;14;9901;8;;;9910;19;9914;20;;;9907.0;0.0
yf_ZW=F_d14;47500;INTARIAN_PEPPER_ROOT;10080;11;10076;17;;;10086;20;10090;17;;;10083.0;0.0
yf_ZW=F_d14;47600;ASH_COATED_OSMIUM;9903;17;9899;15;;;9911;21;9913;18;;;9907.0;0.0
yf_ZW=F_d14;47600;INTARIAN_PEPPER_ROOT;10075;8;10072;19;;;10090;12;10094;16;;;10082.5;0.0
yf_ZW=F_d14;47700;ASH_COATED_OSMIUM;9900;14;9896;10;;;9912;10;9914;23;;;9906.0;0.0
yf_ZW=F_d14;47700;INTARIAN_PEPPER_ROOT;10080;13;10076;28;;;10086;9;10089;22;;;10083.0;0.0
yf_ZW=F_d14;47800;ASH_COATED_OSMIUM;9904;12;9900;17;;;9910;11;9912;17;;;9907.0;0.0
yf_ZW=F_d14;47800;INTARIAN_PEPPER_ROOT;10080;15;10078;25;;;10086;13;10090;18;;;10083.0;0.0
yf_ZW=F_d14;47900;ASH_COATED_OSMIUM;9904;11;9901;13;;;9910;14;9914;12;;;9907.0;0.0
yf_ZW=F_d14;47900;INTARIAN_PEPPER_ROOT;10080;17;10078;14;;;10086;12;10090;14;;;10083.0;0.0
yf_ZW=F_d14;48000;ASH_COATED_OSMIUM;9902;16;9899;20;;;9911;8;9915;21;;;9906.5;0.0
yf_ZW=F_d14;48000;INTARIAN_PEPPER_ROOT;10081;14;10079;11;;;10087;20;10089;19;;;10084.0;0.0
yf_ZW=F_d14;48100;ASH_COATED_OSMIUM;9904;17;9900;21;;;9910;5;9912;27;;;9907.0;0.0
yf_ZW=F_d14;48100;INTARIAN_PEPPER_ROOT;10077;20;10075;18;;;10092;15;10096;21;;;10084.5;0.0
yf_ZW=F_d14;48200;ASH_COATED_OSMIUM;9904;10;9902;26;;;9910;16;9912;18;;;9907.0;0.0
yf_ZW=F_d14;48200;INTARIAN_PEPPER_ROOT;10081;10;10078;19;;;10087;11;10089;15;;;10084.0;0.0
yf_ZW=F_d14;48300;ASH_COATED_OSMIUM;9891;7;9887;21;;;9921;10;9923;22;;;9906.0;0.0
yf_ZW=F_d14;48300;INTARIAN_PEPPER_ROOT;10081;15;10078;18;;;10088;13;10092;18;;;10084.5;0.0
yf_ZW=F_d14;48400;ASH_COATED_OSMIUM;9904;21;9902;31;;;9910;15;9914;20;;;9907.0;0.0
yf_ZW=F_d14;48400;INTARIAN_PEPPER_ROOT;10082;17;10079;23;;;10088;13;10090;17;;;10085.0;0.0
yf_ZW=F_d14;48500;ASH_COATED_OSMIUM;9900;8;9898;14;;;9913;19;9915;17;;;9906.5;0.0
yf_ZW=F_d14;48500;INTARIAN_PEPPER_ROOT;10079;11;10075;24;;;10092;5;10096;22;;;10085.5;0.0
yf_ZW=F_d14;48600;ASH_COATED_OSMIUM;9893;25;9890;10;;;9919;23;9923;19;;;9906.0;0.0
yf_ZW=F_d14;48600;INTARIAN_PEPPER_ROOT;10081;13;10079;17;;;10091;22;10095;14;;;10086.0;0.0
yf_ZW=F_d14;48700;ASH_COATED_OSMIUM;9903;16;9901;8;;;9909;16;9913;21;;;9906.0;0.0
yf_ZW=F_d14;48700;INTARIAN_PEPPER_ROOT;10083;15;10079;15;;;10089;16;10092;21;;;10086.0;0.0
yf_ZW=F_d14;48800;ASH_COATED_OSMIUM;9904;13;9900;23;;;9910;7;9913;17;;;9907.0;0.0
yf_ZW=F_d14;48800;INTARIAN_PEPPER_ROOT;10084;15;10081;23;;;10090;6;10094;26;;;10087.0;0.0
yf_ZW=F_d14;48900;ASH_COATED_OSMIUM;9895;15;9893;25;;;9919;12;9921;14;;;9907.0;0.0
yf_ZW=F_d14;48900;INTARIAN_PEPPER_ROOT;10083;9;10079;18;;;10090;25;10092;26;;;10086.5;0.0
yf_ZW=F_d14;49000;ASH_COATED_OSMIUM;9902;15;9899;15;;;9911;15;9913;19;;;9906.5;0.0
yf_ZW=F_d14;49000;INTARIAN_PEPPER_ROOT;10079;21;10075;11;;;10095;10;10099;15;;;10087.0;0.0
yf_ZW=F_d14;49100;ASH_COATED_OSMIUM;9903;5;9901;22;;;9909;24;9912;13;;;9906.0;0.0
yf_ZW=F_d14;49100;INTARIAN_PEPPER_ROOT;10080;12;10077;11;;;10095;15;10098;29;;;10087.5;0.0
yf_ZW=F_d14;49200;ASH_COATED_OSMIUM;9904;9;9902;20;;;9910;17;9914;27;;;9907.0;0.0
yf_ZW=F_d14;49200;INTARIAN_PEPPER_ROOT;10085;15;10082;18;;;10091;12;10094;22;;;10088.0;0.0
yf_ZW=F_d14;49300;ASH_COATED_OSMIUM;9900;16;9898;14;;;9914;19;9918;18;;;9907.0;0.0
yf_ZW=F_d14;49300;INTARIAN_PEPPER_ROOT;10066;13;10063;21;;;10112;7;10114;15;;;10089.0;0.0
yf_ZW=F_d14;49400;ASH_COATED_OSMIUM;9903;19;9899;17;;;9910;20;9914;16;;;9906.5;0.0
yf_ZW=F_d14;49400;INTARIAN_PEPPER_ROOT;10083;13;10081;15;;;10094;11;10098;17;;;10088.5;0.0
yf_ZW=F_d14;49500;ASH_COATED_OSMIUM;9903;6;9899;20;;;9909;13;9913;17;;;9906.0;0.0
yf_ZW=F_d14;49500;INTARIAN_PEPPER_ROOT;10085;20;10083;27;;;10091;13;10094;24;;;10088.0;0.0
yf_ZW=F_d14;49600;ASH_COATED_OSMIUM;9903;13;9899;18;;;9909;9;9913;22;;;9906.0;0.0
yf_ZW=F_d14;49600;INTARIAN_PEPPER_ROOT;10084;14;10081;14;;;10094;15;10098;14;;;10089.0;0.0
yf_ZW=F_d14;49700;ASH_COATED_OSMIUM;9903;15;9900;18;;;9909;18;9913;18;;;9906.0;0.0
yf_ZW=F_d14;49700;INTARIAN_PEPPER_ROOT;10087;17;10085;26;;;10093;23;10095;24;;;10090.0;0.0
yf_ZW=F_d14;49800;ASH_COATED_OSMIUM;9904;6;9902;11;;;9910;6;9914;19;;;9907.0;0.0
yf_ZW=F_d14;49800;INTARIAN_PEPPER_ROOT;10086;19;10084;22;;;10092;8;10095;20;;;10089.0;0.0
yf_ZW=F_d14;49900;ASH_COATED_OSMIUM;9903;14;9901;25;;;9909;17;9913;17;;;9906.0;0.0
yf_ZW=F_d14;49900;INTARIAN_PEPPER_ROOT;10087;21;10085;23;;;10093;17;10096;19;;;10090.0;0.0
yf_ZW=F_d14;50000;ASH_COATED_OSMIUM;9904;5;9902;19;;;9910;15;9912;16;;;9907.0;0.0
yf_ZW=F_d14;50000;INTARIAN_PEPPER_ROOT;10078;15;10074;11;;;10102;9;10106;26;;;10090.0;0.0
yf_ZW=F_d14;50100;ASH_COATED_OSMIUM;9903;17;9899;18;;;9909;11;9913;22;;;9906.0;0.0
yf_ZW=F_d14;50100;INTARIAN_PEPPER_ROOT;10087;11;10085;18;;;10093;24;10097;26;;;10090.0;0.0
yf_ZW=F_d14;50200;ASH_COATED_OSMIUM;9898;20;9895;20;;;9913;8;9916;33;;;9905.5;0.0
yf_ZW=F_d14;50200;INTARIAN_PEPPER_ROOT;10088;17;10085;27;;;10094;23;10096;13;;;10091.0;0.0
yf_ZW=F_d14;50300;ASH_COATED_OSMIUM;9904;14;9902;15;;;9910;14;9912;17;;;9907.0;0.0
yf_ZW=F_d14;50300;INTARIAN_PEPPER_ROOT;10083;13;10079;18;;;10099;6;10101;19;;;10091.0;0.0
yf_ZW=F_d14;50400;ASH_COATED_OSMIUM;9888;14;9885;26;;;9924;10;9928;16;;;9906.0;0.0
yf_ZW=F_d14;50400;INTARIAN_PEPPER_ROOT;10076;19;10072;24;;;10107;5;10111;22;;;10091.5;0.0
yf_ZW=F_d14;50500;ASH_COATED_OSMIUM;9903;11;9901;22;;;9911;22;9914;11;;;9907.0;0.0
yf_ZW=F_d14;50500;INTARIAN_PEPPER_ROOT;10089;16;10085;17;;;10095;20;10099;11;;;10092.0;0.0
yf_ZW=F_d14;50600;ASH_COATED_OSMIUM;9903;10;9899;14;;;9910;11;9913;14;;;9906.5;0.0
yf_ZW=F_d14;50600;INTARIAN_PEPPER_ROOT;10086;25;10082;18;;;10097;14;10100;19;;;10091.5;0.0
yf_ZW=F_d14;50700;ASH_COATED_OSMIUM;9904;16;9900;14;;;9910;19;9912;22;;;9907.0;0.0
yf_ZW=F_d14;50700;INTARIAN_PEPPER_ROOT;10089;20;10087;17;;;10095;10;10099;14;;;10092.0;0.0
yf_ZW=F_d14;50800;ASH_COATED_OSMIUM;9898;13;9895;29;;;9915;18;9917;27;;;9906.5;0.0
yf_ZW=F_d14;50800;INTARIAN_PEPPER_ROOT;10090;19;10087;25;;;10096;9;10100;18;;;10093.0;0.0
yf_ZW=F_d14;50900;ASH_COATED_OSMIUM;9903;17;9900;28;;;9909;13;9913;23;;;9906.0;0.0
yf_ZW=F_d14;50900;INTARIAN_PEPPER_ROOT;10091;13;10089;17;;;10097;23;10100;18;;;10094.0;0.0
yf_ZW=F_d14;51000;ASH_COATED_OSMIUM;9903;16;9899;14;;;9909;7;9913;18;;;9906.0;0.0
yf_ZW=F_d14;51000;INTARIAN_PEPPER_ROOT;10091;16;10088;13;;;10097;11;10100;21;;;10094.0;0.0
yf_ZW=F_d14;51100;ASH_COATED_OSMIUM;9903;21;9901;31;;;9909;5;9913;21;;;9906.0;0.0
yf_ZW=F_d14;51100;INTARIAN_PEPPER_ROOT;10092;17;10090;19;;;10098;17;10102;19;;;10095.0;0.0
yf_ZW=F_d14;51200;ASH_COATED_OSMIUM;9903;12;9901;14;;;9909;14;9912;19;;;9906.0;0.0
yf_ZW=F_d14;51200;INTARIAN_PEPPER_ROOT;10093;16;10089;27;;;10099;24;10103;11;;;10096.0;0.0
yf_ZW=F_d14;51300;ASH_COATED_OSMIUM;9900;10;9897;21;;;9912;10;9916;20;;;9906.0;0.0
yf_ZW=F_d14;51300;INTARIAN_PEPPER_ROOT;10093;17;10091;23;;;10101;15;10105;17;;;10097.0;0.0
yf_ZW=F_d14;51400;ASH_COATED_OSMIUM;9904;19;9901;18;;;9910;17;9912;21;;;9907.0;0.0
yf_ZW=F_d14;51400;INTARIAN_PEPPER_ROOT;10083;19;10080;21;;;10114;17;10118;17;;;10098.5;0.0
yf_ZW=F_d14;51500;ASH_COATED_OSMIUM;9904;23;9900;17;;;9910;19;9913;25;;;9907.0;0.0
yf_ZW=F_d14;51500;INTARIAN_PEPPER_ROOT;10091;11;10089;25;;;10105;14;10107;25;;;10098.0;0.0
yf_ZW=F_d14;51600;ASH_COATED_OSMIUM;9903;13;9899;21;;;9909;15;9912;21;;;9906.0;0.0
yf_ZW=F_d14;51600;INTARIAN_PEPPER_ROOT;10097;18;10093;14;;;10103;15;10106;19;;;10100.0;0.0
yf_ZW=F_d14;51700;ASH_COATED_OSMIUM;9903;19;9900;30;;;9909;13;9912;23;;;9906.0;0.0
yf_ZW=F_d14;51700;INTARIAN_PEPPER_ROOT;10094;18;10091;24;;;10107;20;10109;23;;;10100.5;0.0
yf_ZW=F_d14;51800;ASH_COATED_OSMIUM;9898;14;9894;25;;;9914;17;9916;15;;;9906.0;0.0
yf_ZW=F_d14;51800;INTARIAN_PEPPER_ROOT;10098;8;10096;25;;;10105;12;10108;28;;;10101.5;0.0
yf_ZW=F_d14;51900;ASH_COATED_OSMIUM;9901;12;9899;21;;;9913;18;9915;21;;;9907.0;0.0
yf_ZW=F_d14;51900;INTARIAN_PEPPER_ROOT;10099;16;10095;14;;;10105;13;10107;22;;;10102.0;0.0
yf_ZW=F_d14;52000;ASH_COATED_OSMIUM;9902;15;9899;9;;;9912;11;9914;17;;;9907.0;0.0
yf_ZW=F_d14;52000;INTARIAN_PEPPER_ROOT;10100;15;10097;22;;;10106;11;10109;12;;;10103.0;0.0
yf_ZW=F_d14;52100;ASH_COATED_OSMIUM;9898;24;9894;19;;;9916;11;9920;18;;;9907.0;0.0
yf_ZW=F_d14;52100;INTARIAN_PEPPER_ROOT;10101;17;10097;18;;;10107;10;10110;22;;;10104.0;0.0
yf_ZW=F_d14;52200;ASH_COATED_OSMIUM;9904;12;9901;17;;;9910;18;9914;18;;;9907.0;0.0
yf_ZW=F_d14;52200;INTARIAN_PEPPER_ROOT;10098;12;10095;15;;;10113;16;10116;24;;;10105.5;0.0
yf_ZW=F_d14;52300;ASH_COATED_OSMIUM;9903;11;9901;19;;;9911;20;9915;12;;;9907.0;0.0
yf_ZW=F_d14;52300;INTARIAN_PEPPER_ROOT;10103;15;10099;24;;;10109;17;10112;22;;;10106.0;0.0
yf_ZW=F_d14;52400;ASH_COATED_OSMIUM;9904;6;9902;22;;;9910;16;9914;18;;;9907.0;0.0
yf_ZW=F_d14;52400;INTARIAN_PEPPER_ROOT;10104;5;10102;28;;;10110;17;10113;20;;;10107.0;0.0
yf_ZW=F_d14;52500;ASH_COATED_OSMIUM;9903;17;9901;23;;;9909;14;9913;24;;;9906.0;0.0
yf_ZW=F_d14;52500;INTARIAN_PEPPER_ROOT;10093;19;10089;15;;;10123;5;10125;18;;;10108.0;0.0
yf_ZW=F_d14;52600;ASH_COATED_OSMIUM;9904;20;9901;18;;;9910;23;9912;21;;;9907.0;0.0
yf_ZW=F_d14;52600;INTARIAN_PEPPER_ROOT;10106;9;10103;21;;;10112;17;10114;25;;;10109.0;0.0
yf_ZW=F_d14;52700;ASH_COATED_OSMIUM;9904;7;9902;23;;;9910;13;9914;22;;;9907.0;0.0
yf_ZW=F_d14;52700;INTARIAN_PEPPER_ROOT;10107;12;10104;20;;;10113;11;10115;23;;;10110.0;0.0
yf_ZW=F_d14;52800;ASH_COATED_OSMIUM;9904;6;9901;20;;;9910;22;9914;29;;;9907.0;0.0
yf_ZW=F_d14;52800;INTARIAN_PEPPER_ROOT;10107;21;10105;24;;;10113;9;10117;20;;;10110.0;0.0
yf_ZW=F_d14;52900;ASH_COATED_OSMIUM;9899;16;9895;25;;;9914;18;9916;17;;;9906.5;0.0
yf_ZW=F_d14;52900;INTARIAN_PEPPER_ROOT;10109;8;10106;18;;;10115;15;10119;31;;;10112.0;0.0
yf_ZW=F_d14;53000;ASH_COATED_OSMIUM;9904;10;9902;17;;;9910;16;9912;13;;;9907.0;0.0
yf_ZW=F_d14;53000;INTARIAN_PEPPER_ROOT;10110;11;10107;27;;;10116;16;10119;15;;;10113.0;0.0
yf_ZW=F_d14;53100;ASH_COATED_OSMIUM;9904;12;9900;16;;;9910;18;9914;13;;;9907.0;0.0
yf_ZW=F_d14;53100;INTARIAN_PEPPER_ROOT;10110;7;10107;22;;;10116;21;10120;14;;;10113.0;0.0
yf_ZW=F_d14;53200;ASH_COATED_OSMIUM;9905;13;9901;23;;;9911;26;9914;20;;;9908.0;0.0
yf_ZW=F_d14;53200;INTARIAN_PEPPER_ROOT;10112;12;10110;22;;;10118;17;10120;13;;;10115.0;0.0
yf_ZW=F_d14;53300;ASH_COATED_OSMIUM;9904;19;9901;17;;;9910;14;9912;17;;;9907.0;0.0
yf_ZW=F_d14;53300;INTARIAN_PEPPER_ROOT;10112;23;10109;8;;;10118;20;10120;19;;;10115.0;0.0
yf_ZW=F_d14;53400;ASH_COATED_OSMIUM;9903;11;9900;22;;;9909;9;9913;17;;;9906.0;0.0
yf_ZW=F_d14;53400;INTARIAN_PEPPER_ROOT;10113;14;10109;21;;;10119;10;10122;23;;;10116.0;0.0
yf_ZW=F_d14;53500;ASH_COATED_OSMIUM;9886;18;9883;23;;;9928;18;9931;16;;;9907.0;0.0
yf_ZW=F_d14;53500;INTARIAN_PEPPER_ROOT;10114;12;10112;24;;;10120;17;10124;18;;;10117.0;0.0
yf_ZW=F_d14;53600;ASH_COATED_OSMIUM;9904;15;9902;23;;;9911;17;9913;14;;;9907.5;0.0
yf_ZW=F_d14;53600;INTARIAN_PEPPER_ROOT;10114;22;10111;23;;;10120;24;10122;23;;;10117.0;0.0
yf_ZW=F_d14;53700;ASH_COATED_OSMIUM;9904;20;9902;25;;;9910;11;9913;20;;;9907.0;0.0
yf_ZW=F_d14;53700;INTARIAN_PEPPER_ROOT;10116;16;10113;22;;;10122;11;10124;26;;;10119.0;0.0
yf_ZW=F_d14;53800;ASH_COATED_OSMIUM;9904;21;9901;24;;;9910;6;9914;20;;;9907.0;0.0
yf_ZW=F_d14;53800;INTARIAN_PEPPER_ROOT;10117;12;10115;18;;;10123;13;10125;24;;;10120.0;0.0
yf_ZW=F_d14;53900;ASH_COATED_OSMIUM;9896;8;9893;14;;;9916;13;9918;22;;;9906.0;0.0
yf_ZW=F_d14;53900;INTARIAN_PEPPER_ROOT;10118;8;10115;26;;;10124;19;10128;17;;;10121.0;0.0
yf_ZW=F_d14;54000;ASH_COATED_OSMIUM;9904;16;9901;22;;;9910;15;9914;22;;;9907.0;0.0
yf_ZW=F_d14;54000;INTARIAN_PEPPER_ROOT;10119;12;10117;20;;;10125;14;10129;21;;;10122.0;0.0
yf_ZW=F_d14;54100;ASH_COATED_OSMIUM;9898;20;9895;29;;;9915;13;9918;22;;;9906.5;0.0
yf_ZW=F_d14;54100;INTARIAN_PEPPER_ROOT;10119;16;10117;19;;;10125;12;10128;11;;;10122.0;0.0
yf_ZW=F_d14;54200;ASH_COATED_OSMIUM;9905;11;9901;14;;;9911;24;9914;16;;;9908.0;0.0
yf_ZW=F_d14;54200;INTARIAN_PEPPER_ROOT;10120;15;10118;27;;;10126;9;10129;21;;;10123.0;0.0
yf_ZW=F_d14;54300;ASH_COATED_OSMIUM;9905;10;9903;20;;;9911;18;9914;18;;;9908.0;0.0
yf_ZW=F_d14;54300;INTARIAN_PEPPER_ROOT;10121;12;10119;27;;;10127;19;10129;19;;;10124.0;0.0
yf_ZW=F_d14;54400;ASH_COATED_OSMIUM;9901;17;9898;21;;;9913;14;9915;17;;;9907.0;0.0
yf_ZW=F_d14;54400;INTARIAN_PEPPER_ROOT;10122;13;10119;18;;;10128;20;10132;21;;;10125.0;0.0
yf_ZW=F_d14;54500;ASH_COATED_OSMIUM;9904;8;9901;33;;;9911;18;9915;15;;;9907.5;0.0
yf_ZW=F_d14;54500;INTARIAN_PEPPER_ROOT;10123;20;10120;18;;;10129;10;10131;10;;;10126.0;0.0
yf_ZW=F_d14;54600;ASH_COATED_OSMIUM;9904;13;9901;19;;;9910;16;9912;18;;;9907.0;0.0
yf_ZW=F_d14;54600;INTARIAN_PEPPER_ROOT;10122;12;10118;8;;;10132;15;10136;27;;;10127.0;0.0
yf_ZW=F_d14;54700;ASH_COATED_OSMIUM;9905;16;9903;13;;;9911;14;9913;22;;;9908.0;0.0
yf_ZW=F_d14;54700;INTARIAN_PEPPER_ROOT;10125;18;10122;24;;;10131;21;10133;9;;;10128.0;0.0
yf_ZW=F_d14;54800;ASH_COATED_OSMIUM;9905;17;9903;22;;;9911;11;9913;25;;;9908.0;0.0
yf_ZW=F_d14;54800;INTARIAN_PEPPER_ROOT;10126;18;10123;17;;;10132;16;10134;11;;;10129.0;0.0
yf_ZW=F_d14;54900;ASH_COATED_OSMIUM;9905;18;9902;26;;;9911;16;9913;10;;;9908.0;0.0
yf_ZW=F_d14;54900;INTARIAN_PEPPER_ROOT;10127;11;10124;20;;;10133;9;10136;27;;;10130.0;0.0
yf_ZW=F_d14;55000;ASH_COATED_OSMIUM;9905;8;9902;23;;;9911;18;9914;13;;;9908.0;0.0
yf_ZW=F_d14;55000;INTARIAN_PEPPER_ROOT;10123;26;10120;18;;;10140;19;10143;22;;;10131.5;0.0
yf_ZW=F_d14;55100;ASH_COATED_OSMIUM;9904;16;9902;16;;;9911;17;9913;18;;;9907.5;0.0
yf_ZW=F_d14;55100;INTARIAN_PEPPER_ROOT;10124;15;10120;20;;;10138;6;10142;35;;;10131.0;0.0
yf_ZW=F_d14;55200;ASH_COATED_OSMIUM;9891;13;9889;20;;;9924;24;9927;22;;;9907.5;0.0
yf_ZW=F_d14;55200;INTARIAN_PEPPER_ROOT;10130;14;10128;15;;;10136;17;10139;22;;;10133.0;0.0
yf_ZW=F_d14;55300;ASH_COATED_OSMIUM;9903;12;9901;18;;;9911;22;9915;23;;;9907.0;0.0
yf_ZW=F_d14;55300;INTARIAN_PEPPER_ROOT;10130;11;10126;15;;;10136;27;10139;16;;;10133.0;0.0
yf_ZW=F_d14;55400;ASH_COATED_OSMIUM;9905;10;9902;21;;;9911;8;9914;17;;;9908.0;0.0
yf_ZW=F_d14;55400;INTARIAN_PEPPER_ROOT;10132;19;10129;21;;;10138;8;10142;21;;;10135.0;0.0
yf_ZW=F_d14;55500;ASH_COATED_OSMIUM;9902;8;9898;27;;;9913;10;9917;20;;;9907.5;0.0
yf_ZW=F_d14;55500;INTARIAN_PEPPER_ROOT;10132;16;10129;19;;;10138;18;10140;18;;;10135.0;0.0
yf_ZW=F_d14;55600;ASH_COATED_OSMIUM;9905;17;9901;24;;;9911;7;9913;20;;;9908.0;0.0
yf_ZW=F_d14;55600;INTARIAN_PEPPER_ROOT;10125;15;10122;9;;;10148;25;10151;21;;;10136.5;0.0
yf_ZW=F_d14;55700;ASH_COATED_OSMIUM;9902;15;9900;23;;;9912;5;9914;16;;;9907.0;0.0
yf_ZW=F_d14;55700;INTARIAN_PEPPER_ROOT;10134;26;10130;13;;;10140;8;10142;27;;;10137.0;0.0
yf_ZW=F_d14;55800;ASH_COATED_OSMIUM;9900;16;9896;16;;;9916;20;9918;17;;;9908.0;0.0
yf_ZW=F_d14;55800;INTARIAN_PEPPER_ROOT;10135;17;10133;18;;;10141;16;10143;24;;;10138.0;0.0
yf_ZW=F_d14;55900;ASH_COATED_OSMIUM;9905;18;9901;14;;;9911;14;9915;18;;;9908.0;0.0
yf_ZW=F_d14;55900;INTARIAN_PEPPER_ROOT;10136;14;10133;19;;;10142;19;10146;17;;;10139.0;0.0
yf_ZW=F_d14;56000;ASH_COATED_OSMIUM;9905;11;9901;19;;;9911;18;9914;15;;;9908.0;0.0
yf_ZW=F_d14;56000;INTARIAN_PEPPER_ROOT;10137;6;10135;17;;;10143;12;10147;24;;;10140.0;0.0
yf_ZW=F_d14;56100;ASH_COATED_OSMIUM;9904;13;9900;13;;;9913;25;9917;20;;;9908.5;0.0
yf_ZW=F_d14;56100;INTARIAN_PEPPER_ROOT;10138;15;10135;17;;;10144;16;10148;16;;;10141.0;0.0
yf_ZW=F_d14;56200;ASH_COATED_OSMIUM;9904;18;9901;26;;;9911;6;9914;20;;;9907.5;0.0
yf_ZW=F_d14;56200;INTARIAN_PEPPER_ROOT;10139;9;10136;19;;;10145;18;10149;16;;;10142.0;0.0
yf_ZW=F_d14;56300;ASH_COATED_OSMIUM;9905;17;9901;10;;;9911;14;9915;27;;;9908.0;0.0
yf_ZW=F_d14;56300;INTARIAN_PEPPER_ROOT;10137;18;10135;25;;;10147;8;10150;21;;;10142.0;0.0
yf_ZW=F_d14;56400;ASH_COATED_OSMIUM;9902;14;9898;20;;;9913;12;9915;20;;;9907.5;0.0
yf_ZW=F_d14;56400;INTARIAN_PEPPER_ROOT;10138;20;10134;25;;;10149;18;10153;19;;;10143.5;0.0
yf_ZW=F_d14;56500;ASH_COATED_OSMIUM;9899;11;9895;22;;;9916;14;9920;24;;;9907.5;0.0
yf_ZW=F_d14;56500;INTARIAN_PEPPER_ROOT;10141;6;10139;16;;;10147;15;10150;18;;;10144.0;0.0
yf_ZW=F_d14;56600;ASH_COATED_OSMIUM;9905;15;9903;18;;;9911;20;9914;30;;;9908.0;0.0
yf_ZW=F_d14;56600;INTARIAN_PEPPER_ROOT;10142;21;10139;19;;;10148;5;10150;30;;;10145.0;0.0
yf_ZW=F_d14;56700;ASH_COATED_OSMIUM;9904;22;9900;13;;;9911;14;9914;19;;;9907.5;0.0
yf_ZW=F_d14;56700;INTARIAN_PEPPER_ROOT;10142;17;10139;14;;;10149;13;10153;21;;;10145.5;0.0
yf_ZW=F_d14;56800;ASH_COATED_OSMIUM;9898;18;9896;8;;;9918;11;9920;33;;;9908.0;0.0
yf_ZW=F_d14;56800;INTARIAN_PEPPER_ROOT;10141;19;10138;18;;;10152;26;10155;23;;;10146.5;0.0
yf_ZW=F_d14;56900;ASH_COATED_OSMIUM;9905;19;9901;18;;;9911;18;9914;24;;;9908.0;0.0
yf_ZW=F_d14;56900;INTARIAN_PEPPER_ROOT;10145;6;10141;13;;;10151;13;10153;16;;;10148.0;0.0
yf_ZW=F_d14;57000;ASH_COATED_OSMIUM;9905;10;9903;22;;;9911;14;9914;31;;;9908.0;0.0
yf_ZW=F_d14;57000;INTARIAN_PEPPER_ROOT;10144;5;10141;19;;;10154;5;10157;33;;;10149.0;0.0
yf_ZW=F_d14;57100;ASH_COATED_OSMIUM;9892;21;9888;19;;;9924;16;9926;26;;;9908.0;0.0
yf_ZW=F_d14;57100;INTARIAN_PEPPER_ROOT;10147;14;10144;21;;;10153;20;10157;14;;;10150.0;0.0
yf_ZW=F_d14;57200;ASH_COATED_OSMIUM;9905;19;9902;16;;;9911;16;9913;17;;;9908.0;0.0
yf_ZW=F_d14;57200;INTARIAN_PEPPER_ROOT;10139;13;10137;19;;;10160;16;10164;25;;;10149.5;0.0
yf_ZW=F_d14;57300;ASH_COATED_OSMIUM;9905;13;9902;19;;;9911;13;9915;20;;;9908.0;0.0
yf_ZW=F_d14;57300;INTARIAN_PEPPER_ROOT;10148;19;10144;29;;;10154;24;10158;22;;;10151.0;0.0
yf_ZW=F_d14;57400;ASH_COATED_OSMIUM;9906;19;9902;22;;;9912;11;9915;25;;;9909.0;0.0
yf_ZW=F_d14;57400;INTARIAN_PEPPER_ROOT;10149;5;10145;15;;;10156;16;10160;18;;;10152.5;0.0
yf_ZW=F_d14;57500;ASH_COATED_OSMIUM;9905;14;9901;16;;;9911;11;9915;21;;;9908.0;0.0
yf_ZW=F_d14;57500;INTARIAN_PEPPER_ROOT;10151;20;10147;15;;;10157;16;10160;24;;;10154.0;0.0
yf_ZW=F_d14;57600;ASH_COATED_OSMIUM;9904;16;9901;20;;;9911;15;9915;13;;;9907.5;0.0
yf_ZW=F_d14;57600;INTARIAN_PEPPER_ROOT;10148;19;10145;24;;;10160;24;10162;15;;;10154.0;0.0
yf_ZW=F_d14;57700;ASH_COATED_OSMIUM;9901;18;9898;18;;;9915;5;9918;10;;;9908.0;0.0
