day;timestamp;product;bid_price_1;bid_volume_1;bid_price_2;bid_volume_2;bid_price_3;bid_volume_3;ask_price_1;ask_volume_1;ask_price_2;ask_volume_2;ask_price_3;ask_volume_3;mid_price;profit_and_loss
yf_ADM_d7;0;ASH_COATED_OSMIUM;9912;16;9908;10;;;9918;17;9921;24;;;9915.0;0.0
yf_ADM_d7;0;INTARIAN_PEPPER_ROOT;11380;15;11377;12;;;11395;13;11398;27;;;11387.5;0.0
yf_ADM_d7;100;ASH_COATED_OSMIUM;9913;14;9910;19;;;9919;20;9923;23;;;9916.0;0.0
yf_ADM_d7;100;INTARIAN_PEPPER_ROOT;11385;15;11382;14;;;11391;13;11395;12;;;11388.0;0.0
yf_ADM_d7;200;ASH_COATED_OSMIUM;9913;18;9911;24;;;9919;11;9923;9;;;9916.0;0.0
yf_ADM_d7;200;INTARIAN_PEPPER_ROOT;11385;24;11383;18;;;11391;20;11393;8;;;11388.0;0.0
yf_ADM_d7;300;ASH_COATED_OSMIUM;9913;21;9910;19;;;9919;9;9922;20;;;9916.0;0.0
yf_ADM_d7;300;INTARIAN_PEPPER_ROOT;11385;20;11381;25;;;11391;19;11394;9;;;11388.0;0.0
yf_ADM_d7;400;ASH_COATED_OSMIUM;9913;23;9911;23;;;9919;6;9923;26;;;9916.0;0.0
yf_ADM_d7;400;INTARIAN_PEPPER_ROOT;11385;22;11381;18;;;11391;5;11394;31;;;11388.0;0.0
yf_ADM_d7;500;ASH_COATED_OSMIUM;9913;18;9910;16;;;9919;22;9922;23;;;9916.0;0.0
yf_ADM_d7;500;INTARIAN_PEPPER_ROOT;11385;10;11383;18;;;11391;15;11395;16;;;11388.0;0.0
yf_ADM_d7;600;ASH_COATED_OSMIUM;9914;20;9911;18;;;9920;18;9924;10;;;9917.0;0.0
yf_ADM_d7;600;INTARIAN_PEPPER_ROOT;11387;15;11383;11;;;11393;17;11397;16;;;11390.0;0.0
yf_ADM_d7;700;ASH_COATED_OSMIUM;9913;9;9909;20;;;9919;15;9922;25;;;9916.0;0.0
yf_ADM_d7;700;INTARIAN_PEPPER_ROOT;11387;14;11384;10;;;11393;13;11395;16;;;11390.0;0.0
yf_ADM_d7;800;ASH_COATED_OSMIUM;9913;18;9909;16;;;9919;22;9921;20;;;9916.0;0.0
yf_ADM_d7;800;INTARIAN_PEPPER_ROOT;11387;16;11385;25;;;11393;22;11397;20;;;11390.0;0.0
yf_ADM_d7;900;ASH_COATED_OSMIUM;9909;18;9906;18;;;9926;16;9930;23;;;9917.5;0.0
yf_ADM_d7;900;INTARIAN_PEPPER_ROOT;11385;17;11383;19;;;11396;16;11399;13;;;11390.5;0.0
yf_ADM_d7;1000;ASH_COATED_OSMIUM;9913;15;9909;17;;;9920;13;9922;17;;;9916.5;0.0
yf_ADM_d7;1000;INTARIAN_PEPPER_ROOT;11387;19;11384;17;;;11393;16;11395;17;;;11390.0;0.0
yf_ADM_d7;1100;ASH_COATED_OSMIUM;9910;14;9908;17;;;9923;17;9927;25;;;9916.5;0.0
yf_ADM_d7;1100;INTARIAN_PEPPER_ROOT;11387;18;11385;21;;;11395;13;11397;30;;;11391.0;0.0
yf_ADM_d7;1200;ASH_COATED_OSMIUM;9912;15;9908;19;;;9921;17;9924;17;;;9916.5;0.0
yf_ADM_d7;1200;INTARIAN_PEPPER_ROOT;11388;14;11384;17;;;11394;8;11398;17;;;11391.0;0.0
yf_ADM_d7;1300;ASH_COATED_OSMIUM;9911;15;9908;21;;;9923;10;9925;17;;;9917.0;0.0
yf_ADM_d7;1300;INTARIAN_PEPPER_ROOT;11387;22;11385;18;;;11393;16;11395;18;;;11390.0;0.0
yf_ADM_d7;1400;ASH_COATED_OSMIUM;9914;13;9912;9;;;9920;12;9922;16;;;9917.0;0.0
yf_ADM_d7;1400;INTARIAN_PEPPER_ROOT;11388;6;11384;27;;;11394;10;11396;28;;;11391.0;0.0
yf_ADM_d7;1500;ASH_COATED_OSMIUM;9914;8;9910;21;;;9920;10;9922;23;;;9917.0;0.0
yf_ADM_d7;1500;INTARIAN_PEPPER_ROOT;11388;6;11386;18;;;11394;12;11398;22;;;11391.0;0.0
yf_ADM_d7;1600;ASH_COATED_OSMIUM;9914;9;9912;14;;;9920;13;9924;19;;;9917.0;0.0
yf_ADM_d7;1600;INTARIAN_PEPPER_ROOT;11388;13;11385;19;;;11395;14;11399;20;;;11391.5;0.0
yf_ADM_d7;1700;ASH_COATED_OSMIUM;9914;10;9910;27;;;9920;25;9923;24;;;9917.0;0.0
yf_ADM_d7;1700;INTARIAN_PEPPER_ROOT;11389;23;11385;22;;;11395;9;11398;27;;;11392.0;0.0
yf_ADM_d7;1800;ASH_COATED_OSMIUM;9915;17;9913;18;;;9921;20;9924;26;;;9918.0;0.0
yf_ADM_d7;1800;INTARIAN_PEPPER_ROOT;11389;26;11385;31;;;11395;11;11398;14;;;11392.0;0.0
yf_ADM_d7;1900;ASH_COATED_OSMIUM;9915;16;9913;21;;;9921;7;9925;16;;;9918.0;0.0
yf_ADM_d7;1900;INTARIAN_PEPPER_ROOT;11381;16;11378;17;;;11405;11;11409;21;;;11393.0;0.0
yf_ADM_d7;2000;ASH_COATED_OSMIUM;9915;12;9911;24;;;9921;17;9924;26;;;9918.0;0.0
yf_ADM_d7;2000;INTARIAN_PEPPER_ROOT;11380;18;11377;17;;;11406;18;11409;18;;;11393.0;0.0
yf_ADM_d7;2100;ASH_COATED_OSMIUM;9915;16;9912;17;;;9921;22;9923;14;;;9918.0;0.0
yf_ADM_d7;2100;INTARIAN_PEPPER_ROOT;11390;18;11388;19;;;11396;12;11400;27;;;11393.0;0.0
yf_ADM_d7;2200;ASH_COATED_OSMIUM;9914;5;9911;16;;;9921;15;9923;18;;;9917.5;0.0
yf_ADM_d7;2200;INTARIAN_PEPPER_ROOT;11390;13;11387;23;;;11396;12;11400;10;;;11393.0;0.0
yf_ADM_d7;2300;ASH_COATED_OSMIUM;9911;21;9908;17;;;9924;10;9927;30;;;9917.5;0.0
yf_ADM_d7;2300;INTARIAN_PEPPER_ROOT;11378;11;11374;10;;;11408;17;11410;21;;;11393.0;0.0
yf_ADM_d7;2400;ASH_COATED_OSMIUM;9909;23;9906;22;;;9926;21;9929;18;;;9917.5;0.0
yf_ADM_d7;2400;INTARIAN_PEPPER_ROOT;11390;13;11386;21;;;11396;27;11400;19;;;11393.0;0.0
yf_ADM_d7;2500;ASH_COATED_OSMIUM;9915;17;9912;21;;;9921;16;9925;19;;;9918.0;0.0
yf_ADM_d7;2500;INTARIAN_PEPPER_ROOT;11388;23;11384;24;;;11400;8;11403;22;;;11394.0;0.0
yf_ADM_d7;2600;ASH_COATED_OSMIUM;9911;13;9909;23;;;9926;14;9930;24;;;9918.5;0.0
yf_ADM_d7;2600;INTARIAN_PEPPER_ROOT;11391;11;11388;22;;;11397;20;11400;27;;;11394.0;0.0
yf_ADM_d7;2700;ASH_COATED_OSMIUM;9908;12;9906;21;;;9929;14;9931;24;;;9918.5;0.0
yf_ADM_d7;2700;INTARIAN_PEPPER_ROOT;11392;8;11390;15;;;11398;14;11402;24;;;11395.0;0.0
yf_ADM_d7;2800;ASH_COATED_OSMIUM;9912;15;9908;17;;;9925;13;9928;22;;;9918.5;0.0
yf_ADM_d7;2800;INTARIAN_PEPPER_ROOT;11379;19;11375;26;;;11411;6;11413;20;;;11395.0;0.0
yf_ADM_d7;2900;ASH_COATED_OSMIUM;9914;18;9910;25;;;9924;14;9927;13;;;9919.0;0.0
yf_ADM_d7;2900;INTARIAN_PEPPER_ROOT;11392;7;11390;30;;;11398;16;11400;26;;;11395.0;0.0
yf_ADM_d7;3000;ASH_COATED_OSMIUM;9916;22;9912;12;;;9922;13;9924;17;;;9919.0;0.0
yf_ADM_d7;3000;INTARIAN_PEPPER_ROOT;11392;17;11389;28;;;11398;11;11400;11;;;11395.0;0.0
yf_ADM_d7;3100;ASH_COATED_OSMIUM;9915;15;9912;28;;;9922;13;9926;23;;;9918.5;0.0
yf_ADM_d7;3100;INTARIAN_PEPPER_ROOT;11388;17;11384;26;;;11403;14;11406;19;;;11395.5;0.0
yf_ADM_d7;3200;ASH_COATED_OSMIUM;9916;19;9913;25;;;9922;13;9926;23;;;9919.0;0.0
yf_ADM_d7;3200;INTARIAN_PEPPER_ROOT;11393;14;11391;20;;;11399;11;11403;21;;;11396.0;0.0
yf_ADM_d7;3300;ASH_COATED_OSMIUM;9907;16;9904;20;;;9931;12;9935;23;;;9919.0;0.0
yf_ADM_d7;3300;INTARIAN_PEPPER_ROOT;11393;11;11390;28;;;11399;15;11403;11;;;11396.0;0.0
yf_ADM_d7;3400;ASH_COATED_OSMIUM;9916;15;9912;12;;;9922;13;9925;18;;;9919.0;0.0
yf_ADM_d7;3400;INTARIAN_PEPPER_ROOT;11394;20;11392;16;;;11400;9;11402;15;;;11397.0;0.0
yf_ADM_d7;3500;ASH_COATED_OSMIUM;9916;24;9912;14;;;9922;13;9925;22;;;9919.0;0.0
yf_ADM_d7;3500;INTARIAN_PEPPER_ROOT;11391;8;11388;11;;;11401;14;11404;13;;;11396.0;0.0
yf_ADM_d7;3600;ASH_COATED_OSMIUM;9907;19;9903;23;;;9932;22;9934;21;;;9919.5;0.0
yf_ADM_d7;3600;INTARIAN_PEPPER_ROOT;11384;13;11382;20;;;11410;10;11412;24;;;11397.0;0.0
yf_ADM_d7;3700;ASH_COATED_OSMIUM;9916;20;9913;15;;;9922;9;9926;23;;;9919.0;0.0
yf_ADM_d7;3700;INTARIAN_PEPPER_ROOT;11394;21;11392;17;;;11400;13;11402;17;;;11397.0;0.0
yf_ADM_d7;3800;ASH_COATED_OSMIUM;9916;5;9914;25;;;9922;15;9926;18;;;9919.0;0.0
yf_ADM_d7;3800;INTARIAN_PEPPER_ROOT;11390;22;11388;15;;;11405;11;11408;9;;;11397.5;0.0
yf_ADM_d7;3900;ASH_COATED_OSMIUM;9911;11;9908;24;;;9929;14;9933;22;;;9920.0;0.0
yf_ADM_d7;3900;INTARIAN_PEPPER_ROOT;11393;17;11391;28;;;11403;23;11406;17;;;11398.0;0.0
yf_ADM_d7;4000;ASH_COATED_OSMIUM;9917;10;9913;17;;;9923;10;9926;18;;;9920.0;0.0
yf_ADM_d7;4000;INTARIAN_PEPPER_ROOT;11390;16;11386;14;;;11406;20;11409;23;;;11398.0;0.0
yf_ADM_d7;4100;ASH_COATED_OSMIUM;9917;11;9915;22;;;9923;15;9927;24;;;9920.0;0.0
yf_ADM_d7;4100;INTARIAN_PEPPER_ROOT;11396;6;11392;16;;;11402;11;11405;21;;;11399.0;0.0
yf_ADM_d7;4200;ASH_COATED_OSMIUM;9917;19;9914;18;;;9923;13;9925;22;;;9920.0;0.0
yf_ADM_d7;4200;INTARIAN_PEPPER_ROOT;11395;20;11391;16;;;11401;12;11404;13;;;11398.0;0.0
yf_ADM_d7;4300;ASH_COATED_OSMIUM;9917;13;9915;25;;;9923;12;9925;18;;;9920.0;0.0
yf_ADM_d7;4300;INTARIAN_PEPPER_ROOT;11388;13;11386;14;;;11410;15;11414;17;;;11399.0;0.0
yf_ADM_d7;4400;ASH_COATED_OSMIUM;9915;14;9911;22;;;9925;9;9929;14;;;9920.0;0.0
yf_ADM_d7;4400;INTARIAN_PEPPER_ROOT;11393;13;11391;19;;;11403;11;11405;16;;;11398.0;0.0
yf_ADM_d7;4500;ASH_COATED_OSMIUM;9917;15;9914;24;;;9923;18;9925;22;;;9920.0;0.0
yf_ADM_d7;4500;INTARIAN_PEPPER_ROOT;11396;19;11393;17;;;11402;16;11405;15;;;11399.0;0.0
yf_ADM_d7;4600;ASH_COATED_OSMIUM;9901;13;9899;23;;;9941;7;9945;19;;;9921.0;0.0
yf_ADM_d7;4600;INTARIAN_PEPPER_ROOT;11396;11;11394;17;;;11402;19;11404;16;;;11399.0;0.0
yf_ADM_d7;4700;ASH_COATED_OSMIUM;9916;10;9913;10;;;9923;9;9926;21;;;9919.5;0.0
yf_ADM_d7;4700;INTARIAN_PEPPER_ROOT;11396;10;11393;20;;;11402;5;11406;19;;;11399.0;0.0
yf_ADM_d7;4800;ASH_COATED_OSMIUM;9917;22;9913;15;;;9923;15;9926;10;;;9920.0;0.0
yf_ADM_d7;4800;INTARIAN_PEPPER_ROOT;11397;16;11395;23;;;11403;12;11407;16;;;11400.0;0.0
yf_ADM_d7;4900;ASH_COATED_OSMIUM;9917;13;9915;21;;;9923;12;9925;15;;;9920.0;0.0
yf_ADM_d7;4900;INTARIAN_PEPPER_ROOT;11391;18;11388;25;;;11410;7;11414;21;;;11400.5;0.0
yf_ADM_d7;5000;ASH_COATED_OSMIUM;9917;26;9915;22;;;9925;19;9927;13;;;9921.0;0.0
yf_ADM_d7;5000;INTARIAN_PEPPER_ROOT;11397;7;11395;18;;;11404;9;11406;16;;;11400.5;0.0
yf_ADM_d7;5100;ASH_COATED_OSMIUM;9913;9;9910;26;;;9928;17;9932;26;;;9920.5;0.0
yf_ADM_d7;5100;INTARIAN_PEPPER_ROOT;11397;11;11393;16;;;11403;26;11407;23;;;11400.0;0.0
yf_ADM_d7;5200;ASH_COATED_OSMIUM;9918;13;9914;17;;;9924;8;9928;16;;;9921.0;0.0
yf_ADM_d7;5200;INTARIAN_PEPPER_ROOT;11395;17;11393;24;;;11406;15;11410;24;;;11400.5;0.0
yf_ADM_d7;5300;ASH_COATED_OSMIUM;9918;26;9915;18;;;9924;18;9927;20;;;9921.0;0.0
yf_ADM_d7;5300;INTARIAN_PEPPER_ROOT;11398;10;11396;15;;;11404;14;11408;19;;;11401.0;0.0
yf_ADM_d7;5400;ASH_COATED_OSMIUM;9917;13;9914;24;;;9925;10;9929;19;;;9921.0;0.0
yf_ADM_d7;5400;INTARIAN_PEPPER_ROOT;11399;10;11397;13;;;11405;19;11409;17;;;11402.0;0.0
yf_ADM_d7;5500;ASH_COATED_OSMIUM;9891;12;9888;15;;;9952;16;9955;18;;;9921.5;0.0
yf_ADM_d7;5500;INTARIAN_PEPPER_ROOT;11394;12;11391;17;;;11409;21;11411;17;;;11401.5;0.0
yf_ADM_d7;5600;ASH_COATED_OSMIUM;9918;15;9915;20;;;9924;5;9927;23;;;9921.0;0.0
yf_ADM_d7;5600;INTARIAN_PEPPER_ROOT;11398;15;11396;25;;;11404;20;11407;29;;;11401.0;0.0
yf_ADM_d7;5700;ASH_COATED_OSMIUM;9918;22;9916;22;;;9924;13;9928;16;;;9921.0;0.0
yf_ADM_d7;5700;INTARIAN_PEPPER_ROOT;11397;13;11393;28;;;11408;20;11411;15;;;11402.5;0.0
yf_ADM_d7;5800;ASH_COATED_OSMIUM;9918;22;9916;20;;;9924;10;9928;13;;;9921.0;0.0
yf_ADM_d7;5800;INTARIAN_PEPPER_ROOT;11400;11;11398;14;;;11406;13;11409;22;;;11403.0;0.0
yf_ADM_d7;5900;ASH_COATED_OSMIUM;9918;9;9915;33;;;9925;16;9929;15;;;9921.5;0.0
yf_ADM_d7;5900;INTARIAN_PEPPER_ROOT;11400;18;11397;18;;;11406;13;11409;21;;;11403.0;0.0
yf_ADM_d7;6000;ASH_COATED_OSMIUM;9916;6;9914;10;;;9927;13;9929;17;;;9921.5;0.0
yf_ADM_d7;6000;INTARIAN_PEPPER_ROOT;11400;16;11398;22;;;11406;12;11410;15;;;11403.0;0.0
yf_ADM_d7;6100;ASH_COATED_OSMIUM;9918;12;9915;21;;;9924;7;9927;20;;;9921.0;0.0
yf_ADM_d7;6100;INTARIAN_PEPPER_ROOT;11400;12;11398;24;;;11406;22;11410;19;;;11403.0;0.0
yf_ADM_d7;6200;ASH_COATED_OSMIUM;9911;15;9907;10;;;9933;23;9937;10;;;9922.0;0.0
yf_ADM_d7;6200;INTARIAN_PEPPER_ROOT;11400;17;11396;16;;;11406;19;11410;28;;;11403.0;0.0
yf_ADM_d7;6300;ASH_COATED_OSMIUM;9920;18;9917;18;;;9926;12;9930;27;;;9923.0;0.0
yf_ADM_d7;6300;INTARIAN_PEPPER_ROOT;11401;6;11399;14;;;11407;16;11410;26;;;11404.0;0.0
yf_ADM_d7;6400;ASH_COATED_OSMIUM;9919;12;9916;26;;;9925;15;9928;23;;;9922.0;0.0
yf_ADM_d7;6400;INTARIAN_PEPPER_ROOT;11401;13;11398;21;;;11407;15;11410;11;;;11404.0;0.0
yf_ADM_d7;6500;ASH_COATED_OSMIUM;9919;15;9916;11;;;9925;8;9927;20;;;9922.0;0.0
yf_ADM_d7;6500;INTARIAN_PEPPER_ROOT;11397;13;11393;14;;;11411;19;11413;23;;;11404.0;0.0
yf_ADM_d7;6600;ASH_COATED_OSMIUM;9916;13;9914;23;;;9929;8;9933;13;;;9922.5;0.0
yf_ADM_d7;6600;INTARIAN_PEPPER_ROOT;11401;13;11399;21;;;11408;19;11410;22;;;11404.5;0.0
yf_ADM_d7;6700;ASH_COATED_OSMIUM;9918;14;9915;24;;;9926;15;9930;13;;;9922.0;0.0
yf_ADM_d7;6700;INTARIAN_PEPPER_ROOT;11398;10;11395;21;;;11412;7;11414;21;;;11405.0;0.0
yf_ADM_d7;6800;ASH_COATED_OSMIUM;9920;18;9916;20;;;9926;10;9929;23;;;9923.0;0.0
yf_ADM_d7;6800;INTARIAN_PEPPER_ROOT;11400;12;11396;17;;;11411;11;11413;14;;;11405.5;0.0
yf_ADM_d7;6900;ASH_COATED_OSMIUM;9918;15;9915;13;;;9928;15;9930;25;;;9923.0;0.0
yf_ADM_d7;6900;INTARIAN_PEPPER_ROOT;11398;14;11396;23;;;11413;5;11417;13;;;11405.5;0.0
yf_ADM_d7;7000;ASH_COATED_OSMIUM;9916;14;9914;17;;;9929;17;9933;14;;;9922.5;0.0
yf_ADM_d7;7000;INTARIAN_PEPPER_ROOT;11403;18;11401;20;;;11409;19;11411;24;;;11406.0;0.0
yf_ADM_d7;7100;ASH_COATED_OSMIUM;9916;11;9912;13;;;9931;14;9933;18;;;9923.5;0.0
yf_ADM_d7;7100;INTARIAN_PEPPER_ROOT;11403;27;11399;29;;;11409;14;11412;28;;;11406.0;0.0
yf_ADM_d7;7200;ASH_COATED_OSMIUM;9920;18;9916;17;;;9926;14;9928;26;;;9923.0;0.0
yf_ADM_d7;7200;INTARIAN_PEPPER_ROOT;11401;13;11399;16;;;11412;11;11416;20;;;11406.5;0.0
yf_ADM_d7;7300;ASH_COATED_OSMIUM;9920;12;9916;13;;;9926;9;9930;10;;;9923.0;0.0
yf_ADM_d7;7300;INTARIAN_PEPPER_ROOT;11385;25;11383;27;;;11428;17;11430;23;;;11406.5;0.0
yf_ADM_d7;7400;ASH_COATED_OSMIUM;9920;17;9918;24;;;9926;13;9928;20;;;9923.0;0.0
yf_ADM_d7;7400;INTARIAN_PEPPER_ROOT;11396;10;11394;23;;;11417;12;11420;17;;;11406.5;0.0
yf_ADM_d7;7500;ASH_COATED_OSMIUM;9920;13;9916;17;;;9926;14;9928;24;;;9923.0;0.0
yf_ADM_d7;7500;INTARIAN_PEPPER_ROOT;11396;18;11394;14;;;11416;25;11420;18;;;11406.0;0.0
yf_ADM_d7;7600;ASH_COATED_OSMIUM;9920;15;9916;17;;;9926;19;9930;21;;;9923.0;0.0
yf_ADM_d7;7600;INTARIAN_PEPPER_ROOT;11405;13;11401;17;;;11411;5;11414;15;;;11408.0;0.0
yf_ADM_d7;7700;ASH_COATED_OSMIUM;9920;14;9918;20;;;9926;9;9928;20;;;9923.0;0.0
yf_ADM_d7;7700;INTARIAN_PEPPER_ROOT;11405;12;11403;25;;;11411;20;11413;17;;;11408.0;0.0
yf_ADM_d7;7800;ASH_COATED_OSMIUM;9917;8;9913;21;;;9930;16;9934;20;;;9923.5;0.0
yf_ADM_d7;7800;INTARIAN_PEPPER_ROOT;11405;19;11403;25;;;11411;22;11413;19;;;11408.0;0.0
yf_ADM_d7;7900;ASH_COATED_OSMIUM;9921;6;9917;25;;;9927;10;9929;24;;;9924.0;0.0
yf_ADM_d7;7900;INTARIAN_PEPPER_ROOT;11397;10;11393;13;;;11418;14;11421;15;;;11407.5;0.0
yf_ADM_d7;8000;ASH_COATED_OSMIUM;9921;16;9917;16;;;9927;9;9930;17;;;9924.0;0.0
yf_ADM_d7;8000;INTARIAN_PEPPER_ROOT;11405;13;11402;19;;;11411;13;11413;22;;;11408.0;0.0
yf_ADM_d7;8100;ASH_COATED_OSMIUM;9920;12;9918;24;;;9926;12;9929;17;;;9923.0;0.0
yf_ADM_d7;8100;INTARIAN_PEPPER_ROOT;11405;7;11403;15;;;11413;17;11416;15;;;11409.0;0.0
yf_ADM_d7;8200;ASH_COATED_OSMIUM;9921;21;9917;17;;;9927;18;9930;30;;;9924.0;0.0
yf_ADM_d7;8200;INTARIAN_PEPPER_ROOT;11406;12;11404;26;;;11413;16;11415;22;;;11409.5;0.0
yf_ADM_d7;8300;ASH_COATED_OSMIUM;9921;16;9917;18;;;9927;18;9931;19;;;9924.0;0.0
yf_ADM_d7;8300;INTARIAN_PEPPER_ROOT;11402;14;11398;11;;;11417;7;11421;11;;;11409.5;0.0
yf_ADM_d7;8400;ASH_COATED_OSMIUM;9921;17;9918;24;;;9927;16;9929;22;;;9924.0;0.0
yf_ADM_d7;8400;INTARIAN_PEPPER_ROOT;11406;12;11402;22;;;11412;13;11414;30;;;11409.0;0.0
yf_ADM_d7;8500;ASH_COATED_OSMIUM;9921;17;9919;20;;;9927;16;9930;25;;;9924.0;0.0
yf_ADM_d7;8500;INTARIAN_PEPPER_ROOT;11406;30;11403;19;;;11412;17;11415;15;;;11409.0;0.0
yf_ADM_d7;8600;ASH_COATED_OSMIUM;9921;17;9917;14;;;9927;14;9931;13;;;9924.0;0.0
yf_ADM_d7;8600;INTARIAN_PEPPER_ROOT;11402;28;11399;25;;;11417;17;11421;21;;;11409.5;0.0
yf_ADM_d7;8700;ASH_COATED_OSMIUM;9921;19;9918;23;;;9927;8;9931;18;;;9924.0;0.0
yf_ADM_d7;8700;INTARIAN_PEPPER_ROOT;11406;17;11402;14;;;11413;9;11415;32;;;11409.5;0.0
yf_ADM_d7;8800;ASH_COATED_OSMIUM;9921;15;9919;17;;;9927;21;9930;25;;;9924.0;0.0
yf_ADM_d7;8800;INTARIAN_PEPPER_ROOT;11407;24;11403;27;;;11413;15;11416;19;;;11410.0;0.0
yf_ADM_d7;8900;ASH_COATED_OSMIUM;9921;9;9917;22;;;9928;11;9932;21;;;9924.5;0.0
yf_ADM_d7;8900;INTARIAN_PEPPER_ROOT;11407;18;11405;24;;;11413;21;11416;17;;;11410.0;0.0
yf_ADM_d7;9000;ASH_COATED_OSMIUM;9922;5;9920;14;;;9928;9;9930;22;;;9925.0;0.0
yf_ADM_d7;9000;INTARIAN_PEPPER_ROOT;11408;6;11405;20;;;11414;23;11417;22;;;11411.0;0.0
yf_ADM_d7;9100;ASH_COATED_OSMIUM;9922;17;9918;12;;;9928;15;9931;23;;;9925.0;0.0
yf_ADM_d7;9100;INTARIAN_PEPPER_ROOT;11408;20;11404;27;;;11414;15;11417;24;;;11411.0;0.0
yf_ADM_d7;9200;ASH_COATED_OSMIUM;9920;12;9916;20;;;9929;15;9932;21;;;9924.5;0.0
yf_ADM_d7;9200;INTARIAN_PEPPER_ROOT;11408;13;11404;12;;;11414;13;11418;20;;;11411.0;0.0
yf_ADM_d7;9300;ASH_COATED_OSMIUM;9922;14;9918;23;;;9928;21;9932;22;;;9925.0;0.0
yf_ADM_d7;9300;INTARIAN_PEPPER_ROOT;11409;18;11406;18;;;11415;14;11417;16;;;11412.0;0.0
yf_ADM_d7;9400;ASH_COATED_OSMIUM;9922;14;9919;20;;;9928;23;9930;13;;;9925.0;0.0
yf_ADM_d7;9400;INTARIAN_PEPPER_ROOT;11402;10;11398;27;;;11421;16;11423;18;;;11411.5;0.0
yf_ADM_d7;9500;ASH_COATED_OSMIUM;9922;10;9918;12;;;9928;17;9932;18;;;9925.0;0.0
yf_ADM_d7;9500;INTARIAN_PEPPER_ROOT;11399;19;11397;24;;;11424;19;11427;21;;;11411.5;0.0
yf_ADM_d7;9600;ASH_COATED_OSMIUM;9922;19;9919;18;;;9928;10;9932;27;;;9925.0;0.0
yf_ADM_d7;9600;INTARIAN_PEPPER_ROOT;11409;12;11407;23;;;11415;15;11419;12;;;11412.0;0.0
yf_ADM_d7;9700;ASH_COATED_OSMIUM;9922;6;9918;19;;;9929;17;9933;14;;;9925.5;0.0
yf_ADM_d7;9700;INTARIAN_PEPPER_ROOT;11410;15;11408;21;;;11416;19;11418;22;;;11413.0;0.0
yf_ADM_d7;9800;ASH_COATED_OSMIUM;9921;15;9917;15;;;9929;5;9932;21;;;9925.0;0.0
yf_ADM_d7;9800;INTARIAN_PEPPER_ROOT;11410;15;11407;19;;;11416;20;11418;12;;;11413.0;0.0
yf_ADM_d7;9900;ASH_COATED_OSMIUM;9923;14;9919;13;;;9929;9;9933;18;;;9926.0;0.0
yf_ADM_d7;9900;INTARIAN_PEPPER_ROOT;11409;10;11406;15;;;11417;21;11420;19;;;11413.0;0.0
yf_ADM_d7;10000;ASH_COATED_OSMIUM;9917;13;9913;19;;;9934;11;9937;16;;;9925.5;0.0
yf_ADM_d7;10000;INTARIAN_PEPPER_ROOT;11408;10;11404;27;;;11420;10;11423;20;;;11414.0;0.0
yf_ADM_d7;10100;ASH_COATED_OSMIUM;9923;17;9921;24;;;9930;19;9934;24;;;9926.5;0.0
yf_ADM_d7;10100;INTARIAN_PEPPER_ROOT;11407;9;11404;16;;;11420;15;11423;24;;;11413.5;0.0
yf_ADM_d7;10200;ASH_COATED_OSMIUM;9923;16;9921;25;;;9929;17;9932;18;;;9926.0;0.0
yf_ADM_d7;10200;INTARIAN_PEPPER_ROOT;11411;11;11408;19;;;11417;12;11421;17;;;11414.0;0.0
yf_ADM_d7;10300;ASH_COATED_OSMIUM;9908;17;9904;18;;;9944;18;9947;15;;;9926.0;0.0
yf_ADM_d7;10300;INTARIAN_PEPPER_ROOT;11411;14;11408;24;;;11417;6;11420;14;;;11414.0;0.0
yf_ADM_d7;10400;ASH_COATED_OSMIUM;9923;13;9919;17;;;9929;12;9933;21;;;9926.0;0.0
yf_ADM_d7;10400;INTARIAN_PEPPER_ROOT;11411;8;11408;19;;;11418;19;11422;22;;;11414.5;0.0
yf_ADM_d7;10500;ASH_COATED_OSMIUM;9923;12;9920;25;;;9929;7;9933;23;;;9926.0;0.0
yf_ADM_d7;10500;INTARIAN_PEPPER_ROOT;11411;11;11409;8;;;11417;18;11419;26;;;11414.0;0.0
yf_ADM_d7;10600;ASH_COATED_OSMIUM;9921;9;9918;14;;;9931;18;9934;12;;;9926.0;0.0
yf_ADM_d7;10600;INTARIAN_PEPPER_ROOT;11411;15;11409;13;;;11419;8;11423;21;;;11415.0;0.0
yf_ADM_d7;10700;ASH_COATED_OSMIUM;9923;9;9920;17;;;9929;12;9932;28;;;9926.0;0.0
yf_ADM_d7;10700;INTARIAN_PEPPER_ROOT;11410;8;11408;22;;;11420;18;11422;16;;;11415.0;0.0
yf_ADM_d7;10800;ASH_COATED_OSMIUM;9915;14;9912;13;;;9937;16;9939;16;;;9926.0;0.0
yf_ADM_d7;10800;INTARIAN_PEPPER_ROOT;11413;15;11409;22;;;11419;23;11422;14;;;11416.0;0.0
yf_ADM_d7;10900;ASH_COATED_OSMIUM;9923;22;9919;21;;;9929;11;9931;22;;;9926.0;0.0
yf_ADM_d7;10900;INTARIAN_PEPPER_ROOT;11413;21;11411;17;;;11419;20;11421;20;;;11416.0;0.0
yf_ADM_d7;11000;ASH_COATED_OSMIUM;9921;14;9918;22;;;9932;17;9936;13;;;9926.5;0.0
yf_ADM_d7;11000;INTARIAN_PEPPER_ROOT;11412;20;11409;22;;;11420;19;11423;18;;;11416.0;0.0
yf_ADM_d7;11100;ASH_COATED_OSMIUM;9924;7;9921;25;;;9930;18;9933;27;;;9927.0;0.0
yf_ADM_d7;11100;INTARIAN_PEPPER_ROOT;11411;15;11408;16;;;11421;10;11424;20;;;11416.0;0.0
yf_ADM_d7;11200;ASH_COATED_OSMIUM;9924;13;9922;13;;;9930;18;9933;28;;;9927.0;0.0
yf_ADM_d7;11200;INTARIAN_PEPPER_ROOT;11414;16;11412;16;;;11420;13;11423;12;;;11417.0;0.0
yf_ADM_d7;11300;ASH_COATED_OSMIUM;9919;16;9915;21;;;9935;19;9939;17;;;9927.0;0.0
yf_ADM_d7;11300;INTARIAN_PEPPER_ROOT;11414;20;11411;20;;;11420;18;11422;10;;;11417.0;0.0
yf_ADM_d7;11400;ASH_COATED_OSMIUM;9924;13;9922;20;;;9930;16;9934;23;;;9927.0;0.0
yf_ADM_d7;11400;INTARIAN_PEPPER_ROOT;11410;16;11406;23;;;11425;7;11428;17;;;11417.5;0.0
yf_ADM_d7;11500;ASH_COATED_OSMIUM;9925;17;9921;22;;;9931;9;9933;20;;;9928.0;0.0
yf_ADM_d7;11500;INTARIAN_PEPPER_ROOT;11397;15;11395;15;;;11438;22;11440;28;;;11417.5;0.0
yf_ADM_d7;11600;ASH_COATED_OSMIUM;9911;10;9907;17;;;9944;16;9947;14;;;9927.5;0.0
yf_ADM_d7;11600;INTARIAN_PEPPER_ROOT;11415;20;11411;23;;;11421;24;11424;17;;;11418.0;0.0
yf_ADM_d7;11700;ASH_COATED_OSMIUM;9923;9;9919;13;;;9932;13;9934;16;;;9927.5;0.0
yf_ADM_d7;11700;INTARIAN_PEPPER_ROOT;11415;13;11412;19;;;11421;13;11423;19;;;11418.0;0.0
yf_ADM_d7;11800;ASH_COATED_OSMIUM;9924;15;9921;20;;;9930;5;9932;17;;;9927.0;0.0
yf_ADM_d7;11800;INTARIAN_PEPPER_ROOT;11413;18;11409;15;;;11424;15;11428;14;;;11418.5;0.0
yf_ADM_d7;11900;ASH_COATED_OSMIUM;9925;15;9921;12;;;9931;19;9935;26;;;9928.0;0.0
yf_ADM_d7;11900;INTARIAN_PEPPER_ROOT;11403;19;11401;23;;;11432;14;11435;20;;;11417.5;0.0
yf_ADM_d7;12000;ASH_COATED_OSMIUM;9924;18;9921;22;;;9930;8;9933;11;;;9927.0;0.0
yf_ADM_d7;12000;INTARIAN_PEPPER_ROOT;11415;9;11413;19;;;11421;25;11424;21;;;11418.0;0.0
yf_ADM_d7;12100;ASH_COATED_OSMIUM;9924;18;9921;22;;;9932;16;9936;20;;;9928.0;0.0
yf_ADM_d7;12100;INTARIAN_PEPPER_ROOT;11416;18;11413;24;;;11422;13;11426;22;;;11419.0;0.0
yf_ADM_d7;12200;ASH_COATED_OSMIUM;9922;14;9920;29;;;9933;20;9935;16;;;9927.5;0.0
yf_ADM_d7;12200;INTARIAN_PEPPER_ROOT;11413;13;11411;22;;;11427;9;11429;14;;;11420.0;0.0
yf_ADM_d7;12300;ASH_COATED_OSMIUM;9921;9;9918;23;;;9935;17;9938;16;;;9928.0;0.0
yf_ADM_d7;12300;INTARIAN_PEPPER_ROOT;11417;22;11415;20;;;11423;8;11425;21;;;11420.0;0.0
yf_ADM_d7;12400;ASH_COATED_OSMIUM;9925;17;9923;15;;;9931;9;9935;21;;;9928.0;0.0
yf_ADM_d7;12400;INTARIAN_PEPPER_ROOT;11417;15;11415;10;;;11423;25;11427;20;;;11420.0;0.0
yf_ADM_d7;12500;ASH_COATED_OSMIUM;9925;6;9921;27;;;9931;15;9934;15;;;9928.0;0.0
yf_ADM_d7;12500;INTARIAN_PEPPER_ROOT;11416;19;11414;22;;;11425;18;11427;15;;;11420.5;0.0
yf_ADM_d7;12600;ASH_COATED_OSMIUM;9925;9;9921;18;;;9931;11;9934;21;;;9928.0;0.0
yf_ADM_d7;12600;INTARIAN_PEPPER_ROOT;11417;12;11414;26;;;11423;20;11427;17;;;11420.0;0.0
yf_ADM_d7;12700;ASH_COATED_OSMIUM;9925;14;9921;24;;;9931;15;9934;19;;;9928.0;0.0
yf_ADM_d7;12700;INTARIAN_PEPPER_ROOT;11409;6;11406;21;;;11431;13;11433;22;;;11420.0;0.0
yf_ADM_d7;12800;ASH_COATED_OSMIUM;9924;17;9920;19;;;9933;15;9936;16;;;9928.5;0.0
yf_ADM_d7;12800;INTARIAN_PEPPER_ROOT;11418;10;11416;15;;;11424;6;11428;28;;;11421.0;0.0
yf_ADM_d7;12900;ASH_COATED_OSMIUM;9925;21;9922;18;;;9931;6;9934;17;;;9928.0;0.0
yf_ADM_d7;12900;INTARIAN_PEPPER_ROOT;11413;12;11411;20;;;11427;17;11431;24;;;11420.0;0.0
yf_ADM_d7;13000;ASH_COATED_OSMIUM;9925;14;9922;24;;;9931;10;9934;17;;;9928.0;0.0
yf_ADM_d7;13000;INTARIAN_PEPPER_ROOT;11418;14;11416;16;;;11424;11;11428;24;;;11421.0;0.0
yf_ADM_d7;13100;ASH_COATED_OSMIUM;9921;18;9919;19;;;9937;8;9940;20;;;9929.0;0.0
yf_ADM_d7;13100;INTARIAN_PEPPER_ROOT;11418;11;11415;19;;;11424;19;11426;11;;;11421.0;0.0
yf_ADM_d7;13200;ASH_COATED_OSMIUM;9916;9;9912;23;;;9941;12;9944;21;;;9928.5;0.0
yf_ADM_d7;13200;INTARIAN_PEPPER_ROOT;11419;5;11415;11;;;11425;15;11428;21;;;11422.0;0.0
yf_ADM_d7;13300;ASH_COATED_OSMIUM;9926;14;9924;16;;;9932;17;9936;18;;;9929.0;0.0
yf_ADM_d7;13300;INTARIAN_PEPPER_ROOT;11419;18;11416;24;;;11425;22;11428;25;;;11422.0;0.0
yf_ADM_d7;13400;ASH_COATED_OSMIUM;9926;17;9923;8;;;9932;14;9936;18;;;9929.0;0.0
yf_ADM_d7;13400;INTARIAN_PEPPER_ROOT;11417;6;11414;20;;;11428;13;11431;18;;;11422.5;0.0
yf_ADM_d7;13500;ASH_COATED_OSMIUM;9915;13;9912;21;;;9943;6;9945;20;;;9929.0;0.0
yf_ADM_d7;13500;INTARIAN_PEPPER_ROOT;11418;11;11414;35;;;11428;17;11432;18;;;11423.0;0.0
yf_ADM_d7;13600;ASH_COATED_OSMIUM;9920;19;9917;14;;;9937;12;9940;17;;;9928.5;0.0
yf_ADM_d7;13600;INTARIAN_PEPPER_ROOT;11416;10;11412;20;;;11429;5;11433;20;;;11422.5;0.0
yf_ADM_d7;13700;ASH_COATED_OSMIUM;9926;18;9922;15;;;9933;14;9935;30;;;9929.5;0.0
yf_ADM_d7;13700;INTARIAN_PEPPER_ROOT;11420;14;11418;18;;;11426;18;11428;13;;;11423.0;0.0
yf_ADM_d7;13800;ASH_COATED_OSMIUM;9927;17;9923;16;;;9933;20;9937;12;;;9930.0;0.0
yf_ADM_d7;13800;INTARIAN_PEPPER_ROOT;11420;18;11416;17;;;11427;18;11430;8;;;11423.5;0.0
yf_ADM_d7;13900;ASH_COATED_OSMIUM;9925;17;9923;26;;;9933;11;9937;16;;;9929.0;0.0
yf_ADM_d7;13900;INTARIAN_PEPPER_ROOT;11420;16;11418;9;;;11426;18;11428;14;;;11423.0;0.0
yf_ADM_d7;14000;ASH_COATED_OSMIUM;9926;27;9924;22;;;9932;26;9934;24;;;9929.0;0.0
yf_ADM_d7;14000;INTARIAN_PEPPER_ROOT;11420;14;11417;19;;;11426;17;11428;19;;;11423.0;0.0
yf_ADM_d7;14100;ASH_COATED_OSMIUM;9924;16;9922;28;;;9934;7;9936;19;;;9929.0;0.0
yf_ADM_d7;14100;INTARIAN_PEPPER_ROOT;11421;7;11417;16;;;11427;13;11431;10;;;11424.0;0.0
yf_ADM_d7;14200;ASH_COATED_OSMIUM;9927;13;9925;8;;;9933;7;9935;23;;;9930.0;0.0
yf_ADM_d7;14200;INTARIAN_PEPPER_ROOT;11422;13;11418;20;;;11428;14;11430;12;;;11425.0;0.0
yf_ADM_d7;14300;ASH_COATED_OSMIUM;9923;9;9921;17;;;9937;8;9941;26;;;9930.0;0.0
yf_ADM_d7;14300;INTARIAN_PEPPER_ROOT;11421;14;11417;27;;;11427;14;11431;17;;;11424.0;0.0
yf_ADM_d7;14400;ASH_COATED_OSMIUM;9927;12;9925;27;;;9933;21;9937;23;;;9930.0;0.0
yf_ADM_d7;14400;INTARIAN_PEPPER_ROOT;11419;17;11417;18;;;11430;20;11433;12;;;11424.5;0.0
yf_ADM_d7;14500;ASH_COATED_OSMIUM;9920;13;9917;14;;;9940;12;9942;20;;;9930.0;0.0
yf_ADM_d7;14500;INTARIAN_PEPPER_ROOT;11422;5;11419;20;;;11428;6;11431;17;;;11425.0;0.0
yf_ADM_d7;14600;ASH_COATED_OSMIUM;9927;20;9924;23;;;9933;7;9937;25;;;9930.0;0.0
yf_ADM_d7;14600;INTARIAN_PEPPER_ROOT;11421;8;11418;25;;;11430;9;11432;20;;;11425.5;0.0
yf_ADM_d7;14700;ASH_COATED_OSMIUM;9927;9;9924;15;;;9934;14;9938;29;;;9930.5;0.0
yf_ADM_d7;14700;INTARIAN_PEPPER_ROOT;11422;12;11420;13;;;11429;13;11431;17;;;11425.5;0.0
yf_ADM_d7;14800;ASH_COATED_OSMIUM;9928;17;9926;17;;;9934;6;9937;23;;;9931.0;0.0
yf_ADM_d7;14800;INTARIAN_PEPPER_ROOT;11412;14;11410;17;;;11440;26;11444;22;;;11426.0;0.0
yf_ADM_d7;14900;ASH_COATED_OSMIUM;9927;17;9924;16;;;9933;21;9935;12;;;9930.0;0.0
yf_ADM_d7;14900;INTARIAN_PEPPER_ROOT;11418;16;11414;17;;;11433;13;11435;22;;;11425.5;0.0
yf_ADM_d7;15000;ASH_COATED_OSMIUM;9927;5;9925;16;;;9935;16;9937;21;;;9931.0;0.0
yf_ADM_d7;15000;INTARIAN_PEPPER_ROOT;11423;14;11420;13;;;11429;23;11431;30;;;11426.0;0.0
yf_ADM_d7;15100;ASH_COATED_OSMIUM;9927;12;9925;15;;;9933;7;9936;8;;;9930.0;0.0
yf_ADM_d7;15100;INTARIAN_PEPPER_ROOT;11414;18;11411;21;;;11439;18;11441;23;;;11426.5;0.0
yf_ADM_d7;15200;ASH_COATED_OSMIUM;9921;16;9917;19;;;9939;14;9943;15;;;9930.0;0.0
yf_ADM_d7;15200;INTARIAN_PEPPER_ROOT;11422;20;11419;10;;;11431;15;11434;15;;;11426.5;0.0
yf_ADM_d7;15300;ASH_COATED_OSMIUM;9924;10;9920;21;;;9937;11;9939;24;;;9930.5;0.0
yf_ADM_d7;15300;INTARIAN_PEPPER_ROOT;11423;17;11420;10;;;11431;13;11433;17;;;11427.0;0.0
yf_ADM_d7;15400;ASH_COATED_OSMIUM;9928;14;9926;18;;;9934;12;9936;23;;;9931.0;0.0
yf_ADM_d7;15400;INTARIAN_PEPPER_ROOT;11422;7;11420;27;;;11430;12;11434;23;;;11426.0;0.0
yf_ADM_d7;15500;ASH_COATED_OSMIUM;9928;15;9926;23;;;9934;13;9936;19;;;9931.0;0.0
yf_ADM_d7;15500;INTARIAN_PEPPER_ROOT;11422;15;11420;18;;;11434;11;11438;20;;;11428.0;0.0
yf_ADM_d7;15600;ASH_COATED_OSMIUM;9928;15;9925;16;;;9934;14;9936;17;;;9931.0;0.0
yf_ADM_d7;15600;INTARIAN_PEPPER_ROOT;11403;7;11400;16;;;11451;15;11455;12;;;11427.0;0.0
yf_ADM_d7;15700;ASH_COATED_OSMIUM;9928;25;9925;22;;;9934;21;9937;17;;;9931.0;0.0
yf_ADM_d7;15700;INTARIAN_PEPPER_ROOT;11426;11;11424;23;;;11432;17;11434;15;;;11429.0;0.0
yf_ADM_d7;15800;ASH_COATED_OSMIUM;9929;13;9926;23;;;9935;15;9938;13;;;9932.0;0.0
yf_ADM_d7;15800;INTARIAN_PEPPER_ROOT;11426;21;11422;21;;;11432;21;11435;20;;;11429.0;0.0
yf_ADM_d7;15900;ASH_COATED_OSMIUM;9926;8;9923;13;;;9936;13;9940;21;;;9931.0;0.0
yf_ADM_d7;15900;INTARIAN_PEPPER_ROOT;11419;14;11415;21;;;11437;18;11440;25;;;11428.0;0.0
yf_ADM_d7;16000;ASH_COATED_OSMIUM;9929;10;9927;19;;;9935;6;9938;17;;;9932.0;0.0
yf_ADM_d7;16000;INTARIAN_PEPPER_ROOT;11426;16;11423;23;;;11432;16;11436;15;;;11429.0;0.0
yf_ADM_d7;16100;ASH_COATED_OSMIUM;9929;13;9927;16;;;9935;16;9939;18;;;9932.0;0.0
yf_ADM_d7;16100;INTARIAN_PEPPER_ROOT;11425;8;11421;27;;;11433;18;11437;17;;;11429.0;0.0
yf_ADM_d7;16200;ASH_COATED_OSMIUM;9929;14;9925;25;;;9935;16;9937;18;;;9932.0;0.0
yf_ADM_d7;16200;INTARIAN_PEPPER_ROOT;11425;12;11422;19;;;11435;17;11439;12;;;11430.0;0.0
yf_ADM_d7;16300;ASH_COATED_OSMIUM;9929;15;9926;16;;;9935;14;9937;21;;;9932.0;0.0
yf_ADM_d7;16300;INTARIAN_PEPPER_ROOT;11427;15;11425;30;;;11433;24;11437;24;;;11430.0;0.0
yf_ADM_d7;16400;ASH_COATED_OSMIUM;9914;15;9912;15;;;9950;14;9953;29;;;9932.0;0.0
yf_ADM_d7;16400;INTARIAN_PEPPER_ROOT;11420;8;11417;16;;;11440;16;11443;18;;;11430.0;0.0
yf_ADM_d7;16500;ASH_COATED_OSMIUM;9929;21;9927;23;;;9935;12;9938;14;;;9932.0;0.0
yf_ADM_d7;16500;INTARIAN_PEPPER_ROOT;11427;11;11424;23;;;11433;16;11437;23;;;11430.0;0.0
yf_ADM_d7;16600;ASH_COATED_OSMIUM;9929;14;9926;23;;;9935;13;9937;17;;;9932.0;0.0
yf_ADM_d7;16600;INTARIAN_PEPPER_ROOT;11428;21;11426;16;;;11434;12;11436;21;;;11431.0;0.0
yf_ADM_d7;16700;ASH_COATED_OSMIUM;9929;12;9926;14;;;9935;17;9939;22;;;9932.0;0.0
yf_ADM_d7;16700;INTARIAN_PEPPER_ROOT;11427;17;11423;23;;;11434;20;11438;19;;;11430.5;0.0
yf_ADM_d7;16800;ASH_COATED_OSMIUM;9929;11;9927;11;;;9935;12;9938;16;;;9932.0;0.0
yf_ADM_d7;16800;INTARIAN_PEPPER_ROOT;11428;13;11426;16;;;11434;15;11436;9;;;11431.0;0.0
yf_ADM_d7;16900;ASH_COATED_OSMIUM;9930;17;9926;18;;;9936;20;9939;21;;;9933.0;0.0
yf_ADM_d7;16900;INTARIAN_PEPPER_ROOT;11428;12;11425;30;;;11434;14;11438;15;;;11431.0;0.0
yf_ADM_d7;17000;ASH_COATED_OSMIUM;9929;9;9926;24;;;9935;11;9937;24;;;9932.0;0.0
yf_ADM_d7;17000;INTARIAN_PEPPER_ROOT;11429;13;11427;16;;;11435;9;11437;14;;;11432.0;0.0
yf_ADM_d7;17100;ASH_COATED_OSMIUM;9930;21;9928;24;;;9936;20;9940;25;;;9933.0;0.0
yf_ADM_d7;17100;INTARIAN_PEPPER_ROOT;11428;18;11425;20;;;11437;18;11439;18;;;11432.5;0.0
yf_ADM_d7;17200;ASH_COATED_OSMIUM;9929;12;9927;20;;;9935;11;9937;25;;;9932.0;0.0
yf_ADM_d7;17200;INTARIAN_PEPPER_ROOT;11428;11;11424;19;;;11440;12;11444;16;;;11434.0;0.0
yf_ADM_d7;17300;ASH_COATED_OSMIUM;9929;8;9925;29;;;9935;7;9937;13;;;9932.0;0.0
yf_ADM_d7;17300;INTARIAN_PEPPER_ROOT;11432;11;11430;21;;;11438;14;11441;21;;;11435.0;0.0
yf_ADM_d7;17400;ASH_COATED_OSMIUM;9925;24;9923;20;;;9939;18;9943;22;;;9932.0;0.0
yf_ADM_d7;17400;INTARIAN_PEPPER_ROOT;11433;15;11429;22;;;11439;11;11443;15;;;11436.0;0.0
yf_ADM_d7;17500;ASH_COATED_OSMIUM;9929;16;9926;13;;;9935;7;9939;17;;;9932.0;0.0
yf_ADM_d7;17500;INTARIAN_PEPPER_ROOT;11426;10;11422;22;;;11448;14;11450;26;;;11437.0;0.0
yf_ADM_d7;17600;ASH_COATED_OSMIUM;9929;16;9927;12;;;9935;18;9938;10;;;9932.0;0.0
yf_ADM_d7;17600;INTARIAN_PEPPER_ROOT;11435;14;11432;18;;;11441;17;11443;24;;;11438.0;0.0
yf_ADM_d7;17700;ASH_COATED_OSMIUM;9930;18;9927;23;;;9936;8;9938;27;;;9933.0;0.0
yf_ADM_d7;17700;INTARIAN_PEPPER_ROOT;11436;17;11432;22;;;11442;16;11444;11;;;11439.0;0.0
yf_ADM_d7;17800;ASH_COATED_OSMIUM;9929;22;9927;13;;;9935;15;9938;18;;;9932.0;0.0
yf_ADM_d7;17800;INTARIAN_PEPPER_ROOT;11437;5;11434;17;;;11443;15;11447;16;;;11440.0;0.0
yf_ADM_d7;17900;ASH_COATED_OSMIUM;9927;12;9924;15;;;9937;20;9940;18;;;9932.0;0.0
yf_ADM_d7;17900;INTARIAN_PEPPER_ROOT;11438;5;11434;17;;;11444;16;11446;19;;;11441.0;0.0
yf_ADM_d7;18000;ASH_COATED_OSMIUM;9929;20;9927;15;;;9935;21;9938;26;;;9932.0;0.0
yf_ADM_d7;18000;INTARIAN_PEPPER_ROOT;11439;17;11435;26;;;11445;10;11449;16;;;11442.0;0.0
yf_ADM_d7;18100;ASH_COATED_OSMIUM;9916;16;9913;16;;;9948;7;9952;18;;;9932.0;0.0
yf_ADM_d7;18100;INTARIAN_PEPPER_ROOT;11440;17;11438;14;;;11446;17;11450;28;;;11443.0;0.0
yf_ADM_d7;18200;ASH_COATED_OSMIUM;9924;16;9922;23;;;9941;12;9944;26;;;9932.5;0.0
yf_ADM_d7;18200;INTARIAN_PEPPER_ROOT;11441;13;11438;14;;;11447;17;11450;14;;;11444.0;0.0
yf_ADM_d7;18300;ASH_COATED_OSMIUM;9928;11;9925;19;;;9934;19;9938;15;;;9931.0;0.0
yf_ADM_d7;18300;INTARIAN_PEPPER_ROOT;11442;15;11440;14;;;11448;12;11451;26;;;11445.0;0.0
yf_ADM_d7;18400;ASH_COATED_OSMIUM;9926;10;9922;14;;;9937;10;9939;21;;;9931.5;0.0
yf_ADM_d7;18400;INTARIAN_PEPPER_ROOT;11442;16;11438;24;;;11451;9;11453;24;;;11446.5;0.0
yf_ADM_d7;18500;ASH_COATED_OSMIUM;9929;18;9926;18;;;9935;22;9939;14;;;9932.0;0.0
yf_ADM_d7;18500;INTARIAN_PEPPER_ROOT;11444;14;11441;17;;;11450;10;11453;25;;;11447.0;0.0
yf_ADM_d7;18600;ASH_COATED_OSMIUM;9929;25;9927;22;;;9935;23;9939;20;;;9932.0;0.0
yf_ADM_d7;18600;INTARIAN_PEPPER_ROOT;11445;14;11443;18;;;11451;21;11455;26;;;11448.0;0.0
yf_ADM_d7;18700;ASH_COATED_OSMIUM;9925;11;9921;19;;;9939;12;9943;19;;;9932.0;0.0
yf_ADM_d7;18700;INTARIAN_PEPPER_ROOT;11436;21;11432;18;;;11461;13;11463;16;;;11448.5;0.0
yf_ADM_d7;18800;ASH_COATED_OSMIUM;9923;10;9921;23;;;9941;5;9944;19;;;9932.0;0.0
yf_ADM_d7;18800;INTARIAN_PEPPER_ROOT;11447;17;11443;17;;;11453;20;11457;20;;;11450.0;0.0
yf_ADM_d7;18900;ASH_COATED_OSMIUM;9929;18;9926;21;;;9935;21;9939;21;;;9932.0;0.0
yf_ADM_d7;18900;INTARIAN_PEPPER_ROOT;11439;21;11437;29;;;11463;16;11466;24;;;11451.0;0.0
yf_ADM_d7;19000;ASH_COATED_OSMIUM;9929;12;9927;18;;;9935;18;9939;19;;;9932.0;0.0
yf_ADM_d7;19000;INTARIAN_PEPPER_ROOT;11442;11;11438;25;;;11463;6;11467;17;;;11452.5;0.0
yf_ADM_d7;19100;ASH_COATED_OSMIUM;9924;14;9920;26;;;9940;11;9944;23;;;9932.0;0.0
yf_ADM_d7;19100;INTARIAN_PEPPER_ROOT;11450;17;11447;25;;;11456;21;11458;20;;;11453.0;0.0
yf_ADM_d7;19200;ASH_COATED_OSMIUM;9929;12;9927;22;;;9936;12;9938;12;;;9932.5;0.0
yf_ADM_d7;19200;INTARIAN_PEPPER_ROOT;11440;7;11436;11;;;11468;22;11472;25;;;11454.0;0.0
yf_ADM_d7;19300;ASH_COATED_OSMIUM;9929;12;9926;23;;;9935;16;9937;14;;;9932.0;0.0
yf_ADM_d7;19300;INTARIAN_PEPPER_ROOT;11446;12;11442;19;;;11464;8;11466;20;;;11455.0;0.0
yf_ADM_d7;19400;ASH_COATED_OSMIUM;9928;5;9925;22;;;9934;20;9936;24;;;9931.0;0.0
yf_ADM_d7;19400;INTARIAN_PEPPER_ROOT;11453;16;11450;15;;;11459;13;11461;21;;;11456.0;0.0
yf_ADM_d7;19500;ASH_COATED_OSMIUM;9920;5;9918;20;;;9943;7;9947;8;;;9931.5;0.0
yf_ADM_d7;19500;INTARIAN_PEPPER_ROOT;11453;6;11451;19;;;11462;10;11464;18;;;11457.5;0.0
yf_ADM_d7;19600;ASH_COATED_OSMIUM;9929;17;9927;20;;;9935;11;9937;8;;;9932.0;0.0
yf_ADM_d7;19600;INTARIAN_PEPPER_ROOT;11441;7;11437;13;;;11474;11;11477;26;;;11457.5;0.0
yf_ADM_d7;19700;ASH_COATED_OSMIUM;9929;8;9926;28;;;9935;13;9938;14;;;9932.0;0.0
yf_ADM_d7;19700;INTARIAN_PEPPER_ROOT;11456;14;11454;28;;;11462;17;11466;14;;;11459.0;0.0
yf_ADM_d7;19800;ASH_COATED_OSMIUM;9929;16;9926;13;;;9935;15;9938;14;;;9932.0;0.0
yf_ADM_d7;19800;INTARIAN_PEPPER_ROOT;11452;8;11450;19;;;11468;5;11471;16;;;11460.0;0.0
yf_ADM_d7;19900;ASH_COATED_OSMIUM;9929;10;9925;9;;;9935;25;9937;14;;;9932.0;0.0
yf_ADM_d7;19900;INTARIAN_PEPPER_ROOT;11458;13;11454;8;;;11464;20;11467;24;;;11461.0;0.0
yf_ADM_d7;20000;ASH_COATED_OSMIUM;9921;11;9917;16;;;9942;18;9944;13;;;9931.5;0.0
yf_ADM_d7;20000;INTARIAN_PEPPER_ROOT;11459;17;11457;12;;;11465;21;11469;18;;;11462.0;0.0
yf_ADM_d7;20100;ASH_COATED_OSMIUM;9928;11;9924;22;;;9935;17;9937;20;;;9931.5;0.0
yf_ADM_d7;20100;INTARIAN_PEPPER_ROOT;11459;18;11456;25;;;11470;20;11474;17;;;11464.5;0.0
yf_ADM_d7;20200;ASH_COATED_OSMIUM;9929;9;9925;20;;;9935;20;9937;18;;;9932.0;0.0
yf_ADM_d7;20200;INTARIAN_PEPPER_ROOT;11457;21;11454;20;;;11471;23;11475;15;;;11464.0;0.0
yf_ADM_d7;20300;ASH_COATED_OSMIUM;9923;14;9919;26;;;9940;20;9943;20;;;9931.5;0.0
yf_ADM_d7;20300;INTARIAN_PEPPER_ROOT;11462;14;11458;13;;;11468;9;11471;27;;;11465.0;0.0
yf_ADM_d7;20400;ASH_COATED_OSMIUM;9925;9;9923;28;;;9939;14;9943;17;;;9932.0;0.0
yf_ADM_d7;20400;INTARIAN_PEPPER_ROOT;11463;19;11459;25;;;11470;23;11473;21;;;11466.5;0.0
yf_ADM_d7;20500;ASH_COATED_OSMIUM;9929;18;9926;13;;;9935;15;9937;20;;;9932.0;0.0
yf_ADM_d7;20500;INTARIAN_PEPPER_ROOT;11463;5;11461;15;;;11473;9;11475;25;;;11468.0;0.0
yf_ADM_d7;20600;ASH_COATED_OSMIUM;9929;11;9925;22;;;9935;17;9939;25;;;9932.0;0.0
yf_ADM_d7;20600;INTARIAN_PEPPER_ROOT;11462;18;11459;22;;;11475;18;11479;17;;;11468.5;0.0
yf_ADM_d7;20700;ASH_COATED_OSMIUM;9926;23;9924;12;;;9936;14;9939;19;;;9931.0;0.0
yf_ADM_d7;20700;INTARIAN_PEPPER_ROOT;11467;12;11464;18;;;11473;9;11477;21;;;11470.0;0.0
yf_ADM_d7;20800;ASH_COATED_OSMIUM;9922;17;9918;18;;;9940;8;9943;23;;;9931.0;0.0
yf_ADM_d7;20800;INTARIAN_PEPPER_ROOT;11468;10;11464;28;;;11474;21;11476;24;;;11471.0;0.0
yf_ADM_d7;20900;ASH_COATED_OSMIUM;9928;17;9925;21;;;9934;20;9938;20;;;9931.0;0.0
yf_ADM_d7;20900;INTARIAN_PEPPER_ROOT;11463;13;11460;25;;;11480;15;11484;22;;;11471.5;0.0
yf_ADM_d7;21000;ASH_COATED_OSMIUM;9929;12;9927;23;;;9935;23;9939;16;;;9932.0;0.0
yf_ADM_d7;21000;INTARIAN_PEPPER_ROOT;11454;12;11451;18;;;11492;12;11494;22;;;11473.0;0.0
yf_ADM_d7;21100;ASH_COATED_OSMIUM;9929;17;9925;18;;;9935;16;9938;20;;;9932.0;0.0
yf_ADM_d7;21100;INTARIAN_PEPPER_ROOT;11464;13;11461;18;;;11483;21;11485;16;;;11473.5;0.0
yf_ADM_d7;21200;ASH_COATED_OSMIUM;9928;15;9924;20;;;9934;15;9936;33;;;9931.0;0.0
yf_ADM_d7;21200;INTARIAN_PEPPER_ROOT;11471;9;11468;13;;;11477;15;11480;19;;;11474.0;0.0
yf_ADM_d7;21300;ASH_COATED_OSMIUM;9928;21;9925;19;;;9934;8;9936;24;;;9931.0;0.0
yf_ADM_d7;21300;INTARIAN_PEPPER_ROOT;11469;18;11466;27;;;11483;11;11487;14;;;11476.0;0.0
yf_ADM_d7;21400;ASH_COATED_OSMIUM;9928;7;9924;19;;;9934;17;9937;28;;;9931.0;0.0
yf_ADM_d7;21400;INTARIAN_PEPPER_ROOT;11474;18;11472;18;;;11480;6;11483;11;;;11477.0;0.0
yf_ADM_d7;21500;ASH_COATED_OSMIUM;9928;8;9925;17;;;9935;13;9939;17;;;9931.5;0.0
yf_ADM_d7;21500;INTARIAN_PEPPER_ROOT;11474;17;11471;16;;;11480;10;11483;21;;;11477.0;0.0
yf_ADM_d7;21600;ASH_COATED_OSMIUM;9928;21;9926;23;;;9934;16;9936;18;;;9931.0;0.0
yf_ADM_d7;21600;INTARIAN_PEPPER_ROOT;11474;7;11471;22;;;11482;14;11484;15;;;11478.0;0.0
yf_ADM_d7;21700;ASH_COATED_OSMIUM;9928;5;9925;15;;;9934;10;9936;25;;;9931.0;0.0
yf_ADM_d7;21700;INTARIAN_PEPPER_ROOT;11477;10;11473;21;;;11483;14;11486;17;;;11480.0;0.0
yf_ADM_d7;21800;ASH_COATED_OSMIUM;9927;24;9923;11;;;9936;11;9940;17;;;9931.5;0.0
yf_ADM_d7;21800;INTARIAN_PEPPER_ROOT;11474;15;11470;25;;;11486;14;11489;16;;;11480.0;0.0
yf_ADM_d7;21900;ASH_COATED_OSMIUM;9917;23;9915;21;;;9945;18;9948;24;;;9931.0;0.0
yf_ADM_d7;21900;INTARIAN_PEPPER_ROOT;11476;18;11474;26;;;11487;8;11491;15;;;11481.5;0.0
yf_ADM_d7;22000;ASH_COATED_OSMIUM;9925;17;9923;18;;;9938;8;9940;20;;;9931.5;0.0
yf_ADM_d7;22000;INTARIAN_PEPPER_ROOT;11479;9;11477;15;;;11485;13;11488;12;;;11482.0;0.0
yf_ADM_d7;22100;ASH_COATED_OSMIUM;9928;7;9926;22;;;9935;18;9937;12;;;9931.5;0.0
yf_ADM_d7;22100;INTARIAN_PEPPER_ROOT;11478;10;11474;8;;;11490;16;11494;25;;;11484.0;0.0
yf_ADM_d7;22200;ASH_COATED_OSMIUM;9928;16;9926;17;;;9934;11;9938;9;;;9931.0;0.0
yf_ADM_d7;22200;INTARIAN_PEPPER_ROOT;11481;16;11479;20;;;11487;19;11490;18;;;11484.0;0.0
yf_ADM_d7;22300;ASH_COATED_OSMIUM;9928;14;9926;9;;;9934;21;9937;23;;;9931.0;0.0
yf_ADM_d7;22300;INTARIAN_PEPPER_ROOT;11483;12;11479;22;;;11489;10;11492;9;;;11486.0;0.0
yf_ADM_d7;22400;ASH_COATED_OSMIUM;9928;6;9926;22;;;9934;16;9937;11;;;9931.0;0.0
yf_ADM_d7;22400;INTARIAN_PEPPER_ROOT;11483;13;11481;10;;;11489;20;11493;19;;;11486.0;0.0
yf_ADM_d7;22500;ASH_COATED_OSMIUM;9926;7;9922;18;;;9936;20;9939;18;;;9931.0;0.0
yf_ADM_d7;22500;INTARIAN_PEPPER_ROOT;11473;19;11471;21;;;11503;25;11505;26;;;11488.0;0.0
yf_ADM_d7;22600;ASH_COATED_OSMIUM;9928;5;9926;17;;;9934;18;9936;15;;;9931.0;0.0
yf_ADM_d7;22600;INTARIAN_PEPPER_ROOT;11483;10;11481;30;;;11494;5;11496;22;;;11488.5;0.0
yf_ADM_d7;22700;ASH_COATED_OSMIUM;9928;7;9924;13;;;9935;18;9937;25;;;9931.5;0.0
yf_ADM_d7;22700;INTARIAN_PEPPER_ROOT;11485;21;11482;20;;;11495;21;11498;15;;;11490.0;0.0
yf_ADM_d7;22800;ASH_COATED_OSMIUM;9928;5;9924;20;;;9934;12;9937;21;;;9931.0;0.0
yf_ADM_d7;22800;INTARIAN_PEPPER_ROOT;11487;22;11483;16;;;11493;11;11496;23;;;11490.0;0.0
yf_ADM_d7;22900;ASH_COATED_OSMIUM;9928;18;9925;21;;;9934;14;9937;13;;;9931.0;0.0
yf_ADM_d7;22900;INTARIAN_PEPPER_ROOT;11489;11;11485;23;;;11495;7;11497;23;;;11492.0;0.0
yf_ADM_d7;23000;ASH_COATED_OSMIUM;9926;23;9924;21;;;9937;20;9941;17;;;9931.5;0.0
yf_ADM_d7;23000;INTARIAN_PEPPER_ROOT;11490;16;11487;9;;;11496;18;11500;18;;;11493.0;0.0
yf_ADM_d7;23100;ASH_COATED_OSMIUM;9928;15;9926;18;;;9934;23;9938;17;;;9931.0;0.0
yf_ADM_d7;23100;INTARIAN_PEPPER_ROOT;11487;11;11485;10;;;11501;17;11504;19;;;11494.0;0.0
yf_ADM_d7;23200;ASH_COATED_OSMIUM;9926;17;9924;19;;;9935;10;9939;25;;;9930.5;0.0
yf_ADM_d7;23200;INTARIAN_PEPPER_ROOT;11490;10;11486;29;;;11500;12;11503;23;;;11495.0;0.0
yf_ADM_d7;23300;ASH_COATED_OSMIUM;9925;15;9923;15;;;9937;18;9941;31;;;9931.0;0.0
yf_ADM_d7;23300;INTARIAN_PEPPER_ROOT;11491;9;11488;16;;;11500;13;11504;21;;;11495.5;0.0
yf_ADM_d7;23400;ASH_COATED_OSMIUM;9928;21;9924;18;;;9934;8;9938;17;;;9931.0;0.0
yf_ADM_d7;23400;INTARIAN_PEPPER_ROOT;11495;10;11491;24;;;11501;19;11503;17;;;11498.0;0.0
yf_ADM_d7;23500;ASH_COATED_OSMIUM;9927;13;9924;16;;;9933;11;9937;24;;;9930.0;0.0
yf_ADM_d7;23500;INTARIAN_PEPPER_ROOT;11494;12;11492;23;;;11500;23;11502;14;;;11497.0;0.0
yf_ADM_d7;23600;ASH_COATED_OSMIUM;9928;15;9924;21;;;9934;13;9938;26;;;9931.0;0.0
yf_ADM_d7;23600;INTARIAN_PEPPER_ROOT;11496;10;11494;15;;;11502;5;11506;14;;;11499.0;0.0
yf_ADM_d7;23700;ASH_COATED_OSMIUM;9928;13;9926;29;;;9934;15;9936;20;;;9931.0;0.0
yf_ADM_d7;23700;INTARIAN_PEPPER_ROOT;11497;12;11494;18;;;11503;16;11506;23;;;11500.0;0.0
yf_ADM_d7;23800;ASH_COATED_OSMIUM;9928;18;9924;17;;;9934;14;9938;10;;;9931.0;0.0
yf_ADM_d7;23800;INTARIAN_PEPPER_ROOT;11498;20;11496;15;;;11504;13;11507;22;;;11501.0;0.0
yf_ADM_d7;23900;ASH_COATED_OSMIUM;9916;16;9913;17;;;9947;19;9951;14;;;9931.5;0.0
yf_ADM_d7;23900;INTARIAN_PEPPER_ROOT;11499;8;11496;20;;;11505;16;11508;17;;;11502.0;0.0
yf_ADM_d7;24000;ASH_COATED_OSMIUM;9927;13;9923;21;;;9935;11;9937;10;;;9931.0;0.0
yf_ADM_d7;24000;INTARIAN_PEPPER_ROOT;11500;16;11498;18;;;11506;7;11509;16;;;11503.0;0.0
yf_ADM_d7;24100;ASH_COATED_OSMIUM;9928;21;9925;21;;;9934;14;9937;27;;;9931.0;0.0
yf_ADM_d7;24100;INTARIAN_PEPPER_ROOT;11492;11;11490;16;;;11516;16;11519;23;;;11504.0;0.0
yf_ADM_d7;24200;ASH_COATED_OSMIUM;9927;17;9925;21;;;9935;19;9939;24;;;9931.0;0.0
yf_ADM_d7;24200;INTARIAN_PEPPER_ROOT;11502;8;11498;21;;;11508;10;11511;15;;;11505.0;0.0
yf_ADM_d7;24300;ASH_COATED_OSMIUM;9928;6;9924;19;;;9934;18;9937;23;;;9931.0;0.0
yf_ADM_d7;24300;INTARIAN_PEPPER_ROOT;11503;21;11500;20;;;11509;15;11511;32;;;11506.0;0.0
yf_ADM_d7;24400;ASH_COATED_OSMIUM;9928;15;9926;16;;;9934;17;9937;27;;;9931.0;0.0
yf_ADM_d7;24400;INTARIAN_PEPPER_ROOT;11503;21;11499;20;;;11511;18;11514;22;;;11507.0;0.0
yf_ADM_d7;24500;ASH_COATED_OSMIUM;9928;14;9926;15;;;9934;16;9937;17;;;9931.0;0.0
yf_ADM_d7;24500;INTARIAN_PEPPER_ROOT;11505;8;11503;22;;;11512;12;11514;23;;;11508.5;0.0
yf_ADM_d7;24600;ASH_COATED_OSMIUM;9926;10;9923;17;;;9936;18;9938;16;;;9931.0;0.0
yf_ADM_d7;24600;INTARIAN_PEPPER_ROOT;11504;20;11501;13;;;11514;14;11516;12;;;11509.0;0.0
yf_ADM_d7;24700;ASH_COATED_OSMIUM;9928;13;9924;24;;;9934;20;9937;18;;;9931.0;0.0
yf_ADM_d7;24700;INTARIAN_PEPPER_ROOT;11500;16;11497;24;;;11520;19;11524;16;;;11510.0;0.0
yf_ADM_d7;24800;ASH_COATED_OSMIUM;9926;7;9922;18;;;9935;15;9939;18;;;9930.5;0.0
yf_ADM_d7;24800;INTARIAN_PEPPER_ROOT;11508;15;11505;16;;;11514;12;11517;25;;;11511.0;0.0
yf_ADM_d7;24900;ASH_COATED_OSMIUM;9927;10;9925;23;;;9935;23;9937;23;;;9931.0;0.0
yf_ADM_d7;24900;INTARIAN_PEPPER_ROOT;11495;20;11492;26;;;11528;25;11532;23;;;11511.5;0.0
yf_ADM_d7;25000;ASH_COATED_OSMIUM;9928;7;9926;14;;;9934;17;9936;17;;;9931.0;0.0
yf_ADM_d7;25000;INTARIAN_PEPPER_ROOT;11510;11;11507;21;;;11516;19;11520;20;;;11513.0;0.0
yf_ADM_d7;25100;ASH_COATED_OSMIUM;9927;20;9924;13;;;9933;7;9937;16;;;9930.0;0.0
yf_ADM_d7;25100;INTARIAN_PEPPER_ROOT;11510;13;11507;14;;;11518;13;11521;13;;;11514.0;0.0
yf_ADM_d7;25200;ASH_COATED_OSMIUM;9927;7;9924;21;;;9933;18;9937;23;;;9930.0;0.0
yf_ADM_d7;25200;INTARIAN_PEPPER_ROOT;11512;5;11508;12;;;11518;15;11522;20;;;11515.0;0.0
yf_ADM_d7;25300;ASH_COATED_OSMIUM;9921;16;9917;18;;;9940;10;9942;22;;;9930.5;0.0
yf_ADM_d7;25300;INTARIAN_PEPPER_ROOT;11510;12;11508;19;;;11522;5;11525;15;;;11516.0;0.0
yf_ADM_d7;25400;ASH_COATED_OSMIUM;9927;16;9923;17;;;9933;20;9935;22;;;9930.0;0.0
yf_ADM_d7;25400;INTARIAN_PEPPER_ROOT;11513;5;11510;17;;;11521;14;11523;21;;;11517.0;0.0
yf_ADM_d7;25500;ASH_COATED_OSMIUM;9917;16;9915;28;;;9943;15;9946;17;;;9930.0;0.0
yf_ADM_d7;25500;INTARIAN_PEPPER_ROOT;11512;22;11508;26;;;11524;16;11528;35;;;11518.0;0.0
yf_ADM_d7;25600;ASH_COATED_OSMIUM;9927;16;9925;23;;;9933;17;9937;18;;;9930.0;0.0
yf_ADM_d7;25600;INTARIAN_PEPPER_ROOT;11514;8;11512;18;;;11525;10;11527;20;;;11519.5;0.0
yf_ADM_d7;25700;ASH_COATED_OSMIUM;9928;6;9926;14;;;9934;7;9937;24;;;9931.0;0.0
yf_ADM_d7;25700;INTARIAN_PEPPER_ROOT;11514;16;11512;20;;;11526;14;11528;25;;;11520.0;0.0
yf_ADM_d7;25800;ASH_COATED_OSMIUM;9928;15;9925;14;;;9934;21;9936;21;;;9931.0;0.0
yf_ADM_d7;25800;INTARIAN_PEPPER_ROOT;11512;18;11509;26;;;11529;16;11531;19;;;11520.5;0.0
yf_ADM_d7;25900;ASH_COATED_OSMIUM;9926;19;9924;19;;;9934;13;9936;24;;;9930.0;0.0
yf_ADM_d7;25900;INTARIAN_PEPPER_ROOT;11501;14;11498;13;;;11544;18;11547;12;;;11522.5;0.0
yf_ADM_d7;26000;ASH_COATED_OSMIUM;9923;17;9919;18;;;9938;8;9942;18;;;9930.5;0.0
yf_ADM_d7;26000;INTARIAN_PEPPER_ROOT;11520;23;11517;27;;;11526;9;11529;18;;;11523.0;0.0
yf_ADM_d7;26100;ASH_COATED_OSMIUM;9927;12;9924;15;;;9933;12;9937;18;;;9930.0;0.0
yf_ADM_d7;26100;INTARIAN_PEPPER_ROOT;11522;7;11520;26;;;11528;14;11531;15;;;11525.0;0.0
yf_ADM_d7;26200;ASH_COATED_OSMIUM;9923;14;9921;24;;;9938;12;9942;27;;;9930.5;0.0
yf_ADM_d7;26200;INTARIAN_PEPPER_ROOT;11522;25;11519;14;;;11528;15;11531;13;;;11525.0;0.0
yf_ADM_d7;26300;ASH_COATED_OSMIUM;9922;18;9919;23;;;9939;26;9942;20;;;9930.5;0.0
yf_ADM_d7;26300;INTARIAN_PEPPER_ROOT;11524;15;11522;18;;;11530;17;11533;9;;;11527.0;0.0
yf_ADM_d7;26400;ASH_COATED_OSMIUM;9927;15;9925;20;;;9935;13;9939;23;;;9931.0;0.0
yf_ADM_d7;26400;INTARIAN_PEPPER_ROOT;11524;14;11520;25;;;11530;16;11533;20;;;11527.0;0.0
yf_ADM_d7;26500;ASH_COATED_OSMIUM;9927;20;9923;16;;;9933;20;9937;20;;;9930.0;0.0
yf_ADM_d7;26500;INTARIAN_PEPPER_ROOT;11525;14;11521;16;;;11531;21;11534;21;;;11528.0;0.0
yf_ADM_d7;26600;ASH_COATED_OSMIUM;9916;18;9914;27;;;9944;18;9947;20;;;9930.0;0.0
yf_ADM_d7;26600;INTARIAN_PEPPER_ROOT;11526;8;11522;18;;;11532;12;11536;17;;;11529.0;0.0
yf_ADM_d7;26700;ASH_COATED_OSMIUM;9926;16;9922;20;;;9932;9;9935;23;;;9929.0;0.0
yf_ADM_d7;26700;INTARIAN_PEPPER_ROOT;11527;10;11523;21;;;11533;17;11536;21;;;11530.0;0.0
yf_ADM_d7;26800;ASH_COATED_OSMIUM;9927;20;9924;24;;;9933;12;9935;23;;;9930.0;0.0
yf_ADM_d7;26800;INTARIAN_PEPPER_ROOT;11528;13;11525;22;;;11535;20;11539;23;;;11531.5;0.0
yf_ADM_d7;26900;ASH_COATED_OSMIUM;9926;19;9923;22;;;9932;17;9935;23;;;9929.0;0.0
yf_ADM_d7;26900;INTARIAN_PEPPER_ROOT;11529;13;11525;21;;;11535;17;11539;21;;;11532.0;0.0
yf_ADM_d7;27000;ASH_COATED_OSMIUM;9926;19;9924;14;;;9934;10;9938;13;;;9930.0;0.0
yf_ADM_d7;27000;INTARIAN_PEPPER_ROOT;11531;18;11527;16;;;11537;7;11541;18;;;11534.0;0.0
yf_ADM_d7;27100;ASH_COATED_OSMIUM;9924;23;9922;9;;;9935;15;9939;14;;;9929.5;0.0
yf_ADM_d7;27100;INTARIAN_PEPPER_ROOT;11531;10;11528;20;;;11537;8;11541;31;;;11534.0;0.0
yf_ADM_d7;27200;ASH_COATED_OSMIUM;9925;21;9923;22;;;9934;21;9936;23;;;9929.5;0.0
yf_ADM_d7;27200;INTARIAN_PEPPER_ROOT;11532;8;11529;21;;;11538;9;11540;22;;;11535.0;0.0
yf_ADM_d7;27300;ASH_COATED_OSMIUM;9917;19;9915;18;;;9942;19;9945;12;;;9929.5;0.0
yf_ADM_d7;27300;INTARIAN_PEPPER_ROOT;11533;8;11531;24;;;11539;5;11542;16;;;11536.0;0.0
yf_ADM_d7;27400;ASH_COATED_OSMIUM;9925;5;9923;22;;;9934;6;9937;24;;;9929.5;0.0
yf_ADM_d7;27400;INTARIAN_PEPPER_ROOT;11535;12;11533;28;;;11541;6;11543;24;;;11538.0;0.0
yf_ADM_d7;27500;ASH_COATED_OSMIUM;9927;17;9924;16;;;9933;11;9935;17;;;9930.0;0.0
yf_ADM_d7;27500;INTARIAN_PEPPER_ROOT;11533;19;11530;8;;;11543;6;11545;23;;;11538.0;0.0
yf_ADM_d7;27600;ASH_COATED_OSMIUM;9926;12;9924;23;;;9935;14;9937;19;;;9930.5;0.0
yf_ADM_d7;27600;INTARIAN_PEPPER_ROOT;11530;12;11526;12;;;11550;11;11553;22;;;11540.0;0.0
yf_ADM_d7;27700;ASH_COATED_OSMIUM;9925;11;9921;26;;;9934;11;9938;20;;;9929.5;0.0
yf_ADM_d7;27700;INTARIAN_PEPPER_ROOT;11535;16;11533;21;;;11545;14;11549;21;;;11540.0;0.0
yf_ADM_d7;27800;ASH_COATED_OSMIUM;9927;19;9924;22;;;9933;16;9936;14;;;9930.0;0.0
yf_ADM_d7;27800;INTARIAN_PEPPER_ROOT;11537;13;11534;19;;;11547;23;11549;18;;;11542.0;0.0
yf_ADM_d7;27900;ASH_COATED_OSMIUM;9926;22;9922;22;;;9932;15;9934;30;;;9929.0;0.0
yf_ADM_d7;27900;INTARIAN_PEPPER_ROOT;11540;21;11538;23;;;11546;18;11548;33;;;11543.0;0.0
yf_ADM_d7;28000;ASH_COATED_OSMIUM;9920;9;9918;27;;;9939;14;9941;15;;;9929.5;0.0
yf_ADM_d7;28000;INTARIAN_PEPPER_ROOT;11532;21;11528;19;;;11555;5;11558;12;;;11543.5;0.0
yf_ADM_d7;28100;ASH_COATED_OSMIUM;9923;15;9920;11;;;9935;16;9939;24;;;9929.0;0.0
yf_ADM_d7;28100;INTARIAN_PEPPER_ROOT;11541;7;11538;19;;;11547;22;11551;24;;;11544.0;0.0
yf_ADM_d7;28200;ASH_COATED_OSMIUM;9917;13;9913;20;;;9943;19;9947;35;;;9930.0;0.0
yf_ADM_d7;28200;INTARIAN_PEPPER_ROOT;11543;5;11540;17;;;11549;5;11552;20;;;11546.0;0.0
yf_ADM_d7;28300;ASH_COATED_OSMIUM;9926;9;9923;13;;;9934;20;9938;19;;;9930.0;0.0
yf_ADM_d7;28300;INTARIAN_PEPPER_ROOT;11543;25;11541;15;;;11549;19;11552;21;;;11546.0;0.0
yf_ADM_d7;28400;ASH_COATED_OSMIUM;9927;5;9924;12;;;9933;16;9935;19;;;9930.0;0.0
yf_ADM_d7;28400;INTARIAN_PEPPER_ROOT;11545;10;11541;16;;;11551;10;11554;25;;;11548.0;0.0
yf_ADM_d7;28500;ASH_COATED_OSMIUM;9927;13;9923;30;;;9933;17;9936;16;;;9930.0;0.0
yf_ADM_d7;28500;INTARIAN_PEPPER_ROOT;11544;13;11541;15;;;11553;12;11556;17;;;11548.5;0.0
yf_ADM_d7;28600;ASH_COATED_OSMIUM;9923;13;9919;18;;;9936;12;9939;23;;;9929.5;0.0
yf_ADM_d7;28600;INTARIAN_PEPPER_ROOT;11547;12;11545;33;;;11553;22;11555;18;;;11550.0;0.0
yf_ADM_d7;28700;ASH_COATED_OSMIUM;9927;13;9925;17;;;9933;5;9937;23;;;9930.0;0.0
yf_ADM_d7;28700;INTARIAN_PEPPER_ROOT;11547;14;11543;24;;;11553;12;11556;19;;;11550.0;0.0
yf_ADM_d7;28800;ASH_COATED_OSMIUM;9927;6;9924;15;;;9933;20;9935;19;;;9930.0;0.0
yf_ADM_d7;28800;INTARIAN_PEPPER_ROOT;11549;11;11546;14;;;11555;12;11557;19;;;11552.0;0.0
yf_ADM_d7;28900;ASH_COATED_OSMIUM;9926;9;9924;8;;;9933;18;9937;27;;;9929.5;0.0
yf_ADM_d7;28900;INTARIAN_PEPPER_ROOT;11550;23;11548;17;;;11556;21;11559;23;;;11553.0;0.0
yf_ADM_d7;29000;ASH_COATED_OSMIUM;9920;7;9918;21;;;9939;16;9941;16;;;9929.5;0.0
yf_ADM_d7;29000;INTARIAN_PEPPER_ROOT;11550;13;11546;12;;;11556;18;11560;24;;;11553.0;0.0
yf_ADM_d7;29100;ASH_COATED_OSMIUM;9926;18;9924;14;;;9932;7;9935;22;;;9929.0;0.0
yf_ADM_d7;29100;INTARIAN_PEPPER_ROOT;11551;9;11549;17;;;11557;15;11559;27;;;11554.0;0.0
yf_ADM_d7;29200;ASH_COATED_OSMIUM;9926;11;9923;21;;;9932;12;9935;20;;;9929.0;0.0
yf_ADM_d7;29200;INTARIAN_PEPPER_ROOT;11550;17;11546;21;;;11562;19;11565;21;;;11556.0;0.0
yf_ADM_d7;29300;ASH_COATED_OSMIUM;9926;21;9922;21;;;9932;14;9934;21;;;9929.0;0.0
yf_ADM_d7;29300;INTARIAN_PEPPER_ROOT;11554;6;11552;19;;;11560;11;11562;16;;;11557.0;0.0
yf_ADM_d7;29400;ASH_COATED_OSMIUM;9919;11;9917;13;;;9939;14;9941;21;;;9929.0;0.0
yf_ADM_d7;29400;INTARIAN_PEPPER_ROOT;11554;16;11551;18;;;11560;5;11564;18;;;11557.0;0.0
yf_ADM_d7;29500;ASH_COATED_OSMIUM;9925;20;9922;24;;;9934;6;9936;13;;;9929.5;0.0
yf_ADM_d7;29500;INTARIAN_PEPPER_ROOT;11554;15;11551;21;;;11564;10;11567;29;;;11559.0;0.0
yf_ADM_d7;29600;ASH_COATED_OSMIUM;9925;21;9922;17;;;9934;18;9937;25;;;9929.5;0.0
yf_ADM_d7;29600;INTARIAN_PEPPER_ROOT;11557;12;11555;19;;;11563;18;11565;15;;;11560.0;0.0
yf_ADM_d7;29700;ASH_COATED_OSMIUM;9926;8;9923;14;;;9932;17;9934;19;;;9929.0;0.0
yf_ADM_d7;29700;INTARIAN_PEPPER_ROOT;11551;16;11548;22;;;11571;17;11574;19;;;11561.0;0.0
yf_ADM_d7;29800;ASH_COATED_OSMIUM;9923;15;9919;20;;;9937;16;9941;26;;;9930.0;0.0
yf_ADM_d7;29800;INTARIAN_PEPPER_ROOT;11554;12;11551;20;;;11569;9;11573;14;;;11561.5;0.0
yf_ADM_d7;29900;ASH_COATED_OSMIUM;9924;10;9922;15;;;9934;10;9938;8;;;9929.0;0.0
yf_ADM_d7;29900;INTARIAN_PEPPER_ROOT;11560;16;11556;13;;;11566;9;11569;23;;;11563.0;0.0
yf_ADM_d7;30000;ASH_COATED_OSMIUM;9926;16;9924;26;;;9932;11;9936;21;;;9929.0;0.0
yf_ADM_d7;30000;INTARIAN_PEPPER_ROOT;11561;12;11557;23;;;11567;9;11571;20;;;11564.0;0.0
yf_ADM_d7;30100;ASH_COATED_OSMIUM;9924;24;9922;23;;;9935;19;9939;22;;;9929.5;0.0
yf_ADM_d7;30100;INTARIAN_PEPPER_ROOT;11555;12;11553;22;;;11574;23;11578;20;;;11564.5;0.0
yf_ADM_d7;30200;ASH_COATED_OSMIUM;9925;5;9922;30;;;9934;17;9936;16;;;9929.5;0.0
yf_ADM_d7;30200;INTARIAN_PEPPER_ROOT;11558;19;11555;25;;;11573;8;11577;18;;;11565.5;0.0
yf_ADM_d7;30300;ASH_COATED_OSMIUM;9923;13;9919;14;;;9935;8;9939;19;;;9929.0;0.0
yf_ADM_d7;30300;INTARIAN_PEPPER_ROOT;11561;12;11558;13;;;11574;19;11577;22;;;11567.5;0.0
yf_ADM_d7;30400;ASH_COATED_OSMIUM;9926;12;9923;18;;;9932;17;9936;20;;;9929.0;0.0
yf_ADM_d7;30400;INTARIAN_PEPPER_ROOT;11564;19;11560;21;;;11570;7;11572;26;;;11567.0;0.0
yf_ADM_d7;30500;ASH_COATED_OSMIUM;9922;22;9919;16;;;9938;13;9942;33;;;9930.0;0.0
yf_ADM_d7;30500;INTARIAN_PEPPER_ROOT;11566;22;11562;21;;;11572;25;11574;13;;;11569.0;0.0
yf_ADM_d7;30600;ASH_COATED_OSMIUM;9926;13;9923;17;;;9932;11;9934;17;;;9929.0;0.0
yf_ADM_d7;30600;INTARIAN_PEPPER_ROOT;11558;7;11555;19;;;11582;18;11584;20;;;11570.0;0.0
yf_ADM_d7;30700;ASH_COATED_OSMIUM;9926;13;9922;16;;;9933;18;9937;19;;;9929.5;0.0
yf_ADM_d7;30700;INTARIAN_PEPPER_ROOT;11568;10;11565;30;;;11574;12;11576;23;;;11571.0;0.0
yf_ADM_d7;30800;ASH_COATED_OSMIUM;9926;19;9923;12;;;9932;13;9936;23;;;9929.0;0.0
yf_ADM_d7;30800;INTARIAN_PEPPER_ROOT;11566;15;11564;23;;;11577;23;11581;18;;;11571.5;0.0
yf_ADM_d7;30900;ASH_COATED_OSMIUM;9923;16;9921;18;;;9936;10;9938;33;;;9929.5;0.0
yf_ADM_d7;30900;INTARIAN_PEPPER_ROOT;11570;16;11567;21;;;11576;20;11579;23;;;11573.0;0.0
yf_ADM_d7;31000;ASH_COATED_OSMIUM;9923;14;9919;15;;;9934;20;9937;17;;;9928.5;0.0
yf_ADM_d7;31000;INTARIAN_PEPPER_ROOT;11568;11;11564;18;;;11581;22;11585;15;;;11574.5;0.0
yf_ADM_d7;31100;ASH_COATED_OSMIUM;9926;17;9922;10;;;9932;14;9936;20;;;9929.0;0.0
yf_ADM_d7;31100;INTARIAN_PEPPER_ROOT;11572;8;11569;24;;;11578;18;11580;22;;;11575.0;0.0
yf_ADM_d7;31200;ASH_COATED_OSMIUM;9926;25;9924;35;;;9932;17;9935;16;;;9929.0;0.0
yf_ADM_d7;31200;INTARIAN_PEPPER_ROOT;11573;18;11570;17;;;11579;13;11583;21;;;11576.0;0.0
yf_ADM_d7;31300;ASH_COATED_OSMIUM;9926;15;9923;13;;;9932;21;9934;27;;;9929.0;0.0
yf_ADM_d7;31300;INTARIAN_PEPPER_ROOT;11574;20;11570;19;;;11580;19;11582;16;;;11577.0;0.0
yf_ADM_d7;31400;ASH_COATED_OSMIUM;9920;23;9916;28;;;9936;9;9938;21;;;9928.0;0.0
yf_ADM_d7;31400;INTARIAN_PEPPER_ROOT;11574;18;11572;17;;;11582;15;11586;27;;;11578.0;0.0
yf_ADM_d7;31500;ASH_COATED_OSMIUM;9926;24;9923;14;;;9932;19;9934;23;;;9929.0;0.0
yf_ADM_d7;31500;INTARIAN_PEPPER_ROOT;11576;10;11572;25;;;11582;11;11586;27;;;11579.0;0.0
yf_ADM_d7;31600;ASH_COATED_OSMIUM;9919;22;9917;19;;;9939;14;9942;13;;;9929.0;0.0
yf_ADM_d7;31600;INTARIAN_PEPPER_ROOT;11577;9;11575;14;;;11584;10;11588;16;;;11580.5;0.0
yf_ADM_d7;31700;ASH_COATED_OSMIUM;9917;21;9915;21;;;9940;21;9943;10;;;9928.5;0.0
yf_ADM_d7;31700;INTARIAN_PEPPER_ROOT;11578;17;11575;22;;;11584;11;11587;21;;;11581.0;0.0
yf_ADM_d7;31800;ASH_COATED_OSMIUM;9926;12;9923;19;;;9932;9;9935;25;;;9929.0;0.0
yf_ADM_d7;31800;INTARIAN_PEPPER_ROOT;11579;9;11575;11;;;11585;5;11587;19;;;11582.0;0.0
yf_ADM_d7;31900;ASH_COATED_OSMIUM;9924;5;9920;16;;;9934;14;9936;24;;;9929.0;0.0
yf_ADM_d7;31900;INTARIAN_PEPPER_ROOT;11564;21;11562;17;;;11603;9;11605;18;;;11583.5;0.0
yf_ADM_d7;32000;ASH_COATED_OSMIUM;9925;22;9923;17;;;9931;6;9935;21;;;9928.0;0.0
yf_ADM_d7;32000;INTARIAN_PEPPER_ROOT;11581;8;11578;25;;;11587;15;11589;14;;;11584.0;0.0
yf_ADM_d7;32100;ASH_COATED_OSMIUM;9925;12;9921;14;;;9931;5;9933;24;;;9928.0;0.0
yf_ADM_d7;32100;INTARIAN_PEPPER_ROOT;11580;13;11578;19;;;11590;12;11592;21;;;11585.0;0.0
yf_ADM_d7;32200;ASH_COATED_OSMIUM;9924;15;9921;20;;;9933;12;9936;16;;;9928.5;0.0
yf_ADM_d7;32200;INTARIAN_PEPPER_ROOT;11583;21;11581;26;;;11589;10;11591;26;;;11586.0;0.0
yf_ADM_d7;32300;ASH_COATED_OSMIUM;9926;17;9923;24;;;9932;12;9934;21;;;9929.0;0.0
yf_ADM_d7;32300;INTARIAN_PEPPER_ROOT;11579;11;11575;14;;;11595;13;11599;20;;;11587.0;0.0
yf_ADM_d7;32400;ASH_COATED_OSMIUM;9925;10;9922;12;;;9931;25;9933;28;;;9928.0;0.0
yf_ADM_d7;32400;INTARIAN_PEPPER_ROOT;11585;18;11581;27;;;11591;21;11594;17;;;11588.0;0.0
yf_ADM_d7;32500;ASH_COATED_OSMIUM;9925;21;9921;18;;;9931;18;9935;17;;;9928.0;0.0
yf_ADM_d7;32500;INTARIAN_PEPPER_ROOT;11557;14;11555;23;;;11620;7;11622;20;;;11588.5;0.0
yf_ADM_d7;32600;ASH_COATED_OSMIUM;9922;17;9919;18;;;9936;11;9938;11;;;9929.0;0.0
yf_ADM_d7;32600;INTARIAN_PEPPER_ROOT;11583;11;11579;15;;;11597;13;11599;17;;;11590.0;0.0
yf_ADM_d7;32700;ASH_COATED_OSMIUM;9926;23;9923;11;;;9932;11;9936;17;;;9929.0;0.0
yf_ADM_d7;32700;INTARIAN_PEPPER_ROOT;11588;21;11586;18;;;11594;19;11597;21;;;11591.0;0.0
yf_ADM_d7;32800;ASH_COATED_OSMIUM;9926;14;9924;24;;;9932;11;9936;22;;;9929.0;0.0
yf_ADM_d7;32800;INTARIAN_PEPPER_ROOT;11580;20;11576;20;;;11605;8;11608;20;;;11592.5;0.0
yf_ADM_d7;32900;ASH_COATED_OSMIUM;9925;8;9922;25;;;9931;16;9935;13;;;9928.0;0.0
yf_ADM_d7;32900;INTARIAN_PEPPER_ROOT;11591;7;11587;17;;;11597;25;11600;18;;;11594.0;0.0
yf_ADM_d7;33000;ASH_COATED_OSMIUM;9926;5;9924;18;;;9932;17;9934;18;;;9929.0;0.0
yf_ADM_d7;33000;INTARIAN_PEPPER_ROOT;11591;14;11588;23;;;11597;14;11600;22;;;11594.0;0.0
yf_ADM_d7;33100;ASH_COATED_OSMIUM;9924;18;9920;15;;;9932;20;9935;27;;;9928.0;0.0
yf_ADM_d7;33100;INTARIAN_PEPPER_ROOT;11585;14;11583;18;;;11606;18;11609;19;;;11595.5;0.0
yf_ADM_d7;33200;ASH_COATED_OSMIUM;9923;11;9919;22;;;9934;15;9937;10;;;9928.5;0.0
yf_ADM_d7;33200;INTARIAN_PEPPER_ROOT;11593;17;11589;21;;;11599;20;11601;19;;;11596.0;0.0
yf_ADM_d7;33300;ASH_COATED_OSMIUM;9926;15;9922;24;;;9932;23;9935;22;;;9929.0;0.0
yf_ADM_d7;33300;INTARIAN_PEPPER_ROOT;11595;14;11592;11;;;11601;12;11604;20;;;11598.0;0.0
yf_ADM_d7;33400;ASH_COATED_OSMIUM;9921;13;9919;21;;;9936;13;9938;18;;;9928.5;0.0
yf_ADM_d7;33400;INTARIAN_PEPPER_ROOT;11595;16;11591;24;;;11601;5;11605;14;;;11598.0;0.0
yf_ADM_d7;33500;ASH_COATED_OSMIUM;9925;16;9922;17;;;9931;23;9935;25;;;9928.0;0.0
yf_ADM_d7;33500;INTARIAN_PEPPER_ROOT;11597;13;11593;20;;;11603;15;11607;17;;;11600.0;0.0
yf_ADM_d7;33600;ASH_COATED_OSMIUM;9921;11;9919;21;;;9935;13;9939;19;;;9928.0;0.0
yf_ADM_d7;33600;INTARIAN_PEPPER_ROOT;11597;18;11594;14;;;11603;10;11605;21;;;11600.0;0.0
yf_ADM_d7;33700;ASH_COATED_OSMIUM;9925;11;9922;14;;;9932;15;9935;20;;;9928.5;0.0
yf_ADM_d7;33700;INTARIAN_PEPPER_ROOT;11599;13;11597;20;;;11605;20;11607;26;;;11602.0;0.0
yf_ADM_d7;33800;ASH_COATED_OSMIUM;9925;11;9922;25;;;9931;6;9934;27;;;9928.0;0.0
yf_ADM_d7;33800;INTARIAN_PEPPER_ROOT;11599;13;11595;14;;;11605;11;11609;18;;;11602.0;0.0
yf_ADM_d7;33900;ASH_COATED_OSMIUM;9925;7;9922;17;;;9931;13;9934;19;;;9928.0;0.0
yf_ADM_d7;33900;INTARIAN_PEPPER_ROOT;11600;21;11596;19;;;11606;15;11608;20;;;11603.0;0.0
yf_ADM_d7;34000;ASH_COATED_OSMIUM;9924;20;9921;23;;;9932;14;9934;8;;;9928.0;0.0
yf_ADM_d7;34000;INTARIAN_PEPPER_ROOT;11601;11;11597;24;;;11613;21;11615;20;;;11607.0;0.0
yf_ADM_d7;34100;ASH_COATED_OSMIUM;9925;15;9923;18;;;9931;9;9933;15;;;9928.0;0.0
yf_ADM_d7;34100;INTARIAN_PEPPER_ROOT;11607;10;11605;12;;;11613;9;11617;24;;;11610.0;0.0
yf_ADM_d7;34200;ASH_COATED_OSMIUM;9921;19;9918;27;;;9936;16;9940;14;;;9928.5;0.0
yf_ADM_d7;34200;INTARIAN_PEPPER_ROOT;11606;12;11602;25;;;11621;14;11623;21;;;11613.5;0.0
yf_ADM_d7;34300;ASH_COATED_OSMIUM;9925;14;9923;10;;;9931;10;9933;20;;;9928.0;0.0
yf_ADM_d7;34300;INTARIAN_PEPPER_ROOT;11613;17;11610;20;;;11619;16;11623;13;;;11616.0;0.0
yf_ADM_d7;34400;ASH_COATED_OSMIUM;9923;13;9919;13;;;9933;16;9937;16;;;9928.0;0.0
yf_ADM_d7;34400;INTARIAN_PEPPER_ROOT;11616;15;11612;16;;;11622;10;11626;20;;;11619.0;0.0
yf_ADM_d7;34500;ASH_COATED_OSMIUM;9925;9;9921;21;;;9932;15;9935;20;;;9928.5;0.0
yf_ADM_d7;34500;INTARIAN_PEPPER_ROOT;11619;8;11616;13;;;11626;11;11630;18;;;11622.5;0.0
yf_ADM_d7;34600;ASH_COATED_OSMIUM;9908;22;9905;16;;;9949;8;9953;14;;;9928.5;0.0
yf_ADM_d7;34600;INTARIAN_PEPPER_ROOT;11623;16;11619;21;;;11629;21;11632;25;;;11626.0;0.0
yf_ADM_d7;34700;ASH_COATED_OSMIUM;9923;15;9919;12;;;9935;8;9938;20;;;9929.0;0.0
yf_ADM_d7;34700;INTARIAN_PEPPER_ROOT;11624;13;11620;23;;;11634;13;11637;31;;;11629.0;0.0
yf_ADM_d7;34800;ASH_COATED_OSMIUM;9921;9;9919;21;;;9936;14;9939;18;;;9928.5;0.0
yf_ADM_d7;34800;INTARIAN_PEPPER_ROOT;11626;10;11624;13;;;11640;10;11643;21;;;11633.0;0.0
yf_ADM_d7;34900;ASH_COATED_OSMIUM;9926;7;9924;18;;;9932;6;9936;14;;;9929.0;0.0
yf_ADM_d7;34900;INTARIAN_PEPPER_ROOT;11633;9;11629;17;;;11640;25;11643;21;;;11636.5;0.0
yf_ADM_d7;35000;ASH_COATED_OSMIUM;9926;14;9923;19;;;9932;15;9934;15;;;9929.0;0.0
yf_ADM_d7;35000;INTARIAN_PEPPER_ROOT;11636;14;11633;25;;;11642;15;11645;17;;;11639.0;0.0
yf_ADM_d7;35100;ASH_COATED_OSMIUM;9925;7;9921;28;;;9932;12;9936;13;;;9928.5;0.0
yf_ADM_d7;35100;INTARIAN_PEPPER_ROOT;11640;24;11636;21;;;11646;21;11650;14;;;11643.0;0.0
yf_ADM_d7;35200;ASH_COATED_OSMIUM;9920;18;9917;24;;;9937;18;9941;19;;;9928.5;0.0
yf_ADM_d7;35200;INTARIAN_PEPPER_ROOT;11642;15;11638;20;;;11651;17;11654;21;;;11646.5;0.0
yf_ADM_d7;35300;ASH_COATED_OSMIUM;9926;19;9923;15;;;9932;16;9936;19;;;9929.0;0.0
yf_ADM_d7;35300;INTARIAN_PEPPER_ROOT;11647;22;11645;19;;;11653;5;11656;15;;;11650.0;0.0
yf_ADM_d7;35400;ASH_COATED_OSMIUM;9921;5;9918;22;;;9937;9;9939;27;;;9929.0;0.0
yf_ADM_d7;35400;INTARIAN_PEPPER_ROOT;11650;5;11647;18;;;11656;16;11658;23;;;11653.0;0.0
yf_ADM_d7;35500;ASH_COATED_OSMIUM;9926;22;9922;16;;;9932;15;9934;23;;;9929.0;0.0
yf_ADM_d7;35500;INTARIAN_PEPPER_ROOT;11653;15;11650;26;;;11659;13;11663;18;;;11656.0;0.0
yf_ADM_d7;35600;ASH_COATED_OSMIUM;9919;15;9917;13;;;9940;14;9944;26;;;9929.5;0.0
yf_ADM_d7;35600;INTARIAN_PEPPER_ROOT;11654;9;11651;17;;;11663;13;11666;27;;;11658.5;0.0
yf_ADM_d7;35700;ASH_COATED_OSMIUM;9924;16;9922;29;;;9935;12;9938;32;;;9929.5;0.0
yf_ADM_d7;35700;INTARIAN_PEPPER_ROOT;11660;21;11658;22;;;11666;12;11668;14;;;11663.0;0.0
yf_ADM_d7;35800;ASH_COATED_OSMIUM;9924;14;9921;25;;;9933;16;9937;23;;;9928.5;0.0
yf_ADM_d7;35800;INTARIAN_PEPPER_ROOT;11658;8;11656;27;;;11671;14;11674;16;;;11664.5;0.0
yf_ADM_d7;35900;ASH_COATED_OSMIUM;9926;10;9922;24;;;9932;12;9934;21;;;9929.0;0.0
yf_ADM_d7;35900;INTARIAN_PEPPER_ROOT;11666;19;11664;24;;;11672;13;11674;19;;;11669.0;0.0
yf_ADM_d7;36000;ASH_COATED_OSMIUM;9927;5;9924;26;;;9933;9;9935;17;;;9930.0;0.0
yf_ADM_d7;36000;INTARIAN_PEPPER_ROOT;11669;19;11667;19;;;11675;16;11679;26;;;11672.0;0.0
yf_ADM_d7;36100;ASH_COATED_OSMIUM;9916;20;9914;17;;;9942;11;9946;23;;;9929.0;0.0
yf_ADM_d7;36100;INTARIAN_PEPPER_ROOT;11672;12;11669;29;;;11678;14;11681;23;;;11675.0;0.0
yf_ADM_d7;36200;ASH_COATED_OSMIUM;9919;12;9915;13;;;9939;12;9941;14;;;9929.0;0.0
yf_ADM_d7;36200;INTARIAN_PEPPER_ROOT;11675;19;11671;23;;;11681;15;11683;27;;;11678.0;0.0
yf_ADM_d7;36300;ASH_COATED_OSMIUM;9927;15;9924;21;;;9933;15;9937;26;;;9930.0;0.0
yf_ADM_d7;36300;INTARIAN_PEPPER_ROOT;11679;11;11676;21;;;11685;16;11688;21;;;11682.0;0.0
yf_ADM_d7;36400;ASH_COATED_OSMIUM;9920;14;9918;18;;;9938;17;9941;31;;;9929.0;0.0
yf_ADM_d7;36400;INTARIAN_PEPPER_ROOT;11682;12;11680;16;;;11688;18;11691;25;;;11685.0;0.0
yf_ADM_d7;36500;ASH_COATED_OSMIUM;9926;14;9922;18;;;9932;10;9935;21;;;9929.0;0.0
yf_ADM_d7;36500;INTARIAN_PEPPER_ROOT;11682;12;11680;19;;;11695;14;11698;9;;;11688.5;0.0
yf_ADM_d7;36600;ASH_COATED_OSMIUM;9924;16;9921;20;;;9934;15;9938;21;;;9929.0;0.0
yf_ADM_d7;36600;INTARIAN_PEPPER_ROOT;11688;22;11686;22;;;11695;14;11697;26;;;11691.5;0.0
yf_ADM_d7;36700;ASH_COATED_OSMIUM;9927;16;9925;23;;;9933;27;9936;19;;;9930.0;0.0
yf_ADM_d7;36700;INTARIAN_PEPPER_ROOT;11693;13;11690;15;;;11699;18;11701;14;;;11696.0;0.0
yf_ADM_d7;36800;ASH_COATED_OSMIUM;9927;8;9923;13;;;9933;12;9935;22;;;9930.0;0.0
yf_ADM_d7;36800;INTARIAN_PEPPER_ROOT;11693;6;11689;28;;;11704;25;11708;9;;;11698.5;0.0
yf_ADM_d7;36900;ASH_COATED_OSMIUM;9901;7;9897;15;;;9958;17;9962;23;;;9929.5;0.0
yf_ADM_d7;36900;INTARIAN_PEPPER_ROOT;11699;13;11696;19;;;11705;28;11708;9;;;11702.0;0.0
yf_ADM_d7;37000;ASH_COATED_OSMIUM;9920;21;9918;22;;;9939;12;9941;17;;;9929.5;0.0
yf_ADM_d7;37000;INTARIAN_PEPPER_ROOT;11702;17;11698;22;;;11708;26;11711;23;;;11705.0;0.0
yf_ADM_d7;37100;ASH_COATED_OSMIUM;9927;10;9924;28;;;9933;19;9935;20;;;9930.0;0.0
yf_ADM_d7;37100;INTARIAN_PEPPER_ROOT;11705;19;11701;15;;;11711;13;11714;17;;;11708.0;0.0
yf_ADM_d7;37200;ASH_COATED_OSMIUM;9925;22;9923;32;;;9933;24;9937;16;;;9929.0;0.0
yf_ADM_d7;37200;INTARIAN_PEPPER_ROOT;11709;21;11705;17;;;11715;8;11719;28;;;11712.0;0.0
yf_ADM_d7;37300;ASH_COATED_OSMIUM;9925;7;9923;21;;;9934;20;9937;23;;;9929.5;0.0
yf_ADM_d7;37300;INTARIAN_PEPPER_ROOT;11711;6;11707;13;;;11718;16;11722;17;;;11714.5;0.0
yf_ADM_d7;37400;ASH_COATED_OSMIUM;9920;17;9916;17;;;9939;22;9943;20;;;9929.5;0.0
yf_ADM_d7;37400;INTARIAN_PEPPER_ROOT;11710;8;11708;20;;;11725;13;11727;17;;;11717.5;0.0
yf_ADM_d7;37500;ASH_COATED_OSMIUM;9926;18;9924;10;;;9933;10;9935;18;;;9929.5;0.0
yf_ADM_d7;37500;INTARIAN_PEPPER_ROOT;11715;12;11711;24;;;11726;7;11729;18;;;11720.5;0.0
yf_ADM_d7;37600;ASH_COATED_OSMIUM;9927;14;9923;17;;;9933;11;9937;21;;;9930.0;0.0
yf_ADM_d7;37600;INTARIAN_PEPPER_ROOT;11721;20;11719;24;;;11728;14;11730;24;;;11724.5;0.0
yf_ADM_d7;37700;ASH_COATED_OSMIUM;9909;21;9907;16;;;9951;11;9953;26;;;9930.0;0.0
yf_ADM_d7;37700;INTARIAN_PEPPER_ROOT;11712;18;11708;15;;;11743;10;11746;28;;;11727.5;0.0
yf_ADM_d7;37800;ASH_COATED_OSMIUM;9927;8;9924;21;;;9933;19;9936;23;;;9930.0;0.0
yf_ADM_d7;37800;INTARIAN_PEPPER_ROOT;11728;12;11726;16;;;11734;8;11737;28;;;11731.0;0.0
yf_ADM_d7;37900;ASH_COATED_OSMIUM;9927;15;9923;28;;;9933;19;9936;20;;;9930.0;0.0
yf_ADM_d7;37900;INTARIAN_PEPPER_ROOT;11731;11;11728;16;;;11737;11;11740;14;;;11734.0;0.0
yf_ADM_d7;38000;ASH_COATED_OSMIUM;9927;11;9923;20;;;9933;12;9936;32;;;9930.0;0.0
yf_ADM_d7;38000;INTARIAN_PEPPER_ROOT;11734;14;11731;22;;;11740;12;11742;26;;;11737.0;0.0
yf_ADM_d7;38100;ASH_COATED_OSMIUM;9918;9;9914;19;;;9942;24;9946;20;;;9930.0;0.0
yf_ADM_d7;38100;INTARIAN_PEPPER_ROOT;11735;13;11732;15;;;11747;19;11751;22;;;11741.0;0.0
yf_ADM_d7;38200;ASH_COATED_OSMIUM;9927;20;9925;13;;;9933;7;9935;22;;;9930.0;0.0
yf_ADM_d7;38200;INTARIAN_PEPPER_ROOT;11733;16;11729;22;;;11755;7;11759;20;;;11744.0;0.0
yf_ADM_d7;38300;ASH_COATED_OSMIUM;9923;15;9921;28;;;9938;24;9940;20;;;9930.5;0.0
yf_ADM_d7;38300;INTARIAN_PEPPER_ROOT;11745;11;11743;20;;;11751;18;11755;22;;;11748.0;0.0
yf_ADM_d7;38400;ASH_COATED_OSMIUM;9927;18;9923;15;;;9933;15;9935;19;;;9930.0;0.0
yf_ADM_d7;38400;INTARIAN_PEPPER_ROOT;11741;23;11737;10;;;11759;13;11762;28;;;11750.0;0.0
yf_ADM_d7;38500;ASH_COATED_OSMIUM;9927;22;9925;18;;;9933;9;9936;26;;;9930.0;0.0
yf_ADM_d7;38500;INTARIAN_PEPPER_ROOT;11747;16;11743;10;;;11760;12;11762;20;;;11753.5;0.0
yf_ADM_d7;38600;ASH_COATED_OSMIUM;9928;14;9924;21;;;9934;18;9936;16;;;9931.0;0.0
yf_ADM_d7;38600;INTARIAN_PEPPER_ROOT;11754;5;11752;19;;;11760;13;11764;20;;;11757.0;0.0
yf_ADM_d7;38700;ASH_COATED_OSMIUM;9927;11;9925;20;;;9933;18;9937;13;;;9930.0;0.0
yf_ADM_d7;38700;INTARIAN_PEPPER_ROOT;11755;7;11752;8;;;11765;16;11767;14;;;11760.0;0.0
yf_ADM_d7;38800;ASH_COATED_OSMIUM;9927;8;9925;21;;;9933;18;9936;11;;;9930.0;0.0
yf_ADM_d7;38800;INTARIAN_PEPPER_ROOT;11758;18;11754;23;;;11770;15;11773;15;;;11764.0;0.0
yf_ADM_d7;38900;ASH_COATED_OSMIUM;9927;10;9925;19;;;9933;16;9936;13;;;9930.0;0.0
yf_ADM_d7;38900;INTARIAN_PEPPER_ROOT;11762;20;11760;22;;;11771;19;11773;17;;;11766.5;0.0
yf_ADM_d7;39000;ASH_COATED_OSMIUM;9923;12;9920;21;;;9938;16;9941;30;;;9930.5;0.0
yf_ADM_d7;39000;INTARIAN_PEPPER_ROOT;11767;9;11764;19;;;11773;23;11775;18;;;11770.0;0.0
yf_ADM_d7;39100;ASH_COATED_OSMIUM;9928;18;9925;16;;;9934;12;9936;23;;;9931.0;0.0
yf_ADM_d7;39100;INTARIAN_PEPPER_ROOT;11770;10;11766;33;;;11776;14;11780;21;;;11773.0;0.0
yf_ADM_d7;39200;ASH_COATED_OSMIUM;9923;22;9919;16;;;9937;19;9941;26;;;9930.0;0.0
yf_ADM_d7;39200;INTARIAN_PEPPER_ROOT;11774;5;11772;22;;;11780;10;11783;16;;;11777.0;0.0
yf_ADM_d7;39300;ASH_COATED_OSMIUM;9926;14;9923;8;;;9936;14;9938;21;;;9931.0;0.0
yf_ADM_d7;39300;INTARIAN_PEPPER_ROOT;11776;16;11773;26;;;11783;18;11787;18;;;11779.5;0.0
yf_ADM_d7;39400;ASH_COATED_OSMIUM;9913;20;9910;16;;;9947;23;9950;15;;;9930.0;0.0
yf_ADM_d7;39400;INTARIAN_PEPPER_ROOT;11780;13;11777;17;;;11786;12;11788;11;;;11783.0;0.0
yf_ADM_d7;39500;ASH_COATED_OSMIUM;9927;19;9925;14;;;9933;20;9936;20;;;9930.0;0.0
yf_ADM_d7;39500;INTARIAN_PEPPER_ROOT;11783;19;11781;23;;;11789;12;11792;12;;;11786.0;0.0
yf_ADM_d7;39600;ASH_COATED_OSMIUM;9928;21;9925;21;;;9934;17;9936;22;;;9931.0;0.0
yf_ADM_d7;39600;INTARIAN_PEPPER_ROOT;11787;14;11783;19;;;11793;13;11797;11;;;11790.0;0.0
yf_ADM_d7;39700;ASH_COATED_OSMIUM;9928;10;9925;14;;;9934;11;9937;13;;;9931.0;0.0
yf_ADM_d7;39700;INTARIAN_PEPPER_ROOT;11790;7;11787;16;;;11796;12;11799;21;;;11793.0;0.0
yf_ADM_d7;39800;ASH_COATED_OSMIUM;9928;8;9924;8;;;9934;5;9938;16;;;9931.0;0.0
yf_ADM_d7;39800;INTARIAN_PEPPER_ROOT;11793;20;11791;18;;;11799;23;11802;23;;;11796.0;0.0
yf_ADM_d7;39900;ASH_COATED_OSMIUM;9928;19;9926;26;;;9934;12;9938;18;;;9931.0;0.0
yf_ADM_d7;39900;INTARIAN_PEPPER_ROOT;11788;16;11785;19;;;11811;23;11815;18;;;11799.5;0.0
yf_ADM_d7;40000;ASH_COATED_OSMIUM;9922;12;9918;17;;;9939;16;9941;19;;;9930.5;0.0
yf_ADM_d7;40000;INTARIAN_PEPPER_ROOT;11796;16;11793;12;;;11809;12;11813;29;;;11802.5;0.0
yf_ADM_d7;40100;ASH_COATED_OSMIUM;9928;12;9926;13;;;9934;15;9938;9;;;9931.0;0.0
yf_ADM_d7;40100;INTARIAN_PEPPER_ROOT;11802;19;11800;21;;;11808;16;11812;32;;;11805.0;0.0
yf_ADM_d7;40200;ASH_COATED_OSMIUM;9928;10;9925;19;;;9934;17;9936;8;;;9931.0;0.0
yf_ADM_d7;40200;INTARIAN_PEPPER_ROOT;11806;17;11804;20;;;11812;13;11816;16;;;11809.0;0.0
yf_ADM_d7;40300;ASH_COATED_OSMIUM;9925;19;9923;24;;;9938;8;9941;18;;;9931.5;0.0
yf_ADM_d7;40300;INTARIAN_PEPPER_ROOT;11809;15;11807;14;;;11815;18;11817;14;;;11812.0;0.0
yf_ADM_d7;40400;ASH_COATED_OSMIUM;9922;20;9918;32;;;9940;21;9942;17;;;9931.0;0.0
yf_ADM_d7;40400;INTARIAN_PEPPER_ROOT;11813;14;11811;18;;;11819;21;11823;20;;;11816.0;0.0
yf_ADM_d7;40500;ASH_COATED_OSMIUM;9928;16;9926;30;;;9934;16;9937;17;;;9931.0;0.0
yf_ADM_d7;40500;INTARIAN_PEPPER_ROOT;11810;15;11807;21;;;11828;23;11832;22;;;11819.0;0.0
yf_ADM_d7;40600;ASH_COATED_OSMIUM;9927;13;9925;22;;;9935;15;9939;23;;;9931.0;0.0
yf_ADM_d7;40600;INTARIAN_PEPPER_ROOT;11819;15;11815;22;;;11825;19;11828;13;;;11822.0;0.0
yf_ADM_d7;40700;ASH_COATED_OSMIUM;9928;20;9924;20;;;9934;17;9937;15;;;9931.0;0.0
yf_ADM_d7;40700;INTARIAN_PEPPER_ROOT;11822;18;11818;17;;;11828;14;11831;14;;;11825.0;0.0
yf_ADM_d7;40800;ASH_COATED_OSMIUM;9926;30;9924;22;;;9936;14;9940;30;;;9931.0;0.0
yf_ADM_d7;40800;INTARIAN_PEPPER_ROOT;11826;16;11823;14;;;11832;16;11835;28;;;11829.0;0.0
yf_ADM_d7;40900;ASH_COATED_OSMIUM;9928;5;9925;21;;;9934;19;9936;24;;;9931.0;0.0
yf_ADM_d7;40900;INTARIAN_PEPPER_ROOT;11829;6;11827;18;;;11835;26;11838;19;;;11832.0;0.0
yf_ADM_d7;41000;ASH_COATED_OSMIUM;9926;18;9923;19;;;9935;17;9939;27;;;9930.5;0.0
yf_ADM_d7;41000;INTARIAN_PEPPER_ROOT;11821;22;11817;25;;;11848;20;11852;21;;;11834.5;0.0
yf_ADM_d7;41100;ASH_COATED_OSMIUM;9927;21;9924;22;;;9936;12;9939;23;;;9931.5;0.0
yf_ADM_d7;41100;INTARIAN_PEPPER_ROOT;11831;16;11828;23;;;11846;19;11848;25;;;11838.5;0.0
yf_ADM_d7;41200;ASH_COATED_OSMIUM;9928;20;9925;25;;;9934;17;9938;16;;;9931.0;0.0
yf_ADM_d7;41200;INTARIAN_PEPPER_ROOT;11833;16;11829;18;;;11851;11;11855;23;;;11842.0;0.0
yf_ADM_d7;41300;ASH_COATED_OSMIUM;9928;12;9924;21;;;9934;8;9938;18;;;9931.0;0.0
yf_ADM_d7;41300;INTARIAN_PEPPER_ROOT;11843;12;11840;24;;;11849;9;11852;19;;;11846.0;0.0
yf_ADM_d7;41400;ASH_COATED_OSMIUM;9927;13;9923;27;;;9935;15;9939;19;;;9931.0;0.0
yf_ADM_d7;41400;INTARIAN_PEPPER_ROOT;11845;12;11842;20;;;11851;15;11854;18;;;11848.0;0.0
yf_ADM_d7;41500;ASH_COATED_OSMIUM;9924;13;9922;25;;;9938;17;9942;14;;;9931.0;0.0
yf_ADM_d7;41500;INTARIAN_PEPPER_ROOT;11840;8;11836;25;;;11862;19;11866;22;;;11851.0;0.0
yf_ADM_d7;41600;ASH_COATED_OSMIUM;9925;16;9923;16;;;9937;23;9939;25;;;9931.0;0.0
yf_ADM_d7;41600;INTARIAN_PEPPER_ROOT;11852;9;11849;21;;;11858;18;11861;25;;;11855.0;0.0
yf_ADM_d7;41700;ASH_COATED_OSMIUM;9918;23;9915;20;;;9944;16;9946;32;;;9931.0;0.0
yf_ADM_d7;41700;INTARIAN_PEPPER_ROOT;11855;12;11851;11;;;11861;17;11863;25;;;11858.0;0.0
yf_ADM_d7;41800;ASH_COATED_OSMIUM;9928;14;9926;18;;;9934;11;9938;23;;;9931.0;0.0
yf_ADM_d7;41800;INTARIAN_PEPPER_ROOT;11850;15;11847;14;;;11873;10;11876;20;;;11861.5;0.0
yf_ADM_d7;41900;ASH_COATED_OSMIUM;9929;20;9927;22;;;9935;22;9939;15;;;9932.0;0.0
yf_ADM_d7;41900;INTARIAN_PEPPER_ROOT;11862;17;11859;21;;;11868;16;11871;21;;;11865.0;0.0
yf_ADM_d7;42000;ASH_COATED_OSMIUM;9927;21;9925;17;;;9936;19;9938;18;;;9931.5;0.0
yf_ADM_d7;42000;INTARIAN_PEPPER_ROOT;11865;9;11862;27;;;11871;11;11873;18;;;11868.0;0.0
yf_ADM_d7;42100;ASH_COATED_OSMIUM;9929;13;9927;19;;;9935;21;9939;22;;;9932.0;0.0
yf_ADM_d7;42100;INTARIAN_PEPPER_ROOT;11868;7;11865;21;;;11874;11;11878;19;;;11871.0;0.0
yf_ADM_d7;42200;ASH_COATED_OSMIUM;9927;17;9925;12;;;9936;13;9940;26;;;9931.5;0.0
yf_ADM_d7;42200;INTARIAN_PEPPER_ROOT;11871;15;11867;24;;;11878;22;11880;18;;;11874.5;0.0
yf_ADM_d7;42300;ASH_COATED_OSMIUM;9929;14;9927;27;;;9935;13;9938;18;;;9932.0;0.0
yf_ADM_d7;42300;INTARIAN_PEPPER_ROOT;11872;10;11870;27;;;11884;14;11888;21;;;11878.0;0.0
yf_ADM_d7;42400;ASH_COATED_OSMIUM;9929;13;9925;17;;;9935;14;9939;20;;;9932.0;0.0
yf_ADM_d7;42400;INTARIAN_PEPPER_ROOT;11878;24;11874;20;;;11884;10;11887;23;;;11881.0;0.0
yf_ADM_d7;42500;ASH_COATED_OSMIUM;9925;15;9921;23;;;9939;9;9941;20;;;9932.0;0.0
yf_ADM_d7;42500;INTARIAN_PEPPER_ROOT;11881;15;11878;8;;;11887;16;11891;23;;;11884.0;0.0
yf_ADM_d7;42600;ASH_COATED_OSMIUM;9928;9;9926;15;;;9934;10;9938;14;;;9931.0;0.0
yf_ADM_d7;42600;INTARIAN_PEPPER_ROOT;11884;8;11881;17;;;11891;20;11893;13;;;11887.5;0.0
yf_ADM_d7;42700;ASH_COATED_OSMIUM;9928;17;9925;12;;;9936;11;9939;15;;;9932.0;0.0
yf_ADM_d7;42700;INTARIAN_PEPPER_ROOT;11888;21;11885;20;;;11894;18;11898;34;;;11891.0;0.0
yf_ADM_d7;42800;ASH_COATED_OSMIUM;9929;11;9925;22;;;9935;18;9937;17;;;9932.0;0.0
yf_ADM_d7;42800;INTARIAN_PEPPER_ROOT;11891;16;11887;16;;;11897;17;11901;13;;;11894.0;0.0
yf_ADM_d7;42900;ASH_COATED_OSMIUM;9929;8;9927;18;;;9935;16;9939;26;;;9932.0;0.0
yf_ADM_d7;42900;INTARIAN_PEPPER_ROOT;11894;24;11891;15;;;11900;9;11903;9;;;11897.0;0.0
yf_ADM_d7;43000;ASH_COATED_OSMIUM;9930;5;9928;21;;;9936;19;9939;14;;;9933.0;0.0
yf_ADM_d7;43000;INTARIAN_PEPPER_ROOT;11897;5;11895;18;;;11903;9;11905;24;;;11900.0;0.0
yf_ADM_d7;43100;ASH_COATED_OSMIUM;9925;13;9922;23;;;9939;15;9942;20;;;9932.0;0.0
yf_ADM_d7;43100;INTARIAN_PEPPER_ROOT;11901;17;11899;19;;;11907;13;11910;18;;;11904.0;0.0
yf_ADM_d7;43200;ASH_COATED_OSMIUM;9929;20;9925;20;;;9935;15;9939;14;;;9932.0;0.0
yf_ADM_d7;43200;INTARIAN_PEPPER_ROOT;11902;10;11898;21;;;11913;12;11916;16;;;11907.5;0.0
yf_ADM_d7;43300;ASH_COATED_OSMIUM;9929;10;9925;19;;;9935;18;9938;19;;;9932.0;0.0
yf_ADM_d7;43300;INTARIAN_PEPPER_ROOT;11905;13;11901;24;;;11915;10;11918;18;;;11910.0;0.0
yf_ADM_d7;43400;ASH_COATED_OSMIUM;9929;11;9925;22;;;9935;14;9937;17;;;9932.0;0.0
yf_ADM_d7;43400;INTARIAN_PEPPER_ROOT;11911;14;11908;18;;;11917;9;11919;17;;;11914.0;0.0
yf_ADM_d7;43500;ASH_COATED_OSMIUM;9928;25;9924;25;;;9937;10;9940;23;;;9932.5;0.0
yf_ADM_d7;43500;INTARIAN_PEPPER_ROOT;11914;13;11911;13;;;11920;15;11922;25;;;11917.0;0.0
yf_ADM_d7;43600;ASH_COATED_OSMIUM;9929;19;9926;18;;;9935;5;9937;22;;;9932.0;0.0
yf_ADM_d7;43600;INTARIAN_PEPPER_ROOT;11917;27;11913;17;;;11923;14;11927;28;;;11920.0;0.0
yf_ADM_d7;43700;ASH_COATED_OSMIUM;9930;17;9928;19;;;9936;13;9938;20;;;9933.0;0.0
yf_ADM_d7;43700;INTARIAN_PEPPER_ROOT;11914;15;11911;12;;;11931;21;11933;23;;;11922.5;0.0
yf_ADM_d7;43800;ASH_COATED_OSMIUM;9929;15;9925;12;;;9935;18;9938;22;;;9932.0;0.0
yf_ADM_d7;43800;INTARIAN_PEPPER_ROOT;11923;9;11920;19;;;11929;14;11933;19;;;11926.0;0.0
yf_ADM_d7;43900;ASH_COATED_OSMIUM;9922;11;9919;21;;;9943;14;9945;17;;;9932.5;0.0
yf_ADM_d7;43900;INTARIAN_PEPPER_ROOT;11927;21;11925;16;;;11933;19;11936;20;;;11930.0;0.0
yf_ADM_d7;44000;ASH_COATED_OSMIUM;9928;18;9925;25;;;9938;15;9942;15;;;9933.0;0.0
yf_ADM_d7;44000;INTARIAN_PEPPER_ROOT;11930;5;11926;21;;;11936;19;11940;21;;;11933.0;0.0
yf_ADM_d7;44100;ASH_COATED_OSMIUM;9929;8;9925;31;;;9936;8;9940;26;;;9932.5;0.0
yf_ADM_d7;44100;INTARIAN_PEPPER_ROOT;11933;13;11931;14;;;11939;14;11943;20;;;11936.0;0.0
yf_ADM_d7;44200;ASH_COATED_OSMIUM;9930;9;9928;20;;;9936;16;9939;19;;;9933.0;0.0
yf_ADM_d7;44200;INTARIAN_PEPPER_ROOT;11937;25;11933;21;;;11943;23;11946;11;;;11940.0;0.0
yf_ADM_d7;44300;ASH_COATED_OSMIUM;9929;20;9925;14;;;9935;6;9939;14;;;9932.0;0.0
yf_ADM_d7;44300;INTARIAN_PEPPER_ROOT;11939;9;11937;23;;;11945;13;11947;12;;;11942.0;0.0
yf_ADM_d7;44400;ASH_COATED_OSMIUM;9929;15;9925;20;;;9935;16;9938;11;;;9932.0;0.0
yf_ADM_d7;44400;INTARIAN_PEPPER_ROOT;11932;5;11928;19;;;11959;22;11961;20;;;11945.5;0.0
yf_ADM_d7;44500;ASH_COATED_OSMIUM;9930;25;9927;18;;;9936;13;9940;22;;;9933.0;0.0
yf_ADM_d7;44500;INTARIAN_PEPPER_ROOT;11947;17;11944;19;;;11953;14;11957;20;;;11950.0;0.0
yf_ADM_d7;44600;ASH_COATED_OSMIUM;9930;5;9928;12;;;9936;11;9940;16;;;9933.0;0.0
yf_ADM_d7;44600;INTARIAN_PEPPER_ROOT;11949;18;11945;13;;;11957;13;11961;18;;;11953.0;0.0
yf_ADM_d7;44700;ASH_COATED_OSMIUM;9915;22;9911;8;;;9950;15;9952;17;;;9932.5;0.0
yf_ADM_d7;44700;INTARIAN_PEPPER_ROOT;11949;22;11946;13;;;11962;14;11966;22;;;11955.5;0.0
yf_ADM_d7;44800;ASH_COATED_OSMIUM;9927;5;9923;24;;;9938;12;9942;23;;;9932.5;0.0
yf_ADM_d7;44800;INTARIAN_PEPPER_ROOT;11955;22;11952;16;;;11964;17;11967;23;;;11959.5;0.0
yf_ADM_d7;44900;ASH_COATED_OSMIUM;9930;8;9928;12;;;9936;8;9940;19;;;9933.0;0.0
yf_ADM_d7;44900;INTARIAN_PEPPER_ROOT;11959;17;11957;15;;;11966;12;11968;19;;;11962.5;0.0
yf_ADM_d7;45000;ASH_COATED_OSMIUM;9930;14;9926;25;;;9936;11;9938;15;;;9933.0;0.0
yf_ADM_d7;45000;INTARIAN_PEPPER_ROOT;11963;12;11960;12;;;11969;10;11971;20;;;11966.0;0.0
yf_ADM_d7;45100;ASH_COATED_OSMIUM;9929;5;9927;25;;;9935;20;9937;15;;;9932.0;0.0
yf_ADM_d7;45100;INTARIAN_PEPPER_ROOT;11963;20;11959;18;;;11976;11;11979;24;;;11969.5;0.0
yf_ADM_d7;45200;ASH_COATED_OSMIUM;9928;17;9924;17;;;9937;16;9939;13;;;9932.5;0.0
yf_ADM_d7;45200;INTARIAN_PEPPER_ROOT;11970;13;11966;22;;;11976;14;11980;17;;;11973.0;0.0
yf_ADM_d7;45300;ASH_COATED_OSMIUM;9928;11;9924;11;;;9939;17;9943;22;;;9933.5;0.0
yf_ADM_d7;45300;INTARIAN_PEPPER_ROOT;11972;14;11968;16;;;11978;17;11982;15;;;11975.0;0.0
yf_ADM_d7;45400;ASH_COATED_OSMIUM;9931;17;9929;19;;;9937;11;9939;23;;;9934.0;0.0
yf_ADM_d7;45400;INTARIAN_PEPPER_ROOT;11976;19;11972;19;;;11982;15;11986;23;;;11979.0;0.0
yf_ADM_d7;45500;ASH_COATED_OSMIUM;9926;27;9922;14;;;9941;19;9945;17;;;9933.5;0.0
yf_ADM_d7;45500;INTARIAN_PEPPER_ROOT;11979;16;11977;17;;;11985;14;11989;23;;;11982.0;0.0
yf_ADM_d7;45600;ASH_COATED_OSMIUM;9929;20;9927;23;;;9938;16;9940;19;;;9933.5;0.0
yf_ADM_d7;45600;INTARIAN_PEPPER_ROOT;11982;14;11980;17;;;11988;9;11992;19;;;11985.0;0.0
yf_ADM_d7;45700;ASH_COATED_OSMIUM;9926;16;9922;18;;;9941;10;9943;24;;;9933.5;0.0
yf_ADM_d7;45700;INTARIAN_PEPPER_ROOT;11985;13;11981;23;;;11991;14;11993;10;;;11988.0;0.0
yf_ADM_d7;45800;ASH_COATED_OSMIUM;9921;15;9917;12;;;9946;17;9948;21;;;9933.5;0.0
yf_ADM_d7;45800;INTARIAN_PEPPER_ROOT;11989;13;11986;34;;;11995;20;11997;12;;;11992.0;0.0
yf_ADM_d7;45900;ASH_COATED_OSMIUM;9922;9;9919;13;;;9945;12;9948;26;;;9933.5;0.0
yf_ADM_d7;45900;INTARIAN_PEPPER_ROOT;11988;21;11984;24;;;12003;16;12006;22;;;11995.5;0.0
yf_ADM_d7;46000;ASH_COATED_OSMIUM;9931;14;9929;22;;;9937;20;9941;23;;;9934.0;0.0
yf_ADM_d7;46000;INTARIAN_PEPPER_ROOT;11993;16;11990;19;;;12004;14;12006;21;;;11998.5;0.0
yf_ADM_d7;46100;ASH_COATED_OSMIUM;9931;12;9929;12;;;9937;12;9939;24;;;9934.0;0.0
yf_ADM_d7;46100;INTARIAN_PEPPER_ROOT;11994;12;11992;25;;;12008;13;12010;28;;;12001.0;0.0
yf_ADM_d7;46200;ASH_COATED_OSMIUM;9930;12;9928;23;;;9937;9;9941;24;;;9933.5;0.0
yf_ADM_d7;46200;INTARIAN_PEPPER_ROOT;12001;13;11998;9;;;12007;11;12010;16;;;12004.0;0.0
yf_ADM_d7;46300;ASH_COATED_OSMIUM;9930;11;9928;19;;;9936;13;9938;13;;;9933.0;0.0
yf_ADM_d7;46300;INTARIAN_PEPPER_ROOT;12005;11;12003;31;;;12011;13;12013;22;;;12008.0;0.0
yf_ADM_d7;46400;ASH_COATED_OSMIUM;9928;5;9925;29;;;9939;8;9941;21;;;9933.5;0.0
yf_ADM_d7;46400;INTARIAN_PEPPER_ROOT;12008;18;12005;27;;;12014;22;12017;29;;;12011.0;0.0
yf_ADM_d7;46500;ASH_COATED_OSMIUM;9931;11;9929;17;;;9937;15;9940;14;;;9934.0;0.0
yf_ADM_d7;46500;INTARIAN_PEPPER_ROOT;12012;17;12010;20;;;12019;11;12023;13;;;12015.5;0.0
yf_ADM_d7;46600;ASH_COATED_OSMIUM;9928;21;9924;24;;;9940;13;9943;21;;;9934.0;0.0
yf_ADM_d7;46600;INTARIAN_PEPPER_ROOT;12015;22;12013;28;;;12022;15;12024;16;;;12018.5;0.0
yf_ADM_d7;46700;ASH_COATED_OSMIUM;9931;18;9928;17;;;9937;24;9939;26;;;9934.0;0.0
yf_ADM_d7;46700;INTARIAN_PEPPER_ROOT;12003;9;12000;22;;;12040;10;12042;15;;;12021.5;0.0
yf_ADM_d7;46800;ASH_COATED_OSMIUM;9931;17;9929;20;;;9937;11;9940;27;;;9934.0;0.0
yf_ADM_d7;46800;INTARIAN_PEPPER_ROOT;12022;17;12018;21;;;12028;21;12031;21;;;12025.0;0.0
yf_ADM_d7;46900;ASH_COATED_OSMIUM;9930;18;9927;26;;;9938;5;9941;20;;;9934.0;0.0
yf_ADM_d7;46900;INTARIAN_PEPPER_ROOT;12024;18;12021;17;;;12030;19;12033;17;;;12027.0;0.0
yf_ADM_d7;47000;ASH_COATED_OSMIUM;9927;15;9924;24;;;9940;19;9944;13;;;9933.5;0.0
yf_ADM_d7;47000;INTARIAN_PEPPER_ROOT;12028;7;12026;17;;;12034;9;12036;15;;;12031.0;0.0
yf_ADM_d7;47100;ASH_COATED_OSMIUM;9931;11;9927;21;;;9937;14;9941;19;;;9934.0;0.0
yf_ADM_d7;47100;INTARIAN_PEPPER_ROOT;12031;19;12028;10;;;12038;17;12042;21;;;12034.5;0.0
yf_ADM_d7;47200;ASH_COATED_OSMIUM;9930;17;9926;20;;;9936;15;9939;35;;;9933.0;0.0
yf_ADM_d7;47200;INTARIAN_PEPPER_ROOT;12034;5;12032;23;;;12040;16;12042;19;;;12037.0;0.0
yf_ADM_d7;47300;ASH_COATED_OSMIUM;9930;13;9926;23;;;9937;12;9939;22;;;9933.5;0.0
yf_ADM_d7;47300;INTARIAN_PEPPER_ROOT;12038;21;12036;28;;;12044;11;12048;23;;;12041.0;0.0
yf_ADM_d7;47400;ASH_COATED_OSMIUM;9931;25;9929;23;;;9937;20;9940;15;;;9934.0;0.0
yf_ADM_d7;47400;INTARIAN_PEPPER_ROOT;12041;15;12039;15;;;12047;14;12049;21;;;12044.0;0.0
yf_ADM_d7;47500;ASH_COATED_OSMIUM;9931;16;9929;19;;;9937;16;9939;32;;;9934.0;0.0
yf_ADM_d7;47500;INTARIAN_PEPPER_ROOT;12044;20;12040;20;;;12050;18;12053;26;;;12047.0;0.0
yf_ADM_d7;47600;ASH_COATED_OSMIUM;9931;11;9927;24;;;9937;9;9939;25;;;9934.0;0.0
yf_ADM_d7;47600;INTARIAN_PEPPER_ROOT;12047;15;12045;20;;;12053;19;12055;29;;;12050.0;0.0
yf_ADM_d7;47700;ASH_COATED_OSMIUM;9931;24;9929;18;;;9937;22;9941;14;;;9934.0;0.0
yf_ADM_d7;47700;INTARIAN_PEPPER_ROOT;12051;11;12048;16;;;12057;17;12060;20;;;12054.0;0.0
yf_ADM_d7;47800;ASH_COATED_OSMIUM;9928;11;9924;15;;;9940;11;9944;18;;;9934.0;0.0
yf_ADM_d7;47800;INTARIAN_PEPPER_ROOT;12054;28;12052;11;;;12060;11;12062;16;;;12057.0;0.0
yf_ADM_d7;47900;ASH_COATED_OSMIUM;9931;14;9929;28;;;9937;17;9939;12;;;9934.0;0.0
yf_ADM_d7;47900;INTARIAN_PEPPER_ROOT;12056;15;12053;17;;;12064;16;12066;15;;;12060.0;0.0
yf_ADM_d7;48000;ASH_COATED_OSMIUM;9928;8;9926;16;;;9940;16;9942;18;;;9934.0;0.0
yf_ADM_d7;48000;INTARIAN_PEPPER_ROOT;12053;13;12050;16;;;12073;8;12077;17;;;12063.0;0.0
yf_ADM_d7;48100;ASH_COATED_OSMIUM;9932;17;9929;29;;;9938;7;9940;18;;;9935.0;0.0
yf_ADM_d7;48100;INTARIAN_PEPPER_ROOT;12064;14;12062;22;;;12070;13;12073;21;;;12067.0;0.0
yf_ADM_d7;48200;ASH_COATED_OSMIUM;9932;17;9929;19;;;9938;8;9942;27;;;9935.0;0.0
yf_ADM_d7;48200;INTARIAN_PEPPER_ROOT;12058;16;12056;21;;;12082;20;12085;20;;;12070.0;0.0
yf_ADM_d7;48300;ASH_COATED_OSMIUM;9931;24;9929;17;;;9937;11;9940;32;;;9934.0;0.0
yf_ADM_d7;48300;INTARIAN_PEPPER_ROOT;12069;14;12066;12;;;12078;9;12080;13;;;12073.5;0.0
yf_ADM_d7;48400;ASH_COATED_OSMIUM;9927;12;9925;21;;;9942;10;9945;16;;;9934.5;0.0
yf_ADM_d7;48400;INTARIAN_PEPPER_ROOT;12073;22;12069;25;;;12079;16;12083;14;;;12076.0;0.0
yf_ADM_d7;48500;ASH_COATED_OSMIUM;9932;12;9930;24;;;9938;23;9941;26;;;9935.0;0.0
yf_ADM_d7;48500;INTARIAN_PEPPER_ROOT;12074;12;12071;20;;;12087;17;12089;18;;;12080.5;0.0
yf_ADM_d7;48600;ASH_COATED_OSMIUM;9929;17;9927;24;;;9939;19;9942;21;;;9934.0;0.0
yf_ADM_d7;48600;INTARIAN_PEPPER_ROOT;12080;12;12076;19;;;12086;11;12090;11;;;12083.0;0.0
yf_ADM_d7;48700;ASH_COATED_OSMIUM;9921;15;9917;22;;;9950;11;9953;13;;;9935.5;0.0
yf_ADM_d7;48700;INTARIAN_PEPPER_ROOT;12083;20;12079;13;;;12089;10;12093;21;;;12086.0;0.0
yf_ADM_d7;48800;ASH_COATED_OSMIUM;9931;12;9927;13;;;9937;5;9941;20;;;9934.0;0.0
yf_ADM_d7;48800;INTARIAN_PEPPER_ROOT;12087;13;12085;27;;;12093;6;12097;9;;;12090.0;0.0
yf_ADM_d7;48900;ASH_COATED_OSMIUM;9931;24;9929;25;;;9937;19;9941;29;;;9934.0;0.0
yf_ADM_d7;48900;INTARIAN_PEPPER_ROOT;12090;11;12087;27;;;12096;15;12098;13;;;12093.0;0.0
yf_ADM_d7;49000;ASH_COATED_OSMIUM;9928;5;9926;24;;;9942;12;9945;23;;;9935.0;0.0
yf_ADM_d7;49000;INTARIAN_PEPPER_ROOT;12094;8;12090;21;;;12100;11;12103;22;;;12097.0;0.0
yf_ADM_d7;49100;ASH_COATED_OSMIUM;9932;15;9929;28;;;9938;17;9942;19;;;9935.0;0.0
yf_ADM_d7;49100;INTARIAN_PEPPER_ROOT;12097;8;12094;20;;;12103;6;12105;23;;;12100.0;0.0
yf_ADM_d7;49200;ASH_COATED_OSMIUM;9927;17;9923;30;;;9943;25;9947;28;;;9935.0;0.0
yf_ADM_d7;49200;INTARIAN_PEPPER_ROOT;12100;16;12098;18;;;12106;18;12110;13;;;12103.0;0.0
yf_ADM_d7;49300;ASH_COATED_OSMIUM;9932;16;9929;24;;;9938;17;9940;22;;;9935.0;0.0
yf_ADM_d7;49300;INTARIAN_PEPPER_ROOT;12101;12;12097;16;;;12112;10;12116;26;;;12106.5;0.0
yf_ADM_d7;49400;ASH_COATED_OSMIUM;9932;17;9930;20;;;9938;17;9941;15;;;9935.0;0.0
yf_ADM_d7;49400;INTARIAN_PEPPER_ROOT;12102;9;12098;23;;;12117;11;12120;16;;;12109.5;0.0
yf_ADM_d7;49500;ASH_COATED_OSMIUM;9924;16;9921;22;;;9946;11;9949;22;;;9935.0;0.0
yf_ADM_d7;49500;INTARIAN_PEPPER_ROOT;12106;19;12104;21;;;12119;6;12122;13;;;12112.5;0.0
yf_ADM_d7;49600;ASH_COATED_OSMIUM;9928;10;9924;28;;;9942;13;9946;14;;;9935.0;0.0
yf_ADM_d7;49600;INTARIAN_PEPPER_ROOT;12113;8;12109;20;;;12119;8;12123;13;;;12116.0;0.0
yf_ADM_d7;49700;ASH_COATED_OSMIUM;9932;9;9930;22;;;9938;20;9941;22;;;9935.0;0.0
yf_ADM_d7;49700;INTARIAN_PEPPER_ROOT;12115;11;12113;19;;;12122;16;12125;22;;;12118.5;0.0
yf_ADM_d7;49800;ASH_COATED_OSMIUM;9932;12;9928;20;;;9938;6;9940;12;;;9935.0;0.0
yf_ADM_d7;49800;INTARIAN_PEPPER_ROOT;12119;14;12117;14;;;12125;14;12127;16;;;12122.0;0.0
yf_ADM_d7;49900;ASH_COATED_OSMIUM;9927;15;9923;19;;;9944;14;9947;8;;;9935.5;0.0
yf_ADM_d7;49900;INTARIAN_PEPPER_ROOT;12123;16;12119;21;;;12129;15;12131;19;;;12126.0;0.0
yf_ADM_d7;50000;ASH_COATED_OSMIUM;9925;11;9921;25;;;9947;12;9950;22;;;9936.0;0.0
yf_ADM_d7;50000;INTARIAN_PEPPER_ROOT;12126;20;12123;21;;;12132;21;12135;20;;;12129.0;0.0
yf_ADM_d7;50100;ASH_COATED_OSMIUM;9932;16;9928;27;;;9938;22;9941;25;;;9935.0;0.0
yf_ADM_d7;50100;INTARIAN_PEPPER_ROOT;12130;23;12128;21;;;12136;9;12139;15;;;12133.0;0.0
yf_ADM_d7;50200;ASH_COATED_OSMIUM;9926;18;9923;25;;;9944;13;9946;32;;;9935.0;0.0
yf_ADM_d7;50200;INTARIAN_PEPPER_ROOT;12125;16;12122;10;;;12147;21;12151;18;;;12136.0;0.0
yf_ADM_d7;50300;ASH_COATED_OSMIUM;9929;18;9926;20;;;9940;15;9944;19;;;9934.5;0.0
yf_ADM_d7;50300;INTARIAN_PEPPER_ROOT;12131;11;12127;24;;;12146;15;12149;12;;;12138.5;0.0
yf_ADM_d7;50400;ASH_COATED_OSMIUM;9932;26;9929;16;;;9938;18;9940;26;;;9935.0;0.0
yf_ADM_d7;50400;INTARIAN_PEPPER_ROOT;12139;17;12136;21;;;12145;21;12148;21;;;12142.0;0.0
yf_ADM_d7;50500;ASH_COATED_OSMIUM;9932;20;9929;18;;;9938;10;9942;22;;;9935.0;0.0
yf_ADM_d7;50500;INTARIAN_PEPPER_ROOT;12142;16;12140;19;;;12148;17;12151;16;;;12145.0;0.0
yf_ADM_d7;50600;ASH_COATED_OSMIUM;9927;19;9923;20;;;9943;7;9946;17;;;9935.0;0.0
yf_ADM_d7;50600;INTARIAN_PEPPER_ROOT;12146;16;12142;19;;;12152;26;12155;18;;;12149.0;0.0
yf_ADM_d7;50700;ASH_COATED_OSMIUM;9932;6;9930;19;;;9938;13;9940;22;;;9935.0;0.0
yf_ADM_d7;50700;INTARIAN_PEPPER_ROOT;12149;8;12147;18;;;12155;16;12157;24;;;12152.0;0.0
yf_ADM_d7;50800;ASH_COATED_OSMIUM;9932;21;9929;26;;;9938;10;9942;18;;;9935.0;0.0
yf_ADM_d7;50800;INTARIAN_PEPPER_ROOT;12147;14;12144;19;;;12163;12;12167;18;;;12155.0;0.0
yf_ADM_d7;50900;ASH_COATED_OSMIUM;9933;18;9930;16;;;9939;5;9943;22;;;9936.0;0.0
yf_ADM_d7;50900;INTARIAN_PEPPER_ROOT;12153;11;12150;20;;;12159;12;12161;12;;;12156.0;0.0
yf_ADM_d7;51000;ASH_COATED_OSMIUM;9932;15;9930;22;;;9938;16;9940;35;;;9935.0;0.0
yf_ADM_d7;51000;INTARIAN_PEPPER_ROOT;12154;16;12152;16;;;12160;16;12164;22;;;12157.0;0.0
yf_ADM_d7;51100;ASH_COATED_OSMIUM;9932;15;9930;23;;;9938;6;9941;17;;;9935.0;0.0
yf_ADM_d7;51100;INTARIAN_PEPPER_ROOT;12155;16;12151;20;;;12161;13;12163;19;;;12158.0;0.0
yf_ADM_d7;51200;ASH_COATED_OSMIUM;9932;21;9930;30;;;9938;9;9942;22;;;9935.0;0.0
yf_ADM_d7;51200;INTARIAN_PEPPER_ROOT;12154;5;12152;12;;;12162;17;12166;14;;;12158.0;0.0
yf_ADM_d7;51300;ASH_COATED_OSMIUM;9932;10;9928;16;;;9938;14;9942;24;;;9935.0;0.0
yf_ADM_d7;51300;INTARIAN_PEPPER_ROOT;12155;14;12153;16;;;12161;15;12163;24;;;12158.0;0.0
yf_ADM_d7;51400;ASH_COATED_OSMIUM;9931;7;9927;26;;;9939;14;9941;25;;;9935.0;0.0
yf_ADM_d7;51400;INTARIAN_PEPPER_ROOT;12155;11;12153;16;;;12163;19;12165;20;;;12159.0;0.0
yf_ADM_d7;51500;ASH_COATED_OSMIUM;9928;13;9925;18;;;9943;21;9947;21;;;9935.5;0.0
yf_ADM_d7;51500;INTARIAN_PEPPER_ROOT;12154;13;12150;21;;;12164;19;12166;16;;;12159.0;0.0
yf_ADM_d7;51600;ASH_COATED_OSMIUM;9931;13;9929;26;;;9938;15;9942;22;;;9934.5;0.0
yf_ADM_d7;51600;INTARIAN_PEPPER_ROOT;12143;5;12141;18;;;12177;13;12179;15;;;12160.0;0.0
yf_ADM_d7;51700;ASH_COATED_OSMIUM;9931;5;9927;22;;;9939;18;9943;10;;;9935.0;0.0
yf_ADM_d7;51700;INTARIAN_PEPPER_ROOT;12153;11;12151;22;;;12167;16;12169;27;;;12160.0;0.0
yf_ADM_d7;51800;ASH_COATED_OSMIUM;9932;15;9929;16;;;9938;9;9941;15;;;9935.0;0.0
yf_ADM_d7;51800;INTARIAN_PEPPER_ROOT;12155;15;12153;22;;;12166;17;12169;24;;;12160.5;0.0
yf_ADM_d7;51900;ASH_COATED_OSMIUM;9931;7;9927;22;;;9939;10;9943;22;;;9935.0;0.0
yf_ADM_d7;51900;INTARIAN_PEPPER_ROOT;12158;20;12156;15;;;12164;16;12166;16;;;12161.0;0.0
yf_ADM_d7;52000;ASH_COATED_OSMIUM;9932;24;9929;27;;;9938;5;9941;21;;;9935.0;0.0
yf_ADM_d7;52000;INTARIAN_PEPPER_ROOT;12159;14;12155;15;;;12165;12;12168;26;;;12162.0;0.0
yf_ADM_d7;52100;ASH_COATED_OSMIUM;9932;10;9929;19;;;9938;11;9942;21;;;9935.0;0.0
yf_ADM_d7;52100;INTARIAN_PEPPER_ROOT;12158;14;12156;19;;;12164;13;12168;22;;;12161.0;0.0
yf_ADM_d7;52200;ASH_COATED_OSMIUM;9932;12;9930;13;;;9938;9;9942;18;;;9935.0;0.0
yf_ADM_d7;52200;INTARIAN_PEPPER_ROOT;12159;15;12156;17;;;12165;16;12168;18;;;12162.0;0.0
yf_ADM_d7;52300;ASH_COATED_OSMIUM;9930;17;9927;19;;;9941;18;9944;21;;;9935.5;0.0
yf_ADM_d7;52300;INTARIAN_PEPPER_ROOT;12159;15;12156;14;;;12166;18;12169;22;;;12162.5;0.0
yf_ADM_d7;52400;ASH_COATED_OSMIUM;9932;22;9929;24;;;9938;18;9940;19;;;9935.0;0.0
yf_ADM_d7;52400;INTARIAN_PEPPER_ROOT;12159;21;12155;18;;;12168;19;12172;18;;;12163.5;0.0
yf_ADM_d7;52500;ASH_COATED_OSMIUM;9932;24;9928;24;;;9938;8;9940;22;;;9935.0;0.0
yf_ADM_d7;52500;INTARIAN_PEPPER_ROOT;12161;19;12157;20;;;12167;14;12170;12;;;12164.0;0.0
yf_ADM_d7;52600;ASH_COATED_OSMIUM;9932;20;9930;16;;;9938;12;9940;21;;;9935.0;0.0
yf_ADM_d7;52600;INTARIAN_PEPPER_ROOT;12161;25;12159;27;;;12167;11;12169;20;;;12164.0;0.0
yf_ADM_d7;52700;ASH_COATED_OSMIUM;9932;15;9929;13;;;9939;21;9941;17;;;9935.5;0.0
yf_ADM_d7;52700;INTARIAN_PEPPER_ROOT;12162;15;12160;13;;;12168;25;12172;25;;;12165.0;0.0
yf_ADM_d7;52800;ASH_COATED_OSMIUM;9932;23;9930;17;;;9938;22;9942;21;;;9935.0;0.0
yf_ADM_d7;52800;INTARIAN_PEPPER_ROOT;12160;5;12158;24;;;12169;24;12173;22;;;12164.5;0.0
yf_ADM_d7;52900;ASH_COATED_OSMIUM;9932;17;9928;26;;;9938;15;9942;17;;;9935.0;0.0
yf_ADM_d7;52900;INTARIAN_PEPPER_ROOT;12162;9;12159;22;;;12168;15;12171;20;;;12165.0;0.0
yf_ADM_d7;53000;ASH_COATED_OSMIUM;9932;21;9928;31;;;9938;16;9941;27;;;9935.0;0.0
yf_ADM_d7;53000;INTARIAN_PEPPER_ROOT;12134;13;12131;31;;;12197;14;12201;14;;;12165.5;0.0
yf_ADM_d7;53100;ASH_COATED_OSMIUM;9927;16;9923;12;;;9944;17;9947;14;;;9935.5;0.0
yf_ADM_d7;53100;INTARIAN_PEPPER_ROOT;12162;10;12160;18;;;12169;22;12173;19;;;12165.5;0.0
yf_ADM_d7;53200;ASH_COATED_OSMIUM;9933;16;9930;21;;;9939;14;9942;15;;;9936.0;0.0
yf_ADM_d7;53200;INTARIAN_PEPPER_ROOT;12163;14;12161;13;;;12169;17;12171;14;;;12166.0;0.0
yf_ADM_d7;53300;ASH_COATED_OSMIUM;9932;12;9929;19;;;9938;16;9940;14;;;9935.0;0.0
yf_ADM_d7;53300;INTARIAN_PEPPER_ROOT;12158;5;12154;20;;;12176;13;12180;18;;;12167.0;0.0
yf_ADM_d7;53400;ASH_COATED_OSMIUM;9933;16;9930;14;;;9939;16;9941;20;;;9936.0;0.0
yf_ADM_d7;53400;INTARIAN_PEPPER_ROOT;12164;17;12162;14;;;12171;11;12175;19;;;12167.5;0.0
yf_ADM_d7;53500;ASH_COATED_OSMIUM;9933;12;9929;13;;;9939;18;9941;17;;;9936.0;0.0
yf_ADM_d7;53500;INTARIAN_PEPPER_ROOT;12153;11;12150;19;;;12183;17;12186;9;;;12168.0;0.0
yf_ADM_d7;53600;ASH_COATED_OSMIUM;9930;17;9927;24;;;9942;15;9946;19;;;9936.0;0.0
yf_ADM_d7;53600;INTARIAN_PEPPER_ROOT;12163;17;12159;18;;;12172;6;12174;19;;;12167.5;0.0
yf_ADM_d7;53700;ASH_COATED_OSMIUM;9930;18;9928;27;;;9940;17;9943;22;;;9935.0;0.0
yf_ADM_d7;53700;INTARIAN_PEPPER_ROOT;12165;16;12163;20;;;12171;16;12175;8;;;12168.0;0.0
yf_ADM_d7;53800;ASH_COATED_OSMIUM;9932;13;9928;23;;;9938;16;9942;21;;;9935.0;0.0
yf_ADM_d7;53800;INTARIAN_PEPPER_ROOT;12163;17;12159;24;;;12175;20;12179;18;;;12169.0;0.0
yf_ADM_d7;53900;ASH_COATED_OSMIUM;9932;19;9929;19;;;9939;9;9943;17;;;9935.5;0.0
yf_ADM_d7;53900;INTARIAN_PEPPER_ROOT;12166;11;12164;15;;;12172;22;12175;18;;;12169.0;0.0
yf_ADM_d7;54000;ASH_COATED_OSMIUM;9932;7;9929;8;;;9938;15;9942;18;;;9935.0;0.0
yf_ADM_d7;54000;INTARIAN_PEPPER_ROOT;12165;20;12161;16;;;12172;17;12174;17;;;12168.5;0.0
yf_ADM_d7;54100;ASH_COATED_OSMIUM;9930;12;9928;21;;;9939;9;9942;26;;;9934.5;0.0
yf_ADM_d7;54100;INTARIAN_PEPPER_ROOT;12167;17;12164;26;;;12173;15;12176;18;;;12170.0;0.0
yf_ADM_d7;54200;ASH_COATED_OSMIUM;9932;22;9928;28;;;9938;20;9940;13;;;9935.0;0.0
yf_ADM_d7;54200;INTARIAN_PEPPER_ROOT;12167;15;12163;18;;;12173;10;12177;23;;;12170.0;0.0
yf_ADM_d7;54300;ASH_COATED_OSMIUM;9932;12;9930;21;;;9938;25;9942;16;;;9935.0;0.0
yf_ADM_d7;54300;INTARIAN_PEPPER_ROOT;12164;16;12162;20;;;12178;11;12180;12;;;12171.0;0.0
yf_ADM_d7;54400;ASH_COATED_OSMIUM;9929;26;9927;20;;;9940;7;9942;20;;;9934.5;0.0
yf_ADM_d7;54400;INTARIAN_PEPPER_ROOT;12168;12;12165;15;;;12174;10;12176;21;;;12171.0;0.0
yf_ADM_d7;54500;ASH_COATED_OSMIUM;9932;10;9928;22;;;9938;18;9940;20;;;9935.0;0.0
yf_ADM_d7;54500;INTARIAN_PEPPER_ROOT;12169;18;12165;18;;;12175;8;12177;18;;;12172.0;0.0
yf_ADM_d7;54600;ASH_COATED_OSMIUM;9930;20;9926;23;;;9940;16;9944;21;;;9935.0;0.0
yf_ADM_d7;54600;INTARIAN_PEPPER_ROOT;12169;16;12166;16;;;12176;12;12178;14;;;12172.5;0.0
yf_ADM_d7;54700;ASH_COATED_OSMIUM;9933;25;9929;26;;;9939;15;9942;22;;;9936.0;0.0
yf_ADM_d7;54700;INTARIAN_PEPPER_ROOT;12160;14;12158;24;;;12185;9;12188;22;;;12172.5;0.0
yf_ADM_d7;54800;ASH_COATED_OSMIUM;9932;20;9930;19;;;9938;18;9942;20;;;9935.0;0.0
yf_ADM_d7;54800;INTARIAN_PEPPER_ROOT;12170;19;12168;22;;;12176;17;12179;15;;;12173.0;0.0
yf_ADM_d7;54900;ASH_COATED_OSMIUM;9932;12;9928;26;;;9938;21;9942;24;;;9935.0;0.0
yf_ADM_d7;54900;INTARIAN_PEPPER_ROOT;12167;14;12164;12;;;12180;13;12183;15;;;12173.5;0.0
yf_ADM_d7;55000;ASH_COATED_OSMIUM;9920;15;9916;11;;;9951;18;9955;21;;;9935.5;0.0
yf_ADM_d7;55000;INTARIAN_PEPPER_ROOT;12171;16;12167;19;;;12177;15;12179;20;;;12174.0;0.0
yf_ADM_d7;55100;ASH_COATED_OSMIUM;9932;15;9928;26;;;9938;19;9942;15;;;9935.0;0.0
yf_ADM_d7;55100;INTARIAN_PEPPER_ROOT;12171;12;12167;18;;;12177;17;12180;22;;;12174.0;0.0
yf_ADM_d7;55200;ASH_COATED_OSMIUM;9933;15;9930;18;;;9939;6;9943;18;;;9936.0;0.0
yf_ADM_d7;55200;INTARIAN_PEPPER_ROOT;12172;16;12169;22;;;12178;7;12180;14;;;12175.0;0.0
yf_ADM_d7;55300;ASH_COATED_OSMIUM;9932;5;9928;25;;;9938;14;9940;16;;;9935.0;0.0
yf_ADM_d7;55300;INTARIAN_PEPPER_ROOT;12172;17;12169;18;;;12178;12;12182;15;;;12175.0;0.0
yf_ADM_d7;55400;ASH_COATED_OSMIUM;9932;11;9929;20;;;9938;20;9940;17;;;9935.0;0.0
yf_ADM_d7;55400;INTARIAN_PEPPER_ROOT;12173;17;12171;18;;;12179;16;12181;24;;;12176.0;0.0
yf_ADM_d7;55500;ASH_COATED_OSMIUM;9928;23;9925;27;;;9943;22;9947;14;;;9935.5;0.0
yf_ADM_d7;55500;INTARIAN_PEPPER_ROOT;12171;15;12168;18;;;12180;9;12184;21;;;12175.5;0.0
yf_ADM_d7;55600;ASH_COATED_OSMIUM;9930;6;9926;19;;;9940;13;9943;23;;;9935.0;0.0
yf_ADM_d7;55600;INTARIAN_PEPPER_ROOT;12171;17;12167;13;;;12181;27;12185;24;;;12176.0;0.0
yf_ADM_d7;55700;ASH_COATED_OSMIUM;9931;16;9927;29;;;9938;11;9942;18;;;9934.5;0.0
yf_ADM_d7;55700;INTARIAN_PEPPER_ROOT;12174;22;12171;24;;;12180;24;12184;17;;;12177.0;0.0
yf_ADM_d7;55800;ASH_COATED_OSMIUM;9932;13;9929;9;;;9938;21;9940;17;;;9935.0;0.0
yf_ADM_d7;55800;INTARIAN_PEPPER_ROOT;12174;19;12172;19;;;12180;9;12184;15;;;12177.0;0.0
yf_ADM_d7;55900;ASH_COATED_OSMIUM;9933;16;9929;19;;;9939;14;9942;19;;;9936.0;0.0
yf_ADM_d7;55900;INTARIAN_PEPPER_ROOT;12167;20;12165;15;;;12188;23;12190;16;;;12177.5;0.0
yf_ADM_d7;56000;ASH_COATED_OSMIUM;9931;9;9928;16;;;9940;27;9943;24;;;9935.5;0.0
yf_ADM_d7;56000;INTARIAN_PEPPER_ROOT;12175;15;12173;21;;;12181;12;12183;25;;;12178.0;0.0
yf_ADM_d7;56100;ASH_COATED_OSMIUM;9932;12;9928;21;;;9938;26;9942;14;;;9935.0;0.0
yf_ADM_d7;56100;INTARIAN_PEPPER_ROOT;12170;8;12167;23;;;12186;15;12189;16;;;12178.0;0.0
yf_ADM_d7;56200;ASH_COATED_OSMIUM;9932;8;9930;23;;;9938;12;9942;15;;;9935.0;0.0
yf_ADM_d7;56200;INTARIAN_PEPPER_ROOT;12174;9;12170;22;;;12185;9;12188;24;;;12179.5;0.0
yf_ADM_d7;56300;ASH_COATED_OSMIUM;9919;18;9917;12;;;9951;5;9953;14;;;9935.0;0.0
yf_ADM_d7;56300;INTARIAN_PEPPER_ROOT;12174;19;12172;17;;;12186;13;12190;21;;;12180.0;0.0
yf_ADM_d7;56400;ASH_COATED_OSMIUM;9932;18;9930;21;;;9938;12;9941;23;;;9935.0;0.0
yf_ADM_d7;56400;INTARIAN_PEPPER_ROOT;12176;15;12173;18;;;12182;15;12184;18;;;12179.0;0.0
yf_ADM_d7;56500;ASH_COATED_OSMIUM;9932;14;9929;25;;;9938;20;9942;25;;;9935.0;0.0
yf_ADM_d7;56500;INTARIAN_PEPPER_ROOT;12177;14;12175;25;;;12183;10;12187;17;;;12180.0;0.0
yf_ADM_d7;56600;ASH_COATED_OSMIUM;9929;14;9927;18;;;9941;20;9944;17;;;9935.0;0.0
yf_ADM_d7;56600;INTARIAN_PEPPER_ROOT;12168;13;12166;12;;;12193;13;12195;22;;;12180.5;0.0
yf_ADM_d7;56700;ASH_COATED_OSMIUM;9932;17;9928;22;;;9938;26;9942;25;;;9935.0;0.0
yf_ADM_d7;56700;INTARIAN_PEPPER_ROOT;12172;6;12169;19;;;12189;13;12192;18;;;12180.5;0.0
yf_ADM_d7;56800;ASH_COATED_OSMIUM;9931;17;9929;25;;;9940;13;9944;21;;;9935.5;0.0
yf_ADM_d7;56800;INTARIAN_PEPPER_ROOT;12178;16;12174;31;;;12184;14;12188;23;;;12181.0;0.0
yf_ADM_d7;56900;ASH_COATED_OSMIUM;9932;21;9928;27;;;9938;15;9940;19;;;9935.0;0.0
yf_ADM_d7;56900;INTARIAN_PEPPER_ROOT;12178;14;12175;21;;;12184;16;12186;20;;;12181.0;0.0
yf_ADM_d7;57000;ASH_COATED_OSMIUM;9932;25;9930;23;;;9938;20;9941;28;;;9935.0;0.0
yf_ADM_d7;57000;INTARIAN_PEPPER_ROOT;12179;8;12176;15;;;12185;22;12188;13;;;12182.0;0.0
yf_ADM_d7;57100;ASH_COATED_OSMIUM;9932;13;9928;12;;;9938;15;9942;25;;;9935.0;0.0
yf_ADM_d7;57100;INTARIAN_PEPPER_ROOT;12180;18;12176;30;;;12186;10;12189;23;;;12183.0;0.0
yf_ADM_d7;57200;ASH_COATED_OSMIUM;9932;15;9928;18;;;9938;10;9940;16;;;9935.0;0.0
yf_ADM_d7;57200;INTARIAN_PEPPER_ROOT;12180;19;12178;11;;;12186;19;12190;16;;;12183.0;0.0
yf_ADM_d7;57300;ASH_COATED_OSMIUM;9928;17;9925;17;;;9943;12;9945;19;;;9935.5;0.0
yf_ADM_d7;57300;INTARIAN_PEPPER_ROOT;12181;11;12178;8;;;12187;15;12189;22;;;12184.0;0.0
yf_ADM_d7;57400;ASH_COATED_OSMIUM;9931;8;9928;24;;;9939;13;9941;22;;;9935.0;0.0
yf_ADM_d7;57400;INTARIAN_PEPPER_ROOT;12179;12;12176;21;;;12189;12;12191;15;;;12184.0;0.0
yf_ADM_d7;57500;ASH_COATED_OSMIUM;9926;11;9922;11;;;9945;22;9947;26;;;9935.5;0.0
yf_ADM_d7;57500;INTARIAN_PEPPER_ROOT;12181;12;12179;20;;;12187;11;12189;16;;;12184.0;0.0
yf_ADM_d7;57600;ASH_COATED_OSMIUM;9923;13;9920;19;;;9947;11;9951;17;;;9935.0;0.0
yf_ADM_d7;57600;INTARIAN_PEPPER_ROOT;12179;15;12176;13;;;12190;12;12193;8;;;12184.5;0.0
yf_ADM_d7;57700;ASH_COATED_OSMIUM;9930;7;9928;18;;;9940;18;9944;28;;;9935.0;0.0
yf_ADM_d7;57700;INTARIAN_PEPPER_ROOT;12181;14;12178;13;;;12187;21;12189;11;;;12184.0;0.0
yf_ADM_d7;57800;ASH_COATED_OSMIUM;9932;8;9928;27;;;9939;14;9941;28;;;9935.5;0.0
yf_ADM_d7;57800;INTARIAN_PEPPER_ROOT;12183;19;12179;26;;;12189;13;12193;18;;;12186.0;0.0
yf_ADM_d7;57900;ASH_COATED_OSMIUM;9929;10;9927;9;;;9941;25;9943;19;;;9935.0;0.0
yf_ADM_d7;57900;INTARIAN_PEPPER_ROOT;12175;14;12172;20;;;12196;20;12198;19;;;12185.5;0.0
yf_ADM_d7;58000;ASH_COATED_OSMIUM;9932;15;9929;22;;;9938;13;9940;19;;;9935.0;0.0
yf_ADM_d7;58000;INTARIAN_PEPPER_ROOT;12177;16;12173;22;;;12196;22;12200;18;;;12186.5;0.0
yf_ADM_d7;58100;ASH_COATED_OSMIUM;9932;26;9929;21;;;9938;5;9941;22;;;9935.0;0.0
yf_ADM_d7;58100;INTARIAN_PEPPER_ROOT;12184;12;12181;22;;;12190;5;12192;17;;;12187.0;0.0
yf_ADM_d7;58200;ASH_COATED_OSMIUM;9928;18;9924;18;;;9941;10;9945;19;;;9934.5;0.0
yf_ADM_d7;58200;INTARIAN_PEPPER_ROOT;12184;18;12181;17;;;12190;11;12194;24;;;12187.0;0.0
yf_ADM_d7;58300;ASH_COATED_OSMIUM;9931;14;9929;14;;;9937;16;9940;15;;;9934.0;0.0
yf_ADM_d7;58300;INTARIAN_PEPPER_ROOT;12185;12;12183;12;;;12191;19;12193;26;;;12188.0;0.0
yf_ADM_d7;58400;ASH_COATED_OSMIUM;9923;16;9919;27;;;9947;18;9951;12;;;9935.0;0.0
yf_ADM_d7;58400;INTARIAN_PEPPER_ROOT;12184;9;12182;20;;;12193;15;12195;12;;;12188.5;0.0
yf_ADM_d7;58500;ASH_COATED_OSMIUM;9932;17;9928;27;;;9938;14;9942;27;;;9935.0;0.0
yf_ADM_d7;58500;INTARIAN_PEPPER_ROOT;12185;11;12183;19;;;12191;13;12194;32;;;12188.0;0.0
yf_ADM_d7;58600;ASH_COATED_OSMIUM;9932;14;9928;20;;;9938;20;9940;16;;;9935.0;0.0
yf_ADM_d7;58600;INTARIAN_PEPPER_ROOT;12179;13;12175;20;;;12199;14;12203;17;;;12189.0;0.0
yf_ADM_d7;58700;ASH_COATED_OSMIUM;9930;10;9928;23;;;9940;23;9942;22;;;9935.0;0.0
yf_ADM_d7;58700;INTARIAN_PEPPER_ROOT;12186;17;12184;21;;;12192;16;12196;22;;;12189.0;0.0
yf_ADM_d7;58800;ASH_COATED_OSMIUM;9932;12;9929;22;;;9938;10;9941;20;;;9935.0;0.0
yf_ADM_d7;58800;INTARIAN_PEPPER_ROOT;12186;19;12182;18;;;12192;13;12196;20;;;12189.0;0.0
yf_ADM_d7;58900;ASH_COATED_OSMIUM;9932;17;9928;33;;;9938;11;9942;28;;;9935.0;0.0
yf_ADM_d7;58900;INTARIAN_PEPPER_ROOT;12182;10;12178;19;;;12199;11;12203;31;;;12190.5;0.0
yf_ADM_d7;59000;ASH_COATED_OSMIUM;9932;16;9930;25;;;9938;6;9940;25;;;9935.0;0.0
