day;timestamp;product;bid_price_1;bid_volume_1;bid_price_2;bid_volume_2;bid_price_3;bid_volume_3;ask_price_1;ask_volume_1;ask_price_2;ask_volume_2;ask_price_3;ask_volume_3;mid_price;profit_and_loss
yf_ZS=F_d3;0;ASH_COATED_OSMIUM;9929;17;9926;29;;;9935;12;9937;16;;;9932.0;0.0
yf_ZS=F_d3;0;INTARIAN_PEPPER_ROOT;9996;17;9992;13;;;10002;16;10006;18;;;9999.0;0.0
yf_ZS=F_d3;100;ASH_COATED_OSMIUM;9929;19;9927;8;;;9935;16;9938;27;;;9932.0;0.0
yf_ZS=F_d3;100;INTARIAN_PEPPER_ROOT;9997;7;9993;18;;;10006;13;10010;24;;;10001.5;0.0
yf_ZS=F_d3;200;ASH_COATED_OSMIUM;9929;14;9927;24;;;9935;21;9938;24;;;9932.0;0.0
yf_ZS=F_d3;200;INTARIAN_PEPPER_ROOT;9999;26;9996;24;;;10005;20;10008;21;;;10002.0;0.0
yf_ZS=F_d3;300;ASH_COATED_OSMIUM;9929;17;9927;31;;;9935;12;9937;18;;;9932.0;0.0
yf_ZS=F_d3;300;INTARIAN_PEPPER_ROOT;10000;18;9997;20;;;10006;9;10009;23;;;10003.0;0.0
yf_ZS=F_d3;400;ASH_COATED_OSMIUM;9929;18;9925;25;;;9935;9;9938;16;;;9932.0;0.0
yf_ZS=F_d3;400;INTARIAN_PEPPER_ROOT;10001;16;9999;18;;;10007;17;10011;21;;;10004.0;0.0
yf_ZS=F_d3;500;ASH_COATED_OSMIUM;9929;11;9925;20;;;9935;14;9939;24;;;9932.0;0.0
yf_ZS=F_d3;500;INTARIAN_PEPPER_ROOT;10003;18;10001;21;;;10009;20;10012;18;;;10006.0;0.0
yf_ZS=F_d3;600;ASH_COATED_OSMIUM;9929;15;9925;16;;;9935;11;9939;14;;;9932.0;0.0
yf_ZS=F_d3;600;INTARIAN_PEPPER_ROOT;10003;7;9999;28;;;10009;17;10011;23;;;10006.0;0.0
yf_ZS=F_d3;700;ASH_COATED_OSMIUM;9929;21;9927;14;;;9935;24;9939;13;;;9932.0;0.0
yf_ZS=F_d3;700;INTARIAN_PEPPER_ROOT;10005;18;10001;23;;;10011;15;10014;15;;;10008.0;0.0
yf_ZS=F_d3;800;ASH_COATED_OSMIUM;9929;9;9927;30;;;9935;17;9939;21;;;9932.0;0.0
yf_ZS=F_d3;800;INTARIAN_PEPPER_ROOT;10006;17;10004;18;;;10012;7;10016;29;;;10009.0;0.0
yf_ZS=F_d3;900;ASH_COATED_OSMIUM;9929;18;9926;20;;;9935;19;9938;22;;;9932.0;0.0
yf_ZS=F_d3;900;INTARIAN_PEPPER_ROOT;9996;15;9993;23;;;10024;17;10026;20;;;10010.0;0.0
yf_ZS=F_d3;1000;ASH_COATED_OSMIUM;9929;10;9927;20;;;9935;8;9938;21;;;9932.0;0.0
yf_ZS=F_d3;1000;INTARIAN_PEPPER_ROOT;10006;13;10003;35;;;10017;14;10021;16;;;10011.5;0.0
yf_ZS=F_d3;1100;ASH_COATED_OSMIUM;9929;13;9927;16;;;9935;11;9939;16;;;9932.0;0.0
yf_ZS=F_d3;1100;INTARIAN_PEPPER_ROOT;9999;11;9996;16;;;10028;17;10031;24;;;10013.5;0.0
yf_ZS=F_d3;1200;ASH_COATED_OSMIUM;9927;18;9923;23;;;9938;19;9940;25;;;9932.5;0.0
yf_ZS=F_d3;1200;INTARIAN_PEPPER_ROOT;10011;7;10008;17;;;10017;6;10021;18;;;10014.0;0.0
yf_ZS=F_d3;1300;ASH_COATED_OSMIUM;9929;24;9927;21;;;9935;9;9937;22;;;9932.0;0.0
yf_ZS=F_d3;1300;INTARIAN_PEPPER_ROOT;10012;25;10009;25;;;10018;19;10022;20;;;10015.0;0.0
yf_ZS=F_d3;1400;ASH_COATED_OSMIUM;9929;10;9926;20;;;9935;14;9938;20;;;9932.0;0.0
yf_ZS=F_d3;1400;INTARIAN_PEPPER_ROOT;10009;14;10006;15;;;10024;20;10028;14;;;10016.5;0.0
yf_ZS=F_d3;1500;ASH_COATED_OSMIUM;9929;19;9926;19;;;9935;17;9938;14;;;9932.0;0.0
yf_ZS=F_d3;1500;INTARIAN_PEPPER_ROOT;10014;10;10010;19;;;10020;13;10024;26;;;10017.0;0.0
yf_ZS=F_d3;1600;ASH_COATED_OSMIUM;9929;16;9927;18;;;9935;14;9938;25;;;9932.0;0.0
yf_ZS=F_d3;1600;INTARIAN_PEPPER_ROOT;9997;13;9994;20;;;10040;14;10044;14;;;10018.5;0.0
yf_ZS=F_d3;1700;ASH_COATED_OSMIUM;9928;15;9925;15;;;9937;21;9939;13;;;9932.5;0.0
yf_ZS=F_d3;1700;INTARIAN_PEPPER_ROOT;10013;23;10009;19;;;10028;18;10031;28;;;10020.5;0.0
yf_ZS=F_d3;1800;ASH_COATED_OSMIUM;9928;21;9924;30;;;9935;14;9939;19;;;9931.5;0.0
yf_ZS=F_d3;1800;INTARIAN_PEPPER_ROOT;10018;21;10015;12;;;10024;14;10026;20;;;10021.0;0.0
yf_ZS=F_d3;1900;ASH_COATED_OSMIUM;9929;18;9925;20;;;9935;28;9938;22;;;9932.0;0.0
yf_ZS=F_d3;1900;INTARIAN_PEPPER_ROOT;10020;20;10017;18;;;10026;17;10030;34;;;10023.0;0.0
yf_ZS=F_d3;2000;ASH_COATED_OSMIUM;9925;8;9923;17;;;9939;10;9941;19;;;9932.0;0.0
yf_ZS=F_d3;2000;INTARIAN_PEPPER_ROOT;10020;15;10018;27;;;10028;6;10030;14;;;10024.0;0.0
yf_ZS=F_d3;2100;ASH_COATED_OSMIUM;9926;15;9924;18;;;9939;18;9942;20;;;9932.5;0.0
yf_ZS=F_d3;2100;INTARIAN_PEPPER_ROOT;10022;12;10019;11;;;10028;11;10031;16;;;10025.0;0.0
yf_ZS=F_d3;2200;ASH_COATED_OSMIUM;9929;17;9927;20;;;9935;12;9939;24;;;9932.0;0.0
yf_ZS=F_d3;2200;INTARIAN_PEPPER_ROOT;10021;14;10018;9;;;10032;15;10035;23;;;10026.5;0.0
yf_ZS=F_d3;2300;ASH_COATED_OSMIUM;9929;19;9925;15;;;9936;21;9940;20;;;9932.5;0.0
yf_ZS=F_d3;2300;INTARIAN_PEPPER_ROOT;10019;6;10017;25;;;10036;16;10040;28;;;10027.5;0.0
yf_ZS=F_d3;2400;ASH_COATED_OSMIUM;9927;19;9925;15;;;9938;15;9942;16;;;9932.5;0.0
yf_ZS=F_d3;2400;INTARIAN_PEPPER_ROOT;10025;21;10022;13;;;10031;6;10034;26;;;10028.0;0.0
yf_ZS=F_d3;2500;ASH_COATED_OSMIUM;9927;12;9925;22;;;9936;20;9938;25;;;9931.5;0.0
yf_ZS=F_d3;2500;INTARIAN_PEPPER_ROOT;10026;6;10024;18;;;10035;12;10039;31;;;10030.5;0.0
yf_ZS=F_d3;2600;ASH_COATED_OSMIUM;9928;14;9924;27;;;9936;10;9940;11;;;9932.0;0.0
yf_ZS=F_d3;2600;INTARIAN_PEPPER_ROOT;10024;12;10022;20;;;10037;17;10040;18;;;10030.5;0.0
yf_ZS=F_d3;2700;ASH_COATED_OSMIUM;9929;14;9927;17;;;9935;13;9939;21;;;9932.0;0.0
yf_ZS=F_d3;2700;INTARIAN_PEPPER_ROOT;10023;5;10020;25;;;10042;11;10045;8;;;10032.5;0.0
yf_ZS=F_d3;2800;ASH_COATED_OSMIUM;9929;9;9927;17;;;9935;18;9938;13;;;9932.0;0.0
yf_ZS=F_d3;2800;INTARIAN_PEPPER_ROOT;10026;17;10023;23;;;10042;20;10046;23;;;10034.0;0.0
yf_ZS=F_d3;2900;ASH_COATED_OSMIUM;9929;15;9925;26;;;9935;18;9937;12;;;9932.0;0.0
yf_ZS=F_d3;2900;INTARIAN_PEPPER_ROOT;10028;20;10026;25;;;10042;15;10044;9;;;10035.0;0.0
yf_ZS=F_d3;3000;ASH_COATED_OSMIUM;9929;17;9926;17;;;9935;12;9937;25;;;9932.0;0.0
yf_ZS=F_d3;3000;INTARIAN_PEPPER_ROOT;10030;19;10027;15;;;10041;22;10045;12;;;10035.5;0.0
yf_ZS=F_d3;3100;ASH_COATED_OSMIUM;9929;15;9925;19;;;9935;18;9937;8;;;9932.0;0.0
yf_ZS=F_d3;3100;INTARIAN_PEPPER_ROOT;10033;6;10031;16;;;10041;10;10045;15;;;10037.0;0.0
yf_ZS=F_d3;3200;ASH_COATED_OSMIUM;9925;20;9923;26;;;9938;27;9940;27;;;9931.5;0.0
yf_ZS=F_d3;3200;INTARIAN_PEPPER_ROOT;10033;16;10030;16;;;10042;14;10046;19;;;10037.5;0.0
yf_ZS=F_d3;3300;ASH_COATED_OSMIUM;9929;13;9927;17;;;9935;22;9938;15;;;9932.0;0.0
yf_ZS=F_d3;3300;INTARIAN_PEPPER_ROOT;10036;14;10034;23;;;10042;15;10044;24;;;10039.0;0.0
yf_ZS=F_d3;3400;ASH_COATED_OSMIUM;9929;12;9925;21;;;9935;12;9937;21;;;9932.0;0.0
yf_ZS=F_d3;3400;INTARIAN_PEPPER_ROOT;10033;20;10029;14;;;10049;17;10051;30;;;10041.0;0.0
yf_ZS=F_d3;3500;ASH_COATED_OSMIUM;9927;10;9923;19;;;9937;14;9940;19;;;9932.0;0.0
yf_ZS=F_d3;3500;INTARIAN_PEPPER_ROOT;10039;18;10037;15;;;10045;11;10048;20;;;10042.0;0.0
yf_ZS=F_d3;3600;ASH_COATED_OSMIUM;9925;13;9922;24;;;9939;18;9941;30;;;9932.0;0.0
yf_ZS=F_d3;3600;INTARIAN_PEPPER_ROOT;10041;17;10039;24;;;10047;12;10051;8;;;10044.0;0.0
yf_ZS=F_d3;3700;ASH_COATED_OSMIUM;9926;13;9924;25;;;9938;24;9940;21;;;9932.0;0.0
yf_ZS=F_d3;3700;INTARIAN_PEPPER_ROOT;10041;8;10039;14;;;10047;10;10050;22;;;10044.0;0.0
yf_ZS=F_d3;3800;ASH_COATED_OSMIUM;9929;11;9927;14;;;9935;21;9937;12;;;9932.0;0.0
yf_ZS=F_d3;3800;INTARIAN_PEPPER_ROOT;10032;22;10029;26;;;10057;18;10059;14;;;10044.5;0.0
yf_ZS=F_d3;3900;ASH_COATED_OSMIUM;9929;19;9927;17;;;9935;6;9938;23;;;9932.0;0.0
yf_ZS=F_d3;3900;INTARIAN_PEPPER_ROOT;10044;21;10042;21;;;10050;11;10052;22;;;10047.0;0.0
yf_ZS=F_d3;4000;ASH_COATED_OSMIUM;9927;23;9924;17;;;9936;16;9939;27;;;9931.5;0.0
yf_ZS=F_d3;4000;INTARIAN_PEPPER_ROOT;10045;12;10043;26;;;10051;8;10055;11;;;10048.0;0.0
yf_ZS=F_d3;4100;ASH_COATED_OSMIUM;9928;16;9926;19;;;9935;7;9937;19;;;9931.5;0.0
yf_ZS=F_d3;4100;INTARIAN_PEPPER_ROOT;10044;5;10041;26;;;10053;8;10055;17;;;10048.5;0.0
yf_ZS=F_d3;4200;ASH_COATED_OSMIUM;9926;13;9922;25;;;9938;12;9942;16;;;9932.0;0.0
yf_ZS=F_d3;4200;INTARIAN_PEPPER_ROOT;10046;19;10044;19;;;10054;15;10057;15;;;10050.0;0.0
yf_ZS=F_d3;4300;ASH_COATED_OSMIUM;9929;12;9927;8;;;9935;13;9937;13;;;9932.0;0.0
yf_ZS=F_d3;4300;INTARIAN_PEPPER_ROOT;10049;15;10046;27;;;10055;20;10058;14;;;10052.0;0.0
yf_ZS=F_d3;4400;ASH_COATED_OSMIUM;9926;12;9923;16;;;9938;22;9940;8;;;9932.0;0.0
yf_ZS=F_d3;4400;INTARIAN_PEPPER_ROOT;10046;15;10044;18;;;10058;17;10060;14;;;10052.0;0.0
yf_ZS=F_d3;4500;ASH_COATED_OSMIUM;9922;16;9918;23;;;9943;18;9947;18;;;9932.5;0.0
yf_ZS=F_d3;4500;INTARIAN_PEPPER_ROOT;10051;17;10049;8;;;10057;10;10060;22;;;10054.0;0.0
yf_ZS=F_d3;4600;ASH_COATED_OSMIUM;9926;20;9922;25;;;9939;20;9941;25;;;9932.5;0.0
yf_ZS=F_d3;4600;INTARIAN_PEPPER_ROOT;10048;27;10044;17;;;10061;10;10064;27;;;10054.5;0.0
yf_ZS=F_d3;4700;ASH_COATED_OSMIUM;9929;20;9925;26;;;9935;15;9939;17;;;9932.0;0.0
yf_ZS=F_d3;4700;INTARIAN_PEPPER_ROOT;10053;6;10049;24;;;10059;22;10062;24;;;10056.0;0.0
yf_ZS=F_d3;4800;ASH_COATED_OSMIUM;9929;16;9926;19;;;9935;14;9937;26;;;9932.0;0.0
yf_ZS=F_d3;4800;INTARIAN_PEPPER_ROOT;10054;11;10051;25;;;10060;16;10063;23;;;10057.0;0.0
yf_ZS=F_d3;4900;ASH_COATED_OSMIUM;9929;16;9927;22;;;9935;8;9939;28;;;9932.0;0.0
yf_ZS=F_d3;4900;INTARIAN_PEPPER_ROOT;10056;13;10054;15;;;10062;18;10065;15;;;10059.0;0.0
yf_ZS=F_d3;5000;ASH_COATED_OSMIUM;9929;5;9927;9;;;9935;13;9937;18;;;9932.0;0.0
yf_ZS=F_d3;5000;INTARIAN_PEPPER_ROOT;10056;20;10052;22;;;10062;17;10064;13;;;10059.0;0.0
yf_ZS=F_d3;5100;ASH_COATED_OSMIUM;9929;21;9925;28;;;9935;14;9938;13;;;9932.0;0.0
yf_ZS=F_d3;5100;INTARIAN_PEPPER_ROOT;10058;5;10056;20;;;10064;14;10067;24;;;10061.0;0.0
yf_ZS=F_d3;5200;ASH_COATED_OSMIUM;9929;16;9926;24;;;9935;18;9938;19;;;9932.0;0.0
yf_ZS=F_d3;5200;INTARIAN_PEPPER_ROOT;10053;12;10050;18;;;10072;20;10076;14;;;10062.5;0.0
yf_ZS=F_d3;5300;ASH_COATED_OSMIUM;9929;17;9925;15;;;9935;19;9939;12;;;9932.0;0.0
yf_ZS=F_d3;5300;INTARIAN_PEPPER_ROOT;10058;14;10054;15;;;10069;7;10072;22;;;10063.5;0.0
yf_ZS=F_d3;5400;ASH_COATED_OSMIUM;9923;12;9921;32;;;9943;12;9947;20;;;9933.0;0.0
yf_ZS=F_d3;5400;INTARIAN_PEPPER_ROOT;10062;15;10058;21;;;10068;15;10072;23;;;10065.0;0.0
yf_ZS=F_d3;5500;ASH_COATED_OSMIUM;9929;15;9927;28;;;9935;12;9939;14;;;9932.0;0.0
yf_ZS=F_d3;5500;INTARIAN_PEPPER_ROOT;10063;10;10061;9;;;10069;15;10071;18;;;10066.0;0.0
yf_ZS=F_d3;5600;ASH_COATED_OSMIUM;9925;15;9921;20;;;9938;15;9942;12;;;9931.5;0.0
yf_ZS=F_d3;5600;INTARIAN_PEPPER_ROOT;10063;14;10061;25;;;10071;17;10073;18;;;10067.0;0.0
yf_ZS=F_d3;5700;ASH_COATED_OSMIUM;9919;16;9915;18;;;9946;11;9950;19;;;9932.5;0.0
yf_ZS=F_d3;5700;INTARIAN_PEPPER_ROOT;10066;13;10063;22;;;10072;8;10075;16;;;10069.0;0.0
yf_ZS=F_d3;5800;ASH_COATED_OSMIUM;9929;18;9927;18;;;9935;15;9938;20;;;9932.0;0.0
yf_ZS=F_d3;5800;INTARIAN_PEPPER_ROOT;10066;19;10063;19;;;10072;6;10076;23;;;10069.0;0.0
yf_ZS=F_d3;5900;ASH_COATED_OSMIUM;9929;27;9926;25;;;9935;7;9938;17;;;9932.0;0.0
yf_ZS=F_d3;5900;INTARIAN_PEPPER_ROOT;10068;19;10066;21;;;10074;13;10077;24;;;10071.0;0.0
yf_ZS=F_d3;6000;ASH_COATED_OSMIUM;9928;13;9925;13;;;9937;13;9941;19;;;9932.5;0.0
yf_ZS=F_d3;6000;INTARIAN_PEPPER_ROOT;10061;11;10058;16;;;10082;14;10084;18;;;10071.5;0.0
yf_ZS=F_d3;6100;ASH_COATED_OSMIUM;9919;12;9916;23;;;9945;12;9949;27;;;9932.0;0.0
yf_ZS=F_d3;6100;INTARIAN_PEPPER_ROOT;10070;18;10067;22;;;10076;16;10080;25;;;10073.0;0.0
yf_ZS=F_d3;6200;ASH_COATED_OSMIUM;9929;16;9926;19;;;9935;18;9939;14;;;9932.0;0.0
yf_ZS=F_d3;6200;INTARIAN_PEPPER_ROOT;10069;14;10066;19;;;10080;20;10084;17;;;10074.5;0.0
yf_ZS=F_d3;6300;ASH_COATED_OSMIUM;9929;21;9926;29;;;9935;11;9939;15;;;9932.0;0.0
yf_ZS=F_d3;6300;INTARIAN_PEPPER_ROOT;10072;19;10068;23;;;10078;17;10081;22;;;10075.0;0.0
yf_ZS=F_d3;6400;ASH_COATED_OSMIUM;9915;18;9912;17;;;9948;15;9950;21;;;9931.5;0.0
yf_ZS=F_d3;6400;INTARIAN_PEPPER_ROOT;10074;6;10072;27;;;10080;21;10084;13;;;10077.0;0.0
yf_ZS=F_d3;6500;ASH_COATED_OSMIUM;9905;14;9902;16;;;9959;15;9962;24;;;9932.0;0.0
yf_ZS=F_d3;6500;INTARIAN_PEPPER_ROOT;10074;13;10071;21;;;10080;18;10083;10;;;10077.0;0.0
yf_ZS=F_d3;6600;ASH_COATED_OSMIUM;9929;16;9926;28;;;9936;14;9940;22;;;9932.5;0.0
yf_ZS=F_d3;6600;INTARIAN_PEPPER_ROOT;10071;13;10068;17;;;10087;15;10089;27;;;10079.0;0.0
yf_ZS=F_d3;6700;ASH_COATED_OSMIUM;9922;14;9920;24;;;9942;11;9946;25;;;9932.0;0.0
yf_ZS=F_d3;6700;INTARIAN_PEPPER_ROOT;10077;14;10073;21;;;10083;5;10086;20;;;10080.0;0.0
yf_ZS=F_d3;6800;ASH_COATED_OSMIUM;9929;18;9927;17;;;9935;14;9939;18;;;9932.0;0.0
yf_ZS=F_d3;6800;INTARIAN_PEPPER_ROOT;10078;10;10076;14;;;10084;16;10088;14;;;10081.0;0.0
yf_ZS=F_d3;6900;ASH_COATED_OSMIUM;9930;25;9926;22;;;9936;15;9939;24;;;9933.0;0.0
yf_ZS=F_d3;6900;INTARIAN_PEPPER_ROOT;10079;8;10076;13;;;10087;5;10090;27;;;10083.0;0.0
yf_ZS=F_d3;7000;ASH_COATED_OSMIUM;9929;26;9927;14;;;9935;17;9939;15;;;9932.0;0.0
yf_ZS=F_d3;7000;INTARIAN_PEPPER_ROOT;10076;16;10073;26;;;10092;9;10094;23;;;10084.0;0.0
yf_ZS=F_d3;7100;ASH_COATED_OSMIUM;9927;28;9924;23;;;9937;19;9941;18;;;9932.0;0.0
yf_ZS=F_d3;7100;INTARIAN_PEPPER_ROOT;10082;5;10080;17;;;10088;20;10092;17;;;10085.0;0.0
yf_ZS=F_d3;7200;ASH_COATED_OSMIUM;9920;22;9918;16;;;9944;24;9947;17;;;9932.0;0.0
yf_ZS=F_d3;7200;INTARIAN_PEPPER_ROOT;10075;10;10073;19;;;10097;26;10099;25;;;10086.0;0.0
yf_ZS=F_d3;7300;ASH_COATED_OSMIUM;9929;25;9925;22;;;9935;18;9938;18;;;9932.0;0.0
yf_ZS=F_d3;7300;INTARIAN_PEPPER_ROOT;10084;22;10080;8;;;10090;19;10094;16;;;10087.0;0.0
yf_ZS=F_d3;7400;ASH_COATED_OSMIUM;9928;19;9926;19;;;9936;13;9940;21;;;9932.0;0.0
yf_ZS=F_d3;7400;INTARIAN_PEPPER_ROOT;10085;22;10081;13;;;10094;19;10097;10;;;10089.5;0.0
yf_ZS=F_d3;7500;ASH_COATED_OSMIUM;9929;9;9927;23;;;9935;11;9937;28;;;9932.0;0.0
yf_ZS=F_d3;7500;INTARIAN_PEPPER_ROOT;10085;10;10083;18;;;10095;15;10099;25;;;10090.0;0.0
yf_ZS=F_d3;7600;ASH_COATED_OSMIUM;9924;12;9922;22;;;9940;12;9943;16;;;9932.0;0.0
yf_ZS=F_d3;7600;INTARIAN_PEPPER_ROOT;10088;20;10084;22;;;10094;22;10098;15;;;10091.0;0.0
yf_ZS=F_d3;7700;ASH_COATED_OSMIUM;9916;7;9913;31;;;9948;14;9952;26;;;9932.0;0.0
yf_ZS=F_d3;7700;INTARIAN_PEPPER_ROOT;10089;8;10086;24;;;10095;15;10097;13;;;10092.0;0.0
yf_ZS=F_d3;7800;ASH_COATED_OSMIUM;9929;17;9926;12;;;9935;18;9938;23;;;9932.0;0.0
yf_ZS=F_d3;7800;INTARIAN_PEPPER_ROOT;10087;15;10085;25;;;10100;13;10104;20;;;10093.5;0.0
yf_ZS=F_d3;7900;ASH_COATED_OSMIUM;9921;11;9918;13;;;9943;14;9947;21;;;9932.0;0.0
yf_ZS=F_d3;7900;INTARIAN_PEPPER_ROOT;10092;17;10089;16;;;10098;5;10102;14;;;10095.0;0.0
yf_ZS=F_d3;8000;ASH_COATED_OSMIUM;9927;13;9923;23;;;9937;16;9939;14;;;9932.0;0.0
yf_ZS=F_d3;8000;INTARIAN_PEPPER_ROOT;10093;12;10089;14;;;10099;19;10103;20;;;10096.0;0.0
yf_ZS=F_d3;8100;ASH_COATED_OSMIUM;9921;15;9918;18;;;9943;10;9947;15;;;9932.0;0.0
yf_ZS=F_d3;8100;INTARIAN_PEPPER_ROOT;10089;14;10086;23;;;10106;13;10110;8;;;10097.5;0.0
yf_ZS=F_d3;8200;ASH_COATED_OSMIUM;9930;18;9927;22;;;9936;15;9940;21;;;9933.0;0.0
yf_ZS=F_d3;8200;INTARIAN_PEPPER_ROOT;10092;16;10088;21;;;10104;18;10106;20;;;10098.0;0.0
yf_ZS=F_d3;8300;ASH_COATED_OSMIUM;9930;13;9926;13;;;9936;13;9939;24;;;9933.0;0.0
yf_ZS=F_d3;8300;INTARIAN_PEPPER_ROOT;10097;18;10093;18;;;10103;9;10106;24;;;10100.0;0.0
yf_ZS=F_d3;8400;ASH_COATED_OSMIUM;9929;14;9925;16;;;9935;16;9938;17;;;9932.0;0.0
yf_ZS=F_d3;8400;INTARIAN_PEPPER_ROOT;10097;15;10093;12;;;10103;16;10105;17;;;10100.0;0.0
yf_ZS=F_d3;8500;ASH_COATED_OSMIUM;9929;16;9925;16;;;9935;13;9939;17;;;9932.0;0.0
yf_ZS=F_d3;8500;INTARIAN_PEPPER_ROOT;10099;17;10095;18;;;10105;10;10109;26;;;10102.0;0.0
yf_ZS=F_d3;8600;ASH_COATED_OSMIUM;9929;14;9926;20;;;9936;22;9940;16;;;9932.5;0.0
yf_ZS=F_d3;8600;INTARIAN_PEPPER_ROOT;10100;20;10098;23;;;10106;11;10109;23;;;10103.0;0.0
yf_ZS=F_d3;8700;ASH_COATED_OSMIUM;9929;9;9927;14;;;9935;11;9937;21;;;9932.0;0.0
yf_ZS=F_d3;8700;INTARIAN_PEPPER_ROOT;10101;11;10098;18;;;10107;5;10110;22;;;10104.0;0.0
yf_ZS=F_d3;8800;ASH_COATED_OSMIUM;9930;5;9926;21;;;9936;13;9939;22;;;9933.0;0.0
yf_ZS=F_d3;8800;INTARIAN_PEPPER_ROOT;10102;14;10098;15;;;10108;10;10112;20;;;10105.0;0.0
yf_ZS=F_d3;8900;ASH_COATED_OSMIUM;9923;25;9919;19;;;9941;8;9945;22;;;9932.0;0.0
yf_ZS=F_d3;8900;INTARIAN_PEPPER_ROOT;10102;15;10100;24;;;10112;12;10116;20;;;10107.0;0.0
yf_ZS=F_d3;9000;ASH_COATED_OSMIUM;9930;16;9926;20;;;9936;14;9939;23;;;9933.0;0.0
yf_ZS=F_d3;9000;INTARIAN_PEPPER_ROOT;10105;15;10103;12;;;10111;18;10114;21;;;10108.0;0.0
yf_ZS=F_d3;9100;ASH_COATED_OSMIUM;9929;7;9925;27;;;9935;16;9938;24;;;9932.0;0.0
yf_ZS=F_d3;9100;INTARIAN_PEPPER_ROOT;10103;21;10100;22;;;10116;14;10118;28;;;10109.5;0.0
yf_ZS=F_d3;9200;ASH_COATED_OSMIUM;9930;13;9928;23;;;9936;25;9938;14;;;9933.0;0.0
yf_ZS=F_d3;9200;INTARIAN_PEPPER_ROOT;10105;13;10101;12;;;10116;16;10120;10;;;10110.5;0.0
yf_ZS=F_d3;9300;ASH_COATED_OSMIUM;9930;17;9927;22;;;9936;13;9940;11;;;9933.0;0.0
yf_ZS=F_d3;9300;INTARIAN_PEPPER_ROOT;10109;12;10105;24;;;10115;16;10118;20;;;10112.0;0.0
yf_ZS=F_d3;9400;ASH_COATED_OSMIUM;9928;13;9925;13;;;9938;21;9940;20;;;9933.0;0.0
yf_ZS=F_d3;9400;INTARIAN_PEPPER_ROOT;10110;10;10108;19;;;10116;20;10118;16;;;10113.0;0.0
yf_ZS=F_d3;9500;ASH_COATED_OSMIUM;9929;18;9926;21;;;9935;23;9939;26;;;9932.0;0.0
yf_ZS=F_d3;9500;INTARIAN_PEPPER_ROOT;10110;15;10107;21;;;10118;7;10121;16;;;10114.0;0.0
yf_ZS=F_d3;9600;ASH_COATED_OSMIUM;9929;16;9926;19;;;9935;17;9939;24;;;9932.0;0.0
yf_ZS=F_d3;9600;INTARIAN_PEPPER_ROOT;10113;5;10110;19;;;10119;14;10121;22;;;10116.0;0.0
yf_ZS=F_d3;9700;ASH_COATED_OSMIUM;9929;14;9927;23;;;9935;8;9938;10;;;9932.0;0.0
yf_ZS=F_d3;9700;INTARIAN_PEPPER_ROOT;10113;6;10110;20;;;10119;11;10122;17;;;10116.0;0.0
yf_ZS=F_d3;9800;ASH_COATED_OSMIUM;9929;10;9927;22;;;9935;18;9939;23;;;9932.0;0.0
yf_ZS=F_d3;9800;INTARIAN_PEPPER_ROOT;10114;14;10110;11;;;10120;13;10122;14;;;10117.0;0.0
yf_ZS=F_d3;9900;ASH_COATED_OSMIUM;9928;13;9926;22;;;9937;13;9940;24;;;9932.5;0.0
yf_ZS=F_d3;9900;INTARIAN_PEPPER_ROOT;10110;22;10108;21;;;10127;15;10130;12;;;10118.5;0.0
yf_ZS=F_d3;10000;ASH_COATED_OSMIUM;9928;12;9926;23;;;9936;15;9938;10;;;9932.0;0.0
yf_ZS=F_d3;10000;INTARIAN_PEPPER_ROOT;10116;11;10112;27;;;10124;10;10128;20;;;10120.0;0.0
yf_ZS=F_d3;10100;ASH_COATED_OSMIUM;9929;13;9925;28;;;9935;16;9938;17;;;9932.0;0.0
yf_ZS=F_d3;10100;INTARIAN_PEPPER_ROOT;10119;5;10115;25;;;10125;16;10128;22;;;10122.0;0.0
yf_ZS=F_d3;10200;ASH_COATED_OSMIUM;9930;14;9926;13;;;9936;11;9938;23;;;9933.0;0.0
yf_ZS=F_d3;10200;INTARIAN_PEPPER_ROOT;10118;15;10114;27;;;10129;10;10133;16;;;10123.5;0.0
yf_ZS=F_d3;10300;ASH_COATED_OSMIUM;9929;12;9925;13;;;9935;6;9939;24;;;9932.0;0.0
yf_ZS=F_d3;10300;INTARIAN_PEPPER_ROOT;10116;15;10114;11;;;10131;21;10134;29;;;10123.5;0.0
yf_ZS=F_d3;10400;ASH_COATED_OSMIUM;9922;14;9919;15;;;9941;17;9944;16;;;9931.5;0.0
yf_ZS=F_d3;10400;INTARIAN_PEPPER_ROOT;10122;27;10118;23;;;10129;16;10132;18;;;10125.5;0.0
yf_ZS=F_d3;10500;ASH_COATED_OSMIUM;9929;23;9925;21;;;9935;21;9939;23;;;9932.0;0.0
yf_ZS=F_d3;10500;INTARIAN_PEPPER_ROOT;10109;13;10107;12;;;10143;11;10145;18;;;10126.0;0.0
yf_ZS=F_d3;10600;ASH_COATED_OSMIUM;9916;19;9914;27;;;9949;14;9953;21;;;9932.5;0.0
yf_ZS=F_d3;10600;INTARIAN_PEPPER_ROOT;10124;13;10122;14;;;10130;22;10133;29;;;10127.0;0.0
yf_ZS=F_d3;10700;ASH_COATED_OSMIUM;9930;22;9927;28;;;9936;17;9940;17;;;9933.0;0.0
yf_ZS=F_d3;10700;INTARIAN_PEPPER_ROOT;10125;9;10123;22;;;10131;12;10135;15;;;10128.0;0.0
yf_ZS=F_d3;10800;ASH_COATED_OSMIUM;9929;21;9927;21;;;9935;16;9939;25;;;9932.0;0.0
yf_ZS=F_d3;10800;INTARIAN_PEPPER_ROOT;10127;17;10124;25;;;10133;9;10137;21;;;10130.0;0.0
yf_ZS=F_d3;10900;ASH_COATED_OSMIUM;9929;6;9925;18;;;9935;14;9938;18;;;9932.0;0.0
yf_ZS=F_d3;10900;INTARIAN_PEPPER_ROOT;10128;18;10124;14;;;10134;8;10137;8;;;10131.0;0.0
yf_ZS=F_d3;11000;ASH_COATED_OSMIUM;9920;21;9918;26;;;9943;16;9945;19;;;9931.5;0.0
yf_ZS=F_d3;11000;INTARIAN_PEPPER_ROOT;10130;11;10126;25;;;10136;7;10139;18;;;10133.0;0.0
yf_ZS=F_d3;11100;ASH_COATED_OSMIUM;9929;10;9926;19;;;9935;23;9938;25;;;9932.0;0.0
yf_ZS=F_d3;11100;INTARIAN_PEPPER_ROOT;10130;15;10127;23;;;10136;20;10140;15;;;10133.0;0.0
yf_ZS=F_d3;11200;ASH_COATED_OSMIUM;9929;14;9926;23;;;9935;12;9937;17;;;9932.0;0.0
yf_ZS=F_d3;11200;INTARIAN_PEPPER_ROOT;10128;15;10126;21;;;10142;12;10144;23;;;10135.0;0.0
yf_ZS=F_d3;11300;ASH_COATED_OSMIUM;9929;27;9926;11;;;9935;13;9937;21;;;9932.0;0.0
yf_ZS=F_d3;11300;INTARIAN_PEPPER_ROOT;10133;10;10131;19;;;10139;6;10141;10;;;10136.0;0.0
yf_ZS=F_d3;11400;ASH_COATED_OSMIUM;9930;12;9928;14;;;9936;26;9940;22;;;9933.0;0.0
yf_ZS=F_d3;11400;INTARIAN_PEPPER_ROOT;10134;17;10130;21;;;10140;21;10143;24;;;10137.0;0.0
yf_ZS=F_d3;11500;ASH_COATED_OSMIUM;9929;19;9927;26;;;9935;15;9938;18;;;9932.0;0.0
yf_ZS=F_d3;11500;INTARIAN_PEPPER_ROOT;10130;5;10126;23;;;10145;14;10149;21;;;10137.5;0.0
yf_ZS=F_d3;11600;ASH_COATED_OSMIUM;9930;6;9927;22;;;9936;26;9938;10;;;9933.0;0.0
yf_ZS=F_d3;11600;INTARIAN_PEPPER_ROOT;10132;5;10130;25;;;10147;17;10149;21;;;10139.5;0.0
yf_ZS=F_d3;11700;ASH_COATED_OSMIUM;9919;18;9917;19;;;9944;7;9946;15;;;9931.5;0.0
yf_ZS=F_d3;11700;INTARIAN_PEPPER_ROOT;10132;10;10129;11;;;10149;11;10153;20;;;10140.5;0.0
yf_ZS=F_d3;11800;ASH_COATED_OSMIUM;9926;17;9923;26;;;9939;10;9941;15;;;9932.5;0.0
yf_ZS=F_d3;11800;INTARIAN_PEPPER_ROOT;10138;21;10135;24;;;10145;14;10148;19;;;10141.5;0.0
yf_ZS=F_d3;11900;ASH_COATED_OSMIUM;9927;17;9923;20;;;9938;10;9940;30;;;9932.5;0.0
yf_ZS=F_d3;11900;INTARIAN_PEPPER_ROOT;10140;13;10137;24;;;10146;18;10149;24;;;10143.0;0.0
yf_ZS=F_d3;12000;ASH_COATED_OSMIUM;9923;17;9920;18;;;9943;5;9946;19;;;9933.0;0.0
yf_ZS=F_d3;12000;INTARIAN_PEPPER_ROOT;10140;12;10137;18;;;10149;15;10153;17;;;10144.5;0.0
yf_ZS=F_d3;12100;ASH_COATED_OSMIUM;9929;16;9927;18;;;9935;11;9939;18;;;9932.0;0.0
yf_ZS=F_d3;12100;INTARIAN_PEPPER_ROOT;10142;16;10139;16;;;10148;10;10152;27;;;10145.0;0.0
yf_ZS=F_d3;12200;ASH_COATED_OSMIUM;9929;13;9926;15;;;9935;19;9939;27;;;9932.0;0.0
yf_ZS=F_d3;12200;INTARIAN_PEPPER_ROOT;10141;8;10138;25;;;10153;21;10157;18;;;10147.0;0.0
yf_ZS=F_d3;12300;ASH_COATED_OSMIUM;9930;17;9927;22;;;9936;22;9938;15;;;9933.0;0.0
yf_ZS=F_d3;12300;INTARIAN_PEPPER_ROOT;10133;14;10129;19;;;10162;17;10164;23;;;10147.5;0.0
yf_ZS=F_d3;12400;ASH_COATED_OSMIUM;9926;10;9923;28;;;9938;8;9942;19;;;9932.0;0.0
yf_ZS=F_d3;12400;INTARIAN_PEPPER_ROOT;10146;15;10144;19;;;10152;5;10156;17;;;10149.0;0.0
yf_ZS=F_d3;12500;ASH_COATED_OSMIUM;9926;14;9923;19;;;9938;12;9940;20;;;9932.0;0.0
yf_ZS=F_d3;12500;INTARIAN_PEPPER_ROOT;10147;11;10144;23;;;10153;20;10155;21;;;10150.0;0.0
yf_ZS=F_d3;12600;ASH_COATED_OSMIUM;9929;14;9926;22;;;9935;16;9937;16;;;9932.0;0.0
yf_ZS=F_d3;12600;INTARIAN_PEPPER_ROOT;10149;20;10147;14;;;10155;10;10158;21;;;10152.0;0.0
yf_ZS=F_d3;12700;ASH_COATED_OSMIUM;9922;20;9918;26;;;9942;10;9945;20;;;9932.0;0.0
yf_ZS=F_d3;12700;INTARIAN_PEPPER_ROOT;10149;21;10147;12;;;10155;7;10158;15;;;10152.0;0.0
yf_ZS=F_d3;12800;ASH_COATED_OSMIUM;9929;17;9927;22;;;9935;21;9939;13;;;9932.0;0.0
yf_ZS=F_d3;12800;INTARIAN_PEPPER_ROOT;10150;21;10147;17;;;10157;24;10161;19;;;10153.5;0.0
yf_ZS=F_d3;12900;ASH_COATED_OSMIUM;9929;8;9926;19;;;9935;11;9937;24;;;9932.0;0.0
yf_ZS=F_d3;12900;INTARIAN_PEPPER_ROOT;10152;8;10149;14;;;10158;18;10162;24;;;10155.0;0.0
yf_ZS=F_d3;13000;ASH_COATED_OSMIUM;9929;17;9926;14;;;9935;10;9939;16;;;9932.0;0.0
yf_ZS=F_d3;13000;INTARIAN_PEPPER_ROOT;10151;15;10148;27;;;10162;19;10166;20;;;10156.5;0.0
yf_ZS=F_d3;13100;ASH_COATED_OSMIUM;9929;16;9926;17;;;9935;11;9937;19;;;9932.0;0.0
yf_ZS=F_d3;13100;INTARIAN_PEPPER_ROOT;10155;21;10152;19;;;10161;13;10164;14;;;10158.0;0.0
yf_ZS=F_d3;13200;ASH_COATED_OSMIUM;9929;23;9925;25;;;9935;9;9938;23;;;9932.0;0.0
yf_ZS=F_d3;13200;INTARIAN_PEPPER_ROOT;10155;10;10152;22;;;10161;16;10165;29;;;10158.0;0.0
yf_ZS=F_d3;13300;ASH_COATED_OSMIUM;9929;18;9925;23;;;9935;15;9939;8;;;9932.0;0.0
yf_ZS=F_d3;13300;INTARIAN_PEPPER_ROOT;10137;17;10135;19;;;10182;19;10185;17;;;10159.5;0.0
yf_ZS=F_d3;13400;ASH_COATED_OSMIUM;9924;18;9920;22;;;9941;21;9945;16;;;9932.5;0.0
yf_ZS=F_d3;13400;INTARIAN_PEPPER_ROOT;10144;18;10142;24;;;10179;10;10183;27;;;10161.5;0.0
yf_ZS=F_d3;13500;ASH_COATED_OSMIUM;9930;10;9927;18;;;9936;17;9939;17;;;9933.0;0.0
yf_ZS=F_d3;13500;INTARIAN_PEPPER_ROOT;10158;10;10154;17;;;10167;10;10171;11;;;10162.5;0.0
yf_ZS=F_d3;13600;ASH_COATED_OSMIUM;9930;10;9927;20;;;9936;14;9939;23;;;9933.0;0.0
yf_ZS=F_d3;13600;INTARIAN_PEPPER_ROOT;10160;10;10157;25;;;10166;13;10169;13;;;10163.0;0.0
yf_ZS=F_d3;13700;ASH_COATED_OSMIUM;9915;15;9913;29;;;9950;18;9953;13;;;9932.5;0.0
yf_ZS=F_d3;13700;INTARIAN_PEPPER_ROOT;10162;18;10159;19;;;10168;13;10171;16;;;10165.0;0.0
yf_ZS=F_d3;13800;ASH_COATED_OSMIUM;9930;13;9927;16;;;9936;19;9940;22;;;9933.0;0.0
yf_ZS=F_d3;13800;INTARIAN_PEPPER_ROOT;10163;16;10161;22;;;10169;20;10173;17;;;10166.0;0.0
yf_ZS=F_d3;13900;ASH_COATED_OSMIUM;9929;9;9926;14;;;9938;8;9942;27;;;9933.5;0.0
yf_ZS=F_d3;13900;INTARIAN_PEPPER_ROOT;10161;7;10158;19;;;10173;17;10177;19;;;10167.0;0.0
yf_ZS=F_d3;14000;ASH_COATED_OSMIUM;9926;24;9924;21;;;9940;11;9942;25;;;9933.0;0.0
yf_ZS=F_d3;14000;INTARIAN_PEPPER_ROOT;10162;13;10159;16;;;10175;14;10179;13;;;10168.5;0.0
yf_ZS=F_d3;14100;ASH_COATED_OSMIUM;9930;6;9928;21;;;9936;21;9938;21;;;9933.0;0.0
yf_ZS=F_d3;14100;INTARIAN_PEPPER_ROOT;10167;10;10165;24;;;10173;20;10175;27;;;10170.0;0.0
yf_ZS=F_d3;14200;ASH_COATED_OSMIUM;9929;9;9926;15;;;9935;16;9939;22;;;9932.0;0.0
yf_ZS=F_d3;14200;INTARIAN_PEPPER_ROOT;10168;21;10166;21;;;10174;10;10177;22;;;10171.0;0.0
yf_ZS=F_d3;14300;ASH_COATED_OSMIUM;9929;12;9926;33;;;9935;14;9939;20;;;9932.0;0.0
yf_ZS=F_d3;14300;INTARIAN_PEPPER_ROOT;10169;16;10166;24;;;10175;20;10178;18;;;10172.0;0.0
yf_ZS=F_d3;14400;ASH_COATED_OSMIUM;9926;12;9923;30;;;9940;15;9944;21;;;9933.0;0.0
yf_ZS=F_d3;14400;INTARIAN_PEPPER_ROOT;10170;16;10168;18;;;10176;15;10178;16;;;10173.0;0.0
yf_ZS=F_d3;14500;ASH_COATED_OSMIUM;9930;21;9928;25;;;9936;10;9939;14;;;9933.0;0.0
yf_ZS=F_d3;14500;INTARIAN_PEPPER_ROOT;10168;14;10164;15;;;10180;21;10184;20;;;10174.0;0.0
yf_ZS=F_d3;14600;ASH_COATED_OSMIUM;9928;12;9926;19;;;9936;17;9938;25;;;9932.0;0.0
yf_ZS=F_d3;14600;INTARIAN_PEPPER_ROOT;10171;20;10168;25;;;10180;12;10182;23;;;10175.5;0.0
yf_ZS=F_d3;14700;ASH_COATED_OSMIUM;9930;8;9928;18;;;9936;6;9939;26;;;9933.0;0.0
yf_ZS=F_d3;14700;INTARIAN_PEPPER_ROOT;10171;19;10169;16;;;10182;5;10186;17;;;10176.5;0.0
yf_ZS=F_d3;14800;ASH_COATED_OSMIUM;9930;12;9928;20;;;9936;15;9939;20;;;9933.0;0.0
yf_ZS=F_d3;14800;INTARIAN_PEPPER_ROOT;10171;15;10167;18;;;10186;10;10190;20;;;10178.5;0.0
yf_ZS=F_d3;14900;ASH_COATED_OSMIUM;9920;11;9918;11;;;9945;21;9948;24;;;9932.5;0.0
yf_ZS=F_d3;14900;INTARIAN_PEPPER_ROOT;10176;19;10172;23;;;10182;18;10185;15;;;10179.0;0.0
yf_ZS=F_d3;15000;ASH_COATED_OSMIUM;9923;12;9920;21;;;9943;12;9945;20;;;9933.0;0.0
yf_ZS=F_d3;15000;INTARIAN_PEPPER_ROOT;10177;15;10175;16;;;10183;11;10187;17;;;10180.0;0.0
yf_ZS=F_d3;15100;ASH_COATED_OSMIUM;9929;21;9926;22;;;9935;11;9938;26;;;9932.0;0.0
yf_ZS=F_d3;15100;INTARIAN_PEPPER_ROOT;10179;5;10176;9;;;10185;23;10188;14;;;10182.0;0.0
yf_ZS=F_d3;15200;ASH_COATED_OSMIUM;9928;12;9926;20;;;9937;9;9939;17;;;9932.5;0.0
yf_ZS=F_d3;15200;INTARIAN_PEPPER_ROOT;10180;6;10178;21;;;10186;10;10190;22;;;10183.0;0.0
yf_ZS=F_d3;15300;ASH_COATED_OSMIUM;9927;5;9924;18;;;9937;22;9941;19;;;9932.0;0.0
yf_ZS=F_d3;15300;INTARIAN_PEPPER_ROOT;10166;14;10163;14;;;10202;20;10205;24;;;10184.0;0.0
yf_ZS=F_d3;15400;ASH_COATED_OSMIUM;9929;15;9925;20;;;9935;18;9938;23;;;9932.0;0.0
yf_ZS=F_d3;15400;INTARIAN_PEPPER_ROOT;10182;7;10180;30;;;10189;10;10191;19;;;10185.5;0.0
yf_ZS=F_d3;15500;ASH_COATED_OSMIUM;9922;24;9919;15;;;9944;17;9948;22;;;9933.0;0.0
yf_ZS=F_d3;15500;INTARIAN_PEPPER_ROOT;10183;15;10179;21;;;10189;23;10191;14;;;10186.0;0.0
yf_ZS=F_d3;15600;ASH_COATED_OSMIUM;9930;10;9928;24;;;9936;16;9938;22;;;9933.0;0.0
yf_ZS=F_d3;15600;INTARIAN_PEPPER_ROOT;10185;12;10182;16;;;10191;13;10193;9;;;10188.0;0.0
yf_ZS=F_d3;15700;ASH_COATED_OSMIUM;9930;14;9926;23;;;9936;17;9940;23;;;9933.0;0.0
yf_ZS=F_d3;15700;INTARIAN_PEPPER_ROOT;10185;29;10182;25;;;10194;8;10198;16;;;10189.5;0.0
yf_ZS=F_d3;15800;ASH_COATED_OSMIUM;9929;23;9927;25;;;9935;10;9937;28;;;9932.0;0.0
yf_ZS=F_d3;15800;INTARIAN_PEPPER_ROOT;10187;12;10184;22;;;10193;10;10197;14;;;10190.0;0.0
yf_ZS=F_d3;15900;ASH_COATED_OSMIUM;9930;23;9928;22;;;9936;10;9940;21;;;9933.0;0.0
yf_ZS=F_d3;15900;INTARIAN_PEPPER_ROOT;10188;14;10186;12;;;10194;15;10198;31;;;10191.0;0.0
yf_ZS=F_d3;16000;ASH_COATED_OSMIUM;9930;12;9926;15;;;9936;21;9940;17;;;9933.0;0.0
yf_ZS=F_d3;16000;INTARIAN_PEPPER_ROOT;10190;10;10186;23;;;10196;17;10198;27;;;10193.0;0.0
yf_ZS=F_d3;16100;ASH_COATED_OSMIUM;9929;12;9926;15;;;9935;7;9939;20;;;9932.0;0.0
yf_ZS=F_d3;16100;INTARIAN_PEPPER_ROOT;10191;14;10189;19;;;10197;19;10200;27;;;10194.0;0.0
yf_ZS=F_d3;16200;ASH_COATED_OSMIUM;9929;16;9927;17;;;9935;7;9937;21;;;9932.0;0.0
yf_ZS=F_d3;16200;INTARIAN_PEPPER_ROOT;10192;11;10188;31;;;10198;13;10201;19;;;10195.0;0.0
yf_ZS=F_d3;16300;ASH_COATED_OSMIUM;9930;15;9926;18;;;9936;19;9939;8;;;9933.0;0.0
yf_ZS=F_d3;16300;INTARIAN_PEPPER_ROOT;10193;15;10191;29;;;10199;14;10203;13;;;10196.0;0.0
yf_ZS=F_d3;16400;ASH_COATED_OSMIUM;9929;10;9925;16;;;9937;10;9939;13;;;9933.0;0.0
yf_ZS=F_d3;16400;INTARIAN_PEPPER_ROOT;10194;13;10190;23;;;10200;10;10204;28;;;10197.0;0.0
yf_ZS=F_d3;16500;ASH_COATED_OSMIUM;9930;9;9926;21;;;9936;18;9939;17;;;9933.0;0.0
yf_ZS=F_d3;16500;INTARIAN_PEPPER_ROOT;10195;5;10192;25;;;10201;11;10203;22;;;10198.0;0.0
yf_ZS=F_d3;16600;ASH_COATED_OSMIUM;9930;16;9927;12;;;9936;19;9940;20;;;9933.0;0.0
yf_ZS=F_d3;16600;INTARIAN_PEPPER_ROOT;10197;16;10193;26;;;10203;24;10206;11;;;10200.0;0.0
yf_ZS=F_d3;16700;ASH_COATED_OSMIUM;9929;14;9927;13;;;9935;30;9939;29;;;9932.0;0.0
yf_ZS=F_d3;16700;INTARIAN_PEPPER_ROOT;10198;17;10196;18;;;10204;10;10206;16;;;10201.0;0.0
yf_ZS=F_d3;16800;ASH_COATED_OSMIUM;9930;14;9927;26;;;9936;15;9938;17;;;9933.0;0.0
yf_ZS=F_d3;16800;INTARIAN_PEPPER_ROOT;10199;13;10197;12;;;10205;11;10207;22;;;10202.0;0.0
yf_ZS=F_d3;16900;ASH_COATED_OSMIUM;9928;13;9924;25;;;9937;15;9939;29;;;9932.5;0.0
yf_ZS=F_d3;16900;INTARIAN_PEPPER_ROOT;10200;18;10196;16;;;10206;14;10210;21;;;10203.0;0.0
yf_ZS=F_d3;17000;ASH_COATED_OSMIUM;9924;16;9920;21;;;9941;19;9943;25;;;9932.5;0.0
yf_ZS=F_d3;17000;INTARIAN_PEPPER_ROOT;10201;20;10197;24;;;10207;14;10211;18;;;10204.0;0.0
yf_ZS=F_d3;17100;ASH_COATED_OSMIUM;9923;21;9919;24;;;9943;22;9947;19;;;9933.0;0.0
yf_ZS=F_d3;17100;INTARIAN_PEPPER_ROOT;10199;7;10196;18;;;10212;8;10214;19;;;10205.5;0.0
yf_ZS=F_d3;17200;ASH_COATED_OSMIUM;9927;11;9924;9;;;9939;12;9942;28;;;9933.0;0.0
yf_ZS=F_d3;17200;INTARIAN_PEPPER_ROOT;10204;7;10201;28;;;10210;6;10214;16;;;10207.0;0.0
yf_ZS=F_d3;17300;ASH_COATED_OSMIUM;9928;14;9926;21;;;9938;10;9941;23;;;9933.0;0.0
yf_ZS=F_d3;17300;INTARIAN_PEPPER_ROOT;10205;17;10203;18;;;10212;27;10216;25;;;10208.5;0.0
yf_ZS=F_d3;17400;ASH_COATED_OSMIUM;9925;16;9922;16;;;9941;9;9944;8;;;9933.0;0.0
yf_ZS=F_d3;17400;INTARIAN_PEPPER_ROOT;10207;15;10203;13;;;10213;21;10217;19;;;10210.0;0.0
yf_ZS=F_d3;17500;ASH_COATED_OSMIUM;9930;12;9927;23;;;9936;8;9939;21;;;9933.0;0.0
yf_ZS=F_d3;17500;INTARIAN_PEPPER_ROOT;10208;15;10204;8;;;10214;14;10217;20;;;10211.0;0.0
yf_ZS=F_d3;17600;ASH_COATED_OSMIUM;9930;16;9927;17;;;9936;6;9938;21;;;9933.0;0.0
yf_ZS=F_d3;17600;INTARIAN_PEPPER_ROOT;10209;15;10206;29;;;10215;25;10218;17;;;10212.0;0.0
yf_ZS=F_d3;17700;ASH_COATED_OSMIUM;9924;12;9922;14;;;9944;5;9946;9;;;9934.0;0.0
yf_ZS=F_d3;17700;INTARIAN_PEPPER_ROOT;10206;12;10204;20;;;10221;15;10223;12;;;10213.5;0.0
yf_ZS=F_d3;17800;ASH_COATED_OSMIUM;9929;9;9925;13;;;9938;10;9942;17;;;9933.5;0.0
yf_ZS=F_d3;17800;INTARIAN_PEPPER_ROOT;10210;18;10206;19;;;10217;9;10219;22;;;10213.5;0.0
yf_ZS=F_d3;17900;ASH_COATED_OSMIUM;9930;9;9927;22;;;9937;6;9939;20;;;9933.5;0.0
yf_ZS=F_d3;17900;INTARIAN_PEPPER_ROOT;10210;10;10207;26;;;10221;16;10225;25;;;10215.5;0.0
yf_ZS=F_d3;18000;ASH_COATED_OSMIUM;9928;6;9925;14;;;9937;13;9940;24;;;9932.5;0.0
yf_ZS=F_d3;18000;INTARIAN_PEPPER_ROOT;10214;14;10210;25;;;10220;17;10224;18;;;10217.0;0.0
yf_ZS=F_d3;18100;ASH_COATED_OSMIUM;9928;11;9924;10;;;9939;19;9943;23;;;9933.5;0.0
yf_ZS=F_d3;18100;INTARIAN_PEPPER_ROOT;10210;13;10207;23;;;10226;16;10228;18;;;10218.0;0.0
yf_ZS=F_d3;18200;ASH_COATED_OSMIUM;9927;9;9924;19;;;9941;17;9944;21;;;9934.0;0.0
yf_ZS=F_d3;18200;INTARIAN_PEPPER_ROOT;10216;15;10213;18;;;10222;13;10225;20;;;10219.0;0.0
yf_ZS=F_d3;18300;ASH_COATED_OSMIUM;9931;24;9927;25;;;9937;16;9939;17;;;9934.0;0.0
yf_ZS=F_d3;18300;INTARIAN_PEPPER_ROOT;10217;19;10213;24;;;10223;12;10227;17;;;10220.0;0.0
yf_ZS=F_d3;18400;ASH_COATED_OSMIUM;9931;13;9929;24;;;9937;17;9940;21;;;9934.0;0.0
yf_ZS=F_d3;18400;INTARIAN_PEPPER_ROOT;10216;26;10212;30;;;10226;15;10230;16;;;10221.0;0.0
yf_ZS=F_d3;18500;ASH_COATED_OSMIUM;9931;8;9928;15;;;9937;22;9939;23;;;9934.0;0.0
yf_ZS=F_d3;18500;INTARIAN_PEPPER_ROOT;10220;5;10218;20;;;10226;13;10228;19;;;10223.0;0.0
yf_ZS=F_d3;18600;ASH_COATED_OSMIUM;9931;22;9927;21;;;9937;24;9940;20;;;9934.0;0.0
yf_ZS=F_d3;18600;INTARIAN_PEPPER_ROOT;10220;13;10216;20;;;10227;18;10231;8;;;10223.5;0.0
yf_ZS=F_d3;18700;ASH_COATED_OSMIUM;9931;5;9927;21;;;9937;23;9940;14;;;9934.0;0.0
yf_ZS=F_d3;18700;INTARIAN_PEPPER_ROOT;10222;5;10218;25;;;10228;12;10231;16;;;10225.0;0.0
yf_ZS=F_d3;18800;ASH_COATED_OSMIUM;9931;13;9928;14;;;9939;19;9941;14;;;9935.0;0.0
yf_ZS=F_d3;18800;INTARIAN_PEPPER_ROOT;10223;15;10219;26;;;10229;16;10232;30;;;10226.0;0.0
yf_ZS=F_d3;18900;ASH_COATED_OSMIUM;9931;30;9929;23;;;9937;20;9940;30;;;9934.0;0.0
yf_ZS=F_d3;18900;INTARIAN_PEPPER_ROOT;10225;17;10222;17;;;10231;23;10235;22;;;10228.0;0.0
yf_ZS=F_d3;19000;ASH_COATED_OSMIUM;9931;18;9928;15;;;9937;19;9939;13;;;9934.0;0.0
yf_ZS=F_d3;19000;INTARIAN_PEPPER_ROOT;10224;18;10222;8;;;10233;21;10237;18;;;10228.5;0.0
yf_ZS=F_d3;19100;ASH_COATED_OSMIUM;9931;13;9929;27;;;9937;15;9939;19;;;9934.0;0.0
yf_ZS=F_d3;19100;INTARIAN_PEPPER_ROOT;10226;21;10222;18;;;10232;19;10236;9;;;10229.0;0.0
yf_ZS=F_d3;19200;ASH_COATED_OSMIUM;9932;11;9930;17;;;9938;19;9940;19;;;9935.0;0.0
yf_ZS=F_d3;19200;INTARIAN_PEPPER_ROOT;10228;21;10224;23;;;10234;15;10237;26;;;10231.0;0.0
yf_ZS=F_d3;19300;ASH_COATED_OSMIUM;9931;16;9928;22;;;9937;11;9941;27;;;9934.0;0.0
yf_ZS=F_d3;19300;INTARIAN_PEPPER_ROOT;10229;17;10226;14;;;10235;10;10239;15;;;10232.0;0.0
yf_ZS=F_d3;19400;ASH_COATED_OSMIUM;9932;12;9929;15;;;9938;5;9941;17;;;9935.0;0.0
yf_ZS=F_d3;19400;INTARIAN_PEPPER_ROOT;10220;15;10217;21;;;10247;9;10251;25;;;10233.5;0.0
yf_ZS=F_d3;19500;ASH_COATED_OSMIUM;9918;9;9915;13;;;9952;14;9954;28;;;9935.0;0.0
yf_ZS=F_d3;19500;INTARIAN_PEPPER_ROOT;10231;15;10229;11;;;10239;23;10242;25;;;10235.0;0.0
yf_ZS=F_d3;19600;ASH_COATED_OSMIUM;9930;17;9927;24;;;9939;13;9943;22;;;9934.5;0.0
yf_ZS=F_d3;19600;INTARIAN_PEPPER_ROOT;10233;18;10229;19;;;10239;15;10243;22;;;10236.0;0.0
yf_ZS=F_d3;19700;ASH_COATED_OSMIUM;9915;9;9912;23;;;9955;9;9959;29;;;9935.0;0.0
yf_ZS=F_d3;19700;INTARIAN_PEPPER_ROOT;10234;20;10230;11;;;10240;10;10242;22;;;10237.0;0.0
yf_ZS=F_d3;19800;ASH_COATED_OSMIUM;9932;19;9928;12;;;9938;14;9941;24;;;9935.0;0.0
yf_ZS=F_d3;19800;INTARIAN_PEPPER_ROOT;10235;15;10233;16;;;10241;6;10244;24;;;10238.0;0.0
yf_ZS=F_d3;19900;ASH_COATED_OSMIUM;9932;16;9928;19;;;9938;21;9940;22;;;9935.0;0.0
yf_ZS=F_d3;19900;INTARIAN_PEPPER_ROOT;10237;16;10234;19;;;10243;14;10247;25;;;10240.0;0.0
yf_ZS=F_d3;20000;ASH_COATED_OSMIUM;9932;9;9928;11;;;9938;16;9941;16;;;9935.0;0.0
yf_ZS=F_d3;20000;INTARIAN_PEPPER_ROOT;10231;12;10229;18;;;10251;18;10254;19;;;10241.0;0.0
yf_ZS=F_d3;20100;ASH_COATED_OSMIUM;9932;15;9929;17;;;9938;12;9940;24;;;9935.0;0.0
yf_ZS=F_d3;20100;INTARIAN_PEPPER_ROOT;10239;19;10236;19;;;10245;17;10248;22;;;10242.0;0.0
yf_ZS=F_d3;20200;ASH_COATED_OSMIUM;9932;20;9928;20;;;9938;23;9941;12;;;9935.0;0.0
yf_ZS=F_d3;20200;INTARIAN_PEPPER_ROOT;10240;12;10236;21;;;10246;23;10250;22;;;10243.0;0.0
yf_ZS=F_d3;20300;ASH_COATED_OSMIUM;9932;12;9930;19;;;9938;10;9940;21;;;9935.0;0.0
yf_ZS=F_d3;20300;INTARIAN_PEPPER_ROOT;10241;7;10238;20;;;10247;16;10250;20;;;10244.0;0.0
yf_ZS=F_d3;20400;ASH_COATED_OSMIUM;9932;7;9929;11;;;9938;12;9942;18;;;9935.0;0.0
yf_ZS=F_d3;20400;INTARIAN_PEPPER_ROOT;10242;18;10238;13;;;10248;13;10252;17;;;10245.0;0.0
yf_ZS=F_d3;20500;ASH_COATED_OSMIUM;9932;11;9928;16;;;9938;15;9941;25;;;9935.0;0.0
yf_ZS=F_d3;20500;INTARIAN_PEPPER_ROOT;10244;17;10240;10;;;10250;8;10252;13;;;10247.0;0.0
yf_ZS=F_d3;20600;ASH_COATED_OSMIUM;9933;15;9930;22;;;9939;12;9943;17;;;9936.0;0.0
yf_ZS=F_d3;20600;INTARIAN_PEPPER_ROOT;10243;9;10239;21;;;10254;8;10257;23;;;10248.5;0.0
yf_ZS=F_d3;20700;ASH_COATED_OSMIUM;9925;23;9922;26;;;9946;14;9949;25;;;9935.5;0.0
yf_ZS=F_d3;20700;INTARIAN_PEPPER_ROOT;10240;19;10237;26;;;10259;12;10261;17;;;10249.5;0.0
yf_ZS=F_d3;20800;ASH_COATED_OSMIUM;9933;8;9930;14;;;9939;23;9943;17;;;9936.0;0.0
yf_ZS=F_d3;20800;INTARIAN_PEPPER_ROOT;10246;15;10243;24;;;10255;17;10258;28;;;10250.5;0.0
yf_ZS=F_d3;20900;ASH_COATED_OSMIUM;9933;12;9931;18;;;9939;21;9941;11;;;9936.0;0.0
yf_ZS=F_d3;20900;INTARIAN_PEPPER_ROOT;10247;16;10245;20;;;10257;19;10261;13;;;10252.0;0.0
yf_ZS=F_d3;21000;ASH_COATED_OSMIUM;9928;13;9925;34;;;9943;19;9945;15;;;9935.5;0.0
yf_ZS=F_d3;21000;INTARIAN_PEPPER_ROOT;10250;12;10247;15;;;10256;17;10258;21;;;10253.0;0.0
yf_ZS=F_d3;21100;ASH_COATED_OSMIUM;9933;10;9930;26;;;9939;10;9943;26;;;9936.0;0.0
yf_ZS=F_d3;21100;INTARIAN_PEPPER_ROOT;10251;17;10247;16;;;10257;16;10259;14;;;10254.0;0.0
yf_ZS=F_d3;21200;ASH_COATED_OSMIUM;9933;9;9931;17;;;9939;18;9941;21;;;9936.0;0.0
yf_ZS=F_d3;21200;INTARIAN_PEPPER_ROOT;10252;10;10248;11;;;10258;19;10260;11;;;10255.0;0.0
yf_ZS=F_d3;21300;ASH_COATED_OSMIUM;9933;18;9931;17;;;9939;17;9943;12;;;9936.0;0.0
yf_ZS=F_d3;21300;INTARIAN_PEPPER_ROOT;10249;10;10247;20;;;10265;10;10267;24;;;10257.0;0.0
yf_ZS=F_d3;21400;ASH_COATED_OSMIUM;9932;15;9928;22;;;9940;11;9942;27;;;9936.0;0.0
yf_ZS=F_d3;21400;INTARIAN_PEPPER_ROOT;10253;13;10251;24;;;10263;9;10267;22;;;10258.0;0.0
yf_ZS=F_d3;21500;ASH_COATED_OSMIUM;9930;20;9928;14;;;9942;23;9946;20;;;9936.0;0.0
yf_ZS=F_d3;21500;INTARIAN_PEPPER_ROOT;10255;10;10253;23;;;10261;25;10265;12;;;10258.0;0.0
yf_ZS=F_d3;21600;ASH_COATED_OSMIUM;9931;17;9927;23;;;9941;13;9944;21;;;9936.0;0.0
yf_ZS=F_d3;21600;INTARIAN_PEPPER_ROOT;10257;16;10253;27;;;10263;8;10267;25;;;10260.0;0.0
yf_ZS=F_d3;21700;ASH_COATED_OSMIUM;9933;17;9930;18;;;9939;22;9941;9;;;9936.0;0.0
yf_ZS=F_d3;21700;INTARIAN_PEPPER_ROOT;10259;23;10257;16;;;10265;17;10267;23;;;10262.0;0.0
yf_ZS=F_d3;21800;ASH_COATED_OSMIUM;9933;5;9930;15;;;9940;22;9944;25;;;9936.5;0.0
yf_ZS=F_d3;21800;INTARIAN_PEPPER_ROOT;10260;15;10257;23;;;10266;12;10270;18;;;10263.0;0.0
yf_ZS=F_d3;21900;ASH_COATED_OSMIUM;9933;15;9930;16;;;9939;10;9941;20;;;9936.0;0.0
yf_ZS=F_d3;21900;INTARIAN_PEPPER_ROOT;10255;15;10252;18;;;10272;15;10276;21;;;10263.5;0.0
yf_ZS=F_d3;22000;ASH_COATED_OSMIUM;9932;13;9929;24;;;9941;18;9943;20;;;9936.5;0.0
yf_ZS=F_d3;22000;INTARIAN_PEPPER_ROOT;10255;12;10253;23;;;10274;17;10277;17;;;10264.5;0.0
yf_ZS=F_d3;22100;ASH_COATED_OSMIUM;9929;6;9927;25;;;9943;11;9945;15;;;9936.0;0.0
yf_ZS=F_d3;22100;INTARIAN_PEPPER_ROOT;10246;15;10244;9;;;10287;24;10289;19;;;10266.5;0.0
yf_ZS=F_d3;22200;ASH_COATED_OSMIUM;9934;8;9930;15;;;9940;11;9943;18;;;9937.0;0.0
yf_ZS=F_d3;22200;INTARIAN_PEPPER_ROOT;10264;9;10260;11;;;10270;11;10274;16;;;10267.0;0.0
yf_ZS=F_d3;22300;ASH_COATED_OSMIUM;9932;14;9928;16;;;9941;16;9945;18;;;9936.5;0.0
yf_ZS=F_d3;22300;INTARIAN_PEPPER_ROOT;10266;21;10264;17;;;10272;18;10276;19;;;10269.0;0.0
yf_ZS=F_d3;22400;ASH_COATED_OSMIUM;9933;18;9931;16;;;9940;14;9942;18;;;9936.5;0.0
yf_ZS=F_d3;22400;INTARIAN_PEPPER_ROOT;10267;14;10263;19;;;10273;17;10276;14;;;10270.0;0.0
yf_ZS=F_d3;22500;ASH_COATED_OSMIUM;9934;11;9932;19;;;9940;13;9942;23;;;9937.0;0.0
yf_ZS=F_d3;22500;INTARIAN_PEPPER_ROOT;10267;11;10265;18;;;10275;11;10279;10;;;10271.0;0.0
yf_ZS=F_d3;22600;ASH_COATED_OSMIUM;9933;17;9931;22;;;9940;20;9942;29;;;9936.5;0.0
yf_ZS=F_d3;22600;INTARIAN_PEPPER_ROOT;10263;10;10259;19;;;10281;9;10283;30;;;10272.0;0.0
yf_ZS=F_d3;22700;ASH_COATED_OSMIUM;9934;9;9932;22;;;9940;23;9942;24;;;9937.0;0.0
yf_ZS=F_d3;22700;INTARIAN_PEPPER_ROOT;10263;25;10261;25;;;10284;9;10287;18;;;10273.5;0.0
yf_ZS=F_d3;22800;ASH_COATED_OSMIUM;9934;7;9931;27;;;9940;9;9943;16;;;9937.0;0.0
yf_ZS=F_d3;22800;INTARIAN_PEPPER_ROOT;10271;13;10269;13;;;10277;12;10280;13;;;10274.0;0.0
yf_ZS=F_d3;22900;ASH_COATED_OSMIUM;9930;11;9926;19;;;9943;15;9947;18;;;9936.5;0.0
yf_ZS=F_d3;22900;INTARIAN_PEPPER_ROOT;10265;19;10262;34;;;10286;24;10290;12;;;10275.5;0.0
yf_ZS=F_d3;23000;ASH_COATED_OSMIUM;9934;11;9930;21;;;9942;12;9946;18;;;9938.0;0.0
yf_ZS=F_d3;23000;INTARIAN_PEPPER_ROOT;10274;8;10270;17;;;10280;15;10283;18;;;10277.0;0.0
yf_ZS=F_d3;23100;ASH_COATED_OSMIUM;9915;18;9911;26;;;9959;15;9961;18;;;9937.0;0.0
yf_ZS=F_d3;23100;INTARIAN_PEPPER_ROOT;10275;16;10271;23;;;10281;12;10283;21;;;10278.0;0.0
yf_ZS=F_d3;23200;ASH_COATED_OSMIUM;9934;5;9930;30;;;9940;6;9944;19;;;9937.0;0.0
yf_ZS=F_d3;23200;INTARIAN_PEPPER_ROOT;10276;17;10273;16;;;10283;16;10285;13;;;10279.5;0.0
yf_ZS=F_d3;23300;ASH_COATED_OSMIUM;9934;15;9931;25;;;9940;7;9943;20;;;9937.0;0.0
yf_ZS=F_d3;23300;INTARIAN_PEPPER_ROOT;10277;15;10275;23;;;10283;7;10285;14;;;10280.0;0.0
yf_ZS=F_d3;23400;ASH_COATED_OSMIUM;9934;14;9932;22;;;9942;14;9946;22;;;9938.0;0.0
yf_ZS=F_d3;23400;INTARIAN_PEPPER_ROOT;10278;14;10276;21;;;10285;18;10288;24;;;10281.5;0.0
yf_ZS=F_d3;23500;ASH_COATED_OSMIUM;9934;14;9930;25;;;9940;25;9943;20;;;9937.0;0.0
yf_ZS=F_d3;23500;INTARIAN_PEPPER_ROOT;10280;12;10276;12;;;10286;12;10288;14;;;10283.0;0.0
yf_ZS=F_d3;23600;ASH_COATED_OSMIUM;9934;15;9932;22;;;9940;14;9944;21;;;9937.0;0.0
yf_ZS=F_d3;23600;INTARIAN_PEPPER_ROOT;10281;13;10279;19;;;10287;13;10290;25;;;10284.0;0.0
yf_ZS=F_d3;23700;ASH_COATED_OSMIUM;9935;19;9933;17;;;9941;23;9944;16;;;9938.0;0.0
yf_ZS=F_d3;23700;INTARIAN_PEPPER_ROOT;10282;15;10280;19;;;10288;14;10291;11;;;10285.0;0.0
yf_ZS=F_d3;23800;ASH_COATED_OSMIUM;9930;16;9926;25;;;9946;20;9950;25;;;9938.0;0.0
yf_ZS=F_d3;23800;INTARIAN_PEPPER_ROOT;10284;7;10282;14;;;10290;12;10294;16;;;10287.0;0.0
yf_ZS=F_d3;23900;ASH_COATED_OSMIUM;9934;16;9932;19;;;9941;12;9944;17;;;9937.5;0.0
yf_ZS=F_d3;23900;INTARIAN_PEPPER_ROOT;10283;28;10280;20;;;10293;17;10297;27;;;10288.0;0.0
yf_ZS=F_d3;24000;ASH_COATED_OSMIUM;9935;22;9931;11;;;9941;12;9944;21;;;9938.0;0.0
yf_ZS=F_d3;24000;INTARIAN_PEPPER_ROOT;10286;14;10283;16;;;10293;23;10297;20;;;10289.5;0.0
yf_ZS=F_d3;24100;ASH_COATED_OSMIUM;9926;12;9922;32;;;9950;12;9954;26;;;9938.0;0.0
yf_ZS=F_d3;24100;INTARIAN_PEPPER_ROOT;10287;16;10284;12;;;10293;24;10297;16;;;10290.0;0.0
yf_ZS=F_d3;24200;ASH_COATED_OSMIUM;9931;23;9929;22;;;9945;15;9949;22;;;9938.0;0.0
yf_ZS=F_d3;24200;INTARIAN_PEPPER_ROOT;10288;18;10285;20;;;10294;16;10297;26;;;10291.0;0.0
yf_ZS=F_d3;24300;ASH_COATED_OSMIUM;9934;22;9931;16;;;9943;12;9945;15;;;9938.5;0.0
yf_ZS=F_d3;24300;INTARIAN_PEPPER_ROOT;10287;12;10283;18;;;10298;13;10302;21;;;10292.5;0.0
yf_ZS=F_d3;24400;ASH_COATED_OSMIUM;9933;9;9930;20;;;9944;8;9946;24;;;9938.5;0.0
yf_ZS=F_d3;24400;INTARIAN_PEPPER_ROOT;10291;13;10288;18;;;10297;22;10299;18;;;10294.0;0.0
yf_ZS=F_d3;24500;ASH_COATED_OSMIUM;9935;16;9932;18;;;9941;7;9944;17;;;9938.0;0.0
yf_ZS=F_d3;24500;INTARIAN_PEPPER_ROOT;10289;18;10287;14;;;10301;11;10305;19;;;10295.0;0.0
yf_ZS=F_d3;24600;ASH_COATED_OSMIUM;9935;10;9933;23;;;9941;8;9943;17;;;9938.0;0.0
yf_ZS=F_d3;24600;INTARIAN_PEPPER_ROOT;10293;17;10291;20;;;10299;9;10303;19;;;10296.0;0.0
yf_ZS=F_d3;24700;ASH_COATED_OSMIUM;9935;18;9933;16;;;9941;8;9945;9;;;9938.0;0.0
yf_ZS=F_d3;24700;INTARIAN_PEPPER_ROOT;10294;12;10291;9;;;10303;13;10305;27;;;10298.5;0.0
yf_ZS=F_d3;24800;ASH_COATED_OSMIUM;9936;17;9934;20;;;9942;16;9945;23;;;9939.0;0.0
yf_ZS=F_d3;24800;INTARIAN_PEPPER_ROOT;10296;11;10293;15;;;10302;16;10304;17;;;10299.0;0.0
yf_ZS=F_d3;24900;ASH_COATED_OSMIUM;9935;16;9932;22;;;9941;19;9943;24;;;9938.0;0.0
yf_ZS=F_d3;24900;INTARIAN_PEPPER_ROOT;10297;8;10293;16;;;10303;13;10306;18;;;10300.0;0.0
yf_ZS=F_d3;25000;ASH_COATED_OSMIUM;9936;12;9934;24;;;9942;12;9946;22;;;9939.0;0.0
yf_ZS=F_d3;25000;INTARIAN_PEPPER_ROOT;10298;14;10295;26;;;10304;5;10307;19;;;10301.0;0.0
yf_ZS=F_d3;25100;ASH_COATED_OSMIUM;9933;14;9931;18;;;9945;13;9947;13;;;9939.0;0.0
yf_ZS=F_d3;25100;INTARIAN_PEPPER_ROOT;10299;21;10296;17;;;10305;11;10309;22;;;10302.0;0.0
yf_ZS=F_d3;25200;ASH_COATED_OSMIUM;9934;20;9931;16;;;9944;8;9947;27;;;9939.0;0.0
yf_ZS=F_d3;25200;INTARIAN_PEPPER_ROOT;10298;13;10294;16;;;10309;9;10313;18;;;10303.5;0.0
yf_ZS=F_d3;25300;ASH_COATED_OSMIUM;9935;9;9933;16;;;9942;11;9945;22;;;9938.5;0.0
yf_ZS=F_d3;25300;INTARIAN_PEPPER_ROOT;10302;17;10299;21;;;10308;13;10311;21;;;10305.0;0.0
yf_ZS=F_d3;25400;ASH_COATED_OSMIUM;9936;9;9934;20;;;9942;9;9946;25;;;9939.0;0.0
yf_ZS=F_d3;25400;INTARIAN_PEPPER_ROOT;10298;19;10296;19;;;10313;11;10317;12;;;10305.5;0.0
yf_ZS=F_d3;25500;ASH_COATED_OSMIUM;9936;8;9932;21;;;9942;21;9944;22;;;9939.0;0.0
yf_ZS=F_d3;25500;INTARIAN_PEPPER_ROOT;10304;15;10301;19;;;10310;15;10314;23;;;10307.0;0.0
yf_ZS=F_d3;25600;ASH_COATED_OSMIUM;9936;17;9933;19;;;9942;22;9946;22;;;9939.0;0.0
yf_ZS=F_d3;25600;INTARIAN_PEPPER_ROOT;10306;18;10304;21;;;10312;18;10316;8;;;10309.0;0.0
yf_ZS=F_d3;25700;ASH_COATED_OSMIUM;9927;18;9925;21;;;9952;26;9956;21;;;9939.5;0.0
yf_ZS=F_d3;25700;INTARIAN_PEPPER_ROOT;10307;25;10303;24;;;10313;15;10317;25;;;10310.0;0.0
yf_ZS=F_d3;25800;ASH_COATED_OSMIUM;9933;9;9930;17;;;9946;17;9950;26;;;9939.5;0.0
yf_ZS=F_d3;25800;INTARIAN_PEPPER_ROOT;10308;15;10304;21;;;10314;17;10317;17;;;10311.0;0.0
yf_ZS=F_d3;25900;ASH_COATED_OSMIUM;9937;10;9935;21;;;9943;16;9945;15;;;9940.0;0.0
yf_ZS=F_d3;25900;INTARIAN_PEPPER_ROOT;10301;12;10297;22;;;10323;15;10326;11;;;10312.0;0.0
yf_ZS=F_d3;26000;ASH_COATED_OSMIUM;9937;21;9934;13;;;9943;12;9947;17;;;9940.0;0.0
yf_ZS=F_d3;26000;INTARIAN_PEPPER_ROOT;10310;5;10308;13;;;10316;18;10319;16;;;10313.0;0.0
yf_ZS=F_d3;26100;ASH_COATED_OSMIUM;9926;18;9923;19;;;9952;9;9954;22;;;9939.0;0.0
yf_ZS=F_d3;26100;INTARIAN_PEPPER_ROOT;10310;12;10307;20;;;10318;14;10321;14;;;10314.0;0.0
yf_ZS=F_d3;26200;ASH_COATED_OSMIUM;9932;19;9930;16;;;9947;18;9951;8;;;9939.5;0.0
yf_ZS=F_d3;26200;INTARIAN_PEPPER_ROOT;10313;13;10311;21;;;10319;29;10321;21;;;10316.0;0.0
yf_ZS=F_d3;26300;ASH_COATED_OSMIUM;9933;11;9930;22;;;9946;11;9949;27;;;9939.5;0.0
yf_ZS=F_d3;26300;INTARIAN_PEPPER_ROOT;10312;21;10309;17;;;10323;11;10325;20;;;10317.5;0.0
yf_ZS=F_d3;26400;ASH_COATED_OSMIUM;9936;14;9933;15;;;9942;12;9946;21;;;9939.0;0.0
yf_ZS=F_d3;26400;INTARIAN_PEPPER_ROOT;10314;12;10310;18;;;10323;24;10327;20;;;10318.5;0.0
yf_ZS=F_d3;26500;ASH_COATED_OSMIUM;9935;5;9933;24;;;9945;16;9949;21;;;9940.0;0.0
yf_ZS=F_d3;26500;INTARIAN_PEPPER_ROOT;10317;18;10313;16;;;10323;12;10326;8;;;10320.0;0.0
yf_ZS=F_d3;26600;ASH_COATED_OSMIUM;9936;11;9934;20;;;9942;13;9945;24;;;9939.0;0.0
yf_ZS=F_d3;26600;INTARIAN_PEPPER_ROOT;10315;10;10312;17;;;10325;12;10327;19;;;10320.0;0.0
yf_ZS=F_d3;26700;ASH_COATED_OSMIUM;9937;12;9933;19;;;9943;12;9945;20;;;9940.0;0.0
yf_ZS=F_d3;26700;INTARIAN_PEPPER_ROOT;10319;20;10317;25;;;10325;14;10328;15;;;10322.0;0.0
yf_ZS=F_d3;26800;ASH_COATED_OSMIUM;9935;23;9932;14;;;9945;12;9948;18;;;9940.0;0.0
yf_ZS=F_d3;26800;INTARIAN_PEPPER_ROOT;10320;11;10318;16;;;10326;16;10330;21;;;10323.0;0.0
yf_ZS=F_d3;26900;ASH_COATED_OSMIUM;9938;12;9934;22;;;9944;18;9948;20;;;9941.0;0.0
yf_ZS=F_d3;26900;INTARIAN_PEPPER_ROOT;10321;18;10318;8;;;10327;23;10330;14;;;10324.0;0.0
yf_ZS=F_d3;27000;ASH_COATED_OSMIUM;9922;9;9919;26;;;9959;15;9963;24;;;9940.5;0.0
yf_ZS=F_d3;27000;INTARIAN_PEPPER_ROOT;10302;7;10300;24;;;10348;13;10350;29;;;10325.0;0.0
yf_ZS=F_d3;27100;ASH_COATED_OSMIUM;9937;10;9933;12;;;9943;16;9945;16;;;9940.0;0.0
yf_ZS=F_d3;27100;INTARIAN_PEPPER_ROOT;10323;15;10319;12;;;10329;17;10333;11;;;10326.0;0.0
yf_ZS=F_d3;27200;ASH_COATED_OSMIUM;9938;5;9934;11;;;9944;13;9947;25;;;9941.0;0.0
yf_ZS=F_d3;27200;INTARIAN_PEPPER_ROOT;10324;20;10320;11;;;10330;14;10334;15;;;10327.0;0.0
yf_ZS=F_d3;27300;ASH_COATED_OSMIUM;9937;10;9934;19;;;9943;17;9947;20;;;9940.0;0.0
yf_ZS=F_d3;27300;INTARIAN_PEPPER_ROOT;10326;19;10322;27;;;10332;11;10336;19;;;10329.0;0.0
yf_ZS=F_d3;27400;ASH_COATED_OSMIUM;9932;9;9929;20;;;9947;16;9950;21;;;9939.5;0.0
yf_ZS=F_d3;27400;INTARIAN_PEPPER_ROOT;10327;11;10323;25;;;10333;12;10337;17;;;10330.0;0.0
yf_ZS=F_d3;27500;ASH_COATED_OSMIUM;9938;8;9934;19;;;9944;28;9947;25;;;9941.0;0.0
yf_ZS=F_d3;27500;INTARIAN_PEPPER_ROOT;10328;13;10325;22;;;10334;15;10337;20;;;10331.0;0.0
yf_ZS=F_d3;27600;ASH_COATED_OSMIUM;9936;14;9932;18;;;9945;18;9947;23;;;9940.5;0.0
yf_ZS=F_d3;27600;INTARIAN_PEPPER_ROOT;10329;10;10325;26;;;10335;23;10337;24;;;10332.0;0.0
yf_ZS=F_d3;27700;ASH_COATED_OSMIUM;9938;14;9936;23;;;9944;13;9948;19;;;9941.0;0.0
yf_ZS=F_d3;27700;INTARIAN_PEPPER_ROOT;10328;15;10326;26;;;10339;13;10342;23;;;10333.5;0.0
yf_ZS=F_d3;27800;ASH_COATED_OSMIUM;9938;10;9936;22;;;9944;19;9947;20;;;9941.0;0.0
yf_ZS=F_d3;27800;INTARIAN_PEPPER_ROOT;10332;24;10329;25;;;10338;18;10340;18;;;10335.0;0.0
yf_ZS=F_d3;27900;ASH_COATED_OSMIUM;9937;16;9934;19;;;9945;14;9949;23;;;9941.0;0.0
yf_ZS=F_d3;27900;INTARIAN_PEPPER_ROOT;10333;11;10329;21;;;10339;15;10341;20;;;10336.0;0.0
yf_ZS=F_d3;28000;ASH_COATED_OSMIUM;9936;13;9934;11;;;9947;15;9949;9;;;9941.5;0.0
yf_ZS=F_d3;28000;INTARIAN_PEPPER_ROOT;10335;14;10333;20;;;10341;8;10345;26;;;10338.0;0.0
yf_ZS=F_d3;28100;ASH_COATED_OSMIUM;9938;6;9934;23;;;9944;17;9947;20;;;9941.0;0.0
yf_ZS=F_d3;28100;INTARIAN_PEPPER_ROOT;10335;21;10331;22;;;10341;9;10343;19;;;10338.0;0.0
yf_ZS=F_d3;28200;ASH_COATED_OSMIUM;9939;8;9937;28;;;9945;19;9947;28;;;9942.0;0.0
yf_ZS=F_d3;28200;INTARIAN_PEPPER_ROOT;10337;13;10333;23;;;10343;23;10345;14;;;10340.0;0.0
yf_ZS=F_d3;28300;ASH_COATED_OSMIUM;9933;9;9929;26;;;9949;12;9952;20;;;9941.0;0.0
yf_ZS=F_d3;28300;INTARIAN_PEPPER_ROOT;10335;11;10332;28;;;10348;7;10350;18;;;10341.5;0.0
yf_ZS=F_d3;28400;ASH_COATED_OSMIUM;9939;18;9936;14;;;9945;6;9948;15;;;9942.0;0.0
yf_ZS=F_d3;28400;INTARIAN_PEPPER_ROOT;10339;6;10335;19;;;10345;8;10349;20;;;10342.0;0.0
yf_ZS=F_d3;28500;ASH_COATED_OSMIUM;9938;13;9935;13;;;9944;19;9948;21;;;9941.0;0.0
yf_ZS=F_d3;28500;INTARIAN_PEPPER_ROOT;10336;11;10333;17;;;10349;8;10352;19;;;10342.5;0.0
yf_ZS=F_d3;28600;ASH_COATED_OSMIUM;9938;21;9935;24;;;9944;11;9947;24;;;9941.0;0.0
yf_ZS=F_d3;28600;INTARIAN_PEPPER_ROOT;10341;12;10338;20;;;10347;25;10349;13;;;10344.0;0.0
yf_ZS=F_d3;28700;ASH_COATED_OSMIUM;9939;18;9936;12;;;9945;13;9949;27;;;9942.0;0.0
yf_ZS=F_d3;28700;INTARIAN_PEPPER_ROOT;10342;10;10340;10;;;10348;16;10351;27;;;10345.0;0.0
yf_ZS=F_d3;28800;ASH_COATED_OSMIUM;9939;17;9936;22;;;9945;18;9948;27;;;9942.0;0.0
yf_ZS=F_d3;28800;INTARIAN_PEPPER_ROOT;10340;15;10337;16;;;10354;18;10357;26;;;10347.0;0.0
yf_ZS=F_d3;28900;ASH_COATED_OSMIUM;9932;23;9929;19;;;9951;11;9953;9;;;9941.5;0.0
yf_ZS=F_d3;28900;INTARIAN_PEPPER_ROOT;10345;17;10343;10;;;10351;10;10355;27;;;10348.0;0.0
yf_ZS=F_d3;29000;ASH_COATED_OSMIUM;9932;15;9930;21;;;9951;14;9953;18;;;9941.5;0.0
yf_ZS=F_d3;29000;INTARIAN_PEPPER_ROOT;10338;18;10335;18;;;10360;16;10362;11;;;10349.0;0.0
yf_ZS=F_d3;29100;ASH_COATED_OSMIUM;9934;9;9930;25;;;9951;8;9955;14;;;9942.5;0.0
yf_ZS=F_d3;29100;INTARIAN_PEPPER_ROOT;10348;10;10344;26;;;10354;19;10358;23;;;10351.0;0.0
yf_ZS=F_d3;29200;ASH_COATED_OSMIUM;9927;10;9923;20;;;9956;15;9959;10;;;9941.5;0.0
yf_ZS=F_d3;29200;INTARIAN_PEPPER_ROOT;10348;20;10346;23;;;10355;20;10359;17;;;10351.5;0.0
yf_ZS=F_d3;29300;ASH_COATED_OSMIUM;9934;19;9931;19;;;9950;13;9952;21;;;9942.0;0.0
yf_ZS=F_d3;29300;INTARIAN_PEPPER_ROOT;10351;6;10348;21;;;10357;14;10359;15;;;10354.0;0.0
yf_ZS=F_d3;29400;ASH_COATED_OSMIUM;9939;18;9936;21;;;9946;16;9948;14;;;9942.5;0.0
yf_ZS=F_d3;29400;INTARIAN_PEPPER_ROOT;10347;12;10343;21;;;10361;7;10365;18;;;10354.0;0.0
yf_ZS=F_d3;29500;ASH_COATED_OSMIUM;9936;16;9932;18;;;9947;5;9950;15;;;9941.5;0.0
yf_ZS=F_d3;29500;INTARIAN_PEPPER_ROOT;10352;11;10348;21;;;10359;19;10361;23;;;10355.5;0.0
yf_ZS=F_d3;29600;ASH_COATED_OSMIUM;9938;9;9934;25;;;9946;5;9948;24;;;9942.0;0.0
yf_ZS=F_d3;29600;INTARIAN_PEPPER_ROOT;10354;11;10351;27;;;10360;17;10362;13;;;10357.0;0.0
yf_ZS=F_d3;29700;ASH_COATED_OSMIUM;9939;15;9937;20;;;9945;13;9949;29;;;9942.0;0.0
yf_ZS=F_d3;29700;INTARIAN_PEPPER_ROOT;10356;20;10352;10;;;10362;14;10365;21;;;10359.0;0.0
yf_ZS=F_d3;29800;ASH_COATED_OSMIUM;9939;19;9935;10;;;9945;21;9948;16;;;9942.0;0.0
yf_ZS=F_d3;29800;INTARIAN_PEPPER_ROOT;10356;16;10354;20;;;10362;7;10365;19;;;10359.0;0.0
yf_ZS=F_d3;29900;ASH_COATED_OSMIUM;9939;15;9936;17;;;9945;14;9947;17;;;9942.0;0.0
yf_ZS=F_d3;29900;INTARIAN_PEPPER_ROOT;10357;18;10354;26;;;10363;19;10366;20;;;10360.0;0.0
yf_ZS=F_d3;30000;ASH_COATED_OSMIUM;9940;15;9937;17;;;9946;5;9948;19;;;9943.0;0.0
yf_ZS=F_d3;30000;INTARIAN_PEPPER_ROOT;10357;6;10353;25;;;10365;21;10367;18;;;10361.0;0.0
yf_ZS=F_d3;30100;ASH_COATED_OSMIUM;9938;14;9936;21;;;9947;23;9949;17;;;9942.5;0.0
yf_ZS=F_d3;30100;INTARIAN_PEPPER_ROOT;10360;15;10358;20;;;10366;17;10368;29;;;10363.0;0.0
yf_ZS=F_d3;30200;ASH_COATED_OSMIUM;9940;12;9936;14;;;9946;12;9950;21;;;9943.0;0.0
yf_ZS=F_d3;30200;INTARIAN_PEPPER_ROOT;10353;10;10350;11;;;10374;12;10378;23;;;10363.5;0.0
yf_ZS=F_d3;30300;ASH_COATED_OSMIUM;9939;28;9937;25;;;9945;11;9947;17;;;9942.0;0.0
yf_ZS=F_d3;30300;INTARIAN_PEPPER_ROOT;10362;5;10359;18;;;10368;13;10370;16;;;10365.0;0.0
yf_ZS=F_d3;30400;ASH_COATED_OSMIUM;9939;9;9936;13;;;9947;21;9950;13;;;9943.0;0.0
yf_ZS=F_d3;30400;INTARIAN_PEPPER_ROOT;10364;12;10362;24;;;10370;16;10373;20;;;10367.0;0.0
yf_ZS=F_d3;30500;ASH_COATED_OSMIUM;9939;15;9936;16;;;9946;14;9950;18;;;9942.5;0.0
yf_ZS=F_d3;30500;INTARIAN_PEPPER_ROOT;10363;12;10360;27;;;10372;17;10374;19;;;10367.5;0.0
yf_ZS=F_d3;30600;ASH_COATED_OSMIUM;9937;17;9934;17;;;9949;13;9953;25;;;9943.0;0.0
yf_ZS=F_d3;30600;INTARIAN_PEPPER_ROOT;10364;18;10362;15;;;10372;25;10375;19;;;10368.0;0.0
yf_ZS=F_d3;30700;ASH_COATED_OSMIUM;9940;5;9937;14;;;9946;11;9948;19;;;9943.0;0.0
yf_ZS=F_d3;30700;INTARIAN_PEPPER_ROOT;10367;23;10364;16;;;10373;15;10376;12;;;10370.0;0.0
yf_ZS=F_d3;30800;ASH_COATED_OSMIUM;9940;21;9938;23;;;9946;5;9949;25;;;9943.0;0.0
yf_ZS=F_d3;30800;INTARIAN_PEPPER_ROOT;10368;27;10365;22;;;10374;12;10378;18;;;10371.0;0.0
yf_ZS=F_d3;30900;ASH_COATED_OSMIUM;9939;23;9936;17;;;9947;10;9950;21;;;9943.0;0.0
yf_ZS=F_d3;30900;INTARIAN_PEPPER_ROOT;10369;11;10367;21;;;10375;19;10379;14;;;10372.0;0.0
yf_ZS=F_d3;31000;ASH_COATED_OSMIUM;9940;8;9936;22;;;9946;22;9949;16;;;9943.0;0.0
yf_ZS=F_d3;31000;INTARIAN_PEPPER_ROOT;10371;13;10367;16;;;10377;19;10380;28;;;10374.0;0.0
yf_ZS=F_d3;31100;ASH_COATED_OSMIUM;9941;16;9939;27;;;9947;24;9950;14;;;9944.0;0.0
yf_ZS=F_d3;31100;INTARIAN_PEPPER_ROOT;10364;13;10361;13;;;10385;19;10388;12;;;10374.5;0.0
yf_ZS=F_d3;31200;ASH_COATED_OSMIUM;9933;13;9931;17;;;9955;16;9959;22;;;9944.0;0.0
yf_ZS=F_d3;31200;INTARIAN_PEPPER_ROOT;10373;9;10371;23;;;10379;9;10382;22;;;10376.0;0.0
yf_ZS=F_d3;31300;ASH_COATED_OSMIUM;9940;5;9937;21;;;9948;13;9951;17;;;9944.0;0.0
yf_ZS=F_d3;31300;INTARIAN_PEPPER_ROOT;10373;19;10370;13;;;10381;25;10385;8;;;10377.0;0.0
yf_ZS=F_d3;31400;ASH_COATED_OSMIUM;9940;20;9936;14;;;9947;16;9949;23;;;9943.5;0.0
yf_ZS=F_d3;31400;INTARIAN_PEPPER_ROOT;10375;16;10372;25;;;10381;17;10384;14;;;10378.0;0.0
yf_ZS=F_d3;31500;ASH_COATED_OSMIUM;9941;15;9939;20;;;9947;18;9950;21;;;9944.0;0.0
yf_ZS=F_d3;31500;INTARIAN_PEPPER_ROOT;10376;10;10373;23;;;10382;18;10384;32;;;10379.0;0.0
yf_ZS=F_d3;31600;ASH_COATED_OSMIUM;9941;14;9939;15;;;9947;22;9950;23;;;9944.0;0.0
yf_ZS=F_d3;31600;INTARIAN_PEPPER_ROOT;10375;12;10371;21;;;10386;11;10389;20;;;10380.5;0.0
yf_ZS=F_d3;31700;ASH_COATED_OSMIUM;9939;17;9935;19;;;9949;13;9951;24;;;9944.0;0.0
yf_ZS=F_d3;31700;INTARIAN_PEPPER_ROOT;10377;10;10373;24;;;10388;25;10390;19;;;10382.5;0.0
yf_ZS=F_d3;31800;ASH_COATED_OSMIUM;9938;19;9935;22;;;9949;7;9952;19;;;9943.5;0.0
yf_ZS=F_d3;31800;INTARIAN_PEPPER_ROOT;10380;20;10376;23;;;10386;13;10390;11;;;10383.0;0.0
yf_ZS=F_d3;31900;ASH_COATED_OSMIUM;9940;11;9936;18;;;9949;11;9951;19;;;9944.5;0.0
yf_ZS=F_d3;31900;INTARIAN_PEPPER_ROOT;10381;15;10378;21;;;10387;18;10389;25;;;10384.0;0.0
yf_ZS=F_d3;32000;ASH_COATED_OSMIUM;9941;16;9938;24;;;9947;16;9949;13;;;9944.0;0.0
yf_ZS=F_d3;32000;INTARIAN_PEPPER_ROOT;10378;8;10375;20;;;10394;11;10396;25;;;10386.0;0.0
yf_ZS=F_d3;32100;ASH_COATED_OSMIUM;9930;16;9927;31;;;9958;12;9962;12;;;9944.0;0.0
yf_ZS=F_d3;32100;INTARIAN_PEPPER_ROOT;10384;9;10382;12;;;10390;20;10393;19;;;10387.0;0.0
yf_ZS=F_d3;32200;ASH_COATED_OSMIUM;9940;15;9936;22;;;9948;16;9951;18;;;9944.0;0.0
yf_ZS=F_d3;32200;INTARIAN_PEPPER_ROOT;10378;13;10375;20;;;10398;19;10400;19;;;10388.0;0.0
yf_ZS=F_d3;32300;ASH_COATED_OSMIUM;9941;8;9938;14;;;9947;20;9949;19;;;9944.0;0.0
yf_ZS=F_d3;32300;INTARIAN_PEPPER_ROOT;10382;13;10379;9;;;10396;18;10398;27;;;10389.0;0.0
yf_ZS=F_d3;32400;ASH_COATED_OSMIUM;9941;17;9937;18;;;9947;13;9949;28;;;9944.0;0.0
yf_ZS=F_d3;32400;INTARIAN_PEPPER_ROOT;10384;16;10380;17;;;10398;15;10400;18;;;10391.0;0.0
yf_ZS=F_d3;32500;ASH_COATED_OSMIUM;9939;21;9935;23;;;9949;18;9952;17;;;9944.0;0.0
yf_ZS=F_d3;32500;INTARIAN_PEPPER_ROOT;10389;17;10387;20;;;10395;8;10397;16;;;10392.0;0.0
yf_ZS=F_d3;32600;ASH_COATED_OSMIUM;9942;20;9939;16;;;9948;13;9952;24;;;9945.0;0.0
yf_ZS=F_d3;32600;INTARIAN_PEPPER_ROOT;10388;15;10386;17;;;10398;8;10400;29;;;10393.0;0.0
yf_ZS=F_d3;32700;ASH_COATED_OSMIUM;9942;8;9940;19;;;9948;12;9952;19;;;9945.0;0.0
yf_ZS=F_d3;32700;INTARIAN_PEPPER_ROOT;10390;22;10388;17;;;10398;15;10401;16;;;10394.0;0.0
yf_ZS=F_d3;32800;ASH_COATED_OSMIUM;9939;11;9936;28;;;9949;10;9951;25;;;9944.0;0.0
yf_ZS=F_d3;32800;INTARIAN_PEPPER_ROOT;10384;12;10380;23;;;10405;7;10408;19;;;10394.5;0.0
yf_ZS=F_d3;32900;ASH_COATED_OSMIUM;9941;11;9938;28;;;9947;16;9949;28;;;9944.0;0.0
yf_ZS=F_d3;32900;INTARIAN_PEPPER_ROOT;10394;19;10392;19;;;10400;9;10403;20;;;10397.0;0.0
yf_ZS=F_d3;33000;ASH_COATED_OSMIUM;9941;15;9937;20;;;9947;17;9950;20;;;9944.0;0.0
yf_ZS=F_d3;33000;INTARIAN_PEPPER_ROOT;10395;17;10393;16;;;10401;16;10404;14;;;10398.0;0.0
yf_ZS=F_d3;33100;ASH_COATED_OSMIUM;9937;6;9933;16;;;9953;15;9957;18;;;9945.0;0.0
yf_ZS=F_d3;33100;INTARIAN_PEPPER_ROOT;10393;23;10390;21;;;10404;10;10406;19;;;10398.5;0.0
yf_ZS=F_d3;33200;ASH_COATED_OSMIUM;9937;5;9933;13;;;9952;16;9955;15;;;9944.5;0.0
yf_ZS=F_d3;33200;INTARIAN_PEPPER_ROOT;10395;6;10393;21;;;10405;16;10409;22;;;10400.0;0.0
yf_ZS=F_d3;33300;ASH_COATED_OSMIUM;9942;17;9939;24;;;9948;9;9952;21;;;9945.0;0.0
yf_ZS=F_d3;33300;INTARIAN_PEPPER_ROOT;10397;17;10394;20;;;10405;11;10409;19;;;10401.0;0.0
yf_ZS=F_d3;33400;ASH_COATED_OSMIUM;9942;17;9940;26;;;9948;23;9952;19;;;9945.0;0.0
yf_ZS=F_d3;33400;INTARIAN_PEPPER_ROOT;10399;14;10395;18;;;10405;14;10408;9;;;10402.0;0.0
yf_ZS=F_d3;33500;ASH_COATED_OSMIUM;9937;22;9933;25;;;9953;7;9955;20;;;9945.0;0.0
yf_ZS=F_d3;33500;INTARIAN_PEPPER_ROOT;10401;23;10398;17;;;10407;16;10410;17;;;10404.0;0.0
yf_ZS=F_d3;33600;ASH_COATED_OSMIUM;9942;16;9938;20;;;9948;9;9952;14;;;9945.0;0.0
yf_ZS=F_d3;33600;INTARIAN_PEPPER_ROOT;10401;13;10397;25;;;10407;18;10409;21;;;10404.0;0.0
yf_ZS=F_d3;33700;ASH_COATED_OSMIUM;9942;13;9939;24;;;9948;13;9950;20;;;9945.0;0.0
yf_ZS=F_d3;33700;INTARIAN_PEPPER_ROOT;10403;8;10401;25;;;10409;17;10412;16;;;10406.0;0.0
yf_ZS=F_d3;33800;ASH_COATED_OSMIUM;9941;15;9937;16;;;9949;21;9953;22;;;9945.0;0.0
yf_ZS=F_d3;33800;INTARIAN_PEPPER_ROOT;10404;18;10402;21;;;10410;9;10412;22;;;10407.0;0.0
yf_ZS=F_d3;33900;ASH_COATED_OSMIUM;9943;8;9939;12;;;9949;15;9952;16;;;9946.0;0.0
yf_ZS=F_d3;33900;INTARIAN_PEPPER_ROOT;10406;15;10403;22;;;10412;16;10415;15;;;10409.0;0.0
yf_ZS=F_d3;34000;ASH_COATED_OSMIUM;9932;16;9928;32;;;9959;14;9963;20;;;9945.5;0.0
yf_ZS=F_d3;34000;INTARIAN_PEPPER_ROOT;10404;17;10401;23;;;10410;6;10413;17;;;10407.0;0.0
yf_ZS=F_d3;34100;ASH_COATED_OSMIUM;9909;12;9906;14;;;9981;11;9985;13;;;9945.0;0.0
yf_ZS=F_d3;34100;INTARIAN_PEPPER_ROOT;10402;10;10398;32;;;10408;19;10410;19;;;10405.0;0.0
yf_ZS=F_d3;34200;ASH_COATED_OSMIUM;9943;18;9940;19;;;9949;8;9952;28;;;9946.0;0.0
yf_ZS=F_d3;34200;INTARIAN_PEPPER_ROOT;10401;19;10397;19;;;10408;14;10412;24;;;10404.5;0.0
yf_ZS=F_d3;34300;ASH_COATED_OSMIUM;9941;16;9938;19;;;9951;16;9954;23;;;9946.0;0.0
yf_ZS=F_d3;34300;INTARIAN_PEPPER_ROOT;10395;9;10392;12;;;10411;6;10413;26;;;10403.0;0.0
yf_ZS=F_d3;34400;ASH_COATED_OSMIUM;9942;13;9940;12;;;9948;17;9950;18;;;9945.0;0.0
yf_ZS=F_d3;34400;INTARIAN_PEPPER_ROOT;10398;11;10396;18;;;10404;20;10407;20;;;10401.0;0.0
yf_ZS=F_d3;34500;ASH_COATED_OSMIUM;9942;15;9940;21;;;9948;17;9950;24;;;9945.0;0.0
yf_ZS=F_d3;34500;INTARIAN_PEPPER_ROOT;10396;6;10394;16;;;10402;8;10404;21;;;10399.0;0.0
yf_ZS=F_d3;34600;ASH_COATED_OSMIUM;9938;12;9935;28;;;9953;19;9956;25;;;9945.5;0.0
yf_ZS=F_d3;34600;INTARIAN_PEPPER_ROOT;10392;14;10390;10;;;10404;21;10407;12;;;10398.0;0.0
yf_ZS=F_d3;34700;ASH_COATED_OSMIUM;9942;14;9940;19;;;9948;18;9951;20;;;9945.0;0.0
yf_ZS=F_d3;34700;INTARIAN_PEPPER_ROOT;10395;6;10392;18;;;10401;16;10404;17;;;10398.0;0.0
yf_ZS=F_d3;34800;ASH_COATED_OSMIUM;9942;9;9939;22;;;9948;5;9950;23;;;9945.0;0.0
yf_ZS=F_d3;34800;INTARIAN_PEPPER_ROOT;10393;13;10389;20;;;10399;22;10403;24;;;10396.0;0.0
yf_ZS=F_d3;34900;ASH_COATED_OSMIUM;9942;29;9940;8;;;9948;14;9950;10;;;9945.0;0.0
yf_ZS=F_d3;34900;INTARIAN_PEPPER_ROOT;10377;14;10373;26;;;10411;17;10415;11;;;10394.0;0.0
yf_ZS=F_d3;35000;ASH_COATED_OSMIUM;9942;20;9939;23;;;9948;15;9952;20;;;9945.0;0.0
yf_ZS=F_d3;35000;INTARIAN_PEPPER_ROOT;10390;11;10387;18;;;10396;11;10399;15;;;10393.0;0.0
yf_ZS=F_d3;35100;ASH_COATED_OSMIUM;9938;19;9934;15;;;9953;13;9955;24;;;9945.5;0.0
yf_ZS=F_d3;35100;INTARIAN_PEPPER_ROOT;10376;12;10372;21;;;10408;15;10412;28;;;10392.0;0.0
yf_ZS=F_d3;35200;ASH_COATED_OSMIUM;9939;15;9937;28;;;9952;23;9956;18;;;9945.5;0.0
yf_ZS=F_d3;35200;INTARIAN_PEPPER_ROOT;10385;6;10382;12;;;10395;10;10398;14;;;10390.0;0.0
yf_ZS=F_d3;35300;ASH_COATED_OSMIUM;9942;16;9939;8;;;9948;17;9951;14;;;9945.0;0.0
yf_ZS=F_d3;35300;INTARIAN_PEPPER_ROOT;10386;12;10382;18;;;10392;19;10394;24;;;10389.0;0.0
yf_ZS=F_d3;35400;ASH_COATED_OSMIUM;9937;16;9933;15;;;9954;16;9958;18;;;9945.5;0.0
yf_ZS=F_d3;35400;INTARIAN_PEPPER_ROOT;10380;8;10377;22;;;10396;15;10399;20;;;10388.0;0.0
yf_ZS=F_d3;35500;ASH_COATED_OSMIUM;9940;19;9937;21;;;9950;23;9953;21;;;9945.0;0.0
yf_ZS=F_d3;35500;INTARIAN_PEPPER_ROOT;10381;14;10378;17;;;10390;14;10393;22;;;10385.5;0.0
yf_ZS=F_d3;35600;ASH_COATED_OSMIUM;9942;16;9938;28;;;9948;18;9950;18;;;9945.0;0.0
yf_ZS=F_d3;35600;INTARIAN_PEPPER_ROOT;10382;14;10380;18;;;10388;11;10391;21;;;10385.0;0.0
yf_ZS=F_d3;35700;ASH_COATED_OSMIUM;9942;15;9940;17;;;9948;8;9951;13;;;9945.0;0.0
yf_ZS=F_d3;35700;INTARIAN_PEPPER_ROOT;10377;14;10374;18;;;10389;10;10391;22;;;10383.0;0.0
yf_ZS=F_d3;35800;ASH_COATED_OSMIUM;9940;21;9938;22;;;9949;13;9951;20;;;9944.5;0.0
yf_ZS=F_d3;35800;INTARIAN_PEPPER_ROOT;10378;21;10376;18;;;10386;7;10388;21;;;10382.0;0.0
yf_ZS=F_d3;35900;ASH_COATED_OSMIUM;9939;9;9935;26;;;9951;14;9953;24;;;9945.0;0.0
yf_ZS=F_d3;35900;INTARIAN_PEPPER_ROOT;10370;9;10367;8;;;10391;11;10394;18;;;10380.5;0.0
yf_ZS=F_d3;36000;ASH_COATED_OSMIUM;9942;14;9939;8;;;9948;9;9950;22;;;9945.0;0.0
yf_ZS=F_d3;36000;INTARIAN_PEPPER_ROOT;10373;18;10370;11;;;10385;12;10388;18;;;10379.0;0.0
yf_ZS=F_d3;36100;ASH_COATED_OSMIUM;9942;10;9940;20;;;9948;26;9951;13;;;9945.0;0.0
yf_ZS=F_d3;36100;INTARIAN_PEPPER_ROOT;10374;9;10370;26;;;10380;7;10383;11;;;10377.0;0.0
yf_ZS=F_d3;36200;ASH_COATED_OSMIUM;9942;14;9939;13;;;9948;13;9950;28;;;9945.0;0.0
yf_ZS=F_d3;36200;INTARIAN_PEPPER_ROOT;10373;15;10371;12;;;10379;16;10382;22;;;10376.0;0.0
yf_ZS=F_d3;36300;ASH_COATED_OSMIUM;9937;5;9935;17;;;9953;13;9957;19;;;9945.0;0.0
yf_ZS=F_d3;36300;INTARIAN_PEPPER_ROOT;10372;15;10368;22;;;10378;13;10380;23;;;10375.0;0.0
yf_ZS=F_d3;36400;ASH_COATED_OSMIUM;9942;11;9939;16;;;9948;18;9951;26;;;9945.0;0.0
yf_ZS=F_d3;36400;INTARIAN_PEPPER_ROOT;10368;11;10366;17;;;10379;18;10381;26;;;10373.5;0.0
yf_ZS=F_d3;36500;ASH_COATED_OSMIUM;9942;5;9939;14;;;9948;17;9951;22;;;9945.0;0.0
yf_ZS=F_d3;36500;INTARIAN_PEPPER_ROOT;10369;15;10367;9;;;10375;16;10379;11;;;10372.0;0.0
yf_ZS=F_d3;36600;ASH_COATED_OSMIUM;9942;22;9938;18;;;9948;18;9952;25;;;9945.0;0.0
yf_ZS=F_d3;36600;INTARIAN_PEPPER_ROOT;10350;15;10347;29;;;10392;13;10394;13;;;10371.0;0.0
yf_ZS=F_d3;36700;ASH_COATED_OSMIUM;9942;16;9939;14;;;9948;20;9951;19;;;9945.0;0.0
yf_ZS=F_d3;36700;INTARIAN_PEPPER_ROOT;10366;5;10364;22;;;10372;16;10374;29;;;10369.0;0.0
yf_ZS=F_d3;36800;ASH_COATED_OSMIUM;9942;18;9939;20;;;9948;6;9950;23;;;9945.0;0.0
yf_ZS=F_d3;36800;INTARIAN_PEPPER_ROOT;10360;16;10358;22;;;10376;5;10378;19;;;10368.0;0.0
yf_ZS=F_d3;36900;ASH_COATED_OSMIUM;9942;10;9939;25;;;9948;14;9951;14;;;9945.0;0.0
yf_ZS=F_d3;36900;INTARIAN_PEPPER_ROOT;10363;11;10359;19;;;10369;14;10373;20;;;10366.0;0.0
yf_ZS=F_d3;37000;ASH_COATED_OSMIUM;9940;22;9936;23;;;9949;14;9951;25;;;9944.5;0.0
yf_ZS=F_d3;37000;INTARIAN_PEPPER_ROOT;10355;12;10353;14;;;10375;24;10377;18;;;10365.0;0.0
yf_ZS=F_d3;37100;ASH_COATED_OSMIUM;9941;16;9938;17;;;9948;14;9951;14;;;9944.5;0.0
yf_ZS=F_d3;37100;INTARIAN_PEPPER_ROOT;10357;20;10355;11;;;10371;5;10375;30;;;10364.0;0.0
yf_ZS=F_d3;37200;ASH_COATED_OSMIUM;9941;8;9937;21;;;9947;20;9949;18;;;9944.0;0.0
yf_ZS=F_d3;37200;INTARIAN_PEPPER_ROOT;10359;18;10355;24;;;10365;17;10368;17;;;10362.0;0.0
yf_ZS=F_d3;37300;ASH_COATED_OSMIUM;9940;12;9938;21;;;9950;26;9954;17;;;9945.0;0.0
yf_ZS=F_d3;37300;INTARIAN_PEPPER_ROOT;10342;12;10338;22;;;10379;14;10383;17;;;10360.5;0.0
yf_ZS=F_d3;37400;ASH_COATED_OSMIUM;9942;7;9939;14;;;9948;12;9951;20;;;9945.0;0.0
yf_ZS=F_d3;37400;INTARIAN_PEPPER_ROOT;10353;22;10351;19;;;10366;14;10370;26;;;10359.5;0.0
yf_ZS=F_d3;37500;ASH_COATED_OSMIUM;9942;15;9940;25;;;9948;17;9951;23;;;9945.0;0.0
yf_ZS=F_d3;37500;INTARIAN_PEPPER_ROOT;10355;16;10352;17;;;10361;19;10363;14;;;10358.0;0.0
yf_ZS=F_d3;37600;ASH_COATED_OSMIUM;9942;17;9939;20;;;9948;9;9950;23;;;9945.0;0.0
yf_ZS=F_d3;37600;INTARIAN_PEPPER_ROOT;10354;15;10351;17;;;10360;11;10364;18;;;10357.0;0.0
yf_ZS=F_d3;37700;ASH_COATED_OSMIUM;9937;10;9933;22;;;9952;19;9954;22;;;9944.5;0.0
yf_ZS=F_d3;37700;INTARIAN_PEPPER_ROOT;10351;8;10348;21;;;10359;22;10362;17;;;10355.0;0.0
yf_ZS=F_d3;37800;ASH_COATED_OSMIUM;9938;13;9936;21;;;9951;11;9954;20;;;9944.5;0.0
yf_ZS=F_d3;37800;INTARIAN_PEPPER_ROOT;10348;23;10344;19;;;10360;20;10362;18;;;10354.0;0.0
yf_ZS=F_d3;37900;ASH_COATED_OSMIUM;9942;18;9939;13;;;9948;10;9950;14;;;9945.0;0.0
yf_ZS=F_d3;37900;INTARIAN_PEPPER_ROOT;10349;22;10345;27;;;10355;11;10359;21;;;10352.0;0.0
yf_ZS=F_d3;38000;ASH_COATED_OSMIUM;9942;12;9939;22;;;9948;18;9951;21;;;9945.0;0.0
yf_ZS=F_d3;38000;INTARIAN_PEPPER_ROOT;10348;18;10345;21;;;10354;20;10356;23;;;10351.0;0.0
yf_ZS=F_d3;38100;ASH_COATED_OSMIUM;9942;9;9938;12;;;9948;17;9952;26;;;9945.0;0.0
yf_ZS=F_d3;38100;INTARIAN_PEPPER_ROOT;10339;8;10335;8;;;10360;6;10362;8;;;10349.5;0.0
yf_ZS=F_d3;38200;ASH_COATED_OSMIUM;9942;15;9939;12;;;9948;22;9950;22;;;9945.0;0.0
yf_ZS=F_d3;38200;INTARIAN_PEPPER_ROOT;10344;12;10340;20;;;10352;14;10356;23;;;10348.0;0.0
yf_ZS=F_d3;38300;ASH_COATED_OSMIUM;9942;13;9939;25;;;9948;21;9951;18;;;9945.0;0.0
yf_ZS=F_d3;38300;INTARIAN_PEPPER_ROOT;10343;18;10340;15;;;10349;15;10352;18;;;10346.0;0.0
yf_ZS=F_d3;38400;ASH_COATED_OSMIUM;9941;12;9937;25;;;9947;17;9951;18;;;9944.0;0.0
yf_ZS=F_d3;38400;INTARIAN_PEPPER_ROOT;10342;10;10340;14;;;10348;13;10350;18;;;10345.0;0.0
yf_ZS=F_d3;38500;ASH_COATED_OSMIUM;9940;18;9936;18;;;9949;9;9953;14;;;9944.5;0.0
yf_ZS=F_d3;38500;INTARIAN_PEPPER_ROOT;10341;19;10338;25;;;10348;23;10352;15;;;10344.5;0.0
yf_ZS=F_d3;38600;ASH_COATED_OSMIUM;9941;14;9937;24;;;9947;11;9951;24;;;9944.0;0.0
yf_ZS=F_d3;38600;INTARIAN_PEPPER_ROOT;10339;17;10335;24;;;10345;19;10347;16;;;10342.0;0.0
yf_ZS=F_d3;38700;ASH_COATED_OSMIUM;9941;10;9937;25;;;9948;12;9951;22;;;9944.5;0.0
yf_ZS=F_d3;38700;INTARIAN_PEPPER_ROOT;10334;6;10332;17;;;10348;14;10351;18;;;10341.0;0.0
yf_ZS=F_d3;38800;ASH_COATED_OSMIUM;9940;11;9937;16;;;9949;20;9951;21;;;9944.5;0.0
yf_ZS=F_d3;38800;INTARIAN_PEPPER_ROOT;10336;5;10334;25;;;10342;9;10344;15;;;10339.0;0.0
yf_ZS=F_d3;38900;ASH_COATED_OSMIUM;9941;5;9938;15;;;9949;21;9952;21;;;9945.0;0.0
yf_ZS=F_d3;38900;INTARIAN_PEPPER_ROOT;10336;15;10332;23;;;10342;16;10344;23;;;10339.0;0.0
yf_ZS=F_d3;39000;ASH_COATED_OSMIUM;9939;12;9937;19;;;9950;23;9952;18;;;9944.5;0.0
yf_ZS=F_d3;39000;INTARIAN_PEPPER_ROOT;10334;12;10330;20;;;10340;18;10343;23;;;10337.0;0.0
yf_ZS=F_d3;39100;ASH_COATED_OSMIUM;9942;19;9940;16;;;9948;16;9950;15;;;9945.0;0.0
yf_ZS=F_d3;39100;INTARIAN_PEPPER_ROOT;10313;11;10311;23;;;10359;16;10362;18;;;10336.0;0.0
yf_ZS=F_d3;39200;ASH_COATED_OSMIUM;9941;17;9937;21;;;9947;20;9949;11;;;9944.0;0.0
yf_ZS=F_d3;39200;INTARIAN_PEPPER_ROOT;10323;10;10319;22;;;10344;19;10348;16;;;10333.5;0.0
yf_ZS=F_d3;39300;ASH_COATED_OSMIUM;9940;6;9938;24;;;9948;9;9950;28;;;9944.0;0.0
yf_ZS=F_d3;39300;INTARIAN_PEPPER_ROOT;10330;14;10327;24;;;10336;16;10340;14;;;10333.0;0.0
yf_ZS=F_d3;39400;ASH_COATED_OSMIUM;9941;11;9937;18;;;9947;14;9949;21;;;9944.0;0.0
yf_ZS=F_d3;39400;INTARIAN_PEPPER_ROOT;10328;17;10326;19;;;10334;17;10338;27;;;10331.0;0.0
yf_ZS=F_d3;39500;ASH_COATED_OSMIUM;9941;21;9938;23;;;9947;15;9950;22;;;9944.0;0.0
yf_ZS=F_d3;39500;INTARIAN_PEPPER_ROOT;10319;16;10317;28;;;10341;13;10345;21;;;10330.0;0.0
yf_ZS=F_d3;39600;ASH_COATED_OSMIUM;9933;24;9930;15;;;9956;9;9958;17;;;9944.5;0.0
yf_ZS=F_d3;39600;INTARIAN_PEPPER_ROOT;10325;10;10322;26;;;10331;18;10334;22;;;10328.0;0.0
yf_ZS=F_d3;39700;ASH_COATED_OSMIUM;9941;19;9938;20;;;9947;19;9949;25;;;9944.0;0.0
yf_ZS=F_d3;39700;INTARIAN_PEPPER_ROOT;10322;17;10319;11;;;10333;17;10335;15;;;10327.5;0.0
yf_ZS=F_d3;39800;ASH_COATED_OSMIUM;9941;20;9939;16;;;9947;12;9949;11;;;9944.0;0.0
yf_ZS=F_d3;39800;INTARIAN_PEPPER_ROOT;10315;11;10311;15;;;10336;13;10340;16;;;10325.5;0.0
yf_ZS=F_d3;39900;ASH_COATED_OSMIUM;9942;23;9939;23;;;9948;5;9951;22;;;9945.0;0.0
yf_ZS=F_d3;39900;INTARIAN_PEPPER_ROOT;10321;21;10318;22;;;10327;15;10329;11;;;10324.0;0.0
yf_ZS=F_d3;40000;ASH_COATED_OSMIUM;9940;12;9938;19;;;9948;21;9950;29;;;9944.0;0.0
yf_ZS=F_d3;40000;INTARIAN_PEPPER_ROOT;10320;5;10317;19;;;10326;18;10329;12;;;10323.0;0.0
yf_ZS=F_d3;40100;ASH_COATED_OSMIUM;9941;16;9938;18;;;9947;17;9950;16;;;9944.0;0.0
yf_ZS=F_d3;40100;INTARIAN_PEPPER_ROOT;10298;14;10295;18;;;10344;5;10347;24;;;10321.0;0.0
yf_ZS=F_d3;40200;ASH_COATED_OSMIUM;9934;13;9930;18;;;9954;10;9957;17;;;9944.0;0.0
yf_ZS=F_d3;40200;INTARIAN_PEPPER_ROOT;10317;18;10313;23;;;10323;16;10325;22;;;10320.0;0.0
yf_ZS=F_d3;40300;ASH_COATED_OSMIUM;9941;24;9938;21;;;9947;19;9949;18;;;9944.0;0.0
yf_ZS=F_d3;40300;INTARIAN_PEPPER_ROOT;10315;25;10312;12;;;10321;18;10325;16;;;10318.0;0.0
yf_ZS=F_d3;40400;ASH_COATED_OSMIUM;9939;16;9935;21;;;9950;5;9952;27;;;9944.5;0.0
yf_ZS=F_d3;40400;INTARIAN_PEPPER_ROOT;10314;11;10312;22;;;10320;12;10323;17;;;10317.0;0.0
yf_ZS=F_d3;40500;ASH_COATED_OSMIUM;9941;15;9938;19;;;9947;7;9951;16;;;9944.0;0.0
yf_ZS=F_d3;40500;INTARIAN_PEPPER_ROOT;10313;8;10311;16;;;10319;14;10322;18;;;10316.0;0.0
yf_ZS=F_d3;40600;ASH_COATED_OSMIUM;9941;12;9939;23;;;9947;20;9949;21;;;9944.0;0.0
yf_ZS=F_d3;40600;INTARIAN_PEPPER_ROOT;10305;10;10302;14;;;10325;16;10329;22;;;10315.0;0.0
yf_ZS=F_d3;40700;ASH_COATED_OSMIUM;9937;22;9934;20;;;9951;7;9955;20;;;9944.0;0.0
yf_ZS=F_d3;40700;INTARIAN_PEPPER_ROOT;10309;10;10306;28;;;10315;10;10317;15;;;10312.0;0.0
yf_ZS=F_d3;40800;ASH_COATED_OSMIUM;9938;15;9936;20;;;9950;7;9954;22;;;9944.0;0.0
yf_ZS=F_d3;40800;INTARIAN_PEPPER_ROOT;10309;12;10307;32;;;10315;13;10317;8;;;10312.0;0.0
yf_ZS=F_d3;40900;ASH_COATED_OSMIUM;9942;18;9938;10;;;9948;17;9952;10;;;9945.0;0.0
yf_ZS=F_d3;40900;INTARIAN_PEPPER_ROOT;10307;14;10303;17;;;10313;10;10317;25;;;10310.0;0.0
yf_ZS=F_d3;41000;ASH_COATED_OSMIUM;9941;11;9937;22;;;9947;21;9950;13;;;9944.0;0.0
yf_ZS=F_d3;41000;INTARIAN_PEPPER_ROOT;10306;13;10304;24;;;10312;13;10316;22;;;10309.0;0.0
yf_ZS=F_d3;41100;ASH_COATED_OSMIUM;9934;17;9931;14;;;9954;8;9958;16;;;9944.0;0.0
yf_ZS=F_d3;41100;INTARIAN_PEPPER_ROOT;10304;19;10300;15;;;10310;17;10312;14;;;10307.0;0.0
yf_ZS=F_d3;41200;ASH_COATED_OSMIUM;9941;18;9937;10;;;9947;25;9950;15;;;9944.0;0.0
yf_ZS=F_d3;41200;INTARIAN_PEPPER_ROOT;10303;10;10301;24;;;10310;21;10314;23;;;10306.5;0.0
yf_ZS=F_d3;41300;ASH_COATED_OSMIUM;9941;15;9937;22;;;9947;13;9951;14;;;9944.0;0.0
yf_ZS=F_d3;41300;INTARIAN_PEPPER_ROOT;10302;10;10300;23;;;10308;25;10312;17;;;10305.0;0.0
yf_ZS=F_d3;41400;ASH_COATED_OSMIUM;9941;16;9938;18;;;9947;21;9951;15;;;9944.0;0.0
yf_ZS=F_d3;41400;INTARIAN_PEPPER_ROOT;10300;14;10298;17;;;10306;13;10308;21;;;10303.0;0.0
yf_ZS=F_d3;41500;ASH_COATED_OSMIUM;9941;23;9937;22;;;9947;15;9949;25;;;9944.0;0.0
yf_ZS=F_d3;41500;INTARIAN_PEPPER_ROOT;10298;20;10295;24;;;10308;16;10310;27;;;10303.0;0.0
yf_ZS=F_d3;41600;ASH_COATED_OSMIUM;9941;13;9939;20;;;9947;7;9950;22;;;9944.0;0.0
yf_ZS=F_d3;41600;INTARIAN_PEPPER_ROOT;10297;20;10295;24;;;10303;18;10306;17;;;10300.0;0.0
yf_ZS=F_d3;41700;ASH_COATED_OSMIUM;9941;5;9937;21;;;9947;13;9950;18;;;9944.0;0.0
yf_ZS=F_d3;41700;INTARIAN_PEPPER_ROOT;10296;19;10294;25;;;10303;21;10306;22;;;10299.5;0.0
yf_ZS=F_d3;41800;ASH_COATED_OSMIUM;9941;21;9937;15;;;9947;9;9951;23;;;9944.0;0.0
yf_ZS=F_d3;41800;INTARIAN_PEPPER_ROOT;10291;10;10289;23;;;10305;9;10309;26;;;10298.0;0.0
yf_ZS=F_d3;41900;ASH_COATED_OSMIUM;9936;11;9933;21;;;9951;15;9953;17;;;9943.5;0.0
yf_ZS=F_d3;41900;INTARIAN_PEPPER_ROOT;10288;18;10284;23;;;10304;12;10307;21;;;10296.0;0.0
yf_ZS=F_d3;42000;ASH_COATED_OSMIUM;9941;14;9937;18;;;9947;18;9951;19;;;9944.0;0.0
yf_ZS=F_d3;42000;INTARIAN_PEPPER_ROOT;10289;24;10287;27;;;10302;25;10304;18;;;10295.5;0.0
yf_ZS=F_d3;42100;ASH_COATED_OSMIUM;9941;13;9938;26;;;9947;11;9949;13;;;9944.0;0.0
yf_ZS=F_d3;42100;INTARIAN_PEPPER_ROOT;10290;9;10288;20;;;10296;16;10298;24;;;10293.0;0.0
yf_ZS=F_d3;42200;ASH_COATED_OSMIUM;9935;18;9933;21;;;9954;15;9958;12;;;9944.5;0.0
yf_ZS=F_d3;42200;INTARIAN_PEPPER_ROOT;10288;20;10284;20;;;10294;8;10297;13;;;10291.0;0.0
yf_ZS=F_d3;42300;ASH_COATED_OSMIUM;9941;15;9939;26;;;9947;22;9950;26;;;9944.0;0.0
yf_ZS=F_d3;42300;INTARIAN_PEPPER_ROOT;10287;13;10285;14;;;10293;16;10295;17;;;10290.0;0.0
yf_ZS=F_d3;42400;ASH_COATED_OSMIUM;9940;20;9936;18;;;9946;10;9950;21;;;9943.0;0.0
yf_ZS=F_d3;42400;INTARIAN_PEPPER_ROOT;10286;13;10282;19;;;10292;7;10295;16;;;10289.0;0.0
yf_ZS=F_d3;42500;ASH_COATED_OSMIUM;9941;22;9937;23;;;9948;9;9952;10;;;9944.5;0.0
yf_ZS=F_d3;42500;INTARIAN_PEPPER_ROOT;10284;11;10282;24;;;10293;13;10297;19;;;10288.5;0.0
yf_ZS=F_d3;42600;ASH_COATED_OSMIUM;9938;22;9934;15;;;9950;18;9953;16;;;9944.0;0.0
yf_ZS=F_d3;42600;INTARIAN_PEPPER_ROOT;10280;10;10278;29;;;10293;11;10296;18;;;10286.5;0.0
yf_ZS=F_d3;42700;ASH_COATED_OSMIUM;9941;19;9938;22;;;9947;13;9949;22;;;9944.0;0.0
yf_ZS=F_d3;42700;INTARIAN_PEPPER_ROOT;10282;24;10279;22;;;10288;20;10292;21;;;10285.0;0.0
yf_ZS=F_d3;42800;ASH_COATED_OSMIUM;9941;14;9939;18;;;9947;20;9951;15;;;9944.0;0.0
yf_ZS=F_d3;42800;INTARIAN_PEPPER_ROOT;10277;16;10275;25;;;10291;26;10295;28;;;10284.0;0.0
yf_ZS=F_d3;42900;ASH_COATED_OSMIUM;9940;8;9937;27;;;9947;13;9950;17;;;9943.5;0.0
yf_ZS=F_d3;42900;INTARIAN_PEPPER_ROOT;10279;24;10277;18;;;10285;16;10287;19;;;10282.0;0.0
yf_ZS=F_d3;43000;ASH_COATED_OSMIUM;9941;25;9937;15;;;9947;6;9951;19;;;9944.0;0.0
yf_ZS=F_d3;43000;INTARIAN_PEPPER_ROOT;10277;17;10274;18;;;10285;25;10288;25;;;10281.0;0.0
yf_ZS=F_d3;43100;ASH_COATED_OSMIUM;9940;13;9937;20;;;9946;16;9949;12;;;9943.0;0.0
yf_ZS=F_d3;43100;INTARIAN_PEPPER_ROOT;10276;12;10272;17;;;10282;13;10286;17;;;10279.0;0.0
yf_ZS=F_d3;43200;ASH_COATED_OSMIUM;9937;9;9935;9;;;9950;14;9953;27;;;9943.5;0.0
yf_ZS=F_d3;43200;INTARIAN_PEPPER_ROOT;10275;17;10272;18;;;10281;21;10285;21;;;10278.0;0.0
yf_ZS=F_d3;43300;ASH_COATED_OSMIUM;9940;14;9937;32;;;9947;11;9950;25;;;9943.5;0.0
yf_ZS=F_d3;43300;INTARIAN_PEPPER_ROOT;10273;9;10270;15;;;10280;11;10283;8;;;10276.5;0.0
yf_ZS=F_d3;43400;ASH_COATED_OSMIUM;9941;13;9939;23;;;9947;16;9951;18;;;9944.0;0.0
yf_ZS=F_d3;43400;INTARIAN_PEPPER_ROOT;10273;22;10271;17;;;10279;12;10283;22;;;10276.0;0.0
yf_ZS=F_d3;43500;ASH_COATED_OSMIUM;9931;19;9929;22;;;9956;17;9960;31;;;9943.5;0.0
yf_ZS=F_d3;43500;INTARIAN_PEPPER_ROOT;10270;16;10266;16;;;10276;19;10280;30;;;10273.0;0.0
yf_ZS=F_d3;43600;ASH_COATED_OSMIUM;9936;14;9934;18;;;9952;13;9956;22;;;9944.0;0.0
yf_ZS=F_d3;43600;INTARIAN_PEPPER_ROOT;10269;14;10265;16;;;10275;14;10279;24;;;10272.0;0.0
yf_ZS=F_d3;43700;ASH_COATED_OSMIUM;9940;14;9938;16;;;9947;7;9951;24;;;9943.5;0.0
yf_ZS=F_d3;43700;INTARIAN_PEPPER_ROOT;10268;17;10264;24;;;10274;18;10277;17;;;10271.0;0.0
yf_ZS=F_d3;43800;ASH_COATED_OSMIUM;9941;9;9938;19;;;9947;11;9950;19;;;9944.0;0.0
yf_ZS=F_d3;43800;INTARIAN_PEPPER_ROOT;10267;8;10264;28;;;10273;12;10276;22;;;10270.0;0.0
yf_ZS=F_d3;43900;ASH_COATED_OSMIUM;9940;17;9936;19;;;9946;12;9949;23;;;9943.0;0.0
yf_ZS=F_d3;43900;INTARIAN_PEPPER_ROOT;10265;13;10262;22;;;10271;17;10274;12;;;10268.0;0.0
yf_ZS=F_d3;44000;ASH_COATED_OSMIUM;9934;18;9931;17;;;9954;8;9958;17;;;9944.0;0.0
yf_ZS=F_d3;44000;INTARIAN_PEPPER_ROOT;10263;13;10259;17;;;10270;18;10274;16;;;10266.5;0.0
yf_ZS=F_d3;44100;ASH_COATED_OSMIUM;9941;22;9939;18;;;9947;16;9949;13;;;9944.0;0.0
yf_ZS=F_d3;44100;INTARIAN_PEPPER_ROOT;10261;8;10258;12;;;10270;8;10272;19;;;10265.5;0.0
yf_ZS=F_d3;44200;ASH_COATED_OSMIUM;9935;16;9933;23;;;9951;16;9953;25;;;9943.0;0.0
yf_ZS=F_d3;44200;INTARIAN_PEPPER_ROOT;10261;5;10258;18;;;10267;13;10271;18;;;10264.0;0.0
yf_ZS=F_d3;44300;ASH_COATED_OSMIUM;9941;21;9937;16;;;9947;17;9951;18;;;9944.0;0.0
yf_ZS=F_d3;44300;INTARIAN_PEPPER_ROOT;10258;10;10254;21;;;10268;12;10271;10;;;10263.0;0.0
yf_ZS=F_d3;44400;ASH_COATED_OSMIUM;9940;8;9936;20;;;9946;19;9948;18;;;9943.0;0.0
yf_ZS=F_d3;44400;INTARIAN_PEPPER_ROOT;10258;15;10254;14;;;10264;21;10267;15;;;10261.0;0.0
yf_ZS=F_d3;44500;ASH_COATED_OSMIUM;9940;16;9936;20;;;9946;15;9948;12;;;9943.0;0.0
yf_ZS=F_d3;44500;INTARIAN_PEPPER_ROOT;10253;8;10251;16;;;10267;18;10271;32;;;10260.0;0.0
yf_ZS=F_d3;44600;ASH_COATED_OSMIUM;9940;18;9938;12;;;9946;5;9949;26;;;9943.0;0.0
yf_ZS=F_d3;44600;INTARIAN_PEPPER_ROOT;10242;5;10240;22;;;10274;5;10276;15;;;10258.0;0.0
yf_ZS=F_d3;44700;ASH_COATED_OSMIUM;9935;5;9933;13;;;9951;8;9953;31;;;9943.0;0.0
yf_ZS=F_d3;44700;INTARIAN_PEPPER_ROOT;10254;15;10252;20;;;10260;12;10264;15;;;10257.0;0.0
yf_ZS=F_d3;44800;ASH_COATED_OSMIUM;9940;17;9938;25;;;9946;21;9950;24;;;9943.0;0.0
yf_ZS=F_d3;44800;INTARIAN_PEPPER_ROOT;10252;7;10249;19;;;10258;29;10262;14;;;10255.0;0.0
yf_ZS=F_d3;44900;ASH_COATED_OSMIUM;9940;23;9938;17;;;9946;16;9950;15;;;9943.0;0.0
yf_ZS=F_d3;44900;INTARIAN_PEPPER_ROOT;10251;21;10247;19;;;10257;18;10261;21;;;10254.0;0.0
yf_ZS=F_d3;45000;ASH_COATED_OSMIUM;9940;14;9938;8;;;9946;21;9948;22;;;9943.0;0.0
yf_ZS=F_d3;45000;INTARIAN_PEPPER_ROOT;10250;21;10246;26;;;10256;19;10258;22;;;10253.0;0.0
yf_ZS=F_d3;45100;ASH_COATED_OSMIUM;9940;17;9937;19;;;9946;8;9950;15;;;9943.0;0.0
yf_ZS=F_d3;45100;INTARIAN_PEPPER_ROOT;10245;17;10242;17;;;10259;5;10263;27;;;10252.0;0.0
yf_ZS=F_d3;45200;ASH_COATED_OSMIUM;9937;11;9934;9;;;9949;14;9952;18;;;9943.0;0.0
yf_ZS=F_d3;45200;INTARIAN_PEPPER_ROOT;10245;11;10243;26;;;10255;16;10258;18;;;10250.0;0.0
yf_ZS=F_d3;45300;ASH_COATED_OSMIUM;9938;6;9934;23;;;9949;13;9953;26;;;9943.5;0.0
yf_ZS=F_d3;45300;INTARIAN_PEPPER_ROOT;10245;15;10241;16;;;10251;17;10254;23;;;10248.0;0.0
yf_ZS=F_d3;45400;ASH_COATED_OSMIUM;9939;15;9936;22;;;9946;16;9949;13;;;9942.5;0.0
yf_ZS=F_d3;45400;INTARIAN_PEPPER_ROOT;10236;6;10233;25;;;10259;12;10262;12;;;10247.5;0.0
yf_ZS=F_d3;45500;ASH_COATED_OSMIUM;9940;15;9937;20;;;9946;8;9949;19;;;9943.0;0.0
yf_ZS=F_d3;45500;INTARIAN_PEPPER_ROOT;10243;7;10240;21;;;10249;9;10253;16;;;10246.0;0.0
yf_ZS=F_d3;45600;ASH_COATED_OSMIUM;9940;14;9936;22;;;9946;7;9948;10;;;9943.0;0.0
yf_ZS=F_d3;45600;INTARIAN_PEPPER_ROOT;10241;9;10239;8;;;10247;12;10250;25;;;10244.0;0.0
yf_ZS=F_d3;45700;ASH_COATED_OSMIUM;9940;18;9936;18;;;9946;16;9948;19;;;9943.0;0.0
yf_ZS=F_d3;45700;INTARIAN_PEPPER_ROOT;10234;14;10232;28;;;10253;16;10255;25;;;10243.5;0.0
yf_ZS=F_d3;45800;ASH_COATED_OSMIUM;9940;10;9936;21;;;9946;29;9948;14;;;9943.0;0.0
yf_ZS=F_d3;45800;INTARIAN_PEPPER_ROOT;10236;10;10232;14;;;10246;16;10249;28;;;10241.0;0.0
yf_ZS=F_d3;45900;ASH_COATED_OSMIUM;9939;21;9937;21;;;9946;16;9949;20;;;9942.5;0.0
yf_ZS=F_d3;45900;INTARIAN_PEPPER_ROOT;10237;15;10233;19;;;10243;9;10245;13;;;10240.0;0.0
yf_ZS=F_d3;46000;ASH_COATED_OSMIUM;9939;19;9937;8;;;9945;23;9947;14;;;9942.0;0.0
yf_ZS=F_d3;46000;INTARIAN_PEPPER_ROOT;10236;18;10234;22;;;10242;19;10244;14;;;10239.0;0.0
yf_ZS=F_d3;46100;ASH_COATED_OSMIUM;9940;21;9937;15;;;9946;18;9950;19;;;9943.0;0.0
yf_ZS=F_d3;46100;INTARIAN_PEPPER_ROOT;10229;13;10227;17;;;10246;16;10248;16;;;10237.5;0.0
yf_ZS=F_d3;46200;ASH_COATED_OSMIUM;9935;12;9932;14;;;9951;7;9953;14;;;9943.0;0.0
yf_ZS=F_d3;46200;INTARIAN_PEPPER_ROOT;10233;19;10230;24;;;10239;13;10241;18;;;10236.0;0.0
yf_ZS=F_d3;46300;ASH_COATED_OSMIUM;9940;15;9938;23;;;9946;8;9949;30;;;9943.0;0.0
yf_ZS=F_d3;46300;INTARIAN_PEPPER_ROOT;10211;16;10209;19;;;10259;12;10261;22;;;10235.0;0.0
yf_ZS=F_d3;46400;ASH_COATED_OSMIUM;9937;7;9933;11;;;9951;5;9955;22;;;9944.0;0.0
yf_ZS=F_d3;46400;INTARIAN_PEPPER_ROOT;10230;9;10226;14;;;10236;7;10239;17;;;10233.0;0.0
yf_ZS=F_d3;46500;ASH_COATED_OSMIUM;9940;18;9938;18;;;9946;10;9948;8;;;9943.0;0.0
yf_ZS=F_d3;46500;INTARIAN_PEPPER_ROOT;10225;13;10223;32;;;10239;22;10241;9;;;10232.0;0.0
yf_ZS=F_d3;46600;ASH_COATED_OSMIUM;9940;15;9937;15;;;9946;5;9949;22;;;9943.0;0.0
yf_ZS=F_d3;46600;INTARIAN_PEPPER_ROOT;10227;16;10224;23;;;10233;17;10237;29;;;10230.0;0.0
yf_ZS=F_d3;46700;ASH_COATED_OSMIUM;9939;18;9935;14;;;9946;11;9948;23;;;9942.5;0.0
yf_ZS=F_d3;46700;INTARIAN_PEPPER_ROOT;10223;19;10219;25;;;10235;7;10239;15;;;10229.0;0.0
yf_ZS=F_d3;46800;ASH_COATED_OSMIUM;9940;14;9938;19;;;9946;22;9948;14;;;9943.0;0.0
yf_ZS=F_d3;46800;INTARIAN_PEPPER_ROOT;10225;15;10221;23;;;10231;8;10233;18;;;10228.0;0.0
yf_ZS=F_d3;46900;ASH_COATED_OSMIUM;9932;16;9929;12;;;9955;17;9958;19;;;9943.5;0.0
yf_ZS=F_d3;46900;INTARIAN_PEPPER_ROOT;10224;18;10221;12;;;10230;10;10234;18;;;10227.0;0.0
yf_ZS=F_d3;47000;ASH_COATED_OSMIUM;9940;25;9938;16;;;9946;14;9950;22;;;9943.0;0.0
yf_ZS=F_d3;47000;INTARIAN_PEPPER_ROOT;10220;20;10216;19;;;10230;13;10233;12;;;10225.0;0.0
yf_ZS=F_d3;47100;ASH_COATED_OSMIUM;9939;20;9935;23;;;9947;21;9950;22;;;9943.0;0.0
yf_ZS=F_d3;47100;INTARIAN_PEPPER_ROOT;10211;15;10209;13;;;10236;22;10238;23;;;10223.5;0.0
yf_ZS=F_d3;47200;ASH_COATED_OSMIUM;9940;10;9937;18;;;9946;9;9949;18;;;9943.0;0.0
yf_ZS=F_d3;47200;INTARIAN_PEPPER_ROOT;10219;6;10215;14;;;10225;17;10228;24;;;10222.0;0.0
yf_ZS=F_d3;47300;ASH_COATED_OSMIUM;9940;13;9937;23;;;9946;10;9948;19;;;9943.0;0.0
yf_ZS=F_d3;47300;INTARIAN_PEPPER_ROOT;10215;17;10213;21;;;10226;12;10229;14;;;10220.5;0.0
yf_ZS=F_d3;47400;ASH_COATED_OSMIUM;9940;11;9937;18;;;9946;17;9949;15;;;9943.0;0.0
yf_ZS=F_d3;47400;INTARIAN_PEPPER_ROOT;10214;11;10210;24;;;10224;16;10227;16;;;10219.0;0.0
yf_ZS=F_d3;47500;ASH_COATED_OSMIUM;9939;12;9935;17;;;9945;19;9947;25;;;9942.0;0.0
yf_ZS=F_d3;47500;INTARIAN_PEPPER_ROOT;10215;14;10211;21;;;10221;5;10223;25;;;10218.0;0.0
yf_ZS=F_d3;47600;ASH_COATED_OSMIUM;9940;26;9937;22;;;9946;8;9950;17;;;9943.0;0.0
yf_ZS=F_d3;47600;INTARIAN_PEPPER_ROOT;10212;16;10209;21;;;10220;14;10222;22;;;10216.0;0.0
yf_ZS=F_d3;47700;ASH_COATED_OSMIUM;9935;13;9931;22;;;9951;13;9954;20;;;9943.0;0.0
yf_ZS=F_d3;47700;INTARIAN_PEPPER_ROOT;10188;7;10186;24;;;10242;11;10245;21;;;10215.0;0.0
yf_ZS=F_d3;47800;ASH_COATED_OSMIUM;9940;8;9936;20;;;9946;6;9950;17;;;9943.0;0.0
yf_ZS=F_d3;47800;INTARIAN_PEPPER_ROOT;10208;14;10206;17;;;10220;15;10222;11;;;10214.0;0.0
yf_ZS=F_d3;47900;ASH_COATED_OSMIUM;9940;12;9938;17;;;9946;7;9950;16;;;9943.0;0.0
yf_ZS=F_d3;47900;INTARIAN_PEPPER_ROOT;10207;19;10205;25;;;10218;14;10220;18;;;10212.5;0.0
yf_ZS=F_d3;48000;ASH_COATED_OSMIUM;9940;26;9937;35;;;9946;10;9950;17;;;9943.0;0.0
yf_ZS=F_d3;48000;INTARIAN_PEPPER_ROOT;10208;5;10205;20;;;10214;16;10217;14;;;10211.0;0.0
yf_ZS=F_d3;48100;ASH_COATED_OSMIUM;9938;16;9935;31;;;9948;20;9951;20;;;9943.0;0.0
yf_ZS=F_d3;48100;INTARIAN_PEPPER_ROOT;10207;19;10205;20;;;10213;18;10217;27;;;10210.0;0.0
yf_ZS=F_d3;48200;ASH_COATED_OSMIUM;9939;13;9936;29;;;9945;20;9947;21;;;9942.0;0.0
yf_ZS=F_d3;48200;INTARIAN_PEPPER_ROOT;10201;13;10199;21;;;10214;18;10216;18;;;10207.5;0.0
yf_ZS=F_d3;48300;ASH_COATED_OSMIUM;9939;16;9935;26;;;9947;19;9951;18;;;9943.0;0.0
yf_ZS=F_d3;48300;INTARIAN_PEPPER_ROOT;10200;17;10196;25;;;10214;9;10217;28;;;10207.0;0.0
yf_ZS=F_d3;48400;ASH_COATED_OSMIUM;9940;28;9936;21;;;9946;28;9948;25;;;9943.0;0.0
yf_ZS=F_d3;48400;INTARIAN_PEPPER_ROOT;10181;22;10179;20;;;10229;12;10232;19;;;10205.0;0.0
yf_ZS=F_d3;48500;ASH_COATED_OSMIUM;9940;13;9938;23;;;9946;16;9950;18;;;9943.0;0.0
yf_ZS=F_d3;48500;INTARIAN_PEPPER_ROOT;10200;6;10198;19;;;10207;16;10211;18;;;10203.5;0.0
yf_ZS=F_d3;48600;ASH_COATED_OSMIUM;9940;19;9937;20;;;9946;18;9948;22;;;9943.0;0.0
yf_ZS=F_d3;48600;INTARIAN_PEPPER_ROOT;10187;20;10185;14;;;10218;14;10221;15;;;10202.5;0.0
yf_ZS=F_d3;48700;ASH_COATED_OSMIUM;9934;8;9930;21;;;9950;27;9952;31;;;9942.0;0.0
yf_ZS=F_d3;48700;INTARIAN_PEPPER_ROOT;10185;22;10182;21;;;10216;11;10220;14;;;10200.5;0.0
yf_ZS=F_d3;48800;ASH_COATED_OSMIUM;9939;15;9935;16;;;9946;24;9948;26;;;9942.5;0.0
yf_ZS=F_d3;48800;INTARIAN_PEPPER_ROOT;10197;18;10194;17;;;10203;16;10207;18;;;10200.0;0.0
yf_ZS=F_d3;48900;ASH_COATED_OSMIUM;9938;16;9935;16;;;9947;20;9949;23;;;9942.5;0.0
yf_ZS=F_d3;48900;INTARIAN_PEPPER_ROOT;10195;12;10192;15;;;10201;12;10205;18;;;10198.0;0.0
yf_ZS=F_d3;49000;ASH_COATED_OSMIUM;9939;16;9935;25;;;9946;15;9949;18;;;9942.5;0.0
yf_ZS=F_d3;49000;INTARIAN_PEPPER_ROOT;10194;18;10191;22;;;10200;17;10202;35;;;10197.0;0.0
yf_ZS=F_d3;49100;ASH_COATED_OSMIUM;9927;16;9924;21;;;9958;20;9961;21;;;9942.5;0.0
yf_ZS=F_d3;49100;INTARIAN_PEPPER_ROOT;10192;17;10190;25;;;10198;21;10202;21;;;10195.0;0.0
yf_ZS=F_d3;49200;ASH_COATED_OSMIUM;9939;11;9935;24;;;9945;24;9949;18;;;9942.0;0.0
yf_ZS=F_d3;49200;INTARIAN_PEPPER_ROOT;10191;12;10187;22;;;10197;23;10201;14;;;10194.0;0.0
yf_ZS=F_d3;49300;ASH_COATED_OSMIUM;9940;16;9937;18;;;9946;13;9948;13;;;9943.0;0.0
yf_ZS=F_d3;49300;INTARIAN_PEPPER_ROOT;10190;20;10186;10;;;10196;28;10200;22;;;10193.0;0.0
yf_ZS=F_d3;49400;ASH_COATED_OSMIUM;9940;26;9938;21;;;9946;17;9948;24;;;9943.0;0.0
yf_ZS=F_d3;49400;INTARIAN_PEPPER_ROOT;10188;9;10184;11;;;10194;15;10197;24;;;10191.0;0.0
yf_ZS=F_d3;49500;ASH_COATED_OSMIUM;9932;15;9929;12;;;9952;20;9954;20;;;9942.0;0.0
yf_ZS=F_d3;49500;INTARIAN_PEPPER_ROOT;10187;20;10183;22;;;10193;14;10196;20;;;10190.0;0.0
yf_ZS=F_d3;49600;ASH_COATED_OSMIUM;9940;20;9937;25;;;9946;19;9948;15;;;9943.0;0.0
yf_ZS=F_d3;49600;INTARIAN_PEPPER_ROOT;10185;12;10183;32;;;10191;19;10195;21;;;10188.0;0.0
yf_ZS=F_d3;49700;ASH_COATED_OSMIUM;9940;9;9938;19;;;9946;14;9949;27;;;9943.0;0.0
yf_ZS=F_d3;49700;INTARIAN_PEPPER_ROOT;10183;13;10180;21;;;10191;10;10193;23;;;10187.0;0.0
yf_ZS=F_d3;49800;ASH_COATED_OSMIUM;9939;22;9937;25;;;9945;17;9949;19;;;9942.0;0.0
yf_ZS=F_d3;49800;INTARIAN_PEPPER_ROOT;10182;11;10178;27;;;10188;19;10190;17;;;10185.0;0.0
yf_ZS=F_d3;49900;ASH_COATED_OSMIUM;9938;24;9934;17;;;9946;16;9950;23;;;9942.0;0.0
yf_ZS=F_d3;49900;INTARIAN_PEPPER_ROOT;10178;19;10174;16;;;10190;15;10194;27;;;10184.0;0.0
yf_ZS=F_d3;50000;ASH_COATED_OSMIUM;9931;14;9927;19;;;9954;20;9958;17;;;9942.5;0.0
yf_ZS=F_d3;50000;INTARIAN_PEPPER_ROOT;10180;11;10176;24;;;10186;18;10188;16;;;10183.0;0.0
yf_ZS=F_d3;50100;ASH_COATED_OSMIUM;9939;7;9937;14;;;9945;21;9949;20;;;9942.0;0.0
yf_ZS=F_d3;50100;INTARIAN_PEPPER_ROOT;10178;13;10175;22;;;10184;17;10188;24;;;10181.0;0.0
yf_ZS=F_d3;50200;ASH_COATED_OSMIUM;9939;21;9937;8;;;9945;9;9949;22;;;9942.0;0.0
yf_ZS=F_d3;50200;INTARIAN_PEPPER_ROOT;10168;6;10164;25;;;10192;20;10195;28;;;10180.0;0.0
yf_ZS=F_d3;50300;ASH_COATED_OSMIUM;9939;17;9935;24;;;9945;14;9947;12;;;9942.0;0.0
yf_ZS=F_d3;50300;INTARIAN_PEPPER_ROOT;10174;16;10172;25;;;10184;21;10187;21;;;10179.0;0.0
yf_ZS=F_d3;50400;ASH_COATED_OSMIUM;9939;20;9937;17;;;9945;13;9949;23;;;9942.0;0.0
yf_ZS=F_d3;50400;INTARIAN_PEPPER_ROOT;10174;17;10171;20;;;10180;19;10183;21;;;10177.0;0.0
yf_ZS=F_d3;50500;ASH_COATED_OSMIUM;9939;13;9935;27;;;9945;13;9947;18;;;9942.0;0.0
yf_ZS=F_d3;50500;INTARIAN_PEPPER_ROOT;10172;9;10170;20;;;10180;17;10184;20;;;10176.0;0.0
yf_ZS=F_d3;50600;ASH_COATED_OSMIUM;9939;14;9936;14;;;9945;5;9948;12;;;9942.0;0.0
yf_ZS=F_d3;50600;INTARIAN_PEPPER_ROOT;10172;12;10170;23;;;10178;25;10180;25;;;10175.0;0.0
yf_ZS=F_d3;50700;ASH_COATED_OSMIUM;9939;15;9937;22;;;9945;20;9949;18;;;9942.0;0.0
yf_ZS=F_d3;50700;INTARIAN_PEPPER_ROOT;10160;19;10157;23;;;10186;5;10188;14;;;10173.0;0.0
yf_ZS=F_d3;50800;ASH_COATED_OSMIUM;9939;15;9936;20;;;9945;18;9948;17;;;9942.0;0.0
yf_ZS=F_d3;50800;INTARIAN_PEPPER_ROOT;10166;6;10162;22;;;10177;7;10180;15;;;10171.5;0.0
yf_ZS=F_d3;50900;ASH_COATED_OSMIUM;9934;16;9932;24;;;9950;19;9952;18;;;9942.0;0.0
yf_ZS=F_d3;50900;INTARIAN_PEPPER_ROOT;10169;6;10166;19;;;10175;19;10178;27;;;10172.0;0.0
yf_ZS=F_d3;51000;ASH_COATED_OSMIUM;9939;16;9937;20;;;9945;17;9947;18;;;9942.0;0.0
yf_ZS=F_d3;51000;INTARIAN_PEPPER_ROOT;10172;11;10170;16;;;10178;5;10181;23;;;10175.0;0.0
yf_ZS=F_d3;51100;ASH_COATED_OSMIUM;9937;9;9933;14;;;9947;14;9951;17;;;9942.0;0.0
yf_ZS=F_d3;51100;INTARIAN_PEPPER_ROOT;10175;19;10173;18;;;10181;12;10185;19;;;10178.0;0.0
yf_ZS=F_d3;51200;ASH_COATED_OSMIUM;9936;11;9933;21;;;9949;18;9953;18;;;9942.5;0.0
yf_ZS=F_d3;51200;INTARIAN_PEPPER_ROOT;10177;15;10175;15;;;10183;14;10187;16;;;10180.0;0.0
yf_ZS=F_d3;51300;ASH_COATED_OSMIUM;9939;22;9937;16;;;9945;13;9949;20;;;9942.0;0.0
yf_ZS=F_d3;51300;INTARIAN_PEPPER_ROOT;10179;21;10177;13;;;10185;15;10187;31;;;10182.0;0.0
yf_ZS=F_d3;51400;ASH_COATED_OSMIUM;9933;12;9930;27;;;9951;12;9954;20;;;9942.0;0.0
yf_ZS=F_d3;51400;INTARIAN_PEPPER_ROOT;10180;10;10177;20;;;10190;13;10192;17;;;10185.0;0.0
yf_ZS=F_d3;51500;ASH_COATED_OSMIUM;9935;13;9933;18;;;9950;18;9952;19;;;9942.5;0.0
yf_ZS=F_d3;51500;INTARIAN_PEPPER_ROOT;10168;19;10166;19;;;10205;13;10208;25;;;10186.5;0.0
yf_ZS=F_d3;51600;ASH_COATED_OSMIUM;9939;9;9935;17;;;9945;10;9949;18;;;9942.0;0.0
yf_ZS=F_d3;51600;INTARIAN_PEPPER_ROOT;10184;5;10180;24;;;10194;12;10198;25;;;10189.0;0.0
yf_ZS=F_d3;51700;ASH_COATED_OSMIUM;9939;18;9936;20;;;9946;5;9950;19;;;9942.5;0.0
yf_ZS=F_d3;51700;INTARIAN_PEPPER_ROOT;10189;13;10186;23;;;10195;21;10198;22;;;10192.0;0.0
yf_ZS=F_d3;51800;ASH_COATED_OSMIUM;9939;14;9935;23;;;9945;18;9948;18;;;9942.0;0.0
yf_ZS=F_d3;51800;INTARIAN_PEPPER_ROOT;10187;13;10184;20;;;10201;7;10203;25;;;10194.0;0.0
yf_ZS=F_d3;51900;ASH_COATED_OSMIUM;9937;16;9933;26;;;9949;8;9951;14;;;9943.0;0.0
yf_ZS=F_d3;51900;INTARIAN_PEPPER_ROOT;10193;13;10191;17;;;10199;14;10202;19;;;10196.0;0.0
yf_ZS=F_d3;52000;ASH_COATED_OSMIUM;9939;18;9937;20;;;9946;14;9949;19;;;9942.5;0.0
yf_ZS=F_d3;52000;INTARIAN_PEPPER_ROOT;10195;12;10192;21;;;10201;12;10204;9;;;10198.0;0.0
yf_ZS=F_d3;52100;ASH_COATED_OSMIUM;9936;22;9933;21;;;9949;9;9952;23;;;9942.5;0.0
yf_ZS=F_d3;52100;INTARIAN_PEPPER_ROOT;10198;7;10196;16;;;10204;15;10207;17;;;10201.0;0.0
yf_ZS=F_d3;52200;ASH_COATED_OSMIUM;9938;11;9936;23;;;9944;10;9948;26;;;9941.0;0.0
yf_ZS=F_d3;52200;INTARIAN_PEPPER_ROOT;10192;15;10190;22;;;10215;8;10219;22;;;10203.5;0.0
yf_ZS=F_d3;52300;ASH_COATED_OSMIUM;9939;16;9937;22;;;9945;17;9949;19;;;9942.0;0.0
yf_ZS=F_d3;52300;INTARIAN_PEPPER_ROOT;10202;21;10200;20;;;10209;18;10211;17;;;10205.5;0.0
yf_ZS=F_d3;52400;ASH_COATED_OSMIUM;9939;6;9936;17;;;9945;13;9948;22;;;9942.0;0.0
yf_ZS=F_d3;52400;INTARIAN_PEPPER_ROOT;10202;8;10198;18;;;10213;24;10215;20;;;10207.5;0.0
yf_ZS=F_d3;52500;ASH_COATED_OSMIUM;9939;25;9937;16;;;9945;19;9947;22;;;9942.0;0.0
yf_ZS=F_d3;52500;INTARIAN_PEPPER_ROOT;10204;11;10202;17;;;10217;15;10220;18;;;10210.5;0.0
yf_ZS=F_d3;52600;ASH_COATED_OSMIUM;9937;23;9935;30;;;9948;20;9952;8;;;9942.5;0.0
yf_ZS=F_d3;52600;INTARIAN_PEPPER_ROOT;10209;15;10207;15;;;10215;10;10218;25;;;10212.0;0.0
yf_ZS=F_d3;52700;ASH_COATED_OSMIUM;9939;19;9936;22;;;9945;21;9948;21;;;9942.0;0.0
yf_ZS=F_d3;52700;INTARIAN_PEPPER_ROOT;10213;18;10211;18;;;10219;5;10221;20;;;10216.0;0.0
yf_ZS=F_d3;52800;ASH_COATED_OSMIUM;9939;13;9937;20;;;9945;14;9948;20;;;9942.0;0.0
yf_ZS=F_d3;52800;INTARIAN_PEPPER_ROOT;10215;8;10213;22;;;10221;15;10223;9;;;10218.0;0.0
yf_ZS=F_d3;52900;ASH_COATED_OSMIUM;9940;19;9938;17;;;9946;12;9950;15;;;9943.0;0.0
yf_ZS=F_d3;52900;INTARIAN_PEPPER_ROOT;10214;10;10211;8;;;10225;12;10229;22;;;10219.5;0.0
yf_ZS=F_d3;53000;ASH_COATED_OSMIUM;9939;19;9937;24;;;9946;15;9949;23;;;9942.5;0.0
yf_ZS=F_d3;53000;INTARIAN_PEPPER_ROOT;10214;10;10212;13;;;10231;15;10235;28;;;10222.5;0.0
yf_ZS=F_d3;53100;ASH_COATED_OSMIUM;9939;13;9937;17;;;9945;17;9948;11;;;9942.0;0.0
yf_ZS=F_d3;53100;INTARIAN_PEPPER_ROOT;10218;18;10214;14;;;10231;8;10233;22;;;10224.5;0.0
yf_ZS=F_d3;53200;ASH_COATED_OSMIUM;9939;15;9937;20;;;9945;18;9949;21;;;9942.0;0.0
yf_ZS=F_d3;53200;INTARIAN_PEPPER_ROOT;10224;10;10221;23;;;10231;7;10235;20;;;10227.5;0.0
yf_ZS=F_d3;53300;ASH_COATED_OSMIUM;9939;10;9936;18;;;9945;13;9948;12;;;9942.0;0.0
yf_ZS=F_d3;53300;INTARIAN_PEPPER_ROOT;10226;10;10224;18;;;10232;11;10235;22;;;10229.0;0.0
yf_ZS=F_d3;53400;ASH_COATED_OSMIUM;9938;19;9936;22;;;9947;23;9950;21;;;9942.5;0.0
yf_ZS=F_d3;53400;INTARIAN_PEPPER_ROOT;10226;6;10223;21;;;10237;14;10239;22;;;10231.5;0.0
yf_ZS=F_d3;53500;ASH_COATED_OSMIUM;9939;22;9936;16;;;9945;19;9948;17;;;9942.0;0.0
yf_ZS=F_d3;53500;INTARIAN_PEPPER_ROOT;10231;19;10227;16;;;10237;11;10239;28;;;10234.0;0.0
yf_ZS=F_d3;53600;ASH_COATED_OSMIUM;9939;12;9936;16;;;9945;16;9947;20;;;9942.0;0.0
yf_ZS=F_d3;53600;INTARIAN_PEPPER_ROOT;10234;5;10232;21;;;10240;18;10244;9;;;10237.0;0.0
yf_ZS=F_d3;53700;ASH_COATED_OSMIUM;9939;25;9937;24;;;9945;11;9947;19;;;9942.0;0.0
yf_ZS=F_d3;53700;INTARIAN_PEPPER_ROOT;10228;8;10224;15;;;10249;15;10253;12;;;10238.5;0.0
yf_ZS=F_d3;53800;ASH_COATED_OSMIUM;9937;13;9934;24;;;9949;18;9951;12;;;9943.0;0.0
yf_ZS=F_d3;53800;INTARIAN_PEPPER_ROOT;10238;9;10235;29;;;10244;9;10247;15;;;10241.0;0.0
yf_ZS=F_d3;53900;ASH_COATED_OSMIUM;9940;18;9937;13;;;9946;12;9950;23;;;9943.0;0.0
yf_ZS=F_d3;53900;INTARIAN_PEPPER_ROOT;10241;16;10238;20;;;10247;27;10249;22;;;10244.0;0.0
yf_ZS=F_d3;54000;ASH_COATED_OSMIUM;9936;17;9933;21;;;9949;13;9951;14;;;9942.5;0.0
yf_ZS=F_d3;54000;INTARIAN_PEPPER_ROOT;10237;14;10235;21;;;10255;12;10258;22;;;10246.0;0.0
yf_ZS=F_d3;54100;ASH_COATED_OSMIUM;9939;18;9937;22;;;9945;8;9947;26;;;9942.0;0.0
yf_ZS=F_d3;54100;INTARIAN_PEPPER_ROOT;10244;22;10240;21;;;10253;9;10257;19;;;10248.5;0.0
yf_ZS=F_d3;54200;ASH_COATED_OSMIUM;9938;12;9936;31;;;9947;12;9951;24;;;9942.5;0.0
yf_ZS=F_d3;54200;INTARIAN_PEPPER_ROOT;10248;10;10245;22;;;10254;15;10256;15;;;10251.0;0.0
yf_ZS=F_d3;54300;ASH_COATED_OSMIUM;9939;8;9936;14;;;9945;14;9949;19;;;9942.0;0.0
yf_ZS=F_d3;54300;INTARIAN_PEPPER_ROOT;10225;12;10221;26;;;10281;20;10285;16;;;10253.0;0.0
yf_ZS=F_d3;54400;ASH_COATED_OSMIUM;9939;12;9936;20;;;9945;15;9948;18;;;9942.0;0.0
yf_ZS=F_d3;54400;INTARIAN_PEPPER_ROOT;10253;12;10249;23;;;10259;13;10261;15;;;10256.0;0.0
yf_ZS=F_d3;54500;ASH_COATED_OSMIUM;9939;19;9935;25;;;9945;18;9949;24;;;9942.0;0.0
yf_ZS=F_d3;54500;INTARIAN_PEPPER_ROOT;10254;14;10252;22;;;10260;18;10263;17;;;10257.0;0.0
yf_ZS=F_d3;54600;ASH_COATED_OSMIUM;9939;6;9937;28;;;9945;12;9948;14;;;9942.0;0.0
yf_ZS=F_d3;54600;INTARIAN_PEPPER_ROOT;10257;10;10255;21;;;10263;5;10265;24;;;10260.0;0.0
yf_ZS=F_d3;54700;ASH_COATED_OSMIUM;9939;19;9937;22;;;9945;16;9949;19;;;9942.0;0.0
yf_ZS=F_d3;54700;INTARIAN_PEPPER_ROOT;10258;11;10256;19;;;10268;5;10270;17;;;10263.0;0.0
yf_ZS=F_d3;54800;ASH_COATED_OSMIUM;9935;9;9932;11;;;9950;14;9954;27;;;9942.5;0.0
yf_ZS=F_d3;54800;INTARIAN_PEPPER_ROOT;10263;26;10259;19;;;10269;6;10273;24;;;10266.0;0.0
yf_ZS=F_d3;54900;ASH_COATED_OSMIUM;9939;14;9935;23;;;9945;10;9947;17;;;9942.0;0.0
yf_ZS=F_d3;54900;INTARIAN_PEPPER_ROOT;10263;16;10260;30;;;10272;20;10276;14;;;10267.5;0.0
yf_ZS=F_d3;55000;ASH_COATED_OSMIUM;9932;11;9928;26;;;9953;19;9955;24;;;9942.5;0.0
yf_ZS=F_d3;55000;INTARIAN_PEPPER_ROOT;10266;10;10263;27;;;10272;21;10275;17;;;10269.0;0.0
yf_ZS=F_d3;55100;ASH_COATED_OSMIUM;9940;8;9938;21;;;9946;10;9948;19;;;9943.0;0.0
yf_ZS=F_d3;55100;INTARIAN_PEPPER_ROOT;10269;12;10267;25;;;10275;15;10279;16;;;10272.0;0.0
yf_ZS=F_d3;55200;ASH_COATED_OSMIUM;9939;15;9937;13;;;9945;14;9947;25;;;9942.0;0.0
yf_ZS=F_d3;55200;INTARIAN_PEPPER_ROOT;10272;13;10268;18;;;10278;14;10282;21;;;10275.0;0.0
yf_ZS=F_d3;55300;ASH_COATED_OSMIUM;9939;13;9936;21;;;9945;10;9948;12;;;9942.0;0.0
yf_ZS=F_d3;55300;INTARIAN_PEPPER_ROOT;10272;7;10270;16;;;10281;14;10285;14;;;10276.5;0.0
yf_ZS=F_d3;55400;ASH_COATED_OSMIUM;9939;16;9935;25;;;9945;17;9947;14;;;9942.0;0.0
yf_ZS=F_d3;55400;INTARIAN_PEPPER_ROOT;10262;12;10258;20;;;10298;11;10300;25;;;10280.0;0.0
yf_ZS=F_d3;55500;ASH_COATED_OSMIUM;9939;15;9937;28;;;9945;6;9948;21;;;9942.0;0.0
yf_ZS=F_d3;55500;INTARIAN_PEPPER_ROOT;10276;17;10272;30;;;10288;19;10290;20;;;10282.0;0.0
yf_ZS=F_d3;55600;ASH_COATED_OSMIUM;9937;11;9935;23;;;9948;8;9952;11;;;9942.5;0.0
yf_ZS=F_d3;55600;INTARIAN_PEPPER_ROOT;10281;9;10278;21;;;10287;14;10291;22;;;10284.0;0.0
yf_ZS=F_d3;55700;ASH_COATED_OSMIUM;9930;14;9926;26;;;9954;22;9958;23;;;9942.0;0.0
yf_ZS=F_d3;55700;INTARIAN_PEPPER_ROOT;10284;15;10281;18;;;10290;13;10294;21;;;10287.0;0.0
yf_ZS=F_d3;55800;ASH_COATED_OSMIUM;9939;12;9936;16;;;9945;11;9949;18;;;9942.0;0.0
yf_ZS=F_d3;55800;INTARIAN_PEPPER_ROOT;10286;8;10284;22;;;10292;15;10296;23;;;10289.0;0.0
yf_ZS=F_d3;55900;ASH_COATED_OSMIUM;9940;17;9936;21;;;9946;18;9949;25;;;9943.0;0.0
yf_ZS=F_d3;55900;INTARIAN_PEPPER_ROOT;10288;10;10286;13;;;10294;6;10296;16;;;10291.0;0.0
yf_ZS=F_d3;56000;ASH_COATED_OSMIUM;9939;13;9935;15;;;9945;18;9949;32;;;9942.0;0.0
yf_ZS=F_d3;56000;INTARIAN_PEPPER_ROOT;10291;21;10289;20;;;10297;18;10299;25;;;10294.0;0.0
yf_ZS=F_d3;56100;ASH_COATED_OSMIUM;9940;17;9938;22;;;9946;20;9950;12;;;9943.0;0.0
yf_ZS=F_d3;56100;INTARIAN_PEPPER_ROOT;10285;11;10283;12;;;10306;8;10308;17;;;10295.5;0.0
yf_ZS=F_d3;56200;ASH_COATED_OSMIUM;9939;12;9936;22;;;9945;13;9947;21;;;9942.0;0.0
yf_ZS=F_d3;56200;INTARIAN_PEPPER_ROOT;10292;18;10290;25;;;10302;20;10306;23;;;10297.0;0.0
yf_ZS=F_d3;56300;ASH_COATED_OSMIUM;9939;18;9937;13;;;9945;15;9948;17;;;9942.0;0.0
yf_ZS=F_d3;56300;INTARIAN_PEPPER_ROOT;10298;18;10296;14;;;10304;19;10308;13;;;10301.0;0.0
yf_ZS=F_d3;56400;ASH_COATED_OSMIUM;9934;5;9930;15;;;9951;15;9954;21;;;9942.5;0.0
yf_ZS=F_d3;56400;INTARIAN_PEPPER_ROOT;10298;24;10295;35;;;10308;14;10310;21;;;10303.0;0.0
yf_ZS=F_d3;56500;ASH_COATED_OSMIUM;9928;14;9926;25;;;9956;11;9958;29;;;9942.0;0.0
yf_ZS=F_d3;56500;INTARIAN_PEPPER_ROOT;10302;23;10299;22;;;10308;17;10312;31;;;10305.0;0.0
yf_ZS=F_d3;56600;ASH_COATED_OSMIUM;9927;14;9923;24;;;9958;13;9960;13;;;9942.5;0.0
yf_ZS=F_d3;56600;INTARIAN_PEPPER_ROOT;10302;8;10300;27;;;10313;11;10316;18;;;10307.5;0.0
yf_ZS=F_d3;56700;ASH_COATED_OSMIUM;9926;12;9922;20;;;9958;13;9961;28;;;9942.0;0.0
yf_ZS=F_d3;56700;INTARIAN_PEPPER_ROOT;10305;15;10303;23;;;10315;17;10319;20;;;10310.0;0.0
yf_ZS=F_d3;56800;ASH_COATED_OSMIUM;9935;16;9932;15;;;9951;13;9955;19;;;9943.0;0.0
yf_ZS=F_d3;56800;INTARIAN_PEPPER_ROOT;10309;10;10307;16;;;10315;17;10319;16;;;10312.0;0.0
yf_ZS=F_d3;56900;ASH_COATED_OSMIUM;9926;11;9923;17;;;9958;10;9962;14;;;9942.0;0.0
yf_ZS=F_d3;56900;INTARIAN_PEPPER_ROOT;10311;12;10309;25;;;10317;18;10319;17;;;10314.0;0.0
yf_ZS=F_d3;57000;ASH_COATED_OSMIUM;9939;5;9936;22;;;9945;22;9948;20;;;9942.0;0.0
yf_ZS=F_d3;57000;INTARIAN_PEPPER_ROOT;10314;10;10312;35;;;10320;18;10323;17;;;10317.0;0.0
yf_ZS=F_d3;57100;ASH_COATED_OSMIUM;9936;11;9932;17;;;9948;12;9951;13;;;9942.0;0.0
yf_ZS=F_d3;57100;INTARIAN_PEPPER_ROOT;10310;14;10307;17;;;10329;14;10333;19;;;10319.5;0.0
yf_ZS=F_d3;57200;ASH_COATED_OSMIUM;9933;16;9929;26;;;9952;13;9954;10;;;9942.5;0.0
yf_ZS=F_d3;57200;INTARIAN_PEPPER_ROOT;10319;12;10315;18;;;10325;18;10329;18;;;10322.0;0.0
yf_ZS=F_d3;57300;ASH_COATED_OSMIUM;9939;18;9935;27;;;9945;17;9947;14;;;9942.0;0.0
yf_ZS=F_d3;57300;INTARIAN_PEPPER_ROOT;10321;9;10319;19;;;10327;8;10330;18;;;10324.0;0.0
yf_ZS=F_d3;57400;ASH_COATED_OSMIUM;9939;13;9937;23;;;9945;13;9948;15;;;9942.0;0.0
yf_ZS=F_d3;57400;INTARIAN_PEPPER_ROOT;10314;7;10312;11;;;10339;7;10342;8;;;10326.5;0.0
yf_ZS=F_d3;57500;ASH_COATED_OSMIUM;9934;11;9930;30;;;9949;15;9951;26;;;9941.5;0.0
yf_ZS=F_d3;57500;INTARIAN_PEPPER_ROOT;10326;12;10324;21;;;10332;15;10334;8;;;10329.0;0.0
yf_ZS=F_d3;57600;ASH_COATED_OSMIUM;9939;25;9937;14;;;9945;20;9948;16;;;9942.0;0.0
yf_ZS=F_d3;57600;INTARIAN_PEPPER_ROOT;10329;11;10325;18;;;10335;10;10339;17;;;10332.0;0.0
yf_ZS=F_d3;57700;ASH_COATED_OSMIUM;9933;27;9930;30;;;9952;13;9954;21;;;9942.5;0.0
yf_ZS=F_d3;57700;INTARIAN_PEPPER_ROOT;10331;11;10329;19;;;10337;15;10340;14;;;10334.0;0.0
yf_ZS=F_d3;57800;ASH_COATED_OSMIUM;9939;7;9937;20;;;9945;17;9947;18;;;9942.0;0.0
yf_ZS=F_d3;57800;INTARIAN_PEPPER_ROOT;10333;9;10329;12;;;10339;13;10341;16;;;10336.0;0.0
yf_ZS=F_d3;57900;ASH_COATED_OSMIUM;9938;15;9936;10;;;9947;19;9949;19;;;9942.5;0.0
yf_ZS=F_d3;57900;INTARIAN_PEPPER_ROOT;10331;16;10327;21;;;10345;14;10348;23;;;10338.0;0.0
yf_ZS=F_d3;58000;ASH_COATED_OSMIUM;9938;15;9936;19;;;9947;14;9950;19;;;9942.5;0.0
yf_ZS=F_d3;58000;INTARIAN_PEPPER_ROOT;10338;17;10334;14;;;10344;14;10348;19;;;10341.0;0.0
yf_ZS=F_d3;58100;ASH_COATED_OSMIUM;9940;19;9937;19;;;9946;10;9950;13;;;9943.0;0.0
yf_ZS=F_d3;58100;INTARIAN_PEPPER_ROOT;10337;15;10335;21;;;10348;13;10351;18;;;10342.5;0.0
yf_ZS=F_d3;58200;ASH_COATED_OSMIUM;9933;13;9931;26;;;9952;15;9954;18;;;9942.5;0.0
yf_ZS=F_d3;58200;INTARIAN_PEPPER_ROOT;10343;22;10340;21;;;10349;9;10351;23;;;10346.0;0.0
yf_ZS=F_d3;58300;ASH_COATED_OSMIUM;9939;8;9937;14;;;9945;20;9949;23;;;9942.0;0.0
yf_ZS=F_d3;58300;INTARIAN_PEPPER_ROOT;10345;15;10343;18;;;10352;13;10356;24;;;10348.5;0.0
