day;timestamp;product;bid_price_1;bid_volume_1;bid_price_2;bid_volume_2;bid_price_3;bid_volume_3;ask_price_1;ask_volume_1;ask_price_2;ask_volume_2;ask_price_3;ask_volume_3;mid_price;profit_and_loss
yf_BGS_d0;0;ASH_COATED_OSMIUM;9899;12;9895;17;;;9918;14;9921;14;;;9908.5;0.0
yf_BGS_d0;0;INTARIAN_PEPPER_ROOT;12256;9;12252;22;;;12263;14;12265;20;;;12259.5;0.0
yf_BGS_d0;100;ASH_COATED_OSMIUM;9905;15;9902;18;;;9911;6;9914;12;;;9908.0;0.0
yf_BGS_d0;100;INTARIAN_PEPPER_ROOT;12256;25;12252;22;;;12262;13;12266;20;;;12259.0;0.0
yf_BGS_d0;200;ASH_COATED_OSMIUM;9900;10;9896;16;;;9917;16;9920;22;;;9908.5;0.0
yf_BGS_d0;200;INTARIAN_PEPPER_ROOT;12245;6;12241;23;;;12275;14;12278;13;;;12260.0;0.0
yf_BGS_d0;300;ASH_COATED_OSMIUM;9903;12;9899;20;;;9914;14;9918;20;;;9908.5;0.0
yf_BGS_d0;300;INTARIAN_PEPPER_ROOT;12256;13;12253;18;;;12262;18;12264;16;;;12259.0;0.0
yf_BGS_d0;400;ASH_COATED_OSMIUM;9906;11;9902;21;;;9912;15;9916;19;;;9909.0;0.0
yf_BGS_d0;400;INTARIAN_PEPPER_ROOT;12256;9;12253;16;;;12262;25;12266;12;;;12259.0;0.0
yf_BGS_d0;500;ASH_COATED_OSMIUM;9905;16;9902;21;;;9911;13;9913;25;;;9908.0;0.0
yf_BGS_d0;500;INTARIAN_PEPPER_ROOT;12256;19;12252;24;;;12262;12;12265;23;;;12259.0;0.0
yf_BGS_d0;600;ASH_COATED_OSMIUM;9902;12;9899;19;;;9914;16;9917;12;;;9908.0;0.0
yf_BGS_d0;600;INTARIAN_PEPPER_ROOT;12255;14;12251;14;;;12263;17;12267;23;;;12259.0;0.0
yf_BGS_d0;700;ASH_COATED_OSMIUM;9898;16;9895;18;;;9919;24;9921;19;;;9908.5;0.0
yf_BGS_d0;700;INTARIAN_PEPPER_ROOT;12256;9;12252;24;;;12262;7;12264;27;;;12259.0;0.0
yf_BGS_d0;800;ASH_COATED_OSMIUM;9906;9;9903;12;;;9912;17;9916;16;;;9909.0;0.0
yf_BGS_d0;800;INTARIAN_PEPPER_ROOT;12256;10;12253;18;;;12262;18;12264;19;;;12259.0;0.0
yf_BGS_d0;900;ASH_COATED_OSMIUM;9901;15;9898;20;;;9917;14;9920;20;;;9909.0;0.0
yf_BGS_d0;900;INTARIAN_PEPPER_ROOT;12256;14;12253;19;;;12262;21;12265;24;;;12259.0;0.0
yf_BGS_d0;1000;ASH_COATED_OSMIUM;9906;9;9902;25;;;9912;12;9914;25;;;9909.0;0.0
yf_BGS_d0;1000;INTARIAN_PEPPER_ROOT;12256;5;12254;22;;;12262;10;12265;19;;;12259.0;0.0
yf_BGS_d0;1100;ASH_COATED_OSMIUM;9905;19;9901;23;;;9911;16;9914;14;;;9908.0;0.0
yf_BGS_d0;1100;INTARIAN_PEPPER_ROOT;12256;14;12254;18;;;12262;14;12264;19;;;12259.0;0.0
yf_BGS_d0;1200;ASH_COATED_OSMIUM;9905;12;9902;24;;;9911;6;9913;26;;;9908.0;0.0
yf_BGS_d0;1200;INTARIAN_PEPPER_ROOT;12255;26;12251;17;;;12261;18;12263;12;;;12258.0;0.0
yf_BGS_d0;1300;ASH_COATED_OSMIUM;9905;11;9901;22;;;9911;9;9915;20;;;9908.0;0.0
yf_BGS_d0;1300;INTARIAN_PEPPER_ROOT;12255;20;12251;19;;;12261;21;12263;16;;;12258.0;0.0
yf_BGS_d0;1400;ASH_COATED_OSMIUM;9906;16;9903;15;;;9912;16;9915;27;;;9909.0;0.0
yf_BGS_d0;1400;INTARIAN_PEPPER_ROOT;12253;13;12251;22;;;12262;12;12264;26;;;12257.5;0.0
yf_BGS_d0;1500;ASH_COATED_OSMIUM;9903;18;9901;13;;;9914;13;9917;19;;;9908.5;0.0
yf_BGS_d0;1500;INTARIAN_PEPPER_ROOT;12255;10;12252;22;;;12261;17;12263;19;;;12258.0;0.0
yf_BGS_d0;1600;ASH_COATED_OSMIUM;9905;21;9903;17;;;9911;17;9913;14;;;9908.0;0.0
yf_BGS_d0;1600;INTARIAN_PEPPER_ROOT;12252;10;12248;26;;;12263;14;12267;22;;;12257.5;0.0
yf_BGS_d0;1700;ASH_COATED_OSMIUM;9905;21;9902;14;;;9911;15;9914;18;;;9908.0;0.0
yf_BGS_d0;1700;INTARIAN_PEPPER_ROOT;12248;17;12245;21;;;12267;11;12270;19;;;12257.5;0.0
yf_BGS_d0;1800;ASH_COATED_OSMIUM;9905;11;9901;28;;;9911;13;9913;28;;;9908.0;0.0
yf_BGS_d0;1800;INTARIAN_PEPPER_ROOT;12249;12;12245;17;;;12266;19;12270;23;;;12257.5;0.0
yf_BGS_d0;1900;ASH_COATED_OSMIUM;9905;18;9903;16;;;9911;17;9914;23;;;9908.0;0.0
yf_BGS_d0;1900;INTARIAN_PEPPER_ROOT;12255;18;12253;18;;;12261;7;12263;26;;;12258.0;0.0
yf_BGS_d0;2000;ASH_COATED_OSMIUM;9905;13;9903;8;;;9911;19;9913;17;;;9908.0;0.0
yf_BGS_d0;2000;INTARIAN_PEPPER_ROOT;12254;9;12252;26;;;12260;15;12262;13;;;12257.0;0.0
yf_BGS_d0;2100;ASH_COATED_OSMIUM;9897;17;9893;19;;;9919;15;9922;22;;;9908.0;0.0
yf_BGS_d0;2100;INTARIAN_PEPPER_ROOT;12252;14;12248;19;;;12264;16;12267;27;;;12258.0;0.0
yf_BGS_d0;2200;ASH_COATED_OSMIUM;9898;13;9896;19;;;9918;16;9922;18;;;9908.0;0.0
yf_BGS_d0;2200;INTARIAN_PEPPER_ROOT;12254;19;12250;14;;;12261;16;12263;21;;;12257.5;0.0
yf_BGS_d0;2300;ASH_COATED_OSMIUM;9905;9;9901;17;;;9911;11;9915;20;;;9908.0;0.0
yf_BGS_d0;2300;INTARIAN_PEPPER_ROOT;12248;16;12244;17;;;12266;20;12270;25;;;12257.0;0.0
yf_BGS_d0;2400;ASH_COATED_OSMIUM;9905;13;9902;21;;;9911;18;9913;20;;;9908.0;0.0
yf_BGS_d0;2400;INTARIAN_PEPPER_ROOT;12245;12;12243;25;;;12269;22;12271;19;;;12257.0;0.0
yf_BGS_d0;2500;ASH_COATED_OSMIUM;9901;19;9897;23;;;9914;13;9917;31;;;9907.5;0.0
yf_BGS_d0;2500;INTARIAN_PEPPER_ROOT;12254;13;12252;8;;;12260;21;12264;16;;;12257.0;0.0
yf_BGS_d0;2600;ASH_COATED_OSMIUM;9905;21;9903;18;;;9911;17;9913;24;;;9908.0;0.0
yf_BGS_d0;2600;INTARIAN_PEPPER_ROOT;12250;10;12246;22;;;12265;12;12269;30;;;12257.5;0.0
yf_BGS_d0;2700;ASH_COATED_OSMIUM;9895;14;9892;30;;;9920;20;9924;20;;;9907.5;0.0
yf_BGS_d0;2700;INTARIAN_PEPPER_ROOT;12254;18;12251;11;;;12260;10;12264;14;;;12257.0;0.0
yf_BGS_d0;2800;ASH_COATED_OSMIUM;9904;25;9900;16;;;9910;15;9913;18;;;9907.0;0.0
yf_BGS_d0;2800;INTARIAN_PEPPER_ROOT;12255;15;12252;22;;;12261;15;12263;19;;;12258.0;0.0
yf_BGS_d0;2900;ASH_COATED_OSMIUM;9905;16;9903;8;;;9911;21;9915;20;;;9908.0;0.0
yf_BGS_d0;2900;INTARIAN_PEPPER_ROOT;12254;13;12252;21;;;12260;7;12262;20;;;12257.0;0.0
yf_BGS_d0;3000;ASH_COATED_OSMIUM;9902;16;9900;17;;;9913;22;9915;21;;;9907.5;0.0
yf_BGS_d0;3000;INTARIAN_PEPPER_ROOT;12253;12;12251;14;;;12259;12;12261;23;;;12256.0;0.0
yf_BGS_d0;3100;ASH_COATED_OSMIUM;9889;15;9886;14;;;9925;14;9928;25;;;9907.0;0.0
yf_BGS_d0;3100;INTARIAN_PEPPER_ROOT;12253;17;12251;25;;;12259;11;12262;18;;;12256.0;0.0
yf_BGS_d0;3200;ASH_COATED_OSMIUM;9904;12;9901;19;;;9910;12;9914;11;;;9907.0;0.0
yf_BGS_d0;3200;INTARIAN_PEPPER_ROOT;12249;13;12246;17;;;12265;6;12269;20;;;12257.0;0.0
yf_BGS_d0;3300;ASH_COATED_OSMIUM;9898;9;9895;17;;;9917;5;9921;17;;;9907.5;0.0
yf_BGS_d0;3300;INTARIAN_PEPPER_ROOT;12253;11;12249;19;;;12259;21;12263;26;;;12256.0;0.0
yf_BGS_d0;3400;ASH_COATED_OSMIUM;9904;10;9902;18;;;9910;26;9912;8;;;9907.0;0.0
yf_BGS_d0;3400;INTARIAN_PEPPER_ROOT;12254;10;12252;17;;;12260;16;12263;19;;;12257.0;0.0
yf_BGS_d0;3500;ASH_COATED_OSMIUM;9901;17;9898;25;;;9913;10;9917;23;;;9907.0;0.0
yf_BGS_d0;3500;INTARIAN_PEPPER_ROOT;12253;17;12250;23;;;12259;18;12263;17;;;12256.0;0.0
yf_BGS_d0;3600;ASH_COATED_OSMIUM;9905;19;9903;26;;;9911;23;9915;21;;;9908.0;0.0
yf_BGS_d0;3600;INTARIAN_PEPPER_ROOT;12253;18;12250;20;;;12259;22;12263;14;;;12256.0;0.0
yf_BGS_d0;3700;ASH_COATED_OSMIUM;9904;9;9900;23;;;9910;14;9913;24;;;9907.0;0.0
yf_BGS_d0;3700;INTARIAN_PEPPER_ROOT;12253;11;12249;11;;;12259;18;12261;15;;;12256.0;0.0
yf_BGS_d0;3800;ASH_COATED_OSMIUM;9904;11;9901;21;;;9910;5;9913;15;;;9907.0;0.0
yf_BGS_d0;3800;INTARIAN_PEPPER_ROOT;12239;15;12237;22;;;12272;21;12275;21;;;12255.5;0.0
yf_BGS_d0;3900;ASH_COATED_OSMIUM;9903;8;9901;25;;;9912;16;9915;27;;;9907.5;0.0
yf_BGS_d0;3900;INTARIAN_PEPPER_ROOT;12253;21;12251;21;;;12259;16;12262;22;;;12256.0;0.0
yf_BGS_d0;4000;ASH_COATED_OSMIUM;9902;9;9898;18;;;9913;17;9917;27;;;9907.5;0.0
yf_BGS_d0;4000;INTARIAN_PEPPER_ROOT;12253;8;12250;16;;;12259;11;12262;33;;;12256.0;0.0
yf_BGS_d0;4100;ASH_COATED_OSMIUM;9899;15;9896;23;;;9915;10;9917;13;;;9907.0;0.0
yf_BGS_d0;4100;INTARIAN_PEPPER_ROOT;12252;11;12248;15;;;12258;7;12262;22;;;12255.0;0.0
yf_BGS_d0;4200;ASH_COATED_OSMIUM;9895;11;9891;16;;;9918;18;9922;24;;;9906.5;0.0
yf_BGS_d0;4200;INTARIAN_PEPPER_ROOT;12253;13;12250;26;;;12259;9;12261;23;;;12256.0;0.0
yf_BGS_d0;4300;ASH_COATED_OSMIUM;9902;14;9898;15;;;9912;17;9915;21;;;9907.0;0.0
yf_BGS_d0;4300;INTARIAN_PEPPER_ROOT;12252;15;12249;24;;;12258;8;12260;17;;;12255.0;0.0
yf_BGS_d0;4400;ASH_COATED_OSMIUM;9904;11;9902;19;;;9910;17;9914;28;;;9907.0;0.0
yf_BGS_d0;4400;INTARIAN_PEPPER_ROOT;12252;15;12248;27;;;12258;10;12261;18;;;12255.0;0.0
yf_BGS_d0;4500;ASH_COATED_OSMIUM;9899;12;9895;26;;;9915;19;9919;14;;;9907.0;0.0
yf_BGS_d0;4500;INTARIAN_PEPPER_ROOT;12252;12;12250;20;;;12258;13;12260;18;;;12255.0;0.0
yf_BGS_d0;4600;ASH_COATED_OSMIUM;9900;5;9896;19;;;9914;10;9918;17;;;9907.0;0.0
yf_BGS_d0;4600;INTARIAN_PEPPER_ROOT;12241;23;12239;15;;;12270;13;12272;29;;;12255.5;0.0
yf_BGS_d0;4700;ASH_COATED_OSMIUM;9901;12;9897;23;;;9912;14;9914;20;;;9906.5;0.0
yf_BGS_d0;4700;INTARIAN_PEPPER_ROOT;12252;11;12248;20;;;12258;20;12261;20;;;12255.0;0.0
yf_BGS_d0;4800;ASH_COATED_OSMIUM;9904;10;9900;11;;;9910;17;9913;19;;;9907.0;0.0
yf_BGS_d0;4800;INTARIAN_PEPPER_ROOT;12252;5;12248;19;;;12258;15;12262;23;;;12255.0;0.0
yf_BGS_d0;4900;ASH_COATED_OSMIUM;9897;24;9893;18;;;9916;10;9918;23;;;9906.5;0.0
yf_BGS_d0;4900;INTARIAN_PEPPER_ROOT;12252;19;12248;31;;;12258;15;12260;23;;;12255.0;0.0
yf_BGS_d0;5000;ASH_COATED_OSMIUM;9903;13;9900;20;;;9910;12;9912;23;;;9906.5;0.0
yf_BGS_d0;5000;INTARIAN_PEPPER_ROOT;12252;15;12249;24;;;12258;17;12262;24;;;12255.0;0.0
yf_BGS_d0;5100;ASH_COATED_OSMIUM;9903;18;9901;17;;;9909;18;9911;21;;;9906.0;0.0
yf_BGS_d0;5100;INTARIAN_PEPPER_ROOT;12248;10;12244;22;;;12263;20;12267;11;;;12255.5;0.0
yf_BGS_d0;5200;ASH_COATED_OSMIUM;9904;7;9900;13;;;9910;12;9914;19;;;9907.0;0.0
yf_BGS_d0;5200;INTARIAN_PEPPER_ROOT;12252;16;12248;18;;;12258;26;12260;21;;;12255.0;0.0
yf_BGS_d0;5300;ASH_COATED_OSMIUM;9900;6;9896;21;;;9913;21;9915;15;;;9906.5;0.0
yf_BGS_d0;5300;INTARIAN_PEPPER_ROOT;12252;17;12249;21;;;12258;9;12261;25;;;12255.0;0.0
yf_BGS_d0;5400;ASH_COATED_OSMIUM;9904;15;9901;19;;;9910;11;9914;19;;;9907.0;0.0
yf_BGS_d0;5400;INTARIAN_PEPPER_ROOT;12252;16;12249;26;;;12258;5;12260;15;;;12255.0;0.0
yf_BGS_d0;5500;ASH_COATED_OSMIUM;9904;14;9900;27;;;9911;12;9913;29;;;9907.5;0.0
yf_BGS_d0;5500;INTARIAN_PEPPER_ROOT;12251;9;12249;23;;;12257;13;12260;28;;;12254.0;0.0
yf_BGS_d0;5600;ASH_COATED_OSMIUM;9904;23;9902;25;;;9910;11;9912;29;;;9907.0;0.0
yf_BGS_d0;5600;INTARIAN_PEPPER_ROOT;12250;23;12247;12;;;12259;14;12261;29;;;12254.5;0.0
yf_BGS_d0;5700;ASH_COATED_OSMIUM;9903;7;9900;29;;;9909;10;9913;19;;;9906.0;0.0
yf_BGS_d0;5700;INTARIAN_PEPPER_ROOT;12251;9;12248;23;;;12257;18;12260;14;;;12254.0;0.0
yf_BGS_d0;5800;ASH_COATED_OSMIUM;9898;13;9896;24;;;9914;11;9918;23;;;9906.0;0.0
yf_BGS_d0;5800;INTARIAN_PEPPER_ROOT;12249;21;12247;17;;;12259;12;12261;23;;;12254.0;0.0
yf_BGS_d0;5900;ASH_COATED_OSMIUM;9895;21;9892;16;;;9919;18;9921;14;;;9907.0;0.0
yf_BGS_d0;5900;INTARIAN_PEPPER_ROOT;12248;11;12244;22;;;12261;5;12265;15;;;12254.5;0.0
yf_BGS_d0;6000;ASH_COATED_OSMIUM;9901;16;9897;22;;;9911;5;9915;20;;;9906.0;0.0
yf_BGS_d0;6000;INTARIAN_PEPPER_ROOT;12250;18;12247;11;;;12258;18;12260;8;;;12254.0;0.0
yf_BGS_d0;6100;ASH_COATED_OSMIUM;9902;19;9898;21;;;9910;8;9913;17;;;9906.0;0.0
yf_BGS_d0;6100;INTARIAN_PEPPER_ROOT;12250;6;12247;11;;;12256;18;12260;21;;;12253.0;0.0
yf_BGS_d0;6200;ASH_COATED_OSMIUM;9903;13;9901;14;;;9909;13;9911;21;;;9906.0;0.0
yf_BGS_d0;6200;INTARIAN_PEPPER_ROOT;12247;13;12245;14;;;12262;12;12264;20;;;12254.5;0.0
yf_BGS_d0;6300;ASH_COATED_OSMIUM;9903;8;9899;22;;;9909;8;9911;15;;;9906.0;0.0
yf_BGS_d0;6300;INTARIAN_PEPPER_ROOT;12248;18;12246;18;;;12258;10;12260;27;;;12253.0;0.0
yf_BGS_d0;6400;ASH_COATED_OSMIUM;9903;15;9901;19;;;9909;20;9912;19;;;9906.0;0.0
yf_BGS_d0;6400;INTARIAN_PEPPER_ROOT;12245;12;12241;21;;;12262;7;12266;14;;;12253.5;0.0
yf_BGS_d0;6500;ASH_COATED_OSMIUM;9901;12;9897;24;;;9911;14;9915;17;;;9906.0;0.0
yf_BGS_d0;6500;INTARIAN_PEPPER_ROOT;12250;20;12246;11;;;12256;12;12258;12;;;12253.0;0.0
yf_BGS_d0;6600;ASH_COATED_OSMIUM;9903;10;9900;21;;;9909;17;9911;15;;;9906.0;0.0
yf_BGS_d0;6600;INTARIAN_PEPPER_ROOT;12249;23;12245;14;;;12258;11;12262;20;;;12253.5;0.0
yf_BGS_d0;6700;ASH_COATED_OSMIUM;9903;16;9900;15;;;9909;18;9912;20;;;9906.0;0.0
yf_BGS_d0;6700;INTARIAN_PEPPER_ROOT;12251;14;12248;22;;;12257;21;12261;17;;;12254.0;0.0
yf_BGS_d0;6800;ASH_COATED_OSMIUM;9903;15;9899;24;;;9909;8;9913;27;;;9906.0;0.0
yf_BGS_d0;6800;INTARIAN_PEPPER_ROOT;12250;14;12247;18;;;12257;18;12260;22;;;12253.5;0.0
yf_BGS_d0;6900;ASH_COATED_OSMIUM;9903;6;9901;19;;;9909;20;9912;19;;;9906.0;0.0
yf_BGS_d0;6900;INTARIAN_PEPPER_ROOT;12250;7;12247;24;;;12256;13;12260;11;;;12253.0;0.0
yf_BGS_d0;7000;ASH_COATED_OSMIUM;9897;9;9894;21;;;9915;18;9919;18;;;9906.0;0.0
yf_BGS_d0;7000;INTARIAN_PEPPER_ROOT;12250;15;12247;24;;;12256;19;12259;22;;;12253.0;0.0
yf_BGS_d0;7100;ASH_COATED_OSMIUM;9903;14;9901;24;;;9909;13;9911;18;;;9906.0;0.0
yf_BGS_d0;7100;INTARIAN_PEPPER_ROOT;12250;8;12248;23;;;12256;15;12258;19;;;12253.0;0.0
yf_BGS_d0;7200;ASH_COATED_OSMIUM;9903;16;9899;20;;;9910;11;9914;15;;;9906.5;0.0
yf_BGS_d0;7200;INTARIAN_PEPPER_ROOT;12250;17;12247;16;;;12256;19;12258;20;;;12253.0;0.0
yf_BGS_d0;7300;ASH_COATED_OSMIUM;9893;15;9889;29;;;9919;12;9921;23;;;9906.0;0.0
yf_BGS_d0;7300;INTARIAN_PEPPER_ROOT;12250;14;12246;28;;;12256;18;12260;15;;;12253.0;0.0
yf_BGS_d0;7400;ASH_COATED_OSMIUM;9903;13;9899;12;;;9909;12;9913;21;;;9906.0;0.0
yf_BGS_d0;7400;INTARIAN_PEPPER_ROOT;12249;13;12246;17;;;12255;19;12257;31;;;12252.0;0.0
yf_BGS_d0;7500;ASH_COATED_OSMIUM;9901;24;9898;23;;;9911;7;9914;14;;;9906.0;0.0
yf_BGS_d0;7500;INTARIAN_PEPPER_ROOT;12247;21;12244;18;;;12257;11;12259;22;;;12252.0;0.0
yf_BGS_d0;7600;ASH_COATED_OSMIUM;9903;21;9901;25;;;9909;14;9911;18;;;9906.0;0.0
yf_BGS_d0;7600;INTARIAN_PEPPER_ROOT;12250;9;12248;21;;;12256;15;12258;15;;;12253.0;0.0
yf_BGS_d0;7700;ASH_COATED_OSMIUM;9903;15;9901;19;;;9909;18;9911;16;;;9906.0;0.0
yf_BGS_d0;7700;INTARIAN_PEPPER_ROOT;12249;18;12245;16;;;12255;18;12259;32;;;12252.0;0.0
yf_BGS_d0;7800;ASH_COATED_OSMIUM;9887;13;9885;22;;;9924;19;9926;16;;;9905.5;0.0
yf_BGS_d0;7800;INTARIAN_PEPPER_ROOT;12249;17;12247;20;;;12255;14;12259;28;;;12252.0;0.0
yf_BGS_d0;7900;ASH_COATED_OSMIUM;9900;19;9898;15;;;9911;13;9914;22;;;9905.5;0.0
yf_BGS_d0;7900;INTARIAN_PEPPER_ROOT;12228;21;12224;22;;;12276;24;12280;21;;;12252.0;0.0
yf_BGS_d0;8000;ASH_COATED_OSMIUM;9902;15;9899;18;;;9908;15;9910;15;;;9905.0;0.0
yf_BGS_d0;8000;INTARIAN_PEPPER_ROOT;12249;17;12245;25;;;12255;27;12259;11;;;12252.0;0.0
yf_BGS_d0;8100;ASH_COATED_OSMIUM;9888;21;9884;12;;;9922;9;9925;16;;;9905.0;0.0
yf_BGS_d0;8100;INTARIAN_PEPPER_ROOT;12249;7;12246;18;;;12255;14;12258;18;;;12252.0;0.0
yf_BGS_d0;8200;ASH_COATED_OSMIUM;9902;11;9900;18;;;9910;16;9913;29;;;9906.0;0.0
yf_BGS_d0;8200;INTARIAN_PEPPER_ROOT;12249;28;12245;26;;;12255;12;12258;19;;;12252.0;0.0
yf_BGS_d0;8300;ASH_COATED_OSMIUM;9903;21;9900;22;;;9909;23;9912;19;;;9906.0;0.0
yf_BGS_d0;8300;INTARIAN_PEPPER_ROOT;12249;18;12246;23;;;12255;19;12257;28;;;12252.0;0.0
yf_BGS_d0;8400;ASH_COATED_OSMIUM;9902;18;9900;20;;;9908;17;9911;16;;;9905.0;0.0
yf_BGS_d0;8400;INTARIAN_PEPPER_ROOT;12237;10;12235;22;;;12265;17;12268;23;;;12251.0;0.0
yf_BGS_d0;8500;ASH_COATED_OSMIUM;9902;8;9898;8;;;9908;19;9911;19;;;9905.0;0.0
yf_BGS_d0;8500;INTARIAN_PEPPER_ROOT;12245;23;12243;27;;;12258;17;12261;26;;;12251.5;0.0
yf_BGS_d0;8600;ASH_COATED_OSMIUM;9897;16;9893;8;;;9914;13;9918;21;;;9905.5;0.0
yf_BGS_d0;8600;INTARIAN_PEPPER_ROOT;12248;16;12244;24;;;12254;23;12256;21;;;12251.0;0.0
yf_BGS_d0;8700;ASH_COATED_OSMIUM;9902;21;9899;18;;;9908;16;9911;23;;;9905.0;0.0
yf_BGS_d0;8700;INTARIAN_PEPPER_ROOT;12246;10;12242;19;;;12256;8;12260;24;;;12251.0;0.0
yf_BGS_d0;8800;ASH_COATED_OSMIUM;9902;24;9900;14;;;9908;13;9912;23;;;9905.0;0.0
yf_BGS_d0;8800;INTARIAN_PEPPER_ROOT;12241;20;12237;20;;;12260;14;12262;21;;;12250.5;0.0
yf_BGS_d0;8900;ASH_COATED_OSMIUM;9903;9;9899;19;;;9909;15;9911;26;;;9906.0;0.0
yf_BGS_d0;8900;INTARIAN_PEPPER_ROOT;12248;18;12245;16;;;12254;18;12258;22;;;12251.0;0.0
yf_BGS_d0;9000;ASH_COATED_OSMIUM;9902;17;9899;15;;;9908;13;9911;27;;;9905.0;0.0
yf_BGS_d0;9000;INTARIAN_PEPPER_ROOT;12248;15;12246;21;;;12254;19;12256;19;;;12251.0;0.0
yf_BGS_d0;9100;ASH_COATED_OSMIUM;9902;11;9898;18;;;9908;23;9912;18;;;9905.0;0.0
yf_BGS_d0;9100;INTARIAN_PEPPER_ROOT;12247;6;12245;23;;;12253;17;12257;16;;;12250.0;0.0
yf_BGS_d0;9200;ASH_COATED_OSMIUM;9898;9;9894;20;;;9914;17;9917;22;;;9906.0;0.0
yf_BGS_d0;9200;INTARIAN_PEPPER_ROOT;12248;16;12246;19;;;12254;17;12256;28;;;12251.0;0.0
yf_BGS_d0;9300;ASH_COATED_OSMIUM;9899;7;9896;30;;;9913;15;9915;20;;;9906.0;0.0
yf_BGS_d0;9300;INTARIAN_PEPPER_ROOT;12247;12;12245;30;;;12256;18;12260;23;;;12251.5;0.0
yf_BGS_d0;9400;ASH_COATED_OSMIUM;9899;11;9897;16;;;9911;13;9915;17;;;9905.0;0.0
yf_BGS_d0;9400;INTARIAN_PEPPER_ROOT;12245;5;12243;20;;;12257;5;12259;16;;;12251.0;0.0
yf_BGS_d0;9500;ASH_COATED_OSMIUM;9902;15;9898;9;;;9908;5;9912;24;;;9905.0;0.0
yf_BGS_d0;9500;INTARIAN_PEPPER_ROOT;12248;18;12244;20;;;12254;17;12257;21;;;12251.0;0.0
yf_BGS_d0;9600;ASH_COATED_OSMIUM;9900;5;9897;22;;;9910;14;9912;27;;;9905.0;0.0
yf_BGS_d0;9600;INTARIAN_PEPPER_ROOT;12248;13;12245;25;;;12254;8;12257;17;;;12251.0;0.0
yf_BGS_d0;9700;ASH_COATED_OSMIUM;9901;8;9899;20;;;9909;21;9912;30;;;9905.0;0.0
yf_BGS_d0;9700;INTARIAN_PEPPER_ROOT;12247;9;12245;11;;;12253;17;12255;13;;;12250.0;0.0
yf_BGS_d0;9800;ASH_COATED_OSMIUM;9902;16;9900;21;;;9908;11;9912;15;;;9905.0;0.0
yf_BGS_d0;9800;INTARIAN_PEPPER_ROOT;12247;9;12245;25;;;12253;15;12255;27;;;12250.0;0.0
yf_BGS_d0;9900;ASH_COATED_OSMIUM;9902;10;9900;20;;;9908;18;9910;24;;;9905.0;0.0
yf_BGS_d0;9900;INTARIAN_PEPPER_ROOT;12244;17;12241;19;;;12257;14;12260;19;;;12250.5;0.0
yf_BGS_d0;10000;ASH_COATED_OSMIUM;9893;12;9890;17;;;9918;16;9920;30;;;9905.5;0.0
yf_BGS_d0;10000;INTARIAN_PEPPER_ROOT;12247;19;12243;23;;;12253;16;12255;28;;;12250.0;0.0
yf_BGS_d0;10100;ASH_COATED_OSMIUM;9902;21;9898;16;;;9908;12;9912;24;;;9905.0;0.0
yf_BGS_d0;10100;INTARIAN_PEPPER_ROOT;12247;12;12244;24;;;12253;19;12257;24;;;12250.0;0.0
yf_BGS_d0;10200;ASH_COATED_OSMIUM;9901;15;9898;20;;;9907;16;9909;23;;;9904.0;0.0
yf_BGS_d0;10200;INTARIAN_PEPPER_ROOT;12247;8;12243;18;;;12253;16;12257;15;;;12250.0;0.0
yf_BGS_d0;10300;ASH_COATED_OSMIUM;9896;14;9892;11;;;9913;14;9917;15;;;9904.5;0.0
yf_BGS_d0;10300;INTARIAN_PEPPER_ROOT;12247;16;12245;21;;;12253;13;12257;25;;;12250.0;0.0
yf_BGS_d0;10400;ASH_COATED_OSMIUM;9893;20;9889;15;;;9916;17;9919;10;;;9904.5;0.0
yf_BGS_d0;10400;INTARIAN_PEPPER_ROOT;12245;9;12241;20;;;12253;25;12256;15;;;12249.0;0.0
yf_BGS_d0;10500;ASH_COATED_OSMIUM;9897;18;9895;11;;;9912;13;9916;23;;;9904.5;0.0
yf_BGS_d0;10500;INTARIAN_PEPPER_ROOT;12243;13;12240;16;;;12256;11;12258;24;;;12249.5;0.0
yf_BGS_d0;10600;ASH_COATED_OSMIUM;9902;9;9898;17;;;9908;18;9910;17;;;9905.0;0.0
yf_BGS_d0;10600;INTARIAN_PEPPER_ROOT;12246;19;12243;23;;;12252;21;12254;28;;;12249.0;0.0
yf_BGS_d0;10700;ASH_COATED_OSMIUM;9902;21;9899;14;;;9908;8;9911;16;;;9905.0;0.0
yf_BGS_d0;10700;INTARIAN_PEPPER_ROOT;12246;18;12243;19;;;12252;17;12255;12;;;12249.0;0.0
yf_BGS_d0;10800;ASH_COATED_OSMIUM;9902;13;9898;27;;;9908;17;9910;15;;;9905.0;0.0
yf_BGS_d0;10800;INTARIAN_PEPPER_ROOT;12246;19;12244;23;;;12252;17;12256;35;;;12249.0;0.0
yf_BGS_d0;10900;ASH_COATED_OSMIUM;9898;9;9894;16;;;9911;9;9915;22;;;9904.5;0.0
yf_BGS_d0;10900;INTARIAN_PEPPER_ROOT;12239;16;12237;18;;;12260;19;12263;19;;;12249.5;0.0
yf_BGS_d0;11000;ASH_COATED_OSMIUM;9898;13;9895;17;;;9912;16;9914;21;;;9905.0;0.0
yf_BGS_d0;11000;INTARIAN_PEPPER_ROOT;12243;15;12241;22;;;12255;14;12257;17;;;12249.0;0.0
yf_BGS_d0;11100;ASH_COATED_OSMIUM;9897;12;9895;27;;;9912;15;9914;21;;;9904.5;0.0
yf_BGS_d0;11100;INTARIAN_PEPPER_ROOT;12242;18;12239;23;;;12256;7;12260;18;;;12249.0;0.0
yf_BGS_d0;11200;ASH_COATED_OSMIUM;9901;13;9899;20;;;9907;14;9910;15;;;9904.0;0.0
yf_BGS_d0;11200;INTARIAN_PEPPER_ROOT;12242;22;12238;21;;;12256;27;12259;18;;;12249.0;0.0
yf_BGS_d0;11300;ASH_COATED_OSMIUM;9901;13;9898;25;;;9908;20;9910;27;;;9904.5;0.0
yf_BGS_d0;11300;INTARIAN_PEPPER_ROOT;12232;18;12229;26;;;12266;16;12270;21;;;12249.0;0.0
yf_BGS_d0;11400;ASH_COATED_OSMIUM;9896;15;9893;21;;;9914;15;9918;24;;;9905.0;0.0
yf_BGS_d0;11400;INTARIAN_PEPPER_ROOT;12244;19;12241;25;;;12253;15;12255;20;;;12248.5;0.0
yf_BGS_d0;11500;ASH_COATED_OSMIUM;9898;6;9895;21;;;9910;20;9914;16;;;9904.0;0.0
yf_BGS_d0;11500;INTARIAN_PEPPER_ROOT;12244;8;12242;31;;;12253;25;12256;24;;;12248.5;0.0
yf_BGS_d0;11600;ASH_COATED_OSMIUM;9898;11;9895;24;;;9911;15;9913;21;;;9904.5;0.0
yf_BGS_d0;11600;INTARIAN_PEPPER_ROOT;12240;20;12236;18;;;12257;16;12261;22;;;12248.5;0.0
yf_BGS_d0;11700;ASH_COATED_OSMIUM;9898;17;9894;17;;;9911;21;9914;23;;;9904.5;0.0
yf_BGS_d0;11700;INTARIAN_PEPPER_ROOT;12244;15;12241;18;;;12253;12;12256;21;;;12248.5;0.0
yf_BGS_d0;11800;ASH_COATED_OSMIUM;9902;25;9898;24;;;9908;13;9912;22;;;9905.0;0.0
yf_BGS_d0;11800;INTARIAN_PEPPER_ROOT;12246;13;12244;18;;;12252;18;12254;16;;;12249.0;0.0
yf_BGS_d0;11900;ASH_COATED_OSMIUM;9901;10;9897;17;;;9907;13;9909;22;;;9904.0;0.0
yf_BGS_d0;11900;INTARIAN_PEPPER_ROOT;12245;21;12243;18;;;12251;17;12254;9;;;12248.0;0.0
yf_BGS_d0;12000;ASH_COATED_OSMIUM;9899;5;9897;16;;;9909;8;9912;10;;;9904.0;0.0
yf_BGS_d0;12000;INTARIAN_PEPPER_ROOT;12243;11;12239;14;;;12254;23;12257;27;;;12248.5;0.0
yf_BGS_d0;12100;ASH_COATED_OSMIUM;9902;17;9899;18;;;9908;18;9910;17;;;9905.0;0.0
yf_BGS_d0;12100;INTARIAN_PEPPER_ROOT;12245;22;12241;19;;;12251;13;12255;23;;;12248.0;0.0
yf_BGS_d0;12200;ASH_COATED_OSMIUM;9896;18;9894;17;;;9912;15;9914;12;;;9904.0;0.0
yf_BGS_d0;12200;INTARIAN_PEPPER_ROOT;12235;12;12233;24;;;12260;14;12263;11;;;12247.5;0.0
yf_BGS_d0;12300;ASH_COATED_OSMIUM;9902;9;9900;13;;;9908;16;9912;19;;;9905.0;0.0
yf_BGS_d0;12300;INTARIAN_PEPPER_ROOT;12245;17;12243;19;;;12251;19;12253;17;;;12248.0;0.0
yf_BGS_d0;12400;ASH_COATED_OSMIUM;9901;20;9898;25;;;9907;12;9909;27;;;9904.0;0.0
yf_BGS_d0;12400;INTARIAN_PEPPER_ROOT;12245;9;12242;19;;;12251;8;12255;11;;;12248.0;0.0
yf_BGS_d0;12500;ASH_COATED_OSMIUM;9899;15;9896;26;;;9909;16;9912;15;;;9904.0;0.0
yf_BGS_d0;12500;INTARIAN_PEPPER_ROOT;12240;12;12236;17;;;12256;15;12258;15;;;12248.0;0.0
yf_BGS_d0;12600;ASH_COATED_OSMIUM;9895;18;9893;13;;;9913;17;9915;8;;;9904.0;0.0
yf_BGS_d0;12600;INTARIAN_PEPPER_ROOT;12245;9;12243;27;;;12251;12;12253;23;;;12248.0;0.0
yf_BGS_d0;12700;ASH_COATED_OSMIUM;9896;19;9893;22;;;9912;12;9916;16;;;9904.0;0.0
yf_BGS_d0;12700;INTARIAN_PEPPER_ROOT;12245;13;12243;20;;;12251;10;12254;26;;;12248.0;0.0
yf_BGS_d0;12800;ASH_COATED_OSMIUM;9901;18;9899;18;;;9907;5;9909;18;;;9904.0;0.0
yf_BGS_d0;12800;INTARIAN_PEPPER_ROOT;12244;17;12240;15;;;12250;19;12252;17;;;12247.0;0.0
yf_BGS_d0;12900;ASH_COATED_OSMIUM;9901;6;9899;20;;;9907;16;9911;26;;;9904.0;0.0
yf_BGS_d0;12900;INTARIAN_PEPPER_ROOT;12227;16;12225;18;;;12268;17;12270;27;;;12247.5;0.0
yf_BGS_d0;13000;ASH_COATED_OSMIUM;9897;15;9895;20;;;9911;12;9915;24;;;9904.0;0.0
yf_BGS_d0;13000;INTARIAN_PEPPER_ROOT;12244;17;12242;20;;;12250;19;12253;30;;;12247.0;0.0
yf_BGS_d0;13100;ASH_COATED_OSMIUM;9901;19;9899;12;;;9907;13;9910;17;;;9904.0;0.0
yf_BGS_d0;13100;INTARIAN_PEPPER_ROOT;12244;23;12242;11;;;12250;23;12253;14;;;12247.0;0.0
yf_BGS_d0;13200;ASH_COATED_OSMIUM;9897;15;9893;19;;;9911;26;9915;12;;;9904.0;0.0
yf_BGS_d0;13200;INTARIAN_PEPPER_ROOT;12244;14;12241;16;;;12250;19;12252;14;;;12247.0;0.0
yf_BGS_d0;13300;ASH_COATED_OSMIUM;9892;9;9888;26;;;9916;15;9919;18;;;9904.0;0.0
yf_BGS_d0;13300;INTARIAN_PEPPER_ROOT;12240;10;12238;23;;;12253;19;12256;12;;;12246.5;0.0
yf_BGS_d0;13400;ASH_COATED_OSMIUM;9900;5;9897;12;;;9906;12;9909;14;;;9903.0;0.0
yf_BGS_d0;13400;INTARIAN_PEPPER_ROOT;12238;11;12235;21;;;12256;14;12260;16;;;12247.0;0.0
yf_BGS_d0;13500;ASH_COATED_OSMIUM;9901;22;9898;23;;;9907;20;9910;15;;;9904.0;0.0
yf_BGS_d0;13500;INTARIAN_PEPPER_ROOT;12240;19;12236;19;;;12252;15;12254;24;;;12246.0;0.0
yf_BGS_d0;13600;ASH_COATED_OSMIUM;9901;24;9898;17;;;9907;18;9911;28;;;9904.0;0.0
yf_BGS_d0;13600;INTARIAN_PEPPER_ROOT;12241;12;12238;19;;;12252;18;12256;24;;;12246.5;0.0
yf_BGS_d0;13700;ASH_COATED_OSMIUM;9901;18;9899;14;;;9907;15;9910;12;;;9904.0;0.0
yf_BGS_d0;13700;INTARIAN_PEPPER_ROOT;12243;19;12240;18;;;12249;21;12253;19;;;12246.0;0.0
yf_BGS_d0;13800;ASH_COATED_OSMIUM;9896;18;9894;11;;;9911;18;9915;15;;;9903.5;0.0
yf_BGS_d0;13800;INTARIAN_PEPPER_ROOT;12243;9;12240;18;;;12249;19;12252;12;;;12246.0;0.0
yf_BGS_d0;13900;ASH_COATED_OSMIUM;9901;13;9899;27;;;9907;11;9911;20;;;9904.0;0.0
yf_BGS_d0;13900;INTARIAN_PEPPER_ROOT;12242;13;12240;15;;;12250;19;12254;20;;;12246.0;0.0
yf_BGS_d0;14000;ASH_COATED_OSMIUM;9901;6;9899;16;;;9907;13;9909;19;;;9904.0;0.0
yf_BGS_d0;14000;INTARIAN_PEPPER_ROOT;12243;14;12239;21;;;12249;11;12251;23;;;12246.0;0.0
yf_BGS_d0;14100;ASH_COATED_OSMIUM;9901;18;9897;24;;;9907;21;9911;12;;;9904.0;0.0
yf_BGS_d0;14100;INTARIAN_PEPPER_ROOT;12243;19;12241;26;;;12249;18;12253;8;;;12246.0;0.0
yf_BGS_d0;14200;ASH_COATED_OSMIUM;9901;5;9899;18;;;9907;12;9910;25;;;9904.0;0.0
yf_BGS_d0;14200;INTARIAN_PEPPER_ROOT;12240;9;12237;15;;;12251;7;12254;32;;;12245.5;0.0
yf_BGS_d0;14300;ASH_COATED_OSMIUM;9899;13;9897;18;;;9909;5;9913;20;;;9904.0;0.0
yf_BGS_d0;14300;INTARIAN_PEPPER_ROOT;12243;9;12239;8;;;12249;18;12253;13;;;12246.0;0.0
yf_BGS_d0;14400;ASH_COATED_OSMIUM;9899;20;9895;11;;;9908;17;9912;16;;;9903.5;0.0
yf_BGS_d0;14400;INTARIAN_PEPPER_ROOT;12238;17;12236;18;;;12253;12;12255;21;;;12245.5;0.0
yf_BGS_d0;14500;ASH_COATED_OSMIUM;9900;24;9897;9;;;9906;21;9908;16;;;9903.0;0.0
yf_BGS_d0;14500;INTARIAN_PEPPER_ROOT;12242;22;12239;23;;;12249;17;12253;20;;;12245.5;0.0
yf_BGS_d0;14600;ASH_COATED_OSMIUM;9900;11;9897;12;;;9906;17;9909;17;;;9903.0;0.0
yf_BGS_d0;14600;INTARIAN_PEPPER_ROOT;12243;16;12239;21;;;12249;19;12252;19;;;12246.0;0.0
yf_BGS_d0;14700;ASH_COATED_OSMIUM;9900;16;9898;20;;;9906;6;9910;17;;;9903.0;0.0
yf_BGS_d0;14700;INTARIAN_PEPPER_ROOT;12239;9;12235;12;;;12253;13;12256;19;;;12246.0;0.0
yf_BGS_d0;14800;ASH_COATED_OSMIUM;9900;19;9897;20;;;9906;16;9909;27;;;9903.0;0.0
yf_BGS_d0;14800;INTARIAN_PEPPER_ROOT;12242;18;12238;17;;;12248;14;12250;12;;;12245.0;0.0
yf_BGS_d0;14900;ASH_COATED_OSMIUM;9900;15;9898;23;;;9907;5;9909;13;;;9903.5;0.0
yf_BGS_d0;14900;INTARIAN_PEPPER_ROOT;12234;16;12232;22;;;12256;5;12258;25;;;12245.0;0.0
yf_BGS_d0;15000;ASH_COATED_OSMIUM;9900;18;9896;26;;;9906;22;9908;17;;;9903.0;0.0
yf_BGS_d0;15000;INTARIAN_PEPPER_ROOT;12242;8;12238;20;;;12248;16;12251;17;;;12245.0;0.0
yf_BGS_d0;15100;ASH_COATED_OSMIUM;9900;17;9896;23;;;9906;13;9908;24;;;9903.0;0.0
yf_BGS_d0;15100;INTARIAN_PEPPER_ROOT;12242;12;12238;14;;;12248;23;12252;22;;;12245.0;0.0
yf_BGS_d0;15200;ASH_COATED_OSMIUM;9900;8;9896;13;;;9906;7;9908;17;;;9903.0;0.0
yf_BGS_d0;15200;INTARIAN_PEPPER_ROOT;12242;21;12238;21;;;12248;8;12251;18;;;12245.0;0.0
yf_BGS_d0;15300;ASH_COATED_OSMIUM;9900;15;9898;26;;;9906;19;9908;22;;;9903.0;0.0
yf_BGS_d0;15300;INTARIAN_PEPPER_ROOT;12242;12;12238;17;;;12248;5;12250;24;;;12245.0;0.0
yf_BGS_d0;15400;ASH_COATED_OSMIUM;9900;13;9898;8;;;9906;20;9908;11;;;9903.0;0.0
yf_BGS_d0;15400;INTARIAN_PEPPER_ROOT;12242;9;12240;19;;;12248;10;12252;16;;;12245.0;0.0
yf_BGS_d0;15500;ASH_COATED_OSMIUM;9900;20;9896;17;;;9906;5;9909;8;;;9903.0;0.0
yf_BGS_d0;15500;INTARIAN_PEPPER_ROOT;12242;16;12240;25;;;12248;9;12252;22;;;12245.0;0.0
yf_BGS_d0;15600;ASH_COATED_OSMIUM;9900;27;9897;13;;;9906;11;9908;15;;;9903.0;0.0
yf_BGS_d0;15600;INTARIAN_PEPPER_ROOT;12242;14;12240;23;;;12248;18;12250;22;;;12245.0;0.0
yf_BGS_d0;15700;ASH_COATED_OSMIUM;9895;11;9892;14;;;9911;12;9914;12;;;9903.0;0.0
yf_BGS_d0;15700;INTARIAN_PEPPER_ROOT;12240;15;12236;16;;;12250;15;12254;8;;;12245.0;0.0
yf_BGS_d0;15800;ASH_COATED_OSMIUM;9900;16;9898;19;;;9906;18;9910;23;;;9903.0;0.0
yf_BGS_d0;15800;INTARIAN_PEPPER_ROOT;12242;19;12240;15;;;12248;18;12252;14;;;12245.0;0.0
yf_BGS_d0;15900;ASH_COATED_OSMIUM;9900;5;9898;21;;;9906;21;9908;20;;;9903.0;0.0
yf_BGS_d0;15900;INTARIAN_PEPPER_ROOT;12242;12;12238;13;;;12248;14;12252;22;;;12245.0;0.0
yf_BGS_d0;16000;ASH_COATED_OSMIUM;9900;17;9897;22;;;9906;12;9909;18;;;9903.0;0.0
yf_BGS_d0;16000;INTARIAN_PEPPER_ROOT;12239;14;12237;20;;;12250;9;12254;17;;;12244.5;0.0
yf_BGS_d0;16100;ASH_COATED_OSMIUM;9900;10;9896;12;;;9906;13;9908;23;;;9903.0;0.0
yf_BGS_d0;16100;INTARIAN_PEPPER_ROOT;12241;7;12237;24;;;12247;16;12250;19;;;12244.0;0.0
yf_BGS_d0;16200;ASH_COATED_OSMIUM;9898;17;9895;18;;;9908;7;9911;19;;;9903.0;0.0
yf_BGS_d0;16200;INTARIAN_PEPPER_ROOT;12241;11;12238;22;;;12248;20;12252;13;;;12244.5;0.0
yf_BGS_d0;16300;ASH_COATED_OSMIUM;9892;14;9890;26;;;9914;17;9916;26;;;9903.0;0.0
yf_BGS_d0;16300;INTARIAN_PEPPER_ROOT;12235;18;12231;23;;;12254;12;12257;19;;;12244.5;0.0
yf_BGS_d0;16400;ASH_COATED_OSMIUM;9900;18;9896;21;;;9906;24;9910;19;;;9903.0;0.0
yf_BGS_d0;16400;INTARIAN_PEPPER_ROOT;12240;11;12237;20;;;12249;16;12253;21;;;12244.5;0.0
yf_BGS_d0;16500;ASH_COATED_OSMIUM;9900;5;9897;19;;;9906;17;9909;21;;;9903.0;0.0
yf_BGS_d0;16500;INTARIAN_PEPPER_ROOT;12241;11;12239;21;;;12247;8;12251;16;;;12244.0;0.0
yf_BGS_d0;16600;ASH_COATED_OSMIUM;9893;17;9889;23;;;9912;19;9914;22;;;9902.5;0.0
yf_BGS_d0;16600;INTARIAN_PEPPER_ROOT;12237;14;12235;19;;;12251;8;12255;19;;;12244.0;0.0
yf_BGS_d0;16700;ASH_COATED_OSMIUM;9899;16;9895;21;;;9905;13;9908;24;;;9902.0;0.0
yf_BGS_d0;16700;INTARIAN_PEPPER_ROOT;12241;17;12238;13;;;12247;19;12250;23;;;12244.0;0.0
yf_BGS_d0;16800;ASH_COATED_OSMIUM;9899;14;9897;20;;;9905;13;9908;17;;;9902.0;0.0
yf_BGS_d0;16800;INTARIAN_PEPPER_ROOT;12235;16;12232;24;;;12252;20;12256;14;;;12243.5;0.0
yf_BGS_d0;16900;ASH_COATED_OSMIUM;9900;19;9896;17;;;9906;10;9908;21;;;9903.0;0.0
yf_BGS_d0;16900;INTARIAN_PEPPER_ROOT;12236;7;12233;19;;;12251;13;12255;8;;;12243.5;0.0
yf_BGS_d0;17000;ASH_COATED_OSMIUM;9899;17;9895;20;;;9906;16;9909;21;;;9902.5;0.0
yf_BGS_d0;17000;INTARIAN_PEPPER_ROOT;12241;25;12237;21;;;12247;17;12251;8;;;12244.0;0.0
yf_BGS_d0;17100;ASH_COATED_OSMIUM;9900;7;9896;13;;;9906;17;9910;25;;;9903.0;0.0
yf_BGS_d0;17100;INTARIAN_PEPPER_ROOT;12240;25;12238;13;;;12246;15;12249;20;;;12243.0;0.0
yf_BGS_d0;17200;ASH_COATED_OSMIUM;9887;10;9883;22;;;9918;7;9922;24;;;9902.5;0.0
yf_BGS_d0;17200;INTARIAN_PEPPER_ROOT;12239;23;12235;24;;;12248;10;12252;26;;;12243.5;0.0
yf_BGS_d0;17300;ASH_COATED_OSMIUM;9899;13;9895;20;;;9905;22;9909;24;;;9902.0;0.0
yf_BGS_d0;17300;INTARIAN_PEPPER_ROOT;12237;12;12235;19;;;12248;13;12252;12;;;12242.5;0.0
yf_BGS_d0;17400;ASH_COATED_OSMIUM;9896;15;9893;21;;;9909;20;9911;22;;;9902.5;0.0
yf_BGS_d0;17400;INTARIAN_PEPPER_ROOT;12239;18;12236;15;;;12245;11;12249;17;;;12242.0;0.0
yf_BGS_d0;17500;ASH_COATED_OSMIUM;9899;16;9896;10;;;9905;12;9909;26;;;9902.0;0.0
yf_BGS_d0;17500;INTARIAN_PEPPER_ROOT;12239;16;12235;10;;;12245;6;12249;20;;;12242.0;0.0
yf_BGS_d0;17600;ASH_COATED_OSMIUM;9894;14;9891;16;;;9912;16;9916;15;;;9903.0;0.0
yf_BGS_d0;17600;INTARIAN_PEPPER_ROOT;12239;16;12237;19;;;12245;15;12248;13;;;12242.0;0.0
yf_BGS_d0;17700;ASH_COATED_OSMIUM;9900;11;9896;17;;;9906;20;9910;26;;;9903.0;0.0
yf_BGS_d0;17700;INTARIAN_PEPPER_ROOT;12239;16;12236;21;;;12245;20;12249;22;;;12242.0;0.0
yf_BGS_d0;17800;ASH_COATED_OSMIUM;9899;16;9897;23;;;9905;19;9909;22;;;9902.0;0.0
yf_BGS_d0;17800;INTARIAN_PEPPER_ROOT;12239;17;12236;18;;;12245;11;12249;13;;;12242.0;0.0
yf_BGS_d0;17900;ASH_COATED_OSMIUM;9899;15;9897;25;;;9905;6;9908;20;;;9902.0;0.0
yf_BGS_d0;17900;INTARIAN_PEPPER_ROOT;12237;12;12234;19;;;12247;16;12250;20;;;12242.0;0.0
yf_BGS_d0;18000;ASH_COATED_OSMIUM;9899;10;9896;25;;;9905;16;9909;16;;;9902.0;0.0
yf_BGS_d0;18000;INTARIAN_PEPPER_ROOT;12229;13;12227;28;;;12254;15;12258;15;;;12241.5;0.0
yf_BGS_d0;18100;ASH_COATED_OSMIUM;9899;14;9897;26;;;9905;17;9907;14;;;9902.0;0.0
yf_BGS_d0;18100;INTARIAN_PEPPER_ROOT;12238;18;12235;14;;;12244;22;12247;18;;;12241.0;0.0
yf_BGS_d0;18200;ASH_COATED_OSMIUM;9895;6;9893;19;;;9910;22;9912;17;;;9902.5;0.0
yf_BGS_d0;18200;INTARIAN_PEPPER_ROOT;12238;15;12236;18;;;12244;21;12247;14;;;12241.0;0.0
yf_BGS_d0;18300;ASH_COATED_OSMIUM;9899;12;9897;9;;;9905;12;9907;20;;;9902.0;0.0
yf_BGS_d0;18300;INTARIAN_PEPPER_ROOT;12233;18;12229;22;;;12247;15;12249;21;;;12240.0;0.0
yf_BGS_d0;18400;ASH_COATED_OSMIUM;9899;9;9895;13;;;9905;5;9909;20;;;9902.0;0.0
yf_BGS_d0;18400;INTARIAN_PEPPER_ROOT;12238;18;12236;19;;;12244;10;12248;17;;;12241.0;0.0
yf_BGS_d0;18500;ASH_COATED_OSMIUM;9899;14;9896;23;;;9905;16;9908;17;;;9902.0;0.0
yf_BGS_d0;18500;INTARIAN_PEPPER_ROOT;12237;21;12235;18;;;12243;14;12245;18;;;12240.0;0.0
yf_BGS_d0;18600;ASH_COATED_OSMIUM;9899;23;9897;17;;;9905;14;9907;25;;;9902.0;0.0
yf_BGS_d0;18600;INTARIAN_PEPPER_ROOT;12236;19;12232;12;;;12244;19;12246;17;;;12240.0;0.0
yf_BGS_d0;18700;ASH_COATED_OSMIUM;9899;19;9897;17;;;9905;18;9908;22;;;9902.0;0.0
yf_BGS_d0;18700;INTARIAN_PEPPER_ROOT;12237;12;12233;15;;;12243;21;12247;26;;;12240.0;0.0
yf_BGS_d0;18800;ASH_COATED_OSMIUM;9899;9;9895;17;;;9905;11;9908;23;;;9902.0;0.0
yf_BGS_d0;18800;INTARIAN_PEPPER_ROOT;12236;5;12234;16;;;12244;18;12246;15;;;12240.0;0.0
yf_BGS_d0;18900;ASH_COATED_OSMIUM;9899;15;9895;21;;;9905;12;9908;16;;;9902.0;0.0
yf_BGS_d0;18900;INTARIAN_PEPPER_ROOT;12233;18;12230;13;;;12246;20;12250;27;;;12239.5;0.0
yf_BGS_d0;19000;ASH_COATED_OSMIUM;9899;18;9896;16;;;9905;17;9909;22;;;9902.0;0.0
yf_BGS_d0;19000;INTARIAN_PEPPER_ROOT;12236;6;12234;15;;;12242;17;12245;25;;;12239.0;0.0
yf_BGS_d0;19100;ASH_COATED_OSMIUM;9900;13;9898;21;;;9906;10;9909;24;;;9903.0;0.0
yf_BGS_d0;19100;INTARIAN_PEPPER_ROOT;12237;14;12235;17;;;12243;25;12245;8;;;12240.0;0.0
yf_BGS_d0;19200;ASH_COATED_OSMIUM;9898;24;9894;21;;;9906;12;9909;19;;;9902.0;0.0
yf_BGS_d0;19200;INTARIAN_PEPPER_ROOT;12234;25;12230;13;;;12243;22;12247;13;;;12238.5;0.0
yf_BGS_d0;19300;ASH_COATED_OSMIUM;9898;17;9895;28;;;9906;17;9910;23;;;9902.0;0.0
yf_BGS_d0;19300;INTARIAN_PEPPER_ROOT;12236;14;12234;31;;;12242;15;12245;14;;;12239.0;0.0
yf_BGS_d0;19400;ASH_COATED_OSMIUM;9892;16;9888;21;;;9912;5;9916;21;;;9902.0;0.0
yf_BGS_d0;19400;INTARIAN_PEPPER_ROOT;12236;12;12233;17;;;12242;16;12245;17;;;12239.0;0.0
yf_BGS_d0;19500;ASH_COATED_OSMIUM;9898;17;9895;28;;;9904;6;9906;17;;;9901.0;0.0
yf_BGS_d0;19500;INTARIAN_PEPPER_ROOT;12236;18;12232;20;;;12242;22;12245;15;;;12239.0;0.0
yf_BGS_d0;19600;ASH_COATED_OSMIUM;9900;17;9896;26;;;9906;7;9908;11;;;9903.0;0.0
yf_BGS_d0;19600;INTARIAN_PEPPER_ROOT;12234;13;12232;23;;;12243;17;12247;14;;;12238.5;0.0
yf_BGS_d0;19700;ASH_COATED_OSMIUM;9899;8;9897;20;;;9905;14;9908;21;;;9902.0;0.0
yf_BGS_d0;19700;INTARIAN_PEPPER_ROOT;12226;18;12222;16;;;12250;11;12254;13;;;12238.0;0.0
yf_BGS_d0;19800;ASH_COATED_OSMIUM;9899;16;9897;21;;;9905;6;9907;17;;;9902.0;0.0
yf_BGS_d0;19800;INTARIAN_PEPPER_ROOT;12232;7;12228;14;;;12243;14;12246;16;;;12237.5;0.0
yf_BGS_d0;19900;ASH_COATED_OSMIUM;9898;12;9896;17;;;9906;8;9908;19;;;9902.0;0.0
yf_BGS_d0;19900;INTARIAN_PEPPER_ROOT;12233;15;12229;15;;;12242;14;12244;24;;;12237.5;0.0
yf_BGS_d0;20000;ASH_COATED_OSMIUM;9898;16;9894;12;;;9904;5;9908;15;;;9901.0;0.0
yf_BGS_d0;20000;INTARIAN_PEPPER_ROOT;12235;17;12233;14;;;12241;6;12245;16;;;12238.0;0.0
yf_BGS_d0;20100;ASH_COATED_OSMIUM;9899;12;9896;19;;;9905;10;9909;19;;;9902.0;0.0
yf_BGS_d0;20100;INTARIAN_PEPPER_ROOT;12226;21;12224;28;;;12249;24;12251;16;;;12237.5;0.0
yf_BGS_d0;20200;ASH_COATED_OSMIUM;9899;12;9897;17;;;9905;6;9909;22;;;9902.0;0.0
yf_BGS_d0;20200;INTARIAN_PEPPER_ROOT;12235;11;12232;27;;;12241;11;12244;22;;;12238.0;0.0
yf_BGS_d0;20300;ASH_COATED_OSMIUM;9899;17;9897;21;;;9905;13;9907;16;;;9902.0;0.0
yf_BGS_d0;20300;INTARIAN_PEPPER_ROOT;12234;19;12231;19;;;12240;9;12244;21;;;12237.0;0.0
yf_BGS_d0;20400;ASH_COATED_OSMIUM;9894;12;9891;18;;;9909;13;9911;22;;;9901.5;0.0
yf_BGS_d0;20400;INTARIAN_PEPPER_ROOT;12234;11;12230;20;;;12240;12;12243;14;;;12237.0;0.0
yf_BGS_d0;20500;ASH_COATED_OSMIUM;9899;15;9895;14;;;9905;16;9909;19;;;9902.0;0.0
yf_BGS_d0;20500;INTARIAN_PEPPER_ROOT;12233;9;12229;8;;;12239;10;12243;21;;;12236.0;0.0
yf_BGS_d0;20600;ASH_COATED_OSMIUM;9896;13;9894;18;;;9909;11;9911;16;;;9902.5;0.0
yf_BGS_d0;20600;INTARIAN_PEPPER_ROOT;12231;18;12227;18;;;12241;13;12244;15;;;12236.0;0.0
yf_BGS_d0;20700;ASH_COATED_OSMIUM;9892;30;9888;13;;;9912;5;9915;21;;;9902.0;0.0
yf_BGS_d0;20700;INTARIAN_PEPPER_ROOT;12233;14;12230;21;;;12239;11;12241;23;;;12236.0;0.0
yf_BGS_d0;20800;ASH_COATED_OSMIUM;9899;5;9896;21;;;9905;17;9907;20;;;9902.0;0.0
yf_BGS_d0;20800;INTARIAN_PEPPER_ROOT;12233;23;12231;9;;;12239;12;12242;24;;;12236.0;0.0
yf_BGS_d0;20900;ASH_COATED_OSMIUM;9895;12;9893;26;;;9907;23;9910;14;;;9901.0;0.0
yf_BGS_d0;20900;INTARIAN_PEPPER_ROOT;12233;12;12230;19;;;12239;18;12241;17;;;12236.0;0.0
yf_BGS_d0;21000;ASH_COATED_OSMIUM;9898;5;9895;17;;;9904;19;9906;20;;;9901.0;0.0
yf_BGS_d0;21000;INTARIAN_PEPPER_ROOT;12230;23;12227;19;;;12241;11;12245;25;;;12235.5;0.0
yf_BGS_d0;21100;ASH_COATED_OSMIUM;9899;16;9895;21;;;9905;12;9908;22;;;9902.0;0.0
yf_BGS_d0;21100;INTARIAN_PEPPER_ROOT;12231;22;12229;20;;;12239;12;12243;17;;;12235.0;0.0
yf_BGS_d0;21200;ASH_COATED_OSMIUM;9899;15;9896;13;;;9905;17;9907;26;;;9902.0;0.0
yf_BGS_d0;21200;INTARIAN_PEPPER_ROOT;12232;11;12230;18;;;12238;21;12241;23;;;12235.0;0.0
yf_BGS_d0;21300;ASH_COATED_OSMIUM;9883;25;9879;24;;;9921;10;9924;17;;;9902.0;0.0
yf_BGS_d0;21300;INTARIAN_PEPPER_ROOT;12231;24;12228;12;;;12239;8;12241;18;;;12235.0;0.0
yf_BGS_d0;21400;ASH_COATED_OSMIUM;9897;9;9893;14;;;9907;13;9909;23;;;9902.0;0.0
yf_BGS_d0;21400;INTARIAN_PEPPER_ROOT;12232;22;12229;24;;;12238;8;12240;20;;;12235.0;0.0
yf_BGS_d0;21500;ASH_COATED_OSMIUM;9893;5;9889;27;;;9911;11;9913;14;;;9902.0;0.0
yf_BGS_d0;21500;INTARIAN_PEPPER_ROOT;12231;14;12227;21;;;12237;5;12240;13;;;12234.0;0.0
yf_BGS_d0;21600;ASH_COATED_OSMIUM;9896;6;9892;24;;;9906;15;9908;29;;;9901.0;0.0
yf_BGS_d0;21600;INTARIAN_PEPPER_ROOT;12226;14;12223;15;;;12243;20;12247;15;;;12234.5;0.0
yf_BGS_d0;21700;ASH_COATED_OSMIUM;9899;7;9895;19;;;9905;11;9908;26;;;9902.0;0.0
yf_BGS_d0;21700;INTARIAN_PEPPER_ROOT;12231;14;12229;18;;;12237;15;12239;21;;;12234.0;0.0
yf_BGS_d0;21800;ASH_COATED_OSMIUM;9893;14;9889;17;;;9910;19;9913;27;;;9901.5;0.0
yf_BGS_d0;21800;INTARIAN_PEPPER_ROOT;12231;13;12229;18;;;12237;10;12240;20;;;12234.0;0.0
yf_BGS_d0;21900;ASH_COATED_OSMIUM;9899;12;9895;20;;;9905;6;9909;19;;;9902.0;0.0
yf_BGS_d0;21900;INTARIAN_PEPPER_ROOT;12228;17;12226;35;;;12240;6;12244;20;;;12234.0;0.0
yf_BGS_d0;22000;ASH_COATED_OSMIUM;9898;14;9895;24;;;9904;24;9907;21;;;9901.0;0.0
yf_BGS_d0;22000;INTARIAN_PEPPER_ROOT;12231;15;12228;27;;;12237;13;12241;22;;;12234.0;0.0
yf_BGS_d0;22100;ASH_COATED_OSMIUM;9898;19;9894;19;;;9904;9;9906;15;;;9901.0;0.0
yf_BGS_d0;22100;INTARIAN_PEPPER_ROOT;12230;12;12227;22;;;12237;17;12239;17;;;12233.5;0.0
yf_BGS_d0;22200;ASH_COATED_OSMIUM;9898;14;9895;15;;;9904;10;9906;26;;;9901.0;0.0
yf_BGS_d0;22200;INTARIAN_PEPPER_ROOT;12230;17;12227;20;;;12236;20;12239;17;;;12233.0;0.0
yf_BGS_d0;22300;ASH_COATED_OSMIUM;9890;17;9888;15;;;9913;11;9917;17;;;9901.5;0.0
yf_BGS_d0;22300;INTARIAN_PEPPER_ROOT;12230;18;12227;20;;;12236;12;12238;23;;;12233.0;0.0
yf_BGS_d0;22400;ASH_COATED_OSMIUM;9889;13;9885;20;;;9914;20;9917;19;;;9901.5;0.0
yf_BGS_d0;22400;INTARIAN_PEPPER_ROOT;12229;16;12225;11;;;12238;13;12241;17;;;12233.5;0.0
yf_BGS_d0;22500;ASH_COATED_OSMIUM;9898;15;9896;28;;;9904;10;9906;21;;;9901.0;0.0
yf_BGS_d0;22500;INTARIAN_PEPPER_ROOT;12230;12;12228;27;;;12236;12;12239;16;;;12233.0;0.0
yf_BGS_d0;22600;ASH_COATED_OSMIUM;9899;11;9897;17;;;9905;19;9908;8;;;9902.0;0.0
yf_BGS_d0;22600;INTARIAN_PEPPER_ROOT;12229;27;12226;14;;;12235;13;12238;30;;;12232.0;0.0
yf_BGS_d0;22700;ASH_COATED_OSMIUM;9899;16;9895;18;;;9905;15;9909;25;;;9902.0;0.0
yf_BGS_d0;22700;INTARIAN_PEPPER_ROOT;12229;5;12225;23;;;12235;25;12237;32;;;12232.0;0.0
yf_BGS_d0;22800;ASH_COATED_OSMIUM;9893;16;9891;23;;;9909;17;9913;25;;;9901.0;0.0
yf_BGS_d0;22800;INTARIAN_PEPPER_ROOT;12222;11;12219;20;;;12242;11;12246;24;;;12232.0;0.0
yf_BGS_d0;22900;ASH_COATED_OSMIUM;9897;17;9893;17;;;9907;10;9911;16;;;9902.0;0.0
yf_BGS_d0;22900;INTARIAN_PEPPER_ROOT;12228;15;12224;12;;;12236;16;12240;11;;;12232.0;0.0
yf_BGS_d0;23000;ASH_COATED_OSMIUM;9897;6;9894;27;;;9907;11;9909;16;;;9902.0;0.0
yf_BGS_d0;23000;INTARIAN_PEPPER_ROOT;12229;19;12226;24;;;12235;23;12239;16;;;12232.0;0.0
yf_BGS_d0;23100;ASH_COATED_OSMIUM;9898;16;9894;23;;;9904;7;9907;20;;;9901.0;0.0
yf_BGS_d0;23100;INTARIAN_PEPPER_ROOT;12217;13;12213;25;;;12247;16;12249;14;;;12232.0;0.0
yf_BGS_d0;23200;ASH_COATED_OSMIUM;9899;11;9895;12;;;9905;17;9908;19;;;9902.0;0.0
yf_BGS_d0;23200;INTARIAN_PEPPER_ROOT;12229;8;12227;22;;;12235;8;12238;17;;;12232.0;0.0
yf_BGS_d0;23300;ASH_COATED_OSMIUM;9898;8;9895;23;;;9904;24;9906;16;;;9901.0;0.0
yf_BGS_d0;23300;INTARIAN_PEPPER_ROOT;12225;18;12222;33;;;12237;6;12239;19;;;12231.0;0.0
yf_BGS_d0;23400;ASH_COATED_OSMIUM;9894;16;9892;22;;;9909;16;9911;18;;;9901.5;0.0
yf_BGS_d0;23400;INTARIAN_PEPPER_ROOT;12215;12;12211;21;;;12247;5;12250;21;;;12231.0;0.0
yf_BGS_d0;23500;ASH_COATED_OSMIUM;9898;20;9895;9;;;9904;15;9908;28;;;9901.0;0.0
yf_BGS_d0;23500;INTARIAN_PEPPER_ROOT;12228;13;12224;19;;;12234;8;12238;28;;;12231.0;0.0
yf_BGS_d0;23600;ASH_COATED_OSMIUM;9898;17;9894;12;;;9904;12;9907;22;;;9901.0;0.0
yf_BGS_d0;23600;INTARIAN_PEPPER_ROOT;12214;16;12212;18;;;12247;16;12251;11;;;12230.5;0.0
yf_BGS_d0;23700;ASH_COATED_OSMIUM;9898;17;9894;18;;;9904;13;9906;16;;;9901.0;0.0
yf_BGS_d0;23700;INTARIAN_PEPPER_ROOT;12226;17;12222;20;;;12235;20;12239;18;;;12230.5;0.0
yf_BGS_d0;23800;ASH_COATED_OSMIUM;9898;11;9894;14;;;9904;20;9907;23;;;9901.0;0.0
yf_BGS_d0;23800;INTARIAN_PEPPER_ROOT;12228;16;12225;18;;;12234;19;12236;25;;;12231.0;0.0
yf_BGS_d0;23900;ASH_COATED_OSMIUM;9896;18;9893;18;;;9905;6;9907;23;;;9900.5;0.0
yf_BGS_d0;23900;INTARIAN_PEPPER_ROOT;12222;5;12218;19;;;12237;9;12241;18;;;12229.5;0.0
yf_BGS_d0;24000;ASH_COATED_OSMIUM;9885;5;9881;19;;;9918;14;9922;12;;;9901.5;0.0
yf_BGS_d0;24000;INTARIAN_PEPPER_ROOT;12227;15;12224;27;;;12233;9;12237;19;;;12230.0;0.0
yf_BGS_d0;24100;ASH_COATED_OSMIUM;9896;11;9892;19;;;9907;6;9910;18;;;9901.5;0.0
yf_BGS_d0;24100;INTARIAN_PEPPER_ROOT;12227;8;12223;25;;;12233;13;12236;14;;;12230.0;0.0
yf_BGS_d0;24200;ASH_COATED_OSMIUM;9890;17;9888;15;;;9912;17;9914;10;;;9901.0;0.0
yf_BGS_d0;24200;INTARIAN_PEPPER_ROOT;12223;12;12219;14;;;12236;14;12239;20;;;12229.5;0.0
yf_BGS_d0;24300;ASH_COATED_OSMIUM;9898;14;9894;27;;;9904;12;9906;17;;;9901.0;0.0
yf_BGS_d0;24300;INTARIAN_PEPPER_ROOT;12221;30;12219;21;;;12237;17;12240;19;;;12229.0;0.0
yf_BGS_d0;24400;ASH_COATED_OSMIUM;9899;13;9897;22;;;9905;17;9907;24;;;9902.0;0.0
yf_BGS_d0;24400;INTARIAN_PEPPER_ROOT;12223;5;12221;19;;;12235;6;12238;23;;;12229.0;0.0
yf_BGS_d0;24500;ASH_COATED_OSMIUM;9896;12;9894;21;;;9908;13;9912;21;;;9902.0;0.0
yf_BGS_d0;24500;INTARIAN_PEPPER_ROOT;12212;12;12210;18;;;12246;10;12248;13;;;12229.0;0.0
yf_BGS_d0;24600;ASH_COATED_OSMIUM;9889;17;9886;19;;;9913;5;9916;17;;;9901.0;0.0
yf_BGS_d0;24600;INTARIAN_PEPPER_ROOT;12224;12;12221;16;;;12233;9;12236;14;;;12228.5;0.0
yf_BGS_d0;24700;ASH_COATED_OSMIUM;9897;23;9895;11;;;9906;26;9909;16;;;9901.5;0.0
yf_BGS_d0;24700;INTARIAN_PEPPER_ROOT;12226;15;12223;19;;;12232;12;12234;26;;;12229.0;0.0
yf_BGS_d0;24800;ASH_COATED_OSMIUM;9898;16;9896;18;;;9904;14;9906;25;;;9901.0;0.0
yf_BGS_d0;24800;INTARIAN_PEPPER_ROOT;12211;9;12207;18;;;12245;21;12247;14;;;12228.0;0.0
yf_BGS_d0;24900;ASH_COATED_OSMIUM;9898;15;9895;22;;;9904;11;9906;27;;;9901.0;0.0
yf_BGS_d0;24900;INTARIAN_PEPPER_ROOT;12225;24;12221;20;;;12231;24;12235;22;;;12228.0;0.0
yf_BGS_d0;25000;ASH_COATED_OSMIUM;9898;21;9896;24;;;9904;18;9908;14;;;9901.0;0.0
yf_BGS_d0;25000;INTARIAN_PEPPER_ROOT;12223;12;12220;27;;;12233;16;12236;18;;;12228.0;0.0
yf_BGS_d0;25100;ASH_COATED_OSMIUM;9898;19;9895;15;;;9904;8;9907;24;;;9901.0;0.0
yf_BGS_d0;25100;INTARIAN_PEPPER_ROOT;12218;9;12214;17;;;12239;15;12242;12;;;12228.5;0.0
yf_BGS_d0;25200;ASH_COATED_OSMIUM;9898;17;9894;25;;;9904;10;9907;20;;;9901.0;0.0
yf_BGS_d0;25200;INTARIAN_PEPPER_ROOT;12222;19;12220;16;;;12232;15;12236;22;;;12227.0;0.0
yf_BGS_d0;25300;ASH_COATED_OSMIUM;9898;23;9895;19;;;9904;12;9907;20;;;9901.0;0.0
yf_BGS_d0;25300;INTARIAN_PEPPER_ROOT;12224;13;12220;23;;;12230;14;12234;18;;;12227.0;0.0
yf_BGS_d0;25400;ASH_COATED_OSMIUM;9898;15;9894;11;;;9904;14;9906;23;;;9901.0;0.0
yf_BGS_d0;25400;INTARIAN_PEPPER_ROOT;12223;5;12220;18;;;12229;12;12232;18;;;12226.0;0.0
yf_BGS_d0;25500;ASH_COATED_OSMIUM;9894;12;9892;13;;;9909;14;9912;13;;;9901.5;0.0
yf_BGS_d0;25500;INTARIAN_PEPPER_ROOT;12219;7;12216;18;;;12234;12;12236;15;;;12226.5;0.0
yf_BGS_d0;25600;ASH_COATED_OSMIUM;9898;12;9896;12;;;9904;18;9908;20;;;9901.0;0.0
yf_BGS_d0;25600;INTARIAN_PEPPER_ROOT;12224;13;12222;25;;;12230;11;12234;15;;;12227.0;0.0
yf_BGS_d0;25700;ASH_COATED_OSMIUM;9895;17;9892;25;;;9907;22;9909;21;;;9901.0;0.0
yf_BGS_d0;25700;INTARIAN_PEPPER_ROOT;12223;15;12220;19;;;12229;16;12231;14;;;12226.0;0.0
yf_BGS_d0;25800;ASH_COATED_OSMIUM;9897;20;9894;22;;;9904;17;9906;19;;;9900.5;0.0
yf_BGS_d0;25800;INTARIAN_PEPPER_ROOT;12224;12;12220;35;;;12230;12;12234;22;;;12227.0;0.0
yf_BGS_d0;25900;ASH_COATED_OSMIUM;9898;16;9894;27;;;9904;17;9908;25;;;9901.0;0.0
yf_BGS_d0;25900;INTARIAN_PEPPER_ROOT;12217;12;12215;14;;;12237;5;12240;19;;;12227.0;0.0
yf_BGS_d0;26000;ASH_COATED_OSMIUM;9898;15;9896;19;;;9904;9;9907;20;;;9901.0;0.0
yf_BGS_d0;26000;INTARIAN_PEPPER_ROOT;12223;16;12220;15;;;12229;16;12231;22;;;12226.0;0.0
yf_BGS_d0;26100;ASH_COATED_OSMIUM;9898;5;9896;18;;;9906;27;9908;12;;;9902.0;0.0
yf_BGS_d0;26100;INTARIAN_PEPPER_ROOT;12223;14;12220;29;;;12229;15;12231;22;;;12226.0;0.0
yf_BGS_d0;26200;ASH_COATED_OSMIUM;9898;11;9894;15;;;9904;14;9907;20;;;9901.0;0.0
yf_BGS_d0;26200;INTARIAN_PEPPER_ROOT;12222;17;12220;26;;;12228;5;12230;15;;;12225.0;0.0
yf_BGS_d0;26300;ASH_COATED_OSMIUM;9898;13;9896;22;;;9904;16;9907;24;;;9901.0;0.0
yf_BGS_d0;26300;INTARIAN_PEPPER_ROOT;12223;13;12220;16;;;12229;17;12233;19;;;12226.0;0.0
yf_BGS_d0;26400;ASH_COATED_OSMIUM;9898;12;9896;18;;;9904;24;9906;27;;;9901.0;0.0
yf_BGS_d0;26400;INTARIAN_PEPPER_ROOT;12222;11;12218;22;;;12228;17;12230;13;;;12225.0;0.0
yf_BGS_d0;26500;ASH_COATED_OSMIUM;9898;14;9894;24;;;9904;10;9908;17;;;9901.0;0.0
yf_BGS_d0;26500;INTARIAN_PEPPER_ROOT;12220;15;12217;13;;;12230;13;12232;20;;;12225.0;0.0
yf_BGS_d0;26600;ASH_COATED_OSMIUM;9897;14;9895;24;;;9906;23;9910;13;;;9901.5;0.0
yf_BGS_d0;26600;INTARIAN_PEPPER_ROOT;12222;13;12220;17;;;12228;11;12232;18;;;12225.0;0.0
yf_BGS_d0;26700;ASH_COATED_OSMIUM;9898;15;9895;28;;;9904;15;9907;18;;;9901.0;0.0
yf_BGS_d0;26700;INTARIAN_PEPPER_ROOT;12217;16;12213;12;;;12233;5;12235;20;;;12225.0;0.0
yf_BGS_d0;26800;ASH_COATED_OSMIUM;9884;13;9882;21;;;9915;14;9918;17;;;9899.5;0.0
yf_BGS_d0;26800;INTARIAN_PEPPER_ROOT;12222;10;12220;22;;;12228;21;12230;19;;;12225.0;0.0
yf_BGS_d0;26900;ASH_COATED_OSMIUM;9898;21;9894;22;;;9904;15;9908;25;;;9901.0;0.0
yf_BGS_d0;26900;INTARIAN_PEPPER_ROOT;12222;21;12220;19;;;12228;19;12231;30;;;12225.0;0.0
yf_BGS_d0;27000;ASH_COATED_OSMIUM;9897;11;9895;21;;;9903;14;9905;23;;;9900.0;0.0
yf_BGS_d0;27000;INTARIAN_PEPPER_ROOT;12213;17;12210;25;;;12236;25;12239;16;;;12224.5;0.0
yf_BGS_d0;27100;ASH_COATED_OSMIUM;9897;22;9894;19;;;9903;10;9907;20;;;9900.0;0.0
yf_BGS_d0;27100;INTARIAN_PEPPER_ROOT;12221;20;12217;17;;;12227;14;12230;22;;;12224.0;0.0
yf_BGS_d0;27200;ASH_COATED_OSMIUM;9897;11;9894;19;;;9903;19;9905;17;;;9900.0;0.0
yf_BGS_d0;27200;INTARIAN_PEPPER_ROOT;12218;20;12214;14;;;12231;19;12235;11;;;12224.5;0.0
yf_BGS_d0;27300;ASH_COATED_OSMIUM;9898;18;9894;13;;;9904;21;9906;18;;;9901.0;0.0
yf_BGS_d0;27300;INTARIAN_PEPPER_ROOT;12219;22;12217;16;;;12228;12;12232;24;;;12223.5;0.0
yf_BGS_d0;27400;ASH_COATED_OSMIUM;9892;15;9890;22;;;9908;5;9912;22;;;9900.0;0.0
yf_BGS_d0;27400;INTARIAN_PEPPER_ROOT;12218;10;12214;23;;;12228;14;12232;21;;;12223.0;0.0
yf_BGS_d0;27500;ASH_COATED_OSMIUM;9895;12;9891;15;;;9907;11;9909;24;;;9901.0;0.0
yf_BGS_d0;27500;INTARIAN_PEPPER_ROOT;12220;25;12218;14;;;12226;15;12229;8;;;12223.0;0.0
yf_BGS_d0;27600;ASH_COATED_OSMIUM;9892;21;9890;17;;;9910;9;9914;17;;;9901.0;0.0
yf_BGS_d0;27600;INTARIAN_PEPPER_ROOT;12220;18;12216;31;;;12226;15;12229;26;;;12223.0;0.0
yf_BGS_d0;27700;ASH_COATED_OSMIUM;9898;17;9894;16;;;9904;12;9906;22;;;9901.0;0.0
yf_BGS_d0;27700;INTARIAN_PEPPER_ROOT;12220;14;12217;19;;;12226;18;12229;11;;;12223.0;0.0
yf_BGS_d0;27800;ASH_COATED_OSMIUM;9897;20;9895;20;;;9903;16;9907;24;;;9900.0;0.0
yf_BGS_d0;27800;INTARIAN_PEPPER_ROOT;12219;13;12217;24;;;12226;16;12230;14;;;12222.5;0.0
yf_BGS_d0;27900;ASH_COATED_OSMIUM;9895;16;9892;21;;;9907;16;9911;9;;;9901.0;0.0
yf_BGS_d0;27900;INTARIAN_PEPPER_ROOT;12219;12;12215;28;;;12225;12;12229;28;;;12222.0;0.0
yf_BGS_d0;28000;ASH_COATED_OSMIUM;9895;10;9893;17;;;9907;21;9910;16;;;9901.0;0.0
yf_BGS_d0;28000;INTARIAN_PEPPER_ROOT;12219;14;12215;15;;;12225;16;12227;16;;;12222.0;0.0
yf_BGS_d0;28100;ASH_COATED_OSMIUM;9897;11;9895;22;;;9903;6;9907;19;;;9900.0;0.0
yf_BGS_d0;28100;INTARIAN_PEPPER_ROOT;12218;13;12215;16;;;12227;18;12231;23;;;12222.5;0.0
yf_BGS_d0;28200;ASH_COATED_OSMIUM;9898;17;9895;25;;;9904;17;9907;25;;;9901.0;0.0
yf_BGS_d0;28200;INTARIAN_PEPPER_ROOT;12214;9;12210;19;;;12230;12;12234;22;;;12222.0;0.0
yf_BGS_d0;28300;ASH_COATED_OSMIUM;9897;17;9894;19;;;9903;8;9905;26;;;9900.0;0.0
yf_BGS_d0;28300;INTARIAN_PEPPER_ROOT;12219;13;12216;15;;;12225;13;12228;8;;;12222.0;0.0
yf_BGS_d0;28400;ASH_COATED_OSMIUM;9897;10;9893;25;;;9904;18;9908;8;;;9900.5;0.0
yf_BGS_d0;28400;INTARIAN_PEPPER_ROOT;12218;13;12215;15;;;12224;14;12228;18;;;12221.0;0.0
yf_BGS_d0;28500;ASH_COATED_OSMIUM;9897;26;9894;18;;;9903;14;9905;28;;;9900.0;0.0
yf_BGS_d0;28500;INTARIAN_PEPPER_ROOT;12217;8;12213;14;;;12226;8;12229;13;;;12221.5;0.0
yf_BGS_d0;28600;ASH_COATED_OSMIUM;9896;20;9893;16;;;9904;17;9908;28;;;9900.0;0.0
yf_BGS_d0;28600;INTARIAN_PEPPER_ROOT;12210;25;12208;22;;;12232;14;12236;17;;;12221.0;0.0
yf_BGS_d0;28700;ASH_COATED_OSMIUM;9896;13;9893;17;;;9905;21;9909;27;;;9900.5;0.0
yf_BGS_d0;28700;INTARIAN_PEPPER_ROOT;12217;6;12214;26;;;12223;7;12227;22;;;12220.0;0.0
yf_BGS_d0;28800;ASH_COATED_OSMIUM;9896;13;9892;19;;;9905;21;9909;16;;;9900.5;0.0
yf_BGS_d0;28800;INTARIAN_PEPPER_ROOT;12218;8;12216;23;;;12224;12;12226;23;;;12221.0;0.0
yf_BGS_d0;28900;ASH_COATED_OSMIUM;9897;18;9893;24;;;9903;18;9906;20;;;9900.0;0.0
yf_BGS_d0;28900;INTARIAN_PEPPER_ROOT;12214;14;12210;10;;;12226;5;12229;23;;;12220.0;0.0
yf_BGS_d0;29000;ASH_COATED_OSMIUM;9897;20;9893;19;;;9903;15;9905;20;;;9900.0;0.0
yf_BGS_d0;29000;INTARIAN_PEPPER_ROOT;12217;15;12214;24;;;12223;8;12225;26;;;12220.0;0.0
yf_BGS_d0;29100;ASH_COATED_OSMIUM;9897;17;9894;14;;;9903;16;9906;20;;;9900.0;0.0
yf_BGS_d0;29100;INTARIAN_PEPPER_ROOT;12217;14;12214;26;;;12223;13;12227;19;;;12220.0;0.0
yf_BGS_d0;29200;ASH_COATED_OSMIUM;9895;10;9893;29;;;9904;17;9908;14;;;9899.5;0.0
yf_BGS_d0;29200;INTARIAN_PEPPER_ROOT;12216;12;12212;13;;;12222;19;12224;19;;;12219.0;0.0
yf_BGS_d0;29300;ASH_COATED_OSMIUM;9888;8;9884;23;;;9912;20;9914;15;;;9900.0;0.0
yf_BGS_d0;29300;INTARIAN_PEPPER_ROOT;12217;23;12215;21;;;12223;19;12227;25;;;12220.0;0.0
yf_BGS_d0;29400;ASH_COATED_OSMIUM;9877;11;9873;27;;;9925;22;9928;14;;;9901.0;0.0
yf_BGS_d0;29400;INTARIAN_PEPPER_ROOT;12217;16;12214;18;;;12223;5;12225;19;;;12220.0;0.0
yf_BGS_d0;29500;ASH_COATED_OSMIUM;9895;10;9891;19;;;9906;20;9908;15;;;9900.5;0.0
yf_BGS_d0;29500;INTARIAN_PEPPER_ROOT;12214;7;12211;28;;;12225;15;12228;22;;;12219.5;0.0
yf_BGS_d0;29600;ASH_COATED_OSMIUM;9888;24;9884;25;;;9913;11;9917;22;;;9900.5;0.0
yf_BGS_d0;29600;INTARIAN_PEPPER_ROOT;12215;19;12212;28;;;12222;12;12224;25;;;12218.5;0.0
yf_BGS_d0;29700;ASH_COATED_OSMIUM;9897;8;9894;22;;;9903;14;9907;13;;;9900.0;0.0
yf_BGS_d0;29700;INTARIAN_PEPPER_ROOT;12216;10;12214;18;;;12222;15;12225;19;;;12219.0;0.0
yf_BGS_d0;29800;ASH_COATED_OSMIUM;9895;12;9891;19;;;9906;22;9908;19;;;9900.5;0.0
yf_BGS_d0;29800;INTARIAN_PEPPER_ROOT;12216;11;12214;20;;;12222;10;12224;23;;;12219.0;0.0
yf_BGS_d0;29900;ASH_COATED_OSMIUM;9897;20;9893;8;;;9903;15;9906;31;;;9900.0;0.0
yf_BGS_d0;29900;INTARIAN_PEPPER_ROOT;12215;13;12211;20;;;12221;20;12224;15;;;12218.0;0.0
yf_BGS_d0;30000;ASH_COATED_OSMIUM;9897;13;9893;21;;;9903;7;9905;32;;;9900.0;0.0
yf_BGS_d0;30000;INTARIAN_PEPPER_ROOT;12215;18;12211;20;;;12221;20;12225;21;;;12218.0;0.0
yf_BGS_d0;30100;ASH_COATED_OSMIUM;9897;8;9893;22;;;9903;18;9906;22;;;9900.0;0.0
yf_BGS_d0;30100;INTARIAN_PEPPER_ROOT;12212;13;12208;14;;;12224;15;12227;29;;;12218.0;0.0
yf_BGS_d0;30200;ASH_COATED_OSMIUM;9897;18;9895;12;;;9903;10;9905;16;;;9900.0;0.0
yf_BGS_d0;30200;INTARIAN_PEPPER_ROOT;12215;18;12212;12;;;12221;22;12223;26;;;12218.0;0.0
yf_BGS_d0;30300;ASH_COATED_OSMIUM;9897;11;9895;14;;;9903;7;9905;23;;;9900.0;0.0
yf_BGS_d0;30300;INTARIAN_PEPPER_ROOT;12213;7;12211;19;;;12221;16;12225;23;;;12217.0;0.0
yf_BGS_d0;30400;ASH_COATED_OSMIUM;9897;8;9895;12;;;9903;15;9906;11;;;9900.0;0.0
yf_BGS_d0;30400;INTARIAN_PEPPER_ROOT;12210;21;12206;22;;;12225;22;12229;20;;;12217.5;0.0
yf_BGS_d0;30500;ASH_COATED_OSMIUM;9895;11;9891;21;;;9905;6;9908;20;;;9900.0;0.0
yf_BGS_d0;30500;INTARIAN_PEPPER_ROOT;12214;14;12210;24;;;12220;20;12224;18;;;12217.0;0.0
yf_BGS_d0;30600;ASH_COATED_OSMIUM;9897;20;9895;24;;;9903;16;9905;16;;;9900.0;0.0
yf_BGS_d0;30600;INTARIAN_PEPPER_ROOT;12210;14;12207;18;;;12224;10;12226;16;;;12217.0;0.0
yf_BGS_d0;30700;ASH_COATED_OSMIUM;9897;5;9895;20;;;9903;18;9906;20;;;9900.0;0.0
yf_BGS_d0;30700;INTARIAN_PEPPER_ROOT;12214;13;12210;30;;;12220;21;12223;23;;;12217.0;0.0
yf_BGS_d0;30800;ASH_COATED_OSMIUM;9897;7;9894;20;;;9903;18;9905;10;;;9900.0;0.0
yf_BGS_d0;30800;INTARIAN_PEPPER_ROOT;12203;13;12201;21;;;12231;15;12234;19;;;12217.0;0.0
yf_BGS_d0;30900;ASH_COATED_OSMIUM;9897;14;9895;23;;;9904;11;9907;24;;;9900.5;0.0
yf_BGS_d0;30900;INTARIAN_PEPPER_ROOT;12211;5;12209;18;;;12222;30;12225;12;;;12216.5;0.0
yf_BGS_d0;31000;ASH_COATED_OSMIUM;9896;20;9893;24;;;9904;21;9908;22;;;9900.0;0.0
yf_BGS_d0;31000;INTARIAN_PEPPER_ROOT;12213;11;12211;17;;;12219;15;12221;21;;;12216.0;0.0
yf_BGS_d0;31100;ASH_COATED_OSMIUM;9897;16;9895;26;;;9903;5;9905;23;;;9900.0;0.0
yf_BGS_d0;31100;INTARIAN_PEPPER_ROOT;12213;20;12211;19;;;12219;14;12221;26;;;12216.0;0.0
yf_BGS_d0;31200;ASH_COATED_OSMIUM;9892;19;9889;11;;;9908;20;9910;18;;;9900.0;0.0
yf_BGS_d0;31200;INTARIAN_PEPPER_ROOT;12213;12;12210;20;;;12219;10;12223;21;;;12216.0;0.0
yf_BGS_d0;31300;ASH_COATED_OSMIUM;9895;13;9891;22;;;9905;17;9909;9;;;9900.0;0.0
yf_BGS_d0;31300;INTARIAN_PEPPER_ROOT;12212;17;12209;9;;;12219;5;12221;14;;;12215.5;0.0
yf_BGS_d0;31400;ASH_COATED_OSMIUM;9893;9;9889;16;;;9907;12;9910;20;;;9900.0;0.0
yf_BGS_d0;31400;INTARIAN_PEPPER_ROOT;12207;23;12204;29;;;12224;12;12228;20;;;12215.5;0.0
yf_BGS_d0;31500;ASH_COATED_OSMIUM;9895;23;9892;26;;;9906;15;9910;18;;;9900.5;0.0
yf_BGS_d0;31500;INTARIAN_PEPPER_ROOT;12211;15;12208;25;;;12220;13;12222;21;;;12215.5;0.0
yf_BGS_d0;31600;ASH_COATED_OSMIUM;9897;13;9895;19;;;9903;22;9906;18;;;9900.0;0.0
yf_BGS_d0;31600;INTARIAN_PEPPER_ROOT;12211;19;12209;23;;;12219;20;12222;21;;;12215.0;0.0
yf_BGS_d0;31700;ASH_COATED_OSMIUM;9895;21;9891;25;;;9906;10;9910;20;;;9900.5;0.0
yf_BGS_d0;31700;INTARIAN_PEPPER_ROOT;12210;12;12208;24;;;12220;16;12223;23;;;12215.0;0.0
yf_BGS_d0;31800;ASH_COATED_OSMIUM;9897;8;9895;19;;;9903;15;9906;27;;;9900.0;0.0
yf_BGS_d0;31800;INTARIAN_PEPPER_ROOT;12211;14;12209;23;;;12219;24;12223;21;;;12215.0;0.0
yf_BGS_d0;31900;ASH_COATED_OSMIUM;9897;15;9895;25;;;9903;17;9907;26;;;9900.0;0.0
yf_BGS_d0;31900;INTARIAN_PEPPER_ROOT;12211;12;12208;23;;;12217;5;12220;24;;;12214.0;0.0
yf_BGS_d0;32000;ASH_COATED_OSMIUM;9897;12;9894;28;;;9903;20;9906;10;;;9900.0;0.0
yf_BGS_d0;32000;INTARIAN_PEPPER_ROOT;12212;18;12210;22;;;12218;11;12221;30;;;12215.0;0.0
yf_BGS_d0;32100;ASH_COATED_OSMIUM;9897;21;9893;22;;;9903;17;9906;8;;;9900.0;0.0
yf_BGS_d0;32100;INTARIAN_PEPPER_ROOT;12210;12;12208;16;;;12220;13;12222;22;;;12215.0;0.0
yf_BGS_d0;32200;ASH_COATED_OSMIUM;9897;11;9895;8;;;9904;20;9908;8;;;9900.5;0.0
yf_BGS_d0;32200;INTARIAN_PEPPER_ROOT;12211;14;12207;21;;;12217;14;12219;13;;;12214.0;0.0
yf_BGS_d0;32300;ASH_COATED_OSMIUM;9897;16;9895;26;;;9903;10;9905;26;;;9900.0;0.0
yf_BGS_d0;32300;INTARIAN_PEPPER_ROOT;12211;18;12207;17;;;12217;15;12219;15;;;12214.0;0.0
yf_BGS_d0;32400;ASH_COATED_OSMIUM;9897;19;9893;20;;;9903;17;9906;26;;;9900.0;0.0
yf_BGS_d0;32400;INTARIAN_PEPPER_ROOT;12202;16;12199;21;;;12225;16;12227;17;;;12213.5;0.0
yf_BGS_d0;32500;ASH_COATED_OSMIUM;9894;12;9891;18;;;9906;9;9908;15;;;9900.0;0.0
yf_BGS_d0;32500;INTARIAN_PEPPER_ROOT;12194;13;12190;16;;;12232;13;12234;27;;;12213.0;0.0
yf_BGS_d0;32600;ASH_COATED_OSMIUM;9897;16;9895;19;;;9903;15;9907;24;;;9900.0;0.0
yf_BGS_d0;32600;INTARIAN_PEPPER_ROOT;12199;19;12196;13;;;12228;15;12231;28;;;12213.5;0.0
yf_BGS_d0;32700;ASH_COATED_OSMIUM;9894;9;9890;11;;;9905;9;9909;16;;;9899.5;0.0
yf_BGS_d0;32700;INTARIAN_PEPPER_ROOT;12210;11;12207;26;;;12216;5;12219;20;;;12213.0;0.0
yf_BGS_d0;32800;ASH_COATED_OSMIUM;9897;11;9895;20;;;9903;9;9905;19;;;9900.0;0.0
yf_BGS_d0;32800;INTARIAN_PEPPER_ROOT;12200;15;12197;15;;;12227;12;12231;21;;;12213.5;0.0
yf_BGS_d0;32900;ASH_COATED_OSMIUM;9897;21;9895;21;;;9903;12;9907;30;;;9900.0;0.0
yf_BGS_d0;32900;INTARIAN_PEPPER_ROOT;12209;13;12206;19;;;12218;12;12222;28;;;12213.5;0.0
yf_BGS_d0;33000;ASH_COATED_OSMIUM;9897;19;9895;27;;;9903;10;9905;14;;;9900.0;0.0
yf_BGS_d0;33000;INTARIAN_PEPPER_ROOT;12196;19;12192;30;;;12230;10;12233;23;;;12213.0;0.0
yf_BGS_d0;33100;ASH_COATED_OSMIUM;9879;14;9875;23;;;9919;10;9923;22;;;9899.0;0.0
yf_BGS_d0;33100;INTARIAN_PEPPER_ROOT;12208;21;12206;17;;;12217;14;12220;17;;;12212.5;0.0
yf_BGS_d0;33200;ASH_COATED_OSMIUM;9897;15;9894;15;;;9903;13;9907;16;;;9900.0;0.0
yf_BGS_d0;33200;INTARIAN_PEPPER_ROOT;12209;21;12207;20;;;12215;16;12219;14;;;12212.0;0.0
yf_BGS_d0;33300;ASH_COATED_OSMIUM;9897;13;9895;14;;;9903;14;9907;10;;;9900.0;0.0
yf_BGS_d0;33300;INTARIAN_PEPPER_ROOT;12207;24;12205;22;;;12217;13;12221;24;;;12212.0;0.0
yf_BGS_d0;33400;ASH_COATED_OSMIUM;9896;13;9893;21;;;9905;17;9908;17;;;9900.5;0.0
yf_BGS_d0;33400;INTARIAN_PEPPER_ROOT;12201;13;12197;29;;;12223;20;12227;20;;;12212.0;0.0
yf_BGS_d0;33500;ASH_COATED_OSMIUM;9893;21;9889;21;;;9906;8;9908;13;;;9899.5;0.0
yf_BGS_d0;33500;INTARIAN_PEPPER_ROOT;12209;14;12205;27;;;12215;12;12218;15;;;12212.0;0.0
yf_BGS_d0;33600;ASH_COATED_OSMIUM;9895;8;9891;21;;;9905;9;9909;15;;;9900.0;0.0
yf_BGS_d0;33600;INTARIAN_PEPPER_ROOT;12208;19;12205;22;;;12214;11;12218;14;;;12211.0;0.0
yf_BGS_d0;33700;ASH_COATED_OSMIUM;9897;9;9893;15;;;9903;16;9907;24;;;9900.0;0.0
yf_BGS_d0;33700;INTARIAN_PEPPER_ROOT;12207;16;12205;18;;;12215;15;12219;21;;;12211.0;0.0
yf_BGS_d0;33800;ASH_COATED_OSMIUM;9896;5;9892;14;;;9902;15;9906;16;;;9899.0;0.0
yf_BGS_d0;33800;INTARIAN_PEPPER_ROOT;12208;18;12204;18;;;12214;19;12217;13;;;12211.0;0.0
yf_BGS_d0;33900;ASH_COATED_OSMIUM;9890;24;9888;16;;;9910;13;9913;23;;;9900.0;0.0
yf_BGS_d0;33900;INTARIAN_PEPPER_ROOT;12208;12;12205;22;;;12214;15;12217;25;;;12211.0;0.0
yf_BGS_d0;34000;ASH_COATED_OSMIUM;9897;7;9894;14;;;9903;15;9907;22;;;9900.0;0.0
yf_BGS_d0;34000;INTARIAN_PEPPER_ROOT;12209;12;12207;20;;;12215;13;12217;29;;;12212.0;0.0
yf_BGS_d0;34100;ASH_COATED_OSMIUM;9896;17;9894;24;;;9902;7;9906;20;;;9899.0;0.0
yf_BGS_d0;34100;INTARIAN_PEPPER_ROOT;12209;5;12206;21;;;12215;9;12219;21;;;12212.0;0.0
yf_BGS_d0;34200;ASH_COATED_OSMIUM;9897;15;9895;20;;;9903;16;9907;16;;;9900.0;0.0
yf_BGS_d0;34200;INTARIAN_PEPPER_ROOT;12210;15;12207;17;;;12216;17;12219;22;;;12213.0;0.0
yf_BGS_d0;34300;ASH_COATED_OSMIUM;9897;13;9893;16;;;9903;13;9906;16;;;9900.0;0.0
yf_BGS_d0;34300;INTARIAN_PEPPER_ROOT;12211;18;12208;22;;;12217;9;12220;11;;;12214.0;0.0
yf_BGS_d0;34400;ASH_COATED_OSMIUM;9896;9;9892;20;;;9902;14;9906;26;;;9899.0;0.0
yf_BGS_d0;34400;INTARIAN_PEPPER_ROOT;12211;17;12208;16;;;12217;13;12220;19;;;12214.0;0.0
yf_BGS_d0;34500;ASH_COATED_OSMIUM;9894;14;9890;26;;;9905;12;9909;16;;;9899.5;0.0
yf_BGS_d0;34500;INTARIAN_PEPPER_ROOT;12199;12;12195;21;;;12231;20;12235;29;;;12215.0;0.0
yf_BGS_d0;34600;ASH_COATED_OSMIUM;9896;15;9894;21;;;9903;23;9905;13;;;9899.5;0.0
yf_BGS_d0;34600;INTARIAN_PEPPER_ROOT;12213;11;12211;17;;;12219;19;12222;23;;;12216.0;0.0
yf_BGS_d0;34700;ASH_COATED_OSMIUM;9896;16;9892;26;;;9902;19;9905;21;;;9899.0;0.0
yf_BGS_d0;34700;INTARIAN_PEPPER_ROOT;12214;13;12210;16;;;12220;16;12223;21;;;12217.0;0.0
yf_BGS_d0;34800;ASH_COATED_OSMIUM;9897;13;9894;15;;;9904;16;9908;22;;;9900.5;0.0
yf_BGS_d0;34800;INTARIAN_PEPPER_ROOT;12214;9;12210;33;;;12220;5;12223;16;;;12217.0;0.0
yf_BGS_d0;34900;ASH_COATED_OSMIUM;9889;18;9887;25;;;9911;24;9914;29;;;9900.0;0.0
yf_BGS_d0;34900;INTARIAN_PEPPER_ROOT;12214;11;12211;30;;;12223;18;12225;22;;;12218.5;0.0
yf_BGS_d0;35000;ASH_COATED_OSMIUM;9897;13;9895;17;;;9903;24;9905;24;;;9900.0;0.0
yf_BGS_d0;35000;INTARIAN_PEPPER_ROOT;12216;17;12214;22;;;12222;16;12224;17;;;12219.0;0.0
yf_BGS_d0;35100;ASH_COATED_OSMIUM;9896;21;9892;20;;;9904;19;9907;28;;;9900.0;0.0
yf_BGS_d0;35100;INTARIAN_PEPPER_ROOT;12217;14;12213;26;;;12223;18;12226;26;;;12220.0;0.0
yf_BGS_d0;35200;ASH_COATED_OSMIUM;9897;13;9893;19;;;9903;16;9905;20;;;9900.0;0.0
yf_BGS_d0;35200;INTARIAN_PEPPER_ROOT;12217;18;12214;19;;;12223;11;12225;22;;;12220.0;0.0
yf_BGS_d0;35300;ASH_COATED_OSMIUM;9897;10;9894;8;;;9903;8;9907;24;;;9900.0;0.0
yf_BGS_d0;35300;INTARIAN_PEPPER_ROOT;12211;14;12207;26;;;12230;20;12234;26;;;12220.5;0.0
yf_BGS_d0;35400;ASH_COATED_OSMIUM;9897;11;9893;22;;;9903;14;9905;15;;;9900.0;0.0
yf_BGS_d0;35400;INTARIAN_PEPPER_ROOT;12219;10;12216;17;;;12225;26;12228;16;;;12222.0;0.0
yf_BGS_d0;35500;ASH_COATED_OSMIUM;9896;13;9894;15;;;9905;20;9908;30;;;9900.5;0.0
yf_BGS_d0;35500;INTARIAN_PEPPER_ROOT;12219;5;12215;23;;;12225;13;12227;24;;;12222.0;0.0
yf_BGS_d0;35600;ASH_COATED_OSMIUM;9897;7;9893;23;;;9903;12;9906;23;;;9900.0;0.0
yf_BGS_d0;35600;INTARIAN_PEPPER_ROOT;12219;21;12216;21;;;12228;6;12232;24;;;12223.5;0.0
yf_BGS_d0;35700;ASH_COATED_OSMIUM;9892;16;9889;15;;;9908;10;9912;17;;;9900.0;0.0
yf_BGS_d0;35700;INTARIAN_PEPPER_ROOT;12221;5;12219;17;;;12227;8;12231;16;;;12224.0;0.0
yf_BGS_d0;35800;ASH_COATED_OSMIUM;9883;14;9879;21;;;9917;13;9920;20;;;9900.0;0.0
yf_BGS_d0;35800;INTARIAN_PEPPER_ROOT;12222;13;12220;14;;;12228;14;12230;8;;;12225.0;0.0
yf_BGS_d0;35900;ASH_COATED_OSMIUM;9894;12;9890;10;;;9908;6;9912;22;;;9901.0;0.0
yf_BGS_d0;35900;INTARIAN_PEPPER_ROOT;12222;16;12220;18;;;12228;10;12230;22;;;12225.0;0.0
yf_BGS_d0;36000;ASH_COATED_OSMIUM;9898;10;9895;28;;;9904;12;9908;15;;;9901.0;0.0
yf_BGS_d0;36000;INTARIAN_PEPPER_ROOT;12223;10;12219;28;;;12229;18;12233;26;;;12226.0;0.0
yf_BGS_d0;36100;ASH_COATED_OSMIUM;9898;15;9896;14;;;9904;18;9908;22;;;9901.0;0.0
yf_BGS_d0;36100;INTARIAN_PEPPER_ROOT;12224;18;12220;18;;;12230;22;12232;28;;;12227.0;0.0
yf_BGS_d0;36200;ASH_COATED_OSMIUM;9898;14;9894;21;;;9904;15;9908;26;;;9901.0;0.0
yf_BGS_d0;36200;INTARIAN_PEPPER_ROOT;12225;19;12221;14;;;12231;25;12235;13;;;12228.0;0.0
yf_BGS_d0;36300;ASH_COATED_OSMIUM;9898;15;9895;22;;;9904;8;9908;21;;;9901.0;0.0
yf_BGS_d0;36300;INTARIAN_PEPPER_ROOT;12222;15;12220;8;;;12234;18;12237;21;;;12228.0;0.0
yf_BGS_d0;36400;ASH_COATED_OSMIUM;9892;18;9888;20;;;9910;12;9912;27;;;9901.0;0.0
yf_BGS_d0;36400;INTARIAN_PEPPER_ROOT;12226;19;12222;16;;;12232;22;12234;19;;;12229.0;0.0
yf_BGS_d0;36500;ASH_COATED_OSMIUM;9897;20;9894;11;;;9905;8;9907;18;;;9901.0;0.0
yf_BGS_d0;36500;INTARIAN_PEPPER_ROOT;12226;14;12222;17;;;12232;19;12236;11;;;12229.0;0.0
yf_BGS_d0;36600;ASH_COATED_OSMIUM;9894;15;9892;18;;;9908;14;9912;23;;;9901.0;0.0
yf_BGS_d0;36600;INTARIAN_PEPPER_ROOT;12227;14;12224;23;;;12233;21;12237;29;;;12230.0;0.0
yf_BGS_d0;36700;ASH_COATED_OSMIUM;9898;16;9896;16;;;9904;24;9907;19;;;9901.0;0.0
yf_BGS_d0;36700;INTARIAN_PEPPER_ROOT;12228;19;12224;23;;;12234;24;12237;20;;;12231.0;0.0
yf_BGS_d0;36800;ASH_COATED_OSMIUM;9898;17;9894;18;;;9904;15;9906;20;;;9901.0;0.0
yf_BGS_d0;36800;INTARIAN_PEPPER_ROOT;12229;9;12227;13;;;12235;24;12237;19;;;12232.0;0.0
yf_BGS_d0;36900;ASH_COATED_OSMIUM;9898;21;9896;20;;;9904;15;9906;22;;;9901.0;0.0
yf_BGS_d0;36900;INTARIAN_PEPPER_ROOT;12230;14;12226;23;;;12236;19;12239;29;;;12233.0;0.0
yf_BGS_d0;37000;ASH_COATED_OSMIUM;9898;15;9896;15;;;9904;18;9907;18;;;9901.0;0.0
yf_BGS_d0;37000;INTARIAN_PEPPER_ROOT;12222;21;12219;27;;;12244;11;12247;20;;;12233.0;0.0
yf_BGS_d0;37100;ASH_COATED_OSMIUM;9895;13;9892;23;;;9907;9;9911;17;;;9901.0;0.0
yf_BGS_d0;37100;INTARIAN_PEPPER_ROOT;12230;20;12226;21;;;12240;12;12242;19;;;12235.0;0.0
yf_BGS_d0;37200;ASH_COATED_OSMIUM;9897;10;9895;28;;;9905;17;9907;27;;;9901.0;0.0
yf_BGS_d0;37200;INTARIAN_PEPPER_ROOT;12231;7;12227;17;;;12238;10;12241;18;;;12234.5;0.0
yf_BGS_d0;37300;ASH_COATED_OSMIUM;9898;15;9894;18;;;9904;15;9907;22;;;9901.0;0.0
yf_BGS_d0;37300;INTARIAN_PEPPER_ROOT;12232;13;12228;15;;;12240;19;12243;25;;;12236.0;0.0
yf_BGS_d0;37400;ASH_COATED_OSMIUM;9898;25;9895;18;;;9904;14;9908;14;;;9901.0;0.0
yf_BGS_d0;37400;INTARIAN_PEPPER_ROOT;12233;6;12230;19;;;12239;6;12241;21;;;12236.0;0.0
yf_BGS_d0;37500;ASH_COATED_OSMIUM;9891;12;9887;21;;;9912;25;9914;25;;;9901.5;0.0
yf_BGS_d0;37500;INTARIAN_PEPPER_ROOT;12233;14;12229;28;;;12240;19;12242;22;;;12236.5;0.0
yf_BGS_d0;37600;ASH_COATED_OSMIUM;9898;12;9894;19;;;9904;13;9908;30;;;9901.0;0.0
yf_BGS_d0;37600;INTARIAN_PEPPER_ROOT;12224;16;12222;25;;;12252;16;12256;22;;;12238.0;0.0
yf_BGS_d0;37700;ASH_COATED_OSMIUM;9892;11;9890;17;;;9912;13;9915;15;;;9902.0;0.0
yf_BGS_d0;37700;INTARIAN_PEPPER_ROOT;12235;17;12231;22;;;12243;16;12245;19;;;12239.0;0.0
yf_BGS_d0;37800;ASH_COATED_OSMIUM;9897;11;9893;19;;;9906;9;9908;19;;;9901.5;0.0
yf_BGS_d0;37800;INTARIAN_PEPPER_ROOT;12235;18;12231;13;;;12241;13;12244;11;;;12238.0;0.0
yf_BGS_d0;37900;ASH_COATED_OSMIUM;9898;12;9895;15;;;9904;13;9906;22;;;9901.0;0.0
yf_BGS_d0;37900;INTARIAN_PEPPER_ROOT;12233;23;12230;17;;;12246;18;12249;19;;;12239.5;0.0
yf_BGS_d0;38000;ASH_COATED_OSMIUM;9898;8;9896;13;;;9904;18;9907;19;;;9901.0;0.0
yf_BGS_d0;38000;INTARIAN_PEPPER_ROOT;12237;19;12233;14;;;12243;10;12246;22;;;12240.0;0.0
yf_BGS_d0;38100;ASH_COATED_OSMIUM;9898;11;9895;25;;;9904;6;9908;26;;;9901.0;0.0
yf_BGS_d0;38100;INTARIAN_PEPPER_ROOT;12237;5;12235;22;;;12246;10;12250;8;;;12241.5;0.0
yf_BGS_d0;38200;ASH_COATED_OSMIUM;9898;16;9894;11;;;9904;13;9907;23;;;9901.0;0.0
yf_BGS_d0;38200;INTARIAN_PEPPER_ROOT;12239;16;12236;19;;;12245;5;12248;20;;;12242.0;0.0
yf_BGS_d0;38300;ASH_COATED_OSMIUM;9898;20;9895;18;;;9904;10;9908;17;;;9901.0;0.0
yf_BGS_d0;38300;INTARIAN_PEPPER_ROOT;12236;15;12232;16;;;12251;19;12255;13;;;12243.5;0.0
yf_BGS_d0;38400;ASH_COATED_OSMIUM;9891;13;9889;21;;;9912;15;9916;15;;;9901.5;0.0
yf_BGS_d0;38400;INTARIAN_PEPPER_ROOT;12237;16;12235;25;;;12249;14;12251;25;;;12243.0;0.0
yf_BGS_d0;38500;ASH_COATED_OSMIUM;9892;16;9889;22;;;9910;17;9914;23;;;9901.0;0.0
yf_BGS_d0;38500;INTARIAN_PEPPER_ROOT;12239;19;12236;19;;;12250;25;12253;29;;;12244.5;0.0
yf_BGS_d0;38600;ASH_COATED_OSMIUM;9899;7;9897;16;;;9905;17;9907;20;;;9902.0;0.0
yf_BGS_d0;38600;INTARIAN_PEPPER_ROOT;12242;12;12238;17;;;12248;18;12250;20;;;12245.0;0.0
yf_BGS_d0;38700;ASH_COATED_OSMIUM;9899;12;9895;19;;;9905;5;9907;15;;;9902.0;0.0
yf_BGS_d0;38700;INTARIAN_PEPPER_ROOT;12242;5;12238;19;;;12248;11;12250;18;;;12245.0;0.0
yf_BGS_d0;38800;ASH_COATED_OSMIUM;9899;8;9897;21;;;9905;11;9907;23;;;9902.0;0.0
yf_BGS_d0;38800;INTARIAN_PEPPER_ROOT;12243;10;12241;12;;;12249;19;12253;24;;;12246.0;0.0
yf_BGS_d0;38900;ASH_COATED_OSMIUM;9899;13;9896;16;;;9905;10;9909;18;;;9902.0;0.0
yf_BGS_d0;38900;INTARIAN_PEPPER_ROOT;12244;11;12240;17;;;12250;11;12254;28;;;12247.0;0.0
yf_BGS_d0;39000;ASH_COATED_OSMIUM;9899;7;9896;20;;;9905;14;9909;15;;;9902.0;0.0
yf_BGS_d0;39000;INTARIAN_PEPPER_ROOT;12244;20;12241;14;;;12251;22;12254;27;;;12247.5;0.0
yf_BGS_d0;39100;ASH_COATED_OSMIUM;9899;26;9895;12;;;9905;13;9907;13;;;9902.0;0.0
yf_BGS_d0;39100;INTARIAN_PEPPER_ROOT;12245;19;12243;21;;;12252;8;12255;11;;;12248.5;0.0
yf_BGS_d0;39200;ASH_COATED_OSMIUM;9899;12;9897;19;;;9905;12;9909;22;;;9902.0;0.0
yf_BGS_d0;39200;INTARIAN_PEPPER_ROOT;12239;13;12237;18;;;12260;14;12264;18;;;12249.5;0.0
yf_BGS_d0;39300;ASH_COATED_OSMIUM;9893;15;9891;17;;;9909;16;9911;22;;;9901.0;0.0
yf_BGS_d0;39300;INTARIAN_PEPPER_ROOT;12245;15;12243;11;;;12256;17;12259;19;;;12250.5;0.0
yf_BGS_d0;39400;ASH_COATED_OSMIUM;9899;13;9896;13;;;9905;29;9907;17;;;9902.0;0.0
yf_BGS_d0;39400;INTARIAN_PEPPER_ROOT;12246;18;12242;23;;;12255;5;12259;17;;;12250.5;0.0
yf_BGS_d0;39500;ASH_COATED_OSMIUM;9900;22;9896;17;;;9906;15;9910;21;;;9903.0;0.0
yf_BGS_d0;39500;INTARIAN_PEPPER_ROOT;12246;6;12243;10;;;12257;22;12261;17;;;12251.5;0.0
yf_BGS_d0;39600;ASH_COATED_OSMIUM;9897;15;9894;23;;;9907;16;9910;20;;;9902.0;0.0
yf_BGS_d0;39600;INTARIAN_PEPPER_ROOT;12249;10;12246;15;;;12255;11;12257;19;;;12252.0;0.0
yf_BGS_d0;39700;ASH_COATED_OSMIUM;9880;13;9878;26;;;9925;18;9929;19;;;9902.5;0.0
yf_BGS_d0;39700;INTARIAN_PEPPER_ROOT;12241;18;12239;20;;;12263;5;12267;33;;;12252.0;0.0
yf_BGS_d0;39800;ASH_COATED_OSMIUM;9897;20;9893;24;;;9908;13;9912;17;;;9902.5;0.0
yf_BGS_d0;39800;INTARIAN_PEPPER_ROOT;12249;12;12247;16;;;12259;18;12263;21;;;12254.0;0.0
yf_BGS_d0;39900;ASH_COATED_OSMIUM;9900;20;9898;11;;;9906;12;9908;16;;;9903.0;0.0
yf_BGS_d0;39900;INTARIAN_PEPPER_ROOT;12249;13;12246;19;;;12260;21;12263;26;;;12254.5;0.0
yf_BGS_d0;40000;ASH_COATED_OSMIUM;9897;5;9895;13;;;9907;12;9910;12;;;9902.0;0.0
yf_BGS_d0;40000;INTARIAN_PEPPER_ROOT;12239;10;12237;24;;;12270;22;12272;24;;;12254.5;0.0
yf_BGS_d0;40100;ASH_COATED_OSMIUM;9894;17;9890;20;;;9910;16;9914;18;;;9902.0;0.0
yf_BGS_d0;40100;INTARIAN_PEPPER_ROOT;12252;5;12249;25;;;12258;21;12261;8;;;12255.0;0.0
yf_BGS_d0;40200;ASH_COATED_OSMIUM;9899;11;9895;14;;;9905;8;9907;20;;;9902.0;0.0
yf_BGS_d0;40200;INTARIAN_PEPPER_ROOT;12253;21;12249;31;;;12259;17;12262;22;;;12256.0;0.0
yf_BGS_d0;40300;ASH_COATED_OSMIUM;9897;12;9894;17;;;9909;5;9911;14;;;9903.0;0.0
yf_BGS_d0;40300;INTARIAN_PEPPER_ROOT;12253;12;12250;16;;;12261;15;12265;21;;;12257.0;0.0
yf_BGS_d0;40400;ASH_COATED_OSMIUM;9900;18;9898;18;;;9906;14;9908;16;;;9903.0;0.0
yf_BGS_d0;40400;INTARIAN_PEPPER_ROOT;12251;14;12247;12;;;12263;14;12266;20;;;12257.0;0.0
yf_BGS_d0;40500;ASH_COATED_OSMIUM;9896;20;9894;24;;;9909;15;9911;12;;;9902.5;0.0
yf_BGS_d0;40500;INTARIAN_PEPPER_ROOT;12255;22;12251;19;;;12261;14;12264;20;;;12258.0;0.0
yf_BGS_d0;40600;ASH_COATED_OSMIUM;9900;10;9896;15;;;9906;10;9908;15;;;9903.0;0.0
yf_BGS_d0;40600;INTARIAN_PEPPER_ROOT;12252;18;12248;18;;;12266;20;12270;20;;;12259.0;0.0
yf_BGS_d0;40700;ASH_COATED_OSMIUM;9900;11;9897;28;;;9906;21;9908;26;;;9903.0;0.0
yf_BGS_d0;40700;INTARIAN_PEPPER_ROOT;12252;10;12250;19;;;12268;17;12272;19;;;12260.0;0.0
yf_BGS_d0;40800;ASH_COATED_OSMIUM;9900;17;9898;13;;;9906;16;9908;21;;;9903.0;0.0
yf_BGS_d0;40800;INTARIAN_PEPPER_ROOT;12257;13;12254;29;;;12263;10;12267;18;;;12260.0;0.0
yf_BGS_d0;40900;ASH_COATED_OSMIUM;9890;16;9887;19;;;9916;13;9920;15;;;9903.0;0.0
yf_BGS_d0;40900;INTARIAN_PEPPER_ROOT;12256;21;12253;15;;;12265;17;12268;22;;;12260.5;0.0
yf_BGS_d0;41000;ASH_COATED_OSMIUM;9898;13;9895;19;;;9907;15;9909;16;;;9902.5;0.0
yf_BGS_d0;41000;INTARIAN_PEPPER_ROOT;12257;13;12253;19;;;12266;10;12270;17;;;12261.5;0.0
yf_BGS_d0;41100;ASH_COATED_OSMIUM;9899;12;9895;17;;;9905;25;9907;8;;;9902.0;0.0
yf_BGS_d0;41100;INTARIAN_PEPPER_ROOT;12258;12;12254;21;;;12267;17;12271;25;;;12262.5;0.0
yf_BGS_d0;41200;ASH_COATED_OSMIUM;9900;19;9896;9;;;9906;18;9910;18;;;9903.0;0.0
yf_BGS_d0;41200;INTARIAN_PEPPER_ROOT;12257;11;12253;20;;;12269;14;12271;17;;;12263.0;0.0
yf_BGS_d0;41300;ASH_COATED_OSMIUM;9900;19;9896;17;;;9906;22;9908;17;;;9903.0;0.0
yf_BGS_d0;41300;INTARIAN_PEPPER_ROOT;12244;11;12242;22;;;12284;11;12287;12;;;12264.0;0.0
yf_BGS_d0;41400;ASH_COATED_OSMIUM;9899;12;9897;8;;;9907;13;9910;23;;;9903.0;0.0
yf_BGS_d0;41400;INTARIAN_PEPPER_ROOT;12262;7;12259;10;;;12268;17;12271;23;;;12265.0;0.0
yf_BGS_d0;41500;ASH_COATED_OSMIUM;9900;18;9897;12;;;9906;18;9909;21;;;9903.0;0.0
yf_BGS_d0;41500;INTARIAN_PEPPER_ROOT;12263;20;12260;22;;;12269;21;12273;27;;;12266.0;0.0
yf_BGS_d0;41600;ASH_COATED_OSMIUM;9897;11;9893;12;;;9910;11;9913;17;;;9903.5;0.0
yf_BGS_d0;41600;INTARIAN_PEPPER_ROOT;12263;15;12261;16;;;12270;11;12272;21;;;12266.5;0.0
yf_BGS_d0;41700;ASH_COATED_OSMIUM;9900;10;9898;24;;;9906;14;9908;16;;;9903.0;0.0
yf_BGS_d0;41700;INTARIAN_PEPPER_ROOT;12262;10;12259;13;;;12272;9;12274;26;;;12267.0;0.0
yf_BGS_d0;41800;ASH_COATED_OSMIUM;9900;19;9896;16;;;9906;11;9909;18;;;9903.0;0.0
yf_BGS_d0;41800;INTARIAN_PEPPER_ROOT;12263;18;12259;17;;;12273;12;12277;16;;;12268.0;0.0
yf_BGS_d0;41900;ASH_COATED_OSMIUM;9901;15;9899;15;;;9907;20;9911;14;;;9904.0;0.0
yf_BGS_d0;41900;INTARIAN_PEPPER_ROOT;12265;11;12261;18;;;12271;17;12274;18;;;12268.0;0.0
yf_BGS_d0;42000;ASH_COATED_OSMIUM;9898;12;9896;19;;;9909;15;9911;20;;;9903.5;0.0
yf_BGS_d0;42000;INTARIAN_PEPPER_ROOT;12259;15;12256;8;;;12280;10;12283;19;;;12269.5;0.0
yf_BGS_d0;42100;ASH_COATED_OSMIUM;9901;16;9899;18;;;9907;5;9911;20;;;9904.0;0.0
yf_BGS_d0;42100;INTARIAN_PEPPER_ROOT;12257;21;12253;19;;;12283;21;12287;12;;;12270.0;0.0
yf_BGS_d0;42200;ASH_COATED_OSMIUM;9901;23;9898;12;;;9907;5;9910;21;;;9904.0;0.0
yf_BGS_d0;42200;INTARIAN_PEPPER_ROOT;12267;18;12265;23;;;12273;17;12277;17;;;12270.0;0.0
yf_BGS_d0;42300;ASH_COATED_OSMIUM;9901;26;9897;20;;;9907;10;9909;17;;;9904.0;0.0
yf_BGS_d0;42300;INTARIAN_PEPPER_ROOT;12267;6;12263;15;;;12276;16;12279;16;;;12271.5;0.0
yf_BGS_d0;42400;ASH_COATED_OSMIUM;9897;14;9893;21;;;9911;11;9913;25;;;9904.0;0.0
yf_BGS_d0;42400;INTARIAN_PEPPER_ROOT;12267;22;12264;10;;;12277;16;12281;20;;;12272.0;0.0
yf_BGS_d0;42500;ASH_COATED_OSMIUM;9893;7;9891;18;;;9914;9;9918;13;;;9903.5;0.0
yf_BGS_d0;42500;INTARIAN_PEPPER_ROOT;12270;8;12268;20;;;12277;15;12280;29;;;12273.5;0.0
yf_BGS_d0;42600;ASH_COATED_OSMIUM;9901;22;9898;20;;;9907;18;9910;17;;;9904.0;0.0
yf_BGS_d0;42600;INTARIAN_PEPPER_ROOT;12271;17;12268;16;;;12277;18;12280;23;;;12274.0;0.0
yf_BGS_d0;42700;ASH_COATED_OSMIUM;9901;6;9898;18;;;9907;12;9909;22;;;9904.0;0.0
yf_BGS_d0;42700;INTARIAN_PEPPER_ROOT;12271;16;12269;18;;;12277;15;12280;21;;;12274.0;0.0
yf_BGS_d0;42800;ASH_COATED_OSMIUM;9901;7;9897;19;;;9907;12;9911;14;;;9904.0;0.0
yf_BGS_d0;42800;INTARIAN_PEPPER_ROOT;12269;12;12267;29;;;12280;7;12282;15;;;12274.5;0.0
yf_BGS_d0;42900;ASH_COATED_OSMIUM;9897;27;9895;16;;;9912;19;9915;24;;;9904.5;0.0
yf_BGS_d0;42900;INTARIAN_PEPPER_ROOT;12272;9;12268;24;;;12278;18;12281;23;;;12275.0;0.0
yf_BGS_d0;43000;ASH_COATED_OSMIUM;9901;11;9897;17;;;9907;14;9910;20;;;9904.0;0.0
yf_BGS_d0;43000;INTARIAN_PEPPER_ROOT;12274;9;12272;21;;;12280;10;12282;21;;;12277.0;0.0
yf_BGS_d0;43100;ASH_COATED_OSMIUM;9901;13;9898;25;;;9907;19;9910;8;;;9904.0;0.0
yf_BGS_d0;43100;INTARIAN_PEPPER_ROOT;12273;16;12270;14;;;12281;10;12285;21;;;12277.0;0.0
yf_BGS_d0;43200;ASH_COATED_OSMIUM;9899;14;9895;26;;;9908;30;9911;17;;;9903.5;0.0
yf_BGS_d0;43200;INTARIAN_PEPPER_ROOT;12275;19;12271;20;;;12281;13;12283;22;;;12278.0;0.0
yf_BGS_d0;43300;ASH_COATED_OSMIUM;9901;15;9899;13;;;9907;20;9910;27;;;9904.0;0.0
yf_BGS_d0;43300;INTARIAN_PEPPER_ROOT;12276;12;12273;28;;;12282;17;12285;23;;;12279.0;0.0
yf_BGS_d0;43400;ASH_COATED_OSMIUM;9900;9;9896;21;;;9908;20;9910;23;;;9904.0;0.0
yf_BGS_d0;43400;INTARIAN_PEPPER_ROOT;12269;16;12267;20;;;12291;24;12293;26;;;12280.0;0.0
yf_BGS_d0;43500;ASH_COATED_OSMIUM;9899;17;9897;26;;;9909;16;9912;20;;;9904.0;0.0
yf_BGS_d0;43500;INTARIAN_PEPPER_ROOT;12278;15;12275;24;;;12284;18;12286;12;;;12281.0;0.0
yf_BGS_d0;43600;ASH_COATED_OSMIUM;9901;15;9899;14;;;9907;11;9910;22;;;9904.0;0.0
yf_BGS_d0;43600;INTARIAN_PEPPER_ROOT;12277;20;12274;26;;;12284;11;12286;21;;;12280.5;0.0
yf_BGS_d0;43700;ASH_COATED_OSMIUM;9901;12;9899;23;;;9907;12;9910;8;;;9904.0;0.0
yf_BGS_d0;43700;INTARIAN_PEPPER_ROOT;12277;10;12275;17;;;12287;24;12289;21;;;12282.0;0.0
yf_BGS_d0;43800;ASH_COATED_OSMIUM;9897;21;9894;20;;;9913;20;9917;23;;;9905.0;0.0
yf_BGS_d0;43800;INTARIAN_PEPPER_ROOT;12279;21;12276;18;;;12285;13;12289;23;;;12282.0;0.0
yf_BGS_d0;43900;ASH_COATED_OSMIUM;9892;19;9889;16;;;9916;17;9920;28;;;9904.0;0.0
yf_BGS_d0;43900;INTARIAN_PEPPER_ROOT;12280;15;12276;17;;;12287;11;12290;31;;;12283.5;0.0
yf_BGS_d0;44000;ASH_COATED_OSMIUM;9888;12;9885;25;;;9920;25;9923;25;;;9904.0;0.0
yf_BGS_d0;44000;INTARIAN_PEPPER_ROOT;12281;14;12278;21;;;12287;7;12291;21;;;12284.0;0.0
yf_BGS_d0;44100;ASH_COATED_OSMIUM;9902;8;9900;25;;;9908;18;9911;18;;;9905.0;0.0
yf_BGS_d0;44100;INTARIAN_PEPPER_ROOT;12281;15;12277;18;;;12287;6;12291;15;;;12284.0;0.0
yf_BGS_d0;44200;ASH_COATED_OSMIUM;9902;11;9898;26;;;9908;8;9912;17;;;9905.0;0.0
yf_BGS_d0;44200;INTARIAN_PEPPER_ROOT;12281;19;12279;27;;;12289;11;12293;21;;;12285.0;0.0
yf_BGS_d0;44300;ASH_COATED_OSMIUM;9902;15;9899;17;;;9908;17;9911;24;;;9905.0;0.0
yf_BGS_d0;44300;INTARIAN_PEPPER_ROOT;12282;12;12278;17;;;12288;23;12292;16;;;12285.0;0.0
yf_BGS_d0;44400;ASH_COATED_OSMIUM;9900;5;9896;18;;;9910;6;9913;22;;;9905.0;0.0
yf_BGS_d0;44400;INTARIAN_PEPPER_ROOT;12283;25;12280;31;;;12290;16;12293;25;;;12286.5;0.0
yf_BGS_d0;44500;ASH_COATED_OSMIUM;9901;25;9899;25;;;9908;14;9911;16;;;9904.5;0.0
yf_BGS_d0;44500;INTARIAN_PEPPER_ROOT;12284;17;12280;17;;;12291;16;12294;15;;;12287.5;0.0
yf_BGS_d0;44600;ASH_COATED_OSMIUM;9890;9;9886;18;;;9918;13;9920;14;;;9904.0;0.0
yf_BGS_d0;44600;INTARIAN_PEPPER_ROOT;12281;14;12279;22;;;12295;14;12298;32;;;12288.0;0.0
yf_BGS_d0;44700;ASH_COATED_OSMIUM;9896;16;9892;18;;;9914;8;9916;15;;;9905.0;0.0
yf_BGS_d0;44700;INTARIAN_PEPPER_ROOT;12285;13;12282;29;;;12292;19;12296;16;;;12288.5;0.0
yf_BGS_d0;44800;ASH_COATED_OSMIUM;9894;17;9892;18;;;9916;22;9918;18;;;9905.0;0.0
yf_BGS_d0;44800;INTARIAN_PEPPER_ROOT;12262;21;12258;27;;;12316;16;12319;20;;;12289.0;0.0
yf_BGS_d0;44900;ASH_COATED_OSMIUM;9900;12;9896;26;;;9909;24;9911;21;;;9904.5;0.0
yf_BGS_d0;44900;INTARIAN_PEPPER_ROOT;12287;5;12285;16;;;12293;15;12295;23;;;12290.0;0.0
yf_BGS_d0;45000;ASH_COATED_OSMIUM;9902;18;9898;24;;;9908;9;9912;20;;;9905.0;0.0
yf_BGS_d0;45000;INTARIAN_PEPPER_ROOT;12288;17;12285;14;;;12294;16;12297;23;;;12291.0;0.0
yf_BGS_d0;45100;ASH_COATED_OSMIUM;9901;14;9897;23;;;9907;27;9910;22;;;9904.0;0.0
yf_BGS_d0;45100;INTARIAN_PEPPER_ROOT;12285;11;12282;18;;;12296;9;12298;18;;;12290.5;0.0
yf_BGS_d0;45200;ASH_COATED_OSMIUM;9902;19;9898;23;;;9909;12;9913;26;;;9905.5;0.0
yf_BGS_d0;45200;INTARIAN_PEPPER_ROOT;12289;15;12287;23;;;12295;22;12299;23;;;12292.0;0.0
yf_BGS_d0;45300;ASH_COATED_OSMIUM;9899;23;9896;20;;;9910;11;9914;13;;;9904.5;0.0
yf_BGS_d0;45300;INTARIAN_PEPPER_ROOT;12289;19;12285;23;;;12297;19;12299;9;;;12293.0;0.0
yf_BGS_d0;45400;ASH_COATED_OSMIUM;9902;14;9900;20;;;9908;11;9910;9;;;9905.0;0.0
yf_BGS_d0;45400;INTARIAN_PEPPER_ROOT;12288;7;12286;21;;;12299;17;12303;17;;;12293.5;0.0
yf_BGS_d0;45500;ASH_COATED_OSMIUM;9897;21;9893;9;;;9914;10;9918;14;;;9905.5;0.0
yf_BGS_d0;45500;INTARIAN_PEPPER_ROOT;12287;8;12283;20;;;12301;14;12305;20;;;12294.0;0.0
yf_BGS_d0;45600;ASH_COATED_OSMIUM;9901;18;9897;20;;;9909;10;9911;20;;;9905.0;0.0
yf_BGS_d0;45600;INTARIAN_PEPPER_ROOT;12292;15;12290;20;;;12298;18;12302;22;;;12295.0;0.0
yf_BGS_d0;45700;ASH_COATED_OSMIUM;9899;26;9895;13;;;9912;15;9915;22;;;9905.5;0.0
yf_BGS_d0;45700;INTARIAN_PEPPER_ROOT;12294;11;12290;11;;;12300;24;12302;26;;;12297.0;0.0
yf_BGS_d0;45800;ASH_COATED_OSMIUM;9902;12;9898;20;;;9908;11;9910;15;;;9905.0;0.0
yf_BGS_d0;45800;INTARIAN_PEPPER_ROOT;12294;13;12290;27;;;12300;23;12304;26;;;12297.0;0.0
yf_BGS_d0;45900;ASH_COATED_OSMIUM;9902;12;9898;8;;;9909;15;9913;15;;;9905.5;0.0
yf_BGS_d0;45900;INTARIAN_PEPPER_ROOT;12294;17;12291;11;;;12300;10;12304;14;;;12297.0;0.0
yf_BGS_d0;46000;ASH_COATED_OSMIUM;9901;30;9897;25;;;9910;20;9913;14;;;9905.5;0.0
yf_BGS_d0;46000;INTARIAN_PEPPER_ROOT;12288;13;12285;25;;;12309;5;12313;23;;;12298.5;0.0
yf_BGS_d0;46100;ASH_COATED_OSMIUM;9902;23;9900;21;;;9908;19;9912;17;;;9905.0;0.0
yf_BGS_d0;46100;INTARIAN_PEPPER_ROOT;12296;12;12293;21;;;12302;13;12306;18;;;12299.0;0.0
yf_BGS_d0;46200;ASH_COATED_OSMIUM;9902;13;9900;18;;;9908;19;9912;17;;;9905.0;0.0
yf_BGS_d0;46200;INTARIAN_PEPPER_ROOT;12296;13;12294;16;;;12302;5;12306;18;;;12299.0;0.0
yf_BGS_d0;46300;ASH_COATED_OSMIUM;9897;16;9893;26;;;9915;15;9917;27;;;9906.0;0.0
yf_BGS_d0;46300;INTARIAN_PEPPER_ROOT;12291;16;12287;26;;;12309;8;12312;22;;;12300.0;0.0
yf_BGS_d0;46400;ASH_COATED_OSMIUM;9902;12;9899;13;;;9908;21;9911;16;;;9905.0;0.0
yf_BGS_d0;46400;INTARIAN_PEPPER_ROOT;12298;6;12296;21;;;12304;15;12308;24;;;12301.0;0.0
yf_BGS_d0;46500;ASH_COATED_OSMIUM;9902;20;9898;22;;;9908;15;9912;21;;;9905.0;0.0
yf_BGS_d0;46500;INTARIAN_PEPPER_ROOT;12299;15;12297;13;;;12305;18;12309;23;;;12302.0;0.0
yf_BGS_d0;46600;ASH_COATED_OSMIUM;9900;13;9897;13;;;9912;23;9915;23;;;9906.0;0.0
yf_BGS_d0;46600;INTARIAN_PEPPER_ROOT;12300;11;12296;22;;;12306;20;12309;22;;;12303.0;0.0
yf_BGS_d0;46700;ASH_COATED_OSMIUM;9902;18;9899;22;;;9908;21;9912;25;;;9905.0;0.0
yf_BGS_d0;46700;INTARIAN_PEPPER_ROOT;12298;14;12296;17;;;12308;16;12312;26;;;12303.0;0.0
yf_BGS_d0;46800;ASH_COATED_OSMIUM;9898;17;9894;16;;;9913;13;9915;13;;;9905.5;0.0
yf_BGS_d0;46800;INTARIAN_PEPPER_ROOT;12301;20;12298;20;;;12307;10;12309;14;;;12304.0;0.0
yf_BGS_d0;46900;ASH_COATED_OSMIUM;9903;14;9900;12;;;9909;9;9912;14;;;9906.0;0.0
yf_BGS_d0;46900;INTARIAN_PEPPER_ROOT;12290;17;12287;22;;;12320;23;12323;22;;;12305.0;0.0
yf_BGS_d0;47000;ASH_COATED_OSMIUM;9900;19;9896;20;;;9912;15;9916;19;;;9906.0;0.0
yf_BGS_d0;47000;INTARIAN_PEPPER_ROOT;12302;6;12300;29;;;12308;17;12312;19;;;12305.0;0.0
yf_BGS_d0;47100;ASH_COATED_OSMIUM;9902;12;9899;21;;;9908;29;9911;26;;;9905.0;0.0
yf_BGS_d0;47100;INTARIAN_PEPPER_ROOT;12303;19;12301;24;;;12309;5;12311;22;;;12306.0;0.0
yf_BGS_d0;47200;ASH_COATED_OSMIUM;9903;13;9901;18;;;9909;10;9913;25;;;9906.0;0.0
yf_BGS_d0;47200;INTARIAN_PEPPER_ROOT;12291;13;12287;19;;;12322;21;12324;11;;;12306.5;0.0
yf_BGS_d0;47300;ASH_COATED_OSMIUM;9903;7;9899;13;;;9909;16;9913;10;;;9906.0;0.0
yf_BGS_d0;47300;INTARIAN_PEPPER_ROOT;12303;5;12301;24;;;12312;10;12314;25;;;12307.5;0.0
yf_BGS_d0;47400;ASH_COATED_OSMIUM;9903;8;9899;13;;;9909;15;9913;8;;;9906.0;0.0
yf_BGS_d0;47400;INTARIAN_PEPPER_ROOT;12294;16;12290;14;;;12321;9;12324;22;;;12307.5;0.0
yf_BGS_d0;47500;ASH_COATED_OSMIUM;9903;7;9900;19;;;9909;16;9911;26;;;9906.0;0.0
yf_BGS_d0;47500;INTARIAN_PEPPER_ROOT;12306;22;12302;18;;;12312;17;12314;14;;;12309.0;0.0
yf_BGS_d0;47600;ASH_COATED_OSMIUM;9890;24;9888;15;;;9922;11;9926;21;;;9906.0;0.0
yf_BGS_d0;47600;INTARIAN_PEPPER_ROOT;12307;13;12305;33;;;12313;13;12315;22;;;12310.0;0.0
yf_BGS_d0;47700;ASH_COATED_OSMIUM;9903;19;9899;24;;;9909;20;9913;24;;;9906.0;0.0
yf_BGS_d0;47700;INTARIAN_PEPPER_ROOT;12307;16;12303;28;;;12313;9;12315;16;;;12310.0;0.0
yf_BGS_d0;47800;ASH_COATED_OSMIUM;9894;11;9892;20;;;9919;19;9922;14;;;9906.5;0.0
yf_BGS_d0;47800;INTARIAN_PEPPER_ROOT;12309;9;12307;22;;;12315;15;12317;13;;;12312.0;0.0
yf_BGS_d0;47900;ASH_COATED_OSMIUM;9903;8;9901;18;;;9909;19;9913;8;;;9906.0;0.0
yf_BGS_d0;47900;INTARIAN_PEPPER_ROOT;12301;18;12299;24;;;12322;14;12324;18;;;12311.5;0.0
yf_BGS_d0;48000;ASH_COATED_OSMIUM;9903;7;9901;14;;;9909;20;9911;24;;;9906.0;0.0
yf_BGS_d0;48000;INTARIAN_PEPPER_ROOT;12306;22;12302;22;;;12319;16;12321;22;;;12312.5;0.0
yf_BGS_d0;48100;ASH_COATED_OSMIUM;9904;28;9900;16;;;9910;11;9912;16;;;9907.0;0.0
yf_BGS_d0;48100;INTARIAN_PEPPER_ROOT;12310;14;12307;18;;;12316;14;12319;27;;;12313.0;0.0
yf_BGS_d0;48200;ASH_COATED_OSMIUM;9902;19;9900;22;;;9912;12;9914;13;;;9907.0;0.0
yf_BGS_d0;48200;INTARIAN_PEPPER_ROOT;12306;11;12304;19;;;12323;12;12325;24;;;12314.5;0.0
yf_BGS_d0;48300;ASH_COATED_OSMIUM;9903;10;9900;25;;;9910;18;9912;25;;;9906.5;0.0
yf_BGS_d0;48300;INTARIAN_PEPPER_ROOT;12311;10;12309;22;;;12318;20;12320;21;;;12314.5;0.0
yf_BGS_d0;48400;ASH_COATED_OSMIUM;9904;24;9902;22;;;9910;14;9913;13;;;9907.0;0.0
yf_BGS_d0;48400;INTARIAN_PEPPER_ROOT;12312;14;12308;29;;;12318;16;12322;26;;;12315.0;0.0
yf_BGS_d0;48500;ASH_COATED_OSMIUM;9903;21;9899;19;;;9909;13;9912;17;;;9906.0;0.0
yf_BGS_d0;48500;INTARIAN_PEPPER_ROOT;12312;15;12310;22;;;12321;23;12325;18;;;12316.5;0.0
yf_BGS_d0;48600;ASH_COATED_OSMIUM;9904;21;9901;20;;;9910;10;9912;24;;;9907.0;0.0
yf_BGS_d0;48600;INTARIAN_PEPPER_ROOT;12312;13;12308;19;;;12321;23;12323;27;;;12316.5;0.0
yf_BGS_d0;48700;ASH_COATED_OSMIUM;9904;13;9901;12;;;9910;17;9912;10;;;9907.0;0.0
yf_BGS_d0;48700;INTARIAN_PEPPER_ROOT;12315;14;12313;19;;;12321;9;12323;24;;;12318.0;0.0
yf_BGS_d0;48800;ASH_COATED_OSMIUM;9904;14;9901;15;;;9910;22;9913;11;;;9907.0;0.0
yf_BGS_d0;48800;INTARIAN_PEPPER_ROOT;12315;23;12313;19;;;12321;19;12324;20;;;12318.0;0.0
yf_BGS_d0;48900;ASH_COATED_OSMIUM;9904;17;9900;22;;;9910;10;9914;25;;;9907.0;0.0
yf_BGS_d0;48900;INTARIAN_PEPPER_ROOT;12316;7;12312;29;;;12322;10;12324;16;;;12319.0;0.0
yf_BGS_d0;49000;ASH_COATED_OSMIUM;9904;26;9900;17;;;9910;19;9913;16;;;9907.0;0.0
yf_BGS_d0;49000;INTARIAN_PEPPER_ROOT;12315;5;12313;21;;;12323;12;12327;21;;;12319.0;0.0
yf_BGS_d0;49100;ASH_COATED_OSMIUM;9904;24;9900;18;;;9910;13;9912;19;;;9907.0;0.0
yf_BGS_d0;49100;INTARIAN_PEPPER_ROOT;12317;10;12313;11;;;12323;18;12327;17;;;12320.0;0.0
yf_BGS_d0;49200;ASH_COATED_OSMIUM;9904;5;9902;26;;;9910;23;9914;27;;;9907.0;0.0
yf_BGS_d0;49200;INTARIAN_PEPPER_ROOT;12304;15;12302;11;;;12337;16;12339;20;;;12320.5;0.0
yf_BGS_d0;49300;ASH_COATED_OSMIUM;9902;12;9898;16;;;9912;19;9914;25;;;9907.0;0.0
yf_BGS_d0;49300;INTARIAN_PEPPER_ROOT;12319;22;12315;18;;;12325;24;12327;16;;;12322.0;0.0
yf_BGS_d0;49400;ASH_COATED_OSMIUM;9904;14;9902;24;;;9910;10;9913;24;;;9907.0;0.0
yf_BGS_d0;49400;INTARIAN_PEPPER_ROOT;12319;11;12316;18;;;12325;12;12329;22;;;12322.0;0.0
yf_BGS_d0;49500;ASH_COATED_OSMIUM;9904;15;9900;21;;;9910;15;9913;19;;;9907.0;0.0
yf_BGS_d0;49500;INTARIAN_PEPPER_ROOT;12316;18;12312;20;;;12331;23;12335;27;;;12323.5;0.0
yf_BGS_d0;49600;ASH_COATED_OSMIUM;9904;13;9901;10;;;9910;17;9913;15;;;9907.0;0.0
yf_BGS_d0;49600;INTARIAN_PEPPER_ROOT;12321;21;12318;22;;;12327;15;12331;15;;;12324.0;0.0
yf_BGS_d0;49700;ASH_COATED_OSMIUM;9904;26;9900;20;;;9910;13;9912;24;;;9907.0;0.0
yf_BGS_d0;49700;INTARIAN_PEPPER_ROOT;12322;25;12318;17;;;12328;9;12331;17;;;12325.0;0.0
yf_BGS_d0;49800;ASH_COATED_OSMIUM;9904;5;9900;30;;;9910;11;9912;24;;;9907.0;0.0
yf_BGS_d0;49800;INTARIAN_PEPPER_ROOT;12322;18;12320;17;;;12328;13;12331;26;;;12325.0;0.0
yf_BGS_d0;49900;ASH_COATED_OSMIUM;9904;12;9900;18;;;9911;15;9915;14;;;9907.5;0.0
yf_BGS_d0;49900;INTARIAN_PEPPER_ROOT;12323;12;12319;17;;;12329;19;12333;13;;;12326.0;0.0
yf_BGS_d0;50000;ASH_COATED_OSMIUM;9902;14;9899;20;;;9912;21;9915;13;;;9907.0;0.0
yf_BGS_d0;50000;INTARIAN_PEPPER_ROOT;12323;10;12321;23;;;12331;14;12333;28;;;12327.0;0.0
yf_BGS_d0;50100;ASH_COATED_OSMIUM;9904;18;9902;25;;;9910;24;9914;15;;;9907.0;0.0
yf_BGS_d0;50100;INTARIAN_PEPPER_ROOT;12324;23;12321;18;;;12330;5;12332;21;;;12327.0;0.0
yf_BGS_d0;50200;ASH_COATED_OSMIUM;9903;18;9901;18;;;9911;21;9913;17;;;9907.0;0.0
yf_BGS_d0;50200;INTARIAN_PEPPER_ROOT;12325;12;12323;20;;;12331;6;12334;19;;;12328.0;0.0
yf_BGS_d0;50300;ASH_COATED_OSMIUM;9904;14;9902;22;;;9910;25;9914;23;;;9907.0;0.0
yf_BGS_d0;50300;INTARIAN_PEPPER_ROOT;12323;11;12320;14;;;12335;13;12338;24;;;12329.0;0.0
yf_BGS_d0;50400;ASH_COATED_OSMIUM;9904;29;9901;24;;;9910;8;9912;24;;;9907.0;0.0
yf_BGS_d0;50400;INTARIAN_PEPPER_ROOT;12327;11;12325;29;;;12333;10;12336;27;;;12330.0;0.0
yf_BGS_d0;50500;ASH_COATED_OSMIUM;9904;17;9900;23;;;9910;14;9913;20;;;9907.0;0.0
yf_BGS_d0;50500;INTARIAN_PEPPER_ROOT;12320;20;12317;24;;;12342;13;12346;18;;;12331.0;0.0
yf_BGS_d0;50600;ASH_COATED_OSMIUM;9902;5;9900;19;;;9913;8;9916;25;;;9907.5;0.0
yf_BGS_d0;50600;INTARIAN_PEPPER_ROOT;12324;8;12321;26;;;12338;22;12341;23;;;12331.0;0.0
yf_BGS_d0;50700;ASH_COATED_OSMIUM;9896;21;9894;23;;;9919;21;9921;17;;;9907.5;0.0
yf_BGS_d0;50700;INTARIAN_PEPPER_ROOT;12329;16;12325;25;;;12335;23;12338;18;;;12332.0;0.0
yf_BGS_d0;50800;ASH_COATED_OSMIUM;9905;16;9903;14;;;9911;12;9914;14;;;9908.0;0.0
yf_BGS_d0;50800;INTARIAN_PEPPER_ROOT;12329;6;12325;17;;;12335;22;12339;19;;;12332.0;0.0
yf_BGS_d0;50900;ASH_COATED_OSMIUM;9904;21;9902;17;;;9910;11;9913;23;;;9907.0;0.0
yf_BGS_d0;50900;INTARIAN_PEPPER_ROOT;12328;16;12324;19;;;12337;17;12341;24;;;12332.5;0.0
yf_BGS_d0;51000;ASH_COATED_OSMIUM;9901;14;9898;13;;;9915;15;9917;27;;;9908.0;0.0
yf_BGS_d0;51000;INTARIAN_PEPPER_ROOT;12330;17;12328;27;;;12336;16;12338;14;;;12333.0;0.0
yf_BGS_d0;51100;ASH_COATED_OSMIUM;9904;11;9901;8;;;9910;17;9913;20;;;9907.0;0.0
yf_BGS_d0;51100;INTARIAN_PEPPER_ROOT;12330;10;12328;27;;;12336;16;12340;25;;;12333.0;0.0
yf_BGS_d0;51200;ASH_COATED_OSMIUM;9905;17;9903;13;;;9911;20;9914;16;;;9908.0;0.0
yf_BGS_d0;51200;INTARIAN_PEPPER_ROOT;12330;15;12328;19;;;12336;14;12339;22;;;12333.0;0.0
yf_BGS_d0;51300;ASH_COATED_OSMIUM;9905;15;9901;26;;;9911;13;9914;19;;;9908.0;0.0
yf_BGS_d0;51300;INTARIAN_PEPPER_ROOT;12331;6;12329;18;;;12337;20;12340;19;;;12334.0;0.0
yf_BGS_d0;51400;ASH_COATED_OSMIUM;9897;16;9894;11;;;9919;28;9923;15;;;9908.0;0.0
yf_BGS_d0;51400;INTARIAN_PEPPER_ROOT;12329;21;12327;19;;;12338;15;12340;22;;;12333.5;0.0
yf_BGS_d0;51500;ASH_COATED_OSMIUM;9906;19;9903;26;;;9912;19;9915;23;;;9909.0;0.0
yf_BGS_d0;51500;INTARIAN_PEPPER_ROOT;12326;10;12324;15;;;12341;18;12345;14;;;12333.5;0.0
yf_BGS_d0;51600;ASH_COATED_OSMIUM;9905;9;9901;22;;;9912;5;9914;13;;;9908.5;0.0
yf_BGS_d0;51600;INTARIAN_PEPPER_ROOT;12331;13;12327;11;;;12337;19;12341;11;;;12334.0;0.0
yf_BGS_d0;51700;ASH_COATED_OSMIUM;9904;14;9901;23;;;9910;15;9913;8;;;9907.0;0.0
yf_BGS_d0;51700;INTARIAN_PEPPER_ROOT;12330;16;12328;14;;;12337;23;12340;13;;;12333.5;0.0
yf_BGS_d0;51800;ASH_COATED_OSMIUM;9905;19;9901;12;;;9911;12;9913;19;;;9908.0;0.0
yf_BGS_d0;51800;INTARIAN_PEPPER_ROOT;12324;12;12321;8;;;12344;10;12347;22;;;12334.0;0.0
yf_BGS_d0;51900;ASH_COATED_OSMIUM;9905;17;9902;16;;;9911;6;9913;30;;;9908.0;0.0
yf_BGS_d0;51900;INTARIAN_PEPPER_ROOT;12332;20;12329;17;;;12338;12;12340;15;;;12335.0;0.0
yf_BGS_d0;52000;ASH_COATED_OSMIUM;9904;12;9902;17;;;9912;10;9915;14;;;9908.0;0.0
yf_BGS_d0;52000;INTARIAN_PEPPER_ROOT;12329;16;12326;21;;;12339;14;12342;21;;;12334.0;0.0
yf_BGS_d0;52100;ASH_COATED_OSMIUM;9887;10;9884;31;;;9929;24;9931;17;;;9908.0;0.0
yf_BGS_d0;52100;INTARIAN_PEPPER_ROOT;12331;15;12327;19;;;12339;18;12343;22;;;12335.0;0.0
yf_BGS_d0;52200;ASH_COATED_OSMIUM;9904;13;9900;15;;;9910;15;9913;13;;;9907.0;0.0
yf_BGS_d0;52200;INTARIAN_PEPPER_ROOT;12332;13;12329;17;;;12338;19;12340;29;;;12335.0;0.0
yf_BGS_d0;52300;ASH_COATED_OSMIUM;9905;12;9902;26;;;9911;17;9913;30;;;9908.0;0.0
yf_BGS_d0;52300;INTARIAN_PEPPER_ROOT;12332;19;12329;28;;;12338;15;12341;20;;;12335.0;0.0
yf_BGS_d0;52400;ASH_COATED_OSMIUM;9905;20;9901;22;;;9911;6;9914;19;;;9908.0;0.0
yf_BGS_d0;52400;INTARIAN_PEPPER_ROOT;12332;23;12328;15;;;12338;9;12341;17;;;12335.0;0.0
yf_BGS_d0;52500;ASH_COATED_OSMIUM;9905;5;9903;21;;;9911;14;9915;17;;;9908.0;0.0
yf_BGS_d0;52500;INTARIAN_PEPPER_ROOT;12332;23;12329;23;;;12339;13;12341;21;;;12335.5;0.0
yf_BGS_d0;52600;ASH_COATED_OSMIUM;9905;22;9901;14;;;9911;14;9914;18;;;9908.0;0.0
yf_BGS_d0;52600;INTARIAN_PEPPER_ROOT;12332;26;12330;12;;;12338;11;12340;26;;;12335.0;0.0
yf_BGS_d0;52700;ASH_COATED_OSMIUM;9905;17;9903;16;;;9911;19;9915;20;;;9908.0;0.0
yf_BGS_d0;52700;INTARIAN_PEPPER_ROOT;12332;19;12328;21;;;12338;14;12342;22;;;12335.0;0.0
yf_BGS_d0;52800;ASH_COATED_OSMIUM;9904;20;9902;20;;;9912;15;9916;13;;;9908.0;0.0
yf_BGS_d0;52800;INTARIAN_PEPPER_ROOT;12333;18;12329;18;;;12339;15;12341;26;;;12336.0;0.0
yf_BGS_d0;52900;ASH_COATED_OSMIUM;9905;15;9901;22;;;9911;12;9914;15;;;9908.0;0.0
yf_BGS_d0;52900;INTARIAN_PEPPER_ROOT;12332;9;12328;15;;;12338;15;12341;23;;;12335.0;0.0
yf_BGS_d0;53000;ASH_COATED_OSMIUM;9900;20;9896;23;;;9918;16;9920;20;;;9909.0;0.0
yf_BGS_d0;53000;INTARIAN_PEPPER_ROOT;12333;22;12329;22;;;12339;19;12343;19;;;12336.0;0.0
yf_BGS_d0;53100;ASH_COATED_OSMIUM;9904;17;9900;26;;;9912;17;9914;28;;;9908.0;0.0
yf_BGS_d0;53100;INTARIAN_PEPPER_ROOT;12333;14;12329;16;;;12339;22;12341;16;;;12336.0;0.0
yf_BGS_d0;53200;ASH_COATED_OSMIUM;9902;12;9899;21;;;9915;19;9918;17;;;9908.5;0.0
yf_BGS_d0;53200;INTARIAN_PEPPER_ROOT;12326;20;12322;20;;;12347;16;12351;23;;;12336.5;0.0
yf_BGS_d0;53300;ASH_COATED_OSMIUM;9900;12;9897;14;;;9916;15;9918;25;;;9908.0;0.0
yf_BGS_d0;53300;INTARIAN_PEPPER_ROOT;12333;11;12330;17;;;12339;14;12341;22;;;12336.0;0.0
yf_BGS_d0;53400;ASH_COATED_OSMIUM;9905;20;9901;18;;;9911;5;9915;12;;;9908.0;0.0
yf_BGS_d0;53400;INTARIAN_PEPPER_ROOT;12329;6;12325;18;;;12344;5;12348;15;;;12336.5;0.0
yf_BGS_d0;53500;ASH_COATED_OSMIUM;9905;11;9901;20;;;9911;11;9913;23;;;9908.0;0.0
yf_BGS_d0;53500;INTARIAN_PEPPER_ROOT;12334;12;12331;28;;;12340;8;12342;17;;;12337.0;0.0
yf_BGS_d0;53600;ASH_COATED_OSMIUM;9905;18;9903;19;;;9911;7;9913;22;;;9908.0;0.0
yf_BGS_d0;53600;INTARIAN_PEPPER_ROOT;12334;11;12330;16;;;12340;14;12342;14;;;12337.0;0.0
yf_BGS_d0;53700;ASH_COATED_OSMIUM;9905;14;9901;19;;;9911;5;9914;15;;;9908.0;0.0
yf_BGS_d0;53700;INTARIAN_PEPPER_ROOT;12334;17;12331;22;;;12340;10;12343;18;;;12337.0;0.0
yf_BGS_d0;53800;ASH_COATED_OSMIUM;9897;8;9893;23;;;9919;20;9921;21;;;9908.0;0.0
yf_BGS_d0;53800;INTARIAN_PEPPER_ROOT;12334;12;12331;15;;;12340;15;12344;26;;;12337.0;0.0
yf_BGS_d0;53900;ASH_COATED_OSMIUM;9905;19;9901;28;;;9911;10;9915;22;;;9908.0;0.0
yf_BGS_d0;53900;INTARIAN_PEPPER_ROOT;12335;13;12332;29;;;12341;14;12343;29;;;12338.0;0.0
yf_BGS_d0;54000;ASH_COATED_OSMIUM;9905;19;9901;21;;;9911;14;9915;15;;;9908.0;0.0
yf_BGS_d0;54000;INTARIAN_PEPPER_ROOT;12335;14;12331;19;;;12341;9;12343;14;;;12338.0;0.0
yf_BGS_d0;54100;ASH_COATED_OSMIUM;9905;13;9902;17;;;9911;16;9913;25;;;9908.0;0.0
yf_BGS_d0;54100;INTARIAN_PEPPER_ROOT;12328;12;12325;8;;;12347;18;12350;8;;;12337.5;0.0
yf_BGS_d0;54200;ASH_COATED_OSMIUM;9905;16;9902;18;;;9913;22;9917;20;;;9909.0;0.0
yf_BGS_d0;54200;INTARIAN_PEPPER_ROOT;12333;6;12329;21;;;12344;13;12347;20;;;12338.5;0.0
yf_BGS_d0;54300;ASH_COATED_OSMIUM;9901;5;9897;19;;;9914;12;9917;14;;;9907.5;0.0
yf_BGS_d0;54300;INTARIAN_PEPPER_ROOT;12334;12;12331;20;;;12341;16;12345;24;;;12337.5;0.0
yf_BGS_d0;54400;ASH_COATED_OSMIUM;9903;14;9899;19;;;9913;18;9917;20;;;9908.0;0.0
yf_BGS_d0;54400;INTARIAN_PEPPER_ROOT;12335;10;12333;20;;;12341;14;12344;22;;;12338.0;0.0
yf_BGS_d0;54500;ASH_COATED_OSMIUM;9903;9;9900;17;;;9913;13;9916;9;;;9908.0;0.0
yf_BGS_d0;54500;INTARIAN_PEPPER_ROOT;12317;5;12314;23;;;12359;19;12361;17;;;12338.0;0.0
yf_BGS_d0;54600;ASH_COATED_OSMIUM;9902;14;9899;8;;;9915;11;9917;19;;;9908.5;0.0
yf_BGS_d0;54600;INTARIAN_PEPPER_ROOT;12333;15;12331;17;;;12342;12;12346;24;;;12337.5;0.0
yf_BGS_d0;54700;ASH_COATED_OSMIUM;9905;14;9903;21;;;9911;19;9914;18;;;9908.0;0.0
yf_BGS_d0;54700;INTARIAN_PEPPER_ROOT;12335;16;12333;20;;;12341;14;12345;10;;;12338.0;0.0
yf_BGS_d0;54800;ASH_COATED_OSMIUM;9903;14;9900;31;;;9913;17;9917;26;;;9908.0;0.0
yf_BGS_d0;54800;INTARIAN_PEPPER_ROOT;12336;12;12332;19;;;12342;20;12346;16;;;12339.0;0.0
yf_BGS_d0;54900;ASH_COATED_OSMIUM;9906;20;9904;17;;;9912;21;9914;16;;;9909.0;0.0
yf_BGS_d0;54900;INTARIAN_PEPPER_ROOT;12332;17;12329;18;;;12346;10;12348;24;;;12339.0;0.0
yf_BGS_d0;55000;ASH_COATED_OSMIUM;9905;13;9903;17;;;9911;18;9915;25;;;9908.0;0.0
yf_BGS_d0;55000;INTARIAN_PEPPER_ROOT;12336;12;12333;28;;;12342;10;12345;17;;;12339.0;0.0
yf_BGS_d0;55100;ASH_COATED_OSMIUM;9902;17;9898;22;;;9914;24;9918;22;;;9908.0;0.0
yf_BGS_d0;55100;INTARIAN_PEPPER_ROOT;12336;13;12333;20;;;12342;16;12344;22;;;12339.0;0.0
yf_BGS_d0;55200;ASH_COATED_OSMIUM;9904;14;9900;17;;;9913;19;9917;15;;;9908.5;0.0
yf_BGS_d0;55200;INTARIAN_PEPPER_ROOT;12334;12;12332;15;;;12344;12;12346;25;;;12339.0;0.0
yf_BGS_d0;55300;ASH_COATED_OSMIUM;9905;12;9902;20;;;9911;13;9913;15;;;9908.0;0.0
yf_BGS_d0;55300;INTARIAN_PEPPER_ROOT;12336;23;12332;14;;;12342;17;12344;17;;;12339.0;0.0
yf_BGS_d0;55400;ASH_COATED_OSMIUM;9906;5;9903;26;;;9912;10;9914;22;;;9909.0;0.0
yf_BGS_d0;55400;INTARIAN_PEPPER_ROOT;12337;17;12334;14;;;12343;15;12347;18;;;12340.0;0.0
yf_BGS_d0;55500;ASH_COATED_OSMIUM;9905;11;9902;17;;;9911;20;9914;18;;;9908.0;0.0
yf_BGS_d0;55500;INTARIAN_PEPPER_ROOT;12337;13;12334;26;;;12343;20;12346;26;;;12340.0;0.0
yf_BGS_d0;55600;ASH_COATED_OSMIUM;9906;26;9902;24;;;9912;8;9914;12;;;9909.0;0.0
yf_BGS_d0;55600;INTARIAN_PEPPER_ROOT;12337;10;12335;20;;;12343;23;12347;25;;;12340.0;0.0
yf_BGS_d0;55700;ASH_COATED_OSMIUM;9905;19;9901;9;;;9911;21;9914;24;;;9908.0;0.0
yf_BGS_d0;55700;INTARIAN_PEPPER_ROOT;12336;22;12332;11;;;12342;7;12344;22;;;12339.0;0.0
yf_BGS_d0;55800;ASH_COATED_OSMIUM;9906;19;9903;18;;;9912;15;9916;17;;;9909.0;0.0
yf_BGS_d0;55800;INTARIAN_PEPPER_ROOT;12337;14;12335;20;;;12343;16;12347;11;;;12340.0;0.0
yf_BGS_d0;55900;ASH_COATED_OSMIUM;9902;12;9900;22;;;9914;14;9918;16;;;9908.0;0.0
yf_BGS_d0;55900;INTARIAN_PEPPER_ROOT;12337;17;12335;22;;;12343;12;12345;18;;;12340.0;0.0
yf_BGS_d0;56000;ASH_COATED_OSMIUM;9905;11;9901;24;;;9912;8;9914;14;;;9908.5;0.0
yf_BGS_d0;56000;INTARIAN_PEPPER_ROOT;12337;9;12334;17;;;12343;14;12346;27;;;12340.0;0.0
yf_BGS_d0;56100;ASH_COATED_OSMIUM;9905;21;9901;23;;;9913;18;9915;10;;;9909.0;0.0
yf_BGS_d0;56100;INTARIAN_PEPPER_ROOT;12330;13;12328;18;;;12351;11;12353;27;;;12340.5;0.0
yf_BGS_d0;56200;ASH_COATED_OSMIUM;9901;20;9898;19;;;9917;19;9920;24;;;9909.0;0.0
yf_BGS_d0;56200;INTARIAN_PEPPER_ROOT;12338;19;12336;17;;;12344;18;12347;23;;;12341.0;0.0
yf_BGS_d0;56300;ASH_COATED_OSMIUM;9904;14;9902;19;;;9914;20;9918;15;;;9909.0;0.0
yf_BGS_d0;56300;INTARIAN_PEPPER_ROOT;12338;10;12334;18;;;12344;16;12348;16;;;12341.0;0.0
yf_BGS_d0;56400;ASH_COATED_OSMIUM;9906;17;9903;15;;;9912;20;9914;21;;;9909.0;0.0
yf_BGS_d0;56400;INTARIAN_PEPPER_ROOT;12338;25;12336;15;;;12344;11;12347;18;;;12341.0;0.0
yf_BGS_d0;56500;ASH_COATED_OSMIUM;9895;30;9892;29;;;9922;8;9924;18;;;9908.5;0.0
yf_BGS_d0;56500;INTARIAN_PEPPER_ROOT;12336;5;12334;23;;;12347;20;12349;9;;;12341.5;0.0
yf_BGS_d0;56600;ASH_COATED_OSMIUM;9905;24;9903;19;;;9912;6;9915;18;;;9908.5;0.0
yf_BGS_d0;56600;INTARIAN_PEPPER_ROOT;12337;16;12334;29;;;12344;15;12346;17;;;12340.5;0.0
yf_BGS_d0;56700;ASH_COATED_OSMIUM;9906;8;9904;24;;;9912;18;9914;16;;;9909.0;0.0
yf_BGS_d0;56700;INTARIAN_PEPPER_ROOT;12339;21;12336;27;;;12345;5;12347;23;;;12342.0;0.0
yf_BGS_d0;56800;ASH_COATED_OSMIUM;9906;10;9902;19;;;9912;16;9914;28;;;9909.0;0.0
yf_BGS_d0;56800;INTARIAN_PEPPER_ROOT;12338;5;12336;22;;;12344;17;12346;16;;;12341.0;0.0
yf_BGS_d0;56900;ASH_COATED_OSMIUM;9906;11;9902;14;;;9912;10;9916;20;;;9909.0;0.0
yf_BGS_d0;56900;INTARIAN_PEPPER_ROOT;12339;22;12336;22;;;12345;15;12347;30;;;12342.0;0.0
yf_BGS_d0;57000;ASH_COATED_OSMIUM;9903;24;9901;15;;;9915;19;9917;19;;;9909.0;0.0
yf_BGS_d0;57000;INTARIAN_PEPPER_ROOT;12339;16;12337;19;;;12346;15;12348;18;;;12342.5;0.0
yf_BGS_d0;57100;ASH_COATED_OSMIUM;9906;8;9903;10;;;9912;17;9915;16;;;9909.0;0.0
yf_BGS_d0;57100;INTARIAN_PEPPER_ROOT;12339;16;12337;20;;;12345;23;12347;16;;;12342.0;0.0
yf_BGS_d0;57200;ASH_COATED_OSMIUM;9906;14;9903;10;;;9912;22;9915;28;;;9909.0;0.0
yf_BGS_d0;57200;INTARIAN_PEPPER_ROOT;12336;16;12334;24;;;12349;12;12352;24;;;12342.5;0.0
yf_BGS_d0;57300;ASH_COATED_OSMIUM;9906;10;9904;10;;;9912;18;9915;20;;;9909.0;0.0
yf_BGS_d0;57300;INTARIAN_PEPPER_ROOT;12337;14;12335;27;;;12348;15;12352;28;;;12342.5;0.0
yf_BGS_d0;57400;ASH_COATED_OSMIUM;9905;19;9902;18;;;9914;9;9918;18;;;9909.5;0.0
yf_BGS_d0;57400;INTARIAN_PEPPER_ROOT;12339;16;12337;17;;;12345;9;12348;23;;;12342.0;0.0
yf_BGS_d0;57500;ASH_COATED_OSMIUM;9906;16;9903;15;;;9912;5;9915;11;;;9909.0;0.0
yf_BGS_d0;57500;INTARIAN_PEPPER_ROOT;12339;19;12335;10;;;12345;21;12349;10;;;12342.0;0.0
yf_BGS_d0;57600;ASH_COATED_OSMIUM;9906;10;9903;13;;;9912;14;9914;21;;;9909.0;0.0
yf_BGS_d0;57600;INTARIAN_PEPPER_ROOT;12338;17;12336;22;;;12348;11;12351;29;;;12343.0;0.0
yf_BGS_d0;57700;ASH_COATED_OSMIUM;9906;13;9902;15;;;9912;16;9916;22;;;9909.0;0.0
yf_BGS_d0;57700;INTARIAN_PEPPER_ROOT;12340;19;12337;25;;;12346;8;12348;18;;;12343.0;0.0
yf_BGS_d0;57800;ASH_COATED_OSMIUM;9899;18;9896;14;;;9920;6;9924;25;;;9909.5;0.0
yf_BGS_d0;57800;INTARIAN_PEPPER_ROOT;12335;15;12331;22;;;12350;15;12354;17;;;12342.5;0.0
yf_BGS_d0;57900;ASH_COATED_OSMIUM;9903;14;9901;27;;;9915;15;9919;23;;;9909.0;0.0
yf_BGS_d0;57900;INTARIAN_PEPPER_ROOT;12340;23;12337;23;;;12346;6;12348;13;;;12343.0;0.0
yf_BGS_d0;58000;ASH_COATED_OSMIUM;9896;15;9894;8;;;9922;11;9926;18;;;9909.0;0.0
yf_BGS_d0;58000;INTARIAN_PEPPER_ROOT;12340;26;12337;9;;;12346;21;12348;24;;;12343.0;0.0
yf_BGS_d0;58100;ASH_COATED_OSMIUM;9906;12;9902;24;;;9912;18;9916;23;;;9909.0;0.0
yf_BGS_d0;58100;INTARIAN_PEPPER_ROOT;12336;18;12333;13;;;12351;11;12353;20;;;12343.5;0.0
yf_BGS_d0;58200;ASH_COATED_OSMIUM;9907;7;9904;13;;;9913;13;9916;9;;;9910.0;0.0
yf_BGS_d0;58200;INTARIAN_PEPPER_ROOT;12340;12;12338;19;;;12346;15;12349;15;;;12343.0;0.0
yf_BGS_d0;58300;ASH_COATED_OSMIUM;9902;12;9899;21;;;9915;7;9917;19;;;9908.5;0.0
yf_BGS_d0;58300;INTARIAN_PEPPER_ROOT;12341;18;12339;18;;;12347;10;12349;20;;;12344.0;0.0
yf_BGS_d0;58400;ASH_COATED_OSMIUM;9906;15;9903;8;;;9912;17;9915;18;;;9909.0;0.0
yf_BGS_d0;58400;INTARIAN_PEPPER_ROOT;12338;12;12334;18;;;12352;20;12354;25;;;12345.0;0.0
yf_BGS_d0;58500;ASH_COATED_OSMIUM;9906;18;9904;19;;;9912;15;9915;24;;;9909.0;0.0
yf_BGS_d0;58500;INTARIAN_PEPPER_ROOT;12341;6;12339;31;;;12347;12;12350;18;;;12344.0;0.0
yf_BGS_d0;58600;ASH_COATED_OSMIUM;9901;16;9898;18;;;9916;10;9919;23;;;9908.5;0.0
yf_BGS_d0;58600;INTARIAN_PEPPER_ROOT;12341;14;12339;21;;;12347;15;12351;22;;;12344.0;0.0
yf_BGS_d0;58700;ASH_COATED_OSMIUM;9906;18;9904;14;;;9914;15;9917;15;;;9910.0;0.0
yf_BGS_d0;58700;INTARIAN_PEPPER_ROOT;12341;11;12337;17;;;12347;8;12350;23;;;12344.0;0.0
yf_BGS_d0;58800;ASH_COATED_OSMIUM;9906;13;9904;14;;;9912;10;9914;18;;;9909.0;0.0
yf_BGS_d0;58800;INTARIAN_PEPPER_ROOT;12335;13;12333;24;;;12353;5;12355;14;;;12344.0;0.0
yf_BGS_d0;58900;ASH_COATED_OSMIUM;9904;5;9900;17;;;9916;14;9919;12;;;9910.0;0.0
yf_BGS_d0;58900;INTARIAN_PEPPER_ROOT;12341;22;12337;14;;;12348;15;12351;9;;;12344.5;0.0
yf_BGS_d0;59000;ASH_COATED_OSMIUM;9906;10;9903;26;;;9912;8;9915;18;;;9909.0;0.0
