day;timestamp;product;bid_price_1;bid_volume_1;bid_price_2;bid_volume_2;bid_price_3;bid_volume_3;ask_price_1;ask_volume_1;ask_price_2;ask_volume_2;ask_price_3;ask_volume_3;mid_price;profit_and_loss
yf_ZS=F_d9;0;ASH_COATED_OSMIUM;9896;16;9894;17;;;9902;14;9904;15;;;9899.0;0.0
yf_ZS=F_d9;0;INTARIAN_PEPPER_ROOT;12798;18;12795;17;;;12804;5;12807;26;;;12801.0;0.0
yf_ZS=F_d9;100;ASH_COATED_OSMIUM;9897;16;9894;21;;;9903;14;9905;22;;;9900.0;0.0
yf_ZS=F_d9;100;INTARIAN_PEPPER_ROOT;12796;11;12794;20;;;12806;17;12809;17;;;12801.0;0.0
yf_ZS=F_d9;200;ASH_COATED_OSMIUM;9891;28;9888;17;;;9908;8;9910;16;;;9899.5;0.0
yf_ZS=F_d9;200;INTARIAN_PEPPER_ROOT;12798;10;12795;18;;;12804;14;12806;17;;;12801.0;0.0
yf_ZS=F_d9;300;ASH_COATED_OSMIUM;9891;28;9887;24;;;9909;10;9911;20;;;9900.0;0.0
yf_ZS=F_d9;300;INTARIAN_PEPPER_ROOT;12798;14;12796;23;;;12804;10;12806;18;;;12801.0;0.0
yf_ZS=F_d9;400;ASH_COATED_OSMIUM;9896;12;9893;16;;;9905;14;9909;20;;;9900.5;0.0
yf_ZS=F_d9;400;INTARIAN_PEPPER_ROOT;12798;12;12796;23;;;12804;13;12806;22;;;12801.0;0.0
yf_ZS=F_d9;500;ASH_COATED_OSMIUM;9898;13;9895;8;;;9904;18;9907;15;;;9901.0;0.0
yf_ZS=F_d9;500;INTARIAN_PEPPER_ROOT;12797;16;12793;23;;;12803;30;12806;12;;;12800.0;0.0
yf_ZS=F_d9;600;ASH_COATED_OSMIUM;9898;5;9896;20;;;9904;8;9908;23;;;9901.0;0.0
yf_ZS=F_d9;600;INTARIAN_PEPPER_ROOT;12798;15;12794;14;;;12804;5;12807;16;;;12801.0;0.0
yf_ZS=F_d9;700;ASH_COATED_OSMIUM;9893;24;9890;13;;;9909;5;9911;24;;;9901.0;0.0
yf_ZS=F_d9;700;INTARIAN_PEPPER_ROOT;12797;16;12795;20;;;12803;10;12806;22;;;12800.0;0.0
yf_ZS=F_d9;800;ASH_COATED_OSMIUM;9889;15;9885;16;;;9913;20;9915;24;;;9901.0;0.0
yf_ZS=F_d9;800;INTARIAN_PEPPER_ROOT;12797;14;12793;29;;;12805;15;12809;23;;;12801.0;0.0
yf_ZS=F_d9;900;ASH_COATED_OSMIUM;9894;5;9892;23;;;9908;25;9911;19;;;9901.0;0.0
yf_ZS=F_d9;900;INTARIAN_PEPPER_ROOT;12798;7;12794;30;;;12804;15;12807;25;;;12801.0;0.0
yf_ZS=F_d9;1000;ASH_COATED_OSMIUM;9895;9;9892;23;;;9908;19;9910;18;;;9901.5;0.0
yf_ZS=F_d9;1000;INTARIAN_PEPPER_ROOT;12787;16;12783;22;;;12813;5;12817;22;;;12800.0;0.0
yf_ZS=F_d9;1100;ASH_COATED_OSMIUM;9899;8;9896;12;;;9906;13;9910;13;;;9902.5;0.0
yf_ZS=F_d9;1100;INTARIAN_PEPPER_ROOT;12794;25;12791;27;;;12807;12;12811;24;;;12800.5;0.0
yf_ZS=F_d9;1200;ASH_COATED_OSMIUM;9897;8;9893;20;;;9908;11;9910;24;;;9902.5;0.0
yf_ZS=F_d9;1200;INTARIAN_PEPPER_ROOT;12798;16;12794;21;;;12804;20;12808;18;;;12801.0;0.0
yf_ZS=F_d9;1300;ASH_COATED_OSMIUM;9899;15;9897;15;;;9908;5;9910;24;;;9903.5;0.0
yf_ZS=F_d9;1300;INTARIAN_PEPPER_ROOT;12793;19;12790;18;;;12807;18;12809;23;;;12800.0;0.0
yf_ZS=F_d9;1400;ASH_COATED_OSMIUM;9899;15;9896;14;;;9906;10;9908;24;;;9902.5;0.0
yf_ZS=F_d9;1400;INTARIAN_PEPPER_ROOT;12797;19;12793;21;;;12803;17;12807;19;;;12800.0;0.0
yf_ZS=F_d9;1500;ASH_COATED_OSMIUM;9898;8;9894;8;;;9909;17;9913;19;;;9903.5;0.0
yf_ZS=F_d9;1500;INTARIAN_PEPPER_ROOT;12798;15;12796;18;;;12804;19;12808;15;;;12801.0;0.0
yf_ZS=F_d9;1600;ASH_COATED_OSMIUM;9900;18;9897;25;;;9906;17;9908;24;;;9903.0;0.0
yf_ZS=F_d9;1600;INTARIAN_PEPPER_ROOT;12792;12;12789;17;;;12808;15;12810;17;;;12800.0;0.0
yf_ZS=F_d9;1700;ASH_COATED_OSMIUM;9900;14;9896;23;;;9906;14;9909;26;;;9903.0;0.0
yf_ZS=F_d9;1700;INTARIAN_PEPPER_ROOT;12797;23;12795;21;;;12805;16;12809;23;;;12801.0;0.0
yf_ZS=F_d9;1800;ASH_COATED_OSMIUM;9900;12;9896;27;;;9907;13;9911;16;;;9903.5;0.0
yf_ZS=F_d9;1800;INTARIAN_PEPPER_ROOT;12793;11;12789;20;;;12807;23;12810;18;;;12800.0;0.0
yf_ZS=F_d9;1900;ASH_COATED_OSMIUM;9902;15;9900;16;;;9908;10;9910;17;;;9905.0;0.0
yf_ZS=F_d9;1900;INTARIAN_PEPPER_ROOT;12797;16;12793;17;;;12803;10;12807;18;;;12800.0;0.0
yf_ZS=F_d9;2000;ASH_COATED_OSMIUM;9894;12;9890;14;;;9915;23;9917;15;;;9904.5;0.0
yf_ZS=F_d9;2000;INTARIAN_PEPPER_ROOT;12797;11;12793;18;;;12803;13;12806;22;;;12800.0;0.0
yf_ZS=F_d9;2100;ASH_COATED_OSMIUM;9888;30;9884;17;;;9922;18;9925;12;;;9905.0;0.0
yf_ZS=F_d9;2100;INTARIAN_PEPPER_ROOT;12797;12;12793;22;;;12803;18;12806;18;;;12800.0;0.0
yf_ZS=F_d9;2200;ASH_COATED_OSMIUM;9902;8;9898;23;;;9908;18;9911;22;;;9905.0;0.0
yf_ZS=F_d9;2200;INTARIAN_PEPPER_ROOT;12797;11;12795;21;;;12803;12;12805;17;;;12800.0;0.0
yf_ZS=F_d9;2300;ASH_COATED_OSMIUM;9902;12;9898;24;;;9908;11;9911;16;;;9905.0;0.0
yf_ZS=F_d9;2300;INTARIAN_PEPPER_ROOT;12797;18;12794;23;;;12803;8;12805;11;;;12800.0;0.0
yf_ZS=F_d9;2400;ASH_COATED_OSMIUM;9902;6;9898;15;;;9908;16;9912;33;;;9905.0;0.0
yf_ZS=F_d9;2400;INTARIAN_PEPPER_ROOT;12797;13;12793;18;;;12803;5;12807;11;;;12800.0;0.0
yf_ZS=F_d9;2500;ASH_COATED_OSMIUM;9896;12;9894;25;;;9915;16;9918;16;;;9905.5;0.0
yf_ZS=F_d9;2500;INTARIAN_PEPPER_ROOT;12790;17;12787;15;;;12810;7;12814;21;;;12800.0;0.0
yf_ZS=F_d9;2600;ASH_COATED_OSMIUM;9903;11;9900;25;;;9909;9;9913;16;;;9906.0;0.0
yf_ZS=F_d9;2600;INTARIAN_PEPPER_ROOT;12796;21;12793;18;;;12803;8;12806;22;;;12799.5;0.0
yf_ZS=F_d9;2700;ASH_COATED_OSMIUM;9899;24;9895;21;;;9912;16;9916;26;;;9905.5;0.0
yf_ZS=F_d9;2700;INTARIAN_PEPPER_ROOT;12797;14;12794;14;;;12803;13;12806;27;;;12800.0;0.0
yf_ZS=F_d9;2800;ASH_COATED_OSMIUM;9902;13;9900;20;;;9909;14;9912;20;;;9905.5;0.0
yf_ZS=F_d9;2800;INTARIAN_PEPPER_ROOT;12797;25;12793;21;;;12803;19;12806;23;;;12800.0;0.0
yf_ZS=F_d9;2900;ASH_COATED_OSMIUM;9903;17;9900;19;;;9910;26;9912;22;;;9906.5;0.0
yf_ZS=F_d9;2900;INTARIAN_PEPPER_ROOT;12797;11;12795;20;;;12803;15;12806;15;;;12800.0;0.0
yf_ZS=F_d9;3000;ASH_COATED_OSMIUM;9904;18;9902;21;;;9910;8;9913;22;;;9907.0;0.0
yf_ZS=F_d9;3000;INTARIAN_PEPPER_ROOT;12791;13;12788;23;;;12808;24;12811;16;;;12799.5;0.0
yf_ZS=F_d9;3100;ASH_COATED_OSMIUM;9904;12;9900;18;;;9910;12;9912;21;;;9907.0;0.0
yf_ZS=F_d9;3100;INTARIAN_PEPPER_ROOT;12796;19;12792;18;;;12802;19;12806;27;;;12799.0;0.0
yf_ZS=F_d9;3200;ASH_COATED_OSMIUM;9904;13;9901;18;;;9910;14;9914;23;;;9907.0;0.0
yf_ZS=F_d9;3200;INTARIAN_PEPPER_ROOT;12797;7;12795;20;;;12803;10;12807;12;;;12800.0;0.0
yf_ZS=F_d9;3300;ASH_COATED_OSMIUM;9892;15;9889;23;;;9921;20;9923;17;;;9906.5;0.0
yf_ZS=F_d9;3300;INTARIAN_PEPPER_ROOT;12793;20;12789;20;;;12806;16;12809;17;;;12799.5;0.0
yf_ZS=F_d9;3400;ASH_COATED_OSMIUM;9900;9;9897;21;;;9917;16;9921;27;;;9908.5;0.0
yf_ZS=F_d9;3400;INTARIAN_PEPPER_ROOT;12795;10;12791;34;;;12806;8;12809;16;;;12800.5;0.0
yf_ZS=F_d9;3500;ASH_COATED_OSMIUM;9904;9;9901;21;;;9911;12;9914;23;;;9907.5;0.0
yf_ZS=F_d9;3500;INTARIAN_PEPPER_ROOT;12792;16;12788;22;;;12807;19;12810;20;;;12799.5;0.0
yf_ZS=F_d9;3600;ASH_COATED_OSMIUM;9905;5;9902;21;;;9911;12;9915;23;;;9908.0;0.0
yf_ZS=F_d9;3600;INTARIAN_PEPPER_ROOT;12797;14;12794;18;;;12803;9;12806;23;;;12800.0;0.0
yf_ZS=F_d9;3700;ASH_COATED_OSMIUM;9902;17;9900;20;;;9915;18;9918;17;;;9908.5;0.0
yf_ZS=F_d9;3700;INTARIAN_PEPPER_ROOT;12794;15;12790;16;;;12805;19;12808;30;;;12799.5;0.0
yf_ZS=F_d9;3800;ASH_COATED_OSMIUM;9906;13;9903;20;;;9912;10;9914;15;;;9909.0;0.0
yf_ZS=F_d9;3800;INTARIAN_PEPPER_ROOT;12797;14;12794;22;;;12803;16;12805;17;;;12800.0;0.0
yf_ZS=F_d9;3900;ASH_COATED_OSMIUM;9906;19;9902;16;;;9912;21;9916;10;;;9909.0;0.0
yf_ZS=F_d9;3900;INTARIAN_PEPPER_ROOT;12796;13;12792;24;;;12802;14;12806;12;;;12799.0;0.0
yf_ZS=F_d9;4000;ASH_COATED_OSMIUM;9901;8;9899;22;;;9917;17;9919;15;;;9909.0;0.0
yf_ZS=F_d9;4000;INTARIAN_PEPPER_ROOT;12796;25;12793;27;;;12802;16;12804;20;;;12799.0;0.0
yf_ZS=F_d9;4100;ASH_COATED_OSMIUM;9901;14;9899;18;;;9918;16;9922;15;;;9909.5;0.0
yf_ZS=F_d9;4100;INTARIAN_PEPPER_ROOT;12794;18;12790;21;;;12804;18;12807;24;;;12799.0;0.0
yf_ZS=F_d9;4200;ASH_COATED_OSMIUM;9906;9;9903;11;;;9915;14;9918;14;;;9910.5;0.0
yf_ZS=F_d9;4200;INTARIAN_PEPPER_ROOT;12796;9;12792;14;;;12802;11;12805;14;;;12799.0;0.0
yf_ZS=F_d9;4300;ASH_COATED_OSMIUM;9906;5;9902;18;;;9914;10;9917;17;;;9910.0;0.0
yf_ZS=F_d9;4300;INTARIAN_PEPPER_ROOT;12786;8;12783;17;;;12812;12;12816;27;;;12799.0;0.0
yf_ZS=F_d9;4400;ASH_COATED_OSMIUM;9901;11;9899;16;;;9919;11;9921;24;;;9910.0;0.0
yf_ZS=F_d9;4400;INTARIAN_PEPPER_ROOT;12796;15;12792;13;;;12802;17;12804;22;;;12799.0;0.0
yf_ZS=F_d9;4500;ASH_COATED_OSMIUM;9899;13;9896;18;;;9922;8;9926;24;;;9910.5;0.0
yf_ZS=F_d9;4500;INTARIAN_PEPPER_ROOT;12788;12;12785;26;;;12810;10;12812;20;;;12799.0;0.0
yf_ZS=F_d9;4600;ASH_COATED_OSMIUM;9907;17;9903;21;;;9913;19;9915;23;;;9910.0;0.0
yf_ZS=F_d9;4600;INTARIAN_PEPPER_ROOT;12792;13;12789;14;;;12806;21;12809;27;;;12799.0;0.0
yf_ZS=F_d9;4700;ASH_COATED_OSMIUM;9896;20;9894;14;;;9927;17;9931;13;;;9911.5;0.0
yf_ZS=F_d9;4700;INTARIAN_PEPPER_ROOT;12797;6;12793;29;;;12803;8;12807;20;;;12800.0;0.0
yf_ZS=F_d9;4800;ASH_COATED_OSMIUM;9905;13;9901;10;;;9918;11;9922;21;;;9911.5;0.0
yf_ZS=F_d9;4800;INTARIAN_PEPPER_ROOT;12796;11;12792;20;;;12802;18;12805;24;;;12799.0;0.0
yf_ZS=F_d9;4900;ASH_COATED_OSMIUM;9908;19;9904;24;;;9914;11;9917;14;;;9911.0;0.0
yf_ZS=F_d9;4900;INTARIAN_PEPPER_ROOT;12796;18;12793;14;;;12802;11;12805;22;;;12799.0;0.0
yf_ZS=F_d9;5000;ASH_COATED_OSMIUM;9907;26;9904;12;;;9915;15;9918;23;;;9911.0;0.0
yf_ZS=F_d9;5000;INTARIAN_PEPPER_ROOT;12796;14;12794;23;;;12802;16;12804;16;;;12799.0;0.0
yf_ZS=F_d9;5100;ASH_COATED_OSMIUM;9909;13;9905;21;;;9915;13;9918;29;;;9912.0;0.0
yf_ZS=F_d9;5100;INTARIAN_PEPPER_ROOT;12796;9;12792;26;;;12802;17;12806;15;;;12799.0;0.0
yf_ZS=F_d9;5200;ASH_COATED_OSMIUM;9909;20;9905;12;;;9915;16;9919;19;;;9912.0;0.0
yf_ZS=F_d9;5200;INTARIAN_PEPPER_ROOT;12791;21;12788;20;;;12807;16;12809;19;;;12799.0;0.0
yf_ZS=F_d9;5300;ASH_COATED_OSMIUM;9909;13;9905;24;;;9915;10;9918;20;;;9912.0;0.0
yf_ZS=F_d9;5300;INTARIAN_PEPPER_ROOT;12796;18;12794;25;;;12802;19;12804;21;;;12799.0;0.0
yf_ZS=F_d9;5400;ASH_COATED_OSMIUM;9904;13;9901;23;;;9920;14;9922;22;;;9912.0;0.0
yf_ZS=F_d9;5400;INTARIAN_PEPPER_ROOT;12796;14;12792;21;;;12802;16;12806;19;;;12799.0;0.0
yf_ZS=F_d9;5500;ASH_COATED_OSMIUM;9910;17;9906;21;;;9916;14;9920;31;;;9913.0;0.0
yf_ZS=F_d9;5500;INTARIAN_PEPPER_ROOT;12790;13;12786;15;;;12807;11;12811;31;;;12798.5;0.0
yf_ZS=F_d9;5600;ASH_COATED_OSMIUM;9910;13;9907;9;;;9916;14;9919;10;;;9913.0;0.0
yf_ZS=F_d9;5600;INTARIAN_PEPPER_ROOT;12794;13;12791;13;;;12804;12;12808;24;;;12799.0;0.0
yf_ZS=F_d9;5700;ASH_COATED_OSMIUM;9906;8;9904;21;;;9920;8;9923;20;;;9913.0;0.0
yf_ZS=F_d9;5700;INTARIAN_PEPPER_ROOT;12796;17;12792;28;;;12802;12;12804;17;;;12799.0;0.0
yf_ZS=F_d9;5800;ASH_COATED_OSMIUM;9909;15;9906;14;;;9917;8;9920;27;;;9913.0;0.0
yf_ZS=F_d9;5800;INTARIAN_PEPPER_ROOT;12796;13;12793;30;;;12802;11;12804;15;;;12799.0;0.0
yf_ZS=F_d9;5900;ASH_COATED_OSMIUM;9910;19;9906;18;;;9916;18;9920;15;;;9913.0;0.0
yf_ZS=F_d9;5900;INTARIAN_PEPPER_ROOT;12795;17;12792;10;;;12801;9;12805;16;;;12798.0;0.0
yf_ZS=F_d9;6000;ASH_COATED_OSMIUM;9911;22;9909;21;;;9917;11;9919;22;;;9914.0;0.0
yf_ZS=F_d9;6000;INTARIAN_PEPPER_ROOT;12795;5;12791;26;;;12801;12;12804;22;;;12798.0;0.0
yf_ZS=F_d9;6100;ASH_COATED_OSMIUM;9911;14;9908;23;;;9917;16;9919;8;;;9914.0;0.0
yf_ZS=F_d9;6100;INTARIAN_PEPPER_ROOT;12794;20;12791;25;;;12803;13;12805;19;;;12798.5;0.0
yf_ZS=F_d9;6200;ASH_COATED_OSMIUM;9909;15;9905;25;;;9919;13;9922;18;;;9914.0;0.0
yf_ZS=F_d9;6200;INTARIAN_PEPPER_ROOT;12796;20;12793;22;;;12802;19;12806;15;;;12799.0;0.0
yf_ZS=F_d9;6300;ASH_COATED_OSMIUM;9912;10;9910;16;;;9918;5;9922;20;;;9915.0;0.0
yf_ZS=F_d9;6300;INTARIAN_PEPPER_ROOT;12795;15;12793;19;;;12801;22;12804;17;;;12798.0;0.0
yf_ZS=F_d9;6400;ASH_COATED_OSMIUM;9912;26;9910;14;;;9918;14;9920;16;;;9915.0;0.0
yf_ZS=F_d9;6400;INTARIAN_PEPPER_ROOT;12795;9;12793;14;;;12801;20;12803;20;;;12798.0;0.0
yf_ZS=F_d9;6500;ASH_COATED_OSMIUM;9908;14;9904;21;;;9923;14;9926;22;;;9915.5;0.0
yf_ZS=F_d9;6500;INTARIAN_PEPPER_ROOT;12794;16;12790;28;;;12804;10;12806;19;;;12799.0;0.0
yf_ZS=F_d9;6600;ASH_COATED_OSMIUM;9912;22;9910;9;;;9918;6;9921;19;;;9915.0;0.0
yf_ZS=F_d9;6600;INTARIAN_PEPPER_ROOT;12795;19;12793;17;;;12802;10;12806;15;;;12798.5;0.0
yf_ZS=F_d9;6700;ASH_COATED_OSMIUM;9913;8;9911;16;;;9919;10;9921;21;;;9916.0;0.0
yf_ZS=F_d9;6700;INTARIAN_PEPPER_ROOT;12793;20;12790;22;;;12804;13;12807;19;;;12798.5;0.0
yf_ZS=F_d9;6800;ASH_COATED_OSMIUM;9912;8;9908;21;;;9918;14;9920;22;;;9915.0;0.0
yf_ZS=F_d9;6800;INTARIAN_PEPPER_ROOT;12795;18;12792;14;;;12801;20;12804;18;;;12798.0;0.0
yf_ZS=F_d9;6900;ASH_COATED_OSMIUM;9913;13;9909;14;;;9919;15;9921;15;;;9916.0;0.0
yf_ZS=F_d9;6900;INTARIAN_PEPPER_ROOT;12795;19;12793;9;;;12802;17;12804;16;;;12798.5;0.0
yf_ZS=F_d9;7000;ASH_COATED_OSMIUM;9892;17;9888;21;;;9939;16;9943;18;;;9915.5;0.0
yf_ZS=F_d9;7000;INTARIAN_PEPPER_ROOT;12793;11;12791;19;;;12803;17;12807;24;;;12798.0;0.0
yf_ZS=F_d9;7100;ASH_COATED_OSMIUM;9909;13;9906;14;;;9922;15;9925;16;;;9915.5;0.0
yf_ZS=F_d9;7100;INTARIAN_PEPPER_ROOT;12793;14;12791;13;;;12804;14;12807;25;;;12798.5;0.0
yf_ZS=F_d9;7200;ASH_COATED_OSMIUM;9914;14;9912;14;;;9920;19;9924;21;;;9917.0;0.0
yf_ZS=F_d9;7200;INTARIAN_PEPPER_ROOT;12795;7;12793;18;;;12801;9;12803;34;;;12798.0;0.0
yf_ZS=F_d9;7300;ASH_COATED_OSMIUM;9914;9;9912;13;;;9920;15;9924;21;;;9917.0;0.0
yf_ZS=F_d9;7300;INTARIAN_PEPPER_ROOT;12794;17;12792;24;;;12802;16;12806;10;;;12798.0;0.0
yf_ZS=F_d9;7400;ASH_COATED_OSMIUM;9910;14;9907;25;;;9925;19;9927;24;;;9917.5;0.0
yf_ZS=F_d9;7400;INTARIAN_PEPPER_ROOT;12795;11;12793;27;;;12801;14;12805;27;;;12798.0;0.0
yf_ZS=F_d9;7500;ASH_COATED_OSMIUM;9905;20;9903;16;;;9929;9;9931;24;;;9917.0;0.0
yf_ZS=F_d9;7500;INTARIAN_PEPPER_ROOT;12794;20;12792;31;;;12800;19;12804;13;;;12797.0;0.0
yf_ZS=F_d9;7600;ASH_COATED_OSMIUM;9915;14;9911;22;;;9921;7;9924;22;;;9918.0;0.0
yf_ZS=F_d9;7600;INTARIAN_PEPPER_ROOT;12795;21;12792;20;;;12801;9;12803;20;;;12798.0;0.0
yf_ZS=F_d9;7700;ASH_COATED_OSMIUM;9915;22;9913;22;;;9921;9;9925;22;;;9918.0;0.0
yf_ZS=F_d9;7700;INTARIAN_PEPPER_ROOT;12795;8;12792;19;;;12801;15;12804;13;;;12798.0;0.0
yf_ZS=F_d9;7800;ASH_COATED_OSMIUM;9914;15;9911;19;;;9923;10;9926;11;;;9918.5;0.0
yf_ZS=F_d9;7800;INTARIAN_PEPPER_ROOT;12795;17;12793;21;;;12801;13;12803;9;;;12798.0;0.0
yf_ZS=F_d9;7900;ASH_COATED_OSMIUM;9915;13;9913;16;;;9921;14;9925;17;;;9918.0;0.0
yf_ZS=F_d9;7900;INTARIAN_PEPPER_ROOT;12795;15;12793;21;;;12801;18;12804;23;;;12798.0;0.0
yf_ZS=F_d9;8000;ASH_COATED_OSMIUM;9913;13;9909;19;;;9925;7;9928;16;;;9919.0;0.0
yf_ZS=F_d9;8000;INTARIAN_PEPPER_ROOT;12795;14;12793;20;;;12801;7;12805;24;;;12798.0;0.0
yf_ZS=F_d9;8100;ASH_COATED_OSMIUM;9916;13;9912;13;;;9922;14;9924;22;;;9919.0;0.0
yf_ZS=F_d9;8100;INTARIAN_PEPPER_ROOT;12795;6;12792;25;;;12801;12;12804;19;;;12798.0;0.0
yf_ZS=F_d9;8200;ASH_COATED_OSMIUM;9916;23;9912;31;;;9922;11;9926;18;;;9919.0;0.0
yf_ZS=F_d9;8200;INTARIAN_PEPPER_ROOT;12792;14;12790;24;;;12803;11;12807;22;;;12797.5;0.0
yf_ZS=F_d9;8300;ASH_COATED_OSMIUM;9906;13;9902;19;;;9932;18;9936;19;;;9919.0;0.0
yf_ZS=F_d9;8300;INTARIAN_PEPPER_ROOT;12792;20;12790;21;;;12803;9;12805;25;;;12797.5;0.0
yf_ZS=F_d9;8400;ASH_COATED_OSMIUM;9916;20;9914;23;;;9923;17;9926;14;;;9919.5;0.0
yf_ZS=F_d9;8400;INTARIAN_PEPPER_ROOT;12791;17;12787;21;;;12804;21;12807;21;;;12797.5;0.0
yf_ZS=F_d9;8500;ASH_COATED_OSMIUM;9915;16;9913;19;;;9925;13;9929;20;;;9920.0;0.0
yf_ZS=F_d9;8500;INTARIAN_PEPPER_ROOT;12794;9;12791;13;;;12800;9;12803;20;;;12797.0;0.0
yf_ZS=F_d9;8600;ASH_COATED_OSMIUM;9911;18;9909;25;;;9929;5;9931;11;;;9920.0;0.0
yf_ZS=F_d9;8600;INTARIAN_PEPPER_ROOT;12794;13;12791;9;;;12800;18;12803;22;;;12797.0;0.0
yf_ZS=F_d9;8700;ASH_COATED_OSMIUM;9918;7;9915;18;;;9924;15;9928;20;;;9921.0;0.0
yf_ZS=F_d9;8700;INTARIAN_PEPPER_ROOT;12792;7;12790;16;;;12803;16;12807;20;;;12797.5;0.0
yf_ZS=F_d9;8800;ASH_COATED_OSMIUM;9918;13;9914;22;;;9924;8;9928;21;;;9921.0;0.0
yf_ZS=F_d9;8800;INTARIAN_PEPPER_ROOT;12795;20;12791;23;;;12801;21;12803;24;;;12798.0;0.0
yf_ZS=F_d9;8900;ASH_COATED_OSMIUM;9915;15;9913;14;;;9927;15;9930;21;;;9921.0;0.0
yf_ZS=F_d9;8900;INTARIAN_PEPPER_ROOT;12794;19;12792;23;;;12800;17;12803;10;;;12797.0;0.0
yf_ZS=F_d9;9000;ASH_COATED_OSMIUM;9918;15;9914;11;;;9924;8;9927;24;;;9921.0;0.0
yf_ZS=F_d9;9000;INTARIAN_PEPPER_ROOT;12794;20;12790;15;;;12800;16;12803;14;;;12797.0;0.0
yf_ZS=F_d9;9100;ASH_COATED_OSMIUM;9918;14;9916;25;;;9924;18;9927;18;;;9921.0;0.0
yf_ZS=F_d9;9100;INTARIAN_PEPPER_ROOT;12795;20;12792;31;;;12801;13;12804;14;;;12798.0;0.0
yf_ZS=F_d9;9200;ASH_COATED_OSMIUM;9912;20;9909;22;;;9931;23;9935;24;;;9921.5;0.0
yf_ZS=F_d9;9200;INTARIAN_PEPPER_ROOT;12792;10;12790;12;;;12802;8;12804;13;;;12797.0;0.0
yf_ZS=F_d9;9300;ASH_COATED_OSMIUM;9920;25;9917;22;;;9926;16;9928;19;;;9923.0;0.0
yf_ZS=F_d9;9300;INTARIAN_PEPPER_ROOT;12792;18;12790;15;;;12804;11;12806;8;;;12798.0;0.0
yf_ZS=F_d9;9400;ASH_COATED_OSMIUM;9919;17;9916;27;;;9925;5;9928;9;;;9922.0;0.0
yf_ZS=F_d9;9400;INTARIAN_PEPPER_ROOT;12794;6;12790;24;;;12800;14;12803;19;;;12797.0;0.0
yf_ZS=F_d9;9500;ASH_COATED_OSMIUM;9919;16;9915;12;;;9925;18;9927;20;;;9922.0;0.0
yf_ZS=F_d9;9500;INTARIAN_PEPPER_ROOT;12794;10;12790;25;;;12800;12;12803;17;;;12797.0;0.0
yf_ZS=F_d9;9600;ASH_COATED_OSMIUM;9916;15;9914;16;;;9927;21;9929;16;;;9921.5;0.0
yf_ZS=F_d9;9600;INTARIAN_PEPPER_ROOT;12793;9;12790;30;;;12801;10;12803;17;;;12797.0;0.0
yf_ZS=F_d9;9700;ASH_COATED_OSMIUM;9920;26;9917;22;;;9926;16;9929;30;;;9923.0;0.0
yf_ZS=F_d9;9700;INTARIAN_PEPPER_ROOT;12794;10;12791;11;;;12800;18;12804;18;;;12797.0;0.0
yf_ZS=F_d9;9800;ASH_COATED_OSMIUM;9920;15;9918;23;;;9926;15;9929;26;;;9923.0;0.0
yf_ZS=F_d9;9800;INTARIAN_PEPPER_ROOT;12794;10;12790;19;;;12800;9;12803;22;;;12797.0;0.0
yf_ZS=F_d9;9900;ASH_COATED_OSMIUM;9920;8;9916;20;;;9926;13;9928;20;;;9923.0;0.0
yf_ZS=F_d9;9900;INTARIAN_PEPPER_ROOT;12794;10;12792;20;;;12800;11;12804;16;;;12797.0;0.0
yf_ZS=F_d9;10000;ASH_COATED_OSMIUM;9918;15;9914;24;;;9927;9;9929;14;;;9922.5;0.0
yf_ZS=F_d9;10000;INTARIAN_PEPPER_ROOT;12794;13;12790;17;;;12800;6;12803;14;;;12797.0;0.0
yf_ZS=F_d9;10100;ASH_COATED_OSMIUM;9921;12;9918;27;;;9927;16;9931;25;;;9924.0;0.0
yf_ZS=F_d9;10100;INTARIAN_PEPPER_ROOT;12785;5;12782;20;;;12809;9;12813;18;;;12797.0;0.0
yf_ZS=F_d9;10200;ASH_COATED_OSMIUM;9921;6;9919;9;;;9927;15;9930;20;;;9924.0;0.0
yf_ZS=F_d9;10200;INTARIAN_PEPPER_ROOT;12790;18;12788;11;;;12804;14;12808;14;;;12797.0;0.0
yf_ZS=F_d9;10300;ASH_COATED_OSMIUM;9920;14;9916;19;;;9928;11;9932;25;;;9924.0;0.0
yf_ZS=F_d9;10300;INTARIAN_PEPPER_ROOT;12794;7;12792;15;;;12800;5;12802;22;;;12797.0;0.0
yf_ZS=F_d9;10400;ASH_COATED_OSMIUM;9920;9;9916;21;;;9928;26;9932;11;;;9924.0;0.0
yf_ZS=F_d9;10400;INTARIAN_PEPPER_ROOT;12793;7;12789;17;;;12799;15;12801;15;;;12796.0;0.0
yf_ZS=F_d9;10500;ASH_COATED_OSMIUM;9920;19;9917;10;;;9930;11;9933;18;;;9925.0;0.0
yf_ZS=F_d9;10500;INTARIAN_PEPPER_ROOT;12794;17;12791;18;;;12800;8;12803;16;;;12797.0;0.0
yf_ZS=F_d9;10600;ASH_COATED_OSMIUM;9920;15;9916;16;;;9930;22;9934;21;;;9925.0;0.0
yf_ZS=F_d9;10600;INTARIAN_PEPPER_ROOT;12794;12;12790;24;;;12800;15;12802;13;;;12797.0;0.0
yf_ZS=F_d9;10700;ASH_COATED_OSMIUM;9922;16;9918;21;;;9928;17;9930;26;;;9925.0;0.0
yf_ZS=F_d9;10700;INTARIAN_PEPPER_ROOT;12789;14;12785;16;;;12806;15;12809;23;;;12797.5;0.0
yf_ZS=F_d9;10800;ASH_COATED_OSMIUM;9921;24;9917;19;;;9930;13;9932;27;;;9925.5;0.0
yf_ZS=F_d9;10800;INTARIAN_PEPPER_ROOT;12793;16;12789;26;;;12799;16;12802;24;;;12796.0;0.0
yf_ZS=F_d9;10900;ASH_COATED_OSMIUM;9920;14;9916;27;;;9933;14;9935;15;;;9926.5;0.0
yf_ZS=F_d9;10900;INTARIAN_PEPPER_ROOT;12788;11;12786;23;;;12805;16;12807;23;;;12796.5;0.0
yf_ZS=F_d9;11000;ASH_COATED_OSMIUM;9923;19;9921;19;;;9929;17;9933;30;;;9926.0;0.0
yf_ZS=F_d9;11000;INTARIAN_PEPPER_ROOT;12794;21;12791;23;;;12800;15;12802;25;;;12797.0;0.0
yf_ZS=F_d9;11100;ASH_COATED_OSMIUM;9921;18;9917;19;;;9930;22;9932;12;;;9925.5;0.0
yf_ZS=F_d9;11100;INTARIAN_PEPPER_ROOT;12791;14;12789;17;;;12802;15;12804;15;;;12796.5;0.0
yf_ZS=F_d9;11200;ASH_COATED_OSMIUM;9923;20;9920;21;;;9929;13;9933;27;;;9926.0;0.0
yf_ZS=F_d9;11200;INTARIAN_PEPPER_ROOT;12788;15;12785;13;;;12805;15;12807;25;;;12796.5;0.0
yf_ZS=F_d9;11300;ASH_COATED_OSMIUM;9923;15;9921;19;;;9929;20;9931;19;;;9926.0;0.0
yf_ZS=F_d9;11300;INTARIAN_PEPPER_ROOT;12793;12;12791;23;;;12799;15;12802;26;;;12796.0;0.0
yf_ZS=F_d9;11400;ASH_COATED_OSMIUM;9924;18;9921;14;;;9930;21;9933;21;;;9927.0;0.0
yf_ZS=F_d9;11400;INTARIAN_PEPPER_ROOT;12792;5;12788;23;;;12801;18;12803;22;;;12796.5;0.0
yf_ZS=F_d9;11500;ASH_COATED_OSMIUM;9909;18;9905;16;;;9944;18;9948;19;;;9926.5;0.0
yf_ZS=F_d9;11500;INTARIAN_PEPPER_ROOT;12793;20;12790;27;;;12799;13;12801;17;;;12796.0;0.0
yf_ZS=F_d9;11600;ASH_COATED_OSMIUM;9925;17;9922;21;;;9931;16;9935;24;;;9928.0;0.0
yf_ZS=F_d9;11600;INTARIAN_PEPPER_ROOT;12787;13;12784;18;;;12805;21;12809;22;;;12796.0;0.0
yf_ZS=F_d9;11700;ASH_COATED_OSMIUM;9922;15;9918;20;;;9931;5;9933;24;;;9926.5;0.0
yf_ZS=F_d9;11700;INTARIAN_PEPPER_ROOT;12794;15;12792;29;;;12800;25;12803;24;;;12797.0;0.0
yf_ZS=F_d9;11800;ASH_COATED_OSMIUM;9919;20;9917;8;;;9935;15;9937;19;;;9927.0;0.0
yf_ZS=F_d9;11800;INTARIAN_PEPPER_ROOT;12785;27;12782;18;;;12808;12;12810;26;;;12796.5;0.0
yf_ZS=F_d9;11900;ASH_COATED_OSMIUM;9924;17;9922;26;;;9930;19;9934;21;;;9927.0;0.0
yf_ZS=F_d9;11900;INTARIAN_PEPPER_ROOT;12793;15;12789;30;;;12799;19;12803;24;;;12796.0;0.0
yf_ZS=F_d9;12000;ASH_COATED_OSMIUM;9922;10;9920;18;;;9934;21;9936;17;;;9928.0;0.0
yf_ZS=F_d9;12000;INTARIAN_PEPPER_ROOT;12790;10;12788;28;;;12802;8;12804;15;;;12796.0;0.0
yf_ZS=F_d9;12100;ASH_COATED_OSMIUM;9917;12;9914;26;;;9939;10;9942;20;;;9928.0;0.0
yf_ZS=F_d9;12100;INTARIAN_PEPPER_ROOT;12793;24;12789;16;;;12799;17;12802;20;;;12796.0;0.0
yf_ZS=F_d9;12200;ASH_COATED_OSMIUM;9921;17;9918;21;;;9937;13;9940;20;;;9929.0;0.0
yf_ZS=F_d9;12200;INTARIAN_PEPPER_ROOT;12793;19;12790;20;;;12799;17;12802;18;;;12796.0;0.0
yf_ZS=F_d9;12300;ASH_COATED_OSMIUM;9927;12;9925;13;;;9933;22;9936;30;;;9930.0;0.0
yf_ZS=F_d9;12300;INTARIAN_PEPPER_ROOT;12793;7;12790;15;;;12799;16;12801;23;;;12796.0;0.0
yf_ZS=F_d9;12400;ASH_COATED_OSMIUM;9926;18;9922;17;;;9932;9;9936;20;;;9929.0;0.0
yf_ZS=F_d9;12400;INTARIAN_PEPPER_ROOT;12792;13;12790;16;;;12799;15;12801;14;;;12795.5;0.0
yf_ZS=F_d9;12500;ASH_COATED_OSMIUM;9926;11;9923;11;;;9932;7;9934;19;;;9929.0;0.0
yf_ZS=F_d9;12500;INTARIAN_PEPPER_ROOT;12791;5;12787;14;;;12801;13;12805;20;;;12796.0;0.0
yf_ZS=F_d9;12600;ASH_COATED_OSMIUM;9926;13;9924;13;;;9932;12;9936;24;;;9929.0;0.0
yf_ZS=F_d9;12600;INTARIAN_PEPPER_ROOT;12793;19;12789;23;;;12799;23;12801;14;;;12796.0;0.0
yf_ZS=F_d9;12700;ASH_COATED_OSMIUM;9927;17;9925;18;;;9933;18;9935;20;;;9930.0;0.0
yf_ZS=F_d9;12700;INTARIAN_PEPPER_ROOT;12792;16;12788;15;;;12798;21;12800;21;;;12795.0;0.0
yf_ZS=F_d9;12800;ASH_COATED_OSMIUM;9927;11;9923;16;;;9933;13;9935;18;;;9930.0;0.0
yf_ZS=F_d9;12800;INTARIAN_PEPPER_ROOT;12789;21;12787;11;;;12803;15;12805;16;;;12796.0;0.0
yf_ZS=F_d9;12900;ASH_COATED_OSMIUM;9928;22;9925;24;;;9934;9;9936;29;;;9931.0;0.0
yf_ZS=F_d9;12900;INTARIAN_PEPPER_ROOT;12792;12;12788;28;;;12799;16;12801;23;;;12795.5;0.0
yf_ZS=F_d9;13000;ASH_COATED_OSMIUM;9927;28;9925;27;;;9933;21;9936;21;;;9930.0;0.0
yf_ZS=F_d9;13000;INTARIAN_PEPPER_ROOT;12793;15;12789;13;;;12799;12;12803;16;;;12796.0;0.0
yf_ZS=F_d9;13100;ASH_COATED_OSMIUM;9926;16;9923;13;;;9935;23;9938;12;;;9930.5;0.0
yf_ZS=F_d9;13100;INTARIAN_PEPPER_ROOT;12793;10;12790;21;;;12799;5;12803;21;;;12796.0;0.0
yf_ZS=F_d9;13200;ASH_COATED_OSMIUM;9928;15;9925;17;;;9934;14;9937;23;;;9931.0;0.0
yf_ZS=F_d9;13200;INTARIAN_PEPPER_ROOT;12792;24;12790;28;;;12799;12;12801;21;;;12795.5;0.0
yf_ZS=F_d9;13300;ASH_COATED_OSMIUM;9928;7;9925;18;;;9934;13;9938;17;;;9931.0;0.0
yf_ZS=F_d9;13300;INTARIAN_PEPPER_ROOT;12792;21;12789;23;;;12798;17;12800;23;;;12795.0;0.0
yf_ZS=F_d9;13400;ASH_COATED_OSMIUM;9929;11;9925;23;;;9935;14;9937;11;;;9932.0;0.0
yf_ZS=F_d9;13400;INTARIAN_PEPPER_ROOT;12793;10;12790;20;;;12799;17;12802;23;;;12796.0;0.0
yf_ZS=F_d9;13500;ASH_COATED_OSMIUM;9929;14;9925;11;;;9935;26;9938;35;;;9932.0;0.0
yf_ZS=F_d9;13500;INTARIAN_PEPPER_ROOT;12777;10;12775;23;;;12814;15;12817;19;;;12795.5;0.0
yf_ZS=F_d9;13600;ASH_COATED_OSMIUM;9928;20;9926;16;;;9936;8;9939;19;;;9932.0;0.0
yf_ZS=F_d9;13600;INTARIAN_PEPPER_ROOT;12793;12;12790;27;;;12799;11;12801;17;;;12796.0;0.0
yf_ZS=F_d9;13700;ASH_COATED_OSMIUM;9929;14;9927;21;;;9935;22;9939;17;;;9932.0;0.0
yf_ZS=F_d9;13700;INTARIAN_PEPPER_ROOT;12793;22;12789;13;;;12799;21;12801;20;;;12796.0;0.0
yf_ZS=F_d9;13800;ASH_COATED_OSMIUM;9930;7;9927;12;;;9936;23;9939;13;;;9933.0;0.0
yf_ZS=F_d9;13800;INTARIAN_PEPPER_ROOT;12793;22;12789;11;;;12799;17;12802;17;;;12796.0;0.0
yf_ZS=F_d9;13900;ASH_COATED_OSMIUM;9930;15;9927;20;;;9936;7;9939;21;;;9933.0;0.0
yf_ZS=F_d9;13900;INTARIAN_PEPPER_ROOT;12770;11;12767;22;;;12822;29;12824;20;;;12796.0;0.0
yf_ZS=F_d9;14000;ASH_COATED_OSMIUM;9929;11;9927;30;;;9938;16;9940;21;;;9933.5;0.0
yf_ZS=F_d9;14000;INTARIAN_PEPPER_ROOT;12782;18;12779;8;;;12808;22;12812;17;;;12795.0;0.0
yf_ZS=F_d9;14100;ASH_COATED_OSMIUM;9927;14;9925;20;;;9940;6;9942;13;;;9933.5;0.0
yf_ZS=F_d9;14100;INTARIAN_PEPPER_ROOT;12793;9;12789;21;;;12799;20;12801;17;;;12796.0;0.0
yf_ZS=F_d9;14200;ASH_COATED_OSMIUM;9931;26;9927;22;;;9937;21;9940;12;;;9934.0;0.0
yf_ZS=F_d9;14200;INTARIAN_PEPPER_ROOT;12792;13;12789;29;;;12798;11;12801;17;;;12795.0;0.0
yf_ZS=F_d9;14300;ASH_COATED_OSMIUM;9931;16;9928;29;;;9937;6;9941;23;;;9934.0;0.0
yf_ZS=F_d9;14300;INTARIAN_PEPPER_ROOT;12791;7;12788;17;;;12798;14;12802;15;;;12794.5;0.0
yf_ZS=F_d9;14400;ASH_COATED_OSMIUM;9931;14;9928;20;;;9937;20;9940;14;;;9934.0;0.0
yf_ZS=F_d9;14400;INTARIAN_PEPPER_ROOT;12781;10;12777;21;;;12809;18;12812;21;;;12795.0;0.0
yf_ZS=F_d9;14500;ASH_COATED_OSMIUM;9930;14;9927;16;;;9939;12;9941;21;;;9934.5;0.0
yf_ZS=F_d9;14500;INTARIAN_PEPPER_ROOT;12782;17;12778;17;;;12807;8;12811;15;;;12794.5;0.0
yf_ZS=F_d9;14600;ASH_COATED_OSMIUM;9932;21;9928;19;;;9938;7;9942;20;;;9935.0;0.0
yf_ZS=F_d9;14600;INTARIAN_PEPPER_ROOT;12784;23;12782;26;;;12807;19;12811;20;;;12795.5;0.0
yf_ZS=F_d9;14700;ASH_COATED_OSMIUM;9932;22;9929;13;;;9938;15;9942;19;;;9935.0;0.0
yf_ZS=F_d9;14700;INTARIAN_PEPPER_ROOT;12792;15;12788;16;;;12798;12;12800;22;;;12795.0;0.0
yf_ZS=F_d9;14800;ASH_COATED_OSMIUM;9928;24;9924;9;;;9941;17;9945;23;;;9934.5;0.0
yf_ZS=F_d9;14800;INTARIAN_PEPPER_ROOT;12792;22;12790;16;;;12798;10;12802;17;;;12795.0;0.0
yf_ZS=F_d9;14900;ASH_COATED_OSMIUM;9932;10;9929;17;;;9938;18;9940;20;;;9935.0;0.0
yf_ZS=F_d9;14900;INTARIAN_PEPPER_ROOT;12792;11;12789;18;;;12798;15;12801;27;;;12795.0;0.0
yf_ZS=F_d9;15000;ASH_COATED_OSMIUM;9929;22;9927;23;;;9940;14;9943;16;;;9934.5;0.0
yf_ZS=F_d9;15000;INTARIAN_PEPPER_ROOT;12792;8;12789;23;;;12798;21;12801;17;;;12795.0;0.0
yf_ZS=F_d9;15100;ASH_COATED_OSMIUM;9926;12;9922;20;;;9945;15;9949;21;;;9935.5;0.0
yf_ZS=F_d9;15100;INTARIAN_PEPPER_ROOT;12792;16;12790;25;;;12798;6;12800;22;;;12795.0;0.0
yf_ZS=F_d9;15200;ASH_COATED_OSMIUM;9933;20;9929;14;;;9939;20;9943;20;;;9936.0;0.0
yf_ZS=F_d9;15200;INTARIAN_PEPPER_ROOT;12792;20;12790;23;;;12798;16;12801;21;;;12795.0;0.0
yf_ZS=F_d9;15300;ASH_COATED_OSMIUM;9931;9;9929;19;;;9941;11;9943;23;;;9936.0;0.0
yf_ZS=F_d9;15300;INTARIAN_PEPPER_ROOT;12792;13;12788;24;;;12798;12;12802;17;;;12795.0;0.0
yf_ZS=F_d9;15400;ASH_COATED_OSMIUM;9934;22;9930;18;;;9940;11;9944;25;;;9937.0;0.0
yf_ZS=F_d9;15400;INTARIAN_PEPPER_ROOT;12790;15;12786;27;;;12799;22;12801;11;;;12794.5;0.0
yf_ZS=F_d9;15500;ASH_COATED_OSMIUM;9933;21;9929;16;;;9939;11;9943;20;;;9936.0;0.0
yf_ZS=F_d9;15500;INTARIAN_PEPPER_ROOT;12791;11;12789;28;;;12797;19;12800;20;;;12794.0;0.0
yf_ZS=F_d9;15600;ASH_COATED_OSMIUM;9929;15;9927;17;;;9943;16;9945;21;;;9936.0;0.0
yf_ZS=F_d9;15600;INTARIAN_PEPPER_ROOT;12789;16;12785;19;;;12801;20;12803;22;;;12795.0;0.0
yf_ZS=F_d9;15700;ASH_COATED_OSMIUM;9934;19;9932;21;;;9940;10;9942;20;;;9937.0;0.0
yf_ZS=F_d9;15700;INTARIAN_PEPPER_ROOT;12792;14;12789;14;;;12798;12;12801;16;;;12795.0;0.0
yf_ZS=F_d9;15800;ASH_COATED_OSMIUM;9935;5;9931;16;;;9941;14;9943;13;;;9938.0;0.0
yf_ZS=F_d9;15800;INTARIAN_PEPPER_ROOT;12791;11;12787;15;;;12798;19;12801;24;;;12794.5;0.0
yf_ZS=F_d9;15900;ASH_COATED_OSMIUM;9934;18;9930;15;;;9940;17;9944;18;;;9937.0;0.0
yf_ZS=F_d9;15900;INTARIAN_PEPPER_ROOT;12792;10;12788;17;;;12798;15;12802;16;;;12795.0;0.0
yf_ZS=F_d9;16000;ASH_COATED_OSMIUM;9935;18;9933;28;;;9941;12;9944;15;;;9938.0;0.0
yf_ZS=F_d9;16000;INTARIAN_PEPPER_ROOT;12788;8;12785;17;;;12800;14;12803;18;;;12794.0;0.0
yf_ZS=F_d9;16100;ASH_COATED_OSMIUM;9935;17;9931;15;;;9941;19;9943;18;;;9938.0;0.0
yf_ZS=F_d9;16100;INTARIAN_PEPPER_ROOT;12783;23;12780;22;;;12806;14;12808;23;;;12794.5;0.0
yf_ZS=F_d9;16200;ASH_COATED_OSMIUM;9921;10;9918;17;;;9956;17;9958;24;;;9938.5;0.0
yf_ZS=F_d9;16200;INTARIAN_PEPPER_ROOT;12792;15;12788;19;;;12798;13;12801;16;;;12795.0;0.0
yf_ZS=F_d9;16300;ASH_COATED_OSMIUM;9936;13;9933;27;;;9942;26;9944;26;;;9939.0;0.0
yf_ZS=F_d9;16300;INTARIAN_PEPPER_ROOT;12791;18;12787;25;;;12797;18;12800;19;;;12794.0;0.0
yf_ZS=F_d9;16400;ASH_COATED_OSMIUM;9930;8;9928;16;;;9947;30;9951;18;;;9938.5;0.0
yf_ZS=F_d9;16400;INTARIAN_PEPPER_ROOT;12783;20;12779;24;;;12806;14;12809;13;;;12794.5;0.0
yf_ZS=F_d9;16500;ASH_COATED_OSMIUM;9933;15;9930;18;;;9943;7;9945;18;;;9938.0;0.0
yf_ZS=F_d9;16500;INTARIAN_PEPPER_ROOT;12791;8;12788;15;;;12799;7;12802;23;;;12795.0;0.0
yf_ZS=F_d9;16600;ASH_COATED_OSMIUM;9936;23;9934;26;;;9942;18;9946;16;;;9939.0;0.0
yf_ZS=F_d9;16600;INTARIAN_PEPPER_ROOT;12791;12;12788;8;;;12797;15;12801;13;;;12794.0;0.0
yf_ZS=F_d9;16700;ASH_COATED_OSMIUM;9936;18;9933;19;;;9942;11;9945;21;;;9939.0;0.0
yf_ZS=F_d9;16700;INTARIAN_PEPPER_ROOT;12791;5;12788;18;;;12798;18;12802;20;;;12794.5;0.0
yf_ZS=F_d9;16800;ASH_COATED_OSMIUM;9936;6;9934;21;;;9943;20;9947;24;;;9939.5;0.0
yf_ZS=F_d9;16800;INTARIAN_PEPPER_ROOT;12791;12;12787;28;;;12797;10;12801;23;;;12794.0;0.0
yf_ZS=F_d9;16900;ASH_COATED_OSMIUM;9937;12;9934;21;;;9943;19;9946;26;;;9940.0;0.0
yf_ZS=F_d9;16900;INTARIAN_PEPPER_ROOT;12760;16;12757;10;;;12829;12;12833;11;;;12794.5;0.0
yf_ZS=F_d9;17000;ASH_COATED_OSMIUM;9925;23;9923;21;;;9956;13;9958;22;;;9940.5;0.0
yf_ZS=F_d9;17000;INTARIAN_PEPPER_ROOT;12787;11;12785;23;;;12800;18;12802;8;;;12793.5;0.0
yf_ZS=F_d9;17100;ASH_COATED_OSMIUM;9925;16;9922;16;;;9954;11;9958;19;;;9939.5;0.0
yf_ZS=F_d9;17100;INTARIAN_PEPPER_ROOT;12787;5;12784;31;;;12793;23;12795;30;;;12790.0;0.0
yf_ZS=F_d9;17200;ASH_COATED_OSMIUM;9910;9;9906;21;;;9968;22;9972;22;;;9939.0;0.0
yf_ZS=F_d9;17200;INTARIAN_PEPPER_ROOT;12785;11;12782;20;;;12791;5;12793;13;;;12788.0;0.0
yf_ZS=F_d9;17300;ASH_COATED_OSMIUM;9936;10;9933;19;;;9942;22;9945;30;;;9939.0;0.0
yf_ZS=F_d9;17300;INTARIAN_PEPPER_ROOT;12781;15;12779;19;;;12789;11;12791;28;;;12785.0;0.0
yf_ZS=F_d9;17400;ASH_COATED_OSMIUM;9935;13;9931;23;;;9943;17;9945;22;;;9939.0;0.0
yf_ZS=F_d9;17400;INTARIAN_PEPPER_ROOT;12780;18;12778;18;;;12786;18;12788;21;;;12783.0;0.0
yf_ZS=F_d9;17500;ASH_COATED_OSMIUM;9936;17;9933;17;;;9942;25;9944;19;;;9939.0;0.0
yf_ZS=F_d9;17500;INTARIAN_PEPPER_ROOT;12763;13;12761;22;;;12799;18;12802;25;;;12781.0;0.0
yf_ZS=F_d9;17600;ASH_COATED_OSMIUM;9935;13;9931;13;;;9942;9;9945;18;;;9938.5;0.0
yf_ZS=F_d9;17600;INTARIAN_PEPPER_ROOT;12775;15;12773;22;;;12781;21;12784;22;;;12778.0;0.0
yf_ZS=F_d9;17700;ASH_COATED_OSMIUM;9935;19;9931;11;;;9942;17;9945;26;;;9938.5;0.0
yf_ZS=F_d9;17700;INTARIAN_PEPPER_ROOT;12773;15;12770;19;;;12779;21;12781;21;;;12776.0;0.0
yf_ZS=F_d9;17800;ASH_COATED_OSMIUM;9933;13;9929;24;;;9945;16;9947;19;;;9939.0;0.0
yf_ZS=F_d9;17800;INTARIAN_PEPPER_ROOT;12770;10;12767;15;;;12776;17;12780;17;;;12773.0;0.0
yf_ZS=F_d9;17900;ASH_COATED_OSMIUM;9933;21;9931;25;;;9944;17;9947;10;;;9938.5;0.0
yf_ZS=F_d9;17900;INTARIAN_PEPPER_ROOT;12768;18;12766;15;;;12774;24;12776;27;;;12771.0;0.0
yf_ZS=F_d9;18000;ASH_COATED_OSMIUM;9935;12;9931;19;;;9941;23;9944;12;;;9938.0;0.0
yf_ZS=F_d9;18000;INTARIAN_PEPPER_ROOT;12765;19;12761;13;;;12771;15;12775;20;;;12768.0;0.0
yf_ZS=F_d9;18100;ASH_COATED_OSMIUM;9935;16;9932;24;;;9941;11;9943;19;;;9938.0;0.0
yf_ZS=F_d9;18100;INTARIAN_PEPPER_ROOT;12755;9;12752;22;;;12778;6;12782;17;;;12766.5;0.0
yf_ZS=F_d9;18200;ASH_COATED_OSMIUM;9931;18;9927;23;;;9944;12;9946;12;;;9937.5;0.0
yf_ZS=F_d9;18200;INTARIAN_PEPPER_ROOT;12760;12;12756;12;;;12766;20;12768;24;;;12763.0;0.0
yf_ZS=F_d9;18300;ASH_COATED_OSMIUM;9935;14;9933;23;;;9941;21;9944;19;;;9938.0;0.0
yf_ZS=F_d9;18300;INTARIAN_PEPPER_ROOT;12758;7;12756;17;;;12764;11;12768;27;;;12761.0;0.0
yf_ZS=F_d9;18400;ASH_COATED_OSMIUM;9928;13;9925;17;;;9946;17;9949;21;;;9937.0;0.0
yf_ZS=F_d9;18400;INTARIAN_PEPPER_ROOT;12754;6;12750;27;;;12762;13;12766;19;;;12758.0;0.0
yf_ZS=F_d9;18500;ASH_COATED_OSMIUM;9934;15;9932;16;;;9940;9;9943;18;;;9937.0;0.0
yf_ZS=F_d9;18500;INTARIAN_PEPPER_ROOT;12753;12;12751;20;;;12759;14;12762;23;;;12756.0;0.0
yf_ZS=F_d9;18600;ASH_COATED_OSMIUM;9933;11;9930;21;;;9939;10;9943;20;;;9936.0;0.0
yf_ZS=F_d9;18600;INTARIAN_PEPPER_ROOT;12751;27;12747;11;;;12757;29;12760;8;;;12754.0;0.0
yf_ZS=F_d9;18700;ASH_COATED_OSMIUM;9931;14;9928;19;;;9942;25;9946;12;;;9936.5;0.0
yf_ZS=F_d9;18700;INTARIAN_PEPPER_ROOT;12748;5;12745;14;;;12754;14;12756;19;;;12751.0;0.0
yf_ZS=F_d9;18800;ASH_COATED_OSMIUM;9934;5;9932;14;;;9940;5;9944;18;;;9937.0;0.0
yf_ZS=F_d9;18800;INTARIAN_PEPPER_ROOT;12746;15;12744;18;;;12752;9;12754;20;;;12749.0;0.0
yf_ZS=F_d9;18900;ASH_COATED_OSMIUM;9933;19;9929;15;;;9941;20;9943;15;;;9937.0;0.0
yf_ZS=F_d9;18900;INTARIAN_PEPPER_ROOT;12743;15;12741;25;;;12749;21;12751;15;;;12746.0;0.0
yf_ZS=F_d9;19000;ASH_COATED_OSMIUM;9933;13;9929;21;;;9939;10;9943;17;;;9936.0;0.0
yf_ZS=F_d9;19000;INTARIAN_PEPPER_ROOT;12739;18;12737;22;;;12748;14;12751;18;;;12743.5;0.0
yf_ZS=F_d9;19100;ASH_COATED_OSMIUM;9932;21;9928;23;;;9938;10;9940;16;;;9935.0;0.0
yf_ZS=F_d9;19100;INTARIAN_PEPPER_ROOT;12734;12;12732;17;;;12748;13;12751;14;;;12741.0;0.0
yf_ZS=F_d9;19200;ASH_COATED_OSMIUM;9933;7;9931;14;;;9939;15;9943;18;;;9936.0;0.0
yf_ZS=F_d9;19200;INTARIAN_PEPPER_ROOT;12735;18;12733;31;;;12743;15;12746;15;;;12739.0;0.0
yf_ZS=F_d9;19300;ASH_COATED_OSMIUM;9933;20;9931;17;;;9939;20;9943;14;;;9936.0;0.0
yf_ZS=F_d9;19300;INTARIAN_PEPPER_ROOT;12734;19;12730;16;;;12740;22;12743;13;;;12737.0;0.0
yf_ZS=F_d9;19400;ASH_COATED_OSMIUM;9933;14;9930;28;;;9939;16;9943;26;;;9936.0;0.0
yf_ZS=F_d9;19400;INTARIAN_PEPPER_ROOT;12731;15;12729;25;;;12737;24;12739;8;;;12734.0;0.0
yf_ZS=F_d9;19500;ASH_COATED_OSMIUM;9932;12;9929;15;;;9938;11;9942;16;;;9935.0;0.0
yf_ZS=F_d9;19500;INTARIAN_PEPPER_ROOT;12728;19;12726;28;;;12734;13;12737;21;;;12731.0;0.0
yf_ZS=F_d9;19600;ASH_COATED_OSMIUM;9932;17;9929;11;;;9938;17;9942;22;;;9935.0;0.0
yf_ZS=F_d9;19600;INTARIAN_PEPPER_ROOT;12725;20;12722;19;;;12733;16;12737;16;;;12729.0;0.0
yf_ZS=F_d9;19700;ASH_COATED_OSMIUM;9927;15;9923;13;;;9942;25;9945;17;;;9934.5;0.0
yf_ZS=F_d9;19700;INTARIAN_PEPPER_ROOT;12723;13;12721;11;;;12729;15;12732;24;;;12726.0;0.0
yf_ZS=F_d9;19800;ASH_COATED_OSMIUM;9932;13;9929;26;;;9938;20;9940;23;;;9935.0;0.0
yf_ZS=F_d9;19800;INTARIAN_PEPPER_ROOT;12719;9;12717;19;;;12727;11;12731;19;;;12723.0;0.0
yf_ZS=F_d9;19900;ASH_COATED_OSMIUM;9931;17;9929;15;;;9937;15;9939;18;;;9934.0;0.0
yf_ZS=F_d9;19900;INTARIAN_PEPPER_ROOT;12716;10;12714;11;;;12727;13;12729;10;;;12721.5;0.0
yf_ZS=F_d9;20000;ASH_COATED_OSMIUM;9931;19;9929;16;;;9938;12;9941;17;;;9934.5;0.0
yf_ZS=F_d9;20000;INTARIAN_PEPPER_ROOT;12716;22;12712;15;;;12722;14;12724;22;;;12719.0;0.0
yf_ZS=F_d9;20100;ASH_COATED_OSMIUM;9931;14;9929;18;;;9937;16;9939;26;;;9934.0;0.0
yf_ZS=F_d9;20100;INTARIAN_PEPPER_ROOT;12712;12;12708;19;;;12720;12;12724;19;;;12716.0;0.0
yf_ZS=F_d9;20200;ASH_COATED_OSMIUM;9931;12;9927;18;;;9937;11;9941;17;;;9934.0;0.0
yf_ZS=F_d9;20200;INTARIAN_PEPPER_ROOT;12711;19;12709;17;;;12717;21;12719;21;;;12714.0;0.0
yf_ZS=F_d9;20300;ASH_COATED_OSMIUM;9931;15;9928;23;;;9937;12;9940;18;;;9934.0;0.0
yf_ZS=F_d9;20300;INTARIAN_PEPPER_ROOT;12709;13;12705;15;;;12715;16;12719;27;;;12712.0;0.0
yf_ZS=F_d9;20400;ASH_COATED_OSMIUM;9931;10;9927;12;;;9937;5;9940;21;;;9934.0;0.0
yf_ZS=F_d9;20400;INTARIAN_PEPPER_ROOT;12706;13;12702;19;;;12712;15;12715;14;;;12709.0;0.0
yf_ZS=F_d9;20500;ASH_COATED_OSMIUM;9923;14;9919;26;;;9943;19;9947;19;;;9933.0;0.0
yf_ZS=F_d9;20500;INTARIAN_PEPPER_ROOT;12704;24;12702;27;;;12710;16;12712;22;;;12707.0;0.0
yf_ZS=F_d9;20600;ASH_COATED_OSMIUM;9930;12;9927;16;;;9937;21;9939;19;;;9933.5;0.0
yf_ZS=F_d9;20600;INTARIAN_PEPPER_ROOT;12697;14;12695;14;;;12711;17;12714;20;;;12704.0;0.0
yf_ZS=F_d9;20700;ASH_COATED_OSMIUM;9930;12;9926;20;;;9936;19;9939;18;;;9933.0;0.0
yf_ZS=F_d9;20700;INTARIAN_PEPPER_ROOT;12698;17;12694;27;;;12707;21;12710;27;;;12702.5;0.0
yf_ZS=F_d9;20800;ASH_COATED_OSMIUM;9930;8;9927;17;;;9936;18;9938;20;;;9933.0;0.0
yf_ZS=F_d9;20800;INTARIAN_PEPPER_ROOT;12696;16;12692;18;;;12702;19;12704;21;;;12699.0;0.0
yf_ZS=F_d9;20900;ASH_COATED_OSMIUM;9929;13;9927;23;;;9935;30;9939;25;;;9932.0;0.0
yf_ZS=F_d9;20900;INTARIAN_PEPPER_ROOT;12687;12;12683;26;;;12707;10;12709;21;;;12697.0;0.0
yf_ZS=F_d9;21000;ASH_COATED_OSMIUM;9928;16;9926;15;;;9937;22;9939;32;;;9932.5;0.0
yf_ZS=F_d9;21000;INTARIAN_PEPPER_ROOT;12684;23;12680;22;;;12705;11;12708;13;;;12694.5;0.0
yf_ZS=F_d9;21100;ASH_COATED_OSMIUM;9929;10;9925;11;;;9935;17;9939;27;;;9932.0;0.0
yf_ZS=F_d9;21100;INTARIAN_PEPPER_ROOT;12689;18;12685;21;;;12695;22;12697;25;;;12692.0;0.0
yf_ZS=F_d9;21200;ASH_COATED_OSMIUM;9929;16;9927;18;;;9935;12;9938;25;;;9932.0;0.0
yf_ZS=F_d9;21200;INTARIAN_PEPPER_ROOT;12685;11;12683;19;;;12694;13;12697;21;;;12689.5;0.0
yf_ZS=F_d9;21300;ASH_COATED_OSMIUM;9929;18;9927;20;;;9935;17;9937;19;;;9932.0;0.0
yf_ZS=F_d9;21300;INTARIAN_PEPPER_ROOT;12678;15;12674;23;;;12696;26;12698;18;;;12687.0;0.0
yf_ZS=F_d9;21400;ASH_COATED_OSMIUM;9929;13;9926;22;;;9935;14;9937;21;;;9932.0;0.0
yf_ZS=F_d9;21400;INTARIAN_PEPPER_ROOT;12681;9;12678;24;;;12687;18;12691;19;;;12684.0;0.0
yf_ZS=F_d9;21500;ASH_COATED_OSMIUM;9929;16;9926;15;;;9935;13;9938;19;;;9932.0;0.0
yf_ZS=F_d9;21500;INTARIAN_PEPPER_ROOT;12679;11;12677;17;;;12685;13;12689;28;;;12682.0;0.0
yf_ZS=F_d9;21600;ASH_COATED_OSMIUM;9921;12;9917;19;;;9942;5;9944;17;;;9931.5;0.0
yf_ZS=F_d9;21600;INTARIAN_PEPPER_ROOT;12677;24;12674;20;;;12683;17;12686;19;;;12680.0;0.0
yf_ZS=F_d9;21700;ASH_COATED_OSMIUM;9924;16;9920;24;;;9938;21;9942;28;;;9931.0;0.0
yf_ZS=F_d9;21700;INTARIAN_PEPPER_ROOT;12674;8;12671;20;;;12680;23;12683;16;;;12677.0;0.0
yf_ZS=F_d9;21800;ASH_COATED_OSMIUM;9928;21;9925;18;;;9934;13;9936;14;;;9931.0;0.0
yf_ZS=F_d9;21800;INTARIAN_PEPPER_ROOT;12672;23;12670;24;;;12678;22;12682;21;;;12675.0;0.0
yf_ZS=F_d9;21900;ASH_COATED_OSMIUM;9928;13;9925;31;;;9934;9;9938;20;;;9931.0;0.0
yf_ZS=F_d9;21900;INTARIAN_PEPPER_ROOT;12669;12;12665;24;;;12675;11;12677;16;;;12672.0;0.0
yf_ZS=F_d9;22000;ASH_COATED_OSMIUM;9928;11;9924;25;;;9934;14;9938;9;;;9931.0;0.0
yf_ZS=F_d9;22000;INTARIAN_PEPPER_ROOT;12667;5;12664;26;;;12673;18;12677;18;;;12670.0;0.0
yf_ZS=F_d9;22100;ASH_COATED_OSMIUM;9927;20;9924;28;;;9933;16;9937;18;;;9930.0;0.0
yf_ZS=F_d9;22100;INTARIAN_PEPPER_ROOT;12664;16;12660;23;;;12670;8;12674;11;;;12667.0;0.0
yf_ZS=F_d9;22200;ASH_COATED_OSMIUM;9926;20;9924;13;;;9935;11;9939;19;;;9930.5;0.0
yf_ZS=F_d9;22200;INTARIAN_PEPPER_ROOT;12658;11;12655;24;;;12672;15;12675;21;;;12665.0;0.0
yf_ZS=F_d9;22300;ASH_COATED_OSMIUM;9927;12;9923;26;;;9933;16;9937;13;;;9930.0;0.0
yf_ZS=F_d9;22300;INTARIAN_PEPPER_ROOT;12655;15;12651;21;;;12670;7;12674;28;;;12662.5;0.0
yf_ZS=F_d9;22400;ASH_COATED_OSMIUM;9927;11;9923;19;;;9933;23;9935;33;;;9930.0;0.0
yf_ZS=F_d9;22400;INTARIAN_PEPPER_ROOT;12656;16;12652;20;;;12664;13;12667;18;;;12660.0;0.0
yf_ZS=F_d9;22500;ASH_COATED_OSMIUM;9927;27;9925;27;;;9933;11;9936;17;;;9930.0;0.0
yf_ZS=F_d9;22500;INTARIAN_PEPPER_ROOT;12646;17;12644;26;;;12670;13;12672;23;;;12658.0;0.0
yf_ZS=F_d9;22600;ASH_COATED_OSMIUM;9919;10;9916;11;;;9940;9;9942;10;;;9929.5;0.0
yf_ZS=F_d9;22600;INTARIAN_PEPPER_ROOT;12651;20;12648;19;;;12660;13;12662;16;;;12655.5;0.0
yf_ZS=F_d9;22700;ASH_COATED_OSMIUM;9926;11;9924;16;;;9932;8;9935;26;;;9929.0;0.0
yf_ZS=F_d9;22700;INTARIAN_PEPPER_ROOT;12650;12;12646;16;;;12656;14;12660;15;;;12653.0;0.0
yf_ZS=F_d9;22800;ASH_COATED_OSMIUM;9926;17;9923;20;;;9932;18;9935;15;;;9929.0;0.0
yf_ZS=F_d9;22800;INTARIAN_PEPPER_ROOT;12647;21;12644;21;;;12653;18;12656;31;;;12650.0;0.0
yf_ZS=F_d9;22900;ASH_COATED_OSMIUM;9926;16;9922;19;;;9932;19;9934;18;;;9929.0;0.0
yf_ZS=F_d9;22900;INTARIAN_PEPPER_ROOT;12644;11;12640;23;;;12650;23;12654;21;;;12647.0;0.0
yf_ZS=F_d9;23000;ASH_COATED_OSMIUM;9919;6;9917;19;;;9938;16;9941;20;;;9928.5;0.0
yf_ZS=F_d9;23000;INTARIAN_PEPPER_ROOT;12642;15;12638;18;;;12648;18;12650;20;;;12645.0;0.0
yf_ZS=F_d9;23100;ASH_COATED_OSMIUM;9926;12;9923;13;;;9932;13;9936;15;;;9929.0;0.0
yf_ZS=F_d9;23100;INTARIAN_PEPPER_ROOT;12635;20;12632;24;;;12650;5;12653;22;;;12642.5;0.0
yf_ZS=F_d9;23200;ASH_COATED_OSMIUM;9925;21;9921;29;;;9931;20;9934;12;;;9928.0;0.0
yf_ZS=F_d9;23200;INTARIAN_PEPPER_ROOT;12637;14;12634;15;;;12643;19;12647;18;;;12640.0;0.0
yf_ZS=F_d9;23300;ASH_COATED_OSMIUM;9925;13;9922;32;;;9931;15;9934;16;;;9928.0;0.0
yf_ZS=F_d9;23300;INTARIAN_PEPPER_ROOT;12629;15;12625;13;;;12647;11;12651;22;;;12638.0;0.0
yf_ZS=F_d9;23400;ASH_COATED_OSMIUM;9924;23;9921;22;;;9933;12;9935;18;;;9928.5;0.0
yf_ZS=F_d9;23400;INTARIAN_PEPPER_ROOT;12633;15;12630;17;;;12639;9;12643;15;;;12636.0;0.0
yf_ZS=F_d9;23500;ASH_COATED_OSMIUM;9923;8;9919;25;;;9932;17;9935;16;;;9927.5;0.0
yf_ZS=F_d9;23500;INTARIAN_PEPPER_ROOT;12629;21;12627;17;;;12637;12;12639;11;;;12633.0;0.0
yf_ZS=F_d9;23600;ASH_COATED_OSMIUM;9922;12;9919;17;;;9933;8;9935;24;;;9927.5;0.0
yf_ZS=F_d9;23600;INTARIAN_PEPPER_ROOT;12628;7;12626;28;;;12634;16;12637;14;;;12631.0;0.0
yf_ZS=F_d9;23700;ASH_COATED_OSMIUM;9915;19;9911;34;;;9942;16;9945;25;;;9928.5;0.0
yf_ZS=F_d9;23700;INTARIAN_PEPPER_ROOT;12625;13;12622;17;;;12631;6;12635;23;;;12628.0;0.0
yf_ZS=F_d9;23800;ASH_COATED_OSMIUM;9925;20;9923;19;;;9931;5;9934;17;;;9928.0;0.0
yf_ZS=F_d9;23800;INTARIAN_PEPPER_ROOT;12621;11;12617;20;;;12631;14;12634;12;;;12626.0;0.0
yf_ZS=F_d9;23900;ASH_COATED_OSMIUM;9924;16;9922;23;;;9930;15;9933;23;;;9927.0;0.0
yf_ZS=F_d9;23900;INTARIAN_PEPPER_ROOT;12620;15;12618;19;;;12626;11;12629;26;;;12623.0;0.0
yf_ZS=F_d9;24000;ASH_COATED_OSMIUM;9923;18;9920;20;;;9929;15;9932;24;;;9926.0;0.0
yf_ZS=F_d9;24000;INTARIAN_PEPPER_ROOT;12617;25;12615;12;;;12623;18;12627;11;;;12620.0;0.0
yf_ZS=F_d9;24100;ASH_COATED_OSMIUM;9924;18;9921;20;;;9930;9;9934;15;;;9927.0;0.0
yf_ZS=F_d9;24100;INTARIAN_PEPPER_ROOT;12614;23;12610;12;;;12622;19;12626;19;;;12618.0;0.0
yf_ZS=F_d9;24200;ASH_COATED_OSMIUM;9924;23;9920;8;;;9930;12;9933;13;;;9927.0;0.0
yf_ZS=F_d9;24200;INTARIAN_PEPPER_ROOT;12613;11;12610;18;;;12619;17;12623;15;;;12616.0;0.0
yf_ZS=F_d9;24300;ASH_COATED_OSMIUM;9923;11;9920;15;;;9929;20;9931;19;;;9926.0;0.0
yf_ZS=F_d9;24300;INTARIAN_PEPPER_ROOT;12606;17;12602;16;;;12621;23;12625;23;;;12613.5;0.0
yf_ZS=F_d9;24400;ASH_COATED_OSMIUM;9924;14;9922;14;;;9930;20;9933;21;;;9927.0;0.0
yf_ZS=F_d9;24400;INTARIAN_PEPPER_ROOT;12607;12;12605;17;;;12613;8;12616;22;;;12610.0;0.0
yf_ZS=F_d9;24500;ASH_COATED_OSMIUM;9921;16;9918;25;;;9931;27;9934;15;;;9926.0;0.0
yf_ZS=F_d9;24500;INTARIAN_PEPPER_ROOT;12603;17;12599;16;;;12615;14;12617;23;;;12609.0;0.0
yf_ZS=F_d9;24600;ASH_COATED_OSMIUM;9921;18;9918;17;;;9931;12;9935;22;;;9926.0;0.0
yf_ZS=F_d9;24600;INTARIAN_PEPPER_ROOT;12603;18;12599;13;;;12609;12;12613;16;;;12606.0;0.0
yf_ZS=F_d9;24700;ASH_COATED_OSMIUM;9922;13;9918;18;;;9928;19;9930;15;;;9925.0;0.0
yf_ZS=F_d9;24700;INTARIAN_PEPPER_ROOT;12594;11;12590;16;;;12613;7;12615;15;;;12603.5;0.0
yf_ZS=F_d9;24800;ASH_COATED_OSMIUM;9915;17;9912;23;;;9935;7;9937;19;;;9925.0;0.0
yf_ZS=F_d9;24800;INTARIAN_PEPPER_ROOT;12598;9;12596;26;;;12604;22;12606;23;;;12601.0;0.0
yf_ZS=F_d9;24900;ASH_COATED_OSMIUM;9923;18;9921;16;;;9929;18;9932;19;;;9926.0;0.0
yf_ZS=F_d9;24900;INTARIAN_PEPPER_ROOT;12588;14;12586;13;;;12610;11;12614;18;;;12599.0;0.0
yf_ZS=F_d9;25000;ASH_COATED_OSMIUM;9915;12;9912;25;;;9934;13;9937;13;;;9924.5;0.0
yf_ZS=F_d9;25000;INTARIAN_PEPPER_ROOT;12590;26;12588;20;;;12602;17;12606;17;;;12596.0;0.0
yf_ZS=F_d9;25100;ASH_COATED_OSMIUM;9921;15;9918;18;;;9927;5;9931;20;;;9924.0;0.0
yf_ZS=F_d9;25100;INTARIAN_PEPPER_ROOT;12591;5;12587;15;;;12597;16;12599;31;;;12594.0;0.0
yf_ZS=F_d9;25200;ASH_COATED_OSMIUM;9922;16;9918;27;;;9928;13;9932;25;;;9925.0;0.0
yf_ZS=F_d9;25200;INTARIAN_PEPPER_ROOT;12587;14;12585;21;;;12595;19;12599;14;;;12591.0;0.0
yf_ZS=F_d9;25300;ASH_COATED_OSMIUM;9922;17;9919;23;;;9928;19;9931;19;;;9925.0;0.0
yf_ZS=F_d9;25300;INTARIAN_PEPPER_ROOT;12586;8;12584;18;;;12592;15;12595;15;;;12589.0;0.0
yf_ZS=F_d9;25400;ASH_COATED_OSMIUM;9921;15;9919;16;;;9927;5;9930;16;;;9924.0;0.0
yf_ZS=F_d9;25400;INTARIAN_PEPPER_ROOT;12583;10;12580;14;;;12589;14;12593;21;;;12586.0;0.0
yf_ZS=F_d9;25500;ASH_COATED_OSMIUM;9917;11;9914;16;;;9932;13;9934;17;;;9924.5;0.0
yf_ZS=F_d9;25500;INTARIAN_PEPPER_ROOT;12581;10;12578;25;;;12587;20;12590;14;;;12584.0;0.0
yf_ZS=F_d9;25600;ASH_COATED_OSMIUM;9921;12;9918;30;;;9927;7;9930;23;;;9924.0;0.0
yf_ZS=F_d9;25600;INTARIAN_PEPPER_ROOT;12578;23;12576;19;;;12584;11;12588;21;;;12581.0;0.0
yf_ZS=F_d9;25700;ASH_COATED_OSMIUM;9921;15;9917;15;;;9927;17;9931;17;;;9924.0;0.0
yf_ZS=F_d9;25700;INTARIAN_PEPPER_ROOT;12576;8;12573;16;;;12582;10;12585;29;;;12579.0;0.0
yf_ZS=F_d9;25800;ASH_COATED_OSMIUM;9921;18;9918;21;;;9927;21;9929;23;;;9924.0;0.0
yf_ZS=F_d9;25800;INTARIAN_PEPPER_ROOT;12573;9;12570;33;;;12579;14;12581;29;;;12576.0;0.0
yf_ZS=F_d9;25900;ASH_COATED_OSMIUM;9916;22;9914;15;;;9932;17;9935;24;;;9924.0;0.0
yf_ZS=F_d9;25900;INTARIAN_PEPPER_ROOT;12570;15;12568;24;;;12577;16;12579;30;;;12573.5;0.0
yf_ZS=F_d9;26000;ASH_COATED_OSMIUM;9921;21;9918;21;;;9927;12;9929;14;;;9924.0;0.0
yf_ZS=F_d9;26000;INTARIAN_PEPPER_ROOT;12567;18;12563;13;;;12574;9;12577;11;;;12570.5;0.0
yf_ZS=F_d9;26100;ASH_COATED_OSMIUM;9920;14;9917;23;;;9926;25;9930;24;;;9923.0;0.0
yf_ZS=F_d9;26100;INTARIAN_PEPPER_ROOT;12564;5;12562;15;;;12573;8;12577;15;;;12568.5;0.0
yf_ZS=F_d9;26200;ASH_COATED_OSMIUM;9920;19;9917;19;;;9926;26;9929;18;;;9923.0;0.0
yf_ZS=F_d9;26200;INTARIAN_PEPPER_ROOT;12562;18;12559;27;;;12571;12;12575;22;;;12566.5;0.0
yf_ZS=F_d9;26300;ASH_COATED_OSMIUM;9920;14;9918;10;;;9926;18;9928;9;;;9923.0;0.0
yf_ZS=F_d9;26300;INTARIAN_PEPPER_ROOT;12561;10;12558;14;;;12567;25;12569;29;;;12564.0;0.0
yf_ZS=F_d9;26400;ASH_COATED_OSMIUM;9919;16;9917;13;;;9925;11;9929;17;;;9922.0;0.0
yf_ZS=F_d9;26400;INTARIAN_PEPPER_ROOT;12558;18;12555;18;;;12564;15;12567;27;;;12561.0;0.0
yf_ZS=F_d9;26500;ASH_COATED_OSMIUM;9917;10;9913;14;;;9929;19;9932;21;;;9923.0;0.0
yf_ZS=F_d9;26500;INTARIAN_PEPPER_ROOT;12556;21;12553;20;;;12562;13;12564;15;;;12559.0;0.0
yf_ZS=F_d9;26600;ASH_COATED_OSMIUM;9915;15;9911;23;;;9929;15;9933;25;;;9922.0;0.0
yf_ZS=F_d9;26600;INTARIAN_PEPPER_ROOT;12548;12;12544;13;;;12564;15;12567;18;;;12556.0;0.0
yf_ZS=F_d9;26700;ASH_COATED_OSMIUM;9919;17;9916;22;;;9925;15;9929;21;;;9922.0;0.0
yf_ZS=F_d9;26700;INTARIAN_PEPPER_ROOT;12551;5;12547;17;;;12557;10;12559;16;;;12554.0;0.0
yf_ZS=F_d9;26800;ASH_COATED_OSMIUM;9906;16;9904;17;;;9938;14;9942;18;;;9922.0;0.0
yf_ZS=F_d9;26800;INTARIAN_PEPPER_ROOT;12547;16;12545;22;;;12557;9;12561;27;;;12552.0;0.0
yf_ZS=F_d9;26900;ASH_COATED_OSMIUM;9919;15;9916;9;;;9925;14;9927;18;;;9922.0;0.0
yf_ZS=F_d9;26900;INTARIAN_PEPPER_ROOT;12546;12;12542;21;;;12552;12;12554;23;;;12549.0;0.0
yf_ZS=F_d9;27000;ASH_COATED_OSMIUM;9918;15;9916;20;;;9924;24;9928;20;;;9921.0;0.0
yf_ZS=F_d9;27000;INTARIAN_PEPPER_ROOT;12543;5;12539;26;;;12549;18;12553;21;;;12546.0;0.0
yf_ZS=F_d9;27100;ASH_COATED_OSMIUM;9918;11;9916;18;;;9924;19;9926;15;;;9921.0;0.0
yf_ZS=F_d9;27100;INTARIAN_PEPPER_ROOT;12541;15;12538;18;;;12547;15;12551;14;;;12544.0;0.0
yf_ZS=F_d9;27200;ASH_COATED_OSMIUM;9911;14;9909;16;;;9931;19;9933;21;;;9921.0;0.0
yf_ZS=F_d9;27200;INTARIAN_PEPPER_ROOT;12538;21;12534;19;;;12546;10;12549;21;;;12542.0;0.0
yf_ZS=F_d9;27300;ASH_COATED_OSMIUM;9915;12;9912;12;;;9929;11;9931;20;;;9922.0;0.0
yf_ZS=F_d9;27300;INTARIAN_PEPPER_ROOT;12536;16;12533;17;;;12542;24;12546;27;;;12539.0;0.0
yf_ZS=F_d9;27400;ASH_COATED_OSMIUM;9915;20;9911;16;;;9926;24;9930;24;;;9920.5;0.0
yf_ZS=F_d9;27400;INTARIAN_PEPPER_ROOT;12522;16;12520;18;;;12552;13;12554;18;;;12537.0;0.0
yf_ZS=F_d9;27500;ASH_COATED_OSMIUM;9909;10;9905;19;;;9933;11;9937;19;;;9921.0;0.0
yf_ZS=F_d9;27500;INTARIAN_PEPPER_ROOT;12527;18;12523;22;;;12542;25;12546;21;;;12534.5;0.0
yf_ZS=F_d9;27600;ASH_COATED_OSMIUM;9906;12;9904;15;;;9935;13;9937;19;;;9920.5;0.0
yf_ZS=F_d9;27600;INTARIAN_PEPPER_ROOT;12523;14;12521;10;;;12540;14;12543;22;;;12531.5;0.0
yf_ZS=F_d9;27700;ASH_COATED_OSMIUM;9917;12;9913;30;;;9923;14;9926;19;;;9920.0;0.0
yf_ZS=F_d9;27700;INTARIAN_PEPPER_ROOT;12518;25;12516;18;;;12542;17;12546;17;;;12530.0;0.0
yf_ZS=F_d9;27800;ASH_COATED_OSMIUM;9918;16;9915;19;;;9924;12;9928;20;;;9921.0;0.0
yf_ZS=F_d9;27800;INTARIAN_PEPPER_ROOT;12520;14;12516;16;;;12535;18;12538;23;;;12527.5;0.0
yf_ZS=F_d9;27900;ASH_COATED_OSMIUM;9917;12;9914;20;;;9923;11;9926;17;;;9920.0;0.0
yf_ZS=F_d9;27900;INTARIAN_PEPPER_ROOT;12518;16;12514;21;;;12531;14;12534;19;;;12524.5;0.0
yf_ZS=F_d9;28000;ASH_COATED_OSMIUM;9917;17;9913;11;;;9923;20;9927;24;;;9920.0;0.0
yf_ZS=F_d9;28000;INTARIAN_PEPPER_ROOT;12519;5;12515;24;;;12525;19;12527;17;;;12522.0;0.0
yf_ZS=F_d9;28100;ASH_COATED_OSMIUM;9912;16;9910;18;;;9927;16;9929;32;;;9919.5;0.0
yf_ZS=F_d9;28100;INTARIAN_PEPPER_ROOT;12516;21;12514;15;;;12522;12;12526;19;;;12519.0;0.0
yf_ZS=F_d9;28200;ASH_COATED_OSMIUM;9916;8;9912;17;;;9922;13;9925;12;;;9919.0;0.0
yf_ZS=F_d9;28200;INTARIAN_PEPPER_ROOT;12513;8;12509;26;;;12520;20;12523;26;;;12516.5;0.0
yf_ZS=F_d9;28300;ASH_COATED_OSMIUM;9915;5;9912;22;;;9921;13;9925;18;;;9918.0;0.0
yf_ZS=F_d9;28300;INTARIAN_PEPPER_ROOT;12512;15;12508;17;;;12518;15;12522;29;;;12515.0;0.0
yf_ZS=F_d9;28400;ASH_COATED_OSMIUM;9912;17;9908;16;;;9926;16;9930;23;;;9919.0;0.0
yf_ZS=F_d9;28400;INTARIAN_PEPPER_ROOT;12509;17;12505;16;;;12515;20;12517;15;;;12512.0;0.0
yf_ZS=F_d9;28500;ASH_COATED_OSMIUM;9912;14;9909;21;;;9925;15;9928;20;;;9918.5;0.0
yf_ZS=F_d9;28500;INTARIAN_PEPPER_ROOT;12499;17;12497;21;;;12521;5;12524;21;;;12510.0;0.0
yf_ZS=F_d9;28600;ASH_COATED_OSMIUM;9915;12;9913;16;;;9921;19;9923;19;;;9918.0;0.0
yf_ZS=F_d9;28600;INTARIAN_PEPPER_ROOT;12497;12;12494;13;;;12517;13;12519;26;;;12507.0;0.0
yf_ZS=F_d9;28700;ASH_COATED_OSMIUM;9913;12;9910;14;;;9923;7;9925;26;;;9918.0;0.0
yf_ZS=F_d9;28700;INTARIAN_PEPPER_ROOT;12502;9;12499;9;;;12508;14;12511;16;;;12505.0;0.0
yf_ZS=F_d9;28800;ASH_COATED_OSMIUM;9915;14;9912;16;;;9921;12;9925;24;;;9918.0;0.0
yf_ZS=F_d9;28800;INTARIAN_PEPPER_ROOT;12496;20;12493;10;;;12508;24;12510;15;;;12502.0;0.0
yf_ZS=F_d9;28900;ASH_COATED_OSMIUM;9913;12;9911;22;;;9922;15;9924;19;;;9917.5;0.0
yf_ZS=F_d9;28900;INTARIAN_PEPPER_ROOT;12496;15;12494;23;;;12502;16;12505;21;;;12499.0;0.0
yf_ZS=F_d9;29000;ASH_COATED_OSMIUM;9909;14;9905;19;;;9926;25;9930;16;;;9917.5;0.0
yf_ZS=F_d9;29000;INTARIAN_PEPPER_ROOT;12494;18;12491;17;;;12500;13;12503;24;;;12497.0;0.0
yf_ZS=F_d9;29100;ASH_COATED_OSMIUM;9914;14;9910;17;;;9920;22;9922;23;;;9917.0;0.0
yf_ZS=F_d9;29100;INTARIAN_PEPPER_ROOT;12492;15;12490;25;;;12498;20;12501;15;;;12495.0;0.0
yf_ZS=F_d9;29200;ASH_COATED_OSMIUM;9914;14;9910;21;;;9920;13;9924;24;;;9917.0;0.0
yf_ZS=F_d9;29200;INTARIAN_PEPPER_ROOT;12490;23;12487;25;;;12496;13;12500;24;;;12493.0;0.0
yf_ZS=F_d9;29300;ASH_COATED_OSMIUM;9914;12;9912;13;;;9920;18;9924;24;;;9917.0;0.0
yf_ZS=F_d9;29300;INTARIAN_PEPPER_ROOT;12487;5;12484;10;;;12493;13;12497;13;;;12490.0;0.0
yf_ZS=F_d9;29400;ASH_COATED_OSMIUM;9914;16;9910;18;;;9920;9;9922;35;;;9917.0;0.0
yf_ZS=F_d9;29400;INTARIAN_PEPPER_ROOT;12485;18;12483;18;;;12491;14;12494;18;;;12488.0;0.0
yf_ZS=F_d9;29500;ASH_COATED_OSMIUM;9914;12;9910;24;;;9920;18;9924;21;;;9917.0;0.0
yf_ZS=F_d9;29500;INTARIAN_PEPPER_ROOT;12482;21;12479;17;;;12488;17;12491;17;;;12485.0;0.0
yf_ZS=F_d9;29600;ASH_COATED_OSMIUM;9911;14;9907;19;;;9923;18;9926;25;;;9917.0;0.0
yf_ZS=F_d9;29600;INTARIAN_PEPPER_ROOT;12474;15;12470;19;;;12491;17;12495;23;;;12482.5;0.0
yf_ZS=F_d9;29700;ASH_COATED_OSMIUM;9910;15;9907;23;;;9925;12;9928;19;;;9917.5;0.0
yf_ZS=F_d9;29700;INTARIAN_PEPPER_ROOT;12477;14;12475;12;;;12483;17;12486;17;;;12480.0;0.0
yf_ZS=F_d9;29800;ASH_COATED_OSMIUM;9914;14;9912;12;;;9920;11;9924;16;;;9917.0;0.0
yf_ZS=F_d9;29800;INTARIAN_PEPPER_ROOT;12475;12;12472;23;;;12481;11;12484;21;;;12478.0;0.0
yf_ZS=F_d9;29900;ASH_COATED_OSMIUM;9912;17;9910;15;;;9920;17;9923;22;;;9916.0;0.0
yf_ZS=F_d9;29900;INTARIAN_PEPPER_ROOT;12469;17;12467;16;;;12482;8;12484;27;;;12475.5;0.0
yf_ZS=F_d9;30000;ASH_COATED_OSMIUM;9914;14;9912;14;;;9920;23;9922;20;;;9917.0;0.0
yf_ZS=F_d9;30000;INTARIAN_PEPPER_ROOT;12468;12;12466;22;;;12478;26;12482;25;;;12473.0;0.0
yf_ZS=F_d9;30100;ASH_COATED_OSMIUM;9913;10;9911;16;;;9919;16;9923;19;;;9916.0;0.0
yf_ZS=F_d9;30100;INTARIAN_PEPPER_ROOT;12467;19;12464;18;;;12473;17;12476;22;;;12470.0;0.0
yf_ZS=F_d9;30200;ASH_COATED_OSMIUM;9908;21;9904;17;;;9923;22;9927;10;;;9915.5;0.0
yf_ZS=F_d9;30200;INTARIAN_PEPPER_ROOT;12465;11;12463;20;;;12471;26;12475;16;;;12468.0;0.0
yf_ZS=F_d9;30300;ASH_COATED_OSMIUM;9913;20;9910;19;;;9919;13;9922;12;;;9916.0;0.0
yf_ZS=F_d9;30300;INTARIAN_PEPPER_ROOT;12462;23;12458;20;;;12468;10;12471;25;;;12465.0;0.0
yf_ZS=F_d9;30400;ASH_COATED_OSMIUM;9912;25;9909;14;;;9918;9;9922;15;;;9915.0;0.0
yf_ZS=F_d9;30400;INTARIAN_PEPPER_ROOT;12450;11;12446;23;;;12475;6;12478;22;;;12462.5;0.0
yf_ZS=F_d9;30500;ASH_COATED_OSMIUM;9912;13;9908;18;;;9918;13;9922;12;;;9915.0;0.0
yf_ZS=F_d9;30500;INTARIAN_PEPPER_ROOT;12458;19;12454;14;;;12464;5;12467;18;;;12461.0;0.0
yf_ZS=F_d9;30600;ASH_COATED_OSMIUM;9912;18;9908;21;;;9918;23;9920;26;;;9915.0;0.0
yf_ZS=F_d9;30600;INTARIAN_PEPPER_ROOT;12455;10;12453;12;;;12461;13;12463;14;;;12458.0;0.0
yf_ZS=F_d9;30700;ASH_COATED_OSMIUM;9911;11;9909;27;;;9917;14;9921;24;;;9914.0;0.0
yf_ZS=F_d9;30700;INTARIAN_PEPPER_ROOT;12452;17;12449;19;;;12458;12;12460;19;;;12455.0;0.0
yf_ZS=F_d9;30800;ASH_COATED_OSMIUM;9911;12;9909;17;;;9917;20;9920;21;;;9914.0;0.0
yf_ZS=F_d9;30800;INTARIAN_PEPPER_ROOT;12450;16;12448;22;;;12456;10;12460;16;;;12453.0;0.0
yf_ZS=F_d9;30900;ASH_COATED_OSMIUM;9911;14;9908;25;;;9917;11;9920;18;;;9914.0;0.0
yf_ZS=F_d9;30900;INTARIAN_PEPPER_ROOT;12448;12;12444;24;;;12454;18;12457;23;;;12451.0;0.0
yf_ZS=F_d9;31000;ASH_COATED_OSMIUM;9911;15;9908;22;;;9917;15;9919;19;;;9914.0;0.0
yf_ZS=F_d9;31000;INTARIAN_PEPPER_ROOT;12445;14;12441;21;;;12451;20;12453;17;;;12448.0;0.0
yf_ZS=F_d9;31100;ASH_COATED_OSMIUM;9911;17;9908;21;;;9917;5;9919;21;;;9914.0;0.0
yf_ZS=F_d9;31100;INTARIAN_PEPPER_ROOT;12437;16;12435;23;;;12454;11;12458;20;;;12445.5;0.0
yf_ZS=F_d9;31200;ASH_COATED_OSMIUM;9911;5;9907;16;;;9917;18;9919;23;;;9914.0;0.0
yf_ZS=F_d9;31200;INTARIAN_PEPPER_ROOT;12440;13;12436;19;;;12447;17;12450;26;;;12443.5;0.0
yf_ZS=F_d9;31300;ASH_COATED_OSMIUM;9910;12;9908;18;;;9916;15;9918;25;;;9913.0;0.0
yf_ZS=F_d9;31300;INTARIAN_PEPPER_ROOT;12438;12;12436;14;;;12444;9;12448;16;;;12441.0;0.0
yf_ZS=F_d9;31400;ASH_COATED_OSMIUM;9910;16;9908;28;;;9917;11;9921;19;;;9913.5;0.0
yf_ZS=F_d9;31400;INTARIAN_PEPPER_ROOT;12435;21;12432;20;;;12441;27;12444;16;;;12438.0;0.0
yf_ZS=F_d9;31500;ASH_COATED_OSMIUM;9911;9;9907;20;;;9917;15;9919;20;;;9914.0;0.0
yf_ZS=F_d9;31500;INTARIAN_PEPPER_ROOT;12428;11;12425;18;;;12445;20;12449;17;;;12436.5;0.0
yf_ZS=F_d9;31600;ASH_COATED_OSMIUM;9908;17;9905;17;;;9918;21;9921;21;;;9913.0;0.0
yf_ZS=F_d9;31600;INTARIAN_PEPPER_ROOT;12431;5;12429;20;;;12437;9;12441;15;;;12434.0;0.0
yf_ZS=F_d9;31700;ASH_COATED_OSMIUM;9907;5;9905;20;;;9918;24;9921;13;;;9912.5;0.0
yf_ZS=F_d9;31700;INTARIAN_PEPPER_ROOT;12428;15;12425;11;;;12434;7;12438;24;;;12431.0;0.0
yf_ZS=F_d9;31800;ASH_COATED_OSMIUM;9910;20;9907;24;;;9916;14;9920;26;;;9913.0;0.0
yf_ZS=F_d9;31800;INTARIAN_PEPPER_ROOT;12422;16;12418;23;;;12436;5;12440;11;;;12429.0;0.0
yf_ZS=F_d9;31900;ASH_COATED_OSMIUM;9909;11;9906;22;;;9915;22;9917;14;;;9912.0;0.0
yf_ZS=F_d9;31900;INTARIAN_PEPPER_ROOT;12423;11;12419;35;;;12429;10;12433;27;;;12426.0;0.0
yf_ZS=F_d9;32000;ASH_COATED_OSMIUM;9907;8;9903;26;;;9918;17;9921;19;;;9912.5;0.0
yf_ZS=F_d9;32000;INTARIAN_PEPPER_ROOT;12412;23;12408;17;;;12436;23;12440;24;;;12424.0;0.0
yf_ZS=F_d9;32100;ASH_COATED_OSMIUM;9908;20;9904;27;;;9916;24;9918;15;;;9912.0;0.0
yf_ZS=F_d9;32100;INTARIAN_PEPPER_ROOT;12418;13;12415;26;;;12424;15;12427;13;;;12421.0;0.0
yf_ZS=F_d9;32200;ASH_COATED_OSMIUM;9909;20;9905;19;;;9915;21;9917;24;;;9912.0;0.0
yf_ZS=F_d9;32200;INTARIAN_PEPPER_ROOT;12416;15;12413;17;;;12422;16;12425;19;;;12419.0;0.0
yf_ZS=F_d9;32300;ASH_COATED_OSMIUM;9908;12;9905;15;;;9914;18;9916;17;;;9911.0;0.0
yf_ZS=F_d9;32300;INTARIAN_PEPPER_ROOT;12413;8;12410;18;;;12419;15;12421;13;;;12416.0;0.0
yf_ZS=F_d9;32400;ASH_COATED_OSMIUM;9907;13;9903;16;;;9915;21;9919;15;;;9911.0;0.0
yf_ZS=F_d9;32400;INTARIAN_PEPPER_ROOT;12410;11;12407;22;;;12418;22;12420;19;;;12414.0;0.0
yf_ZS=F_d9;32500;ASH_COATED_OSMIUM;9909;11;9906;26;;;9915;15;9919;14;;;9912.0;0.0
yf_ZS=F_d9;32500;INTARIAN_PEPPER_ROOT;12408;25;12404;27;;;12414;13;12416;24;;;12411.0;0.0
yf_ZS=F_d9;32600;ASH_COATED_OSMIUM;9902;18;9900;21;;;9921;12;9924;20;;;9911.5;0.0
yf_ZS=F_d9;32600;INTARIAN_PEPPER_ROOT;12406;23;12404;20;;;12412;15;12416;22;;;12409.0;0.0
yf_ZS=F_d9;32700;ASH_COATED_OSMIUM;9908;21;9906;32;;;9914;13;9918;18;;;9911.0;0.0
yf_ZS=F_d9;32700;INTARIAN_PEPPER_ROOT;12403;16;12399;17;;;12409;8;12411;21;;;12406.0;0.0
yf_ZS=F_d9;32800;ASH_COATED_OSMIUM;9908;5;9904;15;;;9915;11;9919;25;;;9911.5;0.0
yf_ZS=F_d9;32800;INTARIAN_PEPPER_ROOT;12399;11;12397;16;;;12410;13;12414;23;;;12404.5;0.0
yf_ZS=F_d9;32900;ASH_COATED_OSMIUM;9904;15;9901;22;;;9918;11;9921;20;;;9911.0;0.0
yf_ZS=F_d9;32900;INTARIAN_PEPPER_ROOT;12398;20;12396;14;;;12404;7;12408;19;;;12401.0;0.0
yf_ZS=F_d9;33000;ASH_COATED_OSMIUM;9905;17;9903;18;;;9915;15;9919;25;;;9910.0;0.0
yf_ZS=F_d9;33000;INTARIAN_PEPPER_ROOT;12396;10;12394;18;;;12402;6;12406;21;;;12399.0;0.0
yf_ZS=F_d9;33100;ASH_COATED_OSMIUM;9907;20;9904;15;;;9913;20;9916;20;;;9910.0;0.0
yf_ZS=F_d9;33100;INTARIAN_PEPPER_ROOT;12392;15;12388;16;;;12401;14;12403;19;;;12396.5;0.0
yf_ZS=F_d9;33200;ASH_COATED_OSMIUM;9907;19;9905;21;;;9913;14;9916;27;;;9910.0;0.0
yf_ZS=F_d9;33200;INTARIAN_PEPPER_ROOT;12391;19;12389;21;;;12397;13;12400;21;;;12394.0;0.0
yf_ZS=F_d9;33300;ASH_COATED_OSMIUM;9907;11;9905;20;;;9913;10;9917;21;;;9910.0;0.0
yf_ZS=F_d9;33300;INTARIAN_PEPPER_ROOT;12387;14;12384;18;;;12397;19;12399;15;;;12392.0;0.0
yf_ZS=F_d9;33400;ASH_COATED_OSMIUM;9907;12;9903;18;;;9913;12;9916;16;;;9910.0;0.0
yf_ZS=F_d9;33400;INTARIAN_PEPPER_ROOT;12386;14;12382;18;;;12392;15;12396;21;;;12389.0;0.0
yf_ZS=F_d9;33500;ASH_COATED_OSMIUM;9904;9;9902;23;;;9915;22;9917;30;;;9909.5;0.0
yf_ZS=F_d9;33500;INTARIAN_PEPPER_ROOT;12383;19;12380;26;;;12389;24;12393;12;;;12386.0;0.0
yf_ZS=F_d9;33600;ASH_COATED_OSMIUM;9906;15;9903;17;;;9912;17;9914;13;;;9909.0;0.0
yf_ZS=F_d9;33600;INTARIAN_PEPPER_ROOT;12382;18;12380;16;;;12388;10;12391;15;;;12385.0;0.0
yf_ZS=F_d9;33700;ASH_COATED_OSMIUM;9905;7;9901;12;;;9912;18;9914;21;;;9908.5;0.0
yf_ZS=F_d9;33700;INTARIAN_PEPPER_ROOT;12378;14;12374;17;;;12386;5;12390;26;;;12382.0;0.0
yf_ZS=F_d9;33800;ASH_COATED_OSMIUM;9907;14;9903;26;;;9913;16;9915;22;;;9910.0;0.0
yf_ZS=F_d9;33800;INTARIAN_PEPPER_ROOT;12376;18;12373;22;;;12382;11;12384;22;;;12379.0;0.0
yf_ZS=F_d9;33900;ASH_COATED_OSMIUM;9891;5;9887;22;;;9926;13;9929;16;;;9908.5;0.0
yf_ZS=F_d9;33900;INTARIAN_PEPPER_ROOT;12371;14;12368;28;;;12382;16;12385;19;;;12376.5;0.0
yf_ZS=F_d9;34000;ASH_COATED_OSMIUM;9904;16;9902;12;;;9914;18;9916;12;;;9909.0;0.0
yf_ZS=F_d9;34000;INTARIAN_PEPPER_ROOT;12368;20;12365;14;;;12386;7;12390;13;;;12377.0;0.0
yf_ZS=F_d9;34100;ASH_COATED_OSMIUM;9906;13;9902;15;;;9912;12;9916;30;;;9909.0;0.0
yf_ZS=F_d9;34100;INTARIAN_PEPPER_ROOT;12374;20;12370;24;;;12380;16;12383;18;;;12377.0;0.0
yf_ZS=F_d9;34200;ASH_COATED_OSMIUM;9906;14;9904;16;;;9912;13;9916;16;;;9909.0;0.0
yf_ZS=F_d9;34200;INTARIAN_PEPPER_ROOT;12373;17;12371;18;;;12379;14;12382;17;;;12376.0;0.0
yf_ZS=F_d9;34300;ASH_COATED_OSMIUM;9906;16;9903;27;;;9912;14;9915;20;;;9909.0;0.0
yf_ZS=F_d9;34300;INTARIAN_PEPPER_ROOT;12373;18;12371;23;;;12379;5;12382;21;;;12376.0;0.0
yf_ZS=F_d9;34400;ASH_COATED_OSMIUM;9907;9;9903;24;;;9913;17;9917;17;;;9910.0;0.0
yf_ZS=F_d9;34400;INTARIAN_PEPPER_ROOT;12373;8;12371;25;;;12380;15;12383;20;;;12376.5;0.0
yf_ZS=F_d9;34500;ASH_COATED_OSMIUM;9907;18;9904;16;;;9913;13;9916;12;;;9910.0;0.0
yf_ZS=F_d9;34500;INTARIAN_PEPPER_ROOT;12366;8;12363;13;;;12385;14;12387;16;;;12375.5;0.0
yf_ZS=F_d9;34600;ASH_COATED_OSMIUM;9907;9;9903;19;;;9914;19;9918;29;;;9910.5;0.0
yf_ZS=F_d9;34600;INTARIAN_PEPPER_ROOT;12372;22;12370;18;;;12380;11;12384;22;;;12376.0;0.0
yf_ZS=F_d9;34700;ASH_COATED_OSMIUM;9907;15;9904;35;;;9913;14;9917;29;;;9910.0;0.0
yf_ZS=F_d9;34700;INTARIAN_PEPPER_ROOT;12370;7;12366;24;;;12383;15;12385;28;;;12376.5;0.0
yf_ZS=F_d9;34800;ASH_COATED_OSMIUM;9901;5;9899;25;;;9919;9;9921;19;;;9910.0;0.0
yf_ZS=F_d9;34800;INTARIAN_PEPPER_ROOT;12372;11;12370;22;;;12378;19;12380;25;;;12375.0;0.0
yf_ZS=F_d9;34900;ASH_COATED_OSMIUM;9908;11;9906;19;;;9914;20;9918;12;;;9911.0;0.0
yf_ZS=F_d9;34900;INTARIAN_PEPPER_ROOT;12372;10;12368;21;;;12378;12;12382;21;;;12375.0;0.0
yf_ZS=F_d9;35000;ASH_COATED_OSMIUM;9906;22;9903;19;;;9916;15;9920;14;;;9911.0;0.0
yf_ZS=F_d9;35000;INTARIAN_PEPPER_ROOT;12372;9;12369;15;;;12378;12;12382;26;;;12375.0;0.0
yf_ZS=F_d9;35100;ASH_COATED_OSMIUM;9908;15;9904;28;;;9914;11;9916;29;;;9911.0;0.0
yf_ZS=F_d9;35100;INTARIAN_PEPPER_ROOT;12372;16;12370;21;;;12378;17;12381;24;;;12375.0;0.0
yf_ZS=F_d9;35200;ASH_COATED_OSMIUM;9908;9;9905;17;;;9914;8;9916;24;;;9911.0;0.0
yf_ZS=F_d9;35200;INTARIAN_PEPPER_ROOT;12371;19;12367;22;;;12377;9;12380;19;;;12374.0;0.0
yf_ZS=F_d9;35300;ASH_COATED_OSMIUM;9907;10;9903;23;;;9916;20;9920;18;;;9911.5;0.0
yf_ZS=F_d9;35300;INTARIAN_PEPPER_ROOT;12371;5;12369;21;;;12377;25;12380;20;;;12374.0;0.0
yf_ZS=F_d9;35400;ASH_COATED_OSMIUM;9909;25;9907;34;;;9915;9;9918;17;;;9912.0;0.0
yf_ZS=F_d9;35400;INTARIAN_PEPPER_ROOT;12370;12;12368;26;;;12377;5;12380;21;;;12373.5;0.0
yf_ZS=F_d9;35500;ASH_COATED_OSMIUM;9908;16;9906;15;;;9916;23;9918;19;;;9912.0;0.0
yf_ZS=F_d9;35500;INTARIAN_PEPPER_ROOT;12371;7;12367;27;;;12377;7;12380;23;;;12374.0;0.0
yf_ZS=F_d9;35600;ASH_COATED_OSMIUM;9909;8;9905;10;;;9915;16;9918;26;;;9912.0;0.0
yf_ZS=F_d9;35600;INTARIAN_PEPPER_ROOT;12368;14;12365;19;;;12381;17;12385;15;;;12374.5;0.0
yf_ZS=F_d9;35700;ASH_COATED_OSMIUM;9902;23;9899;18;;;9922;9;9925;14;;;9912.0;0.0
yf_ZS=F_d9;35700;INTARIAN_PEPPER_ROOT;12369;16;12367;24;;;12378;15;12381;22;;;12373.5;0.0
yf_ZS=F_d9;35800;ASH_COATED_OSMIUM;9909;11;9905;16;;;9915;18;9918;23;;;9912.0;0.0
yf_ZS=F_d9;35800;INTARIAN_PEPPER_ROOT;12365;10;12361;17;;;12381;17;12385;18;;;12373.0;0.0
yf_ZS=F_d9;35900;ASH_COATED_OSMIUM;9903;15;9899;13;;;9924;17;9928;14;;;9913.5;0.0
yf_ZS=F_d9;35900;INTARIAN_PEPPER_ROOT;12369;11;12365;12;;;12378;7;12382;14;;;12373.5;0.0
yf_ZS=F_d9;36000;ASH_COATED_OSMIUM;9910;11;9906;16;;;9916;15;9920;18;;;9913.0;0.0
yf_ZS=F_d9;36000;INTARIAN_PEPPER_ROOT;12369;12;12365;22;;;12375;7;12378;27;;;12372.0;0.0
yf_ZS=F_d9;36100;ASH_COATED_OSMIUM;9909;20;9907;25;;;9918;9;9922;25;;;9913.5;0.0
yf_ZS=F_d9;36100;INTARIAN_PEPPER_ROOT;12368;15;12364;18;;;12378;21;12382;13;;;12373.0;0.0
yf_ZS=F_d9;36200;ASH_COATED_OSMIUM;9910;7;9908;25;;;9917;14;9921;12;;;9913.5;0.0
yf_ZS=F_d9;36200;INTARIAN_PEPPER_ROOT;12369;15;12365;26;;;12375;21;12377;25;;;12372.0;0.0
yf_ZS=F_d9;36300;ASH_COATED_OSMIUM;9911;7;9908;20;;;9917;16;9919;21;;;9914.0;0.0
yf_ZS=F_d9;36300;INTARIAN_PEPPER_ROOT;12369;18;12367;27;;;12375;21;12378;17;;;12372.0;0.0
yf_ZS=F_d9;36400;ASH_COATED_OSMIUM;9908;17;9906;18;;;9920;8;9923;19;;;9914.0;0.0
yf_ZS=F_d9;36400;INTARIAN_PEPPER_ROOT;12369;14;12366;20;;;12375;16;12379;17;;;12372.0;0.0
yf_ZS=F_d9;36500;ASH_COATED_OSMIUM;9911;16;9908;8;;;9917;19;9919;21;;;9914.0;0.0
yf_ZS=F_d9;36500;INTARIAN_PEPPER_ROOT;12369;22;12367;23;;;12375;17;12379;23;;;12372.0;0.0
yf_ZS=F_d9;36600;ASH_COATED_OSMIUM;9911;9;9907;29;;;9917;12;9921;20;;;9914.0;0.0
yf_ZS=F_d9;36600;INTARIAN_PEPPER_ROOT;12369;18;12366;22;;;12375;12;12378;27;;;12372.0;0.0
yf_ZS=F_d9;36700;ASH_COATED_OSMIUM;9911;20;9907;16;;;9917;13;9919;14;;;9914.0;0.0
yf_ZS=F_d9;36700;INTARIAN_PEPPER_ROOT;12356;23;12352;21;;;12388;23;12391;15;;;12372.0;0.0
yf_ZS=F_d9;36800;ASH_COATED_OSMIUM;9912;20;9909;18;;;9918;15;9920;11;;;9915.0;0.0
yf_ZS=F_d9;36800;INTARIAN_PEPPER_ROOT;12368;19;12365;18;;;12374;14;12376;23;;;12371.0;0.0
yf_ZS=F_d9;36900;ASH_COATED_OSMIUM;9912;17;9910;14;;;9918;14;9921;16;;;9915.0;0.0
yf_ZS=F_d9;36900;INTARIAN_PEPPER_ROOT;12354;21;12351;19;;;12387;11;12390;19;;;12370.5;0.0
yf_ZS=F_d9;37000;ASH_COATED_OSMIUM;9911;16;9909;11;;;9917;14;9921;16;;;9914.0;0.0
yf_ZS=F_d9;37000;INTARIAN_PEPPER_ROOT;12368;5;12364;14;;;12374;5;12376;16;;;12371.0;0.0
yf_ZS=F_d9;37100;ASH_COATED_OSMIUM;9911;18;9908;15;;;9919;26;9921;19;;;9915.0;0.0
yf_ZS=F_d9;37100;INTARIAN_PEPPER_ROOT;12367;22;12364;23;;;12373;12;12376;21;;;12370.0;0.0
yf_ZS=F_d9;37200;ASH_COATED_OSMIUM;9912;9;9910;10;;;9918;6;9920;18;;;9915.0;0.0
yf_ZS=F_d9;37200;INTARIAN_PEPPER_ROOT;12367;17;12364;8;;;12373;6;12377;17;;;12370.0;0.0
yf_ZS=F_d9;37300;ASH_COATED_OSMIUM;9905;17;9902;22;;;9926;18;9930;13;;;9915.5;0.0
yf_ZS=F_d9;37300;INTARIAN_PEPPER_ROOT;12354;28;12351;14;;;12387;14;12389;23;;;12370.5;0.0
yf_ZS=F_d9;37400;ASH_COATED_OSMIUM;9913;13;9911;20;;;9919;16;9921;20;;;9916.0;0.0
yf_ZS=F_d9;37400;INTARIAN_PEPPER_ROOT;12367;18;12363;18;;;12373;21;12377;8;;;12370.0;0.0
yf_ZS=F_d9;37500;ASH_COATED_OSMIUM;9911;10;9907;20;;;9921;9;9924;20;;;9916.0;0.0
yf_ZS=F_d9;37500;INTARIAN_PEPPER_ROOT;12367;18;12364;22;;;12373;12;12376;21;;;12370.0;0.0
yf_ZS=F_d9;37600;ASH_COATED_OSMIUM;9913;5;9909;18;;;9919;16;9922;23;;;9916.0;0.0
yf_ZS=F_d9;37600;INTARIAN_PEPPER_ROOT;12366;12;12364;18;;;12372;18;12376;12;;;12369.0;0.0
yf_ZS=F_d9;37700;ASH_COATED_OSMIUM;9913;10;9911;19;;;9919;19;9921;24;;;9916.0;0.0
yf_ZS=F_d9;37700;INTARIAN_PEPPER_ROOT;12367;5;12363;26;;;12373;12;12376;16;;;12370.0;0.0
yf_ZS=F_d9;37800;ASH_COATED_OSMIUM;9914;14;9912;12;;;9920;9;9922;22;;;9917.0;0.0
yf_ZS=F_d9;37800;INTARIAN_PEPPER_ROOT;12366;12;12362;23;;;12372;12;12376;16;;;12369.0;0.0
yf_ZS=F_d9;37900;ASH_COATED_OSMIUM;9911;10;9908;26;;;9922;19;9924;22;;;9916.5;0.0
yf_ZS=F_d9;37900;INTARIAN_PEPPER_ROOT;12366;11;12364;19;;;12372;16;12376;20;;;12369.0;0.0
yf_ZS=F_d9;38000;ASH_COATED_OSMIUM;9906;14;9904;17;;;9927;21;9930;8;;;9916.5;0.0
yf_ZS=F_d9;38000;INTARIAN_PEPPER_ROOT;12360;17;12358;14;;;12378;17;12382;20;;;12369.0;0.0
yf_ZS=F_d9;38100;ASH_COATED_OSMIUM;9908;13;9906;16;;;9926;15;9928;20;;;9917.0;0.0
yf_ZS=F_d9;38100;INTARIAN_PEPPER_ROOT;12366;17;12364;18;;;12372;12;12376;14;;;12369.0;0.0
yf_ZS=F_d9;38200;ASH_COATED_OSMIUM;9914;9;9912;26;;;9920;13;9923;18;;;9917.0;0.0
yf_ZS=F_d9;38200;INTARIAN_PEPPER_ROOT;12366;22;12362;19;;;12372;14;12374;24;;;12369.0;0.0
yf_ZS=F_d9;38300;ASH_COATED_OSMIUM;9910;9;9906;20;;;9923;12;9927;19;;;9916.5;0.0
yf_ZS=F_d9;38300;INTARIAN_PEPPER_ROOT;12366;19;12364;13;;;12372;8;12374;13;;;12369.0;0.0
yf_ZS=F_d9;38400;ASH_COATED_OSMIUM;9914;20;9911;22;;;9920;11;9923;20;;;9917.0;0.0
yf_ZS=F_d9;38400;INTARIAN_PEPPER_ROOT;12363;16;12359;27;;;12373;11;12376;16;;;12368.0;0.0
yf_ZS=F_d9;38500;ASH_COATED_OSMIUM;9913;12;9909;21;;;9921;21;9923;21;;;9917.0;0.0
yf_ZS=F_d9;38500;INTARIAN_PEPPER_ROOT;12365;5;12361;14;;;12371;12;12375;19;;;12368.0;0.0
yf_ZS=F_d9;38600;ASH_COATED_OSMIUM;9903;13;9899;23;;;9932;11;9934;19;;;9917.5;0.0
yf_ZS=F_d9;38600;INTARIAN_PEPPER_ROOT;12365;20;12363;21;;;12371;16;12374;19;;;12368.0;0.0
yf_ZS=F_d9;38700;ASH_COATED_OSMIUM;9911;11;9909;13;;;9927;19;9930;26;;;9919.0;0.0
yf_ZS=F_d9;38700;INTARIAN_PEPPER_ROOT;12364;19;12360;19;;;12370;11;12373;17;;;12367.0;0.0
yf_ZS=F_d9;38800;ASH_COATED_OSMIUM;9915;10;9911;8;;;9921;13;9923;25;;;9918.0;0.0
yf_ZS=F_d9;38800;INTARIAN_PEPPER_ROOT;12364;15;12361;25;;;12370;6;12372;23;;;12367.0;0.0
yf_ZS=F_d9;38900;ASH_COATED_OSMIUM;9916;11;9912;25;;;9922;25;9926;17;;;9919.0;0.0
yf_ZS=F_d9;38900;INTARIAN_PEPPER_ROOT;12364;13;12361;13;;;12370;13;12372;17;;;12367.0;0.0
yf_ZS=F_d9;39000;ASH_COATED_OSMIUM;9912;16;9908;16;;;9926;10;9929;15;;;9919.0;0.0
yf_ZS=F_d9;39000;INTARIAN_PEPPER_ROOT;12364;8;12361;14;;;12371;22;12373;15;;;12367.5;0.0
yf_ZS=F_d9;39100;ASH_COATED_OSMIUM;9916;16;9912;12;;;9922;17;9924;9;;;9919.0;0.0
yf_ZS=F_d9;39100;INTARIAN_PEPPER_ROOT;12363;11;12359;9;;;12370;21;12372;24;;;12366.5;0.0
yf_ZS=F_d9;39200;ASH_COATED_OSMIUM;9911;8;9908;29;;;9927;12;9931;11;;;9919.0;0.0
yf_ZS=F_d9;39200;INTARIAN_PEPPER_ROOT;12361;19;12359;23;;;12373;15;12375;16;;;12367.0;0.0
yf_ZS=F_d9;39300;ASH_COATED_OSMIUM;9916;22;9913;23;;;9922;22;9926;16;;;9919.0;0.0
yf_ZS=F_d9;39300;INTARIAN_PEPPER_ROOT;12364;11;12361;16;;;12370;14;12372;15;;;12367.0;0.0
yf_ZS=F_d9;39400;ASH_COATED_OSMIUM;9911;16;9907;18;;;9928;13;9931;16;;;9919.5;0.0
yf_ZS=F_d9;39400;INTARIAN_PEPPER_ROOT;12363;16;12360;22;;;12369;11;12371;23;;;12366.0;0.0
yf_ZS=F_d9;39500;ASH_COATED_OSMIUM;9911;17;9908;19;;;9928;13;9930;23;;;9919.5;0.0
yf_ZS=F_d9;39500;INTARIAN_PEPPER_ROOT;12358;16;12356;16;;;12374;17;12378;20;;;12366.0;0.0
yf_ZS=F_d9;39600;ASH_COATED_OSMIUM;9916;5;9912;20;;;9922;17;9926;18;;;9919.0;0.0
yf_ZS=F_d9;39600;INTARIAN_PEPPER_ROOT;12363;17;12361;17;;;12369;9;12372;21;;;12366.0;0.0
yf_ZS=F_d9;39700;ASH_COATED_OSMIUM;9917;15;9914;16;;;9923;18;9927;23;;;9920.0;0.0
yf_ZS=F_d9;39700;INTARIAN_PEPPER_ROOT;12363;9;12360;18;;;12369;18;12372;18;;;12366.0;0.0
yf_ZS=F_d9;39800;ASH_COATED_OSMIUM;9917;19;9913;26;;;9923;5;9925;11;;;9920.0;0.0
yf_ZS=F_d9;39800;INTARIAN_PEPPER_ROOT;12362;12;12358;13;;;12368;14;12370;26;;;12365.0;0.0
yf_ZS=F_d9;39900;ASH_COATED_OSMIUM;9917;17;9913;18;;;9923;21;9926;21;;;9920.0;0.0
yf_ZS=F_d9;39900;INTARIAN_PEPPER_ROOT;12362;16;12358;28;;;12369;19;12371;22;;;12365.5;0.0
yf_ZS=F_d9;40000;ASH_COATED_OSMIUM;9917;12;9914;17;;;9923;19;9925;21;;;9920.0;0.0
yf_ZS=F_d9;40000;INTARIAN_PEPPER_ROOT;12362;6;12360;18;;;12368;11;12371;20;;;12365.0;0.0
yf_ZS=F_d9;40100;ASH_COATED_OSMIUM;9919;20;9915;17;;;9925;8;9929;8;;;9922.0;0.0
yf_ZS=F_d9;40100;INTARIAN_PEPPER_ROOT;12361;8;12358;18;;;12367;11;12369;15;;;12364.0;0.0
yf_ZS=F_d9;40200;ASH_COATED_OSMIUM;9919;19;9916;18;;;9925;16;9929;26;;;9922.0;0.0
yf_ZS=F_d9;40200;INTARIAN_PEPPER_ROOT;12360;17;12356;24;;;12369;20;12372;21;;;12364.5;0.0
yf_ZS=F_d9;40300;ASH_COATED_OSMIUM;9917;10;9915;25;;;9923;17;9927;17;;;9920.0;0.0
yf_ZS=F_d9;40300;INTARIAN_PEPPER_ROOT;12361;13;12359;22;;;12367;13;12369;17;;;12364.0;0.0
yf_ZS=F_d9;40400;ASH_COATED_OSMIUM;9917;18;9914;18;;;9925;13;9928;19;;;9921.0;0.0
yf_ZS=F_d9;40400;INTARIAN_PEPPER_ROOT;12361;12;12357;25;;;12367;18;12369;23;;;12364.0;0.0
yf_ZS=F_d9;40500;ASH_COATED_OSMIUM;9914;10;9910;17;;;9928;18;9930;13;;;9921.0;0.0
yf_ZS=F_d9;40500;INTARIAN_PEPPER_ROOT;12362;17;12359;17;;;12368;16;12370;19;;;12365.0;0.0
yf_ZS=F_d9;40600;ASH_COATED_OSMIUM;9919;23;9917;19;;;9925;17;9927;21;;;9922.0;0.0
yf_ZS=F_d9;40600;INTARIAN_PEPPER_ROOT;12361;19;12357;13;;;12367;12;12371;17;;;12364.0;0.0
yf_ZS=F_d9;40700;ASH_COATED_OSMIUM;9919;6;9915;21;;;9925;17;9929;21;;;9922.0;0.0
yf_ZS=F_d9;40700;INTARIAN_PEPPER_ROOT;12360;7;12357;24;;;12366;24;12368;24;;;12363.0;0.0
yf_ZS=F_d9;40800;ASH_COATED_OSMIUM;9918;18;9915;19;;;9926;7;9929;21;;;9922.0;0.0
yf_ZS=F_d9;40800;INTARIAN_PEPPER_ROOT;12360;10;12357;20;;;12366;10;12369;29;;;12363.0;0.0
yf_ZS=F_d9;40900;ASH_COATED_OSMIUM;9917;16;9913;16;;;9928;10;9932;20;;;9922.5;0.0
yf_ZS=F_d9;40900;INTARIAN_PEPPER_ROOT;12360;18;12357;20;;;12366;15;12370;26;;;12363.0;0.0
yf_ZS=F_d9;41000;ASH_COATED_OSMIUM;9920;16;9918;18;;;9926;8;9930;21;;;9923.0;0.0
yf_ZS=F_d9;41000;INTARIAN_PEPPER_ROOT;12359;16;12355;19;;;12365;5;12369;12;;;12362.0;0.0
yf_ZS=F_d9;41100;ASH_COATED_OSMIUM;9919;13;9915;17;;;9925;8;9928;25;;;9922.0;0.0
yf_ZS=F_d9;41100;INTARIAN_PEPPER_ROOT;12356;7;12353;19;;;12370;14;12374;20;;;12363.0;0.0
yf_ZS=F_d9;41200;ASH_COATED_OSMIUM;9919;10;9917;16;;;9925;12;9927;25;;;9922.0;0.0
yf_ZS=F_d9;41200;INTARIAN_PEPPER_ROOT;12359;10;12356;26;;;12365;14;12367;27;;;12362.0;0.0
yf_ZS=F_d9;41300;ASH_COATED_OSMIUM;9920;18;9917;22;;;9926;19;9930;9;;;9923.0;0.0
yf_ZS=F_d9;41300;INTARIAN_PEPPER_ROOT;12360;6;12357;11;;;12366;18;12368;17;;;12363.0;0.0
yf_ZS=F_d9;41400;ASH_COATED_OSMIUM;9920;15;9918;24;;;9926;22;9928;29;;;9923.0;0.0
yf_ZS=F_d9;41400;INTARIAN_PEPPER_ROOT;12360;22;12358;22;;;12366;17;12369;20;;;12363.0;0.0
yf_ZS=F_d9;41500;ASH_COATED_OSMIUM;9921;14;9918;23;;;9927;14;9931;20;;;9924.0;0.0
yf_ZS=F_d9;41500;INTARIAN_PEPPER_ROOT;12359;8;12356;22;;;12365;20;12369;30;;;12362.0;0.0
yf_ZS=F_d9;41600;ASH_COATED_OSMIUM;9920;20;9916;14;;;9926;12;9930;20;;;9923.0;0.0
yf_ZS=F_d9;41600;INTARIAN_PEPPER_ROOT;12358;21;12355;19;;;12364;11;12367;20;;;12361.0;0.0
yf_ZS=F_d9;41700;ASH_COATED_OSMIUM;9920;22;9917;27;;;9926;11;9929;17;;;9923.0;0.0
yf_ZS=F_d9;41700;INTARIAN_PEPPER_ROOT;12359;16;12356;17;;;12365;14;12369;24;;;12362.0;0.0
yf_ZS=F_d9;41800;ASH_COATED_OSMIUM;9921;17;9918;23;;;9927;10;9930;22;;;9924.0;0.0
yf_ZS=F_d9;41800;INTARIAN_PEPPER_ROOT;12359;14;12357;16;;;12365;14;12369;13;;;12362.0;0.0
yf_ZS=F_d9;41900;ASH_COATED_OSMIUM;9922;15;9919;16;;;9928;22;9932;20;;;9925.0;0.0
yf_ZS=F_d9;41900;INTARIAN_PEPPER_ROOT;12355;10;12351;21;;;12368;14;12371;21;;;12361.5;0.0
yf_ZS=F_d9;42000;ASH_COATED_OSMIUM;9921;13;9918;22;;;9929;17;9931;14;;;9925.0;0.0
yf_ZS=F_d9;42000;INTARIAN_PEPPER_ROOT;12350;17;12346;23;;;12372;5;12375;18;;;12361.0;0.0
yf_ZS=F_d9;42100;ASH_COATED_OSMIUM;9915;15;9912;19;;;9935;14;9939;18;;;9925.0;0.0
yf_ZS=F_d9;42100;INTARIAN_PEPPER_ROOT;12359;18;12355;16;;;12365;16;12367;22;;;12362.0;0.0
yf_ZS=F_d9;42200;ASH_COATED_OSMIUM;9921;18;9919;18;;;9929;21;9932;19;;;9925.0;0.0
yf_ZS=F_d9;42200;INTARIAN_PEPPER_ROOT;12349;23;12347;24;;;12372;12;12374;31;;;12360.5;0.0
yf_ZS=F_d9;42300;ASH_COATED_OSMIUM;9922;19;9920;24;;;9928;8;9932;29;;;9925.0;0.0
yf_ZS=F_d9;42300;INTARIAN_PEPPER_ROOT;12357;19;12353;9;;;12363;24;12365;21;;;12360.0;0.0
yf_ZS=F_d9;42400;ASH_COATED_OSMIUM;9921;14;9918;23;;;9930;13;9934;15;;;9925.5;0.0
yf_ZS=F_d9;42400;INTARIAN_PEPPER_ROOT;12357;17;12354;17;;;12363;5;12366;30;;;12360.0;0.0
yf_ZS=F_d9;42500;ASH_COATED_OSMIUM;9923;15;9919;16;;;9929;16;9932;25;;;9926.0;0.0
yf_ZS=F_d9;42500;INTARIAN_PEPPER_ROOT;12354;13;12351;19;;;12367;17;12369;24;;;12360.5;0.0
yf_ZS=F_d9;42600;ASH_COATED_OSMIUM;9923;20;9920;21;;;9929;6;9932;19;;;9926.0;0.0
yf_ZS=F_d9;42600;INTARIAN_PEPPER_ROOT;12357;10;12353;21;;;12363;22;12366;13;;;12360.0;0.0
yf_ZS=F_d9;42700;ASH_COATED_OSMIUM;9922;14;9918;25;;;9930;15;9933;20;;;9926.0;0.0
yf_ZS=F_d9;42700;INTARIAN_PEPPER_ROOT;12357;16;12355;16;;;12363;11;12366;19;;;12360.0;0.0
yf_ZS=F_d9;42800;ASH_COATED_OSMIUM;9923;13;9920;24;;;9929;5;9932;13;;;9926.0;0.0
yf_ZS=F_d9;42800;INTARIAN_PEPPER_ROOT;12354;15;12351;15;;;12365;12;12367;28;;;12359.5;0.0
yf_ZS=F_d9;42900;ASH_COATED_OSMIUM;9923;23;9921;22;;;9929;18;9931;15;;;9926.0;0.0
yf_ZS=F_d9;42900;INTARIAN_PEPPER_ROOT;12356;13;12353;20;;;12363;7;12366;12;;;12359.5;0.0
yf_ZS=F_d9;43000;ASH_COATED_OSMIUM;9924;27;9922;16;;;9930;18;9933;15;;;9927.0;0.0
yf_ZS=F_d9;43000;INTARIAN_PEPPER_ROOT;12357;20;12353;17;;;12363;17;12366;15;;;12360.0;0.0
yf_ZS=F_d9;43100;ASH_COATED_OSMIUM;9923;19;9920;16;;;9929;5;9933;16;;;9926.0;0.0
yf_ZS=F_d9;43100;INTARIAN_PEPPER_ROOT;12353;16;12349;16;;;12364;15;12368;20;;;12358.5;0.0
yf_ZS=F_d9;43200;ASH_COATED_OSMIUM;9924;14;9920;19;;;9930;20;9933;14;;;9927.0;0.0
yf_ZS=F_d9;43200;INTARIAN_PEPPER_ROOT;12355;17;12353;18;;;12362;12;12366;27;;;12358.5;0.0
yf_ZS=F_d9;43300;ASH_COATED_OSMIUM;9917;8;9914;13;;;9937;14;9941;22;;;9927.0;0.0
yf_ZS=F_d9;43300;INTARIAN_PEPPER_ROOT;12355;12;12352;22;;;12361;5;12365;17;;;12358.0;0.0
yf_ZS=F_d9;43400;ASH_COATED_OSMIUM;9924;16;9921;19;;;9930;19;9932;22;;;9927.0;0.0
yf_ZS=F_d9;43400;INTARIAN_PEPPER_ROOT;12356;10;12352;14;;;12362;21;12364;17;;;12359.0;0.0
yf_ZS=F_d9;43500;ASH_COATED_OSMIUM;9924;20;9920;14;;;9930;5;9932;16;;;9927.0;0.0
yf_ZS=F_d9;43500;INTARIAN_PEPPER_ROOT;12356;23;12354;18;;;12362;11;12365;11;;;12359.0;0.0
yf_ZS=F_d9;43600;ASH_COATED_OSMIUM;9925;20;9923;19;;;9931;15;9934;17;;;9928.0;0.0
yf_ZS=F_d9;43600;INTARIAN_PEPPER_ROOT;12349;18;12347;24;;;12366;10;12370;26;;;12357.5;0.0
yf_ZS=F_d9;43700;ASH_COATED_OSMIUM;9917;13;9913;17;;;9939;21;9941;12;;;9928.0;0.0
yf_ZS=F_d9;43700;INTARIAN_PEPPER_ROOT;12355;13;12353;9;;;12361;12;12363;18;;;12358.0;0.0
yf_ZS=F_d9;43800;ASH_COATED_OSMIUM;9919;15;9916;16;;;9936;9;9940;23;;;9927.5;0.0
yf_ZS=F_d9;43800;INTARIAN_PEPPER_ROOT;12354;20;12350;20;;;12360;10;12363;15;;;12357.0;0.0
yf_ZS=F_d9;43900;ASH_COATED_OSMIUM;9925;7;9922;15;;;9931;22;9933;25;;;9928.0;0.0
yf_ZS=F_d9;43900;INTARIAN_PEPPER_ROOT;12354;9;12350;10;;;12361;13;12363;22;;;12357.5;0.0
yf_ZS=F_d9;44000;ASH_COATED_OSMIUM;9913;12;9909;19;;;9944;22;9947;16;;;9928.5;0.0
yf_ZS=F_d9;44000;INTARIAN_PEPPER_ROOT;12353;19;12351;18;;;12362;11;12366;19;;;12357.5;0.0
yf_ZS=F_d9;44100;ASH_COATED_OSMIUM;9925;16;9923;17;;;9931;11;9934;19;;;9928.0;0.0
yf_ZS=F_d9;44100;INTARIAN_PEPPER_ROOT;12354;21;12350;9;;;12360;22;12362;24;;;12357.0;0.0
yf_ZS=F_d9;44200;ASH_COATED_OSMIUM;9924;18;9921;19;;;9932;15;9935;21;;;9928.0;0.0
yf_ZS=F_d9;44200;INTARIAN_PEPPER_ROOT;12354;11;12350;19;;;12360;11;12363;16;;;12357.0;0.0
yf_ZS=F_d9;44300;ASH_COATED_OSMIUM;9926;9;9923;20;;;9932;12;9936;21;;;9929.0;0.0
yf_ZS=F_d9;44300;INTARIAN_PEPPER_ROOT;12353;17;12350;28;;;12359;17;12362;15;;;12356.0;0.0
yf_ZS=F_d9;44400;ASH_COATED_OSMIUM;9925;20;9922;13;;;9933;11;9937;28;;;9929.0;0.0
yf_ZS=F_d9;44400;INTARIAN_PEPPER_ROOT;12354;9;12352;19;;;12360;19;12362;18;;;12357.0;0.0
yf_ZS=F_d9;44500;ASH_COATED_OSMIUM;9926;8;9924;17;;;9932;18;9935;23;;;9929.0;0.0
yf_ZS=F_d9;44500;INTARIAN_PEPPER_ROOT;12351;13;12349;21;;;12363;11;12365;23;;;12357.0;0.0
yf_ZS=F_d9;44600;ASH_COATED_OSMIUM;9927;16;9923;26;;;9933;16;9937;20;;;9930.0;0.0
yf_ZS=F_d9;44600;INTARIAN_PEPPER_ROOT;12353;9;12351;14;;;12359;17;12361;25;;;12356.0;0.0
yf_ZS=F_d9;44700;ASH_COATED_OSMIUM;9924;13;9921;22;;;9936;16;9939;18;;;9930.0;0.0
yf_ZS=F_d9;44700;INTARIAN_PEPPER_ROOT;12349;21;12345;19;;;12363;18;12365;19;;;12356.0;0.0
yf_ZS=F_d9;44800;ASH_COATED_OSMIUM;9927;15;9923;18;;;9934;14;9937;18;;;9930.5;0.0
yf_ZS=F_d9;44800;INTARIAN_PEPPER_ROOT;12346;11;12344;23;;;12366;10;12370;19;;;12356.0;0.0
yf_ZS=F_d9;44900;ASH_COATED_OSMIUM;9912;11;9910;18;;;9948;20;9951;17;;;9930.0;0.0
yf_ZS=F_d9;44900;INTARIAN_PEPPER_ROOT;12352;5;12349;29;;;12358;20;12361;14;;;12355.0;0.0
yf_ZS=F_d9;45000;ASH_COATED_OSMIUM;9926;13;9922;17;;;9934;9;9936;17;;;9930.0;0.0
yf_ZS=F_d9;45000;INTARIAN_PEPPER_ROOT;12347;13;12345;16;;;12364;22;12368;26;;;12355.5;0.0
yf_ZS=F_d9;45100;ASH_COATED_OSMIUM;9925;17;9923;19;;;9936;10;9939;24;;;9930.5;0.0
yf_ZS=F_d9;45100;INTARIAN_PEPPER_ROOT;12351;14;12349;22;;;12359;16;12363;17;;;12355.0;0.0
yf_ZS=F_d9;45200;ASH_COATED_OSMIUM;9928;30;9926;18;;;9934;13;9938;22;;;9931.0;0.0
yf_ZS=F_d9;45200;INTARIAN_PEPPER_ROOT;12350;18;12347;25;;;12360;21;12363;18;;;12355.0;0.0
yf_ZS=F_d9;45300;ASH_COATED_OSMIUM;9918;11;9915;18;;;9944;14;9946;23;;;9931.0;0.0
yf_ZS=F_d9;45300;INTARIAN_PEPPER_ROOT;12350;26;12347;28;;;12359;9;12363;20;;;12354.5;0.0
yf_ZS=F_d9;45400;ASH_COATED_OSMIUM;9928;10;9926;15;;;9934;11;9937;21;;;9931.0;0.0
yf_ZS=F_d9;45400;INTARIAN_PEPPER_ROOT;12351;18;12348;18;;;12357;7;12361;20;;;12354.0;0.0
yf_ZS=F_d9;45500;ASH_COATED_OSMIUM;9928;12;9925;24;;;9935;17;9937;17;;;9931.5;0.0
yf_ZS=F_d9;45500;INTARIAN_PEPPER_ROOT;12351;15;12348;26;;;12357;12;12360;25;;;12354.0;0.0
yf_ZS=F_d9;45600;ASH_COATED_OSMIUM;9928;19;9924;19;;;9935;16;9938;18;;;9931.5;0.0
yf_ZS=F_d9;45600;INTARIAN_PEPPER_ROOT;12347;19;12343;16;;;12361;6;12363;26;;;12354.0;0.0
yf_ZS=F_d9;45700;ASH_COATED_OSMIUM;9926;11;9923;16;;;9937;12;9940;10;;;9931.5;0.0
yf_ZS=F_d9;45700;INTARIAN_PEPPER_ROOT;12352;22;12348;14;;;12358;16;12362;11;;;12355.0;0.0
yf_ZS=F_d9;45800;ASH_COATED_OSMIUM;9929;13;9925;20;;;9935;9;9938;20;;;9932.0;0.0
yf_ZS=F_d9;45800;INTARIAN_PEPPER_ROOT;12351;20;12348;20;;;12357;20;12360;18;;;12354.0;0.0
yf_ZS=F_d9;45900;ASH_COATED_OSMIUM;9929;10;9927;22;;;9935;28;9939;14;;;9932.0;0.0
yf_ZS=F_d9;45900;INTARIAN_PEPPER_ROOT;12351;11;12348;19;;;12357;13;12361;21;;;12354.0;0.0
yf_ZS=F_d9;46000;ASH_COATED_OSMIUM;9928;8;9926;26;;;9938;12;9941;13;;;9933.0;0.0
yf_ZS=F_d9;46000;INTARIAN_PEPPER_ROOT;12350;13;12346;21;;;12356;14;12360;17;;;12353.0;0.0
yf_ZS=F_d9;46100;ASH_COATED_OSMIUM;9929;14;9927;10;;;9935;13;9938;21;;;9932.0;0.0
yf_ZS=F_d9;46100;INTARIAN_PEPPER_ROOT;12350;21;12346;14;;;12357;14;12360;10;;;12353.5;0.0
yf_ZS=F_d9;46200;ASH_COATED_OSMIUM;9925;18;9923;29;;;9942;23;9945;27;;;9933.5;0.0
yf_ZS=F_d9;46200;INTARIAN_PEPPER_ROOT;12350;5;12348;14;;;12356;11;12358;25;;;12353.0;0.0
yf_ZS=F_d9;46300;ASH_COATED_OSMIUM;9929;12;9925;16;;;9937;11;9941;25;;;9933.0;0.0
yf_ZS=F_d9;46300;INTARIAN_PEPPER_ROOT;12349;18;12346;11;;;12355;5;12357;24;;;12352.0;0.0
yf_ZS=F_d9;46400;ASH_COATED_OSMIUM;9929;19;9925;20;;;9937;12;9940;15;;;9933.0;0.0
yf_ZS=F_d9;46400;INTARIAN_PEPPER_ROOT;12350;14;12347;19;;;12356;11;12359;16;;;12353.0;0.0
yf_ZS=F_d9;46500;ASH_COATED_OSMIUM;9930;18;9928;18;;;9936;15;9940;18;;;9933.0;0.0
yf_ZS=F_d9;46500;INTARIAN_PEPPER_ROOT;12349;24;12345;19;;;12355;6;12358;24;;;12352.0;0.0
yf_ZS=F_d9;46600;ASH_COATED_OSMIUM;9929;18;9927;15;;;9938;11;9940;17;;;9933.5;0.0
yf_ZS=F_d9;46600;INTARIAN_PEPPER_ROOT;12348;12;12344;18;;;12358;17;12361;17;;;12353.0;0.0
yf_ZS=F_d9;46700;ASH_COATED_OSMIUM;9924;21;9922;34;;;9943;9;9946;16;;;9933.5;0.0
yf_ZS=F_d9;46700;INTARIAN_PEPPER_ROOT;12349;19;12346;23;;;12355;15;12359;20;;;12352.0;0.0
yf_ZS=F_d9;46800;ASH_COATED_OSMIUM;9931;23;9928;11;;;9937;13;9941;24;;;9934.0;0.0
yf_ZS=F_d9;46800;INTARIAN_PEPPER_ROOT;12346;11;12342;21;;;12358;15;12361;24;;;12352.0;0.0
yf_ZS=F_d9;46900;ASH_COATED_OSMIUM;9931;11;9927;21;;;9937;7;9940;12;;;9934.0;0.0
yf_ZS=F_d9;46900;INTARIAN_PEPPER_ROOT;12348;16;12346;17;;;12354;20;12357;18;;;12351.0;0.0
yf_ZS=F_d9;47000;ASH_COATED_OSMIUM;9931;15;9929;12;;;9937;14;9940;16;;;9934.0;0.0
yf_ZS=F_d9;47000;INTARIAN_PEPPER_ROOT;12345;9;12341;17;;;12357;19;12360;10;;;12351.0;0.0
yf_ZS=F_d9;47100;ASH_COATED_OSMIUM;9931;25;9929;21;;;9937;21;9941;13;;;9934.0;0.0
yf_ZS=F_d9;47100;INTARIAN_PEPPER_ROOT;12348;18;12345;23;;;12354;13;12356;27;;;12351.0;0.0
yf_ZS=F_d9;47200;ASH_COATED_OSMIUM;9930;14;9926;25;;;9938;15;9942;17;;;9934.0;0.0
yf_ZS=F_d9;47200;INTARIAN_PEPPER_ROOT;12346;12;12344;22;;;12357;5;12359;12;;;12351.5;0.0
yf_ZS=F_d9;47300;ASH_COATED_OSMIUM;9932;16;9928;18;;;9938;13;9942;24;;;9935.0;0.0
yf_ZS=F_d9;47300;INTARIAN_PEPPER_ROOT;12342;24;12339;12;;;12359;24;12361;19;;;12350.5;0.0
yf_ZS=F_d9;47400;ASH_COATED_OSMIUM;9932;14;9930;22;;;9938;12;9942;17;;;9935.0;0.0
yf_ZS=F_d9;47400;INTARIAN_PEPPER_ROOT;12347;11;12345;27;;;12353;11;12356;18;;;12350.0;0.0
yf_ZS=F_d9;47500;ASH_COATED_OSMIUM;9932;16;9929;19;;;9938;12;9942;24;;;9935.0;0.0
yf_ZS=F_d9;47500;INTARIAN_PEPPER_ROOT;12347;12;12344;23;;;12353;5;12356;18;;;12350.0;0.0
yf_ZS=F_d9;47600;ASH_COATED_OSMIUM;9929;23;9925;17;;;9942;14;9946;12;;;9935.5;0.0
yf_ZS=F_d9;47600;INTARIAN_PEPPER_ROOT;12346;11;12344;25;;;12354;20;12358;15;;;12350.0;0.0
yf_ZS=F_d9;47700;ASH_COATED_OSMIUM;9932;10;9930;24;;;9938;12;9942;25;;;9935.0;0.0
yf_ZS=F_d9;47700;INTARIAN_PEPPER_ROOT;12347;17;12343;22;;;12353;18;12355;28;;;12350.0;0.0
yf_ZS=F_d9;47800;ASH_COATED_OSMIUM;9932;18;9930;30;;;9938;17;9942;16;;;9935.0;0.0
yf_ZS=F_d9;47800;INTARIAN_PEPPER_ROOT;12347;22;12344;19;;;12353;15;12356;16;;;12350.0;0.0
yf_ZS=F_d9;47900;ASH_COATED_OSMIUM;9932;14;9930;27;;;9941;15;9945;20;;;9936.5;0.0
yf_ZS=F_d9;47900;INTARIAN_PEPPER_ROOT;12346;18;12344;20;;;12352;18;12354;22;;;12349.0;0.0
yf_ZS=F_d9;48000;ASH_COATED_OSMIUM;9933;16;9931;23;;;9939;5;9943;18;;;9936.0;0.0
yf_ZS=F_d9;48000;INTARIAN_PEPPER_ROOT;12347;17;12344;15;;;12353;15;12355;27;;;12350.0;0.0
yf_ZS=F_d9;48100;ASH_COATED_OSMIUM;9933;14;9929;25;;;9939;18;9943;21;;;9936.0;0.0
yf_ZS=F_d9;48100;INTARIAN_PEPPER_ROOT;12344;7;12342;20;;;12354;17;12357;25;;;12349.0;0.0
yf_ZS=F_d9;48200;ASH_COATED_OSMIUM;9933;13;9929;20;;;9939;6;9943;13;;;9936.0;0.0
yf_ZS=F_d9;48200;INTARIAN_PEPPER_ROOT;12335;14;12333;13;;;12362;13;12366;29;;;12348.5;0.0
yf_ZS=F_d9;48300;ASH_COATED_OSMIUM;9933;16;9929;17;;;9939;16;9942;13;;;9936.0;0.0
yf_ZS=F_d9;48300;INTARIAN_PEPPER_ROOT;12345;16;12341;19;;;12353;10;12357;16;;;12349.0;0.0
yf_ZS=F_d9;48400;ASH_COATED_OSMIUM;9930;15;9927;29;;;9943;18;9947;22;;;9936.5;0.0
yf_ZS=F_d9;48400;INTARIAN_PEPPER_ROOT;12346;17;12342;27;;;12352;7;12356;16;;;12349.0;0.0
yf_ZS=F_d9;48500;ASH_COATED_OSMIUM;9925;15;9923;29;;;9949;8;9951;22;;;9937.0;0.0
yf_ZS=F_d9;48500;INTARIAN_PEPPER_ROOT;12340;8;12337;14;;;12357;12;12360;29;;;12348.5;0.0
yf_ZS=F_d9;48600;ASH_COATED_OSMIUM;9924;15;9920;25;;;9950;14;9954;20;;;9937.0;0.0
yf_ZS=F_d9;48600;INTARIAN_PEPPER_ROOT;12346;13;12342;23;;;12352;10;12354;14;;;12349.0;0.0
yf_ZS=F_d9;48700;ASH_COATED_OSMIUM;9933;11;9931;27;;;9942;15;9944;23;;;9937.5;0.0
yf_ZS=F_d9;48700;INTARIAN_PEPPER_ROOT;12345;12;12341;15;;;12351;21;12354;17;;;12348.0;0.0
yf_ZS=F_d9;48800;ASH_COATED_OSMIUM;9934;15;9930;19;;;9941;20;9944;22;;;9937.5;0.0
yf_ZS=F_d9;48800;INTARIAN_PEPPER_ROOT;12331;15;12327;25;;;12364;14;12368;19;;;12347.5;0.0
yf_ZS=F_d9;48900;ASH_COATED_OSMIUM;9935;9;9932;18;;;9941;7;9944;12;;;9938.0;0.0
yf_ZS=F_d9;48900;INTARIAN_PEPPER_ROOT;12334;12;12332;26;;;12361;13;12365;18;;;12347.5;0.0
yf_ZS=F_d9;49000;ASH_COATED_OSMIUM;9935;20;9932;18;;;9941;17;9944;26;;;9938.0;0.0
yf_ZS=F_d9;49000;INTARIAN_PEPPER_ROOT;12344;19;12341;20;;;12350;9;12354;23;;;12347.0;0.0
yf_ZS=F_d9;49100;ASH_COATED_OSMIUM;9935;13;9933;23;;;9941;16;9944;20;;;9938.0;0.0
yf_ZS=F_d9;49100;INTARIAN_PEPPER_ROOT;12341;9;12338;20;;;12353;8;12357;20;;;12347.0;0.0
yf_ZS=F_d9;49200;ASH_COATED_OSMIUM;9936;22;9933;8;;;9942;21;9945;18;;;9939.0;0.0
yf_ZS=F_d9;49200;INTARIAN_PEPPER_ROOT;12341;21;12337;14;;;12353;10;12355;17;;;12347.0;0.0
yf_ZS=F_d9;49300;ASH_COATED_OSMIUM;9936;14;9933;20;;;9942;23;9944;26;;;9939.0;0.0
yf_ZS=F_d9;49300;INTARIAN_PEPPER_ROOT;12330;8;12327;21;;;12363;12;12367;22;;;12346.5;0.0
yf_ZS=F_d9;49400;ASH_COATED_OSMIUM;9935;17;9931;17;;;9942;14;9945;18;;;9938.5;0.0
yf_ZS=F_d9;49400;INTARIAN_PEPPER_ROOT;12343;12;12341;19;;;12351;12;12354;24;;;12347.0;0.0
yf_ZS=F_d9;49500;ASH_COATED_OSMIUM;9925;14;9923;23;;;9953;17;9957;20;;;9939.0;0.0
yf_ZS=F_d9;49500;INTARIAN_PEPPER_ROOT;12343;16;12339;30;;;12349;22;12353;27;;;12346.0;0.0
yf_ZS=F_d9;49600;ASH_COATED_OSMIUM;9936;9;9934;23;;;9942;16;9945;27;;;9939.0;0.0
yf_ZS=F_d9;49600;INTARIAN_PEPPER_ROOT;12343;14;12339;23;;;12350;14;12353;12;;;12346.5;0.0
yf_ZS=F_d9;49700;ASH_COATED_OSMIUM;9934;29;9931;14;;;9944;15;9947;23;;;9939.0;0.0
yf_ZS=F_d9;49700;INTARIAN_PEPPER_ROOT;12337;13;12335;21;;;12356;10;12360;22;;;12346.5;0.0
yf_ZS=F_d9;49800;ASH_COATED_OSMIUM;9936;13;9934;22;;;9942;16;9945;22;;;9939.0;0.0
yf_ZS=F_d9;49800;INTARIAN_PEPPER_ROOT;12342;12;12340;18;;;12348;17;12350;22;;;12345.0;0.0
yf_ZS=F_d9;49900;ASH_COATED_OSMIUM;9937;19;9934;11;;;9943;9;9945;8;;;9940.0;0.0
yf_ZS=F_d9;49900;INTARIAN_PEPPER_ROOT;12343;25;12339;26;;;12349;16;12353;18;;;12346.0;0.0
yf_ZS=F_d9;50000;ASH_COATED_OSMIUM;9937;10;9934;15;;;9943;10;9947;28;;;9940.0;0.0
yf_ZS=F_d9;50000;INTARIAN_PEPPER_ROOT;12342;15;12340;17;;;12348;7;12350;28;;;12345.0;0.0
yf_ZS=F_d9;50100;ASH_COATED_OSMIUM;9938;17;9936;19;;;9944;7;9946;22;;;9941.0;0.0
yf_ZS=F_d9;50100;INTARIAN_PEPPER_ROOT;12342;5;12340;17;;;12348;15;12352;20;;;12345.0;0.0
yf_ZS=F_d9;50200;ASH_COATED_OSMIUM;9937;23;9933;21;;;9943;12;9946;29;;;9940.0;0.0
yf_ZS=F_d9;50200;INTARIAN_PEPPER_ROOT;12341;20;12337;11;;;12349;18;12351;11;;;12345.0;0.0
yf_ZS=F_d9;50300;ASH_COATED_OSMIUM;9931;15;9927;24;;;9949;13;9952;11;;;9940.0;0.0
yf_ZS=F_d9;50300;INTARIAN_PEPPER_ROOT;12342;17;12339;15;;;12348;5;12352;22;;;12345.0;0.0
yf_ZS=F_d9;50400;ASH_COATED_OSMIUM;9936;14;9934;25;;;9945;13;9949;29;;;9940.5;0.0
yf_ZS=F_d9;50400;INTARIAN_PEPPER_ROOT;12334;15;12331;14;;;12354;22;12357;15;;;12344.0;0.0
yf_ZS=F_d9;50500;ASH_COATED_OSMIUM;9937;20;9935;14;;;9944;5;9947;22;;;9940.5;0.0
yf_ZS=F_d9;50500;INTARIAN_PEPPER_ROOT;12342;18;12340;12;;;12348;10;12352;24;;;12345.0;0.0
yf_ZS=F_d9;50600;ASH_COATED_OSMIUM;9938;14;9935;18;;;9944;13;9946;13;;;9941.0;0.0
yf_ZS=F_d9;50600;INTARIAN_PEPPER_ROOT;12341;13;12337;13;;;12347;16;12349;22;;;12344.0;0.0
yf_ZS=F_d9;50700;ASH_COATED_OSMIUM;9937;17;9934;20;;;9946;18;9949;23;;;9941.5;0.0
yf_ZS=F_d9;50700;INTARIAN_PEPPER_ROOT;12341;15;12338;22;;;12347;13;12350;23;;;12344.0;0.0
yf_ZS=F_d9;50800;ASH_COATED_OSMIUM;9938;14;9934;18;;;9944;12;9946;24;;;9941.0;0.0
yf_ZS=F_d9;50800;INTARIAN_PEPPER_ROOT;12340;17;12337;8;;;12348;15;12350;19;;;12344.0;0.0
yf_ZS=F_d9;50900;ASH_COATED_OSMIUM;9935;26;9931;22;;;9947;20;9949;32;;;9941.0;0.0
yf_ZS=F_d9;50900;INTARIAN_PEPPER_ROOT;12341;6;12338;23;;;12347;9;12350;25;;;12344.0;0.0
yf_ZS=F_d9;51000;ASH_COATED_OSMIUM;9939;6;9935;22;;;9945;10;9947;18;;;9942.0;0.0
yf_ZS=F_d9;51000;INTARIAN_PEPPER_ROOT;12335;15;12333;24;;;12354;11;12358;20;;;12344.5;0.0
yf_ZS=F_d9;51100;ASH_COATED_OSMIUM;9940;14;9938;18;;;9946;7;9949;17;;;9943.0;0.0
yf_ZS=F_d9;51100;INTARIAN_PEPPER_ROOT;12341;10;12339;16;;;12347;13;12349;15;;;12344.0;0.0
yf_ZS=F_d9;51200;ASH_COATED_OSMIUM;9939;13;9935;18;;;9945;8;9947;21;;;9942.0;0.0
yf_ZS=F_d9;51200;INTARIAN_PEPPER_ROOT;12341;18;12338;13;;;12347;8;12350;30;;;12344.0;0.0
yf_ZS=F_d9;51300;ASH_COATED_OSMIUM;9940;19;9938;27;;;9946;13;9949;23;;;9943.0;0.0
yf_ZS=F_d9;51300;INTARIAN_PEPPER_ROOT;12339;15;12336;10;;;12350;15;12352;27;;;12344.5;0.0
yf_ZS=F_d9;51400;ASH_COATED_OSMIUM;9940;14;9936;27;;;9946;11;9948;29;;;9943.0;0.0
yf_ZS=F_d9;51400;INTARIAN_PEPPER_ROOT;12342;24;12339;18;;;12348;19;12350;17;;;12345.0;0.0
yf_ZS=F_d9;51500;ASH_COATED_OSMIUM;9940;10;9937;22;;;9946;14;9949;16;;;9943.0;0.0
yf_ZS=F_d9;51500;INTARIAN_PEPPER_ROOT;12341;25;12339;21;;;12347;7;12349;22;;;12344.0;0.0
yf_ZS=F_d9;51600;ASH_COATED_OSMIUM;9938;17;9934;18;;;9951;6;9954;22;;;9944.5;0.0
yf_ZS=F_d9;51600;INTARIAN_PEPPER_ROOT;12342;11;12339;21;;;12348;10;12350;34;;;12345.0;0.0
yf_ZS=F_d9;51700;ASH_COATED_OSMIUM;9941;26;9938;21;;;9947;16;9949;9;;;9944.0;0.0
yf_ZS=F_d9;51700;INTARIAN_PEPPER_ROOT;12338;17;12335;21;;;12351;15;12355;28;;;12344.5;0.0
yf_ZS=F_d9;51800;ASH_COATED_OSMIUM;9941;26;9938;20;;;9947;14;9950;26;;;9944.0;0.0
yf_ZS=F_d9;51800;INTARIAN_PEPPER_ROOT;12335;12;12331;17;;;12354;14;12358;20;;;12344.5;0.0
yf_ZS=F_d9;51900;ASH_COATED_OSMIUM;9939;14;9936;19;;;9951;10;9954;8;;;9945.0;0.0
yf_ZS=F_d9;51900;INTARIAN_PEPPER_ROOT;12341;5;12337;22;;;12349;15;12351;14;;;12345.0;0.0
yf_ZS=F_d9;52000;ASH_COATED_OSMIUM;9942;16;9938;24;;;9948;10;9951;16;;;9945.0;0.0
yf_ZS=F_d9;52000;INTARIAN_PEPPER_ROOT;12342;20;12338;21;;;12348;15;12350;25;;;12345.0;0.0
yf_ZS=F_d9;52100;ASH_COATED_OSMIUM;9942;20;9940;19;;;9948;17;9950;19;;;9945.0;0.0
yf_ZS=F_d9;52100;INTARIAN_PEPPER_ROOT;12343;12;12339;24;;;12349;22;12352;23;;;12346.0;0.0
yf_ZS=F_d9;52200;ASH_COATED_OSMIUM;9942;18;9938;19;;;9948;13;9952;19;;;9945.0;0.0
yf_ZS=F_d9;52200;INTARIAN_PEPPER_ROOT;12343;19;12340;17;;;12349;21;12353;23;;;12346.0;0.0
yf_ZS=F_d9;52300;ASH_COATED_OSMIUM;9943;14;9939;27;;;9949;21;9951;22;;;9946.0;0.0
yf_ZS=F_d9;52300;INTARIAN_PEPPER_ROOT;12343;9;12339;24;;;12349;5;12352;14;;;12346.0;0.0
yf_ZS=F_d9;52400;ASH_COATED_OSMIUM;9943;14;9939;21;;;9949;10;9951;20;;;9946.0;0.0
yf_ZS=F_d9;52400;INTARIAN_PEPPER_ROOT;12342;20;12339;26;;;12348;7;12351;22;;;12345.0;0.0
yf_ZS=F_d9;52500;ASH_COATED_OSMIUM;9943;12;9939;17;;;9950;15;9954;22;;;9946.5;0.0
yf_ZS=F_d9;52500;INTARIAN_PEPPER_ROOT;12343;13;12339;19;;;12349;18;12352;21;;;12346.0;0.0
yf_ZS=F_d9;52600;ASH_COATED_OSMIUM;9938;20;9934;28;;;9954;12;9958;29;;;9946.0;0.0
yf_ZS=F_d9;52600;INTARIAN_PEPPER_ROOT;12343;13;12341;17;;;12349;20;12352;28;;;12346.0;0.0
yf_ZS=F_d9;52700;ASH_COATED_OSMIUM;9944;5;9942;22;;;9950;15;9953;15;;;9947.0;0.0
yf_ZS=F_d9;52700;INTARIAN_PEPPER_ROOT;12341;12;12338;12;;;12352;20;12354;27;;;12346.5;0.0
yf_ZS=F_d9;52800;ASH_COATED_OSMIUM;9944;10;9942;24;;;9950;15;9953;22;;;9947.0;0.0
yf_ZS=F_d9;52800;INTARIAN_PEPPER_ROOT;12333;22;12330;16;;;12358;15;12360;21;;;12345.5;0.0
yf_ZS=F_d9;52900;ASH_COATED_OSMIUM;9944;11;9941;12;;;9950;15;9953;15;;;9947.0;0.0
yf_ZS=F_d9;52900;INTARIAN_PEPPER_ROOT;12343;9;12340;22;;;12349;19;12351;23;;;12346.0;0.0
yf_ZS=F_d9;53000;ASH_COATED_OSMIUM;9945;21;9942;20;;;9951;21;9953;20;;;9948.0;0.0
yf_ZS=F_d9;53000;INTARIAN_PEPPER_ROOT;12343;20;12340;25;;;12349;13;12351;14;;;12346.0;0.0
yf_ZS=F_d9;53100;ASH_COATED_OSMIUM;9945;14;9943;25;;;9951;20;9955;14;;;9948.0;0.0
yf_ZS=F_d9;53100;INTARIAN_PEPPER_ROOT;12343;21;12340;28;;;12349;15;12351;19;;;12346.0;0.0
yf_ZS=F_d9;53200;ASH_COATED_OSMIUM;9945;14;9941;22;;;9952;19;9956;27;;;9948.5;0.0
yf_ZS=F_d9;53200;INTARIAN_PEPPER_ROOT;12339;18;12337;16;;;12354;16;12356;21;;;12346.5;0.0
yf_ZS=F_d9;53300;ASH_COATED_OSMIUM;9945;11;9941;16;;;9951;9;9955;18;;;9948.0;0.0
yf_ZS=F_d9;53300;INTARIAN_PEPPER_ROOT;12343;15;12340;18;;;12350;9;12353;14;;;12346.5;0.0
yf_ZS=F_d9;53400;ASH_COATED_OSMIUM;9938;15;9936;20;;;9958;12;9961;15;;;9948.0;0.0
yf_ZS=F_d9;53400;INTARIAN_PEPPER_ROOT;12335;18;12332;11;;;12359;15;12362;15;;;12347.0;0.0
yf_ZS=F_d9;53500;ASH_COATED_OSMIUM;9939;19;9937;22;;;9958;21;9962;15;;;9948.5;0.0
yf_ZS=F_d9;53500;INTARIAN_PEPPER_ROOT;12344;16;12341;13;;;12352;15;12356;23;;;12348.0;0.0
yf_ZS=F_d9;53600;ASH_COATED_OSMIUM;9939;17;9937;23;;;9959;16;9963;23;;;9949.0;0.0
yf_ZS=F_d9;53600;INTARIAN_PEPPER_ROOT;12339;21;12335;16;;;12355;24;12357;23;;;12347.0;0.0
yf_ZS=F_d9;53700;ASH_COATED_OSMIUM;9945;18;9943;23;;;9953;12;9957;13;;;9949.0;0.0
yf_ZS=F_d9;53700;INTARIAN_PEPPER_ROOT;12344;16;12340;23;;;12350;18;12354;22;;;12347.0;0.0
yf_ZS=F_d9;53800;ASH_COATED_OSMIUM;9947;20;9943;12;;;9953;10;9956;15;;;9950.0;0.0
yf_ZS=F_d9;53800;INTARIAN_PEPPER_ROOT;12344;13;12342;32;;;12350;13;12354;20;;;12347.0;0.0
yf_ZS=F_d9;53900;ASH_COATED_OSMIUM;9945;10;9941;16;;;9955;11;9958;26;;;9950.0;0.0
yf_ZS=F_d9;53900;INTARIAN_PEPPER_ROOT;12342;16;12339;16;;;12354;17;12358;20;;;12348.0;0.0
yf_ZS=F_d9;54000;ASH_COATED_OSMIUM;9944;14;9942;25;;;9957;8;9959;24;;;9950.5;0.0
yf_ZS=F_d9;54000;INTARIAN_PEPPER_ROOT;12345;5;12343;14;;;12351;10;12355;12;;;12348.0;0.0
yf_ZS=F_d9;54100;ASH_COATED_OSMIUM;9947;11;9943;13;;;9954;12;9957;12;;;9950.5;0.0
yf_ZS=F_d9;54100;INTARIAN_PEPPER_ROOT;12341;12;12337;9;;;12355;21;12358;22;;;12348.0;0.0
yf_ZS=F_d9;54200;ASH_COATED_OSMIUM;9948;21;9944;9;;;9954;11;9958;29;;;9951.0;0.0
yf_ZS=F_d9;54200;INTARIAN_PEPPER_ROOT;12329;22;12326;13;;;12366;9;12370;24;;;12347.5;0.0
yf_ZS=F_d9;54300;ASH_COATED_OSMIUM;9948;16;9946;34;;;9954;24;9956;25;;;9951.0;0.0
yf_ZS=F_d9;54300;INTARIAN_PEPPER_ROOT;12345;9;12343;18;;;12351;13;12353;23;;;12348.0;0.0
yf_ZS=F_d9;54400;ASH_COATED_OSMIUM;9948;19;9946;20;;;9954;5;9957;21;;;9951.0;0.0
yf_ZS=F_d9;54400;INTARIAN_PEPPER_ROOT;12344;5;12340;12;;;12353;16;12356;20;;;12348.5;0.0
yf_ZS=F_d9;54500;ASH_COATED_OSMIUM;9949;18;9947;18;;;9955;12;9959;15;;;9952.0;0.0
yf_ZS=F_d9;54500;INTARIAN_PEPPER_ROOT;12339;17;12335;29;;;12357;10;12360;17;;;12348.0;0.0
yf_ZS=F_d9;54600;ASH_COATED_OSMIUM;9944;7;9942;19;;;9961;14;9963;19;;;9952.5;0.0
yf_ZS=F_d9;54600;INTARIAN_PEPPER_ROOT;12345;18;12343;15;;;12351;15;12355;20;;;12348.0;0.0
yf_ZS=F_d9;54700;ASH_COATED_OSMIUM;9944;17;9942;25;;;9960;10;9964;26;;;9952.0;0.0
yf_ZS=F_d9;54700;INTARIAN_PEPPER_ROOT;12345;9;12341;16;;;12351;15;12353;19;;;12348.0;0.0
yf_ZS=F_d9;54800;ASH_COATED_OSMIUM;9950;12;9948;20;;;9956;12;9960;15;;;9953.0;0.0
yf_ZS=F_d9;54800;INTARIAN_PEPPER_ROOT;12345;17;12342;10;;;12351;9;12353;12;;;12348.0;0.0
yf_ZS=F_d9;54900;ASH_COATED_OSMIUM;9950;6;9946;14;;;9956;21;9960;29;;;9953.0;0.0
yf_ZS=F_d9;54900;INTARIAN_PEPPER_ROOT;12346;24;12344;17;;;12352;8;12355;14;;;12349.0;0.0
yf_ZS=F_d9;55000;ASH_COATED_OSMIUM;9936;20;9934;22;;;9969;22;9973;17;;;9952.5;0.0
yf_ZS=F_d9;55000;INTARIAN_PEPPER_ROOT;12346;16;12343;18;;;12352;9;12356;17;;;12349.0;0.0
yf_ZS=F_d9;55100;ASH_COATED_OSMIUM;9950;16;9948;29;;;9956;15;9958;10;;;9953.0;0.0
yf_ZS=F_d9;55100;INTARIAN_PEPPER_ROOT;12345;28;12343;17;;;12353;23;12357;23;;;12349.0;0.0
yf_ZS=F_d9;55200;ASH_COATED_OSMIUM;9951;8;9948;21;;;9957;23;9961;30;;;9954.0;0.0
yf_ZS=F_d9;55200;INTARIAN_PEPPER_ROOT;12340;22;12336;21;;;12359;17;12363;13;;;12349.5;0.0
yf_ZS=F_d9;55300;ASH_COATED_OSMIUM;9952;8;9948;13;;;9958;23;9962;21;;;9955.0;0.0
yf_ZS=F_d9;55300;INTARIAN_PEPPER_ROOT;12346;6;12344;12;;;12352;16;12355;24;;;12349.0;0.0
yf_ZS=F_d9;55400;ASH_COATED_OSMIUM;9952;9;9949;15;;;9958;9;9960;27;;;9955.0;0.0
yf_ZS=F_d9;55400;INTARIAN_PEPPER_ROOT;12346;16;12342;13;;;12352;16;12355;14;;;12349.0;0.0
yf_ZS=F_d9;55500;ASH_COATED_OSMIUM;9952;13;9948;27;;;9958;14;9962;28;;;9955.0;0.0
yf_ZS=F_d9;55500;INTARIAN_PEPPER_ROOT;12345;8;12341;24;;;12354;18;12356;22;;;12349.5;0.0
yf_ZS=F_d9;55600;ASH_COATED_OSMIUM;9949;18;9946;18;;;9961;5;9964;18;;;9955.0;0.0
yf_ZS=F_d9;55600;INTARIAN_PEPPER_ROOT;12346;12;12343;18;;;12353;14;12357;10;;;12349.5;0.0
yf_ZS=F_d9;55700;ASH_COATED_OSMIUM;9950;14;9946;20;;;9961;9;9965;14;;;9955.5;0.0
yf_ZS=F_d9;55700;INTARIAN_PEPPER_ROOT;12347;14;12343;28;;;12353;9;12357;11;;;12350.0;0.0
yf_ZS=F_d9;55800;ASH_COATED_OSMIUM;9952;7;9950;22;;;9960;17;9962;32;;;9956.0;0.0
yf_ZS=F_d9;55800;INTARIAN_PEPPER_ROOT;12341;10;12337;17;;;12358;7;12361;20;;;12349.5;0.0
yf_ZS=F_d9;55900;ASH_COATED_OSMIUM;9953;12;9950;21;;;9959;19;9962;23;;;9956.0;0.0
yf_ZS=F_d9;55900;INTARIAN_PEPPER_ROOT;12347;8;12344;15;;;12353;14;12355;20;;;12350.0;0.0
yf_ZS=F_d9;56000;ASH_COATED_OSMIUM;9953;11;9951;27;;;9959;10;9962;12;;;9956.0;0.0
yf_ZS=F_d9;56000;INTARIAN_PEPPER_ROOT;12347;12;12343;14;;;12353;15;12357;18;;;12350.0;0.0
yf_ZS=F_d9;56100;ASH_COATED_OSMIUM;9950;11;9946;26;;;9965;17;9967;20;;;9957.5;0.0
yf_ZS=F_d9;56100;INTARIAN_PEPPER_ROOT;12347;8;12345;20;;;12353;8;12357;27;;;12350.0;0.0
yf_ZS=F_d9;56200;ASH_COATED_OSMIUM;9953;12;9949;14;;;9959;15;9962;29;;;9956.0;0.0
yf_ZS=F_d9;56200;INTARIAN_PEPPER_ROOT;12345;23;12343;25;;;12354;8;12356;22;;;12349.5;0.0
yf_ZS=F_d9;56300;ASH_COATED_OSMIUM;9944;26;9942;17;;;9969;12;9971;28;;;9956.5;0.0
yf_ZS=F_d9;56300;INTARIAN_PEPPER_ROOT;12344;18;12341;19;;;12356;14;12360;29;;;12350.0;0.0
yf_ZS=F_d9;56400;ASH_COATED_OSMIUM;9954;13;9952;22;;;9960;12;9962;9;;;9957.0;0.0
yf_ZS=F_d9;56400;INTARIAN_PEPPER_ROOT;12347;5;12343;12;;;12353;12;12356;21;;;12350.0;0.0
yf_ZS=F_d9;56500;ASH_COATED_OSMIUM;9955;9;9951;21;;;9961;21;9965;22;;;9958.0;0.0
yf_ZS=F_d9;56500;INTARIAN_PEPPER_ROOT;12347;10;12345;25;;;12354;15;12356;16;;;12350.5;0.0
yf_ZS=F_d9;56600;ASH_COATED_OSMIUM;9948;19;9945;25;;;9968;26;9971;24;;;9958.0;0.0
yf_ZS=F_d9;56600;INTARIAN_PEPPER_ROOT;12344;20;12341;21;;;12357;15;12359;18;;;12350.5;0.0
yf_ZS=F_d9;56700;ASH_COATED_OSMIUM;9948;15;9945;18;;;9968;13;9971;16;;;9958.0;0.0
yf_ZS=F_d9;56700;INTARIAN_PEPPER_ROOT;12348;13;12344;29;;;12354;10;12358;18;;;12351.0;0.0
yf_ZS=F_d9;56800;ASH_COATED_OSMIUM;9955;17;9951;17;;;9962;17;9965;29;;;9958.5;0.0
yf_ZS=F_d9;56800;INTARIAN_PEPPER_ROOT;12348;24;12346;23;;;12355;16;12358;30;;;12351.5;0.0
yf_ZS=F_d9;56900;ASH_COATED_OSMIUM;9955;15;9952;18;;;9961;9;9964;24;;;9958.0;0.0
yf_ZS=F_d9;56900;INTARIAN_PEPPER_ROOT;12348;10;12345;16;;;12354;18;12358;33;;;12351.0;0.0
yf_ZS=F_d9;57000;ASH_COATED_OSMIUM;9956;15;9953;11;;;9962;10;9965;18;;;9959.0;0.0
yf_ZS=F_d9;57000;INTARIAN_PEPPER_ROOT;12348;18;12345;18;;;12354;14;12357;27;;;12351.0;0.0
yf_ZS=F_d9;57100;ASH_COATED_OSMIUM;9948;14;9944;20;;;9969;13;9971;12;;;9958.5;0.0
yf_ZS=F_d9;57100;INTARIAN_PEPPER_ROOT;12346;13;12344;25;;;12355;17;12357;14;;;12350.5;0.0
yf_ZS=F_d9;57200;ASH_COATED_OSMIUM;9954;18;9950;29;;;9964;15;9966;10;;;9959.0;0.0
yf_ZS=F_d9;57200;INTARIAN_PEPPER_ROOT;12342;20;12339;14;;;12361;20;12363;15;;;12351.5;0.0
yf_ZS=F_d9;57300;ASH_COATED_OSMIUM;9957;7;9955;20;;;9963;16;9966;26;;;9960.0;0.0
yf_ZS=F_d9;57300;INTARIAN_PEPPER_ROOT;12343;14;12341;32;;;12360;13;12363;11;;;12351.5;0.0
yf_ZS=F_d9;57400;ASH_COATED_OSMIUM;9957;8;9953;22;;;9963;19;9965;24;;;9960.0;0.0
yf_ZS=F_d9;57400;INTARIAN_PEPPER_ROOT;12338;18;12334;21;;;12364;25;12368;25;;;12351.0;0.0
yf_ZS=F_d9;57500;ASH_COATED_OSMIUM;9958;12;9955;16;;;9964;14;9966;20;;;9961.0;0.0
yf_ZS=F_d9;57500;INTARIAN_PEPPER_ROOT;12346;16;12343;19;;;12358;9;12362;12;;;12352.0;0.0
yf_ZS=F_d9;57600;ASH_COATED_OSMIUM;9946;5;9943;16;;;9976;12;9980;26;;;9961.0;0.0
yf_ZS=F_d9;57600;INTARIAN_PEPPER_ROOT;12346;14;12342;13;;;12356;12;12359;16;;;12351.0;0.0
yf_ZS=F_d9;57700;ASH_COATED_OSMIUM;9958;22;9955;21;;;9964;15;9968;26;;;9961.0;0.0
yf_ZS=F_d9;57700;INTARIAN_PEPPER_ROOT;12349;19;12345;14;;;12355;5;12359;18;;;12352.0;0.0
yf_ZS=F_d9;57800;ASH_COATED_OSMIUM;9954;15;9952;17;;;9969;9;9972;17;;;9961.5;0.0
yf_ZS=F_d9;57800;INTARIAN_PEPPER_ROOT;12349;20;12345;16;;;12355;16;12358;28;;;12352.0;0.0
yf_ZS=F_d9;57900;ASH_COATED_OSMIUM;9950;17;9948;18;;;9973;25;9976;11;;;9961.5;0.0
yf_ZS=F_d9;57900;INTARIAN_PEPPER_ROOT;12349;6;12347;14;;;12355;20;12359;29;;;12352.0;0.0
yf_ZS=F_d9;58000;ASH_COATED_OSMIUM;9952;9;9949;20;;;9971;16;9973;17;;;9961.5;0.0
yf_ZS=F_d9;58000;INTARIAN_PEPPER_ROOT;12349;6;12346;24;;;12355;20;12358;22;;;12352.0;0.0
yf_ZS=F_d9;58100;ASH_COATED_OSMIUM;9959;11;9956;23;;;9965;19;9969;25;;;9962.0;0.0
yf_ZS=F_d9;58100;INTARIAN_PEPPER_ROOT;12342;5;12338;27;;;12363;9;12367;16;;;12352.5;0.0
yf_ZS=F_d9;58200;ASH_COATED_OSMIUM;9960;11;9957;13;;;9966;16;9968;26;;;9963.0;0.0
yf_ZS=F_d9;58200;INTARIAN_PEPPER_ROOT;12349;11;12347;20;;;12355;8;12357;22;;;12352.0;0.0
yf_ZS=F_d9;58300;ASH_COATED_OSMIUM;9960;19;9958;25;;;9966;11;9969;21;;;9963.0;0.0
