day;timestamp;product;bid_price_1;bid_volume_1;bid_price_2;bid_volume_2;bid_price_3;bid_volume_3;ask_price_1;ask_volume_1;ask_price_2;ask_volume_2;ask_price_3;ask_volume_3;mid_price;profit_and_loss
yf_MKC_d13;0;ASH_COATED_OSMIUM;9899;13;9895;24;;;9909;19;9913;24;;;9904.0;0.0
yf_MKC_d13;0;INTARIAN_PEPPER_ROOT;10997;11;10995;18;;;11003;18;11006;21;;;11000.0;0.0
yf_MKC_d13;100;ASH_COATED_OSMIUM;9900;11;9896;16;;;9910;14;9914;13;;;9905.0;0.0
yf_MKC_d13;100;INTARIAN_PEPPER_ROOT;10987;10;10984;17;;;11016;18;11018;26;;;11001.5;0.0
yf_MKC_d13;200;ASH_COATED_OSMIUM;9903;18;9899;19;;;9909;14;9913;26;;;9906.0;0.0
yf_MKC_d13;200;INTARIAN_PEPPER_ROOT;10999;18;10996;23;;;11005;16;11009;18;;;11002.0;0.0
yf_MKC_d13;300;ASH_COATED_OSMIUM;9901;5;9897;17;;;9909;6;9911;18;;;9905.0;0.0
yf_MKC_d13;300;INTARIAN_PEPPER_ROOT;11000;22;10996;17;;;11006;14;11009;23;;;11003.0;0.0
yf_MKC_d13;400;ASH_COATED_OSMIUM;9899;9;9897;13;;;9910;17;9912;14;;;9904.5;0.0
yf_MKC_d13;400;INTARIAN_PEPPER_ROOT;11000;12;10996;12;;;11010;17;11013;20;;;11005.0;0.0
yf_MKC_d13;500;ASH_COATED_OSMIUM;9901;14;9898;22;;;9907;21;9911;14;;;9904.0;0.0
yf_MKC_d13;500;INTARIAN_PEPPER_ROOT;11000;7;10997;23;;;11011;9;11013;18;;;11005.5;0.0
yf_MKC_d13;600;ASH_COATED_OSMIUM;9903;26;9899;24;;;9909;17;9913;16;;;9906.0;0.0
yf_MKC_d13;600;INTARIAN_PEPPER_ROOT;11002;19;11000;14;;;11010;27;11014;24;;;11006.0;0.0
yf_MKC_d13;700;ASH_COATED_OSMIUM;9899;17;9896;18;;;9910;6;9912;11;;;9904.5;0.0
yf_MKC_d13;700;INTARIAN_PEPPER_ROOT;11006;7;11003;23;;;11012;16;11016;22;;;11009.0;0.0
yf_MKC_d13;800;ASH_COATED_OSMIUM;9902;12;9900;9;;;9908;18;9912;25;;;9905.0;0.0
yf_MKC_d13;800;INTARIAN_PEPPER_ROOT;11006;12;11002;24;;;11012;25;11015;14;;;11009.0;0.0
yf_MKC_d13;900;ASH_COATED_OSMIUM;9902;19;9899;20;;;9908;19;9911;30;;;9905.0;0.0
yf_MKC_d13;900;INTARIAN_PEPPER_ROOT;11007;18;11003;25;;;11013;24;11015;27;;;11010.0;0.0
yf_MKC_d13;1000;ASH_COATED_OSMIUM;9902;7;9900;23;;;9908;13;9912;18;;;9905.0;0.0
yf_MKC_d13;1000;INTARIAN_PEPPER_ROOT;11008;9;11004;21;;;11014;8;11018;12;;;11011.0;0.0
yf_MKC_d13;1100;ASH_COATED_OSMIUM;9888;19;9886;20;;;9922;21;9926;16;;;9905.0;0.0
yf_MKC_d13;1100;INTARIAN_PEPPER_ROOT;11009;10;11006;23;;;11015;12;11017;22;;;11012.0;0.0
yf_MKC_d13;1200;ASH_COATED_OSMIUM;9901;16;9899;14;;;9907;19;9911;26;;;9904.0;0.0
yf_MKC_d13;1200;INTARIAN_PEPPER_ROOT;11008;14;11005;21;;;11018;10;11020;23;;;11013.0;0.0
yf_MKC_d13;1300;ASH_COATED_OSMIUM;9902;10;9900;16;;;9908;6;9911;12;;;9905.0;0.0
yf_MKC_d13;1300;INTARIAN_PEPPER_ROOT;11012;6;11010;20;;;11018;10;11020;23;;;11015.0;0.0
yf_MKC_d13;1400;ASH_COATED_OSMIUM;9902;12;9900;25;;;9908;22;9911;22;;;9905.0;0.0
yf_MKC_d13;1400;INTARIAN_PEPPER_ROOT;11013;16;11009;20;;;11019;13;11023;8;;;11016.0;0.0
yf_MKC_d13;1500;ASH_COATED_OSMIUM;9901;10;9899;23;;;9909;13;9911;13;;;9905.0;0.0
yf_MKC_d13;1500;INTARIAN_PEPPER_ROOT;11013;19;11010;17;;;11019;9;11023;21;;;11016.0;0.0
yf_MKC_d13;1600;ASH_COATED_OSMIUM;9899;14;9897;13;;;9911;7;9914;17;;;9905.0;0.0
yf_MKC_d13;1600;INTARIAN_PEPPER_ROOT;11015;20;11013;15;;;11021;15;11023;23;;;11018.0;0.0
yf_MKC_d13;1700;ASH_COATED_OSMIUM;9898;12;9896;14;;;9911;11;9915;19;;;9904.5;0.0
yf_MKC_d13;1700;INTARIAN_PEPPER_ROOT;11016;16;11014;16;;;11022;19;11025;25;;;11019.0;0.0
yf_MKC_d13;1800;ASH_COATED_OSMIUM;9900;20;9896;21;;;9910;8;9914;16;;;9905.0;0.0
yf_MKC_d13;1800;INTARIAN_PEPPER_ROOT;11014;11;11012;20;;;11026;8;11030;21;;;11020.0;0.0
yf_MKC_d13;1900;ASH_COATED_OSMIUM;9902;12;9899;12;;;9908;18;9910;23;;;9905.0;0.0
yf_MKC_d13;1900;INTARIAN_PEPPER_ROOT;11019;10;11016;18;;;11025;19;11027;20;;;11022.0;0.0
yf_MKC_d13;2000;ASH_COATED_OSMIUM;9902;17;9898;9;;;9908;13;9911;8;;;9905.0;0.0
yf_MKC_d13;2000;INTARIAN_PEPPER_ROOT;11010;16;11007;30;;;11036;13;11040;21;;;11023.0;0.0
yf_MKC_d13;2100;ASH_COATED_OSMIUM;9902;15;9898;20;;;9909;14;9913;19;;;9905.5;0.0
yf_MKC_d13;2100;INTARIAN_PEPPER_ROOT;11021;19;11018;15;;;11027;16;11031;14;;;11024.0;0.0
yf_MKC_d13;2200;ASH_COATED_OSMIUM;9899;13;9895;24;;;9911;19;9913;23;;;9905.0;0.0
yf_MKC_d13;2200;INTARIAN_PEPPER_ROOT;11022;30;11018;27;;;11028;18;11030;22;;;11025.0;0.0
yf_MKC_d13;2300;ASH_COATED_OSMIUM;9902;5;9900;15;;;9908;13;9910;15;;;9905.0;0.0
yf_MKC_d13;2300;INTARIAN_PEPPER_ROOT;11023;16;11019;23;;;11029;18;11031;20;;;11026.0;0.0
yf_MKC_d13;2400;ASH_COATED_OSMIUM;9894;16;9891;20;;;9917;12;9920;13;;;9905.5;0.0
yf_MKC_d13;2400;INTARIAN_PEPPER_ROOT;11024;20;11021;20;;;11030;11;11033;17;;;11027.0;0.0
yf_MKC_d13;2500;ASH_COATED_OSMIUM;9902;9;9898;15;;;9908;5;9910;10;;;9905.0;0.0
yf_MKC_d13;2500;INTARIAN_PEPPER_ROOT;11022;11;11020;21;;;11035;16;11037;21;;;11028.5;0.0
yf_MKC_d13;2600;ASH_COATED_OSMIUM;9896;15;9892;25;;;9914;13;9916;13;;;9905.0;0.0
yf_MKC_d13;2600;INTARIAN_PEPPER_ROOT;11027;16;11024;20;;;11033;12;11036;25;;;11030.0;0.0
yf_MKC_d13;2700;ASH_COATED_OSMIUM;9902;12;9899;25;;;9908;18;9911;22;;;9905.0;0.0
yf_MKC_d13;2700;INTARIAN_PEPPER_ROOT;11023;10;11021;17;;;11037;22;11039;20;;;11030.0;0.0
yf_MKC_d13;2800;ASH_COATED_OSMIUM;9902;22;9900;20;;;9908;17;9910;14;;;9905.0;0.0
yf_MKC_d13;2800;INTARIAN_PEPPER_ROOT;11029;14;11026;20;;;11035;13;11039;24;;;11032.0;0.0
yf_MKC_d13;2900;ASH_COATED_OSMIUM;9902;20;9899;25;;;9908;12;9910;29;;;9905.0;0.0
yf_MKC_d13;2900;INTARIAN_PEPPER_ROOT;11030;16;11028;14;;;11036;11;11039;11;;;11033.0;0.0
yf_MKC_d13;3000;ASH_COATED_OSMIUM;9902;15;9899;18;;;9908;17;9912;19;;;9905.0;0.0
yf_MKC_d13;3000;INTARIAN_PEPPER_ROOT;11031;23;11027;27;;;11037;13;11040;19;;;11034.0;0.0
yf_MKC_d13;3100;ASH_COATED_OSMIUM;9902;5;9899;21;;;9908;20;9912;17;;;9905.0;0.0
yf_MKC_d13;3100;INTARIAN_PEPPER_ROOT;11032;18;11029;13;;;11038;21;11040;31;;;11035.0;0.0
yf_MKC_d13;3200;ASH_COATED_OSMIUM;9897;18;9894;15;;;9913;14;9917;16;;;9905.0;0.0
yf_MKC_d13;3200;INTARIAN_PEPPER_ROOT;11033;15;11031;27;;;11039;13;11041;25;;;11036.0;0.0
yf_MKC_d13;3300;ASH_COATED_OSMIUM;9902;13;9900;24;;;9908;14;9911;18;;;9905.0;0.0
yf_MKC_d13;3300;INTARIAN_PEPPER_ROOT;11034;12;11031;18;;;11040;17;11044;26;;;11037.0;0.0
yf_MKC_d13;3400;ASH_COATED_OSMIUM;9900;16;9896;17;;;9911;17;9915;23;;;9905.5;0.0
yf_MKC_d13;3400;INTARIAN_PEPPER_ROOT;11027;19;11023;17;;;11051;8;11055;9;;;11039.0;0.0
yf_MKC_d13;3500;ASH_COATED_OSMIUM;9899;17;9896;20;;;9911;10;9915;19;;;9905.0;0.0
yf_MKC_d13;3500;INTARIAN_PEPPER_ROOT;11037;22;11035;23;;;11043;12;11045;14;;;11040.0;0.0
yf_MKC_d13;3600;ASH_COATED_OSMIUM;9897;10;9893;17;;;9913;14;9917;28;;;9905.0;0.0
yf_MKC_d13;3600;INTARIAN_PEPPER_ROOT;11036;5;11033;23;;;11046;16;11050;12;;;11041.0;0.0
yf_MKC_d13;3700;ASH_COATED_OSMIUM;9895;14;9891;21;;;9916;12;9918;22;;;9905.5;0.0
yf_MKC_d13;3700;INTARIAN_PEPPER_ROOT;11036;18;11034;22;;;11048;17;11052;22;;;11042.0;0.0
yf_MKC_d13;3800;ASH_COATED_OSMIUM;9902;15;9899;23;;;9908;18;9911;16;;;9905.0;0.0
yf_MKC_d13;3800;INTARIAN_PEPPER_ROOT;11040;19;11037;13;;;11046;10;11048;27;;;11043.0;0.0
yf_MKC_d13;3900;ASH_COATED_OSMIUM;9902;11;9900;25;;;9908;16;9912;21;;;9905.0;0.0
yf_MKC_d13;3900;INTARIAN_PEPPER_ROOT;11042;17;11040;12;;;11048;12;11050;24;;;11045.0;0.0
yf_MKC_d13;4000;ASH_COATED_OSMIUM;9902;7;9898;11;;;9908;9;9911;13;;;9905.0;0.0
yf_MKC_d13;4000;INTARIAN_PEPPER_ROOT;11042;25;11039;17;;;11048;5;11050;13;;;11045.0;0.0
yf_MKC_d13;4100;ASH_COATED_OSMIUM;9901;11;9897;11;;;9910;12;9914;15;;;9905.5;0.0
yf_MKC_d13;4100;INTARIAN_PEPPER_ROOT;11043;13;11041;21;;;11049;7;11053;17;;;11046.0;0.0
yf_MKC_d13;4200;ASH_COATED_OSMIUM;9902;15;9900;18;;;9908;21;9910;20;;;9905.0;0.0
yf_MKC_d13;4200;INTARIAN_PEPPER_ROOT;11045;11;11043;13;;;11051;22;11053;15;;;11048.0;0.0
yf_MKC_d13;4300;ASH_COATED_OSMIUM;9903;12;9899;23;;;9909;17;9911;21;;;9906.0;0.0
yf_MKC_d13;4300;INTARIAN_PEPPER_ROOT;11044;14;11042;18;;;11054;13;11058;22;;;11049.0;0.0
yf_MKC_d13;4400;ASH_COATED_OSMIUM;9900;8;9896;13;;;9911;9;9913;12;;;9905.5;0.0
yf_MKC_d13;4400;INTARIAN_PEPPER_ROOT;11047;15;11044;19;;;11053;13;11057;20;;;11050.0;0.0
yf_MKC_d13;4500;ASH_COATED_OSMIUM;9902;9;9899;10;;;9908;19;9911;20;;;9905.0;0.0
yf_MKC_d13;4500;INTARIAN_PEPPER_ROOT;11048;23;11045;21;;;11054;9;11057;14;;;11051.0;0.0
yf_MKC_d13;4600;ASH_COATED_OSMIUM;9902;10;9898;22;;;9908;8;9911;25;;;9905.0;0.0
yf_MKC_d13;4600;INTARIAN_PEPPER_ROOT;11047;18;11043;19;;;11056;14;11059;25;;;11051.5;0.0
yf_MKC_d13;4700;ASH_COATED_OSMIUM;9901;16;9899;30;;;9909;11;9911;29;;;9905.0;0.0
yf_MKC_d13;4700;INTARIAN_PEPPER_ROOT;11050;13;11046;20;;;11056;27;11060;20;;;11053.0;0.0
yf_MKC_d13;4800;ASH_COATED_OSMIUM;9902;17;9899;19;;;9908;13;9910;23;;;9905.0;0.0
yf_MKC_d13;4800;INTARIAN_PEPPER_ROOT;11051;15;11049;11;;;11057;11;11060;10;;;11054.0;0.0
yf_MKC_d13;4900;ASH_COATED_OSMIUM;9898;14;9896;21;;;9912;5;9915;20;;;9905.0;0.0
yf_MKC_d13;4900;INTARIAN_PEPPER_ROOT;11053;11;11049;19;;;11059;14;11061;23;;;11056.0;0.0
yf_MKC_d13;5000;ASH_COATED_OSMIUM;9902;12;9900;23;;;9908;7;9912;11;;;9905.0;0.0
yf_MKC_d13;5000;INTARIAN_PEPPER_ROOT;11054;20;11052;20;;;11060;9;11064;22;;;11057.0;0.0
yf_MKC_d13;5100;ASH_COATED_OSMIUM;9902;12;9899;20;;;9908;14;9911;22;;;9905.0;0.0
yf_MKC_d13;5100;INTARIAN_PEPPER_ROOT;11055;15;11052;20;;;11061;21;11063;26;;;11058.0;0.0
yf_MKC_d13;5200;ASH_COATED_OSMIUM;9902;20;9898;10;;;9908;17;9912;20;;;9905.0;0.0
yf_MKC_d13;5200;INTARIAN_PEPPER_ROOT;11056;16;11052;10;;;11062;16;11064;22;;;11059.0;0.0
yf_MKC_d13;5300;ASH_COATED_OSMIUM;9902;26;9900;22;;;9908;10;9911;19;;;9905.0;0.0
yf_MKC_d13;5300;INTARIAN_PEPPER_ROOT;11058;12;11055;24;;;11064;13;11066;18;;;11061.0;0.0
yf_MKC_d13;5400;ASH_COATED_OSMIUM;9886;17;9882;20;;;9925;21;9929;25;;;9905.5;0.0
yf_MKC_d13;5400;INTARIAN_PEPPER_ROOT;11058;10;11056;23;;;11064;15;11068;20;;;11061.0;0.0
yf_MKC_d13;5500;ASH_COATED_OSMIUM;9903;13;9901;17;;;9909;15;9912;25;;;9906.0;0.0
yf_MKC_d13;5500;INTARIAN_PEPPER_ROOT;11059;11;11055;21;;;11065;25;11068;23;;;11062.0;0.0
yf_MKC_d13;5600;ASH_COATED_OSMIUM;9902;10;9900;17;;;9909;17;9913;24;;;9905.5;0.0
yf_MKC_d13;5600;INTARIAN_PEPPER_ROOT;11061;14;11057;24;;;11067;11;11070;23;;;11064.0;0.0
yf_MKC_d13;5700;ASH_COATED_OSMIUM;9901;19;9898;17;;;9912;15;9916;12;;;9906.5;0.0
yf_MKC_d13;5700;INTARIAN_PEPPER_ROOT;11062;17;11060;14;;;11068;12;11071;28;;;11065.0;0.0
yf_MKC_d13;5800;ASH_COATED_OSMIUM;9902;15;9899;21;;;9909;14;9912;35;;;9905.5;0.0
yf_MKC_d13;5800;INTARIAN_PEPPER_ROOT;11057;11;11054;19;;;11076;14;11080;10;;;11066.5;0.0
yf_MKC_d13;5900;ASH_COATED_OSMIUM;9899;12;9897;24;;;9911;12;9914;25;;;9905.0;0.0
yf_MKC_d13;5900;INTARIAN_PEPPER_ROOT;11060;12;11057;20;;;11074;20;11078;19;;;11067.0;0.0
yf_MKC_d13;6000;ASH_COATED_OSMIUM;9902;8;9898;26;;;9909;14;9911;17;;;9905.5;0.0
yf_MKC_d13;6000;INTARIAN_PEPPER_ROOT;11064;8;11060;19;;;11070;17;11074;19;;;11067.0;0.0
yf_MKC_d13;6100;ASH_COATED_OSMIUM;9903;14;9900;19;;;9909;21;9911;16;;;9906.0;0.0
yf_MKC_d13;6100;INTARIAN_PEPPER_ROOT;11066;19;11064;25;;;11072;16;11076;22;;;11069.0;0.0
yf_MKC_d13;6200;ASH_COATED_OSMIUM;9903;16;9899;20;;;9909;12;9912;13;;;9906.0;0.0
yf_MKC_d13;6200;INTARIAN_PEPPER_ROOT;11067;5;11065;23;;;11073;22;11077;23;;;11070.0;0.0
yf_MKC_d13;6300;ASH_COATED_OSMIUM;9902;12;9898;13;;;9911;7;9914;19;;;9906.5;0.0
yf_MKC_d13;6300;INTARIAN_PEPPER_ROOT;11061;13;11059;17;;;11081;14;11084;14;;;11071.0;0.0
yf_MKC_d13;6400;ASH_COATED_OSMIUM;9901;10;9898;28;;;9910;17;9913;22;;;9905.5;0.0
yf_MKC_d13;6400;INTARIAN_PEPPER_ROOT;11070;14;11067;16;;;11076;8;11080;21;;;11073.0;0.0
yf_MKC_d13;6500;ASH_COATED_OSMIUM;9903;11;9899;17;;;9909;16;9911;25;;;9906.0;0.0
yf_MKC_d13;6500;INTARIAN_PEPPER_ROOT;11068;10;11064;15;;;11080;10;11083;22;;;11074.0;0.0
yf_MKC_d13;6600;ASH_COATED_OSMIUM;9902;22;9900;21;;;9908;16;9911;27;;;9905.0;0.0
yf_MKC_d13;6600;INTARIAN_PEPPER_ROOT;11072;6;11068;8;;;11078;11;11081;17;;;11075.0;0.0
yf_MKC_d13;6700;ASH_COATED_OSMIUM;9903;16;9899;15;;;9909;17;9912;19;;;9906.0;0.0
yf_MKC_d13;6700;INTARIAN_PEPPER_ROOT;11073;17;11069;22;;;11079;7;11081;34;;;11076.0;0.0
yf_MKC_d13;6800;ASH_COATED_OSMIUM;9894;18;9891;26;;;9916;10;9918;9;;;9905.0;0.0
yf_MKC_d13;6800;INTARIAN_PEPPER_ROOT;11074;21;11071;14;;;11080;13;11084;21;;;11077.0;0.0
yf_MKC_d13;6900;ASH_COATED_OSMIUM;9900;25;9898;18;;;9912;14;9914;15;;;9906.0;0.0
yf_MKC_d13;6900;INTARIAN_PEPPER_ROOT;11075;17;11073;26;;;11081;14;11083;20;;;11078.0;0.0
yf_MKC_d13;7000;ASH_COATED_OSMIUM;9902;13;9899;17;;;9910;13;9913;22;;;9906.0;0.0
yf_MKC_d13;7000;INTARIAN_PEPPER_ROOT;11076;21;11074;18;;;11082;9;11084;13;;;11079.0;0.0
yf_MKC_d13;7100;ASH_COATED_OSMIUM;9902;12;9899;18;;;9908;23;9911;19;;;9905.0;0.0
yf_MKC_d13;7100;INTARIAN_PEPPER_ROOT;11077;7;11075;17;;;11083;7;11086;14;;;11080.0;0.0
yf_MKC_d13;7200;ASH_COATED_OSMIUM;9899;14;9896;13;;;9912;17;9914;19;;;9905.5;0.0
yf_MKC_d13;7200;INTARIAN_PEPPER_ROOT;11077;17;11074;18;;;11087;19;11091;21;;;11082.0;0.0
yf_MKC_d13;7300;ASH_COATED_OSMIUM;9901;19;9897;12;;;9910;16;9912;29;;;9905.5;0.0
yf_MKC_d13;7300;INTARIAN_PEPPER_ROOT;11080;13;11076;20;;;11086;22;11090;23;;;11083.0;0.0
yf_MKC_d13;7400;ASH_COATED_OSMIUM;9903;19;9899;21;;;9909;10;9912;15;;;9906.0;0.0
yf_MKC_d13;7400;INTARIAN_PEPPER_ROOT;11081;13;11078;20;;;11087;16;11090;23;;;11084.0;0.0
yf_MKC_d13;7500;ASH_COATED_OSMIUM;9893;15;9890;24;;;9917;16;9920;16;;;9905.0;0.0
yf_MKC_d13;7500;INTARIAN_PEPPER_ROOT;11082;15;11078;23;;;11089;5;11092;18;;;11085.5;0.0
yf_MKC_d13;7600;ASH_COATED_OSMIUM;9903;12;9900;13;;;9909;23;9913;18;;;9906.0;0.0
yf_MKC_d13;7600;INTARIAN_PEPPER_ROOT;11081;11;11078;29;;;11091;5;11094;13;;;11086.0;0.0
yf_MKC_d13;7700;ASH_COATED_OSMIUM;9903;6;9899;25;;;9909;11;9913;16;;;9906.0;0.0
yf_MKC_d13;7700;INTARIAN_PEPPER_ROOT;11082;13;11078;21;;;11093;14;11097;21;;;11087.5;0.0
yf_MKC_d13;7800;ASH_COATED_OSMIUM;9903;14;9901;22;;;9909;16;9913;19;;;9906.0;0.0
yf_MKC_d13;7800;INTARIAN_PEPPER_ROOT;11085;8;11081;20;;;11091;18;11094;26;;;11088.0;0.0
yf_MKC_d13;7900;ASH_COATED_OSMIUM;9903;16;9899;22;;;9909;13;9912;15;;;9906.0;0.0
yf_MKC_d13;7900;INTARIAN_PEPPER_ROOT;11084;9;11081;21;;;11095;16;11098;20;;;11089.5;0.0
yf_MKC_d13;8000;ASH_COATED_OSMIUM;9903;17;9900;28;;;9909;6;9911;20;;;9906.0;0.0
yf_MKC_d13;8000;INTARIAN_PEPPER_ROOT;11088;18;11085;10;;;11094;10;11096;20;;;11091.0;0.0
yf_MKC_d13;8100;ASH_COATED_OSMIUM;9903;21;9900;26;;;9909;21;9912;13;;;9906.0;0.0
yf_MKC_d13;8100;INTARIAN_PEPPER_ROOT;11088;8;11086;19;;;11095;20;11097;20;;;11091.5;0.0
yf_MKC_d13;8200;ASH_COATED_OSMIUM;9899;27;9896;17;;;9912;11;9915;12;;;9905.5;0.0
yf_MKC_d13;8200;INTARIAN_PEPPER_ROOT;11089;21;11087;12;;;11098;24;11100;17;;;11093.5;0.0
yf_MKC_d13;8300;ASH_COATED_OSMIUM;9903;18;9900;16;;;9909;18;9911;20;;;9906.0;0.0
yf_MKC_d13;8300;INTARIAN_PEPPER_ROOT;11081;19;11077;23;;;11108;11;11110;22;;;11094.5;0.0
yf_MKC_d13;8400;ASH_COATED_OSMIUM;9903;15;9899;26;;;9909;19;9911;24;;;9906.0;0.0
yf_MKC_d13;8400;INTARIAN_PEPPER_ROOT;11093;10;11091;20;;;11099;15;11102;20;;;11096.0;0.0
yf_MKC_d13;8500;ASH_COATED_OSMIUM;9903;13;9900;26;;;9909;19;9912;12;;;9906.0;0.0
yf_MKC_d13;8500;INTARIAN_PEPPER_ROOT;11090;21;11086;26;;;11105;18;11108;16;;;11097.5;0.0
yf_MKC_d13;8600;ASH_COATED_OSMIUM;9902;11;9898;23;;;9909;12;9911;17;;;9905.5;0.0
yf_MKC_d13;8600;INTARIAN_PEPPER_ROOT;11091;17;11088;13;;;11103;12;11106;16;;;11097.0;0.0
yf_MKC_d13;8700;ASH_COATED_OSMIUM;9903;9;9899;22;;;9909;18;9913;17;;;9906.0;0.0
yf_MKC_d13;8700;INTARIAN_PEPPER_ROOT;11095;12;11092;22;;;11101;13;11105;23;;;11098.0;0.0
yf_MKC_d13;8800;ASH_COATED_OSMIUM;9903;14;9900;22;;;9909;21;9913;30;;;9906.0;0.0
yf_MKC_d13;8800;INTARIAN_PEPPER_ROOT;11088;23;11084;11;;;11113;19;11115;11;;;11100.5;0.0
yf_MKC_d13;8900;ASH_COATED_OSMIUM;9900;12;9898;14;;;9911;15;9914;16;;;9905.5;0.0
yf_MKC_d13;8900;INTARIAN_PEPPER_ROOT;11098;7;11096;16;;;11105;5;11108;16;;;11101.5;0.0
yf_MKC_d13;9000;ASH_COATED_OSMIUM;9899;16;9897;20;;;9912;11;9914;20;;;9905.5;0.0
yf_MKC_d13;9000;INTARIAN_PEPPER_ROOT;11099;16;11097;19;;;11105;5;11108;19;;;11102.0;0.0
yf_MKC_d13;9100;ASH_COATED_OSMIUM;9903;13;9899;22;;;9909;13;9911;20;;;9906.0;0.0
yf_MKC_d13;9100;INTARIAN_PEPPER_ROOT;11100;5;11098;18;;;11106;20;11108;24;;;11103.0;0.0
yf_MKC_d13;9200;ASH_COATED_OSMIUM;9902;9;9898;16;;;9908;18;9912;19;;;9905.0;0.0
yf_MKC_d13;9200;INTARIAN_PEPPER_ROOT;11101;18;11098;13;;;11107;13;11110;18;;;11104.0;0.0
yf_MKC_d13;9300;ASH_COATED_OSMIUM;9902;9;9898;27;;;9910;11;9914;22;;;9906.0;0.0
yf_MKC_d13;9300;INTARIAN_PEPPER_ROOT;11103;18;11100;17;;;11109;11;11112;18;;;11106.0;0.0
yf_MKC_d13;9400;ASH_COATED_OSMIUM;9903;13;9901;15;;;9909;18;9912;23;;;9906.0;0.0
yf_MKC_d13;9400;INTARIAN_PEPPER_ROOT;11104;11;11101;18;;;11110;10;11112;15;;;11107.0;0.0
yf_MKC_d13;9500;ASH_COATED_OSMIUM;9902;15;9899;16;;;9911;16;9915;29;;;9906.5;0.0
yf_MKC_d13;9500;INTARIAN_PEPPER_ROOT;11104;12;11101;15;;;11112;14;11114;33;;;11108.0;0.0
yf_MKC_d13;9600;ASH_COATED_OSMIUM;9903;16;9900;23;;;9909;18;9913;10;;;9906.0;0.0
yf_MKC_d13;9600;INTARIAN_PEPPER_ROOT;11106;5;11103;20;;;11112;12;11116;25;;;11109.0;0.0
yf_MKC_d13;9700;ASH_COATED_OSMIUM;9901;17;9898;13;;;9911;5;9913;17;;;9906.0;0.0
yf_MKC_d13;9700;INTARIAN_PEPPER_ROOT;11097;18;11093;28;;;11123;20;11125;14;;;11110.0;0.0
yf_MKC_d13;9800;ASH_COATED_OSMIUM;9903;16;9899;24;;;9909;15;9911;14;;;9906.0;0.0
yf_MKC_d13;9800;INTARIAN_PEPPER_ROOT;11109;16;11105;19;;;11115;14;11118;31;;;11112.0;0.0
yf_MKC_d13;9900;ASH_COATED_OSMIUM;9892;7;9889;17;;;9921;8;9924;20;;;9906.5;0.0
yf_MKC_d13;9900;INTARIAN_PEPPER_ROOT;11109;20;11105;23;;;11115;10;11118;13;;;11112.0;0.0
yf_MKC_d13;10000;ASH_COATED_OSMIUM;9898;15;9895;26;;;9915;20;9919;23;;;9906.5;0.0
yf_MKC_d13;10000;INTARIAN_PEPPER_ROOT;11111;15;11109;21;;;11117;12;11120;16;;;11114.0;0.0
yf_MKC_d13;10100;ASH_COATED_OSMIUM;9903;9;9900;32;;;9909;20;9913;20;;;9906.0;0.0
yf_MKC_d13;10100;INTARIAN_PEPPER_ROOT;11112;9;11109;16;;;11118;11;11122;23;;;11115.0;0.0
yf_MKC_d13;10200;ASH_COATED_OSMIUM;9901;19;9899;17;;;9912;25;9915;25;;;9906.5;0.0
yf_MKC_d13;10200;INTARIAN_PEPPER_ROOT;11113;21;11110;16;;;11119;25;11122;11;;;11116.0;0.0
yf_MKC_d13;10300;ASH_COATED_OSMIUM;9896;8;9893;10;;;9916;6;9920;22;;;9906.0;0.0
yf_MKC_d13;10300;INTARIAN_PEPPER_ROOT;11114;16;11111;21;;;11120;23;11123;23;;;11117.0;0.0
yf_MKC_d13;10400;ASH_COATED_OSMIUM;9901;13;9897;20;;;9912;16;9914;18;;;9906.5;0.0
yf_MKC_d13;10400;INTARIAN_PEPPER_ROOT;11116;22;11113;14;;;11122;19;11126;28;;;11119.0;0.0
yf_MKC_d13;10500;ASH_COATED_OSMIUM;9901;18;9897;16;;;9911;17;9915;21;;;9906.0;0.0
yf_MKC_d13;10500;INTARIAN_PEPPER_ROOT;11117;16;11115;23;;;11123;13;11126;17;;;11120.0;0.0
yf_MKC_d13;10600;ASH_COATED_OSMIUM;9898;22;9895;25;;;9914;16;9917;16;;;9906.0;0.0
yf_MKC_d13;10600;INTARIAN_PEPPER_ROOT;11118;9;11114;23;;;11124;17;11127;18;;;11121.0;0.0
yf_MKC_d13;10700;ASH_COATED_OSMIUM;9903;15;9900;21;;;9909;14;9911;24;;;9906.0;0.0
yf_MKC_d13;10700;INTARIAN_PEPPER_ROOT;11118;14;11115;22;;;11124;24;11126;9;;;11121.0;0.0
yf_MKC_d13;10800;ASH_COATED_OSMIUM;9903;13;9901;10;;;9909;20;9912;26;;;9906.0;0.0
yf_MKC_d13;10800;INTARIAN_PEPPER_ROOT;11116;17;11114;20;;;11131;12;11135;16;;;11123.5;0.0
yf_MKC_d13;10900;ASH_COATED_OSMIUM;9900;9;9897;20;;;9911;18;9913;24;;;9905.5;0.0
yf_MKC_d13;10900;INTARIAN_PEPPER_ROOT;11121;10;11118;19;;;11127;23;11130;23;;;11124.0;0.0
yf_MKC_d13;11000;ASH_COATED_OSMIUM;9902;20;9899;13;;;9910;20;9912;14;;;9906.0;0.0
yf_MKC_d13;11000;INTARIAN_PEPPER_ROOT;11119;5;11116;16;;;11130;10;11134;19;;;11124.5;0.0
yf_MKC_d13;11100;ASH_COATED_OSMIUM;9902;11;9899;10;;;9910;18;9912;11;;;9906.0;0.0
yf_MKC_d13;11100;INTARIAN_PEPPER_ROOT;11123;9;11120;18;;;11129;20;11131;20;;;11126.0;0.0
yf_MKC_d13;11200;ASH_COATED_OSMIUM;9904;12;9902;20;;;9910;20;9914;25;;;9907.0;0.0
yf_MKC_d13;11200;INTARIAN_PEPPER_ROOT;11124;16;11122;22;;;11130;11;11133;20;;;11127.0;0.0
yf_MKC_d13;11300;ASH_COATED_OSMIUM;9904;15;9900;27;;;9910;13;9914;13;;;9907.0;0.0
yf_MKC_d13;11300;INTARIAN_PEPPER_ROOT;11119;5;11116;29;;;11139;12;11143;27;;;11129.0;0.0
yf_MKC_d13;11400;ASH_COATED_OSMIUM;9903;18;9899;23;;;9909;14;9911;24;;;9906.0;0.0
yf_MKC_d13;11400;INTARIAN_PEPPER_ROOT;11126;8;11123;23;;;11132;15;11135;12;;;11129.0;0.0
yf_MKC_d13;11500;ASH_COATED_OSMIUM;9904;6;9900;12;;;9910;11;9912;21;;;9907.0;0.0
yf_MKC_d13;11500;INTARIAN_PEPPER_ROOT;11127;15;11123;20;;;11134;15;11138;23;;;11130.5;0.0
yf_MKC_d13;11600;ASH_COATED_OSMIUM;9903;22;9901;17;;;9909;16;9913;22;;;9906.0;0.0
yf_MKC_d13;11600;INTARIAN_PEPPER_ROOT;11122;14;11118;22;;;11142;12;11144;21;;;11132.0;0.0
yf_MKC_d13;11700;ASH_COATED_OSMIUM;9891;10;9889;17;;;9922;9;9925;27;;;9906.5;0.0
yf_MKC_d13;11700;INTARIAN_PEPPER_ROOT;11128;13;11126;24;;;11138;17;11141;11;;;11133.0;0.0
yf_MKC_d13;11800;ASH_COATED_OSMIUM;9900;14;9896;13;;;9913;19;9916;15;;;9906.5;0.0
yf_MKC_d13;11800;INTARIAN_PEPPER_ROOT;11131;12;11128;17;;;11137;17;11140;23;;;11134.0;0.0
yf_MKC_d13;11900;ASH_COATED_OSMIUM;9900;21;9896;19;;;9912;20;9916;14;;;9906.0;0.0
yf_MKC_d13;11900;INTARIAN_PEPPER_ROOT;11133;24;11129;25;;;11139;16;11141;15;;;11136.0;0.0
yf_MKC_d13;12000;ASH_COATED_OSMIUM;9904;21;9901;17;;;9910;15;9912;26;;;9907.0;0.0
yf_MKC_d13;12000;INTARIAN_PEPPER_ROOT;11133;10;11130;17;;;11139;12;11141;17;;;11136.0;0.0
yf_MKC_d13;12100;ASH_COATED_OSMIUM;9904;11;9901;20;;;9910;24;9913;17;;;9907.0;0.0
yf_MKC_d13;12100;INTARIAN_PEPPER_ROOT;11127;19;11125;24;;;11147;17;11149;30;;;11137.0;0.0
yf_MKC_d13;12200;ASH_COATED_OSMIUM;9903;24;9900;16;;;9909;19;9911;15;;;9906.0;0.0
yf_MKC_d13;12200;INTARIAN_PEPPER_ROOT;11136;11;11132;21;;;11142;15;11144;31;;;11139.0;0.0
yf_MKC_d13;12300;ASH_COATED_OSMIUM;9893;10;9890;21;;;9920;13;9924;23;;;9906.5;0.0
yf_MKC_d13;12300;INTARIAN_PEPPER_ROOT;11136;13;11133;17;;;11142;11;11145;14;;;11139.0;0.0
yf_MKC_d13;12400;ASH_COATED_OSMIUM;9903;5;9899;20;;;9909;10;9913;25;;;9906.0;0.0
yf_MKC_d13;12400;INTARIAN_PEPPER_ROOT;11136;11;11133;14;;;11147;18;11151;18;;;11141.5;0.0
yf_MKC_d13;12500;ASH_COATED_OSMIUM;9900;14;9896;15;;;9912;20;9916;8;;;9906.0;0.0
yf_MKC_d13;12500;INTARIAN_PEPPER_ROOT;11139;13;11136;20;;;11145;18;11148;22;;;11142.0;0.0
yf_MKC_d13;12600;ASH_COATED_OSMIUM;9903;14;9900;22;;;9909;12;9913;10;;;9906.0;0.0
yf_MKC_d13;12600;INTARIAN_PEPPER_ROOT;11140;12;11136;23;;;11146;16;11149;17;;;11143.0;0.0
yf_MKC_d13;12700;ASH_COATED_OSMIUM;9904;16;9901;9;;;9910;17;9912;15;;;9907.0;0.0
yf_MKC_d13;12700;INTARIAN_PEPPER_ROOT;11141;18;11137;19;;;11147;7;11150;17;;;11144.0;0.0
yf_MKC_d13;12800;ASH_COATED_OSMIUM;9904;14;9900;15;;;9910;6;9914;21;;;9907.0;0.0
yf_MKC_d13;12800;INTARIAN_PEPPER_ROOT;11143;11;11140;26;;;11149;20;11153;13;;;11146.0;0.0
yf_MKC_d13;12900;ASH_COATED_OSMIUM;9903;18;9899;12;;;9909;17;9912;27;;;9906.0;0.0
yf_MKC_d13;12900;INTARIAN_PEPPER_ROOT;11143;22;11140;22;;;11149;23;11153;22;;;11146.0;0.0
yf_MKC_d13;13000;ASH_COATED_OSMIUM;9904;15;9900;21;;;9910;23;9914;15;;;9907.0;0.0
yf_MKC_d13;13000;INTARIAN_PEPPER_ROOT;11144;14;11140;26;;;11153;16;11156;14;;;11148.5;0.0
yf_MKC_d13;13100;ASH_COATED_OSMIUM;9905;10;9901;18;;;9911;22;9913;8;;;9908.0;0.0
yf_MKC_d13;13100;INTARIAN_PEPPER_ROOT;11146;16;11144;12;;;11152;11;11155;23;;;11149.0;0.0
yf_MKC_d13;13200;ASH_COATED_OSMIUM;9904;24;9901;27;;;9910;12;9912;25;;;9907.0;0.0
yf_MKC_d13;13200;INTARIAN_PEPPER_ROOT;11147;14;11145;13;;;11153;21;11156;24;;;11150.0;0.0
yf_MKC_d13;13300;ASH_COATED_OSMIUM;9899;7;9897;22;;;9915;16;9917;18;;;9907.0;0.0
yf_MKC_d13;13300;INTARIAN_PEPPER_ROOT;11148;5;11144;22;;;11154;16;11156;13;;;11151.0;0.0
yf_MKC_d13;13400;ASH_COATED_OSMIUM;9904;5;9901;21;;;9910;25;9914;23;;;9907.0;0.0
yf_MKC_d13;13400;INTARIAN_PEPPER_ROOT;11135;15;11133;25;;;11169;25;11172;19;;;11152.0;0.0
yf_MKC_d13;13500;ASH_COATED_OSMIUM;9903;15;9899;15;;;9910;18;9914;26;;;9906.5;0.0
yf_MKC_d13;13500;INTARIAN_PEPPER_ROOT;11151;15;11148;25;;;11157;18;11161;16;;;11154.0;0.0
yf_MKC_d13;13600;ASH_COATED_OSMIUM;9901;11;9899;24;;;9912;10;9916;12;;;9906.5;0.0
yf_MKC_d13;13600;INTARIAN_PEPPER_ROOT;11152;21;11150;22;;;11158;20;11161;19;;;11155.0;0.0
yf_MKC_d13;13700;ASH_COATED_OSMIUM;9900;12;9898;13;;;9913;5;9917;22;;;9906.5;0.0
yf_MKC_d13;13700;INTARIAN_PEPPER_ROOT;11153;21;11149;23;;;11159;10;11162;21;;;11156.0;0.0
yf_MKC_d13;13800;ASH_COATED_OSMIUM;9903;14;9901;18;;;9910;16;9913;21;;;9906.5;0.0
yf_MKC_d13;13800;INTARIAN_PEPPER_ROOT;11154;21;11150;16;;;11160;15;11162;25;;;11157.0;0.0
yf_MKC_d13;13900;ASH_COATED_OSMIUM;9903;16;9900;17;;;9909;15;9913;14;;;9906.0;0.0
yf_MKC_d13;13900;INTARIAN_PEPPER_ROOT;11155;18;11151;19;;;11161;8;11164;8;;;11158.0;0.0
yf_MKC_d13;14000;ASH_COATED_OSMIUM;9904;15;9902;24;;;9910;18;9913;16;;;9907.0;0.0
yf_MKC_d13;14000;INTARIAN_PEPPER_ROOT;11156;17;11154;11;;;11162;14;11165;24;;;11159.0;0.0
yf_MKC_d13;14100;ASH_COATED_OSMIUM;9900;11;9897;19;;;9914;11;9916;16;;;9907.0;0.0
yf_MKC_d13;14100;INTARIAN_PEPPER_ROOT;11158;12;11155;25;;;11164;26;11168;14;;;11161.0;0.0
yf_MKC_d13;14200;ASH_COATED_OSMIUM;9904;22;9900;23;;;9910;5;9913;20;;;9907.0;0.0
yf_MKC_d13;14200;INTARIAN_PEPPER_ROOT;11158;5;11156;17;;;11164;11;11167;27;;;11161.0;0.0
yf_MKC_d13;14300;ASH_COATED_OSMIUM;9904;17;9902;18;;;9910;6;9913;19;;;9907.0;0.0
yf_MKC_d13;14300;INTARIAN_PEPPER_ROOT;11160;14;11156;21;;;11166;11;11168;15;;;11163.0;0.0
yf_MKC_d13;14400;ASH_COATED_OSMIUM;9901;11;9899;21;;;9912;23;9914;23;;;9906.5;0.0
yf_MKC_d13;14400;INTARIAN_PEPPER_ROOT;11158;17;11156;29;;;11169;19;11173;19;;;11163.5;0.0
yf_MKC_d13;14500;ASH_COATED_OSMIUM;9904;16;9902;19;;;9910;10;9913;14;;;9907.0;0.0
yf_MKC_d13;14500;INTARIAN_PEPPER_ROOT;11162;13;11160;18;;;11168;26;11172;13;;;11165.0;0.0
yf_MKC_d13;14600;ASH_COATED_OSMIUM;9904;12;9902;15;;;9910;18;9913;13;;;9907.0;0.0
yf_MKC_d13;14600;INTARIAN_PEPPER_ROOT;11155;13;11151;16;;;11177;5;11180;19;;;11166.0;0.0
yf_MKC_d13;14700;ASH_COATED_OSMIUM;9898;25;9894;15;;;9915;12;9918;23;;;9906.5;0.0
yf_MKC_d13;14700;INTARIAN_PEPPER_ROOT;11162;16;11158;20;;;11171;14;11173;13;;;11166.5;0.0
yf_MKC_d13;14800;ASH_COATED_OSMIUM;9904;5;9901;13;;;9911;16;9914;12;;;9907.5;0.0
yf_MKC_d13;14800;INTARIAN_PEPPER_ROOT;11166;21;11162;27;;;11172;19;11176;18;;;11169.0;0.0
yf_MKC_d13;14900;ASH_COATED_OSMIUM;9900;24;9897;19;;;9913;13;9917;24;;;9906.5;0.0
yf_MKC_d13;14900;INTARIAN_PEPPER_ROOT;11166;13;11164;23;;;11174;14;11178;19;;;11170.0;0.0
yf_MKC_d13;15000;ASH_COATED_OSMIUM;9904;8;9902;14;;;9912;9;9914;8;;;9908.0;0.0
yf_MKC_d13;15000;INTARIAN_PEPPER_ROOT;11165;13;11162;20;;;11177;16;11181;25;;;11171.0;0.0
yf_MKC_d13;15100;ASH_COATED_OSMIUM;9904;19;9902;21;;;9910;12;9912;15;;;9907.0;0.0
yf_MKC_d13;15100;INTARIAN_PEPPER_ROOT;11164;11;11161;18;;;11179;8;11183;18;;;11171.5;0.0
yf_MKC_d13;15200;ASH_COATED_OSMIUM;9896;13;9893;22;;;9917;17;9920;25;;;9906.5;0.0
yf_MKC_d13;15200;INTARIAN_PEPPER_ROOT;11170;12;11167;22;;;11176;23;11180;17;;;11173.0;0.0
yf_MKC_d13;15300;ASH_COATED_OSMIUM;9901;15;9898;20;;;9913;12;9916;17;;;9907.0;0.0
yf_MKC_d13;15300;INTARIAN_PEPPER_ROOT;11171;17;11167;15;;;11177;10;11181;20;;;11174.0;0.0
yf_MKC_d13;15400;ASH_COATED_OSMIUM;9896;12;9894;23;;;9918;17;9921;17;;;9907.0;0.0
yf_MKC_d13;15400;INTARIAN_PEPPER_ROOT;11172;12;11168;18;;;11178;9;11181;26;;;11175.0;0.0
yf_MKC_d13;15500;ASH_COATED_OSMIUM;9904;15;9902;16;;;9910;17;9914;13;;;9907.0;0.0
yf_MKC_d13;15500;INTARIAN_PEPPER_ROOT;11169;8;11167;22;;;11185;17;11189;21;;;11177.0;0.0
yf_MKC_d13;15600;ASH_COATED_OSMIUM;9904;12;9901;27;;;9910;27;9912;26;;;9907.0;0.0
yf_MKC_d13;15600;INTARIAN_PEPPER_ROOT;11175;10;11172;22;;;11181;14;11184;29;;;11178.0;0.0
yf_MKC_d13;15700;ASH_COATED_OSMIUM;9904;11;9900;13;;;9910;14;9913;16;;;9907.0;0.0
yf_MKC_d13;15700;INTARIAN_PEPPER_ROOT;11168;13;11166;26;;;11190;15;11193;28;;;11179.0;0.0
yf_MKC_d13;15800;ASH_COATED_OSMIUM;9903;24;9900;22;;;9912;14;9914;19;;;9907.5;0.0
yf_MKC_d13;15800;INTARIAN_PEPPER_ROOT;11177;11;11175;21;;;11183;19;11187;25;;;11180.0;0.0
yf_MKC_d13;15900;ASH_COATED_OSMIUM;9904;10;9901;19;;;9910;15;9914;26;;;9907.0;0.0
yf_MKC_d13;15900;INTARIAN_PEPPER_ROOT;11175;16;11171;19;;;11187;13;11189;18;;;11181.0;0.0
yf_MKC_d13;16000;ASH_COATED_OSMIUM;9904;20;9901;20;;;9910;7;9913;17;;;9907.0;0.0
yf_MKC_d13;16000;INTARIAN_PEPPER_ROOT;11175;18;11171;24;;;11189;24;11192;18;;;11182.0;0.0
yf_MKC_d13;16100;ASH_COATED_OSMIUM;9904;12;9901;28;;;9910;19;9914;8;;;9907.0;0.0
yf_MKC_d13;16100;INTARIAN_PEPPER_ROOT;11179;14;11176;15;;;11186;14;11189;17;;;11182.5;0.0
yf_MKC_d13;16200;ASH_COATED_OSMIUM;9904;14;9901;22;;;9910;17;9914;16;;;9907.0;0.0
yf_MKC_d13;16200;INTARIAN_PEPPER_ROOT;11181;15;11179;19;;;11187;20;11190;18;;;11184.0;0.0
yf_MKC_d13;16300;ASH_COATED_OSMIUM;9902;11;9900;15;;;9911;20;9913;25;;;9906.5;0.0
yf_MKC_d13;16300;INTARIAN_PEPPER_ROOT;11182;22;11179;27;;;11188;8;11190;19;;;11185.0;0.0
yf_MKC_d13;16400;ASH_COATED_OSMIUM;9904;21;9900;17;;;9910;9;9914;23;;;9907.0;0.0
yf_MKC_d13;16400;INTARIAN_PEPPER_ROOT;11183;20;11180;20;;;11189;13;11192;21;;;11186.0;0.0
yf_MKC_d13;16500;ASH_COATED_OSMIUM;9905;11;9902;20;;;9911;21;9913;25;;;9908.0;0.0
yf_MKC_d13;16500;INTARIAN_PEPPER_ROOT;11176;25;11172;26;;;11200;16;11202;20;;;11188.0;0.0
yf_MKC_d13;16600;ASH_COATED_OSMIUM;9896;8;9893;22;;;9917;14;9921;17;;;9906.5;0.0
yf_MKC_d13;16600;INTARIAN_PEPPER_ROOT;11186;21;11182;18;;;11192;14;11196;20;;;11189.0;0.0
yf_MKC_d13;16700;ASH_COATED_OSMIUM;9899;12;9897;19;;;9916;19;9918;15;;;9907.5;0.0
yf_MKC_d13;16700;INTARIAN_PEPPER_ROOT;11187;18;11185;26;;;11193;14;11197;12;;;11190.0;0.0
yf_MKC_d13;16800;ASH_COATED_OSMIUM;9904;22;9900;26;;;9910;21;9914;13;;;9907.0;0.0
yf_MKC_d13;16800;INTARIAN_PEPPER_ROOT;11186;20;11182;17;;;11196;17;11200;16;;;11191.0;0.0
yf_MKC_d13;16900;ASH_COATED_OSMIUM;9904;16;9902;19;;;9910;16;9912;17;;;9907.0;0.0
yf_MKC_d13;16900;INTARIAN_PEPPER_ROOT;11180;13;11178;24;;;11204;16;11208;24;;;11192.0;0.0
yf_MKC_d13;17000;ASH_COATED_OSMIUM;9905;25;9902;17;;;9911;23;9913;15;;;9908.0;0.0
yf_MKC_d13;17000;INTARIAN_PEPPER_ROOT;11186;8;11183;23;;;11198;13;11200;17;;;11192.0;0.0
yf_MKC_d13;17100;ASH_COATED_OSMIUM;9905;10;9902;27;;;9911;14;9915;22;;;9908.0;0.0
yf_MKC_d13;17100;INTARIAN_PEPPER_ROOT;11188;16;11185;18;;;11194;17;11197;16;;;11191.0;0.0
yf_MKC_d13;17200;ASH_COATED_OSMIUM;9905;8;9903;14;;;9911;21;9913;20;;;9908.0;0.0
yf_MKC_d13;17200;INTARIAN_PEPPER_ROOT;11187;8;11183;20;;;11193;13;11196;16;;;11190.0;0.0
yf_MKC_d13;17300;ASH_COATED_OSMIUM;9904;17;9900;22;;;9910;14;9913;21;;;9907.0;0.0
yf_MKC_d13;17300;INTARIAN_PEPPER_ROOT;11186;13;11183;19;;;11192;19;11195;15;;;11189.0;0.0
yf_MKC_d13;17400;ASH_COATED_OSMIUM;9904;13;9901;19;;;9910;27;9914;25;;;9907.0;0.0
yf_MKC_d13;17400;INTARIAN_PEPPER_ROOT;11185;13;11182;24;;;11191;10;11193;15;;;11188.0;0.0
yf_MKC_d13;17500;ASH_COATED_OSMIUM;9902;15;9899;17;;;9913;19;9916;18;;;9907.5;0.0
yf_MKC_d13;17500;INTARIAN_PEPPER_ROOT;11184;16;11182;22;;;11190;11;11194;20;;;11187.0;0.0
yf_MKC_d13;17600;ASH_COATED_OSMIUM;9900;14;9898;21;;;9913;9;9917;23;;;9906.5;0.0
yf_MKC_d13;17600;INTARIAN_PEPPER_ROOT;11182;17;11178;27;;;11188;12;11190;20;;;11185.0;0.0
yf_MKC_d13;17700;ASH_COATED_OSMIUM;9904;14;9902;20;;;9910;8;9913;18;;;9907.0;0.0
yf_MKC_d13;17700;INTARIAN_PEPPER_ROOT;11182;12;11178;25;;;11188;16;11191;17;;;11185.0;0.0
yf_MKC_d13;17800;ASH_COATED_OSMIUM;9904;13;9902;16;;;9910;18;9914;16;;;9907.0;0.0
yf_MKC_d13;17800;INTARIAN_PEPPER_ROOT;11181;15;11178;19;;;11187;27;11191;9;;;11184.0;0.0
yf_MKC_d13;17900;ASH_COATED_OSMIUM;9904;26;9901;20;;;9910;17;9914;24;;;9907.0;0.0
yf_MKC_d13;17900;INTARIAN_PEPPER_ROOT;11179;23;11177;16;;;11185;11;11188;13;;;11182.0;0.0
yf_MKC_d13;18000;ASH_COATED_OSMIUM;9903;14;9899;25;;;9909;15;9912;20;;;9906.0;0.0
yf_MKC_d13;18000;INTARIAN_PEPPER_ROOT;11179;13;11176;28;;;11185;18;11189;23;;;11182.0;0.0
yf_MKC_d13;18100;ASH_COATED_OSMIUM;9898;20;9894;19;;;9916;14;9918;16;;;9907.0;0.0
yf_MKC_d13;18100;INTARIAN_PEPPER_ROOT;11175;13;11171;22;;;11185;10;11187;19;;;11180.0;0.0
yf_MKC_d13;18200;ASH_COATED_OSMIUM;9904;12;9900;20;;;9910;5;9913;19;;;9907.0;0.0
yf_MKC_d13;18200;INTARIAN_PEPPER_ROOT;11170;13;11166;22;;;11189;14;11191;27;;;11179.5;0.0
yf_MKC_d13;18300;ASH_COATED_OSMIUM;9901;21;9897;21;;;9915;14;9918;24;;;9908.0;0.0
yf_MKC_d13;18300;INTARIAN_PEPPER_ROOT;11173;14;11170;29;;;11183;19;11185;14;;;11178.0;0.0
yf_MKC_d13;18400;ASH_COATED_OSMIUM;9904;5;9901;23;;;9910;7;9912;19;;;9907.0;0.0
yf_MKC_d13;18400;INTARIAN_PEPPER_ROOT;11174;15;11172;16;;;11180;9;11182;23;;;11177.0;0.0
yf_MKC_d13;18500;ASH_COATED_OSMIUM;9903;20;9899;8;;;9909;23;9913;15;;;9906.0;0.0
yf_MKC_d13;18500;INTARIAN_PEPPER_ROOT;11172;18;11169;26;;;11180;16;11182;13;;;11176.0;0.0
yf_MKC_d13;18600;ASH_COATED_OSMIUM;9903;12;9900;20;;;9911;12;9915;19;;;9907.0;0.0
yf_MKC_d13;18600;INTARIAN_PEPPER_ROOT;11172;17;11169;19;;;11178;12;11181;17;;;11175.0;0.0
yf_MKC_d13;18700;ASH_COATED_OSMIUM;9903;20;9900;18;;;9909;11;9912;23;;;9906.0;0.0
yf_MKC_d13;18700;INTARIAN_PEPPER_ROOT;11171;27;11168;27;;;11177;20;11180;29;;;11174.0;0.0
yf_MKC_d13;18800;ASH_COATED_OSMIUM;9902;13;9898;11;;;9911;14;9915;20;;;9906.5;0.0
yf_MKC_d13;18800;INTARIAN_PEPPER_ROOT;11161;14;11158;23;;;11185;15;11188;20;;;11173.0;0.0
yf_MKC_d13;18900;ASH_COATED_OSMIUM;9904;19;9901;18;;;9910;12;9914;28;;;9907.0;0.0
yf_MKC_d13;18900;INTARIAN_PEPPER_ROOT;11169;16;11165;22;;;11175;15;11179;20;;;11172.0;0.0
yf_MKC_d13;19000;ASH_COATED_OSMIUM;9903;13;9899;10;;;9912;15;9914;23;;;9907.5;0.0
yf_MKC_d13;19000;INTARIAN_PEPPER_ROOT;11167;9;11165;26;;;11173;11;11177;23;;;11170.0;0.0
yf_MKC_d13;19100;ASH_COATED_OSMIUM;9903;6;9900;18;;;9909;14;9912;23;;;9906.0;0.0
yf_MKC_d13;19100;INTARIAN_PEPPER_ROOT;11165;16;11162;12;;;11175;14;11178;29;;;11170.0;0.0
yf_MKC_d13;19200;ASH_COATED_OSMIUM;9902;11;9899;24;;;9911;18;9915;16;;;9906.5;0.0
yf_MKC_d13;19200;INTARIAN_PEPPER_ROOT;11166;23;11163;23;;;11172;18;11176;17;;;11169.0;0.0
yf_MKC_d13;19300;ASH_COATED_OSMIUM;9897;16;9893;24;;;9916;14;9919;32;;;9906.5;0.0
yf_MKC_d13;19300;INTARIAN_PEPPER_ROOT;11164;11;11162;24;;;11170;17;11174;16;;;11167.0;0.0
yf_MKC_d13;19400;ASH_COATED_OSMIUM;9903;17;9900;17;;;9909;19;9913;22;;;9906.0;0.0
yf_MKC_d13;19400;INTARIAN_PEPPER_ROOT;11160;21;11158;19;;;11172;13;11174;21;;;11166.0;0.0
yf_MKC_d13;19500;ASH_COATED_OSMIUM;9901;5;9899;12;;;9911;18;9914;16;;;9906.0;0.0
yf_MKC_d13;19500;INTARIAN_PEPPER_ROOT;11151;16;11148;28;;;11181;8;11185;16;;;11166.0;0.0
yf_MKC_d13;19600;ASH_COATED_OSMIUM;9903;11;9899;12;;;9910;13;9912;22;;;9906.5;0.0
yf_MKC_d13;19600;INTARIAN_PEPPER_ROOT;11161;15;11158;19;;;11167;5;11170;22;;;11164.0;0.0
yf_MKC_d13;19700;ASH_COATED_OSMIUM;9898;23;9896;14;;;9915;20;9918;17;;;9906.5;0.0
yf_MKC_d13;19700;INTARIAN_PEPPER_ROOT;11157;15;11155;13;;;11168;8;11172;16;;;11162.5;0.0
yf_MKC_d13;19800;ASH_COATED_OSMIUM;9903;17;9901;22;;;9909;11;9911;16;;;9906.0;0.0
yf_MKC_d13;19800;INTARIAN_PEPPER_ROOT;11160;10;11156;11;;;11166;10;11170;31;;;11163.0;0.0
yf_MKC_d13;19900;ASH_COATED_OSMIUM;9903;14;9901;13;;;9909;16;9913;17;;;9906.0;0.0
yf_MKC_d13;19900;INTARIAN_PEPPER_ROOT;11158;21;11155;24;;;11164;21;11167;21;;;11161.0;0.0
yf_MKC_d13;20000;ASH_COATED_OSMIUM;9903;17;9899;19;;;9909;15;9913;17;;;9906.0;0.0
yf_MKC_d13;20000;INTARIAN_PEPPER_ROOT;11150;5;11146;19;;;11169;19;11172;13;;;11159.5;0.0
yf_MKC_d13;20100;ASH_COATED_OSMIUM;9902;19;9898;17;;;9908;9;9910;15;;;9905.0;0.0
yf_MKC_d13;20100;INTARIAN_PEPPER_ROOT;11156;14;11154;24;;;11162;12;11165;27;;;11159.0;0.0
yf_MKC_d13;20200;ASH_COATED_OSMIUM;9903;7;9901;24;;;9909;16;9912;18;;;9906.0;0.0
yf_MKC_d13;20200;INTARIAN_PEPPER_ROOT;11155;14;11152;27;;;11161;22;11164;18;;;11158.0;0.0
yf_MKC_d13;20300;ASH_COATED_OSMIUM;9899;6;9897;12;;;9912;13;9916;23;;;9905.5;0.0
yf_MKC_d13;20300;INTARIAN_PEPPER_ROOT;11153;14;11149;20;;;11159;11;11162;21;;;11156.0;0.0
yf_MKC_d13;20400;ASH_COATED_OSMIUM;9898;19;9894;29;;;9912;13;9915;16;;;9905.0;0.0
yf_MKC_d13;20400;INTARIAN_PEPPER_ROOT;11151;20;11147;17;;;11160;12;11162;26;;;11155.5;0.0
yf_MKC_d13;20500;ASH_COATED_OSMIUM;9901;5;9898;23;;;9910;14;9914;25;;;9905.5;0.0
yf_MKC_d13;20500;INTARIAN_PEPPER_ROOT;11151;12;11149;23;;;11157;20;11160;18;;;11154.0;0.0
yf_MKC_d13;20600;ASH_COATED_OSMIUM;9889;12;9886;14;;;9922;21;9924;16;;;9905.5;0.0
yf_MKC_d13;20600;INTARIAN_PEPPER_ROOT;11147;21;11144;22;;;11159;9;11163;21;;;11153.0;0.0
yf_MKC_d13;20700;ASH_COATED_OSMIUM;9898;8;9895;13;;;9913;20;9916;15;;;9905.5;0.0
yf_MKC_d13;20700;INTARIAN_PEPPER_ROOT;11138;13;11136;26;;;11167;6;11170;22;;;11152.5;0.0
yf_MKC_d13;20800;ASH_COATED_OSMIUM;9903;5;9900;23;;;9909;11;9913;20;;;9906.0;0.0
yf_MKC_d13;20800;INTARIAN_PEPPER_ROOT;11147;15;11145;11;;;11156;16;11158;24;;;11151.5;0.0
yf_MKC_d13;20900;ASH_COATED_OSMIUM;9892;21;9890;20;;;9921;15;9923;22;;;9906.5;0.0
yf_MKC_d13;20900;INTARIAN_PEPPER_ROOT;11147;16;11145;19;;;11153;14;11157;14;;;11150.0;0.0
yf_MKC_d13;21000;ASH_COATED_OSMIUM;9899;21;9897;26;;;9911;17;9913;19;;;9905.0;0.0
yf_MKC_d13;21000;INTARIAN_PEPPER_ROOT;11144;13;11140;23;;;11154;13;11157;29;;;11149.0;0.0
yf_MKC_d13;21100;ASH_COATED_OSMIUM;9895;19;9891;22;;;9916;18;9920;27;;;9905.5;0.0
yf_MKC_d13;21100;INTARIAN_PEPPER_ROOT;11138;18;11135;18;;;11159;22;11162;18;;;11148.5;0.0
yf_MKC_d13;21200;ASH_COATED_OSMIUM;9902;18;9899;18;;;9908;17;9910;17;;;9905.0;0.0
yf_MKC_d13;21200;INTARIAN_PEPPER_ROOT;11143;9;11140;19;;;11152;8;11156;25;;;11147.5;0.0
yf_MKC_d13;21300;ASH_COATED_OSMIUM;9902;9;9899;22;;;9908;17;9912;17;;;9905.0;0.0
yf_MKC_d13;21300;INTARIAN_PEPPER_ROOT;11143;20;11140;20;;;11150;18;11153;23;;;11146.5;0.0
yf_MKC_d13;21400;ASH_COATED_OSMIUM;9895;13;9893;18;;;9916;8;9919;13;;;9905.5;0.0
yf_MKC_d13;21400;INTARIAN_PEPPER_ROOT;11142;17;11139;18;;;11148;12;11150;20;;;11145.0;0.0
yf_MKC_d13;21500;ASH_COATED_OSMIUM;9902;6;9898;15;;;9908;13;9911;28;;;9905.0;0.0
yf_MKC_d13;21500;INTARIAN_PEPPER_ROOT;11137;15;11135;14;;;11151;12;11153;20;;;11144.0;0.0
yf_MKC_d13;21600;ASH_COATED_OSMIUM;9901;18;9897;24;;;9908;22;9910;20;;;9904.5;0.0
yf_MKC_d13;21600;INTARIAN_PEPPER_ROOT;11135;18;11131;20;;;11151;13;11155;27;;;11143.0;0.0
yf_MKC_d13;21700;ASH_COATED_OSMIUM;9897;8;9894;16;;;9913;9;9916;13;;;9905.0;0.0
yf_MKC_d13;21700;INTARIAN_PEPPER_ROOT;11138;5;11135;13;;;11144;10;11147;23;;;11141.0;0.0
yf_MKC_d13;21800;ASH_COATED_OSMIUM;9902;13;9898;24;;;9908;11;9912;14;;;9905.0;0.0
yf_MKC_d13;21800;INTARIAN_PEPPER_ROOT;11137;24;11133;18;;;11143;20;11145;12;;;11140.0;0.0
yf_MKC_d13;21900;ASH_COATED_OSMIUM;9901;16;9899;30;;;9909;11;9911;19;;;9905.0;0.0
yf_MKC_d13;21900;INTARIAN_PEPPER_ROOT;11135;23;11131;18;;;11144;13;11148;18;;;11139.5;0.0
yf_MKC_d13;22000;ASH_COATED_OSMIUM;9902;9;9899;16;;;9908;18;9910;26;;;9905.0;0.0
yf_MKC_d13;22000;INTARIAN_PEPPER_ROOT;11134;10;11132;12;;;11143;14;11147;15;;;11138.5;0.0
yf_MKC_d13;22100;ASH_COATED_OSMIUM;9902;9;9900;15;;;9908;20;9911;19;;;9905.0;0.0
yf_MKC_d13;22100;INTARIAN_PEPPER_ROOT;11133;12;11129;23;;;11141;13;11143;15;;;11137.0;0.0
yf_MKC_d13;22200;ASH_COATED_OSMIUM;9902;12;9900;21;;;9908;19;9911;22;;;9905.0;0.0
yf_MKC_d13;22200;INTARIAN_PEPPER_ROOT;11134;18;11131;21;;;11140;21;11143;18;;;11137.0;0.0
yf_MKC_d13;22300;ASH_COATED_OSMIUM;9902;17;9898;20;;;9908;15;9911;9;;;9905.0;0.0
yf_MKC_d13;22300;INTARIAN_PEPPER_ROOT;11127;12;11124;25;;;11144;14;11146;19;;;11135.5;0.0
yf_MKC_d13;22400;ASH_COATED_OSMIUM;9893;9;9889;29;;;9917;16;9919;19;;;9905.0;0.0
yf_MKC_d13;22400;INTARIAN_PEPPER_ROOT;11131;6;11129;20;;;11137;12;11141;21;;;11134.0;0.0
yf_MKC_d13;22500;ASH_COATED_OSMIUM;9899;16;9895;23;;;9910;16;9912;16;;;9904.5;0.0
yf_MKC_d13;22500;INTARIAN_PEPPER_ROOT;11130;19;11128;14;;;11136;16;11140;15;;;11133.0;0.0
yf_MKC_d13;22600;ASH_COATED_OSMIUM;9902;7;9899;25;;;9908;14;9911;17;;;9905.0;0.0
yf_MKC_d13;22600;INTARIAN_PEPPER_ROOT;11129;20;11126;25;;;11136;18;11139;14;;;11132.5;0.0
yf_MKC_d13;22700;ASH_COATED_OSMIUM;9899;9;9895;27;;;9910;14;9913;34;;;9904.5;0.0
yf_MKC_d13;22700;INTARIAN_PEPPER_ROOT;11128;25;11125;17;;;11134;20;11137;25;;;11131.0;0.0
yf_MKC_d13;22800;ASH_COATED_OSMIUM;9897;22;9893;17;;;9913;10;9917;35;;;9905.0;0.0
yf_MKC_d13;22800;INTARIAN_PEPPER_ROOT;11127;20;11124;29;;;11133;8;11135;15;;;11130.0;0.0
yf_MKC_d13;22900;ASH_COATED_OSMIUM;9902;20;9898;28;;;9908;21;9912;19;;;9905.0;0.0
yf_MKC_d13;22900;INTARIAN_PEPPER_ROOT;11121;11;11119;12;;;11135;15;11137;17;;;11128.0;0.0
yf_MKC_d13;23000;ASH_COATED_OSMIUM;9902;18;9899;16;;;9908;19;9910;23;;;9905.0;0.0
yf_MKC_d13;23000;INTARIAN_PEPPER_ROOT;11124;25;11120;15;;;11130;13;11133;11;;;11127.0;0.0
yf_MKC_d13;23100;ASH_COATED_OSMIUM;9901;16;9897;23;;;9908;12;9910;18;;;9904.5;0.0
yf_MKC_d13;23100;INTARIAN_PEPPER_ROOT;11123;17;11119;22;;;11129;15;11132;8;;;11126.0;0.0
yf_MKC_d13;23200;ASH_COATED_OSMIUM;9899;11;9896;22;;;9909;12;9912;24;;;9904.0;0.0
yf_MKC_d13;23200;INTARIAN_PEPPER_ROOT;11123;11;11121;13;;;11129;19;11131;14;;;11126.0;0.0
yf_MKC_d13;23300;ASH_COATED_OSMIUM;9896;16;9893;16;;;9914;14;9917;10;;;9905.0;0.0
yf_MKC_d13;23300;INTARIAN_PEPPER_ROOT;11120;18;11117;20;;;11129;10;11132;26;;;11124.5;0.0
yf_MKC_d13;23400;ASH_COATED_OSMIUM;9900;18;9897;19;;;9910;13;9912;27;;;9905.0;0.0
yf_MKC_d13;23400;INTARIAN_PEPPER_ROOT;11119;13;11115;22;;;11127;9;11131;23;;;11123.0;0.0
yf_MKC_d13;23500;ASH_COATED_OSMIUM;9902;10;9898;14;;;9908;14;9912;18;;;9905.0;0.0
yf_MKC_d13;23500;INTARIAN_PEPPER_ROOT;11117;10;11113;21;;;11127;17;11131;15;;;11122.0;0.0
yf_MKC_d13;23600;ASH_COATED_OSMIUM;9899;14;9896;19;;;9908;9;9911;20;;;9903.5;0.0
yf_MKC_d13;23600;INTARIAN_PEPPER_ROOT;11118;15;11115;20;;;11124;15;11128;18;;;11121.0;0.0
yf_MKC_d13;23700;ASH_COATED_OSMIUM;9900;11;9897;13;;;9908;22;9911;20;;;9904.0;0.0
yf_MKC_d13;23700;INTARIAN_PEPPER_ROOT;11114;11;11110;24;;;11126;6;11128;18;;;11120.0;0.0
yf_MKC_d13;23800;ASH_COATED_OSMIUM;9901;14;9897;28;;;9907;15;9911;19;;;9904.0;0.0
yf_MKC_d13;23800;INTARIAN_PEPPER_ROOT;11113;16;11111;23;;;11125;5;11129;18;;;11119.0;0.0
yf_MKC_d13;23900;ASH_COATED_OSMIUM;9900;17;9897;12;;;9906;15;9910;8;;;9903.0;0.0
yf_MKC_d13;23900;INTARIAN_PEPPER_ROOT;11115;23;11111;25;;;11121;10;11124;13;;;11118.0;0.0
yf_MKC_d13;24000;ASH_COATED_OSMIUM;9901;18;9897;10;;;9907;13;9910;17;;;9904.0;0.0
yf_MKC_d13;24000;INTARIAN_PEPPER_ROOT;11113;16;11111;27;;;11119;16;11122;18;;;11116.0;0.0
yf_MKC_d13;24100;ASH_COATED_OSMIUM;9901;10;9897;21;;;9907;23;9910;19;;;9904.0;0.0
yf_MKC_d13;24100;INTARIAN_PEPPER_ROOT;11112;11;11110;18;;;11120;26;11123;22;;;11116.0;0.0
yf_MKC_d13;24200;ASH_COATED_OSMIUM;9901;15;9899;18;;;9907;12;9911;15;;;9904.0;0.0
yf_MKC_d13;24200;INTARIAN_PEPPER_ROOT;11111;21;11109;21;;;11117;13;11120;21;;;11114.0;0.0
yf_MKC_d13;24300;ASH_COATED_OSMIUM;9901;9;9897;21;;;9907;14;9911;27;;;9904.0;0.0
yf_MKC_d13;24300;INTARIAN_PEPPER_ROOT;11111;9;11109;17;;;11117;16;11121;21;;;11114.0;0.0
yf_MKC_d13;24400;ASH_COATED_OSMIUM;9901;6;9899;16;;;9907;17;9911;14;;;9904.0;0.0
yf_MKC_d13;24400;INTARIAN_PEPPER_ROOT;11110;23;11107;21;;;11116;17;11120;22;;;11113.0;0.0
yf_MKC_d13;24500;ASH_COATED_OSMIUM;9901;13;9897;13;;;9907;23;9910;12;;;9904.0;0.0
yf_MKC_d13;24500;INTARIAN_PEPPER_ROOT;11108;18;11105;20;;;11114;22;11116;14;;;11111.0;0.0
yf_MKC_d13;24600;ASH_COATED_OSMIUM;9898;15;9894;19;;;9910;12;9912;21;;;9904.0;0.0
yf_MKC_d13;24600;INTARIAN_PEPPER_ROOT;11106;13;11102;13;;;11116;12;11120;16;;;11111.0;0.0
yf_MKC_d13;24700;ASH_COATED_OSMIUM;9892;19;9888;18;;;9916;13;9920;22;;;9904.0;0.0
yf_MKC_d13;24700;INTARIAN_PEPPER_ROOT;11106;14;11103;24;;;11112;11;11115;15;;;11109.0;0.0
yf_MKC_d13;24800;ASH_COATED_OSMIUM;9900;14;9897;8;;;9906;17;9910;17;;;9903.0;0.0
yf_MKC_d13;24800;INTARIAN_PEPPER_ROOT;11105;17;11101;17;;;11111;16;11114;15;;;11108.0;0.0
yf_MKC_d13;24900;ASH_COATED_OSMIUM;9901;14;9897;18;;;9907;15;9910;21;;;9904.0;0.0
yf_MKC_d13;24900;INTARIAN_PEPPER_ROOT;11103;15;11100;17;;;11111;10;11114;28;;;11107.0;0.0
yf_MKC_d13;25000;ASH_COATED_OSMIUM;9901;8;9898;19;;;9907;19;9911;18;;;9904.0;0.0
yf_MKC_d13;25000;INTARIAN_PEPPER_ROOT;11103;10;11101;14;;;11109;16;11112;27;;;11106.0;0.0
yf_MKC_d13;25100;ASH_COATED_OSMIUM;9899;16;9897;18;;;9907;14;9911;15;;;9903.0;0.0
yf_MKC_d13;25100;INTARIAN_PEPPER_ROOT;11099;20;11097;12;;;11112;23;11114;8;;;11105.5;0.0
yf_MKC_d13;25200;ASH_COATED_OSMIUM;9900;12;9896;11;;;9906;7;9909;22;;;9903.0;0.0
yf_MKC_d13;25200;INTARIAN_PEPPER_ROOT;11101;15;11097;14;;;11107;12;11111;17;;;11104.0;0.0
yf_MKC_d13;25300;ASH_COATED_OSMIUM;9901;27;9898;11;;;9907;6;9910;25;;;9904.0;0.0
yf_MKC_d13;25300;INTARIAN_PEPPER_ROOT;11099;6;11097;24;;;11107;19;11111;20;;;11103.0;0.0
yf_MKC_d13;25400;ASH_COATED_OSMIUM;9897;17;9895;25;;;9910;17;9914;11;;;9903.5;0.0
yf_MKC_d13;25400;INTARIAN_PEPPER_ROOT;11093;10;11091;20;;;11110;19;11112;24;;;11101.5;0.0
yf_MKC_d13;25500;ASH_COATED_OSMIUM;9900;15;9896;20;;;9906;15;9908;17;;;9903.0;0.0
yf_MKC_d13;25500;INTARIAN_PEPPER_ROOT;11098;14;11096;18;;;11104;16;11107;21;;;11101.0;0.0
yf_MKC_d13;25600;ASH_COATED_OSMIUM;9900;19;9898;28;;;9906;19;9909;18;;;9903.0;0.0
yf_MKC_d13;25600;INTARIAN_PEPPER_ROOT;11097;12;11095;20;;;11103;11;11105;8;;;11100.0;0.0
yf_MKC_d13;25700;ASH_COATED_OSMIUM;9899;20;9896;17;;;9909;21;9911;26;;;9904.0;0.0
yf_MKC_d13;25700;INTARIAN_PEPPER_ROOT;11095;14;11092;25;;;11101;18;11103;8;;;11098.0;0.0
yf_MKC_d13;25800;ASH_COATED_OSMIUM;9899;11;9897;25;;;9907;17;9910;15;;;9903.0;0.0
yf_MKC_d13;25800;INTARIAN_PEPPER_ROOT;11085;14;11081;18;;;11109;26;11111;14;;;11097.0;0.0
yf_MKC_d13;25900;ASH_COATED_OSMIUM;9898;14;9896;16;;;9907;11;9910;19;;;9902.5;0.0
yf_MKC_d13;25900;INTARIAN_PEPPER_ROOT;11093;18;11091;24;;;11099;17;11101;18;;;11096.0;0.0
yf_MKC_d13;26000;ASH_COATED_OSMIUM;9897;12;9893;15;;;9909;19;9911;23;;;9903.0;0.0
yf_MKC_d13;26000;INTARIAN_PEPPER_ROOT;11092;13;11088;28;;;11099;19;11101;17;;;11095.5;0.0
yf_MKC_d13;26100;ASH_COATED_OSMIUM;9900;20;9896;16;;;9906;22;9908;22;;;9903.0;0.0
yf_MKC_d13;26100;INTARIAN_PEPPER_ROOT;11092;14;11090;15;;;11098;14;11101;15;;;11095.0;0.0
yf_MKC_d13;26200;ASH_COATED_OSMIUM;9899;23;9895;20;;;9907;8;9911;19;;;9903.0;0.0
yf_MKC_d13;26200;INTARIAN_PEPPER_ROOT;11090;15;11088;28;;;11096;8;11098;14;;;11093.0;0.0
yf_MKC_d13;26300;ASH_COATED_OSMIUM;9900;13;9897;15;;;9906;21;9910;22;;;9903.0;0.0
yf_MKC_d13;26300;INTARIAN_PEPPER_ROOT;11085;19;11081;12;;;11099;12;11103;17;;;11092.0;0.0
yf_MKC_d13;26400;ASH_COATED_OSMIUM;9900;9;9897;22;;;9906;26;9908;20;;;9903.0;0.0
yf_MKC_d13;26400;INTARIAN_PEPPER_ROOT;11089;14;11086;18;;;11095;13;11099;24;;;11092.0;0.0
yf_MKC_d13;26500;ASH_COATED_OSMIUM;9898;19;9896;18;;;9909;6;9912;22;;;9903.5;0.0
yf_MKC_d13;26500;INTARIAN_PEPPER_ROOT;11086;19;11082;20;;;11093;6;11095;18;;;11089.5;0.0
yf_MKC_d13;26600;ASH_COATED_OSMIUM;9900;17;9896;23;;;9906;23;9910;21;;;9903.0;0.0
yf_MKC_d13;26600;INTARIAN_PEPPER_ROOT;11086;17;11082;17;;;11092;17;11096;18;;;11089.0;0.0
yf_MKC_d13;26700;ASH_COATED_OSMIUM;9896;6;9893;20;;;9910;5;9912;11;;;9903.0;0.0
yf_MKC_d13;26700;INTARIAN_PEPPER_ROOT;11085;19;11082;11;;;11092;11;11094;14;;;11088.5;0.0
yf_MKC_d13;26800;ASH_COATED_OSMIUM;9900;15;9897;14;;;9906;16;9908;25;;;9903.0;0.0
yf_MKC_d13;26800;INTARIAN_PEPPER_ROOT;11082;12;11079;28;;;11091;17;11093;16;;;11086.5;0.0
yf_MKC_d13;26900;ASH_COATED_OSMIUM;9899;9;9895;24;;;9905;20;9909;16;;;9902.0;0.0
yf_MKC_d13;26900;INTARIAN_PEPPER_ROOT;11080;17;11076;25;;;11092;8;11096;17;;;11086.0;0.0
yf_MKC_d13;27000;ASH_COATED_OSMIUM;9896;13;9894;17;;;9910;10;9914;21;;;9903.0;0.0
yf_MKC_d13;27000;INTARIAN_PEPPER_ROOT;11072;19;11068;16;;;11096;29;11098;15;;;11084.0;0.0
yf_MKC_d13;27100;ASH_COATED_OSMIUM;9897;7;9893;20;;;9909;15;9912;22;;;9903.0;0.0
yf_MKC_d13;27100;INTARIAN_PEPPER_ROOT;11075;17;11073;11;;;11092;13;11095;22;;;11083.5;0.0
yf_MKC_d13;27200;ASH_COATED_OSMIUM;9899;20;9896;19;;;9905;5;9909;21;;;9902.0;0.0
yf_MKC_d13;27200;INTARIAN_PEPPER_ROOT;11080;16;11078;19;;;11086;12;11088;24;;;11083.0;0.0
yf_MKC_d13;27300;ASH_COATED_OSMIUM;9894;11;9890;22;;;9911;12;9915;25;;;9902.5;0.0
yf_MKC_d13;27300;INTARIAN_PEPPER_ROOT;11078;14;11076;26;;;11084;13;11088;15;;;11081.0;0.0
yf_MKC_d13;27400;ASH_COATED_OSMIUM;9899;17;9895;16;;;9905;7;9907;12;;;9902.0;0.0
yf_MKC_d13;27400;INTARIAN_PEPPER_ROOT;11077;13;11073;22;;;11083;16;11087;10;;;11080.0;0.0
yf_MKC_d13;27500;ASH_COATED_OSMIUM;9899;12;9897;17;;;9905;18;9908;16;;;9902.0;0.0
yf_MKC_d13;27500;INTARIAN_PEPPER_ROOT;11073;11;11070;20;;;11086;13;11088;15;;;11079.5;0.0
yf_MKC_d13;27600;ASH_COATED_OSMIUM;9899;9;9895;20;;;9905;10;9908;12;;;9902.0;0.0
yf_MKC_d13;27600;INTARIAN_PEPPER_ROOT;11076;16;11073;12;;;11082;19;11085;17;;;11079.0;0.0
yf_MKC_d13;27700;ASH_COATED_OSMIUM;9894;21;9890;24;;;9913;9;9917;12;;;9903.5;0.0
yf_MKC_d13;27700;INTARIAN_PEPPER_ROOT;11074;20;11071;23;;;11080;17;11083;25;;;11077.0;0.0
yf_MKC_d13;27800;ASH_COATED_OSMIUM;9899;11;9896;24;;;9905;19;9908;19;;;9902.0;0.0
yf_MKC_d13;27800;INTARIAN_PEPPER_ROOT;11073;21;11070;17;;;11079;10;11083;23;;;11076.0;0.0
yf_MKC_d13;27900;ASH_COATED_OSMIUM;9900;20;9896;15;;;9906;10;9910;17;;;9903.0;0.0
yf_MKC_d13;27900;INTARIAN_PEPPER_ROOT;11072;11;11070;23;;;11078;10;11082;18;;;11075.0;0.0
yf_MKC_d13;28000;ASH_COATED_OSMIUM;9899;12;9896;14;;;9905;9;9908;24;;;9902.0;0.0
yf_MKC_d13;28000;INTARIAN_PEPPER_ROOT;11071;10;11069;17;;;11077;13;11079;17;;;11074.0;0.0
yf_MKC_d13;28100;ASH_COATED_OSMIUM;9899;24;9895;18;;;9905;14;9908;22;;;9902.0;0.0
yf_MKC_d13;28100;INTARIAN_PEPPER_ROOT;11068;8;11065;19;;;11077;8;11081;10;;;11072.5;0.0
yf_MKC_d13;28200;ASH_COATED_OSMIUM;9899;9;9896;18;;;9905;18;9909;21;;;9902.0;0.0
yf_MKC_d13;28200;INTARIAN_PEPPER_ROOT;11066;14;11062;16;;;11078;13;11080;20;;;11072.0;0.0
yf_MKC_d13;28300;ASH_COATED_OSMIUM;9888;13;9885;22;;;9916;18;9920;14;;;9902.0;0.0
yf_MKC_d13;28300;INTARIAN_PEPPER_ROOT;11068;16;11066;18;;;11074;16;11077;16;;;11071.0;0.0
yf_MKC_d13;28400;ASH_COATED_OSMIUM;9899;7;9895;16;;;9905;12;9909;22;;;9902.0;0.0
yf_MKC_d13;28400;INTARIAN_PEPPER_ROOT;11054;18;11050;20;;;11084;7;11086;8;;;11069.0;0.0
yf_MKC_d13;28500;ASH_COATED_OSMIUM;9899;21;9895;17;;;9905;27;9908;11;;;9902.0;0.0
yf_MKC_d13;28500;INTARIAN_PEPPER_ROOT;11066;14;11063;19;;;11072;26;11076;26;;;11069.0;0.0
yf_MKC_d13;28600;ASH_COATED_OSMIUM;9898;11;9895;17;;;9905;15;9907;10;;;9901.5;0.0
yf_MKC_d13;28600;INTARIAN_PEPPER_ROOT;11063;10;11060;24;;;11072;10;11076;15;;;11067.5;0.0
yf_MKC_d13;28700;ASH_COATED_OSMIUM;9897;26;9894;19;;;9907;14;9910;22;;;9902.0;0.0
yf_MKC_d13;28700;INTARIAN_PEPPER_ROOT;11063;17;11061;19;;;11069;10;11073;16;;;11066.0;0.0
yf_MKC_d13;28800;ASH_COATED_OSMIUM;9897;13;9893;14;;;9907;11;9909;22;;;9902.0;0.0
yf_MKC_d13;28800;INTARIAN_PEPPER_ROOT;11063;7;11060;13;;;11069;13;11071;17;;;11066.0;0.0
yf_MKC_d13;28900;ASH_COATED_OSMIUM;9899;16;9896;16;;;9905;19;9908;19;;;9902.0;0.0
yf_MKC_d13;28900;INTARIAN_PEPPER_ROOT;11061;18;11057;14;;;11067;21;11071;24;;;11064.0;0.0
yf_MKC_d13;29000;ASH_COATED_OSMIUM;9899;16;9897;26;;;9905;7;9908;23;;;9902.0;0.0
yf_MKC_d13;29000;INTARIAN_PEPPER_ROOT;11060;28;11057;9;;;11066;22;11068;12;;;11063.0;0.0
yf_MKC_d13;29100;ASH_COATED_OSMIUM;9897;20;9894;17;;;9906;15;9910;25;;;9901.5;0.0
yf_MKC_d13;29100;INTARIAN_PEPPER_ROOT;11058;16;11055;24;;;11064;23;11068;20;;;11061.0;0.0
yf_MKC_d13;29200;ASH_COATED_OSMIUM;9899;12;9895;16;;;9905;18;9909;26;;;9902.0;0.0
yf_MKC_d13;29200;INTARIAN_PEPPER_ROOT;11055;14;11051;10;;;11069;14;11071;20;;;11062.0;0.0
yf_MKC_d13;29300;ASH_COATED_OSMIUM;9898;13;9896;16;;;9904;15;9908;23;;;9901.0;0.0
yf_MKC_d13;29300;INTARIAN_PEPPER_ROOT;11056;8;11053;20;;;11062;20;11065;24;;;11059.0;0.0
yf_MKC_d13;29400;ASH_COATED_OSMIUM;9896;13;9892;17;;;9906;9;9910;20;;;9901.0;0.0
yf_MKC_d13;29400;INTARIAN_PEPPER_ROOT;11052;22;11050;30;;;11067;14;11070;17;;;11059.5;0.0
yf_MKC_d13;29500;ASH_COATED_OSMIUM;9898;17;9894;29;;;9906;13;9909;11;;;9902.0;0.0
yf_MKC_d13;29500;INTARIAN_PEPPER_ROOT;11040;9;11037;29;;;11077;14;11080;11;;;11058.5;0.0
yf_MKC_d13;29600;ASH_COATED_OSMIUM;9899;8;9895;23;;;9905;16;9909;13;;;9902.0;0.0
yf_MKC_d13;29600;INTARIAN_PEPPER_ROOT;11053;17;11051;12;;;11061;22;11063;12;;;11057.0;0.0
yf_MKC_d13;29700;ASH_COATED_OSMIUM;9894;21;9891;23;;;9909;10;9911;19;;;9901.5;0.0
yf_MKC_d13;29700;INTARIAN_PEPPER_ROOT;11049;12;11045;17;;;11063;5;11067;28;;;11056.0;0.0
yf_MKC_d13;29800;ASH_COATED_OSMIUM;9898;17;9895;19;;;9904;18;9907;13;;;9901.0;0.0
yf_MKC_d13;29800;INTARIAN_PEPPER_ROOT;11039;21;11036;27;;;11070;19;11072;18;;;11054.5;0.0
yf_MKC_d13;29900;ASH_COATED_OSMIUM;9899;10;9895;19;;;9905;17;9907;17;;;9902.0;0.0
yf_MKC_d13;29900;INTARIAN_PEPPER_ROOT;11051;18;11047;18;;;11057;16;11059;17;;;11054.0;0.0
yf_MKC_d13;30000;ASH_COATED_OSMIUM;9894;30;9892;15;;;9908;17;9912;26;;;9901.0;0.0
yf_MKC_d13;30000;INTARIAN_PEPPER_ROOT;11048;20;11046;20;;;11056;15;11059;13;;;11052.0;0.0
yf_MKC_d13;30100;ASH_COATED_OSMIUM;9898;21;9894;27;;;9904;17;9907;20;;;9901.0;0.0
yf_MKC_d13;30100;INTARIAN_PEPPER_ROOT;11035;14;11032;9;;;11067;7;11070;12;;;11051.0;0.0
yf_MKC_d13;30200;ASH_COATED_OSMIUM;9898;12;9894;19;;;9904;14;9906;13;;;9901.0;0.0
yf_MKC_d13;30200;INTARIAN_PEPPER_ROOT;11047;19;11044;20;;;11054;9;11058;23;;;11050.5;0.0
yf_MKC_d13;30300;ASH_COATED_OSMIUM;9895;10;9891;21;;;9906;18;9910;18;;;9900.5;0.0
yf_MKC_d13;30300;INTARIAN_PEPPER_ROOT;11046;10;11043;14;;;11053;11;11057;18;;;11049.5;0.0
yf_MKC_d13;30400;ASH_COATED_OSMIUM;9898;10;9895;21;;;9904;20;9906;19;;;9901.0;0.0
yf_MKC_d13;30400;INTARIAN_PEPPER_ROOT;11045;11;11041;8;;;11051;14;11055;14;;;11048.0;0.0
yf_MKC_d13;30500;ASH_COATED_OSMIUM;9891;16;9887;33;;;9911;22;9915;27;;;9901.0;0.0
yf_MKC_d13;30500;INTARIAN_PEPPER_ROOT;11038;19;11034;17;;;11057;19;11060;32;;;11047.5;0.0
yf_MKC_d13;30600;ASH_COATED_OSMIUM;9898;19;9894;20;;;9904;9;9906;18;;;9901.0;0.0
yf_MKC_d13;30600;INTARIAN_PEPPER_ROOT;11043;13;11041;19;;;11049;13;11052;20;;;11046.0;0.0
yf_MKC_d13;30700;ASH_COATED_OSMIUM;9896;6;9894;27;;;9906;9;9909;23;;;9901.0;0.0
yf_MKC_d13;30700;INTARIAN_PEPPER_ROOT;11041;18;11038;17;;;11050;20;11054;19;;;11045.5;0.0
yf_MKC_d13;30800;ASH_COATED_OSMIUM;9898;12;9894;20;;;9904;18;9907;22;;;9901.0;0.0
yf_MKC_d13;30800;INTARIAN_PEPPER_ROOT;11041;24;11037;24;;;11047;8;11049;15;;;11044.0;0.0
yf_MKC_d13;30900;ASH_COATED_OSMIUM;9894;13;9892;23;;;9907;15;9910;27;;;9900.5;0.0
yf_MKC_d13;30900;INTARIAN_PEPPER_ROOT;11039;19;11037;19;;;11045;16;11049;11;;;11042.0;0.0
yf_MKC_d13;31000;ASH_COATED_OSMIUM;9892;17;9888;21;;;9909;13;9911;20;;;9900.5;0.0
yf_MKC_d13;31000;INTARIAN_PEPPER_ROOT;11039;5;11036;13;;;11045;26;11047;21;;;11042.0;0.0
yf_MKC_d13;31100;ASH_COATED_OSMIUM;9897;18;9893;9;;;9903;13;9906;19;;;9900.0;0.0
yf_MKC_d13;31100;INTARIAN_PEPPER_ROOT;11031;21;11029;17;;;11049;17;11051;24;;;11040.0;0.0
yf_MKC_d13;31200;ASH_COATED_OSMIUM;9897;16;9893;13;;;9903;20;9907;28;;;9900.0;0.0
yf_MKC_d13;31200;INTARIAN_PEPPER_ROOT;11037;16;11035;10;;;11043;14;11045;23;;;11040.0;0.0
yf_MKC_d13;31300;ASH_COATED_OSMIUM;9898;12;9894;18;;;9904;22;9907;18;;;9901.0;0.0
yf_MKC_d13;31300;INTARIAN_PEPPER_ROOT;11035;16;11032;25;;;11041;7;11045;22;;;11038.0;0.0
yf_MKC_d13;31400;ASH_COATED_OSMIUM;9897;19;9893;19;;;9903;10;9905;13;;;9900.0;0.0
yf_MKC_d13;31400;INTARIAN_PEPPER_ROOT;11034;15;11031;16;;;11040;13;11043;26;;;11037.0;0.0
yf_MKC_d13;31500;ASH_COATED_OSMIUM;9898;18;9896;22;;;9904;8;9907;26;;;9901.0;0.0
yf_MKC_d13;31500;INTARIAN_PEPPER_ROOT;11033;20;11031;19;;;11039;14;11042;21;;;11036.0;0.0
yf_MKC_d13;31600;ASH_COATED_OSMIUM;9898;16;9896;22;;;9904;16;9907;16;;;9901.0;0.0
yf_MKC_d13;31600;INTARIAN_PEPPER_ROOT;11032;20;11028;18;;;11038;9;11040;16;;;11035.0;0.0
yf_MKC_d13;31700;ASH_COATED_OSMIUM;9898;16;9894;20;;;9904;14;9907;22;;;9901.0;0.0
yf_MKC_d13;31700;INTARIAN_PEPPER_ROOT;11028;16;11024;27;;;11039;8;11043;14;;;11033.5;0.0
yf_MKC_d13;31800;ASH_COATED_OSMIUM;9898;11;9895;11;;;9904;18;9906;28;;;9901.0;0.0
yf_MKC_d13;31800;INTARIAN_PEPPER_ROOT;11028;16;11026;24;;;11038;11;11042;17;;;11033.0;0.0
yf_MKC_d13;31900;ASH_COATED_OSMIUM;9889;14;9885;25;;;9911;19;9914;25;;;9900.0;0.0
yf_MKC_d13;31900;INTARIAN_PEPPER_ROOT;11029;12;11026;13;;;11035;18;11037;16;;;11032.0;0.0
yf_MKC_d13;32000;ASH_COATED_OSMIUM;9897;8;9895;24;;;9903;16;9907;22;;;9900.0;0.0
yf_MKC_d13;32000;INTARIAN_PEPPER_ROOT;11025;19;11022;17;;;11036;13;11040;11;;;11030.5;0.0
yf_MKC_d13;32100;ASH_COATED_OSMIUM;9897;11;9895;25;;;9903;20;9906;16;;;9900.0;0.0
yf_MKC_d13;32100;INTARIAN_PEPPER_ROOT;11027;18;11023;18;;;11033;13;11035;20;;;11030.0;0.0
yf_MKC_d13;32200;ASH_COATED_OSMIUM;9897;18;9895;25;;;9903;18;9906;19;;;9900.0;0.0
yf_MKC_d13;32200;INTARIAN_PEPPER_ROOT;11026;23;11023;24;;;11032;10;11034;24;;;11029.0;0.0
yf_MKC_d13;32300;ASH_COATED_OSMIUM;9894;23;9890;12;;;9906;23;9909;24;;;9900.0;0.0
yf_MKC_d13;32300;INTARIAN_PEPPER_ROOT;11013;13;11010;26;;;11043;8;11045;9;;;11028.0;0.0
yf_MKC_d13;32400;ASH_COATED_OSMIUM;9898;12;9895;21;;;9904;18;9907;15;;;9901.0;0.0
yf_MKC_d13;32400;INTARIAN_PEPPER_ROOT;11022;6;11019;23;;;11033;19;11036;17;;;11027.5;0.0
yf_MKC_d13;32500;ASH_COATED_OSMIUM;9897;12;9894;12;;;9903;12;9906;18;;;9900.0;0.0
yf_MKC_d13;32500;INTARIAN_PEPPER_ROOT;11014;15;11011;15;;;11036;21;11039;15;;;11025.0;0.0
yf_MKC_d13;32600;ASH_COATED_OSMIUM;9897;15;9893;24;;;9903;19;9905;8;;;9900.0;0.0
yf_MKC_d13;32600;INTARIAN_PEPPER_ROOT;11021;10;11017;21;;;11027;16;11029;21;;;11024.0;0.0
yf_MKC_d13;32700;ASH_COATED_OSMIUM;9897;9;9893;20;;;9903;19;9905;13;;;9900.0;0.0
yf_MKC_d13;32700;INTARIAN_PEPPER_ROOT;11014;6;11010;21;;;11034;17;11038;11;;;11024.0;0.0
yf_MKC_d13;32800;ASH_COATED_OSMIUM;9893;23;9891;25;;;9908;20;9912;15;;;9900.5;0.0
yf_MKC_d13;32800;INTARIAN_PEPPER_ROOT;11020;12;11018;17;;;11026;5;11030;17;;;11023.0;0.0
yf_MKC_d13;32900;ASH_COATED_OSMIUM;9896;17;9892;17;;;9902;12;9906;20;;;9899.0;0.0
yf_MKC_d13;32900;INTARIAN_PEPPER_ROOT;11018;6;11016;22;;;11025;8;11028;29;;;11021.5;0.0
yf_MKC_d13;33000;ASH_COATED_OSMIUM;9897;12;9893;14;;;9903;19;9905;9;;;9900.0;0.0
yf_MKC_d13;33000;INTARIAN_PEPPER_ROOT;11008;13;11004;23;;;11033;6;11037;14;;;11020.5;0.0
yf_MKC_d13;33100;ASH_COATED_OSMIUM;9895;15;9891;18;;;9905;14;9908;17;;;9900.0;0.0
yf_MKC_d13;33100;INTARIAN_PEPPER_ROOT;11016;20;11013;15;;;11022;10;11026;27;;;11019.0;0.0
yf_MKC_d13;33200;ASH_COATED_OSMIUM;9897;19;9893;30;;;9903;16;9907;15;;;9900.0;0.0
yf_MKC_d13;33200;INTARIAN_PEPPER_ROOT;11014;12;11010;15;;;11021;9;11024;18;;;11017.5;0.0
yf_MKC_d13;33300;ASH_COATED_OSMIUM;9897;16;9894;27;;;9903;21;9905;22;;;9900.0;0.0
yf_MKC_d13;33300;INTARIAN_PEPPER_ROOT;11014;7;11010;16;;;11020;14;11022;18;;;11017.0;0.0
yf_MKC_d13;33400;ASH_COATED_OSMIUM;9897;15;9893;16;;;9903;6;9906;11;;;9900.0;0.0
yf_MKC_d13;33400;INTARIAN_PEPPER_ROOT;11010;5;11007;26;;;11022;22;11025;20;;;11016.0;0.0
yf_MKC_d13;33500;ASH_COATED_OSMIUM;9897;14;9893;17;;;9903;5;9905;23;;;9900.0;0.0
yf_MKC_d13;33500;INTARIAN_PEPPER_ROOT;11010;10;11008;14;;;11018;14;11020;23;;;11014.0;0.0
yf_MKC_d13;33600;ASH_COATED_OSMIUM;9896;7;9893;23;;;9903;19;9905;25;;;9899.5;0.0
yf_MKC_d13;33600;INTARIAN_PEPPER_ROOT;11011;18;11008;24;;;11017;17;11019;18;;;11014.0;0.0
yf_MKC_d13;33700;ASH_COATED_OSMIUM;9895;12;9891;17;;;9905;13;9909;9;;;9900.0;0.0
yf_MKC_d13;33700;INTARIAN_PEPPER_ROOT;11009;13;11005;17;;;11016;17;11019;26;;;11012.5;0.0
yf_MKC_d13;33800;ASH_COATED_OSMIUM;9896;22;9893;26;;;9902;17;9904;12;;;9899.0;0.0
yf_MKC_d13;33800;INTARIAN_PEPPER_ROOT;11009;9;11006;21;;;11015;8;11017;22;;;11012.0;0.0
yf_MKC_d13;33900;ASH_COATED_OSMIUM;9891;19;9889;11;;;9909;9;9912;16;;;9900.0;0.0
yf_MKC_d13;33900;INTARIAN_PEPPER_ROOT;11008;10;11006;8;;;11014;17;11018;15;;;11011.0;0.0
yf_MKC_d13;34000;ASH_COATED_OSMIUM;9892;15;9890;19;;;9906;12;9910;13;;;9899.0;0.0
yf_MKC_d13;34000;INTARIAN_PEPPER_ROOT;11010;15;11007;24;;;11016;26;11020;17;;;11013.0;0.0
yf_MKC_d13;34100;ASH_COATED_OSMIUM;9895;9;9893;21;;;9903;6;9905;12;;;9899.0;0.0
yf_MKC_d13;34100;INTARIAN_PEPPER_ROOT;11012;5;11009;8;;;11018;13;11020;16;;;11015.0;0.0
yf_MKC_d13;34200;ASH_COATED_OSMIUM;9896;19;9893;14;;;9902;13;9905;21;;;9899.0;0.0
yf_MKC_d13;34200;INTARIAN_PEPPER_ROOT;11014;13;11012;24;;;11020;14;11023;19;;;11017.0;0.0
yf_MKC_d13;34300;ASH_COATED_OSMIUM;9895;24;9892;20;;;9903;19;9906;22;;;9899.0;0.0
yf_MKC_d13;34300;INTARIAN_PEPPER_ROOT;11015;8;11011;13;;;11022;7;11025;22;;;11018.5;0.0
yf_MKC_d13;34400;ASH_COATED_OSMIUM;9897;20;9895;13;;;9903;7;9906;21;;;9900.0;0.0
yf_MKC_d13;34400;INTARIAN_PEPPER_ROOT;11010;11;11007;12;;;11032;20;11035;19;;;11021.0;0.0
yf_MKC_d13;34500;ASH_COATED_OSMIUM;9896;8;9894;18;;;9903;6;9905;27;;;9899.5;0.0
yf_MKC_d13;34500;INTARIAN_PEPPER_ROOT;11015;10;11013;18;;;11032;24;11036;18;;;11023.5;0.0
yf_MKC_d13;34600;ASH_COATED_OSMIUM;9897;18;9894;22;;;9903;12;9907;20;;;9900.0;0.0
yf_MKC_d13;34600;INTARIAN_PEPPER_ROOT;11022;6;11019;15;;;11030;16;11032;18;;;11026.0;0.0
yf_MKC_d13;34700;ASH_COATED_OSMIUM;9897;13;9893;24;;;9903;5;9906;21;;;9900.0;0.0
yf_MKC_d13;34700;INTARIAN_PEPPER_ROOT;11024;17;11020;8;;;11030;14;11034;17;;;11027.0;0.0
yf_MKC_d13;34800;ASH_COATED_OSMIUM;9893;19;9889;15;;;9905;14;9908;28;;;9899.0;0.0
yf_MKC_d13;34800;INTARIAN_PEPPER_ROOT;11027;12;11024;17;;;11033;12;11037;22;;;11030.0;0.0
yf_MKC_d13;34900;ASH_COATED_OSMIUM;9897;12;9895;25;;;9903;15;9907;24;;;9900.0;0.0
yf_MKC_d13;34900;INTARIAN_PEPPER_ROOT;11024;17;11022;22;;;11038;12;11040;19;;;11031.0;0.0
yf_MKC_d13;35000;ASH_COATED_OSMIUM;9897;20;9893;19;;;9903;16;9907;18;;;9900.0;0.0
yf_MKC_d13;35000;INTARIAN_PEPPER_ROOT;11030;7;11026;19;;;11036;16;11040;16;;;11033.0;0.0
yf_MKC_d13;35100;ASH_COATED_OSMIUM;9897;18;9893;21;;;9903;19;9905;15;;;9900.0;0.0
yf_MKC_d13;35100;INTARIAN_PEPPER_ROOT;11033;9;11029;22;;;11039;15;11043;15;;;11036.0;0.0
yf_MKC_d13;35200;ASH_COATED_OSMIUM;9897;13;9893;19;;;9903;20;9905;16;;;9900.0;0.0
yf_MKC_d13;35200;INTARIAN_PEPPER_ROOT;11035;14;11033;13;;;11041;15;11045;26;;;11038.0;0.0
yf_MKC_d13;35300;ASH_COATED_OSMIUM;9896;21;9893;15;;;9903;10;9907;25;;;9899.5;0.0
yf_MKC_d13;35300;INTARIAN_PEPPER_ROOT;11037;12;11034;22;;;11043;25;11045;29;;;11040.0;0.0
yf_MKC_d13;35400;ASH_COATED_OSMIUM;9897;14;9894;12;;;9903;13;9907;20;;;9900.0;0.0
yf_MKC_d13;35400;INTARIAN_PEPPER_ROOT;11038;19;11036;8;;;11045;15;11047;14;;;11041.5;0.0
yf_MKC_d13;35500;ASH_COATED_OSMIUM;9894;14;9891;21;;;9905;12;9909;22;;;9899.5;0.0
yf_MKC_d13;35500;INTARIAN_PEPPER_ROOT;11037;16;11033;18;;;11051;10;11054;16;;;11044.0;0.0
yf_MKC_d13;35600;ASH_COATED_OSMIUM;9897;11;9894;12;;;9903;11;9906;16;;;9900.0;0.0
yf_MKC_d13;35600;INTARIAN_PEPPER_ROOT;11043;10;11041;25;;;11049;5;11051;20;;;11046.0;0.0
yf_MKC_d13;35700;ASH_COATED_OSMIUM;9897;16;9894;15;;;9904;9;9908;13;;;9900.5;0.0
yf_MKC_d13;35700;INTARIAN_PEPPER_ROOT;11042;13;11038;19;;;11054;12;11056;30;;;11048.0;0.0
yf_MKC_d13;35800;ASH_COATED_OSMIUM;9897;18;9894;13;;;9903;22;9907;13;;;9900.0;0.0
yf_MKC_d13;35800;INTARIAN_PEPPER_ROOT;11048;14;11046;26;;;11054;14;11056;15;;;11051.0;0.0
yf_MKC_d13;35900;ASH_COATED_OSMIUM;9897;14;9895;22;;;9903;15;9906;15;;;9900.0;0.0
yf_MKC_d13;35900;INTARIAN_PEPPER_ROOT;11050;8;11046;23;;;11056;23;11059;16;;;11053.0;0.0
yf_MKC_d13;36000;ASH_COATED_OSMIUM;9896;20;9893;24;;;9906;17;9910;21;;;9901.0;0.0
yf_MKC_d13;36000;INTARIAN_PEPPER_ROOT;11052;23;11048;16;;;11058;15;11061;15;;;11055.0;0.0
yf_MKC_d13;36100;ASH_COATED_OSMIUM;9897;13;9894;26;;;9903;18;9906;11;;;9900.0;0.0
yf_MKC_d13;36100;INTARIAN_PEPPER_ROOT;11054;18;11051;16;;;11060;19;11063;22;;;11057.0;0.0
yf_MKC_d13;36200;ASH_COATED_OSMIUM;9898;21;9895;14;;;9904;20;9906;13;;;9901.0;0.0
yf_MKC_d13;36200;INTARIAN_PEPPER_ROOT;11055;14;11053;23;;;11063;10;11066;9;;;11059.0;0.0
yf_MKC_d13;36300;ASH_COATED_OSMIUM;9887;20;9883;17;;;9912;6;9916;19;;;9899.5;0.0
yf_MKC_d13;36300;INTARIAN_PEPPER_ROOT;11057;13;11054;17;;;11063;10;11066;22;;;11060.0;0.0
yf_MKC_d13;36400;ASH_COATED_OSMIUM;9895;14;9892;15;;;9904;16;9906;16;;;9899.5;0.0
yf_MKC_d13;36400;INTARIAN_PEPPER_ROOT;11055;8;11051;16;;;11071;13;11075;21;;;11063.0;0.0
yf_MKC_d13;36500;ASH_COATED_OSMIUM;9897;14;9893;16;;;9903;12;9906;25;;;9900.0;0.0
yf_MKC_d13;36500;INTARIAN_PEPPER_ROOT;11054;19;11051;19;;;11076;16;11079;18;;;11065.0;0.0
yf_MKC_d13;36600;ASH_COATED_OSMIUM;9897;16;9893;22;;;9903;11;9905;23;;;9900.0;0.0
yf_MKC_d13;36600;INTARIAN_PEPPER_ROOT;11063;21;11059;13;;;11071;6;11075;31;;;11067.0;0.0
yf_MKC_d13;36700;ASH_COATED_OSMIUM;9897;17;9895;19;;;9904;18;9908;24;;;9900.5;0.0
yf_MKC_d13;36700;INTARIAN_PEPPER_ROOT;11066;19;11064;14;;;11072;16;11075;21;;;11069.0;0.0
yf_MKC_d13;36800;ASH_COATED_OSMIUM;9898;13;9894;19;;;9904;16;9908;19;;;9901.0;0.0
yf_MKC_d13;36800;INTARIAN_PEPPER_ROOT;11060;11;11057;15;;;11082;11;11085;17;;;11071.0;0.0
yf_MKC_d13;36900;ASH_COATED_OSMIUM;9898;13;9895;14;;;9904;13;9908;24;;;9901.0;0.0
yf_MKC_d13;36900;INTARIAN_PEPPER_ROOT;11070;11;11067;20;;;11076;17;11079;15;;;11073.0;0.0
yf_MKC_d13;37000;ASH_COATED_OSMIUM;9896;21;9893;28;;;9904;14;9908;25;;;9900.0;0.0
yf_MKC_d13;37000;INTARIAN_PEPPER_ROOT;11072;12;11069;22;;;11078;14;11082;21;;;11075.0;0.0
yf_MKC_d13;37100;ASH_COATED_OSMIUM;9898;23;9895;20;;;9904;8;9907;19;;;9901.0;0.0
yf_MKC_d13;37100;INTARIAN_PEPPER_ROOT;11072;14;11070;25;;;11083;12;11085;29;;;11077.5;0.0
yf_MKC_d13;37200;ASH_COATED_OSMIUM;9894;16;9891;22;;;9908;14;9912;22;;;9901.0;0.0
yf_MKC_d13;37200;INTARIAN_PEPPER_ROOT;11077;25;11073;12;;;11083;12;11085;30;;;11080.0;0.0
yf_MKC_d13;37300;ASH_COATED_OSMIUM;9897;6;9895;24;;;9903;8;9906;21;;;9900.0;0.0
yf_MKC_d13;37300;INTARIAN_PEPPER_ROOT;11078;5;11075;25;;;11085;10;11088;8;;;11081.5;0.0
yf_MKC_d13;37400;ASH_COATED_OSMIUM;9895;15;9892;19;;;9905;18;9909;20;;;9900.0;0.0
yf_MKC_d13;37400;INTARIAN_PEPPER_ROOT;11081;21;11079;20;;;11087;16;11090;22;;;11084.0;0.0
yf_MKC_d13;37500;ASH_COATED_OSMIUM;9897;13;9895;19;;;9903;9;9905;19;;;9900.0;0.0
yf_MKC_d13;37500;INTARIAN_PEPPER_ROOT;11082;16;11080;17;;;11088;16;11092;23;;;11085.0;0.0
yf_MKC_d13;37600;ASH_COATED_OSMIUM;9898;20;9894;23;;;9904;19;9906;17;;;9901.0;0.0
yf_MKC_d13;37600;INTARIAN_PEPPER_ROOT;11083;10;11081;8;;;11091;25;11094;23;;;11087.0;0.0
yf_MKC_d13;37700;ASH_COATED_OSMIUM;9896;13;9892;19;;;9904;17;9908;21;;;9900.0;0.0
yf_MKC_d13;37700;INTARIAN_PEPPER_ROOT;11087;16;11085;19;;;11093;13;11095;15;;;11090.0;0.0
yf_MKC_d13;37800;ASH_COATED_OSMIUM;9898;12;9896;13;;;9904;13;9908;23;;;9901.0;0.0
yf_MKC_d13;37800;INTARIAN_PEPPER_ROOT;11089;15;11087;10;;;11095;14;11099;11;;;11092.0;0.0
yf_MKC_d13;37900;ASH_COATED_OSMIUM;9884;14;9881;16;;;9917;9;9921;16;;;9900.5;0.0
yf_MKC_d13;37900;INTARIAN_PEPPER_ROOT;11091;14;11088;13;;;11097;12;11100;16;;;11094.0;0.0
yf_MKC_d13;38000;ASH_COATED_OSMIUM;9898;10;9894;10;;;9904;12;9907;20;;;9901.0;0.0
yf_MKC_d13;38000;INTARIAN_PEPPER_ROOT;11093;18;11090;21;;;11099;18;11101;23;;;11096.0;0.0
yf_MKC_d13;38100;ASH_COATED_OSMIUM;9886;11;9883;29;;;9915;13;9919;18;;;9900.5;0.0
yf_MKC_d13;38100;INTARIAN_PEPPER_ROOT;11096;15;11094;29;;;11102;6;11104;17;;;11099.0;0.0
yf_MKC_d13;38200;ASH_COATED_OSMIUM;9897;9;9894;24;;;9904;16;9906;18;;;9900.5;0.0
yf_MKC_d13;38200;INTARIAN_PEPPER_ROOT;11093;19;11090;10;;;11108;15;11112;17;;;11100.5;0.0
yf_MKC_d13;38300;ASH_COATED_OSMIUM;9898;14;9896;20;;;9904;9;9907;19;;;9901.0;0.0
yf_MKC_d13;38300;INTARIAN_PEPPER_ROOT;11098;24;11094;19;;;11107;10;11111;23;;;11102.5;0.0
yf_MKC_d13;38400;ASH_COATED_OSMIUM;9893;18;9889;16;;;9910;8;9913;20;;;9901.5;0.0
yf_MKC_d13;38400;INTARIAN_PEPPER_ROOT;11102;8;11099;16;;;11108;8;11112;12;;;11105.0;0.0
yf_MKC_d13;38500;ASH_COATED_OSMIUM;9898;16;9894;8;;;9904;13;9908;29;;;9901.0;0.0
yf_MKC_d13;38500;INTARIAN_PEPPER_ROOT;11104;5;11100;26;;;11110;29;11114;13;;;11107.0;0.0
yf_MKC_d13;38600;ASH_COATED_OSMIUM;9898;20;9894;16;;;9904;18;9906;21;;;9901.0;0.0
yf_MKC_d13;38600;INTARIAN_PEPPER_ROOT;11102;13;11099;24;;;11116;15;11118;15;;;11109.0;0.0
yf_MKC_d13;38700;ASH_COATED_OSMIUM;9896;19;9894;19;;;9905;17;9908;18;;;9900.5;0.0
yf_MKC_d13;38700;INTARIAN_PEPPER_ROOT;11099;14;11096;28;;;11121;20;11124;25;;;11110.0;0.0
yf_MKC_d13;38800;ASH_COATED_OSMIUM;9896;18;9894;25;;;9907;21;9910;19;;;9901.5;0.0
yf_MKC_d13;38800;INTARIAN_PEPPER_ROOT;11107;17;11105;26;;;11119;17;11123;27;;;11113.0;0.0
yf_MKC_d13;38900;ASH_COATED_OSMIUM;9898;6;9895;24;;;9904;14;9907;14;;;9901.0;0.0
yf_MKC_d13;38900;INTARIAN_PEPPER_ROOT;11112;11;11110;24;;;11118;12;11120;26;;;11115.0;0.0
yf_MKC_d13;39000;ASH_COATED_OSMIUM;9897;16;9894;18;;;9904;15;9906;13;;;9900.5;0.0
yf_MKC_d13;39000;INTARIAN_PEPPER_ROOT;11113;8;11109;11;;;11120;13;11124;8;;;11116.5;0.0
yf_MKC_d13;39100;ASH_COATED_OSMIUM;9898;14;9894;18;;;9905;28;9909;23;;;9901.5;0.0
yf_MKC_d13;39100;INTARIAN_PEPPER_ROOT;11115;15;11112;13;;;11122;13;11126;8;;;11118.5;0.0
yf_MKC_d13;39200;ASH_COATED_OSMIUM;9898;18;9894;12;;;9904;7;9908;23;;;9901.0;0.0
yf_MKC_d13;39200;INTARIAN_PEPPER_ROOT;11114;14;11111;24;;;11130;23;11133;22;;;11122.0;0.0
yf_MKC_d13;39300;ASH_COATED_OSMIUM;9898;10;9894;33;;;9904;15;9908;16;;;9901.0;0.0
yf_MKC_d13;39300;INTARIAN_PEPPER_ROOT;11118;16;11115;22;;;11128;10;11131;16;;;11123.0;0.0
yf_MKC_d13;39400;ASH_COATED_OSMIUM;9893;16;9890;26;;;9908;9;9910;20;;;9900.5;0.0
yf_MKC_d13;39400;INTARIAN_PEPPER_ROOT;11122;14;11119;22;;;11128;14;11132;20;;;11125.0;0.0
yf_MKC_d13;39500;ASH_COATED_OSMIUM;9898;16;9895;16;;;9904;15;9906;19;;;9901.0;0.0
yf_MKC_d13;39500;INTARIAN_PEPPER_ROOT;11117;12;11113;14;;;11138;15;11142;12;;;11127.5;0.0
yf_MKC_d13;39600;ASH_COATED_OSMIUM;9898;6;9896;26;;;9904;13;9907;23;;;9901.0;0.0
yf_MKC_d13;39600;INTARIAN_PEPPER_ROOT;11127;5;11123;17;;;11134;18;11138;26;;;11130.5;0.0
yf_MKC_d13;39700;ASH_COATED_OSMIUM;9896;16;9894;13;;;9905;10;9909;16;;;9900.5;0.0
yf_MKC_d13;39700;INTARIAN_PEPPER_ROOT;11126;14;11122;21;;;11138;16;11142;18;;;11132.0;0.0
yf_MKC_d13;39800;ASH_COATED_OSMIUM;9898;6;9894;29;;;9904;10;9906;21;;;9901.0;0.0
yf_MKC_d13;39800;INTARIAN_PEPPER_ROOT;11115;16;11112;21;;;11152;23;11155;16;;;11133.5;0.0
yf_MKC_d13;39900;ASH_COATED_OSMIUM;9898;20;9894;21;;;9904;16;9908;31;;;9901.0;0.0
yf_MKC_d13;39900;INTARIAN_PEPPER_ROOT;11133;12;11130;15;;;11139;8;11141;25;;;11136.0;0.0
yf_MKC_d13;40000;ASH_COATED_OSMIUM;9898;10;9894;24;;;9904;5;9907;28;;;9901.0;0.0
yf_MKC_d13;40000;INTARIAN_PEPPER_ROOT;11135;8;11131;22;;;11141;18;11143;22;;;11138.0;0.0
yf_MKC_d13;40100;ASH_COATED_OSMIUM;9885;6;9883;24;;;9916;9;9919;12;;;9900.5;0.0
yf_MKC_d13;40100;INTARIAN_PEPPER_ROOT;11137;13;11134;22;;;11143;10;11147;26;;;11140.0;0.0
yf_MKC_d13;40200;ASH_COATED_OSMIUM;9898;11;9896;24;;;9904;17;9908;28;;;9901.0;0.0
yf_MKC_d13;40200;INTARIAN_PEPPER_ROOT;11139;16;11136;17;;;11145;15;11149;20;;;11142.0;0.0
yf_MKC_d13;40300;ASH_COATED_OSMIUM;9888;10;9886;21;;;9915;7;9917;24;;;9901.5;0.0
yf_MKC_d13;40300;INTARIAN_PEPPER_ROOT;11141;13;11137;20;;;11147;16;11150;29;;;11144.0;0.0
yf_MKC_d13;40400;ASH_COATED_OSMIUM;9899;9;9897;14;;;9905;9;9909;16;;;9902.0;0.0
yf_MKC_d13;40400;INTARIAN_PEPPER_ROOT;11143;13;11139;18;;;11149;10;11153;16;;;11146.0;0.0
yf_MKC_d13;40500;ASH_COATED_OSMIUM;9898;12;9894;22;;;9904;5;9906;26;;;9901.0;0.0
yf_MKC_d13;40500;INTARIAN_PEPPER_ROOT;11142;8;11138;22;;;11154;19;11157;26;;;11148.0;0.0
yf_MKC_d13;40600;ASH_COATED_OSMIUM;9898;13;9896;14;;;9904;8;9907;23;;;9901.0;0.0
yf_MKC_d13;40600;INTARIAN_PEPPER_ROOT;11144;14;11140;17;;;11157;13;11159;13;;;11150.5;0.0
yf_MKC_d13;40700;ASH_COATED_OSMIUM;9898;24;9896;17;;;9904;14;9906;15;;;9901.0;0.0
yf_MKC_d13;40700;INTARIAN_PEPPER_ROOT;11142;13;11140;24;;;11163;16;11165;14;;;11152.5;0.0
yf_MKC_d13;40800;ASH_COATED_OSMIUM;9890;9;9887;18;;;9913;10;9916;20;;;9901.5;0.0
yf_MKC_d13;40800;INTARIAN_PEPPER_ROOT;11151;5;11148;16;;;11157;20;11160;29;;;11154.0;0.0
yf_MKC_d13;40900;ASH_COATED_OSMIUM;9898;12;9894;15;;;9904;12;9907;23;;;9901.0;0.0
yf_MKC_d13;40900;INTARIAN_PEPPER_ROOT;11154;12;11152;25;;;11160;5;11162;27;;;11157.0;0.0
yf_MKC_d13;41000;ASH_COATED_OSMIUM;9898;8;9895;23;;;9904;14;9907;16;;;9901.0;0.0
yf_MKC_d13;41000;INTARIAN_PEPPER_ROOT;11156;24;11152;8;;;11162;10;11164;11;;;11159.0;0.0
yf_MKC_d13;41100;ASH_COATED_OSMIUM;9898;19;9896;24;;;9905;14;9907;17;;;9901.5;0.0
yf_MKC_d13;41100;INTARIAN_PEPPER_ROOT;11155;20;11151;31;;;11167;8;11170;23;;;11161.0;0.0
yf_MKC_d13;41200;ASH_COATED_OSMIUM;9892;13;9890;23;;;9910;16;9914;25;;;9901.0;0.0
yf_MKC_d13;41200;INTARIAN_PEPPER_ROOT;11160;15;11156;23;;;11166;16;11170;34;;;11163.0;0.0
yf_MKC_d13;41300;ASH_COATED_OSMIUM;9891;9;9888;27;;;9912;20;9915;11;;;9901.5;0.0
yf_MKC_d13;41300;INTARIAN_PEPPER_ROOT;11163;11;11159;21;;;11169;7;11172;20;;;11166.0;0.0
yf_MKC_d13;41400;ASH_COATED_OSMIUM;9898;14;9896;23;;;9904;16;9906;17;;;9901.0;0.0
yf_MKC_d13;41400;INTARIAN_PEPPER_ROOT;11164;12;11162;13;;;11170;9;11172;8;;;11167.0;0.0
yf_MKC_d13;41500;ASH_COATED_OSMIUM;9891;16;9889;16;;;9913;16;9917;26;;;9902.0;0.0
yf_MKC_d13;41500;INTARIAN_PEPPER_ROOT;11151;11;11149;29;;;11187;9;11191;29;;;11169.0;0.0
yf_MKC_d13;41600;ASH_COATED_OSMIUM;9899;8;9897;19;;;9905;11;9909;21;;;9902.0;0.0
yf_MKC_d13;41600;INTARIAN_PEPPER_ROOT;11167;13;11165;21;;;11176;10;11180;23;;;11171.5;0.0
yf_MKC_d13;41700;ASH_COATED_OSMIUM;9897;11;9895;22;;;9906;13;9909;19;;;9901.5;0.0
yf_MKC_d13;41700;INTARIAN_PEPPER_ROOT;11170;13;11166;23;;;11176;15;11179;28;;;11173.0;0.0
yf_MKC_d13;41800;ASH_COATED_OSMIUM;9890;17;9886;8;;;9915;20;9918;31;;;9902.5;0.0
yf_MKC_d13;41800;INTARIAN_PEPPER_ROOT;11173;12;11171;27;;;11179;13;11182;24;;;11176.0;0.0
yf_MKC_d13;41900;ASH_COATED_OSMIUM;9897;11;9893;21;;;9906;7;9909;19;;;9901.5;0.0
yf_MKC_d13;41900;INTARIAN_PEPPER_ROOT;11174;15;11172;24;;;11180;19;11184;19;;;11177.0;0.0
yf_MKC_d13;42000;ASH_COATED_OSMIUM;9898;12;9896;23;;;9904;10;9907;18;;;9901.0;0.0
yf_MKC_d13;42000;INTARIAN_PEPPER_ROOT;11177;25;11175;12;;;11183;16;11187;23;;;11180.0;0.0
yf_MKC_d13;42100;ASH_COATED_OSMIUM;9899;17;9895;18;;;9905;26;9909;12;;;9902.0;0.0
yf_MKC_d13;42100;INTARIAN_PEPPER_ROOT;11179;11;11175;31;;;11185;16;11189;18;;;11182.0;0.0
yf_MKC_d13;42200;ASH_COATED_OSMIUM;9893;14;9890;18;;;9911;15;9914;25;;;9902.0;0.0
yf_MKC_d13;42200;INTARIAN_PEPPER_ROOT;11180;22;11177;27;;;11186;7;11190;17;;;11183.0;0.0
yf_MKC_d13;42300;ASH_COATED_OSMIUM;9897;15;9895;24;;;9908;15;9912;15;;;9902.5;0.0
yf_MKC_d13;42300;INTARIAN_PEPPER_ROOT;11177;17;11174;19;;;11195;5;11199;21;;;11186.0;0.0
yf_MKC_d13;42400;ASH_COATED_OSMIUM;9896;13;9894;15;;;9907;18;9910;12;;;9901.5;0.0
yf_MKC_d13;42400;INTARIAN_PEPPER_ROOT;11185;14;11183;17;;;11192;21;11196;16;;;11188.5;0.0
yf_MKC_d13;42500;ASH_COATED_OSMIUM;9899;24;9897;18;;;9905;10;9908;16;;;9902.0;0.0
yf_MKC_d13;42500;INTARIAN_PEPPER_ROOT;11187;18;11185;22;;;11193;11;11197;9;;;11190.0;0.0
yf_MKC_d13;42600;ASH_COATED_OSMIUM;9899;10;9895;21;;;9905;7;9908;22;;;9902.0;0.0
yf_MKC_d13;42600;INTARIAN_PEPPER_ROOT;11189;13;11186;20;;;11195;10;11199;17;;;11192.0;0.0
yf_MKC_d13;42700;ASH_COATED_OSMIUM;9899;5;9897;18;;;9905;16;9909;27;;;9902.0;0.0
yf_MKC_d13;42700;INTARIAN_PEPPER_ROOT;11192;13;11188;22;;;11198;14;11202;16;;;11195.0;0.0
yf_MKC_d13;42800;ASH_COATED_OSMIUM;9899;11;9897;13;;;9905;14;9908;22;;;9902.0;0.0
yf_MKC_d13;42800;INTARIAN_PEPPER_ROOT;11193;22;11189;11;;;11199;12;11201;22;;;11196.0;0.0
yf_MKC_d13;42900;ASH_COATED_OSMIUM;9897;13;9893;13;;;9907;11;9910;21;;;9902.0;0.0
yf_MKC_d13;42900;INTARIAN_PEPPER_ROOT;11195;15;11193;20;;;11201;14;11203;16;;;11198.0;0.0
yf_MKC_d13;43000;ASH_COATED_OSMIUM;9899;14;9895;26;;;9906;24;9908;19;;;9902.5;0.0
yf_MKC_d13;43000;INTARIAN_PEPPER_ROOT;11197;13;11195;8;;;11203;17;11206;21;;;11200.0;0.0
yf_MKC_d13;43100;ASH_COATED_OSMIUM;9899;17;9896;19;;;9905;13;9909;14;;;9902.0;0.0
yf_MKC_d13;43100;INTARIAN_PEPPER_ROOT;11199;14;11197;16;;;11205;19;11208;19;;;11202.0;0.0
yf_MKC_d13;43200;ASH_COATED_OSMIUM;9898;10;9896;15;;;9907;7;9909;19;;;9902.5;0.0
yf_MKC_d13;43200;INTARIAN_PEPPER_ROOT;11201;17;11199;23;;;11207;12;11211;19;;;11204.0;0.0
yf_MKC_d13;43300;ASH_COATED_OSMIUM;9899;18;9897;25;;;9905;13;9909;11;;;9902.0;0.0
yf_MKC_d13;43300;INTARIAN_PEPPER_ROOT;11193;9;11189;19;;;11221;12;11224;21;;;11207.0;0.0
yf_MKC_d13;43400;ASH_COATED_OSMIUM;9899;17;9895;25;;;9905;14;9909;20;;;9902.0;0.0
yf_MKC_d13;43400;INTARIAN_PEPPER_ROOT;11206;5;11204;15;;;11212;16;11216;29;;;11209.0;0.0
yf_MKC_d13;43500;ASH_COATED_OSMIUM;9899;12;9895;13;;;9905;11;9907;16;;;9902.0;0.0
yf_MKC_d13;43500;INTARIAN_PEPPER_ROOT;11199;12;11196;14;;;11222;14;11224;13;;;11210.5;0.0
yf_MKC_d13;43600;ASH_COATED_OSMIUM;9898;19;9894;21;;;9906;12;9908;24;;;9902.0;0.0
yf_MKC_d13;43600;INTARIAN_PEPPER_ROOT;11210;11;11206;17;;;11216;14;11218;22;;;11213.0;0.0
yf_MKC_d13;43700;ASH_COATED_OSMIUM;9899;24;9895;15;;;9905;17;9907;22;;;9902.0;0.0
yf_MKC_d13;43700;INTARIAN_PEPPER_ROOT;11212;12;11208;10;;;11218;16;11221;14;;;11215.0;0.0
yf_MKC_d13;43800;ASH_COATED_OSMIUM;9899;8;9897;27;;;9905;6;9909;23;;;9902.0;0.0
yf_MKC_d13;43800;INTARIAN_PEPPER_ROOT;11214;16;11210;15;;;11220;20;11223;20;;;11217.0;0.0
yf_MKC_d13;43900;ASH_COATED_OSMIUM;9900;17;9898;28;;;9906;21;9908;17;;;9903.0;0.0
yf_MKC_d13;43900;INTARIAN_PEPPER_ROOT;11216;8;11213;14;;;11222;20;11226;28;;;11219.0;0.0
yf_MKC_d13;44000;ASH_COATED_OSMIUM;9897;16;9895;20;;;9907;15;9909;22;;;9902.0;0.0
yf_MKC_d13;44000;INTARIAN_PEPPER_ROOT;11218;14;11214;29;;;11224;22;11227;24;;;11221.0;0.0
yf_MKC_d13;44100;ASH_COATED_OSMIUM;9900;23;9897;23;;;9906;15;9908;21;;;9903.0;0.0
yf_MKC_d13;44100;INTARIAN_PEPPER_ROOT;11220;13;11217;27;;;11226;18;11229;16;;;11223.0;0.0
yf_MKC_d13;44200;ASH_COATED_OSMIUM;9899;15;9897;14;;;9905;7;9909;22;;;9902.0;0.0
yf_MKC_d13;44200;INTARIAN_PEPPER_ROOT;11222;25;11218;13;;;11228;18;11232;24;;;11225.0;0.0
yf_MKC_d13;44300;ASH_COATED_OSMIUM;9899;10;9896;22;;;9905;8;9907;21;;;9902.0;0.0
yf_MKC_d13;44300;INTARIAN_PEPPER_ROOT;11225;19;11223;21;;;11231;22;11234;17;;;11228.0;0.0
yf_MKC_d13;44400;ASH_COATED_OSMIUM;9899;23;9896;21;;;9906;25;9908;16;;;9902.5;0.0
yf_MKC_d13;44400;INTARIAN_PEPPER_ROOT;11226;16;11224;18;;;11232;10;11235;26;;;11229.0;0.0
yf_MKC_d13;44500;ASH_COATED_OSMIUM;9899;20;9895;19;;;9905;5;9907;21;;;9902.0;0.0
yf_MKC_d13;44500;INTARIAN_PEPPER_ROOT;11229;6;11227;13;;;11235;18;11237;16;;;11232.0;0.0
yf_MKC_d13;44600;ASH_COATED_OSMIUM;9900;14;9898;19;;;9906;16;9910;16;;;9903.0;0.0
yf_MKC_d13;44600;INTARIAN_PEPPER_ROOT;11231;17;11227;18;;;11237;13;11240;26;;;11234.0;0.0
yf_MKC_d13;44700;ASH_COATED_OSMIUM;9898;25;9896;25;;;9907;11;9911;13;;;9902.5;0.0
yf_MKC_d13;44700;INTARIAN_PEPPER_ROOT;11230;13;11228;13;;;11242;6;11246;27;;;11236.0;0.0
yf_MKC_d13;44800;ASH_COATED_OSMIUM;9900;18;9898;14;;;9906;24;9910;18;;;9903.0;0.0
yf_MKC_d13;44800;INTARIAN_PEPPER_ROOT;11230;16;11228;21;;;11246;18;11248;23;;;11238.0;0.0
yf_MKC_d13;44900;ASH_COATED_OSMIUM;9899;18;9896;27;;;9905;14;9907;18;;;9902.0;0.0
yf_MKC_d13;44900;INTARIAN_PEPPER_ROOT;11237;8;11235;18;;;11243;14;11247;22;;;11240.0;0.0
yf_MKC_d13;45000;ASH_COATED_OSMIUM;9898;16;9895;21;;;9908;14;9910;17;;;9903.0;0.0
yf_MKC_d13;45000;INTARIAN_PEPPER_ROOT;11239;20;11235;27;;;11245;18;11248;12;;;11242.0;0.0
yf_MKC_d13;45100;ASH_COATED_OSMIUM;9899;14;9896;19;;;9906;11;9908;22;;;9902.5;0.0
yf_MKC_d13;45100;INTARIAN_PEPPER_ROOT;11241;18;11237;19;;;11247;8;11249;24;;;11244.0;0.0
yf_MKC_d13;45200;ASH_COATED_OSMIUM;9900;16;9898;19;;;9906;22;9909;20;;;9903.0;0.0
yf_MKC_d13;45200;INTARIAN_PEPPER_ROOT;11243;15;11239;24;;;11249;14;11252;21;;;11246.0;0.0
yf_MKC_d13;45300;ASH_COATED_OSMIUM;9899;19;9896;28;;;9905;16;9909;24;;;9902.0;0.0
yf_MKC_d13;45300;INTARIAN_PEPPER_ROOT;11246;11;11244;26;;;11252;21;11254;13;;;11249.0;0.0
yf_MKC_d13;45400;ASH_COATED_OSMIUM;9900;17;9898;11;;;9906;12;9908;19;;;9903.0;0.0
yf_MKC_d13;45400;INTARIAN_PEPPER_ROOT;11248;14;11246;15;;;11254;13;11257;15;;;11251.0;0.0
yf_MKC_d13;45500;ASH_COATED_OSMIUM;9899;15;9896;29;;;9906;5;9910;18;;;9902.5;0.0
yf_MKC_d13;45500;INTARIAN_PEPPER_ROOT;11250;19;11248;24;;;11256;11;11258;22;;;11253.0;0.0
yf_MKC_d13;45600;ASH_COATED_OSMIUM;9900;17;9896;18;;;9906;12;9908;17;;;9903.0;0.0
yf_MKC_d13;45600;INTARIAN_PEPPER_ROOT;11252;8;11249;22;;;11258;5;11262;24;;;11255.0;0.0
yf_MKC_d13;45700;ASH_COATED_OSMIUM;9898;5;9894;19;;;9909;18;9911;18;;;9903.5;0.0
yf_MKC_d13;45700;INTARIAN_PEPPER_ROOT;11253;14;11250;20;;;11262;13;11266;17;;;11257.5;0.0
yf_MKC_d13;45800;ASH_COATED_OSMIUM;9897;19;9894;16;;;9908;10;9910;18;;;9902.5;0.0
yf_MKC_d13;45800;INTARIAN_PEPPER_ROOT;11254;13;11251;28;;;11262;19;11264;21;;;11258.0;0.0
yf_MKC_d13;45900;ASH_COATED_OSMIUM;9900;8;9897;22;;;9906;8;9910;21;;;9903.0;0.0
yf_MKC_d13;45900;INTARIAN_PEPPER_ROOT;11257;10;11255;16;;;11263;16;11265;18;;;11260.0;0.0
yf_MKC_d13;46000;ASH_COATED_OSMIUM;9899;5;9895;33;;;9906;19;9910;21;;;9902.5;0.0
yf_MKC_d13;46000;INTARIAN_PEPPER_ROOT;11259;22;11257;16;;;11267;16;11270;19;;;11263.0;0.0
yf_MKC_d13;46100;ASH_COATED_OSMIUM;9890;7;9886;16;;;9917;7;9921;15;;;9903.5;0.0
yf_MKC_d13;46100;INTARIAN_PEPPER_ROOT;11262;11;11258;21;;;11268;13;11270;22;;;11265.0;0.0
yf_MKC_d13;46200;ASH_COATED_OSMIUM;9900;22;9898;22;;;9906;14;9910;24;;;9903.0;0.0
yf_MKC_d13;46200;INTARIAN_PEPPER_ROOT;11256;15;11254;20;;;11279;20;11282;24;;;11267.5;0.0
yf_MKC_d13;46300;ASH_COATED_OSMIUM;9900;18;9897;13;;;9906;10;9909;22;;;9903.0;0.0
yf_MKC_d13;46300;INTARIAN_PEPPER_ROOT;11266;9;11262;20;;;11272;10;11276;31;;;11269.0;0.0
yf_MKC_d13;46400;ASH_COATED_OSMIUM;9900;13;9896;20;;;9906;16;9910;21;;;9903.0;0.0
yf_MKC_d13;46400;INTARIAN_PEPPER_ROOT;11269;9;11266;18;;;11275;9;11277;19;;;11272.0;0.0
yf_MKC_d13;46500;ASH_COATED_OSMIUM;9901;15;9897;8;;;9907;19;9911;18;;;9904.0;0.0
yf_MKC_d13;46500;INTARIAN_PEPPER_ROOT;11270;12;11268;17;;;11276;17;11278;13;;;11273.0;0.0
yf_MKC_d13;46600;ASH_COATED_OSMIUM;9900;5;9897;23;;;9906;14;9908;19;;;9903.0;0.0
yf_MKC_d13;46600;INTARIAN_PEPPER_ROOT;11272;16;11270;21;;;11278;11;11280;13;;;11275.0;0.0
yf_MKC_d13;46700;ASH_COATED_OSMIUM;9900;7;9896;18;;;9906;17;9909;14;;;9903.0;0.0
yf_MKC_d13;46700;INTARIAN_PEPPER_ROOT;11274;20;11270;20;;;11280;10;11282;23;;;11277.0;0.0
yf_MKC_d13;46800;ASH_COATED_OSMIUM;9899;13;9897;20;;;9907;19;9909;22;;;9903.0;0.0
yf_MKC_d13;46800;INTARIAN_PEPPER_ROOT;11277;20;11274;17;;;11283;17;11287;23;;;11280.0;0.0
yf_MKC_d13;46900;ASH_COATED_OSMIUM;9900;7;9897;14;;;9906;7;9909;9;;;9903.0;0.0
yf_MKC_d13;46900;INTARIAN_PEPPER_ROOT;11278;12;11275;12;;;11285;18;11288;16;;;11281.5;0.0
yf_MKC_d13;47000;ASH_COATED_OSMIUM;9900;24;9898;23;;;9906;13;9908;24;;;9903.0;0.0
yf_MKC_d13;47000;INTARIAN_PEPPER_ROOT;11281;11;11279;14;;;11287;25;11290;18;;;11284.0;0.0
yf_MKC_d13;47100;ASH_COATED_OSMIUM;9900;13;9898;10;;;9906;18;9910;17;;;9903.0;0.0
yf_MKC_d13;47100;INTARIAN_PEPPER_ROOT;11283;15;11281;15;;;11289;13;11291;16;;;11286.0;0.0
yf_MKC_d13;47200;ASH_COATED_OSMIUM;9900;16;9896;23;;;9906;13;9909;17;;;9903.0;0.0
yf_MKC_d13;47200;INTARIAN_PEPPER_ROOT;11286;14;11284;16;;;11292;15;11295;20;;;11289.0;0.0
yf_MKC_d13;47300;ASH_COATED_OSMIUM;9900;18;9896;16;;;9906;5;9909;13;;;9903.0;0.0
yf_MKC_d13;47300;INTARIAN_PEPPER_ROOT;11282;17;11279;25;;;11298;20;11300;11;;;11290.0;0.0
yf_MKC_d13;47400;ASH_COATED_OSMIUM;9889;13;9887;21;;;9918;10;9921;23;;;9903.5;0.0
yf_MKC_d13;47400;INTARIAN_PEPPER_ROOT;11289;11;11287;18;;;11295;11;11298;21;;;11292.0;0.0
yf_MKC_d13;47500;ASH_COATED_OSMIUM;9889;14;9885;20;;;9918;5;9922;17;;;9903.5;0.0
yf_MKC_d13;47500;INTARIAN_PEPPER_ROOT;11291;17;11287;26;;;11297;11;11301;15;;;11294.0;0.0
yf_MKC_d13;47600;ASH_COATED_OSMIUM;9898;8;9894;21;;;9909;12;9912;21;;;9903.5;0.0
yf_MKC_d13;47600;INTARIAN_PEPPER_ROOT;11293;18;11289;18;;;11299;13;11303;25;;;11296.0;0.0
yf_MKC_d13;47700;ASH_COATED_OSMIUM;9898;14;9895;22;;;9910;21;9914;13;;;9904.0;0.0
yf_MKC_d13;47700;INTARIAN_PEPPER_ROOT;11292;12;11289;11;;;11304;9;11306;16;;;11298.0;0.0
yf_MKC_d13;47800;ASH_COATED_OSMIUM;9901;12;9899;20;;;9907;11;9909;22;;;9904.0;0.0
yf_MKC_d13;47800;INTARIAN_PEPPER_ROOT;11298;14;11295;19;;;11304;6;11308;9;;;11301.0;0.0
yf_MKC_d13;47900;ASH_COATED_OSMIUM;9892;18;9890;23;;;9914;7;9918;18;;;9903.0;0.0
yf_MKC_d13;47900;INTARIAN_PEPPER_ROOT;11299;18;11297;19;;;11305;6;11309;22;;;11302.0;0.0
yf_MKC_d13;48000;ASH_COATED_OSMIUM;9899;17;9895;11;;;9909;14;9911;19;;;9904.0;0.0
yf_MKC_d13;48000;INTARIAN_PEPPER_ROOT;11299;14;11296;21;;;11310;16;11312;25;;;11304.5;0.0
yf_MKC_d13;48100;ASH_COATED_OSMIUM;9901;13;9897;16;;;9907;18;9909;19;;;9904.0;0.0
yf_MKC_d13;48100;INTARIAN_PEPPER_ROOT;11304;15;11302;8;;;11310;16;11312;25;;;11307.0;0.0
yf_MKC_d13;48200;ASH_COATED_OSMIUM;9901;13;9897;21;;;9907;21;9909;16;;;9904.0;0.0
yf_MKC_d13;48200;INTARIAN_PEPPER_ROOT;11305;15;11302;26;;;11312;12;11315;25;;;11308.5;0.0
yf_MKC_d13;48300;ASH_COATED_OSMIUM;9900;13;9897;18;;;9906;19;9909;21;;;9903.0;0.0
yf_MKC_d13;48300;INTARIAN_PEPPER_ROOT;11295;21;11291;21;;;11327;17;11330;24;;;11311.0;0.0
yf_MKC_d13;48400;ASH_COATED_OSMIUM;9900;8;9897;13;;;9908;24;9910;25;;;9904.0;0.0
yf_MKC_d13;48400;INTARIAN_PEPPER_ROOT;11309;20;11306;21;;;11315;5;11318;18;;;11312.0;0.0
yf_MKC_d13;48500;ASH_COATED_OSMIUM;9893;16;9889;18;;;9914;16;9917;19;;;9903.5;0.0
yf_MKC_d13;48500;INTARIAN_PEPPER_ROOT;11312;17;11310;23;;;11318;17;11320;12;;;11315.0;0.0
yf_MKC_d13;48600;ASH_COATED_OSMIUM;9897;10;9895;8;;;9909;16;9913;19;;;9903.0;0.0
yf_MKC_d13;48600;INTARIAN_PEPPER_ROOT;11314;20;11312;16;;;11320;15;11323;17;;;11317.0;0.0
yf_MKC_d13;48700;ASH_COATED_OSMIUM;9901;20;9899;12;;;9907;19;9910;8;;;9904.0;0.0
yf_MKC_d13;48700;INTARIAN_PEPPER_ROOT;11316;6;11313;12;;;11323;14;11325;16;;;11319.5;0.0
yf_MKC_d13;48800;ASH_COATED_OSMIUM;9900;22;9897;25;;;9906;13;9909;19;;;9903.0;0.0
yf_MKC_d13;48800;INTARIAN_PEPPER_ROOT;11317;23;11315;15;;;11326;13;11328;22;;;11321.5;0.0
yf_MKC_d13;48900;ASH_COATED_OSMIUM;9879;9;9877;20;;;9927;20;9929;23;;;9903.0;0.0
yf_MKC_d13;48900;INTARIAN_PEPPER_ROOT;11321;7;11317;25;;;11327;13;11331;22;;;11324.0;0.0
yf_MKC_d13;49000;ASH_COATED_OSMIUM;9893;9;9890;13;;;9913;8;9917;23;;;9903.0;0.0
yf_MKC_d13;49000;INTARIAN_PEPPER_ROOT;11322;20;11318;27;;;11328;11;11331;12;;;11325.0;0.0
yf_MKC_d13;49100;ASH_COATED_OSMIUM;9900;16;9897;18;;;9908;18;9910;19;;;9904.0;0.0
yf_MKC_d13;49100;INTARIAN_PEPPER_ROOT;11324;14;11320;24;;;11331;11;11335;29;;;11327.5;0.0
yf_MKC_d13;49200;ASH_COATED_OSMIUM;9889;14;9887;20;;;9918;15;9920;18;;;9903.5;0.0
yf_MKC_d13;49200;INTARIAN_PEPPER_ROOT;11327;18;11324;24;;;11333;18;11336;15;;;11330.0;0.0
yf_MKC_d13;49300;ASH_COATED_OSMIUM;9893;14;9891;19;;;9915;18;9919;21;;;9904.0;0.0
yf_MKC_d13;49300;INTARIAN_PEPPER_ROOT;11325;24;11321;22;;;11341;17;11345;24;;;11333.0;0.0
yf_MKC_d13;49400;ASH_COATED_OSMIUM;9901;12;9899;23;;;9907;15;9911;18;;;9904.0;0.0
yf_MKC_d13;49400;INTARIAN_PEPPER_ROOT;11325;21;11323;28;;;11342;8;11345;20;;;11333.5;0.0
yf_MKC_d13;49500;ASH_COATED_OSMIUM;9899;12;9896;16;;;9910;6;9913;20;;;9904.5;0.0
yf_MKC_d13;49500;INTARIAN_PEPPER_ROOT;11333;21;11331;19;;;11339;16;11343;16;;;11336.0;0.0
yf_MKC_d13;49600;ASH_COATED_OSMIUM;9901;24;9897;14;;;9907;15;9910;17;;;9904.0;0.0
yf_MKC_d13;49600;INTARIAN_PEPPER_ROOT;11335;14;11333;23;;;11341;8;11345;27;;;11338.0;0.0
yf_MKC_d13;49700;ASH_COATED_OSMIUM;9897;10;9895;19;;;9911;13;9913;24;;;9904.0;0.0
yf_MKC_d13;49700;INTARIAN_PEPPER_ROOT;11337;15;11333;19;;;11343;15;11347;18;;;11340.0;0.0
yf_MKC_d13;49800;ASH_COATED_OSMIUM;9902;21;9899;15;;;9908;16;9910;22;;;9905.0;0.0
yf_MKC_d13;49800;INTARIAN_PEPPER_ROOT;11339;21;11336;21;;;11346;19;11349;19;;;11342.5;0.0
yf_MKC_d13;49900;ASH_COATED_OSMIUM;9901;14;9898;14;;;9907;19;9910;18;;;9904.0;0.0
yf_MKC_d13;49900;INTARIAN_PEPPER_ROOT;11341;19;11339;23;;;11347;19;11351;26;;;11344.0;0.0
yf_MKC_d13;50000;ASH_COATED_OSMIUM;9902;5;9899;21;;;9908;5;9911;13;;;9905.0;0.0
yf_MKC_d13;50000;INTARIAN_PEPPER_ROOT;11343;11;11341;21;;;11349;19;11352;9;;;11346.0;0.0
yf_MKC_d13;50100;ASH_COATED_OSMIUM;9901;9;9898;17;;;9907;19;9910;27;;;9904.0;0.0
yf_MKC_d13;50100;INTARIAN_PEPPER_ROOT;11341;8;11337;12;;;11355;16;11359;14;;;11348.0;0.0
yf_MKC_d13;50200;ASH_COATED_OSMIUM;9889;21;9886;29;;;9919;15;9923;18;;;9904.0;0.0
yf_MKC_d13;50200;INTARIAN_PEPPER_ROOT;11347;17;11343;18;;;11353;5;11357;13;;;11350.0;0.0
yf_MKC_d13;50300;ASH_COATED_OSMIUM;9898;15;9895;13;;;9911;14;9915;15;;;9904.5;0.0
yf_MKC_d13;50300;INTARIAN_PEPPER_ROOT;11350;8;11346;17;;;11356;16;11360;23;;;11353.0;0.0
yf_MKC_d13;50400;ASH_COATED_OSMIUM;9901;12;9897;15;;;9907;15;9910;22;;;9904.0;0.0
yf_MKC_d13;50400;INTARIAN_PEPPER_ROOT;11349;17;11346;23;;;11359;15;11363;16;;;11354.0;0.0
yf_MKC_d13;50500;ASH_COATED_OSMIUM;9902;22;9899;14;;;9908;13;9911;22;;;9905.0;0.0
yf_MKC_d13;50500;INTARIAN_PEPPER_ROOT;11354;15;11351;19;;;11360;17;11364;20;;;11357.0;0.0
yf_MKC_d13;50600;ASH_COATED_OSMIUM;9901;16;9899;13;;;9907;14;9910;16;;;9904.0;0.0
yf_MKC_d13;50600;INTARIAN_PEPPER_ROOT;11356;20;11354;26;;;11362;25;11366;20;;;11359.0;0.0
yf_MKC_d13;50700;ASH_COATED_OSMIUM;9901;21;9897;25;;;9907;22;9910;21;;;9904.0;0.0
yf_MKC_d13;50700;INTARIAN_PEPPER_ROOT;11357;12;11355;23;;;11363;12;11367;27;;;11360.0;0.0
yf_MKC_d13;50800;ASH_COATED_OSMIUM;9901;9;9897;28;;;9907;5;9911;28;;;9904.0;0.0
yf_MKC_d13;50800;INTARIAN_PEPPER_ROOT;11361;19;11358;13;;;11367;17;11369;11;;;11364.0;0.0
yf_MKC_d13;50900;ASH_COATED_OSMIUM;9901;12;9897;20;;;9909;7;9913;25;;;9905.0;0.0
yf_MKC_d13;50900;INTARIAN_PEPPER_ROOT;11360;15;11356;26;;;11366;11;11370;21;;;11363.0;0.0
yf_MKC_d13;51000;ASH_COATED_OSMIUM;9894;15;9890;25;;;9916;23;9918;22;;;9905.0;0.0
yf_MKC_d13;51000;INTARIAN_PEPPER_ROOT;11359;20;11355;18;;;11365;16;11369;24;;;11362.0;0.0
yf_MKC_d13;51100;ASH_COATED_OSMIUM;9892;18;9888;16;;;9916;9;9918;13;;;9904.0;0.0
yf_MKC_d13;51100;INTARIAN_PEPPER_ROOT;11358;7;11355;22;;;11364;20;11367;17;;;11361.0;0.0
yf_MKC_d13;51200;ASH_COATED_OSMIUM;9902;7;9900;19;;;9908;16;9912;17;;;9905.0;0.0
yf_MKC_d13;51200;INTARIAN_PEPPER_ROOT;11355;13;11351;18;;;11361;16;11364;29;;;11358.0;0.0
yf_MKC_d13;51300;ASH_COATED_OSMIUM;9877;20;9873;14;;;9932;20;9936;30;;;9904.5;0.0
yf_MKC_d13;51300;INTARIAN_PEPPER_ROOT;11354;9;11352;21;;;11360;17;11362;16;;;11357.0;0.0
yf_MKC_d13;51400;ASH_COATED_OSMIUM;9896;11;9893;21;;;9915;13;9918;17;;;9905.5;0.0
yf_MKC_d13;51400;INTARIAN_PEPPER_ROOT;11353;11;11349;30;;;11359;12;11361;22;;;11356.0;0.0
yf_MKC_d13;51500;ASH_COATED_OSMIUM;9901;18;9899;19;;;9907;10;9909;24;;;9904.0;0.0
yf_MKC_d13;51500;INTARIAN_PEPPER_ROOT;11351;17;11347;15;;;11357;8;11361;13;;;11354.0;0.0
yf_MKC_d13;51600;ASH_COATED_OSMIUM;9901;13;9897;16;;;9907;17;9911;18;;;9904.0;0.0
yf_MKC_d13;51600;INTARIAN_PEPPER_ROOT;11349;15;11345;27;;;11355;16;11359;14;;;11352.0;0.0
yf_MKC_d13;51700;ASH_COATED_OSMIUM;9902;17;9898;12;;;9908;11;9911;22;;;9905.0;0.0
yf_MKC_d13;51700;INTARIAN_PEPPER_ROOT;11348;12;11346;24;;;11354;15;11356;21;;;11351.0;0.0
yf_MKC_d13;51800;ASH_COATED_OSMIUM;9902;17;9900;20;;;9908;15;9912;21;;;9905.0;0.0
yf_MKC_d13;51800;INTARIAN_PEPPER_ROOT;11346;16;11343;18;;;11352;16;11355;25;;;11349.0;0.0
yf_MKC_d13;51900;ASH_COATED_OSMIUM;9901;14;9899;17;;;9907;19;9911;17;;;9904.0;0.0
yf_MKC_d13;51900;INTARIAN_PEPPER_ROOT;11345;11;11342;28;;;11351;10;11354;23;;;11348.0;0.0
yf_MKC_d13;52000;ASH_COATED_OSMIUM;9901;14;9899;18;;;9907;13;9910;10;;;9904.0;0.0
yf_MKC_d13;52000;INTARIAN_PEPPER_ROOT;11335;19;11331;16;;;11357;17;11360;12;;;11346.0;0.0
yf_MKC_d13;52100;ASH_COATED_OSMIUM;9892;10;9889;16;;;9917;18;9920;15;;;9904.5;0.0
yf_MKC_d13;52100;INTARIAN_PEPPER_ROOT;11340;19;11338;23;;;11349;23;11353;15;;;11344.5;0.0
yf_MKC_d13;52200;ASH_COATED_OSMIUM;9895;8;9891;24;;;9912;11;9916;21;;;9903.5;0.0
yf_MKC_d13;52200;INTARIAN_PEPPER_ROOT;11340;11;11336;24;;;11346;5;11349;20;;;11343.0;0.0
yf_MKC_d13;52300;ASH_COATED_OSMIUM;9901;18;9897;23;;;9907;19;9911;19;;;9904.0;0.0
yf_MKC_d13;52300;INTARIAN_PEPPER_ROOT;11332;6;11329;15;;;11352;11;11355;16;;;11342.0;0.0
yf_MKC_d13;52400;ASH_COATED_OSMIUM;9900;11;9896;24;;;9910;11;9913;21;;;9905.0;0.0
yf_MKC_d13;52400;INTARIAN_PEPPER_ROOT;11330;16;11327;26;;;11350;13;11354;22;;;11340.0;0.0
yf_MKC_d13;52500;ASH_COATED_OSMIUM;9900;12;9898;25;;;9909;16;9911;21;;;9904.5;0.0
yf_MKC_d13;52500;INTARIAN_PEPPER_ROOT;11334;12;11332;8;;;11344;14;11347;21;;;11339.0;0.0
yf_MKC_d13;52600;ASH_COATED_OSMIUM;9901;14;9898;12;;;9907;10;9911;17;;;9904.0;0.0
yf_MKC_d13;52600;INTARIAN_PEPPER_ROOT;11333;19;11331;19;;;11340;23;11343;29;;;11336.5;0.0
yf_MKC_d13;52700;ASH_COATED_OSMIUM;9902;11;9899;18;;;9908;17;9911;19;;;9905.0;0.0
yf_MKC_d13;52700;INTARIAN_PEPPER_ROOT;11332;5;11330;12;;;11338;17;11340;24;;;11335.0;0.0
yf_MKC_d13;52800;ASH_COATED_OSMIUM;9899;10;9895;17;;;9909;14;9911;12;;;9904.0;0.0
yf_MKC_d13;52800;INTARIAN_PEPPER_ROOT;11330;8;11327;18;;;11338;11;11340;19;;;11334.0;0.0
yf_MKC_d13;52900;ASH_COATED_OSMIUM;9888;17;9885;18;;;9921;15;9924;20;;;9904.5;0.0
yf_MKC_d13;52900;INTARIAN_PEPPER_ROOT;11329;26;11327;20;;;11335;15;11337;24;;;11332.0;0.0
yf_MKC_d13;53000;ASH_COATED_OSMIUM;9901;14;9898;25;;;9907;13;9910;19;;;9904.0;0.0
yf_MKC_d13;53000;INTARIAN_PEPPER_ROOT;11328;13;11325;21;;;11334;22;11337;32;;;11331.0;0.0
yf_MKC_d13;53100;ASH_COATED_OSMIUM;9898;19;9895;22;;;9912;14;9916;15;;;9905.0;0.0
yf_MKC_d13;53100;INTARIAN_PEPPER_ROOT;11313;8;11311;19;;;11345;7;11347;12;;;11329.0;0.0
yf_MKC_d13;53200;ASH_COATED_OSMIUM;9902;20;9900;22;;;9908;24;9910;18;;;9905.0;0.0
yf_MKC_d13;53200;INTARIAN_PEPPER_ROOT;11325;21;11322;23;;;11331;17;11333;20;;;11328.0;0.0
yf_MKC_d13;53300;ASH_COATED_OSMIUM;9899;16;9897;22;;;9910;20;9914;23;;;9904.5;0.0
yf_MKC_d13;53300;INTARIAN_PEPPER_ROOT;11317;16;11315;27;;;11335;19;11337;18;;;11326.0;0.0
yf_MKC_d13;53400;ASH_COATED_OSMIUM;9899;18;9895;16;;;9909;13;9913;21;;;9904.0;0.0
yf_MKC_d13;53400;INTARIAN_PEPPER_ROOT;11322;16;11319;20;;;11328;17;11331;23;;;11325.0;0.0
yf_MKC_d13;53500;ASH_COATED_OSMIUM;9902;12;9900;23;;;9908;19;9911;18;;;9905.0;0.0
yf_MKC_d13;53500;INTARIAN_PEPPER_ROOT;11318;10;11314;24;;;11327;5;11331;18;;;11322.5;0.0
yf_MKC_d13;53600;ASH_COATED_OSMIUM;9899;14;9896;27;;;9910;27;9913;18;;;9904.5;0.0
yf_MKC_d13;53600;INTARIAN_PEPPER_ROOT;11318;9;11314;21;;;11326;13;11329;25;;;11322.0;0.0
yf_MKC_d13;53700;ASH_COATED_OSMIUM;9901;16;9899;26;;;9907;15;9911;22;;;9904.0;0.0
yf_MKC_d13;53700;INTARIAN_PEPPER_ROOT;11305;15;11302;23;;;11337;21;11341;20;;;11321.0;0.0
yf_MKC_d13;53800;ASH_COATED_OSMIUM;9899;16;9895;27;;;9909;18;9911;17;;;9904.0;0.0
yf_MKC_d13;53800;INTARIAN_PEPPER_ROOT;11315;20;11311;10;;;11322;19;11326;21;;;11318.5;0.0
yf_MKC_d13;53900;ASH_COATED_OSMIUM;9901;23;9897;23;;;9907;17;9911;13;;;9904.0;0.0
yf_MKC_d13;53900;INTARIAN_PEPPER_ROOT;11314;18;11311;16;;;11320;15;11324;12;;;11317.0;0.0
yf_MKC_d13;54000;ASH_COATED_OSMIUM;9901;20;9898;29;;;9907;15;9910;20;;;9904.0;0.0
yf_MKC_d13;54000;INTARIAN_PEPPER_ROOT;11311;17;11308;23;;;11319;18;11322;21;;;11315.0;0.0
yf_MKC_d13;54100;ASH_COATED_OSMIUM;9901;14;9897;15;;;9907;28;9909;23;;;9904.0;0.0
yf_MKC_d13;54100;INTARIAN_PEPPER_ROOT;11307;16;11305;22;;;11319;11;11322;16;;;11313.0;0.0
yf_MKC_d13;54200;ASH_COATED_OSMIUM;9901;18;9899;22;;;9907;13;9911;21;;;9904.0;0.0
yf_MKC_d13;54200;INTARIAN_PEPPER_ROOT;11306;19;11302;25;;;11316;18;11318;21;;;11311.0;0.0
yf_MKC_d13;54300;ASH_COATED_OSMIUM;9898;14;9896;17;;;9909;14;9911;22;;;9903.5;0.0
yf_MKC_d13;54300;INTARIAN_PEPPER_ROOT;11308;8;11306;21;;;11314;10;11318;13;;;11311.0;0.0
yf_MKC_d13;54400;ASH_COATED_OSMIUM;9902;14;9899;18;;;9908;11;9912;22;;;9905.0;0.0
yf_MKC_d13;54400;INTARIAN_PEPPER_ROOT;11297;9;11293;26;;;11322;27;11324;26;;;11309.5;0.0
yf_MKC_d13;54500;ASH_COATED_OSMIUM;9901;13;9899;18;;;9907;15;9910;14;;;9904.0;0.0
yf_MKC_d13;54500;INTARIAN_PEPPER_ROOT;11304;27;11302;12;;;11310;7;11312;16;;;11307.0;0.0
yf_MKC_d13;54600;ASH_COATED_OSMIUM;9901;19;9897;16;;;9907;5;9911;15;;;9904.0;0.0
yf_MKC_d13;54600;INTARIAN_PEPPER_ROOT;11303;14;11300;19;;;11309;22;11312;22;;;11306.0;0.0
yf_MKC_d13;54700;ASH_COATED_OSMIUM;9901;7;9897;10;;;9907;18;9909;19;;;9904.0;0.0
yf_MKC_d13;54700;INTARIAN_PEPPER_ROOT;11301;16;11298;22;;;11307;12;11311;15;;;11304.0;0.0
yf_MKC_d13;54800;ASH_COATED_OSMIUM;9901;17;9899;28;;;9907;13;9910;22;;;9904.0;0.0
yf_MKC_d13;54800;INTARIAN_PEPPER_ROOT;11300;12;11296;20;;;11306;11;11308;21;;;11303.0;0.0
yf_MKC_d13;54900;ASH_COATED_OSMIUM;9901;11;9898;21;;;9907;16;9911;23;;;9904.0;0.0
yf_MKC_d13;54900;INTARIAN_PEPPER_ROOT;11294;13;11292;24;;;11308;21;11312;15;;;11301.0;0.0
yf_MKC_d13;55000;ASH_COATED_OSMIUM;9892;17;9890;20;;;9917;13;9919;18;;;9904.5;0.0
yf_MKC_d13;55000;INTARIAN_PEPPER_ROOT;11297;13;11293;21;;;11303;11;11306;20;;;11300.0;0.0
yf_MKC_d13;55100;ASH_COATED_OSMIUM;9901;21;9897;15;;;9908;17;9912;16;;;9904.5;0.0
yf_MKC_d13;55100;INTARIAN_PEPPER_ROOT;11290;21;11287;14;;;11307;20;11311;10;;;11298.5;0.0
yf_MKC_d13;55200;ASH_COATED_OSMIUM;9899;17;9897;14;;;9910;23;9912;18;;;9904.5;0.0
yf_MKC_d13;55200;INTARIAN_PEPPER_ROOT;11287;13;11283;32;;;11306;13;11308;23;;;11296.5;0.0
yf_MKC_d13;55300;ASH_COATED_OSMIUM;9901;16;9897;19;;;9907;17;9910;19;;;9904.0;0.0
yf_MKC_d13;55300;INTARIAN_PEPPER_ROOT;11292;7;11288;10;;;11298;16;11302;15;;;11295.0;0.0
yf_MKC_d13;55400;ASH_COATED_OSMIUM;9901;9;9898;20;;;9907;11;9910;29;;;9904.0;0.0
yf_MKC_d13;55400;INTARIAN_PEPPER_ROOT;11289;17;11285;28;;;11297;19;11300;25;;;11293.0;0.0
yf_MKC_d13;55500;ASH_COATED_OSMIUM;9901;16;9899;27;;;9907;21;9910;20;;;9904.0;0.0
yf_MKC_d13;55500;INTARIAN_PEPPER_ROOT;11290;13;11288;20;;;11296;14;11299;17;;;11293.0;0.0
yf_MKC_d13;55600;ASH_COATED_OSMIUM;9901;9;9899;22;;;9907;12;9911;15;;;9904.0;0.0
yf_MKC_d13;55600;INTARIAN_PEPPER_ROOT;11288;23;11286;30;;;11294;17;11296;22;;;11291.0;0.0
yf_MKC_d13;55700;ASH_COATED_OSMIUM;9902;16;9900;18;;;9908;22;9911;20;;;9905.0;0.0
yf_MKC_d13;55700;INTARIAN_PEPPER_ROOT;11283;12;11280;24;;;11296;19;11299;17;;;11289.5;0.0
yf_MKC_d13;55800;ASH_COATED_OSMIUM;9899;11;9895;25;;;9909;16;9911;19;;;9904.0;0.0
yf_MKC_d13;55800;INTARIAN_PEPPER_ROOT;11276;18;11274;9;;;11299;19;11302;8;;;11287.5;0.0
yf_MKC_d13;55900;ASH_COATED_OSMIUM;9901;23;9899;24;;;9907;24;9909;26;;;9904.0;0.0
yf_MKC_d13;55900;INTARIAN_PEPPER_ROOT;11283;10;11281;17;;;11289;24;11293;21;;;11286.0;0.0
yf_MKC_d13;56000;ASH_COATED_OSMIUM;9899;17;9896;13;;;9911;5;9914;22;;;9905.0;0.0
yf_MKC_d13;56000;INTARIAN_PEPPER_ROOT;11282;7;11280;11;;;11288;19;11290;16;;;11285.0;0.0
yf_MKC_d13;56100;ASH_COATED_OSMIUM;9901;16;9898;21;;;9907;8;9910;24;;;9904.0;0.0
yf_MKC_d13;56100;INTARIAN_PEPPER_ROOT;11268;6;11265;26;;;11298;14;11300;18;;;11283.0;0.0
yf_MKC_d13;56200;ASH_COATED_OSMIUM;9899;17;9895;8;;;9909;19;9911;17;;;9904.0;0.0
yf_MKC_d13;56200;INTARIAN_PEPPER_ROOT;11279;15;11277;22;;;11285;11;11288;18;;;11282.0;0.0
yf_MKC_d13;56300;ASH_COATED_OSMIUM;9897;18;9893;21;;;9911;11;9915;23;;;9904.0;0.0
yf_MKC_d13;56300;INTARIAN_PEPPER_ROOT;11274;13;11270;15;;;11286;13;11288;16;;;11280.0;0.0
yf_MKC_d13;56400;ASH_COATED_OSMIUM;9893;15;9891;22;;;9917;14;9919;15;;;9905.0;0.0
yf_MKC_d13;56400;INTARIAN_PEPPER_ROOT;11276;20;11274;23;;;11282;12;11285;24;;;11279.0;0.0
yf_MKC_d13;56500;ASH_COATED_OSMIUM;9899;16;9897;23;;;9910;6;9912;25;;;9904.5;0.0
yf_MKC_d13;56500;INTARIAN_PEPPER_ROOT;11274;8;11271;16;;;11280;21;11284;17;;;11277.0;0.0
yf_MKC_d13;56600;ASH_COATED_OSMIUM;9901;5;9897;24;;;9907;14;9910;13;;;9904.0;0.0
yf_MKC_d13;56600;INTARIAN_PEPPER_ROOT;11271;12;11267;25;;;11279;13;11281;23;;;11275.0;0.0
yf_MKC_d13;56700;ASH_COATED_OSMIUM;9901;17;9899;15;;;9907;9;9911;24;;;9904.0;0.0
yf_MKC_d13;56700;INTARIAN_PEPPER_ROOT;11269;13;11267;17;;;11278;9;11282;16;;;11273.5;0.0
yf_MKC_d13;56800;ASH_COATED_OSMIUM;9901;12;9899;18;;;9907;13;9909;25;;;9904.0;0.0
yf_MKC_d13;56800;INTARIAN_PEPPER_ROOT;11270;14;11268;13;;;11276;12;11278;18;;;11273.0;0.0
yf_MKC_d13;56900;ASH_COATED_OSMIUM;9901;14;9897;20;;;9907;17;9909;18;;;9904.0;0.0
yf_MKC_d13;56900;INTARIAN_PEPPER_ROOT;11265;9;11262;19;;;11276;14;11278;22;;;11270.5;0.0
yf_MKC_d13;57000;ASH_COATED_OSMIUM;9901;21;9899;20;;;9907;14;9910;26;;;9904.0;0.0
yf_MKC_d13;57000;INTARIAN_PEPPER_ROOT;11266;11;11263;20;;;11272;17;11276;13;;;11269.0;0.0
yf_MKC_d13;57100;ASH_COATED_OSMIUM;9896;14;9893;23;;;9913;7;9917;20;;;9904.5;0.0
yf_MKC_d13;57100;INTARIAN_PEPPER_ROOT;11265;15;11261;18;;;11271;20;11275;22;;;11268.0;0.0
yf_MKC_d13;57200;ASH_COATED_OSMIUM;9901;13;9899;14;;;9907;13;9909;25;;;9904.0;0.0
yf_MKC_d13;57200;INTARIAN_PEPPER_ROOT;11263;19;11259;20;;;11269;9;11273;20;;;11266.0;0.0
yf_MKC_d13;57300;ASH_COATED_OSMIUM;9901;18;9899;24;;;9907;8;9910;27;;;9904.0;0.0
yf_MKC_d13;57300;INTARIAN_PEPPER_ROOT;11262;11;11259;18;;;11268;10;11270;11;;;11265.0;0.0
yf_MKC_d13;57400;ASH_COATED_OSMIUM;9900;19;9896;19;;;9908;14;9910;22;;;9904.0;0.0
yf_MKC_d13;57400;INTARIAN_PEPPER_ROOT;11258;28;11256;14;;;11268;19;11272;14;;;11263.0;0.0
yf_MKC_d13;57500;ASH_COATED_OSMIUM;9902;19;9900;20;;;9908;10;9910;20;;;9905.0;0.0
yf_MKC_d13;57500;INTARIAN_PEPPER_ROOT;11259;24;11256;9;;;11265;10;11267;20;;;11262.0;0.0
yf_MKC_d13;57600;ASH_COATED_OSMIUM;9900;17;9898;22;;;9908;20;9910;25;;;9904.0;0.0
yf_MKC_d13;57600;INTARIAN_PEPPER_ROOT;11255;18;11253;16;;;11266;8;11270;16;;;11260.5;0.0
yf_MKC_d13;57700;ASH_COATED_OSMIUM;9901;10;9899;18;;;9907;6;9909;13;;;9904.0;0.0
yf_MKC_d13;57700;INTARIAN_PEPPER_ROOT;11256;20;11254;20;;;11262;14;11264;27;;;11259.0;0.0
yf_MKC_d13;57800;ASH_COATED_OSMIUM;9901;14;9898;14;;;9907;9;9911;11;;;9904.0;0.0
yf_MKC_d13;57800;INTARIAN_PEPPER_ROOT;11254;7;11251;24;;;11260;11;11262;12;;;11257.0;0.0
yf_MKC_d13;57900;ASH_COATED_OSMIUM;9893;19;9891;29;;;9917;16;9921;22;;;9905.0;0.0
yf_MKC_d13;57900;INTARIAN_PEPPER_ROOT;11243;14;11241;19;;;11267;17;11270;20;;;11255.0;0.0
yf_MKC_d13;58000;ASH_COATED_OSMIUM;9901;9;9897;16;;;9907;16;9910;23;;;9904.0;0.0
yf_MKC_d13;58000;INTARIAN_PEPPER_ROOT;11251;15;11248;21;;;11257;8;11260;19;;;11254.0;0.0
yf_MKC_d13;58100;ASH_COATED_OSMIUM;9899;16;9897;21;;;9908;19;9912;16;;;9903.5;0.0
yf_MKC_d13;58100;INTARIAN_PEPPER_ROOT;11249;19;11247;17;;;11255;27;11257;16;;;11252.0;0.0
yf_MKC_d13;58200;ASH_COATED_OSMIUM;9894;9;9890;15;;;9913;8;9917;31;;;9903.5;0.0
yf_MKC_d13;58200;INTARIAN_PEPPER_ROOT;11248;17;11246;21;;;11254;7;11256;19;;;11251.0;0.0
yf_MKC_d13;58300;ASH_COATED_OSMIUM;9901;22;9898;16;;;9907;19;9910;29;;;9904.0;0.0
yf_MKC_d13;58300;INTARIAN_PEPPER_ROOT;11246;26;11244;10;;;11252;16;11255;16;;;11249.0;0.0
