day;timestamp;product;bid_price_1;bid_volume_1;bid_price_2;bid_volume_2;bid_price_3;bid_volume_3;ask_price_1;ask_volume_1;ask_price_2;ask_volume_2;ask_price_3;ask_volume_3;mid_price;profit_and_loss
yf_ZS=F_d6;0;ASH_COATED_OSMIUM;9967;15;9964;17;;;9984;22;9987;20;;;9975.5;0.0
yf_ZS=F_d6;0;INTARIAN_PEPPER_ROOT;10586;21;10583;26;;;10592;20;10596;20;;;10589.0;0.0
yf_ZS=F_d6;100;ASH_COATED_OSMIUM;9973;16;9969;20;;;9979;6;9982;19;;;9976.0;0.0
yf_ZS=F_d6;100;INTARIAN_PEPPER_ROOT;10583;7;10581;19;;;10589;11;10592;16;;;10586.0;0.0
yf_ZS=F_d6;200;ASH_COATED_OSMIUM;9973;21;9970;9;;;9979;7;9983;16;;;9976.0;0.0
yf_ZS=F_d6;200;INTARIAN_PEPPER_ROOT;10579;13;10575;24;;;10585;23;10588;21;;;10582.0;0.0
yf_ZS=F_d6;300;ASH_COATED_OSMIUM;9973;22;9970;23;;;9979;17;9983;21;;;9976.0;0.0
yf_ZS=F_d6;300;INTARIAN_PEPPER_ROOT;10576;14;10573;23;;;10582;16;10586;8;;;10579.0;0.0
yf_ZS=F_d6;400;ASH_COATED_OSMIUM;9973;11;9969;14;;;9979;19;9982;15;;;9976.0;0.0
yf_ZS=F_d6;400;INTARIAN_PEPPER_ROOT;10572;18;10568;15;;;10578;15;10582;19;;;10575.0;0.0
yf_ZS=F_d6;500;ASH_COATED_OSMIUM;9972;16;9968;20;;;9978;10;9981;18;;;9975.0;0.0
yf_ZS=F_d6;500;INTARIAN_PEPPER_ROOT;10561;16;10557;15;;;10582;12;10586;25;;;10571.5;0.0
yf_ZS=F_d6;600;ASH_COATED_OSMIUM;9959;9;9955;15;;;9992;8;9994;19;;;9975.5;0.0
yf_ZS=F_d6;600;INTARIAN_PEPPER_ROOT;10561;15;10559;24;;;10575;10;10577;11;;;10568.0;0.0
yf_ZS=F_d6;700;ASH_COATED_OSMIUM;9972;13;9970;17;;;9978;17;9980;13;;;9975.0;0.0
yf_ZS=F_d6;700;INTARIAN_PEPPER_ROOT;10553;16;10550;25;;;10577;11;10580;23;;;10565.0;0.0
yf_ZS=F_d6;800;ASH_COATED_OSMIUM;9972;17;9969;18;;;9980;18;9982;23;;;9976.0;0.0
yf_ZS=F_d6;800;INTARIAN_PEPPER_ROOT;10558;7;10556;25;;;10564;10;10567;27;;;10561.0;0.0
yf_ZS=F_d6;900;ASH_COATED_OSMIUM;9972;13;9969;10;;;9979;5;9982;17;;;9975.5;0.0
yf_ZS=F_d6;900;INTARIAN_PEPPER_ROOT;10555;21;10551;24;;;10561;28;10564;22;;;10558.0;0.0
yf_ZS=F_d6;1000;ASH_COATED_OSMIUM;9973;18;9971;18;;;9979;21;9983;15;;;9976.0;0.0
yf_ZS=F_d6;1000;INTARIAN_PEPPER_ROOT;10552;25;10550;20;;;10558;8;10561;26;;;10555.0;0.0
yf_ZS=F_d6;1100;ASH_COATED_OSMIUM;9973;19;9970;14;;;9979;12;9982;22;;;9976.0;0.0
yf_ZS=F_d6;1100;INTARIAN_PEPPER_ROOT;10548;15;10544;16;;;10554;13;10557;27;;;10551.0;0.0
yf_ZS=F_d6;1200;ASH_COATED_OSMIUM;9971;22;9967;10;;;9981;6;9984;19;;;9976.0;0.0
yf_ZS=F_d6;1200;INTARIAN_PEPPER_ROOT;10545;7;10541;16;;;10551;6;10555;26;;;10548.0;0.0
yf_ZS=F_d6;1300;ASH_COATED_OSMIUM;9973;5;9970;23;;;9979;5;9983;22;;;9976.0;0.0
yf_ZS=F_d6;1300;INTARIAN_PEPPER_ROOT;10540;5;10538;22;;;10547;21;10550;13;;;10543.5;0.0
yf_ZS=F_d6;1400;ASH_COATED_OSMIUM;9973;22;9969;21;;;9979;19;9981;26;;;9976.0;0.0
yf_ZS=F_d6;1400;INTARIAN_PEPPER_ROOT;10533;10;10529;22;;;10548;5;10550;16;;;10540.5;0.0
yf_ZS=F_d6;1500;ASH_COATED_OSMIUM;9973;22;9970;20;;;9979;24;9983;22;;;9976.0;0.0
yf_ZS=F_d6;1500;INTARIAN_PEPPER_ROOT;10531;14;10528;15;;;10542;20;10546;22;;;10536.5;0.0
yf_ZS=F_d6;1600;ASH_COATED_OSMIUM;9973;17;9971;19;;;9979;21;9982;21;;;9976.0;0.0
yf_ZS=F_d6;1600;INTARIAN_PEPPER_ROOT;10528;8;10526;18;;;10539;15;10543;23;;;10533.5;0.0
yf_ZS=F_d6;1700;ASH_COATED_OSMIUM;9973;11;9970;22;;;9979;9;9981;21;;;9976.0;0.0
yf_ZS=F_d6;1700;INTARIAN_PEPPER_ROOT;10526;15;10523;22;;;10533;13;10535;18;;;10529.5;0.0
yf_ZS=F_d6;1800;ASH_COATED_OSMIUM;9973;12;9971;22;;;9981;19;9983;21;;;9977.0;0.0
yf_ZS=F_d6;1800;INTARIAN_PEPPER_ROOT;10521;23;10518;26;;;10531;12;10535;15;;;10526.0;0.0
yf_ZS=F_d6;1900;ASH_COATED_OSMIUM;9974;25;9971;21;;;9980;17;9983;31;;;9977.0;0.0
yf_ZS=F_d6;1900;INTARIAN_PEPPER_ROOT;10518;16;10514;26;;;10528;10;10531;17;;;10523.0;0.0
yf_ZS=F_d6;2000;ASH_COATED_OSMIUM;9969;12;9966;22;;;9983;20;9985;20;;;9976.0;0.0
yf_ZS=F_d6;2000;INTARIAN_PEPPER_ROOT;10503;10;10501;23;;;10537;18;10539;17;;;10520.0;0.0
yf_ZS=F_d6;2100;ASH_COATED_OSMIUM;9968;19;9965;10;;;9983;12;9986;14;;;9975.5;0.0
yf_ZS=F_d6;2100;INTARIAN_PEPPER_ROOT;10510;15;10507;24;;;10522;7;10524;35;;;10516.0;0.0
yf_ZS=F_d6;2200;ASH_COATED_OSMIUM;9973;15;9971;23;;;9979;15;9981;20;;;9976.0;0.0
yf_ZS=F_d6;2200;INTARIAN_PEPPER_ROOT;10509;17;10505;19;;;10515;23;10518;21;;;10512.0;0.0
yf_ZS=F_d6;2300;ASH_COATED_OSMIUM;9954;8;9951;22;;;9996;9;10000;26;;;9975.0;0.0
yf_ZS=F_d6;2300;INTARIAN_PEPPER_ROOT;10498;11;10494;24;;;10520;11;10522;27;;;10509.0;0.0
yf_ZS=F_d6;2400;ASH_COATED_OSMIUM;9973;14;9971;26;;;9980;13;9983;23;;;9976.5;0.0
yf_ZS=F_d6;2400;INTARIAN_PEPPER_ROOT;10503;8;10501;25;;;10509;13;10513;19;;;10506.0;0.0
yf_ZS=F_d6;2500;ASH_COATED_OSMIUM;9966;11;9963;23;;;9986;14;9989;18;;;9976.0;0.0
yf_ZS=F_d6;2500;INTARIAN_PEPPER_ROOT;10491;19;10488;21;;;10513;16;10515;19;;;10502.0;0.0
yf_ZS=F_d6;2600;ASH_COATED_OSMIUM;9971;7;9967;18;;;9981;5;9984;21;;;9976.0;0.0
yf_ZS=F_d6;2600;INTARIAN_PEPPER_ROOT;10490;18;10486;27;;;10508;7;10511;23;;;10499.0;0.0
yf_ZS=F_d6;2700;ASH_COATED_OSMIUM;9973;12;9969;21;;;9979;17;9981;19;;;9976.0;0.0
yf_ZS=F_d6;2700;INTARIAN_PEPPER_ROOT;10491;17;10489;29;;;10499;14;10503;15;;;10495.0;0.0
yf_ZS=F_d6;2800;ASH_COATED_OSMIUM;9973;18;9969;14;;;9979;9;9983;25;;;9976.0;0.0
yf_ZS=F_d6;2800;INTARIAN_PEPPER_ROOT;10487;22;10483;11;;;10496;20;10500;32;;;10491.5;0.0
yf_ZS=F_d6;2900;ASH_COATED_OSMIUM;9970;17;9966;19;;;9982;19;9985;11;;;9976.0;0.0
yf_ZS=F_d6;2900;INTARIAN_PEPPER_ROOT;10485;13;10482;19;;;10491;10;10493;10;;;10488.0;0.0
yf_ZS=F_d6;3000;ASH_COATED_OSMIUM;9973;9;9970;26;;;9979;8;9982;18;;;9976.0;0.0
yf_ZS=F_d6;3000;INTARIAN_PEPPER_ROOT;10482;17;10480;20;;;10488;11;10490;26;;;10485.0;0.0
yf_ZS=F_d6;3100;ASH_COATED_OSMIUM;9973;11;9970;18;;;9980;16;9983;23;;;9976.5;0.0
yf_ZS=F_d6;3100;INTARIAN_PEPPER_ROOT;10478;17;10475;16;;;10484;21;10486;23;;;10481.0;0.0
yf_ZS=F_d6;3200;ASH_COATED_OSMIUM;9967;14;9965;15;;;9985;13;9987;20;;;9976.0;0.0
yf_ZS=F_d6;3200;INTARIAN_PEPPER_ROOT;10475;21;10471;18;;;10481;20;10484;17;;;10478.0;0.0
yf_ZS=F_d6;3300;ASH_COATED_OSMIUM;9973;18;9971;11;;;9979;17;9983;23;;;9976.0;0.0
yf_ZS=F_d6;3300;INTARIAN_PEPPER_ROOT;10471;8;10469;25;;;10477;14;10480;22;;;10474.0;0.0
yf_ZS=F_d6;3400;ASH_COATED_OSMIUM;9973;21;9970;25;;;9979;22;9982;23;;;9976.0;0.0
yf_ZS=F_d6;3400;INTARIAN_PEPPER_ROOT;10468;27;10465;26;;;10474;23;10477;21;;;10471.0;0.0
yf_ZS=F_d6;3500;ASH_COATED_OSMIUM;9973;15;9969;22;;;9979;12;9983;11;;;9976.0;0.0
yf_ZS=F_d6;3500;INTARIAN_PEPPER_ROOT;10464;8;10461;15;;;10470;14;10472;18;;;10467.0;0.0
yf_ZS=F_d6;3600;ASH_COATED_OSMIUM;9965;20;9963;23;;;9988;9;9992;19;;;9976.5;0.0
yf_ZS=F_d6;3600;INTARIAN_PEPPER_ROOT;10453;9;10450;28;;;10474;19;10478;18;;;10463.5;0.0
yf_ZS=F_d6;3700;ASH_COATED_OSMIUM;9973;17;9971;15;;;9979;21;9983;21;;;9976.0;0.0
yf_ZS=F_d6;3700;INTARIAN_PEPPER_ROOT;10455;21;10452;21;;;10464;17;10468;23;;;10459.5;0.0
yf_ZS=F_d6;3800;ASH_COATED_OSMIUM;9973;20;9971;18;;;9979;19;9983;11;;;9976.0;0.0
yf_ZS=F_d6;3800;INTARIAN_PEPPER_ROOT;10454;12;10451;20;;;10460;12;10464;18;;;10457.0;0.0
yf_ZS=F_d6;3900;ASH_COATED_OSMIUM;9973;12;9971;24;;;9979;8;9983;14;;;9976.0;0.0
yf_ZS=F_d6;3900;INTARIAN_PEPPER_ROOT;10451;10;10448;28;;;10457;10;10460;23;;;10454.0;0.0
yf_ZS=F_d6;4000;ASH_COATED_OSMIUM;9973;9;9971;17;;;9979;21;9982;20;;;9976.0;0.0
yf_ZS=F_d6;4000;INTARIAN_PEPPER_ROOT;10447;14;10443;22;;;10453;15;10457;18;;;10450.0;0.0
yf_ZS=F_d6;4100;ASH_COATED_OSMIUM;9972;13;9969;20;;;9981;12;9984;21;;;9976.5;0.0
yf_ZS=F_d6;4100;INTARIAN_PEPPER_ROOT;10443;10;10440;26;;;10449;17;10451;15;;;10446.0;0.0
yf_ZS=F_d6;4200;ASH_COATED_OSMIUM;9973;12;9969;27;;;9979;22;9983;22;;;9976.0;0.0
yf_ZS=F_d6;4200;INTARIAN_PEPPER_ROOT;10440;7;10436;15;;;10446;19;10448;22;;;10443.0;0.0
yf_ZS=F_d6;4300;ASH_COATED_OSMIUM;9973;18;9971;20;;;9979;18;9983;25;;;9976.0;0.0
yf_ZS=F_d6;4300;INTARIAN_PEPPER_ROOT;10428;14;10424;32;;;10452;14;10455;19;;;10440.0;0.0
yf_ZS=F_d6;4400;ASH_COATED_OSMIUM;9973;17;9969;13;;;9980;18;9983;17;;;9976.5;0.0
yf_ZS=F_d6;4400;INTARIAN_PEPPER_ROOT;10433;14;10430;25;;;10440;11;10442;21;;;10436.5;0.0
yf_ZS=F_d6;4500;ASH_COATED_OSMIUM;9973;13;9971;19;;;9979;16;9981;26;;;9976.0;0.0
yf_ZS=F_d6;4500;INTARIAN_PEPPER_ROOT;10429;11;10425;15;;;10435;16;10439;23;;;10432.0;0.0
yf_ZS=F_d6;4600;ASH_COATED_OSMIUM;9973;15;9970;25;;;9979;21;9981;15;;;9976.0;0.0
yf_ZS=F_d6;4600;INTARIAN_PEPPER_ROOT;10426;16;10423;25;;;10432;24;10436;23;;;10429.0;0.0
yf_ZS=F_d6;4700;ASH_COATED_OSMIUM;9969;18;9966;12;;;9983;20;9987;31;;;9976.0;0.0
yf_ZS=F_d6;4700;INTARIAN_PEPPER_ROOT;10417;12;10413;20;;;10432;9;10434;20;;;10424.5;0.0
yf_ZS=F_d6;4800;ASH_COATED_OSMIUM;9972;9;9968;19;;;9980;11;9982;14;;;9976.0;0.0
yf_ZS=F_d6;4800;INTARIAN_PEPPER_ROOT;10414;7;10410;22;;;10430;13;10433;27;;;10422.0;0.0
yf_ZS=F_d6;4900;ASH_COATED_OSMIUM;9973;17;9971;26;;;9979;14;9983;22;;;9976.0;0.0
yf_ZS=F_d6;4900;INTARIAN_PEPPER_ROOT;10416;14;10412;15;;;10422;12;10425;19;;;10419.0;0.0
yf_ZS=F_d6;5000;ASH_COATED_OSMIUM;9960;16;9958;24;;;9991;11;9994;17;;;9975.5;0.0
yf_ZS=F_d6;5000;INTARIAN_PEPPER_ROOT;10411;17;10409;15;;;10419;13;10422;18;;;10415.0;0.0
yf_ZS=F_d6;5100;ASH_COATED_OSMIUM;9973;15;9970;15;;;9979;14;9983;8;;;9976.0;0.0
yf_ZS=F_d6;5100;INTARIAN_PEPPER_ROOT;10408;18;10406;20;;;10414;5;10417;19;;;10411.0;0.0
yf_ZS=F_d6;5200;ASH_COATED_OSMIUM;9973;19;9969;27;;;9979;13;9983;19;;;9976.0;0.0
yf_ZS=F_d6;5200;INTARIAN_PEPPER_ROOT;10406;16;10402;14;;;10412;9;10416;17;;;10409.0;0.0
yf_ZS=F_d6;5300;ASH_COATED_OSMIUM;9973;6;9971;16;;;9979;15;9982;25;;;9976.0;0.0
yf_ZS=F_d6;5300;INTARIAN_PEPPER_ROOT;10401;12;10398;20;;;10407;18;10411;24;;;10404.0;0.0
yf_ZS=F_d6;5400;ASH_COATED_OSMIUM;9973;5;9970;21;;;9979;5;9983;19;;;9976.0;0.0
yf_ZS=F_d6;5400;INTARIAN_PEPPER_ROOT;10397;15;10393;19;;;10405;17;10407;15;;;10401.0;0.0
yf_ZS=F_d6;5500;ASH_COATED_OSMIUM;9973;5;9970;24;;;9979;13;9983;24;;;9976.0;0.0
yf_ZS=F_d6;5500;INTARIAN_PEPPER_ROOT;10395;16;10392;16;;;10401;17;10403;22;;;10398.0;0.0
yf_ZS=F_d6;5600;ASH_COATED_OSMIUM;9973;28;9969;21;;;9979;8;9981;27;;;9976.0;0.0
yf_ZS=F_d6;5600;INTARIAN_PEPPER_ROOT;10391;23;10387;27;;;10397;13;10401;13;;;10394.0;0.0
yf_ZS=F_d6;5700;ASH_COATED_OSMIUM;9973;13;9970;20;;;9979;16;9981;21;;;9976.0;0.0
yf_ZS=F_d6;5700;INTARIAN_PEPPER_ROOT;10370;13;10366;26;;;10410;13;10413;14;;;10390.0;0.0
yf_ZS=F_d6;5800;ASH_COATED_OSMIUM;9970;21;9968;27;;;9983;9;9986;11;;;9976.5;0.0
yf_ZS=F_d6;5800;INTARIAN_PEPPER_ROOT;10384;5;10381;21;;;10390;8;10393;18;;;10387.0;0.0
yf_ZS=F_d6;5900;ASH_COATED_OSMIUM;9973;14;9971;29;;;9979;22;9981;19;;;9976.0;0.0
yf_ZS=F_d6;5900;INTARIAN_PEPPER_ROOT;10374;8;10371;26;;;10393;13;10395;22;;;10383.5;0.0
yf_ZS=F_d6;6000;ASH_COATED_OSMIUM;9964;8;9960;10;;;9988;13;9991;16;;;9976.0;0.0
yf_ZS=F_d6;6000;INTARIAN_PEPPER_ROOT;10370;14;10367;18;;;10391;23;10393;25;;;10380.5;0.0
yf_ZS=F_d6;6100;ASH_COATED_OSMIUM;9973;24;9970;20;;;9979;20;9981;28;;;9976.0;0.0
yf_ZS=F_d6;6100;INTARIAN_PEPPER_ROOT;10374;17;10370;16;;;10380;16;10384;16;;;10377.0;0.0
yf_ZS=F_d6;6200;ASH_COATED_OSMIUM;9972;5;9969;24;;;9980;15;9984;15;;;9976.0;0.0
yf_ZS=F_d6;6200;INTARIAN_PEPPER_ROOT;10370;15;10368;19;;;10376;18;10378;23;;;10373.0;0.0
yf_ZS=F_d6;6300;ASH_COATED_OSMIUM;9968;11;9964;15;;;9984;14;9987;22;;;9976.0;0.0
yf_ZS=F_d6;6300;INTARIAN_PEPPER_ROOT;10364;29;10361;19;;;10375;15;10377;22;;;10369.5;0.0
yf_ZS=F_d6;6400;ASH_COATED_OSMIUM;9974;10;9972;23;;;9980;24;9982;14;;;9977.0;0.0
yf_ZS=F_d6;6400;INTARIAN_PEPPER_ROOT;10362;5;10359;20;;;10369;18;10371;23;;;10365.5;0.0
yf_ZS=F_d6;6500;ASH_COATED_OSMIUM;9968;22;9965;12;;;9984;24;9986;23;;;9976.0;0.0
yf_ZS=F_d6;6500;INTARIAN_PEPPER_ROOT;10360;19;10358;16;;;10366;10;10368;17;;;10363.0;0.0
yf_ZS=F_d6;6600;ASH_COATED_OSMIUM;9973;12;9970;23;;;9979;18;9983;27;;;9976.0;0.0
yf_ZS=F_d6;6600;INTARIAN_PEPPER_ROOT;10356;16;10352;13;;;10362;18;10366;17;;;10359.0;0.0
yf_ZS=F_d6;6700;ASH_COATED_OSMIUM;9973;18;9969;14;;;9979;13;9982;13;;;9976.0;0.0
yf_ZS=F_d6;6700;INTARIAN_PEPPER_ROOT;10350;14;10347;28;;;10362;12;10364;15;;;10356.0;0.0
yf_ZS=F_d6;6800;ASH_COATED_OSMIUM;9952;13;9948;26;;;10001;7;10005;12;;;9976.5;0.0
yf_ZS=F_d6;6800;INTARIAN_PEPPER_ROOT;10349;5;10347;17;;;10355;14;10358;30;;;10352.0;0.0
yf_ZS=F_d6;6900;ASH_COATED_OSMIUM;9973;11;9970;20;;;9979;23;9982;23;;;9976.0;0.0
yf_ZS=F_d6;6900;INTARIAN_PEPPER_ROOT;10346;14;10342;19;;;10352;17;10356;10;;;10349.0;0.0
yf_ZS=F_d6;7000;ASH_COATED_OSMIUM;9974;28;9971;15;;;9980;16;9983;17;;;9977.0;0.0
yf_ZS=F_d6;7000;INTARIAN_PEPPER_ROOT;10343;13;10341;12;;;10349;23;10353;18;;;10346.0;0.0
yf_ZS=F_d6;7100;ASH_COATED_OSMIUM;9973;13;9970;18;;;9979;17;9981;21;;;9976.0;0.0
yf_ZS=F_d6;7100;INTARIAN_PEPPER_ROOT;10337;5;10335;24;;;10346;18;10350;25;;;10341.5;0.0
yf_ZS=F_d6;7200;ASH_COATED_OSMIUM;9974;13;9970;34;;;9980;13;9982;23;;;9977.0;0.0
yf_ZS=F_d6;7200;INTARIAN_PEPPER_ROOT;10336;12;10334;25;;;10342;9;10345;22;;;10339.0;0.0
yf_ZS=F_d6;7300;ASH_COATED_OSMIUM;9971;14;9969;30;;;9981;16;9984;18;;;9976.0;0.0
yf_ZS=F_d6;7300;INTARIAN_PEPPER_ROOT;10332;17;10328;17;;;10338;9;10340;13;;;10335.0;0.0
yf_ZS=F_d6;7400;ASH_COATED_OSMIUM;9966;20;9962;29;;;9987;29;9989;24;;;9976.5;0.0
yf_ZS=F_d6;7400;INTARIAN_PEPPER_ROOT;10328;11;10325;15;;;10334;9;10336;25;;;10331.0;0.0
yf_ZS=F_d6;7500;ASH_COATED_OSMIUM;9973;16;9970;17;;;9979;17;9983;17;;;9976.0;0.0
yf_ZS=F_d6;7500;INTARIAN_PEPPER_ROOT;10321;7;10317;18;;;10335;13;10339;17;;;10328.0;0.0
yf_ZS=F_d6;7600;ASH_COATED_OSMIUM;9966;13;9963;14;;;9984;22;9987;17;;;9975.0;0.0
yf_ZS=F_d6;7600;INTARIAN_PEPPER_ROOT;10317;9;10315;18;;;10331;19;10335;13;;;10324.0;0.0
yf_ZS=F_d6;7700;ASH_COATED_OSMIUM;9973;11;9971;25;;;9979;20;9982;12;;;9976.0;0.0
yf_ZS=F_d6;7700;INTARIAN_PEPPER_ROOT;10316;10;10314;26;;;10325;13;10328;19;;;10320.5;0.0
yf_ZS=F_d6;7800;ASH_COATED_OSMIUM;9972;8;9968;10;;;9978;15;9980;23;;;9975.0;0.0
yf_ZS=F_d6;7800;INTARIAN_PEPPER_ROOT;10315;13;10312;21;;;10321;17;10325;27;;;10318.0;0.0
yf_ZS=F_d6;7900;ASH_COATED_OSMIUM;9973;12;9971;22;;;9979;5;9982;20;;;9976.0;0.0
yf_ZS=F_d6;7900;INTARIAN_PEPPER_ROOT;10311;15;10309;20;;;10317;23;10319;22;;;10314.0;0.0
yf_ZS=F_d6;8000;ASH_COATED_OSMIUM;9969;14;9966;20;;;9983;10;9985;21;;;9976.0;0.0
yf_ZS=F_d6;8000;INTARIAN_PEPPER_ROOT;10308;14;10304;14;;;10314;17;10318;20;;;10311.0;0.0
yf_ZS=F_d6;8100;ASH_COATED_OSMIUM;9973;13;9969;18;;;9979;20;9982;23;;;9976.0;0.0
yf_ZS=F_d6;8100;INTARIAN_PEPPER_ROOT;10304;12;10300;21;;;10310;17;10312;29;;;10307.0;0.0
yf_ZS=F_d6;8200;ASH_COATED_OSMIUM;9974;15;9971;21;;;9980;21;9984;13;;;9977.0;0.0
yf_ZS=F_d6;8200;INTARIAN_PEPPER_ROOT;10301;11;10297;20;;;10307;16;10309;22;;;10304.0;0.0
yf_ZS=F_d6;8300;ASH_COATED_OSMIUM;9973;14;9970;15;;;9979;19;9981;22;;;9976.0;0.0
yf_ZS=F_d6;8300;INTARIAN_PEPPER_ROOT;10297;12;10293;17;;;10303;15;10305;27;;;10300.0;0.0
yf_ZS=F_d6;8400;ASH_COATED_OSMIUM;9972;24;9969;29;;;9980;19;9983;21;;;9976.0;0.0
yf_ZS=F_d6;8400;INTARIAN_PEPPER_ROOT;10294;21;10290;22;;;10300;9;10302;25;;;10297.0;0.0
yf_ZS=F_d6;8500;ASH_COATED_OSMIUM;9974;15;9972;11;;;9980;14;9982;28;;;9977.0;0.0
yf_ZS=F_d6;8500;INTARIAN_PEPPER_ROOT;10290;17;10287;21;;;10296;15;10300;23;;;10293.0;0.0
yf_ZS=F_d6;8600;ASH_COATED_OSMIUM;9972;18;9969;10;;;9981;16;9983;22;;;9976.5;0.0
yf_ZS=F_d6;8600;INTARIAN_PEPPER_ROOT;10286;15;10284;20;;;10292;14;10295;11;;;10289.0;0.0
yf_ZS=F_d6;8700;ASH_COATED_OSMIUM;9974;13;9971;15;;;9980;5;9982;22;;;9977.0;0.0
yf_ZS=F_d6;8700;INTARIAN_PEPPER_ROOT;10283;7;10280;15;;;10289;23;10293;23;;;10286.0;0.0
yf_ZS=F_d6;8800;ASH_COATED_OSMIUM;9974;15;9972;14;;;9980;9;9982;20;;;9977.0;0.0
yf_ZS=F_d6;8800;INTARIAN_PEPPER_ROOT;10276;23;10274;15;;;10290;10;10292;23;;;10283.0;0.0
yf_ZS=F_d6;8900;ASH_COATED_OSMIUM;9973;15;9970;17;;;9980;16;9983;15;;;9976.5;0.0
yf_ZS=F_d6;8900;INTARIAN_PEPPER_ROOT;10274;10;10272;15;;;10284;18;10288;14;;;10279.0;0.0
yf_ZS=F_d6;9000;ASH_COATED_OSMIUM;9973;15;9971;15;;;9979;18;9983;26;;;9976.0;0.0
yf_ZS=F_d6;9000;INTARIAN_PEPPER_ROOT;10273;16;10271;17;;;10279;20;10283;14;;;10276.0;0.0
yf_ZS=F_d6;9100;ASH_COATED_OSMIUM;9973;13;9971;20;;;9979;18;9983;23;;;9976.0;0.0
yf_ZS=F_d6;9100;INTARIAN_PEPPER_ROOT;10269;13;10267;28;;;10275;9;10279;16;;;10272.0;0.0
yf_ZS=F_d6;9200;ASH_COATED_OSMIUM;9972;18;9969;15;;;9980;21;9984;22;;;9976.0;0.0
yf_ZS=F_d6;9200;INTARIAN_PEPPER_ROOT;10266;11;10263;16;;;10272;10;10276;11;;;10269.0;0.0
yf_ZS=F_d6;9300;ASH_COATED_OSMIUM;9973;6;9971;22;;;9980;17;9984;25;;;9976.5;0.0
yf_ZS=F_d6;9300;INTARIAN_PEPPER_ROOT;10262;22;10259;19;;;10268;17;10271;19;;;10265.0;0.0
yf_ZS=F_d6;9400;ASH_COATED_OSMIUM;9973;12;9971;21;;;9979;14;9982;25;;;9976.0;0.0
yf_ZS=F_d6;9400;INTARIAN_PEPPER_ROOT;10258;19;10256;32;;;10264;20;10267;15;;;10261.0;0.0
yf_ZS=F_d6;9500;ASH_COATED_OSMIUM;9973;11;9971;24;;;9979;19;9981;19;;;9976.0;0.0
yf_ZS=F_d6;9500;INTARIAN_PEPPER_ROOT;10256;17;10253;23;;;10262;19;10264;10;;;10259.0;0.0
yf_ZS=F_d6;9600;ASH_COATED_OSMIUM;9973;12;9971;19;;;9979;25;9981;24;;;9976.0;0.0
yf_ZS=F_d6;9600;INTARIAN_PEPPER_ROOT;10252;20;10249;18;;;10258;15;10261;21;;;10255.0;0.0
yf_ZS=F_d6;9700;ASH_COATED_OSMIUM;9967;6;9963;16;;;9986;24;9990;27;;;9976.5;0.0
yf_ZS=F_d6;9700;INTARIAN_PEPPER_ROOT;10246;14;10244;21;;;10257;16;10259;17;;;10251.5;0.0
yf_ZS=F_d6;9800;ASH_COATED_OSMIUM;9970;13;9968;19;;;9983;9;9985;17;;;9976.5;0.0
yf_ZS=F_d6;9800;INTARIAN_PEPPER_ROOT;10244;24;10241;11;;;10250;18;10253;11;;;10247.0;0.0
yf_ZS=F_d6;9900;ASH_COATED_OSMIUM;9970;17;9968;23;;;9980;19;9984;22;;;9975.0;0.0
yf_ZS=F_d6;9900;INTARIAN_PEPPER_ROOT;10241;6;10237;20;;;10247;5;10250;19;;;10244.0;0.0
yf_ZS=F_d6;10000;ASH_COATED_OSMIUM;9973;11;9970;19;;;9979;17;9983;19;;;9976.0;0.0
yf_ZS=F_d6;10000;INTARIAN_PEPPER_ROOT;10234;13;10230;15;;;10247;16;10250;23;;;10240.5;0.0
yf_ZS=F_d6;10100;ASH_COATED_OSMIUM;9970;12;9967;19;;;9982;16;9986;22;;;9976.0;0.0
yf_ZS=F_d6;10100;INTARIAN_PEPPER_ROOT;10234;23;10231;23;;;10240;19;10243;19;;;10237.0;0.0
yf_ZS=F_d6;10200;ASH_COATED_OSMIUM;9973;17;9970;18;;;9979;14;9981;25;;;9976.0;0.0
yf_ZS=F_d6;10200;INTARIAN_PEPPER_ROOT;10230;20;10228;15;;;10238;11;10241;14;;;10234.0;0.0
yf_ZS=F_d6;10300;ASH_COATED_OSMIUM;9973;15;9970;23;;;9980;15;9984;11;;;9976.5;0.0
yf_ZS=F_d6;10300;INTARIAN_PEPPER_ROOT;10223;17;10219;19;;;10237;13;10241;13;;;10230.0;0.0
yf_ZS=F_d6;10400;ASH_COATED_OSMIUM;9974;8;9971;24;;;9980;13;9984;14;;;9977.0;0.0
yf_ZS=F_d6;10400;INTARIAN_PEPPER_ROOT;10224;15;10222;19;;;10230;21;10232;17;;;10227.0;0.0
yf_ZS=F_d6;10500;ASH_COATED_OSMIUM;9972;13;9969;23;;;9980;17;9984;22;;;9976.0;0.0
yf_ZS=F_d6;10500;INTARIAN_PEPPER_ROOT;10201;16;10199;16;;;10245;6;10248;22;;;10223.0;0.0
yf_ZS=F_d6;10600;ASH_COATED_OSMIUM;9973;11;9970;24;;;9979;9;9982;19;;;9976.0;0.0
yf_ZS=F_d6;10600;INTARIAN_PEPPER_ROOT;10216;10;10212;17;;;10222;20;10224;19;;;10219.0;0.0
yf_ZS=F_d6;10700;ASH_COATED_OSMIUM;9952;15;9948;23;;;9999;17;10002;20;;;9975.5;0.0
yf_ZS=F_d6;10700;INTARIAN_PEPPER_ROOT;10213;13;10210;27;;;10219;12;10221;28;;;10216.0;0.0
yf_ZS=F_d6;10800;ASH_COATED_OSMIUM;9974;18;9970;22;;;9980;10;9983;17;;;9977.0;0.0
yf_ZS=F_d6;10800;INTARIAN_PEPPER_ROOT;10210;17;10207;23;;;10216;21;10218;18;;;10213.0;0.0
yf_ZS=F_d6;10900;ASH_COATED_OSMIUM;9973;12;9969;18;;;9979;5;9982;27;;;9976.0;0.0
yf_ZS=F_d6;10900;INTARIAN_PEPPER_ROOT;10199;8;10195;8;;;10219;13;10223;14;;;10209.0;0.0
yf_ZS=F_d6;11000;ASH_COATED_OSMIUM;9973;6;9971;18;;;9979;8;9982;25;;;9976.0;0.0
yf_ZS=F_d6;11000;INTARIAN_PEPPER_ROOT;10202;19;10198;23;;;10208;19;10211;26;;;10205.0;0.0
yf_ZS=F_d6;11100;ASH_COATED_OSMIUM;9972;18;9970;17;;;9980;20;9983;19;;;9976.0;0.0
yf_ZS=F_d6;11100;INTARIAN_PEPPER_ROOT;10190;13;10186;17;;;10215;11;10219;9;;;10202.5;0.0
yf_ZS=F_d6;11200;ASH_COATED_OSMIUM;9973;14;9969;14;;;9981;18;9983;15;;;9977.0;0.0
yf_ZS=F_d6;11200;INTARIAN_PEPPER_ROOT;10196;27;10193;15;;;10202;20;10204;18;;;10199.0;0.0
yf_ZS=F_d6;11300;ASH_COATED_OSMIUM;9973;18;9969;20;;;9979;12;9982;25;;;9976.0;0.0
yf_ZS=F_d6;11300;INTARIAN_PEPPER_ROOT;10192;12;10190;23;;;10198;20;10201;14;;;10195.0;0.0
yf_ZS=F_d6;11400;ASH_COATED_OSMIUM;9970;7;9967;29;;;9982;20;9985;19;;;9976.0;0.0
yf_ZS=F_d6;11400;INTARIAN_PEPPER_ROOT;10189;20;10185;23;;;10195;17;10199;28;;;10192.0;0.0
yf_ZS=F_d6;11500;ASH_COATED_OSMIUM;9973;17;9969;15;;;9979;11;9982;12;;;9976.0;0.0
yf_ZS=F_d6;11500;INTARIAN_PEPPER_ROOT;10185;9;10182;15;;;10191;17;10194;27;;;10188.0;0.0
yf_ZS=F_d6;11600;ASH_COATED_OSMIUM;9972;7;9969;26;;;9980;17;9982;22;;;9976.0;0.0
yf_ZS=F_d6;11600;INTARIAN_PEPPER_ROOT;10182;5;10179;28;;;10188;13;10190;27;;;10185.0;0.0
yf_ZS=F_d6;11700;ASH_COATED_OSMIUM;9973;16;9971;17;;;9981;19;9983;29;;;9977.0;0.0
yf_ZS=F_d6;11700;INTARIAN_PEPPER_ROOT;10179;15;10177;16;;;10185;13;10187;22;;;10182.0;0.0
yf_ZS=F_d6;11800;ASH_COATED_OSMIUM;9974;12;9972;10;;;9980;16;9983;17;;;9977.0;0.0
yf_ZS=F_d6;11800;INTARIAN_PEPPER_ROOT;10174;19;10172;18;;;10182;5;10184;20;;;10178.0;0.0
yf_ZS=F_d6;11900;ASH_COATED_OSMIUM;9973;18;9970;24;;;9979;16;9981;20;;;9976.0;0.0
yf_ZS=F_d6;11900;INTARIAN_PEPPER_ROOT;10172;10;10168;20;;;10178;19;10181;15;;;10175.0;0.0
yf_ZS=F_d6;12000;ASH_COATED_OSMIUM;9972;14;9968;18;;;9980;12;9982;22;;;9976.0;0.0
yf_ZS=F_d6;12000;INTARIAN_PEPPER_ROOT;10168;12;10165;25;;;10174;11;10178;19;;;10171.0;0.0
yf_ZS=F_d6;12100;ASH_COATED_OSMIUM;9973;8;9970;26;;;9979;16;9981;27;;;9976.0;0.0
yf_ZS=F_d6;12100;INTARIAN_PEPPER_ROOT;10160;16;10156;19;;;10175;12;10178;18;;;10167.5;0.0
yf_ZS=F_d6;12200;ASH_COATED_OSMIUM;9970;16;9967;17;;;9984;8;9986;24;;;9977.0;0.0
yf_ZS=F_d6;12200;INTARIAN_PEPPER_ROOT;10161;12;10158;16;;;10167;14;10171;23;;;10164.0;0.0
yf_ZS=F_d6;12300;ASH_COATED_OSMIUM;9973;10;9970;14;;;9979;9;9982;14;;;9976.0;0.0
yf_ZS=F_d6;12300;INTARIAN_PEPPER_ROOT;10158;18;10156;22;;;10164;12;10168;25;;;10161.0;0.0
yf_ZS=F_d6;12400;ASH_COATED_OSMIUM;9971;16;9969;16;;;9982;23;9984;19;;;9976.5;0.0
yf_ZS=F_d6;12400;INTARIAN_PEPPER_ROOT;10154;8;10152;22;;;10160;11;10162;10;;;10157.0;0.0
yf_ZS=F_d6;12500;ASH_COATED_OSMIUM;9972;11;9968;23;;;9980;12;9983;25;;;9976.0;0.0
yf_ZS=F_d6;12500;INTARIAN_PEPPER_ROOT;10151;9;10148;16;;;10157;20;10159;17;;;10154.0;0.0
yf_ZS=F_d6;12600;ASH_COATED_OSMIUM;9971;17;9968;15;;;9982;14;9986;18;;;9976.5;0.0
yf_ZS=F_d6;12600;INTARIAN_PEPPER_ROOT;10146;14;10142;16;;;10152;16;10156;26;;;10149.0;0.0
yf_ZS=F_d6;12700;ASH_COATED_OSMIUM;9974;12;9970;24;;;9980;7;9983;26;;;9977.0;0.0
yf_ZS=F_d6;12700;INTARIAN_PEPPER_ROOT;10137;17;10135;22;;;10155;19;10158;15;;;10146.0;0.0
yf_ZS=F_d6;12800;ASH_COATED_OSMIUM;9974;14;9971;28;;;9980;15;9982;25;;;9977.0;0.0
yf_ZS=F_d6;12800;INTARIAN_PEPPER_ROOT;10140;22;10137;26;;;10146;11;10149;21;;;10143.0;0.0
yf_ZS=F_d6;12900;ASH_COATED_OSMIUM;9973;17;9971;16;;;9979;17;9983;27;;;9976.0;0.0
yf_ZS=F_d6;12900;INTARIAN_PEPPER_ROOT;10136;10;10132;14;;;10142;13;10144;20;;;10139.0;0.0
yf_ZS=F_d6;13000;ASH_COATED_OSMIUM;9974;14;9970;13;;;9980;15;9984;26;;;9977.0;0.0
yf_ZS=F_d6;13000;INTARIAN_PEPPER_ROOT;10134;18;10130;16;;;10140;18;10144;23;;;10137.0;0.0
yf_ZS=F_d6;13100;ASH_COATED_OSMIUM;9974;12;9972;8;;;9980;23;9983;26;;;9977.0;0.0
yf_ZS=F_d6;13100;INTARIAN_PEPPER_ROOT;10130;11;10128;13;;;10136;13;10139;20;;;10133.0;0.0
yf_ZS=F_d6;13200;ASH_COATED_OSMIUM;9972;5;9969;17;;;9980;18;9984;19;;;9976.0;0.0
yf_ZS=F_d6;13200;INTARIAN_PEPPER_ROOT;10125;11;10121;17;;;10132;26;10136;25;;;10128.5;0.0
yf_ZS=F_d6;13300;ASH_COATED_OSMIUM;9968;14;9965;25;;;9986;20;9990;26;;;9977.0;0.0
yf_ZS=F_d6;13300;INTARIAN_PEPPER_ROOT;10121;18;10118;23;;;10131;12;10135;13;;;10126.0;0.0
yf_ZS=F_d6;13400;ASH_COATED_OSMIUM;9974;21;9970;20;;;9980;8;9984;18;;;9977.0;0.0
yf_ZS=F_d6;13400;INTARIAN_PEPPER_ROOT;10119;13;10116;15;;;10125;13;10129;22;;;10122.0;0.0
yf_ZS=F_d6;13500;ASH_COATED_OSMIUM;9971;11;9968;14;;;9983;14;9987;20;;;9977.0;0.0
yf_ZS=F_d6;13500;INTARIAN_PEPPER_ROOT;10115;18;10112;26;;;10121;13;10125;22;;;10118.0;0.0
yf_ZS=F_d6;13600;ASH_COATED_OSMIUM;9973;12;9970;21;;;9979;18;9981;24;;;9976.0;0.0
yf_ZS=F_d6;13600;INTARIAN_PEPPER_ROOT;10104;13;10100;22;;;10127;17;10129;17;;;10115.5;0.0
yf_ZS=F_d6;13700;ASH_COATED_OSMIUM;9972;21;9970;26;;;9982;19;9984;21;;;9977.0;0.0
yf_ZS=F_d6;13700;INTARIAN_PEPPER_ROOT;10108;21;10106;11;;;10114;9;10116;24;;;10111.0;0.0
yf_ZS=F_d6;13800;ASH_COATED_OSMIUM;9973;12;9970;14;;;9979;19;9982;22;;;9976.0;0.0
yf_ZS=F_d6;13800;INTARIAN_PEPPER_ROOT;10105;17;10101;18;;;10111;12;10113;16;;;10108.0;0.0
yf_ZS=F_d6;13900;ASH_COATED_OSMIUM;9974;12;9972;12;;;9980;16;9982;12;;;9977.0;0.0
yf_ZS=F_d6;13900;INTARIAN_PEPPER_ROOT;10096;17;10092;26;;;10113;13;10115;20;;;10104.5;0.0
yf_ZS=F_d6;14000;ASH_COATED_OSMIUM;9973;11;9971;26;;;9979;12;9983;13;;;9976.0;0.0
yf_ZS=F_d6;14000;INTARIAN_PEPPER_ROOT;10098;18;10094;22;;;10104;6;10107;22;;;10101.0;0.0
yf_ZS=F_d6;14100;ASH_COATED_OSMIUM;9973;18;9969;19;;;9979;11;9983;21;;;9976.0;0.0
yf_ZS=F_d6;14100;INTARIAN_PEPPER_ROOT;10094;15;10090;27;;;10100;24;10103;14;;;10097.0;0.0
yf_ZS=F_d6;14200;ASH_COATED_OSMIUM;9974;17;9972;19;;;9980;16;9982;10;;;9977.0;0.0
yf_ZS=F_d6;14200;INTARIAN_PEPPER_ROOT;10091;21;10087;18;;;10097;18;10099;14;;;10094.0;0.0
yf_ZS=F_d6;14300;ASH_COATED_OSMIUM;9974;20;9970;16;;;9980;13;9984;17;;;9977.0;0.0
yf_ZS=F_d6;14300;INTARIAN_PEPPER_ROOT;10086;29;10084;13;;;10096;21;10099;17;;;10091.0;0.0
yf_ZS=F_d6;14400;ASH_COATED_OSMIUM;9974;14;9971;21;;;9980;18;9983;21;;;9977.0;0.0
yf_ZS=F_d6;14400;INTARIAN_PEPPER_ROOT;10084;18;10081;18;;;10090;8;10092;24;;;10087.0;0.0
yf_ZS=F_d6;14500;ASH_COATED_OSMIUM;9962;8;9959;25;;;9991;18;9995;24;;;9976.5;0.0
yf_ZS=F_d6;14500;INTARIAN_PEPPER_ROOT;10080;25;10076;14;;;10086;19;10090;24;;;10083.0;0.0
yf_ZS=F_d6;14600;ASH_COATED_OSMIUM;9965;5;9962;23;;;9988;14;9992;17;;;9976.5;0.0
yf_ZS=F_d6;14600;INTARIAN_PEPPER_ROOT;10069;7;10065;19;;;10091;17;10095;26;;;10080.0;0.0
yf_ZS=F_d6;14700;ASH_COATED_OSMIUM;9973;20;9970;25;;;9979;8;9983;17;;;9976.0;0.0
yf_ZS=F_d6;14700;INTARIAN_PEPPER_ROOT;10074;11;10072;16;;;10080;18;10083;17;;;10077.0;0.0
yf_ZS=F_d6;14800;ASH_COATED_OSMIUM;9973;11;9970;20;;;9979;16;9982;28;;;9976.0;0.0
yf_ZS=F_d6;14800;INTARIAN_PEPPER_ROOT;10059;18;10057;10;;;10088;20;10092;15;;;10073.5;0.0
yf_ZS=F_d6;14900;ASH_COATED_OSMIUM;9973;9;9970;19;;;9981;12;9984;17;;;9977.0;0.0
yf_ZS=F_d6;14900;INTARIAN_PEPPER_ROOT;10067;16;10065;24;;;10073;11;10077;27;;;10070.0;0.0
yf_ZS=F_d6;15000;ASH_COATED_OSMIUM;9974;12;9971;21;;;9980;11;9983;16;;;9977.0;0.0
yf_ZS=F_d6;15000;INTARIAN_PEPPER_ROOT;10063;17;10059;13;;;10069;19;10071;14;;;10066.0;0.0
yf_ZS=F_d6;15100;ASH_COATED_OSMIUM;9971;20;9968;8;;;9981;15;9983;16;;;9976.0;0.0
yf_ZS=F_d6;15100;INTARIAN_PEPPER_ROOT;10056;9;10053;16;;;10069;18;10072;13;;;10062.5;0.0
yf_ZS=F_d6;15200;ASH_COATED_OSMIUM;9974;9;9970;9;;;9980;5;9982;10;;;9977.0;0.0
yf_ZS=F_d6;15200;INTARIAN_PEPPER_ROOT;10056;12;10054;21;;;10062;10;10066;13;;;10059.0;0.0
yf_ZS=F_d6;15300;ASH_COATED_OSMIUM;9974;11;9971;20;;;9980;27;9984;26;;;9977.0;0.0
yf_ZS=F_d6;15300;INTARIAN_PEPPER_ROOT;10053;21;10051;21;;;10059;18;10063;28;;;10056.0;0.0
yf_ZS=F_d6;15400;ASH_COATED_OSMIUM;9974;20;9970;19;;;9980;20;9984;16;;;9977.0;0.0
yf_ZS=F_d6;15400;INTARIAN_PEPPER_ROOT;10042;16;10038;22;;;10063;12;10065;13;;;10052.5;0.0
yf_ZS=F_d6;15500;ASH_COATED_OSMIUM;9974;15;9971;26;;;9980;20;9982;20;;;9977.0;0.0
yf_ZS=F_d6;15500;INTARIAN_PEPPER_ROOT;10047;16;10044;18;;;10053;11;10056;14;;;10050.0;0.0
yf_ZS=F_d6;15600;ASH_COATED_OSMIUM;9973;13;9969;23;;;9979;15;9982;15;;;9976.0;0.0
yf_ZS=F_d6;15600;INTARIAN_PEPPER_ROOT;10017;15;10015;19;;;10073;17;10076;25;;;10045.0;0.0
yf_ZS=F_d6;15700;ASH_COATED_OSMIUM;9970;10;9968;24;;;9982;15;9985;24;;;9976.0;0.0
yf_ZS=F_d6;15700;INTARIAN_PEPPER_ROOT;10033;13;10031;17;;;10051;12;10053;18;;;10042.0;0.0
yf_ZS=F_d6;15800;ASH_COATED_OSMIUM;9973;9;9971;23;;;9979;13;9981;27;;;9976.0;0.0
yf_ZS=F_d6;15800;INTARIAN_PEPPER_ROOT;10035;21;10031;16;;;10041;19;10045;25;;;10038.0;0.0
yf_ZS=F_d6;15900;ASH_COATED_OSMIUM;9973;7;9970;11;;;9979;13;9982;26;;;9976.0;0.0
yf_ZS=F_d6;15900;INTARIAN_PEPPER_ROOT;10032;16;10029;20;;;10038;16;10041;13;;;10035.0;0.0
yf_ZS=F_d6;16000;ASH_COATED_OSMIUM;9974;19;9971;22;;;9980;18;9983;19;;;9977.0;0.0
yf_ZS=F_d6;16000;INTARIAN_PEPPER_ROOT;10028;11;10025;14;;;10034;26;10037;12;;;10031.0;0.0
yf_ZS=F_d6;16100;ASH_COATED_OSMIUM;9973;16;9971;20;;;9979;27;9983;25;;;9976.0;0.0
yf_ZS=F_d6;16100;INTARIAN_PEPPER_ROOT;10025;12;10022;25;;;10031;23;10035;16;;;10028.0;0.0
yf_ZS=F_d6;16200;ASH_COATED_OSMIUM;9973;7;9970;21;;;9979;13;9983;20;;;9976.0;0.0
yf_ZS=F_d6;16200;INTARIAN_PEPPER_ROOT;10019;16;10017;13;;;10031;19;10035;16;;;10025.0;0.0
yf_ZS=F_d6;16300;ASH_COATED_OSMIUM;9964;16;9961;29;;;9990;17;9994;21;;;9977.0;0.0
yf_ZS=F_d6;16300;INTARIAN_PEPPER_ROOT;10018;17;10016;23;;;10024;18;10028;21;;;10021.0;0.0
yf_ZS=F_d6;16400;ASH_COATED_OSMIUM;9971;17;9968;13;;;9982;24;9986;14;;;9976.5;0.0
yf_ZS=F_d6;16400;INTARIAN_PEPPER_ROOT;10014;6;10011;17;;;10020;18;10024;20;;;10017.0;0.0
yf_ZS=F_d6;16500;ASH_COATED_OSMIUM;9974;22;9972;17;;;9980;27;9982;20;;;9977.0;0.0
yf_ZS=F_d6;16500;INTARIAN_PEPPER_ROOT;10011;13;10007;19;;;10017;22;10019;19;;;10014.0;0.0
yf_ZS=F_d6;16600;ASH_COATED_OSMIUM;9973;14;9971;31;;;9980;16;9984;24;;;9976.5;0.0
yf_ZS=F_d6;16600;INTARIAN_PEPPER_ROOT;10007;15;10005;19;;;10013;7;10017;17;;;10010.0;0.0
yf_ZS=F_d6;16700;ASH_COATED_OSMIUM;9974;17;9972;21;;;9980;14;9984;16;;;9977.0;0.0
yf_ZS=F_d6;16700;INTARIAN_PEPPER_ROOT;10003;23;9999;18;;;10009;9;10011;27;;;10006.0;0.0
yf_ZS=F_d6;16800;ASH_COATED_OSMIUM;9973;18;9970;20;;;9979;7;9981;21;;;9976.0;0.0
yf_ZS=F_d6;16800;INTARIAN_PEPPER_ROOT;9990;18;9987;15;;;10018;20;10021;16;;;10004.0;0.0
yf_ZS=F_d6;16900;ASH_COATED_OSMIUM;9965;17;9963;19;;;9988;16;9990;26;;;9976.5;0.0
yf_ZS=F_d6;16900;INTARIAN_PEPPER_ROOT;9980;13;9976;17;;;10020;11;10022;27;;;10000.0;0.0
yf_ZS=F_d6;17000;ASH_COATED_OSMIUM;9973;9;9971;26;;;9981;16;9984;20;;;9977.0;0.0
yf_ZS=F_d6;17000;INTARIAN_PEPPER_ROOT;9997;18;9994;20;;;10003;8;10005;26;;;10000.0;0.0
yf_ZS=F_d6;17100;ASH_COATED_OSMIUM;9974;21;9970;24;;;9980;16;9983;18;;;9977.0;0.0
yf_ZS=F_d6;17100;INTARIAN_PEPPER_ROOT;9999;13;9996;27;;;10005;16;10008;21;;;10002.0;0.0
yf_ZS=F_d6;17200;ASH_COATED_OSMIUM;9971;15;9969;8;;;9984;20;9987;31;;;9977.5;0.0
yf_ZS=F_d6;17200;INTARIAN_PEPPER_ROOT;10001;16;9999;26;;;10007;21;10011;13;;;10004.0;0.0
yf_ZS=F_d6;17300;ASH_COATED_OSMIUM;9973;15;9969;19;;;9981;11;9983;21;;;9977.0;0.0
yf_ZS=F_d6;17300;INTARIAN_PEPPER_ROOT;10003;11;9999;24;;;10009;19;10013;17;;;10006.0;0.0
yf_ZS=F_d6;17400;ASH_COATED_OSMIUM;9974;21;9971;23;;;9980;7;9983;19;;;9977.0;0.0
yf_ZS=F_d6;17400;INTARIAN_PEPPER_ROOT;10005;18;10002;33;;;10011;24;10015;13;;;10008.0;0.0
yf_ZS=F_d6;17500;ASH_COATED_OSMIUM;9972;8;9969;26;;;9983;20;9987;21;;;9977.5;0.0
yf_ZS=F_d6;17500;INTARIAN_PEPPER_ROOT;10006;5;10002;20;;;10015;17;10017;21;;;10010.5;0.0
yf_ZS=F_d6;17600;ASH_COATED_OSMIUM;9971;18;9969;21;;;9983;20;9987;17;;;9977.0;0.0
yf_ZS=F_d6;17600;INTARIAN_PEPPER_ROOT;10009;22;10006;19;;;10015;18;10019;26;;;10012.0;0.0
yf_ZS=F_d6;17700;ASH_COATED_OSMIUM;9974;20;9972;18;;;9980;20;9984;17;;;9977.0;0.0
yf_ZS=F_d6;17700;INTARIAN_PEPPER_ROOT;10011;10;10007;18;;;10017;12;10020;15;;;10014.0;0.0
yf_ZS=F_d6;17800;ASH_COATED_OSMIUM;9975;11;9973;29;;;9981;18;9983;20;;;9978.0;0.0
yf_ZS=F_d6;17800;INTARIAN_PEPPER_ROOT;10013;8;10009;20;;;10019;20;10022;18;;;10016.0;0.0
yf_ZS=F_d6;17900;ASH_COATED_OSMIUM;9974;11;9972;17;;;9981;10;9984;28;;;9977.5;0.0
yf_ZS=F_d6;17900;INTARIAN_PEPPER_ROOT;10016;5;10014;21;;;10022;13;10025;18;;;10019.0;0.0
yf_ZS=F_d6;18000;ASH_COATED_OSMIUM;9975;17;9971;22;;;9981;17;9984;14;;;9978.0;0.0
yf_ZS=F_d6;18000;INTARIAN_PEPPER_ROOT;10011;10;10007;12;;;10032;14;10034;22;;;10021.5;0.0
yf_ZS=F_d6;18100;ASH_COATED_OSMIUM;9975;6;9972;24;;;9981;20;9983;24;;;9978.0;0.0
yf_ZS=F_d6;18100;INTARIAN_PEPPER_ROOT;10020;13;10016;22;;;10026;21;10028;21;;;10023.0;0.0
yf_ZS=F_d6;18200;ASH_COATED_OSMIUM;9975;15;9973;27;;;9981;9;9984;18;;;9978.0;0.0
yf_ZS=F_d6;18200;INTARIAN_PEPPER_ROOT;10022;8;10018;23;;;10028;17;10030;23;;;10025.0;0.0
yf_ZS=F_d6;18300;ASH_COATED_OSMIUM;9968;15;9964;13;;;9989;12;9991;20;;;9978.5;0.0
yf_ZS=F_d6;18300;INTARIAN_PEPPER_ROOT;10024;12;10021;20;;;10030;20;10033;28;;;10027.0;0.0
yf_ZS=F_d6;18400;ASH_COATED_OSMIUM;9975;9;9973;15;;;9981;17;9984;17;;;9978.0;0.0
yf_ZS=F_d6;18400;INTARIAN_PEPPER_ROOT;10024;9;10021;17;;;10036;10;10038;19;;;10030.0;0.0
yf_ZS=F_d6;18500;ASH_COATED_OSMIUM;9971;17;9968;13;;;9986;16;9989;17;;;9978.5;0.0
yf_ZS=F_d6;18500;INTARIAN_PEPPER_ROOT;10029;12;10025;14;;;10035;13;10038;12;;;10032.0;0.0
yf_ZS=F_d6;18600;ASH_COATED_OSMIUM;9970;17;9966;9;;;9986;14;9990;17;;;9978.0;0.0
yf_ZS=F_d6;18600;INTARIAN_PEPPER_ROOT;10023;21;10020;18;;;10045;17;10049;15;;;10034.0;0.0
yf_ZS=F_d6;18700;ASH_COATED_OSMIUM;9971;9;9967;24;;;9988;20;9991;13;;;9979.5;0.0
yf_ZS=F_d6;18700;INTARIAN_PEPPER_ROOT;10032;19;10029;12;;;10042;16;10045;27;;;10037.0;0.0
yf_ZS=F_d6;18800;ASH_COATED_OSMIUM;9976;16;9972;14;;;9982;12;9984;23;;;9979.0;0.0
yf_ZS=F_d6;18800;INTARIAN_PEPPER_ROOT;10036;17;10034;15;;;10042;25;10044;11;;;10039.0;0.0
yf_ZS=F_d6;18900;ASH_COATED_OSMIUM;9976;11;9972;33;;;9982;26;9985;21;;;9979.0;0.0
yf_ZS=F_d6;18900;INTARIAN_PEPPER_ROOT;10038;19;10035;14;;;10044;5;10046;17;;;10041.0;0.0
yf_ZS=F_d6;19000;ASH_COATED_OSMIUM;9977;13;9974;19;;;9983;12;9987;21;;;9980.0;0.0
yf_ZS=F_d6;19000;INTARIAN_PEPPER_ROOT;10040;20;10036;12;;;10046;17;10049;22;;;10043.0;0.0
yf_ZS=F_d6;19100;ASH_COATED_OSMIUM;9977;17;9973;25;;;9983;7;9985;24;;;9980.0;0.0
yf_ZS=F_d6;19100;INTARIAN_PEPPER_ROOT;10042;20;10038;12;;;10048;14;10050;23;;;10045.0;0.0
yf_ZS=F_d6;19200;ASH_COATED_OSMIUM;9974;19;9971;14;;;9986;20;9989;28;;;9980.0;0.0
yf_ZS=F_d6;19200;INTARIAN_PEPPER_ROOT;10044;14;10041;19;;;10051;15;10055;17;;;10047.5;0.0
yf_ZS=F_d6;19300;ASH_COATED_OSMIUM;9972;13;9970;17;;;9988;10;9991;17;;;9980.0;0.0
yf_ZS=F_d6;19300;INTARIAN_PEPPER_ROOT;10046;12;10043;15;;;10052;17;10055;26;;;10049.0;0.0
yf_ZS=F_d6;19400;ASH_COATED_OSMIUM;9977;5;9973;23;;;9983;14;9985;19;;;9980.0;0.0
yf_ZS=F_d6;19400;INTARIAN_PEPPER_ROOT;10048;9;10046;25;;;10054;16;10058;14;;;10051.0;0.0
yf_ZS=F_d6;19500;ASH_COATED_OSMIUM;9977;16;9973;31;;;9983;22;9985;12;;;9980.0;0.0
yf_ZS=F_d6;19500;INTARIAN_PEPPER_ROOT;10051;11;10049;20;;;10057;7;10061;27;;;10054.0;0.0
yf_ZS=F_d6;19600;ASH_COATED_OSMIUM;9977;16;9975;21;;;9983;11;9987;13;;;9980.0;0.0
yf_ZS=F_d6;19600;INTARIAN_PEPPER_ROOT;10053;10;10051;11;;;10059;17;10063;20;;;10056.0;0.0
yf_ZS=F_d6;19700;ASH_COATED_OSMIUM;9977;23;9973;21;;;9983;15;9986;19;;;9980.0;0.0
yf_ZS=F_d6;19700;INTARIAN_PEPPER_ROOT;10055;14;10053;17;;;10061;10;10063;23;;;10058.0;0.0
yf_ZS=F_d6;19800;ASH_COATED_OSMIUM;9977;9;9975;28;;;9983;16;9986;17;;;9980.0;0.0
yf_ZS=F_d6;19800;INTARIAN_PEPPER_ROOT;10057;18;10053;20;;;10063;12;10066;14;;;10060.0;0.0
yf_ZS=F_d6;19900;ASH_COATED_OSMIUM;9976;9;9973;25;;;9986;19;9988;21;;;9981.0;0.0
yf_ZS=F_d6;19900;INTARIAN_PEPPER_ROOT;10058;12;10056;27;;;10067;18;10071;18;;;10062.5;0.0
yf_ZS=F_d6;20000;ASH_COATED_OSMIUM;9977;10;9973;20;;;9983;18;9986;13;;;9980.0;0.0
yf_ZS=F_d6;20000;INTARIAN_PEPPER_ROOT;10060;10;10056;26;;;10070;17;10072;23;;;10065.0;0.0
yf_ZS=F_d6;20100;ASH_COATED_OSMIUM;9964;20;9961;12;;;9997;22;10001;25;;;9980.5;0.0
yf_ZS=F_d6;20100;INTARIAN_PEPPER_ROOT;10064;18;10060;20;;;10070;12;10074;24;;;10067.0;0.0
yf_ZS=F_d6;20200;ASH_COATED_OSMIUM;9978;21;9975;24;;;9984;22;9987;21;;;9981.0;0.0
yf_ZS=F_d6;20200;INTARIAN_PEPPER_ROOT;10062;18;10059;30;;;10076;25;10079;17;;;10069.0;0.0
yf_ZS=F_d6;20300;ASH_COATED_OSMIUM;9978;10;9975;21;;;9984;14;9986;27;;;9981.0;0.0
yf_ZS=F_d6;20300;INTARIAN_PEPPER_ROOT;10066;9;10062;20;;;10076;5;10078;21;;;10071.0;0.0
yf_ZS=F_d6;20400;ASH_COATED_OSMIUM;9978;9;9976;18;;;9984;7;9986;27;;;9981.0;0.0
yf_ZS=F_d6;20400;INTARIAN_PEPPER_ROOT;10068;11;10064;23;;;10078;17;10082;16;;;10073.0;0.0
yf_ZS=F_d6;20500;ASH_COATED_OSMIUM;9979;19;9977;21;;;9985;12;9989;17;;;9982.0;0.0
yf_ZS=F_d6;20500;INTARIAN_PEPPER_ROOT;10068;13;10064;33;;;10084;16;10087;20;;;10076.0;0.0
yf_ZS=F_d6;20600;ASH_COATED_OSMIUM;9979;16;9975;17;;;9985;13;9989;29;;;9982.0;0.0
yf_ZS=F_d6;20600;INTARIAN_PEPPER_ROOT;10075;12;10073;25;;;10082;12;10086;21;;;10078.5;0.0
yf_ZS=F_d6;20700;ASH_COATED_OSMIUM;9976;14;9973;25;;;9988;19;9990;18;;;9982.0;0.0
yf_ZS=F_d6;20700;INTARIAN_PEPPER_ROOT;10077;16;10074;14;;;10083;16;10085;24;;;10080.0;0.0
yf_ZS=F_d6;20800;ASH_COATED_OSMIUM;9972;24;9970;20;;;9992;13;9996;18;;;9982.0;0.0
yf_ZS=F_d6;20800;INTARIAN_PEPPER_ROOT;10079;11;10076;26;;;10085;20;10088;9;;;10082.0;0.0
yf_ZS=F_d6;20900;ASH_COATED_OSMIUM;9979;22;9975;21;;;9985;5;9987;14;;;9982.0;0.0
yf_ZS=F_d6;20900;INTARIAN_PEPPER_ROOT;10081;12;10079;23;;;10087;8;10089;21;;;10084.0;0.0
yf_ZS=F_d6;21000;ASH_COATED_OSMIUM;9979;16;9975;13;;;9985;16;9988;31;;;9982.0;0.0
yf_ZS=F_d6;21000;INTARIAN_PEPPER_ROOT;10080;15;10077;26;;;10092;10;10094;26;;;10086.0;0.0
yf_ZS=F_d6;21100;ASH_COATED_OSMIUM;9978;9;9974;32;;;9987;18;9990;10;;;9982.5;0.0
yf_ZS=F_d6;21100;INTARIAN_PEPPER_ROOT;10085;22;10083;20;;;10093;16;10095;17;;;10089.0;0.0
yf_ZS=F_d6;21200;ASH_COATED_OSMIUM;9968;15;9965;18;;;9997;14;10000;24;;;9982.5;0.0
yf_ZS=F_d6;21200;INTARIAN_PEPPER_ROOT;10085;7;10081;24;;;10096;14;10099;20;;;10090.5;0.0
yf_ZS=F_d6;21300;ASH_COATED_OSMIUM;9975;12;9971;17;;;9990;13;9992;18;;;9982.5;0.0
yf_ZS=F_d6;21300;INTARIAN_PEPPER_ROOT;10089;5;10085;26;;;10096;8;10099;31;;;10092.5;0.0
yf_ZS=F_d6;21400;ASH_COATED_OSMIUM;9979;25;9977;18;;;9985;11;9987;27;;;9982.0;0.0
yf_ZS=F_d6;21400;INTARIAN_PEPPER_ROOT;10089;22;10085;13;;;10101;25;10103;15;;;10095.0;0.0
yf_ZS=F_d6;21500;ASH_COATED_OSMIUM;9979;14;9976;20;;;9985;21;9987;24;;;9982.0;0.0
yf_ZS=F_d6;21500;INTARIAN_PEPPER_ROOT;10092;16;10089;22;;;10101;17;10103;18;;;10096.5;0.0
yf_ZS=F_d6;21600;ASH_COATED_OSMIUM;9980;9;9977;16;;;9986;10;9990;21;;;9983.0;0.0
yf_ZS=F_d6;21600;INTARIAN_PEPPER_ROOT;10095;9;10091;23;;;10104;21;10107;17;;;10099.5;0.0
yf_ZS=F_d6;21700;ASH_COATED_OSMIUM;9979;15;9977;14;;;9988;16;9991;18;;;9983.5;0.0
yf_ZS=F_d6;21700;INTARIAN_PEPPER_ROOT;10098;16;10096;15;;;10104;13;10106;22;;;10101.0;0.0
yf_ZS=F_d6;21800;ASH_COATED_OSMIUM;9980;13;9978;17;;;9986;17;9990;25;;;9983.0;0.0
yf_ZS=F_d6;21800;INTARIAN_PEPPER_ROOT;10097;23;10095;25;;;10109;15;10111;18;;;10103.0;0.0
yf_ZS=F_d6;21900;ASH_COATED_OSMIUM;9980;15;9978;19;;;9986;19;9990;23;;;9983.0;0.0
yf_ZS=F_d6;21900;INTARIAN_PEPPER_ROOT;10102;10;10099;28;;;10108;17;10112;16;;;10105.0;0.0
yf_ZS=F_d6;22000;ASH_COATED_OSMIUM;9976;11;9973;23;;;9989;19;9991;21;;;9982.5;0.0
yf_ZS=F_d6;22000;INTARIAN_PEPPER_ROOT;10105;20;10103;23;;;10111;11;10113;22;;;10108.0;0.0
yf_ZS=F_d6;22100;ASH_COATED_OSMIUM;9980;16;9976;23;;;9986;14;9988;14;;;9983.0;0.0
yf_ZS=F_d6;22100;INTARIAN_PEPPER_ROOT;10107;20;10105;24;;;10113;15;10116;15;;;10110.0;0.0
yf_ZS=F_d6;22200;ASH_COATED_OSMIUM;9981;16;9979;21;;;9987;18;9989;19;;;9984.0;0.0
yf_ZS=F_d6;22200;INTARIAN_PEPPER_ROOT;10110;14;10108;18;;;10116;20;10120;24;;;10113.0;0.0
yf_ZS=F_d6;22300;ASH_COATED_OSMIUM;9978;16;9974;23;;;9989;23;9993;19;;;9983.5;0.0
yf_ZS=F_d6;22300;INTARIAN_PEPPER_ROOT;10107;14;10105;17;;;10122;20;10125;20;;;10114.5;0.0
yf_ZS=F_d6;22400;ASH_COATED_OSMIUM;9975;22;9972;30;;;9992;11;9995;19;;;9983.5;0.0
yf_ZS=F_d6;22400;INTARIAN_PEPPER_ROOT;10113;26;10111;13;;;10120;15;10122;21;;;10116.5;0.0
yf_ZS=F_d6;22500;ASH_COATED_OSMIUM;9979;18;9977;25;;;9988;6;9990;22;;;9983.5;0.0
yf_ZS=F_d6;22500;INTARIAN_PEPPER_ROOT;10115;16;10112;11;;;10121;22;10124;18;;;10118.0;0.0
yf_ZS=F_d6;22600;ASH_COATED_OSMIUM;9981;15;9977;23;;;9987;17;9991;16;;;9984.0;0.0
yf_ZS=F_d6;22600;INTARIAN_PEPPER_ROOT;10108;18;10105;22;;;10134;15;10138;21;;;10121.0;0.0
yf_ZS=F_d6;22700;ASH_COATED_OSMIUM;9982;14;9980;22;;;9988;14;9992;17;;;9985.0;0.0
yf_ZS=F_d6;22700;INTARIAN_PEPPER_ROOT;10120;8;10118;18;;;10126;14;10130;10;;;10123.0;0.0
yf_ZS=F_d6;22800;ASH_COATED_OSMIUM;9981;21;9977;23;;;9987;19;9989;21;;;9984.0;0.0
yf_ZS=F_d6;22800;INTARIAN_PEPPER_ROOT;10122;16;10119;23;;;10128;12;10130;28;;;10125.0;0.0
yf_ZS=F_d6;22900;ASH_COATED_OSMIUM;9982;11;9979;16;;;9988;9;9991;19;;;9985.0;0.0
yf_ZS=F_d6;22900;INTARIAN_PEPPER_ROOT;10125;9;10121;20;;;10131;16;10133;23;;;10128.0;0.0
yf_ZS=F_d6;23000;ASH_COATED_OSMIUM;9982;20;9980;20;;;9988;7;9990;27;;;9985.0;0.0
yf_ZS=F_d6;23000;INTARIAN_PEPPER_ROOT;10126;12;10123;21;;;10133;21;10137;14;;;10129.5;0.0
yf_ZS=F_d6;23100;ASH_COATED_OSMIUM;9982;12;9980;8;;;9988;18;9991;12;;;9985.0;0.0
yf_ZS=F_d6;23100;INTARIAN_PEPPER_ROOT;10126;12;10122;9;;;10138;26;10141;21;;;10132.0;0.0
yf_ZS=F_d6;23200;ASH_COATED_OSMIUM;9981;18;9977;20;;;9989;18;9992;18;;;9985.0;0.0
yf_ZS=F_d6;23200;INTARIAN_PEPPER_ROOT;10131;8;10128;15;;;10137;10;10141;28;;;10134.0;0.0
yf_ZS=F_d6;23300;ASH_COATED_OSMIUM;9973;5;9969;22;;;9997;23;10000;16;;;9985.0;0.0
yf_ZS=F_d6;23300;INTARIAN_PEPPER_ROOT;10128;9;10124;15;;;10145;6;10149;26;;;10136.5;0.0
yf_ZS=F_d6;23400;ASH_COATED_OSMIUM;9983;13;9979;13;;;9989;16;9992;19;;;9986.0;0.0
yf_ZS=F_d6;23400;INTARIAN_PEPPER_ROOT;10133;20;10130;20;;;10144;15;10147;21;;;10138.5;0.0
yf_ZS=F_d6;23500;ASH_COATED_OSMIUM;9982;10;9980;19;;;9988;9;9990;23;;;9985.0;0.0
yf_ZS=F_d6;23500;INTARIAN_PEPPER_ROOT;10138;20;10135;25;;;10144;16;10147;16;;;10141.0;0.0
yf_ZS=F_d6;23600;ASH_COATED_OSMIUM;9982;20;9978;18;;;9988;20;9992;20;;;9985.0;0.0
yf_ZS=F_d6;23600;INTARIAN_PEPPER_ROOT;10140;13;10137;13;;;10146;6;10149;25;;;10143.0;0.0
yf_ZS=F_d6;23700;ASH_COATED_OSMIUM;9981;16;9979;13;;;9990;22;9992;20;;;9985.5;0.0
yf_ZS=F_d6;23700;INTARIAN_PEPPER_ROOT;10142;26;10139;14;;;10148;9;10151;25;;;10145.0;0.0
yf_ZS=F_d6;23800;ASH_COATED_OSMIUM;9980;17;9977;19;;;9990;16;9994;19;;;9985.0;0.0
yf_ZS=F_d6;23800;INTARIAN_PEPPER_ROOT;10144;18;10140;23;;;10150;12;10153;18;;;10147.0;0.0
yf_ZS=F_d6;23900;ASH_COATED_OSMIUM;9983;20;9979;19;;;9989;16;9991;20;;;9986.0;0.0
yf_ZS=F_d6;23900;INTARIAN_PEPPER_ROOT;10147;15;10145;13;;;10153;15;10156;23;;;10150.0;0.0
yf_ZS=F_d6;24000;ASH_COATED_OSMIUM;9973;15;9970;24;;;10000;19;10003;18;;;9986.5;0.0
yf_ZS=F_d6;24000;INTARIAN_PEPPER_ROOT;10148;18;10146;24;;;10154;12;10157;18;;;10151.0;0.0
yf_ZS=F_d6;24100;ASH_COATED_OSMIUM;9973;19;9970;23;;;9998;12;10002;19;;;9985.5;0.0
yf_ZS=F_d6;24100;INTARIAN_PEPPER_ROOT;10150;11;10147;22;;;10156;15;10160;13;;;10153.0;0.0
yf_ZS=F_d6;24200;ASH_COATED_OSMIUM;9983;21;9981;20;;;9989;16;9991;16;;;9986.0;0.0
yf_ZS=F_d6;24200;INTARIAN_PEPPER_ROOT;10152;20;10148;19;;;10158;11;10160;19;;;10155.0;0.0
yf_ZS=F_d6;24300;ASH_COATED_OSMIUM;9983;18;9981;20;;;9989;15;9993;23;;;9986.0;0.0
yf_ZS=F_d6;24300;INTARIAN_PEPPER_ROOT;10155;29;10153;21;;;10161;16;10164;22;;;10158.0;0.0
yf_ZS=F_d6;24400;ASH_COATED_OSMIUM;9983;17;9980;18;;;9989;19;9992;20;;;9986.0;0.0
yf_ZS=F_d6;24400;INTARIAN_PEPPER_ROOT;10155;11;10151;26;;;10165;17;10168;19;;;10160.0;0.0
yf_ZS=F_d6;24500;ASH_COATED_OSMIUM;9983;10;9979;22;;;9989;18;9992;14;;;9986.0;0.0
yf_ZS=F_d6;24500;INTARIAN_PEPPER_ROOT;10159;19;10156;24;;;10165;16;10169;31;;;10162.0;0.0
yf_ZS=F_d6;24600;ASH_COATED_OSMIUM;9984;24;9980;19;;;9990;11;9993;21;;;9987.0;0.0
yf_ZS=F_d6;24600;INTARIAN_PEPPER_ROOT;10159;17;10155;17;;;10170;12;10172;25;;;10164.5;0.0
yf_ZS=F_d6;24700;ASH_COATED_OSMIUM;9983;14;9979;24;;;9989;14;9992;20;;;9986.0;0.0
yf_ZS=F_d6;24700;INTARIAN_PEPPER_ROOT;10163;11;10161;23;;;10169;14;10172;28;;;10166.0;0.0
yf_ZS=F_d6;24800;ASH_COATED_OSMIUM;9984;13;9982;21;;;9990;11;9994;26;;;9987.0;0.0
yf_ZS=F_d6;24800;INTARIAN_PEPPER_ROOT;10166;6;10162;13;;;10172;20;10175;18;;;10169.0;0.0
yf_ZS=F_d6;24900;ASH_COATED_OSMIUM;9984;16;9981;20;;;9990;13;9993;11;;;9987.0;0.0
yf_ZS=F_d6;24900;INTARIAN_PEPPER_ROOT;10162;12;10158;20;;;10180;16;10184;19;;;10171.0;0.0
yf_ZS=F_d6;25000;ASH_COATED_OSMIUM;9978;9;9974;19;;;9996;10;9999;20;;;9987.0;0.0
yf_ZS=F_d6;25000;INTARIAN_PEPPER_ROOT;10168;17;10165;19;;;10178;14;10180;20;;;10173.0;0.0
yf_ZS=F_d6;25100;ASH_COATED_OSMIUM;9972;20;9969;21;;;10003;14;10007;14;;;9987.5;0.0
yf_ZS=F_d6;25100;INTARIAN_PEPPER_ROOT;10166;5;10162;19;;;10185;10;10187;24;;;10175.5;0.0
yf_ZS=F_d6;25200;ASH_COATED_OSMIUM;9984;13;9981;13;;;9990;22;9992;27;;;9987.0;0.0
yf_ZS=F_d6;25200;INTARIAN_PEPPER_ROOT;10174;16;10170;19;;;10180;11;10182;19;;;10177.0;0.0
yf_ZS=F_d6;25300;ASH_COATED_OSMIUM;9983;8;9981;20;;;9991;17;9993;19;;;9987.0;0.0
yf_ZS=F_d6;25300;INTARIAN_PEPPER_ROOT;10175;16;10173;25;;;10185;23;10188;18;;;10180.0;0.0
yf_ZS=F_d6;25400;ASH_COATED_OSMIUM;9985;21;9983;25;;;9991;18;9994;18;;;9988.0;0.0
yf_ZS=F_d6;25400;INTARIAN_PEPPER_ROOT;10179;16;10177;19;;;10185;15;10189;27;;;10182.0;0.0
yf_ZS=F_d6;25500;ASH_COATED_OSMIUM;9985;9;9982;23;;;9991;14;9995;9;;;9988.0;0.0
yf_ZS=F_d6;25500;INTARIAN_PEPPER_ROOT;10181;22;10179;16;;;10187;25;10189;22;;;10184.0;0.0
yf_ZS=F_d6;25600;ASH_COATED_OSMIUM;9979;20;9976;28;;;9998;20;10000;19;;;9988.5;0.0
yf_ZS=F_d6;25600;INTARIAN_PEPPER_ROOT;10169;15;10167;14;;;10203;22;10207;19;;;10186.0;0.0
yf_ZS=F_d6;25700;ASH_COATED_OSMIUM;9985;7;9983;17;;;9991;16;9995;25;;;9988.0;0.0
yf_ZS=F_d6;25700;INTARIAN_PEPPER_ROOT;10185;8;10183;18;;;10191;17;10195;25;;;10188.0;0.0
yf_ZS=F_d6;25800;ASH_COATED_OSMIUM;9980;9;9978;24;;;9997;11;10001;16;;;9988.5;0.0
yf_ZS=F_d6;25800;INTARIAN_PEPPER_ROOT;10186;10;10183;23;;;10194;30;10197;24;;;10190.0;0.0
yf_ZS=F_d6;25900;ASH_COATED_OSMIUM;9985;14;9982;24;;;9991;13;9993;15;;;9988.0;0.0
yf_ZS=F_d6;25900;INTARIAN_PEPPER_ROOT;10189;15;10187;14;;;10196;14;10200;24;;;10192.5;0.0
yf_ZS=F_d6;26000;ASH_COATED_OSMIUM;9985;10;9982;34;;;9991;16;9994;20;;;9988.0;0.0
yf_ZS=F_d6;26000;INTARIAN_PEPPER_ROOT;10190;6;10186;17;;;10199;19;10201;25;;;10194.5;0.0
yf_ZS=F_d6;26100;ASH_COATED_OSMIUM;9986;20;9982;17;;;9992;15;9996;25;;;9989.0;0.0
yf_ZS=F_d6;26100;INTARIAN_PEPPER_ROOT;10194;16;10190;20;;;10200;19;10202;24;;;10197.0;0.0
yf_ZS=F_d6;26200;ASH_COATED_OSMIUM;9986;12;9983;23;;;9992;23;9995;15;;;9989.0;0.0
yf_ZS=F_d6;26200;INTARIAN_PEPPER_ROOT;10196;15;10194;18;;;10202;17;10206;19;;;10199.0;0.0
yf_ZS=F_d6;26300;ASH_COATED_OSMIUM;9979;18;9976;17;;;9997;12;10001;21;;;9988.0;0.0
yf_ZS=F_d6;26300;INTARIAN_PEPPER_ROOT;10198;14;10194;15;;;10204;14;10208;18;;;10201.0;0.0
yf_ZS=F_d6;26400;ASH_COATED_OSMIUM;9976;11;9972;18;;;10002;13;10005;19;;;9989.0;0.0
yf_ZS=F_d6;26400;INTARIAN_PEPPER_ROOT;10196;17;10192;22;;;10210;24;10213;22;;;10203.0;0.0
yf_ZS=F_d6;26500;ASH_COATED_OSMIUM;9986;22;9982;14;;;9992;12;9996;17;;;9989.0;0.0
yf_ZS=F_d6;26500;INTARIAN_PEPPER_ROOT;10203;8;10201;14;;;10209;8;10213;18;;;10206.0;0.0
yf_ZS=F_d6;26600;ASH_COATED_OSMIUM;9979;25;9975;20;;;10000;10;10004;17;;;9989.5;0.0
yf_ZS=F_d6;26600;INTARIAN_PEPPER_ROOT;10204;14;10200;26;;;10210;15;10214;21;;;10207.0;0.0
yf_ZS=F_d6;26700;ASH_COATED_OSMIUM;9985;14;9982;13;;;9993;18;9995;25;;;9989.0;0.0
yf_ZS=F_d6;26700;INTARIAN_PEPPER_ROOT;10206;15;10203;27;;;10212;11;10216;19;;;10209.0;0.0
yf_ZS=F_d6;26800;ASH_COATED_OSMIUM;9986;13;9984;15;;;9992;15;9996;16;;;9989.0;0.0
yf_ZS=F_d6;26800;INTARIAN_PEPPER_ROOT;10209;8;10205;34;;;10215;18;10218;19;;;10212.0;0.0
yf_ZS=F_d6;26900;ASH_COATED_OSMIUM;9986;18;9984;20;;;9992;17;9995;19;;;9989.0;0.0
yf_ZS=F_d6;26900;INTARIAN_PEPPER_ROOT;10211;11;10208;22;;;10217;15;10219;29;;;10214.0;0.0
yf_ZS=F_d6;27000;ASH_COATED_OSMIUM;9986;15;9984;23;;;9992;20;9996;18;;;9989.0;0.0
yf_ZS=F_d6;27000;INTARIAN_PEPPER_ROOT;10213;10;10209;16;;;10219;12;10222;29;;;10216.0;0.0
yf_ZS=F_d6;27100;ASH_COATED_OSMIUM;9986;14;9984;20;;;9993;15;9995;26;;;9989.5;0.0
yf_ZS=F_d6;27100;INTARIAN_PEPPER_ROOT;10211;9;10209;8;;;10226;12;10230;19;;;10218.5;0.0
yf_ZS=F_d6;27200;ASH_COATED_OSMIUM;9985;11;9981;19;;;9996;19;10000;22;;;9990.5;0.0
yf_ZS=F_d6;27200;INTARIAN_PEPPER_ROOT;10217;15;10215;25;;;10223;18;10227;18;;;10220.0;0.0
yf_ZS=F_d6;27300;ASH_COATED_OSMIUM;9988;20;9986;23;;;9994;8;9997;16;;;9991.0;0.0
yf_ZS=F_d6;27300;INTARIAN_PEPPER_ROOT;10215;10;10213;24;;;10231;16;10233;23;;;10223.0;0.0
yf_ZS=F_d6;27400;ASH_COATED_OSMIUM;9987;17;9984;26;;;9993;5;9996;21;;;9990.0;0.0
yf_ZS=F_d6;27400;INTARIAN_PEPPER_ROOT;10222;8;10218;14;;;10228;11;10232;22;;;10225.0;0.0
yf_ZS=F_d6;27500;ASH_COATED_OSMIUM;9987;7;9983;12;;;9994;17;9996;20;;;9990.5;0.0
yf_ZS=F_d6;27500;INTARIAN_PEPPER_ROOT;10224;15;10220;24;;;10230;11;10232;17;;;10227.0;0.0
yf_ZS=F_d6;27600;ASH_COATED_OSMIUM;9984;15;9982;21;;;9996;16;10000;24;;;9990.0;0.0
yf_ZS=F_d6;27600;INTARIAN_PEPPER_ROOT;10225;18;10221;24;;;10234;8;10236;8;;;10229.5;0.0
yf_ZS=F_d6;27700;ASH_COATED_OSMIUM;9986;12;9984;29;;;9994;19;9998;17;;;9990.0;0.0
yf_ZS=F_d6;27700;INTARIAN_PEPPER_ROOT;10229;12;10226;15;;;10235;18;10237;17;;;10232.0;0.0
yf_ZS=F_d6;27800;ASH_COATED_OSMIUM;9988;22;9985;24;;;9995;6;9997;22;;;9991.5;0.0
yf_ZS=F_d6;27800;INTARIAN_PEPPER_ROOT;10218;16;10214;8;;;10248;17;10251;24;;;10233.0;0.0
yf_ZS=F_d6;27900;ASH_COATED_OSMIUM;9988;21;9984;23;;;9994;7;9996;14;;;9991.0;0.0
yf_ZS=F_d6;27900;INTARIAN_PEPPER_ROOT;10223;14;10220;16;;;10249;12;10252;23;;;10236.0;0.0
yf_ZS=F_d6;28000;ASH_COATED_OSMIUM;9988;12;9984;16;;;9994;5;9998;18;;;9991.0;0.0
yf_ZS=F_d6;28000;INTARIAN_PEPPER_ROOT;10231;13;10229;20;;;10245;15;10248;23;;;10238.0;0.0
yf_ZS=F_d6;28100;ASH_COATED_OSMIUM;9988;12;9986;20;;;9994;13;9998;17;;;9991.0;0.0
yf_ZS=F_d6;28100;INTARIAN_PEPPER_ROOT;10237;28;10235;17;;;10243;10;10247;25;;;10240.0;0.0
yf_ZS=F_d6;28200;ASH_COATED_OSMIUM;9987;13;9984;15;;;9995;14;9998;27;;;9991.0;0.0
yf_ZS=F_d6;28200;INTARIAN_PEPPER_ROOT;10232;8;10230;29;;;10252;8;10255;16;;;10242.0;0.0
yf_ZS=F_d6;28300;ASH_COATED_OSMIUM;9989;16;9986;20;;;9995;9;9998;20;;;9992.0;0.0
yf_ZS=F_d6;28300;INTARIAN_PEPPER_ROOT;10238;8;10234;12;;;10252;14;10255;20;;;10245.0;0.0
yf_ZS=F_d6;28400;ASH_COATED_OSMIUM;9988;14;9984;19;;;9994;9;9997;25;;;9991.0;0.0
yf_ZS=F_d6;28400;INTARIAN_PEPPER_ROOT;10237;16;10234;17;;;10257;17;10260;19;;;10247.0;0.0
yf_ZS=F_d6;28500;ASH_COATED_OSMIUM;9986;17;9983;26;;;9996;15;9998;28;;;9991.0;0.0
yf_ZS=F_d6;28500;INTARIAN_PEPPER_ROOT;10242;20;10239;20;;;10256;8;10260;27;;;10249.0;0.0
yf_ZS=F_d6;28600;ASH_COATED_OSMIUM;9986;13;9984;23;;;9998;11;10002;15;;;9992.0;0.0
yf_ZS=F_d6;28600;INTARIAN_PEPPER_ROOT;10247;11;10245;19;;;10254;13;10258;20;;;10250.5;0.0
yf_ZS=F_d6;28700;ASH_COATED_OSMIUM;9981;16;9978;16;;;10003;18;10006;21;;;9992.0;0.0
yf_ZS=F_d6;28700;INTARIAN_PEPPER_ROOT;10250;12;10247;19;;;10256;5;10259;14;;;10253.0;0.0
yf_ZS=F_d6;28800;ASH_COATED_OSMIUM;9989;9;9985;18;;;9995;15;9997;34;;;9992.0;0.0
yf_ZS=F_d6;28800;INTARIAN_PEPPER_ROOT;10252;17;10249;21;;;10258;18;10261;14;;;10255.0;0.0
yf_ZS=F_d6;28900;ASH_COATED_OSMIUM;9990;15;9986;23;;;9996;18;9998;16;;;9993.0;0.0
yf_ZS=F_d6;28900;INTARIAN_PEPPER_ROOT;10255;21;10253;21;;;10261;17;10263;26;;;10258.0;0.0
yf_ZS=F_d6;29000;ASH_COATED_OSMIUM;9985;13;9981;24;;;9998;17;10002;21;;;9991.5;0.0
yf_ZS=F_d6;29000;INTARIAN_PEPPER_ROOT;10251;17;10247;21;;;10268;12;10272;25;;;10259.5;0.0
yf_ZS=F_d6;29100;ASH_COATED_OSMIUM;9990;22;9986;22;;;9996;10;10000;16;;;9993.0;0.0
yf_ZS=F_d6;29100;INTARIAN_PEPPER_ROOT;10256;14;10252;23;;;10267;9;10270;21;;;10261.5;0.0
yf_ZS=F_d6;29200;ASH_COATED_OSMIUM;9987;16;9984;17;;;9998;17;10000;22;;;9992.5;0.0
yf_ZS=F_d6;29200;INTARIAN_PEPPER_ROOT;10261;21;10259;20;;;10267;16;10271;17;;;10264.0;0.0
yf_ZS=F_d6;29300;ASH_COATED_OSMIUM;9989;15;9987;21;;;9995;24;9997;25;;;9992.0;0.0
yf_ZS=F_d6;29300;INTARIAN_PEPPER_ROOT;10263;22;10259;21;;;10269;9;10272;22;;;10266.0;0.0
yf_ZS=F_d6;29400;ASH_COATED_OSMIUM;9985;20;9983;20;;;10002;5;10004;20;;;9993.5;0.0
yf_ZS=F_d6;29400;INTARIAN_PEPPER_ROOT;10265;21;10263;19;;;10271;11;10275;19;;;10268.0;0.0
yf_ZS=F_d6;29500;ASH_COATED_OSMIUM;9989;11;9985;18;;;9997;27;10001;24;;;9993.0;0.0
yf_ZS=F_d6;29500;INTARIAN_PEPPER_ROOT;10259;11;10257;26;;;10282;13;10286;19;;;10270.5;0.0
yf_ZS=F_d6;29600;ASH_COATED_OSMIUM;9988;11;9986;27;;;9998;10;10001;18;;;9993.0;0.0
yf_ZS=F_d6;29600;INTARIAN_PEPPER_ROOT;10268;29;10264;19;;;10278;5;10282;26;;;10273.0;0.0
yf_ZS=F_d6;29700;ASH_COATED_OSMIUM;9984;20;9980;17;;;10002;20;10004;22;;;9993.0;0.0
yf_ZS=F_d6;29700;INTARIAN_PEPPER_ROOT;10258;13;10254;19;;;10292;19;10295;9;;;10275.0;0.0
yf_ZS=F_d6;29800;ASH_COATED_OSMIUM;9988;5;9986;18;;;9998;20;10002;15;;;9993.0;0.0
yf_ZS=F_d6;29800;INTARIAN_PEPPER_ROOT;10266;9;10263;25;;;10288;20;10291;14;;;10277.0;0.0
yf_ZS=F_d6;29900;ASH_COATED_OSMIUM;9991;15;9987;15;;;9997;15;9999;20;;;9994.0;0.0
yf_ZS=F_d6;29900;INTARIAN_PEPPER_ROOT;10276;12;10273;28;;;10282;5;10286;11;;;10279.0;0.0
yf_ZS=F_d6;30000;ASH_COATED_OSMIUM;9991;17;9989;26;;;9997;9;10001;18;;;9994.0;0.0
yf_ZS=F_d6;30000;INTARIAN_PEPPER_ROOT;10279;5;10275;30;;;10285;19;10289;21;;;10282.0;0.0
yf_ZS=F_d6;30100;ASH_COATED_OSMIUM;9991;20;9988;13;;;9997;12;10001;28;;;9994.0;0.0
yf_ZS=F_d6;30100;INTARIAN_PEPPER_ROOT;10280;14;10277;21;;;10286;7;10289;27;;;10283.0;0.0
yf_ZS=F_d6;30200;ASH_COATED_OSMIUM;9986;24;9984;17;;;10002;11;10004;27;;;9994.0;0.0
yf_ZS=F_d6;30200;INTARIAN_PEPPER_ROOT;10282;14;10280;28;;;10288;21;10290;24;;;10285.0;0.0
yf_ZS=F_d6;30300;ASH_COATED_OSMIUM;9991;13;9987;31;;;9997;18;10001;19;;;9994.0;0.0
yf_ZS=F_d6;30300;INTARIAN_PEPPER_ROOT;10285;16;10281;31;;;10291;9;10294;14;;;10288.0;0.0
yf_ZS=F_d6;30400;ASH_COATED_OSMIUM;9991;13;9987;30;;;9997;14;10001;10;;;9994.0;0.0
yf_ZS=F_d6;30400;INTARIAN_PEPPER_ROOT;10287;17;10283;27;;;10293;11;10295;14;;;10290.0;0.0
yf_ZS=F_d6;30500;ASH_COATED_OSMIUM;9990;16;9986;21;;;9999;20;10002;17;;;9994.5;0.0
yf_ZS=F_d6;30500;INTARIAN_PEPPER_ROOT;10289;12;10286;24;;;10295;16;10297;26;;;10292.0;0.0
yf_ZS=F_d6;30600;ASH_COATED_OSMIUM;9992;5;9988;23;;;9998;11;10001;8;;;9995.0;0.0
yf_ZS=F_d6;30600;INTARIAN_PEPPER_ROOT;10291;14;10287;20;;;10297;8;10301;15;;;10294.0;0.0
yf_ZS=F_d6;30700;ASH_COATED_OSMIUM;9992;11;9988;15;;;9998;13;10001;29;;;9995.0;0.0
yf_ZS=F_d6;30700;INTARIAN_PEPPER_ROOT;10293;13;10289;20;;;10299;17;10302;14;;;10296.0;0.0
yf_ZS=F_d6;30800;ASH_COATED_OSMIUM;9991;9;9989;25;;;10000;16;10004;25;;;9995.5;0.0
yf_ZS=F_d6;30800;INTARIAN_PEPPER_ROOT;10295;6;10291;21;;;10302;11;10306;20;;;10298.5;0.0
yf_ZS=F_d6;30900;ASH_COATED_OSMIUM;9990;15;9988;17;;;10000;18;10003;25;;;9995.0;0.0
yf_ZS=F_d6;30900;INTARIAN_PEPPER_ROOT;10296;22;10293;17;;;10305;7;10308;21;;;10300.5;0.0
yf_ZS=F_d6;31000;ASH_COATED_OSMIUM;9992;15;9990;22;;;9998;12;10002;16;;;9995.0;0.0
yf_ZS=F_d6;31000;INTARIAN_PEPPER_ROOT;10296;15;10292;20;;;10309;5;10312;19;;;10302.5;0.0
yf_ZS=F_d6;31100;ASH_COATED_OSMIUM;9993;12;9989;23;;;9999;21;10003;17;;;9996.0;0.0
yf_ZS=F_d6;31100;INTARIAN_PEPPER_ROOT;10302;11;10298;24;;;10308;18;10311;30;;;10305.0;0.0
yf_ZS=F_d6;31200;ASH_COATED_OSMIUM;9985;19;9981;17;;;10005;7;10008;14;;;9995.0;0.0
yf_ZS=F_d6;31200;INTARIAN_PEPPER_ROOT;10297;12;10293;17;;;10317;21;10320;25;;;10307.0;0.0
yf_ZS=F_d6;31300;ASH_COATED_OSMIUM;9992;18;9990;20;;;9998;15;10002;21;;;9995.0;0.0
yf_ZS=F_d6;31300;INTARIAN_PEPPER_ROOT;10303;11;10299;16;;;10316;15;10319;15;;;10309.5;0.0
yf_ZS=F_d6;31400;ASH_COATED_OSMIUM;9992;8;9988;16;;;9998;15;10002;22;;;9995.0;0.0
yf_ZS=F_d6;31400;INTARIAN_PEPPER_ROOT;10309;13;10305;22;;;10315;15;10319;12;;;10312.0;0.0
yf_ZS=F_d6;31500;ASH_COATED_OSMIUM;9993;8;9991;22;;;9999;15;10002;16;;;9996.0;0.0
yf_ZS=F_d6;31500;INTARIAN_PEPPER_ROOT;10288;12;10286;14;;;10340;14;10344;17;;;10314.0;0.0
yf_ZS=F_d6;31600;ASH_COATED_OSMIUM;9993;11;9989;12;;;9999;15;10003;20;;;9996.0;0.0
yf_ZS=F_d6;31600;INTARIAN_PEPPER_ROOT;10313;9;10311;23;;;10319;15;10323;23;;;10316.0;0.0
yf_ZS=F_d6;31700;ASH_COATED_OSMIUM;9980;10;9976;12;;;10011;12;10014;21;;;9995.5;0.0
yf_ZS=F_d6;31700;INTARIAN_PEPPER_ROOT;10315;9;10312;21;;;10321;18;10323;18;;;10318.0;0.0
yf_ZS=F_d6;31800;ASH_COATED_OSMIUM;9993;15;9989;22;;;9999;16;10001;15;;;9996.0;0.0
yf_ZS=F_d6;31800;INTARIAN_PEPPER_ROOT;10317;12;10313;19;;;10323;15;10325;19;;;10320.0;0.0
yf_ZS=F_d6;31900;ASH_COATED_OSMIUM;9993;18;9990;24;;;9999;15;10001;22;;;9996.0;0.0
yf_ZS=F_d6;31900;INTARIAN_PEPPER_ROOT;10320;21;10316;13;;;10326;21;10330;19;;;10323.0;0.0
yf_ZS=F_d6;32000;ASH_COATED_OSMIUM;9993;16;9991;21;;;9999;14;10002;23;;;9996.0;0.0
yf_ZS=F_d6;32000;INTARIAN_PEPPER_ROOT;10307;5;10305;27;;;10343;14;10346;16;;;10325.0;0.0
yf_ZS=F_d6;32100;ASH_COATED_OSMIUM;9993;13;9991;23;;;9999;18;10002;24;;;9996.0;0.0
yf_ZS=F_d6;32100;INTARIAN_PEPPER_ROOT;10323;16;10321;16;;;10329;16;10333;24;;;10326.0;0.0
yf_ZS=F_d6;32200;ASH_COATED_OSMIUM;9994;18;9991;12;;;10000;21;10002;25;;;9997.0;0.0
yf_ZS=F_d6;32200;INTARIAN_PEPPER_ROOT;10326;12;10323;16;;;10332;19;10334;10;;;10329.0;0.0
yf_ZS=F_d6;32300;ASH_COATED_OSMIUM;9990;13;9986;17;;;10003;18;10005;22;;;9996.5;0.0
yf_ZS=F_d6;32300;INTARIAN_PEPPER_ROOT;10329;16;10325;15;;;10335;17;10338;19;;;10332.0;0.0
yf_ZS=F_d6;32400;ASH_COATED_OSMIUM;9989;8;9987;17;;;10004;16;10007;11;;;9996.5;0.0
yf_ZS=F_d6;32400;INTARIAN_PEPPER_ROOT;10331;21;10327;17;;;10337;10;10339;27;;;10334.0;0.0
yf_ZS=F_d6;32500;ASH_COATED_OSMIUM;9979;19;9975;22;;;10014;12;10018;16;;;9996.5;0.0
yf_ZS=F_d6;32500;INTARIAN_PEPPER_ROOT;10332;5;10328;21;;;10338;9;10342;21;;;10335.0;0.0
yf_ZS=F_d6;32600;ASH_COATED_OSMIUM;9994;5;9990;22;;;10000;16;10004;17;;;9997.0;0.0
yf_ZS=F_d6;32600;INTARIAN_PEPPER_ROOT;10333;9;10331;24;;;10341;12;10343;19;;;10337.0;0.0
yf_ZS=F_d6;32700;ASH_COATED_OSMIUM;9989;13;9987;19;;;10006;15;10009;17;;;9997.5;0.0
yf_ZS=F_d6;32700;INTARIAN_PEPPER_ROOT;10337;12;10334;17;;;10343;25;10345;28;;;10340.0;0.0
yf_ZS=F_d6;32800;ASH_COATED_OSMIUM;9995;19;9993;23;;;10001;5;10005;29;;;9998.0;0.0
yf_ZS=F_d6;32800;INTARIAN_PEPPER_ROOT;10339;19;10335;8;;;10345;11;10347;18;;;10342.0;0.0
yf_ZS=F_d6;32900;ASH_COATED_OSMIUM;9993;23;9989;21;;;10001;17;10005;12;;;9997.0;0.0
yf_ZS=F_d6;32900;INTARIAN_PEPPER_ROOT;10341;13;10337;16;;;10347;14;10351;16;;;10344.0;0.0
yf_ZS=F_d6;33000;ASH_COATED_OSMIUM;9995;23;9991;17;;;10001;18;10005;15;;;9998.0;0.0
yf_ZS=F_d6;33000;INTARIAN_PEPPER_ROOT;10343;9;10339;15;;;10349;10;10351;8;;;10346.0;0.0
yf_ZS=F_d6;33100;ASH_COATED_OSMIUM;9995;12;9992;19;;;10001;5;10003;20;;;9998.0;0.0
yf_ZS=F_d6;33100;INTARIAN_PEPPER_ROOT;10337;17;10335;13;;;10360;5;10362;19;;;10348.5;0.0
yf_ZS=F_d6;33200;ASH_COATED_OSMIUM;9995;12;9991;16;;;10001;10;10003;18;;;9998.0;0.0
yf_ZS=F_d6;33200;INTARIAN_PEPPER_ROOT;10342;12;10339;23;;;10359;7;10363;8;;;10350.5;0.0
yf_ZS=F_d6;33300;ASH_COATED_OSMIUM;9994;15;9990;16;;;10002;9;10004;18;;;9998.0;0.0
yf_ZS=F_d6;33300;INTARIAN_PEPPER_ROOT;10349;12;10347;19;;;10355;19;10358;20;;;10352.0;0.0
yf_ZS=F_d6;33400;ASH_COATED_OSMIUM;9994;15;9991;11;;;10002;11;10004;17;;;9998.0;0.0
yf_ZS=F_d6;33400;INTARIAN_PEPPER_ROOT;10352;20;10349;23;;;10358;25;10362;17;;;10355.0;0.0
yf_ZS=F_d6;33500;ASH_COATED_OSMIUM;9994;18;9991;8;;;10001;16;10004;17;;;9997.5;0.0
yf_ZS=F_d6;33500;INTARIAN_PEPPER_ROOT;10354;12;10351;20;;;10360;11;10363;19;;;10357.0;0.0
yf_ZS=F_d6;33600;ASH_COATED_OSMIUM;9995;5;9991;20;;;10001;13;10003;22;;;9998.0;0.0
yf_ZS=F_d6;33600;INTARIAN_PEPPER_ROOT;10347;13;10345;19;;;10371;11;10375;17;;;10359.0;0.0
yf_ZS=F_d6;33700;ASH_COATED_OSMIUM;9995;13;9991;23;;;10001;12;10004;22;;;9998.0;0.0
yf_ZS=F_d6;33700;INTARIAN_PEPPER_ROOT;10359;16;10355;13;;;10365;14;10369;30;;;10362.0;0.0
yf_ZS=F_d6;33800;ASH_COATED_OSMIUM;9994;15;9990;17;;;10003;13;10006;20;;;9998.5;0.0
yf_ZS=F_d6;33800;INTARIAN_PEPPER_ROOT;10360;14;10357;23;;;10366;6;10368;24;;;10363.0;0.0
yf_ZS=F_d6;33900;ASH_COATED_OSMIUM;9994;25;9991;21;;;10004;10;10008;16;;;9999.0;0.0
yf_ZS=F_d6;33900;INTARIAN_PEPPER_ROOT;10362;16;10358;25;;;10368;26;10372;21;;;10365.0;0.0
yf_ZS=F_d6;34000;ASH_COATED_OSMIUM;9996;26;9994;17;;;10002;19;10006;26;;;9999.0;0.0
yf_ZS=F_d6;34000;INTARIAN_PEPPER_ROOT;10362;19;10359;18;;;10368;12;10370;14;;;10365.0;0.0
yf_ZS=F_d6;34100;ASH_COATED_OSMIUM;9994;15;9991;22;;;10005;5;10007;21;;;9999.5;0.0
yf_ZS=F_d6;34100;INTARIAN_PEPPER_ROOT;10359;19;10355;16;;;10372;13;10374;20;;;10365.5;0.0
yf_ZS=F_d6;34200;ASH_COATED_OSMIUM;9996;11;9993;18;;;10002;10;10005;19;;;9999.0;0.0
yf_ZS=F_d6;34200;INTARIAN_PEPPER_ROOT;10362;9;10359;23;;;10368;8;10371;10;;;10365.0;0.0
yf_ZS=F_d6;34300;ASH_COATED_OSMIUM;9989;14;9985;14;;;10010;12;10013;24;;;9999.5;0.0
yf_ZS=F_d6;34300;INTARIAN_PEPPER_ROOT;10362;17;10360;14;;;10368;18;10372;21;;;10365.0;0.0
yf_ZS=F_d6;34400;ASH_COATED_OSMIUM;9995;9;9993;25;;;10006;14;10009;19;;;10000.5;0.0
yf_ZS=F_d6;34400;INTARIAN_PEPPER_ROOT;10360;18;10358;23;;;10372;11;10374;20;;;10366.0;0.0
yf_ZS=F_d6;34500;ASH_COATED_OSMIUM;9998;26;9996;18;;;10004;17;10008;20;;;10001.0;0.0
yf_ZS=F_d6;34500;INTARIAN_PEPPER_ROOT;10359;11;10357;16;;;10371;18;10373;18;;;10365.0;0.0
yf_ZS=F_d6;34600;ASH_COATED_OSMIUM;9997;9;9993;24;;;10003;13;10007;15;;;10000.0;0.0
yf_ZS=F_d6;34600;INTARIAN_PEPPER_ROOT;10360;11;10356;25;;;10371;18;10374;13;;;10365.5;0.0
yf_ZS=F_d6;34700;ASH_COATED_OSMIUM;9997;8;9993;25;;;10003;14;10006;21;;;10000.0;0.0
yf_ZS=F_d6;34700;INTARIAN_PEPPER_ROOT;10361;16;10359;21;;;10370;14;10374;13;;;10365.5;0.0
yf_ZS=F_d6;34800;ASH_COATED_OSMIUM;9998;14;9995;15;;;10004;16;10006;19;;;10001.0;0.0
yf_ZS=F_d6;34800;INTARIAN_PEPPER_ROOT;10362;25;10360;16;;;10369;15;10371;19;;;10365.5;0.0
yf_ZS=F_d6;34900;ASH_COATED_OSMIUM;9998;20;9994;18;;;10004;17;10007;16;;;10001.0;0.0
yf_ZS=F_d6;34900;INTARIAN_PEPPER_ROOT;10362;15;10360;17;;;10368;16;10371;23;;;10365.0;0.0
yf_ZS=F_d6;35000;ASH_COATED_OSMIUM;9991;14;9989;19;;;10012;19;10015;11;;;10001.5;0.0
yf_ZS=F_d6;35000;INTARIAN_PEPPER_ROOT;10362;24;10358;24;;;10368;14;10371;16;;;10365.0;0.0
yf_ZS=F_d6;35100;ASH_COATED_OSMIUM;9993;13;9991;25;;;10010;15;10014;18;;;10001.5;0.0
yf_ZS=F_d6;35100;INTARIAN_PEPPER_ROOT;10362;11;10360;20;;;10368;16;10370;24;;;10365.0;0.0
yf_ZS=F_d6;35200;ASH_COATED_OSMIUM;9999;9;9995;18;;;10005;19;10007;28;;;10002.0;0.0
yf_ZS=F_d6;35200;INTARIAN_PEPPER_ROOT;10362;24;10360;27;;;10368;14;10372;25;;;10365.0;0.0
yf_ZS=F_d6;35300;ASH_COATED_OSMIUM;9994;20;9992;17;;;10009;12;10012;12;;;10001.5;0.0
yf_ZS=F_d6;35300;INTARIAN_PEPPER_ROOT;10359;7;10355;22;;;10372;25;10375;19;;;10365.5;0.0
yf_ZS=F_d6;35400;ASH_COATED_OSMIUM;9995;11;9992;15;;;10009;8;10013;26;;;10002.0;0.0
yf_ZS=F_d6;35400;INTARIAN_PEPPER_ROOT;10348;14;10345;20;;;10381;19;10385;16;;;10364.5;0.0
yf_ZS=F_d6;35500;ASH_COATED_OSMIUM;9999;22;9995;27;;;10005;23;10007;13;;;10002.0;0.0
yf_ZS=F_d6;35500;INTARIAN_PEPPER_ROOT;10362;9;10358;26;;;10368;13;10372;16;;;10365.0;0.0
yf_ZS=F_d6;35600;ASH_COATED_OSMIUM;9998;21;9996;15;;;10006;10;10008;22;;;10002.0;0.0
yf_ZS=F_d6;35600;INTARIAN_PEPPER_ROOT;10361;7;10357;22;;;10369;14;10372;31;;;10365.0;0.0
yf_ZS=F_d6;35700;ASH_COATED_OSMIUM;10000;15;9998;10;;;10006;25;10009;25;;;10003.0;0.0
yf_ZS=F_d6;35700;INTARIAN_PEPPER_ROOT;10362;24;10359;22;;;10368;15;10370;15;;;10365.0;0.0
yf_ZS=F_d6;35800;ASH_COATED_OSMIUM;9997;6;9994;21;;;10009;23;10011;17;;;10003.0;0.0
yf_ZS=F_d6;35800;INTARIAN_PEPPER_ROOT;10361;19;10358;25;;;10369;13;10372;15;;;10365.0;0.0
yf_ZS=F_d6;35900;ASH_COATED_OSMIUM;9994;13;9992;15;;;10012;14;10014;14;;;10003.0;0.0
yf_ZS=F_d6;35900;INTARIAN_PEPPER_ROOT;10358;6;10355;17;;;10372;14;10375;22;;;10365.0;0.0
yf_ZS=F_d6;36000;ASH_COATED_OSMIUM;10000;22;9997;17;;;10006;15;10009;12;;;10003.0;0.0
yf_ZS=F_d6;36000;INTARIAN_PEPPER_ROOT;10361;23;10357;15;;;10368;9;10370;21;;;10364.5;0.0
yf_ZS=F_d6;36100;ASH_COATED_OSMIUM;10000;13;9996;25;;;10006;7;10008;35;;;10003.0;0.0
yf_ZS=F_d6;36100;INTARIAN_PEPPER_ROOT;10361;6;10359;15;;;10367;13;10370;16;;;10364.0;0.0
yf_ZS=F_d6;36200;ASH_COATED_OSMIUM;10001;16;9997;19;;;10007;17;10010;21;;;10004.0;0.0
yf_ZS=F_d6;36200;INTARIAN_PEPPER_ROOT;10362;18;10358;8;;;10368;22;10370;23;;;10365.0;0.0
yf_ZS=F_d6;36300;ASH_COATED_OSMIUM;10000;23;9996;20;;;10009;19;10011;20;;;10004.5;0.0
yf_ZS=F_d6;36300;INTARIAN_PEPPER_ROOT;10356;15;10352;27;;;10372;6;10376;14;;;10364.0;0.0
yf_ZS=F_d6;36400;ASH_COATED_OSMIUM;10001;10;9997;17;;;10007;20;10009;25;;;10004.0;0.0
yf_ZS=F_d6;36400;INTARIAN_PEPPER_ROOT;10360;15;10357;22;;;10368;16;10371;18;;;10364.0;0.0
yf_ZS=F_d6;36500;ASH_COATED_OSMIUM;10002;22;10000;28;;;10008;21;10012;28;;;10005.0;0.0
yf_ZS=F_d6;36500;INTARIAN_PEPPER_ROOT;10362;20;10359;25;;;10368;17;10371;17;;;10365.0;0.0
yf_ZS=F_d6;36600;ASH_COATED_OSMIUM;9989;18;9987;18;;;10020;17;10023;27;;;10004.5;0.0
yf_ZS=F_d6;36600;INTARIAN_PEPPER_ROOT;10361;9;10358;28;;;10367;12;10370;23;;;10364.0;0.0
yf_ZS=F_d6;36700;ASH_COATED_OSMIUM;9999;11;9997;12;;;10012;11;10015;8;;;10005.5;0.0
yf_ZS=F_d6;36700;INTARIAN_PEPPER_ROOT;10361;18;10358;12;;;10367;24;10369;28;;;10364.0;0.0
yf_ZS=F_d6;36800;ASH_COATED_OSMIUM;10002;20;9999;23;;;10008;24;10010;27;;;10005.0;0.0
yf_ZS=F_d6;36800;INTARIAN_PEPPER_ROOT;10361;8;10357;24;;;10367;10;10370;13;;;10364.0;0.0
yf_ZS=F_d6;36900;ASH_COATED_OSMIUM;9994;12;9992;19;;;10016;5;10018;11;;;10005.0;0.0
yf_ZS=F_d6;36900;INTARIAN_PEPPER_ROOT;10361;10;10358;19;;;10367;17;10370;26;;;10364.0;0.0
yf_ZS=F_d6;37000;ASH_COATED_OSMIUM;10003;11;10001;23;;;10009;16;10012;25;;;10006.0;0.0
yf_ZS=F_d6;37000;INTARIAN_PEPPER_ROOT;10361;17;10358;23;;;10367;13;10369;15;;;10364.0;0.0
yf_ZS=F_d6;37100;ASH_COATED_OSMIUM;10003;17;10001;15;;;10009;12;10011;18;;;10006.0;0.0
yf_ZS=F_d6;37100;INTARIAN_PEPPER_ROOT;10359;13;10356;27;;;10370;17;10374;24;;;10364.5;0.0
yf_ZS=F_d6;37200;ASH_COATED_OSMIUM;10003;14;10000;23;;;10009;17;10012;15;;;10006.0;0.0
yf_ZS=F_d6;37200;INTARIAN_PEPPER_ROOT;10361;13;10358;11;;;10367;19;10369;17;;;10364.0;0.0
yf_ZS=F_d6;37300;ASH_COATED_OSMIUM;10002;13;10000;14;;;10010;18;10013;22;;;10006.0;0.0
yf_ZS=F_d6;37300;INTARIAN_PEPPER_ROOT;10354;10;10352;30;;;10374;5;10378;18;;;10364.0;0.0
yf_ZS=F_d6;37400;ASH_COATED_OSMIUM;10004;14;10000;9;;;10010;17;10012;16;;;10007.0;0.0
yf_ZS=F_d6;37400;INTARIAN_PEPPER_ROOT;10361;9;10357;23;;;10367;23;10370;24;;;10364.0;0.0
yf_ZS=F_d6;37500;ASH_COATED_OSMIUM;10001;10;9997;17;;;10012;22;10014;23;;;10006.5;0.0
yf_ZS=F_d6;37500;INTARIAN_PEPPER_ROOT;10350;19;10348;17;;;10378;17;10381;25;;;10364.0;0.0
yf_ZS=F_d6;37600;ASH_COATED_OSMIUM;10003;16;9999;24;;;10010;9;10013;29;;;10006.5;0.0
yf_ZS=F_d6;37600;INTARIAN_PEPPER_ROOT;10358;14;10354;18;;;10370;13;10372;24;;;10364.0;0.0
yf_ZS=F_d6;37700;ASH_COATED_OSMIUM;9998;20;9994;23;;;10018;15;10020;14;;;10008.0;0.0
yf_ZS=F_d6;37700;INTARIAN_PEPPER_ROOT;10360;9;10357;22;;;10368;16;10371;21;;;10364.0;0.0
yf_ZS=F_d6;37800;ASH_COATED_OSMIUM;10004;16;10000;14;;;10010;11;10014;19;;;10007.0;0.0
yf_ZS=F_d6;37800;INTARIAN_PEPPER_ROOT;10358;22;10356;25;;;10371;13;10374;20;;;10364.5;0.0
yf_ZS=F_d6;37900;ASH_COATED_OSMIUM;10005;13;10001;14;;;10011;12;10014;20;;;10008.0;0.0
yf_ZS=F_d6;37900;INTARIAN_PEPPER_ROOT;10356;11;10353;26;;;10371;19;10374;12;;;10363.5;0.0
yf_ZS=F_d6;38000;ASH_COATED_OSMIUM;10005;22;10002;13;;;10011;18;10015;20;;;10008.0;0.0
yf_ZS=F_d6;38000;INTARIAN_PEPPER_ROOT;10360;7;10357;22;;;10366;13;10369;18;;;10363.0;0.0
yf_ZS=F_d6;38100;ASH_COATED_OSMIUM;10005;16;10002;13;;;10011;10;10014;22;;;10008.0;0.0
yf_ZS=F_d6;38100;INTARIAN_PEPPER_ROOT;10358;12;10354;18;;;10370;11;10374;25;;;10364.0;0.0
yf_ZS=F_d6;38200;ASH_COATED_OSMIUM;10006;7;10003;21;;;10012;11;10015;29;;;10009.0;0.0
yf_ZS=F_d6;38200;INTARIAN_PEPPER_ROOT;10358;22;10354;21;;;10369;13;10371;24;;;10363.5;0.0
yf_ZS=F_d6;38300;ASH_COATED_OSMIUM;10006;14;10003;18;;;10012;13;10016;19;;;10009.0;0.0
yf_ZS=F_d6;38300;INTARIAN_PEPPER_ROOT;10358;23;10355;15;;;10368;12;10371;19;;;10363.0;0.0
yf_ZS=F_d6;38400;ASH_COATED_OSMIUM;9999;14;9997;24;;;10018;6;10021;21;;;10008.5;0.0
yf_ZS=F_d6;38400;INTARIAN_PEPPER_ROOT;10359;16;10355;15;;;10367;5;10371;12;;;10363.0;0.0
yf_ZS=F_d6;38500;ASH_COATED_OSMIUM;10006;14;10003;26;;;10012;13;10016;24;;;10009.0;0.0
yf_ZS=F_d6;38500;INTARIAN_PEPPER_ROOT;10358;15;10356;17;;;10369;15;10373;12;;;10363.5;0.0
yf_ZS=F_d6;38600;ASH_COATED_OSMIUM;10006;19;10002;15;;;10013;13;10016;14;;;10009.5;0.0
yf_ZS=F_d6;38600;INTARIAN_PEPPER_ROOT;10360;5;10358;12;;;10367;22;10371;25;;;10363.5;0.0
yf_ZS=F_d6;38700;ASH_COATED_OSMIUM;10000;9;9997;14;;;10019;17;10022;10;;;10009.5;0.0
yf_ZS=F_d6;38700;INTARIAN_PEPPER_ROOT;10360;14;10358;24;;;10366;10;10368;27;;;10363.0;0.0
yf_ZS=F_d6;38800;ASH_COATED_OSMIUM;10004;12;10002;21;;;10015;16;10019;21;;;10009.5;0.0
yf_ZS=F_d6;38800;INTARIAN_PEPPER_ROOT;10359;16;10357;25;;;10368;17;10372;18;;;10363.5;0.0
yf_ZS=F_d6;38900;ASH_COATED_OSMIUM;10007;12;10005;20;;;10013;18;10017;20;;;10010.0;0.0
yf_ZS=F_d6;38900;INTARIAN_PEPPER_ROOT;10359;10;10355;19;;;10366;21;10368;19;;;10362.5;0.0
yf_ZS=F_d6;39000;ASH_COATED_OSMIUM;10007;19;10003;13;;;10013;13;10015;16;;;10010.0;0.0
yf_ZS=F_d6;39000;INTARIAN_PEPPER_ROOT;10361;17;10358;23;;;10367;9;10370;24;;;10364.0;0.0
yf_ZS=F_d6;39100;ASH_COATED_OSMIUM;10008;16;10004;21;;;10014;8;10016;15;;;10011.0;0.0
yf_ZS=F_d6;39100;INTARIAN_PEPPER_ROOT;10360;9;10356;19;;;10367;15;10369;14;;;10363.5;0.0
yf_ZS=F_d6;39200;ASH_COATED_OSMIUM;10004;20;10002;17;;;10018;9;10020;10;;;10011.0;0.0
yf_ZS=F_d6;39200;INTARIAN_PEPPER_ROOT;10360;21;10358;18;;;10366;10;10370;27;;;10363.0;0.0
yf_ZS=F_d6;39300;ASH_COATED_OSMIUM;10008;15;10004;21;;;10014;12;10018;24;;;10011.0;0.0
yf_ZS=F_d6;39300;INTARIAN_PEPPER_ROOT;10350;15;10346;13;;;10377;15;10381;24;;;10363.5;0.0
yf_ZS=F_d6;39400;ASH_COATED_OSMIUM;10003;11;10001;18;;;10020;9;10022;23;;;10011.5;0.0
yf_ZS=F_d6;39400;INTARIAN_PEPPER_ROOT;10359;8;10357;17;;;10368;15;10370;19;;;10363.5;0.0
yf_ZS=F_d6;39500;ASH_COATED_OSMIUM;10009;13;10007;19;;;10015;15;10019;21;;;10012.0;0.0
yf_ZS=F_d6;39500;INTARIAN_PEPPER_ROOT;10358;15;10355;18;;;10369;14;10371;23;;;10363.5;0.0
yf_ZS=F_d6;39600;ASH_COATED_OSMIUM;10009;14;10005;29;;;10015;16;10018;21;;;10012.0;0.0
yf_ZS=F_d6;39600;INTARIAN_PEPPER_ROOT;10359;24;10356;20;;;10365;18;10367;22;;;10362.0;0.0
yf_ZS=F_d6;39700;ASH_COATED_OSMIUM;10009;14;10007;14;;;10015;24;10018;20;;;10012.0;0.0
yf_ZS=F_d6;39700;INTARIAN_PEPPER_ROOT;10360;13;10358;30;;;10366;16;10369;26;;;10363.0;0.0
yf_ZS=F_d6;39800;ASH_COATED_OSMIUM;10009;12;10006;22;;;10015;16;10018;22;;;10012.0;0.0
yf_ZS=F_d6;39800;INTARIAN_PEPPER_ROOT;10360;12;10357;16;;;10366;23;10370;16;;;10363.0;0.0
yf_ZS=F_d6;39900;ASH_COATED_OSMIUM;10004;19;10002;16;;;10020;11;10022;16;;;10012.0;0.0
yf_ZS=F_d6;39900;INTARIAN_PEPPER_ROOT;10360;11;10357;24;;;10366;5;10369;12;;;10363.0;0.0
yf_ZS=F_d6;40000;ASH_COATED_OSMIUM;10009;18;10007;16;;;10015;23;10017;13;;;10012.0;0.0
yf_ZS=F_d6;40000;INTARIAN_PEPPER_ROOT;10359;12;10356;18;;;10366;19;10369;15;;;10362.5;0.0
yf_ZS=F_d6;40100;ASH_COATED_OSMIUM;10009;15;10007;30;;;10015;11;10018;19;;;10012.0;0.0
yf_ZS=F_d6;40100;INTARIAN_PEPPER_ROOT;10360;21;10357;18;;;10366;5;10370;18;;;10363.0;0.0
yf_ZS=F_d6;40200;ASH_COATED_OSMIUM;10010;11;10007;25;;;10016;15;10018;19;;;10013.0;0.0
yf_ZS=F_d6;40200;INTARIAN_PEPPER_ROOT;10359;7;10357;17;;;10365;7;10367;28;;;10362.0;0.0
yf_ZS=F_d6;40300;ASH_COATED_OSMIUM;10008;12;10005;22;;;10018;18;10021;27;;;10013.0;0.0
yf_ZS=F_d6;40300;INTARIAN_PEPPER_ROOT;10360;13;10358;26;;;10366;12;10368;16;;;10363.0;0.0
yf_ZS=F_d6;40400;ASH_COATED_OSMIUM;10004;13;10002;19;;;10022;14;10026;24;;;10013.0;0.0
yf_ZS=F_d6;40400;INTARIAN_PEPPER_ROOT;10355;15;10352;25;;;10370;16;10374;19;;;10362.5;0.0
yf_ZS=F_d6;40500;ASH_COATED_OSMIUM;10003;19;10000;24;;;10023;11;10025;23;;;10013.0;0.0
yf_ZS=F_d6;40500;INTARIAN_PEPPER_ROOT;10359;17;10355;14;;;10366;17;10369;17;;;10362.5;0.0
yf_ZS=F_d6;40600;ASH_COATED_OSMIUM;10011;17;10009;27;;;10017;15;10020;25;;;10014.0;0.0
yf_ZS=F_d6;40600;INTARIAN_PEPPER_ROOT;10354;18;10350;22;;;10370;19;10374;19;;;10362.0;0.0
yf_ZS=F_d6;40700;ASH_COATED_OSMIUM;10011;22;10008;18;;;10017;17;10021;16;;;10014.0;0.0
yf_ZS=F_d6;40700;INTARIAN_PEPPER_ROOT;10359;15;10356;16;;;10365;7;10368;21;;;10362.0;0.0
yf_ZS=F_d6;40800;ASH_COATED_OSMIUM;10011;6;10008;20;;;10017;13;10019;24;;;10014.0;0.0
yf_ZS=F_d6;40800;INTARIAN_PEPPER_ROOT;10360;13;10357;8;;;10366;14;10370;20;;;10363.0;0.0
yf_ZS=F_d6;40900;ASH_COATED_OSMIUM;10006;15;10002;16;;;10023;5;10025;21;;;10014.5;0.0
yf_ZS=F_d6;40900;INTARIAN_PEPPER_ROOT;10359;9;10356;24;;;10365;8;10368;20;;;10362.0;0.0
yf_ZS=F_d6;41000;ASH_COATED_OSMIUM;10012;12;10008;21;;;10018;13;10021;14;;;10015.0;0.0
yf_ZS=F_d6;41000;INTARIAN_PEPPER_ROOT;10359;14;10355;16;;;10365;17;10367;14;;;10362.0;0.0
yf_ZS=F_d6;41100;ASH_COATED_OSMIUM;10008;15;10006;24;;;10022;17;10025;22;;;10015.0;0.0
yf_ZS=F_d6;41100;INTARIAN_PEPPER_ROOT;10360;11;10357;18;;;10366;23;10370;22;;;10363.0;0.0
yf_ZS=F_d6;41200;ASH_COATED_OSMIUM;10012;19;10010;19;;;10018;15;10022;12;;;10015.0;0.0
yf_ZS=F_d6;41200;INTARIAN_PEPPER_ROOT;10360;14;10358;17;;;10366;19;10370;27;;;10363.0;0.0
yf_ZS=F_d6;41300;ASH_COATED_OSMIUM;10012;15;10009;19;;;10018;10;10022;17;;;10015.0;0.0
yf_ZS=F_d6;41300;INTARIAN_PEPPER_ROOT;10353;18;10351;19;;;10370;12;10374;8;;;10361.5;0.0
yf_ZS=F_d6;41400;ASH_COATED_OSMIUM;10010;18;10006;8;;;10022;18;10026;11;;;10016.0;0.0
yf_ZS=F_d6;41400;INTARIAN_PEPPER_ROOT;10359;10;10355;18;;;10365;17;10367;25;;;10362.0;0.0
yf_ZS=F_d6;41500;ASH_COATED_OSMIUM;10013;22;10009;24;;;10019;18;10023;14;;;10016.0;0.0
yf_ZS=F_d6;41500;INTARIAN_PEPPER_ROOT;10357;12;10353;18;;;10366;10;10368;25;;;10361.5;0.0
yf_ZS=F_d6;41600;ASH_COATED_OSMIUM;10013;18;10011;17;;;10020;11;10024;27;;;10016.5;0.0
yf_ZS=F_d6;41600;INTARIAN_PEPPER_ROOT;10359;21;10357;16;;;10365;13;10367;27;;;10362.0;0.0
yf_ZS=F_d6;41700;ASH_COATED_OSMIUM;10013;13;10010;17;;;10019;16;10023;21;;;10016.0;0.0
yf_ZS=F_d6;41700;INTARIAN_PEPPER_ROOT;10358;15;10354;23;;;10366;21;10370;23;;;10362.0;0.0
yf_ZS=F_d6;41800;ASH_COATED_OSMIUM;10008;15;10005;24;;;10026;19;10028;19;;;10017.0;0.0
yf_ZS=F_d6;41800;INTARIAN_PEPPER_ROOT;10359;12;10355;22;;;10365;15;10369;16;;;10362.0;0.0
yf_ZS=F_d6;41900;ASH_COATED_OSMIUM;10014;13;10010;10;;;10020;5;10024;9;;;10017.0;0.0
yf_ZS=F_d6;41900;INTARIAN_PEPPER_ROOT;10359;21;10357;15;;;10365;18;10369;14;;;10362.0;0.0
yf_ZS=F_d6;42000;ASH_COATED_OSMIUM;10014;16;10012;22;;;10020;15;10024;15;;;10017.0;0.0
yf_ZS=F_d6;42000;INTARIAN_PEPPER_ROOT;10355;15;10351;9;;;10369;8;10372;22;;;10362.0;0.0
yf_ZS=F_d6;42100;ASH_COATED_OSMIUM;10014;12;10010;25;;;10020;22;10022;29;;;10017.0;0.0
yf_ZS=F_d6;42100;INTARIAN_PEPPER_ROOT;10359;13;10357;19;;;10365;21;10368;8;;;10362.0;0.0
yf_ZS=F_d6;42200;ASH_COATED_OSMIUM;10015;13;10013;22;;;10021;18;10024;19;;;10018.0;0.0
yf_ZS=F_d6;42200;INTARIAN_PEPPER_ROOT;10351;19;10347;16;;;10373;21;10375;14;;;10362.0;0.0
yf_ZS=F_d6;42300;ASH_COATED_OSMIUM;10008;7;10005;20;;;10026;17;10028;18;;;10017.0;0.0
yf_ZS=F_d6;42300;INTARIAN_PEPPER_ROOT;10359;19;10357;21;;;10365;27;10367;10;;;10362.0;0.0
yf_ZS=F_d6;42400;ASH_COATED_OSMIUM;10015;17;10011;24;;;10021;12;10025;21;;;10018.0;0.0
yf_ZS=F_d6;42400;INTARIAN_PEPPER_ROOT;10359;15;10357;23;;;10365;6;10369;16;;;10362.0;0.0
yf_ZS=F_d6;42500;ASH_COATED_OSMIUM;10001;16;9997;20;;;10034;17;10037;25;;;10017.5;0.0
yf_ZS=F_d6;42500;INTARIAN_PEPPER_ROOT;10357;19;10353;19;;;10367;17;10371;20;;;10362.0;0.0
yf_ZS=F_d6;42600;ASH_COATED_OSMIUM;10014;6;10010;8;;;10022;11;10026;22;;;10018.0;0.0
yf_ZS=F_d6;42600;INTARIAN_PEPPER_ROOT;10359;18;10355;19;;;10365;16;10367;28;;;10362.0;0.0
yf_ZS=F_d6;42700;ASH_COATED_OSMIUM;10015;13;10013;22;;;10021;17;10024;18;;;10018.0;0.0
yf_ZS=F_d6;42700;INTARIAN_PEPPER_ROOT;10359;22;10357;25;;;10365;24;10368;22;;;10362.0;0.0
yf_ZS=F_d6;42800;ASH_COATED_OSMIUM;10015;10;10012;21;;;10022;17;10025;14;;;10018.5;0.0
yf_ZS=F_d6;42800;INTARIAN_PEPPER_ROOT;10357;14;10354;15;;;10366;8;10369;21;;;10361.5;0.0
yf_ZS=F_d6;42900;ASH_COATED_OSMIUM;10016;7;10013;25;;;10022;22;10024;23;;;10019.0;0.0
yf_ZS=F_d6;42900;INTARIAN_PEPPER_ROOT;10358;9;10354;20;;;10364;10;10366;21;;;10361.0;0.0
yf_ZS=F_d6;43000;ASH_COATED_OSMIUM;10014;22;10010;19;;;10025;20;10028;18;;;10019.5;0.0
yf_ZS=F_d6;43000;INTARIAN_PEPPER_ROOT;10358;14;10355;14;;;10364;23;10368;16;;;10361.0;0.0
yf_ZS=F_d6;43100;ASH_COATED_OSMIUM;10016;13;10012;12;;;10022;19;10025;21;;;10019.0;0.0
yf_ZS=F_d6;43100;INTARIAN_PEPPER_ROOT;10359;11;10357;15;;;10365;10;10368;10;;;10362.0;0.0
yf_ZS=F_d6;43200;ASH_COATED_OSMIUM;10015;13;10013;21;;;10023;8;10027;21;;;10019.0;0.0
yf_ZS=F_d6;43200;INTARIAN_PEPPER_ROOT;10357;20;10355;14;;;10366;14;10369;26;;;10361.5;0.0
yf_ZS=F_d6;43300;ASH_COATED_OSMIUM;10016;13;10013;10;;;10022;22;10024;14;;;10019.0;0.0
yf_ZS=F_d6;43300;INTARIAN_PEPPER_ROOT;10358;16;10355;22;;;10364;13;10368;17;;;10361.0;0.0
yf_ZS=F_d6;43400;ASH_COATED_OSMIUM;10017;10;10015;22;;;10023;14;10026;17;;;10020.0;0.0
yf_ZS=F_d6;43400;INTARIAN_PEPPER_ROOT;10358;17;10355;17;;;10364;7;10367;17;;;10361.0;0.0
yf_ZS=F_d6;43500;ASH_COATED_OSMIUM;10017;13;10015;21;;;10023;9;10026;18;;;10020.0;0.0
yf_ZS=F_d6;43500;INTARIAN_PEPPER_ROOT;10359;13;10356;12;;;10365;19;10367;14;;;10362.0;0.0
yf_ZS=F_d6;43600;ASH_COATED_OSMIUM;10017;5;10014;16;;;10023;24;10027;20;;;10020.0;0.0
yf_ZS=F_d6;43600;INTARIAN_PEPPER_ROOT;10358;25;10355;18;;;10364;12;10367;22;;;10361.0;0.0
yf_ZS=F_d6;43700;ASH_COATED_OSMIUM;10018;16;10015;27;;;10024;14;10026;22;;;10021.0;0.0
yf_ZS=F_d6;43700;INTARIAN_PEPPER_ROOT;10351;14;10349;9;;;10370;8;10373;20;;;10360.5;0.0
yf_ZS=F_d6;43800;ASH_COATED_OSMIUM;10018;10;10016;18;;;10024;13;10026;13;;;10021.0;0.0
yf_ZS=F_d6;43800;INTARIAN_PEPPER_ROOT;10358;26;10356;21;;;10364;18;10367;25;;;10361.0;0.0
yf_ZS=F_d6;43900;ASH_COATED_OSMIUM;10018;15;10014;28;;;10024;12;10026;26;;;10021.0;0.0
yf_ZS=F_d6;43900;INTARIAN_PEPPER_ROOT;10348;18;10346;10;;;10373;8;10375;13;;;10360.5;0.0
yf_ZS=F_d6;44000;ASH_COATED_OSMIUM;10018;10;10015;15;;;10024;12;10026;21;;;10021.0;0.0
yf_ZS=F_d6;44000;INTARIAN_PEPPER_ROOT;10357;13;10353;16;;;10363;19;10367;24;;;10360.0;0.0
yf_ZS=F_d6;44100;ASH_COATED_OSMIUM;10019;10;10016;16;;;10025;16;10029;26;;;10022.0;0.0
yf_ZS=F_d6;44100;INTARIAN_PEPPER_ROOT;10358;22;10354;23;;;10364;18;10366;13;;;10361.0;0.0
yf_ZS=F_d6;44200;ASH_COATED_OSMIUM;10019;7;10017;20;;;10025;5;10027;12;;;10022.0;0.0
yf_ZS=F_d6;44200;INTARIAN_PEPPER_ROOT;10358;8;10355;18;;;10364;10;10368;20;;;10361.0;0.0
yf_ZS=F_d6;44300;ASH_COATED_OSMIUM;10019;9;10015;23;;;10025;8;10027;25;;;10022.0;0.0
yf_ZS=F_d6;44300;INTARIAN_PEPPER_ROOT;10340;5;10336;26;;;10383;16;10386;17;;;10361.5;0.0
yf_ZS=F_d6;44400;ASH_COATED_OSMIUM;10017;15;10015;30;;;10028;14;10030;24;;;10022.5;0.0
yf_ZS=F_d6;44400;INTARIAN_PEPPER_ROOT;10358;23;10354;21;;;10364;7;10367;21;;;10361.0;0.0
yf_ZS=F_d6;44500;ASH_COATED_OSMIUM;10018;5;10014;25;;;10026;18;10030;21;;;10022.0;0.0
yf_ZS=F_d6;44500;INTARIAN_PEPPER_ROOT;10358;16;10355;21;;;10364;14;10368;21;;;10361.0;0.0
yf_ZS=F_d6;44600;ASH_COATED_OSMIUM;10017;7;10015;19;;;10027;13;10030;16;;;10022.0;0.0
yf_ZS=F_d6;44600;INTARIAN_PEPPER_ROOT;10358;10;10355;19;;;10364;15;10367;18;;;10361.0;0.0
yf_ZS=F_d6;44700;ASH_COATED_OSMIUM;10020;13;10018;19;;;10026;22;10030;10;;;10023.0;0.0
yf_ZS=F_d6;44700;INTARIAN_PEPPER_ROOT;10358;11;10355;16;;;10364;13;10367;12;;;10361.0;0.0
yf_ZS=F_d6;44800;ASH_COATED_OSMIUM;10020;5;10017;13;;;10026;17;10028;19;;;10023.0;0.0
yf_ZS=F_d6;44800;INTARIAN_PEPPER_ROOT;10357;13;10354;12;;;10364;16;10366;15;;;10360.5;0.0
yf_ZS=F_d6;44900;ASH_COATED_OSMIUM;10020;14;10018;25;;;10026;22;10029;15;;;10023.0;0.0
yf_ZS=F_d6;44900;INTARIAN_PEPPER_ROOT;10357;23;10355;17;;;10363;23;10367;16;;;10360.0;0.0
yf_ZS=F_d6;45000;ASH_COATED_OSMIUM;10016;15;10014;17;;;10031;14;10033;16;;;10023.5;0.0
yf_ZS=F_d6;45000;INTARIAN_PEPPER_ROOT;10357;6;10353;13;;;10363;13;10365;25;;;10360.0;0.0
yf_ZS=F_d6;45100;ASH_COATED_OSMIUM;10021;10;10018;18;;;10027;18;10029;17;;;10024.0;0.0
yf_ZS=F_d6;45100;INTARIAN_PEPPER_ROOT;10346;10;10343;30;;;10374;6;10376;20;;;10360.0;0.0
yf_ZS=F_d6;45200;ASH_COATED_OSMIUM;10021;15;10018;28;;;10027;18;10030;25;;;10024.0;0.0
yf_ZS=F_d6;45200;INTARIAN_PEPPER_ROOT;10357;10;10354;17;;;10363;20;10365;16;;;10360.0;0.0
yf_ZS=F_d6;45300;ASH_COATED_OSMIUM;10021;13;10017;21;;;10027;13;10030;24;;;10024.0;0.0
yf_ZS=F_d6;45300;INTARIAN_PEPPER_ROOT;10357;17;10353;17;;;10365;19;10368;19;;;10361.0;0.0
yf_ZS=F_d6;45400;ASH_COATED_OSMIUM;10022;16;10018;19;;;10028;13;10031;22;;;10025.0;0.0
yf_ZS=F_d6;45400;INTARIAN_PEPPER_ROOT;10357;11;10355;30;;;10363;18;10366;24;;;10360.0;0.0
yf_ZS=F_d6;45500;ASH_COATED_OSMIUM;10013;13;10009;16;;;10037;18;10041;22;;;10025.0;0.0
yf_ZS=F_d6;45500;INTARIAN_PEPPER_ROOT;10358;20;10354;16;;;10364;14;10366;25;;;10361.0;0.0
yf_ZS=F_d6;45600;ASH_COATED_OSMIUM;10018;12;10015;19;;;10032;19;10034;24;;;10025.0;0.0
yf_ZS=F_d6;45600;INTARIAN_PEPPER_ROOT;10351;11;10347;14;;;10370;20;10374;21;;;10360.5;0.0
yf_ZS=F_d6;45700;ASH_COATED_OSMIUM;10023;10;10019;20;;;10029;14;10031;26;;;10026.0;0.0
yf_ZS=F_d6;45700;INTARIAN_PEPPER_ROOT;10357;14;10354;25;;;10363;21;10365;30;;;10360.0;0.0
yf_ZS=F_d6;45800;ASH_COATED_OSMIUM;10022;23;10020;18;;;10028;14;10032;18;;;10025.0;0.0
yf_ZS=F_d6;45800;INTARIAN_PEPPER_ROOT;10357;16;10354;19;;;10363;7;10367;16;;;10360.0;0.0
yf_ZS=F_d6;45900;ASH_COATED_OSMIUM;10023;19;10020;21;;;10029;12;10031;20;;;10026.0;0.0
yf_ZS=F_d6;45900;INTARIAN_PEPPER_ROOT;10344;14;10340;16;;;10375;16;10378;20;;;10359.5;0.0
yf_ZS=F_d6;46000;ASH_COATED_OSMIUM;10020;16;10018;30;;;10031;11;10034;12;;;10025.5;0.0
yf_ZS=F_d6;46000;INTARIAN_PEPPER_ROOT;10357;14;10353;21;;;10363;24;10367;20;;;10360.0;0.0
yf_ZS=F_d6;46100;ASH_COATED_OSMIUM;10023;19;10019;28;;;10029;21;10032;29;;;10026.0;0.0
yf_ZS=F_d6;46100;INTARIAN_PEPPER_ROOT;10357;12;10355;17;;;10363;19;10366;10;;;10360.0;0.0
yf_ZS=F_d6;46200;ASH_COATED_OSMIUM;10024;14;10020;21;;;10030;19;10032;25;;;10027.0;0.0
yf_ZS=F_d6;46200;INTARIAN_PEPPER_ROOT;10353;7;10350;22;;;10367;13;10370;27;;;10360.0;0.0
yf_ZS=F_d6;46300;ASH_COATED_OSMIUM;10024;18;10022;15;;;10030;14;10033;18;;;10027.0;0.0
yf_ZS=F_d6;46300;INTARIAN_PEPPER_ROOT;10357;23;10355;26;;;10363;7;10367;11;;;10360.0;0.0
yf_ZS=F_d6;46400;ASH_COATED_OSMIUM;10013;5;10010;31;;;10040;6;10042;15;;;10026.5;0.0
yf_ZS=F_d6;46400;INTARIAN_PEPPER_ROOT;10353;14;10349;20;;;10366;7;10369;25;;;10359.5;0.0
yf_ZS=F_d6;46500;ASH_COATED_OSMIUM;10024;18;10022;13;;;10030;19;10034;16;;;10027.0;0.0
yf_ZS=F_d6;46500;INTARIAN_PEPPER_ROOT;10353;19;10351;13;;;10365;12;10367;15;;;10359.0;0.0
yf_ZS=F_d6;46600;ASH_COATED_OSMIUM;10024;11;10022;11;;;10030;6;10034;13;;;10027.0;0.0
yf_ZS=F_d6;46600;INTARIAN_PEPPER_ROOT;10354;17;10351;19;;;10366;17;10369;18;;;10360.0;0.0
yf_ZS=F_d6;46700;ASH_COATED_OSMIUM;10024;10;10020;24;;;10030;22;10033;14;;;10027.0;0.0
yf_ZS=F_d6;46700;INTARIAN_PEPPER_ROOT;10351;9;10348;26;;;10369;23;10372;18;;;10360.0;0.0
yf_ZS=F_d6;46800;ASH_COATED_OSMIUM;10008;18;10005;26;;;10046;23;10049;22;;;10027.0;0.0
yf_ZS=F_d6;46800;INTARIAN_PEPPER_ROOT;10347;17;10345;20;;;10372;18;10376;23;;;10359.5;0.0
yf_ZS=F_d6;46900;ASH_COATED_OSMIUM;10021;17;10019;20;;;10034;10;10037;19;;;10027.5;0.0
yf_ZS=F_d6;46900;INTARIAN_PEPPER_ROOT;10355;21;10353;16;;;10365;17;10367;29;;;10360.0;0.0
yf_ZS=F_d6;47000;ASH_COATED_OSMIUM;10023;5;10019;13;;;10033;17;10036;17;;;10028.0;0.0
yf_ZS=F_d6;47000;INTARIAN_PEPPER_ROOT;10356;17;10353;25;;;10362;11;10365;21;;;10359.0;0.0
yf_ZS=F_d6;47100;ASH_COATED_OSMIUM;10025;20;10023;18;;;10031;12;10033;23;;;10028.0;0.0
yf_ZS=F_d6;47100;INTARIAN_PEPPER_ROOT;10355;9;10352;13;;;10364;14;10368;19;;;10359.5;0.0
yf_ZS=F_d6;47200;ASH_COATED_OSMIUM;10025;16;10021;21;;;10031;15;10034;22;;;10028.0;0.0
yf_ZS=F_d6;47200;INTARIAN_PEPPER_ROOT;10356;21;10352;26;;;10362;12;10364;14;;;10359.0;0.0
yf_ZS=F_d6;47300;ASH_COATED_OSMIUM;10018;18;10015;16;;;10039;15;10043;14;;;10028.5;0.0
yf_ZS=F_d6;47300;INTARIAN_PEPPER_ROOT;10355;29;10351;22;;;10364;16;10366;22;;;10359.5;0.0
yf_ZS=F_d6;47400;ASH_COATED_OSMIUM;10020;13;10017;20;;;10038;5;10040;30;;;10029.0;0.0
yf_ZS=F_d6;47400;INTARIAN_PEPPER_ROOT;10356;21;10353;23;;;10362;8;10364;19;;;10359.0;0.0
yf_ZS=F_d6;47500;ASH_COATED_OSMIUM;10026;16;10022;19;;;10032;18;10035;21;;;10029.0;0.0
yf_ZS=F_d6;47500;INTARIAN_PEPPER_ROOT;10357;19;10355;27;;;10363;12;10367;28;;;10360.0;0.0
yf_ZS=F_d6;47600;ASH_COATED_OSMIUM;10022;11;10019;21;;;10036;19;10040;26;;;10029.0;0.0
yf_ZS=F_d6;47600;INTARIAN_PEPPER_ROOT;10357;17;10355;12;;;10363;8;10365;23;;;10360.0;0.0
yf_ZS=F_d6;47700;ASH_COATED_OSMIUM;10027;15;10024;21;;;10033;19;10036;21;;;10030.0;0.0
yf_ZS=F_d6;47700;INTARIAN_PEPPER_ROOT;10356;15;10353;24;;;10362;16;10364;22;;;10359.0;0.0
yf_ZS=F_d6;47800;ASH_COATED_OSMIUM;10021;16;10018;20;;;10038;15;10040;24;;;10029.5;0.0
yf_ZS=F_d6;47800;INTARIAN_PEPPER_ROOT;10345;19;10342;24;;;10374;19;10377;19;;;10359.5;0.0
yf_ZS=F_d6;47900;ASH_COATED_OSMIUM;10027;22;10024;14;;;10033;18;10036;19;;;10030.0;0.0
yf_ZS=F_d6;47900;INTARIAN_PEPPER_ROOT;10356;5;10354;15;;;10362;7;10366;24;;;10359.0;0.0
yf_ZS=F_d6;48000;ASH_COATED_OSMIUM;10020;17;10016;23;;;10041;14;10044;20;;;10030.5;0.0
yf_ZS=F_d6;48000;INTARIAN_PEPPER_ROOT;10351;15;10347;17;;;10368;16;10371;26;;;10359.5;0.0
yf_ZS=F_d6;48100;ASH_COATED_OSMIUM;10027;20;10024;12;;;10033;12;10036;20;;;10030.0;0.0
yf_ZS=F_d6;48100;INTARIAN_PEPPER_ROOT;10353;12;10349;16;;;10364;18;10367;17;;;10358.5;0.0
yf_ZS=F_d6;48200;ASH_COATED_OSMIUM;10028;27;10024;28;;;10034;11;10036;18;;;10031.0;0.0
yf_ZS=F_d6;48200;INTARIAN_PEPPER_ROOT;10351;14;10349;24;;;10368;14;10371;17;;;10359.5;0.0
yf_ZS=F_d6;48300;ASH_COATED_OSMIUM;10028;18;10024;24;;;10034;14;10037;11;;;10031.0;0.0
yf_ZS=F_d6;48300;INTARIAN_PEPPER_ROOT;10356;16;10354;14;;;10362;10;10364;18;;;10359.0;0.0
yf_ZS=F_d6;48400;ASH_COATED_OSMIUM;10029;23;10026;23;;;10035;19;10039;18;;;10032.0;0.0
yf_ZS=F_d6;48400;INTARIAN_PEPPER_ROOT;10356;10;10354;18;;;10362;11;10365;23;;;10359.0;0.0
yf_ZS=F_d6;48500;ASH_COATED_OSMIUM;10027;11;10024;26;;;10035;6;10039;19;;;10031.0;0.0
yf_ZS=F_d6;48500;INTARIAN_PEPPER_ROOT;10356;13;10352;18;;;10362;9;10366;15;;;10359.0;0.0
yf_ZS=F_d6;48600;ASH_COATED_OSMIUM;10028;9;10025;20;;;10034;11;10037;15;;;10031.0;0.0
yf_ZS=F_d6;48600;INTARIAN_PEPPER_ROOT;10347;20;10345;24;;;10369;27;10372;13;;;10358.0;0.0
yf_ZS=F_d6;48700;ASH_COATED_OSMIUM;10028;19;10024;27;;;10035;17;10038;20;;;10031.5;0.0
yf_ZS=F_d6;48700;INTARIAN_PEPPER_ROOT;10356;14;10354;12;;;10362;19;10366;24;;;10359.0;0.0
yf_ZS=F_d6;48800;ASH_COATED_OSMIUM;10029;17;10025;21;;;10035;13;10038;24;;;10032.0;0.0
yf_ZS=F_d6;48800;INTARIAN_PEPPER_ROOT;10354;19;10351;22;;;10363;5;10365;20;;;10358.5;0.0
yf_ZS=F_d6;48900;ASH_COATED_OSMIUM;10029;22;10026;19;;;10037;17;10041;9;;;10033.0;0.0
yf_ZS=F_d6;48900;INTARIAN_PEPPER_ROOT;10355;8;10353;18;;;10362;13;10364;19;;;10358.5;0.0
yf_ZS=F_d6;49000;ASH_COATED_OSMIUM;10029;19;10026;22;;;10035;14;10037;12;;;10032.0;0.0
yf_ZS=F_d6;49000;INTARIAN_PEPPER_ROOT;10355;18;10352;14;;;10361;8;10363;14;;;10358.0;0.0
yf_ZS=F_d6;49100;ASH_COATED_OSMIUM;10030;11;10027;20;;;10036;11;10040;20;;;10033.0;0.0
yf_ZS=F_d6;49100;INTARIAN_PEPPER_ROOT;10355;5;10352;19;;;10361;6;10365;19;;;10358.0;0.0
yf_ZS=F_d6;49200;ASH_COATED_OSMIUM;10029;15;10027;15;;;10038;14;10040;22;;;10033.5;0.0
yf_ZS=F_d6;49200;INTARIAN_PEPPER_ROOT;10356;11;10354;17;;;10363;10;10367;23;;;10359.5;0.0
yf_ZS=F_d6;49300;ASH_COATED_OSMIUM;10030;8;10027;16;;;10036;12;10040;25;;;10033.0;0.0
yf_ZS=F_d6;49300;INTARIAN_PEPPER_ROOT;10352;5;10350;19;;;10365;19;10369;25;;;10358.5;0.0
yf_ZS=F_d6;49400;ASH_COATED_OSMIUM;10027;25;10023;21;;;10040;15;10044;15;;;10033.5;0.0
yf_ZS=F_d6;49400;INTARIAN_PEPPER_ROOT;10341;9;10339;19;;;10374;9;10377;21;;;10357.5;0.0
yf_ZS=F_d6;49500;ASH_COATED_OSMIUM;10026;25;10022;19;;;10042;15;10044;22;;;10034.0;0.0
yf_ZS=F_d6;49500;INTARIAN_PEPPER_ROOT;10355;12;10352;22;;;10361;13;10363;25;;;10358.0;0.0
yf_ZS=F_d6;49600;ASH_COATED_OSMIUM;10031;16;10028;24;;;10037;14;10041;19;;;10034.0;0.0
yf_ZS=F_d6;49600;INTARIAN_PEPPER_ROOT;10355;6;10352;18;;;10361;16;10363;20;;;10358.0;0.0
yf_ZS=F_d6;49700;ASH_COATED_OSMIUM;10031;15;10027;23;;;10037;5;10039;16;;;10034.0;0.0
yf_ZS=F_d6;49700;INTARIAN_PEPPER_ROOT;10355;12;10353;15;;;10361;11;10365;25;;;10358.0;0.0
yf_ZS=F_d6;49800;ASH_COATED_OSMIUM;10032;13;10030;21;;;10038;18;10041;21;;;10035.0;0.0
yf_ZS=F_d6;49800;INTARIAN_PEPPER_ROOT;10355;12;10352;29;;;10362;10;10364;20;;;10358.5;0.0
yf_ZS=F_d6;49900;ASH_COATED_OSMIUM;10032;17;10029;31;;;10038;21;10041;12;;;10035.0;0.0
yf_ZS=F_d6;49900;INTARIAN_PEPPER_ROOT;10351;14;10349;18;;;10365;12;10369;16;;;10358.0;0.0
yf_ZS=F_d6;50000;ASH_COATED_OSMIUM;10031;13;10027;9;;;10038;13;10042;15;;;10034.5;0.0
yf_ZS=F_d6;50000;INTARIAN_PEPPER_ROOT;10347;14;10344;16;;;10369;17;10373;19;;;10358.0;0.0
yf_ZS=F_d6;50100;ASH_COATED_OSMIUM;10023;19;10019;26;;;10047;14;10049;23;;;10035.0;0.0
yf_ZS=F_d6;50100;INTARIAN_PEPPER_ROOT;10350;19;10347;8;;;10367;17;10369;28;;;10358.5;0.0
yf_ZS=F_d6;50200;ASH_COATED_OSMIUM;10029;20;10026;24;;;10041;10;10045;20;;;10035.0;0.0
yf_ZS=F_d6;50200;INTARIAN_PEPPER_ROOT;10355;8;10351;19;;;10361;15;10365;19;;;10358.0;0.0
yf_ZS=F_d6;50300;ASH_COATED_OSMIUM;10033;15;10029;15;;;10039;20;10043;16;;;10036.0;0.0
yf_ZS=F_d6;50300;INTARIAN_PEPPER_ROOT;10354;7;10352;22;;;10360;16;10364;16;;;10357.0;0.0
yf_ZS=F_d6;50400;ASH_COATED_OSMIUM;10032;14;10028;21;;;10038;14;10042;16;;;10035.0;0.0
yf_ZS=F_d6;50400;INTARIAN_PEPPER_ROOT;10354;14;10351;26;;;10360;19;10364;14;;;10357.0;0.0
yf_ZS=F_d6;50500;ASH_COATED_OSMIUM;10023;17;10019;24;;;10050;8;10054;17;;;10036.5;0.0
yf_ZS=F_d6;50500;INTARIAN_PEPPER_ROOT;10354;12;10351;25;;;10360;13;10363;22;;;10357.0;0.0
yf_ZS=F_d6;50600;ASH_COATED_OSMIUM;10033;17;10029;23;;;10039;11;10041;28;;;10036.0;0.0
yf_ZS=F_d6;50600;INTARIAN_PEPPER_ROOT;10355;17;10351;12;;;10361;14;10365;17;;;10358.0;0.0
yf_ZS=F_d6;50700;ASH_COATED_OSMIUM;10033;12;10030;21;;;10039;12;10042;27;;;10036.0;0.0
yf_ZS=F_d6;50700;INTARIAN_PEPPER_ROOT;10355;16;10353;30;;;10361;18;10363;21;;;10358.0;0.0
yf_ZS=F_d6;50800;ASH_COATED_OSMIUM;10033;8;10030;28;;;10041;18;10045;17;;;10037.0;0.0
yf_ZS=F_d6;50800;INTARIAN_PEPPER_ROOT;10354;20;10351;15;;;10362;18;10364;16;;;10358.0;0.0
yf_ZS=F_d6;50900;ASH_COATED_OSMIUM;10033;9;10031;16;;;10042;18;10046;26;;;10037.5;0.0
yf_ZS=F_d6;50900;INTARIAN_PEPPER_ROOT;10354;21;10352;14;;;10360;8;10364;19;;;10357.0;0.0
yf_ZS=F_d6;51000;ASH_COATED_OSMIUM;10034;15;10031;17;;;10040;15;10043;17;;;10037.0;0.0
yf_ZS=F_d6;51000;INTARIAN_PEPPER_ROOT;10353;18;10351;19;;;10359;15;10363;16;;;10356.0;0.0
yf_ZS=F_d6;51100;ASH_COATED_OSMIUM;10034;17;10032;17;;;10040;17;10042;19;;;10037.0;0.0
yf_ZS=F_d6;51100;INTARIAN_PEPPER_ROOT;10349;16;10345;18;;;10362;15;10365;20;;;10355.5;0.0
yf_ZS=F_d6;51200;ASH_COATED_OSMIUM;10034;14;10030;19;;;10040;18;10043;19;;;10037.0;0.0
yf_ZS=F_d6;51200;INTARIAN_PEPPER_ROOT;10352;13;10349;18;;;10358;19;10361;18;;;10355.0;0.0
yf_ZS=F_d6;51300;ASH_COATED_OSMIUM;10033;18;10031;19;;;10039;17;10042;17;;;10036.0;0.0
yf_ZS=F_d6;51300;INTARIAN_PEPPER_ROOT;10350;19;10346;32;;;10356;16;10360;20;;;10353.0;0.0
yf_ZS=F_d6;51400;ASH_COATED_OSMIUM;10032;11;10028;13;;;10041;18;10044;18;;;10036.5;0.0
yf_ZS=F_d6;51400;INTARIAN_PEPPER_ROOT;10350;19;10347;19;;;10356;10;10360;16;;;10353.0;0.0
yf_ZS=F_d6;51500;ASH_COATED_OSMIUM;10033;14;10031;27;;;10039;16;10043;22;;;10036.0;0.0
yf_ZS=F_d6;51500;INTARIAN_PEPPER_ROOT;10347;13;10344;17;;;10356;7;10358;17;;;10351.5;0.0
yf_ZS=F_d6;51600;ASH_COATED_OSMIUM;10034;15;10030;18;;;10040;17;10042;19;;;10037.0;0.0
yf_ZS=F_d6;51600;INTARIAN_PEPPER_ROOT;10348;11;10345;13;;;10354;10;10357;30;;;10351.0;0.0
yf_ZS=F_d6;51700;ASH_COATED_OSMIUM;10034;18;10032;19;;;10040;18;10044;18;;;10037.0;0.0
yf_ZS=F_d6;51700;INTARIAN_PEPPER_ROOT;10347;8;10343;27;;;10353;16;10355;13;;;10350.0;0.0
yf_ZS=F_d6;51800;ASH_COATED_OSMIUM;10032;9;10028;11;;;10040;11;10042;14;;;10036.0;0.0
yf_ZS=F_d6;51800;INTARIAN_PEPPER_ROOT;10346;17;10343;17;;;10352;17;10354;18;;;10349.0;0.0
yf_ZS=F_d6;51900;ASH_COATED_OSMIUM;10034;19;10032;22;;;10040;15;10044;24;;;10037.0;0.0
yf_ZS=F_d6;51900;INTARIAN_PEPPER_ROOT;10345;15;10341;17;;;10351;15;10355;12;;;10348.0;0.0
yf_ZS=F_d6;52000;ASH_COATED_OSMIUM;10034;14;10032;26;;;10041;5;10044;22;;;10037.5;0.0
yf_ZS=F_d6;52000;INTARIAN_PEPPER_ROOT;10345;8;10341;21;;;10351;19;10353;10;;;10348.0;0.0
yf_ZS=F_d6;52100;ASH_COATED_OSMIUM;10033;9;10030;27;;;10039;7;10043;19;;;10036.0;0.0
yf_ZS=F_d6;52100;INTARIAN_PEPPER_ROOT;10340;12;10336;18;;;10353;15;10356;15;;;10346.5;0.0
yf_ZS=F_d6;52200;ASH_COATED_OSMIUM;10019;17;10016;23;;;10054;14;10058;18;;;10036.5;0.0
yf_ZS=F_d6;52200;INTARIAN_PEPPER_ROOT;10340;16;10336;16;;;10349;14;10352;28;;;10344.5;0.0
yf_ZS=F_d6;52300;ASH_COATED_OSMIUM;10034;22;10031;21;;;10040;19;10043;13;;;10037.0;0.0
yf_ZS=F_d6;52300;INTARIAN_PEPPER_ROOT;10342;15;10339;22;;;10348;14;10350;8;;;10345.0;0.0
yf_ZS=F_d6;52400;ASH_COATED_OSMIUM;10033;19;10031;27;;;10039;10;10042;12;;;10036.0;0.0
yf_ZS=F_d6;52400;INTARIAN_PEPPER_ROOT;10339;16;10336;18;;;10348;15;10351;21;;;10343.5;0.0
yf_ZS=F_d6;52500;ASH_COATED_OSMIUM;10032;19;10028;10;;;10041;15;10044;17;;;10036.5;0.0
yf_ZS=F_d6;52500;INTARIAN_PEPPER_ROOT;10337;18;10333;28;;;10348;5;10351;25;;;10342.5;0.0
yf_ZS=F_d6;52600;ASH_COATED_OSMIUM;10024;14;10022;23;;;10048;10;10050;17;;;10036.0;0.0
yf_ZS=F_d6;52600;INTARIAN_PEPPER_ROOT;10339;11;10336;22;;;10345;15;10348;16;;;10342.0;0.0
yf_ZS=F_d6;52700;ASH_COATED_OSMIUM;10034;11;10031;23;;;10040;10;10042;26;;;10037.0;0.0
yf_ZS=F_d6;52700;INTARIAN_PEPPER_ROOT;10338;16;10336;16;;;10344;23;10347;17;;;10341.0;0.0
yf_ZS=F_d6;52800;ASH_COATED_OSMIUM;10034;10;10032;24;;;10040;6;10044;25;;;10037.0;0.0
yf_ZS=F_d6;52800;INTARIAN_PEPPER_ROOT;10337;12;10333;24;;;10343;17;10346;23;;;10340.0;0.0
yf_ZS=F_d6;52900;ASH_COATED_OSMIUM;10033;11;10029;22;;;10040;15;10042;21;;;10036.5;0.0
yf_ZS=F_d6;52900;INTARIAN_PEPPER_ROOT;10337;23;10335;15;;;10343;13;10346;18;;;10340.0;0.0
yf_ZS=F_d6;53000;ASH_COATED_OSMIUM;10034;12;10032;19;;;10040;11;10043;26;;;10037.0;0.0
yf_ZS=F_d6;53000;INTARIAN_PEPPER_ROOT;10334;20;10332;22;;;10342;14;10345;17;;;10338.0;0.0
yf_ZS=F_d6;53100;ASH_COATED_OSMIUM;10033;9;10031;26;;;10039;15;10042;25;;;10036.0;0.0
yf_ZS=F_d6;53100;INTARIAN_PEPPER_ROOT;10334;23;10332;18;;;10342;12;10344;24;;;10338.0;0.0
yf_ZS=F_d6;53200;ASH_COATED_OSMIUM;10033;13;10030;13;;;10039;12;10041;17;;;10036.0;0.0
yf_ZS=F_d6;53200;INTARIAN_PEPPER_ROOT;10333;13;10329;10;;;10339;9;10342;28;;;10336.0;0.0
yf_ZS=F_d6;53300;ASH_COATED_OSMIUM;10027;9;10024;17;;;10046;5;10050;19;;;10036.5;0.0
yf_ZS=F_d6;53300;INTARIAN_PEPPER_ROOT;10332;9;10328;24;;;10338;13;10342;13;;;10335.0;0.0
yf_ZS=F_d6;53400;ASH_COATED_OSMIUM;10030;8;10026;13;;;10043;11;10046;26;;;10036.5;0.0
yf_ZS=F_d6;53400;INTARIAN_PEPPER_ROOT;10332;20;10328;24;;;10338;8;10340;17;;;10335.0;0.0
yf_ZS=F_d6;53500;ASH_COATED_OSMIUM;10033;21;10029;17;;;10039;16;10043;24;;;10036.0;0.0
yf_ZS=F_d6;53500;INTARIAN_PEPPER_ROOT;10331;9;10327;19;;;10337;28;10339;20;;;10334.0;0.0
yf_ZS=F_d6;53600;ASH_COATED_OSMIUM;10032;13;10029;32;;;10041;13;10045;18;;;10036.5;0.0
yf_ZS=F_d6;53600;INTARIAN_PEPPER_ROOT;10330;14;10328;8;;;10336;5;10339;17;;;10333.0;0.0
yf_ZS=F_d6;53700;ASH_COATED_OSMIUM;10027;8;10024;20;;;10046;14;10048;19;;;10036.5;0.0
yf_ZS=F_d6;53700;INTARIAN_PEPPER_ROOT;10330;20;10328;16;;;10336;10;10339;16;;;10333.0;0.0
yf_ZS=F_d6;53800;ASH_COATED_OSMIUM;10033;14;10031;21;;;10039;16;10042;26;;;10036.0;0.0
yf_ZS=F_d6;53800;INTARIAN_PEPPER_ROOT;10326;11;10323;19;;;10337;25;10339;17;;;10331.5;0.0
yf_ZS=F_d6;53900;ASH_COATED_OSMIUM;10025;18;10023;13;;;10049;12;10052;20;;;10037.0;0.0
yf_ZS=F_d6;53900;INTARIAN_PEPPER_ROOT;10319;7;10316;23;;;10341;15;10343;18;;;10330.0;0.0
yf_ZS=F_d6;54000;ASH_COATED_OSMIUM;10033;14;10030;18;;;10040;7;10043;25;;;10036.5;0.0
yf_ZS=F_d6;54000;INTARIAN_PEPPER_ROOT;10326;14;10324;8;;;10332;14;10336;21;;;10329.0;0.0
yf_ZS=F_d6;54100;ASH_COATED_OSMIUM;10031;19;10029;10;;;10040;15;10043;20;;;10035.5;0.0
yf_ZS=F_d6;54100;INTARIAN_PEPPER_ROOT;10323;12;10320;16;;;10335;17;10339;21;;;10329.0;0.0
yf_ZS=F_d6;54200;ASH_COATED_OSMIUM;10028;16;10024;18;;;10044;15;10048;19;;;10036.0;0.0
yf_ZS=F_d6;54200;INTARIAN_PEPPER_ROOT;10321;19;10317;20;;;10335;18;10339;12;;;10328.0;0.0
yf_ZS=F_d6;54300;ASH_COATED_OSMIUM;10033;10;10031;22;;;10039;8;10043;21;;;10036.0;0.0
yf_ZS=F_d6;54300;INTARIAN_PEPPER_ROOT;10324;8;10320;17;;;10330;12;10332;21;;;10327.0;0.0
yf_ZS=F_d6;54400;ASH_COATED_OSMIUM;10034;18;10031;27;;;10040;17;10044;20;;;10037.0;0.0
yf_ZS=F_d6;54400;INTARIAN_PEPPER_ROOT;10322;11;10319;14;;;10328;10;10332;22;;;10325.0;0.0
yf_ZS=F_d6;54500;ASH_COATED_OSMIUM;10032;25;10030;21;;;10039;10;10041;23;;;10035.5;0.0
yf_ZS=F_d6;54500;INTARIAN_PEPPER_ROOT;10322;12;10319;15;;;10329;11;10333;19;;;10325.5;0.0
yf_ZS=F_d6;54600;ASH_COATED_OSMIUM;10020;16;10017;14;;;10053;20;10056;16;;;10036.5;0.0
yf_ZS=F_d6;54600;INTARIAN_PEPPER_ROOT;10321;18;10317;14;;;10327;15;10330;25;;;10324.0;0.0
yf_ZS=F_d6;54700;ASH_COATED_OSMIUM;10033;16;10030;20;;;10039;13;10041;18;;;10036.0;0.0
yf_ZS=F_d6;54700;INTARIAN_PEPPER_ROOT;10320;20;10316;14;;;10326;9;10330;20;;;10323.0;0.0
yf_ZS=F_d6;54800;ASH_COATED_OSMIUM;10032;5;10028;18;;;10040;10;10042;23;;;10036.0;0.0
yf_ZS=F_d6;54800;INTARIAN_PEPPER_ROOT;10306;18;10302;19;;;10337;15;10341;21;;;10321.5;0.0
yf_ZS=F_d6;54900;ASH_COATED_OSMIUM;10033;5;10029;26;;;10039;12;10043;13;;;10036.0;0.0
yf_ZS=F_d6;54900;INTARIAN_PEPPER_ROOT;10319;19;10316;27;;;10325;22;10329;26;;;10322.0;0.0
yf_ZS=F_d6;55000;ASH_COATED_OSMIUM;10030;11;10027;16;;;10042;15;10046;17;;;10036.0;0.0
yf_ZS=F_d6;55000;INTARIAN_PEPPER_ROOT;10310;10;10308;18;;;10331;14;10333;10;;;10320.5;0.0
yf_ZS=F_d6;55100;ASH_COATED_OSMIUM;10034;11;10031;16;;;10040;14;10042;15;;;10037.0;0.0
yf_ZS=F_d6;55100;INTARIAN_PEPPER_ROOT;10317;22;10314;19;;;10323;17;10327;20;;;10320.0;0.0
yf_ZS=F_d6;55200;ASH_COATED_OSMIUM;10028;18;10025;11;;;10043;12;10045;15;;;10035.5;0.0
yf_ZS=F_d6;55200;INTARIAN_PEPPER_ROOT;10316;10;10312;15;;;10322;14;10324;20;;;10319.0;0.0
yf_ZS=F_d6;55300;ASH_COATED_OSMIUM;10024;12;10020;18;;;10047;19;10049;19;;;10035.5;0.0
yf_ZS=F_d6;55300;INTARIAN_PEPPER_ROOT;10315;17;10312;25;;;10321;13;10323;16;;;10318.0;0.0
yf_ZS=F_d6;55400;ASH_COATED_OSMIUM;10033;15;10029;29;;;10039;15;10043;24;;;10036.0;0.0
yf_ZS=F_d6;55400;INTARIAN_PEPPER_ROOT;10314;11;10311;17;;;10320;21;10324;26;;;10317.0;0.0
yf_ZS=F_d6;55500;ASH_COATED_OSMIUM;10031;14;10027;25;;;10040;17;10044;22;;;10035.5;0.0
yf_ZS=F_d6;55500;INTARIAN_PEPPER_ROOT;10313;10;10311;18;;;10319;7;10322;15;;;10316.0;0.0
yf_ZS=F_d6;55600;ASH_COATED_OSMIUM;10033;12;10031;25;;;10039;9;10042;22;;;10036.0;0.0
yf_ZS=F_d6;55600;INTARIAN_PEPPER_ROOT;10305;9;10303;26;;;10324;17;10328;19;;;10314.5;0.0
yf_ZS=F_d6;55700;ASH_COATED_OSMIUM;10018;11;10015;18;;;10055;17;10057;21;;;10036.5;0.0
yf_ZS=F_d6;55700;INTARIAN_PEPPER_ROOT;10301;26;10299;20;;;10327;12;10329;14;;;10314.0;0.0
yf_ZS=F_d6;55800;ASH_COATED_OSMIUM;10033;19;10031;18;;;10039;7;10041;15;;;10036.0;0.0
yf_ZS=F_d6;55800;INTARIAN_PEPPER_ROOT;10311;14;10308;25;;;10317;18;10320;21;;;10314.0;0.0
yf_ZS=F_d6;55900;ASH_COATED_OSMIUM;10033;15;10031;23;;;10039;5;10043;23;;;10036.0;0.0
yf_ZS=F_d6;55900;INTARIAN_PEPPER_ROOT;10310;7;10306;17;;;10316;5;10320;20;;;10313.0;0.0
yf_ZS=F_d6;56000;ASH_COATED_OSMIUM;10033;18;10030;13;;;10039;16;10042;22;;;10036.0;0.0
yf_ZS=F_d6;56000;INTARIAN_PEPPER_ROOT;10308;19;10306;16;;;10314;11;10318;11;;;10311.0;0.0
yf_ZS=F_d6;56100;ASH_COATED_OSMIUM;10033;16;10029;16;;;10039;24;10042;14;;;10036.0;0.0
yf_ZS=F_d6;56100;INTARIAN_PEPPER_ROOT;10307;14;10303;20;;;10313;19;10317;27;;;10310.0;0.0
yf_ZS=F_d6;56200;ASH_COATED_OSMIUM;10033;23;10031;23;;;10039;13;10042;19;;;10036.0;0.0
yf_ZS=F_d6;56200;INTARIAN_PEPPER_ROOT;10307;17;10303;15;;;10313;14;10317;13;;;10310.0;0.0
yf_ZS=F_d6;56300;ASH_COATED_OSMIUM;10033;5;10031;8;;;10039;11;10043;26;;;10036.0;0.0
yf_ZS=F_d6;56300;INTARIAN_PEPPER_ROOT;10306;18;10304;23;;;10312;10;10316;16;;;10309.0;0.0
yf_ZS=F_d6;56400;ASH_COATED_OSMIUM;10032;14;10029;27;;;10040;17;10043;13;;;10036.0;0.0
yf_ZS=F_d6;56400;INTARIAN_PEPPER_ROOT;10305;16;10301;15;;;10311;15;10313;16;;;10308.0;0.0
yf_ZS=F_d6;56500;ASH_COATED_OSMIUM;10030;20;10028;31;;;10043;11;10047;19;;;10036.5;0.0
yf_ZS=F_d6;56500;INTARIAN_PEPPER_ROOT;10304;14;10301;18;;;10310;25;10312;18;;;10307.0;0.0
yf_ZS=F_d6;56600;ASH_COATED_OSMIUM;10033;11;10029;18;;;10039;20;10041;28;;;10036.0;0.0
yf_ZS=F_d6;56600;INTARIAN_PEPPER_ROOT;10303;16;10301;14;;;10309;8;10313;23;;;10306.0;0.0
yf_ZS=F_d6;56700;ASH_COATED_OSMIUM;10033;14;10029;14;;;10039;19;10043;25;;;10036.0;0.0
yf_ZS=F_d6;56700;INTARIAN_PEPPER_ROOT;10300;11;10297;19;;;10310;24;10313;15;;;10305.0;0.0
yf_ZS=F_d6;56800;ASH_COATED_OSMIUM;10023;13;10020;22;;;10049;19;10051;25;;;10036.0;0.0
yf_ZS=F_d6;56800;INTARIAN_PEPPER_ROOT;10300;16;10296;23;;;10309;5;10312;23;;;10304.5;0.0
yf_ZS=F_d6;56900;ASH_COATED_OSMIUM;10033;7;10029;20;;;10039;12;10042;16;;;10036.0;0.0
yf_ZS=F_d6;56900;INTARIAN_PEPPER_ROOT;10301;15;10298;16;;;10307;18;10311;11;;;10304.0;0.0
yf_ZS=F_d6;57000;ASH_COATED_OSMIUM;10033;20;10029;24;;;10039;15;10041;22;;;10036.0;0.0
yf_ZS=F_d6;57000;INTARIAN_PEPPER_ROOT;10295;20;10292;20;;;10310;11;10314;18;;;10302.5;0.0
yf_ZS=F_d6;57100;ASH_COATED_OSMIUM;10033;12;10031;23;;;10039;13;10042;14;;;10036.0;0.0
yf_ZS=F_d6;57100;INTARIAN_PEPPER_ROOT;10299;18;10296;20;;;10305;21;10307;19;;;10302.0;0.0
yf_ZS=F_d6;57200;ASH_COATED_OSMIUM;10033;9;10030;9;;;10039;16;10042;10;;;10036.0;0.0
yf_ZS=F_d6;57200;INTARIAN_PEPPER_ROOT;10298;24;10296;17;;;10304;18;10308;20;;;10301.0;0.0
yf_ZS=F_d6;57300;ASH_COATED_OSMIUM;10033;19;10031;23;;;10039;10;10041;22;;;10036.0;0.0
yf_ZS=F_d6;57300;INTARIAN_PEPPER_ROOT;10294;5;10292;20;;;10306;19;10308;22;;;10300.0;0.0
yf_ZS=F_d6;57400;ASH_COATED_OSMIUM;10033;12;10029;16;;;10039;29;10043;17;;;10036.0;0.0
yf_ZS=F_d6;57400;INTARIAN_PEPPER_ROOT;10295;14;10292;26;;;10303;7;10305;26;;;10299.0;0.0
yf_ZS=F_d6;57500;ASH_COATED_OSMIUM;10033;9;10030;27;;;10039;22;10041;28;;;10036.0;0.0
yf_ZS=F_d6;57500;INTARIAN_PEPPER_ROOT;10290;6;10287;27;;;10307;7;10310;19;;;10298.5;0.0
yf_ZS=F_d6;57600;ASH_COATED_OSMIUM;10033;16;10030;24;;;10039;12;10042;17;;;10036.0;0.0
