day;timestamp;product;bid_price_1;bid_volume_1;bid_price_2;bid_volume_2;bid_price_3;bid_volume_3;ask_price_1;ask_volume_1;ask_price_2;ask_volume_2;ask_price_3;ask_volume_3;mid_price;profit_and_loss
yf_BGS_d7;0;ASH_COATED_OSMIUM;9921;18;9919;29;;;9934;19;9936;8;;;9927.5;0.0
yf_BGS_d7;0;INTARIAN_PEPPER_ROOT;11341;18;11338;17;;;11347;16;11351;8;;;11344.0;0.0
yf_BGS_d7;100;ASH_COATED_OSMIUM;9923;15;9920;17;;;9934;17;9936;16;;;9928.5;0.0
yf_BGS_d7;100;INTARIAN_PEPPER_ROOT;11343;5;11339;25;;;11349;20;11353;21;;;11346.0;0.0
yf_BGS_d7;200;ASH_COATED_OSMIUM;9921;19;9918;24;;;9935;14;9937;17;;;9928.0;0.0
yf_BGS_d7;200;INTARIAN_PEPPER_ROOT;11345;10;11342;18;;;11351;5;11355;25;;;11348.0;0.0
yf_BGS_d7;300;ASH_COATED_OSMIUM;9923;20;9920;23;;;9932;12;9936;19;;;9927.5;0.0
yf_BGS_d7;300;INTARIAN_PEPPER_ROOT;11339;7;11337;17;;;11359;17;11361;17;;;11349.0;0.0
yf_BGS_d7;400;ASH_COATED_OSMIUM;9923;12;9919;22;;;9933;24;9937;15;;;9928.0;0.0
yf_BGS_d7;400;INTARIAN_PEPPER_ROOT;11348;14;11344;20;;;11354;14;11357;25;;;11351.0;0.0
yf_BGS_d7;500;ASH_COATED_OSMIUM;9913;11;9910;15;;;9944;16;9948;12;;;9928.5;0.0
yf_BGS_d7;500;INTARIAN_PEPPER_ROOT;11350;11;11346;20;;;11356;20;11358;25;;;11353.0;0.0
yf_BGS_d7;600;ASH_COATED_OSMIUM;9918;9;9914;24;;;9936;21;9939;25;;;9927.0;0.0
yf_BGS_d7;600;INTARIAN_PEPPER_ROOT;11351;18;11348;29;;;11357;13;11359;17;;;11354.0;0.0
yf_BGS_d7;700;ASH_COATED_OSMIUM;9919;9;9916;17;;;9937;15;9939;20;;;9928.0;0.0
yf_BGS_d7;700;INTARIAN_PEPPER_ROOT;11352;17;11350;14;;;11358;5;11360;24;;;11355.0;0.0
yf_BGS_d7;800;ASH_COATED_OSMIUM;9912;12;9908;24;;;9946;13;9950;17;;;9929.0;0.0
yf_BGS_d7;800;INTARIAN_PEPPER_ROOT;11354;17;11351;24;;;11360;16;11364;23;;;11357.0;0.0
yf_BGS_d7;900;ASH_COATED_OSMIUM;9918;12;9915;21;;;9937;20;9939;16;;;9927.5;0.0
yf_BGS_d7;900;INTARIAN_PEPPER_ROOT;11356;17;11353;31;;;11362;11;11364;21;;;11359.0;0.0
yf_BGS_d7;1000;ASH_COATED_OSMIUM;9925;15;9923;28;;;9931;7;9935;23;;;9928.0;0.0
yf_BGS_d7;1000;INTARIAN_PEPPER_ROOT;11356;18;11352;25;;;11366;18;11368;21;;;11361.0;0.0
yf_BGS_d7;1100;ASH_COATED_OSMIUM;9922;12;9919;25;;;9934;19;9937;19;;;9928.0;0.0
yf_BGS_d7;1100;INTARIAN_PEPPER_ROOT;11359;14;11357;23;;;11365;12;11367;27;;;11362.0;0.0
yf_BGS_d7;1200;ASH_COATED_OSMIUM;9923;10;9921;20;;;9932;23;9936;20;;;9927.5;0.0
yf_BGS_d7;1200;INTARIAN_PEPPER_ROOT;11361;15;11359;26;;;11367;9;11371;20;;;11364.0;0.0
yf_BGS_d7;1300;ASH_COATED_OSMIUM;9924;13;9922;24;;;9931;16;9934;15;;;9927.5;0.0
yf_BGS_d7;1300;INTARIAN_PEPPER_ROOT;11361;12;11357;18;;;11369;6;11371;16;;;11365.0;0.0
yf_BGS_d7;1400;ASH_COATED_OSMIUM;9924;15;9920;23;;;9931;14;9935;16;;;9927.5;0.0
yf_BGS_d7;1400;INTARIAN_PEPPER_ROOT;11365;18;11363;17;;;11371;11;11374;24;;;11368.0;0.0
yf_BGS_d7;1500;ASH_COATED_OSMIUM;9925;12;9921;21;;;9931;13;9935;14;;;9928.0;0.0
yf_BGS_d7;1500;INTARIAN_PEPPER_ROOT;11366;10;11362;13;;;11372;7;11376;17;;;11369.0;0.0
yf_BGS_d7;1600;ASH_COATED_OSMIUM;9925;20;9921;25;;;9931;10;9935;21;;;9928.0;0.0
yf_BGS_d7;1600;INTARIAN_PEPPER_ROOT;11360;21;11357;28;;;11381;8;11383;9;;;11370.5;0.0
yf_BGS_d7;1700;ASH_COATED_OSMIUM;9925;12;9921;17;;;9931;10;9933;10;;;9928.0;0.0
yf_BGS_d7;1700;INTARIAN_PEPPER_ROOT;11370;17;11368;22;;;11376;21;11378;26;;;11373.0;0.0
yf_BGS_d7;1800;ASH_COATED_OSMIUM;9925;15;9922;17;;;9931;9;9935;14;;;9928.0;0.0
yf_BGS_d7;1800;INTARIAN_PEPPER_ROOT;11370;9;11366;17;;;11379;11;11381;16;;;11374.5;0.0
yf_BGS_d7;1900;ASH_COATED_OSMIUM;9923;20;9920;13;;;9933;9;9936;10;;;9928.0;0.0
yf_BGS_d7;1900;INTARIAN_PEPPER_ROOT;11371;17;11368;29;;;11381;8;11384;17;;;11376.0;0.0
yf_BGS_d7;2000;ASH_COATED_OSMIUM;9926;9;9924;26;;;9932;14;9936;18;;;9929.0;0.0
yf_BGS_d7;2000;INTARIAN_PEPPER_ROOT;11370;9;11366;16;;;11384;21;11388;13;;;11377.0;0.0
yf_BGS_d7;2100;ASH_COATED_OSMIUM;9925;17;9923;8;;;9931;11;9935;18;;;9928.0;0.0
yf_BGS_d7;2100;INTARIAN_PEPPER_ROOT;11376;22;11374;17;;;11382;11;11385;23;;;11379.0;0.0
yf_BGS_d7;2200;ASH_COATED_OSMIUM;9925;23;9922;15;;;9931;17;9933;15;;;9928.0;0.0
yf_BGS_d7;2200;INTARIAN_PEPPER_ROOT;11377;13;11373;29;;;11383;9;11387;18;;;11380.0;0.0
yf_BGS_d7;2300;ASH_COATED_OSMIUM;9925;13;9923;22;;;9931;21;9934;8;;;9928.0;0.0
yf_BGS_d7;2300;INTARIAN_PEPPER_ROOT;11373;17;11369;24;;;11391;18;11395;19;;;11382.0;0.0
yf_BGS_d7;2400;ASH_COATED_OSMIUM;9924;26;9922;16;;;9931;6;9935;16;;;9927.5;0.0
yf_BGS_d7;2400;INTARIAN_PEPPER_ROOT;11380;14;11377;18;;;11386;15;11388;15;;;11383.0;0.0
yf_BGS_d7;2500;ASH_COATED_OSMIUM;9923;12;9921;11;;;9933;5;9937;17;;;9928.0;0.0
yf_BGS_d7;2500;INTARIAN_PEPPER_ROOT;11382;10;11378;26;;;11388;14;11391;16;;;11385.0;0.0
yf_BGS_d7;2600;ASH_COATED_OSMIUM;9925;13;9923;12;;;9931;8;9933;27;;;9928.0;0.0
yf_BGS_d7;2600;INTARIAN_PEPPER_ROOT;11384;13;11382;25;;;11390;17;11392;27;;;11387.0;0.0
yf_BGS_d7;2700;ASH_COATED_OSMIUM;9925;10;9922;19;;;9932;17;9934;24;;;9928.5;0.0
yf_BGS_d7;2700;INTARIAN_PEPPER_ROOT;11383;7;11380;26;;;11394;12;11396;21;;;11388.5;0.0
yf_BGS_d7;2800;ASH_COATED_OSMIUM;9925;8;9921;25;;;9931;14;9934;17;;;9928.0;0.0
yf_BGS_d7;2800;INTARIAN_PEPPER_ROOT;11387;15;11383;23;;;11393;24;11397;23;;;11390.0;0.0
yf_BGS_d7;2900;ASH_COATED_OSMIUM;9923;11;9920;17;;;9933;15;9936;23;;;9928.0;0.0
yf_BGS_d7;2900;INTARIAN_PEPPER_ROOT;11389;23;11386;14;;;11395;16;11398;17;;;11392.0;0.0
yf_BGS_d7;3000;ASH_COATED_OSMIUM;9919;10;9916;19;;;9938;19;9940;12;;;9928.5;0.0
yf_BGS_d7;3000;INTARIAN_PEPPER_ROOT;11390;17;11388;14;;;11397;10;11400;15;;;11393.5;0.0
yf_BGS_d7;3100;ASH_COATED_OSMIUM;9925;14;9922;28;;;9931;14;9933;15;;;9928.0;0.0
yf_BGS_d7;3100;INTARIAN_PEPPER_ROOT;11393;18;11391;24;;;11399;18;11403;18;;;11396.0;0.0
yf_BGS_d7;3200;ASH_COATED_OSMIUM;9923;6;9920;25;;;9932;14;9934;22;;;9927.5;0.0
yf_BGS_d7;3200;INTARIAN_PEPPER_ROOT;11394;9;11391;14;;;11400;5;11404;22;;;11397.0;0.0
yf_BGS_d7;3300;ASH_COATED_OSMIUM;9925;21;9923;15;;;9931;13;9933;18;;;9928.0;0.0
yf_BGS_d7;3300;INTARIAN_PEPPER_ROOT;11395;5;11392;14;;;11401;5;11405;21;;;11398.0;0.0
yf_BGS_d7;3400;ASH_COATED_OSMIUM;9925;23;9923;23;;;9931;14;9934;16;;;9928.0;0.0
yf_BGS_d7;3400;INTARIAN_PEPPER_ROOT;11397;10;11393;25;;;11403;11;11407;22;;;11400.0;0.0
yf_BGS_d7;3500;ASH_COATED_OSMIUM;9925;19;9921;22;;;9931;16;9934;31;;;9928.0;0.0
yf_BGS_d7;3500;INTARIAN_PEPPER_ROOT;11398;21;11394;17;;;11407;18;11411;13;;;11402.5;0.0
yf_BGS_d7;3600;ASH_COATED_OSMIUM;9925;9;9923;12;;;9931;9;9933;20;;;9928.0;0.0
yf_BGS_d7;3600;INTARIAN_PEPPER_ROOT;11400;6;11398;21;;;11406;14;11410;16;;;11403.0;0.0
yf_BGS_d7;3700;ASH_COATED_OSMIUM;9911;23;9908;23;;;9946;17;9949;24;;;9928.5;0.0
yf_BGS_d7;3700;INTARIAN_PEPPER_ROOT;11402;20;11399;27;;;11410;17;11413;17;;;11406.0;0.0
yf_BGS_d7;3800;ASH_COATED_OSMIUM;9925;20;9923;17;;;9931;12;9934;20;;;9928.0;0.0
yf_BGS_d7;3800;INTARIAN_PEPPER_ROOT;11401;17;11398;20;;;11414;10;11418;21;;;11407.5;0.0
yf_BGS_d7;3900;ASH_COATED_OSMIUM;9925;19;9923;19;;;9931;9;9933;10;;;9928.0;0.0
yf_BGS_d7;3900;INTARIAN_PEPPER_ROOT;11406;16;11403;13;;;11412;16;11416;21;;;11409.0;0.0
yf_BGS_d7;4000;ASH_COATED_OSMIUM;9925;11;9923;21;;;9931;18;9933;22;;;9928.0;0.0
yf_BGS_d7;4000;INTARIAN_PEPPER_ROOT;11387;12;11385;23;;;11434;14;11436;16;;;11410.5;0.0
yf_BGS_d7;4100;ASH_COATED_OSMIUM;9925;18;9923;21;;;9931;11;9933;16;;;9928.0;0.0
yf_BGS_d7;4100;INTARIAN_PEPPER_ROOT;11398;10;11396;26;;;11426;24;11430;18;;;11412.0;0.0
yf_BGS_d7;4200;ASH_COATED_OSMIUM;9924;12;9920;21;;;9931;9;9935;19;;;9927.5;0.0
yf_BGS_d7;4200;INTARIAN_PEPPER_ROOT;11401;22;11397;14;;;11426;11;11428;18;;;11413.5;0.0
yf_BGS_d7;4300;ASH_COATED_OSMIUM;9924;20;9922;26;;;9932;19;9935;26;;;9928.0;0.0
yf_BGS_d7;4300;INTARIAN_PEPPER_ROOT;11411;14;11407;20;;;11419;27;11422;16;;;11415.0;0.0
yf_BGS_d7;4400;ASH_COATED_OSMIUM;9925;11;9921;14;;;9931;14;9935;10;;;9928.0;0.0
yf_BGS_d7;4400;INTARIAN_PEPPER_ROOT;11414;16;11410;14;;;11420;9;11422;10;;;11417.0;0.0
yf_BGS_d7;4500;ASH_COATED_OSMIUM;9926;18;9922;8;;;9932;26;9934;20;;;9929.0;0.0
yf_BGS_d7;4500;INTARIAN_PEPPER_ROOT;11415;13;11413;17;;;11421;28;11424;20;;;11418.0;0.0
yf_BGS_d7;4600;ASH_COATED_OSMIUM;9925;14;9923;19;;;9931;19;9935;23;;;9928.0;0.0
yf_BGS_d7;4600;INTARIAN_PEPPER_ROOT;11415;20;11411;23;;;11424;13;11428;26;;;11419.5;0.0
yf_BGS_d7;4700;ASH_COATED_OSMIUM;9925;11;9921;18;;;9931;20;9935;20;;;9928.0;0.0
yf_BGS_d7;4700;INTARIAN_PEPPER_ROOT;11411;18;11408;10;;;11432;24;11436;17;;;11421.5;0.0
yf_BGS_d7;4800;ASH_COATED_OSMIUM;9925;16;9922;26;;;9931;16;9935;23;;;9928.0;0.0
yf_BGS_d7;4800;INTARIAN_PEPPER_ROOT;11416;26;11413;23;;;11430;20;11433;17;;;11423.0;0.0
yf_BGS_d7;4900;ASH_COATED_OSMIUM;9925;15;9921;16;;;9932;10;9934;26;;;9928.5;0.0
yf_BGS_d7;4900;INTARIAN_PEPPER_ROOT;11421;17;11418;18;;;11430;17;11432;9;;;11425.5;0.0
yf_BGS_d7;5000;ASH_COATED_OSMIUM;9925;14;9923;21;;;9931;21;9933;25;;;9928.0;0.0
yf_BGS_d7;5000;INTARIAN_PEPPER_ROOT;11421;22;11418;15;;;11432;14;11434;23;;;11426.5;0.0
yf_BGS_d7;5100;ASH_COATED_OSMIUM;9925;11;9921;12;;;9931;15;9933;16;;;9928.0;0.0
yf_BGS_d7;5100;INTARIAN_PEPPER_ROOT;11416;15;11414;22;;;11440;6;11442;18;;;11428.0;0.0
yf_BGS_d7;5200;ASH_COATED_OSMIUM;9924;23;9920;28;;;9932;8;9934;17;;;9928.0;0.0
yf_BGS_d7;5200;INTARIAN_PEPPER_ROOT;11426;16;11422;24;;;11435;24;11439;16;;;11430.5;0.0
yf_BGS_d7;5300;ASH_COATED_OSMIUM;9920;24;9916;20;;;9937;11;9941;22;;;9928.5;0.0
yf_BGS_d7;5300;INTARIAN_PEPPER_ROOT;11429;10;11427;18;;;11435;13;11439;25;;;11432.0;0.0
yf_BGS_d7;5400;ASH_COATED_OSMIUM;9925;16;9922;15;;;9931;7;9933;18;;;9928.0;0.0
yf_BGS_d7;5400;INTARIAN_PEPPER_ROOT;11430;11;11427;15;;;11436;15;11440;11;;;11433.0;0.0
yf_BGS_d7;5500;ASH_COATED_OSMIUM;9917;17;9914;28;;;9940;16;9944;14;;;9928.5;0.0
yf_BGS_d7;5500;INTARIAN_PEPPER_ROOT;11427;8;11423;29;;;11442;22;11444;18;;;11434.5;0.0
yf_BGS_d7;5600;ASH_COATED_OSMIUM;9925;21;9923;22;;;9931;23;9935;27;;;9928.0;0.0
yf_BGS_d7;5600;INTARIAN_PEPPER_ROOT;11434;15;11432;18;;;11440;11;11442;17;;;11437.0;0.0
yf_BGS_d7;5700;ASH_COATED_OSMIUM;9908;11;9906;23;;;9948;14;9952;12;;;9928.0;0.0
yf_BGS_d7;5700;INTARIAN_PEPPER_ROOT;11435;15;11431;8;;;11441;7;11444;16;;;11438.0;0.0
yf_BGS_d7;5800;ASH_COATED_OSMIUM;9925;5;9921;20;;;9931;5;9934;22;;;9928.0;0.0
yf_BGS_d7;5800;INTARIAN_PEPPER_ROOT;11436;14;11432;22;;;11442;26;11444;13;;;11439.0;0.0
yf_BGS_d7;5900;ASH_COATED_OSMIUM;9925;10;9922;15;;;9931;15;9935;19;;;9928.0;0.0
yf_BGS_d7;5900;INTARIAN_PEPPER_ROOT;11438;13;11436;22;;;11444;18;11448;21;;;11441.0;0.0
yf_BGS_d7;6000;ASH_COATED_OSMIUM;9925;13;9921;30;;;9931;15;9934;26;;;9928.0;0.0
yf_BGS_d7;6000;INTARIAN_PEPPER_ROOT;11440;23;11436;23;;;11446;7;11450;20;;;11443.0;0.0
yf_BGS_d7;6100;ASH_COATED_OSMIUM;9925;8;9923;9;;;9931;17;9934;17;;;9928.0;0.0
yf_BGS_d7;6100;INTARIAN_PEPPER_ROOT;11433;15;11429;18;;;11456;10;11459;27;;;11444.5;0.0
yf_BGS_d7;6200;ASH_COATED_OSMIUM;9925;5;9922;16;;;9931;18;9934;14;;;9928.0;0.0
yf_BGS_d7;6200;INTARIAN_PEPPER_ROOT;11443;5;11440;25;;;11449;5;11453;21;;;11446.0;0.0
yf_BGS_d7;6300;ASH_COATED_OSMIUM;9925;12;9922;26;;;9931;10;9933;19;;;9928.0;0.0
yf_BGS_d7;6300;INTARIAN_PEPPER_ROOT;11444;18;11440;20;;;11452;16;11456;17;;;11448.0;0.0
yf_BGS_d7;6400;ASH_COATED_OSMIUM;9921;18;9917;30;;;9935;12;9938;20;;;9928.0;0.0
yf_BGS_d7;6400;INTARIAN_PEPPER_ROOT;11444;18;11442;20;;;11456;16;11460;12;;;11450.0;0.0
yf_BGS_d7;6500;ASH_COATED_OSMIUM;9917;14;9915;17;;;9939;10;9942;28;;;9928.0;0.0
yf_BGS_d7;6500;INTARIAN_PEPPER_ROOT;11449;10;11446;8;;;11455;17;11458;33;;;11452.0;0.0
yf_BGS_d7;6600;ASH_COATED_OSMIUM;9925;12;9921;22;;;9931;16;9933;19;;;9928.0;0.0
yf_BGS_d7;6600;INTARIAN_PEPPER_ROOT;11449;12;11445;20;;;11457;18;11459;15;;;11453.0;0.0
yf_BGS_d7;6700;ASH_COATED_OSMIUM;9925;14;9921;16;;;9931;15;9933;26;;;9928.0;0.0
yf_BGS_d7;6700;INTARIAN_PEPPER_ROOT;11452;8;11449;17;;;11458;14;11460;10;;;11455.0;0.0
yf_BGS_d7;6800;ASH_COATED_OSMIUM;9925;12;9921;17;;;9932;9;9935;17;;;9928.5;0.0
yf_BGS_d7;6800;INTARIAN_PEPPER_ROOT;11452;20;11449;23;;;11461;12;11464;21;;;11456.5;0.0
yf_BGS_d7;6900;ASH_COATED_OSMIUM;9925;19;9923;15;;;9931;19;9933;29;;;9928.0;0.0
yf_BGS_d7;6900;INTARIAN_PEPPER_ROOT;11446;16;11442;27;;;11469;10;11472;19;;;11457.5;0.0
yf_BGS_d7;7000;ASH_COATED_OSMIUM;9925;15;9922;14;;;9931;10;9935;19;;;9928.0;0.0
yf_BGS_d7;7000;INTARIAN_PEPPER_ROOT;11454;13;11451;11;;;11466;17;11470;10;;;11460.0;0.0
yf_BGS_d7;7100;ASH_COATED_OSMIUM;9926;14;9923;8;;;9932;9;9934;19;;;9929.0;0.0
yf_BGS_d7;7100;INTARIAN_PEPPER_ROOT;11459;20;11457;20;;;11465;21;11469;21;;;11462.0;0.0
yf_BGS_d7;7200;ASH_COATED_OSMIUM;9922;11;9919;25;;;9933;20;9936;9;;;9927.5;0.0
yf_BGS_d7;7200;INTARIAN_PEPPER_ROOT;11460;16;11458;26;;;11466;16;11468;10;;;11463.0;0.0
yf_BGS_d7;7300;ASH_COATED_OSMIUM;9923;18;9920;22;;;9933;15;9936;24;;;9928.0;0.0
yf_BGS_d7;7300;INTARIAN_PEPPER_ROOT;11462;16;11459;12;;;11468;17;11472;27;;;11465.0;0.0
yf_BGS_d7;7400;ASH_COATED_OSMIUM;9924;10;9921;10;;;9931;15;9935;23;;;9927.5;0.0
yf_BGS_d7;7400;INTARIAN_PEPPER_ROOT;11463;16;11459;14;;;11469;17;11471;19;;;11466.0;0.0
yf_BGS_d7;7500;ASH_COATED_OSMIUM;9921;22;9917;20;;;9934;24;9937;13;;;9927.5;0.0
yf_BGS_d7;7500;INTARIAN_PEPPER_ROOT;11465;21;11462;17;;;11471;18;11473;19;;;11468.0;0.0
yf_BGS_d7;7600;ASH_COATED_OSMIUM;9918;11;9914;11;;;9938;11;9941;26;;;9928.0;0.0
yf_BGS_d7;7600;INTARIAN_PEPPER_ROOT;11466;18;11462;16;;;11472;13;11475;25;;;11469.0;0.0
yf_BGS_d7;7700;ASH_COATED_OSMIUM;9914;15;9911;22;;;9942;15;9946;21;;;9928.0;0.0
yf_BGS_d7;7700;INTARIAN_PEPPER_ROOT;11456;22;11452;19;;;11485;5;11489;19;;;11470.5;0.0
yf_BGS_d7;7800;ASH_COATED_OSMIUM;9925;19;9923;10;;;9931;18;9933;15;;;9928.0;0.0
yf_BGS_d7;7800;INTARIAN_PEPPER_ROOT;11462;13;11458;19;;;11483;7;11486;23;;;11472.5;0.0
yf_BGS_d7;7900;ASH_COATED_OSMIUM;9916;9;9913;27;;;9941;7;9943;17;;;9928.5;0.0
yf_BGS_d7;7900;INTARIAN_PEPPER_ROOT;11471;17;11469;24;;;11477;15;11480;15;;;11474.0;0.0
yf_BGS_d7;8000;ASH_COATED_OSMIUM;9925;19;9923;18;;;9932;18;9936;26;;;9928.5;0.0
yf_BGS_d7;8000;INTARIAN_PEPPER_ROOT;11473;26;11470;27;;;11479;15;11482;15;;;11476.0;0.0
yf_BGS_d7;8100;ASH_COATED_OSMIUM;9926;10;9924;15;;;9932;10;9936;16;;;9929.0;0.0
yf_BGS_d7;8100;INTARIAN_PEPPER_ROOT;11474;17;11471;23;;;11482;19;11486;12;;;11478.0;0.0
yf_BGS_d7;8200;ASH_COATED_OSMIUM;9925;22;9921;26;;;9931;16;9935;22;;;9928.0;0.0
yf_BGS_d7;8200;INTARIAN_PEPPER_ROOT;11476;12;11472;24;;;11482;12;11484;24;;;11479.0;0.0
yf_BGS_d7;8300;ASH_COATED_OSMIUM;9924;7;9921;15;;;9930;5;9932;21;;;9927.0;0.0
yf_BGS_d7;8300;INTARIAN_PEPPER_ROOT;11478;16;11476;20;;;11484;19;11486;12;;;11481.0;0.0
yf_BGS_d7;8400;ASH_COATED_OSMIUM;9926;10;9923;24;;;9932;22;9935;17;;;9929.0;0.0
yf_BGS_d7;8400;INTARIAN_PEPPER_ROOT;11478;10;11474;10;;;11486;16;11489;13;;;11482.0;0.0
yf_BGS_d7;8500;ASH_COATED_OSMIUM;9926;19;9922;12;;;9932;22;9936;27;;;9929.0;0.0
yf_BGS_d7;8500;INTARIAN_PEPPER_ROOT;11481;11;11479;32;;;11487;12;11491;20;;;11484.0;0.0
yf_BGS_d7;8600;ASH_COATED_OSMIUM;9925;5;9921;26;;;9931;19;9934;15;;;9928.0;0.0
yf_BGS_d7;8600;INTARIAN_PEPPER_ROOT;11483;16;11479;18;;;11489;8;11492;25;;;11486.0;0.0
yf_BGS_d7;8700;ASH_COATED_OSMIUM;9925;8;9923;15;;;9931;5;9935;18;;;9928.0;0.0
yf_BGS_d7;8700;INTARIAN_PEPPER_ROOT;11484;17;11482;18;;;11490;10;11494;22;;;11487.0;0.0
yf_BGS_d7;8800;ASH_COATED_OSMIUM;9919;12;9916;24;;;9936;16;9938;17;;;9927.5;0.0
yf_BGS_d7;8800;INTARIAN_PEPPER_ROOT;11486;9;11483;16;;;11492;17;11494;21;;;11489.0;0.0
yf_BGS_d7;8900;ASH_COATED_OSMIUM;9926;15;9923;17;;;9932;21;9935;24;;;9929.0;0.0
yf_BGS_d7;8900;INTARIAN_PEPPER_ROOT;11488;17;11486;19;;;11494;21;11496;12;;;11491.0;0.0
yf_BGS_d7;9000;ASH_COATED_OSMIUM;9922;14;9919;31;;;9934;23;9937;23;;;9928.0;0.0
yf_BGS_d7;9000;INTARIAN_PEPPER_ROOT;11489;17;11486;14;;;11495;12;11499;25;;;11492.0;0.0
yf_BGS_d7;9100;ASH_COATED_OSMIUM;9925;5;9922;21;;;9931;14;9933;17;;;9928.0;0.0
yf_BGS_d7;9100;INTARIAN_PEPPER_ROOT;11491;22;11489;19;;;11497;9;11501;17;;;11494.0;0.0
yf_BGS_d7;9200;ASH_COATED_OSMIUM;9925;26;9922;11;;;9931;7;9933;15;;;9928.0;0.0
yf_BGS_d7;9200;INTARIAN_PEPPER_ROOT;11492;13;11490;21;;;11498;8;11501;9;;;11495.0;0.0
yf_BGS_d7;9300;ASH_COATED_OSMIUM;9926;14;9923;25;;;9932;16;9936;9;;;9929.0;0.0
yf_BGS_d7;9300;INTARIAN_PEPPER_ROOT;11494;13;11492;19;;;11500;13;11503;13;;;11497.0;0.0
yf_BGS_d7;9400;ASH_COATED_OSMIUM;9926;5;9923;24;;;9932;10;9935;24;;;9929.0;0.0
yf_BGS_d7;9400;INTARIAN_PEPPER_ROOT;11496;10;11492;13;;;11503;17;11505;11;;;11499.5;0.0
yf_BGS_d7;9500;ASH_COATED_OSMIUM;9924;21;9920;17;;;9932;10;9934;19;;;9928.0;0.0
yf_BGS_d7;9500;INTARIAN_PEPPER_ROOT;11497;17;11495;22;;;11503;8;11505;18;;;11500.0;0.0
yf_BGS_d7;9600;ASH_COATED_OSMIUM;9923;15;9920;16;;;9934;13;9937;21;;;9928.5;0.0
yf_BGS_d7;9600;INTARIAN_PEPPER_ROOT;11499;14;11496;16;;;11506;16;11508;15;;;11502.5;0.0
yf_BGS_d7;9700;ASH_COATED_OSMIUM;9925;18;9923;21;;;9931;13;9935;12;;;9928.0;0.0
yf_BGS_d7;9700;INTARIAN_PEPPER_ROOT;11501;26;11498;26;;;11507;17;11511;13;;;11504.0;0.0
yf_BGS_d7;9800;ASH_COATED_OSMIUM;9923;17;9920;21;;;9932;10;9934;17;;;9927.5;0.0
yf_BGS_d7;9800;INTARIAN_PEPPER_ROOT;11503;14;11500;23;;;11509;19;11512;22;;;11506.0;0.0
yf_BGS_d7;9900;ASH_COATED_OSMIUM;9922;26;9920;20;;;9933;10;9936;20;;;9927.5;0.0
yf_BGS_d7;9900;INTARIAN_PEPPER_ROOT;11497;18;11495;26;;;11518;16;11520;27;;;11507.5;0.0
yf_BGS_d7;10000;ASH_COATED_OSMIUM;9923;11;9921;14;;;9933;13;9937;22;;;9928.0;0.0
yf_BGS_d7;10000;INTARIAN_PEPPER_ROOT;11506;15;11503;23;;;11512;13;11514;23;;;11509.0;0.0
yf_BGS_d7;10100;ASH_COATED_OSMIUM;9925;11;9923;13;;;9931;5;9935;13;;;9928.0;0.0
yf_BGS_d7;10100;INTARIAN_PEPPER_ROOT;11507;25;11505;23;;;11513;9;11517;13;;;11510.0;0.0
yf_BGS_d7;10200;ASH_COATED_OSMIUM;9926;9;9922;16;;;9932;14;9935;14;;;9929.0;0.0
yf_BGS_d7;10200;INTARIAN_PEPPER_ROOT;11509;16;11505;15;;;11515;15;11518;20;;;11512.0;0.0
yf_BGS_d7;10300;ASH_COATED_OSMIUM;9917;18;9915;15;;;9938;6;9942;16;;;9927.5;0.0
yf_BGS_d7;10300;INTARIAN_PEPPER_ROOT;11511;19;11508;15;;;11517;13;11521;25;;;11514.0;0.0
yf_BGS_d7;10400;ASH_COATED_OSMIUM;9922;12;9919;15;;;9935;12;9938;12;;;9928.5;0.0
yf_BGS_d7;10400;INTARIAN_PEPPER_ROOT;11502;15;11498;23;;;11531;12;11534;18;;;11516.5;0.0
yf_BGS_d7;10500;ASH_COATED_OSMIUM;9926;11;9923;18;;;9932;8;9936;17;;;9929.0;0.0
yf_BGS_d7;10500;INTARIAN_PEPPER_ROOT;11507;10;11504;18;;;11528;18;11532;19;;;11517.5;0.0
yf_BGS_d7;10600;ASH_COATED_OSMIUM;9923;9;9920;12;;;9933;16;9935;18;;;9928.0;0.0
yf_BGS_d7;10600;INTARIAN_PEPPER_ROOT;11514;15;11510;14;;;11522;23;11526;19;;;11518.0;0.0
yf_BGS_d7;10700;ASH_COATED_OSMIUM;9924;16;9922;22;;;9932;7;9934;13;;;9928.0;0.0
yf_BGS_d7;10700;INTARIAN_PEPPER_ROOT;11513;15;11510;20;;;11529;23;11532;23;;;11521.0;0.0
yf_BGS_d7;10800;ASH_COATED_OSMIUM;9925;16;9923;25;;;9931;16;9934;12;;;9928.0;0.0
yf_BGS_d7;10800;INTARIAN_PEPPER_ROOT;11519;16;11517;18;;;11525;17;11528;23;;;11522.0;0.0
yf_BGS_d7;10900;ASH_COATED_OSMIUM;9921;14;9919;20;;;9936;12;9938;15;;;9928.5;0.0
yf_BGS_d7;10900;INTARIAN_PEPPER_ROOT;11508;15;11504;16;;;11541;13;11544;15;;;11524.5;0.0
yf_BGS_d7;11000;ASH_COATED_OSMIUM;9925;20;9923;17;;;9932;9;9934;11;;;9928.5;0.0
yf_BGS_d7;11000;INTARIAN_PEPPER_ROOT;11522;18;11519;24;;;11528;10;11530;19;;;11525.0;0.0
yf_BGS_d7;11100;ASH_COATED_OSMIUM;9926;13;9922;13;;;9932;16;9936;20;;;9929.0;0.0
yf_BGS_d7;11100;INTARIAN_PEPPER_ROOT;11523;12;11520;18;;;11531;15;11533;15;;;11527.0;0.0
yf_BGS_d7;11200;ASH_COATED_OSMIUM;9925;16;9921;16;;;9932;17;9936;11;;;9928.5;0.0
yf_BGS_d7;11200;INTARIAN_PEPPER_ROOT;11519;16;11516;8;;;11538;11;11542;20;;;11528.5;0.0
yf_BGS_d7;11300;ASH_COATED_OSMIUM;9926;16;9922;19;;;9932;15;9936;13;;;9929.0;0.0
yf_BGS_d7;11300;INTARIAN_PEPPER_ROOT;11527;13;11524;35;;;11533;8;11537;22;;;11530.0;0.0
yf_BGS_d7;11400;ASH_COATED_OSMIUM;9918;11;9914;27;;;9939;7;9942;13;;;9928.5;0.0
yf_BGS_d7;11400;INTARIAN_PEPPER_ROOT;11529;13;11527;17;;;11535;14;11538;22;;;11532.0;0.0
yf_BGS_d7;11500;ASH_COATED_OSMIUM;9926;15;9924;19;;;9932;19;9936;18;;;9929.0;0.0
yf_BGS_d7;11500;INTARIAN_PEPPER_ROOT;11519;15;11517;16;;;11548;11;11552;22;;;11533.5;0.0
yf_BGS_d7;11600;ASH_COATED_OSMIUM;9926;22;9922;27;;;9932;12;9936;18;;;9929.0;0.0
yf_BGS_d7;11600;INTARIAN_PEPPER_ROOT;11531;10;11529;22;;;11538;18;11542;9;;;11534.5;0.0
yf_BGS_d7;11700;ASH_COATED_OSMIUM;9925;8;9921;32;;;9931;19;9934;17;;;9928.0;0.0
yf_BGS_d7;11700;INTARIAN_PEPPER_ROOT;11524;16;11521;14;;;11548;11;11551;24;;;11536.0;0.0
yf_BGS_d7;11800;ASH_COATED_OSMIUM;9924;18;9922;19;;;9934;11;9938;22;;;9929.0;0.0
yf_BGS_d7;11800;INTARIAN_PEPPER_ROOT;11535;26;11532;12;;;11541;10;11543;21;;;11538.0;0.0
yf_BGS_d7;11900;ASH_COATED_OSMIUM;9911;16;9909;21;;;9946;13;9949;16;;;9928.5;0.0
yf_BGS_d7;11900;INTARIAN_PEPPER_ROOT;11537;12;11533;13;;;11543;9;11547;25;;;11540.0;0.0
yf_BGS_d7;12000;ASH_COATED_OSMIUM;9926;13;9923;26;;;9932;19;9935;23;;;9929.0;0.0
yf_BGS_d7;12000;INTARIAN_PEPPER_ROOT;11539;15;11536;23;;;11545;6;11547;17;;;11542.0;0.0
yf_BGS_d7;12100;ASH_COATED_OSMIUM;9923;16;9920;25;;;9934;11;9936;18;;;9928.5;0.0
yf_BGS_d7;12100;INTARIAN_PEPPER_ROOT;11540;8;11538;20;;;11547;11;11549;19;;;11543.5;0.0
yf_BGS_d7;12200;ASH_COATED_OSMIUM;9926;19;9923;19;;;9932;19;9935;28;;;9929.0;0.0
yf_BGS_d7;12200;INTARIAN_PEPPER_ROOT;11542;22;11539;23;;;11548;12;11550;21;;;11545.0;0.0
yf_BGS_d7;12300;ASH_COATED_OSMIUM;9925;18;9922;20;;;9931;14;9934;20;;;9928.0;0.0
yf_BGS_d7;12300;INTARIAN_PEPPER_ROOT;11544;20;11542;18;;;11550;8;11553;17;;;11547.0;0.0
yf_BGS_d7;12400;ASH_COATED_OSMIUM;9925;26;9922;28;;;9931;13;9935;20;;;9928.0;0.0
yf_BGS_d7;12400;INTARIAN_PEPPER_ROOT;11530;6;11527;20;;;11567;12;11571;18;;;11548.5;0.0
yf_BGS_d7;12500;ASH_COATED_OSMIUM;9926;5;9922;12;;;9932;5;9935;15;;;9929.0;0.0
yf_BGS_d7;12500;INTARIAN_PEPPER_ROOT;11547;15;11543;17;;;11553;13;11555;20;;;11550.0;0.0
yf_BGS_d7;12600;ASH_COATED_OSMIUM;9926;13;9922;16;;;9932;12;9935;16;;;9929.0;0.0
yf_BGS_d7;12600;INTARIAN_PEPPER_ROOT;11549;10;11545;23;;;11555;7;11557;14;;;11552.0;0.0
yf_BGS_d7;12700;ASH_COATED_OSMIUM;9926;10;9922;14;;;9932;14;9936;20;;;9929.0;0.0
yf_BGS_d7;12700;INTARIAN_PEPPER_ROOT;11551;16;11549;24;;;11557;13;11561;22;;;11554.0;0.0
yf_BGS_d7;12800;ASH_COATED_OSMIUM;9914;20;9912;18;;;9942;19;9946;18;;;9928.0;0.0
yf_BGS_d7;12800;INTARIAN_PEPPER_ROOT;11552;14;11549;23;;;11558;10;11562;25;;;11555.0;0.0
yf_BGS_d7;12900;ASH_COATED_OSMIUM;9925;12;9922;13;;;9931;15;9933;17;;;9928.0;0.0
yf_BGS_d7;12900;INTARIAN_PEPPER_ROOT;11553;15;11549;19;;;11559;19;11563;16;;;11556.0;0.0
yf_BGS_d7;13000;ASH_COATED_OSMIUM;9924;22;9920;25;;;9932;13;9936;17;;;9928.0;0.0
yf_BGS_d7;13000;INTARIAN_PEPPER_ROOT;11556;22;11552;26;;;11562;9;11565;19;;;11559.0;0.0
yf_BGS_d7;13100;ASH_COATED_OSMIUM;9923;22;9919;24;;;9934;14;9936;15;;;9928.5;0.0
yf_BGS_d7;13100;INTARIAN_PEPPER_ROOT;11557;12;11554;14;;;11563;17;11566;15;;;11560.0;0.0
yf_BGS_d7;13200;ASH_COATED_OSMIUM;9925;7;9921;24;;;9933;11;9935;23;;;9929.0;0.0
yf_BGS_d7;13200;INTARIAN_PEPPER_ROOT;11551;23;11548;24;;;11571;13;11574;19;;;11561.0;0.0
yf_BGS_d7;13300;ASH_COATED_OSMIUM;9925;23;9922;25;;;9931;5;9933;29;;;9928.0;0.0
yf_BGS_d7;13300;INTARIAN_PEPPER_ROOT;11554;8;11551;17;;;11574;18;11577;21;;;11564.0;0.0
yf_BGS_d7;13400;ASH_COATED_OSMIUM;9925;12;9922;21;;;9931;8;9933;24;;;9928.0;0.0
yf_BGS_d7;13400;INTARIAN_PEPPER_ROOT;11559;5;11556;14;;;11569;16;11571;23;;;11564.0;0.0
yf_BGS_d7;13500;ASH_COATED_OSMIUM;9925;14;9923;22;;;9931;14;9933;21;;;9928.0;0.0
yf_BGS_d7;13500;INTARIAN_PEPPER_ROOT;11563;16;11561;19;;;11569;23;11572;23;;;11566.0;0.0
yf_BGS_d7;13600;ASH_COATED_OSMIUM;9920;16;9917;18;;;9937;8;9941;19;;;9928.5;0.0
yf_BGS_d7;13600;INTARIAN_PEPPER_ROOT;11565;19;11562;26;;;11571;21;11573;23;;;11568.0;0.0
yf_BGS_d7;13700;ASH_COATED_OSMIUM;9923;5;9919;17;;;9933;10;9935;17;;;9928.0;0.0
yf_BGS_d7;13700;INTARIAN_PEPPER_ROOT;11567;17;11564;18;;;11573;10;11575;21;;;11570.0;0.0
yf_BGS_d7;13800;ASH_COATED_OSMIUM;9921;11;9917;15;;;9937;20;9941;20;;;9929.0;0.0
yf_BGS_d7;13800;INTARIAN_PEPPER_ROOT;11568;15;11565;15;;;11574;16;11578;18;;;11571.0;0.0
yf_BGS_d7;13900;ASH_COATED_OSMIUM;9925;13;9921;8;;;9931;14;9934;21;;;9928.0;0.0
yf_BGS_d7;13900;INTARIAN_PEPPER_ROOT;11569;16;11567;16;;;11577;7;11581;23;;;11573.0;0.0
yf_BGS_d7;14000;ASH_COATED_OSMIUM;9922;15;9920;15;;;9935;20;9938;22;;;9928.5;0.0
yf_BGS_d7;14000;INTARIAN_PEPPER_ROOT;11572;18;11570;25;;;11578;16;11580;28;;;11575.0;0.0
yf_BGS_d7;14100;ASH_COATED_OSMIUM;9925;15;9923;28;;;9931;18;9934;27;;;9928.0;0.0
yf_BGS_d7;14100;INTARIAN_PEPPER_ROOT;11573;16;11570;23;;;11579;13;11582;23;;;11576.0;0.0
yf_BGS_d7;14200;ASH_COATED_OSMIUM;9925;7;9923;17;;;9931;19;9935;26;;;9928.0;0.0
yf_BGS_d7;14200;INTARIAN_PEPPER_ROOT;11574;17;11572;16;;;11582;11;11584;19;;;11578.0;0.0
yf_BGS_d7;14300;ASH_COATED_OSMIUM;9926;12;9922;14;;;9932;15;9935;22;;;9929.0;0.0
yf_BGS_d7;14300;INTARIAN_PEPPER_ROOT;11565;14;11563;10;;;11595;29;11599;18;;;11580.0;0.0
yf_BGS_d7;14400;ASH_COATED_OSMIUM;9926;14;9923;16;;;9932;14;9934;21;;;9929.0;0.0
yf_BGS_d7;14400;INTARIAN_PEPPER_ROOT;11578;11;11574;21;;;11584;13;11586;29;;;11581.0;0.0
yf_BGS_d7;14500;ASH_COATED_OSMIUM;9925;11;9921;26;;;9931;10;9934;27;;;9928.0;0.0
yf_BGS_d7;14500;INTARIAN_PEPPER_ROOT;11579;22;11577;16;;;11585;12;11588;25;;;11582.0;0.0
yf_BGS_d7;14600;ASH_COATED_OSMIUM;9925;16;9921;14;;;9931;29;9933;18;;;9928.0;0.0
yf_BGS_d7;14600;INTARIAN_PEPPER_ROOT;11580;8;11577;22;;;11588;18;11590;18;;;11584.0;0.0
yf_BGS_d7;14700;ASH_COATED_OSMIUM;9925;5;9922;22;;;9931;13;9933;11;;;9928.0;0.0
yf_BGS_d7;14700;INTARIAN_PEPPER_ROOT;11584;12;11581;17;;;11590;8;11592;21;;;11587.0;0.0
yf_BGS_d7;14800;ASH_COATED_OSMIUM;9925;11;9921;19;;;9931;8;9933;16;;;9928.0;0.0
yf_BGS_d7;14800;INTARIAN_PEPPER_ROOT;11585;20;11581;16;;;11591;16;11593;12;;;11588.0;0.0
yf_BGS_d7;14900;ASH_COATED_OSMIUM;9925;16;9921;27;;;9931;21;9934;24;;;9928.0;0.0
yf_BGS_d7;14900;INTARIAN_PEPPER_ROOT;11587;14;11585;19;;;11593;15;11596;19;;;11590.0;0.0
yf_BGS_d7;15000;ASH_COATED_OSMIUM;9925;6;9922;23;;;9931;10;9933;24;;;9928.0;0.0
yf_BGS_d7;15000;INTARIAN_PEPPER_ROOT;11588;11;11585;19;;;11594;7;11598;23;;;11591.0;0.0
yf_BGS_d7;15100;ASH_COATED_OSMIUM;9926;15;9924;23;;;9932;15;9935;21;;;9929.0;0.0
yf_BGS_d7;15100;INTARIAN_PEPPER_ROOT;11590;15;11586;27;;;11596;10;11598;20;;;11593.0;0.0
yf_BGS_d7;15200;ASH_COATED_OSMIUM;9924;8;9921;23;;;9933;17;9937;22;;;9928.5;0.0
yf_BGS_d7;15200;INTARIAN_PEPPER_ROOT;11591;16;11588;19;;;11597;6;11601;21;;;11594.0;0.0
yf_BGS_d7;15300;ASH_COATED_OSMIUM;9924;18;9922;29;;;9933;6;9936;20;;;9928.5;0.0
yf_BGS_d7;15300;INTARIAN_PEPPER_ROOT;11592;16;11588;29;;;11599;17;11601;13;;;11595.5;0.0
yf_BGS_d7;15400;ASH_COATED_OSMIUM;9926;21;9923;13;;;9932;13;9936;20;;;9929.0;0.0
yf_BGS_d7;15400;INTARIAN_PEPPER_ROOT;11591;10;11588;13;;;11604;17;11607;23;;;11597.5;0.0
yf_BGS_d7;15500;ASH_COATED_OSMIUM;9925;8;9922;19;;;9931;12;9933;28;;;9928.0;0.0
yf_BGS_d7;15500;INTARIAN_PEPPER_ROOT;11596;20;11592;26;;;11602;7;11604;22;;;11599.0;0.0
yf_BGS_d7;15600;ASH_COATED_OSMIUM;9925;23;9923;13;;;9931;6;9934;19;;;9928.0;0.0
yf_BGS_d7;15600;INTARIAN_PEPPER_ROOT;11598;20;11596;8;;;11604;18;11606;25;;;11601.0;0.0
yf_BGS_d7;15700;ASH_COATED_OSMIUM;9926;22;9922;21;;;9932;13;9936;25;;;9929.0;0.0
yf_BGS_d7;15700;INTARIAN_PEPPER_ROOT;11600;8;11596;17;;;11606;10;11609;20;;;11603.0;0.0
yf_BGS_d7;15800;ASH_COATED_OSMIUM;9920;10;9917;22;;;9937;17;9939;17;;;9928.5;0.0
yf_BGS_d7;15800;INTARIAN_PEPPER_ROOT;11584;12;11581;18;;;11625;13;11628;18;;;11604.5;0.0
yf_BGS_d7;15900;ASH_COATED_OSMIUM;9926;20;9922;18;;;9932;16;9934;22;;;9929.0;0.0
yf_BGS_d7;15900;INTARIAN_PEPPER_ROOT;11603;15;11599;8;;;11609;20;11612;26;;;11606.0;0.0
yf_BGS_d7;16000;ASH_COATED_OSMIUM;9925;8;9921;17;;;9931;12;9933;8;;;9928.0;0.0
yf_BGS_d7;16000;INTARIAN_PEPPER_ROOT;11601;25;11597;17;;;11614;9;11616;22;;;11607.5;0.0
yf_BGS_d7;16100;ASH_COATED_OSMIUM;9925;10;9923;27;;;9931;7;9935;16;;;9928.0;0.0
yf_BGS_d7;16100;INTARIAN_PEPPER_ROOT;11602;15;11600;15;;;11616;22;11620;21;;;11609.0;0.0
yf_BGS_d7;16200;ASH_COATED_OSMIUM;9925;25;9922;21;;;9931;13;9933;19;;;9928.0;0.0
yf_BGS_d7;16200;INTARIAN_PEPPER_ROOT;11608;16;11605;27;;;11614;16;11618;20;;;11611.0;0.0
yf_BGS_d7;16300;ASH_COATED_OSMIUM;9922;18;9920;25;;;9936;14;9939;13;;;9929.0;0.0
yf_BGS_d7;16300;INTARIAN_PEPPER_ROOT;11607;15;11604;23;;;11617;21;11619;21;;;11612.0;0.0
yf_BGS_d7;16400;ASH_COATED_OSMIUM;9911;20;9908;12;;;9945;5;9948;23;;;9928.0;0.0
yf_BGS_d7;16400;INTARIAN_PEPPER_ROOT;11611;5;11608;20;;;11617;19;11619;13;;;11614.0;0.0
yf_BGS_d7;16500;ASH_COATED_OSMIUM;9926;18;9924;24;;;9932;14;9936;21;;;9929.0;0.0
yf_BGS_d7;16500;INTARIAN_PEPPER_ROOT;11612;10;11609;17;;;11620;25;11622;20;;;11616.0;0.0
yf_BGS_d7;16600;ASH_COATED_OSMIUM;9926;12;9922;11;;;9932;9;9934;27;;;9929.0;0.0
yf_BGS_d7;16600;INTARIAN_PEPPER_ROOT;11615;14;11612;20;;;11621;5;11625;13;;;11618.0;0.0
yf_BGS_d7;16700;ASH_COATED_OSMIUM;9926;14;9924;25;;;9932;20;9935;20;;;9929.0;0.0
yf_BGS_d7;16700;INTARIAN_PEPPER_ROOT;11615;21;11612;21;;;11622;17;11624;22;;;11618.5;0.0
yf_BGS_d7;16800;ASH_COATED_OSMIUM;9925;6;9922;18;;;9931;11;9934;11;;;9928.0;0.0
yf_BGS_d7;16800;INTARIAN_PEPPER_ROOT;11618;20;11616;16;;;11624;21;11626;14;;;11621.0;0.0
yf_BGS_d7;16900;ASH_COATED_OSMIUM;9920;17;9916;23;;;9937;14;9941;13;;;9928.5;0.0
yf_BGS_d7;16900;INTARIAN_PEPPER_ROOT;11619;10;11616;16;;;11625;5;11629;19;;;11622.0;0.0
yf_BGS_d7;17000;ASH_COATED_OSMIUM;9923;16;9920;21;;;9934;15;9938;15;;;9928.5;0.0
yf_BGS_d7;17000;INTARIAN_PEPPER_ROOT;11621;17;11619;21;;;11627;11;11629;21;;;11624.0;0.0
yf_BGS_d7;17100;ASH_COATED_OSMIUM;9918;20;9915;27;;;9938;11;9942;13;;;9928.0;0.0
yf_BGS_d7;17100;INTARIAN_PEPPER_ROOT;11621;12;11619;26;;;11627;11;11631;18;;;11624.0;0.0
yf_BGS_d7;17200;ASH_COATED_OSMIUM;9926;14;9923;16;;;9932;12;9935;19;;;9929.0;0.0
yf_BGS_d7;17200;INTARIAN_PEPPER_ROOT;11621;16;11619;22;;;11627;9;11630;20;;;11624.0;0.0
yf_BGS_d7;17300;ASH_COATED_OSMIUM;9918;12;9915;20;;;9939;18;9942;20;;;9928.5;0.0
yf_BGS_d7;17300;INTARIAN_PEPPER_ROOT;11622;5;11619;26;;;11628;13;11630;10;;;11625.0;0.0
yf_BGS_d7;17400;ASH_COATED_OSMIUM;9926;22;9924;17;;;9932;12;9936;24;;;9929.0;0.0
yf_BGS_d7;17400;INTARIAN_PEPPER_ROOT;11623;19;11621;21;;;11629;18;11631;26;;;11626.0;0.0
yf_BGS_d7;17500;ASH_COATED_OSMIUM;9925;12;9923;15;;;9931;12;9934;18;;;9928.0;0.0
yf_BGS_d7;17500;INTARIAN_PEPPER_ROOT;11623;18;11621;17;;;11629;7;11633;21;;;11626.0;0.0
yf_BGS_d7;17600;ASH_COATED_OSMIUM;9921;13;9918;15;;;9938;7;9942;17;;;9929.5;0.0
yf_BGS_d7;17600;INTARIAN_PEPPER_ROOT;11624;14;11622;8;;;11630;13;11632;29;;;11627.0;0.0
yf_BGS_d7;17700;ASH_COATED_OSMIUM;9926;8;9924;30;;;9932;14;9934;15;;;9929.0;0.0
yf_BGS_d7;17700;INTARIAN_PEPPER_ROOT;11623;14;11619;24;;;11631;11;11633;18;;;11627.0;0.0
yf_BGS_d7;17800;ASH_COATED_OSMIUM;9924;17;9920;26;;;9933;10;9935;18;;;9928.5;0.0
yf_BGS_d7;17800;INTARIAN_PEPPER_ROOT;11623;15;11619;20;;;11632;9;11635;17;;;11627.5;0.0
yf_BGS_d7;17900;ASH_COATED_OSMIUM;9925;18;9922;14;;;9931;15;9935;15;;;9928.0;0.0
yf_BGS_d7;17900;INTARIAN_PEPPER_ROOT;11626;19;11624;23;;;11632;18;11636;17;;;11629.0;0.0
yf_BGS_d7;18000;ASH_COATED_OSMIUM;9925;15;9921;8;;;9931;19;9933;15;;;9928.0;0.0
yf_BGS_d7;18000;INTARIAN_PEPPER_ROOT;11626;13;11623;19;;;11632;12;11634;18;;;11629.0;0.0
yf_BGS_d7;18100;ASH_COATED_OSMIUM;9922;17;9919;19;;;9934;19;9938;22;;;9928.0;0.0
yf_BGS_d7;18100;INTARIAN_PEPPER_ROOT;11626;10;11623;16;;;11634;13;11636;24;;;11630.0;0.0
yf_BGS_d7;18200;ASH_COATED_OSMIUM;9922;12;9920;27;;;9935;17;9937;17;;;9928.5;0.0
yf_BGS_d7;18200;INTARIAN_PEPPER_ROOT;11627;18;11624;26;;;11633;9;11636;18;;;11630.0;0.0
yf_BGS_d7;18300;ASH_COATED_OSMIUM;9925;19;9923;24;;;9931;22;9935;14;;;9928.0;0.0
yf_BGS_d7;18300;INTARIAN_PEPPER_ROOT;11628;11;11624;13;;;11634;16;11636;16;;;11631.0;0.0
yf_BGS_d7;18400;ASH_COATED_OSMIUM;9917;25;9913;22;;;9939;13;9943;8;;;9928.0;0.0
yf_BGS_d7;18400;INTARIAN_PEPPER_ROOT;11628;17;11624;14;;;11634;20;11637;28;;;11631.0;0.0
yf_BGS_d7;18500;ASH_COATED_OSMIUM;9926;15;9922;17;;;9932;13;9935;15;;;9929.0;0.0
yf_BGS_d7;18500;INTARIAN_PEPPER_ROOT;11628;13;11626;23;;;11634;16;11637;18;;;11631.0;0.0
yf_BGS_d7;18600;ASH_COATED_OSMIUM;9925;15;9922;17;;;9933;10;9936;28;;;9929.0;0.0
yf_BGS_d7;18600;INTARIAN_PEPPER_ROOT;11628;20;11626;23;;;11637;23;11641;21;;;11632.5;0.0
yf_BGS_d7;18700;ASH_COATED_OSMIUM;9925;13;9921;21;;;9932;21;9936;16;;;9928.5;0.0
yf_BGS_d7;18700;INTARIAN_PEPPER_ROOT;11626;23;11624;25;;;11640;15;11642;24;;;11633.0;0.0
yf_BGS_d7;18800;ASH_COATED_OSMIUM;9925;17;9923;14;;;9931;19;9933;12;;;9928.0;0.0
yf_BGS_d7;18800;INTARIAN_PEPPER_ROOT;11631;23;11627;14;;;11638;14;11640;19;;;11634.5;0.0
yf_BGS_d7;18900;ASH_COATED_OSMIUM;9926;11;9924;26;;;9932;21;9934;31;;;9929.0;0.0
yf_BGS_d7;18900;INTARIAN_PEPPER_ROOT;11631;12;11627;19;;;11637;12;11641;10;;;11634.0;0.0
yf_BGS_d7;19000;ASH_COATED_OSMIUM;9925;19;9923;26;;;9934;13;9936;18;;;9929.5;0.0
yf_BGS_d7;19000;INTARIAN_PEPPER_ROOT;11631;9;11629;12;;;11639;17;11641;22;;;11635.0;0.0
yf_BGS_d7;19100;ASH_COATED_OSMIUM;9925;19;9921;24;;;9931;16;9933;17;;;9928.0;0.0
yf_BGS_d7;19100;INTARIAN_PEPPER_ROOT;11631;13;11628;14;;;11638;13;11640;21;;;11634.5;0.0
yf_BGS_d7;19200;ASH_COATED_OSMIUM;9920;20;9917;28;;;9938;9;9941;17;;;9929.0;0.0
yf_BGS_d7;19200;INTARIAN_PEPPER_ROOT;11633;15;11630;31;;;11639;5;11642;23;;;11636.0;0.0
yf_BGS_d7;19300;ASH_COATED_OSMIUM;9925;14;9922;16;;;9932;16;9934;14;;;9928.5;0.0
yf_BGS_d7;19300;INTARIAN_PEPPER_ROOT;11629;24;11625;12;;;11643;19;11645;25;;;11636.0;0.0
yf_BGS_d7;19400;ASH_COATED_OSMIUM;9925;14;9923;17;;;9931;8;9935;21;;;9928.0;0.0
yf_BGS_d7;19400;INTARIAN_PEPPER_ROOT;11626;9;11622;20;;;11647;6;11651;17;;;11636.5;0.0
yf_BGS_d7;19500;ASH_COATED_OSMIUM;9926;10;9924;34;;;9932;18;9935;18;;;9929.0;0.0
yf_BGS_d7;19500;INTARIAN_PEPPER_ROOT;11634;21;11631;15;;;11640;15;11644;17;;;11637.0;0.0
yf_BGS_d7;19600;ASH_COATED_OSMIUM;9925;14;9921;16;;;9932;18;9936;22;;;9928.5;0.0
yf_BGS_d7;19600;INTARIAN_PEPPER_ROOT;11631;9;11628;28;;;11644;18;11648;23;;;11637.5;0.0
yf_BGS_d7;19700;ASH_COATED_OSMIUM;9922;18;9918;22;;;9936;12;9940;18;;;9929.0;0.0
yf_BGS_d7;19700;INTARIAN_PEPPER_ROOT;11636;15;11633;24;;;11642;12;11645;17;;;11639.0;0.0
yf_BGS_d7;19800;ASH_COATED_OSMIUM;9926;11;9924;20;;;9932;10;9934;24;;;9929.0;0.0
yf_BGS_d7;19800;INTARIAN_PEPPER_ROOT;11635;10;11632;19;;;11644;14;11646;18;;;11639.5;0.0
yf_BGS_d7;19900;ASH_COATED_OSMIUM;9915;22;9912;28;;;9942;16;9944;23;;;9928.5;0.0
yf_BGS_d7;19900;INTARIAN_PEPPER_ROOT;11637;13;11633;35;;;11643;6;11645;19;;;11640.0;0.0
yf_BGS_d7;20000;ASH_COATED_OSMIUM;9919;18;9916;31;;;9937;9;9939;19;;;9928.0;0.0
yf_BGS_d7;20000;INTARIAN_PEPPER_ROOT;11638;14;11634;13;;;11644;16;11646;15;;;11641.0;0.0
yf_BGS_d7;20100;ASH_COATED_OSMIUM;9925;16;9922;18;;;9931;16;9935;14;;;9928.0;0.0
yf_BGS_d7;20100;INTARIAN_PEPPER_ROOT;11638;16;11636;19;;;11644;10;11647;28;;;11641.0;0.0
yf_BGS_d7;20200;ASH_COATED_OSMIUM;9917;11;9913;22;;;9940;12;9942;10;;;9928.5;0.0
yf_BGS_d7;20200;INTARIAN_PEPPER_ROOT;11638;25;11636;18;;;11644;5;11648;24;;;11641.0;0.0
yf_BGS_d7;20300;ASH_COATED_OSMIUM;9926;14;9924;24;;;9932;15;9934;22;;;9929.0;0.0
yf_BGS_d7;20300;INTARIAN_PEPPER_ROOT;11639;17;11637;17;;;11645;9;11647;17;;;11642.0;0.0
yf_BGS_d7;20400;ASH_COATED_OSMIUM;9926;16;9923;20;;;9932;15;9935;29;;;9929.0;0.0
yf_BGS_d7;20400;INTARIAN_PEPPER_ROOT;11637;14;11633;20;;;11647;11;11649;16;;;11642.0;0.0
yf_BGS_d7;20500;ASH_COATED_OSMIUM;9926;22;9922;18;;;9932;15;9936;19;;;9929.0;0.0
yf_BGS_d7;20500;INTARIAN_PEPPER_ROOT;11640;11;11636;17;;;11646;14;11650;15;;;11643.0;0.0
yf_BGS_d7;20600;ASH_COATED_OSMIUM;9915;19;9911;10;;;9942;12;9944;16;;;9928.5;0.0
yf_BGS_d7;20600;INTARIAN_PEPPER_ROOT;11641;15;11639;20;;;11647;9;11651;19;;;11644.0;0.0
yf_BGS_d7;20700;ASH_COATED_OSMIUM;9924;18;9922;19;;;9932;20;9934;22;;;9928.0;0.0
yf_BGS_d7;20700;INTARIAN_PEPPER_ROOT;11634;12;11631;25;;;11653;13;11656;24;;;11643.5;0.0
yf_BGS_d7;20800;ASH_COATED_OSMIUM;9920;20;9918;19;;;9938;14;9942;26;;;9929.0;0.0
yf_BGS_d7;20800;INTARIAN_PEPPER_ROOT;11639;5;11635;20;;;11650;12;11652;15;;;11644.5;0.0
yf_BGS_d7;20900;ASH_COATED_OSMIUM;9924;23;9920;17;;;9934;8;9936;22;;;9929.0;0.0
yf_BGS_d7;20900;INTARIAN_PEPPER_ROOT;11641;13;11637;19;;;11651;15;11654;12;;;11646.0;0.0
yf_BGS_d7;21000;ASH_COATED_OSMIUM;9926;14;9922;20;;;9932;20;9934;20;;;9929.0;0.0
yf_BGS_d7;21000;INTARIAN_PEPPER_ROOT;11642;13;11640;18;;;11648;5;11651;19;;;11645.0;0.0
yf_BGS_d7;21100;ASH_COATED_OSMIUM;9925;20;9923;25;;;9931;11;9933;19;;;9928.0;0.0
yf_BGS_d7;21100;INTARIAN_PEPPER_ROOT;11644;19;11642;22;;;11650;10;11653;18;;;11647.0;0.0
yf_BGS_d7;21200;ASH_COATED_OSMIUM;9923;14;9920;18;;;9934;13;9936;18;;;9928.5;0.0
yf_BGS_d7;21200;INTARIAN_PEPPER_ROOT;11641;5;11638;26;;;11654;24;11656;21;;;11647.5;0.0
yf_BGS_d7;21300;ASH_COATED_OSMIUM;9926;17;9922;18;;;9932;11;9935;20;;;9929.0;0.0
yf_BGS_d7;21300;INTARIAN_PEPPER_ROOT;11644;10;11641;22;;;11650;17;11652;18;;;11647.0;0.0
yf_BGS_d7;21400;ASH_COATED_OSMIUM;9924;12;9920;25;;;9932;19;9935;13;;;9928.0;0.0
yf_BGS_d7;21400;INTARIAN_PEPPER_ROOT;11645;16;11641;8;;;11651;19;11654;16;;;11648.0;0.0
yf_BGS_d7;21500;ASH_COATED_OSMIUM;9925;10;9923;20;;;9931;19;9935;13;;;9928.0;0.0
yf_BGS_d7;21500;INTARIAN_PEPPER_ROOT;11646;17;11642;18;;;11652;18;11655;20;;;11649.0;0.0
yf_BGS_d7;21600;ASH_COATED_OSMIUM;9926;17;9922;10;;;9932;17;9935;18;;;9929.0;0.0
yf_BGS_d7;21600;INTARIAN_PEPPER_ROOT;11646;8;11643;22;;;11653;24;11655;21;;;11649.5;0.0
yf_BGS_d7;21700;ASH_COATED_OSMIUM;9922;21;9918;26;;;9934;16;9936;21;;;9928.0;0.0
yf_BGS_d7;21700;INTARIAN_PEPPER_ROOT;11647;12;11644;17;;;11653;12;11655;19;;;11650.0;0.0
yf_BGS_d7;21800;ASH_COATED_OSMIUM;9913;11;9909;21;;;9944;16;9947;29;;;9928.5;0.0
yf_BGS_d7;21800;INTARIAN_PEPPER_ROOT;11648;11;11646;34;;;11654;8;11656;17;;;11651.0;0.0
yf_BGS_d7;21900;ASH_COATED_OSMIUM;9918;13;9916;16;;;9938;13;9942;24;;;9928.0;0.0
yf_BGS_d7;21900;INTARIAN_PEPPER_ROOT;11646;24;11643;21;;;11655;12;11657;24;;;11650.5;0.0
yf_BGS_d7;22000;ASH_COATED_OSMIUM;9925;19;9922;25;;;9931;9;9934;26;;;9928.0;0.0
yf_BGS_d7;22000;INTARIAN_PEPPER_ROOT;11649;16;11647;19;;;11655;18;11659;15;;;11652.0;0.0
yf_BGS_d7;22100;ASH_COATED_OSMIUM;9924;15;9921;15;;;9934;16;9937;18;;;9929.0;0.0
yf_BGS_d7;22100;INTARIAN_PEPPER_ROOT;11650;12;11647;28;;;11656;7;11658;15;;;11653.0;0.0
yf_BGS_d7;22200;ASH_COATED_OSMIUM;9925;16;9923;12;;;9931;14;9933;15;;;9928.0;0.0
yf_BGS_d7;22200;INTARIAN_PEPPER_ROOT;11650;14;11646;12;;;11656;15;11659;23;;;11653.0;0.0
yf_BGS_d7;22300;ASH_COATED_OSMIUM;9925;20;9921;14;;;9933;8;9937;23;;;9929.0;0.0
yf_BGS_d7;22300;INTARIAN_PEPPER_ROOT;11649;17;11645;17;;;11657;5;11659;22;;;11653.0;0.0
yf_BGS_d7;22400;ASH_COATED_OSMIUM;9925;16;9923;23;;;9933;11;9937;20;;;9929.0;0.0
yf_BGS_d7;22400;INTARIAN_PEPPER_ROOT;11651;15;11648;18;;;11657;12;11660;18;;;11654.0;0.0
yf_BGS_d7;22500;ASH_COATED_OSMIUM;9919;14;9916;11;;;9937;17;9941;18;;;9928.0;0.0
yf_BGS_d7;22500;INTARIAN_PEPPER_ROOT;11651;10;11649;15;;;11657;19;11659;16;;;11654.0;0.0
yf_BGS_d7;22600;ASH_COATED_OSMIUM;9926;17;9923;17;;;9932;10;9936;19;;;9929.0;0.0
yf_BGS_d7;22600;INTARIAN_PEPPER_ROOT;11652;16;11648;12;;;11658;18;11662;28;;;11655.0;0.0
yf_BGS_d7;22700;ASH_COATED_OSMIUM;9926;16;9924;16;;;9932;14;9935;16;;;9929.0;0.0
yf_BGS_d7;22700;INTARIAN_PEPPER_ROOT;11653;17;11651;11;;;11659;14;11662;23;;;11656.0;0.0
yf_BGS_d7;22800;ASH_COATED_OSMIUM;9926;11;9922;27;;;9932;15;9935;12;;;9929.0;0.0
yf_BGS_d7;22800;INTARIAN_PEPPER_ROOT;11653;16;11649;17;;;11659;17;11661;24;;;11656.0;0.0
yf_BGS_d7;22900;ASH_COATED_OSMIUM;9925;13;9923;18;;;9931;13;9933;14;;;9928.0;0.0
yf_BGS_d7;22900;INTARIAN_PEPPER_ROOT;11654;14;11652;24;;;11660;13;11663;14;;;11657.0;0.0
yf_BGS_d7;23000;ASH_COATED_OSMIUM;9925;22;9922;24;;;9931;23;9934;22;;;9928.0;0.0
yf_BGS_d7;23000;INTARIAN_PEPPER_ROOT;11651;20;11648;28;;;11665;20;11668;26;;;11658.0;0.0
yf_BGS_d7;23100;ASH_COATED_OSMIUM;9925;20;9921;22;;;9931;19;9934;18;;;9928.0;0.0
yf_BGS_d7;23100;INTARIAN_PEPPER_ROOT;11643;12;11639;19;;;11672;15;11676;27;;;11657.5;0.0
yf_BGS_d7;23200;ASH_COATED_OSMIUM;9926;17;9922;12;;;9932;20;9936;28;;;9929.0;0.0
yf_BGS_d7;23200;INTARIAN_PEPPER_ROOT;11656;12;11654;25;;;11662;17;11665;18;;;11659.0;0.0
yf_BGS_d7;23300;ASH_COATED_OSMIUM;9925;18;9923;19;;;9932;21;9936;14;;;9928.5;0.0
yf_BGS_d7;23300;INTARIAN_PEPPER_ROOT;11654;19;11650;16;;;11665;13;11667;19;;;11659.5;0.0
yf_BGS_d7;23400;ASH_COATED_OSMIUM;9926;7;9924;20;;;9932;5;9936;21;;;9929.0;0.0
yf_BGS_d7;23400;INTARIAN_PEPPER_ROOT;11656;16;11654;16;;;11665;12;11669;17;;;11660.5;0.0
yf_BGS_d7;23500;ASH_COATED_OSMIUM;9919;21;9916;9;;;9939;18;9943;28;;;9929.0;0.0
yf_BGS_d7;23500;INTARIAN_PEPPER_ROOT;11656;7;11654;17;;;11665;8;11669;20;;;11660.5;0.0
yf_BGS_d7;23600;ASH_COATED_OSMIUM;9926;15;9924;23;;;9932;18;9935;21;;;9929.0;0.0
yf_BGS_d7;23600;INTARIAN_PEPPER_ROOT;11658;11;11654;19;;;11664;22;11666;8;;;11661.0;0.0
yf_BGS_d7;23700;ASH_COATED_OSMIUM;9923;13;9921;13;;;9935;18;9939;28;;;9929.0;0.0
yf_BGS_d7;23700;INTARIAN_PEPPER_ROOT;11658;20;11654;9;;;11664;10;11667;23;;;11661.0;0.0
yf_BGS_d7;23800;ASH_COATED_OSMIUM;9926;5;9922;21;;;9932;14;9936;17;;;9929.0;0.0
yf_BGS_d7;23800;INTARIAN_PEPPER_ROOT;11658;7;11656;11;;;11664;21;11668;25;;;11661.0;0.0
yf_BGS_d7;23900;ASH_COATED_OSMIUM;9926;15;9923;20;;;9932;14;9935;14;;;9929.0;0.0
yf_BGS_d7;23900;INTARIAN_PEPPER_ROOT;11660;30;11658;25;;;11666;17;11669;13;;;11663.0;0.0
yf_BGS_d7;24000;ASH_COATED_OSMIUM;9926;15;9924;18;;;9932;13;9935;12;;;9929.0;0.0
yf_BGS_d7;24000;INTARIAN_PEPPER_ROOT;11658;24;11656;15;;;11668;9;11672;12;;;11663.0;0.0
yf_BGS_d7;24100;ASH_COATED_OSMIUM;9926;14;9922;18;;;9932;11;9935;26;;;9929.0;0.0
yf_BGS_d7;24100;INTARIAN_PEPPER_ROOT;11660;12;11657;19;;;11666;21;11668;13;;;11663.0;0.0
yf_BGS_d7;24200;ASH_COATED_OSMIUM;9925;5;9923;18;;;9931;7;9935;30;;;9928.0;0.0
yf_BGS_d7;24200;INTARIAN_PEPPER_ROOT;11660;9;11658;26;;;11668;10;11670;16;;;11664.0;0.0
yf_BGS_d7;24300;ASH_COATED_OSMIUM;9919;13;9916;24;;;9939;16;9942;23;;;9929.0;0.0
yf_BGS_d7;24300;INTARIAN_PEPPER_ROOT;11662;7;11660;24;;;11668;13;11671;12;;;11665.0;0.0
yf_BGS_d7;24400;ASH_COATED_OSMIUM;9925;14;9921;20;;;9931;16;9933;15;;;9928.0;0.0
yf_BGS_d7;24400;INTARIAN_PEPPER_ROOT;11657;13;11655;26;;;11675;21;11679;22;;;11666.0;0.0
yf_BGS_d7;24500;ASH_COATED_OSMIUM;9926;19;9922;20;;;9932;14;9935;19;;;9929.0;0.0
yf_BGS_d7;24500;INTARIAN_PEPPER_ROOT;11661;11;11657;17;;;11669;17;11671;24;;;11665.0;0.0
yf_BGS_d7;24600;ASH_COATED_OSMIUM;9926;14;9922;16;;;9932;5;9935;11;;;9929.0;0.0
yf_BGS_d7;24600;INTARIAN_PEPPER_ROOT;11656;17;11653;21;;;11677;18;11679;19;;;11666.5;0.0
yf_BGS_d7;24700;ASH_COATED_OSMIUM;9922;15;9920;25;;;9936;22;9939;10;;;9929.0;0.0
yf_BGS_d7;24700;INTARIAN_PEPPER_ROOT;11661;12;11657;25;;;11672;19;11675;20;;;11666.5;0.0
yf_BGS_d7;24800;ASH_COATED_OSMIUM;9926;16;9922;17;;;9932;16;9935;19;;;9929.0;0.0
yf_BGS_d7;24800;INTARIAN_PEPPER_ROOT;11664;15;11661;26;;;11672;6;11675;18;;;11668.0;0.0
yf_BGS_d7;24900;ASH_COATED_OSMIUM;9926;13;9922;30;;;9932;14;9934;26;;;9929.0;0.0
yf_BGS_d7;24900;INTARIAN_PEPPER_ROOT;11665;12;11661;22;;;11671;14;11673;30;;;11668.0;0.0
yf_BGS_d7;25000;ASH_COATED_OSMIUM;9912;11;9908;16;;;9947;17;9949;17;;;9929.5;0.0
yf_BGS_d7;25000;INTARIAN_PEPPER_ROOT;11665;8;11662;24;;;11671;5;11673;20;;;11668.0;0.0
yf_BGS_d7;25100;ASH_COATED_OSMIUM;9926;15;9924;18;;;9932;16;9934;15;;;9929.0;0.0
yf_BGS_d7;25100;INTARIAN_PEPPER_ROOT;11661;12;11658;14;;;11678;17;11682;24;;;11669.5;0.0
yf_BGS_d7;25200;ASH_COATED_OSMIUM;9924;15;9922;30;;;9933;13;9935;24;;;9928.5;0.0
yf_BGS_d7;25200;INTARIAN_PEPPER_ROOT;11667;12;11664;16;;;11673;15;11677;21;;;11670.0;0.0
yf_BGS_d7;25300;ASH_COATED_OSMIUM;9926;15;9923;16;;;9932;22;9934;11;;;9929.0;0.0
yf_BGS_d7;25300;INTARIAN_PEPPER_ROOT;11660;6;11657;30;;;11682;20;11686;15;;;11671.0;0.0
yf_BGS_d7;25400;ASH_COATED_OSMIUM;9919;16;9916;17;;;9938;12;9942;18;;;9928.5;0.0
yf_BGS_d7;25400;INTARIAN_PEPPER_ROOT;11666;10;11662;19;;;11677;16;11680;16;;;11671.5;0.0
yf_BGS_d7;25500;ASH_COATED_OSMIUM;9924;11;9921;22;;;9934;10;9937;18;;;9929.0;0.0
yf_BGS_d7;25500;INTARIAN_PEPPER_ROOT;11669;15;11665;15;;;11675;7;11677;19;;;11672.0;0.0
yf_BGS_d7;25600;ASH_COATED_OSMIUM;9926;8;9923;23;;;9932;14;9936;26;;;9929.0;0.0
yf_BGS_d7;25600;INTARIAN_PEPPER_ROOT;11669;19;11667;24;;;11675;17;11677;21;;;11672.0;0.0
yf_BGS_d7;25700;ASH_COATED_OSMIUM;9926;15;9923;27;;;9932;17;9936;26;;;9929.0;0.0
yf_BGS_d7;25700;INTARIAN_PEPPER_ROOT;11670;18;11667;19;;;11676;8;11680;12;;;11673.0;0.0
yf_BGS_d7;25800;ASH_COATED_OSMIUM;9917;8;9913;19;;;9941;18;9944;20;;;9929.0;0.0
yf_BGS_d7;25800;INTARIAN_PEPPER_ROOT;11670;19;11666;26;;;11676;18;11680;19;;;11673.0;0.0
yf_BGS_d7;25900;ASH_COATED_OSMIUM;9926;15;9922;20;;;9932;20;9935;24;;;9929.0;0.0
yf_BGS_d7;25900;INTARIAN_PEPPER_ROOT;11671;9;11667;23;;;11677;15;11681;21;;;11674.0;0.0
yf_BGS_d7;26000;ASH_COATED_OSMIUM;9925;13;9922;17;;;9931;15;9934;24;;;9928.0;0.0
yf_BGS_d7;26000;INTARIAN_PEPPER_ROOT;11671;8;11669;17;;;11677;13;11680;31;;;11674.0;0.0
yf_BGS_d7;26100;ASH_COATED_OSMIUM;9925;11;9923;18;;;9931;13;9934;14;;;9928.0;0.0
yf_BGS_d7;26100;INTARIAN_PEPPER_ROOT;11672;18;11670;21;;;11678;11;11681;11;;;11675.0;0.0
yf_BGS_d7;26200;ASH_COATED_OSMIUM;9925;16;9921;15;;;9931;15;9933;21;;;9928.0;0.0
yf_BGS_d7;26200;INTARIAN_PEPPER_ROOT;11672;5;11670;24;;;11678;16;11682;21;;;11675.0;0.0
yf_BGS_d7;26300;ASH_COATED_OSMIUM;9926;16;9922;22;;;9932;18;9936;21;;;9929.0;0.0
yf_BGS_d7;26300;INTARIAN_PEPPER_ROOT;11672;10;11669;26;;;11681;12;11683;24;;;11676.5;0.0
yf_BGS_d7;26400;ASH_COATED_OSMIUM;9926;8;9924;24;;;9932;19;9936;24;;;9929.0;0.0
yf_BGS_d7;26400;INTARIAN_PEPPER_ROOT;11673;12;11671;23;;;11679;15;11682;17;;;11676.0;0.0
yf_BGS_d7;26500;ASH_COATED_OSMIUM;9926;11;9923;16;;;9932;5;9934;18;;;9929.0;0.0
yf_BGS_d7;26500;INTARIAN_PEPPER_ROOT;11671;15;11669;20;;;11684;19;11687;22;;;11677.5;0.0
yf_BGS_d7;26600;ASH_COATED_OSMIUM;9925;5;9922;15;;;9932;12;9934;11;;;9928.5;0.0
yf_BGS_d7;26600;INTARIAN_PEPPER_ROOT;11674;19;11671;14;;;11680;14;11682;24;;;11677.0;0.0
yf_BGS_d7;26700;ASH_COATED_OSMIUM;9923;19;9919;28;;;9935;15;9939;19;;;9929.0;0.0
yf_BGS_d7;26700;INTARIAN_PEPPER_ROOT;11674;25;11670;16;;;11683;7;11685;21;;;11678.5;0.0
yf_BGS_d7;26800;ASH_COATED_OSMIUM;9922;17;9919;31;;;9936;12;9938;16;;;9929.0;0.0
yf_BGS_d7;26800;INTARIAN_PEPPER_ROOT;11676;17;11674;18;;;11682;11;11686;23;;;11679.0;0.0
yf_BGS_d7;26900;ASH_COATED_OSMIUM;9917;8;9913;12;;;9940;12;9944;31;;;9928.5;0.0
yf_BGS_d7;26900;INTARIAN_PEPPER_ROOT;11676;15;11673;17;;;11682;9;11684;22;;;11679.0;0.0
yf_BGS_d7;27000;ASH_COATED_OSMIUM;9925;16;9922;12;;;9931;8;9934;19;;;9928.0;0.0
yf_BGS_d7;27000;INTARIAN_PEPPER_ROOT;11677;23;11673;14;;;11683;13;11687;14;;;11680.0;0.0
yf_BGS_d7;27100;ASH_COATED_OSMIUM;9926;18;9924;21;;;9932;11;9936;17;;;9929.0;0.0
yf_BGS_d7;27100;INTARIAN_PEPPER_ROOT;11674;6;11671;25;;;11689;21;11691;22;;;11681.5;0.0
yf_BGS_d7;27200;ASH_COATED_OSMIUM;9926;7;9922;20;;;9932;7;9934;22;;;9929.0;0.0
yf_BGS_d7;27200;INTARIAN_PEPPER_ROOT;11672;14;11669;23;;;11690;17;11693;19;;;11681.0;0.0
yf_BGS_d7;27300;ASH_COATED_OSMIUM;9923;6;9919;16;;;9934;12;9937;26;;;9928.5;0.0
yf_BGS_d7;27300;INTARIAN_PEPPER_ROOT;11679;14;11677;23;;;11685;7;11687;22;;;11682.0;0.0
yf_BGS_d7;27400;ASH_COATED_OSMIUM;9925;8;9922;25;;;9931;16;9935;19;;;9928.0;0.0
yf_BGS_d7;27400;INTARIAN_PEPPER_ROOT;11676;12;11672;13;;;11688;15;11690;20;;;11682.0;0.0
yf_BGS_d7;27500;ASH_COATED_OSMIUM;9919;18;9916;17;;;9938;19;9940;10;;;9928.5;0.0
yf_BGS_d7;27500;INTARIAN_PEPPER_ROOT;11677;6;11673;25;;;11688;20;11691;14;;;11682.5;0.0
yf_BGS_d7;27600;ASH_COATED_OSMIUM;9910;16;9906;13;;;9948;11;9952;14;;;9929.0;0.0
yf_BGS_d7;27600;INTARIAN_PEPPER_ROOT;11680;7;11678;23;;;11686;16;11690;15;;;11683.0;0.0
yf_BGS_d7;27700;ASH_COATED_OSMIUM;9926;19;9923;17;;;9932;8;9936;16;;;9929.0;0.0
yf_BGS_d7;27700;INTARIAN_PEPPER_ROOT;11681;10;11679;17;;;11687;5;11691;12;;;11684.0;0.0
yf_BGS_d7;27800;ASH_COATED_OSMIUM;9926;6;9922;20;;;9932;24;9934;20;;;9929.0;0.0
yf_BGS_d7;27800;INTARIAN_PEPPER_ROOT;11681;20;11679;28;;;11688;12;11690;16;;;11684.5;0.0
yf_BGS_d7;27900;ASH_COATED_OSMIUM;9921;11;9918;19;;;9936;13;9940;13;;;9928.5;0.0
yf_BGS_d7;27900;INTARIAN_PEPPER_ROOT;11682;20;11678;12;;;11689;11;11693;13;;;11685.5;0.0
yf_BGS_d7;28000;ASH_COATED_OSMIUM;9923;24;9919;16;;;9934;16;9937;19;;;9928.5;0.0
yf_BGS_d7;28000;INTARIAN_PEPPER_ROOT;11675;12;11671;21;;;11694;11;11698;19;;;11684.5;0.0
yf_BGS_d7;28100;ASH_COATED_OSMIUM;9926;17;9923;25;;;9932;11;9934;23;;;9929.0;0.0
yf_BGS_d7;28100;INTARIAN_PEPPER_ROOT;11677;15;11673;20;;;11695;8;11698;19;;;11686.0;0.0
yf_BGS_d7;28200;ASH_COATED_OSMIUM;9922;16;9920;16;;;9935;18;9938;22;;;9928.5;0.0
yf_BGS_d7;28200;INTARIAN_PEPPER_ROOT;11681;20;11678;19;;;11692;16;11695;21;;;11686.5;0.0
yf_BGS_d7;28300;ASH_COATED_OSMIUM;9926;15;9922;20;;;9932;11;9935;24;;;9929.0;0.0
yf_BGS_d7;28300;INTARIAN_PEPPER_ROOT;11685;12;11681;19;;;11691;13;11694;21;;;11688.0;0.0
yf_BGS_d7;28400;ASH_COATED_OSMIUM;9926;12;9924;21;;;9932;18;9934;16;;;9929.0;0.0
yf_BGS_d7;28400;INTARIAN_PEPPER_ROOT;11685;23;11682;12;;;11691;20;11693;20;;;11688.0;0.0
yf_BGS_d7;28500;ASH_COATED_OSMIUM;9926;18;9923;15;;;9932;10;9935;19;;;9929.0;0.0
yf_BGS_d7;28500;INTARIAN_PEPPER_ROOT;11685;15;11682;14;;;11691;16;11695;20;;;11688.0;0.0
yf_BGS_d7;28600;ASH_COATED_OSMIUM;9926;20;9923;18;;;9932;10;9935;19;;;9929.0;0.0
yf_BGS_d7;28600;INTARIAN_PEPPER_ROOT;11685;18;11683;17;;;11691;23;11694;18;;;11688.0;0.0
yf_BGS_d7;28700;ASH_COATED_OSMIUM;9926;11;9924;22;;;9932;7;9935;14;;;9929.0;0.0
yf_BGS_d7;28700;INTARIAN_PEPPER_ROOT;11685;16;11681;8;;;11695;16;11698;20;;;11690.0;0.0
yf_BGS_d7;28800;ASH_COATED_OSMIUM;9926;22;9923;17;;;9932;14;9934;29;;;9929.0;0.0
yf_BGS_d7;28800;INTARIAN_PEPPER_ROOT;11687;18;11683;15;;;11693;15;11695;17;;;11690.0;0.0
yf_BGS_d7;28900;ASH_COATED_OSMIUM;9910;15;9906;27;;;9947;7;9950;23;;;9928.5;0.0
yf_BGS_d7;28900;INTARIAN_PEPPER_ROOT;11686;13;11682;17;;;11696;16;11699;17;;;11691.0;0.0
yf_BGS_d7;29000;ASH_COATED_OSMIUM;9911;5;9908;14;;;9947;13;9951;17;;;9929.0;0.0
yf_BGS_d7;29000;INTARIAN_PEPPER_ROOT;11689;13;11685;18;;;11695;7;11697;20;;;11692.0;0.0
yf_BGS_d7;29100;ASH_COATED_OSMIUM;9920;13;9916;17;;;9937;16;9939;20;;;9928.5;0.0
yf_BGS_d7;29100;INTARIAN_PEPPER_ROOT;11683;19;11680;18;;;11700;14;11703;18;;;11691.5;0.0
yf_BGS_d7;29200;ASH_COATED_OSMIUM;9924;7;9922;22;;;9933;14;9935;15;;;9928.5;0.0
yf_BGS_d7;29200;INTARIAN_PEPPER_ROOT;11688;12;11686;14;;;11697;15;11701;21;;;11692.5;0.0
yf_BGS_d7;29300;ASH_COATED_OSMIUM;9923;5;9921;21;;;9934;11;9937;21;;;9928.5;0.0
yf_BGS_d7;29300;INTARIAN_PEPPER_ROOT;11690;8;11688;21;;;11696;21;11700;22;;;11693.0;0.0
yf_BGS_d7;29400;ASH_COATED_OSMIUM;9926;13;9922;18;;;9932;7;9936;19;;;9929.0;0.0
yf_BGS_d7;29400;INTARIAN_PEPPER_ROOT;11687;20;11685;22;;;11699;15;11703;22;;;11693.0;0.0
yf_BGS_d7;29500;ASH_COATED_OSMIUM;9921;22;9918;19;;;9937;19;9941;15;;;9929.0;0.0
yf_BGS_d7;29500;INTARIAN_PEPPER_ROOT;11691;25;11688;20;;;11698;8;11701;12;;;11694.5;0.0
yf_BGS_d7;29600;ASH_COATED_OSMIUM;9926;22;9922;24;;;9932;10;9936;23;;;9929.0;0.0
yf_BGS_d7;29600;INTARIAN_PEPPER_ROOT;11692;17;11688;16;;;11698;17;11702;17;;;11695.0;0.0
yf_BGS_d7;29700;ASH_COATED_OSMIUM;9926;15;9923;20;;;9932;18;9936;18;;;9929.0;0.0
yf_BGS_d7;29700;INTARIAN_PEPPER_ROOT;11693;20;11691;17;;;11699;15;11701;10;;;11696.0;0.0
yf_BGS_d7;29800;ASH_COATED_OSMIUM;9926;18;9924;23;;;9932;21;9934;22;;;9929.0;0.0
yf_BGS_d7;29800;INTARIAN_PEPPER_ROOT;11693;11;11691;12;;;11699;16;11702;14;;;11696.0;0.0
yf_BGS_d7;29900;ASH_COATED_OSMIUM;9926;12;9922;23;;;9932;7;9934;25;;;9929.0;0.0
yf_BGS_d7;29900;INTARIAN_PEPPER_ROOT;11690;13;11687;17;;;11702;11;11705;17;;;11696.0;0.0
yf_BGS_d7;30000;ASH_COATED_OSMIUM;9926;12;9922;19;;;9932;11;9935;26;;;9929.0;0.0
yf_BGS_d7;30000;INTARIAN_PEPPER_ROOT;11693;17;11691;20;;;11702;7;11705;19;;;11697.5;0.0
yf_BGS_d7;30100;ASH_COATED_OSMIUM;9926;11;9922;20;;;9932;23;9934;19;;;9929.0;0.0
yf_BGS_d7;30100;INTARIAN_PEPPER_ROOT;11695;12;11692;18;;;11701;18;11703;8;;;11698.0;0.0
yf_BGS_d7;30200;ASH_COATED_OSMIUM;9926;20;9923;27;;;9932;12;9934;15;;;9929.0;0.0
yf_BGS_d7;30200;INTARIAN_PEPPER_ROOT;11695;9;11692;29;;;11701;15;11703;28;;;11698.0;0.0
yf_BGS_d7;30300;ASH_COATED_OSMIUM;9923;14;9921;20;;;9935;24;9939;28;;;9929.0;0.0
yf_BGS_d7;30300;INTARIAN_PEPPER_ROOT;11695;19;11691;13;;;11701;8;11703;19;;;11698.0;0.0
yf_BGS_d7;30400;ASH_COATED_OSMIUM;9926;16;9924;16;;;9932;8;9934;23;;;9929.0;0.0
yf_BGS_d7;30400;INTARIAN_PEPPER_ROOT;11696;15;11692;10;;;11703;16;11707;8;;;11699.5;0.0
yf_BGS_d7;30500;ASH_COATED_OSMIUM;9920;6;9916;28;;;9938;12;9942;23;;;9929.0;0.0
yf_BGS_d7;30500;INTARIAN_PEPPER_ROOT;11697;12;11693;23;;;11703;20;11707;12;;;11700.0;0.0
yf_BGS_d7;30600;ASH_COATED_OSMIUM;9926;14;9924;10;;;9932;20;9936;22;;;9929.0;0.0
yf_BGS_d7;30600;INTARIAN_PEPPER_ROOT;11690;18;11687;22;;;11711;12;11715;16;;;11700.5;0.0
yf_BGS_d7;30700;ASH_COATED_OSMIUM;9925;23;9921;28;;;9932;23;9936;18;;;9928.5;0.0
yf_BGS_d7;30700;INTARIAN_PEPPER_ROOT;11695;16;11693;16;;;11706;23;11710;12;;;11700.5;0.0
yf_BGS_d7;30800;ASH_COATED_OSMIUM;9926;6;9924;20;;;9932;23;9935;18;;;9929.0;0.0
yf_BGS_d7;30800;INTARIAN_PEPPER_ROOT;11698;19;11695;14;;;11704;12;11706;18;;;11701.0;0.0
yf_BGS_d7;30900;ASH_COATED_OSMIUM;9926;16;9922;20;;;9932;22;9935;22;;;9929.0;0.0
yf_BGS_d7;30900;INTARIAN_PEPPER_ROOT;11699;13;11696;14;;;11705;19;11708;12;;;11702.0;0.0
yf_BGS_d7;31000;ASH_COATED_OSMIUM;9926;8;9922;13;;;9932;16;9934;20;;;9929.0;0.0
yf_BGS_d7;31000;INTARIAN_PEPPER_ROOT;11700;10;11696;14;;;11706;18;11709;23;;;11703.0;0.0
yf_BGS_d7;31100;ASH_COATED_OSMIUM;9923;20;9921;16;;;9935;17;9938;21;;;9929.0;0.0
yf_BGS_d7;31100;INTARIAN_PEPPER_ROOT;11693;17;11691;16;;;11713;21;11716;18;;;11703.0;0.0
yf_BGS_d7;31200;ASH_COATED_OSMIUM;9926;16;9923;24;;;9932;20;9935;18;;;9929.0;0.0
yf_BGS_d7;31200;INTARIAN_PEPPER_ROOT;11700;15;11696;19;;;11706;9;11708;29;;;11703.0;0.0
yf_BGS_d7;31300;ASH_COATED_OSMIUM;9926;6;9924;19;;;9932;15;9935;11;;;9929.0;0.0
yf_BGS_d7;31300;INTARIAN_PEPPER_ROOT;11700;13;11698;26;;;11709;11;11711;18;;;11704.5;0.0
yf_BGS_d7;31400;ASH_COATED_OSMIUM;9924;6;9922;21;;;9935;20;9938;18;;;9929.5;0.0
yf_BGS_d7;31400;INTARIAN_PEPPER_ROOT;11702;10;11700;25;;;11708;9;11711;11;;;11705.0;0.0
yf_BGS_d7;31500;ASH_COATED_OSMIUM;9925;8;9922;17;;;9933;14;9935;21;;;9929.0;0.0
yf_BGS_d7;31500;INTARIAN_PEPPER_ROOT;11703;18;11700;14;;;11709;11;11712;10;;;11706.0;0.0
yf_BGS_d7;31600;ASH_COATED_OSMIUM;9926;9;9923;22;;;9932;7;9935;18;;;9929.0;0.0
yf_BGS_d7;31600;INTARIAN_PEPPER_ROOT;11703;17;11699;19;;;11709;7;11711;22;;;11706.0;0.0
yf_BGS_d7;31700;ASH_COATED_OSMIUM;9926;9;9922;18;;;9932;22;9935;15;;;9929.0;0.0
yf_BGS_d7;31700;INTARIAN_PEPPER_ROOT;11703;14;11700;26;;;11710;8;11712;18;;;11706.5;0.0
yf_BGS_d7;31800;ASH_COATED_OSMIUM;9925;16;9922;20;;;9932;12;9935;21;;;9928.5;0.0
yf_BGS_d7;31800;INTARIAN_PEPPER_ROOT;11704;17;11700;19;;;11710;12;11713;23;;;11707.0;0.0
yf_BGS_d7;31900;ASH_COATED_OSMIUM;9926;23;9923;22;;;9932;9;9934;26;;;9929.0;0.0
yf_BGS_d7;31900;INTARIAN_PEPPER_ROOT;11705;12;11703;18;;;11711;5;11714;20;;;11708.0;0.0
yf_BGS_d7;32000;ASH_COATED_OSMIUM;9918;17;9915;15;;;9939;10;9943;17;;;9928.5;0.0
yf_BGS_d7;32000;INTARIAN_PEPPER_ROOT;11705;7;11703;24;;;11711;16;11714;24;;;11708.0;0.0
yf_BGS_d7;32100;ASH_COATED_OSMIUM;9923;18;9920;25;;;9935;8;9937;25;;;9929.0;0.0
yf_BGS_d7;32100;INTARIAN_PEPPER_ROOT;11706;13;11702;15;;;11712;21;11716;18;;;11709.0;0.0
yf_BGS_d7;32200;ASH_COATED_OSMIUM;9924;14;9921;21;;;9933;9;9936;16;;;9928.5;0.0
yf_BGS_d7;32200;INTARIAN_PEPPER_ROOT;11706;18;11703;17;;;11712;18;11716;21;;;11709.0;0.0
yf_BGS_d7;32300;ASH_COATED_OSMIUM;9926;13;9922;17;;;9932;24;9934;12;;;9929.0;0.0
yf_BGS_d7;32300;INTARIAN_PEPPER_ROOT;11706;13;11702;29;;;11714;16;11716;20;;;11710.0;0.0
yf_BGS_d7;32400;ASH_COATED_OSMIUM;9923;12;9921;17;;;9934;11;9936;20;;;9928.5;0.0
yf_BGS_d7;32400;INTARIAN_PEPPER_ROOT;11708;12;11704;14;;;11714;10;11718;22;;;11711.0;0.0
yf_BGS_d7;32500;ASH_COATED_OSMIUM;9926;28;9922;16;;;9932;13;9934;21;;;9929.0;0.0
yf_BGS_d7;32500;INTARIAN_PEPPER_ROOT;11708;8;11704;25;;;11714;16;11718;17;;;11711.0;0.0
yf_BGS_d7;32600;ASH_COATED_OSMIUM;9921;16;9917;17;;;9936;11;9939;16;;;9928.5;0.0
yf_BGS_d7;32600;INTARIAN_PEPPER_ROOT;11709;11;11705;22;;;11715;19;11719;24;;;11712.0;0.0
yf_BGS_d7;32700;ASH_COATED_OSMIUM;9926;13;9924;25;;;9932;12;9936;27;;;9929.0;0.0
yf_BGS_d7;32700;INTARIAN_PEPPER_ROOT;11706;30;11704;23;;;11720;16;11724;13;;;11713.0;0.0
yf_BGS_d7;32800;ASH_COATED_OSMIUM;9926;6;9923;20;;;9932;13;9934;27;;;9929.0;0.0
yf_BGS_d7;32800;INTARIAN_PEPPER_ROOT;11690;18;11687;27;;;11735;15;11739;19;;;11712.5;0.0
yf_BGS_d7;32900;ASH_COATED_OSMIUM;9926;5;9922;21;;;9932;21;9935;29;;;9929.0;0.0
yf_BGS_d7;32900;INTARIAN_PEPPER_ROOT;11706;13;11704;15;;;11721;19;11723;23;;;11713.5;0.0
yf_BGS_d7;33000;ASH_COATED_OSMIUM;9920;17;9918;24;;;9938;13;9942;18;;;9929.0;0.0
yf_BGS_d7;33000;INTARIAN_PEPPER_ROOT;11711;14;11707;15;;;11717;14;11721;16;;;11714.0;0.0
yf_BGS_d7;33100;ASH_COATED_OSMIUM;9926;20;9922;11;;;9932;22;9936;23;;;9929.0;0.0
yf_BGS_d7;33100;INTARIAN_PEPPER_ROOT;11711;29;11708;23;;;11717;13;11721;19;;;11714.0;0.0
yf_BGS_d7;33200;ASH_COATED_OSMIUM;9927;16;9924;25;;;9933;13;9936;17;;;9930.0;0.0
yf_BGS_d7;33200;INTARIAN_PEPPER_ROOT;11706;7;11703;17;;;11724;16;11727;20;;;11715.0;0.0
yf_BGS_d7;33300;ASH_COATED_OSMIUM;9926;22;9924;21;;;9932;16;9936;17;;;9929.0;0.0
yf_BGS_d7;33300;INTARIAN_PEPPER_ROOT;11713;8;11710;19;;;11719;15;11722;23;;;11716.0;0.0
yf_BGS_d7;33400;ASH_COATED_OSMIUM;9926;16;9923;14;;;9932;9;9936;19;;;9929.0;0.0
yf_BGS_d7;33400;INTARIAN_PEPPER_ROOT;11713;16;11710;26;;;11719;18;11721;12;;;11716.0;0.0
yf_BGS_d7;33500;ASH_COATED_OSMIUM;9926;15;9924;28;;;9932;9;9934;25;;;9929.0;0.0
yf_BGS_d7;33500;INTARIAN_PEPPER_ROOT;11714;14;11710;27;;;11720;13;11724;13;;;11717.0;0.0
yf_BGS_d7;33600;ASH_COATED_OSMIUM;9915;18;9912;20;;;9942;18;9946;17;;;9928.5;0.0
yf_BGS_d7;33600;INTARIAN_PEPPER_ROOT;11714;11;11712;23;;;11720;12;11722;17;;;11717.0;0.0
yf_BGS_d7;33700;ASH_COATED_OSMIUM;9926;7;9923;19;;;9932;19;9935;9;;;9929.0;0.0
yf_BGS_d7;33700;INTARIAN_PEPPER_ROOT;11708;9;11706;13;;;11728;9;11730;19;;;11718.0;0.0
yf_BGS_d7;33800;ASH_COATED_OSMIUM;9926;10;9924;14;;;9932;12;9934;22;;;9929.0;0.0
yf_BGS_d7;33800;INTARIAN_PEPPER_ROOT;11716;21;11712;20;;;11722;11;11726;14;;;11719.0;0.0
yf_BGS_d7;33900;ASH_COATED_OSMIUM;9918;21;9916;24;;;9940;14;9944;21;;;9929.0;0.0
yf_BGS_d7;33900;INTARIAN_PEPPER_ROOT;11716;11;11713;20;;;11722;18;11724;24;;;11719.0;0.0
yf_BGS_d7;34000;ASH_COATED_OSMIUM;9926;15;9923;16;;;9932;9;9936;23;;;9929.0;0.0
yf_BGS_d7;34000;INTARIAN_PEPPER_ROOT;11718;13;11714;17;;;11724;12;11726;23;;;11721.0;0.0
yf_BGS_d7;34100;ASH_COATED_OSMIUM;9927;17;9923;18;;;9933;6;9936;21;;;9930.0;0.0
yf_BGS_d7;34100;INTARIAN_PEPPER_ROOT;11711;19;11707;27;;;11734;12;11738;14;;;11722.5;0.0
yf_BGS_d7;34200;ASH_COATED_OSMIUM;9926;10;9924;25;;;9932;14;9934;24;;;9929.0;0.0
yf_BGS_d7;34200;INTARIAN_PEPPER_ROOT;11719;16;11715;19;;;11728;19;11730;21;;;11723.5;0.0
yf_BGS_d7;34300;ASH_COATED_OSMIUM;9924;13;9921;19;;;9933;15;9935;23;;;9928.5;0.0
yf_BGS_d7;34300;INTARIAN_PEPPER_ROOT;11722;12;11718;18;;;11728;22;11730;21;;;11725.0;0.0
yf_BGS_d7;34400;ASH_COATED_OSMIUM;9914;5;9912;19;;;9944;5;9948;29;;;9929.0;0.0
yf_BGS_d7;34400;INTARIAN_PEPPER_ROOT;11718;13;11714;19;;;11734;16;11737;29;;;11726.0;0.0
yf_BGS_d7;34500;ASH_COATED_OSMIUM;9926;8;9922;19;;;9932;9;9934;18;;;9929.0;0.0
yf_BGS_d7;34500;INTARIAN_PEPPER_ROOT;11724;10;11721;12;;;11731;15;11733;16;;;11727.5;0.0
yf_BGS_d7;34600;ASH_COATED_OSMIUM;9921;12;9918;13;;;9936;22;9938;21;;;9928.5;0.0
yf_BGS_d7;34600;INTARIAN_PEPPER_ROOT;11726;15;11723;17;;;11732;16;11734;18;;;11729.0;0.0
yf_BGS_d7;34700;ASH_COATED_OSMIUM;9926;7;9923;17;;;9932;17;9934;23;;;9929.0;0.0
yf_BGS_d7;34700;INTARIAN_PEPPER_ROOT;11727;16;11724;12;;;11733;6;11736;22;;;11730.0;0.0
yf_BGS_d7;34800;ASH_COATED_OSMIUM;9927;12;9924;19;;;9933;10;9935;14;;;9930.0;0.0
yf_BGS_d7;34800;INTARIAN_PEPPER_ROOT;11729;17;11725;16;;;11735;16;11737;25;;;11732.0;0.0
yf_BGS_d7;34900;ASH_COATED_OSMIUM;9926;23;9922;23;;;9932;16;9935;10;;;9929.0;0.0
yf_BGS_d7;34900;INTARIAN_PEPPER_ROOT;11729;14;11727;27;;;11737;24;11740;29;;;11733.0;0.0
yf_BGS_d7;35000;ASH_COATED_OSMIUM;9924;14;9922;18;;;9933;16;9937;22;;;9928.5;0.0
yf_BGS_d7;35000;INTARIAN_PEPPER_ROOT;11731;18;11727;23;;;11737;18;11741;20;;;11734.0;0.0
yf_BGS_d7;35100;ASH_COATED_OSMIUM;9926;10;9922;15;;;9932;13;9936;29;;;9929.0;0.0
yf_BGS_d7;35100;INTARIAN_PEPPER_ROOT;11720;17;11718;21;;;11751;14;11755;22;;;11735.5;0.0
yf_BGS_d7;35200;ASH_COATED_OSMIUM;9926;12;9922;22;;;9932;10;9934;18;;;9929.0;0.0
yf_BGS_d7;35200;INTARIAN_PEPPER_ROOT;11734;16;11732;18;;;11740;15;11744;17;;;11737.0;0.0
yf_BGS_d7;35300;ASH_COATED_OSMIUM;9923;7;9920;19;;;9937;15;9940;8;;;9930.0;0.0
yf_BGS_d7;35300;INTARIAN_PEPPER_ROOT;11735;14;11732;20;;;11741;17;11745;22;;;11738.0;0.0
yf_BGS_d7;35400;ASH_COATED_OSMIUM;9925;15;9921;15;;;9932;17;9935;23;;;9928.5;0.0
yf_BGS_d7;35400;INTARIAN_PEPPER_ROOT;11737;13;11734;25;;;11743;14;11746;22;;;11740.0;0.0
yf_BGS_d7;35500;ASH_COATED_OSMIUM;9926;24;9923;14;;;9932;9;9934;20;;;9929.0;0.0
yf_BGS_d7;35500;INTARIAN_PEPPER_ROOT;11738;18;11735;19;;;11744;17;11746;16;;;11741.0;0.0
yf_BGS_d7;35600;ASH_COATED_OSMIUM;9925;15;9922;23;;;9931;18;9933;14;;;9928.0;0.0
yf_BGS_d7;35600;INTARIAN_PEPPER_ROOT;11731;23;11728;24;;;11754;20;11756;19;;;11742.5;0.0
yf_BGS_d7;35700;ASH_COATED_OSMIUM;9926;18;9923;20;;;9932;21;9934;10;;;9929.0;0.0
yf_BGS_d7;35700;INTARIAN_PEPPER_ROOT;11738;23;11736;18;;;11750;6;11752;25;;;11744.0;0.0
yf_BGS_d7;35800;ASH_COATED_OSMIUM;9926;14;9924;22;;;9932;21;9936;24;;;9929.0;0.0
yf_BGS_d7;35800;INTARIAN_PEPPER_ROOT;11740;10;11737;20;;;11751;5;11754;21;;;11745.5;0.0
yf_BGS_d7;35900;ASH_COATED_OSMIUM;9926;5;9923;10;;;9932;5;9935;19;;;9929.0;0.0
yf_BGS_d7;35900;INTARIAN_PEPPER_ROOT;11740;5;11738;25;;;11754;12;11757;24;;;11747.0;0.0
yf_BGS_d7;36000;ASH_COATED_OSMIUM;9919;15;9917;22;;;9938;16;9942;26;;;9928.5;0.0
yf_BGS_d7;36000;INTARIAN_PEPPER_ROOT;11745;20;11742;31;;;11751;13;11753;20;;;11748.0;0.0
yf_BGS_d7;36100;ASH_COATED_OSMIUM;9926;15;9923;23;;;9932;19;9936;24;;;9929.0;0.0
yf_BGS_d7;36100;INTARIAN_PEPPER_ROOT;11747;15;11745;20;;;11753;19;11756;12;;;11750.0;0.0
yf_BGS_d7;36200;ASH_COATED_OSMIUM;9926;6;9924;16;;;9932;13;9934;21;;;9929.0;0.0
yf_BGS_d7;36200;INTARIAN_PEPPER_ROOT;11746;11;11744;19;;;11755;19;11757;15;;;11750.5;0.0
yf_BGS_d7;36300;ASH_COATED_OSMIUM;9924;9;9921;16;;;9932;17;9934;13;;;9928.0;0.0
yf_BGS_d7;36300;INTARIAN_PEPPER_ROOT;11744;18;11740;14;;;11760;22;11762;22;;;11752.0;0.0
yf_BGS_d7;36400;ASH_COATED_OSMIUM;9917;19;9915;21;;;9940;13;9942;23;;;9928.5;0.0
yf_BGS_d7;36400;INTARIAN_PEPPER_ROOT;11750;14;11747;19;;;11756;13;11758;16;;;11753.0;0.0
yf_BGS_d7;36500;ASH_COATED_OSMIUM;9912;15;9908;13;;;9946;15;9950;24;;;9929.0;0.0
yf_BGS_d7;36500;INTARIAN_PEPPER_ROOT;11753;12;11751;20;;;11759;16;11761;23;;;11756.0;0.0
yf_BGS_d7;36600;ASH_COATED_OSMIUM;9926;7;9924;20;;;9932;6;9936;14;;;9929.0;0.0
yf_BGS_d7;36600;INTARIAN_PEPPER_ROOT;11754;12;11750;22;;;11760;13;11762;28;;;11757.0;0.0
yf_BGS_d7;36700;ASH_COATED_OSMIUM;9919;14;9917;16;;;9939;12;9941;16;;;9929.0;0.0
yf_BGS_d7;36700;INTARIAN_PEPPER_ROOT;11755;10;11753;20;;;11761;14;11764;15;;;11758.0;0.0
yf_BGS_d7;36800;ASH_COATED_OSMIUM;9920;8;9916;15;;;9939;14;9942;14;;;9929.5;0.0
yf_BGS_d7;36800;INTARIAN_PEPPER_ROOT;11750;17;11746;20;;;11769;13;11771;15;;;11759.5;0.0
yf_BGS_d7;36900;ASH_COATED_OSMIUM;9926;15;9924;19;;;9932;7;9934;11;;;9929.0;0.0
yf_BGS_d7;36900;INTARIAN_PEPPER_ROOT;11749;10;11746;13;;;11772;13;11775;21;;;11760.5;0.0
yf_BGS_d7;37000;ASH_COATED_OSMIUM;9926;17;9923;17;;;9932;9;9936;19;;;9929.0;0.0
yf_BGS_d7;37000;INTARIAN_PEPPER_ROOT;11759;16;11757;22;;;11765;16;11768;18;;;11762.0;0.0
yf_BGS_d7;37100;ASH_COATED_OSMIUM;9925;19;9921;21;;;9931;5;9933;11;;;9928.0;0.0
yf_BGS_d7;37100;INTARIAN_PEPPER_ROOT;11760;9;11756;22;;;11766;13;11769;27;;;11763.0;0.0
yf_BGS_d7;37200;ASH_COATED_OSMIUM;9922;24;9920;25;;;9936;8;9940;14;;;9929.0;0.0
yf_BGS_d7;37200;INTARIAN_PEPPER_ROOT;11762;14;11758;24;;;11768;16;11772;16;;;11765.0;0.0
yf_BGS_d7;37300;ASH_COATED_OSMIUM;9923;16;9919;17;;;9934;18;9937;23;;;9928.5;0.0
yf_BGS_d7;37300;INTARIAN_PEPPER_ROOT;11761;14;11758;13;;;11772;16;11775;25;;;11766.5;0.0
yf_BGS_d7;37400;ASH_COATED_OSMIUM;9922;19;9918;21;;;9934;11;9937;19;;;9928.0;0.0
yf_BGS_d7;37400;INTARIAN_PEPPER_ROOT;11754;9;11750;24;;;11782;16;11785;24;;;11768.0;0.0
yf_BGS_d7;37500;ASH_COATED_OSMIUM;9924;14;9922;16;;;9935;15;9939;16;;;9929.5;0.0
yf_BGS_d7;37500;INTARIAN_PEPPER_ROOT;11766;9;11762;21;;;11772;20;11775;23;;;11769.0;0.0
yf_BGS_d7;37600;ASH_COATED_OSMIUM;9926;16;9923;21;;;9932;12;9934;19;;;9929.0;0.0
yf_BGS_d7;37600;INTARIAN_PEPPER_ROOT;11766;12;11763;20;;;11776;15;11780;12;;;11771.0;0.0
yf_BGS_d7;37700;ASH_COATED_OSMIUM;9926;20;9924;24;;;9932;15;9935;19;;;9929.0;0.0
yf_BGS_d7;37700;INTARIAN_PEPPER_ROOT;11770;7;11768;22;;;11776;12;11780;24;;;11773.0;0.0
yf_BGS_d7;37800;ASH_COATED_OSMIUM;9926;10;9923;23;;;9932;19;9934;16;;;9929.0;0.0
yf_BGS_d7;37800;INTARIAN_PEPPER_ROOT;11770;10;11766;19;;;11776;15;11778;21;;;11773.0;0.0
yf_BGS_d7;37900;ASH_COATED_OSMIUM;9926;18;9924;22;;;9932;15;9935;25;;;9929.0;0.0
yf_BGS_d7;37900;INTARIAN_PEPPER_ROOT;11771;21;11767;16;;;11777;23;11779;19;;;11774.0;0.0
yf_BGS_d7;38000;ASH_COATED_OSMIUM;9925;13;9922;26;;;9934;19;9938;24;;;9929.5;0.0
yf_BGS_d7;38000;INTARIAN_PEPPER_ROOT;11774;19;11772;14;;;11780;14;11784;30;;;11777.0;0.0
yf_BGS_d7;38100;ASH_COATED_OSMIUM;9926;13;9924;24;;;9932;16;9934;10;;;9929.0;0.0
yf_BGS_d7;38100;INTARIAN_PEPPER_ROOT;11774;28;11772;18;;;11780;21;11783;19;;;11777.0;0.0
yf_BGS_d7;38200;ASH_COATED_OSMIUM;9909;18;9907;18;;;9950;13;9952;14;;;9929.5;0.0
yf_BGS_d7;38200;INTARIAN_PEPPER_ROOT;11776;11;11774;21;;;11782;14;11785;12;;;11779.0;0.0
yf_BGS_d7;38300;ASH_COATED_OSMIUM;9920;9;9917;24;;;9937;16;9941;9;;;9928.5;0.0
yf_BGS_d7;38300;INTARIAN_PEPPER_ROOT;11777;10;11773;23;;;11783;22;11786;15;;;11780.0;0.0
yf_BGS_d7;38400;ASH_COATED_OSMIUM;9926;17;9924;21;;;9932;17;9935;30;;;9929.0;0.0
yf_BGS_d7;38400;INTARIAN_PEPPER_ROOT;11773;16;11771;16;;;11790;21;11794;23;;;11781.5;0.0
yf_BGS_d7;38500;ASH_COATED_OSMIUM;9925;7;9923;20;;;9931;9;9933;24;;;9928.0;0.0
yf_BGS_d7;38500;INTARIAN_PEPPER_ROOT;11774;14;11772;17;;;11792;15;11795;18;;;11783.0;0.0
yf_BGS_d7;38600;ASH_COATED_OSMIUM;9925;21;9922;17;;;9931;9;9934;19;;;9928.0;0.0
yf_BGS_d7;38600;INTARIAN_PEPPER_ROOT;11778;13;11774;16;;;11790;9;11792;23;;;11784.0;0.0
yf_BGS_d7;38700;ASH_COATED_OSMIUM;9926;15;9922;24;;;9932;9;9935;24;;;9929.0;0.0
yf_BGS_d7;38700;INTARIAN_PEPPER_ROOT;11783;8;11779;28;;;11789;20;11791;17;;;11786.0;0.0
yf_BGS_d7;38800;ASH_COATED_OSMIUM;9926;13;9922;19;;;9932;14;9934;8;;;9929.0;0.0
yf_BGS_d7;38800;INTARIAN_PEPPER_ROOT;11784;12;11781;29;;;11790;16;11793;22;;;11787.0;0.0
yf_BGS_d7;38900;ASH_COATED_OSMIUM;9920;14;9918;25;;;9939;8;9941;23;;;9929.5;0.0
yf_BGS_d7;38900;INTARIAN_PEPPER_ROOT;11785;17;11782;12;;;11791;18;11794;18;;;11788.0;0.0
yf_BGS_d7;39000;ASH_COATED_OSMIUM;9926;10;9923;19;;;9932;7;9934;15;;;9929.0;0.0
yf_BGS_d7;39000;INTARIAN_PEPPER_ROOT;11787;17;11783;17;;;11793;16;11795;19;;;11790.0;0.0
yf_BGS_d7;39100;ASH_COATED_OSMIUM;9926;13;9924;26;;;9932;28;9935;12;;;9929.0;0.0
yf_BGS_d7;39100;INTARIAN_PEPPER_ROOT;11788;14;11786;21;;;11794;25;11796;18;;;11791.0;0.0
yf_BGS_d7;39200;ASH_COATED_OSMIUM;9922;5;9918;21;;;9935;15;9939;18;;;9928.5;0.0
yf_BGS_d7;39200;INTARIAN_PEPPER_ROOT;11790;11;11786;22;;;11796;17;11798;15;;;11793.0;0.0
yf_BGS_d7;39300;ASH_COATED_OSMIUM;9922;19;9920;14;;;9937;12;9939;19;;;9929.5;0.0
yf_BGS_d7;39300;INTARIAN_PEPPER_ROOT;11789;11;11787;21;;;11798;12;11802;11;;;11793.5;0.0
yf_BGS_d7;39400;ASH_COATED_OSMIUM;9926;14;9924;24;;;9932;20;9934;18;;;9929.0;0.0
yf_BGS_d7;39400;INTARIAN_PEPPER_ROOT;11792;12;11788;21;;;11798;12;11802;16;;;11795.0;0.0
yf_BGS_d7;39500;ASH_COATED_OSMIUM;9926;17;9922;24;;;9932;15;9936;21;;;9929.0;0.0
yf_BGS_d7;39500;INTARIAN_PEPPER_ROOT;11794;10;11791;26;;;11800;12;11803;14;;;11797.0;0.0
yf_BGS_d7;39600;ASH_COATED_OSMIUM;9926;18;9923;21;;;9932;18;9936;22;;;9929.0;0.0
yf_BGS_d7;39600;INTARIAN_PEPPER_ROOT;11791;21;11787;16;;;11805;18;11809;20;;;11798.0;0.0
yf_BGS_d7;39700;ASH_COATED_OSMIUM;9926;17;9923;25;;;9932;12;9936;22;;;9929.0;0.0
yf_BGS_d7;39700;INTARIAN_PEPPER_ROOT;11791;13;11788;23;;;11807;17;11810;26;;;11799.0;0.0
yf_BGS_d7;39800;ASH_COATED_OSMIUM;9916;17;9913;28;;;9941;16;9944;18;;;9928.5;0.0
yf_BGS_d7;39800;INTARIAN_PEPPER_ROOT;11798;22;11796;17;;;11804;8;11807;24;;;11801.0;0.0
yf_BGS_d7;39900;ASH_COATED_OSMIUM;9926;17;9924;13;;;9932;14;9935;23;;;9929.0;0.0
yf_BGS_d7;39900;INTARIAN_PEPPER_ROOT;11800;5;11797;23;;;11806;5;11809;12;;;11803.0;0.0
yf_BGS_d7;40000;ASH_COATED_OSMIUM;9925;21;9923;23;;;9932;18;9934;19;;;9928.5;0.0
yf_BGS_d7;40000;INTARIAN_PEPPER_ROOT;11801;22;11797;21;;;11807;15;11810;20;;;11804.0;0.0
yf_BGS_d7;40100;ASH_COATED_OSMIUM;9916;10;9914;12;;;9939;10;9943;18;;;9927.5;0.0
yf_BGS_d7;40100;INTARIAN_PEPPER_ROOT;11801;10;11798;20;;;11808;17;11812;19;;;11804.5;0.0
yf_BGS_d7;40200;ASH_COATED_OSMIUM;9926;23;9924;23;;;9932;20;9935;15;;;9929.0;0.0
yf_BGS_d7;40200;INTARIAN_PEPPER_ROOT;11803;14;11799;13;;;11809;14;11811;24;;;11806.0;0.0
yf_BGS_d7;40300;ASH_COATED_OSMIUM;9920;11;9918;23;;;9936;15;9939;17;;;9928.0;0.0
yf_BGS_d7;40300;INTARIAN_PEPPER_ROOT;11805;17;11802;21;;;11811;17;11813;27;;;11808.0;0.0
yf_BGS_d7;40400;ASH_COATED_OSMIUM;9924;15;9920;15;;;9933;12;9936;20;;;9928.5;0.0
yf_BGS_d7;40400;INTARIAN_PEPPER_ROOT;11806;11;11802;17;;;11812;15;11816;20;;;11809.0;0.0
yf_BGS_d7;40500;ASH_COATED_OSMIUM;9921;16;9918;21;;;9936;26;9940;24;;;9928.5;0.0
yf_BGS_d7;40500;INTARIAN_PEPPER_ROOT;11805;19;11802;20;;;11816;8;11819;24;;;11810.5;0.0
yf_BGS_d7;40600;ASH_COATED_OSMIUM;9925;22;9921;21;;;9932;15;9936;25;;;9928.5;0.0
yf_BGS_d7;40600;INTARIAN_PEPPER_ROOT;11809;24;11807;16;;;11815;9;11818;11;;;11812.0;0.0
yf_BGS_d7;40700;ASH_COATED_OSMIUM;9926;10;9922;20;;;9932;5;9934;26;;;9929.0;0.0
yf_BGS_d7;40700;INTARIAN_PEPPER_ROOT;11809;19;11807;12;;;11818;11;11822;18;;;11813.5;0.0
yf_BGS_d7;40800;ASH_COATED_OSMIUM;9924;19;9920;21;;;9933;19;9935;26;;;9928.5;0.0
yf_BGS_d7;40800;INTARIAN_PEPPER_ROOT;11805;14;11802;19;;;11825;14;11829;24;;;11815.0;0.0
yf_BGS_d7;40900;ASH_COATED_OSMIUM;9926;13;9924;18;;;9932;30;9936;22;;;9929.0;0.0
yf_BGS_d7;40900;INTARIAN_PEPPER_ROOT;11814;15;11812;18;;;11820;24;11824;14;;;11817.0;0.0
yf_BGS_d7;41000;ASH_COATED_OSMIUM;9925;21;9922;23;;;9933;10;9936;12;;;9929.0;0.0
yf_BGS_d7;41000;INTARIAN_PEPPER_ROOT;11814;5;11812;17;;;11820;11;11823;21;;;11817.0;0.0
yf_BGS_d7;41100;ASH_COATED_OSMIUM;9926;16;9923;27;;;9932;20;9935;25;;;9929.0;0.0
yf_BGS_d7;41100;INTARIAN_PEPPER_ROOT;11816;15;11812;26;;;11822;21;11824;18;;;11819.0;0.0
yf_BGS_d7;41200;ASH_COATED_OSMIUM;9926;17;9923;29;;;9932;17;9935;20;;;9929.0;0.0
yf_BGS_d7;41200;INTARIAN_PEPPER_ROOT;11817;19;11814;29;;;11823;21;11826;18;;;11820.0;0.0
yf_BGS_d7;41300;ASH_COATED_OSMIUM;9917;6;9915;26;;;9939;16;9943;32;;;9928.0;0.0
yf_BGS_d7;41300;INTARIAN_PEPPER_ROOT;11819;5;11816;10;;;11825;22;11827;18;;;11822.0;0.0
yf_BGS_d7;41400;ASH_COATED_OSMIUM;9925;23;9922;24;;;9931;12;9933;21;;;9928.0;0.0
yf_BGS_d7;41400;INTARIAN_PEPPER_ROOT;11814;14;11811;22;;;11833;5;11836;19;;;11823.5;0.0
yf_BGS_d7;41500;ASH_COATED_OSMIUM;9926;16;9924;16;;;9932;7;9936;19;;;9929.0;0.0
yf_BGS_d7;41500;INTARIAN_PEPPER_ROOT;11820;8;11817;22;;;11829;5;11832;15;;;11824.5;0.0
yf_BGS_d7;41600;ASH_COATED_OSMIUM;9924;7;9922;8;;;9934;23;9937;10;;;9929.0;0.0
yf_BGS_d7;41600;INTARIAN_PEPPER_ROOT;11823;6;11819;21;;;11829;7;11833;29;;;11826.0;0.0
yf_BGS_d7;41700;ASH_COATED_OSMIUM;9925;20;9923;15;;;9931;8;9933;21;;;9928.0;0.0
yf_BGS_d7;41700;INTARIAN_PEPPER_ROOT;11823;19;11821;16;;;11831;20;11834;16;;;11827.0;0.0
yf_BGS_d7;41800;ASH_COATED_OSMIUM;9926;15;9923;17;;;9932;14;9934;24;;;9929.0;0.0
yf_BGS_d7;41800;INTARIAN_PEPPER_ROOT;11826;11;11824;19;;;11832;18;11834;19;;;11829.0;0.0
yf_BGS_d7;41900;ASH_COATED_OSMIUM;9925;6;9922;17;;;9931;18;9935;18;;;9928.0;0.0
yf_BGS_d7;41900;INTARIAN_PEPPER_ROOT;11825;14;11821;22;;;11835;8;11839;11;;;11830.0;0.0
yf_BGS_d7;42000;ASH_COATED_OSMIUM;9921;17;9918;15;;;9936;15;9938;18;;;9928.5;0.0
yf_BGS_d7;42000;INTARIAN_PEPPER_ROOT;11818;11;11816;17;;;11845;14;11848;20;;;11831.5;0.0
yf_BGS_d7;42100;ASH_COATED_OSMIUM;9918;17;9916;16;;;9940;12;9944;20;;;9929.0;0.0
yf_BGS_d7;42100;INTARIAN_PEPPER_ROOT;11830;20;11827;29;;;11836;13;11840;17;;;11833.0;0.0
yf_BGS_d7;42200;ASH_COATED_OSMIUM;9925;19;9922;18;;;9931;7;9935;13;;;9928.0;0.0
yf_BGS_d7;42200;INTARIAN_PEPPER_ROOT;11829;21;11825;25;;;11840;12;11843;19;;;11834.5;0.0
yf_BGS_d7;42300;ASH_COATED_OSMIUM;9925;16;9923;15;;;9931;15;9935;19;;;9928.0;0.0
yf_BGS_d7;42300;INTARIAN_PEPPER_ROOT;11830;9;11826;23;;;11842;14;11844;15;;;11836.0;0.0
yf_BGS_d7;42400;ASH_COATED_OSMIUM;9917;5;9913;29;;;9941;12;9945;20;;;9929.0;0.0
yf_BGS_d7;42400;INTARIAN_PEPPER_ROOT;11831;16;11827;16;;;11844;11;11847;20;;;11837.5;0.0
yf_BGS_d7;42500;ASH_COATED_OSMIUM;9920;14;9917;19;;;9936;10;9939;29;;;9928.0;0.0
yf_BGS_d7;42500;INTARIAN_PEPPER_ROOT;11826;16;11822;25;;;11852;7;11856;19;;;11839.0;0.0
yf_BGS_d7;42600;ASH_COATED_OSMIUM;9919;13;9917;23;;;9938;8;9942;24;;;9928.5;0.0
yf_BGS_d7;42600;INTARIAN_PEPPER_ROOT;11836;11;11832;26;;;11843;11;11845;15;;;11839.5;0.0
yf_BGS_d7;42700;ASH_COATED_OSMIUM;9925;13;9923;11;;;9931;18;9933;17;;;9928.0;0.0
yf_BGS_d7;42700;INTARIAN_PEPPER_ROOT;11829;16;11826;28;;;11852;10;11854;17;;;11840.5;0.0
yf_BGS_d7;42800;ASH_COATED_OSMIUM;9926;14;9923;20;;;9932;18;9936;19;;;9929.0;0.0
yf_BGS_d7;42800;INTARIAN_PEPPER_ROOT;11833;16;11831;16;;;11851;9;11853;25;;;11842.0;0.0
yf_BGS_d7;42900;ASH_COATED_OSMIUM;9923;13;9921;33;;;9935;22;9937;18;;;9929.0;0.0
yf_BGS_d7;42900;INTARIAN_PEPPER_ROOT;11841;27;11839;21;;;11847;21;11850;21;;;11844.0;0.0
yf_BGS_d7;43000;ASH_COATED_OSMIUM;9925;24;9921;18;;;9931;7;9933;19;;;9928.0;0.0
yf_BGS_d7;43000;INTARIAN_PEPPER_ROOT;11843;7;11840;18;;;11849;16;11852;14;;;11846.0;0.0
yf_BGS_d7;43100;ASH_COATED_OSMIUM;9924;15;9922;18;;;9933;16;9937;12;;;9928.5;0.0
yf_BGS_d7;43100;INTARIAN_PEPPER_ROOT;11839;19;11835;25;;;11854;17;11857;20;;;11846.5;0.0
yf_BGS_d7;43200;ASH_COATED_OSMIUM;9925;15;9923;29;;;9931;16;9933;17;;;9928.0;0.0
yf_BGS_d7;43200;INTARIAN_PEPPER_ROOT;11845;14;11841;20;;;11851;19;11855;20;;;11848.0;0.0
yf_BGS_d7;43300;ASH_COATED_OSMIUM;9925;22;9923;25;;;9933;15;9937;15;;;9929.0;0.0
yf_BGS_d7;43300;INTARIAN_PEPPER_ROOT;11847;10;11843;13;;;11853;15;11855;19;;;11850.0;0.0
yf_BGS_d7;43400;ASH_COATED_OSMIUM;9919;11;9916;14;;;9939;6;9943;25;;;9929.0;0.0
yf_BGS_d7;43400;INTARIAN_PEPPER_ROOT;11848;10;11846;18;;;11854;5;11856;19;;;11851.0;0.0
yf_BGS_d7;43500;ASH_COATED_OSMIUM;9924;18;9920;20;;;9933;9;9936;17;;;9928.5;0.0
yf_BGS_d7;43500;INTARIAN_PEPPER_ROOT;11849;8;11846;21;;;11855;25;11857;13;;;11852.0;0.0
yf_BGS_d7;43600;ASH_COATED_OSMIUM;9925;5;9923;14;;;9931;18;9935;15;;;9928.0;0.0
yf_BGS_d7;43600;INTARIAN_PEPPER_ROOT;11851;21;11849;20;;;11857;18;11860;23;;;11854.0;0.0
yf_BGS_d7;43700;ASH_COATED_OSMIUM;9924;8;9922;20;;;9933;14;9936;15;;;9928.5;0.0
yf_BGS_d7;43700;INTARIAN_PEPPER_ROOT;11852;9;11850;24;;;11858;15;11861;15;;;11855.0;0.0
yf_BGS_d7;43800;ASH_COATED_OSMIUM;9922;19;9920;13;;;9934;5;9938;19;;;9928.0;0.0
yf_BGS_d7;43800;INTARIAN_PEPPER_ROOT;11854;14;11850;21;;;11860;11;11864;24;;;11857.0;0.0
yf_BGS_d7;43900;ASH_COATED_OSMIUM;9925;11;9923;19;;;9931;14;9935;19;;;9928.0;0.0
yf_BGS_d7;43900;INTARIAN_PEPPER_ROOT;11855;5;11853;17;;;11861;18;11865;28;;;11858.0;0.0
yf_BGS_d7;44000;ASH_COATED_OSMIUM;9926;13;9924;20;;;9932;12;9936;27;;;9929.0;0.0
yf_BGS_d7;44000;INTARIAN_PEPPER_ROOT;11853;20;11850;18;;;11865;23;11867;24;;;11859.0;0.0
yf_BGS_d7;44100;ASH_COATED_OSMIUM;9922;18;9920;15;;;9934;6;9937;21;;;9928.0;0.0
yf_BGS_d7;44100;INTARIAN_PEPPER_ROOT;11858;14;11854;13;;;11864;13;11868;26;;;11861.0;0.0
yf_BGS_d7;44200;ASH_COATED_OSMIUM;9925;16;9923;21;;;9931;13;9933;20;;;9928.0;0.0
yf_BGS_d7;44200;INTARIAN_PEPPER_ROOT;11857;17;11854;28;;;11867;20;11871;21;;;11862.0;0.0
yf_BGS_d7;44300;ASH_COATED_OSMIUM;9925;6;9923;20;;;9931;19;9934;20;;;9928.0;0.0
yf_BGS_d7;44300;INTARIAN_PEPPER_ROOT;11860;15;11856;14;;;11868;11;11870;15;;;11864.0;0.0
yf_BGS_d7;44400;ASH_COATED_OSMIUM;9925;11;9923;22;;;9931;22;9933;25;;;9928.0;0.0
yf_BGS_d7;44400;INTARIAN_PEPPER_ROOT;11862;22;11859;22;;;11868;5;11871;16;;;11865.0;0.0
yf_BGS_d7;44500;ASH_COATED_OSMIUM;9925;14;9921;23;;;9931;9;9935;17;;;9928.0;0.0
yf_BGS_d7;44500;INTARIAN_PEPPER_ROOT;11858;14;11855;27;;;11874;5;11877;18;;;11866.0;0.0
yf_BGS_d7;44600;ASH_COATED_OSMIUM;9925;13;9922;16;;;9931;13;9935;13;;;9928.0;0.0
yf_BGS_d7;44600;INTARIAN_PEPPER_ROOT;11865;20;11861;15;;;11872;8;11876;24;;;11868.5;0.0
yf_BGS_d7;44700;ASH_COATED_OSMIUM;9925;19;9922;19;;;9931;22;9934;13;;;9928.0;0.0
yf_BGS_d7;44700;INTARIAN_PEPPER_ROOT;11866;18;11862;21;;;11872;6;11875;23;;;11869.0;0.0
yf_BGS_d7;44800;ASH_COATED_OSMIUM;9923;13;9921;29;;;9934;18;9938;18;;;9928.5;0.0
yf_BGS_d7;44800;INTARIAN_PEPPER_ROOT;11868;24;11864;21;;;11874;25;11878;22;;;11871.0;0.0
yf_BGS_d7;44900;ASH_COATED_OSMIUM;9925;9;9923;10;;;9931;15;9935;12;;;9928.0;0.0
yf_BGS_d7;44900;INTARIAN_PEPPER_ROOT;11868;16;11865;16;;;11875;22;11878;17;;;11871.5;0.0
yf_BGS_d7;45000;ASH_COATED_OSMIUM;9907;13;9903;10;;;9950;18;9954;25;;;9928.5;0.0
yf_BGS_d7;45000;INTARIAN_PEPPER_ROOT;11868;20;11864;14;;;11878;25;11881;18;;;11873.0;0.0
yf_BGS_d7;45100;ASH_COATED_OSMIUM;9926;21;9924;12;;;9932;16;9934;30;;;9929.0;0.0
yf_BGS_d7;45100;INTARIAN_PEPPER_ROOT;11867;14;11865;17;;;11882;22;11886;16;;;11874.5;0.0
yf_BGS_d7;45200;ASH_COATED_OSMIUM;9917;21;9913;14;;;9941;18;9943;15;;;9929.0;0.0
yf_BGS_d7;45200;INTARIAN_PEPPER_ROOT;11873;24;11871;21;;;11879;12;11882;11;;;11876.0;0.0
yf_BGS_d7;45300;ASH_COATED_OSMIUM;9926;20;9923;19;;;9932;19;9936;35;;;9929.0;0.0
yf_BGS_d7;45300;INTARIAN_PEPPER_ROOT;11875;10;11872;22;;;11881;13;11885;16;;;11878.0;0.0
yf_BGS_d7;45400;ASH_COATED_OSMIUM;9921;5;9918;15;;;9935;9;9937;18;;;9928.0;0.0
yf_BGS_d7;45400;INTARIAN_PEPPER_ROOT;11874;10;11871;26;;;11884;5;11886;28;;;11879.0;0.0
yf_BGS_d7;45500;ASH_COATED_OSMIUM;9924;5;9920;13;;;9932;12;9936;19;;;9928.0;0.0
yf_BGS_d7;45500;INTARIAN_PEPPER_ROOT;11877;9;11874;20;;;11883;18;11886;20;;;11880.0;0.0
yf_BGS_d7;45600;ASH_COATED_OSMIUM;9925;11;9923;18;;;9931;17;9933;25;;;9928.0;0.0
yf_BGS_d7;45600;INTARIAN_PEPPER_ROOT;11866;27;11863;25;;;11897;5;11900;28;;;11881.5;0.0
yf_BGS_d7;45700;ASH_COATED_OSMIUM;9925;9;9922;17;;;9931;16;9935;19;;;9928.0;0.0
yf_BGS_d7;45700;INTARIAN_PEPPER_ROOT;11880;22;11876;22;;;11886;7;11889;19;;;11883.0;0.0
yf_BGS_d7;45800;ASH_COATED_OSMIUM;9926;17;9924;22;;;9932;13;9934;14;;;9929.0;0.0
yf_BGS_d7;45800;INTARIAN_PEPPER_ROOT;11881;16;11877;22;;;11887;18;11889;28;;;11884.0;0.0
yf_BGS_d7;45900;ASH_COATED_OSMIUM;9925;26;9923;19;;;9931;14;9934;18;;;9928.0;0.0
yf_BGS_d7;45900;INTARIAN_PEPPER_ROOT;11878;22;11876;21;;;11893;19;11897;19;;;11885.5;0.0
yf_BGS_d7;46000;ASH_COATED_OSMIUM;9926;19;9923;17;;;9932;26;9934;16;;;9929.0;0.0
yf_BGS_d7;46000;INTARIAN_PEPPER_ROOT;11884;7;11882;11;;;11890;15;11892;24;;;11887.0;0.0
yf_BGS_d7;46100;ASH_COATED_OSMIUM;9925;13;9921;19;;;9931;13;9934;13;;;9928.0;0.0
yf_BGS_d7;46100;INTARIAN_PEPPER_ROOT;11886;12;11884;23;;;11892;11;11896;21;;;11889.0;0.0
yf_BGS_d7;46200;ASH_COATED_OSMIUM;9923;15;9920;22;;;9934;16;9938;22;;;9928.5;0.0
yf_BGS_d7;46200;INTARIAN_PEPPER_ROOT;11886;13;11884;15;;;11894;10;11896;19;;;11890.0;0.0
yf_BGS_d7;46300;ASH_COATED_OSMIUM;9925;12;9921;13;;;9931;10;9935;18;;;9928.0;0.0
yf_BGS_d7;46300;INTARIAN_PEPPER_ROOT;11888;12;11885;22;;;11894;16;11898;22;;;11891.0;0.0
yf_BGS_d7;46400;ASH_COATED_OSMIUM;9915;19;9913;25;;;9942;10;9946;19;;;9928.5;0.0
yf_BGS_d7;46400;INTARIAN_PEPPER_ROOT;11889;6;11887;23;;;11895;16;11897;30;;;11892.0;0.0
yf_BGS_d7;46500;ASH_COATED_OSMIUM;9926;18;9923;17;;;9932;14;9934;29;;;9929.0;0.0
yf_BGS_d7;46500;INTARIAN_PEPPER_ROOT;11891;12;11887;15;;;11897;10;11899;14;;;11894.0;0.0
yf_BGS_d7;46600;ASH_COATED_OSMIUM;9922;14;9919;23;;;9936;19;9939;17;;;9929.0;0.0
yf_BGS_d7;46600;INTARIAN_PEPPER_ROOT;11888;10;11884;15;;;11904;15;11908;17;;;11896.0;0.0
yf_BGS_d7;46700;ASH_COATED_OSMIUM;9924;18;9921;19;;;9931;22;9934;16;;;9927.5;0.0
yf_BGS_d7;46700;INTARIAN_PEPPER_ROOT;11894;21;11892;10;;;11900;19;11902;14;;;11897.0;0.0
yf_BGS_d7;46800;ASH_COATED_OSMIUM;9925;8;9921;30;;;9931;8;9933;19;;;9928.0;0.0
yf_BGS_d7;46800;INTARIAN_PEPPER_ROOT;11889;12;11886;21;;;11907;14;11910;18;;;11898.0;0.0
yf_BGS_d7;46900;ASH_COATED_OSMIUM;9925;13;9922;29;;;9931;20;9934;25;;;9928.0;0.0
yf_BGS_d7;46900;INTARIAN_PEPPER_ROOT;11896;14;11894;21;;;11902;14;11905;10;;;11899.0;0.0
yf_BGS_d7;47000;ASH_COATED_OSMIUM;9926;20;9923;19;;;9932;13;9935;26;;;9929.0;0.0
yf_BGS_d7;47000;INTARIAN_PEPPER_ROOT;11898;28;11896;17;;;11904;19;11906;17;;;11901.0;0.0
yf_BGS_d7;47100;ASH_COATED_OSMIUM;9925;11;9923;17;;;9931;16;9933;25;;;9928.0;0.0
yf_BGS_d7;47100;INTARIAN_PEPPER_ROOT;11892;22;11889;18;;;11913;6;11915;21;;;11902.5;0.0
yf_BGS_d7;47200;ASH_COATED_OSMIUM;9925;17;9922;19;;;9931;18;9934;13;;;9928.0;0.0
yf_BGS_d7;47200;INTARIAN_PEPPER_ROOT;11901;10;11899;26;;;11907;9;11910;20;;;11904.0;0.0
yf_BGS_d7;47300;ASH_COATED_OSMIUM;9922;14;9920;25;;;9935;15;9938;19;;;9928.5;0.0
yf_BGS_d7;47300;INTARIAN_PEPPER_ROOT;11903;10;11901;28;;;11909;24;11911;20;;;11906.0;0.0
yf_BGS_d7;47400;ASH_COATED_OSMIUM;9925;16;9923;13;;;9931;6;9933;11;;;9928.0;0.0
yf_BGS_d7;47400;INTARIAN_PEPPER_ROOT;11903;16;11900;23;;;11911;21;11914;18;;;11907.0;0.0
yf_BGS_d7;47500;ASH_COATED_OSMIUM;9924;16;9922;24;;;9933;18;9936;31;;;9928.5;0.0
yf_BGS_d7;47500;INTARIAN_PEPPER_ROOT;11899;9;11897;18;;;11918;14;11921;26;;;11908.5;0.0
yf_BGS_d7;47600;ASH_COATED_OSMIUM;9921;14;9917;29;;;9936;12;9938;22;;;9928.5;0.0
yf_BGS_d7;47600;INTARIAN_PEPPER_ROOT;11892;23;11889;21;;;11927;15;11931;14;;;11909.5;0.0
yf_BGS_d7;47700;ASH_COATED_OSMIUM;9922;9;9918;21;;;9935;11;9937;11;;;9928.5;0.0
yf_BGS_d7;47700;INTARIAN_PEPPER_ROOT;11902;5;11898;22;;;11919;19;11922;15;;;11910.5;0.0
yf_BGS_d7;47800;ASH_COATED_OSMIUM;9925;13;9922;17;;;9931;12;9935;12;;;9928.0;0.0
yf_BGS_d7;47800;INTARIAN_PEPPER_ROOT;11909;10;11907;11;;;11915;19;11919;10;;;11912.0;0.0
yf_BGS_d7;47900;ASH_COATED_OSMIUM;9925;7;9923;21;;;9931;12;9935;22;;;9928.0;0.0
yf_BGS_d7;47900;INTARIAN_PEPPER_ROOT;11910;13;11908;23;;;11917;19;11921;21;;;11913.5;0.0
yf_BGS_d7;48000;ASH_COATED_OSMIUM;9925;11;9922;15;;;9931;19;9935;22;;;9928.0;0.0
yf_BGS_d7;48000;INTARIAN_PEPPER_ROOT;11912;6;11910;18;;;11918;17;11920;26;;;11915.0;0.0
yf_BGS_d7;48100;ASH_COATED_OSMIUM;9925;18;9922;23;;;9932;10;9935;16;;;9928.5;0.0
yf_BGS_d7;48100;INTARIAN_PEPPER_ROOT;11913;20;11910;21;;;11919;11;11922;26;;;11916.0;0.0
yf_BGS_d7;48200;ASH_COATED_OSMIUM;9923;15;9919;15;;;9933;19;9936;18;;;9928.0;0.0
yf_BGS_d7;48200;INTARIAN_PEPPER_ROOT;11914;21;11910;25;;;11920;19;11923;15;;;11917.0;0.0
yf_BGS_d7;48300;ASH_COATED_OSMIUM;9925;23;9922;17;;;9931;19;9933;23;;;9928.0;0.0
yf_BGS_d7;48300;INTARIAN_PEPPER_ROOT;11912;20;11910;12;;;11925;14;11928;11;;;11918.5;0.0
yf_BGS_d7;48400;ASH_COATED_OSMIUM;9924;16;9920;16;;;9931;10;9935;21;;;9927.5;0.0
yf_BGS_d7;48400;INTARIAN_PEPPER_ROOT;11917;13;11914;10;;;11923;7;11925;25;;;11920.0;0.0
yf_BGS_d7;48500;ASH_COATED_OSMIUM;9925;20;9922;24;;;9931;19;9934;17;;;9928.0;0.0
yf_BGS_d7;48500;INTARIAN_PEPPER_ROOT;11919;18;11916;22;;;11925;20;11928;17;;;11922.0;0.0
yf_BGS_d7;48600;ASH_COATED_OSMIUM;9925;19;9921;21;;;9931;10;9933;18;;;9928.0;0.0
yf_BGS_d7;48600;INTARIAN_PEPPER_ROOT;11915;16;11913;28;;;11932;23;11935;14;;;11923.5;0.0
yf_BGS_d7;48700;ASH_COATED_OSMIUM;9925;23;9921;24;;;9931;15;9933;18;;;9928.0;0.0
yf_BGS_d7;48700;INTARIAN_PEPPER_ROOT;11922;12;11920;19;;;11928;18;11930;21;;;11925.0;0.0
yf_BGS_d7;48800;ASH_COATED_OSMIUM;9925;18;9923;17;;;9931;16;9934;24;;;9928.0;0.0
yf_BGS_d7;48800;INTARIAN_PEPPER_ROOT;11913;11;11911;22;;;11938;9;11942;14;;;11925.5;0.0
yf_BGS_d7;48900;ASH_COATED_OSMIUM;9923;12;9920;26;;;9933;14;9937;26;;;9928.0;0.0
yf_BGS_d7;48900;INTARIAN_PEPPER_ROOT;11923;5;11919;21;;;11931;15;11935;18;;;11927.0;0.0
yf_BGS_d7;49000;ASH_COATED_OSMIUM;9922;11;9918;26;;;9936;19;9938;24;;;9929.0;0.0
yf_BGS_d7;49000;INTARIAN_PEPPER_ROOT;11926;9;11924;23;;;11932;8;11936;16;;;11929.0;0.0
yf_BGS_d7;49100;ASH_COATED_OSMIUM;9925;7;9923;15;;;9931;12;9935;31;;;9928.0;0.0
yf_BGS_d7;49100;INTARIAN_PEPPER_ROOT;11927;20;11923;18;;;11933;17;11935;15;;;11930.0;0.0
yf_BGS_d7;49200;ASH_COATED_OSMIUM;9911;8;9907;19;;;9945;21;9949;13;;;9928.0;0.0
yf_BGS_d7;49200;INTARIAN_PEPPER_ROOT;11929;13;11927;8;;;11935;18;11938;24;;;11932.0;0.0
yf_BGS_d7;49300;ASH_COATED_OSMIUM;9915;5;9913;23;;;9942;11;9946;30;;;9928.5;0.0
yf_BGS_d7;49300;INTARIAN_PEPPER_ROOT;11926;11;11924;14;;;11939;19;11943;16;;;11932.5;0.0
yf_BGS_d7;49400;ASH_COATED_OSMIUM;9925;7;9923;13;;;9932;20;9934;26;;;9928.5;0.0
yf_BGS_d7;49400;INTARIAN_PEPPER_ROOT;11927;17;11923;20;;;11941;15;11943;13;;;11934.0;0.0
yf_BGS_d7;49500;ASH_COATED_OSMIUM;9925;10;9923;22;;;9931;7;9933;16;;;9928.0;0.0
yf_BGS_d7;49500;INTARIAN_PEPPER_ROOT;11931;16;11927;21;;;11941;14;11943;29;;;11936.0;0.0
yf_BGS_d7;49600;ASH_COATED_OSMIUM;9925;21;9921;24;;;9931;12;9935;14;;;9928.0;0.0
yf_BGS_d7;49600;INTARIAN_PEPPER_ROOT;11934;11;11930;24;;;11940;13;11943;14;;;11937.0;0.0
yf_BGS_d7;49700;ASH_COATED_OSMIUM;9914;13;9910;28;;;9942;16;9944;27;;;9928.0;0.0
yf_BGS_d7;49700;INTARIAN_PEPPER_ROOT;11930;12;11928;18;;;11946;22;11949;14;;;11938.0;0.0
yf_BGS_d7;49800;ASH_COATED_OSMIUM;9923;15;9921;15;;;9934;12;9936;26;;;9928.5;0.0
yf_BGS_d7;49800;INTARIAN_PEPPER_ROOT;11936;28;11934;17;;;11943;9;11945;16;;;11939.5;0.0
yf_BGS_d7;49900;ASH_COATED_OSMIUM;9925;14;9922;20;;;9931;9;9935;23;;;9928.0;0.0
yf_BGS_d7;49900;INTARIAN_PEPPER_ROOT;11936;5;11933;19;;;11947;9;11951;24;;;11941.5;0.0
yf_BGS_d7;50000;ASH_COATED_OSMIUM;9925;14;9921;30;;;9931;17;9935;18;;;9928.0;0.0
yf_BGS_d7;50000;INTARIAN_PEPPER_ROOT;11927;5;11924;13;;;11957;17;11960;21;;;11942.0;0.0
yf_BGS_d7;50100;ASH_COATED_OSMIUM;9925;18;9921;24;;;9931;13;9934;25;;;9928.0;0.0
yf_BGS_d7;50100;INTARIAN_PEPPER_ROOT;11941;15;11939;21;;;11947;15;11949;22;;;11944.0;0.0
yf_BGS_d7;50200;ASH_COATED_OSMIUM;9925;8;9923;16;;;9931;22;9934;8;;;9928.0;0.0
yf_BGS_d7;50200;INTARIAN_PEPPER_ROOT;11931;16;11929;22;;;11959;12;11963;21;;;11945.0;0.0
yf_BGS_d7;50300;ASH_COATED_OSMIUM;9925;10;9922;15;;;9931;12;9933;12;;;9928.0;0.0
yf_BGS_d7;50300;INTARIAN_PEPPER_ROOT;11944;7;11941;18;;;11950;13;11953;19;;;11947.0;0.0
yf_BGS_d7;50400;ASH_COATED_OSMIUM;9921;13;9919;26;;;9935;8;9937;23;;;9928.0;0.0
yf_BGS_d7;50400;INTARIAN_PEPPER_ROOT;11945;13;11941;22;;;11951;15;11955;23;;;11948.0;0.0
yf_BGS_d7;50500;ASH_COATED_OSMIUM;9922;14;9918;18;;;9934;11;9938;14;;;9928.0;0.0
yf_BGS_d7;50500;INTARIAN_PEPPER_ROOT;11947;19;11944;8;;;11953;20;11957;23;;;11950.0;0.0
yf_BGS_d7;50600;ASH_COATED_OSMIUM;9925;18;9922;26;;;9931;21;9934;14;;;9928.0;0.0
yf_BGS_d7;50600;INTARIAN_PEPPER_ROOT;11944;21;11942;23;;;11957;13;11959;16;;;11950.5;0.0
yf_BGS_d7;50700;ASH_COATED_OSMIUM;9925;18;9922;19;;;9931;22;9935;19;;;9928.0;0.0
yf_BGS_d7;50700;INTARIAN_PEPPER_ROOT;11949;17;11945;20;;;11955;16;11957;15;;;11952.0;0.0
yf_BGS_d7;50800;ASH_COATED_OSMIUM;9925;12;9921;18;;;9931;9;9935;15;;;9928.0;0.0
yf_BGS_d7;50800;INTARIAN_PEPPER_ROOT;11951;18;11948;16;;;11957;11;11960;22;;;11954.0;0.0
yf_BGS_d7;50900;ASH_COATED_OSMIUM;9921;16;9917;15;;;9933;21;9936;24;;;9927.0;0.0
yf_BGS_d7;50900;INTARIAN_PEPPER_ROOT;11952;14;11948;28;;;11958;13;11961;8;;;11955.0;0.0
yf_BGS_d7;51000;ASH_COATED_OSMIUM;9925;24;9922;18;;;9931;18;9935;19;;;9928.0;0.0
yf_BGS_d7;51000;INTARIAN_PEPPER_ROOT;11951;17;11948;20;;;11959;7;11963;26;;;11955.0;0.0
yf_BGS_d7;51100;ASH_COATED_OSMIUM;9925;14;9921;23;;;9931;15;9934;20;;;9928.0;0.0
yf_BGS_d7;51100;INTARIAN_PEPPER_ROOT;11952;11;11949;12;;;11958;19;11962;22;;;11955.0;0.0
yf_BGS_d7;51200;ASH_COATED_OSMIUM;9923;19;9919;23;;;9933;15;9935;28;;;9928.0;0.0
yf_BGS_d7;51200;INTARIAN_PEPPER_ROOT;11953;17;11951;11;;;11959;18;11963;11;;;11956.0;0.0
yf_BGS_d7;51300;ASH_COATED_OSMIUM;9925;19;9923;17;;;9931;10;9935;21;;;9928.0;0.0
yf_BGS_d7;51300;INTARIAN_PEPPER_ROOT;11953;11;11949;19;;;11959;13;11962;20;;;11956.0;0.0
yf_BGS_d7;51400;ASH_COATED_OSMIUM;9925;11;9921;18;;;9931;12;9935;18;;;9928.0;0.0
yf_BGS_d7;51400;INTARIAN_PEPPER_ROOT;11951;15;11948;23;;;11961;13;11964;22;;;11956.0;0.0
yf_BGS_d7;51500;ASH_COATED_OSMIUM;9926;16;9924;21;;;9932;14;9936;11;;;9929.0;0.0
yf_BGS_d7;51500;INTARIAN_PEPPER_ROOT;11953;18;11949;19;;;11959;18;11961;17;;;11956.0;0.0
yf_BGS_d7;51600;ASH_COATED_OSMIUM;9922;6;9920;22;;;9934;5;9936;19;;;9928.0;0.0
yf_BGS_d7;51600;INTARIAN_PEPPER_ROOT;11948;18;11945;28;;;11965;16;11967;14;;;11956.5;0.0
yf_BGS_d7;51700;ASH_COATED_OSMIUM;9922;16;9919;23;;;9935;13;9939;8;;;9928.5;0.0
yf_BGS_d7;51700;INTARIAN_PEPPER_ROOT;11954;10;11951;19;;;11960;19;11962;17;;;11957.0;0.0
yf_BGS_d7;51800;ASH_COATED_OSMIUM;9925;15;9922;16;;;9932;9;9935;9;;;9928.5;0.0
yf_BGS_d7;51800;INTARIAN_PEPPER_ROOT;11955;14;11953;22;;;11961;13;11965;22;;;11958.0;0.0
yf_BGS_d7;51900;ASH_COATED_OSMIUM;9925;15;9923;26;;;9931;16;9933;15;;;9928.0;0.0
yf_BGS_d7;51900;INTARIAN_PEPPER_ROOT;11955;17;11951;18;;;11961;24;11963;24;;;11958.0;0.0
yf_BGS_d7;52000;ASH_COATED_OSMIUM;9925;14;9923;21;;;9931;16;9935;23;;;9928.0;0.0
yf_BGS_d7;52000;INTARIAN_PEPPER_ROOT;11956;16;11953;12;;;11962;15;11965;24;;;11959.0;0.0
yf_BGS_d7;52100;ASH_COATED_OSMIUM;9925;23;9922;19;;;9931;16;9933;24;;;9928.0;0.0
yf_BGS_d7;52100;INTARIAN_PEPPER_ROOT;11954;15;11952;21;;;11963;15;11967;20;;;11958.5;0.0
yf_BGS_d7;52200;ASH_COATED_OSMIUM;9926;18;9924;14;;;9932;21;9934;20;;;9929.0;0.0
yf_BGS_d7;52200;INTARIAN_PEPPER_ROOT;11942;11;11939;17;;;11976;20;11978;16;;;11959.0;0.0
yf_BGS_d7;52300;ASH_COATED_OSMIUM;9925;18;9921;15;;;9931;17;9935;23;;;9928.0;0.0
yf_BGS_d7;52300;INTARIAN_PEPPER_ROOT;11956;23;11953;20;;;11962;10;11965;22;;;11959.0;0.0
yf_BGS_d7;52400;ASH_COATED_OSMIUM;9926;10;9922;21;;;9932;18;9935;35;;;9929.0;0.0
yf_BGS_d7;52400;INTARIAN_PEPPER_ROOT;11956;15;11952;27;;;11963;26;11967;17;;;11959.5;0.0
yf_BGS_d7;52500;ASH_COATED_OSMIUM;9926;23;9924;26;;;9932;18;9936;25;;;9929.0;0.0
yf_BGS_d7;52500;INTARIAN_PEPPER_ROOT;11957;12;11953;21;;;11963;13;11965;25;;;11960.0;0.0
yf_BGS_d7;52600;ASH_COATED_OSMIUM;9924;19;9920;17;;;9932;25;9935;15;;;9928.0;0.0
yf_BGS_d7;52600;INTARIAN_PEPPER_ROOT;11952;13;11948;19;;;11970;11;11974;16;;;11961.0;0.0
yf_BGS_d7;52700;ASH_COATED_OSMIUM;9926;18;9923;20;;;9932;14;9934;20;;;9929.0;0.0
yf_BGS_d7;52700;INTARIAN_PEPPER_ROOT;11956;20;11954;22;;;11966;14;11970;19;;;11961.0;0.0
yf_BGS_d7;52800;ASH_COATED_OSMIUM;9925;20;9921;13;;;9931;12;9934;16;;;9928.0;0.0
yf_BGS_d7;52800;INTARIAN_PEPPER_ROOT;11954;7;11951;25;;;11970;11;11974;20;;;11962.0;0.0
yf_BGS_d7;52900;ASH_COATED_OSMIUM;9924;17;9920;21;;;9934;18;9938;18;;;9929.0;0.0
yf_BGS_d7;52900;INTARIAN_PEPPER_ROOT;11957;15;11954;28;;;11966;19;11970;22;;;11961.5;0.0
yf_BGS_d7;53000;ASH_COATED_OSMIUM;9925;14;9922;14;;;9931;18;9933;29;;;9928.0;0.0
yf_BGS_d7;53000;INTARIAN_PEPPER_ROOT;11959;12;11956;18;;;11965;12;11969;18;;;11962.0;0.0
yf_BGS_d7;53100;ASH_COATED_OSMIUM;9921;8;9918;13;;;9936;9;9939;19;;;9928.5;0.0
yf_BGS_d7;53100;INTARIAN_PEPPER_ROOT;11959;20;11955;14;;;11965;21;11968;25;;;11962.0;0.0
yf_BGS_d7;53200;ASH_COATED_OSMIUM;9919;27;9916;18;;;9938;16;9942;16;;;9928.5;0.0
yf_BGS_d7;53200;INTARIAN_PEPPER_ROOT;11960;16;11957;19;;;11966;18;11969;19;;;11963.0;0.0
yf_BGS_d7;53300;ASH_COATED_OSMIUM;9926;12;9923;15;;;9932;16;9935;15;;;9929.0;0.0
yf_BGS_d7;53300;INTARIAN_PEPPER_ROOT;11954;7;11952;21;;;11972;12;11974;22;;;11963.0;0.0
yf_BGS_d7;53400;ASH_COATED_OSMIUM;9926;16;9923;24;;;9932;11;9936;19;;;9929.0;0.0
yf_BGS_d7;53400;INTARIAN_PEPPER_ROOT;11960;12;11957;22;;;11966;7;11969;21;;;11963.0;0.0
yf_BGS_d7;53500;ASH_COATED_OSMIUM;9925;22;9922;24;;;9933;9;9937;21;;;9929.0;0.0
yf_BGS_d7;53500;INTARIAN_PEPPER_ROOT;11961;16;11958;24;;;11967;5;11971;30;;;11964.0;0.0
yf_BGS_d7;53600;ASH_COATED_OSMIUM;9925;16;9923;15;;;9931;19;9935;19;;;9928.0;0.0
yf_BGS_d7;53600;INTARIAN_PEPPER_ROOT;11961;17;11958;23;;;11967;10;11970;28;;;11964.0;0.0
yf_BGS_d7;53700;ASH_COATED_OSMIUM;9926;8;9922;18;;;9932;17;9935;17;;;9929.0;0.0
yf_BGS_d7;53700;INTARIAN_PEPPER_ROOT;11960;14;11957;13;;;11969;20;11972;21;;;11964.5;0.0
yf_BGS_d7;53800;ASH_COATED_OSMIUM;9925;18;9921;19;;;9933;14;9935;14;;;9929.0;0.0
yf_BGS_d7;53800;INTARIAN_PEPPER_ROOT;11962;11;11959;21;;;11968;5;11970;15;;;11965.0;0.0
yf_BGS_d7;53900;ASH_COATED_OSMIUM;9920;13;9918;29;;;9939;18;9943;16;;;9929.5;0.0
yf_BGS_d7;53900;INTARIAN_PEPPER_ROOT;11962;22;11958;21;;;11968;13;11971;23;;;11965.0;0.0
yf_BGS_d7;54000;ASH_COATED_OSMIUM;9927;5;9923;17;;;9933;22;9935;15;;;9930.0;0.0
yf_BGS_d7;54000;INTARIAN_PEPPER_ROOT;11963;20;11961;21;;;11969;22;11971;8;;;11966.0;0.0
yf_BGS_d7;54100;ASH_COATED_OSMIUM;9926;18;9922;22;;;9932;17;9936;30;;;9929.0;0.0
yf_BGS_d7;54100;INTARIAN_PEPPER_ROOT;11963;10;11960;28;;;11969;16;11972;26;;;11966.0;0.0
yf_BGS_d7;54200;ASH_COATED_OSMIUM;9925;9;9923;18;;;9935;5;9938;16;;;9930.0;0.0
yf_BGS_d7;54200;INTARIAN_PEPPER_ROOT;11962;17;11959;24;;;11971;17;11975;14;;;11966.5;0.0
yf_BGS_d7;54300;ASH_COATED_OSMIUM;9926;19;9922;11;;;9933;12;9935;24;;;9929.5;0.0
yf_BGS_d7;54300;INTARIAN_PEPPER_ROOT;11964;17;11960;21;;;11970;14;11974;20;;;11967.0;0.0
yf_BGS_d7;54400;ASH_COATED_OSMIUM;9922;14;9919;20;;;9938;11;9940;16;;;9930.0;0.0
yf_BGS_d7;54400;INTARIAN_PEPPER_ROOT;11964;13;11960;21;;;11970;14;11972;17;;;11967.0;0.0
yf_BGS_d7;54500;ASH_COATED_OSMIUM;9926;18;9923;22;;;9932;14;9935;24;;;9929.0;0.0
yf_BGS_d7;54500;INTARIAN_PEPPER_ROOT;11964;16;11962;30;;;11971;9;11974;13;;;11967.5;0.0
yf_BGS_d7;54600;ASH_COATED_OSMIUM;9925;12;9921;15;;;9934;10;9936;24;;;9929.5;0.0
yf_BGS_d7;54600;INTARIAN_PEPPER_ROOT;11961;22;11959;16;;;11974;10;11978;23;;;11967.5;0.0
yf_BGS_d7;54700;ASH_COATED_OSMIUM;9922;17;9920;14;;;9937;14;9941;19;;;9929.5;0.0
yf_BGS_d7;54700;INTARIAN_PEPPER_ROOT;11966;10;11962;22;;;11972;19;11975;15;;;11969.0;0.0
yf_BGS_d7;54800;ASH_COATED_OSMIUM;9923;13;9921;13;;;9937;18;9941;20;;;9930.0;0.0
yf_BGS_d7;54800;INTARIAN_PEPPER_ROOT;11965;13;11961;21;;;11971;5;11975;22;;;11968.0;0.0
yf_BGS_d7;54900;ASH_COATED_OSMIUM;9922;21;9920;21;;;9937;15;9940;14;;;9929.5;0.0
yf_BGS_d7;54900;INTARIAN_PEPPER_ROOT;11956;14;11954;15;;;11981;10;11983;20;;;11968.5;0.0
yf_BGS_d7;55000;ASH_COATED_OSMIUM;9927;9;9924;27;;;9933;5;9936;14;;;9930.0;0.0
yf_BGS_d7;55000;INTARIAN_PEPPER_ROOT;11966;15;11964;28;;;11972;20;11974;20;;;11969.0;0.0
yf_BGS_d7;55100;ASH_COATED_OSMIUM;9925;12;9923;14;;;9933;20;9936;22;;;9929.0;0.0
yf_BGS_d7;55100;INTARIAN_PEPPER_ROOT;11967;23;11965;19;;;11973;14;11977;11;;;11970.0;0.0
yf_BGS_d7;55200;ASH_COATED_OSMIUM;9913;12;9909;15;;;9945;19;9947;21;;;9929.0;0.0
yf_BGS_d7;55200;INTARIAN_PEPPER_ROOT;11966;22;11964;16;;;11974;10;11978;15;;;11970.0;0.0
yf_BGS_d7;55300;ASH_COATED_OSMIUM;9924;12;9920;34;;;9936;15;9938;13;;;9930.0;0.0
yf_BGS_d7;55300;INTARIAN_PEPPER_ROOT;11968;16;11964;19;;;11974;16;11976;18;;;11971.0;0.0
yf_BGS_d7;55400;ASH_COATED_OSMIUM;9926;21;9924;18;;;9932;12;9934;18;;;9929.0;0.0
yf_BGS_d7;55400;INTARIAN_PEPPER_ROOT;11968;9;11966;22;;;11974;10;11976;18;;;11971.0;0.0
yf_BGS_d7;55500;ASH_COATED_OSMIUM;9923;10;9921;17;;;9937;14;9940;23;;;9930.0;0.0
yf_BGS_d7;55500;INTARIAN_PEPPER_ROOT;11968;16;11966;8;;;11974;22;11976;21;;;11971.0;0.0
yf_BGS_d7;55600;ASH_COATED_OSMIUM;9927;15;9923;27;;;9933;21;9935;23;;;9930.0;0.0
yf_BGS_d7;55600;INTARIAN_PEPPER_ROOT;11968;13;11964;9;;;11976;18;11980;27;;;11972.0;0.0
yf_BGS_d7;55700;ASH_COATED_OSMIUM;9926;20;9924;16;;;9933;15;9937;17;;;9929.5;0.0
yf_BGS_d7;55700;INTARIAN_PEPPER_ROOT;11967;17;11963;18;;;11976;19;11980;21;;;11971.5;0.0
yf_BGS_d7;55800;ASH_COATED_OSMIUM;9926;7;9923;11;;;9932;16;9936;22;;;9929.0;0.0
yf_BGS_d7;55800;INTARIAN_PEPPER_ROOT;11969;18;11966;24;;;11976;12;11979;19;;;11972.5;0.0
yf_BGS_d7;55900;ASH_COATED_OSMIUM;9927;11;9925;18;;;9934;11;9936;25;;;9930.5;0.0
yf_BGS_d7;55900;INTARIAN_PEPPER_ROOT;11969;23;11965;22;;;11975;16;11979;21;;;11972.0;0.0
yf_BGS_d7;56000;ASH_COATED_OSMIUM;9927;13;9925;18;;;9933;9;9936;18;;;9930.0;0.0
yf_BGS_d7;56000;INTARIAN_PEPPER_ROOT;11970;13;11967;19;;;11976;8;11979;23;;;11973.0;0.0
yf_BGS_d7;56100;ASH_COATED_OSMIUM;9927;12;9925;13;;;9933;14;9935;26;;;9930.0;0.0
yf_BGS_d7;56100;INTARIAN_PEPPER_ROOT;11970;16;11967;25;;;11976;20;11979;17;;;11973.0;0.0
yf_BGS_d7;56200;ASH_COATED_OSMIUM;9915;8;9912;15;;;9945;17;9949;10;;;9930.0;0.0
yf_BGS_d7;56200;INTARIAN_PEPPER_ROOT;11971;22;11967;18;;;11977;18;11981;18;;;11974.0;0.0
yf_BGS_d7;56300;ASH_COATED_OSMIUM;9921;27;9917;19;;;9939;18;9942;19;;;9930.0;0.0
yf_BGS_d7;56300;INTARIAN_PEPPER_ROOT;11971;12;11967;26;;;11977;15;11980;27;;;11974.0;0.0
yf_BGS_d7;56400;ASH_COATED_OSMIUM;9927;17;9924;26;;;9933;18;9936;28;;;9930.0;0.0
yf_BGS_d7;56400;INTARIAN_PEPPER_ROOT;11970;10;11966;13;;;11979;11;11982;22;;;11974.5;0.0
yf_BGS_d7;56500;ASH_COATED_OSMIUM;9927;11;9923;20;;;9933;11;9937;29;;;9930.0;0.0
yf_BGS_d7;56500;INTARIAN_PEPPER_ROOT;11970;11;11967;23;;;11979;8;11982;10;;;11974.5;0.0
yf_BGS_d7;56600;ASH_COATED_OSMIUM;9927;12;9923;24;;;9933;14;9937;15;;;9930.0;0.0
yf_BGS_d7;56600;INTARIAN_PEPPER_ROOT;11972;23;11968;17;;;11978;16;11982;19;;;11975.0;0.0
yf_BGS_d7;56700;ASH_COATED_OSMIUM;9927;14;9924;24;;;9933;12;9937;22;;;9930.0;0.0
yf_BGS_d7;56700;INTARIAN_PEPPER_ROOT;11965;11;11962;24;;;11985;17;11989;17;;;11975.0;0.0
yf_BGS_d7;56800;ASH_COATED_OSMIUM;9926;8;9923;18;;;9935;17;9939;31;;;9930.5;0.0
yf_BGS_d7;56800;INTARIAN_PEPPER_ROOT;11969;22;11965;11;;;11982;12;11985;16;;;11975.5;0.0
yf_BGS_d7;56900;ASH_COATED_OSMIUM;9916;7;9913;16;;;9944;16;9947;24;;;9930.0;0.0
yf_BGS_d7;56900;INTARIAN_PEPPER_ROOT;11970;16;11967;12;;;11983;6;11986;17;;;11976.5;0.0
yf_BGS_d7;57000;ASH_COATED_OSMIUM;9927;11;9924;8;;;9933;16;9936;17;;;9930.0;0.0
yf_BGS_d7;57000;INTARIAN_PEPPER_ROOT;11973;22;11969;22;;;11979;14;11983;16;;;11976.0;0.0
yf_BGS_d7;57100;ASH_COATED_OSMIUM;9927;13;9924;14;;;9933;19;9937;22;;;9930.0;0.0
yf_BGS_d7;57100;INTARIAN_PEPPER_ROOT;11970;23;11966;28;;;11984;25;11987;16;;;11977.0;0.0
yf_BGS_d7;57200;ASH_COATED_OSMIUM;9916;9;9914;16;;;9944;13;9946;10;;;9930.0;0.0
yf_BGS_d7;57200;INTARIAN_PEPPER_ROOT;11974;10;11972;25;;;11980;13;11982;24;;;11977.0;0.0
yf_BGS_d7;57300;ASH_COATED_OSMIUM;9925;14;9922;20;;;9935;9;9938;30;;;9930.0;0.0
yf_BGS_d7;57300;INTARIAN_PEPPER_ROOT;11970;23;11966;21;;;11986;7;11989;17;;;11978.0;0.0
yf_BGS_d7;57400;ASH_COATED_OSMIUM;9926;15;9923;17;;;9935;10;9939;20;;;9930.5;0.0
yf_BGS_d7;57400;INTARIAN_PEPPER_ROOT;11975;7;11972;13;;;11981;17;11984;20;;;11978.0;0.0
yf_BGS_d7;57500;ASH_COATED_OSMIUM;9918;15;9915;28;;;9943;24;9945;26;;;9930.5;0.0
yf_BGS_d7;57500;INTARIAN_PEPPER_ROOT;11975;11;11971;18;;;11981;8;11983;27;;;11978.0;0.0
yf_BGS_d7;57600;ASH_COATED_OSMIUM;9927;15;9924;22;;;9933;12;9935;21;;;9930.0;0.0
yf_BGS_d7;57600;INTARIAN_PEPPER_ROOT;11970;16;11966;12;;;11988;7;11992;22;;;11979.0;0.0
yf_BGS_d7;57700;ASH_COATED_OSMIUM;9926;15;9922;14;;;9932;29;9935;19;;;9929.0;0.0
yf_BGS_d7;57700;INTARIAN_PEPPER_ROOT;11970;19;11967;14;;;11988;22;11992;19;;;11979.0;0.0
yf_BGS_d7;57800;ASH_COATED_OSMIUM;9927;16;9925;26;;;9933;20;9937;28;;;9930.0;0.0
yf_BGS_d7;57800;INTARIAN_PEPPER_ROOT;11976;15;11972;14;;;11983;15;11985;23;;;11979.5;0.0
yf_BGS_d7;57900;ASH_COATED_OSMIUM;9927;14;9924;25;;;9933;5;9937;12;;;9930.0;0.0
yf_BGS_d7;57900;INTARIAN_PEPPER_ROOT;11977;17;11973;20;;;11983;15;11987;16;;;11980.0;0.0
yf_BGS_d7;58000;ASH_COATED_OSMIUM;9926;20;9923;22;;;9935;10;9939;17;;;9930.5;0.0
yf_BGS_d7;58000;INTARIAN_PEPPER_ROOT;11977;13;11974;21;;;11983;11;11986;18;;;11980.0;0.0
yf_BGS_d7;58100;ASH_COATED_OSMIUM;9928;8;9925;17;;;9934;19;9937;21;;;9931.0;0.0
yf_BGS_d7;58100;INTARIAN_PEPPER_ROOT;11978;30;11976;21;;;11984;14;11988;20;;;11981.0;0.0
yf_BGS_d7;58200;ASH_COATED_OSMIUM;9922;19;9919;8;;;9940;9;9943;31;;;9931.0;0.0
yf_BGS_d7;58200;INTARIAN_PEPPER_ROOT;11978;21;11976;15;;;11984;11;11986;21;;;11981.0;0.0
yf_BGS_d7;58300;ASH_COATED_OSMIUM;9925;18;9923;13;;;9936;22;9939;23;;;9930.5;0.0
yf_BGS_d7;58300;INTARIAN_PEPPER_ROOT;11978;5;11974;26;;;11984;17;11986;14;;;11981.0;0.0
yf_BGS_d7;58400;ASH_COATED_OSMIUM;9927;17;9925;13;;;9933;8;9935;26;;;9930.0;0.0
yf_BGS_d7;58400;INTARIAN_PEPPER_ROOT;11978;16;11975;10;;;11984;21;11988;26;;;11981.0;0.0
yf_BGS_d7;58500;ASH_COATED_OSMIUM;9922;14;9920;13;;;9939;19;9941;20;;;9930.5;0.0
yf_BGS_d7;58500;INTARIAN_PEPPER_ROOT;11976;12;11972;20;;;11989;10;11993;24;;;11982.5;0.0
yf_BGS_d7;58600;ASH_COATED_OSMIUM;9927;8;9925;20;;;9933;15;9935;26;;;9930.0;0.0
yf_BGS_d7;58600;INTARIAN_PEPPER_ROOT;11980;25;11978;9;;;11986;16;11989;22;;;11983.0;0.0
yf_BGS_d7;58700;ASH_COATED_OSMIUM;9927;15;9923;18;;;9934;15;9937;27;;;9930.5;0.0
yf_BGS_d7;58700;INTARIAN_PEPPER_ROOT;11979;10;11977;19;;;11987;12;11990;23;;;11983.0;0.0
yf_BGS_d7;58800;ASH_COATED_OSMIUM;9928;15;9924;18;;;9934;11;9936;30;;;9931.0;0.0
yf_BGS_d7;58800;INTARIAN_PEPPER_ROOT;11980;17;11977;22;;;11986;20;11989;15;;;11983.0;0.0
yf_BGS_d7;58900;ASH_COATED_OSMIUM;9927;20;9924;21;;;9935;13;9937;23;;;9931.0;0.0
yf_BGS_d7;58900;INTARIAN_PEPPER_ROOT;11979;25;11977;17;;;11986;11;11988;16;;;11982.5;0.0
yf_BGS_d7;59000;ASH_COATED_OSMIUM;9928;18;9926;14;;;9934;13;9936;19;;;9931.0;0.0
