day;timestamp;product;bid_price_1;bid_volume_1;bid_price_2;bid_volume_2;bid_price_3;bid_volume_3;ask_price_1;ask_volume_1;ask_price_2;ask_volume_2;ask_price_3;ask_volume_3;mid_price;profit_and_loss
yf_ZS=F_d5;0;ASH_COATED_OSMIUM;9908;23;9905;22;;;9914;15;9918;18;;;9911.0;0.0
yf_ZS=F_d5;0;INTARIAN_PEPPER_ROOT;11403;8;11401;20;;;11421;19;11425;18;;;11412.0;0.0
yf_ZS=F_d5;100;ASH_COATED_OSMIUM;9908;9;9906;26;;;9914;8;9917;28;;;9911.0;0.0
yf_ZS=F_d5;100;INTARIAN_PEPPER_ROOT;11407;15;11405;25;;;11413;19;11416;16;;;11410.0;0.0
yf_ZS=F_d5;200;ASH_COATED_OSMIUM;9903;5;9900;17;;;9920;15;9923;19;;;9911.5;0.0
yf_ZS=F_d5;200;INTARIAN_PEPPER_ROOT;11405;13;11402;30;;;11411;22;11415;23;;;11408.0;0.0
yf_ZS=F_d5;300;ASH_COATED_OSMIUM;9909;13;9905;23;;;9915;19;9917;24;;;9912.0;0.0
yf_ZS=F_d5;300;INTARIAN_PEPPER_ROOT;11404;11;11400;10;;;11410;10;11414;19;;;11407.0;0.0
yf_ZS=F_d5;400;ASH_COATED_OSMIUM;9901;5;9899;28;;;9923;14;9927;21;;;9912.0;0.0
yf_ZS=F_d5;400;INTARIAN_PEPPER_ROOT;11396;19;11393;22;;;11414;17;11418;22;;;11405.0;0.0
yf_ZS=F_d5;500;ASH_COATED_OSMIUM;9909;8;9905;22;;;9915;15;9918;23;;;9912.0;0.0
yf_ZS=F_d5;500;INTARIAN_PEPPER_ROOT;11397;16;11393;18;;;11411;12;11413;23;;;11404.0;0.0
yf_ZS=F_d5;600;ASH_COATED_OSMIUM;9909;17;9906;31;;;9915;20;9919;19;;;9912.0;0.0
yf_ZS=F_d5;600;INTARIAN_PEPPER_ROOT;11390;10;11388;20;;;11414;9;11416;23;;;11402.0;0.0
yf_ZS=F_d5;700;ASH_COATED_OSMIUM;9909;18;9905;30;;;9915;8;9919;15;;;9912.0;0.0
yf_ZS=F_d5;700;INTARIAN_PEPPER_ROOT;11392;18;11388;19;;;11407;11;11409;26;;;11399.5;0.0
yf_ZS=F_d5;800;ASH_COATED_OSMIUM;9905;16;9901;29;;;9918;10;9921;19;;;9911.5;0.0
yf_ZS=F_d5;800;INTARIAN_PEPPER_ROOT;11389;14;11386;18;;;11407;20;11409;21;;;11398.0;0.0
yf_ZS=F_d5;900;ASH_COATED_OSMIUM;9909;19;9907;25;;;9915;18;9919;19;;;9912.0;0.0
yf_ZS=F_d5;900;INTARIAN_PEPPER_ROOT;11383;17;11379;15;;;11411;19;11413;20;;;11397.0;0.0
yf_ZS=F_d5;1000;ASH_COATED_OSMIUM;9909;5;9906;17;;;9915;14;9919;20;;;9912.0;0.0
yf_ZS=F_d5;1000;INTARIAN_PEPPER_ROOT;11385;15;11383;15;;;11406;16;11408;21;;;11395.5;0.0
yf_ZS=F_d5;1100;ASH_COATED_OSMIUM;9907;22;9904;25;;;9918;17;9920;14;;;9912.5;0.0
yf_ZS=F_d5;1100;INTARIAN_PEPPER_ROOT;11391;14;11388;13;;;11397;15;11399;20;;;11394.0;0.0
yf_ZS=F_d5;1200;ASH_COATED_OSMIUM;9893;23;9889;20;;;9931;10;9933;26;;;9912.0;0.0
yf_ZS=F_d5;1200;INTARIAN_PEPPER_ROOT;11390;17;11387;22;;;11396;11;11400;21;;;11393.0;0.0
yf_ZS=F_d5;1300;ASH_COATED_OSMIUM;9908;18;9905;19;;;9917;5;9920;30;;;9912.5;0.0
yf_ZS=F_d5;1300;INTARIAN_PEPPER_ROOT;11387;16;11385;21;;;11396;9;11398;19;;;11391.5;0.0
yf_ZS=F_d5;1400;ASH_COATED_OSMIUM;9910;9;9907;20;;;9916;20;9919;18;;;9913.0;0.0
yf_ZS=F_d5;1400;INTARIAN_PEPPER_ROOT;11386;9;11382;24;;;11392;8;11395;24;;;11389.0;0.0
yf_ZS=F_d5;1500;ASH_COATED_OSMIUM;9909;16;9907;14;;;9917;13;9919;18;;;9913.0;0.0
yf_ZS=F_d5;1500;INTARIAN_PEPPER_ROOT;11384;18;11382;15;;;11390;18;11392;25;;;11387.0;0.0
yf_ZS=F_d5;1600;ASH_COATED_OSMIUM;9909;11;9906;28;;;9915;18;9919;22;;;9912.0;0.0
yf_ZS=F_d5;1600;INTARIAN_PEPPER_ROOT;11383;9;11381;19;;;11389;23;11393;19;;;11386.0;0.0
yf_ZS=F_d5;1700;ASH_COATED_OSMIUM;9910;9;9906;22;;;9916;16;9918;20;;;9913.0;0.0
yf_ZS=F_d5;1700;INTARIAN_PEPPER_ROOT;11377;19;11375;19;;;11391;10;11394;12;;;11384.0;0.0
yf_ZS=F_d5;1800;ASH_COATED_OSMIUM;9903;21;9899;24;;;9922;11;9924;14;;;9912.5;0.0
yf_ZS=F_d5;1800;INTARIAN_PEPPER_ROOT;11379;15;11376;24;;;11385;28;11388;29;;;11382.0;0.0
yf_ZS=F_d5;1900;ASH_COATED_OSMIUM;9910;12;9907;23;;;9916;9;9919;27;;;9913.0;0.0
yf_ZS=F_d5;1900;INTARIAN_PEPPER_ROOT;11375;26;11372;19;;;11387;7;11390;12;;;11381.0;0.0
yf_ZS=F_d5;2000;ASH_COATED_OSMIUM;9909;18;9905;21;;;9917;20;9920;22;;;9913.0;0.0
yf_ZS=F_d5;2000;INTARIAN_PEPPER_ROOT;11364;19;11361;31;;;11395;15;11399;17;;;11379.5;0.0
yf_ZS=F_d5;2100;ASH_COATED_OSMIUM;9910;13;9907;17;;;9916;21;9920;14;;;9913.0;0.0
yf_ZS=F_d5;2100;INTARIAN_PEPPER_ROOT;11375;15;11371;24;;;11381;21;11383;16;;;11378.0;0.0
yf_ZS=F_d5;2200;ASH_COATED_OSMIUM;9910;13;9907;19;;;9916;12;9919;26;;;9913.0;0.0
yf_ZS=F_d5;2200;INTARIAN_PEPPER_ROOT;11367;12;11363;23;;;11385;10;11389;23;;;11376.0;0.0
yf_ZS=F_d5;2300;ASH_COATED_OSMIUM;9910;13;9907;26;;;9916;8;9920;14;;;9913.0;0.0
yf_ZS=F_d5;2300;INTARIAN_PEPPER_ROOT;11372;10;11368;33;;;11378;5;11381;21;;;11375.0;0.0
yf_ZS=F_d5;2400;ASH_COATED_OSMIUM;9910;10;9908;22;;;9916;13;9918;18;;;9913.0;0.0
yf_ZS=F_d5;2400;INTARIAN_PEPPER_ROOT;11369;12;11366;23;;;11375;19;11378;20;;;11372.0;0.0
yf_ZS=F_d5;2500;ASH_COATED_OSMIUM;9910;20;9907;21;;;9916;23;9919;19;;;9913.0;0.0
yf_ZS=F_d5;2500;INTARIAN_PEPPER_ROOT;11368;16;11366;15;;;11375;17;11377;23;;;11371.5;0.0
yf_ZS=F_d5;2600;ASH_COATED_OSMIUM;9902;14;9899;24;;;9925;5;9927;8;;;9913.5;0.0
yf_ZS=F_d5;2600;INTARIAN_PEPPER_ROOT;11366;8;11364;17;;;11373;19;11376;26;;;11369.5;0.0
yf_ZS=F_d5;2700;ASH_COATED_OSMIUM;9911;18;9907;15;;;9917;25;9919;23;;;9914.0;0.0
yf_ZS=F_d5;2700;INTARIAN_PEPPER_ROOT;11364;18;11360;18;;;11372;11;11374;26;;;11368.0;0.0
yf_ZS=F_d5;2800;ASH_COATED_OSMIUM;9911;19;9909;14;;;9917;13;9920;16;;;9914.0;0.0
yf_ZS=F_d5;2800;INTARIAN_PEPPER_ROOT;11360;18;11358;25;;;11373;19;11376;24;;;11366.5;0.0
yf_ZS=F_d5;2900;ASH_COATED_OSMIUM;9910;17;9907;21;;;9916;10;9918;18;;;9913.0;0.0
yf_ZS=F_d5;2900;INTARIAN_PEPPER_ROOT;11359;14;11356;21;;;11371;16;11375;15;;;11365.0;0.0
yf_ZS=F_d5;3000;ASH_COATED_OSMIUM;9911;9;9908;15;;;9917;14;9920;12;;;9914.0;0.0
yf_ZS=F_d5;3000;INTARIAN_PEPPER_ROOT;11358;16;11354;26;;;11367;18;11371;16;;;11362.5;0.0
yf_ZS=F_d5;3100;ASH_COATED_OSMIUM;9910;8;9907;21;;;9917;25;9919;23;;;9913.5;0.0
yf_ZS=F_d5;3100;INTARIAN_PEPPER_ROOT;11356;10;11353;15;;;11368;12;11372;13;;;11362.0;0.0
yf_ZS=F_d5;3200;ASH_COATED_OSMIUM;9909;15;9907;18;;;9920;7;9922;32;;;9914.5;0.0
yf_ZS=F_d5;3200;INTARIAN_PEPPER_ROOT;11351;20;11347;12;;;11368;11;11371;32;;;11359.5;0.0
yf_ZS=F_d5;3300;ASH_COATED_OSMIUM;9911;11;9909;16;;;9917;11;9919;21;;;9914.0;0.0
yf_ZS=F_d5;3300;INTARIAN_PEPPER_ROOT;11349;11;11346;23;;;11367;27;11370;22;;;11358.0;0.0
yf_ZS=F_d5;3400;ASH_COATED_OSMIUM;9911;21;9907;23;;;9917;14;9921;12;;;9914.0;0.0
yf_ZS=F_d5;3400;INTARIAN_PEPPER_ROOT;11352;15;11348;17;;;11362;17;11366;11;;;11357.0;0.0
yf_ZS=F_d5;3500;ASH_COATED_OSMIUM;9909;6;9907;15;;;9918;19;9922;11;;;9913.5;0.0
yf_ZS=F_d5;3500;INTARIAN_PEPPER_ROOT;11351;14;11347;12;;;11357;12;11361;17;;;11354.0;0.0
yf_ZS=F_d5;3600;ASH_COATED_OSMIUM;9911;14;9909;22;;;9917;14;9919;12;;;9914.0;0.0
yf_ZS=F_d5;3600;INTARIAN_PEPPER_ROOT;11347;15;11343;15;;;11360;14;11363;14;;;11353.5;0.0
yf_ZS=F_d5;3700;ASH_COATED_OSMIUM;9911;13;9909;12;;;9917;22;9920;9;;;9914.0;0.0
yf_ZS=F_d5;3700;INTARIAN_PEPPER_ROOT;11341;20;11339;20;;;11362;12;11364;18;;;11351.5;0.0
yf_ZS=F_d5;3800;ASH_COATED_OSMIUM;9891;11;9888;17;;;9937;14;9941;21;;;9914.0;0.0
yf_ZS=F_d5;3800;INTARIAN_PEPPER_ROOT;11347;8;11344;18;;;11353;16;11355;22;;;11350.0;0.0
yf_ZS=F_d5;3900;ASH_COATED_OSMIUM;9912;16;9910;13;;;9918;15;9920;24;;;9915.0;0.0
yf_ZS=F_d5;3900;INTARIAN_PEPPER_ROOT;11341;15;11337;18;;;11358;11;11362;19;;;11349.5;0.0
yf_ZS=F_d5;4000;ASH_COATED_OSMIUM;9909;19;9906;22;;;9921;16;9923;20;;;9915.0;0.0
yf_ZS=F_d5;4000;INTARIAN_PEPPER_ROOT;11344;8;11340;14;;;11350;19;11354;29;;;11347.0;0.0
yf_ZS=F_d5;4100;ASH_COATED_OSMIUM;9912;18;9908;26;;;9918;13;9921;15;;;9915.0;0.0
yf_ZS=F_d5;4100;INTARIAN_PEPPER_ROOT;11342;22;11340;25;;;11348;15;11350;14;;;11345.0;0.0
yf_ZS=F_d5;4200;ASH_COATED_OSMIUM;9912;9;9910;10;;;9918;11;9922;11;;;9915.0;0.0
yf_ZS=F_d5;4200;INTARIAN_PEPPER_ROOT;11340;8;11337;29;;;11347;11;11351;19;;;11343.5;0.0
yf_ZS=F_d5;4300;ASH_COATED_OSMIUM;9912;15;9910;19;;;9918;15;9921;17;;;9915.0;0.0
yf_ZS=F_d5;4300;INTARIAN_PEPPER_ROOT;11339;30;11335;18;;;11345;13;11347;16;;;11342.0;0.0
yf_ZS=F_d5;4400;ASH_COATED_OSMIUM;9902;19;9898;26;;;9928;12;9931;15;;;9915.0;0.0
yf_ZS=F_d5;4400;INTARIAN_PEPPER_ROOT;11336;11;11334;16;;;11345;16;11347;22;;;11340.5;0.0
yf_ZS=F_d5;4500;ASH_COATED_OSMIUM;9913;20;9910;13;;;9919;11;9921;18;;;9916.0;0.0
yf_ZS=F_d5;4500;INTARIAN_PEPPER_ROOT;11336;13;11332;14;;;11342;22;11345;26;;;11339.0;0.0
yf_ZS=F_d5;4600;ASH_COATED_OSMIUM;9911;15;9907;24;;;9920;10;9923;21;;;9915.5;0.0
yf_ZS=F_d5;4600;INTARIAN_PEPPER_ROOT;11335;8;11332;17;;;11341;13;11344;20;;;11338.0;0.0
yf_ZS=F_d5;4700;ASH_COATED_OSMIUM;9911;16;9907;20;;;9918;10;9920;25;;;9914.5;0.0
yf_ZS=F_d5;4700;INTARIAN_PEPPER_ROOT;11333;14;11329;27;;;11339;10;11343;18;;;11336.0;0.0
yf_ZS=F_d5;4800;ASH_COATED_OSMIUM;9910;10;9906;22;;;9921;5;9925;18;;;9915.5;0.0
yf_ZS=F_d5;4800;INTARIAN_PEPPER_ROOT;11331;11;11327;22;;;11337;8;11341;20;;;11334.0;0.0
yf_ZS=F_d5;4900;ASH_COATED_OSMIUM;9912;8;9908;19;;;9918;15;9920;19;;;9915.0;0.0
yf_ZS=F_d5;4900;INTARIAN_PEPPER_ROOT;11326;10;11323;9;;;11339;20;11342;20;;;11332.5;0.0
yf_ZS=F_d5;5000;ASH_COATED_OSMIUM;9910;17;9906;19;;;9921;14;9923;21;;;9915.5;0.0
yf_ZS=F_d5;5000;INTARIAN_PEPPER_ROOT;11328;14;11325;22;;;11334;23;11337;18;;;11331.0;0.0
yf_ZS=F_d5;5100;ASH_COATED_OSMIUM;9911;12;9907;20;;;9919;15;9923;15;;;9915.0;0.0
yf_ZS=F_d5;5100;INTARIAN_PEPPER_ROOT;11324;12;11321;18;;;11334;9;11338;22;;;11329.0;0.0
yf_ZS=F_d5;5200;ASH_COATED_OSMIUM;9912;15;9910;18;;;9918;22;9920;22;;;9915.0;0.0
yf_ZS=F_d5;5200;INTARIAN_PEPPER_ROOT;11322;13;11320;31;;;11333;19;11337;24;;;11327.5;0.0
yf_ZS=F_d5;5300;ASH_COATED_OSMIUM;9913;6;9909;18;;;9919;17;9922;19;;;9916.0;0.0
yf_ZS=F_d5;5300;INTARIAN_PEPPER_ROOT;11323;21;11321;17;;;11329;17;11331;28;;;11326.0;0.0
yf_ZS=F_d5;5400;ASH_COATED_OSMIUM;9912;19;9909;21;;;9918;13;9922;23;;;9915.0;0.0
yf_ZS=F_d5;5400;INTARIAN_PEPPER_ROOT;11321;17;11318;15;;;11327;16;11329;19;;;11324.0;0.0
yf_ZS=F_d5;5500;ASH_COATED_OSMIUM;9912;16;9910;23;;;9918;8;9920;18;;;9915.0;0.0
yf_ZS=F_d5;5500;INTARIAN_PEPPER_ROOT;11319;11;11316;33;;;11325;10;11329;10;;;11322.0;0.0
yf_ZS=F_d5;5600;ASH_COATED_OSMIUM;9913;7;9909;20;;;9919;16;9923;20;;;9916.0;0.0
yf_ZS=F_d5;5600;INTARIAN_PEPPER_ROOT;11316;15;11314;25;;;11325;16;11328;23;;;11320.5;0.0
yf_ZS=F_d5;5700;ASH_COATED_OSMIUM;9914;20;9910;20;;;9920;12;9923;13;;;9917.0;0.0
yf_ZS=F_d5;5700;INTARIAN_PEPPER_ROOT;11315;11;11313;12;;;11324;13;11326;19;;;11319.5;0.0
yf_ZS=F_d5;5800;ASH_COATED_OSMIUM;9913;9;9911;18;;;9919;22;9923;20;;;9916.0;0.0
yf_ZS=F_d5;5800;INTARIAN_PEPPER_ROOT;11315;17;11313;27;;;11321;8;11323;10;;;11318.0;0.0
yf_ZS=F_d5;5900;ASH_COATED_OSMIUM;9913;14;9909;25;;;9919;13;9921;19;;;9916.0;0.0
yf_ZS=F_d5;5900;INTARIAN_PEPPER_ROOT;11313;18;11311;11;;;11319;14;11323;19;;;11316.0;0.0
yf_ZS=F_d5;6000;ASH_COATED_OSMIUM;9913;13;9911;15;;;9919;11;9923;17;;;9916.0;0.0
yf_ZS=F_d5;6000;INTARIAN_PEPPER_ROOT;11310;7;11306;10;;;11321;25;11325;25;;;11315.5;0.0
yf_ZS=F_d5;6100;ASH_COATED_OSMIUM;9913;18;9910;20;;;9919;16;9921;21;;;9916.0;0.0
yf_ZS=F_d5;6100;INTARIAN_PEPPER_ROOT;11309;11;11307;19;;;11317;8;11319;22;;;11313.0;0.0
yf_ZS=F_d5;6200;ASH_COATED_OSMIUM;9914;23;9912;19;;;9920;14;9923;17;;;9917.0;0.0
yf_ZS=F_d5;6200;INTARIAN_PEPPER_ROOT;11308;16;11304;26;;;11314;10;11316;25;;;11311.0;0.0
yf_ZS=F_d5;6300;ASH_COATED_OSMIUM;9914;20;9910;15;;;9920;11;9924;20;;;9917.0;0.0
yf_ZS=F_d5;6300;INTARIAN_PEPPER_ROOT;11302;8;11300;14;;;11318;6;11320;20;;;11310.0;0.0
yf_ZS=F_d5;6400;ASH_COATED_OSMIUM;9910;14;9906;19;;;9922;12;9926;19;;;9916.0;0.0
yf_ZS=F_d5;6400;INTARIAN_PEPPER_ROOT;11303;10;11299;12;;;11314;11;11316;26;;;11308.5;0.0
yf_ZS=F_d5;6500;ASH_COATED_OSMIUM;9912;24;9908;28;;;9922;14;9925;22;;;9917.0;0.0
yf_ZS=F_d5;6500;INTARIAN_PEPPER_ROOT;11304;10;11301;20;;;11310;16;11314;24;;;11307.0;0.0
yf_ZS=F_d5;6600;ASH_COATED_OSMIUM;9915;8;9912;19;;;9921;18;9925;9;;;9918.0;0.0
yf_ZS=F_d5;6600;INTARIAN_PEPPER_ROOT;11301;13;11299;20;;;11307;23;11310;25;;;11304.0;0.0
yf_ZS=F_d5;6700;ASH_COATED_OSMIUM;9913;15;9909;21;;;9919;13;9922;17;;;9916.0;0.0
yf_ZS=F_d5;6700;INTARIAN_PEPPER_ROOT;11286;17;11283;12;;;11321;13;11325;15;;;11303.5;0.0
yf_ZS=F_d5;6800;ASH_COATED_OSMIUM;9914;18;9912;20;;;9920;15;9924;16;;;9917.0;0.0
yf_ZS=F_d5;6800;INTARIAN_PEPPER_ROOT;11288;10;11286;17;;;11316;14;11319;12;;;11302.0;0.0
yf_ZS=F_d5;6900;ASH_COATED_OSMIUM;9910;18;9908;21;;;9923;14;9927;20;;;9916.5;0.0
yf_ZS=F_d5;6900;INTARIAN_PEPPER_ROOT;11295;17;11293;26;;;11304;9;11308;16;;;11299.5;0.0
yf_ZS=F_d5;7000;ASH_COATED_OSMIUM;9907;19;9903;25;;;9926;10;9930;30;;;9916.5;0.0
yf_ZS=F_d5;7000;INTARIAN_PEPPER_ROOT;11296;19;11294;17;;;11302;14;11305;24;;;11299.0;0.0
yf_ZS=F_d5;7100;ASH_COATED_OSMIUM;9914;15;9911;16;;;9920;8;9922;24;;;9917.0;0.0
yf_ZS=F_d5;7100;INTARIAN_PEPPER_ROOT;11294;10;11290;23;;;11300;9;11302;15;;;11297.0;0.0
yf_ZS=F_d5;7200;ASH_COATED_OSMIUM;9914;8;9912;17;;;9920;13;9922;20;;;9917.0;0.0
yf_ZS=F_d5;7200;INTARIAN_PEPPER_ROOT;11291;19;11289;19;;;11300;13;11303;23;;;11295.5;0.0
yf_ZS=F_d5;7300;ASH_COATED_OSMIUM;9914;9;9911;28;;;9920;10;9924;22;;;9917.0;0.0
yf_ZS=F_d5;7300;INTARIAN_PEPPER_ROOT;11290;11;11288;20;;;11298;12;11300;20;;;11294.0;0.0
yf_ZS=F_d5;7400;ASH_COATED_OSMIUM;9914;10;9911;12;;;9920;15;9924;13;;;9917.0;0.0
yf_ZS=F_d5;7400;INTARIAN_PEPPER_ROOT;11288;11;11284;15;;;11296;18;11299;18;;;11292.0;0.0
yf_ZS=F_d5;7500;ASH_COATED_OSMIUM;9911;19;9909;25;;;9925;18;9928;23;;;9918.0;0.0
yf_ZS=F_d5;7500;INTARIAN_PEPPER_ROOT;11287;24;11285;20;;;11293;18;11296;26;;;11290.0;0.0
yf_ZS=F_d5;7600;ASH_COATED_OSMIUM;9914;15;9912;29;;;9920;22;9923;11;;;9917.0;0.0
yf_ZS=F_d5;7600;INTARIAN_PEPPER_ROOT;11286;16;11282;16;;;11292;5;11295;22;;;11289.0;0.0
yf_ZS=F_d5;7700;ASH_COATED_OSMIUM;9913;14;9909;21;;;9922;22;9926;13;;;9917.5;0.0
yf_ZS=F_d5;7700;INTARIAN_PEPPER_ROOT;11284;15;11281;19;;;11290;9;11293;11;;;11287.0;0.0
yf_ZS=F_d5;7800;ASH_COATED_OSMIUM;9907;7;9905;17;;;9929;17;9931;14;;;9918.0;0.0
yf_ZS=F_d5;7800;INTARIAN_PEPPER_ROOT;11278;14;11276;13;;;11293;12;11297;17;;;11285.5;0.0
yf_ZS=F_d5;7900;ASH_COATED_OSMIUM;9914;11;9910;17;;;9920;7;9924;11;;;9917.0;0.0
yf_ZS=F_d5;7900;INTARIAN_PEPPER_ROOT;11277;13;11275;10;;;11291;15;11293;17;;;11284.0;0.0
yf_ZS=F_d5;8000;ASH_COATED_OSMIUM;9914;11;9911;18;;;9920;19;9924;15;;;9917.0;0.0
yf_ZS=F_d5;8000;INTARIAN_PEPPER_ROOT;11280;10;11276;18;;;11286;17;11288;25;;;11283.0;0.0
yf_ZS=F_d5;8100;ASH_COATED_OSMIUM;9915;24;9912;15;;;9921;16;9925;12;;;9918.0;0.0
yf_ZS=F_d5;8100;INTARIAN_PEPPER_ROOT;11277;26;11275;22;;;11283;17;11287;22;;;11280.0;0.0
yf_ZS=F_d5;8200;ASH_COATED_OSMIUM;9914;18;9910;12;;;9921;11;9925;12;;;9917.5;0.0
yf_ZS=F_d5;8200;INTARIAN_PEPPER_ROOT;11276;7;11272;23;;;11282;14;11284;21;;;11279.0;0.0
yf_ZS=F_d5;8300;ASH_COATED_OSMIUM;9902;13;9900;12;;;9933;16;9935;27;;;9917.5;0.0
yf_ZS=F_d5;8300;INTARIAN_PEPPER_ROOT;11266;9;11264;23;;;11289;22;11291;25;;;11277.5;0.0
yf_ZS=F_d5;8400;ASH_COATED_OSMIUM;9916;11;9912;22;;;9922;15;9926;25;;;9919.0;0.0
yf_ZS=F_d5;8400;INTARIAN_PEPPER_ROOT;11273;18;11269;14;;;11279;12;11282;23;;;11276.0;0.0
yf_ZS=F_d5;8500;ASH_COATED_OSMIUM;9912;13;9910;26;;;9925;9;9928;26;;;9918.5;0.0
yf_ZS=F_d5;8500;INTARIAN_PEPPER_ROOT;11266;10;11263;21;;;11282;12;11286;22;;;11274.0;0.0
yf_ZS=F_d5;8600;ASH_COATED_OSMIUM;9912;17;9910;21;;;9925;13;9927;16;;;9918.5;0.0
yf_ZS=F_d5;8600;INTARIAN_PEPPER_ROOT;11268;13;11266;24;;;11278;13;11282;18;;;11273.0;0.0
yf_ZS=F_d5;8700;ASH_COATED_OSMIUM;9916;21;9914;11;;;9923;22;9926;22;;;9919.5;0.0
yf_ZS=F_d5;8700;INTARIAN_PEPPER_ROOT;11268;11;11264;15;;;11274;13;11277;33;;;11271.0;0.0
yf_ZS=F_d5;8800;ASH_COATED_OSMIUM;9916;13;9914;19;;;9922;16;9924;24;;;9919.0;0.0
yf_ZS=F_d5;8800;INTARIAN_PEPPER_ROOT;11266;17;11263;26;;;11272;11;11275;17;;;11269.0;0.0
yf_ZS=F_d5;8900;ASH_COATED_OSMIUM;9916;13;9913;23;;;9922;7;9924;11;;;9919.0;0.0
yf_ZS=F_d5;8900;INTARIAN_PEPPER_ROOT;11263;14;11260;19;;;11273;13;11276;25;;;11268.0;0.0
yf_ZS=F_d5;9000;ASH_COATED_OSMIUM;9911;11;9908;22;;;9926;18;9929;17;;;9918.5;0.0
yf_ZS=F_d5;9000;INTARIAN_PEPPER_ROOT;11263;13;11260;17;;;11269;15;11271;17;;;11266.0;0.0
yf_ZS=F_d5;9100;ASH_COATED_OSMIUM;9911;14;9909;14;;;9925;13;9927;23;;;9918.0;0.0
yf_ZS=F_d5;9100;INTARIAN_PEPPER_ROOT;11261;20;11258;21;;;11267;17;11270;23;;;11264.0;0.0
yf_ZS=F_d5;9200;ASH_COATED_OSMIUM;9915;24;9912;26;;;9921;21;9923;18;;;9918.0;0.0
yf_ZS=F_d5;9200;INTARIAN_PEPPER_ROOT;11260;13;11256;25;;;11266;9;11270;23;;;11263.0;0.0
yf_ZS=F_d5;9300;ASH_COATED_OSMIUM;9916;11;9912;29;;;9922;19;9926;16;;;9919.0;0.0
yf_ZS=F_d5;9300;INTARIAN_PEPPER_ROOT;11254;15;11252;26;;;11268;15;11272;20;;;11261.0;0.0
yf_ZS=F_d5;9400;ASH_COATED_OSMIUM;9916;9;9913;17;;;9922;14;9924;22;;;9919.0;0.0
yf_ZS=F_d5;9400;INTARIAN_PEPPER_ROOT;11256;18;11253;18;;;11262;21;11266;18;;;11259.0;0.0
yf_ZS=F_d5;9500;ASH_COATED_OSMIUM;9916;18;9912;15;;;9922;22;9924;27;;;9919.0;0.0
yf_ZS=F_d5;9500;INTARIAN_PEPPER_ROOT;11255;5;11251;8;;;11261;10;11264;25;;;11258.0;0.0
yf_ZS=F_d5;9600;ASH_COATED_OSMIUM;9916;19;9913;15;;;9922;15;9925;29;;;9919.0;0.0
yf_ZS=F_d5;9600;INTARIAN_PEPPER_ROOT;11253;10;11250;20;;;11260;9;11263;27;;;11256.5;0.0
yf_ZS=F_d5;9700;ASH_COATED_OSMIUM;9915;16;9912;17;;;9924;19;9927;17;;;9919.5;0.0
yf_ZS=F_d5;9700;INTARIAN_PEPPER_ROOT;11252;8;11248;22;;;11258;12;11261;15;;;11255.0;0.0
yf_ZS=F_d5;9800;ASH_COATED_OSMIUM;9915;8;9911;16;;;9924;9;9928;16;;;9919.5;0.0
yf_ZS=F_d5;9800;INTARIAN_PEPPER_ROOT;11250;8;11246;25;;;11256;12;11258;22;;;11253.0;0.0
yf_ZS=F_d5;9900;ASH_COATED_OSMIUM;9916;9;9913;21;;;9922;18;9925;14;;;9919.0;0.0
yf_ZS=F_d5;9900;INTARIAN_PEPPER_ROOT;11249;15;11245;18;;;11255;12;11258;17;;;11252.0;0.0
yf_ZS=F_d5;10000;ASH_COATED_OSMIUM;9917;19;9914;28;;;9923;10;9926;17;;;9920.0;0.0
yf_ZS=F_d5;10000;INTARIAN_PEPPER_ROOT;11238;17;11234;11;;;11261;23;11263;19;;;11249.5;0.0
yf_ZS=F_d5;10100;ASH_COATED_OSMIUM;9916;23;9912;20;;;9922;15;9925;27;;;9919.0;0.0
yf_ZS=F_d5;10100;INTARIAN_PEPPER_ROOT;11245;21;11241;14;;;11251;14;11254;20;;;11248.0;0.0
yf_ZS=F_d5;10200;ASH_COATED_OSMIUM;9915;17;9913;21;;;9924;23;9928;25;;;9919.5;0.0
yf_ZS=F_d5;10200;INTARIAN_PEPPER_ROOT;11244;10;11242;32;;;11250;11;11253;22;;;11247.0;0.0
yf_ZS=F_d5;10300;ASH_COATED_OSMIUM;9917;7;9914;12;;;9923;15;9925;15;;;9920.0;0.0
yf_ZS=F_d5;10300;INTARIAN_PEPPER_ROOT;11243;17;11240;10;;;11249;13;11253;17;;;11246.0;0.0
yf_ZS=F_d5;10400;ASH_COATED_OSMIUM;9916;16;9913;24;;;9923;8;9927;22;;;9919.5;0.0
yf_ZS=F_d5;10400;INTARIAN_PEPPER_ROOT;11238;16;11235;15;;;11249;13;11253;26;;;11243.5;0.0
yf_ZS=F_d5;10500;ASH_COATED_OSMIUM;9916;12;9912;15;;;9922;14;9925;17;;;9919.0;0.0
yf_ZS=F_d5;10500;INTARIAN_PEPPER_ROOT;11237;20;11235;20;;;11247;10;11250;20;;;11242.0;0.0
yf_ZS=F_d5;10600;ASH_COATED_OSMIUM;9914;17;9911;16;;;9926;18;9930;28;;;9920.0;0.0
yf_ZS=F_d5;10600;INTARIAN_PEPPER_ROOT;11231;9;11228;17;;;11249;17;11252;27;;;11240.0;0.0
yf_ZS=F_d5;10700;ASH_COATED_OSMIUM;9917;18;9913;23;;;9923;15;9927;15;;;9920.0;0.0
yf_ZS=F_d5;10700;INTARIAN_PEPPER_ROOT;11236;21;11233;21;;;11242;27;11244;19;;;11239.0;0.0
yf_ZS=F_d5;10800;ASH_COATED_OSMIUM;9917;8;9915;26;;;9923;17;9925;26;;;9920.0;0.0
yf_ZS=F_d5;10800;INTARIAN_PEPPER_ROOT;11230;11;11228;10;;;11245;16;11247;19;;;11237.5;0.0
yf_ZS=F_d5;10900;ASH_COATED_OSMIUM;9917;5;9915;24;;;9923;14;9927;23;;;9920.0;0.0
yf_ZS=F_d5;10900;INTARIAN_PEPPER_ROOT;11232;9;11228;22;;;11238;17;11242;8;;;11235.0;0.0
yf_ZS=F_d5;11000;ASH_COATED_OSMIUM;9914;17;9912;16;;;9925;12;9929;16;;;9919.5;0.0
yf_ZS=F_d5;11000;INTARIAN_PEPPER_ROOT;11224;13;11222;15;;;11242;16;11245;30;;;11233.0;0.0
yf_ZS=F_d5;11100;ASH_COATED_OSMIUM;9915;10;9913;16;;;9926;22;9929;14;;;9920.5;0.0
yf_ZS=F_d5;11100;INTARIAN_PEPPER_ROOT;11227;15;11224;11;;;11238;14;11241;18;;;11232.5;0.0
yf_ZS=F_d5;11200;ASH_COATED_OSMIUM;9918;10;9914;11;;;9924;16;9928;20;;;9921.0;0.0
yf_ZS=F_d5;11200;INTARIAN_PEPPER_ROOT;11227;19;11223;28;;;11234;23;11236;26;;;11230.5;0.0
yf_ZS=F_d5;11300;ASH_COATED_OSMIUM;9917;8;9913;23;;;9923;15;9925;23;;;9920.0;0.0
yf_ZS=F_d5;11300;INTARIAN_PEPPER_ROOT;11226;18;11222;17;;;11232;15;11236;18;;;11229.0;0.0
yf_ZS=F_d5;11400;ASH_COATED_OSMIUM;9918;17;9916;15;;;9924;9;9928;16;;;9921.0;0.0
yf_ZS=F_d5;11400;INTARIAN_PEPPER_ROOT;11224;11;11220;17;;;11230;15;11233;18;;;11227.0;0.0
yf_ZS=F_d5;11500;ASH_COATED_OSMIUM;9918;21;9914;16;;;9924;16;9928;14;;;9921.0;0.0
yf_ZS=F_d5;11500;INTARIAN_PEPPER_ROOT;11223;18;11220;16;;;11229;15;11231;19;;;11226.0;0.0
yf_ZS=F_d5;11600;ASH_COATED_OSMIUM;9918;8;9915;20;;;9924;16;9926;16;;;9921.0;0.0
yf_ZS=F_d5;11600;INTARIAN_PEPPER_ROOT;11221;11;11217;25;;;11227;20;11229;18;;;11224.0;0.0
yf_ZS=F_d5;11700;ASH_COATED_OSMIUM;9918;19;9914;19;;;9924;15;9927;29;;;9921.0;0.0
yf_ZS=F_d5;11700;INTARIAN_PEPPER_ROOT;11219;10;11216;23;;;11225;19;11227;19;;;11222.0;0.0
yf_ZS=F_d5;11800;ASH_COATED_OSMIUM;9917;10;9913;14;;;9925;18;9929;15;;;9921.0;0.0
yf_ZS=F_d5;11800;INTARIAN_PEPPER_ROOT;11210;18;11207;12;;;11233;22;11237;20;;;11221.5;0.0
yf_ZS=F_d5;11900;ASH_COATED_OSMIUM;9918;15;9914;21;;;9924;15;9927;18;;;9921.0;0.0
yf_ZS=F_d5;11900;INTARIAN_PEPPER_ROOT;11216;5;11213;25;;;11222;14;11224;27;;;11219.0;0.0
yf_ZS=F_d5;12000;ASH_COATED_OSMIUM;9918;15;9916;20;;;9924;12;9927;22;;;9921.0;0.0
yf_ZS=F_d5;12000;INTARIAN_PEPPER_ROOT;11214;12;11211;21;;;11222;14;11225;21;;;11218.0;0.0
yf_ZS=F_d5;12100;ASH_COATED_OSMIUM;9918;18;9915;17;;;9924;9;9926;16;;;9921.0;0.0
yf_ZS=F_d5;12100;INTARIAN_PEPPER_ROOT;11205;13;11201;16;;;11226;18;11229;24;;;11215.5;0.0
yf_ZS=F_d5;12200;ASH_COATED_OSMIUM;9918;12;9914;21;;;9924;14;9926;19;;;9921.0;0.0
yf_ZS=F_d5;12200;INTARIAN_PEPPER_ROOT;11212;15;11210;31;;;11218;16;11220;15;;;11215.0;0.0
yf_ZS=F_d5;12300;ASH_COATED_OSMIUM;9915;26;9913;16;;;9927;11;9929;15;;;9921.0;0.0
yf_ZS=F_d5;12300;INTARIAN_PEPPER_ROOT;11210;19;11208;14;;;11216;14;11219;12;;;11213.0;0.0
yf_ZS=F_d5;12400;ASH_COATED_OSMIUM;9919;12;9917;25;;;9925;8;9928;15;;;9922.0;0.0
yf_ZS=F_d5;12400;INTARIAN_PEPPER_ROOT;11208;16;11206;13;;;11214;13;11217;20;;;11211.0;0.0
yf_ZS=F_d5;12500;ASH_COATED_OSMIUM;9918;23;9915;17;;;9924;9;9928;8;;;9921.0;0.0
yf_ZS=F_d5;12500;INTARIAN_PEPPER_ROOT;11207;7;11205;20;;;11213;9;11217;21;;;11210.0;0.0
yf_ZS=F_d5;12600;ASH_COATED_OSMIUM;9919;12;9915;23;;;9925;19;9927;17;;;9922.0;0.0
yf_ZS=F_d5;12600;INTARIAN_PEPPER_ROOT;11205;8;11201;15;;;11211;12;11214;22;;;11208.0;0.0
yf_ZS=F_d5;12700;ASH_COATED_OSMIUM;9919;15;9915;17;;;9925;19;9928;25;;;9922.0;0.0
yf_ZS=F_d5;12700;INTARIAN_PEPPER_ROOT;11203;11;11199;21;;;11209;14;11211;20;;;11206.0;0.0
yf_ZS=F_d5;12800;ASH_COATED_OSMIUM;9917;11;9913;26;;;9927;18;9931;13;;;9922.0;0.0
yf_ZS=F_d5;12800;INTARIAN_PEPPER_ROOT;11202;12;11199;21;;;11208;22;11212;13;;;11205.0;0.0
yf_ZS=F_d5;12900;ASH_COATED_OSMIUM;9917;5;9913;24;;;9927;17;9931;28;;;9922.0;0.0
yf_ZS=F_d5;12900;INTARIAN_PEPPER_ROOT;11195;9;11192;26;;;11210;19;11212;21;;;11202.5;0.0
yf_ZS=F_d5;13000;ASH_COATED_OSMIUM;9913;18;9911;26;;;9931;14;9933;24;;;9922.0;0.0
yf_ZS=F_d5;13000;INTARIAN_PEPPER_ROOT;11194;13;11192;27;;;11210;7;11212;16;;;11202.0;0.0
yf_ZS=F_d5;13100;ASH_COATED_OSMIUM;9919;7;9917;13;;;9925;13;9927;17;;;9922.0;0.0
yf_ZS=F_d5;13100;INTARIAN_PEPPER_ROOT;11197;17;11195;23;;;11203;22;11207;18;;;11200.0;0.0
yf_ZS=F_d5;13200;ASH_COATED_OSMIUM;9917;7;9914;23;;;9926;18;9930;20;;;9921.5;0.0
yf_ZS=F_d5;13200;INTARIAN_PEPPER_ROOT;11195;9;11191;17;;;11201;20;11205;13;;;11198.0;0.0
yf_ZS=F_d5;13300;ASH_COATED_OSMIUM;9919;14;9915;17;;;9925;19;9928;21;;;9922.0;0.0
yf_ZS=F_d5;13300;INTARIAN_PEPPER_ROOT;11194;25;11192;20;;;11200;15;11203;21;;;11197.0;0.0
yf_ZS=F_d5;13400;ASH_COATED_OSMIUM;9919;7;9915;24;;;9925;13;9929;22;;;9922.0;0.0
yf_ZS=F_d5;13400;INTARIAN_PEPPER_ROOT;11192;8;11189;22;;;11198;12;11201;18;;;11195.0;0.0
yf_ZS=F_d5;13500;ASH_COATED_OSMIUM;9919;17;9916;17;;;9925;5;9928;12;;;9922.0;0.0
yf_ZS=F_d5;13500;INTARIAN_PEPPER_ROOT;11190;11;11187;19;;;11196;20;11199;21;;;11193.0;0.0
yf_ZS=F_d5;13600;ASH_COATED_OSMIUM;9919;13;9917;18;;;9925;8;9927;17;;;9922.0;0.0
yf_ZS=F_d5;13600;INTARIAN_PEPPER_ROOT;11189;19;11187;16;;;11195;7;11198;23;;;11192.0;0.0
yf_ZS=F_d5;13700;ASH_COATED_OSMIUM;9918;7;9915;30;;;9928;19;9930;26;;;9923.0;0.0
yf_ZS=F_d5;13700;INTARIAN_PEPPER_ROOT;11184;19;11181;24;;;11196;15;11199;15;;;11190.0;0.0
yf_ZS=F_d5;13800;ASH_COATED_OSMIUM;9920;11;9917;19;;;9926;14;9928;19;;;9923.0;0.0
yf_ZS=F_d5;13800;INTARIAN_PEPPER_ROOT;11186;13;11183;23;;;11192;9;11196;19;;;11189.0;0.0
yf_ZS=F_d5;13900;ASH_COATED_OSMIUM;9920;18;9917;19;;;9926;17;9930;19;;;9923.0;0.0
yf_ZS=F_d5;13900;INTARIAN_PEPPER_ROOT;11183;8;11181;21;;;11191;23;11195;23;;;11187.0;0.0
yf_ZS=F_d5;14000;ASH_COATED_OSMIUM;9920;16;9916;26;;;9926;12;9928;18;;;9923.0;0.0
yf_ZS=F_d5;14000;INTARIAN_PEPPER_ROOT;11183;13;11181;12;;;11189;16;11191;22;;;11186.0;0.0
yf_ZS=F_d5;14100;ASH_COATED_OSMIUM;9920;11;9916;24;;;9926;16;9929;29;;;9923.0;0.0
yf_ZS=F_d5;14100;INTARIAN_PEPPER_ROOT;11181;17;11177;10;;;11187;17;11189;15;;;11184.0;0.0
yf_ZS=F_d5;14200;ASH_COATED_OSMIUM;9915;11;9911;13;;;9930;17;9933;12;;;9922.5;0.0
yf_ZS=F_d5;14200;INTARIAN_PEPPER_ROOT;11179;19;11176;28;;;11185;13;11189;23;;;11182.0;0.0
yf_ZS=F_d5;14300;ASH_COATED_OSMIUM;9910;12;9907;13;;;9936;8;9939;12;;;9923.0;0.0
yf_ZS=F_d5;14300;INTARIAN_PEPPER_ROOT;11177;10;11174;21;;;11183;14;11185;13;;;11180.0;0.0
yf_ZS=F_d5;14400;ASH_COATED_OSMIUM;9916;5;9914;12;;;9930;16;9933;19;;;9923.0;0.0
yf_ZS=F_d5;14400;INTARIAN_PEPPER_ROOT;11176;20;11173;14;;;11182;19;11185;22;;;11179.0;0.0
yf_ZS=F_d5;14500;ASH_COATED_OSMIUM;9919;20;9916;21;;;9927;12;9929;20;;;9923.0;0.0
yf_ZS=F_d5;14500;INTARIAN_PEPPER_ROOT;11174;13;11170;24;;;11180;8;11183;18;;;11177.0;0.0
yf_ZS=F_d5;14600;ASH_COATED_OSMIUM;9920;12;9918;19;;;9926;11;9929;21;;;9923.0;0.0
yf_ZS=F_d5;14600;INTARIAN_PEPPER_ROOT;11167;18;11165;20;;;11184;14;11186;22;;;11175.5;0.0
yf_ZS=F_d5;14700;ASH_COATED_OSMIUM;9919;11;9917;29;;;9927;14;9931;15;;;9923.0;0.0
yf_ZS=F_d5;14700;INTARIAN_PEPPER_ROOT;11170;22;11167;17;;;11178;11;11180;21;;;11174.0;0.0
yf_ZS=F_d5;14800;ASH_COATED_OSMIUM;9920;12;9918;17;;;9926;19;9930;17;;;9923.0;0.0
yf_ZS=F_d5;14800;INTARIAN_PEPPER_ROOT;11169;18;11165;14;;;11175;18;11178;17;;;11172.0;0.0
yf_ZS=F_d5;14900;ASH_COATED_OSMIUM;9921;13;9919;27;;;9927;9;9931;27;;;9924.0;0.0
yf_ZS=F_d5;14900;INTARIAN_PEPPER_ROOT;11165;15;11163;31;;;11178;22;11180;18;;;11171.5;0.0
yf_ZS=F_d5;15000;ASH_COATED_OSMIUM;9919;22;9916;19;;;9928;13;9930;24;;;9923.5;0.0
yf_ZS=F_d5;15000;INTARIAN_PEPPER_ROOT;11167;14;11163;14;;;11173;12;11175;22;;;11170.0;0.0
yf_ZS=F_d5;15100;ASH_COATED_OSMIUM;9921;18;9918;21;;;9927;14;9930;20;;;9924.0;0.0
yf_ZS=F_d5;15100;INTARIAN_PEPPER_ROOT;11162;11;11159;19;;;11175;17;11177;25;;;11168.5;0.0
yf_ZS=F_d5;15200;ASH_COATED_OSMIUM;9918;9;9914;17;;;9929;19;9932;19;;;9923.5;0.0
yf_ZS=F_d5;15200;INTARIAN_PEPPER_ROOT;11163;19;11159;17;;;11169;19;11173;19;;;11166.0;0.0
yf_ZS=F_d5;15300;ASH_COATED_OSMIUM;9920;15;9917;27;;;9926;9;9930;21;;;9923.0;0.0
yf_ZS=F_d5;15300;INTARIAN_PEPPER_ROOT;11161;16;11157;24;;;11168;10;11172;12;;;11164.5;0.0
yf_ZS=F_d5;15400;ASH_COATED_OSMIUM;9920;17;9917;19;;;9927;23;9930;20;;;9923.5;0.0
yf_ZS=F_d5;15400;INTARIAN_PEPPER_ROOT;11160;13;11157;22;;;11166;15;11169;17;;;11163.0;0.0
yf_ZS=F_d5;15500;ASH_COATED_OSMIUM;9920;13;9918;20;;;9928;24;9932;15;;;9924.0;0.0
yf_ZS=F_d5;15500;INTARIAN_PEPPER_ROOT;11158;15;11155;15;;;11164;17;11166;16;;;11161.0;0.0
yf_ZS=F_d5;15600;ASH_COATED_OSMIUM;9921;12;9917;16;;;9927;10;9931;12;;;9924.0;0.0
yf_ZS=F_d5;15600;INTARIAN_PEPPER_ROOT;11156;7;11153;20;;;11163;12;11165;16;;;11159.5;0.0
yf_ZS=F_d5;15700;ASH_COATED_OSMIUM;9920;19;9917;19;;;9927;8;9931;24;;;9923.5;0.0
yf_ZS=F_d5;15700;INTARIAN_PEPPER_ROOT;11151;10;11148;20;;;11164;14;11168;25;;;11157.5;0.0
yf_ZS=F_d5;15800;ASH_COATED_OSMIUM;9914;15;9912;21;;;9933;20;9936;11;;;9923.5;0.0
yf_ZS=F_d5;15800;INTARIAN_PEPPER_ROOT;11153;17;11150;26;;;11160;16;11163;11;;;11156.5;0.0
yf_ZS=F_d5;15900;ASH_COATED_OSMIUM;9921;13;9919;21;;;9927;13;9930;20;;;9924.0;0.0
yf_ZS=F_d5;15900;INTARIAN_PEPPER_ROOT;11152;16;11148;20;;;11158;14;11161;14;;;11155.0;0.0
yf_ZS=F_d5;16000;ASH_COATED_OSMIUM;9920;16;9916;20;;;9930;19;9932;20;;;9925.0;0.0
yf_ZS=F_d5;16000;INTARIAN_PEPPER_ROOT;11143;19;11141;17;;;11164;18;11167;18;;;11153.5;0.0
yf_ZS=F_d5;16100;ASH_COATED_OSMIUM;9920;12;9918;21;;;9929;10;9933;18;;;9924.5;0.0
yf_ZS=F_d5;16100;INTARIAN_PEPPER_ROOT;11148;16;11145;21;;;11154;15;11156;13;;;11151.0;0.0
yf_ZS=F_d5;16200;ASH_COATED_OSMIUM;9916;11;9913;19;;;9933;11;9937;17;;;9924.5;0.0
yf_ZS=F_d5;16200;INTARIAN_PEPPER_ROOT;11146;18;11144;23;;;11152;17;11156;18;;;11149.0;0.0
yf_ZS=F_d5;16300;ASH_COATED_OSMIUM;9921;16;9919;20;;;9927;22;9930;18;;;9924.0;0.0
yf_ZS=F_d5;16300;INTARIAN_PEPPER_ROOT;11145;13;11143;17;;;11151;14;11153;12;;;11148.0;0.0
yf_ZS=F_d5;16400;ASH_COATED_OSMIUM;9921;14;9917;19;;;9927;19;9930;19;;;9924.0;0.0
yf_ZS=F_d5;16400;INTARIAN_PEPPER_ROOT;11144;15;11141;14;;;11150;15;11153;19;;;11147.0;0.0
yf_ZS=F_d5;16500;ASH_COATED_OSMIUM;9915;5;9913;20;;;9936;11;9940;18;;;9925.5;0.0
yf_ZS=F_d5;16500;INTARIAN_PEPPER_ROOT;11142;14;11139;27;;;11149;19;11152;31;;;11145.5;0.0
yf_ZS=F_d5;16600;ASH_COATED_OSMIUM;9922;23;9919;22;;;9928;21;9931;24;;;9925.0;0.0
yf_ZS=F_d5;16600;INTARIAN_PEPPER_ROOT;11139;16;11137;22;;;11147;7;11151;21;;;11143.0;0.0
yf_ZS=F_d5;16700;ASH_COATED_OSMIUM;9920;11;9917;9;;;9929;12;9932;29;;;9924.5;0.0
yf_ZS=F_d5;16700;INTARIAN_PEPPER_ROOT;11138;15;11135;26;;;11146;16;11148;13;;;11142.0;0.0
yf_ZS=F_d5;16800;ASH_COATED_OSMIUM;9922;15;9918;23;;;9928;7;9930;13;;;9925.0;0.0
yf_ZS=F_d5;16800;INTARIAN_PEPPER_ROOT;11137;10;11133;13;;;11143;7;11145;20;;;11140.0;0.0
yf_ZS=F_d5;16900;ASH_COATED_OSMIUM;9922;7;9919;23;;;9929;9;9932;16;;;9925.5;0.0
yf_ZS=F_d5;16900;INTARIAN_PEPPER_ROOT;11135;20;11131;14;;;11141;17;11145;15;;;11138.0;0.0
yf_ZS=F_d5;17000;ASH_COATED_OSMIUM;9919;27;9915;32;;;9932;19;9936;24;;;9925.5;0.0
yf_ZS=F_d5;17000;INTARIAN_PEPPER_ROOT;11134;14;11132;31;;;11140;18;11142;32;;;11137.0;0.0
yf_ZS=F_d5;17100;ASH_COATED_OSMIUM;9915;16;9911;21;;;9936;9;9940;18;;;9925.5;0.0
yf_ZS=F_d5;17100;INTARIAN_PEPPER_ROOT;11133;24;11130;20;;;11139;12;11142;30;;;11136.0;0.0
yf_ZS=F_d5;17200;ASH_COATED_OSMIUM;9919;12;9917;24;;;9933;12;9936;24;;;9926.0;0.0
yf_ZS=F_d5;17200;INTARIAN_PEPPER_ROOT;11131;19;11128;22;;;11140;16;11144;18;;;11135.5;0.0
yf_ZS=F_d5;17300;ASH_COATED_OSMIUM;9923;8;9921;24;;;9929;13;9932;14;;;9926.0;0.0
yf_ZS=F_d5;17300;INTARIAN_PEPPER_ROOT;11131;17;11129;22;;;11137;16;11141;18;;;11134.0;0.0
yf_ZS=F_d5;17400;ASH_COATED_OSMIUM;9917;7;9915;16;;;9933;16;9935;18;;;9925.0;0.0
yf_ZS=F_d5;17400;INTARIAN_PEPPER_ROOT;11130;20;11128;8;;;11136;25;11140;19;;;11133.0;0.0
yf_ZS=F_d5;17500;ASH_COATED_OSMIUM;9922;18;9920;16;;;9928;19;9931;15;;;9925.0;0.0
yf_ZS=F_d5;17500;INTARIAN_PEPPER_ROOT;11124;24;11120;22;;;11138;28;11141;21;;;11131.0;0.0
yf_ZS=F_d5;17600;ASH_COATED_OSMIUM;9922;14;9920;21;;;9929;18;9931;18;;;9925.5;0.0
yf_ZS=F_d5;17600;INTARIAN_PEPPER_ROOT;11125;20;11123;27;;;11135;16;11138;20;;;11130.0;0.0
yf_ZS=F_d5;17700;ASH_COATED_OSMIUM;9922;13;9919;23;;;9928;13;9932;18;;;9925.0;0.0
yf_ZS=F_d5;17700;INTARIAN_PEPPER_ROOT;11126;21;11124;12;;;11132;21;11134;19;;;11129.0;0.0
yf_ZS=F_d5;17800;ASH_COATED_OSMIUM;9923;5;9919;21;;;9929;19;9931;20;;;9926.0;0.0
yf_ZS=F_d5;17800;INTARIAN_PEPPER_ROOT;11125;7;11122;16;;;11131;14;11133;16;;;11128.0;0.0
yf_ZS=F_d5;17900;ASH_COATED_OSMIUM;9922;9;9918;11;;;9928;8;9930;21;;;9925.0;0.0
yf_ZS=F_d5;17900;INTARIAN_PEPPER_ROOT;11122;13;11120;9;;;11133;11;11136;20;;;11127.5;0.0
yf_ZS=F_d5;18000;ASH_COATED_OSMIUM;9923;19;9921;18;;;9929;6;9933;24;;;9926.0;0.0
yf_ZS=F_d5;18000;INTARIAN_PEPPER_ROOT;11123;6;11120;19;;;11129;17;11133;16;;;11126.0;0.0
yf_ZS=F_d5;18100;ASH_COATED_OSMIUM;9915;10;9911;16;;;9937;20;9940;17;;;9926.0;0.0
yf_ZS=F_d5;18100;INTARIAN_PEPPER_ROOT;11109;17;11107;29;;;11140;20;11144;13;;;11124.5;0.0
yf_ZS=F_d5;18200;ASH_COATED_OSMIUM;9923;14;9921;24;;;9929;18;9932;24;;;9926.0;0.0
yf_ZS=F_d5;18200;INTARIAN_PEPPER_ROOT;11120;8;11116;29;;;11126;17;11130;28;;;11123.0;0.0
yf_ZS=F_d5;18300;ASH_COATED_OSMIUM;9923;12;9919;18;;;9929;25;9933;15;;;9926.0;0.0
yf_ZS=F_d5;18300;INTARIAN_PEPPER_ROOT;11119;25;11115;21;;;11125;16;11127;31;;;11122.0;0.0
yf_ZS=F_d5;18400;ASH_COATED_OSMIUM;9922;15;9919;14;;;9930;11;9932;25;;;9926.0;0.0
yf_ZS=F_d5;18400;INTARIAN_PEPPER_ROOT;11111;10;11108;26;;;11131;17;11134;12;;;11121.0;0.0
yf_ZS=F_d5;18500;ASH_COATED_OSMIUM;9923;13;9919;25;;;9929;16;9931;19;;;9926.0;0.0
yf_ZS=F_d5;18500;INTARIAN_PEPPER_ROOT;11117;10;11115;15;;;11123;9;11126;22;;;11120.0;0.0
yf_ZS=F_d5;18600;ASH_COATED_OSMIUM;9923;5;9921;17;;;9929;8;9932;21;;;9926.0;0.0
yf_ZS=F_d5;18600;INTARIAN_PEPPER_ROOT;11116;20;11113;23;;;11122;26;11124;13;;;11119.0;0.0
yf_ZS=F_d5;18700;ASH_COATED_OSMIUM;9923;13;9919;14;;;9929;22;9932;19;;;9926.0;0.0
yf_ZS=F_d5;18700;INTARIAN_PEPPER_ROOT;11115;12;11111;23;;;11121;6;11123;24;;;11118.0;0.0
yf_ZS=F_d5;18800;ASH_COATED_OSMIUM;9918;15;9915;23;;;9934;21;9937;19;;;9926.0;0.0
yf_ZS=F_d5;18800;INTARIAN_PEPPER_ROOT;11111;11;11107;8;;;11121;14;11124;14;;;11116.0;0.0
yf_ZS=F_d5;18900;ASH_COATED_OSMIUM;9914;8;9912;19;;;9939;14;9943;13;;;9926.5;0.0
yf_ZS=F_d5;18900;INTARIAN_PEPPER_ROOT;11112;9;11110;14;;;11118;19;11120;17;;;11115.0;0.0
yf_ZS=F_d5;19000;ASH_COATED_OSMIUM;9924;11;9921;23;;;9930;22;9933;19;;;9927.0;0.0
yf_ZS=F_d5;19000;INTARIAN_PEPPER_ROOT;11111;11;11108;18;;;11117;21;11119;24;;;11114.0;0.0
yf_ZS=F_d5;19100;ASH_COATED_OSMIUM;9923;11;9919;17;;;9929;8;9932;23;;;9926.0;0.0
yf_ZS=F_d5;19100;INTARIAN_PEPPER_ROOT;11107;19;11104;20;;;11120;16;11123;21;;;11113.5;0.0
yf_ZS=F_d5;19200;ASH_COATED_OSMIUM;9924;11;9920;28;;;9930;12;9932;23;;;9927.0;0.0
yf_ZS=F_d5;19200;INTARIAN_PEPPER_ROOT;11107;12;11105;17;;;11116;15;11118;17;;;11111.5;0.0
yf_ZS=F_d5;19300;ASH_COATED_OSMIUM;9924;10;9922;15;;;9930;20;9932;22;;;9927.0;0.0
yf_ZS=F_d5;19300;INTARIAN_PEPPER_ROOT;11107;17;11104;20;;;11113;18;11115;16;;;11110.0;0.0
yf_ZS=F_d5;19400;ASH_COATED_OSMIUM;9924;16;9922;14;;;9931;15;9934;20;;;9927.5;0.0
yf_ZS=F_d5;19400;INTARIAN_PEPPER_ROOT;11102;11;11098;18;;;11117;14;11120;22;;;11109.5;0.0
yf_ZS=F_d5;19500;ASH_COATED_OSMIUM;9923;20;9920;17;;;9931;15;9935;26;;;9927.0;0.0
yf_ZS=F_d5;19500;INTARIAN_PEPPER_ROOT;11106;16;11103;14;;;11112;10;11116;17;;;11109.0;0.0
yf_ZS=F_d5;19600;ASH_COATED_OSMIUM;9924;8;9920;18;;;9930;17;9933;27;;;9927.0;0.0
yf_ZS=F_d5;19600;INTARIAN_PEPPER_ROOT;11100;12;11097;21;;;11114;26;11117;14;;;11107.0;0.0
yf_ZS=F_d5;19700;ASH_COATED_OSMIUM;9922;12;9920;21;;;9931;17;9934;22;;;9926.5;0.0
yf_ZS=F_d5;19700;INTARIAN_PEPPER_ROOT;11095;25;11091;13;;;11116;17;11118;17;;;11105.5;0.0
yf_ZS=F_d5;19800;ASH_COATED_OSMIUM;9924;19;9920;21;;;9930;12;9934;23;;;9927.0;0.0
yf_ZS=F_d5;19800;INTARIAN_PEPPER_ROOT;11099;18;11096;14;;;11110;16;11114;21;;;11104.5;0.0
yf_ZS=F_d5;19900;ASH_COATED_OSMIUM;9924;18;9922;14;;;9930;10;9933;22;;;9927.0;0.0
yf_ZS=F_d5;19900;INTARIAN_PEPPER_ROOT;11101;6;11099;14;;;11107;17;11109;16;;;11104.0;0.0
yf_ZS=F_d5;20000;ASH_COATED_OSMIUM;9923;6;9919;20;;;9931;8;9935;19;;;9927.0;0.0
yf_ZS=F_d5;20000;INTARIAN_PEPPER_ROOT;11092;5;11088;25;;;11112;12;11115;24;;;11102.0;0.0
yf_ZS=F_d5;20100;ASH_COATED_OSMIUM;9921;13;9919;16;;;9933;20;9937;28;;;9927.0;0.0
yf_ZS=F_d5;20100;INTARIAN_PEPPER_ROOT;11098;12;11094;23;;;11104;20;11107;12;;;11101.0;0.0
yf_ZS=F_d5;20200;ASH_COATED_OSMIUM;9923;21;9919;17;;;9929;12;9932;20;;;9926.0;0.0
yf_ZS=F_d5;20200;INTARIAN_PEPPER_ROOT;11098;11;11096;16;;;11104;14;11106;31;;;11101.0;0.0
yf_ZS=F_d5;20300;ASH_COATED_OSMIUM;9919;8;9915;25;;;9934;22;9938;20;;;9926.5;0.0
yf_ZS=F_d5;20300;INTARIAN_PEPPER_ROOT;11091;5;11089;21;;;11108;14;11111;24;;;11099.5;0.0
yf_ZS=F_d5;20400;ASH_COATED_OSMIUM;9924;16;9921;22;;;9930;18;9934;31;;;9927.0;0.0
yf_ZS=F_d5;20400;INTARIAN_PEPPER_ROOT;11095;13;11092;16;;;11101;5;11104;25;;;11098.0;0.0
yf_ZS=F_d5;20500;ASH_COATED_OSMIUM;9924;9;9921;25;;;9930;13;9934;20;;;9927.0;0.0
yf_ZS=F_d5;20500;INTARIAN_PEPPER_ROOT;11093;19;11089;27;;;11101;10;11103;16;;;11097.0;0.0
yf_ZS=F_d5;20600;ASH_COATED_OSMIUM;9912;23;9909;17;;;9942;16;9946;27;;;9927.0;0.0
yf_ZS=F_d5;20600;INTARIAN_PEPPER_ROOT;11078;14;11075;12;;;11113;19;11115;13;;;11095.5;0.0
yf_ZS=F_d5;20700;ASH_COATED_OSMIUM;9924;16;9922;19;;;9930;13;9933;21;;;9927.0;0.0
yf_ZS=F_d5;20700;INTARIAN_PEPPER_ROOT;11087;22;11084;19;;;11103;21;11105;24;;;11095.0;0.0
yf_ZS=F_d5;20800;ASH_COATED_OSMIUM;9924;11;9921;12;;;9930;10;9934;31;;;9927.0;0.0
yf_ZS=F_d5;20800;INTARIAN_PEPPER_ROOT;11090;5;11087;18;;;11096;7;11098;13;;;11093.0;0.0
yf_ZS=F_d5;20900;ASH_COATED_OSMIUM;9924;14;9921;10;;;9930;11;9932;18;;;9927.0;0.0
yf_ZS=F_d5;20900;INTARIAN_PEPPER_ROOT;11087;18;11085;20;;;11098;20;11102;19;;;11092.5;0.0
yf_ZS=F_d5;21000;ASH_COATED_OSMIUM;9922;24;9918;17;;;9933;15;9935;15;;;9927.5;0.0
yf_ZS=F_d5;21000;INTARIAN_PEPPER_ROOT;11088;15;11085;23;;;11096;20;11098;28;;;11092.0;0.0
yf_ZS=F_d5;21100;ASH_COATED_OSMIUM;9924;12;9922;19;;;9930;12;9932;14;;;9927.0;0.0
yf_ZS=F_d5;21100;INTARIAN_PEPPER_ROOT;11075;20;11072;26;;;11105;17;11107;12;;;11090.0;0.0
yf_ZS=F_d5;21200;ASH_COATED_OSMIUM;9924;22;9921;25;;;9930;9;9932;20;;;9927.0;0.0
yf_ZS=F_d5;21200;INTARIAN_PEPPER_ROOT;11081;12;11078;16;;;11097;24;11100;24;;;11089.0;0.0
yf_ZS=F_d5;21300;ASH_COATED_OSMIUM;9924;18;9921;19;;;9930;13;9933;29;;;9927.0;0.0
yf_ZS=F_d5;21300;INTARIAN_PEPPER_ROOT;11081;19;11079;23;;;11093;16;11095;19;;;11087.0;0.0
yf_ZS=F_d5;21400;ASH_COATED_OSMIUM;9919;12;9917;20;;;9935;23;9937;18;;;9927.0;0.0
yf_ZS=F_d5;21400;INTARIAN_PEPPER_ROOT;11083;15;11079;26;;;11090;15;11093;16;;;11086.5;0.0
yf_ZS=F_d5;21500;ASH_COATED_OSMIUM;9920;14;9917;16;;;9936;5;9940;17;;;9928.0;0.0
yf_ZS=F_d5;21500;INTARIAN_PEPPER_ROOT;11083;12;11081;26;;;11089;23;11091;14;;;11086.0;0.0
yf_ZS=F_d5;21600;ASH_COATED_OSMIUM;9918;18;9915;8;;;9936;12;9939;21;;;9927.0;0.0
yf_ZS=F_d5;21600;INTARIAN_PEPPER_ROOT;11080;13;11076;17;;;11087;8;11090;14;;;11083.5;0.0
yf_ZS=F_d5;21700;ASH_COATED_OSMIUM;9919;6;9916;21;;;9936;14;9940;24;;;9927.5;0.0
yf_ZS=F_d5;21700;INTARIAN_PEPPER_ROOT;11080;12;11077;14;;;11086;18;11088;17;;;11083.0;0.0
yf_ZS=F_d5;21800;ASH_COATED_OSMIUM;9925;22;9921;20;;;9931;7;9933;15;;;9928.0;0.0
yf_ZS=F_d5;21800;INTARIAN_PEPPER_ROOT;11079;16;11076;23;;;11085;13;11089;14;;;11082.0;0.0
yf_ZS=F_d5;21900;ASH_COATED_OSMIUM;9922;14;9920;18;;;9934;12;9938;20;;;9928.0;0.0
yf_ZS=F_d5;21900;INTARIAN_PEPPER_ROOT;11078;12;11076;9;;;11084;21;11088;21;;;11081.0;0.0
yf_ZS=F_d5;22000;ASH_COATED_OSMIUM;9925;16;9921;18;;;9931;20;9933;8;;;9928.0;0.0
yf_ZS=F_d5;22000;INTARIAN_PEPPER_ROOT;11074;16;11070;15;;;11084;22;11086;17;;;11079.0;0.0
yf_ZS=F_d5;22100;ASH_COATED_OSMIUM;9924;16;9921;22;;;9933;11;9936;17;;;9928.5;0.0
yf_ZS=F_d5;22100;INTARIAN_PEPPER_ROOT;11075;14;11073;25;;;11081;22;11085;12;;;11078.0;0.0
yf_ZS=F_d5;22200;ASH_COATED_OSMIUM;9925;15;9922;18;;;9931;15;9933;19;;;9928.0;0.0
yf_ZS=F_d5;22200;INTARIAN_PEPPER_ROOT;11074;15;11072;25;;;11080;5;11082;22;;;11077.0;0.0
yf_ZS=F_d5;22300;ASH_COATED_OSMIUM;9925;11;9921;13;;;9931;18;9935;16;;;9928.0;0.0
yf_ZS=F_d5;22300;INTARIAN_PEPPER_ROOT;11073;21;11071;27;;;11080;19;11084;14;;;11076.5;0.0
yf_ZS=F_d5;22400;ASH_COATED_OSMIUM;9925;17;9922;14;;;9932;8;9936;12;;;9928.5;0.0
yf_ZS=F_d5;22400;INTARIAN_PEPPER_ROOT;11069;12;11066;17;;;11081;18;11085;21;;;11075.0;0.0
yf_ZS=F_d5;22500;ASH_COATED_OSMIUM;9925;14;9922;25;;;9931;20;9935;22;;;9928.0;0.0
yf_ZS=F_d5;22500;INTARIAN_PEPPER_ROOT;11071;12;11069;26;;;11077;15;11079;8;;;11074.0;0.0
yf_ZS=F_d5;22600;ASH_COATED_OSMIUM;9919;9;9916;21;;;9935;9;9937;27;;;9927.0;0.0
yf_ZS=F_d5;22600;INTARIAN_PEPPER_ROOT;11067;16;11063;14;;;11078;17;11082;16;;;11072.5;0.0
yf_ZS=F_d5;22700;ASH_COATED_OSMIUM;9925;19;9921;17;;;9931;20;9934;16;;;9928.0;0.0
yf_ZS=F_d5;22700;INTARIAN_PEPPER_ROOT;11069;15;11067;25;;;11075;19;11078;17;;;11072.0;0.0
yf_ZS=F_d5;22800;ASH_COATED_OSMIUM;9925;19;9923;17;;;9931;8;9935;25;;;9928.0;0.0
yf_ZS=F_d5;22800;INTARIAN_PEPPER_ROOT;11058;6;11056;20;;;11083;5;11085;24;;;11070.5;0.0
yf_ZS=F_d5;22900;ASH_COATED_OSMIUM;9925;18;9921;15;;;9931;14;9935;20;;;9928.0;0.0
yf_ZS=F_d5;22900;INTARIAN_PEPPER_ROOT;11067;5;11063;27;;;11073;12;11075;16;;;11070.0;0.0
yf_ZS=F_d5;23000;ASH_COATED_OSMIUM;9923;18;9919;26;;;9933;13;9936;22;;;9928.0;0.0
yf_ZS=F_d5;23000;INTARIAN_PEPPER_ROOT;11065;13;11062;26;;;11071;16;11073;23;;;11068.0;0.0
yf_ZS=F_d5;23100;ASH_COATED_OSMIUM;9915;20;9912;22;;;9942;18;9946;18;;;9928.5;0.0
yf_ZS=F_d5;23100;INTARIAN_PEPPER_ROOT;11064;16;11062;25;;;11070;20;11074;16;;;11067.0;0.0
yf_ZS=F_d5;23200;ASH_COATED_OSMIUM;9925;25;9921;22;;;9931;11;9934;13;;;9928.0;0.0
yf_ZS=F_d5;23200;INTARIAN_PEPPER_ROOT;11050;20;11046;19;;;11081;19;11083;14;;;11065.5;0.0
yf_ZS=F_d5;23300;ASH_COATED_OSMIUM;9924;16;9922;8;;;9933;17;9936;22;;;9928.5;0.0
yf_ZS=F_d5;23300;INTARIAN_PEPPER_ROOT;11062;11;11059;18;;;11068;24;11071;19;;;11065.0;0.0
yf_ZS=F_d5;23400;ASH_COATED_OSMIUM;9925;20;9921;22;;;9931;12;9935;12;;;9928.0;0.0
yf_ZS=F_d5;23400;INTARIAN_PEPPER_ROOT;11060;5;11058;30;;;11068;7;11072;17;;;11064.0;0.0
yf_ZS=F_d5;23500;ASH_COATED_OSMIUM;9925;16;9922;23;;;9933;11;9936;12;;;9929.0;0.0
yf_ZS=F_d5;23500;INTARIAN_PEPPER_ROOT;11058;21;11056;14;;;11067;19;11070;20;;;11062.5;0.0
yf_ZS=F_d5;23600;ASH_COATED_OSMIUM;9925;11;9923;13;;;9932;7;9934;19;;;9928.5;0.0
yf_ZS=F_d5;23600;INTARIAN_PEPPER_ROOT;11058;13;11056;19;;;11064;22;11068;19;;;11061.0;0.0
yf_ZS=F_d5;23700;ASH_COATED_OSMIUM;9920;19;9918;8;;;9938;19;9941;20;;;9929.0;0.0
yf_ZS=F_d5;23700;INTARIAN_PEPPER_ROOT;11055;11;11052;14;;;11066;16;11068;19;;;11060.5;0.0
yf_ZS=F_d5;23800;ASH_COATED_OSMIUM;9924;10;9920;25;;;9934;16;9936;23;;;9929.0;0.0
yf_ZS=F_d5;23800;INTARIAN_PEPPER_ROOT;11056;9;11052;11;;;11062;17;11064;19;;;11059.0;0.0
yf_ZS=F_d5;23900;ASH_COATED_OSMIUM;9926;21;9924;17;;;9932;19;9935;21;;;9929.0;0.0
yf_ZS=F_d5;23900;INTARIAN_PEPPER_ROOT;11052;17;11050;16;;;11064;14;11066;20;;;11058.0;0.0
yf_ZS=F_d5;24000;ASH_COATED_OSMIUM;9927;11;9924;21;;;9933;9;9937;20;;;9930.0;0.0
yf_ZS=F_d5;24000;INTARIAN_PEPPER_ROOT;11053;12;11049;17;;;11059;20;11063;24;;;11056.0;0.0
yf_ZS=F_d5;24100;ASH_COATED_OSMIUM;9915;16;9911;21;;;9942;19;9944;12;;;9928.5;0.0
yf_ZS=F_d5;24100;INTARIAN_PEPPER_ROOT;11052;6;11048;22;;;11058;16;11062;18;;;11055.0;0.0
yf_ZS=F_d5;24200;ASH_COATED_OSMIUM;9924;5;9922;26;;;9934;19;9936;17;;;9929.0;0.0
yf_ZS=F_d5;24200;INTARIAN_PEPPER_ROOT;11051;9;11048;20;;;11057;13;11059;22;;;11054.0;0.0
yf_ZS=F_d5;24300;ASH_COATED_OSMIUM;9918;13;9916;17;;;9941;18;9943;20;;;9929.5;0.0
yf_ZS=F_d5;24300;INTARIAN_PEPPER_ROOT;11051;10;11047;21;;;11057;14;11060;10;;;11054.0;0.0
yf_ZS=F_d5;24400;ASH_COATED_OSMIUM;9925;25;9923;17;;;9931;14;9933;19;;;9928.0;0.0
yf_ZS=F_d5;24400;INTARIAN_PEPPER_ROOT;11049;12;11047;20;;;11055;7;11058;31;;;11052.0;0.0
yf_ZS=F_d5;24500;ASH_COATED_OSMIUM;9926;11;9922;27;;;9932;17;9935;16;;;9929.0;0.0
yf_ZS=F_d5;24500;INTARIAN_PEPPER_ROOT;11048;25;11044;18;;;11054;10;11057;18;;;11051.0;0.0
yf_ZS=F_d5;24600;ASH_COATED_OSMIUM;9926;15;9924;25;;;9932;13;9935;17;;;9929.0;0.0
yf_ZS=F_d5;24600;INTARIAN_PEPPER_ROOT;11046;18;11044;21;;;11052;14;11056;25;;;11049.0;0.0
yf_ZS=F_d5;24700;ASH_COATED_OSMIUM;9926;10;9924;16;;;9932;11;9934;17;;;9929.0;0.0
yf_ZS=F_d5;24700;INTARIAN_PEPPER_ROOT;11045;15;11042;18;;;11051;18;11055;16;;;11048.0;0.0
yf_ZS=F_d5;24800;ASH_COATED_OSMIUM;9926;14;9924;18;;;9932;5;9934;20;;;9929.0;0.0
yf_ZS=F_d5;24800;INTARIAN_PEPPER_ROOT;11042;29;11038;24;;;11053;18;11057;18;;;11047.5;0.0
yf_ZS=F_d5;24900;ASH_COATED_OSMIUM;9926;12;9923;17;;;9932;7;9934;17;;;9929.0;0.0
yf_ZS=F_d5;24900;INTARIAN_PEPPER_ROOT;11042;18;11040;19;;;11050;7;11054;15;;;11046.0;0.0
yf_ZS=F_d5;25000;ASH_COATED_OSMIUM;9923;10;9920;12;;;9935;21;9937;21;;;9929.0;0.0
yf_ZS=F_d5;25000;INTARIAN_PEPPER_ROOT;11036;12;11034;16;;;11054;15;11057;19;;;11045.0;0.0
yf_ZS=F_d5;25100;ASH_COATED_OSMIUM;9926;11;9923;21;;;9932;19;9936;18;;;9929.0;0.0
yf_ZS=F_d5;25100;INTARIAN_PEPPER_ROOT;11041;5;11038;18;;;11047;9;11050;22;;;11044.0;0.0
yf_ZS=F_d5;25200;ASH_COATED_OSMIUM;9926;27;9922;17;;;9932;22;9934;17;;;9929.0;0.0
yf_ZS=F_d5;25200;INTARIAN_PEPPER_ROOT;11040;13;11038;18;;;11046;19;11050;17;;;11043.0;0.0
yf_ZS=F_d5;25300;ASH_COATED_OSMIUM;9926;10;9924;29;;;9932;12;9934;21;;;9929.0;0.0
yf_ZS=F_d5;25300;INTARIAN_PEPPER_ROOT;11039;15;11035;19;;;11045;19;11049;23;;;11042.0;0.0
yf_ZS=F_d5;25400;ASH_COATED_OSMIUM;9924;6;9922;24;;;9935;17;9938;17;;;9929.5;0.0
yf_ZS=F_d5;25400;INTARIAN_PEPPER_ROOT;11037;22;11035;26;;;11043;17;11045;27;;;11040.0;0.0
yf_ZS=F_d5;25500;ASH_COATED_OSMIUM;9927;20;9923;21;;;9933;11;9936;13;;;9930.0;0.0
yf_ZS=F_d5;25500;INTARIAN_PEPPER_ROOT;11026;10;11022;21;;;11053;20;11057;14;;;11039.5;0.0
yf_ZS=F_d5;25600;ASH_COATED_OSMIUM;9927;24;9923;22;;;9933;13;9937;20;;;9930.0;0.0
yf_ZS=F_d5;25600;INTARIAN_PEPPER_ROOT;11032;15;11028;16;;;11045;20;11047;27;;;11038.5;0.0
yf_ZS=F_d5;25700;ASH_COATED_OSMIUM;9923;5;9919;18;;;9938;18;9942;15;;;9930.5;0.0
yf_ZS=F_d5;25700;INTARIAN_PEPPER_ROOT;11034;14;11030;24;;;11040;8;11043;10;;;11037.0;0.0
yf_ZS=F_d5;25800;ASH_COATED_OSMIUM;9927;15;9924;18;;;9933;15;9936;26;;;9930.0;0.0
yf_ZS=F_d5;25800;INTARIAN_PEPPER_ROOT;11031;7;11028;14;;;11040;15;11044;21;;;11035.5;0.0
yf_ZS=F_d5;25900;ASH_COATED_OSMIUM;9927;19;9925;25;;;9933;13;9936;24;;;9930.0;0.0
yf_ZS=F_d5;25900;INTARIAN_PEPPER_ROOT;11032;24;11028;22;;;11038;15;11040;11;;;11035.0;0.0
yf_ZS=F_d5;26000;ASH_COATED_OSMIUM;9925;14;9922;17;;;9934;18;9938;12;;;9929.5;0.0
yf_ZS=F_d5;26000;INTARIAN_PEPPER_ROOT;11031;18;11027;20;;;11037;13;11040;14;;;11034.0;0.0
yf_ZS=F_d5;26100;ASH_COATED_OSMIUM;9926;17;9924;27;;;9935;16;9939;29;;;9930.5;0.0
yf_ZS=F_d5;26100;INTARIAN_PEPPER_ROOT;11025;22;11023;18;;;11041;8;11045;28;;;11033.0;0.0
yf_ZS=F_d5;26200;ASH_COATED_OSMIUM;9927;18;9923;19;;;9933;10;9937;22;;;9930.0;0.0
yf_ZS=F_d5;26200;INTARIAN_PEPPER_ROOT;11028;16;11024;13;;;11035;12;11038;25;;;11031.5;0.0
yf_ZS=F_d5;26300;ASH_COATED_OSMIUM;9927;20;9923;26;;;9933;12;9935;24;;;9930.0;0.0
yf_ZS=F_d5;26300;INTARIAN_PEPPER_ROOT;11028;9;11024;23;;;11034;5;11037;16;;;11031.0;0.0
yf_ZS=F_d5;26400;ASH_COATED_OSMIUM;9923;17;9920;21;;;9938;17;9941;19;;;9930.5;0.0
yf_ZS=F_d5;26400;INTARIAN_PEPPER_ROOT;11026;11;11023;20;;;11032;30;11035;18;;;11029.0;0.0
yf_ZS=F_d5;26500;ASH_COATED_OSMIUM;9927;5;9925;25;;;9933;15;9937;15;;;9930.0;0.0
yf_ZS=F_d5;26500;INTARIAN_PEPPER_ROOT;11026;29;11024;24;;;11032;10;11034;10;;;11029.0;0.0
yf_ZS=F_d5;26600;ASH_COATED_OSMIUM;9926;15;9923;22;;;9934;13;9938;19;;;9930.0;0.0
yf_ZS=F_d5;26600;INTARIAN_PEPPER_ROOT;11023;5;11021;20;;;11029;13;11032;24;;;11026.0;0.0
yf_ZS=F_d5;26700;ASH_COATED_OSMIUM;9927;21;9925;24;;;9933;10;9937;12;;;9930.0;0.0
yf_ZS=F_d5;26700;INTARIAN_PEPPER_ROOT;11023;11;11019;13;;;11029;12;11033;15;;;11026.0;0.0
yf_ZS=F_d5;26800;ASH_COATED_OSMIUM;9928;9;9924;22;;;9934;17;9936;11;;;9931.0;0.0
yf_ZS=F_d5;26800;INTARIAN_PEPPER_ROOT;11021;22;11018;22;;;11029;15;11033;19;;;11025.0;0.0
yf_ZS=F_d5;26900;ASH_COATED_OSMIUM;9927;5;9923;17;;;9933;18;9936;29;;;9930.0;0.0
yf_ZS=F_d5;26900;INTARIAN_PEPPER_ROOT;11017;14;11015;18;;;11029;12;11032;19;;;11023.0;0.0
yf_ZS=F_d5;27000;ASH_COATED_OSMIUM;9928;6;9924;17;;;9934;12;9936;17;;;9931.0;0.0
yf_ZS=F_d5;27000;INTARIAN_PEPPER_ROOT;11009;18;11005;23;;;11036;7;11038;18;;;11022.5;0.0
yf_ZS=F_d5;27100;ASH_COATED_OSMIUM;9927;14;9924;24;;;9933;16;9937;16;;;9930.0;0.0
yf_ZS=F_d5;27100;INTARIAN_PEPPER_ROOT;11018;17;11014;17;;;11024;13;11027;19;;;11021.0;0.0
yf_ZS=F_d5;27200;ASH_COATED_OSMIUM;9927;15;9923;14;;;9933;8;9937;17;;;9930.0;0.0
yf_ZS=F_d5;27200;INTARIAN_PEPPER_ROOT;11017;15;11014;23;;;11023;20;11026;18;;;11020.0;0.0
yf_ZS=F_d5;27300;ASH_COATED_OSMIUM;9928;11;9925;21;;;9934;16;9938;11;;;9931.0;0.0
yf_ZS=F_d5;27300;INTARIAN_PEPPER_ROOT;11015;16;11011;9;;;11021;10;11025;23;;;11018.0;0.0
yf_ZS=F_d5;27400;ASH_COATED_OSMIUM;9928;17;9925;19;;;9934;13;9938;25;;;9931.0;0.0
yf_ZS=F_d5;27400;INTARIAN_PEPPER_ROOT;11002;12;10998;20;;;11033;10;11037;22;;;11017.5;0.0
yf_ZS=F_d5;27500;ASH_COATED_OSMIUM;9926;10;9924;17;;;9936;15;9940;23;;;9931.0;0.0
yf_ZS=F_d5;27500;INTARIAN_PEPPER_ROOT;11013;17;11009;16;;;11019;14;11022;23;;;11016.0;0.0
yf_ZS=F_d5;27600;ASH_COATED_OSMIUM;9927;14;9925;26;;;9933;5;9936;24;;;9930.0;0.0
yf_ZS=F_d5;27600;INTARIAN_PEPPER_ROOT;11012;17;11010;10;;;11018;14;11020;15;;;11015.0;0.0
yf_ZS=F_d5;27700;ASH_COATED_OSMIUM;9928;20;9924;16;;;9934;13;9937;12;;;9931.0;0.0
yf_ZS=F_d5;27700;INTARIAN_PEPPER_ROOT;11011;9;11008;21;;;11017;20;11019;9;;;11014.0;0.0
yf_ZS=F_d5;27800;ASH_COATED_OSMIUM;9925;8;9921;18;;;9937;17;9939;10;;;9931.0;0.0
yf_ZS=F_d5;27800;INTARIAN_PEPPER_ROOT;11010;9;11008;28;;;11016;12;11019;22;;;11013.0;0.0
yf_ZS=F_d5;27900;ASH_COATED_OSMIUM;9914;16;9912;21;;;9947;16;9950;13;;;9930.5;0.0
yf_ZS=F_d5;27900;INTARIAN_PEPPER_ROOT;11008;16;11006;9;;;11014;10;11016;24;;;11011.0;0.0
yf_ZS=F_d5;28000;ASH_COATED_OSMIUM;9928;14;9925;19;;;9934;17;9936;25;;;9931.0;0.0
yf_ZS=F_d5;28000;INTARIAN_PEPPER_ROOT;11002;20;10998;22;;;11020;15;11023;19;;;11011.0;0.0
yf_ZS=F_d5;28100;ASH_COATED_OSMIUM;9928;17;9924;15;;;9934;11;9938;27;;;9931.0;0.0
yf_ZS=F_d5;28100;INTARIAN_PEPPER_ROOT;11007;19;11004;18;;;11013;13;11017;20;;;11010.0;0.0
yf_ZS=F_d5;28200;ASH_COATED_OSMIUM;9927;14;9923;17;;;9933;11;9937;21;;;9930.0;0.0
yf_ZS=F_d5;28200;INTARIAN_PEPPER_ROOT;11005;15;11003;23;;;11011;12;11013;19;;;11008.0;0.0
yf_ZS=F_d5;28300;ASH_COATED_OSMIUM;9927;12;9924;17;;;9935;15;9939;25;;;9931.0;0.0
yf_ZS=F_d5;28300;INTARIAN_PEPPER_ROOT;11004;19;11001;18;;;11012;14;11014;18;;;11008.0;0.0
yf_ZS=F_d5;28400;ASH_COATED_OSMIUM;9928;18;9925;24;;;9934;22;9937;15;;;9931.0;0.0
yf_ZS=F_d5;28400;INTARIAN_PEPPER_ROOT;11001;19;10997;22;;;11012;21;11015;18;;;11006.5;0.0
yf_ZS=F_d5;28500;ASH_COATED_OSMIUM;9918;12;9915;12;;;9946;19;9948;16;;;9932.0;0.0
yf_ZS=F_d5;28500;INTARIAN_PEPPER_ROOT;11002;20;11000;25;;;11008;16;11010;22;;;11005.0;0.0
yf_ZS=F_d5;28600;ASH_COATED_OSMIUM;9928;12;9926;21;;;9934;15;9937;17;;;9931.0;0.0
yf_ZS=F_d5;28600;INTARIAN_PEPPER_ROOT;10998;19;10994;21;;;11010;8;11013;15;;;11004.0;0.0
yf_ZS=F_d5;28700;ASH_COATED_OSMIUM;9929;7;9925;24;;;9935;14;9938;24;;;9932.0;0.0
yf_ZS=F_d5;28700;INTARIAN_PEPPER_ROOT;11000;17;10997;20;;;11006;10;11010;16;;;11003.0;0.0
yf_ZS=F_d5;28800;ASH_COATED_OSMIUM;9925;9;9922;14;;;9938;12;9940;20;;;9931.5;0.0
yf_ZS=F_d5;28800;INTARIAN_PEPPER_ROOT;10997;7;10995;22;;;11006;14;11010;8;;;11001.5;0.0
yf_ZS=F_d5;28900;ASH_COATED_OSMIUM;9929;18;9925;31;;;9935;11;9938;15;;;9932.0;0.0
yf_ZS=F_d5;28900;INTARIAN_PEPPER_ROOT;10994;9;10992;24;;;11006;17;11009;21;;;11000.0;0.0
yf_ZS=F_d5;29000;ASH_COATED_OSMIUM;9929;10;9925;15;;;9935;19;9938;16;;;9932.0;0.0
yf_ZS=F_d5;29000;INTARIAN_PEPPER_ROOT;10996;13;10993;22;;;11002;17;11005;19;;;10999.0;0.0
yf_ZS=F_d5;29100;ASH_COATED_OSMIUM;9928;14;9925;24;;;9934;12;9937;15;;;9931.0;0.0
yf_ZS=F_d5;29100;INTARIAN_PEPPER_ROOT;10995;15;10991;18;;;11001;5;11003;9;;;10998.0;0.0
yf_ZS=F_d5;29200;ASH_COATED_OSMIUM;9928;25;9926;11;;;9934;10;9937;25;;;9931.0;0.0
yf_ZS=F_d5;29200;INTARIAN_PEPPER_ROOT;10994;16;10991;19;;;11000;11;11004;29;;;10997.0;0.0
yf_ZS=F_d5;29300;ASH_COATED_OSMIUM;9928;15;9924;23;;;9934;16;9938;15;;;9931.0;0.0
yf_ZS=F_d5;29300;INTARIAN_PEPPER_ROOT;10988;18;10985;15;;;11003;16;11005;32;;;10995.5;0.0
yf_ZS=F_d5;29400;ASH_COATED_OSMIUM;9929;18;9926;14;;;9935;7;9938;15;;;9932.0;0.0
yf_ZS=F_d5;29400;INTARIAN_PEPPER_ROOT;10991;14;10988;27;;;10998;13;11000;21;;;10994.5;0.0
yf_ZS=F_d5;29500;ASH_COATED_OSMIUM;9929;11;9926;18;;;9935;11;9937;18;;;9932.0;0.0
yf_ZS=F_d5;29500;INTARIAN_PEPPER_ROOT;10983;15;10980;12;;;11002;12;11006;18;;;10992.5;0.0
yf_ZS=F_d5;29600;ASH_COATED_OSMIUM;9923;21;9920;12;;;9940;12;9942;21;;;9931.5;0.0
yf_ZS=F_d5;29600;INTARIAN_PEPPER_ROOT;10989;16;10985;18;;;10995;7;10997;21;;;10992.0;0.0
yf_ZS=F_d5;29700;ASH_COATED_OSMIUM;9929;13;9926;22;;;9935;14;9939;19;;;9932.0;0.0
yf_ZS=F_d5;29700;INTARIAN_PEPPER_ROOT;10987;12;10984;21;;;10996;10;10998;19;;;10991.5;0.0
yf_ZS=F_d5;29800;ASH_COATED_OSMIUM;9928;15;9925;18;;;9934;19;9937;16;;;9931.0;0.0
yf_ZS=F_d5;29800;INTARIAN_PEPPER_ROOT;10987;16;10985;16;;;10993;19;10995;28;;;10990.0;0.0
yf_ZS=F_d5;29900;ASH_COATED_OSMIUM;9929;16;9925;23;;;9936;16;9938;20;;;9932.5;0.0
yf_ZS=F_d5;29900;INTARIAN_PEPPER_ROOT;10980;23;10978;12;;;10997;16;10999;25;;;10988.5;0.0
yf_ZS=F_d5;30000;ASH_COATED_OSMIUM;9929;8;9926;14;;;9935;20;9939;19;;;9932.0;0.0
yf_ZS=F_d5;30000;INTARIAN_PEPPER_ROOT;10979;20;10975;15;;;10997;5;11000;23;;;10988.0;0.0
yf_ZS=F_d5;30100;ASH_COATED_OSMIUM;9914;19;9912;24;;;9950;14;9952;27;;;9932.0;0.0
yf_ZS=F_d5;30100;INTARIAN_PEPPER_ROOT;10983;15;10979;23;;;10989;14;10993;14;;;10986.0;0.0
yf_ZS=F_d5;30200;ASH_COATED_OSMIUM;9929;15;9926;16;;;9935;20;9937;18;;;9932.0;0.0
yf_ZS=F_d5;30200;INTARIAN_PEPPER_ROOT;10982;6;10978;21;;;10988;14;10990;22;;;10985.0;0.0
yf_ZS=F_d5;30300;ASH_COATED_OSMIUM;9929;17;9925;22;;;9935;22;9938;12;;;9932.0;0.0
yf_ZS=F_d5;30300;INTARIAN_PEPPER_ROOT;10982;9;10979;8;;;10988;13;10990;25;;;10985.0;0.0
yf_ZS=F_d5;30400;ASH_COATED_OSMIUM;9929;17;9927;19;;;9937;8;9940;18;;;9933.0;0.0
yf_ZS=F_d5;30400;INTARIAN_PEPPER_ROOT;10977;9;10974;14;;;10989;15;10992;17;;;10983.0;0.0
yf_ZS=F_d5;30500;ASH_COATED_OSMIUM;9924;14;9922;19;;;9941;18;9944;20;;;9932.5;0.0
yf_ZS=F_d5;30500;INTARIAN_PEPPER_ROOT;10979;5;10977;8;;;10985;21;10987;15;;;10982.0;0.0
yf_ZS=F_d5;30600;ASH_COATED_OSMIUM;9926;16;9924;12;;;9939;13;9943;9;;;9932.5;0.0
yf_ZS=F_d5;30600;INTARIAN_PEPPER_ROOT;10974;5;10970;15;;;10986;15;10989;20;;;10980.0;0.0
yf_ZS=F_d5;30700;ASH_COATED_OSMIUM;9929;25;9927;25;;;9935;11;9938;24;;;9932.0;0.0
yf_ZS=F_d5;30700;INTARIAN_PEPPER_ROOT;10976;23;10972;21;;;10982;15;10985;15;;;10979.0;0.0
yf_ZS=F_d5;30800;ASH_COATED_OSMIUM;9930;5;9928;27;;;9936;18;9939;27;;;9933.0;0.0
yf_ZS=F_d5;30800;INTARIAN_PEPPER_ROOT;10971;23;10969;30;;;10987;19;10991;19;;;10979.0;0.0
yf_ZS=F_d5;30900;ASH_COATED_OSMIUM;9929;19;9925;14;;;9935;5;9938;18;;;9932.0;0.0
yf_ZS=F_d5;30900;INTARIAN_PEPPER_ROOT;10974;5;10970;16;;;10980;12;10984;20;;;10977.0;0.0
yf_ZS=F_d5;31000;ASH_COATED_OSMIUM;9929;21;9927;26;;;9935;8;9939;14;;;9932.0;0.0
yf_ZS=F_d5;31000;INTARIAN_PEPPER_ROOT;10974;5;10972;17;;;10980;17;10984;22;;;10977.0;0.0
yf_ZS=F_d5;31100;ASH_COATED_OSMIUM;9929;11;9927;17;;;9935;9;9939;19;;;9932.0;0.0
yf_ZS=F_d5;31100;INTARIAN_PEPPER_ROOT;10972;20;10968;15;;;10978;20;10982;18;;;10975.0;0.0
yf_ZS=F_d5;31200;ASH_COATED_OSMIUM;9918;14;9916;20;;;9948;21;9952;29;;;9933.0;0.0
yf_ZS=F_d5;31200;INTARIAN_PEPPER_ROOT;10971;17;10968;16;;;10977;16;10981;27;;;10974.0;0.0
yf_ZS=F_d5;31300;ASH_COATED_OSMIUM;9929;18;9926;17;;;9936;11;9938;17;;;9932.5;0.0
yf_ZS=F_d5;31300;INTARIAN_PEPPER_ROOT;10969;17;10967;12;;;10975;15;10979;21;;;10972.0;0.0
yf_ZS=F_d5;31400;ASH_COATED_OSMIUM;9930;9;9926;24;;;9936;13;9938;13;;;9933.0;0.0
yf_ZS=F_d5;31400;INTARIAN_PEPPER_ROOT;10959;12;10956;27;;;10983;9;10985;12;;;10971.0;0.0
yf_ZS=F_d5;31500;ASH_COATED_OSMIUM;9930;17;9927;20;;;9937;20;9940;27;;;9933.5;0.0
yf_ZS=F_d5;31500;INTARIAN_PEPPER_ROOT;10968;17;10964;15;;;10974;13;10978;20;;;10971.0;0.0
yf_ZS=F_d5;31600;ASH_COATED_OSMIUM;9927;19;9924;16;;;9937;10;9939;28;;;9932.0;0.0
yf_ZS=F_d5;31600;INTARIAN_PEPPER_ROOT;10966;18;10962;28;;;10972;6;10974;18;;;10969.0;0.0
yf_ZS=F_d5;31700;ASH_COATED_OSMIUM;9928;11;9926;13;;;9938;19;9941;22;;;9933.0;0.0
yf_ZS=F_d5;31700;INTARIAN_PEPPER_ROOT;10966;7;10963;24;;;10972;10;10975;12;;;10969.0;0.0
yf_ZS=F_d5;31800;ASH_COATED_OSMIUM;9930;7;9928;22;;;9936;26;9938;19;;;9933.0;0.0
yf_ZS=F_d5;31800;INTARIAN_PEPPER_ROOT;10963;24;10959;25;;;10970;19;10972;15;;;10966.5;0.0
yf_ZS=F_d5;31900;ASH_COATED_OSMIUM;9931;7;9929;21;;;9937;14;9940;22;;;9934.0;0.0
yf_ZS=F_d5;31900;INTARIAN_PEPPER_ROOT;10962;22;10960;24;;;10970;13;10972;17;;;10966.0;0.0
yf_ZS=F_d5;32000;ASH_COATED_OSMIUM;9928;20;9924;15;;;9938;10;9942;19;;;9933.0;0.0
yf_ZS=F_d5;32000;INTARIAN_PEPPER_ROOT;10960;15;10958;18;;;10969;14;10971;22;;;10964.5;0.0
yf_ZS=F_d5;32100;ASH_COATED_OSMIUM;9930;18;9927;21;;;9936;19;9940;17;;;9933.0;0.0
yf_ZS=F_d5;32100;INTARIAN_PEPPER_ROOT;10961;15;10957;16;;;10967;13;10971;21;;;10964.0;0.0
yf_ZS=F_d5;32200;ASH_COATED_OSMIUM;9930;13;9926;21;;;9936;10;9940;18;;;9933.0;0.0
yf_ZS=F_d5;32200;INTARIAN_PEPPER_ROOT;10959;9;10957;16;;;10965;10;10969;25;;;10962.0;0.0
yf_ZS=F_d5;32300;ASH_COATED_OSMIUM;9930;5;9926;15;;;9936;16;9938;22;;;9933.0;0.0
yf_ZS=F_d5;32300;INTARIAN_PEPPER_ROOT;10955;17;10952;22;;;10966;5;10968;23;;;10960.5;0.0
yf_ZS=F_d5;32400;ASH_COATED_OSMIUM;9921;9;9918;19;;;9946;16;9948;11;;;9933.5;0.0
yf_ZS=F_d5;32400;INTARIAN_PEPPER_ROOT;10953;5;10950;31;;;10968;17;10970;19;;;10960.5;0.0
yf_ZS=F_d5;32500;ASH_COATED_OSMIUM;9923;12;9920;24;;;9942;18;9944;14;;;9932.5;0.0
yf_ZS=F_d5;32500;INTARIAN_PEPPER_ROOT;10956;15;10952;16;;;10962;11;10965;27;;;10959.0;0.0
yf_ZS=F_d5;32600;ASH_COATED_OSMIUM;9931;12;9927;29;;;9937;13;9939;23;;;9934.0;0.0
yf_ZS=F_d5;32600;INTARIAN_PEPPER_ROOT;10955;9;10953;13;;;10961;18;10965;10;;;10958.0;0.0
yf_ZS=F_d5;32700;ASH_COATED_OSMIUM;9931;18;9928;20;;;9937;10;9940;24;;;9934.0;0.0
yf_ZS=F_d5;32700;INTARIAN_PEPPER_ROOT;10952;19;10948;15;;;10961;15;10963;25;;;10956.5;0.0
yf_ZS=F_d5;32800;ASH_COATED_OSMIUM;9929;25;9925;24;;;9939;18;9941;17;;;9934.0;0.0
yf_ZS=F_d5;32800;INTARIAN_PEPPER_ROOT;10953;8;10949;18;;;10959;14;10963;21;;;10956.0;0.0
yf_ZS=F_d5;32900;ASH_COATED_OSMIUM;9924;8;9922;17;;;9944;11;9948;18;;;9934.0;0.0
yf_ZS=F_d5;32900;INTARIAN_PEPPER_ROOT;10947;16;10944;25;;;10962;5;10965;18;;;10954.5;0.0
yf_ZS=F_d5;33000;ASH_COATED_OSMIUM;9931;7;9927;18;;;9937;16;9939;17;;;9934.0;0.0
yf_ZS=F_d5;33000;INTARIAN_PEPPER_ROOT;10942;14;10938;30;;;10965;19;10967;18;;;10953.5;0.0
yf_ZS=F_d5;33100;ASH_COATED_OSMIUM;9923;13;9921;17;;;9944;11;9946;22;;;9933.5;0.0
yf_ZS=F_d5;33100;INTARIAN_PEPPER_ROOT;10950;10;10946;23;;;10956;14;10960;17;;;10953.0;0.0
yf_ZS=F_d5;33200;ASH_COATED_OSMIUM;9930;15;9926;21;;;9936;5;9938;13;;;9933.0;0.0
yf_ZS=F_d5;33200;INTARIAN_PEPPER_ROOT;10948;11;10946;29;;;10954;6;10956;13;;;10951.0;0.0
yf_ZS=F_d5;33300;ASH_COATED_OSMIUM;9931;22;9928;19;;;9937;13;9941;24;;;9934.0;0.0
yf_ZS=F_d5;33300;INTARIAN_PEPPER_ROOT;10944;13;10941;12;;;10956;9;10960;12;;;10950.0;0.0
yf_ZS=F_d5;33400;ASH_COATED_OSMIUM;9931;14;9927;15;;;9937;19;9939;27;;;9934.0;0.0
yf_ZS=F_d5;33400;INTARIAN_PEPPER_ROOT;10943;13;10940;17;;;10954;12;10956;17;;;10948.5;0.0
yf_ZS=F_d5;33500;ASH_COATED_OSMIUM;9931;5;9928;16;;;9937;12;9941;14;;;9934.0;0.0
yf_ZS=F_d5;33500;INTARIAN_PEPPER_ROOT;10944;16;10940;29;;;10952;10;10956;16;;;10948.0;0.0
yf_ZS=F_d5;33600;ASH_COATED_OSMIUM;9930;17;9927;19;;;9938;17;9941;26;;;9934.0;0.0
yf_ZS=F_d5;33600;INTARIAN_PEPPER_ROOT;10943;20;10940;20;;;10949;6;10953;22;;;10946.0;0.0
yf_ZS=F_d5;33700;ASH_COATED_OSMIUM;9931;23;9927;14;;;9937;16;9940;16;;;9934.0;0.0
yf_ZS=F_d5;33700;INTARIAN_PEPPER_ROOT;10942;11;10940;20;;;10948;17;10951;24;;;10945.0;0.0
yf_ZS=F_d5;33800;ASH_COATED_OSMIUM;9931;12;9928;21;;;9937;11;9940;10;;;9934.0;0.0
yf_ZS=F_d5;33800;INTARIAN_PEPPER_ROOT;10939;16;10935;25;;;10948;16;10951;22;;;10943.5;0.0
yf_ZS=F_d5;33900;ASH_COATED_OSMIUM;9930;13;9926;23;;;9939;6;9942;21;;;9934.5;0.0
yf_ZS=F_d5;33900;INTARIAN_PEPPER_ROOT;10934;5;10930;17;;;10952;5;10955;19;;;10943.0;0.0
yf_ZS=F_d5;34000;ASH_COATED_OSMIUM;9931;13;9928;27;;;9937;11;9939;17;;;9934.0;0.0
yf_ZS=F_d5;34000;INTARIAN_PEPPER_ROOT;10938;20;10934;20;;;10944;10;10948;20;;;10941.0;0.0
yf_ZS=F_d5;34100;ASH_COATED_OSMIUM;9927;20;9923;21;;;9941;7;9943;16;;;9934.0;0.0
yf_ZS=F_d5;34100;INTARIAN_PEPPER_ROOT;10936;15;10934;21;;;10942;14;10944;11;;;10939.0;0.0
yf_ZS=F_d5;34200;ASH_COATED_OSMIUM;9921;15;9917;18;;;9948;15;9950;24;;;9934.5;0.0
yf_ZS=F_d5;34200;INTARIAN_PEPPER_ROOT;10935;15;10933;24;;;10941;21;10943;11;;;10938.0;0.0
yf_ZS=F_d5;34300;ASH_COATED_OSMIUM;9932;19;9929;15;;;9938;19;9940;17;;;9935.0;0.0
yf_ZS=F_d5;34300;INTARIAN_PEPPER_ROOT;10932;12;10930;23;;;10939;15;10941;28;;;10935.5;0.0
yf_ZS=F_d5;34400;ASH_COATED_OSMIUM;9931;10;9929;20;;;9937;17;9939;22;;;9934.0;0.0
yf_ZS=F_d5;34400;INTARIAN_PEPPER_ROOT;10930;16;10926;20;;;10936;12;10940;11;;;10933.0;0.0
yf_ZS=F_d5;34500;ASH_COATED_OSMIUM;9932;5;9928;24;;;9938;19;9942;14;;;9935.0;0.0
yf_ZS=F_d5;34500;INTARIAN_PEPPER_ROOT;10929;25;10925;25;;;10935;10;10938;18;;;10932.0;0.0
yf_ZS=F_d5;34600;ASH_COATED_OSMIUM;9915;12;9912;18;;;9955;17;9958;16;;;9935.0;0.0
yf_ZS=F_d5;34600;INTARIAN_PEPPER_ROOT;10927;5;10925;21;;;10933;11;10935;16;;;10930.0;0.0
yf_ZS=F_d5;34700;ASH_COATED_OSMIUM;9927;10;9923;17;;;9942;12;9945;23;;;9934.5;0.0
yf_ZS=F_d5;34700;INTARIAN_PEPPER_ROOT;10925;11;10921;17;;;10931;9;10935;19;;;10928.0;0.0
yf_ZS=F_d5;34800;ASH_COATED_OSMIUM;9932;24;9929;17;;;9938;18;9941;17;;;9935.0;0.0
yf_ZS=F_d5;34800;INTARIAN_PEPPER_ROOT;10920;13;10917;11;;;10934;18;10938;24;;;10927.0;0.0
yf_ZS=F_d5;34900;ASH_COATED_OSMIUM;9932;23;9930;18;;;9938;14;9942;21;;;9935.0;0.0
yf_ZS=F_d5;34900;INTARIAN_PEPPER_ROOT;10920;15;10917;23;;;10928;14;10930;30;;;10924.0;0.0
yf_ZS=F_d5;35000;ASH_COATED_OSMIUM;9927;17;9924;21;;;9943;12;9945;14;;;9935.0;0.0
yf_ZS=F_d5;35000;INTARIAN_PEPPER_ROOT;10916;8;10914;20;;;10930;21;10934;19;;;10923.0;0.0
yf_ZS=F_d5;35100;ASH_COATED_OSMIUM;9932;18;9929;19;;;9938;18;9941;22;;;9935.0;0.0
yf_ZS=F_d5;35100;INTARIAN_PEPPER_ROOT;10918;19;10916;14;;;10924;22;10928;18;;;10921.0;0.0
yf_ZS=F_d5;35200;ASH_COATED_OSMIUM;9931;17;9929;21;;;9940;14;9944;21;;;9935.5;0.0
yf_ZS=F_d5;35200;INTARIAN_PEPPER_ROOT;10916;10;10912;22;;;10922;16;10924;23;;;10919.0;0.0
yf_ZS=F_d5;35300;ASH_COATED_OSMIUM;9927;15;9923;16;;;9942;11;9944;15;;;9934.5;0.0
yf_ZS=F_d5;35300;INTARIAN_PEPPER_ROOT;10914;17;10911;21;;;10920;12;10922;14;;;10917.0;0.0
yf_ZS=F_d5;35400;ASH_COATED_OSMIUM;9932;12;9928;27;;;9938;11;9940;23;;;9935.0;0.0
yf_ZS=F_d5;35400;INTARIAN_PEPPER_ROOT;10912;13;10908;21;;;10918;8;10920;17;;;10915.0;0.0
yf_ZS=F_d5;35500;ASH_COATED_OSMIUM;9931;17;9928;20;;;9940;25;9944;15;;;9935.5;0.0
yf_ZS=F_d5;35500;INTARIAN_PEPPER_ROOT;10911;18;10909;27;;;10917;12;10920;14;;;10914.0;0.0
yf_ZS=F_d5;35600;ASH_COATED_OSMIUM;9933;15;9929;18;;;9939;13;9941;30;;;9936.0;0.0
yf_ZS=F_d5;35600;INTARIAN_PEPPER_ROOT;10909;17;10905;20;;;10915;15;10917;27;;;10912.0;0.0
yf_ZS=F_d5;35700;ASH_COATED_OSMIUM;9932;21;9928;15;;;9938;18;9941;21;;;9935.0;0.0
yf_ZS=F_d5;35700;INTARIAN_PEPPER_ROOT;10906;5;10902;16;;;10913;13;10916;17;;;10909.5;0.0
yf_ZS=F_d5;35800;ASH_COATED_OSMIUM;9933;23;9931;20;;;9939;16;9941;20;;;9936.0;0.0
yf_ZS=F_d5;35800;INTARIAN_PEPPER_ROOT;10905;22;10903;22;;;10912;11;10914;18;;;10908.5;0.0
yf_ZS=F_d5;35900;ASH_COATED_OSMIUM;9927;20;9924;23;;;9944;11;9948;18;;;9935.5;0.0
yf_ZS=F_d5;35900;INTARIAN_PEPPER_ROOT;10904;6;10900;14;;;10910;12;10913;17;;;10907.0;0.0
yf_ZS=F_d5;36000;ASH_COATED_OSMIUM;9931;11;9928;15;;;9940;9;9942;11;;;9935.5;0.0
yf_ZS=F_d5;36000;INTARIAN_PEPPER_ROOT;10901;14;10899;24;;;10907;19;10909;21;;;10904.0;0.0
yf_ZS=F_d5;36100;ASH_COATED_OSMIUM;9933;17;9929;20;;;9939;7;9943;25;;;9936.0;0.0
yf_ZS=F_d5;36100;INTARIAN_PEPPER_ROOT;10900;22;10897;21;;;10906;7;10908;18;;;10903.0;0.0
yf_ZS=F_d5;36200;ASH_COATED_OSMIUM;9930;15;9926;15;;;9943;5;9946;20;;;9936.5;0.0
yf_ZS=F_d5;36200;INTARIAN_PEPPER_ROOT;10896;18;10894;16;;;10905;17;10907;20;;;10900.5;0.0
yf_ZS=F_d5;36300;ASH_COATED_OSMIUM;9932;20;9930;16;;;9940;21;9942;14;;;9936.0;0.0
yf_ZS=F_d5;36300;INTARIAN_PEPPER_ROOT;10895;9;10891;24;;;10903;22;10905;25;;;10899.0;0.0
yf_ZS=F_d5;36400;ASH_COATED_OSMIUM;9933;30;9929;20;;;9939;20;9941;22;;;9936.0;0.0
yf_ZS=F_d5;36400;INTARIAN_PEPPER_ROOT;10894;5;10891;23;;;10900;17;10902;15;;;10897.0;0.0
yf_ZS=F_d5;36500;ASH_COATED_OSMIUM;9925;11;9923;25;;;9947;11;9951;17;;;9936.0;0.0
yf_ZS=F_d5;36500;INTARIAN_PEPPER_ROOT;10893;19;10889;17;;;10899;18;10902;26;;;10896.0;0.0
yf_ZS=F_d5;36600;ASH_COATED_OSMIUM;9922;24;9920;11;;;9951;10;9955;13;;;9936.5;0.0
yf_ZS=F_d5;36600;INTARIAN_PEPPER_ROOT;10890;8;10887;12;;;10896;16;10899;16;;;10893.0;0.0
yf_ZS=F_d5;36700;ASH_COATED_OSMIUM;9932;10;9929;20;;;9938;8;9941;15;;;9935.0;0.0
yf_ZS=F_d5;36700;INTARIAN_PEPPER_ROOT;10889;13;10885;20;;;10895;18;10897;24;;;10892.0;0.0
yf_ZS=F_d5;36800;ASH_COATED_OSMIUM;9923;5;9921;22;;;9948;24;9950;13;;;9935.5;0.0
yf_ZS=F_d5;36800;INTARIAN_PEPPER_ROOT;10884;17;10882;22;;;10895;13;10898;17;;;10889.5;0.0
yf_ZS=F_d5;36900;ASH_COATED_OSMIUM;9934;5;9930;20;;;9940;5;9942;11;;;9937.0;0.0
yf_ZS=F_d5;36900;INTARIAN_PEPPER_ROOT;10880;8;10878;16;;;10896;12;10899;23;;;10888.0;0.0
yf_ZS=F_d5;37000;ASH_COATED_OSMIUM;9934;10;9930;18;;;9940;11;9944;26;;;9937.0;0.0
yf_ZS=F_d5;37000;INTARIAN_PEPPER_ROOT;10883;18;10881;21;;;10889;18;10892;15;;;10886.0;0.0
yf_ZS=F_d5;37100;ASH_COATED_OSMIUM;9934;13;9930;14;;;9940;13;9943;12;;;9937.0;0.0
yf_ZS=F_d5;37100;INTARIAN_PEPPER_ROOT;10866;17;10862;26;;;10902;5;10905;19;;;10884.0;0.0
yf_ZS=F_d5;37200;ASH_COATED_OSMIUM;9932;19;9929;26;;;9941;9;9943;18;;;9936.5;0.0
yf_ZS=F_d5;37200;INTARIAN_PEPPER_ROOT;10878;10;10876;20;;;10885;5;10889;17;;;10881.5;0.0
yf_ZS=F_d5;37300;ASH_COATED_OSMIUM;9934;14;9932;28;;;9940;18;9944;12;;;9937.0;0.0
yf_ZS=F_d5;37300;INTARIAN_PEPPER_ROOT;10877;11;10875;23;;;10885;16;10888;22;;;10881.0;0.0
yf_ZS=F_d5;37400;ASH_COATED_OSMIUM;9933;18;9929;8;;;9941;14;9945;21;;;9937.0;0.0
yf_ZS=F_d5;37400;INTARIAN_PEPPER_ROOT;10876;12;10874;16;;;10882;17;10884;21;;;10879.0;0.0
yf_ZS=F_d5;37500;ASH_COATED_OSMIUM;9934;13;9932;21;;;9940;24;9944;18;;;9937.0;0.0
yf_ZS=F_d5;37500;INTARIAN_PEPPER_ROOT;10874;11;10872;17;;;10881;26;10884;24;;;10877.5;0.0
yf_ZS=F_d5;37600;ASH_COATED_OSMIUM;9934;15;9931;22;;;9940;18;9944;23;;;9937.0;0.0
yf_ZS=F_d5;37600;INTARIAN_PEPPER_ROOT;10871;9;10867;19;;;10879;17;10882;15;;;10875.0;0.0
yf_ZS=F_d5;37700;ASH_COATED_OSMIUM;9934;16;9930;13;;;9940;13;9944;16;;;9937.0;0.0
yf_ZS=F_d5;37700;INTARIAN_PEPPER_ROOT;10868;11;10866;19;;;10878;17;10882;19;;;10873.0;0.0
yf_ZS=F_d5;37800;ASH_COATED_OSMIUM;9934;12;9932;14;;;9940;13;9942;16;;;9937.0;0.0
yf_ZS=F_d5;37800;INTARIAN_PEPPER_ROOT;10868;17;10864;19;;;10874;16;10878;25;;;10871.0;0.0
yf_ZS=F_d5;37900;ASH_COATED_OSMIUM;9934;7;9932;12;;;9940;12;9943;15;;;9937.0;0.0
yf_ZS=F_d5;37900;INTARIAN_PEPPER_ROOT;10867;16;10865;13;;;10873;9;10877;20;;;10870.0;0.0
yf_ZS=F_d5;38000;ASH_COATED_OSMIUM;9928;22;9924;17;;;9946;22;9949;14;;;9937.0;0.0
yf_ZS=F_d5;38000;INTARIAN_PEPPER_ROOT;10865;16;10861;21;;;10871;7;10875;22;;;10868.0;0.0
yf_ZS=F_d5;38100;ASH_COATED_OSMIUM;9934;15;9930;24;;;9941;18;9943;22;;;9937.5;0.0
yf_ZS=F_d5;38100;INTARIAN_PEPPER_ROOT;10863;13;10860;15;;;10869;7;10871;20;;;10866.0;0.0
yf_ZS=F_d5;38200;ASH_COATED_OSMIUM;9931;22;9929;23;;;9944;18;9947;9;;;9937.5;0.0
yf_ZS=F_d5;38200;INTARIAN_PEPPER_ROOT;10861;5;10858;24;;;10867;21;10870;18;;;10864.0;0.0
yf_ZS=F_d5;38300;ASH_COATED_OSMIUM;9935;15;9933;22;;;9941;21;9944;22;;;9938.0;0.0
yf_ZS=F_d5;38300;INTARIAN_PEPPER_ROOT;10859;5;10855;16;;;10865;18;10867;14;;;10862.0;0.0
yf_ZS=F_d5;38400;ASH_COATED_OSMIUM;9931;7;9928;20;;;9943;10;9946;14;;;9937.0;0.0
yf_ZS=F_d5;38400;INTARIAN_PEPPER_ROOT;10857;12;10853;11;;;10863;12;10865;21;;;10860.0;0.0
yf_ZS=F_d5;38500;ASH_COATED_OSMIUM;9931;17;9927;18;;;9944;12;9947;15;;;9937.5;0.0
yf_ZS=F_d5;38500;INTARIAN_PEPPER_ROOT;10856;21;10853;20;;;10862;9;10866;18;;;10859.0;0.0
yf_ZS=F_d5;38600;ASH_COATED_OSMIUM;9934;10;9931;12;;;9942;6;9946;22;;;9938.0;0.0
yf_ZS=F_d5;38600;INTARIAN_PEPPER_ROOT;10854;9;10850;21;;;10860;18;10863;18;;;10857.0;0.0
yf_ZS=F_d5;38700;ASH_COATED_OSMIUM;9934;15;9931;19;;;9940;12;9942;23;;;9937.0;0.0
yf_ZS=F_d5;38700;INTARIAN_PEPPER_ROOT;10852;16;10849;27;;;10858;10;10862;21;;;10855.0;0.0
yf_ZS=F_d5;38800;ASH_COATED_OSMIUM;9932;20;9930;17;;;9944;15;9946;17;;;9938.0;0.0
yf_ZS=F_d5;38800;INTARIAN_PEPPER_ROOT;10849;17;10846;16;;;10858;12;10861;17;;;10853.5;0.0
yf_ZS=F_d5;38900;ASH_COATED_OSMIUM;9935;21;9932;10;;;9941;23;9943;23;;;9938.0;0.0
yf_ZS=F_d5;38900;INTARIAN_PEPPER_ROOT;10846;9;10842;22;;;10857;18;10860;28;;;10851.5;0.0
yf_ZS=F_d5;39000;ASH_COATED_OSMIUM;9934;17;9931;15;;;9941;21;9944;26;;;9937.5;0.0
yf_ZS=F_d5;39000;INTARIAN_PEPPER_ROOT;10846;18;10842;25;;;10852;14;10855;25;;;10849.0;0.0
yf_ZS=F_d5;39100;ASH_COATED_OSMIUM;9933;19;9930;20;;;9944;11;9947;22;;;9938.5;0.0
yf_ZS=F_d5;39100;INTARIAN_PEPPER_ROOT;10845;12;10841;20;;;10851;7;10855;22;;;10848.0;0.0
yf_ZS=F_d5;39200;ASH_COATED_OSMIUM;9935;18;9933;18;;;9941;11;9945;24;;;9938.0;0.0
yf_ZS=F_d5;39200;INTARIAN_PEPPER_ROOT;10843;5;10839;14;;;10849;11;10851;19;;;10846.0;0.0
yf_ZS=F_d5;39300;ASH_COATED_OSMIUM;9935;13;9933;13;;;9941;15;9945;14;;;9938.0;0.0
yf_ZS=F_d5;39300;INTARIAN_PEPPER_ROOT;10841;10;10837;13;;;10847;10;10849;23;;;10844.0;0.0
yf_ZS=F_d5;39400;ASH_COATED_OSMIUM;9935;5;9931;17;;;9941;7;9943;20;;;9938.0;0.0
yf_ZS=F_d5;39400;INTARIAN_PEPPER_ROOT;10839;11;10837;19;;;10845;24;10849;22;;;10842.0;0.0
yf_ZS=F_d5;39500;ASH_COATED_OSMIUM;9935;10;9932;22;;;9941;22;9944;24;;;9938.0;0.0
yf_ZS=F_d5;39500;INTARIAN_PEPPER_ROOT;10837;21;10833;20;;;10843;19;10847;11;;;10840.0;0.0
yf_ZS=F_d5;39600;ASH_COATED_OSMIUM;9935;9;9931;13;;;9942;7;9944;10;;;9938.5;0.0
yf_ZS=F_d5;39600;INTARIAN_PEPPER_ROOT;10824;12;10821;18;;;10853;17;10856;18;;;10838.5;0.0
yf_ZS=F_d5;39700;ASH_COATED_OSMIUM;9935;15;9932;28;;;9941;10;9945;17;;;9938.0;0.0
yf_ZS=F_d5;39700;INTARIAN_PEPPER_ROOT;10834;16;10832;23;;;10840;5;10843;22;;;10837.0;0.0
yf_ZS=F_d5;39800;ASH_COATED_OSMIUM;9935;6;9932;24;;;9941;11;9945;15;;;9938.0;0.0
yf_ZS=F_d5;39800;INTARIAN_PEPPER_ROOT;10832;12;10830;34;;;10838;9;10841;17;;;10835.0;0.0
yf_ZS=F_d5;39900;ASH_COATED_OSMIUM;9935;17;9932;9;;;9941;8;9943;21;;;9938.0;0.0
yf_ZS=F_d5;39900;INTARIAN_PEPPER_ROOT;10827;20;10824;9;;;10840;7;10842;35;;;10833.5;0.0
yf_ZS=F_d5;40000;ASH_COATED_OSMIUM;9936;10;9934;16;;;9942;19;9945;19;;;9939.0;0.0
yf_ZS=F_d5;40000;INTARIAN_PEPPER_ROOT;10828;15;10824;19;;;10834;7;10837;18;;;10831.0;0.0
yf_ZS=F_d5;40100;ASH_COATED_OSMIUM;9936;21;9934;15;;;9942;27;9945;16;;;9939.0;0.0
yf_ZS=F_d5;40100;INTARIAN_PEPPER_ROOT;10818;15;10814;9;;;10839;12;10843;35;;;10828.5;0.0
yf_ZS=F_d5;40200;ASH_COATED_OSMIUM;9936;11;9932;13;;;9942;7;9946;25;;;9939.0;0.0
yf_ZS=F_d5;40200;INTARIAN_PEPPER_ROOT;10825;16;10823;23;;;10831;10;10834;24;;;10828.0;0.0
yf_ZS=F_d5;40300;ASH_COATED_OSMIUM;9937;12;9934;15;;;9943;11;9947;24;;;9940.0;0.0
yf_ZS=F_d5;40300;INTARIAN_PEPPER_ROOT;10816;11;10813;19;;;10834;7;10836;17;;;10825.0;0.0
yf_ZS=F_d5;40400;ASH_COATED_OSMIUM;9936;16;9933;27;;;9942;14;9946;24;;;9939.0;0.0
yf_ZS=F_d5;40400;INTARIAN_PEPPER_ROOT;10814;18;10810;22;;;10834;13;10838;24;;;10824.0;0.0
yf_ZS=F_d5;40500;ASH_COATED_OSMIUM;9936;22;9933;17;;;9942;11;9944;25;;;9939.0;0.0
yf_ZS=F_d5;40500;INTARIAN_PEPPER_ROOT;10819;9;10817;15;;;10825;19;10827;12;;;10822.0;0.0
yf_ZS=F_d5;40600;ASH_COATED_OSMIUM;9936;11;9932;11;;;9942;14;9944;25;;;9939.0;0.0
yf_ZS=F_d5;40600;INTARIAN_PEPPER_ROOT;10815;19;10813;25;;;10824;14;10828;8;;;10819.5;0.0
yf_ZS=F_d5;40700;ASH_COATED_OSMIUM;9937;13;9935;30;;;9943;26;9945;20;;;9940.0;0.0
yf_ZS=F_d5;40700;INTARIAN_PEPPER_ROOT;10816;19;10812;20;;;10822;6;10825;14;;;10819.0;0.0
yf_ZS=F_d5;40800;ASH_COATED_OSMIUM;9935;13;9931;18;;;9944;15;9946;14;;;9939.5;0.0
yf_ZS=F_d5;40800;INTARIAN_PEPPER_ROOT;10813;12;10810;18;;;10819;16;10822;18;;;10816.0;0.0
yf_ZS=F_d5;40900;ASH_COATED_OSMIUM;9935;19;9933;17;;;9945;12;9948;31;;;9940.0;0.0
yf_ZS=F_d5;40900;INTARIAN_PEPPER_ROOT;10809;11;10806;20;;;10820;15;10824;16;;;10814.5;0.0
yf_ZS=F_d5;41000;ASH_COATED_OSMIUM;9935;12;9932;18;;;9943;20;9945;20;;;9939.0;0.0
yf_ZS=F_d5;41000;INTARIAN_PEPPER_ROOT;10808;7;10804;18;;;10818;12;10821;9;;;10813.0;0.0
yf_ZS=F_d5;41100;ASH_COATED_OSMIUM;9937;13;9933;27;;;9943;21;9947;31;;;9940.0;0.0
yf_ZS=F_d5;41100;INTARIAN_PEPPER_ROOT;10807;22;10805;22;;;10813;16;10816;19;;;10810.0;0.0
yf_ZS=F_d5;41200;ASH_COATED_OSMIUM;9932;12;9929;19;;;9947;15;9950;25;;;9939.5;0.0
yf_ZS=F_d5;41200;INTARIAN_PEPPER_ROOT;10805;19;10803;16;;;10814;17;10818;22;;;10809.5;0.0
yf_ZS=F_d5;41300;ASH_COATED_OSMIUM;9937;9;9935;17;;;9943;14;9945;13;;;9940.0;0.0
yf_ZS=F_d5;41300;INTARIAN_PEPPER_ROOT;10802;17;10799;12;;;10813;15;10815;18;;;10807.5;0.0
yf_ZS=F_d5;41400;ASH_COATED_OSMIUM;9933;19;9930;23;;;9947;14;9949;19;;;9940.0;0.0
yf_ZS=F_d5;41400;INTARIAN_PEPPER_ROOT;10799;9;10797;18;;;10814;19;10818;13;;;10806.5;0.0
yf_ZS=F_d5;41500;ASH_COATED_OSMIUM;9936;22;9933;19;;;9943;18;9945;12;;;9939.5;0.0
yf_ZS=F_d5;41500;INTARIAN_PEPPER_ROOT;10791;8;10787;25;;;10817;19;10819;15;;;10804.0;0.0
yf_ZS=F_d5;41600;ASH_COATED_OSMIUM;9925;10;9921;14;;;9955;11;9958;23;;;9940.0;0.0
yf_ZS=F_d5;41600;INTARIAN_PEPPER_ROOT;10799;26;10796;22;;;10805;19;10808;17;;;10802.0;0.0
yf_ZS=F_d5;41700;ASH_COATED_OSMIUM;9937;17;9934;22;;;9943;13;9947;21;;;9940.0;0.0
yf_ZS=F_d5;41700;INTARIAN_PEPPER_ROOT;10797;16;10793;20;;;10803;17;10807;13;;;10800.0;0.0
yf_ZS=F_d5;41800;ASH_COATED_OSMIUM;9937;15;9934;15;;;9944;5;9946;17;;;9940.5;0.0
yf_ZS=F_d5;41800;INTARIAN_PEPPER_ROOT;10795;14;10791;21;;;10801;11;10803;23;;;10798.0;0.0
yf_ZS=F_d5;41900;ASH_COATED_OSMIUM;9938;14;9934;14;;;9944;21;9947;13;;;9941.0;0.0
yf_ZS=F_d5;41900;INTARIAN_PEPPER_ROOT;10793;27;10791;26;;;10801;19;10803;17;;;10797.0;0.0
yf_ZS=F_d5;42000;ASH_COATED_OSMIUM;9934;22;9932;14;;;9946;5;9948;26;;;9940.0;0.0
yf_ZS=F_d5;42000;INTARIAN_PEPPER_ROOT;10791;7;10789;18;;;10797;9;10801;24;;;10794.0;0.0
yf_ZS=F_d5;42100;ASH_COATED_OSMIUM;9937;14;9933;20;;;9944;22;9947;18;;;9940.5;0.0
yf_ZS=F_d5;42100;INTARIAN_PEPPER_ROOT;10784;21;10781;19;;;10802;20;10805;23;;;10793.0;0.0
yf_ZS=F_d5;42200;ASH_COATED_OSMIUM;9922;5;9919;18;;;9960;22;9963;19;;;9941.0;0.0
yf_ZS=F_d5;42200;INTARIAN_PEPPER_ROOT;10788;5;10785;19;;;10794;20;10797;22;;;10791.0;0.0
yf_ZS=F_d5;42300;ASH_COATED_OSMIUM;9938;11;9936;21;;;9944;5;9947;32;;;9941.0;0.0
yf_ZS=F_d5;42300;INTARIAN_PEPPER_ROOT;10785;12;10782;17;;;10791;14;10794;28;;;10788.0;0.0
yf_ZS=F_d5;42400;ASH_COATED_OSMIUM;9938;13;9936;14;;;9944;15;9948;10;;;9941.0;0.0
yf_ZS=F_d5;42400;INTARIAN_PEPPER_ROOT;10781;23;10779;19;;;10793;10;10797;17;;;10787.0;0.0
yf_ZS=F_d5;42500;ASH_COATED_OSMIUM;9939;22;9936;27;;;9945;20;9947;16;;;9942.0;0.0
yf_ZS=F_d5;42500;INTARIAN_PEPPER_ROOT;10782;16;10780;19;;;10788;11;10792;21;;;10785.0;0.0
yf_ZS=F_d5;42600;ASH_COATED_OSMIUM;9935;19;9931;17;;;9945;16;9948;23;;;9940.0;0.0
yf_ZS=F_d5;42600;INTARIAN_PEPPER_ROOT;10780;23;10777;19;;;10786;9;10789;22;;;10783.0;0.0
yf_ZS=F_d5;42700;ASH_COATED_OSMIUM;9929;13;9925;25;;;9953;24;9955;24;;;9941.0;0.0
yf_ZS=F_d5;42700;INTARIAN_PEPPER_ROOT;10778;15;10775;22;;;10784;20;10788;22;;;10781.0;0.0
yf_ZS=F_d5;42800;ASH_COATED_OSMIUM;9938;13;9935;22;;;9944;8;9948;18;;;9941.0;0.0
yf_ZS=F_d5;42800;INTARIAN_PEPPER_ROOT;10777;11;10775;22;;;10783;22;10786;21;;;10780.0;0.0
yf_ZS=F_d5;42900;ASH_COATED_OSMIUM;9939;16;9936;21;;;9945;14;9948;15;;;9942.0;0.0
yf_ZS=F_d5;42900;INTARIAN_PEPPER_ROOT;10775;13;10773;21;;;10781;14;10785;20;;;10778.0;0.0
yf_ZS=F_d5;43000;ASH_COATED_OSMIUM;9938;11;9935;23;;;9944;16;9947;31;;;9941.0;0.0
yf_ZS=F_d5;43000;INTARIAN_PEPPER_ROOT;10773;11;10770;18;;;10779;8;10783;20;;;10776.0;0.0
yf_ZS=F_d5;43100;ASH_COATED_OSMIUM;9932;18;9929;27;;;9950;25;9952;14;;;9941.0;0.0
yf_ZS=F_d5;43100;INTARIAN_PEPPER_ROOT;10765;11;10762;28;;;10784;12;10788;23;;;10774.5;0.0
yf_ZS=F_d5;43200;ASH_COATED_OSMIUM;9934;19;9930;18;;;9947;12;9951;9;;;9940.5;0.0
yf_ZS=F_d5;43200;INTARIAN_PEPPER_ROOT;10767;21;10764;14;;;10778;15;10780;18;;;10772.5;0.0
yf_ZS=F_d5;43300;ASH_COATED_OSMIUM;9938;25;9934;19;;;9944;7;9947;12;;;9941.0;0.0
yf_ZS=F_d5;43300;INTARIAN_PEPPER_ROOT;10768;15;10765;12;;;10774;12;10776;29;;;10771.0;0.0
yf_ZS=F_d5;43400;ASH_COATED_OSMIUM;9935;19;9932;13;;;9947;19;9950;18;;;9941.0;0.0
yf_ZS=F_d5;43400;INTARIAN_PEPPER_ROOT;10765;19;10761;24;;;10773;23;10775;27;;;10769.0;0.0
yf_ZS=F_d5;43500;ASH_COATED_OSMIUM;9938;21;9934;27;;;9945;13;9949;11;;;9941.5;0.0
yf_ZS=F_d5;43500;INTARIAN_PEPPER_ROOT;10764;12;10762;16;;;10770;22;10773;28;;;10767.0;0.0
yf_ZS=F_d5;43600;ASH_COATED_OSMIUM;9933;19;9929;23;;;9951;10;9955;17;;;9942.0;0.0
yf_ZS=F_d5;43600;INTARIAN_PEPPER_ROOT;10762;16;10760;15;;;10768;15;10772;15;;;10765.0;0.0
yf_ZS=F_d5;43700;ASH_COATED_OSMIUM;9938;19;9935;29;;;9946;14;9950;23;;;9942.0;0.0
yf_ZS=F_d5;43700;INTARIAN_PEPPER_ROOT;10761;16;10757;15;;;10767;18;10770;15;;;10764.0;0.0
yf_ZS=F_d5;43800;ASH_COATED_OSMIUM;9938;14;9935;14;;;9944;10;9946;12;;;9941.0;0.0
yf_ZS=F_d5;43800;INTARIAN_PEPPER_ROOT;10751;12;10749;25;;;10773;9;10776;15;;;10762.0;0.0
yf_ZS=F_d5;43900;ASH_COATED_OSMIUM;9938;18;9934;17;;;9946;20;9948;10;;;9942.0;0.0
yf_ZS=F_d5;43900;INTARIAN_PEPPER_ROOT;10752;24;10750;21;;;10767;12;10771;14;;;10759.5;0.0
yf_ZS=F_d5;44000;ASH_COATED_OSMIUM;9938;20;9936;20;;;9946;10;9948;24;;;9942.0;0.0
yf_ZS=F_d5;44000;INTARIAN_PEPPER_ROOT;10741;14;10737;24;;;10774;14;10778;17;;;10757.5;0.0
yf_ZS=F_d5;44100;ASH_COATED_OSMIUM;9939;18;9936;15;;;9945;21;9948;23;;;9942.0;0.0
yf_ZS=F_d5;44100;INTARIAN_PEPPER_ROOT;10753;19;10751;25;;;10759;13;10762;27;;;10756.0;0.0
yf_ZS=F_d5;44200;ASH_COATED_OSMIUM;9939;17;9937;29;;;9945;15;9947;23;;;9942.0;0.0
yf_ZS=F_d5;44200;INTARIAN_PEPPER_ROOT;10749;9;10746;20;;;10760;18;10764;17;;;10754.5;0.0
yf_ZS=F_d5;44300;ASH_COATED_OSMIUM;9937;16;9935;20;;;9946;5;9949;15;;;9941.5;0.0
yf_ZS=F_d5;44300;INTARIAN_PEPPER_ROOT;10750;12;10746;15;;;10756;15;10760;22;;;10753.0;0.0
yf_ZS=F_d5;44400;ASH_COATED_OSMIUM;9940;18;9937;21;;;9946;12;9949;16;;;9943.0;0.0
yf_ZS=F_d5;44400;INTARIAN_PEPPER_ROOT;10746;21;10742;21;;;10755;8;10757;19;;;10750.5;0.0
yf_ZS=F_d5;44500;ASH_COATED_OSMIUM;9939;16;9937;18;;;9945;22;9949;13;;;9942.0;0.0
yf_ZS=F_d5;44500;INTARIAN_PEPPER_ROOT;10743;20;10739;18;;;10755;14;10759;26;;;10749.0;0.0
yf_ZS=F_d5;44600;ASH_COATED_OSMIUM;9935;12;9931;18;;;9950;14;9952;13;;;9942.5;0.0
yf_ZS=F_d5;44600;INTARIAN_PEPPER_ROOT;10739;14;10736;8;;;10754;5;10756;17;;;10746.5;0.0
yf_ZS=F_d5;44700;ASH_COATED_OSMIUM;9939;22;9936;14;;;9945;10;9947;17;;;9942.0;0.0
yf_ZS=F_d5;44700;INTARIAN_PEPPER_ROOT;10742;14;10739;22;;;10748;17;10752;26;;;10745.0;0.0
yf_ZS=F_d5;44800;ASH_COATED_OSMIUM;9938;18;9934;19;;;9949;12;9953;16;;;9943.5;0.0
yf_ZS=F_d5;44800;INTARIAN_PEPPER_ROOT;10740;10;10737;25;;;10746;22;10749;22;;;10743.0;0.0
yf_ZS=F_d5;44900;ASH_COATED_OSMIUM;9938;19;9935;12;;;9948;21;9950;20;;;9943.0;0.0
yf_ZS=F_d5;44900;INTARIAN_PEPPER_ROOT;10738;16;10735;22;;;10744;13;10748;24;;;10741.0;0.0
yf_ZS=F_d5;45000;ASH_COATED_OSMIUM;9940;6;9936;10;;;9946;12;9948;13;;;9943.0;0.0
yf_ZS=F_d5;45000;INTARIAN_PEPPER_ROOT;10736;17;10733;18;;;10742;20;10745;25;;;10739.0;0.0
yf_ZS=F_d5;45100;ASH_COATED_OSMIUM;9940;27;9937;20;;;9946;9;9950;18;;;9943.0;0.0
yf_ZS=F_d5;45100;INTARIAN_PEPPER_ROOT;10735;16;10731;8;;;10741;10;10744;12;;;10738.0;0.0
yf_ZS=F_d5;45200;ASH_COATED_OSMIUM;9939;13;9936;16;;;9946;9;9948;15;;;9942.5;0.0
yf_ZS=F_d5;45200;INTARIAN_PEPPER_ROOT;10732;26;10729;16;;;10739;7;10741;13;;;10735.5;0.0
yf_ZS=F_d5;45300;ASH_COATED_OSMIUM;9941;18;9938;22;;;9947;21;9949;11;;;9944.0;0.0
yf_ZS=F_d5;45300;INTARIAN_PEPPER_ROOT;10727;21;10725;21;;;10741;20;10744;16;;;10734.0;0.0
yf_ZS=F_d5;45400;ASH_COATED_OSMIUM;9938;13;9936;17;;;9948;13;9951;21;;;9943.0;0.0
yf_ZS=F_d5;45400;INTARIAN_PEPPER_ROOT;10729;15;10726;17;;;10735;5;10739;22;;;10732.0;0.0
yf_ZS=F_d5;45500;ASH_COATED_OSMIUM;9940;15;9937;14;;;9946;15;9950;25;;;9943.0;0.0
yf_ZS=F_d5;45500;INTARIAN_PEPPER_ROOT;10727;19;10724;15;;;10733;13;10736;20;;;10730.0;0.0
yf_ZS=F_d5;45600;ASH_COATED_OSMIUM;9939;22;9937;21;;;9947;9;9950;17;;;9943.0;0.0
yf_ZS=F_d5;45600;INTARIAN_PEPPER_ROOT;10725;12;10723;21;;;10731;20;10733;25;;;10728.0;0.0
yf_ZS=F_d5;45700;ASH_COATED_OSMIUM;9940;15;9936;18;;;9946;20;9950;22;;;9943.0;0.0
yf_ZS=F_d5;45700;INTARIAN_PEPPER_ROOT;10719;12;10715;21;;;10735;10;10737;28;;;10727.0;0.0
yf_ZS=F_d5;45800;ASH_COATED_OSMIUM;9941;11;9939;15;;;9947;18;9950;25;;;9944.0;0.0
yf_ZS=F_d5;45800;INTARIAN_PEPPER_ROOT;10722;16;10718;13;;;10728;17;10730;16;;;10725.0;0.0
yf_ZS=F_d5;45900;ASH_COATED_OSMIUM;9938;18;9934;12;;;9948;12;9952;22;;;9943.0;0.0
yf_ZS=F_d5;45900;INTARIAN_PEPPER_ROOT;10720;7;10716;17;;;10726;11;10730;24;;;10723.0;0.0
yf_ZS=F_d5;46000;ASH_COATED_OSMIUM;9940;15;9936;21;;;9947;13;9949;28;;;9943.5;0.0
yf_ZS=F_d5;46000;INTARIAN_PEPPER_ROOT;10716;17;10712;11;;;10726;16;10729;21;;;10721.0;0.0
yf_ZS=F_d5;46100;ASH_COATED_OSMIUM;9941;15;9939;20;;;9947;22;9951;26;;;9944.0;0.0
yf_ZS=F_d5;46100;INTARIAN_PEPPER_ROOT;10717;13;10713;13;;;10723;19;10726;17;;;10720.0;0.0
yf_ZS=F_d5;46200;ASH_COATED_OSMIUM;9935;14;9933;25;;;9952;13;9955;23;;;9943.5;0.0
yf_ZS=F_d5;46200;INTARIAN_PEPPER_ROOT;10715;12;10711;24;;;10721;11;10724;19;;;10718.0;0.0
yf_ZS=F_d5;46300;ASH_COATED_OSMIUM;9939;20;9936;16;;;9949;5;9953;15;;;9944.0;0.0
yf_ZS=F_d5;46300;INTARIAN_PEPPER_ROOT;10713;14;10711;13;;;10719;6;10723;18;;;10716.0;0.0
yf_ZS=F_d5;46400;ASH_COATED_OSMIUM;9931;11;9929;22;;;9956;10;9958;15;;;9943.5;0.0
yf_ZS=F_d5;46400;INTARIAN_PEPPER_ROOT;10710;8;10708;13;;;10717;7;10721;17;;;10713.5;0.0
yf_ZS=F_d5;46500;ASH_COATED_OSMIUM;9941;19;9938;14;;;9947;15;9951;28;;;9944.0;0.0
yf_ZS=F_d5;46500;INTARIAN_PEPPER_ROOT;10709;8;10706;26;;;10715;11;10717;17;;;10712.0;0.0
yf_ZS=F_d5;46600;ASH_COATED_OSMIUM;9941;9;9939;11;;;9947;12;9951;18;;;9944.0;0.0
yf_ZS=F_d5;46600;INTARIAN_PEPPER_ROOT;10705;16;10701;22;;;10716;19;10720;26;;;10710.5;0.0
yf_ZS=F_d5;46700;ASH_COATED_OSMIUM;9940;18;9938;11;;;9947;21;9951;23;;;9943.5;0.0
yf_ZS=F_d5;46700;INTARIAN_PEPPER_ROOT;10706;10;10703;24;;;10712;7;10715;19;;;10709.0;0.0
yf_ZS=F_d5;46800;ASH_COATED_OSMIUM;9936;23;9932;15;;;9952;20;9956;23;;;9944.0;0.0
yf_ZS=F_d5;46800;INTARIAN_PEPPER_ROOT;10696;13;10694;26;;;10718;21;10721;19;;;10707.0;0.0
yf_ZS=F_d5;46900;ASH_COATED_OSMIUM;9941;18;9937;17;;;9947;21;9951;25;;;9944.0;0.0
yf_ZS=F_d5;46900;INTARIAN_PEPPER_ROOT;10698;20;10696;25;;;10711;11;10715;23;;;10704.5;0.0
yf_ZS=F_d5;47000;ASH_COATED_OSMIUM;9940;12;9937;23;;;9950;12;9954;19;;;9945.0;0.0
yf_ZS=F_d5;47000;INTARIAN_PEPPER_ROOT;10700;19;10698;24;;;10706;12;10710;12;;;10703.0;0.0
yf_ZS=F_d5;47100;ASH_COATED_OSMIUM;9941;5;9938;23;;;9948;15;9950;20;;;9944.5;0.0
yf_ZS=F_d5;47100;INTARIAN_PEPPER_ROOT;10698;20;10696;12;;;10704;9;10706;18;;;10701.0;0.0
yf_ZS=F_d5;47200;ASH_COATED_OSMIUM;9941;11;9938;25;;;9947;24;9949;21;;;9944.0;0.0
yf_ZS=F_d5;47200;INTARIAN_PEPPER_ROOT;10696;23;10692;24;;;10702;11;10705;18;;;10699.0;0.0
yf_ZS=F_d5;47300;ASH_COATED_OSMIUM;9941;10;9938;19;;;9947;15;9949;23;;;9944.0;0.0
yf_ZS=F_d5;47300;INTARIAN_PEPPER_ROOT;10694;21;10691;15;;;10700;17;10702;10;;;10697.0;0.0
yf_ZS=F_d5;47400;ASH_COATED_OSMIUM;9942;23;9939;18;;;9948;12;9952;9;;;9945.0;0.0
yf_ZS=F_d5;47400;INTARIAN_PEPPER_ROOT;10692;20;10689;14;;;10700;15;10703;16;;;10696.0;0.0
yf_ZS=F_d5;47500;ASH_COATED_OSMIUM;9941;14;9937;16;;;9947;18;9951;21;;;9944.0;0.0
yf_ZS=F_d5;47500;INTARIAN_PEPPER_ROOT;10691;11;10687;18;;;10697;18;10701;14;;;10694.0;0.0
yf_ZS=F_d5;47600;ASH_COATED_OSMIUM;9941;10;9939;23;;;9947;5;9950;22;;;9944.0;0.0
yf_ZS=F_d5;47600;INTARIAN_PEPPER_ROOT;10689;13;10687;20;;;10695;16;10697;26;;;10692.0;0.0
yf_ZS=F_d5;47700;ASH_COATED_OSMIUM;9942;22;9940;12;;;9949;11;9951;31;;;9945.5;0.0
yf_ZS=F_d5;47700;INTARIAN_PEPPER_ROOT;10687;6;10685;15;;;10693;12;10696;12;;;10690.0;0.0
yf_ZS=F_d5;47800;ASH_COATED_OSMIUM;9942;16;9938;15;;;9948;13;9952;13;;;9945.0;0.0
yf_ZS=F_d5;47800;INTARIAN_PEPPER_ROOT;10682;24;10678;16;;;10693;13;10697;24;;;10687.5;0.0
yf_ZS=F_d5;47900;ASH_COATED_OSMIUM;9942;10;9940;19;;;9948;10;9952;14;;;9945.0;0.0
yf_ZS=F_d5;47900;INTARIAN_PEPPER_ROOT;10683;12;10681;19;;;10691;13;10694;14;;;10687.0;0.0
yf_ZS=F_d5;48000;ASH_COATED_OSMIUM;9940;18;9936;17;;;9951;25;9954;21;;;9945.5;0.0
yf_ZS=F_d5;48000;INTARIAN_PEPPER_ROOT;10681;6;10678;22;;;10687;16;10691;17;;;10684.0;0.0
yf_ZS=F_d5;48100;ASH_COATED_OSMIUM;9941;19;9939;21;;;9948;19;9950;19;;;9944.5;0.0
yf_ZS=F_d5;48100;INTARIAN_PEPPER_ROOT;10680;17;10677;27;;;10686;18;10688;25;;;10683.0;0.0
yf_ZS=F_d5;48200;ASH_COATED_OSMIUM;9942;14;9940;22;;;9948;12;9952;13;;;9945.0;0.0
yf_ZS=F_d5;48200;INTARIAN_PEPPER_ROOT;10678;13;10675;30;;;10684;17;10687;25;;;10681.0;0.0
yf_ZS=F_d5;48300;ASH_COATED_OSMIUM;9924;13;9921;22;;;9968;14;9971;16;;;9946.0;0.0
yf_ZS=F_d5;48300;INTARIAN_PEPPER_ROOT;10675;12;10671;25;;;10684;20;10686;15;;;10679.5;0.0
yf_ZS=F_d5;48400;ASH_COATED_OSMIUM;9942;13;9939;13;;;9948;9;9951;23;;;9945.0;0.0
yf_ZS=F_d5;48400;INTARIAN_PEPPER_ROOT;10674;22;10671;28;;;10680;16;10683;15;;;10677.0;0.0
yf_ZS=F_d5;48500;ASH_COATED_OSMIUM;9943;18;9940;20;;;9949;19;9952;14;;;9946.0;0.0
yf_ZS=F_d5;48500;INTARIAN_PEPPER_ROOT;10673;7;10669;19;;;10679;5;10683;14;;;10676.0;0.0
yf_ZS=F_d5;48600;ASH_COATED_OSMIUM;9943;12;9941;20;;;9949;14;9953;15;;;9946.0;0.0
yf_ZS=F_d5;48600;INTARIAN_PEPPER_ROOT;10671;18;10668;28;;;10677;16;10679;19;;;10674.0;0.0
yf_ZS=F_d5;48700;ASH_COATED_OSMIUM;9940;9;9937;19;;;9952;9;9955;22;;;9946.0;0.0
yf_ZS=F_d5;48700;INTARIAN_PEPPER_ROOT;10669;9;10667;23;;;10675;16;10678;27;;;10672.0;0.0
yf_ZS=F_d5;48800;ASH_COATED_OSMIUM;9943;15;9939;27;;;9949;10;9951;26;;;9946.0;0.0
yf_ZS=F_d5;48800;INTARIAN_PEPPER_ROOT;10667;8;10665;19;;;10673;15;10676;18;;;10670.0;0.0
yf_ZS=F_d5;48900;ASH_COATED_OSMIUM;9940;14;9937;22;;;9951;15;9954;23;;;9945.5;0.0
yf_ZS=F_d5;48900;INTARIAN_PEPPER_ROOT;10665;19;10661;21;;;10671;14;10675;14;;;10668.0;0.0
yf_ZS=F_d5;49000;ASH_COATED_OSMIUM;9943;16;9941;16;;;9949;11;9952;20;;;9946.0;0.0
yf_ZS=F_d5;49000;INTARIAN_PEPPER_ROOT;10663;10;10660;18;;;10669;7;10673;20;;;10666.0;0.0
yf_ZS=F_d5;49100;ASH_COATED_OSMIUM;9929;20;9926;14;;;9963;11;9965;14;;;9946.0;0.0
yf_ZS=F_d5;49100;INTARIAN_PEPPER_ROOT;10652;16;10648;17;;;10678;15;10681;20;;;10665.0;0.0
yf_ZS=F_d5;49200;ASH_COATED_OSMIUM;9939;21;9935;23;;;9952;9;9956;19;;;9945.5;0.0
yf_ZS=F_d5;49200;INTARIAN_PEPPER_ROOT;10656;15;10652;21;;;10669;18;10671;13;;;10662.5;0.0
yf_ZS=F_d5;49300;ASH_COATED_OSMIUM;9942;8;9940;16;;;9951;9;9955;22;;;9946.5;0.0
yf_ZS=F_d5;49300;INTARIAN_PEPPER_ROOT;10655;17;10653;11;;;10667;20;10670;13;;;10661.0;0.0
yf_ZS=F_d5;49400;ASH_COATED_OSMIUM;9943;19;9939;12;;;9949;15;9952;25;;;9946.0;0.0
yf_ZS=F_d5;49400;INTARIAN_PEPPER_ROOT;10656;25;10654;23;;;10662;16;10664;21;;;10659.0;0.0
yf_ZS=F_d5;49500;ASH_COATED_OSMIUM;9943;16;9940;20;;;9949;16;9951;20;;;9946.0;0.0
yf_ZS=F_d5;49500;INTARIAN_PEPPER_ROOT;10653;9;10650;23;;;10661;14;10664;29;;;10657.0;0.0
yf_ZS=F_d5;49600;ASH_COATED_OSMIUM;9943;19;9941;12;;;9949;13;9953;16;;;9946.0;0.0
yf_ZS=F_d5;49600;INTARIAN_PEPPER_ROOT;10653;23;10649;17;;;10659;14;10661;15;;;10656.0;0.0
yf_ZS=F_d5;49700;ASH_COATED_OSMIUM;9943;19;9941;26;;;9949;11;9951;17;;;9946.0;0.0
yf_ZS=F_d5;49700;INTARIAN_PEPPER_ROOT;10649;7;10646;19;;;10657;15;10660;26;;;10653.0;0.0
yf_ZS=F_d5;49800;ASH_COATED_OSMIUM;9943;10;9940;19;;;9949;9;9953;12;;;9946.0;0.0
yf_ZS=F_d5;49800;INTARIAN_PEPPER_ROOT;10646;16;10642;19;;;10658;12;10660;21;;;10652.0;0.0
yf_ZS=F_d5;49900;ASH_COATED_OSMIUM;9939;15;9937;17;;;9954;18;9958;15;;;9946.5;0.0
yf_ZS=F_d5;49900;INTARIAN_PEPPER_ROOT;10644;13;10642;25;;;10655;17;10657;17;;;10649.5;0.0
yf_ZS=F_d5;50000;ASH_COATED_OSMIUM;9943;6;9941;27;;;9949;19;9953;24;;;9946.0;0.0
yf_ZS=F_d5;50000;INTARIAN_PEPPER_ROOT;10641;14;10639;23;;;10655;18;10657;25;;;10648.0;0.0
yf_ZS=F_d5;50100;ASH_COATED_OSMIUM;9940;19;9937;27;;;9953;18;9955;21;;;9946.5;0.0
yf_ZS=F_d5;50100;INTARIAN_PEPPER_ROOT;10640;15;10638;17;;;10652;8;10654;16;;;10646.0;0.0
yf_ZS=F_d5;50200;ASH_COATED_OSMIUM;9944;13;9942;14;;;9950;14;9954;22;;;9947.0;0.0
yf_ZS=F_d5;50200;INTARIAN_PEPPER_ROOT;10639;11;10635;18;;;10650;13;10653;17;;;10644.5;0.0
yf_ZS=F_d5;50300;ASH_COATED_OSMIUM;9943;13;9941;19;;;9949;11;9952;18;;;9946.0;0.0
yf_ZS=F_d5;50300;INTARIAN_PEPPER_ROOT;10639;19;10637;14;;;10645;19;10647;25;;;10642.0;0.0
yf_ZS=F_d5;50400;ASH_COATED_OSMIUM;9944;11;9941;18;;;9950;15;9952;24;;;9947.0;0.0
yf_ZS=F_d5;50400;INTARIAN_PEPPER_ROOT;10635;18;10631;23;;;10645;12;10649;13;;;10640.0;0.0
yf_ZS=F_d5;50500;ASH_COATED_OSMIUM;9943;13;9939;18;;;9951;21;9953;18;;;9947.0;0.0
yf_ZS=F_d5;50500;INTARIAN_PEPPER_ROOT;10636;12;10632;24;;;10642;14;10646;14;;;10639.0;0.0
yf_ZS=F_d5;50600;ASH_COATED_OSMIUM;9944;12;9940;13;;;9950;9;9952;18;;;9947.0;0.0
yf_ZS=F_d5;50600;INTARIAN_PEPPER_ROOT;10634;16;10631;24;;;10640;25;10642;13;;;10637.0;0.0
yf_ZS=F_d5;50700;ASH_COATED_OSMIUM;9944;13;9941;21;;;9950;9;9952;22;;;9947.0;0.0
yf_ZS=F_d5;50700;INTARIAN_PEPPER_ROOT;10632;16;10628;14;;;10638;8;10640;22;;;10635.0;0.0
yf_ZS=F_d5;50800;ASH_COATED_OSMIUM;9944;15;9941;15;;;9950;12;9952;16;;;9947.0;0.0
yf_ZS=F_d5;50800;INTARIAN_PEPPER_ROOT;10623;15;10620;22;;;10644;12;10648;17;;;10633.5;0.0
yf_ZS=F_d5;50900;ASH_COATED_OSMIUM;9944;16;9940;24;;;9950;19;9954;15;;;9947.0;0.0
yf_ZS=F_d5;50900;INTARIAN_PEPPER_ROOT;10630;18;10626;24;;;10636;14;10640;25;;;10633.0;0.0
yf_ZS=F_d5;51000;ASH_COATED_OSMIUM;9944;19;9942;10;;;9950;7;9953;26;;;9947.0;0.0
yf_ZS=F_d5;51000;INTARIAN_PEPPER_ROOT;10630;16;10627;22;;;10637;13;10641;21;;;10633.5;0.0
yf_ZS=F_d5;51100;ASH_COATED_OSMIUM;9945;12;9941;26;;;9951;12;9955;19;;;9948.0;0.0
yf_ZS=F_d5;51100;INTARIAN_PEPPER_ROOT;10627;8;10625;21;;;10642;24;10644;22;;;10634.5;0.0
yf_ZS=F_d5;51200;ASH_COATED_OSMIUM;9945;13;9941;11;;;9952;18;9956;23;;;9948.5;0.0
yf_ZS=F_d5;51200;INTARIAN_PEPPER_ROOT;10632;27;10630;21;;;10638;7;10641;24;;;10635.0;0.0
yf_ZS=F_d5;51300;ASH_COATED_OSMIUM;9946;22;9943;12;;;9952;17;9956;22;;;9949.0;0.0
yf_ZS=F_d5;51300;INTARIAN_PEPPER_ROOT;10631;11;10627;19;;;10642;14;10644;17;;;10636.5;0.0
yf_ZS=F_d5;51400;ASH_COATED_OSMIUM;9945;11;9942;24;;;9951;9;9953;23;;;9948.0;0.0
yf_ZS=F_d5;51400;INTARIAN_PEPPER_ROOT;10634;17;10630;21;;;10640;18;10642;13;;;10637.0;0.0
yf_ZS=F_d5;51500;ASH_COATED_OSMIUM;9944;16;9941;23;;;9952;14;9955;18;;;9948.0;0.0
yf_ZS=F_d5;51500;INTARIAN_PEPPER_ROOT;10633;25;10630;28;;;10643;13;10647;14;;;10638.0;0.0
yf_ZS=F_d5;51600;ASH_COATED_OSMIUM;9945;14;9942;15;;;9951;11;9955;17;;;9948.0;0.0
yf_ZS=F_d5;51600;INTARIAN_PEPPER_ROOT;10636;17;10633;20;;;10642;11;10646;15;;;10639.0;0.0
yf_ZS=F_d5;51700;ASH_COATED_OSMIUM;9945;11;9941;15;;;9951;18;9953;19;;;9948.0;0.0
yf_ZS=F_d5;51700;INTARIAN_PEPPER_ROOT;10626;14;10623;27;;;10654;5;10657;23;;;10640.0;0.0
yf_ZS=F_d5;51800;ASH_COATED_OSMIUM;9946;22;9943;12;;;9952;18;9955;18;;;9949.0;0.0
yf_ZS=F_d5;51800;INTARIAN_PEPPER_ROOT;10638;12;10636;17;;;10644;13;10647;12;;;10641.0;0.0
yf_ZS=F_d5;51900;ASH_COATED_OSMIUM;9946;22;9944;14;;;9952;13;9955;14;;;9949.0;0.0
yf_ZS=F_d5;51900;INTARIAN_PEPPER_ROOT;10638;5;10636;23;;;10644;23;10648;22;;;10641.0;0.0
yf_ZS=F_d5;52000;ASH_COATED_OSMIUM;9942;9;9939;16;;;9955;19;9958;15;;;9948.5;0.0
yf_ZS=F_d5;52000;INTARIAN_PEPPER_ROOT;10631;18;10627;28;;;10653;22;10655;17;;;10642.0;0.0
yf_ZS=F_d5;52100;ASH_COATED_OSMIUM;9939;5;9937;20;;;9957;21;9960;8;;;9948.0;0.0
yf_ZS=F_d5;52100;INTARIAN_PEPPER_ROOT;10636;25;10634;15;;;10651;18;10653;16;;;10643.5;0.0
yf_ZS=F_d5;52200;ASH_COATED_OSMIUM;9946;5;9942;30;;;9952;16;9954;20;;;9949.0;0.0
yf_ZS=F_d5;52200;INTARIAN_PEPPER_ROOT;10641;12;10637;31;;;10647;21;10651;24;;;10644.0;0.0
yf_ZS=F_d5;52300;ASH_COATED_OSMIUM;9946;12;9943;24;;;9952;20;9955;16;;;9949.0;0.0
yf_ZS=F_d5;52300;INTARIAN_PEPPER_ROOT;10641;18;10637;21;;;10647;18;10650;24;;;10644.0;0.0
yf_ZS=F_d5;52400;ASH_COATED_OSMIUM;9947;13;9945;23;;;9953;13;9955;19;;;9950.0;0.0
yf_ZS=F_d5;52400;INTARIAN_PEPPER_ROOT;10642;17;10640;23;;;10648;7;10652;18;;;10645.0;0.0
yf_ZS=F_d5;52500;ASH_COATED_OSMIUM;9942;7;9938;18;;;9956;22;9958;23;;;9949.0;0.0
yf_ZS=F_d5;52500;INTARIAN_PEPPER_ROOT;10642;12;10640;15;;;10648;17;10650;21;;;10645.0;0.0
yf_ZS=F_d5;52600;ASH_COATED_OSMIUM;9936;8;9932;19;;;9963;22;9966;20;;;9949.5;0.0
yf_ZS=F_d5;52600;INTARIAN_PEPPER_ROOT;10643;11;10639;12;;;10650;24;10652;19;;;10646.5;0.0
yf_ZS=F_d5;52700;ASH_COATED_OSMIUM;9943;6;9940;13;;;9955;19;9958;28;;;9949.0;0.0
yf_ZS=F_d5;52700;INTARIAN_PEPPER_ROOT;10645;5;10643;18;;;10651;14;10653;23;;;10648.0;0.0
yf_ZS=F_d5;52800;ASH_COATED_OSMIUM;9946;9;9942;16;;;9953;18;9956;17;;;9949.5;0.0
yf_ZS=F_d5;52800;INTARIAN_PEPPER_ROOT;10643;17;10639;23;;;10654;15;10658;22;;;10648.5;0.0
yf_ZS=F_d5;52900;ASH_COATED_OSMIUM;9947;10;9944;22;;;9953;16;9955;10;;;9950.0;0.0
yf_ZS=F_d5;52900;INTARIAN_PEPPER_ROOT;10643;12;10640;29;;;10656;11;10659;14;;;10649.5;0.0
yf_ZS=F_d5;53000;ASH_COATED_OSMIUM;9947;19;9945;17;;;9953;19;9956;23;;;9950.0;0.0
yf_ZS=F_d5;53000;INTARIAN_PEPPER_ROOT;10646;9;10644;26;;;10654;15;10657;20;;;10650.0;0.0
yf_ZS=F_d5;53100;ASH_COATED_OSMIUM;9947;18;9944;18;;;9953;17;9955;28;;;9950.0;0.0
yf_ZS=F_d5;53100;INTARIAN_PEPPER_ROOT;10648;6;10644;16;;;10654;19;10657;32;;;10651.0;0.0
yf_ZS=F_d5;53200;ASH_COATED_OSMIUM;9947;19;9944;19;;;9953;19;9957;20;;;9950.0;0.0
yf_ZS=F_d5;53200;INTARIAN_PEPPER_ROOT;10649;5;10647;20;;;10655;17;10658;9;;;10652.0;0.0
yf_ZS=F_d5;53300;ASH_COATED_OSMIUM;9946;18;9944;13;;;9955;14;9958;13;;;9950.5;0.0
yf_ZS=F_d5;53300;INTARIAN_PEPPER_ROOT;10649;7;10647;24;;;10655;19;10658;17;;;10652.0;0.0
yf_ZS=F_d5;53400;ASH_COATED_OSMIUM;9947;15;9943;17;;;9953;22;9955;21;;;9950.0;0.0
yf_ZS=F_d5;53400;INTARIAN_PEPPER_ROOT;10650;17;10648;8;;;10656;15;10658;18;;;10653.0;0.0
yf_ZS=F_d5;53500;ASH_COATED_OSMIUM;9947;15;9943;20;;;9953;11;9956;9;;;9950.0;0.0
yf_ZS=F_d5;53500;INTARIAN_PEPPER_ROOT;10651;21;10647;20;;;10657;17;10660;22;;;10654.0;0.0
yf_ZS=F_d5;53600;ASH_COATED_OSMIUM;9948;23;9944;18;;;9954;6;9958;18;;;9951.0;0.0
yf_ZS=F_d5;53600;INTARIAN_PEPPER_ROOT;10652;8;10650;14;;;10658;25;10662;32;;;10655.0;0.0
yf_ZS=F_d5;53700;ASH_COATED_OSMIUM;9948;10;9946;24;;;9954;20;9957;12;;;9951.0;0.0
yf_ZS=F_d5;53700;INTARIAN_PEPPER_ROOT;10652;19;10650;21;;;10660;17;10663;25;;;10656.0;0.0
yf_ZS=F_d5;53800;ASH_COATED_OSMIUM;9947;13;9943;33;;;9953;9;9955;14;;;9950.0;0.0
yf_ZS=F_d5;53800;INTARIAN_PEPPER_ROOT;10645;10;10643;18;;;10669;18;10673;21;;;10657.0;0.0
yf_ZS=F_d5;53900;ASH_COATED_OSMIUM;9948;15;9944;17;;;9954;12;9956;23;;;9951.0;0.0
yf_ZS=F_d5;53900;INTARIAN_PEPPER_ROOT;10654;22;10650;23;;;10662;9;10666;16;;;10658.0;0.0
yf_ZS=F_d5;54000;ASH_COATED_OSMIUM;9948;9;9945;26;;;9955;20;9957;21;;;9951.5;0.0
yf_ZS=F_d5;54000;INTARIAN_PEPPER_ROOT;10656;9;10652;16;;;10662;13;10666;22;;;10659.0;0.0
yf_ZS=F_d5;54100;ASH_COATED_OSMIUM;9947;19;9943;20;;;9954;10;9957;22;;;9950.5;0.0
yf_ZS=F_d5;54100;INTARIAN_PEPPER_ROOT;10655;8;10651;21;;;10663;17;10665;22;;;10659.0;0.0
yf_ZS=F_d5;54200;ASH_COATED_OSMIUM;9949;11;9947;22;;;9955;10;9958;17;;;9952.0;0.0
yf_ZS=F_d5;54200;INTARIAN_PEPPER_ROOT;10657;20;10654;20;;;10663;21;10667;24;;;10660.0;0.0
yf_ZS=F_d5;54300;ASH_COATED_OSMIUM;9949;12;9947;17;;;9955;16;9959;22;;;9952.0;0.0
yf_ZS=F_d5;54300;INTARIAN_PEPPER_ROOT;10658;9;10654;17;;;10664;17;10667;18;;;10661.0;0.0
yf_ZS=F_d5;54400;ASH_COATED_OSMIUM;9948;11;9945;24;;;9956;12;9958;26;;;9952.0;0.0
yf_ZS=F_d5;54400;INTARIAN_PEPPER_ROOT;10659;20;10655;18;;;10665;14;10667;23;;;10662.0;0.0
yf_ZS=F_d5;54500;ASH_COATED_OSMIUM;9948;14;9946;15;;;9954;18;9957;8;;;9951.0;0.0
yf_ZS=F_d5;54500;INTARIAN_PEPPER_ROOT;10657;14;10655;26;;;10668;5;10672;16;;;10662.5;0.0
yf_ZS=F_d5;54600;ASH_COATED_OSMIUM;9949;12;9946;18;;;9955;21;9957;20;;;9952.0;0.0
yf_ZS=F_d5;54600;INTARIAN_PEPPER_ROOT;10660;12;10658;20;;;10668;8;10672;25;;;10664.0;0.0
yf_ZS=F_d5;54700;ASH_COATED_OSMIUM;9947;11;9943;15;;;9956;10;9960;27;;;9951.5;0.0
yf_ZS=F_d5;54700;INTARIAN_PEPPER_ROOT;10662;12;10660;31;;;10668;13;10670;30;;;10665.0;0.0
yf_ZS=F_d5;54800;ASH_COATED_OSMIUM;9947;8;9944;13;;;9956;5;9959;15;;;9951.5;0.0
yf_ZS=F_d5;54800;INTARIAN_PEPPER_ROOT;10662;12;10659;25;;;10669;17;10671;26;;;10665.5;0.0
yf_ZS=F_d5;54900;ASH_COATED_OSMIUM;9948;16;9944;8;;;9956;18;9959;24;;;9952.0;0.0
yf_ZS=F_d5;54900;INTARIAN_PEPPER_ROOT;10663;21;10660;18;;;10669;16;10671;23;;;10666.0;0.0
yf_ZS=F_d5;55000;ASH_COATED_OSMIUM;9949;21;9945;14;;;9955;5;9957;25;;;9952.0;0.0
yf_ZS=F_d5;55000;INTARIAN_PEPPER_ROOT;10661;12;10659;18;;;10671;14;10673;14;;;10666.0;0.0
yf_ZS=F_d5;55100;ASH_COATED_OSMIUM;9949;15;9946;22;;;9955;9;9959;15;;;9952.0;0.0
yf_ZS=F_d5;55100;INTARIAN_PEPPER_ROOT;10665;13;10662;19;;;10671;17;10673;25;;;10668.0;0.0
yf_ZS=F_d5;55200;ASH_COATED_OSMIUM;9947;8;9944;22;;;9959;27;9962;11;;;9953.0;0.0
yf_ZS=F_d5;55200;INTARIAN_PEPPER_ROOT;10666;11;10664;19;;;10672;12;10675;22;;;10669.0;0.0
yf_ZS=F_d5;55300;ASH_COATED_OSMIUM;9947;10;9944;21;;;9958;17;9960;22;;;9952.5;0.0
yf_ZS=F_d5;55300;INTARIAN_PEPPER_ROOT;10663;10;10660;20;;;10675;18;10679;22;;;10669.0;0.0
yf_ZS=F_d5;55400;ASH_COATED_OSMIUM;9950;12;9946;23;;;9956;20;9960;21;;;9953.0;0.0
yf_ZS=F_d5;55400;INTARIAN_PEPPER_ROOT;10664;21;10661;22;;;10676;15;10680;15;;;10670.0;0.0
yf_ZS=F_d5;55500;ASH_COATED_OSMIUM;9950;10;9947;29;;;9956;8;9960;18;;;9953.0;0.0
yf_ZS=F_d5;55500;INTARIAN_PEPPER_ROOT;10665;13;10662;15;;;10678;13;10681;26;;;10671.5;0.0
yf_ZS=F_d5;55600;ASH_COATED_OSMIUM;9950;25;9947;17;;;9956;12;9960;21;;;9953.0;0.0
yf_ZS=F_d5;55600;INTARIAN_PEPPER_ROOT;10669;5;10667;26;;;10675;14;10677;16;;;10672.0;0.0
yf_ZS=F_d5;55700;ASH_COATED_OSMIUM;9939;7;9937;9;;;9967;9;9969;15;;;9953.0;0.0
yf_ZS=F_d5;55700;INTARIAN_PEPPER_ROOT;10663;17;10659;17;;;10683;20;10686;19;;;10673.0;0.0
yf_ZS=F_d5;55800;ASH_COATED_OSMIUM;9949;13;9945;17;;;9957;18;9961;23;;;9953.0;0.0
yf_ZS=F_d5;55800;INTARIAN_PEPPER_ROOT;10671;17;10668;16;;;10677;16;10680;18;;;10674.0;0.0
yf_ZS=F_d5;55900;ASH_COATED_OSMIUM;9950;14;9948;24;;;9956;15;9959;20;;;9953.0;0.0
yf_ZS=F_d5;55900;INTARIAN_PEPPER_ROOT;10671;8;10669;24;;;10677;15;10681;11;;;10674.0;0.0
yf_ZS=F_d5;56000;ASH_COATED_OSMIUM;9951;12;9947;19;;;9957;17;9961;17;;;9954.0;0.0
yf_ZS=F_d5;56000;INTARIAN_PEPPER_ROOT;10672;20;10668;19;;;10678;13;10680;24;;;10675.0;0.0
yf_ZS=F_d5;56100;ASH_COATED_OSMIUM;9951;16;9947;22;;;9957;5;9961;25;;;9954.0;0.0
yf_ZS=F_d5;56100;INTARIAN_PEPPER_ROOT;10670;7;10668;16;;;10682;14;10686;21;;;10676.0;0.0
yf_ZS=F_d5;56200;ASH_COATED_OSMIUM;9950;11;9948;23;;;9956;9;9958;24;;;9953.0;0.0
yf_ZS=F_d5;56200;INTARIAN_PEPPER_ROOT;10674;22;10670;13;;;10680;15;10683;24;;;10677.0;0.0
yf_ZS=F_d5;56300;ASH_COATED_OSMIUM;9951;21;9948;20;;;9957;14;9961;15;;;9954.0;0.0
yf_ZS=F_d5;56300;INTARIAN_PEPPER_ROOT;10674;17;10670;21;;;10681;15;10683;20;;;10677.5;0.0
yf_ZS=F_d5;56400;ASH_COATED_OSMIUM;9941;19;9939;12;;;9967;16;9969;14;;;9954.0;0.0
yf_ZS=F_d5;56400;INTARIAN_PEPPER_ROOT;10673;23;10669;26;;;10683;21;10686;24;;;10678.0;0.0
yf_ZS=F_d5;56500;ASH_COATED_OSMIUM;9949;5;9947;20;;;9959;21;9963;25;;;9954.0;0.0
yf_ZS=F_d5;56500;INTARIAN_PEPPER_ROOT;10676;5;10674;25;;;10682;17;10684;26;;;10679.0;0.0
yf_ZS=F_d5;56600;ASH_COATED_OSMIUM;9948;12;9946;13;;;9959;19;9962;28;;;9953.5;0.0
yf_ZS=F_d5;56600;INTARIAN_PEPPER_ROOT;10677;22;10673;16;;;10684;18;10686;16;;;10680.5;0.0
yf_ZS=F_d5;56700;ASH_COATED_OSMIUM;9935;8;9931;14;;;9973;13;9977;21;;;9954.0;0.0
yf_ZS=F_d5;56700;INTARIAN_PEPPER_ROOT;10678;21;10674;21;;;10684;11;10686;18;;;10681.0;0.0
yf_ZS=F_d5;56800;ASH_COATED_OSMIUM;9952;24;9948;25;;;9958;13;9961;18;;;9955.0;0.0
yf_ZS=F_d5;56800;INTARIAN_PEPPER_ROOT;10675;13;10672;28;;;10689;5;10692;15;;;10682.0;0.0
yf_ZS=F_d5;56900;ASH_COATED_OSMIUM;9945;16;9942;18;;;9965;19;9969;22;;;9955.0;0.0
yf_ZS=F_d5;56900;INTARIAN_PEPPER_ROOT;10674;17;10672;20;;;10691;15;10694;15;;;10682.5;0.0
yf_ZS=F_d5;57000;ASH_COATED_OSMIUM;9952;8;9950;18;;;9958;17;9962;16;;;9955.0;0.0
yf_ZS=F_d5;57000;INTARIAN_PEPPER_ROOT;10678;16;10676;15;;;10689;18;10691;27;;;10683.5;0.0
yf_ZS=F_d5;57100;ASH_COATED_OSMIUM;9952;10;9948;18;;;9958;19;9960;19;;;9955.0;0.0
yf_ZS=F_d5;57100;INTARIAN_PEPPER_ROOT;10681;8;10678;23;;;10687;20;10689;16;;;10684.0;0.0
yf_ZS=F_d5;57200;ASH_COATED_OSMIUM;9940;21;9938;23;;;9969;16;9972;24;;;9954.5;0.0
yf_ZS=F_d5;57200;INTARIAN_PEPPER_ROOT;10682;18;10679;22;;;10688;7;10692;12;;;10685.0;0.0
yf_ZS=F_d5;57300;ASH_COATED_OSMIUM;9952;13;9948;24;;;9958;15;9962;13;;;9955.0;0.0
yf_ZS=F_d5;57300;INTARIAN_PEPPER_ROOT;10683;24;10680;15;;;10689;19;10692;18;;;10686.0;0.0
yf_ZS=F_d5;57400;ASH_COATED_OSMIUM;9946;23;9943;26;;;9964;23;9967;26;;;9955.0;0.0
yf_ZS=F_d5;57400;INTARIAN_PEPPER_ROOT;10684;20;10682;20;;;10690;8;10693;12;;;10687.0;0.0
yf_ZS=F_d5;57500;ASH_COATED_OSMIUM;9952;8;9948;13;;;9958;10;9961;13;;;9955.0;0.0
yf_ZS=F_d5;57500;INTARIAN_PEPPER_ROOT;10684;23;10682;23;;;10690;11;10693;23;;;10687.0;0.0
yf_ZS=F_d5;57600;ASH_COATED_OSMIUM;9947;20;9943;8;;;9964;14;9966;15;;;9955.5;0.0
yf_ZS=F_d5;57600;INTARIAN_PEPPER_ROOT;10685;10;10681;17;;;10691;11;10694;19;;;10688.0;0.0
yf_ZS=F_d5;57700;ASH_COATED_OSMIUM;9953;14;9950;9;;;9959;16;9963;19;;;9956.0;0.0
yf_ZS=F_d5;57700;INTARIAN_PEPPER_ROOT;10687;13;10684;10;;;10693;20;10697;15;;;10690.0;0.0
yf_ZS=F_d5;57800;ASH_COATED_OSMIUM;9946;12;9943;21;;;9964;11;9968;30;;;9955.0;0.0
yf_ZS=F_d5;57800;INTARIAN_PEPPER_ROOT;10687;12;10685;21;;;10693;19;10696;21;;;10690.0;0.0
yf_ZS=F_d5;57900;ASH_COATED_OSMIUM;9952;13;9949;15;;;9958;13;9962;16;;;9955.0;0.0
yf_ZS=F_d5;57900;INTARIAN_PEPPER_ROOT;10688;9;10686;16;;;10694;10;10697;17;;;10691.0;0.0
yf_ZS=F_d5;58000;ASH_COATED_OSMIUM;9953;16;9951;25;;;9959;22;9962;12;;;9956.0;0.0
yf_ZS=F_d5;58000;INTARIAN_PEPPER_ROOT;10688;19;10686;25;;;10694;12;10697;29;;;10691.0;0.0
yf_ZS=F_d5;58100;ASH_COATED_OSMIUM;9945;15;9941;22;;;9966;10;9968;8;;;9955.5;0.0
yf_ZS=F_d5;58100;INTARIAN_PEPPER_ROOT;10688;18;10684;18;;;10697;17;10700;22;;;10692.5;0.0
yf_ZS=F_d5;58200;ASH_COATED_OSMIUM;9951;12;9948;29;;;9962;20;9964;18;;;9956.5;0.0
yf_ZS=F_d5;58200;INTARIAN_PEPPER_ROOT;10690;10;10688;18;;;10697;16;10701;25;;;10693.5;0.0
yf_ZS=F_d5;58300;ASH_COATED_OSMIUM;9953;16;9950;21;;;9959;12;9963;15;;;9956.0;0.0
yf_ZS=F_d5;58300;INTARIAN_PEPPER_ROOT;10686;16;10683;16;;;10701;22;10704;24;;;10693.5;0.0
