day;timestamp;product;bid_price_1;bid_volume_1;bid_price_2;bid_volume_2;bid_price_3;bid_volume_3;ask_price_1;ask_volume_1;ask_price_2;ask_volume_2;ask_price_3;ask_volume_3;mid_price;profit_and_loss
yf_ZS=F_d12;0;ASH_COATED_OSMIUM;9924;15;9922;14;;;9930;15;9934;18;;;9927.0;0.0
yf_ZS=F_d12;0;INTARIAN_PEPPER_ROOT;10175;9;10171;12;;;10181;19;10183;27;;;10178.0;0.0
yf_ZS=F_d12;100;ASH_COATED_OSMIUM;9925;7;9923;20;;;9931;17;9935;15;;;9928.0;0.0
yf_ZS=F_d12;100;INTARIAN_PEPPER_ROOT;10175;22;10171;12;;;10181;11;10185;24;;;10178.0;0.0
yf_ZS=F_d12;200;ASH_COATED_OSMIUM;9920;19;9917;12;;;9934;15;9937;17;;;9927.0;0.0
yf_ZS=F_d12;200;INTARIAN_PEPPER_ROOT;10174;14;10171;13;;;10184;13;10188;24;;;10179.0;0.0
yf_ZS=F_d12;300;ASH_COATED_OSMIUM;9924;7;9920;14;;;9930;22;9933;28;;;9927.0;0.0
yf_ZS=F_d12;300;INTARIAN_PEPPER_ROOT;10175;19;10173;14;;;10181;25;10185;22;;;10178.0;0.0
yf_ZS=F_d12;400;ASH_COATED_OSMIUM;9917;17;9914;16;;;9938;12;9941;26;;;9927.5;0.0
yf_ZS=F_d12;400;INTARIAN_PEPPER_ROOT;10170;17;10166;22;;;10186;8;10189;17;;;10178.0;0.0
yf_ZS=F_d12;500;ASH_COATED_OSMIUM;9925;16;9921;22;;;9931;19;9935;15;;;9928.0;0.0
yf_ZS=F_d12;500;INTARIAN_PEPPER_ROOT;10173;16;10169;16;;;10183;13;10186;14;;;10178.0;0.0
yf_ZS=F_d12;600;ASH_COATED_OSMIUM;9925;9;9922;21;;;9931;23;9935;16;;;9928.0;0.0
yf_ZS=F_d12;600;INTARIAN_PEPPER_ROOT;10167;18;10164;10;;;10191;13;10193;14;;;10179.0;0.0
yf_ZS=F_d12;700;ASH_COATED_OSMIUM;9925;26;9922;15;;;9931;21;9933;26;;;9928.0;0.0
yf_ZS=F_d12;700;INTARIAN_PEPPER_ROOT;10171;12;10167;18;;;10186;19;10188;28;;;10178.5;0.0
yf_ZS=F_d12;800;ASH_COATED_OSMIUM;9919;5;9917;19;;;9936;16;9939;29;;;9927.5;0.0
yf_ZS=F_d12;800;INTARIAN_PEPPER_ROOT;10176;13;10174;23;;;10182;15;10185;19;;;10179.0;0.0
yf_ZS=F_d12;900;ASH_COATED_OSMIUM;9921;12;9917;24;;;9934;5;9938;28;;;9927.5;0.0
yf_ZS=F_d12;900;INTARIAN_PEPPER_ROOT;10176;12;10172;24;;;10182;20;10185;25;;;10179.0;0.0
yf_ZS=F_d12;1000;ASH_COATED_OSMIUM;9925;20;9922;16;;;9931;14;9934;19;;;9928.0;0.0
yf_ZS=F_d12;1000;INTARIAN_PEPPER_ROOT;10173;7;10170;26;;;10183;14;10186;19;;;10178.0;0.0
yf_ZS=F_d12;1100;ASH_COATED_OSMIUM;9923;16;9921;20;;;9934;18;9936;18;;;9928.5;0.0
yf_ZS=F_d12;1100;INTARIAN_PEPPER_ROOT;10176;17;10173;28;;;10182;8;10185;25;;;10179.0;0.0
yf_ZS=F_d12;1200;ASH_COATED_OSMIUM;9926;12;9923;18;;;9932;10;9935;32;;;9929.0;0.0
yf_ZS=F_d12;1200;INTARIAN_PEPPER_ROOT;10176;7;10172;20;;;10182;17;10184;22;;;10179.0;0.0
yf_ZS=F_d12;1300;ASH_COATED_OSMIUM;9923;20;9920;20;;;9933;9;9937;15;;;9928.0;0.0
yf_ZS=F_d12;1300;INTARIAN_PEPPER_ROOT;10177;17;10175;16;;;10183;11;10186;21;;;10180.0;0.0
yf_ZS=F_d12;1400;ASH_COATED_OSMIUM;9926;16;9922;12;;;9932;10;9934;13;;;9929.0;0.0
yf_ZS=F_d12;1400;INTARIAN_PEPPER_ROOT;10167;26;10164;13;;;10192;10;10196;23;;;10179.5;0.0
yf_ZS=F_d12;1500;ASH_COATED_OSMIUM;9925;18;9923;19;;;9931;17;9934;21;;;9928.0;0.0
yf_ZS=F_d12;1500;INTARIAN_PEPPER_ROOT;10176;17;10173;11;;;10183;5;10186;24;;;10179.5;0.0
yf_ZS=F_d12;1600;ASH_COATED_OSMIUM;9927;17;9924;21;;;9933;21;9936;14;;;9930.0;0.0
yf_ZS=F_d12;1600;INTARIAN_PEPPER_ROOT;10170;18;10166;19;;;10188;10;10191;17;;;10179.0;0.0
yf_ZS=F_d12;1700;ASH_COATED_OSMIUM;9926;13;9922;18;;;9932;19;9935;21;;;9929.0;0.0
yf_ZS=F_d12;1700;INTARIAN_PEPPER_ROOT;10176;22;10173;18;;;10182;17;10185;16;;;10179.0;0.0
yf_ZS=F_d12;1800;ASH_COATED_OSMIUM;9926;18;9923;21;;;9932;17;9936;23;;;9929.0;0.0
yf_ZS=F_d12;1800;INTARIAN_PEPPER_ROOT;10177;21;10174;12;;;10183;22;10187;16;;;10180.0;0.0
yf_ZS=F_d12;1900;ASH_COATED_OSMIUM;9926;14;9922;27;;;9932;8;9935;10;;;9929.0;0.0
yf_ZS=F_d12;1900;INTARIAN_PEPPER_ROOT;10177;24;10173;20;;;10183;10;10185;13;;;10180.0;0.0
yf_ZS=F_d12;2000;ASH_COATED_OSMIUM;9926;17;9922;29;;;9932;23;9935;24;;;9929.0;0.0
yf_ZS=F_d12;2000;INTARIAN_PEPPER_ROOT;10176;11;10173;19;;;10182;17;10186;26;;;10179.0;0.0
yf_ZS=F_d12;2100;ASH_COATED_OSMIUM;9923;18;9919;27;;;9936;15;9938;14;;;9929.5;0.0
yf_ZS=F_d12;2100;INTARIAN_PEPPER_ROOT;10177;15;10175;17;;;10184;9;10186;20;;;10180.5;0.0
yf_ZS=F_d12;2200;ASH_COATED_OSMIUM;9924;5;9920;22;;;9934;10;9937;19;;;9929.0;0.0
yf_ZS=F_d12;2200;INTARIAN_PEPPER_ROOT;10168;14;10166;21;;;10193;12;10195;25;;;10180.5;0.0
yf_ZS=F_d12;2300;ASH_COATED_OSMIUM;9927;20;9924;21;;;9933;22;9937;24;;;9930.0;0.0
yf_ZS=F_d12;2300;INTARIAN_PEPPER_ROOT;10177;17;10174;20;;;10183;8;10186;12;;;10180.0;0.0
yf_ZS=F_d12;2400;ASH_COATED_OSMIUM;9925;16;9922;20;;;9934;19;9937;13;;;9929.5;0.0
yf_ZS=F_d12;2400;INTARIAN_PEPPER_ROOT;10177;13;10174;21;;;10183;8;10185;21;;;10180.0;0.0
yf_ZS=F_d12;2500;ASH_COATED_OSMIUM;9926;13;9923;21;;;9932;14;9936;22;;;9929.0;0.0
yf_ZS=F_d12;2500;INTARIAN_PEPPER_ROOT;10178;10;10176;15;;;10184;11;10187;24;;;10181.0;0.0
yf_ZS=F_d12;2600;ASH_COATED_OSMIUM;9926;16;9923;18;;;9932;15;9934;16;;;9929.0;0.0
yf_ZS=F_d12;2600;INTARIAN_PEPPER_ROOT;10178;19;10175;24;;;10184;9;10187;24;;;10181.0;0.0
yf_ZS=F_d12;2700;ASH_COATED_OSMIUM;9927;13;9923;20;;;9934;14;9937;24;;;9930.5;0.0
yf_ZS=F_d12;2700;INTARIAN_PEPPER_ROOT;10177;22;10175;16;;;10183;13;10186;14;;;10180.0;0.0
yf_ZS=F_d12;2800;ASH_COATED_OSMIUM;9927;5;9924;22;;;9933;15;9935;25;;;9930.0;0.0
yf_ZS=F_d12;2800;INTARIAN_PEPPER_ROOT;10178;11;10175;20;;;10184;8;10187;16;;;10181.0;0.0
yf_ZS=F_d12;2900;ASH_COATED_OSMIUM;9927;13;9925;11;;;9933;13;9936;24;;;9930.0;0.0
yf_ZS=F_d12;2900;INTARIAN_PEPPER_ROOT;10178;15;10175;18;;;10184;8;10186;20;;;10181.0;0.0
yf_ZS=F_d12;3000;ASH_COATED_OSMIUM;9927;20;9923;19;;;9935;12;9939;22;;;9931.0;0.0
yf_ZS=F_d12;3000;INTARIAN_PEPPER_ROOT;10178;10;10175;13;;;10184;17;10188;8;;;10181.0;0.0
yf_ZS=F_d12;3100;ASH_COATED_OSMIUM;9927;12;9923;22;;;9933;13;9936;22;;;9930.0;0.0
yf_ZS=F_d12;3100;INTARIAN_PEPPER_ROOT;10178;11;10175;19;;;10184;16;10187;15;;;10181.0;0.0
yf_ZS=F_d12;3200;ASH_COATED_OSMIUM;9927;11;9923;19;;;9934;19;9937;24;;;9930.5;0.0
yf_ZS=F_d12;3200;INTARIAN_PEPPER_ROOT;10179;14;10177;24;;;10185;20;10187;15;;;10182.0;0.0
yf_ZS=F_d12;3300;ASH_COATED_OSMIUM;9927;17;9924;21;;;9933;11;9937;17;;;9930.0;0.0
yf_ZS=F_d12;3300;INTARIAN_PEPPER_ROOT;10176;13;10174;19;;;10187;19;10190;18;;;10181.5;0.0
yf_ZS=F_d12;3400;ASH_COATED_OSMIUM;9928;13;9925;8;;;9934;22;9936;19;;;9931.0;0.0
yf_ZS=F_d12;3400;INTARIAN_PEPPER_ROOT;10172;15;10168;22;;;10191;20;10193;21;;;10181.5;0.0
yf_ZS=F_d12;3500;ASH_COATED_OSMIUM;9906;16;9902;20;;;9956;16;9960;20;;;9931.0;0.0
yf_ZS=F_d12;3500;INTARIAN_PEPPER_ROOT;10179;13;10177;19;;;10185;17;10188;18;;;10182.0;0.0
yf_ZS=F_d12;3600;ASH_COATED_OSMIUM;9912;15;9908;18;;;9950;17;9954;23;;;9931.0;0.0
yf_ZS=F_d12;3600;INTARIAN_PEPPER_ROOT;10178;5;10174;17;;;10187;12;10190;14;;;10182.5;0.0
yf_ZS=F_d12;3700;ASH_COATED_OSMIUM;9917;16;9914;12;;;9946;10;9950;25;;;9931.5;0.0
yf_ZS=F_d12;3700;INTARIAN_PEPPER_ROOT;10179;19;10177;30;;;10185;13;10187;15;;;10182.0;0.0
yf_ZS=F_d12;3800;ASH_COATED_OSMIUM;9928;11;9924;18;;;9934;22;9937;29;;;9931.0;0.0
yf_ZS=F_d12;3800;INTARIAN_PEPPER_ROOT;10179;9;10177;26;;;10185;18;10187;16;;;10182.0;0.0
yf_ZS=F_d12;3900;ASH_COATED_OSMIUM;9929;16;9926;20;;;9935;15;9937;16;;;9932.0;0.0
yf_ZS=F_d12;3900;INTARIAN_PEPPER_ROOT;10179;9;10176;19;;;10185;10;10187;18;;;10182.0;0.0
yf_ZS=F_d12;4000;ASH_COATED_OSMIUM;9928;6;9924;29;;;9934;5;9936;22;;;9931.0;0.0
yf_ZS=F_d12;4000;INTARIAN_PEPPER_ROOT;10179;20;10177;19;;;10185;18;10187;16;;;10182.0;0.0
yf_ZS=F_d12;4100;ASH_COATED_OSMIUM;9928;11;9924;20;;;9934;13;9938;20;;;9931.0;0.0
yf_ZS=F_d12;4100;INTARIAN_PEPPER_ROOT;10180;18;10178;18;;;10186;12;10190;27;;;10183.0;0.0
yf_ZS=F_d12;4200;ASH_COATED_OSMIUM;9919;15;9915;25;;;9944;11;9948;23;;;9931.5;0.0
yf_ZS=F_d12;4200;INTARIAN_PEPPER_ROOT;10180;14;10178;18;;;10186;20;10189;17;;;10183.0;0.0
yf_ZS=F_d12;4300;ASH_COATED_OSMIUM;9926;16;9923;19;;;9937;20;9939;27;;;9931.5;0.0
yf_ZS=F_d12;4300;INTARIAN_PEPPER_ROOT;10177;7;10175;22;;;10189;18;10192;18;;;10183.0;0.0
yf_ZS=F_d12;4400;ASH_COATED_OSMIUM;9928;20;9924;24;;;9937;12;9939;17;;;9932.5;0.0
yf_ZS=F_d12;4400;INTARIAN_PEPPER_ROOT;10179;15;10175;18;;;10186;10;10189;15;;;10182.5;0.0
yf_ZS=F_d12;4500;ASH_COATED_OSMIUM;9929;11;9925;19;;;9935;21;9939;19;;;9932.0;0.0
yf_ZS=F_d12;4500;INTARIAN_PEPPER_ROOT;10176;11;10174;20;;;10191;15;10195;15;;;10183.5;0.0
yf_ZS=F_d12;4600;ASH_COATED_OSMIUM;9924;8;9920;22;;;9940;17;9944;20;;;9932.0;0.0
yf_ZS=F_d12;4600;INTARIAN_PEPPER_ROOT;10180;13;10176;15;;;10186;11;10190;16;;;10183.0;0.0
yf_ZS=F_d12;4700;ASH_COATED_OSMIUM;9929;10;9926;23;;;9935;12;9937;10;;;9932.0;0.0
yf_ZS=F_d12;4700;INTARIAN_PEPPER_ROOT;10180;25;10176;18;;;10186;12;10188;9;;;10183.0;0.0
yf_ZS=F_d12;4800;ASH_COATED_OSMIUM;9928;9;9925;21;;;9936;16;9938;13;;;9932.0;0.0
yf_ZS=F_d12;4800;INTARIAN_PEPPER_ROOT;10180;14;10177;26;;;10186;22;10189;14;;;10183.0;0.0
yf_ZS=F_d12;4900;ASH_COATED_OSMIUM;9928;24;9926;23;;;9936;10;9940;30;;;9932.0;0.0
yf_ZS=F_d12;4900;INTARIAN_PEPPER_ROOT;10180;16;10176;22;;;10186;18;10189;15;;;10183.0;0.0
yf_ZS=F_d12;5000;ASH_COATED_OSMIUM;9930;11;9926;14;;;9936;15;9938;20;;;9933.0;0.0
yf_ZS=F_d12;5000;INTARIAN_PEPPER_ROOT;10176;20;10174;15;;;10190;9;10194;30;;;10183.0;0.0
yf_ZS=F_d12;5100;ASH_COATED_OSMIUM;9929;20;9926;18;;;9935;11;9938;23;;;9932.0;0.0
yf_ZS=F_d12;5100;INTARIAN_PEPPER_ROOT;10179;15;10177;19;;;10188;19;10192;26;;;10183.5;0.0
yf_ZS=F_d12;5200;ASH_COATED_OSMIUM;9930;20;9928;8;;;9936;7;9940;20;;;9933.0;0.0
yf_ZS=F_d12;5200;INTARIAN_PEPPER_ROOT;10180;9;10178;23;;;10186;10;10189;22;;;10183.0;0.0
yf_ZS=F_d12;5300;ASH_COATED_OSMIUM;9929;9;9925;32;;;9935;13;9937;22;;;9932.0;0.0
yf_ZS=F_d12;5300;INTARIAN_PEPPER_ROOT;10180;23;10177;16;;;10186;15;10188;15;;;10183.0;0.0
yf_ZS=F_d12;5400;ASH_COATED_OSMIUM;9930;21;9928;18;;;9936;13;9940;18;;;9933.0;0.0
yf_ZS=F_d12;5400;INTARIAN_PEPPER_ROOT;10182;13;10179;16;;;10188;15;10191;12;;;10185.0;0.0
yf_ZS=F_d12;5500;ASH_COATED_OSMIUM;9930;6;9928;17;;;9936;15;9939;22;;;9933.0;0.0
yf_ZS=F_d12;5500;INTARIAN_PEPPER_ROOT;10181;14;10178;21;;;10187;19;10191;16;;;10184.0;0.0
yf_ZS=F_d12;5600;ASH_COATED_OSMIUM;9928;8;9926;17;;;9936;12;9938;18;;;9932.0;0.0
yf_ZS=F_d12;5600;INTARIAN_PEPPER_ROOT;10157;12;10155;30;;;10213;14;10217;18;;;10185.0;0.0
yf_ZS=F_d12;5700;ASH_COATED_OSMIUM;9930;6;9928;11;;;9936;13;9940;26;;;9933.0;0.0
yf_ZS=F_d12;5700;INTARIAN_PEPPER_ROOT;10178;5;10176;16;;;10191;15;10194;14;;;10184.5;0.0
yf_ZS=F_d12;5800;ASH_COATED_OSMIUM;9927;16;9925;20;;;9939;7;9943;24;;;9933.0;0.0
yf_ZS=F_d12;5800;INTARIAN_PEPPER_ROOT;10176;14;10174;15;;;10192;15;10195;8;;;10184.0;0.0
yf_ZS=F_d12;5900;ASH_COATED_OSMIUM;9924;22;9921;23;;;9943;22;9945;27;;;9933.5;0.0
yf_ZS=F_d12;5900;INTARIAN_PEPPER_ROOT;10181;20;10179;8;;;10187;14;10191;17;;;10184.0;0.0
yf_ZS=F_d12;6000;ASH_COATED_OSMIUM;9931;18;9929;20;;;9937;14;9940;13;;;9934.0;0.0
yf_ZS=F_d12;6000;INTARIAN_PEPPER_ROOT;10182;24;10180;26;;;10188;18;10192;17;;;10185.0;0.0
yf_ZS=F_d12;6100;ASH_COATED_OSMIUM;9926;15;9922;22;;;9941;9;9944;21;;;9933.5;0.0
yf_ZS=F_d12;6100;INTARIAN_PEPPER_ROOT;10182;19;10180;19;;;10188;14;10190;30;;;10185.0;0.0
yf_ZS=F_d12;6200;ASH_COATED_OSMIUM;9925;16;9923;22;;;9943;18;9945;22;;;9934.0;0.0
yf_ZS=F_d12;6200;INTARIAN_PEPPER_ROOT;10181;17;10177;17;;;10190;14;10194;22;;;10185.5;0.0
yf_ZS=F_d12;6300;ASH_COATED_OSMIUM;9922;11;9919;16;;;9946;14;9949;21;;;9934.0;0.0
yf_ZS=F_d12;6300;INTARIAN_PEPPER_ROOT;10181;10;10177;26;;;10188;8;10190;18;;;10184.5;0.0
yf_ZS=F_d12;6400;ASH_COATED_OSMIUM;9928;8;9925;21;;;9940;27;9942;19;;;9934.0;0.0
yf_ZS=F_d12;6400;INTARIAN_PEPPER_ROOT;10171;13;10168;22;;;10200;22;10204;27;;;10185.5;0.0
yf_ZS=F_d12;6500;ASH_COATED_OSMIUM;9928;15;9924;25;;;9939;21;9943;19;;;9933.5;0.0
yf_ZS=F_d12;6500;INTARIAN_PEPPER_ROOT;10180;11;10176;14;;;10190;18;10194;9;;;10185.0;0.0
yf_ZS=F_d12;6600;ASH_COATED_OSMIUM;9932;17;9929;21;;;9938;20;9942;18;;;9935.0;0.0
yf_ZS=F_d12;6600;INTARIAN_PEPPER_ROOT;10182;21;10180;21;;;10188;19;10191;21;;;10185.0;0.0
yf_ZS=F_d12;6700;ASH_COATED_OSMIUM;9931;13;9929;22;;;9937;19;9941;27;;;9934.0;0.0
yf_ZS=F_d12;6700;INTARIAN_PEPPER_ROOT;10183;17;10179;25;;;10189;15;10192;20;;;10186.0;0.0
yf_ZS=F_d12;6800;ASH_COATED_OSMIUM;9932;12;9929;18;;;9938;10;9942;21;;;9935.0;0.0
yf_ZS=F_d12;6800;INTARIAN_PEPPER_ROOT;10182;17;10179;19;;;10188;20;10191;24;;;10185.0;0.0
yf_ZS=F_d12;6900;ASH_COATED_OSMIUM;9931;20;9928;13;;;9937;10;9941;20;;;9934.0;0.0
yf_ZS=F_d12;6900;INTARIAN_PEPPER_ROOT;10183;9;10180;26;;;10189;5;10192;29;;;10186.0;0.0
yf_ZS=F_d12;7000;ASH_COATED_OSMIUM;9932;11;9930;20;;;9938;8;9942;20;;;9935.0;0.0
yf_ZS=F_d12;7000;INTARIAN_PEPPER_ROOT;10180;12;10176;30;;;10193;14;10196;15;;;10186.5;0.0
yf_ZS=F_d12;7100;ASH_COATED_OSMIUM;9932;14;9929;10;;;9938;11;9941;19;;;9935.0;0.0
yf_ZS=F_d12;7100;INTARIAN_PEPPER_ROOT;10183;15;10179;32;;;10189;12;10193;23;;;10186.0;0.0
yf_ZS=F_d12;7200;ASH_COATED_OSMIUM;9931;18;9929;14;;;9938;10;9940;19;;;9934.5;0.0
yf_ZS=F_d12;7200;INTARIAN_PEPPER_ROOT;10183;21;10181;17;;;10189;20;10192;27;;;10186.0;0.0
yf_ZS=F_d12;7300;ASH_COATED_OSMIUM;9925;15;9921;18;;;9944;19;9947;12;;;9934.5;0.0
yf_ZS=F_d12;7300;INTARIAN_PEPPER_ROOT;10181;7;10178;20;;;10191;19;10194;20;;;10186.0;0.0
yf_ZS=F_d12;7400;ASH_COATED_OSMIUM;9932;15;9930;21;;;9938;16;9941;11;;;9935.0;0.0
yf_ZS=F_d12;7400;INTARIAN_PEPPER_ROOT;10183;12;10181;14;;;10189;19;10191;16;;;10186.0;0.0
yf_ZS=F_d12;7500;ASH_COATED_OSMIUM;9932;15;9930;21;;;9938;20;9942;17;;;9935.0;0.0
yf_ZS=F_d12;7500;INTARIAN_PEPPER_ROOT;10184;18;10180;16;;;10190;7;10192;8;;;10187.0;0.0
yf_ZS=F_d12;7600;ASH_COATED_OSMIUM;9929;13;9927;14;;;9941;11;9945;29;;;9935.0;0.0
yf_ZS=F_d12;7600;INTARIAN_PEPPER_ROOT;10183;15;10179;15;;;10189;10;10191;23;;;10186.0;0.0
yf_ZS=F_d12;7700;ASH_COATED_OSMIUM;9927;19;9925;13;;;9943;16;9945;20;;;9935.0;0.0
yf_ZS=F_d12;7700;INTARIAN_PEPPER_ROOT;10183;16;10181;19;;;10189;5;10191;24;;;10186.0;0.0
yf_ZS=F_d12;7800;ASH_COATED_OSMIUM;9931;20;9927;21;;;9939;20;9941;10;;;9935.0;0.0
yf_ZS=F_d12;7800;INTARIAN_PEPPER_ROOT;10184;16;10182;11;;;10190;20;10194;16;;;10187.0;0.0
yf_ZS=F_d12;7900;ASH_COATED_OSMIUM;9933;21;9931;13;;;9939;15;9942;23;;;9936.0;0.0
yf_ZS=F_d12;7900;INTARIAN_PEPPER_ROOT;10183;13;10180;20;;;10189;6;10193;14;;;10186.0;0.0
yf_ZS=F_d12;8000;ASH_COATED_OSMIUM;9933;13;9931;14;;;9939;12;9942;16;;;9936.0;0.0
yf_ZS=F_d12;8000;INTARIAN_PEPPER_ROOT;10176;17;10173;16;;;10197;20;10199;25;;;10186.5;0.0
yf_ZS=F_d12;8100;ASH_COATED_OSMIUM;9933;26;9931;22;;;9939;13;9942;19;;;9936.0;0.0
yf_ZS=F_d12;8100;INTARIAN_PEPPER_ROOT;10178;15;10174;12;;;10195;9;10198;19;;;10186.5;0.0
yf_ZS=F_d12;8200;ASH_COATED_OSMIUM;9923;13;9919;20;;;9949;15;9953;20;;;9936.0;0.0
yf_ZS=F_d12;8200;INTARIAN_PEPPER_ROOT;10183;14;10181;12;;;10190;17;10193;17;;;10186.5;0.0
yf_ZS=F_d12;8300;ASH_COATED_OSMIUM;9933;12;9929;24;;;9939;14;9941;22;;;9936.0;0.0
yf_ZS=F_d12;8300;INTARIAN_PEPPER_ROOT;10183;13;10181;24;;;10192;18;10195;23;;;10187.5;0.0
yf_ZS=F_d12;8400;ASH_COATED_OSMIUM;9932;24;9928;25;;;9938;16;9941;24;;;9935.0;0.0
yf_ZS=F_d12;8400;INTARIAN_PEPPER_ROOT;10185;14;10181;18;;;10191;17;10194;16;;;10188.0;0.0
yf_ZS=F_d12;8500;ASH_COATED_OSMIUM;9933;7;9929;28;;;9939;13;9943;19;;;9936.0;0.0
yf_ZS=F_d12;8500;INTARIAN_PEPPER_ROOT;10184;19;10182;8;;;10190;10;10194;11;;;10187.0;0.0
yf_ZS=F_d12;8600;ASH_COATED_OSMIUM;9933;13;9931;22;;;9939;27;9941;18;;;9936.0;0.0
yf_ZS=F_d12;8600;INTARIAN_PEPPER_ROOT;10185;13;10182;27;;;10191;16;10194;17;;;10188.0;0.0
yf_ZS=F_d12;8700;ASH_COATED_OSMIUM;9931;10;9929;26;;;9943;16;9947;15;;;9937.0;0.0
yf_ZS=F_d12;8700;INTARIAN_PEPPER_ROOT;10182;20;10180;10;;;10193;15;10196;27;;;10187.5;0.0
yf_ZS=F_d12;8800;ASH_COATED_OSMIUM;9933;17;9931;22;;;9939;17;9941;28;;;9936.0;0.0
yf_ZS=F_d12;8800;INTARIAN_PEPPER_ROOT;10186;12;10182;18;;;10192;18;10196;16;;;10189.0;0.0
yf_ZS=F_d12;8900;ASH_COATED_OSMIUM;9933;11;9930;15;;;9939;11;9943;20;;;9936.0;0.0
yf_ZS=F_d12;8900;INTARIAN_PEPPER_ROOT;10182;25;10179;19;;;10193;16;10197;22;;;10187.5;0.0
yf_ZS=F_d12;9000;ASH_COATED_OSMIUM;9933;19;9930;20;;;9939;20;9943;13;;;9936.0;0.0
yf_ZS=F_d12;9000;INTARIAN_PEPPER_ROOT;10185;17;10182;11;;;10191;17;10193;15;;;10188.0;0.0
yf_ZS=F_d12;9100;ASH_COATED_OSMIUM;9934;18;9931;24;;;9940;11;9944;17;;;9937.0;0.0
yf_ZS=F_d12;9100;INTARIAN_PEPPER_ROOT;10184;10;10182;14;;;10192;10;10194;17;;;10188.0;0.0
yf_ZS=F_d12;9200;ASH_COATED_OSMIUM;9931;12;9928;27;;;9943;12;9947;24;;;9937.0;0.0
yf_ZS=F_d12;9200;INTARIAN_PEPPER_ROOT;10185;13;10183;22;;;10191;13;10195;16;;;10188.0;0.0
yf_ZS=F_d12;9300;ASH_COATED_OSMIUM;9933;5;9930;17;;;9939;10;9942;19;;;9936.0;0.0
yf_ZS=F_d12;9300;INTARIAN_PEPPER_ROOT;10186;20;10183;11;;;10192;6;10195;28;;;10189.0;0.0
yf_ZS=F_d12;9400;ASH_COATED_OSMIUM;9934;16;9931;15;;;9940;12;9943;18;;;9937.0;0.0
yf_ZS=F_d12;9400;INTARIAN_PEPPER_ROOT;10182;14;10178;16;;;10194;14;10197;16;;;10188.0;0.0
yf_ZS=F_d12;9500;ASH_COATED_OSMIUM;9934;7;9930;18;;;9940;15;9943;29;;;9937.0;0.0
yf_ZS=F_d12;9500;INTARIAN_PEPPER_ROOT;10185;14;10181;17;;;10191;6;10194;19;;;10188.0;0.0
yf_ZS=F_d12;9600;ASH_COATED_OSMIUM;9930;14;9926;31;;;9945;15;9948;23;;;9937.5;0.0
yf_ZS=F_d12;9600;INTARIAN_PEPPER_ROOT;10182;21;10178;12;;;10195;9;10199;12;;;10188.5;0.0
yf_ZS=F_d12;9700;ASH_COATED_OSMIUM;9931;14;9929;23;;;9945;15;9948;20;;;9938.0;0.0
yf_ZS=F_d12;9700;INTARIAN_PEPPER_ROOT;10186;22;10182;9;;;10192;9;10196;17;;;10189.0;0.0
yf_ZS=F_d12;9800;ASH_COATED_OSMIUM;9926;12;9922;17;;;9948;14;9951;20;;;9937.0;0.0
yf_ZS=F_d12;9800;INTARIAN_PEPPER_ROOT;10184;21;10180;22;;;10195;8;10198;24;;;10189.5;0.0
yf_ZS=F_d12;9900;ASH_COATED_OSMIUM;9934;9;9932;23;;;9940;18;9943;24;;;9937.0;0.0
yf_ZS=F_d12;9900;INTARIAN_PEPPER_ROOT;10181;7;10179;21;;;10196;16;10200;16;;;10188.5;0.0
yf_ZS=F_d12;10000;ASH_COATED_OSMIUM;9934;17;9932;8;;;9942;28;9945;17;;;9938.0;0.0
yf_ZS=F_d12;10000;INTARIAN_PEPPER_ROOT;10186;19;10182;26;;;10192;5;10195;22;;;10189.0;0.0
yf_ZS=F_d12;10100;ASH_COATED_OSMIUM;9933;11;9930;11;;;9940;12;9943;16;;;9936.5;0.0
yf_ZS=F_d12;10100;INTARIAN_PEPPER_ROOT;10187;10;10183;10;;;10193;23;10197;22;;;10190.0;0.0
yf_ZS=F_d12;10200;ASH_COATED_OSMIUM;9935;16;9933;17;;;9941;17;9943;14;;;9938.0;0.0
yf_ZS=F_d12;10200;INTARIAN_PEPPER_ROOT;10187;19;10183;18;;;10193;10;10196;20;;;10190.0;0.0
yf_ZS=F_d12;10300;ASH_COATED_OSMIUM;9935;9;9932;14;;;9941;22;9944;15;;;9938.0;0.0
yf_ZS=F_d12;10300;INTARIAN_PEPPER_ROOT;10181;16;10177;18;;;10199;17;10203;21;;;10190.0;0.0
yf_ZS=F_d12;10400;ASH_COATED_OSMIUM;9934;5;9932;24;;;9940;19;9942;25;;;9937.0;0.0
yf_ZS=F_d12;10400;INTARIAN_PEPPER_ROOT;10186;15;10184;23;;;10192;13;10195;15;;;10189.0;0.0
yf_ZS=F_d12;10500;ASH_COATED_OSMIUM;9934;12;9931;24;;;9943;15;9947;21;;;9938.5;0.0
yf_ZS=F_d12;10500;INTARIAN_PEPPER_ROOT;10187;19;10185;15;;;10193;15;10196;15;;;10190.0;0.0
yf_ZS=F_d12;10600;ASH_COATED_OSMIUM;9929;12;9926;22;;;9947;11;9949;11;;;9938.0;0.0
yf_ZS=F_d12;10600;INTARIAN_PEPPER_ROOT;10187;17;10185;26;;;10193;20;10195;15;;;10190.0;0.0
yf_ZS=F_d12;10700;ASH_COATED_OSMIUM;9935;18;9932;19;;;9941;16;9943;23;;;9938.0;0.0
yf_ZS=F_d12;10700;INTARIAN_PEPPER_ROOT;10187;14;10183;21;;;10193;9;10195;16;;;10190.0;0.0
yf_ZS=F_d12;10800;ASH_COATED_OSMIUM;9929;10;9927;12;;;9948;18;9951;23;;;9938.5;0.0
yf_ZS=F_d12;10800;INTARIAN_PEPPER_ROOT;10186;16;10182;10;;;10194;21;10197;16;;;10190.0;0.0
yf_ZS=F_d12;10900;ASH_COATED_OSMIUM;9935;15;9931;25;;;9941;11;9944;19;;;9938.0;0.0
yf_ZS=F_d12;10900;INTARIAN_PEPPER_ROOT;10177;16;10174;13;;;10202;14;10206;13;;;10189.5;0.0
yf_ZS=F_d12;11000;ASH_COATED_OSMIUM;9936;13;9934;17;;;9942;12;9946;23;;;9939.0;0.0
yf_ZS=F_d12;11000;INTARIAN_PEPPER_ROOT;10187;13;10184;14;;;10194;15;10198;14;;;10190.5;0.0
yf_ZS=F_d12;11100;ASH_COATED_OSMIUM;9936;18;9932;22;;;9942;10;9946;21;;;9939.0;0.0
yf_ZS=F_d12;11100;INTARIAN_PEPPER_ROOT;10187;11;10183;18;;;10194;14;10197;19;;;10190.5;0.0
yf_ZS=F_d12;11200;ASH_COATED_OSMIUM;9936;11;9933;16;;;9942;19;9944;21;;;9939.0;0.0
yf_ZS=F_d12;11200;INTARIAN_PEPPER_ROOT;10186;17;10184;18;;;10196;10;10200;24;;;10191.0;0.0
yf_ZS=F_d12;11300;ASH_COATED_OSMIUM;9935;19;9931;16;;;9943;17;9945;15;;;9939.0;0.0
yf_ZS=F_d12;11300;INTARIAN_PEPPER_ROOT;10187;14;10185;16;;;10193;13;10196;15;;;10190.0;0.0
yf_ZS=F_d12;11400;ASH_COATED_OSMIUM;9935;27;9931;22;;;9943;13;9945;15;;;9939.0;0.0
yf_ZS=F_d12;11400;INTARIAN_PEPPER_ROOT;10188;6;10186;18;;;10194;19;10197;15;;;10191.0;0.0
yf_ZS=F_d12;11500;ASH_COATED_OSMIUM;9937;9;9935;17;;;9943;9;9945;23;;;9940.0;0.0
yf_ZS=F_d12;11500;INTARIAN_PEPPER_ROOT;10188;23;10185;13;;;10194;15;10196;28;;;10191.0;0.0
yf_ZS=F_d12;11600;ASH_COATED_OSMIUM;9930;17;9926;12;;;9947;19;9950;21;;;9938.5;0.0
yf_ZS=F_d12;11600;INTARIAN_PEPPER_ROOT;10178;11;10174;20;;;10204;5;10208;20;;;10191.0;0.0
yf_ZS=F_d12;11700;ASH_COATED_OSMIUM;9929;15;9925;16;;;9950;16;9952;15;;;9939.5;0.0
yf_ZS=F_d12;11700;INTARIAN_PEPPER_ROOT;10188;15;10184;19;;;10194;16;10198;8;;;10191.0;0.0
yf_ZS=F_d12;11800;ASH_COATED_OSMIUM;9933;14;9931;22;;;9946;14;9949;28;;;9939.5;0.0
yf_ZS=F_d12;11800;INTARIAN_PEPPER_ROOT;10188;14;10184;18;;;10194;19;10198;25;;;10191.0;0.0
yf_ZS=F_d12;11900;ASH_COATED_OSMIUM;9936;18;9934;33;;;9942;9;9946;14;;;9939.0;0.0
yf_ZS=F_d12;11900;INTARIAN_PEPPER_ROOT;10188;19;10184;11;;;10194;5;10196;18;;;10191.0;0.0
yf_ZS=F_d12;12000;ASH_COATED_OSMIUM;9936;19;9934;12;;;9944;7;9946;19;;;9940.0;0.0
yf_ZS=F_d12;12000;INTARIAN_PEPPER_ROOT;10188;8;10184;16;;;10194;7;10198;18;;;10191.0;0.0
yf_ZS=F_d12;12100;ASH_COATED_OSMIUM;9936;12;9933;25;;;9942;23;9945;18;;;9939.0;0.0
yf_ZS=F_d12;12100;INTARIAN_PEPPER_ROOT;10188;11;10185;25;;;10194;19;10198;24;;;10191.0;0.0
yf_ZS=F_d12;12200;ASH_COATED_OSMIUM;9937;21;9933;9;;;9943;5;9946;26;;;9940.0;0.0
yf_ZS=F_d12;12200;INTARIAN_PEPPER_ROOT;10188;11;10186;20;;;10194;19;10196;18;;;10191.0;0.0
yf_ZS=F_d12;12300;ASH_COATED_OSMIUM;9928;13;9925;18;;;9953;7;9957;13;;;9940.5;0.0
yf_ZS=F_d12;12300;INTARIAN_PEPPER_ROOT;10189;13;10187;26;;;10195;14;10197;10;;;10192.0;0.0
yf_ZS=F_d12;12400;ASH_COATED_OSMIUM;9937;20;9933;18;;;9943;9;9946;25;;;9940.0;0.0
yf_ZS=F_d12;12400;INTARIAN_PEPPER_ROOT;10188;15;10184;22;;;10196;21;10199;16;;;10192.0;0.0
yf_ZS=F_d12;12500;ASH_COATED_OSMIUM;9937;22;9934;16;;;9943;21;9945;21;;;9940.0;0.0
yf_ZS=F_d12;12500;INTARIAN_PEPPER_ROOT;10190;22;10187;32;;;10196;19;10200;20;;;10193.0;0.0
yf_ZS=F_d12;12600;ASH_COATED_OSMIUM;9937;21;9935;24;;;9943;18;9945;15;;;9940.0;0.0
yf_ZS=F_d12;12600;INTARIAN_PEPPER_ROOT;10189;17;10187;26;;;10195;14;10198;16;;;10192.0;0.0
yf_ZS=F_d12;12700;ASH_COATED_OSMIUM;9937;12;9934;17;;;9943;10;9946;18;;;9940.0;0.0
yf_ZS=F_d12;12700;INTARIAN_PEPPER_ROOT;10188;18;10185;16;;;10195;8;10198;20;;;10191.5;0.0
yf_ZS=F_d12;12800;ASH_COATED_OSMIUM;9937;17;9933;9;;;9943;12;9945;12;;;9940.0;0.0
yf_ZS=F_d12;12800;INTARIAN_PEPPER_ROOT;10189;12;10187;13;;;10195;6;10198;17;;;10192.0;0.0
yf_ZS=F_d12;12900;ASH_COATED_OSMIUM;9937;9;9935;21;;;9943;12;9945;24;;;9940.0;0.0
yf_ZS=F_d12;12900;INTARIAN_PEPPER_ROOT;10189;11;10187;27;;;10195;21;10198;14;;;10192.0;0.0
yf_ZS=F_d12;13000;ASH_COATED_OSMIUM;9938;14;9935;25;;;9944;15;9947;19;;;9941.0;0.0
yf_ZS=F_d12;13000;INTARIAN_PEPPER_ROOT;10186;17;10183;22;;;10200;16;10202;22;;;10193.0;0.0
yf_ZS=F_d12;13100;ASH_COATED_OSMIUM;9935;12;9932;22;;;9946;10;9948;29;;;9940.5;0.0
yf_ZS=F_d12;13100;INTARIAN_PEPPER_ROOT;10185;17;10183;17;;;10199;7;10203;22;;;10192.0;0.0
yf_ZS=F_d12;13200;ASH_COATED_OSMIUM;9931;21;9927;23;;;9950;20;9952;20;;;9940.5;0.0
yf_ZS=F_d12;13200;INTARIAN_PEPPER_ROOT;10190;9;10188;19;;;10196;11;10200;12;;;10193.0;0.0
yf_ZS=F_d12;13300;ASH_COATED_OSMIUM;9938;13;9936;28;;;9944;24;9948;9;;;9941.0;0.0
yf_ZS=F_d12;13300;INTARIAN_PEPPER_ROOT;10189;11;10186;25;;;10195;8;10199;28;;;10192.0;0.0
yf_ZS=F_d12;13400;ASH_COATED_OSMIUM;9937;15;9935;27;;;9943;14;9947;18;;;9940.0;0.0
yf_ZS=F_d12;13400;INTARIAN_PEPPER_ROOT;10184;18;10180;21;;;10201;11;10205;26;;;10192.5;0.0
yf_ZS=F_d12;13500;ASH_COATED_OSMIUM;9938;5;9936;20;;;9944;7;9946;28;;;9941.0;0.0
yf_ZS=F_d12;13500;INTARIAN_PEPPER_ROOT;10191;8;10189;23;;;10197;17;10201;18;;;10194.0;0.0
yf_ZS=F_d12;13600;ASH_COATED_OSMIUM;9922;9;9920;18;;;9961;15;9963;25;;;9941.5;0.0
yf_ZS=F_d12;13600;INTARIAN_PEPPER_ROOT;10190;14;10186;22;;;10196;20;10200;16;;;10193.0;0.0
yf_ZS=F_d12;13700;ASH_COATED_OSMIUM;9937;14;9935;27;;;9944;17;9948;24;;;9940.5;0.0
yf_ZS=F_d12;13700;INTARIAN_PEPPER_ROOT;10189;23;10187;13;;;10197;27;10201;27;;;10193.0;0.0
yf_ZS=F_d12;13800;ASH_COATED_OSMIUM;9919;19;9916;20;;;9964;23;9967;14;;;9941.5;0.0
yf_ZS=F_d12;13800;INTARIAN_PEPPER_ROOT;10191;19;10187;19;;;10197;23;10200;21;;;10194.0;0.0
yf_ZS=F_d12;13900;ASH_COATED_OSMIUM;9938;23;9934;17;;;9944;20;9948;14;;;9941.0;0.0
yf_ZS=F_d12;13900;INTARIAN_PEPPER_ROOT;10190;7;10188;17;;;10196;14;10199;24;;;10193.0;0.0
yf_ZS=F_d12;14000;ASH_COATED_OSMIUM;9933;8;9930;17;;;9951;22;9955;19;;;9942.0;0.0
yf_ZS=F_d12;14000;INTARIAN_PEPPER_ROOT;10190;21;10187;20;;;10196;8;10200;20;;;10193.0;0.0
yf_ZS=F_d12;14100;ASH_COATED_OSMIUM;9938;19;9934;23;;;9944;18;9946;21;;;9941.0;0.0
yf_ZS=F_d12;14100;INTARIAN_PEPPER_ROOT;10190;14;10186;14;;;10196;15;10198;24;;;10193.0;0.0
yf_ZS=F_d12;14200;ASH_COATED_OSMIUM;9938;7;9935;25;;;9944;17;9948;15;;;9941.0;0.0
yf_ZS=F_d12;14200;INTARIAN_PEPPER_ROOT;10186;11;10183;24;;;10202;22;10204;15;;;10194.0;0.0
yf_ZS=F_d12;14300;ASH_COATED_OSMIUM;9939;14;9935;22;;;9945;11;9948;22;;;9942.0;0.0
yf_ZS=F_d12;14300;INTARIAN_PEPPER_ROOT;10190;14;10188;14;;;10198;15;10200;12;;;10194.0;0.0
yf_ZS=F_d12;14400;ASH_COATED_OSMIUM;9937;16;9933;24;;;9947;8;9949;10;;;9942.0;0.0
yf_ZS=F_d12;14400;INTARIAN_PEPPER_ROOT;10192;10;10190;13;;;10198;14;10202;27;;;10195.0;0.0
yf_ZS=F_d12;14500;ASH_COATED_OSMIUM;9935;19;9932;18;;;9951;16;9953;15;;;9943.0;0.0
yf_ZS=F_d12;14500;INTARIAN_PEPPER_ROOT;10187;21;10183;25;;;10200;13;10204;23;;;10193.5;0.0
yf_ZS=F_d12;14600;ASH_COATED_OSMIUM;9940;15;9936;18;;;9946;21;9948;17;;;9943.0;0.0
yf_ZS=F_d12;14600;INTARIAN_PEPPER_ROOT;10190;16;10187;20;;;10198;10;10201;14;;;10194.0;0.0
yf_ZS=F_d12;14700;ASH_COATED_OSMIUM;9919;11;9915;9;;;9965;12;9967;17;;;9942.0;0.0
yf_ZS=F_d12;14700;INTARIAN_PEPPER_ROOT;10192;16;10189;26;;;10198;5;10201;21;;;10195.0;0.0
yf_ZS=F_d12;14800;ASH_COATED_OSMIUM;9940;17;9936;22;;;9946;21;9948;17;;;9943.0;0.0
yf_ZS=F_d12;14800;INTARIAN_PEPPER_ROOT;10187;11;10183;25;;;10203;11;10207;22;;;10195.0;0.0
yf_ZS=F_d12;14900;ASH_COATED_OSMIUM;9937;21;9935;16;;;9949;15;9951;30;;;9943.0;0.0
yf_ZS=F_d12;14900;INTARIAN_PEPPER_ROOT;10192;16;10190;24;;;10198;16;10200;15;;;10195.0;0.0
yf_ZS=F_d12;15000;ASH_COATED_OSMIUM;9940;22;9936;22;;;9946;19;9948;24;;;9943.0;0.0
yf_ZS=F_d12;15000;INTARIAN_PEPPER_ROOT;10191;7;10188;25;;;10198;18;10200;27;;;10194.5;0.0
yf_ZS=F_d12;15100;ASH_COATED_OSMIUM;9940;11;9936;21;;;9946;8;9949;12;;;9943.0;0.0
yf_ZS=F_d12;15100;INTARIAN_PEPPER_ROOT;10185;7;10182;15;;;10205;6;10209;21;;;10195.0;0.0
yf_ZS=F_d12;15200;ASH_COATED_OSMIUM;9940;17;9938;18;;;9946;5;9949;19;;;9943.0;0.0
yf_ZS=F_d12;15200;INTARIAN_PEPPER_ROOT;10192;17;10188;17;;;10198;14;10200;25;;;10195.0;0.0
yf_ZS=F_d12;15300;ASH_COATED_OSMIUM;9933;18;9931;8;;;9953;5;9956;18;;;9943.0;0.0
yf_ZS=F_d12;15300;INTARIAN_PEPPER_ROOT;10191;14;10187;20;;;10198;12;10200;15;;;10194.5;0.0
yf_ZS=F_d12;15400;ASH_COATED_OSMIUM;9940;15;9936;13;;;9947;5;9951;24;;;9943.5;0.0
yf_ZS=F_d12;15400;INTARIAN_PEPPER_ROOT;10188;9;10185;15;;;10201;18;10203;34;;;10194.5;0.0
yf_ZS=F_d12;15500;ASH_COATED_OSMIUM;9940;20;9937;19;;;9946;10;9949;9;;;9943.0;0.0
yf_ZS=F_d12;15500;INTARIAN_PEPPER_ROOT;10192;13;10189;23;;;10198;5;10200;17;;;10195.0;0.0
yf_ZS=F_d12;15600;ASH_COATED_OSMIUM;9930;5;9927;19;;;9956;9;9958;16;;;9943.0;0.0
yf_ZS=F_d12;15600;INTARIAN_PEPPER_ROOT;10186;10;10182;24;;;10205;11;10207;25;;;10195.5;0.0
yf_ZS=F_d12;15700;ASH_COATED_OSMIUM;9940;13;9938;21;;;9946;6;9948;24;;;9943.0;0.0
yf_ZS=F_d12;15700;INTARIAN_PEPPER_ROOT;10193;16;10189;27;;;10199;8;10201;18;;;10196.0;0.0
yf_ZS=F_d12;15800;ASH_COATED_OSMIUM;9940;15;9938;25;;;9947;17;9950;16;;;9943.5;0.0
yf_ZS=F_d12;15800;INTARIAN_PEPPER_ROOT;10193;7;10191;8;;;10199;23;10203;16;;;10196.0;0.0
yf_ZS=F_d12;15900;ASH_COATED_OSMIUM;9941;14;9937;17;;;9947;12;9949;19;;;9944.0;0.0
yf_ZS=F_d12;15900;INTARIAN_PEPPER_ROOT;10193;11;10191;16;;;10199;27;10203;22;;;10196.0;0.0
yf_ZS=F_d12;16000;ASH_COATED_OSMIUM;9941;17;9939;19;;;9947;10;9951;15;;;9944.0;0.0
yf_ZS=F_d12;16000;INTARIAN_PEPPER_ROOT;10193;16;10189;15;;;10199;22;10203;23;;;10196.0;0.0
yf_ZS=F_d12;16100;ASH_COATED_OSMIUM;9929;14;9925;21;;;9959;5;9961;24;;;9944.0;0.0
yf_ZS=F_d12;16100;INTARIAN_PEPPER_ROOT;10186;10;10183;22;;;10205;5;10207;31;;;10195.5;0.0
yf_ZS=F_d12;16200;ASH_COATED_OSMIUM;9941;15;9937;18;;;9947;18;9950;22;;;9944.0;0.0
yf_ZS=F_d12;16200;INTARIAN_PEPPER_ROOT;10191;24;10187;16;;;10202;12;10204;16;;;10196.5;0.0
yf_ZS=F_d12;16300;ASH_COATED_OSMIUM;9928;9;9926;16;;;9959;15;9961;21;;;9943.5;0.0
yf_ZS=F_d12;16300;INTARIAN_PEPPER_ROOT;10194;19;10191;20;;;10200;12;10202;16;;;10197.0;0.0
yf_ZS=F_d12;16400;ASH_COATED_OSMIUM;9941;17;9937;30;;;9947;7;9949;22;;;9944.0;0.0
yf_ZS=F_d12;16400;INTARIAN_PEPPER_ROOT;10193;15;10189;15;;;10199;21;10203;16;;;10196.0;0.0
yf_ZS=F_d12;16500;ASH_COATED_OSMIUM;9941;12;9939;16;;;9947;17;9949;12;;;9944.0;0.0
yf_ZS=F_d12;16500;INTARIAN_PEPPER_ROOT;10189;13;10187;17;;;10204;16;10206;14;;;10196.5;0.0
yf_ZS=F_d12;16600;ASH_COATED_OSMIUM;9941;16;9939;18;;;9947;15;9949;23;;;9944.0;0.0
yf_ZS=F_d12;16600;INTARIAN_PEPPER_ROOT;10193;19;10190;18;;;10199;5;10203;16;;;10196.0;0.0
yf_ZS=F_d12;16700;ASH_COATED_OSMIUM;9942;17;9939;19;;;9948;21;9952;15;;;9945.0;0.0
yf_ZS=F_d12;16700;INTARIAN_PEPPER_ROOT;10189;5;10186;10;;;10206;9;10208;10;;;10197.5;0.0
yf_ZS=F_d12;16800;ASH_COATED_OSMIUM;9942;17;9940;21;;;9948;11;9950;28;;;9945.0;0.0
yf_ZS=F_d12;16800;INTARIAN_PEPPER_ROOT;10194;24;10191;22;;;10200;17;10202;20;;;10197.0;0.0
yf_ZS=F_d12;16900;ASH_COATED_OSMIUM;9941;15;9939;21;;;9947;25;9949;25;;;9944.0;0.0
yf_ZS=F_d12;16900;INTARIAN_PEPPER_ROOT;10194;9;10190;19;;;10200;15;10202;31;;;10197.0;0.0
yf_ZS=F_d12;17000;ASH_COATED_OSMIUM;9942;13;9940;21;;;9948;14;9951;19;;;9945.0;0.0
yf_ZS=F_d12;17000;INTARIAN_PEPPER_ROOT;10193;13;10189;20;;;10199;17;10202;22;;;10196.0;0.0
yf_ZS=F_d12;17100;ASH_COATED_OSMIUM;9942;19;9940;22;;;9948;9;9951;17;;;9945.0;0.0
yf_ZS=F_d12;17100;INTARIAN_PEPPER_ROOT;10193;9;10191;21;;;10199;14;10201;16;;;10196.0;0.0
yf_ZS=F_d12;17200;ASH_COATED_OSMIUM;9942;21;9940;30;;;9948;16;9952;22;;;9945.0;0.0
yf_ZS=F_d12;17200;INTARIAN_PEPPER_ROOT;10193;5;10189;13;;;10199;20;10201;13;;;10196.0;0.0
yf_ZS=F_d12;17300;ASH_COATED_OSMIUM;9942;13;9938;20;;;9948;15;9952;21;;;9945.0;0.0
yf_ZS=F_d12;17300;INTARIAN_PEPPER_ROOT;10192;16;10189;11;;;10200;19;10204;23;;;10196.0;0.0
yf_ZS=F_d12;17400;ASH_COATED_OSMIUM;9942;27;9939;13;;;9948;13;9950;11;;;9945.0;0.0
yf_ZS=F_d12;17400;INTARIAN_PEPPER_ROOT;10193;9;10189;30;;;10199;8;10202;11;;;10196.0;0.0
yf_ZS=F_d12;17500;ASH_COATED_OSMIUM;9942;15;9939;16;;;9948;17;9950;14;;;9945.0;0.0
yf_ZS=F_d12;17500;INTARIAN_PEPPER_ROOT;10190;18;10188;13;;;10200;9;10204;26;;;10195.0;0.0
yf_ZS=F_d12;17600;ASH_COATED_OSMIUM;9940;12;9936;26;;;9949;16;9951;24;;;9944.5;0.0
yf_ZS=F_d12;17600;INTARIAN_PEPPER_ROOT;10192;22;10190;15;;;10198;12;10201;15;;;10195.0;0.0
yf_ZS=F_d12;17700;ASH_COATED_OSMIUM;9942;17;9938;17;;;9948;14;9950;14;;;9945.0;0.0
yf_ZS=F_d12;17700;INTARIAN_PEPPER_ROOT;10189;16;10185;8;;;10199;13;10203;28;;;10194.0;0.0
yf_ZS=F_d12;17800;ASH_COATED_OSMIUM;9942;17;9939;16;;;9948;18;9950;18;;;9945.0;0.0
yf_ZS=F_d12;17800;INTARIAN_PEPPER_ROOT;10192;14;10189;13;;;10198;20;10201;26;;;10195.0;0.0
yf_ZS=F_d12;17900;ASH_COATED_OSMIUM;9938;13;9934;17;;;9952;11;9955;14;;;9945.0;0.0
yf_ZS=F_d12;17900;INTARIAN_PEPPER_ROOT;10191;17;10188;10;;;10197;15;10201;20;;;10194.0;0.0
yf_ZS=F_d12;18000;ASH_COATED_OSMIUM;9935;22;9932;23;;;9955;5;9958;14;;;9945.0;0.0
yf_ZS=F_d12;18000;INTARIAN_PEPPER_ROOT;10190;5;10186;23;;;10196;12;10198;28;;;10193.0;0.0
yf_ZS=F_d12;18100;ASH_COATED_OSMIUM;9940;11;9938;23;;;9948;9;9951;14;;;9944.0;0.0
yf_ZS=F_d12;18100;INTARIAN_PEPPER_ROOT;10190;8;10188;13;;;10196;11;10200;19;;;10193.0;0.0
yf_ZS=F_d12;18200;ASH_COATED_OSMIUM;9934;17;9931;21;;;9955;10;9958;20;;;9944.5;0.0
yf_ZS=F_d12;18200;INTARIAN_PEPPER_ROOT;10190;11;10187;20;;;10196;22;10200;25;;;10193.0;0.0
yf_ZS=F_d12;18300;ASH_COATED_OSMIUM;9942;14;9938;22;;;9948;11;9952;22;;;9945.0;0.0
yf_ZS=F_d12;18300;INTARIAN_PEPPER_ROOT;10189;19;10185;21;;;10195;6;10198;14;;;10192.0;0.0
yf_ZS=F_d12;18400;ASH_COATED_OSMIUM;9940;11;9938;19;;;9951;22;9955;13;;;9945.5;0.0
yf_ZS=F_d12;18400;INTARIAN_PEPPER_ROOT;10185;21;10182;23;;;10199;17;10203;13;;;10192.0;0.0
yf_ZS=F_d12;18500;ASH_COATED_OSMIUM;9942;9;9939;28;;;9948;17;9951;27;;;9945.0;0.0
yf_ZS=F_d12;18500;INTARIAN_PEPPER_ROOT;10189;13;10186;13;;;10195;9;10198;24;;;10192.0;0.0
yf_ZS=F_d12;18600;ASH_COATED_OSMIUM;9941;6;9938;13;;;9947;7;9949;19;;;9944.0;0.0
yf_ZS=F_d12;18600;INTARIAN_PEPPER_ROOT;10188;20;10186;24;;;10194;12;10198;25;;;10191.0;0.0
yf_ZS=F_d12;18700;ASH_COATED_OSMIUM;9942;12;9939;24;;;9948;14;9951;22;;;9945.0;0.0
yf_ZS=F_d12;18700;INTARIAN_PEPPER_ROOT;10180;17;10178;15;;;10202;15;10205;18;;;10191.0;0.0
yf_ZS=F_d12;18800;ASH_COATED_OSMIUM;9943;14;9941;14;;;9949;17;9951;21;;;9946.0;0.0
yf_ZS=F_d12;18800;INTARIAN_PEPPER_ROOT;10183;18;10180;17;;;10197;17;10200;19;;;10190.0;0.0
yf_ZS=F_d12;18900;ASH_COATED_OSMIUM;9943;12;9939;8;;;9949;11;9951;16;;;9946.0;0.0
yf_ZS=F_d12;18900;INTARIAN_PEPPER_ROOT;10187;14;10184;18;;;10194;16;10196;18;;;10190.5;0.0
yf_ZS=F_d12;19000;ASH_COATED_OSMIUM;9936;12;9934;23;;;9955;7;9959;24;;;9945.5;0.0
yf_ZS=F_d12;19000;INTARIAN_PEPPER_ROOT;10187;11;10185;10;;;10193;13;10196;11;;;10190.0;0.0
yf_ZS=F_d12;19100;ASH_COATED_OSMIUM;9936;8;9933;18;;;9952;17;9955;17;;;9944.0;0.0
yf_ZS=F_d12;19100;INTARIAN_PEPPER_ROOT;10186;9;10182;16;;;10192;12;10196;23;;;10189.0;0.0
yf_ZS=F_d12;19200;ASH_COATED_OSMIUM;9942;16;9939;9;;;9948;5;9951;22;;;9945.0;0.0
yf_ZS=F_d12;19200;INTARIAN_PEPPER_ROOT;10186;8;10183;9;;;10192;20;10195;19;;;10189.0;0.0
yf_ZS=F_d12;19300;ASH_COATED_OSMIUM;9943;13;9940;20;;;9949;16;9951;10;;;9946.0;0.0
yf_ZS=F_d12;19300;INTARIAN_PEPPER_ROOT;10185;12;10183;16;;;10192;12;10194;19;;;10188.5;0.0
yf_ZS=F_d12;19400;ASH_COATED_OSMIUM;9942;10;9939;21;;;9948;10;9951;22;;;9945.0;0.0
yf_ZS=F_d12;19400;INTARIAN_PEPPER_ROOT;10186;15;10183;21;;;10192;9;10195;16;;;10189.0;0.0
yf_ZS=F_d12;19500;ASH_COATED_OSMIUM;9941;15;9938;24;;;9948;26;9951;19;;;9944.5;0.0
yf_ZS=F_d12;19500;INTARIAN_PEPPER_ROOT;10185;19;10182;24;;;10191;20;10195;23;;;10188.0;0.0
yf_ZS=F_d12;19600;ASH_COATED_OSMIUM;9939;10;9935;16;;;9951;6;9953;23;;;9945.0;0.0
yf_ZS=F_d12;19600;INTARIAN_PEPPER_ROOT;10185;15;10182;21;;;10191;11;10194;17;;;10188.0;0.0
yf_ZS=F_d12;19700;ASH_COATED_OSMIUM;9942;14;9939;22;;;9948;12;9950;24;;;9945.0;0.0
yf_ZS=F_d12;19700;INTARIAN_PEPPER_ROOT;10183;16;10180;17;;;10192;16;10194;20;;;10187.5;0.0
yf_ZS=F_d12;19800;ASH_COATED_OSMIUM;9935;15;9933;23;;;9957;14;9960;21;;;9946.0;0.0
yf_ZS=F_d12;19800;INTARIAN_PEPPER_ROOT;10184;16;10181;11;;;10190;10;10194;21;;;10187.0;0.0
yf_ZS=F_d12;19900;ASH_COATED_OSMIUM;9941;9;9939;27;;;9949;9;9951;26;;;9945.0;0.0
yf_ZS=F_d12;19900;INTARIAN_PEPPER_ROOT;10177;21;10173;16;;;10196;18;10199;16;;;10186.5;0.0
yf_ZS=F_d12;20000;ASH_COATED_OSMIUM;9942;11;9938;21;;;9948;17;9951;26;;;9945.0;0.0
yf_ZS=F_d12;20000;INTARIAN_PEPPER_ROOT;10184;19;10181;14;;;10190;14;10192;19;;;10187.0;0.0
yf_ZS=F_d12;20100;ASH_COATED_OSMIUM;9943;15;9939;25;;;9949;11;9953;24;;;9946.0;0.0
yf_ZS=F_d12;20100;INTARIAN_PEPPER_ROOT;10183;17;10181;13;;;10189;5;10193;14;;;10186.0;0.0
yf_ZS=F_d12;20200;ASH_COATED_OSMIUM;9941;12;9939;22;;;9951;18;9954;18;;;9946.0;0.0
yf_ZS=F_d12;20200;INTARIAN_PEPPER_ROOT;10180;10;10176;22;;;10192;14;10196;8;;;10186.0;0.0
yf_ZS=F_d12;20300;ASH_COATED_OSMIUM;9932;15;9929;22;;;9958;20;9962;21;;;9945.0;0.0
yf_ZS=F_d12;20300;INTARIAN_PEPPER_ROOT;10180;17;10177;23;;;10192;15;10195;28;;;10186.0;0.0
yf_ZS=F_d12;20400;ASH_COATED_OSMIUM;9942;13;9939;22;;;9948;20;9950;16;;;9945.0;0.0
yf_ZS=F_d12;20400;INTARIAN_PEPPER_ROOT;10182;18;10179;21;;;10188;21;10190;11;;;10185.0;0.0
yf_ZS=F_d12;20500;ASH_COATED_OSMIUM;9942;5;9939;24;;;9948;18;9950;24;;;9945.0;0.0
yf_ZS=F_d12;20500;INTARIAN_PEPPER_ROOT;10182;5;10179;25;;;10188;6;10192;24;;;10185.0;0.0
yf_ZS=F_d12;20600;ASH_COATED_OSMIUM;9942;6;9938;12;;;9948;17;9951;27;;;9945.0;0.0
yf_ZS=F_d12;20600;INTARIAN_PEPPER_ROOT;10181;24;10179;22;;;10188;9;10190;16;;;10184.5;0.0
yf_ZS=F_d12;20700;ASH_COATED_OSMIUM;9942;17;9938;15;;;9948;12;9950;20;;;9945.0;0.0
yf_ZS=F_d12;20700;INTARIAN_PEPPER_ROOT;10181;11;10178;14;;;10187;17;10190;14;;;10184.0;0.0
yf_ZS=F_d12;20800;ASH_COATED_OSMIUM;9942;21;9940;22;;;9948;9;9950;26;;;9945.0;0.0
yf_ZS=F_d12;20800;INTARIAN_PEPPER_ROOT;10180;15;10177;24;;;10186;12;10188;27;;;10183.0;0.0
yf_ZS=F_d12;20900;ASH_COATED_OSMIUM;9940;20;9938;22;;;9949;22;9953;13;;;9944.5;0.0
yf_ZS=F_d12;20900;INTARIAN_PEPPER_ROOT;10181;20;10178;23;;;10187;24;10189;18;;;10184.0;0.0
yf_ZS=F_d12;21000;ASH_COATED_OSMIUM;9938;17;9935;30;;;9951;13;9953;23;;;9944.5;0.0
yf_ZS=F_d12;21000;INTARIAN_PEPPER_ROOT;10179;10;10177;16;;;10187;12;10191;15;;;10183.0;0.0
yf_ZS=F_d12;21100;ASH_COATED_OSMIUM;9943;10;9939;16;;;9949;17;9953;21;;;9946.0;0.0
yf_ZS=F_d12;21100;INTARIAN_PEPPER_ROOT;10180;20;10176;15;;;10186;8;10189;27;;;10183.0;0.0
yf_ZS=F_d12;21200;ASH_COATED_OSMIUM;9942;19;9939;19;;;9948;18;9952;25;;;9945.0;0.0
yf_ZS=F_d12;21200;INTARIAN_PEPPER_ROOT;10180;11;10177;22;;;10186;14;10188;12;;;10183.0;0.0
yf_ZS=F_d12;21300;ASH_COATED_OSMIUM;9942;11;9938;24;;;9948;15;9950;19;;;9945.0;0.0
yf_ZS=F_d12;21300;INTARIAN_PEPPER_ROOT;10179;17;10177;19;;;10185;13;10188;18;;;10182.0;0.0
yf_ZS=F_d12;21400;ASH_COATED_OSMIUM;9942;19;9938;15;;;9948;19;9952;22;;;9945.0;0.0
yf_ZS=F_d12;21400;INTARIAN_PEPPER_ROOT;10179;17;10177;27;;;10185;29;10187;10;;;10182.0;0.0
yf_ZS=F_d12;21500;ASH_COATED_OSMIUM;9943;23;9941;19;;;9949;16;9952;27;;;9946.0;0.0
yf_ZS=F_d12;21500;INTARIAN_PEPPER_ROOT;10179;14;10176;25;;;10185;10;10189;28;;;10182.0;0.0
yf_ZS=F_d12;21600;ASH_COATED_OSMIUM;9942;18;9940;13;;;9948;8;9951;21;;;9945.0;0.0
yf_ZS=F_d12;21600;INTARIAN_PEPPER_ROOT;10177;15;10175;23;;;10185;21;10188;26;;;10181.0;0.0
yf_ZS=F_d12;21700;ASH_COATED_OSMIUM;9942;16;9938;17;;;9948;15;9951;18;;;9945.0;0.0
yf_ZS=F_d12;21700;INTARIAN_PEPPER_ROOT;10174;12;10170;22;;;10186;20;10189;14;;;10180.0;0.0
yf_ZS=F_d12;21800;ASH_COATED_OSMIUM;9943;8;9940;18;;;9949;10;9951;16;;;9946.0;0.0
yf_ZS=F_d12;21800;INTARIAN_PEPPER_ROOT;10178;19;10175;33;;;10184;18;10188;24;;;10181.0;0.0
yf_ZS=F_d12;21900;ASH_COATED_OSMIUM;9942;18;9938;19;;;9948;9;9950;19;;;9945.0;0.0
yf_ZS=F_d12;21900;INTARIAN_PEPPER_ROOT;10178;23;10176;16;;;10184;17;10186;24;;;10181.0;0.0
yf_ZS=F_d12;22000;ASH_COATED_OSMIUM;9931;27;9927;12;;;9959;11;9962;13;;;9945.0;0.0
yf_ZS=F_d12;22000;INTARIAN_PEPPER_ROOT;10172;11;10170;17;;;10187;26;10189;24;;;10179.5;0.0
yf_ZS=F_d12;22100;ASH_COATED_OSMIUM;9942;16;9940;24;;;9948;21;9950;12;;;9945.0;0.0
yf_ZS=F_d12;22100;INTARIAN_PEPPER_ROOT;10169;18;10167;10;;;10190;11;10194;23;;;10179.5;0.0
yf_ZS=F_d12;22200;ASH_COATED_OSMIUM;9940;17;9938;16;;;9951;15;9955;15;;;9945.5;0.0
yf_ZS=F_d12;22200;INTARIAN_PEPPER_ROOT;10173;16;10171;12;;;10184;11;10187;18;;;10178.5;0.0
yf_ZS=F_d12;22300;ASH_COATED_OSMIUM;9941;12;9939;18;;;9950;12;9952;26;;;9945.5;0.0
yf_ZS=F_d12;22300;INTARIAN_PEPPER_ROOT;10175;12;10171;15;;;10181;6;10183;16;;;10178.0;0.0
yf_ZS=F_d12;22400;ASH_COATED_OSMIUM;9942;8;9940;15;;;9948;11;9952;13;;;9945.0;0.0
yf_ZS=F_d12;22400;INTARIAN_PEPPER_ROOT;10176;12;10173;22;;;10182;14;10184;17;;;10179.0;0.0
yf_ZS=F_d12;22500;ASH_COATED_OSMIUM;9942;9;9938;12;;;9950;19;9954;14;;;9946.0;0.0
yf_ZS=F_d12;22500;INTARIAN_PEPPER_ROOT;10175;14;10173;16;;;10181;12;10183;19;;;10178.0;0.0
yf_ZS=F_d12;22600;ASH_COATED_OSMIUM;9942;16;9939;20;;;9948;10;9952;21;;;9945.0;0.0
yf_ZS=F_d12;22600;INTARIAN_PEPPER_ROOT;10167;21;10163;16;;;10189;22;10192;17;;;10178.0;0.0
yf_ZS=F_d12;22700;ASH_COATED_OSMIUM;9943;5;9940;19;;;9949;19;9951;21;;;9946.0;0.0
yf_ZS=F_d12;22700;INTARIAN_PEPPER_ROOT;10175;11;10171;21;;;10181;16;10184;9;;;10178.0;0.0
yf_ZS=F_d12;22800;ASH_COATED_OSMIUM;9942;18;9940;17;;;9948;11;9951;19;;;9945.0;0.0
yf_ZS=F_d12;22800;INTARIAN_PEPPER_ROOT;10172;15;10168;28;;;10184;18;10187;20;;;10178.0;0.0
yf_ZS=F_d12;22900;ASH_COATED_OSMIUM;9942;20;9938;17;;;9948;9;9952;14;;;9945.0;0.0
yf_ZS=F_d12;22900;INTARIAN_PEPPER_ROOT;10174;19;10170;18;;;10180;6;10184;21;;;10177.0;0.0
yf_ZS=F_d12;23000;ASH_COATED_OSMIUM;9943;5;9940;12;;;9949;12;9952;22;;;9946.0;0.0
yf_ZS=F_d12;23000;INTARIAN_PEPPER_ROOT;10173;5;10169;17;;;10179;10;10182;19;;;10176.0;0.0
yf_ZS=F_d12;23100;ASH_COATED_OSMIUM;9943;12;9940;15;;;9949;16;9953;17;;;9946.0;0.0
yf_ZS=F_d12;23100;INTARIAN_PEPPER_ROOT;10173;19;10169;14;;;10181;19;10183;25;;;10177.0;0.0
yf_ZS=F_d12;23200;ASH_COATED_OSMIUM;9941;12;9938;23;;;9949;15;9952;18;;;9945.0;0.0
yf_ZS=F_d12;23200;INTARIAN_PEPPER_ROOT;10172;9;10168;19;;;10179;19;10183;12;;;10175.5;0.0
yf_ZS=F_d12;23300;ASH_COATED_OSMIUM;9943;14;9941;21;;;9949;17;9952;9;;;9946.0;0.0
yf_ZS=F_d12;23300;INTARIAN_PEPPER_ROOT;10172;17;10168;18;;;10179;14;10182;25;;;10175.5;0.0
yf_ZS=F_d12;23400;ASH_COATED_OSMIUM;9942;17;9939;17;;;9948;16;9951;15;;;9945.0;0.0
yf_ZS=F_d12;23400;INTARIAN_PEPPER_ROOT;10162;19;10159;19;;;10188;24;10191;30;;;10175.0;0.0
yf_ZS=F_d12;23500;ASH_COATED_OSMIUM;9942;15;9940;28;;;9948;8;9950;16;;;9945.0;0.0
yf_ZS=F_d12;23500;INTARIAN_PEPPER_ROOT;10172;12;10170;14;;;10178;17;10182;16;;;10175.0;0.0
yf_ZS=F_d12;23600;ASH_COATED_OSMIUM;9942;8;9938;13;;;9949;12;9952;24;;;9945.5;0.0
yf_ZS=F_d12;23600;INTARIAN_PEPPER_ROOT;10169;15;10166;10;;;10179;14;10183;26;;;10174.0;0.0
yf_ZS=F_d12;23700;ASH_COATED_OSMIUM;9942;9;9939;15;;;9948;21;9952;21;;;9945.0;0.0
yf_ZS=F_d12;23700;INTARIAN_PEPPER_ROOT;10172;13;10168;18;;;10178;10;10182;14;;;10175.0;0.0
yf_ZS=F_d12;23800;ASH_COATED_OSMIUM;9942;10;9940;23;;;9948;14;9952;25;;;9945.0;0.0
yf_ZS=F_d12;23800;INTARIAN_PEPPER_ROOT;10171;5;10167;16;;;10177;14;10180;17;;;10174.0;0.0
yf_ZS=F_d12;23900;ASH_COATED_OSMIUM;9943;5;9939;25;;;9949;12;9951;23;;;9946.0;0.0
yf_ZS=F_d12;23900;INTARIAN_PEPPER_ROOT;10170;26;10167;11;;;10176;16;10178;31;;;10173.0;0.0
yf_ZS=F_d12;24000;ASH_COATED_OSMIUM;9943;12;9941;17;;;9949;18;9953;21;;;9946.0;0.0
yf_ZS=F_d12;24000;INTARIAN_PEPPER_ROOT;10163;9;10159;24;;;10184;16;10186;15;;;10173.5;0.0
yf_ZS=F_d12;24100;ASH_COATED_OSMIUM;9942;22;9939;9;;;9948;18;9952;21;;;9945.0;0.0
yf_ZS=F_d12;24100;INTARIAN_PEPPER_ROOT;10169;18;10165;23;;;10175;10;10177;25;;;10172.0;0.0
yf_ZS=F_d12;24200;ASH_COATED_OSMIUM;9942;14;9938;24;;;9950;14;9954;20;;;9946.0;0.0
yf_ZS=F_d12;24200;INTARIAN_PEPPER_ROOT;10169;19;10167;17;;;10175;20;10179;28;;;10172.0;0.0
yf_ZS=F_d12;24300;ASH_COATED_OSMIUM;9942;23;9940;15;;;9948;18;9950;14;;;9945.0;0.0
yf_ZS=F_d12;24300;INTARIAN_PEPPER_ROOT;10163;5;10160;18;;;10181;15;10185;18;;;10172.0;0.0
yf_ZS=F_d12;24400;ASH_COATED_OSMIUM;9942;16;9940;21;;;9948;11;9952;18;;;9945.0;0.0
yf_ZS=F_d12;24400;INTARIAN_PEPPER_ROOT;10166;22;10164;29;;;10177;13;10180;12;;;10171.5;0.0
yf_ZS=F_d12;24500;ASH_COATED_OSMIUM;9939;17;9935;13;;;9952;15;9954;19;;;9945.5;0.0
yf_ZS=F_d12;24500;INTARIAN_PEPPER_ROOT;10168;18;10165;16;;;10174;9;10176;22;;;10171.0;0.0
yf_ZS=F_d12;24600;ASH_COATED_OSMIUM;9942;12;9939;8;;;9950;15;9953;15;;;9946.0;0.0
yf_ZS=F_d12;24600;INTARIAN_PEPPER_ROOT;10164;21;10162;17;;;10178;17;10182;11;;;10171.0;0.0
yf_ZS=F_d12;24700;ASH_COATED_OSMIUM;9943;17;9940;16;;;9949;15;9952;20;;;9946.0;0.0
yf_ZS=F_d12;24700;INTARIAN_PEPPER_ROOT;10168;15;10164;19;;;10174;7;10177;22;;;10171.0;0.0
yf_ZS=F_d12;24800;ASH_COATED_OSMIUM;9942;11;9940;22;;;9950;15;9953;20;;;9946.0;0.0
yf_ZS=F_d12;24800;INTARIAN_PEPPER_ROOT;10165;12;10163;17;;;10175;16;10178;21;;;10170.0;0.0
yf_ZS=F_d12;24900;ASH_COATED_OSMIUM;9943;15;9940;22;;;9949;14;9953;24;;;9946.0;0.0
yf_ZS=F_d12;24900;INTARIAN_PEPPER_ROOT;10167;18;10163;13;;;10173;25;10175;27;;;10170.0;0.0
yf_ZS=F_d12;25000;ASH_COATED_OSMIUM;9941;10;9938;23;;;9950;12;9954;9;;;9945.5;0.0
yf_ZS=F_d12;25000;INTARIAN_PEPPER_ROOT;10164;16;10162;28;;;10175;21;10178;19;;;10169.5;0.0
yf_ZS=F_d12;25100;ASH_COATED_OSMIUM;9943;15;9941;19;;;9949;16;9952;22;;;9946.0;0.0
yf_ZS=F_d12;25100;INTARIAN_PEPPER_ROOT;10167;22;10163;19;;;10173;13;10177;26;;;10170.0;0.0
yf_ZS=F_d12;25200;ASH_COATED_OSMIUM;9941;17;9938;16;;;9949;14;9953;13;;;9945.0;0.0
yf_ZS=F_d12;25200;INTARIAN_PEPPER_ROOT;10165;15;10163;20;;;10173;18;10177;14;;;10169.0;0.0
yf_ZS=F_d12;25300;ASH_COATED_OSMIUM;9943;11;9940;25;;;9949;18;9951;28;;;9946.0;0.0
yf_ZS=F_d12;25300;INTARIAN_PEPPER_ROOT;10165;12;10161;26;;;10171;12;10175;11;;;10168.0;0.0
yf_ZS=F_d12;25400;ASH_COATED_OSMIUM;9943;24;9939;19;;;9950;11;9953;31;;;9946.5;0.0
yf_ZS=F_d12;25400;INTARIAN_PEPPER_ROOT;10165;18;10162;19;;;10171;21;10174;15;;;10168.0;0.0
yf_ZS=F_d12;25500;ASH_COATED_OSMIUM;9943;15;9941;19;;;9949;14;9953;12;;;9946.0;0.0
yf_ZS=F_d12;25500;INTARIAN_PEPPER_ROOT;10165;15;10162;12;;;10171;11;10174;22;;;10168.0;0.0
yf_ZS=F_d12;25600;ASH_COATED_OSMIUM;9943;11;9939;22;;;9949;10;9952;12;;;9946.0;0.0
yf_ZS=F_d12;25600;INTARIAN_PEPPER_ROOT;10164;23;10160;24;;;10170;14;10172;17;;;10167.0;0.0
yf_ZS=F_d12;25700;ASH_COATED_OSMIUM;9943;14;9941;25;;;9949;15;9953;24;;;9946.0;0.0
yf_ZS=F_d12;25700;INTARIAN_PEPPER_ROOT;10164;18;10160;23;;;10170;15;10172;23;;;10167.0;0.0
yf_ZS=F_d12;25800;ASH_COATED_OSMIUM;9938;15;9936;23;;;9955;19;9959;23;;;9946.5;0.0
yf_ZS=F_d12;25800;INTARIAN_PEPPER_ROOT;10164;17;10161;20;;;10170;21;10174;14;;;10167.0;0.0
yf_ZS=F_d12;25900;ASH_COATED_OSMIUM;9943;22;9939;16;;;9949;13;9953;14;;;9946.0;0.0
yf_ZS=F_d12;25900;INTARIAN_PEPPER_ROOT;10163;7;10160;18;;;10170;20;10172;20;;;10166.5;0.0
yf_ZS=F_d12;26000;ASH_COATED_OSMIUM;9942;15;9940;23;;;9950;7;9953;21;;;9946.0;0.0
yf_ZS=F_d12;26000;INTARIAN_PEPPER_ROOT;10163;12;10160;21;;;10169;18;10171;24;;;10166.0;0.0
yf_ZS=F_d12;26100;ASH_COATED_OSMIUM;9941;12;9937;16;;;9951;5;9954;13;;;9946.0;0.0
yf_ZS=F_d12;26100;INTARIAN_PEPPER_ROOT;10162;13;10160;19;;;10168;12;10171;20;;;10165.0;0.0
yf_ZS=F_d12;26200;ASH_COATED_OSMIUM;9939;11;9936;23;;;9953;20;9955;17;;;9946.0;0.0
yf_ZS=F_d12;26200;INTARIAN_PEPPER_ROOT;10162;7;10159;15;;;10168;22;10172;10;;;10165.0;0.0
yf_ZS=F_d12;26300;ASH_COATED_OSMIUM;9942;17;9938;21;;;9950;13;9952;15;;;9946.0;0.0
yf_ZS=F_d12;26300;INTARIAN_PEPPER_ROOT;10158;6;10154;15;;;10172;9;10174;17;;;10165.0;0.0
yf_ZS=F_d12;26400;ASH_COATED_OSMIUM;9943;12;9940;20;;;9949;14;9953;22;;;9946.0;0.0
yf_ZS=F_d12;26400;INTARIAN_PEPPER_ROOT;10161;10;10159;15;;;10168;14;10170;17;;;10164.5;0.0
yf_ZS=F_d12;26500;ASH_COATED_OSMIUM;9943;15;9939;27;;;9949;19;9951;10;;;9946.0;0.0
yf_ZS=F_d12;26500;INTARIAN_PEPPER_ROOT;10161;11;10159;20;;;10167;13;10169;18;;;10164.0;0.0
yf_ZS=F_d12;26600;ASH_COATED_OSMIUM;9939;7;9937;27;;;9952;27;9956;17;;;9945.5;0.0
yf_ZS=F_d12;26600;INTARIAN_PEPPER_ROOT;10161;11;10157;27;;;10167;14;10169;24;;;10164.0;0.0
yf_ZS=F_d12;26700;ASH_COATED_OSMIUM;9934;16;9930;15;;;9958;9;9962;16;;;9946.0;0.0
yf_ZS=F_d12;26700;INTARIAN_PEPPER_ROOT;10153;18;10149;21;;;10176;16;10179;19;;;10164.5;0.0
yf_ZS=F_d12;26800;ASH_COATED_OSMIUM;9940;10;9937;21;;;9954;21;9956;26;;;9947.0;0.0
yf_ZS=F_d12;26800;INTARIAN_PEPPER_ROOT;10160;5;10158;20;;;10166;22;10168;15;;;10163.0;0.0
yf_ZS=F_d12;26900;ASH_COATED_OSMIUM;9942;5;9940;26;;;9950;8;9952;17;;;9946.0;0.0
yf_ZS=F_d12;26900;INTARIAN_PEPPER_ROOT;10158;15;10155;29;;;10167;12;10169;26;;;10162.5;0.0
yf_ZS=F_d12;27000;ASH_COATED_OSMIUM;9936;20;9932;19;;;9957;15;9960;25;;;9946.5;0.0
yf_ZS=F_d12;27000;INTARIAN_PEPPER_ROOT;10160;19;10157;20;;;10166;9;10168;18;;;10163.0;0.0
yf_ZS=F_d12;27100;ASH_COATED_OSMIUM;9943;10;9940;16;;;9949;10;9952;15;;;9946.0;0.0
yf_ZS=F_d12;27100;INTARIAN_PEPPER_ROOT;10152;15;10150;29;;;10172;12;10176;23;;;10162.0;0.0
yf_ZS=F_d12;27200;ASH_COATED_OSMIUM;9934;9;9931;21;;;9959;23;9962;25;;;9946.5;0.0
yf_ZS=F_d12;27200;INTARIAN_PEPPER_ROOT;10157;13;10153;14;;;10167;16;10171;25;;;10162.0;0.0
yf_ZS=F_d12;27300;ASH_COATED_OSMIUM;9943;23;9941;21;;;9949;16;9951;15;;;9946.0;0.0
yf_ZS=F_d12;27300;INTARIAN_PEPPER_ROOT;10145;13;10143;27;;;10179;18;10182;25;;;10162.0;0.0
yf_ZS=F_d12;27400;ASH_COATED_OSMIUM;9943;15;9939;13;;;9949;9;9953;19;;;9946.0;0.0
yf_ZS=F_d12;27400;INTARIAN_PEPPER_ROOT;10158;18;10155;17;;;10164;13;10168;14;;;10161.0;0.0
yf_ZS=F_d12;27500;ASH_COATED_OSMIUM;9942;15;9938;20;;;9950;20;9953;11;;;9946.0;0.0
yf_ZS=F_d12;27500;INTARIAN_PEPPER_ROOT;10153;12;10149;25;;;10169;5;10171;15;;;10161.0;0.0
yf_ZS=F_d12;27600;ASH_COATED_OSMIUM;9944;11;9940;19;;;9950;11;9952;20;;;9947.0;0.0
yf_ZS=F_d12;27600;INTARIAN_PEPPER_ROOT;10156;18;10153;19;;;10166;13;10169;20;;;10161.0;0.0
yf_ZS=F_d12;27700;ASH_COATED_OSMIUM;9943;12;9940;18;;;9951;23;9955;27;;;9947.0;0.0
yf_ZS=F_d12;27700;INTARIAN_PEPPER_ROOT;10153;20;10150;23;;;10167;18;10171;22;;;10160.0;0.0
yf_ZS=F_d12;27800;ASH_COATED_OSMIUM;9934;11;9930;18;;;9957;24;9961;12;;;9945.5;0.0
yf_ZS=F_d12;27800;INTARIAN_PEPPER_ROOT;10153;12;10149;19;;;10168;7;10171;29;;;10160.5;0.0
yf_ZS=F_d12;27900;ASH_COATED_OSMIUM;9943;18;9939;30;;;9949;16;9952;19;;;9946.0;0.0
yf_ZS=F_d12;27900;INTARIAN_PEPPER_ROOT;10142;13;10140;19;;;10176;13;10179;16;;;10159.0;0.0
yf_ZS=F_d12;28000;ASH_COATED_OSMIUM;9943;16;9940;25;;;9949;13;9952;21;;;9946.0;0.0
yf_ZS=F_d12;28000;INTARIAN_PEPPER_ROOT;10152;14;10148;16;;;10166;21;10169;24;;;10159.0;0.0
yf_ZS=F_d12;28100;ASH_COATED_OSMIUM;9943;11;9939;23;;;9949;14;9951;22;;;9946.0;0.0
yf_ZS=F_d12;28100;INTARIAN_PEPPER_ROOT;10155;24;10153;10;;;10163;9;10165;24;;;10159.0;0.0
yf_ZS=F_d12;28200;ASH_COATED_OSMIUM;9943;15;9939;9;;;9949;17;9953;20;;;9946.0;0.0
yf_ZS=F_d12;28200;INTARIAN_PEPPER_ROOT;10156;16;10153;12;;;10162;13;10164;16;;;10159.0;0.0
yf_ZS=F_d12;28300;ASH_COATED_OSMIUM;9943;16;9941;12;;;9949;14;9953;18;;;9946.0;0.0
yf_ZS=F_d12;28300;INTARIAN_PEPPER_ROOT;10153;15;10149;14;;;10162;5;10166;14;;;10157.5;0.0
yf_ZS=F_d12;28400;ASH_COATED_OSMIUM;9930;8;9928;19;;;9962;6;9964;8;;;9946.0;0.0
yf_ZS=F_d12;28400;INTARIAN_PEPPER_ROOT;10154;14;10152;24;;;10162;13;10166;17;;;10158.0;0.0
yf_ZS=F_d12;28500;ASH_COATED_OSMIUM;9943;11;9941;11;;;9949;19;9952;11;;;9946.0;0.0
yf_ZS=F_d12;28500;INTARIAN_PEPPER_ROOT;10154;7;10152;16;;;10160;14;10164;18;;;10157.0;0.0
yf_ZS=F_d12;28600;ASH_COATED_OSMIUM;9943;5;9941;25;;;9949;20;9951;26;;;9946.0;0.0
yf_ZS=F_d12;28600;INTARIAN_PEPPER_ROOT;10149;14;10145;14;;;10165;16;10167;25;;;10157.0;0.0
yf_ZS=F_d12;28700;ASH_COATED_OSMIUM;9943;5;9941;19;;;9949;7;9952;22;;;9946.0;0.0
yf_ZS=F_d12;28700;INTARIAN_PEPPER_ROOT;10150;16;10148;22;;;10164;9;10168;17;;;10157.0;0.0
yf_ZS=F_d12;28800;ASH_COATED_OSMIUM;9943;23;9941;22;;;9949;8;9951;21;;;9946.0;0.0
yf_ZS=F_d12;28800;INTARIAN_PEPPER_ROOT;10154;20;10151;14;;;10160;15;10163;16;;;10157.0;0.0
yf_ZS=F_d12;28900;ASH_COATED_OSMIUM;9939;15;9935;23;;;9955;22;9957;19;;;9947.0;0.0
yf_ZS=F_d12;28900;INTARIAN_PEPPER_ROOT;10153;14;10149;20;;;10159;19;10163;21;;;10156.0;0.0
yf_ZS=F_d12;29000;ASH_COATED_OSMIUM;9936;12;9932;20;;;9956;8;9959;24;;;9946.0;0.0
yf_ZS=F_d12;29000;INTARIAN_PEPPER_ROOT;10153;26;10149;13;;;10159;11;10161;26;;;10156.0;0.0
yf_ZS=F_d12;29100;ASH_COATED_OSMIUM;9935;8;9933;13;;;9958;13;9961;11;;;9946.5;0.0
yf_ZS=F_d12;29100;INTARIAN_PEPPER_ROOT;10152;13;10150;19;;;10159;23;10162;22;;;10155.5;0.0
yf_ZS=F_d12;29200;ASH_COATED_OSMIUM;9943;15;9941;25;;;9949;12;9951;17;;;9946.0;0.0
yf_ZS=F_d12;29200;INTARIAN_PEPPER_ROOT;10152;8;10149;13;;;10158;10;10162;19;;;10155.0;0.0
yf_ZS=F_d12;29300;ASH_COATED_OSMIUM;9942;15;9938;12;;;9950;16;9954;11;;;9946.0;0.0
yf_ZS=F_d12;29300;INTARIAN_PEPPER_ROOT;10152;16;10149;15;;;10158;7;10162;15;;;10155.0;0.0
yf_ZS=F_d12;29400;ASH_COATED_OSMIUM;9943;16;9940;14;;;9949;18;9952;18;;;9946.0;0.0
yf_ZS=F_d12;29400;INTARIAN_PEPPER_ROOT;10151;22;10148;24;;;10158;15;10162;24;;;10154.5;0.0
yf_ZS=F_d12;29500;ASH_COATED_OSMIUM;9944;9;9941;13;;;9950;12;9953;17;;;9947.0;0.0
yf_ZS=F_d12;29500;INTARIAN_PEPPER_ROOT;10150;14;10148;20;;;10157;5;10161;26;;;10153.5;0.0
yf_ZS=F_d12;29600;ASH_COATED_OSMIUM;9940;5;9936;24;;;9952;11;9956;22;;;9946.0;0.0
yf_ZS=F_d12;29600;INTARIAN_PEPPER_ROOT;10151;12;10148;22;;;10157;13;10160;24;;;10154.0;0.0
yf_ZS=F_d12;29700;ASH_COATED_OSMIUM;9944;20;9940;26;;;9950;19;9952;14;;;9947.0;0.0
yf_ZS=F_d12;29700;INTARIAN_PEPPER_ROOT;10150;15;10146;17;;;10157;17;10161;10;;;10153.5;0.0
yf_ZS=F_d12;29800;ASH_COATED_OSMIUM;9937;16;9933;18;;;9955;11;9957;18;;;9946.0;0.0
yf_ZS=F_d12;29800;INTARIAN_PEPPER_ROOT;10149;15;10147;13;;;10157;21;10161;26;;;10153.0;0.0
yf_ZS=F_d12;29900;ASH_COATED_OSMIUM;9943;14;9940;26;;;9949;5;9952;22;;;9946.0;0.0
yf_ZS=F_d12;29900;INTARIAN_PEPPER_ROOT;10150;17;10148;11;;;10156;6;10158;24;;;10153.0;0.0
yf_ZS=F_d12;30000;ASH_COATED_OSMIUM;9944;18;9941;15;;;9950;12;9954;14;;;9947.0;0.0
yf_ZS=F_d12;30000;INTARIAN_PEPPER_ROOT;10150;8;10148;26;;;10156;18;10159;17;;;10153.0;0.0
yf_ZS=F_d12;30100;ASH_COATED_OSMIUM;9941;11;9938;19;;;9952;20;9954;29;;;9946.5;0.0
yf_ZS=F_d12;30100;INTARIAN_PEPPER_ROOT;10149;18;10145;21;;;10155;17;10158;29;;;10152.0;0.0
yf_ZS=F_d12;30200;ASH_COATED_OSMIUM;9943;15;9940;25;;;9949;11;9951;15;;;9946.0;0.0
yf_ZS=F_d12;30200;INTARIAN_PEPPER_ROOT;10142;16;10139;16;;;10161;23;10165;26;;;10151.5;0.0
yf_ZS=F_d12;30300;ASH_COATED_OSMIUM;9939;14;9936;17;;;9955;19;9957;15;;;9947.0;0.0
yf_ZS=F_d12;30300;INTARIAN_PEPPER_ROOT;10149;17;10145;8;;;10155;20;10158;21;;;10152.0;0.0
yf_ZS=F_d12;30400;ASH_COATED_OSMIUM;9941;14;9938;20;;;9952;12;9954;15;;;9946.5;0.0
yf_ZS=F_d12;30400;INTARIAN_PEPPER_ROOT;10148;8;10145;20;;;10154;15;10157;24;;;10151.0;0.0
yf_ZS=F_d12;30500;ASH_COATED_OSMIUM;9944;7;9942;19;;;9950;14;9954;17;;;9947.0;0.0
yf_ZS=F_d12;30500;INTARIAN_PEPPER_ROOT;10146;5;10144;20;;;10155;19;10159;21;;;10150.5;0.0
yf_ZS=F_d12;30600;ASH_COATED_OSMIUM;9944;14;9941;21;;;9950;10;9954;18;;;9947.0;0.0
yf_ZS=F_d12;30600;INTARIAN_PEPPER_ROOT;10143;22;10140;18;;;10157;14;10160;23;;;10150.0;0.0
yf_ZS=F_d12;30700;ASH_COATED_OSMIUM;9944;11;9942;18;;;9950;18;9954;19;;;9947.0;0.0
yf_ZS=F_d12;30700;INTARIAN_PEPPER_ROOT;10147;14;10145;13;;;10155;20;10159;18;;;10151.0;0.0
yf_ZS=F_d12;30800;ASH_COATED_OSMIUM;9943;9;9940;19;;;9949;12;9952;11;;;9946.0;0.0
yf_ZS=F_d12;30800;INTARIAN_PEPPER_ROOT;10147;16;10144;15;;;10153;30;10156;17;;;10150.0;0.0
yf_ZS=F_d12;30900;ASH_COATED_OSMIUM;9943;13;9941;31;;;9949;12;9953;13;;;9946.0;0.0
yf_ZS=F_d12;30900;INTARIAN_PEPPER_ROOT;10146;8;10143;29;;;10152;14;10155;19;;;10149.0;0.0
yf_ZS=F_d12;31000;ASH_COATED_OSMIUM;9944;11;9940;10;;;9950;12;9953;23;;;9947.0;0.0
yf_ZS=F_d12;31000;INTARIAN_PEPPER_ROOT;10143;16;10141;18;;;10154;12;10157;19;;;10148.5;0.0
yf_ZS=F_d12;31100;ASH_COATED_OSMIUM;9944;8;9942;25;;;9950;19;9953;12;;;9947.0;0.0
yf_ZS=F_d12;31100;INTARIAN_PEPPER_ROOT;10145;11;10141;19;;;10151;14;10153;16;;;10148.0;0.0
yf_ZS=F_d12;31200;ASH_COATED_OSMIUM;9940;19;9937;23;;;9953;6;9956;27;;;9946.5;0.0
yf_ZS=F_d12;31200;INTARIAN_PEPPER_ROOT;10146;10;10144;19;;;10152;12;10155;16;;;10149.0;0.0
yf_ZS=F_d12;31300;ASH_COATED_OSMIUM;9944;11;9941;20;;;9950;22;9954;15;;;9947.0;0.0
yf_ZS=F_d12;31300;INTARIAN_PEPPER_ROOT;10143;6;10139;17;;;10152;22;10156;24;;;10147.5;0.0
yf_ZS=F_d12;31400;ASH_COATED_OSMIUM;9944;7;9941;30;;;9950;19;9954;22;;;9947.0;0.0
yf_ZS=F_d12;31400;INTARIAN_PEPPER_ROOT;10145;22;10142;18;;;10151;11;10154;19;;;10148.0;0.0
yf_ZS=F_d12;31500;ASH_COATED_OSMIUM;9943;12;9939;25;;;9950;12;9952;24;;;9946.5;0.0
yf_ZS=F_d12;31500;INTARIAN_PEPPER_ROOT;10144;9;10141;14;;;10150;20;10154;21;;;10147.0;0.0
yf_ZS=F_d12;31600;ASH_COATED_OSMIUM;9944;20;9942;22;;;9950;10;9952;29;;;9947.0;0.0
yf_ZS=F_d12;31600;INTARIAN_PEPPER_ROOT;10144;17;10141;22;;;10150;21;10153;21;;;10147.0;0.0
yf_ZS=F_d12;31700;ASH_COATED_OSMIUM;9940;5;9938;26;;;9953;13;9957;18;;;9946.5;0.0
yf_ZS=F_d12;31700;INTARIAN_PEPPER_ROOT;10143;15;10140;18;;;10151;11;10154;12;;;10147.0;0.0
yf_ZS=F_d12;31800;ASH_COATED_OSMIUM;9940;17;9937;13;;;9954;16;9956;14;;;9947.0;0.0
yf_ZS=F_d12;31800;INTARIAN_PEPPER_ROOT;10131;17;10128;15;;;10163;5;10165;31;;;10147.0;0.0
yf_ZS=F_d12;31900;ASH_COATED_OSMIUM;9943;16;9941;16;;;9949;5;9952;20;;;9946.0;0.0
yf_ZS=F_d12;31900;INTARIAN_PEPPER_ROOT;10143;13;10139;27;;;10149;23;10153;12;;;10146.0;0.0
yf_ZS=F_d12;32000;ASH_COATED_OSMIUM;9941;7;9938;34;;;9951;9;9954;19;;;9946.0;0.0
yf_ZS=F_d12;32000;INTARIAN_PEPPER_ROOT;10140;10;10137;20;;;10150;19;10152;15;;;10145.0;0.0
yf_ZS=F_d12;32100;ASH_COATED_OSMIUM;9944;8;9940;24;;;9950;23;9952;25;;;9947.0;0.0
yf_ZS=F_d12;32100;INTARIAN_PEPPER_ROOT;10142;9;10138;22;;;10148;27;10152;23;;;10145.0;0.0
yf_ZS=F_d12;32200;ASH_COATED_OSMIUM;9943;16;9940;15;;;9950;9;9954;22;;;9946.5;0.0
yf_ZS=F_d12;32200;INTARIAN_PEPPER_ROOT;10142;6;10138;19;;;10148;20;10151;12;;;10145.0;0.0
yf_ZS=F_d12;32300;ASH_COATED_OSMIUM;9944;17;9940;8;;;9950;12;9952;17;;;9947.0;0.0
yf_ZS=F_d12;32300;INTARIAN_PEPPER_ROOT;10141;26;10139;19;;;10147;16;10149;19;;;10144.0;0.0
yf_ZS=F_d12;32400;ASH_COATED_OSMIUM;9944;13;9941;17;;;9950;16;9952;16;;;9947.0;0.0
yf_ZS=F_d12;32400;INTARIAN_PEPPER_ROOT;10141;16;10139;24;;;10147;20;10151;22;;;10144.0;0.0
yf_ZS=F_d12;32500;ASH_COATED_OSMIUM;9944;16;9941;25;;;9950;19;9953;17;;;9947.0;0.0
yf_ZS=F_d12;32500;INTARIAN_PEPPER_ROOT;10141;14;10138;21;;;10147;10;10151;16;;;10144.0;0.0
yf_ZS=F_d12;32600;ASH_COATED_OSMIUM;9944;17;9940;8;;;9950;9;9954;13;;;9947.0;0.0
yf_ZS=F_d12;32600;INTARIAN_PEPPER_ROOT;10130;11;10127;20;;;10158;12;10161;32;;;10144.0;0.0
yf_ZS=F_d12;32700;ASH_COATED_OSMIUM;9944;12;9940;24;;;9950;10;9954;19;;;9947.0;0.0
yf_ZS=F_d12;32700;INTARIAN_PEPPER_ROOT;10136;16;10132;20;;;10150;26;10152;20;;;10143.0;0.0
yf_ZS=F_d12;32800;ASH_COATED_OSMIUM;9940;10;9937;19;;;9954;14;9956;16;;;9947.0;0.0
yf_ZS=F_d12;32800;INTARIAN_PEPPER_ROOT;10137;10;10134;10;;;10148;21;10152;26;;;10142.5;0.0
yf_ZS=F_d12;32900;ASH_COATED_OSMIUM;9944;21;9940;24;;;9950;11;9953;12;;;9947.0;0.0
yf_ZS=F_d12;32900;INTARIAN_PEPPER_ROOT;10136;21;10133;22;;;10150;16;10154;14;;;10143.0;0.0
yf_ZS=F_d12;33000;ASH_COATED_OSMIUM;9943;11;9940;23;;;9952;12;9956;27;;;9947.5;0.0
yf_ZS=F_d12;33000;INTARIAN_PEPPER_ROOT;10124;17;10121;21;;;10159;13;10161;23;;;10141.5;0.0
yf_ZS=F_d12;33100;ASH_COATED_OSMIUM;9944;16;9940;18;;;9950;5;9953;25;;;9947.0;0.0
yf_ZS=F_d12;33100;INTARIAN_PEPPER_ROOT;10132;18;10128;19;;;10151;14;10155;17;;;10141.5;0.0
yf_ZS=F_d12;33200;ASH_COATED_OSMIUM;9943;15;9940;24;;;9952;10;9955;23;;;9947.5;0.0
yf_ZS=F_d12;33200;INTARIAN_PEPPER_ROOT;10138;15;10134;17;;;10144;14;10148;10;;;10141.0;0.0
yf_ZS=F_d12;33300;ASH_COATED_OSMIUM;9943;11;9941;28;;;9949;17;9953;17;;;9946.0;0.0
yf_ZS=F_d12;33300;INTARIAN_PEPPER_ROOT;10138;11;10136;14;;;10144;6;10146;24;;;10141.0;0.0
yf_ZS=F_d12;33400;ASH_COATED_OSMIUM;9922;10;9919;18;;;9971;17;9974;24;;;9946.5;0.0
yf_ZS=F_d12;33400;INTARIAN_PEPPER_ROOT;10133;18;10129;26;;;10148;18;10150;25;;;10140.5;0.0
yf_ZS=F_d12;33500;ASH_COATED_OSMIUM;9944;19;9940;17;;;9950;27;9952;21;;;9947.0;0.0
yf_ZS=F_d12;33500;INTARIAN_PEPPER_ROOT;10137;13;10135;22;;;10143;12;10147;15;;;10140.0;0.0
yf_ZS=F_d12;33600;ASH_COATED_OSMIUM;9944;20;9940;16;;;9950;13;9954;15;;;9947.0;0.0
yf_ZS=F_d12;33600;INTARIAN_PEPPER_ROOT;10137;16;10135;16;;;10143;8;10146;21;;;10140.0;0.0
yf_ZS=F_d12;33700;ASH_COATED_OSMIUM;9944;5;9942;20;;;9950;26;9953;18;;;9947.0;0.0
yf_ZS=F_d12;33700;INTARIAN_PEPPER_ROOT;10137;26;10134;15;;;10143;9;10146;18;;;10140.0;0.0
yf_ZS=F_d12;33800;ASH_COATED_OSMIUM;9944;13;9941;17;;;9950;14;9954;16;;;9947.0;0.0
yf_ZS=F_d12;33800;INTARIAN_PEPPER_ROOT;10135;20;10133;28;;;10143;16;10145;24;;;10139.0;0.0
yf_ZS=F_d12;33900;ASH_COATED_OSMIUM;9934;11;9931;23;;;9960;13;9964;30;;;9947.0;0.0
yf_ZS=F_d12;33900;INTARIAN_PEPPER_ROOT;10136;18;10132;13;;;10142;17;10145;17;;;10139.0;0.0
yf_ZS=F_d12;34000;ASH_COATED_OSMIUM;9944;15;9940;28;;;9950;13;9954;22;;;9947.0;0.0
yf_ZS=F_d12;34000;INTARIAN_PEPPER_ROOT;10136;12;10132;18;;;10142;12;10144;19;;;10139.0;0.0
yf_ZS=F_d12;34100;ASH_COATED_OSMIUM;9934;6;9932;14;;;9960;17;9964;22;;;9947.0;0.0
yf_ZS=F_d12;34100;INTARIAN_PEPPER_ROOT;10121;21;10117;20;;;10159;14;10162;22;;;10140.0;0.0
yf_ZS=F_d12;34200;ASH_COATED_OSMIUM;9944;19;9942;20;;;9950;14;9952;22;;;9947.0;0.0
yf_ZS=F_d12;34200;INTARIAN_PEPPER_ROOT;10128;17;10126;11;;;10152;11;10154;17;;;10140.0;0.0
yf_ZS=F_d12;34300;ASH_COATED_OSMIUM;9945;12;9941;15;;;9951;13;9955;19;;;9948.0;0.0
yf_ZS=F_d12;34300;INTARIAN_PEPPER_ROOT;10138;19;10136;30;;;10144;8;10147;20;;;10141.0;0.0
yf_ZS=F_d12;34400;ASH_COATED_OSMIUM;9944;17;9941;22;;;9950;12;9954;21;;;9947.0;0.0
yf_ZS=F_d12;34400;INTARIAN_PEPPER_ROOT;10131;17;10129;24;;;10151;14;10154;19;;;10141.0;0.0
yf_ZS=F_d12;34500;ASH_COATED_OSMIUM;9945;13;9941;26;;;9951;16;9953;19;;;9948.0;0.0
yf_ZS=F_d12;34500;INTARIAN_PEPPER_ROOT;10124;20;10121;26;;;10158;15;10161;9;;;10141.0;0.0
yf_ZS=F_d12;34600;ASH_COATED_OSMIUM;9944;14;9940;8;;;9950;25;9953;23;;;9947.0;0.0
yf_ZS=F_d12;34600;INTARIAN_PEPPER_ROOT;10138;16;10135;16;;;10144;13;10146;15;;;10141.0;0.0
yf_ZS=F_d12;34700;ASH_COATED_OSMIUM;9945;15;9943;17;;;9951;14;9953;19;;;9948.0;0.0
yf_ZS=F_d12;34700;INTARIAN_PEPPER_ROOT;10136;16;10133;8;;;10148;9;10152;23;;;10142.0;0.0
yf_ZS=F_d12;34800;ASH_COATED_OSMIUM;9943;21;9940;25;;;9951;8;9954;20;;;9947.0;0.0
yf_ZS=F_d12;34800;INTARIAN_PEPPER_ROOT;10140;22;10137;19;;;10146;17;10149;15;;;10143.0;0.0
yf_ZS=F_d12;34900;ASH_COATED_OSMIUM;9944;24;9941;24;;;9950;11;9953;32;;;9947.0;0.0
yf_ZS=F_d12;34900;INTARIAN_PEPPER_ROOT;10137;14;10135;19;;;10148;6;10152;15;;;10142.5;0.0
yf_ZS=F_d12;35000;ASH_COATED_OSMIUM;9941;15;9937;23;;;9953;16;9955;21;;;9947.0;0.0
yf_ZS=F_d12;35000;INTARIAN_PEPPER_ROOT;10132;18;10129;18;;;10154;5;10157;20;;;10143.0;0.0
yf_ZS=F_d12;35100;ASH_COATED_OSMIUM;9943;19;9941;19;;;9952;16;9955;23;;;9947.5;0.0
yf_ZS=F_d12;35100;INTARIAN_PEPPER_ROOT;10127;24;10123;25;;;10159;14;10161;20;;;10143.0;0.0
yf_ZS=F_d12;35200;ASH_COATED_OSMIUM;9942;13;9939;21;;;9954;18;9957;29;;;9948.0;0.0
yf_ZS=F_d12;35200;INTARIAN_PEPPER_ROOT;10141;11;10137;17;;;10147;18;10151;28;;;10144.0;0.0
yf_ZS=F_d12;35300;ASH_COATED_OSMIUM;9944;12;9940;19;;;9951;12;9955;23;;;9947.5;0.0
yf_ZS=F_d12;35300;INTARIAN_PEPPER_ROOT;10142;10;10140;26;;;10148;23;10152;25;;;10145.0;0.0
yf_ZS=F_d12;35400;ASH_COATED_OSMIUM;9937;15;9934;12;;;9957;8;9960;27;;;9947.0;0.0
yf_ZS=F_d12;35400;INTARIAN_PEPPER_ROOT;10142;10;10138;16;;;10148;24;10151;23;;;10145.0;0.0
yf_ZS=F_d12;35500;ASH_COATED_OSMIUM;9944;17;9940;23;;;9951;12;9953;23;;;9947.5;0.0
yf_ZS=F_d12;35500;INTARIAN_PEPPER_ROOT;10142;17;10138;25;;;10148;11;10151;9;;;10145.0;0.0
yf_ZS=F_d12;35600;ASH_COATED_OSMIUM;9942;10;9938;21;;;9954;12;9956;20;;;9948.0;0.0
yf_ZS=F_d12;35600;INTARIAN_PEPPER_ROOT;10138;10;10135;22;;;10152;11;10156;17;;;10145.0;0.0
yf_ZS=F_d12;35700;ASH_COATED_OSMIUM;9939;18;9936;21;;;9955;20;9957;14;;;9947.0;0.0
yf_ZS=F_d12;35700;INTARIAN_PEPPER_ROOT;10142;12;10138;25;;;10148;19;10150;13;;;10145.0;0.0
yf_ZS=F_d12;35800;ASH_COATED_OSMIUM;9945;20;9943;23;;;9951;16;9953;28;;;9948.0;0.0
yf_ZS=F_d12;35800;INTARIAN_PEPPER_ROOT;10140;8;10138;17;;;10152;15;10156;23;;;10146.0;0.0
yf_ZS=F_d12;35900;ASH_COATED_OSMIUM;9945;13;9942;14;;;9951;13;9953;28;;;9948.0;0.0
yf_ZS=F_d12;35900;INTARIAN_PEPPER_ROOT;10137;22;10135;18;;;10155;15;10157;11;;;10146.0;0.0
yf_ZS=F_d12;36000;ASH_COATED_OSMIUM;9945;5;9943;21;;;9951;12;9953;17;;;9948.0;0.0
yf_ZS=F_d12;36000;INTARIAN_PEPPER_ROOT;10134;17;10130;13;;;10159;14;10161;14;;;10146.5;0.0
yf_ZS=F_d12;36100;ASH_COATED_OSMIUM;9944;9;9942;20;;;9951;5;9953;26;;;9947.5;0.0
yf_ZS=F_d12;36100;INTARIAN_PEPPER_ROOT;10144;16;10140;20;;;10150;17;10154;15;;;10147.0;0.0
yf_ZS=F_d12;36200;ASH_COATED_OSMIUM;9937;23;9935;34;;;9960;13;9964;26;;;9948.5;0.0
yf_ZS=F_d12;36200;INTARIAN_PEPPER_ROOT;10141;17;10139;19;;;10155;17;10158;22;;;10148.0;0.0
yf_ZS=F_d12;36300;ASH_COATED_OSMIUM;9944;15;9941;27;;;9951;13;9953;25;;;9947.5;0.0
yf_ZS=F_d12;36300;INTARIAN_PEPPER_ROOT;10145;19;10143;23;;;10151;16;10155;11;;;10148.0;0.0
yf_ZS=F_d12;36400;ASH_COATED_OSMIUM;9943;12;9941;24;;;9953;15;9955;20;;;9948.0;0.0
yf_ZS=F_d12;36400;INTARIAN_PEPPER_ROOT;10145;13;10141;17;;;10151;13;10154;25;;;10148.0;0.0
yf_ZS=F_d12;36500;ASH_COATED_OSMIUM;9945;13;9942;22;;;9951;14;9953;33;;;9948.0;0.0
yf_ZS=F_d12;36500;INTARIAN_PEPPER_ROOT;10145;17;10141;18;;;10151;9;10155;15;;;10148.0;0.0
yf_ZS=F_d12;36600;ASH_COATED_OSMIUM;9940;14;9937;21;;;9955;11;9959;18;;;9947.5;0.0
yf_ZS=F_d12;36600;INTARIAN_PEPPER_ROOT;10144;7;10140;11;;;10155;24;10159;11;;;10149.5;0.0
yf_ZS=F_d12;36700;ASH_COATED_OSMIUM;9945;5;9941;17;;;9951;15;9953;15;;;9948.0;0.0
yf_ZS=F_d12;36700;INTARIAN_PEPPER_ROOT;10146;14;10143;23;;;10152;18;10154;28;;;10149.0;0.0
yf_ZS=F_d12;36800;ASH_COATED_OSMIUM;9945;15;9942;21;;;9951;21;9953;20;;;9948.0;0.0
yf_ZS=F_d12;36800;INTARIAN_PEPPER_ROOT;10147;11;10145;19;;;10153;17;10157;15;;;10150.0;0.0
yf_ZS=F_d12;36900;ASH_COATED_OSMIUM;9945;11;9942;19;;;9951;18;9954;18;;;9948.0;0.0
yf_ZS=F_d12;36900;INTARIAN_PEPPER_ROOT;10147;12;10145;22;;;10153;19;10157;16;;;10150.0;0.0
yf_ZS=F_d12;37000;ASH_COATED_OSMIUM;9945;11;9942;14;;;9951;21;9954;28;;;9948.0;0.0
yf_ZS=F_d12;37000;INTARIAN_PEPPER_ROOT;10146;15;10142;13;;;10156;14;10160;17;;;10151.0;0.0
yf_ZS=F_d12;37100;ASH_COATED_OSMIUM;9945;20;9942;20;;;9951;20;9953;17;;;9948.0;0.0
yf_ZS=F_d12;37100;INTARIAN_PEPPER_ROOT;10148;11;10146;20;;;10154;10;10156;9;;;10151.0;0.0
yf_ZS=F_d12;37200;ASH_COATED_OSMIUM;9944;17;9942;27;;;9952;14;9954;23;;;9948.0;0.0
yf_ZS=F_d12;37200;INTARIAN_PEPPER_ROOT;10143;15;10139;22;;;10159;13;10162;11;;;10151.0;0.0
yf_ZS=F_d12;37300;ASH_COATED_OSMIUM;9946;5;9943;17;;;9952;12;9956;16;;;9949.0;0.0
yf_ZS=F_d12;37300;INTARIAN_PEPPER_ROOT;10149;6;10146;24;;;10155;14;10157;25;;;10152.0;0.0
yf_ZS=F_d12;37400;ASH_COATED_OSMIUM;9943;13;9939;33;;;9953;17;9956;24;;;9948.0;0.0
yf_ZS=F_d12;37400;INTARIAN_PEPPER_ROOT;10144;8;10141;22;;;10161;18;10165;17;;;10152.5;0.0
yf_ZS=F_d12;37500;ASH_COATED_OSMIUM;9941;12;9938;20;;;9957;14;9959;16;;;9949.0;0.0
yf_ZS=F_d12;37500;INTARIAN_PEPPER_ROOT;10150;10;10148;10;;;10156;17;10158;25;;;10153.0;0.0
yf_ZS=F_d12;37600;ASH_COATED_OSMIUM;9945;12;9941;17;;;9951;12;9954;17;;;9948.0;0.0
yf_ZS=F_d12;37600;INTARIAN_PEPPER_ROOT;10150;10;10148;19;;;10156;17;10158;14;;;10153.0;0.0
yf_ZS=F_d12;37700;ASH_COATED_OSMIUM;9946;17;9944;20;;;9952;5;9956;22;;;9949.0;0.0
yf_ZS=F_d12;37700;INTARIAN_PEPPER_ROOT;10147;16;10144;23;;;10159;21;10162;22;;;10153.0;0.0
yf_ZS=F_d12;37800;ASH_COATED_OSMIUM;9928;11;9925;11;;;9968;14;9971;23;;;9948.0;0.0
yf_ZS=F_d12;37800;INTARIAN_PEPPER_ROOT;10151;17;10148;21;;;10157;22;10161;19;;;10154.0;0.0
yf_ZS=F_d12;37900;ASH_COATED_OSMIUM;9946;22;9943;21;;;9952;11;9956;19;;;9949.0;0.0
yf_ZS=F_d12;37900;INTARIAN_PEPPER_ROOT;10137;5;10133;23;;;10172;15;10174;21;;;10154.5;0.0
yf_ZS=F_d12;38000;ASH_COATED_OSMIUM;9945;12;9941;16;;;9951;14;9954;22;;;9948.0;0.0
yf_ZS=F_d12;38000;INTARIAN_PEPPER_ROOT;10150;5;10146;22;;;10159;18;10162;19;;;10154.5;0.0
yf_ZS=F_d12;38100;ASH_COATED_OSMIUM;9946;10;9943;26;;;9952;13;9956;26;;;9949.0;0.0
yf_ZS=F_d12;38100;INTARIAN_PEPPER_ROOT;10152;20;10148;17;;;10158;21;10160;14;;;10155.0;0.0
yf_ZS=F_d12;38200;ASH_COATED_OSMIUM;9942;23;9940;25;;;9956;7;9958;23;;;9949.0;0.0
yf_ZS=F_d12;38200;INTARIAN_PEPPER_ROOT;10147;11;10144;16;;;10164;20;10166;16;;;10155.5;0.0
yf_ZS=F_d12;38300;ASH_COATED_OSMIUM;9945;15;9943;32;;;9952;7;9954;34;;;9948.5;0.0
yf_ZS=F_d12;38300;INTARIAN_PEPPER_ROOT;10152;11;10149;26;;;10159;19;10162;23;;;10155.5;0.0
yf_ZS=F_d12;38400;ASH_COATED_OSMIUM;9944;17;9941;17;;;9954;15;9956;14;;;9949.0;0.0
yf_ZS=F_d12;38400;INTARIAN_PEPPER_ROOT;10151;19;10149;17;;;10160;23;10162;15;;;10155.5;0.0
yf_ZS=F_d12;38500;ASH_COATED_OSMIUM;9928;16;9926;19;;;9970;18;9974;25;;;9949.0;0.0
yf_ZS=F_d12;38500;INTARIAN_PEPPER_ROOT;10153;21;10150;12;;;10159;16;10162;10;;;10156.0;0.0
yf_ZS=F_d12;38600;ASH_COATED_OSMIUM;9942;19;9939;14;;;9955;25;9958;11;;;9948.5;0.0
yf_ZS=F_d12;38600;INTARIAN_PEPPER_ROOT;10154;15;10150;22;;;10160;16;10163;21;;;10157.0;0.0
yf_ZS=F_d12;38700;ASH_COATED_OSMIUM;9943;19;9941;22;;;9955;18;9957;13;;;9949.0;0.0
yf_ZS=F_d12;38700;INTARIAN_PEPPER_ROOT;10154;18;10152;23;;;10160;11;10163;20;;;10157.0;0.0
yf_ZS=F_d12;38800;ASH_COATED_OSMIUM;9946;17;9943;13;;;9952;13;9955;22;;;9949.0;0.0
yf_ZS=F_d12;38800;INTARIAN_PEPPER_ROOT;10148;15;10145;29;;;10166;11;10170;25;;;10157.0;0.0
yf_ZS=F_d12;38900;ASH_COATED_OSMIUM;9946;14;9942;18;;;9952;10;9954;14;;;9949.0;0.0
yf_ZS=F_d12;38900;INTARIAN_PEPPER_ROOT;10155;9;10151;22;;;10161;15;10164;23;;;10158.0;0.0
yf_ZS=F_d12;39000;ASH_COATED_OSMIUM;9943;15;9940;14;;;9955;19;9958;22;;;9949.0;0.0
yf_ZS=F_d12;39000;INTARIAN_PEPPER_ROOT;10155;11;10153;14;;;10161;23;10165;13;;;10158.0;0.0
yf_ZS=F_d12;39100;ASH_COATED_OSMIUM;9947;10;9943;24;;;9953;14;9956;19;;;9950.0;0.0
yf_ZS=F_d12;39100;INTARIAN_PEPPER_ROOT;10156;11;10152;20;;;10162;15;10164;16;;;10159.0;0.0
yf_ZS=F_d12;39200;ASH_COATED_OSMIUM;9931;16;9927;15;;;9965;27;9968;21;;;9948.0;0.0
yf_ZS=F_d12;39200;INTARIAN_PEPPER_ROOT;10156;25;10153;13;;;10163;12;10165;20;;;10159.5;0.0
yf_ZS=F_d12;39300;ASH_COATED_OSMIUM;9946;9;9942;17;;;9952;10;9956;25;;;9949.0;0.0
yf_ZS=F_d12;39300;INTARIAN_PEPPER_ROOT;10156;15;10152;14;;;10162;20;10165;21;;;10159.0;0.0
yf_ZS=F_d12;39400;ASH_COATED_OSMIUM;9946;13;9944;21;;;9952;16;9954;15;;;9949.0;0.0
yf_ZS=F_d12;39400;INTARIAN_PEPPER_ROOT;10153;17;10151;16;;;10166;18;10170;19;;;10159.5;0.0
yf_ZS=F_d12;39500;ASH_COATED_OSMIUM;9944;16;9940;13;;;9954;16;9956;22;;;9949.0;0.0
yf_ZS=F_d12;39500;INTARIAN_PEPPER_ROOT;10157;11;10155;15;;;10163;12;10166;20;;;10160.0;0.0
yf_ZS=F_d12;39600;ASH_COATED_OSMIUM;9942;21;9940;21;;;9956;20;9958;29;;;9949.0;0.0
yf_ZS=F_d12;39600;INTARIAN_PEPPER_ROOT;10158;22;10156;16;;;10164;18;10166;22;;;10161.0;0.0
yf_ZS=F_d12;39700;ASH_COATED_OSMIUM;9946;9;9943;22;;;9952;11;9955;22;;;9949.0;0.0
yf_ZS=F_d12;39700;INTARIAN_PEPPER_ROOT;10158;9;10156;14;;;10164;7;10167;14;;;10161.0;0.0
yf_ZS=F_d12;39800;ASH_COATED_OSMIUM;9931;25;9929;23;;;9967;9;9969;30;;;9949.0;0.0
yf_ZS=F_d12;39800;INTARIAN_PEPPER_ROOT;10159;12;10157;21;;;10165;19;10167;14;;;10162.0;0.0
yf_ZS=F_d12;39900;ASH_COATED_OSMIUM;9945;12;9943;20;;;9953;21;9955;22;;;9949.0;0.0
yf_ZS=F_d12;39900;INTARIAN_PEPPER_ROOT;10155;24;10153;18;;;10167;8;10169;18;;;10161.0;0.0
yf_ZS=F_d12;40000;ASH_COATED_OSMIUM;9942;19;9939;25;;;9956;13;9960;19;;;9949.0;0.0
yf_ZS=F_d12;40000;INTARIAN_PEPPER_ROOT;10153;17;10151;14;;;10170;15;10174;26;;;10161.5;0.0
yf_ZS=F_d12;40100;ASH_COATED_OSMIUM;9946;11;9944;14;;;9952;27;9955;22;;;9949.0;0.0
yf_ZS=F_d12;40100;INTARIAN_PEPPER_ROOT;10159;12;10155;20;;;10165;17;10167;15;;;10162.0;0.0
yf_ZS=F_d12;40200;ASH_COATED_OSMIUM;9944;9;9940;17;;;9955;9;9958;23;;;9949.5;0.0
yf_ZS=F_d12;40200;INTARIAN_PEPPER_ROOT;10157;21;10154;16;;;10169;12;10171;27;;;10163.0;0.0
yf_ZS=F_d12;40300;ASH_COATED_OSMIUM;9946;15;9944;15;;;9952;12;9956;28;;;9949.0;0.0
yf_ZS=F_d12;40300;INTARIAN_PEPPER_ROOT;10160;14;10156;20;;;10166;17;10170;17;;;10163.0;0.0
yf_ZS=F_d12;40400;ASH_COATED_OSMIUM;9946;8;9943;17;;;9952;18;9954;16;;;9949.0;0.0
yf_ZS=F_d12;40400;INTARIAN_PEPPER_ROOT;10160;15;10157;20;;;10166;9;10170;24;;;10163.0;0.0
yf_ZS=F_d12;40500;ASH_COATED_OSMIUM;9943;15;9940;18;;;9956;20;9960;18;;;9949.5;0.0
yf_ZS=F_d12;40500;INTARIAN_PEPPER_ROOT;10159;13;10155;12;;;10169;22;10173;25;;;10164.0;0.0
yf_ZS=F_d12;40600;ASH_COATED_OSMIUM;9942;7;9939;25;;;9957;11;9961;23;;;9949.5;0.0
yf_ZS=F_d12;40600;INTARIAN_PEPPER_ROOT;10161;20;10158;18;;;10167;13;10169;23;;;10164.0;0.0
yf_ZS=F_d12;40700;ASH_COATED_OSMIUM;9947;17;9945;22;;;9953;17;9956;21;;;9950.0;0.0
yf_ZS=F_d12;40700;INTARIAN_PEPPER_ROOT;10162;21;10160;21;;;10168;21;10171;21;;;10165.0;0.0
yf_ZS=F_d12;40800;ASH_COATED_OSMIUM;9947;12;9944;9;;;9953;16;9955;25;;;9950.0;0.0
yf_ZS=F_d12;40800;INTARIAN_PEPPER_ROOT;10162;15;10160;16;;;10168;8;10171;15;;;10165.0;0.0
yf_ZS=F_d12;40900;ASH_COATED_OSMIUM;9946;7;9943;21;;;9952;15;9954;27;;;9949.0;0.0
yf_ZS=F_d12;40900;INTARIAN_PEPPER_ROOT;10162;14;10159;19;;;10168;13;10172;20;;;10165.0;0.0
yf_ZS=F_d12;41000;ASH_COATED_OSMIUM;9947;12;9944;28;;;9953;18;9955;18;;;9950.0;0.0
yf_ZS=F_d12;41000;INTARIAN_PEPPER_ROOT;10163;14;10161;16;;;10169;15;10173;17;;;10166.0;0.0
yf_ZS=F_d12;41100;ASH_COATED_OSMIUM;9947;16;9945;18;;;9953;15;9956;16;;;9950.0;0.0
yf_ZS=F_d12;41100;INTARIAN_PEPPER_ROOT;10163;11;10161;24;;;10169;16;10171;21;;;10166.0;0.0
yf_ZS=F_d12;41200;ASH_COATED_OSMIUM;9938;9;9934;19;;;9962;16;9965;21;;;9950.0;0.0
yf_ZS=F_d12;41200;INTARIAN_PEPPER_ROOT;10157;15;10154;12;;;10176;10;10178;18;;;10166.5;0.0
yf_ZS=F_d12;41300;ASH_COATED_OSMIUM;9947;19;9944;21;;;9953;14;9955;21;;;9950.0;0.0
yf_ZS=F_d12;41300;INTARIAN_PEPPER_ROOT;10163;19;10159;22;;;10170;11;10174;13;;;10166.5;0.0
yf_ZS=F_d12;41400;ASH_COATED_OSMIUM;9947;10;9943;16;;;9953;12;9955;25;;;9950.0;0.0
yf_ZS=F_d12;41400;INTARIAN_PEPPER_ROOT;10160;12;10158;24;;;10174;18;10177;25;;;10167.0;0.0
yf_ZS=F_d12;41500;ASH_COATED_OSMIUM;9947;5;9944;24;;;9953;11;9955;21;;;9950.0;0.0
yf_ZS=F_d12;41500;INTARIAN_PEPPER_ROOT;10163;20;10160;25;;;10171;18;10174;21;;;10167.0;0.0
yf_ZS=F_d12;41600;ASH_COATED_OSMIUM;9947;18;9945;18;;;9953;12;9956;22;;;9950.0;0.0
yf_ZS=F_d12;41600;INTARIAN_PEPPER_ROOT;10165;11;10162;21;;;10171;17;10173;17;;;10168.0;0.0
yf_ZS=F_d12;41700;ASH_COATED_OSMIUM;9947;15;9945;22;;;9954;17;9957;17;;;9950.5;0.0
yf_ZS=F_d12;41700;INTARIAN_PEPPER_ROOT;10165;18;10162;31;;;10171;19;10175;23;;;10168.0;0.0
yf_ZS=F_d12;41800;ASH_COATED_OSMIUM;9947;14;9945;19;;;9953;18;9957;24;;;9950.0;0.0
yf_ZS=F_d12;41800;INTARIAN_PEPPER_ROOT;10166;12;10164;13;;;10172;12;10176;21;;;10169.0;0.0
yf_ZS=F_d12;41900;ASH_COATED_OSMIUM;9941;16;9939;20;;;9959;17;9961;26;;;9950.0;0.0
yf_ZS=F_d12;41900;INTARIAN_PEPPER_ROOT;10167;14;10164;18;;;10173;9;10177;16;;;10170.0;0.0
yf_ZS=F_d12;42000;ASH_COATED_OSMIUM;9943;14;9939;8;;;9958;15;9962;19;;;9950.5;0.0
yf_ZS=F_d12;42000;INTARIAN_PEPPER_ROOT;10166;16;10162;19;;;10172;11;10176;17;;;10169.0;0.0
yf_ZS=F_d12;42100;ASH_COATED_OSMIUM;9947;8;9944;32;;;9953;6;9955;22;;;9950.0;0.0
yf_ZS=F_d12;42100;INTARIAN_PEPPER_ROOT;10163;14;10161;20;;;10177;24;10179;21;;;10170.0;0.0
yf_ZS=F_d12;42200;ASH_COATED_OSMIUM;9943;23;9939;19;;;9956;13;9959;22;;;9949.5;0.0
yf_ZS=F_d12;42200;INTARIAN_PEPPER_ROOT;10167;18;10165;15;;;10173;9;10177;19;;;10170.0;0.0
yf_ZS=F_d12;42300;ASH_COATED_OSMIUM;9947;19;9944;11;;;9953;19;9956;18;;;9950.0;0.0
yf_ZS=F_d12;42300;INTARIAN_PEPPER_ROOT;10167;19;10163;24;;;10173;14;10175;18;;;10170.0;0.0
yf_ZS=F_d12;42400;ASH_COATED_OSMIUM;9946;6;9944;17;;;9954;16;9958;14;;;9950.0;0.0
yf_ZS=F_d12;42400;INTARIAN_PEPPER_ROOT;10166;15;10162;22;;;10176;16;10178;27;;;10171.0;0.0
yf_ZS=F_d12;42500;ASH_COATED_OSMIUM;9947;13;9945;21;;;9953;16;9956;17;;;9950.0;0.0
yf_ZS=F_d12;42500;INTARIAN_PEPPER_ROOT;10168;5;10166;12;;;10174;11;10177;20;;;10171.0;0.0
yf_ZS=F_d12;42600;ASH_COATED_OSMIUM;9945;11;9943;20;;;9955;14;9957;17;;;9950.0;0.0
yf_ZS=F_d12;42600;INTARIAN_PEPPER_ROOT;10167;18;10164;24;;;10175;12;10178;19;;;10171.0;0.0
yf_ZS=F_d12;42700;ASH_COATED_OSMIUM;9939;10;9935;10;;;9963;11;9967;18;;;9951.0;0.0
yf_ZS=F_d12;42700;INTARIAN_PEPPER_ROOT;10169;16;10167;31;;;10175;19;10179;12;;;10172.0;0.0
yf_ZS=F_d12;42800;ASH_COATED_OSMIUM;9948;5;9945;24;;;9954;9;9956;9;;;9951.0;0.0
yf_ZS=F_d12;42800;INTARIAN_PEPPER_ROOT;10170;14;10166;20;;;10176;27;10179;13;;;10173.0;0.0
yf_ZS=F_d12;42900;ASH_COATED_OSMIUM;9947;23;9944;20;;;9953;24;9955;16;;;9950.0;0.0
yf_ZS=F_d12;42900;INTARIAN_PEPPER_ROOT;10166;7;10163;22;;;10179;25;10181;17;;;10172.5;0.0
yf_ZS=F_d12;43000;ASH_COATED_OSMIUM;9947;10;9945;28;;;9955;14;9959;17;;;9951.0;0.0
yf_ZS=F_d12;43000;INTARIAN_PEPPER_ROOT;10169;14;10166;25;;;10175;9;10177;27;;;10172.0;0.0
yf_ZS=F_d12;43100;ASH_COATED_OSMIUM;9948;18;9945;21;;;9954;10;9956;18;;;9951.0;0.0
yf_ZS=F_d12;43100;INTARIAN_PEPPER_ROOT;10168;16;10165;25;;;10177;13;10181;17;;;10172.5;0.0
yf_ZS=F_d12;43200;ASH_COATED_OSMIUM;9948;16;9945;12;;;9954;15;9958;20;;;9951.0;0.0
yf_ZS=F_d12;43200;INTARIAN_PEPPER_ROOT;10171;16;10167;25;;;10177;15;10179;16;;;10174.0;0.0
yf_ZS=F_d12;43300;ASH_COATED_OSMIUM;9948;5;9946;21;;;9954;13;9958;21;;;9951.0;0.0
yf_ZS=F_d12;43300;INTARIAN_PEPPER_ROOT;10161;5;10157;20;;;10187;15;10189;20;;;10174.0;0.0
yf_ZS=F_d12;43400;ASH_COATED_OSMIUM;9948;6;9946;17;;;9954;22;9957;16;;;9951.0;0.0
yf_ZS=F_d12;43400;INTARIAN_PEPPER_ROOT;10168;18;10164;21;;;10181;12;10185;23;;;10174.5;0.0
yf_ZS=F_d12;43500;ASH_COATED_OSMIUM;9948;20;9944;16;;;9954;14;9956;9;;;9951.0;0.0
yf_ZS=F_d12;43500;INTARIAN_PEPPER_ROOT;10163;12;10159;22;;;10186;5;10190;19;;;10174.5;0.0
yf_ZS=F_d12;43600;ASH_COATED_OSMIUM;9945;22;9943;18;;;9958;12;9962;20;;;9951.5;0.0
yf_ZS=F_d12;43600;INTARIAN_PEPPER_ROOT;10171;7;10169;15;;;10179;12;10181;29;;;10175.0;0.0
yf_ZS=F_d12;43700;ASH_COATED_OSMIUM;9948;20;9944;13;;;9954;13;9956;21;;;9951.0;0.0
yf_ZS=F_d12;43700;INTARIAN_PEPPER_ROOT;10172;14;10168;17;;;10178;16;10181;24;;;10175.0;0.0
yf_ZS=F_d12;43800;ASH_COATED_OSMIUM;9949;22;9945;17;;;9955;5;9959;24;;;9952.0;0.0
yf_ZS=F_d12;43800;INTARIAN_PEPPER_ROOT;10173;23;10170;17;;;10179;12;10183;10;;;10176.0;0.0
yf_ZS=F_d12;43900;ASH_COATED_OSMIUM;9947;15;9945;24;;;9955;9;9957;23;;;9951.0;0.0
yf_ZS=F_d12;43900;INTARIAN_PEPPER_ROOT;10174;16;10172;23;;;10180;8;10184;22;;;10177.0;0.0
yf_ZS=F_d12;44000;ASH_COATED_OSMIUM;9943;12;9941;18;;;9959;14;9963;16;;;9951.0;0.0
yf_ZS=F_d12;44000;INTARIAN_PEPPER_ROOT;10173;17;10169;16;;;10179;6;10183;12;;;10176.0;0.0
yf_ZS=F_d12;44100;ASH_COATED_OSMIUM;9948;20;9945;8;;;9954;13;9956;30;;;9951.0;0.0
yf_ZS=F_d12;44100;INTARIAN_PEPPER_ROOT;10174;12;10172;18;;;10180;20;10184;21;;;10177.0;0.0
yf_ZS=F_d12;44200;ASH_COATED_OSMIUM;9936;13;9934;18;;;9967;7;9971;16;;;9951.5;0.0
yf_ZS=F_d12;44200;INTARIAN_PEPPER_ROOT;10169;14;10167;29;;;10186;16;10190;17;;;10177.5;0.0
yf_ZS=F_d12;44300;ASH_COATED_OSMIUM;9948;15;9945;11;;;9954;9;9956;20;;;9951.0;0.0
yf_ZS=F_d12;44300;INTARIAN_PEPPER_ROOT;10175;11;10173;16;;;10181;5;10185;26;;;10178.0;0.0
yf_ZS=F_d12;44400;ASH_COATED_OSMIUM;9939;16;9936;8;;;9964;16;9967;15;;;9951.5;0.0
yf_ZS=F_d12;44400;INTARIAN_PEPPER_ROOT;10172;21;10169;22;;;10185;5;10187;11;;;10178.5;0.0
yf_ZS=F_d12;44500;ASH_COATED_OSMIUM;9949;14;9945;21;;;9955;8;9958;24;;;9952.0;0.0
yf_ZS=F_d12;44500;INTARIAN_PEPPER_ROOT;10175;14;10173;17;;;10182;14;10186;19;;;10178.5;0.0
yf_ZS=F_d12;44600;ASH_COATED_OSMIUM;9948;12;9946;15;;;9954;8;9957;19;;;9951.0;0.0
yf_ZS=F_d12;44600;INTARIAN_PEPPER_ROOT;10168;19;10164;21;;;10189;20;10192;24;;;10178.5;0.0
yf_ZS=F_d12;44700;ASH_COATED_OSMIUM;9948;8;9946;22;;;9954;10;9958;17;;;9951.0;0.0
yf_ZS=F_d12;44700;INTARIAN_PEPPER_ROOT;10176;16;10174;14;;;10183;16;10187;13;;;10179.5;0.0
yf_ZS=F_d12;44800;ASH_COATED_OSMIUM;9948;23;9946;17;;;9954;7;9958;27;;;9951.0;0.0
yf_ZS=F_d12;44800;INTARIAN_PEPPER_ROOT;10176;13;10172;19;;;10182;14;10185;8;;;10179.0;0.0
yf_ZS=F_d12;44900;ASH_COATED_OSMIUM;9948;18;9944;15;;;9954;19;9956;26;;;9951.0;0.0
yf_ZS=F_d12;44900;INTARIAN_PEPPER_ROOT;10177;15;10174;23;;;10183;18;10186;15;;;10180.0;0.0
yf_ZS=F_d12;45000;ASH_COATED_OSMIUM;9948;10;9946;19;;;9954;15;9957;19;;;9951.0;0.0
yf_ZS=F_d12;45000;INTARIAN_PEPPER_ROOT;10177;12;10174;23;;;10183;17;10185;16;;;10180.0;0.0
yf_ZS=F_d12;45100;ASH_COATED_OSMIUM;9949;17;9945;14;;;9955;16;9958;21;;;9952.0;0.0
yf_ZS=F_d12;45100;INTARIAN_PEPPER_ROOT;10159;21;10157;11;;;10202;14;10205;21;;;10180.5;0.0
yf_ZS=F_d12;45200;ASH_COATED_OSMIUM;9948;16;9946;17;;;9956;12;9960;23;;;9952.0;0.0
yf_ZS=F_d12;45200;INTARIAN_PEPPER_ROOT;10178;14;10174;13;;;10184;10;10187;21;;;10181.0;0.0
yf_ZS=F_d12;45300;ASH_COATED_OSMIUM;9949;14;9945;16;;;9955;12;9959;20;;;9952.0;0.0
yf_ZS=F_d12;45300;INTARIAN_PEPPER_ROOT;10179;12;10177;8;;;10185;18;10187;24;;;10182.0;0.0
yf_ZS=F_d12;45400;ASH_COATED_OSMIUM;9946;24;9943;17;;;9958;20;9961;15;;;9952.0;0.0
yf_ZS=F_d12;45400;INTARIAN_PEPPER_ROOT;10173;8;10171;10;;;10188;13;10190;22;;;10180.5;0.0
yf_ZS=F_d12;45500;ASH_COATED_OSMIUM;9946;16;9943;12;;;9957;7;9960;17;;;9951.5;0.0
yf_ZS=F_d12;45500;INTARIAN_PEPPER_ROOT;10170;20;10168;24;;;10194;18;10198;8;;;10182.0;0.0
yf_ZS=F_d12;45600;ASH_COATED_OSMIUM;9949;21;9946;22;;;9955;13;9957;28;;;9952.0;0.0
yf_ZS=F_d12;45600;INTARIAN_PEPPER_ROOT;10179;14;10175;25;;;10186;21;10188;17;;;10182.5;0.0
yf_ZS=F_d12;45700;ASH_COATED_OSMIUM;9948;17;9946;21;;;9954;16;9956;22;;;9951.0;0.0
yf_ZS=F_d12;45700;INTARIAN_PEPPER_ROOT;10180;9;10177;23;;;10186;16;10189;18;;;10183.0;0.0
yf_ZS=F_d12;45800;ASH_COATED_OSMIUM;9949;11;9945;15;;;9955;8;9957;13;;;9952.0;0.0
yf_ZS=F_d12;45800;INTARIAN_PEPPER_ROOT;10180;5;10178;24;;;10186;14;10190;21;;;10183.0;0.0
yf_ZS=F_d12;45900;ASH_COATED_OSMIUM;9948;10;9945;18;;;9954;20;9957;24;;;9951.0;0.0
yf_ZS=F_d12;45900;INTARIAN_PEPPER_ROOT;10181;9;10178;23;;;10187;12;10191;14;;;10184.0;0.0
yf_ZS=F_d12;46000;ASH_COATED_OSMIUM;9947;5;9943;17;;;9958;19;9962;15;;;9952.5;0.0
yf_ZS=F_d12;46000;INTARIAN_PEPPER_ROOT;10180;14;10178;24;;;10187;9;10191;22;;;10183.5;0.0
yf_ZS=F_d12;46100;ASH_COATED_OSMIUM;9949;18;9945;19;;;9955;16;9957;19;;;9952.0;0.0
yf_ZS=F_d12;46100;INTARIAN_PEPPER_ROOT;10180;15;10178;29;;;10188;10;10190;14;;;10184.0;0.0
yf_ZS=F_d12;46200;ASH_COATED_OSMIUM;9949;18;9946;14;;;9955;17;9959;19;;;9952.0;0.0
yf_ZS=F_d12;46200;INTARIAN_PEPPER_ROOT;10182;18;10178;14;;;10188;14;10191;10;;;10185.0;0.0
yf_ZS=F_d12;46300;ASH_COATED_OSMIUM;9949;12;9947;19;;;9955;14;9959;23;;;9952.0;0.0
yf_ZS=F_d12;46300;INTARIAN_PEPPER_ROOT;10182;22;10179;22;;;10189;9;10193;15;;;10185.5;0.0
yf_ZS=F_d12;46400;ASH_COATED_OSMIUM;9949;20;9947;18;;;9955;29;9959;18;;;9952.0;0.0
yf_ZS=F_d12;46400;INTARIAN_PEPPER_ROOT;10183;9;10181;16;;;10189;20;10193;19;;;10186.0;0.0
yf_ZS=F_d12;46500;ASH_COATED_OSMIUM;9942;13;9940;9;;;9961;17;9964;8;;;9951.5;0.0
yf_ZS=F_d12;46500;INTARIAN_PEPPER_ROOT;10176;9;10173;13;;;10195;12;10199;14;;;10185.5;0.0
yf_ZS=F_d12;46600;ASH_COATED_OSMIUM;9949;19;9945;10;;;9955;14;9958;27;;;9952.0;0.0
yf_ZS=F_d12;46600;INTARIAN_PEPPER_ROOT;10183;19;10181;22;;;10189;16;10193;18;;;10186.0;0.0
yf_ZS=F_d12;46700;ASH_COATED_OSMIUM;9949;23;9946;10;;;9955;19;9957;17;;;9952.0;0.0
yf_ZS=F_d12;46700;INTARIAN_PEPPER_ROOT;10184;17;10181;14;;;10190;12;10194;25;;;10187.0;0.0
yf_ZS=F_d12;46800;ASH_COATED_OSMIUM;9949;22;9945;27;;;9955;20;9957;21;;;9952.0;0.0
yf_ZS=F_d12;46800;INTARIAN_PEPPER_ROOT;10184;11;10181;22;;;10190;10;10192;22;;;10187.0;0.0
yf_ZS=F_d12;46900;ASH_COATED_OSMIUM;9949;18;9945;20;;;9955;12;9959;17;;;9952.0;0.0
yf_ZS=F_d12;46900;INTARIAN_PEPPER_ROOT;10185;8;10182;13;;;10191;7;10195;24;;;10188.0;0.0
yf_ZS=F_d12;47000;ASH_COATED_OSMIUM;9940;7;9937;26;;;9964;18;9966;18;;;9952.0;0.0
yf_ZS=F_d12;47000;INTARIAN_PEPPER_ROOT;10184;21;10180;20;;;10190;8;10192;11;;;10187.0;0.0
yf_ZS=F_d12;47100;ASH_COATED_OSMIUM;9950;17;9946;24;;;9956;19;9960;14;;;9953.0;0.0
yf_ZS=F_d12;47100;INTARIAN_PEPPER_ROOT;10185;7;10181;18;;;10191;14;10195;22;;;10188.0;0.0
yf_ZS=F_d12;47200;ASH_COATED_OSMIUM;9947;15;9945;26;;;9957;18;9960;20;;;9952.0;0.0
yf_ZS=F_d12;47200;INTARIAN_PEPPER_ROOT;10186;16;10183;24;;;10192;14;10196;16;;;10189.0;0.0
yf_ZS=F_d12;47300;ASH_COATED_OSMIUM;9949;12;9947;25;;;9955;6;9957;11;;;9952.0;0.0
yf_ZS=F_d12;47300;INTARIAN_PEPPER_ROOT;10186;23;10183;16;;;10192;13;10195;20;;;10189.0;0.0
yf_ZS=F_d12;47400;ASH_COATED_OSMIUM;9949;22;9945;19;;;9955;11;9958;26;;;9952.0;0.0
yf_ZS=F_d12;47400;INTARIAN_PEPPER_ROOT;10186;8;10184;22;;;10192;16;10195;21;;;10189.0;0.0
yf_ZS=F_d12;47500;ASH_COATED_OSMIUM;9949;16;9945;8;;;9955;7;9957;20;;;9952.0;0.0
yf_ZS=F_d12;47500;INTARIAN_PEPPER_ROOT;10186;16;10183;20;;;10193;10;10196;25;;;10189.5;0.0
yf_ZS=F_d12;47600;ASH_COATED_OSMIUM;9947;23;9945;24;;;9959;10;9961;22;;;9953.0;0.0
yf_ZS=F_d12;47600;INTARIAN_PEPPER_ROOT;10187;18;10183;22;;;10193;10;10196;13;;;10190.0;0.0
yf_ZS=F_d12;47700;ASH_COATED_OSMIUM;9949;11;9945;15;;;9955;9;9959;21;;;9952.0;0.0
yf_ZS=F_d12;47700;INTARIAN_PEPPER_ROOT;10182;14;10180;17;;;10197;12;10201;12;;;10189.5;0.0
yf_ZS=F_d12;47800;ASH_COATED_OSMIUM;9950;14;9946;16;;;9956;13;9958;18;;;9953.0;0.0
yf_ZS=F_d12;47800;INTARIAN_PEPPER_ROOT;10185;20;10181;24;;;10198;8;10201;18;;;10191.5;0.0
yf_ZS=F_d12;47900;ASH_COATED_OSMIUM;9944;11;9940;29;;;9962;13;9966;15;;;9953.0;0.0
yf_ZS=F_d12;47900;INTARIAN_PEPPER_ROOT;10185;22;10182;20;;;10198;5;10200;18;;;10191.5;0.0
yf_ZS=F_d12;48000;ASH_COATED_OSMIUM;9950;5;9947;24;;;9956;17;9959;16;;;9953.0;0.0
yf_ZS=F_d12;48000;INTARIAN_PEPPER_ROOT;10184;13;10180;25;;;10198;15;10200;17;;;10191.0;0.0
yf_ZS=F_d12;48100;ASH_COATED_OSMIUM;9950;11;9948;14;;;9957;14;9960;20;;;9953.5;0.0
yf_ZS=F_d12;48100;INTARIAN_PEPPER_ROOT;10189;14;10185;16;;;10195;13;10197;10;;;10192.0;0.0
yf_ZS=F_d12;48200;ASH_COATED_OSMIUM;9941;12;9939;11;;;9964;14;9968;26;;;9952.5;0.0
yf_ZS=F_d12;48200;INTARIAN_PEPPER_ROOT;10189;17;10186;16;;;10195;21;10198;27;;;10192.0;0.0
yf_ZS=F_d12;48300;ASH_COATED_OSMIUM;9945;20;9943;18;;;9960;8;9964;18;;;9952.5;0.0
yf_ZS=F_d12;48300;INTARIAN_PEPPER_ROOT;10190;15;10187;18;;;10196;13;10199;24;;;10193.0;0.0
yf_ZS=F_d12;48400;ASH_COATED_OSMIUM;9950;12;9947;19;;;9956;27;9959;15;;;9953.0;0.0
yf_ZS=F_d12;48400;INTARIAN_PEPPER_ROOT;10190;14;10186;18;;;10196;8;10199;19;;;10193.0;0.0
yf_ZS=F_d12;48500;ASH_COATED_OSMIUM;9950;14;9948;26;;;9956;9;9958;30;;;9953.0;0.0
yf_ZS=F_d12;48500;INTARIAN_PEPPER_ROOT;10190;19;10188;29;;;10196;14;10199;16;;;10193.0;0.0
yf_ZS=F_d12;48600;ASH_COATED_OSMIUM;9929;5;9926;20;;;9977;21;9979;21;;;9953.0;0.0
yf_ZS=F_d12;48600;INTARIAN_PEPPER_ROOT;10191;14;10188;17;;;10197;20;10199;20;;;10194.0;0.0
yf_ZS=F_d12;48700;ASH_COATED_OSMIUM;9946;17;9944;24;;;9959;9;9961;18;;;9952.5;0.0
yf_ZS=F_d12;48700;INTARIAN_PEPPER_ROOT;10186;12;10184;17;;;10202;19;10205;18;;;10194.0;0.0
yf_ZS=F_d12;48800;ASH_COATED_OSMIUM;9950;12;9947;19;;;9956;12;9959;20;;;9953.0;0.0
yf_ZS=F_d12;48800;INTARIAN_PEPPER_ROOT;10192;16;10188;24;;;10198;12;10200;22;;;10195.0;0.0
yf_ZS=F_d12;48900;ASH_COATED_OSMIUM;9950;16;9948;23;;;9956;19;9959;25;;;9953.0;0.0
yf_ZS=F_d12;48900;INTARIAN_PEPPER_ROOT;10192;7;10188;20;;;10198;5;10200;23;;;10195.0;0.0
yf_ZS=F_d12;49000;ASH_COATED_OSMIUM;9948;15;9946;20;;;9957;16;9960;22;;;9952.5;0.0
yf_ZS=F_d12;49000;INTARIAN_PEPPER_ROOT;10192;16;10188;17;;;10198;13;10201;18;;;10195.0;0.0
yf_ZS=F_d12;49100;ASH_COATED_OSMIUM;9951;17;9947;19;;;9957;19;9959;17;;;9954.0;0.0
yf_ZS=F_d12;49100;INTARIAN_PEPPER_ROOT;10193;16;10191;18;;;10199;19;10203;16;;;10196.0;0.0
yf_ZS=F_d12;49200;ASH_COATED_OSMIUM;9946;12;9943;14;;;9961;15;9964;14;;;9953.5;0.0
yf_ZS=F_d12;49200;INTARIAN_PEPPER_ROOT;10193;19;10191;19;;;10199;11;10202;11;;;10196.0;0.0
yf_ZS=F_d12;49300;ASH_COATED_OSMIUM;9949;12;9946;14;;;9957;19;9959;16;;;9953.0;0.0
yf_ZS=F_d12;49300;INTARIAN_PEPPER_ROOT;10189;18;10185;21;;;10201;9;10203;21;;;10195.0;0.0
yf_ZS=F_d12;49400;ASH_COATED_OSMIUM;9951;13;9949;22;;;9957;5;9960;26;;;9954.0;0.0
yf_ZS=F_d12;49400;INTARIAN_PEPPER_ROOT;10193;19;10191;30;;;10199;15;10203;15;;;10196.0;0.0
yf_ZS=F_d12;49500;ASH_COATED_OSMIUM;9946;14;9942;24;;;9960;21;9964;32;;;9953.0;0.0
yf_ZS=F_d12;49500;INTARIAN_PEPPER_ROOT;10191;13;10189;17;;;10202;12;10205;23;;;10196.5;0.0
yf_ZS=F_d12;49600;ASH_COATED_OSMIUM;9949;12;9947;23;;;9958;20;9960;28;;;9953.5;0.0
yf_ZS=F_d12;49600;INTARIAN_PEPPER_ROOT;10188;21;10186;19;;;10206;18;10210;20;;;10197.0;0.0
yf_ZS=F_d12;49700;ASH_COATED_OSMIUM;9949;22;9947;27;;;9957;8;9960;13;;;9953.0;0.0
yf_ZS=F_d12;49700;INTARIAN_PEPPER_ROOT;10195;12;10193;23;;;10201;9;10204;9;;;10198.0;0.0
yf_ZS=F_d12;49800;ASH_COATED_OSMIUM;9950;19;9948;23;;;9956;13;9960;17;;;9953.0;0.0
yf_ZS=F_d12;49800;INTARIAN_PEPPER_ROOT;10195;18;10191;23;;;10201;20;10203;15;;;10198.0;0.0
yf_ZS=F_d12;49900;ASH_COATED_OSMIUM;9950;13;9947;22;;;9956;16;9960;21;;;9953.0;0.0
yf_ZS=F_d12;49900;INTARIAN_PEPPER_ROOT;10195;14;10192;21;;;10201;12;10203;8;;;10198.0;0.0
yf_ZS=F_d12;50000;ASH_COATED_OSMIUM;9951;21;9949;10;;;9957;15;9959;32;;;9954.0;0.0
yf_ZS=F_d12;50000;INTARIAN_PEPPER_ROOT;10196;7;10193;13;;;10202;13;10205;16;;;10199.0;0.0
yf_ZS=F_d12;50100;ASH_COATED_OSMIUM;9947;11;9945;22;;;9960;8;9964;23;;;9953.5;0.0
yf_ZS=F_d12;50100;INTARIAN_PEPPER_ROOT;10196;13;10192;20;;;10202;14;10204;21;;;10199.0;0.0
yf_ZS=F_d12;50200;ASH_COATED_OSMIUM;9948;22;9945;19;;;9959;9;9962;19;;;9953.5;0.0
yf_ZS=F_d12;50200;INTARIAN_PEPPER_ROOT;10197;17;10194;18;;;10203;13;10207;13;;;10200.0;0.0
yf_ZS=F_d12;50300;ASH_COATED_OSMIUM;9951;16;9949;24;;;9957;27;9961;25;;;9954.0;0.0
yf_ZS=F_d12;50300;INTARIAN_PEPPER_ROOT;10192;16;10188;21;;;10208;14;10212;21;;;10200.0;0.0
yf_ZS=F_d12;50400;ASH_COATED_OSMIUM;9949;21;9945;25;;;9959;18;9961;20;;;9954.0;0.0
yf_ZS=F_d12;50400;INTARIAN_PEPPER_ROOT;10196;16;10194;24;;;10204;5;10208;26;;;10200.0;0.0
yf_ZS=F_d12;50500;ASH_COATED_OSMIUM;9950;7;9948;18;;;9959;14;9962;20;;;9954.5;0.0
yf_ZS=F_d12;50500;INTARIAN_PEPPER_ROOT;10197;12;10193;22;;;10203;13;10207;12;;;10200.0;0.0
yf_ZS=F_d12;50600;ASH_COATED_OSMIUM;9951;9;9947;22;;;9957;23;9961;15;;;9954.0;0.0
yf_ZS=F_d12;50600;INTARIAN_PEPPER_ROOT;10197;19;10194;23;;;10205;19;10209;20;;;10201.0;0.0
yf_ZS=F_d12;50700;ASH_COATED_OSMIUM;9951;12;9949;8;;;9957;23;9960;11;;;9954.0;0.0
yf_ZS=F_d12;50700;INTARIAN_PEPPER_ROOT;10198;25;10195;15;;;10204;17;10206;22;;;10201.0;0.0
yf_ZS=F_d12;50800;ASH_COATED_OSMIUM;9951;17;9947;10;;;9957;18;9961;21;;;9954.0;0.0
yf_ZS=F_d12;50800;INTARIAN_PEPPER_ROOT;10199;11;10196;27;;;10205;15;10208;12;;;10202.0;0.0
yf_ZS=F_d12;50900;ASH_COATED_OSMIUM;9941;18;9938;25;;;9968;16;9972;18;;;9954.5;0.0
yf_ZS=F_d12;50900;INTARIAN_PEPPER_ROOT;10199;5;10195;13;;;10205;6;10208;19;;;10202.0;0.0
yf_ZS=F_d12;51000;ASH_COATED_OSMIUM;9950;15;9948;14;;;9956;9;9959;18;;;9953.0;0.0
yf_ZS=F_d12;51000;INTARIAN_PEPPER_ROOT;10196;12;10192;20;;;10209;5;10212;18;;;10202.5;0.0
yf_ZS=F_d12;51100;ASH_COATED_OSMIUM;9951;14;9948;20;;;9957;18;9959;20;;;9954.0;0.0
yf_ZS=F_d12;51100;INTARIAN_PEPPER_ROOT;10195;23;10191;24;;;10211;16;10215;25;;;10203.0;0.0
yf_ZS=F_d12;51200;ASH_COATED_OSMIUM;9951;19;9949;23;;;9957;13;9961;17;;;9954.0;0.0
yf_ZS=F_d12;51200;INTARIAN_PEPPER_ROOT;10199;19;10196;30;;;10205;7;10207;17;;;10202.0;0.0
yf_ZS=F_d12;51300;ASH_COATED_OSMIUM;9951;10;9948;17;;;9957;18;9960;24;;;9954.0;0.0
yf_ZS=F_d12;51300;INTARIAN_PEPPER_ROOT;10199;20;10196;21;;;10205;9;10207;12;;;10202.0;0.0
yf_ZS=F_d12;51400;ASH_COATED_OSMIUM;9947;7;9944;31;;;9960;6;9962;31;;;9953.5;0.0
yf_ZS=F_d12;51400;INTARIAN_PEPPER_ROOT;10191;16;10188;23;;;10214;17;10218;17;;;10202.5;0.0
yf_ZS=F_d12;51500;ASH_COATED_OSMIUM;9951;16;9948;24;;;9957;23;9961;11;;;9954.0;0.0
yf_ZS=F_d12;51500;INTARIAN_PEPPER_ROOT;10201;21;10199;8;;;10207;17;10211;15;;;10204.0;0.0
yf_ZS=F_d12;51600;ASH_COATED_OSMIUM;9950;10;9947;24;;;9958;15;9961;18;;;9954.0;0.0
yf_ZS=F_d12;51600;INTARIAN_PEPPER_ROOT;10197;20;10194;13;;;10208;16;10211;15;;;10202.5;0.0
yf_ZS=F_d12;51700;ASH_COATED_OSMIUM;9949;6;9946;23;;;9959;7;9963;17;;;9954.0;0.0
yf_ZS=F_d12;51700;INTARIAN_PEPPER_ROOT;10200;21;10197;18;;;10206;21;10209;10;;;10203.0;0.0
yf_ZS=F_d12;51800;ASH_COATED_OSMIUM;9951;17;9947;22;;;9957;10;9959;19;;;9954.0;0.0
yf_ZS=F_d12;51800;INTARIAN_PEPPER_ROOT;10201;21;10197;25;;;10207;12;10211;21;;;10204.0;0.0
yf_ZS=F_d12;51900;ASH_COATED_OSMIUM;9948;15;9946;28;;;9958;10;9962;20;;;9953.0;0.0
yf_ZS=F_d12;51900;INTARIAN_PEPPER_ROOT;10201;14;10199;11;;;10207;6;10210;12;;;10204.0;0.0
yf_ZS=F_d12;52000;ASH_COATED_OSMIUM;9947;12;9943;18;;;9960;25;9964;24;;;9953.5;0.0
yf_ZS=F_d12;52000;INTARIAN_PEPPER_ROOT;10201;12;10197;14;;;10207;12;10211;25;;;10204.0;0.0
yf_ZS=F_d12;52100;ASH_COATED_OSMIUM;9950;12;9947;13;;;9957;20;9959;16;;;9953.5;0.0
yf_ZS=F_d12;52100;INTARIAN_PEPPER_ROOT;10196;17;10192;19;;;10213;10;10216;9;;;10204.5;0.0
yf_ZS=F_d12;52200;ASH_COATED_OSMIUM;9949;21;9947;24;;;9959;5;9962;21;;;9954.0;0.0
yf_ZS=F_d12;52200;INTARIAN_PEPPER_ROOT;10201;18;10199;31;;;10207;8;10211;20;;;10204.0;0.0
yf_ZS=F_d12;52300;ASH_COATED_OSMIUM;9950;19;9948;13;;;9956;18;9959;22;;;9953.0;0.0
yf_ZS=F_d12;52300;INTARIAN_PEPPER_ROOT;10201;14;10198;21;;;10207;9;10210;12;;;10204.0;0.0
yf_ZS=F_d12;52400;ASH_COATED_OSMIUM;9951;13;9947;11;;;9957;11;9961;21;;;9954.0;0.0
yf_ZS=F_d12;52400;INTARIAN_PEPPER_ROOT;10201;14;10198;21;;;10207;17;10210;8;;;10204.0;0.0
yf_ZS=F_d12;52500;ASH_COATED_OSMIUM;9949;18;9945;15;;;9959;24;9962;20;;;9954.0;0.0
yf_ZS=F_d12;52500;INTARIAN_PEPPER_ROOT;10193;23;10189;21;;;10215;14;10217;21;;;10204.0;0.0
yf_ZS=F_d12;52600;ASH_COATED_OSMIUM;9943;11;9941;22;;;9964;16;9968;22;;;9953.5;0.0
yf_ZS=F_d12;52600;INTARIAN_PEPPER_ROOT;10197;13;10193;18;;;10215;16;10219;19;;;10206.0;0.0
yf_ZS=F_d12;52700;ASH_COATED_OSMIUM;9948;5;9946;13;;;9958;20;9960;15;;;9953.0;0.0
yf_ZS=F_d12;52700;INTARIAN_PEPPER_ROOT;10202;18;10198;17;;;10208;17;10211;15;;;10205.0;0.0
yf_ZS=F_d12;52800;ASH_COATED_OSMIUM;9949;17;9946;15;;;9958;10;9961;22;;;9953.5;0.0
yf_ZS=F_d12;52800;INTARIAN_PEPPER_ROOT;10200;16;10197;31;;;10210;25;10212;14;;;10205.0;0.0
yf_ZS=F_d12;52900;ASH_COATED_OSMIUM;9945;15;9941;24;;;9962;14;9965;19;;;9953.5;0.0
yf_ZS=F_d12;52900;INTARIAN_PEPPER_ROOT;10201;7;10198;24;;;10207;12;10210;23;;;10204.0;0.0
yf_ZS=F_d12;53000;ASH_COATED_OSMIUM;9949;10;9947;26;;;9958;17;9962;15;;;9953.5;0.0
yf_ZS=F_d12;53000;INTARIAN_PEPPER_ROOT;10202;7;10199;24;;;10208;14;10211;18;;;10205.0;0.0
yf_ZS=F_d12;53100;ASH_COATED_OSMIUM;9950;20;9948;20;;;9956;20;9959;24;;;9953.0;0.0
yf_ZS=F_d12;53100;INTARIAN_PEPPER_ROOT;10203;16;10199;18;;;10209;13;10211;19;;;10206.0;0.0
yf_ZS=F_d12;53200;ASH_COATED_OSMIUM;9951;13;9948;27;;;9957;7;9961;21;;;9954.0;0.0
yf_ZS=F_d12;53200;INTARIAN_PEPPER_ROOT;10203;5;10200;20;;;10209;12;10212;20;;;10206.0;0.0
yf_ZS=F_d12;53300;ASH_COATED_OSMIUM;9950;15;9947;14;;;9956;17;9959;26;;;9953.0;0.0
yf_ZS=F_d12;53300;INTARIAN_PEPPER_ROOT;10202;7;10200;23;;;10210;11;10214;17;;;10206.0;0.0
yf_ZS=F_d12;53400;ASH_COATED_OSMIUM;9950;14;9947;15;;;9956;6;9959;23;;;9953.0;0.0
yf_ZS=F_d12;53400;INTARIAN_PEPPER_ROOT;10203;7;10201;23;;;10209;16;10213;20;;;10206.0;0.0
yf_ZS=F_d12;53500;ASH_COATED_OSMIUM;9950;23;9946;35;;;9956;14;9960;15;;;9953.0;0.0
yf_ZS=F_d12;53500;INTARIAN_PEPPER_ROOT;10201;8;10198;20;;;10211;22;10213;20;;;10206.0;0.0
yf_ZS=F_d12;53600;ASH_COATED_OSMIUM;9951;17;9949;18;;;9957;22;9961;12;;;9954.0;0.0
yf_ZS=F_d12;53600;INTARIAN_PEPPER_ROOT;10204;8;10200;12;;;10210;11;10214;22;;;10207.0;0.0
yf_ZS=F_d12;53700;ASH_COATED_OSMIUM;9944;16;9940;19;;;9963;19;9966;16;;;9953.5;0.0
yf_ZS=F_d12;53700;INTARIAN_PEPPER_ROOT;10204;20;10200;23;;;10210;6;10214;23;;;10207.0;0.0
yf_ZS=F_d12;53800;ASH_COATED_OSMIUM;9950;22;9948;21;;;9957;9;9959;22;;;9953.5;0.0
yf_ZS=F_d12;53800;INTARIAN_PEPPER_ROOT;10201;12;10198;11;;;10213;14;10217;18;;;10207.0;0.0
yf_ZS=F_d12;53900;ASH_COATED_OSMIUM;9951;12;9948;13;;;9957;6;9959;21;;;9954.0;0.0
yf_ZS=F_d12;53900;INTARIAN_PEPPER_ROOT;10204;10;10202;19;;;10210;13;10213;20;;;10207.0;0.0
yf_ZS=F_d12;54000;ASH_COATED_OSMIUM;9951;13;9948;18;;;9957;9;9959;11;;;9954.0;0.0
yf_ZS=F_d12;54000;INTARIAN_PEPPER_ROOT;10197;13;10193;23;;;10217;8;10220;11;;;10207.0;0.0
yf_ZS=F_d12;54100;ASH_COATED_OSMIUM;9942;13;9938;18;;;9965;21;9968;21;;;9953.5;0.0
yf_ZS=F_d12;54100;INTARIAN_PEPPER_ROOT;10201;13;10197;12;;;10214;12;10218;16;;;10207.5;0.0
yf_ZS=F_d12;54200;ASH_COATED_OSMIUM;9951;20;9949;20;;;9957;18;9960;20;;;9954.0;0.0
yf_ZS=F_d12;54200;INTARIAN_PEPPER_ROOT;10203;16;10200;18;;;10212;17;10214;15;;;10207.5;0.0
yf_ZS=F_d12;54300;ASH_COATED_OSMIUM;9947;11;9944;23;;;9959;17;9962;19;;;9953.0;0.0
yf_ZS=F_d12;54300;INTARIAN_PEPPER_ROOT;10202;12;10199;20;;;10214;18;10217;14;;;10208.0;0.0
yf_ZS=F_d12;54400;ASH_COATED_OSMIUM;9950;17;9948;27;;;9956;21;9960;16;;;9953.0;0.0
yf_ZS=F_d12;54400;INTARIAN_PEPPER_ROOT;10205;14;10202;14;;;10211;18;10214;23;;;10208.0;0.0
yf_ZS=F_d12;54500;ASH_COATED_OSMIUM;9950;19;9946;14;;;9956;19;9960;12;;;9953.0;0.0
yf_ZS=F_d12;54500;INTARIAN_PEPPER_ROOT;10204;12;10201;19;;;10212;19;10214;21;;;10208.0;0.0
yf_ZS=F_d12;54600;ASH_COATED_OSMIUM;9950;16;9946;16;;;9956;8;9958;21;;;9953.0;0.0
yf_ZS=F_d12;54600;INTARIAN_PEPPER_ROOT;10205;16;10203;19;;;10211;19;10214;22;;;10208.0;0.0
yf_ZS=F_d12;54700;ASH_COATED_OSMIUM;9949;16;9946;18;;;9956;8;9959;14;;;9952.5;0.0
yf_ZS=F_d12;54700;INTARIAN_PEPPER_ROOT;10203;5;10199;20;;;10213;11;10216;18;;;10208.0;0.0
yf_ZS=F_d12;54800;ASH_COATED_OSMIUM;9950;10;9947;21;;;9956;24;9958;19;;;9953.0;0.0
yf_ZS=F_d12;54800;INTARIAN_PEPPER_ROOT;10204;12;10200;23;;;10213;9;10216;21;;;10208.5;0.0
yf_ZS=F_d12;54900;ASH_COATED_OSMIUM;9951;16;9949;13;;;9957;17;9961;24;;;9954.0;0.0
yf_ZS=F_d12;54900;INTARIAN_PEPPER_ROOT;10206;15;10203;22;;;10212;12;10215;22;;;10209.0;0.0
yf_ZS=F_d12;55000;ASH_COATED_OSMIUM;9951;20;9949;21;;;9957;18;9960;22;;;9954.0;0.0
yf_ZS=F_d12;55000;INTARIAN_PEPPER_ROOT;10206;5;10202;16;;;10212;18;10216;20;;;10209.0;0.0
yf_ZS=F_d12;55100;ASH_COATED_OSMIUM;9951;17;9949;20;;;9957;18;9959;20;;;9954.0;0.0
yf_ZS=F_d12;55100;INTARIAN_PEPPER_ROOT;10206;20;10203;22;;;10212;14;10216;30;;;10209.0;0.0
yf_ZS=F_d12;55200;ASH_COATED_OSMIUM;9951;5;9948;18;;;9957;17;9961;14;;;9954.0;0.0
yf_ZS=F_d12;55200;INTARIAN_PEPPER_ROOT;10206;18;10204;21;;;10212;23;10214;30;;;10209.0;0.0
yf_ZS=F_d12;55300;ASH_COATED_OSMIUM;9951;22;9947;26;;;9958;17;9961;18;;;9954.5;0.0
yf_ZS=F_d12;55300;INTARIAN_PEPPER_ROOT;10206;28;10204;12;;;10212;11;10215;23;;;10209.0;0.0
yf_ZS=F_d12;55400;ASH_COATED_OSMIUM;9949;8;9946;21;;;9957;19;9961;18;;;9953.0;0.0
yf_ZS=F_d12;55400;INTARIAN_PEPPER_ROOT;10203;8;10199;18;;;10217;12;10221;21;;;10210.0;0.0
yf_ZS=F_d12;55500;ASH_COATED_OSMIUM;9950;8;9946;22;;;9956;11;9959;13;;;9953.0;0.0
yf_ZS=F_d12;55500;INTARIAN_PEPPER_ROOT;10207;16;10205;17;;;10213;16;10217;19;;;10210.0;0.0
yf_ZS=F_d12;55600;ASH_COATED_OSMIUM;9943;12;9939;13;;;9963;27;9967;28;;;9953.0;0.0
yf_ZS=F_d12;55600;INTARIAN_PEPPER_ROOT;10207;16;10205;15;;;10213;17;10216;30;;;10210.0;0.0
yf_ZS=F_d12;55700;ASH_COATED_OSMIUM;9950;9;9948;27;;;9956;8;9960;22;;;9953.0;0.0
yf_ZS=F_d12;55700;INTARIAN_PEPPER_ROOT;10207;15;10204;16;;;10213;21;10215;14;;;10210.0;0.0
yf_ZS=F_d12;55800;ASH_COATED_OSMIUM;9951;15;9947;26;;;9957;19;9961;20;;;9954.0;0.0
yf_ZS=F_d12;55800;INTARIAN_PEPPER_ROOT;10204;16;10201;21;;;10216;21;10220;16;;;10210.0;0.0
yf_ZS=F_d12;55900;ASH_COATED_OSMIUM;9944;6;9940;22;;;9962;25;9965;18;;;9953.0;0.0
yf_ZS=F_d12;55900;INTARIAN_PEPPER_ROOT;10208;13;10206;17;;;10214;7;10217;21;;;10211.0;0.0
yf_ZS=F_d12;56000;ASH_COATED_OSMIUM;9950;21;9947;18;;;9956;13;9959;17;;;9953.0;0.0
yf_ZS=F_d12;56000;INTARIAN_PEPPER_ROOT;10199;16;10196;22;;;10223;9;10225;18;;;10211.0;0.0
yf_ZS=F_d12;56100;ASH_COATED_OSMIUM;9947;14;9943;18;;;9960;11;9964;17;;;9953.5;0.0
yf_ZS=F_d12;56100;INTARIAN_PEPPER_ROOT;10208;7;10206;26;;;10214;19;10217;21;;;10211.0;0.0
yf_ZS=F_d12;56200;ASH_COATED_OSMIUM;9950;19;9947;21;;;9956;5;9958;25;;;9953.0;0.0
yf_ZS=F_d12;56200;INTARIAN_PEPPER_ROOT;10208;14;10204;19;;;10214;16;10216;18;;;10211.0;0.0
yf_ZS=F_d12;56300;ASH_COATED_OSMIUM;9943;14;9939;15;;;9963;19;9965;21;;;9953.0;0.0
yf_ZS=F_d12;56300;INTARIAN_PEPPER_ROOT;10208;19;10205;16;;;10214;12;10218;27;;;10211.0;0.0
yf_ZS=F_d12;56400;ASH_COATED_OSMIUM;9950;11;9946;15;;;9956;14;9958;20;;;9953.0;0.0
yf_ZS=F_d12;56400;INTARIAN_PEPPER_ROOT;10208;24;10206;18;;;10214;9;10218;24;;;10211.0;0.0
yf_ZS=F_d12;56500;ASH_COATED_OSMIUM;9948;15;9944;23;;;9958;18;9962;27;;;9953.0;0.0
yf_ZS=F_d12;56500;INTARIAN_PEPPER_ROOT;10208;13;10205;22;;;10214;25;10218;27;;;10211.0;0.0
yf_ZS=F_d12;56600;ASH_COATED_OSMIUM;9950;10;9947;16;;;9956;13;9958;23;;;9953.0;0.0
yf_ZS=F_d12;56600;INTARIAN_PEPPER_ROOT;10209;24;10207;18;;;10215;19;10217;21;;;10212.0;0.0
yf_ZS=F_d12;56700;ASH_COATED_OSMIUM;9949;5;9947;21;;;9957;20;9960;19;;;9953.0;0.0
yf_ZS=F_d12;56700;INTARIAN_PEPPER_ROOT;10208;16;10206;11;;;10215;19;10218;23;;;10211.5;0.0
yf_ZS=F_d12;56800;ASH_COATED_OSMIUM;9950;5;9947;30;;;9956;9;9958;12;;;9953.0;0.0
yf_ZS=F_d12;56800;INTARIAN_PEPPER_ROOT;10209;13;10206;16;;;10215;23;10217;22;;;10212.0;0.0
yf_ZS=F_d12;56900;ASH_COATED_OSMIUM;9950;7;9946;20;;;9956;11;9959;17;;;9953.0;0.0
yf_ZS=F_d12;56900;INTARIAN_PEPPER_ROOT;10208;20;10205;19;;;10216;15;10218;18;;;10212.0;0.0
yf_ZS=F_d12;57000;ASH_COATED_OSMIUM;9951;23;9949;21;;;9957;5;9959;24;;;9954.0;0.0
yf_ZS=F_d12;57000;INTARIAN_PEPPER_ROOT;10209;15;10206;17;;;10215;23;10217;16;;;10212.0;0.0
yf_ZS=F_d12;57100;ASH_COATED_OSMIUM;9950;15;9947;26;;;9956;16;9959;21;;;9953.0;0.0
yf_ZS=F_d12;57100;INTARIAN_PEPPER_ROOT;10209;14;10205;12;;;10215;15;10218;20;;;10212.0;0.0
yf_ZS=F_d12;57200;ASH_COATED_OSMIUM;9947;10;9943;21;;;9959;12;9962;23;;;9953.0;0.0
yf_ZS=F_d12;57200;INTARIAN_PEPPER_ROOT;10203;12;10199;32;;;10222;12;10226;21;;;10212.5;0.0
yf_ZS=F_d12;57300;ASH_COATED_OSMIUM;9950;22;9948;19;;;9956;9;9959;18;;;9953.0;0.0
yf_ZS=F_d12;57300;INTARIAN_PEPPER_ROOT;10207;20;10204;20;;;10218;17;10220;23;;;10212.5;0.0
yf_ZS=F_d12;57400;ASH_COATED_OSMIUM;9950;20;9946;17;;;9956;16;9958;16;;;9953.0;0.0
yf_ZS=F_d12;57400;INTARIAN_PEPPER_ROOT;10210;13;10206;20;;;10216;22;10220;22;;;10213.0;0.0
yf_ZS=F_d12;57500;ASH_COATED_OSMIUM;9950;13;9947;24;;;9956;5;9959;14;;;9953.0;0.0
yf_ZS=F_d12;57500;INTARIAN_PEPPER_ROOT;10204;16;10201;18;;;10222;5;10226;22;;;10213.0;0.0
yf_ZS=F_d12;57600;ASH_COATED_OSMIUM;9950;17;9948;12;;;9956;17;9958;13;;;9953.0;0.0
yf_ZS=F_d12;57600;INTARIAN_PEPPER_ROOT;10206;22;10203;22;;;10220;19;10223;20;;;10213.0;0.0
