day;timestamp;product;bid_price_1;bid_volume_1;bid_price_2;bid_volume_2;bid_price_3;bid_volume_3;ask_price_1;ask_volume_1;ask_price_2;ask_volume_2;ask_price_3;ask_volume_3;mid_price;profit_and_loss
yf_ZW=F_d13;0;ASH_COATED_OSMIUM;9899;13;9895;24;;;9909;19;9913;24;;;9904.0;0.0
yf_ZW=F_d13;0;INTARIAN_PEPPER_ROOT;12300;9;12298;15;;;12307;22;12311;16;;;12303.5;0.0
yf_ZW=F_d13;100;ASH_COATED_OSMIUM;9900;11;9896;16;;;9910;14;9914;13;;;9905.0;0.0
yf_ZW=F_d13;100;INTARIAN_PEPPER_ROOT;12304;8;12301;27;;;12310;17;12313;20;;;12307.0;0.0
yf_ZW=F_d13;200;ASH_COATED_OSMIUM;9903;18;9899;19;;;9909;14;9913;26;;;9906.0;0.0
yf_ZW=F_d13;200;INTARIAN_PEPPER_ROOT;12297;19;12293;24;;;12320;15;12322;23;;;12308.5;0.0
yf_ZW=F_d13;300;ASH_COATED_OSMIUM;9901;5;9897;17;;;9909;6;9911;18;;;9905.0;0.0
yf_ZW=F_d13;300;INTARIAN_PEPPER_ROOT;12308;23;12306;14;;;12314;17;12317;22;;;12311.0;0.0
yf_ZW=F_d13;400;ASH_COATED_OSMIUM;9899;9;9897;13;;;9910;17;9912;14;;;9904.5;0.0
yf_ZW=F_d13;400;INTARIAN_PEPPER_ROOT;12309;19;12305;19;;;12317;18;12320;15;;;12313.0;0.0
yf_ZW=F_d13;500;ASH_COATED_OSMIUM;9901;14;9898;22;;;9907;21;9911;14;;;9904.0;0.0
yf_ZW=F_d13;500;INTARIAN_PEPPER_ROOT;12313;5;12311;16;;;12319;14;12322;16;;;12316.0;0.0
yf_ZW=F_d13;600;ASH_COATED_OSMIUM;9903;26;9899;24;;;9909;17;9913;16;;;9906.0;0.0
yf_ZW=F_d13;600;INTARIAN_PEPPER_ROOT;12315;22;12311;19;;;12321;9;12323;16;;;12318.0;0.0
yf_ZW=F_d13;700;ASH_COATED_OSMIUM;9899;17;9896;18;;;9910;6;9912;11;;;9904.5;0.0
yf_ZW=F_d13;700;INTARIAN_PEPPER_ROOT;12317;21;12314;27;;;12326;9;12330;8;;;12321.5;0.0
yf_ZW=F_d13;800;ASH_COATED_OSMIUM;9902;12;9900;9;;;9908;18;9912;25;;;9905.0;0.0
yf_ZW=F_d13;800;INTARIAN_PEPPER_ROOT;12321;11;12318;25;;;12327;19;12329;15;;;12324.0;0.0
yf_ZW=F_d13;900;ASH_COATED_OSMIUM;9902;19;9899;20;;;9908;19;9911;30;;;9905.0;0.0
yf_ZW=F_d13;900;INTARIAN_PEPPER_ROOT;12320;17;12318;24;;;12333;16;12337;24;;;12326.5;0.0
yf_ZW=F_d13;1000;ASH_COATED_OSMIUM;9902;7;9900;23;;;9908;13;9912;18;;;9905.0;0.0
yf_ZW=F_d13;1000;INTARIAN_PEPPER_ROOT;12326;19;12324;31;;;12332;5;12334;20;;;12329.0;0.0
yf_ZW=F_d13;1100;ASH_COATED_OSMIUM;9888;19;9886;20;;;9922;21;9926;16;;;9905.0;0.0
yf_ZW=F_d13;1100;INTARIAN_PEPPER_ROOT;12328;19;12325;18;;;12334;21;12338;16;;;12331.0;0.0
yf_ZW=F_d13;1200;ASH_COATED_OSMIUM;9901;16;9899;14;;;9907;19;9911;26;;;9904.0;0.0
yf_ZW=F_d13;1200;INTARIAN_PEPPER_ROOT;12316;14;12314;23;;;12351;15;12354;14;;;12333.5;0.0
yf_ZW=F_d13;1300;ASH_COATED_OSMIUM;9902;10;9900;16;;;9908;6;9911;12;;;9905.0;0.0
yf_ZW=F_d13;1300;INTARIAN_PEPPER_ROOT;12333;17;12329;13;;;12339;21;12343;18;;;12336.0;0.0
yf_ZW=F_d13;1400;ASH_COATED_OSMIUM;9902;12;9900;25;;;9908;22;9911;22;;;9905.0;0.0
yf_ZW=F_d13;1400;INTARIAN_PEPPER_ROOT;12331;13;12327;21;;;12345;13;12348;16;;;12338.0;0.0
yf_ZW=F_d13;1500;ASH_COATED_OSMIUM;9901;10;9899;23;;;9909;13;9911;13;;;9905.0;0.0
yf_ZW=F_d13;1500;INTARIAN_PEPPER_ROOT;12338;17;12336;20;;;12344;18;12346;19;;;12341.0;0.0
yf_ZW=F_d13;1600;ASH_COATED_OSMIUM;9899;14;9897;13;;;9911;7;9914;17;;;9905.0;0.0
yf_ZW=F_d13;1600;INTARIAN_PEPPER_ROOT;12337;18;12333;20;;;12349;18;12352;29;;;12343.0;0.0
yf_ZW=F_d13;1700;ASH_COATED_OSMIUM;9898;12;9896;14;;;9911;11;9915;19;;;9904.5;0.0
yf_ZW=F_d13;1700;INTARIAN_PEPPER_ROOT;12343;18;12339;19;;;12349;20;12351;28;;;12346.0;0.0
yf_ZW=F_d13;1800;ASH_COATED_OSMIUM;9900;20;9896;21;;;9910;8;9914;16;;;9905.0;0.0
yf_ZW=F_d13;1800;INTARIAN_PEPPER_ROOT;12345;14;12343;26;;;12351;15;12353;14;;;12348.0;0.0
yf_ZW=F_d13;1900;ASH_COATED_OSMIUM;9902;12;9899;12;;;9908;18;9910;23;;;9905.0;0.0
yf_ZW=F_d13;1900;INTARIAN_PEPPER_ROOT;12348;13;12344;20;;;12354;10;12358;31;;;12351.0;0.0
yf_ZW=F_d13;2000;ASH_COATED_OSMIUM;9902;17;9898;9;;;9908;13;9911;8;;;9905.0;0.0
yf_ZW=F_d13;2000;INTARIAN_PEPPER_ROOT;12344;21;12340;18;;;12362;5;12366;17;;;12353.0;0.0
yf_ZW=F_d13;2100;ASH_COATED_OSMIUM;9902;15;9898;20;;;9909;14;9913;19;;;9905.5;0.0
yf_ZW=F_d13;2100;INTARIAN_PEPPER_ROOT;12348;20;12344;15;;;12363;15;12366;13;;;12355.5;0.0
yf_ZW=F_d13;2200;ASH_COATED_OSMIUM;9899;13;9895;24;;;9911;19;9913;23;;;9905.0;0.0
yf_ZW=F_d13;2200;INTARIAN_PEPPER_ROOT;12349;15;12345;28;;;12367;24;12370;22;;;12358.0;0.0
yf_ZW=F_d13;2300;ASH_COATED_OSMIUM;9902;5;9900;15;;;9908;13;9910;15;;;9905.0;0.0
yf_ZW=F_d13;2300;INTARIAN_PEPPER_ROOT;12346;10;12343;23;;;12376;20;12379;26;;;12361.0;0.0
yf_ZW=F_d13;2400;ASH_COATED_OSMIUM;9894;16;9891;20;;;9917;12;9920;13;;;9905.5;0.0
yf_ZW=F_d13;2400;INTARIAN_PEPPER_ROOT;12359;5;12357;15;;;12367;11;12371;18;;;12363.0;0.0
yf_ZW=F_d13;2500;ASH_COATED_OSMIUM;9902;9;9898;15;;;9908;5;9910;10;;;9905.0;0.0
yf_ZW=F_d13;2500;INTARIAN_PEPPER_ROOT;12359;13;12355;23;;;12373;14;12376;19;;;12366.0;0.0
yf_ZW=F_d13;2600;ASH_COATED_OSMIUM;9896;15;9892;25;;;9914;13;9916;13;;;9905.0;0.0
yf_ZW=F_d13;2600;INTARIAN_PEPPER_ROOT;12358;8;12355;16;;;12378;12;12380;32;;;12368.0;0.0
yf_ZW=F_d13;2700;ASH_COATED_OSMIUM;9902;12;9899;25;;;9908;18;9911;22;;;9905.0;0.0
yf_ZW=F_d13;2700;INTARIAN_PEPPER_ROOT;12368;5;12365;25;;;12374;5;12378;15;;;12371.0;0.0
yf_ZW=F_d13;2800;ASH_COATED_OSMIUM;9902;22;9900;20;;;9908;17;9910;14;;;9905.0;0.0
yf_ZW=F_d13;2800;INTARIAN_PEPPER_ROOT;12369;16;12366;19;;;12376;13;12380;17;;;12372.5;0.0
yf_ZW=F_d13;2900;ASH_COATED_OSMIUM;9902;20;9899;25;;;9908;12;9910;29;;;9905.0;0.0
yf_ZW=F_d13;2900;INTARIAN_PEPPER_ROOT;12367;25;12364;19;;;12382;16;12384;8;;;12374.5;0.0
yf_ZW=F_d13;3000;ASH_COATED_OSMIUM;9902;15;9899;18;;;9908;17;9912;19;;;9905.0;0.0
yf_ZW=F_d13;3000;INTARIAN_PEPPER_ROOT;12368;16;12365;24;;;12387;16;12390;17;;;12377.5;0.0
yf_ZW=F_d13;3100;ASH_COATED_OSMIUM;9902;5;9899;21;;;9908;20;9912;17;;;9905.0;0.0
yf_ZW=F_d13;3100;INTARIAN_PEPPER_ROOT;12373;15;12371;12;;;12389;20;12391;8;;;12381.0;0.0
yf_ZW=F_d13;3200;ASH_COATED_OSMIUM;9897;18;9894;15;;;9913;14;9917;16;;;9905.0;0.0
yf_ZW=F_d13;3200;INTARIAN_PEPPER_ROOT;12378;15;12375;21;;;12388;14;12391;15;;;12383.0;0.0
yf_ZW=F_d13;3300;ASH_COATED_OSMIUM;9902;13;9900;24;;;9908;14;9911;18;;;9905.0;0.0
yf_ZW=F_d13;3300;INTARIAN_PEPPER_ROOT;12382;14;12379;18;;;12388;19;12391;14;;;12385.0;0.0
yf_ZW=F_d13;3400;ASH_COATED_OSMIUM;9900;16;9896;17;;;9911;17;9915;23;;;9905.5;0.0
yf_ZW=F_d13;3400;INTARIAN_PEPPER_ROOT;12373;25;12370;18;;;12403;20;12405;26;;;12388.0;0.0
yf_ZW=F_d13;3500;ASH_COATED_OSMIUM;9899;17;9896;20;;;9911;10;9915;19;;;9905.0;0.0
yf_ZW=F_d13;3500;INTARIAN_PEPPER_ROOT;12387;15;12383;14;;;12393;19;12395;16;;;12390.0;0.0
yf_ZW=F_d13;3600;ASH_COATED_OSMIUM;9897;10;9893;17;;;9913;14;9917;28;;;9905.0;0.0
yf_ZW=F_d13;3600;INTARIAN_PEPPER_ROOT;12389;9;12386;22;;;12395;12;12398;19;;;12392.0;0.0
yf_ZW=F_d13;3700;ASH_COATED_OSMIUM;9895;14;9891;21;;;9916;12;9918;22;;;9905.5;0.0
yf_ZW=F_d13;3700;INTARIAN_PEPPER_ROOT;12392;13;12388;23;;;12398;11;12401;18;;;12395.0;0.0
yf_ZW=F_d13;3800;ASH_COATED_OSMIUM;9902;15;9899;23;;;9908;18;9911;16;;;9905.0;0.0
yf_ZW=F_d13;3800;INTARIAN_PEPPER_ROOT;12388;8;12386;15;;;12407;13;12411;14;;;12397.5;0.0
yf_ZW=F_d13;3900;ASH_COATED_OSMIUM;9902;11;9900;25;;;9908;16;9912;21;;;9905.0;0.0
yf_ZW=F_d13;3900;INTARIAN_PEPPER_ROOT;12388;5;12386;28;;;12412;17;12415;13;;;12400.0;0.0
yf_ZW=F_d13;4000;ASH_COATED_OSMIUM;9902;7;9898;11;;;9908;9;9911;13;;;9905.0;0.0
yf_ZW=F_d13;4000;INTARIAN_PEPPER_ROOT;12393;10;12391;20;;;12412;22;12414;14;;;12402.5;0.0
yf_ZW=F_d13;4100;ASH_COATED_OSMIUM;9901;11;9897;11;;;9910;12;9914;15;;;9905.5;0.0
yf_ZW=F_d13;4100;INTARIAN_PEPPER_ROOT;12401;25;12399;11;;;12407;12;12410;13;;;12404.0;0.0
yf_ZW=F_d13;4200;ASH_COATED_OSMIUM;9902;15;9900;18;;;9908;21;9910;20;;;9905.0;0.0
yf_ZW=F_d13;4200;INTARIAN_PEPPER_ROOT;12395;8;12393;20;;;12420;17;12422;25;;;12407.5;0.0
yf_ZW=F_d13;4300;ASH_COATED_OSMIUM;9903;12;9899;23;;;9909;17;9911;21;;;9906.0;0.0
yf_ZW=F_d13;4300;INTARIAN_PEPPER_ROOT;12407;5;12404;21;;;12413;17;12415;22;;;12410.0;0.0
yf_ZW=F_d13;4400;ASH_COATED_OSMIUM;9900;8;9896;13;;;9911;9;9913;12;;;9905.5;0.0
yf_ZW=F_d13;4400;INTARIAN_PEPPER_ROOT;12409;19;12407;17;;;12415;12;12417;17;;;12412.0;0.0
yf_ZW=F_d13;4500;ASH_COATED_OSMIUM;9902;9;9899;10;;;9908;19;9911;20;;;9905.0;0.0
yf_ZW=F_d13;4500;INTARIAN_PEPPER_ROOT;12412;13;12408;17;;;12418;17;12422;19;;;12415.0;0.0
yf_ZW=F_d13;4600;ASH_COATED_OSMIUM;9902;10;9898;22;;;9908;8;9911;25;;;9905.0;0.0
yf_ZW=F_d13;4600;INTARIAN_PEPPER_ROOT;12408;20;12404;32;;;12426;20;12428;23;;;12417.0;0.0
yf_ZW=F_d13;4700;ASH_COATED_OSMIUM;9901;16;9899;30;;;9909;11;9911;29;;;9905.0;0.0
yf_ZW=F_d13;4700;INTARIAN_PEPPER_ROOT;12417;18;12415;27;;;12423;8;12425;21;;;12420.0;0.0
yf_ZW=F_d13;4800;ASH_COATED_OSMIUM;9902;17;9899;19;;;9908;13;9910;23;;;9905.0;0.0
yf_ZW=F_d13;4800;INTARIAN_PEPPER_ROOT;12419;5;12417;18;;;12425;8;12427;10;;;12422.0;0.0
yf_ZW=F_d13;4900;ASH_COATED_OSMIUM;9898;14;9896;21;;;9912;5;9915;20;;;9905.0;0.0
yf_ZW=F_d13;4900;INTARIAN_PEPPER_ROOT;12422;22;12419;17;;;12428;14;12431;12;;;12425.0;0.0
yf_ZW=F_d13;5000;ASH_COATED_OSMIUM;9902;12;9900;23;;;9908;7;9912;11;;;9905.0;0.0
yf_ZW=F_d13;5000;INTARIAN_PEPPER_ROOT;12424;19;12422;20;;;12430;16;12432;22;;;12427.0;0.0
yf_ZW=F_d13;5100;ASH_COATED_OSMIUM;9902;12;9899;20;;;9908;14;9911;22;;;9905.0;0.0
yf_ZW=F_d13;5100;INTARIAN_PEPPER_ROOT;12424;19;12422;19;;;12436;18;12439;20;;;12430.0;0.0
yf_ZW=F_d13;5200;ASH_COATED_OSMIUM;9902;20;9898;10;;;9908;17;9912;20;;;9905.0;0.0
yf_ZW=F_d13;5200;INTARIAN_PEPPER_ROOT;12425;18;12421;27;;;12438;11;12440;16;;;12431.5;0.0
yf_ZW=F_d13;5300;ASH_COATED_OSMIUM;9902;26;9900;22;;;9908;10;9911;19;;;9905.0;0.0
yf_ZW=F_d13;5300;INTARIAN_PEPPER_ROOT;12432;18;12428;35;;;12438;14;12442;16;;;12435.0;0.0
yf_ZW=F_d13;5400;ASH_COATED_OSMIUM;9886;17;9882;20;;;9925;21;9929;25;;;9905.5;0.0
yf_ZW=F_d13;5400;INTARIAN_PEPPER_ROOT;12423;9;12420;31;;;12452;22;12454;11;;;12437.5;0.0
yf_ZW=F_d13;5500;ASH_COATED_OSMIUM;9903;13;9901;17;;;9909;15;9912;25;;;9906.0;0.0
yf_ZW=F_d13;5500;INTARIAN_PEPPER_ROOT;12434;17;12431;21;;;12442;17;12444;22;;;12438.0;0.0
yf_ZW=F_d13;5600;ASH_COATED_OSMIUM;9902;10;9900;17;;;9909;17;9913;24;;;9905.5;0.0
yf_ZW=F_d13;5600;INTARIAN_PEPPER_ROOT;12431;12;12428;10;;;12453;14;12455;22;;;12442.0;0.0
yf_ZW=F_d13;5700;ASH_COATED_OSMIUM;9901;19;9898;17;;;9912;15;9916;12;;;9906.5;0.0
yf_ZW=F_d13;5700;INTARIAN_PEPPER_ROOT;12437;13;12434;22;;;12452;13;12454;20;;;12444.5;0.0
yf_ZW=F_d13;5800;ASH_COATED_OSMIUM;9902;15;9899;21;;;9909;14;9912;35;;;9905.5;0.0
yf_ZW=F_d13;5800;INTARIAN_PEPPER_ROOT;12444;20;12442;22;;;12450;19;12454;15;;;12447.0;0.0
yf_ZW=F_d13;5900;ASH_COATED_OSMIUM;9899;12;9897;24;;;9911;12;9914;25;;;9905.0;0.0
yf_ZW=F_d13;5900;INTARIAN_PEPPER_ROOT;12446;19;12444;21;;;12452;9;12455;10;;;12449.0;0.0
yf_ZW=F_d13;6000;ASH_COATED_OSMIUM;9902;8;9898;26;;;9909;14;9911;17;;;9905.5;0.0
yf_ZW=F_d13;6000;INTARIAN_PEPPER_ROOT;12449;15;12446;20;;;12455;10;12458;21;;;12452.0;0.0
yf_ZW=F_d13;6100;ASH_COATED_OSMIUM;9903;14;9900;19;;;9909;21;9911;16;;;9906.0;0.0
yf_ZW=F_d13;6100;INTARIAN_PEPPER_ROOT;12451;24;12447;16;;;12457;5;12461;23;;;12454.0;0.0
yf_ZW=F_d13;6200;ASH_COATED_OSMIUM;9903;16;9899;20;;;9909;12;9912;13;;;9906.0;0.0
yf_ZW=F_d13;6200;INTARIAN_PEPPER_ROOT;12454;15;12450;19;;;12460;21;12462;24;;;12457.0;0.0
yf_ZW=F_d13;6300;ASH_COATED_OSMIUM;9902;12;9898;13;;;9911;7;9914;19;;;9906.5;0.0
yf_ZW=F_d13;6300;INTARIAN_PEPPER_ROOT;12452;13;12450;16;;;12467;15;12469;19;;;12459.5;0.0
yf_ZW=F_d13;6400;ASH_COATED_OSMIUM;9901;10;9898;28;;;9910;17;9913;22;;;9905.5;0.0
yf_ZW=F_d13;6400;INTARIAN_PEPPER_ROOT;12459;8;12455;13;;;12465;23;12467;23;;;12462.0;0.0
yf_ZW=F_d13;6500;ASH_COATED_OSMIUM;9903;11;9899;17;;;9909;16;9911;25;;;9906.0;0.0
yf_ZW=F_d13;6500;INTARIAN_PEPPER_ROOT;12461;18;12457;21;;;12467;9;12470;20;;;12464.0;0.0
yf_ZW=F_d13;6600;ASH_COATED_OSMIUM;9902;22;9900;21;;;9908;16;9911;27;;;9905.0;0.0
yf_ZW=F_d13;6600;INTARIAN_PEPPER_ROOT;12463;21;12459;22;;;12469;14;12473;18;;;12466.0;0.0
yf_ZW=F_d13;6700;ASH_COATED_OSMIUM;9903;16;9899;15;;;9909;17;9912;19;;;9906.0;0.0
yf_ZW=F_d13;6700;INTARIAN_PEPPER_ROOT;12466;17;12464;11;;;12472;14;12474;23;;;12469.0;0.0
yf_ZW=F_d13;6800;ASH_COATED_OSMIUM;9894;18;9891;26;;;9916;10;9918;9;;;9905.0;0.0
yf_ZW=F_d13;6800;INTARIAN_PEPPER_ROOT;12469;14;12465;17;;;12475;17;12479;22;;;12472.0;0.0
yf_ZW=F_d13;6900;ASH_COATED_OSMIUM;9900;25;9898;18;;;9912;14;9914;15;;;9906.0;0.0
yf_ZW=F_d13;6900;INTARIAN_PEPPER_ROOT;12468;10;12465;21;;;12479;14;12482;21;;;12473.5;0.0
yf_ZW=F_d13;7000;ASH_COATED_OSMIUM;9902;13;9899;17;;;9910;13;9913;22;;;9906.0;0.0
yf_ZW=F_d13;7000;INTARIAN_PEPPER_ROOT;12473;9;12470;16;;;12479;16;12481;21;;;12476.0;0.0
yf_ZW=F_d13;7100;ASH_COATED_OSMIUM;9902;12;9899;18;;;9908;23;9911;19;;;9905.0;0.0
yf_ZW=F_d13;7100;INTARIAN_PEPPER_ROOT;12476;17;12472;15;;;12482;18;12485;19;;;12479.0;0.0
yf_ZW=F_d13;7200;ASH_COATED_OSMIUM;9899;14;9896;13;;;9912;17;9914;19;;;9905.5;0.0
yf_ZW=F_d13;7200;INTARIAN_PEPPER_ROOT;12478;13;12474;19;;;12484;14;12486;17;;;12481.0;0.0
yf_ZW=F_d13;7300;ASH_COATED_OSMIUM;9901;19;9897;12;;;9910;16;9912;29;;;9905.5;0.0
yf_ZW=F_d13;7300;INTARIAN_PEPPER_ROOT;12481;10;12479;22;;;12487;15;12489;22;;;12484.0;0.0
yf_ZW=F_d13;7400;ASH_COATED_OSMIUM;9903;19;9899;21;;;9909;10;9912;15;;;9906.0;0.0
yf_ZW=F_d13;7400;INTARIAN_PEPPER_ROOT;12483;20;12481;23;;;12489;17;12492;28;;;12486.0;0.0
yf_ZW=F_d13;7500;ASH_COATED_OSMIUM;9893;15;9890;24;;;9917;16;9920;16;;;9905.0;0.0
yf_ZW=F_d13;7500;INTARIAN_PEPPER_ROOT;12479;19;12476;12;;;12497;6;12501;19;;;12488.0;0.0
yf_ZW=F_d13;7600;ASH_COATED_OSMIUM;9903;12;9900;13;;;9909;23;9913;18;;;9906.0;0.0
yf_ZW=F_d13;7600;INTARIAN_PEPPER_ROOT;12483;17;12479;22;;;12500;16;12504;15;;;12491.5;0.0
yf_ZW=F_d13;7700;ASH_COATED_OSMIUM;9903;6;9899;25;;;9909;11;9913;16;;;9906.0;0.0
yf_ZW=F_d13;7700;INTARIAN_PEPPER_ROOT;12482;18;12479;25;;;12507;20;12509;20;;;12494.5;0.0
yf_ZW=F_d13;7800;ASH_COATED_OSMIUM;9903;14;9901;22;;;9909;16;9913;19;;;9906.0;0.0
yf_ZW=F_d13;7800;INTARIAN_PEPPER_ROOT;12493;20;12490;28;;;12499;12;12502;21;;;12496.0;0.0
yf_ZW=F_d13;7900;ASH_COATED_OSMIUM;9903;16;9899;22;;;9909;13;9912;15;;;9906.0;0.0
yf_ZW=F_d13;7900;INTARIAN_PEPPER_ROOT;12495;15;12493;13;;;12501;17;12505;19;;;12498.0;0.0
yf_ZW=F_d13;8000;ASH_COATED_OSMIUM;9903;17;9900;28;;;9909;6;9911;20;;;9906.0;0.0
yf_ZW=F_d13;8000;INTARIAN_PEPPER_ROOT;12498;10;12496;15;;;12504;10;12507;22;;;12501.0;0.0
yf_ZW=F_d13;8100;ASH_COATED_OSMIUM;9903;21;9900;26;;;9909;21;9912;13;;;9906.0;0.0
yf_ZW=F_d13;8100;INTARIAN_PEPPER_ROOT;12500;16;12497;25;;;12507;15;12509;19;;;12503.5;0.0
yf_ZW=F_d13;8200;ASH_COATED_OSMIUM;9899;27;9896;17;;;9912;11;9915;12;;;9905.5;0.0
yf_ZW=F_d13;8200;INTARIAN_PEPPER_ROOT;12502;21;12498;16;;;12508;5;12510;14;;;12505.0;0.0
yf_ZW=F_d13;8300;ASH_COATED_OSMIUM;9903;18;9900;16;;;9909;18;9911;20;;;9906.0;0.0
yf_ZW=F_d13;8300;INTARIAN_PEPPER_ROOT;12505;11;12502;26;;;12511;15;12514;11;;;12508.0;0.0
yf_ZW=F_d13;8400;ASH_COATED_OSMIUM;9903;15;9899;26;;;9909;19;9911;24;;;9906.0;0.0
yf_ZW=F_d13;8400;INTARIAN_PEPPER_ROOT;12506;7;12502;12;;;12517;9;12519;20;;;12511.5;0.0
yf_ZW=F_d13;8500;ASH_COATED_OSMIUM;9903;13;9900;26;;;9909;19;9912;12;;;9906.0;0.0
yf_ZW=F_d13;8500;INTARIAN_PEPPER_ROOT;12507;16;12503;18;;;12520;19;12522;17;;;12513.5;0.0
yf_ZW=F_d13;8600;ASH_COATED_OSMIUM;9902;11;9898;23;;;9909;12;9911;17;;;9905.5;0.0
yf_ZW=F_d13;8600;INTARIAN_PEPPER_ROOT;12513;13;12509;20;;;12519;16;12521;19;;;12516.0;0.0
yf_ZW=F_d13;8700;ASH_COATED_OSMIUM;9903;9;9899;22;;;9909;18;9913;17;;;9906.0;0.0
yf_ZW=F_d13;8700;INTARIAN_PEPPER_ROOT;12508;13;12505;21;;;12528;23;12530;25;;;12518.0;0.0
yf_ZW=F_d13;8800;ASH_COATED_OSMIUM;9903;14;9900;22;;;9909;21;9913;30;;;9906.0;0.0
yf_ZW=F_d13;8800;INTARIAN_PEPPER_ROOT;12516;17;12513;14;;;12526;16;12530;17;;;12521.0;0.0
yf_ZW=F_d13;8900;ASH_COATED_OSMIUM;9900;12;9898;14;;;9911;15;9914;16;;;9905.5;0.0
yf_ZW=F_d13;8900;INTARIAN_PEPPER_ROOT;12520;17;12518;18;;;12526;7;12529;22;;;12523.0;0.0
yf_ZW=F_d13;9000;ASH_COATED_OSMIUM;9899;16;9897;20;;;9912;11;9914;20;;;9905.5;0.0
yf_ZW=F_d13;9000;INTARIAN_PEPPER_ROOT;12522;16;12518;20;;;12528;15;12532;14;;;12525.0;0.0
yf_ZW=F_d13;9100;ASH_COATED_OSMIUM;9903;13;9899;22;;;9909;13;9911;20;;;9906.0;0.0
yf_ZW=F_d13;9100;INTARIAN_PEPPER_ROOT;12525;18;12521;23;;;12531;22;12533;26;;;12528.0;0.0
yf_ZW=F_d13;9200;ASH_COATED_OSMIUM;9902;9;9898;16;;;9908;18;9912;19;;;9905.0;0.0
yf_ZW=F_d13;9200;INTARIAN_PEPPER_ROOT;12528;20;12525;19;;;12534;14;12536;23;;;12531.0;0.0
yf_ZW=F_d13;9300;ASH_COATED_OSMIUM;9902;9;9898;27;;;9910;11;9914;22;;;9906.0;0.0
yf_ZW=F_d13;9300;INTARIAN_PEPPER_ROOT;12530;6;12528;24;;;12536;14;12538;13;;;12533.0;0.0
yf_ZW=F_d13;9400;ASH_COATED_OSMIUM;9903;13;9901;15;;;9909;18;9912;23;;;9906.0;0.0
yf_ZW=F_d13;9400;INTARIAN_PEPPER_ROOT;12527;17;12524;23;;;12545;16;12549;19;;;12536.0;0.0
yf_ZW=F_d13;9500;ASH_COATED_OSMIUM;9902;15;9899;16;;;9911;16;9915;29;;;9906.5;0.0
yf_ZW=F_d13;9500;INTARIAN_PEPPER_ROOT;12534;23;12531;29;;;12543;11;12546;18;;;12538.5;0.0
yf_ZW=F_d13;9600;ASH_COATED_OSMIUM;9903;16;9900;23;;;9909;18;9913;10;;;9906.0;0.0
yf_ZW=F_d13;9600;INTARIAN_PEPPER_ROOT;12537;14;12533;32;;;12543;17;12546;18;;;12540.0;0.0
yf_ZW=F_d13;9700;ASH_COATED_OSMIUM;9901;17;9898;13;;;9911;5;9913;17;;;9906.0;0.0
yf_ZW=F_d13;9700;INTARIAN_PEPPER_ROOT;12535;20;12531;24;;;12552;5;12556;20;;;12543.5;0.0
yf_ZW=F_d13;9800;ASH_COATED_OSMIUM;9903;16;9899;24;;;9909;15;9911;14;;;9906.0;0.0
yf_ZW=F_d13;9800;INTARIAN_PEPPER_ROOT;12543;7;12539;20;;;12549;5;12553;8;;;12546.0;0.0
yf_ZW=F_d13;9900;ASH_COATED_OSMIUM;9892;7;9889;17;;;9921;8;9924;20;;;9906.5;0.0
yf_ZW=F_d13;9900;INTARIAN_PEPPER_ROOT;12536;11;12532;21;;;12559;16;12562;16;;;12547.5;0.0
yf_ZW=F_d13;10000;ASH_COATED_OSMIUM;9898;15;9895;26;;;9915;20;9919;23;;;9906.5;0.0
yf_ZW=F_d13;10000;INTARIAN_PEPPER_ROOT;12547;22;12545;21;;;12553;16;12557;17;;;12550.0;0.0
yf_ZW=F_d13;10100;ASH_COATED_OSMIUM;9903;9;9900;32;;;9909;20;9913;20;;;9906.0;0.0
yf_ZW=F_d13;10100;INTARIAN_PEPPER_ROOT;12550;17;12546;10;;;12556;11;12558;19;;;12553.0;0.0
yf_ZW=F_d13;10200;ASH_COATED_OSMIUM;9901;19;9899;17;;;9912;25;9915;25;;;9906.5;0.0
yf_ZW=F_d13;10200;INTARIAN_PEPPER_ROOT;12552;13;12550;15;;;12558;14;12562;22;;;12555.0;0.0
yf_ZW=F_d13;10300;ASH_COATED_OSMIUM;9896;8;9893;10;;;9916;6;9920;22;;;9906.0;0.0
yf_ZW=F_d13;10300;INTARIAN_PEPPER_ROOT;12554;18;12552;20;;;12560;20;12564;16;;;12557.0;0.0
yf_ZW=F_d13;10400;ASH_COATED_OSMIUM;9901;13;9897;20;;;9912;16;9914;18;;;9906.5;0.0
yf_ZW=F_d13;10400;INTARIAN_PEPPER_ROOT;12552;14;12548;18;;;12567;11;12569;17;;;12559.5;0.0
yf_ZW=F_d13;10500;ASH_COATED_OSMIUM;9901;18;9897;16;;;9911;17;9915;21;;;9906.0;0.0
yf_ZW=F_d13;10500;INTARIAN_PEPPER_ROOT;12559;11;12556;21;;;12566;12;12568;22;;;12562.5;0.0
yf_ZW=F_d13;10600;ASH_COATED_OSMIUM;9898;22;9895;25;;;9914;16;9917;16;;;9906.0;0.0
yf_ZW=F_d13;10600;INTARIAN_PEPPER_ROOT;12562;20;12560;12;;;12568;9;12571;22;;;12565.0;0.0
yf_ZW=F_d13;10700;ASH_COATED_OSMIUM;9903;15;9900;21;;;9909;14;9911;24;;;9906.0;0.0
yf_ZW=F_d13;10700;INTARIAN_PEPPER_ROOT;12564;19;12561;14;;;12570;19;12574;23;;;12567.0;0.0
yf_ZW=F_d13;10800;ASH_COATED_OSMIUM;9903;13;9901;10;;;9909;20;9912;26;;;9906.0;0.0
yf_ZW=F_d13;10800;INTARIAN_PEPPER_ROOT;12561;22;12557;22;;;12578;10;12582;23;;;12569.5;0.0
yf_ZW=F_d13;10900;ASH_COATED_OSMIUM;9900;9;9897;20;;;9911;18;9913;24;;;9905.5;0.0
yf_ZW=F_d13;10900;INTARIAN_PEPPER_ROOT;12565;7;12563;21;;;12580;18;12582;26;;;12572.5;0.0
yf_ZW=F_d13;11000;ASH_COATED_OSMIUM;9902;20;9899;13;;;9910;20;9912;14;;;9906.0;0.0
yf_ZW=F_d13;11000;INTARIAN_PEPPER_ROOT;12572;18;12569;20;;;12578;13;12581;26;;;12575.0;0.0
yf_ZW=F_d13;11100;ASH_COATED_OSMIUM;9902;11;9899;10;;;9910;18;9912;11;;;9906.0;0.0
yf_ZW=F_d13;11100;INTARIAN_PEPPER_ROOT;12574;18;12570;21;;;12580;14;12582;17;;;12577.0;0.0
yf_ZW=F_d13;11200;ASH_COATED_OSMIUM;9904;12;9902;20;;;9910;20;9914;25;;;9907.0;0.0
yf_ZW=F_d13;11200;INTARIAN_PEPPER_ROOT;12571;16;12568;10;;;12588;8;12591;19;;;12579.5;0.0
yf_ZW=F_d13;11300;ASH_COATED_OSMIUM;9904;15;9900;27;;;9910;13;9914;13;;;9907.0;0.0
yf_ZW=F_d13;11300;INTARIAN_PEPPER_ROOT;12574;9;12571;25;;;12592;13;12594;26;;;12583.0;0.0
yf_ZW=F_d13;11400;ASH_COATED_OSMIUM;9903;18;9899;23;;;9909;14;9911;24;;;9906.0;0.0
yf_ZW=F_d13;11400;INTARIAN_PEPPER_ROOT;12582;17;12579;19;;;12588;16;12591;25;;;12585.0;0.0
yf_ZW=F_d13;11500;ASH_COATED_OSMIUM;9904;6;9900;12;;;9910;11;9912;21;;;9907.0;0.0
yf_ZW=F_d13;11500;INTARIAN_PEPPER_ROOT;12584;19;12581;23;;;12590;20;12593;21;;;12587.0;0.0
yf_ZW=F_d13;11600;ASH_COATED_OSMIUM;9903;22;9901;17;;;9909;16;9913;22;;;9906.0;0.0
yf_ZW=F_d13;11600;INTARIAN_PEPPER_ROOT;12587;14;12585;26;;;12593;12;12597;17;;;12590.0;0.0
yf_ZW=F_d13;11700;ASH_COATED_OSMIUM;9891;10;9889;17;;;9922;9;9925;27;;;9906.5;0.0
yf_ZW=F_d13;11700;INTARIAN_PEPPER_ROOT;12587;17;12583;25;;;12596;13;12600;17;;;12591.5;0.0
yf_ZW=F_d13;11800;ASH_COATED_OSMIUM;9900;14;9896;13;;;9913;19;9916;15;;;9906.5;0.0
yf_ZW=F_d13;11800;INTARIAN_PEPPER_ROOT;12585;13;12582;18;;;12605;19;12608;29;;;12595.0;0.0
yf_ZW=F_d13;11900;ASH_COATED_OSMIUM;9900;21;9896;19;;;9912;20;9916;14;;;9906.0;0.0
yf_ZW=F_d13;11900;INTARIAN_PEPPER_ROOT;12589;5;12587;17;;;12603;12;12607;23;;;12596.0;0.0
yf_ZW=F_d13;12000;ASH_COATED_OSMIUM;9904;21;9901;17;;;9910;15;9912;26;;;9907.0;0.0
yf_ZW=F_d13;12000;INTARIAN_PEPPER_ROOT;12594;19;12592;26;;;12605;20;12609;25;;;12599.5;0.0
yf_ZW=F_d13;12100;ASH_COATED_OSMIUM;9904;11;9901;20;;;9910;24;9913;17;;;9907.0;0.0
yf_ZW=F_d13;12100;INTARIAN_PEPPER_ROOT;12595;27;12593;26;;;12610;15;12613;17;;;12602.5;0.0
yf_ZW=F_d13;12200;ASH_COATED_OSMIUM;9903;24;9900;16;;;9909;19;9911;15;;;9906.0;0.0
yf_ZW=F_d13;12200;INTARIAN_PEPPER_ROOT;12601;11;12597;14;;;12607;7;12610;13;;;12604.0;0.0
yf_ZW=F_d13;12300;ASH_COATED_OSMIUM;9893;10;9890;21;;;9920;13;9924;23;;;9906.5;0.0
yf_ZW=F_d13;12300;INTARIAN_PEPPER_ROOT;12604;19;12602;18;;;12610;10;12614;10;;;12607.0;0.0
yf_ZW=F_d13;12400;ASH_COATED_OSMIUM;9903;5;9899;20;;;9909;10;9913;25;;;9906.0;0.0
yf_ZW=F_d13;12400;INTARIAN_PEPPER_ROOT;12607;25;12604;22;;;12613;11;12615;16;;;12610.0;0.0
yf_ZW=F_d13;12500;ASH_COATED_OSMIUM;9900;14;9896;15;;;9912;20;9916;8;;;9906.0;0.0
yf_ZW=F_d13;12500;INTARIAN_PEPPER_ROOT;12607;24;12603;8;;;12616;10;12618;12;;;12611.5;0.0
yf_ZW=F_d13;12600;ASH_COATED_OSMIUM;9903;14;9900;22;;;9909;12;9913;10;;;9906.0;0.0
yf_ZW=F_d13;12600;INTARIAN_PEPPER_ROOT;12611;9;12608;18;;;12617;10;12620;15;;;12614.0;0.0
yf_ZW=F_d13;12700;ASH_COATED_OSMIUM;9904;16;9901;9;;;9910;17;9912;15;;;9907.0;0.0
yf_ZW=F_d13;12700;INTARIAN_PEPPER_ROOT;12613;16;12610;21;;;12619;5;12621;15;;;12616.0;0.0
yf_ZW=F_d13;12800;ASH_COATED_OSMIUM;9904;14;9900;15;;;9910;6;9914;21;;;9907.0;0.0
yf_ZW=F_d13;12800;INTARIAN_PEPPER_ROOT;12616;13;12612;33;;;12622;11;12626;20;;;12619.0;0.0
yf_ZW=F_d13;12900;ASH_COATED_OSMIUM;9903;18;9899;12;;;9909;17;9912;27;;;9906.0;0.0
yf_ZW=F_d13;12900;INTARIAN_PEPPER_ROOT;12619;11;12615;26;;;12625;20;12629;19;;;12622.0;0.0
yf_ZW=F_d13;13000;ASH_COATED_OSMIUM;9904;15;9900;21;;;9910;23;9914;15;;;9907.0;0.0
yf_ZW=F_d13;13000;INTARIAN_PEPPER_ROOT;12615;10;12612;19;;;12633;26;12635;26;;;12624.0;0.0
yf_ZW=F_d13;13100;ASH_COATED_OSMIUM;9905;10;9901;18;;;9911;22;9913;8;;;9908.0;0.0
yf_ZW=F_d13;13100;INTARIAN_PEPPER_ROOT;12623;13;12621;30;;;12631;6;12634;12;;;12627.0;0.0
yf_ZW=F_d13;13200;ASH_COATED_OSMIUM;9904;24;9901;27;;;9910;12;9912;25;;;9907.0;0.0
yf_ZW=F_d13;13200;INTARIAN_PEPPER_ROOT;12619;16;12617;18;;;12640;15;12644;18;;;12629.5;0.0
yf_ZW=F_d13;13300;ASH_COATED_OSMIUM;9899;7;9897;22;;;9915;16;9917;18;;;9907.0;0.0
yf_ZW=F_d13;13300;INTARIAN_PEPPER_ROOT;12629;26;12625;25;;;12635;17;12638;14;;;12632.0;0.0
yf_ZW=F_d13;13400;ASH_COATED_OSMIUM;9904;5;9901;21;;;9910;25;9914;23;;;9907.0;0.0
yf_ZW=F_d13;13400;INTARIAN_PEPPER_ROOT;12631;14;12629;24;;;12637;13;12639;32;;;12634.0;0.0
yf_ZW=F_d13;13500;ASH_COATED_OSMIUM;9903;15;9899;15;;;9910;18;9914;26;;;9906.5;0.0
yf_ZW=F_d13;13500;INTARIAN_PEPPER_ROOT;12630;14;12628;19;;;12643;21;12645;26;;;12636.5;0.0
yf_ZW=F_d13;13600;ASH_COATED_OSMIUM;9901;11;9899;24;;;9912;10;9916;12;;;9906.5;0.0
yf_ZW=F_d13;13600;INTARIAN_PEPPER_ROOT;12636;11;12634;16;;;12642;15;12646;19;;;12639.0;0.0
yf_ZW=F_d13;13700;ASH_COATED_OSMIUM;9900;12;9898;13;;;9913;5;9917;22;;;9906.5;0.0
yf_ZW=F_d13;13700;INTARIAN_PEPPER_ROOT;12633;5;12629;21;;;12650;11;12653;21;;;12641.5;0.0
yf_ZW=F_d13;13800;ASH_COATED_OSMIUM;9903;14;9901;18;;;9910;16;9913;21;;;9906.5;0.0
yf_ZW=F_d13;13800;INTARIAN_PEPPER_ROOT;12641;11;12637;23;;;12647;12;12649;27;;;12644.0;0.0
yf_ZW=F_d13;13900;ASH_COATED_OSMIUM;9903;16;9900;17;;;9909;15;9913;14;;;9906.0;0.0
yf_ZW=F_d13;13900;INTARIAN_PEPPER_ROOT;12644;12;12642;18;;;12650;19;12652;20;;;12647.0;0.0
yf_ZW=F_d13;14000;ASH_COATED_OSMIUM;9904;15;9902;24;;;9910;18;9913;16;;;9907.0;0.0
yf_ZW=F_d13;14000;INTARIAN_PEPPER_ROOT;12644;8;12641;20;;;12653;18;12657;23;;;12648.5;0.0
yf_ZW=F_d13;14100;ASH_COATED_OSMIUM;9900;11;9897;19;;;9914;11;9916;16;;;9907.0;0.0
yf_ZW=F_d13;14100;INTARIAN_PEPPER_ROOT;12646;25;12644;15;;;12655;5;12659;13;;;12650.5;0.0
yf_ZW=F_d13;14200;ASH_COATED_OSMIUM;9904;22;9900;23;;;9910;5;9913;20;;;9907.0;0.0
yf_ZW=F_d13;14200;INTARIAN_PEPPER_ROOT;12650;19;12646;16;;;12656;13;12660;12;;;12653.0;0.0
yf_ZW=F_d13;14300;ASH_COATED_OSMIUM;9904;17;9902;18;;;9910;6;9913;19;;;9907.0;0.0
yf_ZW=F_d13;14300;INTARIAN_PEPPER_ROOT;12649;17;12646;25;;;12663;6;12665;18;;;12656.0;0.0
yf_ZW=F_d13;14400;ASH_COATED_OSMIUM;9901;11;9899;21;;;9912;23;9914;23;;;9906.5;0.0
yf_ZW=F_d13;14400;INTARIAN_PEPPER_ROOT;12655;20;12652;20;;;12661;11;12663;18;;;12658.0;0.0
yf_ZW=F_d13;14500;ASH_COATED_OSMIUM;9904;16;9902;19;;;9910;10;9913;14;;;9907.0;0.0
yf_ZW=F_d13;14500;INTARIAN_PEPPER_ROOT;12658;11;12654;21;;;12664;13;12668;24;;;12661.0;0.0
yf_ZW=F_d13;14600;ASH_COATED_OSMIUM;9904;12;9902;15;;;9910;18;9913;13;;;9907.0;0.0
yf_ZW=F_d13;14600;INTARIAN_PEPPER_ROOT;12656;10;12653;16;;;12671;9;12674;16;;;12663.5;0.0
yf_ZW=F_d13;14700;ASH_COATED_OSMIUM;9898;25;9894;15;;;9915;12;9918;23;;;9906.5;0.0
yf_ZW=F_d13;14700;INTARIAN_PEPPER_ROOT;12658;12;12654;21;;;12673;8;12677;26;;;12665.5;0.0
yf_ZW=F_d13;14800;ASH_COATED_OSMIUM;9904;5;9901;13;;;9911;16;9914;12;;;9907.5;0.0
yf_ZW=F_d13;14800;INTARIAN_PEPPER_ROOT;12662;14;12658;13;;;12675;16;12679;17;;;12668.5;0.0
yf_ZW=F_d13;14900;ASH_COATED_OSMIUM;9900;24;9897;19;;;9913;13;9917;24;;;9906.5;0.0
yf_ZW=F_d13;14900;INTARIAN_PEPPER_ROOT;12668;14;12664;25;;;12674;15;12677;19;;;12671.0;0.0
yf_ZW=F_d13;15000;ASH_COATED_OSMIUM;9904;8;9902;14;;;9912;9;9914;8;;;9908.0;0.0
yf_ZW=F_d13;15000;INTARIAN_PEPPER_ROOT;12665;6;12663;32;;;12683;17;12687;17;;;12674.0;0.0
yf_ZW=F_d13;15100;ASH_COATED_OSMIUM;9904;19;9902;21;;;9910;12;9912;15;;;9907.0;0.0
yf_ZW=F_d13;15100;INTARIAN_PEPPER_ROOT;12673;6;12670;24;;;12679;16;12683;18;;;12676.0;0.0
yf_ZW=F_d13;15200;ASH_COATED_OSMIUM;9896;13;9893;22;;;9917;17;9920;25;;;9906.5;0.0
yf_ZW=F_d13;15200;INTARIAN_PEPPER_ROOT;12676;8;12673;28;;;12682;9;12685;17;;;12679.0;0.0
yf_ZW=F_d13;15300;ASH_COATED_OSMIUM;9901;15;9898;20;;;9913;12;9916;17;;;9907.0;0.0
yf_ZW=F_d13;15300;INTARIAN_PEPPER_ROOT;12678;18;12676;20;;;12684;11;12688;18;;;12681.0;0.0
yf_ZW=F_d13;15400;ASH_COATED_OSMIUM;9896;12;9894;23;;;9918;17;9921;17;;;9907.0;0.0
yf_ZW=F_d13;15400;INTARIAN_PEPPER_ROOT;12680;21;12678;23;;;12686;14;12689;22;;;12683.0;0.0
yf_ZW=F_d13;15500;ASH_COATED_OSMIUM;9904;15;9902;16;;;9910;17;9914;13;;;9907.0;0.0
yf_ZW=F_d13;15500;INTARIAN_PEPPER_ROOT;12678;17;12674;21;;;12693;19;12695;23;;;12685.5;0.0
yf_ZW=F_d13;15600;ASH_COATED_OSMIUM;9904;12;9901;27;;;9910;27;9912;26;;;9907.0;0.0
yf_ZW=F_d13;15600;INTARIAN_PEPPER_ROOT;12685;13;12683;20;;;12691;11;12693;17;;;12688.0;0.0
yf_ZW=F_d13;15700;ASH_COATED_OSMIUM;9904;11;9900;13;;;9910;14;9913;16;;;9907.0;0.0
yf_ZW=F_d13;15700;INTARIAN_PEPPER_ROOT;12687;16;12685;23;;;12693;14;12697;13;;;12690.0;0.0
yf_ZW=F_d13;15800;ASH_COATED_OSMIUM;9903;24;9900;22;;;9912;14;9914;19;;;9907.5;0.0
yf_ZW=F_d13;15800;INTARIAN_PEPPER_ROOT;12690;13;12688;20;;;12696;11;12699;23;;;12693.0;0.0
yf_ZW=F_d13;15900;ASH_COATED_OSMIUM;9904;10;9901;19;;;9910;15;9914;26;;;9907.0;0.0
yf_ZW=F_d13;15900;INTARIAN_PEPPER_ROOT;12692;13;12690;19;;;12698;18;12702;16;;;12695.0;0.0
yf_ZW=F_d13;16000;ASH_COATED_OSMIUM;9904;20;9901;20;;;9910;7;9913;17;;;9907.0;0.0
yf_ZW=F_d13;16000;INTARIAN_PEPPER_ROOT;12693;15;12689;19;;;12703;8;12706;8;;;12698.0;0.0
yf_ZW=F_d13;16100;ASH_COATED_OSMIUM;9904;12;9901;28;;;9910;19;9914;8;;;9907.0;0.0
yf_ZW=F_d13;16100;INTARIAN_PEPPER_ROOT;12698;13;12695;21;;;12704;21;12707;12;;;12701.0;0.0
yf_ZW=F_d13;16200;ASH_COATED_OSMIUM;9904;14;9901;22;;;9910;17;9914;16;;;9907.0;0.0
yf_ZW=F_d13;16200;INTARIAN_PEPPER_ROOT;12700;10;12696;15;;;12706;18;12709;22;;;12703.0;0.0
yf_ZW=F_d13;16300;ASH_COATED_OSMIUM;9902;11;9900;15;;;9911;20;9913;25;;;9906.5;0.0
yf_ZW=F_d13;16300;INTARIAN_PEPPER_ROOT;12702;7;12700;14;;;12708;13;12711;15;;;12705.0;0.0
yf_ZW=F_d13;16400;ASH_COATED_OSMIUM;9904;21;9900;17;;;9910;9;9914;23;;;9907.0;0.0
yf_ZW=F_d13;16400;INTARIAN_PEPPER_ROOT;12702;19;12700;24;;;12713;11;12715;22;;;12707.5;0.0
yf_ZW=F_d13;16500;ASH_COATED_OSMIUM;9905;11;9902;20;;;9911;21;9913;25;;;9908.0;0.0
yf_ZW=F_d13;16500;INTARIAN_PEPPER_ROOT;12701;18;12699;15;;;12719;22;12723;24;;;12710.0;0.0
yf_ZW=F_d13;16600;ASH_COATED_OSMIUM;9896;8;9893;22;;;9917;14;9921;17;;;9906.5;0.0
yf_ZW=F_d13;16600;INTARIAN_PEPPER_ROOT;12704;15;12700;28;;;12722;17;12726;18;;;12713.0;0.0
yf_ZW=F_d13;16700;ASH_COATED_OSMIUM;9899;12;9897;19;;;9916;19;9918;15;;;9907.5;0.0
yf_ZW=F_d13;16700;INTARIAN_PEPPER_ROOT;12712;5;12710;24;;;12718;18;12722;14;;;12715.0;0.0
yf_ZW=F_d13;16800;ASH_COATED_OSMIUM;9904;22;9900;26;;;9910;21;9914;13;;;9907.0;0.0
yf_ZW=F_d13;16800;INTARIAN_PEPPER_ROOT;12715;21;12713;18;;;12721;10;12724;13;;;12718.0;0.0
yf_ZW=F_d13;16900;ASH_COATED_OSMIUM;9904;16;9902;19;;;9910;16;9912;17;;;9907.0;0.0
yf_ZW=F_d13;16900;INTARIAN_PEPPER_ROOT;12717;8;12715;31;;;12723;13;12727;20;;;12720.0;0.0
yf_ZW=F_d13;17000;ASH_COATED_OSMIUM;9905;25;9902;17;;;9911;23;9913;15;;;9908.0;0.0
yf_ZW=F_d13;17000;INTARIAN_PEPPER_ROOT;12720;14;12718;16;;;12726;15;12730;22;;;12723.0;0.0
yf_ZW=F_d13;17100;ASH_COATED_OSMIUM;9905;10;9902;27;;;9911;14;9915;22;;;9908.0;0.0
yf_ZW=F_d13;17100;INTARIAN_PEPPER_ROOT;12721;11;12717;30;;;12727;18;12731;10;;;12724.0;0.0
yf_ZW=F_d13;17200;ASH_COATED_OSMIUM;9905;8;9903;14;;;9911;21;9913;20;;;9908.0;0.0
yf_ZW=F_d13;17200;INTARIAN_PEPPER_ROOT;12723;8;12720;17;;;12729;22;12733;15;;;12726.0;0.0
yf_ZW=F_d13;17300;ASH_COATED_OSMIUM;9904;17;9900;22;;;9910;14;9913;21;;;9907.0;0.0
yf_ZW=F_d13;17300;INTARIAN_PEPPER_ROOT;12719;13;12716;20;;;12736;22;12739;20;;;12727.5;0.0
yf_ZW=F_d13;17400;ASH_COATED_OSMIUM;9904;13;9901;19;;;9910;27;9914;25;;;9907.0;0.0
yf_ZW=F_d13;17400;INTARIAN_PEPPER_ROOT;12726;15;12723;17;;;12732;12;12734;8;;;12729.0;0.0
yf_ZW=F_d13;17500;ASH_COATED_OSMIUM;9902;15;9899;17;;;9913;19;9916;18;;;9907.5;0.0
yf_ZW=F_d13;17500;INTARIAN_PEPPER_ROOT;12727;22;12725;15;;;12734;13;12736;18;;;12730.5;0.0
yf_ZW=F_d13;17600;ASH_COATED_OSMIUM;9900;14;9898;21;;;9913;9;9917;23;;;9906.5;0.0
yf_ZW=F_d13;17600;INTARIAN_PEPPER_ROOT;12729;22;12726;25;;;12736;10;12740;20;;;12732.5;0.0
yf_ZW=F_d13;17700;ASH_COATED_OSMIUM;9904;14;9902;20;;;9910;8;9913;18;;;9907.0;0.0
yf_ZW=F_d13;17700;INTARIAN_PEPPER_ROOT;12731;11;12728;27;;;12737;21;12740;20;;;12734.0;0.0
yf_ZW=F_d13;17800;ASH_COATED_OSMIUM;9904;13;9902;16;;;9910;18;9914;16;;;9907.0;0.0
yf_ZW=F_d13;17800;INTARIAN_PEPPER_ROOT;12733;11;12730;20;;;12739;10;12741;16;;;12736.0;0.0
yf_ZW=F_d13;17900;ASH_COATED_OSMIUM;9904;26;9901;20;;;9910;17;9914;24;;;9907.0;0.0
yf_ZW=F_d13;17900;INTARIAN_PEPPER_ROOT;12731;17;12728;16;;;12744;10;12747;27;;;12737.5;0.0
yf_ZW=F_d13;18000;ASH_COATED_OSMIUM;9903;14;9899;25;;;9909;15;9912;20;;;9906.0;0.0
yf_ZW=F_d13;18000;INTARIAN_PEPPER_ROOT;12736;20;12734;24;;;12742;9;12744;10;;;12739.0;0.0
yf_ZW=F_d13;18100;ASH_COATED_OSMIUM;9898;20;9894;19;;;9916;14;9918;16;;;9907.0;0.0
yf_ZW=F_d13;18100;INTARIAN_PEPPER_ROOT;12738;20;12734;27;;;12744;8;12748;20;;;12741.0;0.0
yf_ZW=F_d13;18200;ASH_COATED_OSMIUM;9904;12;9900;20;;;9910;5;9913;19;;;9907.0;0.0
yf_ZW=F_d13;18200;INTARIAN_PEPPER_ROOT;12739;20;12735;14;;;12745;12;12749;19;;;12742.0;0.0
yf_ZW=F_d13;18300;ASH_COATED_OSMIUM;9901;21;9897;21;;;9915;14;9918;24;;;9908.0;0.0
yf_ZW=F_d13;18300;INTARIAN_PEPPER_ROOT;12741;12;12737;12;;;12747;10;12750;28;;;12744.0;0.0
yf_ZW=F_d13;18400;ASH_COATED_OSMIUM;9904;5;9901;23;;;9910;7;9912;19;;;9907.0;0.0
yf_ZW=F_d13;18400;INTARIAN_PEPPER_ROOT;12743;22;12739;15;;;12749;15;12752;19;;;12746.0;0.0
yf_ZW=F_d13;18500;ASH_COATED_OSMIUM;9903;20;9899;8;;;9909;23;9913;15;;;9906.0;0.0
yf_ZW=F_d13;18500;INTARIAN_PEPPER_ROOT;12744;11;12742;20;;;12750;18;12754;17;;;12747.0;0.0
yf_ZW=F_d13;18600;ASH_COATED_OSMIUM;9903;12;9900;20;;;9911;12;9915;19;;;9907.0;0.0
yf_ZW=F_d13;18600;INTARIAN_PEPPER_ROOT;12740;17;12738;15;;;12758;10;12760;14;;;12749.0;0.0
yf_ZW=F_d13;18700;ASH_COATED_OSMIUM;9903;20;9900;18;;;9909;11;9912;23;;;9906.0;0.0
yf_ZW=F_d13;18700;INTARIAN_PEPPER_ROOT;12747;12;12744;28;;;12753;13;12755;22;;;12750.0;0.0
yf_ZW=F_d13;18800;ASH_COATED_OSMIUM;9902;13;9898;11;;;9911;14;9915;20;;;9906.5;0.0
yf_ZW=F_d13;18800;INTARIAN_PEPPER_ROOT;12749;15;12745;20;;;12755;20;12757;22;;;12752.0;0.0
yf_ZW=F_d13;18900;ASH_COATED_OSMIUM;9904;19;9901;18;;;9910;12;9914;28;;;9907.0;0.0
yf_ZW=F_d13;18900;INTARIAN_PEPPER_ROOT;12750;19;12746;13;;;12756;23;12759;18;;;12753.0;0.0
yf_ZW=F_d13;19000;ASH_COATED_OSMIUM;9903;13;9899;10;;;9912;15;9914;23;;;9907.5;0.0
yf_ZW=F_d13;19000;INTARIAN_PEPPER_ROOT;12752;10;12748;14;;;12758;14;12761;19;;;12755.0;0.0
yf_ZW=F_d13;19100;ASH_COATED_OSMIUM;9903;6;9900;18;;;9909;14;9912;23;;;9906.0;0.0
yf_ZW=F_d13;19100;INTARIAN_PEPPER_ROOT;12754;18;12752;25;;;12760;17;12762;24;;;12757.0;0.0
yf_ZW=F_d13;19200;ASH_COATED_OSMIUM;9902;11;9899;24;;;9911;18;9915;16;;;9906.5;0.0
yf_ZW=F_d13;19200;INTARIAN_PEPPER_ROOT;12755;11;12753;25;;;12761;13;12763;22;;;12758.0;0.0
yf_ZW=F_d13;19300;ASH_COATED_OSMIUM;9897;16;9893;24;;;9916;14;9919;32;;;9906.5;0.0
yf_ZW=F_d13;19300;INTARIAN_PEPPER_ROOT;12755;19;12753;13;;;12766;19;12768;20;;;12760.5;0.0
yf_ZW=F_d13;19400;ASH_COATED_OSMIUM;9903;17;9900;17;;;9909;19;9913;22;;;9906.0;0.0
yf_ZW=F_d13;19400;INTARIAN_PEPPER_ROOT;12758;16;12755;25;;;12765;15;12769;23;;;12761.5;0.0
yf_ZW=F_d13;19500;ASH_COATED_OSMIUM;9901;5;9899;12;;;9911;18;9914;16;;;9906.0;0.0
yf_ZW=F_d13;19500;INTARIAN_PEPPER_ROOT;12747;17;12745;28;;;12779;16;12783;25;;;12763.0;0.0
yf_ZW=F_d13;19600;ASH_COATED_OSMIUM;9903;11;9899;12;;;9910;13;9912;22;;;9906.5;0.0
yf_ZW=F_d13;19600;INTARIAN_PEPPER_ROOT;12755;13;12752;18;;;12775;21;12777;21;;;12765.0;0.0
yf_ZW=F_d13;19700;ASH_COATED_OSMIUM;9898;23;9896;14;;;9915;20;9918;17;;;9906.5;0.0
yf_ZW=F_d13;19700;INTARIAN_PEPPER_ROOT;12764;16;12762;21;;;12770;13;12774;18;;;12767.0;0.0
yf_ZW=F_d13;19800;ASH_COATED_OSMIUM;9903;17;9901;22;;;9909;11;9911;16;;;9906.0;0.0
yf_ZW=F_d13;19800;INTARIAN_PEPPER_ROOT;12766;18;12763;15;;;12772;7;12775;17;;;12769.0;0.0
yf_ZW=F_d13;19900;ASH_COATED_OSMIUM;9903;14;9901;13;;;9909;16;9913;17;;;9906.0;0.0
yf_ZW=F_d13;19900;INTARIAN_PEPPER_ROOT;12767;14;12764;15;;;12773;12;12777;25;;;12770.0;0.0
yf_ZW=F_d13;20000;ASH_COATED_OSMIUM;9903;17;9899;19;;;9909;15;9913;17;;;9906.0;0.0
yf_ZW=F_d13;20000;INTARIAN_PEPPER_ROOT;12769;10;12766;17;;;12775;11;12777;21;;;12772.0;0.0
yf_ZW=F_d13;20100;ASH_COATED_OSMIUM;9902;19;9898;17;;;9908;9;9910;15;;;9905.0;0.0
yf_ZW=F_d13;20100;INTARIAN_PEPPER_ROOT;12770;10;12766;26;;;12776;9;12780;20;;;12773.0;0.0
yf_ZW=F_d13;20200;ASH_COATED_OSMIUM;9903;7;9901;24;;;9909;16;9912;18;;;9906.0;0.0
yf_ZW=F_d13;20200;INTARIAN_PEPPER_ROOT;12769;13;12766;24;;;12781;17;12785;22;;;12775.0;0.0
yf_ZW=F_d13;20300;ASH_COATED_OSMIUM;9899;6;9897;12;;;9912;13;9916;23;;;9905.5;0.0
yf_ZW=F_d13;20300;INTARIAN_PEPPER_ROOT;12773;20;12770;11;;;12779;10;12781;19;;;12776.0;0.0
yf_ZW=F_d13;20400;ASH_COATED_OSMIUM;9898;19;9894;29;;;9912;13;9915;16;;;9905.0;0.0
yf_ZW=F_d13;20400;INTARIAN_PEPPER_ROOT;12770;13;12766;11;;;12785;12;12789;21;;;12777.5;0.0
yf_ZW=F_d13;20500;ASH_COATED_OSMIUM;9901;5;9898;23;;;9910;14;9914;25;;;9905.5;0.0
yf_ZW=F_d13;20500;INTARIAN_PEPPER_ROOT;12777;23;12774;18;;;12783;15;12787;25;;;12780.0;0.0
yf_ZW=F_d13;20600;ASH_COATED_OSMIUM;9889;12;9886;14;;;9922;21;9924;16;;;9905.5;0.0
yf_ZW=F_d13;20600;INTARIAN_PEPPER_ROOT;12777;20;12773;12;;;12786;5;12789;14;;;12781.5;0.0
yf_ZW=F_d13;20700;ASH_COATED_OSMIUM;9898;8;9895;13;;;9913;20;9916;15;;;9905.5;0.0
yf_ZW=F_d13;20700;INTARIAN_PEPPER_ROOT;12780;14;12778;18;;;12787;21;12789;14;;;12783.5;0.0
yf_ZW=F_d13;20800;ASH_COATED_OSMIUM;9903;5;9900;23;;;9909;11;9913;20;;;9906.0;0.0
yf_ZW=F_d13;20800;INTARIAN_PEPPER_ROOT;12782;5;12780;16;;;12788;5;12791;26;;;12785.0;0.0
yf_ZW=F_d13;20900;ASH_COATED_OSMIUM;9892;21;9890;20;;;9921;15;9923;22;;;9906.5;0.0
yf_ZW=F_d13;20900;INTARIAN_PEPPER_ROOT;12783;15;12781;19;;;12789;21;12791;22;;;12786.0;0.0
yf_ZW=F_d13;21000;ASH_COATED_OSMIUM;9899;21;9897;26;;;9911;17;9913;19;;;9905.0;0.0
yf_ZW=F_d13;21000;INTARIAN_PEPPER_ROOT;12778;14;12776;23;;;12798;19;12802;10;;;12788.0;0.0
yf_ZW=F_d13;21100;ASH_COATED_OSMIUM;9895;19;9891;22;;;9916;18;9920;27;;;9905.5;0.0
yf_ZW=F_d13;21100;INTARIAN_PEPPER_ROOT;12787;21;12785;25;;;12793;16;12796;18;;;12790.0;0.0
yf_ZW=F_d13;21200;ASH_COATED_OSMIUM;9902;18;9899;18;;;9908;17;9910;17;;;9905.0;0.0
yf_ZW=F_d13;21200;INTARIAN_PEPPER_ROOT;12788;18;12785;20;;;12794;10;12798;14;;;12791.0;0.0
yf_ZW=F_d13;21300;ASH_COATED_OSMIUM;9902;9;9899;22;;;9908;17;9912;17;;;9905.0;0.0
yf_ZW=F_d13;21300;INTARIAN_PEPPER_ROOT;12786;8;12783;28;;;12799;9;12803;26;;;12792.5;0.0
yf_ZW=F_d13;21400;ASH_COATED_OSMIUM;9895;13;9893;18;;;9916;8;9919;13;;;9905.5;0.0
yf_ZW=F_d13;21400;INTARIAN_PEPPER_ROOT;12786;13;12784;16;;;12803;21;12807;22;;;12794.5;0.0
yf_ZW=F_d13;21500;ASH_COATED_OSMIUM;9902;6;9898;15;;;9908;13;9911;28;;;9905.0;0.0
yf_ZW=F_d13;21500;INTARIAN_PEPPER_ROOT;12789;11;12785;20;;;12803;7;12805;13;;;12796.0;0.0
yf_ZW=F_d13;21600;ASH_COATED_OSMIUM;9901;18;9897;24;;;9908;22;9910;20;;;9904.5;0.0
yf_ZW=F_d13;21600;INTARIAN_PEPPER_ROOT;12795;19;12791;18;;;12801;8;12805;17;;;12798.0;0.0
yf_ZW=F_d13;21700;ASH_COATED_OSMIUM;9897;8;9894;16;;;9913;9;9916;13;;;9905.0;0.0
yf_ZW=F_d13;21700;INTARIAN_PEPPER_ROOT;12791;18;12787;18;;;12807;24;12810;24;;;12799.0;0.0
yf_ZW=F_d13;21800;ASH_COATED_OSMIUM;9902;13;9898;24;;;9908;11;9912;14;;;9905.0;0.0
yf_ZW=F_d13;21800;INTARIAN_PEPPER_ROOT;12785;18;12781;18;;;12818;11;12822;10;;;12801.5;0.0
yf_ZW=F_d13;21900;ASH_COATED_OSMIUM;9901;16;9899;30;;;9909;11;9911;19;;;9905.0;0.0
yf_ZW=F_d13;21900;INTARIAN_PEPPER_ROOT;12799;21;12795;29;;;12805;12;12808;17;;;12802.0;0.0
yf_ZW=F_d13;22000;ASH_COATED_OSMIUM;9902;9;9899;16;;;9908;18;9910;26;;;9905.0;0.0
yf_ZW=F_d13;22000;INTARIAN_PEPPER_ROOT;12801;12;12799;17;;;12807;18;12811;23;;;12804.0;0.0
yf_ZW=F_d13;22100;ASH_COATED_OSMIUM;9902;9;9900;15;;;9908;20;9911;19;;;9905.0;0.0
yf_ZW=F_d13;22100;INTARIAN_PEPPER_ROOT;12802;24;12798;21;;;12808;5;12812;20;;;12805.0;0.0
yf_ZW=F_d13;22200;ASH_COATED_OSMIUM;9902;12;9900;21;;;9908;19;9911;22;;;9905.0;0.0
yf_ZW=F_d13;22200;INTARIAN_PEPPER_ROOT;12804;10;12801;22;;;12810;21;12814;30;;;12807.0;0.0
yf_ZW=F_d13;22300;ASH_COATED_OSMIUM;9902;17;9898;20;;;9908;15;9911;9;;;9905.0;0.0
yf_ZW=F_d13;22300;INTARIAN_PEPPER_ROOT;12802;18;12799;19;;;12817;8;12820;19;;;12809.5;0.0
yf_ZW=F_d13;22400;ASH_COATED_OSMIUM;9893;9;9889;29;;;9917;16;9919;19;;;9905.0;0.0
yf_ZW=F_d13;22400;INTARIAN_PEPPER_ROOT;12808;20;12804;10;;;12814;19;12818;17;;;12811.0;0.0
yf_ZW=F_d13;22500;ASH_COATED_OSMIUM;9899;16;9895;23;;;9910;16;9912;16;;;9904.5;0.0
yf_ZW=F_d13;22500;INTARIAN_PEPPER_ROOT;12806;18;12804;14;;;12820;16;12824;17;;;12813.0;0.0
yf_ZW=F_d13;22600;ASH_COATED_OSMIUM;9902;7;9899;25;;;9908;14;9911;17;;;9905.0;0.0
yf_ZW=F_d13;22600;INTARIAN_PEPPER_ROOT;12804;15;12801;25;;;12824;11;12827;24;;;12814.0;0.0
yf_ZW=F_d13;22700;ASH_COATED_OSMIUM;9899;9;9895;27;;;9910;14;9913;34;;;9904.5;0.0
yf_ZW=F_d13;22700;INTARIAN_PEPPER_ROOT;12807;19;12805;31;;;12824;12;12828;12;;;12815.5;0.0
yf_ZW=F_d13;22800;ASH_COATED_OSMIUM;9897;22;9893;17;;;9913;10;9917;35;;;9905.0;0.0
yf_ZW=F_d13;22800;INTARIAN_PEPPER_ROOT;12809;16;12805;20;;;12828;20;12830;18;;;12818.5;0.0
yf_ZW=F_d13;22900;ASH_COATED_OSMIUM;9902;20;9898;28;;;9908;21;9912;19;;;9905.0;0.0
yf_ZW=F_d13;22900;INTARIAN_PEPPER_ROOT;12815;15;12811;14;;;12824;19;12828;18;;;12819.5;0.0
yf_ZW=F_d13;23000;ASH_COATED_OSMIUM;9902;18;9899;16;;;9908;19;9910;23;;;9905.0;0.0
yf_ZW=F_d13;23000;INTARIAN_PEPPER_ROOT;12817;9;12815;20;;;12826;14;12828;13;;;12821.5;0.0
yf_ZW=F_d13;23100;ASH_COATED_OSMIUM;9901;16;9897;23;;;9908;12;9910;18;;;9904.5;0.0
yf_ZW=F_d13;23100;INTARIAN_PEPPER_ROOT;12819;16;12815;10;;;12827;22;12830;22;;;12823.0;0.0
yf_ZW=F_d13;23200;ASH_COATED_OSMIUM;9899;11;9896;22;;;9909;12;9912;24;;;9904.0;0.0
yf_ZW=F_d13;23200;INTARIAN_PEPPER_ROOT;12818;18;12816;22;;;12831;9;12834;26;;;12824.5;0.0
yf_ZW=F_d13;23300;ASH_COATED_OSMIUM;9896;16;9893;16;;;9914;14;9917;10;;;9905.0;0.0
yf_ZW=F_d13;23300;INTARIAN_PEPPER_ROOT;12822;17;12819;19;;;12830;15;12834;17;;;12826.0;0.0
yf_ZW=F_d13;23400;ASH_COATED_OSMIUM;9900;18;9897;19;;;9910;13;9912;27;;;9905.0;0.0
yf_ZW=F_d13;23400;INTARIAN_PEPPER_ROOT;12824;17;12820;28;;;12830;8;12832;17;;;12827.0;0.0
yf_ZW=F_d13;23500;ASH_COATED_OSMIUM;9902;10;9898;14;;;9908;14;9912;18;;;9905.0;0.0
yf_ZW=F_d13;23500;INTARIAN_PEPPER_ROOT;12826;10;12824;18;;;12832;21;12834;21;;;12829.0;0.0
yf_ZW=F_d13;23600;ASH_COATED_OSMIUM;9899;14;9896;19;;;9908;9;9911;20;;;9903.5;0.0
yf_ZW=F_d13;23600;INTARIAN_PEPPER_ROOT;12827;16;12824;11;;;12833;10;12835;22;;;12830.0;0.0
yf_ZW=F_d13;23700;ASH_COATED_OSMIUM;9900;11;9897;13;;;9908;22;9911;20;;;9904.0;0.0
yf_ZW=F_d13;23700;INTARIAN_PEPPER_ROOT;12827;17;12825;16;;;12838;16;12840;24;;;12832.5;0.0
yf_ZW=F_d13;23800;ASH_COATED_OSMIUM;9901;14;9897;28;;;9907;15;9911;19;;;9904.0;0.0
yf_ZW=F_d13;23800;INTARIAN_PEPPER_ROOT;12831;16;12827;17;;;12837;13;12841;20;;;12834.0;0.0
yf_ZW=F_d13;23900;ASH_COATED_OSMIUM;9900;17;9897;12;;;9906;15;9910;8;;;9903.0;0.0
yf_ZW=F_d13;23900;INTARIAN_PEPPER_ROOT;12833;19;12829;10;;;12839;13;12843;16;;;12836.0;0.0
yf_ZW=F_d13;24000;ASH_COATED_OSMIUM;9901;18;9897;10;;;9907;13;9910;17;;;9904.0;0.0
yf_ZW=F_d13;24000;INTARIAN_PEPPER_ROOT;12830;17;12827;18;;;12844;22;12848;27;;;12837.0;0.0
yf_ZW=F_d13;24100;ASH_COATED_OSMIUM;9901;10;9897;21;;;9907;23;9910;19;;;9904.0;0.0
yf_ZW=F_d13;24100;INTARIAN_PEPPER_ROOT;12833;18;12831;23;;;12846;13;12848;9;;;12839.5;0.0
yf_ZW=F_d13;24200;ASH_COATED_OSMIUM;9901;15;9899;18;;;9907;12;9911;15;;;9904.0;0.0
yf_ZW=F_d13;24200;INTARIAN_PEPPER_ROOT;12837;9;12834;21;;;12843;15;12846;26;;;12840.0;0.0
yf_ZW=F_d13;24300;ASH_COATED_OSMIUM;9901;9;9897;21;;;9907;14;9911;27;;;9904.0;0.0
yf_ZW=F_d13;24300;INTARIAN_PEPPER_ROOT;12840;11;12837;22;;;12846;14;12850;17;;;12843.0;0.0
yf_ZW=F_d13;24400;ASH_COATED_OSMIUM;9901;6;9899;16;;;9907;17;9911;14;;;9904.0;0.0
yf_ZW=F_d13;24400;INTARIAN_PEPPER_ROOT;12835;19;12832;16;;;12852;13;12854;16;;;12843.5;0.0
yf_ZW=F_d13;24500;ASH_COATED_OSMIUM;9901;13;9897;13;;;9907;23;9910;12;;;9904.0;0.0
yf_ZW=F_d13;24500;INTARIAN_PEPPER_ROOT;12843;16;12841;12;;;12849;11;12852;17;;;12846.0;0.0
yf_ZW=F_d13;24600;ASH_COATED_OSMIUM;9898;15;9894;19;;;9910;12;9912;21;;;9904.0;0.0
yf_ZW=F_d13;24600;INTARIAN_PEPPER_ROOT;12844;22;12840;34;;;12850;13;12854;20;;;12847.0;0.0
yf_ZW=F_d13;24700;ASH_COATED_OSMIUM;9892;19;9888;18;;;9916;13;9920;22;;;9904.0;0.0
yf_ZW=F_d13;24700;INTARIAN_PEPPER_ROOT;12845;10;12843;13;;;12853;6;12856;18;;;12849.0;0.0
yf_ZW=F_d13;24800;ASH_COATED_OSMIUM;9900;14;9897;8;;;9906;17;9910;17;;;9903.0;0.0
yf_ZW=F_d13;24800;INTARIAN_PEPPER_ROOT;12847;16;12844;29;;;12853;14;12855;27;;;12850.0;0.0
yf_ZW=F_d13;24900;ASH_COATED_OSMIUM;9901;14;9897;18;;;9907;15;9910;21;;;9904.0;0.0
yf_ZW=F_d13;24900;INTARIAN_PEPPER_ROOT;12849;18;12845;17;;;12855;18;12858;18;;;12852.0;0.0
yf_ZW=F_d13;25000;ASH_COATED_OSMIUM;9901;8;9898;19;;;9907;19;9911;18;;;9904.0;0.0
yf_ZW=F_d13;25000;INTARIAN_PEPPER_ROOT;12851;12;12849;18;;;12857;16;12861;21;;;12854.0;0.0
yf_ZW=F_d13;25100;ASH_COATED_OSMIUM;9899;16;9897;18;;;9907;14;9911;15;;;9903.0;0.0
yf_ZW=F_d13;25100;INTARIAN_PEPPER_ROOT;12852;15;12848;21;;;12858;12;12860;23;;;12855.0;0.0
yf_ZW=F_d13;25200;ASH_COATED_OSMIUM;9900;12;9896;11;;;9906;7;9909;22;;;9903.0;0.0
yf_ZW=F_d13;25200;INTARIAN_PEPPER_ROOT;12854;12;12851;16;;;12860;13;12862;27;;;12857.0;0.0
yf_ZW=F_d13;25300;ASH_COATED_OSMIUM;9901;27;9898;11;;;9907;6;9910;25;;;9904.0;0.0
yf_ZW=F_d13;25300;INTARIAN_PEPPER_ROOT;12855;12;12852;15;;;12861;5;12865;16;;;12858.0;0.0
yf_ZW=F_d13;25400;ASH_COATED_OSMIUM;9897;17;9895;25;;;9910;17;9914;11;;;9903.5;0.0
yf_ZW=F_d13;25400;INTARIAN_PEPPER_ROOT;12853;15;12850;16;;;12868;17;12871;22;;;12860.5;0.0
yf_ZW=F_d13;25500;ASH_COATED_OSMIUM;9900;15;9896;20;;;9906;15;9908;17;;;9903.0;0.0
yf_ZW=F_d13;25500;INTARIAN_PEPPER_ROOT;12859;12;12857;11;;;12865;16;12868;24;;;12862.0;0.0
yf_ZW=F_d13;25600;ASH_COATED_OSMIUM;9900;19;9898;28;;;9906;19;9909;18;;;9903.0;0.0
yf_ZW=F_d13;25600;INTARIAN_PEPPER_ROOT;12858;14;12856;20;;;12869;20;12871;16;;;12863.5;0.0
yf_ZW=F_d13;25700;ASH_COATED_OSMIUM;9899;20;9896;17;;;9909;21;9911;26;;;9904.0;0.0
yf_ZW=F_d13;25700;INTARIAN_PEPPER_ROOT;12859;6;12856;12;;;12870;5;12874;11;;;12864.5;0.0
yf_ZW=F_d13;25800;ASH_COATED_OSMIUM;9899;11;9897;25;;;9907;17;9910;15;;;9903.0;0.0
yf_ZW=F_d13;25800;INTARIAN_PEPPER_ROOT;12864;19;12861;24;;;12870;12;12872;19;;;12867.0;0.0
yf_ZW=F_d13;25900;ASH_COATED_OSMIUM;9898;14;9896;16;;;9907;11;9910;19;;;9902.5;0.0
yf_ZW=F_d13;25900;INTARIAN_PEPPER_ROOT;12864;14;12860;14;;;12873;13;12876;16;;;12868.5;0.0
yf_ZW=F_d13;26000;ASH_COATED_OSMIUM;9897;12;9893;15;;;9909;19;9911;23;;;9903.0;0.0
yf_ZW=F_d13;26000;INTARIAN_PEPPER_ROOT;12863;11;12859;24;;;12877;25;12880;15;;;12870.0;0.0
yf_ZW=F_d13;26100;ASH_COATED_OSMIUM;9900;20;9896;16;;;9906;22;9908;22;;;9903.0;0.0
yf_ZW=F_d13;26100;INTARIAN_PEPPER_ROOT;12862;14;12859;12;;;12883;16;12887;17;;;12872.5;0.0
yf_ZW=F_d13;26200;ASH_COATED_OSMIUM;9899;23;9895;20;;;9907;8;9911;19;;;9903.0;0.0
yf_ZW=F_d13;26200;INTARIAN_PEPPER_ROOT;12870;15;12866;13;;;12876;20;12878;21;;;12873.0;0.0
yf_ZW=F_d13;26300;ASH_COATED_OSMIUM;9900;13;9897;15;;;9906;21;9910;22;;;9903.0;0.0
yf_ZW=F_d13;26300;INTARIAN_PEPPER_ROOT;12872;7;12870;14;;;12878;20;12880;28;;;12875.0;0.0
yf_ZW=F_d13;26400;ASH_COATED_OSMIUM;9900;9;9897;22;;;9906;26;9908;20;;;9903.0;0.0
yf_ZW=F_d13;26400;INTARIAN_PEPPER_ROOT;12874;8;12871;22;;;12880;14;12883;10;;;12877.0;0.0
yf_ZW=F_d13;26500;ASH_COATED_OSMIUM;9898;19;9896;18;;;9909;6;9912;22;;;9903.5;0.0
yf_ZW=F_d13;26500;INTARIAN_PEPPER_ROOT;12872;15;12868;21;;;12884;13;12888;15;;;12878.0;0.0
yf_ZW=F_d13;26600;ASH_COATED_OSMIUM;9900;17;9896;23;;;9906;23;9910;21;;;9903.0;0.0
yf_ZW=F_d13;26600;INTARIAN_PEPPER_ROOT;12877;13;12874;26;;;12883;12;12885;18;;;12880.0;0.0
yf_ZW=F_d13;26700;ASH_COATED_OSMIUM;9896;6;9893;20;;;9910;5;9912;11;;;9903.0;0.0
yf_ZW=F_d13;26700;INTARIAN_PEPPER_ROOT;12879;16;12875;22;;;12885;22;12888;21;;;12882.0;0.0
yf_ZW=F_d13;26800;ASH_COATED_OSMIUM;9900;15;9897;14;;;9906;16;9908;25;;;9903.0;0.0
yf_ZW=F_d13;26800;INTARIAN_PEPPER_ROOT;12879;17;12875;9;;;12888;12;12891;18;;;12883.5;0.0
yf_ZW=F_d13;26900;ASH_COATED_OSMIUM;9899;9;9895;24;;;9905;20;9909;16;;;9902.0;0.0
yf_ZW=F_d13;26900;INTARIAN_PEPPER_ROOT;12882;10;12879;26;;;12888;12;12892;21;;;12885.0;0.0
yf_ZW=F_d13;27000;ASH_COATED_OSMIUM;9896;13;9894;17;;;9910;10;9914;21;;;9903.0;0.0
yf_ZW=F_d13;27000;INTARIAN_PEPPER_ROOT;12883;7;12881;17;;;12889;13;12892;16;;;12886.0;0.0
yf_ZW=F_d13;27100;ASH_COATED_OSMIUM;9897;7;9893;20;;;9909;15;9912;22;;;9903.0;0.0
yf_ZW=F_d13;27100;INTARIAN_PEPPER_ROOT;12885;12;12881;14;;;12892;12;12896;26;;;12888.5;0.0
yf_ZW=F_d13;27200;ASH_COATED_OSMIUM;9899;20;9896;19;;;9905;5;9909;21;;;9902.0;0.0
yf_ZW=F_d13;27200;INTARIAN_PEPPER_ROOT;12886;11;12882;25;;;12893;10;12897;20;;;12889.5;0.0
yf_ZW=F_d13;27300;ASH_COATED_OSMIUM;9894;11;9890;22;;;9911;12;9915;25;;;9902.5;0.0
yf_ZW=F_d13;27300;INTARIAN_PEPPER_ROOT;12889;14;12886;22;;;12895;18;12897;19;;;12892.0;0.0
yf_ZW=F_d13;27400;ASH_COATED_OSMIUM;9899;17;9895;16;;;9905;7;9907;12;;;9902.0;0.0
yf_ZW=F_d13;27400;INTARIAN_PEPPER_ROOT;12890;19;12888;15;;;12896;17;12899;20;;;12893.0;0.0
yf_ZW=F_d13;27500;ASH_COATED_OSMIUM;9899;12;9897;17;;;9905;18;9908;16;;;9902.0;0.0
yf_ZW=F_d13;27500;INTARIAN_PEPPER_ROOT;12891;8;12889;13;;;12899;19;12901;22;;;12895.0;0.0
yf_ZW=F_d13;27600;ASH_COATED_OSMIUM;9899;9;9895;20;;;9905;10;9908;12;;;9902.0;0.0
yf_ZW=F_d13;27600;INTARIAN_PEPPER_ROOT;12892;15;12888;24;;;12902;6;12904;23;;;12897.0;0.0
yf_ZW=F_d13;27700;ASH_COATED_OSMIUM;9894;21;9890;24;;;9913;9;9917;12;;;9903.5;0.0
yf_ZW=F_d13;27700;INTARIAN_PEPPER_ROOT;12893;19;12890;18;;;12903;12;12906;20;;;12898.0;0.0
yf_ZW=F_d13;27800;ASH_COATED_OSMIUM;9899;11;9896;24;;;9905;19;9908;19;;;9902.0;0.0
yf_ZW=F_d13;27800;INTARIAN_PEPPER_ROOT;12897;12;12894;26;;;12903;24;12905;17;;;12900.0;0.0
yf_ZW=F_d13;27900;ASH_COATED_OSMIUM;9900;20;9896;15;;;9906;10;9910;17;;;9903.0;0.0
yf_ZW=F_d13;27900;INTARIAN_PEPPER_ROOT;12890;19;12886;21;;;12912;17;12914;24;;;12901.0;0.0
yf_ZW=F_d13;28000;ASH_COATED_OSMIUM;9899;12;9896;14;;;9905;9;9908;24;;;9902.0;0.0
yf_ZW=F_d13;28000;INTARIAN_PEPPER_ROOT;12899;8;12897;17;;;12905;24;12907;22;;;12902.0;0.0
yf_ZW=F_d13;28100;ASH_COATED_OSMIUM;9899;24;9895;18;;;9905;14;9908;22;;;9902.0;0.0
yf_ZW=F_d13;28100;INTARIAN_PEPPER_ROOT;12901;17;12899;15;;;12907;10;12909;8;;;12904.0;0.0
yf_ZW=F_d13;28200;ASH_COATED_OSMIUM;9899;9;9896;18;;;9905;18;9909;21;;;9902.0;0.0
yf_ZW=F_d13;28200;INTARIAN_PEPPER_ROOT;12904;14;12900;26;;;12910;29;12913;19;;;12907.0;0.0
yf_ZW=F_d13;28300;ASH_COATED_OSMIUM;9888;13;9885;22;;;9916;18;9920;14;;;9902.0;0.0
yf_ZW=F_d13;28300;INTARIAN_PEPPER_ROOT;12896;18;12893;24;;;12919;6;12923;19;;;12907.5;0.0
yf_ZW=F_d13;28400;ASH_COATED_OSMIUM;9899;7;9895;16;;;9905;12;9909;22;;;9902.0;0.0
yf_ZW=F_d13;28400;INTARIAN_PEPPER_ROOT;12900;19;12898;15;;;12918;13;12922;23;;;12909.0;0.0
yf_ZW=F_d13;28500;ASH_COATED_OSMIUM;9899;21;9895;17;;;9905;27;9908;11;;;9902.0;0.0
yf_ZW=F_d13;28500;INTARIAN_PEPPER_ROOT;12908;18;12904;16;;;12914;10;12917;21;;;12911.0;0.0
yf_ZW=F_d13;28600;ASH_COATED_OSMIUM;9898;11;9895;17;;;9905;15;9907;10;;;9901.5;0.0
yf_ZW=F_d13;28600;INTARIAN_PEPPER_ROOT;12909;19;12905;14;;;12919;18;12922;20;;;12914.0;0.0
yf_ZW=F_d13;28700;ASH_COATED_OSMIUM;9897;26;9894;19;;;9907;14;9910;22;;;9902.0;0.0
yf_ZW=F_d13;28700;INTARIAN_PEPPER_ROOT;12910;22;12907;22;;;12920;14;12923;19;;;12915.0;0.0
yf_ZW=F_d13;28800;ASH_COATED_OSMIUM;9897;13;9893;14;;;9907;11;9909;22;;;9902.0;0.0
yf_ZW=F_d13;28800;INTARIAN_PEPPER_ROOT;12913;17;12910;22;;;12919;21;12922;15;;;12916.0;0.0
yf_ZW=F_d13;28900;ASH_COATED_OSMIUM;9899;16;9896;16;;;9905;19;9908;19;;;9902.0;0.0
yf_ZW=F_d13;28900;INTARIAN_PEPPER_ROOT;12912;23;12910;12;;;12925;20;12929;23;;;12918.5;0.0
yf_ZW=F_d13;29000;ASH_COATED_OSMIUM;9899;16;9897;26;;;9905;7;9908;23;;;9902.0;0.0
yf_ZW=F_d13;29000;INTARIAN_PEPPER_ROOT;12909;19;12906;21;;;12929;17;12933;26;;;12919.0;0.0
yf_ZW=F_d13;29100;ASH_COATED_OSMIUM;9897;20;9894;17;;;9906;15;9910;25;;;9901.5;0.0
yf_ZW=F_d13;29100;INTARIAN_PEPPER_ROOT;12918;15;12916;21;;;12924;10;12926;20;;;12921.0;0.0
yf_ZW=F_d13;29200;ASH_COATED_OSMIUM;9899;12;9895;16;;;9905;18;9909;26;;;9902.0;0.0
yf_ZW=F_d13;29200;INTARIAN_PEPPER_ROOT;12917;15;12914;21;;;12928;8;12930;26;;;12922.5;0.0
yf_ZW=F_d13;29300;ASH_COATED_OSMIUM;9898;13;9896;16;;;9904;15;9908;23;;;9901.0;0.0
yf_ZW=F_d13;29300;INTARIAN_PEPPER_ROOT;12921;18;12918;17;;;12927;5;12929;20;;;12924.0;0.0
yf_ZW=F_d13;29400;ASH_COATED_OSMIUM;9896;13;9892;17;;;9906;9;9910;20;;;9901.0;0.0
yf_ZW=F_d13;29400;INTARIAN_PEPPER_ROOT;12923;15;12920;21;;;12929;16;12933;25;;;12926.0;0.0
yf_ZW=F_d13;29500;ASH_COATED_OSMIUM;9898;17;9894;29;;;9906;13;9909;11;;;9902.0;0.0
yf_ZW=F_d13;29500;INTARIAN_PEPPER_ROOT;12925;11;12921;23;;;12931;19;12934;14;;;12928.0;0.0
yf_ZW=F_d13;29600;ASH_COATED_OSMIUM;9899;8;9895;23;;;9905;16;9909;13;;;9902.0;0.0
yf_ZW=F_d13;29600;INTARIAN_PEPPER_ROOT;12920;20;12918;12;;;12938;14;12940;32;;;12929.0;0.0
yf_ZW=F_d13;29700;ASH_COATED_OSMIUM;9894;21;9891;23;;;9909;10;9911;19;;;9901.5;0.0
yf_ZW=F_d13;29700;INTARIAN_PEPPER_ROOT;12928;6;12925;14;;;12934;11;12938;24;;;12931.0;0.0
yf_ZW=F_d13;29800;ASH_COATED_OSMIUM;9898;17;9895;19;;;9904;18;9907;13;;;9901.0;0.0
yf_ZW=F_d13;29800;INTARIAN_PEPPER_ROOT;12929;5;12925;11;;;12935;12;12939;24;;;12932.0;0.0
yf_ZW=F_d13;29900;ASH_COATED_OSMIUM;9899;10;9895;19;;;9905;17;9907;17;;;9902.0;0.0
yf_ZW=F_d13;29900;INTARIAN_PEPPER_ROOT;12931;26;12928;22;;;12937;14;12939;19;;;12934.0;0.0
yf_ZW=F_d13;30000;ASH_COATED_OSMIUM;9894;30;9892;15;;;9908;17;9912;26;;;9901.0;0.0
yf_ZW=F_d13;30000;INTARIAN_PEPPER_ROOT;12928;17;12924;24;;;12943;16;12945;17;;;12935.5;0.0
yf_ZW=F_d13;30100;ASH_COATED_OSMIUM;9898;21;9894;27;;;9904;17;9907;20;;;9901.0;0.0
yf_ZW=F_d13;30100;INTARIAN_PEPPER_ROOT;12933;11;12930;14;;;12942;18;12946;22;;;12937.5;0.0
yf_ZW=F_d13;30200;ASH_COATED_OSMIUM;9898;12;9894;19;;;9904;14;9906;13;;;9901.0;0.0
yf_ZW=F_d13;30200;INTARIAN_PEPPER_ROOT;12929;17;12925;26;;;12950;13;12954;26;;;12939.5;0.0
yf_ZW=F_d13;30300;ASH_COATED_OSMIUM;9895;10;9891;21;;;9906;18;9910;18;;;9900.5;0.0
yf_ZW=F_d13;30300;INTARIAN_PEPPER_ROOT;12938;9;12936;27;;;12944;9;12948;18;;;12941.0;0.0
yf_ZW=F_d13;30400;ASH_COATED_OSMIUM;9898;10;9895;21;;;9904;20;9906;19;;;9901.0;0.0
yf_ZW=F_d13;30400;INTARIAN_PEPPER_ROOT;12940;11;12938;21;;;12946;22;12948;21;;;12943.0;0.0
yf_ZW=F_d13;30500;ASH_COATED_OSMIUM;9891;16;9887;33;;;9911;22;9915;27;;;9901.0;0.0
yf_ZW=F_d13;30500;INTARIAN_PEPPER_ROOT;12941;20;12938;15;;;12947;10;12951;16;;;12944.0;0.0
yf_ZW=F_d13;30600;ASH_COATED_OSMIUM;9898;19;9894;20;;;9904;9;9906;18;;;9901.0;0.0
yf_ZW=F_d13;30600;INTARIAN_PEPPER_ROOT;12943;13;12941;18;;;12949;13;12951;15;;;12946.0;0.0
yf_ZW=F_d13;30700;ASH_COATED_OSMIUM;9896;6;9894;27;;;9906;9;9909;23;;;9901.0;0.0
yf_ZW=F_d13;30700;INTARIAN_PEPPER_ROOT;12944;22;12942;18;;;12952;16;12955;22;;;12948.0;0.0
yf_ZW=F_d13;30800;ASH_COATED_OSMIUM;9898;12;9894;20;;;9904;18;9907;22;;;9901.0;0.0
yf_ZW=F_d13;30800;INTARIAN_PEPPER_ROOT;12944;13;12940;12;;;12953;16;12956;19;;;12948.5;0.0
yf_ZW=F_d13;30900;ASH_COATED_OSMIUM;9894;13;9892;23;;;9907;15;9910;27;;;9900.5;0.0
yf_ZW=F_d13;30900;INTARIAN_PEPPER_ROOT;12944;18;12941;23;;;12958;8;12961;15;;;12951.0;0.0
yf_ZW=F_d13;31000;ASH_COATED_OSMIUM;9892;17;9888;21;;;9909;13;9911;20;;;9900.5;0.0
yf_ZW=F_d13;31000;INTARIAN_PEPPER_ROOT;12946;9;12942;15;;;12958;12;12960;18;;;12952.0;0.0
yf_ZW=F_d13;31100;ASH_COATED_OSMIUM;9897;18;9893;9;;;9903;13;9906;19;;;9900.0;0.0
yf_ZW=F_d13;31100;INTARIAN_PEPPER_ROOT;12948;12;12944;28;;;12960;14;12963;23;;;12954.0;0.0
yf_ZW=F_d13;31200;ASH_COATED_OSMIUM;9897;16;9893;13;;;9903;20;9907;28;;;9900.0;0.0
yf_ZW=F_d13;31200;INTARIAN_PEPPER_ROOT;12951;18;12947;20;;;12960;16;12963;26;;;12955.5;0.0
yf_ZW=F_d13;31300;ASH_COATED_OSMIUM;9898;12;9894;18;;;9904;22;9907;18;;;9901.0;0.0
yf_ZW=F_d13;31300;INTARIAN_PEPPER_ROOT;12954;17;12950;24;;;12960;14;12962;24;;;12957.0;0.0
yf_ZW=F_d13;31400;ASH_COATED_OSMIUM;9897;19;9893;19;;;9903;10;9905;13;;;9900.0;0.0
yf_ZW=F_d13;31400;INTARIAN_PEPPER_ROOT;12956;5;12952;19;;;12962;17;12966;13;;;12959.0;0.0
yf_ZW=F_d13;31500;ASH_COATED_OSMIUM;9898;18;9896;22;;;9904;8;9907;26;;;9901.0;0.0
yf_ZW=F_d13;31500;INTARIAN_PEPPER_ROOT;12957;12;12954;20;;;12964;5;12967;25;;;12960.5;0.0
yf_ZW=F_d13;31600;ASH_COATED_OSMIUM;9898;16;9896;22;;;9904;16;9907;16;;;9901.0;0.0
yf_ZW=F_d13;31600;INTARIAN_PEPPER_ROOT;12956;5;12952;24;;;12968;12;12971;24;;;12962.0;0.0
yf_ZW=F_d13;31700;ASH_COATED_OSMIUM;9898;16;9894;20;;;9904;14;9907;22;;;9901.0;0.0
yf_ZW=F_d13;31700;INTARIAN_PEPPER_ROOT;12957;10;12955;21;;;12970;30;12974;18;;;12963.5;0.0
yf_ZW=F_d13;31800;ASH_COATED_OSMIUM;9898;11;9895;11;;;9904;18;9906;28;;;9901.0;0.0
yf_ZW=F_d13;31800;INTARIAN_PEPPER_ROOT;12958;7;12956;16;;;12972;12;12975;20;;;12965.0;0.0
yf_ZW=F_d13;31900;ASH_COATED_OSMIUM;9889;14;9885;25;;;9911;19;9914;25;;;9900.0;0.0
yf_ZW=F_d13;31900;INTARIAN_PEPPER_ROOT;12958;18;12956;11;;;12976;10;12978;18;;;12967.0;0.0
yf_ZW=F_d13;32000;ASH_COATED_OSMIUM;9897;8;9895;24;;;9903;16;9907;22;;;9900.0;0.0
yf_ZW=F_d13;32000;INTARIAN_PEPPER_ROOT;12964;16;12960;8;;;12974;13;12977;22;;;12969.0;0.0
yf_ZW=F_d13;32100;ASH_COATED_OSMIUM;9897;11;9895;25;;;9903;20;9906;16;;;9900.0;0.0
yf_ZW=F_d13;32100;INTARIAN_PEPPER_ROOT;12967;9;12963;13;;;12973;20;12977;14;;;12970.0;0.0
yf_ZW=F_d13;32200;ASH_COATED_OSMIUM;9897;18;9895;25;;;9903;18;9906;19;;;9900.0;0.0
yf_ZW=F_d13;32200;INTARIAN_PEPPER_ROOT;12969;17;12965;23;;;12975;9;12977;9;;;12972.0;0.0
yf_ZW=F_d13;32300;ASH_COATED_OSMIUM;9894;23;9890;12;;;9906;23;9909;24;;;9900.0;0.0
yf_ZW=F_d13;32300;INTARIAN_PEPPER_ROOT;12969;11;12965;26;;;12978;14;12982;19;;;12973.5;0.0
yf_ZW=F_d13;32400;ASH_COATED_OSMIUM;9898;12;9895;21;;;9904;18;9907;15;;;9901.0;0.0
yf_ZW=F_d13;32400;INTARIAN_PEPPER_ROOT;12973;8;12970;14;;;12979;9;12983;15;;;12976.0;0.0
yf_ZW=F_d13;32500;ASH_COATED_OSMIUM;9897;12;9894;12;;;9903;12;9906;18;;;9900.0;0.0
yf_ZW=F_d13;32500;INTARIAN_PEPPER_ROOT;12973;21;12969;9;;;12983;15;12985;16;;;12978.0;0.0
yf_ZW=F_d13;32600;ASH_COATED_OSMIUM;9897;15;9893;24;;;9903;19;9905;8;;;9900.0;0.0
yf_ZW=F_d13;32600;INTARIAN_PEPPER_ROOT;12974;8;12970;23;;;12983;16;12986;15;;;12978.5;0.0
yf_ZW=F_d13;32700;ASH_COATED_OSMIUM;9897;9;9893;20;;;9903;19;9905;13;;;9900.0;0.0
yf_ZW=F_d13;32700;INTARIAN_PEPPER_ROOT;12977;25;12973;18;;;12983;12;12987;19;;;12980.0;0.0
yf_ZW=F_d13;32800;ASH_COATED_OSMIUM;9893;23;9891;25;;;9908;20;9912;15;;;9900.5;0.0
yf_ZW=F_d13;32800;INTARIAN_PEPPER_ROOT;12979;9;12976;20;;;12985;23;12989;30;;;12982.0;0.0
yf_ZW=F_d13;32900;ASH_COATED_OSMIUM;9896;17;9892;17;;;9902;12;9906;20;;;9899.0;0.0
yf_ZW=F_d13;32900;INTARIAN_PEPPER_ROOT;12974;16;12972;29;;;12992;9;12995;22;;;12983.0;0.0
yf_ZW=F_d13;33000;ASH_COATED_OSMIUM;9897;12;9893;14;;;9903;19;9905;9;;;9900.0;0.0
yf_ZW=F_d13;33000;INTARIAN_PEPPER_ROOT;12982;14;12980;13;;;12988;15;12990;18;;;12985.0;0.0
yf_ZW=F_d13;33100;ASH_COATED_OSMIUM;9895;15;9891;18;;;9905;14;9908;17;;;9900.0;0.0
yf_ZW=F_d13;33100;INTARIAN_PEPPER_ROOT;12984;20;12981;18;;;12990;14;12994;14;;;12987.0;0.0
yf_ZW=F_d13;33200;ASH_COATED_OSMIUM;9897;19;9893;30;;;9903;16;9907;15;;;9900.0;0.0
yf_ZW=F_d13;33200;INTARIAN_PEPPER_ROOT;12985;21;12982;33;;;12991;14;12995;26;;;12988.0;0.0
yf_ZW=F_d13;33300;ASH_COATED_OSMIUM;9897;16;9894;27;;;9903;21;9905;22;;;9900.0;0.0
yf_ZW=F_d13;33300;INTARIAN_PEPPER_ROOT;12986;17;12984;18;;;12992;27;12994;14;;;12989.0;0.0
yf_ZW=F_d13;33400;ASH_COATED_OSMIUM;9897;15;9893;16;;;9903;6;9906;11;;;9900.0;0.0
yf_ZW=F_d13;33400;INTARIAN_PEPPER_ROOT;12987;5;12983;23;;;12997;17;13000;24;;;12992.0;0.0
yf_ZW=F_d13;33500;ASH_COATED_OSMIUM;9897;14;9893;17;;;9903;5;9905;23;;;9900.0;0.0
yf_ZW=F_d13;33500;INTARIAN_PEPPER_ROOT;12990;11;12987;21;;;12996;15;12998;22;;;12993.0;0.0
yf_ZW=F_d13;33600;ASH_COATED_OSMIUM;9896;7;9893;23;;;9903;19;9905;25;;;9899.5;0.0
yf_ZW=F_d13;33600;INTARIAN_PEPPER_ROOT;12983;15;12980;13;;;13007;5;13009;18;;;12995.0;0.0
yf_ZW=F_d13;33700;ASH_COATED_OSMIUM;9895;12;9891;17;;;9905;13;9909;9;;;9900.0;0.0
yf_ZW=F_d13;33700;INTARIAN_PEPPER_ROOT;12980;15;12978;26;;;13013;6;13017;21;;;12996.5;0.0
yf_ZW=F_d13;33800;ASH_COATED_OSMIUM;9896;22;9893;26;;;9902;17;9904;12;;;9899.0;0.0
yf_ZW=F_d13;33800;INTARIAN_PEPPER_ROOT;12995;10;12992;20;;;13001;10;13005;24;;;12998.0;0.0
yf_ZW=F_d13;33900;ASH_COATED_OSMIUM;9891;19;9889;11;;;9909;9;9912;16;;;9900.0;0.0
yf_ZW=F_d13;33900;INTARIAN_PEPPER_ROOT;12994;12;12992;28;;;13005;11;13009;32;;;12999.5;0.0
yf_ZW=F_d13;34000;ASH_COATED_OSMIUM;9892;15;9890;19;;;9906;12;9910;13;;;9899.0;0.0
yf_ZW=F_d13;34000;INTARIAN_PEPPER_ROOT;12984;19;12981;16;;;13001;13;13004;18;;;12992.5;0.0
yf_ZW=F_d13;34100;ASH_COATED_OSMIUM;9895;9;9893;21;;;9903;6;9905;12;;;9899.0;0.0
yf_ZW=F_d13;34100;INTARIAN_PEPPER_ROOT;12978;9;12976;17;;;12992;12;12996;19;;;12985.0;0.0
yf_ZW=F_d13;34200;ASH_COATED_OSMIUM;9896;19;9893;14;;;9902;13;9905;21;;;9899.0;0.0
yf_ZW=F_d13;34200;INTARIAN_PEPPER_ROOT;12975;9;12971;16;;;12981;11;12984;25;;;12978.0;0.0
yf_ZW=F_d13;34300;ASH_COATED_OSMIUM;9895;24;9892;20;;;9903;19;9906;22;;;9899.0;0.0
yf_ZW=F_d13;34300;INTARIAN_PEPPER_ROOT;12969;20;12966;20;;;12975;13;12978;17;;;12972.0;0.0
yf_ZW=F_d13;34400;ASH_COATED_OSMIUM;9897;20;9895;13;;;9903;7;9906;21;;;9900.0;0.0
yf_ZW=F_d13;34400;INTARIAN_PEPPER_ROOT;12962;5;12960;15;;;12968;13;12971;25;;;12965.0;0.0
yf_ZW=F_d13;34500;ASH_COATED_OSMIUM;9896;8;9894;18;;;9903;6;9905;27;;;9899.5;0.0
yf_ZW=F_d13;34500;INTARIAN_PEPPER_ROOT;12950;10;12947;17;;;12965;16;12969;18;;;12957.5;0.0
yf_ZW=F_d13;34600;ASH_COATED_OSMIUM;9897;18;9894;22;;;9903;12;9907;20;;;9900.0;0.0
yf_ZW=F_d13;34600;INTARIAN_PEPPER_ROOT;12947;18;12944;21;;;12953;17;12957;17;;;12950.0;0.0
yf_ZW=F_d13;34700;ASH_COATED_OSMIUM;9897;13;9893;24;;;9903;5;9906;21;;;9900.0;0.0
yf_ZW=F_d13;34700;INTARIAN_PEPPER_ROOT;12940;16;12937;18;;;12946;17;12949;19;;;12943.0;0.0
yf_ZW=F_d13;34800;ASH_COATED_OSMIUM;9893;19;9889;15;;;9905;14;9908;28;;;9899.0;0.0
yf_ZW=F_d13;34800;INTARIAN_PEPPER_ROOT;12929;17;12925;20;;;12942;25;12944;24;;;12935.5;0.0
yf_ZW=F_d13;34900;ASH_COATED_OSMIUM;9897;12;9895;25;;;9903;15;9907;24;;;9900.0;0.0
yf_ZW=F_d13;34900;INTARIAN_PEPPER_ROOT;12925;13;12922;23;;;12933;21;12936;22;;;12929.0;0.0
yf_ZW=F_d13;35000;ASH_COATED_OSMIUM;9897;20;9893;19;;;9903;16;9907;18;;;9900.0;0.0
yf_ZW=F_d13;35000;INTARIAN_PEPPER_ROOT;12920;10;12917;12;;;12926;12;12929;17;;;12923.0;0.0
yf_ZW=F_d13;35100;ASH_COATED_OSMIUM;9897;18;9893;21;;;9903;19;9905;15;;;9900.0;0.0
yf_ZW=F_d13;35100;INTARIAN_PEPPER_ROOT;12912;21;12910;17;;;12918;22;12921;17;;;12915.0;0.0
yf_ZW=F_d13;35200;ASH_COATED_OSMIUM;9897;13;9893;19;;;9903;20;9905;16;;;9900.0;0.0
yf_ZW=F_d13;35200;INTARIAN_PEPPER_ROOT;12901;18;12897;11;;;12917;11;12921;12;;;12909.0;0.0
yf_ZW=F_d13;35300;ASH_COATED_OSMIUM;9896;21;9893;15;;;9903;10;9907;25;;;9899.5;0.0
yf_ZW=F_d13;35300;INTARIAN_PEPPER_ROOT;12898;13;12894;18;;;12904;15;12906;25;;;12901.0;0.0
yf_ZW=F_d13;35400;ASH_COATED_OSMIUM;9897;14;9894;12;;;9903;13;9907;20;;;9900.0;0.0
yf_ZW=F_d13;35400;INTARIAN_PEPPER_ROOT;12886;10;12883;13;;;12901;13;12905;15;;;12893.5;0.0
yf_ZW=F_d13;35500;ASH_COATED_OSMIUM;9894;14;9891;21;;;9905;12;9909;22;;;9899.5;0.0
yf_ZW=F_d13;35500;INTARIAN_PEPPER_ROOT;12884;15;12882;21;;;12890;23;12894;17;;;12887.0;0.0
yf_ZW=F_d13;35600;ASH_COATED_OSMIUM;9897;11;9894;12;;;9903;11;9906;16;;;9900.0;0.0
yf_ZW=F_d13;35600;INTARIAN_PEPPER_ROOT;12877;15;12875;19;;;12883;14;12887;16;;;12880.0;0.0
yf_ZW=F_d13;35700;ASH_COATED_OSMIUM;9897;16;9894;15;;;9904;9;9908;13;;;9900.5;0.0
yf_ZW=F_d13;35700;INTARIAN_PEPPER_ROOT;12870;13;12868;33;;;12876;13;12879;13;;;12873.0;0.0
yf_ZW=F_d13;35800;ASH_COATED_OSMIUM;9897;18;9894;13;;;9903;22;9907;13;;;9900.0;0.0
yf_ZW=F_d13;35800;INTARIAN_PEPPER_ROOT;12863;16;12859;22;;;12869;8;12873;21;;;12866.0;0.0
yf_ZW=F_d13;35900;ASH_COATED_OSMIUM;9897;14;9895;22;;;9903;15;9906;15;;;9900.0;0.0
yf_ZW=F_d13;35900;INTARIAN_PEPPER_ROOT;12853;14;12850;35;;;12866;11;12868;15;;;12859.5;0.0
yf_ZW=F_d13;36000;ASH_COATED_OSMIUM;9896;20;9893;24;;;9906;17;9910;21;;;9901.0;0.0
yf_ZW=F_d13;36000;INTARIAN_PEPPER_ROOT;12849;10;12847;12;;;12855;16;12858;12;;;12852.0;0.0
yf_ZW=F_d13;36100;ASH_COATED_OSMIUM;9897;13;9894;26;;;9903;18;9906;11;;;9900.0;0.0
yf_ZW=F_d13;36100;INTARIAN_PEPPER_ROOT;12842;22;12838;9;;;12848;17;12852;20;;;12845.0;0.0
yf_ZW=F_d13;36200;ASH_COATED_OSMIUM;9898;21;9895;14;;;9904;20;9906;13;;;9901.0;0.0
yf_ZW=F_d13;36200;INTARIAN_PEPPER_ROOT;12835;21;12833;18;;;12841;20;12843;19;;;12838.0;0.0
yf_ZW=F_d13;36300;ASH_COATED_OSMIUM;9887;20;9883;17;;;9912;6;9916;19;;;9899.5;0.0
yf_ZW=F_d13;36300;INTARIAN_PEPPER_ROOT;12828;15;12826;20;;;12834;13;12836;17;;;12831.0;0.0
yf_ZW=F_d13;36400;ASH_COATED_OSMIUM;9895;14;9892;15;;;9904;16;9906;16;;;9899.5;0.0
yf_ZW=F_d13;36400;INTARIAN_PEPPER_ROOT;12821;18;12817;18;;;12827;27;12830;19;;;12824.0;0.0
yf_ZW=F_d13;36500;ASH_COATED_OSMIUM;9897;14;9893;16;;;9903;12;9906;25;;;9900.0;0.0
yf_ZW=F_d13;36500;INTARIAN_PEPPER_ROOT;12814;13;12811;22;;;12820;14;12822;19;;;12817.0;0.0
yf_ZW=F_d13;36600;ASH_COATED_OSMIUM;9897;16;9893;22;;;9903;11;9905;23;;;9900.0;0.0
yf_ZW=F_d13;36600;INTARIAN_PEPPER_ROOT;12806;8;12802;16;;;12814;23;12818;21;;;12810.0;0.0
yf_ZW=F_d13;36700;ASH_COATED_OSMIUM;9897;17;9895;19;;;9904;18;9908;24;;;9900.5;0.0
yf_ZW=F_d13;36700;INTARIAN_PEPPER_ROOT;12800;19;12797;17;;;12806;13;12808;19;;;12803.0;0.0
yf_ZW=F_d13;36800;ASH_COATED_OSMIUM;9898;13;9894;19;;;9904;16;9908;19;;;9901.0;0.0
yf_ZW=F_d13;36800;INTARIAN_PEPPER_ROOT;12792;10;12790;17;;;12798;11;12800;17;;;12795.0;0.0
yf_ZW=F_d13;36900;ASH_COATED_OSMIUM;9898;13;9895;14;;;9904;13;9908;24;;;9901.0;0.0
yf_ZW=F_d13;36900;INTARIAN_PEPPER_ROOT;12785;21;12782;18;;;12792;14;12794;10;;;12788.5;0.0
yf_ZW=F_d13;37000;ASH_COATED_OSMIUM;9896;21;9893;28;;;9904;14;9908;25;;;9900.0;0.0
yf_ZW=F_d13;37000;INTARIAN_PEPPER_ROOT;12779;12;12776;21;;;12785;13;12787;18;;;12782.0;0.0
yf_ZW=F_d13;37100;ASH_COATED_OSMIUM;9898;23;9895;20;;;9904;8;9907;19;;;9901.0;0.0
yf_ZW=F_d13;37100;INTARIAN_PEPPER_ROOT;12772;6;12769;30;;;12778;15;12782;8;;;12775.0;0.0
yf_ZW=F_d13;37200;ASH_COATED_OSMIUM;9894;16;9891;22;;;9908;14;9912;22;;;9901.0;0.0
yf_ZW=F_d13;37200;INTARIAN_PEPPER_ROOT;12764;18;12761;21;;;12770;19;12773;12;;;12767.0;0.0
yf_ZW=F_d13;37300;ASH_COATED_OSMIUM;9897;6;9895;24;;;9903;8;9906;21;;;9900.0;0.0
yf_ZW=F_d13;37300;INTARIAN_PEPPER_ROOT;12746;16;12744;13;;;12775;26;12779;18;;;12760.5;0.0
yf_ZW=F_d13;37400;ASH_COATED_OSMIUM;9895;15;9892;19;;;9905;18;9909;20;;;9900.0;0.0
yf_ZW=F_d13;37400;INTARIAN_PEPPER_ROOT;12750;14;12746;21;;;12756;10;12760;25;;;12753.0;0.0
yf_ZW=F_d13;37500;ASH_COATED_OSMIUM;9897;13;9895;19;;;9903;9;9905;19;;;9900.0;0.0
yf_ZW=F_d13;37500;INTARIAN_PEPPER_ROOT;12740;25;12738;18;;;12753;12;12756;24;;;12746.5;0.0
yf_ZW=F_d13;37600;ASH_COATED_OSMIUM;9898;20;9894;23;;;9904;19;9906;17;;;9901.0;0.0
yf_ZW=F_d13;37600;INTARIAN_PEPPER_ROOT;12737;12;12735;22;;;12743;14;12745;21;;;12740.0;0.0
yf_ZW=F_d13;37700;ASH_COATED_OSMIUM;9896;13;9892;19;;;9904;17;9908;21;;;9900.0;0.0
yf_ZW=F_d13;37700;INTARIAN_PEPPER_ROOT;12729;19;12726;12;;;12735;8;12739;22;;;12732.0;0.0
yf_ZW=F_d13;37800;ASH_COATED_OSMIUM;9898;12;9896;13;;;9904;13;9908;23;;;9901.0;0.0
yf_ZW=F_d13;37800;INTARIAN_PEPPER_ROOT;12722;5;12720;22;;;12728;9;12732;16;;;12725.0;0.0
yf_ZW=F_d13;37900;ASH_COATED_OSMIUM;9884;14;9881;16;;;9917;9;9921;16;;;9900.5;0.0
yf_ZW=F_d13;37900;INTARIAN_PEPPER_ROOT;12715;13;12712;15;;;12721;19;12725;19;;;12718.0;0.0
yf_ZW=F_d13;38000;ASH_COATED_OSMIUM;9898;10;9894;10;;;9904;12;9907;20;;;9901.0;0.0
yf_ZW=F_d13;38000;INTARIAN_PEPPER_ROOT;12708;14;12705;19;;;12714;8;12716;20;;;12711.0;0.0
yf_ZW=F_d13;38100;ASH_COATED_OSMIUM;9886;11;9883;29;;;9915;13;9919;18;;;9900.5;0.0
yf_ZW=F_d13;38100;INTARIAN_PEPPER_ROOT;12701;23;12697;21;;;12707;12;12710;16;;;12704.0;0.0
yf_ZW=F_d13;38200;ASH_COATED_OSMIUM;9897;9;9894;24;;;9904;16;9906;18;;;9900.5;0.0
yf_ZW=F_d13;38200;INTARIAN_PEPPER_ROOT;12694;19;12692;17;;;12700;9;12702;16;;;12697.0;0.0
yf_ZW=F_d13;38300;ASH_COATED_OSMIUM;9898;14;9896;20;;;9904;9;9907;19;;;9901.0;0.0
yf_ZW=F_d13;38300;INTARIAN_PEPPER_ROOT;12671;14;12667;33;;;12709;16;12711;26;;;12690.0;0.0
yf_ZW=F_d13;38400;ASH_COATED_OSMIUM;9893;18;9889;16;;;9910;8;9913;20;;;9901.5;0.0
yf_ZW=F_d13;38400;INTARIAN_PEPPER_ROOT;12680;16;12676;19;;;12686;12;12689;17;;;12683.0;0.0
yf_ZW=F_d13;38500;ASH_COATED_OSMIUM;9898;16;9894;8;;;9904;13;9908;29;;;9901.0;0.0
yf_ZW=F_d13;38500;INTARIAN_PEPPER_ROOT;12673;16;12669;14;;;12679;10;12683;24;;;12676.0;0.0
yf_ZW=F_d13;38600;ASH_COATED_OSMIUM;9898;20;9894;16;;;9904;18;9906;21;;;9901.0;0.0
yf_ZW=F_d13;38600;INTARIAN_PEPPER_ROOT;12665;5;12661;11;;;12674;6;12678;14;;;12669.5;0.0
yf_ZW=F_d13;38700;ASH_COATED_OSMIUM;9896;19;9894;19;;;9905;17;9908;18;;;9900.5;0.0
yf_ZW=F_d13;38700;INTARIAN_PEPPER_ROOT;12653;20;12651;20;;;12672;19;12676;15;;;12662.5;0.0
yf_ZW=F_d13;38800;ASH_COATED_OSMIUM;9896;18;9894;25;;;9907;21;9910;19;;;9901.5;0.0
yf_ZW=F_d13;38800;INTARIAN_PEPPER_ROOT;12652;15;12648;17;;;12658;7;12661;19;;;12655.0;0.0
yf_ZW=F_d13;38900;ASH_COATED_OSMIUM;9898;6;9895;24;;;9904;14;9907;14;;;9901.0;0.0
yf_ZW=F_d13;38900;INTARIAN_PEPPER_ROOT;12644;13;12641;18;;;12653;15;12655;14;;;12648.5;0.0
yf_ZW=F_d13;39000;ASH_COATED_OSMIUM;9897;16;9894;18;;;9904;15;9906;13;;;9900.5;0.0
yf_ZW=F_d13;39000;INTARIAN_PEPPER_ROOT;12632;10;12628;16;;;12649;14;12652;23;;;12640.5;0.0
yf_ZW=F_d13;39100;ASH_COATED_OSMIUM;9898;14;9894;18;;;9905;28;9909;23;;;9901.5;0.0
yf_ZW=F_d13;39100;INTARIAN_PEPPER_ROOT;12627;22;12624;25;;;12641;16;12645;20;;;12634.0;0.0
yf_ZW=F_d13;39200;ASH_COATED_OSMIUM;9898;18;9894;12;;;9904;7;9908;23;;;9901.0;0.0
yf_ZW=F_d13;39200;INTARIAN_PEPPER_ROOT;12624;21;12622;18;;;12630;12;12634;20;;;12627.0;0.0
yf_ZW=F_d13;39300;ASH_COATED_OSMIUM;9898;10;9894;33;;;9904;15;9908;16;;;9901.0;0.0
yf_ZW=F_d13;39300;INTARIAN_PEPPER_ROOT;12617;13;12615;14;;;12623;6;12626;14;;;12620.0;0.0
yf_ZW=F_d13;39400;ASH_COATED_OSMIUM;9893;16;9890;26;;;9908;9;9910;20;;;9900.5;0.0
yf_ZW=F_d13;39400;INTARIAN_PEPPER_ROOT;12610;12;12607;23;;;12616;17;12619;19;;;12613.0;0.0
yf_ZW=F_d13;39500;ASH_COATED_OSMIUM;9898;16;9895;16;;;9904;15;9906;19;;;9901.0;0.0
yf_ZW=F_d13;39500;INTARIAN_PEPPER_ROOT;12603;15;12600;22;;;12609;15;12611;21;;;12606.0;0.0
yf_ZW=F_d13;39600;ASH_COATED_OSMIUM;9898;6;9896;26;;;9904;13;9907;23;;;9901.0;0.0
yf_ZW=F_d13;39600;INTARIAN_PEPPER_ROOT;12590;15;12586;20;;;12607;15;12610;16;;;12598.5;0.0
yf_ZW=F_d13;39700;ASH_COATED_OSMIUM;9896;16;9894;13;;;9905;10;9909;16;;;9900.5;0.0
yf_ZW=F_d13;39700;INTARIAN_PEPPER_ROOT;12583;16;12580;11;;;12601;19;12605;22;;;12592.0;0.0
yf_ZW=F_d13;39800;ASH_COATED_OSMIUM;9898;6;9894;29;;;9904;10;9906;21;;;9901.0;0.0
yf_ZW=F_d13;39800;INTARIAN_PEPPER_ROOT;12582;12;12580;17;;;12588;11;12590;28;;;12585.0;0.0
yf_ZW=F_d13;39900;ASH_COATED_OSMIUM;9898;20;9894;21;;;9904;16;9908;31;;;9901.0;0.0
yf_ZW=F_d13;39900;INTARIAN_PEPPER_ROOT;12571;12;12567;23;;;12585;11;12589;22;;;12578.0;0.0
yf_ZW=F_d13;40000;ASH_COATED_OSMIUM;9898;10;9894;24;;;9904;5;9907;28;;;9901.0;0.0
yf_ZW=F_d13;40000;INTARIAN_PEPPER_ROOT;12568;16;12565;22;;;12574;18;12577;21;;;12571.0;0.0
yf_ZW=F_d13;40100;ASH_COATED_OSMIUM;9885;6;9883;24;;;9916;9;9919;12;;;9900.5;0.0
yf_ZW=F_d13;40100;INTARIAN_PEPPER_ROOT;12561;19;12559;25;;;12567;5;12570;25;;;12564.0;0.0
yf_ZW=F_d13;40200;ASH_COATED_OSMIUM;9898;11;9896;24;;;9904;17;9908;28;;;9901.0;0.0
yf_ZW=F_d13;40200;INTARIAN_PEPPER_ROOT;12554;17;12552;13;;;12560;18;12563;20;;;12557.0;0.0
yf_ZW=F_d13;40300;ASH_COATED_OSMIUM;9888;10;9886;21;;;9915;7;9917;24;;;9901.5;0.0
yf_ZW=F_d13;40300;INTARIAN_PEPPER_ROOT;12544;17;12540;24;;;12556;15;12560;16;;;12550.0;0.0
yf_ZW=F_d13;40400;ASH_COATED_OSMIUM;9899;9;9897;14;;;9905;9;9909;16;;;9902.0;0.0
yf_ZW=F_d13;40400;INTARIAN_PEPPER_ROOT;12523;16;12520;28;;;12564;8;12567;21;;;12543.5;0.0
yf_ZW=F_d13;40500;ASH_COATED_OSMIUM;9898;12;9894;22;;;9904;5;9906;26;;;9901.0;0.0
yf_ZW=F_d13;40500;INTARIAN_PEPPER_ROOT;12533;21;12530;21;;;12539;20;12543;26;;;12536.0;0.0
yf_ZW=F_d13;40600;ASH_COATED_OSMIUM;9898;13;9896;14;;;9904;8;9907;23;;;9901.0;0.0
yf_ZW=F_d13;40600;INTARIAN_PEPPER_ROOT;12519;20;12516;17;;;12538;12;12541;10;;;12528.5;0.0
yf_ZW=F_d13;40700;ASH_COATED_OSMIUM;9898;24;9896;17;;;9904;14;9906;15;;;9901.0;0.0
yf_ZW=F_d13;40700;INTARIAN_PEPPER_ROOT;12519;21;12515;19;;;12525;21;12527;21;;;12522.0;0.0
yf_ZW=F_d13;40800;ASH_COATED_OSMIUM;9890;9;9887;18;;;9913;10;9916;20;;;9901.5;0.0
yf_ZW=F_d13;40800;INTARIAN_PEPPER_ROOT;12511;16;12509;17;;;12517;5;12520;16;;;12514.0;0.0
yf_ZW=F_d13;40900;ASH_COATED_OSMIUM;9898;12;9894;15;;;9904;12;9907;23;;;9901.0;0.0
yf_ZW=F_d13;40900;INTARIAN_PEPPER_ROOT;12500;7;12497;29;;;12515;12;12519;15;;;12507.5;0.0
yf_ZW=F_d13;41000;ASH_COATED_OSMIUM;9898;8;9895;23;;;9904;14;9907;16;;;9901.0;0.0
yf_ZW=F_d13;41000;INTARIAN_PEPPER_ROOT;12498;9;12495;23;;;12504;12;12506;19;;;12501.0;0.0
yf_ZW=F_d13;41100;ASH_COATED_OSMIUM;9898;19;9896;24;;;9905;14;9907;17;;;9901.5;0.0
yf_ZW=F_d13;41100;INTARIAN_PEPPER_ROOT;12481;7;12477;15;;;12506;16;12510;14;;;12493.5;0.0
yf_ZW=F_d13;41200;ASH_COATED_OSMIUM;9892;13;9890;23;;;9910;16;9914;25;;;9901.0;0.0
yf_ZW=F_d13;41200;INTARIAN_PEPPER_ROOT;12483;5;12481;21;;;12489;17;12493;10;;;12486.0;0.0
yf_ZW=F_d13;41300;ASH_COATED_OSMIUM;9891;9;9888;27;;;9912;20;9915;11;;;9901.5;0.0
yf_ZW=F_d13;41300;INTARIAN_PEPPER_ROOT;12475;15;12471;13;;;12484;11;12487;13;;;12479.5;0.0
yf_ZW=F_d13;41400;ASH_COATED_OSMIUM;9898;14;9896;23;;;9904;16;9906;17;;;9901.0;0.0
yf_ZW=F_d13;41400;INTARIAN_PEPPER_ROOT;12470;12;12466;17;;;12476;20;12479;18;;;12473.0;0.0
yf_ZW=F_d13;41500;ASH_COATED_OSMIUM;9891;16;9889;16;;;9913;16;9917;26;;;9902.0;0.0
yf_ZW=F_d13;41500;INTARIAN_PEPPER_ROOT;12462;11;12458;19;;;12470;22;12473;16;;;12466.0;0.0
yf_ZW=F_d13;41600;ASH_COATED_OSMIUM;9899;8;9897;19;;;9905;11;9909;21;;;9902.0;0.0
yf_ZW=F_d13;41600;INTARIAN_PEPPER_ROOT;12456;17;12452;24;;;12462;18;12465;19;;;12459.0;0.0
yf_ZW=F_d13;41700;ASH_COATED_OSMIUM;9897;11;9895;22;;;9906;13;9909;19;;;9901.5;0.0
yf_ZW=F_d13;41700;INTARIAN_PEPPER_ROOT;12449;9;12446;23;;;12455;11;12458;19;;;12452.0;0.0
yf_ZW=F_d13;41800;ASH_COATED_OSMIUM;9890;17;9886;8;;;9915;20;9918;31;;;9902.5;0.0
yf_ZW=F_d13;41800;INTARIAN_PEPPER_ROOT;12441;14;12438;16;;;12447;14;12451;21;;;12444.0;0.0
yf_ZW=F_d13;41900;ASH_COATED_OSMIUM;9897;11;9893;21;;;9906;7;9909;19;;;9901.5;0.0
yf_ZW=F_d13;41900;INTARIAN_PEPPER_ROOT;12434;17;12430;16;;;12440;20;12443;18;;;12437.0;0.0
yf_ZW=F_d13;42000;ASH_COATED_OSMIUM;9898;12;9896;23;;;9904;10;9907;18;;;9901.0;0.0
yf_ZW=F_d13;42000;INTARIAN_PEPPER_ROOT;12427;23;12423;21;;;12433;24;12435;27;;;12430.0;0.0
yf_ZW=F_d13;42100;ASH_COATED_OSMIUM;9899;17;9895;18;;;9905;26;9909;12;;;9902.0;0.0
yf_ZW=F_d13;42100;INTARIAN_PEPPER_ROOT;12420;9;12418;19;;;12426;17;12428;16;;;12423.0;0.0
yf_ZW=F_d13;42200;ASH_COATED_OSMIUM;9893;14;9890;18;;;9911;15;9914;25;;;9902.0;0.0
yf_ZW=F_d13;42200;INTARIAN_PEPPER_ROOT;12413;6;12410;24;;;12419;13;12423;14;;;12416.0;0.0
yf_ZW=F_d13;42300;ASH_COATED_OSMIUM;9897;15;9895;24;;;9908;15;9912;15;;;9902.5;0.0
yf_ZW=F_d13;42300;INTARIAN_PEPPER_ROOT;12401;24;12397;21;;;12418;14;12421;26;;;12409.5;0.0
yf_ZW=F_d13;42400;ASH_COATED_OSMIUM;9896;13;9894;15;;;9907;18;9910;12;;;9901.5;0.0
yf_ZW=F_d13;42400;INTARIAN_PEPPER_ROOT;12399;16;12396;23;;;12405;13;12407;18;;;12402.0;0.0
yf_ZW=F_d13;42500;ASH_COATED_OSMIUM;9899;24;9897;18;;;9905;10;9908;16;;;9902.0;0.0
yf_ZW=F_d13;42500;INTARIAN_PEPPER_ROOT;12392;17;12390;15;;;12398;20;12402;11;;;12395.0;0.0
yf_ZW=F_d13;42600;ASH_COATED_OSMIUM;9899;10;9895;21;;;9905;7;9908;22;;;9902.0;0.0
yf_ZW=F_d13;42600;INTARIAN_PEPPER_ROOT;12385;12;12381;9;;;12391;15;12394;25;;;12388.0;0.0
yf_ZW=F_d13;42700;ASH_COATED_OSMIUM;9899;5;9897;18;;;9905;16;9909;27;;;9902.0;0.0
yf_ZW=F_d13;42700;INTARIAN_PEPPER_ROOT;12378;5;12376;30;;;12384;20;12388;17;;;12381.0;0.0
yf_ZW=F_d13;42800;ASH_COATED_OSMIUM;9899;11;9897;13;;;9905;14;9908;22;;;9902.0;0.0
yf_ZW=F_d13;42800;INTARIAN_PEPPER_ROOT;12369;22;12365;18;;;12379;13;12382;18;;;12374.0;0.0
yf_ZW=F_d13;42900;ASH_COATED_OSMIUM;9897;13;9893;13;;;9907;11;9910;21;;;9902.0;0.0
yf_ZW=F_d13;42900;INTARIAN_PEPPER_ROOT;12364;12;12360;15;;;12371;16;12375;22;;;12367.5;0.0
yf_ZW=F_d13;43000;ASH_COATED_OSMIUM;9899;14;9895;26;;;9906;24;9908;19;;;9902.5;0.0
yf_ZW=F_d13;43000;INTARIAN_PEPPER_ROOT;12357;10;12353;20;;;12364;12;12367;18;;;12360.5;0.0
yf_ZW=F_d13;43100;ASH_COATED_OSMIUM;9899;17;9896;19;;;9905;13;9909;14;;;9902.0;0.0
yf_ZW=F_d13;43100;INTARIAN_PEPPER_ROOT;12350;13;12347;27;;;12356;11;12359;23;;;12353.0;0.0
yf_ZW=F_d13;43200;ASH_COATED_OSMIUM;9898;10;9896;15;;;9907;7;9909;19;;;9902.5;0.0
yf_ZW=F_d13;43200;INTARIAN_PEPPER_ROOT;12343;21;12340;30;;;12349;10;12353;26;;;12346.0;0.0
yf_ZW=F_d13;43300;ASH_COATED_OSMIUM;9899;18;9897;25;;;9905;13;9909;11;;;9902.0;0.0
yf_ZW=F_d13;43300;INTARIAN_PEPPER_ROOT;12336;12;12333;22;;;12342;16;12346;21;;;12339.0;0.0
yf_ZW=F_d13;43400;ASH_COATED_OSMIUM;9899;17;9895;25;;;9905;14;9909;20;;;9902.0;0.0
yf_ZW=F_d13;43400;INTARIAN_PEPPER_ROOT;12328;14;12325;31;;;12334;18;12337;26;;;12331.0;0.0
yf_ZW=F_d13;43500;ASH_COATED_OSMIUM;9899;12;9895;13;;;9905;11;9907;16;;;9902.0;0.0
yf_ZW=F_d13;43500;INTARIAN_PEPPER_ROOT;12314;17;12310;24;;;12336;6;12340;23;;;12325.0;0.0
yf_ZW=F_d13;43600;ASH_COATED_OSMIUM;9898;19;9894;21;;;9906;12;9908;24;;;9902.0;0.0
yf_ZW=F_d13;43600;INTARIAN_PEPPER_ROOT;12315;19;12311;23;;;12321;18;12323;19;;;12318.0;0.0
yf_ZW=F_d13;43700;ASH_COATED_OSMIUM;9899;24;9895;15;;;9905;17;9907;22;;;9902.0;0.0
yf_ZW=F_d13;43700;INTARIAN_PEPPER_ROOT;12307;20;12305;25;;;12316;16;12318;24;;;12311.5;0.0
yf_ZW=F_d13;43800;ASH_COATED_OSMIUM;9899;8;9897;27;;;9905;6;9909;23;;;9902.0;0.0
yf_ZW=F_d13;43800;INTARIAN_PEPPER_ROOT;12300;27;12297;8;;;12306;15;12310;20;;;12303.0;0.0
yf_ZW=F_d13;43900;ASH_COATED_OSMIUM;9900;17;9898;28;;;9906;21;9908;17;;;9903.0;0.0
yf_ZW=F_d13;43900;INTARIAN_PEPPER_ROOT;12294;8;12292;18;;;12300;20;12302;21;;;12297.0;0.0
yf_ZW=F_d13;44000;ASH_COATED_OSMIUM;9897;16;9895;20;;;9907;15;9909;22;;;9902.0;0.0
yf_ZW=F_d13;44000;INTARIAN_PEPPER_ROOT;12287;18;12285;13;;;12293;15;12297;14;;;12290.0;0.0
yf_ZW=F_d13;44100;ASH_COATED_OSMIUM;9900;23;9897;23;;;9906;15;9908;21;;;9903.0;0.0
yf_ZW=F_d13;44100;INTARIAN_PEPPER_ROOT;12279;9;12275;24;;;12285;15;12288;20;;;12282.0;0.0
yf_ZW=F_d13;44200;ASH_COATED_OSMIUM;9899;15;9897;14;;;9905;7;9909;22;;;9902.0;0.0
yf_ZW=F_d13;44200;INTARIAN_PEPPER_ROOT;12273;26;12271;16;;;12279;17;12281;22;;;12276.0;0.0
yf_ZW=F_d13;44300;ASH_COATED_OSMIUM;9899;10;9896;22;;;9905;8;9907;21;;;9902.0;0.0
yf_ZW=F_d13;44300;INTARIAN_PEPPER_ROOT;12255;19;12251;19;;;12282;13;12285;9;;;12268.5;0.0
yf_ZW=F_d13;44400;ASH_COATED_OSMIUM;9899;23;9896;21;;;9906;25;9908;16;;;9902.5;0.0
yf_ZW=F_d13;44400;INTARIAN_PEPPER_ROOT;12259;13;12257;20;;;12265;27;12269;20;;;12262.0;0.0
yf_ZW=F_d13;44500;ASH_COATED_OSMIUM;9899;20;9895;19;;;9905;5;9907;21;;;9902.0;0.0
yf_ZW=F_d13;44500;INTARIAN_PEPPER_ROOT;12248;10;12244;17;;;12260;18;12262;8;;;12254.0;0.0
yf_ZW=F_d13;44600;ASH_COATED_OSMIUM;9900;14;9898;19;;;9906;16;9910;16;;;9903.0;0.0
yf_ZW=F_d13;44600;INTARIAN_PEPPER_ROOT;12245;14;12241;22;;;12251;17;12253;14;;;12248.0;0.0
yf_ZW=F_d13;44700;ASH_COATED_OSMIUM;9898;25;9896;25;;;9907;11;9911;13;;;9902.5;0.0
yf_ZW=F_d13;44700;INTARIAN_PEPPER_ROOT;12234;7;12230;9;;;12246;15;12250;23;;;12240.0;0.0
yf_ZW=F_d13;44800;ASH_COATED_OSMIUM;9900;18;9898;14;;;9906;24;9910;18;;;9903.0;0.0
yf_ZW=F_d13;44800;INTARIAN_PEPPER_ROOT;12231;14;12229;21;;;12237;20;12241;14;;;12234.0;0.0
yf_ZW=F_d13;44900;ASH_COATED_OSMIUM;9899;18;9896;27;;;9905;14;9907;18;;;9902.0;0.0
yf_ZW=F_d13;44900;INTARIAN_PEPPER_ROOT;12224;16;12222;26;;;12230;17;12232;18;;;12227.0;0.0
yf_ZW=F_d13;45000;ASH_COATED_OSMIUM;9898;16;9895;21;;;9908;14;9910;17;;;9903.0;0.0
yf_ZW=F_d13;45000;INTARIAN_PEPPER_ROOT;12217;9;12214;25;;;12223;9;12226;23;;;12220.0;0.0
yf_ZW=F_d13;45100;ASH_COATED_OSMIUM;9899;14;9896;19;;;9906;11;9908;22;;;9902.5;0.0
yf_ZW=F_d13;45100;INTARIAN_PEPPER_ROOT;12210;18;12207;18;;;12216;19;12219;17;;;12213.0;0.0
yf_ZW=F_d13;45200;ASH_COATED_OSMIUM;9900;16;9898;19;;;9906;22;9909;20;;;9903.0;0.0
yf_ZW=F_d13;45200;INTARIAN_PEPPER_ROOT;12201;18;12197;13;;;12210;11;12212;21;;;12205.5;0.0
yf_ZW=F_d13;45300;ASH_COATED_OSMIUM;9899;19;9896;28;;;9905;16;9909;24;;;9902.0;0.0
yf_ZW=F_d13;45300;INTARIAN_PEPPER_ROOT;12189;14;12187;10;;;12207;21;12211;21;;;12198.0;0.0
yf_ZW=F_d13;45400;ASH_COATED_OSMIUM;9900;17;9898;11;;;9906;12;9908;19;;;9903.0;0.0
yf_ZW=F_d13;45400;INTARIAN_PEPPER_ROOT;12187;12;12183;22;;;12196;13;12200;20;;;12191.5;0.0
yf_ZW=F_d13;45500;ASH_COATED_OSMIUM;9899;15;9896;29;;;9906;5;9910;18;;;9902.5;0.0
yf_ZW=F_d13;45500;INTARIAN_PEPPER_ROOT;12181;13;12178;17;;;12188;19;12192;25;;;12184.5;0.0
yf_ZW=F_d13;45600;ASH_COATED_OSMIUM;9900;17;9896;18;;;9906;12;9908;17;;;9903.0;0.0
yf_ZW=F_d13;45600;INTARIAN_PEPPER_ROOT;12170;19;12167;21;;;12184;23;12187;20;;;12177.0;0.0
yf_ZW=F_d13;45700;ASH_COATED_OSMIUM;9898;5;9894;19;;;9909;18;9911;18;;;9903.5;0.0
yf_ZW=F_d13;45700;INTARIAN_PEPPER_ROOT;12165;7;12161;32;;;12175;15;12177;20;;;12170.0;0.0
yf_ZW=F_d13;45800;ASH_COATED_OSMIUM;9897;19;9894;16;;;9908;10;9910;18;;;9902.5;0.0
yf_ZW=F_d13;45800;INTARIAN_PEPPER_ROOT;12160;23;12156;20;;;12166;17;12170;25;;;12163.0;0.0
yf_ZW=F_d13;45900;ASH_COATED_OSMIUM;9900;8;9897;22;;;9906;8;9910;21;;;9903.0;0.0
yf_ZW=F_d13;45900;INTARIAN_PEPPER_ROOT;12140;20;12137;24;;;12172;10;12174;22;;;12156.0;0.0
yf_ZW=F_d13;46000;ASH_COATED_OSMIUM;9899;5;9895;33;;;9906;19;9910;21;;;9902.5;0.0
yf_ZW=F_d13;46000;INTARIAN_PEPPER_ROOT;12147;14;12145;22;;;12153;9;12155;20;;;12150.0;0.0
yf_ZW=F_d13;46100;ASH_COATED_OSMIUM;9890;7;9886;16;;;9917;7;9921;15;;;9903.5;0.0
yf_ZW=F_d13;46100;INTARIAN_PEPPER_ROOT;12127;11;12125;11;;;12157;22;12161;24;;;12142.0;0.0
yf_ZW=F_d13;46200;ASH_COATED_OSMIUM;9900;22;9898;22;;;9906;14;9910;24;;;9903.0;0.0
yf_ZW=F_d13;46200;INTARIAN_PEPPER_ROOT;12132;19;12130;24;;;12138;14;12140;17;;;12135.0;0.0
yf_ZW=F_d13;46300;ASH_COATED_OSMIUM;9900;18;9897;13;;;9906;10;9909;22;;;9903.0;0.0
yf_ZW=F_d13;46300;INTARIAN_PEPPER_ROOT;12125;15;12121;21;;;12131;7;12134;19;;;12128.0;0.0
yf_ZW=F_d13;46400;ASH_COATED_OSMIUM;9900;13;9896;20;;;9906;16;9910;21;;;9903.0;0.0
yf_ZW=F_d13;46400;INTARIAN_PEPPER_ROOT;12118;18;12114;21;;;12126;21;12130;19;;;12122.0;0.0
yf_ZW=F_d13;46500;ASH_COATED_OSMIUM;9901;15;9897;8;;;9907;19;9911;18;;;9904.0;0.0
yf_ZW=F_d13;46500;INTARIAN_PEPPER_ROOT;12108;8;12104;17;;;12121;15;12125;23;;;12114.5;0.0
yf_ZW=F_d13;46600;ASH_COATED_OSMIUM;9900;5;9897;23;;;9906;14;9908;19;;;9903.0;0.0
yf_ZW=F_d13;46600;INTARIAN_PEPPER_ROOT;12104;15;12101;21;;;12110;8;12112;22;;;12107.0;0.0
yf_ZW=F_d13;46700;ASH_COATED_OSMIUM;9900;7;9896;18;;;9906;17;9909;14;;;9903.0;0.0
yf_ZW=F_d13;46700;INTARIAN_PEPPER_ROOT;12097;10;12095;15;;;12103;14;12105;26;;;12100.0;0.0
yf_ZW=F_d13;46800;ASH_COATED_OSMIUM;9899;13;9897;20;;;9907;19;9909;22;;;9903.0;0.0
yf_ZW=F_d13;46800;INTARIAN_PEPPER_ROOT;12085;15;12081;19;;;12100;8;12103;24;;;12092.5;0.0
yf_ZW=F_d13;46900;ASH_COATED_OSMIUM;9900;7;9897;14;;;9906;7;9909;9;;;9903.0;0.0
yf_ZW=F_d13;46900;INTARIAN_PEPPER_ROOT;12079;20;12075;24;;;12092;12;12096;23;;;12085.5;0.0
yf_ZW=F_d13;47000;ASH_COATED_OSMIUM;9900;24;9898;23;;;9906;13;9908;24;;;9903.0;0.0
yf_ZW=F_d13;47000;INTARIAN_PEPPER_ROOT;12076;13;12072;19;;;12082;18;12085;25;;;12079.0;0.0
yf_ZW=F_d13;47100;ASH_COATED_OSMIUM;9900;13;9898;10;;;9906;18;9910;17;;;9903.0;0.0
yf_ZW=F_d13;47100;INTARIAN_PEPPER_ROOT;12069;18;12066;15;;;12075;17;12079;25;;;12072.0;0.0
yf_ZW=F_d13;47200;ASH_COATED_OSMIUM;9900;16;9896;23;;;9906;13;9909;17;;;9903.0;0.0
yf_ZW=F_d13;47200;INTARIAN_PEPPER_ROOT;12059;5;12056;19;;;12071;18;12073;18;;;12065.0;0.0
yf_ZW=F_d13;47300;ASH_COATED_OSMIUM;9900;18;9896;16;;;9906;5;9909;13;;;9903.0;0.0
yf_ZW=F_d13;47300;INTARIAN_PEPPER_ROOT;12044;13;12042;28;;;12072;12;12074;20;;;12058.0;0.0
yf_ZW=F_d13;47400;ASH_COATED_OSMIUM;9889;13;9887;21;;;9918;10;9921;23;;;9903.5;0.0
yf_ZW=F_d13;47400;INTARIAN_PEPPER_ROOT;12048;18;12044;23;;;12054;15;12056;18;;;12051.0;0.0
yf_ZW=F_d13;47500;ASH_COATED_OSMIUM;9889;14;9885;20;;;9918;5;9922;17;;;9903.5;0.0
yf_ZW=F_d13;47500;INTARIAN_PEPPER_ROOT;12039;6;12037;15;;;12047;18;12051;20;;;12043.0;0.0
yf_ZW=F_d13;47600;ASH_COATED_OSMIUM;9898;8;9894;21;;;9909;12;9912;21;;;9903.5;0.0
yf_ZW=F_d13;47600;INTARIAN_PEPPER_ROOT;12034;19;12032;13;;;12040;21;12042;16;;;12037.0;0.0
yf_ZW=F_d13;47700;ASH_COATED_OSMIUM;9898;14;9895;22;;;9910;21;9914;13;;;9904.0;0.0
yf_ZW=F_d13;47700;INTARIAN_PEPPER_ROOT;12021;12;12018;21;;;12038;12;12042;14;;;12029.5;0.0
yf_ZW=F_d13;47800;ASH_COATED_OSMIUM;9901;12;9899;20;;;9907;11;9909;22;;;9904.0;0.0
yf_ZW=F_d13;47800;INTARIAN_PEPPER_ROOT;12020;11;12018;21;;;12026;19;12030;15;;;12023.0;0.0
yf_ZW=F_d13;47900;ASH_COATED_OSMIUM;9892;18;9890;23;;;9914;7;9918;18;;;9903.0;0.0
yf_ZW=F_d13;47900;INTARIAN_PEPPER_ROOT;12011;18;12008;20;;;12020;13;12024;14;;;12015.5;0.0
yf_ZW=F_d13;48000;ASH_COATED_OSMIUM;9899;17;9895;11;;;9909;14;9911;19;;;9904.0;0.0
yf_ZW=F_d13;48000;INTARIAN_PEPPER_ROOT;12005;14;12001;16;;;12011;10;12013;27;;;12008.0;0.0
yf_ZW=F_d13;48100;ASH_COATED_OSMIUM;9901;13;9897;16;;;9907;18;9909;19;;;9904.0;0.0
yf_ZW=F_d13;48100;INTARIAN_PEPPER_ROOT;11999;10;11996;25;;;12005;20;12008;29;;;12002.0;0.0
yf_ZW=F_d13;48200;ASH_COATED_OSMIUM;9901;13;9897;21;;;9907;21;9909;16;;;9904.0;0.0
yf_ZW=F_d13;48200;INTARIAN_PEPPER_ROOT;11992;13;11989;20;;;11998;22;12001;13;;;11995.0;0.0
yf_ZW=F_d13;48300;ASH_COATED_OSMIUM;9900;13;9897;18;;;9906;19;9909;21;;;9903.0;0.0
yf_ZW=F_d13;48300;INTARIAN_PEPPER_ROOT;11984;15;11980;26;;;11992;8;11995;11;;;11988.0;0.0
yf_ZW=F_d13;48400;ASH_COATED_OSMIUM;9900;8;9897;13;;;9908;24;9910;25;;;9904.0;0.0
yf_ZW=F_d13;48400;INTARIAN_PEPPER_ROOT;11971;12;11969;26;;;11990;9;11994;9;;;11980.5;0.0
yf_ZW=F_d13;48500;ASH_COATED_OSMIUM;9893;16;9889;18;;;9914;16;9917;19;;;9903.5;0.0
yf_ZW=F_d13;48500;INTARIAN_PEPPER_ROOT;11968;13;11966;12;;;11979;13;11983;17;;;11973.5;0.0
yf_ZW=F_d13;48600;ASH_COATED_OSMIUM;9897;10;9895;8;;;9909;16;9913;19;;;9903.0;0.0
yf_ZW=F_d13;48600;INTARIAN_PEPPER_ROOT;11963;16;11959;20;;;11969;8;11973;21;;;11966.0;0.0
yf_ZW=F_d13;48700;ASH_COATED_OSMIUM;9901;20;9899;12;;;9907;19;9910;8;;;9904.0;0.0
yf_ZW=F_d13;48700;INTARIAN_PEPPER_ROOT;11950;9;11948;23;;;11969;9;11972;24;;;11959.5;0.0
yf_ZW=F_d13;48800;ASH_COATED_OSMIUM;9900;22;9897;25;;;9906;13;9909;19;;;9903.0;0.0
yf_ZW=F_d13;48800;INTARIAN_PEPPER_ROOT;11950;15;11946;17;;;11956;10;11958;18;;;11953.0;0.0
yf_ZW=F_d13;48900;ASH_COATED_OSMIUM;9879;9;9877;20;;;9927;20;9929;23;;;9903.0;0.0
yf_ZW=F_d13;48900;INTARIAN_PEPPER_ROOT;11939;17;11936;22;;;11951;16;11955;12;;;11945.0;0.0
yf_ZW=F_d13;49000;ASH_COATED_OSMIUM;9893;9;9890;13;;;9913;8;9917;23;;;9903.0;0.0
yf_ZW=F_d13;49000;INTARIAN_PEPPER_ROOT;11932;14;11930;24;;;11944;15;11947;20;;;11938.0;0.0
yf_ZW=F_d13;49100;ASH_COATED_OSMIUM;9900;16;9897;18;;;9908;18;9910;19;;;9904.0;0.0
yf_ZW=F_d13;49100;INTARIAN_PEPPER_ROOT;11929;18;11927;21;;;11935;15;11937;14;;;11932.0;0.0
yf_ZW=F_d13;49200;ASH_COATED_OSMIUM;9889;14;9887;20;;;9918;15;9920;18;;;9903.5;0.0
yf_ZW=F_d13;49200;INTARIAN_PEPPER_ROOT;11914;14;11910;8;;;11934;9;11936;21;;;11924.0;0.0
yf_ZW=F_d13;49300;ASH_COATED_OSMIUM;9893;14;9891;19;;;9915;18;9919;21;;;9904.0;0.0
yf_ZW=F_d13;49300;INTARIAN_PEPPER_ROOT;11914;20;11910;16;;;11920;14;11922;23;;;11917.0;0.0
yf_ZW=F_d13;49400;ASH_COATED_OSMIUM;9901;12;9899;23;;;9907;15;9911;18;;;9904.0;0.0
yf_ZW=F_d13;49400;INTARIAN_PEPPER_ROOT;11907;15;11903;10;;;11913;20;11915;23;;;11910.0;0.0
yf_ZW=F_d13;49500;ASH_COATED_OSMIUM;9899;12;9896;16;;;9910;6;9913;20;;;9904.5;0.0
yf_ZW=F_d13;49500;INTARIAN_PEPPER_ROOT;11900;8;11897;16;;;11906;16;11909;19;;;11903.0;0.0
yf_ZW=F_d13;49600;ASH_COATED_OSMIUM;9901;24;9897;14;;;9907;15;9910;17;;;9904.0;0.0
yf_ZW=F_d13;49600;INTARIAN_PEPPER_ROOT;11893;16;11889;17;;;11899;13;11903;18;;;11896.0;0.0
yf_ZW=F_d13;49700;ASH_COATED_OSMIUM;9897;10;9895;19;;;9911;13;9913;24;;;9904.0;0.0
yf_ZW=F_d13;49700;INTARIAN_PEPPER_ROOT;11886;18;11884;15;;;11892;23;11896;19;;;11889.0;0.0
yf_ZW=F_d13;49800;ASH_COATED_OSMIUM;9902;21;9899;15;;;9908;16;9910;22;;;9905.0;0.0
yf_ZW=F_d13;49800;INTARIAN_PEPPER_ROOT;11879;11;11875;16;;;11885;24;11888;29;;;11882.0;0.0
yf_ZW=F_d13;49900;ASH_COATED_OSMIUM;9901;14;9898;14;;;9907;19;9910;18;;;9904.0;0.0
yf_ZW=F_d13;49900;INTARIAN_PEPPER_ROOT;11871;11;11867;17;;;11880;15;11883;12;;;11875.5;0.0
yf_ZW=F_d13;50000;ASH_COATED_OSMIUM;9902;5;9899;21;;;9908;5;9911;13;;;9905.0;0.0
yf_ZW=F_d13;50000;INTARIAN_PEPPER_ROOT;11865;13;11861;16;;;11871;22;11875;16;;;11868.0;0.0
yf_ZW=F_d13;50100;ASH_COATED_OSMIUM;9901;9;9898;17;;;9907;19;9910;27;;;9904.0;0.0
yf_ZW=F_d13;50100;INTARIAN_PEPPER_ROOT;11858;20;11854;29;;;11864;13;11868;23;;;11861.0;0.0
yf_ZW=F_d13;50200;ASH_COATED_OSMIUM;9889;21;9886;29;;;9919;15;9923;18;;;9904.0;0.0
yf_ZW=F_d13;50200;INTARIAN_PEPPER_ROOT;11851;20;11849;23;;;11857;30;11861;23;;;11854.0;0.0
yf_ZW=F_d13;50300;ASH_COATED_OSMIUM;9898;15;9895;13;;;9911;14;9915;15;;;9904.5;0.0
yf_ZW=F_d13;50300;INTARIAN_PEPPER_ROOT;11842;6;11840;21;;;11851;14;11854;22;;;11846.5;0.0
yf_ZW=F_d13;50400;ASH_COATED_OSMIUM;9901;12;9897;15;;;9907;15;9910;22;;;9904.0;0.0
yf_ZW=F_d13;50400;INTARIAN_PEPPER_ROOT;11836;11;11832;19;;;11846;19;11850;16;;;11841.0;0.0
yf_ZW=F_d13;50500;ASH_COATED_OSMIUM;9902;22;9899;14;;;9908;13;9911;22;;;9905.0;0.0
yf_ZW=F_d13;50500;INTARIAN_PEPPER_ROOT;11829;17;11827;23;;;11836;18;11839;22;;;11832.5;0.0
yf_ZW=F_d13;50600;ASH_COATED_OSMIUM;9901;16;9899;13;;;9907;14;9910;16;;;9904.0;0.0
yf_ZW=F_d13;50600;INTARIAN_PEPPER_ROOT;11823;5;11821;14;;;11829;5;11831;18;;;11826.0;0.0
yf_ZW=F_d13;50700;ASH_COATED_OSMIUM;9901;21;9897;25;;;9907;22;9910;21;;;9904.0;0.0
yf_ZW=F_d13;50700;INTARIAN_PEPPER_ROOT;11817;14;11813;19;;;11823;12;11826;26;;;11820.0;0.0
yf_ZW=F_d13;50800;ASH_COATED_OSMIUM;9901;9;9897;28;;;9907;5;9911;28;;;9904.0;0.0
yf_ZW=F_d13;50800;INTARIAN_PEPPER_ROOT;11809;10;11806;15;;;11815;20;11818;16;;;11812.0;0.0
yf_ZW=F_d13;50900;ASH_COATED_OSMIUM;9901;12;9897;20;;;9909;7;9913;25;;;9905.0;0.0
yf_ZW=F_d13;50900;INTARIAN_PEPPER_ROOT;11801;19;11798;12;;;11812;12;11816;25;;;11806.5;0.0
yf_ZW=F_d13;51000;ASH_COATED_OSMIUM;9894;15;9890;25;;;9916;23;9918;22;;;9905.0;0.0
yf_ZW=F_d13;51000;INTARIAN_PEPPER_ROOT;11799;9;11795;24;;;11810;13;11812;21;;;11804.5;0.0
yf_ZW=F_d13;51100;ASH_COATED_OSMIUM;9892;18;9888;16;;;9916;9;9918;13;;;9904.0;0.0
yf_ZW=F_d13;51100;INTARIAN_PEPPER_ROOT;11793;20;11789;21;;;11810;17;11812;20;;;11801.5;0.0
yf_ZW=F_d13;51200;ASH_COATED_OSMIUM;9902;7;9900;19;;;9908;16;9912;17;;;9905.0;0.0
yf_ZW=F_d13;51200;INTARIAN_PEPPER_ROOT;11795;7;11791;29;;;11801;16;11803;19;;;11798.0;0.0
yf_ZW=F_d13;51300;ASH_COATED_OSMIUM;9877;20;9873;14;;;9932;20;9936;30;;;9904.5;0.0
yf_ZW=F_d13;51300;INTARIAN_PEPPER_ROOT;11793;11;11790;17;;;11799;16;11801;16;;;11796.0;0.0
yf_ZW=F_d13;51400;ASH_COATED_OSMIUM;9896;11;9893;21;;;9915;13;9918;17;;;9905.5;0.0
yf_ZW=F_d13;51400;INTARIAN_PEPPER_ROOT;11784;16;11782;27;;;11802;8;11806;21;;;11793.0;0.0
yf_ZW=F_d13;51500;ASH_COATED_OSMIUM;9901;18;9899;19;;;9907;10;9909;24;;;9904.0;0.0
yf_ZW=F_d13;51500;INTARIAN_PEPPER_ROOT;11788;17;11786;10;;;11794;7;11797;20;;;11791.0;0.0
yf_ZW=F_d13;51600;ASH_COATED_OSMIUM;9901;13;9897;16;;;9907;17;9911;18;;;9904.0;0.0
yf_ZW=F_d13;51600;INTARIAN_PEPPER_ROOT;11784;30;11780;15;;;11790;19;11792;27;;;11787.0;0.0
yf_ZW=F_d13;51700;ASH_COATED_OSMIUM;9902;17;9898;12;;;9908;11;9911;22;;;9905.0;0.0
yf_ZW=F_d13;51700;INTARIAN_PEPPER_ROOT;11781;15;11779;20;;;11787;19;11791;16;;;11784.0;0.0
yf_ZW=F_d13;51800;ASH_COATED_OSMIUM;9902;17;9900;20;;;9908;15;9912;21;;;9905.0;0.0
yf_ZW=F_d13;51800;INTARIAN_PEPPER_ROOT;11779;12;11775;23;;;11785;7;11789;18;;;11782.0;0.0
yf_ZW=F_d13;51900;ASH_COATED_OSMIUM;9901;14;9899;17;;;9907;19;9911;17;;;9904.0;0.0
yf_ZW=F_d13;51900;INTARIAN_PEPPER_ROOT;11775;16;11773;17;;;11782;15;11785;16;;;11778.5;0.0
yf_ZW=F_d13;52000;ASH_COATED_OSMIUM;9901;14;9899;18;;;9907;13;9910;10;;;9904.0;0.0
yf_ZW=F_d13;52000;INTARIAN_PEPPER_ROOT;11773;19;11770;24;;;11779;10;11783;24;;;11776.0;0.0
yf_ZW=F_d13;52100;ASH_COATED_OSMIUM;9892;10;9889;16;;;9917;18;9920;15;;;9904.5;0.0
yf_ZW=F_d13;52100;INTARIAN_PEPPER_ROOT;11770;13;11767;20;;;11776;22;11778;20;;;11773.0;0.0
yf_ZW=F_d13;52200;ASH_COATED_OSMIUM;9895;8;9891;24;;;9912;11;9916;21;;;9903.5;0.0
yf_ZW=F_d13;52200;INTARIAN_PEPPER_ROOT;11763;14;11761;19;;;11778;12;11781;18;;;11770.5;0.0
yf_ZW=F_d13;52300;ASH_COATED_OSMIUM;9901;18;9897;23;;;9907;19;9911;19;;;9904.0;0.0
yf_ZW=F_d13;52300;INTARIAN_PEPPER_ROOT;11765;15;11761;21;;;11771;10;11773;19;;;11768.0;0.0
yf_ZW=F_d13;52400;ASH_COATED_OSMIUM;9900;11;9896;24;;;9910;11;9913;21;;;9905.0;0.0
yf_ZW=F_d13;52400;INTARIAN_PEPPER_ROOT;11762;16;11760;24;;;11768;6;11771;17;;;11765.0;0.0
yf_ZW=F_d13;52500;ASH_COATED_OSMIUM;9900;12;9898;25;;;9909;16;9911;21;;;9904.5;0.0
yf_ZW=F_d13;52500;INTARIAN_PEPPER_ROOT;11758;14;11754;18;;;11766;10;11770;15;;;11762.0;0.0
yf_ZW=F_d13;52600;ASH_COATED_OSMIUM;9901;14;9898;12;;;9907;10;9911;17;;;9904.0;0.0
yf_ZW=F_d13;52600;INTARIAN_PEPPER_ROOT;11756;19;11754;18;;;11762;13;11764;14;;;11759.0;0.0
yf_ZW=F_d13;52700;ASH_COATED_OSMIUM;9902;11;9899;18;;;9908;17;9911;19;;;9905.0;0.0
yf_ZW=F_d13;52700;INTARIAN_PEPPER_ROOT;11739;17;11736;12;;;11774;16;11778;18;;;11756.5;0.0
yf_ZW=F_d13;52800;ASH_COATED_OSMIUM;9899;10;9895;17;;;9909;14;9911;12;;;9904.0;0.0
yf_ZW=F_d13;52800;INTARIAN_PEPPER_ROOT;11751;13;11749;22;;;11757;22;11759;16;;;11754.0;0.0
yf_ZW=F_d13;52900;ASH_COATED_OSMIUM;9888;17;9885;18;;;9921;15;9924;20;;;9904.5;0.0
yf_ZW=F_d13;52900;INTARIAN_PEPPER_ROOT;11742;11;11740;20;;;11760;10;11762;17;;;11751.0;0.0
yf_ZW=F_d13;53000;ASH_COATED_OSMIUM;9901;14;9898;25;;;9907;13;9910;19;;;9904.0;0.0
yf_ZW=F_d13;53000;INTARIAN_PEPPER_ROOT;11745;20;11743;21;;;11751;14;11753;26;;;11748.0;0.0
yf_ZW=F_d13;53100;ASH_COATED_OSMIUM;9898;19;9895;22;;;9912;14;9916;15;;;9905.0;0.0
yf_ZW=F_d13;53100;INTARIAN_PEPPER_ROOT;11742;17;11739;18;;;11748;7;11750;22;;;11745.0;0.0
yf_ZW=F_d13;53200;ASH_COATED_OSMIUM;9902;20;9900;22;;;9908;24;9910;18;;;9905.0;0.0
yf_ZW=F_d13;53200;INTARIAN_PEPPER_ROOT;11739;20;11737;22;;;11745;13;11747;16;;;11742.0;0.0
yf_ZW=F_d13;53300;ASH_COATED_OSMIUM;9899;16;9897;22;;;9910;20;9914;23;;;9904.5;0.0
yf_ZW=F_d13;53300;INTARIAN_PEPPER_ROOT;11736;17;11734;17;;;11742;15;11744;14;;;11739.0;0.0
yf_ZW=F_d13;53400;ASH_COATED_OSMIUM;9899;18;9895;16;;;9909;13;9913;21;;;9904.0;0.0
yf_ZW=F_d13;53400;INTARIAN_PEPPER_ROOT;11734;5;11731;27;;;11740;19;11742;20;;;11737.0;0.0
yf_ZW=F_d13;53500;ASH_COATED_OSMIUM;9902;12;9900;23;;;9908;19;9911;18;;;9905.0;0.0
yf_ZW=F_d13;53500;INTARIAN_PEPPER_ROOT;11725;13;11721;22;;;11743;7;11746;21;;;11734.0;0.0
yf_ZW=F_d13;53600;ASH_COATED_OSMIUM;9899;14;9896;27;;;9910;27;9913;18;;;9904.5;0.0
yf_ZW=F_d13;53600;INTARIAN_PEPPER_ROOT;11713;12;11709;10;;;11750;5;11752;17;;;11731.5;0.0
yf_ZW=F_d13;53700;ASH_COATED_OSMIUM;9901;16;9899;26;;;9907;15;9911;22;;;9904.0;0.0
yf_ZW=F_d13;53700;INTARIAN_PEPPER_ROOT;11725;14;11722;25;;;11731;10;11735;19;;;11728.0;0.0
yf_ZW=F_d13;53800;ASH_COATED_OSMIUM;9899;16;9895;27;;;9909;18;9911;17;;;9904.0;0.0
yf_ZW=F_d13;53800;INTARIAN_PEPPER_ROOT;11722;9;11718;18;;;11728;13;11731;22;;;11725.0;0.0
yf_ZW=F_d13;53900;ASH_COATED_OSMIUM;9901;23;9897;23;;;9907;17;9911;13;;;9904.0;0.0
yf_ZW=F_d13;53900;INTARIAN_PEPPER_ROOT;11719;12;11716;16;;;11725;14;11729;25;;;11722.0;0.0
yf_ZW=F_d13;54000;ASH_COATED_OSMIUM;9901;20;9898;29;;;9907;15;9910;20;;;9904.0;0.0
yf_ZW=F_d13;54000;INTARIAN_PEPPER_ROOT;11713;9;11711;17;;;11725;5;11727;16;;;11719.0;0.0
yf_ZW=F_d13;54100;ASH_COATED_OSMIUM;9901;14;9897;15;;;9907;28;9909;23;;;9904.0;0.0
yf_ZW=F_d13;54100;INTARIAN_PEPPER_ROOT;11714;13;11711;16;;;11720;15;11723;24;;;11717.0;0.0
yf_ZW=F_d13;54200;ASH_COATED_OSMIUM;9901;18;9899;22;;;9907;13;9911;21;;;9904.0;0.0
yf_ZW=F_d13;54200;INTARIAN_PEPPER_ROOT;11711;13;11708;18;;;11717;18;11719;14;;;11714.0;0.0
yf_ZW=F_d13;54300;ASH_COATED_OSMIUM;9898;14;9896;17;;;9909;14;9911;22;;;9903.5;0.0
yf_ZW=F_d13;54300;INTARIAN_PEPPER_ROOT;11708;20;11706;24;;;11714;17;11718;19;;;11711.0;0.0
yf_ZW=F_d13;54400;ASH_COATED_OSMIUM;9902;14;9899;18;;;9908;11;9912;22;;;9905.0;0.0
yf_ZW=F_d13;54400;INTARIAN_PEPPER_ROOT;11706;13;11704;22;;;11712;18;11715;22;;;11709.0;0.0
yf_ZW=F_d13;54500;ASH_COATED_OSMIUM;9901;13;9899;18;;;9907;15;9910;14;;;9904.0;0.0
yf_ZW=F_d13;54500;INTARIAN_PEPPER_ROOT;11703;20;11700;18;;;11709;17;11712;16;;;11706.0;0.0
yf_ZW=F_d13;54600;ASH_COATED_OSMIUM;9901;19;9897;16;;;9907;5;9911;15;;;9904.0;0.0
yf_ZW=F_d13;54600;INTARIAN_PEPPER_ROOT;11699;7;11697;12;;;11705;20;11708;24;;;11702.0;0.0
yf_ZW=F_d13;54700;ASH_COATED_OSMIUM;9901;7;9897;10;;;9907;18;9909;19;;;9904.0;0.0
yf_ZW=F_d13;54700;INTARIAN_PEPPER_ROOT;11696;25;11693;9;;;11702;6;11705;19;;;11699.0;0.0
yf_ZW=F_d13;54800;ASH_COATED_OSMIUM;9901;17;9899;28;;;9907;13;9910;22;;;9904.0;0.0
yf_ZW=F_d13;54800;INTARIAN_PEPPER_ROOT;11692;7;11688;25;;;11702;17;11704;21;;;11697.0;0.0
yf_ZW=F_d13;54900;ASH_COATED_OSMIUM;9901;11;9898;21;;;9907;16;9911;23;;;9904.0;0.0
yf_ZW=F_d13;54900;INTARIAN_PEPPER_ROOT;11691;8;11689;24;;;11697;10;11701;9;;;11694.0;0.0
yf_ZW=F_d13;55000;ASH_COATED_OSMIUM;9892;17;9890;20;;;9917;13;9919;18;;;9904.5;0.0
yf_ZW=F_d13;55000;INTARIAN_PEPPER_ROOT;11688;20;11685;23;;;11694;16;11697;24;;;11691.0;0.0
yf_ZW=F_d13;55100;ASH_COATED_OSMIUM;9901;21;9897;15;;;9908;17;9912;16;;;9904.5;0.0
yf_ZW=F_d13;55100;INTARIAN_PEPPER_ROOT;11686;18;11682;18;;;11692;22;11695;27;;;11689.0;0.0
yf_ZW=F_d13;55200;ASH_COATED_OSMIUM;9899;17;9897;14;;;9910;23;9912;18;;;9904.5;0.0
yf_ZW=F_d13;55200;INTARIAN_PEPPER_ROOT;11683;15;11681;20;;;11689;14;11693;12;;;11686.0;0.0
yf_ZW=F_d13;55300;ASH_COATED_OSMIUM;9901;16;9897;19;;;9907;17;9910;19;;;9904.0;0.0
yf_ZW=F_d13;55300;INTARIAN_PEPPER_ROOT;11680;12;11678;24;;;11686;11;11688;17;;;11683.0;0.0
yf_ZW=F_d13;55400;ASH_COATED_OSMIUM;9901;9;9898;20;;;9907;11;9910;29;;;9904.0;0.0
yf_ZW=F_d13;55400;INTARIAN_PEPPER_ROOT;11677;16;11675;22;;;11683;11;11685;16;;;11680.0;0.0
yf_ZW=F_d13;55500;ASH_COATED_OSMIUM;9901;16;9899;27;;;9907;21;9910;20;;;9904.0;0.0
yf_ZW=F_d13;55500;INTARIAN_PEPPER_ROOT;11674;16;11670;27;;;11680;13;11683;29;;;11677.0;0.0
yf_ZW=F_d13;55600;ASH_COATED_OSMIUM;9901;9;9899;22;;;9907;12;9911;15;;;9904.0;0.0
yf_ZW=F_d13;55600;INTARIAN_PEPPER_ROOT;11669;11;11667;25;;;11680;11;11683;21;;;11674.5;0.0
yf_ZW=F_d13;55700;ASH_COATED_OSMIUM;9902;16;9900;18;;;9908;22;9911;20;;;9905.0;0.0
yf_ZW=F_d13;55700;INTARIAN_PEPPER_ROOT;11668;14;11664;23;;;11674;9;11676;8;;;11671.0;0.0
yf_ZW=F_d13;55800;ASH_COATED_OSMIUM;9899;11;9895;25;;;9909;16;9911;19;;;9904.0;0.0
yf_ZW=F_d13;55800;INTARIAN_PEPPER_ROOT;11666;15;11663;17;;;11672;5;11674;22;;;11669.0;0.0
yf_ZW=F_d13;55900;ASH_COATED_OSMIUM;9901;23;9899;24;;;9907;24;9909;26;;;9904.0;0.0
yf_ZW=F_d13;55900;INTARIAN_PEPPER_ROOT;11663;13;11660;15;;;11669;13;11671;15;;;11666.0;0.0
yf_ZW=F_d13;56000;ASH_COATED_OSMIUM;9899;17;9896;13;;;9911;5;9914;22;;;9905.0;0.0
yf_ZW=F_d13;56000;INTARIAN_PEPPER_ROOT;11660;12;11658;24;;;11666;15;11670;27;;;11663.0;0.0
yf_ZW=F_d13;56100;ASH_COATED_OSMIUM;9901;16;9898;21;;;9907;8;9910;24;;;9904.0;0.0
yf_ZW=F_d13;56100;INTARIAN_PEPPER_ROOT;11651;19;11647;18;;;11669;11;11672;22;;;11660.0;0.0
yf_ZW=F_d13;56200;ASH_COATED_OSMIUM;9899;17;9895;8;;;9909;19;9911;17;;;9904.0;0.0
yf_ZW=F_d13;56200;INTARIAN_PEPPER_ROOT;11654;14;11650;13;;;11661;19;11665;25;;;11657.5;0.0
yf_ZW=F_d13;56300;ASH_COATED_OSMIUM;9897;18;9893;21;;;9911;11;9915;23;;;9904.0;0.0
yf_ZW=F_d13;56300;INTARIAN_PEPPER_ROOT;11652;12;11649;18;;;11658;24;11660;12;;;11655.0;0.0
yf_ZW=F_d13;56400;ASH_COATED_OSMIUM;9893;15;9891;22;;;9917;14;9919;15;;;9905.0;0.0
yf_ZW=F_d13;56400;INTARIAN_PEPPER_ROOT;11633;16;11631;26;;;11670;15;11673;24;;;11651.5;0.0
yf_ZW=F_d13;56500;ASH_COATED_OSMIUM;9899;16;9897;23;;;9910;6;9912;25;;;9904.5;0.0
yf_ZW=F_d13;56500;INTARIAN_PEPPER_ROOT;11646;10;11643;14;;;11652;9;11656;19;;;11649.0;0.0
yf_ZW=F_d13;56600;ASH_COATED_OSMIUM;9901;5;9897;24;;;9907;14;9910;13;;;9904.0;0.0
yf_ZW=F_d13;56600;INTARIAN_PEPPER_ROOT;11643;19;11640;20;;;11649;5;11652;14;;;11646.0;0.0
yf_ZW=F_d13;56700;ASH_COATED_OSMIUM;9901;17;9899;15;;;9907;9;9911;24;;;9904.0;0.0
yf_ZW=F_d13;56700;INTARIAN_PEPPER_ROOT;11627;10;11625;24;;;11660;5;11664;17;;;11643.5;0.0
yf_ZW=F_d13;56800;ASH_COATED_OSMIUM;9901;12;9899;18;;;9907;13;9909;25;;;9904.0;0.0
yf_ZW=F_d13;56800;INTARIAN_PEPPER_ROOT;11638;9;11636;29;;;11644;17;11648;28;;;11641.0;0.0
yf_ZW=F_d13;56900;ASH_COATED_OSMIUM;9901;14;9897;20;;;9907;17;9909;18;;;9904.0;0.0
yf_ZW=F_d13;56900;INTARIAN_PEPPER_ROOT;11633;21;11631;21;;;11643;15;11645;14;;;11638.0;0.0
yf_ZW=F_d13;57000;ASH_COATED_OSMIUM;9901;21;9899;20;;;9907;14;9910;26;;;9904.0;0.0
yf_ZW=F_d13;57000;INTARIAN_PEPPER_ROOT;11631;14;11629;13;;;11637;22;11639;14;;;11634.0;0.0
yf_ZW=F_d13;57100;ASH_COATED_OSMIUM;9896;14;9893;23;;;9913;7;9917;20;;;9904.5;0.0
yf_ZW=F_d13;57100;INTARIAN_PEPPER_ROOT;11626;22;11624;24;;;11637;21;11639;22;;;11631.5;0.0
yf_ZW=F_d13;57200;ASH_COATED_OSMIUM;9901;13;9899;14;;;9907;13;9909;25;;;9904.0;0.0
yf_ZW=F_d13;57200;INTARIAN_PEPPER_ROOT;11626;13;11624;16;;;11632;10;11635;23;;;11629.0;0.0
yf_ZW=F_d13;57300;ASH_COATED_OSMIUM;9901;18;9899;24;;;9907;8;9910;27;;;9904.0;0.0
yf_ZW=F_d13;57300;INTARIAN_PEPPER_ROOT;11623;16;11620;22;;;11629;14;11632;21;;;11626.0;0.0
yf_ZW=F_d13;57400;ASH_COATED_OSMIUM;9900;19;9896;19;;;9908;14;9910;22;;;9904.0;0.0
yf_ZW=F_d13;57400;INTARIAN_PEPPER_ROOT;11620;25;11617;17;;;11626;16;11630;26;;;11623.0;0.0
yf_ZW=F_d13;57500;ASH_COATED_OSMIUM;9902;19;9900;20;;;9908;10;9910;20;;;9905.0;0.0
yf_ZW=F_d13;57500;INTARIAN_PEPPER_ROOT;11617;12;11614;15;;;11623;11;11625;22;;;11620.0;0.0
yf_ZW=F_d13;57600;ASH_COATED_OSMIUM;9900;17;9898;22;;;9908;20;9910;25;;;9904.0;0.0
yf_ZW=F_d13;57600;INTARIAN_PEPPER_ROOT;11615;9;11611;16;;;11621;14;11624;17;;;11618.0;0.0
