day;timestamp;product;bid_price_1;bid_volume_1;bid_price_2;bid_volume_2;bid_price_3;bid_volume_3;ask_price_1;ask_volume_1;ask_price_2;ask_volume_2;ask_price_3;ask_volume_3;mid_price;profit_and_loss
yf_ZW=F_d3;0;ASH_COATED_OSMIUM;9895;13;9893;24;;;9929;23;9931;10;;;9912.0;0.0
yf_ZW=F_d3;0;INTARIAN_PEPPER_ROOT;10105;16;10101;26;;;10111;11;10114;20;;;10108.0;0.0
yf_ZW=F_d3;100;ASH_COATED_OSMIUM;9904;5;9900;23;;;9920;18;9922;23;;;9912.0;0.0
yf_ZW=F_d3;100;INTARIAN_PEPPER_ROOT;10105;17;10103;14;;;10111;6;10115;20;;;10108.0;0.0
yf_ZW=F_d3;200;ASH_COATED_OSMIUM;9909;23;9905;23;;;9915;9;9918;17;;;9912.0;0.0
yf_ZW=F_d3;200;INTARIAN_PEPPER_ROOT;10098;12;10094;26;;;10116;15;10118;12;;;10107.0;0.0
yf_ZW=F_d3;300;ASH_COATED_OSMIUM;9906;13;9904;26;;;9918;11;9920;16;;;9912.0;0.0
yf_ZW=F_d3;300;INTARIAN_PEPPER_ROOT;10102;20;10100;22;;;10110;13;10112;21;;;10106.0;0.0
yf_ZW=F_d3;400;ASH_COATED_OSMIUM;9906;16;9903;21;;;9919;5;9921;18;;;9912.5;0.0
yf_ZW=F_d3;400;INTARIAN_PEPPER_ROOT;10093;15;10091;17;;;10119;16;10122;15;;;10106.0;0.0
yf_ZW=F_d3;500;ASH_COATED_OSMIUM;9910;16;9908;26;;;9916;12;9920;12;;;9913.0;0.0
yf_ZW=F_d3;500;INTARIAN_PEPPER_ROOT;10102;20;10100;18;;;10108;17;10110;23;;;10105.0;0.0
yf_ZW=F_d3;600;ASH_COATED_OSMIUM;9909;14;9907;15;;;9915;9;9917;18;;;9912.0;0.0
yf_ZW=F_d3;600;INTARIAN_PEPPER_ROOT;10092;17;10088;19;;;10115;30;10117;25;;;10103.5;0.0
yf_ZW=F_d3;700;ASH_COATED_OSMIUM;9909;23;9907;20;;;9915;13;9919;23;;;9912.0;0.0
yf_ZW=F_d3;700;INTARIAN_PEPPER_ROOT;10100;22;10097;23;;;10107;17;10111;15;;;10103.5;0.0
yf_ZW=F_d3;800;ASH_COATED_OSMIUM;9907;11;9905;16;;;9918;24;9922;19;;;9912.5;0.0
yf_ZW=F_d3;800;INTARIAN_PEPPER_ROOT;10100;14;10097;18;;;10106;15;10108;25;;;10103.0;0.0
yf_ZW=F_d3;900;ASH_COATED_OSMIUM;9910;21;9907;17;;;9916;18;9920;15;;;9913.0;0.0
yf_ZW=F_d3;900;INTARIAN_PEPPER_ROOT;10097;11;10094;22;;;10107;16;10109;16;;;10102.0;0.0
yf_ZW=F_d3;1000;ASH_COATED_OSMIUM;9907;16;9903;16;;;9919;5;9922;22;;;9913.0;0.0
yf_ZW=F_d3;1000;INTARIAN_PEPPER_ROOT;10094;9;10092;23;;;10109;16;10111;23;;;10101.5;0.0
yf_ZW=F_d3;1100;ASH_COATED_OSMIUM;9908;22;9906;24;;;9919;24;9923;22;;;9913.5;0.0
yf_ZW=F_d3;1100;INTARIAN_PEPPER_ROOT;10092;12;10089;25;;;10111;6;10115;18;;;10101.5;0.0
yf_ZW=F_d3;1200;ASH_COATED_OSMIUM;9909;18;9906;20;;;9916;15;9920;13;;;9912.5;0.0
yf_ZW=F_d3;1200;INTARIAN_PEPPER_ROOT;10098;18;10095;14;;;10104;18;10106;21;;;10101.0;0.0
yf_ZW=F_d3;1300;ASH_COATED_OSMIUM;9909;15;9905;20;;;9915;20;9919;18;;;9912.0;0.0
yf_ZW=F_d3;1300;INTARIAN_PEPPER_ROOT;10096;15;10092;14;;;10102;15;10105;21;;;10099.0;0.0
yf_ZW=F_d3;1400;ASH_COATED_OSMIUM;9904;16;9900;15;;;9921;5;9924;19;;;9912.5;0.0
yf_ZW=F_d3;1400;INTARIAN_PEPPER_ROOT;10090;7;10086;23;;;10106;8;10108;11;;;10098.0;0.0
yf_ZW=F_d3;1500;ASH_COATED_OSMIUM;9910;8;9908;19;;;9916;22;9918;14;;;9913.0;0.0
yf_ZW=F_d3;1500;INTARIAN_PEPPER_ROOT;10088;12;10086;21;;;10108;7;10111;11;;;10098.0;0.0
yf_ZW=F_d3;1600;ASH_COATED_OSMIUM;9905;9;9903;29;;;9919;19;9923;20;;;9912.0;0.0
yf_ZW=F_d3;1600;INTARIAN_PEPPER_ROOT;10085;14;10083;18;;;10111;13;10115;24;;;10098.0;0.0
yf_ZW=F_d3;1700;ASH_COATED_OSMIUM;9909;12;9905;15;;;9915;6;9919;13;;;9912.0;0.0
yf_ZW=F_d3;1700;INTARIAN_PEPPER_ROOT;10094;15;10091;19;;;10100;19;10104;25;;;10097.0;0.0
yf_ZW=F_d3;1800;ASH_COATED_OSMIUM;9886;20;9883;28;;;9940;14;9942;26;;;9913.0;0.0
yf_ZW=F_d3;1800;INTARIAN_PEPPER_ROOT;10094;20;10091;19;;;10100;11;10104;13;;;10097.0;0.0
yf_ZW=F_d3;1900;ASH_COATED_OSMIUM;9910;23;9908;13;;;9916;19;9920;17;;;9913.0;0.0
yf_ZW=F_d3;1900;INTARIAN_PEPPER_ROOT;10093;15;10089;21;;;10099;13;10102;28;;;10096.0;0.0
yf_ZW=F_d3;2000;ASH_COATED_OSMIUM;9910;13;9907;21;;;9916;6;9920;14;;;9913.0;0.0
yf_ZW=F_d3;2000;INTARIAN_PEPPER_ROOT;10088;16;10085;27;;;10102;18;10105;23;;;10095.0;0.0
yf_ZW=F_d3;2100;ASH_COATED_OSMIUM;9910;5;9907;11;;;9916;17;9920;16;;;9913.0;0.0
yf_ZW=F_d3;2100;INTARIAN_PEPPER_ROOT;10092;10;10089;14;;;10098;9;10101;21;;;10095.0;0.0
yf_ZW=F_d3;2200;ASH_COATED_OSMIUM;9900;19;9898;16;;;9926;17;9929;28;;;9913.0;0.0
yf_ZW=F_d3;2200;INTARIAN_PEPPER_ROOT;10084;11;10082;23;;;10103;12;10106;13;;;10093.5;0.0
yf_ZW=F_d3;2300;ASH_COATED_OSMIUM;9910;10;9906;13;;;9916;14;9919;22;;;9913.0;0.0
yf_ZW=F_d3;2300;INTARIAN_PEPPER_ROOT;10089;13;10085;14;;;10096;9;10098;18;;;10092.5;0.0
yf_ZW=F_d3;2400;ASH_COATED_OSMIUM;9910;14;9906;27;;;9916;18;9920;23;;;9913.0;0.0
yf_ZW=F_d3;2400;INTARIAN_PEPPER_ROOT;10088;16;10085;13;;;10098;14;10100;18;;;10093.0;0.0
yf_ZW=F_d3;2500;ASH_COATED_OSMIUM;9908;15;9904;24;;;9919;17;9921;26;;;9913.5;0.0
yf_ZW=F_d3;2500;INTARIAN_PEPPER_ROOT;10087;13;10084;30;;;10096;15;10100;22;;;10091.5;0.0
yf_ZW=F_d3;2600;ASH_COATED_OSMIUM;9907;11;9903;22;;;9919;18;9921;18;;;9913.0;0.0
yf_ZW=F_d3;2600;INTARIAN_PEPPER_ROOT;10089;22;10087;18;;;10095;19;10097;17;;;10092.0;0.0
yf_ZW=F_d3;2700;ASH_COATED_OSMIUM;9902;12;9899;24;;;9923;24;9927;26;;;9912.5;0.0
yf_ZW=F_d3;2700;INTARIAN_PEPPER_ROOT;10088;19;10086;17;;;10094;16;10098;22;;;10091.0;0.0
yf_ZW=F_d3;2800;ASH_COATED_OSMIUM;9908;11;9906;21;;;9919;21;9921;8;;;9913.5;0.0
yf_ZW=F_d3;2800;INTARIAN_PEPPER_ROOT;10080;5;10077;18;;;10099;10;10101;21;;;10089.5;0.0
yf_ZW=F_d3;2900;ASH_COATED_OSMIUM;9910;19;9907;17;;;9918;13;9922;13;;;9914.0;0.0
yf_ZW=F_d3;2900;INTARIAN_PEPPER_ROOT;10086;18;10083;18;;;10093;16;10097;19;;;10089.5;0.0
yf_ZW=F_d3;3000;ASH_COATED_OSMIUM;9910;13;9907;16;;;9916;19;9918;17;;;9913.0;0.0
yf_ZW=F_d3;3000;INTARIAN_PEPPER_ROOT;10085;18;10081;19;;;10091;12;10095;19;;;10088.0;0.0
yf_ZW=F_d3;3100;ASH_COATED_OSMIUM;9910;16;9908;17;;;9916;5;9919;16;;;9913.0;0.0
yf_ZW=F_d3;3100;INTARIAN_PEPPER_ROOT;10083;17;10080;21;;;10094;10;10098;34;;;10088.5;0.0
yf_ZW=F_d3;3200;ASH_COATED_OSMIUM;9910;15;9906;14;;;9916;9;9918;16;;;9913.0;0.0
yf_ZW=F_d3;3200;INTARIAN_PEPPER_ROOT;10082;11;10079;16;;;10094;11;10098;23;;;10088.0;0.0
yf_ZW=F_d3;3300;ASH_COATED_OSMIUM;9906;16;9902;13;;;9921;16;9925;17;;;9913.5;0.0
yf_ZW=F_d3;3300;INTARIAN_PEPPER_ROOT;10083;15;10080;22;;;10089;16;10093;22;;;10086.0;0.0
yf_ZW=F_d3;3400;ASH_COATED_OSMIUM;9905;7;9903;26;;;9922;18;9926;23;;;9913.5;0.0
yf_ZW=F_d3;3400;INTARIAN_PEPPER_ROOT;10083;10;10080;14;;;10089;20;10092;18;;;10086.0;0.0
yf_ZW=F_d3;3500;ASH_COATED_OSMIUM;9910;23;9906;23;;;9916;19;9919;8;;;9913.0;0.0
yf_ZW=F_d3;3500;INTARIAN_PEPPER_ROOT;10081;10;10077;26;;;10089;10;10093;20;;;10085.0;0.0
yf_ZW=F_d3;3600;ASH_COATED_OSMIUM;9909;10;9906;18;;;9918;19;9920;14;;;9913.5;0.0
yf_ZW=F_d3;3600;INTARIAN_PEPPER_ROOT;10055;21;10053;21;;;10113;21;10116;12;;;10084.0;0.0
yf_ZW=F_d3;3700;ASH_COATED_OSMIUM;9911;15;9909;12;;;9917;9;9920;21;;;9914.0;0.0
yf_ZW=F_d3;3700;INTARIAN_PEPPER_ROOT;10081;9;10077;16;;;10087;20;10089;20;;;10084.0;0.0
yf_ZW=F_d3;3800;ASH_COATED_OSMIUM;9908;15;9905;21;;;9920;14;9922;17;;;9914.0;0.0
yf_ZW=F_d3;3800;INTARIAN_PEPPER_ROOT;10077;19;10074;16;;;10091;21;10095;20;;;10084.0;0.0
yf_ZW=F_d3;3900;ASH_COATED_OSMIUM;9907;17;9905;25;;;9920;23;9924;24;;;9913.5;0.0
yf_ZW=F_d3;3900;INTARIAN_PEPPER_ROOT;10078;5;10075;17;;;10087;18;10090;17;;;10082.5;0.0
yf_ZW=F_d3;4000;ASH_COATED_OSMIUM;9907;14;9904;13;;;9920;19;9924;15;;;9913.5;0.0
yf_ZW=F_d3;4000;INTARIAN_PEPPER_ROOT;10079;15;10076;15;;;10085;19;10087;22;;;10082.0;0.0
yf_ZW=F_d3;4100;ASH_COATED_OSMIUM;9909;13;9905;24;;;9919;17;9923;25;;;9914.0;0.0
yf_ZW=F_d3;4100;INTARIAN_PEPPER_ROOT;10077;18;10073;18;;;10086;7;10088;13;;;10081.5;0.0
yf_ZW=F_d3;4200;ASH_COATED_OSMIUM;9911;13;9907;20;;;9917;9;9919;24;;;9914.0;0.0
yf_ZW=F_d3;4200;INTARIAN_PEPPER_ROOT;10075;15;10071;21;;;10086;15;10089;9;;;10080.5;0.0
yf_ZW=F_d3;4300;ASH_COATED_OSMIUM;9910;15;9908;14;;;9916;12;9919;15;;;9913.0;0.0
yf_ZW=F_d3;4300;INTARIAN_PEPPER_ROOT;10072;11;10068;20;;;10088;21;10092;20;;;10080.0;0.0
yf_ZW=F_d3;4400;ASH_COATED_OSMIUM;9908;12;9904;18;;;9920;17;9922;18;;;9914.0;0.0
yf_ZW=F_d3;4400;INTARIAN_PEPPER_ROOT;10076;16;10074;24;;;10083;11;10086;24;;;10079.5;0.0
yf_ZW=F_d3;4500;ASH_COATED_OSMIUM;9904;21;9900;12;;;9922;22;9926;26;;;9913.0;0.0
yf_ZW=F_d3;4500;INTARIAN_PEPPER_ROOT;10076;15;10073;21;;;10082;18;10085;26;;;10079.0;0.0
yf_ZW=F_d3;4600;ASH_COATED_OSMIUM;9909;8;9906;28;;;9919;20;9921;20;;;9914.0;0.0
yf_ZW=F_d3;4600;INTARIAN_PEPPER_ROOT;10072;16;10068;15;;;10084;16;10087;13;;;10078.0;0.0
yf_ZW=F_d3;4700;ASH_COATED_OSMIUM;9911;6;9907;20;;;9917;23;9919;20;;;9914.0;0.0
yf_ZW=F_d3;4700;INTARIAN_PEPPER_ROOT;10074;5;10072;11;;;10080;10;10084;26;;;10077.0;0.0
yf_ZW=F_d3;4800;ASH_COATED_OSMIUM;9910;9;9908;35;;;9916;22;9920;26;;;9913.0;0.0
yf_ZW=F_d3;4800;INTARIAN_PEPPER_ROOT;10070;21;10067;15;;;10084;8;10087;18;;;10077.0;0.0
yf_ZW=F_d3;4900;ASH_COATED_OSMIUM;9911;18;9907;8;;;9917;5;9919;31;;;9914.0;0.0
yf_ZW=F_d3;4900;INTARIAN_PEPPER_ROOT;10074;7;10070;21;;;10080;12;10082;22;;;10077.0;0.0
yf_ZW=F_d3;5000;ASH_COATED_OSMIUM;9911;16;9907;20;;;9918;7;9920;10;;;9914.5;0.0
yf_ZW=F_d3;5000;INTARIAN_PEPPER_ROOT;10073;12;10071;14;;;10079;11;10082;26;;;10076.0;0.0
yf_ZW=F_d3;5100;ASH_COATED_OSMIUM;9905;16;9903;21;;;9924;19;9926;10;;;9914.5;0.0
yf_ZW=F_d3;5100;INTARIAN_PEPPER_ROOT;10072;10;10068;19;;;10078;13;10081;24;;;10075.0;0.0
yf_ZW=F_d3;5200;ASH_COATED_OSMIUM;9911;7;9908;22;;;9917;15;9919;19;;;9914.0;0.0
yf_ZW=F_d3;5200;INTARIAN_PEPPER_ROOT;10070;12;10067;23;;;10079;15;10081;20;;;10074.5;0.0
yf_ZW=F_d3;5300;ASH_COATED_OSMIUM;9908;10;9905;20;;;9920;11;9922;28;;;9914.0;0.0
yf_ZW=F_d3;5300;INTARIAN_PEPPER_ROOT;10071;18;10069;30;;;10077;13;10080;24;;;10074.0;0.0
yf_ZW=F_d3;5400;ASH_COATED_OSMIUM;9907;12;9903;20;;;9921;11;9923;13;;;9914.0;0.0
yf_ZW=F_d3;5400;INTARIAN_PEPPER_ROOT;10070;24;10066;22;;;10076;17;10079;17;;;10073.0;0.0
yf_ZW=F_d3;5500;ASH_COATED_OSMIUM;9911;20;9907;21;;;9917;12;9920;20;;;9914.0;0.0
yf_ZW=F_d3;5500;INTARIAN_PEPPER_ROOT;10070;10;10067;16;;;10076;19;10079;15;;;10073.0;0.0
yf_ZW=F_d3;5600;ASH_COATED_OSMIUM;9910;7;9908;20;;;9917;17;9919;18;;;9913.5;0.0
yf_ZW=F_d3;5600;INTARIAN_PEPPER_ROOT;10066;13;10063;20;;;10079;15;10083;18;;;10072.5;0.0
yf_ZW=F_d3;5700;ASH_COATED_OSMIUM;9911;14;9907;19;;;9917;13;9921;29;;;9914.0;0.0
yf_ZW=F_d3;5700;INTARIAN_PEPPER_ROOT;10066;12;10064;12;;;10077;12;10080;23;;;10071.5;0.0
yf_ZW=F_d3;5800;ASH_COATED_OSMIUM;9911;17;9907;16;;;9917;9;9921;21;;;9914.0;0.0
yf_ZW=F_d3;5800;INTARIAN_PEPPER_ROOT;10066;14;10064;18;;;10077;17;10080;25;;;10071.5;0.0
yf_ZW=F_d3;5900;ASH_COATED_OSMIUM;9911;9;9907;17;;;9917;18;9921;21;;;9914.0;0.0
yf_ZW=F_d3;5900;INTARIAN_PEPPER_ROOT;10067;16;10065;19;;;10073;14;10077;30;;;10070.0;0.0
yf_ZW=F_d3;6000;ASH_COATED_OSMIUM;9908;9;9904;13;;;9919;9;9922;19;;;9913.5;0.0
yf_ZW=F_d3;6000;INTARIAN_PEPPER_ROOT;10063;14;10060;23;;;10076;15;10078;14;;;10069.5;0.0
yf_ZW=F_d3;6100;ASH_COATED_OSMIUM;9912;18;9909;11;;;9918;18;9922;27;;;9915.0;0.0
yf_ZW=F_d3;6100;INTARIAN_PEPPER_ROOT;10062;22;10059;29;;;10077;30;10079;13;;;10069.5;0.0
yf_ZW=F_d3;6200;ASH_COATED_OSMIUM;9911;16;9907;21;;;9917;14;9919;20;;;9914.0;0.0
yf_ZW=F_d3;6200;INTARIAN_PEPPER_ROOT;10065;9;10062;8;;;10072;14;10074;19;;;10068.5;0.0
yf_ZW=F_d3;6300;ASH_COATED_OSMIUM;9911;10;9909;14;;;9917;16;9920;19;;;9914.0;0.0
yf_ZW=F_d3;6300;INTARIAN_PEPPER_ROOT;10065;13;10063;20;;;10071;5;10075;20;;;10068.0;0.0
yf_ZW=F_d3;6400;ASH_COATED_OSMIUM;9911;19;9909;13;;;9917;19;9919;16;;;9914.0;0.0
yf_ZW=F_d3;6400;INTARIAN_PEPPER_ROOT;10060;7;10057;21;;;10072;11;10074;20;;;10066.0;0.0
yf_ZW=F_d3;6500;ASH_COATED_OSMIUM;9911;10;9909;18;;;9917;16;9921;20;;;9914.0;0.0
yf_ZW=F_d3;6500;INTARIAN_PEPPER_ROOT;10063;10;10060;24;;;10069;5;10071;15;;;10066.0;0.0
yf_ZW=F_d3;6600;ASH_COATED_OSMIUM;9901;10;9897;16;;;9927;19;9931;20;;;9914.0;0.0
yf_ZW=F_d3;6600;INTARIAN_PEPPER_ROOT;10062;14;10059;19;;;10068;13;10070;19;;;10065.0;0.0
yf_ZW=F_d3;6700;ASH_COATED_OSMIUM;9907;11;9905;22;;;9921;18;9923;21;;;9914.0;0.0
yf_ZW=F_d3;6700;INTARIAN_PEPPER_ROOT;10062;13;10059;8;;;10068;12;10071;20;;;10065.0;0.0
yf_ZW=F_d3;6800;ASH_COATED_OSMIUM;9912;6;9910;25;;;9918;18;9922;16;;;9915.0;0.0
yf_ZW=F_d3;6800;INTARIAN_PEPPER_ROOT;10057;20;10053;18;;;10072;23;10076;24;;;10064.5;0.0
yf_ZW=F_d3;6900;ASH_COATED_OSMIUM;9911;13;9909;26;;;9917;7;9920;13;;;9914.0;0.0
yf_ZW=F_d3;6900;INTARIAN_PEPPER_ROOT;10053;13;10051;12;;;10074;13;10077;12;;;10063.5;0.0
yf_ZW=F_d3;7000;ASH_COATED_OSMIUM;9912;8;9910;19;;;9918;11;9922;17;;;9915.0;0.0
yf_ZW=F_d3;7000;INTARIAN_PEPPER_ROOT;10060;18;10057;24;;;10066;15;10070;21;;;10063.0;0.0
yf_ZW=F_d3;7100;ASH_COATED_OSMIUM;9911;19;9908;14;;;9917;10;9919;22;;;9914.0;0.0
yf_ZW=F_d3;7100;INTARIAN_PEPPER_ROOT;10058;18;10054;27;;;10066;11;10068;17;;;10062.0;0.0
yf_ZW=F_d3;7200;ASH_COATED_OSMIUM;9912;19;9908;18;;;9918;13;9920;28;;;9915.0;0.0
yf_ZW=F_d3;7200;INTARIAN_PEPPER_ROOT;10059;10;10057;25;;;10065;16;10068;23;;;10062.0;0.0
yf_ZW=F_d3;7300;ASH_COATED_OSMIUM;9912;15;9909;16;;;9918;8;9922;21;;;9915.0;0.0
yf_ZW=F_d3;7300;INTARIAN_PEPPER_ROOT;10058;14;10055;10;;;10064;18;10066;19;;;10061.0;0.0
yf_ZW=F_d3;7400;ASH_COATED_OSMIUM;9911;16;9909;24;;;9918;5;9922;18;;;9914.5;0.0
yf_ZW=F_d3;7400;INTARIAN_PEPPER_ROOT;10058;13;10056;17;;;10064;16;10066;19;;;10061.0;0.0
yf_ZW=F_d3;7500;ASH_COATED_OSMIUM;9905;12;9903;21;;;9923;12;9926;21;;;9914.0;0.0
yf_ZW=F_d3;7500;INTARIAN_PEPPER_ROOT;10057;18;10054;23;;;10063;15;10065;21;;;10060.0;0.0
yf_ZW=F_d3;7600;ASH_COATED_OSMIUM;9912;13;9908;21;;;9918;13;9922;15;;;9915.0;0.0
yf_ZW=F_d3;7600;INTARIAN_PEPPER_ROOT;10053;12;10051;18;;;10065;16;10069;19;;;10059.0;0.0
yf_ZW=F_d3;7700;ASH_COATED_OSMIUM;9911;12;9909;29;;;9917;14;9920;18;;;9914.0;0.0
yf_ZW=F_d3;7700;INTARIAN_PEPPER_ROOT;10055;15;10052;10;;;10061;14;10064;24;;;10058.0;0.0
yf_ZW=F_d3;7800;ASH_COATED_OSMIUM;9912;12;9910;22;;;9918;17;9920;20;;;9915.0;0.0
yf_ZW=F_d3;7800;INTARIAN_PEPPER_ROOT;10055;19;10053;16;;;10061;21;10064;19;;;10058.0;0.0
yf_ZW=F_d3;7900;ASH_COATED_OSMIUM;9909;13;9905;28;;;9922;8;9925;10;;;9915.5;0.0
yf_ZW=F_d3;7900;INTARIAN_PEPPER_ROOT;10055;7;10051;30;;;10061;23;10063;16;;;10058.0;0.0
yf_ZW=F_d3;8000;ASH_COATED_OSMIUM;9911;20;9908;20;;;9917;16;9920;14;;;9914.0;0.0
yf_ZW=F_d3;8000;INTARIAN_PEPPER_ROOT;10053;5;10051;18;;;10059;19;10062;32;;;10056.0;0.0
yf_ZW=F_d3;8100;ASH_COATED_OSMIUM;9912;17;9909;16;;;9918;25;9921;18;;;9915.0;0.0
yf_ZW=F_d3;8100;INTARIAN_PEPPER_ROOT;10053;5;10049;18;;;10059;15;10062;22;;;10056.0;0.0
yf_ZW=F_d3;8200;ASH_COATED_OSMIUM;9907;17;9903;20;;;9922;21;9926;20;;;9914.5;0.0
yf_ZW=F_d3;8200;INTARIAN_PEPPER_ROOT;10052;14;10048;29;;;10058;16;10060;20;;;10055.0;0.0
yf_ZW=F_d3;8300;ASH_COATED_OSMIUM;9912;11;9909;15;;;9918;14;9920;20;;;9915.0;0.0
yf_ZW=F_d3;8300;INTARIAN_PEPPER_ROOT;10052;14;10050;19;;;10058;15;10061;35;;;10055.0;0.0
yf_ZW=F_d3;8400;ASH_COATED_OSMIUM;9912;12;9908;22;;;9918;14;9922;17;;;9915.0;0.0
yf_ZW=F_d3;8400;INTARIAN_PEPPER_ROOT;10051;22;10048;30;;;10057;11;10060;17;;;10054.0;0.0
yf_ZW=F_d3;8500;ASH_COATED_OSMIUM;9912;11;9909;8;;;9918;20;9922;20;;;9915.0;0.0
yf_ZW=F_d3;8500;INTARIAN_PEPPER_ROOT;10050;11;10046;26;;;10056;18;10060;18;;;10053.0;0.0
yf_ZW=F_d3;8600;ASH_COATED_OSMIUM;9912;27;9909;20;;;9919;11;9923;18;;;9915.5;0.0
yf_ZW=F_d3;8600;INTARIAN_PEPPER_ROOT;10050;7;10048;22;;;10056;10;10060;20;;;10053.0;0.0
yf_ZW=F_d3;8700;ASH_COATED_OSMIUM;9912;17;9909;21;;;9918;11;9920;17;;;9915.0;0.0
yf_ZW=F_d3;8700;INTARIAN_PEPPER_ROOT;10049;19;10046;18;;;10055;12;10057;22;;;10052.0;0.0
yf_ZW=F_d3;8800;ASH_COATED_OSMIUM;9912;5;9908;23;;;9918;8;9921;31;;;9915.0;0.0
yf_ZW=F_d3;8800;INTARIAN_PEPPER_ROOT;10046;8;10044;17;;;10058;16;10061;29;;;10052.0;0.0
yf_ZW=F_d3;8900;ASH_COATED_OSMIUM;9912;9;9909;25;;;9918;15;9920;26;;;9915.0;0.0
yf_ZW=F_d3;8900;INTARIAN_PEPPER_ROOT;10048;11;10046;15;;;10054;13;10056;23;;;10051.0;0.0
yf_ZW=F_d3;9000;ASH_COATED_OSMIUM;9906;20;9902;21;;;9924;14;9926;16;;;9915.0;0.0
yf_ZW=F_d3;9000;INTARIAN_PEPPER_ROOT;10040;13;10037;25;;;10059;11;10062;13;;;10049.5;0.0
yf_ZW=F_d3;9100;ASH_COATED_OSMIUM;9912;11;9908;25;;;9918;18;9920;16;;;9915.0;0.0
yf_ZW=F_d3;9100;INTARIAN_PEPPER_ROOT;10046;19;10044;23;;;10052;17;10054;24;;;10049.0;0.0
yf_ZW=F_d3;9200;ASH_COATED_OSMIUM;9907;5;9905;23;;;9924;19;9926;22;;;9915.5;0.0
yf_ZW=F_d3;9200;INTARIAN_PEPPER_ROOT;10046;11;10042;31;;;10052;14;10056;31;;;10049.0;0.0
yf_ZW=F_d3;9300;ASH_COATED_OSMIUM;9912;14;9908;22;;;9918;11;9922;20;;;9915.0;0.0
yf_ZW=F_d3;9300;INTARIAN_PEPPER_ROOT;10045;15;10043;19;;;10051;11;10054;11;;;10048.0;0.0
yf_ZW=F_d3;9400;ASH_COATED_OSMIUM;9907;15;9904;19;;;9923;12;9926;23;;;9915.0;0.0
yf_ZW=F_d3;9400;INTARIAN_PEPPER_ROOT;10045;17;10042;22;;;10051;10;10054;8;;;10048.0;0.0
yf_ZW=F_d3;9500;ASH_COATED_OSMIUM;9912;10;9908;26;;;9918;14;9920;28;;;9915.0;0.0
yf_ZW=F_d3;9500;INTARIAN_PEPPER_ROOT;10045;16;10042;23;;;10051;12;10055;17;;;10048.0;0.0
yf_ZW=F_d3;9600;ASH_COATED_OSMIUM;9900;16;9897;12;;;9930;17;9932;14;;;9915.0;0.0
yf_ZW=F_d3;9600;INTARIAN_PEPPER_ROOT;10044;5;10040;8;;;10050;14;10053;12;;;10047.0;0.0
yf_ZW=F_d3;9700;ASH_COATED_OSMIUM;9912;16;9910;21;;;9918;17;9922;23;;;9915.0;0.0
yf_ZW=F_d3;9700;INTARIAN_PEPPER_ROOT;10043;21;10040;20;;;10049;10;10051;28;;;10046.0;0.0
yf_ZW=F_d3;9800;ASH_COATED_OSMIUM;9911;17;9908;19;;;9919;17;9922;27;;;9915.0;0.0
yf_ZW=F_d3;9800;INTARIAN_PEPPER_ROOT;10042;14;10038;18;;;10048;12;10051;14;;;10045.0;0.0
yf_ZW=F_d3;9900;ASH_COATED_OSMIUM;9911;19;9907;34;;;9919;16;9922;14;;;9915.0;0.0
yf_ZW=F_d3;9900;INTARIAN_PEPPER_ROOT;10041;10;10037;19;;;10047;14;10049;25;;;10044.0;0.0
yf_ZW=F_d3;10000;ASH_COATED_OSMIUM;9911;11;9909;15;;;9920;9;9922;16;;;9915.5;0.0
yf_ZW=F_d3;10000;INTARIAN_PEPPER_ROOT;10041;8;10039;13;;;10047;5;10051;27;;;10044.0;0.0
yf_ZW=F_d3;10100;ASH_COATED_OSMIUM;9913;20;9910;26;;;9919;7;9921;15;;;9916.0;0.0
yf_ZW=F_d3;10100;INTARIAN_PEPPER_ROOT;10041;10;10037;17;;;10047;6;10049;10;;;10044.0;0.0
yf_ZW=F_d3;10200;ASH_COATED_OSMIUM;9912;6;9909;19;;;9920;12;9923;22;;;9916.0;0.0
yf_ZW=F_d3;10200;INTARIAN_PEPPER_ROOT;10039;12;10036;27;;;10047;10;10050;23;;;10043.0;0.0
yf_ZW=F_d3;10300;ASH_COATED_OSMIUM;9905;14;9902;18;;;9927;18;9929;13;;;9916.0;0.0
yf_ZW=F_d3;10300;INTARIAN_PEPPER_ROOT;10038;17;10035;13;;;10044;16;10048;16;;;10041.0;0.0
yf_ZW=F_d3;10400;ASH_COATED_OSMIUM;9905;18;9901;22;;;9925;20;9929;20;;;9915.0;0.0
yf_ZW=F_d3;10400;INTARIAN_PEPPER_ROOT;10038;8;10036;15;;;10044;22;10047;23;;;10041.0;0.0
yf_ZW=F_d3;10500;ASH_COATED_OSMIUM;9912;15;9909;20;;;9919;15;9922;17;;;9915.5;0.0
yf_ZW=F_d3;10500;INTARIAN_PEPPER_ROOT;10037;21;10033;22;;;10045;21;10049;20;;;10041.0;0.0
yf_ZW=F_d3;10600;ASH_COATED_OSMIUM;9905;26;9903;25;;;9927;21;9931;17;;;9916.0;0.0
yf_ZW=F_d3;10600;INTARIAN_PEPPER_ROOT;10028;17;10026;16;;;10051;23;10053;11;;;10039.5;0.0
yf_ZW=F_d3;10700;ASH_COATED_OSMIUM;9913;19;9910;24;;;9919;12;9923;19;;;9916.0;0.0
yf_ZW=F_d3;10700;INTARIAN_PEPPER_ROOT;10037;18;10035;20;;;10043;11;10047;22;;;10040.0;0.0
yf_ZW=F_d3;10800;ASH_COATED_OSMIUM;9908;12;9905;20;;;9923;26;9926;18;;;9915.5;0.0
yf_ZW=F_d3;10800;INTARIAN_PEPPER_ROOT;10036;6;10032;16;;;10042;12;10045;12;;;10039.0;0.0
yf_ZW=F_d3;10900;ASH_COATED_OSMIUM;9910;6;9908;18;;;9920;18;9923;19;;;9915.0;0.0
yf_ZW=F_d3;10900;INTARIAN_PEPPER_ROOT;10030;14;10027;25;;;10045;12;10047;22;;;10037.5;0.0
yf_ZW=F_d3;11000;ASH_COATED_OSMIUM;9913;10;9909;18;;;9919;16;9921;25;;;9916.0;0.0
yf_ZW=F_d3;11000;INTARIAN_PEPPER_ROOT;10033;14;10030;22;;;10043;12;10046;19;;;10038.0;0.0
yf_ZW=F_d3;11100;ASH_COATED_OSMIUM;9912;13;9910;22;;;9918;12;9921;26;;;9915.0;0.0
yf_ZW=F_d3;11100;INTARIAN_PEPPER_ROOT;10034;22;10030;22;;;10040;17;10043;12;;;10037.0;0.0
yf_ZW=F_d3;11200;ASH_COATED_OSMIUM;9913;13;9910;20;;;9919;13;9922;19;;;9916.0;0.0
yf_ZW=F_d3;11200;INTARIAN_PEPPER_ROOT;10033;13;10031;16;;;10039;20;10041;19;;;10036.0;0.0
yf_ZW=F_d3;11300;ASH_COATED_OSMIUM;9911;14;9908;16;;;9921;19;9924;31;;;9916.0;0.0
yf_ZW=F_d3;11300;INTARIAN_PEPPER_ROOT;10032;5;10029;12;;;10038;16;10042;8;;;10035.0;0.0
yf_ZW=F_d3;11400;ASH_COATED_OSMIUM;9913;12;9911;20;;;9919;15;9923;15;;;9916.0;0.0
yf_ZW=F_d3;11400;INTARIAN_PEPPER_ROOT;10032;12;10029;23;;;10038;12;10040;17;;;10035.0;0.0
yf_ZW=F_d3;11500;ASH_COATED_OSMIUM;9906;20;9903;26;;;9925;17;9927;29;;;9915.5;0.0
yf_ZW=F_d3;11500;INTARIAN_PEPPER_ROOT;10031;11;10028;17;;;10037;13;10039;29;;;10034.0;0.0
yf_ZW=F_d3;11600;ASH_COATED_OSMIUM;9908;19;9904;20;;;9925;12;9927;15;;;9916.5;0.0
yf_ZW=F_d3;11600;INTARIAN_PEPPER_ROOT;10031;16;10029;22;;;10037;9;10041;26;;;10034.0;0.0
yf_ZW=F_d3;11700;ASH_COATED_OSMIUM;9913;20;9909;24;;;9919;17;9922;14;;;9916.0;0.0
yf_ZW=F_d3;11700;INTARIAN_PEPPER_ROOT;10030;15;10028;22;;;10037;12;10041;30;;;10033.5;0.0
yf_ZW=F_d3;11800;ASH_COATED_OSMIUM;9913;12;9911;20;;;9919;17;9922;23;;;9916.0;0.0
yf_ZW=F_d3;11800;INTARIAN_PEPPER_ROOT;10029;16;10027;18;;;10035;16;10037;13;;;10032.0;0.0
yf_ZW=F_d3;11900;ASH_COATED_OSMIUM;9911;11;9908;19;;;9921;13;9923;13;;;9916.0;0.0
yf_ZW=F_d3;11900;INTARIAN_PEPPER_ROOT;10029;6;10027;19;;;10035;19;10038;20;;;10032.0;0.0
yf_ZW=F_d3;12000;ASH_COATED_OSMIUM;9913;16;9911;16;;;9919;11;9922;18;;;9916.0;0.0
yf_ZW=F_d3;12000;INTARIAN_PEPPER_ROOT;10023;21;10021;14;;;10039;5;10042;25;;;10031.0;0.0
yf_ZW=F_d3;12100;ASH_COATED_OSMIUM;9900;23;9896;20;;;9932;17;9935;20;;;9916.0;0.0
yf_ZW=F_d3;12100;INTARIAN_PEPPER_ROOT;10023;11;10020;12;;;10036;5;10038;25;;;10029.5;0.0
yf_ZW=F_d3;12200;ASH_COATED_OSMIUM;9914;12;9912;23;;;9920;13;9922;18;;;9917.0;0.0
yf_ZW=F_d3;12200;INTARIAN_PEPPER_ROOT;10026;18;10023;22;;;10032;19;10034;11;;;10029.0;0.0
yf_ZW=F_d3;12300;ASH_COATED_OSMIUM;9910;18;9906;21;;;9922;11;9924;19;;;9916.0;0.0
yf_ZW=F_d3;12300;INTARIAN_PEPPER_ROOT;10026;12;10023;17;;;10032;7;10035;19;;;10029.0;0.0
yf_ZW=F_d3;12400;ASH_COATED_OSMIUM;9910;18;9906;29;;;9922;12;9924;18;;;9916.0;0.0
yf_ZW=F_d3;12400;INTARIAN_PEPPER_ROOT;10024;12;10020;26;;;10032;14;10036;25;;;10028.0;0.0
yf_ZW=F_d3;12500;ASH_COATED_OSMIUM;9910;12;9907;23;;;9923;15;9925;13;;;9916.5;0.0
yf_ZW=F_d3;12500;INTARIAN_PEPPER_ROOT;10024;9;10022;10;;;10033;17;10035;20;;;10028.5;0.0
yf_ZW=F_d3;12600;ASH_COATED_OSMIUM;9912;22;9908;21;;;9920;23;9923;22;;;9916.0;0.0
yf_ZW=F_d3;12600;INTARIAN_PEPPER_ROOT;10019;23;10015;17;;;10034;21;10036;19;;;10026.5;0.0
yf_ZW=F_d3;12700;ASH_COATED_OSMIUM;9914;15;9912;19;;;9920;11;9922;25;;;9917.0;0.0
yf_ZW=F_d3;12700;INTARIAN_PEPPER_ROOT;10024;11;10021;20;;;10030;16;10033;18;;;10027.0;0.0
yf_ZW=F_d3;12800;ASH_COATED_OSMIUM;9913;16;9910;17;;;9919;8;9921;16;;;9916.0;0.0
yf_ZW=F_d3;12800;INTARIAN_PEPPER_ROOT;10023;5;10020;20;;;10029;14;10031;22;;;10026.0;0.0
yf_ZW=F_d3;12900;ASH_COATED_OSMIUM;9913;15;9909;22;;;9919;11;9921;22;;;9916.0;0.0
yf_ZW=F_d3;12900;INTARIAN_PEPPER_ROOT;10020;15;10017;22;;;10030;18;10034;26;;;10025.0;0.0
yf_ZW=F_d3;13000;ASH_COATED_OSMIUM;9914;14;9912;23;;;9920;13;9924;23;;;9917.0;0.0
yf_ZW=F_d3;13000;INTARIAN_PEPPER_ROOT;10018;15;10015;21;;;10030;18;10034;23;;;10024.0;0.0
yf_ZW=F_d3;13100;ASH_COATED_OSMIUM;9913;19;9909;10;;;9919;9;9921;23;;;9916.0;0.0
yf_ZW=F_d3;13100;INTARIAN_PEPPER_ROOT;10021;24;10018;14;;;10027;15;10029;20;;;10024.0;0.0
yf_ZW=F_d3;13200;ASH_COATED_OSMIUM;9912;16;9910;20;;;9921;10;9925;17;;;9916.5;0.0
yf_ZW=F_d3;13200;INTARIAN_PEPPER_ROOT;10020;16;10017;23;;;10026;15;10029;16;;;10023.0;0.0
yf_ZW=F_d3;13300;ASH_COATED_OSMIUM;9914;18;9910;8;;;9920;12;9924;22;;;9917.0;0.0
yf_ZW=F_d3;13300;INTARIAN_PEPPER_ROOT;10018;7;10015;23;;;10027;24;10030;24;;;10022.5;0.0
yf_ZW=F_d3;13400;ASH_COATED_OSMIUM;9914;5;9911;22;;;9920;16;9923;20;;;9917.0;0.0
yf_ZW=F_d3;13400;INTARIAN_PEPPER_ROOT;10018;10;10016;22;;;10026;9;10028;19;;;10022.0;0.0
yf_ZW=F_d3;13500;ASH_COATED_OSMIUM;9912;18;9908;34;;;9922;18;9924;18;;;9917.0;0.0
yf_ZW=F_d3;13500;INTARIAN_PEPPER_ROOT;10018;14;10014;15;;;10024;19;10027;23;;;10021.0;0.0
yf_ZW=F_d3;13600;ASH_COATED_OSMIUM;9914;15;9910;18;;;9920;18;9923;18;;;9917.0;0.0
yf_ZW=F_d3;13600;INTARIAN_PEPPER_ROOT;10009;13;10006;21;;;10034;14;10038;12;;;10021.5;0.0
yf_ZW=F_d3;13700;ASH_COATED_OSMIUM;9914;12;9912;24;;;9920;10;9923;28;;;9917.0;0.0
yf_ZW=F_d3;13700;INTARIAN_PEPPER_ROOT;10017;22;10015;16;;;10023;15;10027;27;;;10020.0;0.0
yf_ZW=F_d3;13800;ASH_COATED_OSMIUM;9914;11;9912;24;;;9920;19;9923;32;;;9917.0;0.0
yf_ZW=F_d3;13800;INTARIAN_PEPPER_ROOT;10017;10;10013;25;;;10023;12;10027;22;;;10020.0;0.0
yf_ZW=F_d3;13900;ASH_COATED_OSMIUM;9914;8;9910;15;;;9920;15;9924;15;;;9917.0;0.0
yf_ZW=F_d3;13900;INTARIAN_PEPPER_ROOT;10011;24;10007;20;;;10026;5;10030;21;;;10018.5;0.0
yf_ZW=F_d3;14000;ASH_COATED_OSMIUM;9913;14;9909;9;;;9920;23;9923;19;;;9916.5;0.0
yf_ZW=F_d3;14000;INTARIAN_PEPPER_ROOT;10016;15;10014;17;;;10022;14;10025;17;;;10019.0;0.0
yf_ZW=F_d3;14100;ASH_COATED_OSMIUM;9914;13;9910;17;;;9920;19;9923;21;;;9917.0;0.0
yf_ZW=F_d3;14100;INTARIAN_PEPPER_ROOT;10005;16;10003;23;;;10029;11;10031;22;;;10017.0;0.0
yf_ZW=F_d3;14200;ASH_COATED_OSMIUM;9912;11;9910;23;;;9922;13;9926;13;;;9917.0;0.0
yf_ZW=F_d3;14200;INTARIAN_PEPPER_ROOT;10013;16;10011;10;;;10020;16;10024;17;;;10016.5;0.0
yf_ZW=F_d3;14300;ASH_COATED_OSMIUM;9912;11;9908;13;;;9922;16;9926;8;;;9917.0;0.0
yf_ZW=F_d3;14300;INTARIAN_PEPPER_ROOT;10013;11;10011;27;;;10021;13;10023;16;;;10017.0;0.0
yf_ZW=F_d3;14400;ASH_COATED_OSMIUM;9912;12;9908;23;;;9921;18;9924;15;;;9916.5;0.0
yf_ZW=F_d3;14400;INTARIAN_PEPPER_ROOT;10012;14;10009;27;;;10018;13;10021;13;;;10015.0;0.0
yf_ZW=F_d3;14500;ASH_COATED_OSMIUM;9914;23;9910;11;;;9920;9;9922;23;;;9917.0;0.0
yf_ZW=F_d3;14500;INTARIAN_PEPPER_ROOT;10012;8;10008;19;;;10018;16;10022;19;;;10015.0;0.0
yf_ZW=F_d3;14600;ASH_COATED_OSMIUM;9914;17;9912;24;;;9920;13;9924;25;;;9917.0;0.0
yf_ZW=F_d3;14600;INTARIAN_PEPPER_ROOT;10008;17;10006;19;;;10019;14;10021;27;;;10013.5;0.0
yf_ZW=F_d3;14700;ASH_COATED_OSMIUM;9914;18;9910;22;;;9920;16;9922;20;;;9917.0;0.0
yf_ZW=F_d3;14700;INTARIAN_PEPPER_ROOT;10011;12;10008;17;;;10017;18;10020;19;;;10014.0;0.0
yf_ZW=F_d3;14800;ASH_COATED_OSMIUM;9914;22;9911;16;;;9920;15;9923;19;;;9917.0;0.0
yf_ZW=F_d3;14800;INTARIAN_PEPPER_ROOT;10010;18;10006;30;;;10016;11;10018;16;;;10013.0;0.0
yf_ZW=F_d3;14900;ASH_COATED_OSMIUM;9912;16;9910;22;;;9921;14;9923;17;;;9916.5;0.0
yf_ZW=F_d3;14900;INTARIAN_PEPPER_ROOT;10009;19;10007;24;;;10015;24;10017;26;;;10012.0;0.0
yf_ZW=F_d3;15000;ASH_COATED_OSMIUM;9914;17;9910;18;;;9920;12;9922;22;;;9917.0;0.0
yf_ZW=F_d3;15000;INTARIAN_PEPPER_ROOT;10009;20;10005;28;;;10015;15;10019;18;;;10012.0;0.0
yf_ZW=F_d3;15100;ASH_COATED_OSMIUM;9914;27;9912;11;;;9920;18;9924;15;;;9917.0;0.0
yf_ZW=F_d3;15100;INTARIAN_PEPPER_ROOT;10008;6;10006;15;;;10014;15;10016;18;;;10011.0;0.0
yf_ZW=F_d3;15200;ASH_COATED_OSMIUM;9911;16;9907;21;;;9924;17;9928;21;;;9917.5;0.0
yf_ZW=F_d3;15200;INTARIAN_PEPPER_ROOT;10008;20;10004;16;;;10014;27;10017;15;;;10011.0;0.0
yf_ZW=F_d3;15300;ASH_COATED_OSMIUM;9914;19;9910;15;;;9920;8;9923;18;;;9917.0;0.0
yf_ZW=F_d3;15300;INTARIAN_PEPPER_ROOT;10006;13;10003;20;;;10014;18;10018;22;;;10010.0;0.0
yf_ZW=F_d3;15400;ASH_COATED_OSMIUM;9914;5;9911;18;;;9920;18;9923;22;;;9917.0;0.0
yf_ZW=F_d3;15400;INTARIAN_PEPPER_ROOT;10006;16;10004;20;;;10012;7;10014;30;;;10009.0;0.0
yf_ZW=F_d3;15500;ASH_COATED_OSMIUM;9914;22;9910;18;;;9920;18;9924;16;;;9917.0;0.0
yf_ZW=F_d3;15500;INTARIAN_PEPPER_ROOT;10006;7;10004;17;;;10012;9;10014;17;;;10009.0;0.0
yf_ZW=F_d3;15600;ASH_COATED_OSMIUM;9905;11;9901;23;;;9929;13;9933;21;;;9917.0;0.0
yf_ZW=F_d3;15600;INTARIAN_PEPPER_ROOT;10005;19;10002;19;;;10011;5;10014;21;;;10008.0;0.0
yf_ZW=F_d3;15700;ASH_COATED_OSMIUM;9914;12;9912;20;;;9920;17;9923;18;;;9917.0;0.0
yf_ZW=F_d3;15700;INTARIAN_PEPPER_ROOT;10004;12;10001;8;;;10010;22;10012;11;;;10007.0;0.0
yf_ZW=F_d3;15800;ASH_COATED_OSMIUM;9911;12;9909;22;;;9924;15;9927;15;;;9917.5;0.0
yf_ZW=F_d3;15800;INTARIAN_PEPPER_ROOT;10003;16;10000;27;;;10009;21;10012;20;;;10006.0;0.0
yf_ZW=F_d3;15900;ASH_COATED_OSMIUM;9914;16;9911;26;;;9921;12;9923;19;;;9917.5;0.0
yf_ZW=F_d3;15900;INTARIAN_PEPPER_ROOT;10003;19;9999;10;;;10009;15;10011;27;;;10006.0;0.0
yf_ZW=F_d3;16000;ASH_COATED_OSMIUM;9914;13;9912;16;;;9920;7;9924;17;;;9917.0;0.0
yf_ZW=F_d3;16000;INTARIAN_PEPPER_ROOT;9996;13;9992;23;;;10014;19;10017;24;;;10005.0;0.0
yf_ZW=F_d3;16100;ASH_COATED_OSMIUM;9914;18;9912;20;;;9920;18;9922;22;;;9917.0;0.0
yf_ZW=F_d3;16100;INTARIAN_PEPPER_ROOT;9991;15;9989;27;;;10017;12;10021;12;;;10004.0;0.0
yf_ZW=F_d3;16200;ASH_COATED_OSMIUM;9911;17;9909;22;;;9924;11;9927;12;;;9917.5;0.0
yf_ZW=F_d3;16200;INTARIAN_PEPPER_ROOT;10001;16;9999;18;;;10007;13;10009;23;;;10004.0;0.0
yf_ZW=F_d3;16300;ASH_COATED_OSMIUM;9914;26;9911;14;;;9920;13;9924;21;;;9917.0;0.0
yf_ZW=F_d3;16300;INTARIAN_PEPPER_ROOT;9997;16;9995;8;;;10009;13;10012;16;;;10003.0;0.0
yf_ZW=F_d3;16400;ASH_COATED_OSMIUM;9909;23;9907;11;;;9926;13;9929;21;;;9917.5;0.0
yf_ZW=F_d3;16400;INTARIAN_PEPPER_ROOT;9995;11;9992;19;;;10009;9;10012;25;;;10002.0;0.0
yf_ZW=F_d3;16500;ASH_COATED_OSMIUM;9915;12;9911;13;;;9921;24;9924;19;;;9918.0;0.0
yf_ZW=F_d3;16500;INTARIAN_PEPPER_ROOT;9999;12;9996;19;;;10005;11;10008;21;;;10002.0;0.0
yf_ZW=F_d3;16600;ASH_COATED_OSMIUM;9914;12;9912;19;;;9920;10;9923;26;;;9917.0;0.0
yf_ZW=F_d3;16600;INTARIAN_PEPPER_ROOT;9999;10;9996;20;;;10005;18;10007;22;;;10002.0;0.0
yf_ZW=F_d3;16700;ASH_COATED_OSMIUM;9914;12;9911;16;;;9920;21;9923;21;;;9917.0;0.0
yf_ZW=F_d3;16700;INTARIAN_PEPPER_ROOT;9996;17;9992;28;;;10005;7;10007;21;;;10000.5;0.0
yf_ZW=F_d3;16800;ASH_COATED_OSMIUM;9914;8;9910;17;;;9920;6;9923;21;;;9917.0;0.0
yf_ZW=F_d3;16800;INTARIAN_PEPPER_ROOT;9997;14;9995;20;;;10003;15;10007;25;;;10000.0;0.0
yf_ZW=F_d3;16900;ASH_COATED_OSMIUM;9914;16;9911;24;;;9921;5;9923;9;;;9917.5;0.0
yf_ZW=F_d3;16900;INTARIAN_PEPPER_ROOT;9994;11;9990;22;;;10003;15;10006;25;;;9998.5;0.0
yf_ZW=F_d3;17000;ASH_COATED_OSMIUM;9916;17;9912;22;;;9922;12;9925;21;;;9919.0;0.0
yf_ZW=F_d3;17000;INTARIAN_PEPPER_ROOT;9997;9;9994;14;;;10003;20;10006;15;;;10000.0;0.0
yf_ZW=F_d3;17100;ASH_COATED_OSMIUM;9915;9;9913;23;;;9921;7;9925;18;;;9918.0;0.0
yf_ZW=F_d3;17100;INTARIAN_PEPPER_ROOT;9999;14;9997;27;;;10005;20;10008;18;;;10002.0;0.0
yf_ZW=F_d3;17200;ASH_COATED_OSMIUM;9914;13;9911;14;;;9921;6;9924;18;;;9917.5;0.0
yf_ZW=F_d3;17200;INTARIAN_PEPPER_ROOT;10000;14;9998;27;;;10006;13;10010;26;;;10003.0;0.0
yf_ZW=F_d3;17300;ASH_COATED_OSMIUM;9914;13;9912;22;;;9921;5;9924;25;;;9917.5;0.0
yf_ZW=F_d3;17300;INTARIAN_PEPPER_ROOT;9996;12;9992;17;;;10015;12;10018;15;;;10005.5;0.0
yf_ZW=F_d3;17400;ASH_COATED_OSMIUM;9914;20;9911;16;;;9921;5;9923;18;;;9917.5;0.0
yf_ZW=F_d3;17400;INTARIAN_PEPPER_ROOT;10003;19;10000;18;;;10009;12;10012;19;;;10006.0;0.0
yf_ZW=F_d3;17500;ASH_COATED_OSMIUM;9914;19;9911;26;;;9921;19;9923;20;;;9917.5;0.0
yf_ZW=F_d3;17500;INTARIAN_PEPPER_ROOT;10004;15;10002;18;;;10010;20;10012;20;;;10007.0;0.0
yf_ZW=F_d3;17600;ASH_COATED_OSMIUM;9915;15;9913;23;;;9921;17;9925;25;;;9918.0;0.0
yf_ZW=F_d3;17600;INTARIAN_PEPPER_ROOT;10006;22;10004;16;;;10012;21;10016;17;;;10009.0;0.0
yf_ZW=F_d3;17700;ASH_COATED_OSMIUM;9915;13;9913;24;;;9921;5;9923;23;;;9918.0;0.0
yf_ZW=F_d3;17700;INTARIAN_PEPPER_ROOT;10008;17;10006;18;;;10014;16;10016;12;;;10011.0;0.0
yf_ZW=F_d3;17800;ASH_COATED_OSMIUM;9914;12;9912;16;;;9920;7;9922;21;;;9917.0;0.0
yf_ZW=F_d3;17800;INTARIAN_PEPPER_ROOT;10009;10;10007;21;;;10016;7;10018;24;;;10012.5;0.0
yf_ZW=F_d3;17900;ASH_COATED_OSMIUM;9915;9;9912;23;;;9921;20;9923;12;;;9918.0;0.0
yf_ZW=F_d3;17900;INTARIAN_PEPPER_ROOT;10011;16;10007;19;;;10017;15;10019;18;;;10014.0;0.0
yf_ZW=F_d3;18000;ASH_COATED_OSMIUM;9915;16;9913;27;;;9921;5;9923;18;;;9918.0;0.0
yf_ZW=F_d3;18000;INTARIAN_PEPPER_ROOT;10012;16;10008;22;;;10018;5;10021;22;;;10015.0;0.0
yf_ZW=F_d3;18100;ASH_COATED_OSMIUM;9915;18;9913;25;;;9921;16;9924;19;;;9918.0;0.0
yf_ZW=F_d3;18100;INTARIAN_PEPPER_ROOT;10014;8;10010;18;;;10020;13;10022;27;;;10017.0;0.0
yf_ZW=F_d3;18200;ASH_COATED_OSMIUM;9915;25;9911;18;;;9922;16;9926;24;;;9918.5;0.0
yf_ZW=F_d3;18200;INTARIAN_PEPPER_ROOT;10016;14;10013;20;;;10022;16;10024;24;;;10019.0;0.0
yf_ZW=F_d3;18300;ASH_COATED_OSMIUM;9915;11;9912;24;;;9921;15;9924;17;;;9918.0;0.0
yf_ZW=F_d3;18300;INTARIAN_PEPPER_ROOT;10016;11;10012;25;;;10023;21;10026;25;;;10019.5;0.0
yf_ZW=F_d3;18400;ASH_COATED_OSMIUM;9900;14;9896;20;;;9936;13;9940;9;;;9918.0;0.0
yf_ZW=F_d3;18400;INTARIAN_PEPPER_ROOT;10018;16;10014;23;;;10024;17;10026;17;;;10021.0;0.0
yf_ZW=F_d3;18500;ASH_COATED_OSMIUM;9915;14;9911;24;;;9921;10;9924;24;;;9918.0;0.0
yf_ZW=F_d3;18500;INTARIAN_PEPPER_ROOT;10021;18;10017;30;;;10027;12;10030;20;;;10024.0;0.0
yf_ZW=F_d3;18600;ASH_COATED_OSMIUM;9901;24;9898;13;;;9935;5;9937;19;;;9918.0;0.0
yf_ZW=F_d3;18600;INTARIAN_PEPPER_ROOT;10022;10;10019;18;;;10028;11;10031;15;;;10025.0;0.0
yf_ZW=F_d3;18700;ASH_COATED_OSMIUM;9915;16;9911;19;;;9921;14;9924;23;;;9918.0;0.0
yf_ZW=F_d3;18700;INTARIAN_PEPPER_ROOT;10023;15;10020;20;;;10030;10;10034;24;;;10026.5;0.0
yf_ZW=F_d3;18800;ASH_COATED_OSMIUM;9915;13;9911;17;;;9921;21;9925;19;;;9918.0;0.0
yf_ZW=F_d3;18800;INTARIAN_PEPPER_ROOT;10021;13;10017;9;;;10035;18;10038;20;;;10028.0;0.0
yf_ZW=F_d3;18900;ASH_COATED_OSMIUM;9916;19;9913;26;;;9922;7;9924;20;;;9919.0;0.0
yf_ZW=F_d3;18900;INTARIAN_PEPPER_ROOT;10026;22;10023;25;;;10032;6;10036;19;;;10029.0;0.0
yf_ZW=F_d3;19000;ASH_COATED_OSMIUM;9915;11;9912;20;;;9921;12;9923;24;;;9918.0;0.0
yf_ZW=F_d3;19000;INTARIAN_PEPPER_ROOT;10028;22;10026;17;;;10034;14;10037;15;;;10031.0;0.0
yf_ZW=F_d3;19100;ASH_COATED_OSMIUM;9915;16;9911;21;;;9921;7;9923;21;;;9918.0;0.0
yf_ZW=F_d3;19100;INTARIAN_PEPPER_ROOT;10030;9;10027;18;;;10036;21;10040;19;;;10033.0;0.0
yf_ZW=F_d3;19200;ASH_COATED_OSMIUM;9915;17;9913;9;;;9921;20;9925;11;;;9918.0;0.0
yf_ZW=F_d3;19200;INTARIAN_PEPPER_ROOT;10030;18;10026;19;;;10038;14;10042;24;;;10034.0;0.0
yf_ZW=F_d3;19300;ASH_COATED_OSMIUM;9916;7;9913;20;;;9922;17;9925;19;;;9919.0;0.0
yf_ZW=F_d3;19300;INTARIAN_PEPPER_ROOT;10026;20;10023;22;;;10045;18;10047;20;;;10035.5;0.0
yf_ZW=F_d3;19400;ASH_COATED_OSMIUM;9915;19;9912;18;;;9921;17;9924;22;;;9918.0;0.0
yf_ZW=F_d3;19400;INTARIAN_PEPPER_ROOT;10034;17;10032;14;;;10040;16;10044;26;;;10037.0;0.0
yf_ZW=F_d3;19500;ASH_COATED_OSMIUM;9903;7;9901;16;;;9933;8;9935;29;;;9918.0;0.0
yf_ZW=F_d3;19500;INTARIAN_PEPPER_ROOT;10035;13;10032;21;;;10043;11;10045;11;;;10039.0;0.0
yf_ZW=F_d3;19600;ASH_COATED_OSMIUM;9914;25;9911;22;;;9923;17;9927;22;;;9918.5;0.0
yf_ZW=F_d3;19600;INTARIAN_PEPPER_ROOT;10035;12;10033;8;;;10046;17;10048;19;;;10040.5;0.0
yf_ZW=F_d3;19700;ASH_COATED_OSMIUM;9915;21;9913;19;;;9921;13;9924;15;;;9918.0;0.0
yf_ZW=F_d3;19700;INTARIAN_PEPPER_ROOT;10039;26;10036;15;;;10045;19;10048;18;;;10042.0;0.0
yf_ZW=F_d3;19800;ASH_COATED_OSMIUM;9915;14;9912;25;;;9921;9;9924;15;;;9918.0;0.0
yf_ZW=F_d3;19800;INTARIAN_PEPPER_ROOT;10041;15;10039;18;;;10047;16;10049;16;;;10044.0;0.0
yf_ZW=F_d3;19900;ASH_COATED_OSMIUM;9909;14;9907;23;;;9928;15;9930;28;;;9918.5;0.0
yf_ZW=F_d3;19900;INTARIAN_PEPPER_ROOT;10042;13;10039;14;;;10048;13;10051;20;;;10045.0;0.0
yf_ZW=F_d3;20000;ASH_COATED_OSMIUM;9907;20;9904;24;;;9930;22;9933;8;;;9918.5;0.0
yf_ZW=F_d3;20000;INTARIAN_PEPPER_ROOT;10033;11;10031;19;;;10059;11;10063;23;;;10046.0;0.0
yf_ZW=F_d3;20100;ASH_COATED_OSMIUM;9916;14;9913;29;;;9922;27;9926;21;;;9919.0;0.0
yf_ZW=F_d3;20100;INTARIAN_PEPPER_ROOT;10045;15;10041;21;;;10051;26;10053;20;;;10048.0;0.0
yf_ZW=F_d3;20200;ASH_COATED_OSMIUM;9909;13;9907;19;;;9929;12;9933;21;;;9919.0;0.0
yf_ZW=F_d3;20200;INTARIAN_PEPPER_ROOT;10046;11;10044;16;;;10054;16;10056;23;;;10050.0;0.0
yf_ZW=F_d3;20300;ASH_COATED_OSMIUM;9916;16;9913;15;;;9922;30;9924;23;;;9919.0;0.0
yf_ZW=F_d3;20300;INTARIAN_PEPPER_ROOT;10048;23;10045;29;;;10054;21;10056;28;;;10051.0;0.0
yf_ZW=F_d3;20400;ASH_COATED_OSMIUM;9910;20;9908;15;;;9928;17;9932;16;;;9919.0;0.0
yf_ZW=F_d3;20400;INTARIAN_PEPPER_ROOT;10049;9;10047;16;;;10057;16;10060;20;;;10053.0;0.0
yf_ZW=F_d3;20500;ASH_COATED_OSMIUM;9916;24;9913;25;;;9922;13;9925;20;;;9919.0;0.0
yf_ZW=F_d3;20500;INTARIAN_PEPPER_ROOT;10050;19;10046;9;;;10058;12;10062;15;;;10054.0;0.0
yf_ZW=F_d3;20600;ASH_COATED_OSMIUM;9916;18;9914;12;;;9922;18;9925;14;;;9919.0;0.0
yf_ZW=F_d3;20600;INTARIAN_PEPPER_ROOT;10053;25;10051;17;;;10059;10;10062;19;;;10056.0;0.0
yf_ZW=F_d3;20700;ASH_COATED_OSMIUM;9912;5;9910;18;;;9926;24;9929;22;;;9919.0;0.0
yf_ZW=F_d3;20700;INTARIAN_PEPPER_ROOT;10054;17;10050;21;;;10060;13;10064;24;;;10057.0;0.0
yf_ZW=F_d3;20800;ASH_COATED_OSMIUM;9916;19;9914;30;;;9922;9;9926;17;;;9919.0;0.0
yf_ZW=F_d3;20800;INTARIAN_PEPPER_ROOT;10052;16;10050;18;;;10064;14;10066;17;;;10058.0;0.0
yf_ZW=F_d3;20900;ASH_COATED_OSMIUM;9904;14;9901;24;;;9933;13;9936;20;;;9918.5;0.0
yf_ZW=F_d3;20900;INTARIAN_PEPPER_ROOT;10057;10;10055;12;;;10063;15;10067;25;;;10060.0;0.0
yf_ZW=F_d3;21000;ASH_COATED_OSMIUM;9916;12;9914;21;;;9922;14;9925;15;;;9919.0;0.0
yf_ZW=F_d3;21000;INTARIAN_PEPPER_ROOT;10059;6;10055;21;;;10065;14;10068;8;;;10062.0;0.0
yf_ZW=F_d3;21100;ASH_COATED_OSMIUM;9913;19;9911;12;;;9924;18;9927;16;;;9918.5;0.0
yf_ZW=F_d3;21100;INTARIAN_PEPPER_ROOT;10058;5;10054;22;;;10068;16;10072;8;;;10063.0;0.0
yf_ZW=F_d3;21200;ASH_COATED_OSMIUM;9900;14;9896;23;;;9937;14;9941;14;;;9918.5;0.0
yf_ZW=F_d3;21200;INTARIAN_PEPPER_ROOT;10062;17;10058;24;;;10068;23;10071;26;;;10065.0;0.0
yf_ZW=F_d3;21300;ASH_COATED_OSMIUM;9914;12;9912;22;;;9924;17;9926;10;;;9919.0;0.0
yf_ZW=F_d3;21300;INTARIAN_PEPPER_ROOT;10064;14;10062;22;;;10070;10;10074;20;;;10067.0;0.0
yf_ZW=F_d3;21400;ASH_COATED_OSMIUM;9916;18;9914;19;;;9922;19;9926;17;;;9919.0;0.0
yf_ZW=F_d3;21400;INTARIAN_PEPPER_ROOT;10062;12;10058;26;;;10074;17;10077;16;;;10068.0;0.0
yf_ZW=F_d3;21500;ASH_COATED_OSMIUM;9916;18;9914;19;;;9922;11;9926;19;;;9919.0;0.0
yf_ZW=F_d3;21500;INTARIAN_PEPPER_ROOT;10067;10;10063;25;;;10073;23;10076;20;;;10070.0;0.0
yf_ZW=F_d3;21600;ASH_COATED_OSMIUM;9916;18;9914;16;;;9922;15;9926;19;;;9919.0;0.0
yf_ZW=F_d3;21600;INTARIAN_PEPPER_ROOT;10064;14;10061;16;;;10078;11;10081;20;;;10071.0;0.0
yf_ZW=F_d3;21700;ASH_COATED_OSMIUM;9916;18;9912;20;;;9923;15;9926;26;;;9919.5;0.0
yf_ZW=F_d3;21700;INTARIAN_PEPPER_ROOT;10070;14;10068;19;;;10076;22;10080;20;;;10073.0;0.0
yf_ZW=F_d3;21800;ASH_COATED_OSMIUM;9916;22;9912;18;;;9922;10;9924;14;;;9919.0;0.0
yf_ZW=F_d3;21800;INTARIAN_PEPPER_ROOT;10071;12;10067;21;;;10077;18;10080;17;;;10074.0;0.0
yf_ZW=F_d3;21900;ASH_COATED_OSMIUM;9916;10;9914;20;;;9922;22;9926;26;;;9919.0;0.0
yf_ZW=F_d3;21900;INTARIAN_PEPPER_ROOT;10073;21;10071;19;;;10079;12;10083;13;;;10076.0;0.0
yf_ZW=F_d3;22000;ASH_COATED_OSMIUM;9916;17;9913;18;;;9922;10;9925;25;;;9919.0;0.0
yf_ZW=F_d3;22000;INTARIAN_PEPPER_ROOT;10074;13;10071;19;;;10080;13;10083;21;;;10077.0;0.0
yf_ZW=F_d3;22100;ASH_COATED_OSMIUM;9916;13;9913;14;;;9922;9;9924;16;;;9919.0;0.0
yf_ZW=F_d3;22100;INTARIAN_PEPPER_ROOT;10076;13;10074;19;;;10082;16;10084;15;;;10079.0;0.0
yf_ZW=F_d3;22200;ASH_COATED_OSMIUM;9914;18;9911;13;;;9923;22;9926;21;;;9918.5;0.0
yf_ZW=F_d3;22200;INTARIAN_PEPPER_ROOT;10077;5;10075;25;;;10084;12;10086;11;;;10080.5;0.0
yf_ZW=F_d3;22300;ASH_COATED_OSMIUM;9902;20;9898;8;;;9936;18;9939;12;;;9919.0;0.0
yf_ZW=F_d3;22300;INTARIAN_PEPPER_ROOT;10079;14;10076;20;;;10085;15;10087;27;;;10082.0;0.0
yf_ZW=F_d3;22400;ASH_COATED_OSMIUM;9916;12;9912;13;;;9922;13;9926;19;;;9919.0;0.0
yf_ZW=F_d3;22400;INTARIAN_PEPPER_ROOT;10080;16;10077;21;;;10086;11;10089;26;;;10083.0;0.0
yf_ZW=F_d3;22500;ASH_COATED_OSMIUM;9916;20;9914;17;;;9922;7;9925;19;;;9919.0;0.0
yf_ZW=F_d3;22500;INTARIAN_PEPPER_ROOT;10082;13;10080;20;;;10089;23;10092;21;;;10085.5;0.0
yf_ZW=F_d3;22600;ASH_COATED_OSMIUM;9916;16;9913;8;;;9922;15;9925;22;;;9919.0;0.0
yf_ZW=F_d3;22600;INTARIAN_PEPPER_ROOT;10083;19;10080;16;;;10091;7;10095;14;;;10087.0;0.0
yf_ZW=F_d3;22700;ASH_COATED_OSMIUM;9917;22;9913;21;;;9923;18;9925;14;;;9920.0;0.0
yf_ZW=F_d3;22700;INTARIAN_PEPPER_ROOT;10083;18;10079;14;;;10094;16;10097;21;;;10088.5;0.0
yf_ZW=F_d3;22800;ASH_COATED_OSMIUM;9916;12;9912;18;;;9922;13;9924;21;;;9919.0;0.0
yf_ZW=F_d3;22800;INTARIAN_PEPPER_ROOT;10086;14;10083;19;;;10092;8;10096;29;;;10089.0;0.0
yf_ZW=F_d3;22900;ASH_COATED_OSMIUM;9912;18;9908;25;;;9926;12;9930;13;;;9919.0;0.0
yf_ZW=F_d3;22900;INTARIAN_PEPPER_ROOT;10087;10;10084;12;;;10095;13;10097;16;;;10091.0;0.0
yf_ZW=F_d3;23000;ASH_COATED_OSMIUM;9911;17;9909;18;;;9928;16;9932;17;;;9919.5;0.0
yf_ZW=F_d3;23000;INTARIAN_PEPPER_ROOT;10086;5;10084;25;;;10100;8;10103;22;;;10093.0;0.0
yf_ZW=F_d3;23100;ASH_COATED_OSMIUM;9916;9;9914;29;;;9922;13;9925;26;;;9919.0;0.0
yf_ZW=F_d3;23100;INTARIAN_PEPPER_ROOT;10078;5;10075;22;;;10109;7;10113;18;;;10093.5;0.0
yf_ZW=F_d3;23200;ASH_COATED_OSMIUM;9916;14;9914;17;;;9922;15;9926;27;;;9919.0;0.0
yf_ZW=F_d3;23200;INTARIAN_PEPPER_ROOT;10090;18;10088;28;;;10102;5;10106;24;;;10096.0;0.0
yf_ZW=F_d3;23300;ASH_COATED_OSMIUM;9916;13;9914;18;;;9922;17;9925;25;;;9919.0;0.0
yf_ZW=F_d3;23300;INTARIAN_PEPPER_ROOT;10089;23;10085;25;;;10107;11;10111;17;;;10098.0;0.0
yf_ZW=F_d3;23400;ASH_COATED_OSMIUM;9917;17;9915;20;;;9923;18;9925;14;;;9920.0;0.0
yf_ZW=F_d3;23400;INTARIAN_PEPPER_ROOT;10090;18;10087;18;;;10108;19;10112;19;;;10099.0;0.0
yf_ZW=F_d3;23500;ASH_COATED_OSMIUM;9914;12;9912;28;;;9926;10;9928;8;;;9920.0;0.0
yf_ZW=F_d3;23500;INTARIAN_PEPPER_ROOT;10098;12;10095;21;;;10104;8;10107;27;;;10101.0;0.0
yf_ZW=F_d3;23600;ASH_COATED_OSMIUM;9915;5;9911;17;;;9922;18;9925;25;;;9918.5;0.0
yf_ZW=F_d3;23600;INTARIAN_PEPPER_ROOT;10098;10;10095;23;;;10106;7;10110;17;;;10102.0;0.0
yf_ZW=F_d3;23700;ASH_COATED_OSMIUM;9917;9;9914;15;;;9923;16;9926;20;;;9920.0;0.0
yf_ZW=F_d3;23700;INTARIAN_PEPPER_ROOT;10101;20;10097;21;;;10107;23;10109;21;;;10104.0;0.0
yf_ZW=F_d3;23800;ASH_COATED_OSMIUM;9916;14;9912;15;;;9922;18;9925;10;;;9919.0;0.0
yf_ZW=F_d3;23800;INTARIAN_PEPPER_ROOT;10102;14;10098;12;;;10108;10;10111;14;;;10105.0;0.0
yf_ZW=F_d3;23900;ASH_COATED_OSMIUM;9908;10;9905;23;;;9931;15;9934;24;;;9919.5;0.0
yf_ZW=F_d3;23900;INTARIAN_PEPPER_ROOT;10104;15;10100;15;;;10110;15;10113;25;;;10107.0;0.0
yf_ZW=F_d3;24000;ASH_COATED_OSMIUM;9912;11;9910;17;;;9927;9;9929;19;;;9919.5;0.0
yf_ZW=F_d3;24000;INTARIAN_PEPPER_ROOT;10105;16;10101;25;;;10111;14;10115;24;;;10108.0;0.0
yf_ZW=F_d3;24100;ASH_COATED_OSMIUM;9917;11;9914;25;;;9923;18;9925;20;;;9920.0;0.0
yf_ZW=F_d3;24100;INTARIAN_PEPPER_ROOT;10107;14;10103;16;;;10113;14;10117;23;;;10110.0;0.0
yf_ZW=F_d3;24200;ASH_COATED_OSMIUM;9916;5;9913;18;;;9922;9;9925;18;;;9919.0;0.0
yf_ZW=F_d3;24200;INTARIAN_PEPPER_ROOT;10103;23;10099;23;;;10120;16;10122;24;;;10111.5;0.0
yf_ZW=F_d3;24300;ASH_COATED_OSMIUM;9917;18;9915;19;;;9923;15;9926;16;;;9920.0;0.0
yf_ZW=F_d3;24300;INTARIAN_PEPPER_ROOT;10110;16;10107;19;;;10116;10;10120;18;;;10113.0;0.0
yf_ZW=F_d3;24400;ASH_COATED_OSMIUM;9916;5;9913;23;;;9922;13;9926;16;;;9919.0;0.0
yf_ZW=F_d3;24400;INTARIAN_PEPPER_ROOT;10108;7;10105;18;;;10121;9;10123;27;;;10114.5;0.0
yf_ZW=F_d3;24500;ASH_COATED_OSMIUM;9917;8;9915;19;;;9923;11;9926;24;;;9920.0;0.0
yf_ZW=F_d3;24500;INTARIAN_PEPPER_ROOT;10113;15;10111;15;;;10119;18;10122;17;;;10116.0;0.0
yf_ZW=F_d3;24600;ASH_COATED_OSMIUM;9917;18;9913;20;;;9923;10;9927;27;;;9920.0;0.0
yf_ZW=F_d3;24600;INTARIAN_PEPPER_ROOT;10115;23;10112;13;;;10121;12;10123;23;;;10118.0;0.0
yf_ZW=F_d3;24700;ASH_COATED_OSMIUM;9913;27;9910;24;;;9926;13;9928;13;;;9919.5;0.0
yf_ZW=F_d3;24700;INTARIAN_PEPPER_ROOT;10116;24;10114;23;;;10122;13;10124;24;;;10119.0;0.0
yf_ZW=F_d3;24800;ASH_COATED_OSMIUM;9916;10;9914;21;;;9922;10;9924;19;;;9919.0;0.0
yf_ZW=F_d3;24800;INTARIAN_PEPPER_ROOT;10118;14;10114;12;;;10124;25;10126;16;;;10121.0;0.0
yf_ZW=F_d3;24900;ASH_COATED_OSMIUM;9917;14;9913;22;;;9923;14;9926;21;;;9920.0;0.0
yf_ZW=F_d3;24900;INTARIAN_PEPPER_ROOT;10115;11;10112;18;;;10129;18;10132;15;;;10122.0;0.0
yf_ZW=F_d3;25000;ASH_COATED_OSMIUM;9913;22;9910;18;;;9927;14;9931;26;;;9920.0;0.0
yf_ZW=F_d3;25000;INTARIAN_PEPPER_ROOT;10110;13;10106;18;;;10139;18;10143;13;;;10124.5;0.0
yf_ZW=F_d3;25100;ASH_COATED_OSMIUM;9913;6;9911;11;;;9926;19;9929;21;;;9919.5;0.0
yf_ZW=F_d3;25100;INTARIAN_PEPPER_ROOT;10123;16;10121;29;;;10129;13;10133;24;;;10126.0;0.0
yf_ZW=F_d3;25200;ASH_COATED_OSMIUM;9917;20;9913;22;;;9923;14;9926;18;;;9920.0;0.0
yf_ZW=F_d3;25200;INTARIAN_PEPPER_ROOT;10111;6;10107;27;;;10142;11;10146;17;;;10126.5;0.0
yf_ZW=F_d3;25300;ASH_COATED_OSMIUM;9912;16;9908;14;;;9927;21;9930;18;;;9919.5;0.0
yf_ZW=F_d3;25300;INTARIAN_PEPPER_ROOT;10118;6;10116;15;;;10138;18;10141;22;;;10128.0;0.0
yf_ZW=F_d3;25400;ASH_COATED_OSMIUM;9917;5;9914;22;;;9923;20;9926;30;;;9920.0;0.0
yf_ZW=F_d3;25400;INTARIAN_PEPPER_ROOT;10127;12;10125;18;;;10133;27;10136;15;;;10130.0;0.0
yf_ZW=F_d3;25500;ASH_COATED_OSMIUM;9903;20;9899;19;;;9938;6;9940;14;;;9920.5;0.0
yf_ZW=F_d3;25500;INTARIAN_PEPPER_ROOT;10125;13;10121;22;;;10138;12;10140;23;;;10131.5;0.0
yf_ZW=F_d3;25600;ASH_COATED_OSMIUM;9918;15;9915;21;;;9924;22;9926;25;;;9921.0;0.0
yf_ZW=F_d3;25600;INTARIAN_PEPPER_ROOT;10130;13;10128;19;;;10136;17;10139;23;;;10133.0;0.0
yf_ZW=F_d3;25700;ASH_COATED_OSMIUM;9917;5;9914;21;;;9923;17;9926;22;;;9920.0;0.0
yf_ZW=F_d3;25700;INTARIAN_PEPPER_ROOT;10132;19;10128;21;;;10138;20;10142;17;;;10135.0;0.0
yf_ZW=F_d3;25800;ASH_COATED_OSMIUM;9916;18;9912;26;;;9924;22;9926;16;;;9920.0;0.0
yf_ZW=F_d3;25800;INTARIAN_PEPPER_ROOT;10133;5;10130;16;;;10139;17;10141;22;;;10136.0;0.0
yf_ZW=F_d3;25900;ASH_COATED_OSMIUM;9914;17;9910;19;;;9926;21;9928;21;;;9920.0;0.0
yf_ZW=F_d3;25900;INTARIAN_PEPPER_ROOT;10129;20;10126;25;;;10147;14;10149;26;;;10138.0;0.0
yf_ZW=F_d3;26000;ASH_COATED_OSMIUM;9917;20;9914;26;;;9923;11;9927;30;;;9920.0;0.0
yf_ZW=F_d3;26000;INTARIAN_PEPPER_ROOT;10126;16;10123;20;;;10153;13;10156;27;;;10139.5;0.0
yf_ZW=F_d3;26100;ASH_COATED_OSMIUM;9917;10;9914;15;;;9923;14;9926;21;;;9920.0;0.0
yf_ZW=F_d3;26100;INTARIAN_PEPPER_ROOT;10138;21;10134;25;;;10144;16;10146;20;;;10141.0;0.0
yf_ZW=F_d3;26200;ASH_COATED_OSMIUM;9917;14;9913;22;;;9923;11;9926;12;;;9920.0;0.0
yf_ZW=F_d3;26200;INTARIAN_PEPPER_ROOT;10137;9;10135;14;;;10147;10;10151;14;;;10142.0;0.0
yf_ZW=F_d3;26300;ASH_COATED_OSMIUM;9914;12;9910;26;;;9926;17;9929;18;;;9920.0;0.0
yf_ZW=F_d3;26300;INTARIAN_PEPPER_ROOT;10141;6;10139;22;;;10147;21;10150;17;;;10144.0;0.0
yf_ZW=F_d3;26400;ASH_COATED_OSMIUM;9917;20;9915;15;;;9923;18;9925;29;;;9920.0;0.0
yf_ZW=F_d3;26400;INTARIAN_PEPPER_ROOT;10139;15;10137;22;;;10152;9;10154;18;;;10145.5;0.0
yf_ZW=F_d3;26500;ASH_COATED_OSMIUM;9916;11;9912;22;;;9925;17;9927;21;;;9920.5;0.0
yf_ZW=F_d3;26500;INTARIAN_PEPPER_ROOT;10139;23;10136;19;;;10156;15;10158;14;;;10147.5;0.0
yf_ZW=F_d3;26600;ASH_COATED_OSMIUM;9917;13;9914;16;;;9923;20;9927;18;;;9920.0;0.0
yf_ZW=F_d3;26600;INTARIAN_PEPPER_ROOT;10145;19;10141;11;;;10151;14;10155;13;;;10148.0;0.0
yf_ZW=F_d3;26700;ASH_COATED_OSMIUM;9917;12;9914;19;;;9923;18;9925;16;;;9920.0;0.0
yf_ZW=F_d3;26700;INTARIAN_PEPPER_ROOT;10130;18;10126;29;;;10170;20;10174;19;;;10150.0;0.0
yf_ZW=F_d3;26800;ASH_COATED_OSMIUM;9912;8;9908;19;;;9929;12;9933;25;;;9920.5;0.0
yf_ZW=F_d3;26800;INTARIAN_PEPPER_ROOT;10149;15;10147;23;;;10155;10;10159;24;;;10152.0;0.0
yf_ZW=F_d3;26900;ASH_COATED_OSMIUM;9918;23;9915;18;;;9924;16;9926;19;;;9921.0;0.0
yf_ZW=F_d3;26900;INTARIAN_PEPPER_ROOT;10150;15;10148;21;;;10156;9;10159;22;;;10153.0;0.0
yf_ZW=F_d3;27000;ASH_COATED_OSMIUM;9916;16;9913;21;;;9925;26;9927;12;;;9920.5;0.0
yf_ZW=F_d3;27000;INTARIAN_PEPPER_ROOT;10142;11;10140;19;;;10167;13;10171;8;;;10154.5;0.0
yf_ZW=F_d3;27100;ASH_COATED_OSMIUM;9913;17;9909;21;;;9929;19;9932;20;;;9921.0;0.0
yf_ZW=F_d3;27100;INTARIAN_PEPPER_ROOT;10151;5;10147;24;;;10161;22;10163;8;;;10156.0;0.0
yf_ZW=F_d3;27200;ASH_COATED_OSMIUM;9917;13;9914;18;;;9924;13;9926;19;;;9920.5;0.0
yf_ZW=F_d3;27200;INTARIAN_PEPPER_ROOT;10147;15;10144;29;;;10169;7;10172;21;;;10158.0;0.0
yf_ZW=F_d3;27300;ASH_COATED_OSMIUM;9917;8;9913;17;;;9923;14;9927;16;;;9920.0;0.0
yf_ZW=F_d3;27300;INTARIAN_PEPPER_ROOT;10157;13;10155;13;;;10163;17;10166;18;;;10160.0;0.0
yf_ZW=F_d3;27400;ASH_COATED_OSMIUM;9916;17;9912;21;;;9926;17;9929;22;;;9921.0;0.0
yf_ZW=F_d3;27400;INTARIAN_PEPPER_ROOT;10157;18;10153;19;;;10164;20;10166;26;;;10160.5;0.0
yf_ZW=F_d3;27500;ASH_COATED_OSMIUM;9909;12;9907;16;;;9931;13;9934;26;;;9920.0;0.0
yf_ZW=F_d3;27500;INTARIAN_PEPPER_ROOT;10159;16;10157;19;;;10165;15;10169;12;;;10162.0;0.0
yf_ZW=F_d3;27600;ASH_COATED_OSMIUM;9917;8;9913;17;;;9923;10;9925;24;;;9920.0;0.0
yf_ZW=F_d3;27600;INTARIAN_PEPPER_ROOT;10162;7;10159;19;;;10168;5;10171;27;;;10165.0;0.0
yf_ZW=F_d3;27700;ASH_COATED_OSMIUM;9916;12;9912;19;;;9925;16;9927;19;;;9920.5;0.0
yf_ZW=F_d3;27700;INTARIAN_PEPPER_ROOT;10160;6;10158;11;;;10171;16;10173;21;;;10165.5;0.0
yf_ZW=F_d3;27800;ASH_COATED_OSMIUM;9917;17;9913;24;;;9925;22;9927;24;;;9921.0;0.0
yf_ZW=F_d3;27800;INTARIAN_PEPPER_ROOT;10164;17;10162;25;;;10170;23;10173;22;;;10167.0;0.0
yf_ZW=F_d3;27900;ASH_COATED_OSMIUM;9918;21;9915;29;;;9924;14;9928;8;;;9921.0;0.0
yf_ZW=F_d3;27900;INTARIAN_PEPPER_ROOT;10165;10;10161;12;;;10171;23;10175;20;;;10168.0;0.0
yf_ZW=F_d3;28000;ASH_COATED_OSMIUM;9917;16;9915;13;;;9924;8;9927;19;;;9920.5;0.0
yf_ZW=F_d3;28000;INTARIAN_PEPPER_ROOT;10165;17;10163;19;;;10176;16;10179;21;;;10170.5;0.0
yf_ZW=F_d3;28100;ASH_COATED_OSMIUM;9916;16;9912;16;;;9924;11;9928;21;;;9920.0;0.0
yf_ZW=F_d3;28100;INTARIAN_PEPPER_ROOT;10169;12;10165;25;;;10176;7;10179;16;;;10172.5;0.0
yf_ZW=F_d3;28200;ASH_COATED_OSMIUM;9918;16;9914;12;;;9924;5;9928;12;;;9921.0;0.0
yf_ZW=F_d3;28200;INTARIAN_PEPPER_ROOT;10170;19;10166;22;;;10176;9;10179;20;;;10173.0;0.0
yf_ZW=F_d3;28300;ASH_COATED_OSMIUM;9917;13;9915;19;;;9924;14;9927;19;;;9920.5;0.0
yf_ZW=F_d3;28300;INTARIAN_PEPPER_ROOT;10172;13;10170;25;;;10178;13;10182;16;;;10175.0;0.0
yf_ZW=F_d3;28400;ASH_COATED_OSMIUM;9917;9;9915;27;;;9923;25;9926;23;;;9920.0;0.0
yf_ZW=F_d3;28400;INTARIAN_PEPPER_ROOT;10173;19;10171;18;;;10179;15;10181;19;;;10176.0;0.0
yf_ZW=F_d3;28500;ASH_COATED_OSMIUM;9918;29;9916;17;;;9924;17;9928;13;;;9921.0;0.0
yf_ZW=F_d3;28500;INTARIAN_PEPPER_ROOT;10175;16;10172;32;;;10181;14;10184;24;;;10178.0;0.0
yf_ZW=F_d3;28600;ASH_COATED_OSMIUM;9917;5;9914;19;;;9923;19;9927;17;;;9920.0;0.0
yf_ZW=F_d3;28600;INTARIAN_PEPPER_ROOT;10176;15;10173;16;;;10182;9;10185;20;;;10179.0;0.0
yf_ZW=F_d3;28700;ASH_COATED_OSMIUM;9915;16;9912;16;;;9927;16;9929;21;;;9921.0;0.0
yf_ZW=F_d3;28700;INTARIAN_PEPPER_ROOT;10178;13;10175;21;;;10184;21;10187;22;;;10181.0;0.0
yf_ZW=F_d3;28800;ASH_COATED_OSMIUM;9918;13;9914;17;;;9924;5;9928;10;;;9921.0;0.0
yf_ZW=F_d3;28800;INTARIAN_PEPPER_ROOT;10180;10;10177;8;;;10186;13;10188;11;;;10183.0;0.0
yf_ZW=F_d3;28900;ASH_COATED_OSMIUM;9918;11;9916;21;;;9924;8;9926;16;;;9921.0;0.0
yf_ZW=F_d3;28900;INTARIAN_PEPPER_ROOT;10182;18;10178;32;;;10188;24;10190;17;;;10185.0;0.0
yf_ZW=F_d3;29000;ASH_COATED_OSMIUM;9918;14;9914;18;;;9924;14;9926;23;;;9921.0;0.0
yf_ZW=F_d3;29000;INTARIAN_PEPPER_ROOT;10180;13;10176;27;;;10191;8;10193;15;;;10185.5;0.0
yf_ZW=F_d3;29100;ASH_COATED_OSMIUM;9918;14;9916;20;;;9924;16;9927;12;;;9921.0;0.0
yf_ZW=F_d3;29100;INTARIAN_PEPPER_ROOT;10178;20;10175;17;;;10196;16;10198;19;;;10187.0;0.0
yf_ZW=F_d3;29200;ASH_COATED_OSMIUM;9918;12;9915;18;;;9924;13;9928;18;;;9921.0;0.0
yf_ZW=F_d3;29200;INTARIAN_PEPPER_ROOT;10185;8;10181;35;;;10191;15;10194;13;;;10188.0;0.0
yf_ZW=F_d3;29300;ASH_COATED_OSMIUM;9909;16;9907;8;;;9934;11;9938;19;;;9921.5;0.0
yf_ZW=F_d3;29300;INTARIAN_PEPPER_ROOT;10188;14;10184;16;;;10194;15;10196;24;;;10191.0;0.0
yf_ZW=F_d3;29400;ASH_COATED_OSMIUM;9918;12;9915;18;;;9924;11;9927;26;;;9921.0;0.0
yf_ZW=F_d3;29400;INTARIAN_PEPPER_ROOT;10189;15;10186;23;;;10195;5;10197;17;;;10192.0;0.0
yf_ZW=F_d3;29500;ASH_COATED_OSMIUM;9918;20;9915;13;;;9924;8;9926;20;;;9921.0;0.0
yf_ZW=F_d3;29500;INTARIAN_PEPPER_ROOT;10191;14;10189;20;;;10197;18;10199;21;;;10194.0;0.0
yf_ZW=F_d3;29600;ASH_COATED_OSMIUM;9918;17;9915;29;;;9924;16;9926;20;;;9921.0;0.0
yf_ZW=F_d3;29600;INTARIAN_PEPPER_ROOT;10189;10;10187;26;;;10202;12;10206;23;;;10195.5;0.0
yf_ZW=F_d3;29700;ASH_COATED_OSMIUM;9915;7;9912;25;;;9928;7;9932;23;;;9921.5;0.0
yf_ZW=F_d3;29700;INTARIAN_PEPPER_ROOT;10185;12;10181;17;;;10210;14;10213;22;;;10197.5;0.0
yf_ZW=F_d3;29800;ASH_COATED_OSMIUM;9918;16;9914;15;;;9924;14;9928;25;;;9921.0;0.0
yf_ZW=F_d3;29800;INTARIAN_PEPPER_ROOT;10193;18;10191;23;;;10201;22;10203;19;;;10197.0;0.0
yf_ZW=F_d3;29900;ASH_COATED_OSMIUM;9917;18;9915;22;;;9926;17;9929;23;;;9921.5;0.0
yf_ZW=F_d3;29900;INTARIAN_PEPPER_ROOT;10193;6;10189;11;;;10206;21;10209;15;;;10199.5;0.0
yf_ZW=F_d3;30000;ASH_COATED_OSMIUM;9918;20;9916;27;;;9924;12;9926;18;;;9921.0;0.0
yf_ZW=F_d3;30000;INTARIAN_PEPPER_ROOT;10196;16;10194;21;;;10205;5;10208;13;;;10200.5;0.0
yf_ZW=F_d3;30100;ASH_COATED_OSMIUM;9902;12;9899;25;;;9941;10;9945;27;;;9921.5;0.0
yf_ZW=F_d3;30100;INTARIAN_PEPPER_ROOT;10200;5;10196;8;;;10206;18;10210;13;;;10203.0;0.0
yf_ZW=F_d3;30200;ASH_COATED_OSMIUM;9917;20;9914;23;;;9925;17;9927;17;;;9921.0;0.0
yf_ZW=F_d3;30200;INTARIAN_PEPPER_ROOT;10201;18;10198;22;;;10207;16;10211;22;;;10204.0;0.0
yf_ZW=F_d3;30300;ASH_COATED_OSMIUM;9918;18;9915;19;;;9924;12;9926;18;;;9921.0;0.0
yf_ZW=F_d3;30300;INTARIAN_PEPPER_ROOT;10199;18;10195;12;;;10212;20;10214;12;;;10205.5;0.0
yf_ZW=F_d3;30400;ASH_COATED_OSMIUM;9917;19;9913;29;;;9925;20;9927;21;;;9921.0;0.0
yf_ZW=F_d3;30400;INTARIAN_PEPPER_ROOT;10204;17;10200;20;;;10210;21;10213;17;;;10207.0;0.0
yf_ZW=F_d3;30500;ASH_COATED_OSMIUM;9915;20;9911;10;;;9926;14;9929;22;;;9920.5;0.0
yf_ZW=F_d3;30500;INTARIAN_PEPPER_ROOT;10205;15;10203;22;;;10212;11;10215;18;;;10208.5;0.0
yf_ZW=F_d3;30600;ASH_COATED_OSMIUM;9913;16;9911;24;;;9930;15;9934;19;;;9921.5;0.0
yf_ZW=F_d3;30600;INTARIAN_PEPPER_ROOT;10207;16;10204;18;;;10213;9;10216;12;;;10210.0;0.0
yf_ZW=F_d3;30700;ASH_COATED_OSMIUM;9915;10;9913;14;;;9928;13;9930;19;;;9921.5;0.0
yf_ZW=F_d3;30700;INTARIAN_PEPPER_ROOT;10209;20;10207;23;;;10215;11;10218;12;;;10212.0;0.0
yf_ZW=F_d3;30800;ASH_COATED_OSMIUM;9917;12;9915;27;;;9927;17;9929;18;;;9922.0;0.0
yf_ZW=F_d3;30800;INTARIAN_PEPPER_ROOT;10207;12;10203;11;;;10221;17;10225;24;;;10214.0;0.0
yf_ZW=F_d3;30900;ASH_COATED_OSMIUM;9918;13;9915;30;;;9924;17;9926;17;;;9921.0;0.0
yf_ZW=F_d3;30900;INTARIAN_PEPPER_ROOT;10212;14;10209;22;;;10218;11;10220;16;;;10215.0;0.0
yf_ZW=F_d3;31000;ASH_COATED_OSMIUM;9911;10;9909;20;;;9931;10;9933;14;;;9921.0;0.0
yf_ZW=F_d3;31000;INTARIAN_PEPPER_ROOT;10214;15;10210;13;;;10220;6;10224;14;;;10217.0;0.0
yf_ZW=F_d3;31100;ASH_COATED_OSMIUM;9918;24;9914;30;;;9924;13;9926;20;;;9921.0;0.0
yf_ZW=F_d3;31100;INTARIAN_PEPPER_ROOT;10215;18;10211;19;;;10222;16;10225;14;;;10218.5;0.0
yf_ZW=F_d3;31200;ASH_COATED_OSMIUM;9918;18;9916;22;;;9924;10;9928;12;;;9921.0;0.0
yf_ZW=F_d3;31200;INTARIAN_PEPPER_ROOT;10217;10;10214;20;;;10223;20;10225;26;;;10220.0;0.0
yf_ZW=F_d3;31300;ASH_COATED_OSMIUM;9918;14;9915;9;;;9924;13;9927;18;;;9921.0;0.0
yf_ZW=F_d3;31300;INTARIAN_PEPPER_ROOT;10218;7;10216;24;;;10224;10;10227;20;;;10221.0;0.0
yf_ZW=F_d3;31400;ASH_COATED_OSMIUM;9918;16;9915;15;;;9924;14;9927;17;;;9921.0;0.0
yf_ZW=F_d3;31400;INTARIAN_PEPPER_ROOT;10220;5;10218;18;;;10226;19;10229;20;;;10223.0;0.0
yf_ZW=F_d3;31500;ASH_COATED_OSMIUM;9918;10;9916;17;;;9925;14;9928;15;;;9921.5;0.0
yf_ZW=F_d3;31500;INTARIAN_PEPPER_ROOT;10220;20;10218;15;;;10227;14;10231;30;;;10223.5;0.0
yf_ZW=F_d3;31600;ASH_COATED_OSMIUM;9918;11;9914;24;;;9924;7;9927;18;;;9921.0;0.0
yf_ZW=F_d3;31600;INTARIAN_PEPPER_ROOT;10223;16;10219;25;;;10229;15;10232;12;;;10226.0;0.0
yf_ZW=F_d3;31700;ASH_COATED_OSMIUM;9915;19;9913;18;;;9928;16;9931;13;;;9921.5;0.0
yf_ZW=F_d3;31700;INTARIAN_PEPPER_ROOT;10225;13;10223;24;;;10231;20;10234;21;;;10228.0;0.0
yf_ZW=F_d3;31800;ASH_COATED_OSMIUM;9919;12;9917;19;;;9925;16;9928;19;;;9922.0;0.0
yf_ZW=F_d3;31800;INTARIAN_PEPPER_ROOT;10218;12;10216;21;;;10240;19;10244;23;;;10229.0;0.0
yf_ZW=F_d3;31900;ASH_COATED_OSMIUM;9918;17;9914;16;;;9925;9;9929;19;;;9921.5;0.0
yf_ZW=F_d3;31900;INTARIAN_PEPPER_ROOT;10228;17;10226;20;;;10234;19;10237;18;;;10231.0;0.0
yf_ZW=F_d3;32000;ASH_COATED_OSMIUM;9918;12;9916;26;;;9924;15;9926;22;;;9921.0;0.0
yf_ZW=F_d3;32000;INTARIAN_PEPPER_ROOT;10228;13;10224;23;;;10237;20;10240;10;;;10232.5;0.0
yf_ZW=F_d3;32100;ASH_COATED_OSMIUM;9905;18;9903;18;;;9937;20;9939;20;;;9921.0;0.0
yf_ZW=F_d3;32100;INTARIAN_PEPPER_ROOT;10221;25;10217;20;;;10246;13;10248;13;;;10233.5;0.0
yf_ZW=F_d3;32200;ASH_COATED_OSMIUM;9919;21;9916;17;;;9925;17;9927;31;;;9922.0;0.0
yf_ZW=F_d3;32200;INTARIAN_PEPPER_ROOT;10233;16;10231;24;;;10239;22;10243;22;;;10236.0;0.0
yf_ZW=F_d3;32300;ASH_COATED_OSMIUM;9919;14;9915;11;;;9925;11;9928;28;;;9922.0;0.0
yf_ZW=F_d3;32300;INTARIAN_PEPPER_ROOT;10228;12;10224;20;;;10245;10;10247;20;;;10236.5;0.0
yf_ZW=F_d3;32400;ASH_COATED_OSMIUM;9919;22;9915;21;;;9925;19;9927;17;;;9922.0;0.0
yf_ZW=F_d3;32400;INTARIAN_PEPPER_ROOT;10234;24;10232;28;;;10244;21;10248;17;;;10239.0;0.0
yf_ZW=F_d3;32500;ASH_COATED_OSMIUM;9917;9;9914;25;;;9926;12;9929;20;;;9921.5;0.0
yf_ZW=F_d3;32500;INTARIAN_PEPPER_ROOT;10235;15;10233;15;;;10245;18;10249;14;;;10240.0;0.0
yf_ZW=F_d3;32600;ASH_COATED_OSMIUM;9912;9;9908;20;;;9931;16;9934;28;;;9921.5;0.0
yf_ZW=F_d3;32600;INTARIAN_PEPPER_ROOT;10238;17;10234;22;;;10244;19;10248;17;;;10241.0;0.0
yf_ZW=F_d3;32700;ASH_COATED_OSMIUM;9918;14;9914;17;;;9924;18;9926;13;;;9921.0;0.0
yf_ZW=F_d3;32700;INTARIAN_PEPPER_ROOT;10240;15;10238;28;;;10246;7;10248;22;;;10243.0;0.0
yf_ZW=F_d3;32800;ASH_COATED_OSMIUM;9919;17;9917;12;;;9925;10;9927;27;;;9922.0;0.0
yf_ZW=F_d3;32800;INTARIAN_PEPPER_ROOT;10242;15;10240;19;;;10248;9;10250;17;;;10245.0;0.0
yf_ZW=F_d3;32900;ASH_COATED_OSMIUM;9919;12;9915;15;;;9925;21;9929;21;;;9922.0;0.0
yf_ZW=F_d3;32900;INTARIAN_PEPPER_ROOT;10239;10;10237;8;;;10253;18;10256;29;;;10246.0;0.0
yf_ZW=F_d3;33000;ASH_COATED_OSMIUM;9916;9;9914;21;;;9928;14;9932;20;;;9922.0;0.0
yf_ZW=F_d3;33000;INTARIAN_PEPPER_ROOT;10245;10;10242;13;;;10251;19;10255;16;;;10248.0;0.0
yf_ZW=F_d3;33100;ASH_COATED_OSMIUM;9915;14;9912;22;;;9930;15;9934;10;;;9922.5;0.0
yf_ZW=F_d3;33100;INTARIAN_PEPPER_ROOT;10240;11;10237;28;;;10259;5;10261;20;;;10249.5;0.0
yf_ZW=F_d3;33200;ASH_COATED_OSMIUM;9920;10;9916;18;;;9926;14;9928;15;;;9923.0;0.0
yf_ZW=F_d3;33200;INTARIAN_PEPPER_ROOT;10247;12;10244;16;;;10256;12;10258;15;;;10251.5;0.0
yf_ZW=F_d3;33300;ASH_COATED_OSMIUM;9919;5;9917;19;;;9925;10;9927;19;;;9922.0;0.0
yf_ZW=F_d3;33300;INTARIAN_PEPPER_ROOT;10250;10;10246;24;;;10256;22;10259;21;;;10253.0;0.0
yf_ZW=F_d3;33400;ASH_COATED_OSMIUM;9919;21;9915;18;;;9925;16;9929;11;;;9922.0;0.0
yf_ZW=F_d3;33400;INTARIAN_PEPPER_ROOT;10245;15;10241;14;;;10262;24;10265;17;;;10253.5;0.0
yf_ZW=F_d3;33500;ASH_COATED_OSMIUM;9918;9;9916;19;;;9927;8;9930;17;;;9922.5;0.0
yf_ZW=F_d3;33500;INTARIAN_PEPPER_ROOT;10253;10;10251;27;;;10259;9;10262;21;;;10256.0;0.0
yf_ZW=F_d3;33600;ASH_COATED_OSMIUM;9919;16;9916;18;;;9925;17;9927;16;;;9922.0;0.0
yf_ZW=F_d3;33600;INTARIAN_PEPPER_ROOT;10250;13;10246;24;;;10265;13;10267;20;;;10257.5;0.0
yf_ZW=F_d3;33700;ASH_COATED_OSMIUM;9909;12;9906;12;;;9935;15;9939;18;;;9922.0;0.0
yf_ZW=F_d3;33700;INTARIAN_PEPPER_ROOT;10253;11;10250;20;;;10265;15;10269;19;;;10259.0;0.0
yf_ZW=F_d3;33800;ASH_COATED_OSMIUM;9919;17;9916;20;;;9925;9;9928;23;;;9922.0;0.0
yf_ZW=F_d3;33800;INTARIAN_PEPPER_ROOT;10255;14;10252;17;;;10266;14;10270;26;;;10260.5;0.0
yf_ZW=F_d3;33900;ASH_COATED_OSMIUM;9919;21;9916;27;;;9925;8;9928;28;;;9922.0;0.0
yf_ZW=F_d3;33900;INTARIAN_PEPPER_ROOT;10259;22;10256;12;;;10265;6;10269;17;;;10262.0;0.0
yf_ZW=F_d3;34000;ASH_COATED_OSMIUM;9919;17;9917;15;;;9925;14;9929;26;;;9922.0;0.0
yf_ZW=F_d3;34000;INTARIAN_PEPPER_ROOT;10259;15;10257;22;;;10265;20;10269;8;;;10262.0;0.0
yf_ZW=F_d3;34100;ASH_COATED_OSMIUM;9914;12;9910;19;;;9930;9;9934;14;;;9922.0;0.0
yf_ZW=F_d3;34100;INTARIAN_PEPPER_ROOT;10258;11;10254;17;;;10268;5;10270;13;;;10263.0;0.0
yf_ZW=F_d3;34200;ASH_COATED_OSMIUM;9919;8;9915;27;;;9925;15;9928;17;;;9922.0;0.0
yf_ZW=F_d3;34200;INTARIAN_PEPPER_ROOT;10261;11;10258;19;;;10267;17;10269;17;;;10264.0;0.0
yf_ZW=F_d3;34300;ASH_COATED_OSMIUM;9918;13;9914;17;;;9926;11;9928;15;;;9922.0;0.0
yf_ZW=F_d3;34300;INTARIAN_PEPPER_ROOT;10262;19;10259;16;;;10268;11;10272;21;;;10265.0;0.0
yf_ZW=F_d3;34400;ASH_COATED_OSMIUM;9917;12;9914;11;;;9925;20;9929;25;;;9921.0;0.0
yf_ZW=F_d3;34400;INTARIAN_PEPPER_ROOT;10260;19;10256;20;;;10270;14;10272;19;;;10265.0;0.0
yf_ZW=F_d3;34500;ASH_COATED_OSMIUM;9918;19;9915;19;;;9924;16;9927;21;;;9921.0;0.0
yf_ZW=F_d3;34500;INTARIAN_PEPPER_ROOT;10264;20;10262;19;;;10270;16;10272;14;;;10267.0;0.0
yf_ZW=F_d3;34600;ASH_COATED_OSMIUM;9910;15;9908;26;;;9933;14;9935;19;;;9921.5;0.0
yf_ZW=F_d3;34600;INTARIAN_PEPPER_ROOT;10264;12;10261;19;;;10271;11;10275;25;;;10267.5;0.0
yf_ZW=F_d3;34700;ASH_COATED_OSMIUM;9907;6;9903;21;;;9937;15;9941;19;;;9922.0;0.0
yf_ZW=F_d3;34700;INTARIAN_PEPPER_ROOT;10265;17;10261;21;;;10273;20;10277;22;;;10269.0;0.0
yf_ZW=F_d3;34800;ASH_COATED_OSMIUM;9917;19;9914;10;;;9927;12;9931;22;;;9922.0;0.0
yf_ZW=F_d3;34800;INTARIAN_PEPPER_ROOT;10266;8;10262;27;;;10272;10;10276;17;;;10269.0;0.0
yf_ZW=F_d3;34900;ASH_COATED_OSMIUM;9919;16;9915;20;;;9925;14;9927;20;;;9922.0;0.0
yf_ZW=F_d3;34900;INTARIAN_PEPPER_ROOT;10266;12;10263;19;;;10276;20;10278;19;;;10271.0;0.0
yf_ZW=F_d3;35000;ASH_COATED_OSMIUM;9918;11;9914;14;;;9924;11;9927;20;;;9921.0;0.0
yf_ZW=F_d3;35000;INTARIAN_PEPPER_ROOT;10262;10;10260;8;;;10280;9;10282;23;;;10271.0;0.0
yf_ZW=F_d3;35100;ASH_COATED_OSMIUM;9918;18;9915;16;;;9924;10;9926;13;;;9921.0;0.0
yf_ZW=F_d3;35100;INTARIAN_PEPPER_ROOT;10269;16;10265;23;;;10275;6;10279;25;;;10272.0;0.0
yf_ZW=F_d3;35200;ASH_COATED_OSMIUM;9918;11;9915;17;;;9924;12;9928;23;;;9921.0;0.0
yf_ZW=F_d3;35200;INTARIAN_PEPPER_ROOT;10269;16;10265;15;;;10276;13;10280;11;;;10272.5;0.0
yf_ZW=F_d3;35300;ASH_COATED_OSMIUM;9911;11;9908;29;;;9930;16;9932;15;;;9920.5;0.0
yf_ZW=F_d3;35300;INTARIAN_PEPPER_ROOT;10271;17;10269;20;;;10277;5;10279;23;;;10274.0;0.0
yf_ZW=F_d3;35400;ASH_COATED_OSMIUM;9916;22;9914;13;;;9927;5;9929;19;;;9921.5;0.0
yf_ZW=F_d3;35400;INTARIAN_PEPPER_ROOT;10273;20;10270;22;;;10279;18;10281;15;;;10276.0;0.0
yf_ZW=F_d3;35500;ASH_COATED_OSMIUM;9912;15;9908;25;;;9930;15;9934;23;;;9921.0;0.0
yf_ZW=F_d3;35500;INTARIAN_PEPPER_ROOT;10269;10;10265;24;;;10282;17;10285;16;;;10275.5;0.0
yf_ZW=F_d3;35600;ASH_COATED_OSMIUM;9918;8;9916;24;;;9924;15;9927;17;;;9921.0;0.0
yf_ZW=F_d3;35600;INTARIAN_PEPPER_ROOT;10270;16;10266;18;;;10286;18;10289;22;;;10278.0;0.0
yf_ZW=F_d3;35700;ASH_COATED_OSMIUM;9917;13;9915;26;;;9926;17;9930;22;;;9921.5;0.0
yf_ZW=F_d3;35700;INTARIAN_PEPPER_ROOT;10270;12;10267;13;;;10285;9;10287;17;;;10277.5;0.0
yf_ZW=F_d3;35800;ASH_COATED_OSMIUM;9918;17;9915;18;;;9924;9;9927;17;;;9921.0;0.0
yf_ZW=F_d3;35800;INTARIAN_PEPPER_ROOT;10268;11;10266;20;;;10291;9;10293;19;;;10279.5;0.0
yf_ZW=F_d3;35900;ASH_COATED_OSMIUM;9915;21;9912;8;;;9927;11;9931;15;;;9921.0;0.0
yf_ZW=F_d3;35900;INTARIAN_PEPPER_ROOT;10277;13;10275;8;;;10283;15;10286;15;;;10280.0;0.0
yf_ZW=F_d3;36000;ASH_COATED_OSMIUM;9917;8;9914;21;;;9924;16;9928;25;;;9920.5;0.0
yf_ZW=F_d3;36000;INTARIAN_PEPPER_ROOT;10275;20;10273;16;;;10286;12;10288;16;;;10280.5;0.0
yf_ZW=F_d3;36100;ASH_COATED_OSMIUM;9918;19;9914;21;;;9924;13;9928;17;;;9921.0;0.0
yf_ZW=F_d3;36100;INTARIAN_PEPPER_ROOT;10278;26;10275;18;;;10285;10;10288;20;;;10281.5;0.0
yf_ZW=F_d3;36200;ASH_COATED_OSMIUM;9914;14;9911;22;;;9927;5;9929;19;;;9920.5;0.0
yf_ZW=F_d3;36200;INTARIAN_PEPPER_ROOT;10280;12;10277;21;;;10286;12;10289;22;;;10283.0;0.0
yf_ZW=F_d3;36300;ASH_COATED_OSMIUM;9917;16;9913;17;;;9924;19;9928;11;;;9920.5;0.0
yf_ZW=F_d3;36300;INTARIAN_PEPPER_ROOT;10280;20;10277;20;;;10286;16;10289;15;;;10283.0;0.0
yf_ZW=F_d3;36400;ASH_COATED_OSMIUM;9917;18;9914;27;;;9923;12;9927;8;;;9920.0;0.0
yf_ZW=F_d3;36400;INTARIAN_PEPPER_ROOT;10277;5;10273;19;;;10290;11;10294;16;;;10283.5;0.0
yf_ZW=F_d3;36500;ASH_COATED_OSMIUM;9906;17;9902;22;;;9934;11;9937;21;;;9920.0;0.0
yf_ZW=F_d3;36500;INTARIAN_PEPPER_ROOT;10280;19;10278;20;;;10290;13;10293;32;;;10285.0;0.0
yf_ZW=F_d3;36600;ASH_COATED_OSMIUM;9915;10;9913;19;;;9926;17;9929;23;;;9920.5;0.0
yf_ZW=F_d3;36600;INTARIAN_PEPPER_ROOT;10278;12;10274;18;;;10293;12;10295;16;;;10285.5;0.0
yf_ZW=F_d3;36700;ASH_COATED_OSMIUM;9917;20;9913;23;;;9923;7;9926;11;;;9920.0;0.0
yf_ZW=F_d3;36700;INTARIAN_PEPPER_ROOT;10284;18;10281;15;;;10290;10;10293;26;;;10287.0;0.0
yf_ZW=F_d3;36800;ASH_COATED_OSMIUM;9917;17;9913;18;;;9923;14;9927;23;;;9920.0;0.0
yf_ZW=F_d3;36800;INTARIAN_PEPPER_ROOT;10282;10;10278;22;;;10293;18;10297;22;;;10287.5;0.0
yf_ZW=F_d3;36900;ASH_COATED_OSMIUM;9917;20;9914;32;;;9923;12;9925;15;;;9920.0;0.0
yf_ZW=F_d3;36900;INTARIAN_PEPPER_ROOT;10286;14;10282;19;;;10292;9;10295;24;;;10289.0;0.0
yf_ZW=F_d3;37000;ASH_COATED_OSMIUM;9917;14;9913;8;;;9923;14;9927;22;;;9920.0;0.0
yf_ZW=F_d3;37000;INTARIAN_PEPPER_ROOT;10286;19;10283;19;;;10292;15;10295;24;;;10289.0;0.0
yf_ZW=F_d3;37100;ASH_COATED_OSMIUM;9916;14;9913;16;;;9924;9;9926;15;;;9920.0;0.0
yf_ZW=F_d3;37100;INTARIAN_PEPPER_ROOT;10283;6;10280;20;;;10298;19;10301;22;;;10290.5;0.0
yf_ZW=F_d3;37200;ASH_COATED_OSMIUM;9917;14;9915;23;;;9923;23;9925;19;;;9920.0;0.0
yf_ZW=F_d3;37200;INTARIAN_PEPPER_ROOT;10289;19;10286;20;;;10295;9;10299;10;;;10292.0;0.0
yf_ZW=F_d3;37300;ASH_COATED_OSMIUM;9916;24;9912;14;;;9922;16;9926;21;;;9919.0;0.0
yf_ZW=F_d3;37300;INTARIAN_PEPPER_ROOT;10290;16;10288;26;;;10296;10;10299;24;;;10293.0;0.0
yf_ZW=F_d3;37400;ASH_COATED_OSMIUM;9906;22;9904;22;;;9934;5;9938;22;;;9920.0;0.0
yf_ZW=F_d3;37400;INTARIAN_PEPPER_ROOT;10285;19;10281;9;;;10301;12;10304;28;;;10293.0;0.0
yf_ZW=F_d3;37500;ASH_COATED_OSMIUM;9911;18;9909;24;;;9927;17;9929;25;;;9919.0;0.0
yf_ZW=F_d3;37500;INTARIAN_PEPPER_ROOT;10291;11;10289;21;;;10297;19;10299;12;;;10294.0;0.0
yf_ZW=F_d3;37600;ASH_COATED_OSMIUM;9917;25;9915;25;;;9923;17;9925;22;;;9920.0;0.0
yf_ZW=F_d3;37600;INTARIAN_PEPPER_ROOT;10292;25;10288;17;;;10298;13;10302;8;;;10295.0;0.0
yf_ZW=F_d3;37700;ASH_COATED_OSMIUM;9901;15;9898;21;;;9938;27;9941;20;;;9919.5;0.0
yf_ZW=F_d3;37700;INTARIAN_PEPPER_ROOT;10289;7;10286;18;;;10302;12;10306;19;;;10295.5;0.0
yf_ZW=F_d3;37800;ASH_COATED_OSMIUM;9917;12;9913;31;;;9923;17;9926;32;;;9920.0;0.0
yf_ZW=F_d3;37800;INTARIAN_PEPPER_ROOT;10293;13;10290;16;;;10301;19;10303;22;;;10297.0;0.0
yf_ZW=F_d3;37900;ASH_COATED_OSMIUM;9911;15;9907;20;;;9928;20;9932;16;;;9919.5;0.0
yf_ZW=F_d3;37900;INTARIAN_PEPPER_ROOT;10293;6;10289;9;;;10302;13;10305;17;;;10297.5;0.0
yf_ZW=F_d3;38000;ASH_COATED_OSMIUM;9912;23;9909;18;;;9927;15;9929;22;;;9919.5;0.0
yf_ZW=F_d3;38000;INTARIAN_PEPPER_ROOT;10296;15;10292;18;;;10302;11;10305;18;;;10299.0;0.0
yf_ZW=F_d3;38100;ASH_COATED_OSMIUM;9917;14;9914;16;;;9923;20;9927;20;;;9920.0;0.0
yf_ZW=F_d3;38100;INTARIAN_PEPPER_ROOT;10296;12;10293;14;;;10302;14;10304;34;;;10299.0;0.0
yf_ZW=F_d3;38200;ASH_COATED_OSMIUM;9916;12;9912;15;;;9922;15;9924;16;;;9919.0;0.0
yf_ZW=F_d3;38200;INTARIAN_PEPPER_ROOT;10297;9;10295;18;;;10303;23;10306;19;;;10300.0;0.0
yf_ZW=F_d3;38300;ASH_COATED_OSMIUM;9916;10;9914;32;;;9922;12;9926;20;;;9919.0;0.0
yf_ZW=F_d3;38300;INTARIAN_PEPPER_ROOT;10298;11;10295;9;;;10304;18;10306;19;;;10301.0;0.0
yf_ZW=F_d3;38400;ASH_COATED_OSMIUM;9916;17;9913;18;;;9922;5;9925;27;;;9919.0;0.0
yf_ZW=F_d3;38400;INTARIAN_PEPPER_ROOT;10298;15;10295;13;;;10307;9;10310;22;;;10302.5;0.0
yf_ZW=F_d3;38500;ASH_COATED_OSMIUM;9915;11;9913;18;;;9923;10;9926;20;;;9919.0;0.0
yf_ZW=F_d3;38500;INTARIAN_PEPPER_ROOT;10298;11;10294;32;;;10307;13;10310;16;;;10302.5;0.0
yf_ZW=F_d3;38600;ASH_COATED_OSMIUM;9916;18;9913;15;;;9922;5;9924;16;;;9919.0;0.0
yf_ZW=F_d3;38600;INTARIAN_PEPPER_ROOT;10297;7;10294;25;;;10311;18;10314;24;;;10304.0;0.0
yf_ZW=F_d3;38700;ASH_COATED_OSMIUM;9908;16;9904;23;;;9929;26;9931;23;;;9918.5;0.0
yf_ZW=F_d3;38700;INTARIAN_PEPPER_ROOT;10302;16;10299;19;;;10308;12;10311;22;;;10305.0;0.0
yf_ZW=F_d3;38800;ASH_COATED_OSMIUM;9916;15;9914;16;;;9922;15;9925;17;;;9919.0;0.0
yf_ZW=F_d3;38800;INTARIAN_PEPPER_ROOT;10302;13;10299;19;;;10311;20;10313;19;;;10306.5;0.0
yf_ZW=F_d3;38900;ASH_COATED_OSMIUM;9916;13;9913;21;;;9922;19;9924;17;;;9919.0;0.0
yf_ZW=F_d3;38900;INTARIAN_PEPPER_ROOT;10304;15;10300;25;;;10310;5;10312;25;;;10307.0;0.0
yf_ZW=F_d3;39000;ASH_COATED_OSMIUM;9915;11;9911;18;;;9922;17;9925;19;;;9918.5;0.0
yf_ZW=F_d3;39000;INTARIAN_PEPPER_ROOT;10304;18;10301;21;;;10310;17;10314;23;;;10307.0;0.0
yf_ZW=F_d3;39100;ASH_COATED_OSMIUM;9916;17;9914;13;;;9922;18;9926;22;;;9919.0;0.0
yf_ZW=F_d3;39100;INTARIAN_PEPPER_ROOT;10305;17;10303;17;;;10312;13;10316;25;;;10308.5;0.0
yf_ZW=F_d3;39200;ASH_COATED_OSMIUM;9915;20;9913;19;;;9921;13;9924;26;;;9918.0;0.0
yf_ZW=F_d3;39200;INTARIAN_PEPPER_ROOT;10306;11;10302;27;;;10312;16;10315;18;;;10309.0;0.0
yf_ZW=F_d3;39300;ASH_COATED_OSMIUM;9915;14;9913;15;;;9921;8;9923;29;;;9918.0;0.0
yf_ZW=F_d3;39300;INTARIAN_PEPPER_ROOT;10308;17;10304;11;;;10314;20;10316;15;;;10311.0;0.0
yf_ZW=F_d3;39400;ASH_COATED_OSMIUM;9915;14;9913;21;;;9921;12;9924;26;;;9918.0;0.0
yf_ZW=F_d3;39400;INTARIAN_PEPPER_ROOT;10308;13;10305;25;;;10314;14;10318;17;;;10311.0;0.0
yf_ZW=F_d3;39500;ASH_COATED_OSMIUM;9915;18;9912;23;;;9921;19;9924;25;;;9918.0;0.0
yf_ZW=F_d3;39500;INTARIAN_PEPPER_ROOT;10308;6;10304;25;;;10316;10;10320;12;;;10312.0;0.0
yf_ZW=F_d3;39600;ASH_COATED_OSMIUM;9914;11;9912;17;;;9920;25;9924;8;;;9917.0;0.0
yf_ZW=F_d3;39600;INTARIAN_PEPPER_ROOT;10311;19;10309;16;;;10317;13;10319;22;;;10314.0;0.0
yf_ZW=F_d3;39700;ASH_COATED_OSMIUM;9896;19;9894;12;;;9940;18;9944;23;;;9918.0;0.0
yf_ZW=F_d3;39700;INTARIAN_PEPPER_ROOT;10311;16;10309;19;;;10317;17;10320;27;;;10314.0;0.0
yf_ZW=F_d3;39800;ASH_COATED_OSMIUM;9915;13;9911;20;;;9921;16;9923;25;;;9918.0;0.0
yf_ZW=F_d3;39800;INTARIAN_PEPPER_ROOT;10312;21;10310;16;;;10318;11;10321;20;;;10315.0;0.0
yf_ZW=F_d3;39900;ASH_COATED_OSMIUM;9914;7;9912;22;;;9922;25;9925;22;;;9918.0;0.0
yf_ZW=F_d3;39900;INTARIAN_PEPPER_ROOT;10312;17;10308;12;;;10318;19;10321;21;;;10315.0;0.0
yf_ZW=F_d3;40000;ASH_COATED_OSMIUM;9915;18;9911;20;;;9921;10;9923;22;;;9918.0;0.0
yf_ZW=F_d3;40000;INTARIAN_PEPPER_ROOT;10314;18;10312;19;;;10320;14;10324;11;;;10317.0;0.0
yf_ZW=F_d3;40100;ASH_COATED_OSMIUM;9915;14;9912;18;;;9921;20;9925;12;;;9918.0;0.0
yf_ZW=F_d3;40100;INTARIAN_PEPPER_ROOT;10307;14;10304;9;;;10329;9;10332;33;;;10318.0;0.0
yf_ZW=F_d3;40200;ASH_COATED_OSMIUM;9915;12;9911;22;;;9921;12;9925;19;;;9918.0;0.0
yf_ZW=F_d3;40200;INTARIAN_PEPPER_ROOT;10316;19;10314;27;;;10322;9;10325;24;;;10319.0;0.0
yf_ZW=F_d3;40300;ASH_COATED_OSMIUM;9910;11;9906;14;;;9924;12;9926;22;;;9917.0;0.0
yf_ZW=F_d3;40300;INTARIAN_PEPPER_ROOT;10316;23;10312;15;;;10324;11;10326;16;;;10320.0;0.0
yf_ZW=F_d3;40400;ASH_COATED_OSMIUM;9913;14;9910;25;;;9923;18;9926;24;;;9918.0;0.0
yf_ZW=F_d3;40400;INTARIAN_PEPPER_ROOT;10317;9;10314;22;;;10323;17;10326;23;;;10320.0;0.0
yf_ZW=F_d3;40500;ASH_COATED_OSMIUM;9914;17;9911;16;;;9920;16;9924;22;;;9917.0;0.0
yf_ZW=F_d3;40500;INTARIAN_PEPPER_ROOT;10313;22;10311;17;;;10330;10;10334;25;;;10321.5;0.0
yf_ZW=F_d3;40600;ASH_COATED_OSMIUM;9914;17;9911;21;;;9921;15;9924;17;;;9917.5;0.0
yf_ZW=F_d3;40600;INTARIAN_PEPPER_ROOT;10319;9;10315;10;;;10325;10;10327;21;;;10322.0;0.0
yf_ZW=F_d3;40700;ASH_COATED_OSMIUM;9912;15;9908;12;;;9924;14;9926;22;;;9918.0;0.0
yf_ZW=F_d3;40700;INTARIAN_PEPPER_ROOT;10315;16;10312;20;;;10331;5;10334;30;;;10323.0;0.0
yf_ZW=F_d3;40800;ASH_COATED_OSMIUM;9914;14;9912;26;;;9920;11;9923;21;;;9917.0;0.0
yf_ZW=F_d3;40800;INTARIAN_PEPPER_ROOT;10321;17;10318;24;;;10328;11;10331;13;;;10324.5;0.0
yf_ZW=F_d3;40900;ASH_COATED_OSMIUM;9897;13;9893;25;;;9937;19;9941;19;;;9917.0;0.0
yf_ZW=F_d3;40900;INTARIAN_PEPPER_ROOT;10321;15;10318;21;;;10328;13;10330;15;;;10324.5;0.0
yf_ZW=F_d3;41000;ASH_COATED_OSMIUM;9915;14;9912;19;;;9921;10;9924;16;;;9918.0;0.0
yf_ZW=F_d3;41000;INTARIAN_PEPPER_ROOT;10323;11;10319;25;;;10329;17;10332;27;;;10326.0;0.0
yf_ZW=F_d3;41100;ASH_COATED_OSMIUM;9914;10;9912;23;;;9920;18;9924;12;;;9917.0;0.0
yf_ZW=F_d3;41100;INTARIAN_PEPPER_ROOT;10310;23;10306;15;;;10343;10;10346;16;;;10326.5;0.0
yf_ZW=F_d3;41200;ASH_COATED_OSMIUM;9912;13;9908;19;;;9921;19;9924;20;;;9916.5;0.0
yf_ZW=F_d3;41200;INTARIAN_PEPPER_ROOT;10324;16;10320;15;;;10333;22;10336;21;;;10328.5;0.0
yf_ZW=F_d3;41300;ASH_COATED_OSMIUM;9914;11;9911;16;;;9920;13;9922;20;;;9917.0;0.0
yf_ZW=F_d3;41300;INTARIAN_PEPPER_ROOT;10325;11;10323;15;;;10331;10;10334;19;;;10328.0;0.0
yf_ZW=F_d3;41400;ASH_COATED_OSMIUM;9911;11;9908;20;;;9922;11;9924;17;;;9916.5;0.0
yf_ZW=F_d3;41400;INTARIAN_PEPPER_ROOT;10321;22;10317;29;;;10339;15;10343;17;;;10330.0;0.0
yf_ZW=F_d3;41500;ASH_COATED_OSMIUM;9914;14;9910;20;;;9920;16;9924;27;;;9917.0;0.0
yf_ZW=F_d3;41500;INTARIAN_PEPPER_ROOT;10327;18;10324;35;;;10333;22;10335;15;;;10330.0;0.0
yf_ZW=F_d3;41600;ASH_COATED_OSMIUM;9914;21;9910;21;;;9920;12;9922;23;;;9917.0;0.0
yf_ZW=F_d3;41600;INTARIAN_PEPPER_ROOT;10322;13;10318;18;;;10340;16;10342;21;;;10331.0;0.0
yf_ZW=F_d3;41700;ASH_COATED_OSMIUM;9913;10;9911;22;;;9919;17;9922;14;;;9916.0;0.0
yf_ZW=F_d3;41700;INTARIAN_PEPPER_ROOT;10329;16;10326;23;;;10335;19;10339;28;;;10332.0;0.0
yf_ZW=F_d3;41800;ASH_COATED_OSMIUM;9913;6;9911;17;;;9921;12;9925;20;;;9917.0;0.0
yf_ZW=F_d3;41800;INTARIAN_PEPPER_ROOT;10330;14;10326;20;;;10336;14;10339;22;;;10333.0;0.0
yf_ZW=F_d3;41900;ASH_COATED_OSMIUM;9901;11;9897;21;;;9932;20;9935;23;;;9916.5;0.0
yf_ZW=F_d3;41900;INTARIAN_PEPPER_ROOT;10330;8;10327;12;;;10338;12;10341;17;;;10334.0;0.0
yf_ZW=F_d3;42000;ASH_COATED_OSMIUM;9913;10;9910;13;;;9919;21;9923;20;;;9916.0;0.0
yf_ZW=F_d3;42000;INTARIAN_PEPPER_ROOT;10332;15;10330;16;;;10338;13;10341;11;;;10335.0;0.0
yf_ZW=F_d3;42100;ASH_COATED_OSMIUM;9913;7;9911;23;;;9919;12;9921;27;;;9916.0;0.0
yf_ZW=F_d3;42100;INTARIAN_PEPPER_ROOT;10333;13;10329;21;;;10339;26;10341;28;;;10336.0;0.0
yf_ZW=F_d3;42200;ASH_COATED_OSMIUM;9903;7;9901;22;;;9929;17;9931;18;;;9916.0;0.0
yf_ZW=F_d3;42200;INTARIAN_PEPPER_ROOT;10331;14;10327;23;;;10343;15;10345;31;;;10337.0;0.0
yf_ZW=F_d3;42300;ASH_COATED_OSMIUM;9912;10;9908;16;;;9920;13;9922;18;;;9916.0;0.0
yf_ZW=F_d3;42300;INTARIAN_PEPPER_ROOT;10334;17;10332;18;;;10340;6;10343;18;;;10337.0;0.0
yf_ZW=F_d3;42400;ASH_COATED_OSMIUM;9908;22;9906;14;;;9924;19;9926;17;;;9916.0;0.0
yf_ZW=F_d3;42400;INTARIAN_PEPPER_ROOT;10334;12;10332;12;;;10343;9;10345;16;;;10338.5;0.0
yf_ZW=F_d3;42500;ASH_COATED_OSMIUM;9907;13;9903;22;;;9926;17;9929;13;;;9916.5;0.0
yf_ZW=F_d3;42500;INTARIAN_PEPPER_ROOT;10337;17;10334;23;;;10343;12;10346;17;;;10340.0;0.0
yf_ZW=F_d3;42600;ASH_COATED_OSMIUM;9912;14;9909;22;;;9922;10;9926;22;;;9917.0;0.0
yf_ZW=F_d3;42600;INTARIAN_PEPPER_ROOT;10337;15;10334;12;;;10344;14;10346;20;;;10340.5;0.0
yf_ZW=F_d3;42700;ASH_COATED_OSMIUM;9913;28;9909;11;;;9919;13;9921;17;;;9916.0;0.0
yf_ZW=F_d3;42700;INTARIAN_PEPPER_ROOT;10332;18;10330;8;;;10350;29;10353;21;;;10341.0;0.0
yf_ZW=F_d3;42800;ASH_COATED_OSMIUM;9913;18;9909;16;;;9920;24;9923;18;;;9916.5;0.0
yf_ZW=F_d3;42800;INTARIAN_PEPPER_ROOT;10339;11;10337;21;;;10345;18;10349;17;;;10342.0;0.0
yf_ZW=F_d3;42900;ASH_COATED_OSMIUM;9912;9;9908;17;;;9918;13;9922;18;;;9915.0;0.0
yf_ZW=F_d3;42900;INTARIAN_PEPPER_ROOT;10340;16;10338;17;;;10346;17;10349;18;;;10343.0;0.0
yf_ZW=F_d3;43000;ASH_COATED_OSMIUM;9908;11;9904;24;;;9924;14;9928;15;;;9916.0;0.0
yf_ZW=F_d3;43000;INTARIAN_PEPPER_ROOT;10341;15;10339;10;;;10347;9;10351;20;;;10344.0;0.0
yf_ZW=F_d3;43100;ASH_COATED_OSMIUM;9913;26;9910;17;;;9919;15;9922;16;;;9916.0;0.0
yf_ZW=F_d3;43100;INTARIAN_PEPPER_ROOT;10326;11;10323;16;;;10364;21;10368;17;;;10345.0;0.0
yf_ZW=F_d3;43200;ASH_COATED_OSMIUM;9912;16;9910;17;;;9918;18;9921;13;;;9915.0;0.0
yf_ZW=F_d3;43200;INTARIAN_PEPPER_ROOT;10336;11;10333;18;;;10354;13;10357;20;;;10345.0;0.0
yf_ZW=F_d3;43300;ASH_COATED_OSMIUM;9912;18;9908;28;;;9918;8;9921;24;;;9915.0;0.0
yf_ZW=F_d3;43300;INTARIAN_PEPPER_ROOT;10344;14;10342;25;;;10350;12;10354;20;;;10347.0;0.0
yf_ZW=F_d3;43400;ASH_COATED_OSMIUM;9912;17;9909;17;;;9918;9;9921;20;;;9915.0;0.0
yf_ZW=F_d3;43400;INTARIAN_PEPPER_ROOT;10345;22;10343;11;;;10351;5;10355;24;;;10348.0;0.0
yf_ZW=F_d3;43500;ASH_COATED_OSMIUM;9902;6;9899;10;;;9929;24;9931;15;;;9915.5;0.0
yf_ZW=F_d3;43500;INTARIAN_PEPPER_ROOT;10335;11;10331;18;;;10362;8;10365;19;;;10348.5;0.0
yf_ZW=F_d3;43600;ASH_COATED_OSMIUM;9912;7;9909;24;;;9918;16;9921;22;;;9915.0;0.0
yf_ZW=F_d3;43600;INTARIAN_PEPPER_ROOT;10347;16;10345;16;;;10353;20;10355;24;;;10350.0;0.0
yf_ZW=F_d3;43700;ASH_COATED_OSMIUM;9910;14;9907;19;;;9919;22;9922;19;;;9914.5;0.0
yf_ZW=F_d3;43700;INTARIAN_PEPPER_ROOT;10346;15;10342;22;;;10355;20;10358;20;;;10350.5;0.0
yf_ZW=F_d3;43800;ASH_COATED_OSMIUM;9913;23;9910;21;;;9919;9;9921;10;;;9916.0;0.0
yf_ZW=F_d3;43800;INTARIAN_PEPPER_ROOT;10347;15;10344;22;;;10356;17;10359;16;;;10351.5;0.0
yf_ZW=F_d3;43900;ASH_COATED_OSMIUM;9912;13;9909;14;;;9918;10;9921;12;;;9915.0;0.0
yf_ZW=F_d3;43900;INTARIAN_PEPPER_ROOT;10349;22;10346;20;;;10355;11;10358;19;;;10352.0;0.0
yf_ZW=F_d3;44000;ASH_COATED_OSMIUM;9912;7;9910;24;;;9918;12;9922;19;;;9915.0;0.0
yf_ZW=F_d3;44000;INTARIAN_PEPPER_ROOT;10350;5;10346;24;;;10356;19;10358;15;;;10353.0;0.0
yf_ZW=F_d3;44100;ASH_COATED_OSMIUM;9907;25;9904;24;;;9925;18;9927;13;;;9916.0;0.0
yf_ZW=F_d3;44100;INTARIAN_PEPPER_ROOT;10349;11;10345;23;;;10359;15;10362;13;;;10354.0;0.0
yf_ZW=F_d3;44200;ASH_COATED_OSMIUM;9912;19;9909;18;;;9918;12;9920;24;;;9915.0;0.0
yf_ZW=F_d3;44200;INTARIAN_PEPPER_ROOT;10351;19;10348;15;;;10357;15;10361;24;;;10354.0;0.0
yf_ZW=F_d3;44300;ASH_COATED_OSMIUM;9898;11;9894;30;;;9932;15;9935;26;;;9915.0;0.0
yf_ZW=F_d3;44300;INTARIAN_PEPPER_ROOT;10346;15;10344;15;;;10365;17;10368;18;;;10355.5;0.0
yf_ZW=F_d3;44400;ASH_COATED_OSMIUM;9912;10;9910;16;;;9918;24;9921;22;;;9915.0;0.0
yf_ZW=F_d3;44400;INTARIAN_PEPPER_ROOT;10353;7;10351;10;;;10359;19;10362;13;;;10356.0;0.0
yf_ZW=F_d3;44500;ASH_COATED_OSMIUM;9905;15;9902;22;;;9925;24;9928;30;;;9915.0;0.0
yf_ZW=F_d3;44500;INTARIAN_PEPPER_ROOT;10354;15;10351;27;;;10360;12;10362;23;;;10357.0;0.0
yf_ZW=F_d3;44600;ASH_COATED_OSMIUM;9901;10;9897;17;;;9928;18;9932;18;;;9914.5;0.0
yf_ZW=F_d3;44600;INTARIAN_PEPPER_ROOT;10352;16;10350;14;;;10366;6;10370;16;;;10359.0;0.0
yf_ZW=F_d3;44700;ASH_COATED_OSMIUM;9911;14;9909;18;;;9917;13;9919;23;;;9914.0;0.0
yf_ZW=F_d3;44700;INTARIAN_PEPPER_ROOT;10357;20;10355;15;;;10363;17;10366;22;;;10360.0;0.0
yf_ZW=F_d3;44800;ASH_COATED_OSMIUM;9912;13;9908;18;;;9918;10;9922;18;;;9915.0;0.0
yf_ZW=F_d3;44800;INTARIAN_PEPPER_ROOT;10357;12;10354;8;;;10365;9;10369;21;;;10361.0;0.0
yf_ZW=F_d3;44900;ASH_COATED_OSMIUM;9909;14;9906;19;;;9921;15;9923;17;;;9915.0;0.0
yf_ZW=F_d3;44900;INTARIAN_PEPPER_ROOT;10358;23;10354;25;;;10364;15;10366;21;;;10361.0;0.0
yf_ZW=F_d3;45000;ASH_COATED_OSMIUM;9911;16;9909;15;;;9917;16;9921;10;;;9914.0;0.0
yf_ZW=F_d3;45000;INTARIAN_PEPPER_ROOT;10359;15;10355;21;;;10365;19;10368;18;;;10362.0;0.0
yf_ZW=F_d3;45100;ASH_COATED_OSMIUM;9911;18;9909;26;;;9917;8;9921;16;;;9914.0;0.0
yf_ZW=F_d3;45100;INTARIAN_PEPPER_ROOT;10359;17;10356;28;;;10365;12;10367;15;;;10362.0;0.0
yf_ZW=F_d3;45200;ASH_COATED_OSMIUM;9911;27;9908;21;;;9917;18;9920;21;;;9914.0;0.0
yf_ZW=F_d3;45200;INTARIAN_PEPPER_ROOT;10360;15;10357;16;;;10367;17;10371;21;;;10363.5;0.0
yf_ZW=F_d3;45300;ASH_COATED_OSMIUM;9911;22;9907;16;;;9918;5;9922;20;;;9914.5;0.0
yf_ZW=F_d3;45300;INTARIAN_PEPPER_ROOT;10361;12;10359;22;;;10367;21;10370;19;;;10364.0;0.0
yf_ZW=F_d3;45400;ASH_COATED_OSMIUM;9911;17;9907;12;;;9917;22;9921;19;;;9914.0;0.0
yf_ZW=F_d3;45400;INTARIAN_PEPPER_ROOT;10355;14;10352;23;;;10376;11;10378;22;;;10365.5;0.0
yf_ZW=F_d3;45500;ASH_COATED_OSMIUM;9908;9;9906;21;;;9920;12;9923;21;;;9914.0;0.0
yf_ZW=F_d3;45500;INTARIAN_PEPPER_ROOT;10363;13;10359;18;;;10369;16;10373;22;;;10366.0;0.0
yf_ZW=F_d3;45600;ASH_COATED_OSMIUM;9910;6;9907;30;;;9918;17;9921;15;;;9914.0;0.0
yf_ZW=F_d3;45600;INTARIAN_PEPPER_ROOT;10365;17;10362;26;;;10371;15;10373;17;;;10368.0;0.0
yf_ZW=F_d3;45700;ASH_COATED_OSMIUM;9907;17;9903;15;;;9921;14;9923;24;;;9914.0;0.0
yf_ZW=F_d3;45700;INTARIAN_PEPPER_ROOT;10361;5;10359;15;;;10377;19;10379;19;;;10369.0;0.0
yf_ZW=F_d3;45800;ASH_COATED_OSMIUM;9911;5;9909;19;;;9917;23;9920;27;;;9914.0;0.0
yf_ZW=F_d3;45800;INTARIAN_PEPPER_ROOT;10366;17;10363;17;;;10372;12;10375;17;;;10369.0;0.0
yf_ZW=F_d3;45900;ASH_COATED_OSMIUM;9909;13;9906;21;;;9917;10;9919;15;;;9913.0;0.0
yf_ZW=F_d3;45900;INTARIAN_PEPPER_ROOT;10367;5;10365;19;;;10373;23;10375;14;;;10370.0;0.0
yf_ZW=F_d3;46000;ASH_COATED_OSMIUM;9911;15;9909;16;;;9917;16;9921;27;;;9914.0;0.0
yf_ZW=F_d3;46000;INTARIAN_PEPPER_ROOT;10368;20;10365;18;;;10374;9;10376;19;;;10371.0;0.0
yf_ZW=F_d3;46100;ASH_COATED_OSMIUM;9910;10;9908;20;;;9916;16;9919;26;;;9913.0;0.0
yf_ZW=F_d3;46100;INTARIAN_PEPPER_ROOT;10362;19;10359;10;;;10381;20;10384;15;;;10371.5;0.0
yf_ZW=F_d3;46200;ASH_COATED_OSMIUM;9910;26;9906;25;;;9916;23;9920;22;;;9913.0;0.0
yf_ZW=F_d3;46200;INTARIAN_PEPPER_ROOT;10368;5;10366;23;;;10378;13;10382;18;;;10373.0;0.0
yf_ZW=F_d3;46300;ASH_COATED_OSMIUM;9911;15;9908;12;;;9917;24;9920;20;;;9914.0;0.0
yf_ZW=F_d3;46300;INTARIAN_PEPPER_ROOT;10367;20;10365;25;;;10381;18;10385;30;;;10374.0;0.0
yf_ZW=F_d3;46400;ASH_COATED_OSMIUM;9910;19;9908;17;;;9916;15;9919;24;;;9913.0;0.0
yf_ZW=F_d3;46400;INTARIAN_PEPPER_ROOT;10354;9;10351;24;;;10395;25;10399;28;;;10374.5;0.0
yf_ZW=F_d3;46500;ASH_COATED_OSMIUM;9910;20;9907;15;;;9916;7;9920;22;;;9913.0;0.0
yf_ZW=F_d3;46500;INTARIAN_PEPPER_ROOT;10371;6;10367;26;;;10381;11;10384;28;;;10376.0;0.0
yf_ZW=F_d3;46600;ASH_COATED_OSMIUM;9910;22;9906;23;;;9916;21;9918;19;;;9913.0;0.0
yf_ZW=F_d3;46600;INTARIAN_PEPPER_ROOT;10374;16;10372;8;;;10380;17;10384;16;;;10377.0;0.0
yf_ZW=F_d3;46700;ASH_COATED_OSMIUM;9910;10;9906;20;;;9916;20;9920;22;;;9913.0;0.0
yf_ZW=F_d3;46700;INTARIAN_PEPPER_ROOT;10375;18;10371;27;;;10381;19;10385;22;;;10378.0;0.0
yf_ZW=F_d3;46800;ASH_COATED_OSMIUM;9905;20;9903;21;;;9920;14;9922;23;;;9912.5;0.0
yf_ZW=F_d3;46800;INTARIAN_PEPPER_ROOT;10376;13;10372;22;;;10382;10;10384;23;;;10379.0;0.0
yf_ZW=F_d3;46900;ASH_COATED_OSMIUM;9910;16;9906;19;;;9916;5;9918;14;;;9913.0;0.0
yf_ZW=F_d3;46900;INTARIAN_PEPPER_ROOT;10377;5;10373;20;;;10383;13;10385;19;;;10380.0;0.0
yf_ZW=F_d3;47000;ASH_COATED_OSMIUM;9902;18;9899;19;;;9924;19;9928;15;;;9913.0;0.0
yf_ZW=F_d3;47000;INTARIAN_PEPPER_ROOT;10367;13;10364;18;;;10395;16;10399;19;;;10381.0;0.0
yf_ZW=F_d3;47100;ASH_COATED_OSMIUM;9910;12;9906;17;;;9916;25;9918;24;;;9913.0;0.0
yf_ZW=F_d3;47100;INTARIAN_PEPPER_ROOT;10378;8;10375;13;;;10384;17;10386;18;;;10381.0;0.0
yf_ZW=F_d3;47200;ASH_COATED_OSMIUM;9908;16;9904;29;;;9918;14;9921;12;;;9913.0;0.0
yf_ZW=F_d3;47200;INTARIAN_PEPPER_ROOT;10376;21;10374;18;;;10387;18;10390;15;;;10381.5;0.0
yf_ZW=F_d3;47300;ASH_COATED_OSMIUM;9910;15;9907;29;;;9916;16;9919;19;;;9913.0;0.0
yf_ZW=F_d3;47300;INTARIAN_PEPPER_ROOT;10377;15;10374;18;;;10390;9;10394;24;;;10383.5;0.0
yf_ZW=F_d3;47400;ASH_COATED_OSMIUM;9909;17;9906;20;;;9916;10;9918;20;;;9912.5;0.0
yf_ZW=F_d3;47400;INTARIAN_PEPPER_ROOT;10381;11;10378;17;;;10387;27;10391;24;;;10384.0;0.0
yf_ZW=F_d3;47500;ASH_COATED_OSMIUM;9910;16;9906;8;;;9916;11;9918;22;;;9913.0;0.0
yf_ZW=F_d3;47500;INTARIAN_PEPPER_ROOT;10378;18;10376;22;;;10392;14;10396;23;;;10385.0;0.0
yf_ZW=F_d3;47600;ASH_COATED_OSMIUM;9910;20;9906;13;;;9916;18;9919;15;;;9913.0;0.0
yf_ZW=F_d3;47600;INTARIAN_PEPPER_ROOT;10381;6;10377;27;;;10390;6;10393;19;;;10385.5;0.0
yf_ZW=F_d3;47700;ASH_COATED_OSMIUM;9910;17;9906;21;;;9916;19;9919;12;;;9913.0;0.0
yf_ZW=F_d3;47700;INTARIAN_PEPPER_ROOT;10383;13;10379;20;;;10389;16;10391;21;;;10386.0;0.0
yf_ZW=F_d3;47800;ASH_COATED_OSMIUM;9908;18;9906;13;;;9917;20;9919;24;;;9912.5;0.0
yf_ZW=F_d3;47800;INTARIAN_PEPPER_ROOT;10384;14;10381;22;;;10390;7;10392;25;;;10387.0;0.0
yf_ZW=F_d3;47900;ASH_COATED_OSMIUM;9909;5;9906;16;;;9915;26;9917;13;;;9912.0;0.0
yf_ZW=F_d3;47900;INTARIAN_PEPPER_ROOT;10379;11;10377;21;;;10398;5;10400;17;;;10388.5;0.0
yf_ZW=F_d3;48000;ASH_COATED_OSMIUM;9909;16;9906;21;;;9915;12;9919;26;;;9912.0;0.0
yf_ZW=F_d3;48000;INTARIAN_PEPPER_ROOT;10376;14;10372;17;;;10402;15;10406;15;;;10389.0;0.0
yf_ZW=F_d3;48100;ASH_COATED_OSMIUM;9909;15;9905;11;;;9915;22;9918;24;;;9912.0;0.0
yf_ZW=F_d3;48100;INTARIAN_PEPPER_ROOT;10387;18;10383;15;;;10393;27;10397;19;;;10390.0;0.0
yf_ZW=F_d3;48200;ASH_COATED_OSMIUM;9910;18;9908;19;;;9916;16;9920;21;;;9913.0;0.0
yf_ZW=F_d3;48200;INTARIAN_PEPPER_ROOT;10388;5;10386;21;;;10394;17;10397;22;;;10391.0;0.0
yf_ZW=F_d3;48300;ASH_COATED_OSMIUM;9909;24;9906;22;;;9915;18;9917;21;;;9912.0;0.0
yf_ZW=F_d3;48300;INTARIAN_PEPPER_ROOT;10389;21;10386;18;;;10395;5;10398;22;;;10392.0;0.0
yf_ZW=F_d3;48400;ASH_COATED_OSMIUM;9909;12;9906;13;;;9915;15;9919;12;;;9912.0;0.0
yf_ZW=F_d3;48400;INTARIAN_PEPPER_ROOT;10390;16;10386;24;;;10396;16;10399;30;;;10393.0;0.0
yf_ZW=F_d3;48500;ASH_COATED_OSMIUM;9905;14;9901;19;;;9918;12;9920;18;;;9911.5;0.0
yf_ZW=F_d3;48500;INTARIAN_PEPPER_ROOT;10388;25;10384;17;;;10399;11;10401;20;;;10393.5;0.0
yf_ZW=F_d3;48600;ASH_COATED_OSMIUM;9909;11;9906;14;;;9915;12;9919;20;;;9912.0;0.0
yf_ZW=F_d3;48600;INTARIAN_PEPPER_ROOT;10392;14;10389;23;;;10398;5;10401;12;;;10395.0;0.0
yf_ZW=F_d3;48700;ASH_COATED_OSMIUM;9909;22;9905;16;;;9915;19;9917;24;;;9912.0;0.0
yf_ZW=F_d3;48700;INTARIAN_PEPPER_ROOT;10393;15;10389;15;;;10399;15;10401;13;;;10396.0;0.0
yf_ZW=F_d3;48800;ASH_COATED_OSMIUM;9908;6;9904;18;;;9914;15;9918;23;;;9911.0;0.0
yf_ZW=F_d3;48800;INTARIAN_PEPPER_ROOT;10394;10;10390;16;;;10400;5;10402;13;;;10397.0;0.0
yf_ZW=F_d3;48900;ASH_COATED_OSMIUM;9909;10;9906;18;;;9915;21;9917;22;;;9912.0;0.0
yf_ZW=F_d3;48900;INTARIAN_PEPPER_ROOT;10389;11;10386;21;;;10406;17;10408;12;;;10397.5;0.0
yf_ZW=F_d3;49000;ASH_COATED_OSMIUM;9908;12;9906;11;;;9915;13;9918;23;;;9911.5;0.0
yf_ZW=F_d3;49000;INTARIAN_PEPPER_ROOT;10395;13;10391;27;;;10401;14;10404;20;;;10398.0;0.0
yf_ZW=F_d3;49100;ASH_COATED_OSMIUM;9903;20;9901;15;;;9920;8;9924;23;;;9911.5;0.0
yf_ZW=F_d3;49100;INTARIAN_PEPPER_ROOT;10396;12;10394;12;;;10402;6;10406;14;;;10399.0;0.0
yf_ZW=F_d3;49200;ASH_COATED_OSMIUM;9908;22;9906;21;;;9914;17;9916;21;;;9911.0;0.0
yf_ZW=F_d3;49200;INTARIAN_PEPPER_ROOT;10397;9;10394;25;;;10403;23;10406;21;;;10400.0;0.0
yf_ZW=F_d3;49300;ASH_COATED_OSMIUM;9908;14;9905;25;;;9914;12;9918;22;;;9911.0;0.0
yf_ZW=F_d3;49300;INTARIAN_PEPPER_ROOT;10398;16;10394;15;;;10404;20;10408;23;;;10401.0;0.0
yf_ZW=F_d3;49400;ASH_COATED_OSMIUM;9908;12;9906;21;;;9914;17;9918;15;;;9911.0;0.0
yf_ZW=F_d3;49400;INTARIAN_PEPPER_ROOT;10399;15;10395;20;;;10405;12;10409;13;;;10402.0;0.0
yf_ZW=F_d3;49500;ASH_COATED_OSMIUM;9908;6;9906;20;;;9914;18;9918;10;;;9911.0;0.0
yf_ZW=F_d3;49500;INTARIAN_PEPPER_ROOT;10399;19;10397;27;;;10405;10;10408;13;;;10402.0;0.0
yf_ZW=F_d3;49600;ASH_COATED_OSMIUM;9908;14;9906;17;;;9914;18;9917;24;;;9911.0;0.0
yf_ZW=F_d3;49600;INTARIAN_PEPPER_ROOT;10401;14;10397;19;;;10407;14;10410;21;;;10404.0;0.0
yf_ZW=F_d3;49700;ASH_COATED_OSMIUM;9908;19;9905;14;;;9914;14;9917;18;;;9911.0;0.0
yf_ZW=F_d3;49700;INTARIAN_PEPPER_ROOT;10401;26;10397;25;;;10407;11;10410;29;;;10404.0;0.0
yf_ZW=F_d3;49800;ASH_COATED_OSMIUM;9897;13;9893;11;;;9925;13;9927;20;;;9911.0;0.0
yf_ZW=F_d3;49800;INTARIAN_PEPPER_ROOT;10397;10;10394;8;;;10413;13;10416;14;;;10405.0;0.0
yf_ZW=F_d3;49900;ASH_COATED_OSMIUM;9908;11;9906;18;;;9914;18;9916;25;;;9911.0;0.0
yf_ZW=F_d3;49900;INTARIAN_PEPPER_ROOT;10398;23;10394;8;;;10414;5;10418;23;;;10406.0;0.0
yf_ZW=F_d3;50000;ASH_COATED_OSMIUM;9908;18;9906;26;;;9915;12;9917;19;;;9911.5;0.0
yf_ZW=F_d3;50000;INTARIAN_PEPPER_ROOT;10404;16;10402;12;;;10410;19;10414;20;;;10407.0;0.0
yf_ZW=F_d3;50100;ASH_COATED_OSMIUM;9908;5;9905;17;;;9914;16;9917;14;;;9911.0;0.0
yf_ZW=F_d3;50100;INTARIAN_PEPPER_ROOT;10405;13;10403;13;;;10411;19;10413;15;;;10408.0;0.0
yf_ZW=F_d3;50200;ASH_COATED_OSMIUM;9907;17;9904;35;;;9913;18;9917;19;;;9910.0;0.0
yf_ZW=F_d3;50200;INTARIAN_PEPPER_ROOT;10405;16;10401;17;;;10414;22;10417;25;;;10409.5;0.0
yf_ZW=F_d3;50300;ASH_COATED_OSMIUM;9907;12;9905;11;;;9913;22;9916;13;;;9910.0;0.0
yf_ZW=F_d3;50300;INTARIAN_PEPPER_ROOT;10407;21;10404;22;;;10413;19;10417;18;;;10410.0;0.0
yf_ZW=F_d3;50400;ASH_COATED_OSMIUM;9908;14;9904;26;;;9914;15;9917;15;;;9911.0;0.0
yf_ZW=F_d3;50400;INTARIAN_PEPPER_ROOT;10408;19;10406;17;;;10414;10;10417;19;;;10411.0;0.0
yf_ZW=F_d3;50500;ASH_COATED_OSMIUM;9903;19;9900;20;;;9919;17;9922;23;;;9911.0;0.0
yf_ZW=F_d3;50500;INTARIAN_PEPPER_ROOT;10409;18;10406;27;;;10415;6;10419;20;;;10412.0;0.0
yf_ZW=F_d3;50600;ASH_COATED_OSMIUM;9907;11;9904;18;;;9915;17;9919;19;;;9911.0;0.0
yf_ZW=F_d3;50600;INTARIAN_PEPPER_ROOT;10410;15;10407;22;;;10416;14;10418;17;;;10413.0;0.0
yf_ZW=F_d3;50700;ASH_COATED_OSMIUM;9907;26;9904;19;;;9915;6;9918;13;;;9911.0;0.0
yf_ZW=F_d3;50700;INTARIAN_PEPPER_ROOT;10411;5;10407;22;;;10417;16;10419;16;;;10414.0;0.0
yf_ZW=F_d3;50800;ASH_COATED_OSMIUM;9907;15;9904;20;;;9913;20;9917;19;;;9910.0;0.0
yf_ZW=F_d3;50800;INTARIAN_PEPPER_ROOT;10408;16;10404;10;;;10421;22;10423;18;;;10414.5;0.0
yf_ZW=F_d3;50900;ASH_COATED_OSMIUM;9904;20;9901;18;;;9918;7;9921;17;;;9911.0;0.0
yf_ZW=F_d3;50900;INTARIAN_PEPPER_ROOT;10413;9;10409;18;;;10419;8;10421;27;;;10416.0;0.0
yf_ZW=F_d3;51000;ASH_COATED_OSMIUM;9907;20;9903;27;;;9914;9;9916;25;;;9910.5;0.0
yf_ZW=F_d3;51000;INTARIAN_PEPPER_ROOT;10413;11;10409;16;;;10423;11;10427;24;;;10418.0;0.0
yf_ZW=F_d3;51100;ASH_COATED_OSMIUM;9906;5;9903;18;;;9914;10;9916;15;;;9910.0;0.0
yf_ZW=F_d3;51100;INTARIAN_PEPPER_ROOT;10416;12;10414;22;;;10422;15;10425;21;;;10419.0;0.0
yf_ZW=F_d3;51200;ASH_COATED_OSMIUM;9904;15;9902;17;;;9918;10;9921;27;;;9911.0;0.0
yf_ZW=F_d3;51200;INTARIAN_PEPPER_ROOT;10418;7;10414;19;;;10424;12;10428;21;;;10421.0;0.0
yf_ZW=F_d3;51300;ASH_COATED_OSMIUM;9908;11;9905;25;;;9914;11;9916;20;;;9911.0;0.0
yf_ZW=F_d3;51300;INTARIAN_PEPPER_ROOT;10420;10;10416;27;;;10426;5;10429;14;;;10423.0;0.0
yf_ZW=F_d3;51400;ASH_COATED_OSMIUM;9907;7;9905;16;;;9913;19;9915;25;;;9910.0;0.0
yf_ZW=F_d3;51400;INTARIAN_PEPPER_ROOT;10410;14;10407;18;;;10439;13;10442;25;;;10424.5;0.0
yf_ZW=F_d3;51500;ASH_COATED_OSMIUM;9908;10;9906;20;;;9914;14;9917;23;;;9911.0;0.0
yf_ZW=F_d3;51500;INTARIAN_PEPPER_ROOT;10415;18;10412;14;;;10436;13;10439;22;;;10425.5;0.0
yf_ZW=F_d3;51600;ASH_COATED_OSMIUM;9907;27;9904;17;;;9913;20;9915;20;;;9910.0;0.0
yf_ZW=F_d3;51600;INTARIAN_PEPPER_ROOT;10424;19;10420;25;;;10430;14;10433;16;;;10427.0;0.0
yf_ZW=F_d3;51700;ASH_COATED_OSMIUM;9902;20;9898;29;;;9919;19;9922;20;;;9910.5;0.0
yf_ZW=F_d3;51700;INTARIAN_PEPPER_ROOT;10426;14;10422;19;;;10432;11;10436;13;;;10429.0;0.0
yf_ZW=F_d3;51800;ASH_COATED_OSMIUM;9908;22;9905;27;;;9914;20;9918;18;;;9911.0;0.0
yf_ZW=F_d3;51800;INTARIAN_PEPPER_ROOT;10426;14;10422;18;;;10436;12;10438;16;;;10431.0;0.0
yf_ZW=F_d3;51900;ASH_COATED_OSMIUM;9907;14;9904;16;;;9916;5;9918;23;;;9911.5;0.0
yf_ZW=F_d3;51900;INTARIAN_PEPPER_ROOT;10427;6;10423;25;;;10437;15;10439;24;;;10432.0;0.0
yf_ZW=F_d3;52000;ASH_COATED_OSMIUM;9908;13;9905;24;;;9914;17;9918;17;;;9911.0;0.0
yf_ZW=F_d3;52000;INTARIAN_PEPPER_ROOT;10430;14;10426;14;;;10439;19;10442;18;;;10434.5;0.0
yf_ZW=F_d3;52100;ASH_COATED_OSMIUM;9908;18;9904;12;;;9914;19;9918;21;;;9911.0;0.0
yf_ZW=F_d3;52100;INTARIAN_PEPPER_ROOT;10432;15;10430;24;;;10438;11;10441;18;;;10435.0;0.0
yf_ZW=F_d3;52200;ASH_COATED_OSMIUM;9908;8;9906;27;;;9914;9;9917;24;;;9911.0;0.0
yf_ZW=F_d3;52200;INTARIAN_PEPPER_ROOT;10432;17;10430;16;;;10443;5;10445;17;;;10437.5;0.0
yf_ZW=F_d3;52300;ASH_COATED_OSMIUM;9908;18;9906;15;;;9914;23;9917;24;;;9911.0;0.0
yf_ZW=F_d3;52300;INTARIAN_PEPPER_ROOT;10436;11;10434;18;;;10442;10;10444;28;;;10439.0;0.0
yf_ZW=F_d3;52400;ASH_COATED_OSMIUM;9908;6;9906;18;;;9914;26;9918;30;;;9911.0;0.0
yf_ZW=F_d3;52400;INTARIAN_PEPPER_ROOT;10438;16;10436;27;;;10444;14;10447;17;;;10441.0;0.0
yf_ZW=F_d3;52500;ASH_COATED_OSMIUM;9908;16;9906;19;;;9914;14;9917;13;;;9911.0;0.0
yf_ZW=F_d3;52500;INTARIAN_PEPPER_ROOT;10439;15;10436;19;;;10445;14;10448;17;;;10442.0;0.0
yf_ZW=F_d3;52600;ASH_COATED_OSMIUM;9908;19;9904;20;;;9914;12;9918;21;;;9911.0;0.0
yf_ZW=F_d3;52600;INTARIAN_PEPPER_ROOT;10440;18;10438;20;;;10447;7;10449;13;;;10443.5;0.0
yf_ZW=F_d3;52700;ASH_COATED_OSMIUM;9908;13;9904;31;;;9914;26;9918;13;;;9911.0;0.0
yf_ZW=F_d3;52700;INTARIAN_PEPPER_ROOT;10434;7;10430;11;;;10457;11;10461;10;;;10445.5;0.0
yf_ZW=F_d3;52800;ASH_COATED_OSMIUM;9909;15;9907;25;;;9915;11;9918;24;;;9912.0;0.0
yf_ZW=F_d3;52800;INTARIAN_PEPPER_ROOT;10438;17;10436;16;;;10456;20;10459;19;;;10447.0;0.0
yf_ZW=F_d3;52900;ASH_COATED_OSMIUM;9901;12;9899;18;;;9922;23;9924;14;;;9911.5;0.0
yf_ZW=F_d3;52900;INTARIAN_PEPPER_ROOT;10444;23;10440;15;;;10452;17;10456;27;;;10448.0;0.0
yf_ZW=F_d3;53000;ASH_COATED_OSMIUM;9909;12;9906;22;;;9915;13;9918;11;;;9912.0;0.0
yf_ZW=F_d3;53000;INTARIAN_PEPPER_ROOT;10440;19;10437;16;;;10461;21;10465;18;;;10450.5;0.0
yf_ZW=F_d3;53100;ASH_COATED_OSMIUM;9907;7;9903;20;;;9916;13;9918;22;;;9911.5;0.0
yf_ZW=F_d3;53100;INTARIAN_PEPPER_ROOT;10449;17;10447;22;;;10455;10;10458;28;;;10452.0;0.0
yf_ZW=F_d3;53200;ASH_COATED_OSMIUM;9904;15;9900;21;;;9919;16;9922;18;;;9911.5;0.0
yf_ZW=F_d3;53200;INTARIAN_PEPPER_ROOT;10449;15;10447;26;;;10459;7;10461;22;;;10454.0;0.0
yf_ZW=F_d3;53300;ASH_COATED_OSMIUM;9902;7;9898;18;;;9921;14;9925;15;;;9911.5;0.0
yf_ZW=F_d3;53300;INTARIAN_PEPPER_ROOT;10451;18;10447;15;;;10458;15;10462;13;;;10454.5;0.0
yf_ZW=F_d3;53400;ASH_COATED_OSMIUM;9906;13;9903;20;;;9916;16;9919;25;;;9911.0;0.0
yf_ZW=F_d3;53400;INTARIAN_PEPPER_ROOT;10453;19;10451;24;;;10459;14;10461;27;;;10456.0;0.0
yf_ZW=F_d3;53500;ASH_COATED_OSMIUM;9908;5;9905;22;;;9914;6;9917;26;;;9911.0;0.0
yf_ZW=F_d3;53500;INTARIAN_PEPPER_ROOT;10446;10;10443;15;;;10469;14;10473;19;;;10457.5;0.0
yf_ZW=F_d3;53600;ASH_COATED_OSMIUM;9901;24;9897;20;;;9921;10;9925;22;;;9911.0;0.0
yf_ZW=F_d3;53600;INTARIAN_PEPPER_ROOT;10457;14;10453;26;;;10463;17;10465;30;;;10460.0;0.0
yf_ZW=F_d3;53700;ASH_COATED_OSMIUM;9908;15;9906;18;;;9914;15;9916;22;;;9911.0;0.0
yf_ZW=F_d3;53700;INTARIAN_PEPPER_ROOT;10458;19;10455;19;;;10464;16;10466;22;;;10461.0;0.0
yf_ZW=F_d3;53800;ASH_COATED_OSMIUM;9900;9;9896;19;;;9923;24;9925;22;;;9911.5;0.0
yf_ZW=F_d3;53800;INTARIAN_PEPPER_ROOT;10459;24;10455;19;;;10465;5;10467;25;;;10462.0;0.0
yf_ZW=F_d3;53900;ASH_COATED_OSMIUM;9909;14;9906;12;;;9915;14;9919;16;;;9912.0;0.0
yf_ZW=F_d3;53900;INTARIAN_PEPPER_ROOT;10462;13;10459;30;;;10468;19;10472;18;;;10465.0;0.0
yf_ZW=F_d3;54000;ASH_COATED_OSMIUM;9909;19;9906;23;;;9915;14;9917;25;;;9912.0;0.0
yf_ZW=F_d3;54000;INTARIAN_PEPPER_ROOT;10462;11;10460;16;;;10470;17;10473;19;;;10466.0;0.0
yf_ZW=F_d3;54100;ASH_COATED_OSMIUM;9908;21;9904;14;;;9914;19;9917;25;;;9911.0;0.0
yf_ZW=F_d3;54100;INTARIAN_PEPPER_ROOT;10465;21;10461;25;;;10471;23;10475;18;;;10468.0;0.0
yf_ZW=F_d3;54200;ASH_COATED_OSMIUM;9909;23;9905;22;;;9915;13;9917;11;;;9912.0;0.0
yf_ZW=F_d3;54200;INTARIAN_PEPPER_ROOT;10457;10;10454;16;;;10483;11;10486;25;;;10470.0;0.0
yf_ZW=F_d3;54300;ASH_COATED_OSMIUM;9909;26;9905;23;;;9916;18;9919;23;;;9912.5;0.0
yf_ZW=F_d3;54300;INTARIAN_PEPPER_ROOT;10468;7;10465;22;;;10474;15;10478;21;;;10471.0;0.0
yf_ZW=F_d3;54400;ASH_COATED_OSMIUM;9909;18;9906;13;;;9915;21;9918;26;;;9912.0;0.0
yf_ZW=F_d3;54400;INTARIAN_PEPPER_ROOT;10469;22;10466;25;;;10475;12;10477;18;;;10472.0;0.0
yf_ZW=F_d3;54500;ASH_COATED_OSMIUM;9908;9;9904;17;;;9915;12;9917;11;;;9911.5;0.0
yf_ZW=F_d3;54500;INTARIAN_PEPPER_ROOT;10470;12;10467;11;;;10479;10;10482;19;;;10474.5;0.0
yf_ZW=F_d3;54600;ASH_COATED_OSMIUM;9908;20;9905;14;;;9915;10;9917;13;;;9911.5;0.0
yf_ZW=F_d3;54600;INTARIAN_PEPPER_ROOT;10473;17;10470;22;;;10479;12;10482;22;;;10476.0;0.0
yf_ZW=F_d3;54700;ASH_COATED_OSMIUM;9909;15;9905;20;;;9915;17;9919;18;;;9912.0;0.0
yf_ZW=F_d3;54700;INTARIAN_PEPPER_ROOT;10471;10;10468;22;;;10485;17;10489;23;;;10478.0;0.0
yf_ZW=F_d3;54800;ASH_COATED_OSMIUM;9909;11;9907;17;;;9915;24;9917;12;;;9912.0;0.0
yf_ZW=F_d3;54800;INTARIAN_PEPPER_ROOT;10476;9;10473;21;;;10483;13;10487;14;;;10479.5;0.0
yf_ZW=F_d3;54900;ASH_COATED_OSMIUM;9910;13;9908;19;;;9916;17;9919;15;;;9913.0;0.0
yf_ZW=F_d3;54900;INTARIAN_PEPPER_ROOT;10478;13;10476;18;;;10484;16;10486;25;;;10481.0;0.0
yf_ZW=F_d3;55000;ASH_COATED_OSMIUM;9907;25;9903;26;;;9917;18;9921;17;;;9912.0;0.0
yf_ZW=F_d3;55000;INTARIAN_PEPPER_ROOT;10476;19;10473;16;;;10488;15;10492;17;;;10482.0;0.0
yf_ZW=F_d3;55100;ASH_COATED_OSMIUM;9910;11;9908;17;;;9916;22;9919;19;;;9913.0;0.0
yf_ZW=F_d3;55100;INTARIAN_PEPPER_ROOT;10477;22;10473;16;;;10491;20;10494;24;;;10484.0;0.0
yf_ZW=F_d3;55200;ASH_COATED_OSMIUM;9910;9;9907;13;;;9916;18;9920;14;;;9913.0;0.0
yf_ZW=F_d3;55200;INTARIAN_PEPPER_ROOT;10483;21;10480;17;;;10489;15;10491;27;;;10486.0;0.0
yf_ZW=F_d3;55300;ASH_COATED_OSMIUM;9910;13;9906;21;;;9916;16;9920;15;;;9913.0;0.0
yf_ZW=F_d3;55300;INTARIAN_PEPPER_ROOT;10485;16;10481;21;;;10491;18;10495;24;;;10488.0;0.0
yf_ZW=F_d3;55400;ASH_COATED_OSMIUM;9910;13;9907;23;;;9916;10;9919;19;;;9913.0;0.0
yf_ZW=F_d3;55400;INTARIAN_PEPPER_ROOT;10486;15;10484;19;;;10492;8;10496;18;;;10489.0;0.0
yf_ZW=F_d3;55500;ASH_COATED_OSMIUM;9906;14;9902;19;;;9920;7;9924;27;;;9913.0;0.0
yf_ZW=F_d3;55500;INTARIAN_PEPPER_ROOT;10481;8;10478;27;;;10501;13;10503;23;;;10491.0;0.0
yf_ZW=F_d3;55600;ASH_COATED_OSMIUM;9910;22;9907;24;;;9916;10;9920;16;;;9913.0;0.0
yf_ZW=F_d3;55600;INTARIAN_PEPPER_ROOT;10489;14;10487;17;;;10495;17;10499;18;;;10492.0;0.0
yf_ZW=F_d3;55700;ASH_COATED_OSMIUM;9895;13;9891;16;;;9931;16;9935;21;;;9913.0;0.0
yf_ZW=F_d3;55700;INTARIAN_PEPPER_ROOT;10491;11;10489;18;;;10497;18;10499;22;;;10494.0;0.0
yf_ZW=F_d3;55800;ASH_COATED_OSMIUM;9910;12;9907;20;;;9916;16;9918;26;;;9913.0;0.0
yf_ZW=F_d3;55800;INTARIAN_PEPPER_ROOT;10481;12;10479;17;;;10510;20;10514;15;;;10495.5;0.0
yf_ZW=F_d3;55900;ASH_COATED_OSMIUM;9910;9;9906;22;;;9916;14;9919;25;;;9913.0;0.0
yf_ZW=F_d3;55900;INTARIAN_PEPPER_ROOT;10494;19;10492;16;;;10500;13;10502;20;;;10497.0;0.0
yf_ZW=F_d3;56000;ASH_COATED_OSMIUM;9909;14;9906;22;;;9917;14;9920;18;;;9913.0;0.0
yf_ZW=F_d3;56000;INTARIAN_PEPPER_ROOT;10496;14;10492;17;;;10502;27;10505;14;;;10499.0;0.0
yf_ZW=F_d3;56100;ASH_COATED_OSMIUM;9909;14;9907;23;;;9916;16;9918;22;;;9912.5;0.0
yf_ZW=F_d3;56100;INTARIAN_PEPPER_ROOT;10498;18;10494;14;;;10504;17;10507;22;;;10501.0;0.0
yf_ZW=F_d3;56200;ASH_COATED_OSMIUM;9905;19;9903;20;;;9920;23;9924;8;;;9912.5;0.0
yf_ZW=F_d3;56200;INTARIAN_PEPPER_ROOT;10492;15;10489;10;;;10512;11;10514;10;;;10502.0;0.0
yf_ZW=F_d3;56300;ASH_COATED_OSMIUM;9910;18;9907;23;;;9916;12;9920;23;;;9913.0;0.0
yf_ZW=F_d3;56300;INTARIAN_PEPPER_ROOT;10501;13;10498;18;;;10507;18;10510;22;;;10504.0;0.0
yf_ZW=F_d3;56400;ASH_COATED_OSMIUM;9903;14;9899;29;;;9922;18;9926;12;;;9912.5;0.0
yf_ZW=F_d3;56400;INTARIAN_PEPPER_ROOT;10502;5;10499;28;;;10508;15;10511;23;;;10505.0;0.0
yf_ZW=F_d3;56500;ASH_COATED_OSMIUM;9909;16;9905;18;;;9917;20;9921;18;;;9913.0;0.0
yf_ZW=F_d3;56500;INTARIAN_PEPPER_ROOT;10504;9;10500;29;;;10510;10;10514;22;;;10507.0;0.0
yf_ZW=F_d3;56600;ASH_COATED_OSMIUM;9907;5;9905;12;;;9920;15;9922;14;;;9913.5;0.0
yf_ZW=F_d3;56600;INTARIAN_PEPPER_ROOT;10502;16;10500;15;;;10516;17;10519;20;;;10509.0;0.0
yf_ZW=F_d3;56700;ASH_COATED_OSMIUM;9910;10;9906;18;;;9916;23;9918;8;;;9913.0;0.0
yf_ZW=F_d3;56700;INTARIAN_PEPPER_ROOT;10505;13;10503;29;;;10515;6;10517;20;;;10510.0;0.0
yf_ZW=F_d3;56800;ASH_COATED_OSMIUM;9909;21;9906;29;;;9917;12;9920;21;;;9913.0;0.0
yf_ZW=F_d3;56800;INTARIAN_PEPPER_ROOT;10508;13;10505;21;;;10516;17;10520;11;;;10512.0;0.0
yf_ZW=F_d3;56900;ASH_COATED_OSMIUM;9908;12;9905;15;;;9919;11;9921;23;;;9913.5;0.0
yf_ZW=F_d3;56900;INTARIAN_PEPPER_ROOT;10510;16;10507;13;;;10516;15;10519;22;;;10513.0;0.0
yf_ZW=F_d3;57000;ASH_COATED_OSMIUM;9911;15;9908;19;;;9917;11;9919;11;;;9914.0;0.0
yf_ZW=F_d3;57000;INTARIAN_PEPPER_ROOT;10512;8;10509;15;;;10518;12;10522;14;;;10515.0;0.0
yf_ZW=F_d3;57100;ASH_COATED_OSMIUM;9910;19;9907;13;;;9916;15;9918;15;;;9913.0;0.0
yf_ZW=F_d3;57100;INTARIAN_PEPPER_ROOT;10514;13;10511;21;;;10520;22;10523;16;;;10517.0;0.0
yf_ZW=F_d3;57200;ASH_COATED_OSMIUM;9910;21;9906;18;;;9917;12;9921;19;;;9913.5;0.0
yf_ZW=F_d3;57200;INTARIAN_PEPPER_ROOT;10507;16;10504;18;;;10530;24;10533;21;;;10518.5;0.0
yf_ZW=F_d3;57300;ASH_COATED_OSMIUM;9904;15;9902;16;;;9923;24;9925;13;;;9913.5;0.0
yf_ZW=F_d3;57300;INTARIAN_PEPPER_ROOT;10517;27;10515;21;;;10523;17;10527;25;;;10520.0;0.0
yf_ZW=F_d3;57400;ASH_COATED_OSMIUM;9907;11;9904;25;;;9920;15;9924;21;;;9913.5;0.0
yf_ZW=F_d3;57400;INTARIAN_PEPPER_ROOT;10518;8;10514;20;;;10524;11;10528;15;;;10521.0;0.0
yf_ZW=F_d3;57500;ASH_COATED_OSMIUM;9908;11;9906;16;;;9920;11;9922;19;;;9914.0;0.0
yf_ZW=F_d3;57500;INTARIAN_PEPPER_ROOT;10514;8;10511;14;;;10533;14;10535;15;;;10523.5;0.0
yf_ZW=F_d3;57600;ASH_COATED_OSMIUM;9911;19;9908;23;;;9917;27;9919;14;;;9914.0;0.0
yf_ZW=F_d3;57600;INTARIAN_PEPPER_ROOT;10522;10;10518;20;;;10528;10;10531;17;;;10525.0;0.0
yf_ZW=F_d3;57700;ASH_COATED_OSMIUM;9911;19;9908;24;;;9917;17;9919;25;;;9914.0;0.0
yf_ZW=F_d3;57700;INTARIAN_PEPPER_ROOT;10521;15;10517;20;;;10532;18;10536;23;;;10526.5;0.0
yf_ZW=F_d3;57800;ASH_COATED_OSMIUM;9905;11;9901;10;;;9923;26;9926;13;;;9914.0;0.0
yf_ZW=F_d3;57800;INTARIAN_PEPPER_ROOT;10526;8;10523;25;;;10532;20;10534;24;;;10529.0;0.0
yf_ZW=F_d3;57900;ASH_COATED_OSMIUM;9906;5;9902;22;;;9921;23;9923;17;;;9913.5;0.0
yf_ZW=F_d3;57900;INTARIAN_PEPPER_ROOT;10527;22;10523;14;;;10533;12;10537;20;;;10530.0;0.0
yf_ZW=F_d3;58000;ASH_COATED_OSMIUM;9911;11;9908;18;;;9917;18;9919;23;;;9914.0;0.0
yf_ZW=F_d3;58000;INTARIAN_PEPPER_ROOT;10528;21;10524;19;;;10534;18;10536;22;;;10531.0;0.0
yf_ZW=F_d3;58100;ASH_COATED_OSMIUM;9903;13;9901;19;;;9925;10;9928;26;;;9914.0;0.0
yf_ZW=F_d3;58100;INTARIAN_PEPPER_ROOT;10526;11;10522;12;;;10539;16;10541;19;;;10532.5;0.0
yf_ZW=F_d3;58200;ASH_COATED_OSMIUM;9911;11;9907;27;;;9917;9;9919;12;;;9914.0;0.0
yf_ZW=F_d3;58200;INTARIAN_PEPPER_ROOT;10531;5;10529;18;;;10537;11;10539;26;;;10534.0;0.0
yf_ZW=F_d3;58300;ASH_COATED_OSMIUM;9911;21;9907;21;;;9917;21;9920;14;;;9914.0;0.0
yf_ZW=F_d3;58300;INTARIAN_PEPPER_ROOT;10533;12;10529;26;;;10539;14;10542;30;;;10536.0;0.0
