day;timestamp;product;bid_price_1;bid_volume_1;bid_price_2;bid_volume_2;bid_price_3;bid_volume_3;ask_price_1;ask_volume_1;ask_price_2;ask_volume_2;ask_price_3;ask_volume_3;mid_price;profit_and_loss
yf_ZS=F_d0;0;ASH_COATED_OSMIUM;9968;9;9965;17;;;9974;24;9976;21;;;9971.0;0.0
yf_ZS=F_d0;0;INTARIAN_PEPPER_ROOT;10280;25;10276;26;;;10286;18;10288;18;;;10283.0;0.0
yf_ZS=F_d0;100;ASH_COATED_OSMIUM;9968;5;9966;27;;;9975;16;9978;22;;;9971.5;0.0
yf_ZS=F_d0;100;INTARIAN_PEPPER_ROOT;10277;20;10275;13;;;10291;13;10294;20;;;10284.0;0.0
yf_ZS=F_d0;200;ASH_COATED_OSMIUM;9969;11;9966;11;;;9975;12;9979;14;;;9972.0;0.0
yf_ZS=F_d0;200;INTARIAN_PEPPER_ROOT;10281;17;10278;29;;;10287;19;10291;22;;;10284.0;0.0
yf_ZS=F_d0;300;ASH_COATED_OSMIUM;9969;29;9965;29;;;9975;9;9978;18;;;9972.0;0.0
yf_ZS=F_d0;300;INTARIAN_PEPPER_ROOT;10276;5;10273;24;;;10293;16;10297;17;;;10284.5;0.0
yf_ZS=F_d0;400;ASH_COATED_OSMIUM;9968;12;9964;16;;;9974;16;9976;18;;;9971.0;0.0
yf_ZS=F_d0;400;INTARIAN_PEPPER_ROOT;10281;6;10278;18;;;10290;18;10294;22;;;10285.5;0.0
yf_ZS=F_d0;500;ASH_COATED_OSMIUM;9968;13;9964;24;;;9974;19;9978;18;;;9971.0;0.0
yf_ZS=F_d0;500;INTARIAN_PEPPER_ROOT;10277;10;10273;9;;;10296;14;10299;18;;;10286.5;0.0
yf_ZS=F_d0;600;ASH_COATED_OSMIUM;9969;24;9966;14;;;9975;10;9979;23;;;9972.0;0.0
yf_ZS=F_d0;600;INTARIAN_PEPPER_ROOT;10284;20;10281;20;;;10291;10;10294;22;;;10287.5;0.0
yf_ZS=F_d0;700;ASH_COATED_OSMIUM;9967;18;9963;13;;;9978;11;9980;29;;;9972.5;0.0
yf_ZS=F_d0;700;INTARIAN_PEPPER_ROOT;10277;24;10275;26;;;10299;15;10301;20;;;10288.0;0.0
yf_ZS=F_d0;800;ASH_COATED_OSMIUM;9962;18;9959;24;;;9982;12;9984;22;;;9972.0;0.0
yf_ZS=F_d0;800;INTARIAN_PEPPER_ROOT;10268;17;10265;18;;;10310;15;10314;27;;;10289.0;0.0
yf_ZS=F_d0;900;ASH_COATED_OSMIUM;9963;16;9961;24;;;9981;12;9984;28;;;9972.0;0.0
yf_ZS=F_d0;900;INTARIAN_PEPPER_ROOT;10286;16;10283;22;;;10292;17;10296;25;;;10289.0;0.0
yf_ZS=F_d0;1000;ASH_COATED_OSMIUM;9965;18;9961;23;;;9978;18;9981;23;;;9971.5;0.0
yf_ZS=F_d0;1000;INTARIAN_PEPPER_ROOT;10287;22;10285;27;;;10293;14;10296;19;;;10290.0;0.0
yf_ZS=F_d0;1100;ASH_COATED_OSMIUM;9969;22;9967;16;;;9975;11;9978;24;;;9972.0;0.0
yf_ZS=F_d0;1100;INTARIAN_PEPPER_ROOT;10288;19;10284;18;;;10294;13;10296;21;;;10291.0;0.0
yf_ZS=F_d0;1200;ASH_COATED_OSMIUM;9969;12;9967;21;;;9975;18;9977;14;;;9972.0;0.0
yf_ZS=F_d0;1200;INTARIAN_PEPPER_ROOT;10288;10;10284;18;;;10294;19;10296;17;;;10291.0;0.0
yf_ZS=F_d0;1300;ASH_COATED_OSMIUM;9965;25;9963;16;;;9978;17;9981;15;;;9971.5;0.0
yf_ZS=F_d0;1300;INTARIAN_PEPPER_ROOT;10290;9;10288;16;;;10296;7;10298;21;;;10293.0;0.0
yf_ZS=F_d0;1400;ASH_COATED_OSMIUM;9967;15;9964;19;;;9976;11;9979;20;;;9971.5;0.0
yf_ZS=F_d0;1400;INTARIAN_PEPPER_ROOT;10288;17;10285;21;;;10297;6;10299;17;;;10292.5;0.0
yf_ZS=F_d0;1500;ASH_COATED_OSMIUM;9970;6;9966;11;;;9976;22;9978;20;;;9973.0;0.0
yf_ZS=F_d0;1500;INTARIAN_PEPPER_ROOT;10290;11;10286;12;;;10298;8;10300;29;;;10294.0;0.0
yf_ZS=F_d0;1600;ASH_COATED_OSMIUM;9958;13;9956;20;;;9987;8;9989;26;;;9972.5;0.0
yf_ZS=F_d0;1600;INTARIAN_PEPPER_ROOT;10291;15;10288;27;;;10297;18;10299;15;;;10294.0;0.0
yf_ZS=F_d0;1700;ASH_COATED_OSMIUM;9966;19;9963;15;;;9977;12;9980;19;;;9971.5;0.0
yf_ZS=F_d0;1700;INTARIAN_PEPPER_ROOT;10291;12;10287;21;;;10300;17;10304;19;;;10295.5;0.0
yf_ZS=F_d0;1800;ASH_COATED_OSMIUM;9968;19;9966;25;;;9975;15;9979;26;;;9971.5;0.0
yf_ZS=F_d0;1800;INTARIAN_PEPPER_ROOT;10293;12;10291;14;;;10299;13;10301;14;;;10296.0;0.0
yf_ZS=F_d0;1900;ASH_COATED_OSMIUM;9967;12;9965;26;;;9976;21;9978;24;;;9971.5;0.0
yf_ZS=F_d0;1900;INTARIAN_PEPPER_ROOT;10290;24;10286;27;;;10302;21;10305;17;;;10296.0;0.0
yf_ZS=F_d0;2000;ASH_COATED_OSMIUM;9969;24;9967;23;;;9975;14;9978;21;;;9972.0;0.0
yf_ZS=F_d0;2000;INTARIAN_PEPPER_ROOT;10293;15;10290;21;;;10300;14;10303;15;;;10296.5;0.0
yf_ZS=F_d0;2100;ASH_COATED_OSMIUM;9967;15;9963;19;;;9979;12;9982;19;;;9973.0;0.0
yf_ZS=F_d0;2100;INTARIAN_PEPPER_ROOT;10295;18;10292;18;;;10301;8;10304;18;;;10298.0;0.0
yf_ZS=F_d0;2200;ASH_COATED_OSMIUM;9965;15;9962;18;;;9980;12;9982;25;;;9972.5;0.0
yf_ZS=F_d0;2200;INTARIAN_PEPPER_ROOT;10295;11;10293;15;;;10301;17;10303;13;;;10298.0;0.0
yf_ZS=F_d0;2300;ASH_COATED_OSMIUM;9970;11;9968;24;;;9976;22;9980;13;;;9973.0;0.0
yf_ZS=F_d0;2300;INTARIAN_PEPPER_ROOT;10296;19;10293;26;;;10302;15;10306;11;;;10299.0;0.0
yf_ZS=F_d0;2400;ASH_COATED_OSMIUM;9950;11;9948;13;;;9994;14;9996;33;;;9972.0;0.0
yf_ZS=F_d0;2400;INTARIAN_PEPPER_ROOT;10297;8;10293;31;;;10303;17;10305;19;;;10300.0;0.0
yf_ZS=F_d0;2500;ASH_COATED_OSMIUM;9966;17;9962;15;;;9980;18;9982;23;;;9973.0;0.0
yf_ZS=F_d0;2500;INTARIAN_PEPPER_ROOT;10297;15;10295;24;;;10303;12;10305;18;;;10300.0;0.0
yf_ZS=F_d0;2600;ASH_COATED_OSMIUM;9969;5;9966;22;;;9975;13;9978;19;;;9972.0;0.0
yf_ZS=F_d0;2600;INTARIAN_PEPPER_ROOT;10298;14;10294;21;;;10304;8;10308;23;;;10301.0;0.0
yf_ZS=F_d0;2700;ASH_COATED_OSMIUM;9969;10;9965;23;;;9975;18;9977;17;;;9972.0;0.0
yf_ZS=F_d0;2700;INTARIAN_PEPPER_ROOT;10296;18;10292;24;;;10307;9;10311;17;;;10301.5;0.0
yf_ZS=F_d0;2800;ASH_COATED_OSMIUM;9969;18;9966;22;;;9975;16;9977;18;;;9972.0;0.0
yf_ZS=F_d0;2800;INTARIAN_PEPPER_ROOT;10298;5;10296;16;;;10306;13;10309;22;;;10302.0;0.0
yf_ZS=F_d0;2900;ASH_COATED_OSMIUM;9970;19;9966;19;;;9976;16;9980;14;;;9973.0;0.0
yf_ZS=F_d0;2900;INTARIAN_PEPPER_ROOT;10300;24;10297;20;;;10306;18;10310;22;;;10303.0;0.0
yf_ZS=F_d0;3000;ASH_COATED_OSMIUM;9969;10;9966;11;;;9975;12;9977;28;;;9972.0;0.0
yf_ZS=F_d0;3000;INTARIAN_PEPPER_ROOT;10301;17;10299;17;;;10307;23;10310;10;;;10304.0;0.0
yf_ZS=F_d0;3100;ASH_COATED_OSMIUM;9970;12;9966;32;;;9976;18;9979;20;;;9973.0;0.0
yf_ZS=F_d0;3100;INTARIAN_PEPPER_ROOT;10302;21;10298;26;;;10308;17;10310;16;;;10305.0;0.0
yf_ZS=F_d0;3200;ASH_COATED_OSMIUM;9969;15;9966;8;;;9977;12;9981;19;;;9973.0;0.0
yf_ZS=F_d0;3200;INTARIAN_PEPPER_ROOT;10299;12;10297;22;;;10313;21;10315;27;;;10306.0;0.0
yf_ZS=F_d0;3300;ASH_COATED_OSMIUM;9951;7;9948;16;;;9993;14;9996;18;;;9972.0;0.0
yf_ZS=F_d0;3300;INTARIAN_PEPPER_ROOT;10292;16;10289;23;;;10321;16;10323;21;;;10306.5;0.0
yf_ZS=F_d0;3400;ASH_COATED_OSMIUM;9970;12;9967;19;;;9976;26;9978;23;;;9973.0;0.0
yf_ZS=F_d0;3400;INTARIAN_PEPPER_ROOT;10304;12;10301;10;;;10310;7;10314;10;;;10307.0;0.0
yf_ZS=F_d0;3500;ASH_COATED_OSMIUM;9970;17;9967;13;;;9976;15;9979;21;;;9973.0;0.0
yf_ZS=F_d0;3500;INTARIAN_PEPPER_ROOT;10301;10;10299;27;;;10314;11;10318;14;;;10307.5;0.0
yf_ZS=F_d0;3600;ASH_COATED_OSMIUM;9970;9;9967;21;;;9977;10;9979;23;;;9973.5;0.0
yf_ZS=F_d0;3600;INTARIAN_PEPPER_ROOT;10305;14;10301;21;;;10311;5;10315;28;;;10308.0;0.0
yf_ZS=F_d0;3700;ASH_COATED_OSMIUM;9970;11;9968;15;;;9976;16;9979;22;;;9973.0;0.0
yf_ZS=F_d0;3700;INTARIAN_PEPPER_ROOT;10305;5;10302;20;;;10311;12;10315;22;;;10308.0;0.0
yf_ZS=F_d0;3800;ASH_COATED_OSMIUM;9968;12;9966;17;;;9977;15;9979;18;;;9972.5;0.0
yf_ZS=F_d0;3800;INTARIAN_PEPPER_ROOT;10302;10;10299;8;;;10317;9;10320;9;;;10309.5;0.0
yf_ZS=F_d0;3900;ASH_COATED_OSMIUM;9967;19;9963;12;;;9979;18;9983;14;;;9973.0;0.0
yf_ZS=F_d0;3900;INTARIAN_PEPPER_ROOT;10307;12;10303;11;;;10313;9;10315;18;;;10310.0;0.0
yf_ZS=F_d0;4000;ASH_COATED_OSMIUM;9970;15;9968;22;;;9976;10;9979;20;;;9973.0;0.0
yf_ZS=F_d0;4000;INTARIAN_PEPPER_ROOT;10308;15;10306;26;;;10314;12;10317;19;;;10311.0;0.0
yf_ZS=F_d0;4100;ASH_COATED_OSMIUM;9970;14;9968;19;;;9976;7;9979;18;;;9973.0;0.0
yf_ZS=F_d0;4100;INTARIAN_PEPPER_ROOT;10307;12;10305;31;;;10316;15;10319;18;;;10311.5;0.0
yf_ZS=F_d0;4200;ASH_COATED_OSMIUM;9966;12;9962;18;;;9980;8;9982;16;;;9973.0;0.0
yf_ZS=F_d0;4200;INTARIAN_PEPPER_ROOT;10309;6;10306;12;;;10315;14;10317;19;;;10312.0;0.0
yf_ZS=F_d0;4300;ASH_COATED_OSMIUM;9962;10;9960;22;;;9985;16;9989;17;;;9973.5;0.0
yf_ZS=F_d0;4300;INTARIAN_PEPPER_ROOT;10310;5;10306;18;;;10316;20;10318;21;;;10313.0;0.0
yf_ZS=F_d0;4400;ASH_COATED_OSMIUM;9967;11;9963;26;;;9979;12;9983;26;;;9973.0;0.0
yf_ZS=F_d0;4400;INTARIAN_PEPPER_ROOT;10310;10;10306;15;;;10316;13;10318;28;;;10313.0;0.0
yf_ZS=F_d0;4500;ASH_COATED_OSMIUM;9971;16;9967;20;;;9977;12;9980;18;;;9974.0;0.0
yf_ZS=F_d0;4500;INTARIAN_PEPPER_ROOT;10312;17;10309;25;;;10318;19;10320;19;;;10315.0;0.0
yf_ZS=F_d0;4600;ASH_COATED_OSMIUM;9970;15;9968;26;;;9978;13;9982;17;;;9974.0;0.0
yf_ZS=F_d0;4600;INTARIAN_PEPPER_ROOT;10312;14;10308;12;;;10318;16;10320;20;;;10315.0;0.0
yf_ZS=F_d0;4700;ASH_COATED_OSMIUM;9971;18;9968;19;;;9977;18;9981;21;;;9974.0;0.0
yf_ZS=F_d0;4700;INTARIAN_PEPPER_ROOT;10313;14;10311;15;;;10319;13;10322;20;;;10316.0;0.0
yf_ZS=F_d0;4800;ASH_COATED_OSMIUM;9970;19;9968;26;;;9978;10;9980;16;;;9974.0;0.0
yf_ZS=F_d0;4800;INTARIAN_PEPPER_ROOT;10313;10;10309;28;;;10319;6;10323;16;;;10316.0;0.0
yf_ZS=F_d0;4900;ASH_COATED_OSMIUM;9970;8;9968;14;;;9976;12;9978;24;;;9973.0;0.0
yf_ZS=F_d0;4900;INTARIAN_PEPPER_ROOT;10314;12;10312;23;;;10320;21;10322;8;;;10317.0;0.0
yf_ZS=F_d0;5000;ASH_COATED_OSMIUM;9971;22;9967;27;;;9977;20;9979;23;;;9974.0;0.0
yf_ZS=F_d0;5000;INTARIAN_PEPPER_ROOT;10314;13;10310;14;;;10322;10;10325;19;;;10318.0;0.0
yf_ZS=F_d0;5100;ASH_COATED_OSMIUM;9970;17;9966;19;;;9976;8;9980;14;;;9973.0;0.0
yf_ZS=F_d0;5100;INTARIAN_PEPPER_ROOT;10316;14;10313;20;;;10322;14;10326;27;;;10319.0;0.0
yf_ZS=F_d0;5200;ASH_COATED_OSMIUM;9963;13;9960;14;;;9984;15;9986;22;;;9973.5;0.0
yf_ZS=F_d0;5200;INTARIAN_PEPPER_ROOT;10316;10;10313;16;;;10322;5;10324;22;;;10319.0;0.0
yf_ZS=F_d0;5300;ASH_COATED_OSMIUM;9970;16;9966;19;;;9976;15;9979;22;;;9973.0;0.0
yf_ZS=F_d0;5300;INTARIAN_PEPPER_ROOT;10306;21;10303;9;;;10334;15;10337;19;;;10320.0;0.0
yf_ZS=F_d0;5400;ASH_COATED_OSMIUM;9970;7;9968;14;;;9976;22;9978;22;;;9973.0;0.0
yf_ZS=F_d0;5400;INTARIAN_PEPPER_ROOT;10318;10;10316;17;;;10324;8;10326;16;;;10321.0;0.0
yf_ZS=F_d0;5500;ASH_COATED_OSMIUM;9971;17;9967;8;;;9977;17;9980;18;;;9974.0;0.0
yf_ZS=F_d0;5500;INTARIAN_PEPPER_ROOT;10312;10;10310;16;;;10331;19;10333;17;;;10321.5;0.0
yf_ZS=F_d0;5600;ASH_COATED_OSMIUM;9961;19;9957;19;;;9988;22;9990;24;;;9974.5;0.0
yf_ZS=F_d0;5600;INTARIAN_PEPPER_ROOT;10319;23;10317;23;;;10325;21;10327;20;;;10322.0;0.0
yf_ZS=F_d0;5700;ASH_COATED_OSMIUM;9971;14;9969;15;;;9977;22;9979;17;;;9974.0;0.0
yf_ZS=F_d0;5700;INTARIAN_PEPPER_ROOT;10317;7;10314;20;;;10329;13;10332;24;;;10323.0;0.0
yf_ZS=F_d0;5800;ASH_COATED_OSMIUM;9961;14;9959;16;;;9987;9;9991;22;;;9974.0;0.0
yf_ZS=F_d0;5800;INTARIAN_PEPPER_ROOT;10321;22;10317;21;;;10327;24;10331;22;;;10324.0;0.0
yf_ZS=F_d0;5900;ASH_COATED_OSMIUM;9961;10;9959;20;;;9987;14;9990;17;;;9974.0;0.0
yf_ZS=F_d0;5900;INTARIAN_PEPPER_ROOT;10321;9;10317;28;;;10327;10;10329;17;;;10324.0;0.0
yf_ZS=F_d0;6000;ASH_COATED_OSMIUM;9971;22;9967;15;;;9978;9;9980;17;;;9974.5;0.0
yf_ZS=F_d0;6000;INTARIAN_PEPPER_ROOT;10322;14;10320;18;;;10328;19;10330;12;;;10325.0;0.0
yf_ZS=F_d0;6100;ASH_COATED_OSMIUM;9971;17;9969;12;;;9977;17;9979;17;;;9974.0;0.0
yf_ZS=F_d0;6100;INTARIAN_PEPPER_ROOT;10321;15;10319;26;;;10331;18;10335;19;;;10326.0;0.0
yf_ZS=F_d0;6200;ASH_COATED_OSMIUM;9969;5;9967;17;;;9979;11;9982;19;;;9974.0;0.0
yf_ZS=F_d0;6200;INTARIAN_PEPPER_ROOT;10324;14;10322;18;;;10330;12;10334;15;;;10327.0;0.0
yf_ZS=F_d0;6300;ASH_COATED_OSMIUM;9972;7;9970;10;;;9978;10;9982;21;;;9975.0;0.0
yf_ZS=F_d0;6300;INTARIAN_PEPPER_ROOT;10324;13;10322;13;;;10330;14;10333;19;;;10327.0;0.0
yf_ZS=F_d0;6400;ASH_COATED_OSMIUM;9967;11;9964;11;;;9981;12;9983;24;;;9974.0;0.0
yf_ZS=F_d0;6400;INTARIAN_PEPPER_ROOT;10325;8;10322;27;;;10331;10;10333;16;;;10328.0;0.0
yf_ZS=F_d0;6500;ASH_COATED_OSMIUM;9967;10;9964;18;;;9982;13;9985;20;;;9974.5;0.0
yf_ZS=F_d0;6500;INTARIAN_PEPPER_ROOT;10321;22;10319;18;;;10336;12;10338;18;;;10328.5;0.0
yf_ZS=F_d0;6600;ASH_COATED_OSMIUM;9971;14;9967;23;;;9977;19;9979;25;;;9974.0;0.0
yf_ZS=F_d0;6600;INTARIAN_PEPPER_ROOT;10326;5;10322;27;;;10332;12;10335;19;;;10329.0;0.0
yf_ZS=F_d0;6700;ASH_COATED_OSMIUM;9971;15;9969;16;;;9977;7;9981;15;;;9974.0;0.0
yf_ZS=F_d0;6700;INTARIAN_PEPPER_ROOT;10327;14;10325;22;;;10333;14;10336;8;;;10330.0;0.0
yf_ZS=F_d0;6800;ASH_COATED_OSMIUM;9971;13;9968;28;;;9977;22;9980;17;;;9974.0;0.0
yf_ZS=F_d0;6800;INTARIAN_PEPPER_ROOT;10328;12;10325;16;;;10334;10;10336;15;;;10331.0;0.0
yf_ZS=F_d0;6900;ASH_COATED_OSMIUM;9967;14;9964;22;;;9982;5;9985;12;;;9974.5;0.0
yf_ZS=F_d0;6900;INTARIAN_PEPPER_ROOT;10327;19;10323;20;;;10337;13;10339;22;;;10332.0;0.0
yf_ZS=F_d0;7000;ASH_COATED_OSMIUM;9971;10;9967;27;;;9977;19;9980;15;;;9974.0;0.0
yf_ZS=F_d0;7000;INTARIAN_PEPPER_ROOT;10329;15;10327;15;;;10335;24;10339;25;;;10332.0;0.0
yf_ZS=F_d0;7100;ASH_COATED_OSMIUM;9971;18;9967;19;;;9977;20;9981;19;;;9974.0;0.0
yf_ZS=F_d0;7100;INTARIAN_PEPPER_ROOT;10322;15;10318;25;;;10343;15;10345;25;;;10332.5;0.0
yf_ZS=F_d0;7200;ASH_COATED_OSMIUM;9972;16;9970;20;;;9978;14;9981;22;;;9975.0;0.0
yf_ZS=F_d0;7200;INTARIAN_PEPPER_ROOT;10331;21;10327;17;;;10337;9;10339;19;;;10334.0;0.0
yf_ZS=F_d0;7300;ASH_COATED_OSMIUM;9972;17;9970;20;;;9978;21;9982;17;;;9975.0;0.0
yf_ZS=F_d0;7300;INTARIAN_PEPPER_ROOT;10320;9;10318;24;;;10348;17;10350;22;;;10334.0;0.0
yf_ZS=F_d0;7400;ASH_COATED_OSMIUM;9966;13;9964;25;;;9984;16;9987;19;;;9975.0;0.0
yf_ZS=F_d0;7400;INTARIAN_PEPPER_ROOT;10331;15;10327;26;;;10337;17;10339;13;;;10334.0;0.0
yf_ZS=F_d0;7500;ASH_COATED_OSMIUM;9972;17;9969;18;;;9978;18;9980;15;;;9975.0;0.0
yf_ZS=F_d0;7500;INTARIAN_PEPPER_ROOT;10332;9;10329;25;;;10338;19;10341;24;;;10335.0;0.0
yf_ZS=F_d0;7600;ASH_COATED_OSMIUM;9972;9;9969;14;;;9980;16;9983;16;;;9976.0;0.0
yf_ZS=F_d0;7600;INTARIAN_PEPPER_ROOT;10332;10;10329;16;;;10342;17;10344;20;;;10337.0;0.0
yf_ZS=F_d0;7700;ASH_COATED_OSMIUM;9972;16;9969;16;;;9978;7;9982;11;;;9975.0;0.0
yf_ZS=F_d0;7700;INTARIAN_PEPPER_ROOT;10334;11;10330;18;;;10340;13;10343;19;;;10337.0;0.0
yf_ZS=F_d0;7800;ASH_COATED_OSMIUM;9972;15;9970;20;;;9978;18;9980;25;;;9975.0;0.0
yf_ZS=F_d0;7800;INTARIAN_PEPPER_ROOT;10335;9;10331;21;;;10341;14;10344;23;;;10338.0;0.0
yf_ZS=F_d0;7900;ASH_COATED_OSMIUM;9972;20;9970;21;;;9978;16;9980;17;;;9975.0;0.0
yf_ZS=F_d0;7900;INTARIAN_PEPPER_ROOT;10331;15;10327;19;;;10345;18;10348;21;;;10338.0;0.0
yf_ZS=F_d0;8000;ASH_COATED_OSMIUM;9972;25;9969;28;;;9978;6;9981;22;;;9975.0;0.0
yf_ZS=F_d0;8000;INTARIAN_PEPPER_ROOT;10333;20;10330;19;;;10346;10;10348;17;;;10339.5;0.0
yf_ZS=F_d0;8100;ASH_COATED_OSMIUM;9972;13;9970;21;;;9978;6;9980;20;;;9975.0;0.0
yf_ZS=F_d0;8100;INTARIAN_PEPPER_ROOT;10332;5;10328;20;;;10347;22;10351;15;;;10339.5;0.0
yf_ZS=F_d0;8200;ASH_COATED_OSMIUM;9972;11;9968;25;;;9978;22;9982;12;;;9975.0;0.0
yf_ZS=F_d0;8200;INTARIAN_PEPPER_ROOT;10337;12;10334;10;;;10343;11;10345;28;;;10340.0;0.0
yf_ZS=F_d0;8300;ASH_COATED_OSMIUM;9971;23;9967;15;;;9977;18;9979;16;;;9974.0;0.0
yf_ZS=F_d0;8300;INTARIAN_PEPPER_ROOT;10338;20;10335;18;;;10344;7;10347;21;;;10341.0;0.0
yf_ZS=F_d0;8400;ASH_COATED_OSMIUM;9972;13;9968;19;;;9978;16;9982;16;;;9975.0;0.0
yf_ZS=F_d0;8400;INTARIAN_PEPPER_ROOT;10338;19;10336;20;;;10346;15;10350;20;;;10342.0;0.0
yf_ZS=F_d0;8500;ASH_COATED_OSMIUM;9961;8;9959;21;;;9989;21;9991;20;;;9975.0;0.0
yf_ZS=F_d0;8500;INTARIAN_PEPPER_ROOT;10339;15;10337;23;;;10345;6;10348;19;;;10342.0;0.0
yf_ZS=F_d0;8600;ASH_COATED_OSMIUM;9968;12;9965;27;;;9980;19;9983;23;;;9974.0;0.0
yf_ZS=F_d0;8600;INTARIAN_PEPPER_ROOT;10338;19;10336;10;;;10348;12;10350;24;;;10343.0;0.0
yf_ZS=F_d0;8700;ASH_COATED_OSMIUM;9972;17;9969;21;;;9978;19;9982;27;;;9975.0;0.0
yf_ZS=F_d0;8700;INTARIAN_PEPPER_ROOT;10341;17;10338;23;;;10348;18;10350;17;;;10344.5;0.0
yf_ZS=F_d0;8800;ASH_COATED_OSMIUM;9972;10;9968;20;;;9978;15;9981;21;;;9975.0;0.0
yf_ZS=F_d0;8800;INTARIAN_PEPPER_ROOT;10342;16;10340;24;;;10348;12;10350;22;;;10345.0;0.0
yf_ZS=F_d0;8900;ASH_COATED_OSMIUM;9973;14;9969;22;;;9979;15;9983;19;;;9976.0;0.0
yf_ZS=F_d0;8900;INTARIAN_PEPPER_ROOT;10339;16;10336;14;;;10351;18;10353;20;;;10345.0;0.0
yf_ZS=F_d0;9000;ASH_COATED_OSMIUM;9972;23;9969;25;;;9979;8;9982;26;;;9975.5;0.0
yf_ZS=F_d0;9000;INTARIAN_PEPPER_ROOT;10337;18;10334;18;;;10355;15;10358;15;;;10346.0;0.0
yf_ZS=F_d0;9100;ASH_COATED_OSMIUM;9973;18;9970;17;;;9979;11;9983;20;;;9976.0;0.0
yf_ZS=F_d0;9100;INTARIAN_PEPPER_ROOT;10337;16;10333;9;;;10355;16;10357;19;;;10346.0;0.0
yf_ZS=F_d0;9200;ASH_COATED_OSMIUM;9972;12;9969;12;;;9978;14;9980;19;;;9975.0;0.0
yf_ZS=F_d0;9200;INTARIAN_PEPPER_ROOT;10345;16;10342;23;;;10351;17;10354;25;;;10348.0;0.0
yf_ZS=F_d0;9300;ASH_COATED_OSMIUM;9973;11;9970;31;;;9979;13;9982;14;;;9976.0;0.0
yf_ZS=F_d0;9300;INTARIAN_PEPPER_ROOT;10339;16;10337;27;;;10357;18;10359;18;;;10348.0;0.0
yf_ZS=F_d0;9400;ASH_COATED_OSMIUM;9967;5;9964;21;;;9984;13;9988;25;;;9975.5;0.0
yf_ZS=F_d0;9400;INTARIAN_PEPPER_ROOT;10344;13;10341;24;;;10355;18;10358;13;;;10349.5;0.0
yf_ZS=F_d0;9500;ASH_COATED_OSMIUM;9972;17;9968;23;;;9978;18;9981;17;;;9975.0;0.0
yf_ZS=F_d0;9500;INTARIAN_PEPPER_ROOT;10348;16;10346;15;;;10354;13;10357;23;;;10351.0;0.0
yf_ZS=F_d0;9600;ASH_COATED_OSMIUM;9973;14;9971;23;;;9979;11;9983;28;;;9976.0;0.0
yf_ZS=F_d0;9600;INTARIAN_PEPPER_ROOT;10347;26;10345;34;;;10353;15;10356;13;;;10350.0;0.0
yf_ZS=F_d0;9700;ASH_COATED_OSMIUM;9972;18;9969;20;;;9980;19;9984;22;;;9976.0;0.0
yf_ZS=F_d0;9700;INTARIAN_PEPPER_ROOT;10348;13;10346;19;;;10354;8;10356;19;;;10351.0;0.0
yf_ZS=F_d0;9800;ASH_COATED_OSMIUM;9967;5;9964;21;;;9985;17;9987;18;;;9976.0;0.0
yf_ZS=F_d0;9800;INTARIAN_PEPPER_ROOT;10349;20;10345;17;;;10355;12;10358;22;;;10352.0;0.0
yf_ZS=F_d0;9900;ASH_COATED_OSMIUM;9963;19;9961;18;;;9990;19;9992;20;;;9976.5;0.0
yf_ZS=F_d0;9900;INTARIAN_PEPPER_ROOT;10349;25;10345;10;;;10355;19;10357;16;;;10352.0;0.0
yf_ZS=F_d0;10000;ASH_COATED_OSMIUM;9973;15;9970;25;;;9979;11;9982;26;;;9976.0;0.0
yf_ZS=F_d0;10000;INTARIAN_PEPPER_ROOT;10346;7;10343;10;;;10359;8;10362;14;;;10352.5;0.0
yf_ZS=F_d0;10100;ASH_COATED_OSMIUM;9973;11;9971;15;;;9979;19;9982;29;;;9976.0;0.0
yf_ZS=F_d0;10100;INTARIAN_PEPPER_ROOT;10350;18;10346;22;;;10356;18;10359;15;;;10353.0;0.0
yf_ZS=F_d0;10200;ASH_COATED_OSMIUM;9972;21;9970;16;;;9980;11;9984;26;;;9976.0;0.0
yf_ZS=F_d0;10200;INTARIAN_PEPPER_ROOT;10351;15;10347;26;;;10357;11;10360;22;;;10354.0;0.0
yf_ZS=F_d0;10300;ASH_COATED_OSMIUM;9973;7;9969;28;;;9979;7;9983;18;;;9976.0;0.0
yf_ZS=F_d0;10300;INTARIAN_PEPPER_ROOT;10352;15;10349;23;;;10358;10;10362;22;;;10355.0;0.0
yf_ZS=F_d0;10400;ASH_COATED_OSMIUM;9973;11;9970;18;;;9980;5;9983;25;;;9976.5;0.0
yf_ZS=F_d0;10400;INTARIAN_PEPPER_ROOT;10350;17;10348;15;;;10360;13;10364;16;;;10355.0;0.0
yf_ZS=F_d0;10500;ASH_COATED_OSMIUM;9973;19;9971;13;;;9979;14;9981;16;;;9976.0;0.0
yf_ZS=F_d0;10500;INTARIAN_PEPPER_ROOT;10353;11;10349;19;;;10361;24;10365;31;;;10357.0;0.0
yf_ZS=F_d0;10600;ASH_COATED_OSMIUM;9973;21;9969;16;;;9980;20;9983;22;;;9976.5;0.0
yf_ZS=F_d0;10600;INTARIAN_PEPPER_ROOT;10344;16;10342;14;;;10370;14;10373;28;;;10357.0;0.0
yf_ZS=F_d0;10700;ASH_COATED_OSMIUM;9971;30;9968;18;;;9983;20;9986;15;;;9977.0;0.0
yf_ZS=F_d0;10700;INTARIAN_PEPPER_ROOT;10355;16;10351;21;;;10361;8;10364;25;;;10358.0;0.0
yf_ZS=F_d0;10800;ASH_COATED_OSMIUM;9957;9;9955;12;;;9996;16;9998;19;;;9976.5;0.0
yf_ZS=F_d0;10800;INTARIAN_PEPPER_ROOT;10355;20;10352;19;;;10363;16;10365;25;;;10359.0;0.0
yf_ZS=F_d0;10900;ASH_COATED_OSMIUM;9973;11;9969;9;;;9980;13;9984;14;;;9976.5;0.0
yf_ZS=F_d0;10900;INTARIAN_PEPPER_ROOT;10357;13;10355;20;;;10363;14;10367;18;;;10360.0;0.0
yf_ZS=F_d0;11000;ASH_COATED_OSMIUM;9973;20;9971;19;;;9979;18;9983;18;;;9976.0;0.0
yf_ZS=F_d0;11000;INTARIAN_PEPPER_ROOT;10357;11;10355;17;;;10363;8;10367;21;;;10360.0;0.0
yf_ZS=F_d0;11100;ASH_COATED_OSMIUM;9971;6;9969;10;;;9981;9;9983;21;;;9976.0;0.0
yf_ZS=F_d0;11100;INTARIAN_PEPPER_ROOT;10353;20;10349;14;;;10368;13;10372;24;;;10360.5;0.0
yf_ZS=F_d0;11200;ASH_COATED_OSMIUM;9974;13;9971;20;;;9980;18;9984;12;;;9977.0;0.0
yf_ZS=F_d0;11200;INTARIAN_PEPPER_ROOT;10358;19;10356;20;;;10364;7;10368;21;;;10361.0;0.0
yf_ZS=F_d0;11300;ASH_COATED_OSMIUM;9973;18;9971;15;;;9979;22;9982;24;;;9976.0;0.0
yf_ZS=F_d0;11300;INTARIAN_PEPPER_ROOT;10359;12;10357;15;;;10365;16;10368;17;;;10362.0;0.0
yf_ZS=F_d0;11400;ASH_COATED_OSMIUM;9968;18;9966;18;;;9985;19;9988;22;;;9976.5;0.0
yf_ZS=F_d0;11400;INTARIAN_PEPPER_ROOT;10356;23;10354;27;;;10371;18;10374;20;;;10363.5;0.0
yf_ZS=F_d0;11500;ASH_COATED_OSMIUM;9974;16;9970;24;;;9980;15;9984;30;;;9977.0;0.0
yf_ZS=F_d0;11500;INTARIAN_PEPPER_ROOT;10348;21;10346;14;;;10379;11;10382;26;;;10363.5;0.0
yf_ZS=F_d0;11600;ASH_COATED_OSMIUM;9974;16;9970;20;;;9980;11;9982;19;;;9977.0;0.0
yf_ZS=F_d0;11600;INTARIAN_PEPPER_ROOT;10361;19;10359;22;;;10367;15;10370;23;;;10364.0;0.0
yf_ZS=F_d0;11700;ASH_COATED_OSMIUM;9974;7;9971;22;;;9980;17;9983;22;;;9977.0;0.0
yf_ZS=F_d0;11700;INTARIAN_PEPPER_ROOT;10348;11;10346;14;;;10383;15;10387;14;;;10365.5;0.0
yf_ZS=F_d0;11800;ASH_COATED_OSMIUM;9973;12;9969;17;;;9979;8;9983;21;;;9976.0;0.0
yf_ZS=F_d0;11800;INTARIAN_PEPPER_ROOT;10355;12;10351;15;;;10376;11;10378;20;;;10365.5;0.0
yf_ZS=F_d0;11900;ASH_COATED_OSMIUM;9973;14;9971;19;;;9979;8;9983;21;;;9976.0;0.0
yf_ZS=F_d0;11900;INTARIAN_PEPPER_ROOT;10363;18;10359;22;;;10369;7;10373;27;;;10366.0;0.0
yf_ZS=F_d0;12000;ASH_COATED_OSMIUM;9973;21;9971;14;;;9982;19;9984;12;;;9977.5;0.0
yf_ZS=F_d0;12000;INTARIAN_PEPPER_ROOT;10364;15;10362;24;;;10370;14;10373;23;;;10367.0;0.0
yf_ZS=F_d0;12100;ASH_COATED_OSMIUM;9966;20;9962;12;;;9989;13;9991;19;;;9977.5;0.0
yf_ZS=F_d0;12100;INTARIAN_PEPPER_ROOT;10360;21;10358;18;;;10375;14;10379;20;;;10367.5;0.0
yf_ZS=F_d0;12200;ASH_COATED_OSMIUM;9972;24;9969;22;;;9981;15;9984;17;;;9976.5;0.0
yf_ZS=F_d0;12200;INTARIAN_PEPPER_ROOT;10365;19;10361;20;;;10371;12;10374;23;;;10368.0;0.0
yf_ZS=F_d0;12300;ASH_COATED_OSMIUM;9974;20;9970;15;;;9980;18;9982;22;;;9977.0;0.0
yf_ZS=F_d0;12300;INTARIAN_PEPPER_ROOT;10366;13;10363;24;;;10372;13;10375;22;;;10369.0;0.0
yf_ZS=F_d0;12400;ASH_COATED_OSMIUM;9970;8;9967;21;;;9985;19;9989;22;;;9977.5;0.0
yf_ZS=F_d0;12400;INTARIAN_PEPPER_ROOT;10367;19;10363;21;;;10373;16;10376;16;;;10370.0;0.0
yf_ZS=F_d0;12500;ASH_COATED_OSMIUM;9972;8;9970;22;;;9982;13;9986;29;;;9977.0;0.0
yf_ZS=F_d0;12500;INTARIAN_PEPPER_ROOT;10367;11;10363;26;;;10373;19;10376;26;;;10370.0;0.0
yf_ZS=F_d0;12600;ASH_COATED_OSMIUM;9974;10;9971;15;;;9980;11;9984;19;;;9977.0;0.0
yf_ZS=F_d0;12600;INTARIAN_PEPPER_ROOT;10360;5;10358;23;;;10383;11;10386;12;;;10371.5;0.0
yf_ZS=F_d0;12700;ASH_COATED_OSMIUM;9974;13;9970;21;;;9980;15;9983;17;;;9977.0;0.0
yf_ZS=F_d0;12700;INTARIAN_PEPPER_ROOT;10369;7;10366;13;;;10375;14;10378;28;;;10372.0;0.0
yf_ZS=F_d0;12800;ASH_COATED_OSMIUM;9974;7;9972;15;;;9980;18;9982;17;;;9977.0;0.0
yf_ZS=F_d0;12800;INTARIAN_PEPPER_ROOT;10369;11;10365;22;;;10377;6;10379;20;;;10373.0;0.0
yf_ZS=F_d0;12900;ASH_COATED_OSMIUM;9974;21;9972;13;;;9980;16;9984;13;;;9977.0;0.0
yf_ZS=F_d0;12900;INTARIAN_PEPPER_ROOT;10364;12;10360;21;;;10383;16;10387;21;;;10373.5;0.0
yf_ZS=F_d0;13000;ASH_COATED_OSMIUM;9975;13;9973;27;;;9981;11;9985;18;;;9978.0;0.0
yf_ZS=F_d0;13000;INTARIAN_PEPPER_ROOT;10368;7;10365;29;;;10380;16;10383;22;;;10374.0;0.0
yf_ZS=F_d0;13100;ASH_COATED_OSMIUM;9975;6;9972;22;;;9981;19;9983;25;;;9978.0;0.0
yf_ZS=F_d0;13100;INTARIAN_PEPPER_ROOT;10370;21;10366;16;;;10379;22;10381;21;;;10374.5;0.0
yf_ZS=F_d0;13200;ASH_COATED_OSMIUM;9973;12;9970;18;;;9983;21;9987;19;;;9978.0;0.0
yf_ZS=F_d0;13200;INTARIAN_PEPPER_ROOT;10373;6;10370;22;;;10379;23;10383;12;;;10376.0;0.0
yf_ZS=F_d0;13300;ASH_COATED_OSMIUM;9967;12;9964;26;;;9989;21;9992;24;;;9978.0;0.0
yf_ZS=F_d0;13300;INTARIAN_PEPPER_ROOT;10373;9;10370;16;;;10379;9;10382;22;;;10376.0;0.0
yf_ZS=F_d0;13400;ASH_COATED_OSMIUM;9975;18;9971;15;;;9981;5;9984;15;;;9978.0;0.0
yf_ZS=F_d0;13400;INTARIAN_PEPPER_ROOT;10367;16;10364;9;;;10386;18;10389;17;;;10376.5;0.0
yf_ZS=F_d0;13500;ASH_COATED_OSMIUM;9974;23;9972;28;;;9981;18;9984;22;;;9977.5;0.0
yf_ZS=F_d0;13500;INTARIAN_PEPPER_ROOT;10368;22;10366;23;;;10387;20;10389;23;;;10377.5;0.0
yf_ZS=F_d0;13600;ASH_COATED_OSMIUM;9968;14;9965;28;;;9988;10;9990;29;;;9978.0;0.0
yf_ZS=F_d0;13600;INTARIAN_PEPPER_ROOT;10373;13;10370;12;;;10383;6;10385;20;;;10378.0;0.0
yf_ZS=F_d0;13700;ASH_COATED_OSMIUM;9975;8;9972;22;;;9981;19;9984;19;;;9978.0;0.0
yf_ZS=F_d0;13700;INTARIAN_PEPPER_ROOT;10371;20;10368;23;;;10386;11;10389;24;;;10378.5;0.0
yf_ZS=F_d0;13800;ASH_COATED_OSMIUM;9975;19;9972;8;;;9981;14;9984;27;;;9978.0;0.0
yf_ZS=F_d0;13800;INTARIAN_PEPPER_ROOT;10375;16;10371;22;;;10386;21;10390;25;;;10380.5;0.0
yf_ZS=F_d0;13900;ASH_COATED_OSMIUM;9974;15;9972;15;;;9982;15;9984;15;;;9978.0;0.0
yf_ZS=F_d0;13900;INTARIAN_PEPPER_ROOT;10370;18;10366;22;;;10390;15;10392;20;;;10380.0;0.0
yf_ZS=F_d0;14000;ASH_COATED_OSMIUM;9975;18;9972;17;;;9981;18;9983;21;;;9978.0;0.0
yf_ZS=F_d0;14000;INTARIAN_PEPPER_ROOT;10360;21;10358;18;;;10402;15;10406;11;;;10381.0;0.0
yf_ZS=F_d0;14100;ASH_COATED_OSMIUM;9964;12;9962;20;;;9990;19;9993;23;;;9977.0;0.0
yf_ZS=F_d0;14100;INTARIAN_PEPPER_ROOT;10377;16;10373;21;;;10388;8;10390;28;;;10382.5;0.0
yf_ZS=F_d0;14200;ASH_COATED_OSMIUM;9971;19;9968;17;;;9986;10;9989;22;;;9978.5;0.0
yf_ZS=F_d0;14200;INTARIAN_PEPPER_ROOT;10380;19;10377;26;;;10386;18;10389;8;;;10383.0;0.0
yf_ZS=F_d0;14300;ASH_COATED_OSMIUM;9973;18;9971;18;;;9983;6;9986;25;;;9978.0;0.0
yf_ZS=F_d0;14300;INTARIAN_PEPPER_ROOT;10376;17;10374;23;;;10390;16;10393;33;;;10383.0;0.0
yf_ZS=F_d0;14400;ASH_COATED_OSMIUM;9975;14;9973;21;;;9982;6;9986;18;;;9978.5;0.0
yf_ZS=F_d0;14400;INTARIAN_PEPPER_ROOT;10380;13;10378;25;;;10386;19;10388;15;;;10383.0;0.0
yf_ZS=F_d0;14500;ASH_COATED_OSMIUM;9974;7;9971;13;;;9982;23;9985;22;;;9978.0;0.0
yf_ZS=F_d0;14500;INTARIAN_PEPPER_ROOT;10381;5;10379;23;;;10387;10;10391;18;;;10384.0;0.0
yf_ZS=F_d0;14600;ASH_COATED_OSMIUM;9974;16;9972;22;;;9983;17;9985;13;;;9978.5;0.0
yf_ZS=F_d0;14600;INTARIAN_PEPPER_ROOT;10376;17;10374;9;;;10395;15;10398;18;;;10385.5;0.0
yf_ZS=F_d0;14700;ASH_COATED_OSMIUM;9975;5;9972;27;;;9981;17;9985;18;;;9978.0;0.0
yf_ZS=F_d0;14700;INTARIAN_PEPPER_ROOT;10383;14;10380;26;;;10389;15;10393;23;;;10386.0;0.0
yf_ZS=F_d0;14800;ASH_COATED_OSMIUM;9973;15;9971;19;;;9984;11;9986;21;;;9978.5;0.0
yf_ZS=F_d0;14800;INTARIAN_PEPPER_ROOT;10384;13;10380;17;;;10390;16;10393;22;;;10387.0;0.0
yf_ZS=F_d0;14900;ASH_COATED_OSMIUM;9976;8;9974;15;;;9982;25;9986;9;;;9979.0;0.0
yf_ZS=F_d0;14900;INTARIAN_PEPPER_ROOT;10380;21;10376;15;;;10396;15;10400;18;;;10388.0;0.0
yf_ZS=F_d0;15000;ASH_COATED_OSMIUM;9969;23;9967;24;;;9987;17;9989;13;;;9978.0;0.0
yf_ZS=F_d0;15000;INTARIAN_PEPPER_ROOT;10385;15;10383;10;;;10391;27;10395;9;;;10388.0;0.0
yf_ZS=F_d0;15100;ASH_COATED_OSMIUM;9971;15;9968;15;;;9985;15;9987;20;;;9978.0;0.0
yf_ZS=F_d0;15100;INTARIAN_PEPPER_ROOT;10386;12;10382;16;;;10392;15;10394;17;;;10389.0;0.0
yf_ZS=F_d0;15200;ASH_COATED_OSMIUM;9975;9;9972;12;;;9981;14;9984;20;;;9978.0;0.0
yf_ZS=F_d0;15200;INTARIAN_PEPPER_ROOT;10381;19;10377;22;;;10399;12;10403;12;;;10390.0;0.0
yf_ZS=F_d0;15300;ASH_COATED_OSMIUM;9971;16;9969;20;;;9987;13;9990;13;;;9979.0;0.0
yf_ZS=F_d0;15300;INTARIAN_PEPPER_ROOT;10387;16;10385;23;;;10393;5;10396;30;;;10390.0;0.0
yf_ZS=F_d0;15400;ASH_COATED_OSMIUM;9975;11;9971;14;;;9981;8;9985;13;;;9978.0;0.0
yf_ZS=F_d0;15400;INTARIAN_PEPPER_ROOT;10387;18;10383;16;;;10394;10;10396;18;;;10390.5;0.0
yf_ZS=F_d0;15500;ASH_COATED_OSMIUM;9963;17;9959;16;;;9994;13;9998;19;;;9978.5;0.0
yf_ZS=F_d0;15500;INTARIAN_PEPPER_ROOT;10383;24;10380;19;;;10398;14;10402;26;;;10390.5;0.0
yf_ZS=F_d0;15600;ASH_COATED_OSMIUM;9975;13;9972;30;;;9982;5;9985;26;;;9978.5;0.0
yf_ZS=F_d0;15600;INTARIAN_PEPPER_ROOT;10390;24;10388;14;;;10396;10;10398;24;;;10393.0;0.0
yf_ZS=F_d0;15700;ASH_COATED_OSMIUM;9975;21;9972;15;;;9983;17;9986;14;;;9979.0;0.0
yf_ZS=F_d0;15700;INTARIAN_PEPPER_ROOT;10385;8;10382;20;;;10402;15;10406;18;;;10393.5;0.0
yf_ZS=F_d0;15800;ASH_COATED_OSMIUM;9972;17;9970;15;;;9984;23;9988;13;;;9978.0;0.0
yf_ZS=F_d0;15800;INTARIAN_PEPPER_ROOT;10386;20;10382;16;;;10402;15;10404;20;;;10394.0;0.0
yf_ZS=F_d0;15900;ASH_COATED_OSMIUM;9976;9;9973;27;;;9982;25;9985;27;;;9979.0;0.0
yf_ZS=F_d0;15900;INTARIAN_PEPPER_ROOT;10390;12;10388;23;;;10397;15;10399;11;;;10393.5;0.0
yf_ZS=F_d0;16000;ASH_COATED_OSMIUM;9969;11;9966;13;;;9990;11;9994;20;;;9979.5;0.0
yf_ZS=F_d0;16000;INTARIAN_PEPPER_ROOT;10390;13;10388;24;;;10400;17;10404;20;;;10395.0;0.0
yf_ZS=F_d0;16100;ASH_COATED_OSMIUM;9976;17;9972;23;;;9982;6;9985;9;;;9979.0;0.0
yf_ZS=F_d0;16100;INTARIAN_PEPPER_ROOT;10393;15;10390;18;;;10399;16;10402;10;;;10396.0;0.0
yf_ZS=F_d0;16200;ASH_COATED_OSMIUM;9976;12;9972;25;;;9982;16;9986;8;;;9979.0;0.0
yf_ZS=F_d0;16200;INTARIAN_PEPPER_ROOT;10393;22;10390;34;;;10399;17;10402;16;;;10396.0;0.0
yf_ZS=F_d0;16300;ASH_COATED_OSMIUM;9973;16;9970;18;;;9984;18;9986;25;;;9978.5;0.0
yf_ZS=F_d0;16300;INTARIAN_PEPPER_ROOT;10394;17;10392;18;;;10400;9;10402;14;;;10397.0;0.0
yf_ZS=F_d0;16400;ASH_COATED_OSMIUM;9974;13;9970;35;;;9984;5;9986;15;;;9979.0;0.0
yf_ZS=F_d0;16400;INTARIAN_PEPPER_ROOT;10394;11;10392;14;;;10401;16;10404;26;;;10397.5;0.0
yf_ZS=F_d0;16500;ASH_COATED_OSMIUM;9976;18;9973;21;;;9982;11;9985;21;;;9979.0;0.0
yf_ZS=F_d0;16500;INTARIAN_PEPPER_ROOT;10396;20;10392;20;;;10402;19;10405;23;;;10399.0;0.0
yf_ZS=F_d0;16600;ASH_COATED_OSMIUM;9973;24;9970;30;;;9985;21;9989;22;;;9979.0;0.0
yf_ZS=F_d0;16600;INTARIAN_PEPPER_ROOT;10396;17;10393;30;;;10402;13;10404;20;;;10399.0;0.0
yf_ZS=F_d0;16700;ASH_COATED_OSMIUM;9976;14;9972;19;;;9982;7;9984;16;;;9979.0;0.0
yf_ZS=F_d0;16700;INTARIAN_PEPPER_ROOT;10397;20;10393;15;;;10403;15;10405;28;;;10400.0;0.0
yf_ZS=F_d0;16800;ASH_COATED_OSMIUM;9975;10;9972;11;;;9984;23;9988;18;;;9979.5;0.0
yf_ZS=F_d0;16800;INTARIAN_PEPPER_ROOT;10398;16;10395;25;;;10404;20;10406;25;;;10401.0;0.0
yf_ZS=F_d0;16900;ASH_COATED_OSMIUM;9976;15;9972;18;;;9982;13;9986;20;;;9979.0;0.0
yf_ZS=F_d0;16900;INTARIAN_PEPPER_ROOT;10398;18;10394;16;;;10404;18;10406;12;;;10401.0;0.0
yf_ZS=F_d0;17000;ASH_COATED_OSMIUM;9976;7;9973;29;;;9982;13;9985;21;;;9979.0;0.0
yf_ZS=F_d0;17000;INTARIAN_PEPPER_ROOT;10396;21;10392;17;;;10403;10;10406;23;;;10399.5;0.0
yf_ZS=F_d0;17100;ASH_COATED_OSMIUM;9973;16;9969;22;;;9984;10;9987;22;;;9978.5;0.0
yf_ZS=F_d0;17100;INTARIAN_PEPPER_ROOT;10395;15;10391;17;;;10401;13;10404;18;;;10398.0;0.0
yf_ZS=F_d0;17200;ASH_COATED_OSMIUM;9976;8;9973;18;;;9985;17;9988;24;;;9980.5;0.0
yf_ZS=F_d0;17200;INTARIAN_PEPPER_ROOT;10392;22;10389;11;;;10398;17;10400;24;;;10395.0;0.0
yf_ZS=F_d0;17300;ASH_COATED_OSMIUM;9977;5;9975;25;;;9983;20;9985;15;;;9980.0;0.0
yf_ZS=F_d0;17300;INTARIAN_PEPPER_ROOT;10388;16;10384;22;;;10398;17;10400;27;;;10393.0;0.0
yf_ZS=F_d0;17400;ASH_COATED_OSMIUM;9973;12;9970;21;;;9987;18;9989;12;;;9980.0;0.0
yf_ZS=F_d0;17400;INTARIAN_PEPPER_ROOT;10386;12;10384;22;;;10394;24;10397;21;;;10390.0;0.0
yf_ZS=F_d0;17500;ASH_COATED_OSMIUM;9976;11;9974;24;;;9982;11;9984;22;;;9979.0;0.0
yf_ZS=F_d0;17500;INTARIAN_PEPPER_ROOT;10385;5;10383;26;;;10391;17;10395;12;;;10388.0;0.0
yf_ZS=F_d0;17600;ASH_COATED_OSMIUM;9974;21;9970;22;;;9985;19;9989;23;;;9979.5;0.0
yf_ZS=F_d0;17600;INTARIAN_PEPPER_ROOT;10382;10;10378;17;;;10389;19;10393;26;;;10385.5;0.0
yf_ZS=F_d0;17700;ASH_COATED_OSMIUM;9976;12;9973;24;;;9982;18;9985;21;;;9979.0;0.0
yf_ZS=F_d0;17700;INTARIAN_PEPPER_ROOT;10381;14;10379;18;;;10387;21;10391;22;;;10384.0;0.0
yf_ZS=F_d0;17800;ASH_COATED_OSMIUM;9976;17;9972;15;;;9982;7;9986;22;;;9979.0;0.0
yf_ZS=F_d0;17800;INTARIAN_PEPPER_ROOT;10374;17;10371;27;;;10388;7;10390;12;;;10381.0;0.0
yf_ZS=F_d0;17900;ASH_COATED_OSMIUM;9976;22;9974;21;;;9982;15;9986;14;;;9979.0;0.0
yf_ZS=F_d0;17900;INTARIAN_PEPPER_ROOT;10375;13;10372;20;;;10382;13;10386;22;;;10378.5;0.0
yf_ZS=F_d0;18000;ASH_COATED_OSMIUM;9977;19;9973;14;;;9983;24;9987;10;;;9980.0;0.0
yf_ZS=F_d0;18000;INTARIAN_PEPPER_ROOT;10374;11;10372;25;;;10380;5;10384;27;;;10377.0;0.0
yf_ZS=F_d0;18100;ASH_COATED_OSMIUM;9976;15;9972;16;;;9982;16;9986;26;;;9979.0;0.0
yf_ZS=F_d0;18100;INTARIAN_PEPPER_ROOT;10371;19;10367;31;;;10377;11;10379;30;;;10374.0;0.0
yf_ZS=F_d0;18200;ASH_COATED_OSMIUM;9976;8;9974;15;;;9982;7;9986;23;;;9979.0;0.0
yf_ZS=F_d0;18200;INTARIAN_PEPPER_ROOT;10369;12;10366;25;;;10375;21;10377;10;;;10372.0;0.0
yf_ZS=F_d0;18300;ASH_COATED_OSMIUM;9970;11;9967;18;;;9989;13;9991;23;;;9979.5;0.0
yf_ZS=F_d0;18300;INTARIAN_PEPPER_ROOT;10366;14;10363;15;;;10372;20;10375;21;;;10369.0;0.0
yf_ZS=F_d0;18400;ASH_COATED_OSMIUM;9971;10;9968;18;;;9988;17;9991;13;;;9979.5;0.0
yf_ZS=F_d0;18400;INTARIAN_PEPPER_ROOT;10361;20;10357;22;;;10374;18;10378;22;;;10367.5;0.0
yf_ZS=F_d0;18500;ASH_COATED_OSMIUM;9977;25;9974;18;;;9983;17;9987;19;;;9980.0;0.0
yf_ZS=F_d0;18500;INTARIAN_PEPPER_ROOT;10362;12;10358;28;;;10369;24;10372;14;;;10365.5;0.0
yf_ZS=F_d0;18600;ASH_COATED_OSMIUM;9975;13;9972;19;;;9984;18;9987;32;;;9979.5;0.0
yf_ZS=F_d0;18600;INTARIAN_PEPPER_ROOT;10352;12;10350;20;;;10371;14;10374;19;;;10361.5;0.0
yf_ZS=F_d0;18700;ASH_COATED_OSMIUM;9977;12;9973;25;;;9983;15;9987;22;;;9980.0;0.0
yf_ZS=F_d0;18700;INTARIAN_PEPPER_ROOT;10350;21;10346;24;;;10369;21;10371;12;;;10359.5;0.0
yf_ZS=F_d0;18800;ASH_COATED_OSMIUM;9976;14;9974;23;;;9982;5;9986;30;;;9979.0;0.0
yf_ZS=F_d0;18800;INTARIAN_PEPPER_ROOT;10355;12;10353;14;;;10361;16;10364;23;;;10358.0;0.0
yf_ZS=F_d0;18900;ASH_COATED_OSMIUM;9977;15;9974;14;;;9983;7;9985;24;;;9980.0;0.0
yf_ZS=F_d0;18900;INTARIAN_PEPPER_ROOT;10349;8;10346;15;;;10362;15;10366;21;;;10355.5;0.0
yf_ZS=F_d0;19000;ASH_COATED_OSMIUM;9977;24;9974;29;;;9983;11;9985;22;;;9980.0;0.0
yf_ZS=F_d0;19000;INTARIAN_PEPPER_ROOT;10349;21;10345;18;;;10355;12;10358;20;;;10352.0;0.0
yf_ZS=F_d0;19100;ASH_COATED_OSMIUM;9977;11;9973;17;;;9983;9;9986;14;;;9980.0;0.0
yf_ZS=F_d0;19100;INTARIAN_PEPPER_ROOT;10340;16;10337;21;;;10360;18;10362;21;;;10350.0;0.0
yf_ZS=F_d0;19200;ASH_COATED_OSMIUM;9977;16;9974;22;;;9983;21;9987;10;;;9980.0;0.0
yf_ZS=F_d0;19200;INTARIAN_PEPPER_ROOT;10345;18;10343;30;;;10351;11;10353;13;;;10348.0;0.0
yf_ZS=F_d0;19300;ASH_COATED_OSMIUM;9977;5;9974;28;;;9983;29;9985;15;;;9980.0;0.0
yf_ZS=F_d0;19300;INTARIAN_PEPPER_ROOT;10343;15;10340;23;;;10349;13;10352;16;;;10346.0;0.0
yf_ZS=F_d0;19400;ASH_COATED_OSMIUM;9974;17;9972;20;;;9985;10;9988;24;;;9979.5;0.0
yf_ZS=F_d0;19400;INTARIAN_PEPPER_ROOT;10340;11;10337;17;;;10346;19;10348;21;;;10343.0;0.0
yf_ZS=F_d0;19500;ASH_COATED_OSMIUM;9974;15;9972;16;;;9987;21;9990;21;;;9980.5;0.0
yf_ZS=F_d0;19500;INTARIAN_PEPPER_ROOT;10338;13;10336;17;;;10344;15;10347;17;;;10341.0;0.0
yf_ZS=F_d0;19600;ASH_COATED_OSMIUM;9969;20;9967;18;;;9992;23;9995;28;;;9980.5;0.0
yf_ZS=F_d0;19600;INTARIAN_PEPPER_ROOT;10333;15;10330;17;;;10345;15;10347;17;;;10339.0;0.0
yf_ZS=F_d0;19700;ASH_COATED_OSMIUM;9977;16;9973;15;;;9983;14;9986;18;;;9980.0;0.0
yf_ZS=F_d0;19700;INTARIAN_PEPPER_ROOT;10330;18;10327;22;;;10341;16;10344;17;;;10335.5;0.0
yf_ZS=F_d0;19800;ASH_COATED_OSMIUM;9977;15;9974;19;;;9983;9;9985;19;;;9980.0;0.0
yf_ZS=F_d0;19800;INTARIAN_PEPPER_ROOT;10331;13;10327;10;;;10337;12;10339;23;;;10334.0;0.0
yf_ZS=F_d0;19900;ASH_COATED_OSMIUM;9974;15;9970;30;;;9986;9;9989;18;;;9980.0;0.0
yf_ZS=F_d0;19900;INTARIAN_PEPPER_ROOT;10329;18;10326;13;;;10335;15;10338;24;;;10332.0;0.0
yf_ZS=F_d0;20000;ASH_COATED_OSMIUM;9970;12;9967;16;;;9989;16;9992;13;;;9979.5;0.0
yf_ZS=F_d0;20000;INTARIAN_PEPPER_ROOT;10323;5;10321;12;;;10335;16;10339;25;;;10329.0;0.0
yf_ZS=F_d0;20100;ASH_COATED_OSMIUM;9971;12;9967;21;;;9988;5;9992;25;;;9979.5;0.0
yf_ZS=F_d0;20100;INTARIAN_PEPPER_ROOT;10323;18;10320;18;;;10330;17;10334;18;;;10326.5;0.0
yf_ZS=F_d0;20200;ASH_COATED_OSMIUM;9976;21;9974;26;;;9984;15;9987;12;;;9980.0;0.0
yf_ZS=F_d0;20200;INTARIAN_PEPPER_ROOT;10322;18;10320;29;;;10328;25;10330;19;;;10325.0;0.0
yf_ZS=F_d0;20300;ASH_COATED_OSMIUM;9977;20;9974;17;;;9983;15;9986;11;;;9980.0;0.0
yf_ZS=F_d0;20300;INTARIAN_PEPPER_ROOT;10319;12;10316;19;;;10325;15;10328;19;;;10322.0;0.0
yf_ZS=F_d0;20400;ASH_COATED_OSMIUM;9977;5;9975;21;;;9983;15;9986;23;;;9980.0;0.0
yf_ZS=F_d0;20400;INTARIAN_PEPPER_ROOT;10314;17;10312;18;;;10325;17;10328;24;;;10319.5;0.0
yf_ZS=F_d0;20500;ASH_COATED_OSMIUM;9977;18;9974;24;;;9983;10;9986;16;;;9980.0;0.0
yf_ZS=F_d0;20500;INTARIAN_PEPPER_ROOT;10314;23;10310;17;;;10320;10;10323;28;;;10317.0;0.0
yf_ZS=F_d0;20600;ASH_COATED_OSMIUM;9964;17;9960;14;;;9996;5;9999;17;;;9980.0;0.0
yf_ZS=F_d0;20600;INTARIAN_PEPPER_ROOT;10308;11;10306;20;;;10322;11;10324;24;;;10315.0;0.0
yf_ZS=F_d0;20700;ASH_COATED_OSMIUM;9978;19;9974;23;;;9984;10;9988;17;;;9981.0;0.0
yf_ZS=F_d0;20700;INTARIAN_PEPPER_ROOT;10310;16;10307;18;;;10316;25;10320;9;;;10313.0;0.0
yf_ZS=F_d0;20800;ASH_COATED_OSMIUM;9977;13;9973;30;;;9984;5;9987;23;;;9980.5;0.0
yf_ZS=F_d0;20800;INTARIAN_PEPPER_ROOT;10303;11;10301;22;;;10316;14;10318;17;;;10309.5;0.0
yf_ZS=F_d0;20900;ASH_COATED_OSMIUM;9977;12;9975;14;;;9983;21;9986;18;;;9980.0;0.0
yf_ZS=F_d0;20900;INTARIAN_PEPPER_ROOT;10301;16;10299;24;;;10315;16;10317;11;;;10308.0;0.0
yf_ZS=F_d0;21000;ASH_COATED_OSMIUM;9977;17;9974;22;;;9983;9;9986;18;;;9980.0;0.0
yf_ZS=F_d0;21000;INTARIAN_PEPPER_ROOT;10302;10;10298;18;;;10308;13;10312;11;;;10305.0;0.0
yf_ZS=F_d0;21100;ASH_COATED_OSMIUM;9977;12;9975;12;;;9983;11;9986;19;;;9980.0;0.0
yf_ZS=F_d0;21100;INTARIAN_PEPPER_ROOT;10299;9;10297;20;;;10308;5;10312;10;;;10303.5;0.0
yf_ZS=F_d0;21200;ASH_COATED_OSMIUM;9974;15;9970;15;;;9986;20;9989;17;;;9980.0;0.0
yf_ZS=F_d0;21200;INTARIAN_PEPPER_ROOT;10298;11;10295;26;;;10304;17;10306;10;;;10301.0;0.0
yf_ZS=F_d0;21300;ASH_COATED_OSMIUM;9977;28;9974;16;;;9983;15;9986;28;;;9980.0;0.0
yf_ZS=F_d0;21300;INTARIAN_PEPPER_ROOT;10295;15;10291;19;;;10301;6;10305;20;;;10298.0;0.0
yf_ZS=F_d0;21400;ASH_COATED_OSMIUM;9978;11;9974;20;;;9984;8;9986;17;;;9981.0;0.0
yf_ZS=F_d0;21400;INTARIAN_PEPPER_ROOT;10291;21;10288;13;;;10300;16;10303;21;;;10295.5;0.0
yf_ZS=F_d0;21500;ASH_COATED_OSMIUM;9977;15;9975;14;;;9983;14;9986;22;;;9980.0;0.0
yf_ZS=F_d0;21500;INTARIAN_PEPPER_ROOT;10291;9;10288;24;;;10297;17;10299;20;;;10294.0;0.0
yf_ZS=F_d0;21600;ASH_COATED_OSMIUM;9977;12;9973;25;;;9983;12;9986;18;;;9980.0;0.0
yf_ZS=F_d0;21600;INTARIAN_PEPPER_ROOT;10286;11;10282;21;;;10296;8;10300;13;;;10291.0;0.0
yf_ZS=F_d0;21700;ASH_COATED_OSMIUM;9977;12;9975;23;;;9983;9;9987;24;;;9980.0;0.0
yf_ZS=F_d0;21700;INTARIAN_PEPPER_ROOT;10280;5;10278;26;;;10297;8;10300;26;;;10288.5;0.0
yf_ZS=F_d0;21800;ASH_COATED_OSMIUM;9977;8;9974;13;;;9983;20;9985;25;;;9980.0;0.0
yf_ZS=F_d0;21800;INTARIAN_PEPPER_ROOT;10284;18;10280;27;;;10290;13;10292;8;;;10287.0;0.0
yf_ZS=F_d0;21900;ASH_COATED_OSMIUM;9971;6;9968;8;;;9990;19;9993;23;;;9980.5;0.0
yf_ZS=F_d0;21900;INTARIAN_PEPPER_ROOT;10281;11;10279;15;;;10287;20;10291;17;;;10284.0;0.0
yf_ZS=F_d0;22000;ASH_COATED_OSMIUM;9978;11;9976;21;;;9984;10;9988;10;;;9981.0;0.0
yf_ZS=F_d0;22000;INTARIAN_PEPPER_ROOT;10277;25;10274;12;;;10286;18;10290;23;;;10281.5;0.0
yf_ZS=F_d0;22100;ASH_COATED_OSMIUM;9977;8;9973;22;;;9983;17;9985;14;;;9980.0;0.0
yf_ZS=F_d0;22100;INTARIAN_PEPPER_ROOT;10277;11;10275;22;;;10283;17;10287;23;;;10280.0;0.0
yf_ZS=F_d0;22200;ASH_COATED_OSMIUM;9978;22;9975;19;;;9984;15;9987;25;;;9981.0;0.0
yf_ZS=F_d0;22200;INTARIAN_PEPPER_ROOT;10273;19;10269;20;;;10279;18;10282;13;;;10276.0;0.0
yf_ZS=F_d0;22300;ASH_COATED_OSMIUM;9972;12;9969;17;;;9988;5;9991;23;;;9980.0;0.0
yf_ZS=F_d0;22300;INTARIAN_PEPPER_ROOT;10259;19;10257;18;;;10291;21;10293;12;;;10275.0;0.0
yf_ZS=F_d0;22400;ASH_COATED_OSMIUM;9978;10;9976;22;;;9984;13;9987;20;;;9981.0;0.0
yf_ZS=F_d0;22400;INTARIAN_PEPPER_ROOT;10270;16;10267;21;;;10276;22;10278;17;;;10273.0;0.0
yf_ZS=F_d0;22500;ASH_COATED_OSMIUM;9977;22;9973;17;;;9983;13;9985;22;;;9980.0;0.0
yf_ZS=F_d0;22500;INTARIAN_PEPPER_ROOT;10267;10;10264;18;;;10273;18;10275;22;;;10270.0;0.0
yf_ZS=F_d0;22600;ASH_COATED_OSMIUM;9977;21;9974;22;;;9983;17;9986;25;;;9980.0;0.0
yf_ZS=F_d0;22600;INTARIAN_PEPPER_ROOT;10260;16;10258;28;;;10274;18;10278;16;;;10267.0;0.0
yf_ZS=F_d0;22700;ASH_COATED_OSMIUM;9977;21;9973;19;;;9983;12;9986;22;;;9980.0;0.0
yf_ZS=F_d0;22700;INTARIAN_PEPPER_ROOT;10262;11;10259;15;;;10268;10;10272;17;;;10265.0;0.0
yf_ZS=F_d0;22800;ASH_COATED_OSMIUM;9977;10;9975;20;;;9983;24;9985;19;;;9980.0;0.0
yf_ZS=F_d0;22800;INTARIAN_PEPPER_ROOT;10260;27;10256;24;;;10266;23;10268;17;;;10263.0;0.0
yf_ZS=F_d0;22900;ASH_COATED_OSMIUM;9978;19;9974;20;;;9984;7;9987;21;;;9981.0;0.0
yf_ZS=F_d0;22900;INTARIAN_PEPPER_ROOT;10258;17;10255;11;;;10264;8;10267;20;;;10261.0;0.0
yf_ZS=F_d0;23000;ASH_COATED_OSMIUM;9977;11;9974;11;;;9983;6;9985;26;;;9980.0;0.0
yf_ZS=F_d0;23000;INTARIAN_PEPPER_ROOT;10255;17;10252;26;;;10261;21;10265;19;;;10258.0;0.0
yf_ZS=F_d0;23100;ASH_COATED_OSMIUM;9977;21;9973;18;;;9983;11;9985;29;;;9980.0;0.0
yf_ZS=F_d0;23100;INTARIAN_PEPPER_ROOT;10250;17;10248;20;;;10262;13;10265;18;;;10256.0;0.0
yf_ZS=F_d0;23200;ASH_COATED_OSMIUM;9976;16;9974;24;;;9986;13;9990;8;;;9981.0;0.0
yf_ZS=F_d0;23200;INTARIAN_PEPPER_ROOT;10236;20;10233;16;;;10270;18;10274;27;;;10253.0;0.0
yf_ZS=F_d0;23300;ASH_COATED_OSMIUM;9978;10;9975;18;;;9984;15;9986;25;;;9981.0;0.0
yf_ZS=F_d0;23300;INTARIAN_PEPPER_ROOT;10248;14;10245;19;;;10254;17;10257;17;;;10251.0;0.0
yf_ZS=F_d0;23400;ASH_COATED_OSMIUM;9977;8;9975;22;;;9983;22;9985;24;;;9980.0;0.0
yf_ZS=F_d0;23400;INTARIAN_PEPPER_ROOT;10245;18;10241;15;;;10252;12;10255;15;;;10248.5;0.0
yf_ZS=F_d0;23500;ASH_COATED_OSMIUM;9978;22;9975;20;;;9984;15;9987;20;;;9981.0;0.0
yf_ZS=F_d0;23500;INTARIAN_PEPPER_ROOT;10243;9;10241;23;;;10249;24;10251;27;;;10246.0;0.0
yf_ZS=F_d0;23600;ASH_COATED_OSMIUM;9974;16;9970;10;;;9988;12;9991;20;;;9981.0;0.0
yf_ZS=F_d0;23600;INTARIAN_PEPPER_ROOT;10234;20;10230;23;;;10254;18;10257;22;;;10244.0;0.0
yf_ZS=F_d0;23700;ASH_COATED_OSMIUM;9963;16;9960;18;;;9998;17;10001;25;;;9980.5;0.0
yf_ZS=F_d0;23700;INTARIAN_PEPPER_ROOT;10238;15;10235;21;;;10244;16;10247;30;;;10241.0;0.0
yf_ZS=F_d0;23800;ASH_COATED_OSMIUM;9974;21;9971;16;;;9987;17;9989;18;;;9980.5;0.0
yf_ZS=F_d0;23800;INTARIAN_PEPPER_ROOT;10236;21;10232;24;;;10242;18;10244;23;;;10239.0;0.0
yf_ZS=F_d0;23900;ASH_COATED_OSMIUM;9975;15;9972;13;;;9987;19;9991;9;;;9981.0;0.0
yf_ZS=F_d0;23900;INTARIAN_PEPPER_ROOT;10234;24;10230;17;;;10240;13;10244;18;;;10237.0;0.0
yf_ZS=F_d0;24000;ASH_COATED_OSMIUM;9977;11;9975;24;;;9983;16;9986;17;;;9980.0;0.0
yf_ZS=F_d0;24000;INTARIAN_PEPPER_ROOT;10226;9;10223;13;;;10242;15;10246;20;;;10234.0;0.0
yf_ZS=F_d0;24100;ASH_COATED_OSMIUM;9977;22;9973;20;;;9983;19;9987;22;;;9980.0;0.0
yf_ZS=F_d0;24100;INTARIAN_PEPPER_ROOT;10229;7;10226;26;;;10235;14;10238;16;;;10232.0;0.0
yf_ZS=F_d0;24200;ASH_COATED_OSMIUM;9978;9;9976;16;;;9984;24;9986;22;;;9981.0;0.0
yf_ZS=F_d0;24200;INTARIAN_PEPPER_ROOT;10227;19;10224;18;;;10233;18;10237;29;;;10230.0;0.0
yf_ZS=F_d0;24300;ASH_COATED_OSMIUM;9978;13;9976;23;;;9984;8;9988;18;;;9981.0;0.0
yf_ZS=F_d0;24300;INTARIAN_PEPPER_ROOT;10224;16;10221;15;;;10230;8;10232;15;;;10227.0;0.0
yf_ZS=F_d0;24400;ASH_COATED_OSMIUM;9978;14;9976;8;;;9984;12;9987;26;;;9981.0;0.0
yf_ZS=F_d0;24400;INTARIAN_PEPPER_ROOT;10222;5;10219;8;;;10228;15;10231;15;;;10225.0;0.0
yf_ZS=F_d0;24500;ASH_COATED_OSMIUM;9976;14;9974;21;;;9985;20;9988;20;;;9980.5;0.0
yf_ZS=F_d0;24500;INTARIAN_PEPPER_ROOT;10220;13;10216;14;;;10226;17;10229;22;;;10223.0;0.0
yf_ZS=F_d0;24600;ASH_COATED_OSMIUM;9978;7;9974;12;;;9984;5;9986;19;;;9981.0;0.0
yf_ZS=F_d0;24600;INTARIAN_PEPPER_ROOT;10214;19;10211;14;;;10226;30;10230;23;;;10220.0;0.0
yf_ZS=F_d0;24700;ASH_COATED_OSMIUM;9978;22;9974;20;;;9984;11;9987;19;;;9981.0;0.0
yf_ZS=F_d0;24700;INTARIAN_PEPPER_ROOT;10215;18;10212;22;;;10221;26;10223;22;;;10218.0;0.0
yf_ZS=F_d0;24800;ASH_COATED_OSMIUM;9978;20;9975;16;;;9984;12;9988;23;;;9981.0;0.0
yf_ZS=F_d0;24800;INTARIAN_PEPPER_ROOT;10204;13;10200;23;;;10227;19;10231;24;;;10215.5;0.0
yf_ZS=F_d0;24900;ASH_COATED_OSMIUM;9978;15;9975;20;;;9984;12;9986;15;;;9981.0;0.0
yf_ZS=F_d0;24900;INTARIAN_PEPPER_ROOT;10206;14;10203;15;;;10219;25;10222;15;;;10212.5;0.0
yf_ZS=F_d0;25000;ASH_COATED_OSMIUM;9978;21;9976;19;;;9984;12;9988;24;;;9981.0;0.0
yf_ZS=F_d0;25000;INTARIAN_PEPPER_ROOT;10206;13;10202;15;;;10214;18;10218;20;;;10210.0;0.0
yf_ZS=F_d0;25100;ASH_COATED_OSMIUM;9975;11;9971;15;;;9987;18;9991;17;;;9981.0;0.0
yf_ZS=F_d0;25100;INTARIAN_PEPPER_ROOT;10203;10;10199;12;;;10213;11;10215;22;;;10208.0;0.0
yf_ZS=F_d0;25200;ASH_COATED_OSMIUM;9978;19;9975;8;;;9984;19;9987;15;;;9981.0;0.0
yf_ZS=F_d0;25200;INTARIAN_PEPPER_ROOT;10203;18;10200;23;;;10209;15;10211;18;;;10206.0;0.0
yf_ZS=F_d0;25300;ASH_COATED_OSMIUM;9979;11;9976;20;;;9985;11;9987;18;;;9982.0;0.0
yf_ZS=F_d0;25300;INTARIAN_PEPPER_ROOT;10201;18;10198;14;;;10207;11;10209;25;;;10204.0;0.0
yf_ZS=F_d0;25400;ASH_COATED_OSMIUM;9977;20;9975;21;;;9986;13;9988;17;;;9981.5;0.0
yf_ZS=F_d0;25400;INTARIAN_PEPPER_ROOT;10196;19;10193;26;;;10205;17;10209;22;;;10200.5;0.0
yf_ZS=F_d0;25500;ASH_COATED_OSMIUM;9967;12;9964;15;;;9994;10;9998;24;;;9980.5;0.0
yf_ZS=F_d0;25500;INTARIAN_PEPPER_ROOT;10173;15;10170;23;;;10223;23;10227;13;;;10198.0;0.0
yf_ZS=F_d0;25600;ASH_COATED_OSMIUM;9978;22;9976;29;;;9984;17;9988;16;;;9981.0;0.0
yf_ZS=F_d0;25600;INTARIAN_PEPPER_ROOT;10193;14;10189;20;;;10199;11;10201;21;;;10196.0;0.0
yf_ZS=F_d0;25700;ASH_COATED_OSMIUM;9972;17;9970;12;;;9989;18;9993;16;;;9980.5;0.0
yf_ZS=F_d0;25700;INTARIAN_PEPPER_ROOT;10190;7;10187;24;;;10197;26;10200;22;;;10193.5;0.0
yf_ZS=F_d0;25800;ASH_COATED_OSMIUM;9969;17;9967;24;;;9993;15;9996;29;;;9981.0;0.0
yf_ZS=F_d0;25800;INTARIAN_PEPPER_ROOT;10189;10;10187;26;;;10195;11;10197;8;;;10192.0;0.0
yf_ZS=F_d0;25900;ASH_COATED_OSMIUM;9978;7;9975;24;;;9984;16;9987;14;;;9981.0;0.0
yf_ZS=F_d0;25900;INTARIAN_PEPPER_ROOT;10185;10;10181;17;;;10193;25;10197;25;;;10189.0;0.0
yf_ZS=F_d0;26000;ASH_COATED_OSMIUM;9978;9;9974;13;;;9984;12;9986;17;;;9981.0;0.0
yf_ZS=F_d0;26000;INTARIAN_PEPPER_ROOT;10176;14;10172;21;;;10198;18;10201;23;;;10187.0;0.0
yf_ZS=F_d0;26100;ASH_COATED_OSMIUM;9975;9;9971;22;;;9988;22;9992;20;;;9981.5;0.0
yf_ZS=F_d0;26100;INTARIAN_PEPPER_ROOT;10182;13;10180;20;;;10188;14;10190;18;;;10185.0;0.0
yf_ZS=F_d0;26200;ASH_COATED_OSMIUM;9979;13;9977;23;;;9985;8;9989;15;;;9982.0;0.0
yf_ZS=F_d0;26200;INTARIAN_PEPPER_ROOT;10179;8;10177;13;;;10185;10;10187;10;;;10182.0;0.0
yf_ZS=F_d0;26300;ASH_COATED_OSMIUM;9979;9;9975;23;;;9985;18;9988;26;;;9982.0;0.0
yf_ZS=F_d0;26300;INTARIAN_PEPPER_ROOT;10173;11;10171;24;;;10186;8;10189;13;;;10179.5;0.0
yf_ZS=F_d0;26400;ASH_COATED_OSMIUM;9967;13;9963;19;;;9996;20;9999;22;;;9981.5;0.0
yf_ZS=F_d0;26400;INTARIAN_PEPPER_ROOT;10173;16;10169;16;;;10182;12;10185;21;;;10177.5;0.0
yf_ZS=F_d0;26500;ASH_COATED_OSMIUM;9977;11;9974;16;;;9987;12;9990;28;;;9982.0;0.0
yf_ZS=F_d0;26500;INTARIAN_PEPPER_ROOT;10172;7;10168;20;;;10178;16;10181;16;;;10175.0;0.0
yf_ZS=F_d0;26600;ASH_COATED_OSMIUM;9978;13;9974;20;;;9984;16;9987;21;;;9981.0;0.0
yf_ZS=F_d0;26600;INTARIAN_PEPPER_ROOT;10169;13;10165;16;;;10175;16;10179;18;;;10172.0;0.0
yf_ZS=F_d0;26700;ASH_COATED_OSMIUM;9969;15;9967;15;;;9993;21;9997;17;;;9981.0;0.0
yf_ZS=F_d0;26700;INTARIAN_PEPPER_ROOT;10167;9;10163;25;;;10173;19;10175;25;;;10170.0;0.0
yf_ZS=F_d0;26800;ASH_COATED_OSMIUM;9974;24;9972;30;;;9988;8;9992;22;;;9981.0;0.0
yf_ZS=F_d0;26800;INTARIAN_PEPPER_ROOT;10165;8;10163;18;;;10171;17;10174;23;;;10168.0;0.0
yf_ZS=F_d0;26900;ASH_COATED_OSMIUM;9976;22;9974;17;;;9987;17;9989;19;;;9981.5;0.0
yf_ZS=F_d0;26900;INTARIAN_PEPPER_ROOT;10162;22;10160;21;;;10168;12;10172;28;;;10165.0;0.0
yf_ZS=F_d0;27000;ASH_COATED_OSMIUM;9978;11;9975;13;;;9984;17;9987;19;;;9981.0;0.0
yf_ZS=F_d0;27000;INTARIAN_PEPPER_ROOT;10156;7;10152;17;;;10170;6;10173;22;;;10163.0;0.0
yf_ZS=F_d0;27100;ASH_COATED_OSMIUM;9976;11;9973;19;;;9985;10;9988;21;;;9980.5;0.0
yf_ZS=F_d0;27100;INTARIAN_PEPPER_ROOT;10146;17;10142;13;;;10175;11;10179;17;;;10160.5;0.0
yf_ZS=F_d0;27200;ASH_COATED_OSMIUM;9977;12;9975;25;;;9986;8;9990;24;;;9981.5;0.0
yf_ZS=F_d0;27200;INTARIAN_PEPPER_ROOT;10151;14;10149;23;;;10165;14;10169;14;;;10158.0;0.0
yf_ZS=F_d0;27300;ASH_COATED_OSMIUM;9979;24;9976;16;;;9985;21;9989;20;;;9982.0;0.0
yf_ZS=F_d0;27300;INTARIAN_PEPPER_ROOT;10153;13;10150;15;;;10159;7;10162;19;;;10156.0;0.0
yf_ZS=F_d0;27400;ASH_COATED_OSMIUM;9978;25;9974;19;;;9984;11;9987;19;;;9981.0;0.0
yf_ZS=F_d0;27400;INTARIAN_PEPPER_ROOT;10151;10;10147;12;;;10157;12;10160;24;;;10154.0;0.0
yf_ZS=F_d0;27500;ASH_COATED_OSMIUM;9969;6;9967;15;;;9995;20;9997;19;;;9982.0;0.0
yf_ZS=F_d0;27500;INTARIAN_PEPPER_ROOT;10148;17;10146;23;;;10154;19;10157;24;;;10151.0;0.0
yf_ZS=F_d0;27600;ASH_COATED_OSMIUM;9959;15;9957;21;;;10004;16;10006;29;;;9981.5;0.0
yf_ZS=F_d0;27600;INTARIAN_PEPPER_ROOT;10146;15;10143;28;;;10152;15;10155;23;;;10149.0;0.0
yf_ZS=F_d0;27700;ASH_COATED_OSMIUM;9962;19;9958;23;;;10001;10;10004;14;;;9981.5;0.0
yf_ZS=F_d0;27700;INTARIAN_PEPPER_ROOT;10140;16;10137;28;;;10152;12;10154;27;;;10146.0;0.0
yf_ZS=F_d0;27800;ASH_COATED_OSMIUM;9977;14;9974;11;;;9987;11;9989;20;;;9982.0;0.0
yf_ZS=F_d0;27800;INTARIAN_PEPPER_ROOT;10139;15;10137;23;;;10149;7;10153;25;;;10144.0;0.0
yf_ZS=F_d0;27900;ASH_COATED_OSMIUM;9978;9;9974;23;;;9985;10;9987;18;;;9981.5;0.0
yf_ZS=F_d0;27900;INTARIAN_PEPPER_ROOT;10138;19;10136;25;;;10145;12;10149;24;;;10141.5;0.0
yf_ZS=F_d0;28000;ASH_COATED_OSMIUM;9978;14;9975;25;;;9984;16;9986;22;;;9981.0;0.0
yf_ZS=F_d0;28000;INTARIAN_PEPPER_ROOT;10136;6;10132;18;;;10142;8;10146;14;;;10139.0;0.0
yf_ZS=F_d0;28100;ASH_COATED_OSMIUM;9978;19;9976;9;;;9985;10;9989;23;;;9981.5;0.0
yf_ZS=F_d0;28100;INTARIAN_PEPPER_ROOT;10134;11;10132;17;;;10140;5;10143;16;;;10137.0;0.0
yf_ZS=F_d0;28200;ASH_COATED_OSMIUM;9975;14;9972;20;;;9989;12;9991;23;;;9982.0;0.0
yf_ZS=F_d0;28200;INTARIAN_PEPPER_ROOT;10132;15;10129;16;;;10138;15;10140;25;;;10135.0;0.0
yf_ZS=F_d0;28300;ASH_COATED_OSMIUM;9978;12;9975;20;;;9984;16;9986;20;;;9981.0;0.0
yf_ZS=F_d0;28300;INTARIAN_PEPPER_ROOT;10125;23;10122;13;;;10138;17;10142;12;;;10131.5;0.0
yf_ZS=F_d0;28400;ASH_COATED_OSMIUM;9978;21;9974;23;;;9984;20;9988;14;;;9981.0;0.0
yf_ZS=F_d0;28400;INTARIAN_PEPPER_ROOT;10127;20;10124;18;;;10133;11;10137;23;;;10130.0;0.0
yf_ZS=F_d0;28500;ASH_COATED_OSMIUM;9978;17;9975;13;;;9986;18;9990;18;;;9982.0;0.0
yf_ZS=F_d0;28500;INTARIAN_PEPPER_ROOT;10125;22;10121;28;;;10131;13;10133;22;;;10128.0;0.0
yf_ZS=F_d0;28600;ASH_COATED_OSMIUM;9978;15;9976;22;;;9984;20;9986;17;;;9981.0;0.0
yf_ZS=F_d0;28600;INTARIAN_PEPPER_ROOT;10121;15;10119;17;;;10129;16;10133;14;;;10125.0;0.0
yf_ZS=F_d0;28700;ASH_COATED_OSMIUM;9976;19;9974;19;;;9987;7;9989;20;;;9981.5;0.0
yf_ZS=F_d0;28700;INTARIAN_PEPPER_ROOT;10116;19;10114;22;;;10130;12;10134;16;;;10123.0;0.0
yf_ZS=F_d0;28800;ASH_COATED_OSMIUM;9979;13;9977;18;;;9985;9;9987;17;;;9982.0;0.0
yf_ZS=F_d0;28800;INTARIAN_PEPPER_ROOT;10118;26;10115;27;;;10124;9;10128;16;;;10121.0;0.0
yf_ZS=F_d0;28900;ASH_COATED_OSMIUM;9980;10;9978;20;;;9986;16;9990;15;;;9983.0;0.0
yf_ZS=F_d0;28900;INTARIAN_PEPPER_ROOT;10115;9;10112;21;;;10121;5;10124;23;;;10118.0;0.0
yf_ZS=F_d0;29000;ASH_COATED_OSMIUM;9979;9;9975;15;;;9985;14;9987;25;;;9982.0;0.0
yf_ZS=F_d0;29000;INTARIAN_PEPPER_ROOT;10113;10;10109;26;;;10119;10;10122;16;;;10116.0;0.0
yf_ZS=F_d0;29100;ASH_COATED_OSMIUM;9979;10;9975;21;;;9985;13;9987;20;;;9982.0;0.0
yf_ZS=F_d0;29100;INTARIAN_PEPPER_ROOT;10110;27;10108;16;;;10116;9;10118;15;;;10113.0;0.0
yf_ZS=F_d0;29200;ASH_COATED_OSMIUM;9979;14;9976;22;;;9985;8;9988;27;;;9982.0;0.0
yf_ZS=F_d0;29200;INTARIAN_PEPPER_ROOT;10108;20;10105;19;;;10114;7;10117;23;;;10111.0;0.0
yf_ZS=F_d0;29300;ASH_COATED_OSMIUM;9978;15;9974;22;;;9984;19;9988;18;;;9981.0;0.0
yf_ZS=F_d0;29300;INTARIAN_PEPPER_ROOT;10106;8;10104;22;;;10112;15;10116;27;;;10109.0;0.0
yf_ZS=F_d0;29400;ASH_COATED_OSMIUM;9979;14;9975;20;;;9985;5;9988;15;;;9982.0;0.0
yf_ZS=F_d0;29400;INTARIAN_PEPPER_ROOT;10102;5;10100;23;;;10109;26;10111;20;;;10105.5;0.0
yf_ZS=F_d0;29500;ASH_COATED_OSMIUM;9975;19;9973;13;;;9987;16;9990;22;;;9981.0;0.0
yf_ZS=F_d0;29500;INTARIAN_PEPPER_ROOT;10101;20;10099;21;;;10107;22;10111;27;;;10104.0;0.0
yf_ZS=F_d0;29600;ASH_COATED_OSMIUM;9979;21;9976;16;;;9985;16;9988;23;;;9982.0;0.0
yf_ZS=F_d0;29600;INTARIAN_PEPPER_ROOT;10098;15;10094;24;;;10104;18;10108;27;;;10101.0;0.0
yf_ZS=F_d0;29700;ASH_COATED_OSMIUM;9978;16;9974;19;;;9984;9;9986;16;;;9981.0;0.0
yf_ZS=F_d0;29700;INTARIAN_PEPPER_ROOT;10091;17;10089;20;;;10108;14;10110;21;;;10099.5;0.0
yf_ZS=F_d0;29800;ASH_COATED_OSMIUM;9974;9;9972;13;;;9991;16;9994;21;;;9982.5;0.0
yf_ZS=F_d0;29800;INTARIAN_PEPPER_ROOT;10094;15;10092;16;;;10100;13;10102;23;;;10097.0;0.0
yf_ZS=F_d0;29900;ASH_COATED_OSMIUM;9976;15;9972;11;;;9988;10;9991;19;;;9982.0;0.0
yf_ZS=F_d0;29900;INTARIAN_PEPPER_ROOT;10087;9;10083;13;;;10100;21;10102;16;;;10093.5;0.0
yf_ZS=F_d0;30000;ASH_COATED_OSMIUM;9979;17;9975;16;;;9985;19;9987;24;;;9982.0;0.0
yf_ZS=F_d0;30000;INTARIAN_PEPPER_ROOT;10089;18;10086;20;;;10095;11;10099;23;;;10092.0;0.0
yf_ZS=F_d0;30100;ASH_COATED_OSMIUM;9978;21;9976;25;;;9986;16;9988;20;;;9982.0;0.0
yf_ZS=F_d0;30100;INTARIAN_PEPPER_ROOT;10082;15;10079;20;;;10097;13;10100;25;;;10089.5;0.0
yf_ZS=F_d0;30200;ASH_COATED_OSMIUM;9979;14;9975;17;;;9985;20;9987;24;;;9982.0;0.0
yf_ZS=F_d0;30200;INTARIAN_PEPPER_ROOT;10084;21;10082;21;;;10090;22;10093;19;;;10087.0;0.0
yf_ZS=F_d0;30300;ASH_COATED_OSMIUM;9976;17;9974;25;;;9989;14;9993;17;;;9982.5;0.0
yf_ZS=F_d0;30300;INTARIAN_PEPPER_ROOT;10079;11;10075;16;;;10089;17;10091;19;;;10084.0;0.0
yf_ZS=F_d0;30400;ASH_COATED_OSMIUM;9973;11;9969;23;;;9989;10;9991;22;;;9981.0;0.0
yf_ZS=F_d0;30400;INTARIAN_PEPPER_ROOT;10072;11;10070;12;;;10092;16;10094;16;;;10082.0;0.0
yf_ZS=F_d0;30500;ASH_COATED_OSMIUM;9978;13;9976;23;;;9984;13;9987;25;;;9981.0;0.0
yf_ZS=F_d0;30500;INTARIAN_PEPPER_ROOT;10077;16;10074;27;;;10083;8;10087;20;;;10080.0;0.0
yf_ZS=F_d0;30600;ASH_COATED_OSMIUM;9979;17;9975;24;;;9985;13;9988;24;;;9982.0;0.0
yf_ZS=F_d0;30600;INTARIAN_PEPPER_ROOT;10067;7;10064;20;;;10089;7;10091;24;;;10078.0;0.0
yf_ZS=F_d0;30700;ASH_COATED_OSMIUM;9973;28;9969;18;;;9990;12;9992;19;;;9981.5;0.0
yf_ZS=F_d0;30700;INTARIAN_PEPPER_ROOT;10058;15;10056;19;;;10092;12;10095;16;;;10075.0;0.0
yf_ZS=F_d0;30800;ASH_COATED_OSMIUM;9977;22;9975;18;;;9986;13;9988;26;;;9981.5;0.0
yf_ZS=F_d0;30800;INTARIAN_PEPPER_ROOT;10068;23;10064;19;;;10077;20;10080;20;;;10072.5;0.0
yf_ZS=F_d0;30900;ASH_COATED_OSMIUM;9975;23;9972;16;;;9988;16;9991;20;;;9981.5;0.0
yf_ZS=F_d0;30900;INTARIAN_PEPPER_ROOT;10068;12;10065;16;;;10074;26;10077;19;;;10071.0;0.0
yf_ZS=F_d0;31000;ASH_COATED_OSMIUM;9974;19;9972;16;;;9991;12;9995;14;;;9982.5;0.0
yf_ZS=F_d0;31000;INTARIAN_PEPPER_ROOT;10063;10;10061;14;;;10072;18;10075;8;;;10067.5;0.0
yf_ZS=F_d0;31100;ASH_COATED_OSMIUM;9977;16;9973;26;;;9986;15;9989;17;;;9981.5;0.0
yf_ZS=F_d0;31100;INTARIAN_PEPPER_ROOT;10062;24;10059;23;;;10068;18;10071;23;;;10065.0;0.0
yf_ZS=F_d0;31200;ASH_COATED_OSMIUM;9980;15;9976;21;;;9986;17;9988;25;;;9983.0;0.0
yf_ZS=F_d0;31200;INTARIAN_PEPPER_ROOT;10060;20;10057;21;;;10066;14;10069;18;;;10063.0;0.0
yf_ZS=F_d0;31300;ASH_COATED_OSMIUM;9979;21;9975;25;;;9985;14;9987;29;;;9982.0;0.0
yf_ZS=F_d0;31300;INTARIAN_PEPPER_ROOT;10042;19;10039;18;;;10081;20;10085;18;;;10061.5;0.0
yf_ZS=F_d0;31400;ASH_COATED_OSMIUM;9974;18;9971;16;;;9991;5;9994;24;;;9982.5;0.0
yf_ZS=F_d0;31400;INTARIAN_PEPPER_ROOT;10049;19;10046;20;;;10068;20;10071;18;;;10058.5;0.0
yf_ZS=F_d0;31500;ASH_COATED_OSMIUM;9978;18;9974;22;;;9985;25;9987;15;;;9981.5;0.0
yf_ZS=F_d0;31500;INTARIAN_PEPPER_ROOT;10053;14;10050;23;;;10059;21;10062;19;;;10056.0;0.0
yf_ZS=F_d0;31600;ASH_COATED_OSMIUM;9978;8;9976;19;;;9986;18;9988;18;;;9982.0;0.0
yf_ZS=F_d0;31600;INTARIAN_PEPPER_ROOT;10050;5;10046;26;;;10057;18;10060;28;;;10053.5;0.0
yf_ZS=F_d0;31700;ASH_COATED_OSMIUM;9969;15;9967;19;;;9995;7;9997;15;;;9982.0;0.0
yf_ZS=F_d0;31700;INTARIAN_PEPPER_ROOT;10048;14;10046;14;;;10054;10;10058;20;;;10051.0;0.0
yf_ZS=F_d0;31800;ASH_COATED_OSMIUM;9971;18;9968;17;;;9993;11;9995;12;;;9982.0;0.0
yf_ZS=F_d0;31800;INTARIAN_PEPPER_ROOT;10046;25;10043;27;;;10052;14;10056;27;;;10049.0;0.0
yf_ZS=F_d0;31900;ASH_COATED_OSMIUM;9974;14;9970;21;;;9990;15;9994;9;;;9982.0;0.0
yf_ZS=F_d0;31900;INTARIAN_PEPPER_ROOT;10044;6;10040;12;;;10050;24;10053;23;;;10047.0;0.0
yf_ZS=F_d0;32000;ASH_COATED_OSMIUM;9975;19;9971;22;;;9990;23;9994;11;;;9982.5;0.0
yf_ZS=F_d0;32000;INTARIAN_PEPPER_ROOT;10038;8;10036;19;;;10051;18;10055;22;;;10044.5;0.0
yf_ZS=F_d0;32100;ASH_COATED_OSMIUM;9978;19;9976;19;;;9986;10;9989;14;;;9982.0;0.0
yf_ZS=F_d0;32100;INTARIAN_PEPPER_ROOT;10039;14;10036;27;;;10045;16;10047;23;;;10042.0;0.0
yf_ZS=F_d0;32200;ASH_COATED_OSMIUM;9979;11;9976;19;;;9985;6;9988;28;;;9982.0;0.0
yf_ZS=F_d0;32200;INTARIAN_PEPPER_ROOT;10037;9;10035;28;;;10043;23;10045;21;;;10040.0;0.0
yf_ZS=F_d0;32300;ASH_COATED_OSMIUM;9978;20;9974;21;;;9985;14;9988;22;;;9981.5;0.0
yf_ZS=F_d0;32300;INTARIAN_PEPPER_ROOT;10034;9;10030;25;;;10040;14;10044;19;;;10037.0;0.0
yf_ZS=F_d0;32400;ASH_COATED_OSMIUM;9979;16;9975;25;;;9985;18;9989;24;;;9982.0;0.0
yf_ZS=F_d0;32400;INTARIAN_PEPPER_ROOT;10029;10;10026;25;;;10040;15;10044;26;;;10034.5;0.0
yf_ZS=F_d0;32500;ASH_COATED_OSMIUM;9971;14;9968;21;;;9992;5;9995;16;;;9981.5;0.0
yf_ZS=F_d0;32500;INTARIAN_PEPPER_ROOT;10029;10;10026;28;;;10035;10;10038;24;;;10032.0;0.0
yf_ZS=F_d0;32600;ASH_COATED_OSMIUM;9978;20;9974;21;;;9986;16;9990;19;;;9982.0;0.0
yf_ZS=F_d0;32600;INTARIAN_PEPPER_ROOT;10027;19;10023;23;;;10033;16;10035;18;;;10030.0;0.0
yf_ZS=F_d0;32700;ASH_COATED_OSMIUM;9979;12;9977;23;;;9985;14;9989;22;;;9982.0;0.0
yf_ZS=F_d0;32700;INTARIAN_PEPPER_ROOT;10024;15;10022;21;;;10032;21;10035;23;;;10028.0;0.0
yf_ZS=F_d0;32800;ASH_COATED_OSMIUM;9979;9;9976;18;;;9985;17;9988;16;;;9982.0;0.0
yf_ZS=F_d0;32800;INTARIAN_PEPPER_ROOT;10019;15;10016;16;;;10032;13;10035;23;;;10025.5;0.0
yf_ZS=F_d0;32900;ASH_COATED_OSMIUM;9980;17;9976;15;;;9986;15;9988;22;;;9983.0;0.0
yf_ZS=F_d0;32900;INTARIAN_PEPPER_ROOT;10020;7;10018;19;;;10026;10;10030;24;;;10023.0;0.0
yf_ZS=F_d0;33000;ASH_COATED_OSMIUM;9979;9;9976;20;;;9986;10;9990;16;;;9982.5;0.0
yf_ZS=F_d0;33000;INTARIAN_PEPPER_ROOT;10017;15;10014;30;;;10023;23;10026;23;;;10020.0;0.0
yf_ZS=F_d0;33100;ASH_COATED_OSMIUM;9974;21;9972;24;;;9992;18;9996;14;;;9983.0;0.0
yf_ZS=F_d0;33100;INTARIAN_PEPPER_ROOT;10016;10;10013;20;;;10022;12;10024;17;;;10019.0;0.0
yf_ZS=F_d0;33200;ASH_COATED_OSMIUM;9979;18;9977;22;;;9985;13;9987;17;;;9982.0;0.0
yf_ZS=F_d0;33200;INTARIAN_PEPPER_ROOT;10012;25;10009;22;;;10018;14;10021;26;;;10015.0;0.0
yf_ZS=F_d0;33300;ASH_COATED_OSMIUM;9979;14;9975;26;;;9985;23;9988;23;;;9982.0;0.0
yf_ZS=F_d0;33300;INTARIAN_PEPPER_ROOT;10007;18;10003;11;;;10020;10;10024;18;;;10013.5;0.0
yf_ZS=F_d0;33400;ASH_COATED_OSMIUM;9970;9;9966;20;;;9995;18;9998;11;;;9982.5;0.0
yf_ZS=F_d0;33400;INTARIAN_PEPPER_ROOT;10008;13;10004;19;;;10014;20;10016;17;;;10011.0;0.0
yf_ZS=F_d0;33500;ASH_COATED_OSMIUM;9968;10;9966;23;;;9996;21;10000;20;;;9982.0;0.0
yf_ZS=F_d0;33500;INTARIAN_PEPPER_ROOT;10005;24;10003;17;;;10012;11;10016;26;;;10008.5;0.0
yf_ZS=F_d0;33600;ASH_COATED_OSMIUM;9963;5;9959;28;;;10001;5;10003;17;;;9982.0;0.0
yf_ZS=F_d0;33600;INTARIAN_PEPPER_ROOT;9998;28;9994;22;;;10016;10;10020;29;;;10007.0;0.0
yf_ZS=F_d0;33700;ASH_COATED_OSMIUM;9979;22;9976;13;;;9987;10;9989;22;;;9983.0;0.0
yf_ZS=F_d0;33700;INTARIAN_PEPPER_ROOT;9999;6;9995;24;;;10010;23;10014;19;;;10004.5;0.0
yf_ZS=F_d0;33800;ASH_COATED_OSMIUM;9979;20;9976;32;;;9985;15;9987;23;;;9982.0;0.0
yf_ZS=F_d0;33800;INTARIAN_PEPPER_ROOT;9998;14;9994;26;;;10006;21;10010;17;;;10002.0;0.0
yf_ZS=F_d0;33900;ASH_COATED_OSMIUM;9972;14;9969;28;;;9994;19;9998;17;;;9983.0;0.0
yf_ZS=F_d0;33900;INTARIAN_PEPPER_ROOT;9996;14;9994;17;;;10002;16;10004;18;;;9999.0;0.0
yf_ZS=F_d0;34000;ASH_COATED_OSMIUM;9979;17;9975;18;;;9985;10;9988;21;;;9982.0;0.0
yf_ZS=F_d0;34000;INTARIAN_PEPPER_ROOT;9999;17;9995;8;;;10005;26;10008;14;;;10002.0;0.0
yf_ZS=F_d0;34100;ASH_COATED_OSMIUM;9979;11;9977;16;;;9985;21;9987;14;;;9982.0;0.0
yf_ZS=F_d0;34100;INTARIAN_PEPPER_ROOT;9985;18;9982;8;;;10024;13;10026;29;;;10004.5;0.0
yf_ZS=F_d0;34200;ASH_COATED_OSMIUM;9980;18;9977;17;;;9986;19;9988;12;;;9983.0;0.0
yf_ZS=F_d0;34200;INTARIAN_PEPPER_ROOT;10004;21;10002;22;;;10010;15;10014;21;;;10007.0;0.0
yf_ZS=F_d0;34300;ASH_COATED_OSMIUM;9980;19;9976;21;;;9986;16;9989;22;;;9983.0;0.0
yf_ZS=F_d0;34300;INTARIAN_PEPPER_ROOT;10007;12;10003;22;;;10013;10;10016;16;;;10010.0;0.0
yf_ZS=F_d0;34400;ASH_COATED_OSMIUM;9980;13;9976;8;;;9986;17;9989;27;;;9983.0;0.0
yf_ZS=F_d0;34400;INTARIAN_PEPPER_ROOT;9991;17;9988;20;;;10035;12;10039;14;;;10013.0;0.0
yf_ZS=F_d0;34500;ASH_COATED_OSMIUM;9979;23;9976;25;;;9985;7;9988;18;;;9982.0;0.0
yf_ZS=F_d0;34500;INTARIAN_PEPPER_ROOT;10012;14;10008;12;;;10018;19;10022;26;;;10015.0;0.0
yf_ZS=F_d0;34600;ASH_COATED_OSMIUM;9979;7;9977;24;;;9986;10;9990;13;;;9982.5;0.0
yf_ZS=F_d0;34600;INTARIAN_PEPPER_ROOT;10014;24;10010;26;;;10020;16;10023;19;;;10017.0;0.0
yf_ZS=F_d0;34700;ASH_COATED_OSMIUM;9978;13;9976;17;;;9987;12;9990;22;;;9982.5;0.0
yf_ZS=F_d0;34700;INTARIAN_PEPPER_ROOT;10016;10;10012;20;;;10022;21;10026;27;;;10019.0;0.0
yf_ZS=F_d0;34800;ASH_COATED_OSMIUM;9979;16;9975;20;;;9985;20;9989;16;;;9982.0;0.0
yf_ZS=F_d0;34800;INTARIAN_PEPPER_ROOT;10013;14;10010;22;;;10030;13;10034;27;;;10021.5;0.0
yf_ZS=F_d0;34900;ASH_COATED_OSMIUM;9979;19;9977;23;;;9985;11;9988;18;;;9982.0;0.0
yf_ZS=F_d0;34900;INTARIAN_PEPPER_ROOT;10022;17;10018;21;;;10028;10;10032;24;;;10025.0;0.0
yf_ZS=F_d0;35000;ASH_COATED_OSMIUM;9979;16;9976;19;;;9985;9;9987;24;;;9982.0;0.0
yf_ZS=F_d0;35000;INTARIAN_PEPPER_ROOT;10024;21;10021;20;;;10031;23;10034;19;;;10027.5;0.0
yf_ZS=F_d0;35100;ASH_COATED_OSMIUM;9979;12;9975;16;;;9987;11;9990;20;;;9983.0;0.0
yf_ZS=F_d0;35100;INTARIAN_PEPPER_ROOT;10027;9;10024;21;;;10033;14;10035;19;;;10030.0;0.0
yf_ZS=F_d0;35200;ASH_COATED_OSMIUM;9978;12;9975;24;;;9987;15;9990;8;;;9982.5;0.0
yf_ZS=F_d0;35200;INTARIAN_PEPPER_ROOT;10020;18;10016;24;;;10045;20;10049;20;;;10032.5;0.0
yf_ZS=F_d0;35300;ASH_COATED_OSMIUM;9979;26;9977;25;;;9985;8;9988;17;;;9982.0;0.0
yf_ZS=F_d0;35300;INTARIAN_PEPPER_ROOT;10032;16;10029;15;;;10039;13;10042;15;;;10035.5;0.0
yf_ZS=F_d0;35400;ASH_COATED_OSMIUM;9972;10;9968;15;;;9992;18;9996;18;;;9982.0;0.0
yf_ZS=F_d0;35400;INTARIAN_PEPPER_ROOT;10035;14;10032;20;;;10041;18;10044;21;;;10038.0;0.0
yf_ZS=F_d0;35500;ASH_COATED_OSMIUM;9979;10;9976;17;;;9985;24;9987;15;;;9982.0;0.0
yf_ZS=F_d0;35500;INTARIAN_PEPPER_ROOT;10037;10;10034;21;;;10043;19;10047;23;;;10040.0;0.0
yf_ZS=F_d0;35600;ASH_COATED_OSMIUM;9975;16;9971;15;;;9989;20;9993;19;;;9982.0;0.0
yf_ZS=F_d0;35600;INTARIAN_PEPPER_ROOT;10040;10;10036;24;;;10046;12;10050;19;;;10043.0;0.0
yf_ZS=F_d0;35700;ASH_COATED_OSMIUM;9979;8;9975;20;;;9985;13;9989;14;;;9982.0;0.0
yf_ZS=F_d0;35700;INTARIAN_PEPPER_ROOT;10042;5;10038;17;;;10048;10;10051;24;;;10045.0;0.0
yf_ZS=F_d0;35800;ASH_COATED_OSMIUM;9979;13;9975;24;;;9985;20;9989;8;;;9982.0;0.0
yf_ZS=F_d0;35800;INTARIAN_PEPPER_ROOT;10043;17;10041;27;;;10052;14;10055;14;;;10047.5;0.0
yf_ZS=F_d0;35900;ASH_COATED_OSMIUM;9979;17;9975;20;;;9985;9;9989;19;;;9982.0;0.0
yf_ZS=F_d0;35900;INTARIAN_PEPPER_ROOT;10047;16;10045;23;;;10053;8;10055;20;;;10050.0;0.0
yf_ZS=F_d0;36000;ASH_COATED_OSMIUM;9976;13;9974;15;;;9987;20;9990;27;;;9981.5;0.0
yf_ZS=F_d0;36000;INTARIAN_PEPPER_ROOT;10044;19;10041;24;;;10061;5;10064;27;;;10052.5;0.0
yf_ZS=F_d0;36100;ASH_COATED_OSMIUM;9979;25;9977;22;;;9985;27;9988;18;;;9982.0;0.0
yf_ZS=F_d0;36100;INTARIAN_PEPPER_ROOT;10050;25;10046;19;;;10059;15;10063;14;;;10054.5;0.0
yf_ZS=F_d0;36200;ASH_COATED_OSMIUM;9979;17;9977;20;;;9985;16;9989;22;;;9982.0;0.0
yf_ZS=F_d0;36200;INTARIAN_PEPPER_ROOT;10054;17;10050;19;;;10060;15;10063;27;;;10057.0;0.0
yf_ZS=F_d0;36300;ASH_COATED_OSMIUM;9979;23;9975;19;;;9985;8;9988;14;;;9982.0;0.0
yf_ZS=F_d0;36300;INTARIAN_PEPPER_ROOT;10057;15;10054;25;;;10063;5;10066;25;;;10060.0;0.0
yf_ZS=F_d0;36400;ASH_COATED_OSMIUM;9973;13;9970;27;;;9993;18;9996;23;;;9983.0;0.0
yf_ZS=F_d0;36400;INTARIAN_PEPPER_ROOT;10059;16;10057;8;;;10067;22;10070;22;;;10063.0;0.0
yf_ZS=F_d0;36500;ASH_COATED_OSMIUM;9979;17;9975;21;;;9985;14;9987;27;;;9982.0;0.0
yf_ZS=F_d0;36500;INTARIAN_PEPPER_ROOT;10062;20;10058;23;;;10068;20;10070;21;;;10065.0;0.0
yf_ZS=F_d0;36600;ASH_COATED_OSMIUM;9979;11;9976;24;;;9985;16;9988;17;;;9982.0;0.0
yf_ZS=F_d0;36600;INTARIAN_PEPPER_ROOT;10065;17;10063;24;;;10071;10;10074;26;;;10068.0;0.0
yf_ZS=F_d0;36700;ASH_COATED_OSMIUM;9976;18;9972;14;;;9989;20;9992;27;;;9982.5;0.0
yf_ZS=F_d0;36700;INTARIAN_PEPPER_ROOT;10067;16;10063;21;;;10073;26;10075;8;;;10070.0;0.0
yf_ZS=F_d0;36800;ASH_COATED_OSMIUM;9979;5;9975;8;;;9985;8;9988;26;;;9982.0;0.0
yf_ZS=F_d0;36800;INTARIAN_PEPPER_ROOT;10070;18;10066;13;;;10076;15;10080;15;;;10073.0;0.0
yf_ZS=F_d0;36900;ASH_COATED_OSMIUM;9978;11;9976;15;;;9986;11;9989;27;;;9982.0;0.0
yf_ZS=F_d0;36900;INTARIAN_PEPPER_ROOT;10069;14;10065;14;;;10082;14;10084;31;;;10075.5;0.0
yf_ZS=F_d0;37000;ASH_COATED_OSMIUM;9980;14;9978;22;;;9986;6;9990;29;;;9983.0;0.0
yf_ZS=F_d0;37000;INTARIAN_PEPPER_ROOT;10074;14;10071;23;;;10083;14;10085;14;;;10078.5;0.0
yf_ZS=F_d0;37100;ASH_COATED_OSMIUM;9970;26;9967;27;;;9994;13;9996;20;;;9982.0;0.0
yf_ZS=F_d0;37100;INTARIAN_PEPPER_ROOT;10077;16;10074;23;;;10083;12;10086;24;;;10080.0;0.0
yf_ZS=F_d0;37200;ASH_COATED_OSMIUM;9975;15;9972;14;;;9989;26;9991;29;;;9982.0;0.0
yf_ZS=F_d0;37200;INTARIAN_PEPPER_ROOT;10080;22;10076;17;;;10086;13;10088;20;;;10083.0;0.0
yf_ZS=F_d0;37300;ASH_COATED_OSMIUM;9979;17;9975;32;;;9985;10;9989;16;;;9982.0;0.0
yf_ZS=F_d0;37300;INTARIAN_PEPPER_ROOT;10073;14;10069;29;;;10098;13;10100;18;;;10085.5;0.0
yf_ZS=F_d0;37400;ASH_COATED_OSMIUM;9979;29;9977;15;;;9985;5;9988;21;;;9982.0;0.0
yf_ZS=F_d0;37400;INTARIAN_PEPPER_ROOT;10085;16;10081;22;;;10091;15;10093;29;;;10088.0;0.0
yf_ZS=F_d0;37500;ASH_COATED_OSMIUM;9978;24;9975;24;;;9986;9;9989;15;;;9982.0;0.0
yf_ZS=F_d0;37500;INTARIAN_PEPPER_ROOT;10084;5;10081;15;;;10097;15;10101;18;;;10090.5;0.0
yf_ZS=F_d0;37600;ASH_COATED_OSMIUM;9978;12;9974;19;;;9987;9;9990;18;;;9982.5;0.0
yf_ZS=F_d0;37600;INTARIAN_PEPPER_ROOT;10090;24;10088;16;;;10096;12;10100;9;;;10093.0;0.0
yf_ZS=F_d0;37700;ASH_COATED_OSMIUM;9979;13;9976;23;;;9985;16;9987;25;;;9982.0;0.0
yf_ZS=F_d0;37700;INTARIAN_PEPPER_ROOT;10093;16;10091;20;;;10099;18;10102;22;;;10096.0;0.0
yf_ZS=F_d0;37800;ASH_COATED_OSMIUM;9979;10;9976;23;;;9985;12;9989;26;;;9982.0;0.0
yf_ZS=F_d0;37800;INTARIAN_PEPPER_ROOT;10096;11;10093;20;;;10102;18;10105;14;;;10099.0;0.0
yf_ZS=F_d0;37900;ASH_COATED_OSMIUM;9979;17;9977;22;;;9985;20;9987;24;;;9982.0;0.0
yf_ZS=F_d0;37900;INTARIAN_PEPPER_ROOT;10078;19;10076;16;;;10124;19;10128;18;;;10101.0;0.0
yf_ZS=F_d0;38000;ASH_COATED_OSMIUM;9979;17;9976;17;;;9985;11;9987;21;;;9982.0;0.0
yf_ZS=F_d0;38000;INTARIAN_PEPPER_ROOT;10100;5;10097;23;;;10106;16;10108;25;;;10103.0;0.0
yf_ZS=F_d0;38100;ASH_COATED_OSMIUM;9979;20;9975;17;;;9986;11;9989;22;;;9982.5;0.0
yf_ZS=F_d0;38100;INTARIAN_PEPPER_ROOT;10103;18;10101;21;;;10109;10;10111;26;;;10106.0;0.0
yf_ZS=F_d0;38200;ASH_COATED_OSMIUM;9979;22;9975;21;;;9985;14;9989;15;;;9982.0;0.0
yf_ZS=F_d0;38200;INTARIAN_PEPPER_ROOT;10102;15;10098;17;;;10114;14;10118;22;;;10108.0;0.0
yf_ZS=F_d0;38300;ASH_COATED_OSMIUM;9979;14;9977;15;;;9985;16;9987;17;;;9982.0;0.0
yf_ZS=F_d0;38300;INTARIAN_PEPPER_ROOT;10108;17;10105;17;;;10114;17;10117;20;;;10111.0;0.0
yf_ZS=F_d0;38400;ASH_COATED_OSMIUM;9979;9;9975;29;;;9985;14;9989;11;;;9982.0;0.0
yf_ZS=F_d0;38400;INTARIAN_PEPPER_ROOT;10110;15;10108;22;;;10117;15;10119;14;;;10113.5;0.0
yf_ZS=F_d0;38500;ASH_COATED_OSMIUM;9979;13;9975;20;;;9985;10;9988;27;;;9982.0;0.0
yf_ZS=F_d0;38500;INTARIAN_PEPPER_ROOT;10111;15;10109;20;;;10121;19;10123;19;;;10116.0;0.0
yf_ZS=F_d0;38600;ASH_COATED_OSMIUM;9979;20;9976;20;;;9985;11;9987;15;;;9982.0;0.0
yf_ZS=F_d0;38600;INTARIAN_PEPPER_ROOT;10115;19;10111;20;;;10121;14;10123;19;;;10118.0;0.0
yf_ZS=F_d0;38700;ASH_COATED_OSMIUM;9979;15;9977;15;;;9985;25;9989;21;;;9982.0;0.0
yf_ZS=F_d0;38700;INTARIAN_PEPPER_ROOT;10113;10;10110;14;;;10128;15;10131;18;;;10120.5;0.0
yf_ZS=F_d0;38800;ASH_COATED_OSMIUM;9979;16;9977;20;;;9985;23;9988;23;;;9982.0;0.0
yf_ZS=F_d0;38800;INTARIAN_PEPPER_ROOT;10121;12;10117;29;;;10127;15;10130;27;;;10124.0;0.0
yf_ZS=F_d0;38900;ASH_COATED_OSMIUM;9979;19;9975;23;;;9985;13;9988;23;;;9982.0;0.0
yf_ZS=F_d0;38900;INTARIAN_PEPPER_ROOT;10123;12;10119;25;;;10129;21;10132;14;;;10126.0;0.0
yf_ZS=F_d0;39000;ASH_COATED_OSMIUM;9979;15;9977;18;;;9985;14;9989;21;;;9982.0;0.0
yf_ZS=F_d0;39000;INTARIAN_PEPPER_ROOT;10125;21;10123;14;;;10131;17;10135;18;;;10128.0;0.0
yf_ZS=F_d0;39100;ASH_COATED_OSMIUM;9979;13;9975;27;;;9985;9;9988;25;;;9982.0;0.0
yf_ZS=F_d0;39100;INTARIAN_PEPPER_ROOT;10128;12;10124;26;;;10134;17;10138;17;;;10131.0;0.0
yf_ZS=F_d0;39200;ASH_COATED_OSMIUM;9979;12;9977;29;;;9985;16;9989;27;;;9982.0;0.0
yf_ZS=F_d0;39200;INTARIAN_PEPPER_ROOT;10130;7;10128;21;;;10136;9;10139;23;;;10133.0;0.0
yf_ZS=F_d0;39300;ASH_COATED_OSMIUM;9975;19;9973;19;;;9988;19;9992;8;;;9981.5;0.0
yf_ZS=F_d0;39300;INTARIAN_PEPPER_ROOT;10131;12;10127;14;;;10142;15;10144;22;;;10136.5;0.0
yf_ZS=F_d0;39400;ASH_COATED_OSMIUM;9976;14;9973;29;;;9987;21;9990;26;;;9981.5;0.0
yf_ZS=F_d0;39400;INTARIAN_PEPPER_ROOT;10136;12;10134;13;;;10142;13;10144;22;;;10139.0;0.0
yf_ZS=F_d0;39500;ASH_COATED_OSMIUM;9978;10;9974;17;;;9984;10;9988;28;;;9981.0;0.0
yf_ZS=F_d0;39500;INTARIAN_PEPPER_ROOT;10138;17;10134;12;;;10144;14;10147;21;;;10141.0;0.0
yf_ZS=F_d0;39600;ASH_COATED_OSMIUM;9979;11;9976;20;;;9985;8;9987;28;;;9982.0;0.0
yf_ZS=F_d0;39600;INTARIAN_PEPPER_ROOT;10141;13;10137;25;;;10147;13;10150;22;;;10144.0;0.0
yf_ZS=F_d0;39700;ASH_COATED_OSMIUM;9979;6;9976;24;;;9985;15;9987;16;;;9982.0;0.0
yf_ZS=F_d0;39700;INTARIAN_PEPPER_ROOT;10137;16;10135;21;;;10154;18;10157;28;;;10145.5;0.0
yf_ZS=F_d0;39800;ASH_COATED_OSMIUM;9978;8;9976;25;;;9984;13;9987;20;;;9981.0;0.0
yf_ZS=F_d0;39800;INTARIAN_PEPPER_ROOT;10143;10;10141;27;;;10154;17;10158;19;;;10148.5;0.0
yf_ZS=F_d0;39900;ASH_COATED_OSMIUM;9977;5;9974;21;;;9986;15;9989;18;;;9981.5;0.0
yf_ZS=F_d0;39900;INTARIAN_PEPPER_ROOT;10146;12;10143;25;;;10156;10;10158;17;;;10151.0;0.0
yf_ZS=F_d0;40000;ASH_COATED_OSMIUM;9978;15;9974;13;;;9984;21;9987;15;;;9981.0;0.0
yf_ZS=F_d0;40000;INTARIAN_PEPPER_ROOT;10146;18;10142;25;;;10160;11;10163;19;;;10153.0;0.0
yf_ZS=F_d0;40100;ASH_COATED_OSMIUM;9979;11;9975;20;;;9985;15;9987;30;;;9982.0;0.0
yf_ZS=F_d0;40100;INTARIAN_PEPPER_ROOT;10141;8;10138;18;;;10171;18;10174;14;;;10156.0;0.0
yf_ZS=F_d0;40200;ASH_COATED_OSMIUM;9979;17;9977;23;;;9985;13;9988;19;;;9982.0;0.0
yf_ZS=F_d0;40200;INTARIAN_PEPPER_ROOT;10145;22;10143;27;;;10173;20;10176;25;;;10159.0;0.0
yf_ZS=F_d0;40300;ASH_COATED_OSMIUM;9978;16;9975;17;;;9985;19;9989;13;;;9981.5;0.0
yf_ZS=F_d0;40300;INTARIAN_PEPPER_ROOT;10158;14;10155;21;;;10165;10;10167;26;;;10161.5;0.0
yf_ZS=F_d0;40400;ASH_COATED_OSMIUM;9978;12;9975;25;;;9987;27;9989;12;;;9982.5;0.0
yf_ZS=F_d0;40400;INTARIAN_PEPPER_ROOT;10161;9;10157;19;;;10167;7;10169;28;;;10164.0;0.0
yf_ZS=F_d0;40500;ASH_COATED_OSMIUM;9978;15;9975;16;;;9985;25;9988;21;;;9981.5;0.0
yf_ZS=F_d0;40500;INTARIAN_PEPPER_ROOT;10163;15;10160;28;;;10169;17;10171;22;;;10166.0;0.0
yf_ZS=F_d0;40600;ASH_COATED_OSMIUM;9979;10;9977;24;;;9985;14;9988;18;;;9982.0;0.0
yf_ZS=F_d0;40600;INTARIAN_PEPPER_ROOT;10166;13;10162;19;;;10172;12;10175;24;;;10169.0;0.0
yf_ZS=F_d0;40700;ASH_COATED_OSMIUM;9979;13;9975;23;;;9985;13;9989;20;;;9982.0;0.0
yf_ZS=F_d0;40700;INTARIAN_PEPPER_ROOT;10168;15;10164;17;;;10174;5;10176;19;;;10171.0;0.0
yf_ZS=F_d0;40800;ASH_COATED_OSMIUM;9976;18;9972;21;;;9986;11;9989;14;;;9981.0;0.0
yf_ZS=F_d0;40800;INTARIAN_PEPPER_ROOT;10167;11;10165;15;;;10181;14;10185;23;;;10174.0;0.0
yf_ZS=F_d0;40900;ASH_COATED_OSMIUM;9977;13;9973;17;;;9986;7;9990;20;;;9981.5;0.0
yf_ZS=F_d0;40900;INTARIAN_PEPPER_ROOT;10172;12;10168;24;;;10180;16;10183;19;;;10176.0;0.0
yf_ZS=F_d0;41000;ASH_COATED_OSMIUM;9977;10;9975;15;;;9987;17;9991;20;;;9982.0;0.0
yf_ZS=F_d0;41000;INTARIAN_PEPPER_ROOT;10166;17;10162;19;;;10193;22;10196;18;;;10179.5;0.0
yf_ZS=F_d0;41100;ASH_COATED_OSMIUM;9979;16;9976;13;;;9985;20;9989;8;;;9982.0;0.0
yf_ZS=F_d0;41100;INTARIAN_PEPPER_ROOT;10179;10;10177;17;;;10185;14;10188;22;;;10182.0;0.0
yf_ZS=F_d0;41200;ASH_COATED_OSMIUM;9971;9;9968;17;;;9992;24;9995;18;;;9981.5;0.0
yf_ZS=F_d0;41200;INTARIAN_PEPPER_ROOT;10181;12;10177;19;;;10187;16;10189;22;;;10184.0;0.0
yf_ZS=F_d0;41300;ASH_COATED_OSMIUM;9975;13;9972;21;;;9989;18;9993;19;;;9982.0;0.0
yf_ZS=F_d0;41300;INTARIAN_PEPPER_ROOT;10182;8;10179;30;;;10190;7;10192;23;;;10186.0;0.0
yf_ZS=F_d0;41400;ASH_COATED_OSMIUM;9978;12;9975;20;;;9984;16;9986;22;;;9981.0;0.0
yf_ZS=F_d0;41400;INTARIAN_PEPPER_ROOT;10186;17;10183;23;;;10192;11;10196;15;;;10189.0;0.0
yf_ZS=F_d0;41500;ASH_COATED_OSMIUM;9979;9;9977;21;;;9985;7;9988;25;;;9982.0;0.0
yf_ZS=F_d0;41500;INTARIAN_PEPPER_ROOT;10189;6;10185;20;;;10195;8;10198;28;;;10192.0;0.0
yf_ZS=F_d0;41600;ASH_COATED_OSMIUM;9978;13;9976;24;;;9984;5;9988;18;;;9981.0;0.0
yf_ZS=F_d0;41600;INTARIAN_PEPPER_ROOT;10190;21;10186;24;;;10198;7;10202;16;;;10194.0;0.0
yf_ZS=F_d0;41700;ASH_COATED_OSMIUM;9975;13;9973;24;;;9986;9;9988;24;;;9980.5;0.0
yf_ZS=F_d0;41700;INTARIAN_PEPPER_ROOT;10194;22;10192;22;;;10200;9;10203;14;;;10197.0;0.0
yf_ZS=F_d0;41800;ASH_COATED_OSMIUM;9978;12;9976;29;;;9984;16;9986;24;;;9981.0;0.0
yf_ZS=F_d0;41800;INTARIAN_PEPPER_ROOT;10193;14;10191;16;;;10206;18;10208;21;;;10199.5;0.0
yf_ZS=F_d0;41900;ASH_COATED_OSMIUM;9966;5;9964;12;;;9996;18;9999;14;;;9981.0;0.0
yf_ZS=F_d0;41900;INTARIAN_PEPPER_ROOT;10196;16;10193;23;;;10208;12;10211;23;;;10202.0;0.0
yf_ZS=F_d0;42000;ASH_COATED_OSMIUM;9978;21;9974;21;;;9986;22;9988;14;;;9982.0;0.0
yf_ZS=F_d0;42000;INTARIAN_PEPPER_ROOT;10202;12;10199;20;;;10208;9;10211;14;;;10205.0;0.0
yf_ZS=F_d0;42100;ASH_COATED_OSMIUM;9978;10;9975;22;;;9984;19;9987;17;;;9981.0;0.0
yf_ZS=F_d0;42100;INTARIAN_PEPPER_ROOT;10204;15;10202;19;;;10210;14;10214;22;;;10207.0;0.0
yf_ZS=F_d0;42200;ASH_COATED_OSMIUM;9978;18;9975;13;;;9984;15;9986;27;;;9981.0;0.0
yf_ZS=F_d0;42200;INTARIAN_PEPPER_ROOT;10206;19;10203;26;;;10212;13;10215;18;;;10209.0;0.0
yf_ZS=F_d0;42300;ASH_COATED_OSMIUM;9971;15;9967;22;;;9992;7;9994;22;;;9981.5;0.0
yf_ZS=F_d0;42300;INTARIAN_PEPPER_ROOT;10208;11;10204;19;;;10216;20;10219;17;;;10212.0;0.0
yf_ZS=F_d0;42400;ASH_COATED_OSMIUM;9978;15;9976;11;;;9984;12;9988;18;;;9981.0;0.0
yf_ZS=F_d0;42400;INTARIAN_PEPPER_ROOT;10212;18;10209;11;;;10218;14;10220;13;;;10215.0;0.0
yf_ZS=F_d0;42500;ASH_COATED_OSMIUM;9973;14;9971;18;;;9990;7;9992;21;;;9981.5;0.0
yf_ZS=F_d0;42500;INTARIAN_PEPPER_ROOT;10213;9;10209;23;;;10220;14;10222;16;;;10216.5;0.0
yf_ZS=F_d0;42600;ASH_COATED_OSMIUM;9978;13;9974;18;;;9984;17;9988;17;;;9981.0;0.0
yf_ZS=F_d0;42600;INTARIAN_PEPPER_ROOT;10217;13;10214;21;;;10223;13;10226;17;;;10220.0;0.0
yf_ZS=F_d0;42700;ASH_COATED_OSMIUM;9978;5;9974;20;;;9984;20;9988;23;;;9981.0;0.0
yf_ZS=F_d0;42700;INTARIAN_PEPPER_ROOT;10214;23;10212;23;;;10230;10;10233;8;;;10222.0;0.0
yf_ZS=F_d0;42800;ASH_COATED_OSMIUM;9978;24;9974;27;;;9984;10;9987;21;;;9981.0;0.0
yf_ZS=F_d0;42800;INTARIAN_PEPPER_ROOT;10220;13;10216;17;;;10229;5;10233;17;;;10224.5;0.0
yf_ZS=F_d0;42900;ASH_COATED_OSMIUM;9978;8;9974;14;;;9984;13;9986;32;;;9981.0;0.0
yf_ZS=F_d0;42900;INTARIAN_PEPPER_ROOT;10224;5;10220;17;;;10230;16;10232;27;;;10227.0;0.0
yf_ZS=F_d0;43000;ASH_COATED_OSMIUM;9978;13;9976;25;;;9984;25;9988;19;;;9981.0;0.0
yf_ZS=F_d0;43000;INTARIAN_PEPPER_ROOT;10221;20;10217;31;;;10238;18;10242;18;;;10229.5;0.0
yf_ZS=F_d0;43100;ASH_COATED_OSMIUM;9975;25;9972;18;;;9986;10;9988;17;;;9980.5;0.0
yf_ZS=F_d0;43100;INTARIAN_PEPPER_ROOT;10229;12;10226;12;;;10235;17;10239;21;;;10232.0;0.0
yf_ZS=F_d0;43200;ASH_COATED_OSMIUM;9978;6;9974;20;;;9984;5;9988;16;;;9981.0;0.0
yf_ZS=F_d0;43200;INTARIAN_PEPPER_ROOT;10232;20;10228;12;;;10238;12;10240;30;;;10235.0;0.0
yf_ZS=F_d0;43300;ASH_COATED_OSMIUM;9973;15;9971;23;;;9988;14;9991;22;;;9980.5;0.0
yf_ZS=F_d0;43300;INTARIAN_PEPPER_ROOT;10235;25;10233;15;;;10241;21;10243;26;;;10238.0;0.0
yf_ZS=F_d0;43400;ASH_COATED_OSMIUM;9974;9;9972;11;;;9989;14;9993;18;;;9981.5;0.0
yf_ZS=F_d0;43400;INTARIAN_PEPPER_ROOT;10237;5;10234;22;;;10243;19;10245;12;;;10240.0;0.0
yf_ZS=F_d0;43500;ASH_COATED_OSMIUM;9978;13;9976;19;;;9984;5;9987;20;;;9981.0;0.0
yf_ZS=F_d0;43500;INTARIAN_PEPPER_ROOT;10236;18;10232;13;;;10249;22;10252;31;;;10242.5;0.0
yf_ZS=F_d0;43600;ASH_COATED_OSMIUM;9979;10;9975;25;;;9985;15;9989;24;;;9982.0;0.0
yf_ZS=F_d0;43600;INTARIAN_PEPPER_ROOT;10242;15;10239;31;;;10248;13;10251;23;;;10245.0;0.0
yf_ZS=F_d0;43700;ASH_COATED_OSMIUM;9970;13;9968;18;;;9991;17;9995;22;;;9980.5;0.0
yf_ZS=F_d0;43700;INTARIAN_PEPPER_ROOT;10240;14;10236;18;;;10254;24;10256;14;;;10247.0;0.0
yf_ZS=F_d0;43800;ASH_COATED_OSMIUM;9978;9;9975;17;;;9984;13;9988;29;;;9981.0;0.0
yf_ZS=F_d0;43800;INTARIAN_PEPPER_ROOT;10247;18;10243;25;;;10253;5;10255;19;;;10250.0;0.0
yf_ZS=F_d0;43900;ASH_COATED_OSMIUM;9969;6;9966;19;;;9994;15;9997;23;;;9981.5;0.0
yf_ZS=F_d0;43900;INTARIAN_PEPPER_ROOT;10249;21;10245;9;;;10255;10;10259;23;;;10252.0;0.0
yf_ZS=F_d0;44000;ASH_COATED_OSMIUM;9977;16;9974;22;;;9983;24;9987;25;;;9980.0;0.0
yf_ZS=F_d0;44000;INTARIAN_PEPPER_ROOT;10252;20;10248;19;;;10259;20;10261;15;;;10255.5;0.0
yf_ZS=F_d0;44100;ASH_COATED_OSMIUM;9969;10;9967;20;;;9993;18;9995;14;;;9981.0;0.0
yf_ZS=F_d0;44100;INTARIAN_PEPPER_ROOT;10255;18;10252;23;;;10261;15;10263;17;;;10258.0;0.0
yf_ZS=F_d0;44200;ASH_COATED_OSMIUM;9967;23;9963;24;;;9995;8;9998;23;;;9981.0;0.0
yf_ZS=F_d0;44200;INTARIAN_PEPPER_ROOT;10255;11;10252;18;;;10266;8;10268;27;;;10260.5;0.0
yf_ZS=F_d0;44300;ASH_COATED_OSMIUM;9978;13;9974;25;;;9984;12;9986;21;;;9981.0;0.0
yf_ZS=F_d0;44300;INTARIAN_PEPPER_ROOT;10259;8;10256;30;;;10265;19;10269;16;;;10262.0;0.0
yf_ZS=F_d0;44400;ASH_COATED_OSMIUM;9975;17;9973;25;;;9987;16;9991;27;;;9981.0;0.0
yf_ZS=F_d0;44400;INTARIAN_PEPPER_ROOT;10262;13;10258;18;;;10268;18;10270;19;;;10265.0;0.0
yf_ZS=F_d0;44500;ASH_COATED_OSMIUM;9978;16;9974;20;;;9984;18;9988;10;;;9981.0;0.0
yf_ZS=F_d0;44500;INTARIAN_PEPPER_ROOT;10263;9;10260;23;;;10274;12;10276;21;;;10268.5;0.0
yf_ZS=F_d0;44600;ASH_COATED_OSMIUM;9970;14;9966;29;;;9992;26;9996;22;;;9981.0;0.0
yf_ZS=F_d0;44600;INTARIAN_PEPPER_ROOT;10265;18;10262;27;;;10275;14;10278;22;;;10270.0;0.0
yf_ZS=F_d0;44700;ASH_COATED_OSMIUM;9972;21;9970;29;;;9990;5;9993;9;;;9981.0;0.0
yf_ZS=F_d0;44700;INTARIAN_PEPPER_ROOT;10267;5;10263;20;;;10278;16;10282;17;;;10272.5;0.0
yf_ZS=F_d0;44800;ASH_COATED_OSMIUM;9978;13;9976;27;;;9984;13;9988;22;;;9981.0;0.0
yf_ZS=F_d0;44800;INTARIAN_PEPPER_ROOT;10272;12;10269;21;;;10278;11;10280;32;;;10275.0;0.0
yf_ZS=F_d0;44900;ASH_COATED_OSMIUM;9978;21;9975;20;;;9985;16;9989;19;;;9981.5;0.0
yf_ZS=F_d0;44900;INTARIAN_PEPPER_ROOT;10274;18;10272;18;;;10280;17;10283;22;;;10277.0;0.0
yf_ZS=F_d0;45000;ASH_COATED_OSMIUM;9978;19;9974;22;;;9984;17;9987;19;;;9981.0;0.0
yf_ZS=F_d0;45000;INTARIAN_PEPPER_ROOT;10277;19;10274;20;;;10283;15;10285;20;;;10280.0;0.0
yf_ZS=F_d0;45100;ASH_COATED_OSMIUM;9977;13;9974;13;;;9984;24;9987;26;;;9980.5;0.0
yf_ZS=F_d0;45100;INTARIAN_PEPPER_ROOT;10276;13;10274;17;;;10288;19;10291;12;;;10282.0;0.0
yf_ZS=F_d0;45200;ASH_COATED_OSMIUM;9978;15;9975;23;;;9984;19;9987;11;;;9981.0;0.0
yf_ZS=F_d0;45200;INTARIAN_PEPPER_ROOT;10282;25;10280;30;;;10288;20;10291;15;;;10285.0;0.0
yf_ZS=F_d0;45300;ASH_COATED_OSMIUM;9964;20;9960;21;;;9998;16;10000;18;;;9981.0;0.0
yf_ZS=F_d0;45300;INTARIAN_PEPPER_ROOT;10285;12;10283;19;;;10291;23;10293;18;;;10288.0;0.0
yf_ZS=F_d0;45400;ASH_COATED_OSMIUM;9978;13;9974;18;;;9984;14;9987;17;;;9981.0;0.0
yf_ZS=F_d0;45400;INTARIAN_PEPPER_ROOT;10287;17;10284;17;;;10294;14;10296;19;;;10290.5;0.0
yf_ZS=F_d0;45500;ASH_COATED_OSMIUM;9977;11;9975;17;;;9984;14;9988;22;;;9980.5;0.0
yf_ZS=F_d0;45500;INTARIAN_PEPPER_ROOT;10288;11;10284;16;;;10297;17;10301;25;;;10292.5;0.0
yf_ZS=F_d0;45600;ASH_COATED_OSMIUM;9977;13;9975;17;;;9983;13;9985;13;;;9980.0;0.0
yf_ZS=F_d0;45600;INTARIAN_PEPPER_ROOT;10290;22;10286;16;;;10300;10;10304;20;;;10295.0;0.0
yf_ZS=F_d0;45700;ASH_COATED_OSMIUM;9978;11;9974;34;;;9984;13;9987;11;;;9981.0;0.0
yf_ZS=F_d0;45700;INTARIAN_PEPPER_ROOT;10295;18;10291;11;;;10302;12;10305;30;;;10298.5;0.0
yf_ZS=F_d0;45800;ASH_COATED_OSMIUM;9977;13;9974;28;;;9983;17;9985;28;;;9980.0;0.0
yf_ZS=F_d0;45800;INTARIAN_PEPPER_ROOT;10298;13;10294;25;;;10304;5;10308;23;;;10301.0;0.0
yf_ZS=F_d0;45900;ASH_COATED_OSMIUM;9977;14;9974;30;;;9984;14;9987;11;;;9980.5;0.0
yf_ZS=F_d0;45900;INTARIAN_PEPPER_ROOT;10301;17;10297;19;;;10307;17;10310;16;;;10304.0;0.0
yf_ZS=F_d0;46000;ASH_COATED_OSMIUM;9978;17;9974;28;;;9984;14;9986;20;;;9981.0;0.0
yf_ZS=F_d0;46000;INTARIAN_PEPPER_ROOT;10299;16;10295;18;;;10312;13;10315;22;;;10305.5;0.0
yf_ZS=F_d0;46100;ASH_COATED_OSMIUM;9978;21;9976;22;;;9985;13;9988;13;;;9981.5;0.0
yf_ZS=F_d0;46100;INTARIAN_PEPPER_ROOT;10305;10;10303;31;;;10311;18;10314;21;;;10308.0;0.0
yf_ZS=F_d0;46200;ASH_COATED_OSMIUM;9978;9;9976;21;;;9984;13;9987;21;;;9981.0;0.0
yf_ZS=F_d0;46200;INTARIAN_PEPPER_ROOT;10306;10;10302;23;;;10315;16;10319;31;;;10310.5;0.0
yf_ZS=F_d0;46300;ASH_COATED_OSMIUM;9977;5;9974;19;;;9985;14;9989;21;;;9981.0;0.0
yf_ZS=F_d0;46300;INTARIAN_PEPPER_ROOT;10311;16;10309;18;;;10317;12;10320;17;;;10314.0;0.0
yf_ZS=F_d0;46400;ASH_COATED_OSMIUM;9978;11;9976;16;;;9984;12;9986;13;;;9981.0;0.0
yf_ZS=F_d0;46400;INTARIAN_PEPPER_ROOT;10312;14;10310;24;;;10318;21;10322;15;;;10315.0;0.0
yf_ZS=F_d0;46500;ASH_COATED_OSMIUM;9977;14;9975;11;;;9983;18;9986;19;;;9980.0;0.0
yf_ZS=F_d0;46500;INTARIAN_PEPPER_ROOT;10315;5;10311;24;;;10321;13;10323;12;;;10318.0;0.0
yf_ZS=F_d0;46600;ASH_COATED_OSMIUM;9976;15;9973;18;;;9986;8;9989;16;;;9981.0;0.0
yf_ZS=F_d0;46600;INTARIAN_PEPPER_ROOT;10317;10;10313;22;;;10323;10;10326;13;;;10320.0;0.0
yf_ZS=F_d0;46700;ASH_COATED_OSMIUM;9976;21;9974;20;;;9986;18;9988;24;;;9981.0;0.0
yf_ZS=F_d0;46700;INTARIAN_PEPPER_ROOT;10320;14;10316;21;;;10326;11;10330;17;;;10323.0;0.0
yf_ZS=F_d0;46800;ASH_COATED_OSMIUM;9973;11;9970;29;;;9989;14;9993;25;;;9981.0;0.0
yf_ZS=F_d0;46800;INTARIAN_PEPPER_ROOT;10322;6;10319;19;;;10330;14;10334;17;;;10326.0;0.0
yf_ZS=F_d0;46900;ASH_COATED_OSMIUM;9978;7;9976;20;;;9984;17;9988;35;;;9981.0;0.0
yf_ZS=F_d0;46900;INTARIAN_PEPPER_ROOT;10325;11;10323;20;;;10332;14;10335;18;;;10328.5;0.0
yf_ZS=F_d0;47000;ASH_COATED_OSMIUM;9977;9;9974;23;;;9983;15;9985;22;;;9980.0;0.0
yf_ZS=F_d0;47000;INTARIAN_PEPPER_ROOT;10328;20;10325;21;;;10334;6;10336;15;;;10331.0;0.0
yf_ZS=F_d0;47100;ASH_COATED_OSMIUM;9978;20;9975;17;;;9984;19;9987;28;;;9981.0;0.0
yf_ZS=F_d0;47100;INTARIAN_PEPPER_ROOT;10331;15;10329;28;;;10337;9;10339;15;;;10334.0;0.0
yf_ZS=F_d0;47200;ASH_COATED_OSMIUM;9977;17;9974;15;;;9983;24;9985;25;;;9980.0;0.0
yf_ZS=F_d0;47200;INTARIAN_PEPPER_ROOT;10326;15;10322;27;;;10348;10;10350;31;;;10337.0;0.0
yf_ZS=F_d0;47300;ASH_COATED_OSMIUM;9977;11;9974;21;;;9983;9;9987;28;;;9980.0;0.0
yf_ZS=F_d0;47300;INTARIAN_PEPPER_ROOT;10335;5;10332;18;;;10341;12;10345;21;;;10338.0;0.0
yf_ZS=F_d0;47400;ASH_COATED_OSMIUM;9977;12;9973;18;;;9983;14;9987;27;;;9980.0;0.0
yf_ZS=F_d0;47400;INTARIAN_PEPPER_ROOT;10334;14;10331;21;;;10347;12;10351;16;;;10340.5;0.0
yf_ZS=F_d0;47500;ASH_COATED_OSMIUM;9978;19;9976;18;;;9984;9;9987;24;;;9981.0;0.0
yf_ZS=F_d0;47500;INTARIAN_PEPPER_ROOT;10340;8;10336;25;;;10346;14;10349;18;;;10343.0;0.0
yf_ZS=F_d0;47600;ASH_COATED_OSMIUM;9978;13;9975;25;;;9984;18;9987;26;;;9981.0;0.0
yf_ZS=F_d0;47600;INTARIAN_PEPPER_ROOT;10343;13;10340;20;;;10349;16;10353;22;;;10346.0;0.0
yf_ZS=F_d0;47700;ASH_COATED_OSMIUM;9977;17;9973;14;;;9984;20;9988;19;;;9980.5;0.0
yf_ZS=F_d0;47700;INTARIAN_PEPPER_ROOT;10346;19;10344;21;;;10352;13;10356;24;;;10349.0;0.0
yf_ZS=F_d0;47800;ASH_COATED_OSMIUM;9977;5;9975;14;;;9983;18;9985;17;;;9980.0;0.0
yf_ZS=F_d0;47800;INTARIAN_PEPPER_ROOT;10348;14;10344;26;;;10354;16;10358;19;;;10351.0;0.0
yf_ZS=F_d0;47900;ASH_COATED_OSMIUM;9976;10;9972;14;;;9985;6;9989;17;;;9980.5;0.0
yf_ZS=F_d0;47900;INTARIAN_PEPPER_ROOT;10351;20;10349;19;;;10357;15;10359;17;;;10354.0;0.0
yf_ZS=F_d0;48000;ASH_COATED_OSMIUM;9975;17;9971;24;;;9988;20;9991;23;;;9981.5;0.0
yf_ZS=F_d0;48000;INTARIAN_PEPPER_ROOT;10354;16;10352;25;;;10360;17;10363;21;;;10357.0;0.0
yf_ZS=F_d0;48100;ASH_COATED_OSMIUM;9978;16;9974;15;;;9984;28;9988;18;;;9981.0;0.0
yf_ZS=F_d0;48100;INTARIAN_PEPPER_ROOT;10352;11;10350;18;;;10365;25;10369;16;;;10358.5;0.0
yf_ZS=F_d0;48200;ASH_COATED_OSMIUM;9977;19;9974;24;;;9983;20;9985;19;;;9980.0;0.0
yf_ZS=F_d0;48200;INTARIAN_PEPPER_ROOT;10358;18;10354;22;;;10364;8;10368;14;;;10361.0;0.0
yf_ZS=F_d0;48300;ASH_COATED_OSMIUM;9976;13;9972;23;;;9986;17;9989;15;;;9981.0;0.0
yf_ZS=F_d0;48300;INTARIAN_PEPPER_ROOT;10357;18;10354;21;;;10370;13;10372;18;;;10363.5;0.0
yf_ZS=F_d0;48400;ASH_COATED_OSMIUM;9974;10;9970;19;;;9987;10;9990;17;;;9980.5;0.0
yf_ZS=F_d0;48400;INTARIAN_PEPPER_ROOT;10363;14;10359;18;;;10369;11;10372;21;;;10366.0;0.0
yf_ZS=F_d0;48500;ASH_COATED_OSMIUM;9977;13;9974;27;;;9983;9;9986;22;;;9980.0;0.0
yf_ZS=F_d0;48500;INTARIAN_PEPPER_ROOT;10360;17;10357;11;;;10378;22;10382;25;;;10369.0;0.0
yf_ZS=F_d0;48600;ASH_COATED_OSMIUM;9972;17;9969;18;;;9988;13;9991;18;;;9980.0;0.0
yf_ZS=F_d0;48600;INTARIAN_PEPPER_ROOT;10367;6;10363;28;;;10375;10;10377;13;;;10371.0;0.0
yf_ZS=F_d0;48700;ASH_COATED_OSMIUM;9977;13;9974;20;;;9984;10;9987;17;;;9980.5;0.0
yf_ZS=F_d0;48700;INTARIAN_PEPPER_ROOT;10371;16;10368;16;;;10377;21;10381;17;;;10374.0;0.0
yf_ZS=F_d0;48800;ASH_COATED_OSMIUM;9978;21;9976;23;;;9984;21;9986;22;;;9981.0;0.0
yf_ZS=F_d0;48800;INTARIAN_PEPPER_ROOT;10374;10;10370;17;;;10380;14;10382;26;;;10377.0;0.0
yf_ZS=F_d0;48900;ASH_COATED_OSMIUM;9977;15;9974;10;;;9983;14;9987;16;;;9980.0;0.0
yf_ZS=F_d0;48900;INTARIAN_PEPPER_ROOT;10374;13;10372;24;;;10385;9;10389;15;;;10379.5;0.0
yf_ZS=F_d0;49000;ASH_COATED_OSMIUM;9978;12;9975;16;;;9984;15;9986;28;;;9981.0;0.0
yf_ZS=F_d0;49000;INTARIAN_PEPPER_ROOT;10370;27;10366;24;;;10392;10;10395;22;;;10381.0;0.0
yf_ZS=F_d0;49100;ASH_COATED_OSMIUM;9977;8;9975;28;;;9983;11;9987;15;;;9980.0;0.0
yf_ZS=F_d0;49100;INTARIAN_PEPPER_ROOT;10381;13;10379;20;;;10387;14;10391;22;;;10384.0;0.0
yf_ZS=F_d0;49200;ASH_COATED_OSMIUM;9976;18;9974;31;;;9986;10;9989;22;;;9981.0;0.0
yf_ZS=F_d0;49200;INTARIAN_PEPPER_ROOT;10376;19;10374;14;;;10395;18;10397;16;;;10385.5;0.0
yf_ZS=F_d0;49300;ASH_COATED_OSMIUM;9975;19;9972;26;;;9985;10;9987;22;;;9980.0;0.0
yf_ZS=F_d0;49300;INTARIAN_PEPPER_ROOT;10386;11;10382;28;;;10392;17;10396;19;;;10389.0;0.0
yf_ZS=F_d0;49400;ASH_COATED_OSMIUM;9974;7;9971;14;;;9986;13;9988;16;;;9980.0;0.0
yf_ZS=F_d0;49400;INTARIAN_PEPPER_ROOT;10389;8;10385;28;;;10395;12;10399;20;;;10392.0;0.0
yf_ZS=F_d0;49500;ASH_COATED_OSMIUM;9972;8;9970;28;;;9988;10;9990;22;;;9980.0;0.0
yf_ZS=F_d0;49500;INTARIAN_PEPPER_ROOT;10390;19;10386;16;;;10398;18;10400;13;;;10394.0;0.0
yf_ZS=F_d0;49600;ASH_COATED_OSMIUM;9971;9;9967;23;;;9989;11;9993;31;;;9980.0;0.0
yf_ZS=F_d0;49600;INTARIAN_PEPPER_ROOT;10392;16;10388;13;;;10402;13;10404;11;;;10397.0;0.0
yf_ZS=F_d0;49700;ASH_COATED_OSMIUM;9975;11;9973;26;;;9986;10;9988;24;;;9980.5;0.0
yf_ZS=F_d0;49700;INTARIAN_PEPPER_ROOT;10396;10;10392;9;;;10402;25;10404;30;;;10399.0;0.0
yf_ZS=F_d0;49800;ASH_COATED_OSMIUM;9970;13;9966;25;;;9989;17;9993;14;;;9979.5;0.0
yf_ZS=F_d0;49800;INTARIAN_PEPPER_ROOT;10399;22;10396;22;;;10405;22;10407;18;;;10402.0;0.0
yf_ZS=F_d0;49900;ASH_COATED_OSMIUM;9976;14;9974;10;;;9985;12;9987;26;;;9980.5;0.0
yf_ZS=F_d0;49900;INTARIAN_PEPPER_ROOT;10401;5;10398;16;;;10407;19;10409;18;;;10404.0;0.0
yf_ZS=F_d0;50000;ASH_COATED_OSMIUM;9973;19;9969;18;;;9988;11;9992;10;;;9980.5;0.0
yf_ZS=F_d0;50000;INTARIAN_PEPPER_ROOT;10390;12;10387;21;;;10423;12;10425;18;;;10406.5;0.0
yf_ZS=F_d0;50100;ASH_COATED_OSMIUM;9977;20;9975;21;;;9984;20;9986;16;;;9980.5;0.0
yf_ZS=F_d0;50100;INTARIAN_PEPPER_ROOT;10392;8;10389;21;;;10427;13;10430;16;;;10409.5;0.0
yf_ZS=F_d0;50200;ASH_COATED_OSMIUM;9978;21;9974;18;;;9984;16;9988;22;;;9981.0;0.0
yf_ZS=F_d0;50200;INTARIAN_PEPPER_ROOT;10403;21;10400;24;;;10420;18;10422;23;;;10411.5;0.0
yf_ZS=F_d0;50300;ASH_COATED_OSMIUM;9977;18;9974;28;;;9983;16;9985;16;;;9980.0;0.0
yf_ZS=F_d0;50300;INTARIAN_PEPPER_ROOT;10412;23;10409;19;;;10418;9;10420;16;;;10415.0;0.0
yf_ZS=F_d0;50400;ASH_COATED_OSMIUM;9977;15;9975;16;;;9983;15;9986;27;;;9980.0;0.0
yf_ZS=F_d0;50400;INTARIAN_PEPPER_ROOT;10413;12;10410;21;;;10421;8;10423;16;;;10417.0;0.0
yf_ZS=F_d0;50500;ASH_COATED_OSMIUM;9977;13;9973;13;;;9983;20;9987;19;;;9980.0;0.0
yf_ZS=F_d0;50500;INTARIAN_PEPPER_ROOT;10417;22;10414;18;;;10423;23;10427;22;;;10420.0;0.0
yf_ZS=F_d0;50600;ASH_COATED_OSMIUM;9977;14;9973;19;;;9983;16;9985;23;;;9980.0;0.0
yf_ZS=F_d0;50600;INTARIAN_PEPPER_ROOT;10419;17;10417;12;;;10425;17;10428;17;;;10422.0;0.0
yf_ZS=F_d0;50700;ASH_COATED_OSMIUM;9977;19;9974;25;;;9983;25;9985;21;;;9980.0;0.0
yf_ZS=F_d0;50700;INTARIAN_PEPPER_ROOT;10422;6;10420;17;;;10428;5;10430;18;;;10425.0;0.0
yf_ZS=F_d0;50800;ASH_COATED_OSMIUM;9977;19;9973;18;;;9983;8;9986;17;;;9980.0;0.0
yf_ZS=F_d0;50800;INTARIAN_PEPPER_ROOT;10424;19;10420;23;;;10430;15;10433;15;;;10427.0;0.0
yf_ZS=F_d0;50900;ASH_COATED_OSMIUM;9977;7;9974;10;;;9983;15;9987;15;;;9980.0;0.0
yf_ZS=F_d0;50900;INTARIAN_PEPPER_ROOT;10425;20;10423;20;;;10431;18;10433;23;;;10428.0;0.0
yf_ZS=F_d0;51000;ASH_COATED_OSMIUM;9977;8;9974;35;;;9983;11;9986;27;;;9980.0;0.0
yf_ZS=F_d0;51000;INTARIAN_PEPPER_ROOT;10428;9;10425;23;;;10434;11;10436;19;;;10431.0;0.0
yf_ZS=F_d0;51100;ASH_COATED_OSMIUM;9976;12;9974;19;;;9984;17;9986;15;;;9980.0;0.0
yf_ZS=F_d0;51100;INTARIAN_PEPPER_ROOT;10429;5;10425;24;;;10435;20;10438;20;;;10432.0;0.0
yf_ZS=F_d0;51200;ASH_COATED_OSMIUM;9971;16;9967;16;;;9989;10;9993;19;;;9980.0;0.0
yf_ZS=F_d0;51200;INTARIAN_PEPPER_ROOT;10431;18;10427;16;;;10437;15;10441;8;;;10434.0;0.0
yf_ZS=F_d0;51300;ASH_COATED_OSMIUM;9977;13;9975;20;;;9983;11;9987;18;;;9980.0;0.0
yf_ZS=F_d0;51300;INTARIAN_PEPPER_ROOT;10429;8;10427;26;;;10442;14;10446;18;;;10435.5;0.0
yf_ZS=F_d0;51400;ASH_COATED_OSMIUM;9977;13;9973;15;;;9983;16;9985;15;;;9980.0;0.0
yf_ZS=F_d0;51400;INTARIAN_PEPPER_ROOT;10434;16;10430;22;;;10440;15;10442;21;;;10437.0;0.0
yf_ZS=F_d0;51500;ASH_COATED_OSMIUM;9976;13;9974;21;;;9985;13;9987;19;;;9980.5;0.0
yf_ZS=F_d0;51500;INTARIAN_PEPPER_ROOT;10433;21;10431;35;;;10444;15;10448;25;;;10438.5;0.0
yf_ZS=F_d0;51600;ASH_COATED_OSMIUM;9975;17;9973;18;;;9985;19;9989;10;;;9980.0;0.0
yf_ZS=F_d0;51600;INTARIAN_PEPPER_ROOT;10425;19;10423;22;;;10457;14;10460;13;;;10441.0;0.0
yf_ZS=F_d0;51700;ASH_COATED_OSMIUM;9976;12;9974;17;;;9984;18;9987;11;;;9980.0;0.0
yf_ZS=F_d0;51700;INTARIAN_PEPPER_ROOT;10430;15;10427;20;;;10453;11;10456;12;;;10441.5;0.0
yf_ZS=F_d0;51800;ASH_COATED_OSMIUM;9978;18;9976;22;;;9984;18;9986;14;;;9981.0;0.0
yf_ZS=F_d0;51800;INTARIAN_PEPPER_ROOT;10441;10;10439;17;;;10447;13;10450;20;;;10444.0;0.0
yf_ZS=F_d0;51900;ASH_COATED_OSMIUM;9977;11;9975;25;;;9983;14;9985;23;;;9980.0;0.0
yf_ZS=F_d0;51900;INTARIAN_PEPPER_ROOT;10442;22;10438;11;;;10448;17;10452;12;;;10445.0;0.0
yf_ZS=F_d0;52000;ASH_COATED_OSMIUM;9972;11;9969;28;;;9988;15;9991;24;;;9980.0;0.0
yf_ZS=F_d0;52000;INTARIAN_PEPPER_ROOT;10444;12;10442;10;;;10450;10;10452;16;;;10447.0;0.0
yf_ZS=F_d0;52100;ASH_COATED_OSMIUM;9977;17;9974;16;;;9983;19;9986;18;;;9980.0;0.0
yf_ZS=F_d0;52100;INTARIAN_PEPPER_ROOT;10435;7;10431;10;;;10462;9;10464;15;;;10448.5;0.0
yf_ZS=F_d0;52200;ASH_COATED_OSMIUM;9967;8;9965;17;;;9992;13;9994;22;;;9979.5;0.0
yf_ZS=F_d0;52200;INTARIAN_PEPPER_ROOT;10447;18;10443;23;;;10453;14;10457;11;;;10450.0;0.0
yf_ZS=F_d0;52300;ASH_COATED_OSMIUM;9975;13;9972;21;;;9985;12;9987;26;;;9980.0;0.0
yf_ZS=F_d0;52300;INTARIAN_PEPPER_ROOT;10448;15;10446;17;;;10455;13;10457;17;;;10451.5;0.0
yf_ZS=F_d0;52400;ASH_COATED_OSMIUM;9977;26;9975;22;;;9983;16;9986;13;;;9980.0;0.0
yf_ZS=F_d0;52400;INTARIAN_PEPPER_ROOT;10448;21;10444;15;;;10459;19;10463;21;;;10453.5;0.0
yf_ZS=F_d0;52500;ASH_COATED_OSMIUM;9975;18;9972;34;;;9985;17;9989;20;;;9980.0;0.0
yf_ZS=F_d0;52500;INTARIAN_PEPPER_ROOT;10452;18;10449;20;;;10458;11;10460;18;;;10455.0;0.0
yf_ZS=F_d0;52600;ASH_COATED_OSMIUM;9977;16;9974;27;;;9983;11;9987;15;;;9980.0;0.0
yf_ZS=F_d0;52600;INTARIAN_PEPPER_ROOT;10445;15;10443;15;;;10468;17;10470;16;;;10456.5;0.0
yf_ZS=F_d0;52700;ASH_COATED_OSMIUM;9976;11;9974;19;;;9984;13;9988;19;;;9980.0;0.0
yf_ZS=F_d0;52700;INTARIAN_PEPPER_ROOT;10448;11;10444;21;;;10468;20;10471;12;;;10458.0;0.0
yf_ZS=F_d0;52800;ASH_COATED_OSMIUM;9973;24;9969;17;;;9986;16;9990;22;;;9979.5;0.0
yf_ZS=F_d0;52800;INTARIAN_PEPPER_ROOT;10457;9;10453;23;;;10463;7;10467;25;;;10460.0;0.0
yf_ZS=F_d0;52900;ASH_COATED_OSMIUM;9977;21;9974;21;;;9983;14;9985;20;;;9980.0;0.0
yf_ZS=F_d0;52900;INTARIAN_PEPPER_ROOT;10455;6;10453;21;;;10470;14;10474;22;;;10462.5;0.0
yf_ZS=F_d0;53000;ASH_COATED_OSMIUM;9972;17;9968;19;;;9987;8;9991;21;;;9979.5;0.0
yf_ZS=F_d0;53000;INTARIAN_PEPPER_ROOT;10460;14;10458;19;;;10466;20;10468;22;;;10463.0;0.0
yf_ZS=F_d0;53100;ASH_COATED_OSMIUM;9975;5;9971;25;;;9986;16;9988;23;;;9980.5;0.0
yf_ZS=F_d0;53100;INTARIAN_PEPPER_ROOT;10454;23;10451;24;;;10476;24;10480;20;;;10465.0;0.0
yf_ZS=F_d0;53200;ASH_COATED_OSMIUM;9977;20;9975;20;;;9984;18;9987;28;;;9980.5;0.0
yf_ZS=F_d0;53200;INTARIAN_PEPPER_ROOT;10463;18;10460;20;;;10471;11;10474;17;;;10467.0;0.0
yf_ZS=F_d0;53300;ASH_COATED_OSMIUM;9977;21;9974;27;;;9983;13;9986;17;;;9980.0;0.0
yf_ZS=F_d0;53300;INTARIAN_PEPPER_ROOT;10464;11;10461;12;;;10470;15;10474;16;;;10467.0;0.0
yf_ZS=F_d0;53400;ASH_COATED_OSMIUM;9977;5;9973;28;;;9983;24;9985;14;;;9980.0;0.0
yf_ZS=F_d0;53400;INTARIAN_PEPPER_ROOT;10463;15;10459;19;;;10477;5;10480;22;;;10470.0;0.0
yf_ZS=F_d0;53500;ASH_COATED_OSMIUM;9977;23;9975;16;;;9983;22;9986;21;;;9980.0;0.0
yf_ZS=F_d0;53500;INTARIAN_PEPPER_ROOT;10468;16;10465;27;;;10474;22;10477;23;;;10471.0;0.0
yf_ZS=F_d0;53600;ASH_COATED_OSMIUM;9977;22;9973;18;;;9985;19;9987;26;;;9981.0;0.0
yf_ZS=F_d0;53600;INTARIAN_PEPPER_ROOT;10468;21;10466;23;;;10477;15;10479;26;;;10472.5;0.0
yf_ZS=F_d0;53700;ASH_COATED_OSMIUM;9977;14;9973;24;;;9983;18;9985;24;;;9980.0;0.0
yf_ZS=F_d0;53700;INTARIAN_PEPPER_ROOT;10472;21;10468;18;;;10478;9;10481;16;;;10475.0;0.0
yf_ZS=F_d0;53800;ASH_COATED_OSMIUM;9977;16;9973;23;;;9983;14;9987;14;;;9980.0;0.0
yf_ZS=F_d0;53800;INTARIAN_PEPPER_ROOT;10472;15;10470;20;;;10480;14;10482;29;;;10476.0;0.0
yf_ZS=F_d0;53900;ASH_COATED_OSMIUM;9977;19;9975;16;;;9983;6;9986;19;;;9980.0;0.0
yf_ZS=F_d0;53900;INTARIAN_PEPPER_ROOT;10475;21;10473;16;;;10481;7;10484;23;;;10478.0;0.0
yf_ZS=F_d0;54000;ASH_COATED_OSMIUM;9978;16;9974;20;;;9984;18;9988;20;;;9981.0;0.0
yf_ZS=F_d0;54000;INTARIAN_PEPPER_ROOT;10477;26;10475;10;;;10483;17;10487;16;;;10480.0;0.0
yf_ZS=F_d0;54100;ASH_COATED_OSMIUM;9976;11;9972;13;;;9983;14;9985;22;;;9979.5;0.0
yf_ZS=F_d0;54100;INTARIAN_PEPPER_ROOT;10478;14;10474;20;;;10484;16;10487;17;;;10481.0;0.0
yf_ZS=F_d0;54200;ASH_COATED_OSMIUM;9978;23;9976;25;;;9984;11;9986;8;;;9981.0;0.0
yf_ZS=F_d0;54200;INTARIAN_PEPPER_ROOT;10480;9;10477;15;;;10486;15;10489;20;;;10483.0;0.0
yf_ZS=F_d0;54300;ASH_COATED_OSMIUM;9976;5;9974;19;;;9985;17;9987;26;;;9980.5;0.0
yf_ZS=F_d0;54300;INTARIAN_PEPPER_ROOT;10482;17;10478;35;;;10488;8;10490;13;;;10485.0;0.0
yf_ZS=F_d0;54400;ASH_COATED_OSMIUM;9977;14;9974;18;;;9983;17;9987;11;;;9980.0;0.0
yf_ZS=F_d0;54400;INTARIAN_PEPPER_ROOT;10483;11;10480;20;;;10489;12;10492;20;;;10486.0;0.0
yf_ZS=F_d0;54500;ASH_COATED_OSMIUM;9977;9;9974;21;;;9984;13;9986;19;;;9980.5;0.0
yf_ZS=F_d0;54500;INTARIAN_PEPPER_ROOT;10481;5;10477;27;;;10495;12;10499;22;;;10488.0;0.0
yf_ZS=F_d0;54600;ASH_COATED_OSMIUM;9972;20;9969;23;;;9988;9;9990;18;;;9980.0;0.0
yf_ZS=F_d0;54600;INTARIAN_PEPPER_ROOT;10487;10;10483;25;;;10493;20;10497;18;;;10490.0;0.0
yf_ZS=F_d0;54700;ASH_COATED_OSMIUM;9977;13;9975;18;;;9983;8;9985;20;;;9980.0;0.0
yf_ZS=F_d0;54700;INTARIAN_PEPPER_ROOT;10487;15;10485;22;;;10496;11;10499;24;;;10491.5;0.0
yf_ZS=F_d0;54800;ASH_COATED_OSMIUM;9965;12;9963;14;;;9996;10;10000;35;;;9980.5;0.0
yf_ZS=F_d0;54800;INTARIAN_PEPPER_ROOT;10485;8;10482;12;;;10499;5;10503;15;;;10492.0;0.0
yf_ZS=F_d0;54900;ASH_COATED_OSMIUM;9978;12;9976;35;;;9984;21;9986;22;;;9981.0;0.0
yf_ZS=F_d0;54900;INTARIAN_PEPPER_ROOT;10490;13;10487;27;;;10499;17;10502;19;;;10494.5;0.0
yf_ZS=F_d0;55000;ASH_COATED_OSMIUM;9977;14;9975;24;;;9983;24;9985;16;;;9980.0;0.0
yf_ZS=F_d0;55000;INTARIAN_PEPPER_ROOT;10492;17;10489;19;;;10498;11;10501;13;;;10495.0;0.0
yf_ZS=F_d0;55100;ASH_COATED_OSMIUM;9977;20;9975;21;;;9983;19;9987;23;;;9980.0;0.0
yf_ZS=F_d0;55100;INTARIAN_PEPPER_ROOT;10495;12;10493;19;;;10501;16;10504;11;;;10498.0;0.0
yf_ZS=F_d0;55200;ASH_COATED_OSMIUM;9965;8;9962;21;;;9997;13;10000;13;;;9981.0;0.0
yf_ZS=F_d0;55200;INTARIAN_PEPPER_ROOT;10496;15;10493;19;;;10504;10;10508;18;;;10500.0;0.0
yf_ZS=F_d0;55300;ASH_COATED_OSMIUM;9977;13;9975;20;;;9983;23;9986;21;;;9980.0;0.0
yf_ZS=F_d0;55300;INTARIAN_PEPPER_ROOT;10498;13;10495;19;;;10504;15;10507;18;;;10501.0;0.0
yf_ZS=F_d0;55400;ASH_COATED_OSMIUM;9977;9;9975;27;;;9983;9;9985;20;;;9980.0;0.0
yf_ZS=F_d0;55400;INTARIAN_PEPPER_ROOT;10499;17;10496;18;;;10505;16;10509;14;;;10502.0;0.0
yf_ZS=F_d0;55500;ASH_COATED_OSMIUM;9977;21;9974;18;;;9983;27;9985;15;;;9980.0;0.0
yf_ZS=F_d0;55500;INTARIAN_PEPPER_ROOT;10501;16;10497;13;;;10507;16;10511;17;;;10504.0;0.0
yf_ZS=F_d0;55600;ASH_COATED_OSMIUM;9975;19;9973;23;;;9984;14;9987;18;;;9979.5;0.0
yf_ZS=F_d0;55600;INTARIAN_PEPPER_ROOT;10503;8;10499;16;;;10509;10;10512;21;;;10506.0;0.0
yf_ZS=F_d0;55700;ASH_COATED_OSMIUM;9960;16;9956;24;;;10000;14;10004;23;;;9980.0;0.0
yf_ZS=F_d0;55700;INTARIAN_PEPPER_ROOT;10505;20;10501;22;;;10511;15;10513;24;;;10508.0;0.0
yf_ZS=F_d0;55800;ASH_COATED_OSMIUM;9977;11;9973;21;;;9983;12;9985;23;;;9980.0;0.0
yf_ZS=F_d0;55800;INTARIAN_PEPPER_ROOT;10506;17;10502;17;;;10512;19;10516;21;;;10509.0;0.0
yf_ZS=F_d0;55900;ASH_COATED_OSMIUM;9975;12;9971;19;;;9985;16;9989;26;;;9980.0;0.0
yf_ZS=F_d0;55900;INTARIAN_PEPPER_ROOT;10508;11;10505;16;;;10514;13;10518;15;;;10511.0;0.0
yf_ZS=F_d0;56000;ASH_COATED_OSMIUM;9977;15;9973;24;;;9983;14;9985;21;;;9980.0;0.0
yf_ZS=F_d0;56000;INTARIAN_PEPPER_ROOT;10509;16;10505;13;;;10515;12;10518;19;;;10512.0;0.0
yf_ZS=F_d0;56100;ASH_COATED_OSMIUM;9975;18;9971;15;;;9984;15;9986;19;;;9979.5;0.0
yf_ZS=F_d0;56100;INTARIAN_PEPPER_ROOT;10511;11;10507;13;;;10517;13;10519;17;;;10514.0;0.0
yf_ZS=F_d0;56200;ASH_COATED_OSMIUM;9978;19;9976;22;;;9984;13;9986;18;;;9981.0;0.0
yf_ZS=F_d0;56200;INTARIAN_PEPPER_ROOT;10510;11;10507;13;;;10521;16;10524;18;;;10515.5;0.0
yf_ZS=F_d0;56300;ASH_COATED_OSMIUM;9977;15;9973;20;;;9983;5;9986;11;;;9980.0;0.0
yf_ZS=F_d0;56300;INTARIAN_PEPPER_ROOT;10514;5;10512;18;;;10520;14;10522;20;;;10517.0;0.0
yf_ZS=F_d0;56400;ASH_COATED_OSMIUM;9975;20;9972;23;;;9986;11;9990;14;;;9980.5;0.0
yf_ZS=F_d0;56400;INTARIAN_PEPPER_ROOT;10512;23;10510;20;;;10525;13;10528;18;;;10518.5;0.0
yf_ZS=F_d0;56500;ASH_COATED_OSMIUM;9974;5;9972;23;;;9987;11;9989;26;;;9980.5;0.0
yf_ZS=F_d0;56500;INTARIAN_PEPPER_ROOT;10517;10;10513;20;;;10523;19;10527;30;;;10520.0;0.0
yf_ZS=F_d0;56600;ASH_COATED_OSMIUM;9972;13;9970;10;;;9988;16;9991;22;;;9980.0;0.0
yf_ZS=F_d0;56600;INTARIAN_PEPPER_ROOT;10516;19;10513;21;;;10529;13;10531;12;;;10522.5;0.0
yf_ZS=F_d0;56700;ASH_COATED_OSMIUM;9961;20;9959;17;;;9999;13;10003;19;;;9980.0;0.0
yf_ZS=F_d0;56700;INTARIAN_PEPPER_ROOT;10520;16;10517;16;;;10526;12;10530;14;;;10523.0;0.0
yf_ZS=F_d0;56800;ASH_COATED_OSMIUM;9977;16;9973;8;;;9983;11;9987;25;;;9980.0;0.0
yf_ZS=F_d0;56800;INTARIAN_PEPPER_ROOT;10518;5;10516;20;;;10534;22;10536;18;;;10526.0;0.0
yf_ZS=F_d0;56900;ASH_COATED_OSMIUM;9976;7;9973;20;;;9985;11;9989;21;;;9980.5;0.0
yf_ZS=F_d0;56900;INTARIAN_PEPPER_ROOT;10524;16;10520;25;;;10530;20;10534;15;;;10527.0;0.0
yf_ZS=F_d0;57000;ASH_COATED_OSMIUM;9977;16;9973;22;;;9983;12;9985;25;;;9980.0;0.0
yf_ZS=F_d0;57000;INTARIAN_PEPPER_ROOT;10526;17;10523;16;;;10532;15;10534;19;;;10529.0;0.0
yf_ZS=F_d0;57100;ASH_COATED_OSMIUM;9975;9;9971;16;;;9985;14;9987;19;;;9980.0;0.0
yf_ZS=F_d0;57100;INTARIAN_PEPPER_ROOT;10527;16;10524;17;;;10533;10;10536;25;;;10530.0;0.0
yf_ZS=F_d0;57200;ASH_COATED_OSMIUM;9977;18;9974;12;;;9983;12;9986;26;;;9980.0;0.0
yf_ZS=F_d0;57200;INTARIAN_PEPPER_ROOT;10526;7;10522;17;;;10538;21;10540;13;;;10532.0;0.0
yf_ZS=F_d0;57300;ASH_COATED_OSMIUM;9973;9;9970;14;;;9988;13;9991;22;;;9980.5;0.0
yf_ZS=F_d0;57300;INTARIAN_PEPPER_ROOT;10530;5;10527;19;;;10536;17;10539;31;;;10533.0;0.0
yf_ZS=F_d0;57400;ASH_COATED_OSMIUM;9978;13;9976;26;;;9984;10;9986;16;;;9981.0;0.0
yf_ZS=F_d0;57400;INTARIAN_PEPPER_ROOT;10532;16;10528;12;;;10538;14;10540;15;;;10535.0;0.0
yf_ZS=F_d0;57500;ASH_COATED_OSMIUM;9977;16;9974;25;;;9983;9;9985;19;;;9980.0;0.0
yf_ZS=F_d0;57500;INTARIAN_PEPPER_ROOT;10534;6;10530;27;;;10540;9;10543;27;;;10537.0;0.0
yf_ZS=F_d0;57600;ASH_COATED_OSMIUM;9972;12;9970;15;;;9989;11;9992;29;;;9980.5;0.0
yf_ZS=F_d0;57600;INTARIAN_PEPPER_ROOT;10535;5;10532;19;;;10541;21;10544;14;;;10538.0;0.0
yf_ZS=F_d0;57700;ASH_COATED_OSMIUM;9975;14;9973;24;;;9985;29;9987;18;;;9980.0;0.0
yf_ZS=F_d0;57700;INTARIAN_PEPPER_ROOT;10537;21;10533;18;;;10543;11;10547;19;;;10540.0;0.0
yf_ZS=F_d0;57800;ASH_COATED_OSMIUM;9956;23;9954;32;;;10003;11;10005;16;;;9979.5;0.0
yf_ZS=F_d0;57800;INTARIAN_PEPPER_ROOT;10539;16;10536;17;;;10545;11;10548;14;;;10542.0;0.0
yf_ZS=F_d0;57900;ASH_COATED_OSMIUM;9978;15;9974;20;;;9984;7;9987;18;;;9981.0;0.0
yf_ZS=F_d0;57900;INTARIAN_PEPPER_ROOT;10540;15;10537;21;;;10546;13;10548;19;;;10543.0;0.0
yf_ZS=F_d0;58000;ASH_COATED_OSMIUM;9978;14;9974;22;;;9984;13;9986;21;;;9981.0;0.0
yf_ZS=F_d0;58000;INTARIAN_PEPPER_ROOT;10540;18;10537;20;;;10550;20;10554;23;;;10545.0;0.0
yf_ZS=F_d0;58100;ASH_COATED_OSMIUM;9977;23;9974;19;;;9983;20;9985;22;;;9980.0;0.0
yf_ZS=F_d0;58100;INTARIAN_PEPPER_ROOT;10538;17;10535;19;;;10555;14;10558;16;;;10546.5;0.0
yf_ZS=F_d0;58200;ASH_COATED_OSMIUM;9977;9;9973;27;;;9983;15;9985;13;;;9980.0;0.0
yf_ZS=F_d0;58200;INTARIAN_PEPPER_ROOT;10545;15;10541;16;;;10551;11;10554;27;;;10548.0;0.0
yf_ZS=F_d0;58300;ASH_COATED_OSMIUM;9977;18;9973;24;;;9983;19;9987;15;;;9980.0;0.0
