day;timestamp;product;bid_price_1;bid_volume_1;bid_price_2;bid_volume_2;bid_price_3;bid_volume_3;ask_price_1;ask_volume_1;ask_price_2;ask_volume_2;ask_price_3;ask_volume_3;mid_price;profit_and_loss
av_COTTON_d7;0;ASH_COATED_OSMIUM;9897;11;9893;19;;;9903;7;9905;9;;;9900.0;0.0
av_COTTON_d7;0;INTARIAN_PEPPER_ROOT;10010;30;10008;25;;;10016;15;10018;15;;;10013.0;0.0
av_COTTON_d7;100;ASH_COATED_OSMIUM;9895;21;9892;21;;;9905;12;9907;12;;;9900.0;0.0
av_COTTON_d7;100;INTARIAN_PEPPER_ROOT;10010;11;10006;24;;;10016;12;10019;17;;;10013.0;0.0
av_COTTON_d7;200;ASH_COATED_OSMIUM;9884;15;9882;23;;;9916;11;9920;21;;;9900.0;0.0
av_COTTON_d7;200;INTARIAN_PEPPER_ROOT;10007;17;10005;24;;;10017;7;10020;19;;;10012.0;0.0
av_COTTON_d7;300;ASH_COATED_OSMIUM;9895;7;9893;19;;;9905;7;9907;25;;;9900.0;0.0
av_COTTON_d7;300;INTARIAN_PEPPER_ROOT;10006;15;10002;19;;;10019;15;10023;14;;;10012.5;0.0
av_COTTON_d7;400;ASH_COATED_OSMIUM;9890;23;9886;19;;;9911;18;9913;22;;;9900.5;0.0
av_COTTON_d7;400;INTARIAN_PEPPER_ROOT;10009;19;10005;19;;;10015;21;10019;26;;;10012.0;0.0
av_COTTON_d7;500;ASH_COATED_OSMIUM;9895;12;9892;21;;;9907;18;9909;17;;;9901.0;0.0
av_COTTON_d7;500;INTARIAN_PEPPER_ROOT;10009;17;10007;17;;;10015;12;10019;16;;;10012.0;0.0
av_COTTON_d7;600;ASH_COATED_OSMIUM;9898;17;9896;17;;;9905;26;9908;14;;;9901.5;0.0
av_COTTON_d7;600;INTARIAN_PEPPER_ROOT;10003;17;9999;21;;;10022;17;10025;19;;;10012.5;0.0
av_COTTON_d7;700;ASH_COATED_OSMIUM;9897;14;9894;20;;;9904;18;9906;13;;;9900.5;0.0
av_COTTON_d7;700;INTARIAN_PEPPER_ROOT;10008;18;10005;13;;;10017;10;10020;11;;;10012.5;0.0
av_COTTON_d7;800;ASH_COATED_OSMIUM;9898;14;9896;26;;;9904;13;9906;17;;;9901.0;0.0
av_COTTON_d7;800;INTARIAN_PEPPER_ROOT;10009;14;10007;28;;;10015;16;10017;18;;;10012.0;0.0
av_COTTON_d7;900;ASH_COATED_OSMIUM;9899;13;9896;18;;;9905;15;9908;23;;;9902.0;0.0
av_COTTON_d7;900;INTARIAN_PEPPER_ROOT;10009;21;10006;22;;;10015;13;10018;9;;;10012.0;0.0
av_COTTON_d7;1000;ASH_COATED_OSMIUM;9898;7;9896;22;;;9906;24;9908;22;;;9902.0;0.0
av_COTTON_d7;1000;INTARIAN_PEPPER_ROOT;10008;7;10006;19;;;10014;20;10017;18;;;10011.0;0.0
av_COTTON_d7;1100;ASH_COATED_OSMIUM;9899;17;9895;21;;;9905;17;9908;30;;;9902.0;0.0
av_COTTON_d7;1100;INTARIAN_PEPPER_ROOT;10009;19;10006;19;;;10015;17;10019;21;;;10012.0;0.0
av_COTTON_d7;1200;ASH_COATED_OSMIUM;9899;18;9896;23;;;9905;11;9907;18;;;9902.0;0.0
av_COTTON_d7;1200;INTARIAN_PEPPER_ROOT;10009;19;10006;30;;;10015;20;10018;35;;;10012.0;0.0
av_COTTON_d7;1300;ASH_COATED_OSMIUM;9895;20;9892;15;;;9910;15;9914;22;;;9902.5;0.0
av_COTTON_d7;1300;INTARIAN_PEPPER_ROOT;10009;7;10005;14;;;10015;11;10017;9;;;10012.0;0.0
av_COTTON_d7;1400;ASH_COATED_OSMIUM;9894;5;9892;20;;;9911;18;9915;16;;;9902.5;0.0
av_COTTON_d7;1400;INTARIAN_PEPPER_ROOT;10009;18;10005;16;;;10015;15;10019;25;;;10012.0;0.0
av_COTTON_d7;1500;ASH_COATED_OSMIUM;9900;19;9896;27;;;9906;19;9908;22;;;9903.0;0.0
av_COTTON_d7;1500;INTARIAN_PEPPER_ROOT;10006;12;10003;16;;;10017;26;10020;22;;;10011.5;0.0
av_COTTON_d7;1600;ASH_COATED_OSMIUM;9900;25;9897;20;;;9908;13;9912;28;;;9904.0;0.0
av_COTTON_d7;1600;INTARIAN_PEPPER_ROOT;10007;17;10005;21;;;10016;8;10019;27;;;10011.5;0.0
av_COTTON_d7;1700;ASH_COATED_OSMIUM;9884;7;9881;11;;;9921;14;9923;22;;;9902.5;0.0
av_COTTON_d7;1700;INTARIAN_PEPPER_ROOT;10003;15;10001;16;;;10019;17;10021;18;;;10011.0;0.0
av_COTTON_d7;1800;ASH_COATED_OSMIUM;9901;20;9898;23;;;9907;15;9909;18;;;9904.0;0.0
av_COTTON_d7;1800;INTARIAN_PEPPER_ROOT;10008;24;10005;18;;;10014;18;10016;24;;;10011.0;0.0
av_COTTON_d7;1900;ASH_COATED_OSMIUM;9901;8;9898;10;;;9909;14;9911;26;;;9905.0;0.0
av_COTTON_d7;1900;INTARIAN_PEPPER_ROOT;10009;17;10006;13;;;10015;8;10017;19;;;10012.0;0.0
av_COTTON_d7;2000;ASH_COATED_OSMIUM;9902;11;9898;24;;;9908;15;9910;26;;;9905.0;0.0
av_COTTON_d7;2000;INTARIAN_PEPPER_ROOT;10008;15;10006;19;;;10014;9;10016;14;;;10011.0;0.0
av_COTTON_d7;2100;ASH_COATED_OSMIUM;9896;12;9894;12;;;9913;18;9915;14;;;9904.5;0.0
av_COTTON_d7;2100;INTARIAN_PEPPER_ROOT;10009;20;10007;23;;;10015;14;10018;22;;;10012.0;0.0
av_COTTON_d7;2200;ASH_COATED_OSMIUM;9902;18;9900;19;;;9908;14;9911;24;;;9905.0;0.0
av_COTTON_d7;2200;INTARIAN_PEPPER_ROOT;10008;9;10005;16;;;10014;16;10018;19;;;10011.0;0.0
av_COTTON_d7;2300;ASH_COATED_OSMIUM;9902;21;9900;24;;;9908;13;9910;23;;;9905.0;0.0
av_COTTON_d7;2300;INTARIAN_PEPPER_ROOT;10009;10;10007;27;;;10015;10;10017;16;;;10012.0;0.0
av_COTTON_d7;2400;ASH_COATED_OSMIUM;9903;18;9901;17;;;9909;19;9913;28;;;9906.0;0.0
av_COTTON_d7;2400;INTARIAN_PEPPER_ROOT;10002;12;10000;15;;;10021;19;10024;19;;;10011.5;0.0
av_COTTON_d7;2500;ASH_COATED_OSMIUM;9898;25;9895;15;;;9912;5;9916;22;;;9905.0;0.0
av_COTTON_d7;2500;INTARIAN_PEPPER_ROOT;10008;22;10006;26;;;10014;10;10016;28;;;10011.0;0.0
av_COTTON_d7;2600;ASH_COATED_OSMIUM;9903;9;9901;20;;;9909;11;9911;24;;;9906.0;0.0
av_COTTON_d7;2600;INTARIAN_PEPPER_ROOT;10004;9;10000;16;;;10018;10;10020;17;;;10011.0;0.0
av_COTTON_d7;2700;ASH_COATED_OSMIUM;9899;18;9896;13;;;9913;12;9916;8;;;9906.0;0.0
av_COTTON_d7;2700;INTARIAN_PEPPER_ROOT;10008;18;10005;15;;;10014;13;10016;24;;;10011.0;0.0
av_COTTON_d7;2800;ASH_COATED_OSMIUM;9897;12;9895;28;;;9914;12;9917;27;;;9905.5;0.0
av_COTTON_d7;2800;INTARIAN_PEPPER_ROOT;10008;20;10005;10;;;10014;14;10016;24;;;10011.0;0.0
av_COTTON_d7;2900;ASH_COATED_OSMIUM;9903;14;9901;22;;;9911;6;9914;25;;;9907.0;0.0
av_COTTON_d7;2900;INTARIAN_PEPPER_ROOT;10008;12;10005;23;;;10014;12;10017;17;;;10011.0;0.0
av_COTTON_d7;3000;ASH_COATED_OSMIUM;9899;16;9897;19;;;9912;16;9916;22;;;9905.5;0.0
av_COTTON_d7;3000;INTARIAN_PEPPER_ROOT;10004;20;10002;14;;;10018;11;10022;10;;;10011.0;0.0
av_COTTON_d7;3100;ASH_COATED_OSMIUM;9902;14;9900;15;;;9913;14;9917;20;;;9907.5;0.0
av_COTTON_d7;3100;INTARIAN_PEPPER_ROOT;10008;15;10006;20;;;10014;12;10018;20;;;10011.0;0.0
av_COTTON_d7;3200;ASH_COATED_OSMIUM;9905;15;9902;21;;;9911;16;9915;23;;;9908.0;0.0
av_COTTON_d7;3200;INTARIAN_PEPPER_ROOT;10006;7;10002;20;;;10015;19;10017;24;;;10010.5;0.0
av_COTTON_d7;3300;ASH_COATED_OSMIUM;9905;21;9901;20;;;9911;20;9913;28;;;9908.0;0.0
av_COTTON_d7;3300;INTARIAN_PEPPER_ROOT;10008;20;10005;12;;;10014;15;10016;23;;;10011.0;0.0
av_COTTON_d7;3400;ASH_COATED_OSMIUM;9905;17;9903;14;;;9911;14;9914;27;;;9908.0;0.0
av_COTTON_d7;3400;INTARIAN_PEPPER_ROOT;10008;20;10006;14;;;10014;15;10018;31;;;10011.0;0.0
av_COTTON_d7;3500;ASH_COATED_OSMIUM;9905;7;9901;19;;;9911;19;9913;17;;;9908.0;0.0
av_COTTON_d7;3500;INTARIAN_PEPPER_ROOT;10007;20;10004;11;;;10013;23;10016;20;;;10010.0;0.0
av_COTTON_d7;3600;ASH_COATED_OSMIUM;9905;5;9903;25;;;9911;9;9915;21;;;9908.0;0.0
av_COTTON_d7;3600;INTARIAN_PEPPER_ROOT;9999;18;9996;17;;;10022;19;10024;23;;;10010.5;0.0
av_COTTON_d7;3700;ASH_COATED_OSMIUM;9905;17;9901;20;;;9912;10;9915;15;;;9908.5;0.0
av_COTTON_d7;3700;INTARIAN_PEPPER_ROOT;10005;8;10002;12;;;10015;19;10017;14;;;10010.0;0.0
av_COTTON_d7;3800;ASH_COATED_OSMIUM;9905;7;9901;16;;;9911;17;9914;20;;;9908.0;0.0
av_COTTON_d7;3800;INTARIAN_PEPPER_ROOT;10002;14;10000;15;;;10017;14;10019;21;;;10009.5;0.0
av_COTTON_d7;3900;ASH_COATED_OSMIUM;9906;12;9903;17;;;9912;15;9914;11;;;9909.0;0.0
av_COTTON_d7;3900;INTARIAN_PEPPER_ROOT;10007;11;10003;16;;;10013;12;10017;17;;;10010.0;0.0
av_COTTON_d7;4000;ASH_COATED_OSMIUM;9897;12;9894;26;;;9921;17;9923;21;;;9909.0;0.0
av_COTTON_d7;4000;INTARIAN_PEPPER_ROOT;10007;10;10004;21;;;10015;20;10019;28;;;10011.0;0.0
av_COTTON_d7;4100;ASH_COATED_OSMIUM;9906;24;9902;22;;;9913;16;9915;28;;;9909.5;0.0
av_COTTON_d7;4100;INTARIAN_PEPPER_ROOT;10005;5;10002;20;;;10015;9;10018;15;;;10010.0;0.0
av_COTTON_d7;4200;ASH_COATED_OSMIUM;9907;17;9905;17;;;9913;10;9915;20;;;9910.0;0.0
av_COTTON_d7;4200;INTARIAN_PEPPER_ROOT;10007;10;10003;14;;;10013;11;10017;27;;;10010.0;0.0
av_COTTON_d7;4300;ASH_COATED_OSMIUM;9907;24;9905;17;;;9913;13;9916;16;;;9910.0;0.0
av_COTTON_d7;4300;INTARIAN_PEPPER_ROOT;10006;7;10003;13;;;10014;18;10017;24;;;10010.0;0.0
av_COTTON_d7;4400;ASH_COATED_OSMIUM;9905;17;9903;14;;;9915;13;9917;8;;;9910.0;0.0
av_COTTON_d7;4400;INTARIAN_PEPPER_ROOT;10005;5;10001;16;;;10016;12;10020;35;;;10010.5;0.0
av_COTTON_d7;4500;ASH_COATED_OSMIUM;9908;17;9904;21;;;9914;20;9916;20;;;9911.0;0.0
av_COTTON_d7;4500;INTARIAN_PEPPER_ROOT;10007;11;10005;23;;;10013;9;10015;22;;;10010.0;0.0
av_COTTON_d7;4600;ASH_COATED_OSMIUM;9908;11;9905;15;;;9914;20;9918;17;;;9911.0;0.0
av_COTTON_d7;4600;INTARIAN_PEPPER_ROOT;10007;10;10004;21;;;10013;15;10016;11;;;10010.0;0.0
av_COTTON_d7;4700;ASH_COATED_OSMIUM;9906;16;9903;20;;;9915;7;9917;12;;;9910.5;0.0
av_COTTON_d7;4700;INTARIAN_PEPPER_ROOT;10007;11;10003;20;;;10013;10;10015;16;;;10010.0;0.0
av_COTTON_d7;4800;ASH_COATED_OSMIUM;9893;9;9891;19;;;9928;25;9930;20;;;9910.5;0.0
av_COTTON_d7;4800;INTARIAN_PEPPER_ROOT;9998;14;9996;16;;;10022;20;10026;19;;;10010.0;0.0
av_COTTON_d7;4900;ASH_COATED_OSMIUM;9906;18;9903;23;;;9917;13;9921;15;;;9911.5;0.0
av_COTTON_d7;4900;INTARIAN_PEPPER_ROOT;10005;17;10001;18;;;10014;18;10016;23;;;10009.5;0.0
av_COTTON_d7;5000;ASH_COATED_OSMIUM;9909;18;9906;20;;;9915;15;9918;12;;;9912.0;0.0
av_COTTON_d7;5000;INTARIAN_PEPPER_ROOT;10003;18;10000;22;;;10015;21;10017;32;;;10009.0;0.0
av_COTTON_d7;5100;ASH_COATED_OSMIUM;9909;10;9906;10;;;9915;14;9919;16;;;9912.0;0.0
av_COTTON_d7;5100;INTARIAN_PEPPER_ROOT;10007;12;10003;22;;;10013;11;10017;19;;;10010.0;0.0
av_COTTON_d7;5200;ASH_COATED_OSMIUM;9910;13;9907;16;;;9916;7;9919;16;;;9913.0;0.0
av_COTTON_d7;5200;INTARIAN_PEPPER_ROOT;10006;16;10004;20;;;10012;9;10015;23;;;10009.0;0.0
av_COTTON_d7;5300;ASH_COATED_OSMIUM;9904;16;9900;18;;;9920;12;9922;18;;;9912.0;0.0
av_COTTON_d7;5300;INTARIAN_PEPPER_ROOT;10007;20;10005;18;;;10013;7;10015;19;;;10010.0;0.0
av_COTTON_d7;5400;ASH_COATED_OSMIUM;9910;14;9907;26;;;9916;11;9920;24;;;9913.0;0.0
av_COTTON_d7;5400;INTARIAN_PEPPER_ROOT;10007;15;10003;19;;;10013;20;10016;12;;;10010.0;0.0
av_COTTON_d7;5500;ASH_COATED_OSMIUM;9910;27;9907;11;;;9916;18;9918;21;;;9913.0;0.0
av_COTTON_d7;5500;INTARIAN_PEPPER_ROOT;10006;13;10003;20;;;10012;5;10016;22;;;10009.0;0.0
av_COTTON_d7;5600;ASH_COATED_OSMIUM;9909;12;9907;20;;;9917;14;9919;19;;;9913.0;0.0
av_COTTON_d7;5600;INTARIAN_PEPPER_ROOT;10006;14;10004;17;;;10012;15;10015;17;;;10009.0;0.0
av_COTTON_d7;5700;ASH_COATED_OSMIUM;9909;17;9906;25;;;9917;9;9919;20;;;9913.0;0.0
av_COTTON_d7;5700;INTARIAN_PEPPER_ROOT;10006;5;10002;23;;;10012;22;10016;25;;;10009.0;0.0
av_COTTON_d7;5800;ASH_COATED_OSMIUM;9909;10;9905;15;;;9917;12;9921;25;;;9913.0;0.0
av_COTTON_d7;5800;INTARIAN_PEPPER_ROOT;10000;9;9997;22;;;10020;7;10024;23;;;10010.0;0.0
av_COTTON_d7;5900;ASH_COATED_OSMIUM;9910;11;9908;8;;;9918;9;9920;25;;;9914.0;0.0
av_COTTON_d7;5900;INTARIAN_PEPPER_ROOT;10007;13;10005;17;;;10013;5;10017;14;;;10010.0;0.0
av_COTTON_d7;6000;ASH_COATED_OSMIUM;9909;14;9907;20;;;9918;9;9920;18;;;9913.5;0.0
av_COTTON_d7;6000;INTARIAN_PEPPER_ROOT;10006;23;10004;26;;;10012;16;10014;21;;;10009.0;0.0
av_COTTON_d7;6100;ASH_COATED_OSMIUM;9911;17;9908;21;;;9917;16;9919;15;;;9914.0;0.0
av_COTTON_d7;6100;INTARIAN_PEPPER_ROOT;10006;9;10002;17;;;10012;17;10016;22;;;10009.0;0.0
av_COTTON_d7;6200;ASH_COATED_OSMIUM;9909;19;9907;26;;;9920;8;9923;14;;;9914.5;0.0
av_COTTON_d7;6200;INTARIAN_PEPPER_ROOT;10005;13;10003;20;;;10012;12;10015;18;;;10008.5;0.0
av_COTTON_d7;6300;ASH_COATED_OSMIUM;9911;15;9908;17;;;9917;17;9920;23;;;9914.0;0.0
av_COTTON_d7;6300;INTARIAN_PEPPER_ROOT;10006;17;10002;13;;;10012;9;10015;19;;;10009.0;0.0
av_COTTON_d7;6400;ASH_COATED_OSMIUM;9911;12;9909;25;;;9920;17;9923;21;;;9915.5;0.0
av_COTTON_d7;6400;INTARIAN_PEPPER_ROOT;10006;13;10003;15;;;10012;10;10016;14;;;10009.0;0.0
av_COTTON_d7;6500;ASH_COATED_OSMIUM;9910;13;9907;20;;;9920;12;9922;22;;;9915.0;0.0
av_COTTON_d7;6500;INTARIAN_PEPPER_ROOT;10007;9;10003;16;;;10013;8;10015;21;;;10010.0;0.0
av_COTTON_d7;6600;ASH_COATED_OSMIUM;9909;10;9906;27;;;9921;9;9923;16;;;9915.0;0.0
av_COTTON_d7;6600;INTARIAN_PEPPER_ROOT;10006;22;10004;18;;;10012;16;10015;22;;;10009.0;0.0
av_COTTON_d7;6700;ASH_COATED_OSMIUM;9912;17;9910;17;;;9918;13;9921;18;;;9915.0;0.0
av_COTTON_d7;6700;INTARIAN_PEPPER_ROOT;10006;13;10004;21;;;10012;10;10014;20;;;10009.0;0.0
av_COTTON_d7;6800;ASH_COATED_OSMIUM;9913;16;9909;13;;;9919;19;9923;18;;;9916.0;0.0
av_COTTON_d7;6800;INTARIAN_PEPPER_ROOT;10004;18;10002;21;;;10013;12;10015;28;;;10008.5;0.0
av_COTTON_d7;6900;ASH_COATED_OSMIUM;9913;8;9911;12;;;9919;17;9922;18;;;9916.0;0.0
av_COTTON_d7;6900;INTARIAN_PEPPER_ROOT;10006;15;10003;25;;;10012;15;10015;24;;;10009.0;0.0
av_COTTON_d7;7000;ASH_COATED_OSMIUM;9912;22;9908;19;;;9921;13;9924;20;;;9916.5;0.0
av_COTTON_d7;7000;INTARIAN_PEPPER_ROOT;10004;20;10001;19;;;10012;16;10015;25;;;10008.0;0.0
av_COTTON_d7;7100;ASH_COATED_OSMIUM;9912;13;9909;27;;;9921;14;9923;16;;;9916.5;0.0
av_COTTON_d7;7100;INTARIAN_PEPPER_ROOT;9995;17;9993;16;;;10021;10;10025;15;;;10008.0;0.0
av_COTTON_d7;7200;ASH_COATED_OSMIUM;9895;11;9892;22;;;9938;5;9940;25;;;9916.5;0.0
av_COTTON_d7;7200;INTARIAN_PEPPER_ROOT;10005;12;10001;19;;;10013;10;10015;23;;;10009.0;0.0
av_COTTON_d7;7300;ASH_COATED_OSMIUM;9913;13;9909;13;;;9920;11;9924;23;;;9916.5;0.0
av_COTTON_d7;7300;INTARIAN_PEPPER_ROOT;10006;19;10002;20;;;10012;18;10016;14;;;10009.0;0.0
av_COTTON_d7;7400;ASH_COATED_OSMIUM;9915;17;9912;20;;;9921;19;9923;23;;;9918.0;0.0
av_COTTON_d7;7400;INTARIAN_PEPPER_ROOT;10002;14;9999;15;;;10013;20;10017;29;;;10007.5;0.0
av_COTTON_d7;7500;ASH_COATED_OSMIUM;9915;18;9911;26;;;9921;7;9925;22;;;9918.0;0.0
av_COTTON_d7;7500;INTARIAN_PEPPER_ROOT;10006;10;10003;30;;;10012;15;10015;15;;;10009.0;0.0
av_COTTON_d7;7600;ASH_COATED_OSMIUM;9914;6;9912;14;;;9920;12;9923;20;;;9917.0;0.0
av_COTTON_d7;7600;INTARIAN_PEPPER_ROOT;10005;18;10002;16;;;10011;11;10015;18;;;10008.0;0.0
av_COTTON_d7;7700;ASH_COATED_OSMIUM;9912;13;9909;16;;;9925;14;9927;12;;;9918.5;0.0
av_COTTON_d7;7700;INTARIAN_PEPPER_ROOT;10005;10;10001;18;;;10011;7;10013;17;;;10008.0;0.0
av_COTTON_d7;7800;ASH_COATED_OSMIUM;9914;13;9912;28;;;9922;10;9924;24;;;9918.0;0.0
av_COTTON_d7;7800;INTARIAN_PEPPER_ROOT;10004;18;10001;24;;;10012;7;10015;21;;;10008.0;0.0
av_COTTON_d7;7900;ASH_COATED_OSMIUM;9916;15;9912;8;;;9922;11;9924;15;;;9919.0;0.0
av_COTTON_d7;7900;INTARIAN_PEPPER_ROOT;9998;21;9996;13;;;10018;16;10020;21;;;10008.0;0.0
av_COTTON_d7;8000;ASH_COATED_OSMIUM;9916;8;9913;20;;;9922;20;9925;19;;;9919.0;0.0
av_COTTON_d7;8000;INTARIAN_PEPPER_ROOT;10005;16;10003;15;;;10011;19;10015;24;;;10008.0;0.0
av_COTTON_d7;8100;ASH_COATED_OSMIUM;9916;22;9914;13;;;9922;16;9926;24;;;9919.0;0.0
av_COTTON_d7;8100;INTARIAN_PEPPER_ROOT;10003;27;10001;21;;;10014;15;10016;28;;;10008.5;0.0
av_COTTON_d7;8200;ASH_COATED_OSMIUM;9913;27;9909;30;;;9926;20;9929;16;;;9919.5;0.0
av_COTTON_d7;8200;INTARIAN_PEPPER_ROOT;10005;29;10003;18;;;10011;15;10014;15;;;10008.0;0.0
av_COTTON_d7;8300;ASH_COATED_OSMIUM;9914;19;9910;15;;;9925;10;9928;15;;;9919.5;0.0
av_COTTON_d7;8300;INTARIAN_PEPPER_ROOT;10005;13;10002;8;;;10011;10;10015;19;;;10008.0;0.0
av_COTTON_d7;8400;ASH_COATED_OSMIUM;9917;17;9914;19;;;9923;5;9927;17;;;9920.0;0.0
av_COTTON_d7;8400;INTARIAN_PEPPER_ROOT;10005;14;10003;21;;;10011;16;10014;14;;;10008.0;0.0
av_COTTON_d7;8500;ASH_COATED_OSMIUM;9917;10;9914;18;;;9923;14;9926;17;;;9920.0;0.0
av_COTTON_d7;8500;INTARIAN_PEPPER_ROOT;9993;10;9991;16;;;10023;28;10025;21;;;10008.0;0.0
av_COTTON_d7;8600;ASH_COATED_OSMIUM;9904;18;9900;19;;;9936;26;9938;11;;;9920.0;0.0
av_COTTON_d7;8600;INTARIAN_PEPPER_ROOT;10004;13;10000;22;;;10010;19;10012;18;;;10007.0;0.0
av_COTTON_d7;8700;ASH_COATED_OSMIUM;9909;18;9905;18;;;9933;13;9935;20;;;9921.0;0.0
av_COTTON_d7;8700;INTARIAN_PEPPER_ROOT;10005;6;10002;25;;;10011;17;10015;29;;;10008.0;0.0
av_COTTON_d7;8800;ASH_COATED_OSMIUM;9910;16;9907;25;;;9931;17;9934;16;;;9920.5;0.0
av_COTTON_d7;8800;INTARIAN_PEPPER_ROOT;10005;14;10002;27;;;10011;18;10015;16;;;10008.0;0.0
av_COTTON_d7;8900;ASH_COATED_OSMIUM;9917;5;9914;17;;;9924;16;9927;21;;;9920.5;0.0
av_COTTON_d7;8900;INTARIAN_PEPPER_ROOT;10004;14;10000;17;;;10011;16;10015;26;;;10007.5;0.0
av_COTTON_d7;9000;ASH_COATED_OSMIUM;9918;15;9916;18;;;9925;10;9927;20;;;9921.5;0.0
av_COTTON_d7;9000;INTARIAN_PEPPER_ROOT;10005;16;10001;19;;;10011;13;10014;11;;;10008.0;0.0
av_COTTON_d7;9100;ASH_COATED_OSMIUM;9918;19;9916;16;;;9924;12;9926;27;;;9921.0;0.0
av_COTTON_d7;9100;INTARIAN_PEPPER_ROOT;10003;20;10001;20;;;10011;13;10013;25;;;10007.0;0.0
av_COTTON_d7;9200;ASH_COATED_OSMIUM;9919;9;9915;24;;;9925;15;9929;15;;;9922.0;0.0
av_COTTON_d7;9200;INTARIAN_PEPPER_ROOT;10004;15;10001;26;;;10010;20;10014;19;;;10007.0;0.0
av_COTTON_d7;9300;ASH_COATED_OSMIUM;9919;13;9917;13;;;9926;11;9929;17;;;9922.5;0.0
av_COTTON_d7;9300;INTARIAN_PEPPER_ROOT;10004;22;10001;19;;;10010;11;10012;17;;;10007.0;0.0
av_COTTON_d7;9400;ASH_COATED_OSMIUM;9919;12;9916;21;;;9925;14;9928;12;;;9922.0;0.0
av_COTTON_d7;9400;INTARIAN_PEPPER_ROOT;10001;13;9997;14;;;10015;17;10017;14;;;10008.0;0.0
av_COTTON_d7;9500;ASH_COATED_OSMIUM;9919;22;9916;21;;;9925;11;9928;21;;;9922.0;0.0
av_COTTON_d7;9500;INTARIAN_PEPPER_ROOT;10004;16;10000;19;;;10011;14;10013;27;;;10007.5;0.0
av_COTTON_d7;9600;ASH_COATED_OSMIUM;9920;13;9918;19;;;9926;13;9929;28;;;9923.0;0.0
av_COTTON_d7;9600;INTARIAN_PEPPER_ROOT;10004;19;10000;18;;;10010;18;10013;20;;;10007.0;0.0
av_COTTON_d7;9700;ASH_COATED_OSMIUM;9920;18;9916;19;;;9926;11;9928;16;;;9923.0;0.0
av_COTTON_d7;9700;INTARIAN_PEPPER_ROOT;10001;16;9998;15;;;10012;15;10014;25;;;10006.5;0.0
av_COTTON_d7;9800;ASH_COATED_OSMIUM;9919;8;9916;21;;;9925;10;9928;14;;;9922.0;0.0
av_COTTON_d7;9800;INTARIAN_PEPPER_ROOT;10004;18;10002;20;;;10011;25;10013;28;;;10007.5;0.0
av_COTTON_d7;9900;ASH_COATED_OSMIUM;9920;13;9918;30;;;9926;25;9928;21;;;9923.0;0.0
av_COTTON_d7;9900;INTARIAN_PEPPER_ROOT;10004;19;10002;8;;;10010;25;10013;22;;;10007.0;0.0
av_COTTON_d7;10000;ASH_COATED_OSMIUM;9921;18;9917;20;;;9927;20;9930;14;;;9924.0;0.0
av_COTTON_d7;10000;INTARIAN_PEPPER_ROOT;10003;13;10001;16;;;10009;9;10011;15;;;10006.0;0.0
av_COTTON_d7;10100;ASH_COATED_OSMIUM;9918;11;9915;26;;;9930;13;9934;19;;;9924.0;0.0
av_COTTON_d7;10100;INTARIAN_PEPPER_ROOT;10003;19;10000;19;;;10011;12;10014;20;;;10007.0;0.0
av_COTTON_d7;10200;ASH_COATED_OSMIUM;9920;16;9917;29;;;9927;10;9930;20;;;9923.5;0.0
av_COTTON_d7;10200;INTARIAN_PEPPER_ROOT;10001;13;9999;21;;;10012;17;10015;11;;;10006.5;0.0
av_COTTON_d7;10300;ASH_COATED_OSMIUM;9921;16;9917;25;;;9927;21;9929;20;;;9924.0;0.0
av_COTTON_d7;10300;INTARIAN_PEPPER_ROOT;10003;13;10001;18;;;10009;6;10012;18;;;10006.0;0.0
av_COTTON_d7;10400;ASH_COATED_OSMIUM;9921;15;9918;30;;;9927;5;9930;11;;;9924.0;0.0
av_COTTON_d7;10400;INTARIAN_PEPPER_ROOT;10001;11;9999;21;;;10012;13;10016;16;;;10006.5;0.0
av_COTTON_d7;10500;ASH_COATED_OSMIUM;9921;16;9919;13;;;9927;5;9931;26;;;9924.0;0.0
av_COTTON_d7;10500;INTARIAN_PEPPER_ROOT;10003;17;10001;17;;;10009;16;10013;15;;;10006.0;0.0
av_COTTON_d7;10600;ASH_COATED_OSMIUM;9922;15;9918;19;;;9928;23;9932;18;;;9925.0;0.0
av_COTTON_d7;10600;INTARIAN_PEPPER_ROOT;10001;16;9998;20;;;10012;15;10014;17;;;10006.5;0.0
av_COTTON_d7;10700;ASH_COATED_OSMIUM;9919;10;9917;16;;;9932;18;9935;15;;;9925.5;0.0
av_COTTON_d7;10700;INTARIAN_PEPPER_ROOT;10003;15;10000;21;;;10009;27;10013;27;;;10006.0;0.0
av_COTTON_d7;10800;ASH_COATED_OSMIUM;9921;10;9918;8;;;9930;10;9933;24;;;9925.5;0.0
av_COTTON_d7;10800;INTARIAN_PEPPER_ROOT;10003;15;9999;20;;;10009;11;10011;18;;;10006.0;0.0
av_COTTON_d7;10900;ASH_COATED_OSMIUM;9919;13;9916;11;;;9932;11;9936;20;;;9925.5;0.0
av_COTTON_d7;10900;INTARIAN_PEPPER_ROOT;10003;13;10000;17;;;10009;15;10012;10;;;10006.0;0.0
av_COTTON_d7;11000;ASH_COATED_OSMIUM;9921;19;9919;22;;;9930;12;9934;8;;;9925.5;0.0
av_COTTON_d7;11000;INTARIAN_PEPPER_ROOT;10000;22;9997;17;;;10013;17;10016;13;;;10006.5;0.0
av_COTTON_d7;11100;ASH_COATED_OSMIUM;9923;5;9919;18;;;9929;7;9933;10;;;9926.0;0.0
av_COTTON_d7;11100;INTARIAN_PEPPER_ROOT;10002;18;9998;11;;;10011;15;10014;18;;;10006.5;0.0
av_COTTON_d7;11200;ASH_COATED_OSMIUM;9923;13;9921;21;;;9930;18;9932;26;;;9926.5;0.0
av_COTTON_d7;11200;INTARIAN_PEPPER_ROOT;10003;13;9999;25;;;10009;25;10011;26;;;10006.0;0.0
av_COTTON_d7;11300;ASH_COATED_OSMIUM;9923;5;9921;24;;;9929;23;9931;19;;;9926.0;0.0
av_COTTON_d7;11300;INTARIAN_PEPPER_ROOT;10003;21;9999;12;;;10009;11;10013;15;;;10006.0;0.0
av_COTTON_d7;11400;ASH_COATED_OSMIUM;9924;11;9921;27;;;9930;16;9933;21;;;9927.0;0.0
av_COTTON_d7;11400;INTARIAN_PEPPER_ROOT;10003;14;10001;12;;;10011;13;10015;14;;;10007.0;0.0
av_COTTON_d7;11500;ASH_COATED_OSMIUM;9921;11;9919;15;;;9932;8;9935;9;;;9926.5;0.0
av_COTTON_d7;11500;INTARIAN_PEPPER_ROOT;10003;11;10001;19;;;10009;15;10011;25;;;10006.0;0.0
av_COTTON_d7;11600;ASH_COATED_OSMIUM;9924;16;9920;15;;;9930;10;9932;16;;;9927.0;0.0
av_COTTON_d7;11600;INTARIAN_PEPPER_ROOT;10002;14;9999;22;;;10008;8;10010;9;;;10005.0;0.0
av_COTTON_d7;11700;ASH_COATED_OSMIUM;9924;7;9921;17;;;9930;14;9932;22;;;9927.0;0.0
av_COTTON_d7;11700;INTARIAN_PEPPER_ROOT;10003;13;10000;22;;;10011;15;10014;19;;;10007.0;0.0
av_COTTON_d7;11800;ASH_COATED_OSMIUM;9923;12;9920;16;;;9933;10;9937;23;;;9928.0;0.0
av_COTTON_d7;11800;INTARIAN_PEPPER_ROOT;10003;10;9999;12;;;10009;19;10011;16;;;10006.0;0.0
av_COTTON_d7;11900;ASH_COATED_OSMIUM;9925;11;9922;28;;;9931;6;9935;16;;;9928.0;0.0
av_COTTON_d7;11900;INTARIAN_PEPPER_ROOT;10003;15;10001;13;;;10009;17;10011;27;;;10006.0;0.0
av_COTTON_d7;12000;ASH_COATED_OSMIUM;9923;9;9921;12;;;9934;11;9936;20;;;9928.5;0.0
av_COTTON_d7;12000;INTARIAN_PEPPER_ROOT;10001;13;9998;24;;;10011;18;10013;25;;;10006.0;0.0
av_COTTON_d7;12100;ASH_COATED_OSMIUM;9918;9;9914;20;;;9940;15;9943;16;;;9929.0;0.0
av_COTTON_d7;12100;INTARIAN_PEPPER_ROOT;10002;21;10000;24;;;10008;14;10012;25;;;10005.0;0.0
av_COTTON_d7;12200;ASH_COATED_OSMIUM;9923;7;9920;20;;;9934;17;9936;20;;;9928.5;0.0
av_COTTON_d7;12200;INTARIAN_PEPPER_ROOT;10003;17;10000;14;;;10009;16;10013;21;;;10006.0;0.0
av_COTTON_d7;12300;ASH_COATED_OSMIUM;9918;13;9914;14;;;9940;12;9943;17;;;9929.0;0.0
av_COTTON_d7;12300;INTARIAN_PEPPER_ROOT;10002;9;9999;21;;;10008;24;10011;20;;;10005.0;0.0
av_COTTON_d7;12400;ASH_COATED_OSMIUM;9926;23;9922;22;;;9933;17;9935;16;;;9929.5;0.0
av_COTTON_d7;12400;INTARIAN_PEPPER_ROOT;10002;20;9999;30;;;10008;18;10011;26;;;10005.0;0.0
av_COTTON_d7;12500;ASH_COATED_OSMIUM;9927;6;9925;25;;;9933;16;9937;18;;;9930.0;0.0
av_COTTON_d7;12500;INTARIAN_PEPPER_ROOT;10002;9;10000;16;;;10008;17;10012;16;;;10005.0;0.0
av_COTTON_d7;12600;ASH_COATED_OSMIUM;9927;10;9923;15;;;9933;11;9935;15;;;9930.0;0.0
av_COTTON_d7;12600;INTARIAN_PEPPER_ROOT;10002;21;9999;17;;;10008;7;10011;8;;;10005.0;0.0
av_COTTON_d7;12700;ASH_COATED_OSMIUM;9924;11;9920;19;;;9937;10;9940;13;;;9930.5;0.0
av_COTTON_d7;12700;INTARIAN_PEPPER_ROOT;9991;9;9988;8;;;10019;15;10021;23;;;10005.0;0.0
av_COTTON_d7;12800;ASH_COATED_OSMIUM;9925;11;9923;26;;;9934;19;9938;19;;;9929.5;0.0
av_COTTON_d7;12800;INTARIAN_PEPPER_ROOT;10002;13;9998;23;;;10008;12;10011;25;;;10005.0;0.0
av_COTTON_d7;12900;ASH_COATED_OSMIUM;9920;25;9917;25;;;9940;5;9943;20;;;9930.0;0.0
av_COTTON_d7;12900;INTARIAN_PEPPER_ROOT;10002;15;9999;16;;;10008;19;10011;21;;;10005.0;0.0
av_COTTON_d7;13000;ASH_COATED_OSMIUM;9928;13;9924;15;;;9934;12;9938;17;;;9931.0;0.0
av_COTTON_d7;13000;INTARIAN_PEPPER_ROOT;10002;12;9998;23;;;10008;22;10011;24;;;10005.0;0.0
av_COTTON_d7;13100;ASH_COATED_OSMIUM;9928;5;9926;22;;;9934;14;9938;16;;;9931.0;0.0
av_COTTON_d7;13100;INTARIAN_PEPPER_ROOT;10002;12;9998;22;;;10009;13;10011;20;;;10005.5;0.0
av_COTTON_d7;13200;ASH_COATED_OSMIUM;9928;17;9924;13;;;9934;14;9936;23;;;9931.0;0.0
av_COTTON_d7;13200;INTARIAN_PEPPER_ROOT;10000;20;9996;20;;;10011;8;10013;20;;;10005.5;0.0
av_COTTON_d7;13300;ASH_COATED_OSMIUM;9929;14;9927;19;;;9935;15;9937;13;;;9932.0;0.0
av_COTTON_d7;13300;INTARIAN_PEPPER_ROOT;10000;7;9998;29;;;10011;13;10014;19;;;10005.5;0.0
av_COTTON_d7;13400;ASH_COATED_OSMIUM;9924;23;9921;20;;;9939;15;9941;22;;;9931.5;0.0
av_COTTON_d7;13400;INTARIAN_PEPPER_ROOT;10002;5;9998;22;;;10008;14;10012;16;;;10005.0;0.0
av_COTTON_d7;13500;ASH_COATED_OSMIUM;9929;13;9925;27;;;9935;15;9937;21;;;9932.0;0.0
av_COTTON_d7;13500;INTARIAN_PEPPER_ROOT;10001;12;9999;26;;;10007;16;10010;28;;;10004.0;0.0
av_COTTON_d7;13600;ASH_COATED_OSMIUM;9929;15;9926;21;;;9935;16;9937;27;;;9932.0;0.0
av_COTTON_d7;13600;INTARIAN_PEPPER_ROOT;10001;18;9998;16;;;10007;7;10010;20;;;10004.0;0.0
av_COTTON_d7;13700;ASH_COATED_OSMIUM;9926;17;9924;15;;;9939;20;9942;15;;;9932.5;0.0
av_COTTON_d7;13700;INTARIAN_PEPPER_ROOT;10001;14;9997;19;;;10007;10;10009;19;;;10004.0;0.0
av_COTTON_d7;13800;ASH_COATED_OSMIUM;9922;16;9918;22;;;9943;14;9946;29;;;9932.5;0.0
av_COTTON_d7;13800;INTARIAN_PEPPER_ROOT;10002;18;9998;22;;;10008;10;10010;17;;;10005.0;0.0
av_COTTON_d7;13900;ASH_COATED_OSMIUM;9929;16;9927;13;;;9937;15;9939;19;;;9933.0;0.0
av_COTTON_d7;13900;INTARIAN_PEPPER_ROOT;9996;11;9994;27;;;10012;16;10016;24;;;10004.0;0.0
av_COTTON_d7;14000;ASH_COATED_OSMIUM;9930;10;9928;21;;;9936;20;9939;27;;;9933.0;0.0
av_COTTON_d7;14000;INTARIAN_PEPPER_ROOT;10002;10;9998;18;;;10008;16;10012;22;;;10005.0;0.0
av_COTTON_d7;14100;ASH_COATED_OSMIUM;9923;14;9919;25;;;9944;14;9948;19;;;9933.5;0.0
av_COTTON_d7;14100;INTARIAN_PEPPER_ROOT;10001;21;9998;15;;;10008;21;10011;22;;;10004.5;0.0
av_COTTON_d7;14200;ASH_COATED_OSMIUM;9924;13;9921;19;;;9943;13;9946;24;;;9933.5;0.0
av_COTTON_d7;14200;INTARIAN_PEPPER_ROOT;10002;14;9999;24;;;10008;22;10010;24;;;10005.0;0.0
av_COTTON_d7;14300;ASH_COATED_OSMIUM;9931;12;9928;12;;;9937;18;9939;17;;;9934.0;0.0
av_COTTON_d7;14300;INTARIAN_PEPPER_ROOT;10001;18;9997;20;;;10007;15;10011;17;;;10004.0;0.0
av_COTTON_d7;14400;ASH_COATED_OSMIUM;9929;17;9926;24;;;9941;12;9944;20;;;9935.0;0.0
av_COTTON_d7;14400;INTARIAN_PEPPER_ROOT;10001;11;9998;25;;;10007;12;10010;30;;;10004.0;0.0
av_COTTON_d7;14500;ASH_COATED_OSMIUM;9931;16;9928;23;;;9937;19;9941;17;;;9934.0;0.0
av_COTTON_d7;14500;INTARIAN_PEPPER_ROOT;10001;9;9998;17;;;10007;22;10010;26;;;10004.0;0.0
av_COTTON_d7;14600;ASH_COATED_OSMIUM;9932;21;9928;19;;;9938;10;9940;17;;;9935.0;0.0
av_COTTON_d7;14600;INTARIAN_PEPPER_ROOT;10001;11;9997;26;;;10007;21;10011;22;;;10004.0;0.0
av_COTTON_d7;14700;ASH_COATED_OSMIUM;9932;11;9928;13;;;9938;19;9941;20;;;9935.0;0.0
av_COTTON_d7;14700;INTARIAN_PEPPER_ROOT;10002;9;9998;14;;;10008;19;10010;21;;;10005.0;0.0
av_COTTON_d7;14800;ASH_COATED_OSMIUM;9923;14;9921;17;;;9947;21;9949;24;;;9935.0;0.0
av_COTTON_d7;14800;INTARIAN_PEPPER_ROOT;10001;18;9997;17;;;10007;18;10011;22;;;10004.0;0.0
av_COTTON_d7;14900;ASH_COATED_OSMIUM;9927;18;9923;20;;;9944;15;9946;18;;;9935.5;0.0
av_COTTON_d7;14900;INTARIAN_PEPPER_ROOT;10001;13;9999;22;;;10007;13;10011;26;;;10004.0;0.0
av_COTTON_d7;15000;ASH_COATED_OSMIUM;9932;12;9930;18;;;9938;10;9941;18;;;9935.0;0.0
av_COTTON_d7;15000;INTARIAN_PEPPER_ROOT;10001;14;9998;29;;;10007;8;10009;18;;;10004.0;0.0
av_COTTON_d7;15100;ASH_COATED_OSMIUM;9930;13;9928;27;;;9943;11;9947;27;;;9936.5;0.0
av_COTTON_d7;15100;INTARIAN_PEPPER_ROOT;10001;7;9999;17;;;10007;17;10010;14;;;10004.0;0.0
av_COTTON_d7;15200;ASH_COATED_OSMIUM;9927;16;9923;21;;;9945;13;9949;16;;;9936.0;0.0
av_COTTON_d7;15200;INTARIAN_PEPPER_ROOT;9999;16;9996;24;;;10008;18;10010;16;;;10003.5;0.0
av_COTTON_d7;15300;ASH_COATED_OSMIUM;9933;14;9929;24;;;9939;5;9943;21;;;9936.0;0.0
av_COTTON_d7;15300;INTARIAN_PEPPER_ROOT;9999;12;9997;22;;;10009;9;10011;17;;;10004.0;0.0
av_COTTON_d7;15400;ASH_COATED_OSMIUM;9928;10;9926;13;;;9946;18;9950;15;;;9937.0;0.0
av_COTTON_d7;15400;INTARIAN_PEPPER_ROOT;10001;18;9997;25;;;10007;18;10011;23;;;10004.0;0.0
av_COTTON_d7;15500;ASH_COATED_OSMIUM;9926;17;9923;21;;;9947;15;9951;22;;;9936.5;0.0
av_COTTON_d7;15500;INTARIAN_PEPPER_ROOT;10000;20;9998;15;;;10006;12;10010;17;;;10003.0;0.0
av_COTTON_d7;15600;ASH_COATED_OSMIUM;9931;16;9928;13;;;9942;15;9944;16;;;9936.5;0.0
av_COTTON_d7;15600;INTARIAN_PEPPER_ROOT;10000;17;9998;15;;;10006;19;10008;27;;;10003.0;0.0
av_COTTON_d7;15700;ASH_COATED_OSMIUM;9931;11;9929;15;;;9943;17;9947;27;;;9937.0;0.0
av_COTTON_d7;15700;INTARIAN_PEPPER_ROOT;9984;23;9981;18;;;10023;12;10025;12;;;10003.5;0.0
av_COTTON_d7;15800;ASH_COATED_OSMIUM;9934;11;9930;11;;;9942;16;9944;15;;;9938.0;0.0
av_COTTON_d7;15800;INTARIAN_PEPPER_ROOT;10001;14;9999;17;;;10007;17;10010;13;;;10004.0;0.0
av_COTTON_d7;15900;ASH_COATED_OSMIUM;9935;13;9933;16;;;9941;13;9943;20;;;9938.0;0.0
av_COTTON_d7;15900;INTARIAN_PEPPER_ROOT;10001;18;9997;25;;;10007;13;10011;15;;;10004.0;0.0
av_COTTON_d7;16000;ASH_COATED_OSMIUM;9935;10;9932;26;;;9941;24;9944;24;;;9938.0;0.0
av_COTTON_d7;16000;INTARIAN_PEPPER_ROOT;9997;22;9995;20;;;10010;22;10014;22;;;10003.5;0.0
av_COTTON_d7;16100;ASH_COATED_OSMIUM;9935;19;9931;11;;;9941;16;9945;26;;;9938.0;0.0
av_COTTON_d7;16100;INTARIAN_PEPPER_ROOT;10000;8;9997;11;;;10006;13;10008;34;;;10003.0;0.0
av_COTTON_d7;16200;ASH_COATED_OSMIUM;9935;8;9931;22;;;9941;10;9944;10;;;9938.0;0.0
av_COTTON_d7;16200;INTARIAN_PEPPER_ROOT;10000;17;9998;19;;;10006;6;10008;25;;;10003.0;0.0
av_COTTON_d7;16300;ASH_COATED_OSMIUM;9936;17;9934;22;;;9942;18;9945;20;;;9939.0;0.0
av_COTTON_d7;16300;INTARIAN_PEPPER_ROOT;10000;12;9996;22;;;10006;10;10010;20;;;10003.0;0.0
av_COTTON_d7;16400;ASH_COATED_OSMIUM;9933;16;9929;19;;;9944;11;9947;24;;;9938.5;0.0
av_COTTON_d7;16400;INTARIAN_PEPPER_ROOT;10000;17;9998;21;;;10006;16;10010;13;;;10003.0;0.0
av_COTTON_d7;16500;ASH_COATED_OSMIUM;9936;19;9932;23;;;9942;15;9944;23;;;9939.0;0.0
av_COTTON_d7;16500;INTARIAN_PEPPER_ROOT;10000;18;9998;13;;;10006;17;10010;14;;;10003.0;0.0
av_COTTON_d7;16600;ASH_COATED_OSMIUM;9936;11;9932;27;;;9942;15;9945;24;;;9939.0;0.0
av_COTTON_d7;16600;INTARIAN_PEPPER_ROOT;9995;23;9993;17;;;10010;9;10013;17;;;10002.5;0.0
av_COTTON_d7;16700;ASH_COATED_OSMIUM;9936;5;9934;19;;;9943;13;9945;22;;;9939.5;0.0
av_COTTON_d7;16700;INTARIAN_PEPPER_ROOT;9999;16;9995;17;;;10008;18;10011;19;;;10003.5;0.0
av_COTTON_d7;16800;ASH_COATED_OSMIUM;9924;25;9920;21;;;9957;13;9959;13;;;9940.5;0.0
av_COTTON_d7;16800;INTARIAN_PEPPER_ROOT;9997;18;9994;23;;;10008;9;10010;23;;;10002.5;0.0
av_COTTON_d7;16900;ASH_COATED_OSMIUM;9934;10;9930;25;;;9945;9;9948;15;;;9939.5;0.0
av_COTTON_d7;16900;INTARIAN_PEPPER_ROOT;9999;10;9997;16;;;10006;15;10008;21;;;10002.5;0.0
av_COTTON_d7;17000;ASH_COATED_OSMIUM;9937;16;9933;24;;;9943;13;9947;18;;;9940.0;0.0
av_COTTON_d7;17000;INTARIAN_PEPPER_ROOT;10000;13;9997;14;;;10006;11;10010;29;;;10003.0;0.0
av_COTTON_d7;17100;ASH_COATED_OSMIUM;9935;20;9931;16;;;9946;15;9949;17;;;9940.5;0.0
av_COTTON_d7;17100;INTARIAN_PEPPER_ROOT;9999;18;9995;17;;;10007;12;10010;25;;;10003.0;0.0
av_COTTON_d7;17200;ASH_COATED_OSMIUM;9937;15;9934;19;;;9943;15;9945;18;;;9940.0;0.0
av_COTTON_d7;17200;INTARIAN_PEPPER_ROOT;9999;6;9995;24;;;10005;16;10008;22;;;10002.0;0.0
av_COTTON_d7;17300;ASH_COATED_OSMIUM;9937;13;9934;23;;;9943;20;9946;13;;;9940.0;0.0
av_COTTON_d7;17300;INTARIAN_PEPPER_ROOT;10000;9;9998;30;;;10006;20;10008;16;;;10003.0;0.0
av_COTTON_d7;17400;ASH_COATED_OSMIUM;9937;10;9935;21;;;9943;21;9947;19;;;9940.0;0.0
av_COTTON_d7;17400;INTARIAN_PEPPER_ROOT;9999;11;9996;20;;;10005;13;10008;16;;;10002.0;0.0
av_COTTON_d7;17500;ASH_COATED_OSMIUM;9937;13;9934;23;;;9943;13;9946;31;;;9940.0;0.0
av_COTTON_d7;17500;INTARIAN_PEPPER_ROOT;10000;17;9996;24;;;10006;12;10010;9;;;10003.0;0.0
av_COTTON_d7;17600;ASH_COATED_OSMIUM;9937;17;9935;20;;;9943;12;9945;22;;;9940.0;0.0
av_COTTON_d7;17600;INTARIAN_PEPPER_ROOT;10000;15;9997;15;;;10006;13;10010;14;;;10003.0;0.0
av_COTTON_d7;17700;ASH_COATED_OSMIUM;9936;20;9933;23;;;9942;16;9946;13;;;9939.0;0.0
av_COTTON_d7;17700;INTARIAN_PEPPER_ROOT;10000;7;9998;21;;;10006;20;10008;24;;;10003.0;0.0
av_COTTON_d7;17800;ASH_COATED_OSMIUM;9937;5;9933;18;;;9943;17;9945;25;;;9940.0;0.0
av_COTTON_d7;17800;INTARIAN_PEPPER_ROOT;9998;20;9995;24;;;10009;19;10012;23;;;10003.5;0.0
av_COTTON_d7;17900;ASH_COATED_OSMIUM;9937;13;9935;25;;;9943;6;9947;22;;;9940.0;0.0
av_COTTON_d7;17900;INTARIAN_PEPPER_ROOT;9999;15;9995;19;;;10005;7;10009;14;;;10002.0;0.0
av_COTTON_d7;18000;ASH_COATED_OSMIUM;9937;15;9935;16;;;9943;10;9945;28;;;9940.0;0.0
av_COTTON_d7;18000;INTARIAN_PEPPER_ROOT;9984;16;9982;24;;;10022;26;10026;22;;;10003.0;0.0
av_COTTON_d7;18100;ASH_COATED_OSMIUM;9937;9;9934;21;;;9943;16;9945;25;;;9940.0;0.0
av_COTTON_d7;18100;INTARIAN_PEPPER_ROOT;9999;21;9995;23;;;10006;10;10009;16;;;10002.5;0.0
av_COTTON_d7;18200;ASH_COATED_OSMIUM;9932;12;9928;10;;;9948;14;9950;18;;;9940.0;0.0
av_COTTON_d7;18200;INTARIAN_PEPPER_ROOT;9999;5;9997;21;;;10005;13;10007;21;;;10002.0;0.0
av_COTTON_d7;18300;ASH_COATED_OSMIUM;9937;8;9934;20;;;9943;10;9945;16;;;9940.0;0.0
av_COTTON_d7;18300;INTARIAN_PEPPER_ROOT;10000;13;9996;8;;;10006;15;10009;16;;;10003.0;0.0
av_COTTON_d7;18400;ASH_COATED_OSMIUM;9935;5;9931;25;;;9945;19;9949;21;;;9940.0;0.0
av_COTTON_d7;18400;INTARIAN_PEPPER_ROOT;9999;11;9995;21;;;10005;23;10008;15;;;10002.0;0.0
av_COTTON_d7;18500;ASH_COATED_OSMIUM;9937;16;9934;26;;;9943;19;9945;16;;;9940.0;0.0
av_COTTON_d7;18500;INTARIAN_PEPPER_ROOT;9991;5;9989;22;;;10013;13;10016;20;;;10002.0;0.0
av_COTTON_d7;18600;ASH_COATED_OSMIUM;9938;18;9934;20;;;9944;9;9948;15;;;9941.0;0.0
av_COTTON_d7;18600;INTARIAN_PEPPER_ROOT;9992;20;9990;20;;;10013;5;10017;20;;;10002.5;0.0
av_COTTON_d7;18700;ASH_COATED_OSMIUM;9936;5;9934;25;;;9944;16;9947;8;;;9940.0;0.0
av_COTTON_d7;18700;INTARIAN_PEPPER_ROOT;9999;14;9997;21;;;10005;16;10007;26;;;10002.0;0.0
av_COTTON_d7;18800;ASH_COATED_OSMIUM;9938;6;9935;26;;;9944;12;9946;13;;;9941.0;0.0
av_COTTON_d7;18800;INTARIAN_PEPPER_ROOT;9995;22;9991;28;;;10009;13;10012;27;;;10002.0;0.0
av_COTTON_d7;18900;ASH_COATED_OSMIUM;9937;10;9935;23;;;9943;12;9945;22;;;9940.0;0.0
av_COTTON_d7;18900;INTARIAN_PEPPER_ROOT;9999;20;9997;21;;;10005;16;10007;18;;;10002.0;0.0
av_COTTON_d7;19000;ASH_COATED_OSMIUM;9934;21;9932;27;;;9947;15;9949;22;;;9940.5;0.0
av_COTTON_d7;19000;INTARIAN_PEPPER_ROOT;9991;23;9987;22;;;10014;10;10018;21;;;10002.5;0.0
av_COTTON_d7;19100;ASH_COATED_OSMIUM;9938;18;9936;20;;;9944;24;9948;17;;;9941.0;0.0
av_COTTON_d7;19100;INTARIAN_PEPPER_ROOT;9999;20;9995;18;;;10005;12;10009;12;;;10002.0;0.0
av_COTTON_d7;19200;ASH_COATED_OSMIUM;9937;5;9934;21;;;9943;13;9945;13;;;9940.0;0.0
av_COTTON_d7;19200;INTARIAN_PEPPER_ROOT;10000;15;9996;19;;;10006;11;10010;25;;;10003.0;0.0
av_COTTON_d7;19300;ASH_COATED_OSMIUM;9938;15;9936;21;;;9944;14;9946;24;;;9941.0;0.0
av_COTTON_d7;19300;INTARIAN_PEPPER_ROOT;9999;16;9996;21;;;10005;21;10009;17;;;10002.0;0.0
av_COTTON_d7;19400;ASH_COATED_OSMIUM;9926;19;9924;26;;;9954;15;9958;22;;;9940.0;0.0
av_COTTON_d7;19400;INTARIAN_PEPPER_ROOT;9999;18;9995;18;;;10005;12;10009;20;;;10002.0;0.0
av_COTTON_d7;19500;ASH_COATED_OSMIUM;9930;5;9928;22;;;9952;18;9955;26;;;9941.0;0.0
av_COTTON_d7;19500;INTARIAN_PEPPER_ROOT;9999;17;9996;14;;;10005;23;10008;15;;;10002.0;0.0
av_COTTON_d7;19600;ASH_COATED_OSMIUM;9938;15;9934;19;;;9944;16;9947;20;;;9941.0;0.0
av_COTTON_d7;19600;INTARIAN_PEPPER_ROOT;9999;19;9997;24;;;10006;21;10008;10;;;10002.5;0.0
av_COTTON_d7;19700;ASH_COATED_OSMIUM;9935;21;9933;21;;;9946;10;9950;16;;;9940.5;0.0
av_COTTON_d7;19700;INTARIAN_PEPPER_ROOT;9990;22;9988;23;;;10013;16;10016;16;;;10001.5;0.0
av_COTTON_d7;19800;ASH_COATED_OSMIUM;9937;11;9934;24;;;9943;15;9947;24;;;9940.0;0.0
av_COTTON_d7;19800;INTARIAN_PEPPER_ROOT;9998;15;9994;16;;;10006;24;10009;19;;;10002.0;0.0
av_COTTON_d7;19900;ASH_COATED_OSMIUM;9938;18;9935;15;;;9944;14;9946;13;;;9941.0;0.0
av_COTTON_d7;19900;INTARIAN_PEPPER_ROOT;9999;21;9995;10;;;10005;13;10009;20;;;10002.0;0.0
av_COTTON_d7;20000;ASH_COATED_OSMIUM;9937;20;9935;22;;;9943;14;9945;29;;;9940.0;0.0
av_COTTON_d7;20000;INTARIAN_PEPPER_ROOT;9999;14;9997;15;;;10005;9;10009;23;;;10002.0;0.0
av_COTTON_d7;20100;ASH_COATED_OSMIUM;9938;19;9934;26;;;9944;10;9947;8;;;9941.0;0.0
av_COTTON_d7;20100;INTARIAN_PEPPER_ROOT;9999;20;9996;15;;;10005;8;10008;19;;;10002.0;0.0
av_COTTON_d7;20200;ASH_COATED_OSMIUM;9936;10;9934;21;;;9944;15;9947;13;;;9940.0;0.0
av_COTTON_d7;20200;INTARIAN_PEPPER_ROOT;9998;19;9996;16;;;10007;17;10010;34;;;10002.5;0.0
av_COTTON_d7;20300;ASH_COATED_OSMIUM;9937;17;9933;31;;;9943;8;9947;20;;;9940.0;0.0
av_COTTON_d7;20300;INTARIAN_PEPPER_ROOT;9999;21;9996;27;;;10005;15;10007;26;;;10002.0;0.0
av_COTTON_d7;20400;ASH_COATED_OSMIUM;9929;17;9926;22;;;9954;5;9957;15;;;9941.5;0.0
av_COTTON_d7;20400;INTARIAN_PEPPER_ROOT;9997;19;9993;21;;;10008;13;10012;31;;;10002.5;0.0
av_COTTON_d7;20500;ASH_COATED_OSMIUM;9928;18;9926;20;;;9953;5;9957;11;;;9940.5;0.0
av_COTTON_d7;20500;INTARIAN_PEPPER_ROOT;9999;11;9997;24;;;10005;22;10007;28;;;10002.0;0.0
av_COTTON_d7;20600;ASH_COATED_OSMIUM;9938;13;9934;13;;;9944;11;9946;19;;;9941.0;0.0
av_COTTON_d7;20600;INTARIAN_PEPPER_ROOT;9999;14;9995;22;;;10005;23;10007;22;;;10002.0;0.0
av_COTTON_d7;20700;ASH_COATED_OSMIUM;9937;12;9933;25;;;9943;6;9947;9;;;9940.0;0.0
av_COTTON_d7;20700;INTARIAN_PEPPER_ROOT;9999;16;9995;12;;;10005;15;10009;17;;;10002.0;0.0
av_COTTON_d7;20800;ASH_COATED_OSMIUM;9938;5;9934;17;;;9944;18;9947;19;;;9941.0;0.0
av_COTTON_d7;20800;INTARIAN_PEPPER_ROOT;9997;8;9994;23;;;10007;11;10011;16;;;10002.0;0.0
av_COTTON_d7;20900;ASH_COATED_OSMIUM;9937;19;9935;21;;;9943;17;9946;22;;;9940.0;0.0
av_COTTON_d7;20900;INTARIAN_PEPPER_ROOT;9997;21;9993;20;;;10006;19;10008;26;;;10001.5;0.0
av_COTTON_d7;21000;ASH_COATED_OSMIUM;9937;19;9933;28;;;9944;7;9947;15;;;9940.5;0.0
av_COTTON_d7;21000;INTARIAN_PEPPER_ROOT;9999;13;9995;18;;;10005;26;10007;10;;;10002.0;0.0
av_COTTON_d7;21100;ASH_COATED_OSMIUM;9936;12;9932;17;;;9946;6;9949;23;;;9941.0;0.0
av_COTTON_d7;21100;INTARIAN_PEPPER_ROOT;9999;20;9996;14;;;10005;14;10007;27;;;10002.0;0.0
av_COTTON_d7;21200;ASH_COATED_OSMIUM;9937;10;9935;23;;;9944;13;9947;31;;;9940.5;0.0
av_COTTON_d7;21200;INTARIAN_PEPPER_ROOT;9999;24;9996;14;;;10005;18;10007;25;;;10002.0;0.0
av_COTTON_d7;21300;ASH_COATED_OSMIUM;9927;9;9924;24;;;9954;21;9957;18;;;9940.5;0.0
av_COTTON_d7;21300;INTARIAN_PEPPER_ROOT;9999;22;9997;18;;;10005;15;10008;17;;;10002.0;0.0
av_COTTON_d7;21400;ASH_COATED_OSMIUM;9937;17;9933;17;;;9943;30;9947;14;;;9940.0;0.0
av_COTTON_d7;21400;INTARIAN_PEPPER_ROOT;9996;15;9994;22;;;10008;12;10010;28;;;10002.0;0.0
av_COTTON_d7;21500;ASH_COATED_OSMIUM;9937;19;9935;32;;;9943;22;9946;15;;;9940.0;0.0
av_COTTON_d7;21500;INTARIAN_PEPPER_ROOT;9998;16;9994;25;;;10005;9;10009;19;;;10001.5;0.0
av_COTTON_d7;21600;ASH_COATED_OSMIUM;9938;11;9936;13;;;9944;10;9948;28;;;9941.0;0.0
av_COTTON_d7;21600;INTARIAN_PEPPER_ROOT;9998;15;9995;20;;;10004;14;10007;18;;;10001.0;0.0
av_COTTON_d7;21700;ASH_COATED_OSMIUM;9936;17;9934;26;;;9945;17;9949;14;;;9940.5;0.0
av_COTTON_d7;21700;INTARIAN_PEPPER_ROOT;9999;10;9997;21;;;10005;16;10007;16;;;10002.0;0.0
av_COTTON_d7;21800;ASH_COATED_OSMIUM;9933;13;9931;16;;;9948;21;9951;17;;;9940.5;0.0
av_COTTON_d7;21800;INTARIAN_PEPPER_ROOT;9992;12;9988;23;;;10011;11;10013;14;;;10001.5;0.0
av_COTTON_d7;21900;ASH_COATED_OSMIUM;9934;19;9930;25;;;9949;21;9951;20;;;9941.5;0.0
av_COTTON_d7;21900;INTARIAN_PEPPER_ROOT;9999;13;9997;15;;;10005;14;10009;19;;;10002.0;0.0
av_COTTON_d7;22000;ASH_COATED_OSMIUM;9938;20;9935;29;;;9944;5;9946;18;;;9941.0;0.0
av_COTTON_d7;22000;INTARIAN_PEPPER_ROOT;9997;15;9993;13;;;10007;9;10011;13;;;10002.0;0.0
av_COTTON_d7;22100;ASH_COATED_OSMIUM;9937;22;9934;19;;;9943;14;9945;13;;;9940.0;0.0
av_COTTON_d7;22100;INTARIAN_PEPPER_ROOT;9999;19;9995;17;;;10005;23;10008;24;;;10002.0;0.0
av_COTTON_d7;22200;ASH_COATED_OSMIUM;9938;23;9936;21;;;9944;10;9946;22;;;9941.0;0.0
av_COTTON_d7;22200;INTARIAN_PEPPER_ROOT;9999;5;9997;15;;;10005;15;10008;18;;;10002.0;0.0
av_COTTON_d7;22300;ASH_COATED_OSMIUM;9923;27;9921;16;;;9958;20;9961;10;;;9940.5;0.0
av_COTTON_d7;22300;INTARIAN_PEPPER_ROOT;9999;21;9996;8;;;10005;25;10009;20;;;10002.0;0.0
av_COTTON_d7;22400;ASH_COATED_OSMIUM;9937;16;9934;12;;;9943;13;9945;19;;;9940.0;0.0
av_COTTON_d7;22400;INTARIAN_PEPPER_ROOT;9999;16;9997;28;;;10005;16;10007;22;;;10002.0;0.0
av_COTTON_d7;22500;ASH_COATED_OSMIUM;9937;12;9934;12;;;9943;10;9947;17;;;9940.0;0.0
av_COTTON_d7;22500;INTARIAN_PEPPER_ROOT;9999;13;9997;21;;;10005;10;10008;24;;;10002.0;0.0
av_COTTON_d7;22600;ASH_COATED_OSMIUM;9931;14;9929;14;;;9951;16;9955;24;;;9941.0;0.0
av_COTTON_d7;22600;INTARIAN_PEPPER_ROOT;9995;20;9993;13;;;10007;8;10010;10;;;10001.0;0.0
av_COTTON_d7;22700;ASH_COATED_OSMIUM;9938;21;9934;24;;;9944;14;9947;20;;;9941.0;0.0
av_COTTON_d7;22700;INTARIAN_PEPPER_ROOT;9999;18;9996;13;;;10005;14;10008;13;;;10002.0;0.0
av_COTTON_d7;22800;ASH_COATED_OSMIUM;9931;17;9928;33;;;9950;18;9953;21;;;9940.5;0.0
av_COTTON_d7;22800;INTARIAN_PEPPER_ROOT;9989;11;9986;20;;;10014;19;10018;18;;;10001.5;0.0
av_COTTON_d7;22900;ASH_COATED_OSMIUM;9938;14;9935;14;;;9944;5;9948;24;;;9941.0;0.0
av_COTTON_d7;22900;INTARIAN_PEPPER_ROOT;9994;12;9992;10;;;10010;24;10014;22;;;10002.0;0.0
av_COTTON_d7;23000;ASH_COATED_OSMIUM;9936;13;9934;22;;;9945;11;9949;25;;;9940.5;0.0
av_COTTON_d7;23000;INTARIAN_PEPPER_ROOT;9995;20;9993;22;;;10008;14;10012;24;;;10001.5;0.0
av_COTTON_d7;23100;ASH_COATED_OSMIUM;9932;16;9930;21;;;9949;18;9952;12;;;9940.5;0.0
av_COTTON_d7;23100;INTARIAN_PEPPER_ROOT;9999;12;9995;16;;;10005;14;10009;18;;;10002.0;0.0
av_COTTON_d7;23200;ASH_COATED_OSMIUM;9938;12;9934;22;;;9944;18;9947;19;;;9941.0;0.0
av_COTTON_d7;23200;INTARIAN_PEPPER_ROOT;9999;14;9996;26;;;10005;8;10007;11;;;10002.0;0.0
av_COTTON_d7;23300;ASH_COATED_OSMIUM;9937;7;9934;16;;;9943;15;9945;14;;;9940.0;0.0
av_COTTON_d7;23300;INTARIAN_PEPPER_ROOT;9999;13;9997;19;;;10005;12;10009;17;;;10002.0;0.0
av_COTTON_d7;23400;ASH_COATED_OSMIUM;9938;11;9934;15;;;9944;15;9947;17;;;9941.0;0.0
av_COTTON_d7;23400;INTARIAN_PEPPER_ROOT;9998;12;9995;15;;;10004;14;10007;15;;;10001.0;0.0
av_COTTON_d7;23500;ASH_COATED_OSMIUM;9932;16;9928;15;;;9949;17;9952;20;;;9940.5;0.0
av_COTTON_d7;23500;INTARIAN_PEPPER_ROOT;9997;23;9994;28;;;10005;13;10007;14;;;10001.0;0.0
av_COTTON_d7;23600;ASH_COATED_OSMIUM;9937;14;9933;21;;;9943;17;9945;22;;;9940.0;0.0
av_COTTON_d7;23600;INTARIAN_PEPPER_ROOT;9993;12;9990;20;;;10010;20;10012;15;;;10001.5;0.0
av_COTTON_d7;23700;ASH_COATED_OSMIUM;9938;9;9936;15;;;9944;23;9946;11;;;9941.0;0.0
av_COTTON_d7;23700;INTARIAN_PEPPER_ROOT;9998;10;9995;22;;;10005;21;10009;19;;;10001.5;0.0
av_COTTON_d7;23800;ASH_COATED_OSMIUM;9938;15;9934;12;;;9944;15;9946;28;;;9941.0;0.0
av_COTTON_d7;23800;INTARIAN_PEPPER_ROOT;9998;10;9994;27;;;10004;10;10007;19;;;10001.0;0.0
av_COTTON_d7;23900;ASH_COATED_OSMIUM;9936;5;9932;11;;;9945;20;9949;13;;;9940.5;0.0
av_COTTON_d7;23900;INTARIAN_PEPPER_ROOT;9995;20;9991;16;;;10006;10;10008;23;;;10000.5;0.0
av_COTTON_d7;24000;ASH_COATED_OSMIUM;9938;19;9934;27;;;9944;24;9948;15;;;9941.0;0.0
av_COTTON_d7;24000;INTARIAN_PEPPER_ROOT;9997;15;9995;18;;;10005;5;10008;16;;;10001.0;0.0
av_COTTON_d7;24100;ASH_COATED_OSMIUM;9938;13;9934;12;;;9944;10;9948;20;;;9941.0;0.0
av_COTTON_d7;24100;INTARIAN_PEPPER_ROOT;9998;9;9994;29;;;10004;16;10008;30;;;10001.0;0.0
av_COTTON_d7;24200;ASH_COATED_OSMIUM;9932;22;9929;26;;;9949;17;9952;15;;;9940.5;0.0
av_COTTON_d7;24200;INTARIAN_PEPPER_ROOT;9999;25;9997;26;;;10005;11;10007;23;;;10002.0;0.0
av_COTTON_d7;24300;ASH_COATED_OSMIUM;9938;20;9936;21;;;9944;11;9947;27;;;9941.0;0.0
av_COTTON_d7;24300;INTARIAN_PEPPER_ROOT;9997;18;9993;19;;;10007;21;10009;15;;;10002.0;0.0
av_COTTON_d7;24400;ASH_COATED_OSMIUM;9937;18;9934;13;;;9943;11;9945;14;;;9940.0;0.0
av_COTTON_d7;24400;INTARIAN_PEPPER_ROOT;9998;15;9996;17;;;10006;13;10010;22;;;10002.0;0.0
av_COTTON_d7;24500;ASH_COATED_OSMIUM;9933;16;9929;17;;;9948;19;9952;17;;;9940.5;0.0
av_COTTON_d7;24500;INTARIAN_PEPPER_ROOT;9998;20;9995;18;;;10004;14;10007;17;;;10001.0;0.0
av_COTTON_d7;24600;ASH_COATED_OSMIUM;9938;22;9934;15;;;9944;7;9946;20;;;9941.0;0.0
av_COTTON_d7;24600;INTARIAN_PEPPER_ROOT;9998;13;9994;12;;;10004;14;10006;8;;;10001.0;0.0
av_COTTON_d7;24700;ASH_COATED_OSMIUM;9938;9;9934;18;;;9944;16;9946;19;;;9941.0;0.0
av_COTTON_d7;24700;INTARIAN_PEPPER_ROOT;9998;19;9996;24;;;10004;16;10007;21;;;10001.0;0.0
av_COTTON_d7;24800;ASH_COATED_OSMIUM;9936;12;9933;24;;;9944;9;9948;17;;;9940.0;0.0
av_COTTON_d7;24800;INTARIAN_PEPPER_ROOT;9994;16;9990;28;;;10009;14;10011;25;;;10001.5;0.0
av_COTTON_d7;24900;ASH_COATED_OSMIUM;9937;7;9935;11;;;9943;13;9946;21;;;9940.0;0.0
av_COTTON_d7;24900;INTARIAN_PEPPER_ROOT;9990;11;9986;10;;;10013;15;10017;19;;;10001.5;0.0
av_COTTON_d7;25000;ASH_COATED_OSMIUM;9938;17;9935;13;;;9944;10;9947;18;;;9941.0;0.0
av_COTTON_d7;25000;INTARIAN_PEPPER_ROOT;9998;11;9994;19;;;10004;10;10008;27;;;10001.0;0.0
av_COTTON_d7;25100;ASH_COATED_OSMIUM;9937;16;9934;8;;;9945;13;9948;17;;;9941.0;0.0
av_COTTON_d7;25100;INTARIAN_PEPPER_ROOT;9998;13;9995;15;;;10004;10;10008;20;;;10001.0;0.0
av_COTTON_d7;25200;ASH_COATED_OSMIUM;9938;23;9934;16;;;9944;22;9947;15;;;9941.0;0.0
av_COTTON_d7;25200;INTARIAN_PEPPER_ROOT;9998;22;9994;26;;;10004;22;10006;25;;;10001.0;0.0
av_COTTON_d7;25300;ASH_COATED_OSMIUM;9936;10;9934;24;;;9945;19;9948;23;;;9940.5;0.0
av_COTTON_d7;25300;INTARIAN_PEPPER_ROOT;9998;18;9996;17;;;10004;10;10006;23;;;10001.0;0.0
av_COTTON_d7;25400;ASH_COATED_OSMIUM;9938;17;9934;24;;;9944;6;9948;26;;;9941.0;0.0
av_COTTON_d7;25400;INTARIAN_PEPPER_ROOT;9990;12;9988;21;;;10012;15;10016;20;;;10001.0;0.0
av_COTTON_d7;25500;ASH_COATED_OSMIUM;9938;16;9935;22;;;9944;14;9947;13;;;9941.0;0.0
av_COTTON_d7;25500;INTARIAN_PEPPER_ROOT;9998;10;9996;16;;;10005;12;10008;15;;;10001.5;0.0
av_COTTON_d7;25600;ASH_COATED_OSMIUM;9937;16;9933;16;;;9943;13;9947;27;;;9940.0;0.0
av_COTTON_d7;25600;INTARIAN_PEPPER_ROOT;9999;14;9997;17;;;10005;7;10009;23;;;10002.0;0.0
av_COTTON_d7;25700;ASH_COATED_OSMIUM;9936;25;9934;22;;;9945;16;9947;23;;;9940.5;0.0
av_COTTON_d7;25700;INTARIAN_PEPPER_ROOT;9998;22;9994;15;;;10004;18;10008;23;;;10001.0;0.0
av_COTTON_d7;25800;ASH_COATED_OSMIUM;9937;13;9934;15;;;9943;17;9945;16;;;9940.0;0.0
av_COTTON_d7;25800;INTARIAN_PEPPER_ROOT;9988;17;9984;19;;;10014;17;10018;14;;;10001.0;0.0
av_COTTON_d7;25900;ASH_COATED_OSMIUM;9938;15;9936;25;;;9944;18;9948;23;;;9941.0;0.0
av_COTTON_d7;25900;INTARIAN_PEPPER_ROOT;9997;18;9995;27;;;10005;15;10009;26;;;10001.0;0.0
av_COTTON_d7;26000;ASH_COATED_OSMIUM;9938;16;9934;17;;;9944;17;9947;21;;;9941.0;0.0
av_COTTON_d7;26000;INTARIAN_PEPPER_ROOT;9999;17;9997;15;;;10005;16;10009;11;;;10002.0;0.0
av_COTTON_d7;26100;ASH_COATED_OSMIUM;9933;22;9929;24;;;9948;17;9952;20;;;9940.5;0.0
av_COTTON_d7;26100;INTARIAN_PEPPER_ROOT;9998;8;9996;19;;;10004;8;10007;17;;;10001.0;0.0
av_COTTON_d7;26200;ASH_COATED_OSMIUM;9937;16;9933;19;;;9944;19;9948;26;;;9940.5;0.0
av_COTTON_d7;26200;INTARIAN_PEPPER_ROOT;9998;17;9994;15;;;10005;9;10009;31;;;10001.5;0.0
av_COTTON_d7;26300;ASH_COATED_OSMIUM;9938;17;9936;9;;;9944;13;9947;17;;;9941.0;0.0
av_COTTON_d7;26300;INTARIAN_PEPPER_ROOT;9998;11;9994;31;;;10004;17;10006;27;;;10001.0;0.0
av_COTTON_d7;26400;ASH_COATED_OSMIUM;9928;22;9925;23;;;9954;17;9957;19;;;9941.0;0.0
av_COTTON_d7;26400;INTARIAN_PEPPER_ROOT;9998;16;9994;14;;;10004;15;10008;25;;;10001.0;0.0
av_COTTON_d7;26500;ASH_COATED_OSMIUM;9938;14;9936;11;;;9944;14;9946;11;;;9941.0;0.0
av_COTTON_d7;26500;INTARIAN_PEPPER_ROOT;9998;11;9994;17;;;10004;7;10007;22;;;10001.0;0.0
av_COTTON_d7;26600;ASH_COATED_OSMIUM;9937;8;9933;22;;;9944;14;9947;23;;;9940.5;0.0
av_COTTON_d7;26600;INTARIAN_PEPPER_ROOT;9998;17;9995;27;;;10004;12;10006;17;;;10001.0;0.0
av_COTTON_d7;26700;ASH_COATED_OSMIUM;9934;10;9930;18;;;9947;18;9950;22;;;9940.5;0.0
av_COTTON_d7;26700;INTARIAN_PEPPER_ROOT;9965;10;9961;17;;;10036;14;10039;21;;;10000.5;0.0
av_COTTON_d7;26800;ASH_COATED_OSMIUM;9938;11;9936;20;;;9944;10;9946;17;;;9941.0;0.0
av_COTTON_d7;26800;INTARIAN_PEPPER_ROOT;9998;19;9995;22;;;10004;20;10006;22;;;10001.0;0.0
av_COTTON_d7;26900;ASH_COATED_OSMIUM;9938;15;9936;13;;;9944;12;9946;20;;;9941.0;0.0
av_COTTON_d7;26900;INTARIAN_PEPPER_ROOT;9998;15;9995;16;;;10004;14;10006;15;;;10001.0;0.0
av_COTTON_d7;27000;ASH_COATED_OSMIUM;9938;16;9934;16;;;9944;13;9948;13;;;9941.0;0.0
av_COTTON_d7;27000;INTARIAN_PEPPER_ROOT;9997;18;9994;19;;;10004;30;10006;21;;;10000.5;0.0
av_COTTON_d7;27100;ASH_COATED_OSMIUM;9936;16;9932;8;;;9945;17;9948;24;;;9940.5;0.0
av_COTTON_d7;27100;INTARIAN_PEPPER_ROOT;9997;10;9995;21;;;10004;18;10008;14;;;10000.5;0.0
av_COTTON_d7;27200;ASH_COATED_OSMIUM;9938;17;9936;13;;;9944;16;9947;16;;;9941.0;0.0
av_COTTON_d7;27200;INTARIAN_PEPPER_ROOT;9996;7;9992;24;;;10006;21;10008;15;;;10001.0;0.0
av_COTTON_d7;27300;ASH_COATED_OSMIUM;9938;20;9934;15;;;9944;17;9946;19;;;9941.0;0.0
av_COTTON_d7;27300;INTARIAN_PEPPER_ROOT;9991;10;9989;20;;;10010;11;10012;19;;;10000.5;0.0
av_COTTON_d7;27400;ASH_COATED_OSMIUM;9937;17;9933;31;;;9945;17;9949;17;;;9941.0;0.0
av_COTTON_d7;27400;INTARIAN_PEPPER_ROOT;9998;12;9996;23;;;10004;16;10007;18;;;10001.0;0.0
av_COTTON_d7;27500;ASH_COATED_OSMIUM;9938;9;9936;23;;;9944;16;9946;22;;;9941.0;0.0
av_COTTON_d7;27500;INTARIAN_PEPPER_ROOT;9998;15;9995;22;;;10004;10;10008;16;;;10001.0;0.0
av_COTTON_d7;27600;ASH_COATED_OSMIUM;9936;16;9933;25;;;9947;20;9951;29;;;9941.5;0.0
av_COTTON_d7;27600;INTARIAN_PEPPER_ROOT;9997;11;9994;29;;;10003;21;10007;19;;;10000.0;0.0
av_COTTON_d7;27700;ASH_COATED_OSMIUM;9936;21;9933;16;;;9946;13;9950;16;;;9941.0;0.0
av_COTTON_d7;27700;INTARIAN_PEPPER_ROOT;9992;25;9988;15;;;10010;21;10014;22;;;10001.0;0.0
av_COTTON_d7;27800;ASH_COATED_OSMIUM;9927;6;9925;19;;;9954;12;9957;14;;;9940.5;0.0
av_COTTON_d7;27800;INTARIAN_PEPPER_ROOT;9984;13;9980;20;;;10018;20;10022;18;;;10001.0;0.0
av_COTTON_d7;27900;ASH_COATED_OSMIUM;9936;17;9933;19;;;9946;14;9950;17;;;9941.0;0.0
av_COTTON_d7;27900;INTARIAN_PEPPER_ROOT;9996;17;9992;15;;;10005;24;10007;20;;;10000.5;0.0
av_COTTON_d7;28000;ASH_COATED_OSMIUM;9938;12;9935;26;;;9945;22;9947;17;;;9941.5;0.0
av_COTTON_d7;28000;INTARIAN_PEPPER_ROOT;9998;13;9996;22;;;10004;8;10007;14;;;10001.0;0.0
av_COTTON_d7;28100;ASH_COATED_OSMIUM;9937;20;9935;19;;;9944;12;9946;18;;;9940.5;0.0
av_COTTON_d7;28100;INTARIAN_PEPPER_ROOT;9998;26;9996;26;;;10004;11;10007;16;;;10001.0;0.0
av_COTTON_d7;28200;ASH_COATED_OSMIUM;9929;18;9926;19;;;9952;15;9956;31;;;9940.5;0.0
av_COTTON_d7;28200;INTARIAN_PEPPER_ROOT;9997;18;9994;20;;;10003;15;10005;21;;;10000.0;0.0
av_COTTON_d7;28300;ASH_COATED_OSMIUM;9937;15;9935;15;;;9946;15;9948;18;;;9941.5;0.0
av_COTTON_d7;28300;INTARIAN_PEPPER_ROOT;9993;14;9990;21;;;10006;14;10010;23;;;9999.5;0.0
av_COTTON_d7;28400;ASH_COATED_OSMIUM;9927;6;9924;25;;;9954;15;9956;8;;;9940.5;0.0
av_COTTON_d7;28400;INTARIAN_PEPPER_ROOT;9998;9;9995;14;;;10004;16;10008;27;;;10001.0;0.0
av_COTTON_d7;28500;ASH_COATED_OSMIUM;9936;16;9934;18;;;9945;11;9949;25;;;9940.5;0.0
av_COTTON_d7;28500;INTARIAN_PEPPER_ROOT;9996;13;9994;10;;;10005;17;10008;21;;;10000.5;0.0
av_COTTON_d7;28600;ASH_COATED_OSMIUM;9935;14;9932;12;;;9946;12;9950;19;;;9940.5;0.0
av_COTTON_d7;28600;INTARIAN_PEPPER_ROOT;9993;17;9990;20;;;10007;19;10011;26;;;10000.0;0.0
av_COTTON_d7;28700;ASH_COATED_OSMIUM;9932;13;9929;21;;;9949;9;9952;16;;;9940.5;0.0
av_COTTON_d7;28700;INTARIAN_PEPPER_ROOT;9997;17;9995;15;;;10003;10;10005;24;;;10000.0;0.0
av_COTTON_d7;28800;ASH_COATED_OSMIUM;9938;15;9934;19;;;9944;16;9948;18;;;9941.0;0.0
av_COTTON_d7;28800;INTARIAN_PEPPER_ROOT;9989;5;9985;12;;;10013;19;10016;21;;;10001.0;0.0
av_COTTON_d7;28900;ASH_COATED_OSMIUM;9934;9;9932;12;;;9948;25;9951;24;;;9941.0;0.0
av_COTTON_d7;28900;INTARIAN_PEPPER_ROOT;9993;12;9990;22;;;10008;19;10012;27;;;10000.5;0.0
av_COTTON_d7;29000;ASH_COATED_OSMIUM;9937;16;9935;18;;;9943;21;9945;19;;;9940.0;0.0
av_COTTON_d7;29000;INTARIAN_PEPPER_ROOT;9997;14;9993;18;;;10003;17;10005;13;;;10000.0;0.0
av_COTTON_d7;29100;ASH_COATED_OSMIUM;9933;19;9931;22;;;9950;17;9952;18;;;9941.5;0.0
av_COTTON_d7;29100;INTARIAN_PEPPER_ROOT;9992;6;9989;17;;;10008;14;10010;19;;;10000.0;0.0
av_COTTON_d7;29200;ASH_COATED_OSMIUM;9936;18;9932;20;;;9945;24;9947;16;;;9940.5;0.0
av_COTTON_d7;29200;INTARIAN_PEPPER_ROOT;9997;11;9995;12;;;10003;9;10006;22;;;10000.0;0.0
av_COTTON_d7;29300;ASH_COATED_OSMIUM;9938;19;9936;19;;;9944;14;9947;11;;;9941.0;0.0
av_COTTON_d7;29300;INTARIAN_PEPPER_ROOT;9997;15;9994;16;;;10004;5;10006;28;;;10000.5;0.0
av_COTTON_d7;29400;ASH_COATED_OSMIUM;9938;13;9936;21;;;9944;18;9946;29;;;9941.0;0.0
av_COTTON_d7;29400;INTARIAN_PEPPER_ROOT;9992;21;9990;16;;;10009;15;10012;23;;;10000.5;0.0
av_COTTON_d7;29500;ASH_COATED_OSMIUM;9931;11;9929;22;;;9951;14;9953;19;;;9941.0;0.0
av_COTTON_d7;29500;INTARIAN_PEPPER_ROOT;9988;24;9985;18;;;10012;14;10015;18;;;10000.0;0.0
av_COTTON_d7;29600;ASH_COATED_OSMIUM;9937;11;9934;21;;;9943;12;9945;16;;;9940.0;0.0
av_COTTON_d7;29600;INTARIAN_PEPPER_ROOT;9998;20;9995;18;;;10004;22;10007;22;;;10001.0;0.0
av_COTTON_d7;29700;ASH_COATED_OSMIUM;9938;11;9935;17;;;9944;5;9948;21;;;9941.0;0.0
av_COTTON_d7;29700;INTARIAN_PEPPER_ROOT;9993;13;9989;15;;;10008;17;10012;27;;;10000.5;0.0
av_COTTON_d7;29800;ASH_COATED_OSMIUM;9938;11;9936;15;;;9944;12;9948;26;;;9941.0;0.0
av_COTTON_d7;29800;INTARIAN_PEPPER_ROOT;9997;12;9994;29;;;10003;18;10007;16;;;10000.0;0.0
av_COTTON_d7;29900;ASH_COATED_OSMIUM;9931;14;9929;16;;;9951;14;9955;16;;;9941.0;0.0
av_COTTON_d7;29900;INTARIAN_PEPPER_ROOT;9997;19;9993;23;;;10003;15;10007;21;;;10000.0;0.0
av_COTTON_d7;30000;ASH_COATED_OSMIUM;9937;13;9935;17;;;9943;10;9947;18;;;9940.0;0.0
av_COTTON_d7;30000;INTARIAN_PEPPER_ROOT;9997;22;9995;16;;;10003;24;10007;12;;;10000.0;0.0
av_COTTON_d7;30100;ASH_COATED_OSMIUM;9938;6;9935;27;;;9944;12;9947;21;;;9941.0;0.0
av_COTTON_d7;30100;INTARIAN_PEPPER_ROOT;9997;9;9993;28;;;10003;16;10007;18;;;10000.0;0.0
av_COTTON_d7;30200;ASH_COATED_OSMIUM;9938;8;9935;17;;;9944;18;9948;16;;;9941.0;0.0
av_COTTON_d7;30200;INTARIAN_PEPPER_ROOT;9997;17;9994;16;;;10003;13;10005;15;;;10000.0;0.0
av_COTTON_d7;30300;ASH_COATED_OSMIUM;9937;15;9934;21;;;9943;9;9947;24;;;9940.0;0.0
av_COTTON_d7;30300;INTARIAN_PEPPER_ROOT;9997;13;9994;23;;;10003;18;10006;26;;;10000.0;0.0
av_COTTON_d7;30400;ASH_COATED_OSMIUM;9934;13;9930;28;;;9948;14;9951;22;;;9941.0;0.0
av_COTTON_d7;30400;INTARIAN_PEPPER_ROOT;9998;11;9994;25;;;10004;13;10006;16;;;10001.0;0.0
av_COTTON_d7;30500;ASH_COATED_OSMIUM;9938;10;9936;28;;;9944;18;9948;15;;;9941.0;0.0
av_COTTON_d7;30500;INTARIAN_PEPPER_ROOT;9996;11;9992;23;;;10005;7;10007;19;;;10000.5;0.0
av_COTTON_d7;30600;ASH_COATED_OSMIUM;9935;6;9931;19;;;9947;17;9951;18;;;9941.0;0.0
av_COTTON_d7;30600;INTARIAN_PEPPER_ROOT;9997;28;9994;20;;;10003;17;10006;28;;;10000.0;0.0
av_COTTON_d7;30700;ASH_COATED_OSMIUM;9937;13;9934;26;;;9943;23;9946;18;;;9940.0;0.0
av_COTTON_d7;30700;INTARIAN_PEPPER_ROOT;9997;23;9995;25;;;10003;22;10006;16;;;10000.0;0.0
av_COTTON_d7;30800;ASH_COATED_OSMIUM;9930;14;9927;16;;;9952;14;9954;16;;;9941.0;0.0
av_COTTON_d7;30800;INTARIAN_PEPPER_ROOT;9997;22;9993;19;;;10003;17;10006;27;;;10000.0;0.0
av_COTTON_d7;30900;ASH_COATED_OSMIUM;9938;17;9934;16;;;9944;10;9946;14;;;9941.0;0.0
av_COTTON_d7;30900;INTARIAN_PEPPER_ROOT;9997;24;9995;28;;;10003;8;10006;13;;;10000.0;0.0
av_COTTON_d7;31000;ASH_COATED_OSMIUM;9938;14;9934;20;;;9944;10;9947;13;;;9941.0;0.0
av_COTTON_d7;31000;INTARIAN_PEPPER_ROOT;9997;15;9994;21;;;10003;18;10007;15;;;10000.0;0.0
av_COTTON_d7;31100;ASH_COATED_OSMIUM;9930;10;9928;20;;;9952;15;9955;26;;;9941.0;0.0
av_COTTON_d7;31100;INTARIAN_PEPPER_ROOT;9992;14;9989;16;;;10009;18;10011;22;;;10000.5;0.0
av_COTTON_d7;31200;ASH_COATED_OSMIUM;9938;15;9935;17;;;9944;14;9947;20;;;9941.0;0.0
av_COTTON_d7;31200;INTARIAN_PEPPER_ROOT;9998;14;9994;19;;;10004;5;10006;22;;;10001.0;0.0
av_COTTON_d7;31300;ASH_COATED_OSMIUM;9929;14;9927;27;;;9953;17;9955;13;;;9941.0;0.0
av_COTTON_d7;31300;INTARIAN_PEPPER_ROOT;9997;18;9995;15;;;10003;16;10006;18;;;10000.0;0.0
av_COTTON_d7;31400;ASH_COATED_OSMIUM;9938;14;9934;22;;;9944;17;9947;22;;;9941.0;0.0
av_COTTON_d7;31400;INTARIAN_PEPPER_ROOT;9992;5;9989;16;;;10008;17;10010;24;;;10000.0;0.0
av_COTTON_d7;31500;ASH_COATED_OSMIUM;9938;10;9934;21;;;9944;23;9947;22;;;9941.0;0.0
av_COTTON_d7;31500;INTARIAN_PEPPER_ROOT;9997;14;9993;19;;;10003;15;10007;18;;;10000.0;0.0
av_COTTON_d7;31600;ASH_COATED_OSMIUM;9938;15;9934;23;;;9944;18;9947;21;;;9941.0;0.0
av_COTTON_d7;31600;INTARIAN_PEPPER_ROOT;9997;20;9993;31;;;10003;6;10005;21;;;10000.0;0.0
av_COTTON_d7;31700;ASH_COATED_OSMIUM;9934;20;9930;13;;;9948;15;9952;17;;;9941.0;0.0
av_COTTON_d7;31700;INTARIAN_PEPPER_ROOT;9997;23;9993;21;;;10003;14;10006;23;;;10000.0;0.0
av_COTTON_d7;31800;ASH_COATED_OSMIUM;9938;15;9936;21;;;9944;9;9947;18;;;9941.0;0.0
av_COTTON_d7;31800;INTARIAN_PEPPER_ROOT;9994;17;9990;33;;;10005;6;10009;23;;;9999.5;0.0
av_COTTON_d7;31900;ASH_COATED_OSMIUM;9932;7;9929;19;;;9949;16;9951;19;;;9940.5;0.0
av_COTTON_d7;31900;INTARIAN_PEPPER_ROOT;9997;17;9994;22;;;10003;17;10007;35;;;10000.0;0.0
av_COTTON_d7;32000;ASH_COATED_OSMIUM;9937;11;9934;20;;;9943;10;9945;28;;;9940.0;0.0
av_COTTON_d7;32000;INTARIAN_PEPPER_ROOT;9997;22;9994;26;;;10004;16;10006;9;;;10000.5;0.0
av_COTTON_d7;32100;ASH_COATED_OSMIUM;9938;23;9936;8;;;9944;16;9948;23;;;9941.0;0.0
av_COTTON_d7;32100;INTARIAN_PEPPER_ROOT;9990;17;9986;19;;;10009;12;10011;21;;;9999.5;0.0
av_COTTON_d7;32200;ASH_COATED_OSMIUM;9938;6;9934;30;;;9944;18;9946;11;;;9941.0;0.0
av_COTTON_d7;32200;INTARIAN_PEPPER_ROOT;9997;19;9995;16;;;10003;15;10006;22;;;10000.0;0.0
av_COTTON_d7;32300;ASH_COATED_OSMIUM;9937;11;9935;23;;;9944;26;9948;26;;;9940.5;0.0
av_COTTON_d7;32300;INTARIAN_PEPPER_ROOT;9997;8;9995;12;;;10003;14;10005;12;;;10000.0;0.0
av_COTTON_d7;32400;ASH_COATED_OSMIUM;9938;5;9935;24;;;9944;14;9948;24;;;9941.0;0.0
av_COTTON_d7;32400;INTARIAN_PEPPER_ROOT;9997;15;9994;11;;;10003;14;10007;14;;;10000.0;0.0
av_COTTON_d7;32500;ASH_COATED_OSMIUM;9936;5;9932;20;;;9947;16;9951;20;;;9941.5;0.0
av_COTTON_d7;32500;INTARIAN_PEPPER_ROOT;9993;12;9989;18;;;10007;18;10009;19;;;10000.0;0.0
av_COTTON_d7;32600;ASH_COATED_OSMIUM;9937;12;9933;25;;;9945;20;9948;17;;;9941.0;0.0
av_COTTON_d7;32600;INTARIAN_PEPPER_ROOT;9988;17;9984;20;;;10010;17;10012;19;;;9999.0;0.0
av_COTTON_d7;32700;ASH_COATED_OSMIUM;9938;14;9936;24;;;9944;17;9947;17;;;9941.0;0.0
av_COTTON_d7;32700;INTARIAN_PEPPER_ROOT;9997;13;9995;26;;;10003;8;10007;15;;;10000.0;0.0
av_COTTON_d7;32800;ASH_COATED_OSMIUM;9937;11;9935;26;;;9947;9;9949;16;;;9942.0;0.0
av_COTTON_d7;32800;INTARIAN_PEPPER_ROOT;9992;10;9988;24;;;10007;22;10010;20;;;9999.5;0.0
av_COTTON_d7;32900;ASH_COATED_OSMIUM;9936;7;9932;20;;;9947;14;9950;18;;;9941.5;0.0
av_COTTON_d7;32900;INTARIAN_PEPPER_ROOT;9997;13;9993;24;;;10003;18;10005;22;;;10000.0;0.0
av_COTTON_d7;33000;ASH_COATED_OSMIUM;9938;14;9934;21;;;9944;23;9948;23;;;9941.0;0.0
av_COTTON_d7;33000;INTARIAN_PEPPER_ROOT;9997;11;9994;13;;;10003;17;10005;17;;;10000.0;0.0
av_COTTON_d7;33100;ASH_COATED_OSMIUM;9930;14;9928;30;;;9952;21;9955;20;;;9941.0;0.0
av_COTTON_d7;33100;INTARIAN_PEPPER_ROOT;9996;20;9992;14;;;10002;11;10006;25;;;9999.0;0.0
av_COTTON_d7;33200;ASH_COATED_OSMIUM;9924;11;9921;15;;;9959;15;9963;22;;;9941.5;0.0
av_COTTON_d7;33200;INTARIAN_PEPPER_ROOT;9997;7;9995;14;;;10003;7;10006;17;;;10000.0;0.0
av_COTTON_d7;33300;ASH_COATED_OSMIUM;9938;24;9935;9;;;9945;23;9948;18;;;9941.5;0.0
av_COTTON_d7;33300;INTARIAN_PEPPER_ROOT;9989;5;9985;19;;;10010;16;10013;26;;;9999.5;0.0
av_COTTON_d7;33400;ASH_COATED_OSMIUM;9938;21;9934;14;;;9944;9;9946;17;;;9941.0;0.0
av_COTTON_d7;33400;INTARIAN_PEPPER_ROOT;9995;14;9992;20;;;10004;11;10008;23;;;9999.5;0.0
av_COTTON_d7;33500;ASH_COATED_OSMIUM;9927;21;9925;23;;;9955;11;9957;17;;;9941.0;0.0
av_COTTON_d7;33500;INTARIAN_PEPPER_ROOT;9997;16;9993;31;;;10003;18;10007;16;;;10000.0;0.0
av_COTTON_d7;33600;ASH_COATED_OSMIUM;9938;20;9935;18;;;9944;10;9946;16;;;9941.0;0.0
av_COTTON_d7;33600;INTARIAN_PEPPER_ROOT;9995;18;9992;16;;;10005;21;10008;27;;;10000.0;0.0
av_COTTON_d7;33700;ASH_COATED_OSMIUM;9934;14;9931;23;;;9948;17;9951;30;;;9941.0;0.0
av_COTTON_d7;33700;INTARIAN_PEPPER_ROOT;9990;26;9987;28;;;10008;17;10011;25;;;9999.0;0.0
av_COTTON_d7;33800;ASH_COATED_OSMIUM;9935;7;9931;13;;;9947;19;9949;16;;;9941.0;0.0
av_COTTON_d7;33800;INTARIAN_PEPPER_ROOT;9996;15;9993;14;;;10002;22;10005;15;;;9999.0;0.0
av_COTTON_d7;33900;ASH_COATED_OSMIUM;9938;17;9935;20;;;9944;22;9947;10;;;9941.0;0.0
av_COTTON_d7;33900;INTARIAN_PEPPER_ROOT;9990;16;9987;12;;;10008;17;10010;20;;;9999.0;0.0
av_COTTON_d7;34000;ASH_COATED_OSMIUM;9937;24;9933;17;;;9945;18;9947;20;;;9941.0;0.0
av_COTTON_d7;34000;INTARIAN_PEPPER_ROOT;9996;19;9992;21;;;10003;20;10006;17;;;9999.5;0.0
av_COTTON_d7;34100;ASH_COATED_OSMIUM;9937;18;9935;20;;;9945;12;9947;29;;;9941.0;0.0
av_COTTON_d7;34100;INTARIAN_PEPPER_ROOT;9997;16;9993;13;;;10003;18;10005;27;;;10000.0;0.0
av_COTTON_d7;34200;ASH_COATED_OSMIUM;9937;16;9933;24;;;9946;14;9949;16;;;9941.5;0.0
av_COTTON_d7;34200;INTARIAN_PEPPER_ROOT;9997;7;9994;26;;;10003;14;10007;29;;;10000.0;0.0
av_COTTON_d7;34300;ASH_COATED_OSMIUM;9939;19;9937;17;;;9945;14;9948;18;;;9942.0;0.0
av_COTTON_d7;34300;INTARIAN_PEPPER_ROOT;9990;18;9986;22;;;10012;19;10016;11;;;10001.0;0.0
av_COTTON_d7;34400;ASH_COATED_OSMIUM;9939;15;9935;14;;;9945;17;9949;17;;;9942.0;0.0
av_COTTON_d7;34400;INTARIAN_PEPPER_ROOT;9994;15;9991;10;;;10009;16;10011;20;;;10001.5;0.0
av_COTTON_d7;34500;ASH_COATED_OSMIUM;9938;10;9935;18;;;9944;18;9946;35;;;9941.0;0.0
av_COTTON_d7;34500;INTARIAN_PEPPER_ROOT;9998;16;9996;15;;;10004;7;10006;19;;;10001.0;0.0
av_COTTON_d7;34600;ASH_COATED_OSMIUM;9937;14;9935;18;;;9945;17;9949;19;;;9941.0;0.0
av_COTTON_d7;34600;INTARIAN_PEPPER_ROOT;9997;19;9993;21;;;10006;16;10010;24;;;10001.5;0.0
av_COTTON_d7;34700;ASH_COATED_OSMIUM;9938;21;9935;19;;;9944;12;9948;27;;;9941.0;0.0
av_COTTON_d7;34700;INTARIAN_PEPPER_ROOT;9999;20;9997;19;;;10005;12;10009;16;;;10002.0;0.0
av_COTTON_d7;34800;ASH_COATED_OSMIUM;9938;14;9934;27;;;9944;13;9947;12;;;9941.0;0.0
av_COTTON_d7;34800;INTARIAN_PEPPER_ROOT;9999;13;9995;18;;;10005;26;10007;23;;;10002.0;0.0
av_COTTON_d7;34900;ASH_COATED_OSMIUM;9937;15;9933;18;;;9945;12;9948;12;;;9941.0;0.0
av_COTTON_d7;34900;INTARIAN_PEPPER_ROOT;9999;25;9996;17;;;10005;19;10008;13;;;10002.0;0.0
av_COTTON_d7;35000;ASH_COATED_OSMIUM;9929;5;9927;19;;;9955;9;9957;12;;;9942.0;0.0
av_COTTON_d7;35000;INTARIAN_PEPPER_ROOT;10000;11;9996;15;;;10006;17;10009;13;;;10003.0;0.0
av_COTTON_d7;35100;ASH_COATED_OSMIUM;9937;15;9935;25;;;9946;12;9949;22;;;9941.5;0.0
av_COTTON_d7;35100;INTARIAN_PEPPER_ROOT;9998;21;9994;14;;;10009;24;10012;28;;;10003.5;0.0
av_COTTON_d7;35200;ASH_COATED_OSMIUM;9936;14;9932;17;;;9948;13;9950;20;;;9942.0;0.0
av_COTTON_d7;35200;INTARIAN_PEPPER_ROOT;9996;11;9993;18;;;10012;11;10015;16;;;10004.0;0.0
av_COTTON_d7;35300;ASH_COATED_OSMIUM;9930;14;9927;19;;;9954;15;9958;23;;;9942.0;0.0
av_COTTON_d7;35300;INTARIAN_PEPPER_ROOT;10000;16;9996;19;;;10006;13;10010;11;;;10003.0;0.0
av_COTTON_d7;35400;ASH_COATED_OSMIUM;9936;13;9933;12;;;9946;23;9950;21;;;9941.0;0.0
av_COTTON_d7;35400;INTARIAN_PEPPER_ROOT;9987;11;9985;22;;;10022;20;10025;23;;;10004.5;0.0
av_COTTON_d7;35500;ASH_COATED_OSMIUM;9931;14;9929;22;;;9953;18;9957;24;;;9942.0;0.0
av_COTTON_d7;35500;INTARIAN_PEPPER_ROOT;10000;10;9997;28;;;10008;17;10011;23;;;10004.0;0.0
av_COTTON_d7;35600;ASH_COATED_OSMIUM;9938;19;9935;16;;;9944;14;9946;24;;;9941.0;0.0
av_COTTON_d7;35600;INTARIAN_PEPPER_ROOT;9992;17;9990;16;;;10016;13;10020;10;;;10004.0;0.0
av_COTTON_d7;35700;ASH_COATED_OSMIUM;9934;11;9931;19;;;9949;18;9953;11;;;9941.5;0.0
av_COTTON_d7;35700;INTARIAN_PEPPER_ROOT;10001;13;9997;16;;;10007;7;10010;16;;;10004.0;0.0
av_COTTON_d7;35800;ASH_COATED_OSMIUM;9939;15;9935;20;;;9945;15;9947;25;;;9942.0;0.0
av_COTTON_d7;35800;INTARIAN_PEPPER_ROOT;10002;11;10000;19;;;10008;13;10010;25;;;10005.0;0.0
av_COTTON_d7;35900;ASH_COATED_OSMIUM;9938;12;9936;16;;;9944;16;9946;17;;;9941.0;0.0
av_COTTON_d7;35900;INTARIAN_PEPPER_ROOT;10002;19;10000;27;;;10008;13;10012;23;;;10005.0;0.0
av_COTTON_d7;36000;ASH_COATED_OSMIUM;9938;14;9934;23;;;9944;20;9948;15;;;9941.0;0.0
av_COTTON_d7;36000;INTARIAN_PEPPER_ROOT;10003;12;10001;17;;;10009;16;10013;24;;;10006.0;0.0
av_COTTON_d7;36100;ASH_COATED_OSMIUM;9939;23;9935;29;;;9945;16;9947;13;;;9942.0;0.0
av_COTTON_d7;36100;INTARIAN_PEPPER_ROOT;10003;17;9999;20;;;10009;18;10012;22;;;10006.0;0.0
av_COTTON_d7;36200;ASH_COATED_OSMIUM;9939;15;9937;17;;;9945;22;9948;25;;;9942.0;0.0
av_COTTON_d7;36200;INTARIAN_PEPPER_ROOT;10003;18;9999;20;;;10009;12;10012;16;;;10006.0;0.0
av_COTTON_d7;36300;ASH_COATED_OSMIUM;9939;20;9935;22;;;9945;16;9948;18;;;9942.0;0.0
av_COTTON_d7;36300;INTARIAN_PEPPER_ROOT;10003;8;10001;26;;;10010;20;10013;19;;;10006.5;0.0
av_COTTON_d7;36400;ASH_COATED_OSMIUM;9934;16;9931;23;;;9950;15;9953;15;;;9942.0;0.0
av_COTTON_d7;36400;INTARIAN_PEPPER_ROOT;10004;18;10002;18;;;10010;14;10013;15;;;10007.0;0.0
av_COTTON_d7;36500;ASH_COATED_OSMIUM;9937;12;9934;22;;;9947;19;9949;23;;;9942.0;0.0
av_COTTON_d7;36500;INTARIAN_PEPPER_ROOT;10004;15;10002;18;;;10010;7;10013;18;;;10007.0;0.0
av_COTTON_d7;36600;ASH_COATED_OSMIUM;9939;26;9937;11;;;9945;8;9949;14;;;9942.0;0.0
av_COTTON_d7;36600;INTARIAN_PEPPER_ROOT;10005;5;10001;17;;;10011;17;10013;23;;;10008.0;0.0
av_COTTON_d7;36700;ASH_COATED_OSMIUM;9939;9;9937;14;;;9945;16;9949;20;;;9942.0;0.0
av_COTTON_d7;36700;INTARIAN_PEPPER_ROOT;9995;17;9991;23;;;10020;21;10023;12;;;10007.5;0.0
av_COTTON_d7;36800;ASH_COATED_OSMIUM;9939;17;9937;14;;;9945;18;9947;19;;;9942.0;0.0
av_COTTON_d7;36800;INTARIAN_PEPPER_ROOT;10005;14;10001;21;;;10011;19;10015;20;;;10008.0;0.0
av_COTTON_d7;36900;ASH_COATED_OSMIUM;9937;16;9934;17;;;9948;8;9951;21;;;9942.5;0.0
av_COTTON_d7;36900;INTARIAN_PEPPER_ROOT;10005;13;10002;25;;;10011;11;10013;25;;;10008.0;0.0
av_COTTON_d7;37000;ASH_COATED_OSMIUM;9939;25;9936;13;;;9945;11;9948;21;;;9942.0;0.0
av_COTTON_d7;37000;INTARIAN_PEPPER_ROOT;10004;8;10001;12;;;10014;24;10016;16;;;10009.0;0.0
av_COTTON_d7;37100;ASH_COATED_OSMIUM;9939;9;9936;21;;;9945;22;9947;19;;;9942.0;0.0
av_COTTON_d7;37100;INTARIAN_PEPPER_ROOT;10003;12;9999;24;;;10015;17;10017;19;;;10009.0;0.0
av_COTTON_d7;37200;ASH_COATED_OSMIUM;9939;13;9937;20;;;9945;17;9947;21;;;9942.0;0.0
av_COTTON_d7;37200;INTARIAN_PEPPER_ROOT;10006;10;10003;26;;;10013;16;10017;21;;;10009.5;0.0
av_COTTON_d7;37300;ASH_COATED_OSMIUM;9933;13;9930;14;;;9951;17;9954;13;;;9942.0;0.0
av_COTTON_d7;37300;INTARIAN_PEPPER_ROOT;10003;14;10001;22;;;10018;17;10020;27;;;10010.5;0.0
av_COTTON_d7;37400;ASH_COATED_OSMIUM;9936;22;9933;14;;;9948;23;9951;17;;;9942.0;0.0
av_COTTON_d7;37400;INTARIAN_PEPPER_ROOT;10007;14;10003;24;;;10013;25;10015;26;;;10010.0;0.0
av_COTTON_d7;37500;ASH_COATED_OSMIUM;9938;7;9934;20;;;9946;10;9948;10;;;9942.0;0.0
av_COTTON_d7;37500;INTARIAN_PEPPER_ROOT;10006;23;10003;12;;;10014;10;10017;16;;;10010.0;0.0
av_COTTON_d7;37600;ASH_COATED_OSMIUM;9940;12;9937;23;;;9946;10;9950;23;;;9943.0;0.0
av_COTTON_d7;37600;INTARIAN_PEPPER_ROOT;9994;13;9992;18;;;10027;22;10029;13;;;10010.5;0.0
av_COTTON_d7;37700;ASH_COATED_OSMIUM;9939;10;9935;15;;;9945;8;9948;13;;;9942.0;0.0
av_COTTON_d7;37700;INTARIAN_PEPPER_ROOT;10008;18;10004;11;;;10014;11;10018;20;;;10011.0;0.0
av_COTTON_d7;37800;ASH_COATED_OSMIUM;9939;18;9937;14;;;9946;23;9950;18;;;9942.5;0.0
av_COTTON_d7;37800;INTARIAN_PEPPER_ROOT;10008;25;10006;26;;;10014;9;10017;16;;;10011.0;0.0
av_COTTON_d7;37900;ASH_COATED_OSMIUM;9940;13;9938;21;;;9946;6;9948;21;;;9943.0;0.0
av_COTTON_d7;37900;INTARIAN_PEPPER_ROOT;10004;18;10002;21;;;10019;15;10021;23;;;10011.5;0.0
av_COTTON_d7;38000;ASH_COATED_OSMIUM;9913;20;9910;20;;;9971;11;9974;22;;;9942.0;0.0
av_COTTON_d7;38000;INTARIAN_PEPPER_ROOT;10008;11;10005;13;;;10014;16;10016;27;;;10011.0;0.0
av_COTTON_d7;38100;ASH_COATED_OSMIUM;9940;19;9937;24;;;9946;10;9949;18;;;9943.0;0.0
av_COTTON_d7;38100;INTARIAN_PEPPER_ROOT;10008;14;10005;29;;;10014;12;10017;26;;;10011.0;0.0
av_COTTON_d7;38200;ASH_COATED_OSMIUM;9939;15;9937;19;;;9945;24;9949;14;;;9942.0;0.0
av_COTTON_d7;38200;INTARIAN_PEPPER_ROOT;10009;11;10007;16;;;10015;18;10019;17;;;10012.0;0.0
av_COTTON_d7;38300;ASH_COATED_OSMIUM;9939;7;9937;21;;;9945;22;9949;20;;;9942.0;0.0
av_COTTON_d7;38300;INTARIAN_PEPPER_ROOT;10002;12;9998;8;;;10023;9;10025;16;;;10012.5;0.0
av_COTTON_d7;38400;ASH_COATED_OSMIUM;9939;12;9936;16;;;9945;20;9948;27;;;9942.0;0.0
av_COTTON_d7;38400;INTARIAN_PEPPER_ROOT;10003;9;9999;21;;;10024;16;10027;27;;;10013.5;0.0
av_COTTON_d7;38500;ASH_COATED_OSMIUM;9938;19;9936;16;;;9947;11;9951;18;;;9942.5;0.0
av_COTTON_d7;38500;INTARIAN_PEPPER_ROOT;10002;17;10000;18;;;10024;23;10026;21;;;10013.0;0.0
av_COTTON_d7;38600;ASH_COATED_OSMIUM;9940;18;9937;29;;;9946;20;9950;24;;;9943.0;0.0
av_COTTON_d7;38600;INTARIAN_PEPPER_ROOT;10010;22;10006;15;;;10016;15;10018;23;;;10013.0;0.0
av_COTTON_d7;38700;ASH_COATED_OSMIUM;9940;7;9938;19;;;9946;14;9950;22;;;9943.0;0.0
av_COTTON_d7;38700;INTARIAN_PEPPER_ROOT;10011;11;10008;21;;;10017;13;10019;16;;;10014.0;0.0
av_COTTON_d7;38800;ASH_COATED_OSMIUM;9940;12;9936;11;;;9946;18;9949;10;;;9943.0;0.0
av_COTTON_d7;38800;INTARIAN_PEPPER_ROOT;10001;22;9998;8;;;10026;26;10028;16;;;10013.5;0.0
av_COTTON_d7;38900;ASH_COATED_OSMIUM;9940;5;9936;23;;;9946;11;9950;24;;;9943.0;0.0
av_COTTON_d7;38900;INTARIAN_PEPPER_ROOT;10011;9;10008;12;;;10017;24;10020;21;;;10014.0;0.0
av_COTTON_d7;39000;ASH_COATED_OSMIUM;9940;10;9938;18;;;9946;20;9950;19;;;9943.0;0.0
av_COTTON_d7;39000;INTARIAN_PEPPER_ROOT;10011;16;10008;18;;;10017;15;10021;15;;;10014.0;0.0
av_COTTON_d7;39100;ASH_COATED_OSMIUM;9940;6;9936;16;;;9946;11;9949;21;;;9943.0;0.0
av_COTTON_d7;39100;INTARIAN_PEPPER_ROOT;10012;17;10008;18;;;10018;10;10022;8;;;10015.0;0.0
av_COTTON_d7;39200;ASH_COATED_OSMIUM;9940;21;9936;24;;;9946;5;9948;15;;;9943.0;0.0
av_COTTON_d7;39200;INTARIAN_PEPPER_ROOT;10006;20;10004;23;;;10023;22;10026;18;;;10014.5;0.0
av_COTTON_d7;39300;ASH_COATED_OSMIUM;9940;15;9936;22;;;9946;17;9948;20;;;9943.0;0.0
av_COTTON_d7;39300;INTARIAN_PEPPER_ROOT;10012;8;10009;20;;;10019;10;10023;16;;;10015.5;0.0
av_COTTON_d7;39400;ASH_COATED_OSMIUM;9939;19;9935;24;;;9947;15;9950;20;;;9943.0;0.0
av_COTTON_d7;39400;INTARIAN_PEPPER_ROOT;10008;9;10005;16;;;10023;22;10027;12;;;10015.5;0.0
av_COTTON_d7;39500;ASH_COATED_OSMIUM;9939;24;9937;20;;;9945;21;9947;23;;;9942.0;0.0
av_COTTON_d7;39500;INTARIAN_PEPPER_ROOT;10013;16;10009;22;;;10019;5;10021;21;;;10016.0;0.0
av_COTTON_d7;39600;ASH_COATED_OSMIUM;9919;8;9916;21;;;9967;14;9970;20;;;9943.0;0.0
av_COTTON_d7;39600;INTARIAN_PEPPER_ROOT;10013;12;10010;16;;;10020;14;10023;27;;;10016.5;0.0
av_COTTON_d7;39700;ASH_COATED_OSMIUM;9940;24;9936;8;;;9946;11;9948;16;;;9943.0;0.0
av_COTTON_d7;39700;INTARIAN_PEPPER_ROOT;10013;20;10011;19;;;10021;11;10023;19;;;10017.0;0.0
av_COTTON_d7;39800;ASH_COATED_OSMIUM;9939;19;9937;24;;;9946;11;9950;14;;;9942.5;0.0
av_COTTON_d7;39800;INTARIAN_PEPPER_ROOT;10014;12;10010;23;;;10020;5;10022;15;;;10017.0;0.0
av_COTTON_d7;39900;ASH_COATED_OSMIUM;9925;21;9923;27;;;9961;21;9965;11;;;9943.0;0.0
av_COTTON_d7;39900;INTARIAN_PEPPER_ROOT;10013;12;10009;23;;;10023;23;10025;16;;;10018.0;0.0
av_COTTON_d7;40000;ASH_COATED_OSMIUM;9940;17;9936;25;;;9946;11;9948;24;;;9943.0;0.0
av_COTTON_d7;40000;INTARIAN_PEPPER_ROOT;10014;18;10011;18;;;10020;10;10024;16;;;10017.0;0.0
av_COTTON_d7;40100;ASH_COATED_OSMIUM;9940;17;9938;23;;;9946;9;9949;9;;;9943.0;0.0
av_COTTON_d7;40100;INTARIAN_PEPPER_ROOT;10014;14;10011;22;;;10020;13;10023;24;;;10017.0;0.0
av_COTTON_d7;40200;ASH_COATED_OSMIUM;9934;12;9931;19;;;9952;14;9954;14;;;9943.0;0.0
av_COTTON_d7;40200;INTARIAN_PEPPER_ROOT;10014;18;10010;14;;;10022;10;10026;22;;;10018.0;0.0
av_COTTON_d7;40300;ASH_COATED_OSMIUM;9940;18;9936;21;;;9946;17;9949;17;;;9943.0;0.0
av_COTTON_d7;40300;INTARIAN_PEPPER_ROOT;10015;24;10011;14;;;10022;12;10024;29;;;10018.5;0.0
av_COTTON_d7;40400;ASH_COATED_OSMIUM;9934;20;9930;29;;;9951;15;9955;22;;;9942.5;0.0
av_COTTON_d7;40400;INTARIAN_PEPPER_ROOT;10013;18;10010;21;;;10023;17;10027;16;;;10018.0;0.0
av_COTTON_d7;40500;ASH_COATED_OSMIUM;9941;16;9938;11;;;9947;18;9949;15;;;9944.0;0.0
av_COTTON_d7;40500;INTARIAN_PEPPER_ROOT;10016;18;10012;18;;;10022;17;10026;22;;;10019.0;0.0
av_COTTON_d7;40600;ASH_COATED_OSMIUM;9938;13;9934;20;;;9949;19;9953;23;;;9943.5;0.0
av_COTTON_d7;40600;INTARIAN_PEPPER_ROOT;10009;20;10006;19;;;10030;16;10032;28;;;10019.5;0.0
av_COTTON_d7;40700;ASH_COATED_OSMIUM;9940;11;9937;26;;;9946;12;9948;23;;;9943.0;0.0
av_COTTON_d7;40700;INTARIAN_PEPPER_ROOT;10006;23;10002;23;;;10032;10;10034;20;;;10019.0;0.0
av_COTTON_d7;40800;ASH_COATED_OSMIUM;9938;12;9935;15;;;9947;17;9950;16;;;9942.5;0.0
av_COTTON_d7;40800;INTARIAN_PEPPER_ROOT;10009;22;10006;19;;;10031;9;10033;21;;;10020.0;0.0
av_COTTON_d7;40900;ASH_COATED_OSMIUM;9939;5;9937;14;;;9946;13;9949;28;;;9942.5;0.0
av_COTTON_d7;40900;INTARIAN_PEPPER_ROOT;10017;10;10014;22;;;10023;17;10025;21;;;10020.0;0.0
av_COTTON_d7;41000;ASH_COATED_OSMIUM;9937;13;9935;26;;;9948;19;9951;19;;;9942.5;0.0
av_COTTON_d7;41000;INTARIAN_PEPPER_ROOT;10016;8;10014;22;;;10025;24;10029;27;;;10020.5;0.0
av_COTTON_d7;41100;ASH_COATED_OSMIUM;9938;7;9936;18;;;9948;14;9951;24;;;9943.0;0.0
av_COTTON_d7;41100;INTARIAN_PEPPER_ROOT;10017;14;10014;14;;;10023;19;10026;25;;;10020.0;0.0
av_COTTON_d7;41200;ASH_COATED_OSMIUM;9940;11;9936;22;;;9946;13;9948;17;;;9943.0;0.0
av_COTTON_d7;41200;INTARIAN_PEPPER_ROOT;10009;8;10005;20;;;10032;17;10034;23;;;10020.5;0.0
av_COTTON_d7;41300;ASH_COATED_OSMIUM;9939;16;9935;21;;;9948;15;9951;17;;;9943.5;0.0
av_COTTON_d7;41300;INTARIAN_PEPPER_ROOT;10016;18;10013;20;;;10026;16;10030;18;;;10021.0;0.0
av_COTTON_d7;41400;ASH_COATED_OSMIUM;9940;22;9937;15;;;9946;14;9949;24;;;9943.0;0.0
av_COTTON_d7;41400;INTARIAN_PEPPER_ROOT;10019;14;10016;25;;;10025;20;10027;24;;;10022.0;0.0
av_COTTON_d7;41500;ASH_COATED_OSMIUM;9926;8;9922;27;;;9961;13;9963;13;;;9943.5;0.0
av_COTTON_d7;41500;INTARIAN_PEPPER_ROOT;10019;23;10017;23;;;10025;12;10028;18;;;10022.0;0.0
av_COTTON_d7;41600;ASH_COATED_OSMIUM;9940;12;9938;29;;;9946;13;9948;19;;;9943.0;0.0
av_COTTON_d7;41600;INTARIAN_PEPPER_ROOT;10015;23;10012;27;;;10029;15;10031;13;;;10022.0;0.0
av_COTTON_d7;41700;ASH_COATED_OSMIUM;9940;10;9937;15;;;9946;5;9948;19;;;9943.0;0.0
av_COTTON_d7;41700;INTARIAN_PEPPER_ROOT;10014;13;10012;24;;;10030;11;10033;16;;;10022.0;0.0
av_COTTON_d7;41800;ASH_COATED_OSMIUM;9940;15;9937;22;;;9946;14;9949;17;;;9943.0;0.0
av_COTTON_d7;41800;INTARIAN_PEPPER_ROOT;10020;16;10016;26;;;10026;18;10028;22;;;10023.0;0.0
av_COTTON_d7;41900;ASH_COATED_OSMIUM;9929;6;9927;16;;;9958;17;9960;22;;;9943.5;0.0
av_COTTON_d7;41900;INTARIAN_PEPPER_ROOT;10011;11;10009;18;;;10035;23;10037;19;;;10023.0;0.0
av_COTTON_d7;42000;ASH_COATED_OSMIUM;9923;15;9920;17;;;9965;10;9967;26;;;9944.0;0.0
av_COTTON_d7;42000;INTARIAN_PEPPER_ROOT;10021;13;10018;8;;;10027;11;10029;19;;;10024.0;0.0
av_COTTON_d7;42100;ASH_COATED_OSMIUM;9936;18;9934;11;;;9951;11;9954;20;;;9943.5;0.0
av_COTTON_d7;42100;INTARIAN_PEPPER_ROOT;10021;22;10019;13;;;10027;20;10029;13;;;10024.0;0.0
av_COTTON_d7;42200;ASH_COATED_OSMIUM;9940;7;9937;20;;;9946;17;9949;28;;;9943.0;0.0
av_COTTON_d7;42200;INTARIAN_PEPPER_ROOT;10021;11;10017;13;;;10027;20;10031;13;;;10024.0;0.0
av_COTTON_d7;42300;ASH_COATED_OSMIUM;9940;18;9937;23;;;9946;18;9950;20;;;9943.0;0.0
av_COTTON_d7;42300;INTARIAN_PEPPER_ROOT;10021;19;10018;23;;;10028;8;10031;30;;;10024.5;0.0
av_COTTON_d7;42400;ASH_COATED_OSMIUM;9941;12;9937;20;;;9947;16;9950;21;;;9944.0;0.0
av_COTTON_d7;42400;INTARIAN_PEPPER_ROOT;10022;23;10018;16;;;10028;18;10030;25;;;10025.0;0.0
av_COTTON_d7;42500;ASH_COATED_OSMIUM;9940;6;9938;17;;;9946;5;9950;16;;;9943.0;0.0
av_COTTON_d7;42500;INTARIAN_PEPPER_ROOT;10022;18;10020;14;;;10028;8;10032;29;;;10025.0;0.0
av_COTTON_d7;42600;ASH_COATED_OSMIUM;9940;20;9937;13;;;9946;9;9948;23;;;9943.0;0.0
av_COTTON_d7;42600;INTARIAN_PEPPER_ROOT;10022;13;10020;27;;;10029;23;10032;23;;;10025.5;0.0
av_COTTON_d7;42700;ASH_COATED_OSMIUM;9939;13;9935;19;;;9948;11;9952;10;;;9943.5;0.0
av_COTTON_d7;42700;INTARIAN_PEPPER_ROOT;10022;5;10020;25;;;10028;16;10031;33;;;10025.0;0.0
av_COTTON_d7;42800;ASH_COATED_OSMIUM;9926;17;9924;14;;;9962;13;9964;21;;;9944.0;0.0
av_COTTON_d7;42800;INTARIAN_PEPPER_ROOT;10023;8;10019;12;;;10029;6;10031;22;;;10026.0;0.0
av_COTTON_d7;42900;ASH_COATED_OSMIUM;9940;13;9938;11;;;9946;14;9949;19;;;9943.0;0.0
av_COTTON_d7;42900;INTARIAN_PEPPER_ROOT;10022;10;10020;9;;;10028;18;10030;17;;;10025.0;0.0
av_COTTON_d7;43000;ASH_COATED_OSMIUM;9938;20;9936;28;;;9950;16;9953;18;;;9944.0;0.0
av_COTTON_d7;43000;INTARIAN_PEPPER_ROOT;10020;13;10017;28;;;10033;15;10037;20;;;10026.5;0.0
av_COTTON_d7;43100;ASH_COATED_OSMIUM;9941;8;9939;16;;;9947;16;9949;21;;;9944.0;0.0
av_COTTON_d7;43100;INTARIAN_PEPPER_ROOT;10019;10;10017;14;;;10034;21;10038;22;;;10026.5;0.0
av_COTTON_d7;43200;ASH_COATED_OSMIUM;9941;16;9939;21;;;9947;19;9951;13;;;9944.0;0.0
av_COTTON_d7;43200;INTARIAN_PEPPER_ROOT;10023;17;10019;15;;;10029;16;10031;22;;;10026.0;0.0
av_COTTON_d7;43300;ASH_COATED_OSMIUM;9934;12;9930;23;;;9952;8;9955;24;;;9943.0;0.0
av_COTTON_d7;43300;INTARIAN_PEPPER_ROOT;10020;10;10016;14;;;10034;18;10038;16;;;10027.0;0.0
av_COTTON_d7;43400;ASH_COATED_OSMIUM;9941;7;9937;17;;;9947;13;9951;12;;;9944.0;0.0
av_COTTON_d7;43400;INTARIAN_PEPPER_ROOT;10022;13;10019;17;;;10033;10;10036;17;;;10027.5;0.0
av_COTTON_d7;43500;ASH_COATED_OSMIUM;9940;15;9938;15;;;9946;22;9950;17;;;9943.0;0.0
av_COTTON_d7;43500;INTARIAN_PEPPER_ROOT;10025;21;10021;17;;;10031;22;10034;18;;;10028.0;0.0
av_COTTON_d7;43600;ASH_COATED_OSMIUM;9940;12;9938;14;;;9946;12;9948;24;;;9943.0;0.0
av_COTTON_d7;43600;INTARIAN_PEPPER_ROOT;10025;15;10023;20;;;10031;21;10033;10;;;10028.0;0.0
av_COTTON_d7;43700;ASH_COATED_OSMIUM;9930;19;9928;23;;;9958;21;9961;29;;;9944.0;0.0
av_COTTON_d7;43700;INTARIAN_PEPPER_ROOT;10022;16;10020;8;;;10036;12;10040;17;;;10029.0;0.0
av_COTTON_d7;43800;ASH_COATED_OSMIUM;9941;19;9938;11;;;9947;8;9950;22;;;9944.0;0.0
av_COTTON_d7;43800;INTARIAN_PEPPER_ROOT;10026;10;10022;27;;;10032;16;10035;22;;;10029.0;0.0
av_COTTON_d7;43900;ASH_COATED_OSMIUM;9941;25;9937;11;;;9947;6;9949;16;;;9944.0;0.0
av_COTTON_d7;43900;INTARIAN_PEPPER_ROOT;10026;18;10022;22;;;10032;25;10035;12;;;10029.0;0.0
av_COTTON_d7;44000;ASH_COATED_OSMIUM;9941;10;9937;27;;;9947;18;9950;23;;;9944.0;0.0
av_COTTON_d7;44000;INTARIAN_PEPPER_ROOT;10026;16;10024;14;;;10032;19;10035;30;;;10029.0;0.0
av_COTTON_d7;44100;ASH_COATED_OSMIUM;9941;28;9938;27;;;9947;14;9950;8;;;9944.0;0.0
av_COTTON_d7;44100;INTARIAN_PEPPER_ROOT;10026;14;10023;22;;;10032;16;10035;19;;;10029.0;0.0
av_COTTON_d7;44200;ASH_COATED_OSMIUM;9937;22;9933;16;;;9951;23;9953;20;;;9944.0;0.0
av_COTTON_d7;44200;INTARIAN_PEPPER_ROOT;10027;18;10023;18;;;10033;21;10036;16;;;10030.0;0.0
av_COTTON_d7;44300;ASH_COATED_OSMIUM;9941;10;9939;10;;;9947;16;9951;15;;;9944.0;0.0
av_COTTON_d7;44300;INTARIAN_PEPPER_ROOT;10027;17;10024;28;;;10033;23;10035;22;;;10030.0;0.0
av_COTTON_d7;44400;ASH_COATED_OSMIUM;9941;13;9937;22;;;9947;10;9949;16;;;9944.0;0.0
av_COTTON_d7;44400;INTARIAN_PEPPER_ROOT;10026;19;10022;23;;;10035;16;10039;22;;;10030.5;0.0
av_COTTON_d7;44500;ASH_COATED_OSMIUM;9930;16;9927;26;;;9960;19;9962;16;;;9945.0;0.0
av_COTTON_d7;44500;INTARIAN_PEPPER_ROOT;10028;13;10024;22;;;10034;15;10037;16;;;10031.0;0.0
av_COTTON_d7;44600;ASH_COATED_OSMIUM;9941;17;9937;15;;;9947;5;9951;18;;;9944.0;0.0
av_COTTON_d7;44600;INTARIAN_PEPPER_ROOT;10028;15;10026;15;;;10034;12;10037;23;;;10031.0;0.0
av_COTTON_d7;44700;ASH_COATED_OSMIUM;9931;9;9927;25;;;9959;16;9961;22;;;9945.0;0.0
av_COTTON_d7;44700;INTARIAN_PEPPER_ROOT;10026;12;10024;19;;;10035;13;10039;24;;;10030.5;0.0
av_COTTON_d7;44800;ASH_COATED_OSMIUM;9941;19;9937;15;;;9947;19;9951;21;;;9944.0;0.0
av_COTTON_d7;44800;INTARIAN_PEPPER_ROOT;10029;13;10027;17;;;10035;13;10037;29;;;10032.0;0.0
av_COTTON_d7;44900;ASH_COATED_OSMIUM;9932;8;9930;25;;;9955;13;9957;23;;;9943.5;0.0
av_COTTON_d7;44900;INTARIAN_PEPPER_ROOT;10024;14;10021;10;;;10038;9;10040;15;;;10031.0;0.0
av_COTTON_d7;45000;ASH_COATED_OSMIUM;9938;15;9934;15;;;9950;22;9954;21;;;9944.0;0.0
av_COTTON_d7;45000;INTARIAN_PEPPER_ROOT;10026;18;10023;23;;;10037;7;10040;20;;;10031.5;0.0
av_COTTON_d7;45100;ASH_COATED_OSMIUM;9941;15;9938;17;;;9947;17;9950;33;;;9944.0;0.0
av_COTTON_d7;45100;INTARIAN_PEPPER_ROOT;10029;17;10025;22;;;10035;14;10039;20;;;10032.0;0.0
av_COTTON_d7;45200;ASH_COATED_OSMIUM;9940;18;9938;20;;;9950;12;9954;11;;;9945.0;0.0
av_COTTON_d7;45200;INTARIAN_PEPPER_ROOT;10030;8;10027;20;;;10036;18;10040;16;;;10033.0;0.0
av_COTTON_d7;45300;ASH_COATED_OSMIUM;9941;11;9937;15;;;9947;14;9951;21;;;9944.0;0.0
av_COTTON_d7;45300;INTARIAN_PEPPER_ROOT;10028;16;10026;18;;;10038;6;10041;26;;;10033.0;0.0
av_COTTON_d7;45400;ASH_COATED_OSMIUM;9941;14;9938;24;;;9947;12;9951;18;;;9944.0;0.0
av_COTTON_d7;45400;INTARIAN_PEPPER_ROOT;10030;24;10026;15;;;10036;13;10039;14;;;10033.0;0.0
av_COTTON_d7;45500;ASH_COATED_OSMIUM;9941;15;9939;11;;;9947;19;9949;21;;;9944.0;0.0
av_COTTON_d7;45500;INTARIAN_PEPPER_ROOT;10030;8;10027;29;;;10037;11;10040;20;;;10033.5;0.0
av_COTTON_d7;45600;ASH_COATED_OSMIUM;9942;21;9938;24;;;9948;9;9950;21;;;9945.0;0.0
av_COTTON_d7;45600;INTARIAN_PEPPER_ROOT;10031;19;10027;21;;;10037;18;10041;16;;;10034.0;0.0
av_COTTON_d7;45700;ASH_COATED_OSMIUM;9935;14;9931;21;;;9953;19;9956;20;;;9944.0;0.0
av_COTTON_d7;45700;INTARIAN_PEPPER_ROOT;10015;14;10013;23;;;10055;17;10059;18;;;10035.0;0.0
av_COTTON_d7;45800;ASH_COATED_OSMIUM;9941;18;9937;22;;;9947;26;9950;27;;;9944.0;0.0
av_COTTON_d7;45800;INTARIAN_PEPPER_ROOT;10032;20;10029;24;;;10038;12;10041;22;;;10035.0;0.0
av_COTTON_d7;45900;ASH_COATED_OSMIUM;9941;18;9937;26;;;9947;8;9950;29;;;9944.0;0.0
av_COTTON_d7;45900;INTARIAN_PEPPER_ROOT;10032;11;10028;11;;;10038;12;10040;24;;;10035.0;0.0
av_COTTON_d7;46000;ASH_COATED_OSMIUM;9941;21;9938;28;;;9947;18;9950;31;;;9944.0;0.0
av_COTTON_d7;46000;INTARIAN_PEPPER_ROOT;10032;13;10030;17;;;10038;11;10040;20;;;10035.0;0.0
av_COTTON_d7;46100;ASH_COATED_OSMIUM;9941;20;9937;15;;;9950;11;9954;14;;;9945.5;0.0
av_COTTON_d7;46100;INTARIAN_PEPPER_ROOT;10032;16;10028;18;;;10038;15;10042;18;;;10035.0;0.0
av_COTTON_d7;46200;ASH_COATED_OSMIUM;9942;7;9940;22;;;9948;23;9952;24;;;9945.0;0.0
av_COTTON_d7;46200;INTARIAN_PEPPER_ROOT;10031;15;10029;20;;;10040;15;10044;13;;;10035.5;0.0
av_COTTON_d7;46300;ASH_COATED_OSMIUM;9940;11;9937;15;;;9949;21;9953;10;;;9944.5;0.0
av_COTTON_d7;46300;INTARIAN_PEPPER_ROOT;10031;9;10029;22;;;10041;18;10043;19;;;10036.0;0.0
av_COTTON_d7;46400;ASH_COATED_OSMIUM;9941;20;9937;21;;;9947;7;9950;13;;;9944.0;0.0
av_COTTON_d7;46400;INTARIAN_PEPPER_ROOT;10033;13;10030;24;;;10039;18;10042;20;;;10036.0;0.0
av_COTTON_d7;46500;ASH_COATED_OSMIUM;9942;17;9938;15;;;9948;15;9951;17;;;9945.0;0.0
av_COTTON_d7;46500;INTARIAN_PEPPER_ROOT;10031;20;10028;18;;;10042;12;10046;26;;;10036.5;0.0
av_COTTON_d7;46600;ASH_COATED_OSMIUM;9942;11;9940;14;;;9948;18;9950;30;;;9945.0;0.0
av_COTTON_d7;46600;INTARIAN_PEPPER_ROOT;10034;8;10031;27;;;10040;24;10042;18;;;10037.0;0.0
av_COTTON_d7;46700;ASH_COATED_OSMIUM;9941;13;9938;16;;;9948;15;9950;24;;;9944.5;0.0
av_COTTON_d7;46700;INTARIAN_PEPPER_ROOT;10034;15;10030;19;;;10040;9;10044;21;;;10037.0;0.0
av_COTTON_d7;46800;ASH_COATED_OSMIUM;9940;21;9936;22;;;9950;9;9954;26;;;9945.0;0.0
av_COTTON_d7;46800;INTARIAN_PEPPER_ROOT;10032;12;10030;19;;;10042;15;10045;16;;;10037.0;0.0
av_COTTON_d7;46900;ASH_COATED_OSMIUM;9937;21;9934;19;;;9953;15;9956;18;;;9945.0;0.0
av_COTTON_d7;46900;INTARIAN_PEPPER_ROOT;10035;13;10033;19;;;10041;9;10043;19;;;10038.0;0.0
av_COTTON_d7;47000;ASH_COATED_OSMIUM;9941;18;9938;12;;;9948;15;9950;20;;;9944.5;0.0
av_COTTON_d7;47000;INTARIAN_PEPPER_ROOT;10035;7;10031;21;;;10041;9;10045;22;;;10038.0;0.0
av_COTTON_d7;47100;ASH_COATED_OSMIUM;9942;11;9938;14;;;9948;17;9952;19;;;9945.0;0.0
av_COTTON_d7;47100;INTARIAN_PEPPER_ROOT;10032;23;10028;14;;;10044;18;10048;18;;;10038.0;0.0
av_COTTON_d7;47200;ASH_COATED_OSMIUM;9942;8;9939;17;;;9948;18;9951;19;;;9945.0;0.0
av_COTTON_d7;47200;INTARIAN_PEPPER_ROOT;10036;9;10032;21;;;10042;17;10045;13;;;10039.0;0.0
av_COTTON_d7;47300;ASH_COATED_OSMIUM;9940;16;9938;20;;;9949;11;9951;12;;;9944.5;0.0
av_COTTON_d7;47300;INTARIAN_PEPPER_ROOT;10020;14;10016;25;;;10057;5;10061;22;;;10038.5;0.0
av_COTTON_d7;47400;ASH_COATED_OSMIUM;9941;15;9937;17;;;9947;17;9950;19;;;9944.0;0.0
av_COTTON_d7;47400;INTARIAN_PEPPER_ROOT;10034;18;10031;20;;;10044;12;10048;22;;;10039.0;0.0
av_COTTON_d7;47500;ASH_COATED_OSMIUM;9941;17;9939;17;;;9947;22;9951;34;;;9944.0;0.0
av_COTTON_d7;47500;INTARIAN_PEPPER_ROOT;10036;14;10032;34;;;10042;12;10044;15;;;10039.0;0.0
av_COTTON_d7;47600;ASH_COATED_OSMIUM;9942;15;9939;21;;;9948;13;9951;22;;;9945.0;0.0
av_COTTON_d7;47600;INTARIAN_PEPPER_ROOT;10032;16;10028;15;;;10045;24;10048;16;;;10038.5;0.0
av_COTTON_d7;47700;ASH_COATED_OSMIUM;9942;10;9940;8;;;9948;8;9950;11;;;9945.0;0.0
av_COTTON_d7;47700;INTARIAN_PEPPER_ROOT;10032;11;10029;31;;;10046;17;10048;23;;;10039.0;0.0
av_COTTON_d7;47800;ASH_COATED_OSMIUM;9942;25;9940;14;;;9948;14;9950;24;;;9945.0;0.0
av_COTTON_d7;47800;INTARIAN_PEPPER_ROOT;10037;19;10035;27;;;10044;17;10047;16;;;10040.5;0.0
av_COTTON_d7;47900;ASH_COATED_OSMIUM;9942;17;9938;16;;;9948;18;9950;11;;;9945.0;0.0
av_COTTON_d7;47900;INTARIAN_PEPPER_ROOT;10038;12;10034;28;;;10044;10;10048;12;;;10041.0;0.0
av_COTTON_d7;48000;ASH_COATED_OSMIUM;9942;29;9938;19;;;9948;14;9951;20;;;9945.0;0.0
av_COTTON_d7;48000;INTARIAN_PEPPER_ROOT;10038;14;10035;17;;;10044;15;10046;21;;;10041.0;0.0
av_COTTON_d7;48100;ASH_COATED_OSMIUM;9942;18;9940;19;;;9948;15;9952;17;;;9945.0;0.0
av_COTTON_d7;48100;INTARIAN_PEPPER_ROOT;10034;13;10030;28;;;10048;13;10050;25;;;10041.0;0.0
av_COTTON_d7;48200;ASH_COATED_OSMIUM;9931;6;9929;26;;;9959;20;9962;19;;;9945.0;0.0
av_COTTON_d7;48200;INTARIAN_PEPPER_ROOT;10039;15;10037;23;;;10045;19;10049;15;;;10042.0;0.0
av_COTTON_d7;48300;ASH_COATED_OSMIUM;9941;20;9938;17;;;9950;23;9953;27;;;9945.5;0.0
av_COTTON_d7;48300;INTARIAN_PEPPER_ROOT;10039;18;10035;19;;;10045;13;10049;30;;;10042.0;0.0
av_COTTON_d7;48400;ASH_COATED_OSMIUM;9942;21;9940;11;;;9948;16;9950;23;;;9945.0;0.0
av_COTTON_d7;48400;INTARIAN_PEPPER_ROOT;10039;13;10037;26;;;10045;13;10047;27;;;10042.0;0.0
av_COTTON_d7;48500;ASH_COATED_OSMIUM;9939;5;9937;26;;;9950;11;9954;25;;;9944.5;0.0
av_COTTON_d7;48500;INTARIAN_PEPPER_ROOT;10039;12;10035;15;;;10045;15;10049;19;;;10042.0;0.0
av_COTTON_d7;48600;ASH_COATED_OSMIUM;9942;13;9939;13;;;9948;18;9952;23;;;9945.0;0.0
av_COTTON_d7;48600;INTARIAN_PEPPER_ROOT;10040;14;10037;11;;;10046;23;10048;13;;;10043.0;0.0
av_COTTON_d7;48700;ASH_COATED_OSMIUM;9930;18;9926;20;;;9962;16;9965;20;;;9946.0;0.0
av_COTTON_d7;48700;INTARIAN_PEPPER_ROOT;10021;12;10017;20;;;10064;9;10068;14;;;10042.5;0.0
av_COTTON_d7;48800;ASH_COATED_OSMIUM;9933;11;9930;17;;;9957;23;9959;20;;;9945.0;0.0
av_COTTON_d7;48800;INTARIAN_PEPPER_ROOT;10035;18;10033;13;;;10052;9;10055;22;;;10043.5;0.0
av_COTTON_d7;48900;ASH_COATED_OSMIUM;9941;8;9938;24;;;9949;22;9951;22;;;9945.0;0.0
av_COTTON_d7;48900;INTARIAN_PEPPER_ROOT;10035;14;10031;8;;;10052;15;10055;19;;;10043.5;0.0
av_COTTON_d7;49000;ASH_COATED_OSMIUM;9942;13;9940;9;;;9948;10;9950;23;;;9945.0;0.0
av_COTTON_d7;49000;INTARIAN_PEPPER_ROOT;10041;10;10038;21;;;10047;10;10050;18;;;10044.0;0.0
av_COTTON_d7;49100;ASH_COATED_OSMIUM;9933;24;9931;8;;;9958;10;9962;23;;;9945.5;0.0
av_COTTON_d7;49100;INTARIAN_PEPPER_ROOT;10042;12;10040;16;;;10048;19;10052;16;;;10045.0;0.0
av_COTTON_d7;49200;ASH_COATED_OSMIUM;9942;10;9939;18;;;9949;14;9952;20;;;9945.5;0.0
av_COTTON_d7;49200;INTARIAN_PEPPER_ROOT;10041;20;10039;10;;;10047;17;10050;21;;;10044.0;0.0
av_COTTON_d7;49300;ASH_COATED_OSMIUM;9939;17;9935;26;;;9950;13;9953;21;;;9944.5;0.0
av_COTTON_d7;49300;INTARIAN_PEPPER_ROOT;10042;19;10038;15;;;10048;28;10050;16;;;10045.0;0.0
av_COTTON_d7;49400;ASH_COATED_OSMIUM;9942;17;9940;17;;;9950;18;9954;15;;;9946.0;0.0
av_COTTON_d7;49400;INTARIAN_PEPPER_ROOT;10042;16;10040;25;;;10048;14;10051;24;;;10045.0;0.0
av_COTTON_d7;49500;ASH_COATED_OSMIUM;9942;11;9939;23;;;9948;9;9951;16;;;9945.0;0.0
av_COTTON_d7;49500;INTARIAN_PEPPER_ROOT;10038;12;10035;21;;;10052;21;10056;16;;;10045.0;0.0
av_COTTON_d7;49600;ASH_COATED_OSMIUM;9937;6;9933;16;;;9955;16;9959;24;;;9946.0;0.0
av_COTTON_d7;49600;INTARIAN_PEPPER_ROOT;10042;24;10038;24;;;10048;13;10051;23;;;10045.0;0.0
av_COTTON_d7;49700;ASH_COATED_OSMIUM;9943;16;9941;25;;;9949;15;9952;20;;;9946.0;0.0
av_COTTON_d7;49700;INTARIAN_PEPPER_ROOT;10036;20;10032;16;;;10057;17;10059;16;;;10046.5;0.0
av_COTTON_d7;49800;ASH_COATED_OSMIUM;9939;21;9937;19;;;9952;8;9955;24;;;9945.5;0.0
av_COTTON_d7;49800;INTARIAN_PEPPER_ROOT;10037;19;10034;19;;;10054;8;10056;19;;;10045.5;0.0
av_COTTON_d7;49900;ASH_COATED_OSMIUM;9943;15;9939;23;;;9950;16;9954;17;;;9946.5;0.0
av_COTTON_d7;49900;INTARIAN_PEPPER_ROOT;10044;21;10040;14;;;10050;18;10054;24;;;10047.0;0.0
av_COTTON_d7;50000;ASH_COATED_OSMIUM;9933;8;9929;18;;;9957;22;9959;13;;;9945.0;0.0
av_COTTON_d7;50000;INTARIAN_PEPPER_ROOT;10044;19;10042;23;;;10050;20;10054;22;;;10047.0;0.0
av_COTTON_d7;50100;ASH_COATED_OSMIUM;9942;18;9939;18;;;9948;8;9950;16;;;9945.0;0.0
av_COTTON_d7;50100;INTARIAN_PEPPER_ROOT;10044;11;10042;23;;;10050;16;10054;23;;;10047.0;0.0
av_COTTON_d7;50200;ASH_COATED_OSMIUM;9941;18;9938;22;;;9951;8;9954;23;;;9946.0;0.0
av_COTTON_d7;50200;INTARIAN_PEPPER_ROOT;10044;16;10042;14;;;10050;9;10054;17;;;10047.0;0.0
av_COTTON_d7;50300;ASH_COATED_OSMIUM;9942;20;9940;28;;;9948;10;9951;25;;;9945.0;0.0
av_COTTON_d7;50300;INTARIAN_PEPPER_ROOT;10044;12;10040;19;;;10050;15;10054;22;;;10047.0;0.0
av_COTTON_d7;50400;ASH_COATED_OSMIUM;9942;8;9939;13;;;9949;13;9953;28;;;9945.5;0.0
av_COTTON_d7;50400;INTARIAN_PEPPER_ROOT;10041;5;10038;12;;;10055;9;10058;22;;;10048.0;0.0
av_COTTON_d7;50500;ASH_COATED_OSMIUM;9942;19;9939;14;;;9948;7;9950;23;;;9945.0;0.0
av_COTTON_d7;50500;INTARIAN_PEPPER_ROOT;10045;13;10041;8;;;10052;15;10054;25;;;10048.5;0.0
av_COTTON_d7;50600;ASH_COATED_OSMIUM;9943;12;9941;17;;;9949;10;9953;16;;;9946.0;0.0
av_COTTON_d7;50600;INTARIAN_PEPPER_ROOT;10045;11;10042;27;;;10051;15;10055;28;;;10048.0;0.0
av_COTTON_d7;50700;ASH_COATED_OSMIUM;9937;10;9935;27;;;9954;15;9957;15;;;9945.5;0.0
av_COTTON_d7;50700;INTARIAN_PEPPER_ROOT;10039;8;10037;18;;;10057;17;10061;16;;;10048.0;0.0
av_COTTON_d7;50800;ASH_COATED_OSMIUM;9937;15;9933;15;;;9954;12;9957;24;;;9945.5;0.0
av_COTTON_d7;50800;INTARIAN_PEPPER_ROOT;10044;12;10042;15;;;10053;16;10055;24;;;10048.5;0.0
av_COTTON_d7;50900;ASH_COATED_OSMIUM;9943;20;9940;15;;;9949;13;9952;21;;;9946.0;0.0
av_COTTON_d7;50900;INTARIAN_PEPPER_ROOT;10047;5;10045;20;;;10053;15;10057;21;;;10050.0;0.0
av_COTTON_d7;51000;ASH_COATED_OSMIUM;9943;11;9940;21;;;9949;18;9952;24;;;9946.0;0.0
av_COTTON_d7;51000;INTARIAN_PEPPER_ROOT;10043;16;10039;20;;;10058;12;10062;24;;;10050.5;0.0
av_COTTON_d7;51100;ASH_COATED_OSMIUM;9943;17;9941;17;;;9949;12;9953;22;;;9946.0;0.0
av_COTTON_d7;51100;INTARIAN_PEPPER_ROOT;10048;20;10045;16;;;10054;22;10056;16;;;10051.0;0.0
av_COTTON_d7;51200;ASH_COATED_OSMIUM;9932;19;9929;17;;;9961;15;9965;21;;;9946.5;0.0
av_COTTON_d7;51200;INTARIAN_PEPPER_ROOT;10041;16;10039;25;;;10061;17;10064;18;;;10051.0;0.0
av_COTTON_d7;51300;ASH_COATED_OSMIUM;9943;13;9939;25;;;9949;14;9951;22;;;9946.0;0.0
av_COTTON_d7;51300;INTARIAN_PEPPER_ROOT;10049;10;10045;21;;;10055;11;10058;19;;;10052.0;0.0
av_COTTON_d7;51400;ASH_COATED_OSMIUM;9944;5;9941;23;;;9950;18;9952;13;;;9947.0;0.0
av_COTTON_d7;51400;INTARIAN_PEPPER_ROOT;10049;8;10047;26;;;10055;5;10057;21;;;10052.0;0.0
av_COTTON_d7;51500;ASH_COATED_OSMIUM;9943;16;9941;20;;;9949;9;9951;9;;;9946.0;0.0
av_COTTON_d7;51500;INTARIAN_PEPPER_ROOT;10046;14;10043;15;;;10059;17;10063;15;;;10052.5;0.0
av_COTTON_d7;51600;ASH_COATED_OSMIUM;9942;22;9940;22;;;9951;11;9954;19;;;9946.5;0.0
av_COTTON_d7;51600;INTARIAN_PEPPER_ROOT;10045;17;10041;20;;;10063;14;10066;25;;;10054.0;0.0
av_COTTON_d7;51700;ASH_COATED_OSMIUM;9944;10;9942;22;;;9950;14;9952;16;;;9947.0;0.0
av_COTTON_d7;51700;INTARIAN_PEPPER_ROOT;10051;15;10047;15;;;10057;19;10059;27;;;10054.0;0.0
av_COTTON_d7;51800;ASH_COATED_OSMIUM;9944;21;9942;26;;;9950;20;9954;23;;;9947.0;0.0
av_COTTON_d7;51800;INTARIAN_PEPPER_ROOT;10050;14;10046;23;;;10060;11;10064;19;;;10055.0;0.0
av_COTTON_d7;51900;ASH_COATED_OSMIUM;9944;18;9942;18;;;9950;22;9953;24;;;9947.0;0.0
av_COTTON_d7;51900;INTARIAN_PEPPER_ROOT;10043;18;10040;16;;;10066;12;10069;10;;;10054.5;0.0
av_COTTON_d7;52000;ASH_COATED_OSMIUM;9943;21;9941;17;;;9949;24;9951;29;;;9946.0;0.0
av_COTTON_d7;52000;INTARIAN_PEPPER_ROOT;10053;12;10051;26;;;10059;8;10061;16;;;10056.0;0.0
av_COTTON_d7;52100;ASH_COATED_OSMIUM;9940;18;9938;19;;;9953;5;9957;28;;;9946.5;0.0
av_COTTON_d7;52100;INTARIAN_PEPPER_ROOT;10053;10;10050;16;;;10059;21;10063;20;;;10056.0;0.0
av_COTTON_d7;52200;ASH_COATED_OSMIUM;9944;15;9941;17;;;9950;11;9952;21;;;9947.0;0.0
av_COTTON_d7;52200;INTARIAN_PEPPER_ROOT;10050;14;10047;17;;;10062;24;10066;20;;;10056.0;0.0
av_COTTON_d7;52300;ASH_COATED_OSMIUM;9939;14;9936;23;;;9954;13;9958;23;;;9946.5;0.0
av_COTTON_d7;52300;INTARIAN_PEPPER_ROOT;10054;22;10051;20;;;10060;20;10063;25;;;10057.0;0.0
av_COTTON_d7;52400;ASH_COATED_OSMIUM;9944;9;9942;14;;;9950;25;9954;22;;;9947.0;0.0
av_COTTON_d7;52400;INTARIAN_PEPPER_ROOT;10051;20;10049;10;;;10065;6;10067;21;;;10058.0;0.0
av_COTTON_d7;52500;ASH_COATED_OSMIUM;9945;18;9942;23;;;9951;15;9955;10;;;9948.0;0.0
av_COTTON_d7;52500;INTARIAN_PEPPER_ROOT;10049;15;10047;23;;;10068;14;10072;23;;;10058.5;0.0
av_COTTON_d7;52600;ASH_COATED_OSMIUM;9944;15;9941;23;;;9952;21;9956;23;;;9948.0;0.0
av_COTTON_d7;52600;INTARIAN_PEPPER_ROOT;10050;16;10048;22;;;10068;16;10070;21;;;10059.0;0.0
av_COTTON_d7;52700;ASH_COATED_OSMIUM;9944;7;9941;15;;;9950;14;9954;19;;;9947.0;0.0
av_COTTON_d7;52700;INTARIAN_PEPPER_ROOT;10056;12;10054;21;;;10062;9;10065;19;;;10059.0;0.0
av_COTTON_d7;52800;ASH_COATED_OSMIUM;9945;18;9942;18;;;9951;14;9954;20;;;9948.0;0.0
av_COTTON_d7;52800;INTARIAN_PEPPER_ROOT;10057;11;10055;15;;;10063;10;10067;22;;;10060.0;0.0
av_COTTON_d7;52900;ASH_COATED_OSMIUM;9944;21;9941;15;;;9950;9;9953;12;;;9947.0;0.0
av_COTTON_d7;52900;INTARIAN_PEPPER_ROOT;10057;17;10053;16;;;10063;11;10065;26;;;10060.0;0.0
av_COTTON_d7;53000;ASH_COATED_OSMIUM;9940;21;9937;21;;;9956;20;9958;28;;;9948.0;0.0
av_COTTON_d7;53000;INTARIAN_PEPPER_ROOT;10057;9;10055;17;;;10063;7;10065;16;;;10060.0;0.0
av_COTTON_d7;53100;ASH_COATED_OSMIUM;9945;11;9942;20;;;9951;13;9954;22;;;9948.0;0.0
av_COTTON_d7;53100;INTARIAN_PEPPER_ROOT;10058;11;10056;29;;;10064;15;10067;20;;;10061.0;0.0
av_COTTON_d7;53200;ASH_COATED_OSMIUM;9945;13;9941;14;;;9951;10;9954;15;;;9948.0;0.0
av_COTTON_d7;53200;INTARIAN_PEPPER_ROOT;10057;18;10053;19;;;10067;11;10069;22;;;10062.0;0.0
av_COTTON_d7;53300;ASH_COATED_OSMIUM;9944;18;9942;22;;;9951;17;9954;19;;;9947.5;0.0
av_COTTON_d7;53300;INTARIAN_PEPPER_ROOT;10059;16;10057;20;;;10065;6;10069;19;;;10062.0;0.0
av_COTTON_d7;53400;ASH_COATED_OSMIUM;9945;8;9942;17;;;9951;18;9954;17;;;9948.0;0.0
av_COTTON_d7;53400;INTARIAN_PEPPER_ROOT;10060;10;10056;18;;;10066;11;10070;10;;;10063.0;0.0
av_COTTON_d7;53500;ASH_COATED_OSMIUM;9945;15;9942;23;;;9951;12;9955;21;;;9948.0;0.0
av_COTTON_d7;53500;INTARIAN_PEPPER_ROOT;10059;20;10056;21;;;10068;13;10072;19;;;10063.5;0.0
av_COTTON_d7;53600;ASH_COATED_OSMIUM;9945;20;9943;19;;;9951;19;9955;16;;;9948.0;0.0
av_COTTON_d7;53600;INTARIAN_PEPPER_ROOT;10061;20;10057;21;;;10067;22;10069;21;;;10064.0;0.0
av_COTTON_d7;53700;ASH_COATED_OSMIUM;9944;9;9940;17;;;9954;20;9958;29;;;9949.0;0.0
av_COTTON_d7;53700;INTARIAN_PEPPER_ROOT;10058;20;10054;18;;;10071;6;10075;24;;;10064.5;0.0
av_COTTON_d7;53800;ASH_COATED_OSMIUM;9946;13;9944;13;;;9952;19;9955;21;;;9949.0;0.0
av_COTTON_d7;53800;INTARIAN_PEPPER_ROOT;10063;17;10060;19;;;10069;15;10072;18;;;10066.0;0.0
av_COTTON_d7;53900;ASH_COATED_OSMIUM;9944;14;9940;19;;;9952;15;9955;16;;;9948.0;0.0
av_COTTON_d7;53900;INTARIAN_PEPPER_ROOT;10062;16;10059;14;;;10068;14;10070;28;;;10065.0;0.0
av_COTTON_d7;54000;ASH_COATED_OSMIUM;9946;23;9943;32;;;9952;16;9954;24;;;9949.0;0.0
av_COTTON_d7;54000;INTARIAN_PEPPER_ROOT;10063;21;10060;27;;;10069;18;10071;20;;;10066.0;0.0
av_COTTON_d7;54100;ASH_COATED_OSMIUM;9945;14;9943;21;;;9953;7;9956;23;;;9949.0;0.0
av_COTTON_d7;54100;INTARIAN_PEPPER_ROOT;10061;13;10059;17;;;10071;18;10074;24;;;10066.0;0.0
av_COTTON_d7;54200;ASH_COATED_OSMIUM;9938;17;9935;13;;;9961;18;9963;19;;;9949.5;0.0
av_COTTON_d7;54200;INTARIAN_PEPPER_ROOT;10064;10;10062;12;;;10071;18;10074;23;;;10067.5;0.0
av_COTTON_d7;54300;ASH_COATED_OSMIUM;9946;13;9944;22;;;9952;10;9955;18;;;9949.0;0.0
av_COTTON_d7;54300;INTARIAN_PEPPER_ROOT;10064;11;10061;21;;;10070;15;10074;14;;;10067.0;0.0
av_COTTON_d7;54400;ASH_COATED_OSMIUM;9946;9;9943;28;;;9952;22;9956;16;;;9949.0;0.0
av_COTTON_d7;54400;INTARIAN_PEPPER_ROOT;10065;18;10062;28;;;10071;13;10075;17;;;10068.0;0.0
av_COTTON_d7;54500;ASH_COATED_OSMIUM;9947;17;9944;21;;;9953;15;9955;23;;;9950.0;0.0
av_COTTON_d7;54500;INTARIAN_PEPPER_ROOT;10066;17;10064;16;;;10072;18;10076;23;;;10069.0;0.0
av_COTTON_d7;54600;ASH_COATED_OSMIUM;9947;18;9943;18;;;9953;16;9955;16;;;9950.0;0.0
av_COTTON_d7;54600;INTARIAN_PEPPER_ROOT;10066;16;10062;18;;;10072;6;10074;14;;;10069.0;0.0
av_COTTON_d7;54700;ASH_COATED_OSMIUM;9947;16;9944;20;;;9953;22;9957;23;;;9950.0;0.0
av_COTTON_d7;54700;INTARIAN_PEPPER_ROOT;10067;14;10064;18;;;10073;25;10077;20;;;10070.0;0.0
av_COTTON_d7;54800;ASH_COATED_OSMIUM;9947;5;9944;15;;;9953;16;9955;31;;;9950.0;0.0
av_COTTON_d7;54800;INTARIAN_PEPPER_ROOT;10064;15;10060;19;;;10077;22;10080;22;;;10070.5;0.0
av_COTTON_d7;54900;ASH_COATED_OSMIUM;9946;14;9942;24;;;9953;11;9955;18;;;9949.5;0.0
av_COTTON_d7;54900;INTARIAN_PEPPER_ROOT;10068;14;10065;19;;;10074;14;10076;16;;;10071.0;0.0
av_COTTON_d7;55000;ASH_COATED_OSMIUM;9947;20;9945;15;;;9953;18;9956;27;;;9950.0;0.0
av_COTTON_d7;55000;INTARIAN_PEPPER_ROOT;10069;21;10066;20;;;10075;19;10078;23;;;10072.0;0.0
av_COTTON_d7;55100;ASH_COATED_OSMIUM;9946;12;9943;22;;;9954;21;9958;23;;;9950.0;0.0
av_COTTON_d7;55100;INTARIAN_PEPPER_ROOT;10069;15;10067;10;;;10075;9;10078;18;;;10072.0;0.0
av_COTTON_d7;55200;ASH_COATED_OSMIUM;9947;16;9943;22;;;9953;15;9957;14;;;9950.0;0.0
av_COTTON_d7;55200;INTARIAN_PEPPER_ROOT;10057;13;10055;15;;;10088;9;10092;15;;;10072.5;0.0
av_COTTON_d7;55300;ASH_COATED_OSMIUM;9946;7;9942;16;;;9953;16;9956;18;;;9949.5;0.0
av_COTTON_d7;55300;INTARIAN_PEPPER_ROOT;10068;17;10065;13;;;10078;12;10080;23;;;10073.0;0.0
av_COTTON_d7;55400;ASH_COATED_OSMIUM;9948;11;9946;16;;;9954;16;9958;31;;;9951.0;0.0
av_COTTON_d7;55400;INTARIAN_PEPPER_ROOT;10068;18;10064;16;;;10078;10;10080;14;;;10073.0;0.0
av_COTTON_d7;55500;ASH_COATED_OSMIUM;9943;8;9941;21;;;9957;15;9960;20;;;9950.0;0.0
av_COTTON_d7;55500;INTARIAN_PEPPER_ROOT;10068;13;10064;11;;;10079;13;10082;27;;;10073.5;0.0
av_COTTON_d7;55600;ASH_COATED_OSMIUM;9945;11;9943;22;;;9956;15;9960;18;;;9950.5;0.0
av_COTTON_d7;55600;INTARIAN_PEPPER_ROOT;10068;11;10065;21;;;10081;21;10083;15;;;10074.5;0.0
av_COTTON_d7;55700;ASH_COATED_OSMIUM;9947;18;9945;13;;;9954;5;9956;13;;;9950.5;0.0
av_COTTON_d7;55700;INTARIAN_PEPPER_ROOT;10072;16;10068;15;;;10078;15;10082;19;;;10075.0;0.0
av_COTTON_d7;55800;ASH_COATED_OSMIUM;9947;18;9945;23;;;9954;15;9958;28;;;9950.5;0.0
av_COTTON_d7;55800;INTARIAN_PEPPER_ROOT;10072;11;10070;23;;;10078;15;10080;21;;;10075.0;0.0
av_COTTON_d7;55900;ASH_COATED_OSMIUM;9947;14;9944;18;;;9954;20;9958;21;;;9950.5;0.0
av_COTTON_d7;55900;INTARIAN_PEPPER_ROOT;10073;11;10069;29;;;10079;20;10081;14;;;10076.0;0.0
av_COTTON_d7;56000;ASH_COATED_OSMIUM;9947;6;9945;25;;;9953;9;9956;17;;;9950.0;0.0
av_COTTON_d7;56000;INTARIAN_PEPPER_ROOT;10066;16;10063;17;;;10087;14;10091;11;;;10076.5;0.0
av_COTTON_d7;56100;ASH_COATED_OSMIUM;9940;16;9938;31;;;9963;15;9965;15;;;9951.5;0.0
av_COTTON_d7;56100;INTARIAN_PEPPER_ROOT;10070;17;10068;20;;;10084;22;10088;13;;;10077.0;0.0
av_COTTON_d7;56200;ASH_COATED_OSMIUM;9944;17;9942;17;;;9957;19;9961;24;;;9950.5;0.0
av_COTTON_d7;56200;INTARIAN_PEPPER_ROOT;10074;23;10070;14;;;10080;20;10084;22;;;10077.0;0.0
av_COTTON_d7;56300;ASH_COATED_OSMIUM;9942;11;9939;20;;;9961;21;9964;22;;;9951.5;0.0
av_COTTON_d7;56300;INTARIAN_PEPPER_ROOT;10075;7;10071;25;;;10081;7;10084;13;;;10078.0;0.0
av_COTTON_d7;56400;ASH_COATED_OSMIUM;9948;14;9944;17;;;9954;23;9958;24;;;9951.0;0.0
av_COTTON_d7;56400;INTARIAN_PEPPER_ROOT;10075;23;10073;20;;;10081;5;10085;29;;;10078.0;0.0
av_COTTON_d7;56500;ASH_COATED_OSMIUM;9947;16;9944;14;;;9955;16;9957;22;;;9951.0;0.0
av_COTTON_d7;56500;INTARIAN_PEPPER_ROOT;10077;12;10073;23;;;10083;11;10087;18;;;10080.0;0.0
av_COTTON_d7;56600;ASH_COATED_OSMIUM;9943;15;9939;22;;;9958;13;9960;16;;;9950.5;0.0
av_COTTON_d7;56600;INTARIAN_PEPPER_ROOT;10069;14;10066;24;;;10090;14;10093;15;;;10079.5;0.0
av_COTTON_d7;56700;ASH_COATED_OSMIUM;9948;15;9945;23;;;9954;9;9958;13;;;9951.0;0.0
av_COTTON_d7;56700;INTARIAN_PEPPER_ROOT;10077;11;10074;17;;;10083;17;10086;24;;;10080.0;0.0
av_COTTON_d7;56800;ASH_COATED_OSMIUM;9947;23;9944;21;;;9956;10;9960;19;;;9951.5;0.0
av_COTTON_d7;56800;INTARIAN_PEPPER_ROOT;10078;11;10075;21;;;10084;15;10088;30;;;10081.0;0.0
av_COTTON_d7;56900;ASH_COATED_OSMIUM;9934;17;9931;13;;;9969;15;9972;15;;;9951.5;0.0
av_COTTON_d7;56900;INTARIAN_PEPPER_ROOT;10078;16;10075;21;;;10086;17;10089;30;;;10082.0;0.0
av_COTTON_d7;57000;ASH_COATED_OSMIUM;9948;13;9944;19;;;9956;14;9960;19;;;9952.0;0.0
av_COTTON_d7;57000;INTARIAN_PEPPER_ROOT;10079;18;10075;25;;;10085;17;10089;23;;;10082.0;0.0
av_COTTON_d7;57100;ASH_COATED_OSMIUM;9948;13;9945;22;;;9954;14;9956;8;;;9951.0;0.0
av_COTTON_d7;57100;INTARIAN_PEPPER_ROOT;10071;24;10068;25;;;10094;8;10098;22;;;10082.5;0.0
av_COTTON_d7;57200;ASH_COATED_OSMIUM;9949;19;9946;16;;;9955;16;9959;16;;;9952.0;0.0
av_COTTON_d7;57200;INTARIAN_PEPPER_ROOT;10078;14;10074;25;;;10088;15;10092;20;;;10083.0;0.0
