day;timestamp;product;bid_price_1;bid_volume_1;bid_price_2;bid_volume_2;bid_price_3;bid_volume_3;ask_price_1;ask_volume_1;ask_price_2;ask_volume_2;ask_price_3;ask_volume_3;mid_price;profit_and_loss
yf_BGS_d11;0;ASH_COATED_OSMIUM;9923;27;9920;15;;;9942;11;9946;27;;;9932.5;0.0
yf_BGS_d11;0;INTARIAN_PEPPER_ROOT;9992;15;9989;25;;;10007;22;10011;18;;;9999.5;0.0
yf_BGS_d11;100;ASH_COATED_OSMIUM;9925;28;9921;20;;;9940;15;9943;18;;;9932.5;0.0
yf_BGS_d11;100;INTARIAN_PEPPER_ROOT;9999;13;9996;9;;;10005;6;10007;19;;;10002.0;0.0
yf_BGS_d11;200;ASH_COATED_OSMIUM;9921;23;9919;16;;;9945;5;9947;21;;;9933.0;0.0
yf_BGS_d11;200;INTARIAN_PEPPER_ROOT;10001;15;9999;9;;;10007;28;10009;22;;;10004.0;0.0
yf_BGS_d11;300;ASH_COATED_OSMIUM;9927;15;9923;20;;;9937;7;9940;26;;;9932.0;0.0
yf_BGS_d11;300;INTARIAN_PEPPER_ROOT;10003;19;10001;16;;;10009;12;10012;21;;;10006.0;0.0
yf_BGS_d11;400;ASH_COATED_OSMIUM;9930;16;9928;21;;;9936;6;9938;21;;;9933.0;0.0
yf_BGS_d11;400;INTARIAN_PEPPER_ROOT;10004;10;10001;17;;;10010;15;10013;26;;;10007.0;0.0
yf_BGS_d11;500;ASH_COATED_OSMIUM;9930;25;9926;17;;;9936;15;9940;29;;;9933.0;0.0
yf_BGS_d11;500;INTARIAN_PEPPER_ROOT;10007;13;10003;23;;;10013;11;10015;21;;;10010.0;0.0
yf_BGS_d11;600;ASH_COATED_OSMIUM;9930;10;9928;23;;;9936;20;9940;21;;;9933.0;0.0
yf_BGS_d11;600;INTARIAN_PEPPER_ROOT;10005;15;10002;15;;;10018;18;10022;17;;;10011.5;0.0
yf_BGS_d11;700;ASH_COATED_OSMIUM;9930;15;9926;22;;;9936;9;9938;14;;;9933.0;0.0
yf_BGS_d11;700;INTARIAN_PEPPER_ROOT;9999;15;9997;24;;;10028;25;10030;13;;;10013.5;0.0
yf_BGS_d11;800;ASH_COATED_OSMIUM;9928;18;9924;17;;;9937;6;9939;20;;;9932.5;0.0
yf_BGS_d11;800;INTARIAN_PEPPER_ROOT;10013;12;10011;16;;;10019;13;10021;25;;;10016.0;0.0
yf_BGS_d11;900;ASH_COATED_OSMIUM;9930;15;9928;16;;;9938;12;9942;21;;;9934.0;0.0
yf_BGS_d11;900;INTARIAN_PEPPER_ROOT;10015;17;10012;9;;;10021;19;10024;11;;;10018.0;0.0
yf_BGS_d11;1000;ASH_COATED_OSMIUM;9930;16;9927;22;;;9936;15;9938;16;;;9933.0;0.0
yf_BGS_d11;1000;INTARIAN_PEPPER_ROOT;10015;9;10013;20;;;10025;18;10027;22;;;10020.0;0.0
yf_BGS_d11;1100;ASH_COATED_OSMIUM;9930;16;9926;19;;;9936;19;9939;17;;;9933.0;0.0
yf_BGS_d11;1100;INTARIAN_PEPPER_ROOT;10019;15;10015;26;;;10025;18;10029;20;;;10022.0;0.0
yf_BGS_d11;1200;ASH_COATED_OSMIUM;9927;5;9925;19;;;9940;12;9944;24;;;9933.5;0.0
yf_BGS_d11;1200;INTARIAN_PEPPER_ROOT;10021;13;10017;17;;;10027;22;10029;15;;;10024.0;0.0
yf_BGS_d11;1300;ASH_COATED_OSMIUM;9929;15;9926;24;;;9938;11;9941;16;;;9933.5;0.0
yf_BGS_d11;1300;INTARIAN_PEPPER_ROOT;10022;16;10020;25;;;10028;18;10031;15;;;10025.0;0.0
yf_BGS_d11;1400;ASH_COATED_OSMIUM;9930;16;9926;17;;;9936;20;9938;18;;;9933.0;0.0
yf_BGS_d11;1400;INTARIAN_PEPPER_ROOT;10020;16;10016;25;;;10036;10;10040;15;;;10028.0;0.0
yf_BGS_d11;1500;ASH_COATED_OSMIUM;9928;13;9925;14;;;9937;13;9941;16;;;9932.5;0.0
yf_BGS_d11;1500;INTARIAN_PEPPER_ROOT;10024;20;10022;17;;;10036;14;10038;16;;;10030.0;0.0
yf_BGS_d11;1600;ASH_COATED_OSMIUM;9925;5;9923;15;;;9943;14;9946;20;;;9934.0;0.0
yf_BGS_d11;1600;INTARIAN_PEPPER_ROOT;10028;9;10024;16;;;10035;15;10038;16;;;10031.5;0.0
yf_BGS_d11;1700;ASH_COATED_OSMIUM;9930;21;9928;8;;;9937;11;9939;17;;;9933.5;0.0
yf_BGS_d11;1700;INTARIAN_PEPPER_ROOT;10032;8;10028;19;;;10038;18;10042;13;;;10035.0;0.0
yf_BGS_d11;1800;ASH_COATED_OSMIUM;9930;14;9927;12;;;9936;10;9938;18;;;9933.0;0.0
yf_BGS_d11;1800;INTARIAN_PEPPER_ROOT;10032;14;10029;17;;;10040;17;10042;26;;;10036.0;0.0
yf_BGS_d11;1900;ASH_COATED_OSMIUM;9929;15;9926;28;;;9938;11;9941;16;;;9933.5;0.0
yf_BGS_d11;1900;INTARIAN_PEPPER_ROOT;10027;15;10025;16;;;10048;16;10051;24;;;10037.5;0.0
yf_BGS_d11;2000;ASH_COATED_OSMIUM;9925;13;9922;26;;;9941;18;9944;11;;;9933.0;0.0
yf_BGS_d11;2000;INTARIAN_PEPPER_ROOT;10036;21;10033;15;;;10045;13;10048;23;;;10040.5;0.0
yf_BGS_d11;2100;ASH_COATED_OSMIUM;9930;11;9927;20;;;9936;16;9940;27;;;9933.0;0.0
yf_BGS_d11;2100;INTARIAN_PEPPER_ROOT;10039;7;10037;23;;;10045;18;10047;19;;;10042.0;0.0
yf_BGS_d11;2200;ASH_COATED_OSMIUM;9920;14;9916;26;;;9947;7;9951;16;;;9933.5;0.0
yf_BGS_d11;2200;INTARIAN_PEPPER_ROOT;10038;7;10035;17;;;10050;5;10054;26;;;10044.0;0.0
yf_BGS_d11;2300;ASH_COATED_OSMIUM;9931;26;9928;15;;;9937;12;9941;17;;;9934.0;0.0
yf_BGS_d11;2300;INTARIAN_PEPPER_ROOT;10043;18;10039;20;;;10051;19;10055;20;;;10047.0;0.0
yf_BGS_d11;2400;ASH_COATED_OSMIUM;9931;17;9928;25;;;9937;15;9940;15;;;9934.0;0.0
yf_BGS_d11;2400;INTARIAN_PEPPER_ROOT;10045;22;10041;14;;;10051;14;10053;16;;;10048.0;0.0
yf_BGS_d11;2500;ASH_COATED_OSMIUM;9931;8;9929;19;;;9937;21;9941;14;;;9934.0;0.0
yf_BGS_d11;2500;INTARIAN_PEPPER_ROOT;10042;5;10039;16;;;10058;19;10061;15;;;10050.0;0.0
yf_BGS_d11;2600;ASH_COATED_OSMIUM;9922;14;9920;12;;;9946;13;9948;16;;;9934.0;0.0
yf_BGS_d11;2600;INTARIAN_PEPPER_ROOT;10049;20;10046;16;;;10055;15;10058;35;;;10052.0;0.0
yf_BGS_d11;2700;ASH_COATED_OSMIUM;9930;19;9928;16;;;9939;9;9941;17;;;9934.5;0.0
yf_BGS_d11;2700;INTARIAN_PEPPER_ROOT;10050;22;10047;26;;;10059;19;10062;17;;;10054.5;0.0
yf_BGS_d11;2800;ASH_COATED_OSMIUM;9930;15;9927;17;;;9936;16;9940;19;;;9933.0;0.0
yf_BGS_d11;2800;INTARIAN_PEPPER_ROOT;10051;13;10048;18;;;10063;8;10065;17;;;10057.0;0.0
yf_BGS_d11;2900;ASH_COATED_OSMIUM;9927;18;9925;19;;;9941;13;9944;27;;;9934.0;0.0
yf_BGS_d11;2900;INTARIAN_PEPPER_ROOT;10050;7;10047;20;;;10066;5;10069;20;;;10058.0;0.0
yf_BGS_d11;3000;ASH_COATED_OSMIUM;9931;24;9928;18;;;9937;18;9941;25;;;9934.0;0.0
yf_BGS_d11;3000;INTARIAN_PEPPER_ROOT;10056;15;10054;33;;;10064;10;10066;22;;;10060.0;0.0
yf_BGS_d11;3100;ASH_COATED_OSMIUM;9928;16;9925;16;;;9939;18;9941;34;;;9933.5;0.0
yf_BGS_d11;3100;INTARIAN_PEPPER_ROOT;10051;14;10049;14;;;10075;20;10079;23;;;10063.0;0.0
yf_BGS_d11;3200;ASH_COATED_OSMIUM;9931;17;9929;24;;;9937;15;9941;23;;;9934.0;0.0
yf_BGS_d11;3200;INTARIAN_PEPPER_ROOT;10062;14;10058;17;;;10068;17;10070;17;;;10065.0;0.0
yf_BGS_d11;3300;ASH_COATED_OSMIUM;9923;12;9921;23;;;9944;7;9947;20;;;9933.5;0.0
yf_BGS_d11;3300;INTARIAN_PEPPER_ROOT;10061;13;10059;19;;;10072;26;10074;29;;;10066.5;0.0
yf_BGS_d11;3400;ASH_COATED_OSMIUM;9931;11;9927;20;;;9937;20;9940;19;;;9934.0;0.0
yf_BGS_d11;3400;INTARIAN_PEPPER_ROOT;10066;14;10062;15;;;10072;14;10076;17;;;10069.0;0.0
yf_BGS_d11;3500;ASH_COATED_OSMIUM;9931;16;9928;25;;;9939;14;9941;24;;;9935.0;0.0
yf_BGS_d11;3500;INTARIAN_PEPPER_ROOT;10067;21;10064;18;;;10075;16;10079;21;;;10071.0;0.0
yf_BGS_d11;3600;ASH_COATED_OSMIUM;9929;13;9925;16;;;9939;15;9941;20;;;9934.0;0.0
yf_BGS_d11;3600;INTARIAN_PEPPER_ROOT;10067;11;10064;27;;;10077;19;10079;20;;;10072.0;0.0
yf_BGS_d11;3700;ASH_COATED_OSMIUM;9924;10;9920;18;;;9943;12;9945;19;;;9933.5;0.0
yf_BGS_d11;3700;INTARIAN_PEPPER_ROOT;10071;12;10067;21;;;10077;24;10081;16;;;10074.0;0.0
yf_BGS_d11;3800;ASH_COATED_OSMIUM;9924;18;9920;20;;;9945;17;9949;14;;;9934.5;0.0
yf_BGS_d11;3800;INTARIAN_PEPPER_ROOT;10074;11;10070;18;;;10080;16;10082;26;;;10077.0;0.0
yf_BGS_d11;3900;ASH_COATED_OSMIUM;9931;16;9928;29;;;9937;21;9939;24;;;9934.0;0.0
yf_BGS_d11;3900;INTARIAN_PEPPER_ROOT;10069;9;10066;20;;;10088;7;10090;12;;;10078.5;0.0
yf_BGS_d11;4000;ASH_COATED_OSMIUM;9926;14;9924;17;;;9942;16;9944;19;;;9934.0;0.0
yf_BGS_d11;4000;INTARIAN_PEPPER_ROOT;10075;23;10071;19;;;10086;22;10090;18;;;10080.5;0.0
yf_BGS_d11;4100;ASH_COATED_OSMIUM;9926;23;9924;21;;;9941;17;9944;13;;;9933.5;0.0
yf_BGS_d11;4100;INTARIAN_PEPPER_ROOT;10079;18;10077;18;;;10087;16;10091;31;;;10083.0;0.0
yf_BGS_d11;4200;ASH_COATED_OSMIUM;9931;17;9929;23;;;9937;15;9939;20;;;9934.0;0.0
yf_BGS_d11;4200;INTARIAN_PEPPER_ROOT;10081;11;10079;21;;;10088;9;10092;17;;;10084.5;0.0
yf_BGS_d11;4300;ASH_COATED_OSMIUM;9931;11;9927;23;;;9937;6;9939;21;;;9934.0;0.0
yf_BGS_d11;4300;INTARIAN_PEPPER_ROOT;10084;12;10082;19;;;10090;7;10092;25;;;10087.0;0.0
yf_BGS_d11;4400;ASH_COATED_OSMIUM;9931;22;9929;20;;;9938;5;9942;8;;;9934.5;0.0
yf_BGS_d11;4400;INTARIAN_PEPPER_ROOT;10081;6;10078;23;;;10097;6;10101;15;;;10089.0;0.0
yf_BGS_d11;4500;ASH_COATED_OSMIUM;9929;18;9926;20;;;9939;14;9942;19;;;9934.0;0.0
yf_BGS_d11;4500;INTARIAN_PEPPER_ROOT;10088;21;10085;22;;;10094;10;10096;18;;;10091.0;0.0
yf_BGS_d11;4600;ASH_COATED_OSMIUM;9924;16;9921;26;;;9944;10;9948;12;;;9934.0;0.0
yf_BGS_d11;4600;INTARIAN_PEPPER_ROOT;10090;29;10086;14;;;10096;19;10098;20;;;10093.0;0.0
yf_BGS_d11;4700;ASH_COATED_OSMIUM;9930;5;9928;19;;;9938;12;9940;14;;;9934.0;0.0
yf_BGS_d11;4700;INTARIAN_PEPPER_ROOT;10087;14;10084;26;;;10102;21;10105;15;;;10094.5;0.0
yf_BGS_d11;4800;ASH_COATED_OSMIUM;9931;6;9929;22;;;9937;6;9939;25;;;9934.0;0.0
yf_BGS_d11;4800;INTARIAN_PEPPER_ROOT;10094;23;10092;15;;;10100;16;10102;21;;;10097.0;0.0
yf_BGS_d11;4900;ASH_COATED_OSMIUM;9931;25;9929;19;;;9937;13;9940;24;;;9934.0;0.0
yf_BGS_d11;4900;INTARIAN_PEPPER_ROOT;10096;11;10094;19;;;10102;24;10104;14;;;10099.0;0.0
yf_BGS_d11;5000;ASH_COATED_OSMIUM;9927;17;9924;24;;;9943;19;9946;16;;;9935.0;0.0
yf_BGS_d11;5000;INTARIAN_PEPPER_ROOT;10098;19;10094;12;;;10104;15;10106;17;;;10101.0;0.0
yf_BGS_d11;5100;ASH_COATED_OSMIUM;9931;19;9928;12;;;9937;11;9941;8;;;9934.0;0.0
yf_BGS_d11;5100;INTARIAN_PEPPER_ROOT;10101;23;10098;19;;;10107;16;10110;25;;;10104.0;0.0
yf_BGS_d11;5200;ASH_COATED_OSMIUM;9931;18;9927;22;;;9937;26;9941;21;;;9934.0;0.0
yf_BGS_d11;5200;INTARIAN_PEPPER_ROOT;10102;24;10100;17;;;10108;10;10112;21;;;10105.0;0.0
yf_BGS_d11;5300;ASH_COATED_OSMIUM;9932;15;9930;25;;;9938;26;9941;21;;;9935.0;0.0
yf_BGS_d11;5300;INTARIAN_PEPPER_ROOT;10096;20;10094;25;;;10119;5;10123;19;;;10107.5;0.0
yf_BGS_d11;5400;ASH_COATED_OSMIUM;9931;17;9927;19;;;9937;16;9941;22;;;9934.0;0.0
yf_BGS_d11;5400;INTARIAN_PEPPER_ROOT;10106;16;10102;25;;;10112;20;10114;28;;;10109.0;0.0
yf_BGS_d11;5500;ASH_COATED_OSMIUM;9930;22;9928;11;;;9938;20;9940;22;;;9934.0;0.0
yf_BGS_d11;5500;INTARIAN_PEPPER_ROOT;10102;16;10098;25;;;10120;13;10124;21;;;10111.0;0.0
yf_BGS_d11;5600;ASH_COATED_OSMIUM;9931;9;9928;13;;;9937;22;9939;16;;;9934.0;0.0
yf_BGS_d11;5600;INTARIAN_PEPPER_ROOT;10110;15;10108;25;;;10116;10;10118;11;;;10113.0;0.0
yf_BGS_d11;5700;ASH_COATED_OSMIUM;9932;24;9930;23;;;9938;8;9941;15;;;9935.0;0.0
yf_BGS_d11;5700;INTARIAN_PEPPER_ROOT;10112;19;10108;20;;;10118;18;10122;13;;;10115.0;0.0
yf_BGS_d11;5800;ASH_COATED_OSMIUM;9927;12;9924;18;;;9944;23;9948;20;;;9935.5;0.0
yf_BGS_d11;5800;INTARIAN_PEPPER_ROOT;10114;13;10111;19;;;10120;26;10122;21;;;10117.0;0.0
yf_BGS_d11;5900;ASH_COATED_OSMIUM;9931;18;9929;23;;;9937;23;9939;11;;;9934.0;0.0
yf_BGS_d11;5900;INTARIAN_PEPPER_ROOT;10116;15;10112;25;;;10122;16;10125;28;;;10119.0;0.0
yf_BGS_d11;6000;ASH_COATED_OSMIUM;9932;6;9929;17;;;9938;15;9940;20;;;9935.0;0.0
yf_BGS_d11;6000;INTARIAN_PEPPER_ROOT;10116;17;10113;14;;;10126;11;10129;23;;;10121.0;0.0
yf_BGS_d11;6100;ASH_COATED_OSMIUM;9926;16;9924;11;;;9943;11;9946;19;;;9934.5;0.0
yf_BGS_d11;6100;INTARIAN_PEPPER_ROOT;10118;19;10114;19;;;10129;17;10132;15;;;10123.5;0.0
yf_BGS_d11;6200;ASH_COATED_OSMIUM;9930;24;9927;23;;;9939;13;9942;15;;;9934.5;0.0
yf_BGS_d11;6200;INTARIAN_PEPPER_ROOT;10123;12;10120;26;;;10129;19;10132;20;;;10126.0;0.0
yf_BGS_d11;6300;ASH_COATED_OSMIUM;9930;17;9928;24;;;9938;21;9940;20;;;9934.0;0.0
yf_BGS_d11;6300;INTARIAN_PEPPER_ROOT;10124;9;10122;18;;;10131;14;10133;24;;;10127.5;0.0
yf_BGS_d11;6400;ASH_COATED_OSMIUM;9931;12;9928;13;;;9937;13;9941;16;;;9934.0;0.0
yf_BGS_d11;6400;INTARIAN_PEPPER_ROOT;10124;19;10122;14;;;10135;9;10138;24;;;10129.5;0.0
yf_BGS_d11;6500;ASH_COATED_OSMIUM;9926;12;9922;16;;;9943;11;9945;18;;;9934.5;0.0
yf_BGS_d11;6500;INTARIAN_PEPPER_ROOT;10129;13;10126;25;;;10135;10;10139;15;;;10132.0;0.0
yf_BGS_d11;6600;ASH_COATED_OSMIUM;9932;18;9929;20;;;9938;14;9942;19;;;9935.0;0.0
yf_BGS_d11;6600;INTARIAN_PEPPER_ROOT;10128;15;10125;22;;;10138;9;10140;20;;;10133.0;0.0
yf_BGS_d11;6700;ASH_COATED_OSMIUM;9932;17;9929;19;;;9938;12;9941;15;;;9935.0;0.0
yf_BGS_d11;6700;INTARIAN_PEPPER_ROOT;10133;16;10130;17;;;10139;8;10143;20;;;10136.0;0.0
yf_BGS_d11;6800;ASH_COATED_OSMIUM;9932;21;9930;20;;;9938;13;9941;17;;;9935.0;0.0
yf_BGS_d11;6800;INTARIAN_PEPPER_ROOT;10135;10;10131;20;;;10141;11;10143;21;;;10138.0;0.0
yf_BGS_d11;6900;ASH_COATED_OSMIUM;9932;12;9929;25;;;9938;11;9941;23;;;9935.0;0.0
yf_BGS_d11;6900;INTARIAN_PEPPER_ROOT;10136;21;10133;15;;;10142;24;10145;22;;;10139.0;0.0
yf_BGS_d11;7000;ASH_COATED_OSMIUM;9926;12;9922;30;;;9945;16;9949;26;;;9935.5;0.0
yf_BGS_d11;7000;INTARIAN_PEPPER_ROOT;10139;12;10137;14;;;10145;23;10149;21;;;10142.0;0.0
yf_BGS_d11;7100;ASH_COATED_OSMIUM;9933;14;9930;18;;;9939;11;9941;23;;;9936.0;0.0
yf_BGS_d11;7100;INTARIAN_PEPPER_ROOT;10141;16;10139;23;;;10147;11;10149;22;;;10144.0;0.0
yf_BGS_d11;7200;ASH_COATED_OSMIUM;9932;13;9929;20;;;9938;30;9941;16;;;9935.0;0.0
yf_BGS_d11;7200;INTARIAN_PEPPER_ROOT;10140;14;10137;20;;;10150;17;10153;23;;;10145.0;0.0
yf_BGS_d11;7300;ASH_COATED_OSMIUM;9931;12;9927;35;;;9939;12;9942;23;;;9935.0;0.0
yf_BGS_d11;7300;INTARIAN_PEPPER_ROOT;10145;7;10143;22;;;10151;10;10155;28;;;10148.0;0.0
yf_BGS_d11;7400;ASH_COATED_OSMIUM;9932;14;9929;17;;;9938;16;9941;13;;;9935.0;0.0
yf_BGS_d11;7400;INTARIAN_PEPPER_ROOT;10147;17;10145;20;;;10153;5;10156;14;;;10150.0;0.0
yf_BGS_d11;7500;ASH_COATED_OSMIUM;9927;12;9924;19;;;9944;11;9947;16;;;9935.5;0.0
yf_BGS_d11;7500;INTARIAN_PEPPER_ROOT;10138;12;10136;8;;;10166;20;10168;12;;;10152.0;0.0
yf_BGS_d11;7600;ASH_COATED_OSMIUM;9932;18;9928;26;;;9938;14;9941;22;;;9935.0;0.0
yf_BGS_d11;7600;INTARIAN_PEPPER_ROOT;10151;14;10148;18;;;10157;16;10159;22;;;10154.0;0.0
yf_BGS_d11;7700;ASH_COATED_OSMIUM;9924;13;9922;11;;;9947;5;9951;19;;;9935.5;0.0
yf_BGS_d11;7700;INTARIAN_PEPPER_ROOT;10153;13;10151;27;;;10159;19;10161;22;;;10156.0;0.0
yf_BGS_d11;7800;ASH_COATED_OSMIUM;9932;12;9929;9;;;9938;15;9941;15;;;9935.0;0.0
yf_BGS_d11;7800;INTARIAN_PEPPER_ROOT;10155;12;10153;21;;;10161;23;10164;24;;;10158.0;0.0
yf_BGS_d11;7900;ASH_COATED_OSMIUM;9932;14;9929;12;;;9938;5;9942;22;;;9935.0;0.0
yf_BGS_d11;7900;INTARIAN_PEPPER_ROOT;10157;5;10153;16;;;10163;17;10165;10;;;10160.0;0.0
yf_BGS_d11;8000;ASH_COATED_OSMIUM;9932;23;9930;18;;;9938;17;9940;15;;;9935.0;0.0
yf_BGS_d11;8000;INTARIAN_PEPPER_ROOT;10159;13;10157;16;;;10165;8;10168;25;;;10162.0;0.0
yf_BGS_d11;8100;ASH_COATED_OSMIUM;9929;15;9927;13;;;9940;12;9943;29;;;9934.5;0.0
yf_BGS_d11;8100;INTARIAN_PEPPER_ROOT;10161;8;10157;22;;;10167;19;10171;17;;;10164.0;0.0
yf_BGS_d11;8200;ASH_COATED_OSMIUM;9932;24;9929;13;;;9938;10;9940;27;;;9935.0;0.0
yf_BGS_d11;8200;INTARIAN_PEPPER_ROOT;10163;10;10161;30;;;10169;19;10172;18;;;10166.0;0.0
yf_BGS_d11;8300;ASH_COATED_OSMIUM;9923;18;9919;24;;;9948;10;9952;14;;;9935.5;0.0
yf_BGS_d11;8300;INTARIAN_PEPPER_ROOT;10163;15;10160;22;;;10174;19;10177;28;;;10168.5;0.0
yf_BGS_d11;8400;ASH_COATED_OSMIUM;9930;8;9928;24;;;9940;9;9942;20;;;9935.0;0.0
yf_BGS_d11;8400;INTARIAN_PEPPER_ROOT;10167;15;10164;24;;;10173;7;10177;21;;;10170.0;0.0
yf_BGS_d11;8500;ASH_COATED_OSMIUM;9931;18;9927;8;;;9938;12;9942;13;;;9934.5;0.0
yf_BGS_d11;8500;INTARIAN_PEPPER_ROOT;10169;12;10167;16;;;10175;19;10178;19;;;10172.0;0.0
yf_BGS_d11;8600;ASH_COATED_OSMIUM;9933;5;9929;10;;;9939;18;9941;20;;;9936.0;0.0
yf_BGS_d11;8600;INTARIAN_PEPPER_ROOT;10171;8;10168;24;;;10177;9;10179;20;;;10174.0;0.0
yf_BGS_d11;8700;ASH_COATED_OSMIUM;9932;19;9930;13;;;9939;18;9941;19;;;9935.5;0.0
yf_BGS_d11;8700;INTARIAN_PEPPER_ROOT;10173;10;10169;21;;;10179;16;10183;20;;;10176.0;0.0
yf_BGS_d11;8800;ASH_COATED_OSMIUM;9926;13;9923;26;;;9944;12;9947;23;;;9935.0;0.0
yf_BGS_d11;8800;INTARIAN_PEPPER_ROOT;10175;9;10173;22;;;10181;8;10184;31;;;10178.0;0.0
yf_BGS_d11;8900;ASH_COATED_OSMIUM;9932;13;9930;16;;;9938;15;9941;28;;;9935.0;0.0
yf_BGS_d11;8900;INTARIAN_PEPPER_ROOT;10171;16;10167;19;;;10189;14;10193;11;;;10180.0;0.0
yf_BGS_d11;9000;ASH_COATED_OSMIUM;9932;13;9928;13;;;9938;16;9940;15;;;9935.0;0.0
yf_BGS_d11;9000;INTARIAN_PEPPER_ROOT;10179;10;10175;21;;;10185;21;10187;22;;;10182.0;0.0
yf_BGS_d11;9100;ASH_COATED_OSMIUM;9933;13;9929;23;;;9939;13;9941;17;;;9936.0;0.0
yf_BGS_d11;9100;INTARIAN_PEPPER_ROOT;10182;23;10178;24;;;10188;9;10190;14;;;10185.0;0.0
yf_BGS_d11;9200;ASH_COATED_OSMIUM;9933;19;9930;26;;;9939;19;9941;18;;;9936.0;0.0
yf_BGS_d11;9200;INTARIAN_PEPPER_ROOT;10175;8;10172;21;;;10198;21;10201;20;;;10186.5;0.0
yf_BGS_d11;9300;ASH_COATED_OSMIUM;9932;17;9929;21;;;9938;14;9941;15;;;9935.0;0.0
yf_BGS_d11;9300;INTARIAN_PEPPER_ROOT;10186;16;10183;19;;;10192;15;10195;16;;;10189.0;0.0
yf_BGS_d11;9400;ASH_COATED_OSMIUM;9932;12;9929;25;;;9938;18;9942;21;;;9935.0;0.0
yf_BGS_d11;9400;INTARIAN_PEPPER_ROOT;10186;24;10183;14;;;10196;15;10199;12;;;10191.0;0.0
yf_BGS_d11;9500;ASH_COATED_OSMIUM;9925;9;9923;17;;;9946;16;9950;24;;;9935.5;0.0
yf_BGS_d11;9500;INTARIAN_PEPPER_ROOT;10189;12;10186;22;;;10195;12;10199;17;;;10192.0;0.0
yf_BGS_d11;9600;ASH_COATED_OSMIUM;9932;5;9930;17;;;9940;14;9942;24;;;9936.0;0.0
yf_BGS_d11;9600;INTARIAN_PEPPER_ROOT;10186;17;10183;19;;;10204;22;10208;29;;;10195.0;0.0
yf_BGS_d11;9700;ASH_COATED_OSMIUM;9929;10;9926;13;;;9942;20;9946;23;;;9935.5;0.0
yf_BGS_d11;9700;INTARIAN_PEPPER_ROOT;10191;16;10189;15;;;10202;16;10204;19;;;10196.5;0.0
yf_BGS_d11;9800;ASH_COATED_OSMIUM;9933;18;9929;15;;;9939;18;9942;18;;;9936.0;0.0
yf_BGS_d11;9800;INTARIAN_PEPPER_ROOT;10189;8;10187;13;;;10208;21;10212;19;;;10198.5;0.0
yf_BGS_d11;9900;ASH_COATED_OSMIUM;9933;13;9929;31;;;9939;10;9943;15;;;9936.0;0.0
yf_BGS_d11;9900;INTARIAN_PEPPER_ROOT;10197;20;10193;13;;;10205;16;10209;9;;;10201.0;0.0
yf_BGS_d11;10000;ASH_COATED_OSMIUM;9933;8;9931;35;;;9939;18;9942;21;;;9936.0;0.0
yf_BGS_d11;10000;INTARIAN_PEPPER_ROOT;10198;19;10196;19;;;10206;19;10209;20;;;10202.0;0.0
yf_BGS_d11;10100;ASH_COATED_OSMIUM;9933;19;9931;26;;;9939;16;9942;20;;;9936.0;0.0
yf_BGS_d11;10100;INTARIAN_PEPPER_ROOT;10190;5;10187;22;;;10219;17;10222;17;;;10204.5;0.0
yf_BGS_d11;10200;ASH_COATED_OSMIUM;9933;11;9929;20;;;9939;13;9943;23;;;9936.0;0.0
yf_BGS_d11;10200;INTARIAN_PEPPER_ROOT;10204;23;10202;29;;;10210;12;10214;22;;;10207.0;0.0
yf_BGS_d11;10300;ASH_COATED_OSMIUM;9931;21;9928;24;;;9941;17;9945;15;;;9936.0;0.0
yf_BGS_d11;10300;INTARIAN_PEPPER_ROOT;10205;18;10202;18;;;10211;17;10214;20;;;10208.0;0.0
yf_BGS_d11;10400;ASH_COATED_OSMIUM;9933;13;9929;24;;;9939;5;9943;20;;;9936.0;0.0
yf_BGS_d11;10400;INTARIAN_PEPPER_ROOT;10203;15;10201;19;;;10218;10;10220;18;;;10210.5;0.0
yf_BGS_d11;10500;ASH_COATED_OSMIUM;9932;7;9929;12;;;9940;17;9943;29;;;9936.0;0.0
yf_BGS_d11;10500;INTARIAN_PEPPER_ROOT;10210;16;10207;19;;;10216;17;10220;18;;;10213.0;0.0
yf_BGS_d11;10600;ASH_COATED_OSMIUM;9934;25;9931;24;;;9940;17;9942;16;;;9937.0;0.0
yf_BGS_d11;10600;INTARIAN_PEPPER_ROOT;10212;15;10210;23;;;10218;18;10222;17;;;10215.0;0.0
yf_BGS_d11;10700;ASH_COATED_OSMIUM;9932;12;9929;11;;;9941;16;9944;17;;;9936.5;0.0
yf_BGS_d11;10700;INTARIAN_PEPPER_ROOT;10214;19;10212;14;;;10220;7;10222;18;;;10217.0;0.0
yf_BGS_d11;10800;ASH_COATED_OSMIUM;9933;11;9930;20;;;9939;7;9943;21;;;9936.0;0.0
yf_BGS_d11;10800;INTARIAN_PEPPER_ROOT;10213;15;10209;20;;;10225;17;10229;15;;;10219.0;0.0
yf_BGS_d11;10900;ASH_COATED_OSMIUM;9932;15;9930;18;;;9941;21;9945;26;;;9936.5;0.0
yf_BGS_d11;10900;INTARIAN_PEPPER_ROOT;10215;6;10212;15;;;10226;17;10228;23;;;10220.5;0.0
yf_BGS_d11;11000;ASH_COATED_OSMIUM;9933;15;9929;18;;;9939;11;9943;18;;;9936.0;0.0
yf_BGS_d11;11000;INTARIAN_PEPPER_ROOT;10220;8;10217;23;;;10226;8;10228;22;;;10223.0;0.0
yf_BGS_d11;11100;ASH_COATED_OSMIUM;9934;18;9932;22;;;9940;19;9944;20;;;9937.0;0.0
yf_BGS_d11;11100;INTARIAN_PEPPER_ROOT;10222;17;10220;23;;;10228;20;10231;14;;;10225.0;0.0
yf_BGS_d11;11200;ASH_COATED_OSMIUM;9930;11;9926;20;;;9944;15;9946;9;;;9937.0;0.0
yf_BGS_d11;11200;INTARIAN_PEPPER_ROOT;10224;13;10221;22;;;10230;20;10233;17;;;10227.0;0.0
yf_BGS_d11;11300;ASH_COATED_OSMIUM;9934;12;9931;18;;;9940;19;9944;19;;;9937.0;0.0
yf_BGS_d11;11300;INTARIAN_PEPPER_ROOT;10226;25;10223;18;;;10232;19;10235;19;;;10229.0;0.0
yf_BGS_d11;11400;ASH_COATED_OSMIUM;9926;17;9924;24;;;9947;13;9950;19;;;9936.5;0.0
yf_BGS_d11;11400;INTARIAN_PEPPER_ROOT;10220;19;10218;15;;;10243;10;10245;15;;;10231.5;0.0
yf_BGS_d11;11500;ASH_COATED_OSMIUM;9933;5;9931;30;;;9939;12;9943;11;;;9936.0;0.0
yf_BGS_d11;11500;INTARIAN_PEPPER_ROOT;10225;13;10221;21;;;10242;18;10245;13;;;10233.5;0.0
yf_BGS_d11;11600;ASH_COATED_OSMIUM;9933;20;9929;23;;;9939;9;9942;25;;;9936.0;0.0
yf_BGS_d11;11600;INTARIAN_PEPPER_ROOT;10230;17;10227;24;;;10240;15;10243;20;;;10235.0;0.0
yf_BGS_d11;11700;ASH_COATED_OSMIUM;9933;11;9930;22;;;9939;15;9943;16;;;9936.0;0.0
yf_BGS_d11;11700;INTARIAN_PEPPER_ROOT;10234;6;10231;20;;;10240;22;10242;18;;;10237.0;0.0
yf_BGS_d11;11800;ASH_COATED_OSMIUM;9928;24;9926;25;;;9944;16;9946;11;;;9936.0;0.0
yf_BGS_d11;11800;INTARIAN_PEPPER_ROOT;10237;18;10235;22;;;10243;6;10246;22;;;10240.0;0.0
yf_BGS_d11;11900;ASH_COATED_OSMIUM;9922;13;9918;25;;;9951;12;9954;14;;;9936.5;0.0
yf_BGS_d11;11900;INTARIAN_PEPPER_ROOT;10238;19;10236;20;;;10244;27;10246;14;;;10241.0;0.0
yf_BGS_d11;12000;ASH_COATED_OSMIUM;9930;19;9928;20;;;9942;6;9946;18;;;9936.0;0.0
yf_BGS_d11;12000;INTARIAN_PEPPER_ROOT;10240;12;10238;21;;;10246;14;10249;20;;;10243.0;0.0
yf_BGS_d11;12100;ASH_COATED_OSMIUM;9927;15;9924;23;;;9947;6;9950;20;;;9937.0;0.0
yf_BGS_d11;12100;INTARIAN_PEPPER_ROOT;10242;10;10238;30;;;10248;13;10250;18;;;10245.0;0.0
yf_BGS_d11;12200;ASH_COATED_OSMIUM;9934;15;9932;13;;;9940;9;9944;20;;;9937.0;0.0
yf_BGS_d11;12200;INTARIAN_PEPPER_ROOT;10235;20;10232;21;;;10261;18;10264;12;;;10248.0;0.0
yf_BGS_d11;12300;ASH_COATED_OSMIUM;9934;23;9932;16;;;9940;16;9943;17;;;9937.0;0.0
yf_BGS_d11;12300;INTARIAN_PEPPER_ROOT;10246;25;10242;18;;;10253;14;10255;26;;;10249.5;0.0
yf_BGS_d11;12400;ASH_COATED_OSMIUM;9930;11;9928;24;;;9943;13;9945;31;;;9936.5;0.0
yf_BGS_d11;12400;INTARIAN_PEPPER_ROOT;10245;16;10242;13;;;10258;13;10260;20;;;10251.5;0.0
yf_BGS_d11;12500;ASH_COATED_OSMIUM;9923;9;9919;28;;;9950;18;9954;18;;;9936.5;0.0
yf_BGS_d11;12500;INTARIAN_PEPPER_ROOT;10247;11;10243;23;;;10259;15;10262;22;;;10253.0;0.0
yf_BGS_d11;12600;ASH_COATED_OSMIUM;9926;16;9922;23;;;9947;15;9949;21;;;9936.5;0.0
yf_BGS_d11;12600;INTARIAN_PEPPER_ROOT;10253;19;10250;13;;;10259;10;10261;14;;;10256.0;0.0
yf_BGS_d11;12700;ASH_COATED_OSMIUM;9934;16;9930;9;;;9940;15;9942;20;;;9937.0;0.0
yf_BGS_d11;12700;INTARIAN_PEPPER_ROOT;10254;9;10252;19;;;10260;11;10264;11;;;10257.0;0.0
yf_BGS_d11;12800;ASH_COATED_OSMIUM;9934;20;9931;19;;;9940;17;9943;22;;;9937.0;0.0
yf_BGS_d11;12800;INTARIAN_PEPPER_ROOT;10257;14;10253;19;;;10263;18;10265;18;;;10260.0;0.0
yf_BGS_d11;12900;ASH_COATED_OSMIUM;9934;24;9930;21;;;9940;20;9944;23;;;9937.0;0.0
yf_BGS_d11;12900;INTARIAN_PEPPER_ROOT;10259;5;10255;19;;;10265;18;10267;18;;;10262.0;0.0
yf_BGS_d11;13000;ASH_COATED_OSMIUM;9933;17;9930;20;;;9941;14;9943;19;;;9937.0;0.0
yf_BGS_d11;13000;INTARIAN_PEPPER_ROOT;10260;20;10256;16;;;10267;10;10270;28;;;10263.5;0.0
yf_BGS_d11;13100;ASH_COATED_OSMIUM;9933;7;9931;22;;;9939;11;9943;17;;;9936.0;0.0
yf_BGS_d11;13100;INTARIAN_PEPPER_ROOT;10263;17;10259;19;;;10269;5;10272;21;;;10266.0;0.0
yf_BGS_d11;13200;ASH_COATED_OSMIUM;9933;9;9930;21;;;9941;24;9944;20;;;9937.0;0.0
yf_BGS_d11;13200;INTARIAN_PEPPER_ROOT;10265;6;10261;16;;;10271;9;10274;20;;;10268.0;0.0
yf_BGS_d11;13300;ASH_COATED_OSMIUM;9934;14;9932;23;;;9940;13;9943;21;;;9937.0;0.0
yf_BGS_d11;13300;INTARIAN_PEPPER_ROOT;10265;17;10261;20;;;10275;13;10279;11;;;10270.0;0.0
yf_BGS_d11;13400;ASH_COATED_OSMIUM;9934;18;9930;9;;;9940;12;9942;17;;;9937.0;0.0
yf_BGS_d11;13400;INTARIAN_PEPPER_ROOT;10269;16;10265;16;;;10275;9;10278;21;;;10272.0;0.0
yf_BGS_d11;13500;ASH_COATED_OSMIUM;9934;17;9932;17;;;9940;5;9943;19;;;9937.0;0.0
yf_BGS_d11;13500;INTARIAN_PEPPER_ROOT;10271;13;10267;17;;;10277;14;10280;26;;;10274.0;0.0
yf_BGS_d11;13600;ASH_COATED_OSMIUM;9934;5;9930;16;;;9940;12;9942;21;;;9937.0;0.0
yf_BGS_d11;13600;INTARIAN_PEPPER_ROOT;10272;17;10270;19;;;10280;12;10284;17;;;10276.0;0.0
yf_BGS_d11;13700;ASH_COATED_OSMIUM;9933;13;9930;22;;;9940;16;9943;26;;;9936.5;0.0
yf_BGS_d11;13700;INTARIAN_PEPPER_ROOT;10275;20;10272;27;;;10281;5;10285;14;;;10278.0;0.0
yf_BGS_d11;13800;ASH_COATED_OSMIUM;9933;24;9931;26;;;9939;21;9943;26;;;9936.0;0.0
yf_BGS_d11;13800;INTARIAN_PEPPER_ROOT;10277;8;10274;26;;;10283;9;10287;16;;;10280.0;0.0
yf_BGS_d11;13900;ASH_COATED_OSMIUM;9934;17;9931;20;;;9940;19;9943;16;;;9937.0;0.0
yf_BGS_d11;13900;INTARIAN_PEPPER_ROOT;10266;19;10263;13;;;10299;21;10302;24;;;10282.5;0.0
yf_BGS_d11;14000;ASH_COATED_OSMIUM;9932;16;9930;20;;;9943;20;9947;27;;;9937.5;0.0
yf_BGS_d11;14000;INTARIAN_PEPPER_ROOT;10271;16;10268;14;;;10297;13;10301;21;;;10284.0;0.0
yf_BGS_d11;14100;ASH_COATED_OSMIUM;9934;7;9930;8;;;9940;11;9943;18;;;9937.0;0.0
yf_BGS_d11;14100;INTARIAN_PEPPER_ROOT;10283;21;10279;23;;;10289;13;10291;17;;;10286.0;0.0
yf_BGS_d11;14200;ASH_COATED_OSMIUM;9934;6;9932;24;;;9940;14;9943;22;;;9937.0;0.0
yf_BGS_d11;14200;INTARIAN_PEPPER_ROOT;10282;17;10279;31;;;10293;14;10296;22;;;10287.5;0.0
yf_BGS_d11;14300;ASH_COATED_OSMIUM;9934;14;9932;21;;;9940;22;9944;18;;;9937.0;0.0
yf_BGS_d11;14300;INTARIAN_PEPPER_ROOT;10287;8;10284;19;;;10293;21;10295;16;;;10290.0;0.0
yf_BGS_d11;14400;ASH_COATED_OSMIUM;9934;12;9930;18;;;9940;16;9942;18;;;9937.0;0.0
yf_BGS_d11;14400;INTARIAN_PEPPER_ROOT;10288;6;10284;19;;;10295;12;10297;18;;;10291.5;0.0
yf_BGS_d11;14500;ASH_COATED_OSMIUM;9934;14;9931;21;;;9940;23;9942;8;;;9937.0;0.0
yf_BGS_d11;14500;INTARIAN_PEPPER_ROOT;10291;14;10289;15;;;10297;15;10300;20;;;10294.0;0.0
yf_BGS_d11;14600;ASH_COATED_OSMIUM;9935;21;9931;27;;;9941;16;9943;24;;;9938.0;0.0
yf_BGS_d11;14600;INTARIAN_PEPPER_ROOT;10294;17;10292;17;;;10300;12;10303;17;;;10297.0;0.0
yf_BGS_d11;14700;ASH_COATED_OSMIUM;9934;21;9931;18;;;9940;28;9942;25;;;9937.0;0.0
yf_BGS_d11;14700;INTARIAN_PEPPER_ROOT;10295;14;10293;23;;;10302;12;10306;21;;;10298.5;0.0
yf_BGS_d11;14800;ASH_COATED_OSMIUM;9934;14;9932;15;;;9940;16;9943;17;;;9937.0;0.0
yf_BGS_d11;14800;INTARIAN_PEPPER_ROOT;10288;29;10285;20;;;10312;9;10316;17;;;10300.0;0.0
yf_BGS_d11;14900;ASH_COATED_OSMIUM;9918;9;9916;15;;;9957;15;9960;23;;;9937.5;0.0
yf_BGS_d11;14900;INTARIAN_PEPPER_ROOT;10300;15;10296;29;;;10306;12;10309;22;;;10303.0;0.0
yf_BGS_d11;15000;ASH_COATED_OSMIUM;9932;11;9930;29;;;9943;19;9946;24;;;9937.5;0.0
yf_BGS_d11;15000;INTARIAN_PEPPER_ROOT;10301;11;10297;16;;;10307;17;10309;24;;;10304.0;0.0
yf_BGS_d11;15100;ASH_COATED_OSMIUM;9934;13;9931;17;;;9941;21;9943;20;;;9937.5;0.0
yf_BGS_d11;15100;INTARIAN_PEPPER_ROOT;10303;26;10299;17;;;10309;17;10313;17;;;10306.0;0.0
yf_BGS_d11;15200;ASH_COATED_OSMIUM;9929;5;9926;20;;;9946;8;9949;19;;;9937.5;0.0
yf_BGS_d11;15200;INTARIAN_PEPPER_ROOT;10305;11;10301;13;;;10311;17;10315;18;;;10308.0;0.0
yf_BGS_d11;15300;ASH_COATED_OSMIUM;9933;11;9930;19;;;9941;18;9943;18;;;9937.0;0.0
yf_BGS_d11;15300;INTARIAN_PEPPER_ROOT;10308;17;10304;12;;;10314;5;10316;17;;;10311.0;0.0
yf_BGS_d11;15400;ASH_COATED_OSMIUM;9933;22;9930;20;;;9941;11;9945;25;;;9937.0;0.0
yf_BGS_d11;15400;INTARIAN_PEPPER_ROOT;10309;7;10306;21;;;10315;21;10317;20;;;10312.0;0.0
yf_BGS_d11;15500;ASH_COATED_OSMIUM;9934;11;9931;22;;;9940;15;9943;26;;;9937.0;0.0
yf_BGS_d11;15500;INTARIAN_PEPPER_ROOT;10311;7;10309;13;;;10317;15;10321;19;;;10314.0;0.0
yf_BGS_d11;15600;ASH_COATED_OSMIUM;9933;11;9931;19;;;9942;24;9946;19;;;9937.5;0.0
yf_BGS_d11;15600;INTARIAN_PEPPER_ROOT;10299;5;10297;24;;;10332;19;10335;21;;;10315.5;0.0
yf_BGS_d11;15700;ASH_COATED_OSMIUM;9935;19;9931;16;;;9941;15;9945;18;;;9938.0;0.0
yf_BGS_d11;15700;INTARIAN_PEPPER_ROOT;10315;11;10311;17;;;10321;22;10325;17;;;10318.0;0.0
yf_BGS_d11;15800;ASH_COATED_OSMIUM;9934;11;9932;19;;;9941;16;9945;17;;;9937.5;0.0
yf_BGS_d11;15800;INTARIAN_PEPPER_ROOT;10316;5;10314;15;;;10326;16;10330;15;;;10321.0;0.0
yf_BGS_d11;15900;ASH_COATED_OSMIUM;9934;26;9931;29;;;9940;15;9943;14;;;9937.0;0.0
yf_BGS_d11;15900;INTARIAN_PEPPER_ROOT;10319;6;10317;20;;;10325;16;10328;29;;;10322.0;0.0
yf_BGS_d11;16000;ASH_COATED_OSMIUM;9935;18;9933;13;;;9941;15;9944;19;;;9938.0;0.0
yf_BGS_d11;16000;INTARIAN_PEPPER_ROOT;10322;5;10318;19;;;10328;22;10332;15;;;10325.0;0.0
yf_BGS_d11;16100;ASH_COATED_OSMIUM;9934;24;9932;21;;;9940;7;9943;24;;;9937.0;0.0
yf_BGS_d11;16100;INTARIAN_PEPPER_ROOT;10324;17;10320;16;;;10330;13;10332;22;;;10327.0;0.0
yf_BGS_d11;16200;ASH_COATED_OSMIUM;9935;12;9932;18;;;9941;13;9945;11;;;9938.0;0.0
yf_BGS_d11;16200;INTARIAN_PEPPER_ROOT;10322;13;10319;24;;;10335;16;10338;17;;;10328.5;0.0
yf_BGS_d11;16300;ASH_COATED_OSMIUM;9932;17;9928;27;;;9944;9;9948;9;;;9938.0;0.0
yf_BGS_d11;16300;INTARIAN_PEPPER_ROOT;10322;9;10319;26;;;10340;8;10343;24;;;10331.0;0.0
yf_BGS_d11;16400;ASH_COATED_OSMIUM;9935;19;9931;18;;;9941;15;9943;17;;;9938.0;0.0
yf_BGS_d11;16400;INTARIAN_PEPPER_ROOT;10324;11;10321;23;;;10342;13;10346;15;;;10333.0;0.0
yf_BGS_d11;16500;ASH_COATED_OSMIUM;9933;12;9931;24;;;9942;11;9944;25;;;9937.5;0.0
yf_BGS_d11;16500;INTARIAN_PEPPER_ROOT;10325;19;10321;19;;;10345;15;10349;18;;;10335.0;0.0
yf_BGS_d11;16600;ASH_COATED_OSMIUM;9935;17;9932;21;;;9942;5;9944;16;;;9938.5;0.0
yf_BGS_d11;16600;INTARIAN_PEPPER_ROOT;10334;14;10330;19;;;10340;10;10344;20;;;10337.0;0.0
yf_BGS_d11;16700;ASH_COATED_OSMIUM;9933;10;9930;22;;;9943;13;9947;22;;;9938.0;0.0
yf_BGS_d11;16700;INTARIAN_PEPPER_ROOT;10336;14;10334;15;;;10342;9;10345;16;;;10339.0;0.0
yf_BGS_d11;16800;ASH_COATED_OSMIUM;9926;11;9924;16;;;9950;15;9953;18;;;9938.0;0.0
yf_BGS_d11;16800;INTARIAN_PEPPER_ROOT;10338;10;10335;18;;;10344;11;10347;18;;;10341.0;0.0
yf_BGS_d11;16900;ASH_COATED_OSMIUM;9935;19;9933;13;;;9941;16;9945;15;;;9938.0;0.0
yf_BGS_d11;16900;INTARIAN_PEPPER_ROOT;10324;8;10322;18;;;10362;12;10365;10;;;10343.0;0.0
yf_BGS_d11;17000;ASH_COATED_OSMIUM;9935;14;9932;14;;;9941;13;9944;16;;;9938.0;0.0
yf_BGS_d11;17000;INTARIAN_PEPPER_ROOT;10343;13;10340;17;;;10349;15;10353;21;;;10346.0;0.0
yf_BGS_d11;17100;ASH_COATED_OSMIUM;9935;10;9931;19;;;9941;14;9945;25;;;9938.0;0.0
yf_BGS_d11;17100;INTARIAN_PEPPER_ROOT;10346;23;10342;22;;;10352;12;10356;31;;;10349.0;0.0
yf_BGS_d11;17200;ASH_COATED_OSMIUM;9919;23;9916;25;;;9958;10;9960;15;;;9938.5;0.0
yf_BGS_d11;17200;INTARIAN_PEPPER_ROOT;10350;16;10347;23;;;10356;14;10360;15;;;10353.0;0.0
yf_BGS_d11;17300;ASH_COATED_OSMIUM;9935;8;9931;17;;;9943;26;9947;15;;;9939.0;0.0
yf_BGS_d11;17300;INTARIAN_PEPPER_ROOT;10353;18;10351;14;;;10359;11;10361;24;;;10356.0;0.0
yf_BGS_d11;17400;ASH_COATED_OSMIUM;9934;22;9930;13;;;9945;11;9949;27;;;9939.5;0.0
yf_BGS_d11;17400;INTARIAN_PEPPER_ROOT;10357;18;10354;13;;;10363;13;10366;22;;;10360.0;0.0
yf_BGS_d11;17500;ASH_COATED_OSMIUM;9919;15;9916;22;;;9959;20;9962;13;;;9939.0;0.0
yf_BGS_d11;17500;INTARIAN_PEPPER_ROOT;10359;15;10356;21;;;10366;8;10369;12;;;10362.5;0.0
yf_BGS_d11;17600;ASH_COATED_OSMIUM;9936;20;9932;21;;;9942;15;9945;15;;;9939.0;0.0
yf_BGS_d11;17600;INTARIAN_PEPPER_ROOT;10362;20;10360;24;;;10372;21;10375;27;;;10367.0;0.0
yf_BGS_d11;17700;ASH_COATED_OSMIUM;9935;18;9931;19;;;9943;11;9947;17;;;9939.0;0.0
yf_BGS_d11;17700;INTARIAN_PEPPER_ROOT;10366;5;10364;21;;;10372;21;10376;27;;;10369.0;0.0
yf_BGS_d11;17800;ASH_COATED_OSMIUM;9931;10;9928;18;;;9948;27;9950;20;;;9939.5;0.0
yf_BGS_d11;17800;INTARIAN_PEPPER_ROOT;10370;5;10366;17;;;10376;16;10379;22;;;10373.0;0.0
yf_BGS_d11;17900;ASH_COATED_OSMIUM;9937;25;9934;20;;;9943;13;9947;20;;;9940.0;0.0
yf_BGS_d11;17900;INTARIAN_PEPPER_ROOT;10374;13;10372;22;;;10380;14;10384;19;;;10377.0;0.0
yf_BGS_d11;18000;ASH_COATED_OSMIUM;9937;16;9934;21;;;9943;22;9945;16;;;9940.0;0.0
yf_BGS_d11;18000;INTARIAN_PEPPER_ROOT;10377;11;10373;24;;;10383;11;10385;21;;;10380.0;0.0
yf_BGS_d11;18100;ASH_COATED_OSMIUM;9934;12;9931;25;;;9946;11;9949;22;;;9940.0;0.0
yf_BGS_d11;18100;INTARIAN_PEPPER_ROOT;10372;10;10369;16;;;10394;25;10397;18;;;10383.0;0.0
yf_BGS_d11;18200;ASH_COATED_OSMIUM;9937;5;9935;23;;;9943;15;9945;26;;;9940.0;0.0
yf_BGS_d11;18200;INTARIAN_PEPPER_ROOT;10375;18;10372;21;;;10399;16;10402;14;;;10387.0;0.0
yf_BGS_d11;18300;ASH_COATED_OSMIUM;9931;18;9929;19;;;9949;17;9953;26;;;9940.0;0.0
yf_BGS_d11;18300;INTARIAN_PEPPER_ROOT;10387;24;10385;29;;;10394;21;10396;14;;;10390.5;0.0
yf_BGS_d11;18400;ASH_COATED_OSMIUM;9938;13;9935;19;;;9944;14;9946;28;;;9941.0;0.0
yf_BGS_d11;18400;INTARIAN_PEPPER_ROOT;10386;15;10382;17;;;10399;17;10401;20;;;10392.5;0.0
yf_BGS_d11;18500;ASH_COATED_OSMIUM;9938;9;9935;14;;;9944;16;9946;18;;;9941.0;0.0
yf_BGS_d11;18500;INTARIAN_PEPPER_ROOT;10382;12;10378;16;;;10412;6;10416;21;;;10397.0;0.0
yf_BGS_d11;18600;ASH_COATED_OSMIUM;9938;10;9935;21;;;9944;15;9946;17;;;9941.0;0.0
yf_BGS_d11;18600;INTARIAN_PEPPER_ROOT;10397;16;10393;19;;;10403;6;10406;11;;;10400.0;0.0
yf_BGS_d11;18700;ASH_COATED_OSMIUM;9938;16;9936;16;;;9944;12;9948;24;;;9941.0;0.0
yf_BGS_d11;18700;INTARIAN_PEPPER_ROOT;10401;12;10397;10;;;10407;5;10410;23;;;10404.0;0.0
yf_BGS_d11;18800;ASH_COATED_OSMIUM;9938;14;9934;22;;;9944;10;9948;20;;;9941.0;0.0
yf_BGS_d11;18800;INTARIAN_PEPPER_ROOT;10403;10;10399;25;;;10409;20;10413;19;;;10406.0;0.0
yf_BGS_d11;18900;ASH_COATED_OSMIUM;9937;11;9935;10;;;9947;19;9949;20;;;9942.0;0.0
yf_BGS_d11;18900;INTARIAN_PEPPER_ROOT;10405;15;10403;24;;;10415;15;10417;20;;;10410.0;0.0
yf_BGS_d11;19000;ASH_COATED_OSMIUM;9939;11;9937;21;;;9945;17;9949;17;;;9942.0;0.0
yf_BGS_d11;19000;INTARIAN_PEPPER_ROOT;10404;18;10400;16;;;10422;10;10426;16;;;10413.0;0.0
yf_BGS_d11;19100;ASH_COATED_OSMIUM;9939;16;9935;20;;;9945;14;9949;8;;;9942.0;0.0
yf_BGS_d11;19100;INTARIAN_PEPPER_ROOT;10409;18;10405;20;;;10424;9;10426;24;;;10416.5;0.0
yf_BGS_d11;19200;ASH_COATED_OSMIUM;9939;17;9935;19;;;9945;14;9949;17;;;9942.0;0.0
yf_BGS_d11;19200;INTARIAN_PEPPER_ROOT;10416;13;10413;25;;;10425;14;10428;16;;;10420.5;0.0
yf_BGS_d11;19300;ASH_COATED_OSMIUM;9939;21;9936;22;;;9945;12;9947;21;;;9942.0;0.0
yf_BGS_d11;19300;INTARIAN_PEPPER_ROOT;10421;13;10418;19;;;10427;5;10430;22;;;10424.0;0.0
yf_BGS_d11;19400;ASH_COATED_OSMIUM;9939;24;9936;13;;;9945;16;9947;17;;;9942.0;0.0
yf_BGS_d11;19400;INTARIAN_PEPPER_ROOT;10423;7;10421;22;;;10431;21;10434;19;;;10427.0;0.0
yf_BGS_d11;19500;ASH_COATED_OSMIUM;9937;15;9934;30;;;9949;7;9951;21;;;9943.0;0.0
yf_BGS_d11;19500;INTARIAN_PEPPER_ROOT;10427;15;10424;12;;;10434;18;10438;24;;;10430.5;0.0
yf_BGS_d11;19600;ASH_COATED_OSMIUM;9940;7;9938;15;;;9946;9;9949;23;;;9943.0;0.0
yf_BGS_d11;19600;INTARIAN_PEPPER_ROOT;10430;13;10428;23;;;10437;13;10439;24;;;10433.5;0.0
yf_BGS_d11;19700;ASH_COATED_OSMIUM;9934;19;9932;15;;;9952;18;9956;13;;;9943.0;0.0
yf_BGS_d11;19700;INTARIAN_PEPPER_ROOT;10425;21;10423;24;;;10449;15;10451;18;;;10437.0;0.0
yf_BGS_d11;19800;ASH_COATED_OSMIUM;9939;15;9935;20;;;9947;18;9950;24;;;9943.0;0.0
yf_BGS_d11;19800;INTARIAN_PEPPER_ROOT;10437;19;10435;14;;;10445;18;10448;16;;;10441.0;0.0
yf_BGS_d11;19900;ASH_COATED_OSMIUM;9941;20;9937;21;;;9947;14;9950;14;;;9944.0;0.0
yf_BGS_d11;19900;INTARIAN_PEPPER_ROOT;10430;6;10428;20;;;10457;10;10460;22;;;10443.5;0.0
yf_BGS_d11;20000;ASH_COATED_OSMIUM;9941;21;9938;12;;;9947;13;9951;19;;;9944.0;0.0
yf_BGS_d11;20000;INTARIAN_PEPPER_ROOT;10443;14;10440;20;;;10454;21;10456;20;;;10448.5;0.0
yf_BGS_d11;20100;ASH_COATED_OSMIUM;9940;17;9936;25;;;9946;10;9950;18;;;9943.0;0.0
yf_BGS_d11;20100;INTARIAN_PEPPER_ROOT;10448;15;10445;27;;;10454;14;10456;13;;;10451.0;0.0
yf_BGS_d11;20200;ASH_COATED_OSMIUM;9941;24;9938;13;;;9947;10;9950;16;;;9944.0;0.0
yf_BGS_d11;20200;INTARIAN_PEPPER_ROOT;10451;12;10449;19;;;10457;21;10459;23;;;10454.0;0.0
yf_BGS_d11;20300;ASH_COATED_OSMIUM;9941;12;9937;22;;;9947;16;9951;23;;;9944.0;0.0
yf_BGS_d11;20300;INTARIAN_PEPPER_ROOT;10455;11;10453;31;;;10461;11;10464;17;;;10458.0;0.0
yf_BGS_d11;20400;ASH_COATED_OSMIUM;9937;20;9934;17;;;9952;17;9955;23;;;9944.5;0.0
yf_BGS_d11;20400;INTARIAN_PEPPER_ROOT;10449;15;10447;21;;;10473;12;10476;17;;;10461.0;0.0
yf_BGS_d11;20500;ASH_COATED_OSMIUM;9939;6;9935;18;;;9950;13;9954;26;;;9944.5;0.0
yf_BGS_d11;20500;INTARIAN_PEPPER_ROOT;10459;19;10456;26;;;10469;18;10472;16;;;10464.0;0.0
yf_BGS_d11;20600;ASH_COATED_OSMIUM;9940;18;9937;24;;;9949;10;9952;20;;;9944.5;0.0
yf_BGS_d11;20600;INTARIAN_PEPPER_ROOT;10464;16;10461;20;;;10470;10;10472;17;;;10467.0;0.0
yf_BGS_d11;20700;ASH_COATED_OSMIUM;9942;12;9938;21;;;9948;16;9951;18;;;9945.0;0.0
yf_BGS_d11;20700;INTARIAN_PEPPER_ROOT;10464;14;10460;12;;;10479;7;10482;23;;;10471.5;0.0
yf_BGS_d11;20800;ASH_COATED_OSMIUM;9942;9;9939;11;;;9948;5;9951;19;;;9945.0;0.0
yf_BGS_d11;20800;INTARIAN_PEPPER_ROOT;10471;12;10467;22;;;10477;11;10480;22;;;10474.0;0.0
yf_BGS_d11;20900;ASH_COATED_OSMIUM;9939;10;9937;26;;;9950;16;9952;20;;;9944.5;0.0
yf_BGS_d11;20900;INTARIAN_PEPPER_ROOT;10468;18;10465;22;;;10488;17;10490;14;;;10478.0;0.0
yf_BGS_d11;21000;ASH_COATED_OSMIUM;9937;17;9934;24;;;9952;13;9955;16;;;9944.5;0.0
yf_BGS_d11;21000;INTARIAN_PEPPER_ROOT;10473;17;10469;14;;;10490;20;10494;24;;;10481.5;0.0
yf_BGS_d11;21100;ASH_COATED_OSMIUM;9942;5;9939;27;;;9949;16;9953;18;;;9945.5;0.0
yf_BGS_d11;21100;INTARIAN_PEPPER_ROOT;10481;17;10479;16;;;10487;15;10489;25;;;10484.0;0.0
yf_BGS_d11;21200;ASH_COATED_OSMIUM;9942;15;9938;17;;;9949;11;9952;24;;;9945.5;0.0
yf_BGS_d11;21200;INTARIAN_PEPPER_ROOT;10483;19;10480;19;;;10493;21;10497;24;;;10488.0;0.0
yf_BGS_d11;21300;ASH_COATED_OSMIUM;9941;18;9937;12;;;9951;14;9953;17;;;9946.0;0.0
yf_BGS_d11;21300;INTARIAN_PEPPER_ROOT;10488;18;10485;17;;;10494;20;10496;21;;;10491.0;0.0
yf_BGS_d11;21400;ASH_COATED_OSMIUM;9943;10;9939;22;;;9949;15;9952;13;;;9946.0;0.0
yf_BGS_d11;21400;INTARIAN_PEPPER_ROOT;10487;14;10484;22;;;10504;17;10507;23;;;10495.5;0.0
yf_BGS_d11;21500;ASH_COATED_OSMIUM;9942;14;9940;17;;;9951;16;9953;19;;;9946.5;0.0
yf_BGS_d11;21500;INTARIAN_PEPPER_ROOT;10495;17;10493;16;;;10501;9;10503;15;;;10498.0;0.0
yf_BGS_d11;21600;ASH_COATED_OSMIUM;9943;19;9940;34;;;9949;16;9953;19;;;9946.0;0.0
yf_BGS_d11;21600;INTARIAN_PEPPER_ROOT;10499;17;10496;16;;;10505;9;10509;24;;;10502.0;0.0
yf_BGS_d11;21700;ASH_COATED_OSMIUM;9944;12;9940;9;;;9950;9;9954;28;;;9947.0;0.0
yf_BGS_d11;21700;INTARIAN_PEPPER_ROOT;10498;11;10495;15;;;10511;10;10515;12;;;10504.5;0.0
yf_BGS_d11;21800;ASH_COATED_OSMIUM;9940;14;9936;12;;;9955;16;9959;24;;;9947.5;0.0
yf_BGS_d11;21800;INTARIAN_PEPPER_ROOT;10503;16;10501;26;;;10513;22;10517;27;;;10508.0;0.0
yf_BGS_d11;21900;ASH_COATED_OSMIUM;9942;28;9940;29;;;9952;9;9956;13;;;9947.0;0.0
yf_BGS_d11;21900;INTARIAN_PEPPER_ROOT;10509;5;10507;26;;;10515;14;10517;16;;;10512.0;0.0
yf_BGS_d11;22000;ASH_COATED_OSMIUM;9942;6;9938;18;;;9953;15;9955;22;;;9947.5;0.0
yf_BGS_d11;22000;INTARIAN_PEPPER_ROOT;10512;13;10510;18;;;10518;16;10521;23;;;10515.0;0.0
yf_BGS_d11;22100;ASH_COATED_OSMIUM;9944;19;9941;35;;;9950;11;9952;27;;;9947.0;0.0
yf_BGS_d11;22100;INTARIAN_PEPPER_ROOT;10514;17;10512;13;;;10522;14;10526;20;;;10518.0;0.0
yf_BGS_d11;22200;ASH_COATED_OSMIUM;9942;17;9940;20;;;9954;9;9957;24;;;9948.0;0.0
yf_BGS_d11;22200;INTARIAN_PEPPER_ROOT;10519;17;10516;24;;;10525;13;10528;11;;;10522.0;0.0
yf_BGS_d11;22300;ASH_COATED_OSMIUM;9945;14;9943;14;;;9951;10;9955;26;;;9948.0;0.0
yf_BGS_d11;22300;INTARIAN_PEPPER_ROOT;10516;18;10514;19;;;10534;11;10538;24;;;10525.0;0.0
yf_BGS_d11;22400;ASH_COATED_OSMIUM;9945;14;9941;18;;;9951;12;9953;20;;;9948.0;0.0
yf_BGS_d11;22400;INTARIAN_PEPPER_ROOT;10524;14;10520;16;;;10534;20;10536;18;;;10529.0;0.0
yf_BGS_d11;22500;ASH_COATED_OSMIUM;9944;8;9941;9;;;9952;5;9954;22;;;9948.0;0.0
yf_BGS_d11;22500;INTARIAN_PEPPER_ROOT;10527;12;10523;25;;;10536;16;10539;16;;;10531.5;0.0
yf_BGS_d11;22600;ASH_COATED_OSMIUM;9941;26;9938;19;;;9955;11;9958;22;;;9948.0;0.0
yf_BGS_d11;22600;INTARIAN_PEPPER_ROOT;10532;13;10529;21;;;10539;17;10541;19;;;10535.5;0.0
yf_BGS_d11;22700;ASH_COATED_OSMIUM;9945;8;9942;26;;;9951;14;9955;17;;;9948.0;0.0
yf_BGS_d11;22700;INTARIAN_PEPPER_ROOT;10530;12;10527;18;;;10547;17;10549;23;;;10538.5;0.0
yf_BGS_d11;22800;ASH_COATED_OSMIUM;9946;12;9944;17;;;9952;11;9955;16;;;9949.0;0.0
yf_BGS_d11;22800;INTARIAN_PEPPER_ROOT;10539;24;10536;16;;;10546;14;10548;17;;;10542.5;0.0
yf_BGS_d11;22900;ASH_COATED_OSMIUM;9944;9;9941;20;;;9954;8;9958;15;;;9949.0;0.0
yf_BGS_d11;22900;INTARIAN_PEPPER_ROOT;10542;17;10539;18;;;10548;12;10551;21;;;10545.0;0.0
yf_BGS_d11;23000;ASH_COATED_OSMIUM;9936;15;9934;20;;;9961;12;9964;27;;;9948.5;0.0
yf_BGS_d11;23000;INTARIAN_PEPPER_ROOT;10546;22;10544;22;;;10552;17;10556;25;;;10549.0;0.0
yf_BGS_d11;23100;ASH_COATED_OSMIUM;9946;16;9942;18;;;9952;18;9954;21;;;9949.0;0.0
yf_BGS_d11;23100;INTARIAN_PEPPER_ROOT;10549;21;10545;17;;;10555;18;10558;19;;;10552.0;0.0
yf_BGS_d11;23200;ASH_COATED_OSMIUM;9946;17;9942;10;;;9952;15;9956;26;;;9949.0;0.0
yf_BGS_d11;23200;INTARIAN_PEPPER_ROOT;10553;20;10550;18;;;10559;8;10561;22;;;10556.0;0.0
yf_BGS_d11;23300;ASH_COATED_OSMIUM;9946;21;9942;8;;;9952;21;9955;18;;;9949.0;0.0
yf_BGS_d11;23300;INTARIAN_PEPPER_ROOT;10556;10;10554;8;;;10562;6;10564;17;;;10559.0;0.0
yf_BGS_d11;23400;ASH_COATED_OSMIUM;9940;21;9936;11;;;9960;11;9962;18;;;9950.0;0.0
yf_BGS_d11;23400;INTARIAN_PEPPER_ROOT;10559;16;10557;29;;;10565;24;10568;17;;;10562.0;0.0
yf_BGS_d11;23500;ASH_COATED_OSMIUM;9944;11;9942;15;;;9956;21;9958;21;;;9950.0;0.0
yf_BGS_d11;23500;INTARIAN_PEPPER_ROOT;10563;18;10559;22;;;10569;13;10571;28;;;10566.0;0.0
yf_BGS_d11;23600;ASH_COATED_OSMIUM;9945;10;9941;14;;;9955;20;9958;15;;;9950.0;0.0
yf_BGS_d11;23600;INTARIAN_PEPPER_ROOT;10565;11;10562;17;;;10574;21;10578;23;;;10569.5;0.0
yf_BGS_d11;23700;ASH_COATED_OSMIUM;9947;9;9945;18;;;9953;15;9957;29;;;9950.0;0.0
yf_BGS_d11;23700;INTARIAN_PEPPER_ROOT;10563;5;10561;8;;;10581;20;10585;19;;;10572.0;0.0
yf_BGS_d11;23800;ASH_COATED_OSMIUM;9947;19;9945;29;;;9953;22;9957;16;;;9950.0;0.0
yf_BGS_d11;23800;INTARIAN_PEPPER_ROOT;10573;13;10571;20;;;10579;6;10583;14;;;10576.0;0.0
yf_BGS_d11;23900;ASH_COATED_OSMIUM;9947;9;9945;14;;;9953;10;9957;23;;;9950.0;0.0
yf_BGS_d11;23900;INTARIAN_PEPPER_ROOT;10576;16;10573;25;;;10582;7;10585;24;;;10579.0;0.0
yf_BGS_d11;24000;ASH_COATED_OSMIUM;9948;17;9946;13;;;9954;16;9958;11;;;9951.0;0.0
yf_BGS_d11;24000;INTARIAN_PEPPER_ROOT;10580;25;10578;19;;;10586;22;10589;23;;;10583.0;0.0
yf_BGS_d11;24100;ASH_COATED_OSMIUM;9948;8;9944;12;;;9954;17;9958;24;;;9951.0;0.0
yf_BGS_d11;24100;INTARIAN_PEPPER_ROOT;10576;13;10573;16;;;10597;8;10601;19;;;10586.5;0.0
yf_BGS_d11;24200;ASH_COATED_OSMIUM;9943;21;9939;14;;;9958;15;9960;23;;;9950.5;0.0
yf_BGS_d11;24200;INTARIAN_PEPPER_ROOT;10587;14;10583;10;;;10593;12;10595;24;;;10590.0;0.0
yf_BGS_d11;24300;ASH_COATED_OSMIUM;9949;15;9945;21;;;9955;17;9958;21;;;9952.0;0.0
yf_BGS_d11;24300;INTARIAN_PEPPER_ROOT;10590;17;10588;26;;;10596;13;10600;23;;;10593.0;0.0
yf_BGS_d11;24400;ASH_COATED_OSMIUM;9941;14;9939;24;;;9962;14;9965;20;;;9951.5;0.0
yf_BGS_d11;24400;INTARIAN_PEPPER_ROOT;10593;17;10589;26;;;10599;15;10603;16;;;10596.0;0.0
yf_BGS_d11;24500;ASH_COATED_OSMIUM;9948;20;9944;23;;;9954;19;9958;23;;;9951.0;0.0
yf_BGS_d11;24500;INTARIAN_PEPPER_ROOT;10587;12;10585;23;;;10611;15;10613;25;;;10599.0;0.0
yf_BGS_d11;24600;ASH_COATED_OSMIUM;9948;14;9946;22;;;9954;14;9956;21;;;9951.0;0.0
yf_BGS_d11;24600;INTARIAN_PEPPER_ROOT;10600;10;10596;19;;;10606;7;10608;22;;;10603.0;0.0
yf_BGS_d11;24700;ASH_COATED_OSMIUM;9949;14;9946;20;;;9955;19;9957;14;;;9952.0;0.0
yf_BGS_d11;24700;INTARIAN_PEPPER_ROOT;10603;12;10601;19;;;10610;11;10613;15;;;10606.5;0.0
yf_BGS_d11;24800;ASH_COATED_OSMIUM;9949;17;9945;20;;;9957;12;9961;20;;;9953.0;0.0
yf_BGS_d11;24800;INTARIAN_PEPPER_ROOT;10602;8;10598;19;;;10617;17;10621;15;;;10609.5;0.0
yf_BGS_d11;24900;ASH_COATED_OSMIUM;9949;22;9945;25;;;9955;9;9957;14;;;9952.0;0.0
yf_BGS_d11;24900;INTARIAN_PEPPER_ROOT;10611;20;10608;9;;;10617;20;10620;14;;;10614.0;0.0
yf_BGS_d11;25000;ASH_COATED_OSMIUM;9950;21;9948;17;;;9956;25;9958;20;;;9953.0;0.0
yf_BGS_d11;25000;INTARIAN_PEPPER_ROOT;10614;24;10610;22;;;10620;17;10623;21;;;10617.0;0.0
yf_BGS_d11;25100;ASH_COATED_OSMIUM;9945;30;9941;21;;;9960;17;9962;8;;;9952.5;0.0
yf_BGS_d11;25100;INTARIAN_PEPPER_ROOT;10618;15;10616;17;;;10624;16;10628;23;;;10621.0;0.0
yf_BGS_d11;25200;ASH_COATED_OSMIUM;9950;12;9946;19;;;9956;9;9959;10;;;9953.0;0.0
yf_BGS_d11;25200;INTARIAN_PEPPER_ROOT;10619;19;10616;22;;;10628;12;10630;23;;;10623.5;0.0
yf_BGS_d11;25300;ASH_COATED_OSMIUM;9940;21;9938;21;;;9967;14;9969;15;;;9953.5;0.0
yf_BGS_d11;25300;INTARIAN_PEPPER_ROOT;10624;17;10620;17;;;10630;17;10634;21;;;10627.0;0.0
yf_BGS_d11;25400;ASH_COATED_OSMIUM;9950;22;9946;17;;;9957;20;9959;21;;;9953.5;0.0
yf_BGS_d11;25400;INTARIAN_PEPPER_ROOT;10627;7;10625;17;;;10633;13;10636;18;;;10630.0;0.0
yf_BGS_d11;25500;ASH_COATED_OSMIUM;9950;24;9946;11;;;9956;17;9960;27;;;9953.0;0.0
yf_BGS_d11;25500;INTARIAN_PEPPER_ROOT;10630;12;10628;21;;;10636;16;10638;18;;;10633.0;0.0
yf_BGS_d11;25600;ASH_COATED_OSMIUM;9950;14;9948;17;;;9956;21;9960;18;;;9953.0;0.0
yf_BGS_d11;25600;INTARIAN_PEPPER_ROOT;10634;18;10631;19;;;10640;20;10643;12;;;10637.0;0.0
yf_BGS_d11;25700;ASH_COATED_OSMIUM;9951;17;9947;26;;;9957;14;9960;20;;;9954.0;0.0
yf_BGS_d11;25700;INTARIAN_PEPPER_ROOT;10637;15;10635;22;;;10644;13;10647;18;;;10640.5;0.0
yf_BGS_d11;25800;ASH_COATED_OSMIUM;9942;25;9939;20;;;9966;7;9968;18;;;9954.0;0.0
yf_BGS_d11;25800;INTARIAN_PEPPER_ROOT;10641;26;10637;14;;;10647;5;10651;14;;;10644.0;0.0
yf_BGS_d11;25900;ASH_COATED_OSMIUM;9950;17;9946;31;;;9958;18;9961;26;;;9954.0;0.0
yf_BGS_d11;25900;INTARIAN_PEPPER_ROOT;10644;16;10641;15;;;10651;13;10654;19;;;10647.5;0.0
yf_BGS_d11;26000;ASH_COATED_OSMIUM;9947;22;9945;13;;;9962;16;9966;18;;;9954.5;0.0
yf_BGS_d11;26000;INTARIAN_PEPPER_ROOT;10648;19;10646;9;;;10654;10;10656;15;;;10651.0;0.0
yf_BGS_d11;26100;ASH_COATED_OSMIUM;9944;15;9940;16;;;9965;5;9968;11;;;9954.5;0.0
yf_BGS_d11;26100;INTARIAN_PEPPER_ROOT;10650;13;10648;16;;;10659;15;10662;21;;;10654.5;0.0
yf_BGS_d11;26200;ASH_COATED_OSMIUM;9952;16;9950;18;;;9958;15;9961;10;;;9955.0;0.0
yf_BGS_d11;26200;INTARIAN_PEPPER_ROOT;10654;19;10650;20;;;10660;8;10663;23;;;10657.0;0.0
yf_BGS_d11;26300;ASH_COATED_OSMIUM;9952;5;9950;24;;;9959;23;9963;20;;;9955.5;0.0
yf_BGS_d11;26300;INTARIAN_PEPPER_ROOT;10658;23;10654;18;;;10664;8;10667;13;;;10661.0;0.0
yf_BGS_d11;26400;ASH_COATED_OSMIUM;9933;21;9931;21;;;9978;15;9981;12;;;9955.5;0.0
yf_BGS_d11;26400;INTARIAN_PEPPER_ROOT;10661;14;10658;25;;;10667;19;10670;19;;;10664.0;0.0
yf_BGS_d11;26500;ASH_COATED_OSMIUM;9951;20;9948;24;;;9960;14;9962;26;;;9955.5;0.0
yf_BGS_d11;26500;INTARIAN_PEPPER_ROOT;10665;11;10661;19;;;10671;19;10673;14;;;10668.0;0.0
yf_BGS_d11;26600;ASH_COATED_OSMIUM;9953;10;9949;21;;;9959;7;9963;28;;;9956.0;0.0
yf_BGS_d11;26600;INTARIAN_PEPPER_ROOT;10669;11;10667;28;;;10675;19;10679;14;;;10672.0;0.0
yf_BGS_d11;26700;ASH_COATED_OSMIUM;9948;24;9945;20;;;9963;23;9965;14;;;9955.5;0.0
yf_BGS_d11;26700;INTARIAN_PEPPER_ROOT;10672;5;10669;10;;;10678;16;10682;23;;;10675.0;0.0
yf_BGS_d11;26800;ASH_COATED_OSMIUM;9953;6;9950;22;;;9959;21;9963;15;;;9956.0;0.0
yf_BGS_d11;26800;INTARIAN_PEPPER_ROOT;10675;14;10673;23;;;10681;9;10683;12;;;10678.0;0.0
yf_BGS_d11;26900;ASH_COATED_OSMIUM;9953;11;9949;23;;;9959;21;9963;23;;;9956.0;0.0
yf_BGS_d11;26900;INTARIAN_PEPPER_ROOT;10674;14;10672;16;;;10687;20;10691;20;;;10680.5;0.0
yf_BGS_d11;27000;ASH_COATED_OSMIUM;9953;12;9949;11;;;9959;14;9963;21;;;9956.0;0.0
yf_BGS_d11;27000;INTARIAN_PEPPER_ROOT;10680;23;10676;21;;;10688;12;10692;15;;;10684.0;0.0
yf_BGS_d11;27100;ASH_COATED_OSMIUM;9953;6;9949;22;;;9961;17;9964;18;;;9957.0;0.0
yf_BGS_d11;27100;INTARIAN_PEPPER_ROOT;10684;24;10680;22;;;10690;15;10693;20;;;10687.0;0.0
yf_BGS_d11;27200;ASH_COATED_OSMIUM;9954;11;9950;22;;;9960;22;9964;16;;;9957.0;0.0
yf_BGS_d11;27200;INTARIAN_PEPPER_ROOT;10686;16;10684;21;;;10695;15;10697;21;;;10690.5;0.0
yf_BGS_d11;27300;ASH_COATED_OSMIUM;9947;12;9944;15;;;9966;14;9970;19;;;9956.5;0.0
yf_BGS_d11;27300;INTARIAN_PEPPER_ROOT;10686;17;10682;16;;;10704;11;10707;25;;;10695.0;0.0
yf_BGS_d11;27400;ASH_COATED_OSMIUM;9954;19;9952;22;;;9960;5;9962;29;;;9957.0;0.0
yf_BGS_d11;27400;INTARIAN_PEPPER_ROOT;10695;29;10691;15;;;10701;19;10703;20;;;10698.0;0.0
yf_BGS_d11;27500;ASH_COATED_OSMIUM;9953;12;9949;28;;;9959;15;9963;26;;;9956.0;0.0
yf_BGS_d11;27500;INTARIAN_PEPPER_ROOT;10697;11;10693;17;;;10706;16;10708;18;;;10701.5;0.0
yf_BGS_d11;27600;ASH_COATED_OSMIUM;9954;19;9952;10;;;9960;5;9962;20;;;9957.0;0.0
yf_BGS_d11;27600;INTARIAN_PEPPER_ROOT;10700;8;10697;17;;;10708;13;10712;25;;;10704.0;0.0
yf_BGS_d11;27700;ASH_COATED_OSMIUM;9947;12;9943;22;;;9968;16;9972;16;;;9957.5;0.0
yf_BGS_d11;27700;INTARIAN_PEPPER_ROOT;10705;12;10701;16;;;10711;15;10713;17;;;10708.0;0.0
yf_BGS_d11;27800;ASH_COATED_OSMIUM;9952;10;9948;23;;;9963;23;9965;19;;;9957.5;0.0
yf_BGS_d11;27800;INTARIAN_PEPPER_ROOT;10706;8;10703;15;;;10719;13;10723;15;;;10712.5;0.0
yf_BGS_d11;27900;ASH_COATED_OSMIUM;9955;23;9952;17;;;9961;18;9965;18;;;9958.0;0.0
yf_BGS_d11;27900;INTARIAN_PEPPER_ROOT;10712;22;10708;19;;;10718;18;10720;25;;;10715.0;0.0
yf_BGS_d11;28000;ASH_COATED_OSMIUM;9955;17;9952;21;;;9961;9;9964;19;;;9958.0;0.0
yf_BGS_d11;28000;INTARIAN_PEPPER_ROOT;10715;8;10712;14;;;10721;17;10725;22;;;10718.0;0.0
yf_BGS_d11;28100;ASH_COATED_OSMIUM;9950;23;9948;12;;;9967;10;9969;8;;;9958.5;0.0
yf_BGS_d11;28100;INTARIAN_PEPPER_ROOT;10719;16;10717;23;;;10725;16;10729;26;;;10722.0;0.0
yf_BGS_d11;28200;ASH_COATED_OSMIUM;9953;12;9950;12;;;9963;15;9967;23;;;9958.0;0.0
yf_BGS_d11;28200;INTARIAN_PEPPER_ROOT;10722;9;10720;25;;;10728;12;10730;15;;;10725.0;0.0
yf_BGS_d11;28300;ASH_COATED_OSMIUM;9955;20;9951;23;;;9961;11;9965;23;;;9958.0;0.0
yf_BGS_d11;28300;INTARIAN_PEPPER_ROOT;10715;18;10712;26;;;10740;14;10742;17;;;10727.5;0.0
yf_BGS_d11;28400;ASH_COATED_OSMIUM;9952;17;9948;22;;;9965;5;9967;16;;;9958.5;0.0
yf_BGS_d11;28400;INTARIAN_PEPPER_ROOT;10722;17;10718;20;;;10742;16;10745;23;;;10732.0;0.0
yf_BGS_d11;28500;ASH_COATED_OSMIUM;9956;11;9953;8;;;9962;13;9964;15;;;9959.0;0.0
yf_BGS_d11;28500;INTARIAN_PEPPER_ROOT;10732;15;10728;19;;;10738;16;10740;18;;;10735.0;0.0
yf_BGS_d11;28600;ASH_COATED_OSMIUM;9956;14;9953;20;;;9962;19;9964;17;;;9959.0;0.0
yf_BGS_d11;28600;INTARIAN_PEPPER_ROOT;10736;9;10733;13;;;10742;10;10744;10;;;10739.0;0.0
yf_BGS_d11;28700;ASH_COATED_OSMIUM;9956;16;9954;12;;;9962;16;9965;22;;;9959.0;0.0
yf_BGS_d11;28700;INTARIAN_PEPPER_ROOT;10737;5;10734;23;;;10748;20;10752;13;;;10742.5;0.0
yf_BGS_d11;28800;ASH_COATED_OSMIUM;9953;19;9950;27;;;9968;17;9972;22;;;9960.5;0.0
yf_BGS_d11;28800;INTARIAN_PEPPER_ROOT;10731;20;10729;18;;;10760;5;10764;14;;;10745.5;0.0
yf_BGS_d11;28900;ASH_COATED_OSMIUM;9957;15;9955;14;;;9963;10;9966;24;;;9960.0;0.0
yf_BGS_d11;28900;INTARIAN_PEPPER_ROOT;10745;8;10743;19;;;10753;11;10755;28;;;10749.0;0.0
yf_BGS_d11;29000;ASH_COATED_OSMIUM;9955;8;9953;10;;;9966;18;9969;24;;;9960.5;0.0
yf_BGS_d11;29000;INTARIAN_PEPPER_ROOT;10749;16;10745;35;;;10755;14;10759;26;;;10752.0;0.0
yf_BGS_d11;29100;ASH_COATED_OSMIUM;9950;13;9948;26;;;9970;8;9974;20;;;9960.0;0.0
yf_BGS_d11;29100;INTARIAN_PEPPER_ROOT;10753;16;10751;19;;;10759;27;10763;26;;;10756.0;0.0
yf_BGS_d11;29200;ASH_COATED_OSMIUM;9947;18;9944;25;;;9974;23;9978;24;;;9960.5;0.0
yf_BGS_d11;29200;INTARIAN_PEPPER_ROOT;10747;15;10743;21;;;10769;21;10771;19;;;10758.0;0.0
yf_BGS_d11;29300;ASH_COATED_OSMIUM;9957;5;9953;22;;;9963;23;9965;20;;;9960.0;0.0
yf_BGS_d11;29300;INTARIAN_PEPPER_ROOT;10759;19;10755;17;;;10765;13;10769;18;;;10762.0;0.0
yf_BGS_d11;29400;ASH_COATED_OSMIUM;9957;9;9953;21;;;9965;11;9967;28;;;9961.0;0.0
yf_BGS_d11;29400;INTARIAN_PEPPER_ROOT;10763;18;10761;22;;;10769;14;10771;17;;;10766.0;0.0
yf_BGS_d11;29500;ASH_COATED_OSMIUM;9958;11;9956;21;;;9964;16;9967;25;;;9961.0;0.0
yf_BGS_d11;29500;INTARIAN_PEPPER_ROOT;10763;12;10761;20;;;10775;10;10779;19;;;10769.0;0.0
yf_BGS_d11;29600;ASH_COATED_OSMIUM;9956;20;9953;23;;;9967;13;9970;20;;;9961.5;0.0
yf_BGS_d11;29600;INTARIAN_PEPPER_ROOT;10770;22;10766;18;;;10776;13;10778;12;;;10773.0;0.0
yf_BGS_d11;29700;ASH_COATED_OSMIUM;9954;20;9950;22;;;9968;16;9971;10;;;9961.0;0.0
yf_BGS_d11;29700;INTARIAN_PEPPER_ROOT;10768;16;10764;20;;;10784;14;10786;22;;;10776.0;0.0
yf_BGS_d11;29800;ASH_COATED_OSMIUM;9958;20;9954;16;;;9964;12;9966;14;;;9961.0;0.0
yf_BGS_d11;29800;INTARIAN_PEPPER_ROOT;10774;10;10770;21;;;10785;9;10787;16;;;10779.5;0.0
yf_BGS_d11;29900;ASH_COATED_OSMIUM;9938;19;9936;17;;;9986;15;9990;20;;;9962.0;0.0
yf_BGS_d11;29900;INTARIAN_PEPPER_ROOT;10779;17;10775;23;;;10785;18;10789;13;;;10782.0;0.0
yf_BGS_d11;30000;ASH_COATED_OSMIUM;9955;13;9953;15;;;9969;13;9972;19;;;9962.0;0.0
yf_BGS_d11;30000;INTARIAN_PEPPER_ROOT;10783;19;10781;16;;;10789;12;10792;13;;;10786.0;0.0
yf_BGS_d11;30100;ASH_COATED_OSMIUM;9959;15;9957;18;;;9965;14;9968;16;;;9962.0;0.0
yf_BGS_d11;30100;INTARIAN_PEPPER_ROOT;10784;17;10782;12;;;10794;10;10798;16;;;10789.0;0.0
yf_BGS_d11;30200;ASH_COATED_OSMIUM;9959;13;9957;25;;;9965;23;9969;15;;;9962.0;0.0
yf_BGS_d11;30200;INTARIAN_PEPPER_ROOT;10790;5;10786;26;;;10796;9;10800;22;;;10793.0;0.0
yf_BGS_d11;30300;ASH_COATED_OSMIUM;9958;17;9956;19;;;9966;17;9968;12;;;9962.0;0.0
yf_BGS_d11;30300;INTARIAN_PEPPER_ROOT;10793;20;10791;21;;;10799;22;10801;16;;;10796.0;0.0
yf_BGS_d11;30400;ASH_COATED_OSMIUM;9956;23;9954;27;;;9971;13;9974;21;;;9963.5;0.0
yf_BGS_d11;30400;INTARIAN_PEPPER_ROOT;10794;22;10792;25;;;10804;12;10808;17;;;10799.0;0.0
yf_BGS_d11;30500;ASH_COATED_OSMIUM;9960;15;9956;21;;;9966;12;9970;20;;;9963.0;0.0
yf_BGS_d11;30500;INTARIAN_PEPPER_ROOT;10800;21;10798;8;;;10806;11;10810;31;;;10803.0;0.0
yf_BGS_d11;30600;ASH_COATED_OSMIUM;9960;19;9956;14;;;9966;14;9970;24;;;9963.0;0.0
yf_BGS_d11;30600;INTARIAN_PEPPER_ROOT;10804;5;10801;17;;;10810;9;10814;31;;;10807.0;0.0
yf_BGS_d11;30700;ASH_COATED_OSMIUM;9959;5;9956;20;;;9967;19;9971;14;;;9963.0;0.0
yf_BGS_d11;30700;INTARIAN_PEPPER_ROOT;10807;16;10803;23;;;10813;12;10815;17;;;10810.0;0.0
yf_BGS_d11;30800;ASH_COATED_OSMIUM;9956;14;9952;24;;;9969;5;9971;20;;;9962.5;0.0
yf_BGS_d11;30800;INTARIAN_PEPPER_ROOT;10810;10;10808;23;;;10816;20;10818;17;;;10813.0;0.0
yf_BGS_d11;30900;ASH_COATED_OSMIUM;9961;17;9957;21;;;9967;15;9970;22;;;9964.0;0.0
yf_BGS_d11;30900;INTARIAN_PEPPER_ROOT;10805;13;10802;26;;;10827;22;10830;20;;;10816.0;0.0
yf_BGS_d11;31000;ASH_COATED_OSMIUM;9961;12;9957;24;;;9967;20;9969;22;;;9964.0;0.0
yf_BGS_d11;31000;INTARIAN_PEPPER_ROOT;10817;16;10815;25;;;10823;8;10826;14;;;10820.0;0.0
yf_BGS_d11;31100;ASH_COATED_OSMIUM;9961;22;9959;25;;;9967;12;9969;19;;;9964.0;0.0
yf_BGS_d11;31100;INTARIAN_PEPPER_ROOT;10799;7;10795;12;;;10847;19;10851;18;;;10823.0;0.0
yf_BGS_d11;31200;ASH_COATED_OSMIUM;9961;16;9957;18;;;9967;20;9970;22;;;9964.0;0.0
yf_BGS_d11;31200;INTARIAN_PEPPER_ROOT;10815;19;10813;30;;;10838;10;10842;16;;;10826.5;0.0
yf_BGS_d11;31300;ASH_COATED_OSMIUM;9958;21;9954;28;;;9971;20;9974;15;;;9964.5;0.0
yf_BGS_d11;31300;INTARIAN_PEPPER_ROOT;10827;10;10825;16;;;10833;11;10836;17;;;10830.0;0.0
yf_BGS_d11;31400;ASH_COATED_OSMIUM;9959;16;9956;14;;;9970;15;9973;14;;;9964.5;0.0
yf_BGS_d11;31400;INTARIAN_PEPPER_ROOT;10822;7;10818;30;;;10845;9;10847;24;;;10833.5;0.0
yf_BGS_d11;31500;ASH_COATED_OSMIUM;9961;17;9957;14;;;9968;13;9972;26;;;9964.5;0.0
yf_BGS_d11;31500;INTARIAN_PEPPER_ROOT;10834;20;10832;27;;;10840;12;10842;15;;;10837.0;0.0
yf_BGS_d11;31600;ASH_COATED_OSMIUM;9962;21;9959;16;;;9968;18;9971;14;;;9965.0;0.0
yf_BGS_d11;31600;INTARIAN_PEPPER_ROOT;10836;15;10834;27;;;10845;25;10849;19;;;10840.5;0.0
yf_BGS_d11;31700;ASH_COATED_OSMIUM;9962;13;9959;20;;;9968;17;9970;25;;;9965.0;0.0
yf_BGS_d11;31700;INTARIAN_PEPPER_ROOT;10840;15;10837;16;;;10846;13;10850;24;;;10843.0;0.0
yf_BGS_d11;31800;ASH_COATED_OSMIUM;9962;13;9960;19;;;9968;15;9972;12;;;9965.0;0.0
yf_BGS_d11;31800;INTARIAN_PEPPER_ROOT;10844;6;10842;28;;;10850;20;10853;14;;;10847.0;0.0
yf_BGS_d11;31900;ASH_COATED_OSMIUM;9962;12;9960;26;;;9968;26;9970;24;;;9965.0;0.0
yf_BGS_d11;31900;INTARIAN_PEPPER_ROOT;10847;9;10845;20;;;10854;14;10858;20;;;10850.5;0.0
yf_BGS_d11;32000;ASH_COATED_OSMIUM;9962;14;9959;19;;;9968;16;9971;20;;;9965.0;0.0
yf_BGS_d11;32000;INTARIAN_PEPPER_ROOT;10848;17;10846;8;;;10861;9;10863;18;;;10854.5;0.0
yf_BGS_d11;32100;ASH_COATED_OSMIUM;9962;5;9958;15;;;9968;9;9971;18;;;9965.0;0.0
yf_BGS_d11;32100;INTARIAN_PEPPER_ROOT;10854;13;10850;20;;;10860;11;10862;16;;;10857.0;0.0
yf_BGS_d11;32200;ASH_COATED_OSMIUM;9963;20;9960;26;;;9969;7;9971;16;;;9966.0;0.0
yf_BGS_d11;32200;INTARIAN_PEPPER_ROOT;10858;14;10855;27;;;10864;13;10868;21;;;10861.0;0.0
yf_BGS_d11;32300;ASH_COATED_OSMIUM;9963;21;9961;21;;;9969;12;9972;22;;;9966.0;0.0
yf_BGS_d11;32300;INTARIAN_PEPPER_ROOT;10861;17;10858;23;;;10867;9;10870;25;;;10864.0;0.0
yf_BGS_d11;32400;ASH_COATED_OSMIUM;9959;5;9956;20;;;9975;24;9979;18;;;9967.0;0.0
yf_BGS_d11;32400;INTARIAN_PEPPER_ROOT;10864;11;10860;12;;;10870;14;10874;23;;;10867.0;0.0
yf_BGS_d11;32500;ASH_COATED_OSMIUM;9963;16;9959;20;;;9969;15;9972;28;;;9966.0;0.0
yf_BGS_d11;32500;INTARIAN_PEPPER_ROOT;10863;22;10861;19;;;10878;20;10882;23;;;10870.5;0.0
yf_BGS_d11;32600;ASH_COATED_OSMIUM;9954;19;9950;16;;;9980;14;9984;9;;;9967.0;0.0
yf_BGS_d11;32600;INTARIAN_PEPPER_ROOT;10871;17;10867;20;;;10877;23;10880;9;;;10874.0;0.0
yf_BGS_d11;32700;ASH_COATED_OSMIUM;9958;20;9956;27;;;9978;14;9982;22;;;9968.0;0.0
yf_BGS_d11;32700;INTARIAN_PEPPER_ROOT;10871;8;10867;8;;;10884;12;10887;18;;;10877.5;0.0
yf_BGS_d11;32800;ASH_COATED_OSMIUM;9964;19;9961;20;;;9970;23;9972;21;;;9967.0;0.0
yf_BGS_d11;32800;INTARIAN_PEPPER_ROOT;10878;13;10874;16;;;10884;14;10886;21;;;10881.0;0.0
yf_BGS_d11;32900;ASH_COATED_OSMIUM;9960;11;9958;18;;;9975;9;9979;15;;;9967.5;0.0
yf_BGS_d11;32900;INTARIAN_PEPPER_ROOT;10875;12;10871;10;;;10893;13;10897;23;;;10884.0;0.0
yf_BGS_d11;33000;ASH_COATED_OSMIUM;9964;6;9962;23;;;9970;16;9974;23;;;9967.0;0.0
yf_BGS_d11;33000;INTARIAN_PEPPER_ROOT;10881;6;10877;21;;;10894;11;10896;18;;;10887.5;0.0
yf_BGS_d11;33100;ASH_COATED_OSMIUM;9963;15;9959;20;;;9971;13;9974;19;;;9967.0;0.0
yf_BGS_d11;33100;INTARIAN_PEPPER_ROOT;10888;19;10885;23;;;10894;13;10896;16;;;10891.0;0.0
yf_BGS_d11;33200;ASH_COATED_OSMIUM;9965;6;9961;15;;;9971;12;9974;27;;;9968.0;0.0
yf_BGS_d11;33200;INTARIAN_PEPPER_ROOT;10891;15;10887;17;;;10897;14;10900;17;;;10894.0;0.0
yf_BGS_d11;33300;ASH_COATED_OSMIUM;9965;15;9962;19;;;9971;18;9973;21;;;9968.0;0.0
yf_BGS_d11;33300;INTARIAN_PEPPER_ROOT;10895;15;10892;21;;;10901;16;10903;23;;;10898.0;0.0
yf_BGS_d11;33400;ASH_COATED_OSMIUM;9965;13;9962;28;;;9971;19;9974;25;;;9968.0;0.0
yf_BGS_d11;33400;INTARIAN_PEPPER_ROOT;10898;14;10896;19;;;10904;19;10908;15;;;10901.0;0.0
yf_BGS_d11;33500;ASH_COATED_OSMIUM;9965;16;9963;19;;;9971;13;9975;13;;;9968.0;0.0
yf_BGS_d11;33500;INTARIAN_PEPPER_ROOT;10902;11;10900;15;;;10908;25;10910;25;;;10905.0;0.0
yf_BGS_d11;33600;ASH_COATED_OSMIUM;9965;13;9961;22;;;9971;10;9975;22;;;9968.0;0.0
yf_BGS_d11;33600;INTARIAN_PEPPER_ROOT;10904;7;10900;26;;;10912;15;10914;8;;;10908.0;0.0
yf_BGS_d11;33700;ASH_COATED_OSMIUM;9965;13;9961;11;;;9971;21;9974;24;;;9968.0;0.0
yf_BGS_d11;33700;INTARIAN_PEPPER_ROOT;10908;18;10905;23;;;10915;9;10918;23;;;10911.5;0.0
yf_BGS_d11;33800;ASH_COATED_OSMIUM;9961;11;9957;15;;;9978;11;9981;10;;;9969.5;0.0
yf_BGS_d11;33800;INTARIAN_PEPPER_ROOT;10911;20;10907;19;;;10919;9;10922;27;;;10915.0;0.0
yf_BGS_d11;33900;ASH_COATED_OSMIUM;9966;9;9963;15;;;9972;14;9974;17;;;9969.0;0.0
yf_BGS_d11;33900;INTARIAN_PEPPER_ROOT;10915;8;10911;21;;;10921;16;10923;22;;;10918.0;0.0
yf_BGS_d11;34000;ASH_COATED_OSMIUM;9962;12;9959;27;;;9976;23;9978;18;;;9969.0;0.0
yf_BGS_d11;34000;INTARIAN_PEPPER_ROOT;10911;23;10907;22;;;10924;15;10928;18;;;10917.5;0.0
yf_BGS_d11;34100;ASH_COATED_OSMIUM;9966;18;9962;18;;;9972;13;9976;14;;;9969.0;0.0
yf_BGS_d11;34100;INTARIAN_PEPPER_ROOT;10913;19;10909;24;;;10919;10;10922;32;;;10916.0;0.0
yf_BGS_d11;34200;ASH_COATED_OSMIUM;9956;18;9953;15;;;9982;7;9985;19;;;9969.0;0.0
yf_BGS_d11;34200;INTARIAN_PEPPER_ROOT;10910;15;10907;22;;;10919;11;10922;15;;;10914.5;0.0
yf_BGS_d11;34300;ASH_COATED_OSMIUM;9966;13;9964;17;;;9972;14;9976;18;;;9969.0;0.0
yf_BGS_d11;34300;INTARIAN_PEPPER_ROOT;10905;8;10902;17;;;10924;14;10928;19;;;10914.5;0.0
yf_BGS_d11;34400;ASH_COATED_OSMIUM;9966;21;9964;23;;;9972;18;9976;24;;;9969.0;0.0
yf_BGS_d11;34400;INTARIAN_PEPPER_ROOT;10906;9;10902;29;;;10920;18;10924;21;;;10913.0;0.0
yf_BGS_d11;34500;ASH_COATED_OSMIUM;9962;9;9960;24;;;9975;14;9977;22;;;9968.5;0.0
yf_BGS_d11;34500;INTARIAN_PEPPER_ROOT;10910;20;10908;20;;;10917;15;10921;11;;;10913.5;0.0
yf_BGS_d11;34600;ASH_COATED_OSMIUM;9965;17;9961;16;;;9971;15;9973;20;;;9968.0;0.0
yf_BGS_d11;34600;INTARIAN_PEPPER_ROOT;10899;13;10896;28;;;10924;7;10927;18;;;10911.5;0.0
yf_BGS_d11;34700;ASH_COATED_OSMIUM;9965;12;9961;22;;;9972;13;9975;27;;;9968.5;0.0
yf_BGS_d11;34700;INTARIAN_PEPPER_ROOT;10903;21;10901;27;;;10918;16;10920;17;;;10910.5;0.0
yf_BGS_d11;34800;ASH_COATED_OSMIUM;9965;16;9963;16;;;9971;12;9974;9;;;9968.0;0.0
yf_BGS_d11;34800;INTARIAN_PEPPER_ROOT;10907;17;10904;21;;;10913;14;10916;26;;;10910.0;0.0
yf_BGS_d11;34900;ASH_COATED_OSMIUM;9965;18;9963;26;;;9972;21;9976;16;;;9968.5;0.0
yf_BGS_d11;34900;INTARIAN_PEPPER_ROOT;10905;14;10902;20;;;10913;11;10915;27;;;10909.0;0.0
yf_BGS_d11;35000;ASH_COATED_OSMIUM;9966;10;9964;13;;;9972;16;9975;22;;;9969.0;0.0
yf_BGS_d11;35000;INTARIAN_PEPPER_ROOT;10901;11;10897;15;;;10914;18;10917;22;;;10907.5;0.0
yf_BGS_d11;35100;ASH_COATED_OSMIUM;9966;7;9964;21;;;9972;20;9975;23;;;9969.0;0.0
yf_BGS_d11;35100;INTARIAN_PEPPER_ROOT;10904;17;10902;25;;;10910;22;10914;19;;;10907.0;0.0
yf_BGS_d11;35200;ASH_COATED_OSMIUM;9958;9;9954;13;;;9978;5;9982;15;;;9968.0;0.0
yf_BGS_d11;35200;INTARIAN_PEPPER_ROOT;10898;24;10895;13;;;10914;16;10917;20;;;10906.0;0.0
yf_BGS_d11;35300;ASH_COATED_OSMIUM;9965;18;9962;8;;;9971;20;9975;15;;;9968.0;0.0
yf_BGS_d11;35300;INTARIAN_PEPPER_ROOT;10901;8;10897;23;;;10909;15;10912;25;;;10905.0;0.0
yf_BGS_d11;35400;ASH_COATED_OSMIUM;9958;11;9955;18;;;9979;12;9981;23;;;9968.5;0.0
yf_BGS_d11;35400;INTARIAN_PEPPER_ROOT;10902;17;10900;17;;;10908;13;10911;22;;;10905.0;0.0
yf_BGS_d11;35500;ASH_COATED_OSMIUM;9965;15;9962;18;;;9971;5;9973;18;;;9968.0;0.0
yf_BGS_d11;35500;INTARIAN_PEPPER_ROOT;10901;9;10897;24;;;10907;12;10911;26;;;10904.0;0.0
yf_BGS_d11;35600;ASH_COATED_OSMIUM;9965;16;9963;30;;;9971;9;9975;19;;;9968.0;0.0
yf_BGS_d11;35600;INTARIAN_PEPPER_ROOT;10895;18;10891;19;;;10910;16;10913;18;;;10902.5;0.0
yf_BGS_d11;35700;ASH_COATED_OSMIUM;9961;15;9959;22;;;9976;24;9978;20;;;9968.5;0.0
yf_BGS_d11;35700;INTARIAN_PEPPER_ROOT;10898;10;10894;33;;;10904;10;10906;19;;;10901.0;0.0
yf_BGS_d11;35800;ASH_COATED_OSMIUM;9959;20;9955;17;;;9978;6;9980;13;;;9968.5;0.0
yf_BGS_d11;35800;INTARIAN_PEPPER_ROOT;10894;16;10891;16;;;10907;18;10909;20;;;10900.5;0.0
yf_BGS_d11;35900;ASH_COATED_OSMIUM;9964;12;9960;20;;;9972;10;9976;23;;;9968.0;0.0
yf_BGS_d11;35900;INTARIAN_PEPPER_ROOT;10896;11;10892;19;;;10904;11;10908;11;;;10900.0;0.0
yf_BGS_d11;36000;ASH_COATED_OSMIUM;9959;19;9955;18;;;9977;15;9979;8;;;9968.0;0.0
yf_BGS_d11;36000;INTARIAN_PEPPER_ROOT;10896;8;10892;20;;;10902;12;10904;24;;;10899.0;0.0
yf_BGS_d11;36100;ASH_COATED_OSMIUM;9963;8;9960;23;;;9973;15;9975;18;;;9968.0;0.0
yf_BGS_d11;36100;INTARIAN_PEPPER_ROOT;10894;10;10890;11;;;10902;13;10906;26;;;10898.0;0.0
yf_BGS_d11;36200;ASH_COATED_OSMIUM;9965;17;9962;17;;;9971;8;9974;15;;;9968.0;0.0
yf_BGS_d11;36200;INTARIAN_PEPPER_ROOT;10894;19;10891;21;;;10900;16;10903;17;;;10897.0;0.0
yf_BGS_d11;36300;ASH_COATED_OSMIUM;9951;11;9949;21;;;9985;23;9989;10;;;9968.0;0.0
yf_BGS_d11;36300;INTARIAN_PEPPER_ROOT;10893;19;10890;15;;;10899;20;10902;27;;;10896.0;0.0
yf_BGS_d11;36400;ASH_COATED_OSMIUM;9965;7;9961;19;;;9971;5;9974;13;;;9968.0;0.0
yf_BGS_d11;36400;INTARIAN_PEPPER_ROOT;10892;12;10890;21;;;10898;13;10901;26;;;10895.0;0.0
yf_BGS_d11;36500;ASH_COATED_OSMIUM;9965;12;9961;15;;;9971;15;9973;18;;;9968.0;0.0
yf_BGS_d11;36500;INTARIAN_PEPPER_ROOT;10888;23;10886;20;;;10902;15;10904;25;;;10895.0;0.0
yf_BGS_d11;36600;ASH_COATED_OSMIUM;9960;14;9956;12;;;9975;10;9977;19;;;9967.5;0.0
yf_BGS_d11;36600;INTARIAN_PEPPER_ROOT;10885;10;10883;21;;;10901;14;10903;16;;;10893.0;0.0
yf_BGS_d11;36700;ASH_COATED_OSMIUM;9964;12;9961;21;;;9972;22;9975;13;;;9968.0;0.0
yf_BGS_d11;36700;INTARIAN_PEPPER_ROOT;10890;8;10887;21;;;10896;14;10898;24;;;10893.0;0.0
yf_BGS_d11;36800;ASH_COATED_OSMIUM;9958;18;9955;27;;;9978;19;9981;20;;;9968.0;0.0
yf_BGS_d11;36800;INTARIAN_PEPPER_ROOT;10884;12;10881;16;;;10899;12;10902;19;;;10891.5;0.0
yf_BGS_d11;36900;ASH_COATED_OSMIUM;9965;5;9961;10;;;9971;8;9975;19;;;9968.0;0.0
yf_BGS_d11;36900;INTARIAN_PEPPER_ROOT;10885;13;10882;14;;;10897;12;10899;21;;;10891.0;0.0
yf_BGS_d11;37000;ASH_COATED_OSMIUM;9965;17;9962;25;;;9971;20;9975;19;;;9968.0;0.0
yf_BGS_d11;37000;INTARIAN_PEPPER_ROOT;10881;19;10878;8;;;10898;19;10901;27;;;10889.5;0.0
yf_BGS_d11;37100;ASH_COATED_OSMIUM;9964;14;9960;19;;;9970;17;9973;14;;;9967.0;0.0
yf_BGS_d11;37100;INTARIAN_PEPPER_ROOT;10886;13;10884;22;;;10892;15;10894;24;;;10889.0;0.0
yf_BGS_d11;37200;ASH_COATED_OSMIUM;9965;21;9963;20;;;9971;10;9974;18;;;9968.0;0.0
yf_BGS_d11;37200;INTARIAN_PEPPER_ROOT;10885;11;10882;27;;;10891;17;10895;24;;;10888.0;0.0
yf_BGS_d11;37300;ASH_COATED_OSMIUM;9963;13;9959;23;;;9971;20;9973;20;;;9967.0;0.0
yf_BGS_d11;37300;INTARIAN_PEPPER_ROOT;10883;24;10879;21;;;10891;25;10893;17;;;10887.0;0.0
yf_BGS_d11;37400;ASH_COATED_OSMIUM;9962;17;9960;27;;;9973;22;9977;17;;;9967.5;0.0
yf_BGS_d11;37400;INTARIAN_PEPPER_ROOT;10883;11;10879;24;;;10889;12;10891;18;;;10886.0;0.0
yf_BGS_d11;37500;ASH_COATED_OSMIUM;9964;5;9960;18;;;9972;15;9975;22;;;9968.0;0.0
yf_BGS_d11;37500;INTARIAN_PEPPER_ROOT;10882;7;10879;28;;;10889;7;10891;22;;;10885.5;0.0
yf_BGS_d11;37600;ASH_COATED_OSMIUM;9964;9;9960;18;;;9970;17;9972;18;;;9967.0;0.0
yf_BGS_d11;37600;INTARIAN_PEPPER_ROOT;10881;17;10877;15;;;10887;15;10890;20;;;10884.0;0.0
yf_BGS_d11;37700;ASH_COATED_OSMIUM;9965;18;9961;16;;;9971;24;9974;18;;;9968.0;0.0
yf_BGS_d11;37700;INTARIAN_PEPPER_ROOT;10866;5;10863;29;;;10900;19;10904;14;;;10883.0;0.0
yf_BGS_d11;37800;ASH_COATED_OSMIUM;9965;7;9963;20;;;9971;12;9975;21;;;9968.0;0.0
yf_BGS_d11;37800;INTARIAN_PEPPER_ROOT;10873;14;10869;13;;;10893;10;10896;16;;;10883.0;0.0
yf_BGS_d11;37900;ASH_COATED_OSMIUM;9958;14;9954;25;;;9977;18;9981;19;;;9967.5;0.0
yf_BGS_d11;37900;INTARIAN_PEPPER_ROOT;10875;21;10873;11;;;10889;13;10893;17;;;10882.0;0.0
yf_BGS_d11;38000;ASH_COATED_OSMIUM;9964;14;9962;18;;;9970;10;9972;18;;;9967.0;0.0
yf_BGS_d11;38000;INTARIAN_PEPPER_ROOT;10869;17;10865;30;;;10892;9;10896;21;;;10880.5;0.0
yf_BGS_d11;38100;ASH_COATED_OSMIUM;9960;12;9957;14;;;9974;13;9978;28;;;9967.0;0.0
yf_BGS_d11;38100;INTARIAN_PEPPER_ROOT;10877;11;10873;25;;;10883;9;10887;25;;;10880.0;0.0
yf_BGS_d11;38200;ASH_COATED_OSMIUM;9964;16;9962;19;;;9970;9;9972;12;;;9967.0;0.0
yf_BGS_d11;38200;INTARIAN_PEPPER_ROOT;10869;19;10867;18;;;10890;15;10893;21;;;10879.5;0.0
yf_BGS_d11;38300;ASH_COATED_OSMIUM;9964;21;9961;18;;;9970;11;9973;17;;;9967.0;0.0
yf_BGS_d11;38300;INTARIAN_PEPPER_ROOT;10875;18;10872;29;;;10881;14;10883;31;;;10878.0;0.0
yf_BGS_d11;38400;ASH_COATED_OSMIUM;9964;14;9960;22;;;9970;10;9973;20;;;9967.0;0.0
yf_BGS_d11;38400;INTARIAN_PEPPER_ROOT;10866;8;10862;26;;;10889;12;10891;19;;;10877.5;0.0
yf_BGS_d11;38500;ASH_COATED_OSMIUM;9957;14;9953;14;;;9977;17;9981;10;;;9967.0;0.0
yf_BGS_d11;38500;INTARIAN_PEPPER_ROOT;10864;13;10861;22;;;10889;12;10893;18;;;10876.5;0.0
yf_BGS_d11;38600;ASH_COATED_OSMIUM;9964;11;9962;27;;;9970;15;9973;20;;;9967.0;0.0
yf_BGS_d11;38600;INTARIAN_PEPPER_ROOT;10870;8;10866;16;;;10882;20;10886;15;;;10876.0;0.0
yf_BGS_d11;38700;ASH_COATED_OSMIUM;9963;11;9961;13;;;9969;9;9971;19;;;9966.0;0.0
yf_BGS_d11;38700;INTARIAN_PEPPER_ROOT;10868;7;10864;19;;;10881;16;10884;24;;;10874.5;0.0
yf_BGS_d11;38800;ASH_COATED_OSMIUM;9964;24;9961;24;;;9970;11;9974;20;;;9967.0;0.0
yf_BGS_d11;38800;INTARIAN_PEPPER_ROOT;10870;9;10868;8;;;10876;10;10878;19;;;10873.0;0.0
yf_BGS_d11;38900;ASH_COATED_OSMIUM;9964;17;9960;24;;;9970;7;9974;19;;;9967.0;0.0
yf_BGS_d11;38900;INTARIAN_PEPPER_ROOT;10870;9;10867;20;;;10876;14;10880;21;;;10873.0;0.0
yf_BGS_d11;39000;ASH_COATED_OSMIUM;9964;11;9960;25;;;9970;14;9973;14;;;9967.0;0.0
yf_BGS_d11;39000;INTARIAN_PEPPER_ROOT;10869;14;10866;10;;;10875;15;10877;23;;;10872.0;0.0
yf_BGS_d11;39100;ASH_COATED_OSMIUM;9964;11;9961;19;;;9970;11;9972;18;;;9967.0;0.0
yf_BGS_d11;39100;INTARIAN_PEPPER_ROOT;10868;14;10864;26;;;10874;14;10878;27;;;10871.0;0.0
yf_BGS_d11;39200;ASH_COATED_OSMIUM;9964;16;9961;22;;;9970;19;9974;14;;;9967.0;0.0
yf_BGS_d11;39200;INTARIAN_PEPPER_ROOT;10867;19;10864;24;;;10873;5;10875;25;;;10870.0;0.0
yf_BGS_d11;39300;ASH_COATED_OSMIUM;9962;10;9958;14;;;9972;16;9974;17;;;9967.0;0.0
yf_BGS_d11;39300;INTARIAN_PEPPER_ROOT;10861;7;10859;20;;;10877;17;10880;23;;;10869.0;0.0
yf_BGS_d11;39400;ASH_COATED_OSMIUM;9960;14;9958;21;;;9972;14;9976;27;;;9966.0;0.0
yf_BGS_d11;39400;INTARIAN_PEPPER_ROOT;10866;23;10864;26;;;10872;9;10874;16;;;10869.0;0.0
yf_BGS_d11;39500;ASH_COATED_OSMIUM;9963;11;9961;18;;;9971;12;9973;24;;;9967.0;0.0
yf_BGS_d11;39500;INTARIAN_PEPPER_ROOT;10864;13;10862;22;;;10870;14;10873;19;;;10867.0;0.0
yf_BGS_d11;39600;ASH_COATED_OSMIUM;9964;5;9961;23;;;9970;16;9974;20;;;9967.0;0.0
yf_BGS_d11;39600;INTARIAN_PEPPER_ROOT;10864;7;10860;24;;;10870;21;10874;21;;;10867.0;0.0
yf_BGS_d11;39700;ASH_COATED_OSMIUM;9961;19;9958;22;;;9971;17;9974;8;;;9966.0;0.0
yf_BGS_d11;39700;INTARIAN_PEPPER_ROOT;10859;23;10855;21;;;10872;9;10875;24;;;10865.5;0.0
yf_BGS_d11;39800;ASH_COATED_OSMIUM;9957;18;9955;24;;;9976;18;9979;13;;;9966.5;0.0
yf_BGS_d11;39800;INTARIAN_PEPPER_ROOT;10862;14;10858;26;;;10868;12;10871;21;;;10865.0;0.0
yf_BGS_d11;39900;ASH_COATED_OSMIUM;9963;8;9959;18;;;9969;5;9971;18;;;9966.0;0.0
yf_BGS_d11;39900;INTARIAN_PEPPER_ROOT;10861;21;10858;23;;;10867;10;10869;23;;;10864.0;0.0
yf_BGS_d11;40000;ASH_COATED_OSMIUM;9963;27;9959;29;;;9969;5;9971;20;;;9966.0;0.0
yf_BGS_d11;40000;INTARIAN_PEPPER_ROOT;10860;18;10856;13;;;10866;13;10868;24;;;10863.0;0.0
yf_BGS_d11;40100;ASH_COATED_OSMIUM;9954;13;9952;16;;;9978;14;9981;21;;;9966.0;0.0
yf_BGS_d11;40100;INTARIAN_PEPPER_ROOT;10859;22;10856;10;;;10865;14;10868;14;;;10862.0;0.0
yf_BGS_d11;40200;ASH_COATED_OSMIUM;9963;12;9959;21;;;9969;13;9972;24;;;9966.0;0.0
yf_BGS_d11;40200;INTARIAN_PEPPER_ROOT;10857;19;10853;17;;;10864;16;10866;20;;;10860.5;0.0
yf_BGS_d11;40300;ASH_COATED_OSMIUM;9960;21;9956;23;;;9973;10;9977;26;;;9966.5;0.0
yf_BGS_d11;40300;INTARIAN_PEPPER_ROOT;10853;12;10851;12;;;10868;20;10872;13;;;10860.5;0.0
yf_BGS_d11;40400;ASH_COATED_OSMIUM;9954;14;9952;26;;;9977;13;9981;27;;;9965.5;0.0
yf_BGS_d11;40400;INTARIAN_PEPPER_ROOT;10857;11;10854;15;;;10863;9;10867;21;;;10860.0;0.0
yf_BGS_d11;40500;ASH_COATED_OSMIUM;9959;16;9955;14;;;9974;8;9978;29;;;9966.5;0.0
yf_BGS_d11;40500;INTARIAN_PEPPER_ROOT;10855;8;10851;18;;;10861;15;10865;30;;;10858.0;0.0
yf_BGS_d11;40600;ASH_COATED_OSMIUM;9963;19;9959;22;;;9970;14;9973;28;;;9966.5;0.0
yf_BGS_d11;40600;INTARIAN_PEPPER_ROOT;10853;14;10849;28;;;10863;12;10865;20;;;10858.0;0.0
yf_BGS_d11;40700;ASH_COATED_OSMIUM;9963;12;9959;19;;;9969;12;9973;10;;;9966.0;0.0
yf_BGS_d11;40700;INTARIAN_PEPPER_ROOT;10840;14;10838;18;;;10872;7;10875;10;;;10856.0;0.0
yf_BGS_d11;40800;ASH_COATED_OSMIUM;9962;20;9960;28;;;9968;12;9972;20;;;9965.0;0.0
yf_BGS_d11;40800;INTARIAN_PEPPER_ROOT;10850;22;10848;20;;;10861;16;10863;13;;;10855.5;0.0
yf_BGS_d11;40900;ASH_COATED_OSMIUM;9963;12;9961;21;;;9969;19;9973;25;;;9966.0;0.0
yf_BGS_d11;40900;INTARIAN_PEPPER_ROOT;10852;17;10850;25;;;10858;19;10861;21;;;10855.0;0.0
yf_BGS_d11;41000;ASH_COATED_OSMIUM;9963;21;9961;17;;;9969;17;9973;28;;;9966.0;0.0
yf_BGS_d11;41000;INTARIAN_PEPPER_ROOT;10850;12;10847;22;;;10856;22;10860;8;;;10853.0;0.0
yf_BGS_d11;41100;ASH_COATED_OSMIUM;9963;6;9960;29;;;9969;17;9972;15;;;9966.0;0.0
yf_BGS_d11;41100;INTARIAN_PEPPER_ROOT;10850;8;10848;16;;;10856;17;10859;14;;;10853.0;0.0
yf_BGS_d11;41200;ASH_COATED_OSMIUM;9950;22;9948;24;;;9981;17;9985;18;;;9965.5;0.0
yf_BGS_d11;41200;INTARIAN_PEPPER_ROOT;10849;13;10847;15;;;10855;15;10858;26;;;10852.0;0.0
yf_BGS_d11;41300;ASH_COATED_OSMIUM;9961;23;9957;15;;;9970;14;9972;22;;;9965.5;0.0
yf_BGS_d11;41300;INTARIAN_PEPPER_ROOT;10848;15;10844;23;;;10854;20;10857;16;;;10851.0;0.0
yf_BGS_d11;41400;ASH_COATED_OSMIUM;9963;15;9960;21;;;9969;17;9972;20;;;9966.0;0.0
yf_BGS_d11;41400;INTARIAN_PEPPER_ROOT;10847;17;10843;30;;;10853;20;10857;17;;;10850.0;0.0
yf_BGS_d11;41500;ASH_COATED_OSMIUM;9964;13;9960;22;;;9970;6;9973;21;;;9967.0;0.0
yf_BGS_d11;41500;INTARIAN_PEPPER_ROOT;10846;8;10842;13;;;10852;16;10855;15;;;10849.0;0.0
yf_BGS_d11;41600;ASH_COATED_OSMIUM;9963;7;9961;25;;;9969;8;9971;27;;;9966.0;0.0
yf_BGS_d11;41600;INTARIAN_PEPPER_ROOT;10845;18;10841;19;;;10851;11;10853;27;;;10848.0;0.0
yf_BGS_d11;41700;ASH_COATED_OSMIUM;9960;5;9957;18;;;9972;16;9976;22;;;9966.0;0.0
yf_BGS_d11;41700;INTARIAN_PEPPER_ROOT;10844;20;10842;27;;;10850;29;10852;33;;;10847.0;0.0
yf_BGS_d11;41800;ASH_COATED_OSMIUM;9963;21;9961;14;;;9969;25;9973;14;;;9966.0;0.0
yf_BGS_d11;41800;INTARIAN_PEPPER_ROOT;10844;15;10842;24;;;10850;18;10854;16;;;10847.0;0.0
yf_BGS_d11;41900;ASH_COATED_OSMIUM;9963;10;9960;20;;;9969;19;9972;13;;;9966.0;0.0
yf_BGS_d11;41900;INTARIAN_PEPPER_ROOT;10842;22;10838;18;;;10850;22;10854;15;;;10846.0;0.0
yf_BGS_d11;42000;ASH_COATED_OSMIUM;9962;21;9960;26;;;9968;22;9972;19;;;9965.0;0.0
yf_BGS_d11;42000;INTARIAN_PEPPER_ROOT;10842;14;10840;14;;;10848;10;10851;24;;;10845.0;0.0
yf_BGS_d11;42100;ASH_COATED_OSMIUM;9950;19;9948;16;;;9981;20;9983;23;;;9965.5;0.0
yf_BGS_d11;42100;INTARIAN_PEPPER_ROOT;10841;24;10837;16;;;10847;24;10850;15;;;10844.0;0.0
yf_BGS_d11;42200;ASH_COATED_OSMIUM;9962;21;9958;13;;;9968;17;9971;21;;;9965.0;0.0
yf_BGS_d11;42200;INTARIAN_PEPPER_ROOT;10840;15;10838;17;;;10846;17;10849;23;;;10843.0;0.0
yf_BGS_d11;42300;ASH_COATED_OSMIUM;9961;12;9959;20;;;9970;12;9973;20;;;9965.5;0.0
yf_BGS_d11;42300;INTARIAN_PEPPER_ROOT;10838;15;10834;21;;;10844;9;10846;31;;;10841.0;0.0
yf_BGS_d11;42400;ASH_COATED_OSMIUM;9954;14;9952;27;;;9976;8;9980;23;;;9965.0;0.0
yf_BGS_d11;42400;INTARIAN_PEPPER_ROOT;10839;13;10836;23;;;10845;11;10848;14;;;10842.0;0.0
yf_BGS_d11;42500;ASH_COATED_OSMIUM;9959;18;9956;14;;;9971;14;9973;18;;;9965.0;0.0
yf_BGS_d11;42500;INTARIAN_PEPPER_ROOT;10838;15;10834;20;;;10844;11;10848;9;;;10841.0;0.0
yf_BGS_d11;42600;ASH_COATED_OSMIUM;9958;17;9956;25;;;9972;17;9974;28;;;9965.0;0.0
yf_BGS_d11;42600;INTARIAN_PEPPER_ROOT;10836;8;10832;18;;;10843;24;10845;18;;;10839.5;0.0
yf_BGS_d11;42700;ASH_COATED_OSMIUM;9962;5;9958;22;;;9968;16;9971;14;;;9965.0;0.0
yf_BGS_d11;42700;INTARIAN_PEPPER_ROOT;10833;11;10829;20;;;10842;15;10844;27;;;10837.5;0.0
yf_BGS_d11;42800;ASH_COATED_OSMIUM;9962;16;9959;18;;;9968;5;9970;9;;;9965.0;0.0
yf_BGS_d11;42800;INTARIAN_PEPPER_ROOT;10833;12;10829;24;;;10842;14;10844;21;;;10837.5;0.0
yf_BGS_d11;42900;ASH_COATED_OSMIUM;9962;16;9960;9;;;9968;9;9970;25;;;9965.0;0.0
yf_BGS_d11;42900;INTARIAN_PEPPER_ROOT;10832;8;10828;17;;;10841;18;10843;27;;;10836.5;0.0
yf_BGS_d11;43000;ASH_COATED_OSMIUM;9962;5;9960;19;;;9968;22;9970;18;;;9965.0;0.0
yf_BGS_d11;43000;INTARIAN_PEPPER_ROOT;10831;7;10828;19;;;10841;6;10844;21;;;10836.0;0.0
yf_BGS_d11;43100;ASH_COATED_OSMIUM;9961;14;9957;19;;;9969;23;9971;23;;;9965.0;0.0
yf_BGS_d11;43100;INTARIAN_PEPPER_ROOT;10832;17;10829;20;;;10838;13;10840;18;;;10835.0;0.0
yf_BGS_d11;43200;ASH_COATED_OSMIUM;9962;16;9958;19;;;9968;15;9970;22;;;9965.0;0.0
yf_BGS_d11;43200;INTARIAN_PEPPER_ROOT;10831;17;10829;18;;;10837;13;10840;18;;;10834.0;0.0
yf_BGS_d11;43300;ASH_COATED_OSMIUM;9962;20;9960;13;;;9968;7;9971;15;;;9965.0;0.0
yf_BGS_d11;43300;INTARIAN_PEPPER_ROOT;10830;10;10826;22;;;10836;17;10838;21;;;10833.0;0.0
yf_BGS_d11;43400;ASH_COATED_OSMIUM;9962;19;9960;16;;;9968;24;9971;25;;;9965.0;0.0
yf_BGS_d11;43400;INTARIAN_PEPPER_ROOT;10826;14;10823;25;;;10838;9;10840;11;;;10832.0;0.0
yf_BGS_d11;43500;ASH_COATED_OSMIUM;9962;19;9958;12;;;9968;16;9972;27;;;9965.0;0.0
yf_BGS_d11;43500;INTARIAN_PEPPER_ROOT;10828;8;10824;11;;;10834;15;10836;11;;;10831.0;0.0
yf_BGS_d11;43600;ASH_COATED_OSMIUM;9955;13;9952;15;;;9975;16;9977;24;;;9965.0;0.0
yf_BGS_d11;43600;INTARIAN_PEPPER_ROOT;10815;17;10811;23;;;10846;17;10850;22;;;10830.5;0.0
yf_BGS_d11;43700;ASH_COATED_OSMIUM;9958;12;9955;14;;;9973;12;9975;16;;;9965.5;0.0
yf_BGS_d11;43700;INTARIAN_PEPPER_ROOT;10826;7;10822;16;;;10832;17;10834;23;;;10829.0;0.0
yf_BGS_d11;43800;ASH_COATED_OSMIUM;9956;18;9952;12;;;9972;15;9976;16;;;9964.0;0.0
yf_BGS_d11;43800;INTARIAN_PEPPER_ROOT;10825;13;10823;26;;;10831;12;10835;15;;;10828.0;0.0
yf_BGS_d11;43900;ASH_COATED_OSMIUM;9954;22;9951;17;;;9975;21;9979;28;;;9964.5;0.0
yf_BGS_d11;43900;INTARIAN_PEPPER_ROOT;10824;12;10822;23;;;10830;14;10833;22;;;10827.0;0.0
yf_BGS_d11;44000;ASH_COATED_OSMIUM;9961;14;9958;21;;;9967;10;9969;26;;;9964.0;0.0
yf_BGS_d11;44000;INTARIAN_PEPPER_ROOT;10822;21;10818;15;;;10832;10;10835;22;;;10827.0;0.0
yf_BGS_d11;44100;ASH_COATED_OSMIUM;9961;15;9959;15;;;9969;9;9973;17;;;9965.0;0.0
yf_BGS_d11;44100;INTARIAN_PEPPER_ROOT;10822;14;10820;19;;;10828;15;10831;23;;;10825.0;0.0
yf_BGS_d11;44200;ASH_COATED_OSMIUM;9962;16;9958;18;;;9968;10;9972;16;;;9965.0;0.0
yf_BGS_d11;44200;INTARIAN_PEPPER_ROOT;10822;16;10819;19;;;10828;16;10832;18;;;10825.0;0.0
yf_BGS_d11;44300;ASH_COATED_OSMIUM;9962;26;9958;28;;;9968;16;9972;17;;;9965.0;0.0
yf_BGS_d11;44300;INTARIAN_PEPPER_ROOT;10821;18;10817;20;;;10827;7;10830;17;;;10824.0;0.0
yf_BGS_d11;44400;ASH_COATED_OSMIUM;9961;11;9957;21;;;9967;18;9971;21;;;9964.0;0.0
yf_BGS_d11;44400;INTARIAN_PEPPER_ROOT;10820;23;10818;17;;;10826;9;10830;25;;;10823.0;0.0
yf_BGS_d11;44500;ASH_COATED_OSMIUM;9962;23;9960;27;;;9968;14;9970;31;;;9965.0;0.0
yf_BGS_d11;44500;INTARIAN_PEPPER_ROOT;10817;13;10815;24;;;10828;18;10830;21;;;10822.5;0.0
yf_BGS_d11;44600;ASH_COATED_OSMIUM;9961;16;9959;18;;;9967;15;9971;15;;;9964.0;0.0
yf_BGS_d11;44600;INTARIAN_PEPPER_ROOT;10815;17;10813;14;;;10828;15;10830;22;;;10821.5;0.0
yf_BGS_d11;44700;ASH_COATED_OSMIUM;9961;16;9957;13;;;9968;16;9970;16;;;9964.5;0.0
yf_BGS_d11;44700;INTARIAN_PEPPER_ROOT;10818;14;10814;27;;;10824;13;10827;28;;;10821.0;0.0
yf_BGS_d11;44800;ASH_COATED_OSMIUM;9959;5;9955;12;;;9969;12;9973;16;;;9964.0;0.0
yf_BGS_d11;44800;INTARIAN_PEPPER_ROOT;10815;11;10811;17;;;10823;8;10827;25;;;10819.0;0.0
yf_BGS_d11;44900;ASH_COATED_OSMIUM;9951;11;9948;29;;;9977;11;9981;18;;;9964.0;0.0
yf_BGS_d11;44900;INTARIAN_PEPPER_ROOT;10815;18;10811;18;;;10823;18;10825;20;;;10819.0;0.0
yf_BGS_d11;45000;ASH_COATED_OSMIUM;9959;14;9955;12;;;9969;7;9973;23;;;9964.0;0.0
yf_BGS_d11;45000;INTARIAN_PEPPER_ROOT;10815;11;10811;19;;;10821;20;10824;21;;;10818.0;0.0
yf_BGS_d11;45100;ASH_COATED_OSMIUM;9962;9;9959;24;;;9968;21;9972;23;;;9965.0;0.0
yf_BGS_d11;45100;INTARIAN_PEPPER_ROOT;10813;6;10811;20;;;10820;5;10823;21;;;10816.5;0.0
yf_BGS_d11;45200;ASH_COATED_OSMIUM;9961;17;9957;19;;;9967;9;9969;20;;;9964.0;0.0
yf_BGS_d11;45200;INTARIAN_PEPPER_ROOT;10813;18;10809;24;;;10820;19;10824;19;;;10816.5;0.0
yf_BGS_d11;45300;ASH_COATED_OSMIUM;9961;9;9958;26;;;9967;18;9970;19;;;9964.0;0.0
yf_BGS_d11;45300;INTARIAN_PEPPER_ROOT;10810;5;10806;15;;;10820;14;10824;26;;;10815.0;0.0
yf_BGS_d11;45400;ASH_COATED_OSMIUM;9960;22;9958;29;;;9966;19;9968;27;;;9963.0;0.0
yf_BGS_d11;45400;INTARIAN_PEPPER_ROOT;10808;22;10804;25;;;10821;21;10823;23;;;10814.5;0.0
yf_BGS_d11;45500;ASH_COATED_OSMIUM;9961;11;9958;16;;;9967;8;9971;16;;;9964.0;0.0
yf_BGS_d11;45500;INTARIAN_PEPPER_ROOT;10809;21;10806;24;;;10818;18;10820;11;;;10813.5;0.0
yf_BGS_d11;45600;ASH_COATED_OSMIUM;9960;9;9957;17;;;9969;18;9971;20;;;9964.5;0.0
yf_BGS_d11;45600;INTARIAN_PEPPER_ROOT;10809;16;10806;22;;;10815;14;10817;18;;;10812.0;0.0
yf_BGS_d11;45700;ASH_COATED_OSMIUM;9962;16;9960;26;;;9968;15;9970;18;;;9965.0;0.0
yf_BGS_d11;45700;INTARIAN_PEPPER_ROOT;10809;12;10807;24;;;10815;20;10818;17;;;10812.0;0.0
yf_BGS_d11;45800;ASH_COATED_OSMIUM;9961;14;9958;20;;;9967;19;9969;28;;;9964.0;0.0
yf_BGS_d11;45800;INTARIAN_PEPPER_ROOT;10808;9;10804;21;;;10814;21;10817;17;;;10811.0;0.0
yf_BGS_d11;45900;ASH_COATED_OSMIUM;9961;13;9958;30;;;9967;16;9971;31;;;9964.0;0.0
yf_BGS_d11;45900;INTARIAN_PEPPER_ROOT;10804;9;10800;29;;;10816;20;10820;24;;;10810.0;0.0
yf_BGS_d11;46000;ASH_COATED_OSMIUM;9960;19;9957;18;;;9968;17;9970;26;;;9964.0;0.0
yf_BGS_d11;46000;INTARIAN_PEPPER_ROOT;10806;21;10802;16;;;10812;7;10814;28;;;10809.0;0.0
yf_BGS_d11;46100;ASH_COATED_OSMIUM;9961;11;9958;27;;;9967;22;9970;25;;;9964.0;0.0
yf_BGS_d11;46100;INTARIAN_PEPPER_ROOT;10805;20;10801;17;;;10812;18;10816;23;;;10808.5;0.0
yf_BGS_d11;46200;ASH_COATED_OSMIUM;9961;19;9958;19;;;9967;14;9970;20;;;9964.0;0.0
yf_BGS_d11;46200;INTARIAN_PEPPER_ROOT;10804;15;10802;13;;;10810;22;10814;17;;;10807.0;0.0
yf_BGS_d11;46300;ASH_COATED_OSMIUM;9958;12;9955;19;;;9970;16;9973;19;;;9964.0;0.0
yf_BGS_d11;46300;INTARIAN_PEPPER_ROOT;10800;18;10797;14;;;10812;10;10816;19;;;10806.0;0.0
yf_BGS_d11;46400;ASH_COATED_OSMIUM;9959;10;9957;21;;;9967;10;9970;25;;;9963.0;0.0
yf_BGS_d11;46400;INTARIAN_PEPPER_ROOT;10802;12;10799;21;;;10808;16;10810;18;;;10805.0;0.0
yf_BGS_d11;46500;ASH_COATED_OSMIUM;9960;18;9957;20;;;9966;17;9968;33;;;9963.0;0.0
yf_BGS_d11;46500;INTARIAN_PEPPER_ROOT;10801;15;10798;24;;;10807;15;10811;11;;;10804.0;0.0
yf_BGS_d11;46600;ASH_COATED_OSMIUM;9959;10;9955;13;;;9968;19;9970;20;;;9963.5;0.0
yf_BGS_d11;46600;INTARIAN_PEPPER_ROOT;10800;5;10796;26;;;10806;13;10809;22;;;10803.0;0.0
yf_BGS_d11;46700;ASH_COATED_OSMIUM;9958;18;9954;24;;;9969;12;9971;23;;;9963.5;0.0
yf_BGS_d11;46700;INTARIAN_PEPPER_ROOT;10793;9;10790;13;;;10810;12;10814;14;;;10801.5;0.0
yf_BGS_d11;46800;ASH_COATED_OSMIUM;9960;11;9957;24;;;9966;27;9970;22;;;9963.0;0.0
yf_BGS_d11;46800;INTARIAN_PEPPER_ROOT;10799;6;10797;16;;;10805;5;10807;16;;;10802.0;0.0
yf_BGS_d11;46900;ASH_COATED_OSMIUM;9960;19;9956;19;;;9966;14;9970;22;;;9963.0;0.0
yf_BGS_d11;46900;INTARIAN_PEPPER_ROOT;10797;18;10795;18;;;10805;9;10808;19;;;10801.0;0.0
yf_BGS_d11;47000;ASH_COATED_OSMIUM;9951;11;9948;20;;;9975;12;9978;17;;;9963.0;0.0
yf_BGS_d11;47000;INTARIAN_PEPPER_ROOT;10796;10;10794;16;;;10802;8;10805;24;;;10799.0;0.0
yf_BGS_d11;47100;ASH_COATED_OSMIUM;9954;14;9952;18;;;9972;16;9974;14;;;9963.0;0.0
yf_BGS_d11;47100;INTARIAN_PEPPER_ROOT;10792;15;10788;24;;;10805;15;10808;13;;;10798.5;0.0
yf_BGS_d11;47200;ASH_COATED_OSMIUM;9960;10;9957;14;;;9966;8;9968;25;;;9963.0;0.0
yf_BGS_d11;47200;INTARIAN_PEPPER_ROOT;10794;17;10790;11;;;10801;7;10805;14;;;10797.5;0.0
yf_BGS_d11;47300;ASH_COATED_OSMIUM;9960;21;9958;24;;;9966;13;9969;18;;;9963.0;0.0
yf_BGS_d11;47300;INTARIAN_PEPPER_ROOT;10794;22;10791;12;;;10800;13;10803;27;;;10797.0;0.0
yf_BGS_d11;47400;ASH_COATED_OSMIUM;9961;17;9958;14;;;9967;23;9970;19;;;9964.0;0.0
yf_BGS_d11;47400;INTARIAN_PEPPER_ROOT;10793;24;10789;16;;;10799;19;10802;14;;;10796.0;0.0
yf_BGS_d11;47500;ASH_COATED_OSMIUM;9960;9;9957;23;;;9966;8;9970;28;;;9963.0;0.0
yf_BGS_d11;47500;INTARIAN_PEPPER_ROOT;10792;11;10789;19;;;10798;12;10800;28;;;10795.0;0.0
yf_BGS_d11;47600;ASH_COATED_OSMIUM;9958;5;9954;22;;;9967;17;9971;20;;;9962.5;0.0
yf_BGS_d11;47600;INTARIAN_PEPPER_ROOT;10790;22;10786;20;;;10799;17;10801;10;;;10794.5;0.0
yf_BGS_d11;47700;ASH_COATED_OSMIUM;9960;6;9957;12;;;9966;22;9970;21;;;9963.0;0.0
yf_BGS_d11;47700;INTARIAN_PEPPER_ROOT;10789;11;10786;23;;;10798;21;10800;20;;;10793.5;0.0
yf_BGS_d11;47800;ASH_COATED_OSMIUM;9959;14;9956;10;;;9966;12;9969;20;;;9962.5;0.0
yf_BGS_d11;47800;INTARIAN_PEPPER_ROOT;10789;9;10787;21;;;10795;5;10799;12;;;10792.0;0.0
yf_BGS_d11;47900;ASH_COATED_OSMIUM;9960;7;9958;19;;;9966;12;9969;15;;;9963.0;0.0
yf_BGS_d11;47900;INTARIAN_PEPPER_ROOT;10788;16;10786;20;;;10795;11;10797;22;;;10791.5;0.0
yf_BGS_d11;48000;ASH_COATED_OSMIUM;9960;13;9957;23;;;9966;9;9969;15;;;9963.0;0.0
yf_BGS_d11;48000;INTARIAN_PEPPER_ROOT;10787;17;10783;12;;;10794;14;10797;20;;;10790.5;0.0
yf_BGS_d11;48100;ASH_COATED_OSMIUM;9959;11;9956;18;;;9965;13;9968;19;;;9962.0;0.0
yf_BGS_d11;48100;INTARIAN_PEPPER_ROOT;10786;22;10782;19;;;10794;13;10796;23;;;10790.0;0.0
yf_BGS_d11;48200;ASH_COATED_OSMIUM;9960;21;9958;22;;;9966;13;9969;20;;;9963.0;0.0
yf_BGS_d11;48200;INTARIAN_PEPPER_ROOT;10786;16;10783;13;;;10792;22;10796;31;;;10789.0;0.0
yf_BGS_d11;48300;ASH_COATED_OSMIUM;9959;14;9956;21;;;9965;9;9968;17;;;9962.0;0.0
yf_BGS_d11;48300;INTARIAN_PEPPER_ROOT;10785;20;10783;24;;;10791;15;10795;10;;;10788.0;0.0
yf_BGS_d11;48400;ASH_COATED_OSMIUM;9960;15;9956;13;;;9966;13;9970;22;;;9963.0;0.0
yf_BGS_d11;48400;INTARIAN_PEPPER_ROOT;10784;13;10781;26;;;10790;9;10794;20;;;10787.0;0.0
yf_BGS_d11;48500;ASH_COATED_OSMIUM;9945;23;9941;16;;;9979;25;9982;17;;;9962.0;0.0
yf_BGS_d11;48500;INTARIAN_PEPPER_ROOT;10783;14;10779;24;;;10789;14;10791;8;;;10786.0;0.0
yf_BGS_d11;48600;ASH_COATED_OSMIUM;9959;18;9957;17;;;9965;20;9967;22;;;9962.0;0.0
yf_BGS_d11;48600;INTARIAN_PEPPER_ROOT;10782;14;10780;21;;;10788;11;10791;18;;;10785.0;0.0
yf_BGS_d11;48700;ASH_COATED_OSMIUM;9960;9;9957;16;;;9966;17;9968;28;;;9963.0;0.0
yf_BGS_d11;48700;INTARIAN_PEPPER_ROOT;10781;8;10778;21;;;10787;23;10791;14;;;10784.0;0.0
yf_BGS_d11;48800;ASH_COATED_OSMIUM;9959;22;9956;30;;;9966;9;9968;12;;;9962.5;0.0
yf_BGS_d11;48800;INTARIAN_PEPPER_ROOT;10781;14;10778;23;;;10787;14;10789;18;;;10784.0;0.0
yf_BGS_d11;48900;ASH_COATED_OSMIUM;9959;11;9956;20;;;9965;5;9969;26;;;9962.0;0.0
yf_BGS_d11;48900;INTARIAN_PEPPER_ROOT;10777;24;10773;13;;;10787;17;10791;19;;;10782.0;0.0
yf_BGS_d11;49000;ASH_COATED_OSMIUM;9957;23;9954;13;;;9968;12;9972;23;;;9962.5;0.0
yf_BGS_d11;49000;INTARIAN_PEPPER_ROOT;10773;20;10771;28;;;10790;12;10794;12;;;10781.5;0.0
yf_BGS_d11;49100;ASH_COATED_OSMIUM;9959;12;9955;18;;;9965;6;9969;22;;;9962.0;0.0
yf_BGS_d11;49100;INTARIAN_PEPPER_ROOT;10777;21;10775;19;;;10783;10;10787;23;;;10780.0;0.0
yf_BGS_d11;49200;ASH_COATED_OSMIUM;9960;12;9958;13;;;9966;23;9968;15;;;9963.0;0.0
yf_BGS_d11;49200;INTARIAN_PEPPER_ROOT;10776;19;10774;18;;;10782;23;10785;18;;;10779.0;0.0
yf_BGS_d11;49300;ASH_COATED_OSMIUM;9950;5;9946;19;;;9973;12;9975;24;;;9961.5;0.0
yf_BGS_d11;49300;INTARIAN_PEPPER_ROOT;10771;9;10767;24;;;10788;11;10790;13;;;10779.5;0.0
yf_BGS_d11;49400;ASH_COATED_OSMIUM;9959;16;9957;18;;;9965;21;9969;20;;;9962.0;0.0
yf_BGS_d11;49400;INTARIAN_PEPPER_ROOT;10769;5;10765;25;;;10786;19;10788;19;;;10777.5;0.0
yf_BGS_d11;49500;ASH_COATED_OSMIUM;9959;11;9956;20;;;9965;10;9968;14;;;9962.0;0.0
yf_BGS_d11;49500;INTARIAN_PEPPER_ROOT;10774;11;10770;22;;;10780;19;10782;27;;;10777.0;0.0
yf_BGS_d11;49600;ASH_COATED_OSMIUM;9959;16;9957;19;;;9965;10;9968;20;;;9962.0;0.0
yf_BGS_d11;49600;INTARIAN_PEPPER_ROOT;10773;13;10770;22;;;10779;17;10781;23;;;10776.0;0.0
yf_BGS_d11;49700;ASH_COATED_OSMIUM;9959;12;9956;17;;;9965;5;9967;15;;;9962.0;0.0
yf_BGS_d11;49700;INTARIAN_PEPPER_ROOT;10771;21;10767;25;;;10780;19;10783;26;;;10775.5;0.0
yf_BGS_d11;49800;ASH_COATED_OSMIUM;9954;10;9950;14;;;9970;12;9974;21;;;9962.0;0.0
yf_BGS_d11;49800;INTARIAN_PEPPER_ROOT;10772;17;10769;17;;;10778;15;10782;21;;;10775.0;0.0
yf_BGS_d11;49900;ASH_COATED_OSMIUM;9959;14;9956;19;;;9965;19;9969;27;;;9962.0;0.0
yf_BGS_d11;49900;INTARIAN_PEPPER_ROOT;10770;15;10768;26;;;10776;13;10778;29;;;10773.0;0.0
yf_BGS_d11;50000;ASH_COATED_OSMIUM;9956;9;9952;24;;;9969;18;9971;21;;;9962.5;0.0
yf_BGS_d11;50000;INTARIAN_PEPPER_ROOT;10770;15;10766;19;;;10776;13;10779;21;;;10773.0;0.0
yf_BGS_d11;50100;ASH_COATED_OSMIUM;9958;16;9956;19;;;9964;14;9966;12;;;9961.0;0.0
yf_BGS_d11;50100;INTARIAN_PEPPER_ROOT;10768;9;10764;19;;;10774;12;10777;22;;;10771.0;0.0
yf_BGS_d11;50200;ASH_COATED_OSMIUM;9959;21;9956;21;;;9965;15;9968;16;;;9962.0;0.0
yf_BGS_d11;50200;INTARIAN_PEPPER_ROOT;10768;5;10766;20;;;10774;14;10776;22;;;10771.0;0.0
yf_BGS_d11;50300;ASH_COATED_OSMIUM;9955;5;9951;17;;;9969;16;9973;21;;;9962.0;0.0
yf_BGS_d11;50300;INTARIAN_PEPPER_ROOT;10763;14;10761;21;;;10777;15;10780;16;;;10770.0;0.0
yf_BGS_d11;50400;ASH_COATED_OSMIUM;9959;19;9956;21;;;9965;8;9968;27;;;9962.0;0.0
yf_BGS_d11;50400;INTARIAN_PEPPER_ROOT;10765;14;10762;22;;;10771;16;10774;15;;;10768.0;0.0
yf_BGS_d11;50500;ASH_COATED_OSMIUM;9959;22;9956;21;;;9965;12;9967;22;;;9962.0;0.0
yf_BGS_d11;50500;INTARIAN_PEPPER_ROOT;10765;13;10762;26;;;10771;14;10775;22;;;10768.0;0.0
yf_BGS_d11;50600;ASH_COATED_OSMIUM;9958;14;9954;16;;;9964;22;9968;26;;;9961.0;0.0
yf_BGS_d11;50600;INTARIAN_PEPPER_ROOT;10764;21;10761;20;;;10770;18;10773;8;;;10767.0;0.0
yf_BGS_d11;50700;ASH_COATED_OSMIUM;9958;16;9955;21;;;9964;5;9967;28;;;9961.0;0.0
yf_BGS_d11;50700;INTARIAN_PEPPER_ROOT;10764;26;10760;21;;;10770;11;10773;15;;;10767.0;0.0
yf_BGS_d11;50800;ASH_COATED_OSMIUM;9958;13;9955;17;;;9964;9;9967;18;;;9961.0;0.0
yf_BGS_d11;50800;INTARIAN_PEPPER_ROOT;10762;26;10758;17;;;10768;17;10772;15;;;10765.0;0.0
yf_BGS_d11;50900;ASH_COATED_OSMIUM;9958;20;9956;16;;;9965;14;9967;12;;;9961.5;0.0
yf_BGS_d11;50900;INTARIAN_PEPPER_ROOT;10761;13;10759;13;;;10767;17;10771;21;;;10764.0;0.0
yf_BGS_d11;51000;ASH_COATED_OSMIUM;9958;20;9954;23;;;9964;17;9968;9;;;9961.0;0.0
yf_BGS_d11;51000;INTARIAN_PEPPER_ROOT;10760;14;10756;24;;;10766;15;10768;25;;;10763.0;0.0
yf_BGS_d11;51100;ASH_COATED_OSMIUM;9958;12;9955;28;;;9964;5;9967;22;;;9961.0;0.0
yf_BGS_d11;51100;INTARIAN_PEPPER_ROOT;10758;13;10755;13;;;10764;11;10768;12;;;10761.0;0.0
yf_BGS_d11;51200;ASH_COATED_OSMIUM;9957;21;9955;13;;;9965;28;9967;17;;;9961.0;0.0
yf_BGS_d11;51200;INTARIAN_PEPPER_ROOT;10740;15;10736;19;;;10780;5;10783;17;;;10760.0;0.0
yf_BGS_d11;51300;ASH_COATED_OSMIUM;9958;16;9956;27;;;9964;10;9967;16;;;9961.0;0.0
yf_BGS_d11;51300;INTARIAN_PEPPER_ROOT;10756;18;10754;20;;;10762;15;10764;18;;;10759.0;0.0
yf_BGS_d11;51400;ASH_COATED_OSMIUM;9955;22;9951;10;;;9968;21;9970;24;;;9961.5;0.0
yf_BGS_d11;51400;INTARIAN_PEPPER_ROOT;10755;20;10752;12;;;10761;15;10764;13;;;10758.0;0.0
yf_BGS_d11;51500;ASH_COATED_OSMIUM;9958;23;9956;20;;;9964;17;9968;20;;;9961.0;0.0
yf_BGS_d11;51500;INTARIAN_PEPPER_ROOT;10749;21;10746;27;;;10763;15;10766;25;;;10756.0;0.0
yf_BGS_d11;51600;ASH_COATED_OSMIUM;9958;13;9956;26;;;9964;11;9967;19;;;9961.0;0.0
yf_BGS_d11;51600;INTARIAN_PEPPER_ROOT;10747;10;10743;24;;;10762;6;10764;32;;;10754.5;0.0
yf_BGS_d11;51700;ASH_COATED_OSMIUM;9958;21;9954;24;;;9964;19;9967;13;;;9961.0;0.0
yf_BGS_d11;51700;INTARIAN_PEPPER_ROOT;10750;23;10748;9;;;10756;16;10760;25;;;10753.0;0.0
yf_BGS_d11;51800;ASH_COATED_OSMIUM;9958;17;9956;25;;;9964;15;9966;21;;;9961.0;0.0
yf_BGS_d11;51800;INTARIAN_PEPPER_ROOT;10749;7;10747;21;;;10755;18;10757;23;;;10752.0;0.0
yf_BGS_d11;51900;ASH_COATED_OSMIUM;9956;15;9952;16;;;9966;19;9969;16;;;9961.0;0.0
yf_BGS_d11;51900;INTARIAN_PEPPER_ROOT;10743;7;10740;20;;;10756;11;10760;18;;;10749.5;0.0
yf_BGS_d11;52000;ASH_COATED_OSMIUM;9958;11;9956;25;;;9964;8;9966;10;;;9961.0;0.0
yf_BGS_d11;52000;INTARIAN_PEPPER_ROOT;10746;18;10742;16;;;10752;23;10754;17;;;10749.0;0.0
yf_BGS_d11;52100;ASH_COATED_OSMIUM;9951;14;9948;23;;;9970;16;9973;14;;;9960.5;0.0
yf_BGS_d11;52100;INTARIAN_PEPPER_ROOT;10745;11;10742;21;;;10751;12;10755;11;;;10748.0;0.0
yf_BGS_d11;52200;ASH_COATED_OSMIUM;9958;12;9955;29;;;9964;19;9966;28;;;9961.0;0.0
yf_BGS_d11;52200;INTARIAN_PEPPER_ROOT;10743;16;10741;11;;;10750;17;10752;18;;;10746.5;0.0
yf_BGS_d11;52300;ASH_COATED_OSMIUM;9958;6;9956;19;;;9964;9;9966;14;;;9961.0;0.0
yf_BGS_d11;52300;INTARIAN_PEPPER_ROOT;10742;17;10739;27;;;10748;13;10750;16;;;10745.0;0.0
yf_BGS_d11;52400;ASH_COATED_OSMIUM;9958;7;9954;21;;;9964;17;9967;15;;;9961.0;0.0
yf_BGS_d11;52400;INTARIAN_PEPPER_ROOT;10741;13;10739;24;;;10747;5;10751;25;;;10744.0;0.0
yf_BGS_d11;52500;ASH_COATED_OSMIUM;9955;13;9952;14;;;9966;9;9969;16;;;9960.5;0.0
yf_BGS_d11;52500;INTARIAN_PEPPER_ROOT;10739;18;10737;20;;;10745;16;10749;29;;;10742.0;0.0
yf_BGS_d11;52600;ASH_COATED_OSMIUM;9957;22;9953;22;;;9963;26;9967;27;;;9960.0;0.0
yf_BGS_d11;52600;INTARIAN_PEPPER_ROOT;10738;22;10736;18;;;10744;19;10748;16;;;10741.0;0.0
yf_BGS_d11;52700;ASH_COATED_OSMIUM;9957;13;9954;15;;;9963;12;9967;27;;;9960.0;0.0
yf_BGS_d11;52700;INTARIAN_PEPPER_ROOT;10737;16;10734;17;;;10743;21;10745;19;;;10740.0;0.0
yf_BGS_d11;52800;ASH_COATED_OSMIUM;9955;20;9952;22;;;9966;22;9970;27;;;9960.5;0.0
yf_BGS_d11;52800;INTARIAN_PEPPER_ROOT;10736;7;10734;17;;;10742;17;10746;18;;;10739.0;0.0
yf_BGS_d11;52900;ASH_COATED_OSMIUM;9957;8;9954;22;;;9963;9;9965;16;;;9960.0;0.0
yf_BGS_d11;52900;INTARIAN_PEPPER_ROOT;10734;21;10732;18;;;10740;10;10743;13;;;10737.0;0.0
yf_BGS_d11;53000;ASH_COATED_OSMIUM;9958;9;9954;18;;;9964;8;9966;28;;;9961.0;0.0
yf_BGS_d11;53000;INTARIAN_PEPPER_ROOT;10733;13;10729;21;;;10739;10;10743;16;;;10736.0;0.0
yf_BGS_d11;53100;ASH_COATED_OSMIUM;9956;15;9953;20;;;9965;12;9968;18;;;9960.5;0.0
yf_BGS_d11;53100;INTARIAN_PEPPER_ROOT;10731;23;10727;25;;;10738;13;10741;18;;;10734.5;0.0
yf_BGS_d11;53200;ASH_COATED_OSMIUM;9957;18;9954;22;;;9963;8;9965;16;;;9960.0;0.0
yf_BGS_d11;53200;INTARIAN_PEPPER_ROOT;10730;15;10728;23;;;10736;15;10740;21;;;10733.0;0.0
yf_BGS_d11;53300;ASH_COATED_OSMIUM;9955;12;9952;23;;;9966;17;9968;16;;;9960.5;0.0
yf_BGS_d11;53300;INTARIAN_PEPPER_ROOT;10729;18;10725;12;;;10735;13;10737;17;;;10732.0;0.0
yf_BGS_d11;53400;ASH_COATED_OSMIUM;9957;14;9953;17;;;9963;21;9965;19;;;9960.0;0.0
yf_BGS_d11;53400;INTARIAN_PEPPER_ROOT;10719;15;10715;18;;;10741;14;10745;26;;;10730.0;0.0
yf_BGS_d11;53500;ASH_COATED_OSMIUM;9957;16;9955;14;;;9963;16;9967;22;;;9960.0;0.0
yf_BGS_d11;53500;INTARIAN_PEPPER_ROOT;10725;15;10722;22;;;10733;15;10737;27;;;10729.0;0.0
yf_BGS_d11;53600;ASH_COATED_OSMIUM;9958;22;9956;20;;;9964;25;9966;23;;;9961.0;0.0
yf_BGS_d11;53600;INTARIAN_PEPPER_ROOT;10724;13;10722;16;;;10730;11;10732;19;;;10727.0;0.0
yf_BGS_d11;53700;ASH_COATED_OSMIUM;9957;19;9953;17;;;9963;15;9965;17;;;9960.0;0.0
yf_BGS_d11;53700;INTARIAN_PEPPER_ROOT;10723;17;10719;12;;;10729;8;10733;27;;;10726.0;0.0
yf_BGS_d11;53800;ASH_COATED_OSMIUM;9956;7;9952;21;;;9964;17;9967;21;;;9960.0;0.0
yf_BGS_d11;53800;INTARIAN_PEPPER_ROOT;10722;17;10720;15;;;10728;12;10731;15;;;10725.0;0.0
yf_BGS_d11;53900;ASH_COATED_OSMIUM;9957;15;9954;13;;;9963;14;9965;12;;;9960.0;0.0
yf_BGS_d11;53900;INTARIAN_PEPPER_ROOT;10721;17;10718;21;;;10727;16;10730;16;;;10724.0;0.0
yf_BGS_d11;54000;ASH_COATED_OSMIUM;9956;13;9953;19;;;9962;12;9966;16;;;9959.0;0.0
yf_BGS_d11;54000;INTARIAN_PEPPER_ROOT;10719;12;10716;18;;;10725;9;10729;29;;;10722.0;0.0
yf_BGS_d11;54100;ASH_COATED_OSMIUM;9956;21;9952;20;;;9964;17;9967;12;;;9960.0;0.0
yf_BGS_d11;54100;INTARIAN_PEPPER_ROOT;10713;16;10711;24;;;10728;7;10732;12;;;10720.5;0.0
yf_BGS_d11;54200;ASH_COATED_OSMIUM;9954;17;9952;11;;;9964;15;9967;27;;;9959.0;0.0
yf_BGS_d11;54200;INTARIAN_PEPPER_ROOT;10712;14;10708;21;;;10727;21;10729;16;;;10719.5;0.0
yf_BGS_d11;54300;ASH_COATED_OSMIUM;9956;10;9953;19;;;9963;10;9965;17;;;9959.5;0.0
yf_BGS_d11;54300;INTARIAN_PEPPER_ROOT;10715;14;10713;22;;;10721;17;10724;17;;;10718.0;0.0
yf_BGS_d11;54400;ASH_COATED_OSMIUM;9956;13;9953;18;;;9962;18;9965;16;;;9959.0;0.0
yf_BGS_d11;54400;INTARIAN_PEPPER_ROOT;10708;9;10704;15;;;10726;14;10729;15;;;10717.0;0.0
yf_BGS_d11;54500;ASH_COATED_OSMIUM;9956;11;9952;18;;;9962;11;9966;21;;;9959.0;0.0
yf_BGS_d11;54500;INTARIAN_PEPPER_ROOT;10712;7;10709;15;;;10718;17;10722;22;;;10715.0;0.0
yf_BGS_d11;54600;ASH_COATED_OSMIUM;9954;21;9951;17;;;9965;13;9969;23;;;9959.5;0.0
yf_BGS_d11;54600;INTARIAN_PEPPER_ROOT;10711;8;10709;19;;;10717;5;10721;21;;;10714.0;0.0
yf_BGS_d11;54700;ASH_COATED_OSMIUM;9955;14;9953;14;;;9962;12;9964;25;;;9958.5;0.0
yf_BGS_d11;54700;INTARIAN_PEPPER_ROOT;10696;12;10694;13;;;10729;13;10733;28;;;10712.5;0.0
yf_BGS_d11;54800;ASH_COATED_OSMIUM;9944;19;9941;16;;;9975;18;9979;24;;;9959.5;0.0
yf_BGS_d11;54800;INTARIAN_PEPPER_ROOT;10709;12;10706;18;;;10715;24;10719;17;;;10712.0;0.0
yf_BGS_d11;54900;ASH_COATED_OSMIUM;9957;17;9955;17;;;9963;10;9965;22;;;9960.0;0.0
yf_BGS_d11;54900;INTARIAN_PEPPER_ROOT;10708;22;10705;20;;;10714;19;10718;22;;;10711.0;0.0
yf_BGS_d11;55000;ASH_COATED_OSMIUM;9951;18;9948;18;;;9967;18;9969;21;;;9959.0;0.0
yf_BGS_d11;55000;INTARIAN_PEPPER_ROOT;10706;14;10702;27;;;10712;21;10714;19;;;10709.0;0.0
yf_BGS_d11;55100;ASH_COATED_OSMIUM;9954;18;9950;21;;;9965;16;9968;23;;;9959.5;0.0
yf_BGS_d11;55100;INTARIAN_PEPPER_ROOT;10704;5;10700;17;;;10710;12;10714;16;;;10707.0;0.0
yf_BGS_d11;55200;ASH_COATED_OSMIUM;9956;12;9954;17;;;9962;15;9964;20;;;9959.0;0.0
yf_BGS_d11;55200;INTARIAN_PEPPER_ROOT;10703;18;10700;24;;;10709;23;10713;15;;;10706.0;0.0
yf_BGS_d11;55300;ASH_COATED_OSMIUM;9954;14;9950;16;;;9964;8;9967;17;;;9959.0;0.0
yf_BGS_d11;55300;INTARIAN_PEPPER_ROOT;10702;9;10699;17;;;10708;10;10711;16;;;10705.0;0.0
yf_BGS_d11;55400;ASH_COATED_OSMIUM;9956;15;9952;13;;;9962;22;9965;20;;;9959.0;0.0
yf_BGS_d11;55400;INTARIAN_PEPPER_ROOT;10701;26;10697;17;;;10707;9;10709;18;;;10704.0;0.0
yf_BGS_d11;55500;ASH_COATED_OSMIUM;9955;17;9951;25;;;9962;10;9964;35;;;9958.5;0.0
yf_BGS_d11;55500;INTARIAN_PEPPER_ROOT;10698;24;10694;23;;;10705;17;10708;28;;;10701.5;0.0
yf_BGS_d11;55600;ASH_COATED_OSMIUM;9953;5;9951;20;;;9963;18;9965;19;;;9958.0;0.0
yf_BGS_d11;55600;INTARIAN_PEPPER_ROOT;10698;5;10696;26;;;10704;12;10707;17;;;10701.0;0.0
yf_BGS_d11;55700;ASH_COATED_OSMIUM;9956;13;9952;15;;;9962;22;9965;25;;;9959.0;0.0
yf_BGS_d11;55700;INTARIAN_PEPPER_ROOT;10696;16;10692;25;;;10702;11;10704;20;;;10699.0;0.0
yf_BGS_d11;55800;ASH_COATED_OSMIUM;9955;14;9951;20;;;9961;21;9963;20;;;9958.0;0.0
yf_BGS_d11;55800;INTARIAN_PEPPER_ROOT;10694;11;10691;26;;;10700;24;10704;23;;;10697.0;0.0
yf_BGS_d11;55900;ASH_COATED_OSMIUM;9955;11;9953;13;;;9962;16;9966;22;;;9958.5;0.0
yf_BGS_d11;55900;INTARIAN_PEPPER_ROOT;10693;19;10690;15;;;10699;19;10701;14;;;10696.0;0.0
yf_BGS_d11;56000;ASH_COATED_OSMIUM;9955;17;9952;17;;;9961;26;9964;18;;;9958.0;0.0
yf_BGS_d11;56000;INTARIAN_PEPPER_ROOT;10692;22;10690;28;;;10698;16;10702;16;;;10695.0;0.0
yf_BGS_d11;56100;ASH_COATED_OSMIUM;9951;19;9947;20;;;9966;20;9970;21;;;9958.5;0.0
yf_BGS_d11;56100;INTARIAN_PEPPER_ROOT;10691;17;10688;16;;;10697;14;10701;16;;;10694.0;0.0
yf_BGS_d11;56200;ASH_COATED_OSMIUM;9956;14;9953;20;;;9962;26;9966;17;;;9959.0;0.0
yf_BGS_d11;56200;INTARIAN_PEPPER_ROOT;10684;14;10680;22;;;10701;5;10705;18;;;10692.5;0.0
yf_BGS_d11;56300;ASH_COATED_OSMIUM;9954;14;9950;25;;;9963;15;9965;22;;;9958.5;0.0
yf_BGS_d11;56300;INTARIAN_PEPPER_ROOT;10688;9;10684;20;;;10694;7;10697;28;;;10691.0;0.0
yf_BGS_d11;56400;ASH_COATED_OSMIUM;9955;7;9951;16;;;9961;9;9965;18;;;9958.0;0.0
yf_BGS_d11;56400;INTARIAN_PEPPER_ROOT;10687;12;10684;21;;;10693;18;10695;16;;;10690.0;0.0
yf_BGS_d11;56500;ASH_COATED_OSMIUM;9950;18;9946;14;;;9966;10;9969;18;;;9958.0;0.0
yf_BGS_d11;56500;INTARIAN_PEPPER_ROOT;10678;9;10676;18;;;10698;20;10700;20;;;10688.0;0.0
yf_BGS_d11;56600;ASH_COATED_OSMIUM;9955;20;9953;15;;;9961;19;9963;21;;;9958.0;0.0
yf_BGS_d11;56600;INTARIAN_PEPPER_ROOT;10683;28;10680;15;;;10692;19;10694;13;;;10687.5;0.0
yf_BGS_d11;56700;ASH_COATED_OSMIUM;9947;17;9945;21;;;9969;23;9972;15;;;9958.0;0.0
yf_BGS_d11;56700;INTARIAN_PEPPER_ROOT;10680;12;10678;14;;;10691;10;10694;14;;;10685.5;0.0
yf_BGS_d11;56800;ASH_COATED_OSMIUM;9954;7;9950;23;;;9962;8;9964;15;;;9958.0;0.0
yf_BGS_d11;56800;INTARIAN_PEPPER_ROOT;10681;13;10679;31;;;10687;13;10690;13;;;10684.0;0.0
yf_BGS_d11;56900;ASH_COATED_OSMIUM;9955;19;9953;20;;;9961;7;9965;13;;;9958.0;0.0
yf_BGS_d11;56900;INTARIAN_PEPPER_ROOT;10680;5;10678;25;;;10686;12;10690;17;;;10683.0;0.0
yf_BGS_d11;57000;ASH_COATED_OSMIUM;9955;24;9953;18;;;9961;16;9963;22;;;9958.0;0.0
yf_BGS_d11;57000;INTARIAN_PEPPER_ROOT;10669;19;10667;18;;;10694;27;10696;29;;;10681.5;0.0
yf_BGS_d11;57100;ASH_COATED_OSMIUM;9954;13;9950;17;;;9963;11;9966;17;;;9958.5;0.0
yf_BGS_d11;57100;INTARIAN_PEPPER_ROOT;10677;14;10674;20;;;10683;17;10687;18;;;10680.0;0.0
yf_BGS_d11;57200;ASH_COATED_OSMIUM;9955;9;9953;15;;;9962;12;9965;14;;;9958.5;0.0
yf_BGS_d11;57200;INTARIAN_PEPPER_ROOT;10675;8;10671;21;;;10681;13;10685;18;;;10678.0;0.0
yf_BGS_d11;57300;ASH_COATED_OSMIUM;9955;17;9952;21;;;9961;19;9963;27;;;9958.0;0.0
yf_BGS_d11;57300;INTARIAN_PEPPER_ROOT;10675;11;10673;27;;;10681;13;10685;16;;;10678.0;0.0
yf_BGS_d11;57400;ASH_COATED_OSMIUM;9955;21;9953;25;;;9961;16;9963;24;;;9958.0;0.0
yf_BGS_d11;57400;INTARIAN_PEPPER_ROOT;10667;18;10664;13;;;10684;5;10687;19;;;10675.5;0.0
yf_BGS_d11;57500;ASH_COATED_OSMIUM;9955;16;9952;25;;;9961;21;9965;14;;;9958.0;0.0
yf_BGS_d11;57500;INTARIAN_PEPPER_ROOT;10671;19;10667;20;;;10677;8;10679;23;;;10674.0;0.0
yf_BGS_d11;57600;ASH_COATED_OSMIUM;9952;8;9949;21;;;9963;16;9967;23;;;9957.5;0.0
yf_BGS_d11;57600;INTARIAN_PEPPER_ROOT;10671;17;10669;21;;;10677;13;10680;22;;;10674.0;0.0
yf_BGS_d11;57700;ASH_COATED_OSMIUM;9955;5;9951;14;;;9961;6;9963;19;;;9958.0;0.0
yf_BGS_d11;57700;INTARIAN_PEPPER_ROOT;10669;14;10667;23;;;10675;16;10678;26;;;10672.0;0.0
yf_BGS_d11;57800;ASH_COATED_OSMIUM;9953;17;9950;28;;;9961;11;9964;17;;;9957.0;0.0
yf_BGS_d11;57800;INTARIAN_PEPPER_ROOT;10668;10;10664;23;;;10674;15;10678;23;;;10671.0;0.0
yf_BGS_d11;57900;ASH_COATED_OSMIUM;9954;19;9951;15;;;9960;19;9962;12;;;9957.0;0.0
yf_BGS_d11;57900;INTARIAN_PEPPER_ROOT;10647;10;10643;21;;;10692;10;10696;23;;;10669.5;0.0
yf_BGS_d11;58000;ASH_COATED_OSMIUM;9950;14;9947;29;;;9965;18;9968;17;;;9957.5;0.0
yf_BGS_d11;58000;INTARIAN_PEPPER_ROOT;10665;11;10663;26;;;10671;14;10675;23;;;10668.0;0.0
yf_BGS_d11;58100;ASH_COATED_OSMIUM;9948;11;9946;17;;;9968;15;9970;9;;;9958.0;0.0
yf_BGS_d11;58100;INTARIAN_PEPPER_ROOT;10662;12;10658;25;;;10671;13;10673;24;;;10666.5;0.0
yf_BGS_d11;58200;ASH_COATED_OSMIUM;9954;5;9950;17;;;9960;10;9964;17;;;9957.0;0.0
yf_BGS_d11;58200;INTARIAN_PEPPER_ROOT;10662;11;10660;27;;;10668;14;10672;25;;;10665.0;0.0
yf_BGS_d11;58300;ASH_COATED_OSMIUM;9954;6;9951;14;;;9960;17;9962;25;;;9957.0;0.0
yf_BGS_d11;58300;INTARIAN_PEPPER_ROOT;10660;20;10658;15;;;10666;17;10668;17;;;10663.0;0.0
