day;timestamp;product;bid_price_1;bid_volume_1;bid_price_2;bid_volume_2;bid_price_3;bid_volume_3;ask_price_1;ask_volume_1;ask_price_2;ask_volume_2;ask_price_3;ask_volume_3;mid_price;profit_and_loss
yf_MKC_d5;0;ASH_COATED_OSMIUM;10081;11;10077;8;;;10087;15;10089;17;;;10084.0;0.0
yf_MKC_d5;0;INTARIAN_PEPPER_ROOT;10861;12;10857;13;;;10867;14;10869;26;;;10864.0;0.0
yf_MKC_d5;100;ASH_COATED_OSMIUM;10081;6;10077;15;;;10087;15;10089;28;;;10084.0;0.0
yf_MKC_d5;100;INTARIAN_PEPPER_ROOT;10857;20;10854;16;;;10873;16;10877;17;;;10865.0;0.0
yf_MKC_d5;200;ASH_COATED_OSMIUM;10081;20;10077;9;;;10087;18;10090;24;;;10084.0;0.0
yf_MKC_d5;200;INTARIAN_PEPPER_ROOT;10863;22;10861;24;;;10869;21;10873;21;;;10866.0;0.0
yf_MKC_d5;300;ASH_COATED_OSMIUM;10081;17;10077;13;;;10088;13;10092;19;;;10084.5;0.0
yf_MKC_d5;300;INTARIAN_PEPPER_ROOT;10851;15;10849;8;;;10884;11;10887;17;;;10867.5;0.0
yf_MKC_d5;400;ASH_COATED_OSMIUM;10082;16;10078;22;;;10088;18;10092;25;;;10085.0;0.0
yf_MKC_d5;400;INTARIAN_PEPPER_ROOT;10865;12;10863;33;;;10871;16;10875;26;;;10868.0;0.0
yf_MKC_d5;500;ASH_COATED_OSMIUM;10082;17;10080;13;;;10088;23;10092;24;;;10085.0;0.0
yf_MKC_d5;500;INTARIAN_PEPPER_ROOT;10860;13;10857;20;;;10880;7;10883;9;;;10870.0;0.0
yf_MKC_d5;600;ASH_COATED_OSMIUM;10076;15;10074;25;;;10093;27;10096;22;;;10084.5;0.0
yf_MKC_d5;600;INTARIAN_PEPPER_ROOT;10868;9;10866;19;;;10874;19;10878;22;;;10871.0;0.0
yf_MKC_d5;700;ASH_COATED_OSMIUM;10069;19;10067;17;;;10100;14;10103;11;;;10084.5;0.0
yf_MKC_d5;700;INTARIAN_PEPPER_ROOT;10869;15;10867;15;;;10875;22;10878;22;;;10872.0;0.0
yf_MKC_d5;800;ASH_COATED_OSMIUM;10081;10;10077;22;;;10088;13;10091;18;;;10084.5;0.0
yf_MKC_d5;800;INTARIAN_PEPPER_ROOT;10871;18;10869;18;;;10877;20;10881;24;;;10874.0;0.0
yf_MKC_d5;900;ASH_COATED_OSMIUM;10082;12;10079;22;;;10088;13;10091;19;;;10085.0;0.0
yf_MKC_d5;900;INTARIAN_PEPPER_ROOT;10872;18;10868;15;;;10878;19;10882;24;;;10875.0;0.0
yf_MKC_d5;1000;ASH_COATED_OSMIUM;10067;13;10063;16;;;10102;17;10104;22;;;10084.5;0.0
yf_MKC_d5;1000;INTARIAN_PEPPER_ROOT;10873;9;10870;23;;;10879;14;10882;20;;;10876.0;0.0
yf_MKC_d5;1100;ASH_COATED_OSMIUM;10083;23;10079;21;;;10089;22;10092;22;;;10086.0;0.0
yf_MKC_d5;1100;INTARIAN_PEPPER_ROOT;10869;15;10867;24;;;10886;16;10890;20;;;10877.5;0.0
yf_MKC_d5;1200;ASH_COATED_OSMIUM;10082;17;10079;15;;;10088;12;10090;18;;;10085.0;0.0
yf_MKC_d5;1200;INTARIAN_PEPPER_ROOT;10875;25;10873;15;;;10881;20;10883;29;;;10878.0;0.0
yf_MKC_d5;1300;ASH_COATED_OSMIUM;10082;17;10079;14;;;10088;17;10090;23;;;10085.0;0.0
yf_MKC_d5;1300;INTARIAN_PEPPER_ROOT;10876;7;10872;16;;;10882;18;10886;17;;;10879.0;0.0
yf_MKC_d5;1400;ASH_COATED_OSMIUM;10076;23;10072;17;;;10094;19;10098;19;;;10085.0;0.0
yf_MKC_d5;1400;INTARIAN_PEPPER_ROOT;10877;15;10873;24;;;10884;18;10887;22;;;10880.5;0.0
yf_MKC_d5;1500;ASH_COATED_OSMIUM;10083;19;10080;28;;;10089;5;10092;24;;;10086.0;0.0
yf_MKC_d5;1500;INTARIAN_PEPPER_ROOT;10877;17;10874;11;;;10885;12;10887;18;;;10881.0;0.0
yf_MKC_d5;1600;ASH_COATED_OSMIUM;10069;16;10067;19;;;10101;14;10103;25;;;10085.0;0.0
yf_MKC_d5;1600;INTARIAN_PEPPER_ROOT;10880;13;10877;18;;;10886;20;10889;21;;;10883.0;0.0
yf_MKC_d5;1700;ASH_COATED_OSMIUM;10077;15;10073;19;;;10094;27;10096;23;;;10085.5;0.0
yf_MKC_d5;1700;INTARIAN_PEPPER_ROOT;10881;19;10878;24;;;10887;20;10890;17;;;10884.0;0.0
yf_MKC_d5;1800;ASH_COATED_OSMIUM;10083;19;10080;25;;;10089;23;10093;25;;;10086.0;0.0
yf_MKC_d5;1800;INTARIAN_PEPPER_ROOT;10876;20;10872;15;;;10895;18;10899;26;;;10885.5;0.0
yf_MKC_d5;1900;ASH_COATED_OSMIUM;10083;23;10079;21;;;10089;16;10093;16;;;10086.0;0.0
yf_MKC_d5;1900;INTARIAN_PEPPER_ROOT;10883;23;10881;11;;;10889;13;10892;20;;;10886.0;0.0
yf_MKC_d5;2000;ASH_COATED_OSMIUM;10083;13;10079;20;;;10089;18;10091;16;;;10086.0;0.0
yf_MKC_d5;2000;INTARIAN_PEPPER_ROOT;10884;13;10881;21;;;10890;12;10893;24;;;10887.0;0.0
yf_MKC_d5;2100;ASH_COATED_OSMIUM;10081;16;10077;24;;;10092;16;10096;22;;;10086.5;0.0
yf_MKC_d5;2100;INTARIAN_PEPPER_ROOT;10886;13;10883;18;;;10892;21;10895;13;;;10889.0;0.0
yf_MKC_d5;2200;ASH_COATED_OSMIUM;10073;14;10070;12;;;10099;21;10101;11;;;10086.0;0.0
yf_MKC_d5;2200;INTARIAN_PEPPER_ROOT;10886;7;10883;24;;;10893;19;10897;15;;;10889.5;0.0
yf_MKC_d5;2300;ASH_COATED_OSMIUM;10083;16;10079;16;;;10089;16;10092;26;;;10086.0;0.0
yf_MKC_d5;2300;INTARIAN_PEPPER_ROOT;10887;26;10884;22;;;10895;5;10898;20;;;10891.0;0.0
yf_MKC_d5;2400;ASH_COATED_OSMIUM;10082;18;10080;25;;;10092;9;10096;23;;;10087.0;0.0
yf_MKC_d5;2400;INTARIAN_PEPPER_ROOT;10889;7;10885;12;;;10895;13;10897;12;;;10892.0;0.0
yf_MKC_d5;2500;ASH_COATED_OSMIUM;10082;23;10079;20;;;10090;23;10094;25;;;10086.0;0.0
yf_MKC_d5;2500;INTARIAN_PEPPER_ROOT;10882;13;10880;19;;;10905;14;10908;20;;;10893.5;0.0
yf_MKC_d5;2600;ASH_COATED_OSMIUM;10080;11;10077;21;;;10092;15;10094;11;;;10086.0;0.0
yf_MKC_d5;2600;INTARIAN_PEPPER_ROOT;10892;17;10889;18;;;10898;15;10900;21;;;10895.0;0.0
yf_MKC_d5;2700;ASH_COATED_OSMIUM;10082;13;10079;26;;;10091;12;10095;22;;;10086.5;0.0
yf_MKC_d5;2700;INTARIAN_PEPPER_ROOT;10893;19;10891;17;;;10899;16;10903;17;;;10896.0;0.0
yf_MKC_d5;2800;ASH_COATED_OSMIUM;10082;14;10079;20;;;10091;8;10093;21;;;10086.5;0.0
yf_MKC_d5;2800;INTARIAN_PEPPER_ROOT;10894;20;10891;20;;;10900;23;10903;22;;;10897.0;0.0
yf_MKC_d5;2900;ASH_COATED_OSMIUM;10083;18;10081;26;;;10089;9;10093;22;;;10086.0;0.0
yf_MKC_d5;2900;INTARIAN_PEPPER_ROOT;10894;21;10890;20;;;10902;5;10906;23;;;10898.0;0.0
yf_MKC_d5;3000;ASH_COATED_OSMIUM;10082;14;10078;27;;;10092;17;10094;21;;;10087.0;0.0
yf_MKC_d5;3000;INTARIAN_PEPPER_ROOT;10896;14;10894;18;;;10902;14;10906;17;;;10899.0;0.0
yf_MKC_d5;3100;ASH_COATED_OSMIUM;10084;18;10080;25;;;10090;11;10094;23;;;10087.0;0.0
yf_MKC_d5;3100;INTARIAN_PEPPER_ROOT;10898;12;10895;24;;;10904;16;10908;16;;;10901.0;0.0
yf_MKC_d5;3200;ASH_COATED_OSMIUM;10068;11;10064;18;;;10106;11;10110;24;;;10087.0;0.0
yf_MKC_d5;3200;INTARIAN_PEPPER_ROOT;10894;19;10891;11;;;10908;13;10912;13;;;10901.0;0.0
yf_MKC_d5;3300;ASH_COATED_OSMIUM;10084;15;10082;21;;;10090;27;10092;20;;;10087.0;0.0
yf_MKC_d5;3300;INTARIAN_PEPPER_ROOT;10900;20;10896;24;;;10906;12;10910;17;;;10903.0;0.0
yf_MKC_d5;3400;ASH_COATED_OSMIUM;10085;15;10081;23;;;10091;14;10093;16;;;10088.0;0.0
yf_MKC_d5;3400;INTARIAN_PEPPER_ROOT;10901;15;10898;24;;;10907;18;10909;15;;;10904.0;0.0
yf_MKC_d5;3500;ASH_COATED_OSMIUM;10084;5;10081;18;;;10090;20;10094;15;;;10087.0;0.0
yf_MKC_d5;3500;INTARIAN_PEPPER_ROOT;10900;18;10896;23;;;10911;16;10913;25;;;10905.5;0.0
yf_MKC_d5;3600;ASH_COATED_OSMIUM;10078;20;10074;18;;;10097;10;10100;15;;;10087.5;0.0
yf_MKC_d5;3600;INTARIAN_PEPPER_ROOT;10904;18;10902;18;;;10910;19;10912;21;;;10907.0;0.0
yf_MKC_d5;3700;ASH_COATED_OSMIUM;10082;12;10079;18;;;10095;9;10097;18;;;10088.5;0.0
yf_MKC_d5;3700;INTARIAN_PEPPER_ROOT;10896;10;10892;14;;;10919;10;10922;17;;;10907.5;0.0
yf_MKC_d5;3800;ASH_COATED_OSMIUM;10085;16;10083;14;;;10091;17;10094;23;;;10088.0;0.0
yf_MKC_d5;3800;INTARIAN_PEPPER_ROOT;10906;13;10903;23;;;10912;12;10914;15;;;10909.0;0.0
yf_MKC_d5;3900;ASH_COATED_OSMIUM;10085;20;10083;23;;;10091;17;10094;18;;;10088.0;0.0
yf_MKC_d5;3900;INTARIAN_PEPPER_ROOT;10907;5;10904;27;;;10913;15;10917;22;;;10910.0;0.0
yf_MKC_d5;4000;ASH_COATED_OSMIUM;10085;8;10083;12;;;10091;16;10094;15;;;10088.0;0.0
yf_MKC_d5;4000;INTARIAN_PEPPER_ROOT;10907;10;10904;11;;;10916;17;10918;15;;;10911.5;0.0
yf_MKC_d5;4100;ASH_COATED_OSMIUM;10082;14;10080;21;;;10092;17;10094;24;;;10087.0;0.0
yf_MKC_d5;4100;INTARIAN_PEPPER_ROOT;10908;14;10905;18;;;10917;14;10921;20;;;10912.5;0.0
yf_MKC_d5;4200;ASH_COATED_OSMIUM;10085;9;10082;23;;;10091;14;10093;16;;;10088.0;0.0
yf_MKC_d5;4200;INTARIAN_PEPPER_ROOT;10908;12;10906;17;;;10919;20;10923;16;;;10913.5;0.0
yf_MKC_d5;4300;ASH_COATED_OSMIUM;10085;17;10081;20;;;10091;19;10094;13;;;10088.0;0.0
yf_MKC_d5;4300;INTARIAN_PEPPER_ROOT;10912;16;10908;23;;;10918;12;10920;22;;;10915.0;0.0
yf_MKC_d5;4400;ASH_COATED_OSMIUM;10085;18;10081;29;;;10092;12;10095;12;;;10088.5;0.0
yf_MKC_d5;4400;INTARIAN_PEPPER_ROOT;10913;9;10909;24;;;10919;10;10922;20;;;10916.0;0.0
yf_MKC_d5;4500;ASH_COATED_OSMIUM;10086;11;10082;21;;;10092;23;10094;28;;;10089.0;0.0
yf_MKC_d5;4500;INTARIAN_PEPPER_ROOT;10914;18;10910;25;;;10920;13;10924;21;;;10917.0;0.0
yf_MKC_d5;4600;ASH_COATED_OSMIUM;10085;7;10083;28;;;10091;10;10093;29;;;10088.0;0.0
yf_MKC_d5;4600;INTARIAN_PEPPER_ROOT;10916;6;10913;19;;;10922;14;10925;8;;;10919.0;0.0
yf_MKC_d5;4700;ASH_COATED_OSMIUM;10086;6;10083;19;;;10092;15;10095;35;;;10089.0;0.0
yf_MKC_d5;4700;INTARIAN_PEPPER_ROOT;10906;5;10904;21;;;10932;21;10936;10;;;10919.0;0.0
yf_MKC_d5;4800;ASH_COATED_OSMIUM;10086;11;10083;18;;;10092;19;10095;17;;;10089.0;0.0
yf_MKC_d5;4800;INTARIAN_PEPPER_ROOT;10903;18;10899;15;;;10938;13;10942;27;;;10920.5;0.0
yf_MKC_d5;4900;ASH_COATED_OSMIUM;10085;12;10082;22;;;10092;24;10096;12;;;10088.5;0.0
yf_MKC_d5;4900;INTARIAN_PEPPER_ROOT;10919;10;10915;23;;;10925;16;10927;20;;;10922.0;0.0
yf_MKC_d5;5000;ASH_COATED_OSMIUM;10084;15;10082;20;;;10093;8;10096;27;;;10088.5;0.0
yf_MKC_d5;5000;INTARIAN_PEPPER_ROOT;10918;14;10916;18;;;10929;17;10932;25;;;10923.5;0.0
yf_MKC_d5;5100;ASH_COATED_OSMIUM;10082;11;10078;21;;;10095;12;10097;21;;;10088.5;0.0
yf_MKC_d5;5100;INTARIAN_PEPPER_ROOT;10919;19;10917;18;;;10930;9;10934;14;;;10924.5;0.0
yf_MKC_d5;5200;ASH_COATED_OSMIUM;10084;6;10082;11;;;10094;17;10098;22;;;10089.0;0.0
yf_MKC_d5;5200;INTARIAN_PEPPER_ROOT;10922;13;10920;16;;;10928;10;10930;24;;;10925.0;0.0
yf_MKC_d5;5300;ASH_COATED_OSMIUM;10086;12;10084;22;;;10092;12;10094;10;;;10089.0;0.0
yf_MKC_d5;5300;INTARIAN_PEPPER_ROOT;10920;16;10917;19;;;10932;19;10936;9;;;10926.0;0.0
yf_MKC_d5;5400;ASH_COATED_OSMIUM;10077;15;10074;18;;;10101;12;10105;14;;;10089.0;0.0
yf_MKC_d5;5400;INTARIAN_PEPPER_ROOT;10925;17;10922;13;;;10931;11;10933;23;;;10928.0;0.0
yf_MKC_d5;5500;ASH_COATED_OSMIUM;10085;9;10081;33;;;10093;9;10097;22;;;10089.0;0.0
yf_MKC_d5;5500;INTARIAN_PEPPER_ROOT;10926;11;10922;18;;;10932;20;10934;27;;;10929.0;0.0
yf_MKC_d5;5600;ASH_COATED_OSMIUM;10086;15;10082;30;;;10092;9;10095;22;;;10089.0;0.0
yf_MKC_d5;5600;INTARIAN_PEPPER_ROOT;10927;15;10924;21;;;10933;11;10937;16;;;10930.0;0.0
yf_MKC_d5;5700;ASH_COATED_OSMIUM;10086;16;10082;11;;;10093;10;10095;21;;;10089.5;0.0
yf_MKC_d5;5700;INTARIAN_PEPPER_ROOT;10927;14;10925;27;;;10935;9;10938;26;;;10931.0;0.0
yf_MKC_d5;5800;ASH_COATED_OSMIUM;10084;7;10081;19;;;10095;21;10098;15;;;10089.5;0.0
yf_MKC_d5;5800;INTARIAN_PEPPER_ROOT;10928;16;10924;13;;;10936;18;10939;22;;;10932.0;0.0
yf_MKC_d5;5900;ASH_COATED_OSMIUM;10086;14;10083;19;;;10092;8;10094;11;;;10089.0;0.0
yf_MKC_d5;5900;INTARIAN_PEPPER_ROOT;10926;14;10924;23;;;10943;6;10947;19;;;10934.5;0.0
yf_MKC_d5;6000;ASH_COATED_OSMIUM;10087;14;10085;20;;;10093;11;10095;20;;;10090.0;0.0
yf_MKC_d5;6000;INTARIAN_PEPPER_ROOT;10932;20;10928;21;;;10938;14;10942;21;;;10935.0;0.0
yf_MKC_d5;6100;ASH_COATED_OSMIUM;10086;8;10082;10;;;10092;12;10094;20;;;10089.0;0.0
yf_MKC_d5;6100;INTARIAN_PEPPER_ROOT;10928;23;10925;19;;;10944;11;10947;12;;;10936.0;0.0
yf_MKC_d5;6200;ASH_COATED_OSMIUM;10087;9;10083;24;;;10093;11;10095;21;;;10090.0;0.0
yf_MKC_d5;6200;INTARIAN_PEPPER_ROOT;10929;17;10927;14;;;10946;15;10950;16;;;10937.5;0.0
yf_MKC_d5;6300;ASH_COATED_OSMIUM;10087;11;10085;19;;;10093;14;10096;25;;;10090.0;0.0
yf_MKC_d5;6300;INTARIAN_PEPPER_ROOT;10933;6;10930;20;;;10943;17;10947;26;;;10938.0;0.0
yf_MKC_d5;6400;ASH_COATED_OSMIUM;10087;9;10083;24;;;10094;30;10097;20;;;10090.5;0.0
yf_MKC_d5;6400;INTARIAN_PEPPER_ROOT;10933;10;10929;22;;;10948;8;10950;15;;;10940.5;0.0
yf_MKC_d5;6500;ASH_COATED_OSMIUM;10085;14;10083;19;;;10095;16;10099;22;;;10090.0;0.0
yf_MKC_d5;6500;INTARIAN_PEPPER_ROOT;10937;23;10934;22;;;10945;26;10947;15;;;10941.0;0.0
yf_MKC_d5;6600;ASH_COATED_OSMIUM;10087;13;10084;22;;;10093;23;10096;26;;;10090.0;0.0
yf_MKC_d5;6600;INTARIAN_PEPPER_ROOT;10939;18;10937;10;;;10945;22;10949;17;;;10942.0;0.0
yf_MKC_d5;6700;ASH_COATED_OSMIUM;10087;12;10083;19;;;10093;11;10097;19;;;10090.0;0.0
yf_MKC_d5;6700;INTARIAN_PEPPER_ROOT;10940;12;10937;34;;;10946;12;10948;27;;;10943.0;0.0
yf_MKC_d5;6800;ASH_COATED_OSMIUM;10072;11;10070;15;;;10109;15;10113;30;;;10090.5;0.0
yf_MKC_d5;6800;INTARIAN_PEPPER_ROOT;10942;12;10938;22;;;10948;8;10951;21;;;10945.0;0.0
yf_MKC_d5;6900;ASH_COATED_OSMIUM;10087;5;10085;27;;;10094;18;10096;16;;;10090.5;0.0
yf_MKC_d5;6900;INTARIAN_PEPPER_ROOT;10936;15;10934;25;;;10956;12;10958;24;;;10946.0;0.0
yf_MKC_d5;7000;ASH_COATED_OSMIUM;10088;16;10086;23;;;10094;11;10097;8;;;10091.0;0.0
yf_MKC_d5;7000;INTARIAN_PEPPER_ROOT;10944;23;10941;18;;;10950;14;10952;23;;;10947.0;0.0
yf_MKC_d5;7100;ASH_COATED_OSMIUM;10087;20;10083;15;;;10094;9;10096;23;;;10090.5;0.0
yf_MKC_d5;7100;INTARIAN_PEPPER_ROOT;10925;11;10922;26;;;10971;23;10973;11;;;10948.0;0.0
yf_MKC_d5;7200;ASH_COATED_OSMIUM;10087;5;10083;23;;;10095;16;10098;16;;;10091.0;0.0
yf_MKC_d5;7200;INTARIAN_PEPPER_ROOT;10946;16;10944;26;;;10952;8;10954;9;;;10949.0;0.0
yf_MKC_d5;7300;ASH_COATED_OSMIUM;10079;9;10076;9;;;10101;5;10105;22;;;10090.0;0.0
yf_MKC_d5;7300;INTARIAN_PEPPER_ROOT;10947;8;10945;20;;;10953;10;10955;28;;;10950.0;0.0
yf_MKC_d5;7400;ASH_COATED_OSMIUM;10083;17;10079;29;;;10100;21;10103;17;;;10091.5;0.0
yf_MKC_d5;7400;INTARIAN_PEPPER_ROOT;10948;17;10945;16;;;10954;12;10957;13;;;10951.0;0.0
yf_MKC_d5;7500;ASH_COATED_OSMIUM;10086;14;10084;28;;;10096;12;10098;20;;;10091.0;0.0
yf_MKC_d5;7500;INTARIAN_PEPPER_ROOT;10946;11;10942;21;;;10959;19;10963;18;;;10952.5;0.0
yf_MKC_d5;7600;ASH_COATED_OSMIUM;10085;21;10082;23;;;10096;13;10098;26;;;10090.5;0.0
yf_MKC_d5;7600;INTARIAN_PEPPER_ROOT;10950;13;10947;13;;;10959;22;10961;12;;;10954.5;0.0
yf_MKC_d5;7700;ASH_COATED_OSMIUM;10086;13;10083;15;;;10096;15;10098;20;;;10091.0;0.0
yf_MKC_d5;7700;INTARIAN_PEPPER_ROOT;10952;5;10950;21;;;10958;12;10960;20;;;10955.0;0.0
yf_MKC_d5;7800;ASH_COATED_OSMIUM;10088;21;10084;27;;;10094;17;10096;29;;;10091.0;0.0
yf_MKC_d5;7800;INTARIAN_PEPPER_ROOT;10954;13;10950;23;;;10960;12;10964;12;;;10957.0;0.0
yf_MKC_d5;7900;ASH_COATED_OSMIUM;10088;12;10086;14;;;10094;10;10096;14;;;10091.0;0.0
yf_MKC_d5;7900;INTARIAN_PEPPER_ROOT;10955;12;10952;18;;;10961;20;10965;27;;;10958.0;0.0
yf_MKC_d5;8000;ASH_COATED_OSMIUM;10089;24;10085;23;;;10095;18;10097;19;;;10092.0;0.0
yf_MKC_d5;8000;INTARIAN_PEPPER_ROOT;10956;17;10954;23;;;10962;12;10964;21;;;10959.0;0.0
yf_MKC_d5;8100;ASH_COATED_OSMIUM;10084;15;10081;29;;;10100;20;10103;11;;;10092.0;0.0
yf_MKC_d5;8100;INTARIAN_PEPPER_ROOT;10949;9;10945;20;;;10970;17;10972;20;;;10959.5;0.0
yf_MKC_d5;8200;ASH_COATED_OSMIUM;10086;18;10082;14;;;10099;18;10101;10;;;10092.5;0.0
yf_MKC_d5;8200;INTARIAN_PEPPER_ROOT;10958;15;10956;17;;;10964;11;10967;23;;;10961.0;0.0
yf_MKC_d5;8300;ASH_COATED_OSMIUM;10085;15;10082;31;;;10098;13;10100;21;;;10091.5;0.0
yf_MKC_d5;8300;INTARIAN_PEPPER_ROOT;10959;13;10955;17;;;10965;11;10968;18;;;10962.0;0.0
yf_MKC_d5;8400;ASH_COATED_OSMIUM;10088;23;10085;11;;;10095;18;10099;16;;;10091.5;0.0
yf_MKC_d5;8400;INTARIAN_PEPPER_ROOT;10960;20;10957;30;;;10968;19;10971;12;;;10964.0;0.0
yf_MKC_d5;8500;ASH_COATED_OSMIUM;10088;16;10086;19;;;10095;5;10099;23;;;10091.5;0.0
yf_MKC_d5;8500;INTARIAN_PEPPER_ROOT;10961;15;10959;23;;;10967;12;10969;24;;;10964.0;0.0
yf_MKC_d5;8600;ASH_COATED_OSMIUM;10089;8;10086;19;;;10096;10;10099;17;;;10092.5;0.0
yf_MKC_d5;8600;INTARIAN_PEPPER_ROOT;10963;12;10961;18;;;10969;8;10971;22;;;10966.0;0.0
yf_MKC_d5;8700;ASH_COATED_OSMIUM;10076;17;10073;10;;;10108;19;10110;18;;;10092.0;0.0
yf_MKC_d5;8700;INTARIAN_PEPPER_ROOT;10960;20;10958;19;;;10975;5;10979;18;;;10967.5;0.0
yf_MKC_d5;8800;ASH_COATED_OSMIUM;10089;11;10085;30;;;10095;19;10097;16;;;10092.0;0.0
yf_MKC_d5;8800;INTARIAN_PEPPER_ROOT;10965;21;10962;17;;;10971;23;10975;19;;;10968.0;0.0
yf_MKC_d5;8900;ASH_COATED_OSMIUM;10088;21;10085;15;;;10097;5;10101;24;;;10092.5;0.0
yf_MKC_d5;8900;INTARIAN_PEPPER_ROOT;10966;16;10964;28;;;10972;16;10976;25;;;10969.0;0.0
yf_MKC_d5;9000;ASH_COATED_OSMIUM;10089;18;10086;31;;;10095;10;10098;20;;;10092.0;0.0
yf_MKC_d5;9000;INTARIAN_PEPPER_ROOT;10968;16;10964;15;;;10974;11;10978;17;;;10971.0;0.0
yf_MKC_d5;9100;ASH_COATED_OSMIUM;10090;15;10086;16;;;10096;7;10099;23;;;10093.0;0.0
yf_MKC_d5;9100;INTARIAN_PEPPER_ROOT;10969;23;10967;14;;;10975;8;10977;21;;;10972.0;0.0
yf_MKC_d5;9200;ASH_COATED_OSMIUM;10090;14;10087;22;;;10096;29;10099;18;;;10093.0;0.0
yf_MKC_d5;9200;INTARIAN_PEPPER_ROOT;10968;11;10964;18;;;10977;12;10979;23;;;10972.5;0.0
yf_MKC_d5;9300;ASH_COATED_OSMIUM;10089;18;10087;35;;;10097;19;10099;8;;;10093.0;0.0
yf_MKC_d5;9300;INTARIAN_PEPPER_ROOT;10969;15;10967;18;;;10981;12;10985;19;;;10975.0;0.0
yf_MKC_d5;9400;ASH_COATED_OSMIUM;10082;10;10080;20;;;10103;18;10105;29;;;10092.5;0.0
yf_MKC_d5;9400;INTARIAN_PEPPER_ROOT;10972;12;10969;12;;;10978;13;10980;21;;;10975.0;0.0
yf_MKC_d5;9500;ASH_COATED_OSMIUM;10089;9;10085;21;;;10095;10;10098;14;;;10092.0;0.0
yf_MKC_d5;9500;INTARIAN_PEPPER_ROOT;10973;21;10969;18;;;10979;16;10983;18;;;10976.0;0.0
yf_MKC_d5;9600;ASH_COATED_OSMIUM;10081;8;10077;25;;;10105;15;10107;10;;;10093.0;0.0
yf_MKC_d5;9600;INTARIAN_PEPPER_ROOT;10974;22;10971;24;;;10982;15;10986;27;;;10978.0;0.0
yf_MKC_d5;9700;ASH_COATED_OSMIUM;10090;17;10087;19;;;10096;16;10100;21;;;10093.0;0.0
yf_MKC_d5;9700;INTARIAN_PEPPER_ROOT;10974;17;10970;14;;;10985;11;10988;20;;;10979.5;0.0
yf_MKC_d5;9800;ASH_COATED_OSMIUM;10084;16;10082;8;;;10102;17;10105;20;;;10093.0;0.0
yf_MKC_d5;9800;INTARIAN_PEPPER_ROOT;10977;14;10973;19;;;10983;5;10986;11;;;10980.0;0.0
yf_MKC_d5;9900;ASH_COATED_OSMIUM;10090;15;10087;24;;;10096;17;10100;24;;;10093.0;0.0
yf_MKC_d5;9900;INTARIAN_PEPPER_ROOT;10978;12;10976;19;;;10984;5;10987;18;;;10981.0;0.0
yf_MKC_d5;10000;ASH_COATED_OSMIUM;10090;25;10087;17;;;10096;6;10098;27;;;10093.0;0.0
yf_MKC_d5;10000;INTARIAN_PEPPER_ROOT;10980;7;10976;22;;;10986;17;10988;20;;;10983.0;0.0
yf_MKC_d5;10100;ASH_COATED_OSMIUM;10090;12;10086;8;;;10096;16;10099;15;;;10093.0;0.0
yf_MKC_d5;10100;INTARIAN_PEPPER_ROOT;10981;5;10979;10;;;10987;16;10989;26;;;10984.0;0.0
yf_MKC_d5;10200;ASH_COATED_OSMIUM;10090;21;10087;27;;;10096;18;10098;24;;;10093.0;0.0
yf_MKC_d5;10200;INTARIAN_PEPPER_ROOT;10982;15;10979;11;;;10988;14;10990;27;;;10985.0;0.0
yf_MKC_d5;10300;ASH_COATED_OSMIUM;10091;11;10088;20;;;10097;17;10100;18;;;10094.0;0.0
yf_MKC_d5;10300;INTARIAN_PEPPER_ROOT;10983;10;10980;21;;;10989;6;10992;20;;;10986.0;0.0
yf_MKC_d5;10400;ASH_COATED_OSMIUM;10091;20;10089;20;;;10097;15;10100;22;;;10094.0;0.0
yf_MKC_d5;10400;INTARIAN_PEPPER_ROOT;10982;15;10979;12;;;10993;9;10995;33;;;10987.5;0.0
yf_MKC_d5;10500;ASH_COATED_OSMIUM;10091;16;10087;22;;;10097;17;10100;32;;;10094.0;0.0
yf_MKC_d5;10500;INTARIAN_PEPPER_ROOT;10985;8;10981;13;;;10991;13;10994;27;;;10988.0;0.0
yf_MKC_d5;10600;ASH_COATED_OSMIUM;10091;17;10089;20;;;10097;16;10100;22;;;10094.0;0.0
yf_MKC_d5;10600;INTARIAN_PEPPER_ROOT;10983;17;10980;21;;;10997;7;11001;31;;;10990.0;0.0
yf_MKC_d5;10700;ASH_COATED_OSMIUM;10085;16;10082;25;;;10104;16;10107;21;;;10094.5;0.0
yf_MKC_d5;10700;INTARIAN_PEPPER_ROOT;10984;22;10980;13;;;10996;16;10998;18;;;10990.0;0.0
yf_MKC_d5;10800;ASH_COATED_OSMIUM;10090;10;10087;19;;;10096;8;10098;25;;;10093.0;0.0
yf_MKC_d5;10800;INTARIAN_PEPPER_ROOT;10989;14;10987;19;;;10995;12;10999;20;;;10992.0;0.0
yf_MKC_d5;10900;ASH_COATED_OSMIUM;10090;15;10088;27;;;10097;15;10101;22;;;10093.5;0.0
yf_MKC_d5;10900;INTARIAN_PEPPER_ROOT;10981;23;10978;14;;;11006;15;11009;8;;;10993.5;0.0
yf_MKC_d5;11000;ASH_COATED_OSMIUM;10085;12;10081;10;;;10103;19;10105;21;;;10094.0;0.0
yf_MKC_d5;11000;INTARIAN_PEPPER_ROOT;10984;14;10981;13;;;11006;10;11008;22;;;10995.0;0.0
yf_MKC_d5;11100;ASH_COATED_OSMIUM;10085;17;10081;20;;;10104;19;10108;15;;;10094.5;0.0
yf_MKC_d5;11100;INTARIAN_PEPPER_ROOT;10993;17;10990;20;;;10999;14;11001;14;;;10996.0;0.0
yf_MKC_d5;11200;ASH_COATED_OSMIUM;10091;12;10089;23;;;10097;14;10099;15;;;10094.0;0.0
yf_MKC_d5;11200;INTARIAN_PEPPER_ROOT;10988;15;10985;20;;;11005;20;11009;22;;;10996.5;0.0
yf_MKC_d5;11300;ASH_COATED_OSMIUM;10091;17;10089;19;;;10097;23;10100;18;;;10094.0;0.0
yf_MKC_d5;11300;INTARIAN_PEPPER_ROOT;10990;20;10988;22;;;11006;23;11010;17;;;10998.0;0.0
yf_MKC_d5;11400;ASH_COATED_OSMIUM;10089;20;10085;23;;;10099;14;10102;10;;;10094.0;0.0
yf_MKC_d5;11400;INTARIAN_PEPPER_ROOT;10993;17;10989;23;;;11003;20;11006;26;;;10998.0;0.0
yf_MKC_d5;11500;ASH_COATED_OSMIUM;10092;12;10089;22;;;10098;14;10102;15;;;10095.0;0.0
yf_MKC_d5;11500;INTARIAN_PEPPER_ROOT;10997;18;10994;22;;;11003;20;11006;15;;;11000.0;0.0
yf_MKC_d5;11600;ASH_COATED_OSMIUM;10092;20;10090;19;;;10098;8;10101;21;;;10095.0;0.0
yf_MKC_d5;11600;INTARIAN_PEPPER_ROOT;10998;11;10994;26;;;11004;14;11006;27;;;11001.0;0.0
yf_MKC_d5;11700;ASH_COATED_OSMIUM;10092;13;10090;20;;;10098;21;10102;14;;;10095.0;0.0
yf_MKC_d5;11700;INTARIAN_PEPPER_ROOT;11000;11;10997;19;;;11006;20;11008;25;;;11003.0;0.0
yf_MKC_d5;11800;ASH_COATED_OSMIUM;10092;7;10090;31;;;10098;13;10102;19;;;10095.0;0.0
yf_MKC_d5;11800;INTARIAN_PEPPER_ROOT;11001;12;10999;24;;;11007;9;11009;18;;;11004.0;0.0
yf_MKC_d5;11900;ASH_COATED_OSMIUM;10090;15;10088;24;;;10101;6;10104;21;;;10095.5;0.0
yf_MKC_d5;11900;INTARIAN_PEPPER_ROOT;10999;15;10997;21;;;11012;11;11015;22;;;11005.5;0.0
yf_MKC_d5;12000;ASH_COATED_OSMIUM;10086;24;10082;16;;;10103;13;10106;25;;;10094.5;0.0
yf_MKC_d5;12000;INTARIAN_PEPPER_ROOT;11004;11;11002;28;;;11010;15;11014;22;;;11007.0;0.0
yf_MKC_d5;12100;ASH_COATED_OSMIUM;10092;18;10088;25;;;10100;18;10102;21;;;10096.0;0.0
yf_MKC_d5;12100;INTARIAN_PEPPER_ROOT;11004;17;11000;16;;;11011;14;11015;13;;;11007.5;0.0
yf_MKC_d5;12200;ASH_COATED_OSMIUM;10088;9;10085;28;;;10104;10;10108;14;;;10096.0;0.0
yf_MKC_d5;12200;INTARIAN_PEPPER_ROOT;10995;12;10993;23;;;11023;14;11027;8;;;11009.0;0.0
yf_MKC_d5;12300;ASH_COATED_OSMIUM;10092;17;10090;19;;;10098;19;10100;14;;;10095.0;0.0
yf_MKC_d5;12300;INTARIAN_PEPPER_ROOT;11006;11;11004;19;;;11013;14;11015;14;;;11009.5;0.0
yf_MKC_d5;12400;ASH_COATED_OSMIUM;10092;14;10090;21;;;10098;7;10100;10;;;10095.0;0.0
yf_MKC_d5;12400;INTARIAN_PEPPER_ROOT;11008;14;11005;23;;;11014;12;11016;22;;;11011.0;0.0
yf_MKC_d5;12500;ASH_COATED_OSMIUM;10092;15;10088;19;;;10099;16;10101;19;;;10095.5;0.0
yf_MKC_d5;12500;INTARIAN_PEPPER_ROOT;11009;15;11007;22;;;11015;10;11019;18;;;11012.0;0.0
yf_MKC_d5;12600;ASH_COATED_OSMIUM;10093;9;10090;16;;;10099;14;10103;17;;;10096.0;0.0
yf_MKC_d5;12600;INTARIAN_PEPPER_ROOT;11010;20;11006;16;;;11017;8;11021;26;;;11013.5;0.0
yf_MKC_d5;12700;ASH_COATED_OSMIUM;10093;19;10089;21;;;10099;8;10102;20;;;10096.0;0.0
yf_MKC_d5;12700;INTARIAN_PEPPER_ROOT;11011;27;11009;22;;;11017;12;11020;22;;;11014.0;0.0
yf_MKC_d5;12800;ASH_COATED_OSMIUM;10092;12;10089;12;;;10098;17;10100;11;;;10095.0;0.0
yf_MKC_d5;12800;INTARIAN_PEPPER_ROOT;11010;14;11007;18;;;11021;14;11025;16;;;11015.5;0.0
yf_MKC_d5;12900;ASH_COATED_OSMIUM;10093;16;10090;25;;;10099;15;10101;11;;;10096.0;0.0
yf_MKC_d5;12900;INTARIAN_PEPPER_ROOT;11012;15;11009;20;;;11023;11;11027;14;;;11017.5;0.0
yf_MKC_d5;13000;ASH_COATED_OSMIUM;10093;13;10089;18;;;10099;9;10103;14;;;10096.0;0.0
yf_MKC_d5;13000;INTARIAN_PEPPER_ROOT;11014;17;11012;18;;;11023;12;11026;19;;;11018.5;0.0
yf_MKC_d5;13100;ASH_COATED_OSMIUM;10092;18;10089;17;;;10100;26;10104;18;;;10096.0;0.0
yf_MKC_d5;13100;INTARIAN_PEPPER_ROOT;11011;5;11008;21;;;11028;22;11031;15;;;11019.5;0.0
yf_MKC_d5;13200;ASH_COATED_OSMIUM;10093;12;10089;29;;;10099;13;10101;8;;;10096.0;0.0
yf_MKC_d5;13200;INTARIAN_PEPPER_ROOT;11012;16;11009;26;;;11029;5;11031;19;;;11020.5;0.0
yf_MKC_d5;13300;ASH_COATED_OSMIUM;10088;11;10084;23;;;10105;16;10108;18;;;10096.5;0.0
yf_MKC_d5;13300;INTARIAN_PEPPER_ROOT;11017;11;11013;15;;;11026;12;11030;20;;;11021.5;0.0
yf_MKC_d5;13400;ASH_COATED_OSMIUM;10094;16;10092;27;;;10100;17;10104;19;;;10097.0;0.0
yf_MKC_d5;13400;INTARIAN_PEPPER_ROOT;11020;17;11017;16;;;11026;23;11028;20;;;11023.0;0.0
yf_MKC_d5;13500;ASH_COATED_OSMIUM;10089;13;10086;16;;;10103;18;10105;22;;;10096.0;0.0
yf_MKC_d5;13500;INTARIAN_PEPPER_ROOT;11021;21;11017;24;;;11027;8;11029;26;;;11024.0;0.0
yf_MKC_d5;13600;ASH_COATED_OSMIUM;10093;10;10091;17;;;10099;19;10103;21;;;10096.0;0.0
yf_MKC_d5;13600;INTARIAN_PEPPER_ROOT;11020;17;11016;20;;;11032;21;11034;9;;;11026.0;0.0
yf_MKC_d5;13700;ASH_COATED_OSMIUM;10093;22;10091;11;;;10101;18;10104;17;;;10097.0;0.0
yf_MKC_d5;13700;INTARIAN_PEPPER_ROOT;11022;10;11019;10;;;11030;13;11033;19;;;11026.0;0.0
yf_MKC_d5;13800;ASH_COATED_OSMIUM;10094;10;10092;25;;;10100;9;10102;20;;;10097.0;0.0
yf_MKC_d5;13800;INTARIAN_PEPPER_ROOT;11021;10;11019;22;;;11035;19;11038;13;;;11028.0;0.0
yf_MKC_d5;13900;ASH_COATED_OSMIUM;10089;20;10086;27;;;10104;13;10107;13;;;10096.5;0.0
yf_MKC_d5;13900;INTARIAN_PEPPER_ROOT;11023;17;11020;24;;;11034;20;11036;22;;;11028.5;0.0
yf_MKC_d5;14000;ASH_COATED_OSMIUM;10094;19;10091;23;;;10100;18;10103;14;;;10097.0;0.0
yf_MKC_d5;14000;INTARIAN_PEPPER_ROOT;11027;15;11024;18;;;11034;13;11038;23;;;11030.5;0.0
yf_MKC_d5;14100;ASH_COATED_OSMIUM;10083;8;10081;25;;;10110;18;10114;22;;;10096.5;0.0
yf_MKC_d5;14100;INTARIAN_PEPPER_ROOT;11026;8;11023;20;;;11037;14;11039;15;;;11031.5;0.0
yf_MKC_d5;14200;ASH_COATED_OSMIUM;10094;13;10092;31;;;10100;5;10103;28;;;10097.0;0.0
yf_MKC_d5;14200;INTARIAN_PEPPER_ROOT;11028;11;11025;20;;;11036;16;11040;17;;;11032.0;0.0
yf_MKC_d5;14300;ASH_COATED_OSMIUM;10090;8;10088;24;;;10105;27;10107;18;;;10097.5;0.0
yf_MKC_d5;14300;INTARIAN_PEPPER_ROOT;11026;13;11023;15;;;11041;19;11045;23;;;11033.5;0.0
yf_MKC_d5;14400;ASH_COATED_OSMIUM;10094;26;10090;19;;;10100;19;10103;9;;;10097.0;0.0
yf_MKC_d5;14400;INTARIAN_PEPPER_ROOT;11031;13;11028;34;;;11037;14;11039;23;;;11034.0;0.0
yf_MKC_d5;14500;ASH_COATED_OSMIUM;10092;17;10089;15;;;10102;11;10104;20;;;10097.0;0.0
yf_MKC_d5;14500;INTARIAN_PEPPER_ROOT;11032;16;11029;22;;;11039;15;11041;29;;;11035.5;0.0
yf_MKC_d5;14600;ASH_COATED_OSMIUM;10090;13;10086;22;;;10106;18;10108;18;;;10098.0;0.0
yf_MKC_d5;14600;INTARIAN_PEPPER_ROOT;11034;12;11031;25;;;11040;20;11044;15;;;11037.0;0.0
yf_MKC_d5;14700;ASH_COATED_OSMIUM;10095;8;10091;19;;;10101;18;10105;22;;;10098.0;0.0
yf_MKC_d5;14700;INTARIAN_PEPPER_ROOT;11035;11;11031;28;;;11041;13;11044;20;;;11038.0;0.0
yf_MKC_d5;14800;ASH_COATED_OSMIUM;10094;18;10091;14;;;10100;16;10103;26;;;10097.0;0.0
yf_MKC_d5;14800;INTARIAN_PEPPER_ROOT;11037;10;11034;21;;;11043;18;11046;24;;;11040.0;0.0
yf_MKC_d5;14900;ASH_COATED_OSMIUM;10094;19;10091;20;;;10100;22;10102;25;;;10097.0;0.0
yf_MKC_d5;14900;INTARIAN_PEPPER_ROOT;11038;8;11034;14;;;11044;12;11048;14;;;11041.0;0.0
yf_MKC_d5;15000;ASH_COATED_OSMIUM;10095;17;10092;17;;;10101;12;10105;22;;;10098.0;0.0
yf_MKC_d5;15000;INTARIAN_PEPPER_ROOT;11037;16;11034;17;;;11047;18;11050;15;;;11042.0;0.0
yf_MKC_d5;15100;ASH_COATED_OSMIUM;10095;19;10093;24;;;10101;14;10104;19;;;10098.0;0.0
yf_MKC_d5;15100;INTARIAN_PEPPER_ROOT;11040;24;11038;18;;;11046;15;11050;16;;;11043.0;0.0
yf_MKC_d5;15200;ASH_COATED_OSMIUM;10095;7;10092;22;;;10101;5;10105;19;;;10098.0;0.0
yf_MKC_d5;15200;INTARIAN_PEPPER_ROOT;11041;12;11039;27;;;11047;19;11050;12;;;11044.0;0.0
yf_MKC_d5;15300;ASH_COATED_OSMIUM;10095;20;10093;12;;;10101;16;10105;25;;;10098.0;0.0
yf_MKC_d5;15300;INTARIAN_PEPPER_ROOT;11036;16;11032;15;;;11054;16;11057;15;;;11045.0;0.0
yf_MKC_d5;15400;ASH_COATED_OSMIUM;10083;12;10081;23;;;10114;17;10116;10;;;10098.5;0.0
yf_MKC_d5;15400;INTARIAN_PEPPER_ROOT;11044;17;11042;26;;;11050;13;11053;20;;;11047.0;0.0
yf_MKC_d5;15500;ASH_COATED_OSMIUM;10090;12;10088;16;;;10107;11;10111;15;;;10098.5;0.0
yf_MKC_d5;15500;INTARIAN_PEPPER_ROOT;11043;11;11040;14;;;11053;14;11055;26;;;11048.0;0.0
yf_MKC_d5;15600;ASH_COATED_OSMIUM;10088;7;10085;24;;;10109;26;10113;15;;;10098.5;0.0
yf_MKC_d5;15600;INTARIAN_PEPPER_ROOT;11046;14;11044;28;;;11052;17;11055;14;;;11049.0;0.0
yf_MKC_d5;15700;ASH_COATED_OSMIUM;10088;13;10084;14;;;10108;15;10112;21;;;10098.0;0.0
yf_MKC_d5;15700;INTARIAN_PEPPER_ROOT;11047;15;11043;16;;;11053;15;11057;16;;;11050.0;0.0
yf_MKC_d5;15800;ASH_COATED_OSMIUM;10093;10;10089;20;;;10105;13;10108;22;;;10099.0;0.0
yf_MKC_d5;15800;INTARIAN_PEPPER_ROOT;11048;11;11044;19;;;11054;13;11057;18;;;11051.0;0.0
yf_MKC_d5;15900;ASH_COATED_OSMIUM;10096;12;10092;21;;;10102;15;10105;17;;;10099.0;0.0
yf_MKC_d5;15900;INTARIAN_PEPPER_ROOT;11050;20;11048;17;;;11057;16;11061;31;;;11053.5;0.0
yf_MKC_d5;16000;ASH_COATED_OSMIUM;10097;17;10095;19;;;10103;21;10106;18;;;10100.0;0.0
yf_MKC_d5;16000;INTARIAN_PEPPER_ROOT;11051;10;11047;28;;;11057;13;11061;21;;;11054.0;0.0
yf_MKC_d5;16100;ASH_COATED_OSMIUM;10096;25;10094;17;;;10103;10;10106;27;;;10099.5;0.0
yf_MKC_d5;16100;INTARIAN_PEPPER_ROOT;11052;21;11050;20;;;11058;14;11060;20;;;11055.0;0.0
yf_MKC_d5;16200;ASH_COATED_OSMIUM;10096;12;10092;22;;;10102;16;10106;16;;;10099.0;0.0
yf_MKC_d5;16200;INTARIAN_PEPPER_ROOT;11053;15;11051;15;;;11059;15;11062;18;;;11056.0;0.0
yf_MKC_d5;16300;ASH_COATED_OSMIUM;10090;26;10087;18;;;10108;11;10110;18;;;10099.0;0.0
yf_MKC_d5;16300;INTARIAN_PEPPER_ROOT;11055;5;11052;19;;;11061;15;11064;21;;;11058.0;0.0
yf_MKC_d5;16400;ASH_COATED_OSMIUM;10093;18;10091;10;;;10105;13;10109;11;;;10099.0;0.0
yf_MKC_d5;16400;INTARIAN_PEPPER_ROOT;11054;10;11052;25;;;11063;11;11067;19;;;11058.5;0.0
yf_MKC_d5;16500;ASH_COATED_OSMIUM;10096;19;10094;22;;;10102;19;10104;18;;;10099.0;0.0
yf_MKC_d5;16500;INTARIAN_PEPPER_ROOT;11056;14;11053;19;;;11062;16;11064;11;;;11059.0;0.0
yf_MKC_d5;16600;ASH_COATED_OSMIUM;10096;12;10093;16;;;10102;15;10104;24;;;10099.0;0.0
yf_MKC_d5;16600;INTARIAN_PEPPER_ROOT;11057;17;11054;23;;;11063;20;11067;15;;;11060.0;0.0
yf_MKC_d5;16700;ASH_COATED_OSMIUM;10091;8;10089;28;;;10107;16;10109;21;;;10099.0;0.0
yf_MKC_d5;16700;INTARIAN_PEPPER_ROOT;11059;16;11055;15;;;11065;15;11069;17;;;11062.0;0.0
yf_MKC_d5;16800;ASH_COATED_OSMIUM;10097;8;10094;18;;;10103;19;10107;21;;;10100.0;0.0
yf_MKC_d5;16800;INTARIAN_PEPPER_ROOT;11060;10;11057;26;;;11066;21;11069;25;;;11063.0;0.0
yf_MKC_d5;16900;ASH_COATED_OSMIUM;10096;17;10094;21;;;10102;27;10106;15;;;10099.0;0.0
yf_MKC_d5;16900;INTARIAN_PEPPER_ROOT;11062;17;11060;15;;;11068;18;11072;21;;;11065.0;0.0
yf_MKC_d5;17000;ASH_COATED_OSMIUM;10096;12;10093;16;;;10102;17;10105;19;;;10099.0;0.0
yf_MKC_d5;17000;INTARIAN_PEPPER_ROOT;11065;14;11061;22;;;11071;15;11074;27;;;11068.0;0.0
yf_MKC_d5;17100;ASH_COATED_OSMIUM;10091;16;10089;17;;;10107;16;10111;24;;;10099.0;0.0
yf_MKC_d5;17100;INTARIAN_PEPPER_ROOT;11067;10;11063;29;;;11073;16;11075;15;;;11070.0;0.0
yf_MKC_d5;17200;ASH_COATED_OSMIUM;10096;11;10092;18;;;10102;14;10105;23;;;10099.0;0.0
yf_MKC_d5;17200;INTARIAN_PEPPER_ROOT;11069;15;11067;24;;;11077;7;11079;15;;;11073.0;0.0
yf_MKC_d5;17300;ASH_COATED_OSMIUM;10096;11;10093;24;;;10104;24;10107;25;;;10100.0;0.0
yf_MKC_d5;17300;INTARIAN_PEPPER_ROOT;11069;13;11065;14;;;11084;13;11086;24;;;11076.5;0.0
yf_MKC_d5;17400;ASH_COATED_OSMIUM;10095;10;10093;23;;;10103;14;10106;17;;;10099.0;0.0
yf_MKC_d5;17400;INTARIAN_PEPPER_ROOT;11076;19;11074;18;;;11082;11;11086;27;;;11079.0;0.0
yf_MKC_d5;17500;ASH_COATED_OSMIUM;10084;20;10081;13;;;10115;21;10117;24;;;10099.5;0.0
yf_MKC_d5;17500;INTARIAN_PEPPER_ROOT;11079;18;11077;16;;;11085;5;11089;23;;;11082.0;0.0
yf_MKC_d5;17600;ASH_COATED_OSMIUM;10093;6;10091;20;;;10105;5;10108;18;;;10099.0;0.0
yf_MKC_d5;17600;INTARIAN_PEPPER_ROOT;11082;14;11079;20;;;11088;13;11092;17;;;11085.0;0.0
yf_MKC_d5;17700;ASH_COATED_OSMIUM;10096;17;10094;18;;;10102;13;10104;17;;;10099.0;0.0
yf_MKC_d5;17700;INTARIAN_PEPPER_ROOT;11087;9;11084;20;;;11093;13;11095;21;;;11090.0;0.0
yf_MKC_d5;17800;ASH_COATED_OSMIUM;10095;19;10091;17;;;10103;15;10105;20;;;10099.0;0.0
yf_MKC_d5;17800;INTARIAN_PEPPER_ROOT;11089;14;11085;20;;;11095;8;11098;24;;;11092.0;0.0
yf_MKC_d5;17900;ASH_COATED_OSMIUM;10095;11;10093;15;;;10105;15;10108;21;;;10100.0;0.0
yf_MKC_d5;17900;INTARIAN_PEPPER_ROOT;11091;16;11088;23;;;11097;14;11099;20;;;11094.0;0.0
yf_MKC_d5;18000;ASH_COATED_OSMIUM;10090;11;10088;19;;;10108;9;10110;21;;;10099.0;0.0
yf_MKC_d5;18000;INTARIAN_PEPPER_ROOT;11081;12;11077;15;;;11116;11;11118;13;;;11098.5;0.0
yf_MKC_d5;18100;ASH_COATED_OSMIUM;10096;11;10092;14;;;10102;9;10104;30;;;10099.0;0.0
yf_MKC_d5;18100;INTARIAN_PEPPER_ROOT;11090;12;11088;25;;;11112;18;11116;11;;;11101.0;0.0
yf_MKC_d5;18200;ASH_COATED_OSMIUM;10096;13;10094;15;;;10102;14;10104;21;;;10099.0;0.0
yf_MKC_d5;18200;INTARIAN_PEPPER_ROOT;11101;10;11097;23;;;11107;17;11110;20;;;11104.0;0.0
yf_MKC_d5;18300;ASH_COATED_OSMIUM;10096;8;10092;19;;;10102;17;10104;12;;;10099.0;0.0
yf_MKC_d5;18300;INTARIAN_PEPPER_ROOT;11104;8;11100;23;;;11110;7;11112;20;;;11107.0;0.0
yf_MKC_d5;18400;ASH_COATED_OSMIUM;10090;16;10088;19;;;10107;18;10109;20;;;10098.5;0.0
yf_MKC_d5;18400;INTARIAN_PEPPER_ROOT;11105;24;11102;25;;;11116;11;11118;22;;;11110.5;0.0
yf_MKC_d5;18500;ASH_COATED_OSMIUM;10096;7;10093;14;;;10103;7;10105;24;;;10099.5;0.0
yf_MKC_d5;18500;INTARIAN_PEPPER_ROOT;11106;10;11104;15;;;11121;9;11123;11;;;11113.5;0.0
yf_MKC_d5;18600;ASH_COATED_OSMIUM;10081;14;10077;14;;;10116;23;10118;27;;;10098.5;0.0
yf_MKC_d5;18600;INTARIAN_PEPPER_ROOT;11111;9;11109;30;;;11122;14;11125;26;;;11116.5;0.0
yf_MKC_d5;18700;ASH_COATED_OSMIUM;10095;12;10092;19;;;10101;27;10103;14;;;10098.0;0.0
yf_MKC_d5;18700;INTARIAN_PEPPER_ROOT;11117;16;11114;17;;;11123;13;11126;21;;;11120.0;0.0
yf_MKC_d5;18800;ASH_COATED_OSMIUM;10095;14;10092;17;;;10101;19;10105;11;;;10098.0;0.0
yf_MKC_d5;18800;INTARIAN_PEPPER_ROOT;11116;10;11113;15;;;11131;11;11135;16;;;11123.5;0.0
yf_MKC_d5;18900;ASH_COATED_OSMIUM;10092;18;10090;15;;;10106;15;10110;27;;;10099.0;0.0
yf_MKC_d5;18900;INTARIAN_PEPPER_ROOT;11123;15;11121;14;;;11129;9;11131;13;;;11126.0;0.0
yf_MKC_d5;19000;ASH_COATED_OSMIUM;10096;15;10094;20;;;10102;12;10104;20;;;10099.0;0.0
yf_MKC_d5;19000;INTARIAN_PEPPER_ROOT;11126;13;11122;17;;;11132;12;11135;25;;;11129.0;0.0
yf_MKC_d5;19100;ASH_COATED_OSMIUM;10095;14;10091;14;;;10102;15;10104;23;;;10098.5;0.0
yf_MKC_d5;19100;INTARIAN_PEPPER_ROOT;11126;14;11123;25;;;11140;8;11144;30;;;11133.0;0.0
yf_MKC_d5;19200;ASH_COATED_OSMIUM;10096;12;10092;11;;;10102;12;10105;17;;;10099.0;0.0
yf_MKC_d5;19200;INTARIAN_PEPPER_ROOT;11129;26;11127;23;;;11142;12;11145;17;;;11135.5;0.0
yf_MKC_d5;19300;ASH_COATED_OSMIUM;10096;14;10093;19;;;10102;19;10105;15;;;10099.0;0.0
yf_MKC_d5;19300;INTARIAN_PEPPER_ROOT;11128;13;11124;20;;;11151;7;11153;26;;;11139.5;0.0
yf_MKC_d5;19400;ASH_COATED_OSMIUM;10096;7;10094;14;;;10102;11;10105;24;;;10099.0;0.0
yf_MKC_d5;19400;INTARIAN_PEPPER_ROOT;11138;9;11135;16;;;11147;8;11149;15;;;11142.5;0.0
yf_MKC_d5;19500;ASH_COATED_OSMIUM;10095;13;10092;19;;;10101;14;10103;10;;;10098.0;0.0
yf_MKC_d5;19500;INTARIAN_PEPPER_ROOT;11142;24;11139;17;;;11148;18;11150;19;;;11145.0;0.0
yf_MKC_d5;19600;ASH_COATED_OSMIUM;10095;18;10093;17;;;10101;10;10105;14;;;10098.0;0.0
yf_MKC_d5;19600;INTARIAN_PEPPER_ROOT;11143;24;11141;22;;;11154;14;11158;21;;;11148.5;0.0
yf_MKC_d5;19700;ASH_COATED_OSMIUM;10089;14;10085;19;;;10109;14;10113;14;;;10099.0;0.0
yf_MKC_d5;19700;INTARIAN_PEPPER_ROOT;11147;20;11143;20;;;11155;5;11158;17;;;11151.0;0.0
yf_MKC_d5;19800;ASH_COATED_OSMIUM;10094;15;10091;15;;;10102;15;10106;19;;;10098.0;0.0
yf_MKC_d5;19800;INTARIAN_PEPPER_ROOT;11147;17;11145;19;;;11161;12;11165;10;;;11154.0;0.0
yf_MKC_d5;19900;ASH_COATED_OSMIUM;10095;13;10092;17;;;10101;17;10103;21;;;10098.0;0.0
yf_MKC_d5;19900;INTARIAN_PEPPER_ROOT;11140;19;11136;16;;;11176;14;11178;14;;;11158.0;0.0
yf_MKC_d5;20000;ASH_COATED_OSMIUM;10096;11;10093;25;;;10102;15;10106;19;;;10099.0;0.0
yf_MKC_d5;20000;INTARIAN_PEPPER_ROOT;11158;16;11154;18;;;11164;13;11166;16;;;11161.0;0.0
yf_MKC_d5;20100;ASH_COATED_OSMIUM;10095;17;10091;23;;;10101;8;10103;30;;;10098.0;0.0
yf_MKC_d5;20100;INTARIAN_PEPPER_ROOT;11160;8;11158;23;;;11168;20;11172;16;;;11164.0;0.0
yf_MKC_d5;20200;ASH_COATED_OSMIUM;10095;13;10092;21;;;10101;12;10105;21;;;10098.0;0.0
yf_MKC_d5;20200;INTARIAN_PEPPER_ROOT;11163;22;11160;23;;;11172;5;11175;24;;;11167.5;0.0
yf_MKC_d5;20300;ASH_COATED_OSMIUM;10095;14;10091;17;;;10101;13;10104;32;;;10098.0;0.0
yf_MKC_d5;20300;INTARIAN_PEPPER_ROOT;11167;14;11163;12;;;11173;22;11175;23;;;11170.0;0.0
yf_MKC_d5;20400;ASH_COATED_OSMIUM;10093;8;10091;11;;;10103;23;10107;28;;;10098.0;0.0
yf_MKC_d5;20400;INTARIAN_PEPPER_ROOT;11170;12;11166;18;;;11176;22;11178;17;;;11173.0;0.0
yf_MKC_d5;20500;ASH_COATED_OSMIUM;10095;17;10092;22;;;10101;17;10105;19;;;10098.0;0.0
yf_MKC_d5;20500;INTARIAN_PEPPER_ROOT;11174;13;11171;25;;;11180;16;11182;19;;;11177.0;0.0
yf_MKC_d5;20600;ASH_COATED_OSMIUM;10083;11;10079;16;;;10114;21;10116;21;;;10098.5;0.0
yf_MKC_d5;20600;INTARIAN_PEPPER_ROOT;11176;16;11173;20;;;11182;10;11184;18;;;11179.0;0.0
yf_MKC_d5;20700;ASH_COATED_OSMIUM;10095;17;10092;21;;;10101;8;10104;21;;;10098.0;0.0
yf_MKC_d5;20700;INTARIAN_PEPPER_ROOT;11177;21;11174;23;;;11189;5;11193;24;;;11183.0;0.0
yf_MKC_d5;20800;ASH_COATED_OSMIUM;10091;18;10087;21;;;10105;9;10107;32;;;10098.0;0.0
yf_MKC_d5;20800;INTARIAN_PEPPER_ROOT;11182;19;11180;22;;;11190;15;11194;16;;;11186.0;0.0
yf_MKC_d5;20900;ASH_COATED_OSMIUM;10094;18;10090;23;;;10100;14;10103;21;;;10097.0;0.0
yf_MKC_d5;20900;INTARIAN_PEPPER_ROOT;11181;7;11177;21;;;11196;17;11199;20;;;11188.5;0.0
yf_MKC_d5;21000;ASH_COATED_OSMIUM;10094;21;10091;30;;;10102;11;10106;16;;;10098.0;0.0
yf_MKC_d5;21000;INTARIAN_PEPPER_ROOT;11189;24;11185;20;;;11195;14;11199;20;;;11192.0;0.0
yf_MKC_d5;21100;ASH_COATED_OSMIUM;10095;21;10091;16;;;10101;17;10103;21;;;10098.0;0.0
yf_MKC_d5;21100;INTARIAN_PEPPER_ROOT;11189;8;11185;14;;;11200;19;11203;25;;;11194.5;0.0
yf_MKC_d5;21200;ASH_COATED_OSMIUM;10095;13;10093;22;;;10101;18;10105;18;;;10098.0;0.0
yf_MKC_d5;21200;INTARIAN_PEPPER_ROOT;11196;16;11192;17;;;11202;18;11205;24;;;11199.0;0.0
yf_MKC_d5;21300;ASH_COATED_OSMIUM;10093;11;10090;16;;;10101;14;10105;23;;;10097.0;0.0
yf_MKC_d5;21300;INTARIAN_PEPPER_ROOT;11178;9;11176;20;;;11225;7;11227;14;;;11201.5;0.0
yf_MKC_d5;21400;ASH_COATED_OSMIUM;10095;11;10091;15;;;10101;11;10105;25;;;10098.0;0.0
yf_MKC_d5;21400;INTARIAN_PEPPER_ROOT;11201;13;11198;22;;;11207;6;11209;22;;;11204.0;0.0
yf_MKC_d5;21500;ASH_COATED_OSMIUM;10095;9;10092;26;;;10101;19;10105;17;;;10098.0;0.0
yf_MKC_d5;21500;INTARIAN_PEPPER_ROOT;11204;16;11201;22;;;11210;12;11212;14;;;11207.0;0.0
yf_MKC_d5;21600;ASH_COATED_OSMIUM;10095;17;10092;29;;;10101;15;10105;18;;;10098.0;0.0
yf_MKC_d5;21600;INTARIAN_PEPPER_ROOT;11201;14;11198;17;;;11219;8;11221;18;;;11210.0;0.0
yf_MKC_d5;21700;ASH_COATED_OSMIUM;10095;8;10091;24;;;10101;19;10105;23;;;10098.0;0.0
yf_MKC_d5;21700;INTARIAN_PEPPER_ROOT;11209;11;11206;21;;;11218;11;11220;26;;;11213.5;0.0
yf_MKC_d5;21800;ASH_COATED_OSMIUM;10094;8;10090;12;;;10101;9;10103;22;;;10097.5;0.0
yf_MKC_d5;21800;INTARIAN_PEPPER_ROOT;11214;10;11212;12;;;11220;12;11223;22;;;11217.0;0.0
yf_MKC_d5;21900;ASH_COATED_OSMIUM;10094;12;10090;27;;;10100;15;10103;18;;;10097.0;0.0
yf_MKC_d5;21900;INTARIAN_PEPPER_ROOT;11215;19;11213;22;;;11226;11;11228;16;;;11220.5;0.0
yf_MKC_d5;22000;ASH_COATED_OSMIUM;10095;16;10093;24;;;10101;5;10104;19;;;10098.0;0.0
yf_MKC_d5;22000;INTARIAN_PEPPER_ROOT;11214;16;11211;21;;;11234;16;11236;23;;;11224.0;0.0
yf_MKC_d5;22100;ASH_COATED_OSMIUM;10095;25;10092;14;;;10101;20;10104;21;;;10098.0;0.0
yf_MKC_d5;22100;INTARIAN_PEPPER_ROOT;11224;12;11222;29;;;11230;18;11232;21;;;11227.0;0.0
yf_MKC_d5;22200;ASH_COATED_OSMIUM;10095;15;10093;20;;;10101;7;10105;22;;;10098.0;0.0
yf_MKC_d5;22200;INTARIAN_PEPPER_ROOT;11226;11;11223;22;;;11232;13;11234;17;;;11229.0;0.0
yf_MKC_d5;22300;ASH_COATED_OSMIUM;10075;8;10073;22;;;10119;19;10122;17;;;10097.0;0.0
yf_MKC_d5;22300;INTARIAN_PEPPER_ROOT;11230;11;11228;15;;;11236;16;11239;25;;;11233.0;0.0
yf_MKC_d5;22400;ASH_COATED_OSMIUM;10094;22;10092;16;;;10100;20;10104;14;;;10097.0;0.0
yf_MKC_d5;22400;INTARIAN_PEPPER_ROOT;11233;20;11230;14;;;11239;8;11242;15;;;11236.0;0.0
yf_MKC_d5;22500;ASH_COATED_OSMIUM;10086;15;10083;21;;;10110;11;10114;15;;;10098.0;0.0
yf_MKC_d5;22500;INTARIAN_PEPPER_ROOT;11236;6;11233;20;;;11242;13;11246;25;;;11239.0;0.0
yf_MKC_d5;22600;ASH_COATED_OSMIUM;10092;9;10088;20;;;10103;13;10107;16;;;10097.5;0.0
yf_MKC_d5;22600;INTARIAN_PEPPER_ROOT;11239;19;11236;19;;;11245;13;11249;21;;;11242.0;0.0
yf_MKC_d5;22700;ASH_COATED_OSMIUM;10093;13;10091;22;;;10103;11;10106;21;;;10098.0;0.0
yf_MKC_d5;22700;INTARIAN_PEPPER_ROOT;11243;14;11240;14;;;11249;14;11252;27;;;11246.0;0.0
yf_MKC_d5;22800;ASH_COATED_OSMIUM;10094;10;10090;12;;;10100;15;10104;22;;;10097.0;0.0
yf_MKC_d5;22800;INTARIAN_PEPPER_ROOT;11246;24;11243;29;;;11252;20;11254;26;;;11249.0;0.0
yf_MKC_d5;22900;ASH_COATED_OSMIUM;10093;18;10091;16;;;10101;15;10103;24;;;10097.0;0.0
yf_MKC_d5;22900;INTARIAN_PEPPER_ROOT;11248;11;11246;24;;;11255;8;11259;24;;;11251.5;0.0
yf_MKC_d5;23000;ASH_COATED_OSMIUM;10094;21;10091;19;;;10100;5;10103;21;;;10097.0;0.0
yf_MKC_d5;23000;INTARIAN_PEPPER_ROOT;11252;13;11250;22;;;11258;11;11261;18;;;11255.0;0.0
yf_MKC_d5;23100;ASH_COATED_OSMIUM;10089;17;10086;24;;;10106;22;10109;20;;;10097.5;0.0
yf_MKC_d5;23100;INTARIAN_PEPPER_ROOT;11255;10;11253;9;;;11261;9;11264;24;;;11258.0;0.0
yf_MKC_d5;23200;ASH_COATED_OSMIUM;10094;10;10091;22;;;10101;11;10103;15;;;10097.5;0.0
yf_MKC_d5;23200;INTARIAN_PEPPER_ROOT;11257;9;11254;22;;;11266;18;11270;21;;;11261.5;0.0
yf_MKC_d5;23300;ASH_COATED_OSMIUM;10094;9;10091;16;;;10101;7;10105;13;;;10097.5;0.0
yf_MKC_d5;23300;INTARIAN_PEPPER_ROOT;11260;12;11257;12;;;11268;12;11270;20;;;11264.0;0.0
yf_MKC_d5;23400;ASH_COATED_OSMIUM;10091;16;10088;19;;;10102;15;10105;22;;;10096.5;0.0
yf_MKC_d5;23400;INTARIAN_PEPPER_ROOT;11265;18;11261;23;;;11271;13;11274;17;;;11268.0;0.0
yf_MKC_d5;23500;ASH_COATED_OSMIUM;10091;14;10088;15;;;10102;14;10104;19;;;10096.5;0.0
yf_MKC_d5;23500;INTARIAN_PEPPER_ROOT;11267;15;11265;20;;;11273;11;11275;20;;;11270.0;0.0
yf_MKC_d5;23600;ASH_COATED_OSMIUM;10094;10;10090;26;;;10100;10;10104;23;;;10097.0;0.0
yf_MKC_d5;23600;INTARIAN_PEPPER_ROOT;11271;21;11268;13;;;11277;10;11279;15;;;11274.0;0.0
yf_MKC_d5;23700;ASH_COATED_OSMIUM;10093;25;10090;18;;;10100;5;10103;19;;;10096.5;0.0
yf_MKC_d5;23700;INTARIAN_PEPPER_ROOT;11274;7;11272;28;;;11280;18;11282;23;;;11277.0;0.0
yf_MKC_d5;23800;ASH_COATED_OSMIUM;10094;16;10090;16;;;10100;18;10102;30;;;10097.0;0.0
yf_MKC_d5;23800;INTARIAN_PEPPER_ROOT;11277;10;11274;13;;;11283;12;11287;22;;;11280.0;0.0
yf_MKC_d5;23900;ASH_COATED_OSMIUM;10092;17;10088;23;;;10102;14;10105;22;;;10097.0;0.0
yf_MKC_d5;23900;INTARIAN_PEPPER_ROOT;11281;14;11277;16;;;11287;18;11291;18;;;11284.0;0.0
yf_MKC_d5;24000;ASH_COATED_OSMIUM;10092;11;10088;21;;;10102;14;10104;12;;;10097.0;0.0
yf_MKC_d5;24000;INTARIAN_PEPPER_ROOT;11283;10;11280;13;;;11289;13;11292;28;;;11286.0;0.0
yf_MKC_d5;24100;ASH_COATED_OSMIUM;10094;14;10092;23;;;10100;5;10103;24;;;10097.0;0.0
yf_MKC_d5;24100;INTARIAN_PEPPER_ROOT;11286;22;11283;19;;;11292;14;11295;19;;;11289.0;0.0
yf_MKC_d5;24200;ASH_COATED_OSMIUM;10088;11;10085;20;;;10104;23;10108;16;;;10096.0;0.0
yf_MKC_d5;24200;INTARIAN_PEPPER_ROOT;11288;11;11285;11;;;11296;10;11300;19;;;11292.0;0.0
yf_MKC_d5;24300;ASH_COATED_OSMIUM;10093;21;10091;19;;;10099;17;10102;15;;;10096.0;0.0
yf_MKC_d5;24300;INTARIAN_PEPPER_ROOT;11292;13;11288;27;;;11298;15;11301;21;;;11295.0;0.0
yf_MKC_d5;24400;ASH_COATED_OSMIUM;10094;22;10090;28;;;10100;15;10104;16;;;10097.0;0.0
yf_MKC_d5;24400;INTARIAN_PEPPER_ROOT;11296;12;11292;20;;;11302;18;11306;15;;;11299.0;0.0
yf_MKC_d5;24500;ASH_COATED_OSMIUM;10094;13;10090;17;;;10100;20;10102;21;;;10097.0;0.0
yf_MKC_d5;24500;INTARIAN_PEPPER_ROOT;11299;22;11296;24;;;11305;7;11307;26;;;11302.0;0.0
yf_MKC_d5;24600;ASH_COATED_OSMIUM;10093;11;10089;16;;;10100;10;10102;21;;;10096.5;0.0
yf_MKC_d5;24600;INTARIAN_PEPPER_ROOT;11302;16;11299;11;;;11308;6;11312;20;;;11305.0;0.0
yf_MKC_d5;24700;ASH_COATED_OSMIUM;10094;23;10090;21;;;10100;19;10104;21;;;10097.0;0.0
yf_MKC_d5;24700;INTARIAN_PEPPER_ROOT;11305;13;11303;20;;;11311;17;11313;20;;;11308.0;0.0
yf_MKC_d5;24800;ASH_COATED_OSMIUM;10094;17;10090;24;;;10100;10;10102;27;;;10097.0;0.0
yf_MKC_d5;24800;INTARIAN_PEPPER_ROOT;11308;21;11306;17;;;11314;15;11317;24;;;11311.0;0.0
yf_MKC_d5;24900;ASH_COATED_OSMIUM;10094;16;10090;17;;;10100;9;10103;16;;;10097.0;0.0
yf_MKC_d5;24900;INTARIAN_PEPPER_ROOT;11311;13;11308;22;;;11317;12;11319;14;;;11314.0;0.0
yf_MKC_d5;25000;ASH_COATED_OSMIUM;10091;23;10088;24;;;10101;15;10104;19;;;10096.0;0.0
yf_MKC_d5;25000;INTARIAN_PEPPER_ROOT;11313;8;11311;18;;;11321;10;11325;21;;;11317.0;0.0
yf_MKC_d5;25100;ASH_COATED_OSMIUM;10094;10;10091;16;;;10100;21;10102;16;;;10097.0;0.0
yf_MKC_d5;25100;INTARIAN_PEPPER_ROOT;11312;19;11308;27;;;11328;12;11332;15;;;11320.0;0.0
yf_MKC_d5;25200;ASH_COATED_OSMIUM;10093;15;10090;17;;;10099;11;10102;20;;;10096.0;0.0
yf_MKC_d5;25200;INTARIAN_PEPPER_ROOT;11311;15;11309;20;;;11336;28;11339;18;;;11323.5;0.0
yf_MKC_d5;25300;ASH_COATED_OSMIUM;10094;17;10092;8;;;10100;13;10104;24;;;10097.0;0.0
yf_MKC_d5;25300;INTARIAN_PEPPER_ROOT;11324;7;11321;23;;;11330;13;11334;20;;;11327.0;0.0
yf_MKC_d5;25400;ASH_COATED_OSMIUM;10093;5;10091;14;;;10099;11;10102;21;;;10096.0;0.0
yf_MKC_d5;25400;INTARIAN_PEPPER_ROOT;11327;11;11323;27;;;11333;12;11337;15;;;11330.0;0.0
yf_MKC_d5;25500;ASH_COATED_OSMIUM;10094;11;10091;15;;;10100;16;10104;27;;;10097.0;0.0
yf_MKC_d5;25500;INTARIAN_PEPPER_ROOT;11330;16;11328;17;;;11336;12;11339;22;;;11333.0;0.0
yf_MKC_d5;25600;ASH_COATED_OSMIUM;10092;13;10090;26;;;10100;12;10102;16;;;10096.0;0.0
yf_MKC_d5;25600;INTARIAN_PEPPER_ROOT;11334;14;11331;24;;;11340;16;11342;21;;;11337.0;0.0
yf_MKC_d5;25700;ASH_COATED_OSMIUM;10093;16;10091;18;;;10099;10;10101;13;;;10096.0;0.0
yf_MKC_d5;25700;INTARIAN_PEPPER_ROOT;11336;17;11333;24;;;11342;10;11346;16;;;11339.0;0.0
yf_MKC_d5;25800;ASH_COATED_OSMIUM;10094;16;10091;18;;;10100;15;10102;20;;;10097.0;0.0
yf_MKC_d5;25800;INTARIAN_PEPPER_ROOT;11339;14;11335;17;;;11345;12;11348;9;;;11342.0;0.0
yf_MKC_d5;25900;ASH_COATED_OSMIUM;10087;8;10085;14;;;10106;11;10108;17;;;10096.5;0.0
yf_MKC_d5;25900;INTARIAN_PEPPER_ROOT;11339;17;11337;26;;;11353;11;11356;15;;;11346.0;0.0
yf_MKC_d5;26000;ASH_COATED_OSMIUM;10087;9;10083;19;;;10105;24;10108;19;;;10096.0;0.0
yf_MKC_d5;26000;INTARIAN_PEPPER_ROOT;11332;22;11330;13;;;11366;6;11368;19;;;11349.0;0.0
yf_MKC_d5;26100;ASH_COATED_OSMIUM;10093;9;10091;10;;;10099;10;10103;16;;;10096.0;0.0
yf_MKC_d5;26100;INTARIAN_PEPPER_ROOT;11349;14;11345;22;;;11355;18;11359;16;;;11352.0;0.0
yf_MKC_d5;26200;ASH_COATED_OSMIUM;10093;18;10090;15;;;10099;19;10101;30;;;10096.0;0.0
yf_MKC_d5;26200;INTARIAN_PEPPER_ROOT;11352;5;11349;16;;;11358;16;11361;14;;;11355.0;0.0
yf_MKC_d5;26300;ASH_COATED_OSMIUM;10093;13;10090;16;;;10100;19;10102;21;;;10096.5;0.0
yf_MKC_d5;26300;INTARIAN_PEPPER_ROOT;11355;10;11351;16;;;11361;19;11363;23;;;11358.0;0.0
yf_MKC_d5;26400;ASH_COATED_OSMIUM;10093;20;10089;21;;;10099;26;10103;22;;;10096.0;0.0
yf_MKC_d5;26400;INTARIAN_PEPPER_ROOT;11355;18;11351;17;;;11368;5;11372;14;;;11361.5;0.0
yf_MKC_d5;26500;ASH_COATED_OSMIUM;10091;8;10089;23;;;10101;20;10103;17;;;10096.0;0.0
yf_MKC_d5;26500;INTARIAN_PEPPER_ROOT;11357;19;11353;20;;;11370;20;11373;17;;;11363.5;0.0
yf_MKC_d5;26600;ASH_COATED_OSMIUM;10093;17;10090;20;;;10099;14;10102;18;;;10096.0;0.0
yf_MKC_d5;26600;INTARIAN_PEPPER_ROOT;11360;16;11357;17;;;11375;17;11377;27;;;11367.5;0.0
yf_MKC_d5;26700;ASH_COATED_OSMIUM;10092;17;10089;16;;;10098;16;10102;25;;;10095.0;0.0
yf_MKC_d5;26700;INTARIAN_PEPPER_ROOT;11367;7;11363;9;;;11373;9;11376;16;;;11370.0;0.0
yf_MKC_d5;26800;ASH_COATED_OSMIUM;10093;19;10089;20;;;10099;23;10101;17;;;10096.0;0.0
yf_MKC_d5;26800;INTARIAN_PEPPER_ROOT;11371;13;11369;24;;;11377;5;11381;23;;;11374.0;0.0
yf_MKC_d5;26900;ASH_COATED_OSMIUM;10093;6;10090;22;;;10099;15;10102;22;;;10096.0;0.0
yf_MKC_d5;26900;INTARIAN_PEPPER_ROOT;11374;10;11370;18;;;11380;14;11383;16;;;11377.0;0.0
yf_MKC_d5;27000;ASH_COATED_OSMIUM;10090;11;10086;16;;;10102;6;10104;11;;;10096.0;0.0
yf_MKC_d5;27000;INTARIAN_PEPPER_ROOT;11373;29;11371;12;;;11388;11;11390;15;;;11380.5;0.0
yf_MKC_d5;27100;ASH_COATED_OSMIUM;10092;13;10090;17;;;10098;5;10102;22;;;10095.0;0.0
yf_MKC_d5;27100;INTARIAN_PEPPER_ROOT;11380;9;11377;17;;;11386;7;11389;21;;;11383.0;0.0
yf_MKC_d5;27200;ASH_COATED_OSMIUM;10092;22;10089;21;;;10098;9;10102;24;;;10095.0;0.0
yf_MKC_d5;27200;INTARIAN_PEPPER_ROOT;11384;11;11380;19;;;11390;20;11393;17;;;11387.0;0.0
yf_MKC_d5;27300;ASH_COATED_OSMIUM;10093;15;10090;27;;;10099;14;10103;26;;;10096.0;0.0
yf_MKC_d5;27300;INTARIAN_PEPPER_ROOT;11386;14;11382;17;;;11393;22;11396;18;;;11389.5;0.0
yf_MKC_d5;27400;ASH_COATED_OSMIUM;10093;11;10090;20;;;10099;18;10101;21;;;10096.0;0.0
yf_MKC_d5;27400;INTARIAN_PEPPER_ROOT;11390;24;11388;28;;;11396;19;11398;15;;;11393.0;0.0
yf_MKC_d5;27500;ASH_COATED_OSMIUM;10093;10;10090;24;;;10099;10;10101;15;;;10096.0;0.0
yf_MKC_d5;27500;INTARIAN_PEPPER_ROOT;11392;12;11388;24;;;11400;15;11403;15;;;11396.0;0.0
yf_MKC_d5;27600;ASH_COATED_OSMIUM;10093;6;10090;18;;;10100;14;10103;29;;;10096.5;0.0
yf_MKC_d5;27600;INTARIAN_PEPPER_ROOT;11380;18;11376;28;;;11417;18;11420;24;;;11398.5;0.0
yf_MKC_d5;27700;ASH_COATED_OSMIUM;10088;14;10086;12;;;10102;19;10105;22;;;10095.0;0.0
yf_MKC_d5;27700;INTARIAN_PEPPER_ROOT;11396;5;11393;20;;;11408;14;11411;15;;;11402.0;0.0
yf_MKC_d5;27800;ASH_COATED_OSMIUM;10092;15;10090;16;;;10098;18;10102;20;;;10095.0;0.0
yf_MKC_d5;27800;INTARIAN_PEPPER_ROOT;11398;27;11396;21;;;11412;18;11415;10;;;11405.0;0.0
yf_MKC_d5;27900;ASH_COATED_OSMIUM;10092;12;10088;13;;;10098;19;10101;18;;;10095.0;0.0
yf_MKC_d5;27900;INTARIAN_PEPPER_ROOT;11404;16;11400;18;;;11412;18;11414;27;;;11408.0;0.0
yf_MKC_d5;28000;ASH_COATED_OSMIUM;10092;9;10089;17;;;10098;9;10102;25;;;10095.0;0.0
yf_MKC_d5;28000;INTARIAN_PEPPER_ROOT;11408;15;11404;13;;;11414;13;11417;23;;;11411.0;0.0
yf_MKC_d5;28100;ASH_COATED_OSMIUM;10092;5;10089;29;;;10098;11;10102;23;;;10095.0;0.0
yf_MKC_d5;28100;INTARIAN_PEPPER_ROOT;11411;14;11409;18;;;11417;14;11420;12;;;11414.0;0.0
yf_MKC_d5;28200;ASH_COATED_OSMIUM;10092;18;10090;23;;;10098;18;10102;20;;;10095.0;0.0
yf_MKC_d5;28200;INTARIAN_PEPPER_ROOT;11406;10;11404;16;;;11429;14;11431;21;;;11417.5;0.0
yf_MKC_d5;28300;ASH_COATED_OSMIUM;10091;15;10089;26;;;10098;25;10101;18;;;10094.5;0.0
yf_MKC_d5;28300;INTARIAN_PEPPER_ROOT;11413;15;11410;17;;;11429;13;11432;21;;;11421.0;0.0
yf_MKC_d5;28400;ASH_COATED_OSMIUM;10092;18;10090;26;;;10098;14;10102;18;;;10095.0;0.0
yf_MKC_d5;28400;INTARIAN_PEPPER_ROOT;11421;15;11419;22;;;11427;19;11431;14;;;11424.0;0.0
yf_MKC_d5;28500;ASH_COATED_OSMIUM;10092;18;10090;17;;;10098;16;10100;17;;;10095.0;0.0
yf_MKC_d5;28500;INTARIAN_PEPPER_ROOT;11424;20;11422;17;;;11430;11;11433;15;;;11427.0;0.0
yf_MKC_d5;28600;ASH_COATED_OSMIUM;10090;15;10086;25;;;10101;21;10104;20;;;10095.5;0.0
yf_MKC_d5;28600;INTARIAN_PEPPER_ROOT;11426;11;11423;18;;;11435;9;11439;17;;;11430.5;0.0
yf_MKC_d5;28700;ASH_COATED_OSMIUM;10092;11;10089;14;;;10098;27;10100;9;;;10095.0;0.0
yf_MKC_d5;28700;INTARIAN_PEPPER_ROOT;11430;13;11426;15;;;11437;19;11441;14;;;11433.5;0.0
yf_MKC_d5;28800;ASH_COATED_OSMIUM;10079;19;10075;21;;;10110;7;10114;15;;;10094.5;0.0
yf_MKC_d5;28800;INTARIAN_PEPPER_ROOT;11434;10;11432;21;;;11440;21;11443;15;;;11437.0;0.0
yf_MKC_d5;28900;ASH_COATED_OSMIUM;10091;13;10089;20;;;10097;12;10099;16;;;10094.0;0.0
yf_MKC_d5;28900;INTARIAN_PEPPER_ROOT;11437;18;11434;15;;;11443;10;11447;15;;;11440.0;0.0
yf_MKC_d5;29000;ASH_COATED_OSMIUM;10092;9;10090;19;;;10098;14;10101;26;;;10095.0;0.0
yf_MKC_d5;29000;INTARIAN_PEPPER_ROOT;11440;16;11438;20;;;11446;12;11450;12;;;11443.0;0.0
yf_MKC_d5;29100;ASH_COATED_OSMIUM;10092;15;10089;23;;;10098;18;10100;19;;;10095.0;0.0
yf_MKC_d5;29100;INTARIAN_PEPPER_ROOT;11443;17;11440;17;;;11449;6;11453;25;;;11446.0;0.0
yf_MKC_d5;29200;ASH_COATED_OSMIUM;10092;7;10088;30;;;10098;18;10100;20;;;10095.0;0.0
yf_MKC_d5;29200;INTARIAN_PEPPER_ROOT;11439;22;11437;23;;;11459;12;11462;16;;;11449.0;0.0
yf_MKC_d5;29300;ASH_COATED_OSMIUM;10089;22;10085;18;;;10101;17;10103;11;;;10095.0;0.0
yf_MKC_d5;29300;INTARIAN_PEPPER_ROOT;11449;12;11446;10;;;11455;10;11457;21;;;11452.0;0.0
yf_MKC_d5;29400;ASH_COATED_OSMIUM;10092;22;10089;21;;;10098;16;10101;10;;;10095.0;0.0
yf_MKC_d5;29400;INTARIAN_PEPPER_ROOT;11442;14;11438;19;;;11470;11;11472;18;;;11456.0;0.0
yf_MKC_d5;29500;ASH_COATED_OSMIUM;10085;10;10081;13;;;10104;17;10106;14;;;10094.5;0.0
yf_MKC_d5;29500;INTARIAN_PEPPER_ROOT;11456;11;11452;13;;;11462;12;11466;14;;;11459.0;0.0
yf_MKC_d5;29600;ASH_COATED_OSMIUM;10091;5;10089;16;;;10097;7;10099;28;;;10094.0;0.0
yf_MKC_d5;29600;INTARIAN_PEPPER_ROOT;11457;18;11455;10;;;11465;11;11468;20;;;11461.0;0.0
yf_MKC_d5;29700;ASH_COATED_OSMIUM;10091;13;10088;22;;;10097;15;10100;26;;;10094.0;0.0
yf_MKC_d5;29700;INTARIAN_PEPPER_ROOT;11462;16;11458;15;;;11468;9;11472;20;;;11465.0;0.0
yf_MKC_d5;29800;ASH_COATED_OSMIUM;10092;11;10090;16;;;10098;19;10100;27;;;10095.0;0.0
yf_MKC_d5;29800;INTARIAN_PEPPER_ROOT;11465;13;11462;26;;;11471;10;11473;12;;;11468.0;0.0
yf_MKC_d5;29900;ASH_COATED_OSMIUM;10092;16;10089;15;;;10098;15;10100;23;;;10095.0;0.0
yf_MKC_d5;29900;INTARIAN_PEPPER_ROOT;11468;15;11466;10;;;11474;8;11476;20;;;11471.0;0.0
yf_MKC_d5;30000;ASH_COATED_OSMIUM;10091;17;10089;14;;;10097;24;10100;19;;;10094.0;0.0
yf_MKC_d5;30000;INTARIAN_PEPPER_ROOT;11463;12;11460;28;;;11485;9;11489;23;;;11474.0;0.0
yf_MKC_d5;30100;ASH_COATED_OSMIUM;10092;11;10090;15;;;10098;21;10100;24;;;10095.0;0.0
yf_MKC_d5;30100;INTARIAN_PEPPER_ROOT;11468;10;11466;26;;;11486;9;11489;22;;;11477.0;0.0
yf_MKC_d5;30200;ASH_COATED_OSMIUM;10091;20;10088;20;;;10097;13;10099;26;;;10094.0;0.0
yf_MKC_d5;30200;INTARIAN_PEPPER_ROOT;11478;23;11476;27;;;11484;18;11487;20;;;11481.0;0.0
yf_MKC_d5;30300;ASH_COATED_OSMIUM;10090;20;10087;24;;;10100;22;10104;24;;;10095.0;0.0
yf_MKC_d5;30300;INTARIAN_PEPPER_ROOT;11478;10;11475;19;;;11489;18;11491;23;;;11483.5;0.0
yf_MKC_d5;30400;ASH_COATED_OSMIUM;10080;13;10077;18;;;10108;10;10110;21;;;10094.0;0.0
yf_MKC_d5;30400;INTARIAN_PEPPER_ROOT;11479;15;11476;22;;;11494;10;11497;16;;;11486.5;0.0
yf_MKC_d5;30500;ASH_COATED_OSMIUM;10088;5;10085;21;;;10100;15;10102;14;;;10094.0;0.0
yf_MKC_d5;30500;INTARIAN_PEPPER_ROOT;11483;11;11481;19;;;11497;13;11499;26;;;11490.0;0.0
yf_MKC_d5;30600;ASH_COATED_OSMIUM;10092;17;10090;11;;;10098;13;10102;10;;;10095.0;0.0
yf_MKC_d5;30600;INTARIAN_PEPPER_ROOT;11490;13;11486;23;;;11496;9;11500;21;;;11493.0;0.0
yf_MKC_d5;30700;ASH_COATED_OSMIUM;10091;11;10087;19;;;10097;10;10101;16;;;10094.0;0.0
yf_MKC_d5;30700;INTARIAN_PEPPER_ROOT;11493;15;11491;27;;;11499;13;11503;16;;;11496.0;0.0
yf_MKC_d5;30800;ASH_COATED_OSMIUM;10083;17;10080;16;;;10106;21;10110;18;;;10094.5;0.0
yf_MKC_d5;30800;INTARIAN_PEPPER_ROOT;11496;21;11494;31;;;11502;22;11504;15;;;11499.0;0.0
yf_MKC_d5;30900;ASH_COATED_OSMIUM;10091;13;10089;23;;;10097;10;10100;17;;;10094.0;0.0
yf_MKC_d5;30900;INTARIAN_PEPPER_ROOT;11499;21;11495;23;;;11505;27;11509;28;;;11502.0;0.0
yf_MKC_d5;31000;ASH_COATED_OSMIUM;10091;9;10088;14;;;10097;13;10099;25;;;10094.0;0.0
yf_MKC_d5;31000;INTARIAN_PEPPER_ROOT;11502;22;11498;14;;;11508;14;11511;16;;;11505.0;0.0
yf_MKC_d5;31100;ASH_COATED_OSMIUM;10091;17;10089;23;;;10097;14;10100;21;;;10094.0;0.0
yf_MKC_d5;31100;INTARIAN_PEPPER_ROOT;11505;12;11501;24;;;11511;17;11513;15;;;11508.0;0.0
yf_MKC_d5;31200;ASH_COATED_OSMIUM;10083;9;10079;24;;;10106;18;10110;25;;;10094.5;0.0
yf_MKC_d5;31200;INTARIAN_PEPPER_ROOT;11508;11;11506;16;;;11514;22;11518;18;;;11511.0;0.0
yf_MKC_d5;31300;ASH_COATED_OSMIUM;10091;11;10088;20;;;10097;17;10099;19;;;10094.0;0.0
yf_MKC_d5;31300;INTARIAN_PEPPER_ROOT;11510;21;11506;23;;;11521;22;11524;30;;;11515.5;0.0
yf_MKC_d5;31400;ASH_COATED_OSMIUM;10091;18;10089;26;;;10097;22;10099;24;;;10094.0;0.0
yf_MKC_d5;31400;INTARIAN_PEPPER_ROOT;11515;18;11512;13;;;11521;7;11524;14;;;11518.0;0.0
yf_MKC_d5;31500;ASH_COATED_OSMIUM;10085;10;10081;8;;;10103;15;10106;30;;;10094.0;0.0
yf_MKC_d5;31500;INTARIAN_PEPPER_ROOT;11517;16;11513;23;;;11523;16;11525;19;;;11520.0;0.0
yf_MKC_d5;31600;ASH_COATED_OSMIUM;10078;24;10075;20;;;10109;5;10113;15;;;10093.5;0.0
yf_MKC_d5;31600;INTARIAN_PEPPER_ROOT;11521;7;11519;17;;;11527;6;11531;17;;;11524.0;0.0
yf_MKC_d5;31700;ASH_COATED_OSMIUM;10089;10;10086;27;;;10099;10;10102;15;;;10094.0;0.0
yf_MKC_d5;31700;INTARIAN_PEPPER_ROOT;11524;12;11520;15;;;11530;8;11534;21;;;11527.0;0.0
yf_MKC_d5;31800;ASH_COATED_OSMIUM;10091;18;10088;20;;;10097;17;10099;26;;;10094.0;0.0
yf_MKC_d5;31800;INTARIAN_PEPPER_ROOT;11520;10;11517;23;;;11541;20;11543;21;;;11530.5;0.0
yf_MKC_d5;31900;ASH_COATED_OSMIUM;10091;18;10088;16;;;10097;21;10101;22;;;10094.0;0.0
yf_MKC_d5;31900;INTARIAN_PEPPER_ROOT;11531;15;11528;19;;;11537;10;11540;17;;;11534.0;0.0
yf_MKC_d5;32000;ASH_COATED_OSMIUM;10090;14;10088;16;;;10096;9;10099;27;;;10093.0;0.0
yf_MKC_d5;32000;INTARIAN_PEPPER_ROOT;11534;10;11532;18;;;11540;13;11543;16;;;11537.0;0.0
yf_MKC_d5;32100;ASH_COATED_OSMIUM;10091;5;10088;26;;;10097;13;10101;26;;;10094.0;0.0
yf_MKC_d5;32100;INTARIAN_PEPPER_ROOT;11534;12;11531;19;;;11545;10;11548;18;;;11539.5;0.0
yf_MKC_d5;32200;ASH_COATED_OSMIUM;10089;15;10086;16;;;10099;14;10101;24;;;10094.0;0.0
yf_MKC_d5;32200;INTARIAN_PEPPER_ROOT;11529;19;11527;18;;;11558;14;11562;19;;;11543.5;0.0
yf_MKC_d5;32300;ASH_COATED_OSMIUM;10091;7;10087;14;;;10097;15;10100;17;;;10094.0;0.0
yf_MKC_d5;32300;INTARIAN_PEPPER_ROOT;11543;15;11539;19;;;11549;11;11553;29;;;11546.0;0.0
yf_MKC_d5;32400;ASH_COATED_OSMIUM;10091;13;10087;17;;;10098;15;10102;20;;;10094.5;0.0
yf_MKC_d5;32400;INTARIAN_PEPPER_ROOT;11546;16;11542;24;;;11552;13;11555;22;;;11549.0;0.0
yf_MKC_d5;32500;ASH_COATED_OSMIUM;10090;14;10088;16;;;10096;21;10098;11;;;10093.0;0.0
yf_MKC_d5;32500;INTARIAN_PEPPER_ROOT;11544;18;11541;8;;;11560;12;11562;16;;;11552.0;0.0
yf_MKC_d5;32600;ASH_COATED_OSMIUM;10088;20;10084;10;;;10100;11;10104;15;;;10094.0;0.0
yf_MKC_d5;32600;INTARIAN_PEPPER_ROOT;11549;14;11546;24;;;11563;10;11566;17;;;11556.0;0.0
yf_MKC_d5;32700;ASH_COATED_OSMIUM;10090;25;10086;22;;;10096;19;10100;22;;;10093.0;0.0
yf_MKC_d5;32700;INTARIAN_PEPPER_ROOT;11555;22;11553;18;;;11563;20;11567;19;;;11559.0;0.0
yf_MKC_d5;32800;ASH_COATED_OSMIUM;10090;10;10087;23;;;10096;19;10098;13;;;10093.0;0.0
yf_MKC_d5;32800;INTARIAN_PEPPER_ROOT;11557;15;11553;31;;;11568;5;11571;14;;;11562.5;0.0
yf_MKC_d5;32900;ASH_COATED_OSMIUM;10090;8;10086;18;;;10096;17;10098;21;;;10093.0;0.0
yf_MKC_d5;32900;INTARIAN_PEPPER_ROOT;11562;22;11559;26;;;11568;9;11570;18;;;11565.0;0.0
yf_MKC_d5;33000;ASH_COATED_OSMIUM;10084;23;10081;24;;;10103;14;10105;11;;;10093.5;0.0
yf_MKC_d5;33000;INTARIAN_PEPPER_ROOT;11562;19;11559;17;;;11574;15;11576;24;;;11568.0;0.0
yf_MKC_d5;33100;ASH_COATED_OSMIUM;10090;12;10088;21;;;10096;21;10100;11;;;10093.0;0.0
yf_MKC_d5;33100;INTARIAN_PEPPER_ROOT;11568;16;11566;19;;;11574;14;11578;12;;;11571.0;0.0
yf_MKC_d5;33200;ASH_COATED_OSMIUM;10090;18;10086;29;;;10096;16;10099;16;;;10093.0;0.0
yf_MKC_d5;33200;INTARIAN_PEPPER_ROOT;11572;18;11568;8;;;11578;12;11581;26;;;11575.0;0.0
yf_MKC_d5;33300;ASH_COATED_OSMIUM;10090;9;10088;27;;;10096;14;10098;27;;;10093.0;0.0
yf_MKC_d5;33300;INTARIAN_PEPPER_ROOT;11565;14;11561;22;;;11589;26;11593;21;;;11577.0;0.0
yf_MKC_d5;33400;ASH_COATED_OSMIUM;10090;10;10088;19;;;10098;13;10101;20;;;10094.0;0.0
yf_MKC_d5;33400;INTARIAN_PEPPER_ROOT;11579;14;11577;19;;;11585;13;11589;17;;;11582.0;0.0
yf_MKC_d5;33500;ASH_COATED_OSMIUM;10085;15;10081;11;;;10102;16;10105;25;;;10093.5;0.0
yf_MKC_d5;33500;INTARIAN_PEPPER_ROOT;11576;8;11574;19;;;11591;17;11594;22;;;11583.5;0.0
yf_MKC_d5;33600;ASH_COATED_OSMIUM;10091;11;10088;29;;;10097;12;10101;24;;;10094.0;0.0
yf_MKC_d5;33600;INTARIAN_PEPPER_ROOT;11584;16;11581;27;;;11590;16;11592;19;;;11587.0;0.0
yf_MKC_d5;33700;ASH_COATED_OSMIUM;10087;22;10084;28;;;10098;11;10100;18;;;10092.5;0.0
yf_MKC_d5;33700;INTARIAN_PEPPER_ROOT;11588;18;11585;19;;;11594;18;11596;11;;;11591.0;0.0
yf_MKC_d5;33800;ASH_COATED_OSMIUM;10090;7;10087;14;;;10096;18;10099;18;;;10093.0;0.0
yf_MKC_d5;33800;INTARIAN_PEPPER_ROOT;11590;21;11588;20;;;11596;18;11598;25;;;11593.0;0.0
yf_MKC_d5;33900;ASH_COATED_OSMIUM;10076;14;10072;14;;;10109;16;10111;23;;;10092.5;0.0
yf_MKC_d5;33900;INTARIAN_PEPPER_ROOT;11593;19;11590;25;;;11599;8;11603;20;;;11596.0;0.0
yf_MKC_d5;34000;ASH_COATED_OSMIUM;10086;11;10083;20;;;10100;18;10102;14;;;10093.0;0.0
yf_MKC_d5;34000;INTARIAN_PEPPER_ROOT;11594;15;11592;25;;;11600;11;11602;19;;;11597.0;0.0
yf_MKC_d5;34100;ASH_COATED_OSMIUM;10089;17;10087;25;;;10095;16;10098;22;;;10092.0;0.0
yf_MKC_d5;34100;INTARIAN_PEPPER_ROOT;11596;16;11594;15;;;11602;15;11604;20;;;11599.0;0.0
yf_MKC_d5;34200;ASH_COATED_OSMIUM;10090;5;10087;18;;;10096;8;10098;20;;;10093.0;0.0
yf_MKC_d5;34200;INTARIAN_PEPPER_ROOT;11597;18;11595;16;;;11605;18;11608;15;;;11601.0;0.0
yf_MKC_d5;34300;ASH_COATED_OSMIUM;10086;13;10082;24;;;10097;16;10101;20;;;10091.5;0.0
yf_MKC_d5;34300;INTARIAN_PEPPER_ROOT;11599;14;11597;21;;;11605;7;11609;15;;;11602.0;0.0
yf_MKC_d5;34400;ASH_COATED_OSMIUM;10081;9;10079;25;;;10102;5;10104;23;;;10091.5;0.0
yf_MKC_d5;34400;INTARIAN_PEPPER_ROOT;11601;15;11597;19;;;11607;11;11609;11;;;11604.0;0.0
yf_MKC_d5;34500;ASH_COATED_OSMIUM;10089;21;10086;12;;;10096;17;10100;21;;;10092.5;0.0
yf_MKC_d5;34500;INTARIAN_PEPPER_ROOT;11602;11;11599;21;;;11608;9;11612;12;;;11605.0;0.0
yf_MKC_d5;34600;ASH_COATED_OSMIUM;10089;20;10086;24;;;10095;20;10099;18;;;10092.0;0.0
yf_MKC_d5;34600;INTARIAN_PEPPER_ROOT;11603;13;11600;21;;;11609;17;11613;8;;;11606.0;0.0
yf_MKC_d5;34700;ASH_COATED_OSMIUM;10089;7;10087;18;;;10095;10;10098;15;;;10092.0;0.0
yf_MKC_d5;34700;INTARIAN_PEPPER_ROOT;11602;14;11598;24;;;11613;12;11617;13;;;11607.5;0.0
yf_MKC_d5;34800;ASH_COATED_OSMIUM;10088;15;10084;25;;;10094;15;10097;20;;;10091.0;0.0
yf_MKC_d5;34800;INTARIAN_PEPPER_ROOT;11606;21;11603;23;;;11612;23;11615;24;;;11609.0;0.0
yf_MKC_d5;34900;ASH_COATED_OSMIUM;10088;21;10086;14;;;10094;17;10097;16;;;10091.0;0.0
yf_MKC_d5;34900;INTARIAN_PEPPER_ROOT;11607;6;11603;29;;;11613;8;11617;25;;;11610.0;0.0
yf_MKC_d5;35000;ASH_COATED_OSMIUM;10087;9;10085;22;;;10094;11;10098;25;;;10090.5;0.0
yf_MKC_d5;35000;INTARIAN_PEPPER_ROOT;11609;6;11607;16;;;11615;5;11617;13;;;11612.0;0.0
yf_MKC_d5;35100;ASH_COATED_OSMIUM;10088;18;10084;21;;;10094;16;10096;31;;;10091.0;0.0
yf_MKC_d5;35100;INTARIAN_PEPPER_ROOT;11610;27;11607;20;;;11616;16;11620;14;;;11613.0;0.0
yf_MKC_d5;35200;ASH_COATED_OSMIUM;10087;16;10085;24;;;10093;13;10096;26;;;10090.0;0.0
yf_MKC_d5;35200;INTARIAN_PEPPER_ROOT;11612;14;11610;18;;;11618;13;11621;21;;;11615.0;0.0
yf_MKC_d5;35300;ASH_COATED_OSMIUM;10087;18;10085;21;;;10093;5;10096;13;;;10090.0;0.0
yf_MKC_d5;35300;INTARIAN_PEPPER_ROOT;11613;23;11609;24;;;11619;17;11623;18;;;11616.0;0.0
yf_MKC_d5;35400;ASH_COATED_OSMIUM;10083;11;10080;17;;;10097;10;10099;22;;;10090.0;0.0
yf_MKC_d5;35400;INTARIAN_PEPPER_ROOT;11614;23;11611;17;;;11620;12;11622;18;;;11617.0;0.0
yf_MKC_d5;35500;ASH_COATED_OSMIUM;10086;12;10083;15;;;10092;27;10094;22;;;10089.0;0.0
yf_MKC_d5;35500;INTARIAN_PEPPER_ROOT;11616;17;11612;28;;;11622;13;11624;15;;;11619.0;0.0
yf_MKC_d5;35600;ASH_COATED_OSMIUM;10086;13;10084;18;;;10092;12;10096;13;;;10089.0;0.0
yf_MKC_d5;35600;INTARIAN_PEPPER_ROOT;11615;19;11611;21;;;11626;22;11628;26;;;11620.5;0.0
yf_MKC_d5;35700;ASH_COATED_OSMIUM;10084;10;10081;28;;;10095;23;10098;20;;;10089.5;0.0
yf_MKC_d5;35700;INTARIAN_PEPPER_ROOT;11617;12;11613;17;;;11626;11;11630;25;;;11621.5;0.0
yf_MKC_d5;35800;ASH_COATED_OSMIUM;10085;15;10081;13;;;10092;14;10095;22;;;10088.5;0.0
yf_MKC_d5;35800;INTARIAN_PEPPER_ROOT;11616;14;11613;17;;;11632;20;11635;23;;;11624.0;0.0
yf_MKC_d5;35900;ASH_COATED_OSMIUM;10086;12;10084;17;;;10092;17;10094;22;;;10089.0;0.0
yf_MKC_d5;35900;INTARIAN_PEPPER_ROOT;11616;10;11612;17;;;11634;15;11637;17;;;11625.0;0.0
yf_MKC_d5;36000;ASH_COATED_OSMIUM;10086;18;10084;16;;;10092;10;10096;27;;;10089.0;0.0
yf_MKC_d5;36000;INTARIAN_PEPPER_ROOT;11620;16;11616;21;;;11633;21;11637;13;;;11626.5;0.0
yf_MKC_d5;36100;ASH_COATED_OSMIUM;10086;14;10084;17;;;10092;14;10094;15;;;10089.0;0.0
yf_MKC_d5;36100;INTARIAN_PEPPER_ROOT;11624;22;11621;20;;;11630;13;11633;18;;;11627.0;0.0
yf_MKC_d5;36200;ASH_COATED_OSMIUM;10084;11;10082;13;;;10092;14;10096;19;;;10088.0;0.0
yf_MKC_d5;36200;INTARIAN_PEPPER_ROOT;11625;9;11621;21;;;11631;16;11633;17;;;11628.0;0.0
yf_MKC_d5;36300;ASH_COATED_OSMIUM;10084;18;10082;16;;;10091;10;10095;20;;;10087.5;0.0
yf_MKC_d5;36300;INTARIAN_PEPPER_ROOT;11627;12;11623;17;;;11633;23;11637;13;;;11630.0;0.0
yf_MKC_d5;36400;ASH_COATED_OSMIUM;10082;9;10079;21;;;10094;19;10097;30;;;10088.0;0.0
yf_MKC_d5;36400;INTARIAN_PEPPER_ROOT;11628;9;11624;16;;;11634;14;11636;22;;;11631.0;0.0
yf_MKC_d5;36500;ASH_COATED_OSMIUM;10084;12;10081;10;;;10091;7;10094;22;;;10087.5;0.0
yf_MKC_d5;36500;INTARIAN_PEPPER_ROOT;11631;9;11627;20;;;11637;20;11639;14;;;11634.0;0.0
yf_MKC_d5;36600;ASH_COATED_OSMIUM;10080;10;10076;31;;;10095;11;10097;23;;;10087.5;0.0
yf_MKC_d5;36600;INTARIAN_PEPPER_ROOT;11631;25;11629;20;;;11637;17;11641;29;;;11634.0;0.0
yf_MKC_d5;36700;ASH_COATED_OSMIUM;10084;22;10081;17;;;10090;16;10092;14;;;10087.0;0.0
yf_MKC_d5;36700;INTARIAN_PEPPER_ROOT;11632;7;11628;21;;;11640;10;11644;23;;;11636.0;0.0
yf_MKC_d5;36800;ASH_COATED_OSMIUM;10084;15;10081;23;;;10090;14;10093;12;;;10087.0;0.0
yf_MKC_d5;36800;INTARIAN_PEPPER_ROOT;11629;15;11625;16;;;11646;18;11648;18;;;11637.5;0.0
yf_MKC_d5;36900;ASH_COATED_OSMIUM;10083;8;10081;18;;;10089;11;10091;17;;;10086.0;0.0
yf_MKC_d5;36900;INTARIAN_PEPPER_ROOT;11633;20;11631;23;;;11644;18;11646;12;;;11638.5;0.0
yf_MKC_d5;37000;ASH_COATED_OSMIUM;10080;24;10078;18;;;10094;15;10097;19;;;10087.0;0.0
yf_MKC_d5;37000;INTARIAN_PEPPER_ROOT;11637;17;11633;15;;;11643;13;11645;16;;;11640.0;0.0
yf_MKC_d5;37100;ASH_COATED_OSMIUM;10083;12;10079;14;;;10089;12;10093;12;;;10086.0;0.0
yf_MKC_d5;37100;INTARIAN_PEPPER_ROOT;11638;15;11636;19;;;11646;14;11648;20;;;11642.0;0.0
yf_MKC_d5;37200;ASH_COATED_OSMIUM;10083;17;10081;8;;;10089;14;10093;18;;;10086.0;0.0
yf_MKC_d5;37200;INTARIAN_PEPPER_ROOT;11640;13;11637;19;;;11646;13;11648;16;;;11643.0;0.0
yf_MKC_d5;37300;ASH_COATED_OSMIUM;10083;16;10079;14;;;10089;16;10092;14;;;10086.0;0.0
yf_MKC_d5;37300;INTARIAN_PEPPER_ROOT;11641;18;11637;14;;;11647;15;11649;22;;;11644.0;0.0
yf_MKC_d5;37400;ASH_COATED_OSMIUM;10082;13;10079;8;;;10088;21;10092;22;;;10085.0;0.0
yf_MKC_d5;37400;INTARIAN_PEPPER_ROOT;11643;11;11639;18;;;11649;15;11652;23;;;11646.0;0.0
yf_MKC_d5;37500;ASH_COATED_OSMIUM;10077;14;10073;19;;;10094;13;10098;16;;;10085.5;0.0
yf_MKC_d5;37500;INTARIAN_PEPPER_ROOT;11628;18;11624;23;;;11667;10;11670;12;;;11647.5;0.0
yf_MKC_d5;37600;ASH_COATED_OSMIUM;10075;7;10071;18;;;10096;19;10098;9;;;10085.5;0.0
yf_MKC_d5;37600;INTARIAN_PEPPER_ROOT;11640;19;11638;13;;;11658;13;11661;13;;;11649.0;0.0
yf_MKC_d5;37700;ASH_COATED_OSMIUM;10082;11;10078;19;;;10088;22;10091;18;;;10085.0;0.0
yf_MKC_d5;37700;INTARIAN_PEPPER_ROOT;11647;15;11645;18;;;11653;6;11656;19;;;11650.0;0.0
yf_MKC_d5;37800;ASH_COATED_OSMIUM;10072;18;10069;18;;;10097;18;10101;18;;;10084.5;0.0
yf_MKC_d5;37800;INTARIAN_PEPPER_ROOT;11642;12;11640;20;;;11660;10;11662;23;;;11651.0;0.0
yf_MKC_d5;37900;ASH_COATED_OSMIUM;10082;19;10079;14;;;10088;16;10090;27;;;10085.0;0.0
yf_MKC_d5;37900;INTARIAN_PEPPER_ROOT;11645;18;11643;24;;;11660;6;11664;15;;;11652.5;0.0
yf_MKC_d5;38000;ASH_COATED_OSMIUM;10082;5;10079;33;;;10088;23;10091;29;;;10085.0;0.0
yf_MKC_d5;38000;INTARIAN_PEPPER_ROOT;11646;22;11643;21;;;11663;11;11666;21;;;11654.5;0.0
yf_MKC_d5;38100;ASH_COATED_OSMIUM;10081;23;10079;24;;;10087;11;10091;24;;;10084.0;0.0
yf_MKC_d5;38100;INTARIAN_PEPPER_ROOT;11652;16;11648;20;;;11658;20;11660;23;;;11655.0;0.0
yf_MKC_d5;38200;ASH_COATED_OSMIUM;10081;12;10077;23;;;10087;11;10089;16;;;10084.0;0.0
yf_MKC_d5;38200;INTARIAN_PEPPER_ROOT;11654;14;11652;14;;;11660;19;11662;17;;;11657.0;0.0
yf_MKC_d5;38300;ASH_COATED_OSMIUM;10080;10;10077;18;;;10086;16;10090;24;;;10083.0;0.0
yf_MKC_d5;38300;INTARIAN_PEPPER_ROOT;11655;16;11651;34;;;11661;12;11665;18;;;11658.0;0.0
yf_MKC_d5;38400;ASH_COATED_OSMIUM;10077;13;10073;13;;;10091;10;10095;24;;;10084.0;0.0
yf_MKC_d5;38400;INTARIAN_PEPPER_ROOT;11656;23;11653;9;;;11662;10;11665;22;;;11659.0;0.0
yf_MKC_d5;38500;ASH_COATED_OSMIUM;10068;13;10065;16;;;10099;18;10102;23;;;10083.5;0.0
yf_MKC_d5;38500;INTARIAN_PEPPER_ROOT;11658;14;11656;18;;;11664;9;11668;27;;;11661.0;0.0
yf_MKC_d5;38600;ASH_COATED_OSMIUM;10079;11;10077;23;;;10087;16;10089;30;;;10083.0;0.0
yf_MKC_d5;38600;INTARIAN_PEPPER_ROOT;11658;24;11655;21;;;11668;24;11670;18;;;11663.0;0.0
yf_MKC_d5;38700;ASH_COATED_OSMIUM;10072;17;10070;17;;;10093;16;10097;16;;;10082.5;0.0
yf_MKC_d5;38700;INTARIAN_PEPPER_ROOT;11662;14;11659;14;;;11668;13;11672;21;;;11665.0;0.0
yf_MKC_d5;38800;ASH_COATED_OSMIUM;10068;19;10066;20;;;10096;8;10098;17;;;10082.0;0.0
yf_MKC_d5;38800;INTARIAN_PEPPER_ROOT;11663;9;11660;17;;;11669;12;11672;19;;;11666.0;0.0
yf_MKC_d5;38900;ASH_COATED_OSMIUM;10079;12;10077;12;;;10085;21;10088;14;;;10082.0;0.0
yf_MKC_d5;38900;INTARIAN_PEPPER_ROOT;11651;19;11647;24;;;11684;9;11687;27;;;11667.5;0.0
yf_MKC_d5;39000;ASH_COATED_OSMIUM;10073;16;10069;14;;;10090;9;10094;12;;;10081.5;0.0
yf_MKC_d5;39000;INTARIAN_PEPPER_ROOT;11665;12;11661;12;;;11672;5;11676;31;;;11668.5;0.0
yf_MKC_d5;39100;ASH_COATED_OSMIUM;10075;7;10073;22;;;10088;15;10091;10;;;10081.5;0.0
yf_MKC_d5;39100;INTARIAN_PEPPER_ROOT;11661;13;11659;25;;;11679;19;11681;15;;;11670.0;0.0
yf_MKC_d5;39200;ASH_COATED_OSMIUM;10071;7;10068;22;;;10091;23;10093;29;;;10081.0;0.0
yf_MKC_d5;39200;INTARIAN_PEPPER_ROOT;11668;15;11666;16;;;11674;10;11677;18;;;11671.0;0.0
yf_MKC_d5;39300;ASH_COATED_OSMIUM;10078;19;10076;27;;;10084;18;10087;21;;;10081.0;0.0
yf_MKC_d5;39300;INTARIAN_PEPPER_ROOT;11669;11;11666;23;;;11676;13;11679;22;;;11672.5;0.0
yf_MKC_d5;39400;ASH_COATED_OSMIUM;10078;9;10075;20;;;10084;14;10087;17;;;10081.0;0.0
yf_MKC_d5;39400;INTARIAN_PEPPER_ROOT;11660;12;11658;18;;;11689;26;11693;20;;;11674.5;0.0
yf_MKC_d5;39500;ASH_COATED_OSMIUM;10072;18;10069;24;;;10088;15;10092;17;;;10080.0;0.0
yf_MKC_d5;39500;INTARIAN_PEPPER_ROOT;11672;13;11670;28;;;11678;21;11680;29;;;11675.0;0.0
yf_MKC_d5;39600;ASH_COATED_OSMIUM;10075;15;10072;25;;;10087;10;10090;25;;;10081.0;0.0
yf_MKC_d5;39600;INTARIAN_PEPPER_ROOT;11674;17;11670;15;;;11680;5;11683;25;;;11677.0;0.0
yf_MKC_d5;39700;ASH_COATED_OSMIUM;10077;23;10075;20;;;10083;11;10085;26;;;10080.0;0.0
yf_MKC_d5;39700;INTARIAN_PEPPER_ROOT;11673;6;11671;17;;;11682;16;11684;17;;;11677.5;0.0
yf_MKC_d5;39800;ASH_COATED_OSMIUM;10075;13;10071;15;;;10086;18;10089;23;;;10080.5;0.0
yf_MKC_d5;39800;INTARIAN_PEPPER_ROOT;11677;12;11673;24;;;11683;17;11686;19;;;11680.0;0.0
yf_MKC_d5;39900;ASH_COATED_OSMIUM;10077;6;10074;18;;;10084;15;10088;18;;;10080.5;0.0
yf_MKC_d5;39900;INTARIAN_PEPPER_ROOT;11678;18;11675;15;;;11685;12;11687;24;;;11681.5;0.0
yf_MKC_d5;40000;ASH_COATED_OSMIUM;10074;5;10070;16;;;10087;14;10091;21;;;10080.5;0.0
yf_MKC_d5;40000;INTARIAN_PEPPER_ROOT;11680;25;11678;15;;;11686;16;11689;15;;;11683.0;0.0
yf_MKC_d5;40100;ASH_COATED_OSMIUM;10073;16;10071;16;;;10086;18;10090;19;;;10079.5;0.0
yf_MKC_d5;40100;INTARIAN_PEPPER_ROOT;11681;15;11677;15;;;11687;10;11691;12;;;11684.0;0.0
yf_MKC_d5;40200;ASH_COATED_OSMIUM;10076;9;10074;21;;;10084;11;10087;15;;;10080.0;0.0
yf_MKC_d5;40200;INTARIAN_PEPPER_ROOT;11674;15;11670;14;;;11696;14;11699;22;;;11685.0;0.0
yf_MKC_d5;40300;ASH_COATED_OSMIUM;10075;12;10073;23;;;10083;11;10087;15;;;10079.0;0.0
yf_MKC_d5;40300;INTARIAN_PEPPER_ROOT;11684;17;11680;26;;;11690;9;11692;13;;;11687.0;0.0
yf_MKC_d5;40400;ASH_COATED_OSMIUM;10076;7;10074;15;;;10082;17;10085;20;;;10079.0;0.0
yf_MKC_d5;40400;INTARIAN_PEPPER_ROOT;11685;5;11682;19;;;11691;13;11695;19;;;11688.0;0.0
yf_MKC_d5;40500;ASH_COATED_OSMIUM;10073;16;10071;17;;;10085;22;10089;18;;;10079.0;0.0
yf_MKC_d5;40500;INTARIAN_PEPPER_ROOT;11687;16;11684;8;;;11693;11;11696;19;;;11690.0;0.0
yf_MKC_d5;40600;ASH_COATED_OSMIUM;10075;22;10072;8;;;10081;5;10084;21;;;10078.0;0.0
yf_MKC_d5;40600;INTARIAN_PEPPER_ROOT;11688;22;11685;21;;;11695;13;11698;8;;;11691.5;0.0
yf_MKC_d5;40700;ASH_COATED_OSMIUM;10076;5;10072;31;;;10082;6;10086;26;;;10079.0;0.0
yf_MKC_d5;40700;INTARIAN_PEPPER_ROOT;11689;19;11686;19;;;11695;10;11697;27;;;11692.0;0.0
yf_MKC_d5;40800;ASH_COATED_OSMIUM;10075;8;10071;16;;;10081;14;10084;18;;;10078.0;0.0
yf_MKC_d5;40800;INTARIAN_PEPPER_ROOT;11687;18;11684;18;;;11701;10;11703;25;;;11694.0;0.0
yf_MKC_d5;40900;ASH_COATED_OSMIUM;10063;14;10059;32;;;10094;19;10097;13;;;10078.5;0.0
yf_MKC_d5;40900;INTARIAN_PEPPER_ROOT;11692;13;11688;21;;;11698;9;11700;19;;;11695.0;0.0
yf_MKC_d5;41000;ASH_COATED_OSMIUM;10073;14;10070;19;;;10084;14;10088;29;;;10078.5;0.0
yf_MKC_d5;41000;INTARIAN_PEPPER_ROOT;11694;14;11692;12;;;11700;22;11704;19;;;11697.0;0.0
yf_MKC_d5;41100;ASH_COATED_OSMIUM;10074;17;10070;20;;;10080;17;10083;14;;;10077.0;0.0
yf_MKC_d5;41100;INTARIAN_PEPPER_ROOT;11695;17;11692;16;;;11701;7;11704;24;;;11698.0;0.0
yf_MKC_d5;41200;ASH_COATED_OSMIUM;10075;8;10071;14;;;10081;13;10085;13;;;10078.0;0.0
yf_MKC_d5;41200;INTARIAN_PEPPER_ROOT;11696;9;11692;20;;;11702;6;11704;21;;;11699.0;0.0
yf_MKC_d5;41300;ASH_COATED_OSMIUM;10074;14;10072;12;;;10080;14;10083;20;;;10077.0;0.0
yf_MKC_d5;41300;INTARIAN_PEPPER_ROOT;11698;10;11695;8;;;11704;18;11706;12;;;11701.0;0.0
yf_MKC_d5;41400;ASH_COATED_OSMIUM;10074;15;10072;15;;;10080;17;10084;19;;;10077.0;0.0
yf_MKC_d5;41400;INTARIAN_PEPPER_ROOT;11697;16;11694;17;;;11707;15;11711;18;;;11702.0;0.0
yf_MKC_d5;41500;ASH_COATED_OSMIUM;10065;17;10062;22;;;10088;14;10090;16;;;10076.5;0.0
yf_MKC_d5;41500;INTARIAN_PEPPER_ROOT;11691;14;11689;23;;;11714;21;11716;10;;;11702.5;0.0
yf_MKC_d5;41600;ASH_COATED_OSMIUM;10073;21;10071;22;;;10079;18;10081;20;;;10076.0;0.0
yf_MKC_d5;41600;INTARIAN_PEPPER_ROOT;11702;16;11700;17;;;11708;20;11711;19;;;11705.0;0.0
yf_MKC_d5;41700;ASH_COATED_OSMIUM;10074;11;10071;13;;;10080;17;10083;22;;;10077.0;0.0
yf_MKC_d5;41700;INTARIAN_PEPPER_ROOT;11697;16;11695;16;;;11715;7;11718;22;;;11706.0;0.0
yf_MKC_d5;41800;ASH_COATED_OSMIUM;10073;19;10070;19;;;10079;8;10081;13;;;10076.0;0.0
yf_MKC_d5;41800;INTARIAN_PEPPER_ROOT;11698;11;11696;26;;;11717;15;11720;25;;;11707.5;0.0
yf_MKC_d5;41900;ASH_COATED_OSMIUM;10070;10;10066;21;;;10082;5;10084;17;;;10076.0;0.0
yf_MKC_d5;41900;INTARIAN_PEPPER_ROOT;11692;12;11690;20;;;11727;13;11731;25;;;11709.5;0.0
yf_MKC_d5;42000;ASH_COATED_OSMIUM;10072;11;10070;9;;;10079;10;10082;9;;;10075.5;0.0
yf_MKC_d5;42000;INTARIAN_PEPPER_ROOT;11706;6;11703;11;;;11716;14;11720;11;;;11711.0;0.0
yf_MKC_d5;42100;ASH_COATED_OSMIUM;10072;13;10070;22;;;10078;19;10080;17;;;10075.0;0.0
yf_MKC_d5;42100;INTARIAN_PEPPER_ROOT;11705;11;11703;8;;;11718;9;11722;18;;;11711.5;0.0
yf_MKC_d5;42200;ASH_COATED_OSMIUM;10069;5;10066;20;;;10080;13;10082;12;;;10074.5;0.0
yf_MKC_d5;42200;INTARIAN_PEPPER_ROOT;11710;9;11708;24;;;11716;10;11720;25;;;11713.0;0.0
yf_MKC_d5;42300;ASH_COATED_OSMIUM;10072;18;10068;16;;;10078;9;10081;17;;;10075.0;0.0
yf_MKC_d5;42300;INTARIAN_PEPPER_ROOT;11711;8;11707;23;;;11719;27;11721;18;;;11715.0;0.0
yf_MKC_d5;42400;ASH_COATED_OSMIUM;10072;19;10068;17;;;10078;18;10080;19;;;10075.0;0.0
yf_MKC_d5;42400;INTARIAN_PEPPER_ROOT;11713;14;11709;20;;;11719;14;11723;21;;;11716.0;0.0
yf_MKC_d5;42500;ASH_COATED_OSMIUM;10071;7;10068;20;;;10079;24;10083;20;;;10075.0;0.0
yf_MKC_d5;42500;INTARIAN_PEPPER_ROOT;11714;10;11712;11;;;11720;17;11724;17;;;11717.0;0.0
yf_MKC_d5;42600;ASH_COATED_OSMIUM;10071;13;10067;20;;;10077;12;10081;13;;;10074.0;0.0
yf_MKC_d5;42600;INTARIAN_PEPPER_ROOT;11716;14;11713;19;;;11722;16;11724;13;;;11719.0;0.0
yf_MKC_d5;42700;ASH_COATED_OSMIUM;10071;15;10067;21;;;10077;22;10079;20;;;10074.0;0.0
yf_MKC_d5;42700;INTARIAN_PEPPER_ROOT;11717;17;11713;26;;;11723;14;11725;19;;;11720.0;0.0
yf_MKC_d5;42800;ASH_COATED_OSMIUM;10071;11;10068;24;;;10077;14;10080;17;;;10074.0;0.0
yf_MKC_d5;42800;INTARIAN_PEPPER_ROOT;11719;14;11716;17;;;11725;16;11728;20;;;11722.0;0.0
yf_MKC_d5;42900;ASH_COATED_OSMIUM;10070;11;10066;25;;;10076;15;10079;14;;;10073.0;0.0
yf_MKC_d5;42900;INTARIAN_PEPPER_ROOT;11721;11;11719;26;;;11727;16;11730;20;;;11724.0;0.0
yf_MKC_d5;43000;ASH_COATED_OSMIUM;10070;12;10066;29;;;10076;30;10079;19;;;10073.0;0.0
yf_MKC_d5;43000;INTARIAN_PEPPER_ROOT;11722;5;11720;14;;;11728;16;11732;27;;;11725.0;0.0
yf_MKC_d5;43100;ASH_COATED_OSMIUM;10070;10;10067;22;;;10076;11;10078;18;;;10073.0;0.0
yf_MKC_d5;43100;INTARIAN_PEPPER_ROOT;11723;18;11720;16;;;11729;10;11732;20;;;11726.0;0.0
yf_MKC_d5;43200;ASH_COATED_OSMIUM;10070;17;10067;18;;;10076;5;10078;10;;;10073.0;0.0
yf_MKC_d5;43200;INTARIAN_PEPPER_ROOT;11724;25;11720;21;;;11730;16;11733;19;;;11727.0;0.0
yf_MKC_d5;43300;ASH_COATED_OSMIUM;10050;20;10047;27;;;10095;6;10098;20;;;10072.5;0.0
yf_MKC_d5;43300;INTARIAN_PEPPER_ROOT;11726;22;11722;27;;;11732;15;11736;29;;;11729.0;0.0
yf_MKC_d5;43400;ASH_COATED_OSMIUM;10060;17;10056;14;;;10084;13;10088;16;;;10072.0;0.0
yf_MKC_d5;43400;INTARIAN_PEPPER_ROOT;11727;20;11724;15;;;11733;5;11736;17;;;11730.0;0.0
yf_MKC_d5;43500;ASH_COATED_OSMIUM;10069;15;10066;15;;;10077;19;10081;21;;;10073.0;0.0
yf_MKC_d5;43500;INTARIAN_PEPPER_ROOT;11727;7;11724;25;;;11737;13;11739;20;;;11732.0;0.0
yf_MKC_d5;43600;ASH_COATED_OSMIUM;10062;11;10058;25;;;10082;15;10084;24;;;10072.0;0.0
yf_MKC_d5;43600;INTARIAN_PEPPER_ROOT;11730;15;11727;19;;;11736;16;11740;21;;;11733.0;0.0
yf_MKC_d5;43700;ASH_COATED_OSMIUM;10061;21;10057;25;;;10083;16;10087;20;;;10072.0;0.0
yf_MKC_d5;43700;INTARIAN_PEPPER_ROOT;11732;9;11729;19;;;11738;11;11740;27;;;11735.0;0.0
yf_MKC_d5;43800;ASH_COATED_OSMIUM;10057;20;10055;22;;;10087;17;10089;30;;;10072.0;0.0
yf_MKC_d5;43800;INTARIAN_PEPPER_ROOT;11729;17;11727;21;;;11744;24;11746;16;;;11736.5;0.0
yf_MKC_d5;43900;ASH_COATED_OSMIUM;10068;13;10064;25;;;10074;17;10078;26;;;10071.0;0.0
yf_MKC_d5;43900;INTARIAN_PEPPER_ROOT;11735;15;11732;14;;;11741;9;11745;20;;;11738.0;0.0
yf_MKC_d5;44000;ASH_COATED_OSMIUM;10069;8;10067;30;;;10075;23;10079;16;;;10072.0;0.0
yf_MKC_d5;44000;INTARIAN_PEPPER_ROOT;11736;18;11734;17;;;11742;26;11744;20;;;11739.0;0.0
yf_MKC_d5;44100;ASH_COATED_OSMIUM;10058;17;10056;17;;;10083;30;10086;25;;;10070.5;0.0
yf_MKC_d5;44100;INTARIAN_PEPPER_ROOT;11738;15;11736;22;;;11744;14;11748;8;;;11741.0;0.0
yf_MKC_d5;44200;ASH_COATED_OSMIUM;10068;13;10064;25;;;10074;15;10078;18;;;10071.0;0.0
yf_MKC_d5;44200;INTARIAN_PEPPER_ROOT;11738;14;11735;28;;;11744;17;11747;30;;;11741.0;0.0
yf_MKC_d5;44300;ASH_COATED_OSMIUM;10068;22;10065;21;;;10074;26;10076;22;;;10071.0;0.0
yf_MKC_d5;44300;INTARIAN_PEPPER_ROOT;11737;15;11735;20;;;11750;18;11753;23;;;11743.5;0.0
yf_MKC_d5;44400;ASH_COATED_OSMIUM;10068;17;10064;18;;;10074;15;10077;30;;;10071.0;0.0
yf_MKC_d5;44400;INTARIAN_PEPPER_ROOT;11741;11;11738;15;;;11747;14;11751;22;;;11744.0;0.0
yf_MKC_d5;44500;ASH_COATED_OSMIUM;10064;22;10060;24;;;10075;14;10077;23;;;10069.5;0.0
yf_MKC_d5;44500;INTARIAN_PEPPER_ROOT;11743;13;11741;19;;;11749;16;11753;13;;;11746.0;0.0
yf_MKC_d5;44600;ASH_COATED_OSMIUM;10067;12;10064;21;;;10073;18;10075;24;;;10070.0;0.0
yf_MKC_d5;44600;INTARIAN_PEPPER_ROOT;11745;11;11741;18;;;11751;15;11753;14;;;11748.0;0.0
yf_MKC_d5;44700;ASH_COATED_OSMIUM;10067;6;10065;22;;;10073;17;10075;20;;;10070.0;0.0
yf_MKC_d5;44700;INTARIAN_PEPPER_ROOT;11745;12;11741;15;;;11751;20;11753;14;;;11748.0;0.0
yf_MKC_d5;44800;ASH_COATED_OSMIUM;10066;25;10064;24;;;10072;8;10076;23;;;10069.0;0.0
yf_MKC_d5;44800;INTARIAN_PEPPER_ROOT;11741;15;11738;24;;;11760;15;11762;12;;;11750.5;0.0
yf_MKC_d5;44900;ASH_COATED_OSMIUM;10066;21;10063;21;;;10072;17;10076;21;;;10069.0;0.0
yf_MKC_d5;44900;INTARIAN_PEPPER_ROOT;11749;7;11745;26;;;11755;9;11758;22;;;11752.0;0.0
yf_MKC_d5;45000;ASH_COATED_OSMIUM;10066;9;10064;21;;;10073;15;10076;19;;;10069.5;0.0
yf_MKC_d5;45000;INTARIAN_PEPPER_ROOT;11751;17;11748;22;;;11757;13;11761;25;;;11754.0;0.0
yf_MKC_d5;45100;ASH_COATED_OSMIUM;10061;5;10057;15;;;10076;17;10078;17;;;10068.5;0.0
yf_MKC_d5;45100;INTARIAN_PEPPER_ROOT;11751;13;11749;23;;;11757;9;11759;24;;;11754.0;0.0
yf_MKC_d5;45200;ASH_COATED_OSMIUM;10066;15;10064;22;;;10072;12;10074;25;;;10069.0;0.0
yf_MKC_d5;45200;INTARIAN_PEPPER_ROOT;11753;13;11751;18;;;11759;7;11763;19;;;11756.0;0.0
yf_MKC_d5;45300;ASH_COATED_OSMIUM;10065;19;10063;25;;;10071;5;10073;23;;;10068.0;0.0
yf_MKC_d5;45300;INTARIAN_PEPPER_ROOT;11754;16;11750;19;;;11761;20;11763;19;;;11757.5;0.0
yf_MKC_d5;45400;ASH_COATED_OSMIUM;10065;16;10062;17;;;10071;5;10075;23;;;10068.0;0.0
yf_MKC_d5;45400;INTARIAN_PEPPER_ROOT;11753;5;11749;26;;;11764;10;11767;22;;;11758.5;0.0
yf_MKC_d5;45500;ASH_COATED_OSMIUM;10065;15;10063;11;;;10071;15;10075;14;;;10068.0;0.0
yf_MKC_d5;45500;INTARIAN_PEPPER_ROOT;11745;17;11741;21;;;11775;14;11777;25;;;11760.0;0.0
yf_MKC_d5;45600;ASH_COATED_OSMIUM;10063;15;10060;9;;;10072;9;10076;13;;;10067.5;0.0
yf_MKC_d5;45600;INTARIAN_PEPPER_ROOT;11758;11;11756;17;;;11766;13;11770;24;;;11762.0;0.0
yf_MKC_d5;45700;ASH_COATED_OSMIUM;10064;16;10062;26;;;10070;9;10074;15;;;10067.0;0.0
yf_MKC_d5;45700;INTARIAN_PEPPER_ROOT;11760;21;11757;22;;;11766;6;11770;16;;;11763.0;0.0
yf_MKC_d5;45800;ASH_COATED_OSMIUM;10055;10;10051;29;;;10078;14;10082;17;;;10066.5;0.0
yf_MKC_d5;45800;INTARIAN_PEPPER_ROOT;11761;13;11759;21;;;11767;14;11770;26;;;11764.0;0.0
yf_MKC_d5;45900;ASH_COATED_OSMIUM;10063;19;10061;18;;;10071;18;10073;28;;;10067.0;0.0
yf_MKC_d5;45900;INTARIAN_PEPPER_ROOT;11763;10;11761;19;;;11770;19;11772;16;;;11766.5;0.0
yf_MKC_d5;46000;ASH_COATED_OSMIUM;10050;11;10048;21;;;10083;13;10085;16;;;10066.5;0.0
yf_MKC_d5;46000;INTARIAN_PEPPER_ROOT;11764;16;11762;17;;;11770;22;11772;15;;;11767.0;0.0
yf_MKC_d5;46100;ASH_COATED_OSMIUM;10056;10;10053;18;;;10077;13;10081;19;;;10066.5;0.0
yf_MKC_d5;46100;INTARIAN_PEPPER_ROOT;11765;19;11761;24;;;11773;5;11775;23;;;11769.0;0.0
yf_MKC_d5;46200;ASH_COATED_OSMIUM;10062;12;10059;14;;;10071;15;10075;21;;;10066.5;0.0
yf_MKC_d5;46200;INTARIAN_PEPPER_ROOT;11766;10;11762;19;;;11772;20;11775;19;;;11769.0;0.0
yf_MKC_d5;46300;ASH_COATED_OSMIUM;10063;5;10060;26;;;10069;18;10072;19;;;10066.0;0.0
yf_MKC_d5;46300;INTARIAN_PEPPER_ROOT;11768;10;11764;25;;;11774;15;11778;19;;;11771.0;0.0
yf_MKC_d5;46400;ASH_COATED_OSMIUM;10061;13;10057;24;;;10072;20;10074;16;;;10066.5;0.0
yf_MKC_d5;46400;INTARIAN_PEPPER_ROOT;11770;12;11768;21;;;11776;16;11780;13;;;11773.0;0.0
yf_MKC_d5;46500;ASH_COATED_OSMIUM;10063;13;10060;19;;;10069;8;10073;24;;;10066.0;0.0
yf_MKC_d5;46500;INTARIAN_PEPPER_ROOT;11771;28;11767;25;;;11777;9;11780;21;;;11774.0;0.0
yf_MKC_d5;46600;ASH_COATED_OSMIUM;10059;28;10056;25;;;10073;16;10077;31;;;10066.0;0.0
yf_MKC_d5;46600;INTARIAN_PEPPER_ROOT;11773;18;11770;12;;;11779;20;11783;25;;;11776.0;0.0
yf_MKC_d5;46700;ASH_COATED_OSMIUM;10062;12;10059;18;;;10068;12;10070;11;;;10065.0;0.0
yf_MKC_d5;46700;INTARIAN_PEPPER_ROOT;11774;25;11772;18;;;11780;15;11784;26;;;11777.0;0.0
yf_MKC_d5;46800;ASH_COATED_OSMIUM;10058;18;10056;12;;;10071;16;10075;20;;;10064.5;0.0
yf_MKC_d5;46800;INTARIAN_PEPPER_ROOT;11771;14;11768;14;;;11785;9;11789;25;;;11778.0;0.0
yf_MKC_d5;46900;ASH_COATED_OSMIUM;10062;6;10058;19;;;10068;7;10071;20;;;10065.0;0.0
yf_MKC_d5;46900;INTARIAN_PEPPER_ROOT;11774;11;11772;19;;;11786;16;11788;21;;;11780.0;0.0
yf_MKC_d5;47000;ASH_COATED_OSMIUM;10062;15;10059;13;;;10068;17;10070;13;;;10065.0;0.0
yf_MKC_d5;47000;INTARIAN_PEPPER_ROOT;11778;8;11776;13;;;11784;8;11787;17;;;11781.0;0.0
yf_MKC_d5;47100;ASH_COATED_OSMIUM;10057;13;10054;11;;;10072;17;10075;17;;;10064.5;0.0
yf_MKC_d5;47100;INTARIAN_PEPPER_ROOT;11780;18;11778;10;;;11786;15;11789;11;;;11783.0;0.0
yf_MKC_d5;47200;ASH_COATED_OSMIUM;10056;17;10053;24;;;10071;15;10075;28;;;10063.5;0.0
yf_MKC_d5;47200;INTARIAN_PEPPER_ROOT;11781;16;11779;22;;;11787;5;11789;27;;;11784.0;0.0
yf_MKC_d5;47300;ASH_COATED_OSMIUM;10061;15;10059;17;;;10067;16;10071;27;;;10064.0;0.0
yf_MKC_d5;47300;INTARIAN_PEPPER_ROOT;11783;14;11780;28;;;11789;13;11791;18;;;11786.0;0.0
yf_MKC_d5;47400;ASH_COATED_OSMIUM;10060;8;10056;14;;;10068;15;10071;19;;;10064.0;0.0
yf_MKC_d5;47400;INTARIAN_PEPPER_ROOT;11783;24;11780;18;;;11791;15;11793;17;;;11787.0;0.0
yf_MKC_d5;47500;ASH_COATED_OSMIUM;10055;19;10053;26;;;10072;24;10075;22;;;10063.5;0.0
yf_MKC_d5;47500;INTARIAN_PEPPER_ROOT;11785;15;11781;17;;;11791;16;11793;21;;;11788.0;0.0
yf_MKC_d5;47600;ASH_COATED_OSMIUM;10060;20;10057;24;;;10066;15;10069;29;;;10063.0;0.0
yf_MKC_d5;47600;INTARIAN_PEPPER_ROOT;11787;17;11783;11;;;11793;8;11795;21;;;11790.0;0.0
yf_MKC_d5;47700;ASH_COATED_OSMIUM;10060;21;10057;27;;;10066;10;10070;26;;;10063.0;0.0
yf_MKC_d5;47700;INTARIAN_PEPPER_ROOT;11783;16;11779;18;;;11799;18;11802;23;;;11791.0;0.0
yf_MKC_d5;47800;ASH_COATED_OSMIUM;10060;5;10056;19;;;10066;9;10070;22;;;10063.0;0.0
yf_MKC_d5;47800;INTARIAN_PEPPER_ROOT;11790;15;11787;19;;;11796;21;11800;19;;;11793.0;0.0
yf_MKC_d5;47900;ASH_COATED_OSMIUM;10059;16;10056;26;;;10068;23;10071;26;;;10063.5;0.0
yf_MKC_d5;47900;INTARIAN_PEPPER_ROOT;11785;7;11783;25;;;11802;13;11806;12;;;11793.5;0.0
yf_MKC_d5;48000;ASH_COATED_OSMIUM;10060;16;10057;18;;;10066;9;10069;21;;;10063.0;0.0
yf_MKC_d5;48000;INTARIAN_PEPPER_ROOT;11783;10;11781;19;;;11810;13;11812;16;;;11796.5;0.0
yf_MKC_d5;48100;ASH_COATED_OSMIUM;10058;15;10056;16;;;10067;10;10069;17;;;10062.5;0.0
yf_MKC_d5;48100;INTARIAN_PEPPER_ROOT;11794;18;11791;24;;;11800;10;11802;14;;;11797.0;0.0
yf_MKC_d5;48200;ASH_COATED_OSMIUM;10053;17;10049;19;;;10071;14;10073;23;;;10062.0;0.0
yf_MKC_d5;48200;INTARIAN_PEPPER_ROOT;11794;19;11791;20;;;11801;15;11803;17;;;11797.5;0.0
yf_MKC_d5;48300;ASH_COATED_OSMIUM;10059;16;10055;20;;;10065;6;10069;15;;;10062.0;0.0
yf_MKC_d5;48300;INTARIAN_PEPPER_ROOT;11786;11;11782;28;;;11812;21;11815;31;;;11799.0;0.0
yf_MKC_d5;48400;ASH_COATED_OSMIUM;10046;20;10042;24;;;10079;15;10082;14;;;10062.5;0.0
yf_MKC_d5;48400;INTARIAN_PEPPER_ROOT;11792;8;11788;15;;;11810;11;11812;27;;;11801.0;0.0
yf_MKC_d5;48500;ASH_COATED_OSMIUM;10059;17;10056;32;;;10065;24;10068;25;;;10062.0;0.0
yf_MKC_d5;48500;INTARIAN_PEPPER_ROOT;11799;18;11797;23;;;11805;16;11808;12;;;11802.0;0.0
yf_MKC_d5;48600;ASH_COATED_OSMIUM;10058;21;10056;24;;;10064;14;10066;24;;;10061.0;0.0
yf_MKC_d5;48600;INTARIAN_PEPPER_ROOT;11799;12;11795;16;;;11809;16;11813;15;;;11804.0;0.0
yf_MKC_d5;48700;ASH_COATED_OSMIUM;10058;14;10056;24;;;10064;17;10067;17;;;10061.0;0.0
yf_MKC_d5;48700;INTARIAN_PEPPER_ROOT;11789;9;11786;17;;;11823;16;11826;26;;;11806.0;0.0
yf_MKC_d5;48800;ASH_COATED_OSMIUM;10058;11;10055;16;;;10064;19;10067;11;;;10061.0;0.0
yf_MKC_d5;48800;INTARIAN_PEPPER_ROOT;11801;12;11798;27;;;11813;18;11816;18;;;11807.0;0.0
yf_MKC_d5;48900;ASH_COATED_OSMIUM;10052;8;10049;17;;;10069;10;10072;10;;;10060.5;0.0
yf_MKC_d5;48900;INTARIAN_PEPPER_ROOT;11804;24;11800;17;;;11812;13;11816;18;;;11808.0;0.0
yf_MKC_d5;49000;ASH_COATED_OSMIUM;10058;25;10054;21;;;10064;11;10067;20;;;10061.0;0.0
yf_MKC_d5;49000;INTARIAN_PEPPER_ROOT;11806;12;11802;28;;;11812;16;11816;21;;;11809.0;0.0
yf_MKC_d5;49100;ASH_COATED_OSMIUM;10057;9;10053;21;;;10063;8;10066;26;;;10060.0;0.0
yf_MKC_d5;49100;INTARIAN_PEPPER_ROOT;11800;14;11796;23;;;11822;12;11825;19;;;11811.0;0.0
yf_MKC_d5;49200;ASH_COATED_OSMIUM;10053;13;10050;22;;;10069;24;10073;21;;;10061.0;0.0
yf_MKC_d5;49200;INTARIAN_PEPPER_ROOT;11809;9;11806;23;;;11815;19;11817;24;;;11812.0;0.0
yf_MKC_d5;49300;ASH_COATED_OSMIUM;10053;23;10049;30;;;10067;20;10069;20;;;10060.0;0.0
yf_MKC_d5;49300;INTARIAN_PEPPER_ROOT;11808;14;11805;12;;;11820;14;11822;12;;;11814.0;0.0
yf_MKC_d5;49400;ASH_COATED_OSMIUM;10057;13;10055;23;;;10063;12;10066;21;;;10060.0;0.0
yf_MKC_d5;49400;INTARIAN_PEPPER_ROOT;11812;5;11810;16;;;11818;8;11822;11;;;11815.0;0.0
yf_MKC_d5;49500;ASH_COATED_OSMIUM;10051;16;10049;23;;;10069;10;10071;12;;;10060.0;0.0
yf_MKC_d5;49500;INTARIAN_PEPPER_ROOT;11810;13;11806;21;;;11822;17;11825;13;;;11816.0;0.0
yf_MKC_d5;49600;ASH_COATED_OSMIUM;10056;13;10054;22;;;10062;14;10064;18;;;10059.0;0.0
yf_MKC_d5;49600;INTARIAN_PEPPER_ROOT;11815;14;11811;19;;;11821;5;11824;20;;;11818.0;0.0
yf_MKC_d5;49700;ASH_COATED_OSMIUM;10055;16;10052;21;;;10065;23;10069;29;;;10060.0;0.0
yf_MKC_d5;49700;INTARIAN_PEPPER_ROOT;11815;11;11811;28;;;11824;9;11826;15;;;11819.5;0.0
yf_MKC_d5;49800;ASH_COATED_OSMIUM;10056;15;10052;23;;;10062;21;10066;11;;;10059.0;0.0
yf_MKC_d5;49800;INTARIAN_PEPPER_ROOT;11818;29;11814;31;;;11824;21;11828;15;;;11821.0;0.0
yf_MKC_d5;49900;ASH_COATED_OSMIUM;10055;19;10052;24;;;10062;7;10066;25;;;10058.5;0.0
yf_MKC_d5;49900;INTARIAN_PEPPER_ROOT;11819;18;11816;22;;;11825;11;11829;15;;;11822.0;0.0
yf_MKC_d5;50000;ASH_COATED_OSMIUM;10055;12;10052;19;;;10061;23;10064;21;;;10058.0;0.0
yf_MKC_d5;50000;INTARIAN_PEPPER_ROOT;11820;18;11817;21;;;11826;18;11829;28;;;11823.0;0.0
yf_MKC_d5;50100;ASH_COATED_OSMIUM;10048;13;10046;18;;;10068;23;10072;14;;;10058.0;0.0
yf_MKC_d5;50100;INTARIAN_PEPPER_ROOT;11822;19;11820;27;;;11828;12;11831;19;;;11825.0;0.0
yf_MKC_d5;50200;ASH_COATED_OSMIUM;10055;6;10051;20;;;10061;15;10064;8;;;10058.0;0.0
yf_MKC_d5;50200;INTARIAN_PEPPER_ROOT;11824;19;11821;24;;;11830;20;11833;25;;;11827.0;0.0
yf_MKC_d5;50300;ASH_COATED_OSMIUM;10055;18;10052;11;;;10061;10;10063;18;;;10058.0;0.0
yf_MKC_d5;50300;INTARIAN_PEPPER_ROOT;11811;10;11808;20;;;11844;12;11848;15;;;11827.5;0.0
yf_MKC_d5;50400;ASH_COATED_OSMIUM;10055;13;10053;23;;;10061;25;10065;19;;;10058.0;0.0
yf_MKC_d5;50400;INTARIAN_PEPPER_ROOT;11826;28;11822;15;;;11833;17;11837;19;;;11829.5;0.0
yf_MKC_d5;50500;ASH_COATED_OSMIUM;10054;19;10050;16;;;10060;18;10062;18;;;10057.0;0.0
yf_MKC_d5;50500;INTARIAN_PEPPER_ROOT;11821;24;11819;24;;;11840;15;11844;22;;;11830.5;0.0
yf_MKC_d5;50600;ASH_COATED_OSMIUM;10054;22;10050;19;;;10060;20;10062;24;;;10057.0;0.0
yf_MKC_d5;50600;INTARIAN_PEPPER_ROOT;11829;13;11827;20;;;11836;8;11840;21;;;11832.5;0.0
yf_MKC_d5;50700;ASH_COATED_OSMIUM;10049;17;10047;12;;;10066;10;10068;16;;;10057.5;0.0
yf_MKC_d5;50700;INTARIAN_PEPPER_ROOT;11830;21;11827;26;;;11836;12;11838;23;;;11833.0;0.0
yf_MKC_d5;50800;ASH_COATED_OSMIUM;10051;16;10049;23;;;10063;16;10067;21;;;10057.0;0.0
yf_MKC_d5;50800;INTARIAN_PEPPER_ROOT;11832;5;11830;23;;;11838;14;11840;15;;;11835.0;0.0
yf_MKC_d5;50900;ASH_COATED_OSMIUM;10054;19;10051;14;;;10060;17;10062;17;;;10057.0;0.0
yf_MKC_d5;50900;INTARIAN_PEPPER_ROOT;11833;12;11830;20;;;11839;14;11843;21;;;11836.0;0.0
yf_MKC_d5;51000;ASH_COATED_OSMIUM;10040;13;10036;15;;;10074;7;10077;11;;;10057.0;0.0
yf_MKC_d5;51000;INTARIAN_PEPPER_ROOT;11830;11;11828;21;;;11839;23;11843;19;;;11834.5;0.0
yf_MKC_d5;51100;ASH_COATED_OSMIUM;10052;8;10049;29;;;10059;25;10062;19;;;10055.5;0.0
yf_MKC_d5;51100;INTARIAN_PEPPER_ROOT;11820;16;11816;21;;;11847;9;11850;23;;;11833.5;0.0
yf_MKC_d5;51200;ASH_COATED_OSMIUM;10046;10;10042;23;;;10067;8;10069;16;;;10056.5;0.0
yf_MKC_d5;51200;INTARIAN_PEPPER_ROOT;11830;9;11828;25;;;11836;20;11838;27;;;11833.0;0.0
yf_MKC_d5;51300;ASH_COATED_OSMIUM;10053;12;10050;18;;;10059;17;10062;22;;;10056.0;0.0
yf_MKC_d5;51300;INTARIAN_PEPPER_ROOT;11830;17;11828;21;;;11836;26;11839;24;;;11833.0;0.0
yf_MKC_d5;51400;ASH_COATED_OSMIUM;10053;17;10050;18;;;10059;17;10062;22;;;10056.0;0.0
yf_MKC_d5;51400;INTARIAN_PEPPER_ROOT;11820;19;11817;17;;;11844;9;11847;17;;;11832.0;0.0
yf_MKC_d5;51500;ASH_COATED_OSMIUM;10053;17;10049;18;;;10059;14;10061;30;;;10056.0;0.0
yf_MKC_d5;51500;INTARIAN_PEPPER_ROOT;11825;18;11822;15;;;11839;11;11843;16;;;11832.0;0.0
yf_MKC_d5;51600;ASH_COATED_OSMIUM;10048;9;10044;19;;;10064;21;10068;19;;;10056.0;0.0
yf_MKC_d5;51600;INTARIAN_PEPPER_ROOT;11828;12;11824;15;;;11834;9;11837;13;;;11831.0;0.0
yf_MKC_d5;51700;ASH_COATED_OSMIUM;10048;12;10044;16;;;10063;13;10065;20;;;10055.5;0.0
yf_MKC_d5;51700;INTARIAN_PEPPER_ROOT;11827;18;11825;31;;;11833;11;11837;13;;;11830.0;0.0
yf_MKC_d5;51800;ASH_COATED_OSMIUM;10051;10;10049;31;;;10061;19;10063;23;;;10056.0;0.0
yf_MKC_d5;51800;INTARIAN_PEPPER_ROOT;11824;8;11822;21;;;11835;7;11837;23;;;11829.5;0.0
yf_MKC_d5;51900;ASH_COATED_OSMIUM;10049;14;10045;23;;;10063;13;10065;17;;;10056.0;0.0
yf_MKC_d5;51900;INTARIAN_PEPPER_ROOT;11819;20;11817;27;;;11838;18;11840;12;;;11828.5;0.0
yf_MKC_d5;52000;ASH_COATED_OSMIUM;10053;13;10050;12;;;10059;23;10062;21;;;10056.0;0.0
yf_MKC_d5;52000;INTARIAN_PEPPER_ROOT;11820;24;11817;19;;;11837;11;11839;20;;;11828.5;0.0
yf_MKC_d5;52100;ASH_COATED_OSMIUM;10052;9;10049;20;;;10058;8;10061;18;;;10055.0;0.0
yf_MKC_d5;52100;INTARIAN_PEPPER_ROOT;11825;15;11822;22;;;11831;15;11835;14;;;11828.0;0.0
yf_MKC_d5;52200;ASH_COATED_OSMIUM;10052;15;10048;26;;;10058;15;10060;13;;;10055.0;0.0
yf_MKC_d5;52200;INTARIAN_PEPPER_ROOT;11824;22;11820;18;;;11830;10;11834;25;;;11827.0;0.0
yf_MKC_d5;52300;ASH_COATED_OSMIUM;10052;16;10048;22;;;10058;22;10060;24;;;10055.0;0.0
yf_MKC_d5;52300;INTARIAN_PEPPER_ROOT;11823;10;11819;19;;;11829;9;11832;25;;;11826.0;0.0
yf_MKC_d5;52400;ASH_COATED_OSMIUM;10052;13;10048;14;;;10058;13;10060;21;;;10055.0;0.0
yf_MKC_d5;52400;INTARIAN_PEPPER_ROOT;11821;22;11817;35;;;11829;16;11831;18;;;11825.0;0.0
yf_MKC_d5;52500;ASH_COATED_OSMIUM;10052;18;10049;13;;;10058;16;10060;21;;;10055.0;0.0
yf_MKC_d5;52500;INTARIAN_PEPPER_ROOT;11820;6;11817;18;;;11830;21;11834;22;;;11825.0;0.0
yf_MKC_d5;52600;ASH_COATED_OSMIUM;10051;14;10048;18;;;10059;9;10062;16;;;10055.0;0.0
yf_MKC_d5;52600;INTARIAN_PEPPER_ROOT;11815;10;11813;10;;;11834;17;11838;19;;;11824.5;0.0
yf_MKC_d5;52700;ASH_COATED_OSMIUM;10052;9;10049;17;;;10059;15;10063;21;;;10055.5;0.0
yf_MKC_d5;52700;INTARIAN_PEPPER_ROOT;11821;14;11818;17;;;11827;14;11830;20;;;11824.0;0.0
yf_MKC_d5;52800;ASH_COATED_OSMIUM;10048;22;10046;12;;;10062;12;10065;16;;;10055.0;0.0
yf_MKC_d5;52800;INTARIAN_PEPPER_ROOT;11820;23;11816;17;;;11826;17;11830;19;;;11823.0;0.0
yf_MKC_d5;52900;ASH_COATED_OSMIUM;10052;10;10048;19;;;10058;17;10060;19;;;10055.0;0.0
yf_MKC_d5;52900;INTARIAN_PEPPER_ROOT;11815;17;11811;23;;;11831;19;11835;14;;;11823.0;0.0
yf_MKC_d5;53000;ASH_COATED_OSMIUM;10052;11;10050;18;;;10058;11;10060;18;;;10055.0;0.0
yf_MKC_d5;53000;INTARIAN_PEPPER_ROOT;11816;16;11812;15;;;11828;20;11831;22;;;11822.0;0.0
yf_MKC_d5;53100;ASH_COATED_OSMIUM;10052;13;10050;24;;;10058;17;10061;18;;;10055.0;0.0
yf_MKC_d5;53100;INTARIAN_PEPPER_ROOT;11813;15;11810;13;;;11830;13;11832;11;;;11821.5;0.0
yf_MKC_d5;53200;ASH_COATED_OSMIUM;10051;19;10047;8;;;10057;24;10061;16;;;10054.0;0.0
yf_MKC_d5;53200;INTARIAN_PEPPER_ROOT;11814;17;11810;16;;;11827;15;11829;32;;;11820.5;0.0
yf_MKC_d5;53300;ASH_COATED_OSMIUM;10052;9;10049;12;;;10058;14;10060;17;;;10055.0;0.0
yf_MKC_d5;53300;INTARIAN_PEPPER_ROOT;11812;12;11808;25;;;11827;14;11830;18;;;11819.5;0.0
yf_MKC_d5;53400;ASH_COATED_OSMIUM;10051;12;10048;24;;;10057;16;10059;17;;;10054.0;0.0
yf_MKC_d5;53400;INTARIAN_PEPPER_ROOT;11817;16;11815;15;;;11823;19;11825;19;;;11820.0;0.0
yf_MKC_d5;53500;ASH_COATED_OSMIUM;10052;20;10048;28;;;10058;26;10062;16;;;10055.0;0.0
yf_MKC_d5;53500;INTARIAN_PEPPER_ROOT;11815;23;11813;19;;;11821;16;11823;21;;;11818.0;0.0
yf_MKC_d5;53600;ASH_COATED_OSMIUM;10051;11;10049;19;;;10059;17;10063;25;;;10055.0;0.0
yf_MKC_d5;53600;INTARIAN_PEPPER_ROOT;11812;5;11808;26;;;11825;16;11827;22;;;11818.5;0.0
yf_MKC_d5;53700;ASH_COATED_OSMIUM;10047;13;10045;31;;;10063;21;10065;16;;;10055.0;0.0
yf_MKC_d5;53700;INTARIAN_PEPPER_ROOT;11814;18;11811;20;;;11820;11;11822;16;;;11817.0;0.0
yf_MKC_d5;53800;ASH_COATED_OSMIUM;10051;15;10048;15;;;10057;10;10059;24;;;10054.0;0.0
yf_MKC_d5;53800;INTARIAN_PEPPER_ROOT;11813;9;11810;22;;;11819;10;11821;13;;;11816.0;0.0
yf_MKC_d5;53900;ASH_COATED_OSMIUM;10050;12;10046;24;;;10058;20;10061;17;;;10054.0;0.0
yf_MKC_d5;53900;INTARIAN_PEPPER_ROOT;11813;12;11809;10;;;11819;9;11822;29;;;11816.0;0.0
yf_MKC_d5;54000;ASH_COATED_OSMIUM;10046;19;10043;18;;;10062;15;10064;19;;;10054.0;0.0
yf_MKC_d5;54000;INTARIAN_PEPPER_ROOT;11811;19;11809;20;;;11820;8;11822;18;;;11815.5;0.0
yf_MKC_d5;54100;ASH_COATED_OSMIUM;10051;18;10048;23;;;10058;12;10062;20;;;10054.5;0.0
yf_MKC_d5;54100;INTARIAN_PEPPER_ROOT;11812;11;11809;16;;;11818;19;11820;18;;;11815.0;0.0
yf_MKC_d5;54200;ASH_COATED_OSMIUM;10048;9;10044;18;;;10059;16;10062;22;;;10053.5;0.0
yf_MKC_d5;54200;INTARIAN_PEPPER_ROOT;11811;14;11808;13;;;11817;19;11821;11;;;11814.0;0.0
yf_MKC_d5;54300;ASH_COATED_OSMIUM;10051;13;10047;25;;;10057;16;10061;24;;;10054.0;0.0
yf_MKC_d5;54300;INTARIAN_PEPPER_ROOT;11811;19;11809;17;;;11817;11;11820;24;;;11814.0;0.0
yf_MKC_d5;54400;ASH_COATED_OSMIUM;10046;9;10043;12;;;10061;13;10063;23;;;10053.5;0.0
yf_MKC_d5;54400;INTARIAN_PEPPER_ROOT;11810;17;11808;18;;;11816;19;11819;22;;;11813.0;0.0
yf_MKC_d5;54500;ASH_COATED_OSMIUM;10051;13;10048;17;;;10057;14;10059;16;;;10054.0;0.0
yf_MKC_d5;54500;INTARIAN_PEPPER_ROOT;11802;9;11798;15;;;11823;9;11825;26;;;11812.5;0.0
yf_MKC_d5;54600;ASH_COATED_OSMIUM;10050;10;10047;23;;;10056;12;10059;27;;;10053.0;0.0
yf_MKC_d5;54600;INTARIAN_PEPPER_ROOT;11808;14;11806;15;;;11814;21;11818;24;;;11811.0;0.0
yf_MKC_d5;54700;ASH_COATED_OSMIUM;10050;10;10047;18;;;10056;18;10059;14;;;10053.0;0.0
yf_MKC_d5;54700;INTARIAN_PEPPER_ROOT;11808;18;11806;17;;;11814;15;11817;11;;;11811.0;0.0
yf_MKC_d5;54800;ASH_COATED_OSMIUM;10048;22;10045;11;;;10057;19;10059;17;;;10052.5;0.0
yf_MKC_d5;54800;INTARIAN_PEPPER_ROOT;11807;19;11803;22;;;11813;15;11815;24;;;11810.0;0.0
yf_MKC_d5;54900;ASH_COATED_OSMIUM;10051;19;10048;14;;;10057;16;10061;25;;;10054.0;0.0
yf_MKC_d5;54900;INTARIAN_PEPPER_ROOT;11807;19;11805;19;;;11813;11;11815;22;;;11810.0;0.0
yf_MKC_d5;55000;ASH_COATED_OSMIUM;10050;22;10048;25;;;10056;11;10059;9;;;10053.0;0.0
yf_MKC_d5;55000;INTARIAN_PEPPER_ROOT;11806;5;11802;22;;;11812;17;11814;11;;;11809.0;0.0
yf_MKC_d5;55100;ASH_COATED_OSMIUM;10051;16;10047;19;;;10057;12;10061;15;;;10054.0;0.0
yf_MKC_d5;55100;INTARIAN_PEPPER_ROOT;11800;12;11796;23;;;11816;17;11820;12;;;11808.0;0.0
yf_MKC_d5;55200;ASH_COATED_OSMIUM;10050;19;10047;16;;;10056;12;10058;17;;;10053.0;0.0
yf_MKC_d5;55200;INTARIAN_PEPPER_ROOT;11805;10;11801;17;;;11811;5;11813;13;;;11808.0;0.0
yf_MKC_d5;55300;ASH_COATED_OSMIUM;10050;11;10046;15;;;10056;12;10060;22;;;10053.0;0.0
yf_MKC_d5;55300;INTARIAN_PEPPER_ROOT;11804;14;11801;14;;;11810;16;11813;15;;;11807.0;0.0
yf_MKC_d5;55400;ASH_COATED_OSMIUM;10050;14;10046;17;;;10057;10;10060;16;;;10053.5;0.0
yf_MKC_d5;55400;INTARIAN_PEPPER_ROOT;11796;14;11793;8;;;11818;10;11821;21;;;11807.0;0.0
yf_MKC_d5;55500;ASH_COATED_OSMIUM;10048;24;10044;19;;;10058;5;10060;12;;;10053.0;0.0
yf_MKC_d5;55500;INTARIAN_PEPPER_ROOT;11791;15;11789;19;;;11820;13;11824;19;;;11805.5;0.0
yf_MKC_d5;55600;ASH_COATED_OSMIUM;10047;11;10044;20;;;10059;25;10063;23;;;10053.0;0.0
yf_MKC_d5;55600;INTARIAN_PEPPER_ROOT;11792;13;11788;11;;;11819;19;11822;26;;;11805.5;0.0
yf_MKC_d5;55700;ASH_COATED_OSMIUM;10040;20;10038;30;;;10066;12;10068;12;;;10053.0;0.0
yf_MKC_d5;55700;INTARIAN_PEPPER_ROOT;11800;11;11798;16;;;11810;9;11814;24;;;11805.0;0.0
yf_MKC_d5;55800;ASH_COATED_OSMIUM;10046;20;10043;23;;;10060;10;10064;13;;;10053.0;0.0
yf_MKC_d5;55800;INTARIAN_PEPPER_ROOT;11801;13;11798;28;;;11807;15;11810;24;;;11804.0;0.0
yf_MKC_d5;55900;ASH_COATED_OSMIUM;10050;23;10047;17;;;10056;17;10059;20;;;10053.0;0.0
yf_MKC_d5;55900;INTARIAN_PEPPER_ROOT;11801;20;11798;19;;;11807;14;11811;27;;;11804.0;0.0
yf_MKC_d5;56000;ASH_COATED_OSMIUM;10045;11;10043;23;;;10060;15;10064;22;;;10052.5;0.0
yf_MKC_d5;56000;INTARIAN_PEPPER_ROOT;11793;23;11791;20;;;11811;14;11815;20;;;11802.0;0.0
yf_MKC_d5;56100;ASH_COATED_OSMIUM;10049;19;10047;20;;;10055;10;10059;17;;;10052.0;0.0
yf_MKC_d5;56100;INTARIAN_PEPPER_ROOT;11799;15;11796;21;;;11805;20;11807;25;;;11802.0;0.0
yf_MKC_d5;56200;ASH_COATED_OSMIUM;10050;15;10047;18;;;10056;11;10059;23;;;10053.0;0.0
yf_MKC_d5;56200;INTARIAN_PEPPER_ROOT;11798;21;11796;13;;;11804;8;11806;24;;;11801.0;0.0
yf_MKC_d5;56300;ASH_COATED_OSMIUM;10049;14;10047;17;;;10055;15;10057;20;;;10052.0;0.0
yf_MKC_d5;56300;INTARIAN_PEPPER_ROOT;11798;15;11794;20;;;11804;9;11808;11;;;11801.0;0.0
yf_MKC_d5;56400;ASH_COATED_OSMIUM;10049;10;10046;28;;;10055;21;10057;22;;;10052.0;0.0
yf_MKC_d5;56400;INTARIAN_PEPPER_ROOT;11797;14;11794;18;;;11803;18;11806;8;;;11800.0;0.0
yf_MKC_d5;56500;ASH_COATED_OSMIUM;10050;19;10047;17;;;10056;9;10060;21;;;10053.0;0.0
yf_MKC_d5;56500;INTARIAN_PEPPER_ROOT;11796;17;11794;18;;;11803;12;11805;30;;;11799.5;0.0
yf_MKC_d5;56600;ASH_COATED_OSMIUM;10049;23;10046;11;;;10055;11;10058;19;;;10052.0;0.0
yf_MKC_d5;56600;INTARIAN_PEPPER_ROOT;11795;7;11793;12;;;11803;23;11806;21;;;11799.0;0.0
yf_MKC_d5;56700;ASH_COATED_OSMIUM;10049;6;10045;15;;;10055;13;10057;14;;;10052.0;0.0
yf_MKC_d5;56700;INTARIAN_PEPPER_ROOT;11794;14;11792;14;;;11802;11;11804;15;;;11798.0;0.0
yf_MKC_d5;56800;ASH_COATED_OSMIUM;10049;7;10047;27;;;10055;16;10059;25;;;10052.0;0.0
yf_MKC_d5;56800;INTARIAN_PEPPER_ROOT;11795;9;11791;26;;;11801;13;11803;21;;;11798.0;0.0
yf_MKC_d5;56900;ASH_COATED_OSMIUM;10045;11;10041;16;;;10059;19;10061;18;;;10052.0;0.0
yf_MKC_d5;56900;INTARIAN_PEPPER_ROOT;11794;15;11791;25;;;11800;12;11804;23;;;11797.0;0.0
yf_MKC_d5;57000;ASH_COATED_OSMIUM;10049;13;10046;21;;;10055;5;10059;19;;;10052.0;0.0
yf_MKC_d5;57000;INTARIAN_PEPPER_ROOT;11794;17;11790;25;;;11800;12;11804;14;;;11797.0;0.0
yf_MKC_d5;57100;ASH_COATED_OSMIUM;10049;16;10045;13;;;10055;7;10058;22;;;10052.0;0.0
yf_MKC_d5;57100;INTARIAN_PEPPER_ROOT;11792;14;11790;18;;;11798;21;11801;22;;;11795.0;0.0
yf_MKC_d5;57200;ASH_COATED_OSMIUM;10044;11;10042;26;;;10058;7;10061;22;;;10051.0;0.0
yf_MKC_d5;57200;INTARIAN_PEPPER_ROOT;11792;21;11789;15;;;11798;16;11801;20;;;11795.0;0.0
yf_MKC_d5;57300;ASH_COATED_OSMIUM;10041;14;10038;20;;;10061;8;10064;18;;;10051.0;0.0
