day;timestamp;product;bid_price_1;bid_volume_1;bid_price_2;bid_volume_2;bid_price_3;bid_volume_3;ask_price_1;ask_volume_1;ask_price_2;ask_volume_2;ask_price_3;ask_volume_3;mid_price;profit_and_loss
yf_ADM_d13;0;ASH_COATED_OSMIUM;9899;13;9895;24;;;9909;19;9913;24;;;9904.0;0.0
yf_ADM_d13;0;INTARIAN_PEPPER_ROOT;10961;15;10957;33;;;10968;16;10971;23;;;10964.5;0.0
yf_ADM_d13;100;ASH_COATED_OSMIUM;9900;11;9896;16;;;9910;14;9914;13;;;9905.0;0.0
yf_ADM_d13;100;INTARIAN_PEPPER_ROOT;10955;14;10951;21;;;10963;14;10966;14;;;10959.0;0.0
yf_ADM_d13;200;ASH_COATED_OSMIUM;9903;18;9899;19;;;9909;14;9913;26;;;9906.0;0.0
yf_ADM_d13;200;INTARIAN_PEPPER_ROOT;10944;16;10941;27;;;10964;11;10966;28;;;10954.0;0.0
yf_ADM_d13;300;ASH_COATED_OSMIUM;9901;5;9897;17;;;9909;6;9911;18;;;9905.0;0.0
yf_ADM_d13;300;INTARIAN_PEPPER_ROOT;10946;5;10942;25;;;10952;5;10954;14;;;10949.0;0.0
yf_ADM_d13;400;ASH_COATED_OSMIUM;9899;9;9897;13;;;9910;17;9912;14;;;9904.5;0.0
yf_ADM_d13;400;INTARIAN_PEPPER_ROOT;10940;5;10938;17;;;10948;9;10951;10;;;10944.0;0.0
yf_ADM_d13;500;ASH_COATED_OSMIUM;9901;14;9898;22;;;9907;21;9911;14;;;9904.0;0.0
yf_ADM_d13;500;INTARIAN_PEPPER_ROOT;10935;23;10932;17;;;10941;16;10944;14;;;10938.0;0.0
yf_ADM_d13;600;ASH_COATED_OSMIUM;9903;26;9899;24;;;9909;17;9913;16;;;9906.0;0.0
yf_ADM_d13;600;INTARIAN_PEPPER_ROOT;10926;18;10924;19;;;10940;18;10943;26;;;10933.0;0.0
yf_ADM_d13;700;ASH_COATED_OSMIUM;9899;17;9896;18;;;9910;6;9912;11;;;9904.5;0.0
yf_ADM_d13;700;INTARIAN_PEPPER_ROOT;10924;5;10922;10;;;10930;12;10934;19;;;10927.0;0.0
yf_ADM_d13;800;ASH_COATED_OSMIUM;9902;12;9900;9;;;9908;18;9912;25;;;9905.0;0.0
yf_ADM_d13;800;INTARIAN_PEPPER_ROOT;10919;5;10917;16;;;10925;12;10928;16;;;10922.0;0.0
yf_ADM_d13;900;ASH_COATED_OSMIUM;9902;19;9899;20;;;9908;19;9911;30;;;9905.0;0.0
yf_ADM_d13;900;INTARIAN_PEPPER_ROOT;10910;18;10907;13;;;10925;15;10927;27;;;10917.5;0.0
yf_ADM_d13;1000;ASH_COATED_OSMIUM;9902;7;9900;23;;;9908;13;9912;18;;;9905.0;0.0
yf_ADM_d13;1000;INTARIAN_PEPPER_ROOT;10908;10;10905;21;;;10914;17;10917;17;;;10911.0;0.0
yf_ADM_d13;1100;ASH_COATED_OSMIUM;9888;19;9886;20;;;9922;21;9926;16;;;9905.0;0.0
yf_ADM_d13;1100;INTARIAN_PEPPER_ROOT;10902;20;10900;18;;;10911;19;10915;16;;;10906.5;0.0
yf_ADM_d13;1200;ASH_COATED_OSMIUM;9901;16;9899;14;;;9907;19;9911;26;;;9904.0;0.0
yf_ADM_d13;1200;INTARIAN_PEPPER_ROOT;10899;5;10897;20;;;10905;11;10907;20;;;10902.0;0.0
yf_ADM_d13;1300;ASH_COATED_OSMIUM;9902;10;9900;16;;;9908;6;9911;12;;;9905.0;0.0
yf_ADM_d13;1300;INTARIAN_PEPPER_ROOT;10890;10;10887;11;;;10902;21;10905;24;;;10896.0;0.0
yf_ADM_d13;1400;ASH_COATED_OSMIUM;9902;12;9900;25;;;9908;22;9911;22;;;9905.0;0.0
yf_ADM_d13;1400;INTARIAN_PEPPER_ROOT;10887;13;10885;14;;;10893;11;10896;23;;;10890.0;0.0
yf_ADM_d13;1500;ASH_COATED_OSMIUM;9901;10;9899;23;;;9909;13;9911;13;;;9905.0;0.0
yf_ADM_d13;1500;INTARIAN_PEPPER_ROOT;10883;17;10879;20;;;10889;18;10892;25;;;10886.0;0.0
yf_ADM_d13;1600;ASH_COATED_OSMIUM;9899;14;9897;13;;;9911;7;9914;17;;;9905.0;0.0
yf_ADM_d13;1600;INTARIAN_PEPPER_ROOT;10877;17;10874;12;;;10883;5;10886;8;;;10880.0;0.0
yf_ADM_d13;1700;ASH_COATED_OSMIUM;9898;12;9896;14;;;9911;11;9915;19;;;9904.5;0.0
yf_ADM_d13;1700;INTARIAN_PEPPER_ROOT;10859;8;10857;13;;;10891;18;10893;17;;;10875.0;0.0
yf_ADM_d13;1800;ASH_COATED_OSMIUM;9900;20;9896;21;;;9910;8;9914;16;;;9905.0;0.0
yf_ADM_d13;1800;INTARIAN_PEPPER_ROOT;10866;12;10862;25;;;10872;15;10874;17;;;10869.0;0.0
yf_ADM_d13;1900;ASH_COATED_OSMIUM;9902;12;9899;12;;;9908;18;9910;23;;;9905.0;0.0
yf_ADM_d13;1900;INTARIAN_PEPPER_ROOT;10862;18;10859;10;;;10868;20;10870;35;;;10865.0;0.0
yf_ADM_d13;2000;ASH_COATED_OSMIUM;9902;17;9898;9;;;9908;13;9911;8;;;9905.0;0.0
yf_ADM_d13;2000;INTARIAN_PEPPER_ROOT;10853;10;10851;19;;;10863;9;10866;12;;;10858.0;0.0
yf_ADM_d13;2100;ASH_COATED_OSMIUM;9902;15;9898;20;;;9909;14;9913;19;;;9905.5;0.0
yf_ADM_d13;2100;INTARIAN_PEPPER_ROOT;10851;22;10848;15;;;10857;11;10860;23;;;10854.0;0.0
yf_ADM_d13;2200;ASH_COATED_OSMIUM;9899;13;9895;24;;;9911;19;9913;23;;;9905.0;0.0
yf_ADM_d13;2200;INTARIAN_PEPPER_ROOT;10846;15;10842;21;;;10852;21;10854;14;;;10849.0;0.0
yf_ADM_d13;2300;ASH_COATED_OSMIUM;9902;5;9900;15;;;9908;13;9910;15;;;9905.0;0.0
yf_ADM_d13;2300;INTARIAN_PEPPER_ROOT;10840;18;10836;25;;;10846;16;10850;24;;;10843.0;0.0
yf_ADM_d13;2400;ASH_COATED_OSMIUM;9894;16;9891;20;;;9917;12;9920;13;;;9905.5;0.0
yf_ADM_d13;2400;INTARIAN_PEPPER_ROOT;10831;9;10827;15;;;10844;5;10848;14;;;10837.5;0.0
yf_ADM_d13;2500;ASH_COATED_OSMIUM;9902;9;9898;15;;;9908;5;9910;10;;;9905.0;0.0
yf_ADM_d13;2500;INTARIAN_PEPPER_ROOT;10828;16;10824;23;;;10837;19;10841;19;;;10832.5;0.0
yf_ADM_d13;2600;ASH_COATED_OSMIUM;9896;15;9892;25;;;9914;13;9916;13;;;9905.0;0.0
yf_ADM_d13;2600;INTARIAN_PEPPER_ROOT;10824;8;10820;17;;;10830;10;10832;16;;;10827.0;0.0
yf_ADM_d13;2700;ASH_COATED_OSMIUM;9902;12;9899;25;;;9908;18;9911;22;;;9905.0;0.0
yf_ADM_d13;2700;INTARIAN_PEPPER_ROOT;10817;14;10815;20;;;10827;13;10829;21;;;10822.0;0.0
yf_ADM_d13;2800;ASH_COATED_OSMIUM;9902;22;9900;20;;;9908;17;9910;14;;;9905.0;0.0
yf_ADM_d13;2800;INTARIAN_PEPPER_ROOT;10814;14;10810;19;;;10820;11;10823;21;;;10817.0;0.0
yf_ADM_d13;2900;ASH_COATED_OSMIUM;9902;20;9899;25;;;9908;12;9910;29;;;9905.0;0.0
yf_ADM_d13;2900;INTARIAN_PEPPER_ROOT;10808;6;10806;26;;;10814;19;10817;19;;;10811.0;0.0
yf_ADM_d13;3000;ASH_COATED_OSMIUM;9902;15;9899;18;;;9908;17;9912;19;;;9905.0;0.0
yf_ADM_d13;3000;INTARIAN_PEPPER_ROOT;10801;25;10798;26;;;10811;12;10815;15;;;10806.0;0.0
yf_ADM_d13;3100;ASH_COATED_OSMIUM;9902;5;9899;21;;;9908;20;9912;17;;;9905.0;0.0
yf_ADM_d13;3100;INTARIAN_PEPPER_ROOT;10797;16;10795;25;;;10803;13;10807;27;;;10800.0;0.0
yf_ADM_d13;3200;ASH_COATED_OSMIUM;9897;18;9894;15;;;9913;14;9917;16;;;9905.0;0.0
yf_ADM_d13;3200;INTARIAN_PEPPER_ROOT;10792;7;10788;15;;;10798;17;10802;20;;;10795.0;0.0
yf_ADM_d13;3300;ASH_COATED_OSMIUM;9902;13;9900;24;;;9908;14;9911;18;;;9905.0;0.0
yf_ADM_d13;3300;INTARIAN_PEPPER_ROOT;10787;16;10785;17;;;10793;17;10796;17;;;10790.0;0.0
yf_ADM_d13;3400;ASH_COATED_OSMIUM;9900;16;9896;17;;;9911;17;9915;23;;;9905.5;0.0
yf_ADM_d13;3400;INTARIAN_PEPPER_ROOT;10772;25;10769;23;;;10798;20;10800;23;;;10785.0;0.0
yf_ADM_d13;3500;ASH_COATED_OSMIUM;9899;17;9896;20;;;9911;10;9915;19;;;9905.0;0.0
yf_ADM_d13;3500;INTARIAN_PEPPER_ROOT;10776;18;10773;17;;;10783;16;10786;20;;;10779.5;0.0
yf_ADM_d13;3600;ASH_COATED_OSMIUM;9897;10;9893;17;;;9913;14;9917;28;;;9905.0;0.0
yf_ADM_d13;3600;INTARIAN_PEPPER_ROOT;10770;11;10767;23;;;10778;15;10782;21;;;10774.0;0.0
yf_ADM_d13;3700;ASH_COATED_OSMIUM;9895;14;9891;21;;;9916;12;9918;22;;;9905.5;0.0
yf_ADM_d13;3700;INTARIAN_PEPPER_ROOT;10766;14;10762;19;;;10772;23;10774;15;;;10769.0;0.0
yf_ADM_d13;3800;ASH_COATED_OSMIUM;9902;15;9899;23;;;9908;18;9911;16;;;9905.0;0.0
yf_ADM_d13;3800;INTARIAN_PEPPER_ROOT;10749;17;10747;20;;;10778;19;10782;24;;;10763.5;0.0
yf_ADM_d13;3900;ASH_COATED_OSMIUM;9902;11;9900;25;;;9908;16;9912;21;;;9905.0;0.0
yf_ADM_d13;3900;INTARIAN_PEPPER_ROOT;10755;17;10751;22;;;10761;6;10763;21;;;10758.0;0.0
yf_ADM_d13;4000;ASH_COATED_OSMIUM;9902;7;9898;11;;;9908;9;9911;13;;;9905.0;0.0
yf_ADM_d13;4000;INTARIAN_PEPPER_ROOT;10750;17;10747;26;;;10757;11;10760;18;;;10753.5;0.0
yf_ADM_d13;4100;ASH_COATED_OSMIUM;9901;11;9897;11;;;9910;12;9914;15;;;9905.5;0.0
yf_ADM_d13;4100;INTARIAN_PEPPER_ROOT;10745;15;10741;25;;;10751;14;10753;27;;;10748.0;0.0
yf_ADM_d13;4200;ASH_COATED_OSMIUM;9902;15;9900;18;;;9908;21;9910;20;;;9905.0;0.0
yf_ADM_d13;4200;INTARIAN_PEPPER_ROOT;10740;22;10736;13;;;10746;11;10748;11;;;10743.0;0.0
yf_ADM_d13;4300;ASH_COATED_OSMIUM;9903;12;9899;23;;;9909;17;9911;21;;;9906.0;0.0
yf_ADM_d13;4300;INTARIAN_PEPPER_ROOT;10734;21;10730;20;;;10740;18;10744;17;;;10737.0;0.0
yf_ADM_d13;4400;ASH_COATED_OSMIUM;9900;8;9896;13;;;9911;9;9913;12;;;9905.5;0.0
yf_ADM_d13;4400;INTARIAN_PEPPER_ROOT;10723;20;10721;25;;;10741;9;10744;16;;;10732.0;0.0
yf_ADM_d13;4500;ASH_COATED_OSMIUM;9902;9;9899;10;;;9908;19;9911;20;;;9905.0;0.0
yf_ADM_d13;4500;INTARIAN_PEPPER_ROOT;10723;7;10719;15;;;10729;17;10732;23;;;10726.0;0.0
yf_ADM_d13;4600;ASH_COATED_OSMIUM;9902;10;9898;22;;;9908;8;9911;25;;;9905.0;0.0
yf_ADM_d13;4600;INTARIAN_PEPPER_ROOT;10719;19;10717;17;;;10725;16;10729;28;;;10722.0;0.0
yf_ADM_d13;4700;ASH_COATED_OSMIUM;9901;16;9899;30;;;9909;11;9911;29;;;9905.0;0.0
yf_ADM_d13;4700;INTARIAN_PEPPER_ROOT;10713;10;10710;13;;;10719;9;10721;18;;;10716.0;0.0
yf_ADM_d13;4800;ASH_COATED_OSMIUM;9902;17;9899;19;;;9908;13;9910;23;;;9905.0;0.0
yf_ADM_d13;4800;INTARIAN_PEPPER_ROOT;10707;14;10703;19;;;10715;15;10717;25;;;10711.0;0.0
yf_ADM_d13;4900;ASH_COATED_OSMIUM;9898;14;9896;21;;;9912;5;9915;20;;;9905.0;0.0
yf_ADM_d13;4900;INTARIAN_PEPPER_ROOT;10702;11;10700;19;;;10709;25;10711;23;;;10705.5;0.0
yf_ADM_d13;5000;ASH_COATED_OSMIUM;9902;12;9900;23;;;9908;7;9912;11;;;9905.0;0.0
yf_ADM_d13;5000;INTARIAN_PEPPER_ROOT;10698;12;10694;17;;;10704;18;10707;22;;;10701.0;0.0
yf_ADM_d13;5100;ASH_COATED_OSMIUM;9902;12;9899;20;;;9908;14;9911;22;;;9905.0;0.0
yf_ADM_d13;5100;INTARIAN_PEPPER_ROOT;10689;14;10686;24;;;10700;25;10702;21;;;10694.5;0.0
yf_ADM_d13;5200;ASH_COATED_OSMIUM;9902;20;9898;10;;;9908;17;9912;20;;;9905.0;0.0
yf_ADM_d13;5200;INTARIAN_PEPPER_ROOT;10686;21;10683;20;;;10692;19;10694;21;;;10689.0;0.0
yf_ADM_d13;5300;ASH_COATED_OSMIUM;9902;26;9900;22;;;9908;10;9911;19;;;9905.0;0.0
yf_ADM_d13;5300;INTARIAN_PEPPER_ROOT;10680;24;10676;19;;;10688;20;10691;17;;;10684.0;0.0
yf_ADM_d13;5400;ASH_COATED_OSMIUM;9886;17;9882;20;;;9925;21;9929;25;;;9905.5;0.0
yf_ADM_d13;5400;INTARIAN_PEPPER_ROOT;10674;13;10670;16;;;10682;6;10684;22;;;10678.0;0.0
yf_ADM_d13;5500;ASH_COATED_OSMIUM;9903;13;9901;17;;;9909;15;9912;25;;;9906.0;0.0
yf_ADM_d13;5500;INTARIAN_PEPPER_ROOT;10671;15;10669;9;;;10677;13;10681;25;;;10674.0;0.0
yf_ADM_d13;5600;ASH_COATED_OSMIUM;9902;10;9900;17;;;9909;17;9913;24;;;9905.5;0.0
yf_ADM_d13;5600;INTARIAN_PEPPER_ROOT;10658;10;10656;8;;;10677;13;10681;18;;;10667.5;0.0
yf_ADM_d13;5700;ASH_COATED_OSMIUM;9901;19;9898;17;;;9912;15;9916;12;;;9906.5;0.0
yf_ADM_d13;5700;INTARIAN_PEPPER_ROOT;10657;11;10654;11;;;10669;17;10672;11;;;10663.0;0.0
yf_ADM_d13;5800;ASH_COATED_OSMIUM;9902;15;9899;21;;;9909;14;9912;35;;;9905.5;0.0
yf_ADM_d13;5800;INTARIAN_PEPPER_ROOT;10638;9;10634;20;;;10677;9;10680;17;;;10657.5;0.0
yf_ADM_d13;5900;ASH_COATED_OSMIUM;9899;12;9897;24;;;9911;12;9914;25;;;9905.0;0.0
yf_ADM_d13;5900;INTARIAN_PEPPER_ROOT;10649;17;10646;13;;;10655;18;10658;12;;;10652.0;0.0
yf_ADM_d13;6000;ASH_COATED_OSMIUM;9902;8;9898;26;;;9909;14;9911;17;;;9905.5;0.0
yf_ADM_d13;6000;INTARIAN_PEPPER_ROOT;10644;9;10640;21;;;10650;8;10654;22;;;10647.0;0.0
yf_ADM_d13;6100;ASH_COATED_OSMIUM;9903;14;9900;19;;;9909;21;9911;16;;;9906.0;0.0
yf_ADM_d13;6100;INTARIAN_PEPPER_ROOT;10625;18;10623;19;;;10658;10;10662;17;;;10641.5;0.0
yf_ADM_d13;6200;ASH_COATED_OSMIUM;9903;16;9899;20;;;9909;12;9912;13;;;9906.0;0.0
yf_ADM_d13;6200;INTARIAN_PEPPER_ROOT;10633;11;10629;26;;;10639;16;10643;22;;;10636.0;0.0
yf_ADM_d13;6300;ASH_COATED_OSMIUM;9902;12;9898;13;;;9911;7;9914;19;;;9906.5;0.0
yf_ADM_d13;6300;INTARIAN_PEPPER_ROOT;10611;30;10608;23;;;10650;22;10654;20;;;10630.5;0.0
yf_ADM_d13;6400;ASH_COATED_OSMIUM;9901;10;9898;28;;;9910;17;9913;22;;;9905.5;0.0
yf_ADM_d13;6400;INTARIAN_PEPPER_ROOT;10622;22;10619;12;;;10630;5;10633;15;;;10626.0;0.0
yf_ADM_d13;6500;ASH_COATED_OSMIUM;9903;11;9899;17;;;9909;16;9911;25;;;9906.0;0.0
yf_ADM_d13;6500;INTARIAN_PEPPER_ROOT;10617;12;10614;22;;;10623;16;10626;27;;;10620.0;0.0
yf_ADM_d13;6600;ASH_COATED_OSMIUM;9902;22;9900;21;;;9908;16;9911;27;;;9905.0;0.0
yf_ADM_d13;6600;INTARIAN_PEPPER_ROOT;10612;13;10608;22;;;10618;9;10621;25;;;10615.0;0.0
yf_ADM_d13;6700;ASH_COATED_OSMIUM;9903;16;9899;15;;;9909;17;9912;19;;;9906.0;0.0
yf_ADM_d13;6700;INTARIAN_PEPPER_ROOT;10607;11;10605;22;;;10613;9;10616;18;;;10610.0;0.0
yf_ADM_d13;6800;ASH_COATED_OSMIUM;9894;18;9891;26;;;9916;10;9918;9;;;9905.0;0.0
yf_ADM_d13;6800;INTARIAN_PEPPER_ROOT;10599;21;10597;14;;;10609;15;10611;16;;;10604.0;0.0
yf_ADM_d13;6900;ASH_COATED_OSMIUM;9900;25;9898;18;;;9912;14;9914;15;;;9906.0;0.0
yf_ADM_d13;6900;INTARIAN_PEPPER_ROOT;10595;13;10591;12;;;10603;12;10605;20;;;10599.0;0.0
yf_ADM_d13;7000;ASH_COATED_OSMIUM;9902;13;9899;17;;;9910;13;9913;22;;;9906.0;0.0
yf_ADM_d13;7000;INTARIAN_PEPPER_ROOT;10590;16;10588;24;;;10596;23;10598;29;;;10593.0;0.0
yf_ADM_d13;7100;ASH_COATED_OSMIUM;9902;12;9899;18;;;9908;23;9911;19;;;9905.0;0.0
yf_ADM_d13;7100;INTARIAN_PEPPER_ROOT;10586;12;10584;15;;;10592;15;10596;24;;;10589.0;0.0
yf_ADM_d13;7200;ASH_COATED_OSMIUM;9899;14;9896;13;;;9912;17;9914;19;;;9905.5;0.0
yf_ADM_d13;7200;INTARIAN_PEPPER_ROOT;10578;12;10575;21;;;10589;11;10593;31;;;10583.5;0.0
yf_ADM_d13;7300;ASH_COATED_OSMIUM;9901;19;9897;12;;;9910;16;9912;29;;;9905.5;0.0
yf_ADM_d13;7300;INTARIAN_PEPPER_ROOT;10575;16;10571;22;;;10581;9;10584;27;;;10578.0;0.0
yf_ADM_d13;7400;ASH_COATED_OSMIUM;9903;19;9899;21;;;9909;10;9912;15;;;9906.0;0.0
yf_ADM_d13;7400;INTARIAN_PEPPER_ROOT;10570;14;10568;15;;;10576;14;10578;15;;;10573.0;0.0
yf_ADM_d13;7500;ASH_COATED_OSMIUM;9893;15;9890;24;;;9917;16;9920;16;;;9905.0;0.0
yf_ADM_d13;7500;INTARIAN_PEPPER_ROOT;10565;8;10561;20;;;10571;15;10574;27;;;10568.0;0.0
yf_ADM_d13;7600;ASH_COATED_OSMIUM;9903;12;9900;13;;;9909;23;9913;18;;;9906.0;0.0
yf_ADM_d13;7600;INTARIAN_PEPPER_ROOT;10559;15;10557;13;;;10565;14;10568;14;;;10562.0;0.0
yf_ADM_d13;7700;ASH_COATED_OSMIUM;9903;6;9899;25;;;9909;11;9913;16;;;9906.0;0.0
yf_ADM_d13;7700;INTARIAN_PEPPER_ROOT;10554;14;10550;17;;;10560;19;10563;16;;;10557.0;0.0
yf_ADM_d13;7800;ASH_COATED_OSMIUM;9903;14;9901;22;;;9909;16;9913;19;;;9906.0;0.0
yf_ADM_d13;7800;INTARIAN_PEPPER_ROOT;10549;18;10547;24;;;10555;17;10557;19;;;10552.0;0.0
yf_ADM_d13;7900;ASH_COATED_OSMIUM;9903;16;9899;22;;;9909;13;9912;15;;;9906.0;0.0
yf_ADM_d13;7900;INTARIAN_PEPPER_ROOT;10528;22;10526;21;;;10564;12;10568;21;;;10546.0;0.0
yf_ADM_d13;8000;ASH_COATED_OSMIUM;9903;17;9900;28;;;9909;6;9911;20;;;9906.0;0.0
yf_ADM_d13;8000;INTARIAN_PEPPER_ROOT;10538;17;10534;24;;;10544;7;10546;14;;;10541.0;0.0
yf_ADM_d13;8100;ASH_COATED_OSMIUM;9903;21;9900;26;;;9909;21;9912;13;;;9906.0;0.0
yf_ADM_d13;8100;INTARIAN_PEPPER_ROOT;10531;19;10529;17;;;10540;12;10543;20;;;10535.5;0.0
yf_ADM_d13;8200;ASH_COATED_OSMIUM;9899;27;9896;17;;;9912;11;9915;12;;;9905.5;0.0
yf_ADM_d13;8200;INTARIAN_PEPPER_ROOT;10519;17;10517;22;;;10542;21;10546;11;;;10530.5;0.0
yf_ADM_d13;8300;ASH_COATED_OSMIUM;9903;18;9900;16;;;9909;18;9911;20;;;9906.0;0.0
yf_ADM_d13;8300;INTARIAN_PEPPER_ROOT;10522;15;10518;18;;;10529;15;10531;11;;;10525.5;0.0
yf_ADM_d13;8400;ASH_COATED_OSMIUM;9903;15;9899;26;;;9909;19;9911;24;;;9906.0;0.0
yf_ADM_d13;8400;INTARIAN_PEPPER_ROOT;10515;11;10513;18;;;10524;17;10528;15;;;10519.5;0.0
yf_ADM_d13;8500;ASH_COATED_OSMIUM;9903;13;9900;26;;;9909;19;9912;12;;;9906.0;0.0
yf_ADM_d13;8500;INTARIAN_PEPPER_ROOT;10503;19;10499;22;;;10525;29;10527;26;;;10514.0;0.0
yf_ADM_d13;8600;ASH_COATED_OSMIUM;9902;11;9898;23;;;9909;12;9911;17;;;9905.5;0.0
yf_ADM_d13;8600;INTARIAN_PEPPER_ROOT;10501;14;10497;12;;;10516;21;10518;25;;;10508.5;0.0
yf_ADM_d13;8700;ASH_COATED_OSMIUM;9903;9;9899;22;;;9909;18;9913;17;;;9906.0;0.0
yf_ADM_d13;8700;INTARIAN_PEPPER_ROOT;10500;15;10496;14;;;10508;11;10510;15;;;10504.0;0.0
yf_ADM_d13;8800;ASH_COATED_OSMIUM;9903;14;9900;22;;;9909;21;9913;30;;;9906.0;0.0
yf_ADM_d13;8800;INTARIAN_PEPPER_ROOT;10495;19;10493;21;;;10501;22;10505;22;;;10498.0;0.0
yf_ADM_d13;8900;ASH_COATED_OSMIUM;9900;12;9898;14;;;9911;15;9914;16;;;9905.5;0.0
yf_ADM_d13;8900;INTARIAN_PEPPER_ROOT;10487;21;10484;28;;;10499;13;10503;26;;;10493.0;0.0
yf_ADM_d13;9000;ASH_COATED_OSMIUM;9899;16;9897;20;;;9912;11;9914;20;;;9905.5;0.0
yf_ADM_d13;9000;INTARIAN_PEPPER_ROOT;10471;11;10467;29;;;10506;17;10510;23;;;10488.5;0.0
yf_ADM_d13;9100;ASH_COATED_OSMIUM;9903;13;9899;22;;;9909;13;9911;20;;;9906.0;0.0
yf_ADM_d13;9100;INTARIAN_PEPPER_ROOT;10480;13;10478;16;;;10486;13;10489;17;;;10483.0;0.0
yf_ADM_d13;9200;ASH_COATED_OSMIUM;9902;9;9898;16;;;9908;18;9912;19;;;9905.0;0.0
yf_ADM_d13;9200;INTARIAN_PEPPER_ROOT;10475;18;10472;21;;;10481;22;10485;17;;;10478.0;0.0
yf_ADM_d13;9300;ASH_COATED_OSMIUM;9902;9;9898;27;;;9910;11;9914;22;;;9906.0;0.0
yf_ADM_d13;9300;INTARIAN_PEPPER_ROOT;10469;5;10465;19;;;10475;13;10477;13;;;10472.0;0.0
yf_ADM_d13;9400;ASH_COATED_OSMIUM;9903;13;9901;15;;;9909;18;9912;23;;;9906.0;0.0
yf_ADM_d13;9400;INTARIAN_PEPPER_ROOT;10464;14;10460;23;;;10470;16;10473;16;;;10467.0;0.0
yf_ADM_d13;9500;ASH_COATED_OSMIUM;9902;15;9899;16;;;9911;16;9915;29;;;9906.5;0.0
yf_ADM_d13;9500;INTARIAN_PEPPER_ROOT;10458;6;10454;20;;;10464;22;10467;24;;;10461.0;0.0
yf_ADM_d13;9600;ASH_COATED_OSMIUM;9903;16;9900;23;;;9909;18;9913;10;;;9906.0;0.0
yf_ADM_d13;9600;INTARIAN_PEPPER_ROOT;10453;11;10449;22;;;10459;18;10462;22;;;10456.0;0.0
yf_ADM_d13;9700;ASH_COATED_OSMIUM;9901;17;9898;13;;;9911;5;9913;17;;;9906.0;0.0
yf_ADM_d13;9700;INTARIAN_PEPPER_ROOT;10448;15;10444;18;;;10454;13;10457;16;;;10451.0;0.0
yf_ADM_d13;9800;ASH_COATED_OSMIUM;9903;16;9899;24;;;9909;15;9911;14;;;9906.0;0.0
yf_ADM_d13;9800;INTARIAN_PEPPER_ROOT;10443;16;10441;19;;;10449;16;10452;18;;;10446.0;0.0
yf_ADM_d13;9900;ASH_COATED_OSMIUM;9892;7;9889;17;;;9921;8;9924;20;;;9906.5;0.0
yf_ADM_d13;9900;INTARIAN_PEPPER_ROOT;10438;17;10436;18;;;10444;14;10447;16;;;10441.0;0.0
yf_ADM_d13;10000;ASH_COATED_OSMIUM;9898;15;9895;26;;;9915;20;9919;23;;;9906.5;0.0
yf_ADM_d13;10000;INTARIAN_PEPPER_ROOT;10432;13;10428;19;;;10438;12;10442;25;;;10435.0;0.0
yf_ADM_d13;10100;ASH_COATED_OSMIUM;9903;9;9900;32;;;9909;20;9913;20;;;9906.0;0.0
yf_ADM_d13;10100;INTARIAN_PEPPER_ROOT;10427;7;10424;13;;;10433;19;10436;27;;;10430.0;0.0
yf_ADM_d13;10200;ASH_COATED_OSMIUM;9901;19;9899;17;;;9912;25;9915;25;;;9906.5;0.0
yf_ADM_d13;10200;INTARIAN_PEPPER_ROOT;10422;11;10418;10;;;10428;14;10432;24;;;10425.0;0.0
yf_ADM_d13;10300;ASH_COATED_OSMIUM;9896;8;9893;10;;;9916;6;9920;22;;;9906.0;0.0
yf_ADM_d13;10300;INTARIAN_PEPPER_ROOT;10416;13;10413;29;;;10422;6;10424;20;;;10419.0;0.0
yf_ADM_d13;10400;ASH_COATED_OSMIUM;9901;13;9897;20;;;9912;16;9914;18;;;9906.5;0.0
yf_ADM_d13;10400;INTARIAN_PEPPER_ROOT;10411;16;10409;24;;;10417;16;10419;16;;;10414.0;0.0
yf_ADM_d13;10500;ASH_COATED_OSMIUM;9901;18;9897;16;;;9911;17;9915;21;;;9906.0;0.0
yf_ADM_d13;10500;INTARIAN_PEPPER_ROOT;10405;16;10402;33;;;10412;18;10414;25;;;10408.5;0.0
yf_ADM_d13;10600;ASH_COATED_OSMIUM;9898;22;9895;25;;;9914;16;9917;16;;;9906.0;0.0
yf_ADM_d13;10600;INTARIAN_PEPPER_ROOT;10397;20;10394;26;;;10411;15;10413;26;;;10404.0;0.0
yf_ADM_d13;10700;ASH_COATED_OSMIUM;9903;15;9900;21;;;9909;14;9911;24;;;9906.0;0.0
yf_ADM_d13;10700;INTARIAN_PEPPER_ROOT;10393;14;10390;22;;;10405;23;10407;16;;;10399.0;0.0
yf_ADM_d13;10800;ASH_COATED_OSMIUM;9903;13;9901;10;;;9909;20;9912;26;;;9906.0;0.0
yf_ADM_d13;10800;INTARIAN_PEPPER_ROOT;10390;13;10386;25;;;10396;15;10398;23;;;10393.0;0.0
yf_ADM_d13;10900;ASH_COATED_OSMIUM;9900;9;9897;20;;;9911;18;9913;24;;;9905.5;0.0
yf_ADM_d13;10900;INTARIAN_PEPPER_ROOT;10378;8;10374;18;;;10397;13;10399;26;;;10387.5;0.0
yf_ADM_d13;11000;ASH_COATED_OSMIUM;9902;20;9899;13;;;9910;20;9912;14;;;9906.0;0.0
yf_ADM_d13;11000;INTARIAN_PEPPER_ROOT;10368;13;10366;19;;;10398;8;10401;23;;;10383.0;0.0
yf_ADM_d13;11100;ASH_COATED_OSMIUM;9902;11;9899;10;;;9910;18;9912;11;;;9906.0;0.0
yf_ADM_d13;11100;INTARIAN_PEPPER_ROOT;10374;12;10372;25;;;10380;18;10383;21;;;10377.0;0.0
yf_ADM_d13;11200;ASH_COATED_OSMIUM;9904;12;9902;20;;;9910;20;9914;25;;;9907.0;0.0
yf_ADM_d13;11200;INTARIAN_PEPPER_ROOT;10368;9;10364;20;;;10374;17;10377;20;;;10371.0;0.0
yf_ADM_d13;11300;ASH_COATED_OSMIUM;9904;15;9900;27;;;9910;13;9914;13;;;9907.0;0.0
yf_ADM_d13;11300;INTARIAN_PEPPER_ROOT;10360;14;10356;27;;;10371;12;10374;18;;;10365.5;0.0
yf_ADM_d13;11400;ASH_COATED_OSMIUM;9903;18;9899;23;;;9909;14;9911;24;;;9906.0;0.0
yf_ADM_d13;11400;INTARIAN_PEPPER_ROOT;10346;15;10344;27;;;10376;17;10378;19;;;10361.0;0.0
yf_ADM_d13;11500;ASH_COATED_OSMIUM;9904;6;9900;12;;;9910;11;9912;21;;;9907.0;0.0
yf_ADM_d13;11500;INTARIAN_PEPPER_ROOT;10352;9;10348;16;;;10358;20;10362;20;;;10355.0;0.0
yf_ADM_d13;11600;ASH_COATED_OSMIUM;9903;22;9901;17;;;9909;16;9913;22;;;9906.0;0.0
yf_ADM_d13;11600;INTARIAN_PEPPER_ROOT;10340;16;10337;25;;;10362;22;10366;15;;;10351.0;0.0
yf_ADM_d13;11700;ASH_COATED_OSMIUM;9891;10;9889;17;;;9922;9;9925;27;;;9906.5;0.0
yf_ADM_d13;11700;INTARIAN_PEPPER_ROOT;10342;15;10340;22;;;10348;11;10350;15;;;10345.0;0.0
yf_ADM_d13;11800;ASH_COATED_OSMIUM;9900;14;9896;13;;;9913;19;9916;15;;;9906.5;0.0
yf_ADM_d13;11800;INTARIAN_PEPPER_ROOT;10331;22;10327;13;;;10348;5;10352;28;;;10339.5;0.0
yf_ADM_d13;11900;ASH_COATED_OSMIUM;9900;21;9896;19;;;9912;20;9916;14;;;9906.0;0.0
yf_ADM_d13;11900;INTARIAN_PEPPER_ROOT;10329;18;10325;13;;;10341;21;10345;8;;;10335.0;0.0
yf_ADM_d13;12000;ASH_COATED_OSMIUM;9904;21;9901;17;;;9910;15;9912;26;;;9907.0;0.0
yf_ADM_d13;12000;INTARIAN_PEPPER_ROOT;10326;24;10324;14;;;10332;16;10335;22;;;10329.0;0.0
yf_ADM_d13;12100;ASH_COATED_OSMIUM;9904;11;9901;20;;;9910;24;9913;17;;;9907.0;0.0
yf_ADM_d13;12100;INTARIAN_PEPPER_ROOT;10321;18;10318;25;;;10327;19;10331;24;;;10324.0;0.0
yf_ADM_d13;12200;ASH_COATED_OSMIUM;9903;24;9900;16;;;9909;19;9911;15;;;9906.0;0.0
yf_ADM_d13;12200;INTARIAN_PEPPER_ROOT;10315;18;10312;21;;;10321;17;10324;21;;;10318.0;0.0
yf_ADM_d13;12300;ASH_COATED_OSMIUM;9893;10;9890;21;;;9920;13;9924;23;;;9906.5;0.0
yf_ADM_d13;12300;INTARIAN_PEPPER_ROOT;10309;19;10305;22;;;10316;18;10319;19;;;10312.5;0.0
yf_ADM_d13;12400;ASH_COATED_OSMIUM;9903;5;9899;20;;;9909;10;9913;25;;;9906.0;0.0
yf_ADM_d13;12400;INTARIAN_PEPPER_ROOT;10305;24;10301;17;;;10311;19;10315;9;;;10308.0;0.0
yf_ADM_d13;12500;ASH_COATED_OSMIUM;9900;14;9896;15;;;9912;20;9916;8;;;9906.0;0.0
yf_ADM_d13;12500;INTARIAN_PEPPER_ROOT;10298;23;10296;13;;;10307;17;10311;19;;;10302.5;0.0
yf_ADM_d13;12600;ASH_COATED_OSMIUM;9903;14;9900;22;;;9909;12;9913;10;;;9906.0;0.0
yf_ADM_d13;12600;INTARIAN_PEPPER_ROOT;10295;17;10291;8;;;10301;10;10303;25;;;10298.0;0.0
yf_ADM_d13;12700;ASH_COATED_OSMIUM;9904;16;9901;9;;;9910;17;9912;15;;;9907.0;0.0
yf_ADM_d13;12700;INTARIAN_PEPPER_ROOT;10285;19;10281;17;;;10300;20;10302;19;;;10292.5;0.0
yf_ADM_d13;12800;ASH_COATED_OSMIUM;9904;14;9900;15;;;9910;6;9914;21;;;9907.0;0.0
yf_ADM_d13;12800;INTARIAN_PEPPER_ROOT;10285;21;10282;13;;;10291;18;10295;18;;;10288.0;0.0
yf_ADM_d13;12900;ASH_COATED_OSMIUM;9903;18;9899;12;;;9909;17;9912;27;;;9906.0;0.0
yf_ADM_d13;12900;INTARIAN_PEPPER_ROOT;10279;16;10276;21;;;10285;14;10287;23;;;10282.0;0.0
yf_ADM_d13;13000;ASH_COATED_OSMIUM;9904;15;9900;21;;;9910;23;9914;15;;;9907.0;0.0
yf_ADM_d13;13000;INTARIAN_PEPPER_ROOT;10266;14;10262;20;;;10287;11;10291;10;;;10276.5;0.0
yf_ADM_d13;13100;ASH_COATED_OSMIUM;9905;10;9901;18;;;9911;22;9913;8;;;9908.0;0.0
yf_ADM_d13;13100;INTARIAN_PEPPER_ROOT;10265;8;10261;13;;;10278;11;10280;8;;;10271.5;0.0
yf_ADM_d13;13200;ASH_COATED_OSMIUM;9904;24;9901;27;;;9910;12;9912;25;;;9907.0;0.0
yf_ADM_d13;13200;INTARIAN_PEPPER_ROOT;10263;14;10261;17;;;10269;8;10271;13;;;10266.0;0.0
yf_ADM_d13;13300;ASH_COATED_OSMIUM;9899;7;9897;22;;;9915;16;9917;18;;;9907.0;0.0
yf_ADM_d13;13300;INTARIAN_PEPPER_ROOT;10257;19;10253;18;;;10263;13;10266;32;;;10260.0;0.0
yf_ADM_d13;13400;ASH_COATED_OSMIUM;9904;5;9901;21;;;9910;25;9914;23;;;9907.0;0.0
yf_ADM_d13;13400;INTARIAN_PEPPER_ROOT;10252;9;10248;20;;;10258;17;10261;23;;;10255.0;0.0
yf_ADM_d13;13500;ASH_COATED_OSMIUM;9903;15;9899;15;;;9910;18;9914;26;;;9906.5;0.0
yf_ADM_d13;13500;INTARIAN_PEPPER_ROOT;10247;17;10245;17;;;10253;16;10257;21;;;10250.0;0.0
yf_ADM_d13;13600;ASH_COATED_OSMIUM;9901;11;9899;24;;;9912;10;9916;12;;;9906.5;0.0
yf_ADM_d13;13600;INTARIAN_PEPPER_ROOT;10240;16;10238;19;;;10250;17;10254;21;;;10245.0;0.0
yf_ADM_d13;13700;ASH_COATED_OSMIUM;9900;12;9898;13;;;9913;5;9917;22;;;9906.5;0.0
yf_ADM_d13;13700;INTARIAN_PEPPER_ROOT;10234;20;10231;23;;;10244;18;10248;16;;;10239.0;0.0
yf_ADM_d13;13800;ASH_COATED_OSMIUM;9903;14;9901;18;;;9910;16;9913;21;;;9906.5;0.0
yf_ADM_d13;13800;INTARIAN_PEPPER_ROOT;10231;18;10229;16;;;10237;11;10241;20;;;10234.0;0.0
yf_ADM_d13;13900;ASH_COATED_OSMIUM;9903;16;9900;17;;;9909;15;9913;14;;;9906.0;0.0
yf_ADM_d13;13900;INTARIAN_PEPPER_ROOT;10226;13;10222;15;;;10232;18;10234;20;;;10229.0;0.0
yf_ADM_d13;14000;ASH_COATED_OSMIUM;9904;15;9902;24;;;9910;18;9913;16;;;9907.0;0.0
yf_ADM_d13;14000;INTARIAN_PEPPER_ROOT;10220;10;10218;25;;;10226;17;10228;22;;;10223.0;0.0
yf_ADM_d13;14100;ASH_COATED_OSMIUM;9900;11;9897;19;;;9914;11;9916;16;;;9907.0;0.0
yf_ADM_d13;14100;INTARIAN_PEPPER_ROOT;10216;15;10212;24;;;10222;9;10226;19;;;10219.0;0.0
yf_ADM_d13;14200;ASH_COATED_OSMIUM;9904;22;9900;23;;;9910;5;9913;20;;;9907.0;0.0
yf_ADM_d13;14200;INTARIAN_PEPPER_ROOT;10211;17;10207;14;;;10217;10;10220;8;;;10214.0;0.0
yf_ADM_d13;14300;ASH_COATED_OSMIUM;9904;17;9902;18;;;9910;6;9913;19;;;9907.0;0.0
yf_ADM_d13;14300;INTARIAN_PEPPER_ROOT;10204;19;10202;12;;;10210;10;10214;21;;;10207.0;0.0
yf_ADM_d13;14400;ASH_COATED_OSMIUM;9901;11;9899;21;;;9912;23;9914;23;;;9906.5;0.0
yf_ADM_d13;14400;INTARIAN_PEPPER_ROOT;10195;5;10193;22;;;10210;22;10212;25;;;10202.5;0.0
yf_ADM_d13;14500;ASH_COATED_OSMIUM;9904;16;9902;19;;;9910;10;9913;14;;;9907.0;0.0
yf_ADM_d13;14500;INTARIAN_PEPPER_ROOT;10190;14;10187;20;;;10203;12;10206;19;;;10196.5;0.0
yf_ADM_d13;14600;ASH_COATED_OSMIUM;9904;12;9902;15;;;9910;18;9913;13;;;9907.0;0.0
yf_ADM_d13;14600;INTARIAN_PEPPER_ROOT;10188;17;10186;22;;;10195;12;10197;15;;;10191.5;0.0
yf_ADM_d13;14700;ASH_COATED_OSMIUM;9898;25;9894;15;;;9915;12;9918;23;;;9906.5;0.0
yf_ADM_d13;14700;INTARIAN_PEPPER_ROOT;10180;20;10177;19;;;10192;14;10194;17;;;10186.0;0.0
yf_ADM_d13;14800;ASH_COATED_OSMIUM;9904;5;9901;13;;;9911;16;9914;12;;;9907.5;0.0
yf_ADM_d13;14800;INTARIAN_PEPPER_ROOT;10178;18;10174;15;;;10184;17;10187;26;;;10181.0;0.0
yf_ADM_d13;14900;ASH_COATED_OSMIUM;9900;24;9897;19;;;9913;13;9917;24;;;9906.5;0.0
yf_ADM_d13;14900;INTARIAN_PEPPER_ROOT;10173;28;10169;18;;;10179;17;10183;26;;;10176.0;0.0
yf_ADM_d13;15000;ASH_COATED_OSMIUM;9904;8;9902;14;;;9912;9;9914;8;;;9908.0;0.0
yf_ADM_d13;15000;INTARIAN_PEPPER_ROOT;10167;17;10165;19;;;10173;17;10177;15;;;10170.0;0.0
yf_ADM_d13;15100;ASH_COATED_OSMIUM;9904;19;9902;21;;;9910;12;9912;15;;;9907.0;0.0
yf_ADM_d13;15100;INTARIAN_PEPPER_ROOT;10160;12;10157;21;;;10170;19;10174;15;;;10165.0;0.0
yf_ADM_d13;15200;ASH_COATED_OSMIUM;9896;13;9893;22;;;9917;17;9920;25;;;9906.5;0.0
yf_ADM_d13;15200;INTARIAN_PEPPER_ROOT;10156;5;10154;16;;;10164;9;10167;24;;;10160.0;0.0
yf_ADM_d13;15300;ASH_COATED_OSMIUM;9901;15;9898;20;;;9913;12;9916;17;;;9907.0;0.0
yf_ADM_d13;15300;INTARIAN_PEPPER_ROOT;10151;19;10147;24;;;10157;21;10161;23;;;10154.0;0.0
yf_ADM_d13;15400;ASH_COATED_OSMIUM;9896;12;9894;23;;;9918;17;9921;17;;;9907.0;0.0
yf_ADM_d13;15400;INTARIAN_PEPPER_ROOT;10147;20;10145;16;;;10153;17;10156;19;;;10150.0;0.0
yf_ADM_d13;15500;ASH_COATED_OSMIUM;9904;15;9902;16;;;9910;17;9914;13;;;9907.0;0.0
yf_ADM_d13;15500;INTARIAN_PEPPER_ROOT;10141;17;10138;21;;;10147;12;10149;24;;;10144.0;0.0
yf_ADM_d13;15600;ASH_COATED_OSMIUM;9904;12;9901;27;;;9910;27;9912;26;;;9907.0;0.0
yf_ADM_d13;15600;INTARIAN_PEPPER_ROOT;10136;9;10132;19;;;10142;12;10146;27;;;10139.0;0.0
yf_ADM_d13;15700;ASH_COATED_OSMIUM;9904;11;9900;13;;;9910;14;9913;16;;;9907.0;0.0
yf_ADM_d13;15700;INTARIAN_PEPPER_ROOT;10129;16;10127;8;;;10135;18;10137;28;;;10132.0;0.0
yf_ADM_d13;15800;ASH_COATED_OSMIUM;9903;24;9900;22;;;9912;14;9914;19;;;9907.5;0.0
yf_ADM_d13;15800;INTARIAN_PEPPER_ROOT;10125;15;10121;15;;;10131;19;10133;24;;;10128.0;0.0
yf_ADM_d13;15900;ASH_COATED_OSMIUM;9904;10;9901;19;;;9910;15;9914;26;;;9907.0;0.0
yf_ADM_d13;15900;INTARIAN_PEPPER_ROOT;10120;14;10116;18;;;10126;16;10129;22;;;10123.0;0.0
yf_ADM_d13;16000;ASH_COATED_OSMIUM;9904;20;9901;20;;;9910;7;9913;17;;;9907.0;0.0
yf_ADM_d13;16000;INTARIAN_PEPPER_ROOT;10114;7;10112;20;;;10120;12;10122;20;;;10117.0;0.0
yf_ADM_d13;16100;ASH_COATED_OSMIUM;9904;12;9901;28;;;9910;19;9914;8;;;9907.0;0.0
yf_ADM_d13;16100;INTARIAN_PEPPER_ROOT;10105;7;10103;23;;;10119;10;10123;17;;;10112.0;0.0
yf_ADM_d13;16200;ASH_COATED_OSMIUM;9904;14;9901;22;;;9910;17;9914;16;;;9907.0;0.0
yf_ADM_d13;16200;INTARIAN_PEPPER_ROOT;10102;17;10100;27;;;10113;16;10115;25;;;10107.5;0.0
yf_ADM_d13;16300;ASH_COATED_OSMIUM;9902;11;9900;15;;;9911;20;9913;25;;;9906.5;0.0
yf_ADM_d13;16300;INTARIAN_PEPPER_ROOT;10098;29;10096;21;;;10106;18;10109;26;;;10102.0;0.0
yf_ADM_d13;16400;ASH_COATED_OSMIUM;9904;21;9900;17;;;9910;9;9914;23;;;9907.0;0.0
yf_ADM_d13;16400;INTARIAN_PEPPER_ROOT;10094;12;10091;19;;;10100;20;10102;11;;;10097.0;0.0
yf_ADM_d13;16500;ASH_COATED_OSMIUM;9905;11;9902;20;;;9911;21;9913;25;;;9908.0;0.0
yf_ADM_d13;16500;INTARIAN_PEPPER_ROOT;10081;23;10077;30;;;10101;11;10104;15;;;10091.0;0.0
yf_ADM_d13;16600;ASH_COATED_OSMIUM;9896;8;9893;22;;;9917;14;9921;17;;;9906.5;0.0
yf_ADM_d13;16600;INTARIAN_PEPPER_ROOT;10078;10;10075;19;;;10092;14;10095;31;;;10085.0;0.0
yf_ADM_d13;16700;ASH_COATED_OSMIUM;9899;12;9897;19;;;9916;19;9918;15;;;9907.5;0.0
yf_ADM_d13;16700;INTARIAN_PEPPER_ROOT;10078;13;10076;18;;;10084;15;10088;19;;;10081.0;0.0
yf_ADM_d13;16800;ASH_COATED_OSMIUM;9904;22;9900;26;;;9910;21;9914;13;;;9907.0;0.0
yf_ADM_d13;16800;INTARIAN_PEPPER_ROOT;10072;11;10069;22;;;10078;23;10082;20;;;10075.0;0.0
yf_ADM_d13;16900;ASH_COATED_OSMIUM;9904;16;9902;19;;;9910;16;9912;17;;;9907.0;0.0
yf_ADM_d13;16900;INTARIAN_PEPPER_ROOT;10067;12;10063;25;;;10073;15;10075;22;;;10070.0;0.0
yf_ADM_d13;17000;ASH_COATED_OSMIUM;9905;25;9902;17;;;9911;23;9913;15;;;9908.0;0.0
yf_ADM_d13;17000;INTARIAN_PEPPER_ROOT;10064;17;10062;16;;;10070;13;10074;16;;;10067.0;0.0
yf_ADM_d13;17100;ASH_COATED_OSMIUM;9905;10;9902;27;;;9911;14;9915;22;;;9908.0;0.0
yf_ADM_d13;17100;INTARIAN_PEPPER_ROOT;10065;11;10063;14;;;10071;23;10074;24;;;10068.0;0.0
yf_ADM_d13;17200;ASH_COATED_OSMIUM;9905;8;9903;14;;;9911;21;9913;20;;;9908.0;0.0
yf_ADM_d13;17200;INTARIAN_PEPPER_ROOT;10049;11;10047;19;;;10088;9;10092;24;;;10068.5;0.0
yf_ADM_d13;17300;ASH_COATED_OSMIUM;9904;17;9900;22;;;9910;14;9913;21;;;9907.0;0.0
yf_ADM_d13;17300;INTARIAN_PEPPER_ROOT;10065;21;10063;12;;;10074;18;10077;8;;;10069.5;0.0
yf_ADM_d13;17400;ASH_COATED_OSMIUM;9904;13;9901;19;;;9910;27;9914;25;;;9907.0;0.0
yf_ADM_d13;17400;INTARIAN_PEPPER_ROOT;10065;13;10063;19;;;10074;10;10076;23;;;10069.5;0.0
yf_ADM_d13;17500;ASH_COATED_OSMIUM;9902;15;9899;17;;;9913;19;9916;18;;;9907.5;0.0
yf_ADM_d13;17500;INTARIAN_PEPPER_ROOT;10068;27;10066;23;;;10074;10;10076;23;;;10071.0;0.0
yf_ADM_d13;17600;ASH_COATED_OSMIUM;9900;14;9898;21;;;9913;9;9917;23;;;9906.5;0.0
yf_ADM_d13;17600;INTARIAN_PEPPER_ROOT;10068;14;10065;27;;;10074;15;10076;33;;;10071.0;0.0
yf_ADM_d13;17700;ASH_COATED_OSMIUM;9904;14;9902;20;;;9910;8;9913;18;;;9907.0;0.0
yf_ADM_d13;17700;INTARIAN_PEPPER_ROOT;10069;12;10065;10;;;10075;15;10077;16;;;10072.0;0.0
yf_ADM_d13;17800;ASH_COATED_OSMIUM;9904;13;9902;16;;;9910;18;9914;16;;;9907.0;0.0
yf_ADM_d13;17800;INTARIAN_PEPPER_ROOT;10069;12;10067;23;;;10075;19;10078;14;;;10072.0;0.0
yf_ADM_d13;17900;ASH_COATED_OSMIUM;9904;26;9901;20;;;9910;17;9914;24;;;9907.0;0.0
yf_ADM_d13;17900;INTARIAN_PEPPER_ROOT;10067;9;10064;19;;;10078;12;10081;18;;;10072.5;0.0
yf_ADM_d13;18000;ASH_COATED_OSMIUM;9903;14;9899;25;;;9909;15;9912;20;;;9906.0;0.0
yf_ADM_d13;18000;INTARIAN_PEPPER_ROOT;10070;12;10067;18;;;10076;9;10079;17;;;10073.0;0.0
yf_ADM_d13;18100;ASH_COATED_OSMIUM;9898;20;9894;19;;;9916;14;9918;16;;;9907.0;0.0
yf_ADM_d13;18100;INTARIAN_PEPPER_ROOT;10070;9;10067;18;;;10077;14;10079;17;;;10073.5;0.0
yf_ADM_d13;18200;ASH_COATED_OSMIUM;9904;12;9900;20;;;9910;5;9913;19;;;9907.0;0.0
yf_ADM_d13;18200;INTARIAN_PEPPER_ROOT;10071;23;10069;23;;;10077;15;10080;13;;;10074.0;0.0
yf_ADM_d13;18300;ASH_COATED_OSMIUM;9901;21;9897;21;;;9915;14;9918;24;;;9908.0;0.0
yf_ADM_d13;18300;INTARIAN_PEPPER_ROOT;10072;17;10068;15;;;10078;16;10082;15;;;10075.0;0.0
yf_ADM_d13;18400;ASH_COATED_OSMIUM;9904;5;9901;23;;;9910;7;9912;19;;;9907.0;0.0
yf_ADM_d13;18400;INTARIAN_PEPPER_ROOT;10068;6;10064;30;;;10082;14;10084;25;;;10075.0;0.0
yf_ADM_d13;18500;ASH_COATED_OSMIUM;9903;20;9899;8;;;9909;23;9913;15;;;9906.0;0.0
yf_ADM_d13;18500;INTARIAN_PEPPER_ROOT;10074;27;10070;21;;;10080;7;10082;20;;;10077.0;0.0
yf_ADM_d13;18600;ASH_COATED_OSMIUM;9903;12;9900;20;;;9911;12;9915;19;;;9907.0;0.0
yf_ADM_d13;18600;INTARIAN_PEPPER_ROOT;10074;11;10071;23;;;10080;14;10082;21;;;10077.0;0.0
yf_ADM_d13;18700;ASH_COATED_OSMIUM;9903;20;9900;18;;;9909;11;9912;23;;;9906.0;0.0
yf_ADM_d13;18700;INTARIAN_PEPPER_ROOT;10075;5;10072;21;;;10081;13;10085;16;;;10078.0;0.0
yf_ADM_d13;18800;ASH_COATED_OSMIUM;9902;13;9898;11;;;9911;14;9915;20;;;9906.5;0.0
yf_ADM_d13;18800;INTARIAN_PEPPER_ROOT;10070;13;10067;21;;;10086;18;10090;20;;;10078.0;0.0
yf_ADM_d13;18900;ASH_COATED_OSMIUM;9904;19;9901;18;;;9910;12;9914;28;;;9907.0;0.0
yf_ADM_d13;18900;INTARIAN_PEPPER_ROOT;10076;17;10072;21;;;10083;17;10087;19;;;10079.5;0.0
yf_ADM_d13;19000;ASH_COATED_OSMIUM;9903;13;9899;10;;;9912;15;9914;23;;;9907.5;0.0
yf_ADM_d13;19000;INTARIAN_PEPPER_ROOT;10076;17;10072;21;;;10082;19;10084;22;;;10079.0;0.0
yf_ADM_d13;19100;ASH_COATED_OSMIUM;9903;6;9900;18;;;9909;14;9912;23;;;9906.0;0.0
yf_ADM_d13;19100;INTARIAN_PEPPER_ROOT;10070;21;10068;19;;;10089;25;10093;24;;;10079.5;0.0
yf_ADM_d13;19200;ASH_COATED_OSMIUM;9902;11;9899;24;;;9911;18;9915;16;;;9906.5;0.0
yf_ADM_d13;19200;INTARIAN_PEPPER_ROOT;10078;11;10074;20;;;10085;9;10088;16;;;10081.5;0.0
yf_ADM_d13;19300;ASH_COATED_OSMIUM;9897;16;9893;24;;;9916;14;9919;32;;;9906.5;0.0
yf_ADM_d13;19300;INTARIAN_PEPPER_ROOT;10076;13;10074;18;;;10086;16;10090;18;;;10081.0;0.0
yf_ADM_d13;19400;ASH_COATED_OSMIUM;9903;17;9900;17;;;9909;19;9913;22;;;9906.0;0.0
yf_ADM_d13;19400;INTARIAN_PEPPER_ROOT;10078;16;10076;17;;;10086;12;10088;20;;;10082.0;0.0
yf_ADM_d13;19500;ASH_COATED_OSMIUM;9901;5;9899;12;;;9911;18;9914;16;;;9906.0;0.0
yf_ADM_d13;19500;INTARIAN_PEPPER_ROOT;10077;9;10073;18;;;10088;9;10090;17;;;10082.5;0.0
yf_ADM_d13;19600;ASH_COATED_OSMIUM;9903;11;9899;12;;;9910;13;9912;22;;;9906.5;0.0
yf_ADM_d13;19600;INTARIAN_PEPPER_ROOT;10080;18;10076;20;;;10086;21;10088;9;;;10083.0;0.0
yf_ADM_d13;19700;ASH_COATED_OSMIUM;9898;23;9896;14;;;9915;20;9918;17;;;9906.5;0.0
yf_ADM_d13;19700;INTARIAN_PEPPER_ROOT;10081;15;10079;27;;;10087;25;10090;23;;;10084.0;0.0
yf_ADM_d13;19800;ASH_COATED_OSMIUM;9903;17;9901;22;;;9909;11;9911;16;;;9906.0;0.0
yf_ADM_d13;19800;INTARIAN_PEPPER_ROOT;10081;7;10078;23;;;10087;13;10090;16;;;10084.0;0.0
yf_ADM_d13;19900;ASH_COATED_OSMIUM;9903;14;9901;13;;;9909;16;9913;17;;;9906.0;0.0
yf_ADM_d13;19900;INTARIAN_PEPPER_ROOT;10082;11;10079;20;;;10088;24;10090;18;;;10085.0;0.0
yf_ADM_d13;20000;ASH_COATED_OSMIUM;9903;17;9899;19;;;9909;15;9913;17;;;9906.0;0.0
yf_ADM_d13;20000;INTARIAN_PEPPER_ROOT;10082;6;10080;18;;;10088;24;10092;24;;;10085.0;0.0
yf_ADM_d13;20100;ASH_COATED_OSMIUM;9902;19;9898;17;;;9908;9;9910;15;;;9905.0;0.0
yf_ADM_d13;20100;INTARIAN_PEPPER_ROOT;10083;11;10079;26;;;10089;7;10091;29;;;10086.0;0.0
yf_ADM_d13;20200;ASH_COATED_OSMIUM;9903;7;9901;24;;;9909;16;9912;18;;;9906.0;0.0
yf_ADM_d13;20200;INTARIAN_PEPPER_ROOT;10084;17;10080;22;;;10090;21;10094;23;;;10087.0;0.0
yf_ADM_d13;20300;ASH_COATED_OSMIUM;9899;6;9897;12;;;9912;13;9916;23;;;9905.5;0.0
yf_ADM_d13;20300;INTARIAN_PEPPER_ROOT;10084;20;10080;20;;;10090;16;10092;20;;;10087.0;0.0
yf_ADM_d13;20400;ASH_COATED_OSMIUM;9898;19;9894;29;;;9912;13;9915;16;;;9905.0;0.0
yf_ADM_d13;20400;INTARIAN_PEPPER_ROOT;10081;20;10078;13;;;10094;7;10096;22;;;10087.5;0.0
yf_ADM_d13;20500;ASH_COATED_OSMIUM;9901;5;9898;23;;;9910;14;9914;25;;;9905.5;0.0
yf_ADM_d13;20500;INTARIAN_PEPPER_ROOT;10078;14;10075;23;;;10099;20;10101;18;;;10088.5;0.0
yf_ADM_d13;20600;ASH_COATED_OSMIUM;9889;12;9886;14;;;9922;21;9924;16;;;9905.5;0.0
yf_ADM_d13;20600;INTARIAN_PEPPER_ROOT;10085;11;10081;12;;;10092;13;10095;19;;;10088.5;0.0
yf_ADM_d13;20700;ASH_COATED_OSMIUM;9898;8;9895;13;;;9913;20;9916;15;;;9905.5;0.0
yf_ADM_d13;20700;INTARIAN_PEPPER_ROOT;10087;19;10085;19;;;10093;10;10095;18;;;10090.0;0.0
yf_ADM_d13;20800;ASH_COATED_OSMIUM;9903;5;9900;23;;;9909;11;9913;20;;;9906.0;0.0
yf_ADM_d13;20800;INTARIAN_PEPPER_ROOT;10086;13;10082;13;;;10094;12;10096;20;;;10090.0;0.0
yf_ADM_d13;20900;ASH_COATED_OSMIUM;9892;21;9890;20;;;9921;15;9923;22;;;9906.5;0.0
yf_ADM_d13;20900;INTARIAN_PEPPER_ROOT;10088;10;10086;15;;;10094;11;10098;14;;;10091.0;0.0
yf_ADM_d13;21000;ASH_COATED_OSMIUM;9899;21;9897;26;;;9911;17;9913;19;;;9905.0;0.0
yf_ADM_d13;21000;INTARIAN_PEPPER_ROOT;10089;16;10086;24;;;10095;10;10097;21;;;10092.0;0.0
yf_ADM_d13;21100;ASH_COATED_OSMIUM;9895;19;9891;22;;;9916;18;9920;27;;;9905.5;0.0
yf_ADM_d13;21100;INTARIAN_PEPPER_ROOT;10088;12;10084;13;;;10096;20;10100;25;;;10092.0;0.0
yf_ADM_d13;21200;ASH_COATED_OSMIUM;9902;18;9899;18;;;9908;17;9910;17;;;9905.0;0.0
yf_ADM_d13;21200;INTARIAN_PEPPER_ROOT;10085;21;10082;19;;;10100;18;10104;19;;;10092.5;0.0
yf_ADM_d13;21300;ASH_COATED_OSMIUM;9902;9;9899;22;;;9908;17;9912;17;;;9905.0;0.0
yf_ADM_d13;21300;INTARIAN_PEPPER_ROOT;10089;7;10086;22;;;10097;18;10099;18;;;10093.0;0.0
yf_ADM_d13;21400;ASH_COATED_OSMIUM;9895;13;9893;18;;;9916;8;9919;13;;;9905.5;0.0
yf_ADM_d13;21400;INTARIAN_PEPPER_ROOT;10091;14;10089;21;;;10098;20;10100;21;;;10094.5;0.0
yf_ADM_d13;21500;ASH_COATED_OSMIUM;9902;6;9898;15;;;9908;13;9911;28;;;9905.0;0.0
yf_ADM_d13;21500;INTARIAN_PEPPER_ROOT;10088;21;10084;27;;;10100;5;10103;25;;;10094.0;0.0
yf_ADM_d13;21600;ASH_COATED_OSMIUM;9901;18;9897;24;;;9908;22;9910;20;;;9904.5;0.0
yf_ADM_d13;21600;INTARIAN_PEPPER_ROOT;10092;12;10088;10;;;10098;12;10101;11;;;10095.0;0.0
yf_ADM_d13;21700;ASH_COATED_OSMIUM;9897;8;9894;16;;;9913;9;9916;13;;;9905.0;0.0
yf_ADM_d13;21700;INTARIAN_PEPPER_ROOT;10092;18;10090;15;;;10098;8;10102;12;;;10095.0;0.0
yf_ADM_d13;21800;ASH_COATED_OSMIUM;9902;13;9898;24;;;9908;11;9912;14;;;9905.0;0.0
yf_ADM_d13;21800;INTARIAN_PEPPER_ROOT;10090;17;10088;19;;;10102;19;10106;29;;;10096.0;0.0
yf_ADM_d13;21900;ASH_COATED_OSMIUM;9901;16;9899;30;;;9909;11;9911;19;;;9905.0;0.0
yf_ADM_d13;21900;INTARIAN_PEPPER_ROOT;10090;17;10087;16;;;10103;14;10106;13;;;10096.5;0.0
yf_ADM_d13;22000;ASH_COATED_OSMIUM;9902;9;9899;16;;;9908;18;9910;26;;;9905.0;0.0
yf_ADM_d13;22000;INTARIAN_PEPPER_ROOT;10094;20;10092;19;;;10100;13;10103;14;;;10097.0;0.0
yf_ADM_d13;22100;ASH_COATED_OSMIUM;9902;9;9900;15;;;9908;20;9911;19;;;9905.0;0.0
yf_ADM_d13;22100;INTARIAN_PEPPER_ROOT;10095;13;10093;28;;;10101;5;10105;17;;;10098.0;0.0
yf_ADM_d13;22200;ASH_COATED_OSMIUM;9902;12;9900;21;;;9908;19;9911;22;;;9905.0;0.0
yf_ADM_d13;22200;INTARIAN_PEPPER_ROOT;10094;18;10090;14;;;10103;24;10106;14;;;10098.5;0.0
yf_ADM_d13;22300;ASH_COATED_OSMIUM;9902;17;9898;20;;;9908;15;9911;9;;;9905.0;0.0
yf_ADM_d13;22300;INTARIAN_PEPPER_ROOT;10096;11;10092;16;;;10102;5;10105;24;;;10099.0;0.0
yf_ADM_d13;22400;ASH_COATED_OSMIUM;9893;9;9889;29;;;9917;16;9919;19;;;9905.0;0.0
yf_ADM_d13;22400;INTARIAN_PEPPER_ROOT;10097;10;10094;10;;;10103;15;10105;25;;;10100.0;0.0
yf_ADM_d13;22500;ASH_COATED_OSMIUM;9899;16;9895;23;;;9910;16;9912;16;;;9904.5;0.0
yf_ADM_d13;22500;INTARIAN_PEPPER_ROOT;10097;19;10094;22;;;10104;13;10106;30;;;10100.5;0.0
yf_ADM_d13;22600;ASH_COATED_OSMIUM;9902;7;9899;25;;;9908;14;9911;17;;;9905.0;0.0
yf_ADM_d13;22600;INTARIAN_PEPPER_ROOT;10085;7;10083;23;;;10116;7;10119;25;;;10100.5;0.0
yf_ADM_d13;22700;ASH_COATED_OSMIUM;9899;9;9895;27;;;9910;14;9913;34;;;9904.5;0.0
yf_ADM_d13;22700;INTARIAN_PEPPER_ROOT;10096;10;10093;14;;;10105;12;10108;11;;;10100.5;0.0
yf_ADM_d13;22800;ASH_COATED_OSMIUM;9897;22;9893;17;;;9913;10;9917;35;;;9905.0;0.0
yf_ADM_d13;22800;INTARIAN_PEPPER_ROOT;10099;10;10097;32;;;10105;16;10109;21;;;10102.0;0.0
yf_ADM_d13;22900;ASH_COATED_OSMIUM;9902;20;9898;28;;;9908;21;9912;19;;;9905.0;0.0
yf_ADM_d13;22900;INTARIAN_PEPPER_ROOT;10100;13;10096;25;;;10106;26;10110;19;;;10103.0;0.0
yf_ADM_d13;23000;ASH_COATED_OSMIUM;9902;18;9899;16;;;9908;19;9910;23;;;9905.0;0.0
yf_ADM_d13;23000;INTARIAN_PEPPER_ROOT;10100;17;10097;21;;;10106;17;10109;21;;;10103.0;0.0
yf_ADM_d13;23100;ASH_COATED_OSMIUM;9901;16;9897;23;;;9908;12;9910;18;;;9904.5;0.0
yf_ADM_d13;23100;INTARIAN_PEPPER_ROOT;10097;12;10094;21;;;10111;16;10115;24;;;10104.0;0.0
yf_ADM_d13;23200;ASH_COATED_OSMIUM;9899;11;9896;22;;;9909;12;9912;24;;;9904.0;0.0
yf_ADM_d13;23200;INTARIAN_PEPPER_ROOT;10101;11;10097;11;;;10107;15;10111;26;;;10104.0;0.0
yf_ADM_d13;23300;ASH_COATED_OSMIUM;9896;16;9893;16;;;9914;14;9917;10;;;9905.0;0.0
yf_ADM_d13;23300;INTARIAN_PEPPER_ROOT;10102;16;10099;22;;;10108;19;10110;15;;;10105.0;0.0
yf_ADM_d13;23400;ASH_COATED_OSMIUM;9900;18;9897;19;;;9910;13;9912;27;;;9905.0;0.0
yf_ADM_d13;23400;INTARIAN_PEPPER_ROOT;10103;22;10100;18;;;10109;18;10112;28;;;10106.0;0.0
yf_ADM_d13;23500;ASH_COATED_OSMIUM;9902;10;9898;14;;;9908;14;9912;18;;;9905.0;0.0
yf_ADM_d13;23500;INTARIAN_PEPPER_ROOT;10103;10;10101;19;;;10109;16;10112;16;;;10106.0;0.0
yf_ADM_d13;23600;ASH_COATED_OSMIUM;9899;14;9896;19;;;9908;9;9911;20;;;9903.5;0.0
yf_ADM_d13;23600;INTARIAN_PEPPER_ROOT;10104;12;10101;23;;;10110;6;10113;24;;;10107.0;0.0
yf_ADM_d13;23700;ASH_COATED_OSMIUM;9900;11;9897;13;;;9908;22;9911;20;;;9904.0;0.0
yf_ADM_d13;23700;INTARIAN_PEPPER_ROOT;10105;6;10101;24;;;10111;12;10113;18;;;10108.0;0.0
yf_ADM_d13;23800;ASH_COATED_OSMIUM;9901;14;9897;28;;;9907;15;9911;19;;;9904.0;0.0
yf_ADM_d13;23800;INTARIAN_PEPPER_ROOT;10105;10;10102;13;;;10111;14;10113;23;;;10108.0;0.0
yf_ADM_d13;23900;ASH_COATED_OSMIUM;9900;17;9897;12;;;9906;15;9910;8;;;9903.0;0.0
yf_ADM_d13;23900;INTARIAN_PEPPER_ROOT;10106;17;10103;20;;;10112;19;10114;23;;;10109.0;0.0
yf_ADM_d13;24000;ASH_COATED_OSMIUM;9901;18;9897;10;;;9907;13;9910;17;;;9904.0;0.0
yf_ADM_d13;24000;INTARIAN_PEPPER_ROOT;10106;17;10103;15;;;10112;12;10115;13;;;10109.0;0.0
yf_ADM_d13;24100;ASH_COATED_OSMIUM;9901;10;9897;21;;;9907;23;9910;19;;;9904.0;0.0
yf_ADM_d13;24100;INTARIAN_PEPPER_ROOT;10106;17;10104;27;;;10112;17;10115;17;;;10109.0;0.0
yf_ADM_d13;24200;ASH_COATED_OSMIUM;9901;15;9899;18;;;9907;12;9911;15;;;9904.0;0.0
yf_ADM_d13;24200;INTARIAN_PEPPER_ROOT;10105;17;10102;28;;;10116;8;10119;11;;;10110.5;0.0
yf_ADM_d13;24300;ASH_COATED_OSMIUM;9901;9;9897;21;;;9907;14;9911;27;;;9904.0;0.0
yf_ADM_d13;24300;INTARIAN_PEPPER_ROOT;10108;9;10104;22;;;10114;16;10118;23;;;10111.0;0.0
yf_ADM_d13;24400;ASH_COATED_OSMIUM;9901;6;9899;16;;;9907;17;9911;14;;;9904.0;0.0
yf_ADM_d13;24400;INTARIAN_PEPPER_ROOT;10109;13;10106;16;;;10115;15;10119;21;;;10112.0;0.0
yf_ADM_d13;24500;ASH_COATED_OSMIUM;9901;13;9897;13;;;9907;23;9910;12;;;9904.0;0.0
yf_ADM_d13;24500;INTARIAN_PEPPER_ROOT;10108;21;10106;22;;;10116;13;10120;25;;;10112.0;0.0
yf_ADM_d13;24600;ASH_COATED_OSMIUM;9898;15;9894;19;;;9910;12;9912;21;;;9904.0;0.0
yf_ADM_d13;24600;INTARIAN_PEPPER_ROOT;10107;25;10105;19;;;10119;9;10121;18;;;10113.0;0.0
yf_ADM_d13;24700;ASH_COATED_OSMIUM;9892;19;9888;18;;;9916;13;9920;22;;;9904.0;0.0
yf_ADM_d13;24700;INTARIAN_PEPPER_ROOT;10110;16;10106;16;;;10116;17;10119;22;;;10113.0;0.0
yf_ADM_d13;24800;ASH_COATED_OSMIUM;9900;14;9897;8;;;9906;17;9910;17;;;9903.0;0.0
yf_ADM_d13;24800;INTARIAN_PEPPER_ROOT;10111;19;10107;19;;;10117;19;10121;19;;;10114.0;0.0
yf_ADM_d13;24900;ASH_COATED_OSMIUM;9901;14;9897;18;;;9907;15;9910;21;;;9904.0;0.0
yf_ADM_d13;24900;INTARIAN_PEPPER_ROOT;10111;11;10109;29;;;10117;6;10119;14;;;10114.0;0.0
yf_ADM_d13;25000;ASH_COATED_OSMIUM;9901;8;9898;19;;;9907;19;9911;18;;;9904.0;0.0
yf_ADM_d13;25000;INTARIAN_PEPPER_ROOT;10112;19;10108;25;;;10119;21;10123;19;;;10115.5;0.0
yf_ADM_d13;25100;ASH_COATED_OSMIUM;9899;16;9897;18;;;9907;14;9911;15;;;9903.0;0.0
yf_ADM_d13;25100;INTARIAN_PEPPER_ROOT;10112;13;10110;14;;;10118;8;10122;22;;;10115.0;0.0
yf_ADM_d13;25200;ASH_COATED_OSMIUM;9900;12;9896;11;;;9906;7;9909;22;;;9903.0;0.0
yf_ADM_d13;25200;INTARIAN_PEPPER_ROOT;10113;16;10111;21;;;10119;6;10123;21;;;10116.0;0.0
yf_ADM_d13;25300;ASH_COATED_OSMIUM;9901;27;9898;11;;;9907;6;9910;25;;;9904.0;0.0
yf_ADM_d13;25300;INTARIAN_PEPPER_ROOT;10114;5;10111;22;;;10120;22;10124;30;;;10117.0;0.0
yf_ADM_d13;25400;ASH_COATED_OSMIUM;9897;17;9895;25;;;9910;17;9914;11;;;9903.5;0.0
yf_ADM_d13;25400;INTARIAN_PEPPER_ROOT;10113;5;10111;20;;;10122;14;10126;23;;;10117.5;0.0
yf_ADM_d13;25500;ASH_COATED_OSMIUM;9900;15;9896;20;;;9906;15;9908;17;;;9903.0;0.0
yf_ADM_d13;25500;INTARIAN_PEPPER_ROOT;10115;11;10111;14;;;10121;15;10124;20;;;10118.0;0.0
yf_ADM_d13;25600;ASH_COATED_OSMIUM;9900;19;9898;28;;;9906;19;9909;18;;;9903.0;0.0
yf_ADM_d13;25600;INTARIAN_PEPPER_ROOT;10116;17;10113;13;;;10122;20;10125;21;;;10119.0;0.0
yf_ADM_d13;25700;ASH_COATED_OSMIUM;9899;20;9896;17;;;9909;21;9911;26;;;9904.0;0.0
yf_ADM_d13;25700;INTARIAN_PEPPER_ROOT;10102;17;10098;16;;;10136;14;10140;23;;;10119.0;0.0
yf_ADM_d13;25800;ASH_COATED_OSMIUM;9899;11;9897;25;;;9907;17;9910;15;;;9903.0;0.0
yf_ADM_d13;25800;INTARIAN_PEPPER_ROOT;10117;17;10114;25;;;10123;28;10126;20;;;10120.0;0.0
yf_ADM_d13;25900;ASH_COATED_OSMIUM;9898;14;9896;16;;;9907;11;9910;19;;;9902.5;0.0
yf_ADM_d13;25900;INTARIAN_PEPPER_ROOT;10117;12;10115;18;;;10123;14;10126;29;;;10120.0;0.0
yf_ADM_d13;26000;ASH_COATED_OSMIUM;9897;12;9893;15;;;9909;19;9911;23;;;9903.0;0.0
yf_ADM_d13;26000;INTARIAN_PEPPER_ROOT;10118;16;10115;18;;;10124;9;10127;19;;;10121.0;0.0
yf_ADM_d13;26100;ASH_COATED_OSMIUM;9900;20;9896;16;;;9906;22;9908;22;;;9903.0;0.0
yf_ADM_d13;26100;INTARIAN_PEPPER_ROOT;10101;17;10099;23;;;10142;16;10146;21;;;10121.5;0.0
yf_ADM_d13;26200;ASH_COATED_OSMIUM;9899;23;9895;20;;;9907;8;9911;19;;;9903.0;0.0
yf_ADM_d13;26200;INTARIAN_PEPPER_ROOT;10119;5;10116;13;;;10125;19;10129;15;;;10122.0;0.0
yf_ADM_d13;26300;ASH_COATED_OSMIUM;9900;13;9897;15;;;9906;21;9910;22;;;9903.0;0.0
yf_ADM_d13;26300;INTARIAN_PEPPER_ROOT;10120;19;10117;20;;;10126;15;10128;10;;;10123.0;0.0
yf_ADM_d13;26400;ASH_COATED_OSMIUM;9900;9;9897;22;;;9906;26;9908;20;;;9903.0;0.0
yf_ADM_d13;26400;INTARIAN_PEPPER_ROOT;10120;16;10116;22;;;10126;17;10128;28;;;10123.0;0.0
yf_ADM_d13;26500;ASH_COATED_OSMIUM;9898;19;9896;18;;;9909;6;9912;22;;;9903.5;0.0
yf_ADM_d13;26500;INTARIAN_PEPPER_ROOT;10112;17;10109;20;;;10137;16;10141;22;;;10124.5;0.0
yf_ADM_d13;26600;ASH_COATED_OSMIUM;9900;17;9896;23;;;9906;23;9910;21;;;9903.0;0.0
yf_ADM_d13;26600;INTARIAN_PEPPER_ROOT;10121;14;10119;21;;;10127;16;10131;19;;;10124.0;0.0
yf_ADM_d13;26700;ASH_COATED_OSMIUM;9896;6;9893;20;;;9910;5;9912;11;;;9903.0;0.0
yf_ADM_d13;26700;INTARIAN_PEPPER_ROOT;10122;11;10120;17;;;10128;12;10130;18;;;10125.0;0.0
yf_ADM_d13;26800;ASH_COATED_OSMIUM;9900;15;9897;14;;;9906;16;9908;25;;;9903.0;0.0
yf_ADM_d13;26800;INTARIAN_PEPPER_ROOT;10122;16;10120;17;;;10128;18;10132;19;;;10125.0;0.0
yf_ADM_d13;26900;ASH_COATED_OSMIUM;9899;9;9895;24;;;9905;20;9909;16;;;9902.0;0.0
yf_ADM_d13;26900;INTARIAN_PEPPER_ROOT;10107;11;10103;14;;;10146;11;10150;21;;;10126.5;0.0
yf_ADM_d13;27000;ASH_COATED_OSMIUM;9896;13;9894;17;;;9910;10;9914;21;;;9903.0;0.0
yf_ADM_d13;27000;INTARIAN_PEPPER_ROOT;10124;18;10120;25;;;10130;11;10132;23;;;10127.0;0.0
yf_ADM_d13;27100;ASH_COATED_OSMIUM;9897;7;9893;20;;;9909;15;9912;22;;;9903.0;0.0
yf_ADM_d13;27100;INTARIAN_PEPPER_ROOT;10124;21;10121;16;;;10130;20;10134;24;;;10127.0;0.0
yf_ADM_d13;27200;ASH_COATED_OSMIUM;9899;20;9896;19;;;9905;5;9909;21;;;9902.0;0.0
yf_ADM_d13;27200;INTARIAN_PEPPER_ROOT;10125;20;10122;18;;;10131;24;10135;17;;;10128.0;0.0
yf_ADM_d13;27300;ASH_COATED_OSMIUM;9894;11;9890;22;;;9911;12;9915;25;;;9902.5;0.0
yf_ADM_d13;27300;INTARIAN_PEPPER_ROOT;10126;24;10122;18;;;10132;18;10135;19;;;10129.0;0.0
yf_ADM_d13;27400;ASH_COATED_OSMIUM;9899;17;9895;16;;;9905;7;9907;12;;;9902.0;0.0
yf_ADM_d13;27400;INTARIAN_PEPPER_ROOT;10127;19;10125;25;;;10133;22;10136;13;;;10130.0;0.0
yf_ADM_d13;27500;ASH_COATED_OSMIUM;9899;12;9897;17;;;9905;18;9908;16;;;9902.0;0.0
yf_ADM_d13;27500;INTARIAN_PEPPER_ROOT;10126;12;10124;12;;;10132;14;10134;13;;;10129.0;0.0
yf_ADM_d13;27600;ASH_COATED_OSMIUM;9899;9;9895;20;;;9905;10;9908;12;;;9902.0;0.0
yf_ADM_d13;27600;INTARIAN_PEPPER_ROOT;10128;15;10124;27;;;10134;22;10138;29;;;10131.0;0.0
yf_ADM_d13;27700;ASH_COATED_OSMIUM;9894;21;9890;24;;;9913;9;9917;12;;;9903.5;0.0
yf_ADM_d13;27700;INTARIAN_PEPPER_ROOT;10128;9;10126;21;;;10134;16;10138;18;;;10131.0;0.0
yf_ADM_d13;27800;ASH_COATED_OSMIUM;9899;11;9896;24;;;9905;19;9908;19;;;9902.0;0.0
yf_ADM_d13;27800;INTARIAN_PEPPER_ROOT;10129;8;10125;22;;;10135;19;10138;26;;;10132.0;0.0
yf_ADM_d13;27900;ASH_COATED_OSMIUM;9900;20;9896;15;;;9906;10;9910;17;;;9903.0;0.0
yf_ADM_d13;27900;INTARIAN_PEPPER_ROOT;10130;10;10127;18;;;10136;17;10140;21;;;10133.0;0.0
yf_ADM_d13;28000;ASH_COATED_OSMIUM;9899;12;9896;14;;;9905;9;9908;24;;;9902.0;0.0
yf_ADM_d13;28000;INTARIAN_PEPPER_ROOT;10116;15;10112;24;;;10149;5;10151;21;;;10132.5;0.0
yf_ADM_d13;28100;ASH_COATED_OSMIUM;9899;24;9895;18;;;9905;14;9908;22;;;9902.0;0.0
yf_ADM_d13;28100;INTARIAN_PEPPER_ROOT;10129;19;10127;24;;;10138;28;10141;24;;;10133.5;0.0
yf_ADM_d13;28200;ASH_COATED_OSMIUM;9899;9;9896;18;;;9905;18;9909;21;;;9902.0;0.0
yf_ADM_d13;28200;INTARIAN_PEPPER_ROOT;10131;17;10128;11;;;10137;22;10141;13;;;10134.0;0.0
yf_ADM_d13;28300;ASH_COATED_OSMIUM;9888;13;9885;22;;;9916;18;9920;14;;;9902.0;0.0
yf_ADM_d13;28300;INTARIAN_PEPPER_ROOT;10127;9;10125;11;;;10142;13;10144;16;;;10134.5;0.0
yf_ADM_d13;28400;ASH_COATED_OSMIUM;9899;7;9895;16;;;9905;12;9909;22;;;9902.0;0.0
yf_ADM_d13;28400;INTARIAN_PEPPER_ROOT;10132;18;10130;17;;;10138;13;10142;21;;;10135.0;0.0
yf_ADM_d13;28500;ASH_COATED_OSMIUM;9899;21;9895;17;;;9905;27;9908;11;;;9902.0;0.0
yf_ADM_d13;28500;INTARIAN_PEPPER_ROOT;10133;16;10129;19;;;10139;12;10141;20;;;10136.0;0.0
yf_ADM_d13;28600;ASH_COATED_OSMIUM;9898;11;9895;17;;;9905;15;9907;10;;;9901.5;0.0
yf_ADM_d13;28600;INTARIAN_PEPPER_ROOT;10130;16;10126;28;;;10143;8;10145;23;;;10136.5;0.0
yf_ADM_d13;28700;ASH_COATED_OSMIUM;9897;26;9894;19;;;9907;14;9910;22;;;9902.0;0.0
yf_ADM_d13;28700;INTARIAN_PEPPER_ROOT;10128;21;10124;27;;;10146;14;10150;22;;;10137.0;0.0
yf_ADM_d13;28800;ASH_COATED_OSMIUM;9897;13;9893;14;;;9907;11;9909;22;;;9902.0;0.0
yf_ADM_d13;28800;INTARIAN_PEPPER_ROOT;10135;10;10133;12;;;10141;14;10143;14;;;10138.0;0.0
yf_ADM_d13;28900;ASH_COATED_OSMIUM;9899;16;9896;16;;;9905;19;9908;19;;;9902.0;0.0
yf_ADM_d13;28900;INTARIAN_PEPPER_ROOT;10133;15;10131;21;;;10144;14;10146;22;;;10138.5;0.0
yf_ADM_d13;29000;ASH_COATED_OSMIUM;9899;16;9897;26;;;9905;7;9908;23;;;9902.0;0.0
yf_ADM_d13;29000;INTARIAN_PEPPER_ROOT;10134;11;10132;14;;;10144;15;10148;22;;;10139.0;0.0
yf_ADM_d13;29100;ASH_COATED_OSMIUM;9897;20;9894;17;;;9906;15;9910;25;;;9901.5;0.0
yf_ADM_d13;29100;INTARIAN_PEPPER_ROOT;10137;19;10134;23;;;10143;22;10145;22;;;10140.0;0.0
yf_ADM_d13;29200;ASH_COATED_OSMIUM;9899;12;9895;16;;;9905;18;9909;26;;;9902.0;0.0
yf_ADM_d13;29200;INTARIAN_PEPPER_ROOT;10137;17;10135;19;;;10143;10;10147;18;;;10140.0;0.0
yf_ADM_d13;29300;ASH_COATED_OSMIUM;9898;13;9896;16;;;9904;15;9908;23;;;9901.0;0.0
yf_ADM_d13;29300;INTARIAN_PEPPER_ROOT;10138;13;10136;29;;;10144;25;10146;13;;;10141.0;0.0
yf_ADM_d13;29400;ASH_COATED_OSMIUM;9896;13;9892;17;;;9906;9;9910;20;;;9901.0;0.0
yf_ADM_d13;29400;INTARIAN_PEPPER_ROOT;10135;15;10131;19;;;10147;15;10149;15;;;10141.0;0.0
yf_ADM_d13;29500;ASH_COATED_OSMIUM;9898;17;9894;29;;;9906;13;9909;11;;;9902.0;0.0
yf_ADM_d13;29500;INTARIAN_PEPPER_ROOT;10139;17;10136;21;;;10145;15;10148;20;;;10142.0;0.0
yf_ADM_d13;29600;ASH_COATED_OSMIUM;9899;8;9895;23;;;9905;16;9909;13;;;9902.0;0.0
yf_ADM_d13;29600;INTARIAN_PEPPER_ROOT;10140;5;10136;8;;;10146;14;10148;27;;;10143.0;0.0
yf_ADM_d13;29700;ASH_COATED_OSMIUM;9894;21;9891;23;;;9909;10;9911;19;;;9901.5;0.0
yf_ADM_d13;29700;INTARIAN_PEPPER_ROOT;10140;17;10138;22;;;10146;15;10148;23;;;10143.0;0.0
yf_ADM_d13;29800;ASH_COATED_OSMIUM;9898;17;9895;19;;;9904;18;9907;13;;;9901.0;0.0
yf_ADM_d13;29800;INTARIAN_PEPPER_ROOT;10136;9;10134;23;;;10151;16;10154;22;;;10143.5;0.0
yf_ADM_d13;29900;ASH_COATED_OSMIUM;9899;10;9895;19;;;9905;17;9907;17;;;9902.0;0.0
yf_ADM_d13;29900;INTARIAN_PEPPER_ROOT;10141;13;10139;8;;;10147;30;10150;22;;;10144.0;0.0
yf_ADM_d13;30000;ASH_COATED_OSMIUM;9894;30;9892;15;;;9908;17;9912;26;;;9901.0;0.0
yf_ADM_d13;30000;INTARIAN_PEPPER_ROOT;10142;15;10139;23;;;10148;17;10150;17;;;10145.0;0.0
yf_ADM_d13;30100;ASH_COATED_OSMIUM;9898;21;9894;27;;;9904;17;9907;20;;;9901.0;0.0
yf_ADM_d13;30100;INTARIAN_PEPPER_ROOT;10143;20;10141;10;;;10149;17;10151;19;;;10146.0;0.0
yf_ADM_d13;30200;ASH_COATED_OSMIUM;9898;12;9894;19;;;9904;14;9906;13;;;9901.0;0.0
yf_ADM_d13;30200;INTARIAN_PEPPER_ROOT;10143;13;10141;27;;;10149;20;10152;19;;;10146.0;0.0
yf_ADM_d13;30300;ASH_COATED_OSMIUM;9895;10;9891;21;;;9906;18;9910;18;;;9900.5;0.0
yf_ADM_d13;30300;INTARIAN_PEPPER_ROOT;10143;15;10140;24;;;10151;18;10154;21;;;10147.0;0.0
yf_ADM_d13;30400;ASH_COATED_OSMIUM;9898;10;9895;21;;;9904;20;9906;19;;;9901.0;0.0
yf_ADM_d13;30400;INTARIAN_PEPPER_ROOT;10144;11;10142;20;;;10150;12;10153;15;;;10147.0;0.0
yf_ADM_d13;30500;ASH_COATED_OSMIUM;9891;16;9887;33;;;9911;22;9915;27;;;9901.0;0.0
yf_ADM_d13;30500;INTARIAN_PEPPER_ROOT;10143;21;10139;22;;;10153;14;10155;19;;;10148.0;0.0
yf_ADM_d13;30600;ASH_COATED_OSMIUM;9898;19;9894;20;;;9904;9;9906;18;;;9901.0;0.0
yf_ADM_d13;30600;INTARIAN_PEPPER_ROOT;10146;23;10142;19;;;10152;14;10156;19;;;10149.0;0.0
yf_ADM_d13;30700;ASH_COATED_OSMIUM;9896;6;9894;27;;;9906;9;9909;23;;;9901.0;0.0
yf_ADM_d13;30700;INTARIAN_PEPPER_ROOT;10146;20;10143;16;;;10152;7;10155;16;;;10149.0;0.0
yf_ADM_d13;30800;ASH_COATED_OSMIUM;9898;12;9894;20;;;9904;18;9907;22;;;9901.0;0.0
yf_ADM_d13;30800;INTARIAN_PEPPER_ROOT;10143;17;10139;31;;;10156;18;10159;25;;;10149.5;0.0
yf_ADM_d13;30900;ASH_COATED_OSMIUM;9894;13;9892;23;;;9907;15;9910;27;;;9900.5;0.0
yf_ADM_d13;30900;INTARIAN_PEPPER_ROOT;10148;20;10144;23;;;10154;15;10157;23;;;10151.0;0.0
yf_ADM_d13;31000;ASH_COATED_OSMIUM;9892;17;9888;21;;;9909;13;9911;20;;;9900.5;0.0
yf_ADM_d13;31000;INTARIAN_PEPPER_ROOT;10148;17;10144;14;;;10154;14;10156;21;;;10151.0;0.0
yf_ADM_d13;31100;ASH_COATED_OSMIUM;9897;18;9893;9;;;9903;13;9906;19;;;9900.0;0.0
yf_ADM_d13;31100;INTARIAN_PEPPER_ROOT;10148;12;10144;17;;;10154;14;10156;23;;;10151.0;0.0
yf_ADM_d13;31200;ASH_COATED_OSMIUM;9897;16;9893;13;;;9903;20;9907;28;;;9900.0;0.0
yf_ADM_d13;31200;INTARIAN_PEPPER_ROOT;10147;16;10144;20;;;10158;12;10161;25;;;10152.5;0.0
yf_ADM_d13;31300;ASH_COATED_OSMIUM;9898;12;9894;18;;;9904;22;9907;18;;;9901.0;0.0
yf_ADM_d13;31300;INTARIAN_PEPPER_ROOT;10148;16;10145;16;;;10159;16;10162;13;;;10153.5;0.0
yf_ADM_d13;31400;ASH_COATED_OSMIUM;9897;19;9893;19;;;9903;10;9905;13;;;9900.0;0.0
yf_ADM_d13;31400;INTARIAN_PEPPER_ROOT;10150;13;10147;19;;;10156;12;10159;20;;;10153.0;0.0
yf_ADM_d13;31500;ASH_COATED_OSMIUM;9898;18;9896;22;;;9904;8;9907;26;;;9901.0;0.0
yf_ADM_d13;31500;INTARIAN_PEPPER_ROOT;10151;23;10147;19;;;10157;10;10161;25;;;10154.0;0.0
yf_ADM_d13;31600;ASH_COATED_OSMIUM;9898;16;9896;22;;;9904;16;9907;16;;;9901.0;0.0
yf_ADM_d13;31600;INTARIAN_PEPPER_ROOT;10150;18;10146;17;;;10158;20;10162;17;;;10154.0;0.0
yf_ADM_d13;31700;ASH_COATED_OSMIUM;9898;16;9894;20;;;9904;14;9907;22;;;9901.0;0.0
yf_ADM_d13;31700;INTARIAN_PEPPER_ROOT;10152;13;10149;9;;;10158;17;10160;20;;;10155.0;0.0
yf_ADM_d13;31800;ASH_COATED_OSMIUM;9898;11;9895;11;;;9904;18;9906;28;;;9901.0;0.0
yf_ADM_d13;31800;INTARIAN_PEPPER_ROOT;10148;19;10146;19;;;10162;14;10166;22;;;10155.0;0.0
yf_ADM_d13;31900;ASH_COATED_OSMIUM;9889;14;9885;25;;;9911;19;9914;25;;;9900.0;0.0
yf_ADM_d13;31900;INTARIAN_PEPPER_ROOT;10153;15;10150;25;;;10159;13;10162;19;;;10156.0;0.0
yf_ADM_d13;32000;ASH_COATED_OSMIUM;9897;8;9895;24;;;9903;16;9907;22;;;9900.0;0.0
yf_ADM_d13;32000;INTARIAN_PEPPER_ROOT;10154;17;10150;16;;;10160;17;10163;22;;;10157.0;0.0
yf_ADM_d13;32100;ASH_COATED_OSMIUM;9897;11;9895;25;;;9903;20;9906;16;;;9900.0;0.0
yf_ADM_d13;32100;INTARIAN_PEPPER_ROOT;10154;18;10150;13;;;10160;19;10164;14;;;10157.0;0.0
yf_ADM_d13;32200;ASH_COATED_OSMIUM;9897;18;9895;25;;;9903;18;9906;19;;;9900.0;0.0
yf_ADM_d13;32200;INTARIAN_PEPPER_ROOT;10155;23;10152;24;;;10162;5;10166;19;;;10158.5;0.0
yf_ADM_d13;32300;ASH_COATED_OSMIUM;9894;23;9890;12;;;9906;23;9909;24;;;9900.0;0.0
yf_ADM_d13;32300;INTARIAN_PEPPER_ROOT;10155;23;10153;27;;;10163;24;10166;21;;;10159.0;0.0
yf_ADM_d13;32400;ASH_COATED_OSMIUM;9898;12;9895;21;;;9904;18;9907;15;;;9901.0;0.0
yf_ADM_d13;32400;INTARIAN_PEPPER_ROOT;10153;14;10151;15;;;10166;19;10169;27;;;10159.5;0.0
yf_ADM_d13;32500;ASH_COATED_OSMIUM;9897;12;9894;12;;;9903;12;9906;18;;;9900.0;0.0
yf_ADM_d13;32500;INTARIAN_PEPPER_ROOT;10157;9;10154;16;;;10163;12;10167;16;;;10160.0;0.0
yf_ADM_d13;32600;ASH_COATED_OSMIUM;9897;15;9893;24;;;9903;19;9905;8;;;9900.0;0.0
yf_ADM_d13;32600;INTARIAN_PEPPER_ROOT;10158;14;10154;24;;;10164;11;10168;8;;;10161.0;0.0
yf_ADM_d13;32700;ASH_COATED_OSMIUM;9897;9;9893;20;;;9903;19;9905;13;;;9900.0;0.0
yf_ADM_d13;32700;INTARIAN_PEPPER_ROOT;10158;21;10154;26;;;10164;16;10166;20;;;10161.0;0.0
yf_ADM_d13;32800;ASH_COATED_OSMIUM;9893;23;9891;25;;;9908;20;9912;15;;;9900.5;0.0
yf_ADM_d13;32800;INTARIAN_PEPPER_ROOT;10159;15;10156;20;;;10165;19;10169;21;;;10162.0;0.0
yf_ADM_d13;32900;ASH_COATED_OSMIUM;9896;17;9892;17;;;9902;12;9906;20;;;9899.0;0.0
yf_ADM_d13;32900;INTARIAN_PEPPER_ROOT;10158;16;10155;24;;;10168;27;10172;21;;;10163.0;0.0
yf_ADM_d13;33000;ASH_COATED_OSMIUM;9897;12;9893;14;;;9903;19;9905;9;;;9900.0;0.0
yf_ADM_d13;33000;INTARIAN_PEPPER_ROOT;10160;21;10158;23;;;10166;12;10170;24;;;10163.0;0.0
yf_ADM_d13;33100;ASH_COATED_OSMIUM;9895;15;9891;18;;;9905;14;9908;17;;;9900.0;0.0
yf_ADM_d13;33100;INTARIAN_PEPPER_ROOT;10160;12;10157;18;;;10166;18;10169;13;;;10163.0;0.0
yf_ADM_d13;33200;ASH_COATED_OSMIUM;9897;19;9893;30;;;9903;16;9907;15;;;9900.0;0.0
yf_ADM_d13;33200;INTARIAN_PEPPER_ROOT;10161;15;10158;17;;;10167;22;10170;17;;;10164.0;0.0
yf_ADM_d13;33300;ASH_COATED_OSMIUM;9897;16;9894;27;;;9903;21;9905;22;;;9900.0;0.0
yf_ADM_d13;33300;INTARIAN_PEPPER_ROOT;10161;9;10158;17;;;10167;14;10169;21;;;10164.0;0.0
yf_ADM_d13;33400;ASH_COATED_OSMIUM;9897;15;9893;16;;;9903;6;9906;11;;;9900.0;0.0
yf_ADM_d13;33400;INTARIAN_PEPPER_ROOT;10162;7;10160;21;;;10168;20;10172;8;;;10165.0;0.0
yf_ADM_d13;33500;ASH_COATED_OSMIUM;9897;14;9893;17;;;9903;5;9905;23;;;9900.0;0.0
yf_ADM_d13;33500;INTARIAN_PEPPER_ROOT;10162;15;10160;28;;;10170;15;10173;24;;;10166.0;0.0
yf_ADM_d13;33600;ASH_COATED_OSMIUM;9896;7;9893;23;;;9903;19;9905;25;;;9899.5;0.0
yf_ADM_d13;33600;INTARIAN_PEPPER_ROOT;10160;5;10158;9;;;10174;20;10178;18;;;10167.0;0.0
yf_ADM_d13;33700;ASH_COATED_OSMIUM;9895;12;9891;17;;;9905;13;9909;9;;;9900.0;0.0
yf_ADM_d13;33700;INTARIAN_PEPPER_ROOT;10163;25;10161;21;;;10170;12;10172;15;;;10166.5;0.0
yf_ADM_d13;33800;ASH_COATED_OSMIUM;9896;22;9893;26;;;9902;17;9904;12;;;9899.0;0.0
yf_ADM_d13;33800;INTARIAN_PEPPER_ROOT;10164;7;10162;17;;;10170;8;10172;14;;;10167.0;0.0
yf_ADM_d13;33900;ASH_COATED_OSMIUM;9891;19;9889;11;;;9909;9;9912;16;;;9900.0;0.0
yf_ADM_d13;33900;INTARIAN_PEPPER_ROOT;10166;11;10162;18;;;10172;15;10174;17;;;10169.0;0.0
yf_ADM_d13;34000;ASH_COATED_OSMIUM;9892;15;9890;19;;;9906;12;9910;13;;;9899.0;0.0
yf_ADM_d13;34000;INTARIAN_PEPPER_ROOT;10160;15;10157;18;;;10176;11;10178;20;;;10168.0;0.0
yf_ADM_d13;34100;ASH_COATED_OSMIUM;9895;9;9893;21;;;9903;6;9905;12;;;9899.0;0.0
yf_ADM_d13;34100;INTARIAN_PEPPER_ROOT;10166;11;10163;19;;;10172;13;10175;24;;;10169.0;0.0
yf_ADM_d13;34200;ASH_COATED_OSMIUM;9896;19;9893;14;;;9902;13;9905;21;;;9899.0;0.0
yf_ADM_d13;34200;INTARIAN_PEPPER_ROOT;10167;9;10164;21;;;10173;13;10176;17;;;10170.0;0.0
yf_ADM_d13;34300;ASH_COATED_OSMIUM;9895;24;9892;20;;;9903;19;9906;22;;;9899.0;0.0
yf_ADM_d13;34300;INTARIAN_PEPPER_ROOT;10166;14;10162;23;;;10172;13;10176;24;;;10169.0;0.0
yf_ADM_d13;34400;ASH_COATED_OSMIUM;9897;20;9895;13;;;9903;7;9906;21;;;9900.0;0.0
yf_ADM_d13;34400;INTARIAN_PEPPER_ROOT;10165;19;10163;9;;;10175;22;10177;15;;;10170.0;0.0
yf_ADM_d13;34500;ASH_COATED_OSMIUM;9896;8;9894;18;;;9903;6;9905;27;;;9899.5;0.0
yf_ADM_d13;34500;INTARIAN_PEPPER_ROOT;10167;19;10163;16;;;10173;19;10177;16;;;10170.0;0.0
yf_ADM_d13;34600;ASH_COATED_OSMIUM;9897;18;9894;22;;;9903;12;9907;20;;;9900.0;0.0
yf_ADM_d13;34600;INTARIAN_PEPPER_ROOT;10167;19;10163;27;;;10173;11;10177;10;;;10170.0;0.0
yf_ADM_d13;34700;ASH_COATED_OSMIUM;9897;13;9893;24;;;9903;5;9906;21;;;9900.0;0.0
yf_ADM_d13;34700;INTARIAN_PEPPER_ROOT;10168;11;10164;26;;;10174;15;10176;24;;;10171.0;0.0
yf_ADM_d13;34800;ASH_COATED_OSMIUM;9893;19;9889;15;;;9905;14;9908;28;;;9899.0;0.0
yf_ADM_d13;34800;INTARIAN_PEPPER_ROOT;10165;17;10161;13;;;10178;14;10181;32;;;10171.5;0.0
yf_ADM_d13;34900;ASH_COATED_OSMIUM;9897;12;9895;25;;;9903;15;9907;24;;;9900.0;0.0
yf_ADM_d13;34900;INTARIAN_PEPPER_ROOT;10168;25;10166;25;;;10174;19;10178;21;;;10171.0;0.0
yf_ADM_d13;35000;ASH_COATED_OSMIUM;9897;20;9893;19;;;9903;16;9907;18;;;9900.0;0.0
yf_ADM_d13;35000;INTARIAN_PEPPER_ROOT;10169;8;10167;20;;;10175;9;10178;15;;;10172.0;0.0
yf_ADM_d13;35100;ASH_COATED_OSMIUM;9897;18;9893;21;;;9903;19;9905;15;;;9900.0;0.0
yf_ADM_d13;35100;INTARIAN_PEPPER_ROOT;10169;15;10165;15;;;10175;11;10177;12;;;10172.0;0.0
yf_ADM_d13;35200;ASH_COATED_OSMIUM;9897;13;9893;19;;;9903;20;9905;16;;;9900.0;0.0
yf_ADM_d13;35200;INTARIAN_PEPPER_ROOT;10170;11;10166;15;;;10176;11;10179;20;;;10173.0;0.0
yf_ADM_d13;35300;ASH_COATED_OSMIUM;9896;21;9893;15;;;9903;10;9907;25;;;9899.5;0.0
yf_ADM_d13;35300;INTARIAN_PEPPER_ROOT;10167;12;10163;28;;;10178;7;10181;24;;;10172.5;0.0
yf_ADM_d13;35400;ASH_COATED_OSMIUM;9897;14;9894;12;;;9903;13;9907;20;;;9900.0;0.0
yf_ADM_d13;35400;INTARIAN_PEPPER_ROOT;10171;13;10168;25;;;10177;14;10181;24;;;10174.0;0.0
yf_ADM_d13;35500;ASH_COATED_OSMIUM;9894;14;9891;21;;;9905;12;9909;22;;;9899.5;0.0
yf_ADM_d13;35500;INTARIAN_PEPPER_ROOT;10170;21;10167;28;;;10178;15;10182;19;;;10174.0;0.0
yf_ADM_d13;35600;ASH_COATED_OSMIUM;9897;11;9894;12;;;9903;11;9906;16;;;9900.0;0.0
yf_ADM_d13;35600;INTARIAN_PEPPER_ROOT;10171;20;10167;27;;;10177;17;10181;19;;;10174.0;0.0
yf_ADM_d13;35700;ASH_COATED_OSMIUM;9897;16;9894;15;;;9904;9;9908;13;;;9900.5;0.0
yf_ADM_d13;35700;INTARIAN_PEPPER_ROOT;10171;7;10167;25;;;10177;5;10179;24;;;10174.0;0.0
yf_ADM_d13;35800;ASH_COATED_OSMIUM;9897;18;9894;13;;;9903;22;9907;13;;;9900.0;0.0
yf_ADM_d13;35800;INTARIAN_PEPPER_ROOT;10172;16;10168;18;;;10178;19;10182;18;;;10175.0;0.0
yf_ADM_d13;35900;ASH_COATED_OSMIUM;9897;14;9895;22;;;9903;15;9906;15;;;9900.0;0.0
yf_ADM_d13;35900;INTARIAN_PEPPER_ROOT;10169;15;10166;14;;;10183;10;10187;19;;;10176.0;0.0
yf_ADM_d13;36000;ASH_COATED_OSMIUM;9896;20;9893;24;;;9906;17;9910;21;;;9901.0;0.0
yf_ADM_d13;36000;INTARIAN_PEPPER_ROOT;10172;11;10169;19;;;10178;6;10180;20;;;10175.0;0.0
yf_ADM_d13;36100;ASH_COATED_OSMIUM;9897;13;9894;26;;;9903;18;9906;11;;;9900.0;0.0
yf_ADM_d13;36100;INTARIAN_PEPPER_ROOT;10173;11;10170;20;;;10179;17;10183;30;;;10176.0;0.0
yf_ADM_d13;36200;ASH_COATED_OSMIUM;9898;21;9895;14;;;9904;20;9906;13;;;9901.0;0.0
yf_ADM_d13;36200;INTARIAN_PEPPER_ROOT;10174;14;10172;23;;;10180;19;10183;30;;;10177.0;0.0
yf_ADM_d13;36300;ASH_COATED_OSMIUM;9887;20;9883;17;;;9912;6;9916;19;;;9899.5;0.0
yf_ADM_d13;36300;INTARIAN_PEPPER_ROOT;10174;14;10171;20;;;10180;19;10182;22;;;10177.0;0.0
yf_ADM_d13;36400;ASH_COATED_OSMIUM;9895;14;9892;15;;;9904;16;9906;16;;;9899.5;0.0
yf_ADM_d13;36400;INTARIAN_PEPPER_ROOT;10174;16;10172;17;;;10180;20;10183;19;;;10177.0;0.0
yf_ADM_d13;36500;ASH_COATED_OSMIUM;9897;14;9893;16;;;9903;12;9906;25;;;9900.0;0.0
yf_ADM_d13;36500;INTARIAN_PEPPER_ROOT;10169;17;10166;14;;;10187;18;10190;20;;;10178.0;0.0
yf_ADM_d13;36600;ASH_COATED_OSMIUM;9897;16;9893;22;;;9903;11;9905;23;;;9900.0;0.0
yf_ADM_d13;36600;INTARIAN_PEPPER_ROOT;10173;7;10171;15;;;10182;12;10184;26;;;10177.5;0.0
yf_ADM_d13;36700;ASH_COATED_OSMIUM;9897;17;9895;19;;;9904;18;9908;24;;;9900.5;0.0
yf_ADM_d13;36700;INTARIAN_PEPPER_ROOT;10175;20;10171;18;;;10181;13;10185;24;;;10178.0;0.0
yf_ADM_d13;36800;ASH_COATED_OSMIUM;9898;13;9894;19;;;9904;16;9908;19;;;9901.0;0.0
yf_ADM_d13;36800;INTARIAN_PEPPER_ROOT;10176;14;10174;17;;;10182;16;10186;28;;;10179.0;0.0
yf_ADM_d13;36900;ASH_COATED_OSMIUM;9898;13;9895;14;;;9904;13;9908;24;;;9901.0;0.0
yf_ADM_d13;36900;INTARIAN_PEPPER_ROOT;10175;15;10172;22;;;10181;23;10183;22;;;10178.0;0.0
yf_ADM_d13;37000;ASH_COATED_OSMIUM;9896;21;9893;28;;;9904;14;9908;25;;;9900.0;0.0
yf_ADM_d13;37000;INTARIAN_PEPPER_ROOT;10176;27;10172;27;;;10182;12;10185;27;;;10179.0;0.0
yf_ADM_d13;37100;ASH_COATED_OSMIUM;9898;23;9895;20;;;9904;8;9907;19;;;9901.0;0.0
yf_ADM_d13;37100;INTARIAN_PEPPER_ROOT;10176;18;10174;28;;;10184;13;10187;20;;;10180.0;0.0
yf_ADM_d13;37200;ASH_COATED_OSMIUM;9894;16;9891;22;;;9908;14;9912;22;;;9901.0;0.0
yf_ADM_d13;37200;INTARIAN_PEPPER_ROOT;10176;16;10174;22;;;10184;18;10186;17;;;10180.0;0.0
yf_ADM_d13;37300;ASH_COATED_OSMIUM;9897;6;9895;24;;;9903;8;9906;21;;;9900.0;0.0
yf_ADM_d13;37300;INTARIAN_PEPPER_ROOT;10177;11;10173;21;;;10183;19;10187;18;;;10180.0;0.0
yf_ADM_d13;37400;ASH_COATED_OSMIUM;9895;15;9892;19;;;9905;18;9909;20;;;9900.0;0.0
yf_ADM_d13;37400;INTARIAN_PEPPER_ROOT;10178;20;10175;24;;;10184;18;10187;13;;;10181.0;0.0
yf_ADM_d13;37500;ASH_COATED_OSMIUM;9897;13;9895;19;;;9903;9;9905;19;;;9900.0;0.0
yf_ADM_d13;37500;INTARIAN_PEPPER_ROOT;10178;21;10175;26;;;10186;5;10189;31;;;10182.0;0.0
yf_ADM_d13;37600;ASH_COATED_OSMIUM;9898;20;9894;23;;;9904;19;9906;17;;;9901.0;0.0
yf_ADM_d13;37600;INTARIAN_PEPPER_ROOT;10178;8;10175;17;;;10184;17;10188;18;;;10181.0;0.0
yf_ADM_d13;37700;ASH_COATED_OSMIUM;9896;13;9892;19;;;9904;17;9908;21;;;9900.0;0.0
yf_ADM_d13;37700;INTARIAN_PEPPER_ROOT;10179;17;10175;21;;;10185;10;10187;22;;;10182.0;0.0
yf_ADM_d13;37800;ASH_COATED_OSMIUM;9898;12;9896;13;;;9904;13;9908;23;;;9901.0;0.0
yf_ADM_d13;37800;INTARIAN_PEPPER_ROOT;10179;16;10176;17;;;10185;9;10189;25;;;10182.0;0.0
yf_ADM_d13;37900;ASH_COATED_OSMIUM;9884;14;9881;16;;;9917;9;9921;16;;;9900.5;0.0
yf_ADM_d13;37900;INTARIAN_PEPPER_ROOT;10177;15;10173;23;;;10186;7;10189;23;;;10181.5;0.0
yf_ADM_d13;38000;ASH_COATED_OSMIUM;9898;10;9894;10;;;9904;12;9907;20;;;9901.0;0.0
yf_ADM_d13;38000;INTARIAN_PEPPER_ROOT;10180;20;10176;25;;;10186;20;10189;11;;;10183.0;0.0
yf_ADM_d13;38100;ASH_COATED_OSMIUM;9886;11;9883;29;;;9915;13;9919;18;;;9900.5;0.0
yf_ADM_d13;38100;INTARIAN_PEPPER_ROOT;10180;23;10178;25;;;10186;6;10190;32;;;10183.0;0.0
yf_ADM_d13;38200;ASH_COATED_OSMIUM;9897;9;9894;24;;;9904;16;9906;18;;;9900.5;0.0
yf_ADM_d13;38200;INTARIAN_PEPPER_ROOT;10181;14;10178;21;;;10187;19;10189;14;;;10184.0;0.0
yf_ADM_d13;38300;ASH_COATED_OSMIUM;9898;14;9896;20;;;9904;9;9907;19;;;9901.0;0.0
yf_ADM_d13;38300;INTARIAN_PEPPER_ROOT;10178;15;10174;27;;;10189;10;10192;25;;;10183.5;0.0
yf_ADM_d13;38400;ASH_COATED_OSMIUM;9893;18;9889;16;;;9910;8;9913;20;;;9901.5;0.0
yf_ADM_d13;38400;INTARIAN_PEPPER_ROOT;10171;17;10167;19;;;10198;18;10202;16;;;10184.5;0.0
yf_ADM_d13;38500;ASH_COATED_OSMIUM;9898;16;9894;8;;;9904;13;9908;29;;;9901.0;0.0
yf_ADM_d13;38500;INTARIAN_PEPPER_ROOT;10181;13;10177;21;;;10187;15;10191;26;;;10184.0;0.0
yf_ADM_d13;38600;ASH_COATED_OSMIUM;9898;20;9894;16;;;9904;18;9906;21;;;9901.0;0.0
yf_ADM_d13;38600;INTARIAN_PEPPER_ROOT;10182;17;10178;21;;;10188;19;10192;16;;;10185.0;0.0
yf_ADM_d13;38700;ASH_COATED_OSMIUM;9896;19;9894;19;;;9905;17;9908;18;;;9900.5;0.0
yf_ADM_d13;38700;INTARIAN_PEPPER_ROOT;10183;11;10179;15;;;10189;22;10193;28;;;10186.0;0.0
yf_ADM_d13;38800;ASH_COATED_OSMIUM;9896;18;9894;25;;;9907;21;9910;19;;;9901.5;0.0
yf_ADM_d13;38800;INTARIAN_PEPPER_ROOT;10182;19;10178;22;;;10190;5;10193;22;;;10186.0;0.0
yf_ADM_d13;38900;ASH_COATED_OSMIUM;9898;6;9895;24;;;9904;14;9907;14;;;9901.0;0.0
yf_ADM_d13;38900;INTARIAN_PEPPER_ROOT;10183;17;10181;20;;;10189;20;10193;21;;;10186.0;0.0
yf_ADM_d13;39000;ASH_COATED_OSMIUM;9897;16;9894;18;;;9904;15;9906;13;;;9900.5;0.0
yf_ADM_d13;39000;INTARIAN_PEPPER_ROOT;10183;9;10180;20;;;10189;17;10193;17;;;10186.0;0.0
yf_ADM_d13;39100;ASH_COATED_OSMIUM;9898;14;9894;18;;;9905;28;9909;23;;;9901.5;0.0
yf_ADM_d13;39100;INTARIAN_PEPPER_ROOT;10176;9;10172;21;;;10197;8;10201;32;;;10186.5;0.0
yf_ADM_d13;39200;ASH_COATED_OSMIUM;9898;18;9894;12;;;9904;7;9908;23;;;9901.0;0.0
yf_ADM_d13;39200;INTARIAN_PEPPER_ROOT;10184;6;10180;14;;;10190;9;10192;17;;;10187.0;0.0
yf_ADM_d13;39300;ASH_COATED_OSMIUM;9898;10;9894;33;;;9904;15;9908;16;;;9901.0;0.0
yf_ADM_d13;39300;INTARIAN_PEPPER_ROOT;10180;27;10176;19;;;10195;11;10197;26;;;10187.5;0.0
yf_ADM_d13;39400;ASH_COATED_OSMIUM;9893;16;9890;26;;;9908;9;9910;20;;;9900.5;0.0
yf_ADM_d13;39400;INTARIAN_PEPPER_ROOT;10179;15;10175;17;;;10197;9;10201;18;;;10188.0;0.0
yf_ADM_d13;39500;ASH_COATED_OSMIUM;9898;16;9895;16;;;9904;15;9906;19;;;9901.0;0.0
yf_ADM_d13;39500;INTARIAN_PEPPER_ROOT;10185;23;10181;32;;;10191;17;10195;17;;;10188.0;0.0
yf_ADM_d13;39600;ASH_COATED_OSMIUM;9898;6;9896;26;;;9904;13;9907;23;;;9901.0;0.0
yf_ADM_d13;39600;INTARIAN_PEPPER_ROOT;10185;13;10183;24;;;10191;13;10194;15;;;10188.0;0.0
yf_ADM_d13;39700;ASH_COATED_OSMIUM;9896;16;9894;13;;;9905;10;9909;16;;;9900.5;0.0
yf_ADM_d13;39700;INTARIAN_PEPPER_ROOT;10186;9;10182;13;;;10192;10;10194;27;;;10189.0;0.0
yf_ADM_d13;39800;ASH_COATED_OSMIUM;9898;6;9894;29;;;9904;10;9906;21;;;9901.0;0.0
yf_ADM_d13;39800;INTARIAN_PEPPER_ROOT;10171;10;10168;20;;;10206;12;10209;25;;;10188.5;0.0
yf_ADM_d13;39900;ASH_COATED_OSMIUM;9898;20;9894;21;;;9904;16;9908;31;;;9901.0;0.0
yf_ADM_d13;39900;INTARIAN_PEPPER_ROOT;10186;10;10182;13;;;10192;19;10195;10;;;10189.0;0.0
yf_ADM_d13;40000;ASH_COATED_OSMIUM;9898;10;9894;24;;;9904;5;9907;28;;;9901.0;0.0
yf_ADM_d13;40000;INTARIAN_PEPPER_ROOT;10187;10;10183;10;;;10193;12;10197;18;;;10190.0;0.0
yf_ADM_d13;40100;ASH_COATED_OSMIUM;9885;6;9883;24;;;9916;9;9919;12;;;9900.5;0.0
yf_ADM_d13;40100;INTARIAN_PEPPER_ROOT;10187;16;10183;14;;;10193;14;10196;10;;;10190.0;0.0
yf_ADM_d13;40200;ASH_COATED_OSMIUM;9898;11;9896;24;;;9904;17;9908;28;;;9901.0;0.0
yf_ADM_d13;40200;INTARIAN_PEPPER_ROOT;10188;14;10184;23;;;10194;9;10197;22;;;10191.0;0.0
yf_ADM_d13;40300;ASH_COATED_OSMIUM;9888;10;9886;21;;;9915;7;9917;24;;;9901.5;0.0
yf_ADM_d13;40300;INTARIAN_PEPPER_ROOT;10185;14;10182;16;;;10197;10;10200;21;;;10191.0;0.0
yf_ADM_d13;40400;ASH_COATED_OSMIUM;9899;9;9897;14;;;9905;9;9909;16;;;9902.0;0.0
yf_ADM_d13;40400;INTARIAN_PEPPER_ROOT;10181;17;10179;18;;;10202;11;10206;19;;;10191.5;0.0
yf_ADM_d13;40500;ASH_COATED_OSMIUM;9898;12;9894;22;;;9904;5;9906;26;;;9901.0;0.0
yf_ADM_d13;40500;INTARIAN_PEPPER_ROOT;10188;12;10184;19;;;10195;16;10197;25;;;10191.5;0.0
yf_ADM_d13;40600;ASH_COATED_OSMIUM;9898;13;9896;14;;;9904;8;9907;23;;;9901.0;0.0
yf_ADM_d13;40600;INTARIAN_PEPPER_ROOT;10184;6;10182;23;;;10201;10;10204;18;;;10192.5;0.0
yf_ADM_d13;40700;ASH_COATED_OSMIUM;9898;24;9896;17;;;9904;14;9906;15;;;9901.0;0.0
yf_ADM_d13;40700;INTARIAN_PEPPER_ROOT;10190;23;10186;21;;;10196;9;10200;17;;;10193.0;0.0
yf_ADM_d13;40800;ASH_COATED_OSMIUM;9890;9;9887;18;;;9913;10;9916;20;;;9901.5;0.0
yf_ADM_d13;40800;INTARIAN_PEPPER_ROOT;10190;15;10187;25;;;10196;12;10200;12;;;10193.0;0.0
yf_ADM_d13;40900;ASH_COATED_OSMIUM;9898;12;9894;15;;;9904;12;9907;23;;;9901.0;0.0
yf_ADM_d13;40900;INTARIAN_PEPPER_ROOT;10190;26;10187;12;;;10196;22;10198;18;;;10193.0;0.0
yf_ADM_d13;41000;ASH_COATED_OSMIUM;9898;8;9895;23;;;9904;14;9907;16;;;9901.0;0.0
yf_ADM_d13;41000;INTARIAN_PEPPER_ROOT;10173;11;10169;20;;;10214;17;10217;13;;;10193.5;0.0
yf_ADM_d13;41100;ASH_COATED_OSMIUM;9898;19;9896;24;;;9905;14;9907;17;;;9901.5;0.0
yf_ADM_d13;41100;INTARIAN_PEPPER_ROOT;10188;15;10185;25;;;10199;19;10202;25;;;10193.5;0.0
yf_ADM_d13;41200;ASH_COATED_OSMIUM;9892;13;9890;23;;;9910;16;9914;25;;;9901.0;0.0
yf_ADM_d13;41200;INTARIAN_PEPPER_ROOT;10192;17;10188;17;;;10198;12;10200;18;;;10195.0;0.0
yf_ADM_d13;41300;ASH_COATED_OSMIUM;9891;9;9888;27;;;9912;20;9915;11;;;9901.5;0.0
yf_ADM_d13;41300;INTARIAN_PEPPER_ROOT;10186;26;10183;15;;;10204;15;10207;28;;;10195.0;0.0
yf_ADM_d13;41400;ASH_COATED_OSMIUM;9898;14;9896;23;;;9904;16;9906;17;;;9901.0;0.0
yf_ADM_d13;41400;INTARIAN_PEPPER_ROOT;10192;6;10190;18;;;10198;16;10202;20;;;10195.0;0.0
yf_ADM_d13;41500;ASH_COATED_OSMIUM;9891;16;9889;16;;;9913;16;9917;26;;;9902.0;0.0
yf_ADM_d13;41500;INTARIAN_PEPPER_ROOT;10192;10;10189;11;;;10198;11;10200;18;;;10195.0;0.0
yf_ADM_d13;41600;ASH_COATED_OSMIUM;9899;8;9897;19;;;9905;11;9909;21;;;9902.0;0.0
yf_ADM_d13;41600;INTARIAN_PEPPER_ROOT;10192;8;10188;18;;;10198;13;10201;35;;;10195.0;0.0
yf_ADM_d13;41700;ASH_COATED_OSMIUM;9897;11;9895;22;;;9906;13;9909;19;;;9901.5;0.0
yf_ADM_d13;41700;INTARIAN_PEPPER_ROOT;10189;9;10186;14;;;10203;12;10207;14;;;10196.0;0.0
yf_ADM_d13;41800;ASH_COATED_OSMIUM;9890;17;9886;8;;;9915;20;9918;31;;;9902.5;0.0
yf_ADM_d13;41800;INTARIAN_PEPPER_ROOT;10192;23;10190;23;;;10201;16;10205;18;;;10196.5;0.0
yf_ADM_d13;41900;ASH_COATED_OSMIUM;9897;11;9893;21;;;9906;7;9909;19;;;9901.5;0.0
yf_ADM_d13;41900;INTARIAN_PEPPER_ROOT;10193;17;10189;13;;;10199;20;10201;18;;;10196.0;0.0
yf_ADM_d13;42000;ASH_COATED_OSMIUM;9898;12;9896;23;;;9904;10;9907;18;;;9901.0;0.0
yf_ADM_d13;42000;INTARIAN_PEPPER_ROOT;10194;19;10192;28;;;10200;24;10203;11;;;10197.0;0.0
yf_ADM_d13;42100;ASH_COATED_OSMIUM;9899;17;9895;18;;;9905;26;9909;12;;;9902.0;0.0
yf_ADM_d13;42100;INTARIAN_PEPPER_ROOT;10195;9;10191;30;;;10201;13;10204;16;;;10198.0;0.0
yf_ADM_d13;42200;ASH_COATED_OSMIUM;9893;14;9890;18;;;9911;15;9914;25;;;9902.0;0.0
yf_ADM_d13;42200;INTARIAN_PEPPER_ROOT;10195;20;10192;12;;;10201;20;10203;16;;;10198.0;0.0
yf_ADM_d13;42300;ASH_COATED_OSMIUM;9897;15;9895;24;;;9908;15;9912;15;;;9902.5;0.0
yf_ADM_d13;42300;INTARIAN_PEPPER_ROOT;10195;21;10193;21;;;10201;9;10205;22;;;10198.0;0.0
yf_ADM_d13;42400;ASH_COATED_OSMIUM;9896;13;9894;15;;;9907;18;9910;12;;;9901.5;0.0
yf_ADM_d13;42400;INTARIAN_PEPPER_ROOT;10190;19;10188;15;;;10207;17;10210;17;;;10198.5;0.0
yf_ADM_d13;42500;ASH_COATED_OSMIUM;9899;24;9897;18;;;9905;10;9908;16;;;9902.0;0.0
yf_ADM_d13;42500;INTARIAN_PEPPER_ROOT;10196;7;10193;8;;;10202;15;10206;19;;;10199.0;0.0
yf_ADM_d13;42600;ASH_COATED_OSMIUM;9899;10;9895;21;;;9905;7;9908;22;;;9902.0;0.0
yf_ADM_d13;42600;INTARIAN_PEPPER_ROOT;10190;16;10186;25;;;10208;30;10210;20;;;10199.0;0.0
yf_ADM_d13;42700;ASH_COATED_OSMIUM;9899;5;9897;18;;;9905;16;9909;27;;;9902.0;0.0
yf_ADM_d13;42700;INTARIAN_PEPPER_ROOT;10192;17;10190;19;;;10208;12;10212;13;;;10200.0;0.0
yf_ADM_d13;42800;ASH_COATED_OSMIUM;9899;11;9897;13;;;9905;14;9908;22;;;9902.0;0.0
yf_ADM_d13;42800;INTARIAN_PEPPER_ROOT;10197;11;10194;12;;;10203;8;10206;14;;;10200.0;0.0
yf_ADM_d13;42900;ASH_COATED_OSMIUM;9897;13;9893;13;;;9907;11;9910;21;;;9902.0;0.0
yf_ADM_d13;42900;INTARIAN_PEPPER_ROOT;10188;9;10184;24;;;10213;13;10215;18;;;10200.5;0.0
yf_ADM_d13;43000;ASH_COATED_OSMIUM;9899;14;9895;26;;;9906;24;9908;19;;;9902.5;0.0
yf_ADM_d13;43000;INTARIAN_PEPPER_ROOT;10197;16;10195;22;;;10204;15;10207;24;;;10200.5;0.0
yf_ADM_d13;43100;ASH_COATED_OSMIUM;9899;17;9896;19;;;9905;13;9909;14;;;9902.0;0.0
yf_ADM_d13;43100;INTARIAN_PEPPER_ROOT;10194;17;10191;22;;;10207;19;10211;15;;;10200.5;0.0
yf_ADM_d13;43200;ASH_COATED_OSMIUM;9898;10;9896;15;;;9907;7;9909;19;;;9902.5;0.0
yf_ADM_d13;43200;INTARIAN_PEPPER_ROOT;10198;19;10196;26;;;10204;17;10208;20;;;10201.0;0.0
yf_ADM_d13;43300;ASH_COATED_OSMIUM;9899;18;9897;25;;;9905;13;9909;11;;;9902.0;0.0
yf_ADM_d13;43300;INTARIAN_PEPPER_ROOT;10198;10;10196;11;;;10207;17;10209;24;;;10202.5;0.0
yf_ADM_d13;43400;ASH_COATED_OSMIUM;9899;17;9895;25;;;9905;14;9909;20;;;9902.0;0.0
yf_ADM_d13;43400;INTARIAN_PEPPER_ROOT;10199;8;10195;8;;;10205;9;10209;23;;;10202.0;0.0
yf_ADM_d13;43500;ASH_COATED_OSMIUM;9899;12;9895;13;;;9905;11;9907;16;;;9902.0;0.0
yf_ADM_d13;43500;INTARIAN_PEPPER_ROOT;10200;15;10196;21;;;10206;13;10209;21;;;10203.0;0.0
yf_ADM_d13;43600;ASH_COATED_OSMIUM;9898;19;9894;21;;;9906;12;9908;24;;;9902.0;0.0
yf_ADM_d13;43600;INTARIAN_PEPPER_ROOT;10196;17;10194;13;;;10210;15;10214;12;;;10203.0;0.0
yf_ADM_d13;43700;ASH_COATED_OSMIUM;9899;24;9895;15;;;9905;17;9907;22;;;9902.0;0.0
yf_ADM_d13;43700;INTARIAN_PEPPER_ROOT;10200;13;10196;25;;;10206;25;10210;14;;;10203.0;0.0
yf_ADM_d13;43800;ASH_COATED_OSMIUM;9899;8;9897;27;;;9905;6;9909;23;;;9902.0;0.0
yf_ADM_d13;43800;INTARIAN_PEPPER_ROOT;10193;10;10189;19;;;10215;16;10217;25;;;10204.0;0.0
yf_ADM_d13;43900;ASH_COATED_OSMIUM;9900;17;9898;28;;;9906;21;9908;17;;;9903.0;0.0
yf_ADM_d13;43900;INTARIAN_PEPPER_ROOT;10200;5;10196;15;;;10209;16;10211;24;;;10204.5;0.0
yf_ADM_d13;44000;ASH_COATED_OSMIUM;9897;16;9895;20;;;9907;15;9909;22;;;9902.0;0.0
yf_ADM_d13;44000;INTARIAN_PEPPER_ROOT;10201;9;10197;17;;;10207;23;10211;21;;;10204.0;0.0
yf_ADM_d13;44100;ASH_COATED_OSMIUM;9900;23;9897;23;;;9906;15;9908;21;;;9903.0;0.0
yf_ADM_d13;44100;INTARIAN_PEPPER_ROOT;10202;15;10198;23;;;10208;21;10212;16;;;10205.0;0.0
yf_ADM_d13;44200;ASH_COATED_OSMIUM;9899;15;9897;14;;;9905;7;9909;22;;;9902.0;0.0
yf_ADM_d13;44200;INTARIAN_PEPPER_ROOT;10202;17;10199;23;;;10208;5;10211;11;;;10205.0;0.0
yf_ADM_d13;44300;ASH_COATED_OSMIUM;9899;10;9896;22;;;9905;8;9907;21;;;9902.0;0.0
yf_ADM_d13;44300;INTARIAN_PEPPER_ROOT;10193;18;10191;17;;;10218;15;10222;15;;;10205.5;0.0
yf_ADM_d13;44400;ASH_COATED_OSMIUM;9899;23;9896;21;;;9906;25;9908;16;;;9902.5;0.0
yf_ADM_d13;44400;INTARIAN_PEPPER_ROOT;10201;18;10199;25;;;10210;12;10214;27;;;10205.5;0.0
yf_ADM_d13;44500;ASH_COATED_OSMIUM;9899;20;9895;19;;;9905;5;9907;21;;;9902.0;0.0
yf_ADM_d13;44500;INTARIAN_PEPPER_ROOT;10203;18;10201;16;;;10209;20;10212;20;;;10206.0;0.0
yf_ADM_d13;44600;ASH_COATED_OSMIUM;9900;14;9898;19;;;9906;16;9910;16;;;9903.0;0.0
yf_ADM_d13;44600;INTARIAN_PEPPER_ROOT;10203;12;10201;28;;;10209;17;10211;15;;;10206.0;0.0
yf_ADM_d13;44700;ASH_COATED_OSMIUM;9898;25;9896;25;;;9907;11;9911;13;;;9902.5;0.0
yf_ADM_d13;44700;INTARIAN_PEPPER_ROOT;10204;16;10201;26;;;10210;15;10214;15;;;10207.0;0.0
yf_ADM_d13;44800;ASH_COATED_OSMIUM;9900;18;9898;14;;;9906;24;9910;18;;;9903.0;0.0
yf_ADM_d13;44800;INTARIAN_PEPPER_ROOT;10202;9;10200;17;;;10213;26;10217;23;;;10207.5;0.0
yf_ADM_d13;44900;ASH_COATED_OSMIUM;9899;18;9896;27;;;9905;14;9907;18;;;9902.0;0.0
yf_ADM_d13;44900;INTARIAN_PEPPER_ROOT;10204;19;10202;23;;;10210;16;10213;14;;;10207.0;0.0
yf_ADM_d13;45000;ASH_COATED_OSMIUM;9898;16;9895;21;;;9908;14;9910;17;;;9903.0;0.0
yf_ADM_d13;45000;INTARIAN_PEPPER_ROOT;10205;11;10202;15;;;10211;14;10215;31;;;10208.0;0.0
yf_ADM_d13;45100;ASH_COATED_OSMIUM;9899;14;9896;19;;;9906;11;9908;22;;;9902.5;0.0
yf_ADM_d13;45100;INTARIAN_PEPPER_ROOT;10205;11;10203;20;;;10211;9;10213;24;;;10208.0;0.0
yf_ADM_d13;45200;ASH_COATED_OSMIUM;9900;16;9898;19;;;9906;22;9909;20;;;9903.0;0.0
yf_ADM_d13;45200;INTARIAN_PEPPER_ROOT;10206;20;10203;15;;;10212;16;10216;28;;;10209.0;0.0
yf_ADM_d13;45300;ASH_COATED_OSMIUM;9899;19;9896;28;;;9905;16;9909;24;;;9902.0;0.0
yf_ADM_d13;45300;INTARIAN_PEPPER_ROOT;10204;12;10201;17;;;10213;10;10215;22;;;10208.5;0.0
yf_ADM_d13;45400;ASH_COATED_OSMIUM;9900;17;9898;11;;;9906;12;9908;19;;;9903.0;0.0
yf_ADM_d13;45400;INTARIAN_PEPPER_ROOT;10206;11;10204;16;;;10212;19;10215;12;;;10209.0;0.0
yf_ADM_d13;45500;ASH_COATED_OSMIUM;9899;15;9896;29;;;9906;5;9910;18;;;9902.5;0.0
yf_ADM_d13;45500;INTARIAN_PEPPER_ROOT;10204;19;10201;17;;;10217;10;10221;16;;;10210.5;0.0
yf_ADM_d13;45600;ASH_COATED_OSMIUM;9900;17;9896;18;;;9906;12;9908;17;;;9903.0;0.0
yf_ADM_d13;45600;INTARIAN_PEPPER_ROOT;10202;12;10200;13;;;10218;19;10220;15;;;10210.0;0.0
yf_ADM_d13;45700;ASH_COATED_OSMIUM;9898;5;9894;19;;;9909;18;9911;18;;;9903.5;0.0
yf_ADM_d13;45700;INTARIAN_PEPPER_ROOT;10205;10;10201;27;;;10216;17;10219;13;;;10210.5;0.0
yf_ADM_d13;45800;ASH_COATED_OSMIUM;9897;19;9894;16;;;9908;10;9910;18;;;9902.5;0.0
yf_ADM_d13;45800;INTARIAN_PEPPER_ROOT;10206;17;10202;21;;;10215;12;10217;20;;;10210.5;0.0
yf_ADM_d13;45900;ASH_COATED_OSMIUM;9900;8;9897;22;;;9906;8;9910;21;;;9903.0;0.0
yf_ADM_d13;45900;INTARIAN_PEPPER_ROOT;10207;23;10204;15;;;10215;15;10217;18;;;10211.0;0.0
yf_ADM_d13;46000;ASH_COATED_OSMIUM;9899;5;9895;33;;;9906;19;9910;21;;;9902.5;0.0
yf_ADM_d13;46000;INTARIAN_PEPPER_ROOT;10203;21;10200;12;;;10221;20;10225;19;;;10212.0;0.0
yf_ADM_d13;46100;ASH_COATED_OSMIUM;9890;7;9886;16;;;9917;7;9921;15;;;9903.5;0.0
yf_ADM_d13;46100;INTARIAN_PEPPER_ROOT;10209;11;10205;18;;;10215;14;10218;24;;;10212.0;0.0
yf_ADM_d13;46200;ASH_COATED_OSMIUM;9900;22;9898;22;;;9906;14;9910;24;;;9903.0;0.0
yf_ADM_d13;46200;INTARIAN_PEPPER_ROOT;10209;13;10207;22;;;10215;13;10219;15;;;10212.0;0.0
yf_ADM_d13;46300;ASH_COATED_OSMIUM;9900;18;9897;13;;;9906;10;9909;22;;;9903.0;0.0
yf_ADM_d13;46300;INTARIAN_PEPPER_ROOT;10210;10;10206;15;;;10216;21;10218;24;;;10213.0;0.0
yf_ADM_d13;46400;ASH_COATED_OSMIUM;9900;13;9896;20;;;9906;16;9910;21;;;9903.0;0.0
yf_ADM_d13;46400;INTARIAN_PEPPER_ROOT;10210;7;10206;20;;;10216;14;10219;18;;;10213.0;0.0
yf_ADM_d13;46500;ASH_COATED_OSMIUM;9901;15;9897;8;;;9907;19;9911;18;;;9904.0;0.0
yf_ADM_d13;46500;INTARIAN_PEPPER_ROOT;10204;8;10200;15;;;10221;16;10225;22;;;10212.5;0.0
yf_ADM_d13;46600;ASH_COATED_OSMIUM;9900;5;9897;23;;;9906;14;9908;19;;;9903.0;0.0
yf_ADM_d13;46600;INTARIAN_PEPPER_ROOT;10211;13;10209;18;;;10217;23;10220;21;;;10214.0;0.0
yf_ADM_d13;46700;ASH_COATED_OSMIUM;9900;7;9896;18;;;9906;17;9909;14;;;9903.0;0.0
yf_ADM_d13;46700;INTARIAN_PEPPER_ROOT;10208;14;10204;24;;;10221;20;10225;22;;;10214.5;0.0
yf_ADM_d13;46800;ASH_COATED_OSMIUM;9899;13;9897;20;;;9907;19;9909;22;;;9903.0;0.0
yf_ADM_d13;46800;INTARIAN_PEPPER_ROOT;10211;16;10207;15;;;10217;14;10219;21;;;10214.0;0.0
yf_ADM_d13;46900;ASH_COATED_OSMIUM;9900;7;9897;14;;;9906;7;9909;9;;;9903.0;0.0
yf_ADM_d13;46900;INTARIAN_PEPPER_ROOT;10212;17;10208;15;;;10218;13;10222;13;;;10215.0;0.0
yf_ADM_d13;47000;ASH_COATED_OSMIUM;9900;24;9898;23;;;9906;13;9908;24;;;9903.0;0.0
yf_ADM_d13;47000;INTARIAN_PEPPER_ROOT;10204;16;10202;16;;;10227;11;10229;21;;;10215.5;0.0
yf_ADM_d13;47100;ASH_COATED_OSMIUM;9900;13;9898;10;;;9906;18;9910;17;;;9903.0;0.0
yf_ADM_d13;47100;INTARIAN_PEPPER_ROOT;10211;20;10209;24;;;10219;5;10223;22;;;10215.0;0.0
yf_ADM_d13;47200;ASH_COATED_OSMIUM;9900;16;9896;23;;;9906;13;9909;17;;;9903.0;0.0
yf_ADM_d13;47200;INTARIAN_PEPPER_ROOT;10211;15;10207;22;;;10221;10;10223;31;;;10216.0;0.0
yf_ADM_d13;47300;ASH_COATED_OSMIUM;9900;18;9896;16;;;9906;5;9909;13;;;9903.0;0.0
yf_ADM_d13;47300;INTARIAN_PEPPER_ROOT;10206;15;10204;14;;;10227;8;10229;14;;;10216.5;0.0
yf_ADM_d13;47400;ASH_COATED_OSMIUM;9889;13;9887;21;;;9918;10;9921;23;;;9903.5;0.0
yf_ADM_d13;47400;INTARIAN_PEPPER_ROOT;10205;17;10201;12;;;10228;14;10232;23;;;10216.5;0.0
yf_ADM_d13;47500;ASH_COATED_OSMIUM;9889;14;9885;20;;;9918;5;9922;17;;;9903.5;0.0
yf_ADM_d13;47500;INTARIAN_PEPPER_ROOT;10204;10;10200;19;;;10229;18;10232;24;;;10216.5;0.0
yf_ADM_d13;47600;ASH_COATED_OSMIUM;9898;8;9894;21;;;9909;12;9912;21;;;9903.5;0.0
yf_ADM_d13;47600;INTARIAN_PEPPER_ROOT;10211;16;10207;17;;;10222;16;10226;31;;;10216.5;0.0
yf_ADM_d13;47700;ASH_COATED_OSMIUM;9898;14;9895;22;;;9910;21;9914;13;;;9904.0;0.0
yf_ADM_d13;47700;INTARIAN_PEPPER_ROOT;10209;20;10205;19;;;10226;9;10230;18;;;10217.5;0.0
yf_ADM_d13;47800;ASH_COATED_OSMIUM;9901;12;9899;20;;;9907;11;9909;22;;;9904.0;0.0
yf_ADM_d13;47800;INTARIAN_PEPPER_ROOT;10215;16;10213;20;;;10221;18;10225;13;;;10218.0;0.0
yf_ADM_d13;47900;ASH_COATED_OSMIUM;9892;18;9890;23;;;9914;7;9918;18;;;9903.0;0.0
yf_ADM_d13;47900;INTARIAN_PEPPER_ROOT;10214;13;10210;16;;;10223;13;10226;16;;;10218.5;0.0
yf_ADM_d13;48000;ASH_COATED_OSMIUM;9899;17;9895;11;;;9909;14;9911;19;;;9904.0;0.0
yf_ADM_d13;48000;INTARIAN_PEPPER_ROOT;10216;15;10213;13;;;10222;14;10224;11;;;10219.0;0.0
yf_ADM_d13;48100;ASH_COATED_OSMIUM;9901;13;9897;16;;;9907;18;9909;19;;;9904.0;0.0
yf_ADM_d13;48100;INTARIAN_PEPPER_ROOT;10214;18;10210;10;;;10223;5;10226;15;;;10218.5;0.0
yf_ADM_d13;48200;ASH_COATED_OSMIUM;9901;13;9897;21;;;9907;21;9909;16;;;9904.0;0.0
yf_ADM_d13;48200;INTARIAN_PEPPER_ROOT;10217;17;10215;9;;;10223;8;10226;22;;;10220.0;0.0
yf_ADM_d13;48300;ASH_COATED_OSMIUM;9900;13;9897;18;;;9906;19;9909;21;;;9903.0;0.0
yf_ADM_d13;48300;INTARIAN_PEPPER_ROOT;10217;19;10214;9;;;10223;11;10225;17;;;10220.0;0.0
yf_ADM_d13;48400;ASH_COATED_OSMIUM;9900;8;9897;13;;;9908;24;9910;25;;;9904.0;0.0
yf_ADM_d13;48400;INTARIAN_PEPPER_ROOT;10217;14;10214;13;;;10223;13;10227;16;;;10220.0;0.0
yf_ADM_d13;48500;ASH_COATED_OSMIUM;9893;16;9889;18;;;9914;16;9917;19;;;9903.5;0.0
yf_ADM_d13;48500;INTARIAN_PEPPER_ROOT;10218;22;10215;23;;;10224;5;10226;20;;;10221.0;0.0
yf_ADM_d13;48600;ASH_COATED_OSMIUM;9897;10;9895;8;;;9909;16;9913;19;;;9903.0;0.0
yf_ADM_d13;48600;INTARIAN_PEPPER_ROOT;10218;17;10215;24;;;10224;7;10227;15;;;10221.0;0.0
yf_ADM_d13;48700;ASH_COATED_OSMIUM;9901;20;9899;12;;;9907;19;9910;8;;;9904.0;0.0
yf_ADM_d13;48700;INTARIAN_PEPPER_ROOT;10219;6;10215;19;;;10225;18;10228;22;;;10222.0;0.0
yf_ADM_d13;48800;ASH_COATED_OSMIUM;9900;22;9897;25;;;9906;13;9909;19;;;9903.0;0.0
yf_ADM_d13;48800;INTARIAN_PEPPER_ROOT;10216;20;10214;9;;;10228;14;10232;27;;;10222.0;0.0
yf_ADM_d13;48900;ASH_COATED_OSMIUM;9879;9;9877;20;;;9927;20;9929;23;;;9903.0;0.0
yf_ADM_d13;48900;INTARIAN_PEPPER_ROOT;10218;10;10215;23;;;10226;16;10228;22;;;10222.0;0.0
yf_ADM_d13;49000;ASH_COATED_OSMIUM;9893;9;9890;13;;;9913;8;9917;23;;;9903.0;0.0
yf_ADM_d13;49000;INTARIAN_PEPPER_ROOT;10216;6;10214;14;;;10230;19;10232;8;;;10223.0;0.0
yf_ADM_d13;49100;ASH_COATED_OSMIUM;9900;16;9897;18;;;9908;18;9910;19;;;9904.0;0.0
yf_ADM_d13;49100;INTARIAN_PEPPER_ROOT;10219;20;10217;19;;;10227;13;10230;23;;;10223.0;0.0
yf_ADM_d13;49200;ASH_COATED_OSMIUM;9889;14;9887;20;;;9918;15;9920;18;;;9903.5;0.0
yf_ADM_d13;49200;INTARIAN_PEPPER_ROOT;10220;11;10218;28;;;10226;15;10228;15;;;10223.0;0.0
yf_ADM_d13;49300;ASH_COATED_OSMIUM;9893;14;9891;19;;;9915;18;9919;21;;;9904.0;0.0
yf_ADM_d13;49300;INTARIAN_PEPPER_ROOT;10217;11;10213;14;;;10229;13;10232;24;;;10223.0;0.0
yf_ADM_d13;49400;ASH_COATED_OSMIUM;9901;12;9899;23;;;9907;15;9911;18;;;9904.0;0.0
yf_ADM_d13;49400;INTARIAN_PEPPER_ROOT;10219;12;10216;22;;;10228;15;10230;18;;;10223.5;0.0
yf_ADM_d13;49500;ASH_COATED_OSMIUM;9899;12;9896;16;;;9910;6;9913;20;;;9904.5;0.0
yf_ADM_d13;49500;INTARIAN_PEPPER_ROOT;10218;12;10215;11;;;10231;9;10234;20;;;10224.5;0.0
yf_ADM_d13;49600;ASH_COATED_OSMIUM;9901;24;9897;14;;;9907;15;9910;17;;;9904.0;0.0
yf_ADM_d13;49600;INTARIAN_PEPPER_ROOT;10221;15;10217;35;;;10227;22;10231;20;;;10224.0;0.0
yf_ADM_d13;49700;ASH_COATED_OSMIUM;9897;10;9895;19;;;9911;13;9913;24;;;9904.0;0.0
yf_ADM_d13;49700;INTARIAN_PEPPER_ROOT;10222;17;10218;17;;;10228;13;10231;22;;;10225.0;0.0
yf_ADM_d13;49800;ASH_COATED_OSMIUM;9902;21;9899;15;;;9908;16;9910;22;;;9905.0;0.0
yf_ADM_d13;49800;INTARIAN_PEPPER_ROOT;10221;15;10217;11;;;10230;17;10233;17;;;10225.5;0.0
yf_ADM_d13;49900;ASH_COATED_OSMIUM;9901;14;9898;14;;;9907;19;9910;18;;;9904.0;0.0
yf_ADM_d13;49900;INTARIAN_PEPPER_ROOT;10221;14;10218;23;;;10231;18;10235;14;;;10226.0;0.0
yf_ADM_d13;50000;ASH_COATED_OSMIUM;9902;5;9899;21;;;9908;5;9911;13;;;9905.0;0.0
yf_ADM_d13;50000;INTARIAN_PEPPER_ROOT;10220;16;10217;19;;;10230;15;10232;25;;;10225.0;0.0
yf_ADM_d13;50100;ASH_COATED_OSMIUM;9901;9;9898;17;;;9907;19;9910;27;;;9904.0;0.0
yf_ADM_d13;50100;INTARIAN_PEPPER_ROOT;10220;17;10218;16;;;10232;21;10236;31;;;10226.0;0.0
yf_ADM_d13;50200;ASH_COATED_OSMIUM;9889;21;9886;29;;;9919;15;9923;18;;;9904.0;0.0
yf_ADM_d13;50200;INTARIAN_PEPPER_ROOT;10222;24;10220;30;;;10231;18;10234;20;;;10226.5;0.0
yf_ADM_d13;50300;ASH_COATED_OSMIUM;9898;15;9895;13;;;9911;14;9915;15;;;9904.5;0.0
yf_ADM_d13;50300;INTARIAN_PEPPER_ROOT;10224;14;10222;28;;;10230;20;10234;26;;;10227.0;0.0
yf_ADM_d13;50400;ASH_COATED_OSMIUM;9901;12;9897;15;;;9907;15;9910;22;;;9904.0;0.0
yf_ADM_d13;50400;INTARIAN_PEPPER_ROOT;10222;13;10220;8;;;10233;10;10235;16;;;10227.5;0.0
yf_ADM_d13;50500;ASH_COATED_OSMIUM;9902;22;9899;14;;;9908;13;9911;22;;;9905.0;0.0
yf_ADM_d13;50500;INTARIAN_PEPPER_ROOT;10225;10;10221;25;;;10231;24;10234;11;;;10228.0;0.0
yf_ADM_d13;50600;ASH_COATED_OSMIUM;9901;16;9899;13;;;9907;14;9910;16;;;9904.0;0.0
yf_ADM_d13;50600;INTARIAN_PEPPER_ROOT;10225;19;10223;27;;;10231;12;10234;26;;;10228.0;0.0
yf_ADM_d13;50700;ASH_COATED_OSMIUM;9901;21;9897;25;;;9907;22;9910;21;;;9904.0;0.0
yf_ADM_d13;50700;INTARIAN_PEPPER_ROOT;10226;14;10223;15;;;10232;18;10235;31;;;10229.0;0.0
yf_ADM_d13;50800;ASH_COATED_OSMIUM;9901;9;9897;28;;;9907;5;9911;28;;;9904.0;0.0
yf_ADM_d13;50800;INTARIAN_PEPPER_ROOT;10226;14;10223;22;;;10232;14;10236;21;;;10229.0;0.0
yf_ADM_d13;50900;ASH_COATED_OSMIUM;9901;12;9897;20;;;9909;7;9913;25;;;9905.0;0.0
yf_ADM_d13;50900;INTARIAN_PEPPER_ROOT;10222;14;10220;24;;;10234;13;10236;17;;;10228.0;0.0
yf_ADM_d13;51000;ASH_COATED_OSMIUM;9894;15;9890;25;;;9916;23;9918;22;;;9905.0;0.0
yf_ADM_d13;51000;INTARIAN_PEPPER_ROOT;10221;20;10218;22;;;10233;16;10237;16;;;10227.0;0.0
yf_ADM_d13;51100;ASH_COATED_OSMIUM;9892;18;9888;16;;;9916;9;9918;13;;;9904.0;0.0
yf_ADM_d13;51100;INTARIAN_PEPPER_ROOT;10223;19;10220;20;;;10229;14;10231;9;;;10226.0;0.0
yf_ADM_d13;51200;ASH_COATED_OSMIUM;9902;7;9900;19;;;9908;16;9912;17;;;9905.0;0.0
yf_ADM_d13;51200;INTARIAN_PEPPER_ROOT;10221;14;10219;23;;;10227;13;10231;17;;;10224.0;0.0
yf_ADM_d13;51300;ASH_COATED_OSMIUM;9877;20;9873;14;;;9932;20;9936;30;;;9904.5;0.0
yf_ADM_d13;51300;INTARIAN_PEPPER_ROOT;10220;18;10218;18;;;10226;13;10229;29;;;10223.0;0.0
yf_ADM_d13;51400;ASH_COATED_OSMIUM;9896;11;9893;21;;;9915;13;9918;17;;;9905.5;0.0
yf_ADM_d13;51400;INTARIAN_PEPPER_ROOT;10219;13;10216;28;;;10225;18;10228;23;;;10222.0;0.0
yf_ADM_d13;51500;ASH_COATED_OSMIUM;9901;18;9899;19;;;9907;10;9909;24;;;9904.0;0.0
yf_ADM_d13;51500;INTARIAN_PEPPER_ROOT;10208;13;10206;15;;;10231;13;10234;31;;;10219.5;0.0
yf_ADM_d13;51600;ASH_COATED_OSMIUM;9901;13;9897;16;;;9907;17;9911;18;;;9904.0;0.0
yf_ADM_d13;51600;INTARIAN_PEPPER_ROOT;10216;22;10213;24;;;10222;15;10226;8;;;10219.0;0.0
yf_ADM_d13;51700;ASH_COATED_OSMIUM;9902;17;9898;12;;;9908;11;9911;22;;;9905.0;0.0
yf_ADM_d13;51700;INTARIAN_PEPPER_ROOT;10192;23;10189;12;;;10242;13;10245;18;;;10217.0;0.0
yf_ADM_d13;51800;ASH_COATED_OSMIUM;9902;17;9900;20;;;9908;15;9912;21;;;9905.0;0.0
yf_ADM_d13;51800;INTARIAN_PEPPER_ROOT;10213;9;10211;21;;;10219;6;10222;19;;;10216.0;0.0
yf_ADM_d13;51900;ASH_COATED_OSMIUM;9901;14;9899;17;;;9907;19;9911;17;;;9904.0;0.0
yf_ADM_d13;51900;INTARIAN_PEPPER_ROOT;10210;17;10208;21;;;10219;19;10221;18;;;10214.5;0.0
yf_ADM_d13;52000;ASH_COATED_OSMIUM;9901;14;9899;18;;;9907;13;9910;10;;;9904.0;0.0
yf_ADM_d13;52000;INTARIAN_PEPPER_ROOT;10210;15;10207;21;;;10216;13;10219;14;;;10213.0;0.0
yf_ADM_d13;52100;ASH_COATED_OSMIUM;9892;10;9889;16;;;9917;18;9920;15;;;9904.5;0.0
yf_ADM_d13;52100;INTARIAN_PEPPER_ROOT;10209;15;10206;23;;;10215;16;10219;22;;;10212.0;0.0
yf_ADM_d13;52200;ASH_COATED_OSMIUM;9895;8;9891;24;;;9912;11;9916;21;;;9903.5;0.0
yf_ADM_d13;52200;INTARIAN_PEPPER_ROOT;10206;18;10204;23;;;10215;17;10219;23;;;10210.5;0.0
yf_ADM_d13;52300;ASH_COATED_OSMIUM;9901;18;9897;23;;;9907;19;9911;19;;;9904.0;0.0
yf_ADM_d13;52300;INTARIAN_PEPPER_ROOT;10206;12;10202;20;;;10212;10;10215;17;;;10209.0;0.0
yf_ADM_d13;52400;ASH_COATED_OSMIUM;9900;11;9896;24;;;9910;11;9913;21;;;9905.0;0.0
yf_ADM_d13;52400;INTARIAN_PEPPER_ROOT;10205;24;10203;25;;;10211;9;10213;12;;;10208.0;0.0
yf_ADM_d13;52500;ASH_COATED_OSMIUM;9900;12;9898;25;;;9909;16;9911;21;;;9904.5;0.0
yf_ADM_d13;52500;INTARIAN_PEPPER_ROOT;10203;7;10201;23;;;10209;13;10212;21;;;10206.0;0.0
yf_ADM_d13;52600;ASH_COATED_OSMIUM;9901;14;9898;12;;;9907;10;9911;17;;;9904.0;0.0
yf_ADM_d13;52600;INTARIAN_PEPPER_ROOT;10202;5;10199;26;;;10208;16;10210;15;;;10205.0;0.0
yf_ADM_d13;52700;ASH_COATED_OSMIUM;9902;11;9899;18;;;9908;17;9911;19;;;9905.0;0.0
yf_ADM_d13;52700;INTARIAN_PEPPER_ROOT;10196;10;10193;19;;;10212;14;10215;20;;;10204.0;0.0
yf_ADM_d13;52800;ASH_COATED_OSMIUM;9899;10;9895;17;;;9909;14;9911;12;;;9904.0;0.0
yf_ADM_d13;52800;INTARIAN_PEPPER_ROOT;10193;11;10190;18;;;10212;12;10216;23;;;10202.5;0.0
yf_ADM_d13;52900;ASH_COATED_OSMIUM;9888;17;9885;18;;;9921;15;9924;20;;;9904.5;0.0
yf_ADM_d13;52900;INTARIAN_PEPPER_ROOT;10187;19;10184;25;;;10215;18;10217;23;;;10201.0;0.0
yf_ADM_d13;53000;ASH_COATED_OSMIUM;9901;14;9898;25;;;9907;13;9910;19;;;9904.0;0.0
yf_ADM_d13;53000;INTARIAN_PEPPER_ROOT;10197;10;10194;23;;;10203;19;10207;20;;;10200.0;0.0
yf_ADM_d13;53100;ASH_COATED_OSMIUM;9898;19;9895;22;;;9912;14;9916;15;;;9905.0;0.0
yf_ADM_d13;53100;INTARIAN_PEPPER_ROOT;10195;18;10192;23;;;10201;13;10204;23;;;10198.0;0.0
yf_ADM_d13;53200;ASH_COATED_OSMIUM;9902;20;9900;22;;;9908;24;9910;18;;;9905.0;0.0
yf_ADM_d13;53200;INTARIAN_PEPPER_ROOT;10194;18;10192;12;;;10200;25;10204;23;;;10197.0;0.0
yf_ADM_d13;53300;ASH_COATED_OSMIUM;9899;16;9897;22;;;9910;20;9914;23;;;9904.5;0.0
yf_ADM_d13;53300;INTARIAN_PEPPER_ROOT;10193;15;10190;10;;;10199;18;10202;14;;;10196.0;0.0
yf_ADM_d13;53400;ASH_COATED_OSMIUM;9899;18;9895;16;;;9909;13;9913;21;;;9904.0;0.0
yf_ADM_d13;53400;INTARIAN_PEPPER_ROOT;10191;21;10189;21;;;10197;23;10201;17;;;10194.0;0.0
yf_ADM_d13;53500;ASH_COATED_OSMIUM;9902;12;9900;23;;;9908;19;9911;18;;;9905.0;0.0
yf_ADM_d13;53500;INTARIAN_PEPPER_ROOT;10189;13;10185;25;;;10198;10;10200;18;;;10193.5;0.0
yf_ADM_d13;53600;ASH_COATED_OSMIUM;9899;14;9896;27;;;9910;27;9913;18;;;9904.5;0.0
yf_ADM_d13;53600;INTARIAN_PEPPER_ROOT;10189;12;10187;27;;;10195;16;10198;26;;;10192.0;0.0
yf_ADM_d13;53700;ASH_COATED_OSMIUM;9901;16;9899;26;;;9907;15;9911;22;;;9904.0;0.0
yf_ADM_d13;53700;INTARIAN_PEPPER_ROOT;10187;16;10183;19;;;10194;18;10197;16;;;10190.5;0.0
yf_ADM_d13;53800;ASH_COATED_OSMIUM;9899;16;9895;27;;;9909;18;9911;17;;;9904.0;0.0
yf_ADM_d13;53800;INTARIAN_PEPPER_ROOT;10186;23;10182;24;;;10192;13;10194;24;;;10189.0;0.0
yf_ADM_d13;53900;ASH_COATED_OSMIUM;9901;23;9897;23;;;9907;17;9911;13;;;9904.0;0.0
yf_ADM_d13;53900;INTARIAN_PEPPER_ROOT;10185;6;10181;10;;;10191;23;10195;26;;;10188.0;0.0
yf_ADM_d13;54000;ASH_COATED_OSMIUM;9901;20;9898;29;;;9907;15;9910;20;;;9904.0;0.0
yf_ADM_d13;54000;INTARIAN_PEPPER_ROOT;10183;16;10181;15;;;10189;22;10191;21;;;10186.0;0.0
yf_ADM_d13;54100;ASH_COATED_OSMIUM;9901;14;9897;15;;;9907;28;9909;23;;;9904.0;0.0
yf_ADM_d13;54100;INTARIAN_PEPPER_ROOT;10181;24;10179;21;;;10188;10;10192;16;;;10184.5;0.0
yf_ADM_d13;54200;ASH_COATED_OSMIUM;9901;18;9899;22;;;9907;13;9911;21;;;9904.0;0.0
yf_ADM_d13;54200;INTARIAN_PEPPER_ROOT;10176;6;10172;17;;;10191;13;10195;10;;;10183.5;0.0
yf_ADM_d13;54300;ASH_COATED_OSMIUM;9898;14;9896;17;;;9909;14;9911;22;;;9903.5;0.0
yf_ADM_d13;54300;INTARIAN_PEPPER_ROOT;10179;13;10177;17;;;10185;12;10187;19;;;10182.0;0.0
yf_ADM_d13;54400;ASH_COATED_OSMIUM;9902;14;9899;18;;;9908;11;9912;22;;;9905.0;0.0
yf_ADM_d13;54400;INTARIAN_PEPPER_ROOT;10178;19;10176;14;;;10184;13;10188;27;;;10181.0;0.0
yf_ADM_d13;54500;ASH_COATED_OSMIUM;9901;13;9899;18;;;9907;15;9910;14;;;9904.0;0.0
yf_ADM_d13;54500;INTARIAN_PEPPER_ROOT;10177;11;10173;18;;;10183;21;10186;15;;;10180.0;0.0
yf_ADM_d13;54600;ASH_COATED_OSMIUM;9901;19;9897;16;;;9907;5;9911;15;;;9904.0;0.0
yf_ADM_d13;54600;INTARIAN_PEPPER_ROOT;10175;9;10173;20;;;10181;13;10185;10;;;10178.0;0.0
yf_ADM_d13;54700;ASH_COATED_OSMIUM;9901;7;9897;10;;;9907;18;9909;19;;;9904.0;0.0
yf_ADM_d13;54700;INTARIAN_PEPPER_ROOT;10169;19;10165;33;;;10185;22;10187;29;;;10177.0;0.0
yf_ADM_d13;54800;ASH_COATED_OSMIUM;9901;17;9899;28;;;9907;13;9910;22;;;9904.0;0.0
yf_ADM_d13;54800;INTARIAN_PEPPER_ROOT;10168;14;10166;20;;;10182;15;10185;18;;;10175.0;0.0
yf_ADM_d13;54900;ASH_COATED_OSMIUM;9901;11;9898;21;;;9907;16;9911;23;;;9904.0;0.0
yf_ADM_d13;54900;INTARIAN_PEPPER_ROOT;10171;10;10169;26;;;10177;18;10180;17;;;10174.0;0.0
yf_ADM_d13;55000;ASH_COATED_OSMIUM;9892;17;9890;20;;;9917;13;9919;18;;;9904.5;0.0
yf_ADM_d13;55000;INTARIAN_PEPPER_ROOT;10167;12;10164;20;;;10179;20;10182;23;;;10173.0;0.0
yf_ADM_d13;55100;ASH_COATED_OSMIUM;9901;21;9897;15;;;9908;17;9912;16;;;9904.5;0.0
yf_ADM_d13;55100;INTARIAN_PEPPER_ROOT;10168;13;10165;17;;;10175;13;10178;22;;;10171.5;0.0
yf_ADM_d13;55200;ASH_COATED_OSMIUM;9899;17;9897;14;;;9910;23;9912;18;;;9904.5;0.0
yf_ADM_d13;55200;INTARIAN_PEPPER_ROOT;10166;19;10164;20;;;10173;17;10176;20;;;10169.5;0.0
yf_ADM_d13;55300;ASH_COATED_OSMIUM;9901;16;9897;19;;;9907;17;9910;19;;;9904.0;0.0
yf_ADM_d13;55300;INTARIAN_PEPPER_ROOT;10166;12;10164;17;;;10172;14;10175;24;;;10169.0;0.0
yf_ADM_d13;55400;ASH_COATED_OSMIUM;9901;9;9898;20;;;9907;11;9910;29;;;9904.0;0.0
yf_ADM_d13;55400;INTARIAN_PEPPER_ROOT;10164;16;10160;22;;;10170;9;10174;21;;;10167.0;0.0
yf_ADM_d13;55500;ASH_COATED_OSMIUM;9901;16;9899;27;;;9907;21;9910;20;;;9904.0;0.0
yf_ADM_d13;55500;INTARIAN_PEPPER_ROOT;10163;15;10160;21;;;10169;10;10172;16;;;10166.0;0.0
yf_ADM_d13;55600;ASH_COATED_OSMIUM;9901;9;9899;22;;;9907;12;9911;15;;;9904.0;0.0
yf_ADM_d13;55600;INTARIAN_PEPPER_ROOT;10161;9;10157;24;;;10167;16;10171;21;;;10164.0;0.0
yf_ADM_d13;55700;ASH_COATED_OSMIUM;9902;16;9900;18;;;9908;22;9911;20;;;9905.0;0.0
yf_ADM_d13;55700;INTARIAN_PEPPER_ROOT;10157;12;10153;19;;;10170;5;10174;17;;;10163.5;0.0
yf_ADM_d13;55800;ASH_COATED_OSMIUM;9899;11;9895;25;;;9909;16;9911;19;;;9904.0;0.0
yf_ADM_d13;55800;INTARIAN_PEPPER_ROOT;10158;11;10156;18;;;10164;15;10167;12;;;10161.0;0.0
yf_ADM_d13;55900;ASH_COATED_OSMIUM;9901;23;9899;24;;;9907;24;9909;26;;;9904.0;0.0
yf_ADM_d13;55900;INTARIAN_PEPPER_ROOT;10153;17;10150;25;;;10166;18;10170;20;;;10159.5;0.0
yf_ADM_d13;56000;ASH_COATED_OSMIUM;9899;17;9896;13;;;9911;5;9914;22;;;9905.0;0.0
yf_ADM_d13;56000;INTARIAN_PEPPER_ROOT;10156;14;10154;14;;;10162;13;10166;25;;;10159.0;0.0
yf_ADM_d13;56100;ASH_COATED_OSMIUM;9901;16;9898;21;;;9907;8;9910;24;;;9904.0;0.0
yf_ADM_d13;56100;INTARIAN_PEPPER_ROOT;10155;19;10153;17;;;10161;16;10164;30;;;10158.0;0.0
yf_ADM_d13;56200;ASH_COATED_OSMIUM;9899;17;9895;8;;;9909;19;9911;17;;;9904.0;0.0
yf_ADM_d13;56200;INTARIAN_PEPPER_ROOT;10153;18;10151;11;;;10160;13;10164;10;;;10156.5;0.0
yf_ADM_d13;56300;ASH_COATED_OSMIUM;9897;18;9893;21;;;9911;11;9915;23;;;9904.0;0.0
yf_ADM_d13;56300;INTARIAN_PEPPER_ROOT;10148;13;10145;23;;;10161;15;10165;21;;;10154.5;0.0
yf_ADM_d13;56400;ASH_COATED_OSMIUM;9893;15;9891;22;;;9917;14;9919;15;;;9905.0;0.0
yf_ADM_d13;56400;INTARIAN_PEPPER_ROOT;10137;7;10133;20;;;10171;14;10175;22;;;10154.0;0.0
yf_ADM_d13;56500;ASH_COATED_OSMIUM;9899;16;9897;23;;;9910;6;9912;25;;;9904.5;0.0
yf_ADM_d13;56500;INTARIAN_PEPPER_ROOT;10149;10;10145;14;;;10156;5;10158;24;;;10152.5;0.0
yf_ADM_d13;56600;ASH_COATED_OSMIUM;9901;5;9897;24;;;9907;14;9910;13;;;9904.0;0.0
yf_ADM_d13;56600;INTARIAN_PEPPER_ROOT;10148;22;10146;25;;;10154;21;10156;21;;;10151.0;0.0
yf_ADM_d13;56700;ASH_COATED_OSMIUM;9901;17;9899;15;;;9907;9;9911;24;;;9904.0;0.0
yf_ADM_d13;56700;INTARIAN_PEPPER_ROOT;10147;9;10143;19;;;10153;17;10155;15;;;10150.0;0.0
yf_ADM_d13;56800;ASH_COATED_OSMIUM;9901;12;9899;18;;;9907;13;9909;25;;;9904.0;0.0
yf_ADM_d13;56800;INTARIAN_PEPPER_ROOT;10145;17;10143;21;;;10151;11;10155;23;;;10148.0;0.0
yf_ADM_d13;56900;ASH_COATED_OSMIUM;9901;14;9897;20;;;9907;17;9909;18;;;9904.0;0.0
yf_ADM_d13;56900;INTARIAN_PEPPER_ROOT;10144;14;10140;20;;;10150;18;10154;20;;;10147.0;0.0
yf_ADM_d13;57000;ASH_COATED_OSMIUM;9901;21;9899;20;;;9907;14;9910;26;;;9904.0;0.0
yf_ADM_d13;57000;INTARIAN_PEPPER_ROOT;10141;17;10137;20;;;10149;9;10152;18;;;10145.0;0.0
yf_ADM_d13;57100;ASH_COATED_OSMIUM;9896;14;9893;23;;;9913;7;9917;20;;;9904.5;0.0
yf_ADM_d13;57100;INTARIAN_PEPPER_ROOT;10126;17;10123;17;;;10162;6;10164;21;;;10144.0;0.0
yf_ADM_d13;57200;ASH_COATED_OSMIUM;9901;13;9899;14;;;9907;13;9909;25;;;9904.0;0.0
yf_ADM_d13;57200;INTARIAN_PEPPER_ROOT;10139;20;10135;23;;;10145;18;10149;21;;;10142.0;0.0
yf_ADM_d13;57300;ASH_COATED_OSMIUM;9901;18;9899;24;;;9907;8;9910;27;;;9904.0;0.0
yf_ADM_d13;57300;INTARIAN_PEPPER_ROOT;10138;21;10134;12;;;10144;14;10146;26;;;10141.0;0.0
yf_ADM_d13;57400;ASH_COATED_OSMIUM;9900;19;9896;19;;;9908;14;9910;22;;;9904.0;0.0
yf_ADM_d13;57400;INTARIAN_PEPPER_ROOT;10135;8;10133;18;;;10145;14;10149;17;;;10140.0;0.0
yf_ADM_d13;57500;ASH_COATED_OSMIUM;9902;19;9900;20;;;9908;10;9910;20;;;9905.0;0.0
yf_ADM_d13;57500;INTARIAN_PEPPER_ROOT;10134;17;10131;29;;;10143;16;10146;20;;;10138.5;0.0
yf_ADM_d13;57600;ASH_COATED_OSMIUM;9900;17;9898;22;;;9908;20;9910;25;;;9904.0;0.0
yf_ADM_d13;57600;INTARIAN_PEPPER_ROOT;10132;17;10129;17;;;10142;10;10145;22;;;10137.0;0.0
yf_ADM_d13;57700;ASH_COATED_OSMIUM;9901;10;9899;18;;;9907;6;9909;13;;;9904.0;0.0
yf_ADM_d13;57700;INTARIAN_PEPPER_ROOT;10131;18;10127;18;;;10140;14;10144;23;;;10135.5;0.0
yf_ADM_d13;57800;ASH_COATED_OSMIUM;9901;14;9898;14;;;9907;9;9911;11;;;9904.0;0.0
yf_ADM_d13;57800;INTARIAN_PEPPER_ROOT;10132;13;10130;12;;;10138;10;10141;23;;;10135.0;0.0
yf_ADM_d13;57900;ASH_COATED_OSMIUM;9893;19;9891;29;;;9917;16;9921;22;;;9905.0;0.0
yf_ADM_d13;57900;INTARIAN_PEPPER_ROOT;10116;18;10113;14;;;10150;18;10154;28;;;10133.0;0.0
yf_ADM_d13;58000;ASH_COATED_OSMIUM;9901;9;9897;16;;;9907;16;9910;23;;;9904.0;0.0
yf_ADM_d13;58000;INTARIAN_PEPPER_ROOT;10129;15;10125;21;;;10136;5;10140;19;;;10132.5;0.0
yf_ADM_d13;58100;ASH_COATED_OSMIUM;9899;16;9897;21;;;9908;19;9912;16;;;9903.5;0.0
yf_ADM_d13;58100;INTARIAN_PEPPER_ROOT;10123;16;10119;17;;;10139;22;10142;26;;;10131.0;0.0
yf_ADM_d13;58200;ASH_COATED_OSMIUM;9894;9;9890;15;;;9913;8;9917;31;;;9903.5;0.0
yf_ADM_d13;58200;INTARIAN_PEPPER_ROOT;10126;22;10124;20;;;10133;12;10137;23;;;10129.5;0.0
yf_ADM_d13;58300;ASH_COATED_OSMIUM;9901;22;9898;16;;;9907;19;9910;29;;;9904.0;0.0
