day;timestamp;product;bid_price_1;bid_volume_1;bid_price_2;bid_volume_2;bid_price_3;bid_volume_3;ask_price_1;ask_volume_1;ask_price_2;ask_volume_2;ask_price_3;ask_volume_3;mid_price;profit_and_loss
yf_ADM_d8;0;ASH_COATED_OSMIUM;9896;18;9892;30;;;9917;14;9921;23;;;9906.5;0.0
yf_ADM_d8;0;INTARIAN_PEPPER_ROOT;11479;12;11476;24;;;11499;17;11502;23;;;11489.0;0.0
yf_ADM_d8;100;ASH_COATED_OSMIUM;9901;14;9898;15;;;9910;9;9914;14;;;9905.5;0.0
yf_ADM_d8;100;INTARIAN_PEPPER_ROOT;11482;7;11478;27;;;11495;11;11499;18;;;11488.5;0.0
yf_ADM_d8;200;ASH_COATED_OSMIUM;9899;5;9897;18;;;9914;11;9916;17;;;9906.5;0.0
yf_ADM_d8;200;INTARIAN_PEPPER_ROOT;11479;22;11477;22;;;11497;18;11499;15;;;11488.0;0.0
yf_ADM_d8;300;ASH_COATED_OSMIUM;9902;12;9898;19;;;9908;15;9912;20;;;9905.0;0.0
yf_ADM_d8;300;INTARIAN_PEPPER_ROOT;11485;16;11482;14;;;11491;16;11493;18;;;11488.0;0.0
yf_ADM_d8;400;ASH_COATED_OSMIUM;9902;17;9900;22;;;9909;14;9911;21;;;9905.5;0.0
yf_ADM_d8;400;INTARIAN_PEPPER_ROOT;11485;9;11482;16;;;11491;15;11493;18;;;11488.0;0.0
yf_ADM_d8;500;ASH_COATED_OSMIUM;9903;13;9899;24;;;9909;16;9911;13;;;9906.0;0.0
yf_ADM_d8;500;INTARIAN_PEPPER_ROOT;11485;13;11481;15;;;11491;14;11493;24;;;11488.0;0.0
yf_ADM_d8;600;ASH_COATED_OSMIUM;9901;19;9899;10;;;9910;8;9913;21;;;9905.5;0.0
yf_ADM_d8;600;INTARIAN_PEPPER_ROOT;11483;23;11481;21;;;11491;25;11493;21;;;11487.0;0.0
yf_ADM_d8;700;ASH_COATED_OSMIUM;9899;18;9896;22;;;9911;14;9915;23;;;9905.0;0.0
yf_ADM_d8;700;INTARIAN_PEPPER_ROOT;11484;14;11480;27;;;11490;22;11492;18;;;11487.0;0.0
yf_ADM_d8;800;ASH_COATED_OSMIUM;9902;14;9898;12;;;9909;13;9912;10;;;9905.5;0.0
yf_ADM_d8;800;INTARIAN_PEPPER_ROOT;11484;7;11480;21;;;11490;10;11494;19;;;11487.0;0.0
yf_ADM_d8;900;ASH_COATED_OSMIUM;9903;16;9899;19;;;9909;17;9912;16;;;9906.0;0.0
yf_ADM_d8;900;INTARIAN_PEPPER_ROOT;11473;21;11469;21;;;11500;18;11503;15;;;11486.5;0.0
yf_ADM_d8;1000;ASH_COATED_OSMIUM;9902;18;9898;11;;;9908;10;9910;14;;;9905.0;0.0
yf_ADM_d8;1000;INTARIAN_PEPPER_ROOT;11477;13;11475;18;;;11495;18;11499;16;;;11486.0;0.0
yf_ADM_d8;1100;ASH_COATED_OSMIUM;9903;15;9901;20;;;9909;14;9911;28;;;9906.0;0.0
yf_ADM_d8;1100;INTARIAN_PEPPER_ROOT;11482;11;11479;10;;;11488;16;11490;20;;;11485.0;0.0
yf_ADM_d8;1200;ASH_COATED_OSMIUM;9903;9;9901;21;;;9909;16;9911;19;;;9906.0;0.0
yf_ADM_d8;1200;INTARIAN_PEPPER_ROOT;11475;8;11472;20;;;11496;18;11498;13;;;11485.5;0.0
yf_ADM_d8;1300;ASH_COATED_OSMIUM;9902;9;9898;17;;;9908;15;9910;23;;;9905.0;0.0
yf_ADM_d8;1300;INTARIAN_PEPPER_ROOT;11473;17;11471;18;;;11496;12;11498;21;;;11484.5;0.0
yf_ADM_d8;1400;ASH_COATED_OSMIUM;9901;10;9898;24;;;9909;10;9912;22;;;9905.0;0.0
yf_ADM_d8;1400;INTARIAN_PEPPER_ROOT;11479;23;11475;18;;;11490;13;11494;21;;;11484.5;0.0
yf_ADM_d8;1500;ASH_COATED_OSMIUM;9902;12;9899;14;;;9908;12;9911;18;;;9905.0;0.0
yf_ADM_d8;1500;INTARIAN_PEPPER_ROOT;11482;5;11480;20;;;11488;5;11491;22;;;11485.0;0.0
yf_ADM_d8;1600;ASH_COATED_OSMIUM;9899;18;9897;25;;;9912;6;9916;14;;;9905.5;0.0
yf_ADM_d8;1600;INTARIAN_PEPPER_ROOT;11481;14;11478;15;;;11487;14;11489;22;;;11484.0;0.0
yf_ADM_d8;1700;ASH_COATED_OSMIUM;9902;11;9899;21;;;9908;19;9912;30;;;9905.0;0.0
yf_ADM_d8;1700;INTARIAN_PEPPER_ROOT;11478;5;11476;15;;;11487;26;11491;21;;;11482.5;0.0
yf_ADM_d8;1800;ASH_COATED_OSMIUM;9902;20;9899;20;;;9908;6;9912;8;;;9905.0;0.0
yf_ADM_d8;1800;INTARIAN_PEPPER_ROOT;11480;18;11477;21;;;11486;12;11489;24;;;11483.0;0.0
yf_ADM_d8;1900;ASH_COATED_OSMIUM;9903;23;9900;29;;;9909;11;9913;22;;;9906.0;0.0
yf_ADM_d8;1900;INTARIAN_PEPPER_ROOT;11475;19;11473;19;;;11491;22;11494;16;;;11483.0;0.0
yf_ADM_d8;2000;ASH_COATED_OSMIUM;9902;19;9899;21;;;9909;10;9912;21;;;9905.5;0.0
yf_ADM_d8;2000;INTARIAN_PEPPER_ROOT;11478;9;11476;23;;;11485;12;11489;16;;;11481.5;0.0
yf_ADM_d8;2100;ASH_COATED_OSMIUM;9901;14;9898;21;;;9910;9;9912;16;;;9905.5;0.0
yf_ADM_d8;2100;INTARIAN_PEPPER_ROOT;11476;19;11473;22;;;11490;22;11493;29;;;11483.0;0.0
yf_ADM_d8;2200;ASH_COATED_OSMIUM;9902;10;9898;20;;;9908;6;9912;27;;;9905.0;0.0
yf_ADM_d8;2200;INTARIAN_PEPPER_ROOT;11479;5;11477;19;;;11485;15;11487;16;;;11482.0;0.0
yf_ADM_d8;2300;ASH_COATED_OSMIUM;9902;14;9900;21;;;9908;14;9911;22;;;9905.0;0.0
yf_ADM_d8;2300;INTARIAN_PEPPER_ROOT;11479;21;11476;20;;;11485;11;11489;22;;;11482.0;0.0
yf_ADM_d8;2400;ASH_COATED_OSMIUM;9895;12;9893;19;;;9916;5;9918;28;;;9905.5;0.0
yf_ADM_d8;2400;INTARIAN_PEPPER_ROOT;11476;15;11472;20;;;11486;6;11488;13;;;11481.0;0.0
yf_ADM_d8;2500;ASH_COATED_OSMIUM;9902;22;9899;14;;;9908;15;9912;25;;;9905.0;0.0
yf_ADM_d8;2500;INTARIAN_PEPPER_ROOT;11477;9;11475;19;;;11483;6;11485;23;;;11480.0;0.0
yf_ADM_d8;2600;ASH_COATED_OSMIUM;9902;11;9898;22;;;9908;12;9911;22;;;9905.0;0.0
yf_ADM_d8;2600;INTARIAN_PEPPER_ROOT;11473;14;11469;17;;;11487;8;11489;23;;;11480.0;0.0
yf_ADM_d8;2700;ASH_COATED_OSMIUM;9902;27;9898;21;;;9909;14;9913;18;;;9905.5;0.0
yf_ADM_d8;2700;INTARIAN_PEPPER_ROOT;11476;20;11472;23;;;11483;5;11487;29;;;11479.5;0.0
yf_ADM_d8;2800;ASH_COATED_OSMIUM;9903;10;9901;18;;;9909;17;9913;8;;;9906.0;0.0
yf_ADM_d8;2800;INTARIAN_PEPPER_ROOT;11477;10;11475;13;;;11483;16;11485;21;;;11480.0;0.0
yf_ADM_d8;2900;ASH_COATED_OSMIUM;9902;23;9900;21;;;9909;17;9912;19;;;9905.5;0.0
yf_ADM_d8;2900;INTARIAN_PEPPER_ROOT;11477;10;11474;18;;;11483;11;11485;29;;;11480.0;0.0
yf_ADM_d8;3000;ASH_COATED_OSMIUM;9902;5;9899;14;;;9908;14;9911;10;;;9905.0;0.0
yf_ADM_d8;3000;INTARIAN_PEPPER_ROOT;11475;15;11473;21;;;11484;20;11488;17;;;11479.5;0.0
yf_ADM_d8;3100;ASH_COATED_OSMIUM;9902;14;9899;19;;;9908;14;9910;12;;;9905.0;0.0
yf_ADM_d8;3100;INTARIAN_PEPPER_ROOT;11476;18;11472;15;;;11482;11;11486;19;;;11479.0;0.0
yf_ADM_d8;3200;ASH_COATED_OSMIUM;9902;14;9899;27;;;9908;12;9910;24;;;9905.0;0.0
yf_ADM_d8;3200;INTARIAN_PEPPER_ROOT;11476;19;11474;8;;;11482;19;11485;24;;;11479.0;0.0
yf_ADM_d8;3300;ASH_COATED_OSMIUM;9893;10;9890;8;;;9918;20;9922;32;;;9905.5;0.0
yf_ADM_d8;3300;INTARIAN_PEPPER_ROOT;11475;14;11473;15;;;11481;10;11483;24;;;11478.0;0.0
yf_ADM_d8;3400;ASH_COATED_OSMIUM;9902;23;9899;20;;;9908;11;9912;19;;;9905.0;0.0
yf_ADM_d8;3400;INTARIAN_PEPPER_ROOT;11471;6;11468;26;;;11486;13;11490;12;;;11478.5;0.0
yf_ADM_d8;3500;ASH_COATED_OSMIUM;9899;11;9895;19;;;9912;18;9915;11;;;9905.5;0.0
yf_ADM_d8;3500;INTARIAN_PEPPER_ROOT;11475;7;11471;21;;;11481;7;11483;17;;;11478.0;0.0
yf_ADM_d8;3600;ASH_COATED_OSMIUM;9903;15;9899;16;;;9909;8;9912;23;;;9906.0;0.0
yf_ADM_d8;3600;INTARIAN_PEPPER_ROOT;11471;21;11468;21;;;11484;9;11486;17;;;11477.5;0.0
yf_ADM_d8;3700;ASH_COATED_OSMIUM;9902;12;9900;18;;;9908;17;9911;16;;;9905.0;0.0
yf_ADM_d8;3700;INTARIAN_PEPPER_ROOT;11471;13;11467;27;;;11483;13;11487;23;;;11477.0;0.0
yf_ADM_d8;3800;ASH_COATED_OSMIUM;9901;23;9899;17;;;9909;14;9913;17;;;9905.0;0.0
yf_ADM_d8;3800;INTARIAN_PEPPER_ROOT;11473;14;11469;16;;;11479;16;11483;15;;;11476.0;0.0
yf_ADM_d8;3900;ASH_COATED_OSMIUM;9903;6;9899;26;;;9909;19;9913;35;;;9906.0;0.0
yf_ADM_d8;3900;INTARIAN_PEPPER_ROOT;11474;15;11472;24;;;11480;14;11484;13;;;11477.0;0.0
yf_ADM_d8;4000;ASH_COATED_OSMIUM;9902;17;9898;12;;;9908;14;9911;13;;;9905.0;0.0
yf_ADM_d8;4000;INTARIAN_PEPPER_ROOT;11473;5;11471;10;;;11480;13;11483;28;;;11476.5;0.0
yf_ADM_d8;4100;ASH_COATED_OSMIUM;9902;11;9898;13;;;9908;21;9911;23;;;9905.0;0.0
yf_ADM_d8;4100;INTARIAN_PEPPER_ROOT;11470;14;11468;22;;;11481;20;11484;21;;;11475.5;0.0
yf_ADM_d8;4200;ASH_COATED_OSMIUM;9896;13;9894;22;;;9914;23;9918;24;;;9905.0;0.0
yf_ADM_d8;4200;INTARIAN_PEPPER_ROOT;11473;8;11469;12;;;11479;20;11483;23;;;11476.0;0.0
yf_ADM_d8;4300;ASH_COATED_OSMIUM;9902;19;9900;18;;;9908;14;9910;17;;;9905.0;0.0
yf_ADM_d8;4300;INTARIAN_PEPPER_ROOT;11472;11;11468;26;;;11478;21;11482;20;;;11475.0;0.0
yf_ADM_d8;4400;ASH_COATED_OSMIUM;9902;17;9900;18;;;9908;12;9911;19;;;9905.0;0.0
yf_ADM_d8;4400;INTARIAN_PEPPER_ROOT;11472;9;11469;16;;;11478;19;11481;19;;;11475.0;0.0
yf_ADM_d8;4500;ASH_COATED_OSMIUM;9902;18;9898;22;;;9909;20;9912;27;;;9905.5;0.0
yf_ADM_d8;4500;INTARIAN_PEPPER_ROOT;11471;22;11469;12;;;11477;28;11481;15;;;11474.0;0.0
yf_ADM_d8;4600;ASH_COATED_OSMIUM;9901;20;9897;21;;;9909;17;9911;18;;;9905.0;0.0
yf_ADM_d8;4600;INTARIAN_PEPPER_ROOT;11459;22;11457;19;;;11489;5;11492;20;;;11474.0;0.0
yf_ADM_d8;4700;ASH_COATED_OSMIUM;9900;22;9896;18;;;9909;14;9911;17;;;9904.5;0.0
yf_ADM_d8;4700;INTARIAN_PEPPER_ROOT;11469;18;11466;20;;;11479;12;11483;20;;;11474.0;0.0
yf_ADM_d8;4800;ASH_COATED_OSMIUM;9900;16;9898;23;;;9910;16;9914;20;;;9905.0;0.0
yf_ADM_d8;4800;INTARIAN_PEPPER_ROOT;11470;16;11467;14;;;11476;17;11479;18;;;11473.0;0.0
yf_ADM_d8;4900;ASH_COATED_OSMIUM;9902;15;9900;20;;;9908;11;9912;17;;;9905.0;0.0
yf_ADM_d8;4900;INTARIAN_PEPPER_ROOT;11470;16;11467;18;;;11476;16;11478;14;;;11473.0;0.0
yf_ADM_d8;5000;ASH_COATED_OSMIUM;9893;11;9891;8;;;9917;13;9920;19;;;9905.0;0.0
yf_ADM_d8;5000;INTARIAN_PEPPER_ROOT;11466;12;11462;23;;;11480;17;11482;27;;;11473.0;0.0
yf_ADM_d8;5100;ASH_COATED_OSMIUM;9901;15;9898;20;;;9909;20;9913;14;;;9905.0;0.0
yf_ADM_d8;5100;INTARIAN_PEPPER_ROOT;11467;20;11465;24;;;11479;23;11482;24;;;11473.0;0.0
yf_ADM_d8;5200;ASH_COATED_OSMIUM;9895;18;9893;19;;;9915;22;9918;21;;;9905.0;0.0
yf_ADM_d8;5200;INTARIAN_PEPPER_ROOT;11456;13;11454;15;;;11488;22;11491;28;;;11472.0;0.0
yf_ADM_d8;5300;ASH_COATED_OSMIUM;9902;10;9900;21;;;9908;18;9910;13;;;9905.0;0.0
yf_ADM_d8;5300;INTARIAN_PEPPER_ROOT;11469;15;11467;16;;;11475;19;11479;20;;;11472.0;0.0
yf_ADM_d8;5400;ASH_COATED_OSMIUM;9902;11;9898;10;;;9908;17;9910;20;;;9905.0;0.0
yf_ADM_d8;5400;INTARIAN_PEPPER_ROOT;11463;20;11461;20;;;11480;14;11483;20;;;11471.5;0.0
yf_ADM_d8;5500;ASH_COATED_OSMIUM;9901;13;9897;11;;;9907;18;9910;23;;;9904.0;0.0
yf_ADM_d8;5500;INTARIAN_PEPPER_ROOT;11467;20;11464;23;;;11475;8;11478;8;;;11471.0;0.0
yf_ADM_d8;5600;ASH_COATED_OSMIUM;9902;16;9899;21;;;9908;10;9910;18;;;9905.0;0.0
yf_ADM_d8;5600;INTARIAN_PEPPER_ROOT;11468;14;11464;22;;;11474;21;11476;14;;;11471.0;0.0
yf_ADM_d8;5700;ASH_COATED_OSMIUM;9891;7;9888;21;;;9918;20;9920;19;;;9904.5;0.0
yf_ADM_d8;5700;INTARIAN_PEPPER_ROOT;11466;17;11462;22;;;11475;9;11478;13;;;11470.5;0.0
yf_ADM_d8;5800;ASH_COATED_OSMIUM;9902;5;9899;21;;;9908;15;9912;13;;;9905.0;0.0
yf_ADM_d8;5800;INTARIAN_PEPPER_ROOT;11467;18;11465;18;;;11473;14;11477;17;;;11470.0;0.0
yf_ADM_d8;5900;ASH_COATED_OSMIUM;9901;9;9899;18;;;9909;17;9911;16;;;9905.0;0.0
yf_ADM_d8;5900;INTARIAN_PEPPER_ROOT;11467;26;11465;13;;;11473;23;11475;20;;;11470.0;0.0
yf_ADM_d8;6000;ASH_COATED_OSMIUM;9902;14;9899;22;;;9908;8;9912;26;;;9905.0;0.0
yf_ADM_d8;6000;INTARIAN_PEPPER_ROOT;11464;9;11460;21;;;11474;9;11478;15;;;11469.0;0.0
yf_ADM_d8;6100;ASH_COATED_OSMIUM;9902;6;9898;25;;;9908;12;9911;25;;;9905.0;0.0
yf_ADM_d8;6100;INTARIAN_PEPPER_ROOT;11457;14;11453;22;;;11481;6;11483;31;;;11469.0;0.0
yf_ADM_d8;6200;ASH_COATED_OSMIUM;9902;19;9899;26;;;9908;23;9912;25;;;9905.0;0.0
yf_ADM_d8;6200;INTARIAN_PEPPER_ROOT;11466;11;11464;18;;;11472;15;11476;17;;;11469.0;0.0
yf_ADM_d8;6300;ASH_COATED_OSMIUM;9899;15;9895;14;;;9912;14;9914;18;;;9905.5;0.0
yf_ADM_d8;6300;INTARIAN_PEPPER_ROOT;11463;5;11459;20;;;11473;16;11475;22;;;11468.0;0.0
yf_ADM_d8;6400;ASH_COATED_OSMIUM;9896;20;9892;27;;;9914;18;9916;17;;;9905.0;0.0
yf_ADM_d8;6400;INTARIAN_PEPPER_ROOT;11465;14;11461;24;;;11471;20;11475;17;;;11468.0;0.0
yf_ADM_d8;6500;ASH_COATED_OSMIUM;9898;10;9894;22;;;9910;17;9913;24;;;9904.0;0.0
yf_ADM_d8;6500;INTARIAN_PEPPER_ROOT;11455;12;11453;17;;;11480;10;11484;20;;;11467.5;0.0
yf_ADM_d8;6600;ASH_COATED_OSMIUM;9900;24;9896;18;;;9910;18;9912;19;;;9905.0;0.0
yf_ADM_d8;6600;INTARIAN_PEPPER_ROOT;11465;19;11463;23;;;11471;19;11475;21;;;11468.0;0.0
yf_ADM_d8;6700;ASH_COATED_OSMIUM;9899;18;9895;23;;;9910;13;9913;18;;;9904.5;0.0
yf_ADM_d8;6700;INTARIAN_PEPPER_ROOT;11464;11;11461;14;;;11470;16;11472;16;;;11467.0;0.0
yf_ADM_d8;6800;ASH_COATED_OSMIUM;9901;12;9898;20;;;9909;18;9913;20;;;9905.0;0.0
yf_ADM_d8;6800;INTARIAN_PEPPER_ROOT;11463;15;11460;24;;;11469;11;11473;18;;;11466.0;0.0
yf_ADM_d8;6900;ASH_COATED_OSMIUM;9901;13;9899;26;;;9908;20;9911;24;;;9904.5;0.0
yf_ADM_d8;6900;INTARIAN_PEPPER_ROOT;11464;19;11462;21;;;11470;21;11472;20;;;11467.0;0.0
yf_ADM_d8;7000;ASH_COATED_OSMIUM;9902;16;9900;24;;;9908;6;9910;23;;;9905.0;0.0
yf_ADM_d8;7000;INTARIAN_PEPPER_ROOT;11464;20;11462;25;;;11470;13;11472;18;;;11467.0;0.0
yf_ADM_d8;7100;ASH_COATED_OSMIUM;9902;11;9899;19;;;9908;6;9912;20;;;9905.0;0.0
yf_ADM_d8;7100;INTARIAN_PEPPER_ROOT;11462;18;11458;25;;;11470;21;11472;27;;;11466.0;0.0
yf_ADM_d8;7200;ASH_COATED_OSMIUM;9899;8;9897;19;;;9912;13;9914;21;;;9905.5;0.0
yf_ADM_d8;7200;INTARIAN_PEPPER_ROOT;11462;13;11458;16;;;11468;12;11471;12;;;11465.0;0.0
yf_ADM_d8;7300;ASH_COATED_OSMIUM;9902;8;9899;14;;;9908;19;9912;14;;;9905.0;0.0
yf_ADM_d8;7300;INTARIAN_PEPPER_ROOT;11462;13;11459;13;;;11468;17;11471;12;;;11465.0;0.0
yf_ADM_d8;7400;ASH_COATED_OSMIUM;9902;13;9900;21;;;9908;15;9910;15;;;9905.0;0.0
yf_ADM_d8;7400;INTARIAN_PEPPER_ROOT;11462;17;11459;17;;;11468;13;11470;23;;;11465.0;0.0
yf_ADM_d8;7500;ASH_COATED_OSMIUM;9902;12;9898;19;;;9908;20;9911;25;;;9905.0;0.0
yf_ADM_d8;7500;INTARIAN_PEPPER_ROOT;11461;18;11459;17;;;11469;12;11473;22;;;11465.0;0.0
yf_ADM_d8;7600;ASH_COATED_OSMIUM;9902;12;9899;21;;;9908;13;9912;26;;;9905.0;0.0
yf_ADM_d8;7600;INTARIAN_PEPPER_ROOT;11461;15;11459;23;;;11467;15;11469;17;;;11464.0;0.0
yf_ADM_d8;7700;ASH_COATED_OSMIUM;9900;5;9898;22;;;9910;9;9912;19;;;9905.0;0.0
yf_ADM_d8;7700;INTARIAN_PEPPER_ROOT;11459;20;11457;34;;;11469;20;11471;26;;;11464.0;0.0
yf_ADM_d8;7800;ASH_COATED_OSMIUM;9881;6;9877;26;;;9928;21;9931;21;;;9904.5;0.0
yf_ADM_d8;7800;INTARIAN_PEPPER_ROOT;11460;13;11456;27;;;11466;14;11470;24;;;11463.0;0.0
yf_ADM_d8;7900;ASH_COATED_OSMIUM;9901;21;9899;16;;;9909;26;9911;8;;;9905.0;0.0
yf_ADM_d8;7900;INTARIAN_PEPPER_ROOT;11455;13;11453;13;;;11472;20;11474;15;;;11463.5;0.0
yf_ADM_d8;8000;ASH_COATED_OSMIUM;9902;16;9899;19;;;9908;16;9912;19;;;9905.0;0.0
yf_ADM_d8;8000;INTARIAN_PEPPER_ROOT;11460;11;11456;25;;;11466;15;11469;23;;;11463.0;0.0
yf_ADM_d8;8100;ASH_COATED_OSMIUM;9902;12;9900;17;;;9908;12;9910;28;;;9905.0;0.0
yf_ADM_d8;8100;INTARIAN_PEPPER_ROOT;11460;13;11458;21;;;11466;16;11468;19;;;11463.0;0.0
yf_ADM_d8;8200;ASH_COATED_OSMIUM;9902;11;9899;31;;;9908;11;9911;22;;;9905.0;0.0
yf_ADM_d8;8200;INTARIAN_PEPPER_ROOT;11450;21;11448;12;;;11475;14;11477;21;;;11462.5;0.0
yf_ADM_d8;8300;ASH_COATED_OSMIUM;9898;16;9895;27;;;9911;17;9914;13;;;9904.5;0.0
yf_ADM_d8;8300;INTARIAN_PEPPER_ROOT;11459;13;11456;22;;;11465;6;11468;22;;;11462.0;0.0
yf_ADM_d8;8400;ASH_COATED_OSMIUM;9902;16;9900;15;;;9908;23;9910;26;;;9905.0;0.0
yf_ADM_d8;8400;INTARIAN_PEPPER_ROOT;11459;6;11457;24;;;11465;7;11468;29;;;11462.0;0.0
yf_ADM_d8;8500;ASH_COATED_OSMIUM;9891;19;9887;17;;;9918;15;9922;21;;;9904.5;0.0
yf_ADM_d8;8500;INTARIAN_PEPPER_ROOT;11458;10;11454;25;;;11464;11;11466;25;;;11461.0;0.0
yf_ADM_d8;8600;ASH_COATED_OSMIUM;9901;12;9898;19;;;9907;12;9910;17;;;9904.0;0.0
yf_ADM_d8;8600;INTARIAN_PEPPER_ROOT;11455;5;11452;26;;;11466;19;11468;11;;;11460.5;0.0
yf_ADM_d8;8700;ASH_COATED_OSMIUM;9901;20;9897;10;;;9907;14;9910;26;;;9904.0;0.0
yf_ADM_d8;8700;INTARIAN_PEPPER_ROOT;11457;5;11453;15;;;11465;15;11469;17;;;11461.0;0.0
yf_ADM_d8;8800;ASH_COATED_OSMIUM;9901;19;9897;11;;;9908;18;9912;21;;;9904.5;0.0
yf_ADM_d8;8800;INTARIAN_PEPPER_ROOT;11443;10;11441;27;;;11478;10;11481;22;;;11460.5;0.0
yf_ADM_d8;8900;ASH_COATED_OSMIUM;9902;8;9899;10;;;9908;21;9911;15;;;9905.0;0.0
yf_ADM_d8;8900;INTARIAN_PEPPER_ROOT;11457;20;11453;13;;;11463;22;11466;19;;;11460.0;0.0
yf_ADM_d8;9000;ASH_COATED_OSMIUM;9902;10;9898;33;;;9908;17;9910;16;;;9905.0;0.0
yf_ADM_d8;9000;INTARIAN_PEPPER_ROOT;11457;10;11454;24;;;11463;22;11466;17;;;11460.0;0.0
yf_ADM_d8;9100;ASH_COATED_OSMIUM;9883;17;9881;23;;;9926;15;9929;25;;;9904.5;0.0
yf_ADM_d8;9100;INTARIAN_PEPPER_ROOT;11453;24;11449;26;;;11466;20;11469;11;;;11459.5;0.0
yf_ADM_d8;9200;ASH_COATED_OSMIUM;9900;15;9897;8;;;9909;22;9913;15;;;9904.5;0.0
yf_ADM_d8;9200;INTARIAN_PEPPER_ROOT;11454;24;11451;10;;;11463;9;11467;32;;;11458.5;0.0
yf_ADM_d8;9300;ASH_COATED_OSMIUM;9899;11;9896;19;;;9910;13;9912;22;;;9904.5;0.0
yf_ADM_d8;9300;INTARIAN_PEPPER_ROOT;11456;17;11454;19;;;11462;5;11466;20;;;11459.0;0.0
yf_ADM_d8;9400;ASH_COATED_OSMIUM;9902;14;9898;20;;;9908;13;9910;16;;;9905.0;0.0
yf_ADM_d8;9400;INTARIAN_PEPPER_ROOT;11449;13;11445;22;;;11468;15;11471;24;;;11458.5;0.0
yf_ADM_d8;9500;ASH_COATED_OSMIUM;9901;10;9897;18;;;9908;26;9911;27;;;9904.5;0.0
yf_ADM_d8;9500;INTARIAN_PEPPER_ROOT;11455;17;11453;26;;;11462;12;11466;19;;;11458.5;0.0
yf_ADM_d8;9600;ASH_COATED_OSMIUM;9902;14;9899;23;;;9908;21;9912;17;;;9905.0;0.0
yf_ADM_d8;9600;INTARIAN_PEPPER_ROOT;11455;16;11453;21;;;11461;16;11465;30;;;11458.0;0.0
yf_ADM_d8;9700;ASH_COATED_OSMIUM;9902;9;9898;16;;;9908;18;9912;17;;;9905.0;0.0
yf_ADM_d8;9700;INTARIAN_PEPPER_ROOT;11454;18;11452;15;;;11460;13;11464;19;;;11457.0;0.0
yf_ADM_d8;9800;ASH_COATED_OSMIUM;9902;12;9900;18;;;9908;20;9912;27;;;9905.0;0.0
yf_ADM_d8;9800;INTARIAN_PEPPER_ROOT;11454;28;11450;17;;;11460;17;11462;8;;;11457.0;0.0
yf_ADM_d8;9900;ASH_COATED_OSMIUM;9890;13;9886;17;;;9919;16;9922;21;;;9904.5;0.0
yf_ADM_d8;9900;INTARIAN_PEPPER_ROOT;11454;5;11452;24;;;11460;9;11462;21;;;11457.0;0.0
yf_ADM_d8;10000;ASH_COATED_OSMIUM;9902;18;9899;22;;;9908;10;9912;17;;;9905.0;0.0
yf_ADM_d8;10000;INTARIAN_PEPPER_ROOT;11453;14;11449;19;;;11459;5;11462;21;;;11456.0;0.0
yf_ADM_d8;10100;ASH_COATED_OSMIUM;9898;21;9894;12;;;9910;19;9912;22;;;9904.0;0.0
yf_ADM_d8;10100;INTARIAN_PEPPER_ROOT;11453;15;11451;23;;;11459;17;11463;32;;;11456.0;0.0
yf_ADM_d8;10200;ASH_COATED_OSMIUM;9890;15;9886;34;;;9919;18;9923;16;;;9904.5;0.0
yf_ADM_d8;10200;INTARIAN_PEPPER_ROOT;11438;7;11434;20;;;11474;9;11478;15;;;11456.0;0.0
yf_ADM_d8;10300;ASH_COATED_OSMIUM;9901;8;9898;23;;;9907;16;9910;22;;;9904.0;0.0
yf_ADM_d8;10300;INTARIAN_PEPPER_ROOT;11452;19;11450;21;;;11459;16;11461;9;;;11455.5;0.0
yf_ADM_d8;10400;ASH_COATED_OSMIUM;9902;21;9899;15;;;9908;14;9911;20;;;9905.0;0.0
yf_ADM_d8;10400;INTARIAN_PEPPER_ROOT;11450;10;11446;14;;;11460;21;11463;22;;;11455.0;0.0
yf_ADM_d8;10500;ASH_COATED_OSMIUM;9902;15;9898;8;;;9908;13;9910;24;;;9905.0;0.0
yf_ADM_d8;10500;INTARIAN_PEPPER_ROOT;11452;11;11449;22;;;11458;13;11462;19;;;11455.0;0.0
yf_ADM_d8;10600;ASH_COATED_OSMIUM;9895;9;9891;13;;;9915;17;9919;18;;;9905.0;0.0
yf_ADM_d8;10600;INTARIAN_PEPPER_ROOT;11451;7;11448;9;;;11457;19;11459;19;;;11454.0;0.0
yf_ADM_d8;10700;ASH_COATED_OSMIUM;9901;21;9898;29;;;9907;15;9910;14;;;9904.0;0.0
yf_ADM_d8;10700;INTARIAN_PEPPER_ROOT;11447;16;11444;24;;;11461;6;11464;15;;;11454.0;0.0
yf_ADM_d8;10800;ASH_COATED_OSMIUM;9902;26;9899;18;;;9908;18;9910;21;;;9905.0;0.0
yf_ADM_d8;10800;INTARIAN_PEPPER_ROOT;11451;8;11448;18;;;11457;9;11459;26;;;11454.0;0.0
yf_ADM_d8;10900;ASH_COATED_OSMIUM;9901;16;9897;20;;;9907;11;9909;20;;;9904.0;0.0
yf_ADM_d8;10900;INTARIAN_PEPPER_ROOT;11450;17;11448;24;;;11459;15;11461;30;;;11454.5;0.0
yf_ADM_d8;11000;ASH_COATED_OSMIUM;9902;11;9898;25;;;9908;12;9910;16;;;9905.0;0.0
yf_ADM_d8;11000;INTARIAN_PEPPER_ROOT;11450;17;11446;16;;;11456;21;11459;14;;;11453.0;0.0
yf_ADM_d8;11100;ASH_COATED_OSMIUM;9899;22;9896;18;;;9909;8;9912;22;;;9904.0;0.0
yf_ADM_d8;11100;INTARIAN_PEPPER_ROOT;11449;19;11446;19;;;11455;13;11459;20;;;11452.0;0.0
yf_ADM_d8;11200;ASH_COATED_OSMIUM;9902;21;9898;14;;;9908;9;9911;22;;;9905.0;0.0
yf_ADM_d8;11200;INTARIAN_PEPPER_ROOT;11448;15;11444;22;;;11456;11;11460;25;;;11452.0;0.0
yf_ADM_d8;11300;ASH_COATED_OSMIUM;9901;18;9898;21;;;9907;10;9910;24;;;9904.0;0.0
yf_ADM_d8;11300;INTARIAN_PEPPER_ROOT;11438;12;11434;16;;;11465;12;11469;8;;;11451.5;0.0
yf_ADM_d8;11400;ASH_COATED_OSMIUM;9900;14;9897;24;;;9909;12;9913;15;;;9904.5;0.0
yf_ADM_d8;11400;INTARIAN_PEPPER_ROOT;11449;16;11445;25;;;11455;10;11459;27;;;11452.0;0.0
yf_ADM_d8;11500;ASH_COATED_OSMIUM;9901;7;9897;18;;;9909;20;9911;20;;;9905.0;0.0
yf_ADM_d8;11500;INTARIAN_PEPPER_ROOT;11448;18;11444;21;;;11454;25;11458;8;;;11451.0;0.0
yf_ADM_d8;11600;ASH_COATED_OSMIUM;9901;13;9899;24;;;9907;11;9910;18;;;9904.0;0.0
yf_ADM_d8;11600;INTARIAN_PEPPER_ROOT;11448;10;11446;25;;;11454;17;11456;21;;;11451.0;0.0
yf_ADM_d8;11700;ASH_COATED_OSMIUM;9896;13;9892;22;;;9912;19;9916;14;;;9904.0;0.0
yf_ADM_d8;11700;INTARIAN_PEPPER_ROOT;11443;5;11439;14;;;11460;10;11463;24;;;11451.5;0.0
yf_ADM_d8;11800;ASH_COATED_OSMIUM;9901;16;9899;35;;;9907;15;9909;15;;;9904.0;0.0
yf_ADM_d8;11800;INTARIAN_PEPPER_ROOT;11447;14;11444;15;;;11453;16;11456;16;;;11450.0;0.0
yf_ADM_d8;11900;ASH_COATED_OSMIUM;9901;5;9898;21;;;9907;17;9911;24;;;9904.0;0.0
yf_ADM_d8;11900;INTARIAN_PEPPER_ROOT;11447;15;11445;26;;;11453;30;11457;17;;;11450.0;0.0
yf_ADM_d8;12000;ASH_COATED_OSMIUM;9901;18;9899;18;;;9908;11;9911;17;;;9904.5;0.0
yf_ADM_d8;12000;INTARIAN_PEPPER_ROOT;11447;8;11443;20;;;11453;9;11455;22;;;11450.0;0.0
yf_ADM_d8;12100;ASH_COATED_OSMIUM;9898;20;9894;25;;;9910;14;9914;17;;;9904.0;0.0
yf_ADM_d8;12100;INTARIAN_PEPPER_ROOT;11446;13;11443;24;;;11452;15;11456;20;;;11449.0;0.0
yf_ADM_d8;12200;ASH_COATED_OSMIUM;9894;24;9890;22;;;9914;22;9916;18;;;9904.0;0.0
yf_ADM_d8;12200;INTARIAN_PEPPER_ROOT;11442;21;11438;25;;;11455;16;11459;9;;;11448.5;0.0
yf_ADM_d8;12300;ASH_COATED_OSMIUM;9902;15;9899;21;;;9908;22;9911;14;;;9905.0;0.0
yf_ADM_d8;12300;INTARIAN_PEPPER_ROOT;11446;14;11442;18;;;11452;13;11455;16;;;11449.0;0.0
yf_ADM_d8;12400;ASH_COATED_OSMIUM;9901;19;9897;17;;;9907;8;9911;25;;;9904.0;0.0
yf_ADM_d8;12400;INTARIAN_PEPPER_ROOT;11446;22;11443;16;;;11452;8;11455;20;;;11449.0;0.0
yf_ADM_d8;12500;ASH_COATED_OSMIUM;9887;9;9884;21;;;9921;12;9925;18;;;9904.0;0.0
yf_ADM_d8;12500;INTARIAN_PEPPER_ROOT;11445;9;11443;16;;;11451;9;11455;21;;;11448.0;0.0
yf_ADM_d8;12600;ASH_COATED_OSMIUM;9902;16;9898;19;;;9908;13;9911;19;;;9905.0;0.0
yf_ADM_d8;12600;INTARIAN_PEPPER_ROOT;11437;5;11434;27;;;11458;15;11462;22;;;11447.5;0.0
yf_ADM_d8;12700;ASH_COATED_OSMIUM;9898;16;9894;16;;;9911;14;9914;12;;;9904.5;0.0
yf_ADM_d8;12700;INTARIAN_PEPPER_ROOT;11445;10;11441;21;;;11451;23;11454;15;;;11448.0;0.0
yf_ADM_d8;12800;ASH_COATED_OSMIUM;9899;21;9896;22;;;9909;11;9912;24;;;9904.0;0.0
yf_ADM_d8;12800;INTARIAN_PEPPER_ROOT;11434;6;11430;16;;;11461;14;11465;19;;;11447.5;0.0
yf_ADM_d8;12900;ASH_COATED_OSMIUM;9902;15;9898;20;;;9908;18;9911;23;;;9905.0;0.0
yf_ADM_d8;12900;INTARIAN_PEPPER_ROOT;11415;15;11411;17;;;11478;18;11482;21;;;11446.5;0.0
yf_ADM_d8;13000;ASH_COATED_OSMIUM;9893;15;9891;15;;;9916;7;9920;23;;;9904.5;0.0
yf_ADM_d8;13000;INTARIAN_PEPPER_ROOT;11444;12;11440;14;;;11450;15;11453;17;;;11447.0;0.0
yf_ADM_d8;13100;ASH_COATED_OSMIUM;9901;13;9899;27;;;9907;7;9909;27;;;9904.0;0.0
yf_ADM_d8;13100;INTARIAN_PEPPER_ROOT;11444;5;11442;8;;;11450;9;11454;21;;;11447.0;0.0
yf_ADM_d8;13200;ASH_COATED_OSMIUM;9901;15;9898;23;;;9907;17;9911;24;;;9904.0;0.0
yf_ADM_d8;13200;INTARIAN_PEPPER_ROOT;11443;15;11441;17;;;11449;16;11451;25;;;11446.0;0.0
yf_ADM_d8;13300;ASH_COATED_OSMIUM;9901;9;9898;21;;;9909;11;9912;15;;;9905.0;0.0
yf_ADM_d8;13300;INTARIAN_PEPPER_ROOT;11441;20;11437;19;;;11451;23;11455;25;;;11446.0;0.0
yf_ADM_d8;13400;ASH_COATED_OSMIUM;9902;16;9900;26;;;9908;5;9911;10;;;9905.0;0.0
yf_ADM_d8;13400;INTARIAN_PEPPER_ROOT;11442;16;11439;19;;;11448;24;11450;18;;;11445.0;0.0
yf_ADM_d8;13500;ASH_COATED_OSMIUM;9901;7;9897;24;;;9909;10;9911;14;;;9905.0;0.0
yf_ADM_d8;13500;INTARIAN_PEPPER_ROOT;11434;11;11432;18;;;11454;13;11458;18;;;11444.0;0.0
yf_ADM_d8;13600;ASH_COATED_OSMIUM;9899;9;9895;26;;;9908;21;9910;24;;;9903.5;0.0
yf_ADM_d8;13600;INTARIAN_PEPPER_ROOT;11441;5;11439;21;;;11447;22;11449;24;;;11444.0;0.0
yf_ADM_d8;13700;ASH_COATED_OSMIUM;9892;16;9888;19;;;9915;16;9919;24;;;9903.5;0.0
yf_ADM_d8;13700;INTARIAN_PEPPER_ROOT;11440;5;11436;14;;;11449;5;11452;19;;;11444.5;0.0
yf_ADM_d8;13800;ASH_COATED_OSMIUM;9901;17;9898;11;;;9907;11;9910;22;;;9904.0;0.0
yf_ADM_d8;13800;INTARIAN_PEPPER_ROOT;11440;15;11436;27;;;11446;9;11449;16;;;11443.0;0.0
yf_ADM_d8;13900;ASH_COATED_OSMIUM;9881;20;9879;27;;;9927;8;9931;19;;;9904.0;0.0
yf_ADM_d8;13900;INTARIAN_PEPPER_ROOT;11440;20;11437;18;;;11448;22;11452;17;;;11444.0;0.0
yf_ADM_d8;14000;ASH_COATED_OSMIUM;9901;17;9898;16;;;9907;16;9910;15;;;9904.0;0.0
yf_ADM_d8;14000;INTARIAN_PEPPER_ROOT;11440;22;11436;21;;;11446;19;11448;15;;;11443.0;0.0
yf_ADM_d8;14100;ASH_COATED_OSMIUM;9897;12;9894;17;;;9913;17;9917;22;;;9905.0;0.0
yf_ADM_d8;14100;INTARIAN_PEPPER_ROOT;11440;5;11438;24;;;11446;16;11448;16;;;11443.0;0.0
yf_ADM_d8;14200;ASH_COATED_OSMIUM;9897;5;9895;29;;;9912;14;9915;22;;;9904.5;0.0
yf_ADM_d8;14200;INTARIAN_PEPPER_ROOT;11433;11;11431;20;;;11451;15;11455;14;;;11442.0;0.0
yf_ADM_d8;14300;ASH_COATED_OSMIUM;9901;15;9897;11;;;9907;11;9910;25;;;9904.0;0.0
yf_ADM_d8;14300;INTARIAN_PEPPER_ROOT;11428;21;11426;16;;;11456;17;11459;14;;;11442.0;0.0
yf_ADM_d8;14400;ASH_COATED_OSMIUM;9901;11;9897;23;;;9907;25;9910;24;;;9904.0;0.0
yf_ADM_d8;14400;INTARIAN_PEPPER_ROOT;11434;7;11430;9;;;11449;19;11451;15;;;11441.5;0.0
yf_ADM_d8;14500;ASH_COATED_OSMIUM;9901;7;9899;8;;;9907;15;9909;21;;;9904.0;0.0
yf_ADM_d8;14500;INTARIAN_PEPPER_ROOT;11435;18;11431;17;;;11448;17;11451;18;;;11441.5;0.0
yf_ADM_d8;14600;ASH_COATED_OSMIUM;9901;16;9899;21;;;9907;15;9911;21;;;9904.0;0.0
yf_ADM_d8;14600;INTARIAN_PEPPER_ROOT;11437;19;11433;17;;;11445;11;11447;22;;;11441.0;0.0
yf_ADM_d8;14700;ASH_COATED_OSMIUM;9898;15;9895;17;;;9911;16;9914;15;;;9904.5;0.0
yf_ADM_d8;14700;INTARIAN_PEPPER_ROOT;11432;15;11430;20;;;11450;6;11453;15;;;11441.0;0.0
yf_ADM_d8;14800;ASH_COATED_OSMIUM;9901;12;9897;20;;;9907;12;9910;18;;;9904.0;0.0
yf_ADM_d8;14800;INTARIAN_PEPPER_ROOT;11434;20;11430;17;;;11448;14;11452;23;;;11441.0;0.0
yf_ADM_d8;14900;ASH_COATED_OSMIUM;9902;20;9898;23;;;9908;19;9911;16;;;9905.0;0.0
yf_ADM_d8;14900;INTARIAN_PEPPER_ROOT;11437;17;11435;22;;;11443;5;11447;19;;;11440.0;0.0
yf_ADM_d8;15000;ASH_COATED_OSMIUM;9899;16;9896;8;;;9908;5;9910;12;;;9903.5;0.0
yf_ADM_d8;15000;INTARIAN_PEPPER_ROOT;11437;20;11434;13;;;11443;13;11446;22;;;11440.0;0.0
yf_ADM_d8;15100;ASH_COATED_OSMIUM;9902;11;9898;21;;;9908;12;9912;11;;;9905.0;0.0
yf_ADM_d8;15100;INTARIAN_PEPPER_ROOT;11436;10;11434;12;;;11443;17;11447;14;;;11439.5;0.0
yf_ADM_d8;15200;ASH_COATED_OSMIUM;9900;14;9898;13;;;9908;15;9912;20;;;9904.0;0.0
yf_ADM_d8;15200;INTARIAN_PEPPER_ROOT;11437;12;11433;20;;;11443;14;11447;22;;;11440.0;0.0
yf_ADM_d8;15300;ASH_COATED_OSMIUM;9897;22;9893;27;;;9911;10;9913;20;;;9904.0;0.0
yf_ADM_d8;15300;INTARIAN_PEPPER_ROOT;11431;19;11427;8;;;11446;13;11450;15;;;11438.5;0.0
yf_ADM_d8;15400;ASH_COATED_OSMIUM;9899;23;9895;17;;;9909;15;9911;14;;;9904.0;0.0
yf_ADM_d8;15400;INTARIAN_PEPPER_ROOT;11436;17;11433;25;;;11442;10;11446;23;;;11439.0;0.0
yf_ADM_d8;15500;ASH_COATED_OSMIUM;9892;13;9890;22;;;9917;20;9921;16;;;9904.5;0.0
yf_ADM_d8;15500;INTARIAN_PEPPER_ROOT;11435;14;11431;20;;;11441;11;11445;18;;;11438.0;0.0
yf_ADM_d8;15600;ASH_COATED_OSMIUM;9901;16;9897;21;;;9907;5;9911;18;;;9904.0;0.0
yf_ADM_d8;15600;INTARIAN_PEPPER_ROOT;11430;15;11426;16;;;11443;14;11447;25;;;11436.5;0.0
yf_ADM_d8;15700;ASH_COATED_OSMIUM;9900;20;9896;14;;;9909;10;9913;24;;;9904.5;0.0
yf_ADM_d8;15700;INTARIAN_PEPPER_ROOT;11434;23;11430;16;;;11440;22;11444;17;;;11437.0;0.0
yf_ADM_d8;15800;ASH_COATED_OSMIUM;9901;19;9898;25;;;9907;7;9910;17;;;9904.0;0.0
yf_ADM_d8;15800;INTARIAN_PEPPER_ROOT;11434;28;11432;23;;;11440;15;11444;17;;;11437.0;0.0
yf_ADM_d8;15900;ASH_COATED_OSMIUM;9901;15;9897;17;;;9907;14;9911;13;;;9904.0;0.0
yf_ADM_d8;15900;INTARIAN_PEPPER_ROOT;11434;7;11432;8;;;11440;19;11443;14;;;11437.0;0.0
yf_ADM_d8;16000;ASH_COATED_OSMIUM;9889;13;9886;24;;;9921;5;9923;11;;;9905.0;0.0
yf_ADM_d8;16000;INTARIAN_PEPPER_ROOT;11434;17;11430;32;;;11440;17;11443;27;;;11437.0;0.0
yf_ADM_d8;16100;ASH_COATED_OSMIUM;9902;19;9899;19;;;9908;10;9910;17;;;9905.0;0.0
yf_ADM_d8;16100;INTARIAN_PEPPER_ROOT;11432;17;11429;19;;;11440;13;11442;13;;;11436.0;0.0
yf_ADM_d8;16200;ASH_COATED_OSMIUM;9899;15;9897;20;;;9908;9;9912;21;;;9903.5;0.0
yf_ADM_d8;16200;INTARIAN_PEPPER_ROOT;11433;21;11430;23;;;11439;14;11441;23;;;11436.0;0.0
yf_ADM_d8;16300;ASH_COATED_OSMIUM;9901;20;9899;16;;;9907;11;9909;13;;;9904.0;0.0
yf_ADM_d8;16300;INTARIAN_PEPPER_ROOT;11433;28;11429;26;;;11439;19;11443;24;;;11436.0;0.0
yf_ADM_d8;16400;ASH_COATED_OSMIUM;9901;11;9899;23;;;9907;15;9910;14;;;9904.0;0.0
yf_ADM_d8;16400;INTARIAN_PEPPER_ROOT;11432;23;11430;19;;;11438;22;11442;19;;;11435.0;0.0
yf_ADM_d8;16500;ASH_COATED_OSMIUM;9889;18;9886;10;;;9919;7;9923;18;;;9904.0;0.0
yf_ADM_d8;16500;INTARIAN_PEPPER_ROOT;11428;18;11426;19;;;11442;24;11444;20;;;11435.0;0.0
yf_ADM_d8;16600;ASH_COATED_OSMIUM;9896;12;9893;9;;;9911;11;9913;21;;;9903.5;0.0
yf_ADM_d8;16600;INTARIAN_PEPPER_ROOT;11427;15;11425;24;;;11443;19;11446;24;;;11435.0;0.0
yf_ADM_d8;16700;ASH_COATED_OSMIUM;9897;15;9894;22;;;9910;10;9913;17;;;9903.5;0.0
yf_ADM_d8;16700;INTARIAN_PEPPER_ROOT;11431;17;11428;25;;;11438;29;11441;17;;;11434.5;0.0
yf_ADM_d8;16800;ASH_COATED_OSMIUM;9901;20;9897;20;;;9907;12;9909;18;;;9904.0;0.0
yf_ADM_d8;16800;INTARIAN_PEPPER_ROOT;11429;21;11425;12;;;11438;7;11441;21;;;11433.5;0.0
yf_ADM_d8;16900;ASH_COATED_OSMIUM;9901;16;9897;21;;;9907;6;9909;24;;;9904.0;0.0
yf_ADM_d8;16900;INTARIAN_PEPPER_ROOT;11431;18;11428;26;;;11437;21;11439;15;;;11434.0;0.0
yf_ADM_d8;17000;ASH_COATED_OSMIUM;9901;16;9897;18;;;9907;10;9909;19;;;9904.0;0.0
yf_ADM_d8;17000;INTARIAN_PEPPER_ROOT;11430;14;11428;34;;;11436;16;11440;19;;;11433.0;0.0
yf_ADM_d8;17100;ASH_COATED_OSMIUM;9896;11;9893;24;;;9912;9;9916;21;;;9904.0;0.0
yf_ADM_d8;17100;INTARIAN_PEPPER_ROOT;11417;12;11415;24;;;11447;15;11450;20;;;11432.0;0.0
yf_ADM_d8;17200;ASH_COATED_OSMIUM;9901;5;9899;20;;;9907;18;9910;15;;;9904.0;0.0
yf_ADM_d8;17200;INTARIAN_PEPPER_ROOT;11430;18;11426;19;;;11436;20;11439;14;;;11433.0;0.0
yf_ADM_d8;17300;ASH_COATED_OSMIUM;9901;11;9898;18;;;9907;5;9910;18;;;9904.0;0.0
yf_ADM_d8;17300;INTARIAN_PEPPER_ROOT;11428;26;11425;22;;;11434;16;11438;25;;;11431.0;0.0
yf_ADM_d8;17400;ASH_COATED_OSMIUM;9900;14;9897;15;;;9908;9;9911;14;;;9904.0;0.0
yf_ADM_d8;17400;INTARIAN_PEPPER_ROOT;11428;24;11424;18;;;11434;13;11436;23;;;11431.0;0.0
yf_ADM_d8;17500;ASH_COATED_OSMIUM;9901;23;9899;20;;;9907;18;9909;20;;;9904.0;0.0
yf_ADM_d8;17500;INTARIAN_PEPPER_ROOT;11428;12;11425;17;;;11434;8;11438;20;;;11431.0;0.0
yf_ADM_d8;17600;ASH_COATED_OSMIUM;9901;19;9899;18;;;9907;18;9909;19;;;9904.0;0.0
yf_ADM_d8;17600;INTARIAN_PEPPER_ROOT;11426;7;11422;17;;;11433;8;11437;11;;;11429.5;0.0
yf_ADM_d8;17700;ASH_COATED_OSMIUM;9901;13;9898;8;;;9907;10;9911;19;;;9904.0;0.0
yf_ADM_d8;17700;INTARIAN_PEPPER_ROOT;11419;24;11417;19;;;11440;10;11444;21;;;11429.5;0.0
yf_ADM_d8;17800;ASH_COATED_OSMIUM;9901;24;9899;19;;;9907;17;9909;24;;;9904.0;0.0
yf_ADM_d8;17800;INTARIAN_PEPPER_ROOT;11426;13;11424;26;;;11432;12;11435;15;;;11429.0;0.0
yf_ADM_d8;17900;ASH_COATED_OSMIUM;9901;6;9899;20;;;9907;12;9910;25;;;9904.0;0.0
yf_ADM_d8;17900;INTARIAN_PEPPER_ROOT;11425;15;11421;15;;;11431;21;11434;9;;;11428.0;0.0
yf_ADM_d8;18000;ASH_COATED_OSMIUM;9901;9;9899;22;;;9907;11;9911;21;;;9904.0;0.0
yf_ADM_d8;18000;INTARIAN_PEPPER_ROOT;11422;18;11419;29;;;11433;12;11436;19;;;11427.5;0.0
yf_ADM_d8;18100;ASH_COATED_OSMIUM;9901;19;9897;15;;;9907;16;9909;22;;;9904.0;0.0
yf_ADM_d8;18100;INTARIAN_PEPPER_ROOT;11422;8;11420;24;;;11433;13;11436;15;;;11427.5;0.0
yf_ADM_d8;18200;ASH_COATED_OSMIUM;9899;12;9896;8;;;9909;8;9913;26;;;9904.0;0.0
yf_ADM_d8;18200;INTARIAN_PEPPER_ROOT;11423;5;11421;19;;;11429;19;11433;24;;;11426.0;0.0
yf_ADM_d8;18300;ASH_COATED_OSMIUM;9902;11;9899;22;;;9908;19;9911;13;;;9905.0;0.0
yf_ADM_d8;18300;INTARIAN_PEPPER_ROOT;11421;19;11419;12;;;11431;20;11433;17;;;11426.0;0.0
yf_ADM_d8;18400;ASH_COATED_OSMIUM;9901;17;9899;21;;;9907;19;9910;14;;;9904.0;0.0
yf_ADM_d8;18400;INTARIAN_PEPPER_ROOT;11422;11;11419;21;;;11428;8;11430;33;;;11425.0;0.0
yf_ADM_d8;18500;ASH_COATED_OSMIUM;9901;16;9897;17;;;9907;19;9910;26;;;9904.0;0.0
yf_ADM_d8;18500;INTARIAN_PEPPER_ROOT;11419;22;11415;14;;;11430;16;11434;17;;;11424.5;0.0
yf_ADM_d8;18600;ASH_COATED_OSMIUM;9899;22;9896;20;;;9910;9;9912;24;;;9904.5;0.0
yf_ADM_d8;18600;INTARIAN_PEPPER_ROOT;11421;18;11418;29;;;11427;13;11431;18;;;11424.0;0.0
yf_ADM_d8;18700;ASH_COATED_OSMIUM;9901;26;9897;15;;;9907;9;9909;19;;;9904.0;0.0
yf_ADM_d8;18700;INTARIAN_PEPPER_ROOT;11421;17;11417;17;;;11427;7;11430;25;;;11424.0;0.0
yf_ADM_d8;18800;ASH_COATED_OSMIUM;9899;9;9897;27;;;9910;15;9914;17;;;9904.5;0.0
yf_ADM_d8;18800;INTARIAN_PEPPER_ROOT;11419;14;11415;18;;;11426;13;11430;22;;;11422.5;0.0
yf_ADM_d8;18900;ASH_COATED_OSMIUM;9889;7;9887;32;;;9919;17;9922;24;;;9904.0;0.0
yf_ADM_d8;18900;INTARIAN_PEPPER_ROOT;11420;17;11417;29;;;11426;18;11430;20;;;11423.0;0.0
yf_ADM_d8;19000;ASH_COATED_OSMIUM;9901;15;9897;21;;;9908;16;9911;23;;;9904.5;0.0
yf_ADM_d8;19000;INTARIAN_PEPPER_ROOT;11409;22;11407;21;;;11437;24;11440;30;;;11423.0;0.0
yf_ADM_d8;19100;ASH_COATED_OSMIUM;9901;13;9897;24;;;9907;15;9911;23;;;9904.0;0.0
yf_ADM_d8;19100;INTARIAN_PEPPER_ROOT;11418;12;11415;10;;;11424;23;11428;11;;;11421.0;0.0
yf_ADM_d8;19200;ASH_COATED_OSMIUM;9901;17;9899;27;;;9907;18;9909;21;;;9904.0;0.0
yf_ADM_d8;19200;INTARIAN_PEPPER_ROOT;11418;14;11416;14;;;11424;19;11427;18;;;11421.0;0.0
yf_ADM_d8;19300;ASH_COATED_OSMIUM;9901;11;9899;26;;;9907;18;9909;9;;;9904.0;0.0
yf_ADM_d8;19300;INTARIAN_PEPPER_ROOT;11406;18;11404;11;;;11435;15;11439;14;;;11420.5;0.0
yf_ADM_d8;19400;ASH_COATED_OSMIUM;9901;16;9898;10;;;9907;16;9909;10;;;9904.0;0.0
yf_ADM_d8;19400;INTARIAN_PEPPER_ROOT;11417;16;11415;19;;;11424;21;11428;19;;;11420.5;0.0
yf_ADM_d8;19500;ASH_COATED_OSMIUM;9901;11;9897;21;;;9907;18;9910;8;;;9904.0;0.0
yf_ADM_d8;19500;INTARIAN_PEPPER_ROOT;11413;19;11410;26;;;11427;12;11430;15;;;11420.0;0.0
yf_ADM_d8;19600;ASH_COATED_OSMIUM;9901;25;9898;20;;;9907;14;9909;21;;;9904.0;0.0
yf_ADM_d8;19600;INTARIAN_PEPPER_ROOT;11416;20;11413;25;;;11422;11;11424;23;;;11419.0;0.0
yf_ADM_d8;19700;ASH_COATED_OSMIUM;9901;5;9898;18;;;9907;21;9910;15;;;9904.0;0.0
yf_ADM_d8;19700;INTARIAN_PEPPER_ROOT;11415;18;11412;25;;;11421;12;11425;18;;;11418.0;0.0
yf_ADM_d8;19800;ASH_COATED_OSMIUM;9901;6;9898;20;;;9907;19;9911;11;;;9904.0;0.0
yf_ADM_d8;19800;INTARIAN_PEPPER_ROOT;11411;11;11409;23;;;11425;16;11429;23;;;11418.0;0.0
yf_ADM_d8;19900;ASH_COATED_OSMIUM;9902;25;9899;21;;;9908;8;9912;17;;;9905.0;0.0
yf_ADM_d8;19900;INTARIAN_PEPPER_ROOT;11414;21;11412;22;;;11420;21;11422;17;;;11417.0;0.0
yf_ADM_d8;20000;ASH_COATED_OSMIUM;9901;14;9897;25;;;9908;21;9912;24;;;9904.5;0.0
yf_ADM_d8;20000;INTARIAN_PEPPER_ROOT;11413;17;11411;17;;;11420;9;11424;21;;;11416.5;0.0
yf_ADM_d8;20100;ASH_COATED_OSMIUM;9901;12;9899;17;;;9907;15;9911;18;;;9904.0;0.0
yf_ADM_d8;20100;INTARIAN_PEPPER_ROOT;11413;15;11410;19;;;11419;14;11422;22;;;11416.0;0.0
yf_ADM_d8;20200;ASH_COATED_OSMIUM;9901;7;9897;16;;;9907;19;9910;16;;;9904.0;0.0
yf_ADM_d8;20200;INTARIAN_PEPPER_ROOT;11412;16;11409;18;;;11418;20;11420;21;;;11415.0;0.0
yf_ADM_d8;20300;ASH_COATED_OSMIUM;9902;19;9898;15;;;9908;21;9912;21;;;9905.0;0.0
yf_ADM_d8;20300;INTARIAN_PEPPER_ROOT;11412;9;11410;18;;;11418;19;11421;25;;;11415.0;0.0
yf_ADM_d8;20400;ASH_COATED_OSMIUM;9901;12;9899;19;;;9907;22;9909;24;;;9904.0;0.0
yf_ADM_d8;20400;INTARIAN_PEPPER_ROOT;11411;22;11407;31;;;11418;11;11422;20;;;11414.5;0.0
yf_ADM_d8;20500;ASH_COATED_OSMIUM;9901;13;9897;20;;;9907;15;9911;24;;;9904.0;0.0
yf_ADM_d8;20500;INTARIAN_PEPPER_ROOT;11410;16;11406;22;;;11418;10;11421;20;;;11414.0;0.0
yf_ADM_d8;20600;ASH_COATED_OSMIUM;9899;21;9897;17;;;9909;8;9912;16;;;9904.0;0.0
yf_ADM_d8;20600;INTARIAN_PEPPER_ROOT;11410;14;11407;14;;;11416;16;11420;21;;;11413.0;0.0
yf_ADM_d8;20700;ASH_COATED_OSMIUM;9899;22;9895;22;;;9910;12;9912;21;;;9904.5;0.0
yf_ADM_d8;20700;INTARIAN_PEPPER_ROOT;11410;22;11408;8;;;11417;19;11421;35;;;11413.5;0.0
yf_ADM_d8;20800;ASH_COATED_OSMIUM;9902;11;9900;15;;;9908;13;9911;20;;;9905.0;0.0
yf_ADM_d8;20800;INTARIAN_PEPPER_ROOT;11410;14;11407;24;;;11416;16;11420;15;;;11413.0;0.0
yf_ADM_d8;20900;ASH_COATED_OSMIUM;9901;18;9899;20;;;9907;16;9910;20;;;9904.0;0.0
yf_ADM_d8;20900;INTARIAN_PEPPER_ROOT;11409;20;11407;22;;;11415;10;11418;16;;;11412.0;0.0
yf_ADM_d8;21000;ASH_COATED_OSMIUM;9900;6;9896;14;;;9909;15;9911;14;;;9904.5;0.0
yf_ADM_d8;21000;INTARIAN_PEPPER_ROOT;11409;8;11405;20;;;11415;7;11419;14;;;11412.0;0.0
yf_ADM_d8;21100;ASH_COATED_OSMIUM;9901;6;9897;14;;;9907;18;9909;25;;;9904.0;0.0
yf_ADM_d8;21100;INTARIAN_PEPPER_ROOT;11408;6;11406;23;;;11414;16;11417;19;;;11411.0;0.0
yf_ADM_d8;21200;ASH_COATED_OSMIUM;9896;10;9893;28;;;9911;11;9914;14;;;9903.5;0.0
yf_ADM_d8;21200;INTARIAN_PEPPER_ROOT;11407;21;11405;18;;;11413;16;11416;28;;;11410.0;0.0
yf_ADM_d8;21300;ASH_COATED_OSMIUM;9901;23;9897;25;;;9907;14;9910;23;;;9904.0;0.0
yf_ADM_d8;21300;INTARIAN_PEPPER_ROOT;11406;22;11404;18;;;11412;7;11416;21;;;11409.0;0.0
yf_ADM_d8;21400;ASH_COATED_OSMIUM;9901;9;9897;14;;;9907;9;9911;21;;;9904.0;0.0
yf_ADM_d8;21400;INTARIAN_PEPPER_ROOT;11406;11;11403;15;;;11412;19;11416;29;;;11409.0;0.0
yf_ADM_d8;21500;ASH_COATED_OSMIUM;9901;13;9898;17;;;9907;16;9910;17;;;9904.0;0.0
yf_ADM_d8;21500;INTARIAN_PEPPER_ROOT;11406;9;11403;13;;;11412;8;11415;21;;;11409.0;0.0
yf_ADM_d8;21600;ASH_COATED_OSMIUM;9902;15;9899;26;;;9908;8;9910;16;;;9905.0;0.0
yf_ADM_d8;21600;INTARIAN_PEPPER_ROOT;11402;15;11400;18;;;11414;20;11418;19;;;11408.0;0.0
yf_ADM_d8;21700;ASH_COATED_OSMIUM;9901;15;9899;12;;;9907;18;9910;30;;;9904.0;0.0
yf_ADM_d8;21700;INTARIAN_PEPPER_ROOT;11404;19;11402;22;;;11410;10;11413;25;;;11407.0;0.0
yf_ADM_d8;21800;ASH_COATED_OSMIUM;9901;21;9897;23;;;9907;20;9911;17;;;9904.0;0.0
yf_ADM_d8;21800;INTARIAN_PEPPER_ROOT;11402;6;11400;16;;;11412;19;11415;19;;;11407.0;0.0
yf_ADM_d8;21900;ASH_COATED_OSMIUM;9902;14;9898;19;;;9908;11;9912;26;;;9905.0;0.0
yf_ADM_d8;21900;INTARIAN_PEPPER_ROOT;11403;9;11401;22;;;11409;21;11413;20;;;11406.0;0.0
yf_ADM_d8;22000;ASH_COATED_OSMIUM;9901;15;9897;17;;;9907;17;9911;15;;;9904.0;0.0
yf_ADM_d8;22000;INTARIAN_PEPPER_ROOT;11397;11;11393;22;;;11415;15;11419;26;;;11406.0;0.0
yf_ADM_d8;22100;ASH_COATED_OSMIUM;9901;17;9898;21;;;9907;5;9910;14;;;9904.0;0.0
yf_ADM_d8;22100;INTARIAN_PEPPER_ROOT;11402;8;11398;25;;;11409;13;11412;17;;;11405.5;0.0
yf_ADM_d8;22200;ASH_COATED_OSMIUM;9901;20;9899;14;;;9907;5;9909;11;;;9904.0;0.0
yf_ADM_d8;22200;INTARIAN_PEPPER_ROOT;11399;16;11397;20;;;11410;14;11414;15;;;11404.5;0.0
yf_ADM_d8;22300;ASH_COATED_OSMIUM;9898;7;9895;18;;;9912;5;9914;19;;;9905.0;0.0
yf_ADM_d8;22300;INTARIAN_PEPPER_ROOT;11397;15;11394;13;;;11412;14;11415;25;;;11404.5;0.0
yf_ADM_d8;22400;ASH_COATED_OSMIUM;9901;11;9897;21;;;9907;12;9910;22;;;9904.0;0.0
yf_ADM_d8;22400;INTARIAN_PEPPER_ROOT;11401;21;11399;28;;;11407;21;11411;25;;;11404.0;0.0
yf_ADM_d8;22500;ASH_COATED_OSMIUM;9900;14;9898;18;;;9910;12;9913;21;;;9905.0;0.0
yf_ADM_d8;22500;INTARIAN_PEPPER_ROOT;11400;16;11396;18;;;11406;13;11409;22;;;11403.0;0.0
yf_ADM_d8;22600;ASH_COATED_OSMIUM;9901;5;9897;23;;;9907;11;9910;23;;;9904.0;0.0
yf_ADM_d8;22600;INTARIAN_PEPPER_ROOT;11400;7;11397;15;;;11406;14;11408;18;;;11403.0;0.0
yf_ADM_d8;22700;ASH_COATED_OSMIUM;9901;17;9897;22;;;9907;5;9909;12;;;9904.0;0.0
yf_ADM_d8;22700;INTARIAN_PEPPER_ROOT;11399;5;11397;18;;;11406;17;11410;21;;;11402.5;0.0
yf_ADM_d8;22800;ASH_COATED_OSMIUM;9901;28;9898;11;;;9907;19;9911;23;;;9904.0;0.0
yf_ADM_d8;22800;INTARIAN_PEPPER_ROOT;11398;6;11396;16;;;11404;13;11407;10;;;11401.0;0.0
yf_ADM_d8;22900;ASH_COATED_OSMIUM;9901;14;9897;10;;;9907;12;9910;28;;;9904.0;0.0
yf_ADM_d8;22900;INTARIAN_PEPPER_ROOT;11397;14;11393;24;;;11404;17;11406;23;;;11400.5;0.0
yf_ADM_d8;23000;ASH_COATED_OSMIUM;9897;14;9894;15;;;9911;17;9913;19;;;9904.0;0.0
yf_ADM_d8;23000;INTARIAN_PEPPER_ROOT;11392;13;11390;25;;;11410;18;11413;21;;;11401.0;0.0
yf_ADM_d8;23100;ASH_COATED_OSMIUM;9901;16;9899;21;;;9907;15;9910;26;;;9904.0;0.0
yf_ADM_d8;23100;INTARIAN_PEPPER_ROOT;11396;17;11393;23;;;11404;20;11408;19;;;11400.0;0.0
yf_ADM_d8;23200;ASH_COATED_OSMIUM;9898;21;9894;17;;;9912;15;9915;22;;;9905.0;0.0
yf_ADM_d8;23200;INTARIAN_PEPPER_ROOT;11397;19;11395;22;;;11403;18;11407;15;;;11400.0;0.0
yf_ADM_d8;23300;ASH_COATED_OSMIUM;9901;13;9898;25;;;9907;10;9909;19;;;9904.0;0.0
yf_ADM_d8;23300;INTARIAN_PEPPER_ROOT;11376;12;11374;20;;;11420;19;11424;18;;;11398.0;0.0
yf_ADM_d8;23400;ASH_COATED_OSMIUM;9897;5;9895;16;;;9911;8;9914;26;;;9904.0;0.0
yf_ADM_d8;23400;INTARIAN_PEPPER_ROOT;11383;17;11379;19;;;11412;9;11415;22;;;11397.5;0.0
yf_ADM_d8;23500;ASH_COATED_OSMIUM;9894;8;9892;18;;;9914;20;9917;18;;;9904.0;0.0
yf_ADM_d8;23500;INTARIAN_PEPPER_ROOT;11395;18;11392;15;;;11401;12;11404;27;;;11398.0;0.0
yf_ADM_d8;23600;ASH_COATED_OSMIUM;9901;22;9898;22;;;9907;15;9911;18;;;9904.0;0.0
yf_ADM_d8;23600;INTARIAN_PEPPER_ROOT;11386;13;11382;30;;;11408;11;11411;18;;;11397.0;0.0
yf_ADM_d8;23700;ASH_COATED_OSMIUM;9901;21;9897;17;;;9907;12;9909;25;;;9904.0;0.0
yf_ADM_d8;23700;INTARIAN_PEPPER_ROOT;11387;17;11384;15;;;11406;10;11410;28;;;11396.5;0.0
yf_ADM_d8;23800;ASH_COATED_OSMIUM;9902;10;9900;22;;;9908;14;9911;16;;;9905.0;0.0
yf_ADM_d8;23800;INTARIAN_PEPPER_ROOT;11391;7;11388;22;;;11400;17;11403;26;;;11395.5;0.0
yf_ADM_d8;23900;ASH_COATED_OSMIUM;9900;13;9897;22;;;9909;15;9911;18;;;9904.5;0.0
yf_ADM_d8;23900;INTARIAN_PEPPER_ROOT;11389;11;11387;19;;;11401;12;11404;28;;;11395.0;0.0
yf_ADM_d8;24000;ASH_COATED_OSMIUM;9901;17;9899;24;;;9907;15;9911;18;;;9904.0;0.0
yf_ADM_d8;24000;INTARIAN_PEPPER_ROOT;11392;22;11389;8;;;11398;23;11400;19;;;11395.0;0.0
yf_ADM_d8;24100;ASH_COATED_OSMIUM;9901;15;9897;26;;;9907;15;9909;24;;;9904.0;0.0
yf_ADM_d8;24100;INTARIAN_PEPPER_ROOT;11392;8;11389;20;;;11398;15;11402;18;;;11395.0;0.0
yf_ADM_d8;24200;ASH_COATED_OSMIUM;9901;16;9897;21;;;9907;15;9910;14;;;9904.0;0.0
yf_ADM_d8;24200;INTARIAN_PEPPER_ROOT;11385;13;11382;20;;;11403;13;11406;8;;;11394.0;0.0
yf_ADM_d8;24300;ASH_COATED_OSMIUM;9902;16;9899;32;;;9908;21;9912;24;;;9905.0;0.0
yf_ADM_d8;24300;INTARIAN_PEPPER_ROOT;11389;19;11385;16;;;11397;18;11399;14;;;11393.0;0.0
yf_ADM_d8;24400;ASH_COATED_OSMIUM;9901;17;9897;19;;;9907;16;9911;21;;;9904.0;0.0
yf_ADM_d8;24400;INTARIAN_PEPPER_ROOT;11386;11;11383;21;;;11399;11;11402;20;;;11392.5;0.0
yf_ADM_d8;24500;ASH_COATED_OSMIUM;9900;19;9896;23;;;9908;19;9912;20;;;9904.0;0.0
yf_ADM_d8;24500;INTARIAN_PEPPER_ROOT;11389;18;11386;21;;;11396;14;11400;22;;;11392.5;0.0
yf_ADM_d8;24600;ASH_COATED_OSMIUM;9901;13;9898;14;;;9907;11;9909;23;;;9904.0;0.0
yf_ADM_d8;24600;INTARIAN_PEPPER_ROOT;11388;15;11385;12;;;11396;11;11399;20;;;11392.0;0.0
yf_ADM_d8;24700;ASH_COATED_OSMIUM;9899;12;9896;21;;;9908;10;9910;22;;;9903.5;0.0
yf_ADM_d8;24700;INTARIAN_PEPPER_ROOT;11387;14;11384;21;;;11396;19;11398;8;;;11391.5;0.0
yf_ADM_d8;24800;ASH_COATED_OSMIUM;9902;11;9898;16;;;9908;7;9912;23;;;9905.0;0.0
yf_ADM_d8;24800;INTARIAN_PEPPER_ROOT;11381;14;11378;25;;;11401;13;11404;18;;;11391.0;0.0
yf_ADM_d8;24900;ASH_COATED_OSMIUM;9901;7;9897;8;;;9907;10;9909;14;;;9904.0;0.0
yf_ADM_d8;24900;INTARIAN_PEPPER_ROOT;11387;8;11384;22;;;11393;11;11396;15;;;11390.0;0.0
yf_ADM_d8;25000;ASH_COATED_OSMIUM;9901;19;9898;22;;;9907;13;9910;33;;;9904.0;0.0
yf_ADM_d8;25000;INTARIAN_PEPPER_ROOT;11387;15;11384;14;;;11393;22;11395;14;;;11390.0;0.0
yf_ADM_d8;25100;ASH_COATED_OSMIUM;9901;9;9898;22;;;9907;16;9909;22;;;9904.0;0.0
yf_ADM_d8;25100;INTARIAN_PEPPER_ROOT;11386;19;11384;20;;;11392;5;11395;23;;;11389.0;0.0
yf_ADM_d8;25200;ASH_COATED_OSMIUM;9900;15;9897;23;;;9910;13;9912;23;;;9905.0;0.0
yf_ADM_d8;25200;INTARIAN_PEPPER_ROOT;11382;10;11378;18;;;11393;5;11396;8;;;11387.5;0.0
yf_ADM_d8;25300;ASH_COATED_OSMIUM;9891;8;9889;18;;;9918;7;9921;21;;;9904.5;0.0
yf_ADM_d8;25300;INTARIAN_PEPPER_ROOT;11377;18;11373;26;;;11398;15;11401;19;;;11387.5;0.0
yf_ADM_d8;25400;ASH_COATED_OSMIUM;9901;5;9898;20;;;9907;9;9910;15;;;9904.0;0.0
yf_ADM_d8;25400;INTARIAN_PEPPER_ROOT;11374;19;11370;18;;;11400;12;11402;18;;;11387.0;0.0
yf_ADM_d8;25500;ASH_COATED_OSMIUM;9895;18;9892;23;;;9913;14;9916;14;;;9904.0;0.0
yf_ADM_d8;25500;INTARIAN_PEPPER_ROOT;11384;18;11382;20;;;11390;9;11392;26;;;11387.0;0.0
yf_ADM_d8;25600;ASH_COATED_OSMIUM;9898;18;9895;28;;;9911;20;9914;22;;;9904.5;0.0
yf_ADM_d8;25600;INTARIAN_PEPPER_ROOT;11383;6;11379;26;;;11389;9;11391;13;;;11386.0;0.0
yf_ADM_d8;25700;ASH_COATED_OSMIUM;9902;15;9900;26;;;9908;13;9911;25;;;9905.0;0.0
yf_ADM_d8;25700;INTARIAN_PEPPER_ROOT;11383;10;11381;23;;;11389;16;11393;9;;;11386.0;0.0
yf_ADM_d8;25800;ASH_COATED_OSMIUM;9900;17;9898;23;;;9909;26;9913;23;;;9904.5;0.0
yf_ADM_d8;25800;INTARIAN_PEPPER_ROOT;11380;12;11376;21;;;11389;17;11393;27;;;11384.5;0.0
yf_ADM_d8;25900;ASH_COATED_OSMIUM;9895;19;9892;16;;;9913;16;9915;23;;;9904.0;0.0
yf_ADM_d8;25900;INTARIAN_PEPPER_ROOT;11382;21;11380;13;;;11388;13;11391;15;;;11385.0;0.0
yf_ADM_d8;26000;ASH_COATED_OSMIUM;9899;12;9896;28;;;9910;5;9913;9;;;9904.5;0.0
yf_ADM_d8;26000;INTARIAN_PEPPER_ROOT;11375;15;11372;24;;;11392;10;11396;17;;;11383.5;0.0
yf_ADM_d8;26100;ASH_COATED_OSMIUM;9902;12;9900;25;;;9908;10;9912;22;;;9905.0;0.0
yf_ADM_d8;26100;INTARIAN_PEPPER_ROOT;11381;14;11379;21;;;11387;21;11389;19;;;11384.0;0.0
yf_ADM_d8;26200;ASH_COATED_OSMIUM;9902;22;9898;18;;;9908;12;9910;18;;;9905.0;0.0
yf_ADM_d8;26200;INTARIAN_PEPPER_ROOT;11380;16;11378;18;;;11387;15;11391;24;;;11383.5;0.0
yf_ADM_d8;26300;ASH_COATED_OSMIUM;9901;18;9897;17;;;9907;21;9909;23;;;9904.0;0.0
yf_ADM_d8;26300;INTARIAN_PEPPER_ROOT;11380;15;11376;22;;;11386;5;11390;26;;;11383.0;0.0
yf_ADM_d8;26400;ASH_COATED_OSMIUM;9902;13;9900;14;;;9908;12;9910;20;;;9905.0;0.0
yf_ADM_d8;26400;INTARIAN_PEPPER_ROOT;11378;13;11376;23;;;11386;12;11390;12;;;11382.0;0.0
yf_ADM_d8;26500;ASH_COATED_OSMIUM;9901;21;9898;23;;;9907;15;9910;24;;;9904.0;0.0
yf_ADM_d8;26500;INTARIAN_PEPPER_ROOT;11377;20;11375;17;;;11386;17;11390;13;;;11381.5;0.0
yf_ADM_d8;26600;ASH_COATED_OSMIUM;9902;21;9900;13;;;9908;9;9911;16;;;9905.0;0.0
yf_ADM_d8;26600;INTARIAN_PEPPER_ROOT;11378;14;11374;27;;;11384;12;11387;18;;;11381.0;0.0
yf_ADM_d8;26700;ASH_COATED_OSMIUM;9901;17;9897;22;;;9907;12;9910;23;;;9904.0;0.0
yf_ADM_d8;26700;INTARIAN_PEPPER_ROOT;11377;9;11373;15;;;11383;19;11386;22;;;11380.0;0.0
yf_ADM_d8;26800;ASH_COATED_OSMIUM;9896;14;9894;28;;;9913;17;9915;21;;;9904.5;0.0
yf_ADM_d8;26800;INTARIAN_PEPPER_ROOT;11377;15;11374;14;;;11383;13;11386;19;;;11380.0;0.0
yf_ADM_d8;26900;ASH_COATED_OSMIUM;9902;27;9899;25;;;9908;8;9910;18;;;9905.0;0.0
yf_ADM_d8;26900;INTARIAN_PEPPER_ROOT;11374;15;11370;20;;;11382;13;11384;20;;;11378.0;0.0
yf_ADM_d8;27000;ASH_COATED_OSMIUM;9902;6;9899;20;;;9908;14;9912;22;;;9905.0;0.0
yf_ADM_d8;27000;INTARIAN_PEPPER_ROOT;11371;18;11367;14;;;11386;11;11388;17;;;11378.5;0.0
yf_ADM_d8;27100;ASH_COATED_OSMIUM;9901;5;9897;25;;;9907;17;9909;14;;;9904.0;0.0
yf_ADM_d8;27100;INTARIAN_PEPPER_ROOT;11373;12;11370;16;;;11383;15;11385;20;;;11378.0;0.0
yf_ADM_d8;27200;ASH_COATED_OSMIUM;9902;15;9898;13;;;9908;9;9912;25;;;9905.0;0.0
yf_ADM_d8;27200;INTARIAN_PEPPER_ROOT;11374;17;11371;23;;;11380;26;11382;25;;;11377.0;0.0
yf_ADM_d8;27300;ASH_COATED_OSMIUM;9902;16;9900;13;;;9908;9;9912;16;;;9905.0;0.0
yf_ADM_d8;27300;INTARIAN_PEPPER_ROOT;11374;13;11371;11;;;11380;10;11382;15;;;11377.0;0.0
yf_ADM_d8;27400;ASH_COATED_OSMIUM;9901;22;9898;20;;;9907;10;9911;16;;;9904.0;0.0
yf_ADM_d8;27400;INTARIAN_PEPPER_ROOT;11374;14;11372;22;;;11380;16;11384;16;;;11377.0;0.0
yf_ADM_d8;27500;ASH_COATED_OSMIUM;9901;19;9898;24;;;9907;16;9911;27;;;9904.0;0.0
yf_ADM_d8;27500;INTARIAN_PEPPER_ROOT;11370;8;11368;19;;;11381;14;11384;18;;;11375.5;0.0
yf_ADM_d8;27600;ASH_COATED_OSMIUM;9902;13;9898;27;;;9908;10;9910;17;;;9905.0;0.0
yf_ADM_d8;27600;INTARIAN_PEPPER_ROOT;11363;13;11360;20;;;11387;21;11391;17;;;11375.0;0.0
yf_ADM_d8;27700;ASH_COATED_OSMIUM;9902;14;9899;22;;;9908;14;9911;22;;;9905.0;0.0
yf_ADM_d8;27700;INTARIAN_PEPPER_ROOT;11371;13;11367;13;;;11379;7;11382;11;;;11375.0;0.0
yf_ADM_d8;27800;ASH_COATED_OSMIUM;9901;9;9898;17;;;9907;15;9910;20;;;9904.0;0.0
yf_ADM_d8;27800;INTARIAN_PEPPER_ROOT;11365;14;11362;15;;;11382;5;11386;17;;;11373.5;0.0
yf_ADM_d8;27900;ASH_COATED_OSMIUM;9902;18;9898;14;;;9908;12;9912;15;;;9905.0;0.0
yf_ADM_d8;27900;INTARIAN_PEPPER_ROOT;11371;5;11367;14;;;11377;20;11380;22;;;11374.0;0.0
yf_ADM_d8;28000;ASH_COATED_OSMIUM;9901;15;9897;23;;;9909;20;9911;16;;;9905.0;0.0
yf_ADM_d8;28000;INTARIAN_PEPPER_ROOT;11362;20;11358;19;;;11385;16;11388;21;;;11373.5;0.0
yf_ADM_d8;28100;ASH_COATED_OSMIUM;9901;20;9899;19;;;9909;6;9911;23;;;9905.0;0.0
yf_ADM_d8;28100;INTARIAN_PEPPER_ROOT;11368;24;11364;29;;;11377;16;11381;16;;;11372.5;0.0
yf_ADM_d8;28200;ASH_COATED_OSMIUM;9902;22;9898;22;;;9908;15;9910;16;;;9905.0;0.0
yf_ADM_d8;28200;INTARIAN_PEPPER_ROOT;11364;13;11360;12;;;11380;14;11382;28;;;11372.0;0.0
yf_ADM_d8;28300;ASH_COATED_OSMIUM;9901;17;9899;22;;;9907;9;9911;16;;;9904.0;0.0
yf_ADM_d8;28300;INTARIAN_PEPPER_ROOT;11368;12;11365;22;;;11374;21;11377;28;;;11371.0;0.0
yf_ADM_d8;28400;ASH_COATED_OSMIUM;9900;21;9898;24;;;9909;16;9912;20;;;9904.5;0.0
yf_ADM_d8;28400;INTARIAN_PEPPER_ROOT;11367;14;11363;23;;;11373;13;11375;23;;;11370.0;0.0
yf_ADM_d8;28500;ASH_COATED_OSMIUM;9901;20;9898;21;;;9907;17;9910;11;;;9904.0;0.0
yf_ADM_d8;28500;INTARIAN_PEPPER_ROOT;11368;28;11365;29;;;11374;16;11377;21;;;11371.0;0.0
yf_ADM_d8;28600;ASH_COATED_OSMIUM;9901;18;9897;21;;;9907;15;9911;23;;;9904.0;0.0
yf_ADM_d8;28600;INTARIAN_PEPPER_ROOT;11361;5;11357;13;;;11378;11;11380;19;;;11369.5;0.0
yf_ADM_d8;28700;ASH_COATED_OSMIUM;9901;22;9898;17;;;9908;9;9912;23;;;9904.5;0.0
yf_ADM_d8;28700;INTARIAN_PEPPER_ROOT;11366;10;11362;18;;;11372;12;11376;32;;;11369.0;0.0
yf_ADM_d8;28800;ASH_COATED_OSMIUM;9900;16;9898;19;;;9908;16;9910;21;;;9904.0;0.0
yf_ADM_d8;28800;INTARIAN_PEPPER_ROOT;11365;19;11363;25;;;11372;10;11374;20;;;11368.5;0.0
yf_ADM_d8;28900;ASH_COATED_OSMIUM;9902;8;9900;19;;;9908;15;9912;19;;;9905.0;0.0
yf_ADM_d8;28900;INTARIAN_PEPPER_ROOT;11365;13;11363;30;;;11371;16;11374;22;;;11368.0;0.0
yf_ADM_d8;29000;ASH_COATED_OSMIUM;9899;18;9895;19;;;9910;14;9913;18;;;9904.5;0.0
yf_ADM_d8;29000;INTARIAN_PEPPER_ROOT;11364;11;11360;10;;;11370;17;11372;26;;;11367.0;0.0
yf_ADM_d8;29100;ASH_COATED_OSMIUM;9902;15;9899;16;;;9908;18;9910;22;;;9905.0;0.0
yf_ADM_d8;29100;INTARIAN_PEPPER_ROOT;11358;16;11354;18;;;11375;23;11379;18;;;11366.5;0.0
yf_ADM_d8;29200;ASH_COATED_OSMIUM;9900;14;9896;22;;;9909;12;9911;25;;;9904.5;0.0
yf_ADM_d8;29200;INTARIAN_PEPPER_ROOT;11352;13;11348;18;;;11380;14;11384;30;;;11366.0;0.0
yf_ADM_d8;29300;ASH_COATED_OSMIUM;9901;17;9899;21;;;9907;10;9911;24;;;9904.0;0.0
yf_ADM_d8;29300;INTARIAN_PEPPER_ROOT;11363;14;11361;24;;;11369;9;11371;22;;;11366.0;0.0
yf_ADM_d8;29400;ASH_COATED_OSMIUM;9900;14;9897;25;;;9910;14;9914;10;;;9905.0;0.0
yf_ADM_d8;29400;INTARIAN_PEPPER_ROOT;11357;21;11355;19;;;11372;16;11375;20;;;11364.5;0.0
yf_ADM_d8;29500;ASH_COATED_OSMIUM;9902;14;9899;18;;;9908;17;9911;25;;;9905.0;0.0
yf_ADM_d8;29500;INTARIAN_PEPPER_ROOT;11357;23;11353;16;;;11371;17;11375;16;;;11364.0;0.0
yf_ADM_d8;29600;ASH_COATED_OSMIUM;9895;12;9891;22;;;9913;17;9916;14;;;9904.0;0.0
yf_ADM_d8;29600;INTARIAN_PEPPER_ROOT;11361;15;11357;17;;;11367;25;11371;29;;;11364.0;0.0
yf_ADM_d8;29700;ASH_COATED_OSMIUM;9901;15;9897;15;;;9907;9;9909;28;;;9904.0;0.0
yf_ADM_d8;29700;INTARIAN_PEPPER_ROOT;11361;23;11358;19;;;11367;12;11370;19;;;11364.0;0.0
yf_ADM_d8;29800;ASH_COATED_OSMIUM;9901;17;9898;19;;;9907;14;9910;13;;;9904.0;0.0
yf_ADM_d8;29800;INTARIAN_PEPPER_ROOT;11360;13;11357;20;;;11366;20;11370;23;;;11363.0;0.0
yf_ADM_d8;29900;ASH_COATED_OSMIUM;9901;14;9897;18;;;9907;22;9910;23;;;9904.0;0.0
yf_ADM_d8;29900;INTARIAN_PEPPER_ROOT;11350;9;11347;15;;;11375;13;11378;20;;;11362.5;0.0
yf_ADM_d8;30000;ASH_COATED_OSMIUM;9902;5;9898;17;;;9908;7;9911;28;;;9905.0;0.0
yf_ADM_d8;30000;INTARIAN_PEPPER_ROOT;11359;7;11357;24;;;11365;14;11369;20;;;11362.0;0.0
yf_ADM_d8;30100;ASH_COATED_OSMIUM;9902;25;9899;10;;;9908;17;9910;21;;;9905.0;0.0
yf_ADM_d8;30100;INTARIAN_PEPPER_ROOT;11359;17;11356;25;;;11365;12;11367;19;;;11362.0;0.0
yf_ADM_d8;30200;ASH_COATED_OSMIUM;9902;12;9899;20;;;9908;8;9910;16;;;9905.0;0.0
yf_ADM_d8;30200;INTARIAN_PEPPER_ROOT;11357;17;11353;16;;;11364;15;11366;15;;;11360.5;0.0
yf_ADM_d8;30300;ASH_COATED_OSMIUM;9902;10;9898;20;;;9908;8;9912;20;;;9905.0;0.0
yf_ADM_d8;30300;INTARIAN_PEPPER_ROOT;11358;20;11354;22;;;11364;17;11368;29;;;11361.0;0.0
yf_ADM_d8;30400;ASH_COATED_OSMIUM;9897;8;9895;23;;;9911;19;9914;24;;;9904.0;0.0
yf_ADM_d8;30400;INTARIAN_PEPPER_ROOT;11355;18;11353;16;;;11364;18;11366;19;;;11359.5;0.0
yf_ADM_d8;30500;ASH_COATED_OSMIUM;9902;18;9900;17;;;9908;11;9912;12;;;9905.0;0.0
yf_ADM_d8;30500;INTARIAN_PEPPER_ROOT;11354;20;11352;15;;;11365;19;11368;20;;;11359.5;0.0
yf_ADM_d8;30600;ASH_COATED_OSMIUM;9899;8;9897;15;;;9911;15;9913;11;;;9905.0;0.0
yf_ADM_d8;30600;INTARIAN_PEPPER_ROOT;11355;18;11352;23;;;11361;22;11364;23;;;11358.0;0.0
yf_ADM_d8;30700;ASH_COATED_OSMIUM;9898;13;9895;15;;;9912;20;9915;17;;;9905.0;0.0
yf_ADM_d8;30700;INTARIAN_PEPPER_ROOT;11356;24;11352;9;;;11362;16;11366;15;;;11359.0;0.0
yf_ADM_d8;30800;ASH_COATED_OSMIUM;9900;10;9896;12;;;9909;15;9911;23;;;9904.5;0.0
yf_ADM_d8;30800;INTARIAN_PEPPER_ROOT;11355;17;11352;21;;;11361;22;11365;25;;;11358.0;0.0
yf_ADM_d8;30900;ASH_COATED_OSMIUM;9897;16;9894;21;;;9912;13;9915;24;;;9904.5;0.0
yf_ADM_d8;30900;INTARIAN_PEPPER_ROOT;11354;18;11350;16;;;11360;11;11362;22;;;11357.0;0.0
yf_ADM_d8;31000;ASH_COATED_OSMIUM;9902;12;9899;31;;;9908;22;9911;28;;;9905.0;0.0
yf_ADM_d8;31000;INTARIAN_PEPPER_ROOT;11351;13;11348;22;;;11361;11;11364;17;;;11356.0;0.0
yf_ADM_d8;31100;ASH_COATED_OSMIUM;9881;16;9878;10;;;9927;6;9929;25;;;9904.0;0.0
yf_ADM_d8;31100;INTARIAN_PEPPER_ROOT;11346;18;11343;18;;;11365;11;11369;20;;;11355.5;0.0
yf_ADM_d8;31200;ASH_COATED_OSMIUM;9896;5;9894;16;;;9914;21;9916;13;;;9905.0;0.0
yf_ADM_d8;31200;INTARIAN_PEPPER_ROOT;11351;24;11348;20;;;11359;13;11361;23;;;11355.0;0.0
yf_ADM_d8;31300;ASH_COATED_OSMIUM;9901;15;9899;16;;;9907;8;9910;15;;;9904.0;0.0
yf_ADM_d8;31300;INTARIAN_PEPPER_ROOT;11347;18;11344;17;;;11363;17;11367;13;;;11355.0;0.0
yf_ADM_d8;31400;ASH_COATED_OSMIUM;9902;17;9898;17;;;9909;18;9913;15;;;9905.5;0.0
yf_ADM_d8;31400;INTARIAN_PEPPER_ROOT;11351;12;11348;17;;;11357;13;11359;11;;;11354.0;0.0
yf_ADM_d8;31500;ASH_COATED_OSMIUM;9902;21;9898;10;;;9908;13;9911;19;;;9905.0;0.0
yf_ADM_d8;31500;INTARIAN_PEPPER_ROOT;11343;17;11340;17;;;11364;12;11367;24;;;11353.5;0.0
yf_ADM_d8;31600;ASH_COATED_OSMIUM;9902;17;9900;27;;;9908;14;9910;24;;;9905.0;0.0
yf_ADM_d8;31600;INTARIAN_PEPPER_ROOT;11350;7;11346;20;;;11356;9;11360;29;;;11353.0;0.0
yf_ADM_d8;31700;ASH_COATED_OSMIUM;9900;17;9896;17;;;9909;9;9911;17;;;9904.5;0.0
yf_ADM_d8;31700;INTARIAN_PEPPER_ROOT;11342;8;11340;32;;;11363;21;11367;26;;;11352.5;0.0
yf_ADM_d8;31800;ASH_COATED_OSMIUM;9901;13;9898;15;;;9907;21;9910;18;;;9904.0;0.0
yf_ADM_d8;31800;INTARIAN_PEPPER_ROOT;11348;11;11346;24;;;11356;22;11359;17;;;11352.0;0.0
yf_ADM_d8;31900;ASH_COATED_OSMIUM;9902;16;9898;21;;;9908;11;9912;19;;;9905.0;0.0
yf_ADM_d8;31900;INTARIAN_PEPPER_ROOT;11349;27;11345;16;;;11355;25;11358;19;;;11352.0;0.0
yf_ADM_d8;32000;ASH_COATED_OSMIUM;9901;15;9898;19;;;9908;10;9912;20;;;9904.5;0.0
yf_ADM_d8;32000;INTARIAN_PEPPER_ROOT;11348;16;11346;28;;;11354;13;11356;16;;;11351.0;0.0
yf_ADM_d8;32100;ASH_COATED_OSMIUM;9902;20;9900;16;;;9908;15;9911;16;;;9905.0;0.0
yf_ADM_d8;32100;INTARIAN_PEPPER_ROOT;11347;16;11343;29;;;11355;15;11357;23;;;11351.0;0.0
yf_ADM_d8;32200;ASH_COATED_OSMIUM;9894;6;9892;25;;;9914;23;9916;22;;;9904.0;0.0
yf_ADM_d8;32200;INTARIAN_PEPPER_ROOT;11344;6;11342;16;;;11356;16;11359;24;;;11350.0;0.0
yf_ADM_d8;32300;ASH_COATED_OSMIUM;9899;21;9895;21;;;9910;22;9912;18;;;9904.5;0.0
yf_ADM_d8;32300;INTARIAN_PEPPER_ROOT;11345;19;11342;19;;;11353;18;11355;30;;;11349.0;0.0
yf_ADM_d8;32400;ASH_COATED_OSMIUM;9902;14;9899;17;;;9908;18;9911;18;;;9905.0;0.0
yf_ADM_d8;32400;INTARIAN_PEPPER_ROOT;11343;17;11340;23;;;11356;20;11360;11;;;11349.5;0.0
yf_ADM_d8;32500;ASH_COATED_OSMIUM;9902;8;9899;15;;;9908;15;9910;23;;;9905.0;0.0
yf_ADM_d8;32500;INTARIAN_PEPPER_ROOT;11342;15;11339;31;;;11355;11;11358;17;;;11348.5;0.0
yf_ADM_d8;32600;ASH_COATED_OSMIUM;9900;14;9898;15;;;9910;16;9914;21;;;9905.0;0.0
yf_ADM_d8;32600;INTARIAN_PEPPER_ROOT;11345;18;11341;11;;;11351;9;11353;15;;;11348.0;0.0
yf_ADM_d8;32700;ASH_COATED_OSMIUM;9902;5;9898;20;;;9908;6;9910;21;;;9905.0;0.0
yf_ADM_d8;32700;INTARIAN_PEPPER_ROOT;11344;23;11341;19;;;11350;23;11353;24;;;11347.0;0.0
yf_ADM_d8;32800;ASH_COATED_OSMIUM;9902;10;9900;8;;;9908;20;9910;21;;;9905.0;0.0
yf_ADM_d8;32800;INTARIAN_PEPPER_ROOT;11341;14;11337;19;;;11353;6;11355;15;;;11347.0;0.0
yf_ADM_d8;32900;ASH_COATED_OSMIUM;9902;13;9899;12;;;9908;12;9910;25;;;9905.0;0.0
yf_ADM_d8;32900;INTARIAN_PEPPER_ROOT;11340;18;11337;20;;;11354;15;11357;25;;;11347.0;0.0
yf_ADM_d8;33000;ASH_COATED_OSMIUM;9902;6;9898;22;;;9908;21;9912;20;;;9905.0;0.0
yf_ADM_d8;33000;INTARIAN_PEPPER_ROOT;11340;8;11336;9;;;11351;11;11355;25;;;11345.5;0.0
yf_ADM_d8;33100;ASH_COATED_OSMIUM;9902;8;9898;13;;;9908;16;9910;22;;;9905.0;0.0
yf_ADM_d8;33100;INTARIAN_PEPPER_ROOT;11342;8;11338;17;;;11348;19;11351;18;;;11345.0;0.0
yf_ADM_d8;33200;ASH_COATED_OSMIUM;9903;9;9899;24;;;9909;11;9912;28;;;9906.0;0.0
yf_ADM_d8;33200;INTARIAN_PEPPER_ROOT;11341;14;11337;19;;;11347;7;11350;19;;;11344.0;0.0
yf_ADM_d8;33300;ASH_COATED_OSMIUM;9902;12;9899;23;;;9908;15;9911;13;;;9905.0;0.0
yf_ADM_d8;33300;INTARIAN_PEPPER_ROOT;11341;14;11338;12;;;11347;11;11349;18;;;11344.0;0.0
yf_ADM_d8;33400;ASH_COATED_OSMIUM;9902;20;9900;12;;;9908;15;9910;23;;;9905.0;0.0
yf_ADM_d8;33400;INTARIAN_PEPPER_ROOT;11341;15;11339;14;;;11347;18;11351;26;;;11344.0;0.0
yf_ADM_d8;33500;ASH_COATED_OSMIUM;9896;7;9893;22;;;9914;20;9918;18;;;9905.0;0.0
yf_ADM_d8;33500;INTARIAN_PEPPER_ROOT;11340;5;11336;21;;;11346;15;11350;17;;;11343.0;0.0
yf_ADM_d8;33600;ASH_COATED_OSMIUM;9899;8;9895;18;;;9911;7;9915;19;;;9905.0;0.0
yf_ADM_d8;33600;INTARIAN_PEPPER_ROOT;11339;6;11335;18;;;11345;13;11348;21;;;11342.0;0.0
yf_ADM_d8;33700;ASH_COATED_OSMIUM;9902;18;9898;15;;;9909;21;9911;24;;;9905.5;0.0
yf_ADM_d8;33700;INTARIAN_PEPPER_ROOT;11339;5;11337;19;;;11345;18;11347;15;;;11342.0;0.0
yf_ADM_d8;33800;ASH_COATED_OSMIUM;9894;23;9891;20;;;9916;15;9918;21;;;9905.0;0.0
yf_ADM_d8;33800;INTARIAN_PEPPER_ROOT;11338;21;11336;21;;;11344;10;11348;20;;;11341.0;0.0
yf_ADM_d8;33900;ASH_COATED_OSMIUM;9902;16;9900;22;;;9908;17;9910;17;;;9905.0;0.0
yf_ADM_d8;33900;INTARIAN_PEPPER_ROOT;11335;12;11331;14;;;11344;23;11347;14;;;11339.5;0.0
yf_ADM_d8;34000;ASH_COATED_OSMIUM;9902;15;9900;20;;;9908;17;9910;27;;;9905.0;0.0
yf_ADM_d8;34000;INTARIAN_PEPPER_ROOT;11331;18;11327;21;;;11337;5;11340;20;;;11334.0;0.0
yf_ADM_d8;34100;ASH_COATED_OSMIUM;9899;14;9897;24;;;9910;16;9912;19;;;9904.5;0.0
yf_ADM_d8;34100;INTARIAN_PEPPER_ROOT;11319;15;11316;16;;;11338;15;11342;16;;;11328.5;0.0
yf_ADM_d8;34200;ASH_COATED_OSMIUM;9903;17;9899;21;;;9909;12;9911;17;;;9906.0;0.0
yf_ADM_d8;34200;INTARIAN_PEPPER_ROOT;11320;23;11318;16;;;11326;14;11330;16;;;11323.0;0.0
yf_ADM_d8;34300;ASH_COATED_OSMIUM;9902;17;9900;19;;;9908;21;9911;18;;;9905.0;0.0
yf_ADM_d8;34300;INTARIAN_PEPPER_ROOT;11314;15;11311;20;;;11320;16;11322;17;;;11317.0;0.0
yf_ADM_d8;34400;ASH_COATED_OSMIUM;9903;11;9900;28;;;9909;12;9913;28;;;9906.0;0.0
yf_ADM_d8;34400;INTARIAN_PEPPER_ROOT;11308;10;11305;19;;;11315;15;11318;19;;;11311.5;0.0
yf_ADM_d8;34500;ASH_COATED_OSMIUM;9898;15;9895;14;;;9912;19;9915;17;;;9905.0;0.0
yf_ADM_d8;34500;INTARIAN_PEPPER_ROOT;11301;17;11297;11;;;11309;14;11311;14;;;11305.0;0.0
yf_ADM_d8;34600;ASH_COATED_OSMIUM;9903;16;9900;17;;;9909;5;9911;16;;;9906.0;0.0
yf_ADM_d8;34600;INTARIAN_PEPPER_ROOT;11297;18;11293;22;;;11303;19;11307;18;;;11300.0;0.0
yf_ADM_d8;34700;ASH_COATED_OSMIUM;9903;23;9900;23;;;9909;18;9913;21;;;9906.0;0.0
yf_ADM_d8;34700;INTARIAN_PEPPER_ROOT;11291;12;11289;17;;;11297;19;11299;18;;;11294.0;0.0
yf_ADM_d8;34800;ASH_COATED_OSMIUM;9898;16;9894;31;;;9914;5;9918;24;;;9906.0;0.0
yf_ADM_d8;34800;INTARIAN_PEPPER_ROOT;11285;11;11283;9;;;11291;16;11293;11;;;11288.0;0.0
yf_ADM_d8;34900;ASH_COATED_OSMIUM;9903;16;9901;24;;;9909;14;9913;19;;;9906.0;0.0
yf_ADM_d8;34900;INTARIAN_PEPPER_ROOT;11279;12;11276;32;;;11287;14;11291;11;;;11283.0;0.0
yf_ADM_d8;35000;ASH_COATED_OSMIUM;9901;18;9899;8;;;9910;27;9912;13;;;9905.5;0.0
yf_ADM_d8;35000;INTARIAN_PEPPER_ROOT;11274;15;11270;17;;;11280;15;11283;17;;;11277.0;0.0
yf_ADM_d8;35100;ASH_COATED_OSMIUM;9896;11;9892;21;;;9916;10;9920;20;;;9906.0;0.0
yf_ADM_d8;35100;INTARIAN_PEPPER_ROOT;11265;13;11262;19;;;11275;11;11279;22;;;11270.0;0.0
yf_ADM_d8;35200;ASH_COATED_OSMIUM;9903;13;9899;19;;;9909;14;9913;14;;;9906.0;0.0
yf_ADM_d8;35200;INTARIAN_PEPPER_ROOT;11260;8;11258;25;;;11270;13;11272;13;;;11265.0;0.0
yf_ADM_d8;35300;ASH_COATED_OSMIUM;9903;11;9900;23;;;9909;22;9911;19;;;9906.0;0.0
yf_ADM_d8;35300;INTARIAN_PEPPER_ROOT;11256;21;11254;20;;;11262;14;11265;8;;;11259.0;0.0
yf_ADM_d8;35400;ASH_COATED_OSMIUM;9901;17;9898;16;;;9911;11;9914;21;;;9906.0;0.0
yf_ADM_d8;35400;INTARIAN_PEPPER_ROOT;11247;21;11244;22;;;11258;16;11261;23;;;11252.5;0.0
yf_ADM_d8;35500;ASH_COATED_OSMIUM;9904;14;9901;19;;;9910;11;9913;8;;;9907.0;0.0
yf_ADM_d8;35500;INTARIAN_PEPPER_ROOT;11244;11;11242;26;;;11250;18;11252;11;;;11247.0;0.0
yf_ADM_d8;35600;ASH_COATED_OSMIUM;9904;20;9900;24;;;9910;5;9912;15;;;9907.0;0.0
yf_ADM_d8;35600;INTARIAN_PEPPER_ROOT;11235;10;11232;28;;;11248;5;11250;23;;;11241.5;0.0
yf_ADM_d8;35700;ASH_COATED_OSMIUM;9904;17;9902;17;;;9910;24;9913;26;;;9907.0;0.0
yf_ADM_d8;35700;INTARIAN_PEPPER_ROOT;11224;12;11221;28;;;11247;15;11250;24;;;11235.5;0.0
yf_ADM_d8;35800;ASH_COATED_OSMIUM;9903;11;9901;21;;;9912;7;9914;26;;;9907.5;0.0
yf_ADM_d8;35800;INTARIAN_PEPPER_ROOT;11217;12;11213;15;;;11243;19;11247;25;;;11230.0;0.0
yf_ADM_d8;35900;ASH_COATED_OSMIUM;9904;25;9901;14;;;9910;18;9914;19;;;9907.0;0.0
yf_ADM_d8;35900;INTARIAN_PEPPER_ROOT;11221;16;11217;17;;;11227;18;11230;14;;;11224.0;0.0
yf_ADM_d8;36000;ASH_COATED_OSMIUM;9904;14;9900;24;;;9910;19;9913;31;;;9907.0;0.0
yf_ADM_d8;36000;INTARIAN_PEPPER_ROOT;11215;6;11213;14;;;11221;11;11225;23;;;11218.0;0.0
yf_ADM_d8;36100;ASH_COATED_OSMIUM;9905;23;9902;21;;;9911;5;9914;17;;;9908.0;0.0
yf_ADM_d8;36100;INTARIAN_PEPPER_ROOT;11209;11;11206;19;;;11215;6;11217;17;;;11212.0;0.0
yf_ADM_d8;36200;ASH_COATED_OSMIUM;9903;9;9901;19;;;9912;16;9914;17;;;9907.5;0.0
yf_ADM_d8;36200;INTARIAN_PEPPER_ROOT;11203;10;11201;18;;;11209;14;11211;16;;;11206.0;0.0
yf_ADM_d8;36300;ASH_COATED_OSMIUM;9904;14;9902;14;;;9912;21;9915;11;;;9908.0;0.0
yf_ADM_d8;36300;INTARIAN_PEPPER_ROOT;11192;12;11189;21;;;11209;25;11211;19;;;11200.5;0.0
yf_ADM_d8;36400;ASH_COATED_OSMIUM;9905;5;9902;16;;;9911;10;9914;25;;;9908.0;0.0
yf_ADM_d8;36400;INTARIAN_PEPPER_ROOT;11185;19;11183;22;;;11204;13;11206;31;;;11194.5;0.0
yf_ADM_d8;36500;ASH_COATED_OSMIUM;9903;15;9899;19;;;9912;22;9916;23;;;9907.5;0.0
yf_ADM_d8;36500;INTARIAN_PEPPER_ROOT;11175;20;11172;20;;;11203;13;11206;16;;;11189.0;0.0
yf_ADM_d8;36600;ASH_COATED_OSMIUM;9903;10;9901;19;;;9912;5;9914;19;;;9907.5;0.0
yf_ADM_d8;36600;INTARIAN_PEPPER_ROOT;11179;11;11177;21;;;11188;18;11191;16;;;11183.5;0.0
yf_ADM_d8;36700;ASH_COATED_OSMIUM;9900;17;9898;21;;;9917;17;9919;25;;;9908.5;0.0
yf_ADM_d8;36700;INTARIAN_PEPPER_ROOT;11174;10;11170;21;;;11180;15;11183;13;;;11177.0;0.0
yf_ADM_d8;36800;ASH_COATED_OSMIUM;9905;17;9903;17;;;9911;10;9915;10;;;9908.0;0.0
yf_ADM_d8;36800;INTARIAN_PEPPER_ROOT;11169;13;11165;19;;;11175;18;11177;23;;;11172.0;0.0
yf_ADM_d8;36900;ASH_COATED_OSMIUM;9905;15;9901;23;;;9911;10;9913;8;;;9908.0;0.0
yf_ADM_d8;36900;INTARIAN_PEPPER_ROOT;11163;6;11159;20;;;11169;17;11173;20;;;11166.0;0.0
yf_ADM_d8;37000;ASH_COATED_OSMIUM;9897;12;9894;18;;;9919;16;9922;28;;;9908.0;0.0
yf_ADM_d8;37000;INTARIAN_PEPPER_ROOT;11156;5;11152;12;;;11163;24;11167;25;;;11159.5;0.0
yf_ADM_d8;37100;ASH_COATED_OSMIUM;9905;10;9902;26;;;9911;12;9913;24;;;9908.0;0.0
yf_ADM_d8;37100;INTARIAN_PEPPER_ROOT;11151;19;11147;18;;;11157;13;11161;20;;;11154.0;0.0
yf_ADM_d8;37200;ASH_COATED_OSMIUM;9906;10;9904;24;;;9912;14;9915;13;;;9909.0;0.0
yf_ADM_d8;37200;INTARIAN_PEPPER_ROOT;11145;10;11142;8;;;11151;15;11155;24;;;11148.0;0.0
yf_ADM_d8;37300;ASH_COATED_OSMIUM;9906;20;9903;12;;;9912;24;9914;18;;;9909.0;0.0
yf_ADM_d8;37300;INTARIAN_PEPPER_ROOT;11139;19;11137;20;;;11145;16;11149;24;;;11142.0;0.0
yf_ADM_d8;37400;ASH_COATED_OSMIUM;9905;17;9903;25;;;9911;5;9915;25;;;9908.0;0.0
yf_ADM_d8;37400;INTARIAN_PEPPER_ROOT;11130;12;11128;13;;;11142;6;11146;16;;;11136.0;0.0
yf_ADM_d8;37500;ASH_COATED_OSMIUM;9906;11;9902;26;;;9912;20;9916;8;;;9909.0;0.0
yf_ADM_d8;37500;INTARIAN_PEPPER_ROOT;11127;13;11125;13;;;11136;15;11140;14;;;11131.5;0.0
yf_ADM_d8;37600;ASH_COATED_OSMIUM;9906;10;9904;16;;;9912;14;9916;19;;;9909.0;0.0
yf_ADM_d8;37600;INTARIAN_PEPPER_ROOT;11122;25;11118;23;;;11128;22;11132;14;;;11125.0;0.0
yf_ADM_d8;37700;ASH_COATED_OSMIUM;9904;14;9901;24;;;9914;5;9917;17;;;9909.0;0.0
yf_ADM_d8;37700;INTARIAN_PEPPER_ROOT;11116;12;11114;26;;;11122;14;11126;26;;;11119.0;0.0
yf_ADM_d8;37800;ASH_COATED_OSMIUM;9896;17;9893;16;;;9922;8;9926;21;;;9909.0;0.0
yf_ADM_d8;37800;INTARIAN_PEPPER_ROOT;11103;5;11099;26;;;11123;11;11126;26;;;11113.0;0.0
yf_ADM_d8;37900;ASH_COATED_OSMIUM;9906;20;9902;16;;;9912;17;9915;18;;;9909.0;0.0
yf_ADM_d8;37900;INTARIAN_PEPPER_ROOT;11092;27;11090;16;;;11122;16;11124;23;;;11107.0;0.0
yf_ADM_d8;38000;ASH_COATED_OSMIUM;9901;16;9899;17;;;9917;19;9921;22;;;9909.0;0.0
yf_ADM_d8;38000;INTARIAN_PEPPER_ROOT;11098;19;11094;19;;;11104;11;11107;23;;;11101.0;0.0
yf_ADM_d8;38100;ASH_COATED_OSMIUM;9907;15;9905;14;;;9913;24;9916;13;;;9910.0;0.0
yf_ADM_d8;38100;INTARIAN_PEPPER_ROOT;11093;11;11089;19;;;11099;13;11102;26;;;11096.0;0.0
yf_ADM_d8;38200;ASH_COATED_OSMIUM;9907;15;9905;15;;;9913;14;9915;22;;;9910.0;0.0
yf_ADM_d8;38200;INTARIAN_PEPPER_ROOT;11087;14;11083;12;;;11093;9;11095;26;;;11090.0;0.0
yf_ADM_d8;38300;ASH_COATED_OSMIUM;9906;10;9902;23;;;9912;12;9916;20;;;9909.0;0.0
yf_ADM_d8;38300;INTARIAN_PEPPER_ROOT;11079;22;11077;17;;;11091;5;11095;18;;;11085.0;0.0
yf_ADM_d8;38400;ASH_COATED_OSMIUM;9907;9;9905;17;;;9913;6;9915;32;;;9910.0;0.0
yf_ADM_d8;38400;INTARIAN_PEPPER_ROOT;11071;8;11068;15;;;11086;12;11089;21;;;11078.5;0.0
yf_ADM_d8;38500;ASH_COATED_OSMIUM;9907;18;9904;21;;;9913;8;9916;17;;;9910.0;0.0
yf_ADM_d8;38500;INTARIAN_PEPPER_ROOT;11069;21;11067;28;;;11075;8;11078;25;;;11072.0;0.0
yf_ADM_d8;38600;ASH_COATED_OSMIUM;9907;12;9904;13;;;9913;9;9915;19;;;9910.0;0.0
yf_ADM_d8;38600;INTARIAN_PEPPER_ROOT;11063;13;11060;20;;;11069;25;11073;15;;;11066.0;0.0
yf_ADM_d8;38700;ASH_COATED_OSMIUM;9906;22;9903;35;;;9913;19;9916;12;;;9909.5;0.0
yf_ADM_d8;38700;INTARIAN_PEPPER_ROOT;11058;16;11055;20;;;11064;22;11067;11;;;11061.0;0.0
yf_ADM_d8;38800;ASH_COATED_OSMIUM;9907;7;9905;23;;;9913;8;9916;17;;;9910.0;0.0
yf_ADM_d8;38800;INTARIAN_PEPPER_ROOT;11041;14;11038;19;;;11071;16;11073;18;;;11056.0;0.0
yf_ADM_d8;38900;ASH_COATED_OSMIUM;9908;11;9904;15;;;9914;15;9917;22;;;9911.0;0.0
yf_ADM_d8;38900;INTARIAN_PEPPER_ROOT;11046;14;11042;16;;;11052;11;11056;16;;;11049.0;0.0
yf_ADM_d8;39000;ASH_COATED_OSMIUM;9908;14;9905;15;;;9914;9;9916;21;;;9911.0;0.0
yf_ADM_d8;39000;INTARIAN_PEPPER_ROOT;11036;16;11032;18;;;11051;12;11053;31;;;11043.5;0.0
yf_ADM_d8;39100;ASH_COATED_OSMIUM;9906;16;9902;17;;;9917;14;9919;21;;;9911.5;0.0
yf_ADM_d8;39100;INTARIAN_PEPPER_ROOT;11034;15;11031;22;;;11040;20;11044;27;;;11037.0;0.0
yf_ADM_d8;39200;ASH_COATED_OSMIUM;9908;19;9906;13;;;9914;8;9916;20;;;9911.0;0.0
yf_ADM_d8;39200;INTARIAN_PEPPER_ROOT;11029;17;11025;22;;;11035;9;11039;23;;;11032.0;0.0
yf_ADM_d8;39300;ASH_COATED_OSMIUM;9901;18;9898;18;;;9920;14;9924;20;;;9910.5;0.0
yf_ADM_d8;39300;INTARIAN_PEPPER_ROOT;11016;13;11014;17;;;11035;13;11039;28;;;11025.5;0.0
yf_ADM_d8;39400;ASH_COATED_OSMIUM;9907;21;9905;16;;;9913;17;9915;13;;;9910.0;0.0
yf_ADM_d8;39400;INTARIAN_PEPPER_ROOT;11017;18;11013;19;;;11023;14;11025;25;;;11020.0;0.0
yf_ADM_d8;39500;ASH_COATED_OSMIUM;9908;21;9905;15;;;9914;8;9917;18;;;9911.0;0.0
yf_ADM_d8;39500;INTARIAN_PEPPER_ROOT;11012;10;11009;20;;;11018;21;11021;24;;;11015.0;0.0
yf_ADM_d8;39600;ASH_COATED_OSMIUM;9908;5;9904;29;;;9914;16;9916;20;;;9911.0;0.0
yf_ADM_d8;39600;INTARIAN_PEPPER_ROOT;11005;18;11002;15;;;11011;10;11014;10;;;11008.0;0.0
yf_ADM_d8;39700;ASH_COATED_OSMIUM;9905;10;9902;12;;;9917;13;9919;22;;;9911.0;0.0
yf_ADM_d8;39700;INTARIAN_PEPPER_ROOT;10994;14;10991;24;;;11012;16;11015;33;;;11003.0;0.0
yf_ADM_d8;39800;ASH_COATED_OSMIUM;9904;8;9900;25;;;9918;14;9920;20;;;9911.0;0.0
yf_ADM_d8;39800;INTARIAN_PEPPER_ROOT;10994;11;10992;15;;;11000;8;11003;20;;;10997.0;0.0
yf_ADM_d8;39900;ASH_COATED_OSMIUM;9909;15;9906;18;;;9915;15;9919;20;;;9912.0;0.0
yf_ADM_d8;39900;INTARIAN_PEPPER_ROOT;10980;16;10976;19;;;11002;17;11004;18;;;10991.0;0.0
yf_ADM_d8;40000;ASH_COATED_OSMIUM;9908;17;9904;21;;;9915;17;9919;28;;;9911.5;0.0
yf_ADM_d8;40000;INTARIAN_PEPPER_ROOT;10982;18;10978;30;;;10988;11;10990;27;;;10985.0;0.0
yf_ADM_d8;40100;ASH_COATED_OSMIUM;9909;16;9906;23;;;9915;12;9918;10;;;9912.0;0.0
yf_ADM_d8;40100;INTARIAN_PEPPER_ROOT;10970;5;10966;21;;;10988;6;10992;11;;;10979.0;0.0
yf_ADM_d8;40200;ASH_COATED_OSMIUM;9909;14;9907;24;;;9915;22;9917;19;;;9912.0;0.0
yf_ADM_d8;40200;INTARIAN_PEPPER_ROOT;10970;10;10967;14;;;10976;12;10978;30;;;10973.0;0.0
yf_ADM_d8;40300;ASH_COATED_OSMIUM;9897;7;9894;18;;;9926;15;9929;24;;;9911.5;0.0
yf_ADM_d8;40300;INTARIAN_PEPPER_ROOT;10933;15;10931;21;;;11002;6;11006;21;;;10967.5;0.0
yf_ADM_d8;40400;ASH_COATED_OSMIUM;9908;12;9904;15;;;9916;10;9920;11;;;9912.0;0.0
yf_ADM_d8;40400;INTARIAN_PEPPER_ROOT;10959;17;10955;22;;;10965;14;10967;24;;;10962.0;0.0
yf_ADM_d8;40500;ASH_COATED_OSMIUM;9909;6;9905;25;;;9915;9;9918;22;;;9912.0;0.0
yf_ADM_d8;40500;INTARIAN_PEPPER_ROOT;10953;20;10951;20;;;10959;9;10961;17;;;10956.0;0.0
yf_ADM_d8;40600;ASH_COATED_OSMIUM;9907;14;9903;14;;;9919;11;9921;19;;;9913.0;0.0
yf_ADM_d8;40600;INTARIAN_PEPPER_ROOT;10940;21;10936;23;;;10961;6;10963;29;;;10950.5;0.0
yf_ADM_d8;40700;ASH_COATED_OSMIUM;9909;20;9905;19;;;9915;7;9919;23;;;9912.0;0.0
yf_ADM_d8;40700;INTARIAN_PEPPER_ROOT;10941;17;10938;17;;;10947;10;10951;22;;;10944.0;0.0
yf_ADM_d8;40800;ASH_COATED_OSMIUM;9908;16;9904;20;;;9918;6;9922;23;;;9913.0;0.0
yf_ADM_d8;40800;INTARIAN_PEPPER_ROOT;10935;5;10931;16;;;10942;14;10945;23;;;10938.5;0.0
yf_ADM_d8;40900;ASH_COATED_OSMIUM;9910;8;9906;27;;;9916;18;9919;13;;;9913.0;0.0
yf_ADM_d8;40900;INTARIAN_PEPPER_ROOT;10930;16;10927;27;;;10936;15;10938;23;;;10933.0;0.0
yf_ADM_d8;41000;ASH_COATED_OSMIUM;9909;21;9906;22;;;9917;23;9919;21;;;9913.0;0.0
yf_ADM_d8;41000;INTARIAN_PEPPER_ROOT;10923;28;10919;17;;;10931;12;10935;20;;;10927.0;0.0
yf_ADM_d8;41100;ASH_COATED_OSMIUM;9904;5;9902;22;;;9922;13;9925;19;;;9913.0;0.0
yf_ADM_d8;41100;INTARIAN_PEPPER_ROOT;10913;13;10909;22;;;10930;22;10933;11;;;10921.5;0.0
yf_ADM_d8;41200;ASH_COATED_OSMIUM;9908;10;9906;20;;;9918;19;9920;13;;;9913.0;0.0
yf_ADM_d8;41200;INTARIAN_PEPPER_ROOT;10912;16;10909;24;;;10918;18;10921;26;;;10915.0;0.0
yf_ADM_d8;41300;ASH_COATED_OSMIUM;9910;18;9908;20;;;9916;18;9918;19;;;9913.0;0.0
yf_ADM_d8;41300;INTARIAN_PEPPER_ROOT;10901;23;10898;19;;;10917;22;10919;21;;;10909.0;0.0
yf_ADM_d8;41400;ASH_COATED_OSMIUM;9910;12;9908;16;;;9916;10;9919;20;;;9913.0;0.0
yf_ADM_d8;41400;INTARIAN_PEPPER_ROOT;10900;9;10896;13;;;10906;21;10909;15;;;10903.0;0.0
yf_ADM_d8;41500;ASH_COATED_OSMIUM;9910;13;9906;25;;;9916;22;9920;14;;;9913.0;0.0
yf_ADM_d8;41500;INTARIAN_PEPPER_ROOT;10888;10;10884;13;;;10909;11;10911;19;;;10898.5;0.0
yf_ADM_d8;41600;ASH_COATED_OSMIUM;9893;8;9890;11;;;9933;16;9936;23;;;9913.0;0.0
yf_ADM_d8;41600;INTARIAN_PEPPER_ROOT;10889;16;10887;30;;;10895;12;10898;12;;;10892.0;0.0
yf_ADM_d8;41700;ASH_COATED_OSMIUM;9911;16;9908;22;;;9917;25;9921;25;;;9914.0;0.0
yf_ADM_d8;41700;INTARIAN_PEPPER_ROOT;10883;10;10880;23;;;10889;18;10893;12;;;10886.0;0.0
yf_ADM_d8;41800;ASH_COATED_OSMIUM;9911;12;9909;22;;;9917;13;9921;15;;;9914.0;0.0
yf_ADM_d8;41800;INTARIAN_PEPPER_ROOT;10877;14;10875;12;;;10883;16;10885;13;;;10880.0;0.0
yf_ADM_d8;41900;ASH_COATED_OSMIUM;9911;19;9909;14;;;9917;24;9919;18;;;9914.0;0.0
yf_ADM_d8;41900;INTARIAN_PEPPER_ROOT;10860;11;10858;30;;;10890;9;10894;22;;;10875.0;0.0
yf_ADM_d8;42000;ASH_COATED_OSMIUM;9910;5;9907;30;;;9916;19;9920;17;;;9913.0;0.0
yf_ADM_d8;42000;INTARIAN_PEPPER_ROOT;10866;10;10864;13;;;10872;12;10876;16;;;10869.0;0.0
yf_ADM_d8;42100;ASH_COATED_OSMIUM;9904;12;9900;21;;;9924;6;9926;16;;;9914.0;0.0
yf_ADM_d8;42100;INTARIAN_PEPPER_ROOT;10856;14;10854;17;;;10870;28;10874;16;;;10863.0;0.0
yf_ADM_d8;42200;ASH_COATED_OSMIUM;9911;10;9907;25;;;9917;13;9920;20;;;9914.0;0.0
yf_ADM_d8;42200;INTARIAN_PEPPER_ROOT;10854;10;10850;23;;;10860;18;10863;29;;;10857.0;0.0
yf_ADM_d8;42300;ASH_COATED_OSMIUM;9911;13;9908;20;;;9917;10;9920;17;;;9914.0;0.0
yf_ADM_d8;42300;INTARIAN_PEPPER_ROOT;10849;17;10846;19;;;10855;11;10859;24;;;10852.0;0.0
yf_ADM_d8;42400;ASH_COATED_OSMIUM;9911;5;9908;20;;;9917;25;9919;20;;;9914.0;0.0
yf_ADM_d8;42400;INTARIAN_PEPPER_ROOT;10843;21;10841;22;;;10849;16;10853;13;;;10846.0;0.0
yf_ADM_d8;42500;ASH_COATED_OSMIUM;9911;17;9909;21;;;9917;13;9919;18;;;9914.0;0.0
yf_ADM_d8;42500;INTARIAN_PEPPER_ROOT;10836;15;10832;24;;;10842;12;10844;22;;;10839.0;0.0
yf_ADM_d8;42600;ASH_COATED_OSMIUM;9912;11;9910;9;;;9918;17;9921;24;;;9915.0;0.0
yf_ADM_d8;42600;INTARIAN_PEPPER_ROOT;10831;17;10829;18;;;10837;16;10839;12;;;10834.0;0.0
yf_ADM_d8;42700;ASH_COATED_OSMIUM;9902;12;9898;21;;;9928;21;9932;23;;;9915.0;0.0
yf_ADM_d8;42700;INTARIAN_PEPPER_ROOT;10823;18;10821;8;;;10833;7;10835;30;;;10828.0;0.0
yf_ADM_d8;42800;ASH_COATED_OSMIUM;9908;19;9904;18;;;9921;11;9924;21;;;9914.5;0.0
yf_ADM_d8;42800;INTARIAN_PEPPER_ROOT;10819;7;10815;16;;;10825;9;10828;19;;;10822.0;0.0
yf_ADM_d8;42900;ASH_COATED_OSMIUM;9912;20;9909;20;;;9918;14;9920;10;;;9915.0;0.0
yf_ADM_d8;42900;INTARIAN_PEPPER_ROOT;10815;15;10811;14;;;10821;8;10824;27;;;10818.0;0.0
yf_ADM_d8;43000;ASH_COATED_OSMIUM;9910;14;9908;24;;;9920;15;9923;16;;;9915.0;0.0
yf_ADM_d8;43000;INTARIAN_PEPPER_ROOT;10808;9;10804;19;;;10814;12;10817;27;;;10811.0;0.0
yf_ADM_d8;43100;ASH_COATED_OSMIUM;9909;18;9905;29;;;9920;10;9923;15;;;9914.5;0.0
yf_ADM_d8;43100;INTARIAN_PEPPER_ROOT;10802;7;10800;22;;;10808;5;10812;17;;;10805.0;0.0
yf_ADM_d8;43200;ASH_COATED_OSMIUM;9912;5;9909;17;;;9918;16;9920;19;;;9915.0;0.0
yf_ADM_d8;43200;INTARIAN_PEPPER_ROOT;10796;16;10794;16;;;10802;21;10805;18;;;10799.0;0.0
yf_ADM_d8;43300;ASH_COATED_OSMIUM;9912;15;9909;14;;;9918;16;9921;22;;;9915.0;0.0
yf_ADM_d8;43300;INTARIAN_PEPPER_ROOT;10785;19;10783;19;;;10802;14;10806;19;;;10793.5;0.0
yf_ADM_d8;43400;ASH_COATED_OSMIUM;9912;5;9910;17;;;9918;21;9921;17;;;9915.0;0.0
yf_ADM_d8;43400;INTARIAN_PEPPER_ROOT;10784;19;10781;11;;;10791;13;10794;14;;;10787.5;0.0
yf_ADM_d8;43500;ASH_COATED_OSMIUM;9912;6;9908;21;;;9918;21;9921;16;;;9915.0;0.0
yf_ADM_d8;43500;INTARIAN_PEPPER_ROOT;10773;11;10771;20;;;10791;16;10795;22;;;10782.0;0.0
yf_ADM_d8;43600;ASH_COATED_OSMIUM;9911;5;9908;19;;;9920;10;9924;22;;;9915.5;0.0
yf_ADM_d8;43600;INTARIAN_PEPPER_ROOT;10769;18;10767;25;;;10783;13;10786;18;;;10776.0;0.0
yf_ADM_d8;43700;ASH_COATED_OSMIUM;9913;16;9909;17;;;9919;17;9922;20;;;9916.0;0.0
yf_ADM_d8;43700;INTARIAN_PEPPER_ROOT;10767;18;10765;22;;;10773;20;10775;21;;;10770.0;0.0
yf_ADM_d8;43800;ASH_COATED_OSMIUM;9913;19;9910;22;;;9919;9;9922;11;;;9916.0;0.0
yf_ADM_d8;43800;INTARIAN_PEPPER_ROOT;10761;15;10759;25;;;10767;18;10769;22;;;10764.0;0.0
yf_ADM_d8;43900;ASH_COATED_OSMIUM;9909;15;9906;15;;;9922;17;9924;15;;;9915.5;0.0
yf_ADM_d8;43900;INTARIAN_PEPPER_ROOT;10756;19;10753;23;;;10762;24;10766;18;;;10759.0;0.0
yf_ADM_d8;44000;ASH_COATED_OSMIUM;9909;17;9906;28;;;9923;6;9925;20;;;9916.0;0.0
yf_ADM_d8;44000;INTARIAN_PEPPER_ROOT;10749;13;10747;15;;;10755;18;10758;10;;;10752.0;0.0
yf_ADM_d8;44100;ASH_COATED_OSMIUM;9913;14;9911;25;;;9919;21;9921;12;;;9916.0;0.0
yf_ADM_d8;44100;INTARIAN_PEPPER_ROOT;10743;12;10740;26;;;10749;13;10753;23;;;10746.0;0.0
yf_ADM_d8;44200;ASH_COATED_OSMIUM;9910;16;9908;16;;;9924;10;9926;8;;;9917.0;0.0
yf_ADM_d8;44200;INTARIAN_PEPPER_ROOT;10738;28;10734;16;;;10744;18;10747;13;;;10741.0;0.0
yf_ADM_d8;44300;ASH_COATED_OSMIUM;9914;8;9912;19;;;9920;6;9924;24;;;9917.0;0.0
yf_ADM_d8;44300;INTARIAN_PEPPER_ROOT;10732;21;10730;30;;;10738;13;10740;25;;;10735.0;0.0
yf_ADM_d8;44400;ASH_COATED_OSMIUM;9913;15;9909;16;;;9919;11;9923;20;;;9916.0;0.0
yf_ADM_d8;44400;INTARIAN_PEPPER_ROOT;10722;12;10720;25;;;10736;12;10738;22;;;10729.0;0.0
yf_ADM_d8;44500;ASH_COATED_OSMIUM;9914;15;9911;13;;;9921;17;9924;13;;;9917.5;0.0
yf_ADM_d8;44500;INTARIAN_PEPPER_ROOT;10720;10;10717;15;;;10726;16;10730;11;;;10723.0;0.0
yf_ADM_d8;44600;ASH_COATED_OSMIUM;9913;15;9911;22;;;9919;8;9923;22;;;9916.0;0.0
yf_ADM_d8;44600;INTARIAN_PEPPER_ROOT;10714;15;10710;22;;;10720;7;10723;16;;;10717.0;0.0
yf_ADM_d8;44700;ASH_COATED_OSMIUM;9914;15;9910;21;;;9920;20;9922;16;;;9917.0;0.0
yf_ADM_d8;44700;INTARIAN_PEPPER_ROOT;10701;22;10698;24;;;10723;13;10725;18;;;10712.0;0.0
yf_ADM_d8;44800;ASH_COATED_OSMIUM;9912;15;9909;10;;;9922;18;9925;20;;;9917.0;0.0
yf_ADM_d8;44800;INTARIAN_PEPPER_ROOT;10703;19;10700;22;;;10709;7;10712;19;;;10706.0;0.0
yf_ADM_d8;44900;ASH_COATED_OSMIUM;9914;18;9912;28;;;9920;7;9923;14;;;9917.0;0.0
yf_ADM_d8;44900;INTARIAN_PEPPER_ROOT;10697;14;10694;16;;;10703;11;10706;26;;;10700.0;0.0
yf_ADM_d8;45000;ASH_COATED_OSMIUM;9914;11;9911;13;;;9920;21;9923;22;;;9917.0;0.0
yf_ADM_d8;45000;INTARIAN_PEPPER_ROOT;10691;13;10689;19;;;10697;19;10699;10;;;10694.0;0.0
yf_ADM_d8;45100;ASH_COATED_OSMIUM;9914;23;9910;23;;;9920;11;9922;21;;;9917.0;0.0
yf_ADM_d8;45100;INTARIAN_PEPPER_ROOT;10685;22;10683;18;;;10691;19;10694;20;;;10688.0;0.0
yf_ADM_d8;45200;ASH_COATED_OSMIUM;9912;17;9908;14;;;9921;12;9923;16;;;9916.5;0.0
yf_ADM_d8;45200;INTARIAN_PEPPER_ROOT;10676;12;10672;27;;;10690;14;10694;19;;;10683.0;0.0
yf_ADM_d8;45300;ASH_COATED_OSMIUM;9914;18;9911;20;;;9920;11;9923;23;;;9917.0;0.0
yf_ADM_d8;45300;INTARIAN_PEPPER_ROOT;10673;18;10670;20;;;10679;16;10683;18;;;10676.0;0.0
yf_ADM_d8;45400;ASH_COATED_OSMIUM;9915;16;9913;14;;;9921;14;9923;23;;;9918.0;0.0
yf_ADM_d8;45400;INTARIAN_PEPPER_ROOT;10651;18;10649;17;;;10691;11;10694;26;;;10671.0;0.0
yf_ADM_d8;45500;ASH_COATED_OSMIUM;9914;16;9911;23;;;9921;6;9924;21;;;9917.5;0.0
yf_ADM_d8;45500;INTARIAN_PEPPER_ROOT;10662;15;10658;22;;;10668;15;10671;18;;;10665.0;0.0
yf_ADM_d8;45600;ASH_COATED_OSMIUM;9915;9;9912;20;;;9921;21;9924;15;;;9918.0;0.0
yf_ADM_d8;45600;INTARIAN_PEPPER_ROOT;10656;15;10652;20;;;10662;15;10665;21;;;10659.0;0.0
yf_ADM_d8;45700;ASH_COATED_OSMIUM;9914;13;9912;22;;;9920;20;9923;21;;;9917.0;0.0
yf_ADM_d8;45700;INTARIAN_PEPPER_ROOT;10649;13;10645;14;;;10657;19;10659;15;;;10653.0;0.0
yf_ADM_d8;45800;ASH_COATED_OSMIUM;9914;10;9910;10;;;9922;17;9925;24;;;9918.0;0.0
yf_ADM_d8;45800;INTARIAN_PEPPER_ROOT;10641;14;10639;19;;;10654;12;10656;19;;;10647.5;0.0
yf_ADM_d8;45900;ASH_COATED_OSMIUM;9916;10;9912;18;;;9922;14;9926;18;;;9919.0;0.0
yf_ADM_d8;45900;INTARIAN_PEPPER_ROOT;10639;10;10636;19;;;10645;16;10649;24;;;10642.0;0.0
yf_ADM_d8;46000;ASH_COATED_OSMIUM;9915;6;9912;22;;;9922;10;9925;15;;;9918.5;0.0
yf_ADM_d8;46000;INTARIAN_PEPPER_ROOT;10630;14;10628;20;;;10641;5;10645;28;;;10635.5;0.0
yf_ADM_d8;46100;ASH_COATED_OSMIUM;9915;26;9911;23;;;9921;10;9923;27;;;9918.0;0.0
yf_ADM_d8;46100;INTARIAN_PEPPER_ROOT;10627;21;10625;14;;;10633;18;10635;17;;;10630.0;0.0
yf_ADM_d8;46200;ASH_COATED_OSMIUM;9915;20;9913;10;;;9921;9;9925;21;;;9918.0;0.0
yf_ADM_d8;46200;INTARIAN_PEPPER_ROOT;10621;24;10618;16;;;10629;14;10633;18;;;10625.0;0.0
yf_ADM_d8;46300;ASH_COATED_OSMIUM;9915;17;9913;25;;;9921;9;9923;14;;;9918.0;0.0
yf_ADM_d8;46300;INTARIAN_PEPPER_ROOT;10616;10;10613;22;;;10623;16;10625;19;;;10619.5;0.0
yf_ADM_d8;46400;ASH_COATED_OSMIUM;9914;14;9911;19;;;9923;15;9925;25;;;9918.5;0.0
yf_ADM_d8;46400;INTARIAN_PEPPER_ROOT;10610;18;10607;23;;;10616;20;10618;17;;;10613.0;0.0
yf_ADM_d8;46500;ASH_COATED_OSMIUM;9912;20;9908;24;;;9924;7;9928;22;;;9918.0;0.0
yf_ADM_d8;46500;INTARIAN_PEPPER_ROOT;10601;9;10599;21;;;10614;10;10617;19;;;10607.5;0.0
yf_ADM_d8;46600;ASH_COATED_OSMIUM;9913;17;9909;10;;;9925;12;9929;21;;;9919.0;0.0
yf_ADM_d8;46600;INTARIAN_PEPPER_ROOT;10596;18;10593;27;;;10606;11;10609;18;;;10601.0;0.0
yf_ADM_d8;46700;ASH_COATED_OSMIUM;9916;10;9912;14;;;9922;16;9925;21;;;9919.0;0.0
yf_ADM_d8;46700;INTARIAN_PEPPER_ROOT;10591;15;10587;22;;;10597;5;10601;15;;;10594.0;0.0
yf_ADM_d8;46800;ASH_COATED_OSMIUM;9916;6;9914;17;;;9922;16;9926;19;;;9919.0;0.0
yf_ADM_d8;46800;INTARIAN_PEPPER_ROOT;10586;17;10583;23;;;10592;10;10596;19;;;10589.0;0.0
yf_ADM_d8;46900;ASH_COATED_OSMIUM;9910;6;9908;21;;;9929;27;9931;26;;;9919.5;0.0
yf_ADM_d8;46900;INTARIAN_PEPPER_ROOT;10573;19;10569;23;;;10594;16;10598;17;;;10583.5;0.0
yf_ADM_d8;47000;ASH_COATED_OSMIUM;9916;18;9914;17;;;9922;10;9925;21;;;9919.0;0.0
yf_ADM_d8;47000;INTARIAN_PEPPER_ROOT;10575;8;10573;15;;;10581;20;10583;16;;;10578.0;0.0
yf_ADM_d8;47100;ASH_COATED_OSMIUM;9916;16;9912;23;;;9922;8;9925;24;;;9919.0;0.0
yf_ADM_d8;47100;INTARIAN_PEPPER_ROOT;10564;17;10561;12;;;10579;17;10583;22;;;10571.5;0.0
yf_ADM_d8;47200;ASH_COATED_OSMIUM;9916;16;9914;17;;;9922;16;9925;10;;;9919.0;0.0
yf_ADM_d8;47200;INTARIAN_PEPPER_ROOT;10561;20;10559;25;;;10572;11;10574;15;;;10566.5;0.0
yf_ADM_d8;47300;ASH_COATED_OSMIUM;9916;10;9912;18;;;9922;19;9924;16;;;9919.0;0.0
yf_ADM_d8;47300;INTARIAN_PEPPER_ROOT;10557;12;10555;29;;;10564;12;10567;21;;;10560.5;0.0
yf_ADM_d8;47400;ASH_COATED_OSMIUM;9917;18;9914;11;;;9923;17;9926;13;;;9920.0;0.0
yf_ADM_d8;47400;INTARIAN_PEPPER_ROOT;10552;17;10548;17;;;10558;10;10561;15;;;10555.0;0.0
yf_ADM_d8;47500;ASH_COATED_OSMIUM;9910;25;9907;16;;;9928;10;9930;12;;;9919.0;0.0
yf_ADM_d8;47500;INTARIAN_PEPPER_ROOT;10545;16;10541;21;;;10551;22;10554;24;;;10548.0;0.0
yf_ADM_d8;47600;ASH_COATED_OSMIUM;9915;13;9912;23;;;9925;21;9928;20;;;9920.0;0.0
yf_ADM_d8;47600;INTARIAN_PEPPER_ROOT;10539;8;10536;15;;;10545;20;10549;22;;;10542.0;0.0
yf_ADM_d8;47700;ASH_COATED_OSMIUM;9907;12;9904;29;;;9933;16;9936;10;;;9920.0;0.0
yf_ADM_d8;47700;INTARIAN_PEPPER_ROOT;10534;19;10530;22;;;10540;13;10543;15;;;10537.0;0.0
yf_ADM_d8;47800;ASH_COATED_OSMIUM;9913;17;9911;25;;;9927;22;9930;15;;;9920.0;0.0
yf_ADM_d8;47800;INTARIAN_PEPPER_ROOT;10528;20;10525;20;;;10534;22;10538;18;;;10531.0;0.0
yf_ADM_d8;47900;ASH_COATED_OSMIUM;9917;16;9914;23;;;9923;8;9927;25;;;9920.0;0.0
yf_ADM_d8;47900;INTARIAN_PEPPER_ROOT;10520;24;10517;23;;;10530;13;10533;18;;;10525.0;0.0
yf_ADM_d8;48000;ASH_COATED_OSMIUM;9913;12;9911;28;;;9929;13;9932;24;;;9921.0;0.0
yf_ADM_d8;48000;INTARIAN_PEPPER_ROOT;10516;18;10513;14;;;10522;16;10526;15;;;10519.0;0.0
yf_ADM_d8;48100;ASH_COATED_OSMIUM;9917;13;9913;22;;;9923;15;9926;23;;;9920.0;0.0
yf_ADM_d8;48100;INTARIAN_PEPPER_ROOT;10510;16;10508;20;;;10518;13;10521;18;;;10514.0;0.0
yf_ADM_d8;48200;ASH_COATED_OSMIUM;9917;23;9914;26;;;9923;14;9926;29;;;9920.0;0.0
yf_ADM_d8;48200;INTARIAN_PEPPER_ROOT;10505;20;10503;23;;;10511;24;10514;17;;;10508.0;0.0
yf_ADM_d8;48300;ASH_COATED_OSMIUM;9911;16;9909;25;;;9931;16;9934;19;;;9921.0;0.0
yf_ADM_d8;48300;INTARIAN_PEPPER_ROOT;10499;17;10496;18;;;10505;15;10509;25;;;10502.0;0.0
yf_ADM_d8;48400;ASH_COATED_OSMIUM;9910;16;9908;20;;;9931;11;9935;25;;;9920.5;0.0
yf_ADM_d8;48400;INTARIAN_PEPPER_ROOT;10492;5;10490;15;;;10498;13;10502;10;;;10495.0;0.0
yf_ADM_d8;48500;ASH_COATED_OSMIUM;9917;14;9913;22;;;9923;7;9925;22;;;9920.0;0.0
yf_ADM_d8;48500;INTARIAN_PEPPER_ROOT;10487;9;10484;18;;;10493;23;10495;14;;;10490.0;0.0
yf_ADM_d8;48600;ASH_COATED_OSMIUM;9917;18;9915;26;;;9923;11;9926;22;;;9920.0;0.0
yf_ADM_d8;48600;INTARIAN_PEPPER_ROOT;10476;7;10472;12;;;10494;15;10498;18;;;10485.0;0.0
yf_ADM_d8;48700;ASH_COATED_OSMIUM;9919;10;9916;20;;;9925;11;9928;19;;;9922.0;0.0
yf_ADM_d8;48700;INTARIAN_PEPPER_ROOT;10464;16;10460;19;;;10493;22;10497;14;;;10478.5;0.0
yf_ADM_d8;48800;ASH_COATED_OSMIUM;9915;15;9913;18;;;9928;12;9930;21;;;9921.5;0.0
yf_ADM_d8;48800;INTARIAN_PEPPER_ROOT;10470;22;10466;24;;;10476;14;10480;26;;;10473.0;0.0
yf_ADM_d8;48900;ASH_COATED_OSMIUM;9918;14;9916;16;;;9924;15;9926;20;;;9921.0;0.0
yf_ADM_d8;48900;INTARIAN_PEPPER_ROOT;10460;13;10458;18;;;10475;5;10477;21;;;10467.5;0.0
yf_ADM_d8;49000;ASH_COATED_OSMIUM;9918;7;9916;20;;;9924;13;9927;12;;;9921.0;0.0
yf_ADM_d8;49000;INTARIAN_PEPPER_ROOT;10458;11;10455;20;;;10464;20;10468;18;;;10461.0;0.0
yf_ADM_d8;49100;ASH_COATED_OSMIUM;9919;15;9915;15;;;9925;5;9927;9;;;9922.0;0.0
yf_ADM_d8;49100;INTARIAN_PEPPER_ROOT;10451;21;10447;14;;;10459;19;10462;17;;;10455.0;0.0
yf_ADM_d8;49200;ASH_COATED_OSMIUM;9919;15;9917;23;;;9925;18;9929;12;;;9922.0;0.0
yf_ADM_d8;49200;INTARIAN_PEPPER_ROOT;10446;18;10442;18;;;10452;16;10455;23;;;10449.0;0.0
yf_ADM_d8;49300;ASH_COATED_OSMIUM;9919;14;9915;11;;;9925;15;9927;25;;;9922.0;0.0
yf_ADM_d8;49300;INTARIAN_PEPPER_ROOT;10429;18;10425;16;;;10459;18;10461;11;;;10444.0;0.0
yf_ADM_d8;49400;ASH_COATED_OSMIUM;9915;17;9912;21;;;9929;5;9931;25;;;9922.0;0.0
yf_ADM_d8;49400;INTARIAN_PEPPER_ROOT;10429;5;10426;23;;;10447;13;10449;22;;;10438.0;0.0
yf_ADM_d8;49500;ASH_COATED_OSMIUM;9909;11;9906;26;;;9936;14;9940;16;;;9922.5;0.0
yf_ADM_d8;49500;INTARIAN_PEPPER_ROOT;10427;17;10424;15;;;10437;16;10439;18;;;10432.0;0.0
yf_ADM_d8;49600;ASH_COATED_OSMIUM;9915;13;9913;19;;;9928;17;9932;18;;;9921.5;0.0
yf_ADM_d8;49600;INTARIAN_PEPPER_ROOT;10423;10;10421;23;;;10429;14;10433;13;;;10426.0;0.0
yf_ADM_d8;49700;ASH_COATED_OSMIUM;9909;11;9907;21;;;9935;19;9937;25;;;9922.0;0.0
yf_ADM_d8;49700;INTARIAN_PEPPER_ROOT;10416;14;10412;17;;;10425;11;10429;22;;;10420.5;0.0
yf_ADM_d8;49800;ASH_COATED_OSMIUM;9919;9;9916;18;;;9925;13;9927;20;;;9922.0;0.0
yf_ADM_d8;49800;INTARIAN_PEPPER_ROOT;10412;21;10410;14;;;10418;19;10420;24;;;10415.0;0.0
yf_ADM_d8;49900;ASH_COATED_OSMIUM;9919;9;9917;22;;;9925;20;9929;17;;;9922.0;0.0
yf_ADM_d8;49900;INTARIAN_PEPPER_ROOT;10406;20;10403;23;;;10412;15;10415;23;;;10409.0;0.0
yf_ADM_d8;50000;ASH_COATED_OSMIUM;9919;17;9916;20;;;9925;21;9927;20;;;9922.0;0.0
yf_ADM_d8;50000;INTARIAN_PEPPER_ROOT;10399;22;10397;19;;;10406;14;10409;23;;;10402.5;0.0
yf_ADM_d8;50100;ASH_COATED_OSMIUM;9920;21;9916;25;;;9926;11;9928;12;;;9923.0;0.0
yf_ADM_d8;50100;INTARIAN_PEPPER_ROOT;10394;21;10391;16;;;10400;14;10402;19;;;10397.0;0.0
yf_ADM_d8;50200;ASH_COATED_OSMIUM;9920;16;9916;17;;;9926;22;9928;23;;;9923.0;0.0
yf_ADM_d8;50200;INTARIAN_PEPPER_ROOT;10388;22;10384;18;;;10394;13;10396;22;;;10391.0;0.0
yf_ADM_d8;50300;ASH_COATED_OSMIUM;9920;7;9916;32;;;9926;16;9929;16;;;9923.0;0.0
yf_ADM_d8;50300;INTARIAN_PEPPER_ROOT;10380;11;10378;11;;;10391;5;10393;17;;;10385.5;0.0
yf_ADM_d8;50400;ASH_COATED_OSMIUM;9920;13;9916;10;;;9926;6;9928;26;;;9923.0;0.0
yf_ADM_d8;50400;INTARIAN_PEPPER_ROOT;10377;14;10375;21;;;10383;12;10385;16;;;10380.0;0.0
yf_ADM_d8;50500;ASH_COATED_OSMIUM;9915;14;9911;19;;;9932;16;9936;29;;;9923.5;0.0
yf_ADM_d8;50500;INTARIAN_PEPPER_ROOT;10371;13;10367;15;;;10377;13;10380;11;;;10374.0;0.0
yf_ADM_d8;50600;ASH_COATED_OSMIUM;9918;19;9916;21;;;9929;10;9933;23;;;9923.5;0.0
yf_ADM_d8;50600;INTARIAN_PEPPER_ROOT;10361;13;10357;14;;;10376;10;10380;16;;;10368.5;0.0
yf_ADM_d8;50700;ASH_COATED_OSMIUM;9920;19;9916;22;;;9926;14;9928;26;;;9923.0;0.0
yf_ADM_d8;50700;INTARIAN_PEPPER_ROOT;10359;13;10355;19;;;10365;10;10369;21;;;10362.0;0.0
yf_ADM_d8;50800;ASH_COATED_OSMIUM;9914;9;9911;14;;;9932;11;9934;14;;;9923.0;0.0
yf_ADM_d8;50800;INTARIAN_PEPPER_ROOT;10347;10;10343;19;;;10366;16;10368;17;;;10356.5;0.0
yf_ADM_d8;50900;ASH_COATED_OSMIUM;9912;14;9908;13;;;9935;10;9938;12;;;9923.5;0.0
yf_ADM_d8;50900;INTARIAN_PEPPER_ROOT;10349;23;10345;12;;;10359;9;10362;24;;;10354.0;0.0
yf_ADM_d8;51000;ASH_COATED_OSMIUM;9921;20;9918;20;;;9927;13;9930;11;;;9924.0;0.0
yf_ADM_d8;51000;INTARIAN_PEPPER_ROOT;10343;17;10339;28;;;10364;9;10368;22;;;10353.5;0.0
yf_ADM_d8;51100;ASH_COATED_OSMIUM;9921;6;9918;13;;;9927;12;9929;17;;;9924.0;0.0
yf_ADM_d8;51100;INTARIAN_PEPPER_ROOT;10350;20;10348;27;;;10356;18;10360;9;;;10353.0;0.0
yf_ADM_d8;51200;ASH_COATED_OSMIUM;9920;16;9918;28;;;9927;21;9929;22;;;9923.5;0.0
yf_ADM_d8;51200;INTARIAN_PEPPER_ROOT;10350;11;10348;19;;;10356;15;10358;29;;;10353.0;0.0
yf_ADM_d8;51300;ASH_COATED_OSMIUM;9920;15;9918;22;;;9927;15;9930;14;;;9923.5;0.0
yf_ADM_d8;51300;INTARIAN_PEPPER_ROOT;10349;21;10346;24;;;10355;12;10359;16;;;10352.0;0.0
yf_ADM_d8;51400;ASH_COATED_OSMIUM;9919;16;9917;17;;;9929;21;9933;28;;;9924.0;0.0
yf_ADM_d8;51400;INTARIAN_PEPPER_ROOT;10348;17;10344;12;;;10354;21;10356;8;;;10351.0;0.0
yf_ADM_d8;51500;ASH_COATED_OSMIUM;9917;16;9914;24;;;9931;15;9933;15;;;9924.0;0.0
yf_ADM_d8;51500;INTARIAN_PEPPER_ROOT;10348;16;10346;19;;;10356;20;10359;16;;;10352.0;0.0
yf_ADM_d8;51600;ASH_COATED_OSMIUM;9921;16;9919;17;;;9927;19;9929;18;;;9924.0;0.0
yf_ADM_d8;51600;INTARIAN_PEPPER_ROOT;10342;20;10339;19;;;10358;16;10360;17;;;10350.0;0.0
yf_ADM_d8;51700;ASH_COATED_OSMIUM;9921;15;9917;15;;;9927;10;9930;19;;;9924.0;0.0
yf_ADM_d8;51700;INTARIAN_PEPPER_ROOT;10347;6;10344;22;;;10353;24;10355;21;;;10350.0;0.0
yf_ADM_d8;51800;ASH_COATED_OSMIUM;9921;18;9918;15;;;9927;20;9930;19;;;9924.0;0.0
yf_ADM_d8;51800;INTARIAN_PEPPER_ROOT;10344;13;10340;21;;;10355;13;10359;35;;;10349.5;0.0
yf_ADM_d8;51900;ASH_COATED_OSMIUM;9921;26;9918;12;;;9927;14;9930;20;;;9924.0;0.0
yf_ADM_d8;51900;INTARIAN_PEPPER_ROOT;10346;8;10344;13;;;10352;10;10355;12;;;10349.0;0.0
yf_ADM_d8;52000;ASH_COATED_OSMIUM;9920;17;9916;29;;;9928;13;9930;22;;;9924.0;0.0
yf_ADM_d8;52000;INTARIAN_PEPPER_ROOT;10346;5;10342;24;;;10352;17;10356;15;;;10349.0;0.0
yf_ADM_d8;52100;ASH_COATED_OSMIUM;9922;12;9918;22;;;9928;13;9931;23;;;9925.0;0.0
yf_ADM_d8;52100;INTARIAN_PEPPER_ROOT;10345;18;10343;18;;;10352;12;10354;17;;;10348.5;0.0
yf_ADM_d8;52200;ASH_COATED_OSMIUM;9919;12;9915;14;;;9930;9;9933;27;;;9924.5;0.0
yf_ADM_d8;52200;INTARIAN_PEPPER_ROOT;10344;12;10341;23;;;10350;14;10353;16;;;10347.0;0.0
yf_ADM_d8;52300;ASH_COATED_OSMIUM;9922;21;9920;16;;;9928;10;9930;12;;;9925.0;0.0
yf_ADM_d8;52300;INTARIAN_PEPPER_ROOT;10344;9;10340;19;;;10350;13;10354;25;;;10347.0;0.0
yf_ADM_d8;52400;ASH_COATED_OSMIUM;9922;10;9918;20;;;9928;11;9930;17;;;9925.0;0.0
yf_ADM_d8;52400;INTARIAN_PEPPER_ROOT;10344;16;10341;22;;;10350;21;10352;26;;;10347.0;0.0
yf_ADM_d8;52500;ASH_COATED_OSMIUM;9921;21;9917;21;;;9927;5;9930;12;;;9924.0;0.0
yf_ADM_d8;52500;INTARIAN_PEPPER_ROOT;10343;5;10339;19;;;10349;10;10352;27;;;10346.0;0.0
yf_ADM_d8;52600;ASH_COATED_OSMIUM;9922;22;9920;11;;;9928;15;9932;25;;;9925.0;0.0
yf_ADM_d8;52600;INTARIAN_PEPPER_ROOT;10341;14;10338;16;;;10351;14;10354;18;;;10346.0;0.0
yf_ADM_d8;52700;ASH_COATED_OSMIUM;9922;13;9920;15;;;9928;7;9932;17;;;9925.0;0.0
yf_ADM_d8;52700;INTARIAN_PEPPER_ROOT;10341;21;10338;18;;;10349;17;10352;20;;;10345.0;0.0
yf_ADM_d8;52800;ASH_COATED_OSMIUM;9922;21;9919;30;;;9928;11;9932;30;;;9925.0;0.0
yf_ADM_d8;52800;INTARIAN_PEPPER_ROOT;10341;15;10337;18;;;10349;16;10351;18;;;10345.0;0.0
yf_ADM_d8;52900;ASH_COATED_OSMIUM;9922;6;9920;13;;;9928;18;9932;16;;;9925.0;0.0
yf_ADM_d8;52900;INTARIAN_PEPPER_ROOT;10337;9;10333;16;;;10352;20;10354;19;;;10344.5;0.0
yf_ADM_d8;53000;ASH_COATED_OSMIUM;9922;18;9920;29;;;9928;14;9930;11;;;9925.0;0.0
yf_ADM_d8;53000;INTARIAN_PEPPER_ROOT;10338;7;10336;24;;;10350;16;10352;16;;;10344.0;0.0
yf_ADM_d8;53100;ASH_COATED_OSMIUM;9922;10;9918;19;;;9928;9;9930;26;;;9925.0;0.0
yf_ADM_d8;53100;INTARIAN_PEPPER_ROOT;10340;19;10336;23;;;10346;17;10350;17;;;10343.0;0.0
yf_ADM_d8;53200;ASH_COATED_OSMIUM;9905;13;9903;20;;;9944;17;9946;17;;;9924.5;0.0
yf_ADM_d8;53200;INTARIAN_PEPPER_ROOT;10340;8;10338;11;;;10346;16;10348;25;;;10343.0;0.0
yf_ADM_d8;53300;ASH_COATED_OSMIUM;9922;16;9918;12;;;9928;14;9930;20;;;9925.0;0.0
yf_ADM_d8;53300;INTARIAN_PEPPER_ROOT;10337;12;10334;21;;;10349;11;10352;24;;;10343.0;0.0
yf_ADM_d8;53400;ASH_COATED_OSMIUM;9922;17;9919;21;;;9928;14;9932;21;;;9925.0;0.0
yf_ADM_d8;53400;INTARIAN_PEPPER_ROOT;10335;5;10331;29;;;10350;14;10353;23;;;10342.5;0.0
yf_ADM_d8;53500;ASH_COATED_OSMIUM;9923;19;9921;15;;;9929;9;9933;14;;;9926.0;0.0
yf_ADM_d8;53500;INTARIAN_PEPPER_ROOT;10318;17;10315;24;;;10365;17;10367;21;;;10341.5;0.0
yf_ADM_d8;53600;ASH_COATED_OSMIUM;9922;17;9918;21;;;9928;16;9932;32;;;9925.0;0.0
yf_ADM_d8;53600;INTARIAN_PEPPER_ROOT;10339;17;10337;17;;;10345;16;10349;27;;;10342.0;0.0
yf_ADM_d8;53700;ASH_COATED_OSMIUM;9922;19;9919;20;;;9928;17;9932;30;;;9925.0;0.0
yf_ADM_d8;53700;INTARIAN_PEPPER_ROOT;10329;14;10325;26;;;10351;20;10354;22;;;10340.0;0.0
yf_ADM_d8;53800;ASH_COATED_OSMIUM;9922;14;9919;16;;;9928;13;9931;16;;;9925.0;0.0
yf_ADM_d8;53800;INTARIAN_PEPPER_ROOT;10337;20;10333;15;;;10345;12;10348;16;;;10341.0;0.0
yf_ADM_d8;53900;ASH_COATED_OSMIUM;9915;23;9912;23;;;9935;10;9939;14;;;9925.0;0.0
yf_ADM_d8;53900;INTARIAN_PEPPER_ROOT;10337;9;10334;24;;;10343;17;10346;14;;;10340.0;0.0
yf_ADM_d8;54000;ASH_COATED_OSMIUM;9923;6;9920;19;;;9929;17;9933;14;;;9926.0;0.0
yf_ADM_d8;54000;INTARIAN_PEPPER_ROOT;10335;16;10333;16;;;10344;23;10346;20;;;10339.5;0.0
yf_ADM_d8;54100;ASH_COATED_OSMIUM;9922;11;9919;19;;;9929;19;9933;18;;;9925.5;0.0
yf_ADM_d8;54100;INTARIAN_PEPPER_ROOT;10329;15;10325;29;;;10350;13;10354;16;;;10339.5;0.0
yf_ADM_d8;54200;ASH_COATED_OSMIUM;9920;17;9917;11;;;9932;14;9935;28;;;9926.0;0.0
yf_ADM_d8;54200;INTARIAN_PEPPER_ROOT;10335;12;10333;21;;;10342;10;10344;17;;;10338.5;0.0
yf_ADM_d8;54300;ASH_COATED_OSMIUM;9913;10;9909;17;;;9939;13;9941;19;;;9926.0;0.0
yf_ADM_d8;54300;INTARIAN_PEPPER_ROOT;10335;14;10333;29;;;10341;14;10343;12;;;10338.0;0.0
yf_ADM_d8;54400;ASH_COATED_OSMIUM;9922;13;9919;20;;;9929;14;9932;13;;;9925.5;0.0
yf_ADM_d8;54400;INTARIAN_PEPPER_ROOT;10334;14;10331;13;;;10340;14;10342;21;;;10337.0;0.0
yf_ADM_d8;54500;ASH_COATED_OSMIUM;9923;9;9921;11;;;9929;15;9931;14;;;9926.0;0.0
yf_ADM_d8;54500;INTARIAN_PEPPER_ROOT;10331;18;10329;20;;;10344;19;10347;29;;;10337.5;0.0
yf_ADM_d8;54600;ASH_COATED_OSMIUM;9921;13;9917;35;;;9932;9;9934;19;;;9926.5;0.0
yf_ADM_d8;54600;INTARIAN_PEPPER_ROOT;10328;14;10326;21;;;10345;16;10348;22;;;10336.5;0.0
yf_ADM_d8;54700;ASH_COATED_OSMIUM;9923;19;9920;21;;;9929;12;9933;21;;;9926.0;0.0
yf_ADM_d8;54700;INTARIAN_PEPPER_ROOT;10324;10;10320;17;;;10349;16;10352;26;;;10336.5;0.0
yf_ADM_d8;54800;ASH_COATED_OSMIUM;9914;17;9912;28;;;9939;10;9941;24;;;9926.5;0.0
yf_ADM_d8;54800;INTARIAN_PEPPER_ROOT;10333;18;10331;25;;;10339;13;10342;17;;;10336.0;0.0
yf_ADM_d8;54900;ASH_COATED_OSMIUM;9922;14;9918;19;;;9930;18;9934;14;;;9926.0;0.0
yf_ADM_d8;54900;INTARIAN_PEPPER_ROOT;10332;17;10329;21;;;10338;9;10342;30;;;10335.0;0.0
yf_ADM_d8;55000;ASH_COATED_OSMIUM;9920;15;9917;15;;;9932;17;9935;13;;;9926.0;0.0
yf_ADM_d8;55000;INTARIAN_PEPPER_ROOT;10332;15;10330;17;;;10338;16;10341;15;;;10335.0;0.0
yf_ADM_d8;55100;ASH_COATED_OSMIUM;9922;9;9919;22;;;9930;20;9934;15;;;9926.0;0.0
yf_ADM_d8;55100;INTARIAN_PEPPER_ROOT;10328;11;10325;22;;;10340;23;10344;24;;;10334.0;0.0
yf_ADM_d8;55200;ASH_COATED_OSMIUM;9923;15;9921;17;;;9930;14;9934;15;;;9926.5;0.0
yf_ADM_d8;55200;INTARIAN_PEPPER_ROOT;10323;19;10319;29;;;10345;10;10347;19;;;10334.0;0.0
yf_ADM_d8;55300;ASH_COATED_OSMIUM;9923;5;9921;24;;;9929;10;9933;24;;;9926.0;0.0
yf_ADM_d8;55300;INTARIAN_PEPPER_ROOT;10330;10;10326;24;;;10336;7;10338;15;;;10333.0;0.0
yf_ADM_d8;55400;ASH_COATED_OSMIUM;9923;10;9921;18;;;9929;7;9933;10;;;9926.0;0.0
yf_ADM_d8;55400;INTARIAN_PEPPER_ROOT;10330;16;10326;28;;;10336;11;10339;24;;;10333.0;0.0
yf_ADM_d8;55500;ASH_COATED_OSMIUM;9923;15;9921;22;;;9929;11;9931;26;;;9926.0;0.0
yf_ADM_d8;55500;INTARIAN_PEPPER_ROOT;10328;15;10326;16;;;10337;19;10339;16;;;10332.5;0.0
yf_ADM_d8;55600;ASH_COATED_OSMIUM;9923;14;9920;18;;;9929;24;9932;21;;;9926.0;0.0
yf_ADM_d8;55600;INTARIAN_PEPPER_ROOT;10326;16;10322;21;;;10337;8;10341;15;;;10331.5;0.0
yf_ADM_d8;55700;ASH_COATED_OSMIUM;9923;8;9921;23;;;9929;17;9933;18;;;9926.0;0.0
yf_ADM_d8;55700;INTARIAN_PEPPER_ROOT;10312;18;10309;21;;;10350;18;10352;19;;;10331.0;0.0
yf_ADM_d8;55800;ASH_COATED_OSMIUM;9924;5;9922;18;;;9930;11;9934;14;;;9927.0;0.0
yf_ADM_d8;55800;INTARIAN_PEPPER_ROOT;10328;18;10326;20;;;10334;13;10337;23;;;10331.0;0.0
yf_ADM_d8;55900;ASH_COATED_OSMIUM;9923;15;9919;26;;;9929;5;9931;22;;;9926.0;0.0
yf_ADM_d8;55900;INTARIAN_PEPPER_ROOT;10328;12;10326;24;;;10334;10;10336;23;;;10331.0;0.0
yf_ADM_d8;56000;ASH_COATED_OSMIUM;9923;11;9920;9;;;9929;5;9932;25;;;9926.0;0.0
yf_ADM_d8;56000;INTARIAN_PEPPER_ROOT;10326;15;10323;14;;;10332;9;10336;14;;;10329.0;0.0
yf_ADM_d8;56100;ASH_COATED_OSMIUM;9924;19;9922;24;;;9930;12;9933;24;;;9927.0;0.0
yf_ADM_d8;56100;INTARIAN_PEPPER_ROOT;10326;15;10323;26;;;10332;11;10334;15;;;10329.0;0.0
yf_ADM_d8;56200;ASH_COATED_OSMIUM;9922;25;9920;24;;;9932;21;9936;14;;;9927.0;0.0
yf_ADM_d8;56200;INTARIAN_PEPPER_ROOT;10323;16;10321;18;;;10335;9;10339;12;;;10329.0;0.0
yf_ADM_d8;56300;ASH_COATED_OSMIUM;9924;17;9920;21;;;9930;7;9933;27;;;9927.0;0.0
yf_ADM_d8;56300;INTARIAN_PEPPER_ROOT;10323;17;10320;20;;;10335;18;10339;26;;;10329.0;0.0
yf_ADM_d8;56400;ASH_COATED_OSMIUM;9924;14;9922;17;;;9930;19;9934;20;;;9927.0;0.0
yf_ADM_d8;56400;INTARIAN_PEPPER_ROOT;10322;12;10318;17;;;10334;7;10338;22;;;10328.0;0.0
yf_ADM_d8;56500;ASH_COATED_OSMIUM;9916;12;9912;20;;;9938;6;9941;19;;;9927.0;0.0
yf_ADM_d8;56500;INTARIAN_PEPPER_ROOT;10320;21;10317;19;;;10335;22;10339;18;;;10327.5;0.0
yf_ADM_d8;56600;ASH_COATED_OSMIUM;9924;17;9920;22;;;9930;8;9932;19;;;9927.0;0.0
yf_ADM_d8;56600;INTARIAN_PEPPER_ROOT;10324;12;10320;18;;;10331;20;10333;30;;;10327.5;0.0
yf_ADM_d8;56700;ASH_COATED_OSMIUM;9918;14;9915;8;;;9935;19;9937;21;;;9926.5;0.0
yf_ADM_d8;56700;INTARIAN_PEPPER_ROOT;10321;18;10318;26;;;10333;5;10336;17;;;10327.0;0.0
yf_ADM_d8;56800;ASH_COATED_OSMIUM;9924;15;9922;14;;;9930;20;9933;11;;;9927.0;0.0
yf_ADM_d8;56800;INTARIAN_PEPPER_ROOT;10323;13;10319;26;;;10329;20;10333;18;;;10326.0;0.0
yf_ADM_d8;56900;ASH_COATED_OSMIUM;9924;20;9920;28;;;9930;15;9934;18;;;9927.0;0.0
yf_ADM_d8;56900;INTARIAN_PEPPER_ROOT;10321;12;10318;26;;;10330;11;10334;19;;;10325.5;0.0
yf_ADM_d8;57000;ASH_COATED_OSMIUM;9924;18;9920;22;;;9930;13;9932;23;;;9927.0;0.0
yf_ADM_d8;57000;INTARIAN_PEPPER_ROOT;10323;14;10321;17;;;10329;15;10332;21;;;10326.0;0.0
yf_ADM_d8;57100;ASH_COATED_OSMIUM;9924;13;9921;23;;;9930;14;9932;19;;;9927.0;0.0
yf_ADM_d8;57100;INTARIAN_PEPPER_ROOT;10322;5;10319;20;;;10328;12;10332;22;;;10325.0;0.0
yf_ADM_d8;57200;ASH_COATED_OSMIUM;9924;10;9920;23;;;9930;15;9932;11;;;9927.0;0.0
yf_ADM_d8;57200;INTARIAN_PEPPER_ROOT;10321;27;10317;22;;;10327;11;10329;14;;;10324.0;0.0
yf_ADM_d8;57300;ASH_COATED_OSMIUM;9924;26;9921;18;;;9930;16;9932;27;;;9927.0;0.0
yf_ADM_d8;57300;INTARIAN_PEPPER_ROOT;10321;12;10317;11;;;10327;17;10330;25;;;10324.0;0.0
yf_ADM_d8;57400;ASH_COATED_OSMIUM;9924;19;9922;30;;;9930;13;9933;13;;;9927.0;0.0
yf_ADM_d8;57400;INTARIAN_PEPPER_ROOT;10321;21;10318;20;;;10327;5;10329;19;;;10324.0;0.0
yf_ADM_d8;57500;ASH_COATED_OSMIUM;9925;14;9923;15;;;9931;15;9935;15;;;9928.0;0.0
yf_ADM_d8;57500;INTARIAN_PEPPER_ROOT;10320;14;10317;23;;;10326;20;10329;17;;;10323.0;0.0
yf_ADM_d8;57600;ASH_COATED_OSMIUM;9919;15;9915;19;;;9937;14;9939;13;;;9928.0;0.0
yf_ADM_d8;57600;INTARIAN_PEPPER_ROOT;10320;19;10316;17;;;10326;7;10328;9;;;10323.0;0.0
yf_ADM_d8;57700;ASH_COATED_OSMIUM;9925;8;9922;14;;;9931;20;9935;22;;;9928.0;0.0
yf_ADM_d8;57700;INTARIAN_PEPPER_ROOT;10318;21;10316;22;;;10324;12;10327;14;;;10321.0;0.0
yf_ADM_d8;57800;ASH_COATED_OSMIUM;9924;25;9922;18;;;9930;14;9933;15;;;9927.0;0.0
yf_ADM_d8;57800;INTARIAN_PEPPER_ROOT;10307;14;10305;19;;;10337;12;10340;21;;;10322.0;0.0
yf_ADM_d8;57900;ASH_COATED_OSMIUM;9925;14;9922;21;;;9931;11;9934;26;;;9928.0;0.0
yf_ADM_d8;57900;INTARIAN_PEPPER_ROOT;10319;21;10315;23;;;10325;13;10327;22;;;10322.0;0.0
yf_ADM_d8;58000;ASH_COATED_OSMIUM;9925;15;9921;18;;;9931;17;9934;21;;;9928.0;0.0
yf_ADM_d8;58000;INTARIAN_PEPPER_ROOT;10316;6;10312;22;;;10325;15;10329;24;;;10320.5;0.0
yf_ADM_d8;58100;ASH_COATED_OSMIUM;9924;10;9921;17;;;9930;16;9932;16;;;9927.0;0.0
yf_ADM_d8;58100;INTARIAN_PEPPER_ROOT;10318;12;10315;14;;;10324;9;10328;17;;;10321.0;0.0
yf_ADM_d8;58200;ASH_COATED_OSMIUM;9924;18;9922;21;;;9932;19;9935;13;;;9928.0;0.0
yf_ADM_d8;58200;INTARIAN_PEPPER_ROOT;10308;19;10305;17;;;10332;14;10335;20;;;10320.0;0.0
yf_ADM_d8;58300;ASH_COATED_OSMIUM;9926;12;9922;26;;;9932;18;9935;17;;;9929.0;0.0
yf_ADM_d8;58300;INTARIAN_PEPPER_ROOT;10317;5;10313;15;;;10323;15;10326;19;;;10320.0;0.0
yf_ADM_d8;58400;ASH_COATED_OSMIUM;9926;15;9922;16;;;9932;18;9935;18;;;9929.0;0.0
yf_ADM_d8;58400;INTARIAN_PEPPER_ROOT;10314;20;10311;19;;;10322;5;10325;26;;;10318.0;0.0
yf_ADM_d8;58500;ASH_COATED_OSMIUM;9925;16;9922;24;;;9931;17;9934;17;;;9928.0;0.0
yf_ADM_d8;58500;INTARIAN_PEPPER_ROOT;10315;19;10311;15;;;10321;24;10324;26;;;10318.0;0.0
yf_ADM_d8;58600;ASH_COATED_OSMIUM;9925;15;9923;15;;;9931;10;9934;24;;;9928.0;0.0
yf_ADM_d8;58600;INTARIAN_PEPPER_ROOT;10315;22;10313;23;;;10321;17;10324;14;;;10318.0;0.0
yf_ADM_d8;58700;ASH_COATED_OSMIUM;9924;11;9922;20;;;9934;5;9937;20;;;9929.0;0.0
yf_ADM_d8;58700;INTARIAN_PEPPER_ROOT;10314;23;10311;13;;;10320;7;10323;24;;;10317.0;0.0
yf_ADM_d8;58800;ASH_COATED_OSMIUM;9920;17;9918;18;;;9938;16;9940;22;;;9929.0;0.0
yf_ADM_d8;58800;INTARIAN_PEPPER_ROOT;10314;24;10310;20;;;10320;14;10323;16;;;10317.0;0.0
yf_ADM_d8;58900;ASH_COATED_OSMIUM;9923;15;9919;28;;;9934;24;9936;27;;;9928.5;0.0
yf_ADM_d8;58900;INTARIAN_PEPPER_ROOT;10313;16;10309;21;;;10319;15;10322;11;;;10316.0;0.0
yf_ADM_d8;59000;ASH_COATED_OSMIUM;9925;14;9921;25;;;9931;11;9934;27;;;9928.0;0.0
yf_ADM_d8;59000;INTARIAN_PEPPER_ROOT;10311;12;10309;13;;;10319;8;10322;15;;;10315.0;0.0
