day;timestamp;product;bid_price_1;bid_volume_1;bid_price_2;bid_volume_2;bid_price_3;bid_volume_3;ask_price_1;ask_volume_1;ask_price_2;ask_volume_2;ask_price_3;ask_volume_3;mid_price;profit_and_loss
av_WHEAT_d9;0;ASH_COATED_OSMIUM;9905;16;9901;22;;;9918;12;9922;20;;;9911.5;0.0
av_WHEAT_d9;0;INTARIAN_PEPPER_ROOT;12993;16;12990;14;;;13007;29;13009;28;;;13000.0;0.0
av_WHEAT_d9;100;ASH_COATED_OSMIUM;9906;10;9903;18;;;9919;14;9921;27;;;9912.5;0.0
av_WHEAT_d9;100;INTARIAN_PEPPER_ROOT;12994;16;12991;19;;;13002;19;13005;15;;;12998.0;0.0
av_WHEAT_d9;200;ASH_COATED_OSMIUM;9902;14;9900;21;;;9922;18;9926;15;;;9912.0;0.0
av_WHEAT_d9;200;INTARIAN_PEPPER_ROOT;12994;12;12990;25;;;13000;14;13004;19;;;12997.0;0.0
av_WHEAT_d9;300;ASH_COATED_OSMIUM;9909;8;9905;18;;;9915;6;9917;20;;;9912.0;0.0
av_WHEAT_d9;300;INTARIAN_PEPPER_ROOT;12992;17;12988;20;;;12998;20;13000;21;;;12995.0;0.0
av_WHEAT_d9;400;ASH_COATED_OSMIUM;9907;5;9905;19;;;9917;15;9920;18;;;9912.0;0.0
av_WHEAT_d9;400;INTARIAN_PEPPER_ROOT;12985;15;12983;15;;;13002;14;13005;24;;;12993.5;0.0
av_WHEAT_d9;500;ASH_COATED_OSMIUM;9909;6;9905;24;;;9915;15;9917;17;;;9912.0;0.0
av_WHEAT_d9;500;INTARIAN_PEPPER_ROOT;12987;11;12984;24;;;12997;11;13001;24;;;12992.0;0.0
av_WHEAT_d9;600;ASH_COATED_OSMIUM;9909;18;9905;14;;;9915;5;9917;14;;;9912.0;0.0
av_WHEAT_d9;600;INTARIAN_PEPPER_ROOT;12988;12;12984;22;;;12994;25;12996;25;;;12991.0;0.0
av_WHEAT_d9;700;ASH_COATED_OSMIUM;9909;12;9907;15;;;9915;23;9919;16;;;9912.0;0.0
av_WHEAT_d9;700;INTARIAN_PEPPER_ROOT;12981;6;12979;17;;;12998;16;13001;28;;;12989.5;0.0
av_WHEAT_d9;800;ASH_COATED_OSMIUM;9903;7;9900;21;;;9922;16;9925;27;;;9912.5;0.0
av_WHEAT_d9;800;INTARIAN_PEPPER_ROOT;12985;10;12981;23;;;12991;10;12993;13;;;12988.0;0.0
av_WHEAT_d9;900;ASH_COATED_OSMIUM;9900;16;9898;21;;;9925;5;9927;18;;;9912.5;0.0
av_WHEAT_d9;900;INTARIAN_PEPPER_ROOT;12978;14;12976;21;;;12996;16;12999;20;;;12987.0;0.0
av_WHEAT_d9;1000;ASH_COATED_OSMIUM;9905;11;9902;27;;;9919;19;9922;20;;;9912.0;0.0
av_WHEAT_d9;1000;INTARIAN_PEPPER_ROOT;12982;20;12980;20;;;12988;13;12992;25;;;12985.0;0.0
av_WHEAT_d9;1100;ASH_COATED_OSMIUM;9909;28;9905;11;;;9915;17;9917;17;;;9912.0;0.0
av_WHEAT_d9;1100;INTARIAN_PEPPER_ROOT;12981;15;12978;24;;;12987;21;12990;21;;;12984.0;0.0
av_WHEAT_d9;1200;ASH_COATED_OSMIUM;9909;13;9907;23;;;9915;16;9919;21;;;9912.0;0.0
av_WHEAT_d9;1200;INTARIAN_PEPPER_ROOT;12980;14;12976;20;;;12986;13;12990;27;;;12983.0;0.0
av_WHEAT_d9;1300;ASH_COATED_OSMIUM;9909;5;9907;14;;;9915;7;9919;25;;;9912.0;0.0
av_WHEAT_d9;1300;INTARIAN_PEPPER_ROOT;12978;17;12976;23;;;12984;10;12988;23;;;12981.0;0.0
av_WHEAT_d9;1400;ASH_COATED_OSMIUM;9909;12;9906;18;;;9916;20;9919;12;;;9912.5;0.0
av_WHEAT_d9;1400;INTARIAN_PEPPER_ROOT;12976;17;12973;28;;;12982;14;12986;24;;;12979.0;0.0
av_WHEAT_d9;1500;ASH_COATED_OSMIUM;9904;14;9901;19;;;9921;17;9925;17;;;9912.5;0.0
av_WHEAT_d9;1500;INTARIAN_PEPPER_ROOT;12975;20;12971;18;;;12981;9;12983;26;;;12978.0;0.0
av_WHEAT_d9;1600;ASH_COATED_OSMIUM;9910;19;9908;14;;;9916;8;9920;25;;;9913.0;0.0
av_WHEAT_d9;1600;INTARIAN_PEPPER_ROOT;12974;9;12972;22;;;12980;12;12982;29;;;12977.0;0.0
av_WHEAT_d9;1700;ASH_COATED_OSMIUM;9909;20;9906;16;;;9915;9;9919;17;;;9912.0;0.0
av_WHEAT_d9;1700;INTARIAN_PEPPER_ROOT;12972;10;12970;18;;;12978;17;12982;20;;;12975.0;0.0
av_WHEAT_d9;1800;ASH_COATED_OSMIUM;9910;16;9906;19;;;9916;9;9918;29;;;9913.0;0.0
av_WHEAT_d9;1800;INTARIAN_PEPPER_ROOT;12968;14;12966;14;;;12979;12;12982;23;;;12973.5;0.0
av_WHEAT_d9;1900;ASH_COATED_OSMIUM;9910;10;9907;16;;;9916;5;9918;26;;;9913.0;0.0
av_WHEAT_d9;1900;INTARIAN_PEPPER_ROOT;12968;11;12964;22;;;12977;20;12980;21;;;12972.5;0.0
av_WHEAT_d9;2000;ASH_COATED_OSMIUM;9909;14;9905;24;;;9917;22;9921;23;;;9913.0;0.0
av_WHEAT_d9;2000;INTARIAN_PEPPER_ROOT;12967;12;12965;14;;;12975;14;12978;15;;;12971.0;0.0
av_WHEAT_d9;2100;ASH_COATED_OSMIUM;9910;20;9908;20;;;9916;11;9919;10;;;9913.0;0.0
av_WHEAT_d9;2100;INTARIAN_PEPPER_ROOT;12965;5;12961;11;;;12974;23;12976;18;;;12969.5;0.0
av_WHEAT_d9;2200;ASH_COATED_OSMIUM;9910;25;9906;17;;;9916;14;9920;19;;;9913.0;0.0
av_WHEAT_d9;2200;INTARIAN_PEPPER_ROOT;12965;8;12963;15;;;12971;12;12974;15;;;12968.0;0.0
av_WHEAT_d9;2300;ASH_COATED_OSMIUM;9909;7;9907;18;;;9915;9;9919;31;;;9912.0;0.0
av_WHEAT_d9;2300;INTARIAN_PEPPER_ROOT;12963;11;12959;14;;;12969;13;12972;24;;;12966.0;0.0
av_WHEAT_d9;2400;ASH_COATED_OSMIUM;9908;16;9905;14;;;9918;20;9920;19;;;9913.0;0.0
av_WHEAT_d9;2400;INTARIAN_PEPPER_ROOT;12962;10;12959;19;;;12968;6;12971;19;;;12965.0;0.0
av_WHEAT_d9;2500;ASH_COATED_OSMIUM;9910;12;9906;22;;;9916;16;9919;22;;;9913.0;0.0
av_WHEAT_d9;2500;INTARIAN_PEPPER_ROOT;12949;18;12947;20;;;12979;18;12982;26;;;12964.0;0.0
av_WHEAT_d9;2600;ASH_COATED_OSMIUM;9910;9;9907;16;;;9916;10;9918;16;;;9913.0;0.0
av_WHEAT_d9;2600;INTARIAN_PEPPER_ROOT;12959;8;12956;23;;;12966;13;12968;30;;;12962.5;0.0
av_WHEAT_d9;2700;ASH_COATED_OSMIUM;9901;19;9898;25;;;9925;16;9927;16;;;9913.0;0.0
av_WHEAT_d9;2700;INTARIAN_PEPPER_ROOT;12956;5;12954;23;;;12965;10;12967;14;;;12960.5;0.0
av_WHEAT_d9;2800;ASH_COATED_OSMIUM;9910;12;9907;20;;;9916;11;9918;20;;;9913.0;0.0
av_WHEAT_d9;2800;INTARIAN_PEPPER_ROOT;12956;17;12952;23;;;12962;15;12965;21;;;12959.0;0.0
av_WHEAT_d9;2900;ASH_COATED_OSMIUM;9910;15;9908;21;;;9916;10;9920;25;;;9913.0;0.0
av_WHEAT_d9;2900;INTARIAN_PEPPER_ROOT;12955;18;12951;26;;;12961;6;12965;16;;;12958.0;0.0
av_WHEAT_d9;3000;ASH_COATED_OSMIUM;9903;14;9901;14;;;9923;25;9927;17;;;9913.0;0.0
av_WHEAT_d9;3000;INTARIAN_PEPPER_ROOT;12950;18;12948;23;;;12963;19;12965;19;;;12956.5;0.0
av_WHEAT_d9;3100;ASH_COATED_OSMIUM;9910;15;9908;19;;;9916;16;9918;19;;;9913.0;0.0
av_WHEAT_d9;3100;INTARIAN_PEPPER_ROOT;12937;14;12935;28;;;12974;14;12977;27;;;12955.5;0.0
av_WHEAT_d9;3200;ASH_COATED_OSMIUM;9905;13;9902;17;;;9921;12;9925;13;;;9913.0;0.0
av_WHEAT_d9;3200;INTARIAN_PEPPER_ROOT;12950;13;12948;25;;;12956;9;12958;9;;;12953.0;0.0
av_WHEAT_d9;3300;ASH_COATED_OSMIUM;9911;12;9907;17;;;9917;22;9920;21;;;9914.0;0.0
av_WHEAT_d9;3300;INTARIAN_PEPPER_ROOT;12949;16;12947;17;;;12955;13;12957;17;;;12952.0;0.0
av_WHEAT_d9;3400;ASH_COATED_OSMIUM;9910;23;9908;22;;;9916;14;9919;17;;;9913.0;0.0
av_WHEAT_d9;3400;INTARIAN_PEPPER_ROOT;12948;8;12944;24;;;12954;7;12956;23;;;12951.0;0.0
av_WHEAT_d9;3500;ASH_COATED_OSMIUM;9909;8;9907;17;;;9918;11;9920;21;;;9913.5;0.0
av_WHEAT_d9;3500;INTARIAN_PEPPER_ROOT;12943;22;12939;17;;;12955;14;12959;9;;;12949.0;0.0
av_WHEAT_d9;3600;ASH_COATED_OSMIUM;9910;14;9907;12;;;9916;13;9918;22;;;9913.0;0.0
av_WHEAT_d9;3600;INTARIAN_PEPPER_ROOT;12912;21;12910;19;;;12984;15;12988;32;;;12948.0;0.0
av_WHEAT_d9;3700;ASH_COATED_OSMIUM;9911;20;9909;30;;;9917;10;9920;8;;;9914.0;0.0
av_WHEAT_d9;3700;INTARIAN_PEPPER_ROOT;12941;13;12938;18;;;12953;19;12956;16;;;12947.0;0.0
av_WHEAT_d9;3800;ASH_COATED_OSMIUM;9900;9;9898;23;;;9927;12;9929;21;;;9913.5;0.0
av_WHEAT_d9;3800;INTARIAN_PEPPER_ROOT;12938;12;12936;19;;;12953;11;12956;24;;;12945.5;0.0
av_WHEAT_d9;3900;ASH_COATED_OSMIUM;9910;14;9907;24;;;9916;17;9919;22;;;9913.0;0.0
av_WHEAT_d9;3900;INTARIAN_PEPPER_ROOT;12941;10;12938;17;;;12947;15;12950;27;;;12944.0;0.0
av_WHEAT_d9;4000;ASH_COATED_OSMIUM;9910;13;9907;19;;;9917;17;9919;20;;;9913.5;0.0
av_WHEAT_d9;4000;INTARIAN_PEPPER_ROOT;12939;20;12935;14;;;12945;11;12949;17;;;12942.0;0.0
av_WHEAT_d9;4100;ASH_COATED_OSMIUM;9901;18;9899;19;;;9926;13;9928;22;;;9913.5;0.0
av_WHEAT_d9;4100;INTARIAN_PEPPER_ROOT;12938;20;12936;30;;;12944;20;12946;17;;;12941.0;0.0
av_WHEAT_d9;4200;ASH_COATED_OSMIUM;9906;5;9904;19;;;9920;18;9923;21;;;9913.0;0.0
av_WHEAT_d9;4200;INTARIAN_PEPPER_ROOT;12937;15;12933;11;;;12943;20;12945;32;;;12940.0;0.0
av_WHEAT_d9;4300;ASH_COATED_OSMIUM;9910;11;9906;30;;;9916;14;9920;14;;;9913.0;0.0
av_WHEAT_d9;4300;INTARIAN_PEPPER_ROOT;12935;13;12931;17;;;12941;9;12944;15;;;12938.0;0.0
av_WHEAT_d9;4400;ASH_COATED_OSMIUM;9906;9;9902;24;;;9922;14;9925;22;;;9914.0;0.0
av_WHEAT_d9;4400;INTARIAN_PEPPER_ROOT;12930;11;12927;23;;;12943;16;12945;23;;;12936.5;0.0
av_WHEAT_d9;4500;ASH_COATED_OSMIUM;9911;17;9909;23;;;9917;11;9920;20;;;9914.0;0.0
av_WHEAT_d9;4500;INTARIAN_PEPPER_ROOT;12931;17;12929;14;;;12938;14;12940;15;;;12934.5;0.0
av_WHEAT_d9;4600;ASH_COATED_OSMIUM;9911;19;9908;20;;;9917;13;9919;19;;;9914.0;0.0
av_WHEAT_d9;4600;INTARIAN_PEPPER_ROOT;12929;19;12926;28;;;12939;16;12942;20;;;12934.0;0.0
av_WHEAT_d9;4700;ASH_COATED_OSMIUM;9911;13;9907;21;;;9917;13;9921;19;;;9914.0;0.0
av_WHEAT_d9;4700;INTARIAN_PEPPER_ROOT;12926;23;12923;15;;;12938;6;12941;19;;;12932.0;0.0
av_WHEAT_d9;4800;ASH_COATED_OSMIUM;9902;16;9900;22;;;9924;17;9927;23;;;9913.0;0.0
av_WHEAT_d9;4800;INTARIAN_PEPPER_ROOT;12928;21;12924;24;;;12934;10;12937;16;;;12931.0;0.0
av_WHEAT_d9;4900;ASH_COATED_OSMIUM;9911;14;9907;27;;;9917;18;9920;18;;;9914.0;0.0
av_WHEAT_d9;4900;INTARIAN_PEPPER_ROOT;12917;13;12914;18;;;12941;12;12945;19;;;12929.0;0.0
av_WHEAT_d9;5000;ASH_COATED_OSMIUM;9911;18;9909;19;;;9917;17;9919;10;;;9914.0;0.0
av_WHEAT_d9;5000;INTARIAN_PEPPER_ROOT;12925;16;12922;15;;;12931;6;12933;17;;;12928.0;0.0
av_WHEAT_d9;5100;ASH_COATED_OSMIUM;9904;15;9902;10;;;9924;11;9927;14;;;9914.0;0.0
av_WHEAT_d9;5100;INTARIAN_PEPPER_ROOT;12923;13;12920;22;;;12929;9;12931;14;;;12926.0;0.0
av_WHEAT_d9;5200;ASH_COATED_OSMIUM;9908;13;9904;25;;;9920;16;9922;22;;;9914.0;0.0
av_WHEAT_d9;5200;INTARIAN_PEPPER_ROOT;12921;18;12917;27;;;12929;17;12931;17;;;12925.0;0.0
av_WHEAT_d9;5300;ASH_COATED_OSMIUM;9908;8;9904;13;;;9920;19;9922;18;;;9914.0;0.0
av_WHEAT_d9;5300;INTARIAN_PEPPER_ROOT;12918;11;12914;15;;;12929;15;12931;9;;;12923.5;0.0
av_WHEAT_d9;5400;ASH_COATED_OSMIUM;9911;16;9909;29;;;9917;13;9920;18;;;9914.0;0.0
av_WHEAT_d9;5400;INTARIAN_PEPPER_ROOT;12910;5;12907;18;;;12935;17;12939;19;;;12922.5;0.0
av_WHEAT_d9;5500;ASH_COATED_OSMIUM;9907;29;9905;15;;;9920;13;9924;17;;;9913.5;0.0
av_WHEAT_d9;5500;INTARIAN_PEPPER_ROOT;12916;17;12913;17;;;12925;15;12929;18;;;12920.5;0.0
av_WHEAT_d9;5600;ASH_COATED_OSMIUM;9907;11;9905;21;;;9921;6;9923;15;;;9914.0;0.0
av_WHEAT_d9;5600;INTARIAN_PEPPER_ROOT;12912;20;12908;8;;;12927;13;12929;22;;;12919.5;0.0
av_WHEAT_d9;5700;ASH_COATED_OSMIUM;9911;11;9908;29;;;9917;9;9920;16;;;9914.0;0.0
av_WHEAT_d9;5700;INTARIAN_PEPPER_ROOT;12915;18;12912;29;;;12921;9;12924;26;;;12918.0;0.0
av_WHEAT_d9;5800;ASH_COATED_OSMIUM;9911;22;9909;21;;;9917;23;9921;21;;;9914.0;0.0
av_WHEAT_d9;5800;INTARIAN_PEPPER_ROOT;12909;8;12907;22;;;12924;6;12927;26;;;12916.5;0.0
av_WHEAT_d9;5900;ASH_COATED_OSMIUM;9904;18;9900;26;;;9924;18;9928;19;;;9914.0;0.0
av_WHEAT_d9;5900;INTARIAN_PEPPER_ROOT;12912;19;12909;22;;;12918;6;12921;18;;;12915.0;0.0
av_WHEAT_d9;6000;ASH_COATED_OSMIUM;9911;12;9907;20;;;9917;18;9921;20;;;9914.0;0.0
av_WHEAT_d9;6000;INTARIAN_PEPPER_ROOT;12910;14;12907;11;;;12916;12;12918;10;;;12913.0;0.0
av_WHEAT_d9;6100;ASH_COATED_OSMIUM;9911;5;9909;23;;;9917;5;9920;15;;;9914.0;0.0
av_WHEAT_d9;6100;INTARIAN_PEPPER_ROOT;12904;12;12901;26;;;12920;12;12924;13;;;12912.0;0.0
av_WHEAT_d9;6200;ASH_COATED_OSMIUM;9911;16;9908;20;;;9917;21;9920;18;;;9914.0;0.0
av_WHEAT_d9;6200;INTARIAN_PEPPER_ROOT;12907;5;12904;19;;;12915;23;12919;16;;;12911.0;0.0
av_WHEAT_d9;6300;ASH_COATED_OSMIUM;9901;17;9897;12;;;9928;15;9931;23;;;9914.5;0.0
av_WHEAT_d9;6300;INTARIAN_PEPPER_ROOT;12906;5;12904;24;;;12913;11;12915;14;;;12909.5;0.0
av_WHEAT_d9;6400;ASH_COATED_OSMIUM;9910;23;9908;26;;;9918;5;9922;15;;;9914.0;0.0
av_WHEAT_d9;6400;INTARIAN_PEPPER_ROOT;12901;17;12899;23;;;12915;14;12919;22;;;12908.0;0.0
av_WHEAT_d9;6500;ASH_COATED_OSMIUM;9911;19;9908;25;;;9917;13;9919;15;;;9914.0;0.0
av_WHEAT_d9;6500;INTARIAN_PEPPER_ROOT;12903;14;12901;22;;;12909;10;12913;24;;;12906.0;0.0
av_WHEAT_d9;6600;ASH_COATED_OSMIUM;9911;18;9909;20;;;9917;19;9919;16;;;9914.0;0.0
av_WHEAT_d9;6600;INTARIAN_PEPPER_ROOT;12902;11;12898;26;;;12908;8;12911;17;;;12905.0;0.0
av_WHEAT_d9;6700;ASH_COATED_OSMIUM;9909;15;9905;22;;;9920;21;9922;14;;;9914.5;0.0
av_WHEAT_d9;6700;INTARIAN_PEPPER_ROOT;12901;12;12897;17;;;12907;13;12910;28;;;12904.0;0.0
av_WHEAT_d9;6800;ASH_COATED_OSMIUM;9908;16;9904;24;;;9920;19;9922;15;;;9914.0;0.0
av_WHEAT_d9;6800;INTARIAN_PEPPER_ROOT;12899;26;12895;21;;;12905;14;12909;18;;;12902.0;0.0
av_WHEAT_d9;6900;ASH_COATED_OSMIUM;9912;15;9908;19;;;9918;27;9920;21;;;9915.0;0.0
av_WHEAT_d9;6900;INTARIAN_PEPPER_ROOT;12897;14;12894;19;;;12903;6;12907;31;;;12900.0;0.0
av_WHEAT_d9;7000;ASH_COATED_OSMIUM;9912;13;9908;19;;;9918;9;9920;28;;;9915.0;0.0
av_WHEAT_d9;7000;INTARIAN_PEPPER_ROOT;12896;11;12892;22;;;12902;22;12904;17;;;12899.0;0.0
av_WHEAT_d9;7100;ASH_COATED_OSMIUM;9908;22;9905;19;;;9921;14;9924;19;;;9914.5;0.0
av_WHEAT_d9;7100;INTARIAN_PEPPER_ROOT;12890;13;12886;12;;;12905;8;12908;23;;;12897.5;0.0
av_WHEAT_d9;7200;ASH_COATED_OSMIUM;9911;6;9908;27;;;9917;9;9921;21;;;9914.0;0.0
av_WHEAT_d9;7200;INTARIAN_PEPPER_ROOT;12889;10;12885;15;;;12904;18;12906;16;;;12896.5;0.0
av_WHEAT_d9;7300;ASH_COATED_OSMIUM;9911;15;9908;13;;;9918;10;9921;19;;;9914.5;0.0
av_WHEAT_d9;7300;INTARIAN_PEPPER_ROOT;12892;25;12890;15;;;12898;19;12900;18;;;12895.0;0.0
av_WHEAT_d9;7400;ASH_COATED_OSMIUM;9912;5;9909;18;;;9918;12;9922;20;;;9915.0;0.0
av_WHEAT_d9;7400;INTARIAN_PEPPER_ROOT;12881;8;12879;28;;;12905;16;12909;17;;;12893.0;0.0
av_WHEAT_d9;7500;ASH_COATED_OSMIUM;9912;15;9908;14;;;9918;10;9920;16;;;9915.0;0.0
av_WHEAT_d9;7500;INTARIAN_PEPPER_ROOT;12889;15;12886;29;;;12895;11;12898;11;;;12892.0;0.0
av_WHEAT_d9;7600;ASH_COATED_OSMIUM;9912;13;9910;19;;;9918;15;9920;16;;;9915.0;0.0
av_WHEAT_d9;7600;INTARIAN_PEPPER_ROOT;12887;11;12883;24;;;12893;11;12895;15;;;12890.0;0.0
av_WHEAT_d9;7700;ASH_COATED_OSMIUM;9912;8;9909;11;;;9918;5;9920;16;;;9915.0;0.0
av_WHEAT_d9;7700;INTARIAN_PEPPER_ROOT;12886;20;12884;24;;;12892;16;12894;23;;;12889.0;0.0
av_WHEAT_d9;7800;ASH_COATED_OSMIUM;9912;14;9908;23;;;9918;16;9921;17;;;9915.0;0.0
av_WHEAT_d9;7800;INTARIAN_PEPPER_ROOT;12884;15;12881;16;;;12891;23;12895;23;;;12887.5;0.0
av_WHEAT_d9;7900;ASH_COATED_OSMIUM;9912;20;9909;27;;;9918;17;9922;20;;;9915.0;0.0
av_WHEAT_d9;7900;INTARIAN_PEPPER_ROOT;12883;12;12879;13;;;12889;12;12893;27;;;12886.0;0.0
av_WHEAT_d9;8000;ASH_COATED_OSMIUM;9910;11;9907;19;;;9920;10;9923;18;;;9915.0;0.0
av_WHEAT_d9;8000;INTARIAN_PEPPER_ROOT;12882;17;12880;28;;;12889;14;12891;24;;;12885.5;0.0
av_WHEAT_d9;8100;ASH_COATED_OSMIUM;9912;16;9908;15;;;9918;7;9922;14;;;9915.0;0.0
av_WHEAT_d9;8100;INTARIAN_PEPPER_ROOT;12877;16;12873;8;;;12890;17;12893;17;;;12883.5;0.0
av_WHEAT_d9;8200;ASH_COATED_OSMIUM;9912;14;9909;21;;;9918;15;9920;17;;;9915.0;0.0
av_WHEAT_d9;8200;INTARIAN_PEPPER_ROOT;12879;15;12875;19;;;12885;21;12888;20;;;12882.0;0.0
av_WHEAT_d9;8300;ASH_COATED_OSMIUM;9904;10;9901;10;;;9926;17;9930;17;;;9915.0;0.0
av_WHEAT_d9;8300;INTARIAN_PEPPER_ROOT;12871;18;12868;8;;;12890;21;12892;27;;;12880.5;0.0
av_WHEAT_d9;8400;ASH_COATED_OSMIUM;9912;9;9909;23;;;9918;26;9921;25;;;9915.0;0.0
av_WHEAT_d9;8400;INTARIAN_PEPPER_ROOT;12875;12;12871;18;;;12883;11;12885;23;;;12879.0;0.0
av_WHEAT_d9;8500;ASH_COATED_OSMIUM;9909;14;9906;14;;;9921;18;9923;20;;;9915.0;0.0
av_WHEAT_d9;8500;INTARIAN_PEPPER_ROOT;12874;11;12872;23;;;12880;7;12882;22;;;12877.0;0.0
av_WHEAT_d9;8600;ASH_COATED_OSMIUM;9911;12;9907;21;;;9921;18;9925;24;;;9916.0;0.0
av_WHEAT_d9;8600;INTARIAN_PEPPER_ROOT;12865;11;12861;18;;;12888;23;12892;19;;;12876.5;0.0
av_WHEAT_d9;8700;ASH_COATED_OSMIUM;9912;11;9910;19;;;9918;17;9921;13;;;9915.0;0.0
av_WHEAT_d9;8700;INTARIAN_PEPPER_ROOT;12872;11;12868;17;;;12878;17;12881;18;;;12875.0;0.0
av_WHEAT_d9;8800;ASH_COATED_OSMIUM;9908;16;9906;10;;;9921;14;9923;30;;;9914.5;0.0
av_WHEAT_d9;8800;INTARIAN_PEPPER_ROOT;12870;9;12867;16;;;12877;18;12879;26;;;12873.5;0.0
av_WHEAT_d9;8900;ASH_COATED_OSMIUM;9911;12;9909;17;;;9917;22;9920;15;;;9914.0;0.0
av_WHEAT_d9;8900;INTARIAN_PEPPER_ROOT;12869;18;12867;16;;;12875;12;12877;16;;;12872.0;0.0
av_WHEAT_d9;9000;ASH_COATED_OSMIUM;9912;16;9908;24;;;9918;16;9920;16;;;9915.0;0.0
av_WHEAT_d9;9000;INTARIAN_PEPPER_ROOT;12867;28;12864;15;;;12875;10;12877;22;;;12871.0;0.0
av_WHEAT_d9;9100;ASH_COATED_OSMIUM;9908;10;9906;15;;;9922;23;9925;24;;;9915.0;0.0
av_WHEAT_d9;9100;INTARIAN_PEPPER_ROOT;12861;13;12859;19;;;12878;7;12880;14;;;12869.5;0.0
av_WHEAT_d9;9200;ASH_COATED_OSMIUM;9912;19;9909;8;;;9918;15;9921;21;;;9915.0;0.0
av_WHEAT_d9;9200;INTARIAN_PEPPER_ROOT;12864;13;12861;23;;;12870;10;12873;30;;;12867.0;0.0
av_WHEAT_d9;9300;ASH_COATED_OSMIUM;9912;20;9909;25;;;9918;13;9921;19;;;9915.0;0.0
av_WHEAT_d9;9300;INTARIAN_PEPPER_ROOT;12853;11;12850;21;;;12879;15;12883;21;;;12866.0;0.0
av_WHEAT_d9;9400;ASH_COATED_OSMIUM;9907;14;9904;17;;;9924;21;9927;12;;;9915.5;0.0
av_WHEAT_d9;9400;INTARIAN_PEPPER_ROOT;12858;17;12856;13;;;12871;10;12873;27;;;12864.5;0.0
av_WHEAT_d9;9500;ASH_COATED_OSMIUM;9912;20;9908;13;;;9918;20;9920;21;;;9915.0;0.0
av_WHEAT_d9;9500;INTARIAN_PEPPER_ROOT;12859;14;12857;17;;;12867;7;12871;21;;;12863.0;0.0
av_WHEAT_d9;9600;ASH_COATED_OSMIUM;9909;26;9906;27;;;9921;15;9925;26;;;9915.0;0.0
av_WHEAT_d9;9600;INTARIAN_PEPPER_ROOT;12859;13;12856;19;;;12865;16;12869;19;;;12862.0;0.0
av_WHEAT_d9;9700;ASH_COATED_OSMIUM;9911;18;9907;18;;;9920;19;9924;17;;;9915.5;0.0
av_WHEAT_d9;9700;INTARIAN_PEPPER_ROOT;12857;13;12854;22;;;12863;15;12865;18;;;12860.0;0.0
av_WHEAT_d9;9800;ASH_COATED_OSMIUM;9910;20;9906;19;;;9921;17;9925;14;;;9915.5;0.0
av_WHEAT_d9;9800;INTARIAN_PEPPER_ROOT;12856;9;12854;22;;;12862;21;12866;20;;;12859.0;0.0
av_WHEAT_d9;9900;ASH_COATED_OSMIUM;9905;8;9903;26;;;9926;17;9928;17;;;9915.5;0.0
av_WHEAT_d9;9900;INTARIAN_PEPPER_ROOT;12854;18;12850;14;;;12860;14;12862;16;;;12857.0;0.0
av_WHEAT_d9;10000;ASH_COATED_OSMIUM;9913;24;9909;27;;;9919;10;9921;27;;;9916.0;0.0
av_WHEAT_d9;10000;INTARIAN_PEPPER_ROOT;12853;17;12849;11;;;12859;12;12863;21;;;12856.0;0.0
av_WHEAT_d9;10100;ASH_COATED_OSMIUM;9912;23;9910;13;;;9918;21;9921;18;;;9915.0;0.0
av_WHEAT_d9;10100;INTARIAN_PEPPER_ROOT;12849;19;12846;12;;;12861;10;12863;24;;;12855.0;0.0
av_WHEAT_d9;10200;ASH_COATED_OSMIUM;9913;17;9911;23;;;9919;17;9923;15;;;9916.0;0.0
av_WHEAT_d9;10200;INTARIAN_PEPPER_ROOT;12850;21;12847;19;;;12856;19;12860;26;;;12853.0;0.0
av_WHEAT_d9;10300;ASH_COATED_OSMIUM;9913;14;9909;21;;;9919;11;9921;9;;;9916.0;0.0
av_WHEAT_d9;10300;INTARIAN_PEPPER_ROOT;12848;5;12844;23;;;12854;15;12856;13;;;12851.0;0.0
av_WHEAT_d9;10400;ASH_COATED_OSMIUM;9913;16;9909;20;;;9919;13;9921;11;;;9916.0;0.0
av_WHEAT_d9;10400;INTARIAN_PEPPER_ROOT;12846;19;12843;18;;;12854;11;12858;22;;;12850.0;0.0
av_WHEAT_d9;10500;ASH_COATED_OSMIUM;9913;22;9911;20;;;9919;19;9922;21;;;9916.0;0.0
av_WHEAT_d9;10500;INTARIAN_PEPPER_ROOT;12846;21;12842;18;;;12852;9;12855;16;;;12849.0;0.0
av_WHEAT_d9;10600;ASH_COATED_OSMIUM;9912;11;9910;21;;;9918;16;9920;19;;;9915.0;0.0
av_WHEAT_d9;10600;INTARIAN_PEPPER_ROOT;12845;22;12842;14;;;12851;11;12855;19;;;12848.0;0.0
av_WHEAT_d9;10700;ASH_COATED_OSMIUM;9913;10;9909;19;;;9919;7;9921;14;;;9916.0;0.0
av_WHEAT_d9;10700;INTARIAN_PEPPER_ROOT;12843;10;12841;19;;;12850;16;12854;16;;;12846.5;0.0
av_WHEAT_d9;10800;ASH_COATED_OSMIUM;9913;16;9911;17;;;9919;12;9923;20;;;9916.0;0.0
av_WHEAT_d9;10800;INTARIAN_PEPPER_ROOT;12842;24;12839;12;;;12848;18;12851;8;;;12845.0;0.0
av_WHEAT_d9;10900;ASH_COATED_OSMIUM;9905;17;9901;15;;;9926;25;9929;10;;;9915.5;0.0
av_WHEAT_d9;10900;INTARIAN_PEPPER_ROOT;12840;5;12838;19;;;12846;12;12848;13;;;12843.0;0.0
av_WHEAT_d9;11000;ASH_COATED_OSMIUM;9913;14;9909;23;;;9919;7;9921;18;;;9916.0;0.0
av_WHEAT_d9;11000;INTARIAN_PEPPER_ROOT;12838;13;12836;15;;;12846;12;12850;18;;;12842.0;0.0
av_WHEAT_d9;11100;ASH_COATED_OSMIUM;9913;13;9909;10;;;9919;14;9923;20;;;9916.0;0.0
av_WHEAT_d9;11100;INTARIAN_PEPPER_ROOT;12838;20;12836;13;;;12844;5;12846;30;;;12841.0;0.0
av_WHEAT_d9;11200;ASH_COATED_OSMIUM;9908;16;9906;22;;;9926;14;9929;23;;;9917.0;0.0
av_WHEAT_d9;11200;INTARIAN_PEPPER_ROOT;12836;9;12834;22;;;12842;22;12846;17;;;12839.0;0.0
av_WHEAT_d9;11300;ASH_COATED_OSMIUM;9898;6;9895;19;;;9935;14;9939;16;;;9916.5;0.0
av_WHEAT_d9;11300;INTARIAN_PEPPER_ROOT;12833;16;12830;22;;;12843;11;12845;13;;;12838.0;0.0
av_WHEAT_d9;11400;ASH_COATED_OSMIUM;9914;17;9911;22;;;9920;8;9922;8;;;9917.0;0.0
av_WHEAT_d9;11400;INTARIAN_PEPPER_ROOT;12830;21;12827;23;;;12840;10;12844;33;;;12835.0;0.0
av_WHEAT_d9;11500;ASH_COATED_OSMIUM;9909;12;9907;17;;;9924;18;9926;16;;;9916.5;0.0
av_WHEAT_d9;11500;INTARIAN_PEPPER_ROOT;12832;21;12830;17;;;12838;11;12840;9;;;12835.0;0.0
av_WHEAT_d9;11600;ASH_COATED_OSMIUM;9914;11;9910;18;;;9920;14;9923;9;;;9917.0;0.0
av_WHEAT_d9;11600;INTARIAN_PEPPER_ROOT;12830;12;12826;19;;;12838;9;12842;24;;;12834.0;0.0
av_WHEAT_d9;11700;ASH_COATED_OSMIUM;9910;16;9907;23;;;9923;20;9927;23;;;9916.5;0.0
av_WHEAT_d9;11700;INTARIAN_PEPPER_ROOT;12826;6;12824;19;;;12837;18;12840;27;;;12831.5;0.0
av_WHEAT_d9;11800;ASH_COATED_OSMIUM;9913;11;9909;24;;;9920;16;9924;25;;;9916.5;0.0
av_WHEAT_d9;11800;INTARIAN_PEPPER_ROOT;12813;8;12811;17;;;12848;12;12850;16;;;12830.5;0.0
av_WHEAT_d9;11900;ASH_COATED_OSMIUM;9913;7;9910;29;;;9919;5;9922;17;;;9916.0;0.0
av_WHEAT_d9;11900;INTARIAN_PEPPER_ROOT;12826;16;12823;12;;;12832;10;12834;17;;;12829.0;0.0
av_WHEAT_d9;12000;ASH_COATED_OSMIUM;9911;21;9908;21;;;9923;12;9927;19;;;9917.0;0.0
av_WHEAT_d9;12000;INTARIAN_PEPPER_ROOT;12822;16;12818;21;;;12833;19;12835;14;;;12827.5;0.0
av_WHEAT_d9;12100;ASH_COATED_OSMIUM;9912;10;9909;8;;;9920;10;9924;15;;;9916.0;0.0
av_WHEAT_d9;12100;INTARIAN_PEPPER_ROOT;12823;6;12820;24;;;12829;13;12831;23;;;12826.0;0.0
av_WHEAT_d9;12200;ASH_COATED_OSMIUM;9913;14;9910;25;;;9919;11;9921;18;;;9916.0;0.0
av_WHEAT_d9;12200;INTARIAN_PEPPER_ROOT;12822;17;12819;25;;;12828;14;12831;23;;;12825.0;0.0
av_WHEAT_d9;12300;ASH_COATED_OSMIUM;9913;10;9911;21;;;9919;9;9923;12;;;9916.0;0.0
av_WHEAT_d9;12300;INTARIAN_PEPPER_ROOT;12820;13;12818;23;;;12826;20;12828;26;;;12823.0;0.0
av_WHEAT_d9;12400;ASH_COATED_OSMIUM;9913;6;9911;14;;;9919;15;9922;25;;;9916.0;0.0
av_WHEAT_d9;12400;INTARIAN_PEPPER_ROOT;12819;17;12816;13;;;12825;19;12828;17;;;12822.0;0.0
av_WHEAT_d9;12500;ASH_COATED_OSMIUM;9913;10;9911;20;;;9920;15;9923;15;;;9916.5;0.0
av_WHEAT_d9;12500;INTARIAN_PEPPER_ROOT;12818;12;12814;19;;;12824;17;12827;10;;;12821.0;0.0
av_WHEAT_d9;12600;ASH_COATED_OSMIUM;9914;13;9910;17;;;9920;16;9924;17;;;9917.0;0.0
av_WHEAT_d9;12600;INTARIAN_PEPPER_ROOT;12815;18;12813;17;;;12821;14;12824;16;;;12818.0;0.0
av_WHEAT_d9;12700;ASH_COATED_OSMIUM;9905;14;9903;17;;;9928;25;9930;25;;;9916.5;0.0
av_WHEAT_d9;12700;INTARIAN_PEPPER_ROOT;12811;18;12807;24;;;12824;21;12827;20;;;12817.5;0.0
av_WHEAT_d9;12800;ASH_COATED_OSMIUM;9914;11;9912;14;;;9920;20;9922;16;;;9917.0;0.0
av_WHEAT_d9;12800;INTARIAN_PEPPER_ROOT;12803;5;12800;23;;;12830;14;12834;20;;;12816.5;0.0
av_WHEAT_d9;12900;ASH_COATED_OSMIUM;9913;16;9911;23;;;9919;16;9921;18;;;9916.0;0.0
av_WHEAT_d9;12900;INTARIAN_PEPPER_ROOT;12812;8;12808;17;;;12818;18;12821;27;;;12815.0;0.0
av_WHEAT_d9;13000;ASH_COATED_OSMIUM;9906;7;9903;18;;;9927;13;9930;19;;;9916.5;0.0
av_WHEAT_d9;13000;INTARIAN_PEPPER_ROOT;12807;18;12803;10;;;12820;18;12822;14;;;12813.5;0.0
av_WHEAT_d9;13100;ASH_COATED_OSMIUM;9913;12;9911;17;;;9919;12;9923;19;;;9916.0;0.0
av_WHEAT_d9;13100;INTARIAN_PEPPER_ROOT;12809;12;12805;17;;;12815;27;12818;16;;;12812.0;0.0
av_WHEAT_d9;13200;ASH_COATED_OSMIUM;9913;11;9910;20;;;9919;13;9921;22;;;9916.0;0.0
av_WHEAT_d9;13200;INTARIAN_PEPPER_ROOT;12808;13;12805;20;;;12814;14;12817;14;;;12811.0;0.0
av_WHEAT_d9;13300;ASH_COATED_OSMIUM;9914;12;9910;17;;;9920;20;9923;24;;;9917.0;0.0
av_WHEAT_d9;13300;INTARIAN_PEPPER_ROOT;12806;13;12802;15;;;12812;10;12814;26;;;12809.0;0.0
av_WHEAT_d9;13400;ASH_COATED_OSMIUM;9912;13;9909;14;;;9920;20;9922;17;;;9916.0;0.0
av_WHEAT_d9;13400;INTARIAN_PEPPER_ROOT;12805;17;12803;18;;;12811;13;12813;17;;;12808.0;0.0
av_WHEAT_d9;13500;ASH_COATED_OSMIUM;9914;15;9911;26;;;9920;18;9924;16;;;9917.0;0.0
av_WHEAT_d9;13500;INTARIAN_PEPPER_ROOT;12803;19;12799;20;;;12809;11;12812;31;;;12806.0;0.0
av_WHEAT_d9;13600;ASH_COATED_OSMIUM;9914;14;9912;22;;;9920;16;9923;18;;;9917.0;0.0
av_WHEAT_d9;13600;INTARIAN_PEPPER_ROOT;12802;17;12799;17;;;12808;10;12812;16;;;12805.0;0.0
av_WHEAT_d9;13700;ASH_COATED_OSMIUM;9912;19;9910;18;;;9922;12;9924;14;;;9917.0;0.0
av_WHEAT_d9;13700;INTARIAN_PEPPER_ROOT;12788;16;12786;16;;;12818;21;12820;19;;;12803.0;0.0
av_WHEAT_d9;13800;ASH_COATED_OSMIUM;9908;12;9905;18;;;9927;15;9929;19;;;9917.5;0.0
av_WHEAT_d9;13800;INTARIAN_PEPPER_ROOT;12798;13;12794;25;;;12804;10;12807;27;;;12801.0;0.0
av_WHEAT_d9;13900;ASH_COATED_OSMIUM;9913;15;9910;18;;;9922;11;9925;25;;;9917.5;0.0
av_WHEAT_d9;13900;INTARIAN_PEPPER_ROOT;12786;20;12783;18;;;12813;14;12815;20;;;12799.5;0.0
av_WHEAT_d9;14000;ASH_COATED_OSMIUM;9909;5;9907;15;;;9925;17;9928;21;;;9917.0;0.0
av_WHEAT_d9;14000;INTARIAN_PEPPER_ROOT;12789;22;12786;16;;;12810;19;12812;22;;;12799.5;0.0
av_WHEAT_d9;14100;ASH_COATED_OSMIUM;9915;6;9913;19;;;9921;17;9925;12;;;9918.0;0.0
av_WHEAT_d9;14100;INTARIAN_PEPPER_ROOT;12794;9;12791;22;;;12800;15;12804;20;;;12797.0;0.0
av_WHEAT_d9;14200;ASH_COATED_OSMIUM;9912;15;9910;26;;;9921;18;9924;22;;;9916.5;0.0
av_WHEAT_d9;14200;INTARIAN_PEPPER_ROOT;12793;12;12789;18;;;12799;7;12801;14;;;12796.0;0.0
av_WHEAT_d9;14300;ASH_COATED_OSMIUM;9914;9;9910;15;;;9920;17;9922;21;;;9917.0;0.0
av_WHEAT_d9;14300;INTARIAN_PEPPER_ROOT;12786;16;12783;22;;;12803;10;12806;18;;;12794.5;0.0
av_WHEAT_d9;14400;ASH_COATED_OSMIUM;9913;15;9909;23;;;9922;20;9926;15;;;9917.5;0.0
av_WHEAT_d9;14400;INTARIAN_PEPPER_ROOT;12790;19;12786;17;;;12796;14;12800;29;;;12793.0;0.0
av_WHEAT_d9;14500;ASH_COATED_OSMIUM;9914;25;9910;28;;;9920;13;9924;29;;;9917.0;0.0
av_WHEAT_d9;14500;INTARIAN_PEPPER_ROOT;12787;15;12783;32;;;12796;11;12798;20;;;12791.5;0.0
av_WHEAT_d9;14600;ASH_COATED_OSMIUM;9914;16;9910;14;;;9920;14;9923;20;;;9917.0;0.0
av_WHEAT_d9;14600;INTARIAN_PEPPER_ROOT;12786;14;12783;17;;;12795;10;12798;13;;;12790.5;0.0
av_WHEAT_d9;14700;ASH_COATED_OSMIUM;9909;5;9907;13;;;9925;15;9927;26;;;9917.0;0.0
av_WHEAT_d9;14700;INTARIAN_PEPPER_ROOT;12785;11;12781;19;;;12791;17;12794;14;;;12788.0;0.0
av_WHEAT_d9;14800;ASH_COATED_OSMIUM;9915;14;9911;25;;;9921;18;9923;16;;;9918.0;0.0
av_WHEAT_d9;14800;INTARIAN_PEPPER_ROOT;12782;18;12778;25;;;12793;9;12796;19;;;12787.5;0.0
av_WHEAT_d9;14900;ASH_COATED_OSMIUM;9915;18;9912;23;;;9921;19;9924;31;;;9918.0;0.0
av_WHEAT_d9;14900;INTARIAN_PEPPER_ROOT;12782;9;12779;24;;;12790;16;12794;10;;;12786.0;0.0
av_WHEAT_d9;15000;ASH_COATED_OSMIUM;9914;12;9910;24;;;9920;17;9924;26;;;9917.0;0.0
av_WHEAT_d9;15000;INTARIAN_PEPPER_ROOT;12781;11;12779;26;;;12787;27;12791;21;;;12784.0;0.0
av_WHEAT_d9;15100;ASH_COATED_OSMIUM;9909;14;9907;26;;;9926;14;9930;18;;;9917.5;0.0
av_WHEAT_d9;15100;INTARIAN_PEPPER_ROOT;12778;12;12774;18;;;12789;9;12793;24;;;12783.5;0.0
av_WHEAT_d9;15200;ASH_COATED_OSMIUM;9908;18;9905;21;;;9929;14;9933;14;;;9918.5;0.0
av_WHEAT_d9;15200;INTARIAN_PEPPER_ROOT;12779;13;12777;22;;;12785;17;12787;19;;;12782.0;0.0
av_WHEAT_d9;15300;ASH_COATED_OSMIUM;9914;16;9910;22;;;9920;9;9922;20;;;9917.0;0.0
av_WHEAT_d9;15300;INTARIAN_PEPPER_ROOT;12777;17;12774;13;;;12783;15;12785;24;;;12780.0;0.0
av_WHEAT_d9;15400;ASH_COATED_OSMIUM;9914;15;9910;20;;;9921;16;9925;23;;;9917.5;0.0
av_WHEAT_d9;15400;INTARIAN_PEPPER_ROOT;12771;6;12768;15;;;12787;11;12789;16;;;12779.0;0.0
av_WHEAT_d9;15500;ASH_COATED_OSMIUM;9913;12;9909;15;;;9923;9;9926;22;;;9918.0;0.0
av_WHEAT_d9;15500;INTARIAN_PEPPER_ROOT;12767;13;12765;18;;;12788;13;12791;24;;;12777.5;0.0
av_WHEAT_d9;15600;ASH_COATED_OSMIUM;9915;20;9912;22;;;9921;12;9924;15;;;9918.0;0.0
av_WHEAT_d9;15600;INTARIAN_PEPPER_ROOT;12768;8;12764;19;;;12784;18;12786;20;;;12776.0;0.0
av_WHEAT_d9;15700;ASH_COATED_OSMIUM;9915;14;9913;24;;;9921;13;9924;14;;;9918.0;0.0
av_WHEAT_d9;15700;INTARIAN_PEPPER_ROOT;12772;12;12770;23;;;12778;14;12781;18;;;12775.0;0.0
av_WHEAT_d9;15800;ASH_COATED_OSMIUM;9915;28;9912;14;;;9921;17;9925;22;;;9918.0;0.0
av_WHEAT_d9;15800;INTARIAN_PEPPER_ROOT;12770;18;12766;19;;;12776;5;12778;14;;;12773.0;0.0
av_WHEAT_d9;15900;ASH_COATED_OSMIUM;9911;19;9908;31;;;9925;20;9929;23;;;9918.0;0.0
av_WHEAT_d9;15900;INTARIAN_PEPPER_ROOT;12769;16;12766;13;;;12775;14;12779;18;;;12772.0;0.0
av_WHEAT_d9;16000;ASH_COATED_OSMIUM;9910;9;9908;9;;;9925;14;9928;13;;;9917.5;0.0
av_WHEAT_d9;16000;INTARIAN_PEPPER_ROOT;12767;15;12764;22;;;12773;15;12777;24;;;12770.0;0.0
av_WHEAT_d9;16100;ASH_COATED_OSMIUM;9914;18;9910;25;;;9921;16;9925;14;;;9917.5;0.0
av_WHEAT_d9;16100;INTARIAN_PEPPER_ROOT;12765;13;12761;17;;;12772;18;12774;17;;;12768.5;0.0
av_WHEAT_d9;16200;ASH_COATED_OSMIUM;9910;14;9907;21;;;9926;14;9928;23;;;9918.0;0.0
av_WHEAT_d9;16200;INTARIAN_PEPPER_ROOT;12764;21;12761;13;;;12770;13;12774;23;;;12767.0;0.0
av_WHEAT_d9;16300;ASH_COATED_OSMIUM;9915;11;9913;21;;;9921;22;9925;17;;;9918.0;0.0
av_WHEAT_d9;16300;INTARIAN_PEPPER_ROOT;12763;16;12759;23;;;12769;15;12773;12;;;12766.0;0.0
av_WHEAT_d9;16400;ASH_COATED_OSMIUM;9913;17;9911;22;;;9923;18;9926;17;;;9918.0;0.0
av_WHEAT_d9;16400;INTARIAN_PEPPER_ROOT;12762;5;12758;19;;;12768;17;12771;23;;;12765.0;0.0
av_WHEAT_d9;16500;ASH_COATED_OSMIUM;9915;18;9911;8;;;9921;13;9924;13;;;9918.0;0.0
av_WHEAT_d9;16500;INTARIAN_PEPPER_ROOT;12760;10;12757;22;;;12766;6;12769;25;;;12763.0;0.0
av_WHEAT_d9;16600;ASH_COATED_OSMIUM;9914;12;9911;17;;;9922;23;9924;17;;;9918.0;0.0
av_WHEAT_d9;16600;INTARIAN_PEPPER_ROOT;12759;11;12755;25;;;12765;29;12769;24;;;12762.0;0.0
av_WHEAT_d9;16700;ASH_COATED_OSMIUM;9915;13;9913;24;;;9921;15;9924;16;;;9918.0;0.0
av_WHEAT_d9;16700;INTARIAN_PEPPER_ROOT;12757;17;12755;15;;;12763;23;12766;14;;;12760.0;0.0
av_WHEAT_d9;16800;ASH_COATED_OSMIUM;9915;16;9913;19;;;9921;8;9924;27;;;9918.0;0.0
av_WHEAT_d9;16800;INTARIAN_PEPPER_ROOT;12755;10;12752;23;;;12762;19;12765;12;;;12758.5;0.0
av_WHEAT_d9;16900;ASH_COATED_OSMIUM;9910;25;9908;25;;;9927;14;9931;21;;;9918.5;0.0
av_WHEAT_d9;16900;INTARIAN_PEPPER_ROOT;12754;9;12752;14;;;12760;16;12763;18;;;12757.0;0.0
av_WHEAT_d9;17000;ASH_COATED_OSMIUM;9907;20;9905;24;;;9930;18;9933;17;;;9918.5;0.0
av_WHEAT_d9;17000;INTARIAN_PEPPER_ROOT;12752;15;12748;24;;;12758;17;12762;18;;;12755.0;0.0
av_WHEAT_d9;17100;ASH_COATED_OSMIUM;9903;25;9901;15;;;9934;17;9938;26;;;9918.5;0.0
av_WHEAT_d9;17100;INTARIAN_PEPPER_ROOT;12750;13;12747;29;;;12756;27;12759;15;;;12753.0;0.0
av_WHEAT_d9;17200;ASH_COATED_OSMIUM;9915;7;9911;16;;;9921;14;9925;24;;;9918.0;0.0
av_WHEAT_d9;17200;INTARIAN_PEPPER_ROOT;12747;20;12745;22;;;12753;13;12756;16;;;12750.0;0.0
av_WHEAT_d9;17300;ASH_COATED_OSMIUM;9915;16;9912;19;;;9921;20;9923;17;;;9918.0;0.0
av_WHEAT_d9;17300;INTARIAN_PEPPER_ROOT;12744;13;12741;28;;;12750;13;12754;20;;;12747.0;0.0
av_WHEAT_d9;17400;ASH_COATED_OSMIUM;9915;13;9912;15;;;9921;19;9923;9;;;9918.0;0.0
av_WHEAT_d9;17400;INTARIAN_PEPPER_ROOT;12741;14;12738;24;;;12747;15;12750;13;;;12744.0;0.0
av_WHEAT_d9;17500;ASH_COATED_OSMIUM;9912;25;9910;12;;;9925;11;9928;26;;;9918.5;0.0
av_WHEAT_d9;17500;INTARIAN_PEPPER_ROOT;12739;23;12735;27;;;12745;13;12748;18;;;12742.0;0.0
av_WHEAT_d9;17600;ASH_COATED_OSMIUM;9915;23;9912;20;;;9921;17;9925;14;;;9918.0;0.0
av_WHEAT_d9;17600;INTARIAN_PEPPER_ROOT;12736;11;12732;24;;;12742;21;12745;22;;;12739.0;0.0
av_WHEAT_d9;17700;ASH_COATED_OSMIUM;9915;18;9911;14;;;9921;12;9924;28;;;9918.0;0.0
av_WHEAT_d9;17700;INTARIAN_PEPPER_ROOT;12733;18;12730;26;;;12739;10;12741;24;;;12736.0;0.0
av_WHEAT_d9;17800;ASH_COATED_OSMIUM;9915;11;9911;8;;;9921;16;9923;13;;;9918.0;0.0
av_WHEAT_d9;17800;INTARIAN_PEPPER_ROOT;12730;14;12727;21;;;12736;15;12739;18;;;12733.0;0.0
av_WHEAT_d9;17900;ASH_COATED_OSMIUM;9915;18;9911;18;;;9921;11;9924;11;;;9918.0;0.0
av_WHEAT_d9;17900;INTARIAN_PEPPER_ROOT;12727;15;12724;18;;;12735;16;12737;27;;;12731.0;0.0
av_WHEAT_d9;18000;ASH_COATED_OSMIUM;9908;8;9905;20;;;9928;10;9930;28;;;9918.0;0.0
av_WHEAT_d9;18000;INTARIAN_PEPPER_ROOT;12721;15;12717;20;;;12733;5;12736;24;;;12727.0;0.0
av_WHEAT_d9;18100;ASH_COATED_OSMIUM;9915;12;9912;23;;;9921;11;9925;16;;;9918.0;0.0
av_WHEAT_d9;18100;INTARIAN_PEPPER_ROOT;12722;14;12720;22;;;12728;13;12732;14;;;12725.0;0.0
av_WHEAT_d9;18200;ASH_COATED_OSMIUM;9913;13;9910;13;;;9924;21;9927;23;;;9918.5;0.0
av_WHEAT_d9;18200;INTARIAN_PEPPER_ROOT;12719;13;12716;21;;;12725;15;12729;16;;;12722.0;0.0
av_WHEAT_d9;18300;ASH_COATED_OSMIUM;9908;16;9904;23;;;9928;18;9930;15;;;9918.0;0.0
av_WHEAT_d9;18300;INTARIAN_PEPPER_ROOT;12716;17;12713;18;;;12722;13;12725;18;;;12719.0;0.0
av_WHEAT_d9;18400;ASH_COATED_OSMIUM;9915;17;9911;19;;;9921;12;9925;23;;;9918.0;0.0
av_WHEAT_d9;18400;INTARIAN_PEPPER_ROOT;12713;16;12709;27;;;12720;22;12724;18;;;12716.5;0.0
av_WHEAT_d9;18500;ASH_COATED_OSMIUM;9915;12;9912;25;;;9921;15;9923;18;;;9918.0;0.0
av_WHEAT_d9;18500;INTARIAN_PEPPER_ROOT;12711;14;12708;11;;;12717;16;12719;21;;;12714.0;0.0
av_WHEAT_d9;18600;ASH_COATED_OSMIUM;9915;12;9913;15;;;9921;11;9923;17;;;9918.0;0.0
av_WHEAT_d9;18600;INTARIAN_PEPPER_ROOT;12708;10;12706;11;;;12714;16;12716;25;;;12711.0;0.0
av_WHEAT_d9;18700;ASH_COATED_OSMIUM;9915;27;9913;22;;;9921;6;9924;24;;;9918.0;0.0
av_WHEAT_d9;18700;INTARIAN_PEPPER_ROOT;12705;25;12702;18;;;12711;7;12713;17;;;12708.0;0.0
av_WHEAT_d9;18800;ASH_COATED_OSMIUM;9914;8;9910;16;;;9920;22;9922;29;;;9917.0;0.0
av_WHEAT_d9;18800;INTARIAN_PEPPER_ROOT;12703;18;12701;30;;;12709;10;12713;29;;;12706.0;0.0
av_WHEAT_d9;18900;ASH_COATED_OSMIUM;9910;12;9908;18;;;9925;16;9929;19;;;9917.5;0.0
av_WHEAT_d9;18900;INTARIAN_PEPPER_ROOT;12693;16;12691;22;;;12712;10;12714;16;;;12702.5;0.0
av_WHEAT_d9;19000;ASH_COATED_OSMIUM;9915;19;9911;18;;;9921;30;9924;20;;;9918.0;0.0
av_WHEAT_d9;19000;INTARIAN_PEPPER_ROOT;12697;16;12693;32;;;12704;15;12707;11;;;12700.5;0.0
av_WHEAT_d9;19100;ASH_COATED_OSMIUM;9914;20;9911;17;;;9922;19;9924;23;;;9918.0;0.0
av_WHEAT_d9;19100;INTARIAN_PEPPER_ROOT;12695;13;12693;20;;;12701;23;12705;20;;;12698.0;0.0
av_WHEAT_d9;19200;ASH_COATED_OSMIUM;9915;14;9912;24;;;9921;21;9923;24;;;9918.0;0.0
av_WHEAT_d9;19200;INTARIAN_PEPPER_ROOT;12692;16;12690;15;;;12698;13;12700;15;;;12695.0;0.0
av_WHEAT_d9;19300;ASH_COATED_OSMIUM;9912;12;9908;20;;;9924;16;9927;24;;;9918.0;0.0
av_WHEAT_d9;19300;INTARIAN_PEPPER_ROOT;12689;14;12686;23;;;12695;20;12697;19;;;12692.0;0.0
av_WHEAT_d9;19400;ASH_COATED_OSMIUM;9915;17;9913;21;;;9921;14;9924;26;;;9918.0;0.0
av_WHEAT_d9;19400;INTARIAN_PEPPER_ROOT;12686;14;12684;23;;;12692;22;12694;22;;;12689.0;0.0
av_WHEAT_d9;19500;ASH_COATED_OSMIUM;9915;14;9912;18;;;9921;27;9925;21;;;9918.0;0.0
av_WHEAT_d9;19500;INTARIAN_PEPPER_ROOT;12680;21;12678;19;;;12692;12;12696;16;;;12686.0;0.0
av_WHEAT_d9;19600;ASH_COATED_OSMIUM;9913;22;9910;16;;;9923;16;9927;14;;;9918.0;0.0
av_WHEAT_d9;19600;INTARIAN_PEPPER_ROOT;12681;10;12679;20;;;12687;16;12691;21;;;12684.0;0.0
av_WHEAT_d9;19700;ASH_COATED_OSMIUM;9915;15;9912;23;;;9921;7;9923;16;;;9918.0;0.0
av_WHEAT_d9;19700;INTARIAN_PEPPER_ROOT;12678;18;12676;14;;;12684;13;12688;19;;;12681.0;0.0
av_WHEAT_d9;19800;ASH_COATED_OSMIUM;9914;5;9911;19;;;9922;8;9924;22;;;9918.0;0.0
av_WHEAT_d9;19800;INTARIAN_PEPPER_ROOT;12675;22;12671;17;;;12681;16;12685;22;;;12678.0;0.0
av_WHEAT_d9;19900;ASH_COATED_OSMIUM;9915;15;9911;23;;;9921;23;9924;21;;;9918.0;0.0
av_WHEAT_d9;19900;INTARIAN_PEPPER_ROOT;12672;19;12670;14;;;12678;17;12682;23;;;12675.0;0.0
av_WHEAT_d9;20000;ASH_COATED_OSMIUM;9913;11;9910;11;;;9924;15;9926;22;;;9918.5;0.0
av_WHEAT_d9;20000;INTARIAN_PEPPER_ROOT;12670;14;12668;26;;;12676;5;12678;21;;;12673.0;0.0
av_WHEAT_d9;20100;ASH_COATED_OSMIUM;9915;12;9911;16;;;9921;14;9924;14;;;9918.0;0.0
av_WHEAT_d9;20100;INTARIAN_PEPPER_ROOT;12667;20;12663;8;;;12673;14;12675;18;;;12670.0;0.0
av_WHEAT_d9;20200;ASH_COATED_OSMIUM;9915;13;9912;26;;;9921;6;9925;20;;;9918.0;0.0
av_WHEAT_d9;20200;INTARIAN_PEPPER_ROOT;12664;22;12660;19;;;12670;14;12674;11;;;12667.0;0.0
av_WHEAT_d9;20300;ASH_COATED_OSMIUM;9904;18;9901;14;;;9932;14;9935;18;;;9918.0;0.0
av_WHEAT_d9;20300;INTARIAN_PEPPER_ROOT;12662;7;12658;22;;;12668;19;12671;22;;;12665.0;0.0
av_WHEAT_d9;20400;ASH_COATED_OSMIUM;9914;11;9912;22;;;9921;5;9923;21;;;9917.5;0.0
av_WHEAT_d9;20400;INTARIAN_PEPPER_ROOT;12659;21;12657;19;;;12665;21;12667;27;;;12662.0;0.0
av_WHEAT_d9;20500;ASH_COATED_OSMIUM;9908;5;9906;20;;;9928;8;9932;11;;;9918.0;0.0
av_WHEAT_d9;20500;INTARIAN_PEPPER_ROOT;12656;10;12654;15;;;12662;12;12665;14;;;12659.0;0.0
av_WHEAT_d9;20600;ASH_COATED_OSMIUM;9910;11;9906;21;;;9925;18;9928;19;;;9917.5;0.0
av_WHEAT_d9;20600;INTARIAN_PEPPER_ROOT;12652;13;12650;12;;;12661;20;12664;24;;;12656.5;0.0
av_WHEAT_d9;20700;ASH_COATED_OSMIUM;9915;5;9913;13;;;9921;19;9923;14;;;9918.0;0.0
av_WHEAT_d9;20700;INTARIAN_PEPPER_ROOT;12651;6;12648;25;;;12657;14;12661;17;;;12654.0;0.0
av_WHEAT_d9;20800;ASH_COATED_OSMIUM;9915;10;9911;16;;;9921;19;9925;25;;;9918.0;0.0
av_WHEAT_d9;20800;INTARIAN_PEPPER_ROOT;12648;6;12646;19;;;12654;24;12656;20;;;12651.0;0.0
av_WHEAT_d9;20900;ASH_COATED_OSMIUM;9915;17;9911;21;;;9921;16;9924;13;;;9918.0;0.0
av_WHEAT_d9;20900;INTARIAN_PEPPER_ROOT;12645;15;12642;21;;;12651;22;12654;19;;;12648.0;0.0
av_WHEAT_d9;21000;ASH_COATED_OSMIUM;9911;10;9907;20;;;9926;11;9928;23;;;9918.5;0.0
av_WHEAT_d9;21000;INTARIAN_PEPPER_ROOT;12632;22;12630;17;;;12658;21;12661;12;;;12645.0;0.0
av_WHEAT_d9;21100;ASH_COATED_OSMIUM;9915;20;9911;19;;;9921;11;9923;19;;;9918.0;0.0
av_WHEAT_d9;21100;INTARIAN_PEPPER_ROOT;12640;9;12637;18;;;12646;13;12648;11;;;12643.0;0.0
av_WHEAT_d9;21200;ASH_COATED_OSMIUM;9914;6;9912;26;;;9920;6;9923;17;;;9917.0;0.0
av_WHEAT_d9;21200;INTARIAN_PEPPER_ROOT;12634;13;12630;16;;;12646;13;12648;25;;;12640.0;0.0
av_WHEAT_d9;21300;ASH_COATED_OSMIUM;9915;8;9913;22;;;9921;20;9924;23;;;9918.0;0.0
av_WHEAT_d9;21300;INTARIAN_PEPPER_ROOT;12632;16;12630;23;;;12643;11;12646;15;;;12637.5;0.0
av_WHEAT_d9;21400;ASH_COATED_OSMIUM;9915;20;9912;16;;;9921;15;9925;25;;;9918.0;0.0
av_WHEAT_d9;21400;INTARIAN_PEPPER_ROOT;12631;9;12629;22;;;12639;17;12643;20;;;12635.0;0.0
av_WHEAT_d9;21500;ASH_COATED_OSMIUM;9914;12;9910;14;;;9920;17;9924;13;;;9917.0;0.0
av_WHEAT_d9;21500;INTARIAN_PEPPER_ROOT;12629;15;12626;10;;;12635;5;12638;21;;;12632.0;0.0
av_WHEAT_d9;21600;ASH_COATED_OSMIUM;9901;13;9899;21;;;9935;18;9937;23;;;9918.0;0.0
av_WHEAT_d9;21600;INTARIAN_PEPPER_ROOT;12625;24;12622;16;;;12632;24;12634;20;;;12628.5;0.0
av_WHEAT_d9;21700;ASH_COATED_OSMIUM;9905;19;9901;23;;;9930;15;9934;20;;;9917.5;0.0
av_WHEAT_d9;21700;INTARIAN_PEPPER_ROOT;12623;20;12621;23;;;12629;10;12632;20;;;12626.0;0.0
av_WHEAT_d9;21800;ASH_COATED_OSMIUM;9915;16;9911;14;;;9921;14;9924;18;;;9918.0;0.0
av_WHEAT_d9;21800;INTARIAN_PEPPER_ROOT;12618;14;12616;22;;;12628;13;12632;13;;;12623.0;0.0
av_WHEAT_d9;21900;ASH_COATED_OSMIUM;9909;12;9907;21;;;9927;15;9930;27;;;9918.0;0.0
av_WHEAT_d9;21900;INTARIAN_PEPPER_ROOT;12609;10;12605;26;;;12632;26;12634;18;;;12620.5;0.0
av_WHEAT_d9;22000;ASH_COATED_OSMIUM;9915;12;9913;20;;;9921;14;9924;16;;;9918.0;0.0
av_WHEAT_d9;22000;INTARIAN_PEPPER_ROOT;12612;20;12608;21;;;12625;13;12628;23;;;12618.5;0.0
av_WHEAT_d9;22100;ASH_COATED_OSMIUM;9908;15;9905;8;;;9927;22;9931;12;;;9917.5;0.0
av_WHEAT_d9;22100;INTARIAN_PEPPER_ROOT;12609;20;12607;25;;;12622;14;12625;26;;;12615.5;0.0
av_WHEAT_d9;22200;ASH_COATED_OSMIUM;9914;20;9910;21;;;9921;21;9923;26;;;9917.5;0.0
av_WHEAT_d9;22200;INTARIAN_PEPPER_ROOT;12609;20;12606;19;;;12617;17;12619;29;;;12613.0;0.0
av_WHEAT_d9;22300;ASH_COATED_OSMIUM;9914;25;9910;21;;;9920;19;9923;19;;;9917.0;0.0
av_WHEAT_d9;22300;INTARIAN_PEPPER_ROOT;12601;14;12597;24;;;12620;9;12624;18;;;12610.5;0.0
av_WHEAT_d9;22400;ASH_COATED_OSMIUM;9915;13;9911;20;;;9921;16;9924;16;;;9918.0;0.0
av_WHEAT_d9;22400;INTARIAN_PEPPER_ROOT;12604;11;12601;18;;;12610;20;12612;13;;;12607.0;0.0
av_WHEAT_d9;22500;ASH_COATED_OSMIUM;9914;5;9910;16;;;9920;20;9924;15;;;9917.0;0.0
av_WHEAT_d9;22500;INTARIAN_PEPPER_ROOT;12597;6;12594;15;;;12613;17;12616;20;;;12605.0;0.0
av_WHEAT_d9;22600;ASH_COATED_OSMIUM;9915;20;9912;21;;;9921;16;9925;20;;;9918.0;0.0
av_WHEAT_d9;22600;INTARIAN_PEPPER_ROOT;12599;9;12595;29;;;12605;23;12607;14;;;12602.0;0.0
av_WHEAT_d9;22700;ASH_COATED_OSMIUM;9912;9;9909;21;;;9922;15;9925;24;;;9917.0;0.0
av_WHEAT_d9;22700;INTARIAN_PEPPER_ROOT;12596;13;12593;20;;;12602;8;12604;25;;;12599.0;0.0
av_WHEAT_d9;22800;ASH_COATED_OSMIUM;9915;13;9913;17;;;9921;11;9923;16;;;9918.0;0.0
av_WHEAT_d9;22800;INTARIAN_PEPPER_ROOT;12593;8;12589;15;;;12599;23;12601;19;;;12596.0;0.0
av_WHEAT_d9;22900;ASH_COATED_OSMIUM;9915;10;9911;20;;;9921;13;9923;18;;;9918.0;0.0
av_WHEAT_d9;22900;INTARIAN_PEPPER_ROOT;12591;21;12589;25;;;12597;16;12600;21;;;12594.0;0.0
av_WHEAT_d9;23000;ASH_COATED_OSMIUM;9915;16;9911;22;;;9921;16;9923;12;;;9918.0;0.0
av_WHEAT_d9;23000;INTARIAN_PEPPER_ROOT;12568;9;12564;14;;;12613;15;12615;15;;;12590.5;0.0
av_WHEAT_d9;23100;ASH_COATED_OSMIUM;9915;11;9911;14;;;9921;14;9925;20;;;9918.0;0.0
av_WHEAT_d9;23100;INTARIAN_PEPPER_ROOT;12585;12;12583;19;;;12591;17;12595;19;;;12588.0;0.0
av_WHEAT_d9;23200;ASH_COATED_OSMIUM;9913;17;9911;32;;;9922;13;9926;19;;;9917.5;0.0
av_WHEAT_d9;23200;INTARIAN_PEPPER_ROOT;12582;11;12579;25;;;12588;16;12590;17;;;12585.0;0.0
av_WHEAT_d9;23300;ASH_COATED_OSMIUM;9910;18;9908;17;;;9925;15;9929;10;;;9917.5;0.0
av_WHEAT_d9;23300;INTARIAN_PEPPER_ROOT;12573;23;12571;19;;;12591;17;12594;28;;;12582.0;0.0
av_WHEAT_d9;23400;ASH_COATED_OSMIUM;9915;10;9913;23;;;9921;18;9923;15;;;9918.0;0.0
av_WHEAT_d9;23400;INTARIAN_PEPPER_ROOT;12576;11;12573;17;;;12582;14;12585;13;;;12579.0;0.0
av_WHEAT_d9;23500;ASH_COATED_OSMIUM;9913;5;9909;15;;;9922;14;9926;19;;;9917.5;0.0
av_WHEAT_d9;23500;INTARIAN_PEPPER_ROOT;12567;15;12564;22;;;12587;9;12591;16;;;12577.0;0.0
av_WHEAT_d9;23600;ASH_COATED_OSMIUM;9914;7;9911;33;;;9920;9;9922;20;;;9917.0;0.0
av_WHEAT_d9;23600;INTARIAN_PEPPER_ROOT;12568;16;12566;21;;;12578;8;12582;12;;;12573.0;0.0
av_WHEAT_d9;23700;ASH_COATED_OSMIUM;9915;23;9911;11;;;9921;18;9925;21;;;9918.0;0.0
av_WHEAT_d9;23700;INTARIAN_PEPPER_ROOT;12568;8;12565;19;;;12574;16;12577;22;;;12571.0;0.0
av_WHEAT_d9;23800;ASH_COATED_OSMIUM;9914;16;9910;25;;;9922;23;9926;17;;;9918.0;0.0
av_WHEAT_d9;23800;INTARIAN_PEPPER_ROOT;12566;14;12564;24;;;12572;5;12575;20;;;12569.0;0.0
av_WHEAT_d9;23900;ASH_COATED_OSMIUM;9915;16;9912;15;;;9921;26;9923;20;;;9918.0;0.0
av_WHEAT_d9;23900;INTARIAN_PEPPER_ROOT;12560;8;12557;19;;;12573;16;12575;20;;;12566.5;0.0
av_WHEAT_d9;24000;ASH_COATED_OSMIUM;9904;12;9901;8;;;9930;19;9932;15;;;9917.0;0.0
av_WHEAT_d9;24000;INTARIAN_PEPPER_ROOT;12555;17;12553;13;;;12572;16;12576;23;;;12563.5;0.0
av_WHEAT_d9;24100;ASH_COATED_OSMIUM;9911;16;9908;15;;;9923;19;9927;26;;;9917.0;0.0
av_WHEAT_d9;24100;INTARIAN_PEPPER_ROOT;12557;12;12554;26;;;12563;12;12566;12;;;12560.0;0.0
av_WHEAT_d9;24200;ASH_COATED_OSMIUM;9915;19;9913;19;;;9921;18;9923;15;;;9918.0;0.0
av_WHEAT_d9;24200;INTARIAN_PEPPER_ROOT;12554;23;12551;19;;;12560;10;12563;17;;;12557.0;0.0
av_WHEAT_d9;24300;ASH_COATED_OSMIUM;9914;13;9911;26;;;9920;13;9922;22;;;9917.0;0.0
av_WHEAT_d9;24300;INTARIAN_PEPPER_ROOT;12552;22;12548;9;;;12558;18;12560;8;;;12555.0;0.0
av_WHEAT_d9;24400;ASH_COATED_OSMIUM;9915;14;9913;21;;;9921;14;9924;18;;;9918.0;0.0
av_WHEAT_d9;24400;INTARIAN_PEPPER_ROOT;12545;12;12541;20;;;12559;14;12562;15;;;12552.0;0.0
av_WHEAT_d9;24500;ASH_COATED_OSMIUM;9915;14;9911;11;;;9921;20;9925;26;;;9918.0;0.0
av_WHEAT_d9;24500;INTARIAN_PEPPER_ROOT;12546;15;12544;20;;;12552;5;12555;24;;;12549.0;0.0
av_WHEAT_d9;24600;ASH_COATED_OSMIUM;9915;10;9913;15;;;9921;5;9923;21;;;9918.0;0.0
av_WHEAT_d9;24600;INTARIAN_PEPPER_ROOT;12543;12;12539;20;;;12549;12;12551;18;;;12546.0;0.0
av_WHEAT_d9;24700;ASH_COATED_OSMIUM;9914;26;9911;24;;;9921;26;9923;17;;;9917.5;0.0
av_WHEAT_d9;24700;INTARIAN_PEPPER_ROOT;12540;11;12537;16;;;12547;15;12549;18;;;12543.5;0.0
av_WHEAT_d9;24800;ASH_COATED_OSMIUM;9914;15;9910;23;;;9922;15;9925;24;;;9918.0;0.0
av_WHEAT_d9;24800;INTARIAN_PEPPER_ROOT;12535;15;12531;14;;;12546;14;12550;19;;;12540.5;0.0
av_WHEAT_d9;24900;ASH_COATED_OSMIUM;9915;13;9912;23;;;9921;16;9925;24;;;9918.0;0.0
av_WHEAT_d9;24900;INTARIAN_PEPPER_ROOT;12533;13;12529;21;;;12543;18;12545;18;;;12538.0;0.0
av_WHEAT_d9;25000;ASH_COATED_OSMIUM;9915;17;9911;13;;;9921;19;9923;25;;;9918.0;0.0
av_WHEAT_d9;25000;INTARIAN_PEPPER_ROOT;12523;12;12520;16;;;12547;24;12549;14;;;12535.0;0.0
av_WHEAT_d9;25100;ASH_COATED_OSMIUM;9915;9;9913;19;;;9921;24;9924;13;;;9918.0;0.0
av_WHEAT_d9;25100;INTARIAN_PEPPER_ROOT;12529;19;12527;9;;;12536;18;12539;12;;;12532.5;0.0
av_WHEAT_d9;25200;ASH_COATED_OSMIUM;9914;22;9910;17;;;9921;24;9924;17;;;9917.5;0.0
av_WHEAT_d9;25200;INTARIAN_PEPPER_ROOT;12527;19;12523;17;;;12533;11;12535;22;;;12530.0;0.0
av_WHEAT_d9;25300;ASH_COATED_OSMIUM;9912;14;9910;17;;;9922;10;9926;17;;;9917.0;0.0
av_WHEAT_d9;25300;INTARIAN_PEPPER_ROOT;12521;14;12519;20;;;12534;9;12537;34;;;12527.5;0.0
av_WHEAT_d9;25400;ASH_COATED_OSMIUM;9914;15;9911;25;;;9920;24;9924;20;;;9917.0;0.0
av_WHEAT_d9;25400;INTARIAN_PEPPER_ROOT;12522;13;12519;12;;;12528;20;12532;16;;;12525.0;0.0
av_WHEAT_d9;25500;ASH_COATED_OSMIUM;9914;21;9912;12;;;9920;18;9923;20;;;9917.0;0.0
av_WHEAT_d9;25500;INTARIAN_PEPPER_ROOT;12517;8;12513;20;;;12526;13;12529;25;;;12521.5;0.0
av_WHEAT_d9;25600;ASH_COATED_OSMIUM;9914;11;9912;20;;;9920;8;9923;16;;;9917.0;0.0
av_WHEAT_d9;25600;INTARIAN_PEPPER_ROOT;12516;17;12513;21;;;12522;8;12525;18;;;12519.0;0.0
av_WHEAT_d9;25700;ASH_COATED_OSMIUM;9914;5;9911;23;;;9920;17;9922;18;;;9917.0;0.0
av_WHEAT_d9;25700;INTARIAN_PEPPER_ROOT;12512;13;12508;11;;;12520;5;12524;24;;;12516.0;0.0
av_WHEAT_d9;25800;ASH_COATED_OSMIUM;9914;14;9912;16;;;9921;22;9923;11;;;9917.5;0.0
av_WHEAT_d9;25800;INTARIAN_PEPPER_ROOT;12511;7;12507;18;;;12517;17;12521;19;;;12514.0;0.0
av_WHEAT_d9;25900;ASH_COATED_OSMIUM;9909;9;9907;23;;;9927;17;9929;18;;;9918.0;0.0
av_WHEAT_d9;25900;INTARIAN_PEPPER_ROOT;12508;11;12506;19;;;12514;16;12517;13;;;12511.0;0.0
av_WHEAT_d9;26000;ASH_COATED_OSMIUM;9896;15;9892;25;;;9939;5;9943;14;;;9917.5;0.0
av_WHEAT_d9;26000;INTARIAN_PEPPER_ROOT;12499;15;12495;18;;;12516;15;12519;25;;;12507.5;0.0
av_WHEAT_d9;26100;ASH_COATED_OSMIUM;9913;17;9909;20;;;9922;15;9926;16;;;9917.5;0.0
av_WHEAT_d9;26100;INTARIAN_PEPPER_ROOT;12488;12;12484;20;;;12521;13;12525;20;;;12504.5;0.0
av_WHEAT_d9;26200;ASH_COATED_OSMIUM;9915;8;9911;17;;;9921;14;9925;20;;;9918.0;0.0
av_WHEAT_d9;26200;INTARIAN_PEPPER_ROOT;12499;14;12495;13;;;12506;10;12508;23;;;12502.5;0.0
av_WHEAT_d9;26300;ASH_COATED_OSMIUM;9913;16;9911;22;;;9922;8;9924;23;;;9917.5;0.0
av_WHEAT_d9;26300;INTARIAN_PEPPER_ROOT;12496;9;12494;31;;;12504;18;12507;21;;;12500.0;0.0
av_WHEAT_d9;26400;ASH_COATED_OSMIUM;9915;22;9913;19;;;9921;18;9923;20;;;9918.0;0.0
av_WHEAT_d9;26400;INTARIAN_PEPPER_ROOT;12486;7;12484;26;;;12508;22;12511;17;;;12497.0;0.0
av_WHEAT_d9;26500;ASH_COATED_OSMIUM;9915;8;9911;18;;;9921;19;9925;17;;;9918.0;0.0
av_WHEAT_d9;26500;INTARIAN_PEPPER_ROOT;12491;17;12487;21;;;12497;12;12499;19;;;12494.0;0.0
av_WHEAT_d9;26600;ASH_COATED_OSMIUM;9908;12;9905;15;;;9925;14;9927;17;;;9916.5;0.0
av_WHEAT_d9;26600;INTARIAN_PEPPER_ROOT;12489;19;12487;9;;;12495;21;12499;16;;;12492.0;0.0
av_WHEAT_d9;26700;ASH_COATED_OSMIUM;9910;22;9908;16;;;9924;17;9928;16;;;9917.0;0.0
av_WHEAT_d9;26700;INTARIAN_PEPPER_ROOT;12486;12;12484;12;;;12492;11;12494;12;;;12489.0;0.0
av_WHEAT_d9;26800;ASH_COATED_OSMIUM;9914;23;9911;29;;;9920;5;9922;16;;;9917.0;0.0
av_WHEAT_d9;26800;INTARIAN_PEPPER_ROOT;12477;21;12473;12;;;12494;7;12496;24;;;12485.5;0.0
av_WHEAT_d9;26900;ASH_COATED_OSMIUM;9915;15;9913;19;;;9921;14;9923;17;;;9918.0;0.0
av_WHEAT_d9;26900;INTARIAN_PEPPER_ROOT;12476;20;12472;21;;;12490;24;12493;21;;;12483.0;0.0
av_WHEAT_d9;27000;ASH_COATED_OSMIUM;9913;20;9910;22;;;9922;11;9925;24;;;9917.5;0.0
av_WHEAT_d9;27000;INTARIAN_PEPPER_ROOT;12478;24;12474;13;;;12484;14;12488;24;;;12481.0;0.0
av_WHEAT_d9;27100;ASH_COATED_OSMIUM;9915;12;9913;14;;;9921;10;9923;22;;;9918.0;0.0
av_WHEAT_d9;27100;INTARIAN_PEPPER_ROOT;12472;19;12470;18;;;12483;13;12487;21;;;12477.5;0.0
av_WHEAT_d9;27200;ASH_COATED_OSMIUM;9904;18;9902;15;;;9930;14;9932;10;;;9917.0;0.0
av_WHEAT_d9;27200;INTARIAN_PEPPER_ROOT;12472;10;12470;21;;;12478;17;12482;15;;;12475.0;0.0
av_WHEAT_d9;27300;ASH_COATED_OSMIUM;9909;11;9907;23;;;9924;18;9927;8;;;9916.5;0.0
av_WHEAT_d9;27300;INTARIAN_PEPPER_ROOT;12470;15;12468;24;;;12476;9;12480;11;;;12473.0;0.0
av_WHEAT_d9;27400;ASH_COATED_OSMIUM;9912;16;9908;15;;;9923;9;9927;26;;;9917.5;0.0
av_WHEAT_d9;27400;INTARIAN_PEPPER_ROOT;12467;14;12464;27;;;12473;18;12477;18;;;12470.0;0.0
av_WHEAT_d9;27500;ASH_COATED_OSMIUM;9914;15;9911;17;;;9920;20;9922;16;;;9917.0;0.0
av_WHEAT_d9;27500;INTARIAN_PEPPER_ROOT;12463;18;12460;12;;;12471;18;12475;24;;;12467.0;0.0
av_WHEAT_d9;27600;ASH_COATED_OSMIUM;9914;12;9911;18;;;9920;13;9924;25;;;9917.0;0.0
av_WHEAT_d9;27600;INTARIAN_PEPPER_ROOT;12461;22;12458;22;;;12467;16;12469;27;;;12464.0;0.0
av_WHEAT_d9;27700;ASH_COATED_OSMIUM;9914;14;9911;20;;;9920;12;9924;17;;;9917.0;0.0
av_WHEAT_d9;27700;INTARIAN_PEPPER_ROOT;12455;17;12451;18;;;12469;20;12471;17;;;12462.0;0.0
av_WHEAT_d9;27800;ASH_COATED_OSMIUM;9914;10;9911;23;;;9920;10;9922;21;;;9917.0;0.0
av_WHEAT_d9;27800;INTARIAN_PEPPER_ROOT;12456;12;12452;14;;;12462;15;12465;18;;;12459.0;0.0
av_WHEAT_d9;27900;ASH_COATED_OSMIUM;9915;14;9911;25;;;9921;5;9924;17;;;9918.0;0.0
av_WHEAT_d9;27900;INTARIAN_PEPPER_ROOT;12454;23;12452;21;;;12460;12;12463;18;;;12457.0;0.0
av_WHEAT_d9;28000;ASH_COATED_OSMIUM;9912;18;9909;23;;;9923;12;9926;18;;;9917.5;0.0
av_WHEAT_d9;28000;INTARIAN_PEPPER_ROOT;12448;15;12445;14;;;12458;18;12460;31;;;12453.0;0.0
av_WHEAT_d9;28100;ASH_COATED_OSMIUM;9914;14;9911;24;;;9920;17;9923;17;;;9917.0;0.0
av_WHEAT_d9;28100;INTARIAN_PEPPER_ROOT;12448;16;12444;15;;;12454;11;12456;24;;;12451.0;0.0
av_WHEAT_d9;28200;ASH_COATED_OSMIUM;9914;11;9910;9;;;9920;13;9922;8;;;9917.0;0.0
av_WHEAT_d9;28200;INTARIAN_PEPPER_ROOT;12445;19;12441;21;;;12451;18;12453;16;;;12448.0;0.0
av_WHEAT_d9;28300;ASH_COATED_OSMIUM;9914;16;9910;16;;;9920;16;9924;9;;;9917.0;0.0
av_WHEAT_d9;28300;INTARIAN_PEPPER_ROOT;12435;19;12433;30;;;12455;29;12459;32;;;12445.0;0.0
av_WHEAT_d9;28400;ASH_COATED_OSMIUM;9915;9;9911;26;;;9921;14;9925;14;;;9918.0;0.0
av_WHEAT_d9;28400;INTARIAN_PEPPER_ROOT;12439;15;12435;13;;;12445;20;12448;16;;;12442.0;0.0
av_WHEAT_d9;28500;ASH_COATED_OSMIUM;9912;18;9908;25;;;9921;13;9925;20;;;9916.5;0.0
av_WHEAT_d9;28500;INTARIAN_PEPPER_ROOT;12437;20;12435;16;;;12443;20;12446;19;;;12440.0;0.0
av_WHEAT_d9;28600;ASH_COATED_OSMIUM;9915;20;9911;24;;;9921;19;9924;21;;;9918.0;0.0
av_WHEAT_d9;28600;INTARIAN_PEPPER_ROOT;12427;15;12423;18;;;12446;11;12449;18;;;12436.5;0.0
av_WHEAT_d9;28700;ASH_COATED_OSMIUM;9914;5;9911;17;;;9920;13;9924;24;;;9917.0;0.0
av_WHEAT_d9;28700;INTARIAN_PEPPER_ROOT;12429;7;12427;19;;;12439;13;12443;24;;;12434.0;0.0
av_WHEAT_d9;28800;ASH_COATED_OSMIUM;9913;27;9910;12;;;9921;17;9923;17;;;9917.0;0.0
av_WHEAT_d9;28800;INTARIAN_PEPPER_ROOT;12424;5;12422;23;;;12438;12;12441;18;;;12431.0;0.0
av_WHEAT_d9;28900;ASH_COATED_OSMIUM;9915;9;9912;18;;;9921;10;9924;19;;;9918.0;0.0
av_WHEAT_d9;28900;INTARIAN_PEPPER_ROOT;12426;13;12422;27;;;12432;23;12434;22;;;12429.0;0.0
av_WHEAT_d9;29000;ASH_COATED_OSMIUM;9910;16;9906;9;;;9924;17;9926;22;;;9917.0;0.0
av_WHEAT_d9;29000;INTARIAN_PEPPER_ROOT;12422;17;12418;30;;;12430;20;12434;16;;;12426.0;0.0
av_WHEAT_d9;29100;ASH_COATED_OSMIUM;9893;6;9889;17;;;9941;21;9945;16;;;9917.0;0.0
av_WHEAT_d9;29100;INTARIAN_PEPPER_ROOT;12419;18;12417;17;;;12428;8;12431;27;;;12423.5;0.0
av_WHEAT_d9;29200;ASH_COATED_OSMIUM;9887;11;9883;10;;;9949;12;9952;23;;;9918.0;0.0
av_WHEAT_d9;29200;INTARIAN_PEPPER_ROOT;12418;13;12414;23;;;12424;14;12427;23;;;12421.0;0.0
av_WHEAT_d9;29300;ASH_COATED_OSMIUM;9914;10;9910;20;;;9920;18;9924;24;;;9917.0;0.0
av_WHEAT_d9;29300;INTARIAN_PEPPER_ROOT;12414;13;12411;26;;;12420;21;12423;10;;;12417.0;0.0
av_WHEAT_d9;29400;ASH_COATED_OSMIUM;9914;24;9912;24;;;9920;26;9924;15;;;9917.0;0.0
av_WHEAT_d9;29400;INTARIAN_PEPPER_ROOT;12411;16;12408;18;;;12417;8;12421;24;;;12414.0;0.0
av_WHEAT_d9;29500;ASH_COATED_OSMIUM;9913;16;9910;13;;;9923;18;9925;28;;;9918.0;0.0
av_WHEAT_d9;29500;INTARIAN_PEPPER_ROOT;12409;12;12405;23;;;12415;13;12418;11;;;12412.0;0.0
av_WHEAT_d9;29600;ASH_COATED_OSMIUM;9913;15;9911;15;;;9921;20;9923;23;;;9917.0;0.0
av_WHEAT_d9;29600;INTARIAN_PEPPER_ROOT;12406;11;12402;17;;;12412;17;12414;28;;;12409.0;0.0
av_WHEAT_d9;29700;ASH_COATED_OSMIUM;9908;16;9906;26;;;9927;9;9931;14;;;9917.5;0.0
av_WHEAT_d9;29700;INTARIAN_PEPPER_ROOT;12402;10;12398;18;;;12411;12;12413;24;;;12406.5;0.0
av_WHEAT_d9;29800;ASH_COATED_OSMIUM;9914;13;9911;24;;;9920;10;9924;11;;;9917.0;0.0
av_WHEAT_d9;29800;INTARIAN_PEPPER_ROOT;12401;14;12399;17;;;12407;17;12410;25;;;12404.0;0.0
av_WHEAT_d9;29900;ASH_COATED_OSMIUM;9914;12;9912;24;;;9920;20;9923;30;;;9917.0;0.0
av_WHEAT_d9;29900;INTARIAN_PEPPER_ROOT;12396;10;12393;22;;;12405;16;12407;20;;;12400.5;0.0
av_WHEAT_d9;30000;ASH_COATED_OSMIUM;9914;14;9910;15;;;9920;10;9924;18;;;9917.0;0.0
av_WHEAT_d9;30000;INTARIAN_PEPPER_ROOT;12396;23;12394;13;;;12402;24;12404;21;;;12399.0;0.0
av_WHEAT_d9;30100;ASH_COATED_OSMIUM;9914;12;9910;19;;;9920;18;9922;19;;;9917.0;0.0
av_WHEAT_d9;30100;INTARIAN_PEPPER_ROOT;12379;9;12377;26;;;12412;19;12416;20;;;12395.5;0.0
av_WHEAT_d9;30200;ASH_COATED_OSMIUM;9913;19;9911;20;;;9920;14;9922;21;;;9916.5;0.0
av_WHEAT_d9;30200;INTARIAN_PEPPER_ROOT;12388;13;12385;22;;;12398;11;12402;26;;;12393.0;0.0
av_WHEAT_d9;30300;ASH_COATED_OSMIUM;9914;9;9912;19;;;9920;18;9924;26;;;9917.0;0.0
av_WHEAT_d9;30300;INTARIAN_PEPPER_ROOT;12380;9;12378;20;;;12400;24;12403;8;;;12390.0;0.0
av_WHEAT_d9;30400;ASH_COATED_OSMIUM;9914;17;9912;20;;;9920;20;9924;17;;;9917.0;0.0
av_WHEAT_d9;30400;INTARIAN_PEPPER_ROOT;12381;12;12379;19;;;12394;16;12396;19;;;12387.5;0.0
av_WHEAT_d9;30500;ASH_COATED_OSMIUM;9914;13;9910;11;;;9920;7;9924;22;;;9917.0;0.0
av_WHEAT_d9;30500;INTARIAN_PEPPER_ROOT;12381;9;12378;22;;;12387;10;12390;20;;;12384.0;0.0
av_WHEAT_d9;30600;ASH_COATED_OSMIUM;9901;24;9897;26;;;9934;7;9937;25;;;9917.5;0.0
av_WHEAT_d9;30600;INTARIAN_PEPPER_ROOT;12377;25;12375;27;;;12386;12;12389;14;;;12381.5;0.0
av_WHEAT_d9;30700;ASH_COATED_OSMIUM;9915;27;9912;17;;;9921;13;9924;15;;;9918.0;0.0
av_WHEAT_d9;30700;INTARIAN_PEPPER_ROOT;12372;13;12370;30;;;12386;7;12388;21;;;12379.0;0.0
av_WHEAT_d9;30800;ASH_COATED_OSMIUM;9914;15;9910;26;;;9920;21;9922;22;;;9917.0;0.0
av_WHEAT_d9;30800;INTARIAN_PEPPER_ROOT;12365;16;12362;19;;;12389;13;12393;16;;;12377.0;0.0
av_WHEAT_d9;30900;ASH_COATED_OSMIUM;9913;9;9911;21;;;9920;13;9922;21;;;9916.5;0.0
av_WHEAT_d9;30900;INTARIAN_PEPPER_ROOT;12370;10;12368;13;;;12376;19;12379;23;;;12373.0;0.0
av_WHEAT_d9;31000;ASH_COATED_OSMIUM;9914;5;9910;20;;;9921;17;9925;25;;;9917.5;0.0
av_WHEAT_d9;31000;INTARIAN_PEPPER_ROOT;12368;21;12366;31;;;12374;13;12378;13;;;12371.0;0.0
av_WHEAT_d9;31100;ASH_COATED_OSMIUM;9914;8;9912;26;;;9920;19;9923;18;;;9917.0;0.0
av_WHEAT_d9;31100;INTARIAN_PEPPER_ROOT;12365;17;12362;25;;;12371;22;12374;18;;;12368.0;0.0
av_WHEAT_d9;31200;ASH_COATED_OSMIUM;9914;10;9912;20;;;9920;16;9923;16;;;9917.0;0.0
av_WHEAT_d9;31200;INTARIAN_PEPPER_ROOT;12363;16;12359;27;;;12369;26;12372;20;;;12366.0;0.0
av_WHEAT_d9;31300;ASH_COATED_OSMIUM;9914;10;9912;15;;;9920;14;9924;14;;;9917.0;0.0
av_WHEAT_d9;31300;INTARIAN_PEPPER_ROOT;12359;14;12357;16;;;12366;15;12369;14;;;12362.5;0.0
av_WHEAT_d9;31400;ASH_COATED_OSMIUM;9914;20;9912;26;;;9920;7;9923;14;;;9917.0;0.0
av_WHEAT_d9;31400;INTARIAN_PEPPER_ROOT;12357;17;12355;16;;;12363;21;12366;17;;;12360.0;0.0
av_WHEAT_d9;31500;ASH_COATED_OSMIUM;9913;16;9910;27;;;9920;11;9923;18;;;9916.5;0.0
av_WHEAT_d9;31500;INTARIAN_PEPPER_ROOT;12354;13;12352;22;;;12360;10;12362;14;;;12357.0;0.0
av_WHEAT_d9;31600;ASH_COATED_OSMIUM;9914;14;9910;22;;;9921;9;9923;19;;;9917.5;0.0
av_WHEAT_d9;31600;INTARIAN_PEPPER_ROOT;12351;17;12347;30;;;12357;14;12360;27;;;12354.0;0.0
av_WHEAT_d9;31700;ASH_COATED_OSMIUM;9914;20;9912;23;;;9920;12;9924;16;;;9917.0;0.0
av_WHEAT_d9;31700;INTARIAN_PEPPER_ROOT;12348;7;12346;9;;;12354;16;12357;12;;;12351.0;0.0
av_WHEAT_d9;31800;ASH_COATED_OSMIUM;9911;9;9907;18;;;9923;6;9925;16;;;9917.0;0.0
av_WHEAT_d9;31800;INTARIAN_PEPPER_ROOT;12343;20;12339;13;;;12355;17;12357;16;;;12349.0;0.0
av_WHEAT_d9;31900;ASH_COATED_OSMIUM;9913;18;9911;26;;;9921;8;9924;17;;;9917.0;0.0
av_WHEAT_d9;31900;INTARIAN_PEPPER_ROOT;12334;13;12331;17;;;12358;21;12361;24;;;12346.0;0.0
av_WHEAT_d9;32000;ASH_COATED_OSMIUM;9909;9;9906;16;;;9926;18;9928;19;;;9917.5;0.0
av_WHEAT_d9;32000;INTARIAN_PEPPER_ROOT;12326;16;12322;14;;;12362;13;12364;28;;;12344.0;0.0
av_WHEAT_d9;32100;ASH_COATED_OSMIUM;9914;12;9912;16;;;9920;12;9923;17;;;9917.0;0.0
av_WHEAT_d9;32100;INTARIAN_PEPPER_ROOT;12324;10;12320;23;;;12358;9;12362;17;;;12341.0;0.0
av_WHEAT_d9;32200;ASH_COATED_OSMIUM;9914;16;9911;23;;;9920;10;9922;16;;;9917.0;0.0
av_WHEAT_d9;32200;INTARIAN_PEPPER_ROOT;12329;17;12327;28;;;12347;22;12351;26;;;12338.0;0.0
av_WHEAT_d9;32300;ASH_COATED_OSMIUM;9914;12;9912;12;;;9920;12;9923;22;;;9917.0;0.0
av_WHEAT_d9;32300;INTARIAN_PEPPER_ROOT;12327;17;12325;19;;;12342;8;12346;18;;;12334.5;0.0
av_WHEAT_d9;32400;ASH_COATED_OSMIUM;9914;12;9912;12;;;9920;16;9922;15;;;9917.0;0.0
av_WHEAT_d9;32400;INTARIAN_PEPPER_ROOT;12329;17;12325;27;;;12335;9;12338;22;;;12332.0;0.0
av_WHEAT_d9;32500;ASH_COATED_OSMIUM;9911;26;9907;20;;;9924;18;9926;17;;;9917.5;0.0
av_WHEAT_d9;32500;INTARIAN_PEPPER_ROOT;12327;16;12323;16;;;12333;19;12335;27;;;12330.0;0.0
av_WHEAT_d9;32600;ASH_COATED_OSMIUM;9914;26;9911;20;;;9920;10;9922;19;;;9917.0;0.0
av_WHEAT_d9;32600;INTARIAN_PEPPER_ROOT;12323;17;12320;13;;;12332;18;12334;10;;;12327.5;0.0
av_WHEAT_d9;32700;ASH_COATED_OSMIUM;9912;12;9908;22;;;9921;20;9923;9;;;9916.5;0.0
av_WHEAT_d9;32700;INTARIAN_PEPPER_ROOT;12321;21;12318;19;;;12327;24;12331;18;;;12324.0;0.0
av_WHEAT_d9;32800;ASH_COATED_OSMIUM;9914;7;9911;27;;;9920;15;9924;25;;;9917.0;0.0
av_WHEAT_d9;32800;INTARIAN_PEPPER_ROOT;12318;23;12315;31;;;12324;13;12328;24;;;12321.0;0.0
av_WHEAT_d9;32900;ASH_COATED_OSMIUM;9912;14;9910;23;;;9923;15;9927;15;;;9917.5;0.0
av_WHEAT_d9;32900;INTARIAN_PEPPER_ROOT;12315;12;12313;19;;;12323;23;12327;22;;;12319.0;0.0
av_WHEAT_d9;33000;ASH_COATED_OSMIUM;9905;8;9901;19;;;9929;14;9933;24;;;9917.0;0.0
av_WHEAT_d9;33000;INTARIAN_PEPPER_ROOT;12309;5;12307;20;;;12324;11;12328;26;;;12316.5;0.0
av_WHEAT_d9;33100;ASH_COATED_OSMIUM;9913;15;9910;20;;;9919;24;9921;14;;;9916.0;0.0
av_WHEAT_d9;33100;INTARIAN_PEPPER_ROOT;12310;18;12307;23;;;12316;17;12319;27;;;12313.0;0.0
av_WHEAT_d9;33200;ASH_COATED_OSMIUM;9914;8;9912;17;;;9920;20;9924;16;;;9917.0;0.0
av_WHEAT_d9;33200;INTARIAN_PEPPER_ROOT;12307;17;12304;26;;;12313;18;12315;9;;;12310.0;0.0
av_WHEAT_d9;33300;ASH_COATED_OSMIUM;9914;16;9912;14;;;9920;11;9922;25;;;9917.0;0.0
av_WHEAT_d9;33300;INTARIAN_PEPPER_ROOT;12304;16;12302;19;;;12313;5;12315;15;;;12308.5;0.0
av_WHEAT_d9;33400;ASH_COATED_OSMIUM;9913;18;9910;14;;;9921;11;9923;14;;;9917.0;0.0
av_WHEAT_d9;33400;INTARIAN_PEPPER_ROOT;12300;10;12297;17;;;12310;30;12314;32;;;12305.0;0.0
av_WHEAT_d9;33500;ASH_COATED_OSMIUM;9913;18;9910;17;;;9921;18;9925;20;;;9917.0;0.0
av_WHEAT_d9;33500;INTARIAN_PEPPER_ROOT;12299;25;12295;14;;;12305;12;12308;15;;;12302.0;0.0
av_WHEAT_d9;33600;ASH_COATED_OSMIUM;9913;13;9911;24;;;9919;10;9922;19;;;9916.0;0.0
av_WHEAT_d9;33600;INTARIAN_PEPPER_ROOT;12296;9;12294;22;;;12302;15;12305;18;;;12299.0;0.0
av_WHEAT_d9;33700;ASH_COATED_OSMIUM;9913;11;9909;18;;;9920;6;9924;18;;;9916.5;0.0
av_WHEAT_d9;33700;INTARIAN_PEPPER_ROOT;12287;16;12283;25;;;12306;25;12309;21;;;12296.5;0.0
av_WHEAT_d9;33800;ASH_COATED_OSMIUM;9914;14;9912;18;;;9920;12;9922;23;;;9917.0;0.0
av_WHEAT_d9;33800;INTARIAN_PEPPER_ROOT;12288;15;12284;13;;;12300;10;12303;17;;;12294.0;0.0
av_WHEAT_d9;33900;ASH_COATED_OSMIUM;9914;14;9912;16;;;9920;10;9923;16;;;9917.0;0.0
av_WHEAT_d9;33900;INTARIAN_PEPPER_ROOT;12281;14;12279;23;;;12301;15;12303;20;;;12291.0;0.0
av_WHEAT_d9;34000;ASH_COATED_OSMIUM;9914;24;9911;15;;;9920;13;9924;14;;;9917.0;0.0
av_WHEAT_d9;34000;INTARIAN_PEPPER_ROOT;12288;14;12285;22;;;12294;14;12296;11;;;12291.0;0.0
av_WHEAT_d9;34100;ASH_COATED_OSMIUM;9914;8;9910;18;;;9920;21;9922;17;;;9917.0;0.0
av_WHEAT_d9;34100;INTARIAN_PEPPER_ROOT;12288;10;12284;26;;;12294;11;12298;29;;;12291.0;0.0
av_WHEAT_d9;34200;ASH_COATED_OSMIUM;9914;13;9912;22;;;9920;25;9922;19;;;9917.0;0.0
av_WHEAT_d9;34200;INTARIAN_PEPPER_ROOT;12288;15;12286;16;;;12294;21;12298;18;;;12291.0;0.0
av_WHEAT_d9;34300;ASH_COATED_OSMIUM;9914;17;9910;16;;;9920;16;9923;23;;;9917.0;0.0
av_WHEAT_d9;34300;INTARIAN_PEPPER_ROOT;12285;24;12282;21;;;12298;18;12301;15;;;12291.5;0.0
av_WHEAT_d9;34400;ASH_COATED_OSMIUM;9914;25;9910;32;;;9920;16;9922;24;;;9917.0;0.0
av_WHEAT_d9;34400;INTARIAN_PEPPER_ROOT;12287;18;12285;24;;;12293;16;12297;21;;;12290.0;0.0
av_WHEAT_d9;34500;ASH_COATED_OSMIUM;9914;14;9911;22;;;9920;5;9923;14;;;9917.0;0.0
av_WHEAT_d9;34500;INTARIAN_PEPPER_ROOT;12279;18;12277;22;;;12302;12;12304;24;;;12290.5;0.0
av_WHEAT_d9;34600;ASH_COATED_OSMIUM;9914;15;9911;27;;;9920;18;9922;15;;;9917.0;0.0
av_WHEAT_d9;34600;INTARIAN_PEPPER_ROOT;12278;17;12276;23;;;12305;15;12309;24;;;12291.5;0.0
av_WHEAT_d9;34700;ASH_COATED_OSMIUM;9909;18;9906;29;;;9925;15;9928;15;;;9917.0;0.0
av_WHEAT_d9;34700;INTARIAN_PEPPER_ROOT;12288;13;12284;15;;;12294;18;12296;16;;;12291.0;0.0
av_WHEAT_d9;34800;ASH_COATED_OSMIUM;9909;30;9906;16;;;9923;15;9926;24;;;9916.0;0.0
av_WHEAT_d9;34800;INTARIAN_PEPPER_ROOT;12283;14;12281;25;;;12299;18;12302;18;;;12291.0;0.0
av_WHEAT_d9;34900;ASH_COATED_OSMIUM;9913;14;9911;22;;;9919;11;9922;23;;;9916.0;0.0
av_WHEAT_d9;34900;INTARIAN_PEPPER_ROOT;12288;8;12285;22;;;12294;7;12298;15;;;12291.0;0.0
av_WHEAT_d9;35000;ASH_COATED_OSMIUM;9911;23;9909;12;;;9923;16;9926;25;;;9917.0;0.0
av_WHEAT_d9;35000;INTARIAN_PEPPER_ROOT;12288;20;12284;17;;;12294;13;12298;26;;;12291.0;0.0
av_WHEAT_d9;35100;ASH_COATED_OSMIUM;9913;13;9911;25;;;9919;16;9922;12;;;9916.0;0.0
av_WHEAT_d9;35100;INTARIAN_PEPPER_ROOT;12288;17;12286;23;;;12294;9;12297;14;;;12291.0;0.0
av_WHEAT_d9;35200;ASH_COATED_OSMIUM;9910;20;9907;22;;;9923;13;9926;23;;;9916.5;0.0
av_WHEAT_d9;35200;INTARIAN_PEPPER_ROOT;12287;16;12283;23;;;12294;11;12296;17;;;12290.5;0.0
av_WHEAT_d9;35300;ASH_COATED_OSMIUM;9913;5;9909;25;;;9920;12;9923;18;;;9916.5;0.0
av_WHEAT_d9;35300;INTARIAN_PEPPER_ROOT;12286;17;12283;19;;;12296;15;12299;26;;;12291.0;0.0
av_WHEAT_d9;35400;ASH_COATED_OSMIUM;9913;11;9909;20;;;9919;9;9921;18;;;9916.0;0.0
av_WHEAT_d9;35400;INTARIAN_PEPPER_ROOT;12287;9;12283;20;;;12293;12;12297;19;;;12290.0;0.0
av_WHEAT_d9;35500;ASH_COATED_OSMIUM;9913;14;9911;19;;;9919;17;9923;13;;;9916.0;0.0
av_WHEAT_d9;35500;INTARIAN_PEPPER_ROOT;12288;22;12285;14;;;12294;14;12296;27;;;12291.0;0.0
av_WHEAT_d9;35600;ASH_COATED_OSMIUM;9913;21;9911;25;;;9919;12;9922;17;;;9916.0;0.0
av_WHEAT_d9;35600;INTARIAN_PEPPER_ROOT;12284;17;12280;26;;;12296;15;12298;31;;;12290.0;0.0
av_WHEAT_d9;35700;ASH_COATED_OSMIUM;9913;14;9909;21;;;9919;13;9922;17;;;9916.0;0.0
av_WHEAT_d9;35700;INTARIAN_PEPPER_ROOT;12287;10;12283;13;;;12293;13;12296;20;;;12290.0;0.0
av_WHEAT_d9;35800;ASH_COATED_OSMIUM;9906;17;9903;24;;;9926;18;9930;14;;;9916.0;0.0
av_WHEAT_d9;35800;INTARIAN_PEPPER_ROOT;12287;15;12283;15;;;12293;14;12296;11;;;12290.0;0.0
av_WHEAT_d9;35900;ASH_COATED_OSMIUM;9912;8;9910;20;;;9919;24;9922;29;;;9915.5;0.0
av_WHEAT_d9;35900;INTARIAN_PEPPER_ROOT;12287;8;12284;15;;;12293;9;12297;26;;;12290.0;0.0
av_WHEAT_d9;36000;ASH_COATED_OSMIUM;9913;16;9911;22;;;9919;5;9922;24;;;9916.0;0.0
av_WHEAT_d9;36000;INTARIAN_PEPPER_ROOT;12281;8;12278;12;;;12298;9;12302;17;;;12289.5;0.0
av_WHEAT_d9;36100;ASH_COATED_OSMIUM;9905;10;9902;25;;;9926;12;9929;15;;;9915.5;0.0
av_WHEAT_d9;36100;INTARIAN_PEPPER_ROOT;12286;21;12282;30;;;12293;19;12297;30;;;12289.5;0.0
av_WHEAT_d9;36200;ASH_COATED_OSMIUM;9912;11;9910;22;;;9918;18;9922;19;;;9915.0;0.0
av_WHEAT_d9;36200;INTARIAN_PEPPER_ROOT;12287;19;12285;22;;;12293;10;12296;24;;;12290.0;0.0
av_WHEAT_d9;36300;ASH_COATED_OSMIUM;9912;21;9909;19;;;9918;10;9922;13;;;9915.0;0.0
av_WHEAT_d9;36300;INTARIAN_PEPPER_ROOT;12286;22;12284;26;;;12292;18;12296;9;;;12289.0;0.0
av_WHEAT_d9;36400;ASH_COATED_OSMIUM;9909;16;9905;22;;;9924;17;9927;16;;;9916.5;0.0
av_WHEAT_d9;36400;INTARIAN_PEPPER_ROOT;12282;20;12278;23;;;12297;16;12299;19;;;12289.5;0.0
av_WHEAT_d9;36500;ASH_COATED_OSMIUM;9911;17;9908;22;;;9921;9;9925;26;;;9916.0;0.0
av_WHEAT_d9;36500;INTARIAN_PEPPER_ROOT;12287;12;12285;15;;;12293;15;12295;16;;;12290.0;0.0
av_WHEAT_d9;36600;ASH_COATED_OSMIUM;9911;15;9909;13;;;9920;18;9923;17;;;9915.5;0.0
av_WHEAT_d9;36600;INTARIAN_PEPPER_ROOT;12285;7;12283;10;;;12294;16;12297;22;;;12289.5;0.0
av_WHEAT_d9;36700;ASH_COATED_OSMIUM;9912;17;9908;21;;;9918;9;9920;30;;;9915.0;0.0
av_WHEAT_d9;36700;INTARIAN_PEPPER_ROOT;12281;16;12278;18;;;12298;16;12300;14;;;12289.5;0.0
av_WHEAT_d9;36800;ASH_COATED_OSMIUM;9911;13;9909;22;;;9919;15;9921;20;;;9915.0;0.0
av_WHEAT_d9;36800;INTARIAN_PEPPER_ROOT;12282;18;12279;16;;;12298;20;12300;27;;;12290.0;0.0
av_WHEAT_d9;36900;ASH_COATED_OSMIUM;9913;19;9909;15;;;9919;21;9921;18;;;9916.0;0.0
av_WHEAT_d9;36900;INTARIAN_PEPPER_ROOT;12284;14;12280;14;;;12294;16;12297;21;;;12289.0;0.0
av_WHEAT_d9;37000;ASH_COATED_OSMIUM;9912;13;9909;25;;;9918;17;9922;21;;;9915.0;0.0
av_WHEAT_d9;37000;INTARIAN_PEPPER_ROOT;12286;18;12284;23;;;12292;21;12295;20;;;12289.0;0.0
av_WHEAT_d9;37100;ASH_COATED_OSMIUM;9903;15;9899;23;;;9926;15;9929;24;;;9914.5;0.0
av_WHEAT_d9;37100;INTARIAN_PEPPER_ROOT;12285;7;12281;24;;;12294;11;12298;12;;;12289.5;0.0
av_WHEAT_d9;37200;ASH_COATED_OSMIUM;9905;9;9902;30;;;9925;5;9928;17;;;9915.0;0.0
av_WHEAT_d9;37200;INTARIAN_PEPPER_ROOT;12285;13;12282;26;;;12294;14;12298;21;;;12289.5;0.0
av_WHEAT_d9;37300;ASH_COATED_OSMIUM;9912;15;9910;18;;;9918;23;9922;21;;;9915.0;0.0
av_WHEAT_d9;37300;INTARIAN_PEPPER_ROOT;12286;11;12282;26;;;12292;10;12294;18;;;12289.0;0.0
av_WHEAT_d9;37400;ASH_COATED_OSMIUM;9911;17;9909;24;;;9917;18;9919;24;;;9914.0;0.0
av_WHEAT_d9;37400;INTARIAN_PEPPER_ROOT;12287;23;12283;22;;;12293;15;12297;22;;;12290.0;0.0
av_WHEAT_d9;37500;ASH_COATED_OSMIUM;9912;24;9910;22;;;9918;21;9921;21;;;9915.0;0.0
av_WHEAT_d9;37500;INTARIAN_PEPPER_ROOT;12285;25;12283;14;;;12291;24;12293;12;;;12288.0;0.0
av_WHEAT_d9;37600;ASH_COATED_OSMIUM;9909;17;9907;18;;;9922;12;9925;21;;;9915.5;0.0
av_WHEAT_d9;37600;INTARIAN_PEPPER_ROOT;12266;5;12262;24;;;12312;14;12316;18;;;12289.0;0.0
av_WHEAT_d9;37700;ASH_COATED_OSMIUM;9912;7;9910;14;;;9918;14;9921;18;;;9915.0;0.0
av_WHEAT_d9;37700;INTARIAN_PEPPER_ROOT;12286;15;12282;11;;;12292;18;12295;16;;;12289.0;0.0
av_WHEAT_d9;37800;ASH_COATED_OSMIUM;9911;15;9908;15;;;9918;11;9922;11;;;9914.5;0.0
av_WHEAT_d9;37800;INTARIAN_PEPPER_ROOT;12285;26;12282;16;;;12291;15;12294;14;;;12288.0;0.0
av_WHEAT_d9;37900;ASH_COATED_OSMIUM;9912;12;9909;17;;;9918;10;9921;14;;;9915.0;0.0
av_WHEAT_d9;37900;INTARIAN_PEPPER_ROOT;12285;18;12283;21;;;12294;18;12296;17;;;12289.5;0.0
av_WHEAT_d9;38000;ASH_COATED_OSMIUM;9912;15;9910;17;;;9918;19;9922;23;;;9915.0;0.0
av_WHEAT_d9;38000;INTARIAN_PEPPER_ROOT;12274;12;12271;31;;;12302;22;12304;12;;;12288.0;0.0
av_WHEAT_d9;38100;ASH_COATED_OSMIUM;9910;9;9907;10;;;9918;5;9921;26;;;9914.0;0.0
av_WHEAT_d9;38100;INTARIAN_PEPPER_ROOT;12286;14;12283;16;;;12292;5;12294;15;;;12289.0;0.0
av_WHEAT_d9;38200;ASH_COATED_OSMIUM;9912;13;9908;10;;;9918;16;9922;20;;;9915.0;0.0
av_WHEAT_d9;38200;INTARIAN_PEPPER_ROOT;12279;10;12277;21;;;12300;18;12302;16;;;12289.5;0.0
av_WHEAT_d9;38300;ASH_COATED_OSMIUM;9911;18;9908;28;;;9918;13;9921;28;;;9914.5;0.0
av_WHEAT_d9;38300;INTARIAN_PEPPER_ROOT;12285;15;12282;19;;;12291;16;12293;16;;;12288.0;0.0
av_WHEAT_d9;38400;ASH_COATED_OSMIUM;9911;11;9909;35;;;9917;11;9921;14;;;9914.0;0.0
av_WHEAT_d9;38400;INTARIAN_PEPPER_ROOT;12268;17;12265;15;;;12308;12;12312;9;;;12288.0;0.0
av_WHEAT_d9;38500;ASH_COATED_OSMIUM;9911;18;9907;17;;;9917;17;9920;22;;;9914.0;0.0
av_WHEAT_d9;38500;INTARIAN_PEPPER_ROOT;12285;16;12281;19;;;12291;25;12293;22;;;12288.0;0.0
av_WHEAT_d9;38600;ASH_COATED_OSMIUM;9904;12;9902;22;;;9924;13;9926;24;;;9914.0;0.0
av_WHEAT_d9;38600;INTARIAN_PEPPER_ROOT;12285;12;12282;18;;;12291;12;12295;12;;;12288.0;0.0
av_WHEAT_d9;38700;ASH_COATED_OSMIUM;9907;6;9903;22;;;9921;19;9925;26;;;9914.0;0.0
av_WHEAT_d9;38700;INTARIAN_PEPPER_ROOT;12285;14;12281;16;;;12292;19;12295;8;;;12288.5;0.0
av_WHEAT_d9;38800;ASH_COATED_OSMIUM;9910;13;9907;17;;;9918;5;9920;20;;;9914.0;0.0
av_WHEAT_d9;38800;INTARIAN_PEPPER_ROOT;12285;12;12281;23;;;12291;14;12293;25;;;12288.0;0.0
av_WHEAT_d9;38900;ASH_COATED_OSMIUM;9908;10;9905;18;;;9920;20;9922;26;;;9914.0;0.0
av_WHEAT_d9;38900;INTARIAN_PEPPER_ROOT;12286;12;12284;17;;;12292;15;12296;24;;;12289.0;0.0
av_WHEAT_d9;39000;ASH_COATED_OSMIUM;9911;16;9909;32;;;9917;17;9921;28;;;9914.0;0.0
av_WHEAT_d9;39000;INTARIAN_PEPPER_ROOT;12284;20;12281;22;;;12293;9;12297;12;;;12288.5;0.0
av_WHEAT_d9;39100;ASH_COATED_OSMIUM;9911;25;9907;10;;;9917;11;9919;17;;;9914.0;0.0
av_WHEAT_d9;39100;INTARIAN_PEPPER_ROOT;12281;10;12278;25;;;12295;8;12299;17;;;12288.0;0.0
av_WHEAT_d9;39200;ASH_COATED_OSMIUM;9909;14;9906;22;;;9918;16;9921;24;;;9913.5;0.0
av_WHEAT_d9;39200;INTARIAN_PEPPER_ROOT;12285;17;12282;18;;;12291;16;12293;25;;;12288.0;0.0
av_WHEAT_d9;39300;ASH_COATED_OSMIUM;9898;21;9894;11;;;9930;13;9934;20;;;9914.0;0.0
av_WHEAT_d9;39300;INTARIAN_PEPPER_ROOT;12285;15;12283;23;;;12291;23;12293;16;;;12288.0;0.0
av_WHEAT_d9;39400;ASH_COATED_OSMIUM;9900;5;9897;15;;;9928;19;9931;24;;;9914.0;0.0
av_WHEAT_d9;39400;INTARIAN_PEPPER_ROOT;12280;14;12278;22;;;12297;5;12300;15;;;12288.5;0.0
av_WHEAT_d9;39500;ASH_COATED_OSMIUM;9910;20;9906;26;;;9916;6;9918;16;;;9913.0;0.0
av_WHEAT_d9;39500;INTARIAN_PEPPER_ROOT;12284;18;12282;10;;;12290;17;12292;16;;;12287.0;0.0
av_WHEAT_d9;39600;ASH_COATED_OSMIUM;9911;17;9907;17;;;9917;11;9921;17;;;9914.0;0.0
av_WHEAT_d9;39600;INTARIAN_PEPPER_ROOT;12285;20;12282;26;;;12291;21;12294;26;;;12288.0;0.0
av_WHEAT_d9;39700;ASH_COATED_OSMIUM;9910;14;9906;19;;;9916;15;9918;13;;;9913.0;0.0
av_WHEAT_d9;39700;INTARIAN_PEPPER_ROOT;12282;18;12279;13;;;12292;13;12296;27;;;12287.0;0.0
av_WHEAT_d9;39800;ASH_COATED_OSMIUM;9907;24;9903;16;;;9919;12;9923;23;;;9913.0;0.0
av_WHEAT_d9;39800;INTARIAN_PEPPER_ROOT;12283;17;12281;17;;;12292;18;12296;24;;;12287.5;0.0
av_WHEAT_d9;39900;ASH_COATED_OSMIUM;9910;5;9908;16;;;9916;10;9918;23;;;9913.0;0.0
av_WHEAT_d9;39900;INTARIAN_PEPPER_ROOT;12281;16;12279;20;;;12294;17;12298;20;;;12287.5;0.0
av_WHEAT_d9;40000;ASH_COATED_OSMIUM;9908;19;9906;16;;;9918;30;9922;8;;;9913.0;0.0
av_WHEAT_d9;40000;INTARIAN_PEPPER_ROOT;12285;19;12283;19;;;12291;15;12293;15;;;12288.0;0.0
av_WHEAT_d9;40100;ASH_COATED_OSMIUM;9911;10;9907;12;;;9917;16;9920;24;;;9914.0;0.0
av_WHEAT_d9;40100;INTARIAN_PEPPER_ROOT;12284;8;12281;14;;;12290;15;12293;11;;;12287.0;0.0
av_WHEAT_d9;40200;ASH_COATED_OSMIUM;9911;17;9907;24;;;9917;14;9919;10;;;9914.0;0.0
av_WHEAT_d9;40200;INTARIAN_PEPPER_ROOT;12284;18;12281;12;;;12290;13;12292;15;;;12287.0;0.0
av_WHEAT_d9;40300;ASH_COATED_OSMIUM;9910;5;9906;12;;;9916;16;9920;22;;;9913.0;0.0
av_WHEAT_d9;40300;INTARIAN_PEPPER_ROOT;12284;8;12282;16;;;12290;10;12294;18;;;12287.0;0.0
av_WHEAT_d9;40400;ASH_COATED_OSMIUM;9910;16;9908;19;;;9916;20;9918;8;;;9913.0;0.0
av_WHEAT_d9;40400;INTARIAN_PEPPER_ROOT;12281;15;12279;25;;;12292;6;12296;28;;;12286.5;0.0
av_WHEAT_d9;40500;ASH_COATED_OSMIUM;9905;11;9903;12;;;9921;16;9923;20;;;9913.0;0.0
av_WHEAT_d9;40500;INTARIAN_PEPPER_ROOT;12284;13;12282;21;;;12290;10;12292;20;;;12287.0;0.0
av_WHEAT_d9;40600;ASH_COATED_OSMIUM;9911;11;9908;20;;;9917;18;9920;18;;;9914.0;0.0
av_WHEAT_d9;40600;INTARIAN_PEPPER_ROOT;12284;9;12281;15;;;12290;13;12292;19;;;12287.0;0.0
av_WHEAT_d9;40700;ASH_COATED_OSMIUM;9910;19;9907;22;;;9916;18;9920;28;;;9913.0;0.0
av_WHEAT_d9;40700;INTARIAN_PEPPER_ROOT;12281;5;12278;27;;;12292;12;12295;24;;;12286.5;0.0
av_WHEAT_d9;40800;ASH_COATED_OSMIUM;9908;16;9906;21;;;9918;10;9921;17;;;9913.0;0.0
av_WHEAT_d9;40800;INTARIAN_PEPPER_ROOT;12282;22;12279;27;;;12291;20;12295;16;;;12286.5;0.0
av_WHEAT_d9;40900;ASH_COATED_OSMIUM;9907;12;9903;20;;;9918;12;9920;12;;;9912.5;0.0
av_WHEAT_d9;40900;INTARIAN_PEPPER_ROOT;12284;12;12280;14;;;12290;15;12292;23;;;12287.0;0.0
av_WHEAT_d9;41000;ASH_COATED_OSMIUM;9908;13;9904;23;;;9916;14;9918;20;;;9912.0;0.0
av_WHEAT_d9;41000;INTARIAN_PEPPER_ROOT;12281;21;12279;19;;;12293;19;12295;23;;;12287.0;0.0
av_WHEAT_d9;41100;ASH_COATED_OSMIUM;9910;19;9906;17;;;9916;14;9918;9;;;9913.0;0.0
av_WHEAT_d9;41100;INTARIAN_PEPPER_ROOT;12278;13;12274;14;;;12296;15;12299;22;;;12287.0;0.0
av_WHEAT_d9;41200;ASH_COATED_OSMIUM;9908;22;9906;20;;;9918;15;9921;17;;;9913.0;0.0
av_WHEAT_d9;41200;INTARIAN_PEPPER_ROOT;12283;18;12280;29;;;12289;24;12292;15;;;12286.0;0.0
av_WHEAT_d9;41300;ASH_COATED_OSMIUM;9907;11;9903;12;;;9917;8;9919;8;;;9912.0;0.0
av_WHEAT_d9;41300;INTARIAN_PEPPER_ROOT;12283;11;12279;17;;;12290;12;12292;23;;;12286.5;0.0
av_WHEAT_d9;41400;ASH_COATED_OSMIUM;9910;14;9907;9;;;9916;11;9918;28;;;9913.0;0.0
av_WHEAT_d9;41400;INTARIAN_PEPPER_ROOT;12283;21;12279;19;;;12289;28;12292;18;;;12286.0;0.0
av_WHEAT_d9;41500;ASH_COATED_OSMIUM;9910;13;9908;27;;;9916;16;9920;27;;;9913.0;0.0
av_WHEAT_d9;41500;INTARIAN_PEPPER_ROOT;12283;5;12279;26;;;12289;17;12291;13;;;12286.0;0.0
av_WHEAT_d9;41600;ASH_COATED_OSMIUM;9910;15;9906;22;;;9916;6;9919;20;;;9913.0;0.0
av_WHEAT_d9;41600;INTARIAN_PEPPER_ROOT;12283;8;12281;18;;;12289;11;12291;19;;;12286.0;0.0
av_WHEAT_d9;41700;ASH_COATED_OSMIUM;9908;14;9905;19;;;9917;10;9920;14;;;9912.5;0.0
av_WHEAT_d9;41700;INTARIAN_PEPPER_ROOT;12266;10;12264;16;;;12305;5;12309;23;;;12285.5;0.0
av_WHEAT_d9;41800;ASH_COATED_OSMIUM;9909;23;9907;21;;;9915;13;9917;17;;;9912.0;0.0
av_WHEAT_d9;41800;INTARIAN_PEPPER_ROOT;12281;9;12277;14;;;12291;23;12295;23;;;12286.0;0.0
av_WHEAT_d9;41900;ASH_COATED_OSMIUM;9906;17;9904;20;;;9918;14;9920;24;;;9912.0;0.0
av_WHEAT_d9;41900;INTARIAN_PEPPER_ROOT;12271;10;12269;13;;;12301;10;12304;19;;;12286.0;0.0
av_WHEAT_d9;42000;ASH_COATED_OSMIUM;9909;21;9907;16;;;9915;16;9919;17;;;9912.0;0.0
av_WHEAT_d9;42000;INTARIAN_PEPPER_ROOT;12277;14;12274;8;;;12295;9;12299;13;;;12286.0;0.0
av_WHEAT_d9;42100;ASH_COATED_OSMIUM;9909;5;9905;22;;;9915;10;9919;23;;;9912.0;0.0
av_WHEAT_d9;42100;INTARIAN_PEPPER_ROOT;12283;11;12280;20;;;12289;15;12291;21;;;12286.0;0.0
av_WHEAT_d9;42200;ASH_COATED_OSMIUM;9909;22;9907;14;;;9915;18;9917;10;;;9912.0;0.0
av_WHEAT_d9;42200;INTARIAN_PEPPER_ROOT;12276;8;12273;23;;;12295;17;12299;15;;;12285.5;0.0
av_WHEAT_d9;42300;ASH_COATED_OSMIUM;9909;10;9906;23;;;9915;9;9919;30;;;9912.0;0.0
av_WHEAT_d9;42300;INTARIAN_PEPPER_ROOT;12274;8;12271;16;;;12298;13;12301;18;;;12286.0;0.0
av_WHEAT_d9;42400;ASH_COATED_OSMIUM;9905;5;9901;24;;;9918;11;9920;22;;;9911.5;0.0
av_WHEAT_d9;42400;INTARIAN_PEPPER_ROOT;12277;19;12274;14;;;12294;11;12296;15;;;12285.5;0.0
av_WHEAT_d9;42500;ASH_COATED_OSMIUM;9909;13;9907;14;;;9915;15;9918;18;;;9912.0;0.0
av_WHEAT_d9;42500;INTARIAN_PEPPER_ROOT;12281;7;12278;22;;;12290;6;12292;20;;;12285.5;0.0
av_WHEAT_d9;42600;ASH_COATED_OSMIUM;9909;14;9907;21;;;9915;16;9917;19;;;9912.0;0.0
av_WHEAT_d9;42600;INTARIAN_PEPPER_ROOT;12283;16;12281;24;;;12289;12;12292;10;;;12286.0;0.0
av_WHEAT_d9;42700;ASH_COATED_OSMIUM;9902;15;9898;22;;;9922;20;9926;16;;;9912.0;0.0
av_WHEAT_d9;42700;INTARIAN_PEPPER_ROOT;12283;22;12281;26;;;12289;17;12292;17;;;12286.0;0.0
av_WHEAT_d9;42800;ASH_COATED_OSMIUM;9909;10;9905;25;;;9915;20;9918;17;;;9912.0;0.0
av_WHEAT_d9;42800;INTARIAN_PEPPER_ROOT;12280;19;12276;19;;;12292;8;12295;8;;;12286.0;0.0
av_WHEAT_d9;42900;ASH_COATED_OSMIUM;9909;16;9907;15;;;9915;17;9917;20;;;9912.0;0.0
av_WHEAT_d9;42900;INTARIAN_PEPPER_ROOT;12280;14;12277;14;;;12291;11;12293;19;;;12285.5;0.0
av_WHEAT_d9;43000;ASH_COATED_OSMIUM;9909;18;9906;21;;;9915;23;9919;23;;;9912.0;0.0
av_WHEAT_d9;43000;INTARIAN_PEPPER_ROOT;12276;6;12272;21;;;12294;11;12297;21;;;12285.0;0.0
av_WHEAT_d9;43100;ASH_COATED_OSMIUM;9906;19;9902;24;;;9917;14;9920;22;;;9911.5;0.0
av_WHEAT_d9;43100;INTARIAN_PEPPER_ROOT;12282;13;12278;12;;;12288;11;12292;20;;;12285.0;0.0
av_WHEAT_d9;43200;ASH_COATED_OSMIUM;9909;20;9906;16;;;9915;18;9917;14;;;9912.0;0.0
av_WHEAT_d9;43200;INTARIAN_PEPPER_ROOT;12282;17;12279;20;;;12288;11;12292;14;;;12285.0;0.0
av_WHEAT_d9;43300;ASH_COATED_OSMIUM;9894;5;9891;17;;;9928;10;9930;19;;;9911.0;0.0
av_WHEAT_d9;43300;INTARIAN_PEPPER_ROOT;12282;15;12280;18;;;12288;11;12290;11;;;12285.0;0.0
av_WHEAT_d9;43400;ASH_COATED_OSMIUM;9907;13;9904;14;;;9915;9;9919;25;;;9911.0;0.0
av_WHEAT_d9;43400;INTARIAN_PEPPER_ROOT;12282;5;12279;15;;;12288;15;12292;18;;;12285.0;0.0
av_WHEAT_d9;43500;ASH_COATED_OSMIUM;9908;11;9905;28;;;9914;8;9918;20;;;9911.0;0.0
av_WHEAT_d9;43500;INTARIAN_PEPPER_ROOT;12281;16;12277;16;;;12289;18;12293;17;;;12285.0;0.0
av_WHEAT_d9;43600;ASH_COATED_OSMIUM;9908;14;9905;17;;;9914;18;9918;16;;;9911.0;0.0
av_WHEAT_d9;43600;INTARIAN_PEPPER_ROOT;12277;14;12275;14;;;12293;15;12295;12;;;12285.0;0.0
av_WHEAT_d9;43700;ASH_COATED_OSMIUM;9908;8;9905;13;;;9914;16;9917;21;;;9911.0;0.0
av_WHEAT_d9;43700;INTARIAN_PEPPER_ROOT;12281;20;12278;21;;;12287;25;12291;17;;;12284.0;0.0
av_WHEAT_d9;43800;ASH_COATED_OSMIUM;9908;6;9905;20;;;9914;11;9916;10;;;9911.0;0.0
av_WHEAT_d9;43800;INTARIAN_PEPPER_ROOT;12280;21;12276;13;;;12290;11;12292;24;;;12285.0;0.0
av_WHEAT_d9;43900;ASH_COATED_OSMIUM;9908;9;9904;21;;;9914;9;9917;30;;;9911.0;0.0
av_WHEAT_d9;43900;INTARIAN_PEPPER_ROOT;12275;18;12273;22;;;12294;15;12296;23;;;12284.5;0.0
av_WHEAT_d9;44000;ASH_COATED_OSMIUM;9905;8;9901;20;;;9917;27;9920;19;;;9911.0;0.0
av_WHEAT_d9;44000;INTARIAN_PEPPER_ROOT;12277;18;12273;21;;;12292;9;12294;27;;;12284.5;0.0
av_WHEAT_d9;44100;ASH_COATED_OSMIUM;9908;13;9904;17;;;9914;10;9918;16;;;9911.0;0.0
av_WHEAT_d9;44100;INTARIAN_PEPPER_ROOT;12280;11;12278;14;;;12289;17;12291;19;;;12284.5;0.0
av_WHEAT_d9;44200;ASH_COATED_OSMIUM;9908;13;9905;20;;;9914;18;9917;19;;;9911.0;0.0
av_WHEAT_d9;44200;INTARIAN_PEPPER_ROOT;12280;13;12277;15;;;12287;7;12291;23;;;12283.5;0.0
av_WHEAT_d9;44300;ASH_COATED_OSMIUM;9903;7;9900;14;;;9918;16;9921;25;;;9910.5;0.0
av_WHEAT_d9;44300;INTARIAN_PEPPER_ROOT;12282;5;12279;24;;;12288;16;12292;23;;;12285.0;0.0
av_WHEAT_d9;44400;ASH_COATED_OSMIUM;9908;18;9905;14;;;9914;20;9918;24;;;9911.0;0.0
av_WHEAT_d9;44400;INTARIAN_PEPPER_ROOT;12281;11;12278;10;;;12287;7;12289;20;;;12284.0;0.0
av_WHEAT_d9;44500;ASH_COATED_OSMIUM;9906;13;9903;13;;;9916;17;9919;23;;;9911.0;0.0
av_WHEAT_d9;44500;INTARIAN_PEPPER_ROOT;12279;11;12276;16;;;12289;20;12291;26;;;12284.0;0.0
av_WHEAT_d9;44600;ASH_COATED_OSMIUM;9907;20;9905;21;;;9913;9;9917;22;;;9910.0;0.0
av_WHEAT_d9;44600;INTARIAN_PEPPER_ROOT;12281;19;12278;21;;;12288;14;12290;14;;;12284.5;0.0
av_WHEAT_d9;44700;ASH_COATED_OSMIUM;9899;19;9897;20;;;9922;20;9924;12;;;9910.5;0.0
av_WHEAT_d9;44700;INTARIAN_PEPPER_ROOT;12281;6;12279;18;;;12287;20;12291;21;;;12284.0;0.0
av_WHEAT_d9;44800;ASH_COATED_OSMIUM;9907;20;9905;22;;;9913;8;9915;19;;;9910.0;0.0
av_WHEAT_d9;44800;INTARIAN_PEPPER_ROOT;12281;10;12277;25;;;12287;18;12291;27;;;12284.0;0.0
av_WHEAT_d9;44900;ASH_COATED_OSMIUM;9898;7;9894;26;;;9924;22;9928;13;;;9911.0;0.0
av_WHEAT_d9;44900;INTARIAN_PEPPER_ROOT;12281;20;12277;21;;;12287;16;12289;20;;;12284.0;0.0
av_WHEAT_d9;45000;ASH_COATED_OSMIUM;9904;11;9901;18;;;9916;10;9920;22;;;9910.0;0.0
av_WHEAT_d9;45000;INTARIAN_PEPPER_ROOT;12273;13;12269;18;;;12294;18;12296;20;;;12283.5;0.0
av_WHEAT_d9;45100;ASH_COATED_OSMIUM;9907;15;9903;21;;;9913;25;9916;23;;;9910.0;0.0
av_WHEAT_d9;45100;INTARIAN_PEPPER_ROOT;12281;12;12278;31;;;12287;7;12289;22;;;12284.0;0.0
av_WHEAT_d9;45200;ASH_COATED_OSMIUM;9907;8;9905;11;;;9913;18;9915;14;;;9910.0;0.0
av_WHEAT_d9;45200;INTARIAN_PEPPER_ROOT;12280;13;12276;21;;;12289;6;12291;19;;;12284.5;0.0
av_WHEAT_d9;45300;ASH_COATED_OSMIUM;9904;22;9902;18;;;9917;7;9919;15;;;9910.5;0.0
av_WHEAT_d9;45300;INTARIAN_PEPPER_ROOT;12281;25;12278;19;;;12287;9;12290;21;;;12284.0;0.0
av_WHEAT_d9;45400;ASH_COATED_OSMIUM;9907;20;9903;15;;;9913;14;9916;18;;;9910.0;0.0
av_WHEAT_d9;45400;INTARIAN_PEPPER_ROOT;12279;18;12276;17;;;12288;19;12292;22;;;12283.5;0.0
av_WHEAT_d9;45500;ASH_COATED_OSMIUM;9907;16;9905;16;;;9913;11;9915;17;;;9910.0;0.0
av_WHEAT_d9;45500;INTARIAN_PEPPER_ROOT;12280;5;12276;15;;;12286;17;12289;18;;;12283.0;0.0
av_WHEAT_d9;45600;ASH_COATED_OSMIUM;9906;12;9903;21;;;9914;11;9916;20;;;9910.0;0.0
av_WHEAT_d9;45600;INTARIAN_PEPPER_ROOT;12280;17;12278;16;;;12286;8;12289;25;;;12283.0;0.0
av_WHEAT_d9;45700;ASH_COATED_OSMIUM;9900;16;9896;17;;;9919;22;9921;19;;;9909.5;0.0
av_WHEAT_d9;45700;INTARIAN_PEPPER_ROOT;12281;26;12279;21;;;12288;12;12291;30;;;12284.5;0.0
av_WHEAT_d9;45800;ASH_COATED_OSMIUM;9907;15;9904;30;;;9913;21;9915;15;;;9910.0;0.0
av_WHEAT_d9;45800;INTARIAN_PEPPER_ROOT;12280;20;12276;20;;;12286;13;12288;20;;;12283.0;0.0
av_WHEAT_d9;45900;ASH_COATED_OSMIUM;9894;24;9891;13;;;9926;21;9928;18;;;9910.0;0.0
av_WHEAT_d9;45900;INTARIAN_PEPPER_ROOT;12280;17;12278;20;;;12287;17;12290;18;;;12283.5;0.0
av_WHEAT_d9;46000;ASH_COATED_OSMIUM;9903;14;9900;11;;;9916;13;9918;22;;;9909.5;0.0
av_WHEAT_d9;46000;INTARIAN_PEPPER_ROOT;12277;7;12274;11;;;12289;15;12291;21;;;12283.0;0.0
av_WHEAT_d9;46100;ASH_COATED_OSMIUM;9907;14;9905;18;;;9913;13;9915;14;;;9910.0;0.0
av_WHEAT_d9;46100;INTARIAN_PEPPER_ROOT;12280;22;12278;19;;;12286;23;12288;18;;;12283.0;0.0
av_WHEAT_d9;46200;ASH_COATED_OSMIUM;9905;13;9901;15;;;9915;9;9919;24;;;9910.0;0.0
av_WHEAT_d9;46200;INTARIAN_PEPPER_ROOT;12280;19;12276;20;;;12286;15;12290;22;;;12283.0;0.0
av_WHEAT_d9;46300;ASH_COATED_OSMIUM;9907;9;9905;21;;;9913;8;9915;15;;;9910.0;0.0
av_WHEAT_d9;46300;INTARIAN_PEPPER_ROOT;12280;15;12276;13;;;12286;9;12289;18;;;12283.0;0.0
av_WHEAT_d9;46400;ASH_COATED_OSMIUM;9906;8;9904;18;;;9912;8;9914;22;;;9909.0;0.0
av_WHEAT_d9;46400;INTARIAN_PEPPER_ROOT;12279;13;12276;16;;;12286;13;12289;15;;;12282.5;0.0
av_WHEAT_d9;46500;ASH_COATED_OSMIUM;9900;14;9896;19;;;9919;14;9922;20;;;9909.5;0.0
av_WHEAT_d9;46500;INTARIAN_PEPPER_ROOT;12280;15;12276;19;;;12286;19;12289;21;;;12283.0;0.0
av_WHEAT_d9;46600;ASH_COATED_OSMIUM;9902;12;9898;26;;;9915;17;9918;11;;;9908.5;0.0
av_WHEAT_d9;46600;INTARIAN_PEPPER_ROOT;12272;22;12270;19;;;12293;13;12297;25;;;12282.5;0.0
av_WHEAT_d9;46700;ASH_COATED_OSMIUM;9906;12;9903;30;;;9912;14;9914;17;;;9909.0;0.0
av_WHEAT_d9;46700;INTARIAN_PEPPER_ROOT;12279;11;12276;27;;;12288;5;12292;24;;;12283.5;0.0
av_WHEAT_d9;46800;ASH_COATED_OSMIUM;9907;15;9905;22;;;9913;7;9917;15;;;9910.0;0.0
av_WHEAT_d9;46800;INTARIAN_PEPPER_ROOT;12274;9;12270;11;;;12291;10;12294;14;;;12282.5;0.0
av_WHEAT_d9;46900;ASH_COATED_OSMIUM;9906;20;9902;23;;;9912;16;9914;23;;;9909.0;0.0
av_WHEAT_d9;46900;INTARIAN_PEPPER_ROOT;12275;8;12273;21;;;12290;12;12293;28;;;12282.5;0.0
av_WHEAT_d9;47000;ASH_COATED_OSMIUM;9906;19;9904;18;;;9912;10;9915;26;;;9909.0;0.0
av_WHEAT_d9;47000;INTARIAN_PEPPER_ROOT;12280;18;12276;24;;;12286;18;12289;18;;;12283.0;0.0
av_WHEAT_d9;47100;ASH_COATED_OSMIUM;9906;15;9903;16;;;9912;9;9915;25;;;9909.0;0.0
av_WHEAT_d9;47100;INTARIAN_PEPPER_ROOT;12280;14;12278;20;;;12286;24;12288;24;;;12283.0;0.0
av_WHEAT_d9;47200;ASH_COATED_OSMIUM;9905;13;9902;15;;;9912;19;9916;26;;;9908.5;0.0
av_WHEAT_d9;47200;INTARIAN_PEPPER_ROOT;12279;18;12276;17;;;12285;14;12287;19;;;12282.0;0.0
av_WHEAT_d9;47300;ASH_COATED_OSMIUM;9899;23;9895;22;;;9919;5;9921;18;;;9909.0;0.0
av_WHEAT_d9;47300;INTARIAN_PEPPER_ROOT;12273;17;12271;14;;;12291;10;12294;18;;;12282.0;0.0
av_WHEAT_d9;47400;ASH_COATED_OSMIUM;9903;10;9901;15;;;9915;6;9917;11;;;9909.0;0.0
av_WHEAT_d9;47400;INTARIAN_PEPPER_ROOT;12280;13;12277;17;;;12286;15;12289;23;;;12283.0;0.0
av_WHEAT_d9;47500;ASH_COATED_OSMIUM;9906;24;9904;30;;;9912;6;9914;19;;;9909.0;0.0
av_WHEAT_d9;47500;INTARIAN_PEPPER_ROOT;12280;22;12277;23;;;12286;6;12290;16;;;12283.0;0.0
av_WHEAT_d9;47600;ASH_COATED_OSMIUM;9906;5;9903;25;;;9912;13;9916;22;;;9909.0;0.0
av_WHEAT_d9;47600;INTARIAN_PEPPER_ROOT;12270;14;12268;25;;;12295;23;12297;19;;;12282.5;0.0
av_WHEAT_d9;47700;ASH_COATED_OSMIUM;9906;21;9904;25;;;9912;16;9916;20;;;9909.0;0.0
av_WHEAT_d9;47700;INTARIAN_PEPPER_ROOT;12278;13;12275;19;;;12285;19;12287;16;;;12281.5;0.0
av_WHEAT_d9;47800;ASH_COATED_OSMIUM;9906;12;9902;16;;;9912;18;9916;10;;;9909.0;0.0
av_WHEAT_d9;47800;INTARIAN_PEPPER_ROOT;12276;19;12272;34;;;12289;24;12293;17;;;12282.5;0.0
av_WHEAT_d9;47900;ASH_COATED_OSMIUM;9906;16;9904;24;;;9912;15;9914;25;;;9909.0;0.0
av_WHEAT_d9;47900;INTARIAN_PEPPER_ROOT;12279;19;12275;12;;;12285;18;12289;9;;;12282.0;0.0
av_WHEAT_d9;48000;ASH_COATED_OSMIUM;9906;13;9903;18;;;9912;19;9914;20;;;9909.0;0.0
av_WHEAT_d9;48000;INTARIAN_PEPPER_ROOT;12279;15;12275;16;;;12285;10;12287;20;;;12282.0;0.0
av_WHEAT_d9;48100;ASH_COATED_OSMIUM;9901;5;9899;15;;;9916;15;9920;25;;;9908.5;0.0
av_WHEAT_d9;48100;INTARIAN_PEPPER_ROOT;12271;15;12267;27;;;12293;19;12295;18;;;12282.0;0.0
av_WHEAT_d9;48200;ASH_COATED_OSMIUM;9905;10;9901;20;;;9911;18;9915;21;;;9908.0;0.0
av_WHEAT_d9;48200;INTARIAN_PEPPER_ROOT;12279;12;12277;30;;;12285;11;12287;16;;;12282.0;0.0
av_WHEAT_d9;48300;ASH_COATED_OSMIUM;9906;22;9904;14;;;9912;19;9915;24;;;9909.0;0.0
av_WHEAT_d9;48300;INTARIAN_PEPPER_ROOT;12278;25;12274;27;;;12286;16;12290;14;;;12282.0;0.0
av_WHEAT_d9;48400;ASH_COATED_OSMIUM;9905;15;9901;12;;;9912;5;9915;23;;;9908.5;0.0
av_WHEAT_d9;48400;INTARIAN_PEPPER_ROOT;12278;21;12274;28;;;12284;15;12287;32;;;12281.0;0.0
av_WHEAT_d9;48500;ASH_COATED_OSMIUM;9905;10;9902;13;;;9911;11;9913;17;;;9908.0;0.0
av_WHEAT_d9;48500;INTARIAN_PEPPER_ROOT;12279;9;12276;22;;;12285;14;12287;14;;;12282.0;0.0
av_WHEAT_d9;48600;ASH_COATED_OSMIUM;9902;6;9900;22;;;9915;21;9919;24;;;9908.5;0.0
av_WHEAT_d9;48600;INTARIAN_PEPPER_ROOT;12278;14;12276;27;;;12284;12;12288;20;;;12281.0;0.0
av_WHEAT_d9;48700;ASH_COATED_OSMIUM;9904;5;9901;27;;;9912;9;9914;20;;;9908.0;0.0
av_WHEAT_d9;48700;INTARIAN_PEPPER_ROOT;12278;20;12275;15;;;12284;17;12287;12;;;12281.0;0.0
av_WHEAT_d9;48800;ASH_COATED_OSMIUM;9904;15;9900;19;;;9911;21;9913;16;;;9907.5;0.0
av_WHEAT_d9;48800;INTARIAN_PEPPER_ROOT;12278;12;12276;11;;;12284;10;12288;23;;;12281.0;0.0
av_WHEAT_d9;48900;ASH_COATED_OSMIUM;9904;13;9900;21;;;9911;19;9914;21;;;9907.5;0.0
av_WHEAT_d9;48900;INTARIAN_PEPPER_ROOT;12279;15;12275;22;;;12285;14;12288;26;;;12282.0;0.0
av_WHEAT_d9;49000;ASH_COATED_OSMIUM;9901;11;9898;20;;;9914;22;9916;21;;;9907.5;0.0
av_WHEAT_d9;49000;INTARIAN_PEPPER_ROOT;12279;14;12275;16;;;12285;16;12288;34;;;12282.0;0.0
av_WHEAT_d9;49100;ASH_COATED_OSMIUM;9905;20;9902;24;;;9911;20;9915;20;;;9908.0;0.0
av_WHEAT_d9;49100;INTARIAN_PEPPER_ROOT;12277;12;12274;21;;;12284;17;12286;29;;;12280.5;0.0
av_WHEAT_d9;49200;ASH_COATED_OSMIUM;9904;12;9902;17;;;9910;9;9914;20;;;9907.0;0.0
av_WHEAT_d9;49200;INTARIAN_PEPPER_ROOT;12278;22;12274;29;;;12284;17;12287;29;;;12281.0;0.0
av_WHEAT_d9;49300;ASH_COATED_OSMIUM;9901;10;9898;10;;;9915;11;9918;22;;;9908.0;0.0
av_WHEAT_d9;49300;INTARIAN_PEPPER_ROOT;12278;15;12276;17;;;12284;11;12288;22;;;12281.0;0.0
av_WHEAT_d9;49400;ASH_COATED_OSMIUM;9904;16;9902;27;;;9910;23;9913;24;;;9907.0;0.0
av_WHEAT_d9;49400;INTARIAN_PEPPER_ROOT;12278;10;12275;20;;;12284;16;12286;11;;;12281.0;0.0
av_WHEAT_d9;49500;ASH_COATED_OSMIUM;9905;15;9901;8;;;9912;14;9915;14;;;9908.5;0.0
av_WHEAT_d9;49500;INTARIAN_PEPPER_ROOT;12278;11;12274;21;;;12284;12;12287;13;;;12281.0;0.0
av_WHEAT_d9;49600;ASH_COATED_OSMIUM;9904;10;9902;18;;;9910;20;9913;18;;;9907.0;0.0
av_WHEAT_d9;49600;INTARIAN_PEPPER_ROOT;12278;18;12276;24;;;12284;22;12287;20;;;12281.0;0.0
av_WHEAT_d9;49700;ASH_COATED_OSMIUM;9903;14;9899;18;;;9912;17;9914;11;;;9907.5;0.0
av_WHEAT_d9;49700;INTARIAN_PEPPER_ROOT;12276;13;12274;22;;;12286;7;12288;20;;;12281.0;0.0
av_WHEAT_d9;49800;ASH_COATED_OSMIUM;9902;20;9898;18;;;9913;12;9915;12;;;9907.5;0.0
av_WHEAT_d9;49800;INTARIAN_PEPPER_ROOT;12277;7;12275;19;;;12283;18;12286;14;;;12280.0;0.0
av_WHEAT_d9;49900;ASH_COATED_OSMIUM;9897;13;9895;13;;;9919;12;9922;13;;;9908.0;0.0
av_WHEAT_d9;49900;INTARIAN_PEPPER_ROOT;12275;17;12273;27;;;12286;13;12290;25;;;12280.5;0.0
av_WHEAT_d9;50000;ASH_COATED_OSMIUM;9904;14;9901;18;;;9910;11;9913;25;;;9907.0;0.0
av_WHEAT_d9;50000;INTARIAN_PEPPER_ROOT;12278;11;12276;14;;;12284;5;12286;25;;;12281.0;0.0
av_WHEAT_d9;50100;ASH_COATED_OSMIUM;9904;7;9902;23;;;9910;14;9914;20;;;9907.0;0.0
av_WHEAT_d9;50100;INTARIAN_PEPPER_ROOT;12278;12;12275;26;;;12284;20;12287;17;;;12281.0;0.0
av_WHEAT_d9;50200;ASH_COATED_OSMIUM;9903;16;9900;25;;;9912;10;9916;26;;;9907.5;0.0
av_WHEAT_d9;50200;INTARIAN_PEPPER_ROOT;12278;16;12274;10;;;12284;19;12288;14;;;12281.0;0.0
av_WHEAT_d9;50300;ASH_COATED_OSMIUM;9904;20;9901;26;;;9910;12;9914;16;;;9907.0;0.0
av_WHEAT_d9;50300;INTARIAN_PEPPER_ROOT;12277;26;12274;17;;;12283;7;12287;16;;;12280.0;0.0
av_WHEAT_d9;50400;ASH_COATED_OSMIUM;9897;6;9893;22;;;9917;10;9921;15;;;9907.0;0.0
av_WHEAT_d9;50400;INTARIAN_PEPPER_ROOT;12277;11;12273;23;;;12283;25;12286;22;;;12280.0;0.0
av_WHEAT_d9;50500;ASH_COATED_OSMIUM;9897;9;9893;23;;;9918;12;9922;23;;;9907.5;0.0
av_WHEAT_d9;50500;INTARIAN_PEPPER_ROOT;12277;19;12274;17;;;12283;17;12287;20;;;12280.0;0.0
av_WHEAT_d9;50600;ASH_COATED_OSMIUM;9904;14;9901;18;;;9910;21;9914;18;;;9907.0;0.0
av_WHEAT_d9;50600;INTARIAN_PEPPER_ROOT;12277;15;12274;20;;;12283;19;12286;20;;;12280.0;0.0
av_WHEAT_d9;50700;ASH_COATED_OSMIUM;9904;5;9901;18;;;9910;12;9912;14;;;9907.0;0.0
av_WHEAT_d9;50700;INTARIAN_PEPPER_ROOT;12277;24;12274;29;;;12283;17;12285;18;;;12280.0;0.0
av_WHEAT_d9;50800;ASH_COATED_OSMIUM;9900;9;9898;20;;;9914;20;9917;12;;;9907.0;0.0
av_WHEAT_d9;50800;INTARIAN_PEPPER_ROOT;12272;16;12268;18;;;12288;17;12292;9;;;12280.0;0.0
av_WHEAT_d9;50900;ASH_COATED_OSMIUM;9902;11;9898;25;;;9911;22;9913;8;;;9906.5;0.0
av_WHEAT_d9;50900;INTARIAN_PEPPER_ROOT;12277;17;12273;23;;;12283;11;12285;19;;;12280.0;0.0
av_WHEAT_d9;51000;ASH_COATED_OSMIUM;9904;16;9902;26;;;9910;15;9914;16;;;9907.0;0.0
av_WHEAT_d9;51000;INTARIAN_PEPPER_ROOT;12272;9;12270;14;;;12289;15;12291;24;;;12280.5;0.0
av_WHEAT_d9;51100;ASH_COATED_OSMIUM;9905;25;9901;14;;;9911;22;9915;20;;;9908.0;0.0
av_WHEAT_d9;51100;INTARIAN_PEPPER_ROOT;12270;20;12267;18;;;12292;13;12296;19;;;12281.0;0.0
av_WHEAT_d9;51200;ASH_COATED_OSMIUM;9905;21;9902;12;;;9911;13;9914;11;;;9908.0;0.0
av_WHEAT_d9;51200;INTARIAN_PEPPER_ROOT;12278;9;12274;19;;;12286;14;12289;20;;;12282.0;0.0
av_WHEAT_d9;51300;ASH_COATED_OSMIUM;9900;13;9896;25;;;9914;12;9918;20;;;9907.0;0.0
av_WHEAT_d9;51300;INTARIAN_PEPPER_ROOT;12277;17;12273;25;;;12290;10;12292;20;;;12283.5;0.0
av_WHEAT_d9;51400;ASH_COATED_OSMIUM;9904;23;9901;16;;;9911;16;9915;17;;;9907.5;0.0
av_WHEAT_d9;51400;INTARIAN_PEPPER_ROOT;12280;14;12278;18;;;12288;8;12291;23;;;12284.0;0.0
av_WHEAT_d9;51500;ASH_COATED_OSMIUM;9899;11;9897;25;;;9916;15;9919;17;;;9907.5;0.0
av_WHEAT_d9;51500;INTARIAN_PEPPER_ROOT;12271;11;12267;21;;;12298;12;12301;14;;;12284.5;0.0
av_WHEAT_d9;51600;ASH_COATED_OSMIUM;9905;21;9901;22;;;9911;15;9914;18;;;9908.0;0.0
av_WHEAT_d9;51600;INTARIAN_PEPPER_ROOT;12283;30;12279;24;;;12289;14;12291;15;;;12286.0;0.0
av_WHEAT_d9;51700;ASH_COATED_OSMIUM;9903;13;9900;13;;;9913;14;9916;19;;;9908.0;0.0
av_WHEAT_d9;51700;INTARIAN_PEPPER_ROOT;12283;19;12279;23;;;12289;8;12292;21;;;12286.0;0.0
av_WHEAT_d9;51800;ASH_COATED_OSMIUM;9904;11;9901;15;;;9910;7;9913;16;;;9907.0;0.0
av_WHEAT_d9;51800;INTARIAN_PEPPER_ROOT;12284;13;12282;17;;;12290;22;12292;19;;;12287.0;0.0
av_WHEAT_d9;51900;ASH_COATED_OSMIUM;9902;13;9898;23;;;9915;14;9919;19;;;9908.5;0.0
av_WHEAT_d9;51900;INTARIAN_PEPPER_ROOT;12286;10;12283;24;;;12292;11;12294;21;;;12289.0;0.0
av_WHEAT_d9;52000;ASH_COATED_OSMIUM;9905;9;9901;16;;;9911;18;9914;20;;;9908.0;0.0
av_WHEAT_d9;52000;INTARIAN_PEPPER_ROOT;12280;16;12276;22;;;12299;15;12302;19;;;12289.5;0.0
av_WHEAT_d9;52100;ASH_COATED_OSMIUM;9905;5;9901;21;;;9911;11;9913;20;;;9908.0;0.0
av_WHEAT_d9;52100;INTARIAN_PEPPER_ROOT;12287;24;12283;27;;;12293;20;12296;19;;;12290.0;0.0
av_WHEAT_d9;52200;ASH_COATED_OSMIUM;9901;20;9898;11;;;9916;21;9919;22;;;9908.5;0.0
av_WHEAT_d9;52200;INTARIAN_PEPPER_ROOT;12288;22;12284;14;;;12294;14;12298;13;;;12291.0;0.0
av_WHEAT_d9;52300;ASH_COATED_OSMIUM;9902;7;9898;11;;;9916;11;9918;12;;;9909.0;0.0
av_WHEAT_d9;52300;INTARIAN_PEPPER_ROOT;12283;21;12280;26;;;12299;6;12302;13;;;12291.0;0.0
av_WHEAT_d9;52400;ASH_COATED_OSMIUM;9905;11;9901;24;;;9911;12;9914;13;;;9908.0;0.0
av_WHEAT_d9;52400;INTARIAN_PEPPER_ROOT;12289;13;12286;18;;;12295;19;12298;29;;;12292.0;0.0
av_WHEAT_d9;52500;ASH_COATED_OSMIUM;9894;11;9892;18;;;9923;19;9925;16;;;9908.5;0.0
av_WHEAT_d9;52500;INTARIAN_PEPPER_ROOT;12288;18;12285;30;;;12298;15;12301;22;;;12293.0;0.0
av_WHEAT_d9;52600;ASH_COATED_OSMIUM;9906;17;9904;30;;;9912;20;9915;17;;;9909.0;0.0
av_WHEAT_d9;52600;INTARIAN_PEPPER_ROOT;12291;20;12289;25;;;12297;19;12299;19;;;12294.0;0.0
av_WHEAT_d9;52700;ASH_COATED_OSMIUM;9906;15;9903;18;;;9912;21;9914;19;;;9909.0;0.0
av_WHEAT_d9;52700;INTARIAN_PEPPER_ROOT;12292;20;12290;19;;;12298;18;12302;17;;;12295.0;0.0
av_WHEAT_d9;52800;ASH_COATED_OSMIUM;9906;9;9902;20;;;9912;19;9914;19;;;9909.0;0.0
av_WHEAT_d9;52800;INTARIAN_PEPPER_ROOT;12292;16;12290;17;;;12298;19;12302;13;;;12295.0;0.0
av_WHEAT_d9;52900;ASH_COATED_OSMIUM;9893;11;9889;26;;;9925;18;9927;19;;;9909.0;0.0
av_WHEAT_d9;52900;INTARIAN_PEPPER_ROOT;12292;23;12289;17;;;12301;18;12303;13;;;12296.5;0.0
av_WHEAT_d9;53000;ASH_COATED_OSMIUM;9903;18;9900;18;;;9917;15;9920;26;;;9910.0;0.0
av_WHEAT_d9;53000;INTARIAN_PEPPER_ROOT;12289;14;12285;20;;;12306;5;12309;20;;;12297.5;0.0
av_WHEAT_d9;53100;ASH_COATED_OSMIUM;9906;19;9903;21;;;9913;5;9917;15;;;9909.5;0.0
av_WHEAT_d9;53100;INTARIAN_PEPPER_ROOT;12295;20;12291;18;;;12301;15;12303;24;;;12298.0;0.0
av_WHEAT_d9;53200;ASH_COATED_OSMIUM;9906;25;9903;23;;;9912;21;9914;15;;;9909.0;0.0
av_WHEAT_d9;53200;INTARIAN_PEPPER_ROOT;12296;13;12294;18;;;12302;19;12304;22;;;12299.0;0.0
av_WHEAT_d9;53300;ASH_COATED_OSMIUM;9906;17;9904;20;;;9912;5;9916;21;;;9909.0;0.0
av_WHEAT_d9;53300;INTARIAN_PEPPER_ROOT;12296;14;12294;31;;;12302;18;12305;21;;;12299.0;0.0
av_WHEAT_d9;53400;ASH_COATED_OSMIUM;9906;12;9903;21;;;9913;22;9917;23;;;9909.5;0.0
av_WHEAT_d9;53400;INTARIAN_PEPPER_ROOT;12298;14;12296;26;;;12304;12;12307;12;;;12301.0;0.0
av_WHEAT_d9;53500;ASH_COATED_OSMIUM;9902;30;9899;20;;;9916;9;9919;18;;;9909.0;0.0
av_WHEAT_d9;53500;INTARIAN_PEPPER_ROOT;12298;16;12296;21;;;12305;14;12307;10;;;12301.5;0.0
av_WHEAT_d9;53600;ASH_COATED_OSMIUM;9907;5;9903;22;;;9913;9;9917;28;;;9910.0;0.0
av_WHEAT_d9;53600;INTARIAN_PEPPER_ROOT;12297;15;12295;25;;;12306;12;12308;25;;;12301.5;0.0
av_WHEAT_d9;53700;ASH_COATED_OSMIUM;9906;15;9902;10;;;9913;12;9916;23;;;9909.5;0.0
av_WHEAT_d9;53700;INTARIAN_PEPPER_ROOT;12297;16;12294;17;;;12307;7;12310;15;;;12302.0;0.0
av_WHEAT_d9;53800;ASH_COATED_OSMIUM;9907;11;9905;19;;;9913;19;9917;22;;;9910.0;0.0
av_WHEAT_d9;53800;INTARIAN_PEPPER_ROOT;12301;5;12299;17;;;12307;13;12309;14;;;12304.0;0.0
av_WHEAT_d9;53900;ASH_COATED_OSMIUM;9907;13;9903;23;;;9913;25;9917;10;;;9910.0;0.0
av_WHEAT_d9;53900;INTARIAN_PEPPER_ROOT;12301;16;12299;22;;;12308;14;12310;8;;;12304.5;0.0
av_WHEAT_d9;54000;ASH_COATED_OSMIUM;9907;17;9905;15;;;9913;18;9916;8;;;9910.0;0.0
av_WHEAT_d9;54000;INTARIAN_PEPPER_ROOT;12297;12;12293;24;;;12314;14;12317;22;;;12305.5;0.0
av_WHEAT_d9;54100;ASH_COATED_OSMIUM;9892;13;9888;21;;;9928;10;9930;23;;;9910.0;0.0
av_WHEAT_d9;54100;INTARIAN_PEPPER_ROOT;12301;11;12298;23;;;12310;17;12314;14;;;12305.5;0.0
av_WHEAT_d9;54200;ASH_COATED_OSMIUM;9907;17;9904;19;;;9913;14;9915;13;;;9910.0;0.0
av_WHEAT_d9;54200;INTARIAN_PEPPER_ROOT;12303;13;12300;18;;;12309;17;12313;23;;;12306.0;0.0
av_WHEAT_d9;54300;ASH_COATED_OSMIUM;9902;14;9898;19;;;9916;15;9920;19;;;9909.0;0.0
av_WHEAT_d9;54300;INTARIAN_PEPPER_ROOT;12305;5;12301;27;;;12311;17;12314;17;;;12308.0;0.0
av_WHEAT_d9;54400;ASH_COATED_OSMIUM;9907;11;9904;18;;;9913;11;9916;11;;;9910.0;0.0
av_WHEAT_d9;54400;INTARIAN_PEPPER_ROOT;12305;14;12303;15;;;12311;10;12315;18;;;12308.0;0.0
av_WHEAT_d9;54500;ASH_COATED_OSMIUM;9907;5;9904;25;;;9913;18;9917;22;;;9910.0;0.0
av_WHEAT_d9;54500;INTARIAN_PEPPER_ROOT;12306;16;12303;20;;;12312;17;12315;20;;;12309.0;0.0
av_WHEAT_d9;54600;ASH_COATED_OSMIUM;9897;17;9893;17;;;9924;15;9926;27;;;9910.5;0.0
av_WHEAT_d9;54600;INTARIAN_PEPPER_ROOT;12307;11;12303;24;;;12313;17;12316;19;;;12310.0;0.0
av_WHEAT_d9;54700;ASH_COATED_OSMIUM;9896;18;9892;23;;;9925;14;9929;21;;;9910.5;0.0
av_WHEAT_d9;54700;INTARIAN_PEPPER_ROOT;12308;16;12305;20;;;12314;16;12316;22;;;12311.0;0.0
av_WHEAT_d9;54800;ASH_COATED_OSMIUM;9908;18;9906;21;;;9914;24;9916;11;;;9911.0;0.0
av_WHEAT_d9;54800;INTARIAN_PEPPER_ROOT;12309;23;12306;9;;;12315;23;12319;18;;;12312.0;0.0
av_WHEAT_d9;54900;ASH_COATED_OSMIUM;9908;12;9905;16;;;9914;18;9918;25;;;9911.0;0.0
av_WHEAT_d9;54900;INTARIAN_PEPPER_ROOT;12310;19;12306;18;;;12316;13;12320;21;;;12313.0;0.0
av_WHEAT_d9;55000;ASH_COATED_OSMIUM;9906;12;9904;28;;;9917;12;9921;16;;;9911.5;0.0
av_WHEAT_d9;55000;INTARIAN_PEPPER_ROOT;12311;19;12307;24;;;12317;5;12319;17;;;12314.0;0.0
av_WHEAT_d9;55100;ASH_COATED_OSMIUM;9908;13;9906;25;;;9914;8;9917;21;;;9911.0;0.0
av_WHEAT_d9;55100;INTARIAN_PEPPER_ROOT;12310;10;12307;20;;;12318;18;12320;8;;;12314.0;0.0
av_WHEAT_d9;55200;ASH_COATED_OSMIUM;9908;13;9904;9;;;9914;15;9916;27;;;9911.0;0.0
av_WHEAT_d9;55200;INTARIAN_PEPPER_ROOT;12306;16;12304;27;;;12325;17;12327;12;;;12315.5;0.0
av_WHEAT_d9;55300;ASH_COATED_OSMIUM;9908;11;9905;32;;;9914;14;9916;13;;;9911.0;0.0
av_WHEAT_d9;55300;INTARIAN_PEPPER_ROOT;12313;21;12310;17;;;12319;16;12321;16;;;12316.0;0.0
av_WHEAT_d9;55400;ASH_COATED_OSMIUM;9908;18;9905;14;;;9916;9;9918;20;;;9912.0;0.0
av_WHEAT_d9;55400;INTARIAN_PEPPER_ROOT;12313;15;12310;29;;;12319;13;12322;28;;;12316.0;0.0
av_WHEAT_d9;55500;ASH_COATED_OSMIUM;9903;12;9901;19;;;9921;16;9925;19;;;9912.0;0.0
av_WHEAT_d9;55500;INTARIAN_PEPPER_ROOT;12304;13;12302;24;;;12330;18;12332;17;;;12317.0;0.0
av_WHEAT_d9;55600;ASH_COATED_OSMIUM;9909;14;9906;19;;;9915;24;9919;21;;;9912.0;0.0
av_WHEAT_d9;55600;INTARIAN_PEPPER_ROOT;12313;21;12310;14;;;12323;18;12327;18;;;12318.0;0.0
av_WHEAT_d9;55700;ASH_COATED_OSMIUM;9908;22;9906;19;;;9914;17;9916;17;;;9911.0;0.0
av_WHEAT_d9;55700;INTARIAN_PEPPER_ROOT;12315;17;12313;12;;;12321;21;12325;22;;;12318.0;0.0
av_WHEAT_d9;55800;ASH_COATED_OSMIUM;9908;14;9905;19;;;9914;14;9917;23;;;9911.0;0.0
av_WHEAT_d9;55800;INTARIAN_PEPPER_ROOT;12314;18;12311;20;;;12325;17;12328;19;;;12319.5;0.0
av_WHEAT_d9;55900;ASH_COATED_OSMIUM;9905;18;9903;19;;;9918;12;9921;12;;;9911.5;0.0
av_WHEAT_d9;55900;INTARIAN_PEPPER_ROOT;12318;9;12316;19;;;12324;23;12327;23;;;12321.0;0.0
av_WHEAT_d9;56000;ASH_COATED_OSMIUM;9909;13;9907;24;;;9915;15;9918;28;;;9912.0;0.0
av_WHEAT_d9;56000;INTARIAN_PEPPER_ROOT;12318;13;12316;17;;;12324;11;12327;21;;;12321.0;0.0
av_WHEAT_d9;56100;ASH_COATED_OSMIUM;9901;20;9898;12;;;9923;29;9926;16;;;9912.0;0.0
av_WHEAT_d9;56100;INTARIAN_PEPPER_ROOT;12317;22;12315;26;;;12327;22;12330;21;;;12322.0;0.0
av_WHEAT_d9;56200;ASH_COATED_OSMIUM;9909;11;9907;25;;;9915;13;9917;22;;;9912.0;0.0
av_WHEAT_d9;56200;INTARIAN_PEPPER_ROOT;12318;11;12314;18;;;12327;25;12330;19;;;12322.5;0.0
av_WHEAT_d9;56300;ASH_COATED_OSMIUM;9902;13;9898;10;;;9922;11;9925;25;;;9912.0;0.0
av_WHEAT_d9;56300;INTARIAN_PEPPER_ROOT;12316;11;12313;23;;;12330;13;12333;16;;;12323.0;0.0
av_WHEAT_d9;56400;ASH_COATED_OSMIUM;9909;11;9906;24;;;9915;21;9918;26;;;9912.0;0.0
av_WHEAT_d9;56400;INTARIAN_PEPPER_ROOT;12320;13;12318;19;;;12329;21;12332;17;;;12324.5;0.0
av_WHEAT_d9;56500;ASH_COATED_OSMIUM;9910;11;9908;19;;;9916;12;9919;17;;;9913.0;0.0
av_WHEAT_d9;56500;INTARIAN_PEPPER_ROOT;12311;20;12308;19;;;12339;14;12342;17;;;12325.0;0.0
av_WHEAT_d9;56600;ASH_COATED_OSMIUM;9908;5;9906;11;;;9918;20;9920;16;;;9913.0;0.0
av_WHEAT_d9;56600;INTARIAN_PEPPER_ROOT;12323;8;12319;26;;;12329;22;12332;18;;;12326.0;0.0
av_WHEAT_d9;56700;ASH_COATED_OSMIUM;9910;13;9906;22;;;9916;15;9918;15;;;9913.0;0.0
av_WHEAT_d9;56700;INTARIAN_PEPPER_ROOT;12324;8;12320;22;;;12330;19;12333;15;;;12327.0;0.0
av_WHEAT_d9;56800;ASH_COATED_OSMIUM;9910;13;9908;24;;;9916;10;9918;14;;;9913.0;0.0
av_WHEAT_d9;56800;INTARIAN_PEPPER_ROOT;12324;15;12322;20;;;12330;14;12334;18;;;12327.0;0.0
av_WHEAT_d9;56900;ASH_COATED_OSMIUM;9910;12;9908;29;;;9916;12;9919;20;;;9913.0;0.0
av_WHEAT_d9;56900;INTARIAN_PEPPER_ROOT;12326;23;12323;18;;;12332;12;12335;15;;;12329.0;0.0
av_WHEAT_d9;57000;ASH_COATED_OSMIUM;9910;21;9907;22;;;9916;16;9920;19;;;9913.0;0.0
av_WHEAT_d9;57000;INTARIAN_PEPPER_ROOT;12326;12;12324;15;;;12332;7;12334;13;;;12329.0;0.0
av_WHEAT_d9;57100;ASH_COATED_OSMIUM;9910;15;9908;19;;;9916;8;9919;21;;;9913.0;0.0
av_WHEAT_d9;57100;INTARIAN_PEPPER_ROOT;12327;6;12323;23;;;12333;14;12337;24;;;12330.0;0.0
av_WHEAT_d9;57200;ASH_COATED_OSMIUM;9910;13;9907;22;;;9916;17;9919;25;;;9913.0;0.0
av_WHEAT_d9;57200;INTARIAN_PEPPER_ROOT;12328;17;12324;23;;;12334;12;12337;13;;;12331.0;0.0
av_WHEAT_d9;57300;ASH_COATED_OSMIUM;9910;19;9908;12;;;9916;13;9918;17;;;9913.0;0.0
av_WHEAT_d9;57300;INTARIAN_PEPPER_ROOT;12328;10;12326;18;;;12335;11;12338;15;;;12331.5;0.0
av_WHEAT_d9;57400;ASH_COATED_OSMIUM;9910;14;9907;20;;;9916;12;9918;13;;;9913.0;0.0
av_WHEAT_d9;57400;INTARIAN_PEPPER_ROOT;12324;5;12320;29;;;12342;18;12344;18;;;12333.0;0.0
av_WHEAT_d9;57500;ASH_COATED_OSMIUM;9910;26;9908;17;;;9917;15;9921;27;;;9913.5;0.0
av_WHEAT_d9;57500;INTARIAN_PEPPER_ROOT;12327;8;12324;10;;;12340;5;12344;15;;;12333.5;0.0
av_WHEAT_d9;57600;ASH_COATED_OSMIUM;9911;15;9909;16;;;9917;12;9919;30;;;9914.0;0.0
av_WHEAT_d9;57600;INTARIAN_PEPPER_ROOT;12327;18;12325;22;;;12341;25;12343;23;;;12334.0;0.0
