day;timestamp;product;bid_price_1;bid_volume_1;bid_price_2;bid_volume_2;bid_price_3;bid_volume_3;ask_price_1;ask_volume_1;ask_price_2;ask_volume_2;ask_price_3;ask_volume_3;mid_price;profit_and_loss
av_CORN_d3;0;ASH_COATED_OSMIUM;10096;17;10092;13;;;10104;8;10108;20;;;10100.0;0.0
av_CORN_d3;0;INTARIAN_PEPPER_ROOT;10436;5;10433;26;;;10442;19;10444;27;;;10439.0;0.0
av_CORN_d3;100;ASH_COATED_OSMIUM;10097;15;10095;14;;;10103;18;10107;9;;;10100.0;0.0
av_CORN_d3;100;INTARIAN_PEPPER_ROOT;10433;16;10431;21;;;10445;11;10449;19;;;10439.0;0.0
av_CORN_d3;200;ASH_COATED_OSMIUM;10096;20;10093;21;;;10102;14;10106;15;;;10099.0;0.0
av_CORN_d3;200;INTARIAN_PEPPER_ROOT;10436;10;10434;19;;;10444;15;10448;13;;;10440.0;0.0
av_CORN_d3;300;ASH_COATED_OSMIUM;10096;23;10092;16;;;10102;17;10104;20;;;10099.0;0.0
av_CORN_d3;300;INTARIAN_PEPPER_ROOT;10438;17;10436;22;;;10444;22;10446;22;;;10441.0;0.0
av_CORN_d3;400;ASH_COATED_OSMIUM;10096;24;10093;20;;;10102;7;10105;20;;;10099.0;0.0
av_CORN_d3;400;INTARIAN_PEPPER_ROOT;10431;12;10429;9;;;10452;19;10454;11;;;10441.5;0.0
av_CORN_d3;500;ASH_COATED_OSMIUM;10091;7;10087;13;;;10107;21;10110;22;;;10099.0;0.0
av_CORN_d3;500;INTARIAN_PEPPER_ROOT;10439;13;10437;15;;;10447;14;10450;18;;;10443.0;0.0
av_CORN_d3;600;ASH_COATED_OSMIUM;10096;6;10093;20;;;10102;19;10104;8;;;10099.0;0.0
av_CORN_d3;600;INTARIAN_PEPPER_ROOT;10440;9;10437;17;;;10446;5;10448;15;;;10443.0;0.0
av_CORN_d3;700;ASH_COATED_OSMIUM;10094;12;10090;20;;;10104;12;10106;15;;;10099.0;0.0
av_CORN_d3;700;INTARIAN_PEPPER_ROOT;10434;24;10432;16;;;10454;17;10457;18;;;10444.0;0.0
av_CORN_d3;800;ASH_COATED_OSMIUM;10095;23;10093;22;;;10101;5;10104;28;;;10098.0;0.0
av_CORN_d3;800;INTARIAN_PEPPER_ROOT;10442;16;10438;25;;;10448;15;10450;14;;;10445.0;0.0
av_CORN_d3;900;ASH_COATED_OSMIUM;10096;18;10093;18;;;10103;17;10107;23;;;10099.5;0.0
av_CORN_d3;900;INTARIAN_PEPPER_ROOT;10443;11;10440;28;;;10449;10;10453;18;;;10446.0;0.0
av_CORN_d3;1000;ASH_COATED_OSMIUM;10096;20;10092;15;;;10102;23;10105;19;;;10099.0;0.0
av_CORN_d3;1000;INTARIAN_PEPPER_ROOT;10443;5;10439;29;;;10449;14;10453;14;;;10446.0;0.0
av_CORN_d3;1100;ASH_COATED_OSMIUM;10096;9;10094;26;;;10102;16;10104;21;;;10099.0;0.0
av_CORN_d3;1100;INTARIAN_PEPPER_ROOT;10441;18;10439;21;;;10454;15;10457;24;;;10447.5;0.0
av_CORN_d3;1200;ASH_COATED_OSMIUM;10087;5;10085;17;;;10110;19;10113;12;;;10098.5;0.0
av_CORN_d3;1200;INTARIAN_PEPPER_ROOT;10445;19;10442;22;;;10451;23;10454;33;;;10448.0;0.0
av_CORN_d3;1300;ASH_COATED_OSMIUM;10094;30;10090;19;;;10104;19;10107;26;;;10099.0;0.0
av_CORN_d3;1300;INTARIAN_PEPPER_ROOT;10446;14;10442;19;;;10452;13;10455;24;;;10449.0;0.0
av_CORN_d3;1400;ASH_COATED_OSMIUM;10096;16;10093;22;;;10102;18;10104;18;;;10099.0;0.0
av_CORN_d3;1400;INTARIAN_PEPPER_ROOT;10447;18;10444;22;;;10453;9;10457;17;;;10450.0;0.0
av_CORN_d3;1500;ASH_COATED_OSMIUM;10096;16;10094;23;;;10102;7;10105;15;;;10099.0;0.0
av_CORN_d3;1500;INTARIAN_PEPPER_ROOT;10448;8;10444;16;;;10454;10;10456;21;;;10451.0;0.0
av_CORN_d3;1600;ASH_COATED_OSMIUM;10096;18;10093;22;;;10102;20;10104;23;;;10099.0;0.0
av_CORN_d3;1600;INTARIAN_PEPPER_ROOT;10449;7;10445;25;;;10456;26;10459;17;;;10452.5;0.0
av_CORN_d3;1700;ASH_COATED_OSMIUM;10096;15;10093;9;;;10102;11;10104;21;;;10099.0;0.0
av_CORN_d3;1700;INTARIAN_PEPPER_ROOT;10448;19;10444;25;;;10458;18;10461;14;;;10453.0;0.0
av_CORN_d3;1800;ASH_COATED_OSMIUM;10095;18;10092;25;;;10101;10;10103;19;;;10098.0;0.0
av_CORN_d3;1800;INTARIAN_PEPPER_ROOT;10446;15;10444;23;;;10461;12;10463;20;;;10453.5;0.0
av_CORN_d3;1900;ASH_COATED_OSMIUM;10093;10;10091;23;;;10104;5;10106;24;;;10098.5;0.0
av_CORN_d3;1900;INTARIAN_PEPPER_ROOT;10452;5;10449;24;;;10458;17;10460;20;;;10455.0;0.0
av_CORN_d3;2000;ASH_COATED_OSMIUM;10095;19;10092;14;;;10101;8;10103;17;;;10098.0;0.0
av_CORN_d3;2000;INTARIAN_PEPPER_ROOT;10451;20;10448;13;;;10459;11;10463;29;;;10455.0;0.0
av_CORN_d3;2100;ASH_COATED_OSMIUM;10096;17;10092;16;;;10102;14;10106;20;;;10099.0;0.0
av_CORN_d3;2100;INTARIAN_PEPPER_ROOT;10452;5;10448;21;;;10460;15;10463;20;;;10456.0;0.0
av_CORN_d3;2200;ASH_COATED_OSMIUM;10095;18;10093;16;;;10101;14;10103;22;;;10098.0;0.0
av_CORN_d3;2200;INTARIAN_PEPPER_ROOT;10449;14;10447;19;;;10465;11;10468;25;;;10457.0;0.0
av_CORN_d3;2300;ASH_COATED_OSMIUM;10094;21;10091;14;;;10103;16;10106;13;;;10098.5;0.0
av_CORN_d3;2300;INTARIAN_PEPPER_ROOT;10443;10;10439;16;;;10473;22;10476;21;;;10458.0;0.0
av_CORN_d3;2400;ASH_COATED_OSMIUM;10095;24;10092;8;;;10101;13;10105;23;;;10098.0;0.0
av_CORN_d3;2400;INTARIAN_PEPPER_ROOT;10451;13;10449;16;;;10465;19;10468;21;;;10458.0;0.0
av_CORN_d3;2500;ASH_COATED_OSMIUM;10086;19;10083;16;;;10110;10;10113;14;;;10098.0;0.0
av_CORN_d3;2500;INTARIAN_PEPPER_ROOT;10453;12;10450;23;;;10466;18;10468;19;;;10459.5;0.0
av_CORN_d3;2600;ASH_COATED_OSMIUM;10093;12;10091;20;;;10104;25;10108;24;;;10098.5;0.0
av_CORN_d3;2600;INTARIAN_PEPPER_ROOT;10457;12;10455;17;;;10463;15;10465;17;;;10460.0;0.0
av_CORN_d3;2700;ASH_COATED_OSMIUM;10094;12;10091;12;;;10103;10;10106;22;;;10098.5;0.0
av_CORN_d3;2700;INTARIAN_PEPPER_ROOT;10458;15;10456;16;;;10464;23;10467;24;;;10461.0;0.0
av_CORN_d3;2800;ASH_COATED_OSMIUM;10095;14;10093;18;;;10101;10;10105;21;;;10098.0;0.0
av_CORN_d3;2800;INTARIAN_PEPPER_ROOT;10459;16;10456;19;;;10465;19;10468;23;;;10462.0;0.0
av_CORN_d3;2900;ASH_COATED_OSMIUM;10095;15;10093;18;;;10101;10;10103;16;;;10098.0;0.0
av_CORN_d3;2900;INTARIAN_PEPPER_ROOT;10456;12;10453;18;;;10468;9;10472;18;;;10462.0;0.0
av_CORN_d3;3000;ASH_COATED_OSMIUM;10095;17;10091;19;;;10101;12;10105;19;;;10098.0;0.0
av_CORN_d3;3000;INTARIAN_PEPPER_ROOT;10461;14;10458;21;;;10467;16;10471;22;;;10464.0;0.0
av_CORN_d3;3100;ASH_COATED_OSMIUM;10094;16;10092;25;;;10102;12;10105;22;;;10098.0;0.0
av_CORN_d3;3100;INTARIAN_PEPPER_ROOT;10461;9;10458;21;;;10467;16;10471;23;;;10464.0;0.0
av_CORN_d3;3200;ASH_COATED_OSMIUM;10095;15;10093;24;;;10101;16;10105;23;;;10098.0;0.0
av_CORN_d3;3200;INTARIAN_PEPPER_ROOT;10458;5;10456;16;;;10473;14;10477;21;;;10465.5;0.0
av_CORN_d3;3300;ASH_COATED_OSMIUM;10095;5;10093;22;;;10101;8;10103;15;;;10098.0;0.0
av_CORN_d3;3300;INTARIAN_PEPPER_ROOT;10463;18;10459;11;;;10469;12;10472;10;;;10466.0;0.0
av_CORN_d3;3400;ASH_COATED_OSMIUM;10095;18;10093;23;;;10101;10;10105;19;;;10098.0;0.0
av_CORN_d3;3400;INTARIAN_PEPPER_ROOT;10464;10;10460;29;;;10470;15;10472;22;;;10467.0;0.0
av_CORN_d3;3500;ASH_COATED_OSMIUM;10092;18;10089;20;;;10105;22;10108;21;;;10098.5;0.0
av_CORN_d3;3500;INTARIAN_PEPPER_ROOT;10465;14;10461;22;;;10471;21;10474;17;;;10468.0;0.0
av_CORN_d3;3600;ASH_COATED_OSMIUM;10095;20;10093;14;;;10101;18;10104;26;;;10098.0;0.0
av_CORN_d3;3600;INTARIAN_PEPPER_ROOT;10466;11;10462;19;;;10472;19;10476;21;;;10469.0;0.0
av_CORN_d3;3700;ASH_COATED_OSMIUM;10090;9;10086;20;;;10107;12;10110;23;;;10098.5;0.0
av_CORN_d3;3700;INTARIAN_PEPPER_ROOT;10454;20;10451;20;;;10485;16;10487;24;;;10469.5;0.0
av_CORN_d3;3800;ASH_COATED_OSMIUM;10095;13;10091;21;;;10101;14;10105;30;;;10098.0;0.0
av_CORN_d3;3800;INTARIAN_PEPPER_ROOT;10468;13;10464;13;;;10474;15;10478;19;;;10471.0;0.0
av_CORN_d3;3900;ASH_COATED_OSMIUM;10093;19;10090;27;;;10103;15;10106;25;;;10098.0;0.0
av_CORN_d3;3900;INTARIAN_PEPPER_ROOT;10463;14;10459;17;;;10481;24;10484;26;;;10472.0;0.0
av_CORN_d3;4000;ASH_COATED_OSMIUM;10094;15;10091;12;;;10100;10;10104;15;;;10097.0;0.0
av_CORN_d3;4000;INTARIAN_PEPPER_ROOT;10463;20;10459;15;;;10480;13;10482;13;;;10471.5;0.0
av_CORN_d3;4100;ASH_COATED_OSMIUM;10094;19;10092;18;;;10100;13;10103;28;;;10097.0;0.0
av_CORN_d3;4100;INTARIAN_PEPPER_ROOT;10470;12;10467;22;;;10476;19;10479;18;;;10473.0;0.0
av_CORN_d3;4200;ASH_COATED_OSMIUM;10094;20;10091;23;;;10100;18;10103;8;;;10097.0;0.0
av_CORN_d3;4200;INTARIAN_PEPPER_ROOT;10469;5;10465;18;;;10480;19;10482;19;;;10474.5;0.0
av_CORN_d3;4300;ASH_COATED_OSMIUM;10089;10;10086;25;;;10105;12;10108;21;;;10097.0;0.0
av_CORN_d3;4300;INTARIAN_PEPPER_ROOT;10472;16;10468;13;;;10478;15;10482;18;;;10475.0;0.0
av_CORN_d3;4400;ASH_COATED_OSMIUM;10091;22;10087;10;;;10103;18;10106;23;;;10097.0;0.0
av_CORN_d3;4400;INTARIAN_PEPPER_ROOT;10473;12;10471;12;;;10479;12;10481;23;;;10476.0;0.0
av_CORN_d3;4500;ASH_COATED_OSMIUM;10092;20;10089;29;;;10104;18;10107;17;;;10098.0;0.0
av_CORN_d3;4500;INTARIAN_PEPPER_ROOT;10473;13;10470;22;;;10479;12;10481;11;;;10476.0;0.0
av_CORN_d3;4600;ASH_COATED_OSMIUM;10093;19;10090;14;;;10101;21;10105;24;;;10097.0;0.0
av_CORN_d3;4600;INTARIAN_PEPPER_ROOT;10474;21;10470;8;;;10481;18;10483;13;;;10477.5;0.0
av_CORN_d3;4700;ASH_COATED_OSMIUM;10094;8;10092;18;;;10101;8;10103;21;;;10097.5;0.0
av_CORN_d3;4700;INTARIAN_PEPPER_ROOT;10467;13;10465;17;;;10489;23;10493;23;;;10478.0;0.0
av_CORN_d3;4800;ASH_COATED_OSMIUM;10092;18;10090;19;;;10102;23;10106;10;;;10097.0;0.0
av_CORN_d3;4800;INTARIAN_PEPPER_ROOT;10476;12;10472;17;;;10482;19;10485;21;;;10479.0;0.0
av_CORN_d3;4900;ASH_COATED_OSMIUM;10094;16;10090;19;;;10100;18;10102;22;;;10097.0;0.0
av_CORN_d3;4900;INTARIAN_PEPPER_ROOT;10477;7;10473;15;;;10483;14;10487;16;;;10480.0;0.0
av_CORN_d3;5000;ASH_COATED_OSMIUM;10082;14;10078;18;;;10113;13;10115;26;;;10097.5;0.0
av_CORN_d3;5000;INTARIAN_PEPPER_ROOT;10478;10;10476;17;;;10484;11;10488;18;;;10481.0;0.0
av_CORN_d3;5100;ASH_COATED_OSMIUM;10080;17;10078;23;;;10114;16;10118;32;;;10097.0;0.0
av_CORN_d3;5100;INTARIAN_PEPPER_ROOT;10479;20;10477;17;;;10485;10;10488;16;;;10482.0;0.0
av_CORN_d3;5200;ASH_COATED_OSMIUM;10094;18;10092;14;;;10100;9;10103;27;;;10097.0;0.0
av_CORN_d3;5200;INTARIAN_PEPPER_ROOT;10479;14;10475;8;;;10485;12;10489;20;;;10482.0;0.0
av_CORN_d3;5300;ASH_COATED_OSMIUM;10085;11;10081;16;;;10109;11;10111;18;;;10097.0;0.0
av_CORN_d3;5300;INTARIAN_PEPPER_ROOT;10474;16;10471;25;;;10491;8;10494;12;;;10482.5;0.0
av_CORN_d3;5400;ASH_COATED_OSMIUM;10094;12;10092;16;;;10100;20;10102;23;;;10097.0;0.0
av_CORN_d3;5400;INTARIAN_PEPPER_ROOT;10481;17;10478;16;;;10487;20;10491;17;;;10484.0;0.0
av_CORN_d3;5500;ASH_COATED_OSMIUM;10094;8;10091;21;;;10100;25;10104;23;;;10097.0;0.0
av_CORN_d3;5500;INTARIAN_PEPPER_ROOT;10481;12;10477;21;;;10487;24;10490;19;;;10484.0;0.0
av_CORN_d3;5600;ASH_COATED_OSMIUM;10094;25;10092;19;;;10100;15;10103;16;;;10097.0;0.0
av_CORN_d3;5600;INTARIAN_PEPPER_ROOT;10483;29;10481;27;;;10489;14;10491;24;;;10486.0;0.0
av_CORN_d3;5700;ASH_COATED_OSMIUM;10093;17;10091;22;;;10099;10;10103;23;;;10096.0;0.0
av_CORN_d3;5700;INTARIAN_PEPPER_ROOT;10483;14;10479;16;;;10489;12;10492;26;;;10486.0;0.0
av_CORN_d3;5800;ASH_COATED_OSMIUM;10093;13;10089;18;;;10099;12;10103;26;;;10096.0;0.0
av_CORN_d3;5800;INTARIAN_PEPPER_ROOT;10484;15;10481;13;;;10490;10;10492;15;;;10487.0;0.0
av_CORN_d3;5900;ASH_COATED_OSMIUM;10088;16;10086;12;;;10105;10;10108;19;;;10096.5;0.0
av_CORN_d3;5900;INTARIAN_PEPPER_ROOT;10485;12;10482;23;;;10491;7;10495;12;;;10488.0;0.0
av_CORN_d3;6000;ASH_COATED_OSMIUM;10094;5;10090;16;;;10100;17;10104;17;;;10097.0;0.0
av_CORN_d3;6000;INTARIAN_PEPPER_ROOT;10486;17;10484;26;;;10492;13;10494;13;;;10489.0;0.0
av_CORN_d3;6100;ASH_COATED_OSMIUM;10094;19;10092;25;;;10100;11;10102;16;;;10097.0;0.0
av_CORN_d3;6100;INTARIAN_PEPPER_ROOT;10487;21;10484;15;;;10493;21;10496;16;;;10490.0;0.0
av_CORN_d3;6200;ASH_COATED_OSMIUM;10092;21;10088;20;;;10100;11;10103;17;;;10096.0;0.0
av_CORN_d3;6200;INTARIAN_PEPPER_ROOT;10488;25;10485;18;;;10494;13;10498;23;;;10491.0;0.0
av_CORN_d3;6300;ASH_COATED_OSMIUM;10088;16;10084;18;;;10104;12;10106;13;;;10096.0;0.0
av_CORN_d3;6300;INTARIAN_PEPPER_ROOT;10488;16;10486;19;;;10494;7;10498;27;;;10491.0;0.0
av_CORN_d3;6400;ASH_COATED_OSMIUM;10093;19;10090;12;;;10099;23;10102;21;;;10096.0;0.0
av_CORN_d3;6400;INTARIAN_PEPPER_ROOT;10490;15;10488;22;;;10496;15;10500;22;;;10493.0;0.0
av_CORN_d3;6500;ASH_COATED_OSMIUM;10091;17;10087;11;;;10101;16;10105;19;;;10096.0;0.0
av_CORN_d3;6500;INTARIAN_PEPPER_ROOT;10488;11;10485;20;;;10499;17;10502;18;;;10493.5;0.0
av_CORN_d3;6600;ASH_COATED_OSMIUM;10093;22;10089;23;;;10099;17;10101;15;;;10096.0;0.0
av_CORN_d3;6600;INTARIAN_PEPPER_ROOT;10491;14;10489;20;;;10497;16;10501;22;;;10494.0;0.0
av_CORN_d3;6700;ASH_COATED_OSMIUM;10093;10;10091;24;;;10100;20;10103;11;;;10096.5;0.0
av_CORN_d3;6700;INTARIAN_PEPPER_ROOT;10491;17;10488;18;;;10500;11;10504;17;;;10495.5;0.0
av_CORN_d3;6800;ASH_COATED_OSMIUM;10092;16;10090;26;;;10098;8;10100;19;;;10095.0;0.0
av_CORN_d3;6800;INTARIAN_PEPPER_ROOT;10492;16;10489;17;;;10498;20;10501;24;;;10495.0;0.0
av_CORN_d3;6900;ASH_COATED_OSMIUM;10089;11;10087;25;;;10103;16;10107;22;;;10096.0;0.0
av_CORN_d3;6900;INTARIAN_PEPPER_ROOT;10494;17;10491;24;;;10500;5;10503;13;;;10497.0;0.0
av_CORN_d3;7000;ASH_COATED_OSMIUM;10093;18;10091;21;;;10099;16;10102;14;;;10096.0;0.0
av_CORN_d3;7000;INTARIAN_PEPPER_ROOT;10495;11;10493;18;;;10501;11;10505;15;;;10498.0;0.0
av_CORN_d3;7100;ASH_COATED_OSMIUM;10093;13;10091;29;;;10099;23;10103;16;;;10096.0;0.0
av_CORN_d3;7100;INTARIAN_PEPPER_ROOT;10495;22;10491;15;;;10501;18;10503;24;;;10498.0;0.0
av_CORN_d3;7200;ASH_COATED_OSMIUM;10093;18;10089;15;;;10099;10;10103;18;;;10096.0;0.0
av_CORN_d3;7200;INTARIAN_PEPPER_ROOT;10496;9;10492;20;;;10502;13;10506;25;;;10499.0;0.0
av_CORN_d3;7300;ASH_COATED_OSMIUM;10083;17;10080;22;;;10110;18;10112;21;;;10096.5;0.0
av_CORN_d3;7300;INTARIAN_PEPPER_ROOT;10496;23;10493;14;;;10504;16;10508;27;;;10500.0;0.0
av_CORN_d3;7400;ASH_COATED_OSMIUM;10089;13;10087;16;;;10103;20;10106;18;;;10096.0;0.0
av_CORN_d3;7400;INTARIAN_PEPPER_ROOT;10498;14;10494;16;;;10504;20;10506;28;;;10501.0;0.0
av_CORN_d3;7500;ASH_COATED_OSMIUM;10092;10;10089;12;;;10098;13;10102;26;;;10095.0;0.0
av_CORN_d3;7500;INTARIAN_PEPPER_ROOT;10499;17;10496;21;;;10505;16;10508;15;;;10502.0;0.0
av_CORN_d3;7600;ASH_COATED_OSMIUM;10092;15;10090;20;;;10098;10;10101;22;;;10095.0;0.0
av_CORN_d3;7600;INTARIAN_PEPPER_ROOT;10500;16;10497;15;;;10506;8;10509;26;;;10503.0;0.0
av_CORN_d3;7700;ASH_COATED_OSMIUM;10093;20;10091;13;;;10099;26;10102;17;;;10096.0;0.0
av_CORN_d3;7700;INTARIAN_PEPPER_ROOT;10501;17;10499;9;;;10507;16;10509;15;;;10504.0;0.0
av_CORN_d3;7800;ASH_COATED_OSMIUM;10093;12;10091;18;;;10099;15;10101;26;;;10096.0;0.0
av_CORN_d3;7800;INTARIAN_PEPPER_ROOT;10501;25;10498;21;;;10507;12;10511;22;;;10504.0;0.0
av_CORN_d3;7900;ASH_COATED_OSMIUM;10084;13;10082;9;;;10108;20;10110;22;;;10096.0;0.0
av_CORN_d3;7900;INTARIAN_PEPPER_ROOT;10493;9;10490;22;;;10517;20;10520;19;;;10505.0;0.0
av_CORN_d3;8000;ASH_COATED_OSMIUM;10093;13;10090;17;;;10099;16;10101;18;;;10096.0;0.0
av_CORN_d3;8000;INTARIAN_PEPPER_ROOT;10503;12;10501;25;;;10509;17;10513;25;;;10506.0;0.0
av_CORN_d3;8100;ASH_COATED_OSMIUM;10089;15;10085;27;;;10101;15;10105;22;;;10095.0;0.0
av_CORN_d3;8100;INTARIAN_PEPPER_ROOT;10500;16;10497;30;;;10514;12;10518;16;;;10507.0;0.0
av_CORN_d3;8200;ASH_COATED_OSMIUM;10092;9;10090;11;;;10098;20;10101;19;;;10095.0;0.0
av_CORN_d3;8200;INTARIAN_PEPPER_ROOT;10504;20;10500;21;;;10510;18;10514;24;;;10507.0;0.0
av_CORN_d3;8300;ASH_COATED_OSMIUM;10092;30;10088;14;;;10098;17;10102;24;;;10095.0;0.0
av_CORN_d3;8300;INTARIAN_PEPPER_ROOT;10505;16;10501;11;;;10511;15;10515;19;;;10508.0;0.0
av_CORN_d3;8400;ASH_COATED_OSMIUM;10092;12;10090;32;;;10098;17;10100;23;;;10095.0;0.0
av_CORN_d3;8400;INTARIAN_PEPPER_ROOT;10506;13;10502;19;;;10512;20;10515;17;;;10509.0;0.0
av_CORN_d3;8500;ASH_COATED_OSMIUM;10092;21;10090;19;;;10098;9;10102;22;;;10095.0;0.0
av_CORN_d3;8500;INTARIAN_PEPPER_ROOT;10508;15;10506;20;;;10514;15;10517;19;;;10511.0;0.0
av_CORN_d3;8600;ASH_COATED_OSMIUM;10089;21;10086;23;;;10101;17;10105;19;;;10095.0;0.0
av_CORN_d3;8600;INTARIAN_PEPPER_ROOT;10508;12;10506;22;;;10514;11;10518;21;;;10511.0;0.0
av_CORN_d3;8700;ASH_COATED_OSMIUM;10092;19;10090;15;;;10098;6;10101;21;;;10095.0;0.0
av_CORN_d3;8700;INTARIAN_PEPPER_ROOT;10509;8;10507;22;;;10515;22;10517;15;;;10512.0;0.0
av_CORN_d3;8800;ASH_COATED_OSMIUM;10092;17;10088;19;;;10098;10;10101;22;;;10095.0;0.0
av_CORN_d3;8800;INTARIAN_PEPPER_ROOT;10497;5;10494;12;;;10527;27;10529;19;;;10512.0;0.0
av_CORN_d3;8900;ASH_COATED_OSMIUM;10092;14;10090;23;;;10098;10;10101;25;;;10095.0;0.0
av_CORN_d3;8900;INTARIAN_PEPPER_ROOT;10510;13;10508;13;;;10516;16;10519;25;;;10513.0;0.0
av_CORN_d3;9000;ASH_COATED_OSMIUM;10092;19;10088;12;;;10098;10;10100;9;;;10095.0;0.0
av_CORN_d3;9000;INTARIAN_PEPPER_ROOT;10511;12;10507;23;;;10517;19;10521;30;;;10514.0;0.0
av_CORN_d3;9100;ASH_COATED_OSMIUM;10091;19;10087;20;;;10097;18;10100;13;;;10094.0;0.0
av_CORN_d3;9100;INTARIAN_PEPPER_ROOT;10503;12;10500;21;;;10527;17;10529;20;;;10515.0;0.0
av_CORN_d3;9200;ASH_COATED_OSMIUM;10090;16;10087;19;;;10098;15;10101;17;;;10094.0;0.0
av_CORN_d3;9200;INTARIAN_PEPPER_ROOT;10513;16;10510;11;;;10519;23;10523;17;;;10516.0;0.0
av_CORN_d3;9300;ASH_COATED_OSMIUM;10092;11;10089;29;;;10098;11;10102;21;;;10095.0;0.0
av_CORN_d3;9300;INTARIAN_PEPPER_ROOT;10513;14;10509;19;;;10519;14;10523;24;;;10516.0;0.0
av_CORN_d3;9400;ASH_COATED_OSMIUM;10092;15;10090;27;;;10098;10;10101;29;;;10095.0;0.0
av_CORN_d3;9400;INTARIAN_PEPPER_ROOT;10515;16;10513;24;;;10521;13;10523;30;;;10518.0;0.0
av_CORN_d3;9500;ASH_COATED_OSMIUM;10090;6;10087;14;;;10100;18;10102;23;;;10095.0;0.0
av_CORN_d3;9500;INTARIAN_PEPPER_ROOT;10515;5;10512;17;;;10521;8;10525;19;;;10518.0;0.0
av_CORN_d3;9600;ASH_COATED_OSMIUM;10092;16;10089;24;;;10098;15;10102;18;;;10095.0;0.0
av_CORN_d3;9600;INTARIAN_PEPPER_ROOT;10512;9;10510;24;;;10527;18;10529;18;;;10519.5;0.0
av_CORN_d3;9700;ASH_COATED_OSMIUM;10085;13;10083;26;;;10105;16;10109;23;;;10095.0;0.0
av_CORN_d3;9700;INTARIAN_PEPPER_ROOT;10517;8;10514;13;;;10523;8;10526;16;;;10520.0;0.0
av_CORN_d3;9800;ASH_COATED_OSMIUM;10091;17;10088;18;;;10097;19;10100;23;;;10094.0;0.0
av_CORN_d3;9800;INTARIAN_PEPPER_ROOT;10519;20;10515;16;;;10525;16;10529;22;;;10522.0;0.0
av_CORN_d3;9900;ASH_COATED_OSMIUM;10090;15;10087;21;;;10100;7;10102;20;;;10095.0;0.0
av_CORN_d3;9900;INTARIAN_PEPPER_ROOT;10519;21;10517;23;;;10525;25;10529;20;;;10522.0;0.0
av_CORN_d3;10000;ASH_COATED_OSMIUM;10091;16;10087;19;;;10097;9;10101;21;;;10094.0;0.0
av_CORN_d3;10000;INTARIAN_PEPPER_ROOT;10519;14;10516;22;;;10525;17;10528;17;;;10522.0;0.0
av_CORN_d3;10100;ASH_COATED_OSMIUM;10092;7;10088;27;;;10098;20;10101;14;;;10095.0;0.0
av_CORN_d3;10100;INTARIAN_PEPPER_ROOT;10518;8;10515;24;;;10529;24;10531;13;;;10523.5;0.0
av_CORN_d3;10200;ASH_COATED_OSMIUM;10091;16;10088;22;;;10097;14;10100;10;;;10094.0;0.0
av_CORN_d3;10200;INTARIAN_PEPPER_ROOT;10521;16;10518;24;;;10527;13;10529;22;;;10524.0;0.0
av_CORN_d3;10300;ASH_COATED_OSMIUM;10091;15;10087;22;;;10097;13;10099;16;;;10094.0;0.0
av_CORN_d3;10300;INTARIAN_PEPPER_ROOT;10523;5;10520;23;;;10529;7;10533;28;;;10526.0;0.0
av_CORN_d3;10400;ASH_COATED_OSMIUM;10091;10;10088;12;;;10097;12;10099;17;;;10094.0;0.0
av_CORN_d3;10400;INTARIAN_PEPPER_ROOT;10519;16;10517;16;;;10533;13;10536;9;;;10526.0;0.0
av_CORN_d3;10500;ASH_COATED_OSMIUM;10084;14;10080;30;;;10105;11;10109;20;;;10094.5;0.0
av_CORN_d3;10500;INTARIAN_PEPPER_ROOT;10524;11;10522;24;;;10530;12;10532;22;;;10527.0;0.0
av_CORN_d3;10600;ASH_COATED_OSMIUM;10091;12;10088;15;;;10097;12;10099;18;;;10094.0;0.0
av_CORN_d3;10600;INTARIAN_PEPPER_ROOT;10525;23;10523;12;;;10531;13;10534;19;;;10528.0;0.0
av_CORN_d3;10700;ASH_COATED_OSMIUM;10091;13;10088;18;;;10097;16;10099;20;;;10094.0;0.0
av_CORN_d3;10700;INTARIAN_PEPPER_ROOT;10525;13;10523;19;;;10531;12;10535;11;;;10528.0;0.0
av_CORN_d3;10800;ASH_COATED_OSMIUM;10085;6;10081;9;;;10104;8;10107;18;;;10094.5;0.0
av_CORN_d3;10800;INTARIAN_PEPPER_ROOT;10524;14;10520;13;;;10534;16;10538;28;;;10529.0;0.0
av_CORN_d3;10900;ASH_COATED_OSMIUM;10091;8;10087;20;;;10097;10;10100;27;;;10094.0;0.0
av_CORN_d3;10900;INTARIAN_PEPPER_ROOT;10528;11;10526;21;;;10534;16;10536;22;;;10531.0;0.0
av_CORN_d3;11000;ASH_COATED_OSMIUM;10080;15;10076;18;;;10108;12;10112;14;;;10094.0;0.0
av_CORN_d3;11000;INTARIAN_PEPPER_ROOT;10528;10;10524;11;;;10535;19;10539;29;;;10531.5;0.0
av_CORN_d3;11100;ASH_COATED_OSMIUM;10091;18;10087;24;;;10097;20;10101;20;;;10094.0;0.0
av_CORN_d3;11100;INTARIAN_PEPPER_ROOT;10524;16;10521;29;;;10541;18;10544;24;;;10532.5;0.0
av_CORN_d3;11200;ASH_COATED_OSMIUM;10091;12;10088;13;;;10097;26;10101;24;;;10094.0;0.0
av_CORN_d3;11200;INTARIAN_PEPPER_ROOT;10530;20;10528;23;;;10536;23;10538;30;;;10533.0;0.0
av_CORN_d3;11300;ASH_COATED_OSMIUM;10071;9;10069;21;;;10116;17;10120;24;;;10093.5;0.0
av_CORN_d3;11300;INTARIAN_PEPPER_ROOT;10531;13;10529;25;;;10537;21;10541;16;;;10534.0;0.0
av_CORN_d3;11400;ASH_COATED_OSMIUM;10088;17;10086;25;;;10100;18;10102;10;;;10094.0;0.0
av_CORN_d3;11400;INTARIAN_PEPPER_ROOT;10530;24;10527;18;;;10539;9;10543;19;;;10534.5;0.0
av_CORN_d3;11500;ASH_COATED_OSMIUM;10088;21;10085;9;;;10101;6;10103;21;;;10094.5;0.0
av_CORN_d3;11500;INTARIAN_PEPPER_ROOT;10532;5;10529;16;;;10539;24;10542;22;;;10535.5;0.0
av_CORN_d3;11600;ASH_COATED_OSMIUM;10091;6;10087;21;;;10097;12;10101;26;;;10094.0;0.0
av_CORN_d3;11600;INTARIAN_PEPPER_ROOT;10533;16;10529;23;;;10539;9;10541;29;;;10536.0;0.0
av_CORN_d3;11700;ASH_COATED_OSMIUM;10090;20;10087;22;;;10096;21;10100;15;;;10093.0;0.0
av_CORN_d3;11700;INTARIAN_PEPPER_ROOT;10534;20;10532;18;;;10541;25;10545;16;;;10537.5;0.0
av_CORN_d3;11800;ASH_COATED_OSMIUM;10089;16;10087;18;;;10099;16;10103;12;;;10094.0;0.0
av_CORN_d3;11800;INTARIAN_PEPPER_ROOT;10535;18;10532;9;;;10541;17;10545;23;;;10538.0;0.0
av_CORN_d3;11900;ASH_COATED_OSMIUM;10088;10;10085;18;;;10098;11;10101;19;;;10093.0;0.0
av_CORN_d3;11900;INTARIAN_PEPPER_ROOT;10532;19;10529;14;;;10545;17;10547;27;;;10538.5;0.0
av_CORN_d3;12000;ASH_COATED_OSMIUM;10086;12;10083;19;;;10101;18;10104;23;;;10093.5;0.0
av_CORN_d3;12000;INTARIAN_PEPPER_ROOT;10537;12;10533;16;;;10543;17;10546;17;;;10540.0;0.0
av_CORN_d3;12100;ASH_COATED_OSMIUM;10084;25;10082;18;;;10103;5;10106;17;;;10093.5;0.0
av_CORN_d3;12100;INTARIAN_PEPPER_ROOT;10538;10;10535;23;;;10544;24;10546;17;;;10541.0;0.0
av_CORN_d3;12200;ASH_COATED_OSMIUM;10082;5;10080;21;;;10105;13;10109;25;;;10093.5;0.0
av_CORN_d3;12200;INTARIAN_PEPPER_ROOT;10536;16;10533;26;;;10547;18;10549;12;;;10541.5;0.0
av_CORN_d3;12300;ASH_COATED_OSMIUM;10087;15;10083;23;;;10100;13;10103;21;;;10093.5;0.0
av_CORN_d3;12300;INTARIAN_PEPPER_ROOT;10539;10;10535;17;;;10545;20;10549;16;;;10542.0;0.0
av_CORN_d3;12400;ASH_COATED_OSMIUM;10090;11;10088;20;;;10096;10;10098;23;;;10093.0;0.0
av_CORN_d3;12400;INTARIAN_PEPPER_ROOT;10537;16;10533;20;;;10549;16;10551;25;;;10543.0;0.0
av_CORN_d3;12500;ASH_COATED_OSMIUM;10090;7;10088;20;;;10096;10;10098;19;;;10093.0;0.0
av_CORN_d3;12500;INTARIAN_PEPPER_ROOT;10541;10;10537;24;;;10547;15;10549;26;;;10544.0;0.0
av_CORN_d3;12600;ASH_COATED_OSMIUM;10088;20;10086;18;;;10099;19;10101;20;;;10093.5;0.0
av_CORN_d3;12600;INTARIAN_PEPPER_ROOT;10539;23;10535;11;;;10550;11;10552;26;;;10544.5;0.0
av_CORN_d3;12700;ASH_COATED_OSMIUM;10088;5;10084;23;;;10097;19;10100;22;;;10092.5;0.0
av_CORN_d3;12700;INTARIAN_PEPPER_ROOT;10542;13;10539;12;;;10548;11;10552;19;;;10545.0;0.0
av_CORN_d3;12800;ASH_COATED_OSMIUM;10085;15;10083;19;;;10101;11;10104;21;;;10093.0;0.0
av_CORN_d3;12800;INTARIAN_PEPPER_ROOT;10543;16;10541;20;;;10549;16;10552;19;;;10546.0;0.0
av_CORN_d3;12900;ASH_COATED_OSMIUM;10090;5;10088;24;;;10096;14;10100;16;;;10093.0;0.0
av_CORN_d3;12900;INTARIAN_PEPPER_ROOT;10542;22;10539;21;;;10553;18;10555;21;;;10547.5;0.0
av_CORN_d3;13000;ASH_COATED_OSMIUM;10088;11;10086;21;;;10098;16;10102;23;;;10093.0;0.0
av_CORN_d3;13000;INTARIAN_PEPPER_ROOT;10542;22;10538;25;;;10554;13;10558;16;;;10548.0;0.0
av_CORN_d3;13100;ASH_COATED_OSMIUM;10087;10;10084;22;;;10099;9;10103;23;;;10093.0;0.0
av_CORN_d3;13100;INTARIAN_PEPPER_ROOT;10541;14;10539;19;;;10557;17;10561;13;;;10549.0;0.0
av_CORN_d3;13200;ASH_COATED_OSMIUM;10073;16;10069;15;;;10112;8;10114;8;;;10092.5;0.0
av_CORN_d3;13200;INTARIAN_PEPPER_ROOT;10547;13;10543;19;;;10553;15;10555;19;;;10550.0;0.0
av_CORN_d3;13300;ASH_COATED_OSMIUM;10083;16;10081;31;;;10103;23;10105;18;;;10093.0;0.0
av_CORN_d3;13300;INTARIAN_PEPPER_ROOT;10548;20;10545;19;;;10554;26;10558;14;;;10551.0;0.0
av_CORN_d3;13400;ASH_COATED_OSMIUM;10091;19;10087;18;;;10097;9;10099;13;;;10094.0;0.0
av_CORN_d3;13400;INTARIAN_PEPPER_ROOT;10543;17;10539;24;;;10558;19;10562;23;;;10550.5;0.0
av_CORN_d3;13500;ASH_COATED_OSMIUM;10090;19;10087;22;;;10096;13;10098;20;;;10093.0;0.0
av_CORN_d3;13500;INTARIAN_PEPPER_ROOT;10545;23;10543;20;;;10560;16;10562;18;;;10552.5;0.0
av_CORN_d3;13600;ASH_COATED_OSMIUM;10089;19;10085;19;;;10096;5;10100;11;;;10092.5;0.0
av_CORN_d3;13600;INTARIAN_PEPPER_ROOT;10550;17;10547;21;;;10556;10;10560;19;;;10553.0;0.0
av_CORN_d3;13700;ASH_COATED_OSMIUM;10085;17;10081;26;;;10102;19;10105;27;;;10093.5;0.0
av_CORN_d3;13700;INTARIAN_PEPPER_ROOT;10551;14;10548;25;;;10557;13;10560;12;;;10554.0;0.0
av_CORN_d3;13800;ASH_COATED_OSMIUM;10083;15;10081;17;;;10103;15;10107;17;;;10093.0;0.0
av_CORN_d3;13800;INTARIAN_PEPPER_ROOT;10552;6;10549;17;;;10558;25;10560;21;;;10555.0;0.0
av_CORN_d3;13900;ASH_COATED_OSMIUM;10090;17;10087;16;;;10096;14;10098;14;;;10093.0;0.0
av_CORN_d3;13900;INTARIAN_PEPPER_ROOT;10553;18;10549;27;;;10559;6;10562;19;;;10556.0;0.0
av_CORN_d3;14000;ASH_COATED_OSMIUM;10089;13;10085;30;;;10095;5;10097;18;;;10092.0;0.0
av_CORN_d3;14000;INTARIAN_PEPPER_ROOT;10554;21;10550;28;;;10560;19;10562;11;;;10557.0;0.0
av_CORN_d3;14100;ASH_COATED_OSMIUM;10090;12;10088;18;;;10096;17;10100;21;;;10093.0;0.0
av_CORN_d3;14100;INTARIAN_PEPPER_ROOT;10551;16;10548;23;;;10563;24;10566;22;;;10557.0;0.0
av_CORN_d3;14200;ASH_COATED_OSMIUM;10089;6;10085;20;;;10095;8;10097;17;;;10092.0;0.0
av_CORN_d3;14200;INTARIAN_PEPPER_ROOT;10555;13;10552;23;;;10561;19;10565;23;;;10558.0;0.0
av_CORN_d3;14300;ASH_COATED_OSMIUM;10081;12;10078;20;;;10105;17;10107;13;;;10093.0;0.0
av_CORN_d3;14300;INTARIAN_PEPPER_ROOT;10553;7;10549;19;;;10567;18;10569;19;;;10560.0;0.0
av_CORN_d3;14400;ASH_COATED_OSMIUM;10089;20;10085;30;;;10095;12;10097;25;;;10092.0;0.0
av_CORN_d3;14400;INTARIAN_PEPPER_ROOT;10557;13;10553;13;;;10563;16;10567;17;;;10560.0;0.0
av_CORN_d3;14500;ASH_COATED_OSMIUM;10089;13;10087;27;;;10095;16;10098;16;;;10092.0;0.0
av_CORN_d3;14500;INTARIAN_PEPPER_ROOT;10558;18;10554;18;;;10564;7;10568;20;;;10561.0;0.0
av_CORN_d3;14600;ASH_COATED_OSMIUM;10082;18;10079;16;;;10102;23;10104;8;;;10092.0;0.0
av_CORN_d3;14600;INTARIAN_PEPPER_ROOT;10554;18;10551;22;;;10570;15;10574;26;;;10562.0;0.0
av_CORN_d3;14700;ASH_COATED_OSMIUM;10084;6;10081;15;;;10101;11;10103;28;;;10092.5;0.0
av_CORN_d3;14700;INTARIAN_PEPPER_ROOT;10558;13;10554;23;;;10568;25;10570;24;;;10563.0;0.0
av_CORN_d3;14800;ASH_COATED_OSMIUM;10088;16;10085;20;;;10096;12;10098;11;;;10092.0;0.0
av_CORN_d3;14800;INTARIAN_PEPPER_ROOT;10560;30;10557;35;;;10567;14;10569;16;;;10563.5;0.0
av_CORN_d3;14900;ASH_COATED_OSMIUM;10087;10;10084;26;;;10098;10;10102;19;;;10092.5;0.0
av_CORN_d3;14900;INTARIAN_PEPPER_ROOT;10560;15;10558;18;;;10569;15;10571;21;;;10564.5;0.0
av_CORN_d3;15000;ASH_COATED_OSMIUM;10088;18;10084;23;;;10096;25;10099;20;;;10092.0;0.0
av_CORN_d3;15000;INTARIAN_PEPPER_ROOT;10562;20;10560;13;;;10568;14;10572;19;;;10565.0;0.0
av_CORN_d3;15100;ASH_COATED_OSMIUM;10089;6;10085;14;;;10095;17;10097;23;;;10092.0;0.0
av_CORN_d3;15100;INTARIAN_PEPPER_ROOT;10560;14;10558;26;;;10571;6;10573;19;;;10565.5;0.0
av_CORN_d3;15200;ASH_COATED_OSMIUM;10085;23;10081;11;;;10099;12;10101;27;;;10092.0;0.0
av_CORN_d3;15200;INTARIAN_PEPPER_ROOT;10559;7;10555;28;;;10576;21;10579;22;;;10567.5;0.0
av_CORN_d3;15300;ASH_COATED_OSMIUM;10088;18;10084;24;;;10094;19;10098;24;;;10091.0;0.0
av_CORN_d3;15300;INTARIAN_PEPPER_ROOT;10565;13;10561;13;;;10571;15;10573;12;;;10568.0;0.0
av_CORN_d3;15400;ASH_COATED_OSMIUM;10075;11;10073;26;;;10109;14;10111;19;;;10092.0;0.0
av_CORN_d3;15400;INTARIAN_PEPPER_ROOT;10565;10;10561;24;;;10571;13;10575;16;;;10568.0;0.0
av_CORN_d3;15500;ASH_COATED_OSMIUM;10089;6;10085;17;;;10095;14;10097;17;;;10092.0;0.0
av_CORN_d3;15500;INTARIAN_PEPPER_ROOT;10566;21;10563;18;;;10572;7;10575;22;;;10569.0;0.0
av_CORN_d3;15600;ASH_COATED_OSMIUM;10088;12;10084;22;;;10094;14;10096;19;;;10091.0;0.0
av_CORN_d3;15600;INTARIAN_PEPPER_ROOT;10553;9;10550;15;;;10587;15;10591;13;;;10570.0;0.0
av_CORN_d3;15700;ASH_COATED_OSMIUM;10087;10;10083;19;;;10096;19;10100;12;;;10091.5;0.0
av_CORN_d3;15700;INTARIAN_PEPPER_ROOT;10568;14;10566;20;;;10574;6;10576;18;;;10571.0;0.0
av_CORN_d3;15800;ASH_COATED_OSMIUM;10088;10;10085;20;;;10094;9;10098;14;;;10091.0;0.0
av_CORN_d3;15800;INTARIAN_PEPPER_ROOT;10561;14;10558;17;;;10583;22;10586;13;;;10572.0;0.0
av_CORN_d3;15900;ASH_COATED_OSMIUM;10089;13;10085;19;;;10095;13;10097;27;;;10092.0;0.0
av_CORN_d3;15900;INTARIAN_PEPPER_ROOT;10569;17;10566;19;;;10575;10;10578;27;;;10572.0;0.0
av_CORN_d3;16000;ASH_COATED_OSMIUM;10089;24;10085;14;;;10095;14;10098;16;;;10092.0;0.0
av_CORN_d3;16000;INTARIAN_PEPPER_ROOT;10570;13;10568;22;;;10576;15;10578;9;;;10573.0;0.0
av_CORN_d3;16100;ASH_COATED_OSMIUM;10088;11;10085;17;;;10094;16;10097;15;;;10091.0;0.0
av_CORN_d3;16100;INTARIAN_PEPPER_ROOT;10571;12;10569;21;;;10577;16;10580;11;;;10574.0;0.0
av_CORN_d3;16200;ASH_COATED_OSMIUM;10085;20;10082;24;;;10096;7;10098;15;;;10090.5;0.0
av_CORN_d3;16200;INTARIAN_PEPPER_ROOT;10572;5;10570;20;;;10578;12;10581;28;;;10575.0;0.0
av_CORN_d3;16300;ASH_COATED_OSMIUM;10081;19;10078;22;;;10102;15;10106;25;;;10091.5;0.0
av_CORN_d3;16300;INTARIAN_PEPPER_ROOT;10573;16;10570;21;;;10579;12;10581;22;;;10576.0;0.0
av_CORN_d3;16400;ASH_COATED_OSMIUM;10089;14;10086;17;;;10095;5;10097;16;;;10092.0;0.0
av_CORN_d3;16400;INTARIAN_PEPPER_ROOT;10570;7;10566;23;;;10585;13;10587;30;;;10577.5;0.0
av_CORN_d3;16500;ASH_COATED_OSMIUM;10088;16;10086;23;;;10094;13;10097;22;;;10091.0;0.0
av_CORN_d3;16500;INTARIAN_PEPPER_ROOT;10575;10;10573;20;;;10581;30;10584;22;;;10578.0;0.0
av_CORN_d3;16600;ASH_COATED_OSMIUM;10088;16;10086;25;;;10094;23;10096;23;;;10091.0;0.0
av_CORN_d3;16600;INTARIAN_PEPPER_ROOT;10573;22;10569;18;;;10583;12;10585;22;;;10578.0;0.0
av_CORN_d3;16700;ASH_COATED_OSMIUM;10089;16;10087;15;;;10095;19;10099;18;;;10092.0;0.0
av_CORN_d3;16700;INTARIAN_PEPPER_ROOT;10576;9;10574;16;;;10582;15;10586;22;;;10579.0;0.0
av_CORN_d3;16800;ASH_COATED_OSMIUM;10088;5;10084;19;;;10094;12;10097;19;;;10091.0;0.0
av_CORN_d3;16800;INTARIAN_PEPPER_ROOT;10577;18;10574;27;;;10583;20;10586;27;;;10580.0;0.0
av_CORN_d3;16900;ASH_COATED_OSMIUM;10088;27;10085;14;;;10094;14;10096;16;;;10091.0;0.0
av_CORN_d3;16900;INTARIAN_PEPPER_ROOT;10572;12;10568;19;;;10590;21;10592;24;;;10581.0;0.0
av_CORN_d3;17000;ASH_COATED_OSMIUM;10080;13;10076;20;;;10103;16;10107;8;;;10091.5;0.0
av_CORN_d3;17000;INTARIAN_PEPPER_ROOT;10578;11;10575;22;;;10584;12;10586;26;;;10581.0;0.0
av_CORN_d3;17100;ASH_COATED_OSMIUM;10088;15;10084;18;;;10094;11;10096;19;;;10091.0;0.0
av_CORN_d3;17100;INTARIAN_PEPPER_ROOT;10579;16;10576;24;;;10585;14;10587;25;;;10582.0;0.0
av_CORN_d3;17200;ASH_COATED_OSMIUM;10086;22;10082;20;;;10095;10;10097;25;;;10090.5;0.0
av_CORN_d3;17200;INTARIAN_PEPPER_ROOT;10577;24;10574;25;;;10586;14;10589;25;;;10581.5;0.0
av_CORN_d3;17300;ASH_COATED_OSMIUM;10088;23;10084;19;;;10094;9;10096;14;;;10091.0;0.0
av_CORN_d3;17300;INTARIAN_PEPPER_ROOT;10578;14;10574;13;;;10586;10;10589;9;;;10582.0;0.0
av_CORN_d3;17400;ASH_COATED_OSMIUM;10088;15;10085;13;;;10094;17;10097;21;;;10091.0;0.0
av_CORN_d3;17400;INTARIAN_PEPPER_ROOT;10568;21;10565;20;;;10597;21;10601;13;;;10582.5;0.0
av_CORN_d3;17500;ASH_COATED_OSMIUM;10084;14;10081;15;;;10097;15;10099;31;;;10090.5;0.0
av_CORN_d3;17500;INTARIAN_PEPPER_ROOT;10579;26;10576;26;;;10585;20;10589;11;;;10582.0;0.0
av_CORN_d3;17600;ASH_COATED_OSMIUM;10069;11;10067;19;;;10114;11;10117;24;;;10091.5;0.0
av_CORN_d3;17600;INTARIAN_PEPPER_ROOT;10579;12;10577;20;;;10586;14;10590;25;;;10582.5;0.0
av_CORN_d3;17700;ASH_COATED_OSMIUM;10087;21;10085;11;;;10093;17;10096;27;;;10090.0;0.0
av_CORN_d3;17700;INTARIAN_PEPPER_ROOT;10579;19;10575;15;;;10587;5;10590;20;;;10583.0;0.0
av_CORN_d3;17800;ASH_COATED_OSMIUM;10087;17;10083;24;;;10093;21;10095;15;;;10090.0;0.0
av_CORN_d3;17800;INTARIAN_PEPPER_ROOT;10580;15;10577;19;;;10586;19;10589;17;;;10583.0;0.0
av_CORN_d3;17900;ASH_COATED_OSMIUM;10087;7;10084;19;;;10093;20;10097;16;;;10090.0;0.0
av_CORN_d3;17900;INTARIAN_PEPPER_ROOT;10580;24;10577;22;;;10587;7;10591;15;;;10583.5;0.0
av_CORN_d3;18000;ASH_COATED_OSMIUM;10088;19;10086;23;;;10094;15;10098;21;;;10091.0;0.0
av_CORN_d3;18000;INTARIAN_PEPPER_ROOT;10581;7;10579;21;;;10587;16;10590;23;;;10584.0;0.0
av_CORN_d3;18100;ASH_COATED_OSMIUM;10087;7;10084;28;;;10093;18;10096;19;;;10090.0;0.0
av_CORN_d3;18100;INTARIAN_PEPPER_ROOT;10581;7;10577;21;;;10587;16;10590;18;;;10584.0;0.0
av_CORN_d3;18200;ASH_COATED_OSMIUM;10088;22;10086;21;;;10094;21;10097;12;;;10091.0;0.0
av_CORN_d3;18200;INTARIAN_PEPPER_ROOT;10581;23;10579;29;;;10587;24;10591;16;;;10584.0;0.0
av_CORN_d3;18300;ASH_COATED_OSMIUM;10086;21;10083;13;;;10094;5;10097;16;;;10090.0;0.0
av_CORN_d3;18300;INTARIAN_PEPPER_ROOT;10581;18;10579;11;;;10588;5;10591;25;;;10584.5;0.0
av_CORN_d3;18400;ASH_COATED_OSMIUM;10087;10;10085;18;;;10093;8;10096;17;;;10090.0;0.0
av_CORN_d3;18400;INTARIAN_PEPPER_ROOT;10577;15;10573;20;;;10594;10;10597;24;;;10585.5;0.0
av_CORN_d3;18500;ASH_COATED_OSMIUM;10080;5;10076;15;;;10101;5;10103;25;;;10090.5;0.0
av_CORN_d3;18500;INTARIAN_PEPPER_ROOT;10582;12;10578;31;;;10588;21;10592;9;;;10585.0;0.0
av_CORN_d3;18600;ASH_COATED_OSMIUM;10085;28;10082;12;;;10094;18;10096;17;;;10089.5;0.0
av_CORN_d3;18600;INTARIAN_PEPPER_ROOT;10582;14;10578;20;;;10588;10;10592;19;;;10585.0;0.0
av_CORN_d3;18700;ASH_COATED_OSMIUM;10087;20;10085;24;;;10093;14;10096;20;;;10090.0;0.0
av_CORN_d3;18700;INTARIAN_PEPPER_ROOT;10583;22;10581;21;;;10589;18;10593;23;;;10586.0;0.0
av_CORN_d3;18800;ASH_COATED_OSMIUM;10087;23;10083;14;;;10093;11;10096;17;;;10090.0;0.0
av_CORN_d3;18800;INTARIAN_PEPPER_ROOT;10581;16;10579;16;;;10590;20;10593;14;;;10585.5;0.0
av_CORN_d3;18900;ASH_COATED_OSMIUM;10086;13;10082;25;;;10095;11;10099;30;;;10090.5;0.0
av_CORN_d3;18900;INTARIAN_PEPPER_ROOT;10583;21;10579;26;;;10589;13;10591;14;;;10586.0;0.0
av_CORN_d3;19000;ASH_COATED_OSMIUM;10087;14;10083;23;;;10094;19;10097;17;;;10090.5;0.0
av_CORN_d3;19000;INTARIAN_PEPPER_ROOT;10583;21;10579;11;;;10589;24;10592;22;;;10586.0;0.0
av_CORN_d3;19100;ASH_COATED_OSMIUM;10084;21;10082;26;;;10096;21;10099;21;;;10090.0;0.0
av_CORN_d3;19100;INTARIAN_PEPPER_ROOT;10583;18;10580;20;;;10590;16;10593;16;;;10586.5;0.0
av_CORN_d3;19200;ASH_COATED_OSMIUM;10087;9;10083;20;;;10093;12;10097;12;;;10090.0;0.0
av_CORN_d3;19200;INTARIAN_PEPPER_ROOT;10583;5;10581;16;;;10589;5;10593;21;;;10586.0;0.0
av_CORN_d3;19300;ASH_COATED_OSMIUM;10087;23;10085;15;;;10093;17;10096;20;;;10090.0;0.0
av_CORN_d3;19300;INTARIAN_PEPPER_ROOT;10578;16;10576;13;;;10594;9;10597;19;;;10586.0;0.0
av_CORN_d3;19400;ASH_COATED_OSMIUM;10087;29;10085;28;;;10093;17;10095;11;;;10090.0;0.0
av_CORN_d3;19400;INTARIAN_PEPPER_ROOT;10584;12;10580;16;;;10590;15;10594;18;;;10587.0;0.0
av_CORN_d3;19500;ASH_COATED_OSMIUM;10087;17;10085;17;;;10093;10;10095;20;;;10090.0;0.0
av_CORN_d3;19500;INTARIAN_PEPPER_ROOT;10584;15;10582;17;;;10590;8;10592;21;;;10587.0;0.0
av_CORN_d3;19600;ASH_COATED_OSMIUM;10087;5;10084;16;;;10093;8;10095;16;;;10090.0;0.0
av_CORN_d3;19600;INTARIAN_PEPPER_ROOT;10583;15;10579;16;;;10590;14;10592;19;;;10586.5;0.0
av_CORN_d3;19700;ASH_COATED_OSMIUM;10087;20;10085;18;;;10093;10;10095;18;;;10090.0;0.0
av_CORN_d3;19700;INTARIAN_PEPPER_ROOT;10584;15;10581;29;;;10591;17;10594;17;;;10587.5;0.0
av_CORN_d3;19800;ASH_COATED_OSMIUM;10078;23;10075;11;;;10101;13;10104;21;;;10089.5;0.0
av_CORN_d3;19800;INTARIAN_PEPPER_ROOT;10583;22;10581;15;;;10592;9;10596;21;;;10587.5;0.0
av_CORN_d3;19900;ASH_COATED_OSMIUM;10086;22;10083;20;;;10092;21;10095;19;;;10089.0;0.0
av_CORN_d3;19900;INTARIAN_PEPPER_ROOT;10585;12;10581;20;;;10591;9;10593;26;;;10588.0;0.0
av_CORN_d3;20000;ASH_COATED_OSMIUM;10086;5;10084;19;;;10092;17;10096;22;;;10089.0;0.0
av_CORN_d3;20000;INTARIAN_PEPPER_ROOT;10583;15;10581;11;;;10594;9;10596;22;;;10588.5;0.0
av_CORN_d3;20100;ASH_COATED_OSMIUM;10086;19;10083;20;;;10092;7;10096;22;;;10089.0;0.0
av_CORN_d3;20100;INTARIAN_PEPPER_ROOT;10585;13;10583;18;;;10591;26;10595;25;;;10588.0;0.0
av_CORN_d3;20200;ASH_COATED_OSMIUM;10086;10;10083;22;;;10094;17;10098;11;;;10090.0;0.0
av_CORN_d3;20200;INTARIAN_PEPPER_ROOT;10586;5;10582;24;;;10592;15;10595;21;;;10589.0;0.0
av_CORN_d3;20300;ASH_COATED_OSMIUM;10086;8;10084;19;;;10092;18;10094;16;;;10089.0;0.0
av_CORN_d3;20300;INTARIAN_PEPPER_ROOT;10586;16;10582;20;;;10592;19;10595;16;;;10589.0;0.0
av_CORN_d3;20400;ASH_COATED_OSMIUM;10086;11;10082;20;;;10092;20;10096;18;;;10089.0;0.0
av_CORN_d3;20400;INTARIAN_PEPPER_ROOT;10586;11;10582;14;;;10592;5;10596;17;;;10589.0;0.0
av_CORN_d3;20500;ASH_COATED_OSMIUM;10083;21;10081;13;;;10096;14;10100;8;;;10089.5;0.0
av_CORN_d3;20500;INTARIAN_PEPPER_ROOT;10586;18;10584;18;;;10592;21;10594;14;;;10589.0;0.0
av_CORN_d3;20600;ASH_COATED_OSMIUM;10077;5;10073;24;;;10100;13;10103;31;;;10088.5;0.0
av_CORN_d3;20600;INTARIAN_PEPPER_ROOT;10586;24;10584;27;;;10592;9;10596;15;;;10589.0;0.0
av_CORN_d3;20700;ASH_COATED_OSMIUM;10086;12;10082;18;;;10092;15;10095;14;;;10089.0;0.0
av_CORN_d3;20700;INTARIAN_PEPPER_ROOT;10586;11;10584;21;;;10594;21;10596;18;;;10590.0;0.0
av_CORN_d3;20800;ASH_COATED_OSMIUM;10086;15;10083;23;;;10092;22;10094;11;;;10089.0;0.0
av_CORN_d3;20800;INTARIAN_PEPPER_ROOT;10587;16;10583;22;;;10593;22;10597;17;;;10590.0;0.0
av_CORN_d3;20900;ASH_COATED_OSMIUM;10082;9;10080;19;;;10094;26;10097;18;;;10088.0;0.0
av_CORN_d3;20900;INTARIAN_PEPPER_ROOT;10576;8;10574;18;;;10604;15;10607;22;;;10590.0;0.0
av_CORN_d3;21000;ASH_COATED_OSMIUM;10071;16;10067;17;;;10106;10;10109;19;;;10088.5;0.0
av_CORN_d3;21000;INTARIAN_PEPPER_ROOT;10587;17;10584;19;;;10593;17;10597;10;;;10590.0;0.0
av_CORN_d3;21100;ASH_COATED_OSMIUM;10086;10;10083;23;;;10092;15;10096;17;;;10089.0;0.0
av_CORN_d3;21100;INTARIAN_PEPPER_ROOT;10588;21;10585;20;;;10594;25;10597;16;;;10591.0;0.0
av_CORN_d3;21200;ASH_COATED_OSMIUM;10085;6;10081;12;;;10091;15;10093;19;;;10088.0;0.0
av_CORN_d3;21200;INTARIAN_PEPPER_ROOT;10588;9;10585;17;;;10594;19;10596;19;;;10591.0;0.0
av_CORN_d3;21300;ASH_COATED_OSMIUM;10079;18;10075;15;;;10098;11;10100;22;;;10088.5;0.0
av_CORN_d3;21300;INTARIAN_PEPPER_ROOT;10588;18;10585;17;;;10594;8;10596;16;;;10591.0;0.0
av_CORN_d3;21400;ASH_COATED_OSMIUM;10084;13;10082;21;;;10093;5;10096;18;;;10088.5;0.0
av_CORN_d3;21400;INTARIAN_PEPPER_ROOT;10580;11;10578;21;;;10602;19;10605;16;;;10591.0;0.0
av_CORN_d3;21500;ASH_COATED_OSMIUM;10085;14;10081;21;;;10091;18;10094;13;;;10088.0;0.0
av_CORN_d3;21500;INTARIAN_PEPPER_ROOT;10589;24;10585;8;;;10595;16;10597;28;;;10592.0;0.0
av_CORN_d3;21600;ASH_COATED_OSMIUM;10085;5;10081;16;;;10091;19;10094;24;;;10088.0;0.0
av_CORN_d3;21600;INTARIAN_PEPPER_ROOT;10585;14;10583;16;;;10599;14;10601;13;;;10592.0;0.0
av_CORN_d3;21700;ASH_COATED_OSMIUM;10086;12;10083;19;;;10092;13;10096;16;;;10089.0;0.0
av_CORN_d3;21700;INTARIAN_PEPPER_ROOT;10589;18;10585;22;;;10595;17;10598;10;;;10592.0;0.0
av_CORN_d3;21800;ASH_COATED_OSMIUM;10086;9;10083;22;;;10092;13;10095;9;;;10089.0;0.0
av_CORN_d3;21800;INTARIAN_PEPPER_ROOT;10585;19;10581;23;;;10599;9;10603;27;;;10592.0;0.0
av_CORN_d3;21900;ASH_COATED_OSMIUM;10083;6;10081;17;;;10095;23;10097;15;;;10089.0;0.0
av_CORN_d3;21900;INTARIAN_PEPPER_ROOT;10582;16;10578;20;;;10603;8;10605;15;;;10592.5;0.0
av_CORN_d3;22000;ASH_COATED_OSMIUM;10082;20;10079;27;;;10095;8;10099;12;;;10088.5;0.0
av_CORN_d3;22000;INTARIAN_PEPPER_ROOT;10587;11;10585;20;;;10599;10;10601;8;;;10593.0;0.0
av_CORN_d3;22100;ASH_COATED_OSMIUM;10084;16;10081;17;;;10090;21;10092;21;;;10087.0;0.0
av_CORN_d3;22100;INTARIAN_PEPPER_ROOT;10590;21;10586;14;;;10596;20;10598;25;;;10593.0;0.0
av_CORN_d3;22200;ASH_COATED_OSMIUM;10084;16;10081;20;;;10092;17;10096;26;;;10088.0;0.0
av_CORN_d3;22200;INTARIAN_PEPPER_ROOT;10591;10;10588;11;;;10597;10;10599;20;;;10594.0;0.0
av_CORN_d3;22300;ASH_COATED_OSMIUM;10085;9;10083;8;;;10091;11;10094;20;;;10088.0;0.0
av_CORN_d3;22300;INTARIAN_PEPPER_ROOT;10586;10;10583;19;;;10600;14;10602;21;;;10593.0;0.0
av_CORN_d3;22400;ASH_COATED_OSMIUM;10085;17;10082;23;;;10091;17;10095;10;;;10088.0;0.0
av_CORN_d3;22400;INTARIAN_PEPPER_ROOT;10591;16;10589;23;;;10597;19;10600;21;;;10594.0;0.0
av_CORN_d3;22500;ASH_COATED_OSMIUM;10085;23;10081;17;;;10091;17;10095;33;;;10088.0;0.0
av_CORN_d3;22500;INTARIAN_PEPPER_ROOT;10591;23;10587;20;;;10597;16;10599;25;;;10594.0;0.0
av_CORN_d3;22600;ASH_COATED_OSMIUM;10084;12;10081;14;;;10091;8;10095;20;;;10087.5;0.0
av_CORN_d3;22600;INTARIAN_PEPPER_ROOT;10591;9;10587;21;;;10597;14;10600;20;;;10594.0;0.0
av_CORN_d3;22700;ASH_COATED_OSMIUM;10085;11;10081;23;;;10091;14;10093;18;;;10088.0;0.0
av_CORN_d3;22700;INTARIAN_PEPPER_ROOT;10592;10;10588;21;;;10598;14;10602;22;;;10595.0;0.0
av_CORN_d3;22800;ASH_COATED_OSMIUM;10085;5;10082;18;;;10091;18;10093;32;;;10088.0;0.0
av_CORN_d3;22800;INTARIAN_PEPPER_ROOT;10592;13;10589;24;;;10598;15;10602;19;;;10595.0;0.0
av_CORN_d3;22900;ASH_COATED_OSMIUM;10085;16;10081;12;;;10091;16;10093;21;;;10088.0;0.0
av_CORN_d3;22900;INTARIAN_PEPPER_ROOT;10591;6;10587;10;;;10598;19;10600;17;;;10594.5;0.0
av_CORN_d3;23000;ASH_COATED_OSMIUM;10085;14;10082;17;;;10091;25;10095;16;;;10088.0;0.0
av_CORN_d3;23000;INTARIAN_PEPPER_ROOT;10592;20;10588;17;;;10598;15;10602;18;;;10595.0;0.0
av_CORN_d3;23100;ASH_COATED_OSMIUM;10084;17;10082;23;;;10091;13;10093;22;;;10087.5;0.0
av_CORN_d3;23100;INTARIAN_PEPPER_ROOT;10592;11;10590;19;;;10598;13;10602;14;;;10595.0;0.0
av_CORN_d3;23200;ASH_COATED_OSMIUM;10084;29;10081;15;;;10090;20;10094;32;;;10087.0;0.0
av_CORN_d3;23200;INTARIAN_PEPPER_ROOT;10593;20;10590;26;;;10599;18;10603;25;;;10596.0;0.0
av_CORN_d3;23300;ASH_COATED_OSMIUM;10084;9;10080;18;;;10090;24;10094;21;;;10087.0;0.0
av_CORN_d3;23300;INTARIAN_PEPPER_ROOT;10592;16;10588;28;;;10598;17;10602;25;;;10595.0;0.0
av_CORN_d3;23400;ASH_COATED_OSMIUM;10071;13;10069;18;;;10104;7;10108;12;;;10087.5;0.0
av_CORN_d3;23400;INTARIAN_PEPPER_ROOT;10593;18;10589;19;;;10599;14;10603;16;;;10596.0;0.0
av_CORN_d3;23500;ASH_COATED_OSMIUM;10083;18;10080;20;;;10091;14;10093;32;;;10087.0;0.0
av_CORN_d3;23500;INTARIAN_PEPPER_ROOT;10593;26;10590;24;;;10599;21;10601;22;;;10596.0;0.0
av_CORN_d3;23600;ASH_COATED_OSMIUM;10084;15;10082;25;;;10090;24;10094;19;;;10087.0;0.0
av_CORN_d3;23600;INTARIAN_PEPPER_ROOT;10594;13;10592;12;;;10600;15;10604;13;;;10597.0;0.0
av_CORN_d3;23700;ASH_COATED_OSMIUM;10081;9;10077;21;;;10092;16;10094;23;;;10086.5;0.0
av_CORN_d3;23700;INTARIAN_PEPPER_ROOT;10581;8;10577;17;;;10613;17;10615;23;;;10597.0;0.0
av_CORN_d3;23800;ASH_COATED_OSMIUM;10084;16;10080;12;;;10090;29;10093;25;;;10087.0;0.0
av_CORN_d3;23800;INTARIAN_PEPPER_ROOT;10594;8;10590;10;;;10600;18;10603;18;;;10597.0;0.0
av_CORN_d3;23900;ASH_COATED_OSMIUM;10080;15;10078;19;;;10093;16;10097;21;;;10086.5;0.0
av_CORN_d3;23900;INTARIAN_PEPPER_ROOT;10587;5;10584;24;;;10606;18;10609;29;;;10596.5;0.0
av_CORN_d3;24000;ASH_COATED_OSMIUM;10083;16;10080;17;;;10091;14;10093;30;;;10087.0;0.0
av_CORN_d3;24000;INTARIAN_PEPPER_ROOT;10595;14;10593;17;;;10601;14;10604;24;;;10598.0;0.0
av_CORN_d3;24100;ASH_COATED_OSMIUM;10080;19;10076;20;;;10095;12;10097;21;;;10087.5;0.0
av_CORN_d3;24100;INTARIAN_PEPPER_ROOT;10595;19;10591;20;;;10601;15;10603;26;;;10598.0;0.0
av_CORN_d3;24200;ASH_COATED_OSMIUM;10079;5;10076;20;;;10094;14;10097;20;;;10086.5;0.0
av_CORN_d3;24200;INTARIAN_PEPPER_ROOT;10594;20;10592;21;;;10600;21;10604;22;;;10597.0;0.0
av_CORN_d3;24300;ASH_COATED_OSMIUM;10084;11;10081;14;;;10090;18;10093;15;;;10087.0;0.0
av_CORN_d3;24300;INTARIAN_PEPPER_ROOT;10588;13;10585;18;;;10607;11;10611;23;;;10597.5;0.0
av_CORN_d3;24400;ASH_COATED_OSMIUM;10080;14;10077;22;;;10094;9;10097;28;;;10087.0;0.0
av_CORN_d3;24400;INTARIAN_PEPPER_ROOT;10592;14;10588;25;;;10604;22;10607;19;;;10598.0;0.0
av_CORN_d3;24500;ASH_COATED_OSMIUM;10083;15;10079;12;;;10089;11;10092;22;;;10086.0;0.0
av_CORN_d3;24500;INTARIAN_PEPPER_ROOT;10595;16;10593;16;;;10601;22;10604;18;;;10598.0;0.0
av_CORN_d3;24600;ASH_COATED_OSMIUM;10083;18;10079;24;;;10090;17;10094;8;;;10086.5;0.0
av_CORN_d3;24600;INTARIAN_PEPPER_ROOT;10587;19;10584;19;;;10609;10;10611;8;;;10598.0;0.0
av_CORN_d3;24700;ASH_COATED_OSMIUM;10072;14;10070;15;;;10101;13;10104;19;;;10086.5;0.0
av_CORN_d3;24700;INTARIAN_PEPPER_ROOT;10596;14;10593;16;;;10602;11;10605;21;;;10599.0;0.0
av_CORN_d3;24800;ASH_COATED_OSMIUM;10084;16;10082;19;;;10090;12;10092;19;;;10087.0;0.0
av_CORN_d3;24800;INTARIAN_PEPPER_ROOT;10596;11;10592;13;;;10602;11;10606;32;;;10599.0;0.0
av_CORN_d3;24900;ASH_COATED_OSMIUM;10083;16;10079;16;;;10089;14;10092;13;;;10086.0;0.0
av_CORN_d3;24900;INTARIAN_PEPPER_ROOT;10597;11;10594;31;;;10603;13;10607;15;;;10600.0;0.0
av_CORN_d3;25000;ASH_COATED_OSMIUM;10083;11;10079;21;;;10089;10;10091;20;;;10086.0;0.0
av_CORN_d3;25000;INTARIAN_PEPPER_ROOT;10590;23;10587;18;;;10609;12;10611;14;;;10599.5;0.0
av_CORN_d3;25100;ASH_COATED_OSMIUM;10079;18;10076;30;;;10094;12;10098;17;;;10086.5;0.0
av_CORN_d3;25100;INTARIAN_PEPPER_ROOT;10597;14;10595;29;;;10603;20;10607;17;;;10600.0;0.0
av_CORN_d3;25200;ASH_COATED_OSMIUM;10084;8;10080;14;;;10090;12;10093;26;;;10087.0;0.0
av_CORN_d3;25200;INTARIAN_PEPPER_ROOT;10597;14;10595;14;;;10603;18;10607;15;;;10600.0;0.0
av_CORN_d3;25300;ASH_COATED_OSMIUM;10083;16;10080;16;;;10089;19;10091;8;;;10086.0;0.0
av_CORN_d3;25300;INTARIAN_PEPPER_ROOT;10589;12;10585;20;;;10612;17;10615;18;;;10600.5;0.0
av_CORN_d3;25400;ASH_COATED_OSMIUM;10083;23;10080;13;;;10089;17;10093;18;;;10086.0;0.0
av_CORN_d3;25400;INTARIAN_PEPPER_ROOT;10597;19;10594;13;;;10603;14;10606;18;;;10600.0;0.0
av_CORN_d3;25500;ASH_COATED_OSMIUM;10083;8;10080;16;;;10089;18;10091;15;;;10086.0;0.0
av_CORN_d3;25500;INTARIAN_PEPPER_ROOT;10595;6;10593;9;;;10605;15;10609;21;;;10600.0;0.0
av_CORN_d3;25600;ASH_COATED_OSMIUM;10082;15;10079;27;;;10088;21;10090;13;;;10085.0;0.0
av_CORN_d3;25600;INTARIAN_PEPPER_ROOT;10598;9;10596;12;;;10604;18;10608;23;;;10601.0;0.0
av_CORN_d3;25700;ASH_COATED_OSMIUM;10083;13;10079;18;;;10089;21;10092;16;;;10086.0;0.0
av_CORN_d3;25700;INTARIAN_PEPPER_ROOT;10595;25;10592;26;;;10608;10;10612;24;;;10601.5;0.0
av_CORN_d3;25800;ASH_COATED_OSMIUM;10083;10;10081;21;;;10089;15;10093;25;;;10086.0;0.0
av_CORN_d3;25800;INTARIAN_PEPPER_ROOT;10598;19;10594;26;;;10604;14;10607;20;;;10601.0;0.0
av_CORN_d3;25900;ASH_COATED_OSMIUM;10083;9;10080;22;;;10089;18;10093;20;;;10086.0;0.0
av_CORN_d3;25900;INTARIAN_PEPPER_ROOT;10598;15;10595;24;;;10604;18;10608;23;;;10601.0;0.0
av_CORN_d3;26000;ASH_COATED_OSMIUM;10083;14;10081;16;;;10089;7;10093;15;;;10086.0;0.0
av_CORN_d3;26000;INTARIAN_PEPPER_ROOT;10598;22;10596;17;;;10604;19;10606;24;;;10601.0;0.0
av_CORN_d3;26100;ASH_COATED_OSMIUM;10082;8;10079;16;;;10091;16;10094;24;;;10086.5;0.0
av_CORN_d3;26100;INTARIAN_PEPPER_ROOT;10599;14;10595;24;;;10605;13;10607;10;;;10602.0;0.0
av_CORN_d3;26200;ASH_COATED_OSMIUM;10083;11;10081;17;;;10089;18;10093;27;;;10086.0;0.0
av_CORN_d3;26200;INTARIAN_PEPPER_ROOT;10597;15;10593;20;;;10606;8;10609;19;;;10601.5;0.0
av_CORN_d3;26300;ASH_COATED_OSMIUM;10079;12;10075;23;;;10092;12;10095;13;;;10085.5;0.0
av_CORN_d3;26300;INTARIAN_PEPPER_ROOT;10589;8;10587;16;;;10616;9;10618;23;;;10602.5;0.0
av_CORN_d3;26400;ASH_COATED_OSMIUM;10082;10;10080;19;;;10088;11;10092;18;;;10085.0;0.0
av_CORN_d3;26400;INTARIAN_PEPPER_ROOT;10599;22;10595;17;;;10605;15;10609;14;;;10602.0;0.0
av_CORN_d3;26500;ASH_COATED_OSMIUM;10083;27;10081;23;;;10089;22;10091;13;;;10086.0;0.0
av_CORN_d3;26500;INTARIAN_PEPPER_ROOT;10600;19;10597;15;;;10606;13;10609;24;;;10603.0;0.0
av_CORN_d3;26600;ASH_COATED_OSMIUM;10083;17;10080;20;;;10089;19;10093;22;;;10086.0;0.0
av_CORN_d3;26600;INTARIAN_PEPPER_ROOT;10600;10;10597;23;;;10606;20;10610;9;;;10603.0;0.0
av_CORN_d3;26700;ASH_COATED_OSMIUM;10082;12;10080;24;;;10088;23;10092;22;;;10085.0;0.0
av_CORN_d3;26700;INTARIAN_PEPPER_ROOT;10600;11;10597;18;;;10606;14;10610;21;;;10603.0;0.0
av_CORN_d3;26800;ASH_COATED_OSMIUM;10078;15;10076;22;;;10092;14;10096;18;;;10085.0;0.0
av_CORN_d3;26800;INTARIAN_PEPPER_ROOT;10595;19;10593;22;;;10613;10;10617;15;;;10604.0;0.0
av_CORN_d3;26900;ASH_COATED_OSMIUM;10082;14;10079;20;;;10088;14;10091;12;;;10085.0;0.0
av_CORN_d3;26900;INTARIAN_PEPPER_ROOT;10593;18;10589;12;;;10614;14;10617;18;;;10603.5;0.0
av_CORN_d3;27000;ASH_COATED_OSMIUM;10081;11;10077;23;;;10090;11;10092;11;;;10085.5;0.0
av_CORN_d3;27000;INTARIAN_PEPPER_ROOT;10601;12;10599;23;;;10607;22;10610;19;;;10604.0;0.0
av_CORN_d3;27100;ASH_COATED_OSMIUM;10079;20;10077;17;;;10092;15;10096;23;;;10085.5;0.0
av_CORN_d3;27100;INTARIAN_PEPPER_ROOT;10596;8;10594;30;;;10612;21;10614;15;;;10604.0;0.0
av_CORN_d3;27200;ASH_COATED_OSMIUM;10082;14;10079;22;;;10088;13;10090;21;;;10085.0;0.0
av_CORN_d3;27200;INTARIAN_PEPPER_ROOT;10602;17;10600;22;;;10608;19;10611;20;;;10605.0;0.0
av_CORN_d3;27300;ASH_COATED_OSMIUM;10082;10;10078;22;;;10088;25;10090;20;;;10085.0;0.0
av_CORN_d3;27300;INTARIAN_PEPPER_ROOT;10599;20;10597;21;;;10609;16;10611;28;;;10604.0;0.0
av_CORN_d3;27400;ASH_COATED_OSMIUM;10078;5;10074;25;;;10092;18;10094;23;;;10085.0;0.0
av_CORN_d3;27400;INTARIAN_PEPPER_ROOT;10599;7;10597;21;;;10610;17;10612;29;;;10604.5;0.0
av_CORN_d3;27500;ASH_COATED_OSMIUM;10074;6;10072;20;;;10095;15;10097;28;;;10084.5;0.0
av_CORN_d3;27500;INTARIAN_PEPPER_ROOT;10600;8;10596;24;;;10610;17;10612;19;;;10605.0;0.0
av_CORN_d3;27600;ASH_COATED_OSMIUM;10082;12;10078;29;;;10088;20;10092;19;;;10085.0;0.0
av_CORN_d3;27600;INTARIAN_PEPPER_ROOT;10601;14;10598;19;;;10610;21;10614;21;;;10605.5;0.0
av_CORN_d3;27700;ASH_COATED_OSMIUM;10080;12;10077;22;;;10090;18;10093;9;;;10085.0;0.0
av_CORN_d3;27700;INTARIAN_PEPPER_ROOT;10603;17;10600;16;;;10609;14;10611;21;;;10606.0;0.0
av_CORN_d3;27800;ASH_COATED_OSMIUM;10080;13;10078;21;;;10090;9;10094;21;;;10085.0;0.0
av_CORN_d3;27800;INTARIAN_PEPPER_ROOT;10603;15;10599;24;;;10609;10;10611;18;;;10606.0;0.0
av_CORN_d3;27900;ASH_COATED_OSMIUM;10082;13;10079;18;;;10088;13;10091;15;;;10085.0;0.0
av_CORN_d3;27900;INTARIAN_PEPPER_ROOT;10603;17;10599;20;;;10609;15;10613;17;;;10606.0;0.0
av_CORN_d3;28000;ASH_COATED_OSMIUM;10082;10;10080;25;;;10088;10;10090;34;;;10085.0;0.0
av_CORN_d3;28000;INTARIAN_PEPPER_ROOT;10602;21;10599;21;;;10609;24;10613;14;;;10605.5;0.0
av_CORN_d3;28100;ASH_COATED_OSMIUM;10076;17;10073;14;;;10094;5;10096;12;;;10085.0;0.0
av_CORN_d3;28100;INTARIAN_PEPPER_ROOT;10604;16;10600;24;;;10610;16;10612;15;;;10607.0;0.0
av_CORN_d3;28200;ASH_COATED_OSMIUM;10074;18;10071;19;;;10094;15;10096;21;;;10084.0;0.0
av_CORN_d3;28200;INTARIAN_PEPPER_ROOT;10602;14;10598;21;;;10611;20;10615;19;;;10606.5;0.0
av_CORN_d3;28300;ASH_COATED_OSMIUM;10078;13;10074;18;;;10090;5;10093;23;;;10084.0;0.0
av_CORN_d3;28300;INTARIAN_PEPPER_ROOT;10604;10;10600;10;;;10610;11;10612;25;;;10607.0;0.0
av_CORN_d3;28400;ASH_COATED_OSMIUM;10077;15;10074;20;;;10091;19;10093;19;;;10084.0;0.0
av_CORN_d3;28400;INTARIAN_PEPPER_ROOT;10604;24;10601;25;;;10610;12;10614;15;;;10607.0;0.0
av_CORN_d3;28500;ASH_COATED_OSMIUM;10077;17;10074;10;;;10091;16;10094;20;;;10084.0;0.0
av_CORN_d3;28500;INTARIAN_PEPPER_ROOT;10600;23;10596;18;;;10613;14;10616;21;;;10606.5;0.0
av_CORN_d3;28600;ASH_COATED_OSMIUM;10080;22;10078;15;;;10088;17;10091;15;;;10084.0;0.0
av_CORN_d3;28600;INTARIAN_PEPPER_ROOT;10605;11;10602;23;;;10611;17;10615;14;;;10608.0;0.0
av_CORN_d3;28700;ASH_COATED_OSMIUM;10078;5;10076;20;;;10092;14;10095;18;;;10085.0;0.0
av_CORN_d3;28700;INTARIAN_PEPPER_ROOT;10605;16;10603;17;;;10611;19;10614;8;;;10608.0;0.0
av_CORN_d3;28800;ASH_COATED_OSMIUM;10081;5;10078;17;;;10087;9;10091;18;;;10084.0;0.0
av_CORN_d3;28800;INTARIAN_PEPPER_ROOT;10605;18;10601;17;;;10611;15;10613;12;;;10608.0;0.0
av_CORN_d3;28900;ASH_COATED_OSMIUM;10082;20;10078;21;;;10088;17;10092;23;;;10085.0;0.0
av_CORN_d3;28900;INTARIAN_PEPPER_ROOT;10599;11;10595;14;;;10618;19;10620;20;;;10608.5;0.0
av_CORN_d3;29000;ASH_COATED_OSMIUM;10081;9;10078;19;;;10087;14;10089;15;;;10084.0;0.0
av_CORN_d3;29000;INTARIAN_PEPPER_ROOT;10605;11;10603;19;;;10612;8;10615;21;;;10608.5;0.0
av_CORN_d3;29100;ASH_COATED_OSMIUM;10075;19;10071;26;;;10093;15;10097;21;;;10084.0;0.0
av_CORN_d3;29100;INTARIAN_PEPPER_ROOT;10606;8;10604;15;;;10612;23;10616;30;;;10609.0;0.0
av_CORN_d3;29200;ASH_COATED_OSMIUM;10081;21;10078;17;;;10088;8;10092;25;;;10084.5;0.0
av_CORN_d3;29200;INTARIAN_PEPPER_ROOT;10606;16;10603;19;;;10612;14;10614;17;;;10609.0;0.0
av_CORN_d3;29300;ASH_COATED_OSMIUM;10081;18;10079;29;;;10087;9;10090;14;;;10084.0;0.0
av_CORN_d3;29300;INTARIAN_PEPPER_ROOT;10597;11;10594;20;;;10620;17;10624;18;;;10608.5;0.0
av_CORN_d3;29400;ASH_COATED_OSMIUM;10081;14;10078;16;;;10087;5;10090;15;;;10084.0;0.0
av_CORN_d3;29400;INTARIAN_PEPPER_ROOT;10605;11;10602;18;;;10614;21;10617;23;;;10609.5;0.0
av_CORN_d3;29500;ASH_COATED_OSMIUM;10082;12;10078;24;;;10088;12;10091;16;;;10085.0;0.0
av_CORN_d3;29500;INTARIAN_PEPPER_ROOT;10607;13;10603;26;;;10613;13;10617;16;;;10610.0;0.0
av_CORN_d3;29600;ASH_COATED_OSMIUM;10081;24;10078;21;;;10087;8;10089;11;;;10084.0;0.0
av_CORN_d3;29600;INTARIAN_PEPPER_ROOT;10603;5;10600;26;;;10617;15;10619;16;;;10610.0;0.0
av_CORN_d3;29700;ASH_COATED_OSMIUM;10081;11;10077;17;;;10087;18;10090;17;;;10084.0;0.0
av_CORN_d3;29700;INTARIAN_PEPPER_ROOT;10607;14;10605;25;;;10613;15;10617;21;;;10610.0;0.0
av_CORN_d3;29800;ASH_COATED_OSMIUM;10081;15;10079;18;;;10087;19;10089;22;;;10084.0;0.0
av_CORN_d3;29800;INTARIAN_PEPPER_ROOT;10603;23;10600;27;;;10617;6;10620;20;;;10610.0;0.0
av_CORN_d3;29900;ASH_COATED_OSMIUM;10073;19;10070;12;;;10094;17;10096;14;;;10083.5;0.0
av_CORN_d3;29900;INTARIAN_PEPPER_ROOT;10607;9;10604;28;;;10613;14;10615;20;;;10610.0;0.0
av_CORN_d3;30000;ASH_COATED_OSMIUM;10081;12;10077;19;;;10087;25;10089;19;;;10084.0;0.0
av_CORN_d3;30000;INTARIAN_PEPPER_ROOT;10603;7;10600;12;;;10618;16;10622;21;;;10610.5;0.0
av_CORN_d3;30100;ASH_COATED_OSMIUM;10080;16;10078;17;;;10086;18;10088;19;;;10083.0;0.0
av_CORN_d3;30100;INTARIAN_PEPPER_ROOT;10606;17;10604;16;;;10616;13;10618;17;;;10611.0;0.0
av_CORN_d3;30200;ASH_COATED_OSMIUM;10071;26;10068;30;;;10095;27;10098;12;;;10083.0;0.0
av_CORN_d3;30200;INTARIAN_PEPPER_ROOT;10608;22;10604;27;;;10614;22;10616;24;;;10611.0;0.0
av_CORN_d3;30300;ASH_COATED_OSMIUM;10065;13;10061;23;;;10101;11;10105;19;;;10083.0;0.0
av_CORN_d3;30300;INTARIAN_PEPPER_ROOT;10608;5;10605;16;;;10614;21;10618;27;;;10611.0;0.0
av_CORN_d3;30400;ASH_COATED_OSMIUM;10081;18;10077;9;;;10087;14;10091;13;;;10084.0;0.0
av_CORN_d3;30400;INTARIAN_PEPPER_ROOT;10609;16;10607;12;;;10616;15;10618;10;;;10612.5;0.0
av_CORN_d3;30500;ASH_COATED_OSMIUM;10080;19;10078;13;;;10086;8;10088;26;;;10083.0;0.0
av_CORN_d3;30500;INTARIAN_PEPPER_ROOT;10608;14;10604;25;;;10614;12;10616;26;;;10611.0;0.0
av_CORN_d3;30600;ASH_COATED_OSMIUM;10074;16;10072;20;;;10093;19;10097;20;;;10083.5;0.0
av_CORN_d3;30600;INTARIAN_PEPPER_ROOT;10608;20;10606;20;;;10614;16;10616;24;;;10611.0;0.0
av_CORN_d3;30700;ASH_COATED_OSMIUM;10079;16;10075;22;;;10088;18;10092;21;;;10083.5;0.0
av_CORN_d3;30700;INTARIAN_PEPPER_ROOT;10610;19;10607;21;;;10616;17;10620;17;;;10613.0;0.0
av_CORN_d3;30800;ASH_COATED_OSMIUM;10080;8;10077;13;;;10086;10;10090;14;;;10083.0;0.0
av_CORN_d3;30800;INTARIAN_PEPPER_ROOT;10610;5;10608;24;;;10616;19;10618;11;;;10613.0;0.0
av_CORN_d3;30900;ASH_COATED_OSMIUM;10077;17;10074;14;;;10088;20;10090;18;;;10082.5;0.0
av_CORN_d3;30900;INTARIAN_PEPPER_ROOT;10602;14;10598;21;;;10624;19;10628;19;;;10613.0;0.0
av_CORN_d3;31000;ASH_COATED_OSMIUM;10080;7;10077;24;;;10086;8;10089;12;;;10083.0;0.0
av_CORN_d3;31000;INTARIAN_PEPPER_ROOT;10609;5;10607;24;;;10617;13;10619;29;;;10613.0;0.0
av_CORN_d3;31100;ASH_COATED_OSMIUM;10080;16;10078;11;;;10086;20;10090;20;;;10083.0;0.0
av_CORN_d3;31100;INTARIAN_PEPPER_ROOT;10610;12;10608;24;;;10616;15;10620;13;;;10613.0;0.0
av_CORN_d3;31200;ASH_COATED_OSMIUM;10080;22;10078;15;;;10086;14;10088;15;;;10083.0;0.0
av_CORN_d3;31200;INTARIAN_PEPPER_ROOT;10610;14;10606;20;;;10616;9;10619;18;;;10613.0;0.0
av_CORN_d3;31300;ASH_COATED_OSMIUM;10079;14;10075;25;;;10085;17;10087;17;;;10082.0;0.0
av_CORN_d3;31300;INTARIAN_PEPPER_ROOT;10610;12;10608;23;;;10616;12;10618;16;;;10613.0;0.0
av_CORN_d3;31400;ASH_COATED_OSMIUM;10080;15;10076;19;;;10086;14;10090;18;;;10083.0;0.0
av_CORN_d3;31400;INTARIAN_PEPPER_ROOT;10600;17;10596;18;;;10627;11;10631;17;;;10613.5;0.0
av_CORN_d3;31500;ASH_COATED_OSMIUM;10079;17;10076;8;;;10085;17;10087;27;;;10082.0;0.0
av_CORN_d3;31500;INTARIAN_PEPPER_ROOT;10611;15;10607;20;;;10617;15;10621;20;;;10614.0;0.0
av_CORN_d3;31600;ASH_COATED_OSMIUM;10080;11;10077;16;;;10086;6;10090;26;;;10083.0;0.0
av_CORN_d3;31600;INTARIAN_PEPPER_ROOT;10611;14;10608;16;;;10617;24;10619;24;;;10614.0;0.0
av_CORN_d3;31700;ASH_COATED_OSMIUM;10075;10;10073;13;;;10089;12;10092;13;;;10082.0;0.0
av_CORN_d3;31700;INTARIAN_PEPPER_ROOT;10611;18;10608;12;;;10619;10;10623;12;;;10615.0;0.0
av_CORN_d3;31800;ASH_COATED_OSMIUM;10080;18;10077;20;;;10086;5;10089;23;;;10083.0;0.0
av_CORN_d3;31800;INTARIAN_PEPPER_ROOT;10610;19;10606;15;;;10619;22;10623;17;;;10614.5;0.0
av_CORN_d3;31900;ASH_COATED_OSMIUM;10079;18;10075;12;;;10085;12;10087;12;;;10082.0;0.0
av_CORN_d3;31900;INTARIAN_PEPPER_ROOT;10612;14;10608;17;;;10618;17;10621;14;;;10615.0;0.0
av_CORN_d3;32000;ASH_COATED_OSMIUM;10080;5;10078;25;;;10086;20;10088;19;;;10083.0;0.0
av_CORN_d3;32000;INTARIAN_PEPPER_ROOT;10612;10;10609;19;;;10618;13;10622;25;;;10615.0;0.0
av_CORN_d3;32100;ASH_COATED_OSMIUM;10079;16;10076;24;;;10085;10;10087;10;;;10082.0;0.0
av_CORN_d3;32100;INTARIAN_PEPPER_ROOT;10612;15;10608;20;;;10619;16;10623;13;;;10615.5;0.0
av_CORN_d3;32200;ASH_COATED_OSMIUM;10077;18;10074;25;;;10086;14;10088;25;;;10081.5;0.0
av_CORN_d3;32200;INTARIAN_PEPPER_ROOT;10611;12;10608;19;;;10620;13;10624;29;;;10615.5;0.0
av_CORN_d3;32300;ASH_COATED_OSMIUM;10072;16;10070;16;;;10091;20;10094;19;;;10081.5;0.0
av_CORN_d3;32300;INTARIAN_PEPPER_ROOT;10613;21;10610;23;;;10619;16;10622;29;;;10616.0;0.0
av_CORN_d3;32400;ASH_COATED_OSMIUM;10079;23;10077;19;;;10085;17;10089;21;;;10082.0;0.0
av_CORN_d3;32400;INTARIAN_PEPPER_ROOT;10603;5;10600;18;;;10630;12;10632;23;;;10616.5;0.0
av_CORN_d3;32500;ASH_COATED_OSMIUM;10070;13;10068;15;;;10095;23;10097;20;;;10082.5;0.0
av_CORN_d3;32500;INTARIAN_PEPPER_ROOT;10614;16;10612;22;;;10620;11;10624;16;;;10617.0;0.0
av_CORN_d3;32600;ASH_COATED_OSMIUM;10080;16;10077;15;;;10086;15;10090;19;;;10083.0;0.0
av_CORN_d3;32600;INTARIAN_PEPPER_ROOT;10613;7;10611;17;;;10621;14;10624;9;;;10617.0;0.0
av_CORN_d3;32700;ASH_COATED_OSMIUM;10078;14;10075;20;;;10086;20;10089;18;;;10082.0;0.0
av_CORN_d3;32700;INTARIAN_PEPPER_ROOT;10609;17;10605;23;;;10624;10;10628;20;;;10616.5;0.0
av_CORN_d3;32800;ASH_COATED_OSMIUM;10078;15;10076;33;;;10084;10;10086;19;;;10081.0;0.0
av_CORN_d3;32800;INTARIAN_PEPPER_ROOT;10612;16;10610;17;;;10622;10;10625;8;;;10617.0;0.0
av_CORN_d3;32900;ASH_COATED_OSMIUM;10079;8;10075;16;;;10085;13;10089;16;;;10082.0;0.0
av_CORN_d3;32900;INTARIAN_PEPPER_ROOT;10614;21;10611;19;;;10620;12;10624;20;;;10617.0;0.0
av_CORN_d3;33000;ASH_COATED_OSMIUM;10073;18;10070;17;;;10090;17;10092;16;;;10081.5;0.0
av_CORN_d3;33000;INTARIAN_PEPPER_ROOT;10611;20;10609;8;;;10624;21;10628;17;;;10617.5;0.0
av_CORN_d3;33100;ASH_COATED_OSMIUM;10079;11;10076;18;;;10085;20;10088;17;;;10082.0;0.0
av_CORN_d3;33100;INTARIAN_PEPPER_ROOT;10613;21;10611;16;;;10622;10;10624;17;;;10617.5;0.0
av_CORN_d3;33200;ASH_COATED_OSMIUM;10079;16;10075;19;;;10085;24;10089;11;;;10082.0;0.0
av_CORN_d3;33200;INTARIAN_PEPPER_ROOT;10615;20;10612;16;;;10621;11;10625;25;;;10618.0;0.0
av_CORN_d3;33300;ASH_COATED_OSMIUM;10076;10;10074;14;;;10086;14;10090;26;;;10081.0;0.0
av_CORN_d3;33300;INTARIAN_PEPPER_ROOT;10615;15;10612;22;;;10621;14;10623;17;;;10618.0;0.0
av_CORN_d3;33400;ASH_COATED_OSMIUM;10077;10;10073;19;;;10087;17;10091;19;;;10082.0;0.0
av_CORN_d3;33400;INTARIAN_PEPPER_ROOT;10615;19;10611;18;;;10621;13;10625;18;;;10618.0;0.0
av_CORN_d3;33500;ASH_COATED_OSMIUM;10078;13;10074;20;;;10084;16;10088;22;;;10081.0;0.0
av_CORN_d3;33500;INTARIAN_PEPPER_ROOT;10616;15;10613;14;;;10622;12;10624;25;;;10619.0;0.0
av_CORN_d3;33600;ASH_COATED_OSMIUM;10074;19;10070;24;;;10089;17;10093;23;;;10081.5;0.0
av_CORN_d3;33600;INTARIAN_PEPPER_ROOT;10616;14;10613;9;;;10622;23;10624;21;;;10619.0;0.0
av_CORN_d3;33700;ASH_COATED_OSMIUM;10075;16;10071;23;;;10088;24;10091;20;;;10081.5;0.0
av_CORN_d3;33700;INTARIAN_PEPPER_ROOT;10616;15;10614;18;;;10622;10;10624;17;;;10619.0;0.0
av_CORN_d3;33800;ASH_COATED_OSMIUM;10076;21;10072;18;;;10086;12;10088;10;;;10081.0;0.0
av_CORN_d3;33800;INTARIAN_PEPPER_ROOT;10616;12;10614;22;;;10622;11;10624;12;;;10619.0;0.0
av_CORN_d3;33900;ASH_COATED_OSMIUM;10079;17;10076;24;;;10085;14;10087;22;;;10082.0;0.0
av_CORN_d3;33900;INTARIAN_PEPPER_ROOT;10616;13;10613;16;;;10622;17;10624;14;;;10619.0;0.0
av_CORN_d3;34000;ASH_COATED_OSMIUM;10078;22;10074;17;;;10084;10;10086;22;;;10081.0;0.0
av_CORN_d3;34000;INTARIAN_PEPPER_ROOT;10616;7;10612;23;;;10622;19;10626;25;;;10619.0;0.0
av_CORN_d3;34100;ASH_COATED_OSMIUM;10078;9;10075;12;;;10084;13;10087;23;;;10081.0;0.0
av_CORN_d3;34100;INTARIAN_PEPPER_ROOT;10615;13;10611;26;;;10621;5;10623;22;;;10618.0;0.0
av_CORN_d3;34200;ASH_COATED_OSMIUM;10078;9;10076;19;;;10084;21;10086;17;;;10081.0;0.0
av_CORN_d3;34200;INTARIAN_PEPPER_ROOT;10615;15;10612;23;;;10621;16;10623;25;;;10618.0;0.0
av_CORN_d3;34300;ASH_COATED_OSMIUM;10069;16;10066;17;;;10095;18;10097;21;;;10082.0;0.0
av_CORN_d3;34300;INTARIAN_PEPPER_ROOT;10614;8;10612;17;;;10620;5;10623;15;;;10617.0;0.0
av_CORN_d3;34400;ASH_COATED_OSMIUM;10058;23;10054;20;;;10105;5;10108;17;;;10081.5;0.0
av_CORN_d3;34400;INTARIAN_PEPPER_ROOT;10611;19;10609;26;;;10623;23;10625;11;;;10617.0;0.0
av_CORN_d3;34500;ASH_COATED_OSMIUM;10073;14;10069;16;;;10088;9;10091;19;;;10080.5;0.0
av_CORN_d3;34500;INTARIAN_PEPPER_ROOT;10614;22;10612;18;;;10620;16;10623;8;;;10617.0;0.0
av_CORN_d3;34600;ASH_COATED_OSMIUM;10078;20;10075;13;;;10084;15;10088;31;;;10081.0;0.0
av_CORN_d3;34600;INTARIAN_PEPPER_ROOT;10605;11;10601;16;;;10627;18;10630;15;;;10616.0;0.0
av_CORN_d3;34700;ASH_COATED_OSMIUM;10078;5;10076;29;;;10084;19;10087;14;;;10081.0;0.0
av_CORN_d3;34700;INTARIAN_PEPPER_ROOT;10613;25;10610;18;;;10619;12;10622;12;;;10616.0;0.0
av_CORN_d3;34800;ASH_COATED_OSMIUM;10077;16;10074;17;;;10083;22;10086;28;;;10080.0;0.0
av_CORN_d3;34800;INTARIAN_PEPPER_ROOT;10612;16;10609;28;;;10619;15;10621;16;;;10615.5;0.0
av_CORN_d3;34900;ASH_COATED_OSMIUM;10078;17;10075;26;;;10084;16;10087;22;;;10081.0;0.0
av_CORN_d3;34900;INTARIAN_PEPPER_ROOT;10610;11;10608;19;;;10620;22;10622;21;;;10615.0;0.0
av_CORN_d3;35000;ASH_COATED_OSMIUM;10068;13;10066;21;;;10094;24;10096;20;;;10081.0;0.0
av_CORN_d3;35000;INTARIAN_PEPPER_ROOT;10612;5;10609;11;;;10618;21;10620;27;;;10615.0;0.0
av_CORN_d3;35100;ASH_COATED_OSMIUM;10078;21;10074;23;;;10084;11;10086;14;;;10081.0;0.0
av_CORN_d3;35100;INTARIAN_PEPPER_ROOT;10611;15;10609;8;;;10617;18;10619;26;;;10614.0;0.0
av_CORN_d3;35200;ASH_COATED_OSMIUM;10078;10;10074;22;;;10084;11;10087;20;;;10081.0;0.0
av_CORN_d3;35200;INTARIAN_PEPPER_ROOT;10607;20;10603;18;;;10619;11;10623;26;;;10613.0;0.0
av_CORN_d3;35300;ASH_COATED_OSMIUM;10071;10;10068;24;;;10089;16;10092;14;;;10080.0;0.0
av_CORN_d3;35300;INTARIAN_PEPPER_ROOT;10605;13;10602;14;;;10621;14;10624;16;;;10613.0;0.0
av_CORN_d3;35400;ASH_COATED_OSMIUM;10072;10;10068;23;;;10089;19;10092;19;;;10080.5;0.0
av_CORN_d3;35400;INTARIAN_PEPPER_ROOT;10610;16;10607;27;;;10616;12;10620;27;;;10613.0;0.0
av_CORN_d3;35500;ASH_COATED_OSMIUM;10077;11;10073;18;;;10083;24;10085;25;;;10080.0;0.0
av_CORN_d3;35500;INTARIAN_PEPPER_ROOT;10603;12;10600;13;;;10621;15;10623;16;;;10612.0;0.0
av_CORN_d3;35600;ASH_COATED_OSMIUM;10075;17;10071;28;;;10086;9;10088;24;;;10080.5;0.0
av_CORN_d3;35600;INTARIAN_PEPPER_ROOT;10609;21;10607;30;;;10615;24;10619;20;;;10612.0;0.0
av_CORN_d3;35700;ASH_COATED_OSMIUM;10077;16;10075;23;;;10083;17;10086;26;;;10080.0;0.0
av_CORN_d3;35700;INTARIAN_PEPPER_ROOT;10606;16;10602;10;;;10616;20;10619;17;;;10611.0;0.0
av_CORN_d3;35800;ASH_COATED_OSMIUM;10077;12;10074;21;;;10083;8;10087;20;;;10080.0;0.0
av_CORN_d3;35800;INTARIAN_PEPPER_ROOT;10604;16;10601;20;;;10618;15;10621;25;;;10611.0;0.0
av_CORN_d3;35900;ASH_COATED_OSMIUM;10055;22;10052;8;;;10105;20;10107;14;;;10080.0;0.0
av_CORN_d3;35900;INTARIAN_PEPPER_ROOT;10607;17;10604;31;;;10613;11;10616;22;;;10610.0;0.0
av_CORN_d3;36000;ASH_COATED_OSMIUM;10076;12;10072;10;;;10082;20;10085;26;;;10079.0;0.0
av_CORN_d3;36000;INTARIAN_PEPPER_ROOT;10607;18;10603;18;;;10613;12;10616;12;;;10610.0;0.0
av_CORN_d3;36100;ASH_COATED_OSMIUM;10076;16;10073;18;;;10084;13;10088;24;;;10080.0;0.0
av_CORN_d3;36100;INTARIAN_PEPPER_ROOT;10602;17;10600;24;;;10618;16;10620;23;;;10610.0;0.0
av_CORN_d3;36200;ASH_COATED_OSMIUM;10073;19;10070;17;;;10086;17;10089;21;;;10079.5;0.0
av_CORN_d3;36200;INTARIAN_PEPPER_ROOT;10597;17;10595;25;;;10621;13;10623;17;;;10609.0;0.0
av_CORN_d3;36300;ASH_COATED_OSMIUM;10077;9;10074;14;;;10083;22;10086;14;;;10080.0;0.0
av_CORN_d3;36300;INTARIAN_PEPPER_ROOT;10606;14;10604;17;;;10612;15;10614;26;;;10609.0;0.0
av_CORN_d3;36400;ASH_COATED_OSMIUM;10067;12;10063;26;;;10093;10;10097;33;;;10080.0;0.0
av_CORN_d3;36400;INTARIAN_PEPPER_ROOT;10593;12;10590;22;;;10625;17;10628;16;;;10609.0;0.0
av_CORN_d3;36500;ASH_COATED_OSMIUM;10077;16;10075;29;;;10083;22;10085;27;;;10080.0;0.0
av_CORN_d3;36500;INTARIAN_PEPPER_ROOT;10605;13;10602;13;;;10611;14;10613;24;;;10608.0;0.0
av_CORN_d3;36600;ASH_COATED_OSMIUM;10076;7;10073;18;;;10082;11;10086;18;;;10079.0;0.0
av_CORN_d3;36600;INTARIAN_PEPPER_ROOT;10603;20;10601;24;;;10611;17;10614;28;;;10607.0;0.0
av_CORN_d3;36700;ASH_COATED_OSMIUM;10077;11;10073;19;;;10083;6;10086;11;;;10080.0;0.0
av_CORN_d3;36700;INTARIAN_PEPPER_ROOT;10604;14;10600;21;;;10610;18;10614;14;;;10607.0;0.0
av_CORN_d3;36800;ASH_COATED_OSMIUM;10071;16;10067;13;;;10088;5;10092;18;;;10079.5;0.0
av_CORN_d3;36800;INTARIAN_PEPPER_ROOT;10604;16;10602;18;;;10610;12;10614;10;;;10607.0;0.0
av_CORN_d3;36900;ASH_COATED_OSMIUM;10075;17;10072;24;;;10083;12;10085;15;;;10079.0;0.0
av_CORN_d3;36900;INTARIAN_PEPPER_ROOT;10603;5;10600;20;;;10609;16;10612;16;;;10606.0;0.0
av_CORN_d3;37000;ASH_COATED_OSMIUM;10076;9;10074;13;;;10082;8;10084;15;;;10079.0;0.0
av_CORN_d3;37000;INTARIAN_PEPPER_ROOT;10594;7;10592;15;;;10617;23;10621;26;;;10605.5;0.0
av_CORN_d3;37100;ASH_COATED_OSMIUM;10074;15;10071;19;;;10084;13;10086;13;;;10079.0;0.0
av_CORN_d3;37100;INTARIAN_PEPPER_ROOT;10602;13;10598;25;;;10608;9;10612;20;;;10605.0;0.0
av_CORN_d3;37200;ASH_COATED_OSMIUM;10063;19;10061;22;;;10094;22;10097;19;;;10078.5;0.0
av_CORN_d3;37200;INTARIAN_PEPPER_ROOT;10599;13;10597;25;;;10610;15;10614;29;;;10604.5;0.0
av_CORN_d3;37300;ASH_COATED_OSMIUM;10076;23;10074;19;;;10082;5;10085;21;;;10079.0;0.0
av_CORN_d3;37300;INTARIAN_PEPPER_ROOT;10601;18;10597;24;;;10607;21;10610;23;;;10604.0;0.0
av_CORN_d3;37400;ASH_COATED_OSMIUM;10076;8;10072;30;;;10082;7;10086;17;;;10079.0;0.0
av_CORN_d3;37400;INTARIAN_PEPPER_ROOT;10601;18;10598;25;;;10607;25;10609;19;;;10604.0;0.0
av_CORN_d3;37500;ASH_COATED_OSMIUM;10068;9;10064;18;;;10091;8;10093;28;;;10079.5;0.0
av_CORN_d3;37500;INTARIAN_PEPPER_ROOT;10601;15;10599;21;;;10607;13;10611;22;;;10604.0;0.0
av_CORN_d3;37600;ASH_COATED_OSMIUM;10075;19;10072;18;;;10081;11;10084;21;;;10078.0;0.0
av_CORN_d3;37600;INTARIAN_PEPPER_ROOT;10600;11;10596;16;;;10606;11;10609;12;;;10603.0;0.0
av_CORN_d3;37700;ASH_COATED_OSMIUM;10076;11;10072;13;;;10082;20;10084;25;;;10079.0;0.0
av_CORN_d3;37700;INTARIAN_PEPPER_ROOT;10598;20;10595;17;;;10608;17;10610;19;;;10603.0;0.0
av_CORN_d3;37800;ASH_COATED_OSMIUM;10076;10;10074;13;;;10082;16;10086;10;;;10079.0;0.0
av_CORN_d3;37800;INTARIAN_PEPPER_ROOT;10597;14;10595;19;;;10608;15;10611;19;;;10602.5;0.0
av_CORN_d3;37900;ASH_COATED_OSMIUM;10076;9;10073;21;;;10082;23;10086;24;;;10079.0;0.0
av_CORN_d3;37900;INTARIAN_PEPPER_ROOT;10599;12;10597;18;;;10605;13;10609;31;;;10602.0;0.0
av_CORN_d3;38000;ASH_COATED_OSMIUM;10076;6;10073;29;;;10082;8;10085;19;;;10079.0;0.0
av_CORN_d3;38000;INTARIAN_PEPPER_ROOT;10598;17;10595;17;;;10604;22;10607;21;;;10601.0;0.0
av_CORN_d3;38100;ASH_COATED_OSMIUM;10076;18;10074;26;;;10082;14;10086;20;;;10079.0;0.0
av_CORN_d3;38100;INTARIAN_PEPPER_ROOT;10597;13;10593;25;;;10603;13;10605;18;;;10600.0;0.0
av_CORN_d3;38200;ASH_COATED_OSMIUM;10072;15;10070;19;;;10085;6;10088;16;;;10078.5;0.0
av_CORN_d3;38200;INTARIAN_PEPPER_ROOT;10596;19;10594;21;;;10605;17;10608;18;;;10600.5;0.0
av_CORN_d3;38300;ASH_COATED_OSMIUM;10071;15;10069;15;;;10086;13;10090;16;;;10078.5;0.0
av_CORN_d3;38300;INTARIAN_PEPPER_ROOT;10591;20;10589;21;;;10608;13;10611;18;;;10599.5;0.0
av_CORN_d3;38400;ASH_COATED_OSMIUM;10065;13;10061;17;;;10092;5;10095;21;;;10078.5;0.0
av_CORN_d3;38400;INTARIAN_PEPPER_ROOT;10594;13;10590;24;;;10606;23;10610;18;;;10600.0;0.0
av_CORN_d3;38500;ASH_COATED_OSMIUM;10076;7;10073;16;;;10082;14;10085;27;;;10079.0;0.0
av_CORN_d3;38500;INTARIAN_PEPPER_ROOT;10596;17;10592;19;;;10602;12;10605;19;;;10599.0;0.0
av_CORN_d3;38600;ASH_COATED_OSMIUM;10076;12;10072;15;;;10082;9;10084;20;;;10079.0;0.0
av_CORN_d3;38600;INTARIAN_PEPPER_ROOT;10593;21;10591;16;;;10604;16;10607;17;;;10598.5;0.0
av_CORN_d3;38700;ASH_COATED_OSMIUM;10068;16;10065;20;;;10088;19;10090;19;;;10078.0;0.0
av_CORN_d3;38700;INTARIAN_PEPPER_ROOT;10595;19;10592;22;;;10602;18;10604;26;;;10598.5;0.0
av_CORN_d3;38800;ASH_COATED_OSMIUM;10076;11;10072;21;;;10082;18;10084;20;;;10079.0;0.0
av_CORN_d3;38800;INTARIAN_PEPPER_ROOT;10592;16;10588;22;;;10604;23;10606;20;;;10598.0;0.0
av_CORN_d3;38900;ASH_COATED_OSMIUM;10076;12;10074;18;;;10082;14;10086;21;;;10079.0;0.0
av_CORN_d3;38900;INTARIAN_PEPPER_ROOT;10587;14;10585;17;;;10607;5;10610;26;;;10597.0;0.0
av_CORN_d3;39000;ASH_COATED_OSMIUM;10075;10;10072;25;;;10082;5;10086;20;;;10078.5;0.0
av_CORN_d3;39000;INTARIAN_PEPPER_ROOT;10594;15;10592;23;;;10600;7;10603;25;;;10597.0;0.0
av_CORN_d3;39100;ASH_COATED_OSMIUM;10073;14;10069;17;;;10083;10;10087;20;;;10078.0;0.0
av_CORN_d3;39100;INTARIAN_PEPPER_ROOT;10588;21;10586;21;;;10604;7;10607;25;;;10596.0;0.0
av_CORN_d3;39200;ASH_COATED_OSMIUM;10068;20;10066;17;;;10087;13;10089;22;;;10077.5;0.0
av_CORN_d3;39200;INTARIAN_PEPPER_ROOT;10593;17;10591;21;;;10599;13;10602;16;;;10596.0;0.0
av_CORN_d3;39300;ASH_COATED_OSMIUM;10075;19;10073;20;;;10081;9;10084;11;;;10078.0;0.0
av_CORN_d3;39300;INTARIAN_PEPPER_ROOT;10592;14;10590;20;;;10598;18;10600;13;;;10595.0;0.0
av_CORN_d3;39400;ASH_COATED_OSMIUM;10071;25;10069;26;;;10084;16;10086;11;;;10077.5;0.0
av_CORN_d3;39400;INTARIAN_PEPPER_ROOT;10591;10;10588;14;;;10598;8;10600;21;;;10594.5;0.0
av_CORN_d3;39500;ASH_COATED_OSMIUM;10075;14;10072;19;;;10081;21;10085;28;;;10078.0;0.0
av_CORN_d3;39500;INTARIAN_PEPPER_ROOT;10591;16;10587;27;;;10598;21;10602;8;;;10594.5;0.0
av_CORN_d3;39600;ASH_COATED_OSMIUM;10075;12;10072;20;;;10081;14;10085;14;;;10078.0;0.0
av_CORN_d3;39600;INTARIAN_PEPPER_ROOT;10590;14;10586;20;;;10596;20;10598;14;;;10593.0;0.0
av_CORN_d3;39700;ASH_COATED_OSMIUM;10074;22;10070;15;;;10080;16;10083;9;;;10077.0;0.0
av_CORN_d3;39700;INTARIAN_PEPPER_ROOT;10591;17;10588;25;;;10597;16;10600;23;;;10594.0;0.0
av_CORN_d3;39800;ASH_COATED_OSMIUM;10074;15;10070;17;;;10080;8;10083;26;;;10077.0;0.0
av_CORN_d3;39800;INTARIAN_PEPPER_ROOT;10587;5;10583;13;;;10600;5;10602;15;;;10593.5;0.0
av_CORN_d3;39900;ASH_COATED_OSMIUM;10074;12;10072;25;;;10080;13;10082;17;;;10077.0;0.0
av_CORN_d3;39900;INTARIAN_PEPPER_ROOT;10590;19;10587;24;;;10596;17;10600;20;;;10593.0;0.0
av_CORN_d3;40000;ASH_COATED_OSMIUM;10074;5;10070;22;;;10080;22;10083;11;;;10077.0;0.0
av_CORN_d3;40000;INTARIAN_PEPPER_ROOT;10590;20;10587;31;;;10596;8;10600;17;;;10593.0;0.0
av_CORN_d3;40100;ASH_COATED_OSMIUM;10074;18;10072;30;;;10080;14;10084;18;;;10077.0;0.0
av_CORN_d3;40100;INTARIAN_PEPPER_ROOT;10583;5;10580;11;;;10600;10;10602;18;;;10591.5;0.0
av_CORN_d3;40200;ASH_COATED_OSMIUM;10075;21;10071;25;;;10081;21;10083;20;;;10078.0;0.0
av_CORN_d3;40200;INTARIAN_PEPPER_ROOT;10587;16;10584;15;;;10597;21;10601;20;;;10592.0;0.0
av_CORN_d3;40300;ASH_COATED_OSMIUM;10074;8;10072;9;;;10080;20;10082;11;;;10077.0;0.0
av_CORN_d3;40300;INTARIAN_PEPPER_ROOT;10587;13;10583;26;;;10595;11;10599;21;;;10591.0;0.0
av_CORN_d3;40400;ASH_COATED_OSMIUM;10075;23;10071;24;;;10081;19;10085;13;;;10078.0;0.0
av_CORN_d3;40400;INTARIAN_PEPPER_ROOT;10587;13;10585;20;;;10593;26;10597;19;;;10590.0;0.0
av_CORN_d3;40500;ASH_COATED_OSMIUM;10074;13;10070;23;;;10080;14;10084;13;;;10077.0;0.0
av_CORN_d3;40500;INTARIAN_PEPPER_ROOT;10582;16;10580;23;;;10598;7;10602;19;;;10590.0;0.0
av_CORN_d3;40600;ASH_COATED_OSMIUM;10074;26;10071;15;;;10080;5;10084;13;;;10077.0;0.0
av_CORN_d3;40600;INTARIAN_PEPPER_ROOT;10585;13;10582;20;;;10594;6;10598;24;;;10589.5;0.0
av_CORN_d3;40700;ASH_COATED_OSMIUM;10066;6;10063;19;;;10088;17;10091;20;;;10077.0;0.0
av_CORN_d3;40700;INTARIAN_PEPPER_ROOT;10586;16;10584;24;;;10592;17;10596;24;;;10589.0;0.0
av_CORN_d3;40800;ASH_COATED_OSMIUM;10073;12;10069;15;;;10080;12;10083;13;;;10076.5;0.0
av_CORN_d3;40800;INTARIAN_PEPPER_ROOT;10585;21;10581;18;;;10591;16;10593;17;;;10588.0;0.0
av_CORN_d3;40900;ASH_COATED_OSMIUM;10068;11;10064;19;;;10087;12;10090;17;;;10077.5;0.0
av_CORN_d3;40900;INTARIAN_PEPPER_ROOT;10585;13;10581;14;;;10591;10;10593;22;;;10588.0;0.0
av_CORN_d3;41000;ASH_COATED_OSMIUM;10070;16;10067;24;;;10085;14;10087;17;;;10077.5;0.0
av_CORN_d3;41000;INTARIAN_PEPPER_ROOT;10585;11;10581;24;;;10591;10;10595;21;;;10588.0;0.0
av_CORN_d3;41100;ASH_COATED_OSMIUM;10074;15;10072;17;;;10080;7;10084;26;;;10077.0;0.0
av_CORN_d3;41100;INTARIAN_PEPPER_ROOT;10581;16;10577;20;;;10595;10;10597;26;;;10588.0;0.0
av_CORN_d3;41200;ASH_COATED_OSMIUM;10074;18;10072;14;;;10080;19;10084;18;;;10077.0;0.0
av_CORN_d3;41200;INTARIAN_PEPPER_ROOT;10583;11;10581;11;;;10590;17;10594;25;;;10586.5;0.0
av_CORN_d3;41300;ASH_COATED_OSMIUM;10074;21;10070;25;;;10080;18;10084;23;;;10077.0;0.0
av_CORN_d3;41300;INTARIAN_PEPPER_ROOT;10582;5;10578;17;;;10591;20;10593;13;;;10586.5;0.0
av_CORN_d3;41400;ASH_COATED_OSMIUM;10066;18;10063;27;;;10089;13;10093;18;;;10077.5;0.0
av_CORN_d3;41400;INTARIAN_PEPPER_ROOT;10583;5;10579;17;;;10589;17;10592;22;;;10586.0;0.0
av_CORN_d3;41500;ASH_COATED_OSMIUM;10067;16;10064;19;;;10086;14;10088;14;;;10076.5;0.0
av_CORN_d3;41500;INTARIAN_PEPPER_ROOT;10582;8;10578;23;;;10588;18;10590;17;;;10585.0;0.0
av_CORN_d3;41600;ASH_COATED_OSMIUM;10073;15;10070;18;;;10079;17;10081;26;;;10076.0;0.0
av_CORN_d3;41600;INTARIAN_PEPPER_ROOT;10582;10;10579;19;;;10588;16;10591;12;;;10585.0;0.0
av_CORN_d3;41700;ASH_COATED_OSMIUM;10074;12;10072;14;;;10080;9;10083;15;;;10077.0;0.0
av_CORN_d3;41700;INTARIAN_PEPPER_ROOT;10581;10;10578;18;;;10587;9;10591;24;;;10584.0;0.0
av_CORN_d3;41800;ASH_COATED_OSMIUM;10073;14;10070;19;;;10079;16;10082;23;;;10076.0;0.0
av_CORN_d3;41800;INTARIAN_PEPPER_ROOT;10575;14;10571;16;;;10593;23;10595;14;;;10584.0;0.0
av_CORN_d3;41900;ASH_COATED_OSMIUM;10073;10;10069;17;;;10079;16;10083;12;;;10076.0;0.0
av_CORN_d3;41900;INTARIAN_PEPPER_ROOT;10581;16;10578;18;;;10587;20;10589;21;;;10584.0;0.0
av_CORN_d3;42000;ASH_COATED_OSMIUM;10074;13;10072;27;;;10080;14;10084;22;;;10077.0;0.0
av_CORN_d3;42000;INTARIAN_PEPPER_ROOT;10573;13;10569;26;;;10592;10;10595;21;;;10582.5;0.0
av_CORN_d3;42100;ASH_COATED_OSMIUM;10073;18;10070;35;;;10081;10;10085;28;;;10077.0;0.0
av_CORN_d3;42100;INTARIAN_PEPPER_ROOT;10575;9;10571;16;;;10590;16;10592;21;;;10582.5;0.0
av_CORN_d3;42200;ASH_COATED_OSMIUM;10070;13;10066;13;;;10083;12;10085;14;;;10076.5;0.0
av_CORN_d3;42200;INTARIAN_PEPPER_ROOT;10576;23;10572;21;;;10589;15;10593;26;;;10582.5;0.0
av_CORN_d3;42300;ASH_COATED_OSMIUM;10073;13;10069;25;;;10079;13;10083;8;;;10076.0;0.0
av_CORN_d3;42300;INTARIAN_PEPPER_ROOT;10579;11;10577;17;;;10585;21;10589;17;;;10582.0;0.0
av_CORN_d3;42400;ASH_COATED_OSMIUM;10068;15;10065;16;;;10084;11;10088;17;;;10076.0;0.0
av_CORN_d3;42400;INTARIAN_PEPPER_ROOT;10579;7;10575;23;;;10585;14;10587;15;;;10582.0;0.0
av_CORN_d3;42500;ASH_COATED_OSMIUM;10074;18;10072;25;;;10080;20;10084;17;;;10077.0;0.0
av_CORN_d3;42500;INTARIAN_PEPPER_ROOT;10576;14;10572;17;;;10586;15;10589;17;;;10581.0;0.0
av_CORN_d3;42600;ASH_COATED_OSMIUM;10073;16;10071;22;;;10079;16;10081;8;;;10076.0;0.0
av_CORN_d3;42600;INTARIAN_PEPPER_ROOT;10570;10;10568;17;;;10591;21;10594;22;;;10580.5;0.0
av_CORN_d3;42700;ASH_COATED_OSMIUM;10072;12;10068;17;;;10081;26;10084;18;;;10076.5;0.0
av_CORN_d3;42700;INTARIAN_PEPPER_ROOT;10577;12;10575;18;;;10583;6;10585;24;;;10580.0;0.0
av_CORN_d3;42800;ASH_COATED_OSMIUM;10073;19;10071;22;;;10079;8;10083;26;;;10076.0;0.0
av_CORN_d3;42800;INTARIAN_PEPPER_ROOT;10576;19;10574;22;;;10584;17;10587;20;;;10580.0;0.0
av_CORN_d3;42900;ASH_COATED_OSMIUM;10072;28;10070;20;;;10080;15;10083;19;;;10076.0;0.0
av_CORN_d3;42900;INTARIAN_PEPPER_ROOT;10575;23;10572;12;;;10584;9;10588;21;;;10579.5;0.0
av_CORN_d3;43000;ASH_COATED_OSMIUM;10073;18;10070;25;;;10080;14;10082;19;;;10076.5;0.0
av_CORN_d3;43000;INTARIAN_PEPPER_ROOT;10574;5;10572;14;;;10584;17;10586;12;;;10579.0;0.0
av_CORN_d3;43100;ASH_COATED_OSMIUM;10073;5;10071;30;;;10079;25;10081;20;;;10076.0;0.0
av_CORN_d3;43100;INTARIAN_PEPPER_ROOT;10567;11;10565;22;;;10589;14;10591;21;;;10578.0;0.0
av_CORN_d3;43200;ASH_COATED_OSMIUM;10073;23;10070;18;;;10079;7;10083;20;;;10076.0;0.0
av_CORN_d3;43200;INTARIAN_PEPPER_ROOT;10561;21;10559;23;;;10595;6;10597;17;;;10578.0;0.0
av_CORN_d3;43300;ASH_COATED_OSMIUM;10072;13;10069;23;;;10079;21;10083;24;;;10075.5;0.0
av_CORN_d3;43300;INTARIAN_PEPPER_ROOT;10574;11;10570;20;;;10581;6;10583;26;;;10577.5;0.0
av_CORN_d3;43400;ASH_COATED_OSMIUM;10073;15;10071;13;;;10079;6;10082;22;;;10076.0;0.0
av_CORN_d3;43400;INTARIAN_PEPPER_ROOT;10574;26;10571;13;;;10580;13;10584;16;;;10577.0;0.0
av_CORN_d3;43500;ASH_COATED_OSMIUM;10064;25;10060;17;;;10087;14;10091;18;;;10075.5;0.0
av_CORN_d3;43500;INTARIAN_PEPPER_ROOT;10574;10;10570;18;;;10580;15;10583;16;;;10577.0;0.0
av_CORN_d3;43600;ASH_COATED_OSMIUM;10068;10;10065;19;;;10082;16;10086;18;;;10075.0;0.0
av_CORN_d3;43600;INTARIAN_PEPPER_ROOT;10572;12;10568;23;;;10580;16;10583;13;;;10576.0;0.0
av_CORN_d3;43700;ASH_COATED_OSMIUM;10071;9;10067;23;;;10078;16;10081;29;;;10074.5;0.0
av_CORN_d3;43700;INTARIAN_PEPPER_ROOT;10572;18;10569;21;;;10578;17;10581;24;;;10575.0;0.0
av_CORN_d3;43800;ASH_COATED_OSMIUM;10066;14;10062;21;;;10085;13;10087;24;;;10075.5;0.0
av_CORN_d3;43800;INTARIAN_PEPPER_ROOT;10572;10;10570;17;;;10578;16;10581;25;;;10575.0;0.0
av_CORN_d3;43900;ASH_COATED_OSMIUM;10072;17;10070;18;;;10078;8;10080;23;;;10075.0;0.0
av_CORN_d3;43900;INTARIAN_PEPPER_ROOT;10572;6;10570;16;;;10578;5;10582;25;;;10575.0;0.0
av_CORN_d3;44000;ASH_COATED_OSMIUM;10073;14;10071;29;;;10079;5;10081;27;;;10076.0;0.0
av_CORN_d3;44000;INTARIAN_PEPPER_ROOT;10571;7;10567;18;;;10577;12;10581;27;;;10574.0;0.0
av_CORN_d3;44100;ASH_COATED_OSMIUM;10072;6;10068;24;;;10078;17;10081;18;;;10075.0;0.0
av_CORN_d3;44100;INTARIAN_PEPPER_ROOT;10570;15;10567;26;;;10576;12;10580;21;;;10573.0;0.0
av_CORN_d3;44200;ASH_COATED_OSMIUM;10072;13;10070;19;;;10078;16;10080;13;;;10075.0;0.0
av_CORN_d3;44200;INTARIAN_PEPPER_ROOT;10571;20;10569;24;;;10577;9;10580;15;;;10574.0;0.0
av_CORN_d3;44300;ASH_COATED_OSMIUM;10072;15;10070;25;;;10078;12;10082;35;;;10075.0;0.0
av_CORN_d3;44300;INTARIAN_PEPPER_ROOT;10570;19;10566;21;;;10576;10;10578;15;;;10573.0;0.0
av_CORN_d3;44400;ASH_COATED_OSMIUM;10072;15;10068;14;;;10078;17;10082;19;;;10075.0;0.0
av_CORN_d3;44400;INTARIAN_PEPPER_ROOT;10568;19;10564;19;;;10578;15;10580;29;;;10573.0;0.0
av_CORN_d3;44500;ASH_COATED_OSMIUM;10073;8;10069;14;;;10079;7;10082;22;;;10076.0;0.0
av_CORN_d3;44500;INTARIAN_PEPPER_ROOT;10569;22;10567;21;;;10575;20;10578;22;;;10572.0;0.0
av_CORN_d3;44600;ASH_COATED_OSMIUM;10062;12;10058;15;;;10088;9;10091;26;;;10075.0;0.0
av_CORN_d3;44600;INTARIAN_PEPPER_ROOT;10566;12;10562;16;;;10576;11;10579;21;;;10571.0;0.0
av_CORN_d3;44700;ASH_COATED_OSMIUM;10066;6;10062;16;;;10083;19;10087;20;;;10074.5;0.0
av_CORN_d3;44700;INTARIAN_PEPPER_ROOT;10568;5;10565;30;;;10574;15;10576;23;;;10571.0;0.0
av_CORN_d3;44800;ASH_COATED_OSMIUM;10057;12;10054;24;;;10092;13;10095;9;;;10074.5;0.0
av_CORN_d3;44800;INTARIAN_PEPPER_ROOT;10565;14;10563;26;;;10576;15;10579;20;;;10570.5;0.0
av_CORN_d3;44900;ASH_COATED_OSMIUM;10071;19;10068;22;;;10077;13;10081;20;;;10074.0;0.0
av_CORN_d3;44900;INTARIAN_PEPPER_ROOT;10567;19;10564;18;;;10573;15;10576;20;;;10570.0;0.0
av_CORN_d3;45000;ASH_COATED_OSMIUM;10056;12;10052;15;;;10093;13;10096;17;;;10074.5;0.0
av_CORN_d3;45000;INTARIAN_PEPPER_ROOT;10567;13;10563;20;;;10573;5;10577;26;;;10570.0;0.0
av_CORN_d3;45100;ASH_COATED_OSMIUM;10068;12;10065;17;;;10081;9;10083;24;;;10074.5;0.0
av_CORN_d3;45100;INTARIAN_PEPPER_ROOT;10566;13;10562;8;;;10573;16;10575;15;;;10569.5;0.0
av_CORN_d3;45200;ASH_COATED_OSMIUM;10072;11;10069;28;;;10078;16;10080;21;;;10075.0;0.0
av_CORN_d3;45200;INTARIAN_PEPPER_ROOT;10566;17;10564;23;;;10572;17;10574;14;;;10569.0;0.0
av_CORN_d3;45300;ASH_COATED_OSMIUM;10068;18;10066;21;;;10079;5;10083;19;;;10073.5;0.0
av_CORN_d3;45300;INTARIAN_PEPPER_ROOT;10565;13;10562;23;;;10571;17;10573;18;;;10568.0;0.0
av_CORN_d3;45400;ASH_COATED_OSMIUM;10069;13;10066;19;;;10081;19;10083;21;;;10075.0;0.0
av_CORN_d3;45400;INTARIAN_PEPPER_ROOT;10563;16;10560;23;;;10572;14;10575;15;;;10567.5;0.0
av_CORN_d3;45500;ASH_COATED_OSMIUM;10071;11;10068;17;;;10077;20;10080;22;;;10074.0;0.0
av_CORN_d3;45500;INTARIAN_PEPPER_ROOT;10565;20;10561;13;;;10571;18;10573;17;;;10568.0;0.0
av_CORN_d3;45600;ASH_COATED_OSMIUM;10071;19;10068;19;;;10077;21;10081;17;;;10074.0;0.0
av_CORN_d3;45600;INTARIAN_PEPPER_ROOT;10563;18;10561;18;;;10572;13;10575;31;;;10567.5;0.0
av_CORN_d3;45700;ASH_COATED_OSMIUM;10072;15;10068;18;;;10078;12;10081;18;;;10075.0;0.0
av_CORN_d3;45700;INTARIAN_PEPPER_ROOT;10564;5;10561;18;;;10570;12;10572;15;;;10567.0;0.0
av_CORN_d3;45800;ASH_COATED_OSMIUM;10070;20;10068;13;;;10078;21;10080;20;;;10074.0;0.0
av_CORN_d3;45800;INTARIAN_PEPPER_ROOT;10564;16;10561;19;;;10570;26;10574;20;;;10567.0;0.0
av_CORN_d3;45900;ASH_COATED_OSMIUM;10071;10;10068;16;;;10077;15;10079;22;;;10074.0;0.0
av_CORN_d3;45900;INTARIAN_PEPPER_ROOT;10562;12;10560;17;;;10570;7;10574;11;;;10566.0;0.0
av_CORN_d3;46000;ASH_COATED_OSMIUM;10066;9;10062;14;;;10081;12;10085;19;;;10073.5;0.0
av_CORN_d3;46000;INTARIAN_PEPPER_ROOT;10562;17;10560;22;;;10568;21;10571;31;;;10565.0;0.0
av_CORN_d3;46100;ASH_COATED_OSMIUM;10071;9;10069;24;;;10077;14;10080;10;;;10074.0;0.0
av_CORN_d3;46100;INTARIAN_PEPPER_ROOT;10552;26;10549;14;;;10578;14;10582;20;;;10565.0;0.0
av_CORN_d3;46200;ASH_COATED_OSMIUM;10067;12;10065;19;;;10080;13;10083;20;;;10073.5;0.0
av_CORN_d3;46200;INTARIAN_PEPPER_ROOT;10562;12;10559;10;;;10568;15;10571;25;;;10565.0;0.0
av_CORN_d3;46300;ASH_COATED_OSMIUM;10071;17;10067;22;;;10077;16;10081;22;;;10074.0;0.0
av_CORN_d3;46300;INTARIAN_PEPPER_ROOT;10560;15;10558;12;;;10568;10;10570;22;;;10564.0;0.0
av_CORN_d3;46400;ASH_COATED_OSMIUM;10071;14;10067;18;;;10077;21;10080;27;;;10074.0;0.0
av_CORN_d3;46400;INTARIAN_PEPPER_ROOT;10552;15;10550;20;;;10575;21;10578;8;;;10563.5;0.0
av_CORN_d3;46500;ASH_COATED_OSMIUM;10070;13;10066;11;;;10076;6;10078;13;;;10073.0;0.0
av_CORN_d3;46500;INTARIAN_PEPPER_ROOT;10560;15;10558;23;;;10566;14;10569;18;;;10563.0;0.0
av_CORN_d3;46600;ASH_COATED_OSMIUM;10071;8;10068;21;;;10077;6;10079;16;;;10074.0;0.0
av_CORN_d3;46600;INTARIAN_PEPPER_ROOT;10559;13;10555;17;;;10565;16;10569;21;;;10562.0;0.0
av_CORN_d3;46700;ASH_COATED_OSMIUM;10070;12;10066;11;;;10076;23;10080;17;;;10073.0;0.0
av_CORN_d3;46700;INTARIAN_PEPPER_ROOT;10556;15;10552;18;;;10568;20;10572;9;;;10562.0;0.0
av_CORN_d3;46800;ASH_COATED_OSMIUM;10070;23;10067;20;;;10078;9;10082;21;;;10074.0;0.0
av_CORN_d3;46800;INTARIAN_PEPPER_ROOT;10559;14;10555;9;;;10565;17;10569;19;;;10562.0;0.0
av_CORN_d3;46900;ASH_COATED_OSMIUM;10071;11;10068;24;;;10077;12;10079;24;;;10074.0;0.0
av_CORN_d3;46900;INTARIAN_PEPPER_ROOT;10553;17;10551;18;;;10570;15;10572;19;;;10561.5;0.0
av_CORN_d3;47000;ASH_COATED_OSMIUM;10071;8;10069;15;;;10077;21;10081;19;;;10074.0;0.0
av_CORN_d3;47000;INTARIAN_PEPPER_ROOT;10557;12;10554;29;;;10565;22;10567;12;;;10561.0;0.0
av_CORN_d3;47100;ASH_COATED_OSMIUM;10070;11;10066;21;;;10076;16;10078;24;;;10073.0;0.0
av_CORN_d3;47100;INTARIAN_PEPPER_ROOT;10558;20;10555;16;;;10564;15;10568;18;;;10561.0;0.0
av_CORN_d3;47200;ASH_COATED_OSMIUM;10064;14;10060;19;;;10082;15;10085;19;;;10073.0;0.0
av_CORN_d3;47200;INTARIAN_PEPPER_ROOT;10553;12;10550;16;;;10568;21;10570;27;;;10560.5;0.0
av_CORN_d3;47300;ASH_COATED_OSMIUM;10071;8;10068;14;;;10077;18;10081;24;;;10074.0;0.0
av_CORN_d3;47300;INTARIAN_PEPPER_ROOT;10557;19;10554;20;;;10563;22;10567;17;;;10560.0;0.0
av_CORN_d3;47400;ASH_COATED_OSMIUM;10059;7;10055;20;;;10086;23;10088;25;;;10072.5;0.0
av_CORN_d3;47400;INTARIAN_PEPPER_ROOT;10548;21;10546;21;;;10570;14;10574;16;;;10559.0;0.0
av_CORN_d3;47500;ASH_COATED_OSMIUM;10066;17;10064;17;;;10082;10;10084;24;;;10074.0;0.0
av_CORN_d3;47500;INTARIAN_PEPPER_ROOT;10556;11;10554;23;;;10562;17;10565;10;;;10559.0;0.0
av_CORN_d3;47600;ASH_COATED_OSMIUM;10070;18;10066;8;;;10076;9;10078;19;;;10073.0;0.0
av_CORN_d3;47600;INTARIAN_PEPPER_ROOT;10554;12;10552;27;;;10561;19;10564;14;;;10557.5;0.0
av_CORN_d3;47700;ASH_COATED_OSMIUM;10067;19;10064;23;;;10078;13;10080;20;;;10072.5;0.0
av_CORN_d3;47700;INTARIAN_PEPPER_ROOT;10555;6;10553;20;;;10561;17;10564;15;;;10558.0;0.0
av_CORN_d3;47800;ASH_COATED_OSMIUM;10069;5;10067;17;;;10075;11;10079;19;;;10072.0;0.0
av_CORN_d3;47800;INTARIAN_PEPPER_ROOT;10554;13;10551;12;;;10560;18;10562;19;;;10557.0;0.0
av_CORN_d3;47900;ASH_COATED_OSMIUM;10068;22;10066;16;;;10078;16;10080;20;;;10073.0;0.0
av_CORN_d3;47900;INTARIAN_PEPPER_ROOT;10554;18;10550;18;;;10560;16;10563;16;;;10557.0;0.0
av_CORN_d3;48000;ASH_COATED_OSMIUM;10070;18;10067;25;;;10076;6;10078;22;;;10073.0;0.0
av_CORN_d3;48000;INTARIAN_PEPPER_ROOT;10553;14;10550;25;;;10561;11;10564;24;;;10557.0;0.0
av_CORN_d3;48100;ASH_COATED_OSMIUM;10070;14;10066;20;;;10076;11;10079;16;;;10073.0;0.0
av_CORN_d3;48100;INTARIAN_PEPPER_ROOT;10553;18;10549;23;;;10559;5;10562;18;;;10556.0;0.0
av_CORN_d3;48200;ASH_COATED_OSMIUM;10069;12;10067;18;;;10076;24;10078;24;;;10072.5;0.0
av_CORN_d3;48200;INTARIAN_PEPPER_ROOT;10553;20;10549;14;;;10559;14;10563;34;;;10556.0;0.0
av_CORN_d3;48300;ASH_COATED_OSMIUM;10063;10;10061;18;;;10082;19;10086;28;;;10072.5;0.0
av_CORN_d3;48300;INTARIAN_PEPPER_ROOT;10537;17;10535;14;;;10573;9;10575;17;;;10555.0;0.0
av_CORN_d3;48400;ASH_COATED_OSMIUM;10068;18;10065;17;;;10077;13;10080;18;;;10072.5;0.0
av_CORN_d3;48400;INTARIAN_PEPPER_ROOT;10550;9;10547;15;;;10560;18;10562;28;;;10555.0;0.0
av_CORN_d3;48500;ASH_COATED_OSMIUM;10070;6;10068;13;;;10076;10;10080;22;;;10073.0;0.0
av_CORN_d3;48500;INTARIAN_PEPPER_ROOT;10551;17;10549;20;;;10557;20;10561;12;;;10554.0;0.0
av_CORN_d3;48600;ASH_COATED_OSMIUM;10069;17;10067;12;;;10075;8;10077;26;;;10072.0;0.0
av_CORN_d3;48600;INTARIAN_PEPPER_ROOT;10551;10;10547;22;;;10557;11;10561;18;;;10554.0;0.0
av_CORN_d3;48700;ASH_COATED_OSMIUM;10066;16;10064;24;;;10080;15;10082;28;;;10073.0;0.0
av_CORN_d3;48700;INTARIAN_PEPPER_ROOT;10550;9;10547;8;;;10556;24;10558;14;;;10553.0;0.0
av_CORN_d3;48800;ASH_COATED_OSMIUM;10069;17;10067;17;;;10075;9;10079;8;;;10072.0;0.0
av_CORN_d3;48800;INTARIAN_PEPPER_ROOT;10549;14;10547;19;;;10557;20;10560;27;;;10553.0;0.0
av_CORN_d3;48900;ASH_COATED_OSMIUM;10066;12;10062;21;;;10078;21;10082;17;;;10072.0;0.0
av_CORN_d3;48900;INTARIAN_PEPPER_ROOT;10549;22;10545;25;;;10556;16;10560;30;;;10552.5;0.0
av_CORN_d3;49000;ASH_COATED_OSMIUM;10069;22;10067;21;;;10075;12;10078;9;;;10072.0;0.0
av_CORN_d3;49000;INTARIAN_PEPPER_ROOT;10549;15;10547;23;;;10555;21;10558;11;;;10552.0;0.0
av_CORN_d3;49100;ASH_COATED_OSMIUM;10066;5;10063;15;;;10077;20;10079;15;;;10071.5;0.0
av_CORN_d3;49100;INTARIAN_PEPPER_ROOT;10548;9;10546;23;;;10554;16;10556;16;;;10551.0;0.0
av_CORN_d3;49200;ASH_COATED_OSMIUM;10063;20;10060;15;;;10081;9;10085;18;;;10072.0;0.0
av_CORN_d3;49200;INTARIAN_PEPPER_ROOT;10548;9;10544;10;;;10554;25;10558;23;;;10551.0;0.0
av_CORN_d3;49300;ASH_COATED_OSMIUM;10069;13;10065;30;;;10075;13;10079;13;;;10072.0;0.0
av_CORN_d3;49300;INTARIAN_PEPPER_ROOT;10544;5;10540;18;;;10556;8;10560;14;;;10550.0;0.0
av_CORN_d3;49400;ASH_COATED_OSMIUM;10068;10;10065;23;;;10074;16;10077;28;;;10071.0;0.0
av_CORN_d3;49400;INTARIAN_PEPPER_ROOT;10548;11;10544;14;;;10554;16;10556;19;;;10551.0;0.0
av_CORN_d3;49500;ASH_COATED_OSMIUM;10069;26;10066;23;;;10075;9;10077;12;;;10072.0;0.0
av_CORN_d3;49500;INTARIAN_PEPPER_ROOT;10546;12;10543;19;;;10555;12;10559;12;;;10550.5;0.0
av_CORN_d3;49600;ASH_COATED_OSMIUM;10069;13;10065;16;;;10075;15;10078;12;;;10072.0;0.0
av_CORN_d3;49600;INTARIAN_PEPPER_ROOT;10547;21;10543;26;;;10553;22;10556;17;;;10550.0;0.0
av_CORN_d3;49700;ASH_COATED_OSMIUM;10064;12;10061;12;;;10079;11;10082;19;;;10071.5;0.0
av_CORN_d3;49700;INTARIAN_PEPPER_ROOT;10546;19;10544;13;;;10552;11;10555;17;;;10549.0;0.0
av_CORN_d3;49800;ASH_COATED_OSMIUM;10061;26;10057;21;;;10083;21;10086;23;;;10072.0;0.0
av_CORN_d3;49800;INTARIAN_PEPPER_ROOT;10545;16;10542;22;;;10551;17;10555;22;;;10548.0;0.0
av_CORN_d3;49900;ASH_COATED_OSMIUM;10057;5;10053;23;;;10086;20;10088;22;;;10071.5;0.0
av_CORN_d3;49900;INTARIAN_PEPPER_ROOT;10545;19;10541;17;;;10551;14;10553;31;;;10548.0;0.0
av_CORN_d3;50000;ASH_COATED_OSMIUM;10068;5;10065;12;;;10074;20;10078;24;;;10071.0;0.0
av_CORN_d3;50000;INTARIAN_PEPPER_ROOT;10545;11;10542;23;;;10551;19;10553;12;;;10548.0;0.0
av_CORN_d3;50100;ASH_COATED_OSMIUM;10064;12;10062;21;;;10079;9;10083;16;;;10071.5;0.0
av_CORN_d3;50100;INTARIAN_PEPPER_ROOT;10542;18;10540;19;;;10552;15;10554;20;;;10547.0;0.0
av_CORN_d3;50200;ASH_COATED_OSMIUM;10067;20;10063;23;;;10076;13;10078;8;;;10071.5;0.0
av_CORN_d3;50200;INTARIAN_PEPPER_ROOT;10543;16;10540;14;;;10550;20;10552;17;;;10546.5;0.0
av_CORN_d3;50300;ASH_COATED_OSMIUM;10068;21;10064;21;;;10074;16;10076;25;;;10071.0;0.0
av_CORN_d3;50300;INTARIAN_PEPPER_ROOT;10543;13;10541;18;;;10549;10;10552;21;;;10546.0;0.0
av_CORN_d3;50400;ASH_COATED_OSMIUM;10069;19;10067;28;;;10075;13;10078;23;;;10072.0;0.0
av_CORN_d3;50400;INTARIAN_PEPPER_ROOT;10542;7;10538;15;;;10549;10;10551;18;;;10545.5;0.0
av_CORN_d3;50500;ASH_COATED_OSMIUM;10060;9;10058;21;;;10083;19;10087;16;;;10071.5;0.0
av_CORN_d3;50500;INTARIAN_PEPPER_ROOT;10536;10;10533;25;;;10555;11;10559;20;;;10545.5;0.0
av_CORN_d3;50600;ASH_COATED_OSMIUM;10059;13;10055;25;;;10084;21;10087;21;;;10071.5;0.0
av_CORN_d3;50600;INTARIAN_PEPPER_ROOT;10541;19;10538;20;;;10549;12;10553;23;;;10545.0;0.0
av_CORN_d3;50700;ASH_COATED_OSMIUM;10066;17;10063;23;;;10076;7;10078;21;;;10071.0;0.0
av_CORN_d3;50700;INTARIAN_PEPPER_ROOT;10537;12;10535;22;;;10553;14;10557;21;;;10545.0;0.0
av_CORN_d3;50800;ASH_COATED_OSMIUM;10069;19;10066;12;;;10075;18;10077;21;;;10072.0;0.0
av_CORN_d3;50800;INTARIAN_PEPPER_ROOT;10538;16;10536;24;;;10550;19;10552;21;;;10544.0;0.0
av_CORN_d3;50900;ASH_COATED_OSMIUM;10068;12;10065;19;;;10074;18;10076;19;;;10071.0;0.0
av_CORN_d3;50900;INTARIAN_PEPPER_ROOT;10538;10;10534;16;;;10550;13;10552;22;;;10544.0;0.0
av_CORN_d3;51000;ASH_COATED_OSMIUM;10068;15;10066;18;;;10074;16;10077;22;;;10071.0;0.0
av_CORN_d3;51000;INTARIAN_PEPPER_ROOT;10540;13;10538;16;;;10546;19;10548;18;;;10543.0;0.0
av_CORN_d3;51100;ASH_COATED_OSMIUM;10067;6;10065;10;;;10075;15;10077;18;;;10071.0;0.0
av_CORN_d3;51100;INTARIAN_PEPPER_ROOT;10541;10;10538;24;;;10547;14;10551;22;;;10544.0;0.0
av_CORN_d3;51200;ASH_COATED_OSMIUM;10067;14;10063;15;;;10076;20;10078;9;;;10071.5;0.0
av_CORN_d3;51200;INTARIAN_PEPPER_ROOT;10540;15;10537;28;;;10546;23;10548;24;;;10543.0;0.0
av_CORN_d3;51300;ASH_COATED_OSMIUM;10068;14;10064;26;;;10074;6;10077;16;;;10071.0;0.0
av_CORN_d3;51300;INTARIAN_PEPPER_ROOT;10536;7;10533;12;;;10551;13;10555;26;;;10543.5;0.0
av_CORN_d3;51400;ASH_COATED_OSMIUM;10068;20;10065;15;;;10074;13;10078;25;;;10071.0;0.0
av_CORN_d3;51400;INTARIAN_PEPPER_ROOT;10526;7;10524;22;;;10561;13;10565;20;;;10543.5;0.0
av_CORN_d3;51500;ASH_COATED_OSMIUM;10066;22;10064;14;;;10077;11;10081;20;;;10071.5;0.0
av_CORN_d3;51500;INTARIAN_PEPPER_ROOT;10540;18;10538;14;;;10546;10;10548;17;;;10543.0;0.0
av_CORN_d3;51600;ASH_COATED_OSMIUM;10055;16;10053;18;;;10088;9;10092;18;;;10071.5;0.0
av_CORN_d3;51600;INTARIAN_PEPPER_ROOT;10539;20;10536;22;;;10547;20;10551;21;;;10543.0;0.0
av_CORN_d3;51700;ASH_COATED_OSMIUM;10068;17;10064;20;;;10074;6;10077;22;;;10071.0;0.0
av_CORN_d3;51700;INTARIAN_PEPPER_ROOT;10541;14;10537;26;;;10547;12;10551;15;;;10544.0;0.0
av_CORN_d3;51800;ASH_COATED_OSMIUM;10068;14;10065;21;;;10074;24;10077;27;;;10071.0;0.0
av_CORN_d3;51800;INTARIAN_PEPPER_ROOT;10534;21;10530;16;;;10553;18;10556;10;;;10543.5;0.0
av_CORN_d3;51900;ASH_COATED_OSMIUM;10063;22;10061;18;;;10080;14;10084;12;;;10071.5;0.0
av_CORN_d3;51900;INTARIAN_PEPPER_ROOT;10540;13;10538;13;;;10546;13;10549;22;;;10543.0;0.0
av_CORN_d3;52000;ASH_COATED_OSMIUM;10065;16;10062;18;;;10076;13;10078;21;;;10070.5;0.0
av_CORN_d3;52000;INTARIAN_PEPPER_ROOT;10540;17;10536;21;;;10546;17;10550;25;;;10543.0;0.0
av_CORN_d3;52100;ASH_COATED_OSMIUM;10068;10;10066;13;;;10074;20;10076;18;;;10071.0;0.0
av_CORN_d3;52100;INTARIAN_PEPPER_ROOT;10540;15;10538;11;;;10546;11;10550;17;;;10543.0;0.0
av_CORN_d3;52200;ASH_COATED_OSMIUM;10068;16;10065;18;;;10074;17;10076;29;;;10071.0;0.0
av_CORN_d3;52200;INTARIAN_PEPPER_ROOT;10540;15;10538;12;;;10546;20;10550;26;;;10543.0;0.0
av_CORN_d3;52300;ASH_COATED_OSMIUM;10068;13;10065;23;;;10074;17;10078;21;;;10071.0;0.0
av_CORN_d3;52300;INTARIAN_PEPPER_ROOT;10539;10;10536;18;;;10545;19;10549;13;;;10542.0;0.0
av_CORN_d3;52400;ASH_COATED_OSMIUM;10068;18;10064;14;;;10074;12;10078;15;;;10071.0;0.0
av_CORN_d3;52400;INTARIAN_PEPPER_ROOT;10538;6;10534;18;;;10547;10;10551;15;;;10542.5;0.0
av_CORN_d3;52500;ASH_COATED_OSMIUM;10068;17;10065;23;;;10074;19;10078;11;;;10071.0;0.0
av_CORN_d3;52500;INTARIAN_PEPPER_ROOT;10540;13;10538;21;;;10546;17;10549;20;;;10543.0;0.0
av_CORN_d3;52600;ASH_COATED_OSMIUM;10068;19;10064;16;;;10074;16;10077;20;;;10071.0;0.0
av_CORN_d3;52600;INTARIAN_PEPPER_ROOT;10539;9;10536;18;;;10546;18;10549;14;;;10542.5;0.0
av_CORN_d3;52700;ASH_COATED_OSMIUM;10068;12;10066;27;;;10074;13;10077;20;;;10071.0;0.0
av_CORN_d3;52700;INTARIAN_PEPPER_ROOT;10539;9;10535;23;;;10545;18;10549;27;;;10542.0;0.0
av_CORN_d3;52800;ASH_COATED_OSMIUM;10068;11;10066;16;;;10074;11;10077;17;;;10071.0;0.0
av_CORN_d3;52800;INTARIAN_PEPPER_ROOT;10534;16;10530;19;;;10551;14;10555;25;;;10542.5;0.0
av_CORN_d3;52900;ASH_COATED_OSMIUM;10068;19;10066;21;;;10074;10;10076;28;;;10071.0;0.0
av_CORN_d3;52900;INTARIAN_PEPPER_ROOT;10539;22;10535;20;;;10545;9;10548;29;;;10542.0;0.0
av_CORN_d3;53000;ASH_COATED_OSMIUM;10061;11;10057;20;;;10080;7;10082;21;;;10070.5;0.0
av_CORN_d3;53000;INTARIAN_PEPPER_ROOT;10539;10;10537;22;;;10545;10;10547;22;;;10542.0;0.0
av_CORN_d3;53100;ASH_COATED_OSMIUM;10064;17;10062;22;;;10078;22;10080;19;;;10071.0;0.0
av_CORN_d3;53100;INTARIAN_PEPPER_ROOT;10534;15;10530;18;;;10550;14;10554;22;;;10542.0;0.0
av_CORN_d3;53200;ASH_COATED_OSMIUM;10058;15;10054;16;;;10082;9;10085;13;;;10070.0;0.0
av_CORN_d3;53200;INTARIAN_PEPPER_ROOT;10539;19;10537;20;;;10545;8;10549;25;;;10542.0;0.0
av_CORN_d3;53300;ASH_COATED_OSMIUM;10068;13;10064;21;;;10074;16;10078;9;;;10071.0;0.0
av_CORN_d3;53300;INTARIAN_PEPPER_ROOT;10538;12;10536;23;;;10547;23;10549;23;;;10542.5;0.0
av_CORN_d3;53400;ASH_COATED_OSMIUM;10068;6;10065;22;;;10074;17;10077;20;;;10071.0;0.0
av_CORN_d3;53400;INTARIAN_PEPPER_ROOT;10539;17;10537;18;;;10545;13;10549;11;;;10542.0;0.0
av_CORN_d3;53500;ASH_COATED_OSMIUM;10067;16;10064;33;;;10073;18;10075;13;;;10070.0;0.0
av_CORN_d3;53500;INTARIAN_PEPPER_ROOT;10536;15;10534;35;;;10548;12;10552;16;;;10542.0;0.0
av_CORN_d3;53600;ASH_COATED_OSMIUM;10068;17;10065;19;;;10074;5;10077;21;;;10071.0;0.0
av_CORN_d3;53600;INTARIAN_PEPPER_ROOT;10539;20;10536;21;;;10545;14;10549;22;;;10542.0;0.0
av_CORN_d3;53700;ASH_COATED_OSMIUM;10066;12;10064;14;;;10076;19;10080;21;;;10071.0;0.0
av_CORN_d3;53700;INTARIAN_PEPPER_ROOT;10536;9;10534;29;;;10547;14;10551;30;;;10541.5;0.0
av_CORN_d3;53800;ASH_COATED_OSMIUM;10068;16;10065;20;;;10074;15;10078;24;;;10071.0;0.0
av_CORN_d3;53800;INTARIAN_PEPPER_ROOT;10534;15;10532;23;;;10550;19;10554;21;;;10542.0;0.0
av_CORN_d3;53900;ASH_COATED_OSMIUM;10068;10;10065;17;;;10075;16;10078;12;;;10071.5;0.0
av_CORN_d3;53900;INTARIAN_PEPPER_ROOT;10538;20;10535;19;;;10547;7;10550;24;;;10542.5;0.0
av_CORN_d3;54000;ASH_COATED_OSMIUM;10068;9;10064;16;;;10074;16;10076;23;;;10071.0;0.0
av_CORN_d3;54000;INTARIAN_PEPPER_ROOT;10538;17;10534;15;;;10545;14;10549;19;;;10541.5;0.0
av_CORN_d3;54100;ASH_COATED_OSMIUM;10064;15;10060;19;;;10077;9;10081;19;;;10070.5;0.0
av_CORN_d3;54100;INTARIAN_PEPPER_ROOT;10538;18;10535;22;;;10544;9;10547;19;;;10541.0;0.0
av_CORN_d3;54200;ASH_COATED_OSMIUM;10068;5;10064;21;;;10074;18;10076;16;;;10071.0;0.0
av_CORN_d3;54200;INTARIAN_PEPPER_ROOT;10539;10;10536;20;;;10545;13;10548;24;;;10542.0;0.0
av_CORN_d3;54300;ASH_COATED_OSMIUM;10068;16;10064;19;;;10074;9;10078;12;;;10071.0;0.0
av_CORN_d3;54300;INTARIAN_PEPPER_ROOT;10539;11;10535;14;;;10545;12;10547;15;;;10542.0;0.0
av_CORN_d3;54400;ASH_COATED_OSMIUM;10064;15;10061;20;;;10078;21;10080;22;;;10071.0;0.0
av_CORN_d3;54400;INTARIAN_PEPPER_ROOT;10532;11;10528;31;;;10550;12;10553;15;;;10541.0;0.0
av_CORN_d3;54500;ASH_COATED_OSMIUM;10068;9;10066;17;;;10074;11;10077;17;;;10071.0;0.0
av_CORN_d3;54500;INTARIAN_PEPPER_ROOT;10538;7;10535;12;;;10544;18;10546;19;;;10541.0;0.0
av_CORN_d3;54600;ASH_COATED_OSMIUM;10064;17;10061;22;;;10079;13;10083;19;;;10071.5;0.0
av_CORN_d3;54600;INTARIAN_PEPPER_ROOT;10537;14;10533;28;;;10544;18;10546;8;;;10540.5;0.0
av_CORN_d3;54700;ASH_COATED_OSMIUM;10068;15;10065;19;;;10074;8;10077;25;;;10071.0;0.0
av_CORN_d3;54700;INTARIAN_PEPPER_ROOT;10539;7;10535;15;;;10545;14;10549;17;;;10542.0;0.0
av_CORN_d3;54800;ASH_COATED_OSMIUM;10068;10;10066;20;;;10074;12;10078;18;;;10071.0;0.0
av_CORN_d3;54800;INTARIAN_PEPPER_ROOT;10536;9;10533;12;;;10546;12;10550;16;;;10541.0;0.0
av_CORN_d3;54900;ASH_COATED_OSMIUM;10068;12;10065;21;;;10074;18;10077;19;;;10071.0;0.0
av_CORN_d3;54900;INTARIAN_PEPPER_ROOT;10538;5;10535;18;;;10544;17;10546;15;;;10541.0;0.0
av_CORN_d3;55000;ASH_COATED_OSMIUM;10065;24;10061;19;;;10075;16;10078;29;;;10070.0;0.0
av_CORN_d3;55000;INTARIAN_PEPPER_ROOT;10538;12;10535;13;;;10544;15;10546;19;;;10541.0;0.0
av_CORN_d3;55100;ASH_COATED_OSMIUM;10068;5;10065;14;;;10074;5;10078;8;;;10071.0;0.0
av_CORN_d3;55100;INTARIAN_PEPPER_ROOT;10538;12;10535;23;;;10544;15;10546;16;;;10541.0;0.0
av_CORN_d3;55200;ASH_COATED_OSMIUM;10066;13;10063;12;;;10077;20;10081;23;;;10071.5;0.0
av_CORN_d3;55200;INTARIAN_PEPPER_ROOT;10538;17;10536;19;;;10544;14;10548;20;;;10541.0;0.0
av_CORN_d3;55300;ASH_COATED_OSMIUM;10068;13;10064;25;;;10074;14;10077;20;;;10071.0;0.0
av_CORN_d3;55300;INTARIAN_PEPPER_ROOT;10538;7;10534;16;;;10544;15;10548;18;;;10541.0;0.0
av_CORN_d3;55400;ASH_COATED_OSMIUM;10067;14;10065;21;;;10073;12;10076;17;;;10070.0;0.0
av_CORN_d3;55400;INTARIAN_PEPPER_ROOT;10537;18;10533;21;;;10543;14;10547;12;;;10540.0;0.0
av_CORN_d3;55500;ASH_COATED_OSMIUM;10064;16;10060;8;;;10077;14;10081;25;;;10070.5;0.0
av_CORN_d3;55500;INTARIAN_PEPPER_ROOT;10538;24;10535;24;;;10544;19;10548;34;;;10541.0;0.0
av_CORN_d3;55600;ASH_COATED_OSMIUM;10068;10;10064;20;;;10074;17;10078;20;;;10071.0;0.0
av_CORN_d3;55600;INTARIAN_PEPPER_ROOT;10537;7;10534;22;;;10543;13;10547;20;;;10540.0;0.0
av_CORN_d3;55700;ASH_COATED_OSMIUM;10065;12;10061;17;;;10075;10;10077;14;;;10070.0;0.0
av_CORN_d3;55700;INTARIAN_PEPPER_ROOT;10538;14;10536;21;;;10544;10;10548;29;;;10541.0;0.0
av_CORN_d3;55800;ASH_COATED_OSMIUM;10063;15;10059;16;;;10077;7;10080;17;;;10070.0;0.0
av_CORN_d3;55800;INTARIAN_PEPPER_ROOT;10537;12;10535;16;;;10543;21;10547;20;;;10540.0;0.0
av_CORN_d3;55900;ASH_COATED_OSMIUM;10066;8;10062;15;;;10076;14;10078;16;;;10071.0;0.0
av_CORN_d3;55900;INTARIAN_PEPPER_ROOT;10537;10;10534;27;;;10543;16;10547;19;;;10540.0;0.0
av_CORN_d3;56000;ASH_COATED_OSMIUM;10067;17;10063;22;;;10073;7;10076;16;;;10070.0;0.0
av_CORN_d3;56000;INTARIAN_PEPPER_ROOT;10533;10;10531;25;;;10547;15;10550;24;;;10540.0;0.0
av_CORN_d3;56100;ASH_COATED_OSMIUM;10067;18;10065;20;;;10074;18;10078;16;;;10070.5;0.0
av_CORN_d3;56100;INTARIAN_PEPPER_ROOT;10537;5;10533;22;;;10543;5;10546;17;;;10540.0;0.0
av_CORN_d3;56200;ASH_COATED_OSMIUM;10066;15;10064;23;;;10076;14;10080;14;;;10071.0;0.0
av_CORN_d3;56200;INTARIAN_PEPPER_ROOT;10537;16;10534;19;;;10543;6;10547;21;;;10540.0;0.0
av_CORN_d3;56300;ASH_COATED_OSMIUM;10067;8;10065;28;;;10073;10;10077;20;;;10070.0;0.0
av_CORN_d3;56300;INTARIAN_PEPPER_ROOT;10535;5;10531;13;;;10545;10;10547;26;;;10540.0;0.0
av_CORN_d3;56400;ASH_COATED_OSMIUM;10061;21;10058;28;;;10081;15;10084;23;;;10071.0;0.0
av_CORN_d3;56400;INTARIAN_PEPPER_ROOT;10537;16;10533;16;;;10543;16;10545;19;;;10540.0;0.0
av_CORN_d3;56500;ASH_COATED_OSMIUM;10059;20;10055;15;;;10081;20;10083;13;;;10070.0;0.0
av_CORN_d3;56500;INTARIAN_PEPPER_ROOT;10535;15;10533;12;;;10546;14;10549;18;;;10540.5;0.0
av_CORN_d3;56600;ASH_COATED_OSMIUM;10065;16;10062;20;;;10074;13;10077;24;;;10069.5;0.0
av_CORN_d3;56600;INTARIAN_PEPPER_ROOT;10535;9;10531;15;;;10543;12;10545;20;;;10539.0;0.0
