day;timestamp;product;bid_price_1;bid_volume_1;bid_price_2;bid_volume_2;bid_price_3;bid_volume_3;ask_price_1;ask_volume_1;ask_price_2;ask_volume_2;ask_price_3;ask_volume_3;mid_price;profit_and_loss
yf_BGS_d10;0;ASH_COATED_OSMIUM;9898;13;9895;16;;;9904;15;9906;26;;;9901.0;0.0
yf_BGS_d10;0;INTARIAN_PEPPER_ROOT;10823;16;10820;20;;;10842;18;10846;13;;;10832.5;0.0
yf_BGS_d10;100;ASH_COATED_OSMIUM;9898;15;9894;21;;;9904;16;9907;15;;;9901.0;0.0
yf_BGS_d10;100;INTARIAN_PEPPER_ROOT;10830;11;10826;26;;;10836;20;10839;24;;;10833.0;0.0
yf_BGS_d10;200;ASH_COATED_OSMIUM;9898;10;9896;15;;;9904;10;9906;19;;;9901.0;0.0
yf_BGS_d10;200;INTARIAN_PEPPER_ROOT;10830;21;10826;21;;;10836;15;10839;19;;;10833.0;0.0
yf_BGS_d10;300;ASH_COATED_OSMIUM;9891;24;9888;29;;;9912;9;9915;21;;;9901.5;0.0
yf_BGS_d10;300;INTARIAN_PEPPER_ROOT;10831;13;10829;26;;;10837;5;10840;18;;;10834.0;0.0
yf_BGS_d10;400;ASH_COATED_OSMIUM;9898;18;9895;23;;;9904;11;9907;21;;;9901.0;0.0
yf_BGS_d10;400;INTARIAN_PEPPER_ROOT;10832;12;10830;13;;;10838;21;10842;19;;;10835.0;0.0
yf_BGS_d10;500;ASH_COATED_OSMIUM;9892;10;9888;13;;;9910;8;9914;21;;;9901.0;0.0
yf_BGS_d10;500;INTARIAN_PEPPER_ROOT;10833;20;10829;11;;;10839;12;10841;12;;;10836.0;0.0
yf_BGS_d10;600;ASH_COATED_OSMIUM;9898;26;9895;17;;;9904;13;9908;24;;;9901.0;0.0
yf_BGS_d10;600;INTARIAN_PEPPER_ROOT;10827;16;10823;15;;;10848;11;10850;25;;;10837.5;0.0
yf_BGS_d10;700;ASH_COATED_OSMIUM;9898;12;9895;16;;;9904;20;9908;17;;;9901.0;0.0
yf_BGS_d10;700;INTARIAN_PEPPER_ROOT;10834;19;10832;22;;;10840;16;10843;15;;;10837.0;0.0
yf_BGS_d10;800;ASH_COATED_OSMIUM;9898;20;9895;20;;;9904;15;9906;22;;;9901.0;0.0
yf_BGS_d10;800;INTARIAN_PEPPER_ROOT;10835;6;10833;15;;;10841;16;10845;15;;;10838.0;0.0
yf_BGS_d10;900;ASH_COATED_OSMIUM;9899;14;9895;24;;;9905;11;9908;24;;;9902.0;0.0
yf_BGS_d10;900;INTARIAN_PEPPER_ROOT;10831;11;10829;22;;;10846;12;10850;13;;;10838.5;0.0
yf_BGS_d10;1000;ASH_COATED_OSMIUM;9898;14;9894;23;;;9904;17;9908;24;;;9901.0;0.0
yf_BGS_d10;1000;INTARIAN_PEPPER_ROOT;10837;8;10834;26;;;10843;17;10845;8;;;10840.0;0.0
yf_BGS_d10;1100;ASH_COATED_OSMIUM;9896;17;9893;16;;;9907;12;9911;19;;;9901.5;0.0
yf_BGS_d10;1100;INTARIAN_PEPPER_ROOT;10838;9;10835;20;;;10844;18;10846;21;;;10841.0;0.0
yf_BGS_d10;1200;ASH_COATED_OSMIUM;9899;9;9896;18;;;9905;14;9908;29;;;9902.0;0.0
yf_BGS_d10;1200;INTARIAN_PEPPER_ROOT;10838;11;10834;18;;;10844;8;10848;16;;;10841.0;0.0
yf_BGS_d10;1300;ASH_COATED_OSMIUM;9899;5;9895;25;;;9905;25;9908;9;;;9902.0;0.0
yf_BGS_d10;1300;INTARIAN_PEPPER_ROOT;10839;14;10836;26;;;10845;30;10849;20;;;10842.0;0.0
yf_BGS_d10;1400;ASH_COATED_OSMIUM;9899;19;9897;14;;;9905;19;9908;13;;;9902.0;0.0
yf_BGS_d10;1400;INTARIAN_PEPPER_ROOT;10840;22;10837;22;;;10846;11;10850;9;;;10843.0;0.0
yf_BGS_d10;1500;ASH_COATED_OSMIUM;9895;17;9893;14;;;9909;16;9911;22;;;9902.0;0.0
yf_BGS_d10;1500;INTARIAN_PEPPER_ROOT;10840;22;10836;24;;;10846;15;10849;15;;;10843.0;0.0
yf_BGS_d10;1600;ASH_COATED_OSMIUM;9900;21;9898;17;;;9906;5;9908;21;;;9903.0;0.0
yf_BGS_d10;1600;INTARIAN_PEPPER_ROOT;10841;16;10839;16;;;10847;17;10850;24;;;10844.0;0.0
yf_BGS_d10;1700;ASH_COATED_OSMIUM;9896;17;9892;15;;;9909;20;9913;20;;;9902.5;0.0
yf_BGS_d10;1700;INTARIAN_PEPPER_ROOT;10842;9;10839;17;;;10848;12;10850;23;;;10845.0;0.0
yf_BGS_d10;1800;ASH_COATED_OSMIUM;9889;9;9886;8;;;9916;5;9920;22;;;9902.5;0.0
yf_BGS_d10;1800;INTARIAN_PEPPER_ROOT;10843;18;10839;18;;;10849;16;10852;13;;;10846.0;0.0
yf_BGS_d10;1900;ASH_COATED_OSMIUM;9899;15;9896;21;;;9906;6;9909;21;;;9902.5;0.0
yf_BGS_d10;1900;INTARIAN_PEPPER_ROOT;10844;10;10840;19;;;10850;12;10852;22;;;10847.0;0.0
yf_BGS_d10;2000;ASH_COATED_OSMIUM;9892;17;9890;15;;;9914;15;9916;14;;;9903.0;0.0
yf_BGS_d10;2000;INTARIAN_PEPPER_ROOT;10844;20;10842;23;;;10850;6;10854;14;;;10847.0;0.0
yf_BGS_d10;2100;ASH_COATED_OSMIUM;9900;18;9898;28;;;9906;15;9910;13;;;9903.0;0.0
yf_BGS_d10;2100;INTARIAN_PEPPER_ROOT;10845;11;10843;17;;;10851;18;10853;18;;;10848.0;0.0
yf_BGS_d10;2200;ASH_COATED_OSMIUM;9900;21;9898;18;;;9906;5;9909;18;;;9903.0;0.0
yf_BGS_d10;2200;INTARIAN_PEPPER_ROOT;10837;17;10834;26;;;10859;13;10863;22;;;10848.0;0.0
yf_BGS_d10;2300;ASH_COATED_OSMIUM;9899;19;9895;19;;;9905;13;9909;17;;;9902.0;0.0
yf_BGS_d10;2300;INTARIAN_PEPPER_ROOT;10847;14;10844;23;;;10853;9;10857;21;;;10850.0;0.0
yf_BGS_d10;2400;ASH_COATED_OSMIUM;9896;5;9894;20;;;9910;10;9914;18;;;9903.0;0.0
yf_BGS_d10;2400;INTARIAN_PEPPER_ROOT;10847;14;10843;19;;;10853;21;10855;22;;;10850.0;0.0
yf_BGS_d10;2500;ASH_COATED_OSMIUM;9900;12;9896;21;;;9906;9;9908;19;;;9903.0;0.0
yf_BGS_d10;2500;INTARIAN_PEPPER_ROOT;10847;14;10845;20;;;10855;13;10859;19;;;10851.0;0.0
yf_BGS_d10;2600;ASH_COATED_OSMIUM;9900;13;9897;20;;;9906;15;9909;12;;;9903.0;0.0
yf_BGS_d10;2600;INTARIAN_PEPPER_ROOT;10846;17;10842;24;;;10857;14;10860;21;;;10851.5;0.0
yf_BGS_d10;2700;ASH_COATED_OSMIUM;9898;10;9894;28;;;9908;17;9910;16;;;9903.0;0.0
yf_BGS_d10;2700;INTARIAN_PEPPER_ROOT;10847;19;10845;19;;;10857;19;10860;22;;;10852.0;0.0
yf_BGS_d10;2800;ASH_COATED_OSMIUM;9899;14;9895;20;;;9906;15;9909;20;;;9902.5;0.0
yf_BGS_d10;2800;INTARIAN_PEPPER_ROOT;10850;14;10846;16;;;10856;20;10859;22;;;10853.0;0.0
yf_BGS_d10;2900;ASH_COATED_OSMIUM;9901;19;9897;20;;;9907;19;9910;24;;;9904.0;0.0
yf_BGS_d10;2900;INTARIAN_PEPPER_ROOT;10851;17;10847;23;;;10857;13;10861;19;;;10854.0;0.0
yf_BGS_d10;3000;ASH_COATED_OSMIUM;9899;14;9897;20;;;9907;9;9910;26;;;9903.0;0.0
yf_BGS_d10;3000;INTARIAN_PEPPER_ROOT;10851;17;10849;25;;;10857;22;10861;17;;;10854.0;0.0
yf_BGS_d10;3100;ASH_COATED_OSMIUM;9901;13;9897;20;;;9907;19;9911;26;;;9904.0;0.0
yf_BGS_d10;3100;INTARIAN_PEPPER_ROOT;10851;19;10849;20;;;10859;16;10862;19;;;10855.0;0.0
yf_BGS_d10;3200;ASH_COATED_OSMIUM;9885;12;9883;16;;;9922;23;9924;18;;;9903.5;0.0
yf_BGS_d10;3200;INTARIAN_PEPPER_ROOT;10853;7;10850;21;;;10859;15;10863;15;;;10856.0;0.0
yf_BGS_d10;3300;ASH_COATED_OSMIUM;9900;11;9898;16;;;9906;20;9910;27;;;9903.0;0.0
yf_BGS_d10;3300;INTARIAN_PEPPER_ROOT;10853;12;10849;22;;;10860;20;10864;12;;;10856.5;0.0
yf_BGS_d10;3400;ASH_COATED_OSMIUM;9901;6;9898;28;;;9907;11;9911;24;;;9904.0;0.0
yf_BGS_d10;3400;INTARIAN_PEPPER_ROOT;10854;9;10852;18;;;10860;16;10864;24;;;10857.0;0.0
yf_BGS_d10;3500;ASH_COATED_OSMIUM;9901;13;9899;8;;;9907;18;9910;11;;;9904.0;0.0
yf_BGS_d10;3500;INTARIAN_PEPPER_ROOT;10854;5;10852;17;;;10863;13;10866;19;;;10858.5;0.0
yf_BGS_d10;3600;ASH_COATED_OSMIUM;9901;18;9898;16;;;9907;19;9909;20;;;9904.0;0.0
yf_BGS_d10;3600;INTARIAN_PEPPER_ROOT;10853;13;10850;13;;;10864;21;10867;24;;;10858.5;0.0
yf_BGS_d10;3700;ASH_COATED_OSMIUM;9901;11;9897;13;;;9907;19;9910;18;;;9904.0;0.0
yf_BGS_d10;3700;INTARIAN_PEPPER_ROOT;10856;9;10853;25;;;10862;17;10865;17;;;10859.0;0.0
yf_BGS_d10;3800;ASH_COATED_OSMIUM;9901;13;9898;14;;;9907;28;9911;28;;;9904.0;0.0
yf_BGS_d10;3800;INTARIAN_PEPPER_ROOT;10857;20;10855;24;;;10863;15;10865;15;;;10860.0;0.0
yf_BGS_d10;3900;ASH_COATED_OSMIUM;9901;11;9899;9;;;9907;9;9909;20;;;9904.0;0.0
yf_BGS_d10;3900;INTARIAN_PEPPER_ROOT;10858;15;10856;18;;;10864;8;10866;18;;;10861.0;0.0
yf_BGS_d10;4000;ASH_COATED_OSMIUM;9897;5;9894;11;;;9912;17;9916;19;;;9904.5;0.0
yf_BGS_d10;4000;INTARIAN_PEPPER_ROOT;10844;13;10841;14;;;10879;14;10883;12;;;10861.5;0.0
yf_BGS_d10;4100;ASH_COATED_OSMIUM;9901;14;9898;20;;;9909;29;9912;9;;;9905.0;0.0
yf_BGS_d10;4100;INTARIAN_PEPPER_ROOT;10859;10;10855;18;;;10865;20;10868;18;;;10862.0;0.0
yf_BGS_d10;4200;ASH_COATED_OSMIUM;9901;16;9897;17;;;9907;17;9910;23;;;9904.0;0.0
yf_BGS_d10;4200;INTARIAN_PEPPER_ROOT;10861;17;10858;17;;;10867;8;10869;25;;;10864.0;0.0
yf_BGS_d10;4300;ASH_COATED_OSMIUM;9902;18;9899;20;;;9908;9;9910;30;;;9905.0;0.0
yf_BGS_d10;4300;INTARIAN_PEPPER_ROOT;10861;13;10857;26;;;10867;19;10869;20;;;10864.0;0.0
yf_BGS_d10;4400;ASH_COATED_OSMIUM;9902;13;9899;8;;;9908;14;9912;26;;;9905.0;0.0
yf_BGS_d10;4400;INTARIAN_PEPPER_ROOT;10852;11;10850;20;;;10879;7;10881;12;;;10865.5;0.0
yf_BGS_d10;4500;ASH_COATED_OSMIUM;9901;11;9899;25;;;9908;8;9912;24;;;9904.5;0.0
yf_BGS_d10;4500;INTARIAN_PEPPER_ROOT;10862;19;10860;20;;;10868;20;10871;24;;;10865.0;0.0
yf_BGS_d10;4600;ASH_COATED_OSMIUM;9902;14;9900;26;;;9908;11;9912;14;;;9905.0;0.0
yf_BGS_d10;4600;INTARIAN_PEPPER_ROOT;10863;18;10859;11;;;10869;17;10871;13;;;10866.0;0.0
yf_BGS_d10;4700;ASH_COATED_OSMIUM;9901;17;9898;27;;;9907;9;9911;12;;;9904.0;0.0
yf_BGS_d10;4700;INTARIAN_PEPPER_ROOT;10864;10;10861;21;;;10870;11;10872;29;;;10867.0;0.0
yf_BGS_d10;4800;ASH_COATED_OSMIUM;9902;19;9900;21;;;9908;9;9911;27;;;9905.0;0.0
yf_BGS_d10;4800;INTARIAN_PEPPER_ROOT;10859;9;10857;18;;;10876;10;10878;26;;;10867.5;0.0
yf_BGS_d10;4900;ASH_COATED_OSMIUM;9903;23;9900;20;;;9909;17;9911;20;;;9906.0;0.0
yf_BGS_d10;4900;INTARIAN_PEPPER_ROOT;10865;14;10862;14;;;10872;11;10875;26;;;10868.5;0.0
yf_BGS_d10;5000;ASH_COATED_OSMIUM;9903;22;9901;18;;;9909;16;9911;24;;;9906.0;0.0
yf_BGS_d10;5000;INTARIAN_PEPPER_ROOT;10866;16;10863;22;;;10872;19;10876;26;;;10869.0;0.0
yf_BGS_d10;5100;ASH_COATED_OSMIUM;9903;19;9899;25;;;9909;18;9912;25;;;9906.0;0.0
yf_BGS_d10;5100;INTARIAN_PEPPER_ROOT;10867;19;10865;27;;;10873;14;10876;24;;;10870.0;0.0
yf_BGS_d10;5200;ASH_COATED_OSMIUM;9903;12;9899;21;;;9909;19;9912;16;;;9906.0;0.0
yf_BGS_d10;5200;INTARIAN_PEPPER_ROOT;10858;11;10855;19;;;10883;19;10887;12;;;10870.5;0.0
yf_BGS_d10;5300;ASH_COATED_OSMIUM;9897;15;9895;22;;;9915;18;9919;17;;;9906.0;0.0
yf_BGS_d10;5300;INTARIAN_PEPPER_ROOT;10869;14;10865;20;;;10875;15;10877;21;;;10872.0;0.0
yf_BGS_d10;5400;ASH_COATED_OSMIUM;9903;9;9901;26;;;9909;13;9911;21;;;9906.0;0.0
yf_BGS_d10;5400;INTARIAN_PEPPER_ROOT;10868;13;10864;13;;;10874;13;10877;16;;;10871.0;0.0
yf_BGS_d10;5500;ASH_COATED_OSMIUM;9895;15;9893;27;;;9917;11;9920;18;;;9906.0;0.0
yf_BGS_d10;5500;INTARIAN_PEPPER_ROOT;10870;15;10868;25;;;10877;13;10880;20;;;10873.5;0.0
yf_BGS_d10;5600;ASH_COATED_OSMIUM;9895;18;9892;22;;;9918;19;9921;17;;;9906.5;0.0
yf_BGS_d10;5600;INTARIAN_PEPPER_ROOT;10864;21;10862;21;;;10883;16;10887;10;;;10873.5;0.0
yf_BGS_d10;5700;ASH_COATED_OSMIUM;9902;13;9900;19;;;9908;10;9912;13;;;9905.0;0.0
yf_BGS_d10;5700;INTARIAN_PEPPER_ROOT;10872;6;10870;19;;;10878;13;10881;22;;;10875.0;0.0
yf_BGS_d10;5800;ASH_COATED_OSMIUM;9904;7;9901;15;;;9910;14;9912;10;;;9907.0;0.0
yf_BGS_d10;5800;INTARIAN_PEPPER_ROOT;10869;18;10867;14;;;10881;12;10884;20;;;10875.0;0.0
yf_BGS_d10;5900;ASH_COATED_OSMIUM;9903;22;9901;20;;;9909;11;9913;15;;;9906.0;0.0
yf_BGS_d10;5900;INTARIAN_PEPPER_ROOT;10873;28;10871;13;;;10879;21;10882;16;;;10876.0;0.0
yf_BGS_d10;6000;ASH_COATED_OSMIUM;9903;14;9899;23;;;9909;15;9913;23;;;9906.0;0.0
yf_BGS_d10;6000;INTARIAN_PEPPER_ROOT;10874;11;10872;23;;;10880;18;10883;15;;;10877.0;0.0
yf_BGS_d10;6100;ASH_COATED_OSMIUM;9901;16;9899;16;;;9912;21;9914;19;;;9906.5;0.0
yf_BGS_d10;6100;INTARIAN_PEPPER_ROOT;10870;10;10866;18;;;10884;14;10888;14;;;10877.0;0.0
yf_BGS_d10;6200;ASH_COATED_OSMIUM;9903;12;9901;21;;;9909;20;9913;24;;;9906.0;0.0
yf_BGS_d10;6200;INTARIAN_PEPPER_ROOT;10872;9;10868;19;;;10884;5;10886;28;;;10878.0;0.0
yf_BGS_d10;6300;ASH_COATED_OSMIUM;9900;8;9898;23;;;9913;11;9917;14;;;9906.5;0.0
yf_BGS_d10;6300;INTARIAN_PEPPER_ROOT;10876;8;10873;17;;;10882;10;10885;22;;;10879.0;0.0
yf_BGS_d10;6400;ASH_COATED_OSMIUM;9900;11;9897;14;;;9913;11;9917;27;;;9906.5;0.0
yf_BGS_d10;6400;INTARIAN_PEPPER_ROOT;10876;19;10873;21;;;10882;6;10886;21;;;10879.0;0.0
yf_BGS_d10;6500;ASH_COATED_OSMIUM;9904;30;9902;17;;;9910;16;9914;15;;;9907.0;0.0
yf_BGS_d10;6500;INTARIAN_PEPPER_ROOT;10870;14;10868;12;;;10891;16;10895;19;;;10880.5;0.0
yf_BGS_d10;6600;ASH_COATED_OSMIUM;9904;11;9902;25;;;9910;13;9912;18;;;9907.0;0.0
yf_BGS_d10;6600;INTARIAN_PEPPER_ROOT;10878;15;10874;17;;;10884;19;10887;14;;;10881.0;0.0
yf_BGS_d10;6700;ASH_COATED_OSMIUM;9902;11;9900;27;;;9911;23;9915;21;;;9906.5;0.0
yf_BGS_d10;6700;INTARIAN_PEPPER_ROOT;10879;13;10875;20;;;10885;10;10889;17;;;10882.0;0.0
yf_BGS_d10;6800;ASH_COATED_OSMIUM;9898;26;9896;14;;;9917;18;9921;18;;;9907.5;0.0
yf_BGS_d10;6800;INTARIAN_PEPPER_ROOT;10879;17;10875;33;;;10886;22;10890;20;;;10882.5;0.0
yf_BGS_d10;6900;ASH_COATED_OSMIUM;9901;12;9897;23;;;9913;19;9917;11;;;9907.0;0.0
yf_BGS_d10;6900;INTARIAN_PEPPER_ROOT;10866;16;10862;15;;;10901;5;10905;17;;;10883.5;0.0
yf_BGS_d10;7000;ASH_COATED_OSMIUM;9902;16;9898;21;;;9913;18;9916;26;;;9907.5;0.0
yf_BGS_d10;7000;INTARIAN_PEPPER_ROOT;10881;19;10878;24;;;10887;9;10891;14;;;10884.0;0.0
yf_BGS_d10;7100;ASH_COATED_OSMIUM;9905;7;9903;22;;;9911;19;9915;12;;;9908.0;0.0
yf_BGS_d10;7100;INTARIAN_PEPPER_ROOT;10879;12;10875;14;;;10890;22;10892;11;;;10884.5;0.0
yf_BGS_d10;7200;ASH_COATED_OSMIUM;9905;9;9902;21;;;9911;15;9915;18;;;9908.0;0.0
yf_BGS_d10;7200;INTARIAN_PEPPER_ROOT;10883;15;10880;21;;;10889;19;10891;12;;;10886.0;0.0
yf_BGS_d10;7300;ASH_COATED_OSMIUM;9903;18;9901;33;;;9911;22;9915;13;;;9907.0;0.0
yf_BGS_d10;7300;INTARIAN_PEPPER_ROOT;10880;13;10878;24;;;10892;13;10896;21;;;10886.0;0.0
yf_BGS_d10;7400;ASH_COATED_OSMIUM;9904;13;9902;17;;;9910;23;9912;13;;;9907.0;0.0
yf_BGS_d10;7400;INTARIAN_PEPPER_ROOT;10884;18;10882;25;;;10890;11;10893;18;;;10887.0;0.0
yf_BGS_d10;7500;ASH_COATED_OSMIUM;9901;14;9898;23;;;9915;17;9919;17;;;9908.0;0.0
yf_BGS_d10;7500;INTARIAN_PEPPER_ROOT;10885;21;10881;22;;;10891;11;10894;12;;;10888.0;0.0
yf_BGS_d10;7600;ASH_COATED_OSMIUM;9905;13;9903;17;;;9911;18;9913;23;;;9908.0;0.0
yf_BGS_d10;7600;INTARIAN_PEPPER_ROOT;10885;14;10883;16;;;10891;12;10893;19;;;10888.0;0.0
yf_BGS_d10;7700;ASH_COATED_OSMIUM;9905;19;9901;21;;;9911;12;9913;19;;;9908.0;0.0
yf_BGS_d10;7700;INTARIAN_PEPPER_ROOT;10884;16;10882;33;;;10893;19;10895;16;;;10888.5;0.0
yf_BGS_d10;7800;ASH_COATED_OSMIUM;9905;9;9902;23;;;9911;19;9915;19;;;9908.0;0.0
yf_BGS_d10;7800;INTARIAN_PEPPER_ROOT;10887;15;10885;24;;;10893;18;10895;13;;;10890.0;0.0
yf_BGS_d10;7900;ASH_COATED_OSMIUM;9904;23;9901;13;;;9912;9;9916;20;;;9908.0;0.0
yf_BGS_d10;7900;INTARIAN_PEPPER_ROOT;10877;17;10874;19;;;10903;14;10905;20;;;10890.0;0.0
yf_BGS_d10;8000;ASH_COATED_OSMIUM;9902;15;9899;9;;;9915;22;9919;23;;;9908.5;0.0
yf_BGS_d10;8000;INTARIAN_PEPPER_ROOT;10883;12;10881;16;;;10900;17;10903;20;;;10891.5;0.0
yf_BGS_d10;8100;ASH_COATED_OSMIUM;9906;8;9904;25;;;9912;13;9916;17;;;9909.0;0.0
yf_BGS_d10;8100;INTARIAN_PEPPER_ROOT;10888;10;10884;15;;;10896;11;10898;22;;;10892.0;0.0
yf_BGS_d10;8200;ASH_COATED_OSMIUM;9905;11;9901;20;;;9911;9;9915;19;;;9908.0;0.0
yf_BGS_d10;8200;INTARIAN_PEPPER_ROOT;10881;13;10879;19;;;10905;18;10907;19;;;10893.0;0.0
yf_BGS_d10;8300;ASH_COATED_OSMIUM;9902;21;9898;19;;;9915;10;9917;22;;;9908.5;0.0
yf_BGS_d10;8300;INTARIAN_PEPPER_ROOT;10889;18;10887;20;;;10897;15;10901;18;;;10893.0;0.0
yf_BGS_d10;8400;ASH_COATED_OSMIUM;9905;18;9902;24;;;9911;6;9914;25;;;9908.0;0.0
yf_BGS_d10;8400;INTARIAN_PEPPER_ROOT;10891;12;10887;26;;;10897;13;10901;25;;;10894.0;0.0
yf_BGS_d10;8500;ASH_COATED_OSMIUM;9906;14;9903;24;;;9912;19;9914;12;;;9909.0;0.0
yf_BGS_d10;8500;INTARIAN_PEPPER_ROOT;10888;17;10886;23;;;10901;17;10904;14;;;10894.5;0.0
yf_BGS_d10;8600;ASH_COATED_OSMIUM;9906;15;9903;14;;;9912;17;9916;20;;;9909.0;0.0
yf_BGS_d10;8600;INTARIAN_PEPPER_ROOT;10892;13;10889;13;;;10900;9;10903;19;;;10896.0;0.0
yf_BGS_d10;8700;ASH_COATED_OSMIUM;9906;8;9904;22;;;9912;6;9916;24;;;9909.0;0.0
yf_BGS_d10;8700;INTARIAN_PEPPER_ROOT;10894;14;10891;20;;;10900;12;10904;17;;;10897.0;0.0
yf_BGS_d10;8800;ASH_COATED_OSMIUM;9906;20;9904;25;;;9912;13;9916;26;;;9909.0;0.0
yf_BGS_d10;8800;INTARIAN_PEPPER_ROOT;10894;19;10892;25;;;10900;16;10904;23;;;10897.0;0.0
yf_BGS_d10;8900;ASH_COATED_OSMIUM;9906;23;9902;15;;;9912;26;9914;18;;;9909.0;0.0
yf_BGS_d10;8900;INTARIAN_PEPPER_ROOT;10888;7;10885;15;;;10907;17;10911;16;;;10897.5;0.0
yf_BGS_d10;9000;ASH_COATED_OSMIUM;9904;15;9901;17;;;9916;11;9919;20;;;9910.0;0.0
yf_BGS_d10;9000;INTARIAN_PEPPER_ROOT;10895;14;10891;13;;;10903;12;10905;10;;;10899.0;0.0
yf_BGS_d10;9100;ASH_COATED_OSMIUM;9906;7;9904;19;;;9912;14;9914;15;;;9909.0;0.0
yf_BGS_d10;9100;INTARIAN_PEPPER_ROOT;10896;17;10892;20;;;10902;22;10905;17;;;10899.0;0.0
yf_BGS_d10;9200;ASH_COATED_OSMIUM;9906;11;9904;22;;;9912;22;9916;19;;;9909.0;0.0
yf_BGS_d10;9200;INTARIAN_PEPPER_ROOT;10898;18;10894;18;;;10904;15;10906;18;;;10901.0;0.0
yf_BGS_d10;9300;ASH_COATED_OSMIUM;9907;19;9905;10;;;9913;16;9915;32;;;9910.0;0.0
yf_BGS_d10;9300;INTARIAN_PEPPER_ROOT;10898;15;10895;16;;;10904;14;10906;12;;;10901.0;0.0
yf_BGS_d10;9400;ASH_COATED_OSMIUM;9905;12;9902;26;;;9914;12;9916;15;;;9909.5;0.0
yf_BGS_d10;9400;INTARIAN_PEPPER_ROOT;10899;14;10897;22;;;10905;16;10908;19;;;10902.0;0.0
yf_BGS_d10;9500;ASH_COATED_OSMIUM;9907;17;9905;17;;;9913;23;9916;18;;;9910.0;0.0
yf_BGS_d10;9500;INTARIAN_PEPPER_ROOT;10899;15;10896;30;;;10905;18;10908;25;;;10902.0;0.0
yf_BGS_d10;9600;ASH_COATED_OSMIUM;9907;13;9904;19;;;9913;13;9917;16;;;9910.0;0.0
yf_BGS_d10;9600;INTARIAN_PEPPER_ROOT;10895;10;10891;18;;;10911;14;10914;9;;;10903.0;0.0
yf_BGS_d10;9700;ASH_COATED_OSMIUM;9907;18;9904;23;;;9913;11;9917;20;;;9910.0;0.0
yf_BGS_d10;9700;INTARIAN_PEPPER_ROOT;10899;15;10897;19;;;10908;7;10912;19;;;10903.5;0.0
yf_BGS_d10;9800;ASH_COATED_OSMIUM;9900;12;9898;20;;;9920;14;9922;29;;;9910.0;0.0
yf_BGS_d10;9800;INTARIAN_PEPPER_ROOT;10900;18;10898;16;;;10909;17;10913;14;;;10904.5;0.0
yf_BGS_d10;9900;ASH_COATED_OSMIUM;9905;11;9902;24;;;9914;14;9918;15;;;9909.5;0.0
yf_BGS_d10;9900;INTARIAN_PEPPER_ROOT;10901;17;10897;9;;;10911;17;10915;20;;;10906.0;0.0
yf_BGS_d10;10000;ASH_COATED_OSMIUM;9908;7;9905;16;;;9914;17;9917;16;;;9911.0;0.0
yf_BGS_d10;10000;INTARIAN_PEPPER_ROOT;10903;7;10900;22;;;10909;15;10912;20;;;10906.0;0.0
yf_BGS_d10;10100;ASH_COATED_OSMIUM;9907;12;9904;26;;;9913;13;9915;27;;;9910.0;0.0
yf_BGS_d10;10100;INTARIAN_PEPPER_ROOT;10904;17;10902;16;;;10910;14;10914;22;;;10907.0;0.0
yf_BGS_d10;10200;ASH_COATED_OSMIUM;9907;15;9905;23;;;9915;23;9918;22;;;9911.0;0.0
yf_BGS_d10;10200;INTARIAN_PEPPER_ROOT;10905;13;10902;13;;;10911;12;10915;17;;;10908.0;0.0
yf_BGS_d10;10300;ASH_COATED_OSMIUM;9907;17;9903;32;;;9915;7;9917;21;;;9911.0;0.0
yf_BGS_d10;10300;INTARIAN_PEPPER_ROOT;10904;13;10902;18;;;10912;18;10916;15;;;10908.0;0.0
yf_BGS_d10;10400;ASH_COATED_OSMIUM;9908;9;9906;17;;;9914;7;9916;21;;;9911.0;0.0
yf_BGS_d10;10400;INTARIAN_PEPPER_ROOT;10899;8;10897;24;;;10918;15;10921;26;;;10908.5;0.0
yf_BGS_d10;10500;ASH_COATED_OSMIUM;9908;8;9905;17;;;9914;15;9917;16;;;9911.0;0.0
yf_BGS_d10;10500;INTARIAN_PEPPER_ROOT;10907;25;10903;21;;;10913;19;10916;18;;;10910.0;0.0
yf_BGS_d10;10600;ASH_COATED_OSMIUM;9908;8;9905;18;;;9914;19;9918;11;;;9911.0;0.0
yf_BGS_d10;10600;INTARIAN_PEPPER_ROOT;10908;5;10906;10;;;10914;10;10916;25;;;10911.0;0.0
yf_BGS_d10;10700;ASH_COATED_OSMIUM;9905;14;9902;12;;;9918;12;9920;12;;;9911.5;0.0
yf_BGS_d10;10700;INTARIAN_PEPPER_ROOT;10901;21;10899;18;;;10922;13;10926;27;;;10911.5;0.0
yf_BGS_d10;10800;ASH_COATED_OSMIUM;9905;9;9901;18;;;9916;13;9920;21;;;9910.5;0.0
yf_BGS_d10;10800;INTARIAN_PEPPER_ROOT;10909;19;10906;17;;;10915;25;10917;18;;;10912.0;0.0
yf_BGS_d10;10900;ASH_COATED_OSMIUM;9909;18;9906;24;;;9915;11;9919;17;;;9912.0;0.0
yf_BGS_d10;10900;INTARIAN_PEPPER_ROOT;10910;17;10906;19;;;10916;10;10919;15;;;10913.0;0.0
yf_BGS_d10;11000;ASH_COATED_OSMIUM;9906;16;9902;15;;;9916;16;9919;24;;;9911.0;0.0
yf_BGS_d10;11000;INTARIAN_PEPPER_ROOT;10911;13;10907;18;;;10917;18;10921;16;;;10914.0;0.0
yf_BGS_d10;11100;ASH_COATED_OSMIUM;9908;12;9905;19;;;9914;16;9916;22;;;9911.0;0.0
yf_BGS_d10;11100;INTARIAN_PEPPER_ROOT;10911;20;10908;9;;;10917;20;10920;21;;;10914.0;0.0
yf_BGS_d10;11200;ASH_COATED_OSMIUM;9909;26;9907;22;;;9915;18;9918;29;;;9912.0;0.0
yf_BGS_d10;11200;INTARIAN_PEPPER_ROOT;10908;18;10905;18;;;10922;12;10926;24;;;10915.0;0.0
yf_BGS_d10;11300;ASH_COATED_OSMIUM;9895;12;9891;20;;;9929;14;9931;25;;;9912.0;0.0
yf_BGS_d10;11300;INTARIAN_PEPPER_ROOT;10906;10;10904;23;;;10926;19;10929;17;;;10916.0;0.0
yf_BGS_d10;11400;ASH_COATED_OSMIUM;9908;16;9904;12;;;9916;9;9920;20;;;9912.0;0.0
yf_BGS_d10;11400;INTARIAN_PEPPER_ROOT;10902;13;10899;26;;;10930;22;10933;14;;;10916.0;0.0
yf_BGS_d10;11500;ASH_COATED_OSMIUM;9909;18;9905;21;;;9915;12;9919;28;;;9912.0;0.0
yf_BGS_d10;11500;INTARIAN_PEPPER_ROOT;10909;9;10905;19;;;10926;10;10929;10;;;10917.5;0.0
yf_BGS_d10;11600;ASH_COATED_OSMIUM;9906;21;9904;20;;;9918;16;9922;21;;;9912.0;0.0
yf_BGS_d10;11600;INTARIAN_PEPPER_ROOT;10901;12;10898;19;;;10934;10;10938;17;;;10917.5;0.0
yf_BGS_d10;11700;ASH_COATED_OSMIUM;9909;20;9905;23;;;9915;19;9919;20;;;9912.0;0.0
yf_BGS_d10;11700;INTARIAN_PEPPER_ROOT;10910;10;10907;14;;;10926;11;10929;13;;;10918.0;0.0
yf_BGS_d10;11800;ASH_COATED_OSMIUM;9905;12;9902;19;;;9919;14;9923;21;;;9912.0;0.0
yf_BGS_d10;11800;INTARIAN_PEPPER_ROOT;10917;16;10915;23;;;10923;10;10927;21;;;10920.0;0.0
yf_BGS_d10;11900;ASH_COATED_OSMIUM;9909;9;9907;19;;;9915;6;9918;16;;;9912.0;0.0
yf_BGS_d10;11900;INTARIAN_PEPPER_ROOT;10917;20;10914;14;;;10923;12;10926;14;;;10920.0;0.0
yf_BGS_d10;12000;ASH_COATED_OSMIUM;9909;7;9905;21;;;9915;24;9919;8;;;9912.0;0.0
yf_BGS_d10;12000;INTARIAN_PEPPER_ROOT;10918;5;10915;26;;;10924;12;10926;21;;;10921.0;0.0
yf_BGS_d10;12100;ASH_COATED_OSMIUM;9908;12;9905;18;;;9914;12;9917;20;;;9911.0;0.0
yf_BGS_d10;12100;INTARIAN_PEPPER_ROOT;10910;17;10907;22;;;10933;5;10935;16;;;10921.5;0.0
yf_BGS_d10;12200;ASH_COATED_OSMIUM;9909;6;9907;25;;;9915;9;9919;21;;;9912.0;0.0
yf_BGS_d10;12200;INTARIAN_PEPPER_ROOT;10918;18;10915;16;;;10926;25;10930;16;;;10922.0;0.0
yf_BGS_d10;12300;ASH_COATED_OSMIUM;9910;15;9908;14;;;9916;15;9920;23;;;9913.0;0.0
yf_BGS_d10;12300;INTARIAN_PEPPER_ROOT;10920;20;10916;26;;;10927;16;10929;25;;;10923.5;0.0
yf_BGS_d10;12400;ASH_COATED_OSMIUM;9906;17;9902;18;;;9918;10;9921;16;;;9912.0;0.0
yf_BGS_d10;12400;INTARIAN_PEPPER_ROOT;10919;19;10915;19;;;10929;5;10933;12;;;10924.0;0.0
yf_BGS_d10;12500;ASH_COATED_OSMIUM;9901;11;9899;28;;;9926;11;9929;21;;;9913.5;0.0
yf_BGS_d10;12500;INTARIAN_PEPPER_ROOT;10914;14;10912;16;;;10935;16;10938;28;;;10924.5;0.0
yf_BGS_d10;12600;ASH_COATED_OSMIUM;9909;20;9905;23;;;9916;15;9920;12;;;9912.5;0.0
yf_BGS_d10;12600;INTARIAN_PEPPER_ROOT;10922;19;10919;24;;;10928;14;10930;11;;;10925.0;0.0
yf_BGS_d10;12700;ASH_COATED_OSMIUM;9907;13;9903;21;;;9920;18;9924;26;;;9913.5;0.0
yf_BGS_d10;12700;INTARIAN_PEPPER_ROOT;10923;14;10921;21;;;10929;19;10933;22;;;10926.0;0.0
yf_BGS_d10;12800;ASH_COATED_OSMIUM;9909;15;9906;23;;;9917;16;9921;23;;;9913.0;0.0
yf_BGS_d10;12800;INTARIAN_PEPPER_ROOT;10924;16;10921;22;;;10930;5;10932;17;;;10927.0;0.0
yf_BGS_d10;12900;ASH_COATED_OSMIUM;9910;16;9907;27;;;9917;18;9921;19;;;9913.5;0.0
yf_BGS_d10;12900;INTARIAN_PEPPER_ROOT;10925;20;10923;24;;;10931;16;10935;21;;;10928.0;0.0
yf_BGS_d10;13000;ASH_COATED_OSMIUM;9910;17;9906;14;;;9916;13;9918;25;;;9913.0;0.0
yf_BGS_d10;13000;INTARIAN_PEPPER_ROOT;10925;9;10922;22;;;10931;19;10934;20;;;10928.0;0.0
yf_BGS_d10;13100;ASH_COATED_OSMIUM;9891;12;9887;15;;;9937;25;9939;14;;;9914.0;0.0
yf_BGS_d10;13100;INTARIAN_PEPPER_ROOT;10926;14;10924;12;;;10932;14;10935;16;;;10929.0;0.0
yf_BGS_d10;13200;ASH_COATED_OSMIUM;9894;21;9891;24;;;9934;27;9938;24;;;9914.0;0.0
yf_BGS_d10;13200;INTARIAN_PEPPER_ROOT;10925;10;10922;15;;;10933;25;10935;17;;;10929.0;0.0
yf_BGS_d10;13300;ASH_COATED_OSMIUM;9910;11;9907;20;;;9916;10;9918;9;;;9913.0;0.0
yf_BGS_d10;13300;INTARIAN_PEPPER_ROOT;10927;17;10924;19;;;10933;19;10936;21;;;10930.0;0.0
yf_BGS_d10;13400;ASH_COATED_OSMIUM;9911;5;9908;31;;;9917;15;9920;21;;;9914.0;0.0
yf_BGS_d10;13400;INTARIAN_PEPPER_ROOT;10925;12;10921;22;;;10938;24;10940;28;;;10931.5;0.0
yf_BGS_d10;13500;ASH_COATED_OSMIUM;9911;17;9909;13;;;9917;16;9921;10;;;9914.0;0.0
yf_BGS_d10;13500;INTARIAN_PEPPER_ROOT;10928;17;10925;23;;;10936;11;10938;24;;;10932.0;0.0
yf_BGS_d10;13600;ASH_COATED_OSMIUM;9905;11;9901;17;;;9923;16;9926;23;;;9914.0;0.0
yf_BGS_d10;13600;INTARIAN_PEPPER_ROOT;10930;12;10927;21;;;10936;5;10939;24;;;10933.0;0.0
yf_BGS_d10;13700;ASH_COATED_OSMIUM;9911;16;9908;18;;;9917;8;9921;8;;;9914.0;0.0
yf_BGS_d10;13700;INTARIAN_PEPPER_ROOT;10930;14;10927;27;;;10936;9;10939;14;;;10933.0;0.0
yf_BGS_d10;13800;ASH_COATED_OSMIUM;9909;20;9905;24;;;9919;13;9923;8;;;9914.0;0.0
yf_BGS_d10;13800;INTARIAN_PEPPER_ROOT;10923;7;10921;26;;;10945;20;10947;24;;;10934.0;0.0
yf_BGS_d10;13900;ASH_COATED_OSMIUM;9911;8;9907;14;;;9917;5;9921;15;;;9914.0;0.0
yf_BGS_d10;13900;INTARIAN_PEPPER_ROOT;10928;17;10926;9;;;10940;16;10942;20;;;10934.0;0.0
yf_BGS_d10;14000;ASH_COATED_OSMIUM;9911;5;9909;19;;;9917;16;9919;24;;;9914.0;0.0
yf_BGS_d10;14000;INTARIAN_PEPPER_ROOT;10922;5;10919;22;;;10948;15;10950;22;;;10935.0;0.0
yf_BGS_d10;14100;ASH_COATED_OSMIUM;9900;12;9896;23;;;9928;15;9930;20;;;9914.0;0.0
yf_BGS_d10;14100;INTARIAN_PEPPER_ROOT;10928;16;10925;8;;;10946;29;10949;14;;;10937.0;0.0
yf_BGS_d10;14200;ASH_COATED_OSMIUM;9909;8;9907;17;;;9920;10;9924;28;;;9914.5;0.0
yf_BGS_d10;14200;INTARIAN_PEPPER_ROOT;10934;14;10932;21;;;10940;15;10942;8;;;10937.0;0.0
yf_BGS_d10;14300;ASH_COATED_OSMIUM;9910;20;9906;19;;;9918;7;9920;17;;;9914.0;0.0
yf_BGS_d10;14300;INTARIAN_PEPPER_ROOT;10935;17;10932;21;;;10941;19;10945;14;;;10938.0;0.0
yf_BGS_d10;14400;ASH_COATED_OSMIUM;9911;13;9909;16;;;9917;20;9921;17;;;9914.0;0.0
yf_BGS_d10;14400;INTARIAN_PEPPER_ROOT;10936;11;10932;9;;;10942;13;10946;16;;;10939.0;0.0
yf_BGS_d10;14500;ASH_COATED_OSMIUM;9908;23;9904;19;;;9921;15;9924;19;;;9914.5;0.0
yf_BGS_d10;14500;INTARIAN_PEPPER_ROOT;10937;13;10933;18;;;10943;21;10947;21;;;10940.0;0.0
yf_BGS_d10;14600;ASH_COATED_OSMIUM;9911;20;9908;18;;;9919;9;9923;20;;;9915.0;0.0
yf_BGS_d10;14600;INTARIAN_PEPPER_ROOT;10937;16;10935;31;;;10943;6;10947;8;;;10940.0;0.0
yf_BGS_d10;14700;ASH_COATED_OSMIUM;9912;22;9910;21;;;9918;8;9922;16;;;9915.0;0.0
yf_BGS_d10;14700;INTARIAN_PEPPER_ROOT;10938;15;10935;23;;;10944;10;10947;22;;;10941.0;0.0
yf_BGS_d10;14800;ASH_COATED_OSMIUM;9913;16;9909;25;;;9919;22;9922;9;;;9916.0;0.0
yf_BGS_d10;14800;INTARIAN_PEPPER_ROOT;10938;7;10935;22;;;10944;7;10946;15;;;10941.0;0.0
yf_BGS_d10;14900;ASH_COATED_OSMIUM;9912;15;9910;22;;;9918;16;9920;23;;;9915.0;0.0
yf_BGS_d10;14900;INTARIAN_PEPPER_ROOT;10933;8;10930;23;;;10951;14;10953;17;;;10942.0;0.0
yf_BGS_d10;15000;ASH_COATED_OSMIUM;9902;13;9900;19;;;9927;18;9930;24;;;9914.5;0.0
yf_BGS_d10;15000;INTARIAN_PEPPER_ROOT;10925;16;10923;27;;;10961;11;10963;26;;;10943.0;0.0
yf_BGS_d10;15100;ASH_COATED_OSMIUM;9912;22;9910;23;;;9918;14;9920;21;;;9915.0;0.0
yf_BGS_d10;15100;INTARIAN_PEPPER_ROOT;10941;22;10939;18;;;10947;16;10949;20;;;10944.0;0.0
yf_BGS_d10;15200;ASH_COATED_OSMIUM;9912;12;9908;16;;;9919;29;9923;19;;;9915.5;0.0
yf_BGS_d10;15200;INTARIAN_PEPPER_ROOT;10941;19;10939;23;;;10947;11;10950;27;;;10944.0;0.0
yf_BGS_d10;15300;ASH_COATED_OSMIUM;9913;18;9909;15;;;9919;20;9921;24;;;9916.0;0.0
yf_BGS_d10;15300;INTARIAN_PEPPER_ROOT;10940;15;10936;22;;;10952;11;10956;16;;;10946.0;0.0
yf_BGS_d10;15400;ASH_COATED_OSMIUM;9911;17;9908;21;;;9919;21;9923;29;;;9915.0;0.0
yf_BGS_d10;15400;INTARIAN_PEPPER_ROOT;10943;17;10939;16;;;10949;18;10951;31;;;10946.0;0.0
yf_BGS_d10;15500;ASH_COATED_OSMIUM;9910;13;9906;25;;;9922;15;9924;21;;;9916.0;0.0
yf_BGS_d10;15500;INTARIAN_PEPPER_ROOT;10944;5;10942;14;;;10950;17;10953;25;;;10947.0;0.0
yf_BGS_d10;15600;ASH_COATED_OSMIUM;9913;12;9910;21;;;9919;19;9922;22;;;9916.0;0.0
yf_BGS_d10;15600;INTARIAN_PEPPER_ROOT;10944;16;10942;17;;;10950;6;10954;14;;;10947.0;0.0
yf_BGS_d10;15700;ASH_COATED_OSMIUM;9913;19;9910;19;;;9919;15;9921;17;;;9916.0;0.0
yf_BGS_d10;15700;INTARIAN_PEPPER_ROOT;10944;5;10940;21;;;10950;14;10952;15;;;10947.0;0.0
yf_BGS_d10;15800;ASH_COATED_OSMIUM;9913;8;9911;13;;;9920;9;9923;21;;;9916.5;0.0
yf_BGS_d10;15800;INTARIAN_PEPPER_ROOT;10946;11;10944;22;;;10952;18;10955;15;;;10949.0;0.0
yf_BGS_d10;15900;ASH_COATED_OSMIUM;9913;13;9909;20;;;9919;16;9923;13;;;9916.0;0.0
yf_BGS_d10;15900;INTARIAN_PEPPER_ROOT;10944;18;10941;18;;;10955;18;10958;26;;;10949.5;0.0
yf_BGS_d10;16000;ASH_COATED_OSMIUM;9894;14;9891;14;;;9937;23;9941;15;;;9915.5;0.0
yf_BGS_d10;16000;INTARIAN_PEPPER_ROOT;10943;13;10939;32;;;10957;11;10961;15;;;10950.0;0.0
yf_BGS_d10;16100;ASH_COATED_OSMIUM;9909;11;9906;17;;;9924;11;9928;22;;;9916.5;0.0
yf_BGS_d10;16100;INTARIAN_PEPPER_ROOT;10948;15;10945;20;;;10954;8;10958;21;;;10951.0;0.0
yf_BGS_d10;16200;ASH_COATED_OSMIUM;9912;12;9909;22;;;9920;17;9923;15;;;9916.0;0.0
yf_BGS_d10;16200;INTARIAN_PEPPER_ROOT;10948;19;10946;21;;;10954;17;10956;21;;;10951.0;0.0
yf_BGS_d10;16300;ASH_COATED_OSMIUM;9900;9;9896;16;;;9933;12;9937;13;;;9916.5;0.0
yf_BGS_d10;16300;INTARIAN_PEPPER_ROOT;10941;20;10938;13;;;10963;16;10967;21;;;10952.0;0.0
yf_BGS_d10;16400;ASH_COATED_OSMIUM;9911;10;9907;17;;;9922;12;9924;25;;;9916.5;0.0
yf_BGS_d10;16400;INTARIAN_PEPPER_ROOT;10949;15;10947;19;;;10957;20;10960;21;;;10953.0;0.0
yf_BGS_d10;16500;ASH_COATED_OSMIUM;9913;21;9911;8;;;9919;21;9923;20;;;9916.0;0.0
yf_BGS_d10;16500;INTARIAN_PEPPER_ROOT;10951;10;10948;17;;;10957;16;10959;17;;;10954.0;0.0
yf_BGS_d10;16600;ASH_COATED_OSMIUM;9914;11;9910;15;;;9920;13;9924;14;;;9917.0;0.0
yf_BGS_d10;16600;INTARIAN_PEPPER_ROOT;10952;18;10948;17;;;10958;16;10962;12;;;10955.0;0.0
yf_BGS_d10;16700;ASH_COATED_OSMIUM;9912;9;9909;15;;;9921;20;9925;21;;;9916.5;0.0
yf_BGS_d10;16700;INTARIAN_PEPPER_ROOT;10952;6;10950;35;;;10958;22;10961;23;;;10955.0;0.0
yf_BGS_d10;16800;ASH_COATED_OSMIUM;9914;12;9912;33;;;9920;13;9924;13;;;9917.0;0.0
yf_BGS_d10;16800;INTARIAN_PEPPER_ROOT;10953;19;10951;21;;;10959;5;10962;13;;;10956.0;0.0
yf_BGS_d10;16900;ASH_COATED_OSMIUM;9914;12;9912;14;;;9920;11;9923;20;;;9917.0;0.0
yf_BGS_d10;16900;INTARIAN_PEPPER_ROOT;10952;25;10950;23;;;10961;10;10964;19;;;10956.5;0.0
yf_BGS_d10;17000;ASH_COATED_OSMIUM;9906;10;9904;19;;;9928;18;9930;11;;;9917.0;0.0
yf_BGS_d10;17000;INTARIAN_PEPPER_ROOT;10956;14;10952;27;;;10963;13;10966;14;;;10959.5;0.0
yf_BGS_d10;17100;ASH_COATED_OSMIUM;9914;21;9910;10;;;9920;14;9923;20;;;9917.0;0.0
yf_BGS_d10;17100;INTARIAN_PEPPER_ROOT;10961;13;10957;33;;;10969;15;10973;21;;;10965.0;0.0
yf_BGS_d10;17200;ASH_COATED_OSMIUM;9908;12;9905;16;;;9927;21;9929;25;;;9917.5;0.0
yf_BGS_d10;17200;INTARIAN_PEPPER_ROOT;10967;18;10965;22;;;10973;17;10976;13;;;10970.0;0.0
yf_BGS_d10;17300;ASH_COATED_OSMIUM;9915;8;9913;23;;;9921;18;9925;17;;;9918.0;0.0
yf_BGS_d10;17300;INTARIAN_PEPPER_ROOT;10973;14;10971;28;;;10979;11;10983;23;;;10976.0;0.0
yf_BGS_d10;17400;ASH_COATED_OSMIUM;9912;14;9908;16;;;9921;10;9923;25;;;9916.5;0.0
yf_BGS_d10;17400;INTARIAN_PEPPER_ROOT;10976;15;10974;21;;;10985;12;10988;23;;;10980.5;0.0
yf_BGS_d10;17500;ASH_COATED_OSMIUM;9914;17;9911;15;;;9920;8;9923;21;;;9917.0;0.0
yf_BGS_d10;17500;INTARIAN_PEPPER_ROOT;10978;23;10975;21;;;10993;19;10997;23;;;10985.5;0.0
yf_BGS_d10;17600;ASH_COATED_OSMIUM;9914;22;9911;18;;;9920;12;9922;21;;;9917.0;0.0
yf_BGS_d10;17600;INTARIAN_PEPPER_ROOT;10988;5;10984;19;;;10994;19;10997;10;;;10991.0;0.0
yf_BGS_d10;17700;ASH_COATED_OSMIUM;9913;7;9911;14;;;9921;14;9923;15;;;9917.0;0.0
yf_BGS_d10;17700;INTARIAN_PEPPER_ROOT;10993;12;10989;23;;;10999;10;11002;18;;;10996.0;0.0
yf_BGS_d10;17800;ASH_COATED_OSMIUM;9915;13;9911;20;;;9921;15;9925;22;;;9918.0;0.0
yf_BGS_d10;17800;INTARIAN_PEPPER_ROOT;10991;25;10989;12;;;11013;13;11017;15;;;11002.0;0.0
yf_BGS_d10;17900;ASH_COATED_OSMIUM;9915;12;9911;13;;;9921;19;9924;26;;;9918.0;0.0
yf_BGS_d10;17900;INTARIAN_PEPPER_ROOT;10997;18;10993;8;;;11016;13;11019;23;;;11006.5;0.0
yf_BGS_d10;18000;ASH_COATED_OSMIUM;9915;12;9912;20;;;9921;20;9923;24;;;9918.0;0.0
yf_BGS_d10;18000;INTARIAN_PEPPER_ROOT;11005;18;11003;28;;;11018;15;11022;31;;;11011.5;0.0
yf_BGS_d10;18100;ASH_COATED_OSMIUM;9915;9;9912;18;;;9921;16;9923;20;;;9918.0;0.0
yf_BGS_d10;18100;INTARIAN_PEPPER_ROOT;11014;14;11010;19;;;11020;22;11024;19;;;11017.0;0.0
yf_BGS_d10;18200;ASH_COATED_OSMIUM;9915;17;9913;24;;;9921;11;9925;22;;;9918.0;0.0
yf_BGS_d10;18200;INTARIAN_PEPPER_ROOT;11019;17;11017;16;;;11025;10;11028;19;;;11022.0;0.0
yf_BGS_d10;18300;ASH_COATED_OSMIUM;9914;16;9910;19;;;9921;9;9923;25;;;9917.5;0.0
yf_BGS_d10;18300;INTARIAN_PEPPER_ROOT;11024;17;11022;14;;;11030;16;11032;20;;;11027.0;0.0
yf_BGS_d10;18400;ASH_COATED_OSMIUM;9915;19;9912;21;;;9921;13;9925;14;;;9918.0;0.0
yf_BGS_d10;18400;INTARIAN_PEPPER_ROOT;11027;7;11025;13;;;11039;5;11042;19;;;11033.0;0.0
yf_BGS_d10;18500;ASH_COATED_OSMIUM;9915;18;9912;10;;;9921;15;9924;25;;;9918.0;0.0
yf_BGS_d10;18500;INTARIAN_PEPPER_ROOT;11034;12;11031;17;;;11040;19;11043;17;;;11037.0;0.0
yf_BGS_d10;18600;ASH_COATED_OSMIUM;9914;9;9910;17;;;9922;11;9925;25;;;9918.0;0.0
yf_BGS_d10;18600;INTARIAN_PEPPER_ROOT;11030;9;11028;19;;;11056;5;11060;14;;;11043.0;0.0
yf_BGS_d10;18700;ASH_COATED_OSMIUM;9916;7;9913;18;;;9922;11;9925;29;;;9919.0;0.0
yf_BGS_d10;18700;INTARIAN_PEPPER_ROOT;11045;7;11042;23;;;11051;12;11055;15;;;11048.0;0.0
yf_BGS_d10;18800;ASH_COATED_OSMIUM;9915;15;9911;25;;;9921;21;9923;15;;;9918.0;0.0
yf_BGS_d10;18800;INTARIAN_PEPPER_ROOT;11050;11;11046;23;;;11056;14;11060;22;;;11053.0;0.0
yf_BGS_d10;18900;ASH_COATED_OSMIUM;9911;13;9907;14;;;9926;9;9929;29;;;9918.5;0.0
yf_BGS_d10;18900;INTARIAN_PEPPER_ROOT;11055;8;11053;22;;;11061;16;11063;23;;;11058.0;0.0
yf_BGS_d10;19000;ASH_COATED_OSMIUM;9911;29;9909;22;;;9927;11;9930;15;;;9919.0;0.0
yf_BGS_d10;19000;INTARIAN_PEPPER_ROOT;11059;24;11055;24;;;11067;11;11069;19;;;11063.0;0.0
yf_BGS_d10;19100;ASH_COATED_OSMIUM;9915;20;9913;9;;;9922;12;9926;19;;;9918.5;0.0
yf_BGS_d10;19100;INTARIAN_PEPPER_ROOT;11062;13;11059;26;;;11074;5;11078;21;;;11068.0;0.0
yf_BGS_d10;19200;ASH_COATED_OSMIUM;9916;13;9913;20;;;9922;12;9925;17;;;9919.0;0.0
yf_BGS_d10;19200;INTARIAN_PEPPER_ROOT;11071;22;11069;24;;;11077;16;11079;17;;;11074.0;0.0
yf_BGS_d10;19300;ASH_COATED_OSMIUM;9916;7;9914;25;;;9922;18;9925;21;;;9919.0;0.0
yf_BGS_d10;19300;INTARIAN_PEPPER_ROOT;11073;17;11069;14;;;11084;17;11088;17;;;11078.5;0.0
yf_BGS_d10;19400;ASH_COATED_OSMIUM;9910;16;9906;19;;;9928;22;9932;28;;;9919.0;0.0
yf_BGS_d10;19400;INTARIAN_PEPPER_ROOT;11080;11;11078;15;;;11088;22;11091;17;;;11084.0;0.0
yf_BGS_d10;19500;ASH_COATED_OSMIUM;9916;17;9913;16;;;9922;20;9925;19;;;9919.0;0.0
yf_BGS_d10;19500;INTARIAN_PEPPER_ROOT;11078;9;11074;22;;;11100;18;11103;19;;;11089.0;0.0
yf_BGS_d10;19600;ASH_COATED_OSMIUM;9916;21;9914;26;;;9922;17;9925;22;;;9919.0;0.0
yf_BGS_d10;19600;INTARIAN_PEPPER_ROOT;11092;25;11088;28;;;11098;17;11102;29;;;11095.0;0.0
yf_BGS_d10;19700;ASH_COATED_OSMIUM;9916;16;9912;20;;;9922;15;9924;25;;;9919.0;0.0
yf_BGS_d10;19700;INTARIAN_PEPPER_ROOT;11092;13;11089;18;;;11107;12;11109;25;;;11099.5;0.0
yf_BGS_d10;19800;ASH_COATED_OSMIUM;9917;12;9914;17;;;9923;14;9926;19;;;9920.0;0.0
yf_BGS_d10;19800;INTARIAN_PEPPER_ROOT;11102;16;11098;22;;;11108;15;11111;26;;;11105.0;0.0
yf_BGS_d10;19900;ASH_COATED_OSMIUM;9916;21;9912;16;;;9922;12;9926;19;;;9919.0;0.0
yf_BGS_d10;19900;INTARIAN_PEPPER_ROOT;11105;15;11101;22;;;11114;14;11116;15;;;11109.5;0.0
yf_BGS_d10;20000;ASH_COATED_OSMIUM;9916;9;9912;22;;;9922;17;9925;11;;;9919.0;0.0
yf_BGS_d10;20000;INTARIAN_PEPPER_ROOT;11112;11;11110;21;;;11118;12;11121;18;;;11115.0;0.0
yf_BGS_d10;20100;ASH_COATED_OSMIUM;9916;16;9913;23;;;9922;10;9925;14;;;9919.0;0.0
yf_BGS_d10;20100;INTARIAN_PEPPER_ROOT;11107;18;11104;25;;;11134;8;11136;19;;;11120.5;0.0
yf_BGS_d10;20200;ASH_COATED_OSMIUM;9916;10;9912;8;;;9922;15;9926;18;;;9919.0;0.0
yf_BGS_d10;20200;INTARIAN_PEPPER_ROOT;11119;12;11115;18;;;11132;19;11136;19;;;11125.5;0.0
yf_BGS_d10;20300;ASH_COATED_OSMIUM;9917;14;9914;16;;;9923;18;9927;13;;;9920.0;0.0
yf_BGS_d10;20300;INTARIAN_PEPPER_ROOT;11128;8;11126;20;;;11134;16;11136;20;;;11131.0;0.0
yf_BGS_d10;20400;ASH_COATED_OSMIUM;9916;9;9914;23;;;9922;11;9926;12;;;9919.0;0.0
yf_BGS_d10;20400;INTARIAN_PEPPER_ROOT;11128;8;11124;14;;;11143;14;11147;16;;;11135.5;0.0
yf_BGS_d10;20500;ASH_COATED_OSMIUM;9916;12;9914;16;;;9924;18;9926;29;;;9920.0;0.0
yf_BGS_d10;20500;INTARIAN_PEPPER_ROOT;11138;6;11135;21;;;11144;21;11148;15;;;11141.0;0.0
yf_BGS_d10;20600;ASH_COATED_OSMIUM;9916;14;9912;31;;;9922;24;9926;17;;;9919.0;0.0
yf_BGS_d10;20600;INTARIAN_PEPPER_ROOT;11142;11;11139;27;;;11150;12;11154;32;;;11146.0;0.0
yf_BGS_d10;20700;ASH_COATED_OSMIUM;9917;20;9914;18;;;9923;14;9926;16;;;9920.0;0.0
yf_BGS_d10;20700;INTARIAN_PEPPER_ROOT;11145;14;11142;29;;;11156;18;11158;22;;;11150.5;0.0
yf_BGS_d10;20800;ASH_COATED_OSMIUM;9917;20;9913;21;;;9923;17;9927;23;;;9920.0;0.0
yf_BGS_d10;20800;INTARIAN_PEPPER_ROOT;11152;18;11150;16;;;11160;16;11163;16;;;11156.0;0.0
yf_BGS_d10;20900;ASH_COATED_OSMIUM;9917;8;9915;11;;;9923;22;9926;15;;;9920.0;0.0
yf_BGS_d10;20900;INTARIAN_PEPPER_ROOT;11158;10;11156;21;;;11164;25;11166;11;;;11161.0;0.0
yf_BGS_d10;21000;ASH_COATED_OSMIUM;9916;18;9912;20;;;9924;15;9926;19;;;9920.0;0.0
yf_BGS_d10;21000;INTARIAN_PEPPER_ROOT;11163;13;11159;30;;;11169;17;11171;14;;;11166.0;0.0
yf_BGS_d10;21100;ASH_COATED_OSMIUM;9917;8;9915;25;;;9923;12;9926;26;;;9920.0;0.0
yf_BGS_d10;21100;INTARIAN_PEPPER_ROOT;11168;16;11165;20;;;11176;18;11179;24;;;11172.0;0.0
yf_BGS_d10;21200;ASH_COATED_OSMIUM;9917;10;9915;14;;;9923;16;9925;22;;;9920.0;0.0
yf_BGS_d10;21200;INTARIAN_PEPPER_ROOT;11172;9;11169;19;;;11182;14;11184;17;;;11177.0;0.0
yf_BGS_d10;21300;ASH_COATED_OSMIUM;9917;6;9914;22;;;9923;14;9926;19;;;9920.0;0.0
yf_BGS_d10;21300;INTARIAN_PEPPER_ROOT;11179;20;11177;19;;;11185;19;11188;18;;;11182.0;0.0
yf_BGS_d10;21400;ASH_COATED_OSMIUM;9912;15;9910;17;;;9929;13;9932;20;;;9920.5;0.0
yf_BGS_d10;21400;INTARIAN_PEPPER_ROOT;11184;17;11180;20;;;11192;12;11194;20;;;11188.0;0.0
yf_BGS_d10;21500;ASH_COATED_OSMIUM;9917;6;9914;13;;;9923;8;9927;11;;;9920.0;0.0
yf_BGS_d10;21500;INTARIAN_PEPPER_ROOT;11189;13;11185;17;;;11195;18;11199;21;;;11192.0;0.0
yf_BGS_d10;21600;ASH_COATED_OSMIUM;9917;17;9915;17;;;9923;8;9927;21;;;9920.0;0.0
yf_BGS_d10;21600;INTARIAN_PEPPER_ROOT;11193;18;11189;23;;;11202;20;11204;24;;;11197.5;0.0
yf_BGS_d10;21700;ASH_COATED_OSMIUM;9917;10;9915;27;;;9923;15;9925;20;;;9920.0;0.0
yf_BGS_d10;21700;INTARIAN_PEPPER_ROOT;11197;7;11193;14;;;11208;10;11211;18;;;11202.5;0.0
yf_BGS_d10;21800;ASH_COATED_OSMIUM;9917;15;9913;24;;;9924;25;9927;16;;;9920.5;0.0
yf_BGS_d10;21800;INTARIAN_PEPPER_ROOT;11205;15;11201;23;;;11211;8;11214;22;;;11208.0;0.0
yf_BGS_d10;21900;ASH_COATED_OSMIUM;9913;6;9910;21;;;9929;15;9933;15;;;9921.0;0.0
yf_BGS_d10;21900;INTARIAN_PEPPER_ROOT;11210;15;11207;28;;;11216;20;11218;14;;;11213.0;0.0
yf_BGS_d10;22000;ASH_COATED_OSMIUM;9918;13;9916;25;;;9924;11;9928;16;;;9921.0;0.0
yf_BGS_d10;22000;INTARIAN_PEPPER_ROOT;11214;19;11210;20;;;11222;18;11225;25;;;11218.0;0.0
yf_BGS_d10;22100;ASH_COATED_OSMIUM;9917;20;9915;19;;;9924;6;9928;14;;;9920.5;0.0
yf_BGS_d10;22100;INTARIAN_PEPPER_ROOT;11220;14;11216;13;;;11226;5;11228;27;;;11223.0;0.0
yf_BGS_d10;22200;ASH_COATED_OSMIUM;9918;20;9914;20;;;9924;9;9928;15;;;9921.0;0.0
yf_BGS_d10;22200;INTARIAN_PEPPER_ROOT;11226;17;11222;12;;;11232;18;11235;13;;;11229.0;0.0
yf_BGS_d10;22300;ASH_COATED_OSMIUM;9918;16;9915;16;;;9924;12;9928;15;;;9921.0;0.0
yf_BGS_d10;22300;INTARIAN_PEPPER_ROOT;11226;19;11223;14;;;11242;18;11244;22;;;11234.0;0.0
yf_BGS_d10;22400;ASH_COATED_OSMIUM;9914;25;9911;20;;;9927;15;9930;22;;;9920.5;0.0
yf_BGS_d10;22400;INTARIAN_PEPPER_ROOT;11236;15;11232;24;;;11242;11;11245;16;;;11239.0;0.0
yf_BGS_d10;22500;ASH_COATED_OSMIUM;9918;14;9916;11;;;9924;17;9928;25;;;9921.0;0.0
yf_BGS_d10;22500;INTARIAN_PEPPER_ROOT;11241;13;11238;27;;;11247;11;11250;16;;;11244.0;0.0
yf_BGS_d10;22600;ASH_COATED_OSMIUM;9918;17;9914;19;;;9924;15;9928;18;;;9921.0;0.0
yf_BGS_d10;22600;INTARIAN_PEPPER_ROOT;11246;16;11243;19;;;11252;19;11256;23;;;11249.0;0.0
yf_BGS_d10;22700;ASH_COATED_OSMIUM;9918;7;9914;24;;;9924;15;9926;17;;;9921.0;0.0
yf_BGS_d10;22700;INTARIAN_PEPPER_ROOT;11251;19;11248;21;;;11257;21;11261;26;;;11254.0;0.0
yf_BGS_d10;22800;ASH_COATED_OSMIUM;9918;15;9914;19;;;9924;28;9927;26;;;9921.0;0.0
yf_BGS_d10;22800;INTARIAN_PEPPER_ROOT;11257;21;11255;23;;;11263;6;11267;19;;;11260.0;0.0
yf_BGS_d10;22900;ASH_COATED_OSMIUM;9918;13;9914;19;;;9926;19;9929;21;;;9922.0;0.0
yf_BGS_d10;22900;INTARIAN_PEPPER_ROOT;11254;6;11250;23;;;11275;16;11279;19;;;11264.5;0.0
yf_BGS_d10;23000;ASH_COATED_OSMIUM;9917;13;9914;13;;;9924;20;9928;23;;;9920.5;0.0
yf_BGS_d10;23000;INTARIAN_PEPPER_ROOT;11265;16;11262;21;;;11274;13;11276;16;;;11269.5;0.0
yf_BGS_d10;23100;ASH_COATED_OSMIUM;9916;15;9913;21;;;9928;19;9930;20;;;9922.0;0.0
yf_BGS_d10;23100;INTARIAN_PEPPER_ROOT;11272;18;11268;18;;;11278;16;11281;18;;;11275.0;0.0
yf_BGS_d10;23200;ASH_COATED_OSMIUM;9919;16;9916;16;;;9925;16;9927;27;;;9922.0;0.0
yf_BGS_d10;23200;INTARIAN_PEPPER_ROOT;11277;19;11273;20;;;11283;5;11286;25;;;11280.0;0.0
yf_BGS_d10;23300;ASH_COATED_OSMIUM;9914;14;9912;21;;;9928;9;9932;8;;;9921.0;0.0
yf_BGS_d10;23300;INTARIAN_PEPPER_ROOT;11282;22;11278;17;;;11288;16;11292;17;;;11285.0;0.0
yf_BGS_d10;23400;ASH_COATED_OSMIUM;9918;19;9916;23;;;9924;14;9926;8;;;9921.0;0.0
yf_BGS_d10;23400;INTARIAN_PEPPER_ROOT;11288;10;11286;17;;;11294;14;11296;12;;;11291.0;0.0
yf_BGS_d10;23500;ASH_COATED_OSMIUM;9919;18;9916;15;;;9925;24;9927;21;;;9922.0;0.0
yf_BGS_d10;23500;INTARIAN_PEPPER_ROOT;11293;18;11290;23;;;11299;21;11301;17;;;11296.0;0.0
yf_BGS_d10;23600;ASH_COATED_OSMIUM;9919;5;9916;22;;;9925;16;9929;18;;;9922.0;0.0
yf_BGS_d10;23600;INTARIAN_PEPPER_ROOT;11298;22;11295;11;;;11304;24;11308;29;;;11301.0;0.0
yf_BGS_d10;23700;ASH_COATED_OSMIUM;9919;20;9916;24;;;9925;20;9927;27;;;9922.0;0.0
yf_BGS_d10;23700;INTARIAN_PEPPER_ROOT;11303;10;11299;23;;;11310;14;11314;14;;;11306.5;0.0
yf_BGS_d10;23800;ASH_COATED_OSMIUM;9919;14;9916;20;;;9925;15;9927;14;;;9922.0;0.0
yf_BGS_d10;23800;INTARIAN_PEPPER_ROOT;11300;8;11298;24;;;11322;18;11326;17;;;11311.0;0.0
yf_BGS_d10;23900;ASH_COATED_OSMIUM;9917;16;9913;24;;;9928;17;9930;24;;;9922.5;0.0
yf_BGS_d10;23900;INTARIAN_PEPPER_ROOT;11308;16;11306;11;;;11324;12;11326;27;;;11316.0;0.0
yf_BGS_d10;24000;ASH_COATED_OSMIUM;9919;16;9917;20;;;9925;16;9928;23;;;9922.0;0.0
yf_BGS_d10;24000;INTARIAN_PEPPER_ROOT;11317;14;11314;14;;;11327;14;11330;28;;;11322.0;0.0
yf_BGS_d10;24100;ASH_COATED_OSMIUM;9919;8;9915;22;;;9925;14;9929;17;;;9922.0;0.0
yf_BGS_d10;24100;INTARIAN_PEPPER_ROOT;11324;15;11321;26;;;11330;19;11333;17;;;11327.0;0.0
yf_BGS_d10;24200;ASH_COATED_OSMIUM;9914;11;9912;19;;;9931;14;9934;18;;;9922.5;0.0
yf_BGS_d10;24200;INTARIAN_PEPPER_ROOT;11329;19;11327;13;;;11335;14;11337;21;;;11332.0;0.0
yf_BGS_d10;24300;ASH_COATED_OSMIUM;9919;12;9917;17;;;9925;19;9927;20;;;9922.0;0.0
yf_BGS_d10;24300;INTARIAN_PEPPER_ROOT;11329;15;11327;27;;;11345;23;11347;15;;;11337.0;0.0
yf_BGS_d10;24400;ASH_COATED_OSMIUM;9920;23;9917;14;;;9926;10;9928;13;;;9923.0;0.0
yf_BGS_d10;24400;INTARIAN_PEPPER_ROOT;11339;13;11335;23;;;11345;23;11349;26;;;11342.0;0.0
yf_BGS_d10;24500;ASH_COATED_OSMIUM;9909;10;9906;27;;;9936;5;9940;14;;;9922.5;0.0
yf_BGS_d10;24500;INTARIAN_PEPPER_ROOT;11342;16;11339;19;;;11352;18;11356;17;;;11347.0;0.0
yf_BGS_d10;24600;ASH_COATED_OSMIUM;9920;13;9917;8;;;9926;14;9930;20;;;9923.0;0.0
yf_BGS_d10;24600;INTARIAN_PEPPER_ROOT;11349;5;11347;14;;;11356;25;11360;22;;;11352.5;0.0
yf_BGS_d10;24700;ASH_COATED_OSMIUM;9920;13;9917;10;;;9926;11;9930;15;;;9923.0;0.0
yf_BGS_d10;24700;INTARIAN_PEPPER_ROOT;11355;21;11351;17;;;11361;18;11363;18;;;11358.0;0.0
yf_BGS_d10;24800;ASH_COATED_OSMIUM;9919;9;9916;23;;;9927;19;9929;14;;;9923.0;0.0
yf_BGS_d10;24800;INTARIAN_PEPPER_ROOT;11360;9;11357;26;;;11366;13;11369;14;;;11363.0;0.0
yf_BGS_d10;24900;ASH_COATED_OSMIUM;9915;18;9913;22;;;9931;14;9935;18;;;9923.0;0.0
yf_BGS_d10;24900;INTARIAN_PEPPER_ROOT;11365;9;11361;15;;;11371;7;11374;21;;;11368.0;0.0
yf_BGS_d10;25000;ASH_COATED_OSMIUM;9918;10;9914;13;;;9928;17;9932;16;;;9923.0;0.0
yf_BGS_d10;25000;INTARIAN_PEPPER_ROOT;11368;11;11366;29;;;11378;10;11382;24;;;11373.0;0.0
yf_BGS_d10;25100;ASH_COATED_OSMIUM;9916;15;9913;20;;;9930;15;9932;26;;;9923.0;0.0
yf_BGS_d10;25100;INTARIAN_PEPPER_ROOT;11375;8;11373;20;;;11381;8;11383;22;;;11378.0;0.0
yf_BGS_d10;25200;ASH_COATED_OSMIUM;9920;5;9917;21;;;9926;8;9929;15;;;9923.0;0.0
yf_BGS_d10;25200;INTARIAN_PEPPER_ROOT;11379;22;11377;12;;;11388;16;11392;19;;;11383.5;0.0
yf_BGS_d10;25300;ASH_COATED_OSMIUM;9920;18;9918;17;;;9927;14;9931;24;;;9923.5;0.0
yf_BGS_d10;25300;INTARIAN_PEPPER_ROOT;11385;24;11383;21;;;11391;9;11395;21;;;11388.0;0.0
yf_BGS_d10;25400;ASH_COATED_OSMIUM;9920;13;9917;20;;;9926;19;9928;23;;;9923.0;0.0
yf_BGS_d10;25400;INTARIAN_PEPPER_ROOT;11391;13;11387;22;;;11397;6;11400;17;;;11394.0;0.0
yf_BGS_d10;25500;ASH_COATED_OSMIUM;9917;14;9915;20;;;9928;14;9931;27;;;9922.5;0.0
yf_BGS_d10;25500;INTARIAN_PEPPER_ROOT;11391;19;11387;21;;;11407;9;11409;15;;;11399.0;0.0
yf_BGS_d10;25600;ASH_COATED_OSMIUM;9920;10;9918;25;;;9926;10;9930;20;;;9923.0;0.0
yf_BGS_d10;25600;INTARIAN_PEPPER_ROOT;11397;21;11394;31;;;11412;30;11416;27;;;11404.5;0.0
yf_BGS_d10;25700;ASH_COATED_OSMIUM;9919;13;9917;24;;;9929;13;9933;16;;;9924.0;0.0
yf_BGS_d10;25700;INTARIAN_PEPPER_ROOT;11406;22;11403;18;;;11412;10;11414;14;;;11409.0;0.0
yf_BGS_d10;25800;ASH_COATED_OSMIUM;9913;11;9909;17;;;9934;9;9937;10;;;9923.5;0.0
yf_BGS_d10;25800;INTARIAN_PEPPER_ROOT;11407;8;11404;19;;;11421;24;11424;25;;;11414.0;0.0
yf_BGS_d10;25900;ASH_COATED_OSMIUM;9921;17;9917;26;;;9927;17;9930;17;;;9924.0;0.0
yf_BGS_d10;25900;INTARIAN_PEPPER_ROOT;11417;17;11414;31;;;11423;8;11427;14;;;11420.0;0.0
yf_BGS_d10;26000;ASH_COATED_OSMIUM;9921;17;9917;17;;;9927;18;9931;13;;;9924.0;0.0
yf_BGS_d10;26000;INTARIAN_PEPPER_ROOT;11422;11;11418;17;;;11428;8;11431;25;;;11425.0;0.0
yf_BGS_d10;26100;ASH_COATED_OSMIUM;9919;9;9916;20;;;9929;20;9932;22;;;9924.0;0.0
yf_BGS_d10;26100;INTARIAN_PEPPER_ROOT;11427;10;11423;25;;;11433;17;11436;18;;;11430.0;0.0
yf_BGS_d10;26200;ASH_COATED_OSMIUM;9921;15;9918;23;;;9927;14;9931;16;;;9924.0;0.0
yf_BGS_d10;26200;INTARIAN_PEPPER_ROOT;11432;12;11428;14;;;11438;13;11441;21;;;11435.0;0.0
yf_BGS_d10;26300;ASH_COATED_OSMIUM;9920;9;9917;16;;;9926;14;9930;15;;;9923.0;0.0
yf_BGS_d10;26300;INTARIAN_PEPPER_ROOT;11438;5;11434;27;;;11444;24;11447;11;;;11441.0;0.0
yf_BGS_d10;26400;ASH_COATED_OSMIUM;9920;17;9918;17;;;9928;5;9932;18;;;9924.0;0.0
yf_BGS_d10;26400;INTARIAN_PEPPER_ROOT;11440;15;11438;25;;;11451;17;11453;20;;;11445.5;0.0
yf_BGS_d10;26500;ASH_COATED_OSMIUM;9913;14;9910;21;;;9935;15;9938;21;;;9924.0;0.0
yf_BGS_d10;26500;INTARIAN_PEPPER_ROOT;11448;12;11444;19;;;11454;17;11458;16;;;11451.0;0.0
yf_BGS_d10;26600;ASH_COATED_OSMIUM;9918;14;9916;17;;;9930;13;9934;12;;;9924.0;0.0
yf_BGS_d10;26600;INTARIAN_PEPPER_ROOT;11452;12;11450;31;;;11459;13;11462;19;;;11455.5;0.0
yf_BGS_d10;26700;ASH_COATED_OSMIUM;9920;19;9917;26;;;9926;17;9928;22;;;9923.0;0.0
yf_BGS_d10;26700;INTARIAN_PEPPER_ROOT;11457;11;11454;17;;;11466;21;11468;20;;;11461.5;0.0
yf_BGS_d10;26800;ASH_COATED_OSMIUM;9899;9;9895;24;;;9950;16;9952;14;;;9924.5;0.0
yf_BGS_d10;26800;INTARIAN_PEPPER_ROOT;11463;15;11459;8;;;11469;5;11473;14;;;11466.0;0.0
yf_BGS_d10;26900;ASH_COATED_OSMIUM;9921;13;9917;19;;;9927;13;9929;18;;;9924.0;0.0
yf_BGS_d10;26900;INTARIAN_PEPPER_ROOT;11469;10;11467;28;;;11475;21;11479;27;;;11472.0;0.0
yf_BGS_d10;27000;ASH_COATED_OSMIUM;9919;12;9916;21;;;9929;17;9933;25;;;9924.0;0.0
yf_BGS_d10;27000;INTARIAN_PEPPER_ROOT;11459;16;11457;21;;;11494;19;11498;18;;;11476.5;0.0
yf_BGS_d10;27100;ASH_COATED_OSMIUM;9922;14;9920;23;;;9928;18;9931;20;;;9925.0;0.0
yf_BGS_d10;27100;INTARIAN_PEPPER_ROOT;11478;21;11476;24;;;11485;14;11489;19;;;11481.5;0.0
yf_BGS_d10;27200;ASH_COATED_OSMIUM;9920;10;9917;23;;;9929;22;9933;20;;;9924.5;0.0
yf_BGS_d10;27200;INTARIAN_PEPPER_ROOT;11482;15;11478;21;;;11490;18;11492;11;;;11486.0;0.0
yf_BGS_d10;27300;ASH_COATED_OSMIUM;9922;22;9920;24;;;9928;20;9932;12;;;9925.0;0.0
yf_BGS_d10;27300;INTARIAN_PEPPER_ROOT;11489;8;11487;13;;;11495;13;11497;17;;;11492.0;0.0
yf_BGS_d10;27400;ASH_COATED_OSMIUM;9921;14;9919;17;;;9927;9;9930;16;;;9924.0;0.0
yf_BGS_d10;27400;INTARIAN_PEPPER_ROOT;11490;17;11486;18;;;11504;17;11508;23;;;11497.0;0.0
yf_BGS_d10;27500;ASH_COATED_OSMIUM;9922;23;9920;16;;;9928;13;9932;27;;;9925.0;0.0
yf_BGS_d10;27500;INTARIAN_PEPPER_ROOT;11495;13;11492;18;;;11510;10;11512;15;;;11502.5;0.0
yf_BGS_d10;27600;ASH_COATED_OSMIUM;9922;13;9920;23;;;9928;26;9931;20;;;9925.0;0.0
yf_BGS_d10;27600;INTARIAN_PEPPER_ROOT;11503;11;11500;14;;;11510;7;11514;26;;;11506.5;0.0
yf_BGS_d10;27700;ASH_COATED_OSMIUM;9922;12;9918;22;;;9929;11;9933;20;;;9925.5;0.0
yf_BGS_d10;27700;INTARIAN_PEPPER_ROOT;11510;10;11506;28;;;11516;19;11519;25;;;11513.0;0.0
yf_BGS_d10;27800;ASH_COATED_OSMIUM;9918;16;9915;21;;;9933;13;9937;25;;;9925.5;0.0
yf_BGS_d10;27800;INTARIAN_PEPPER_ROOT;11505;20;11502;18;;;11531;14;11535;15;;;11518.0;0.0
yf_BGS_d10;27900;ASH_COATED_OSMIUM;9922;5;9920;21;;;9928;6;9930;18;;;9925.0;0.0
yf_BGS_d10;27900;INTARIAN_PEPPER_ROOT;11520;14;11518;24;;;11526;24;11530;16;;;11523.0;0.0
yf_BGS_d10;28000;ASH_COATED_OSMIUM;9922;15;9920;20;;;9928;25;9931;15;;;9925.0;0.0
yf_BGS_d10;28000;INTARIAN_PEPPER_ROOT;11525;16;11521;18;;;11531;15;11534;11;;;11528.0;0.0
yf_BGS_d10;28100;ASH_COATED_OSMIUM;9913;16;9911;34;;;9936;13;9940;20;;;9924.5;0.0
yf_BGS_d10;28100;INTARIAN_PEPPER_ROOT;11531;11;11528;26;;;11537;10;11541;19;;;11534.0;0.0
yf_BGS_d10;28200;ASH_COATED_OSMIUM;9918;23;9914;18;;;9932;15;9935;9;;;9925.0;0.0
yf_BGS_d10;28200;INTARIAN_PEPPER_ROOT;11535;14;11532;23;;;11541;16;11544;16;;;11538.0;0.0
yf_BGS_d10;28300;ASH_COATED_OSMIUM;9922;17;9919;26;;;9929;10;9932;16;;;9925.5;0.0
yf_BGS_d10;28300;INTARIAN_PEPPER_ROOT;11533;9;11529;12;;;11554;16;11556;24;;;11543.5;0.0
yf_BGS_d10;28400;ASH_COATED_OSMIUM;9922;9;9920;19;;;9929;11;9931;26;;;9925.5;0.0
yf_BGS_d10;28400;INTARIAN_PEPPER_ROOT;11545;10;11543;25;;;11552;8;11555;20;;;11548.5;0.0
yf_BGS_d10;28500;ASH_COATED_OSMIUM;9919;14;9915;20;;;9931;14;9935;25;;;9925.0;0.0
yf_BGS_d10;28500;INTARIAN_PEPPER_ROOT;11552;15;11550;16;;;11558;7;11560;24;;;11555.0;0.0
yf_BGS_d10;28600;ASH_COATED_OSMIUM;9919;20;9916;20;;;9934;17;9937;22;;;9926.5;0.0
yf_BGS_d10;28600;INTARIAN_PEPPER_ROOT;11556;25;11554;22;;;11562;18;11564;19;;;11559.0;0.0
yf_BGS_d10;28700;ASH_COATED_OSMIUM;9922;11;9920;24;;;9928;15;9932;26;;;9925.0;0.0
yf_BGS_d10;28700;INTARIAN_PEPPER_ROOT;11561;21;11558;24;;;11567;16;11571;15;;;11564.0;0.0
yf_BGS_d10;28800;ASH_COATED_OSMIUM;9923;11;9921;13;;;9929;18;9932;13;;;9926.0;0.0
yf_BGS_d10;28800;INTARIAN_PEPPER_ROOT;11567;19;11563;15;;;11573;16;11575;17;;;11570.0;0.0
yf_BGS_d10;28900;ASH_COATED_OSMIUM;9920;17;9918;20;;;9931;13;9934;10;;;9925.5;0.0
yf_BGS_d10;28900;INTARIAN_PEPPER_ROOT;11572;16;11570;20;;;11578;10;11580;18;;;11575.0;0.0
yf_BGS_d10;29000;ASH_COATED_OSMIUM;9923;12;9919;16;;;9929;23;9933;27;;;9926.0;0.0
yf_BGS_d10;29000;INTARIAN_PEPPER_ROOT;11577;19;11575;14;;;11583;19;11586;22;;;11580.0;0.0
yf_BGS_d10;29100;ASH_COATED_OSMIUM;9923;18;9920;15;;;9929;14;9932;25;;;9926.0;0.0
yf_BGS_d10;29100;INTARIAN_PEPPER_ROOT;11578;24;11574;16;;;11592;10;11596;24;;;11585.0;0.0
yf_BGS_d10;29200;ASH_COATED_OSMIUM;9922;5;9919;26;;;9930;11;9932;14;;;9926.0;0.0
yf_BGS_d10;29200;INTARIAN_PEPPER_ROOT;11586;15;11583;17;;;11595;19;11597;20;;;11590.5;0.0
yf_BGS_d10;29300;ASH_COATED_OSMIUM;9921;21;9918;21;;;9931;10;9933;23;;;9926.0;0.0
yf_BGS_d10;29300;INTARIAN_PEPPER_ROOT;11593;15;11591;19;;;11599;11;11603;20;;;11596.0;0.0
yf_BGS_d10;29400;ASH_COATED_OSMIUM;9923;12;9920;8;;;9929;21;9931;24;;;9926.0;0.0
yf_BGS_d10;29400;INTARIAN_PEPPER_ROOT;11598;13;11595;21;;;11604;17;11607;16;;;11601.0;0.0
yf_BGS_d10;29500;ASH_COATED_OSMIUM;9923;12;9920;24;;;9929;11;9933;18;;;9926.0;0.0
yf_BGS_d10;29500;INTARIAN_PEPPER_ROOT;11603;16;11599;13;;;11609;13;11613;11;;;11606.0;0.0
yf_BGS_d10;29600;ASH_COATED_OSMIUM;9923;20;9921;12;;;9929;10;9931;18;;;9926.0;0.0
yf_BGS_d10;29600;INTARIAN_PEPPER_ROOT;11607;9;11603;21;;;11613;16;11616;20;;;11610.0;0.0
yf_BGS_d10;29700;ASH_COATED_OSMIUM;9916;16;9914;16;;;9937;14;9941;24;;;9926.5;0.0
yf_BGS_d10;29700;INTARIAN_PEPPER_ROOT;11613;17;11610;20;;;11619;18;11623;14;;;11616.0;0.0
yf_BGS_d10;29800;ASH_COATED_OSMIUM;9916;13;9913;20;;;9937;11;9939;15;;;9926.5;0.0
yf_BGS_d10;29800;INTARIAN_PEPPER_ROOT;11617;20;11613;19;;;11627;18;11631;24;;;11622.0;0.0
yf_BGS_d10;29900;ASH_COATED_OSMIUM;9921;10;9919;20;;;9932;22;9936;26;;;9926.5;0.0
yf_BGS_d10;29900;INTARIAN_PEPPER_ROOT;11605;13;11603;8;;;11648;16;11650;13;;;11626.5;0.0
yf_BGS_d10;30000;ASH_COATED_OSMIUM;9913;20;9910;25;;;9940;13;9944;18;;;9926.5;0.0
yf_BGS_d10;30000;INTARIAN_PEPPER_ROOT;11629;20;11627;16;;;11635;8;11638;23;;;11632.0;0.0
yf_BGS_d10;30100;ASH_COATED_OSMIUM;9912;14;9909;12;;;9941;23;9943;20;;;9926.5;0.0
yf_BGS_d10;30100;INTARIAN_PEPPER_ROOT;11634;15;11632;29;;;11640;17;11644;18;;;11637.0;0.0
yf_BGS_d10;30200;ASH_COATED_OSMIUM;9924;18;9920;22;;;9930;14;9934;10;;;9927.0;0.0
yf_BGS_d10;30200;INTARIAN_PEPPER_ROOT;11637;16;11633;28;;;11647;10;11651;22;;;11642.0;0.0
yf_BGS_d10;30300;ASH_COATED_OSMIUM;9923;15;9919;24;;;9930;8;9932;20;;;9926.5;0.0
yf_BGS_d10;30300;INTARIAN_PEPPER_ROOT;11637;21;11633;19;;;11658;18;11660;24;;;11647.5;0.0
yf_BGS_d10;30400;ASH_COATED_OSMIUM;9924;19;9921;23;;;9930;13;9934;22;;;9927.0;0.0
yf_BGS_d10;30400;INTARIAN_PEPPER_ROOT;11649;16;11647;25;;;11655;14;11657;19;;;11652.0;0.0
yf_BGS_d10;30500;ASH_COATED_OSMIUM;9909;15;9906;17;;;9945;13;9947;22;;;9927.0;0.0
yf_BGS_d10;30500;INTARIAN_PEPPER_ROOT;11655;20;11653;17;;;11661;12;11663;14;;;11658.0;0.0
yf_BGS_d10;30600;ASH_COATED_OSMIUM;9924;13;9921;21;;;9930;13;9932;18;;;9927.0;0.0
yf_BGS_d10;30600;INTARIAN_PEPPER_ROOT;11660;14;11656;24;;;11666;19;11670;23;;;11663.0;0.0
yf_BGS_d10;30700;ASH_COATED_OSMIUM;9923;14;9920;22;;;9931;22;9935;21;;;9927.0;0.0
yf_BGS_d10;30700;INTARIAN_PEPPER_ROOT;11664;15;11660;27;;;11670;22;11672;17;;;11667.0;0.0
yf_BGS_d10;30800;ASH_COATED_OSMIUM;9924;18;9920;29;;;9930;27;9933;26;;;9927.0;0.0
yf_BGS_d10;30800;INTARIAN_PEPPER_ROOT;11669;17;11666;18;;;11678;15;11682;27;;;11673.5;0.0
yf_BGS_d10;30900;ASH_COATED_OSMIUM;9924;23;9922;14;;;9930;18;9932;14;;;9927.0;0.0
yf_BGS_d10;30900;INTARIAN_PEPPER_ROOT;11673;20;11669;15;;;11684;17;11688;20;;;11678.5;0.0
yf_BGS_d10;31000;ASH_COATED_OSMIUM;9924;23;9922;18;;;9930;12;9932;24;;;9927.0;0.0
yf_BGS_d10;31000;INTARIAN_PEPPER_ROOT;11657;20;11655;19;;;11711;17;11714;18;;;11684.0;0.0
yf_BGS_d10;31100;ASH_COATED_OSMIUM;9925;17;9922;20;;;9931;18;9934;21;;;9928.0;0.0
yf_BGS_d10;31100;INTARIAN_PEPPER_ROOT;11685;15;11683;15;;;11691;5;11693;16;;;11688.0;0.0
yf_BGS_d10;31200;ASH_COATED_OSMIUM;9915;24;9912;11;;;9940;19;9943;19;;;9927.5;0.0
yf_BGS_d10;31200;INTARIAN_PEPPER_ROOT;11667;13;11665;14;;;11719;22;11721;24;;;11693.0;0.0
yf_BGS_d10;31300;ASH_COATED_OSMIUM;9918;12;9914;17;;;9937;21;9941;22;;;9927.5;0.0
yf_BGS_d10;31300;INTARIAN_PEPPER_ROOT;11692;10;11689;27;;;11705;19;11708;23;;;11698.5;0.0
yf_BGS_d10;31400;ASH_COATED_OSMIUM;9924;15;9920;15;;;9930;14;9932;10;;;9927.0;0.0
yf_BGS_d10;31400;INTARIAN_PEPPER_ROOT;11699;18;11696;8;;;11708;18;11711;23;;;11703.5;0.0
yf_BGS_d10;31500;ASH_COATED_OSMIUM;9925;17;9922;27;;;9931;20;9933;17;;;9928.0;0.0
yf_BGS_d10;31500;INTARIAN_PEPPER_ROOT;11706;11;11703;16;;;11712;18;11716;30;;;11709.0;0.0
yf_BGS_d10;31600;ASH_COATED_OSMIUM;9925;9;9921;26;;;9931;16;9935;12;;;9928.0;0.0
yf_BGS_d10;31600;INTARIAN_PEPPER_ROOT;11709;15;11706;22;;;11718;23;11720;29;;;11713.5;0.0
yf_BGS_d10;31700;ASH_COATED_OSMIUM;9925;21;9921;31;;;9931;19;9933;16;;;9928.0;0.0
yf_BGS_d10;31700;INTARIAN_PEPPER_ROOT;11716;8;11712;14;;;11722;7;11726;26;;;11719.0;0.0
yf_BGS_d10;31800;ASH_COATED_OSMIUM;9925;17;9923;19;;;9931;24;9935;22;;;9928.0;0.0
yf_BGS_d10;31800;INTARIAN_PEPPER_ROOT;11717;19;11715;21;;;11732;12;11736;29;;;11724.5;0.0
yf_BGS_d10;31900;ASH_COATED_OSMIUM;9925;9;9922;17;;;9931;17;9933;12;;;9928.0;0.0
yf_BGS_d10;31900;INTARIAN_PEPPER_ROOT;11727;19;11724;15;;;11733;21;11735;22;;;11730.0;0.0
yf_BGS_d10;32000;ASH_COATED_OSMIUM;9925;6;9923;27;;;9931;13;9934;22;;;9928.0;0.0
yf_BGS_d10;32000;INTARIAN_PEPPER_ROOT;11732;21;11728;17;;;11738;14;11741;13;;;11735.0;0.0
yf_BGS_d10;32100;ASH_COATED_OSMIUM;9918;11;9914;20;;;9938;14;9942;27;;;9928.0;0.0
yf_BGS_d10;32100;INTARIAN_PEPPER_ROOT;11737;22;11735;18;;;11743;19;11745;28;;;11740.0;0.0
yf_BGS_d10;32200;ASH_COATED_OSMIUM;9918;16;9914;21;;;9938;17;9942;22;;;9928.0;0.0
yf_BGS_d10;32200;INTARIAN_PEPPER_ROOT;11739;12;11736;19;;;11752;18;11756;20;;;11745.5;0.0
yf_BGS_d10;32300;ASH_COATED_OSMIUM;9925;9;9922;13;;;9931;18;9934;20;;;9928.0;0.0
yf_BGS_d10;32300;INTARIAN_PEPPER_ROOT;11747;17;11744;16;;;11753;20;11756;22;;;11750.0;0.0
yf_BGS_d10;32400;ASH_COATED_OSMIUM;9911;12;9907;20;;;9945;11;9949;23;;;9928.0;0.0
yf_BGS_d10;32400;INTARIAN_PEPPER_ROOT;11752;17;11750;22;;;11758;15;11761;24;;;11755.0;0.0
yf_BGS_d10;32500;ASH_COATED_OSMIUM;9922;13;9919;18;;;9934;9;9937;25;;;9928.0;0.0
yf_BGS_d10;32500;INTARIAN_PEPPER_ROOT;11757;20;11754;25;;;11765;12;11767;27;;;11761.0;0.0
yf_BGS_d10;32600;ASH_COATED_OSMIUM;9926;19;9923;21;;;9932;6;9935;14;;;9929.0;0.0
yf_BGS_d10;32600;INTARIAN_PEPPER_ROOT;11763;6;11760;25;;;11769;18;11773;22;;;11766.0;0.0
yf_BGS_d10;32700;ASH_COATED_OSMIUM;9925;23;9923;29;;;9931;17;9934;29;;;9928.0;0.0
yf_BGS_d10;32700;INTARIAN_PEPPER_ROOT;11767;22;11765;20;;;11774;6;11776;22;;;11770.5;0.0
yf_BGS_d10;32800;ASH_COATED_OSMIUM;9925;17;9922;23;;;9931;8;9935;19;;;9928.0;0.0
yf_BGS_d10;32800;INTARIAN_PEPPER_ROOT;11766;10;11762;28;;;11786;15;11788;14;;;11776.0;0.0
yf_BGS_d10;32900;ASH_COATED_OSMIUM;9925;15;9922;19;;;9931;16;9934;18;;;9928.0;0.0
yf_BGS_d10;32900;INTARIAN_PEPPER_ROOT;11778;17;11774;23;;;11784;7;11788;19;;;11781.0;0.0
yf_BGS_d10;33000;ASH_COATED_OSMIUM;9926;17;9924;19;;;9932;21;9934;15;;;9929.0;0.0
yf_BGS_d10;33000;INTARIAN_PEPPER_ROOT;11781;16;11778;25;;;11793;17;11796;29;;;11787.0;0.0
yf_BGS_d10;33100;ASH_COATED_OSMIUM;9924;15;9920;23;;;9933;13;9937;21;;;9928.5;0.0
yf_BGS_d10;33100;INTARIAN_PEPPER_ROOT;11788;13;11786;21;;;11794;18;11798;11;;;11791.0;0.0
yf_BGS_d10;33200;ASH_COATED_OSMIUM;9924;10;9921;17;;;9933;22;9937;30;;;9928.5;0.0
yf_BGS_d10;33200;INTARIAN_PEPPER_ROOT;11794;11;11790;17;;;11800;17;11803;29;;;11797.0;0.0
yf_BGS_d10;33300;ASH_COATED_OSMIUM;9922;23;9920;25;;;9936;21;9939;23;;;9929.0;0.0
yf_BGS_d10;33300;INTARIAN_PEPPER_ROOT;11799;12;11796;29;;;11805;13;11807;22;;;11802.0;0.0
yf_BGS_d10;33400;ASH_COATED_OSMIUM;9926;20;9923;26;;;9932;14;9934;23;;;9929.0;0.0
yf_BGS_d10;33400;INTARIAN_PEPPER_ROOT;11801;11;11797;21;;;11812;20;11815;14;;;11806.5;0.0
yf_BGS_d10;33500;ASH_COATED_OSMIUM;9926;14;9923;20;;;9932;10;9935;14;;;9929.0;0.0
yf_BGS_d10;33500;INTARIAN_PEPPER_ROOT;11809;10;11806;21;;;11815;12;11817;21;;;11812.0;0.0
yf_BGS_d10;33600;ASH_COATED_OSMIUM;9914;15;9910;15;;;9945;21;9948;25;;;9929.5;0.0
yf_BGS_d10;33600;INTARIAN_PEPPER_ROOT;11814;17;11812;14;;;11820;10;11823;25;;;11817.0;0.0
yf_BGS_d10;33700;ASH_COATED_OSMIUM;9923;15;9921;18;;;9936;13;9939;14;;;9929.5;0.0
yf_BGS_d10;33700;INTARIAN_PEPPER_ROOT;11817;19;11814;18;;;11829;12;11832;22;;;11823.0;0.0
yf_BGS_d10;33800;ASH_COATED_OSMIUM;9926;11;9924;19;;;9932;19;9936;12;;;9929.0;0.0
yf_BGS_d10;33800;INTARIAN_PEPPER_ROOT;11824;19;11820;15;;;11830;14;11834;21;;;11827.0;0.0
yf_BGS_d10;33900;ASH_COATED_OSMIUM;9926;16;9922;25;;;9932;16;9935;21;;;9929.0;0.0
yf_BGS_d10;33900;INTARIAN_PEPPER_ROOT;11830;11;11827;20;;;11836;12;11838;20;;;11833.0;0.0
yf_BGS_d10;34000;ASH_COATED_OSMIUM;9926;9;9923;12;;;9932;20;9934;14;;;9929.0;0.0
yf_BGS_d10;34000;INTARIAN_PEPPER_ROOT;11826;7;11822;13;;;11844;6;11847;16;;;11835.0;0.0
yf_BGS_d10;34100;ASH_COATED_OSMIUM;9926;18;9923;15;;;9932;10;9934;20;;;9929.0;0.0
yf_BGS_d10;34100;INTARIAN_PEPPER_ROOT;11833;19;11830;28;;;11841;11;11844;14;;;11837.0;0.0
yf_BGS_d10;34200;ASH_COATED_OSMIUM;9926;25;9923;14;;;9932;20;9936;18;;;9929.0;0.0
yf_BGS_d10;34200;INTARIAN_PEPPER_ROOT;11837;15;11833;15;;;11843;16;11845;13;;;11840.0;0.0
yf_BGS_d10;34300;ASH_COATED_OSMIUM;9918;19;9914;20;;;9942;18;9946;16;;;9930.0;0.0
yf_BGS_d10;34300;INTARIAN_PEPPER_ROOT;11837;13;11835;31;;;11849;16;11852;19;;;11843.0;0.0
yf_BGS_d10;34400;ASH_COATED_OSMIUM;9926;12;9924;20;;;9932;17;9935;15;;;9929.0;0.0
yf_BGS_d10;34400;INTARIAN_PEPPER_ROOT;11830;18;11826;31;;;11860;12;11863;10;;;11845.0;0.0
yf_BGS_d10;34500;ASH_COATED_OSMIUM;9926;9;9924;22;;;9932;13;9935;35;;;9929.0;0.0
yf_BGS_d10;34500;INTARIAN_PEPPER_ROOT;11845;16;11841;22;;;11851;20;11854;27;;;11848.0;0.0
yf_BGS_d10;34600;ASH_COATED_OSMIUM;9926;13;9923;19;;;9933;14;9936;18;;;9929.5;0.0
yf_BGS_d10;34600;INTARIAN_PEPPER_ROOT;11847;20;11845;18;;;11853;12;11855;26;;;11850.0;0.0
yf_BGS_d10;34700;ASH_COATED_OSMIUM;9927;23;9924;17;;;9933;17;9937;20;;;9930.0;0.0
yf_BGS_d10;34700;INTARIAN_PEPPER_ROOT;11849;19;11845;16;;;11855;12;11859;16;;;11852.0;0.0
yf_BGS_d10;34800;ASH_COATED_OSMIUM;9927;14;9923;21;;;9933;9;9935;28;;;9930.0;0.0
yf_BGS_d10;34800;INTARIAN_PEPPER_ROOT;11851;21;11849;24;;;11857;15;11860;24;;;11854.0;0.0
yf_BGS_d10;34900;ASH_COATED_OSMIUM;9927;19;9924;8;;;9933;20;9937;16;;;9930.0;0.0
yf_BGS_d10;34900;INTARIAN_PEPPER_ROOT;11851;22;11848;29;;;11864;21;11867;16;;;11857.5;0.0
yf_BGS_d10;35000;ASH_COATED_OSMIUM;9927;23;9925;17;;;9933;14;9937;22;;;9930.0;0.0
yf_BGS_d10;35000;INTARIAN_PEPPER_ROOT;11856;24;11853;22;;;11863;10;11865;22;;;11859.5;0.0
yf_BGS_d10;35100;ASH_COATED_OSMIUM;9927;12;9925;19;;;9933;10;9935;18;;;9930.0;0.0
yf_BGS_d10;35100;INTARIAN_PEPPER_ROOT;11859;6;11857;19;;;11865;20;11867;13;;;11862.0;0.0
yf_BGS_d10;35200;ASH_COATED_OSMIUM;9918;21;9914;12;;;9942;13;9945;14;;;9930.0;0.0
yf_BGS_d10;35200;INTARIAN_PEPPER_ROOT;11859;15;11855;25;;;11870;15;11873;18;;;11864.5;0.0
yf_BGS_d10;35300;ASH_COATED_OSMIUM;9927;21;9925;21;;;9933;5;9937;28;;;9930.0;0.0
yf_BGS_d10;35300;INTARIAN_PEPPER_ROOT;11863;15;11859;22;;;11871;8;11874;18;;;11867.0;0.0
yf_BGS_d10;35400;ASH_COATED_OSMIUM;9927;8;9924;28;;;9933;17;9937;30;;;9930.0;0.0
yf_BGS_d10;35400;INTARIAN_PEPPER_ROOT;11854;15;11851;19;;;11885;15;11888;20;;;11869.5;0.0
yf_BGS_d10;35500;ASH_COATED_OSMIUM;9927;10;9924;18;;;9933;12;9936;20;;;9930.0;0.0
yf_BGS_d10;35500;INTARIAN_PEPPER_ROOT;11869;12;11867;14;;;11875;8;11877;25;;;11872.0;0.0
yf_BGS_d10;35600;ASH_COATED_OSMIUM;9926;16;9923;25;;;9935;10;9937;16;;;9930.5;0.0
yf_BGS_d10;35600;INTARIAN_PEPPER_ROOT;11870;20;11868;24;;;11879;14;11882;22;;;11874.5;0.0
yf_BGS_d10;35700;ASH_COATED_OSMIUM;9925;23;9921;22;;;9935;10;9939;27;;;9930.0;0.0
yf_BGS_d10;35700;INTARIAN_PEPPER_ROOT;11871;20;11869;24;;;11882;9;11885;17;;;11876.5;0.0
yf_BGS_d10;35800;ASH_COATED_OSMIUM;9927;12;9924;24;;;9933;8;9937;30;;;9930.0;0.0
yf_BGS_d10;35800;INTARIAN_PEPPER_ROOT;11877;16;11873;15;;;11883;19;11885;24;;;11880.0;0.0
yf_BGS_d10;35900;ASH_COATED_OSMIUM;9927;5;9925;20;;;9933;8;9937;20;;;9930.0;0.0
yf_BGS_d10;35900;INTARIAN_PEPPER_ROOT;11876;28;11874;20;;;11888;10;11890;21;;;11882.0;0.0
yf_BGS_d10;36000;ASH_COATED_OSMIUM;9925;16;9921;13;;;9936;17;9940;8;;;9930.5;0.0
yf_BGS_d10;36000;INTARIAN_PEPPER_ROOT;11882;19;11880;26;;;11888;7;11890;27;;;11885.0;0.0
yf_BGS_d10;36100;ASH_COATED_OSMIUM;9927;12;9924;20;;;9933;17;9936;21;;;9930.0;0.0
yf_BGS_d10;36100;INTARIAN_PEPPER_ROOT;11884;24;11880;23;;;11891;12;11895;26;;;11887.5;0.0
yf_BGS_d10;36200;ASH_COATED_OSMIUM;9928;10;9925;19;;;9934;9;9936;26;;;9931.0;0.0
yf_BGS_d10;36200;INTARIAN_PEPPER_ROOT;11885;12;11882;22;;;11895;21;11898;22;;;11890.0;0.0
yf_BGS_d10;36300;ASH_COATED_OSMIUM;9920;5;9917;24;;;9941;15;9943;8;;;9930.5;0.0
yf_BGS_d10;36300;INTARIAN_PEPPER_ROOT;11888;20;11886;19;;;11894;24;11898;24;;;11891.0;0.0
yf_BGS_d10;36400;ASH_COATED_OSMIUM;9927;17;9924;20;;;9933;12;9937;15;;;9930.0;0.0
yf_BGS_d10;36400;INTARIAN_PEPPER_ROOT;11888;7;11885;27;;;11901;21;11904;20;;;11894.5;0.0
yf_BGS_d10;36500;ASH_COATED_OSMIUM;9927;21;9923;21;;;9933;16;9937;22;;;9930.0;0.0
yf_BGS_d10;36500;INTARIAN_PEPPER_ROOT;11889;13;11887;22;;;11905;17;11908;16;;;11897.0;0.0
yf_BGS_d10;36600;ASH_COATED_OSMIUM;9927;17;9925;13;;;9933;22;9937;20;;;9930.0;0.0
yf_BGS_d10;36600;INTARIAN_PEPPER_ROOT;11895;14;11891;24;;;11903;12;11907;12;;;11899.0;0.0
yf_BGS_d10;36700;ASH_COATED_OSMIUM;9928;19;9924;24;;;9934;9;9936;15;;;9931.0;0.0
yf_BGS_d10;36700;INTARIAN_PEPPER_ROOT;11898;7;11894;20;;;11907;14;11909;17;;;11902.5;0.0
yf_BGS_d10;36800;ASH_COATED_OSMIUM;9924;20;9920;28;;;9939;18;9942;15;;;9931.5;0.0
yf_BGS_d10;36800;INTARIAN_PEPPER_ROOT;11900;18;11897;30;;;11908;19;11910;19;;;11904.0;0.0
yf_BGS_d10;36900;ASH_COATED_OSMIUM;9928;21;9926;25;;;9934;16;9937;18;;;9931.0;0.0
yf_BGS_d10;36900;INTARIAN_PEPPER_ROOT;11903;13;11900;14;;;11910;14;11914;24;;;11906.5;0.0
yf_BGS_d10;37000;ASH_COATED_OSMIUM;9927;12;9925;21;;;9935;12;9939;18;;;9931.0;0.0
yf_BGS_d10;37000;INTARIAN_PEPPER_ROOT;11906;10;11904;22;;;11912;17;11915;18;;;11909.0;0.0
yf_BGS_d10;37100;ASH_COATED_OSMIUM;9928;14;9926;26;;;9934;11;9937;26;;;9931.0;0.0
yf_BGS_d10;37100;INTARIAN_PEPPER_ROOT;11905;9;11903;16;;;11919;13;11923;25;;;11912.0;0.0
yf_BGS_d10;37200;ASH_COATED_OSMIUM;9925;18;9921;18;;;9936;13;9939;21;;;9930.5;0.0
yf_BGS_d10;37200;INTARIAN_PEPPER_ROOT;11906;20;11903;27;;;11921;22;11924;14;;;11913.5;0.0
yf_BGS_d10;37300;ASH_COATED_OSMIUM;9928;8;9926;19;;;9934;11;9937;13;;;9931.0;0.0
yf_BGS_d10;37300;INTARIAN_PEPPER_ROOT;11913;17;11911;22;;;11920;5;11922;25;;;11916.5;0.0
yf_BGS_d10;37400;ASH_COATED_OSMIUM;9928;14;9925;17;;;9935;16;9937;17;;;9931.5;0.0
yf_BGS_d10;37400;INTARIAN_PEPPER_ROOT;11916;15;11913;18;;;11922;5;11925;24;;;11919.0;0.0
yf_BGS_d10;37500;ASH_COATED_OSMIUM;9928;12;9925;31;;;9934;7;9938;25;;;9931.0;0.0
yf_BGS_d10;37500;INTARIAN_PEPPER_ROOT;11918;16;11914;23;;;11924;12;11927;23;;;11921.0;0.0
yf_BGS_d10;37600;ASH_COATED_OSMIUM;9926;16;9924;23;;;9936;19;9938;20;;;9931.0;0.0
yf_BGS_d10;37600;INTARIAN_PEPPER_ROOT;11921;15;11917;30;;;11927;14;11930;29;;;11924.0;0.0
yf_BGS_d10;37700;ASH_COATED_OSMIUM;9928;20;9924;11;;;9934;17;9938;9;;;9931.0;0.0
yf_BGS_d10;37700;INTARIAN_PEPPER_ROOT;11923;5;11920;15;;;11929;15;11933;13;;;11926.0;0.0
yf_BGS_d10;37800;ASH_COATED_OSMIUM;9922;12;9918;25;;;9940;20;9942;24;;;9931.0;0.0
yf_BGS_d10;37800;INTARIAN_PEPPER_ROOT;11926;5;11923;19;;;11932;16;11935;25;;;11929.0;0.0
yf_BGS_d10;37900;ASH_COATED_OSMIUM;9928;14;9924;21;;;9934;15;9937;23;;;9931.0;0.0
yf_BGS_d10;37900;INTARIAN_PEPPER_ROOT;11928;5;11926;22;;;11934;18;11936;32;;;11931.0;0.0
yf_BGS_d10;38000;ASH_COATED_OSMIUM;9928;21;9926;18;;;9934;11;9936;11;;;9931.0;0.0
yf_BGS_d10;38000;INTARIAN_PEPPER_ROOT;11931;15;11928;16;;;11937;19;11941;16;;;11934.0;0.0
yf_BGS_d10;38100;ASH_COATED_OSMIUM;9929;10;9927;18;;;9935;16;9938;23;;;9932.0;0.0
yf_BGS_d10;38100;INTARIAN_PEPPER_ROOT;11932;15;11929;15;;;11939;19;11942;10;;;11935.5;0.0
yf_BGS_d10;38200;ASH_COATED_OSMIUM;9928;23;9924;16;;;9934;14;9937;24;;;9931.0;0.0
yf_BGS_d10;38200;INTARIAN_PEPPER_ROOT;11934;12;11931;17;;;11942;11;11945;8;;;11938.0;0.0
yf_BGS_d10;38300;ASH_COATED_OSMIUM;9926;19;9922;11;;;9936;11;9938;19;;;9931.0;0.0
yf_BGS_d10;38300;INTARIAN_PEPPER_ROOT;11938;15;11935;13;;;11945;14;11949;27;;;11941.5;0.0
yf_BGS_d10;38400;ASH_COATED_OSMIUM;9924;12;9921;20;;;9938;12;9940;12;;;9931.0;0.0
yf_BGS_d10;38400;INTARIAN_PEPPER_ROOT;11939;11;11937;21;;;11947;12;11951;26;;;11943.0;0.0
yf_BGS_d10;38500;ASH_COATED_OSMIUM;9928;12;9925;10;;;9936;8;9940;22;;;9932.0;0.0
yf_BGS_d10;38500;INTARIAN_PEPPER_ROOT;11943;11;11939;11;;;11949;11;11952;31;;;11946.0;0.0
yf_BGS_d10;38600;ASH_COATED_OSMIUM;9928;23;9925;23;;;9934;25;9936;18;;;9931.0;0.0
yf_BGS_d10;38600;INTARIAN_PEPPER_ROOT;11945;13;11942;14;;;11951;21;11954;20;;;11948.0;0.0
yf_BGS_d10;38700;ASH_COATED_OSMIUM;9924;17;9922;32;;;9940;9;9943;20;;;9932.0;0.0
yf_BGS_d10;38700;INTARIAN_PEPPER_ROOT;11948;16;11945;17;;;11954;17;11958;16;;;11951.0;0.0
yf_BGS_d10;38800;ASH_COATED_OSMIUM;9929;15;9925;15;;;9935;9;9937;11;;;9932.0;0.0
yf_BGS_d10;38800;INTARIAN_PEPPER_ROOT;11951;16;11947;19;;;11957;15;11961;24;;;11954.0;0.0
yf_BGS_d10;38900;ASH_COATED_OSMIUM;9929;28;9925;10;;;9935;11;9939;21;;;9932.0;0.0
yf_BGS_d10;38900;INTARIAN_PEPPER_ROOT;11953;17;11950;21;;;11959;12;11962;14;;;11956.0;0.0
yf_BGS_d10;39000;ASH_COATED_OSMIUM;9930;15;9928;17;;;9936;11;9938;23;;;9933.0;0.0
yf_BGS_d10;39000;INTARIAN_PEPPER_ROOT;11952;23;11948;13;;;11964;10;11967;25;;;11958.0;0.0
yf_BGS_d10;39100;ASH_COATED_OSMIUM;9929;19;9925;15;;;9935;14;9938;18;;;9932.0;0.0
yf_BGS_d10;39100;INTARIAN_PEPPER_ROOT;11956;11;11952;23;;;11967;11;11970;29;;;11961.5;0.0
yf_BGS_d10;39200;ASH_COATED_OSMIUM;9929;20;9927;30;;;9935;17;9939;12;;;9932.0;0.0
yf_BGS_d10;39200;INTARIAN_PEPPER_ROOT;11959;9;11955;21;;;11966;20;11969;20;;;11962.5;0.0
yf_BGS_d10;39300;ASH_COATED_OSMIUM;9929;15;9926;16;;;9935;17;9937;11;;;9932.0;0.0
yf_BGS_d10;39300;INTARIAN_PEPPER_ROOT;11963;5;11961;23;;;11969;6;11972;25;;;11966.0;0.0
yf_BGS_d10;39400;ASH_COATED_OSMIUM;9923;10;9921;25;;;9941;15;9945;20;;;9932.0;0.0
yf_BGS_d10;39400;INTARIAN_PEPPER_ROOT;11965;9;11961;24;;;11971;25;11973;18;;;11968.0;0.0
yf_BGS_d10;39500;ASH_COATED_OSMIUM;9929;8;9927;20;;;9935;13;9937;20;;;9932.0;0.0
yf_BGS_d10;39500;INTARIAN_PEPPER_ROOT;11968;15;11965;8;;;11974;20;11978;24;;;11971.0;0.0
yf_BGS_d10;39600;ASH_COATED_OSMIUM;9929;13;9926;25;;;9935;16;9937;18;;;9932.0;0.0
yf_BGS_d10;39600;INTARIAN_PEPPER_ROOT;11970;20;11968;18;;;11977;5;11979;21;;;11973.5;0.0
yf_BGS_d10;39700;ASH_COATED_OSMIUM;9926;13;9922;25;;;9938;14;9942;12;;;9932.0;0.0
yf_BGS_d10;39700;INTARIAN_PEPPER_ROOT;11970;16;11968;17;;;11981;19;11984;25;;;11975.5;0.0
yf_BGS_d10;39800;ASH_COATED_OSMIUM;9929;10;9926;21;;;9935;12;9938;23;;;9932.0;0.0
yf_BGS_d10;39800;INTARIAN_PEPPER_ROOT;11973;12;11970;14;;;11983;15;11985;13;;;11978.0;0.0
yf_BGS_d10;39900;ASH_COATED_OSMIUM;9925;9;9922;9;;;9938;15;9941;26;;;9931.5;0.0
yf_BGS_d10;39900;INTARIAN_PEPPER_ROOT;11970;19;11968;23;;;11991;5;11993;20;;;11980.5;0.0
yf_BGS_d10;40000;ASH_COATED_OSMIUM;9929;12;9926;18;;;9935;15;9939;19;;;9932.0;0.0
yf_BGS_d10;40000;INTARIAN_PEPPER_ROOT;11974;19;11971;21;;;11992;10;11994;21;;;11983.0;0.0
yf_BGS_d10;40100;ASH_COATED_OSMIUM;9929;18;9926;18;;;9935;10;9938;25;;;9932.0;0.0
yf_BGS_d10;40100;INTARIAN_PEPPER_ROOT;11981;10;11978;21;;;11989;23;11992;17;;;11985.0;0.0
yf_BGS_d10;40200;ASH_COATED_OSMIUM;9929;8;9925;14;;;9936;14;9939;13;;;9932.5;0.0
yf_BGS_d10;40200;INTARIAN_PEPPER_ROOT;11985;19;11982;11;;;11991;9;11995;14;;;11988.0;0.0
yf_BGS_d10;40300;ASH_COATED_OSMIUM;9929;6;9926;10;;;9935;23;9939;20;;;9932.0;0.0
yf_BGS_d10;40300;INTARIAN_PEPPER_ROOT;11987;12;11984;14;;;11994;18;11996;23;;;11990.5;0.0
yf_BGS_d10;40400;ASH_COATED_OSMIUM;9930;14;9928;26;;;9936;18;9938;19;;;9933.0;0.0
yf_BGS_d10;40400;INTARIAN_PEPPER_ROOT;11990;19;11988;18;;;11996;7;12000;17;;;11993.0;0.0
yf_BGS_d10;40500;ASH_COATED_OSMIUM;9929;14;9927;27;;;9935;25;9939;14;;;9932.0;0.0
yf_BGS_d10;40500;INTARIAN_PEPPER_ROOT;11992;10;11988;14;;;11998;12;12001;20;;;11995.0;0.0
yf_BGS_d10;40600;ASH_COATED_OSMIUM;9925;13;9922;26;;;9941;6;9943;25;;;9933.0;0.0
yf_BGS_d10;40600;INTARIAN_PEPPER_ROOT;11994;26;11991;20;;;12000;7;12002;15;;;11997.0;0.0
yf_BGS_d10;40700;ASH_COATED_OSMIUM;9930;8;9928;16;;;9936;15;9940;16;;;9933.0;0.0
yf_BGS_d10;40700;INTARIAN_PEPPER_ROOT;11997;18;11994;27;;;12003;23;12007;30;;;12000.0;0.0
yf_BGS_d10;40800;ASH_COATED_OSMIUM;9930;17;9926;14;;;9936;21;9938;24;;;9933.0;0.0
yf_BGS_d10;40800;INTARIAN_PEPPER_ROOT;11999;17;11995;24;;;12005;22;12008;20;;;12002.0;0.0
yf_BGS_d10;40900;ASH_COATED_OSMIUM;9930;12;9926;15;;;9936;19;9940;16;;;9933.0;0.0
yf_BGS_d10;40900;INTARIAN_PEPPER_ROOT;12002;21;11999;19;;;12008;13;12012;24;;;12005.0;0.0
yf_BGS_d10;41000;ASH_COATED_OSMIUM;9930;22;9926;18;;;9936;14;9938;27;;;9933.0;0.0
yf_BGS_d10;41000;INTARIAN_PEPPER_ROOT;12004;16;12001;22;;;12010;8;12012;25;;;12007.0;0.0
yf_BGS_d10;41100;ASH_COATED_OSMIUM;9930;15;9928;27;;;9936;9;9938;25;;;9933.0;0.0
yf_BGS_d10;41100;INTARIAN_PEPPER_ROOT;12007;15;12004;18;;;12013;5;12016;16;;;12010.0;0.0
yf_BGS_d10;41200;ASH_COATED_OSMIUM;9930;16;9926;15;;;9936;14;9940;27;;;9933.0;0.0
yf_BGS_d10;41200;INTARIAN_PEPPER_ROOT;12009;11;12005;23;;;12015;15;12019;29;;;12012.0;0.0
yf_BGS_d10;41300;ASH_COATED_OSMIUM;9929;18;9926;21;;;9935;9;9938;17;;;9932.0;0.0
yf_BGS_d10;41300;INTARIAN_PEPPER_ROOT;12012;12;12009;31;;;12018;7;12020;20;;;12015.0;0.0
yf_BGS_d10;41400;ASH_COATED_OSMIUM;9929;23;9927;8;;;9935;7;9939;24;;;9932.0;0.0
yf_BGS_d10;41400;INTARIAN_PEPPER_ROOT;12014;8;12010;29;;;12020;12;12023;23;;;12017.0;0.0
yf_BGS_d10;41500;ASH_COATED_OSMIUM;9928;12;9925;19;;;9937;18;9939;11;;;9932.5;0.0
yf_BGS_d10;41500;INTARIAN_PEPPER_ROOT;12017;26;12014;11;;;12023;15;12025;15;;;12020.0;0.0
yf_BGS_d10;41600;ASH_COATED_OSMIUM;9930;12;9926;25;;;9936;12;9939;16;;;9933.0;0.0
yf_BGS_d10;41600;INTARIAN_PEPPER_ROOT;12019;11;12017;22;;;12025;18;12028;26;;;12022.0;0.0
yf_BGS_d10;41700;ASH_COATED_OSMIUM;9930;9;9928;24;;;9936;9;9939;19;;;9933.0;0.0
yf_BGS_d10;41700;INTARIAN_PEPPER_ROOT;12021;18;12018;23;;;12027;9;12030;10;;;12024.0;0.0
yf_BGS_d10;41800;ASH_COATED_OSMIUM;9924;18;9920;14;;;9941;10;9943;15;;;9932.5;0.0
yf_BGS_d10;41800;INTARIAN_PEPPER_ROOT;12024;25;12021;26;;;12030;11;12033;16;;;12027.0;0.0
yf_BGS_d10;41900;ASH_COATED_OSMIUM;9923;7;9919;19;;;9942;15;9946;17;;;9932.5;0.0
yf_BGS_d10;41900;INTARIAN_PEPPER_ROOT;12027;16;12023;25;;;12033;18;12037;24;;;12030.0;0.0
yf_BGS_d10;42000;ASH_COATED_OSMIUM;9930;15;9928;20;;;9936;24;9939;20;;;9933.0;0.0
yf_BGS_d10;42000;INTARIAN_PEPPER_ROOT;12029;12;12025;29;;;12035;12;12038;20;;;12032.0;0.0
yf_BGS_d10;42100;ASH_COATED_OSMIUM;9930;9;9927;25;;;9936;22;9940;12;;;9933.0;0.0
yf_BGS_d10;42100;INTARIAN_PEPPER_ROOT;12027;27;12025;8;;;12042;20;12045;15;;;12034.5;0.0
yf_BGS_d10;42200;ASH_COATED_OSMIUM;9928;13;9925;22;;;9939;24;9942;15;;;9933.5;0.0
yf_BGS_d10;42200;INTARIAN_PEPPER_ROOT;12034;14;12030;15;;;12040;14;12042;17;;;12037.0;0.0
yf_BGS_d10;42300;ASH_COATED_OSMIUM;9927;13;9925;11;;;9941;19;9943;23;;;9934.0;0.0
yf_BGS_d10;42300;INTARIAN_PEPPER_ROOT;12033;11;12031;17;;;12045;11;12047;14;;;12039.0;0.0
yf_BGS_d10;42400;ASH_COATED_OSMIUM;9930;16;9927;13;;;9936;11;9939;25;;;9933.0;0.0
yf_BGS_d10;42400;INTARIAN_PEPPER_ROOT;12039;11;12036;20;;;12045;8;12047;26;;;12042.0;0.0
yf_BGS_d10;42500;ASH_COATED_OSMIUM;9930;11;9928;13;;;9938;20;9942;10;;;9934.0;0.0
yf_BGS_d10;42500;INTARIAN_PEPPER_ROOT;12036;16;12033;8;;;12053;16;12055;18;;;12044.5;0.0
yf_BGS_d10;42600;ASH_COATED_OSMIUM;9930;15;9926;18;;;9936;15;9939;17;;;9933.0;0.0
yf_BGS_d10;42600;INTARIAN_PEPPER_ROOT;12042;16;12039;23;;;12051;12;12053;22;;;12046.5;0.0
yf_BGS_d10;42700;ASH_COATED_OSMIUM;9930;30;9928;21;;;9936;19;9938;14;;;9933.0;0.0
yf_BGS_d10;42700;INTARIAN_PEPPER_ROOT;12047;10;12044;21;;;12053;14;12055;17;;;12050.0;0.0
yf_BGS_d10;42800;ASH_COATED_OSMIUM;9930;17;9926;27;;;9936;18;9940;19;;;9933.0;0.0
yf_BGS_d10;42800;INTARIAN_PEPPER_ROOT;12047;18;12044;19;;;12057;9;12061;17;;;12052.0;0.0
yf_BGS_d10;42900;ASH_COATED_OSMIUM;9931;13;9928;29;;;9937;15;9939;13;;;9934.0;0.0
yf_BGS_d10;42900;INTARIAN_PEPPER_ROOT;12051;15;12047;23;;;12057;14;12061;17;;;12054.0;0.0
yf_BGS_d10;43000;ASH_COATED_OSMIUM;9931;19;9929;20;;;9937;22;9939;18;;;9934.0;0.0
yf_BGS_d10;43000;INTARIAN_PEPPER_ROOT;12049;18;12047;30;;;12065;18;12067;14;;;12057.0;0.0
yf_BGS_d10;43100;ASH_COATED_OSMIUM;9931;13;9927;32;;;9937;5;9939;8;;;9934.0;0.0
yf_BGS_d10;43100;INTARIAN_PEPPER_ROOT;12056;12;12053;14;;;12062;9;12065;20;;;12059.0;0.0
yf_BGS_d10;43200;ASH_COATED_OSMIUM;9931;12;9927;18;;;9937;13;9941;16;;;9934.0;0.0
yf_BGS_d10;43200;INTARIAN_PEPPER_ROOT;12059;23;12057;20;;;12065;24;12067;19;;;12062.0;0.0
yf_BGS_d10;43300;ASH_COATED_OSMIUM;9928;20;9925;13;;;9939;16;9942;17;;;9933.5;0.0
yf_BGS_d10;43300;INTARIAN_PEPPER_ROOT;12057;16;12053;26;;;12071;16;12074;13;;;12064.0;0.0
yf_BGS_d10;43400;ASH_COATED_OSMIUM;9930;13;9927;10;;;9936;8;9939;18;;;9933.0;0.0
yf_BGS_d10;43400;INTARIAN_PEPPER_ROOT;12051;13;12047;13;;;12083;17;12087;28;;;12067.0;0.0
yf_BGS_d10;43500;ASH_COATED_OSMIUM;9931;20;9928;17;;;9937;19;9939;17;;;9934.0;0.0
yf_BGS_d10;43500;INTARIAN_PEPPER_ROOT;12066;11;12062;18;;;12072;22;12074;18;;;12069.0;0.0
yf_BGS_d10;43600;ASH_COATED_OSMIUM;9930;15;9927;20;;;9938;19;9940;18;;;9934.0;0.0
yf_BGS_d10;43600;INTARIAN_PEPPER_ROOT;12068;15;12066;15;;;12074;9;12078;22;;;12071.0;0.0
yf_BGS_d10;43700;ASH_COATED_OSMIUM;9927;27;9925;17;;;9940;16;9942;21;;;9933.5;0.0
yf_BGS_d10;43700;INTARIAN_PEPPER_ROOT;12070;22;12067;14;;;12077;16;12081;21;;;12073.5;0.0
yf_BGS_d10;43800;ASH_COATED_OSMIUM;9928;18;9924;12;;;9940;10;9944;13;;;9934.0;0.0
yf_BGS_d10;43800;INTARIAN_PEPPER_ROOT;12073;17;12071;32;;;12079;16;12083;30;;;12076.0;0.0
yf_BGS_d10;43900;ASH_COATED_OSMIUM;9929;18;9927;13;;;9941;18;9945;16;;;9935.0;0.0
yf_BGS_d10;43900;INTARIAN_PEPPER_ROOT;12072;19;12068;21;;;12085;9;12087;14;;;12078.5;0.0
yf_BGS_d10;44000;ASH_COATED_OSMIUM;9922;6;9919;25;;;9945;15;9948;17;;;9933.5;0.0
yf_BGS_d10;44000;INTARIAN_PEPPER_ROOT;12078;8;12075;18;;;12084;14;12087;16;;;12081.0;0.0
yf_BGS_d10;44100;ASH_COATED_OSMIUM;9931;16;9929;13;;;9937;20;9940;18;;;9934.0;0.0
yf_BGS_d10;44100;INTARIAN_PEPPER_ROOT;12072;18;12068;20;;;12096;13;12100;16;;;12084.0;0.0
yf_BGS_d10;44200;ASH_COATED_OSMIUM;9931;19;9927;15;;;9937;13;9941;20;;;9934.0;0.0
yf_BGS_d10;44200;INTARIAN_PEPPER_ROOT;12082;23;12078;12;;;12091;5;12094;23;;;12086.5;0.0
yf_BGS_d10;44300;ASH_COATED_OSMIUM;9929;14;9926;8;;;9942;15;9945;25;;;9935.5;0.0
yf_BGS_d10;44300;INTARIAN_PEPPER_ROOT;12086;23;12082;17;;;12092;12;12094;14;;;12089.0;0.0
yf_BGS_d10;44400;ASH_COATED_OSMIUM;9931;16;9927;20;;;9937;13;9940;20;;;9934.0;0.0
yf_BGS_d10;44400;INTARIAN_PEPPER_ROOT;12088;16;12084;25;;;12094;10;12096;23;;;12091.0;0.0
yf_BGS_d10;44500;ASH_COATED_OSMIUM;9932;8;9929;15;;;9938;20;9940;19;;;9935.0;0.0
yf_BGS_d10;44500;INTARIAN_PEPPER_ROOT;12090;25;12087;22;;;12096;23;12100;19;;;12093.0;0.0
yf_BGS_d10;44600;ASH_COATED_OSMIUM;9930;8;9927;28;;;9938;19;9940;21;;;9934.0;0.0
yf_BGS_d10;44600;INTARIAN_PEPPER_ROOT;12093;14;12089;14;;;12099;13;12102;22;;;12096.0;0.0
yf_BGS_d10;44700;ASH_COATED_OSMIUM;9932;19;9928;19;;;9938;21;9940;17;;;9935.0;0.0
yf_BGS_d10;44700;INTARIAN_PEPPER_ROOT;12095;12;12091;21;;;12101;14;12103;20;;;12098.0;0.0
yf_BGS_d10;44800;ASH_COATED_OSMIUM;9927;18;9924;25;;;9942;13;9946;26;;;9934.5;0.0
yf_BGS_d10;44800;INTARIAN_PEPPER_ROOT;12098;7;12096;17;;;12104;11;12108;14;;;12101.0;0.0
yf_BGS_d10;44900;ASH_COATED_OSMIUM;9931;10;9928;11;;;9938;19;9941;20;;;9934.5;0.0
yf_BGS_d10;44900;INTARIAN_PEPPER_ROOT;12100;13;12096;16;;;12106;7;12110;21;;;12103.0;0.0
yf_BGS_d10;45000;ASH_COATED_OSMIUM;9918;14;9916;17;;;9951;16;9955;17;;;9934.5;0.0
yf_BGS_d10;45000;INTARIAN_PEPPER_ROOT;12103;10;12100;8;;;12109;17;12112;20;;;12106.0;0.0
yf_BGS_d10;45100;ASH_COATED_OSMIUM;9927;16;9923;18;;;9942;18;9945;16;;;9934.5;0.0
yf_BGS_d10;45100;INTARIAN_PEPPER_ROOT;12104;13;12101;14;;;12112;22;12114;16;;;12108.0;0.0
yf_BGS_d10;45200;ASH_COATED_OSMIUM;9931;5;9927;24;;;9937;16;9941;23;;;9934.0;0.0
yf_BGS_d10;45200;INTARIAN_PEPPER_ROOT;12108;14;12104;29;;;12114;14;12116;24;;;12111.0;0.0
yf_BGS_d10;45300;ASH_COATED_OSMIUM;9931;15;9929;15;;;9937;9;9941;18;;;9934.0;0.0
yf_BGS_d10;45300;INTARIAN_PEPPER_ROOT;12108;9;12104;11;;;12118;17;12121;31;;;12113.0;0.0
yf_BGS_d10;45400;ASH_COATED_OSMIUM;9932;24;9930;15;;;9938;9;9940;15;;;9935.0;0.0
yf_BGS_d10;45400;INTARIAN_PEPPER_ROOT;12106;13;12102;21;;;12126;13;12128;13;;;12116.0;0.0
yf_BGS_d10;45500;ASH_COATED_OSMIUM;9931;10;9928;25;;;9937;12;9939;20;;;9934.0;0.0
yf_BGS_d10;45500;INTARIAN_PEPPER_ROOT;12115;14;12113;26;;;12121;8;12123;19;;;12118.0;0.0
yf_BGS_d10;45600;ASH_COATED_OSMIUM;9932;17;9928;23;;;9938;7;9941;22;;;9935.0;0.0
yf_BGS_d10;45600;INTARIAN_PEPPER_ROOT;12117;12;12113;9;;;12123;16;12126;32;;;12120.0;0.0
yf_BGS_d10;45700;ASH_COATED_OSMIUM;9932;17;9928;20;;;9938;7;9942;28;;;9935.0;0.0
yf_BGS_d10;45700;INTARIAN_PEPPER_ROOT;12120;5;12118;20;;;12127;16;12129;18;;;12123.5;0.0
yf_BGS_d10;45800;ASH_COATED_OSMIUM;9932;5;9930;25;;;9938;18;9940;17;;;9935.0;0.0
yf_BGS_d10;45800;INTARIAN_PEPPER_ROOT;12121;24;12117;18;;;12131;9;12135;23;;;12126.0;0.0
yf_BGS_d10;45900;ASH_COATED_OSMIUM;9923;21;9921;20;;;9949;12;9951;16;;;9936.0;0.0
yf_BGS_d10;45900;INTARIAN_PEPPER_ROOT;12111;22;12108;19;;;12145;7;12147;15;;;12128.0;0.0
yf_BGS_d10;46000;ASH_COATED_OSMIUM;9932;17;9930;24;;;9938;18;9942;28;;;9935.0;0.0
yf_BGS_d10;46000;INTARIAN_PEPPER_ROOT;12128;17;12125;21;;;12134;18;12138;28;;;12131.0;0.0
yf_BGS_d10;46100;ASH_COATED_OSMIUM;9931;17;9928;26;;;9938;16;9940;28;;;9934.5;0.0
yf_BGS_d10;46100;INTARIAN_PEPPER_ROOT;12128;15;12125;13;;;12139;6;12142;20;;;12133.5;0.0
yf_BGS_d10;46200;ASH_COATED_OSMIUM;9925;19;9923;8;;;9946;10;9949;16;;;9935.5;0.0
yf_BGS_d10;46200;INTARIAN_PEPPER_ROOT;12130;10;12126;19;;;12141;15;12143;25;;;12135.5;0.0
yf_BGS_d10;46300;ASH_COATED_OSMIUM;9932;15;9930;15;;;9938;19;9942;26;;;9935.0;0.0
yf_BGS_d10;46300;INTARIAN_PEPPER_ROOT;12135;13;12132;16;;;12141;17;12143;26;;;12138.0;0.0
yf_BGS_d10;46400;ASH_COATED_OSMIUM;9932;18;9929;32;;;9938;25;9940;14;;;9935.0;0.0
yf_BGS_d10;46400;INTARIAN_PEPPER_ROOT;12137;10;12134;13;;;12143;18;12147;15;;;12140.0;0.0
yf_BGS_d10;46500;ASH_COATED_OSMIUM;9921;11;9919;13;;;9949;9;9951;21;;;9935.0;0.0
yf_BGS_d10;46500;INTARIAN_PEPPER_ROOT;12140;16;12136;10;;;12146;13;12149;15;;;12143.0;0.0
yf_BGS_d10;46600;ASH_COATED_OSMIUM;9932;14;9928;21;;;9938;14;9941;22;;;9935.0;0.0
yf_BGS_d10;46600;INTARIAN_PEPPER_ROOT;12142;19;12140;29;;;12148;17;12152;16;;;12145.0;0.0
yf_BGS_d10;46700;ASH_COATED_OSMIUM;9932;14;9930;13;;;9938;20;9940;20;;;9935.0;0.0
yf_BGS_d10;46700;INTARIAN_PEPPER_ROOT;12138;15;12134;27;;;12156;11;12158;8;;;12147.0;0.0
yf_BGS_d10;46800;ASH_COATED_OSMIUM;9931;19;9929;23;;;9939;21;9943;23;;;9935.0;0.0
yf_BGS_d10;46800;INTARIAN_PEPPER_ROOT;12147;17;12145;21;;;12153;5;12155;21;;;12150.0;0.0
yf_BGS_d10;46900;ASH_COATED_OSMIUM;9932;19;9929;22;;;9938;6;9942;19;;;9935.0;0.0
yf_BGS_d10;46900;INTARIAN_PEPPER_ROOT;12149;5;12147;25;;;12156;12;12158;24;;;12152.5;0.0
yf_BGS_d10;47000;ASH_COATED_OSMIUM;9932;14;9930;24;;;9938;13;9942;18;;;9935.0;0.0
yf_BGS_d10;47000;INTARIAN_PEPPER_ROOT;12152;13;12148;17;;;12158;14;12161;23;;;12155.0;0.0
yf_BGS_d10;47100;ASH_COATED_OSMIUM;9931;21;9928;16;;;9940;20;9942;23;;;9935.5;0.0
yf_BGS_d10;47100;INTARIAN_PEPPER_ROOT;12155;17;12152;25;;;12161;16;12165;27;;;12158.0;0.0
yf_BGS_d10;47200;ASH_COATED_OSMIUM;9932;6;9930;23;;;9938;26;9940;22;;;9935.0;0.0
yf_BGS_d10;47200;INTARIAN_PEPPER_ROOT;12157;6;12153;17;;;12163;12;12166;28;;;12160.0;0.0
yf_BGS_d10;47300;ASH_COATED_OSMIUM;9933;25;9931;28;;;9939;15;9942;22;;;9936.0;0.0
yf_BGS_d10;47300;INTARIAN_PEPPER_ROOT;12159;14;12157;18;;;12166;19;12169;15;;;12162.5;0.0
yf_BGS_d10;47400;ASH_COATED_OSMIUM;9921;11;9919;19;;;9951;12;9954;28;;;9936.0;0.0
yf_BGS_d10;47400;INTARIAN_PEPPER_ROOT;12162;15;12160;11;;;12168;25;12171;14;;;12165.0;0.0
yf_BGS_d10;47500;ASH_COATED_OSMIUM;9928;13;9926;16;;;9944;17;9947;12;;;9936.0;0.0
yf_BGS_d10;47500;INTARIAN_PEPPER_ROOT;12161;13;12158;27;;;12175;12;12178;35;;;12168.0;0.0
yf_BGS_d10;47600;ASH_COATED_OSMIUM;9933;16;9930;21;;;9939;14;9943;22;;;9936.0;0.0
yf_BGS_d10;47600;INTARIAN_PEPPER_ROOT;12161;21;12159;19;;;12180;17;12184;15;;;12170.5;0.0
yf_BGS_d10;47700;ASH_COATED_OSMIUM;9929;12;9926;28;;;9942;22;9945;18;;;9935.5;0.0
yf_BGS_d10;47700;INTARIAN_PEPPER_ROOT;12169;12;12166;20;;;12175;10;12179;14;;;12172.0;0.0
yf_BGS_d10;47800;ASH_COATED_OSMIUM;9932;9;9928;21;;;9938;15;9941;16;;;9935.0;0.0
yf_BGS_d10;47800;INTARIAN_PEPPER_ROOT;12171;15;12169;18;;;12177;19;12179;22;;;12174.0;0.0
yf_BGS_d10;47900;ASH_COATED_OSMIUM;9930;16;9928;24;;;9941;13;9943;17;;;9935.5;0.0
yf_BGS_d10;47900;INTARIAN_PEPPER_ROOT;12174;18;12170;19;;;12180;16;12182;27;;;12177.0;0.0
yf_BGS_d10;48000;ASH_COATED_OSMIUM;9933;21;9930;14;;;9939;24;9941;24;;;9936.0;0.0
yf_BGS_d10;48000;INTARIAN_PEPPER_ROOT;12169;6;12166;15;;;12191;21;12193;14;;;12180.0;0.0
yf_BGS_d10;48100;ASH_COATED_OSMIUM;9933;15;9929;26;;;9939;17;9942;17;;;9936.0;0.0
yf_BGS_d10;48100;INTARIAN_PEPPER_ROOT;12179;26;12177;12;;;12185;21;12188;14;;;12182.0;0.0
yf_BGS_d10;48200;ASH_COATED_OSMIUM;9931;21;9928;16;;;9940;16;9943;26;;;9935.5;0.0
yf_BGS_d10;48200;INTARIAN_PEPPER_ROOT;12179;13;12177;21;;;12189;14;12193;18;;;12184.0;0.0
yf_BGS_d10;48300;ASH_COATED_OSMIUM;9929;24;9925;20;;;9942;20;9944;8;;;9935.5;0.0
yf_BGS_d10;48300;INTARIAN_PEPPER_ROOT;12183;13;12179;20;;;12192;15;12194;23;;;12187.5;0.0
yf_BGS_d10;48400;ASH_COATED_OSMIUM;9931;16;9929;24;;;9941;13;9944;31;;;9936.0;0.0
yf_BGS_d10;48400;INTARIAN_PEPPER_ROOT;12186;8;12182;16;;;12192;10;12195;22;;;12189.0;0.0
yf_BGS_d10;48500;ASH_COATED_OSMIUM;9933;22;9930;14;;;9939;14;9941;20;;;9936.0;0.0
yf_BGS_d10;48500;INTARIAN_PEPPER_ROOT;12188;25;12184;9;;;12197;25;12200;18;;;12192.5;0.0
yf_BGS_d10;48600;ASH_COATED_OSMIUM;9933;15;9930;13;;;9939;15;9941;25;;;9936.0;0.0
yf_BGS_d10;48600;INTARIAN_PEPPER_ROOT;12188;18;12184;18;;;12200;12;12202;28;;;12194.0;0.0
yf_BGS_d10;48700;ASH_COATED_OSMIUM;9934;19;9932;24;;;9940;5;9942;25;;;9937.0;0.0
yf_BGS_d10;48700;INTARIAN_PEPPER_ROOT;12194;16;12192;25;;;12200;22;12204;28;;;12197.0;0.0
yf_BGS_d10;48800;ASH_COATED_OSMIUM;9933;18;9931;16;;;9939;8;9942;16;;;9936.0;0.0
yf_BGS_d10;48800;INTARIAN_PEPPER_ROOT;12193;8;12191;26;;;12206;15;12208;25;;;12199.5;0.0
yf_BGS_d10;48900;ASH_COATED_OSMIUM;9930;12;9926;21;;;9942;11;9946;21;;;9936.0;0.0
yf_BGS_d10;48900;INTARIAN_PEPPER_ROOT;12199;17;12197;18;;;12205;9;12209;25;;;12202.0;0.0
yf_BGS_d10;49000;ASH_COATED_OSMIUM;9928;12;9925;14;;;9945;25;9949;25;;;9936.5;0.0
yf_BGS_d10;49000;INTARIAN_PEPPER_ROOT;12201;11;12198;22;;;12207;16;12210;18;;;12204.0;0.0
yf_BGS_d10;49100;ASH_COATED_OSMIUM;9932;11;9930;21;;;9941;13;9945;21;;;9936.5;0.0
yf_BGS_d10;49100;INTARIAN_PEPPER_ROOT;12200;16;12198;11;;;12215;13;12217;21;;;12207.5;0.0
yf_BGS_d10;49200;ASH_COATED_OSMIUM;9933;9;9931;17;;;9939;16;9941;15;;;9936.0;0.0
yf_BGS_d10;49200;INTARIAN_PEPPER_ROOT;12204;18;12200;15;;;12213;20;12217;32;;;12208.5;0.0
yf_BGS_d10;49300;ASH_COATED_OSMIUM;9932;26;9929;20;;;9940;23;9943;19;;;9936.0;0.0
yf_BGS_d10;49300;INTARIAN_PEPPER_ROOT;12206;23;12203;17;;;12219;19;12221;9;;;12212.5;0.0
yf_BGS_d10;49400;ASH_COATED_OSMIUM;9933;5;9930;26;;;9939;8;9942;17;;;9936.0;0.0
yf_BGS_d10;49400;INTARIAN_PEPPER_ROOT;12211;9;12208;14;;;12217;13;12219;23;;;12214.0;0.0
yf_BGS_d10;49500;ASH_COATED_OSMIUM;9934;8;9932;21;;;9940;19;9944;19;;;9937.0;0.0
yf_BGS_d10;49500;INTARIAN_PEPPER_ROOT;12208;11;12204;20;;;12225;19;12228;18;;;12216.5;0.0
yf_BGS_d10;49600;ASH_COATED_OSMIUM;9925;15;9922;20;;;9948;12;9951;12;;;9936.5;0.0
yf_BGS_d10;49600;INTARIAN_PEPPER_ROOT;12212;15;12209;12;;;12225;12;12229;24;;;12218.5;0.0
yf_BGS_d10;49700;ASH_COATED_OSMIUM;9931;8;9929;15;;;9943;16;9947;19;;;9937.0;0.0
yf_BGS_d10;49700;INTARIAN_PEPPER_ROOT;12208;13;12206;14;;;12233;19;12237;20;;;12220.5;0.0
yf_BGS_d10;49800;ASH_COATED_OSMIUM;9934;16;9931;18;;;9940;15;9944;22;;;9937.0;0.0
yf_BGS_d10;49800;INTARIAN_PEPPER_ROOT;12221;9;12219;16;;;12227;17;12229;20;;;12224.0;0.0
yf_BGS_d10;49900;ASH_COATED_OSMIUM;9933;13;9930;14;;;9939;8;9941;20;;;9936.0;0.0
yf_BGS_d10;49900;INTARIAN_PEPPER_ROOT;12224;5;12221;18;;;12230;8;12233;17;;;12227.0;0.0
yf_BGS_d10;50000;ASH_COATED_OSMIUM;9933;16;9929;12;;;9941;11;9945;22;;;9937.0;0.0
yf_BGS_d10;50000;INTARIAN_PEPPER_ROOT;12223;21;12221;13;;;12235;5;12238;16;;;12229.0;0.0
yf_BGS_d10;50100;ASH_COATED_OSMIUM;9933;17;9929;19;;;9939;29;9942;25;;;9936.0;0.0
yf_BGS_d10;50100;INTARIAN_PEPPER_ROOT;12224;10;12222;23;;;12238;17;12242;21;;;12231.0;0.0
yf_BGS_d10;50200;ASH_COATED_OSMIUM;9933;14;9931;22;;;9940;16;9942;21;;;9936.5;0.0
yf_BGS_d10;50200;INTARIAN_PEPPER_ROOT;12228;21;12224;30;;;12240;22;12242;16;;;12234.0;0.0
yf_BGS_d10;50300;ASH_COATED_OSMIUM;9934;17;9931;25;;;9940;7;9942;26;;;9937.0;0.0
yf_BGS_d10;50300;INTARIAN_PEPPER_ROOT;12227;22;12225;34;;;12246;15;12248;21;;;12236.5;0.0
yf_BGS_d10;50400;ASH_COATED_OSMIUM;9931;9;9929;13;;;9943;9;9946;12;;;9937.0;0.0
yf_BGS_d10;50400;INTARIAN_PEPPER_ROOT;12236;18;12234;26;;;12242;15;12244;9;;;12239.0;0.0
yf_BGS_d10;50500;ASH_COATED_OSMIUM;9934;23;9932;20;;;9940;10;9943;19;;;9937.0;0.0
yf_BGS_d10;50500;INTARIAN_PEPPER_ROOT;12238;19;12234;19;;;12244;11;12247;18;;;12241.0;0.0
yf_BGS_d10;50600;ASH_COATED_OSMIUM;9933;13;9931;10;;;9939;14;9941;25;;;9936.0;0.0
yf_BGS_d10;50600;INTARIAN_PEPPER_ROOT;12240;19;12237;16;;;12246;13;12249;20;;;12243.0;0.0
yf_BGS_d10;50700;ASH_COATED_OSMIUM;9934;28;9930;26;;;9940;11;9943;19;;;9937.0;0.0
yf_BGS_d10;50700;INTARIAN_PEPPER_ROOT;12243;16;12240;16;;;12249;11;12251;14;;;12246.0;0.0
yf_BGS_d10;50800;ASH_COATED_OSMIUM;9932;22;9928;24;;;9942;21;9946;16;;;9937.0;0.0
yf_BGS_d10;50800;INTARIAN_PEPPER_ROOT;12246;5;12242;16;;;12252;10;12254;12;;;12249.0;0.0
yf_BGS_d10;50900;ASH_COATED_OSMIUM;9917;15;9915;20;;;9956;17;9960;22;;;9936.5;0.0
yf_BGS_d10;50900;INTARIAN_PEPPER_ROOT;12246;19;12244;13;;;12252;5;12254;22;;;12249.0;0.0
yf_BGS_d10;51000;ASH_COATED_OSMIUM;9934;14;9930;17;;;9940;14;9944;21;;;9937.0;0.0
yf_BGS_d10;51000;INTARIAN_PEPPER_ROOT;12246;21;12243;24;;;12252;25;12255;15;;;12249.0;0.0
yf_BGS_d10;51100;ASH_COATED_OSMIUM;9923;12;9919;17;;;9951;16;9953;24;;;9937.0;0.0
yf_BGS_d10;51100;INTARIAN_PEPPER_ROOT;12245;19;12242;18;;;12251;13;12255;18;;;12248.0;0.0
yf_BGS_d10;51200;ASH_COATED_OSMIUM;9930;15;9928;16;;;9944;25;9946;26;;;9937.0;0.0
yf_BGS_d10;51200;INTARIAN_PEPPER_ROOT;12244;17;12240;26;;;12250;14;12253;23;;;12247.0;0.0
yf_BGS_d10;51300;ASH_COATED_OSMIUM;9933;11;9930;21;;;9942;11;9945;12;;;9937.5;0.0
yf_BGS_d10;51300;INTARIAN_PEPPER_ROOT;12231;18;12228;16;;;12261;29;12263;15;;;12246.0;0.0
yf_BGS_d10;51400;ASH_COATED_OSMIUM;9932;17;9930;32;;;9943;21;9946;23;;;9937.5;0.0
yf_BGS_d10;51400;INTARIAN_PEPPER_ROOT;12242;13;12240;9;;;12249;9;12252;19;;;12245.5;0.0
yf_BGS_d10;51500;ASH_COATED_OSMIUM;9930;20;9928;24;;;9943;14;9947;13;;;9936.5;0.0
yf_BGS_d10;51500;INTARIAN_PEPPER_ROOT;12242;13;12238;24;;;12248;14;12251;29;;;12245.0;0.0
yf_BGS_d10;51600;ASH_COATED_OSMIUM;9934;12;9932;16;;;9940;10;9943;25;;;9937.0;0.0
yf_BGS_d10;51600;INTARIAN_PEPPER_ROOT;12241;15;12239;15;;;12247;13;12249;13;;;12244.0;0.0
yf_BGS_d10;51700;ASH_COATED_OSMIUM;9933;9;9929;21;;;9939;14;9942;20;;;9936.0;0.0
yf_BGS_d10;51700;INTARIAN_PEPPER_ROOT;12237;10;12234;20;;;12250;13;12252;18;;;12243.5;0.0
yf_BGS_d10;51800;ASH_COATED_OSMIUM;9931;17;9928;16;;;9942;13;9945;24;;;9936.5;0.0
yf_BGS_d10;51800;INTARIAN_PEPPER_ROOT;12239;19;12236;22;;;12245;16;12247;10;;;12242.0;0.0
yf_BGS_d10;51900;ASH_COATED_OSMIUM;9933;19;9929;28;;;9939;16;9941;12;;;9936.0;0.0
yf_BGS_d10;51900;INTARIAN_PEPPER_ROOT;12239;7;12237;21;;;12245;18;12248;21;;;12242.0;0.0
yf_BGS_d10;52000;ASH_COATED_OSMIUM;9928;18;9924;20;;;9944;21;9947;20;;;9936.0;0.0
yf_BGS_d10;52000;INTARIAN_PEPPER_ROOT;12238;14;12235;24;;;12244;19;12248;11;;;12241.0;0.0
yf_BGS_d10;52100;ASH_COATED_OSMIUM;9932;13;9929;14;;;9940;12;9944;24;;;9936.0;0.0
yf_BGS_d10;52100;INTARIAN_PEPPER_ROOT;12234;12;12230;16;;;12247;19;12251;16;;;12240.5;0.0
yf_BGS_d10;52200;ASH_COATED_OSMIUM;9933;15;9931;12;;;9941;21;9945;20;;;9937.0;0.0
yf_BGS_d10;52200;INTARIAN_PEPPER_ROOT;12237;22;12235;17;;;12243;11;12247;20;;;12240.0;0.0
yf_BGS_d10;52300;ASH_COATED_OSMIUM;9922;19;9920;26;;;9950;12;9953;17;;;9936.0;0.0
yf_BGS_d10;52300;INTARIAN_PEPPER_ROOT;12234;15;12231;21;;;12243;11;12246;17;;;12238.5;0.0
yf_BGS_d10;52400;ASH_COATED_OSMIUM;9932;15;9929;13;;;9939;18;9941;21;;;9935.5;0.0
yf_BGS_d10;52400;INTARIAN_PEPPER_ROOT;12229;21;12225;16;;;12246;12;12248;17;;;12237.5;0.0
yf_BGS_d10;52500;ASH_COATED_OSMIUM;9933;12;9929;10;;;9939;18;9941;23;;;9936.0;0.0
yf_BGS_d10;52500;INTARIAN_PEPPER_ROOT;12220;11;12218;24;;;12255;18;12258;24;;;12237.5;0.0
yf_BGS_d10;52600;ASH_COATED_OSMIUM;9933;5;9929;19;;;9939;19;9943;19;;;9936.0;0.0
yf_BGS_d10;52600;INTARIAN_PEPPER_ROOT;12232;22;12230;21;;;12241;20;12245;22;;;12236.5;0.0
yf_BGS_d10;52700;ASH_COATED_OSMIUM;9933;7;9931;21;;;9939;13;9941;22;;;9936.0;0.0
yf_BGS_d10;52700;INTARIAN_PEPPER_ROOT;12228;22;12225;17;;;12244;15;12248;23;;;12236.0;0.0
yf_BGS_d10;52800;ASH_COATED_OSMIUM;9933;10;9930;21;;;9939;18;9941;29;;;9936.0;0.0
yf_BGS_d10;52800;INTARIAN_PEPPER_ROOT;12232;15;12230;20;;;12238;23;12241;10;;;12235.0;0.0
yf_BGS_d10;52900;ASH_COATED_OSMIUM;9933;13;9931;17;;;9939;14;9942;19;;;9936.0;0.0
yf_BGS_d10;52900;INTARIAN_PEPPER_ROOT;12228;16;12225;19;;;12241;15;12244;22;;;12234.5;0.0
yf_BGS_d10;53000;ASH_COATED_OSMIUM;9929;8;9925;13;;;9942;14;9946;23;;;9935.5;0.0
yf_BGS_d10;53000;INTARIAN_PEPPER_ROOT;12228;11;12226;19;;;12239;13;12243;21;;;12233.5;0.0
yf_BGS_d10;53100;ASH_COATED_OSMIUM;9933;10;9931;24;;;9939;21;9941;13;;;9936.0;0.0
yf_BGS_d10;53100;INTARIAN_PEPPER_ROOT;12229;22;12226;21;;;12235;6;12239;30;;;12232.0;0.0
yf_BGS_d10;53200;ASH_COATED_OSMIUM;9928;12;9925;18;;;9943;6;9947;20;;;9935.5;0.0
yf_BGS_d10;53200;INTARIAN_PEPPER_ROOT;12226;8;12222;23;;;12238;10;12241;22;;;12232.0;0.0
yf_BGS_d10;53300;ASH_COATED_OSMIUM;9933;20;9929;18;;;9939;18;9942;19;;;9936.0;0.0
yf_BGS_d10;53300;INTARIAN_PEPPER_ROOT;12228;17;12224;17;;;12235;18;12237;20;;;12231.5;0.0
yf_BGS_d10;53400;ASH_COATED_OSMIUM;9933;16;9931;24;;;9939;10;9943;13;;;9936.0;0.0
yf_BGS_d10;53400;INTARIAN_PEPPER_ROOT;12224;14;12222;18;;;12237;18;12241;23;;;12230.5;0.0
yf_BGS_d10;53500;ASH_COATED_OSMIUM;9933;12;9929;23;;;9939;26;9942;24;;;9936.0;0.0
yf_BGS_d10;53500;INTARIAN_PEPPER_ROOT;12222;7;12219;30;;;12237;15;12239;22;;;12229.5;0.0
yf_BGS_d10;53600;ASH_COATED_OSMIUM;9932;10;9928;22;;;9938;8;9942;26;;;9935.0;0.0
yf_BGS_d10;53600;INTARIAN_PEPPER_ROOT;12226;21;12224;31;;;12232;16;12236;19;;;12229.0;0.0
yf_BGS_d10;53700;ASH_COATED_OSMIUM;9927;12;9925;11;;;9945;17;9949;25;;;9936.0;0.0
yf_BGS_d10;53700;INTARIAN_PEPPER_ROOT;12215;16;12211;25;;;12242;8;12245;18;;;12228.5;0.0
yf_BGS_d10;53800;ASH_COATED_OSMIUM;9923;14;9920;16;;;9948;14;9952;23;;;9935.5;0.0
yf_BGS_d10;53800;INTARIAN_PEPPER_ROOT;12225;11;12223;12;;;12231;19;12235;19;;;12228.0;0.0
yf_BGS_d10;53900;ASH_COATED_OSMIUM;9933;10;9931;21;;;9939;16;9942;20;;;9936.0;0.0
yf_BGS_d10;53900;INTARIAN_PEPPER_ROOT;12220;16;12217;28;;;12232;10;12235;17;;;12226.0;0.0
yf_BGS_d10;54000;ASH_COATED_OSMIUM;9933;17;9931;21;;;9939;10;9942;22;;;9936.0;0.0
yf_BGS_d10;54000;INTARIAN_PEPPER_ROOT;12219;9;12215;23;;;12234;14;12236;20;;;12226.5;0.0
yf_BGS_d10;54100;ASH_COATED_OSMIUM;9932;13;9929;19;;;9938;23;9940;21;;;9935.0;0.0
yf_BGS_d10;54100;INTARIAN_PEPPER_ROOT;12220;20;12217;16;;;12232;15;12236;16;;;12226.0;0.0
yf_BGS_d10;54200;ASH_COATED_OSMIUM;9930;5;9926;15;;;9940;20;9943;14;;;9935.0;0.0
yf_BGS_d10;54200;INTARIAN_PEPPER_ROOT;12220;16;12216;19;;;12229;17;12233;22;;;12224.5;0.0
yf_BGS_d10;54300;ASH_COATED_OSMIUM;9932;18;9930;15;;;9938;15;9942;19;;;9935.0;0.0
yf_BGS_d10;54300;INTARIAN_PEPPER_ROOT;12217;19;12213;18;;;12231;11;12233;19;;;12224.0;0.0
yf_BGS_d10;54400;ASH_COATED_OSMIUM;9924;15;9920;16;;;9948;19;9950;25;;;9936.0;0.0
yf_BGS_d10;54400;INTARIAN_PEPPER_ROOT;12220;17;12218;13;;;12226;13;12229;14;;;12223.0;0.0
yf_BGS_d10;54500;ASH_COATED_OSMIUM;9932;10;9928;15;;;9939;8;9943;22;;;9935.5;0.0
yf_BGS_d10;54500;INTARIAN_PEPPER_ROOT;12217;10;12213;23;;;12228;15;12230;18;;;12222.5;0.0
yf_BGS_d10;54600;ASH_COATED_OSMIUM;9932;19;9930;16;;;9938;19;9942;20;;;9935.0;0.0
yf_BGS_d10;54600;INTARIAN_PEPPER_ROOT;12219;7;12217;25;;;12225;15;12228;18;;;12222.0;0.0
yf_BGS_d10;54700;ASH_COATED_OSMIUM;9932;15;9929;17;;;9938;20;9940;12;;;9935.0;0.0
yf_BGS_d10;54700;INTARIAN_PEPPER_ROOT;12218;5;12214;29;;;12224;10;12228;18;;;12221.0;0.0
yf_BGS_d10;54800;ASH_COATED_OSMIUM;9932;24;9930;18;;;9938;16;9941;23;;;9935.0;0.0
yf_BGS_d10;54800;INTARIAN_PEPPER_ROOT;12213;18;12211;17;;;12227;18;12230;22;;;12220.0;0.0
yf_BGS_d10;54900;ASH_COATED_OSMIUM;9932;13;9928;18;;;9938;22;9942;26;;;9935.0;0.0
yf_BGS_d10;54900;INTARIAN_PEPPER_ROOT;12206;16;12203;26;;;12233;11;12236;22;;;12219.5;0.0
yf_BGS_d10;55000;ASH_COATED_OSMIUM;9932;15;9929;22;;;9938;16;9942;16;;;9935.0;0.0
yf_BGS_d10;55000;INTARIAN_PEPPER_ROOT;12211;7;12209;32;;;12225;9;12228;20;;;12218.0;0.0
yf_BGS_d10;55100;ASH_COATED_OSMIUM;9928;8;9925;16;;;9942;26;9946;20;;;9935.0;0.0
yf_BGS_d10;55100;INTARIAN_PEPPER_ROOT;12215;12;12213;10;;;12221;18;12223;22;;;12218.0;0.0
yf_BGS_d10;55200;ASH_COATED_OSMIUM;9932;9;9929;18;;;9938;17;9940;21;;;9935.0;0.0
yf_BGS_d10;55200;INTARIAN_PEPPER_ROOT;12211;19;12207;22;;;12223;16;12227;17;;;12217.0;0.0
yf_BGS_d10;55300;ASH_COATED_OSMIUM;9924;16;9922;21;;;9944;8;9948;15;;;9934.0;0.0
yf_BGS_d10;55300;INTARIAN_PEPPER_ROOT;12210;9;12208;13;;;12223;16;12227;25;;;12216.5;0.0
yf_BGS_d10;55400;ASH_COATED_OSMIUM;9929;16;9927;26;;;9940;17;9944;18;;;9934.5;0.0
yf_BGS_d10;55400;INTARIAN_PEPPER_ROOT;12209;17;12207;21;;;12224;11;12228;17;;;12216.5;0.0
yf_BGS_d10;55500;ASH_COATED_OSMIUM;9928;12;9924;20;;;9941;24;9944;21;;;9934.5;0.0
yf_BGS_d10;55500;INTARIAN_PEPPER_ROOT;12212;20;12209;22;;;12218;15;12220;20;;;12215.0;0.0
yf_BGS_d10;55600;ASH_COATED_OSMIUM;9931;11;9927;25;;;9937;10;9940;13;;;9934.0;0.0
yf_BGS_d10;55600;INTARIAN_PEPPER_ROOT;12211;15;12208;23;;;12218;12;12221;19;;;12214.5;0.0
yf_BGS_d10;55700;ASH_COATED_OSMIUM;9931;8;9928;17;;;9937;11;9940;13;;;9934.0;0.0
yf_BGS_d10;55700;INTARIAN_PEPPER_ROOT;12211;18;12208;32;;;12217;10;12219;25;;;12214.0;0.0
yf_BGS_d10;55800;ASH_COATED_OSMIUM;9923;23;9921;13;;;9946;15;9948;26;;;9934.5;0.0
yf_BGS_d10;55800;INTARIAN_PEPPER_ROOT;12210;18;12206;17;;;12216;10;12218;19;;;12213.0;0.0
yf_BGS_d10;55900;ASH_COATED_OSMIUM;9931;5;9927;20;;;9937;13;9940;23;;;9934.0;0.0
yf_BGS_d10;55900;INTARIAN_PEPPER_ROOT;12209;17;12207;17;;;12215;9;12219;22;;;12212.0;0.0
yf_BGS_d10;56000;ASH_COATED_OSMIUM;9931;9;9927;23;;;9937;8;9939;24;;;9934.0;0.0
yf_BGS_d10;56000;INTARIAN_PEPPER_ROOT;12209;15;12206;17;;;12215;16;12219;19;;;12212.0;0.0
yf_BGS_d10;56100;ASH_COATED_OSMIUM;9930;14;9926;14;;;9937;19;9939;24;;;9933.5;0.0
yf_BGS_d10;56100;INTARIAN_PEPPER_ROOT;12207;16;12204;20;;;12213;7;12217;23;;;12210.0;0.0
yf_BGS_d10;56200;ASH_COATED_OSMIUM;9927;12;9923;14;;;9941;14;9945;23;;;9934.0;0.0
yf_BGS_d10;56200;INTARIAN_PEPPER_ROOT;12201;10;12197;22;;;12218;11;12221;23;;;12209.5;0.0
yf_BGS_d10;56300;ASH_COATED_OSMIUM;9928;15;9925;11;;;9940;26;9942;25;;;9934.0;0.0
yf_BGS_d10;56300;INTARIAN_PEPPER_ROOT;12205;16;12201;19;;;12213;14;12217;14;;;12209.0;0.0
yf_BGS_d10;56400;ASH_COATED_OSMIUM;9927;12;9923;19;;;9940;11;9944;17;;;9933.5;0.0
yf_BGS_d10;56400;INTARIAN_PEPPER_ROOT;12206;12;12202;13;;;12212;5;12215;10;;;12209.0;0.0
yf_BGS_d10;56500;ASH_COATED_OSMIUM;9915;5;9911;27;;;9952;13;9954;22;;;9933.5;0.0
yf_BGS_d10;56500;INTARIAN_PEPPER_ROOT;12205;13;12202;13;;;12211;12;12213;12;;;12208.0;0.0
yf_BGS_d10;56600;ASH_COATED_OSMIUM;9931;10;9927;13;;;9937;5;9939;19;;;9934.0;0.0
yf_BGS_d10;56600;INTARIAN_PEPPER_ROOT;12204;18;12201;18;;;12211;23;12215;18;;;12207.5;0.0
yf_BGS_d10;56700;ASH_COATED_OSMIUM;9931;15;9929;14;;;9937;17;9941;9;;;9934.0;0.0
yf_BGS_d10;56700;INTARIAN_PEPPER_ROOT;12202;24;12198;13;;;12210;9;12214;22;;;12206.0;0.0
yf_BGS_d10;56800;ASH_COATED_OSMIUM;9927;5;9923;18;;;9940;14;9942;21;;;9933.5;0.0
yf_BGS_d10;56800;INTARIAN_PEPPER_ROOT;12203;17;12199;20;;;12209;10;12213;20;;;12206.0;0.0
yf_BGS_d10;56900;ASH_COATED_OSMIUM;9930;17;9926;10;;;9936;12;9938;22;;;9933.0;0.0
yf_BGS_d10;56900;INTARIAN_PEPPER_ROOT;12202;17;12200;20;;;12208;18;12212;14;;;12205.0;0.0
yf_BGS_d10;57000;ASH_COATED_OSMIUM;9927;22;9925;25;;;9941;8;9943;29;;;9934.0;0.0
yf_BGS_d10;57000;INTARIAN_PEPPER_ROOT;12201;13;12199;18;;;12209;21;12212;25;;;12205.0;0.0
yf_BGS_d10;57100;ASH_COATED_OSMIUM;9930;22;9927;19;;;9936;18;9939;22;;;9933.0;0.0
yf_BGS_d10;57100;INTARIAN_PEPPER_ROOT;12181;17;12177;22;;;12224;7;12228;14;;;12202.5;0.0
yf_BGS_d10;57200;ASH_COATED_OSMIUM;9924;16;9920;12;;;9944;11;9948;14;;;9934.0;0.0
yf_BGS_d10;57200;INTARIAN_PEPPER_ROOT;12200;20;12197;19;;;12206;18;12208;16;;;12203.0;0.0
yf_BGS_d10;57300;ASH_COATED_OSMIUM;9927;14;9925;15;;;9940;18;9944;18;;;9933.5;0.0
yf_BGS_d10;57300;INTARIAN_PEPPER_ROOT;12199;20;12195;25;;;12205;19;12209;18;;;12202.0;0.0
yf_BGS_d10;57400;ASH_COATED_OSMIUM;9930;29;9927;15;;;9936;10;9940;17;;;9933.0;0.0
yf_BGS_d10;57400;INTARIAN_PEPPER_ROOT;12198;11;12194;25;;;12204;8;12207;22;;;12201.0;0.0
yf_BGS_d10;57500;ASH_COATED_OSMIUM;9930;14;9928;14;;;9936;8;9939;11;;;9933.0;0.0
yf_BGS_d10;57500;INTARIAN_PEPPER_ROOT;12188;22;12185;28;;;12214;18;12216;22;;;12201.0;0.0
yf_BGS_d10;57600;ASH_COATED_OSMIUM;9930;24;9926;11;;;9936;20;9940;17;;;9933.0;0.0
yf_BGS_d10;57600;INTARIAN_PEPPER_ROOT;12197;6;12194;13;;;12203;14;12207;11;;;12200.0;0.0
yf_BGS_d10;57700;ASH_COATED_OSMIUM;9931;16;9927;18;;;9937;19;9939;15;;;9934.0;0.0
yf_BGS_d10;57700;INTARIAN_PEPPER_ROOT;12196;13;12194;21;;;12202;12;12206;18;;;12199.0;0.0
yf_BGS_d10;57800;ASH_COATED_OSMIUM;9930;13;9927;22;;;9936;11;9939;23;;;9933.0;0.0
yf_BGS_d10;57800;INTARIAN_PEPPER_ROOT;12195;23;12192;17;;;12202;15;12206;30;;;12198.5;0.0
yf_BGS_d10;57900;ASH_COATED_OSMIUM;9927;12;9925;22;;;9939;11;9942;24;;;9933.0;0.0
yf_BGS_d10;57900;INTARIAN_PEPPER_ROOT;12185;12;12181;22;;;12210;6;12212;19;;;12197.5;0.0
yf_BGS_d10;58000;ASH_COATED_OSMIUM;9929;13;9927;28;;;9936;14;9939;25;;;9932.5;0.0
yf_BGS_d10;58000;INTARIAN_PEPPER_ROOT;12182;10;12178;13;;;12211;9;12214;21;;;12196.5;0.0
yf_BGS_d10;58100;ASH_COATED_OSMIUM;9930;18;9928;20;;;9936;12;9939;16;;;9933.0;0.0
yf_BGS_d10;58100;INTARIAN_PEPPER_ROOT;12184;9;12182;15;;;12208;18;12212;18;;;12196.0;0.0
yf_BGS_d10;58200;ASH_COATED_OSMIUM;9929;25;9925;28;;;9935;18;9938;12;;;9932.0;0.0
yf_BGS_d10;58200;INTARIAN_PEPPER_ROOT;12186;20;12182;19;;;12205;15;12209;22;;;12195.5;0.0
yf_BGS_d10;58300;ASH_COATED_OSMIUM;9915;10;9911;15;;;9950;14;9952;21;;;9932.5;0.0
