day;timestamp;product;bid_price_1;bid_volume_1;bid_price_2;bid_volume_2;bid_price_3;bid_volume_3;ask_price_1;ask_volume_1;ask_price_2;ask_volume_2;ask_price_3;ask_volume_3;mid_price;profit_and_loss
yf_ZW=F_d12;0;ASH_COATED_OSMIUM;9895;21;9891;14;;;9904;13;9908;20;;;9899.5;0.0
yf_ZW=F_d12;0;INTARIAN_PEPPER_ROOT;10720;15;10717;19;;;10728;14;10730;24;;;10724.0;0.0
yf_ZW=F_d12;100;ASH_COATED_OSMIUM;9897;14;9894;14;;;9903;18;9907;20;;;9900.0;0.0
yf_ZW=F_d12;100;INTARIAN_PEPPER_ROOT;10724;13;10720;21;;;10730;10;10732;17;;;10727.0;0.0
yf_ZW=F_d12;200;ASH_COATED_OSMIUM;9897;5;9894;21;;;9903;12;9906;16;;;9900.0;0.0
yf_ZW=F_d12;200;INTARIAN_PEPPER_ROOT;10717;27;10714;10;;;10742;12;10746;22;;;10729.5;0.0
yf_ZW=F_d12;300;ASH_COATED_OSMIUM;9895;17;9893;19;;;9905;12;9909;14;;;9900.0;0.0
yf_ZW=F_d12;300;INTARIAN_PEPPER_ROOT;10730;17;10726;21;;;10736;7;10740;20;;;10733.0;0.0
yf_ZW=F_d12;400;ASH_COATED_OSMIUM;9897;15;9893;21;;;9903;10;9906;14;;;9900.0;0.0
yf_ZW=F_d12;400;INTARIAN_PEPPER_ROOT;10733;5;10731;28;;;10739;14;10743;19;;;10736.0;0.0
yf_ZW=F_d12;500;ASH_COATED_OSMIUM;9897;20;9894;16;;;9903;17;9905;22;;;9900.0;0.0
yf_ZW=F_d12;500;INTARIAN_PEPPER_ROOT;10733;14;10730;13;;;10744;11;10748;23;;;10738.5;0.0
yf_ZW=F_d12;600;ASH_COATED_OSMIUM;9897;23;9893;25;;;9903;5;9905;23;;;9900.0;0.0
yf_ZW=F_d12;600;INTARIAN_PEPPER_ROOT;10735;11;10732;26;;;10747;17;10749;29;;;10741.0;0.0
yf_ZW=F_d12;700;ASH_COATED_OSMIUM;9897;12;9893;30;;;9905;24;9909;17;;;9901.0;0.0
yf_ZW=F_d12;700;INTARIAN_PEPPER_ROOT;10739;22;10736;10;;;10749;9;10751;14;;;10744.0;0.0
yf_ZW=F_d12;800;ASH_COATED_OSMIUM;9897;14;9893;23;;;9903;23;9905;30;;;9900.0;0.0
yf_ZW=F_d12;800;INTARIAN_PEPPER_ROOT;10744;14;10741;21;;;10750;15;10752;13;;;10747.0;0.0
yf_ZW=F_d12;900;ASH_COATED_OSMIUM;9891;19;9888;16;;;9911;20;9914;19;;;9901.0;0.0
yf_ZW=F_d12;900;INTARIAN_PEPPER_ROOT;10748;9;10746;16;;;10754;17;10757;16;;;10751.0;0.0
yf_ZW=F_d12;1000;ASH_COATED_OSMIUM;9897;17;9895;23;;;9905;5;9908;10;;;9901.0;0.0
yf_ZW=F_d12;1000;INTARIAN_PEPPER_ROOT;10742;14;10739;32;;;10765;13;10767;8;;;10753.5;0.0
yf_ZW=F_d12;1100;ASH_COATED_OSMIUM;9898;20;9894;20;;;9904;12;9907;25;;;9901.0;0.0
yf_ZW=F_d12;1100;INTARIAN_PEPPER_ROOT;10754;15;10752;21;;;10760;11;10764;20;;;10757.0;0.0
yf_ZW=F_d12;1200;ASH_COATED_OSMIUM;9897;10;9894;20;;;9905;7;9908;25;;;9901.0;0.0
yf_ZW=F_d12;1200;INTARIAN_PEPPER_ROOT;10755;13;10751;19;;;10763;14;10766;15;;;10759.0;0.0
yf_ZW=F_d12;1300;ASH_COATED_OSMIUM;9898;15;9895;22;;;9904;11;9908;17;;;9901.0;0.0
yf_ZW=F_d12;1300;INTARIAN_PEPPER_ROOT;10759;22;10756;19;;;10765;10;10768;27;;;10762.0;0.0
yf_ZW=F_d12;1400;ASH_COATED_OSMIUM;9899;17;9895;17;;;9905;21;9909;15;;;9902.0;0.0
yf_ZW=F_d12;1400;INTARIAN_PEPPER_ROOT;10756;19;10752;19;;;10775;14;10779;17;;;10765.5;0.0
yf_ZW=F_d12;1500;ASH_COATED_OSMIUM;9895;18;9893;24;;;9906;21;9908;20;;;9900.5;0.0
yf_ZW=F_d12;1500;INTARIAN_PEPPER_ROOT;10760;20;10758;22;;;10779;5;10783;19;;;10769.5;0.0
yf_ZW=F_d12;1600;ASH_COATED_OSMIUM;9898;13;9896;29;;;9905;15;9907;17;;;9901.5;0.0
yf_ZW=F_d12;1600;INTARIAN_PEPPER_ROOT;10768;19;10765;23;;;10774;14;10777;13;;;10771.0;0.0
yf_ZW=F_d12;1700;ASH_COATED_OSMIUM;9899;13;9896;9;;;9905;21;9908;16;;;9902.0;0.0
yf_ZW=F_d12;1700;INTARIAN_PEPPER_ROOT;10768;12;10766;14;;;10781;21;10785;13;;;10774.5;0.0
yf_ZW=F_d12;1800;ASH_COATED_OSMIUM;9899;21;9897;18;;;9905;10;9909;19;;;9902.0;0.0
yf_ZW=F_d12;1800;INTARIAN_PEPPER_ROOT;10774;19;10771;24;;;10780;15;10782;21;;;10777.0;0.0
yf_ZW=F_d12;1900;ASH_COATED_OSMIUM;9899;13;9897;17;;;9905;12;9908;25;;;9902.0;0.0
yf_ZW=F_d12;1900;INTARIAN_PEPPER_ROOT;10772;21;10769;31;;;10789;12;10793;24;;;10780.5;0.0
yf_ZW=F_d12;2000;ASH_COATED_OSMIUM;9899;14;9897;14;;;9905;18;9908;18;;;9902.0;0.0
yf_ZW=F_d12;2000;INTARIAN_PEPPER_ROOT;10780;13;10776;24;;;10786;15;10789;25;;;10783.0;0.0
yf_ZW=F_d12;2100;ASH_COATED_OSMIUM;9898;17;9895;18;;;9908;15;9910;19;;;9903.0;0.0
yf_ZW=F_d12;2100;INTARIAN_PEPPER_ROOT;10779;15;10777;19;;;10793;16;10795;21;;;10786.0;0.0
yf_ZW=F_d12;2200;ASH_COATED_OSMIUM;9896;15;9892;22;;;9908;9;9912;19;;;9902.0;0.0
yf_ZW=F_d12;2200;INTARIAN_PEPPER_ROOT;10785;6;10782;18;;;10792;7;10794;18;;;10788.5;0.0
yf_ZW=F_d12;2300;ASH_COATED_OSMIUM;9889;21;9885;15;;;9917;15;9921;22;;;9903.0;0.0
yf_ZW=F_d12;2300;INTARIAN_PEPPER_ROOT;10780;20;10777;24;;;10804;18;10808;19;;;10792.0;0.0
yf_ZW=F_d12;2400;ASH_COATED_OSMIUM;9899;21;9895;22;;;9905;23;9908;14;;;9902.0;0.0
yf_ZW=F_d12;2400;INTARIAN_PEPPER_ROOT;10792;11;10788;22;;;10798;14;10800;16;;;10795.0;0.0
yf_ZW=F_d12;2500;ASH_COATED_OSMIUM;9892;23;9889;17;;;9912;15;9916;18;;;9902.0;0.0
yf_ZW=F_d12;2500;INTARIAN_PEPPER_ROOT;10795;12;10793;19;;;10801;14;10804;11;;;10798.0;0.0
yf_ZW=F_d12;2600;ASH_COATED_OSMIUM;9899;21;9897;14;;;9905;12;9909;19;;;9902.0;0.0
yf_ZW=F_d12;2600;INTARIAN_PEPPER_ROOT;10798;13;10795;19;;;10804;18;10806;12;;;10801.0;0.0
yf_ZW=F_d12;2700;ASH_COATED_OSMIUM;9900;15;9897;16;;;9906;19;9910;14;;;9903.0;0.0
yf_ZW=F_d12;2700;INTARIAN_PEPPER_ROOT;10799;24;10797;20;;;10809;12;10811;16;;;10804.0;0.0
yf_ZW=F_d12;2800;ASH_COATED_OSMIUM;9900;9;9898;18;;;9907;5;9910;23;;;9903.5;0.0
yf_ZW=F_d12;2800;INTARIAN_PEPPER_ROOT;10801;18;10799;25;;;10814;17;10816;20;;;10807.5;0.0
yf_ZW=F_d12;2900;ASH_COATED_OSMIUM;9897;14;9893;12;;;9909;23;9912;15;;;9903.0;0.0
yf_ZW=F_d12;2900;INTARIAN_PEPPER_ROOT;10807;13;10804;27;;;10813;18;10816;24;;;10810.0;0.0
yf_ZW=F_d12;3000;ASH_COATED_OSMIUM;9900;8;9898;19;;;9906;14;9910;25;;;9903.0;0.0
yf_ZW=F_d12;3000;INTARIAN_PEPPER_ROOT;10809;16;10805;20;;;10817;22;10821;11;;;10813.0;0.0
yf_ZW=F_d12;3100;ASH_COATED_OSMIUM;9900;27;9898;26;;;9906;8;9909;20;;;9903.0;0.0
yf_ZW=F_d12;3100;INTARIAN_PEPPER_ROOT;10813;8;10811;22;;;10819;18;10822;26;;;10816.0;0.0
yf_ZW=F_d12;3200;ASH_COATED_OSMIUM;9900;13;9897;16;;;9906;20;9910;25;;;9903.0;0.0
yf_ZW=F_d12;3200;INTARIAN_PEPPER_ROOT;10816;23;10814;27;;;10822;18;10825;21;;;10819.0;0.0
yf_ZW=F_d12;3300;ASH_COATED_OSMIUM;9901;18;9899;16;;;9907;15;9911;14;;;9904.0;0.0
yf_ZW=F_d12;3300;INTARIAN_PEPPER_ROOT;10817;17;10814;19;;;10827;19;10830;16;;;10822.0;0.0
yf_ZW=F_d12;3400;ASH_COATED_OSMIUM;9901;14;9898;11;;;9907;21;9910;26;;;9904.0;0.0
yf_ZW=F_d12;3400;INTARIAN_PEPPER_ROOT;10822;19;10819;21;;;10828;21;10830;22;;;10825.0;0.0
yf_ZW=F_d12;3500;ASH_COATED_OSMIUM;9901;17;9899;16;;;9907;17;9910;8;;;9904.0;0.0
yf_ZW=F_d12;3500;INTARIAN_PEPPER_ROOT;10823;17;10819;14;;;10832;19;10834;29;;;10827.5;0.0
yf_ZW=F_d12;3600;ASH_COATED_OSMIUM;9878;25;9875;16;;;9929;5;9931;18;;;9903.5;0.0
yf_ZW=F_d12;3600;INTARIAN_PEPPER_ROOT;10825;13;10823;23;;;10837;7;10839;10;;;10831.0;0.0
yf_ZW=F_d12;3700;ASH_COATED_OSMIUM;9901;6;9898;35;;;9907;19;9910;24;;;9904.0;0.0
yf_ZW=F_d12;3700;INTARIAN_PEPPER_ROOT;10831;15;10829;25;;;10837;15;10840;22;;;10834.0;0.0
yf_ZW=F_d12;3800;ASH_COATED_OSMIUM;9900;11;9898;18;;;9906;12;9909;17;;;9903.0;0.0
yf_ZW=F_d12;3800;INTARIAN_PEPPER_ROOT;10831;16;10829;11;;;10842;16;10846;15;;;10836.5;0.0
yf_ZW=F_d12;3900;ASH_COATED_OSMIUM;9902;21;9900;26;;;9908;19;9912;22;;;9905.0;0.0
yf_ZW=F_d12;3900;INTARIAN_PEPPER_ROOT;10837;13;10833;27;;;10843;16;10847;12;;;10840.0;0.0
yf_ZW=F_d12;4000;ASH_COATED_OSMIUM;9899;14;9897;11;;;9909;13;9911;18;;;9904.0;0.0
yf_ZW=F_d12;4000;INTARIAN_PEPPER_ROOT;10838;17;10834;14;;;10848;15;10851;20;;;10843.0;0.0
yf_ZW=F_d12;4100;ASH_COATED_OSMIUM;9894;21;9890;28;;;9914;15;9918;21;;;9904.0;0.0
yf_ZW=F_d12;4100;INTARIAN_PEPPER_ROOT;10843;12;10839;28;;;10849;5;10852;22;;;10846.0;0.0
yf_ZW=F_d12;4200;ASH_COATED_OSMIUM;9902;15;9899;20;;;9908;20;9912;23;;;9905.0;0.0
yf_ZW=F_d12;4200;INTARIAN_PEPPER_ROOT;10845;18;10842;23;;;10851;19;10854;8;;;10848.0;0.0
yf_ZW=F_d12;4300;ASH_COATED_OSMIUM;9895;18;9893;13;;;9915;17;9917;15;;;9905.0;0.0
yf_ZW=F_d12;4300;INTARIAN_PEPPER_ROOT;10848;15;10845;18;;;10854;19;10858;21;;;10851.0;0.0
yf_ZW=F_d12;4400;ASH_COATED_OSMIUM;9900;15;9897;27;;;9909;18;9911;16;;;9904.5;0.0
yf_ZW=F_d12;4400;INTARIAN_PEPPER_ROOT;10852;12;10849;12;;;10858;28;10862;19;;;10855.0;0.0
yf_ZW=F_d12;4500;ASH_COATED_OSMIUM;9902;6;9898;13;;;9908;15;9912;22;;;9905.0;0.0
yf_ZW=F_d12;4500;INTARIAN_PEPPER_ROOT;10854;13;10850;18;;;10860;26;10863;16;;;10857.0;0.0
yf_ZW=F_d12;4600;ASH_COATED_OSMIUM;9900;11;9898;22;;;9910;19;9912;27;;;9905.0;0.0
yf_ZW=F_d12;4600;INTARIAN_PEPPER_ROOT;10856;21;10853;28;;;10865;18;10869;21;;;10860.5;0.0
yf_ZW=F_d12;4700;ASH_COATED_OSMIUM;9901;13;9897;14;;;9909;17;9911;25;;;9905.0;0.0
yf_ZW=F_d12;4700;INTARIAN_PEPPER_ROOT;10860;12;10858;16;;;10866;15;10869;19;;;10863.0;0.0
yf_ZW=F_d12;4800;ASH_COATED_OSMIUM;9901;20;9898;16;;;9909;13;9913;22;;;9905.0;0.0
yf_ZW=F_d12;4800;INTARIAN_PEPPER_ROOT;10863;9;10860;17;;;10869;14;10873;22;;;10866.0;0.0
yf_ZW=F_d12;4900;ASH_COATED_OSMIUM;9903;6;9901;22;;;9909;13;9912;20;;;9906.0;0.0
yf_ZW=F_d12;4900;INTARIAN_PEPPER_ROOT;10867;7;10865;8;;;10873;24;10877;22;;;10870.0;0.0
yf_ZW=F_d12;5000;ASH_COATED_OSMIUM;9902;5;9899;14;;;9908;12;9910;20;;;9905.0;0.0
yf_ZW=F_d12;5000;INTARIAN_PEPPER_ROOT;10869;13;10867;15;;;10875;15;10878;21;;;10872.0;0.0
yf_ZW=F_d12;5100;ASH_COATED_OSMIUM;9899;12;9895;19;;;9913;17;9915;21;;;9906.0;0.0
yf_ZW=F_d12;5100;INTARIAN_PEPPER_ROOT;10869;19;10865;30;;;10881;13;10883;22;;;10875.0;0.0
yf_ZW=F_d12;5200;ASH_COATED_OSMIUM;9902;11;9898;28;;;9908;14;9910;19;;;9905.0;0.0
yf_ZW=F_d12;5200;INTARIAN_PEPPER_ROOT;10865;16;10863;15;;;10893;12;10896;16;;;10879.0;0.0
yf_ZW=F_d12;5300;ASH_COATED_OSMIUM;9900;15;9898;21;;;9911;19;9913;30;;;9905.5;0.0
yf_ZW=F_d12;5300;INTARIAN_PEPPER_ROOT;10870;9;10866;23;;;10893;14;10896;26;;;10881.5;0.0
yf_ZW=F_d12;5400;ASH_COATED_OSMIUM;9903;26;9900;23;;;9909;10;9912;29;;;9906.0;0.0
yf_ZW=F_d12;5400;INTARIAN_PEPPER_ROOT;10881;17;10878;21;;;10887;16;10890;20;;;10884.0;0.0
yf_ZW=F_d12;5500;ASH_COATED_OSMIUM;9903;11;9899;29;;;9909;15;9912;21;;;9906.0;0.0
yf_ZW=F_d12;5500;INTARIAN_PEPPER_ROOT;10883;15;10879;22;;;10892;16;10895;16;;;10887.5;0.0
yf_ZW=F_d12;5600;ASH_COATED_OSMIUM;9901;8;9899;21;;;9912;11;9914;20;;;9906.5;0.0
yf_ZW=F_d12;5600;INTARIAN_PEPPER_ROOT;10887;18;10885;23;;;10893;23;10897;24;;;10890.0;0.0
yf_ZW=F_d12;5700;ASH_COATED_OSMIUM;9897;22;9894;9;;;9915;20;9918;21;;;9906.0;0.0
yf_ZW=F_d12;5700;INTARIAN_PEPPER_ROOT;10891;17;10887;18;;;10897;15;10900;20;;;10894.0;0.0
yf_ZW=F_d12;5800;ASH_COATED_OSMIUM;9903;19;9899;12;;;9909;15;9911;8;;;9906.0;0.0
yf_ZW=F_d12;5800;INTARIAN_PEPPER_ROOT;10886;7;10882;32;;;10905;13;10907;21;;;10895.5;0.0
yf_ZW=F_d12;5900;ASH_COATED_OSMIUM;9903;18;9901;12;;;9909;15;9912;23;;;9906.0;0.0
yf_ZW=F_d12;5900;INTARIAN_PEPPER_ROOT;10896;15;10893;23;;;10902;12;10906;25;;;10899.0;0.0
yf_ZW=F_d12;6000;ASH_COATED_OSMIUM;9904;12;9901;25;;;9911;17;9915;24;;;9907.5;0.0
yf_ZW=F_d12;6000;INTARIAN_PEPPER_ROOT;10900;11;10898;25;;;10906;15;10910;17;;;10903.0;0.0
yf_ZW=F_d12;6100;ASH_COATED_OSMIUM;9904;10;9900;18;;;9910;5;9913;20;;;9907.0;0.0
yf_ZW=F_d12;6100;INTARIAN_PEPPER_ROOT;10897;20;10895;25;;;10914;17;10917;10;;;10905.5;0.0
yf_ZW=F_d12;6200;ASH_COATED_OSMIUM;9905;18;9901;16;;;9911;5;9915;15;;;9908.0;0.0
yf_ZW=F_d12;6200;INTARIAN_PEPPER_ROOT;10905;11;10901;25;;;10911;13;10913;19;;;10908.0;0.0
yf_ZW=F_d12;6300;ASH_COATED_OSMIUM;9903;10;9899;16;;;9911;19;9913;16;;;9907.0;0.0
yf_ZW=F_d12;6300;INTARIAN_PEPPER_ROOT;10908;15;10905;23;;;10914;10;10916;22;;;10911.0;0.0
yf_ZW=F_d12;6400;ASH_COATED_OSMIUM;9903;5;9899;13;;;9911;8;9915;20;;;9907.0;0.0
yf_ZW=F_d12;6400;INTARIAN_PEPPER_ROOT;10911;15;10907;21;;;10917;22;10921;25;;;10914.0;0.0
yf_ZW=F_d12;6500;ASH_COATED_OSMIUM;9904;12;9901;19;;;9911;22;9913;14;;;9907.5;0.0
yf_ZW=F_d12;6500;INTARIAN_PEPPER_ROOT;10899;18;10896;9;;;10935;12;10937;18;;;10917.0;0.0
yf_ZW=F_d12;6600;ASH_COATED_OSMIUM;9905;15;9902;17;;;9911;11;9913;14;;;9908.0;0.0
yf_ZW=F_d12;6600;INTARIAN_PEPPER_ROOT;10917;23;10914;20;;;10923;9;10927;27;;;10920.0;0.0
yf_ZW=F_d12;6700;ASH_COATED_OSMIUM;9905;15;9902;20;;;9911;9;9914;26;;;9908.0;0.0
yf_ZW=F_d12;6700;INTARIAN_PEPPER_ROOT;10920;13;10916;12;;;10926;24;10928;20;;;10923.0;0.0
yf_ZW=F_d12;6800;ASH_COATED_OSMIUM;9905;13;9903;24;;;9911;17;9915;12;;;9908.0;0.0
yf_ZW=F_d12;6800;INTARIAN_PEPPER_ROOT;10923;16;10921;15;;;10929;14;10931;27;;;10926.0;0.0
yf_ZW=F_d12;6900;ASH_COATED_OSMIUM;9905;15;9901;30;;;9911;12;9914;20;;;9908.0;0.0
yf_ZW=F_d12;6900;INTARIAN_PEPPER_ROOT;10926;15;10923;23;;;10932;23;10935;24;;;10929.0;0.0
yf_ZW=F_d12;7000;ASH_COATED_OSMIUM;9902;15;9900;13;;;9914;14;9918;24;;;9908.0;0.0
yf_ZW=F_d12;7000;INTARIAN_PEPPER_ROOT;10928;17;10924;23;;;10935;21;10939;14;;;10931.5;0.0
yf_ZW=F_d12;7100;ASH_COATED_OSMIUM;9905;13;9902;16;;;9911;21;9915;17;;;9908.0;0.0
yf_ZW=F_d12;7100;INTARIAN_PEPPER_ROOT;10931;13;10929;12;;;10938;15;10941;18;;;10934.5;0.0
yf_ZW=F_d12;7200;ASH_COATED_OSMIUM;9905;13;9902;19;;;9912;20;9914;28;;;9908.5;0.0
yf_ZW=F_d12;7200;INTARIAN_PEPPER_ROOT;10933;19;10929;18;;;10943;16;10946;19;;;10938.0;0.0
yf_ZW=F_d12;7300;ASH_COATED_OSMIUM;9905;11;9901;28;;;9911;17;9913;19;;;9908.0;0.0
yf_ZW=F_d12;7300;INTARIAN_PEPPER_ROOT;10937;17;10933;15;;;10944;19;10946;13;;;10940.5;0.0
yf_ZW=F_d12;7400;ASH_COATED_OSMIUM;9906;13;9902;10;;;9912;23;9916;8;;;9909.0;0.0
yf_ZW=F_d12;7400;INTARIAN_PEPPER_ROOT;10940;13;10936;23;;;10946;11;10949;23;;;10943.0;0.0
yf_ZW=F_d12;7500;ASH_COATED_OSMIUM;9905;16;9901;24;;;9911;8;9913;24;;;9908.0;0.0
yf_ZW=F_d12;7500;INTARIAN_PEPPER_ROOT;10942;19;10939;19;;;10951;12;10955;13;;;10946.5;0.0
yf_ZW=F_d12;7600;ASH_COATED_OSMIUM;9892;6;9888;21;;;9924;15;9926;22;;;9908.0;0.0
yf_ZW=F_d12;7600;INTARIAN_PEPPER_ROOT;10947;22;10943;26;;;10953;10;10957;14;;;10950.0;0.0
yf_ZW=F_d12;7700;ASH_COATED_OSMIUM;9906;10;9902;23;;;9912;12;9914;15;;;9909.0;0.0
yf_ZW=F_d12;7700;INTARIAN_PEPPER_ROOT;10942;15;10939;10;;;10964;17;10968;21;;;10953.0;0.0
yf_ZW=F_d12;7800;ASH_COATED_OSMIUM;9906;16;9904;14;;;9912;11;9915;14;;;9909.0;0.0
yf_ZW=F_d12;7800;INTARIAN_PEPPER_ROOT;10953;14;10950;20;;;10959;14;10962;15;;;10956.0;0.0
yf_ZW=F_d12;7900;ASH_COATED_OSMIUM;9906;22;9903;19;;;9912;9;9916;23;;;9909.0;0.0
yf_ZW=F_d12;7900;INTARIAN_PEPPER_ROOT;10947;5;10943;19;;;10971;8;10975;8;;;10959.0;0.0
yf_ZW=F_d12;8000;ASH_COATED_OSMIUM;9906;13;9902;22;;;9913;10;9915;9;;;9909.5;0.0
yf_ZW=F_d12;8000;INTARIAN_PEPPER_ROOT;10939;11;10936;19;;;10984;12;10987;16;;;10961.5;0.0
yf_ZW=F_d12;8100;ASH_COATED_OSMIUM;9906;12;9902;24;;;9912;12;9916;20;;;9909.0;0.0
yf_ZW=F_d12;8100;INTARIAN_PEPPER_ROOT;10958;9;10956;25;;;10971;28;10973;21;;;10964.5;0.0
yf_ZW=F_d12;8200;ASH_COATED_OSMIUM;9899;12;9897;13;;;9921;15;9924;24;;;9910.0;0.0
yf_ZW=F_d12;8200;INTARIAN_PEPPER_ROOT;10954;20;10950;22;;;10980;12;10984;20;;;10967.0;0.0
yf_ZW=F_d12;8300;ASH_COATED_OSMIUM;9906;17;9904;20;;;9912;10;9914;17;;;9909.0;0.0
yf_ZW=F_d12;8300;INTARIAN_PEPPER_ROOT;10968;15;10966;25;;;10974;17;10976;27;;;10971.0;0.0
yf_ZW=F_d12;8400;ASH_COATED_OSMIUM;9906;17;9902;35;;;9912;9;9915;21;;;9909.0;0.0
yf_ZW=F_d12;8400;INTARIAN_PEPPER_ROOT;10969;19;10965;20;;;10978;17;10981;24;;;10973.5;0.0
yf_ZW=F_d12;8500;ASH_COATED_OSMIUM;9907;19;9903;16;;;9913;8;9917;23;;;9910.0;0.0
yf_ZW=F_d12;8500;INTARIAN_PEPPER_ROOT;10974;12;10971;11;;;10980;25;10982;20;;;10977.0;0.0
yf_ZW=F_d12;8600;ASH_COATED_OSMIUM;9907;22;9903;27;;;9913;17;9917;16;;;9910.0;0.0
yf_ZW=F_d12;8600;INTARIAN_PEPPER_ROOT;10976;10;10973;9;;;10982;19;10986;20;;;10979.0;0.0
yf_ZW=F_d12;8700;ASH_COATED_OSMIUM;9907;17;9904;23;;;9913;12;9916;26;;;9910.0;0.0
yf_ZW=F_d12;8700;INTARIAN_PEPPER_ROOT;10979;16;10976;19;;;10987;14;10991;15;;;10983.0;0.0
yf_ZW=F_d12;8800;ASH_COATED_OSMIUM;9903;15;9900;16;;;9917;17;9919;17;;;9910.0;0.0
yf_ZW=F_d12;8800;INTARIAN_PEPPER_ROOT;10983;13;10980;10;;;10989;9;10993;14;;;10986.0;0.0
yf_ZW=F_d12;8900;ASH_COATED_OSMIUM;9906;22;9903;21;;;9914;12;9918;24;;;9910.0;0.0
yf_ZW=F_d12;8900;INTARIAN_PEPPER_ROOT;10986;9;10982;23;;;10992;16;10994;17;;;10989.0;0.0
yf_ZW=F_d12;9000;ASH_COATED_OSMIUM;9908;21;9905;21;;;9914;11;9916;29;;;9911.0;0.0
yf_ZW=F_d12;9000;INTARIAN_PEPPER_ROOT;10989;18;10986;21;;;10995;18;10998;26;;;10992.0;0.0
yf_ZW=F_d12;9100;ASH_COATED_OSMIUM;9908;13;9904;20;;;9914;7;9916;26;;;9911.0;0.0
yf_ZW=F_d12;9100;INTARIAN_PEPPER_ROOT;10991;14;10987;26;;;10997;19;11000;22;;;10994.0;0.0
yf_ZW=F_d12;9200;ASH_COATED_OSMIUM;9908;11;9905;25;;;9914;16;9917;22;;;9911.0;0.0
yf_ZW=F_d12;9200;INTARIAN_PEPPER_ROOT;10992;10;10988;34;;;11003;12;11007;15;;;10997.5;0.0
yf_ZW=F_d12;9300;ASH_COATED_OSMIUM;9907;15;9903;17;;;9914;6;9917;22;;;9910.5;0.0
yf_ZW=F_d12;9300;INTARIAN_PEPPER_ROOT;10997;15;10993;15;;;11003;10;11005;27;;;11000.0;0.0
yf_ZW=F_d12;9400;ASH_COATED_OSMIUM;9908;18;9905;11;;;9914;5;9918;11;;;9911.0;0.0
yf_ZW=F_d12;9400;INTARIAN_PEPPER_ROOT;11000;13;10996;20;;;11006;17;11009;15;;;11003.0;0.0
yf_ZW=F_d12;9500;ASH_COATED_OSMIUM;9908;24;9906;22;;;9914;14;9917;24;;;9911.0;0.0
yf_ZW=F_d12;9500;INTARIAN_PEPPER_ROOT;11002;10;10998;22;;;11011;12;11014;16;;;11006.5;0.0
yf_ZW=F_d12;9600;ASH_COATED_OSMIUM;9908;16;9904;27;;;9914;24;9918;22;;;9911.0;0.0
yf_ZW=F_d12;9600;INTARIAN_PEPPER_ROOT;11006;15;11003;24;;;11012;19;11015;18;;;11009.0;0.0
yf_ZW=F_d12;9700;ASH_COATED_OSMIUM;9908;20;9905;17;;;9914;12;9916;16;;;9911.0;0.0
yf_ZW=F_d12;9700;INTARIAN_PEPPER_ROOT;11007;16;11004;32;;;11017;20;11021;20;;;11012.0;0.0
yf_ZW=F_d12;9800;ASH_COATED_OSMIUM;9908;11;9906;11;;;9914;11;9916;18;;;9911.0;0.0
yf_ZW=F_d12;9800;INTARIAN_PEPPER_ROOT;10998;13;10994;15;;;11032;10;11036;18;;;11015.0;0.0
yf_ZW=F_d12;9900;ASH_COATED_OSMIUM;9909;8;9906;8;;;9915;15;9917;23;;;9912.0;0.0
yf_ZW=F_d12;9900;INTARIAN_PEPPER_ROOT;11014;6;11010;10;;;11023;10;11025;28;;;11018.5;0.0
yf_ZW=F_d12;10000;ASH_COATED_OSMIUM;9902;15;9900;17;;;9922;6;9926;25;;;9912.0;0.0
yf_ZW=F_d12;10000;INTARIAN_PEPPER_ROOT;11018;18;11014;14;;;11024;19;11028;24;;;11021.0;0.0
yf_ZW=F_d12;10100;ASH_COATED_OSMIUM;9909;16;9906;21;;;9915;6;9917;13;;;9912.0;0.0
yf_ZW=F_d12;10100;INTARIAN_PEPPER_ROOT;11021;12;11018;18;;;11027;13;11029;13;;;11024.0;0.0
yf_ZW=F_d12;10200;ASH_COATED_OSMIUM;9909;20;9907;13;;;9915;15;9917;20;;;9912.0;0.0
yf_ZW=F_d12;10200;INTARIAN_PEPPER_ROOT;11024;13;11020;18;;;11030;6;11033;22;;;11027.0;0.0
yf_ZW=F_d12;10300;ASH_COATED_OSMIUM;9909;20;9905;25;;;9915;13;9917;20;;;9912.0;0.0
yf_ZW=F_d12;10300;INTARIAN_PEPPER_ROOT;11021;21;11018;26;;;11039;15;11041;25;;;11030.0;0.0
yf_ZW=F_d12;10400;ASH_COATED_OSMIUM;9905;11;9903;21;;;9920;14;9922;15;;;9912.5;0.0
yf_ZW=F_d12;10400;INTARIAN_PEPPER_ROOT;11030;8;11027;20;;;11036;13;11038;17;;;11033.0;0.0
yf_ZW=F_d12;10500;ASH_COATED_OSMIUM;9906;18;9904;19;;;9921;26;9925;23;;;9913.5;0.0
yf_ZW=F_d12;10500;INTARIAN_PEPPER_ROOT;11032;14;11028;22;;;11041;9;11043;26;;;11036.5;0.0
yf_ZW=F_d12;10600;ASH_COATED_OSMIUM;9910;20;9906;13;;;9916;20;9919;17;;;9913.0;0.0
yf_ZW=F_d12;10600;INTARIAN_PEPPER_ROOT;11036;12;11033;19;;;11042;14;11046;17;;;11039.0;0.0
yf_ZW=F_d12;10700;ASH_COATED_OSMIUM;9910;14;9908;23;;;9916;15;9919;22;;;9913.0;0.0
yf_ZW=F_d12;10700;INTARIAN_PEPPER_ROOT;11036;16;11032;16;;;11049;11;11053;29;;;11042.5;0.0
yf_ZW=F_d12;10800;ASH_COATED_OSMIUM;9910;5;9906;25;;;9916;16;9918;18;;;9913.0;0.0
yf_ZW=F_d12;10800;INTARIAN_PEPPER_ROOT;11042;12;11040;21;;;11048;19;11051;16;;;11045.0;0.0
yf_ZW=F_d12;10900;ASH_COATED_OSMIUM;9904;18;9901;17;;;9921;10;9924;9;;;9912.5;0.0
yf_ZW=F_d12;10900;INTARIAN_PEPPER_ROOT;11045;14;11043;9;;;11051;12;11055;17;;;11048.0;0.0
yf_ZW=F_d12;11000;ASH_COATED_OSMIUM;9910;22;9907;17;;;9916;28;9919;18;;;9913.0;0.0
yf_ZW=F_d12;11000;INTARIAN_PEPPER_ROOT;11048;17;11046;18;;;11055;15;11058;16;;;11051.5;0.0
yf_ZW=F_d12;11100;ASH_COATED_OSMIUM;9910;14;9907;18;;;9916;14;9918;20;;;9913.0;0.0
yf_ZW=F_d12;11100;INTARIAN_PEPPER_ROOT;11050;6;11046;17;;;11058;22;11062;20;;;11054.0;0.0
yf_ZW=F_d12;11200;ASH_COATED_OSMIUM;9910;13;9907;13;;;9916;16;9919;14;;;9913.0;0.0
yf_ZW=F_d12;11200;INTARIAN_PEPPER_ROOT;11054;17;11051;18;;;11060;15;11062;21;;;11057.0;0.0
yf_ZW=F_d12;11300;ASH_COATED_OSMIUM;9903;5;9899;30;;;9924;22;9926;18;;;9913.5;0.0
yf_ZW=F_d12;11300;INTARIAN_PEPPER_ROOT;11056;14;11054;15;;;11062;16;11066;25;;;11059.0;0.0
yf_ZW=F_d12;11400;ASH_COATED_OSMIUM;9909;16;9906;24;;;9916;15;9918;21;;;9912.5;0.0
yf_ZW=F_d12;11400;INTARIAN_PEPPER_ROOT;11060;5;11056;15;;;11066;13;11070;24;;;11063.0;0.0
yf_ZW=F_d12;11500;ASH_COATED_OSMIUM;9907;13;9905;17;;;9920;16;9923;22;;;9913.5;0.0
yf_ZW=F_d12;11500;INTARIAN_PEPPER_ROOT;11063;16;11060;20;;;11069;6;11072;13;;;11066.0;0.0
yf_ZW=F_d12;11600;ASH_COATED_OSMIUM;9911;18;9907;25;;;9917;26;9921;21;;;9914.0;0.0
yf_ZW=F_d12;11600;INTARIAN_PEPPER_ROOT;11066;13;11062;12;;;11072;8;11075;16;;;11069.0;0.0
yf_ZW=F_d12;11700;ASH_COATED_OSMIUM;9910;19;9907;18;;;9916;10;9920;27;;;9913.0;0.0
yf_ZW=F_d12;11700;INTARIAN_PEPPER_ROOT;11069;16;11065;18;;;11075;13;11079;12;;;11072.0;0.0
yf_ZW=F_d12;11800;ASH_COATED_OSMIUM;9912;11;9908;10;;;9918;23;9921;16;;;9915.0;0.0
yf_ZW=F_d12;11800;INTARIAN_PEPPER_ROOT;11071;22;11068;19;;;11079;10;11081;21;;;11075.0;0.0
yf_ZW=F_d12;11900;ASH_COATED_OSMIUM;9911;16;9907;27;;;9917;18;9919;20;;;9914.0;0.0
yf_ZW=F_d12;11900;INTARIAN_PEPPER_ROOT;11074;20;11071;16;;;11080;10;11084;20;;;11077.0;0.0
yf_ZW=F_d12;12000;ASH_COATED_OSMIUM;9908;18;9905;23;;;9920;14;9923;15;;;9914.0;0.0
yf_ZW=F_d12;12000;INTARIAN_PEPPER_ROOT;11071;20;11069;14;;;11091;10;11093;19;;;11081.0;0.0
yf_ZW=F_d12;12100;ASH_COATED_OSMIUM;9903;17;9900;19;;;9925;24;9928;26;;;9914.0;0.0
yf_ZW=F_d12;12100;INTARIAN_PEPPER_ROOT;11081;10;11077;22;;;11087;20;11090;14;;;11084.0;0.0
yf_ZW=F_d12;12200;ASH_COATED_OSMIUM;9911;17;9908;29;;;9919;10;9921;15;;;9915.0;0.0
yf_ZW=F_d12;12200;INTARIAN_PEPPER_ROOT;11083;5;11079;19;;;11089;17;11093;31;;;11086.0;0.0
yf_ZW=F_d12;12300;ASH_COATED_OSMIUM;9895;8;9893;18;;;9935;5;9937;16;;;9915.0;0.0
yf_ZW=F_d12;12300;INTARIAN_PEPPER_ROOT;11087;8;11084;11;;;11093;19;11096;14;;;11090.0;0.0
yf_ZW=F_d12;12400;ASH_COATED_OSMIUM;9911;8;9908;15;;;9917;14;9921;25;;;9914.0;0.0
yf_ZW=F_d12;12400;INTARIAN_PEPPER_ROOT;11089;15;11087;22;;;11095;23;11097;29;;;11092.0;0.0
yf_ZW=F_d12;12500;ASH_COATED_OSMIUM;9912;13;9910;24;;;9918;13;9921;20;;;9915.0;0.0
yf_ZW=F_d12;12500;INTARIAN_PEPPER_ROOT;11091;20;11088;15;;;11102;21;11106;22;;;11096.5;0.0
yf_ZW=F_d12;12600;ASH_COATED_OSMIUM;9912;14;9908;16;;;9918;17;9920;15;;;9915.0;0.0
yf_ZW=F_d12;12600;INTARIAN_PEPPER_ROOT;11096;11;11094;19;;;11102;12;11106;23;;;11099.0;0.0
yf_ZW=F_d12;12700;ASH_COATED_OSMIUM;9911;11;9907;22;;;9921;8;9925;26;;;9916.0;0.0
yf_ZW=F_d12;12700;INTARIAN_PEPPER_ROOT;11098;11;11096;18;;;11104;14;11108;12;;;11101.0;0.0
yf_ZW=F_d12;12800;ASH_COATED_OSMIUM;9912;14;9910;28;;;9918;9;9921;17;;;9915.0;0.0
yf_ZW=F_d12;12800;INTARIAN_PEPPER_ROOT;11101;7;11097;20;;;11107;15;11111;24;;;11104.0;0.0
yf_ZW=F_d12;12900;ASH_COATED_OSMIUM;9908;18;9904;25;;;9923;25;9926;25;;;9915.5;0.0
yf_ZW=F_d12;12900;INTARIAN_PEPPER_ROOT;11102;12;11100;14;;;11112;5;11116;19;;;11107.0;0.0
yf_ZW=F_d12;13000;ASH_COATED_OSMIUM;9912;13;9909;21;;;9918;12;9922;22;;;9915.0;0.0
yf_ZW=F_d12;13000;INTARIAN_PEPPER_ROOT;11105;13;11101;23;;;11116;13;11120;16;;;11110.5;0.0
yf_ZW=F_d12;13100;ASH_COATED_OSMIUM;9913;16;9910;24;;;9919;16;9921;20;;;9916.0;0.0
yf_ZW=F_d12;13100;INTARIAN_PEPPER_ROOT;11110;11;11107;24;;;11116;10;11118;18;;;11113.0;0.0
yf_ZW=F_d12;13200;ASH_COATED_OSMIUM;9912;18;9909;29;;;9919;18;9923;15;;;9915.5;0.0
yf_ZW=F_d12;13200;INTARIAN_PEPPER_ROOT;11102;9;11098;24;;;11131;14;11133;16;;;11116.5;0.0
yf_ZW=F_d12;13300;ASH_COATED_OSMIUM;9913;25;9910;25;;;9919;11;9923;19;;;9916.0;0.0
yf_ZW=F_d12;13300;INTARIAN_PEPPER_ROOT;11117;16;11113;17;;;11123;21;11127;21;;;11120.0;0.0
yf_ZW=F_d12;13400;ASH_COATED_OSMIUM;9913;18;9909;18;;;9919;20;9921;21;;;9916.0;0.0
yf_ZW=F_d12;13400;INTARIAN_PEPPER_ROOT;11119;14;11115;21;;;11125;21;11129;15;;;11122.0;0.0
yf_ZW=F_d12;13500;ASH_COATED_OSMIUM;9913;13;9911;20;;;9919;16;9921;24;;;9916.0;0.0
yf_ZW=F_d12;13500;INTARIAN_PEPPER_ROOT;11122;5;11120;23;;;11128;17;11131;23;;;11125.0;0.0
yf_ZW=F_d12;13600;ASH_COATED_OSMIUM;9913;16;9909;16;;;9919;12;9922;17;;;9916.0;0.0
yf_ZW=F_d12;13600;INTARIAN_PEPPER_ROOT;11120;9;11117;20;;;11137;17;11141;21;;;11128.5;0.0
yf_ZW=F_d12;13700;ASH_COATED_OSMIUM;9913;24;9909;12;;;9919;19;9921;17;;;9916.0;0.0
yf_ZW=F_d12;13700;INTARIAN_PEPPER_ROOT;11127;11;11125;16;;;11135;9;11137;25;;;11131.0;0.0
yf_ZW=F_d12;13800;ASH_COATED_OSMIUM;9914;14;9912;18;;;9920;24;9923;22;;;9917.0;0.0
yf_ZW=F_d12;13800;INTARIAN_PEPPER_ROOT;11127;18;11125;13;;;11141;10;11143;18;;;11134.0;0.0
yf_ZW=F_d12;13900;ASH_COATED_OSMIUM;9905;13;9903;8;;;9929;14;9931;19;;;9917.0;0.0
yf_ZW=F_d12;13900;INTARIAN_PEPPER_ROOT;11134;14;11130;19;;;11140;13;11142;23;;;11137.0;0.0
yf_ZW=F_d12;14000;ASH_COATED_OSMIUM;9913;13;9910;22;;;9919;5;9922;30;;;9916.0;0.0
yf_ZW=F_d12;14000;INTARIAN_PEPPER_ROOT;11137;13;11134;17;;;11143;12;11146;14;;;11140.0;0.0
yf_ZW=F_d12;14100;ASH_COATED_OSMIUM;9913;16;9909;20;;;9919;17;9923;25;;;9916.0;0.0
yf_ZW=F_d12;14100;INTARIAN_PEPPER_ROOT;11138;18;11135;18;;;11148;19;11152;22;;;11143.0;0.0
yf_ZW=F_d12;14200;ASH_COATED_OSMIUM;9914;13;9910;15;;;9920;13;9924;19;;;9917.0;0.0
yf_ZW=F_d12;14200;INTARIAN_PEPPER_ROOT;11134;19;11132;16;;;11157;25;11161;16;;;11145.5;0.0
yf_ZW=F_d12;14300;ASH_COATED_OSMIUM;9912;8;9910;16;;;9922;11;9925;16;;;9917.0;0.0
yf_ZW=F_d12;14300;INTARIAN_PEPPER_ROOT;11135;17;11132;22;;;11162;19;11164;15;;;11148.5;0.0
yf_ZW=F_d12;14400;ASH_COATED_OSMIUM;9915;18;9913;18;;;9921;20;9924;16;;;9918.0;0.0
yf_ZW=F_d12;14400;INTARIAN_PEPPER_ROOT;11148;13;11145;28;;;11155;5;11159;25;;;11151.5;0.0
yf_ZW=F_d12;14500;ASH_COATED_OSMIUM;9915;24;9911;24;;;9921;25;9925;10;;;9918.0;0.0
yf_ZW=F_d12;14500;INTARIAN_PEPPER_ROOT;11152;16;11150;22;;;11158;21;11161;20;;;11155.0;0.0
yf_ZW=F_d12;14600;ASH_COATED_OSMIUM;9914;15;9912;27;;;9920;12;9924;22;;;9917.0;0.0
yf_ZW=F_d12;14600;INTARIAN_PEPPER_ROOT;11155;5;11151;21;;;11161;17;11164;24;;;11158.0;0.0
yf_ZW=F_d12;14700;ASH_COATED_OSMIUM;9914;10;9910;19;;;9921;13;9924;12;;;9917.5;0.0
yf_ZW=F_d12;14700;INTARIAN_PEPPER_ROOT;11157;20;11155;15;;;11163;14;11167;28;;;11160.0;0.0
yf_ZW=F_d12;14800;ASH_COATED_OSMIUM;9914;16;9912;19;;;9922;13;9926;22;;;9918.0;0.0
yf_ZW=F_d12;14800;INTARIAN_PEPPER_ROOT;11157;5;11153;11;;;11171;15;11173;25;;;11164.0;0.0
yf_ZW=F_d12;14900;ASH_COATED_OSMIUM;9914;12;9912;22;;;9920;23;9922;13;;;9917.0;0.0
yf_ZW=F_d12;14900;INTARIAN_PEPPER_ROOT;11152;12;11148;20;;;11182;13;11185;12;;;11167.0;0.0
yf_ZW=F_d12;15000;ASH_COATED_OSMIUM;9915;19;9911;23;;;9921;17;9923;21;;;9918.0;0.0
yf_ZW=F_d12;15000;INTARIAN_PEPPER_ROOT;11167;11;11165;17;;;11173;18;11175;22;;;11170.0;0.0
yf_ZW=F_d12;15100;ASH_COATED_OSMIUM;9915;16;9911;14;;;9921;21;9924;13;;;9918.0;0.0
yf_ZW=F_d12;15100;INTARIAN_PEPPER_ROOT;11170;14;11168;20;;;11176;19;11179;20;;;11173.0;0.0
yf_ZW=F_d12;15200;ASH_COATED_OSMIUM;9915;19;9911;23;;;9921;12;9924;21;;;9918.0;0.0
yf_ZW=F_d12;15200;INTARIAN_PEPPER_ROOT;11172;13;11170;18;;;11180;25;11182;22;;;11176.0;0.0
yf_ZW=F_d12;15300;ASH_COATED_OSMIUM;9908;19;9905;19;;;9928;11;9931;15;;;9918.0;0.0
yf_ZW=F_d12;15300;INTARIAN_PEPPER_ROOT;11176;11;11174;13;;;11182;11;11184;22;;;11179.0;0.0
yf_ZW=F_d12;15400;ASH_COATED_OSMIUM;9910;12;9906;17;;;9928;5;9932;28;;;9919.0;0.0
yf_ZW=F_d12;15400;INTARIAN_PEPPER_ROOT;11179;11;11176;9;;;11185;9;11187;16;;;11182.0;0.0
yf_ZW=F_d12;15500;ASH_COATED_OSMIUM;9912;12;9908;26;;;9924;20;9928;13;;;9918.0;0.0
yf_ZW=F_d12;15500;INTARIAN_PEPPER_ROOT;11181;8;11178;20;;;11190;15;11192;12;;;11185.5;0.0
yf_ZW=F_d12;15600;ASH_COATED_OSMIUM;9915;21;9912;18;;;9921;15;9924;17;;;9918.0;0.0
yf_ZW=F_d12;15600;INTARIAN_PEPPER_ROOT;11185;21;11182;15;;;11191;26;11194;16;;;11188.0;0.0
yf_ZW=F_d12;15700;ASH_COATED_OSMIUM;9916;12;9913;22;;;9922;5;9926;21;;;9919.0;0.0
yf_ZW=F_d12;15700;INTARIAN_PEPPER_ROOT;11187;17;11185;21;;;11193;12;11196;19;;;11190.0;0.0
yf_ZW=F_d12;15800;ASH_COATED_OSMIUM;9913;14;9909;30;;;9926;18;9929;12;;;9919.5;0.0
yf_ZW=F_d12;15800;INTARIAN_PEPPER_ROOT;11191;14;11188;23;;;11197;14;11199;22;;;11194.0;0.0
yf_ZW=F_d12;15900;ASH_COATED_OSMIUM;9915;8;9913;31;;;9923;18;9925;27;;;9919.0;0.0
yf_ZW=F_d12;15900;INTARIAN_PEPPER_ROOT;11194;15;11190;18;;;11200;12;11202;19;;;11197.0;0.0
yf_ZW=F_d12;16000;ASH_COATED_OSMIUM;9916;13;9913;22;;;9922;17;9925;15;;;9919.0;0.0
yf_ZW=F_d12;16000;INTARIAN_PEPPER_ROOT;11195;19;11192;31;;;11207;18;11210;24;;;11201.0;0.0
yf_ZW=F_d12;16100;ASH_COATED_OSMIUM;9916;15;9912;23;;;9922;6;9926;10;;;9919.0;0.0
yf_ZW=F_d12;16100;INTARIAN_PEPPER_ROOT;11200;15;11196;22;;;11206;15;11209;25;;;11203.0;0.0
yf_ZW=F_d12;16200;ASH_COATED_OSMIUM;9916;14;9913;21;;;9922;13;9924;15;;;9919.0;0.0
yf_ZW=F_d12;16200;INTARIAN_PEPPER_ROOT;11181;15;11177;21;;;11230;21;11234;21;;;11205.5;0.0
yf_ZW=F_d12;16300;ASH_COATED_OSMIUM;9914;22;9912;14;;;9926;9;9929;24;;;9920.0;0.0
yf_ZW=F_d12;16300;INTARIAN_PEPPER_ROOT;11206;13;11203;17;;;11212;18;11215;27;;;11209.0;0.0
yf_ZW=F_d12;16400;ASH_COATED_OSMIUM;9915;13;9911;20;;;9925;8;9927;20;;;9920.0;0.0
yf_ZW=F_d12;16400;INTARIAN_PEPPER_ROOT;11207;19;11205;25;;;11218;25;11222;23;;;11212.5;0.0
yf_ZW=F_d12;16500;ASH_COATED_OSMIUM;9917;21;9914;20;;;9923;17;9927;28;;;9920.0;0.0
yf_ZW=F_d12;16500;INTARIAN_PEPPER_ROOT;11212;15;11208;18;;;11218;17;11221;14;;;11215.0;0.0
yf_ZW=F_d12;16600;ASH_COATED_OSMIUM;9917;5;9913;18;;;9923;16;9925;18;;;9920.0;0.0
yf_ZW=F_d12;16600;INTARIAN_PEPPER_ROOT;11214;16;11210;20;;;11221;12;11225;22;;;11217.5;0.0
yf_ZW=F_d12;16700;ASH_COATED_OSMIUM;9915;21;9913;22;;;9925;15;9928;15;;;9920.0;0.0
yf_ZW=F_d12;16700;INTARIAN_PEPPER_ROOT;11217;8;11213;24;;;11223;13;11227;23;;;11220.0;0.0
yf_ZW=F_d12;16800;ASH_COATED_OSMIUM;9915;20;9912;17;;;9926;13;9928;26;;;9920.5;0.0
yf_ZW=F_d12;16800;INTARIAN_PEPPER_ROOT;11216;16;11213;20;;;11232;17;11234;20;;;11224.0;0.0
yf_ZW=F_d12;16900;ASH_COATED_OSMIUM;9917;21;9914;17;;;9923;16;9925;30;;;9920.0;0.0
yf_ZW=F_d12;16900;INTARIAN_PEPPER_ROOT;11218;16;11214;19;;;11235;16;11238;12;;;11226.5;0.0
yf_ZW=F_d12;17000;ASH_COATED_OSMIUM;9918;14;9915;20;;;9924;23;9927;20;;;9921.0;0.0
yf_ZW=F_d12;17000;INTARIAN_PEPPER_ROOT;11225;6;11221;18;;;11231;8;11235;15;;;11228.0;0.0
yf_ZW=F_d12;17100;ASH_COATED_OSMIUM;9918;18;9915;24;;;9924;15;9927;22;;;9921.0;0.0
yf_ZW=F_d12;17100;INTARIAN_PEPPER_ROOT;11223;14;11220;20;;;11231;18;11235;19;;;11227.0;0.0
yf_ZW=F_d12;17200;ASH_COATED_OSMIUM;9918;17;9914;17;;;9924;11;9928;24;;;9921.0;0.0
yf_ZW=F_d12;17200;INTARIAN_PEPPER_ROOT;11223;18;11220;24;;;11232;22;11236;21;;;11227.5;0.0
yf_ZW=F_d12;17300;ASH_COATED_OSMIUM;9915;13;9913;21;;;9926;12;9928;12;;;9920.5;0.0
yf_ZW=F_d12;17300;INTARIAN_PEPPER_ROOT;11222;20;11219;19;;;11231;12;11235;8;;;11226.5;0.0
yf_ZW=F_d12;17400;ASH_COATED_OSMIUM;9918;10;9915;17;;;9925;18;9928;15;;;9921.5;0.0
yf_ZW=F_d12;17400;INTARIAN_PEPPER_ROOT;11221;16;11218;23;;;11231;17;11233;19;;;11226.0;0.0
yf_ZW=F_d12;17500;ASH_COATED_OSMIUM;9917;11;9914;27;;;9926;13;9930;19;;;9921.5;0.0
yf_ZW=F_d12;17500;INTARIAN_PEPPER_ROOT;11223;14;11219;21;;;11229;6;11231;17;;;11226.0;0.0
yf_ZW=F_d12;17600;ASH_COATED_OSMIUM;9916;19;9912;23;;;9925;14;9928;17;;;9920.5;0.0
yf_ZW=F_d12;17600;INTARIAN_PEPPER_ROOT;11223;20;11220;10;;;11229;15;11231;16;;;11226.0;0.0
yf_ZW=F_d12;17700;ASH_COATED_OSMIUM;9914;20;9911;18;;;9928;20;9932;18;;;9921.0;0.0
yf_ZW=F_d12;17700;INTARIAN_PEPPER_ROOT;11222;10;11220;24;;;11229;16;11233;21;;;11225.5;0.0
yf_ZW=F_d12;17800;ASH_COATED_OSMIUM;9918;7;9915;24;;;9924;17;9926;15;;;9921.0;0.0
yf_ZW=F_d12;17800;INTARIAN_PEPPER_ROOT;11222;6;11220;13;;;11228;16;11232;26;;;11225.0;0.0
yf_ZW=F_d12;17900;ASH_COATED_OSMIUM;9918;20;9914;15;;;9924;13;9926;26;;;9921.0;0.0
yf_ZW=F_d12;17900;INTARIAN_PEPPER_ROOT;11220;14;11216;19;;;11229;16;11232;18;;;11224.5;0.0
yf_ZW=F_d12;18000;ASH_COATED_OSMIUM;9911;14;9909;25;;;9931;20;9933;17;;;9921.0;0.0
yf_ZW=F_d12;18000;INTARIAN_PEPPER_ROOT;11221;13;11218;16;;;11229;18;11231;18;;;11225.0;0.0
yf_ZW=F_d12;18100;ASH_COATED_OSMIUM;9916;12;9912;16;;;9926;9;9930;8;;;9921.0;0.0
yf_ZW=F_d12;18100;INTARIAN_PEPPER_ROOT;11221;13;11217;15;;;11229;11;11233;20;;;11225.0;0.0
yf_ZW=F_d12;18200;ASH_COATED_OSMIUM;9917;11;9914;29;;;9926;18;9928;20;;;9921.5;0.0
yf_ZW=F_d12;18200;INTARIAN_PEPPER_ROOT;11221;18;11219;13;;;11227;19;11230;21;;;11224.0;0.0
yf_ZW=F_d12;18300;ASH_COATED_OSMIUM;9918;17;9914;18;;;9925;18;9927;25;;;9921.5;0.0
yf_ZW=F_d12;18300;INTARIAN_PEPPER_ROOT;11221;24;11217;10;;;11227;20;11229;23;;;11224.0;0.0
yf_ZW=F_d12;18400;ASH_COATED_OSMIUM;9917;5;9914;18;;;9927;15;9930;21;;;9922.0;0.0
yf_ZW=F_d12;18400;INTARIAN_PEPPER_ROOT;11220;13;11218;19;;;11228;19;11231;22;;;11224.0;0.0
yf_ZW=F_d12;18500;ASH_COATED_OSMIUM;9919;21;9916;20;;;9925;12;9928;16;;;9922.0;0.0
yf_ZW=F_d12;18500;INTARIAN_PEPPER_ROOT;11212;11;11209;26;;;11234;20;11238;28;;;11223.0;0.0
yf_ZW=F_d12;18600;ASH_COATED_OSMIUM;9919;19;9916;18;;;9925;24;9927;14;;;9922.0;0.0
yf_ZW=F_d12;18600;INTARIAN_PEPPER_ROOT;11216;15;11213;20;;;11229;16;11233;18;;;11222.5;0.0
yf_ZW=F_d12;18700;ASH_COATED_OSMIUM;9909;15;9905;23;;;9934;21;9938;19;;;9921.5;0.0
yf_ZW=F_d12;18700;INTARIAN_PEPPER_ROOT;11219;12;11215;26;;;11226;5;11230;17;;;11222.5;0.0
yf_ZW=F_d12;18800;ASH_COATED_OSMIUM;9916;21;9914;10;;;9927;17;9929;18;;;9921.5;0.0
yf_ZW=F_d12;18800;INTARIAN_PEPPER_ROOT;11215;22;11211;15;;;11230;12;11232;13;;;11222.5;0.0
yf_ZW=F_d12;18900;ASH_COATED_OSMIUM;9919;12;9917;15;;;9925;19;9928;12;;;9922.0;0.0
yf_ZW=F_d12;18900;INTARIAN_PEPPER_ROOT;11219;10;11217;13;;;11225;9;11227;16;;;11222.0;0.0
yf_ZW=F_d12;19000;ASH_COATED_OSMIUM;9918;17;9916;19;;;9924;12;9926;17;;;9921.0;0.0
yf_ZW=F_d12;19000;INTARIAN_PEPPER_ROOT;11219;12;11217;14;;;11225;21;11229;21;;;11222.0;0.0
yf_ZW=F_d12;19100;ASH_COATED_OSMIUM;9915;13;9911;30;;;9928;23;9930;22;;;9921.5;0.0
yf_ZW=F_d12;19100;INTARIAN_PEPPER_ROOT;11218;14;11215;19;;;11224;7;11228;15;;;11221.0;0.0
yf_ZW=F_d12;19200;ASH_COATED_OSMIUM;9919;14;9917;11;;;9925;23;9929;25;;;9922.0;0.0
yf_ZW=F_d12;19200;INTARIAN_PEPPER_ROOT;11216;5;11214;11;;;11226;20;11230;22;;;11221.0;0.0
yf_ZW=F_d12;19300;ASH_COATED_OSMIUM;9914;15;9910;10;;;9929;14;9931;26;;;9921.5;0.0
yf_ZW=F_d12;19300;INTARIAN_PEPPER_ROOT;11214;18;11210;21;;;11227;9;11231;27;;;11220.5;0.0
yf_ZW=F_d12;19400;ASH_COATED_OSMIUM;9917;12;9913;26;;;9927;12;9929;16;;;9922.0;0.0
yf_ZW=F_d12;19400;INTARIAN_PEPPER_ROOT;11218;17;11216;19;;;11224;12;11226;22;;;11221.0;0.0
yf_ZW=F_d12;19500;ASH_COATED_OSMIUM;9918;17;9914;14;;;9927;15;9930;8;;;9922.5;0.0
yf_ZW=F_d12;19500;INTARIAN_PEPPER_ROOT;11217;9;11213;18;;;11223;16;11227;22;;;11220.0;0.0
yf_ZW=F_d12;19600;ASH_COATED_OSMIUM;9919;16;9916;20;;;9925;14;9927;11;;;9922.0;0.0
yf_ZW=F_d12;19600;INTARIAN_PEPPER_ROOT;11217;16;11215;14;;;11223;13;11225;16;;;11220.0;0.0
yf_ZW=F_d12;19700;ASH_COATED_OSMIUM;9919;8;9917;21;;;9925;13;9929;19;;;9922.0;0.0
yf_ZW=F_d12;19700;INTARIAN_PEPPER_ROOT;11213;19;11210;15;;;11227;18;11229;33;;;11220.0;0.0
yf_ZW=F_d12;19800;ASH_COATED_OSMIUM;9915;16;9911;26;;;9928;17;9930;18;;;9921.5;0.0
yf_ZW=F_d12;19800;INTARIAN_PEPPER_ROOT;11212;12;11210;23;;;11227;10;11229;12;;;11219.5;0.0
yf_ZW=F_d12;19900;ASH_COATED_OSMIUM;9920;9;9917;24;;;9926;16;9929;16;;;9923.0;0.0
yf_ZW=F_d12;19900;INTARIAN_PEPPER_ROOT;11216;14;11214;30;;;11223;12;11227;16;;;11219.5;0.0
yf_ZW=F_d12;20000;ASH_COATED_OSMIUM;9919;14;9917;14;;;9926;20;9929;21;;;9922.5;0.0
yf_ZW=F_d12;20000;INTARIAN_PEPPER_ROOT;11215;24;11213;15;;;11222;5;11224;17;;;11218.5;0.0
yf_ZW=F_d12;20100;ASH_COATED_OSMIUM;9919;21;9916;10;;;9926;11;9930;16;;;9922.5;0.0
yf_ZW=F_d12;20100;INTARIAN_PEPPER_ROOT;11215;7;11212;14;;;11221;20;11223;18;;;11218.0;0.0
yf_ZW=F_d12;20200;ASH_COATED_OSMIUM;9920;15;9918;14;;;9926;6;9929;17;;;9923.0;0.0
yf_ZW=F_d12;20200;INTARIAN_PEPPER_ROOT;11215;5;11212;21;;;11221;8;11224;19;;;11218.0;0.0
yf_ZW=F_d12;20300;ASH_COATED_OSMIUM;9920;14;9918;18;;;9926;11;9929;23;;;9923.0;0.0
yf_ZW=F_d12;20300;INTARIAN_PEPPER_ROOT;11210;8;11208;18;;;11226;17;11228;17;;;11218.0;0.0
yf_ZW=F_d12;20400;ASH_COATED_OSMIUM;9920;18;9918;22;;;9926;5;9930;16;;;9923.0;0.0
yf_ZW=F_d12;20400;INTARIAN_PEPPER_ROOT;11202;12;11200;16;;;11233;21;11236;27;;;11217.5;0.0
yf_ZW=F_d12;20500;ASH_COATED_OSMIUM;9920;17;9916;16;;;9926;19;9928;16;;;9923.0;0.0
yf_ZW=F_d12;20500;INTARIAN_PEPPER_ROOT;11210;22;11207;16;;;11225;22;11227;23;;;11217.5;0.0
yf_ZW=F_d12;20600;ASH_COATED_OSMIUM;9918;10;9916;18;;;9929;12;9931;15;;;9923.5;0.0
yf_ZW=F_d12;20600;INTARIAN_PEPPER_ROOT;11214;7;11210;16;;;11220;5;11224;21;;;11217.0;0.0
yf_ZW=F_d12;20700;ASH_COATED_OSMIUM;9919;12;9916;21;;;9929;22;9932;16;;;9924.0;0.0
yf_ZW=F_d12;20700;INTARIAN_PEPPER_ROOT;11214;18;11212;20;;;11220;14;11222;19;;;11217.0;0.0
yf_ZW=F_d12;20800;ASH_COATED_OSMIUM;9917;6;9915;22;;;9929;5;9933;25;;;9923.0;0.0
yf_ZW=F_d12;20800;INTARIAN_PEPPER_ROOT;11209;6;11207;17;;;11223;21;11225;16;;;11216.0;0.0
yf_ZW=F_d12;20900;ASH_COATED_OSMIUM;9916;12;9913;18;;;9930;16;9932;18;;;9923.0;0.0
yf_ZW=F_d12;20900;INTARIAN_PEPPER_ROOT;11211;11;11207;23;;;11220;14;11224;23;;;11215.5;0.0
yf_ZW=F_d12;21000;ASH_COATED_OSMIUM;9920;15;9916;18;;;9926;12;9928;23;;;9923.0;0.0
yf_ZW=F_d12;21000;INTARIAN_PEPPER_ROOT;11212;12;11208;22;;;11218;7;11222;24;;;11215.0;0.0
yf_ZW=F_d12;21100;ASH_COATED_OSMIUM;9920;12;9917;8;;;9926;18;9928;18;;;9923.0;0.0
yf_ZW=F_d12;21100;INTARIAN_PEPPER_ROOT;11209;17;11205;18;;;11223;17;11226;17;;;11216.0;0.0
yf_ZW=F_d12;21200;ASH_COATED_OSMIUM;9916;22;9913;22;;;9931;17;9933;22;;;9923.5;0.0
yf_ZW=F_d12;21200;INTARIAN_PEPPER_ROOT;11212;15;11210;21;;;11218;13;11221;31;;;11215.0;0.0
yf_ZW=F_d12;21300;ASH_COATED_OSMIUM;9916;16;9913;17;;;9930;21;9934;21;;;9923.0;0.0
yf_ZW=F_d12;21300;INTARIAN_PEPPER_ROOT;11211;17;11209;18;;;11217;8;11221;13;;;11214.0;0.0
yf_ZW=F_d12;21400;ASH_COATED_OSMIUM;9916;14;9914;18;;;9929;17;9933;18;;;9922.5;0.0
yf_ZW=F_d12;21400;INTARIAN_PEPPER_ROOT;11211;13;11207;18;;;11217;15;11221;23;;;11214.0;0.0
yf_ZW=F_d12;21500;ASH_COATED_OSMIUM;9921;22;9918;25;;;9927;16;9929;18;;;9924.0;0.0
yf_ZW=F_d12;21500;INTARIAN_PEPPER_ROOT;11199;15;11196;18;;;11228;15;11232;18;;;11213.5;0.0
yf_ZW=F_d12;21600;ASH_COATED_OSMIUM;9920;18;9917;20;;;9926;17;9928;13;;;9923.0;0.0
yf_ZW=F_d12;21600;INTARIAN_PEPPER_ROOT;11208;12;11206;23;;;11219;10;11222;20;;;11213.5;0.0
yf_ZW=F_d12;21700;ASH_COATED_OSMIUM;9921;5;9917;17;;;9927;13;9929;25;;;9924.0;0.0
yf_ZW=F_d12;21700;INTARIAN_PEPPER_ROOT;11210;22;11206;24;;;11216;21;11218;9;;;11213.0;0.0
yf_ZW=F_d12;21800;ASH_COATED_OSMIUM;9921;12;9918;18;;;9927;21;9931;25;;;9924.0;0.0
yf_ZW=F_d12;21800;INTARIAN_PEPPER_ROOT;11202;21;11198;26;;;11225;10;11227;25;;;11213.5;0.0
yf_ZW=F_d12;21900;ASH_COATED_OSMIUM;9920;8;9916;19;;;9926;19;9930;14;;;9923.0;0.0
yf_ZW=F_d12;21900;INTARIAN_PEPPER_ROOT;11210;23;11206;18;;;11216;17;11220;24;;;11213.0;0.0
yf_ZW=F_d12;22000;ASH_COATED_OSMIUM;9902;8;9900;12;;;9946;16;9950;13;;;9924.0;0.0
yf_ZW=F_d12;22000;INTARIAN_PEPPER_ROOT;11210;7;11208;23;;;11216;15;11218;24;;;11213.0;0.0
yf_ZW=F_d12;22100;ASH_COATED_OSMIUM;9920;14;9917;16;;;9927;16;9931;18;;;9923.5;0.0
yf_ZW=F_d12;22100;INTARIAN_PEPPER_ROOT;11200;21;11197;19;;;11224;26;11226;20;;;11212.0;0.0
yf_ZW=F_d12;22200;ASH_COATED_OSMIUM;9922;20;9918;20;;;9928;13;9932;26;;;9925.0;0.0
yf_ZW=F_d12;22200;INTARIAN_PEPPER_ROOT;11210;11;11206;17;;;11216;16;11220;14;;;11213.0;0.0
yf_ZW=F_d12;22300;ASH_COATED_OSMIUM;9921;15;9918;31;;;9927;15;9931;14;;;9924.0;0.0
yf_ZW=F_d12;22300;INTARIAN_PEPPER_ROOT;11196;9;11192;18;;;11227;16;11231;11;;;11211.5;0.0
yf_ZW=F_d12;22400;ASH_COATED_OSMIUM;9912;21;9908;20;;;9937;10;9939;16;;;9924.5;0.0
yf_ZW=F_d12;22400;INTARIAN_PEPPER_ROOT;11201;18;11199;16;;;11223;14;11225;16;;;11212.0;0.0
yf_ZW=F_d12;22500;ASH_COATED_OSMIUM;9921;19;9918;25;;;9927;11;9929;8;;;9924.0;0.0
yf_ZW=F_d12;22500;INTARIAN_PEPPER_ROOT;11208;13;11205;10;;;11214;9;11217;19;;;11211.0;0.0
yf_ZW=F_d12;22600;ASH_COATED_OSMIUM;9922;11;9920;24;;;9928;21;9932;25;;;9925.0;0.0
yf_ZW=F_d12;22600;INTARIAN_PEPPER_ROOT;11207;12;11203;21;;;11213;5;11215;24;;;11210.0;0.0
yf_ZW=F_d12;22700;ASH_COATED_OSMIUM;9921;12;9917;23;;;9927;12;9929;16;;;9924.0;0.0
yf_ZW=F_d12;22700;INTARIAN_PEPPER_ROOT;11203;8;11201;13;;;11219;15;11222;15;;;11211.0;0.0
yf_ZW=F_d12;22800;ASH_COATED_OSMIUM;9921;14;9919;18;;;9928;18;9931;18;;;9924.5;0.0
yf_ZW=F_d12;22800;INTARIAN_PEPPER_ROOT;11207;19;11205;27;;;11213;5;11217;13;;;11210.0;0.0
yf_ZW=F_d12;22900;ASH_COATED_OSMIUM;9922;9;9920;21;;;9928;18;9932;9;;;9925.0;0.0
yf_ZW=F_d12;22900;INTARIAN_PEPPER_ROOT;11207;21;11204;27;;;11213;14;11217;28;;;11210.0;0.0
yf_ZW=F_d12;23000;ASH_COATED_OSMIUM;9922;9;9918;12;;;9928;27;9930;18;;;9925.0;0.0
yf_ZW=F_d12;23000;INTARIAN_PEPPER_ROOT;11206;14;11204;29;;;11212;9;11214;17;;;11209.0;0.0
yf_ZW=F_d12;23100;ASH_COATED_OSMIUM;9922;11;9920;21;;;9928;10;9931;21;;;9925.0;0.0
yf_ZW=F_d12;23100;INTARIAN_PEPPER_ROOT;11199;26;11196;17;;;11220;9;11223;25;;;11209.5;0.0
yf_ZW=F_d12;23200;ASH_COATED_OSMIUM;9921;21;9919;18;;;9929;26;9931;18;;;9925.0;0.0
yf_ZW=F_d12;23200;INTARIAN_PEPPER_ROOT;11206;13;11203;20;;;11212;17;11215;20;;;11209.0;0.0
yf_ZW=F_d12;23300;ASH_COATED_OSMIUM;9922;19;9919;14;;;9928;14;9930;18;;;9925.0;0.0
yf_ZW=F_d12;23300;INTARIAN_PEPPER_ROOT;11202;21;11198;24;;;11218;15;11222;14;;;11210.0;0.0
yf_ZW=F_d12;23400;ASH_COATED_OSMIUM;9922;12;9918;23;;;9928;18;9931;13;;;9925.0;0.0
yf_ZW=F_d12;23400;INTARIAN_PEPPER_ROOT;11196;19;11193;19;;;11219;20;11222;17;;;11207.5;0.0
yf_ZW=F_d12;23500;ASH_COATED_OSMIUM;9921;15;9917;21;;;9927;11;9931;9;;;9924.0;0.0
yf_ZW=F_d12;23500;INTARIAN_PEPPER_ROOT;11206;20;11204;33;;;11212;8;11214;18;;;11209.0;0.0
yf_ZW=F_d12;23600;ASH_COATED_OSMIUM;9922;18;9920;27;;;9928;10;9930;18;;;9925.0;0.0
yf_ZW=F_d12;23600;INTARIAN_PEPPER_ROOT;11202;14;11199;22;;;11213;12;11216;19;;;11207.5;0.0
yf_ZW=F_d12;23700;ASH_COATED_OSMIUM;9921;6;9917;24;;;9929;20;9933;9;;;9925.0;0.0
yf_ZW=F_d12;23700;INTARIAN_PEPPER_ROOT;11204;15;11200;18;;;11210;23;11212;21;;;11207.0;0.0
yf_ZW=F_d12;23800;ASH_COATED_OSMIUM;9918;9;9916;18;;;9932;14;9935;18;;;9925.0;0.0
yf_ZW=F_d12;23800;INTARIAN_PEPPER_ROOT;11204;18;11200;16;;;11210;7;11214;25;;;11207.0;0.0
yf_ZW=F_d12;23900;ASH_COATED_OSMIUM;9921;15;9918;16;;;9929;17;9932;23;;;9925.0;0.0
yf_ZW=F_d12;23900;INTARIAN_PEPPER_ROOT;11203;13;11199;21;;;11210;14;11212;31;;;11206.5;0.0
yf_ZW=F_d12;24000;ASH_COATED_OSMIUM;9922;18;9920;18;;;9928;22;9932;33;;;9925.0;0.0
yf_ZW=F_d12;24000;INTARIAN_PEPPER_ROOT;11194;19;11191;19;;;11218;17;11221;21;;;11206.0;0.0
yf_ZW=F_d12;24100;ASH_COATED_OSMIUM;9923;16;9920;16;;;9929;12;9932;11;;;9926.0;0.0
yf_ZW=F_d12;24100;INTARIAN_PEPPER_ROOT;11199;18;11197;27;;;11213;23;11216;19;;;11206.0;0.0
yf_ZW=F_d12;24200;ASH_COATED_OSMIUM;9917;6;9913;16;;;9934;11;9938;20;;;9925.5;0.0
yf_ZW=F_d12;24200;INTARIAN_PEPPER_ROOT;11199;18;11196;21;;;11214;20;11218;18;;;11206.5;0.0
yf_ZW=F_d12;24300;ASH_COATED_OSMIUM;9923;27;9920;23;;;9929;17;9931;27;;;9926.0;0.0
yf_ZW=F_d12;24300;INTARIAN_PEPPER_ROOT;11202;19;11199;18;;;11208;12;11212;15;;;11205.0;0.0
yf_ZW=F_d12;24400;ASH_COATED_OSMIUM;9922;16;9918;17;;;9929;5;9932;27;;;9925.5;0.0
yf_ZW=F_d12;24400;INTARIAN_PEPPER_ROOT;11202;12;11198;28;;;11208;11;11212;20;;;11205.0;0.0
yf_ZW=F_d12;24500;ASH_COATED_OSMIUM;9923;13;9919;26;;;9929;20;9932;20;;;9926.0;0.0
yf_ZW=F_d12;24500;INTARIAN_PEPPER_ROOT;11202;14;11198;14;;;11208;7;11212;25;;;11205.0;0.0
yf_ZW=F_d12;24600;ASH_COATED_OSMIUM;9923;15;9921;23;;;9929;5;9933;22;;;9926.0;0.0
yf_ZW=F_d12;24600;INTARIAN_PEPPER_ROOT;11198;16;11196;19;;;11212;16;11214;19;;;11205.0;0.0
yf_ZW=F_d12;24700;ASH_COATED_OSMIUM;9920;22;9917;17;;;9931;9;9934;26;;;9925.5;0.0
yf_ZW=F_d12;24700;INTARIAN_PEPPER_ROOT;11182;5;11179;19;;;11228;10;11230;15;;;11205.0;0.0
yf_ZW=F_d12;24800;ASH_COATED_OSMIUM;9917;18;9914;22;;;9934;19;9936;25;;;9925.5;0.0
yf_ZW=F_d12;24800;INTARIAN_PEPPER_ROOT;11197;6;11194;15;;;11211;14;11215;14;;;11204.0;0.0
yf_ZW=F_d12;24900;ASH_COATED_OSMIUM;9923;5;9921;9;;;9929;19;9933;28;;;9926.0;0.0
yf_ZW=F_d12;24900;INTARIAN_PEPPER_ROOT;11201;14;11198;15;;;11207;8;11211;18;;;11204.0;0.0
yf_ZW=F_d12;25000;ASH_COATED_OSMIUM;9921;17;9918;15;;;9931;14;9935;16;;;9926.0;0.0
yf_ZW=F_d12;25000;INTARIAN_PEPPER_ROOT;11200;22;11197;13;;;11206;7;11208;16;;;11203.0;0.0
yf_ZW=F_d12;25100;ASH_COATED_OSMIUM;9915;15;9913;14;;;9938;9;9940;24;;;9926.5;0.0
yf_ZW=F_d12;25100;INTARIAN_PEPPER_ROOT;11200;10;11196;16;;;11206;19;11210;8;;;11203.0;0.0
yf_ZW=F_d12;25200;ASH_COATED_OSMIUM;9919;10;9917;24;;;9934;23;9937;24;;;9926.5;0.0
yf_ZW=F_d12;25200;INTARIAN_PEPPER_ROOT;11200;5;11196;10;;;11206;18;11208;18;;;11203.0;0.0
yf_ZW=F_d12;25300;ASH_COATED_OSMIUM;9910;19;9908;23;;;9943;13;9946;19;;;9926.5;0.0
yf_ZW=F_d12;25300;INTARIAN_PEPPER_ROOT;11199;19;11197;16;;;11205;21;11209;21;;;11202.0;0.0
yf_ZW=F_d12;25400;ASH_COATED_OSMIUM;9923;13;9919;21;;;9929;5;9933;32;;;9926.0;0.0
yf_ZW=F_d12;25400;INTARIAN_PEPPER_ROOT;11193;9;11189;28;;;11211;17;11215;19;;;11202.0;0.0
yf_ZW=F_d12;25500;ASH_COATED_OSMIUM;9924;15;9921;19;;;9930;26;9934;14;;;9927.0;0.0
yf_ZW=F_d12;25500;INTARIAN_PEPPER_ROOT;11199;12;11195;26;;;11205;13;11208;10;;;11202.0;0.0
yf_ZW=F_d12;25600;ASH_COATED_OSMIUM;9922;13;9918;24;;;9932;9;9934;14;;;9927.0;0.0
yf_ZW=F_d12;25600;INTARIAN_PEPPER_ROOT;11199;11;11196;12;;;11205;21;11207;14;;;11202.0;0.0
yf_ZW=F_d12;25700;ASH_COATED_OSMIUM;9924;16;9922;21;;;9930;17;9932;20;;;9927.0;0.0
yf_ZW=F_d12;25700;INTARIAN_PEPPER_ROOT;11199;22;11195;19;;;11205;13;11208;21;;;11202.0;0.0
yf_ZW=F_d12;25800;ASH_COATED_OSMIUM;9924;15;9920;26;;;9930;11;9932;22;;;9927.0;0.0
yf_ZW=F_d12;25800;INTARIAN_PEPPER_ROOT;11197;13;11193;17;;;11203;13;11206;11;;;11200.0;0.0
yf_ZW=F_d12;25900;ASH_COATED_OSMIUM;9918;20;9915;19;;;9935;10;9939;21;;;9926.5;0.0
yf_ZW=F_d12;25900;INTARIAN_PEPPER_ROOT;11197;5;11195;26;;;11203;13;11206;20;;;11200.0;0.0
yf_ZW=F_d12;26000;ASH_COATED_OSMIUM;9924;14;9922;17;;;9930;15;9932;12;;;9927.0;0.0
yf_ZW=F_d12;26000;INTARIAN_PEPPER_ROOT;11198;21;11196;26;;;11204;8;11207;13;;;11201.0;0.0
yf_ZW=F_d12;26100;ASH_COATED_OSMIUM;9924;14;9920;21;;;9930;11;9934;11;;;9927.0;0.0
yf_ZW=F_d12;26100;INTARIAN_PEPPER_ROOT;11197;13;11195;11;;;11203;23;11207;23;;;11200.0;0.0
yf_ZW=F_d12;26200;ASH_COATED_OSMIUM;9924;14;9920;20;;;9930;20;9934;15;;;9927.0;0.0
yf_ZW=F_d12;26200;INTARIAN_PEPPER_ROOT;11197;22;11194;17;;;11203;15;11206;25;;;11200.0;0.0
yf_ZW=F_d12;26300;ASH_COATED_OSMIUM;9924;5;9920;23;;;9930;22;9934;23;;;9927.0;0.0
yf_ZW=F_d12;26300;INTARIAN_PEPPER_ROOT;11194;12;11192;27;;;11204;12;11207;26;;;11199.0;0.0
yf_ZW=F_d12;26400;ASH_COATED_OSMIUM;9924;8;9922;13;;;9930;18;9932;23;;;9927.0;0.0
yf_ZW=F_d12;26400;INTARIAN_PEPPER_ROOT;11190;18;11187;17;;;11208;9;11212;26;;;11199.0;0.0
yf_ZW=F_d12;26500;ASH_COATED_OSMIUM;9925;9;9921;20;;;9931;12;9934;15;;;9928.0;0.0
yf_ZW=F_d12;26500;INTARIAN_PEPPER_ROOT;11196;20;11194;18;;;11202;7;11204;22;;;11199.0;0.0
yf_ZW=F_d12;26600;ASH_COATED_OSMIUM;9924;20;9922;33;;;9930;5;9934;27;;;9927.0;0.0
yf_ZW=F_d12;26600;INTARIAN_PEPPER_ROOT;11192;7;11189;31;;;11204;13;11208;21;;;11198.0;0.0
yf_ZW=F_d12;26700;ASH_COATED_OSMIUM;9915;25;9913;15;;;9939;19;9943;19;;;9927.0;0.0
yf_ZW=F_d12;26700;INTARIAN_PEPPER_ROOT;11193;5;11189;16;;;11202;20;11205;22;;;11197.5;0.0
yf_ZW=F_d12;26800;ASH_COATED_OSMIUM;9925;8;9923;20;;;9931;20;9935;22;;;9928.0;0.0
yf_ZW=F_d12;26800;INTARIAN_PEPPER_ROOT;11195;21;11191;21;;;11201;15;11203;22;;;11198.0;0.0
yf_ZW=F_d12;26900;ASH_COATED_OSMIUM;9921;11;9918;19;;;9933;11;9935;24;;;9927.0;0.0
yf_ZW=F_d12;26900;INTARIAN_PEPPER_ROOT;11195;16;11193;13;;;11201;14;11205;22;;;11198.0;0.0
yf_ZW=F_d12;27000;ASH_COATED_OSMIUM;9924;11;9920;22;;;9930;30;9934;20;;;9927.0;0.0
yf_ZW=F_d12;27000;INTARIAN_PEPPER_ROOT;11194;14;11191;25;;;11201;17;11203;25;;;11197.5;0.0
yf_ZW=F_d12;27100;ASH_COATED_OSMIUM;9925;18;9921;29;;;9931;5;9934;25;;;9928.0;0.0
yf_ZW=F_d12;27100;INTARIAN_PEPPER_ROOT;11194;19;11191;19;;;11200;16;11202;16;;;11197.0;0.0
yf_ZW=F_d12;27200;ASH_COATED_OSMIUM;9925;12;9922;15;;;9931;19;9934;20;;;9928.0;0.0
yf_ZW=F_d12;27200;INTARIAN_PEPPER_ROOT;11192;13;11189;26;;;11202;23;11204;30;;;11197.0;0.0
yf_ZW=F_d12;27300;ASH_COATED_OSMIUM;9924;17;9922;18;;;9930;25;9934;29;;;9927.0;0.0
yf_ZW=F_d12;27300;INTARIAN_PEPPER_ROOT;11193;11;11189;12;;;11199;17;11202;15;;;11196.0;0.0
yf_ZW=F_d12;27400;ASH_COATED_OSMIUM;9924;15;9922;27;;;9931;17;9933;17;;;9927.5;0.0
yf_ZW=F_d12;27400;INTARIAN_PEPPER_ROOT;11193;15;11189;19;;;11199;13;11202;21;;;11196.0;0.0
yf_ZW=F_d12;27500;ASH_COATED_OSMIUM;9924;11;9922;18;;;9930;19;9934;13;;;9927.0;0.0
yf_ZW=F_d12;27500;INTARIAN_PEPPER_ROOT;11193;16;11190;21;;;11199;16;11202;24;;;11196.0;0.0
yf_ZW=F_d12;27600;ASH_COATED_OSMIUM;9914;14;9912;26;;;9943;15;9945;27;;;9928.5;0.0
yf_ZW=F_d12;27600;INTARIAN_PEPPER_ROOT;11188;19;11185;26;;;11204;17;11207;16;;;11196.0;0.0
yf_ZW=F_d12;27700;ASH_COATED_OSMIUM;9925;17;9922;20;;;9931;14;9933;19;;;9928.0;0.0
yf_ZW=F_d12;27700;INTARIAN_PEPPER_ROOT;11192;22;11189;19;;;11198;8;11201;20;;;11195.0;0.0
yf_ZW=F_d12;27800;ASH_COATED_OSMIUM;9924;18;9921;17;;;9932;12;9935;20;;;9928.0;0.0
yf_ZW=F_d12;27800;INTARIAN_PEPPER_ROOT;11188;14;11185;17;;;11203;18;11206;12;;;11195.5;0.0
yf_ZW=F_d12;27900;ASH_COATED_OSMIUM;9925;26;9922;21;;;9931;9;9933;21;;;9928.0;0.0
yf_ZW=F_d12;27900;INTARIAN_PEPPER_ROOT;11191;19;11189;26;;;11197;13;11201;29;;;11194.0;0.0
yf_ZW=F_d12;28000;ASH_COATED_OSMIUM;9926;15;9922;22;;;9932;12;9936;28;;;9929.0;0.0
yf_ZW=F_d12;28000;INTARIAN_PEPPER_ROOT;11188;20;11186;22;;;11201;15;11205;13;;;11194.5;0.0
yf_ZW=F_d12;28100;ASH_COATED_OSMIUM;9925;18;9923;8;;;9931;7;9935;13;;;9928.0;0.0
yf_ZW=F_d12;28100;INTARIAN_PEPPER_ROOT;11191;18;11187;21;;;11197;13;11200;24;;;11194.0;0.0
yf_ZW=F_d12;28200;ASH_COATED_OSMIUM;9926;13;9924;21;;;9932;7;9934;30;;;9929.0;0.0
yf_ZW=F_d12;28200;INTARIAN_PEPPER_ROOT;11191;9;11189;18;;;11197;11;11200;23;;;11194.0;0.0
yf_ZW=F_d12;28300;ASH_COATED_OSMIUM;9925;12;9921;17;;;9931;24;9935;14;;;9928.0;0.0
yf_ZW=F_d12;28300;INTARIAN_PEPPER_ROOT;11189;13;11187;8;;;11198;18;11202;15;;;11193.5;0.0
yf_ZW=F_d12;28400;ASH_COATED_OSMIUM;9921;19;9919;26;;;9935;10;9937;17;;;9928.0;0.0
yf_ZW=F_d12;28400;INTARIAN_PEPPER_ROOT;11190;11;11188;9;;;11196;17;11198;21;;;11193.0;0.0
yf_ZW=F_d12;28500;ASH_COATED_OSMIUM;9925;12;9923;23;;;9931;15;9935;22;;;9928.0;0.0
yf_ZW=F_d12;28500;INTARIAN_PEPPER_ROOT;11187;9;11185;18;;;11198;9;11202;25;;;11192.5;0.0
yf_ZW=F_d12;28600;ASH_COATED_OSMIUM;9925;5;9923;19;;;9931;11;9934;17;;;9928.0;0.0
yf_ZW=F_d12;28600;INTARIAN_PEPPER_ROOT;11175;5;11171;29;;;11210;21;11212;15;;;11192.5;0.0
yf_ZW=F_d12;28700;ASH_COATED_OSMIUM;9920;16;9918;18;;;9937;14;9940;23;;;9928.5;0.0
yf_ZW=F_d12;28700;INTARIAN_PEPPER_ROOT;11189;19;11187;24;;;11195;14;11199;16;;;11192.0;0.0
yf_ZW=F_d12;28800;ASH_COATED_OSMIUM;9925;7;9923;22;;;9931;14;9935;22;;;9928.0;0.0
yf_ZW=F_d12;28800;INTARIAN_PEPPER_ROOT;11188;16;11186;24;;;11195;14;11197;17;;;11191.5;0.0
yf_ZW=F_d12;28900;ASH_COATED_OSMIUM;9923;16;9919;16;;;9935;17;9937;17;;;9929.0;0.0
yf_ZW=F_d12;28900;INTARIAN_PEPPER_ROOT;11187;14;11185;15;;;11196;16;11198;17;;;11191.5;0.0
yf_ZW=F_d12;29000;ASH_COATED_OSMIUM;9922;7;9919;21;;;9935;17;9939;19;;;9928.5;0.0
yf_ZW=F_d12;29000;INTARIAN_PEPPER_ROOT;11188;16;11185;26;;;11194;13;11197;17;;;11191.0;0.0
yf_ZW=F_d12;29100;ASH_COATED_OSMIUM;9926;16;9924;27;;;9932;18;9935;21;;;9929.0;0.0
yf_ZW=F_d12;29100;INTARIAN_PEPPER_ROOT;11188;5;11184;11;;;11194;8;11197;20;;;11191.0;0.0
yf_ZW=F_d12;29200;ASH_COATED_OSMIUM;9926;22;9922;13;;;9932;8;9936;10;;;9929.0;0.0
yf_ZW=F_d12;29200;INTARIAN_PEPPER_ROOT;11184;18;11182;18;;;11196;16;11200;19;;;11190.0;0.0
yf_ZW=F_d12;29300;ASH_COATED_OSMIUM;9923;14;9919;24;;;9936;17;9939;19;;;9929.5;0.0
yf_ZW=F_d12;29300;INTARIAN_PEPPER_ROOT;11175;16;11173;17;;;11206;13;11209;18;;;11190.5;0.0
yf_ZW=F_d12;29400;ASH_COATED_OSMIUM;9921;16;9918;23;;;9937;16;9940;25;;;9929.0;0.0
yf_ZW=F_d12;29400;INTARIAN_PEPPER_ROOT;11182;19;11179;21;;;11198;15;11201;21;;;11190.0;0.0
yf_ZW=F_d12;29500;ASH_COATED_OSMIUM;9926;6;9923;23;;;9932;14;9934;17;;;9929.0;0.0
yf_ZW=F_d12;29500;INTARIAN_PEPPER_ROOT;11187;17;11185;12;;;11193;7;11197;19;;;11190.0;0.0
yf_ZW=F_d12;29600;ASH_COATED_OSMIUM;9926;23;9923;17;;;9933;17;9936;25;;;9929.5;0.0
yf_ZW=F_d12;29600;INTARIAN_PEPPER_ROOT;11183;9;11180;15;;;11195;14;11198;19;;;11189.0;0.0
yf_ZW=F_d12;29700;ASH_COATED_OSMIUM;9926;11;9924;16;;;9932;14;9934;18;;;9929.0;0.0
yf_ZW=F_d12;29700;INTARIAN_PEPPER_ROOT;11186;18;11182;19;;;11194;13;11198;16;;;11190.0;0.0
yf_ZW=F_d12;29800;ASH_COATED_OSMIUM;9923;25;9919;18;;;9936;24;9938;9;;;9929.5;0.0
yf_ZW=F_d12;29800;INTARIAN_PEPPER_ROOT;11186;12;11183;14;;;11192;19;11194;10;;;11189.0;0.0
yf_ZW=F_d12;29900;ASH_COATED_OSMIUM;9926;19;9922;18;;;9932;13;9935;14;;;9929.0;0.0
yf_ZW=F_d12;29900;INTARIAN_PEPPER_ROOT;11184;5;11180;11;;;11192;19;11195;17;;;11188.0;0.0
yf_ZW=F_d12;30000;ASH_COATED_OSMIUM;9926;20;9924;10;;;9934;19;9938;25;;;9930.0;0.0
yf_ZW=F_d12;30000;INTARIAN_PEPPER_ROOT;11179;11;11175;22;;;11198;13;11200;26;;;11188.5;0.0
yf_ZW=F_d12;30100;ASH_COATED_OSMIUM;9922;9;9919;18;;;9938;17;9942;15;;;9930.0;0.0
yf_ZW=F_d12;30100;INTARIAN_PEPPER_ROOT;11182;12;11180;13;;;11194;19;11198;11;;;11188.0;0.0
yf_ZW=F_d12;30200;ASH_COATED_OSMIUM;9921;13;9917;26;;;9938;14;9941;23;;;9929.5;0.0
yf_ZW=F_d12;30200;INTARIAN_PEPPER_ROOT;11185;20;11182;19;;;11191;12;11194;22;;;11188.0;0.0
yf_ZW=F_d12;30300;ASH_COATED_OSMIUM;9923;12;9921;18;;;9936;23;9939;20;;;9929.5;0.0
yf_ZW=F_d12;30300;INTARIAN_PEPPER_ROOT;11185;12;11181;14;;;11191;8;11194;20;;;11188.0;0.0
yf_ZW=F_d12;30400;ASH_COATED_OSMIUM;9924;9;9920;17;;;9936;21;9938;17;;;9930.0;0.0
yf_ZW=F_d12;30400;INTARIAN_PEPPER_ROOT;11184;12;11182;18;;;11190;17;11192;9;;;11187.0;0.0
yf_ZW=F_d12;30500;ASH_COATED_OSMIUM;9920;14;9916;23;;;9939;17;9943;22;;;9929.5;0.0
yf_ZW=F_d12;30500;INTARIAN_PEPPER_ROOT;11182;20;11180;21;;;11191;15;11194;9;;;11186.5;0.0
yf_ZW=F_d12;30600;ASH_COATED_OSMIUM;9927;25;9924;19;;;9933;14;9935;24;;;9930.0;0.0
yf_ZW=F_d12;30600;INTARIAN_PEPPER_ROOT;11182;14;11179;28;;;11190;22;11194;20;;;11186.0;0.0
yf_ZW=F_d12;30700;ASH_COATED_OSMIUM;9925;11;9921;21;;;9935;14;9939;22;;;9930.0;0.0
yf_ZW=F_d12;30700;INTARIAN_PEPPER_ROOT;11176;14;11172;21;;;11197;17;11199;19;;;11186.5;0.0
yf_ZW=F_d12;30800;ASH_COATED_OSMIUM;9926;11;9924;18;;;9933;17;9936;17;;;9929.5;0.0
yf_ZW=F_d12;30800;INTARIAN_PEPPER_ROOT;11183;8;11181;21;;;11189;16;11192;21;;;11186.0;0.0
yf_ZW=F_d12;30900;ASH_COATED_OSMIUM;9927;16;9925;13;;;9933;19;9935;24;;;9930.0;0.0
yf_ZW=F_d12;30900;INTARIAN_PEPPER_ROOT;11182;17;11180;17;;;11189;18;11191;9;;;11185.5;0.0
yf_ZW=F_d12;31000;ASH_COATED_OSMIUM;9927;17;9924;18;;;9933;17;9937;27;;;9930.0;0.0
yf_ZW=F_d12;31000;INTARIAN_PEPPER_ROOT;11182;8;11180;27;;;11188;16;11192;17;;;11185.0;0.0
yf_ZW=F_d12;31100;ASH_COATED_OSMIUM;9924;16;9920;13;;;9936;15;9940;28;;;9930.0;0.0
yf_ZW=F_d12;31100;INTARIAN_PEPPER_ROOT;11182;7;11180;19;;;11188;16;11192;17;;;11185.0;0.0
yf_ZW=F_d12;31200;ASH_COATED_OSMIUM;9927;7;9924;14;;;9933;15;9936;15;;;9930.0;0.0
yf_ZW=F_d12;31200;INTARIAN_PEPPER_ROOT;11182;22;11178;24;;;11188;20;11190;19;;;11185.0;0.0
yf_ZW=F_d12;31300;ASH_COATED_OSMIUM;9925;16;9921;13;;;9935;9;9937;23;;;9930.0;0.0
yf_ZW=F_d12;31300;INTARIAN_PEPPER_ROOT;11181;12;11177;29;;;11187;13;11189;16;;;11184.0;0.0
yf_ZW=F_d12;31400;ASH_COATED_OSMIUM;9928;25;9925;19;;;9934;19;9936;23;;;9931.0;0.0
yf_ZW=F_d12;31400;INTARIAN_PEPPER_ROOT;11181;12;11177;25;;;11187;11;11191;27;;;11184.0;0.0
yf_ZW=F_d12;31500;ASH_COATED_OSMIUM;9927;25;9924;14;;;9933;11;9935;15;;;9930.0;0.0
yf_ZW=F_d12;31500;INTARIAN_PEPPER_ROOT;11180;20;11178;28;;;11186;7;11188;26;;;11183.0;0.0
yf_ZW=F_d12;31600;ASH_COATED_OSMIUM;9928;13;9924;18;;;9934;18;9936;20;;;9931.0;0.0
yf_ZW=F_d12;31600;INTARIAN_PEPPER_ROOT;11181;15;11177;19;;;11187;9;11190;15;;;11184.0;0.0
yf_ZW=F_d12;31700;ASH_COATED_OSMIUM;9926;15;9924;16;;;9936;13;9940;26;;;9931.0;0.0
yf_ZW=F_d12;31700;INTARIAN_PEPPER_ROOT;11180;16;11178;19;;;11186;8;11189;11;;;11183.0;0.0
yf_ZW=F_d12;31800;ASH_COATED_OSMIUM;9928;16;9925;19;;;9934;19;9937;22;;;9931.0;0.0
yf_ZW=F_d12;31800;INTARIAN_PEPPER_ROOT;11179;5;11177;16;;;11185;20;11189;10;;;11182.0;0.0
yf_ZW=F_d12;31900;ASH_COATED_OSMIUM;9928;13;9925;21;;;9934;18;9936;29;;;9931.0;0.0
yf_ZW=F_d12;31900;INTARIAN_PEPPER_ROOT;11180;5;11177;27;;;11186;14;11190;28;;;11183.0;0.0
yf_ZW=F_d12;32000;ASH_COATED_OSMIUM;9928;9;9924;20;;;9934;18;9937;25;;;9931.0;0.0
yf_ZW=F_d12;32000;INTARIAN_PEPPER_ROOT;11169;9;11166;13;;;11194;21;11197;11;;;11181.5;0.0
yf_ZW=F_d12;32100;ASH_COATED_OSMIUM;9922;12;9920;13;;;9940;20;9943;12;;;9931.0;0.0
yf_ZW=F_d12;32100;INTARIAN_PEPPER_ROOT;11176;9;11173;16;;;11187;6;11191;23;;;11181.5;0.0
yf_ZW=F_d12;32200;ASH_COATED_OSMIUM;9923;13;9919;21;;;9939;5;9941;20;;;9931.0;0.0
yf_ZW=F_d12;32200;INTARIAN_PEPPER_ROOT;11167;19;11163;13;;;11196;5;11198;18;;;11181.5;0.0
yf_ZW=F_d12;32300;ASH_COATED_OSMIUM;9928;22;9926;22;;;9934;19;9938;22;;;9931.0;0.0
yf_ZW=F_d12;32300;INTARIAN_PEPPER_ROOT;11176;20;11172;24;;;11186;10;11190;15;;;11181.0;0.0
yf_ZW=F_d12;32400;ASH_COATED_OSMIUM;9928;21;9925;14;;;9934;15;9938;23;;;9931.0;0.0
yf_ZW=F_d12;32400;INTARIAN_PEPPER_ROOT;11178;23;11175;14;;;11184;22;11188;21;;;11181.0;0.0
yf_ZW=F_d12;32500;ASH_COATED_OSMIUM;9928;19;9925;21;;;9934;16;9936;24;;;9931.0;0.0
yf_ZW=F_d12;32500;INTARIAN_PEPPER_ROOT;11177;12;11173;12;;;11184;14;11187;25;;;11180.5;0.0
yf_ZW=F_d12;32600;ASH_COATED_OSMIUM;9926;20;9924;27;;;9937;20;9940;18;;;9931.5;0.0
yf_ZW=F_d12;32600;INTARIAN_PEPPER_ROOT;11177;15;11174;14;;;11183;14;11187;23;;;11180.0;0.0
yf_ZW=F_d12;32700;ASH_COATED_OSMIUM;9928;14;9924;21;;;9934;12;9937;18;;;9931.0;0.0
yf_ZW=F_d12;32700;INTARIAN_PEPPER_ROOT;11177;12;11175;25;;;11183;10;11187;26;;;11180.0;0.0
yf_ZW=F_d12;32800;ASH_COATED_OSMIUM;9928;17;9925;24;;;9934;14;9938;19;;;9931.0;0.0
yf_ZW=F_d12;32800;INTARIAN_PEPPER_ROOT;11176;21;11172;28;;;11182;18;11185;19;;;11179.0;0.0
yf_ZW=F_d12;32900;ASH_COATED_OSMIUM;9925;15;9922;23;;;9938;9;9941;17;;;9931.5;0.0
yf_ZW=F_d12;32900;INTARIAN_PEPPER_ROOT;11174;19;11171;25;;;11185;18;11187;24;;;11179.5;0.0
yf_ZW=F_d12;33000;ASH_COATED_OSMIUM;9920;10;9917;27;;;9944;20;9946;21;;;9932.0;0.0
yf_ZW=F_d12;33000;INTARIAN_PEPPER_ROOT;11164;9;11162;19;;;11196;30;11200;23;;;11180.0;0.0
yf_ZW=F_d12;33100;ASH_COATED_OSMIUM;9928;22;9924;21;;;9936;5;9939;18;;;9932.0;0.0
yf_ZW=F_d12;33100;INTARIAN_PEPPER_ROOT;11176;10;11173;23;;;11182;19;11185;16;;;11179.0;0.0
yf_ZW=F_d12;33200;ASH_COATED_OSMIUM;9921;17;9919;24;;;9943;19;9946;23;;;9932.0;0.0
yf_ZW=F_d12;33200;INTARIAN_PEPPER_ROOT;11174;12;11170;24;;;11182;16;11184;17;;;11178.0;0.0
yf_ZW=F_d12;33300;ASH_COATED_OSMIUM;9927;18;9923;11;;;9937;14;9941;31;;;9932.0;0.0
yf_ZW=F_d12;33300;INTARIAN_PEPPER_ROOT;11175;18;11172;20;;;11181;13;11185;24;;;11178.0;0.0
yf_ZW=F_d12;33400;ASH_COATED_OSMIUM;9929;16;9927;22;;;9935;20;9939;12;;;9932.0;0.0
yf_ZW=F_d12;33400;INTARIAN_PEPPER_ROOT;11173;17;11169;12;;;11183;15;11185;21;;;11178.0;0.0
yf_ZW=F_d12;33500;ASH_COATED_OSMIUM;9929;10;9925;28;;;9935;17;9938;18;;;9932.0;0.0
yf_ZW=F_d12;33500;INTARIAN_PEPPER_ROOT;11175;11;11173;17;;;11181;15;11184;14;;;11178.0;0.0
yf_ZW=F_d12;33600;ASH_COATED_OSMIUM;9929;20;9927;25;;;9935;17;9939;16;;;9932.0;0.0
yf_ZW=F_d12;33600;INTARIAN_PEPPER_ROOT;11174;15;11172;20;;;11180;19;11182;20;;;11177.0;0.0
yf_ZW=F_d12;33700;ASH_COATED_OSMIUM;9929;11;9927;22;;;9936;19;9940;26;;;9932.5;0.0
yf_ZW=F_d12;33700;INTARIAN_PEPPER_ROOT;11174;26;11171;22;;;11180;21;11184;27;;;11177.0;0.0
yf_ZW=F_d12;33800;ASH_COATED_OSMIUM;9929;13;9926;22;;;9936;13;9939;21;;;9932.5;0.0
yf_ZW=F_d12;33800;INTARIAN_PEPPER_ROOT;11173;11;11170;19;;;11180;9;11184;26;;;11176.5;0.0
yf_ZW=F_d12;33900;ASH_COATED_OSMIUM;9914;17;9912;20;;;9950;14;9954;32;;;9932.0;0.0
yf_ZW=F_d12;33900;INTARIAN_PEPPER_ROOT;11167;25;11163;21;;;11185;7;11188;24;;;11176.0;0.0
yf_ZW=F_d12;34000;ASH_COATED_OSMIUM;9924;16;9922;20;;;9941;16;9945;17;;;9932.5;0.0
yf_ZW=F_d12;34000;INTARIAN_PEPPER_ROOT;11174;16;11172;21;;;11185;21;11189;23;;;11179.5;0.0
yf_ZW=F_d12;34100;ASH_COATED_OSMIUM;9925;19;9921;21;;;9939;10;9941;23;;;9932.0;0.0
yf_ZW=F_d12;34100;INTARIAN_PEPPER_ROOT;11178;18;11176;23;;;11184;19;11186;26;;;11181.0;0.0
yf_ZW=F_d12;34200;ASH_COATED_OSMIUM;9929;17;9925;15;;;9935;13;9939;20;;;9932.0;0.0
yf_ZW=F_d12;34200;INTARIAN_PEPPER_ROOT;11180;9;11178;13;;;11186;13;11188;26;;;11183.0;0.0
yf_ZW=F_d12;34300;ASH_COATED_OSMIUM;9927;10;9923;11;;;9937;12;9939;19;;;9932.0;0.0
yf_ZW=F_d12;34300;INTARIAN_PEPPER_ROOT;11183;14;11181;20;;;11189;9;11191;11;;;11186.0;0.0
yf_ZW=F_d12;34400;ASH_COATED_OSMIUM;9929;17;9926;34;;;9935;23;9938;13;;;9932.0;0.0
yf_ZW=F_d12;34400;INTARIAN_PEPPER_ROOT;11180;19;11176;22;;;11197;8;11199;23;;;11188.5;0.0
yf_ZW=F_d12;34500;ASH_COATED_OSMIUM;9929;16;9925;14;;;9935;15;9938;17;;;9932.0;0.0
yf_ZW=F_d12;34500;INTARIAN_PEPPER_ROOT;11187;22;11185;21;;;11194;7;11196;21;;;11190.5;0.0
yf_ZW=F_d12;34600;ASH_COATED_OSMIUM;9929;12;9926;17;;;9935;17;9939;21;;;9932.0;0.0
yf_ZW=F_d12;34600;INTARIAN_PEPPER_ROOT;11190;18;11186;12;;;11196;15;11200;24;;;11193.0;0.0
yf_ZW=F_d12;34700;ASH_COATED_OSMIUM;9928;22;9926;15;;;9934;9;9938;17;;;9931.0;0.0
yf_ZW=F_d12;34700;INTARIAN_PEPPER_ROOT;11191;13;11187;20;;;11197;12;11199;29;;;11194.0;0.0
yf_ZW=F_d12;34800;ASH_COATED_OSMIUM;9929;22;9925;19;;;9935;5;9939;19;;;9932.0;0.0
yf_ZW=F_d12;34800;INTARIAN_PEPPER_ROOT;11194;17;11191;23;;;11200;20;11204;25;;;11197.0;0.0
yf_ZW=F_d12;34900;ASH_COATED_OSMIUM;9928;16;9925;22;;;9934;8;9937;24;;;9931.0;0.0
yf_ZW=F_d12;34900;INTARIAN_PEPPER_ROOT;11195;13;11192;21;;;11203;17;11205;25;;;11199.0;0.0
yf_ZW=F_d12;35000;ASH_COATED_OSMIUM;9928;6;9924;18;;;9934;18;9936;17;;;9931.0;0.0
yf_ZW=F_d12;35000;INTARIAN_PEPPER_ROOT;11199;22;11195;16;;;11205;30;11208;17;;;11202.0;0.0
yf_ZW=F_d12;35100;ASH_COATED_OSMIUM;9928;19;9926;20;;;9934;12;9938;24;;;9931.0;0.0
yf_ZW=F_d12;35100;INTARIAN_PEPPER_ROOT;11201;9;11197;16;;;11207;8;11209;28;;;11204.0;0.0
yf_ZW=F_d12;35200;ASH_COATED_OSMIUM;9922;24;9920;19;;;9939;15;9943;18;;;9930.5;0.0
yf_ZW=F_d12;35200;INTARIAN_PEPPER_ROOT;11193;12;11191;25;;;11219;18;11222;17;;;11206.0;0.0
yf_ZW=F_d12;35300;ASH_COATED_OSMIUM;9926;5;9923;16;;;9936;19;9939;19;;;9931.0;0.0
yf_ZW=F_d12;35300;INTARIAN_PEPPER_ROOT;11196;21;11194;14;;;11222;20;11226;19;;;11209.0;0.0
yf_ZW=F_d12;35400;ASH_COATED_OSMIUM;9928;17;9924;23;;;9934;18;9938;30;;;9931.0;0.0
yf_ZW=F_d12;35400;INTARIAN_PEPPER_ROOT;11206;21;11203;26;;;11215;17;11218;19;;;11210.5;0.0
yf_ZW=F_d12;35500;ASH_COATED_OSMIUM;9928;9;9924;25;;;9934;16;9936;18;;;9931.0;0.0
yf_ZW=F_d12;35500;INTARIAN_PEPPER_ROOT;11210;12;11206;33;;;11216;18;11219;16;;;11213.0;0.0
yf_ZW=F_d12;35600;ASH_COATED_OSMIUM;9927;18;9923;23;;;9935;15;9938;25;;;9931.0;0.0
yf_ZW=F_d12;35600;INTARIAN_PEPPER_ROOT;11212;10;11209;17;;;11218;11;11221;13;;;11215.0;0.0
yf_ZW=F_d12;35700;ASH_COATED_OSMIUM;9926;8;9922;29;;;9935;13;9937;26;;;9930.5;0.0
yf_ZW=F_d12;35700;INTARIAN_PEPPER_ROOT;11211;18;11207;19;;;11225;25;11228;10;;;11218.0;0.0
yf_ZW=F_d12;35800;ASH_COATED_OSMIUM;9923;20;9919;29;;;9937;10;9939;16;;;9930.0;0.0
yf_ZW=F_d12;35800;INTARIAN_PEPPER_ROOT;11215;18;11211;23;;;11223;19;11227;23;;;11219.0;0.0
yf_ZW=F_d12;35900;ASH_COATED_OSMIUM;9928;23;9925;19;;;9934;22;9936;31;;;9931.0;0.0
yf_ZW=F_d12;35900;INTARIAN_PEPPER_ROOT;11216;19;11214;27;;;11228;15;11230;19;;;11222.0;0.0
yf_ZW=F_d12;36000;ASH_COATED_OSMIUM;9927;14;9925;18;;;9933;17;9937;20;;;9930.0;0.0
yf_ZW=F_d12;36000;INTARIAN_PEPPER_ROOT;11222;13;11219;11;;;11228;9;11232;15;;;11225.0;0.0
yf_ZW=F_d12;36100;ASH_COATED_OSMIUM;9927;20;9925;22;;;9933;14;9936;17;;;9930.0;0.0
yf_ZW=F_d12;36100;INTARIAN_PEPPER_ROOT;11224;11;11222;22;;;11230;7;11232;19;;;11227.0;0.0
yf_ZW=F_d12;36200;ASH_COATED_OSMIUM;9924;11;9922;16;;;9935;11;9939;26;;;9929.5;0.0
yf_ZW=F_d12;36200;INTARIAN_PEPPER_ROOT;11226;17;11224;22;;;11232;15;11234;17;;;11229.0;0.0
yf_ZW=F_d12;36300;ASH_COATED_OSMIUM;9924;11;9921;20;;;9936;13;9939;21;;;9930.0;0.0
yf_ZW=F_d12;36300;INTARIAN_PEPPER_ROOT;11225;15;11223;21;;;11237;12;11239;18;;;11231.0;0.0
yf_ZW=F_d12;36400;ASH_COATED_OSMIUM;9927;10;9923;24;;;9933;7;9935;35;;;9930.0;0.0
yf_ZW=F_d12;36400;INTARIAN_PEPPER_ROOT;11231;8;11227;20;;;11237;10;11240;19;;;11234.0;0.0
yf_ZW=F_d12;36500;ASH_COATED_OSMIUM;9928;15;9926;17;;;9934;8;9936;17;;;9931.0;0.0
yf_ZW=F_d12;36500;INTARIAN_PEPPER_ROOT;11231;17;11228;20;;;11241;11;11244;14;;;11236.0;0.0
yf_ZW=F_d12;36600;ASH_COATED_OSMIUM;9927;18;9924;19;;;9933;9;9935;23;;;9930.0;0.0
yf_ZW=F_d12;36600;INTARIAN_PEPPER_ROOT;11232;12;11228;15;;;11244;15;11246;10;;;11238.0;0.0
yf_ZW=F_d12;36700;ASH_COATED_OSMIUM;9926;13;9922;31;;;9934;9;9936;20;;;9930.0;0.0
yf_ZW=F_d12;36700;INTARIAN_PEPPER_ROOT;11234;5;11230;14;;;11245;17;11248;11;;;11239.5;0.0
yf_ZW=F_d12;36800;ASH_COATED_OSMIUM;9927;11;9925;14;;;9933;18;9935;28;;;9930.0;0.0
yf_ZW=F_d12;36800;INTARIAN_PEPPER_ROOT;11231;17;11229;15;;;11254;5;11257;21;;;11242.5;0.0
yf_ZW=F_d12;36900;ASH_COATED_OSMIUM;9924;9;9921;18;;;9934;12;9936;20;;;9929.0;0.0
yf_ZW=F_d12;36900;INTARIAN_PEPPER_ROOT;11242;15;11240;26;;;11248;9;11252;14;;;11245.0;0.0
yf_ZW=F_d12;37000;ASH_COATED_OSMIUM;9924;9;9921;17;;;9935;22;9938;19;;;9929.5;0.0
yf_ZW=F_d12;37000;INTARIAN_PEPPER_ROOT;11244;11;11240;12;;;11250;14;11252;20;;;11247.0;0.0
yf_ZW=F_d12;37100;ASH_COATED_OSMIUM;9927;5;9925;21;;;9933;20;9936;14;;;9930.0;0.0
yf_ZW=F_d12;37100;INTARIAN_PEPPER_ROOT;11246;12;11243;19;;;11254;23;11258;24;;;11250.0;0.0
yf_ZW=F_d12;37200;ASH_COATED_OSMIUM;9926;17;9923;17;;;9932;23;9935;19;;;9929.0;0.0
yf_ZW=F_d12;37200;INTARIAN_PEPPER_ROOT;11249;14;11247;12;;;11255;9;11258;23;;;11252.0;0.0
yf_ZW=F_d12;37300;ASH_COATED_OSMIUM;9927;5;9923;22;;;9933;13;9937;20;;;9930.0;0.0
yf_ZW=F_d12;37300;INTARIAN_PEPPER_ROOT;11248;13;11246;24;;;11261;9;11265;14;;;11254.5;0.0
yf_ZW=F_d12;37400;ASH_COATED_OSMIUM;9926;7;9923;24;;;9932;5;9934;18;;;9929.0;0.0
yf_ZW=F_d12;37400;INTARIAN_PEPPER_ROOT;11253;9;11251;24;;;11260;19;11263;20;;;11256.5;0.0
yf_ZW=F_d12;37500;ASH_COATED_OSMIUM;9925;15;9922;24;;;9934;6;9936;25;;;9929.5;0.0
yf_ZW=F_d12;37500;INTARIAN_PEPPER_ROOT;11255;17;11251;18;;;11261;16;11263;19;;;11258.0;0.0
yf_ZW=F_d12;37600;ASH_COATED_OSMIUM;9926;10;9923;14;;;9932;20;9936;24;;;9929.0;0.0
yf_ZW=F_d12;37600;INTARIAN_PEPPER_ROOT;11258;14;11255;18;;;11264;19;11268;27;;;11261.0;0.0
yf_ZW=F_d12;37700;ASH_COATED_OSMIUM;9926;14;9922;14;;;9932;16;9936;18;;;9929.0;0.0
yf_ZW=F_d12;37700;INTARIAN_PEPPER_ROOT;11259;14;11257;22;;;11268;17;11270;15;;;11263.5;0.0
yf_ZW=F_d12;37800;ASH_COATED_OSMIUM;9926;12;9922;20;;;9932;15;9934;14;;;9929.0;0.0
yf_ZW=F_d12;37800;INTARIAN_PEPPER_ROOT;11262;14;11260;20;;;11270;17;11273;13;;;11266.0;0.0
yf_ZW=F_d12;37900;ASH_COATED_OSMIUM;9926;15;9922;22;;;9932;16;9935;18;;;9929.0;0.0
yf_ZW=F_d12;37900;INTARIAN_PEPPER_ROOT;11265;20;11263;19;;;11271;18;11275;24;;;11268.0;0.0
yf_ZW=F_d12;38000;ASH_COATED_OSMIUM;9918;15;9915;23;;;9940;14;9942;17;;;9929.0;0.0
yf_ZW=F_d12;38000;INTARIAN_PEPPER_ROOT;11263;12;11259;12;;;11278;21;11281;19;;;11270.5;0.0
yf_ZW=F_d12;38100;ASH_COATED_OSMIUM;9926;13;9922;20;;;9932;16;9936;11;;;9929.0;0.0
yf_ZW=F_d12;38100;INTARIAN_PEPPER_ROOT;11270;25;11266;11;;;11276;13;11278;29;;;11273.0;0.0
yf_ZW=F_d12;38200;ASH_COATED_OSMIUM;9925;12;9922;12;;;9931;17;9935;22;;;9928.0;0.0
yf_ZW=F_d12;38200;INTARIAN_PEPPER_ROOT;11268;11;11265;15;;;11281;17;11283;18;;;11274.5;0.0
yf_ZW=F_d12;38300;ASH_COATED_OSMIUM;9924;7;9922;17;;;9933;14;9936;20;;;9928.5;0.0
yf_ZW=F_d12;38300;INTARIAN_PEPPER_ROOT;11274;13;11270;23;;;11280;11;11283;13;;;11277.0;0.0
yf_ZW=F_d12;38400;ASH_COATED_OSMIUM;9925;17;9922;18;;;9931;14;9935;20;;;9928.0;0.0
yf_ZW=F_d12;38400;INTARIAN_PEPPER_ROOT;11276;12;11274;12;;;11282;19;11284;21;;;11279.0;0.0
yf_ZW=F_d12;38500;ASH_COATED_OSMIUM;9925;9;9921;26;;;9931;21;9934;19;;;9928.0;0.0
yf_ZW=F_d12;38500;INTARIAN_PEPPER_ROOT;11272;19;11270;26;;;11293;21;11295;18;;;11282.5;0.0
yf_ZW=F_d12;38600;ASH_COATED_OSMIUM;9917;9;9915;20;;;9939;12;9941;17;;;9928.0;0.0
yf_ZW=F_d12;38600;INTARIAN_PEPPER_ROOT;11278;28;11276;11;;;11291;13;11293;10;;;11284.5;0.0
yf_ZW=F_d12;38700;ASH_COATED_OSMIUM;9923;14;9921;20;;;9933;14;9935;8;;;9928.0;0.0
yf_ZW=F_d12;38700;INTARIAN_PEPPER_ROOT;11276;15;11273;23;;;11296;16;11300;21;;;11286.0;0.0
yf_ZW=F_d12;38800;ASH_COATED_OSMIUM;9925;21;9923;17;;;9931;11;9935;17;;;9928.0;0.0
yf_ZW=F_d12;38800;INTARIAN_PEPPER_ROOT;11286;7;11284;28;;;11292;10;11296;14;;;11289.0;0.0
yf_ZW=F_d12;38900;ASH_COATED_OSMIUM;9925;12;9922;28;;;9931;19;9934;23;;;9928.0;0.0
yf_ZW=F_d12;38900;INTARIAN_PEPPER_ROOT;11288;16;11284;28;;;11294;8;11297;21;;;11291.0;0.0
yf_ZW=F_d12;39000;ASH_COATED_OSMIUM;9925;10;9921;23;;;9931;20;9933;22;;;9928.0;0.0
yf_ZW=F_d12;39000;INTARIAN_PEPPER_ROOT;11290;14;11286;19;;;11297;12;11299;23;;;11293.5;0.0
yf_ZW=F_d12;39100;ASH_COATED_OSMIUM;9920;8;9918;19;;;9936;10;9938;20;;;9928.0;0.0
yf_ZW=F_d12;39100;INTARIAN_PEPPER_ROOT;11292;27;11290;23;;;11298;16;11301;17;;;11295.0;0.0
yf_ZW=F_d12;39200;ASH_COATED_OSMIUM;9925;14;9923;20;;;9931;10;9933;24;;;9928.0;0.0
yf_ZW=F_d12;39200;INTARIAN_PEPPER_ROOT;11295;12;11293;29;;;11301;16;11304;18;;;11298.0;0.0
yf_ZW=F_d12;39300;ASH_COATED_OSMIUM;9925;13;9922;25;;;9931;9;9934;34;;;9928.0;0.0
yf_ZW=F_d12;39300;INTARIAN_PEPPER_ROOT;11295;20;11293;22;;;11305;20;11307;28;;;11300.0;0.0
yf_ZW=F_d12;39400;ASH_COATED_OSMIUM;9924;25;9922;14;;;9930;15;9933;17;;;9927.0;0.0
yf_ZW=F_d12;39400;INTARIAN_PEPPER_ROOT;11299;22;11296;23;;;11305;10;11308;25;;;11302.0;0.0
yf_ZW=F_d12;39500;ASH_COATED_OSMIUM;9924;12;9920;26;;;9930;15;9932;22;;;9927.0;0.0
yf_ZW=F_d12;39500;INTARIAN_PEPPER_ROOT;11301;11;11298;26;;;11307;14;11311;15;;;11304.0;0.0
yf_ZW=F_d12;39600;ASH_COATED_OSMIUM;9920;10;9918;24;;;9936;13;9940;22;;;9928.0;0.0
yf_ZW=F_d12;39600;INTARIAN_PEPPER_ROOT;11302;16;11299;18;;;11311;13;11314;26;;;11306.5;0.0
yf_ZW=F_d12;39700;ASH_COATED_OSMIUM;9924;12;9920;17;;;9930;15;9933;19;;;9927.0;0.0
yf_ZW=F_d12;39700;INTARIAN_PEPPER_ROOT;11306;20;11302;12;;;11312;9;11315;20;;;11309.0;0.0
yf_ZW=F_d12;39800;ASH_COATED_OSMIUM;9923;9;9919;30;;;9930;10;9933;23;;;9926.5;0.0
yf_ZW=F_d12;39800;INTARIAN_PEPPER_ROOT;11306;15;11304;21;;;11317;18;11321;19;;;11311.5;0.0
yf_ZW=F_d12;39900;ASH_COATED_OSMIUM;9924;15;9920;30;;;9930;10;9934;21;;;9927.0;0.0
yf_ZW=F_d12;39900;INTARIAN_PEPPER_ROOT;11310;9;11307;16;;;11319;13;11323;19;;;11314.5;0.0
yf_ZW=F_d12;40000;ASH_COATED_OSMIUM;9924;15;9922;31;;;9930;10;9933;19;;;9927.0;0.0
yf_ZW=F_d12;40000;INTARIAN_PEPPER_ROOT;11313;14;11311;16;;;11319;10;11322;25;;;11316.0;0.0
yf_ZW=F_d12;40100;ASH_COATED_OSMIUM;9924;17;9920;25;;;9930;18;9932;22;;;9927.0;0.0
yf_ZW=F_d12;40100;INTARIAN_PEPPER_ROOT;11311;5;11309;16;;;11326;14;11330;15;;;11318.5;0.0
yf_ZW=F_d12;40200;ASH_COATED_OSMIUM;9924;11;9921;17;;;9930;22;9933;22;;;9927.0;0.0
yf_ZW=F_d12;40200;INTARIAN_PEPPER_ROOT;11309;20;11307;22;;;11330;13;11334;17;;;11319.5;0.0
yf_ZW=F_d12;40300;ASH_COATED_OSMIUM;9925;14;9922;22;;;9931;14;9934;16;;;9928.0;0.0
yf_ZW=F_d12;40300;INTARIAN_PEPPER_ROOT;11319;16;11315;18;;;11327;11;11329;18;;;11323.0;0.0
yf_ZW=F_d12;40400;ASH_COATED_OSMIUM;9924;19;9922;18;;;9930;13;9933;19;;;9927.0;0.0
yf_ZW=F_d12;40400;INTARIAN_PEPPER_ROOT;11314;9;11311;19;;;11336;10;11340;26;;;11325.0;0.0
yf_ZW=F_d12;40500;ASH_COATED_OSMIUM;9916;15;9913;17;;;9937;21;9940;15;;;9926.5;0.0
yf_ZW=F_d12;40500;INTARIAN_PEPPER_ROOT;11324;17;11321;13;;;11330;22;11334;8;;;11327.0;0.0
yf_ZW=F_d12;40600;ASH_COATED_OSMIUM;9924;15;9922;20;;;9930;6;9934;15;;;9927.0;0.0
yf_ZW=F_d12;40600;INTARIAN_PEPPER_ROOT;11326;21;11324;26;;;11332;5;11336;21;;;11329.0;0.0
yf_ZW=F_d12;40700;ASH_COATED_OSMIUM;9924;17;9920;19;;;9930;18;9932;31;;;9927.0;0.0
yf_ZW=F_d12;40700;INTARIAN_PEPPER_ROOT;11329;17;11326;30;;;11335;8;11339;23;;;11332.0;0.0
yf_ZW=F_d12;40800;ASH_COATED_OSMIUM;9923;16;9919;13;;;9930;14;9932;24;;;9926.5;0.0
yf_ZW=F_d12;40800;INTARIAN_PEPPER_ROOT;11332;13;11329;16;;;11338;17;11340;8;;;11335.0;0.0
yf_ZW=F_d12;40900;ASH_COATED_OSMIUM;9922;12;9918;15;;;9930;18;9932;24;;;9926.0;0.0
yf_ZW=F_d12;40900;INTARIAN_PEPPER_ROOT;11328;13;11324;24;;;11345;13;11347;17;;;11336.5;0.0
yf_ZW=F_d12;41000;ASH_COATED_OSMIUM;9921;14;9918;20;;;9930;17;9934;10;;;9925.5;0.0
yf_ZW=F_d12;41000;INTARIAN_PEPPER_ROOT;11336;9;11333;8;;;11342;18;11346;21;;;11339.0;0.0
yf_ZW=F_d12;41100;ASH_COATED_OSMIUM;9919;19;9916;20;;;9934;10;9937;23;;;9926.5;0.0
yf_ZW=F_d12;41100;INTARIAN_PEPPER_ROOT;11338;8;11335;23;;;11344;16;11347;16;;;11341.0;0.0
yf_ZW=F_d12;41200;ASH_COATED_OSMIUM;9915;17;9912;18;;;9937;12;9941;20;;;9926.0;0.0
yf_ZW=F_d12;41200;INTARIAN_PEPPER_ROOT;11341;19;11338;13;;;11347;14;11350;21;;;11344.0;0.0
yf_ZW=F_d12;41300;ASH_COATED_OSMIUM;9920;12;9916;17;;;9932;6;9935;23;;;9926.0;0.0
yf_ZW=F_d12;41300;INTARIAN_PEPPER_ROOT;11341;28;11337;14;;;11352;17;11356;23;;;11346.5;0.0
yf_ZW=F_d12;41400;ASH_COATED_OSMIUM;9922;13;9920;26;;;9929;14;9932;21;;;9925.5;0.0
yf_ZW=F_d12;41400;INTARIAN_PEPPER_ROOT;11345;16;11342;14;;;11351;15;11354;22;;;11348.0;0.0
yf_ZW=F_d12;41500;ASH_COATED_OSMIUM;9918;20;9915;19;;;9934;17;9938;25;;;9926.0;0.0
yf_ZW=F_d12;41500;INTARIAN_PEPPER_ROOT;11347;11;11345;15;;;11353;19;11356;22;;;11350.0;0.0
yf_ZW=F_d12;41600;ASH_COATED_OSMIUM;9922;12;9919;24;;;9928;12;9930;18;;;9925.0;0.0
yf_ZW=F_d12;41600;INTARIAN_PEPPER_ROOT;11349;10;11345;22;;;11355;11;11359;12;;;11352.0;0.0
yf_ZW=F_d12;41700;ASH_COATED_OSMIUM;9920;7;9918;21;;;9932;30;9934;15;;;9926.0;0.0
yf_ZW=F_d12;41700;INTARIAN_PEPPER_ROOT;11351;26;11349;27;;;11358;13;11361;18;;;11354.5;0.0
yf_ZW=F_d12;41800;ASH_COATED_OSMIUM;9919;5;9917;12;;;9931;12;9934;30;;;9925.0;0.0
yf_ZW=F_d12;41800;INTARIAN_PEPPER_ROOT;11355;20;11352;20;;;11361;18;11363;29;;;11358.0;0.0
yf_ZW=F_d12;41900;ASH_COATED_OSMIUM;9922;15;9920;22;;;9929;26;9932;14;;;9925.5;0.0
yf_ZW=F_d12;41900;INTARIAN_PEPPER_ROOT;11357;8;11355;24;;;11363;10;11365;32;;;11360.0;0.0
yf_ZW=F_d12;42000;ASH_COATED_OSMIUM;9922;17;9919;24;;;9928;17;9930;17;;;9925.0;0.0
yf_ZW=F_d12;42000;INTARIAN_PEPPER_ROOT;11359;16;11355;25;;;11367;11;11370;20;;;11363.0;0.0
yf_ZW=F_d12;42100;ASH_COATED_OSMIUM;9922;5;9919;14;;;9929;15;9932;17;;;9925.5;0.0
yf_ZW=F_d12;42100;INTARIAN_PEPPER_ROOT;11361;12;11358;23;;;11367;14;11369;15;;;11364.0;0.0
yf_ZW=F_d12;42200;ASH_COATED_OSMIUM;9922;16;9918;20;;;9928;8;9932;17;;;9925.0;0.0
yf_ZW=F_d12;42200;INTARIAN_PEPPER_ROOT;11364;14;11362;25;;;11370;13;11373;17;;;11367.0;0.0
yf_ZW=F_d12;42300;ASH_COATED_OSMIUM;9916;16;9912;22;;;9935;20;9939;24;;;9925.5;0.0
yf_ZW=F_d12;42300;INTARIAN_PEPPER_ROOT;11366;20;11362;28;;;11372;23;11376;22;;;11369.0;0.0
yf_ZW=F_d12;42400;ASH_COATED_OSMIUM;9918;22;9915;31;;;9932;21;9935;17;;;9925.0;0.0
yf_ZW=F_d12;42400;INTARIAN_PEPPER_ROOT;11360;17;11358;27;;;11382;14;11384;25;;;11371.0;0.0
yf_ZW=F_d12;42500;ASH_COATED_OSMIUM;9922;15;9919;21;;;9928;12;9931;26;;;9925.0;0.0
yf_ZW=F_d12;42500;INTARIAN_PEPPER_ROOT;11366;22;11363;17;;;11380;23;11383;30;;;11373.0;0.0
yf_ZW=F_d12;42600;ASH_COATED_OSMIUM;9915;12;9913;18;;;9935;19;9937;8;;;9925.0;0.0
yf_ZW=F_d12;42600;INTARIAN_PEPPER_ROOT;11370;6;11368;11;;;11381;11;11384;16;;;11375.5;0.0
yf_ZW=F_d12;42700;ASH_COATED_OSMIUM;9919;16;9916;30;;;9931;10;9935;23;;;9925.0;0.0
yf_ZW=F_d12;42700;INTARIAN_PEPPER_ROOT;11365;18;11361;16;;;11390;5;11394;23;;;11377.5;0.0
yf_ZW=F_d12;42800;ASH_COATED_OSMIUM;9920;24;9916;15;;;9929;9;9932;29;;;9924.5;0.0
yf_ZW=F_d12;42800;INTARIAN_PEPPER_ROOT;11370;14;11367;11;;;11390;10;11392;23;;;11380.0;0.0
yf_ZW=F_d12;42900;ASH_COATED_OSMIUM;9922;20;9919;24;;;9928;17;9930;19;;;9925.0;0.0
yf_ZW=F_d12;42900;INTARIAN_PEPPER_ROOT;11378;9;11376;10;;;11386;9;11389;25;;;11382.0;0.0
yf_ZW=F_d12;43000;ASH_COATED_OSMIUM;9922;13;9919;22;;;9928;12;9932;19;;;9925.0;0.0
yf_ZW=F_d12;43000;INTARIAN_PEPPER_ROOT;11382;19;11378;19;;;11388;8;11390;19;;;11385.0;0.0
yf_ZW=F_d12;43100;ASH_COATED_OSMIUM;9921;11;9917;22;;;9927;18;9930;9;;;9924.0;0.0
yf_ZW=F_d12;43100;INTARIAN_PEPPER_ROOT;11384;14;11380;20;;;11390;15;11394;18;;;11387.0;0.0
yf_ZW=F_d12;43200;ASH_COATED_OSMIUM;9921;8;9919;12;;;9927;12;9931;27;;;9924.0;0.0
yf_ZW=F_d12;43200;INTARIAN_PEPPER_ROOT;11386;17;11383;15;;;11392;12;11396;30;;;11389.0;0.0
yf_ZW=F_d12;43300;ASH_COATED_OSMIUM;9920;5;9917;15;;;9928;17;9930;21;;;9924.0;0.0
yf_ZW=F_d12;43300;INTARIAN_PEPPER_ROOT;11389;20;11387;20;;;11395;6;11397;14;;;11392.0;0.0
yf_ZW=F_d12;43400;ASH_COATED_OSMIUM;9921;17;9917;24;;;9927;18;9929;19;;;9924.0;0.0
yf_ZW=F_d12;43400;INTARIAN_PEPPER_ROOT;11389;20;11387;23;;;11398;19;11401;22;;;11393.5;0.0
yf_ZW=F_d12;43500;ASH_COATED_OSMIUM;9922;14;9918;21;;;9928;17;9931;11;;;9925.0;0.0
yf_ZW=F_d12;43500;INTARIAN_PEPPER_ROOT;11388;26;11385;20;;;11404;13;11408;22;;;11396.0;0.0
yf_ZW=F_d12;43600;ASH_COATED_OSMIUM;9921;19;9918;21;;;9927;12;9930;16;;;9924.0;0.0
yf_ZW=F_d12;43600;INTARIAN_PEPPER_ROOT;11384;17;11381;22;;;11412;15;11415;17;;;11398.0;0.0
yf_ZW=F_d12;43700;ASH_COATED_OSMIUM;9921;15;9917;23;;;9927;13;9929;9;;;9924.0;0.0
yf_ZW=F_d12;43700;INTARIAN_PEPPER_ROOT;11397;11;11395;18;;;11405;16;11408;17;;;11401.0;0.0
yf_ZW=F_d12;43800;ASH_COATED_OSMIUM;9921;14;9917;18;;;9927;18;9931;20;;;9924.0;0.0
yf_ZW=F_d12;43800;INTARIAN_PEPPER_ROOT;11400;15;11397;18;;;11406;19;11410;14;;;11403.0;0.0
yf_ZW=F_d12;43900;ASH_COATED_OSMIUM;9921;11;9918;28;;;9927;12;9931;19;;;9924.0;0.0
yf_ZW=F_d12;43900;INTARIAN_PEPPER_ROOT;11402;13;11399;20;;;11408;17;11411;20;;;11405.0;0.0
yf_ZW=F_d12;44000;ASH_COATED_OSMIUM;9917;15;9914;18;;;9931;19;9933;17;;;9924.0;0.0
yf_ZW=F_d12;44000;INTARIAN_PEPPER_ROOT;11404;16;11402;15;;;11412;20;11414;23;;;11408.0;0.0
yf_ZW=F_d12;44100;ASH_COATED_OSMIUM;9915;14;9912;17;;;9931;18;9933;17;;;9923.0;0.0
yf_ZW=F_d12;44100;INTARIAN_PEPPER_ROOT;11407;16;11405;20;;;11413;16;11417;18;;;11410.0;0.0
yf_ZW=F_d12;44200;ASH_COATED_OSMIUM;9918;22;9916;18;;;9928;14;9932;19;;;9923.0;0.0
yf_ZW=F_d12;44200;INTARIAN_PEPPER_ROOT;11409;10;11407;19;;;11415;13;11419;22;;;11412.0;0.0
yf_ZW=F_d12;44300;ASH_COATED_OSMIUM;9920;22;9917;18;;;9926;15;9929;24;;;9923.0;0.0
yf_ZW=F_d12;44300;INTARIAN_PEPPER_ROOT;11411;15;11407;21;;;11417;15;11421;19;;;11414.0;0.0
yf_ZW=F_d12;44400;ASH_COATED_OSMIUM;9921;20;9918;22;;;9927;16;9929;15;;;9924.0;0.0
yf_ZW=F_d12;44400;INTARIAN_PEPPER_ROOT;11414;14;11411;15;;;11420;14;11424;21;;;11417.0;0.0
yf_ZW=F_d12;44500;ASH_COATED_OSMIUM;9920;16;9918;24;;;9926;13;9930;16;;;9923.0;0.0
yf_ZW=F_d12;44500;INTARIAN_PEPPER_ROOT;11416;6;11414;24;;;11422;20;11424;21;;;11419.0;0.0
yf_ZW=F_d12;44600;ASH_COATED_OSMIUM;9920;15;9917;12;;;9926;14;9929;20;;;9923.0;0.0
yf_ZW=F_d12;44600;INTARIAN_PEPPER_ROOT;11416;24;11414;12;;;11427;18;11429;24;;;11421.5;0.0
yf_ZW=F_d12;44700;ASH_COATED_OSMIUM;9915;20;9911;18;;;9931;11;9933;8;;;9923.0;0.0
yf_ZW=F_d12;44700;INTARIAN_PEPPER_ROOT;11408;11;11404;8;;;11439;18;11441;22;;;11423.5;0.0
yf_ZW=F_d12;44800;ASH_COATED_OSMIUM;9920;11;9916;16;;;9926;19;9929;22;;;9923.0;0.0
yf_ZW=F_d12;44800;INTARIAN_PEPPER_ROOT;11423;18;11419;27;;;11429;14;11432;15;;;11426.0;0.0
yf_ZW=F_d12;44900;ASH_COATED_OSMIUM;9920;18;9917;19;;;9926;23;9930;23;;;9923.0;0.0
yf_ZW=F_d12;44900;INTARIAN_PEPPER_ROOT;11418;6;11415;23;;;11439;5;11442;13;;;11428.5;0.0
yf_ZW=F_d12;45000;ASH_COATED_OSMIUM;9920;18;9917;29;;;9926;17;9930;24;;;9923.0;0.0
yf_ZW=F_d12;45000;INTARIAN_PEPPER_ROOT;11427;16;11424;21;;;11433;18;11437;17;;;11430.0;0.0
yf_ZW=F_d12;45100;ASH_COATED_OSMIUM;9915;14;9913;16;;;9931;12;9933;14;;;9923.0;0.0
yf_ZW=F_d12;45100;INTARIAN_PEPPER_ROOT;11430;14;11427;19;;;11436;23;11440;23;;;11433.0;0.0
yf_ZW=F_d12;45200;ASH_COATED_OSMIUM;9904;6;9900;19;;;9940;18;9943;18;;;9922.0;0.0
yf_ZW=F_d12;45200;INTARIAN_PEPPER_ROOT;11427;20;11423;20;;;11443;5;11447;21;;;11435.0;0.0
yf_ZW=F_d12;45300;ASH_COATED_OSMIUM;9919;27;9917;20;;;9925;8;9927;21;;;9922.0;0.0
yf_ZW=F_d12;45300;INTARIAN_PEPPER_ROOT;11435;14;11431;24;;;11441;13;11443;14;;;11438.0;0.0
yf_ZW=F_d12;45400;ASH_COATED_OSMIUM;9919;9;9916;25;;;9925;14;9928;21;;;9922.0;0.0
yf_ZW=F_d12;45400;INTARIAN_PEPPER_ROOT;11434;12;11430;9;;;11446;17;11450;14;;;11440.0;0.0
yf_ZW=F_d12;45500;ASH_COATED_OSMIUM;9914;10;9911;15;;;9931;13;9934;25;;;9922.5;0.0
yf_ZW=F_d12;45500;INTARIAN_PEPPER_ROOT;11439;17;11436;25;;;11445;10;11448;19;;;11442.0;0.0
yf_ZW=F_d12;45600;ASH_COATED_OSMIUM;9919;15;9915;11;;;9925;8;9929;23;;;9922.0;0.0
yf_ZW=F_d12;45600;INTARIAN_PEPPER_ROOT;11432;18;11430;8;;;11456;11;11458;17;;;11444.0;0.0
yf_ZW=F_d12;45700;ASH_COATED_OSMIUM;9919;5;9917;23;;;9925;23;9929;26;;;9922.0;0.0
yf_ZW=F_d12;45700;INTARIAN_PEPPER_ROOT;11443;9;11440;17;;;11449;18;11451;23;;;11446.0;0.0
yf_ZW=F_d12;45800;ASH_COATED_OSMIUM;9918;22;9914;27;;;9927;14;9930;29;;;9922.5;0.0
yf_ZW=F_d12;45800;INTARIAN_PEPPER_ROOT;11446;19;11443;22;;;11453;13;11457;20;;;11449.5;0.0
yf_ZW=F_d12;45900;ASH_COATED_OSMIUM;9919;15;9917;26;;;9925;18;9928;16;;;9922.0;0.0
yf_ZW=F_d12;45900;INTARIAN_PEPPER_ROOT;11449;17;11445;20;;;11455;19;11458;22;;;11452.0;0.0
yf_ZW=F_d12;46000;ASH_COATED_OSMIUM;9916;15;9912;17;;;9928;17;9932;24;;;9922.0;0.0
yf_ZW=F_d12;46000;INTARIAN_PEPPER_ROOT;11451;21;11448;24;;;11457;15;11461;18;;;11454.0;0.0
yf_ZW=F_d12;46100;ASH_COATED_OSMIUM;9919;11;9915;22;;;9925;15;9927;24;;;9922.0;0.0
yf_ZW=F_d12;46100;INTARIAN_PEPPER_ROOT;11453;21;11450;11;;;11459;10;11463;18;;;11456.0;0.0
yf_ZW=F_d12;46200;ASH_COATED_OSMIUM;9918;19;9915;25;;;9924;16;9926;16;;;9921.0;0.0
yf_ZW=F_d12;46200;INTARIAN_PEPPER_ROOT;11450;13;11447;20;;;11467;13;11469;22;;;11458.5;0.0
yf_ZW=F_d12;46300;ASH_COATED_OSMIUM;9908;19;9906;23;;;9935;19;9938;27;;;9921.5;0.0
yf_ZW=F_d12;46300;INTARIAN_PEPPER_ROOT;11457;18;11454;21;;;11463;23;11465;25;;;11460.0;0.0
yf_ZW=F_d12;46400;ASH_COATED_OSMIUM;9918;9;9915;26;;;9924;15;9927;14;;;9921.0;0.0
yf_ZW=F_d12;46400;INTARIAN_PEPPER_ROOT;11457;16;11453;14;;;11469;13;11471;17;;;11463.0;0.0
yf_ZW=F_d12;46500;ASH_COATED_OSMIUM;9918;20;9916;23;;;9925;15;9927;23;;;9921.5;0.0
yf_ZW=F_d12;46500;INTARIAN_PEPPER_ROOT;11462;11;11460;22;;;11468;19;11470;21;;;11465.0;0.0
yf_ZW=F_d12;46600;ASH_COATED_OSMIUM;9918;23;9914;12;;;9925;14;9927;18;;;9921.5;0.0
yf_ZW=F_d12;46600;INTARIAN_PEPPER_ROOT;11464;17;11460;20;;;11470;13;11473;16;;;11467.0;0.0
yf_ZW=F_d12;46700;ASH_COATED_OSMIUM;9918;10;9914;19;;;9924;11;9928;25;;;9921.0;0.0
yf_ZW=F_d12;46700;INTARIAN_PEPPER_ROOT;11466;5;11462;25;;;11472;18;11475;22;;;11469.0;0.0
yf_ZW=F_d12;46800;ASH_COATED_OSMIUM;9916;25;9914;16;;;9926;6;9929;21;;;9921.0;0.0
yf_ZW=F_d12;46800;INTARIAN_PEPPER_ROOT;11469;7;11466;18;;;11475;21;11479;22;;;11472.0;0.0
yf_ZW=F_d12;46900;ASH_COATED_OSMIUM;9917;18;9913;10;;;9925;16;9927;18;;;9921.0;0.0
yf_ZW=F_d12;46900;INTARIAN_PEPPER_ROOT;11471;16;11467;13;;;11477;16;11479;19;;;11474.0;0.0
yf_ZW=F_d12;47000;ASH_COATED_OSMIUM;9916;8;9912;24;;;9925;19;9929;28;;;9920.5;0.0
yf_ZW=F_d12;47000;INTARIAN_PEPPER_ROOT;11473;12;11471;17;;;11479;13;11481;19;;;11476.0;0.0
yf_ZW=F_d12;47100;ASH_COATED_OSMIUM;9918;10;9915;19;;;9924;11;9928;18;;;9921.0;0.0
yf_ZW=F_d12;47100;INTARIAN_PEPPER_ROOT;11476;5;11474;22;;;11482;21;11484;24;;;11479.0;0.0
yf_ZW=F_d12;47200;ASH_COATED_OSMIUM;9918;14;9915;17;;;9924;12;9927;20;;;9921.0;0.0
yf_ZW=F_d12;47200;INTARIAN_PEPPER_ROOT;11475;17;11471;25;;;11488;12;11491;22;;;11481.5;0.0
yf_ZW=F_d12;47300;ASH_COATED_OSMIUM;9913;10;9910;25;;;9930;16;9934;24;;;9921.5;0.0
yf_ZW=F_d12;47300;INTARIAN_PEPPER_ROOT;11479;13;11477;20;;;11487;22;11490;18;;;11483.0;0.0
yf_ZW=F_d12;47400;ASH_COATED_OSMIUM;9918;8;9915;17;;;9924;15;9926;22;;;9921.0;0.0
yf_ZW=F_d12;47400;INTARIAN_PEPPER_ROOT;11483;12;11481;25;;;11489;26;11491;23;;;11486.0;0.0
yf_ZW=F_d12;47500;ASH_COATED_OSMIUM;9916;8;9913;17;;;9924;9;9927;8;;;9920.0;0.0
yf_ZW=F_d12;47500;INTARIAN_PEPPER_ROOT;11485;10;11482;30;;;11492;19;11496;26;;;11488.5;0.0
yf_ZW=F_d12;47600;ASH_COATED_OSMIUM;9917;23;9915;21;;;9923;15;9927;32;;;9920.0;0.0
yf_ZW=F_d12;47600;INTARIAN_PEPPER_ROOT;11484;5;11480;28;;;11497;13;11499;17;;;11490.5;0.0
yf_ZW=F_d12;47700;ASH_COATED_OSMIUM;9917;6;9913;17;;;9923;15;9926;20;;;9920.0;0.0
yf_ZW=F_d12;47700;INTARIAN_PEPPER_ROOT;11489;9;11487;19;;;11495;10;11498;26;;;11492.0;0.0
yf_ZW=F_d12;47800;ASH_COATED_OSMIUM;9917;16;9915;31;;;9923;6;9925;20;;;9920.0;0.0
yf_ZW=F_d12;47800;INTARIAN_PEPPER_ROOT;11489;15;11485;28;;;11500;20;11504;22;;;11494.5;0.0
yf_ZW=F_d12;47900;ASH_COATED_OSMIUM;9914;9;9910;27;;;9926;13;9929;16;;;9920.0;0.0
yf_ZW=F_d12;47900;INTARIAN_PEPPER_ROOT;11487;5;11483;25;;;11506;16;11510;22;;;11496.5;0.0
yf_ZW=F_d12;48000;ASH_COATED_OSMIUM;9915;6;9911;20;;;9924;15;9927;14;;;9919.5;0.0
yf_ZW=F_d12;48000;INTARIAN_PEPPER_ROOT;11496;19;11492;18;;;11502;11;11506;17;;;11499.0;0.0
yf_ZW=F_d12;48100;ASH_COATED_OSMIUM;9917;16;9915;26;;;9923;14;9927;13;;;9920.0;0.0
yf_ZW=F_d12;48100;INTARIAN_PEPPER_ROOT;11499;21;11495;21;;;11505;21;11507;16;;;11502.0;0.0
yf_ZW=F_d12;48200;ASH_COATED_OSMIUM;9918;18;9914;17;;;9924;15;9928;31;;;9921.0;0.0
yf_ZW=F_d12;48200;INTARIAN_PEPPER_ROOT;11501;13;11499;22;;;11507;21;11509;20;;;11504.0;0.0
yf_ZW=F_d12;48300;ASH_COATED_OSMIUM;9918;6;9915;23;;;9924;12;9926;21;;;9921.0;0.0
yf_ZW=F_d12;48300;INTARIAN_PEPPER_ROOT;11498;16;11494;24;;;11514;14;11517;21;;;11506.0;0.0
yf_ZW=F_d12;48400;ASH_COATED_OSMIUM;9916;15;9912;19;;;9924;6;9928;12;;;9920.0;0.0
yf_ZW=F_d12;48400;INTARIAN_PEPPER_ROOT;11506;17;11503;21;;;11512;13;11514;18;;;11509.0;0.0
yf_ZW=F_d12;48500;ASH_COATED_OSMIUM;9917;10;9915;12;;;9923;16;9927;21;;;9920.0;0.0
yf_ZW=F_d12;48500;INTARIAN_PEPPER_ROOT;11508;9;11504;21;;;11514;12;11516;17;;;11511.0;0.0
yf_ZW=F_d12;48600;ASH_COATED_OSMIUM;9916;15;9912;22;;;9922;16;9926;25;;;9919.0;0.0
yf_ZW=F_d12;48600;INTARIAN_PEPPER_ROOT;11510;9;11507;17;;;11516;16;11518;20;;;11513.0;0.0
yf_ZW=F_d12;48700;ASH_COATED_OSMIUM;9914;16;9912;16;;;9925;8;9929;23;;;9919.5;0.0
yf_ZW=F_d12;48700;INTARIAN_PEPPER_ROOT;11512;17;11509;17;;;11518;15;11520;16;;;11515.0;0.0
yf_ZW=F_d12;48800;ASH_COATED_OSMIUM;9905;10;9903;17;;;9933;17;9936;18;;;9919.0;0.0
yf_ZW=F_d12;48800;INTARIAN_PEPPER_ROOT;11514;13;11512;15;;;11520;21;11524;16;;;11517.0;0.0
yf_ZW=F_d12;48900;ASH_COATED_OSMIUM;9916;19;9914;22;;;9922;12;9924;24;;;9919.0;0.0
yf_ZW=F_d12;48900;INTARIAN_PEPPER_ROOT;11517;21;11515;11;;;11523;12;11525;24;;;11520.0;0.0
yf_ZW=F_d12;49000;ASH_COATED_OSMIUM;9910;11;9906;20;;;9928;12;9931;25;;;9919.0;0.0
yf_ZW=F_d12;49000;INTARIAN_PEPPER_ROOT;11519;8;11516;18;;;11527;20;11529;19;;;11523.0;0.0
yf_ZW=F_d12;49100;ASH_COATED_OSMIUM;9910;17;9907;10;;;9929;16;9932;19;;;9919.5;0.0
yf_ZW=F_d12;49100;INTARIAN_PEPPER_ROOT;11517;13;11514;27;;;11531;15;11535;17;;;11524.0;0.0
yf_ZW=F_d12;49200;ASH_COATED_OSMIUM;9914;23;9912;13;;;9925;11;9929;20;;;9919.5;0.0
yf_ZW=F_d12;49200;INTARIAN_PEPPER_ROOT;11523;15;11520;15;;;11531;12;11534;21;;;11527.0;0.0
yf_ZW=F_d12;49300;ASH_COATED_OSMIUM;9916;23;9912;22;;;9922;13;9924;15;;;9919.0;0.0
yf_ZW=F_d12;49300;INTARIAN_PEPPER_ROOT;11526;15;11522;13;;;11532;5;11535;24;;;11529.0;0.0
yf_ZW=F_d12;49400;ASH_COATED_OSMIUM;9916;10;9914;26;;;9922;12;9924;12;;;9919.0;0.0
yf_ZW=F_d12;49400;INTARIAN_PEPPER_ROOT;11526;13;11524;11;;;11537;13;11539;17;;;11531.5;0.0
yf_ZW=F_d12;49500;ASH_COATED_OSMIUM;9915;17;9913;20;;;9921;16;9923;22;;;9918.0;0.0
yf_ZW=F_d12;49500;INTARIAN_PEPPER_ROOT;11531;10;11527;20;;;11537;17;11539;25;;;11534.0;0.0
yf_ZW=F_d12;49600;ASH_COATED_OSMIUM;9916;18;9914;14;;;9922;11;9925;31;;;9919.0;0.0
yf_ZW=F_d12;49600;INTARIAN_PEPPER_ROOT;11533;11;11531;30;;;11539;16;11541;21;;;11536.0;0.0
yf_ZW=F_d12;49700;ASH_COATED_OSMIUM;9915;26;9913;31;;;9921;8;9924;24;;;9918.0;0.0
yf_ZW=F_d12;49700;INTARIAN_PEPPER_ROOT;11535;14;11532;21;;;11542;21;11544;26;;;11538.5;0.0
yf_ZW=F_d12;49800;ASH_COATED_OSMIUM;9913;17;9909;22;;;9925;11;9928;18;;;9919.0;0.0
yf_ZW=F_d12;49800;INTARIAN_PEPPER_ROOT;11530;19;11528;23;;;11551;12;11555;17;;;11540.5;0.0
yf_ZW=F_d12;49900;ASH_COATED_OSMIUM;9914;14;9910;15;;;9923;7;9926;22;;;9918.5;0.0
yf_ZW=F_d12;49900;INTARIAN_PEPPER_ROOT;11540;15;11538;17;;;11546;9;11549;18;;;11543.0;0.0
yf_ZW=F_d12;50000;ASH_COATED_OSMIUM;9911;17;9909;24;;;9926;6;9928;18;;;9918.5;0.0
yf_ZW=F_d12;50000;INTARIAN_PEPPER_ROOT;11542;12;11539;29;;;11548;16;11552;24;;;11545.0;0.0
yf_ZW=F_d12;50100;ASH_COATED_OSMIUM;9915;8;9913;11;;;9921;15;9925;10;;;9918.0;0.0
yf_ZW=F_d12;50100;INTARIAN_PEPPER_ROOT;11541;19;11537;12;;;11553;19;11557;25;;;11547.0;0.0
yf_ZW=F_d12;50200;ASH_COATED_OSMIUM;9914;15;9911;21;;;9920;12;9924;27;;;9917.0;0.0
yf_ZW=F_d12;50200;INTARIAN_PEPPER_ROOT;11544;16;11540;22;;;11555;12;11559;20;;;11549.5;0.0
yf_ZW=F_d12;50300;ASH_COATED_OSMIUM;9916;12;9912;22;;;9922;11;9926;21;;;9919.0;0.0
yf_ZW=F_d12;50300;INTARIAN_PEPPER_ROOT;11549;20;11545;25;;;11555;13;11557;24;;;11552.0;0.0
yf_ZW=F_d12;50400;ASH_COATED_OSMIUM;9916;19;9913;25;;;9922;12;9924;27;;;9919.0;0.0
yf_ZW=F_d12;50400;INTARIAN_PEPPER_ROOT;11551;14;11548;31;;;11557;15;11561;16;;;11554.0;0.0
yf_ZW=F_d12;50500;ASH_COATED_OSMIUM;9910;11;9907;17;;;9926;16;9929;8;;;9918.0;0.0
yf_ZW=F_d12;50500;INTARIAN_PEPPER_ROOT;11552;15;11548;15;;;11561;17;11565;24;;;11556.5;0.0
yf_ZW=F_d12;50600;ASH_COATED_OSMIUM;9915;9;9912;25;;;9921;21;9925;15;;;9918.0;0.0
yf_ZW=F_d12;50600;INTARIAN_PEPPER_ROOT;11556;13;11553;18;;;11562;15;11564;29;;;11559.0;0.0
yf_ZW=F_d12;50700;ASH_COATED_OSMIUM;9915;15;9912;30;;;9921;18;9924;15;;;9918.0;0.0
yf_ZW=F_d12;50700;INTARIAN_PEPPER_ROOT;11557;14;11554;20;;;11563;12;11567;16;;;11560.0;0.0
yf_ZW=F_d12;50800;ASH_COATED_OSMIUM;9911;21;9909;18;;;9926;14;9930;23;;;9918.5;0.0
yf_ZW=F_d12;50800;INTARIAN_PEPPER_ROOT;11560;23;11558;17;;;11566;21;11570;22;;;11563.0;0.0
yf_ZW=F_d12;50900;ASH_COATED_OSMIUM;9915;13;9912;24;;;9921;11;9925;22;;;9918.0;0.0
yf_ZW=F_d12;50900;INTARIAN_PEPPER_ROOT;11560;13;11556;18;;;11566;10;11570;19;;;11563.0;0.0
yf_ZW=F_d12;51000;ASH_COATED_OSMIUM;9915;14;9911;17;;;9921;26;9925;18;;;9918.0;0.0
yf_ZW=F_d12;51000;INTARIAN_PEPPER_ROOT;11558;8;11555;21;;;11564;8;11567;26;;;11561.0;0.0
yf_ZW=F_d12;51100;ASH_COATED_OSMIUM;9915;13;9912;23;;;9921;13;9923;19;;;9918.0;0.0
yf_ZW=F_d12;51100;INTARIAN_PEPPER_ROOT;11555;11;11553;19;;;11562;8;11565;26;;;11558.5;0.0
yf_ZW=F_d12;51200;ASH_COATED_OSMIUM;9910;28;9908;20;;;9926;18;9929;19;;;9918.0;0.0
yf_ZW=F_d12;51200;INTARIAN_PEPPER_ROOT;11553;25;11549;23;;;11559;15;11562;22;;;11556.0;0.0
yf_ZW=F_d12;51300;ASH_COATED_OSMIUM;9914;12;9911;23;;;9921;14;9924;27;;;9917.5;0.0
yf_ZW=F_d12;51300;INTARIAN_PEPPER_ROOT;11550;21;11547;20;;;11558;11;11560;23;;;11554.0;0.0
yf_ZW=F_d12;51400;ASH_COATED_OSMIUM;9914;13;9912;28;;;9920;12;9922;22;;;9917.0;0.0
yf_ZW=F_d12;51400;INTARIAN_PEPPER_ROOT;11548;18;11546;21;;;11557;14;11559;11;;;11552.5;0.0
yf_ZW=F_d12;51500;ASH_COATED_OSMIUM;9915;16;9912;19;;;9921;29;9923;23;;;9918.0;0.0
yf_ZW=F_d12;51500;INTARIAN_PEPPER_ROOT;11546;8;11542;24;;;11552;12;11555;24;;;11549.0;0.0
yf_ZW=F_d12;51600;ASH_COATED_OSMIUM;9914;12;9911;13;;;9922;22;9926;18;;;9918.0;0.0
yf_ZW=F_d12;51600;INTARIAN_PEPPER_ROOT;11545;10;11542;9;;;11551;10;11554;20;;;11548.0;0.0
yf_ZW=F_d12;51700;ASH_COATED_OSMIUM;9914;5;9912;17;;;9922;19;9926;23;;;9918.0;0.0
yf_ZW=F_d12;51700;INTARIAN_PEPPER_ROOT;11543;16;11541;14;;;11549;15;11552;21;;;11546.0;0.0
yf_ZW=F_d12;51800;ASH_COATED_OSMIUM;9915;18;9912;16;;;9921;13;9923;19;;;9918.0;0.0
yf_ZW=F_d12;51800;INTARIAN_PEPPER_ROOT;11540;14;11536;17;;;11546;17;11549;16;;;11543.0;0.0
yf_ZW=F_d12;51900;ASH_COATED_OSMIUM;9915;10;9913;16;;;9921;19;9925;21;;;9918.0;0.0
yf_ZW=F_d12;51900;INTARIAN_PEPPER_ROOT;11538;15;11536;25;;;11544;15;11548;20;;;11541.0;0.0
yf_ZW=F_d12;52000;ASH_COATED_OSMIUM;9914;17;9911;17;;;9922;11;9924;25;;;9918.0;0.0
yf_ZW=F_d12;52000;INTARIAN_PEPPER_ROOT;11528;17;11525;15;;;11548;12;11551;20;;;11538.0;0.0
yf_ZW=F_d12;52100;ASH_COATED_OSMIUM;9909;6;9905;22;;;9927;10;9931;17;;;9918.0;0.0
yf_ZW=F_d12;52100;INTARIAN_PEPPER_ROOT;11523;9;11519;25;;;11550;12;11553;21;;;11536.5;0.0
yf_ZW=F_d12;52200;ASH_COATED_OSMIUM;9915;11;9911;21;;;9921;22;9925;20;;;9918.0;0.0
yf_ZW=F_d12;52200;INTARIAN_PEPPER_ROOT;11531;17;11527;16;;;11537;20;11541;17;;;11534.0;0.0
yf_ZW=F_d12;52300;ASH_COATED_OSMIUM;9911;14;9907;15;;;9924;8;9926;25;;;9917.5;0.0
yf_ZW=F_d12;52300;INTARIAN_PEPPER_ROOT;11529;17;11527;24;;;11535;11;11538;18;;;11532.0;0.0
yf_ZW=F_d12;52400;ASH_COATED_OSMIUM;9915;12;9912;16;;;9921;12;9925;20;;;9918.0;0.0
yf_ZW=F_d12;52400;INTARIAN_PEPPER_ROOT;11523;19;11519;16;;;11536;14;11540;15;;;11529.5;0.0
yf_ZW=F_d12;52500;ASH_COATED_OSMIUM;9915;19;9911;12;;;9921;22;9925;20;;;9918.0;0.0
yf_ZW=F_d12;52500;INTARIAN_PEPPER_ROOT;11521;15;11519;9;;;11535;10;11539;31;;;11528.0;0.0
yf_ZW=F_d12;52600;ASH_COATED_OSMIUM;9915;9;9912;21;;;9921;13;9925;11;;;9918.0;0.0
yf_ZW=F_d12;52600;INTARIAN_PEPPER_ROOT;11522;19;11520;18;;;11528;22;11531;24;;;11525.0;0.0
yf_ZW=F_d12;52700;ASH_COATED_OSMIUM;9914;16;9910;16;;;9921;25;9925;21;;;9917.5;0.0
yf_ZW=F_d12;52700;INTARIAN_PEPPER_ROOT;11520;11;11516;18;;;11526;11;11529;19;;;11523.0;0.0
yf_ZW=F_d12;52800;ASH_COATED_OSMIUM;9915;14;9911;13;;;9921;9;9925;22;;;9918.0;0.0
yf_ZW=F_d12;52800;INTARIAN_PEPPER_ROOT;11517;16;11515;23;;;11524;17;11527;26;;;11520.5;0.0
yf_ZW=F_d12;52900;ASH_COATED_OSMIUM;9916;19;9913;20;;;9922;14;9926;20;;;9919.0;0.0
yf_ZW=F_d12;52900;INTARIAN_PEPPER_ROOT;11503;16;11500;25;;;11534;5;11537;18;;;11518.5;0.0
yf_ZW=F_d12;53000;ASH_COATED_OSMIUM;9914;12;9911;8;;;9920;19;9922;16;;;9917.0;0.0
yf_ZW=F_d12;53000;INTARIAN_PEPPER_ROOT;11511;14;11508;11;;;11522;12;11525;19;;;11516.5;0.0
yf_ZW=F_d12;53100;ASH_COATED_OSMIUM;9915;23;9911;18;;;9921;5;9923;15;;;9918.0;0.0
yf_ZW=F_d12;53100;INTARIAN_PEPPER_ROOT;11511;11;11508;21;;;11517;20;11521;16;;;11514.0;0.0
yf_ZW=F_d12;53200;ASH_COATED_OSMIUM;9901;13;9899;15;;;9935;14;9938;11;;;9918.0;0.0
yf_ZW=F_d12;53200;INTARIAN_PEPPER_ROOT;11509;13;11507;16;;;11515;12;11519;17;;;11512.0;0.0
yf_ZW=F_d12;53300;ASH_COATED_OSMIUM;9913;14;9911;14;;;9924;11;9926;25;;;9918.5;0.0
yf_ZW=F_d12;53300;INTARIAN_PEPPER_ROOT;11507;24;11503;20;;;11513;23;11517;22;;;11510.0;0.0
yf_ZW=F_d12;53400;ASH_COATED_OSMIUM;9915;12;9911;20;;;9921;16;9925;19;;;9918.0;0.0
yf_ZW=F_d12;53400;INTARIAN_PEPPER_ROOT;11505;16;11501;19;;;11511;19;11514;11;;;11508.0;0.0
yf_ZW=F_d12;53500;ASH_COATED_OSMIUM;9914;14;9912;18;;;9921;19;9923;12;;;9917.5;0.0
yf_ZW=F_d12;53500;INTARIAN_PEPPER_ROOT;11503;14;11499;21;;;11509;10;11511;25;;;11506.0;0.0
yf_ZW=F_d12;53600;ASH_COATED_OSMIUM;9915;12;9912;14;;;9921;16;9924;27;;;9918.0;0.0
yf_ZW=F_d12;53600;INTARIAN_PEPPER_ROOT;11491;14;11488;31;;;11517;14;11520;26;;;11504.0;0.0
yf_ZW=F_d12;53700;ASH_COATED_OSMIUM;9915;24;9912;22;;;9921;16;9925;23;;;9918.0;0.0
yf_ZW=F_d12;53700;INTARIAN_PEPPER_ROOT;11493;21;11491;25;;;11509;15;11512;27;;;11501.0;0.0
yf_ZW=F_d12;53800;ASH_COATED_OSMIUM;9915;21;9912;19;;;9921;21;9925;19;;;9918.0;0.0
yf_ZW=F_d12;53800;INTARIAN_PEPPER_ROOT;11496;12;11492;19;;;11502;17;11505;15;;;11499.0;0.0
yf_ZW=F_d12;53900;ASH_COATED_OSMIUM;9907;16;9904;26;;;9929;16;9933;19;;;9918.0;0.0
yf_ZW=F_d12;53900;INTARIAN_PEPPER_ROOT;11483;17;11480;19;;;11512;13;11515;24;;;11497.5;0.0
yf_ZW=F_d12;54000;ASH_COATED_OSMIUM;9915;22;9913;16;;;9921;18;9925;23;;;9918.0;0.0
yf_ZW=F_d12;54000;INTARIAN_PEPPER_ROOT;11491;16;11487;19;;;11497;12;11499;17;;;11494.0;0.0
yf_ZW=F_d12;54100;ASH_COATED_OSMIUM;9913;14;9909;19;;;9925;5;9927;20;;;9919.0;0.0
yf_ZW=F_d12;54100;INTARIAN_PEPPER_ROOT;11490;15;11488;17;;;11496;23;11499;21;;;11493.0;0.0
yf_ZW=F_d12;54200;ASH_COATED_OSMIUM;9915;9;9912;18;;;9921;17;9924;19;;;9918.0;0.0
yf_ZW=F_d12;54200;INTARIAN_PEPPER_ROOT;11488;19;11485;17;;;11494;17;11497;25;;;11491.0;0.0
yf_ZW=F_d12;54300;ASH_COATED_OSMIUM;9911;15;9907;20;;;9924;13;9927;20;;;9917.5;0.0
yf_ZW=F_d12;54300;INTARIAN_PEPPER_ROOT;11476;7;11473;20;;;11500;9;11503;19;;;11488.0;0.0
yf_ZW=F_d12;54400;ASH_COATED_OSMIUM;9914;11;9911;19;;;9921;30;9924;25;;;9917.5;0.0
yf_ZW=F_d12;54400;INTARIAN_PEPPER_ROOT;11482;14;11480;21;;;11488;22;11492;17;;;11485.0;0.0
yf_ZW=F_d12;54500;ASH_COATED_OSMIUM;9915;17;9913;22;;;9921;14;9923;13;;;9918.0;0.0
yf_ZW=F_d12;54500;INTARIAN_PEPPER_ROOT;11473;21;11469;20;;;11494;5;11496;22;;;11483.5;0.0
yf_ZW=F_d12;54600;ASH_COATED_OSMIUM;9915;12;9913;22;;;9921;17;9924;17;;;9918.0;0.0
yf_ZW=F_d12;54600;INTARIAN_PEPPER_ROOT;11478;13;11474;20;;;11484;18;11488;18;;;11481.0;0.0
yf_ZW=F_d12;54700;ASH_COATED_OSMIUM;9914;19;9911;26;;;9920;15;9922;20;;;9917.0;0.0
yf_ZW=F_d12;54700;INTARIAN_PEPPER_ROOT;11476;20;11472;19;;;11482;14;11485;26;;;11479.0;0.0
yf_ZW=F_d12;54800;ASH_COATED_OSMIUM;9908;16;9904;28;;;9929;11;9932;17;;;9918.5;0.0
yf_ZW=F_d12;54800;INTARIAN_PEPPER_ROOT;11473;6;11471;13;;;11480;6;11483;12;;;11476.5;0.0
yf_ZW=F_d12;54900;ASH_COATED_OSMIUM;9915;16;9911;20;;;9921;11;9924;25;;;9918.0;0.0
yf_ZW=F_d12;54900;INTARIAN_PEPPER_ROOT;11471;20;11467;23;;;11477;13;11479;27;;;11474.0;0.0
yf_ZW=F_d12;55000;ASH_COATED_OSMIUM;9915;24;9913;22;;;9921;10;9924;26;;;9918.0;0.0
yf_ZW=F_d12;55000;INTARIAN_PEPPER_ROOT;11466;18;11462;24;;;11478;12;11480;26;;;11472.0;0.0
yf_ZW=F_d12;55100;ASH_COATED_OSMIUM;9914;10;9911;17;;;9920;12;9922;17;;;9917.0;0.0
yf_ZW=F_d12;55100;INTARIAN_PEPPER_ROOT;11466;12;11464;30;;;11473;5;11476;22;;;11469.5;0.0
yf_ZW=F_d12;55200;ASH_COATED_OSMIUM;9915;13;9911;18;;;9921;21;9925;26;;;9918.0;0.0
yf_ZW=F_d12;55200;INTARIAN_PEPPER_ROOT;11465;13;11463;19;;;11471;11;11473;17;;;11468.0;0.0
yf_ZW=F_d12;55300;ASH_COATED_OSMIUM;9914;13;9910;25;;;9922;15;9924;22;;;9918.0;0.0
yf_ZW=F_d12;55300;INTARIAN_PEPPER_ROOT;11442;24;11440;21;;;11490;17;11494;12;;;11466.0;0.0
yf_ZW=F_d12;55400;ASH_COATED_OSMIUM;9913;18;9910;27;;;9922;26;9925;18;;;9917.5;0.0
yf_ZW=F_d12;55400;INTARIAN_PEPPER_ROOT;11460;25;11456;24;;;11466;11;11470;17;;;11463.0;0.0
yf_ZW=F_d12;55500;ASH_COATED_OSMIUM;9913;13;9910;22;;;9923;9;9927;23;;;9918.0;0.0
yf_ZW=F_d12;55500;INTARIAN_PEPPER_ROOT;11458;12;11455;25;;;11464;22;11468;27;;;11461.0;0.0
yf_ZW=F_d12;55600;ASH_COATED_OSMIUM;9915;17;9912;18;;;9921;7;9924;24;;;9918.0;0.0
yf_ZW=F_d12;55600;INTARIAN_PEPPER_ROOT;11456;21;11454;19;;;11462;6;11465;19;;;11459.0;0.0
yf_ZW=F_d12;55700;ASH_COATED_OSMIUM;9907;13;9904;15;;;9930;12;9932;14;;;9918.5;0.0
yf_ZW=F_d12;55700;INTARIAN_PEPPER_ROOT;11454;12;11450;20;;;11460;17;11462;13;;;11457.0;0.0
yf_ZW=F_d12;55800;ASH_COATED_OSMIUM;9916;21;9913;25;;;9922;12;9924;18;;;9919.0;0.0
yf_ZW=F_d12;55800;INTARIAN_PEPPER_ROOT;11446;26;11444;21;;;11463;18;11466;15;;;11454.5;0.0
yf_ZW=F_d12;55900;ASH_COATED_OSMIUM;9915;12;9911;14;;;9921;20;9924;24;;;9918.0;0.0
yf_ZW=F_d12;55900;INTARIAN_PEPPER_ROOT;11445;15;11443;22;;;11459;16;11462;16;;;11452.0;0.0
yf_ZW=F_d12;56000;ASH_COATED_OSMIUM;9915;13;9911;17;;;9921;16;9923;18;;;9918.0;0.0
yf_ZW=F_d12;56000;INTARIAN_PEPPER_ROOT;11448;18;11445;24;;;11454;11;11457;19;;;11451.0;0.0
yf_ZW=F_d12;56100;ASH_COATED_OSMIUM;9914;22;9911;17;;;9920;25;9923;17;;;9917.0;0.0
yf_ZW=F_d12;56100;INTARIAN_PEPPER_ROOT;11435;7;11433;22;;;11462;10;11465;24;;;11448.5;0.0
yf_ZW=F_d12;56200;ASH_COATED_OSMIUM;9911;19;9908;28;;;9925;14;9929;19;;;9918.0;0.0
yf_ZW=F_d12;56200;INTARIAN_PEPPER_ROOT;11440;26;11438;23;;;11452;11;11456;24;;;11446.0;0.0
yf_ZW=F_d12;56300;ASH_COATED_OSMIUM;9915;14;9912;15;;;9921;20;9923;25;;;9918.0;0.0
yf_ZW=F_d12;56300;INTARIAN_PEPPER_ROOT;11441;13;11439;19;;;11447;18;11451;19;;;11444.0;0.0
yf_ZW=F_d12;56400;ASH_COATED_OSMIUM;9915;20;9911;20;;;9921;5;9924;8;;;9918.0;0.0
yf_ZW=F_d12;56400;INTARIAN_PEPPER_ROOT;11438;18;11435;22;;;11444;12;11448;21;;;11441.0;0.0
yf_ZW=F_d12;56500;ASH_COATED_OSMIUM;9916;18;9913;19;;;9922;13;9926;13;;;9919.0;0.0
yf_ZW=F_d12;56500;INTARIAN_PEPPER_ROOT;11437;20;11435;23;;;11443;7;11447;22;;;11440.0;0.0
yf_ZW=F_d12;56600;ASH_COATED_OSMIUM;9915;17;9913;19;;;9921;13;9924;17;;;9918.0;0.0
yf_ZW=F_d12;56600;INTARIAN_PEPPER_ROOT;11435;16;11431;23;;;11441;18;11443;18;;;11438.0;0.0
yf_ZW=F_d12;56700;ASH_COATED_OSMIUM;9915;5;9911;17;;;9922;20;9925;18;;;9918.5;0.0
yf_ZW=F_d12;56700;INTARIAN_PEPPER_ROOT;11432;13;11429;12;;;11438;17;11440;20;;;11435.0;0.0
yf_ZW=F_d12;56800;ASH_COATED_OSMIUM;9913;13;9911;23;;;9924;24;9928;21;;;9918.5;0.0
yf_ZW=F_d12;56800;INTARIAN_PEPPER_ROOT;11429;6;11425;21;;;11435;19;11439;24;;;11432.0;0.0
yf_ZW=F_d12;56900;ASH_COATED_OSMIUM;9913;7;9910;20;;;9924;17;9928;23;;;9918.5;0.0
yf_ZW=F_d12;56900;INTARIAN_PEPPER_ROOT;11427;22;11425;20;;;11433;7;11436;21;;;11430.0;0.0
yf_ZW=F_d12;57000;ASH_COATED_OSMIUM;9913;16;9910;18;;;9923;9;9926;13;;;9918.0;0.0
yf_ZW=F_d12;57000;INTARIAN_PEPPER_ROOT;11425;12;11422;28;;;11431;6;11435;19;;;11428.0;0.0
yf_ZW=F_d12;57100;ASH_COATED_OSMIUM;9913;12;9911;23;;;9923;17;9925;29;;;9918.0;0.0
yf_ZW=F_d12;57100;INTARIAN_PEPPER_ROOT;11421;11;11418;18;;;11430;19;11434;10;;;11425.5;0.0
yf_ZW=F_d12;57200;ASH_COATED_OSMIUM;9916;23;9914;30;;;9922;17;9925;29;;;9919.0;0.0
yf_ZW=F_d12;57200;INTARIAN_PEPPER_ROOT;11421;12;11418;15;;;11427;19;11431;27;;;11424.0;0.0
yf_ZW=F_d12;57300;ASH_COATED_OSMIUM;9915;7;9911;21;;;9921;12;9924;25;;;9918.0;0.0
yf_ZW=F_d12;57300;INTARIAN_PEPPER_ROOT;11418;7;11414;13;;;11424;14;11428;25;;;11421.0;0.0
yf_ZW=F_d12;57400;ASH_COATED_OSMIUM;9916;13;9913;35;;;9922;19;9925;22;;;9919.0;0.0
yf_ZW=F_d12;57400;INTARIAN_PEPPER_ROOT;11416;12;11413;20;;;11422;16;11424;11;;;11419.0;0.0
yf_ZW=F_d12;57500;ASH_COATED_OSMIUM;9912;11;9908;14;;;9925;20;9929;26;;;9918.5;0.0
yf_ZW=F_d12;57500;INTARIAN_PEPPER_ROOT;11403;21;11399;16;;;11431;5;11434;15;;;11417.0;0.0
yf_ZW=F_d12;57600;ASH_COATED_OSMIUM;9915;15;9912;21;;;9921;7;9924;13;;;9918.0;0.0
yf_ZW=F_d12;57600;INTARIAN_PEPPER_ROOT;11411;19;11407;27;;;11417;7;11421;20;;;11414.0;0.0
