day;timestamp;product;bid_price_1;bid_volume_1;bid_price_2;bid_volume_2;bid_price_3;bid_volume_3;ask_price_1;ask_volume_1;ask_price_2;ask_volume_2;ask_price_3;ask_volume_3;mid_price;profit_and_loss
yf_ZS=F_d8;0;ASH_COATED_OSMIUM;9958;13;9955;14;;;9972;12;9975;33;;;9965.0;0.0
yf_ZS=F_d8;0;INTARIAN_PEPPER_ROOT;11154;24;11151;20;;;11160;20;11163;21;;;11157.0;0.0
yf_ZS=F_d8;100;ASH_COATED_OSMIUM;9961;5;9958;19;;;9969;7;9971;18;;;9965.0;0.0
yf_ZS=F_d8;100;INTARIAN_PEPPER_ROOT;11159;13;11155;20;;;11165;7;11169;23;;;11162.0;0.0
yf_ZS=F_d8;200;ASH_COATED_OSMIUM;9962;16;9959;22;;;9968;16;9972;27;;;9965.0;0.0
yf_ZS=F_d8;200;INTARIAN_PEPPER_ROOT;11162;18;11160;15;;;11168;18;11171;24;;;11165.0;0.0
yf_ZS=F_d8;300;ASH_COATED_OSMIUM;9960;9;9957;17;;;9971;12;9973;13;;;9965.5;0.0
yf_ZS=F_d8;300;INTARIAN_PEPPER_ROOT;11166;26;11164;20;;;11172;25;11176;24;;;11169.0;0.0
yf_ZS=F_d8;400;ASH_COATED_OSMIUM;9962;14;9958;26;;;9968;18;9970;15;;;9965.0;0.0
yf_ZS=F_d8;400;INTARIAN_PEPPER_ROOT;11169;16;11166;17;;;11175;12;11178;22;;;11172.0;0.0
yf_ZS=F_d8;500;ASH_COATED_OSMIUM;9961;12;9958;24;;;9967;13;9971;16;;;9964.0;0.0
yf_ZS=F_d8;500;INTARIAN_PEPPER_ROOT;11173;11;11169;22;;;11179;12;11182;23;;;11176.0;0.0
yf_ZS=F_d8;600;ASH_COATED_OSMIUM;9962;15;9959;21;;;9968;19;9972;23;;;9965.0;0.0
yf_ZS=F_d8;600;INTARIAN_PEPPER_ROOT;11177;7;11175;16;;;11183;8;11187;19;;;11180.0;0.0
yf_ZS=F_d8;700;ASH_COATED_OSMIUM;9962;5;9959;19;;;9968;19;9971;20;;;9965.0;0.0
yf_ZS=F_d8;700;INTARIAN_PEPPER_ROOT;11180;7;11177;19;;;11186;9;11189;16;;;11183.0;0.0
yf_ZS=F_d8;800;ASH_COATED_OSMIUM;9962;17;9960;19;;;9968;16;9972;25;;;9965.0;0.0
yf_ZS=F_d8;800;INTARIAN_PEPPER_ROOT;11183;12;11180;16;;;11189;24;11191;24;;;11186.0;0.0
yf_ZS=F_d8;900;ASH_COATED_OSMIUM;9962;15;9959;20;;;9968;14;9970;24;;;9965.0;0.0
yf_ZS=F_d8;900;INTARIAN_PEPPER_ROOT;11187;15;11185;24;;;11193;6;11197;19;;;11190.0;0.0
yf_ZS=F_d8;1000;ASH_COATED_OSMIUM;9958;13;9954;24;;;9971;18;9975;16;;;9964.5;0.0
yf_ZS=F_d8;1000;INTARIAN_PEPPER_ROOT;11190;16;11188;19;;;11196;13;11200;23;;;11193.0;0.0
yf_ZS=F_d8;1100;ASH_COATED_OSMIUM;9940;20;9938;27;;;9989;20;9993;23;;;9964.5;0.0
yf_ZS=F_d8;1100;INTARIAN_PEPPER_ROOT;11194;13;11191;18;;;11200;21;11204;28;;;11197.0;0.0
yf_ZS=F_d8;1200;ASH_COATED_OSMIUM;9957;18;9953;27;;;9972;14;9975;31;;;9964.5;0.0
yf_ZS=F_d8;1200;INTARIAN_PEPPER_ROOT;11197;5;11193;19;;;11205;20;11208;11;;;11201.0;0.0
yf_ZS=F_d8;1300;ASH_COATED_OSMIUM;9961;22;9957;17;;;9967;16;9971;17;;;9964.0;0.0
yf_ZS=F_d8;1300;INTARIAN_PEPPER_ROOT;11200;21;11198;16;;;11209;15;11211;21;;;11204.5;0.0
yf_ZS=F_d8;1400;ASH_COATED_OSMIUM;9955;18;9953;23;;;9975;18;9978;10;;;9965.0;0.0
yf_ZS=F_d8;1400;INTARIAN_PEPPER_ROOT;11204;10;11202;24;;;11210;17;11212;23;;;11207.0;0.0
yf_ZS=F_d8;1500;ASH_COATED_OSMIUM;9962;6;9960;21;;;9968;17;9972;20;;;9965.0;0.0
yf_ZS=F_d8;1500;INTARIAN_PEPPER_ROOT;11208;14;11204;18;;;11214;10;11216;21;;;11211.0;0.0
yf_ZS=F_d8;1600;ASH_COATED_OSMIUM;9958;13;9955;18;;;9970;22;9972;20;;;9964.0;0.0
yf_ZS=F_d8;1600;INTARIAN_PEPPER_ROOT;11211;15;11209;26;;;11217;12;11221;13;;;11214.0;0.0
yf_ZS=F_d8;1700;ASH_COATED_OSMIUM;9962;15;9959;17;;;9968;11;9972;16;;;9965.0;0.0
yf_ZS=F_d8;1700;INTARIAN_PEPPER_ROOT;11212;13;11208;26;;;11224;18;11226;14;;;11218.0;0.0
yf_ZS=F_d8;1800;ASH_COATED_OSMIUM;9962;18;9958;12;;;9968;16;9970;22;;;9965.0;0.0
yf_ZS=F_d8;1800;INTARIAN_PEPPER_ROOT;11219;20;11215;23;;;11225;20;11228;14;;;11222.0;0.0
yf_ZS=F_d8;1900;ASH_COATED_OSMIUM;9962;5;9959;13;;;9968;17;9971;16;;;9965.0;0.0
yf_ZS=F_d8;1900;INTARIAN_PEPPER_ROOT;11222;5;11218;18;;;11228;16;11231;12;;;11225.0;0.0
yf_ZS=F_d8;2000;ASH_COATED_OSMIUM;9962;15;9958;18;;;9969;9;9973;22;;;9965.5;0.0
yf_ZS=F_d8;2000;INTARIAN_PEPPER_ROOT;11226;15;11224;22;;;11232;6;11236;21;;;11229.0;0.0
yf_ZS=F_d8;2100;ASH_COATED_OSMIUM;9951;15;9947;14;;;9980;14;9984;16;;;9965.5;0.0
yf_ZS=F_d8;2100;INTARIAN_PEPPER_ROOT;11230;15;11227;22;;;11236;11;11240;25;;;11233.0;0.0
yf_ZS=F_d8;2200;ASH_COATED_OSMIUM;9956;18;9954;19;;;9974;17;9976;21;;;9965.0;0.0
yf_ZS=F_d8;2200;INTARIAN_PEPPER_ROOT;11230;16;11228;23;;;11242;7;11245;21;;;11236.0;0.0
yf_ZS=F_d8;2300;ASH_COATED_OSMIUM;9960;8;9958;18;;;9971;11;9974;16;;;9965.5;0.0
yf_ZS=F_d8;2300;INTARIAN_PEPPER_ROOT;11236;28;11233;17;;;11242;14;11245;18;;;11239.0;0.0
yf_ZS=F_d8;2400;ASH_COATED_OSMIUM;9958;15;9954;20;;;9973;16;9975;15;;;9965.5;0.0
yf_ZS=F_d8;2400;INTARIAN_PEPPER_ROOT;11238;15;11236;24;;;11247;13;11249;24;;;11242.5;0.0
yf_ZS=F_d8;2500;ASH_COATED_OSMIUM;9962;21;9960;18;;;9968;11;9972;28;;;9965.0;0.0
yf_ZS=F_d8;2500;INTARIAN_PEPPER_ROOT;11244;18;11240;20;;;11250;19;11252;13;;;11247.0;0.0
yf_ZS=F_d8;2600;ASH_COATED_OSMIUM;9960;17;9958;22;;;9970;12;9973;16;;;9965.0;0.0
yf_ZS=F_d8;2600;INTARIAN_PEPPER_ROOT;11245;18;11242;23;;;11254;10;11256;12;;;11249.5;0.0
yf_ZS=F_d8;2700;ASH_COATED_OSMIUM;9957;19;9954;20;;;9973;19;9975;19;;;9965.0;0.0
yf_ZS=F_d8;2700;INTARIAN_PEPPER_ROOT;11250;16;11246;17;;;11256;9;11259;21;;;11253.0;0.0
yf_ZS=F_d8;2800;ASH_COATED_OSMIUM;9962;17;9958;25;;;9968;16;9970;23;;;9965.0;0.0
yf_ZS=F_d8;2800;INTARIAN_PEPPER_ROOT;11236;8;11233;22;;;11277;19;11281;24;;;11256.5;0.0
yf_ZS=F_d8;2900;ASH_COATED_OSMIUM;9956;18;9952;15;;;9974;5;9978;17;;;9965.0;0.0
yf_ZS=F_d8;2900;INTARIAN_PEPPER_ROOT;11256;14;11252;20;;;11265;19;11269;23;;;11260.5;0.0
yf_ZS=F_d8;3000;ASH_COATED_OSMIUM;9962;16;9958;25;;;9968;18;9970;13;;;9965.0;0.0
yf_ZS=F_d8;3000;INTARIAN_PEPPER_ROOT;11261;19;11257;24;;;11267;11;11271;23;;;11264.0;0.0
yf_ZS=F_d8;3100;ASH_COATED_OSMIUM;9961;16;9957;19;;;9967;10;9971;8;;;9964.0;0.0
yf_ZS=F_d8;3100;INTARIAN_PEPPER_ROOT;11264;13;11260;25;;;11270;11;11273;26;;;11267.0;0.0
yf_ZS=F_d8;3200;ASH_COATED_OSMIUM;9962;16;9959;13;;;9968;14;9970;18;;;9965.0;0.0
yf_ZS=F_d8;3200;INTARIAN_PEPPER_ROOT;11265;20;11263;11;;;11277;13;11281;20;;;11271.0;0.0
yf_ZS=F_d8;3300;ASH_COATED_OSMIUM;9952;22;9948;8;;;9979;30;9981;29;;;9965.5;0.0
yf_ZS=F_d8;3300;INTARIAN_PEPPER_ROOT;11272;10;11270;22;;;11279;17;11282;14;;;11275.5;0.0
yf_ZS=F_d8;3400;ASH_COATED_OSMIUM;9959;10;9955;14;;;9971;15;9975;16;;;9965.0;0.0
yf_ZS=F_d8;3400;INTARIAN_PEPPER_ROOT;11260;12;11258;22;;;11296;25;11300;16;;;11278.0;0.0
yf_ZS=F_d8;3500;ASH_COATED_OSMIUM;9953;14;9950;13;;;9978;9;9980;18;;;9965.5;0.0
yf_ZS=F_d8;3500;INTARIAN_PEPPER_ROOT;11279;25;11277;11;;;11285;15;11287;21;;;11282.0;0.0
yf_ZS=F_d8;3600;ASH_COATED_OSMIUM;9962;8;9960;27;;;9968;15;9972;24;;;9965.0;0.0
yf_ZS=F_d8;3600;INTARIAN_PEPPER_ROOT;11282;23;11280;22;;;11288;18;11292;10;;;11285.0;0.0
yf_ZS=F_d8;3700;ASH_COATED_OSMIUM;9954;17;9950;22;;;9976;19;9980;17;;;9965.0;0.0
yf_ZS=F_d8;3700;INTARIAN_PEPPER_ROOT;11287;8;11283;22;;;11293;15;11296;16;;;11290.0;0.0
yf_ZS=F_d8;3800;ASH_COATED_OSMIUM;9962;15;9960;21;;;9968;12;9971;24;;;9965.0;0.0
yf_ZS=F_d8;3800;INTARIAN_PEPPER_ROOT;11289;12;11287;13;;;11295;15;11299;25;;;11292.0;0.0
yf_ZS=F_d8;3900;ASH_COATED_OSMIUM;9962;15;9959;19;;;9969;14;9971;34;;;9965.5;0.0
yf_ZS=F_d8;3900;INTARIAN_PEPPER_ROOT;11293;14;11291;16;;;11299;17;11302;20;;;11296.0;0.0
yf_ZS=F_d8;4000;ASH_COATED_OSMIUM;9962;6;9958;24;;;9968;14;9972;22;;;9965.0;0.0
yf_ZS=F_d8;4000;INTARIAN_PEPPER_ROOT;11296;17;11292;20;;;11302;19;11306;22;;;11299.0;0.0
yf_ZS=F_d8;4100;ASH_COATED_OSMIUM;9962;23;9959;17;;;9968;14;9971;25;;;9965.0;0.0
yf_ZS=F_d8;4100;INTARIAN_PEPPER_ROOT;11300;12;11298;15;;;11306;16;11310;18;;;11303.0;0.0
yf_ZS=F_d8;4200;ASH_COATED_OSMIUM;9960;5;9958;17;;;9971;14;9975;15;;;9965.5;0.0
yf_ZS=F_d8;4200;INTARIAN_PEPPER_ROOT;11300;9;11297;24;;;11313;19;11317;22;;;11306.5;0.0
yf_ZS=F_d8;4300;ASH_COATED_OSMIUM;9963;22;9959;23;;;9969;15;9973;21;;;9966.0;0.0
yf_ZS=F_d8;4300;INTARIAN_PEPPER_ROOT;11307;11;11304;18;;;11313;12;11316;22;;;11310.0;0.0
yf_ZS=F_d8;4400;ASH_COATED_OSMIUM;9961;5;9957;22;;;9969;14;9972;16;;;9965.0;0.0
yf_ZS=F_d8;4400;INTARIAN_PEPPER_ROOT;11309;17;11306;12;;;11317;10;11319;27;;;11313.0;0.0
yf_ZS=F_d8;4500;ASH_COATED_OSMIUM;9963;19;9961;11;;;9969;12;9973;18;;;9966.0;0.0
yf_ZS=F_d8;4500;INTARIAN_PEPPER_ROOT;11313;16;11310;18;;;11321;12;11325;15;;;11317.0;0.0
yf_ZS=F_d8;4600;ASH_COATED_OSMIUM;9961;13;9957;23;;;9970;11;9974;20;;;9965.5;0.0
yf_ZS=F_d8;4600;INTARIAN_PEPPER_ROOT;11317;7;11313;22;;;11323;9;11325;17;;;11320.0;0.0
yf_ZS=F_d8;4700;ASH_COATED_OSMIUM;9962;23;9958;10;;;9969;16;9973;8;;;9965.5;0.0
yf_ZS=F_d8;4700;INTARIAN_PEPPER_ROOT;11314;14;11312;20;;;11333;16;11336;15;;;11323.5;0.0
yf_ZS=F_d8;4800;ASH_COATED_OSMIUM;9959;11;9957;26;;;9970;17;9973;20;;;9964.5;0.0
yf_ZS=F_d8;4800;INTARIAN_PEPPER_ROOT;11322;9;11320;17;;;11333;10;11336;24;;;11327.5;0.0
yf_ZS=F_d8;4900;ASH_COATED_OSMIUM;9963;18;9961;21;;;9969;10;9972;16;;;9966.0;0.0
yf_ZS=F_d8;4900;INTARIAN_PEPPER_ROOT;11328;12;11324;25;;;11334;17;11337;15;;;11331.0;0.0
yf_ZS=F_d8;5000;ASH_COATED_OSMIUM;9962;24;9960;21;;;9968;11;9972;18;;;9965.0;0.0
yf_ZS=F_d8;5000;INTARIAN_PEPPER_ROOT;11327;15;11323;23;;;11343;10;11346;29;;;11335.0;0.0
yf_ZS=F_d8;5100;ASH_COATED_OSMIUM;9962;12;9960;15;;;9968;8;9971;17;;;9965.0;0.0
yf_ZS=F_d8;5100;INTARIAN_PEPPER_ROOT;11335;24;11333;17;;;11341;14;11343;14;;;11338.0;0.0
yf_ZS=F_d8;5200;ASH_COATED_OSMIUM;9962;12;9960;11;;;9969;20;9973;12;;;9965.5;0.0
yf_ZS=F_d8;5200;INTARIAN_PEPPER_ROOT;11339;16;11337;15;;;11346;22;11350;18;;;11342.5;0.0
yf_ZS=F_d8;5300;ASH_COATED_OSMIUM;9962;18;9958;17;;;9968;15;9970;24;;;9965.0;0.0
yf_ZS=F_d8;5300;INTARIAN_PEPPER_ROOT;11342;6;11338;18;;;11349;12;11351;25;;;11345.5;0.0
yf_ZS=F_d8;5400;ASH_COATED_OSMIUM;9963;9;9960;21;;;9969;11;9973;27;;;9966.0;0.0
yf_ZS=F_d8;5400;INTARIAN_PEPPER_ROOT;11345;24;11343;35;;;11351;9;11354;14;;;11348.0;0.0
yf_ZS=F_d8;5500;ASH_COATED_OSMIUM;9960;10;9956;15;;;9972;16;9974;23;;;9966.0;0.0
yf_ZS=F_d8;5500;INTARIAN_PEPPER_ROOT;11345;13;11342;24;;;11359;13;11362;17;;;11352.0;0.0
yf_ZS=F_d8;5600;ASH_COATED_OSMIUM;9955;20;9953;20;;;9974;9;9978;19;;;9964.5;0.0
yf_ZS=F_d8;5600;INTARIAN_PEPPER_ROOT;11353;30;11349;24;;;11359;16;11362;17;;;11356.0;0.0
yf_ZS=F_d8;5700;ASH_COATED_OSMIUM;9963;19;9959;12;;;9969;15;9971;18;;;9966.0;0.0
yf_ZS=F_d8;5700;INTARIAN_PEPPER_ROOT;11356;20;11353;30;;;11362;18;11365;25;;;11359.0;0.0
yf_ZS=F_d8;5800;ASH_COATED_OSMIUM;9963;14;9960;26;;;9969;24;9972;24;;;9966.0;0.0
yf_ZS=F_d8;5800;INTARIAN_PEPPER_ROOT;11353;19;11351;21;;;11371;14;11373;20;;;11362.0;0.0
yf_ZS=F_d8;5900;ASH_COATED_OSMIUM;9963;18;9959;19;;;9969;11;9971;21;;;9966.0;0.0
yf_ZS=F_d8;5900;INTARIAN_PEPPER_ROOT;11363;18;11361;20;;;11369;15;11372;27;;;11366.0;0.0
yf_ZS=F_d8;6000;ASH_COATED_OSMIUM;9963;16;9961;13;;;9969;21;9971;18;;;9966.0;0.0
yf_ZS=F_d8;6000;INTARIAN_PEPPER_ROOT;11365;17;11363;9;;;11374;14;11378;24;;;11369.5;0.0
yf_ZS=F_d8;6100;ASH_COATED_OSMIUM;9963;13;9959;16;;;9969;14;9971;14;;;9966.0;0.0
yf_ZS=F_d8;6100;INTARIAN_PEPPER_ROOT;11370;20;11368;16;;;11376;7;11378;21;;;11373.0;0.0
yf_ZS=F_d8;6200;ASH_COATED_OSMIUM;9961;17;9957;24;;;9972;11;9974;17;;;9966.5;0.0
yf_ZS=F_d8;6200;INTARIAN_PEPPER_ROOT;11374;10;11371;23;;;11380;12;11382;28;;;11377.0;0.0
yf_ZS=F_d8;6300;ASH_COATED_OSMIUM;9963;20;9961;19;;;9969;7;9971;21;;;9966.0;0.0
yf_ZS=F_d8;6300;INTARIAN_PEPPER_ROOT;11377;17;11373;16;;;11384;9;11386;18;;;11380.5;0.0
yf_ZS=F_d8;6400;ASH_COATED_OSMIUM;9962;12;9959;16;;;9968;15;9972;19;;;9965.0;0.0
yf_ZS=F_d8;6400;INTARIAN_PEPPER_ROOT;11381;21;11379;12;;;11387;17;11389;11;;;11384.0;0.0
yf_ZS=F_d8;6500;ASH_COATED_OSMIUM;9963;17;9960;8;;;9969;13;9973;21;;;9966.0;0.0
yf_ZS=F_d8;6500;INTARIAN_PEPPER_ROOT;11380;9;11378;13;;;11395;12;11399;20;;;11387.5;0.0
yf_ZS=F_d8;6600;ASH_COATED_OSMIUM;9959;17;9956;22;;;9972;5;9974;13;;;9965.5;0.0
yf_ZS=F_d8;6600;INTARIAN_PEPPER_ROOT;11384;13;11381;18;;;11397;18;11400;21;;;11390.5;0.0
yf_ZS=F_d8;6700;ASH_COATED_OSMIUM;9961;13;9958;18;;;9971;16;9973;12;;;9966.0;0.0
yf_ZS=F_d8;6700;INTARIAN_PEPPER_ROOT;11390;18;11387;15;;;11399;11;11403;25;;;11394.5;0.0
yf_ZS=F_d8;6800;ASH_COATED_OSMIUM;9961;21;9957;19;;;9971;9;9974;19;;;9966.0;0.0
yf_ZS=F_d8;6800;INTARIAN_PEPPER_ROOT;11395;20;11392;26;;;11401;19;11404;16;;;11398.0;0.0
yf_ZS=F_d8;6900;ASH_COATED_OSMIUM;9963;8;9959;20;;;9969;21;9973;14;;;9966.0;0.0
yf_ZS=F_d8;6900;INTARIAN_PEPPER_ROOT;11395;18;11391;18;;;11409;5;11413;21;;;11402.0;0.0
yf_ZS=F_d8;7000;ASH_COATED_OSMIUM;9961;20;9957;24;;;9970;7;9972;16;;;9965.5;0.0
yf_ZS=F_d8;7000;INTARIAN_PEPPER_ROOT;11390;19;11386;17;;;11421;9;11425;16;;;11405.5;0.0
yf_ZS=F_d8;7100;ASH_COATED_OSMIUM;9959;11;9955;19;;;9972;16;9976;21;;;9965.5;0.0
yf_ZS=F_d8;7100;INTARIAN_PEPPER_ROOT;11405;21;11401;23;;;11412;15;11415;21;;;11408.5;0.0
yf_ZS=F_d8;7200;ASH_COATED_OSMIUM;9963;14;9961;28;;;9969;7;9971;28;;;9966.0;0.0
yf_ZS=F_d8;7200;INTARIAN_PEPPER_ROOT;11410;8;11407;21;;;11416;12;11419;26;;;11413.0;0.0
yf_ZS=F_d8;7300;ASH_COATED_OSMIUM;9963;6;9959;18;;;9969;19;9972;20;;;9966.0;0.0
yf_ZS=F_d8;7300;INTARIAN_PEPPER_ROOT;11413;13;11411;21;;;11419;9;11422;19;;;11416.0;0.0
yf_ZS=F_d8;7400;ASH_COATED_OSMIUM;9963;20;9960;24;;;9969;17;9972;15;;;9966.0;0.0
yf_ZS=F_d8;7400;INTARIAN_PEPPER_ROOT;11416;13;11412;23;;;11422;14;11424;25;;;11419.0;0.0
yf_ZS=F_d8;7500;ASH_COATED_OSMIUM;9963;10;9959;27;;;9969;9;9973;18;;;9966.0;0.0
yf_ZS=F_d8;7500;INTARIAN_PEPPER_ROOT;11416;13;11412;21;;;11429;15;11433;19;;;11422.5;0.0
yf_ZS=F_d8;7600;ASH_COATED_OSMIUM;9963;18;9959;15;;;9969;24;9973;22;;;9966.0;0.0
yf_ZS=F_d8;7600;INTARIAN_PEPPER_ROOT;11423;16;11421;23;;;11429;20;11432;18;;;11426.0;0.0
yf_ZS=F_d8;7700;ASH_COATED_OSMIUM;9954;20;9952;11;;;9977;12;9980;30;;;9965.5;0.0
yf_ZS=F_d8;7700;INTARIAN_PEPPER_ROOT;11427;16;11423;24;;;11433;15;11436;26;;;11430.0;0.0
yf_ZS=F_d8;7800;ASH_COATED_OSMIUM;9962;15;9959;13;;;9969;11;9971;20;;;9965.5;0.0
yf_ZS=F_d8;7800;INTARIAN_PEPPER_ROOT;11430;21;11427;21;;;11436;10;11439;23;;;11433.0;0.0
yf_ZS=F_d8;7900;ASH_COATED_OSMIUM;9958;13;9955;12;;;9975;5;9979;25;;;9966.5;0.0
yf_ZS=F_d8;7900;INTARIAN_PEPPER_ROOT;11434;5;11432;16;;;11440;15;11442;17;;;11437.0;0.0
yf_ZS=F_d8;8000;ASH_COATED_OSMIUM;9962;10;9958;15;;;9969;15;9972;15;;;9965.5;0.0
yf_ZS=F_d8;8000;INTARIAN_PEPPER_ROOT;11438;5;11436;17;;;11444;11;11446;19;;;11441.0;0.0
yf_ZS=F_d8;8100;ASH_COATED_OSMIUM;9963;15;9959;17;;;9969;19;9971;28;;;9966.0;0.0
yf_ZS=F_d8;8100;INTARIAN_PEPPER_ROOT;11433;15;11431;15;;;11456;12;11458;20;;;11444.5;0.0
yf_ZS=F_d8;8200;ASH_COATED_OSMIUM;9963;19;9961;11;;;9969;10;9971;16;;;9966.0;0.0
yf_ZS=F_d8;8200;INTARIAN_PEPPER_ROOT;11445;15;11442;27;;;11451;9;11454;13;;;11448.0;0.0
yf_ZS=F_d8;8300;ASH_COATED_OSMIUM;9962;20;9960;12;;;9969;18;9972;16;;;9965.5;0.0
yf_ZS=F_d8;8300;INTARIAN_PEPPER_ROOT;11448;18;11446;27;;;11454;16;11458;16;;;11451.0;0.0
yf_ZS=F_d8;8400;ASH_COATED_OSMIUM;9963;7;9960;20;;;9969;17;9971;19;;;9966.0;0.0
yf_ZS=F_d8;8400;INTARIAN_PEPPER_ROOT;11452;19;11448;19;;;11458;23;11460;24;;;11455.0;0.0
yf_ZS=F_d8;8500;ASH_COATED_OSMIUM;9963;18;9959;18;;;9969;22;9972;25;;;9966.0;0.0
yf_ZS=F_d8;8500;INTARIAN_PEPPER_ROOT;11456;11;11452;18;;;11462;10;11466;18;;;11459.0;0.0
yf_ZS=F_d8;8600;ASH_COATED_OSMIUM;9963;12;9961;16;;;9969;16;9971;13;;;9966.0;0.0
yf_ZS=F_d8;8600;INTARIAN_PEPPER_ROOT;11459;13;11455;22;;;11465;11;11469;18;;;11462.0;0.0
yf_ZS=F_d8;8700;ASH_COATED_OSMIUM;9963;12;9959;16;;;9970;10;9974;23;;;9966.5;0.0
yf_ZS=F_d8;8700;INTARIAN_PEPPER_ROOT;11463;19;11460;18;;;11469;9;11473;27;;;11466.0;0.0
yf_ZS=F_d8;8800;ASH_COATED_OSMIUM;9963;20;9959;23;;;9969;18;9971;22;;;9966.0;0.0
yf_ZS=F_d8;8800;INTARIAN_PEPPER_ROOT;11466;19;11462;19;;;11473;20;11476;16;;;11469.5;0.0
yf_ZS=F_d8;8900;ASH_COATED_OSMIUM;9962;18;9958;22;;;9972;8;9974;22;;;9967.0;0.0
yf_ZS=F_d8;8900;INTARIAN_PEPPER_ROOT;11469;11;11465;17;;;11475;22;11478;16;;;11472.0;0.0
yf_ZS=F_d8;9000;ASH_COATED_OSMIUM;9958;16;9954;13;;;9975;22;9979;17;;;9966.5;0.0
yf_ZS=F_d8;9000;INTARIAN_PEPPER_ROOT;11473;19;11469;15;;;11479;9;11483;18;;;11476.0;0.0
yf_ZS=F_d8;9100;ASH_COATED_OSMIUM;9963;20;9961;28;;;9969;11;9972;15;;;9966.0;0.0
yf_ZS=F_d8;9100;INTARIAN_PEPPER_ROOT;11476;8;11472;18;;;11482;19;11485;23;;;11479.0;0.0
yf_ZS=F_d8;9200;ASH_COATED_OSMIUM;9959;10;9955;22;;;9973;9;9975;19;;;9966.0;0.0
yf_ZS=F_d8;9200;INTARIAN_PEPPER_ROOT;11480;15;11477;24;;;11486;13;11488;28;;;11483.0;0.0
yf_ZS=F_d8;9300;ASH_COATED_OSMIUM;9963;8;9960;17;;;9969;14;9971;20;;;9966.0;0.0
yf_ZS=F_d8;9300;INTARIAN_PEPPER_ROOT;11483;19;11480;12;;;11489;13;11493;26;;;11486.0;0.0
yf_ZS=F_d8;9400;ASH_COATED_OSMIUM;9959;14;9956;16;;;9974;18;9976;28;;;9966.5;0.0
yf_ZS=F_d8;9400;INTARIAN_PEPPER_ROOT;11484;22;11480;32;;;11496;13;11499;25;;;11490.0;0.0
yf_ZS=F_d8;9500;ASH_COATED_OSMIUM;9955;11;9952;14;;;9978;21;9982;19;;;9966.5;0.0
yf_ZS=F_d8;9500;INTARIAN_PEPPER_ROOT;11490;7;11487;13;;;11496;12;11498;17;;;11493.0;0.0
yf_ZS=F_d8;9600;ASH_COATED_OSMIUM;9962;11;9959;20;;;9970;20;9972;23;;;9966.0;0.0
yf_ZS=F_d8;9600;INTARIAN_PEPPER_ROOT;11494;11;11490;25;;;11500;10;11502;28;;;11497.0;0.0
yf_ZS=F_d8;9700;ASH_COATED_OSMIUM;9963;17;9959;18;;;9969;16;9973;13;;;9966.0;0.0
yf_ZS=F_d8;9700;INTARIAN_PEPPER_ROOT;11497;20;11495;27;;;11505;15;11509;18;;;11501.0;0.0
yf_ZS=F_d8;9800;ASH_COATED_OSMIUM;9963;15;9961;19;;;9969;19;9972;17;;;9966.0;0.0
yf_ZS=F_d8;9800;INTARIAN_PEPPER_ROOT;11501;14;11497;16;;;11507;22;11511;20;;;11504.0;0.0
yf_ZS=F_d8;9900;ASH_COATED_OSMIUM;9963;16;9959;24;;;9969;13;9973;17;;;9966.0;0.0
yf_ZS=F_d8;9900;INTARIAN_PEPPER_ROOT;11503;22;11500;13;;;11512;20;11516;9;;;11507.5;0.0
yf_ZS=F_d8;10000;ASH_COATED_OSMIUM;9963;18;9960;17;;;9969;21;9971;20;;;9966.0;0.0
yf_ZS=F_d8;10000;INTARIAN_PEPPER_ROOT;11508;15;11506;28;;;11514;15;11518;21;;;11511.0;0.0
yf_ZS=F_d8;10100;ASH_COATED_OSMIUM;9957;16;9953;15;;;9976;11;9980;18;;;9966.5;0.0
yf_ZS=F_d8;10100;INTARIAN_PEPPER_ROOT;11512;22;11509;21;;;11518;14;11522;21;;;11515.0;0.0
yf_ZS=F_d8;10200;ASH_COATED_OSMIUM;9963;24;9961;23;;;9969;17;9971;23;;;9966.0;0.0
yf_ZS=F_d8;10200;INTARIAN_PEPPER_ROOT;11515;17;11512;26;;;11521;12;11523;21;;;11518.0;0.0
yf_ZS=F_d8;10300;ASH_COATED_OSMIUM;9955;13;9951;11;;;9977;12;9980;21;;;9966.0;0.0
yf_ZS=F_d8;10300;INTARIAN_PEPPER_ROOT;11519;12;11516;23;;;11525;14;11529;10;;;11522.0;0.0
yf_ZS=F_d8;10400;ASH_COATED_OSMIUM;9963;13;9961;26;;;9969;15;9973;20;;;9966.0;0.0
yf_ZS=F_d8;10400;INTARIAN_PEPPER_ROOT;11523;8;11521;18;;;11529;9;11532;24;;;11526.0;0.0
yf_ZS=F_d8;10500;ASH_COATED_OSMIUM;9963;13;9961;22;;;9969;12;9973;27;;;9966.0;0.0
yf_ZS=F_d8;10500;INTARIAN_PEPPER_ROOT;11525;15;11521;23;;;11532;17;11535;16;;;11528.5;0.0
yf_ZS=F_d8;10600;ASH_COATED_OSMIUM;9957;12;9954;17;;;9976;21;9979;25;;;9966.5;0.0
yf_ZS=F_d8;10600;INTARIAN_PEPPER_ROOT;11529;13;11527;19;;;11535;10;11538;18;;;11532.0;0.0
yf_ZS=F_d8;10700;ASH_COATED_OSMIUM;9964;13;9962;17;;;9970;21;9973;27;;;9967.0;0.0
yf_ZS=F_d8;10700;INTARIAN_PEPPER_ROOT;11515;14;11513;16;;;11557;18;11560;25;;;11536.0;0.0
yf_ZS=F_d8;10800;ASH_COATED_OSMIUM;9963;15;9961;30;;;9969;18;9972;17;;;9966.0;0.0
yf_ZS=F_d8;10800;INTARIAN_PEPPER_ROOT;11535;16;11531;16;;;11543;18;11546;14;;;11539.0;0.0
yf_ZS=F_d8;10900;ASH_COATED_OSMIUM;9963;14;9960;31;;;9969;15;9972;13;;;9966.0;0.0
yf_ZS=F_d8;10900;INTARIAN_PEPPER_ROOT;11540;9;11538;25;;;11546;6;11548;19;;;11543.0;0.0
yf_ZS=F_d8;11000;ASH_COATED_OSMIUM;9964;13;9961;24;;;9970;15;9974;14;;;9967.0;0.0
yf_ZS=F_d8;11000;INTARIAN_PEPPER_ROOT;11534;18;11531;15;;;11559;11;11562;21;;;11546.5;0.0
yf_ZS=F_d8;11100;ASH_COATED_OSMIUM;9959;17;9957;20;;;9973;18;9977;20;;;9966.0;0.0
yf_ZS=F_d8;11100;INTARIAN_PEPPER_ROOT;11547;19;11543;16;;;11553;25;11557;18;;;11550.0;0.0
yf_ZS=F_d8;11200;ASH_COATED_OSMIUM;9963;12;9961;24;;;9969;16;9972;19;;;9966.0;0.0
yf_ZS=F_d8;11200;INTARIAN_PEPPER_ROOT;11550;15;11547;18;;;11556;21;11560;19;;;11553.0;0.0
yf_ZS=F_d8;11300;ASH_COATED_OSMIUM;9963;16;9959;18;;;9969;15;9972;10;;;9966.0;0.0
yf_ZS=F_d8;11300;INTARIAN_PEPPER_ROOT;11554;26;11552;22;;;11560;9;11564;20;;;11557.0;0.0
yf_ZS=F_d8;11400;ASH_COATED_OSMIUM;9960;9;9957;15;;;9973;12;9977;18;;;9966.5;0.0
yf_ZS=F_d8;11400;INTARIAN_PEPPER_ROOT;11557;19;11555;18;;;11566;12;11568;15;;;11561.5;0.0
yf_ZS=F_d8;11500;ASH_COATED_OSMIUM;9961;12;9959;26;;;9973;22;9976;14;;;9967.0;0.0
yf_ZS=F_d8;11500;INTARIAN_PEPPER_ROOT;11555;21;11553;15;;;11573;7;11576;27;;;11564.0;0.0
yf_ZS=F_d8;11600;ASH_COATED_OSMIUM;9947;12;9944;18;;;9985;5;9987;21;;;9966.0;0.0
yf_ZS=F_d8;11600;INTARIAN_PEPPER_ROOT;11565;8;11561;19;;;11571;17;11573;20;;;11568.0;0.0
yf_ZS=F_d8;11700;ASH_COATED_OSMIUM;9957;17;9953;20;;;9975;19;9977;12;;;9966.0;0.0
yf_ZS=F_d8;11700;INTARIAN_PEPPER_ROOT;11568;14;11565;18;;;11574;16;11578;20;;;11571.0;0.0
yf_ZS=F_d8;11800;ASH_COATED_OSMIUM;9962;21;9960;24;;;9972;20;9974;11;;;9967.0;0.0
yf_ZS=F_d8;11800;INTARIAN_PEPPER_ROOT;11572;7;11568;14;;;11578;14;11581;13;;;11575.0;0.0
yf_ZS=F_d8;11900;ASH_COATED_OSMIUM;9964;19;9960;16;;;9970;15;9973;21;;;9967.0;0.0
yf_ZS=F_d8;11900;INTARIAN_PEPPER_ROOT;11575;24;11573;22;;;11581;15;11583;19;;;11578.0;0.0
yf_ZS=F_d8;12000;ASH_COATED_OSMIUM;9963;8;9959;21;;;9969;15;9973;21;;;9966.0;0.0
yf_ZS=F_d8;12000;INTARIAN_PEPPER_ROOT;11578;12;11576;28;;;11587;6;11590;11;;;11582.5;0.0
yf_ZS=F_d8;12100;ASH_COATED_OSMIUM;9963;10;9960;16;;;9971;16;9975;18;;;9967.0;0.0
yf_ZS=F_d8;12100;INTARIAN_PEPPER_ROOT;11582;16;11580;20;;;11588;13;11590;19;;;11585.0;0.0
yf_ZS=F_d8;12200;ASH_COATED_OSMIUM;9953;28;9951;12;;;9980;9;9982;16;;;9966.5;0.0
yf_ZS=F_d8;12200;INTARIAN_PEPPER_ROOT;11586;17;11584;23;;;11592;15;11594;14;;;11589.0;0.0
yf_ZS=F_d8;12300;ASH_COATED_OSMIUM;9963;16;9959;21;;;9969;19;9972;21;;;9966.0;0.0
yf_ZS=F_d8;12300;INTARIAN_PEPPER_ROOT;11589;15;11585;14;;;11596;17;11600;23;;;11592.5;0.0
yf_ZS=F_d8;12400;ASH_COATED_OSMIUM;9960;16;9956;17;;;9974;15;9978;22;;;9967.0;0.0
yf_ZS=F_d8;12400;INTARIAN_PEPPER_ROOT;11593;6;11591;22;;;11599;17;11603;22;;;11596.0;0.0
yf_ZS=F_d8;12500;ASH_COATED_OSMIUM;9963;20;9960;18;;;9969;9;9973;25;;;9966.0;0.0
yf_ZS=F_d8;12500;INTARIAN_PEPPER_ROOT;11596;11;11594;17;;;11602;5;11604;22;;;11599.0;0.0
yf_ZS=F_d8;12600;ASH_COATED_OSMIUM;9962;5;9959;12;;;9971;12;9975;15;;;9966.5;0.0
yf_ZS=F_d8;12600;INTARIAN_PEPPER_ROOT;11580;12;11578;15;;;11626;21;11628;13;;;11603.0;0.0
yf_ZS=F_d8;12700;ASH_COATED_OSMIUM;9963;7;9959;20;;;9970;17;9974;14;;;9966.5;0.0
yf_ZS=F_d8;12700;INTARIAN_PEPPER_ROOT;11596;13;11593;26;;;11616;13;11620;16;;;11606.0;0.0
yf_ZS=F_d8;12800;ASH_COATED_OSMIUM;9961;11;9958;19;;;9973;25;9975;24;;;9967.0;0.0
yf_ZS=F_d8;12800;INTARIAN_PEPPER_ROOT;11607;13;11605;33;;;11613;17;11615;15;;;11610.0;0.0
yf_ZS=F_d8;12900;ASH_COATED_OSMIUM;9964;19;9961;17;;;9970;21;9972;22;;;9967.0;0.0
yf_ZS=F_d8;12900;INTARIAN_PEPPER_ROOT;11611;12;11608;23;;;11617;20;11619;28;;;11614.0;0.0
yf_ZS=F_d8;13000;ASH_COATED_OSMIUM;9964;18;9962;20;;;9970;21;9972;24;;;9967.0;0.0
yf_ZS=F_d8;13000;INTARIAN_PEPPER_ROOT;11612;5;11608;16;;;11622;12;11625;16;;;11617.0;0.0
yf_ZS=F_d8;13100;ASH_COATED_OSMIUM;9963;16;9959;8;;;9969;20;9972;30;;;9966.0;0.0
yf_ZS=F_d8;13100;INTARIAN_PEPPER_ROOT;11617;23;11614;14;;;11623;11;11626;21;;;11620.0;0.0
yf_ZS=F_d8;13200;ASH_COATED_OSMIUM;9963;18;9960;17;;;9969;7;9973;18;;;9966.0;0.0
yf_ZS=F_d8;13200;INTARIAN_PEPPER_ROOT;11607;5;11603;18;;;11643;15;11645;21;;;11625.0;0.0
yf_ZS=F_d8;13300;ASH_COATED_OSMIUM;9958;9;9956;22;;;9976;10;9978;24;;;9967.0;0.0
yf_ZS=F_d8;13300;INTARIAN_PEPPER_ROOT;11624;10;11621;25;;;11630;9;11634;19;;;11627.0;0.0
yf_ZS=F_d8;13400;ASH_COATED_OSMIUM;9953;14;9950;17;;;9979;11;9982;17;;;9966.0;0.0
yf_ZS=F_d8;13400;INTARIAN_PEPPER_ROOT;11628;11;11625;24;;;11634;14;11636;21;;;11631.0;0.0
yf_ZS=F_d8;13500;ASH_COATED_OSMIUM;9960;9;9957;16;;;9974;22;9977;30;;;9967.0;0.0
yf_ZS=F_d8;13500;INTARIAN_PEPPER_ROOT;11632;18;11630;16;;;11638;19;11642;27;;;11635.0;0.0
yf_ZS=F_d8;13600;ASH_COATED_OSMIUM;9964;14;9962;20;;;9970;17;9972;17;;;9967.0;0.0
yf_ZS=F_d8;13600;INTARIAN_PEPPER_ROOT;11635;9;11631;12;;;11641;19;11644;20;;;11638.0;0.0
yf_ZS=F_d8;13700;ASH_COATED_OSMIUM;9964;22;9960;24;;;9970;19;9974;26;;;9967.0;0.0
yf_ZS=F_d8;13700;INTARIAN_PEPPER_ROOT;11630;19;11626;17;;;11655;12;11657;15;;;11642.5;0.0
yf_ZS=F_d8;13800;ASH_COATED_OSMIUM;9949;7;9947;10;;;9985;15;9989;21;;;9967.0;0.0
yf_ZS=F_d8;13800;INTARIAN_PEPPER_ROOT;11642;16;11638;14;;;11648;23;11650;18;;;11645.0;0.0
yf_ZS=F_d8;13900;ASH_COATED_OSMIUM;9961;19;9958;16;;;9973;10;9976;19;;;9967.0;0.0
yf_ZS=F_d8;13900;INTARIAN_PEPPER_ROOT;11645;7;11642;16;;;11655;10;11658;13;;;11650.0;0.0
yf_ZS=F_d8;14000;ASH_COATED_OSMIUM;9964;7;9962;20;;;9970;16;9972;19;;;9967.0;0.0
yf_ZS=F_d8;14000;INTARIAN_PEPPER_ROOT;11644;25;11641;19;;;11662;20;11666;18;;;11653.0;0.0
yf_ZS=F_d8;14100;ASH_COATED_OSMIUM;9964;18;9961;16;;;9970;16;9973;22;;;9967.0;0.0
yf_ZS=F_d8;14100;INTARIAN_PEPPER_ROOT;11649;17;11647;21;;;11662;16;11665;23;;;11655.5;0.0
yf_ZS=F_d8;14200;ASH_COATED_OSMIUM;9955;13;9951;18;;;9978;15;9981;15;;;9966.5;0.0
yf_ZS=F_d8;14200;INTARIAN_PEPPER_ROOT;11656;13;11652;19;;;11662;13;11666;23;;;11659.0;0.0
yf_ZS=F_d8;14300;ASH_COATED_OSMIUM;9964;7;9961;16;;;9970;13;9972;12;;;9967.0;0.0
yf_ZS=F_d8;14300;INTARIAN_PEPPER_ROOT;11660;18;11657;23;;;11666;13;11669;22;;;11663.0;0.0
yf_ZS=F_d8;14400;ASH_COATED_OSMIUM;9964;24;9962;19;;;9970;9;9972;28;;;9967.0;0.0
yf_ZS=F_d8;14400;INTARIAN_PEPPER_ROOT;11664;12;11661;8;;;11670;12;11674;16;;;11667.0;0.0
yf_ZS=F_d8;14500;ASH_COATED_OSMIUM;9964;14;9961;12;;;9970;23;9974;26;;;9967.0;0.0
yf_ZS=F_d8;14500;INTARIAN_PEPPER_ROOT;11667;21;11665;21;;;11673;21;11677;15;;;11670.0;0.0
yf_ZS=F_d8;14600;ASH_COATED_OSMIUM;9955;5;9953;24;;;9979;11;9983;8;;;9967.0;0.0
yf_ZS=F_d8;14600;INTARIAN_PEPPER_ROOT;11662;13;11660;8;;;11686;5;11690;20;;;11674.0;0.0
yf_ZS=F_d8;14700;ASH_COATED_OSMIUM;9964;10;9960;23;;;9970;7;9974;21;;;9967.0;0.0
yf_ZS=F_d8;14700;INTARIAN_PEPPER_ROOT;11665;5;11661;16;;;11689;7;11691;18;;;11677.0;0.0
yf_ZS=F_d8;14800;ASH_COATED_OSMIUM;9962;23;9959;17;;;9972;10;9976;25;;;9967.0;0.0
yf_ZS=F_d8;14800;INTARIAN_PEPPER_ROOT;11678;10;11674;20;;;11684;17;11687;18;;;11681.0;0.0
yf_ZS=F_d8;14900;ASH_COATED_OSMIUM;9964;23;9962;21;;;9970;18;9973;21;;;9967.0;0.0
yf_ZS=F_d8;14900;INTARIAN_PEPPER_ROOT;11676;7;11673;16;;;11692;8;11695;24;;;11684.0;0.0
yf_ZS=F_d8;15000;ASH_COATED_OSMIUM;9961;6;9959;10;;;9973;11;9977;21;;;9967.0;0.0
yf_ZS=F_d8;15000;INTARIAN_PEPPER_ROOT;11685;14;11682;19;;;11691;11;11695;15;;;11688.0;0.0
yf_ZS=F_d8;15100;ASH_COATED_OSMIUM;9964;23;9961;21;;;9970;11;9973;17;;;9967.0;0.0
yf_ZS=F_d8;15100;INTARIAN_PEPPER_ROOT;11688;6;11684;18;;;11694;12;11698;31;;;11691.0;0.0
yf_ZS=F_d8;15200;ASH_COATED_OSMIUM;9961;13;9958;27;;;9974;19;9976;26;;;9967.5;0.0
yf_ZS=F_d8;15200;INTARIAN_PEPPER_ROOT;11692;12;11690;23;;;11698;16;11702;21;;;11695.0;0.0
yf_ZS=F_d8;15300;ASH_COATED_OSMIUM;9964;20;9961;28;;;9970;9;9973;32;;;9967.0;0.0
yf_ZS=F_d8;15300;INTARIAN_PEPPER_ROOT;11696;13;11692;15;;;11702;16;11706;17;;;11699.0;0.0
yf_ZS=F_d8;15400;ASH_COATED_OSMIUM;9947;18;9943;17;;;9985;11;9988;15;;;9966.0;0.0
yf_ZS=F_d8;15400;INTARIAN_PEPPER_ROOT;11694;20;11690;17;;;11709;5;11711;17;;;11701.5;0.0
yf_ZS=F_d8;15500;ASH_COATED_OSMIUM;9965;18;9961;18;;;9971;7;9975;16;;;9968.0;0.0
yf_ZS=F_d8;15500;INTARIAN_PEPPER_ROOT;11701;10;11699;29;;;11709;11;11713;19;;;11705.0;0.0
yf_ZS=F_d8;15600;ASH_COATED_OSMIUM;9960;13;9957;24;;;9976;29;9978;17;;;9968.0;0.0
yf_ZS=F_d8;15600;INTARIAN_PEPPER_ROOT;11706;25;11704;29;;;11712;13;11716;16;;;11709.0;0.0
yf_ZS=F_d8;15700;ASH_COATED_OSMIUM;9958;23;9956;24;;;9978;19;9982;25;;;9968.0;0.0
yf_ZS=F_d8;15700;INTARIAN_PEPPER_ROOT;11704;15;11701;20;;;11722;6;11725;14;;;11713.0;0.0
yf_ZS=F_d8;15800;ASH_COATED_OSMIUM;9955;11;9951;24;;;9979;11;9982;17;;;9967.0;0.0
yf_ZS=F_d8;15800;INTARIAN_PEPPER_ROOT;11711;25;11707;20;;;11721;15;11723;17;;;11716.0;0.0
yf_ZS=F_d8;15900;ASH_COATED_OSMIUM;9959;6;9956;19;;;9976;9;9978;15;;;9967.5;0.0
yf_ZS=F_d8;15900;INTARIAN_PEPPER_ROOT;11717;16;11715;21;;;11723;20;11726;15;;;11720.0;0.0
yf_ZS=F_d8;16000;ASH_COATED_OSMIUM;9964;17;9960;22;;;9970;19;9973;19;;;9967.0;0.0
yf_ZS=F_d8;16000;INTARIAN_PEPPER_ROOT;11720;14;11718;24;;;11726;14;11730;26;;;11723.0;0.0
yf_ZS=F_d8;16100;ASH_COATED_OSMIUM;9964;15;9961;16;;;9970;26;9973;21;;;9967.0;0.0
yf_ZS=F_d8;16100;INTARIAN_PEPPER_ROOT;11721;12;11718;15;;;11731;15;11735;23;;;11726.0;0.0
yf_ZS=F_d8;16200;ASH_COATED_OSMIUM;9964;16;9960;18;;;9970;12;9974;25;;;9967.0;0.0
yf_ZS=F_d8;16200;INTARIAN_PEPPER_ROOT;11727;21;11723;18;;;11733;11;11736;20;;;11730.0;0.0
yf_ZS=F_d8;16300;ASH_COATED_OSMIUM;9963;17;9959;24;;;9971;16;9975;21;;;9967.0;0.0
yf_ZS=F_d8;16300;INTARIAN_PEPPER_ROOT;11731;9;11728;29;;;11737;10;11739;14;;;11734.0;0.0
yf_ZS=F_d8;16400;ASH_COATED_OSMIUM;9964;10;9961;8;;;9970;11;9972;17;;;9967.0;0.0
yf_ZS=F_d8;16400;INTARIAN_PEPPER_ROOT;11734;7;11731;11;;;11740;5;11742;22;;;11737.0;0.0
yf_ZS=F_d8;16500;ASH_COATED_OSMIUM;9965;15;9962;22;;;9971;13;9975;11;;;9968.0;0.0
yf_ZS=F_d8;16500;INTARIAN_PEPPER_ROOT;11738;5;11736;23;;;11744;18;11747;24;;;11741.0;0.0
yf_ZS=F_d8;16600;ASH_COATED_OSMIUM;9964;8;9961;22;;;9970;15;9974;22;;;9967.0;0.0
yf_ZS=F_d8;16600;INTARIAN_PEPPER_ROOT;11741;5;11738;24;;;11748;15;11750;17;;;11744.5;0.0
yf_ZS=F_d8;16700;ASH_COATED_OSMIUM;9958;15;9955;13;;;9976;16;9980;23;;;9967.0;0.0
yf_ZS=F_d8;16700;INTARIAN_PEPPER_ROOT;11740;14;11736;20;;;11755;13;11758;23;;;11747.5;0.0
yf_ZS=F_d8;16800;ASH_COATED_OSMIUM;9963;7;9961;21;;;9971;13;9973;16;;;9967.0;0.0
yf_ZS=F_d8;16800;INTARIAN_PEPPER_ROOT;11743;14;11741;23;;;11760;7;11763;10;;;11751.5;0.0
yf_ZS=F_d8;16900;ASH_COATED_OSMIUM;9963;11;9961;16;;;9970;11;9974;16;;;9966.5;0.0
yf_ZS=F_d8;16900;INTARIAN_PEPPER_ROOT;11751;19;11748;20;;;11757;10;11760;11;;;11754.0;0.0
yf_ZS=F_d8;17000;ASH_COATED_OSMIUM;9963;18;9959;14;;;9973;15;9975;18;;;9968.0;0.0
yf_ZS=F_d8;17000;INTARIAN_PEPPER_ROOT;11752;12;11749;16;;;11761;18;11763;11;;;11756.5;0.0
yf_ZS=F_d8;17100;ASH_COATED_OSMIUM;9963;22;9959;29;;;9969;9;9973;19;;;9966.0;0.0
yf_ZS=F_d8;17100;INTARIAN_PEPPER_ROOT;11752;13;11748;13;;;11758;20;11760;22;;;11755.0;0.0
yf_ZS=F_d8;17200;ASH_COATED_OSMIUM;9964;11;9962;21;;;9971;14;9974;13;;;9967.5;0.0
yf_ZS=F_d8;17200;INTARIAN_PEPPER_ROOT;11746;15;11743;17;;;11763;23;11766;20;;;11754.5;0.0
yf_ZS=F_d8;17300;ASH_COATED_OSMIUM;9954;7;9952;17;;;9980;16;9984;18;;;9967.0;0.0
yf_ZS=F_d8;17300;INTARIAN_PEPPER_ROOT;11740;14;11738;22;;;11768;16;11772;17;;;11754.0;0.0
yf_ZS=F_d8;17400;ASH_COATED_OSMIUM;9955;23;9951;18;;;9979;20;9981;18;;;9967.0;0.0
yf_ZS=F_d8;17400;INTARIAN_PEPPER_ROOT;11750;9;11747;26;;;11756;19;11759;8;;;11753.0;0.0
yf_ZS=F_d8;17500;ASH_COATED_OSMIUM;9964;11;9960;34;;;9970;8;9972;24;;;9967.0;0.0
yf_ZS=F_d8;17500;INTARIAN_PEPPER_ROOT;11749;20;11745;23;;;11755;14;11758;19;;;11752.0;0.0
yf_ZS=F_d8;17600;ASH_COATED_OSMIUM;9957;9;9955;25;;;9979;10;9982;16;;;9968.0;0.0
yf_ZS=F_d8;17600;INTARIAN_PEPPER_ROOT;11743;5;11739;19;;;11760;17;11762;13;;;11751.5;0.0
yf_ZS=F_d8;17700;ASH_COATED_OSMIUM;9964;25;9960;29;;;9970;8;9973;17;;;9967.0;0.0
yf_ZS=F_d8;17700;INTARIAN_PEPPER_ROOT;11748;14;11746;22;;;11754;16;11758;15;;;11751.0;0.0
yf_ZS=F_d8;17800;ASH_COATED_OSMIUM;9963;11;9960;17;;;9971;9;9973;26;;;9967.0;0.0
yf_ZS=F_d8;17800;INTARIAN_PEPPER_ROOT;11739;9;11737;21;;;11759;10;11761;26;;;11749.0;0.0
yf_ZS=F_d8;17900;ASH_COATED_OSMIUM;9964;15;9962;22;;;9970;13;9972;18;;;9967.0;0.0
yf_ZS=F_d8;17900;INTARIAN_PEPPER_ROOT;11745;14;11743;17;;;11751;17;11753;20;;;11748.0;0.0
yf_ZS=F_d8;18000;ASH_COATED_OSMIUM;9964;14;9960;10;;;9970;11;9972;12;;;9967.0;0.0
yf_ZS=F_d8;18000;INTARIAN_PEPPER_ROOT;11744;6;11742;17;;;11750;7;11753;24;;;11747.0;0.0
yf_ZS=F_d8;18100;ASH_COATED_OSMIUM;9964;17;9960;20;;;9970;14;9974;24;;;9967.0;0.0
yf_ZS=F_d8;18100;INTARIAN_PEPPER_ROOT;11743;15;11739;21;;;11750;14;11753;18;;;11746.5;0.0
yf_ZS=F_d8;18200;ASH_COATED_OSMIUM;9963;8;9960;25;;;9971;18;9975;25;;;9967.0;0.0
yf_ZS=F_d8;18200;INTARIAN_PEPPER_ROOT;11743;19;11741;16;;;11749;10;11751;15;;;11746.0;0.0
yf_ZS=F_d8;18300;ASH_COATED_OSMIUM;9963;6;9960;19;;;9970;21;9974;21;;;9966.5;0.0
yf_ZS=F_d8;18300;INTARIAN_PEPPER_ROOT;11742;21;11738;12;;;11748;19;11750;19;;;11745.0;0.0
yf_ZS=F_d8;18400;ASH_COATED_OSMIUM;9952;11;9948;20;;;9982;11;9986;16;;;9967.0;0.0
yf_ZS=F_d8;18400;INTARIAN_PEPPER_ROOT;11741;8;11737;13;;;11747;13;11750;21;;;11744.0;0.0
yf_ZS=F_d8;18500;ASH_COATED_OSMIUM;9964;19;9962;10;;;9970;13;9972;23;;;9967.0;0.0
yf_ZS=F_d8;18500;INTARIAN_PEPPER_ROOT;11740;16;11736;18;;;11746;16;11750;12;;;11743.0;0.0
yf_ZS=F_d8;18600;ASH_COATED_OSMIUM;9962;9;9959;15;;;9971;19;9974;23;;;9966.5;0.0
yf_ZS=F_d8;18600;INTARIAN_PEPPER_ROOT;11727;13;11725;13;;;11758;18;11761;21;;;11742.5;0.0
yf_ZS=F_d8;18700;ASH_COATED_OSMIUM;9957;12;9953;18;;;9975;21;9977;16;;;9966.0;0.0
yf_ZS=F_d8;18700;INTARIAN_PEPPER_ROOT;11739;15;11737;23;;;11745;9;11748;8;;;11742.0;0.0
yf_ZS=F_d8;18800;ASH_COATED_OSMIUM;9964;19;9962;22;;;9970;24;9974;21;;;9967.0;0.0
yf_ZS=F_d8;18800;INTARIAN_PEPPER_ROOT;11738;14;11734;20;;;11744;11;11747;16;;;11741.0;0.0
yf_ZS=F_d8;18900;ASH_COATED_OSMIUM;9964;8;9960;22;;;9970;16;9972;22;;;9967.0;0.0
yf_ZS=F_d8;18900;INTARIAN_PEPPER_ROOT;11732;16;11729;19;;;11748;11;11750;17;;;11740.0;0.0
yf_ZS=F_d8;19000;ASH_COATED_OSMIUM;9955;12;9953;15;;;9977;13;9981;11;;;9966.0;0.0
yf_ZS=F_d8;19000;INTARIAN_PEPPER_ROOT;11736;20;11733;27;;;11742;20;11746;15;;;11739.0;0.0
yf_ZS=F_d8;19100;ASH_COATED_OSMIUM;9963;17;9961;18;;;9969;12;9972;26;;;9966.0;0.0
yf_ZS=F_d8;19100;INTARIAN_PEPPER_ROOT;11735;23;11731;20;;;11741;16;11745;23;;;11738.0;0.0
yf_ZS=F_d8;19200;ASH_COATED_OSMIUM;9962;24;9958;19;;;9972;17;9974;26;;;9967.0;0.0
yf_ZS=F_d8;19200;INTARIAN_PEPPER_ROOT;11730;22;11726;12;;;11745;28;11749;18;;;11737.5;0.0
yf_ZS=F_d8;19300;ASH_COATED_OSMIUM;9963;13;9960;19;;;9969;10;9972;17;;;9966.0;0.0
yf_ZS=F_d8;19300;INTARIAN_PEPPER_ROOT;11728;14;11724;27;;;11744;15;11746;24;;;11736.0;0.0
yf_ZS=F_d8;19400;ASH_COATED_OSMIUM;9963;13;9961;9;;;9969;16;9972;17;;;9966.0;0.0
yf_ZS=F_d8;19400;INTARIAN_PEPPER_ROOT;11721;15;11717;20;;;11749;12;11752;15;;;11735.0;0.0
yf_ZS=F_d8;19500;ASH_COATED_OSMIUM;9952;13;9948;18;;;9980;10;9983;18;;;9966.0;0.0
yf_ZS=F_d8;19500;INTARIAN_PEPPER_ROOT;11731;15;11728;18;;;11737;13;11740;17;;;11734.0;0.0
yf_ZS=F_d8;19600;ASH_COATED_OSMIUM;9960;19;9958;20;;;9974;21;9976;11;;;9967.0;0.0
yf_ZS=F_d8;19600;INTARIAN_PEPPER_ROOT;11731;11;11727;23;;;11737;18;11741;13;;;11734.0;0.0
yf_ZS=F_d8;19700;ASH_COATED_OSMIUM;9963;14;9960;22;;;9969;15;9973;13;;;9966.0;0.0
yf_ZS=F_d8;19700;INTARIAN_PEPPER_ROOT;11730;21;11726;22;;;11736;16;11739;17;;;11733.0;0.0
yf_ZS=F_d8;19800;ASH_COATED_OSMIUM;9963;13;9961;21;;;9969;15;9972;21;;;9966.0;0.0
yf_ZS=F_d8;19800;INTARIAN_PEPPER_ROOT;11724;21;11721;22;;;11740;22;11744;24;;;11732.0;0.0
yf_ZS=F_d8;19900;ASH_COATED_OSMIUM;9956;13;9954;20;;;9975;22;9979;21;;;9965.5;0.0
yf_ZS=F_d8;19900;INTARIAN_PEPPER_ROOT;11721;14;11719;16;;;11741;15;11745;11;;;11731.0;0.0
yf_ZS=F_d8;20000;ASH_COATED_OSMIUM;9963;12;9961;31;;;9969;19;9973;26;;;9966.0;0.0
yf_ZS=F_d8;20000;INTARIAN_PEPPER_ROOT;11727;9;11723;17;;;11733;14;11736;23;;;11730.0;0.0
yf_ZS=F_d8;20100;ASH_COATED_OSMIUM;9948;24;9944;17;;;9984;19;9986;17;;;9966.0;0.0
yf_ZS=F_d8;20100;INTARIAN_PEPPER_ROOT;11720;12;11717;13;;;11739;15;11743;23;;;11729.5;0.0
yf_ZS=F_d8;20200;ASH_COATED_OSMIUM;9946;12;9943;22;;;9986;8;9988;17;;;9966.0;0.0
yf_ZS=F_d8;20200;INTARIAN_PEPPER_ROOT;11726;26;11724;29;;;11732;8;11734;19;;;11729.0;0.0
yf_ZS=F_d8;20300;ASH_COATED_OSMIUM;9963;6;9960;24;;;9969;10;9972;19;;;9966.0;0.0
yf_ZS=F_d8;20300;INTARIAN_PEPPER_ROOT;11724;17;11722;35;;;11730;16;11732;26;;;11727.0;0.0
yf_ZS=F_d8;20400;ASH_COATED_OSMIUM;9960;17;9957;20;;;9970;16;9974;12;;;9965.0;0.0
yf_ZS=F_d8;20400;INTARIAN_PEPPER_ROOT;11720;23;11718;15;;;11735;18;11737;20;;;11727.5;0.0
yf_ZS=F_d8;20500;ASH_COATED_OSMIUM;9960;12;9957;17;;;9970;12;9972;17;;;9965.0;0.0
yf_ZS=F_d8;20500;INTARIAN_PEPPER_ROOT;11722;13;11719;24;;;11728;20;11732;31;;;11725.0;0.0
yf_ZS=F_d8;20600;ASH_COATED_OSMIUM;9958;16;9956;25;;;9974;15;9977;20;;;9966.0;0.0
yf_ZS=F_d8;20600;INTARIAN_PEPPER_ROOT;11721;21;11719;21;;;11730;14;11732;24;;;11725.5;0.0
yf_ZS=F_d8;20700;ASH_COATED_OSMIUM;9945;13;9941;21;;;9986;12;9990;26;;;9965.5;0.0
yf_ZS=F_d8;20700;INTARIAN_PEPPER_ROOT;11721;16;11719;21;;;11727;11;11730;24;;;11724.0;0.0
yf_ZS=F_d8;20800;ASH_COATED_OSMIUM;9961;8;9959;22;;;9971;21;9973;24;;;9966.0;0.0
yf_ZS=F_d8;20800;INTARIAN_PEPPER_ROOT;11717;12;11715;14;;;11729;7;11733;17;;;11723.0;0.0
yf_ZS=F_d8;20900;ASH_COATED_OSMIUM;9962;9;9959;26;;;9968;19;9972;27;;;9965.0;0.0
yf_ZS=F_d8;20900;INTARIAN_PEPPER_ROOT;11720;14;11717;25;;;11726;22;11730;19;;;11723.0;0.0
yf_ZS=F_d8;21000;ASH_COATED_OSMIUM;9961;18;9959;16;;;9969;10;9972;22;;;9965.0;0.0
yf_ZS=F_d8;21000;INTARIAN_PEPPER_ROOT;11719;12;11717;16;;;11725;10;11727;22;;;11722.0;0.0
yf_ZS=F_d8;21100;ASH_COATED_OSMIUM;9962;5;9959;21;;;9970;10;9972;20;;;9966.0;0.0
yf_ZS=F_d8;21100;INTARIAN_PEPPER_ROOT;11711;14;11707;31;;;11730;26;11734;20;;;11720.5;0.0
yf_ZS=F_d8;21200;ASH_COATED_OSMIUM;9963;22;9960;14;;;9969;22;9973;14;;;9966.0;0.0
yf_ZS=F_d8;21200;INTARIAN_PEPPER_ROOT;11717;7;11713;21;;;11723;6;11725;22;;;11720.0;0.0
yf_ZS=F_d8;21300;ASH_COATED_OSMIUM;9959;10;9957;16;;;9971;13;9975;21;;;9965.0;0.0
yf_ZS=F_d8;21300;INTARIAN_PEPPER_ROOT;11716;8;11712;24;;;11722;21;11725;30;;;11719.0;0.0
yf_ZS=F_d8;21400;ASH_COATED_OSMIUM;9962;15;9958;22;;;9968;16;9971;22;;;9965.0;0.0
yf_ZS=F_d8;21400;INTARIAN_PEPPER_ROOT;11716;13;11712;23;;;11722;11;11724;15;;;11719.0;0.0
yf_ZS=F_d8;21500;ASH_COATED_OSMIUM;9962;11;9960;13;;;9968;10;9970;10;;;9965.0;0.0
yf_ZS=F_d8;21500;INTARIAN_PEPPER_ROOT;11713;12;11709;13;;;11721;19;11724;13;;;11717.0;0.0
yf_ZS=F_d8;21600;ASH_COATED_OSMIUM;9962;7;9958;23;;;9968;12;9970;26;;;9965.0;0.0
yf_ZS=F_d8;21600;INTARIAN_PEPPER_ROOT;11710;16;11708;27;;;11723;9;11726;19;;;11716.5;0.0
yf_ZS=F_d8;21700;ASH_COATED_OSMIUM;9960;17;9958;13;;;9969;5;9973;24;;;9964.5;0.0
yf_ZS=F_d8;21700;INTARIAN_PEPPER_ROOT;11710;20;11707;19;;;11722;9;11724;21;;;11716.0;0.0
yf_ZS=F_d8;21800;ASH_COATED_OSMIUM;9962;16;9958;18;;;9968;13;9972;22;;;9965.0;0.0
yf_ZS=F_d8;21800;INTARIAN_PEPPER_ROOT;11712;5;11708;21;;;11718;6;11721;19;;;11715.0;0.0
yf_ZS=F_d8;21900;ASH_COATED_OSMIUM;9962;20;9958;27;;;9968;12;9971;23;;;9965.0;0.0
yf_ZS=F_d8;21900;INTARIAN_PEPPER_ROOT;11704;6;11701;24;;;11723;22;11725;25;;;11713.5;0.0
yf_ZS=F_d8;22000;ASH_COATED_OSMIUM;9960;15;9956;24;;;9969;8;9973;21;;;9964.5;0.0
yf_ZS=F_d8;22000;INTARIAN_PEPPER_ROOT;11710;12;11707;21;;;11716;7;11718;35;;;11713.0;0.0
yf_ZS=F_d8;22100;ASH_COATED_OSMIUM;9962;6;9959;23;;;9968;15;9972;15;;;9965.0;0.0
yf_ZS=F_d8;22100;INTARIAN_PEPPER_ROOT;11706;20;11702;19;;;11719;14;11723;17;;;11712.5;0.0
yf_ZS=F_d8;22200;ASH_COATED_OSMIUM;9962;15;9958;12;;;9968;17;9970;16;;;9965.0;0.0
yf_ZS=F_d8;22200;INTARIAN_PEPPER_ROOT;11709;22;11707;23;;;11715;11;11719;16;;;11712.0;0.0
yf_ZS=F_d8;22300;ASH_COATED_OSMIUM;9961;14;9957;18;;;9967;17;9969;15;;;9964.0;0.0
yf_ZS=F_d8;22300;INTARIAN_PEPPER_ROOT;11708;11;11706;14;;;11714;22;11716;8;;;11711.0;0.0
yf_ZS=F_d8;22400;ASH_COATED_OSMIUM;9962;11;9958;24;;;9968;5;9971;20;;;9965.0;0.0
yf_ZS=F_d8;22400;INTARIAN_PEPPER_ROOT;11704;5;11701;20;;;11714;15;11716;19;;;11709.0;0.0
yf_ZS=F_d8;22500;ASH_COATED_OSMIUM;9962;20;9958;17;;;9968;9;9972;18;;;9965.0;0.0
yf_ZS=F_d8;22500;INTARIAN_PEPPER_ROOT;11698;13;11696;18;;;11719;11;11723;21;;;11708.5;0.0
yf_ZS=F_d8;22600;ASH_COATED_OSMIUM;9962;16;9959;21;;;9968;13;9972;16;;;9965.0;0.0
yf_ZS=F_d8;22600;INTARIAN_PEPPER_ROOT;11701;15;11699;20;;;11714;9;11717;27;;;11707.5;0.0
yf_ZS=F_d8;22700;ASH_COATED_OSMIUM;9959;14;9956;17;;;9971;20;9975;21;;;9965.0;0.0
yf_ZS=F_d8;22700;INTARIAN_PEPPER_ROOT;11704;11;11702;20;;;11710;14;11712;15;;;11707.0;0.0
yf_ZS=F_d8;22800;ASH_COATED_OSMIUM;9950;5;9948;18;;;9978;13;9982;15;;;9964.0;0.0
yf_ZS=F_d8;22800;INTARIAN_PEPPER_ROOT;11703;19;11699;21;;;11709;16;11713;14;;;11706.0;0.0
yf_ZS=F_d8;22900;ASH_COATED_OSMIUM;9962;17;9959;21;;;9968;20;9972;13;;;9965.0;0.0
yf_ZS=F_d8;22900;INTARIAN_PEPPER_ROOT;11702;20;11698;15;;;11708;19;11711;15;;;11705.0;0.0
yf_ZS=F_d8;23000;ASH_COATED_OSMIUM;9958;20;9955;24;;;9972;14;9976;11;;;9965.0;0.0
yf_ZS=F_d8;23000;INTARIAN_PEPPER_ROOT;11701;18;11699;18;;;11707;21;11709;18;;;11704.0;0.0
yf_ZS=F_d8;23100;ASH_COATED_OSMIUM;9961;8;9957;24;;;9967;12;9969;23;;;9964.0;0.0
yf_ZS=F_d8;23100;INTARIAN_PEPPER_ROOT;11701;14;11698;13;;;11707;11;11709;8;;;11704.0;0.0
yf_ZS=F_d8;23200;ASH_COATED_OSMIUM;9956;14;9952;16;;;9973;12;9975;27;;;9964.5;0.0
yf_ZS=F_d8;23200;INTARIAN_PEPPER_ROOT;11700;17;11698;24;;;11706;19;11709;26;;;11703.0;0.0
yf_ZS=F_d8;23300;ASH_COATED_OSMIUM;9958;24;9955;15;;;9971;12;9973;26;;;9964.5;0.0
yf_ZS=F_d8;23300;INTARIAN_PEPPER_ROOT;11699;15;11695;8;;;11705;11;11709;28;;;11702.0;0.0
yf_ZS=F_d8;23400;ASH_COATED_OSMIUM;9962;21;9958;23;;;9968;22;9972;16;;;9965.0;0.0
yf_ZS=F_d8;23400;INTARIAN_PEPPER_ROOT;11697;12;11694;31;;;11704;14;11707;16;;;11700.5;0.0
yf_ZS=F_d8;23500;ASH_COATED_OSMIUM;9961;25;9959;28;;;9967;14;9971;25;;;9964.0;0.0
yf_ZS=F_d8;23500;INTARIAN_PEPPER_ROOT;11686;24;11684;22;;;11715;19;11719;13;;;11700.5;0.0
yf_ZS=F_d8;23600;ASH_COATED_OSMIUM;9961;15;9957;25;;;9968;16;9970;15;;;9964.5;0.0
yf_ZS=F_d8;23600;INTARIAN_PEPPER_ROOT;11696;10;11692;10;;;11702;13;11704;15;;;11699.0;0.0
yf_ZS=F_d8;23700;ASH_COATED_OSMIUM;9961;12;9959;20;;;9968;14;9972;17;;;9964.5;0.0
yf_ZS=F_d8;23700;INTARIAN_PEPPER_ROOT;11689;8;11687;28;;;11706;15;11710;20;;;11697.5;0.0
yf_ZS=F_d8;23800;ASH_COATED_OSMIUM;9961;9;9958;21;;;9967;12;9969;28;;;9964.0;0.0
yf_ZS=F_d8;23800;INTARIAN_PEPPER_ROOT;11693;23;11689;17;;;11702;18;11704;22;;;11697.5;0.0
yf_ZS=F_d8;23900;ASH_COATED_OSMIUM;9961;22;9959;19;;;9967;18;9969;26;;;9964.0;0.0
yf_ZS=F_d8;23900;INTARIAN_PEPPER_ROOT;11693;20;11691;20;;;11700;8;11704;17;;;11696.5;0.0
yf_ZS=F_d8;24000;ASH_COATED_OSMIUM;9958;14;9955;21;;;9971;5;9973;15;;;9964.5;0.0
yf_ZS=F_d8;24000;INTARIAN_PEPPER_ROOT;11692;13;11688;22;;;11698;15;11701;19;;;11695.0;0.0
yf_ZS=F_d8;24100;ASH_COATED_OSMIUM;9961;13;9958;28;;;9967;13;9969;32;;;9964.0;0.0
yf_ZS=F_d8;24100;INTARIAN_PEPPER_ROOT;11689;12;11686;25;;;11699;18;11703;15;;;11694.0;0.0
yf_ZS=F_d8;24200;ASH_COATED_OSMIUM;9961;7;9957;21;;;9967;22;9970;26;;;9964.0;0.0
yf_ZS=F_d8;24200;INTARIAN_PEPPER_ROOT;11686;11;11684;14;;;11702;17;11706;21;;;11694.0;0.0
yf_ZS=F_d8;24300;ASH_COATED_OSMIUM;9961;15;9958;15;;;9967;21;9970;20;;;9964.0;0.0
yf_ZS=F_d8;24300;INTARIAN_PEPPER_ROOT;11689;11;11685;20;;;11697;11;11701;17;;;11693.0;0.0
yf_ZS=F_d8;24400;ASH_COATED_OSMIUM;9961;11;9959;20;;;9967;18;9969;11;;;9964.0;0.0
yf_ZS=F_d8;24400;INTARIAN_PEPPER_ROOT;11687;14;11683;20;;;11699;21;11702;16;;;11693.0;0.0
yf_ZS=F_d8;24500;ASH_COATED_OSMIUM;9961;13;9959;24;;;9967;17;9971;21;;;9964.0;0.0
yf_ZS=F_d8;24500;INTARIAN_PEPPER_ROOT;11688;16;11686;12;;;11694;9;11698;22;;;11691.0;0.0
yf_ZS=F_d8;24600;ASH_COATED_OSMIUM;9959;8;9957;17;;;9969;18;9973;20;;;9964.0;0.0
yf_ZS=F_d8;24600;INTARIAN_PEPPER_ROOT;11688;13;11686;21;;;11694;19;11696;22;;;11691.0;0.0
yf_ZS=F_d8;24700;ASH_COATED_OSMIUM;9961;20;9957;23;;;9967;8;9969;20;;;9964.0;0.0
yf_ZS=F_d8;24700;INTARIAN_PEPPER_ROOT;11686;12;11682;13;;;11692;16;11695;20;;;11689.0;0.0
yf_ZS=F_d8;24800;ASH_COATED_OSMIUM;9960;18;9958;10;;;9966;5;9969;24;;;9963.0;0.0
yf_ZS=F_d8;24800;INTARIAN_PEPPER_ROOT;11684;17;11680;23;;;11694;18;11697;15;;;11689.0;0.0
yf_ZS=F_d8;24900;ASH_COATED_OSMIUM;9955;8;9953;20;;;9972;15;9975;14;;;9963.5;0.0
yf_ZS=F_d8;24900;INTARIAN_PEPPER_ROOT;11679;20;11676;17;;;11696;11;11698;22;;;11687.5;0.0
yf_ZS=F_d8;25000;ASH_COATED_OSMIUM;9961;18;9959;23;;;9967;7;9969;12;;;9964.0;0.0
yf_ZS=F_d8;25000;INTARIAN_PEPPER_ROOT;11684;21;11680;8;;;11690;15;11692;27;;;11687.0;0.0
yf_ZS=F_d8;25100;ASH_COATED_OSMIUM;9958;8;9954;18;;;9967;20;9969;18;;;9962.5;0.0
yf_ZS=F_d8;25100;INTARIAN_PEPPER_ROOT;11684;15;11682;21;;;11690;21;11692;16;;;11687.0;0.0
yf_ZS=F_d8;25200;ASH_COATED_OSMIUM;9955;9;9952;19;;;9972;20;9975;16;;;9963.5;0.0
yf_ZS=F_d8;25200;INTARIAN_PEPPER_ROOT;11683;7;11681;19;;;11689;25;11692;16;;;11686.0;0.0
yf_ZS=F_d8;25300;ASH_COATED_OSMIUM;9960;10;9956;15;;;9966;13;9969;24;;;9963.0;0.0
yf_ZS=F_d8;25300;INTARIAN_PEPPER_ROOT;11682;17;11680;24;;;11688;20;11691;20;;;11685.0;0.0
yf_ZS=F_d8;25400;ASH_COATED_OSMIUM;9960;23;9958;18;;;9966;10;9968;27;;;9963.0;0.0
yf_ZS=F_d8;25400;INTARIAN_PEPPER_ROOT;11677;13;11673;17;;;11690;19;11692;26;;;11683.5;0.0
yf_ZS=F_d8;25500;ASH_COATED_OSMIUM;9951;17;9947;17;;;9976;16;9980;14;;;9963.5;0.0
yf_ZS=F_d8;25500;INTARIAN_PEPPER_ROOT;11680;20;11677;14;;;11686;17;11690;23;;;11683.0;0.0
yf_ZS=F_d8;25600;ASH_COATED_OSMIUM;9960;19;9958;19;;;9966;7;9969;12;;;9963.0;0.0
yf_ZS=F_d8;25600;INTARIAN_PEPPER_ROOT;11676;12;11672;22;;;11688;7;11690;14;;;11682.0;0.0
yf_ZS=F_d8;25700;ASH_COATED_OSMIUM;9960;17;9958;24;;;9966;16;9970;19;;;9963.0;0.0
yf_ZS=F_d8;25700;INTARIAN_PEPPER_ROOT;11677;16;11674;19;;;11686;14;11688;21;;;11681.5;0.0
yf_ZS=F_d8;25800;ASH_COATED_OSMIUM;9960;15;9957;15;;;9966;22;9968;19;;;9963.0;0.0
yf_ZS=F_d8;25800;INTARIAN_PEPPER_ROOT;11678;14;11674;26;;;11684;14;11686;25;;;11681.0;0.0
yf_ZS=F_d8;25900;ASH_COATED_OSMIUM;9959;11;9955;18;;;9968;11;9972;13;;;9963.5;0.0
yf_ZS=F_d8;25900;INTARIAN_PEPPER_ROOT;11676;14;11672;15;;;11682;5;11684;16;;;11679.0;0.0
yf_ZS=F_d8;26000;ASH_COATED_OSMIUM;9960;16;9956;26;;;9966;6;9969;30;;;9963.0;0.0
yf_ZS=F_d8;26000;INTARIAN_PEPPER_ROOT;11675;18;11673;29;;;11681;13;11684;22;;;11678.0;0.0
yf_ZS=F_d8;26100;ASH_COATED_OSMIUM;9960;15;9956;35;;;9966;22;9970;25;;;9963.0;0.0
yf_ZS=F_d8;26100;INTARIAN_PEPPER_ROOT;11667;17;11665;19;;;11688;29;11690;19;;;11677.5;0.0
yf_ZS=F_d8;26200;ASH_COATED_OSMIUM;9960;8;9957;17;;;9966;18;9968;28;;;9963.0;0.0
yf_ZS=F_d8;26200;INTARIAN_PEPPER_ROOT;11674;13;11671;23;;;11680;22;11682;21;;;11677.0;0.0
yf_ZS=F_d8;26300;ASH_COATED_OSMIUM;9955;20;9951;24;;;9971;10;9973;18;;;9963.0;0.0
yf_ZS=F_d8;26300;INTARIAN_PEPPER_ROOT;11673;10;11671;30;;;11680;12;11682;18;;;11676.5;0.0
yf_ZS=F_d8;26400;ASH_COATED_OSMIUM;9960;15;9957;14;;;9966;8;9970;20;;;9963.0;0.0
yf_ZS=F_d8;26400;INTARIAN_PEPPER_ROOT;11672;19;11670;19;;;11678;5;11680;12;;;11675.0;0.0
yf_ZS=F_d8;26500;ASH_COATED_OSMIUM;9960;16;9956;13;;;9966;11;9968;25;;;9963.0;0.0
yf_ZS=F_d8;26500;INTARIAN_PEPPER_ROOT;11671;15;11668;20;;;11677;15;11681;21;;;11674.0;0.0
yf_ZS=F_d8;26600;ASH_COATED_OSMIUM;9960;21;9956;18;;;9966;16;9969;22;;;9963.0;0.0
yf_ZS=F_d8;26600;INTARIAN_PEPPER_ROOT;11671;13;11669;28;;;11677;9;11679;13;;;11674.0;0.0
yf_ZS=F_d8;26700;ASH_COATED_OSMIUM;9960;17;9956;22;;;9966;19;9968;19;;;9963.0;0.0
yf_ZS=F_d8;26700;INTARIAN_PEPPER_ROOT;11670;11;11668;11;;;11676;17;11680;19;;;11673.0;0.0
yf_ZS=F_d8;26800;ASH_COATED_OSMIUM;9960;12;9956;20;;;9966;23;9968;20;;;9963.0;0.0
yf_ZS=F_d8;26800;INTARIAN_PEPPER_ROOT;11669;15;11667;22;;;11675;13;11677;22;;;11672.0;0.0
yf_ZS=F_d8;26900;ASH_COATED_OSMIUM;9952;16;9948;27;;;9972;8;9974;32;;;9962.0;0.0
yf_ZS=F_d8;26900;INTARIAN_PEPPER_ROOT;11668;11;11666;22;;;11674;8;11676;20;;;11671.0;0.0
yf_ZS=F_d8;27000;ASH_COATED_OSMIUM;9951;13;9947;19;;;9974;12;9977;23;;;9962.5;0.0
yf_ZS=F_d8;27000;INTARIAN_PEPPER_ROOT;11661;7;11658;24;;;11679;10;11681;21;;;11670.0;0.0
yf_ZS=F_d8;27100;ASH_COATED_OSMIUM;9959;15;9956;15;;;9965;19;9967;22;;;9962.0;0.0
yf_ZS=F_d8;27100;INTARIAN_PEPPER_ROOT;11657;27;11654;20;;;11681;5;11685;18;;;11669.0;0.0
yf_ZS=F_d8;27200;ASH_COATED_OSMIUM;9957;15;9954;14;;;9966;15;9969;14;;;9961.5;0.0
yf_ZS=F_d8;27200;INTARIAN_PEPPER_ROOT;11665;15;11661;26;;;11671;9;11673;22;;;11668.0;0.0
yf_ZS=F_d8;27300;ASH_COATED_OSMIUM;9951;20;9949;23;;;9974;20;9978;20;;;9962.5;0.0
yf_ZS=F_d8;27300;INTARIAN_PEPPER_ROOT;11660;11;11656;17;;;11674;12;11676;21;;;11667.0;0.0
yf_ZS=F_d8;27400;ASH_COATED_OSMIUM;9959;14;9956;15;;;9965;10;9968;28;;;9962.0;0.0
yf_ZS=F_d8;27400;INTARIAN_PEPPER_ROOT;11659;19;11655;24;;;11673;10;11675;19;;;11666.0;0.0
yf_ZS=F_d8;27500;ASH_COATED_OSMIUM;9960;19;9958;14;;;9966;9;9968;17;;;9963.0;0.0
yf_ZS=F_d8;27500;INTARIAN_PEPPER_ROOT;11661;10;11659;18;;;11671;17;11674;16;;;11666.0;0.0
yf_ZS=F_d8;27600;ASH_COATED_OSMIUM;9960;17;9958;17;;;9966;21;9969;18;;;9963.0;0.0
yf_ZS=F_d8;27600;INTARIAN_PEPPER_ROOT;11662;13;11658;14;;;11668;11;11670;18;;;11665.0;0.0
yf_ZS=F_d8;27700;ASH_COATED_OSMIUM;9959;17;9956;27;;;9965;8;9968;19;;;9962.0;0.0
yf_ZS=F_d8;27700;INTARIAN_PEPPER_ROOT;11661;25;11658;21;;;11667;8;11670;14;;;11664.0;0.0
yf_ZS=F_d8;27800;ASH_COATED_OSMIUM;9958;15;9956;28;;;9966;14;9968;12;;;9962.0;0.0
yf_ZS=F_d8;27800;INTARIAN_PEPPER_ROOT;11660;15;11658;28;;;11666;13;11669;19;;;11663.0;0.0
yf_ZS=F_d8;27900;ASH_COATED_OSMIUM;9959;12;9957;12;;;9965;16;9968;20;;;9962.0;0.0
yf_ZS=F_d8;27900;INTARIAN_PEPPER_ROOT;11660;15;11656;20;;;11666;18;11668;16;;;11663.0;0.0
yf_ZS=F_d8;28000;ASH_COATED_OSMIUM;9959;17;9955;18;;;9965;21;9967;12;;;9962.0;0.0
yf_ZS=F_d8;28000;INTARIAN_PEPPER_ROOT;11654;16;11652;13;;;11668;21;11671;26;;;11661.0;0.0
yf_ZS=F_d8;28100;ASH_COATED_OSMIUM;9959;5;9957;22;;;9965;22;9968;10;;;9962.0;0.0
yf_ZS=F_d8;28100;INTARIAN_PEPPER_ROOT;11656;22;11652;18;;;11665;17;11667;12;;;11660.5;0.0
yf_ZS=F_d8;28200;ASH_COATED_OSMIUM;9959;13;9955;22;;;9965;12;9969;19;;;9962.0;0.0
yf_ZS=F_d8;28200;INTARIAN_PEPPER_ROOT;11657;15;11653;17;;;11663;15;11666;13;;;11660.0;0.0
yf_ZS=F_d8;28300;ASH_COATED_OSMIUM;9956;13;9953;25;;;9967;20;9971;19;;;9961.5;0.0
yf_ZS=F_d8;28300;INTARIAN_PEPPER_ROOT;11655;23;11652;23;;;11662;15;11666;16;;;11658.5;0.0
yf_ZS=F_d8;28400;ASH_COATED_OSMIUM;9959;13;9956;29;;;9965;13;9968;11;;;9962.0;0.0
yf_ZS=F_d8;28400;INTARIAN_PEPPER_ROOT;11653;8;11650;13;;;11664;13;11666;16;;;11658.5;0.0
yf_ZS=F_d8;28500;ASH_COATED_OSMIUM;9959;17;9956;15;;;9965;23;9968;30;;;9962.0;0.0
yf_ZS=F_d8;28500;INTARIAN_PEPPER_ROOT;11652;9;11649;21;;;11662;10;11665;22;;;11657.0;0.0
yf_ZS=F_d8;28600;ASH_COATED_OSMIUM;9959;23;9955;17;;;9965;16;9968;17;;;9962.0;0.0
yf_ZS=F_d8;28600;INTARIAN_PEPPER_ROOT;11653;18;11649;23;;;11659;18;11661;19;;;11656.0;0.0
yf_ZS=F_d8;28700;ASH_COATED_OSMIUM;9959;18;9955;21;;;9965;9;9967;18;;;9962.0;0.0
yf_ZS=F_d8;28700;INTARIAN_PEPPER_ROOT;11647;24;11645;26;;;11664;14;11668;19;;;11655.5;0.0
yf_ZS=F_d8;28800;ASH_COATED_OSMIUM;9956;5;9952;20;;;9968;22;9971;32;;;9962.0;0.0
yf_ZS=F_d8;28800;INTARIAN_PEPPER_ROOT;11644;19;11640;24;;;11665;15;11668;12;;;11654.5;0.0
yf_ZS=F_d8;28900;ASH_COATED_OSMIUM;9958;18;9956;24;;;9964;18;9966;16;;;9961.0;0.0
yf_ZS=F_d8;28900;INTARIAN_PEPPER_ROOT;11646;6;11643;14;;;11661;10;11663;22;;;11653.5;0.0
yf_ZS=F_d8;29000;ASH_COATED_OSMIUM;9958;17;9955;16;;;9964;15;9968;8;;;9961.0;0.0
yf_ZS=F_d8;29000;INTARIAN_PEPPER_ROOT;11650;19;11646;15;;;11656;11;11659;11;;;11653.0;0.0
yf_ZS=F_d8;29100;ASH_COATED_OSMIUM;9958;11;9955;12;;;9965;20;9967;18;;;9961.5;0.0
yf_ZS=F_d8;29100;INTARIAN_PEPPER_ROOT;11648;20;11645;13;;;11656;19;11659;24;;;11652.0;0.0
yf_ZS=F_d8;29200;ASH_COATED_OSMIUM;9958;12;9956;15;;;9964;22;9968;23;;;9961.0;0.0
yf_ZS=F_d8;29200;INTARIAN_PEPPER_ROOT;11645;25;11641;20;;;11658;13;11662;27;;;11651.5;0.0
yf_ZS=F_d8;29300;ASH_COATED_OSMIUM;9959;19;9956;20;;;9965;17;9967;25;;;9962.0;0.0
yf_ZS=F_d8;29300;INTARIAN_PEPPER_ROOT;11647;16;11645;21;;;11654;18;11656;19;;;11650.5;0.0
yf_ZS=F_d8;29400;ASH_COATED_OSMIUM;9958;14;9954;24;;;9964;19;9967;21;;;9961.0;0.0
yf_ZS=F_d8;29400;INTARIAN_PEPPER_ROOT;11647;10;11645;26;;;11653;15;11655;15;;;11650.0;0.0
yf_ZS=F_d8;29500;ASH_COATED_OSMIUM;9958;20;9955;18;;;9965;8;9969;10;;;9961.5;0.0
yf_ZS=F_d8;29500;INTARIAN_PEPPER_ROOT;11645;11;11642;10;;;11651;11;11653;16;;;11648.0;0.0
yf_ZS=F_d8;29600;ASH_COATED_OSMIUM;9956;14;9953;22;;;9967;15;9969;19;;;9961.5;0.0
yf_ZS=F_d8;29600;INTARIAN_PEPPER_ROOT;11645;17;11641;16;;;11652;18;11654;13;;;11648.5;0.0
yf_ZS=F_d8;29700;ASH_COATED_OSMIUM;9958;13;9956;15;;;9964;22;9968;21;;;9961.0;0.0
yf_ZS=F_d8;29700;INTARIAN_PEPPER_ROOT;11644;25;11642;12;;;11650;14;11653;24;;;11647.0;0.0
yf_ZS=F_d8;29800;ASH_COATED_OSMIUM;9953;10;9949;24;;;9969;16;9973;21;;;9961.0;0.0
yf_ZS=F_d8;29800;INTARIAN_PEPPER_ROOT;11637;16;11634;21;;;11656;17;11660;15;;;11646.5;0.0
yf_ZS=F_d8;29900;ASH_COATED_OSMIUM;9957;13;9955;20;;;9964;15;9968;22;;;9960.5;0.0
yf_ZS=F_d8;29900;INTARIAN_PEPPER_ROOT;11639;19;11635;24;;;11650;15;11653;18;;;11644.5;0.0
yf_ZS=F_d8;30000;ASH_COATED_OSMIUM;9950;11;9948;20;;;9972;13;9974;17;;;9961.0;0.0
yf_ZS=F_d8;30000;INTARIAN_PEPPER_ROOT;11639;17;11637;10;;;11650;24;11654;26;;;11644.5;0.0
yf_ZS=F_d8;30100;ASH_COATED_OSMIUM;9951;14;9948;19;;;9970;18;9974;13;;;9960.5;0.0
yf_ZS=F_d8;30100;INTARIAN_PEPPER_ROOT;11641;12;11638;11;;;11647;16;11650;15;;;11644.0;0.0
yf_ZS=F_d8;30200;ASH_COATED_OSMIUM;9958;19;9956;18;;;9964;12;9967;22;;;9961.0;0.0
yf_ZS=F_d8;30200;INTARIAN_PEPPER_ROOT;11638;15;11636;21;;;11646;12;11650;14;;;11642.0;0.0
yf_ZS=F_d8;30300;ASH_COATED_OSMIUM;9959;13;9956;12;;;9965;14;9969;17;;;9962.0;0.0
yf_ZS=F_d8;30300;INTARIAN_PEPPER_ROOT;11638;22;11635;24;;;11645;21;11649;18;;;11641.5;0.0
yf_ZS=F_d8;30400;ASH_COATED_OSMIUM;9958;17;9954;20;;;9965;9;9967;14;;;9961.5;0.0
yf_ZS=F_d8;30400;INTARIAN_PEPPER_ROOT;11633;17;11629;21;;;11647;19;11650;18;;;11640.0;0.0
yf_ZS=F_d8;30500;ASH_COATED_OSMIUM;9956;15;9953;28;;;9965;15;9968;24;;;9960.5;0.0
yf_ZS=F_d8;30500;INTARIAN_PEPPER_ROOT;11637;16;11633;22;;;11643;16;11645;15;;;11640.0;0.0
yf_ZS=F_d8;30600;ASH_COATED_OSMIUM;9957;11;9953;12;;;9963;5;9966;16;;;9960.0;0.0
yf_ZS=F_d8;30600;INTARIAN_PEPPER_ROOT;11632;14;11629;23;;;11646;13;11649;17;;;11639.0;0.0
yf_ZS=F_d8;30700;ASH_COATED_OSMIUM;9954;14;9950;18;;;9967;17;9971;20;;;9960.5;0.0
yf_ZS=F_d8;30700;INTARIAN_PEPPER_ROOT;11633;12;11630;24;;;11643;11;11647;22;;;11638.0;0.0
yf_ZS=F_d8;30800;ASH_COATED_OSMIUM;9949;14;9945;14;;;9972;18;9976;17;;;9960.5;0.0
yf_ZS=F_d8;30800;INTARIAN_PEPPER_ROOT;11635;15;11632;25;;;11641;22;11643;27;;;11638.0;0.0
yf_ZS=F_d8;30900;ASH_COATED_OSMIUM;9957;16;9954;12;;;9963;11;9966;21;;;9960.0;0.0
yf_ZS=F_d8;30900;INTARIAN_PEPPER_ROOT;11618;17;11615;23;;;11656;10;11659;17;;;11637.0;0.0
yf_ZS=F_d8;31000;ASH_COATED_OSMIUM;9957;12;9955;14;;;9963;8;9967;16;;;9960.0;0.0
yf_ZS=F_d8;31000;INTARIAN_PEPPER_ROOT;11632;11;11628;11;;;11638;20;11640;23;;;11635.0;0.0
yf_ZS=F_d8;31100;ASH_COATED_OSMIUM;9957;25;9953;19;;;9963;8;9966;17;;;9960.0;0.0
yf_ZS=F_d8;31100;INTARIAN_PEPPER_ROOT;11632;14;11630;15;;;11638;21;11640;33;;;11635.0;0.0
yf_ZS=F_d8;31200;ASH_COATED_OSMIUM;9957;15;9953;18;;;9963;21;9967;13;;;9960.0;0.0
yf_ZS=F_d8;31200;INTARIAN_PEPPER_ROOT;11629;19;11627;22;;;11639;19;11641;17;;;11634.0;0.0
yf_ZS=F_d8;31300;ASH_COATED_OSMIUM;9955;12;9953;18;;;9966;12;9969;30;;;9960.5;0.0
yf_ZS=F_d8;31300;INTARIAN_PEPPER_ROOT;11620;16;11616;17;;;11646;13;11650;19;;;11633.0;0.0
yf_ZS=F_d8;31400;ASH_COATED_OSMIUM;9957;23;9953;18;;;9963;16;9966;26;;;9960.0;0.0
yf_ZS=F_d8;31400;INTARIAN_PEPPER_ROOT;11623;20;11621;18;;;11641;17;11643;17;;;11632.0;0.0
yf_ZS=F_d8;31500;ASH_COATED_OSMIUM;9957;10;9955;17;;;9963;9;9966;16;;;9960.0;0.0
yf_ZS=F_d8;31500;INTARIAN_PEPPER_ROOT;11624;19;11622;19;;;11639;12;11641;17;;;11631.5;0.0
yf_ZS=F_d8;31600;ASH_COATED_OSMIUM;9957;12;9953;23;;;9963;11;9965;25;;;9960.0;0.0
yf_ZS=F_d8;31600;INTARIAN_PEPPER_ROOT;11627;18;11624;18;;;11633;17;11635;20;;;11630.0;0.0
yf_ZS=F_d8;31700;ASH_COATED_OSMIUM;9956;12;9952;15;;;9965;19;9969;14;;;9960.5;0.0
yf_ZS=F_d8;31700;INTARIAN_PEPPER_ROOT;11608;25;11604;27;;;11651;17;11653;18;;;11629.5;0.0
yf_ZS=F_d8;31800;ASH_COATED_OSMIUM;9956;14;9954;21;;;9963;5;9966;21;;;9959.5;0.0
yf_ZS=F_d8;31800;INTARIAN_PEPPER_ROOT;11626;12;11623;12;;;11632;22;11636;18;;;11629.0;0.0
yf_ZS=F_d8;31900;ASH_COATED_OSMIUM;9947;21;9944;18;;;9973;10;9976;19;;;9960.0;0.0
yf_ZS=F_d8;31900;INTARIAN_PEPPER_ROOT;11625;13;11621;18;;;11631;6;11635;17;;;11628.0;0.0
yf_ZS=F_d8;32000;ASH_COATED_OSMIUM;9956;13;9953;22;;;9962;9;9965;17;;;9959.0;0.0
yf_ZS=F_d8;32000;INTARIAN_PEPPER_ROOT;11625;22;11623;17;;;11631;18;11635;22;;;11628.0;0.0
yf_ZS=F_d8;32100;ASH_COATED_OSMIUM;9951;14;9948;24;;;9970;18;9972;19;;;9960.5;0.0
yf_ZS=F_d8;32100;INTARIAN_PEPPER_ROOT;11623;16;11620;10;;;11629;11;11633;23;;;11626.0;0.0
yf_ZS=F_d8;32200;ASH_COATED_OSMIUM;9957;11;9955;25;;;9963;17;9966;15;;;9960.0;0.0
yf_ZS=F_d8;32200;INTARIAN_PEPPER_ROOT;11622;15;11620;23;;;11630;12;11632;23;;;11626.0;0.0
yf_ZS=F_d8;32300;ASH_COATED_OSMIUM;9957;19;9954;16;;;9963;8;9967;17;;;9960.0;0.0
yf_ZS=F_d8;32300;INTARIAN_PEPPER_ROOT;11621;22;11618;18;;;11627;18;11630;19;;;11624.0;0.0
yf_ZS=F_d8;32400;ASH_COATED_OSMIUM;9957;19;9955;8;;;9963;19;9967;20;;;9960.0;0.0
yf_ZS=F_d8;32400;INTARIAN_PEPPER_ROOT;11620;18;11617;22;;;11626;15;11630;9;;;11623.0;0.0
yf_ZS=F_d8;32500;ASH_COATED_OSMIUM;9957;13;9955;10;;;9963;19;9967;16;;;9960.0;0.0
yf_ZS=F_d8;32500;INTARIAN_PEPPER_ROOT;11620;12;11617;19;;;11626;9;11628;24;;;11623.0;0.0
yf_ZS=F_d8;32600;ASH_COATED_OSMIUM;9955;10;9953;15;;;9965;23;9969;23;;;9960.0;0.0
yf_ZS=F_d8;32600;INTARIAN_PEPPER_ROOT;11618;15;11616;20;;;11626;14;11628;22;;;11622.0;0.0
yf_ZS=F_d8;32700;ASH_COATED_OSMIUM;9957;9;9953;24;;;9963;19;9965;19;;;9960.0;0.0
yf_ZS=F_d8;32700;INTARIAN_PEPPER_ROOT;11618;12;11616;16;;;11624;15;11626;25;;;11621.0;0.0
yf_ZS=F_d8;32800;ASH_COATED_OSMIUM;9953;18;9950;24;;;9968;12;9971;27;;;9960.5;0.0
yf_ZS=F_d8;32800;INTARIAN_PEPPER_ROOT;11618;16;11616;13;;;11624;18;11626;13;;;11621.0;0.0
yf_ZS=F_d8;32900;ASH_COATED_OSMIUM;9953;14;9949;19;;;9968;16;9971;21;;;9960.5;0.0
yf_ZS=F_d8;32900;INTARIAN_PEPPER_ROOT;11616;11;11612;23;;;11622;15;11626;24;;;11619.0;0.0
yf_ZS=F_d8;33000;ASH_COATED_OSMIUM;9957;16;9953;22;;;9963;17;9966;18;;;9960.0;0.0
yf_ZS=F_d8;33000;INTARIAN_PEPPER_ROOT;11615;5;11611;20;;;11621;11;11625;20;;;11618.0;0.0
yf_ZS=F_d8;33100;ASH_COATED_OSMIUM;9957;5;9953;19;;;9963;18;9965;20;;;9960.0;0.0
yf_ZS=F_d8;33100;INTARIAN_PEPPER_ROOT;11607;14;11605;20;;;11627;22;11631;22;;;11617.0;0.0
yf_ZS=F_d8;33200;ASH_COATED_OSMIUM;9957;18;9953;14;;;9963;13;9966;25;;;9960.0;0.0
yf_ZS=F_d8;33200;INTARIAN_PEPPER_ROOT;11614;5;11612;23;;;11620;17;11624;21;;;11617.0;0.0
yf_ZS=F_d8;33300;ASH_COATED_OSMIUM;9957;12;9954;25;;;9963;12;9965;25;;;9960.0;0.0
yf_ZS=F_d8;33300;INTARIAN_PEPPER_ROOT;11610;17;11607;21;;;11621;12;11623;12;;;11615.5;0.0
yf_ZS=F_d8;33400;ASH_COATED_OSMIUM;9956;17;9952;25;;;9962;20;9965;20;;;9959.0;0.0
yf_ZS=F_d8;33400;INTARIAN_PEPPER_ROOT;11612;15;11608;13;;;11618;5;11622;23;;;11615.0;0.0
yf_ZS=F_d8;33500;ASH_COATED_OSMIUM;9957;12;9954;18;;;9963;18;9966;20;;;9960.0;0.0
yf_ZS=F_d8;33500;INTARIAN_PEPPER_ROOT;11611;15;11609;12;;;11617;8;11620;21;;;11614.0;0.0
yf_ZS=F_d8;33600;ASH_COATED_OSMIUM;9957;19;9955;22;;;9963;12;9967;22;;;9960.0;0.0
yf_ZS=F_d8;33600;INTARIAN_PEPPER_ROOT;11610;8;11606;17;;;11616;18;11619;9;;;11613.0;0.0
yf_ZS=F_d8;33700;ASH_COATED_OSMIUM;9956;5;9952;12;;;9962;11;9964;18;;;9959.0;0.0
yf_ZS=F_d8;33700;INTARIAN_PEPPER_ROOT;11609;18;11605;17;;;11615;12;11619;19;;;11612.0;0.0
yf_ZS=F_d8;33800;ASH_COATED_OSMIUM;9956;8;9953;18;;;9962;14;9965;14;;;9959.0;0.0
yf_ZS=F_d8;33800;INTARIAN_PEPPER_ROOT;11600;20;11597;13;;;11623;17;11627;22;;;11611.5;0.0
yf_ZS=F_d8;33900;ASH_COATED_OSMIUM;9956;16;9952;16;;;9962;15;9966;21;;;9959.0;0.0
yf_ZS=F_d8;33900;INTARIAN_PEPPER_ROOT;11607;5;11605;21;;;11613;11;11616;22;;;11610.0;0.0
yf_ZS=F_d8;34000;ASH_COATED_OSMIUM;9952;10;9948;24;;;9966;14;9968;17;;;9959.0;0.0
yf_ZS=F_d8;34000;INTARIAN_PEPPER_ROOT;11599;19;11596;19;;;11616;25;11618;8;;;11607.5;0.0
yf_ZS=F_d8;34100;ASH_COATED_OSMIUM;9955;8;9951;23;;;9961;24;9965;31;;;9958.0;0.0
yf_ZS=F_d8;34100;INTARIAN_PEPPER_ROOT;11601;18;11598;21;;;11607;22;11610;9;;;11604.0;0.0
yf_ZS=F_d8;34200;ASH_COATED_OSMIUM;9956;14;9954;22;;;9963;6;9965;14;;;9959.5;0.0
yf_ZS=F_d8;34200;INTARIAN_PEPPER_ROOT;11597;21;11594;21;;;11604;20;11608;18;;;11600.5;0.0
yf_ZS=F_d8;34300;ASH_COATED_OSMIUM;9956;19;9952;19;;;9962;19;9965;24;;;9959.0;0.0
yf_ZS=F_d8;34300;INTARIAN_PEPPER_ROOT;11594;12;11590;13;;;11600;22;11602;23;;;11597.0;0.0
yf_ZS=F_d8;34400;ASH_COATED_OSMIUM;9953;10;9950;16;;;9963;11;9966;26;;;9958.0;0.0
yf_ZS=F_d8;34400;INTARIAN_PEPPER_ROOT;11590;20;11587;24;;;11598;13;11601;9;;;11594.0;0.0
yf_ZS=F_d8;34500;ASH_COATED_OSMIUM;9951;16;9947;15;;;9968;13;9970;25;;;9959.5;0.0
yf_ZS=F_d8;34500;INTARIAN_PEPPER_ROOT;11587;13;11584;14;;;11595;17;11597;23;;;11591.0;0.0
yf_ZS=F_d8;34600;ASH_COATED_OSMIUM;9954;19;9952;15;;;9964;10;9968;16;;;9959.0;0.0
yf_ZS=F_d8;34600;INTARIAN_PEPPER_ROOT;11581;14;11579;19;;;11595;18;11598;18;;;11588.0;0.0
yf_ZS=F_d8;34700;ASH_COATED_OSMIUM;9955;16;9953;21;;;9961;20;9963;19;;;9958.0;0.0
yf_ZS=F_d8;34700;INTARIAN_PEPPER_ROOT;11581;15;11579;18;;;11587;17;11591;18;;;11584.0;0.0
yf_ZS=F_d8;34800;ASH_COATED_OSMIUM;9954;9;9951;22;;;9960;11;9963;23;;;9957.0;0.0
yf_ZS=F_d8;34800;INTARIAN_PEPPER_ROOT;11578;15;11576;24;;;11584;23;11587;24;;;11581.0;0.0
yf_ZS=F_d8;34900;ASH_COATED_OSMIUM;9953;17;9949;17;;;9962;14;9965;29;;;9957.5;0.0
yf_ZS=F_d8;34900;INTARIAN_PEPPER_ROOT;11575;15;11573;22;;;11581;25;11585;21;;;11578.0;0.0
yf_ZS=F_d8;35000;ASH_COATED_OSMIUM;9948;16;9944;21;;;9966;9;9969;23;;;9957.0;0.0
yf_ZS=F_d8;35000;INTARIAN_PEPPER_ROOT;11566;14;11563;16;;;11583;14;11585;23;;;11574.5;0.0
yf_ZS=F_d8;35100;ASH_COATED_OSMIUM;9954;12;9952;26;;;9960;18;9964;15;;;9957.0;0.0
yf_ZS=F_d8;35100;INTARIAN_PEPPER_ROOT;11565;10;11563;33;;;11577;14;11579;20;;;11571.0;0.0
yf_ZS=F_d8;35200;ASH_COATED_OSMIUM;9954;16;9950;10;;;9960;9;9964;17;;;9957.0;0.0
yf_ZS=F_d8;35200;INTARIAN_PEPPER_ROOT;11563;20;11559;20;;;11573;22;11575;10;;;11568.0;0.0
yf_ZS=F_d8;35300;ASH_COATED_OSMIUM;9950;9;9947;17;;;9963;10;9965;20;;;9956.5;0.0
yf_ZS=F_d8;35300;INTARIAN_PEPPER_ROOT;11561;23;11557;10;;;11567;13;11570;24;;;11564.0;0.0
yf_ZS=F_d8;35400;ASH_COATED_OSMIUM;9954;13;9950;26;;;9960;14;9964;20;;;9957.0;0.0
yf_ZS=F_d8;35400;INTARIAN_PEPPER_ROOT;11558;12;11554;14;;;11564;10;11567;11;;;11561.0;0.0
yf_ZS=F_d8;35500;ASH_COATED_OSMIUM;9953;15;9949;8;;;9959;14;9962;30;;;9956.0;0.0
yf_ZS=F_d8;35500;INTARIAN_PEPPER_ROOT;11555;15;11553;27;;;11561;16;11564;17;;;11558.0;0.0
yf_ZS=F_d8;35600;ASH_COATED_OSMIUM;9953;22;9951;25;;;9959;13;9963;15;;;9956.0;0.0
yf_ZS=F_d8;35600;INTARIAN_PEPPER_ROOT;11552;14;11549;15;;;11558;17;11561;11;;;11555.0;0.0
yf_ZS=F_d8;35700;ASH_COATED_OSMIUM;9953;9;9950;18;;;9959;15;9963;21;;;9956.0;0.0
yf_ZS=F_d8;35700;INTARIAN_PEPPER_ROOT;11549;5;11546;23;;;11555;14;11557;23;;;11552.0;0.0
yf_ZS=F_d8;35800;ASH_COATED_OSMIUM;9953;25;9951;18;;;9959;17;9961;14;;;9956.0;0.0
yf_ZS=F_d8;35800;INTARIAN_PEPPER_ROOT;11541;11;11538;16;;;11555;20;11558;18;;;11548.0;0.0
yf_ZS=F_d8;35900;ASH_COATED_OSMIUM;9950;14;9948;17;;;9962;16;9964;19;;;9956.0;0.0
yf_ZS=F_d8;35900;INTARIAN_PEPPER_ROOT;11539;22;11537;12;;;11552;16;11555;17;;;11545.5;0.0
yf_ZS=F_d8;36000;ASH_COATED_OSMIUM;9946;15;9944;22;;;9964;19;9968;18;;;9955.0;0.0
yf_ZS=F_d8;36000;INTARIAN_PEPPER_ROOT;11538;9;11536;12;;;11547;9;11549;25;;;11542.5;0.0
yf_ZS=F_d8;36100;ASH_COATED_OSMIUM;9947;21;9943;19;;;9963;6;9967;21;;;9955.0;0.0
yf_ZS=F_d8;36100;INTARIAN_PEPPER_ROOT;11536;13;11533;20;;;11542;15;11545;11;;;11539.0;0.0
yf_ZS=F_d8;36200;ASH_COATED_OSMIUM;9950;14;9947;23;;;9960;9;9962;23;;;9955.0;0.0
yf_ZS=F_d8;36200;INTARIAN_PEPPER_ROOT;11532;15;11529;27;;;11538;14;11542;23;;;11535.0;0.0
yf_ZS=F_d8;36300;ASH_COATED_OSMIUM;9947;13;9944;16;;;9963;12;9965;20;;;9955.0;0.0
yf_ZS=F_d8;36300;INTARIAN_PEPPER_ROOT;11529;13;11526;13;;;11535;11;11537;28;;;11532.0;0.0
yf_ZS=F_d8;36400;ASH_COATED_OSMIUM;9950;22;9948;19;;;9960;9;9962;20;;;9955.0;0.0
yf_ZS=F_d8;36400;INTARIAN_PEPPER_ROOT;11526;11;11523;20;;;11532;22;11534;20;;;11529.0;0.0
yf_ZS=F_d8;36500;ASH_COATED_OSMIUM;9952;13;9950;23;;;9958;23;9962;18;;;9955.0;0.0
yf_ZS=F_d8;36500;INTARIAN_PEPPER_ROOT;11522;5;11519;17;;;11531;14;11533;18;;;11526.5;0.0
yf_ZS=F_d8;36600;ASH_COATED_OSMIUM;9951;10;9947;13;;;9957;12;9959;18;;;9954.0;0.0
yf_ZS=F_d8;36600;INTARIAN_PEPPER_ROOT;11520;18;11517;19;;;11526;21;11530;22;;;11523.0;0.0
yf_ZS=F_d8;36700;ASH_COATED_OSMIUM;9951;13;9947;15;;;9957;20;9959;21;;;9954.0;0.0
yf_ZS=F_d8;36700;INTARIAN_PEPPER_ROOT;11515;12;11512;25;;;11522;15;11525;15;;;11518.5;0.0
yf_ZS=F_d8;36800;ASH_COATED_OSMIUM;9950;22;9947;20;;;9956;12;9959;21;;;9953.0;0.0
yf_ZS=F_d8;36800;INTARIAN_PEPPER_ROOT;11513;13;11510;30;;;11519;10;11522;26;;;11516.0;0.0
yf_ZS=F_d8;36900;ASH_COATED_OSMIUM;9951;16;9948;19;;;9957;6;9959;12;;;9954.0;0.0
yf_ZS=F_d8;36900;INTARIAN_PEPPER_ROOT;11508;14;11505;23;;;11518;9;11521;19;;;11513.0;0.0
yf_ZS=F_d8;37000;ASH_COATED_OSMIUM;9951;10;9948;25;;;9957;9;9959;22;;;9954.0;0.0
yf_ZS=F_d8;37000;INTARIAN_PEPPER_ROOT;11505;14;11501;20;;;11514;5;11516;28;;;11509.5;0.0
yf_ZS=F_d8;37100;ASH_COATED_OSMIUM;9949;10;9945;22;;;9958;21;9961;21;;;9953.5;0.0
yf_ZS=F_d8;37100;INTARIAN_PEPPER_ROOT;11502;11;11500;25;;;11510;18;11513;12;;;11506.0;0.0
yf_ZS=F_d8;37200;ASH_COATED_OSMIUM;9950;10;9947;17;;;9956;13;9960;12;;;9953.0;0.0
yf_ZS=F_d8;37200;INTARIAN_PEPPER_ROOT;11495;16;11492;31;;;11511;5;11513;18;;;11503.0;0.0
yf_ZS=F_d8;37300;ASH_COATED_OSMIUM;9950;25;9946;19;;;9956;12;9960;15;;;9953.0;0.0
yf_ZS=F_d8;37300;INTARIAN_PEPPER_ROOT;11493;15;11489;20;;;11505;8;11509;10;;;11499.0;0.0
yf_ZS=F_d8;37400;ASH_COATED_OSMIUM;9950;19;9948;13;;;9956;18;9959;15;;;9953.0;0.0
yf_ZS=F_d8;37400;INTARIAN_PEPPER_ROOT;11492;16;11489;23;;;11501;13;11503;19;;;11496.5;0.0
yf_ZS=F_d8;37500;ASH_COATED_OSMIUM;9947;11;9944;23;;;9959;17;9961;16;;;9953.0;0.0
yf_ZS=F_d8;37500;INTARIAN_PEPPER_ROOT;11487;20;11484;20;;;11500;14;11503;24;;;11493.5;0.0
yf_ZS=F_d8;37600;ASH_COATED_OSMIUM;9949;8;9945;25;;;9955;9;9959;8;;;9952.0;0.0
yf_ZS=F_d8;37600;INTARIAN_PEPPER_ROOT;11478;14;11475;23;;;11502;15;11505;23;;;11490.0;0.0
yf_ZS=F_d8;37700;ASH_COATED_OSMIUM;9949;19;9945;22;;;9955;13;9959;21;;;9952.0;0.0
yf_ZS=F_d8;37700;INTARIAN_PEPPER_ROOT;11483;5;11479;19;;;11489;17;11491;20;;;11486.0;0.0
yf_ZS=F_d8;37800;ASH_COATED_OSMIUM;9949;17;9947;24;;;9955;20;9959;22;;;9952.0;0.0
yf_ZS=F_d8;37800;INTARIAN_PEPPER_ROOT;11478;13;11474;24;;;11489;10;11492;28;;;11483.5;0.0
yf_ZS=F_d8;37900;ASH_COATED_OSMIUM;9949;13;9946;29;;;9955;15;9957;17;;;9952.0;0.0
yf_ZS=F_d8;37900;INTARIAN_PEPPER_ROOT;11477;18;11475;25;;;11483;21;11487;19;;;11480.0;0.0
yf_ZS=F_d8;38000;ASH_COATED_OSMIUM;9949;11;9947;11;;;9955;19;9957;19;;;9952.0;0.0
yf_ZS=F_d8;38000;INTARIAN_PEPPER_ROOT;11473;25;11469;13;;;11479;14;11483;11;;;11476.0;0.0
yf_ZS=F_d8;38100;ASH_COATED_OSMIUM;9948;17;9946;19;;;9954;12;9957;18;;;9951.0;0.0
yf_ZS=F_d8;38100;INTARIAN_PEPPER_ROOT;11470;16;11468;22;;;11476;9;11480;17;;;11473.0;0.0
yf_ZS=F_d8;38200;ASH_COATED_OSMIUM;9948;13;9944;22;;;9954;14;9957;25;;;9951.0;0.0
yf_ZS=F_d8;38200;INTARIAN_PEPPER_ROOT;11467;5;11464;21;;;11473;11;11477;22;;;11470.0;0.0
yf_ZS=F_d8;38300;ASH_COATED_OSMIUM;9948;26;9945;16;;;9954;15;9957;24;;;9951.0;0.0
yf_ZS=F_d8;38300;INTARIAN_PEPPER_ROOT;11462;18;11458;21;;;11472;22;11474;28;;;11467.0;0.0
yf_ZS=F_d8;38400;ASH_COATED_OSMIUM;9948;14;9944;22;;;9954;15;9956;26;;;9951.0;0.0
yf_ZS=F_d8;38400;INTARIAN_PEPPER_ROOT;11458;17;11455;21;;;11469;8;11472;18;;;11463.5;0.0
yf_ZS=F_d8;38500;ASH_COATED_OSMIUM;9948;17;9944;27;;;9954;15;9957;14;;;9951.0;0.0
yf_ZS=F_d8;38500;INTARIAN_PEPPER_ROOT;11458;9;11454;18;;;11464;28;11466;20;;;11461.0;0.0
yf_ZS=F_d8;38600;ASH_COATED_OSMIUM;9947;19;9945;22;;;9953;17;9956;17;;;9950.0;0.0
yf_ZS=F_d8;38600;INTARIAN_PEPPER_ROOT;11438;13;11434;11;;;11476;5;11479;19;;;11457.0;0.0
yf_ZS=F_d8;38700;ASH_COATED_OSMIUM;9947;18;9944;21;;;9953;14;9956;24;;;9950.0;0.0
yf_ZS=F_d8;38700;INTARIAN_PEPPER_ROOT;11445;12;11442;17;;;11463;13;11466;20;;;11454.0;0.0
yf_ZS=F_d8;38800;ASH_COATED_OSMIUM;9947;14;9943;27;;;9955;19;9957;21;;;9951.0;0.0
yf_ZS=F_d8;38800;INTARIAN_PEPPER_ROOT;11445;17;11443;19;;;11456;12;11459;12;;;11450.5;0.0
yf_ZS=F_d8;38900;ASH_COATED_OSMIUM;9945;13;9941;16;;;9954;19;9956;29;;;9949.5;0.0
yf_ZS=F_d8;38900;INTARIAN_PEPPER_ROOT;11444;11;11442;10;;;11450;16;11454;21;;;11447.0;0.0
yf_ZS=F_d8;39000;ASH_COATED_OSMIUM;9947;15;9944;23;;;9953;8;9956;30;;;9950.0;0.0
yf_ZS=F_d8;39000;INTARIAN_PEPPER_ROOT;11442;14;11438;12;;;11448;21;11450;27;;;11445.0;0.0
yf_ZS=F_d8;39100;ASH_COATED_OSMIUM;9947;5;9944;28;;;9953;16;9956;24;;;9950.0;0.0
yf_ZS=F_d8;39100;INTARIAN_PEPPER_ROOT;11437;8;11433;27;;;11444;12;11446;17;;;11440.5;0.0
yf_ZS=F_d8;39200;ASH_COATED_OSMIUM;9947;17;9945;28;;;9953;8;9956;20;;;9950.0;0.0
yf_ZS=F_d8;39200;INTARIAN_PEPPER_ROOT;11435;18;11433;9;;;11441;20;11444;23;;;11438.0;0.0
yf_ZS=F_d8;39300;ASH_COATED_OSMIUM;9945;10;9943;16;;;9951;11;9954;12;;;9948.0;0.0
yf_ZS=F_d8;39300;INTARIAN_PEPPER_ROOT;11426;16;11423;21;;;11443;14;11445;13;;;11434.5;0.0
yf_ZS=F_d8;39400;ASH_COATED_OSMIUM;9938;18;9934;14;;;9959;13;9963;24;;;9948.5;0.0
yf_ZS=F_d8;39400;INTARIAN_PEPPER_ROOT;11426;7;11424;22;;;11437;11;11440;14;;;11431.5;0.0
yf_ZS=F_d8;39500;ASH_COATED_OSMIUM;9945;16;9941;13;;;9954;19;9958;20;;;9949.5;0.0
yf_ZS=F_d8;39500;INTARIAN_PEPPER_ROOT;11425;10;11423;13;;;11431;13;11435;22;;;11428.0;0.0
yf_ZS=F_d8;39600;ASH_COATED_OSMIUM;9944;7;9941;29;;;9953;22;9957;16;;;9948.5;0.0
yf_ZS=F_d8;39600;INTARIAN_PEPPER_ROOT;11418;11;11415;17;;;11431;11;11434;14;;;11424.5;0.0
yf_ZS=F_d8;39700;ASH_COATED_OSMIUM;9946;17;9942;14;;;9952;13;9954;23;;;9949.0;0.0
yf_ZS=F_d8;39700;INTARIAN_PEPPER_ROOT;11403;17;11401;24;;;11439;11;11441;14;;;11421.0;0.0
yf_ZS=F_d8;39800;ASH_COATED_OSMIUM;9945;12;9943;23;;;9952;12;9955;20;;;9948.5;0.0
yf_ZS=F_d8;39800;INTARIAN_PEPPER_ROOT;11413;5;11409;17;;;11423;15;11426;26;;;11418.0;0.0
yf_ZS=F_d8;39900;ASH_COATED_OSMIUM;9942;11;9940;21;;;9955;10;9957;30;;;9948.5;0.0
yf_ZS=F_d8;39900;INTARIAN_PEPPER_ROOT;11412;7;11409;24;;;11418;11;11422;16;;;11415.0;0.0
yf_ZS=F_d8;40000;ASH_COATED_OSMIUM;9945;8;9941;19;;;9951;17;9955;20;;;9948.0;0.0
yf_ZS=F_d8;40000;INTARIAN_PEPPER_ROOT;11408;12;11406;19;;;11416;14;11420;18;;;11412.0;0.0
yf_ZS=F_d8;40100;ASH_COATED_OSMIUM;9945;16;9943;25;;;9951;16;9955;8;;;9948.0;0.0
yf_ZS=F_d8;40100;INTARIAN_PEPPER_ROOT;11403;16;11400;22;;;11415;15;11418;17;;;11409.0;0.0
yf_ZS=F_d8;40200;ASH_COATED_OSMIUM;9944;22;9940;19;;;9950;9;9953;22;;;9947.0;0.0
yf_ZS=F_d8;40200;INTARIAN_PEPPER_ROOT;11403;7;11400;13;;;11409;16;11411;17;;;11406.0;0.0
yf_ZS=F_d8;40300;ASH_COATED_OSMIUM;9945;15;9942;24;;;9951;26;9954;33;;;9948.0;0.0
yf_ZS=F_d8;40300;INTARIAN_PEPPER_ROOT;11399;15;11395;20;;;11405;8;11409;27;;;11402.0;0.0
yf_ZS=F_d8;40400;ASH_COATED_OSMIUM;9944;12;9941;15;;;9950;13;9952;20;;;9947.0;0.0
yf_ZS=F_d8;40400;INTARIAN_PEPPER_ROOT;11395;10;11392;21;;;11401;8;11403;23;;;11398.0;0.0
yf_ZS=F_d8;40500;ASH_COATED_OSMIUM;9944;13;9941;14;;;9950;8;9954;21;;;9947.0;0.0
yf_ZS=F_d8;40500;INTARIAN_PEPPER_ROOT;11392;20;11390;17;;;11398;14;11400;16;;;11395.0;0.0
yf_ZS=F_d8;40600;ASH_COATED_OSMIUM;9944;14;9940;11;;;9950;12;9953;14;;;9947.0;0.0
yf_ZS=F_d8;40600;INTARIAN_PEPPER_ROOT;11389;12;11387;25;;;11395;16;11398;31;;;11392.0;0.0
yf_ZS=F_d8;40700;ASH_COATED_OSMIUM;9935;9;9932;18;;;9959;17;9962;9;;;9947.0;0.0
yf_ZS=F_d8;40700;INTARIAN_PEPPER_ROOT;11386;19;11382;17;;;11392;6;11396;23;;;11389.0;0.0
yf_ZS=F_d8;40800;ASH_COATED_OSMIUM;9944;13;9940;9;;;9951;13;9954;17;;;9947.5;0.0
yf_ZS=F_d8;40800;INTARIAN_PEPPER_ROOT;11383;16;11379;12;;;11389;12;11391;23;;;11386.0;0.0
yf_ZS=F_d8;40900;ASH_COATED_OSMIUM;9941;17;9938;25;;;9950;16;9953;29;;;9945.5;0.0
yf_ZS=F_d8;40900;INTARIAN_PEPPER_ROOT;11379;13;11377;21;;;11385;14;11389;14;;;11382.0;0.0
yf_ZS=F_d8;41000;ASH_COATED_OSMIUM;9943;10;9941;20;;;9950;17;9952;18;;;9946.5;0.0
yf_ZS=F_d8;41000;INTARIAN_PEPPER_ROOT;11376;14;11373;11;;;11383;20;11385;25;;;11379.5;0.0
yf_ZS=F_d8;41100;ASH_COATED_OSMIUM;9939;11;9937;29;;;9952;22;9956;12;;;9945.5;0.0
yf_ZS=F_d8;41100;INTARIAN_PEPPER_ROOT;11373;8;11371;15;;;11379;14;11382;19;;;11376.0;0.0
yf_ZS=F_d8;41200;ASH_COATED_OSMIUM;9942;12;9939;19;;;9948;10;9951;30;;;9945.0;0.0
yf_ZS=F_d8;41200;INTARIAN_PEPPER_ROOT;11368;11;11366;21;;;11376;13;11380;21;;;11372.0;0.0
yf_ZS=F_d8;41300;ASH_COATED_OSMIUM;9942;22;9940;17;;;9948;10;9951;22;;;9945.0;0.0
yf_ZS=F_d8;41300;INTARIAN_PEPPER_ROOT;11367;15;11365;21;;;11373;23;11375;17;;;11370.0;0.0
yf_ZS=F_d8;41400;ASH_COATED_OSMIUM;9942;8;9939;18;;;9948;14;9952;19;;;9945.0;0.0
yf_ZS=F_d8;41400;INTARIAN_PEPPER_ROOT;11355;10;11353;18;;;11376;12;11378;17;;;11365.5;0.0
yf_ZS=F_d8;41500;ASH_COATED_OSMIUM;9938;17;9935;35;;;9953;6;9955;27;;;9945.5;0.0
yf_ZS=F_d8;41500;INTARIAN_PEPPER_ROOT;11360;6;11357;27;;;11366;18;11370;16;;;11363.0;0.0
yf_ZS=F_d8;41600;ASH_COATED_OSMIUM;9942;22;9938;24;;;9948;13;9951;20;;;9945.0;0.0
yf_ZS=F_d8;41600;INTARIAN_PEPPER_ROOT;11356;24;11354;20;;;11363;14;11366;15;;;11359.5;0.0
yf_ZS=F_d8;41700;ASH_COATED_OSMIUM;9942;20;9938;16;;;9948;16;9951;22;;;9945.0;0.0
yf_ZS=F_d8;41700;INTARIAN_PEPPER_ROOT;11353;7;11349;27;;;11359;17;11363;25;;;11356.0;0.0
yf_ZS=F_d8;41800;ASH_COATED_OSMIUM;9942;10;9940;22;;;9948;6;9952;25;;;9945.0;0.0
yf_ZS=F_d8;41800;INTARIAN_PEPPER_ROOT;11350;16;11348;17;;;11356;12;11358;14;;;11353.0;0.0
yf_ZS=F_d8;41900;ASH_COATED_OSMIUM;9940;9;9936;15;;;9948;25;9950;18;;;9944.0;0.0
yf_ZS=F_d8;41900;INTARIAN_PEPPER_ROOT;11345;10;11342;20;;;11354;5;11356;16;;;11349.5;0.0
yf_ZS=F_d8;42000;ASH_COATED_OSMIUM;9941;6;9937;21;;;9947;17;9951;20;;;9944.0;0.0
yf_ZS=F_d8;42000;INTARIAN_PEPPER_ROOT;11344;13;11340;23;;;11350;18;11353;13;;;11347.0;0.0
yf_ZS=F_d8;42100;ASH_COATED_OSMIUM;9941;15;9937;22;;;9948;14;9952;9;;;9944.5;0.0
yf_ZS=F_d8;42100;INTARIAN_PEPPER_ROOT;11341;22;11338;35;;;11347;13;11350;20;;;11344.0;0.0
yf_ZS=F_d8;42200;ASH_COATED_OSMIUM;9940;9;9938;17;;;9946;14;9950;26;;;9943.0;0.0
yf_ZS=F_d8;42200;INTARIAN_PEPPER_ROOT;11334;20;11330;19;;;11346;18;11349;18;;;11340.0;0.0
yf_ZS=F_d8;42300;ASH_COATED_OSMIUM;9935;10;9932;25;;;9951;15;9953;9;;;9943.0;0.0
yf_ZS=F_d8;42300;INTARIAN_PEPPER_ROOT;11334;16;11331;25;;;11340;17;11343;27;;;11337.0;0.0
yf_ZS=F_d8;42400;ASH_COATED_OSMIUM;9941;8;9939;12;;;9947;6;9950;30;;;9944.0;0.0
yf_ZS=F_d8;42400;INTARIAN_PEPPER_ROOT;11331;25;11328;25;;;11337;22;11341;21;;;11334.0;0.0
yf_ZS=F_d8;42500;ASH_COATED_OSMIUM;9941;14;9937;12;;;9947;10;9951;30;;;9944.0;0.0
yf_ZS=F_d8;42500;INTARIAN_PEPPER_ROOT;11324;17;11322;28;;;11336;7;11339;14;;;11330.0;0.0
yf_ZS=F_d8;42600;ASH_COATED_OSMIUM;9940;19;9936;18;;;9946;12;9948;20;;;9943.0;0.0
yf_ZS=F_d8;42600;INTARIAN_PEPPER_ROOT;11324;16;11322;14;;;11330;21;11332;29;;;11327.0;0.0
yf_ZS=F_d8;42700;ASH_COATED_OSMIUM;9939;22;9935;18;;;9945;17;9947;22;;;9942.0;0.0
yf_ZS=F_d8;42700;INTARIAN_PEPPER_ROOT;11304;7;11300;23;;;11344;12;11347;20;;;11324.0;0.0
yf_ZS=F_d8;42800;ASH_COATED_OSMIUM;9940;7;9936;13;;;9946;20;9950;25;;;9943.0;0.0
yf_ZS=F_d8;42800;INTARIAN_PEPPER_ROOT;11317;14;11313;24;;;11323;9;11327;19;;;11320.0;0.0
yf_ZS=F_d8;42900;ASH_COATED_OSMIUM;9939;15;9935;20;;;9945;14;9947;23;;;9942.0;0.0
yf_ZS=F_d8;42900;INTARIAN_PEPPER_ROOT;11315;11;11311;18;;;11321;21;11323;17;;;11318.0;0.0
yf_ZS=F_d8;43000;ASH_COATED_OSMIUM;9932;14;9929;12;;;9950;13;9953;35;;;9941.0;0.0
yf_ZS=F_d8;43000;INTARIAN_PEPPER_ROOT;11311;10;11309;19;;;11317;18;11319;23;;;11314.0;0.0
yf_ZS=F_d8;43100;ASH_COATED_OSMIUM;9939;14;9936;20;;;9945;30;9948;26;;;9942.0;0.0
yf_ZS=F_d8;43100;INTARIAN_PEPPER_ROOT;11308;12;11305;19;;;11314;11;11318;17;;;11311.0;0.0
yf_ZS=F_d8;43200;ASH_COATED_OSMIUM;9937;5;9935;18;;;9946;16;9950;17;;;9941.5;0.0
yf_ZS=F_d8;43200;INTARIAN_PEPPER_ROOT;11304;18;11300;17;;;11310;18;11313;26;;;11307.0;0.0
yf_ZS=F_d8;43300;ASH_COATED_OSMIUM;9939;16;9936;23;;;9945;9;9948;19;;;9942.0;0.0
yf_ZS=F_d8;43300;INTARIAN_PEPPER_ROOT;11301;11;11299;13;;;11307;13;11311;15;;;11304.0;0.0
yf_ZS=F_d8;43400;ASH_COATED_OSMIUM;9939;12;9937;33;;;9945;16;9949;22;;;9942.0;0.0
yf_ZS=F_d8;43400;INTARIAN_PEPPER_ROOT;11295;14;11293;17;;;11306;21;11310;25;;;11300.5;0.0
yf_ZS=F_d8;43500;ASH_COATED_OSMIUM;9939;10;9935;21;;;9945;17;9947;16;;;9942.0;0.0
yf_ZS=F_d8;43500;INTARIAN_PEPPER_ROOT;11292;15;11288;18;;;11304;17;11307;26;;;11298.0;0.0
yf_ZS=F_d8;43600;ASH_COATED_OSMIUM;9933;11;9930;10;;;9950;20;9954;8;;;9941.5;0.0
yf_ZS=F_d8;43600;INTARIAN_PEPPER_ROOT;11287;10;11285;13;;;11302;20;11304;19;;;11294.5;0.0
yf_ZS=F_d8;43700;ASH_COATED_OSMIUM;9933;15;9931;20;;;9949;17;9953;20;;;9941.0;0.0
yf_ZS=F_d8;43700;INTARIAN_PEPPER_ROOT;11288;19;11286;27;;;11294;11;11298;18;;;11291.0;0.0
yf_ZS=F_d8;43800;ASH_COATED_OSMIUM;9937;9;9933;23;;;9943;22;9947;16;;;9940.0;0.0
yf_ZS=F_d8;43800;INTARIAN_PEPPER_ROOT;11284;19;11282;22;;;11292;25;11295;21;;;11288.0;0.0
yf_ZS=F_d8;43900;ASH_COATED_OSMIUM;9938;5;9936;18;;;9944;21;9946;15;;;9941.0;0.0
yf_ZS=F_d8;43900;INTARIAN_PEPPER_ROOT;11281;12;11277;15;;;11289;11;11291;12;;;11285.0;0.0
yf_ZS=F_d8;44000;ASH_COATED_OSMIUM;9937;5;9933;20;;;9943;10;9945;13;;;9940.0;0.0
yf_ZS=F_d8;44000;INTARIAN_PEPPER_ROOT;11272;10;11270;33;;;11292;24;11296;22;;;11282.0;0.0
yf_ZS=F_d8;44100;ASH_COATED_OSMIUM;9929;19;9925;19;;;9953;21;9955;17;;;9941.0;0.0
yf_ZS=F_d8;44100;INTARIAN_PEPPER_ROOT;11275;7;11272;24;;;11281;8;11283;15;;;11278.0;0.0
yf_ZS=F_d8;44200;ASH_COATED_OSMIUM;9937;8;9935;24;;;9943;20;9945;29;;;9940.0;0.0
yf_ZS=F_d8;44200;INTARIAN_PEPPER_ROOT;11270;11;11266;13;;;11279;18;11282;24;;;11274.5;0.0
yf_ZS=F_d8;44300;ASH_COATED_OSMIUM;9936;8;9932;16;;;9943;12;9947;27;;;9939.5;0.0
yf_ZS=F_d8;44300;INTARIAN_PEPPER_ROOT;11268;15;11266;23;;;11274;5;11276;27;;;11271.0;0.0
yf_ZS=F_d8;44400;ASH_COATED_OSMIUM;9924;12;9922;17;;;9954;20;9956;22;;;9939.0;0.0
yf_ZS=F_d8;44400;INTARIAN_PEPPER_ROOT;11265;17;11262;12;;;11271;17;11274;16;;;11268.0;0.0
yf_ZS=F_d8;44500;ASH_COATED_OSMIUM;9936;16;9934;26;;;9942;11;9944;19;;;9939.0;0.0
yf_ZS=F_d8;44500;INTARIAN_PEPPER_ROOT;11262;13;11258;22;;;11268;14;11271;23;;;11265.0;0.0
yf_ZS=F_d8;44600;ASH_COATED_OSMIUM;9937;23;9934;22;;;9943;16;9947;18;;;9940.0;0.0
yf_ZS=F_d8;44600;INTARIAN_PEPPER_ROOT;11259;10;11257;18;;;11265;10;11268;9;;;11262.0;0.0
yf_ZS=F_d8;44700;ASH_COATED_OSMIUM;9937;20;9935;14;;;9943;15;9947;17;;;9940.0;0.0
yf_ZS=F_d8;44700;INTARIAN_PEPPER_ROOT;11256;20;11252;16;;;11262;14;11265;12;;;11259.0;0.0
yf_ZS=F_d8;44800;ASH_COATED_OSMIUM;9936;10;9933;21;;;9943;17;9947;18;;;9939.5;0.0
yf_ZS=F_d8;44800;INTARIAN_PEPPER_ROOT;11252;12;11250;22;;;11259;19;11261;24;;;11255.5;0.0
yf_ZS=F_d8;44900;ASH_COATED_OSMIUM;9932;20;9930;22;;;9947;13;9950;21;;;9939.5;0.0
yf_ZS=F_d8;44900;INTARIAN_PEPPER_ROOT;11235;12;11233;25;;;11267;20;11269;27;;;11251.0;0.0
yf_ZS=F_d8;45000;ASH_COATED_OSMIUM;9935;28;9933;28;;;9941;17;9944;15;;;9938.0;0.0
yf_ZS=F_d8;45000;INTARIAN_PEPPER_ROOT;11246;9;11242;17;;;11252;6;11255;21;;;11249.0;0.0
yf_ZS=F_d8;45100;ASH_COATED_OSMIUM;9935;18;9931;17;;;9941;11;9944;16;;;9938.0;0.0
yf_ZS=F_d8;45100;INTARIAN_PEPPER_ROOT;11242;23;11240;14;;;11248;17;11250;24;;;11245.0;0.0
yf_ZS=F_d8;45200;ASH_COATED_OSMIUM;9935;15;9933;12;;;9941;11;9945;19;;;9938.0;0.0
yf_ZS=F_d8;45200;INTARIAN_PEPPER_ROOT;11239;14;11235;22;;;11245;20;11248;15;;;11242.0;0.0
yf_ZS=F_d8;45300;ASH_COATED_OSMIUM;9935;6;9931;22;;;9941;12;9943;22;;;9938.0;0.0
yf_ZS=F_d8;45300;INTARIAN_PEPPER_ROOT;11236;17;11233;26;;;11243;11;11246;13;;;11239.5;0.0
yf_ZS=F_d8;45400;ASH_COATED_OSMIUM;9935;8;9932;29;;;9941;20;9944;26;;;9938.0;0.0
yf_ZS=F_d8;45400;INTARIAN_PEPPER_ROOT;11223;11;11220;25;;;11248;16;11252;19;;;11235.5;0.0
yf_ZS=F_d8;45500;ASH_COATED_OSMIUM;9935;18;9931;21;;;9941;13;9944;17;;;9938.0;0.0
yf_ZS=F_d8;45500;INTARIAN_PEPPER_ROOT;11229;17;11226;22;;;11235;12;11237;25;;;11232.0;0.0
yf_ZS=F_d8;45600;ASH_COATED_OSMIUM;9934;14;9932;12;;;9940;19;9943;23;;;9937.0;0.0
yf_ZS=F_d8;45600;INTARIAN_PEPPER_ROOT;11225;17;11221;19;;;11233;21;11237;19;;;11229.0;0.0
yf_ZS=F_d8;45700;ASH_COATED_OSMIUM;9930;13;9928;17;;;9945;11;9947;23;;;9937.5;0.0
yf_ZS=F_d8;45700;INTARIAN_PEPPER_ROOT;11223;17;11220;17;;;11229;23;11231;19;;;11226.0;0.0
yf_ZS=F_d8;45800;ASH_COATED_OSMIUM;9934;5;9932;21;;;9940;19;9942;26;;;9937.0;0.0
yf_ZS=F_d8;45800;INTARIAN_PEPPER_ROOT;11220;14;11217;17;;;11226;13;11228;23;;;11223.0;0.0
yf_ZS=F_d8;45900;ASH_COATED_OSMIUM;9934;20;9932;16;;;9940;7;9944;15;;;9937.0;0.0
yf_ZS=F_d8;45900;INTARIAN_PEPPER_ROOT;11216;21;11213;26;;;11222;15;11224;18;;;11219.0;0.0
yf_ZS=F_d8;46000;ASH_COATED_OSMIUM;9933;18;9929;14;;;9939;20;9941;20;;;9936.0;0.0
yf_ZS=F_d8;46000;INTARIAN_PEPPER_ROOT;11213;8;11209;14;;;11219;26;11221;19;;;11216.0;0.0
yf_ZS=F_d8;46100;ASH_COATED_OSMIUM;9933;27;9931;12;;;9940;20;9942;16;;;9936.5;0.0
yf_ZS=F_d8;46100;INTARIAN_PEPPER_ROOT;11208;13;11206;15;;;11218;12;11221;14;;;11213.0;0.0
yf_ZS=F_d8;46200;ASH_COATED_OSMIUM;9931;17;9929;21;;;9942;7;9945;19;;;9936.5;0.0
yf_ZS=F_d8;46200;INTARIAN_PEPPER_ROOT;11204;18;11202;17;;;11215;6;11217;22;;;11209.5;0.0
yf_ZS=F_d8;46300;ASH_COATED_OSMIUM;9933;13;9931;18;;;9939;11;9941;18;;;9936.0;0.0
yf_ZS=F_d8;46300;INTARIAN_PEPPER_ROOT;11203;10;11201;28;;;11209;16;11212;24;;;11206.0;0.0
yf_ZS=F_d8;46400;ASH_COATED_OSMIUM;9933;21;9929;23;;;9939;6;9942;15;;;9936.0;0.0
yf_ZS=F_d8;46400;INTARIAN_PEPPER_ROOT;11200;19;11197;20;;;11207;8;11210;15;;;11203.5;0.0
yf_ZS=F_d8;46500;ASH_COATED_OSMIUM;9931;7;9928;11;;;9941;6;9945;31;;;9936.0;0.0
yf_ZS=F_d8;46500;INTARIAN_PEPPER_ROOT;11197;14;11194;13;;;11203;16;11207;26;;;11200.0;0.0
yf_ZS=F_d8;46600;ASH_COATED_OSMIUM;9932;17;9930;26;;;9938;13;9941;19;;;9935.0;0.0
yf_ZS=F_d8;46600;INTARIAN_PEPPER_ROOT;11194;14;11192;27;;;11200;23;11202;18;;;11197.0;0.0
yf_ZS=F_d8;46700;ASH_COATED_OSMIUM;9933;13;9931;17;;;9939;7;9942;19;;;9936.0;0.0
yf_ZS=F_d8;46700;INTARIAN_PEPPER_ROOT;11190;10;11186;12;;;11196;16;11200;19;;;11193.0;0.0
yf_ZS=F_d8;46800;ASH_COATED_OSMIUM;9922;10;9918;16;;;9948;13;9950;22;;;9935.0;0.0
yf_ZS=F_d8;46800;INTARIAN_PEPPER_ROOT;11170;14;11167;22;;;11210;12;11214;23;;;11190.0;0.0
yf_ZS=F_d8;46900;ASH_COATED_OSMIUM;9932;10;9929;25;;;9938;16;9942;23;;;9935.0;0.0
yf_ZS=F_d8;46900;INTARIAN_PEPPER_ROOT;11183;5;11180;23;;;11191;11;11195;16;;;11187.0;0.0
yf_ZS=F_d8;47000;ASH_COATED_OSMIUM;9932;23;9930;21;;;9938;8;9940;14;;;9935.0;0.0
yf_ZS=F_d8;47000;INTARIAN_PEPPER_ROOT;11173;17;11171;22;;;11195;14;11199;16;;;11184.0;0.0
yf_ZS=F_d8;47100;ASH_COATED_OSMIUM;9926;16;9923;21;;;9943;19;9947;24;;;9934.5;0.0
yf_ZS=F_d8;47100;INTARIAN_PEPPER_ROOT;11177;12;11175;16;;;11183;27;11185;14;;;11180.0;0.0
yf_ZS=F_d8;47200;ASH_COATED_OSMIUM;9931;17;9927;26;;;9937;15;9940;19;;;9934.0;0.0
yf_ZS=F_d8;47200;INTARIAN_PEPPER_ROOT;11174;16;11172;21;;;11180;11;11182;18;;;11177.0;0.0
yf_ZS=F_d8;47300;ASH_COATED_OSMIUM;9927;15;9923;25;;;9940;7;9943;10;;;9933.5;0.0
yf_ZS=F_d8;47300;INTARIAN_PEPPER_ROOT;11170;16;11166;17;;;11177;14;11181;21;;;11173.5;0.0
yf_ZS=F_d8;47400;ASH_COATED_OSMIUM;9927;14;9923;23;;;9941;15;9944;22;;;9934.0;0.0
yf_ZS=F_d8;47400;INTARIAN_PEPPER_ROOT;11168;19;11166;14;;;11174;21;11178;29;;;11171.0;0.0
yf_ZS=F_d8;47500;ASH_COATED_OSMIUM;9931;6;9927;20;;;9937;19;9941;10;;;9934.0;0.0
yf_ZS=F_d8;47500;INTARIAN_PEPPER_ROOT;11164;21;11161;27;;;11170;8;11172;24;;;11167.0;0.0
yf_ZS=F_d8;47600;ASH_COATED_OSMIUM;9927;14;9923;18;;;9940;7;9944;20;;;9933.5;0.0
yf_ZS=F_d8;47600;INTARIAN_PEPPER_ROOT;11161;14;11159;19;;;11167;12;11171;17;;;11164.0;0.0
yf_ZS=F_d8;47700;ASH_COATED_OSMIUM;9931;22;9928;29;;;9937;8;9941;16;;;9934.0;0.0
yf_ZS=F_d8;47700;INTARIAN_PEPPER_ROOT;11156;12;11153;18;;;11165;13;11168;21;;;11160.5;0.0
yf_ZS=F_d8;47800;ASH_COATED_OSMIUM;9931;14;9928;25;;;9937;13;9941;15;;;9934.0;0.0
yf_ZS=F_d8;47800;INTARIAN_PEPPER_ROOT;11147;17;11145;19;;;11168;24;11170;27;;;11157.5;0.0
yf_ZS=F_d8;47900;ASH_COATED_OSMIUM;9930;15;9926;8;;;9936;12;9940;21;;;9933.0;0.0
yf_ZS=F_d8;47900;INTARIAN_PEPPER_ROOT;11151;20;11148;19;;;11157;11;11161;21;;;11154.0;0.0
yf_ZS=F_d8;48000;ASH_COATED_OSMIUM;9930;12;9927;18;;;9936;16;9940;12;;;9933.0;0.0
yf_ZS=F_d8;48000;INTARIAN_PEPPER_ROOT;11144;18;11142;14;;;11158;16;11161;15;;;11151.0;0.0
yf_ZS=F_d8;48100;ASH_COATED_OSMIUM;9928;24;9924;8;;;9938;14;9941;20;;;9933.0;0.0
yf_ZS=F_d8;48100;INTARIAN_PEPPER_ROOT;11145;7;11142;17;;;11151;20;11153;18;;;11148.0;0.0
yf_ZS=F_d8;48200;ASH_COATED_OSMIUM;9927;11;9923;26;;;9939;5;9943;20;;;9933.0;0.0
yf_ZS=F_d8;48200;INTARIAN_PEPPER_ROOT;11141;22;11139;14;;;11147;19;11151;26;;;11144.0;0.0
yf_ZS=F_d8;48300;ASH_COATED_OSMIUM;9929;20;9927;17;;;9935;13;9938;16;;;9932.0;0.0
yf_ZS=F_d8;48300;INTARIAN_PEPPER_ROOT;11136;18;11134;20;;;11145;17;11148;18;;;11140.5;0.0
yf_ZS=F_d8;48400;ASH_COATED_OSMIUM;9925;24;9923;12;;;9938;10;9941;23;;;9931.5;0.0
yf_ZS=F_d8;48400;INTARIAN_PEPPER_ROOT;11134;11;11131;12;;;11140;18;11144;26;;;11137.0;0.0
yf_ZS=F_d8;48500;ASH_COATED_OSMIUM;9929;14;9925;20;;;9935;11;9937;20;;;9932.0;0.0
yf_ZS=F_d8;48500;INTARIAN_PEPPER_ROOT;11132;17;11130;22;;;11138;15;11142;25;;;11135.0;0.0
yf_ZS=F_d8;48600;ASH_COATED_OSMIUM;9929;14;9927;15;;;9935;20;9937;25;;;9932.0;0.0
yf_ZS=F_d8;48600;INTARIAN_PEPPER_ROOT;11129;11;11126;24;;;11135;17;11139;15;;;11132.0;0.0
yf_ZS=F_d8;48700;ASH_COATED_OSMIUM;9929;11;9926;20;;;9935;17;9937;18;;;9932.0;0.0
yf_ZS=F_d8;48700;INTARIAN_PEPPER_ROOT;11125;13;11123;21;;;11131;18;11134;22;;;11128.0;0.0
yf_ZS=F_d8;48800;ASH_COATED_OSMIUM;9929;10;9926;20;;;9935;18;9938;15;;;9932.0;0.0
yf_ZS=F_d8;48800;INTARIAN_PEPPER_ROOT;11121;12;11119;17;;;11127;13;11131;19;;;11124.0;0.0
yf_ZS=F_d8;48900;ASH_COATED_OSMIUM;9928;5;9925;21;;;9934;20;9936;15;;;9931.0;0.0
yf_ZS=F_d8;48900;INTARIAN_PEPPER_ROOT;11117;12;11114;26;;;11126;16;11129;15;;;11121.5;0.0
yf_ZS=F_d8;49000;ASH_COATED_OSMIUM;9928;12;9925;18;;;9934;16;9936;23;;;9931.0;0.0
yf_ZS=F_d8;49000;INTARIAN_PEPPER_ROOT;11113;13;11110;32;;;11123;15;11127;22;;;11118.0;0.0
yf_ZS=F_d8;49100;ASH_COATED_OSMIUM;9928;8;9924;25;;;9934;19;9937;8;;;9931.0;0.0
yf_ZS=F_d8;49100;INTARIAN_PEPPER_ROOT;11111;20;11107;16;;;11119;13;11122;22;;;11115.0;0.0
yf_ZS=F_d8;49200;ASH_COATED_OSMIUM;9928;17;9924;19;;;9934;11;9938;19;;;9931.0;0.0
yf_ZS=F_d8;49200;INTARIAN_PEPPER_ROOT;11108;10;11106;23;;;11114;13;11116;21;;;11111.0;0.0
yf_ZS=F_d8;49300;ASH_COATED_OSMIUM;9927;8;9923;12;;;9933;12;9937;19;;;9930.0;0.0
yf_ZS=F_d8;49300;INTARIAN_PEPPER_ROOT;11106;18;11102;23;;;11112;10;11116;21;;;11109.0;0.0
yf_ZS=F_d8;49400;ASH_COATED_OSMIUM;9927;10;9924;23;;;9934;10;9936;17;;;9930.5;0.0
yf_ZS=F_d8;49400;INTARIAN_PEPPER_ROOT;11103;9;11101;8;;;11109;19;11111;20;;;11106.0;0.0
yf_ZS=F_d8;49500;ASH_COATED_OSMIUM;9918;18;9916;21;;;9943;14;9945;13;;;9930.5;0.0
yf_ZS=F_d8;49500;INTARIAN_PEPPER_ROOT;11096;7;11092;24;;;11108;13;11112;33;;;11102.0;0.0
yf_ZS=F_d8;49600;ASH_COATED_OSMIUM;9928;15;9924;16;;;9934;5;9938;16;;;9931.0;0.0
yf_ZS=F_d8;49600;INTARIAN_PEPPER_ROOT;11094;20;11092;16;;;11103;17;11107;17;;;11098.5;0.0
yf_ZS=F_d8;49700;ASH_COATED_OSMIUM;9927;19;9925;18;;;9933;15;9935;22;;;9930.0;0.0
yf_ZS=F_d8;49700;INTARIAN_PEPPER_ROOT;11091;25;11089;24;;;11101;19;11105;23;;;11096.0;0.0
yf_ZS=F_d8;49800;ASH_COATED_OSMIUM;9924;16;9921;21;;;9935;11;9938;12;;;9929.5;0.0
yf_ZS=F_d8;49800;INTARIAN_PEPPER_ROOT;11089;16;11086;18;;;11095;17;11097;15;;;11092.0;0.0
yf_ZS=F_d8;49900;ASH_COATED_OSMIUM;9920;5;9917;17;;;9939;21;9943;17;;;9929.5;0.0
yf_ZS=F_d8;49900;INTARIAN_PEPPER_ROOT;11087;17;11083;25;;;11093;21;11097;10;;;11090.0;0.0
yf_ZS=F_d8;50000;ASH_COATED_OSMIUM;9913;11;9910;22;;;9945;14;9948;23;;;9929.0;0.0
yf_ZS=F_d8;50000;INTARIAN_PEPPER_ROOT;11082;12;11079;17;;;11088;19;11092;22;;;11085.0;0.0
yf_ZS=F_d8;50100;ASH_COATED_OSMIUM;9924;12;9921;18;;;9933;14;9936;24;;;9928.5;0.0
yf_ZS=F_d8;50100;INTARIAN_PEPPER_ROOT;11071;17;11068;20;;;11094;14;11098;25;;;11082.5;0.0
yf_ZS=F_d8;50200;ASH_COATED_OSMIUM;9926;15;9923;20;;;9932;16;9934;16;;;9929.0;0.0
yf_ZS=F_d8;50200;INTARIAN_PEPPER_ROOT;11077;14;11074;15;;;11083;5;11087;19;;;11080.0;0.0
yf_ZS=F_d8;50300;ASH_COATED_OSMIUM;9925;15;9922;22;;;9931;11;9935;31;;;9928.0;0.0
yf_ZS=F_d8;50300;INTARIAN_PEPPER_ROOT;11073;26;11071;20;;;11079;15;11083;27;;;11076.0;0.0
yf_ZS=F_d8;50400;ASH_COATED_OSMIUM;9926;14;9922;17;;;9932;6;9936;22;;;9929.0;0.0
yf_ZS=F_d8;50400;INTARIAN_PEPPER_ROOT;11068;23;11065;20;;;11077;11;11080;11;;;11072.5;0.0
yf_ZS=F_d8;50500;ASH_COATED_OSMIUM;9923;6;9921;14;;;9935;16;9938;21;;;9929.0;0.0
yf_ZS=F_d8;50500;INTARIAN_PEPPER_ROOT;11066;9;11063;22;;;11072;15;11076;21;;;11069.0;0.0
yf_ZS=F_d8;50600;ASH_COATED_OSMIUM;9925;15;9921;18;;;9931;18;9935;11;;;9928.0;0.0
yf_ZS=F_d8;50600;INTARIAN_PEPPER_ROOT;11060;11;11058;14;;;11073;19;11077;17;;;11066.5;0.0
yf_ZS=F_d8;50700;ASH_COATED_OSMIUM;9925;21;9923;28;;;9931;6;9934;22;;;9928.0;0.0
yf_ZS=F_d8;50700;INTARIAN_PEPPER_ROOT;11060;13;11056;21;;;11066;8;11069;26;;;11063.0;0.0
yf_ZS=F_d8;50800;ASH_COATED_OSMIUM;9923;16;9920;19;;;9932;14;9936;14;;;9927.5;0.0
yf_ZS=F_d8;50800;INTARIAN_PEPPER_ROOT;11055;13;11051;16;;;11063;10;11067;22;;;11059.0;0.0
yf_ZS=F_d8;50900;ASH_COATED_OSMIUM;9924;17;9922;17;;;9931;16;9935;22;;;9927.5;0.0
yf_ZS=F_d8;50900;INTARIAN_PEPPER_ROOT;11052;6;11050;12;;;11058;12;11060;19;;;11055.0;0.0
yf_ZS=F_d8;51000;ASH_COATED_OSMIUM;9924;16;9920;23;;;9930;19;9933;19;;;9927.0;0.0
yf_ZS=F_d8;51000;INTARIAN_PEPPER_ROOT;11044;17;11041;22;;;11052;14;11055;30;;;11048.0;0.0
yf_ZS=F_d8;51100;ASH_COATED_OSMIUM;9924;14;9922;25;;;9930;19;9932;18;;;9927.0;0.0
yf_ZS=F_d8;51100;INTARIAN_PEPPER_ROOT;11037;5;11034;22;;;11048;13;11051;12;;;11042.5;0.0
yf_ZS=F_d8;51200;ASH_COATED_OSMIUM;9924;14;9921;17;;;9930;14;9932;25;;;9927.0;0.0
yf_ZS=F_d8;51200;INTARIAN_PEPPER_ROOT;11032;17;11028;13;;;11040;19;11044;8;;;11036.0;0.0
yf_ZS=F_d8;51300;ASH_COATED_OSMIUM;9924;14;9922;9;;;9930;21;9932;15;;;9927.0;0.0
yf_ZS=F_d8;51300;INTARIAN_PEPPER_ROOT;11026;23;11022;17;;;11032;12;11036;14;;;11029.0;0.0
yf_ZS=F_d8;51400;ASH_COATED_OSMIUM;9924;14;9922;18;;;9930;10;9932;10;;;9927.0;0.0
yf_ZS=F_d8;51400;INTARIAN_PEPPER_ROOT;11020;16;11018;16;;;11027;17;11031;21;;;11023.5;0.0
yf_ZS=F_d8;51500;ASH_COATED_OSMIUM;9918;17;9916;20;;;9935;15;9939;26;;;9926.5;0.0
yf_ZS=F_d8;51500;INTARIAN_PEPPER_ROOT;11014;17;11012;27;;;11020;14;11023;17;;;11017.0;0.0
yf_ZS=F_d8;51600;ASH_COATED_OSMIUM;9924;12;9921;9;;;9930;10;9932;27;;;9927.0;0.0
yf_ZS=F_d8;51600;INTARIAN_PEPPER_ROOT;11008;9;11005;16;;;11014;18;11018;16;;;11011.0;0.0
yf_ZS=F_d8;51700;ASH_COATED_OSMIUM;9923;13;9921;23;;;9929;21;9931;24;;;9926.0;0.0
yf_ZS=F_d8;51700;INTARIAN_PEPPER_ROOT;11002;17;10999;8;;;11008;19;11010;18;;;11005.0;0.0
yf_ZS=F_d8;51800;ASH_COATED_OSMIUM;9923;14;9919;22;;;9929;12;9932;29;;;9926.0;0.0
yf_ZS=F_d8;51800;INTARIAN_PEPPER_ROOT;10996;13;10992;15;;;11002;9;11004;21;;;10999.0;0.0
yf_ZS=F_d8;51900;ASH_COATED_OSMIUM;9919;17;9917;20;;;9933;20;9937;17;;;9926.0;0.0
yf_ZS=F_d8;51900;INTARIAN_PEPPER_ROOT;10990;17;10988;17;;;10996;12;10999;18;;;10993.0;0.0
yf_ZS=F_d8;52000;ASH_COATED_OSMIUM;9913;9;9909;20;;;9939;23;9943;23;;;9926.0;0.0
yf_ZS=F_d8;52000;INTARIAN_PEPPER_ROOT;10983;11;10980;19;;;10989;17;10992;21;;;10986.0;0.0
yf_ZS=F_d8;52100;ASH_COATED_OSMIUM;9922;5;9920;28;;;9928;17;9932;8;;;9925.0;0.0
yf_ZS=F_d8;52100;INTARIAN_PEPPER_ROOT;10977;19;10974;19;;;10983;13;10987;12;;;10980.0;0.0
yf_ZS=F_d8;52200;ASH_COATED_OSMIUM;9923;10;9920;19;;;9929;19;9931;24;;;9926.0;0.0
yf_ZS=F_d8;52200;INTARIAN_PEPPER_ROOT;10971;13;10969;14;;;10977;10;10980;15;;;10974.0;0.0
yf_ZS=F_d8;52300;ASH_COATED_OSMIUM;9909;17;9906;11;;;9941;19;9943;18;;;9925.0;0.0
yf_ZS=F_d8;52300;INTARIAN_PEPPER_ROOT;10958;17;10954;18;;;10978;17;10982;20;;;10968.0;0.0
yf_ZS=F_d8;52400;ASH_COATED_OSMIUM;9922;14;9918;19;;;9928;13;9930;24;;;9925.0;0.0
yf_ZS=F_d8;52400;INTARIAN_PEPPER_ROOT;10953;19;10949;17;;;10968;11;10970;15;;;10960.5;0.0
yf_ZS=F_d8;52500;ASH_COATED_OSMIUM;9920;5;9917;13;;;9929;17;9933;16;;;9924.5;0.0
yf_ZS=F_d8;52500;INTARIAN_PEPPER_ROOT;10952;13;10949;12;;;10958;15;10960;22;;;10955.0;0.0
yf_ZS=F_d8;52600;ASH_COATED_OSMIUM;9922;7;9919;11;;;9928;22;9931;17;;;9925.0;0.0
yf_ZS=F_d8;52600;INTARIAN_PEPPER_ROOT;10945;9;10942;13;;;10951;17;10955;16;;;10948.0;0.0
yf_ZS=F_d8;52700;ASH_COATED_OSMIUM;9919;14;9915;18;;;9930;13;9932;16;;;9924.5;0.0
yf_ZS=F_d8;52700;INTARIAN_PEPPER_ROOT;10939;14;10936;10;;;10945;13;10949;26;;;10942.0;0.0
yf_ZS=F_d8;52800;ASH_COATED_OSMIUM;9920;9;9918;14;;;9930;21;9932;21;;;9925.0;0.0
yf_ZS=F_d8;52800;INTARIAN_PEPPER_ROOT;10933;24;10931;23;;;10939;21;10941;16;;;10936.0;0.0
yf_ZS=F_d8;52900;ASH_COATED_OSMIUM;9921;7;9917;12;;;9927;21;9930;14;;;9924.0;0.0
yf_ZS=F_d8;52900;INTARIAN_PEPPER_ROOT;10910;18;10907;23;;;10950;17;10953;17;;;10930.0;0.0
yf_ZS=F_d8;53000;ASH_COATED_OSMIUM;9920;16;9917;18;;;9929;12;9931;11;;;9924.5;0.0
yf_ZS=F_d8;53000;INTARIAN_PEPPER_ROOT;10920;10;10918;29;;;10926;14;10928;19;;;10923.0;0.0
yf_ZS=F_d8;53100;ASH_COATED_OSMIUM;9921;13;9919;24;;;9927;14;9929;21;;;9924.0;0.0
yf_ZS=F_d8;53100;INTARIAN_PEPPER_ROOT;10914;11;10912;17;;;10920;11;10922;15;;;10917.0;0.0
yf_ZS=F_d8;53200;ASH_COATED_OSMIUM;9921;10;9918;19;;;9927;8;9930;18;;;9924.0;0.0
yf_ZS=F_d8;53200;INTARIAN_PEPPER_ROOT;10908;11;10906;22;;;10914;11;10917;26;;;10911.0;0.0
yf_ZS=F_d8;53300;ASH_COATED_OSMIUM;9920;13;9918;19;;;9929;21;9931;19;;;9924.5;0.0
yf_ZS=F_d8;53300;INTARIAN_PEPPER_ROOT;10902;13;10900;26;;;10908;14;10910;17;;;10905.0;0.0
yf_ZS=F_d8;53400;ASH_COATED_OSMIUM;9920;10;9918;17;;;9926;14;9929;23;;;9923.0;0.0
yf_ZS=F_d8;53400;INTARIAN_PEPPER_ROOT;10895;23;10891;12;;;10901;18;10905;15;;;10898.0;0.0
yf_ZS=F_d8;53500;ASH_COATED_OSMIUM;9921;17;9918;21;;;9927;15;9931;12;;;9924.0;0.0
yf_ZS=F_d8;53500;INTARIAN_PEPPER_ROOT;10889;16;10887;13;;;10895;19;10899;11;;;10892.0;0.0
yf_ZS=F_d8;53600;ASH_COATED_OSMIUM;9920;22;9916;21;;;9926;14;9929;22;;;9923.0;0.0
yf_ZS=F_d8;53600;INTARIAN_PEPPER_ROOT;10883;11;10879;21;;;10889;14;10891;15;;;10886.0;0.0
yf_ZS=F_d8;53700;ASH_COATED_OSMIUM;9906;22;9903;21;;;9938;14;9940;19;;;9922.0;0.0
yf_ZS=F_d8;53700;INTARIAN_PEPPER_ROOT;10871;8;10869;23;;;10888;7;10892;19;;;10879.5;0.0
yf_ZS=F_d8;53800;ASH_COATED_OSMIUM;9918;19;9914;14;;;9927;11;9931;17;;;9922.5;0.0
yf_ZS=F_d8;53800;INTARIAN_PEPPER_ROOT;10871;21;10868;16;;;10877;11;10879;17;;;10874.0;0.0
yf_ZS=F_d8;53900;ASH_COATED_OSMIUM;9919;10;9915;21;;;9926;13;9928;20;;;9922.5;0.0
yf_ZS=F_d8;53900;INTARIAN_PEPPER_ROOT;10864;7;10860;19;;;10870;17;10873;21;;;10867.0;0.0
yf_ZS=F_d8;54000;ASH_COATED_OSMIUM;9919;11;9917;10;;;9927;12;9929;21;;;9923.0;0.0
yf_ZS=F_d8;54000;INTARIAN_PEPPER_ROOT;10858;6;10854;15;;;10864;20;10867;16;;;10861.0;0.0
yf_ZS=F_d8;54100;ASH_COATED_OSMIUM;9919;18;9917;16;;;9925;17;9928;25;;;9922.0;0.0
yf_ZS=F_d8;54100;INTARIAN_PEPPER_ROOT;10852;12;10849;17;;;10858;15;10861;16;;;10855.0;0.0
yf_ZS=F_d8;54200;ASH_COATED_OSMIUM;9908;18;9904;14;;;9935;14;9937;13;;;9921.5;0.0
yf_ZS=F_d8;54200;INTARIAN_PEPPER_ROOT;10843;23;10839;24;;;10853;10;10856;24;;;10848.0;0.0
yf_ZS=F_d8;54300;ASH_COATED_OSMIUM;9917;21;9914;23;;;9926;16;9929;16;;;9921.5;0.0
yf_ZS=F_d8;54300;INTARIAN_PEPPER_ROOT;10840;15;10838;31;;;10846;7;10848;25;;;10843.0;0.0
yf_ZS=F_d8;54400;ASH_COATED_OSMIUM;9919;13;9915;18;;;9925;8;9927;26;;;9922.0;0.0
yf_ZS=F_d8;54400;INTARIAN_PEPPER_ROOT;10833;7;10829;23;;;10840;21;10842;15;;;10836.5;0.0
yf_ZS=F_d8;54500;ASH_COATED_OSMIUM;9919;8;9917;21;;;9925;12;9928;23;;;9922.0;0.0
yf_ZS=F_d8;54500;INTARIAN_PEPPER_ROOT;10827;26;10823;24;;;10833;16;10836;14;;;10830.0;0.0
yf_ZS=F_d8;54600;ASH_COATED_OSMIUM;9910;11;9906;20;;;9934;17;9936;13;;;9922.0;0.0
yf_ZS=F_d8;54600;INTARIAN_PEPPER_ROOT;10818;13;10814;24;;;10830;15;10833;18;;;10824.0;0.0
yf_ZS=F_d8;54700;ASH_COATED_OSMIUM;9918;22;9916;21;;;9924;25;9926;14;;;9921.0;0.0
yf_ZS=F_d8;54700;INTARIAN_PEPPER_ROOT;10811;15;10808;17;;;10823;8;10825;14;;;10817.0;0.0
yf_ZS=F_d8;54800;ASH_COATED_OSMIUM;9914;6;9912;27;;;9928;6;9932;21;;;9921.0;0.0
yf_ZS=F_d8;54800;INTARIAN_PEPPER_ROOT;10806;24;10804;21;;;10815;15;10818;24;;;10810.5;0.0
yf_ZS=F_d8;54900;ASH_COATED_OSMIUM;9907;15;9905;16;;;9935;16;9938;23;;;9921.0;0.0
yf_ZS=F_d8;54900;INTARIAN_PEPPER_ROOT;10802;14;10800;20;;;10808;17;10810;17;;;10805.0;0.0
yf_ZS=F_d8;55000;ASH_COATED_OSMIUM;9918;15;9914;21;;;9924;18;9926;22;;;9921.0;0.0
yf_ZS=F_d8;55000;INTARIAN_PEPPER_ROOT;10795;18;10793;20;;;10801;9;10803;15;;;10798.0;0.0
yf_ZS=F_d8;55100;ASH_COATED_OSMIUM;9911;16;9909;19;;;9930;19;9933;16;;;9920.5;0.0
yf_ZS=F_d8;55100;INTARIAN_PEPPER_ROOT;10790;21;10788;18;;;10796;7;10800;11;;;10793.0;0.0
yf_ZS=F_d8;55200;ASH_COATED_OSMIUM;9914;17;9910;22;;;9927;16;9929;31;;;9920.5;0.0
yf_ZS=F_d8;55200;INTARIAN_PEPPER_ROOT;10783;16;10779;14;;;10789;12;10793;20;;;10786.0;0.0
yf_ZS=F_d8;55300;ASH_COATED_OSMIUM;9912;16;9908;21;;;9929;16;9932;14;;;9920.5;0.0
yf_ZS=F_d8;55300;INTARIAN_PEPPER_ROOT;10771;16;10767;11;;;10787;20;10790;18;;;10779.0;0.0
yf_ZS=F_d8;55400;ASH_COATED_OSMIUM;9917;16;9913;20;;;9923;16;9927;16;;;9920.0;0.0
yf_ZS=F_d8;55400;INTARIAN_PEPPER_ROOT;10770;15;10768;18;;;10776;6;10780;22;;;10773.0;0.0
yf_ZS=F_d8;55500;ASH_COATED_OSMIUM;9917;20;9915;25;;;9923;21;9926;19;;;9920.0;0.0
yf_ZS=F_d8;55500;INTARIAN_PEPPER_ROOT;10764;20;10761;21;;;10770;18;10772;13;;;10767.0;0.0
yf_ZS=F_d8;55600;ASH_COATED_OSMIUM;9913;8;9911;30;;;9927;10;9929;25;;;9920.0;0.0
yf_ZS=F_d8;55600;INTARIAN_PEPPER_ROOT;10758;15;10754;14;;;10764;20;10766;16;;;10761.0;0.0
yf_ZS=F_d8;55700;ASH_COATED_OSMIUM;9916;18;9912;19;;;9922;21;9924;20;;;9919.0;0.0
yf_ZS=F_d8;55700;INTARIAN_PEPPER_ROOT;10752;18;10750;14;;;10758;15;10761;18;;;10755.0;0.0
yf_ZS=F_d8;55800;ASH_COATED_OSMIUM;9916;13;9914;10;;;9922;13;9924;15;;;9919.0;0.0
yf_ZS=F_d8;55800;INTARIAN_PEPPER_ROOT;10745;17;10742;28;;;10751;19;10754;17;;;10748.0;0.0
yf_ZS=F_d8;55900;ASH_COATED_OSMIUM;9916;9;9913;17;;;9922;17;9926;20;;;9919.0;0.0
yf_ZS=F_d8;55900;INTARIAN_PEPPER_ROOT;10739;12;10736;29;;;10745;5;10747;13;;;10742.0;0.0
yf_ZS=F_d8;56000;ASH_COATED_OSMIUM;9913;9;9911;29;;;9927;17;9929;19;;;9920.0;0.0
yf_ZS=F_d8;56000;INTARIAN_PEPPER_ROOT;10733;17;10730;21;;;10739;18;10743;18;;;10736.0;0.0
yf_ZS=F_d8;56100;ASH_COATED_OSMIUM;9916;23;9913;16;;;9922;5;9925;19;;;9919.0;0.0
yf_ZS=F_d8;56100;INTARIAN_PEPPER_ROOT;10727;19;10724;27;;;10733;23;10737;23;;;10730.0;0.0
yf_ZS=F_d8;56200;ASH_COATED_OSMIUM;9916;12;9912;13;;;9922;10;9924;15;;;9919.0;0.0
yf_ZS=F_d8;56200;INTARIAN_PEPPER_ROOT;10718;14;10715;19;;;10729;17;10733;27;;;10723.5;0.0
yf_ZS=F_d8;56300;ASH_COATED_OSMIUM;9916;8;9914;27;;;9922;20;9925;18;;;9919.0;0.0
yf_ZS=F_d8;56300;INTARIAN_PEPPER_ROOT;10711;12;10709;16;;;10722;17;10725;22;;;10716.5;0.0
yf_ZS=F_d8;56400;ASH_COATED_OSMIUM;9916;16;9913;27;;;9922;25;9925;27;;;9919.0;0.0
yf_ZS=F_d8;56400;INTARIAN_PEPPER_ROOT;10708;6;10705;18;;;10714;18;10716;14;;;10711.0;0.0
yf_ZS=F_d8;56500;ASH_COATED_OSMIUM;9916;20;9914;26;;;9922;14;9924;12;;;9919.0;0.0
yf_ZS=F_d8;56500;INTARIAN_PEPPER_ROOT;10701;15;10698;21;;;10708;20;10711;21;;;10704.5;0.0
yf_ZS=F_d8;56600;ASH_COATED_OSMIUM;9910;11;9906;24;;;9926;15;9930;20;;;9918.0;0.0
yf_ZS=F_d8;56600;INTARIAN_PEPPER_ROOT;10692;12;10688;23;;;10706;15;10708;29;;;10699.0;0.0
yf_ZS=F_d8;56700;ASH_COATED_OSMIUM;9910;11;9908;19;;;9926;13;9928;28;;;9918.0;0.0
yf_ZS=F_d8;56700;INTARIAN_PEPPER_ROOT;10688;16;10685;21;;;10697;15;10699;12;;;10692.5;0.0
yf_ZS=F_d8;56800;ASH_COATED_OSMIUM;9915;7;9912;15;;;9921;11;9925;24;;;9918.0;0.0
yf_ZS=F_d8;56800;INTARIAN_PEPPER_ROOT;10683;17;10679;27;;;10690;13;10692;13;;;10686.5;0.0
yf_ZS=F_d8;56900;ASH_COATED_OSMIUM;9913;5;9911;19;;;9921;15;9923;23;;;9917.0;0.0
yf_ZS=F_d8;56900;INTARIAN_PEPPER_ROOT;10669;17;10666;17;;;10691;10;10694;20;;;10680.0;0.0
yf_ZS=F_d8;57000;ASH_COATED_OSMIUM;9914;15;9911;16;;;9920;16;9924;21;;;9917.0;0.0
yf_ZS=F_d8;57000;INTARIAN_PEPPER_ROOT;10670;7;10667;20;;;10676;8;10680;28;;;10673.0;0.0
yf_ZS=F_d8;57100;ASH_COATED_OSMIUM;9911;16;9908;17;;;9923;14;9926;21;;;9917.0;0.0
yf_ZS=F_d8;57100;INTARIAN_PEPPER_ROOT;10663;19;10659;22;;;10672;25;10674;13;;;10667.5;0.0
yf_ZS=F_d8;57200;ASH_COATED_OSMIUM;9895;12;9892;19;;;9940;15;9943;14;;;9917.5;0.0
yf_ZS=F_d8;57200;INTARIAN_PEPPER_ROOT;10658;13;10654;19;;;10665;5;10669;15;;;10661.5;0.0
yf_ZS=F_d8;57300;ASH_COATED_OSMIUM;9915;12;9913;25;;;9921;14;9925;26;;;9918.0;0.0
yf_ZS=F_d8;57300;INTARIAN_PEPPER_ROOT;10648;20;10645;15;;;10661;14;10664;22;;;10654.5;0.0
yf_ZS=F_d8;57400;ASH_COATED_OSMIUM;9912;20;9908;20;;;9922;12;9924;14;;;9917.0;0.0
yf_ZS=F_d8;57400;INTARIAN_PEPPER_ROOT;10641;5;10639;20;;;10655;17;10659;16;;;10648.0;0.0
yf_ZS=F_d8;57500;ASH_COATED_OSMIUM;9911;15;9909;13;;;9922;13;9926;21;;;9916.5;0.0
yf_ZS=F_d8;57500;INTARIAN_PEPPER_ROOT;10639;13;10636;22;;;10645;8;10648;16;;;10642.0;0.0
yf_ZS=F_d8;57600;ASH_COATED_OSMIUM;9907;11;9903;15;;;9927;11;9929;18;;;9917.0;0.0
yf_ZS=F_d8;57600;INTARIAN_PEPPER_ROOT;10632;14;10628;26;;;10640;12;10642;18;;;10636.0;0.0
yf_ZS=F_d8;57700;ASH_COATED_OSMIUM;9913;25;9909;28;;;9919;5;9922;19;;;9916.0;0.0
yf_ZS=F_d8;57700;INTARIAN_PEPPER_ROOT;10621;21;10617;18;;;10638;19;10642;16;;;10629.5;0.0
yf_ZS=F_d8;57800;ASH_COATED_OSMIUM;9913;16;9910;20;;;9919;8;9922;18;;;9916.0;0.0
yf_ZS=F_d8;57800;INTARIAN_PEPPER_ROOT;10621;17;10619;29;;;10627;17;10629;10;;;10624.0;0.0
yf_ZS=F_d8;57900;ASH_COATED_OSMIUM;9909;18;9905;15;;;9923;6;9926;25;;;9916.0;0.0
yf_ZS=F_d8;57900;INTARIAN_PEPPER_ROOT;10606;18;10603;23;;;10628;11;10630;15;;;10617.0;0.0
yf_ZS=F_d8;58000;ASH_COATED_OSMIUM;9914;15;9910;20;;;9920;14;9924;21;;;9917.0;0.0
yf_ZS=F_d8;58000;INTARIAN_PEPPER_ROOT;10604;13;10600;9;;;10616;5;10619;22;;;10610.0;0.0
yf_ZS=F_d8;58100;ASH_COATED_OSMIUM;9913;19;9910;19;;;9919;18;9922;16;;;9916.0;0.0
yf_ZS=F_d8;58100;INTARIAN_PEPPER_ROOT;10601;19;10597;19;;;10610;15;10613;13;;;10605.5;0.0
yf_ZS=F_d8;58200;ASH_COATED_OSMIUM;9910;15;9907;15;;;9921;8;9923;11;;;9915.5;0.0
yf_ZS=F_d8;58200;INTARIAN_PEPPER_ROOT;10592;14;10590;26;;;10605;10;10609;17;;;10598.5;0.0
yf_ZS=F_d8;58300;ASH_COATED_OSMIUM;9912;16;9908;12;;;9918;21;9921;20;;;9915.0;0.0
