day;timestamp;product;bid_price_1;bid_volume_1;bid_price_2;bid_volume_2;bid_price_3;bid_volume_3;ask_price_1;ask_volume_1;ask_price_2;ask_volume_2;ask_price_3;ask_volume_3;mid_price;profit_and_loss
yf_ADM_d0;0;ASH_COATED_OSMIUM;9904;16;9902;15;;;9914;12;9916;16;;;9909.0;0.0
yf_ADM_d0;0;INTARIAN_PEPPER_ROOT;10887;7;10883;21;;;10893;14;10895;23;;;10890.0;0.0
yf_ADM_d0;100;ASH_COATED_OSMIUM;9907;21;9905;11;;;9913;9;9917;18;;;9910.0;0.0
yf_ADM_d0;100;INTARIAN_PEPPER_ROOT;10882;5;10879;14;;;10899;16;10903;22;;;10890.5;0.0
yf_ADM_d0;200;ASH_COATED_OSMIUM;9906;6;9902;19;;;9912;18;9914;19;;;9909.0;0.0
yf_ADM_d0;200;INTARIAN_PEPPER_ROOT;10885;17;10882;20;;;10896;18;10900;22;;;10890.5;0.0
yf_ADM_d0;300;ASH_COATED_OSMIUM;9906;11;9903;23;;;9912;19;9916;20;;;9909.0;0.0
yf_ADM_d0;300;INTARIAN_PEPPER_ROOT;10888;9;10885;22;;;10894;18;10897;11;;;10891.0;0.0
yf_ADM_d0;400;ASH_COATED_OSMIUM;9906;13;9903;20;;;9912;13;9915;31;;;9909.0;0.0
yf_ADM_d0;400;INTARIAN_PEPPER_ROOT;10888;19;10886;17;;;10894;13;10897;19;;;10891.0;0.0
yf_ADM_d0;500;ASH_COATED_OSMIUM;9901;10;9898;19;;;9918;17;9921;22;;;9909.5;0.0
yf_ADM_d0;500;INTARIAN_PEPPER_ROOT;10887;24;10884;19;;;10895;9;10897;17;;;10891.0;0.0
yf_ADM_d0;600;ASH_COATED_OSMIUM;9904;13;9900;26;;;9915;17;9917;17;;;9909.5;0.0
yf_ADM_d0;600;INTARIAN_PEPPER_ROOT;10885;8;10883;24;;;10898;24;10901;13;;;10891.5;0.0
yf_ADM_d0;700;ASH_COATED_OSMIUM;9901;10;9899;8;;;9916;15;9918;10;;;9908.5;0.0
yf_ADM_d0;700;INTARIAN_PEPPER_ROOT;10889;7;10887;20;;;10895;11;10899;18;;;10892.0;0.0
yf_ADM_d0;800;ASH_COATED_OSMIUM;9905;13;9902;15;;;9913;13;9916;25;;;9909.0;0.0
yf_ADM_d0;800;INTARIAN_PEPPER_ROOT;10890;18;10886;15;;;10896;9;10899;20;;;10893.0;0.0
yf_ADM_d0;900;ASH_COATED_OSMIUM;9906;9;9903;19;;;9912;19;9916;19;;;9909.0;0.0
yf_ADM_d0;900;INTARIAN_PEPPER_ROOT;10890;12;10886;31;;;10896;9;10899;30;;;10893.0;0.0
yf_ADM_d0;1000;ASH_COATED_OSMIUM;9896;10;9893;18;;;9922;21;9926;16;;;9909.0;0.0
yf_ADM_d0;1000;INTARIAN_PEPPER_ROOT;10889;14;10885;10;;;10898;17;10902;21;;;10893.5;0.0
yf_ADM_d0;1100;ASH_COATED_OSMIUM;9906;9;9904;25;;;9912;21;9916;19;;;9909.0;0.0
yf_ADM_d0;1100;INTARIAN_PEPPER_ROOT;10891;15;10888;22;;;10897;18;10901;18;;;10894.0;0.0
yf_ADM_d0;1200;ASH_COATED_OSMIUM;9906;9;9902;23;;;9912;23;9915;23;;;9909.0;0.0
yf_ADM_d0;1200;INTARIAN_PEPPER_ROOT;10891;18;10888;19;;;10897;14;10901;26;;;10894.0;0.0
yf_ADM_d0;1300;ASH_COATED_OSMIUM;9906;19;9904;24;;;9912;24;9916;18;;;9909.0;0.0
yf_ADM_d0;1300;INTARIAN_PEPPER_ROOT;10889;16;10887;13;;;10900;13;10904;20;;;10894.5;0.0
yf_ADM_d0;1400;ASH_COATED_OSMIUM;9902;10;9898;12;;;9914;17;9916;13;;;9908.0;0.0
yf_ADM_d0;1400;INTARIAN_PEPPER_ROOT;10891;7;10888;13;;;10898;16;10902;22;;;10894.5;0.0
yf_ADM_d0;1500;ASH_COATED_OSMIUM;9906;9;9904;29;;;9912;11;9914;9;;;9909.0;0.0
yf_ADM_d0;1500;INTARIAN_PEPPER_ROOT;10891;12;10888;23;;;10901;16;10904;15;;;10896.0;0.0
yf_ADM_d0;1600;ASH_COATED_OSMIUM;9905;19;9902;11;;;9913;8;9916;20;;;9909.0;0.0
yf_ADM_d0;1600;INTARIAN_PEPPER_ROOT;10892;13;10888;26;;;10898;6;10901;16;;;10895.0;0.0
yf_ADM_d0;1700;ASH_COATED_OSMIUM;9905;15;9901;22;;;9911;11;9914;16;;;9908.0;0.0
yf_ADM_d0;1700;INTARIAN_PEPPER_ROOT;10893;11;10890;25;;;10899;19;10903;12;;;10896.0;0.0
yf_ADM_d0;1800;ASH_COATED_OSMIUM;9901;18;9898;24;;;9916;12;9918;8;;;9908.5;0.0
yf_ADM_d0;1800;INTARIAN_PEPPER_ROOT;10894;17;10891;16;;;10900;14;10903;27;;;10897.0;0.0
yf_ADM_d0;1900;ASH_COATED_OSMIUM;9895;14;9893;25;;;9921;14;9925;26;;;9908.0;0.0
yf_ADM_d0;1900;INTARIAN_PEPPER_ROOT;10894;8;10891;27;;;10900;9;10903;21;;;10897.0;0.0
yf_ADM_d0;2000;ASH_COATED_OSMIUM;9904;5;9901;23;;;9911;14;9913;12;;;9907.5;0.0
yf_ADM_d0;2000;INTARIAN_PEPPER_ROOT;10895;6;10891;31;;;10901;11;10905;23;;;10898.0;0.0
yf_ADM_d0;2100;ASH_COATED_OSMIUM;9905;10;9901;18;;;9911;9;9915;23;;;9908.0;0.0
yf_ADM_d0;2100;INTARIAN_PEPPER_ROOT;10894;15;10892;28;;;10900;19;10904;26;;;10897.0;0.0
yf_ADM_d0;2200;ASH_COATED_OSMIUM;9905;14;9902;25;;;9911;18;9913;19;;;9908.0;0.0
yf_ADM_d0;2200;INTARIAN_PEPPER_ROOT;10896;22;10892;12;;;10902;22;10906;20;;;10899.0;0.0
yf_ADM_d0;2300;ASH_COATED_OSMIUM;9905;5;9902;10;;;9911;11;9913;14;;;9908.0;0.0
yf_ADM_d0;2300;INTARIAN_PEPPER_ROOT;10893;12;10889;23;;;10904;20;10907;17;;;10898.5;0.0
yf_ADM_d0;2400;ASH_COATED_OSMIUM;9905;11;9901;11;;;9911;5;9914;20;;;9908.0;0.0
yf_ADM_d0;2400;INTARIAN_PEPPER_ROOT;10893;11;10891;33;;;10906;11;10909;28;;;10899.5;0.0
yf_ADM_d0;2500;ASH_COATED_OSMIUM;9906;13;9904;23;;;9912;5;9915;22;;;9909.0;0.0
yf_ADM_d0;2500;INTARIAN_PEPPER_ROOT;10896;15;10893;20;;;10902;19;10906;8;;;10899.0;0.0
yf_ADM_d0;2600;ASH_COATED_OSMIUM;9905;14;9902;23;;;9911;22;9914;11;;;9908.0;0.0
yf_ADM_d0;2600;INTARIAN_PEPPER_ROOT;10897;12;10895;17;;;10903;16;10905;18;;;10900.0;0.0
yf_ADM_d0;2700;ASH_COATED_OSMIUM;9901;19;9899;12;;;9914;14;9916;17;;;9907.5;0.0
yf_ADM_d0;2700;INTARIAN_PEPPER_ROOT;10894;13;10892;18;;;10906;13;10908;25;;;10900.0;0.0
yf_ADM_d0;2800;ASH_COATED_OSMIUM;9906;5;9903;16;;;9912;28;9915;20;;;9909.0;0.0
yf_ADM_d0;2800;INTARIAN_PEPPER_ROOT;10897;25;10893;21;;;10904;14;10908;11;;;10900.5;0.0
yf_ADM_d0;2900;ASH_COATED_OSMIUM;9903;22;9901;16;;;9913;14;9915;20;;;9908.0;0.0
yf_ADM_d0;2900;INTARIAN_PEPPER_ROOT;10898;5;10894;17;;;10904;20;10907;26;;;10901.0;0.0
yf_ADM_d0;3000;ASH_COATED_OSMIUM;9904;24;9900;16;;;9913;20;9917;20;;;9908.5;0.0
yf_ADM_d0;3000;INTARIAN_PEPPER_ROOT;10898;19;10894;22;;;10904;20;10906;22;;;10901.0;0.0
yf_ADM_d0;3100;ASH_COATED_OSMIUM;9904;15;9902;20;;;9912;11;9914;18;;;9908.0;0.0
yf_ADM_d0;3100;INTARIAN_PEPPER_ROOT;10897;21;10894;8;;;10906;15;10910;21;;;10901.5;0.0
yf_ADM_d0;3200;ASH_COATED_OSMIUM;9895;23;9891;22;;;9920;14;9922;16;;;9907.5;0.0
yf_ADM_d0;3200;INTARIAN_PEPPER_ROOT;10899;22;10896;22;;;10905;23;10909;14;;;10902.0;0.0
yf_ADM_d0;3300;ASH_COATED_OSMIUM;9905;18;9902;8;;;9911;19;9914;16;;;9908.0;0.0
yf_ADM_d0;3300;INTARIAN_PEPPER_ROOT;10900;16;10898;19;;;10906;10;10909;27;;;10903.0;0.0
yf_ADM_d0;3400;ASH_COATED_OSMIUM;9903;8;9899;23;;;9914;26;9917;27;;;9908.5;0.0
yf_ADM_d0;3400;INTARIAN_PEPPER_ROOT;10898;6;10896;18;;;10908;6;10910;20;;;10903.0;0.0
yf_ADM_d0;3500;ASH_COATED_OSMIUM;9904;18;9900;25;;;9910;15;9913;17;;;9907.0;0.0
yf_ADM_d0;3500;INTARIAN_PEPPER_ROOT;10901;12;10897;20;;;10907;20;10911;24;;;10904.0;0.0
yf_ADM_d0;3600;ASH_COATED_OSMIUM;9905;6;9901;10;;;9911;14;9915;23;;;9908.0;0.0
yf_ADM_d0;3600;INTARIAN_PEPPER_ROOT;10896;18;10894;15;;;10912;13;10916;18;;;10904.0;0.0
yf_ADM_d0;3700;ASH_COATED_OSMIUM;9905;14;9901;22;;;9911;12;9915;23;;;9908.0;0.0
yf_ADM_d0;3700;INTARIAN_PEPPER_ROOT;10891;16;10887;25;;;10918;15;10920;16;;;10904.5;0.0
yf_ADM_d0;3800;ASH_COATED_OSMIUM;9905;18;9903;16;;;9911;13;9913;15;;;9908.0;0.0
yf_ADM_d0;3800;INTARIAN_PEPPER_ROOT;10902;6;10900;11;;;10908;11;10911;18;;;10905.0;0.0
yf_ADM_d0;3900;ASH_COATED_OSMIUM;9904;15;9901;23;;;9910;20;9914;17;;;9907.0;0.0
yf_ADM_d0;3900;INTARIAN_PEPPER_ROOT;10903;7;10900;24;;;10909;16;10911;27;;;10906.0;0.0
yf_ADM_d0;4000;ASH_COATED_OSMIUM;9904;8;9901;14;;;9911;19;9913;16;;;9907.5;0.0
yf_ADM_d0;4000;INTARIAN_PEPPER_ROOT;10891;9;10888;19;;;10920;18;10922;20;;;10905.5;0.0
yf_ADM_d0;4100;ASH_COATED_OSMIUM;9905;11;9902;16;;;9911;16;9914;26;;;9908.0;0.0
yf_ADM_d0;4100;INTARIAN_PEPPER_ROOT;10903;9;10900;24;;;10909;14;10913;16;;;10906.0;0.0
yf_ADM_d0;4200;ASH_COATED_OSMIUM;9899;5;9897;14;;;9916;17;9919;22;;;9907.5;0.0
yf_ADM_d0;4200;INTARIAN_PEPPER_ROOT;10904;7;10900;23;;;10910;14;10913;22;;;10907.0;0.0
yf_ADM_d0;4300;ASH_COATED_OSMIUM;9904;9;9901;17;;;9910;20;9912;15;;;9907.0;0.0
yf_ADM_d0;4300;INTARIAN_PEPPER_ROOT;10900;14;10898;18;;;10914;16;10918;24;;;10907.0;0.0
yf_ADM_d0;4400;ASH_COATED_OSMIUM;9904;6;9902;15;;;9910;11;9912;22;;;9907.0;0.0
yf_ADM_d0;4400;INTARIAN_PEPPER_ROOT;10904;21;10902;22;;;10911;12;10913;11;;;10907.5;0.0
yf_ADM_d0;4500;ASH_COATED_OSMIUM;9901;10;9897;19;;;9912;22;9916;26;;;9906.5;0.0
yf_ADM_d0;4500;INTARIAN_PEPPER_ROOT;10905;10;10903;28;;;10911;5;10914;15;;;10908.0;0.0
yf_ADM_d0;4600;ASH_COATED_OSMIUM;9888;17;9884;14;;;9925;9;9928;23;;;9906.5;0.0
yf_ADM_d0;4600;INTARIAN_PEPPER_ROOT;10905;17;10902;21;;;10911;10;10913;24;;;10908.0;0.0
yf_ADM_d0;4700;ASH_COATED_OSMIUM;9901;16;9898;17;;;9914;15;9918;23;;;9907.5;0.0
yf_ADM_d0;4700;INTARIAN_PEPPER_ROOT;10906;10;10903;25;;;10912;15;10916;21;;;10909.0;0.0
yf_ADM_d0;4800;ASH_COATED_OSMIUM;9904;6;9901;19;;;9910;11;9912;8;;;9907.0;0.0
yf_ADM_d0;4800;INTARIAN_PEPPER_ROOT;10906;21;10904;11;;;10912;18;10915;25;;;10909.0;0.0
yf_ADM_d0;4900;ASH_COATED_OSMIUM;9898;24;9896;22;;;9915;6;9919;24;;;9906.5;0.0
yf_ADM_d0;4900;INTARIAN_PEPPER_ROOT;10904;11;10900;16;;;10915;19;10917;10;;;10909.5;0.0
yf_ADM_d0;5000;ASH_COATED_OSMIUM;9904;15;9900;27;;;9910;12;9913;18;;;9907.0;0.0
yf_ADM_d0;5000;INTARIAN_PEPPER_ROOT;10905;14;10903;18;;;10916;9;10920;19;;;10910.5;0.0
yf_ADM_d0;5100;ASH_COATED_OSMIUM;9901;20;9898;20;;;9913;23;9916;26;;;9907.0;0.0
yf_ADM_d0;5100;INTARIAN_PEPPER_ROOT;10907;12;10903;8;;;10913;13;10915;15;;;10910.0;0.0
yf_ADM_d0;5200;ASH_COATED_OSMIUM;9895;19;9892;30;;;9919;14;9923;31;;;9907.0;0.0
yf_ADM_d0;5200;INTARIAN_PEPPER_ROOT;10907;5;10904;25;;;10913;18;10916;17;;;10910.0;0.0
yf_ADM_d0;5300;ASH_COATED_OSMIUM;9904;5;9901;22;;;9910;16;9913;31;;;9907.0;0.0
yf_ADM_d0;5300;INTARIAN_PEPPER_ROOT;10905;23;10903;18;;;10917;22;10920;22;;;10911.0;0.0
yf_ADM_d0;5400;ASH_COATED_OSMIUM;9903;20;9899;22;;;9909;10;9913;24;;;9906.0;0.0
yf_ADM_d0;5400;INTARIAN_PEPPER_ROOT;10909;6;10906;23;;;10915;9;10919;20;;;10912.0;0.0
yf_ADM_d0;5500;ASH_COATED_OSMIUM;9901;13;9897;15;;;9911;16;9913;28;;;9906.0;0.0
yf_ADM_d0;5500;INTARIAN_PEPPER_ROOT;10909;15;10905;15;;;10915;5;10919;26;;;10912.0;0.0
yf_ADM_d0;5600;ASH_COATED_OSMIUM;9902;17;9899;28;;;9911;15;9915;29;;;9906.5;0.0
yf_ADM_d0;5600;INTARIAN_PEPPER_ROOT;10909;17;10905;12;;;10915;9;10917;23;;;10912.0;0.0
yf_ADM_d0;5700;ASH_COATED_OSMIUM;9902;16;9900;26;;;9910;9;9914;24;;;9906.0;0.0
yf_ADM_d0;5700;INTARIAN_PEPPER_ROOT;10910;9;10908;22;;;10916;14;10918;25;;;10913.0;0.0
yf_ADM_d0;5800;ASH_COATED_OSMIUM;9904;6;9900;22;;;9910;16;9914;16;;;9907.0;0.0
yf_ADM_d0;5800;INTARIAN_PEPPER_ROOT;10910;13;10908;21;;;10916;12;10920;19;;;10913.0;0.0
yf_ADM_d0;5900;ASH_COATED_OSMIUM;9904;13;9900;27;;;9910;14;9912;12;;;9907.0;0.0
yf_ADM_d0;5900;INTARIAN_PEPPER_ROOT;10910;27;10906;16;;;10916;15;10919;15;;;10913.0;0.0
yf_ADM_d0;6000;ASH_COATED_OSMIUM;9904;18;9900;23;;;9910;10;9914;27;;;9907.0;0.0
yf_ADM_d0;6000;INTARIAN_PEPPER_ROOT;10907;15;10904;17;;;10922;15;10925;21;;;10914.5;0.0
yf_ADM_d0;6100;ASH_COATED_OSMIUM;9903;11;9900;17;;;9909;10;9911;8;;;9906.0;0.0
yf_ADM_d0;6100;INTARIAN_PEPPER_ROOT;10910;14;10906;23;;;10918;17;10921;27;;;10914.0;0.0
yf_ADM_d0;6200;ASH_COATED_OSMIUM;9903;10;9901;17;;;9909;14;9911;20;;;9906.0;0.0
yf_ADM_d0;6200;INTARIAN_PEPPER_ROOT;10912;5;10910;28;;;10918;14;10921;22;;;10915.0;0.0
yf_ADM_d0;6300;ASH_COATED_OSMIUM;9903;11;9900;21;;;9909;20;9911;21;;;9906.0;0.0
yf_ADM_d0;6300;INTARIAN_PEPPER_ROOT;10913;18;10911;25;;;10919;10;10921;22;;;10916.0;0.0
yf_ADM_d0;6400;ASH_COATED_OSMIUM;9900;20;9897;10;;;9912;23;9915;18;;;9906.0;0.0
yf_ADM_d0;6400;INTARIAN_PEPPER_ROOT;10913;19;10910;23;;;10919;10;10922;22;;;10916.0;0.0
yf_ADM_d0;6500;ASH_COATED_OSMIUM;9903;12;9900;17;;;9909;18;9913;19;;;9906.0;0.0
yf_ADM_d0;6500;INTARIAN_PEPPER_ROOT;10913;12;10911;17;;;10920;8;10923;19;;;10916.5;0.0
yf_ADM_d0;6600;ASH_COATED_OSMIUM;9903;22;9900;19;;;9909;10;9913;13;;;9906.0;0.0
yf_ADM_d0;6600;INTARIAN_PEPPER_ROOT;10913;7;10910;17;;;10920;12;10922;18;;;10916.5;0.0
yf_ADM_d0;6700;ASH_COATED_OSMIUM;9903;21;9900;19;;;9909;20;9913;14;;;9906.0;0.0
yf_ADM_d0;6700;INTARIAN_PEPPER_ROOT;10913;19;10910;17;;;10920;12;10922;26;;;10916.5;0.0
yf_ADM_d0;6800;ASH_COATED_OSMIUM;9903;9;9900;18;;;9909;15;9913;11;;;9906.0;0.0
yf_ADM_d0;6800;INTARIAN_PEPPER_ROOT;10911;9;10907;22;;;10924;13;10927;19;;;10917.5;0.0
yf_ADM_d0;6900;ASH_COATED_OSMIUM;9903;10;9899;18;;;9909;15;9913;18;;;9906.0;0.0
yf_ADM_d0;6900;INTARIAN_PEPPER_ROOT;10913;7;10911;22;;;10924;18;10927;21;;;10918.5;0.0
yf_ADM_d0;7000;ASH_COATED_OSMIUM;9903;7;9901;25;;;9909;5;9911;13;;;9906.0;0.0
yf_ADM_d0;7000;INTARIAN_PEPPER_ROOT;10915;10;10911;19;;;10921;16;10924;14;;;10918.0;0.0
yf_ADM_d0;7100;ASH_COATED_OSMIUM;9903;12;9900;18;;;9909;20;9913;20;;;9906.0;0.0
yf_ADM_d0;7100;INTARIAN_PEPPER_ROOT;10916;9;10912;21;;;10922;15;10926;23;;;10919.0;0.0
yf_ADM_d0;7200;ASH_COATED_OSMIUM;9900;14;9897;20;;;9910;14;9913;17;;;9905.0;0.0
yf_ADM_d0;7200;INTARIAN_PEPPER_ROOT;10915;17;10913;25;;;10924;10;10927;26;;;10919.5;0.0
yf_ADM_d0;7300;ASH_COATED_OSMIUM;9902;19;9899;18;;;9910;15;9913;25;;;9906.0;0.0
yf_ADM_d0;7300;INTARIAN_PEPPER_ROOT;10917;13;10914;20;;;10923;10;10925;16;;;10920.0;0.0
yf_ADM_d0;7400;ASH_COATED_OSMIUM;9903;19;9900;18;;;9910;14;9913;13;;;9906.5;0.0
yf_ADM_d0;7400;INTARIAN_PEPPER_ROOT;10916;8;10913;18;;;10924;8;10928;21;;;10920.0;0.0
yf_ADM_d0;7500;ASH_COATED_OSMIUM;9903;11;9900;19;;;9909;13;9912;16;;;9906.0;0.0
yf_ADM_d0;7500;INTARIAN_PEPPER_ROOT;10917;7;10915;19;;;10923;11;10927;27;;;10920.0;0.0
yf_ADM_d0;7600;ASH_COATED_OSMIUM;9900;14;9896;18;;;9912;20;9916;15;;;9906.0;0.0
yf_ADM_d0;7600;INTARIAN_PEPPER_ROOT;10915;20;10911;18;;;10926;15;10929;12;;;10920.5;0.0
yf_ADM_d0;7700;ASH_COATED_OSMIUM;9901;15;9897;25;;;9910;19;9913;29;;;9905.5;0.0
yf_ADM_d0;7700;INTARIAN_PEPPER_ROOT;10917;9;10915;16;;;10925;9;10927;18;;;10921.0;0.0
yf_ADM_d0;7800;ASH_COATED_OSMIUM;9902;11;9899;23;;;9908;14;9911;22;;;9905.0;0.0
yf_ADM_d0;7800;INTARIAN_PEPPER_ROOT;10919;8;10916;21;;;10925;18;10929;22;;;10922.0;0.0
yf_ADM_d0;7900;ASH_COATED_OSMIUM;9899;23;9897;15;;;9911;14;9914;24;;;9905.0;0.0
yf_ADM_d0;7900;INTARIAN_PEPPER_ROOT;10917;23;10915;21;;;10928;16;10931;24;;;10922.5;0.0
yf_ADM_d0;8000;ASH_COATED_OSMIUM;9902;7;9899;15;;;9908;10;9911;31;;;9905.0;0.0
yf_ADM_d0;8000;INTARIAN_PEPPER_ROOT;10910;22;10906;21;;;10936;12;10940;14;;;10923.0;0.0
yf_ADM_d0;8100;ASH_COATED_OSMIUM;9903;15;9899;21;;;9909;9;9911;18;;;9906.0;0.0
yf_ADM_d0;8100;INTARIAN_PEPPER_ROOT;10920;15;10916;19;;;10926;20;10929;17;;;10923.0;0.0
yf_ADM_d0;8200;ASH_COATED_OSMIUM;9900;15;9896;23;;;9912;25;9916;27;;;9906.0;0.0
yf_ADM_d0;8200;INTARIAN_PEPPER_ROOT;10918;14;10914;23;;;10929;10;10933;27;;;10923.5;0.0
yf_ADM_d0;8300;ASH_COATED_OSMIUM;9902;19;9899;20;;;9908;17;9911;21;;;9905.0;0.0
yf_ADM_d0;8300;INTARIAN_PEPPER_ROOT;10920;19;10918;24;;;10926;10;10929;26;;;10923.0;0.0
yf_ADM_d0;8400;ASH_COATED_OSMIUM;9892;15;9889;24;;;9919;14;9921;18;;;9905.5;0.0
yf_ADM_d0;8400;INTARIAN_PEPPER_ROOT;10915;10;10913;23;;;10932;18;10935;14;;;10923.5;0.0
yf_ADM_d0;8500;ASH_COATED_OSMIUM;9891;11;9888;15;;;9919;24;9922;19;;;9905.0;0.0
yf_ADM_d0;8500;INTARIAN_PEPPER_ROOT;10922;5;10918;25;;;10928;10;10932;26;;;10925.0;0.0
yf_ADM_d0;8600;ASH_COATED_OSMIUM;9903;12;9901;11;;;9909;14;9911;19;;;9906.0;0.0
yf_ADM_d0;8600;INTARIAN_PEPPER_ROOT;10921;14;10918;12;;;10930;14;10933;24;;;10925.5;0.0
yf_ADM_d0;8700;ASH_COATED_OSMIUM;9902;10;9899;23;;;9908;18;9911;19;;;9905.0;0.0
yf_ADM_d0;8700;INTARIAN_PEPPER_ROOT;10919;16;10917;12;;;10931;5;10935;21;;;10925.0;0.0
yf_ADM_d0;8800;ASH_COATED_OSMIUM;9902;9;9898;24;;;9908;15;9910;14;;;9905.0;0.0
yf_ADM_d0;8800;INTARIAN_PEPPER_ROOT;10923;11;10921;28;;;10929;11;10932;23;;;10926.0;0.0
yf_ADM_d0;8900;ASH_COATED_OSMIUM;9900;19;9898;29;;;9909;7;9911;21;;;9904.5;0.0
yf_ADM_d0;8900;INTARIAN_PEPPER_ROOT;10923;14;10919;22;;;10929;11;10933;20;;;10926.0;0.0
yf_ADM_d0;9000;ASH_COATED_OSMIUM;9900;11;9898;17;;;9909;20;9911;12;;;9904.5;0.0
yf_ADM_d0;9000;INTARIAN_PEPPER_ROOT;10920;20;10916;27;;;10933;18;10937;17;;;10926.5;0.0
yf_ADM_d0;9100;ASH_COATED_OSMIUM;9901;15;9899;20;;;9907;21;9909;16;;;9904.0;0.0
yf_ADM_d0;9100;INTARIAN_PEPPER_ROOT;10924;20;10921;21;;;10930;8;10933;29;;;10927.0;0.0
yf_ADM_d0;9200;ASH_COATED_OSMIUM;9900;13;9898;24;;;9910;14;9913;17;;;9905.0;0.0
yf_ADM_d0;9200;INTARIAN_PEPPER_ROOT;10924;17;10922;15;;;10931;9;10934;21;;;10927.5;0.0
yf_ADM_d0;9300;ASH_COATED_OSMIUM;9902;8;9899;35;;;9908;20;9912;17;;;9905.0;0.0
yf_ADM_d0;9300;INTARIAN_PEPPER_ROOT;10920;19;10917;24;;;10936;23;10940;20;;;10928.0;0.0
yf_ADM_d0;9400;ASH_COATED_OSMIUM;9902;11;9898;20;;;9908;14;9912;17;;;9905.0;0.0
yf_ADM_d0;9400;INTARIAN_PEPPER_ROOT;10924;7;10922;21;;;10934;10;10937;22;;;10929.0;0.0
yf_ADM_d0;9500;ASH_COATED_OSMIUM;9896;11;9892;27;;;9913;11;9916;23;;;9904.5;0.0
yf_ADM_d0;9500;INTARIAN_PEPPER_ROOT;10924;9;10922;15;;;10933;17;10937;21;;;10928.5;0.0
yf_ADM_d0;9600;ASH_COATED_OSMIUM;9892;19;9888;17;;;9916;13;9919;24;;;9904.0;0.0
yf_ADM_d0;9600;INTARIAN_PEPPER_ROOT;10922;15;10918;20;;;10937;19;10940;16;;;10929.5;0.0
yf_ADM_d0;9700;ASH_COATED_OSMIUM;9902;16;9898;15;;;9908;10;9911;24;;;9905.0;0.0
yf_ADM_d0;9700;INTARIAN_PEPPER_ROOT;10927;7;10924;20;;;10933;15;10937;14;;;10930.0;0.0
yf_ADM_d0;9800;ASH_COATED_OSMIUM;9902;8;9898;14;;;9908;24;9912;22;;;9905.0;0.0
yf_ADM_d0;9800;INTARIAN_PEPPER_ROOT;10922;5;10920;24;;;10937;5;10941;26;;;10929.5;0.0
yf_ADM_d0;9900;ASH_COATED_OSMIUM;9901;21;9898;29;;;9908;14;9911;18;;;9904.5;0.0
yf_ADM_d0;9900;INTARIAN_PEPPER_ROOT;10927;6;10925;18;;;10933;21;10935;24;;;10930.0;0.0
yf_ADM_d0;10000;ASH_COATED_OSMIUM;9900;11;9897;27;;;9909;17;9911;25;;;9904.5;0.0
yf_ADM_d0;10000;INTARIAN_PEPPER_ROOT;10927;11;10924;17;;;10935;17;10939;18;;;10931.0;0.0
yf_ADM_d0;10100;ASH_COATED_OSMIUM;9901;24;9899;22;;;9907;26;9911;20;;;9904.0;0.0
yf_ADM_d0;10100;INTARIAN_PEPPER_ROOT;10927;13;10924;21;;;10935;17;10939;20;;;10931.0;0.0
yf_ADM_d0;10200;ASH_COATED_OSMIUM;9901;15;9897;28;;;9908;17;9910;18;;;9904.5;0.0
yf_ADM_d0;10200;INTARIAN_PEPPER_ROOT;10925;9;10921;22;;;10938;24;10940;19;;;10931.5;0.0
yf_ADM_d0;10300;ASH_COATED_OSMIUM;9901;8;9898;29;;;9907;12;9911;27;;;9904.0;0.0
yf_ADM_d0;10300;INTARIAN_PEPPER_ROOT;10929;17;10927;25;;;10935;11;10939;13;;;10932.0;0.0
yf_ADM_d0;10400;ASH_COATED_OSMIUM;9899;16;9897;19;;;9908;10;9912;12;;;9903.5;0.0
yf_ADM_d0;10400;INTARIAN_PEPPER_ROOT;10930;21;10926;10;;;10936;21;10939;21;;;10933.0;0.0
yf_ADM_d0;10500;ASH_COATED_OSMIUM;9901;20;9897;17;;;9907;17;9910;22;;;9904.0;0.0
yf_ADM_d0;10500;INTARIAN_PEPPER_ROOT;10930;11;10927;10;;;10936;20;10940;19;;;10933.0;0.0
yf_ADM_d0;10600;ASH_COATED_OSMIUM;9896;17;9892;14;;;9911;8;9914;9;;;9903.5;0.0
yf_ADM_d0;10600;INTARIAN_PEPPER_ROOT;10930;8;10927;16;;;10938;16;10942;21;;;10934.0;0.0
yf_ADM_d0;10700;ASH_COATED_OSMIUM;9901;17;9899;14;;;9907;20;9909;13;;;9904.0;0.0
yf_ADM_d0;10700;INTARIAN_PEPPER_ROOT;10931;21;10927;23;;;10938;5;10942;12;;;10934.5;0.0
yf_ADM_d0;10800;ASH_COATED_OSMIUM;9901;21;9897;15;;;9907;13;9911;12;;;9904.0;0.0
yf_ADM_d0;10800;INTARIAN_PEPPER_ROOT;10931;12;10928;23;;;10937;12;10941;19;;;10934.0;0.0
yf_ADM_d0;10900;ASH_COATED_OSMIUM;9901;5;9897;17;;;9907;17;9910;23;;;9904.0;0.0
yf_ADM_d0;10900;INTARIAN_PEPPER_ROOT;10928;20;10926;22;;;10940;12;10942;18;;;10934.0;0.0
yf_ADM_d0;11000;ASH_COATED_OSMIUM;9899;5;9896;24;;;9909;12;9911;24;;;9904.0;0.0
yf_ADM_d0;11000;INTARIAN_PEPPER_ROOT;10932;5;10928;23;;;10938;16;10942;20;;;10935.0;0.0
yf_ADM_d0;11100;ASH_COATED_OSMIUM;9901;9;9898;21;;;9907;12;9910;12;;;9904.0;0.0
yf_ADM_d0;11100;INTARIAN_PEPPER_ROOT;10932;17;10928;19;;;10938;12;10941;20;;;10935.0;0.0
yf_ADM_d0;11200;ASH_COATED_OSMIUM;9898;14;9894;16;;;9909;18;9913;24;;;9903.5;0.0
yf_ADM_d0;11200;INTARIAN_PEPPER_ROOT;10933;13;10929;17;;;10939;19;10943;20;;;10936.0;0.0
yf_ADM_d0;11300;ASH_COATED_OSMIUM;9900;15;9897;16;;;9907;17;9909;8;;;9903.5;0.0
yf_ADM_d0;11300;INTARIAN_PEPPER_ROOT;10933;20;10929;22;;;10939;17;10942;21;;;10936.0;0.0
yf_ADM_d0;11400;ASH_COATED_OSMIUM;9901;11;9898;26;;;9907;14;9909;20;;;9904.0;0.0
yf_ADM_d0;11400;INTARIAN_PEPPER_ROOT;10933;19;10931;18;;;10941;18;10944;17;;;10937.0;0.0
yf_ADM_d0;11500;ASH_COATED_OSMIUM;9900;12;9898;16;;;9906;11;9908;23;;;9903.0;0.0
yf_ADM_d0;11500;INTARIAN_PEPPER_ROOT;10934;14;10931;16;;;10940;12;10942;21;;;10937.0;0.0
yf_ADM_d0;11600;ASH_COATED_OSMIUM;9895;16;9891;16;;;9913;13;9917;18;;;9904.0;0.0
yf_ADM_d0;11600;INTARIAN_PEPPER_ROOT;10934;19;10932;23;;;10942;13;10944;13;;;10938.0;0.0
yf_ADM_d0;11700;ASH_COATED_OSMIUM;9900;13;9896;26;;;9906;13;9910;18;;;9903.0;0.0
yf_ADM_d0;11700;INTARIAN_PEPPER_ROOT;10933;22;10931;34;;;10942;12;10944;10;;;10937.5;0.0
yf_ADM_d0;11800;ASH_COATED_OSMIUM;9900;26;9896;9;;;9906;16;9908;23;;;9903.0;0.0
yf_ADM_d0;11800;INTARIAN_PEPPER_ROOT;10935;24;10933;23;;;10941;22;10943;21;;;10938.0;0.0
yf_ADM_d0;11900;ASH_COATED_OSMIUM;9901;10;9898;16;;;9907;13;9911;28;;;9904.0;0.0
yf_ADM_d0;11900;INTARIAN_PEPPER_ROOT;10935;11;10933;21;;;10943;17;10946;17;;;10939.0;0.0
yf_ADM_d0;12000;ASH_COATED_OSMIUM;9901;21;9897;15;;;9907;20;9910;15;;;9904.0;0.0
yf_ADM_d0;12000;INTARIAN_PEPPER_ROOT;10936;17;10933;29;;;10942;17;10945;15;;;10939.0;0.0
yf_ADM_d0;12100;ASH_COATED_OSMIUM;9901;18;9899;16;;;9907;9;9911;11;;;9904.0;0.0
yf_ADM_d0;12100;INTARIAN_PEPPER_ROOT;10935;14;10933;15;;;10944;14;10946;18;;;10939.5;0.0
yf_ADM_d0;12200;ASH_COATED_OSMIUM;9899;15;9896;21;;;9907;12;9911;22;;;9903.0;0.0
yf_ADM_d0;12200;INTARIAN_PEPPER_ROOT;10935;26;10933;25;;;10944;22;10946;19;;;10939.5;0.0
yf_ADM_d0;12300;ASH_COATED_OSMIUM;9900;13;9897;18;;;9906;10;9909;21;;;9903.0;0.0
yf_ADM_d0;12300;INTARIAN_PEPPER_ROOT;10938;20;10934;18;;;10944;19;10947;23;;;10941.0;0.0
yf_ADM_d0;12400;ASH_COATED_OSMIUM;9899;20;9897;20;;;9905;10;9908;19;;;9902.0;0.0
yf_ADM_d0;12400;INTARIAN_PEPPER_ROOT;10931;19;10929;15;;;10950;20;10952;18;;;10940.5;0.0
yf_ADM_d0;12500;ASH_COATED_OSMIUM;9900;14;9897;18;;;9907;18;9910;15;;;9903.5;0.0
yf_ADM_d0;12500;INTARIAN_PEPPER_ROOT;10919;6;10916;21;;;10964;17;10967;17;;;10941.5;0.0
yf_ADM_d0;12600;ASH_COATED_OSMIUM;9900;27;9896;17;;;9906;5;9910;21;;;9903.0;0.0
yf_ADM_d0;12600;INTARIAN_PEPPER_ROOT;10936;21;10933;16;;;10948;13;10951;25;;;10942.0;0.0
yf_ADM_d0;12700;ASH_COATED_OSMIUM;9900;11;9897;16;;;9906;16;9910;16;;;9903.0;0.0
yf_ADM_d0;12700;INTARIAN_PEPPER_ROOT;10939;10;10935;11;;;10945;11;10949;18;;;10942.0;0.0
yf_ADM_d0;12800;ASH_COATED_OSMIUM;9893;18;9891;25;;;9913;11;9917;26;;;9903.0;0.0
yf_ADM_d0;12800;INTARIAN_PEPPER_ROOT;10939;21;10937;20;;;10945;12;10948;15;;;10942.0;0.0
yf_ADM_d0;12900;ASH_COATED_OSMIUM;9896;16;9893;20;;;9911;25;9915;21;;;9903.5;0.0
yf_ADM_d0;12900;INTARIAN_PEPPER_ROOT;10937;14;10933;24;;;10948;21;10950;18;;;10942.5;0.0
yf_ADM_d0;13000;ASH_COATED_OSMIUM;9900;6;9896;23;;;9906;6;9909;22;;;9903.0;0.0
yf_ADM_d0;13000;INTARIAN_PEPPER_ROOT;10936;21;10932;15;;;10952;16;10954;23;;;10944.0;0.0
yf_ADM_d0;13100;ASH_COATED_OSMIUM;9889;18;9887;11;;;9917;6;9920;25;;;9903.0;0.0
yf_ADM_d0;13100;INTARIAN_PEPPER_ROOT;10934;11;10932;26;;;10953;15;10955;22;;;10943.5;0.0
yf_ADM_d0;13200;ASH_COATED_OSMIUM;9897;11;9893;20;;;9907;20;9911;18;;;9902.0;0.0
yf_ADM_d0;13200;INTARIAN_PEPPER_ROOT;10939;7;10936;26;;;10948;18;10950;19;;;10943.5;0.0
yf_ADM_d0;13300;ASH_COATED_OSMIUM;9900;9;9897;25;;;9907;7;9910;20;;;9903.5;0.0
yf_ADM_d0;13300;INTARIAN_PEPPER_ROOT;10941;16;10939;25;;;10947;12;10950;22;;;10944.0;0.0
yf_ADM_d0;13400;ASH_COATED_OSMIUM;9896;12;9893;24;;;9910;13;9914;15;;;9903.0;0.0
yf_ADM_d0;13400;INTARIAN_PEPPER_ROOT;10938;6;10936;21;;;10951;13;10955;20;;;10944.5;0.0
yf_ADM_d0;13500;ASH_COATED_OSMIUM;9900;18;9896;22;;;9906;5;9908;20;;;9903.0;0.0
yf_ADM_d0;13500;INTARIAN_PEPPER_ROOT;10942;14;10940;18;;;10949;15;10951;18;;;10945.5;0.0
yf_ADM_d0;13600;ASH_COATED_OSMIUM;9900;24;9897;24;;;9906;10;9910;18;;;9903.0;0.0
yf_ADM_d0;13600;INTARIAN_PEPPER_ROOT;10942;18;10940;15;;;10950;13;10952;13;;;10946.0;0.0
yf_ADM_d0;13700;ASH_COATED_OSMIUM;9899;16;9895;22;;;9905;15;9908;23;;;9902.0;0.0
yf_ADM_d0;13700;INTARIAN_PEPPER_ROOT;10943;7;10941;24;;;10949;10;10952;8;;;10946.0;0.0
yf_ADM_d0;13800;ASH_COATED_OSMIUM;9899;22;9895;15;;;9905;13;9908;19;;;9902.0;0.0
yf_ADM_d0;13800;INTARIAN_PEPPER_ROOT;10943;5;10941;30;;;10950;12;10954;19;;;10946.5;0.0
yf_ADM_d0;13900;ASH_COATED_OSMIUM;9883;19;9881;19;;;9922;13;9924;15;;;9902.5;0.0
yf_ADM_d0;13900;INTARIAN_PEPPER_ROOT;10938;6;10934;20;;;10956;19;10960;22;;;10947.0;0.0
yf_ADM_d0;14000;ASH_COATED_OSMIUM;9890;13;9887;21;;;9915;22;9917;18;;;9902.5;0.0
yf_ADM_d0;14000;INTARIAN_PEPPER_ROOT;10945;13;10942;21;;;10951;10;10953;26;;;10948.0;0.0
yf_ADM_d0;14100;ASH_COATED_OSMIUM;9899;19;9895;17;;;9905;14;9908;20;;;9902.0;0.0
yf_ADM_d0;14100;INTARIAN_PEPPER_ROOT;10944;16;10941;18;;;10952;12;10955;14;;;10948.0;0.0
yf_ADM_d0;14200;ASH_COATED_OSMIUM;9898;14;9896;22;;;9906;18;9909;28;;;9902.0;0.0
yf_ADM_d0;14200;INTARIAN_PEPPER_ROOT;10945;24;10943;18;;;10951;23;10953;29;;;10948.0;0.0
yf_ADM_d0;14300;ASH_COATED_OSMIUM;9899;17;9895;17;;;9905;17;9909;16;;;9902.0;0.0
yf_ADM_d0;14300;INTARIAN_PEPPER_ROOT;10946;11;10942;24;;;10952;10;10955;17;;;10949.0;0.0
yf_ADM_d0;14400;ASH_COATED_OSMIUM;9895;8;9891;18;;;9910;6;9913;14;;;9902.5;0.0
yf_ADM_d0;14400;INTARIAN_PEPPER_ROOT;10946;10;10943;13;;;10952;5;10956;21;;;10949.0;0.0
yf_ADM_d0;14500;ASH_COATED_OSMIUM;9898;16;9894;25;;;9907;25;9909;22;;;9902.5;0.0
yf_ADM_d0;14500;INTARIAN_PEPPER_ROOT;10946;16;10944;21;;;10953;16;10957;20;;;10949.5;0.0
yf_ADM_d0;14600;ASH_COATED_OSMIUM;9898;13;9896;19;;;9904;17;9906;25;;;9901.0;0.0
yf_ADM_d0;14600;INTARIAN_PEPPER_ROOT;10947;14;10943;21;;;10953;11;10956;25;;;10950.0;0.0
yf_ADM_d0;14700;ASH_COATED_OSMIUM;9898;10;9896;27;;;9907;15;9911;22;;;9902.5;0.0
yf_ADM_d0;14700;INTARIAN_PEPPER_ROOT;10947;9;10944;14;;;10953;5;10957;25;;;10950.0;0.0
yf_ADM_d0;14800;ASH_COATED_OSMIUM;9899;17;9895;14;;;9905;5;9909;14;;;9902.0;0.0
yf_ADM_d0;14800;INTARIAN_PEPPER_ROOT;10948;11;10946;20;;;10954;15;10957;21;;;10951.0;0.0
yf_ADM_d0;14900;ASH_COATED_OSMIUM;9899;18;9896;21;;;9905;15;9908;10;;;9902.0;0.0
yf_ADM_d0;14900;INTARIAN_PEPPER_ROOT;10948;20;10944;23;;;10954;15;10957;11;;;10951.0;0.0
yf_ADM_d0;15000;ASH_COATED_OSMIUM;9898;12;9895;15;;;9904;5;9906;21;;;9901.0;0.0
yf_ADM_d0;15000;INTARIAN_PEPPER_ROOT;10944;10;10941;8;;;10958;7;10960;19;;;10951.0;0.0
yf_ADM_d0;15100;ASH_COATED_OSMIUM;9896;12;9894;20;;;9907;16;9910;15;;;9901.5;0.0
yf_ADM_d0;15100;INTARIAN_PEPPER_ROOT;10941;16;10938;19;;;10963;19;10967;15;;;10952.0;0.0
yf_ADM_d0;15200;ASH_COATED_OSMIUM;9896;16;9894;19;;;9907;7;9911;27;;;9901.5;0.0
yf_ADM_d0;15200;INTARIAN_PEPPER_ROOT;10947;16;10945;16;;;10957;15;10960;19;;;10952.0;0.0
yf_ADM_d0;15300;ASH_COATED_OSMIUM;9892;14;9890;18;;;9910;14;9913;11;;;9901.0;0.0
yf_ADM_d0;15300;INTARIAN_PEPPER_ROOT;10949;19;10946;17;;;10956;7;10960;24;;;10952.5;0.0
yf_ADM_d0;15400;ASH_COATED_OSMIUM;9899;14;9896;21;;;9905;18;9908;15;;;9902.0;0.0
yf_ADM_d0;15400;INTARIAN_PEPPER_ROOT;10949;15;10947;24;;;10957;8;10961;14;;;10953.0;0.0
yf_ADM_d0;15500;ASH_COATED_OSMIUM;9898;18;9895;14;;;9904;20;9906;14;;;9901.0;0.0
yf_ADM_d0;15500;INTARIAN_PEPPER_ROOT;10948;16;10944;15;;;10959;21;10963;23;;;10953.5;0.0
yf_ADM_d0;15600;ASH_COATED_OSMIUM;9899;7;9896;16;;;9905;7;9909;26;;;9902.0;0.0
yf_ADM_d0;15600;INTARIAN_PEPPER_ROOT;10950;7;10946;15;;;10957;22;10960;18;;;10953.5;0.0
yf_ADM_d0;15700;ASH_COATED_OSMIUM;9898;15;9896;16;;;9904;14;9907;18;;;9901.0;0.0
yf_ADM_d0;15700;INTARIAN_PEPPER_ROOT;10952;6;10949;14;;;10958;27;10961;14;;;10955.0;0.0
yf_ADM_d0;15800;ASH_COATED_OSMIUM;9899;8;9896;27;;;9905;10;9907;20;;;9902.0;0.0
yf_ADM_d0;15800;INTARIAN_PEPPER_ROOT;10950;14;10946;17;;;10959;13;10961;22;;;10954.5;0.0
yf_ADM_d0;15900;ASH_COATED_OSMIUM;9898;17;9894;21;;;9904;27;9906;24;;;9901.0;0.0
yf_ADM_d0;15900;INTARIAN_PEPPER_ROOT;10952;13;10948;25;;;10958;14;10962;22;;;10955.0;0.0
yf_ADM_d0;16000;ASH_COATED_OSMIUM;9899;16;9897;27;;;9905;16;9909;11;;;9902.0;0.0
yf_ADM_d0;16000;INTARIAN_PEPPER_ROOT;10952;9;10948;16;;;10959;5;10962;23;;;10955.5;0.0
yf_ADM_d0;16100;ASH_COATED_OSMIUM;9898;17;9894;24;;;9904;15;9906;21;;;9901.0;0.0
yf_ADM_d0;16100;INTARIAN_PEPPER_ROOT;10953;13;10950;8;;;10959;17;10962;23;;;10956.0;0.0
yf_ADM_d0;16200;ASH_COATED_OSMIUM;9898;15;9894;18;;;9904;17;9908;16;;;9901.0;0.0
yf_ADM_d0;16200;INTARIAN_PEPPER_ROOT;10953;12;10949;12;;;10959;21;10963;26;;;10956.0;0.0
yf_ADM_d0;16300;ASH_COATED_OSMIUM;9898;18;9896;20;;;9904;16;9907;19;;;9901.0;0.0
yf_ADM_d0;16300;INTARIAN_PEPPER_ROOT;10954;15;10950;19;;;10960;15;10964;13;;;10957.0;0.0
yf_ADM_d0;16400;ASH_COATED_OSMIUM;9897;12;9893;22;;;9903;14;9905;19;;;9900.0;0.0
yf_ADM_d0;16400;INTARIAN_PEPPER_ROOT;10955;14;10951;10;;;10961;13;10965;21;;;10958.0;0.0
yf_ADM_d0;16500;ASH_COATED_OSMIUM;9898;14;9896;18;;;9904;9;9907;14;;;9901.0;0.0
yf_ADM_d0;16500;INTARIAN_PEPPER_ROOT;10954;16;10950;20;;;10960;15;10964;24;;;10957.0;0.0
yf_ADM_d0;16600;ASH_COATED_OSMIUM;9880;7;9876;19;;;9923;12;9927;18;;;9901.5;0.0
yf_ADM_d0;16600;INTARIAN_PEPPER_ROOT;10955;23;10952;19;;;10961;14;10963;14;;;10958.0;0.0
yf_ADM_d0;16700;ASH_COATED_OSMIUM;9898;26;9894;16;;;9904;14;9906;9;;;9901.0;0.0
yf_ADM_d0;16700;INTARIAN_PEPPER_ROOT;10956;16;10953;17;;;10962;15;10966;23;;;10959.0;0.0
yf_ADM_d0;16800;ASH_COATED_OSMIUM;9898;20;9896;27;;;9904;14;9906;21;;;9901.0;0.0
yf_ADM_d0;16800;INTARIAN_PEPPER_ROOT;10955;5;10953;21;;;10963;14;10967;20;;;10959.0;0.0
yf_ADM_d0;16900;ASH_COATED_OSMIUM;9898;21;9895;16;;;9904;18;9908;23;;;9901.0;0.0
yf_ADM_d0;16900;INTARIAN_PEPPER_ROOT;10957;11;10954;18;;;10963;16;10967;25;;;10960.0;0.0
yf_ADM_d0;17000;ASH_COATED_OSMIUM;9898;16;9896;20;;;9904;11;9907;13;;;9901.0;0.0
yf_ADM_d0;17000;INTARIAN_PEPPER_ROOT;10959;13;10956;15;;;10965;14;10968;15;;;10962.0;0.0
yf_ADM_d0;17100;ASH_COATED_OSMIUM;9895;19;9891;17;;;9906;15;9910;16;;;9900.5;0.0
yf_ADM_d0;17100;INTARIAN_PEPPER_ROOT;10959;19;10956;16;;;10971;10;10973;18;;;10965.0;0.0
yf_ADM_d0;17200;ASH_COATED_OSMIUM;9898;9;9894;13;;;9904;15;9907;21;;;9901.0;0.0
yf_ADM_d0;17200;INTARIAN_PEPPER_ROOT;10966;23;10964;27;;;10972;19;10974;22;;;10969.0;0.0
yf_ADM_d0;17300;ASH_COATED_OSMIUM;9893;15;9890;26;;;9909;16;9912;16;;;9901.0;0.0
yf_ADM_d0;17300;INTARIAN_PEPPER_ROOT;10964;18;10961;21;;;10980;15;10983;15;;;10972.0;0.0
yf_ADM_d0;17400;ASH_COATED_OSMIUM;9898;15;9895;26;;;9904;17;9907;21;;;9901.0;0.0
yf_ADM_d0;17400;INTARIAN_PEPPER_ROOT;10972;10;10969;8;;;10978;18;10981;25;;;10975.0;0.0
yf_ADM_d0;17500;ASH_COATED_OSMIUM;9893;22;9890;14;;;9908;10;9910;15;;;9900.5;0.0
yf_ADM_d0;17500;INTARIAN_PEPPER_ROOT;10976;22;10974;25;;;10982;23;10984;19;;;10979.0;0.0
yf_ADM_d0;17600;ASH_COATED_OSMIUM;9898;14;9896;23;;;9904;26;9908;15;;;9901.0;0.0
yf_ADM_d0;17600;INTARIAN_PEPPER_ROOT;10980;18;10976;25;;;10986;11;10990;21;;;10983.0;0.0
yf_ADM_d0;17700;ASH_COATED_OSMIUM;9898;12;9895;15;;;9904;14;9906;19;;;9901.0;0.0
yf_ADM_d0;17700;INTARIAN_PEPPER_ROOT;10981;7;10979;11;;;10994;8;10997;22;;;10987.5;0.0
yf_ADM_d0;17800;ASH_COATED_OSMIUM;9892;16;9888;28;;;9911;11;9914;30;;;9901.5;0.0
yf_ADM_d0;17800;INTARIAN_PEPPER_ROOT;10985;14;10981;24;;;10995;11;10998;20;;;10990.0;0.0
yf_ADM_d0;17900;ASH_COATED_OSMIUM;9892;13;9889;19;;;9910;17;9913;22;;;9901.0;0.0
yf_ADM_d0;17900;INTARIAN_PEPPER_ROOT;10991;18;10987;28;;;10998;19;11000;20;;;10994.5;0.0
yf_ADM_d0;18000;ASH_COATED_OSMIUM;9897;11;9893;8;;;9903;25;9907;8;;;9900.0;0.0
yf_ADM_d0;18000;INTARIAN_PEPPER_ROOT;10993;14;10990;23;;;11002;15;11005;17;;;10997.5;0.0
yf_ADM_d0;18100;ASH_COATED_OSMIUM;9898;16;9895;24;;;9904;12;9908;20;;;9901.0;0.0
yf_ADM_d0;18100;INTARIAN_PEPPER_ROOT;10998;10;10995;20;;;11004;12;11006;21;;;11001.0;0.0
yf_ADM_d0;18200;ASH_COATED_OSMIUM;9898;8;9896;19;;;9904;13;9907;19;;;9901.0;0.0
yf_ADM_d0;18200;INTARIAN_PEPPER_ROOT;11002;16;11000;20;;;11008;16;11011;20;;;11005.0;0.0
yf_ADM_d0;18300;ASH_COATED_OSMIUM;9898;17;9895;28;;;9904;18;9906;17;;;9901.0;0.0
yf_ADM_d0;18300;INTARIAN_PEPPER_ROOT;11000;17;10996;32;;;11017;5;11020;22;;;11008.5;0.0
yf_ADM_d0;18400;ASH_COATED_OSMIUM;9893;12;9891;17;;;9908;21;9911;23;;;9900.5;0.0
yf_ADM_d0;18400;INTARIAN_PEPPER_ROOT;11009;18;11005;15;;;11015;15;11019;28;;;11012.0;0.0
yf_ADM_d0;18500;ASH_COATED_OSMIUM;9898;13;9896;20;;;9904;21;9906;21;;;9901.0;0.0
yf_ADM_d0;18500;INTARIAN_PEPPER_ROOT;11013;13;11010;20;;;11019;15;11022;17;;;11016.0;0.0
yf_ADM_d0;18600;ASH_COATED_OSMIUM;9897;10;9895;15;;;9903;22;9906;28;;;9900.0;0.0
yf_ADM_d0;18600;INTARIAN_PEPPER_ROOT;11013;16;11011;16;;;11025;20;11029;28;;;11019.0;0.0
yf_ADM_d0;18700;ASH_COATED_OSMIUM;9887;14;9883;26;;;9915;7;9917;21;;;9901.0;0.0
yf_ADM_d0;18700;INTARIAN_PEPPER_ROOT;11019;10;11016;8;;;11026;16;11028;16;;;11022.5;0.0
yf_ADM_d0;18800;ASH_COATED_OSMIUM;9896;7;9893;19;;;9906;14;9910;28;;;9901.0;0.0
yf_ADM_d0;18800;INTARIAN_PEPPER_ROOT;11020;19;11016;25;;;11032;5;11034;11;;;11026.0;0.0
yf_ADM_d0;18900;ASH_COATED_OSMIUM;9893;18;9890;23;;;9908;10;9911;14;;;9900.5;0.0
yf_ADM_d0;18900;INTARIAN_PEPPER_ROOT;11026;15;11022;16;;;11032;15;11035;13;;;11029.0;0.0
yf_ADM_d0;19000;ASH_COATED_OSMIUM;9897;19;9895;16;;;9905;11;9907;25;;;9901.0;0.0
yf_ADM_d0;19000;INTARIAN_PEPPER_ROOT;11027;10;11023;16;;;11039;16;11041;26;;;11033.0;0.0
yf_ADM_d0;19100;ASH_COATED_OSMIUM;9898;14;9894;16;;;9904;10;9908;18;;;9901.0;0.0
yf_ADM_d0;19100;INTARIAN_PEPPER_ROOT;11034;15;11031;20;;;11040;15;11042;20;;;11037.0;0.0
yf_ADM_d0;19200;ASH_COATED_OSMIUM;9892;20;9888;13;;;9910;15;9914;17;;;9901.0;0.0
yf_ADM_d0;19200;INTARIAN_PEPPER_ROOT;11035;19;11031;19;;;11047;17;11049;19;;;11041.0;0.0
yf_ADM_d0;19300;ASH_COATED_OSMIUM;9888;30;9885;18;;;9913;17;9916;26;;;9900.5;0.0
yf_ADM_d0;19300;INTARIAN_PEPPER_ROOT;11041;16;11039;18;;;11048;12;11051;22;;;11044.5;0.0
yf_ADM_d0;19400;ASH_COATED_OSMIUM;9895;15;9893;23;;;9906;10;9908;22;;;9900.5;0.0
yf_ADM_d0;19400;INTARIAN_PEPPER_ROOT;11045;13;11042;21;;;11051;13;11054;24;;;11048.0;0.0
yf_ADM_d0;19500;ASH_COATED_OSMIUM;9898;17;9894;26;;;9904;5;9908;16;;;9901.0;0.0
yf_ADM_d0;19500;INTARIAN_PEPPER_ROOT;11048;17;11046;18;;;11054;15;11056;22;;;11051.0;0.0
yf_ADM_d0;19600;ASH_COATED_OSMIUM;9898;13;9895;16;;;9904;15;9906;23;;;9901.0;0.0
yf_ADM_d0;19600;INTARIAN_PEPPER_ROOT;11052;14;11050;24;;;11058;14;11062;19;;;11055.0;0.0
yf_ADM_d0;19700;ASH_COATED_OSMIUM;9888;17;9884;21;;;9914;5;9916;13;;;9901.0;0.0
yf_ADM_d0;19700;INTARIAN_PEPPER_ROOT;11053;10;11051;13;;;11063;5;11066;14;;;11058.0;0.0
yf_ADM_d0;19800;ASH_COATED_OSMIUM;9898;12;9895;23;;;9904;8;9907;14;;;9901.0;0.0
yf_ADM_d0;19800;INTARIAN_PEPPER_ROOT;11059;20;11056;20;;;11065;16;11069;24;;;11062.0;0.0
yf_ADM_d0;19900;ASH_COATED_OSMIUM;9897;9;9894;21;;;9903;12;9905;17;;;9900.0;0.0
yf_ADM_d0;19900;INTARIAN_PEPPER_ROOT;11063;16;11060;23;;;11069;24;11073;15;;;11066.0;0.0
yf_ADM_d0;20000;ASH_COATED_OSMIUM;9886;6;9882;19;;;9916;21;9919;24;;;9901.0;0.0
yf_ADM_d0;20000;INTARIAN_PEPPER_ROOT;11067;15;11065;16;;;11073;17;11076;22;;;11070.0;0.0
yf_ADM_d0;20100;ASH_COATED_OSMIUM;9889;9;9887;19;;;9912;20;9915;29;;;9900.5;0.0
yf_ADM_d0;20100;INTARIAN_PEPPER_ROOT;11069;14;11067;21;;;11077;12;11081;22;;;11073.0;0.0
yf_ADM_d0;20200;ASH_COATED_OSMIUM;9897;19;9894;27;;;9904;15;9907;11;;;9900.5;0.0
yf_ADM_d0;20200;INTARIAN_PEPPER_ROOT;11070;5;11066;12;;;11083;18;11086;12;;;11076.5;0.0
yf_ADM_d0;20300;ASH_COATED_OSMIUM;9897;22;9895;18;;;9903;13;9905;16;;;9900.0;0.0
yf_ADM_d0;20300;INTARIAN_PEPPER_ROOT;11077;11;11075;16;;;11083;22;11085;11;;;11080.0;0.0
yf_ADM_d0;20400;ASH_COATED_OSMIUM;9897;22;9893;23;;;9903;11;9907;25;;;9900.0;0.0
yf_ADM_d0;20400;INTARIAN_PEPPER_ROOT;11081;20;11078;24;;;11087;16;11090;20;;;11084.0;0.0
yf_ADM_d0;20500;ASH_COATED_OSMIUM;9890;26;9886;22;;;9912;17;9915;21;;;9901.0;0.0
yf_ADM_d0;20500;INTARIAN_PEPPER_ROOT;11074;16;11071;11;;;11101;24;11103;23;;;11087.5;0.0
yf_ADM_d0;20600;ASH_COATED_OSMIUM;9897;17;9894;13;;;9903;16;9906;12;;;9900.0;0.0
yf_ADM_d0;20600;INTARIAN_PEPPER_ROOT;11088;12;11086;22;;;11094;5;11097;26;;;11091.0;0.0
yf_ADM_d0;20700;ASH_COATED_OSMIUM;9897;7;9893;23;;;9903;18;9907;15;;;9900.0;0.0
yf_ADM_d0;20700;INTARIAN_PEPPER_ROOT;11092;11;11088;22;;;11098;13;11101;17;;;11095.0;0.0
yf_ADM_d0;20800;ASH_COATED_OSMIUM;9896;17;9894;20;;;9905;9;9909;23;;;9900.5;0.0
yf_ADM_d0;20800;INTARIAN_PEPPER_ROOT;11095;6;11093;23;;;11101;20;11103;16;;;11098.0;0.0
yf_ADM_d0;20900;ASH_COATED_OSMIUM;9895;10;9892;14;;;9906;16;9909;23;;;9900.5;0.0
yf_ADM_d0;20900;INTARIAN_PEPPER_ROOT;11099;15;11095;18;;;11105;24;11107;12;;;11102.0;0.0
yf_ADM_d0;21000;ASH_COATED_OSMIUM;9898;10;9895;17;;;9904;15;9908;22;;;9901.0;0.0
yf_ADM_d0;21000;INTARIAN_PEPPER_ROOT;11097;19;11093;19;;;11113;17;11115;14;;;11105.0;0.0
yf_ADM_d0;21100;ASH_COATED_OSMIUM;9898;11;9894;22;;;9904;18;9907;13;;;9901.0;0.0
yf_ADM_d0;21100;INTARIAN_PEPPER_ROOT;11106;15;11102;10;;;11112;27;11115;26;;;11109.0;0.0
yf_ADM_d0;21200;ASH_COATED_OSMIUM;9897;19;9894;11;;;9903;21;9906;21;;;9900.0;0.0
yf_ADM_d0;21200;INTARIAN_PEPPER_ROOT;11099;12;11096;24;;;11126;12;11129;21;;;11112.5;0.0
yf_ADM_d0;21300;ASH_COATED_OSMIUM;9897;13;9894;22;;;9904;5;9906;26;;;9900.5;0.0
yf_ADM_d0;21300;INTARIAN_PEPPER_ROOT;11110;12;11108;24;;;11121;15;11124;18;;;11115.5;0.0
yf_ADM_d0;21400;ASH_COATED_OSMIUM;9896;13;9893;18;;;9905;13;9907;16;;;9900.5;0.0
yf_ADM_d0;21400;INTARIAN_PEPPER_ROOT;11109;19;11106;22;;;11129;18;11131;12;;;11119.0;0.0
yf_ADM_d0;21500;ASH_COATED_OSMIUM;9897;19;9895;19;;;9903;12;9905;17;;;9900.0;0.0
yf_ADM_d0;21500;INTARIAN_PEPPER_ROOT;11119;12;11116;23;;;11128;20;11131;17;;;11123.5;0.0
yf_ADM_d0;21600;ASH_COATED_OSMIUM;9898;12;9894;23;;;9904;17;9908;26;;;9901.0;0.0
yf_ADM_d0;21600;INTARIAN_PEPPER_ROOT;11124;16;11121;13;;;11130;20;11133;20;;;11127.0;0.0
yf_ADM_d0;21700;ASH_COATED_OSMIUM;9898;5;9895;18;;;9904;29;9907;23;;;9901.0;0.0
yf_ADM_d0;21700;INTARIAN_PEPPER_ROOT;11127;21;11125;20;;;11133;12;11136;23;;;11130.0;0.0
yf_ADM_d0;21800;ASH_COATED_OSMIUM;9896;17;9892;22;;;9904;19;9906;23;;;9900.0;0.0
yf_ADM_d0;21800;INTARIAN_PEPPER_ROOT;11131;10;11128;19;;;11137;12;11141;17;;;11134.0;0.0
yf_ADM_d0;21900;ASH_COATED_OSMIUM;9893;13;9891;20;;;9908;21;9910;19;;;9900.5;0.0
yf_ADM_d0;21900;INTARIAN_PEPPER_ROOT;11134;5;11130;19;;;11141;17;11144;22;;;11137.5;0.0
yf_ADM_d0;22000;ASH_COATED_OSMIUM;9898;9;9894;22;;;9904;17;9908;19;;;9901.0;0.0
yf_ADM_d0;22000;INTARIAN_PEPPER_ROOT;11120;11;11116;24;;;11162;16;11164;13;;;11141.0;0.0
yf_ADM_d0;22100;ASH_COATED_OSMIUM;9893;15;9889;32;;;9907;22;9910;18;;;9900.0;0.0
yf_ADM_d0;22100;INTARIAN_PEPPER_ROOT;11142;15;11139;21;;;11148;19;11150;15;;;11145.0;0.0
yf_ADM_d0;22200;ASH_COATED_OSMIUM;9891;10;9889;17;;;9911;15;9913;19;;;9901.0;0.0
yf_ADM_d0;22200;INTARIAN_PEPPER_ROOT;11132;20;11128;9;;;11164;8;11168;21;;;11148.0;0.0
yf_ADM_d0;22300;ASH_COATED_OSMIUM;9897;14;9894;16;;;9903;26;9905;22;;;9900.0;0.0
yf_ADM_d0;22300;INTARIAN_PEPPER_ROOT;11145;16;11142;26;;;11158;22;11162;23;;;11151.5;0.0
yf_ADM_d0;22400;ASH_COATED_OSMIUM;9892;27;9888;16;;;9909;17;9913;19;;;9900.5;0.0
yf_ADM_d0;22400;INTARIAN_PEPPER_ROOT;11152;13;11150;20;;;11158;25;11161;22;;;11155.0;0.0
yf_ADM_d0;22500;ASH_COATED_OSMIUM;9897;14;9893;10;;;9903;12;9907;23;;;9900.0;0.0
yf_ADM_d0;22500;INTARIAN_PEPPER_ROOT;11156;21;11154;25;;;11162;8;11166;21;;;11159.0;0.0
yf_ADM_d0;22600;ASH_COATED_OSMIUM;9896;17;9892;22;;;9905;11;9908;26;;;9900.5;0.0
yf_ADM_d0;22600;INTARIAN_PEPPER_ROOT;11160;16;11158;21;;;11166;16;11170;28;;;11163.0;0.0
yf_ADM_d0;22700;ASH_COATED_OSMIUM;9897;10;9895;24;;;9903;17;9906;15;;;9900.0;0.0
yf_ADM_d0;22700;INTARIAN_PEPPER_ROOT;11164;17;11161;15;;;11170;12;11174;23;;;11167.0;0.0
yf_ADM_d0;22800;ASH_COATED_OSMIUM;9897;22;9893;17;;;9903;17;9906;25;;;9900.0;0.0
yf_ADM_d0;22800;INTARIAN_PEPPER_ROOT;11167;18;11163;22;;;11174;16;11178;18;;;11170.5;0.0
yf_ADM_d0;22900;ASH_COATED_OSMIUM;9897;17;9893;16;;;9904;12;9906;21;;;9900.5;0.0
yf_ADM_d0;22900;INTARIAN_PEPPER_ROOT;11171;17;11169;22;;;11177;5;11181;13;;;11174.0;0.0
yf_ADM_d0;23000;ASH_COATED_OSMIUM;9898;14;9895;17;;;9904;5;9908;25;;;9901.0;0.0
yf_ADM_d0;23000;INTARIAN_PEPPER_ROOT;11174;17;11172;17;;;11180;5;11183;20;;;11177.0;0.0
yf_ADM_d0;23100;ASH_COATED_OSMIUM;9897;16;9894;25;;;9903;14;9907;20;;;9900.0;0.0
yf_ADM_d0;23100;INTARIAN_PEPPER_ROOT;11174;17;11171;17;;;11189;18;11191;15;;;11181.5;0.0
yf_ADM_d0;23200;ASH_COATED_OSMIUM;9897;19;9895;15;;;9903;25;9906;16;;;9900.0;0.0
yf_ADM_d0;23200;INTARIAN_PEPPER_ROOT;11181;8;11179;16;;;11187;13;11191;29;;;11184.0;0.0
yf_ADM_d0;23300;ASH_COATED_OSMIUM;9897;10;9894;17;;;9904;10;9906;21;;;9900.5;0.0
yf_ADM_d0;23300;INTARIAN_PEPPER_ROOT;11185;10;11181;23;;;11191;13;11193;18;;;11188.0;0.0
yf_ADM_d0;23400;ASH_COATED_OSMIUM;9897;16;9895;16;;;9903;17;9906;18;;;9900.0;0.0
yf_ADM_d0;23400;INTARIAN_PEPPER_ROOT;11173;8;11169;14;;;11209;13;11212;21;;;11191.0;0.0
yf_ADM_d0;23500;ASH_COATED_OSMIUM;9879;6;9877;18;;;9922;21;9924;22;;;9900.5;0.0
yf_ADM_d0;23500;INTARIAN_PEPPER_ROOT;11190;17;11187;19;;;11199;6;11201;14;;;11194.5;0.0
yf_ADM_d0;23600;ASH_COATED_OSMIUM;9898;13;9894;22;;;9904;11;9908;20;;;9901.0;0.0
yf_ADM_d0;23600;INTARIAN_PEPPER_ROOT;11194;5;11190;23;;;11204;13;11206;18;;;11199.0;0.0
yf_ADM_d0;23700;ASH_COATED_OSMIUM;9897;21;9895;19;;;9903;6;9905;18;;;9900.0;0.0
yf_ADM_d0;23700;INTARIAN_PEPPER_ROOT;11189;13;11186;18;;;11215;23;11218;28;;;11202.0;0.0
yf_ADM_d0;23800;ASH_COATED_OSMIUM;9890;9;9888;15;;;9910;11;9912;14;;;9900.0;0.0
yf_ADM_d0;23800;INTARIAN_PEPPER_ROOT;11199;14;11195;18;;;11212;15;11216;27;;;11205.5;0.0
yf_ADM_d0;23900;ASH_COATED_OSMIUM;9876;16;9874;23;;;9924;7;9927;22;;;9900.0;0.0
yf_ADM_d0;23900;INTARIAN_PEPPER_ROOT;11206;9;11203;13;;;11212;12;11216;15;;;11209.0;0.0
yf_ADM_d0;24000;ASH_COATED_OSMIUM;9897;13;9895;23;;;9903;13;9906;20;;;9900.0;0.0
yf_ADM_d0;24000;INTARIAN_PEPPER_ROOT;11208;20;11206;22;;;11219;7;11222;15;;;11213.5;0.0
yf_ADM_d0;24100;ASH_COATED_OSMIUM;9898;18;9896;18;;;9904;16;9908;25;;;9901.0;0.0
yf_ADM_d0;24100;INTARIAN_PEPPER_ROOT;11214;15;11212;26;;;11220;15;11223;19;;;11217.0;0.0
yf_ADM_d0;24200;ASH_COATED_OSMIUM;9892;12;9890;22;;;9908;15;9912;8;;;9900.0;0.0
yf_ADM_d0;24200;INTARIAN_PEPPER_ROOT;11217;19;11213;22;;;11224;11;11226;19;;;11220.5;0.0
yf_ADM_d0;24300;ASH_COATED_OSMIUM;9897;14;9895;21;;;9903;11;9906;16;;;9900.0;0.0
yf_ADM_d0;24300;INTARIAN_PEPPER_ROOT;11221;15;11218;20;;;11227;10;11229;23;;;11224.0;0.0
yf_ADM_d0;24400;ASH_COATED_OSMIUM;9897;11;9895;21;;;9903;19;9905;14;;;9900.0;0.0
yf_ADM_d0;24400;INTARIAN_PEPPER_ROOT;11224;8;11222;9;;;11230;13;11232;13;;;11227.0;0.0
yf_ADM_d0;24500;ASH_COATED_OSMIUM;9897;17;9895;19;;;9904;17;9906;20;;;9900.5;0.0
yf_ADM_d0;24500;INTARIAN_PEPPER_ROOT;11228;23;11224;24;;;11234;17;11236;22;;;11231.0;0.0
yf_ADM_d0;24600;ASH_COATED_OSMIUM;9897;9;9893;14;;;9904;16;9907;26;;;9900.5;0.0
yf_ADM_d0;24600;INTARIAN_PEPPER_ROOT;11232;9;11229;22;;;11238;22;11241;21;;;11235.0;0.0
yf_ADM_d0;24700;ASH_COATED_OSMIUM;9898;24;9894;20;;;9904;18;9907;20;;;9901.0;0.0
yf_ADM_d0;24700;INTARIAN_PEPPER_ROOT;11235;16;11233;22;;;11243;8;11247;8;;;11239.0;0.0
yf_ADM_d0;24800;ASH_COATED_OSMIUM;9897;16;9895;33;;;9903;13;9906;22;;;9900.0;0.0
yf_ADM_d0;24800;INTARIAN_PEPPER_ROOT;11238;15;11234;14;;;11244;15;11248;23;;;11241.0;0.0
yf_ADM_d0;24900;ASH_COATED_OSMIUM;9887;24;9885;18;;;9913;11;9917;16;;;9900.0;0.0
yf_ADM_d0;24900;INTARIAN_PEPPER_ROOT;11243;19;11240;28;;;11249;18;11252;16;;;11246.0;0.0
yf_ADM_d0;25000;ASH_COATED_OSMIUM;9897;12;9893;24;;;9903;14;9907;30;;;9900.0;0.0
yf_ADM_d0;25000;INTARIAN_PEPPER_ROOT;11246;13;11242;19;;;11252;11;11254;21;;;11249.0;0.0
yf_ADM_d0;25100;ASH_COATED_OSMIUM;9897;13;9893;18;;;9904;13;9906;21;;;9900.5;0.0
yf_ADM_d0;25100;INTARIAN_PEPPER_ROOT;11249;12;11247;15;;;11257;12;11259;20;;;11253.0;0.0
yf_ADM_d0;25200;ASH_COATED_OSMIUM;9894;17;9891;25;;;9906;12;9908;22;;;9900.0;0.0
yf_ADM_d0;25200;INTARIAN_PEPPER_ROOT;11252;18;11250;26;;;11260;19;11262;16;;;11256.0;0.0
yf_ADM_d0;25300;ASH_COATED_OSMIUM;9897;20;9895;15;;;9903;15;9905;19;;;9900.0;0.0
yf_ADM_d0;25300;INTARIAN_PEPPER_ROOT;11257;12;11254;17;;;11265;9;11269;21;;;11261.0;0.0
yf_ADM_d0;25400;ASH_COATED_OSMIUM;9892;17;9888;16;;;9908;9;9911;16;;;9900.0;0.0
yf_ADM_d0;25400;INTARIAN_PEPPER_ROOT;11258;17;11255;16;;;11269;13;11272;17;;;11263.5;0.0
yf_ADM_d0;25500;ASH_COATED_OSMIUM;9897;17;9894;12;;;9903;20;9907;21;;;9900.0;0.0
yf_ADM_d0;25500;INTARIAN_PEPPER_ROOT;11264;28;11261;12;;;11270;18;11272;25;;;11267.0;0.0
yf_ADM_d0;25600;ASH_COATED_OSMIUM;9890;14;9888;23;;;9909;18;9912;20;;;9899.5;0.0
yf_ADM_d0;25600;INTARIAN_PEPPER_ROOT;11253;19;11250;13;;;11289;23;11291;19;;;11271.0;0.0
yf_ADM_d0;25700;ASH_COATED_OSMIUM;9895;13;9891;28;;;9906;17;9909;19;;;9900.5;0.0
yf_ADM_d0;25700;INTARIAN_PEPPER_ROOT;11271;25;11268;17;;;11277;21;11279;27;;;11274.0;0.0
yf_ADM_d0;25800;ASH_COATED_OSMIUM;9897;20;9895;23;;;9903;5;9906;19;;;9900.0;0.0
yf_ADM_d0;25800;INTARIAN_PEPPER_ROOT;11265;11;11262;25;;;11289;14;11293;19;;;11277.0;0.0
yf_ADM_d0;25900;ASH_COATED_OSMIUM;9894;20;9890;29;;;9906;11;9909;17;;;9900.0;0.0
yf_ADM_d0;25900;INTARIAN_PEPPER_ROOT;11278;5;11275;25;;;11284;21;11288;18;;;11281.0;0.0
yf_ADM_d0;26000;ASH_COATED_OSMIUM;9897;11;9893;15;;;9903;22;9906;14;;;9900.0;0.0
yf_ADM_d0;26000;INTARIAN_PEPPER_ROOT;11282;12;11278;18;;;11288;12;11292;23;;;11285.0;0.0
yf_ADM_d0;26100;ASH_COATED_OSMIUM;9897;15;9894;25;;;9903;11;9906;16;;;9900.0;0.0
yf_ADM_d0;26100;INTARIAN_PEPPER_ROOT;11280;13;11277;21;;;11298;14;11300;20;;;11289.0;0.0
yf_ADM_d0;26200;ASH_COATED_OSMIUM;9897;14;9893;19;;;9903;21;9907;17;;;9900.0;0.0
yf_ADM_d0;26200;INTARIAN_PEPPER_ROOT;11286;20;11282;17;;;11297;11;11301;23;;;11291.5;0.0
yf_ADM_d0;26300;ASH_COATED_OSMIUM;9897;14;9895;19;;;9903;16;9905;16;;;9900.0;0.0
yf_ADM_d0;26300;INTARIAN_PEPPER_ROOT;11292;6;11290;25;;;11299;20;11302;15;;;11295.5;0.0
yf_ADM_d0;26400;ASH_COATED_OSMIUM;9893;8;9890;21;;;9907;15;9911;19;;;9900.0;0.0
yf_ADM_d0;26400;INTARIAN_PEPPER_ROOT;11297;16;11294;22;;;11303;14;11305;15;;;11300.0;0.0
yf_ADM_d0;26500;ASH_COATED_OSMIUM;9897;24;9894;20;;;9903;17;9905;17;;;9900.0;0.0
yf_ADM_d0;26500;INTARIAN_PEPPER_ROOT;11300;15;11296;27;;;11306;17;11308;18;;;11303.0;0.0
yf_ADM_d0;26600;ASH_COATED_OSMIUM;9897;14;9894;21;;;9903;18;9907;18;;;9900.0;0.0
yf_ADM_d0;26600;INTARIAN_PEPPER_ROOT;11303;9;11301;18;;;11309;17;11313;13;;;11306.0;0.0
yf_ADM_d0;26700;ASH_COATED_OSMIUM;9885;24;9881;20;;;9913;12;9915;22;;;9899.0;0.0
yf_ADM_d0;26700;INTARIAN_PEPPER_ROOT;11307;8;11303;15;;;11313;15;11317;24;;;11310.0;0.0
yf_ADM_d0;26800;ASH_COATED_OSMIUM;9891;6;9889;17;;;9909;17;9913;25;;;9900.0;0.0
yf_ADM_d0;26800;INTARIAN_PEPPER_ROOT;11301;13;11298;24;;;11326;21;11329;17;;;11313.5;0.0
yf_ADM_d0;26900;ASH_COATED_OSMIUM;9893;18;9889;22;;;9906;15;9909;21;;;9899.5;0.0
yf_ADM_d0;26900;INTARIAN_PEPPER_ROOT;11314;22;11310;17;;;11320;12;11322;15;;;11317.0;0.0
yf_ADM_d0;27000;ASH_COATED_OSMIUM;9897;19;9894;18;;;9903;10;9905;15;;;9900.0;0.0
yf_ADM_d0;27000;INTARIAN_PEPPER_ROOT;11318;15;11315;14;;;11324;16;11326;17;;;11321.0;0.0
yf_ADM_d0;27100;ASH_COATED_OSMIUM;9897;17;9893;8;;;9903;19;9905;18;;;9900.0;0.0
yf_ADM_d0;27100;INTARIAN_PEPPER_ROOT;11322;19;11319;15;;;11328;13;11330;18;;;11325.0;0.0
yf_ADM_d0;27200;ASH_COATED_OSMIUM;9893;17;9891;13;;;9908;9;9912;16;;;9900.5;0.0
yf_ADM_d0;27200;INTARIAN_PEPPER_ROOT;11325;10;11321;19;;;11331;11;11334;22;;;11328.0;0.0
yf_ADM_d0;27300;ASH_COATED_OSMIUM;9892;14;9890;17;;;9907;10;9909;18;;;9899.5;0.0
yf_ADM_d0;27300;INTARIAN_PEPPER_ROOT;11325;15;11321;28;;;11339;21;11343;21;;;11332.0;0.0
yf_ADM_d0;27400;ASH_COATED_OSMIUM;9897;12;9894;27;;;9903;21;9906;14;;;9900.0;0.0
yf_ADM_d0;27400;INTARIAN_PEPPER_ROOT;11332;18;11328;17;;;11338;18;11342;27;;;11335.0;0.0
yf_ADM_d0;27500;ASH_COATED_OSMIUM;9895;12;9893;14;;;9905;5;9909;18;;;9900.0;0.0
yf_ADM_d0;27500;INTARIAN_PEPPER_ROOT;11331;18;11329;14;;;11345;18;11347;18;;;11338.0;0.0
yf_ADM_d0;27600;ASH_COATED_OSMIUM;9897;8;9893;25;;;9903;22;9906;25;;;9900.0;0.0
yf_ADM_d0;27600;INTARIAN_PEPPER_ROOT;11339;21;11336;15;;;11345;17;11347;13;;;11342.0;0.0
yf_ADM_d0;27700;ASH_COATED_OSMIUM;9898;15;9896;17;;;9904;20;9907;15;;;9901.0;0.0
yf_ADM_d0;27700;INTARIAN_PEPPER_ROOT;11343;10;11339;10;;;11349;13;11353;19;;;11346.0;0.0
yf_ADM_d0;27800;ASH_COATED_OSMIUM;9897;11;9893;21;;;9903;7;9905;20;;;9900.0;0.0
yf_ADM_d0;27800;INTARIAN_PEPPER_ROOT;11346;13;11342;23;;;11352;8;11354;11;;;11349.0;0.0
yf_ADM_d0;27900;ASH_COATED_OSMIUM;9897;10;9895;16;;;9903;15;9906;23;;;9900.0;0.0
yf_ADM_d0;27900;INTARIAN_PEPPER_ROOT;11348;13;11346;22;;;11358;16;11362;19;;;11353.0;0.0
yf_ADM_d0;28000;ASH_COATED_OSMIUM;9897;12;9895;20;;;9903;9;9907;21;;;9900.0;0.0
yf_ADM_d0;28000;INTARIAN_PEPPER_ROOT;11352;13;11348;21;;;11361;8;11365;19;;;11356.5;0.0
yf_ADM_d0;28100;ASH_COATED_OSMIUM;9897;15;9894;24;;;9904;15;9908;11;;;9900.5;0.0
yf_ADM_d0;28100;INTARIAN_PEPPER_ROOT;11349;13;11347;25;;;11373;19;11375;22;;;11361.0;0.0
yf_ADM_d0;28200;ASH_COATED_OSMIUM;9897;19;9895;22;;;9903;20;9906;26;;;9900.0;0.0
yf_ADM_d0;28200;INTARIAN_PEPPER_ROOT;11358;13;11356;23;;;11370;15;11373;19;;;11364.0;0.0
yf_ADM_d0;28300;ASH_COATED_OSMIUM;9894;26;9891;20;;;9905;12;9908;15;;;9899.5;0.0
yf_ADM_d0;28300;INTARIAN_PEPPER_ROOT;11364;16;11362;23;;;11370;17;11374;24;;;11367.0;0.0
yf_ADM_d0;28400;ASH_COATED_OSMIUM;9897;12;9895;18;;;9903;12;9907;34;;;9900.0;0.0
yf_ADM_d0;28400;INTARIAN_PEPPER_ROOT;11367;5;11364;16;;;11374;7;11376;21;;;11370.5;0.0
yf_ADM_d0;28500;ASH_COATED_OSMIUM;9896;5;9894;18;;;9904;9;9906;10;;;9900.0;0.0
yf_ADM_d0;28500;INTARIAN_PEPPER_ROOT;11371;13;11369;18;;;11377;12;11380;24;;;11374.0;0.0
yf_ADM_d0;28600;ASH_COATED_OSMIUM;9895;17;9891;20;;;9906;22;9908;20;;;9900.5;0.0
yf_ADM_d0;28600;INTARIAN_PEPPER_ROOT;11375;18;11373;16;;;11381;26;11384;12;;;11378.0;0.0
yf_ADM_d0;28700;ASH_COATED_OSMIUM;9894;8;9890;16;;;9906;15;9910;18;;;9900.0;0.0
yf_ADM_d0;28700;INTARIAN_PEPPER_ROOT;11379;15;11377;20;;;11385;19;11388;13;;;11382.0;0.0
yf_ADM_d0;28800;ASH_COATED_OSMIUM;9897;17;9893;17;;;9903;12;9907;22;;;9900.0;0.0
yf_ADM_d0;28800;INTARIAN_PEPPER_ROOT;11382;16;11378;18;;;11388;16;11390;18;;;11385.0;0.0
yf_ADM_d0;28900;ASH_COATED_OSMIUM;9896;19;9892;26;;;9902;15;9906;22;;;9899.0;0.0
yf_ADM_d0;28900;INTARIAN_PEPPER_ROOT;11384;16;11380;16;;;11394;5;11397;19;;;11389.0;0.0
yf_ADM_d0;29000;ASH_COATED_OSMIUM;9896;13;9894;23;;;9903;13;9906;15;;;9899.5;0.0
yf_ADM_d0;29000;INTARIAN_PEPPER_ROOT;11382;12;11380;19;;;11404;23;11408;17;;;11393.0;0.0
yf_ADM_d0;29100;ASH_COATED_OSMIUM;9895;16;9893;14;;;9905;17;9907;18;;;9900.0;0.0
yf_ADM_d0;29100;INTARIAN_PEPPER_ROOT;11393;15;11390;13;;;11399;12;11402;21;;;11396.0;0.0
yf_ADM_d0;29200;ASH_COATED_OSMIUM;9895;15;9893;24;;;9904;15;9908;16;;;9899.5;0.0
yf_ADM_d0;29200;INTARIAN_PEPPER_ROOT;11391;23;11387;15;;;11408;20;11412;18;;;11399.5;0.0
yf_ADM_d0;29300;ASH_COATED_OSMIUM;9897;12;9895;20;;;9903;16;9906;12;;;9900.0;0.0
yf_ADM_d0;29300;INTARIAN_PEPPER_ROOT;11400;5;11396;26;;;11406;18;11408;16;;;11403.0;0.0
yf_ADM_d0;29400;ASH_COATED_OSMIUM;9896;20;9893;24;;;9902;18;9906;19;;;9899.0;0.0
yf_ADM_d0;29400;INTARIAN_PEPPER_ROOT;11404;17;11400;23;;;11410;13;11413;22;;;11407.0;0.0
yf_ADM_d0;29500;ASH_COATED_OSMIUM;9897;14;9895;15;;;9903;14;9907;15;;;9900.0;0.0
yf_ADM_d0;29500;INTARIAN_PEPPER_ROOT;11402;19;11398;13;;;11420;16;11424;26;;;11411.0;0.0
yf_ADM_d0;29600;ASH_COATED_OSMIUM;9897;13;9893;25;;;9903;10;9907;22;;;9900.0;0.0
yf_ADM_d0;29600;INTARIAN_PEPPER_ROOT;11411;17;11409;16;;;11417;13;11419;17;;;11414.0;0.0
yf_ADM_d0;29700;ASH_COATED_OSMIUM;9896;15;9892;13;;;9904;12;9907;11;;;9900.0;0.0
yf_ADM_d0;29700;INTARIAN_PEPPER_ROOT;11414;11;11412;15;;;11422;17;11424;17;;;11418.0;0.0
yf_ADM_d0;29800;ASH_COATED_OSMIUM;9897;10;9895;11;;;9903;7;9905;20;;;9900.0;0.0
yf_ADM_d0;29800;INTARIAN_PEPPER_ROOT;11418;14;11414;22;;;11424;13;11426;23;;;11421.0;0.0
yf_ADM_d0;29900;ASH_COATED_OSMIUM;9877;21;9874;31;;;9921;19;9923;18;;;9899.0;0.0
yf_ADM_d0;29900;INTARIAN_PEPPER_ROOT;11419;16;11417;19;;;11431;15;11434;20;;;11425.0;0.0
yf_ADM_d0;30000;ASH_COATED_OSMIUM;9896;6;9893;21;;;9903;11;9907;16;;;9899.5;0.0
yf_ADM_d0;30000;INTARIAN_PEPPER_ROOT;11423;19;11419;16;;;11434;15;11438;18;;;11428.5;0.0
yf_ADM_d0;30100;ASH_COATED_OSMIUM;9894;18;9891;14;;;9905;15;9908;26;;;9899.5;0.0
yf_ADM_d0;30100;INTARIAN_PEPPER_ROOT;11429;17;11425;13;;;11435;24;11437;25;;;11432.0;0.0
yf_ADM_d0;30200;ASH_COATED_OSMIUM;9897;14;9893;21;;;9903;19;9905;13;;;9900.0;0.0
yf_ADM_d0;30200;INTARIAN_PEPPER_ROOT;11433;16;11431;18;;;11439;14;11442;22;;;11436.0;0.0
yf_ADM_d0;30300;ASH_COATED_OSMIUM;9896;7;9893;21;;;9903;11;9906;30;;;9899.5;0.0
yf_ADM_d0;30300;INTARIAN_PEPPER_ROOT;11436;18;11433;21;;;11442;13;11444;14;;;11439.0;0.0
yf_ADM_d0;30400;ASH_COATED_OSMIUM;9897;19;9893;15;;;9903;16;9906;27;;;9900.0;0.0
yf_ADM_d0;30400;INTARIAN_PEPPER_ROOT;11439;15;11437;31;;;11446;17;11448;17;;;11442.5;0.0
yf_ADM_d0;30500;ASH_COATED_OSMIUM;9897;11;9894;28;;;9903;17;9905;20;;;9900.0;0.0
yf_ADM_d0;30500;INTARIAN_PEPPER_ROOT;11435;17;11433;14;;;11459;15;11463;19;;;11447.0;0.0
yf_ADM_d0;30600;ASH_COATED_OSMIUM;9893;15;9890;17;;;9906;22;9910;28;;;9899.5;0.0
yf_ADM_d0;30600;INTARIAN_PEPPER_ROOT;11447;19;11444;25;;;11453;17;11456;15;;;11450.0;0.0
yf_ADM_d0;30700;ASH_COATED_OSMIUM;9897;11;9895;25;;;9903;18;9905;18;;;9900.0;0.0
yf_ADM_d0;30700;INTARIAN_PEPPER_ROOT;11451;10;11448;21;;;11457;10;11461;29;;;11454.0;0.0
yf_ADM_d0;30800;ASH_COATED_OSMIUM;9897;23;9894;21;;;9903;12;9905;15;;;9900.0;0.0
yf_ADM_d0;30800;INTARIAN_PEPPER_ROOT;11454;13;11450;15;;;11461;14;11465;11;;;11457.5;0.0
yf_ADM_d0;30900;ASH_COATED_OSMIUM;9894;6;9891;16;;;9905;15;9907;22;;;9899.5;0.0
yf_ADM_d0;30900;INTARIAN_PEPPER_ROOT;11458;11;11455;27;;;11464;11;11466;23;;;11461.0;0.0
yf_ADM_d0;31000;ASH_COATED_OSMIUM;9895;17;9892;13;;;9904;18;9908;28;;;9899.5;0.0
yf_ADM_d0;31000;INTARIAN_PEPPER_ROOT;11462;19;11458;21;;;11468;9;11470;20;;;11465.0;0.0
yf_ADM_d0;31100;ASH_COATED_OSMIUM;9870;19;9867;11;;;9929;24;9933;20;;;9899.5;0.0
yf_ADM_d0;31100;INTARIAN_PEPPER_ROOT;11454;17;11451;11;;;11481;17;11484;10;;;11467.5;0.0
yf_ADM_d0;31200;ASH_COATED_OSMIUM;9897;10;9894;27;;;9903;11;9907;14;;;9900.0;0.0
yf_ADM_d0;31200;INTARIAN_PEPPER_ROOT;11468;7;11464;20;;;11474;16;11477;21;;;11471.0;0.0
yf_ADM_d0;31300;ASH_COATED_OSMIUM;9896;12;9893;17;;;9903;12;9907;28;;;9899.5;0.0
yf_ADM_d0;31300;INTARIAN_PEPPER_ROOT;11472;19;11470;17;;;11478;20;11480;28;;;11475.0;0.0
yf_ADM_d0;31400;ASH_COATED_OSMIUM;9896;17;9893;22;;;9903;11;9906;26;;;9899.5;0.0
yf_ADM_d0;31400;INTARIAN_PEPPER_ROOT;11471;15;11467;14;;;11488;19;11492;33;;;11479.5;0.0
yf_ADM_d0;31500;ASH_COATED_OSMIUM;9895;13;9891;21;;;9905;11;9908;21;;;9900.0;0.0
yf_ADM_d0;31500;INTARIAN_PEPPER_ROOT;11480;18;11478;15;;;11486;17;11488;16;;;11483.0;0.0
yf_ADM_d0;31600;ASH_COATED_OSMIUM;9890;11;9888;26;;;9910;11;9913;19;;;9900.0;0.0
yf_ADM_d0;31600;INTARIAN_PEPPER_ROOT;11483;14;11479;13;;;11489;17;11491;14;;;11486.0;0.0
yf_ADM_d0;31700;ASH_COATED_OSMIUM;9897;19;9894;16;;;9903;17;9907;32;;;9900.0;0.0
yf_ADM_d0;31700;INTARIAN_PEPPER_ROOT;11487;7;11484;25;;;11493;5;11497;17;;;11490.0;0.0
yf_ADM_d0;31800;ASH_COATED_OSMIUM;9897;10;9893;27;;;9903;12;9905;22;;;9900.0;0.0
yf_ADM_d0;31800;INTARIAN_PEPPER_ROOT;11489;22;11487;24;;;11497;16;11501;24;;;11493.0;0.0
yf_ADM_d0;31900;ASH_COATED_OSMIUM;9890;6;9888;23;;;9908;18;9912;13;;;9899.0;0.0
yf_ADM_d0;31900;INTARIAN_PEPPER_ROOT;11489;10;11487;9;;;11506;11;11509;17;;;11497.5;0.0
yf_ADM_d0;32000;ASH_COATED_OSMIUM;9897;17;9894;18;;;9903;10;9905;19;;;9900.0;0.0
yf_ADM_d0;32000;INTARIAN_PEPPER_ROOT;11497;9;11494;26;;;11503;15;11506;15;;;11500.0;0.0
yf_ADM_d0;32100;ASH_COATED_OSMIUM;9897;11;9895;19;;;9903;8;9906;26;;;9900.0;0.0
yf_ADM_d0;32100;INTARIAN_PEPPER_ROOT;11501;7;11498;17;;;11507;14;11510;23;;;11504.0;0.0
yf_ADM_d0;32200;ASH_COATED_OSMIUM;9897;18;9895;21;;;9903;15;9905;17;;;9900.0;0.0
yf_ADM_d0;32200;INTARIAN_PEPPER_ROOT;11503;5;11500;18;;;11509;9;11512;21;;;11506.0;0.0
yf_ADM_d0;32300;ASH_COATED_OSMIUM;9897;18;9894;15;;;9903;13;9907;19;;;9900.0;0.0
yf_ADM_d0;32300;INTARIAN_PEPPER_ROOT;11506;15;11502;22;;;11517;14;11521;13;;;11511.5;0.0
yf_ADM_d0;32400;ASH_COATED_OSMIUM;9896;12;9893;28;;;9902;19;9905;19;;;9899.0;0.0
yf_ADM_d0;32400;INTARIAN_PEPPER_ROOT;11512;17;11509;10;;;11518;10;11521;31;;;11515.0;0.0
yf_ADM_d0;32500;ASH_COATED_OSMIUM;9897;8;9894;15;;;9903;23;9906;9;;;9900.0;0.0
yf_ADM_d0;32500;INTARIAN_PEPPER_ROOT;11515;18;11513;24;;;11521;19;11524;20;;;11518.0;0.0
yf_ADM_d0;32600;ASH_COATED_OSMIUM;9884;12;9881;23;;;9913;23;9917;17;;;9898.5;0.0
yf_ADM_d0;32600;INTARIAN_PEPPER_ROOT;11519;15;11516;19;;;11525;28;11527;22;;;11522.0;0.0
yf_ADM_d0;32700;ASH_COATED_OSMIUM;9884;14;9881;19;;;9914;16;9918;16;;;9899.0;0.0
yf_ADM_d0;32700;INTARIAN_PEPPER_ROOT;11521;12;11519;17;;;11531;13;11535;12;;;11526.0;0.0
yf_ADM_d0;32800;ASH_COATED_OSMIUM;9897;16;9894;24;;;9903;16;9907;21;;;9900.0;0.0
yf_ADM_d0;32800;INTARIAN_PEPPER_ROOT;11518;7;11515;29;;;11539;20;11542;23;;;11528.5;0.0
yf_ADM_d0;32900;ASH_COATED_OSMIUM;9897;16;9895;14;;;9903;8;9907;19;;;9900.0;0.0
yf_ADM_d0;32900;INTARIAN_PEPPER_ROOT;11523;5;11520;21;;;11544;21;11546;21;;;11533.5;0.0
yf_ADM_d0;33000;ASH_COATED_OSMIUM;9886;19;9884;27;;;9913;15;9916;20;;;9899.5;0.0
yf_ADM_d0;33000;INTARIAN_PEPPER_ROOT;11533;15;11531;12;;;11539;17;11542;19;;;11536.0;0.0
yf_ADM_d0;33100;ASH_COATED_OSMIUM;9893;14;9890;20;;;9907;15;9909;13;;;9900.0;0.0
yf_ADM_d0;33100;INTARIAN_PEPPER_ROOT;11537;17;11535;11;;;11543;14;11547;18;;;11540.0;0.0
yf_ADM_d0;33200;ASH_COATED_OSMIUM;9894;18;9892;13;;;9905;22;9908;27;;;9899.5;0.0
yf_ADM_d0;33200;INTARIAN_PEPPER_ROOT;11540;14;11536;18;;;11546;12;11548;27;;;11543.0;0.0
yf_ADM_d0;33300;ASH_COATED_OSMIUM;9896;19;9892;18;;;9903;10;9906;26;;;9899.5;0.0
yf_ADM_d0;33300;INTARIAN_PEPPER_ROOT;11540;6;11536;11;;;11553;15;11557;19;;;11546.5;0.0
yf_ADM_d0;33400;ASH_COATED_OSMIUM;9897;23;9893;9;;;9903;14;9906;23;;;9900.0;0.0
yf_ADM_d0;33400;INTARIAN_PEPPER_ROOT;11548;26;11544;14;;;11554;13;11557;22;;;11551.0;0.0
yf_ADM_d0;33500;ASH_COATED_OSMIUM;9895;22;9893;13;;;9904;15;9908;15;;;9899.5;0.0
yf_ADM_d0;33500;INTARIAN_PEPPER_ROOT;11551;6;11547;28;;;11557;16;11560;24;;;11554.0;0.0
yf_ADM_d0;33600;ASH_COATED_OSMIUM;9891;12;9889;21;;;9907;14;9909;26;;;9899.0;0.0
yf_ADM_d0;33600;INTARIAN_PEPPER_ROOT;11555;15;11551;20;;;11561;13;11563;15;;;11558.0;0.0
yf_ADM_d0;33700;ASH_COATED_OSMIUM;9896;19;9894;18;;;9903;10;9907;15;;;9899.5;0.0
yf_ADM_d0;33700;INTARIAN_PEPPER_ROOT;11558;28;11554;15;;;11564;9;11568;21;;;11561.0;0.0
yf_ADM_d0;33800;ASH_COATED_OSMIUM;9895;18;9893;14;;;9904;16;9908;12;;;9899.5;0.0
yf_ADM_d0;33800;INTARIAN_PEPPER_ROOT;11558;15;11556;10;;;11573;9;11577;17;;;11565.5;0.0
yf_ADM_d0;33900;ASH_COATED_OSMIUM;9894;12;9891;17;;;9904;18;9908;9;;;9899.0;0.0
yf_ADM_d0;33900;INTARIAN_PEPPER_ROOT;11566;15;11564;27;;;11572;14;11574;16;;;11569.0;0.0
yf_ADM_d0;34000;ASH_COATED_OSMIUM;9894;9;9891;21;;;9906;15;9908;15;;;9900.0;0.0
yf_ADM_d0;34000;INTARIAN_PEPPER_ROOT;11566;16;11564;22;;;11575;13;11577;28;;;11570.5;0.0
yf_ADM_d0;34100;ASH_COATED_OSMIUM;9892;10;9890;17;;;9907;17;9909;20;;;9899.5;0.0
yf_ADM_d0;34100;INTARIAN_PEPPER_ROOT;11569;19;11566;17;;;11577;7;11580;13;;;11573.0;0.0
yf_ADM_d0;34200;ASH_COATED_OSMIUM;9897;13;9894;19;;;9903;17;9905;14;;;9900.0;0.0
yf_ADM_d0;34200;INTARIAN_PEPPER_ROOT;11571;15;11567;23;;;11580;14;11584;24;;;11575.5;0.0
yf_ADM_d0;34300;ASH_COATED_OSMIUM;9896;13;9894;32;;;9902;15;9905;14;;;9899.0;0.0
yf_ADM_d0;34300;INTARIAN_PEPPER_ROOT;11576;8;11574;20;;;11582;8;11585;13;;;11579.0;0.0
yf_ADM_d0;34400;ASH_COATED_OSMIUM;9895;9;9891;21;;;9903;19;9905;24;;;9899.0;0.0
yf_ADM_d0;34400;INTARIAN_PEPPER_ROOT;11578;15;11576;27;;;11584;21;11588;24;;;11581.0;0.0
yf_ADM_d0;34500;ASH_COATED_OSMIUM;9891;16;9888;19;;;9909;16;9913;17;;;9900.0;0.0
yf_ADM_d0;34500;INTARIAN_PEPPER_ROOT;11580;21;11578;21;;;11586;20;11588;17;;;11583.0;0.0
yf_ADM_d0;34600;ASH_COATED_OSMIUM;9897;10;9894;20;;;9903;9;9907;17;;;9900.0;0.0
yf_ADM_d0;34600;INTARIAN_PEPPER_ROOT;11582;14;11580;12;;;11589;17;11593;18;;;11585.5;0.0
yf_ADM_d0;34700;ASH_COATED_OSMIUM;9897;11;9894;15;;;9904;18;9906;14;;;9900.5;0.0
yf_ADM_d0;34700;INTARIAN_PEPPER_ROOT;11585;11;11581;22;;;11591;13;11594;27;;;11588.0;0.0
yf_ADM_d0;34800;ASH_COATED_OSMIUM;9897;21;9895;29;;;9903;15;9907;30;;;9900.0;0.0
yf_ADM_d0;34800;INTARIAN_PEPPER_ROOT;11587;12;11583;24;;;11593;18;11596;15;;;11590.0;0.0
yf_ADM_d0;34900;ASH_COATED_OSMIUM;9897;12;9895;20;;;9903;15;9907;17;;;9900.0;0.0
yf_ADM_d0;34900;INTARIAN_PEPPER_ROOT;11590;13;11587;14;;;11596;17;11600;17;;;11593.0;0.0
yf_ADM_d0;35000;ASH_COATED_OSMIUM;9896;18;9894;21;;;9902;11;9905;13;;;9899.0;0.0
yf_ADM_d0;35000;INTARIAN_PEPPER_ROOT;11580;19;11577;23;;;11610;15;11614;15;;;11595.0;0.0
yf_ADM_d0;35100;ASH_COATED_OSMIUM;9889;13;9885;18;;;9910;12;9912;29;;;9899.5;0.0
yf_ADM_d0;35100;INTARIAN_PEPPER_ROOT;11593;21;11590;23;;;11604;17;11606;17;;;11598.5;0.0
yf_ADM_d0;35200;ASH_COATED_OSMIUM;9897;13;9893;18;;;9903;24;9907;18;;;9900.0;0.0
yf_ADM_d0;35200;INTARIAN_PEPPER_ROOT;11597;15;11594;11;;;11603;13;11605;33;;;11600.0;0.0
yf_ADM_d0;35300;ASH_COATED_OSMIUM;9895;18;9893;14;;;9906;14;9908;18;;;9900.5;0.0
yf_ADM_d0;35300;INTARIAN_PEPPER_ROOT;11596;17;11594;26;;;11609;8;11611;21;;;11602.5;0.0
yf_ADM_d0;35400;ASH_COATED_OSMIUM;9897;7;9894;10;;;9903;14;9906;15;;;9900.0;0.0
yf_ADM_d0;35400;INTARIAN_PEPPER_ROOT;11603;8;11600;23;;;11609;5;11612;14;;;11606.0;0.0
yf_ADM_d0;35500;ASH_COATED_OSMIUM;9897;8;9894;19;;;9903;23;9907;17;;;9900.0;0.0
yf_ADM_d0;35500;INTARIAN_PEPPER_ROOT;11599;16;11596;20;;;11617;19;11620;24;;;11608.0;0.0
yf_ADM_d0;35600;ASH_COATED_OSMIUM;9897;20;9895;16;;;9903;19;9907;20;;;9900.0;0.0
yf_ADM_d0;35600;INTARIAN_PEPPER_ROOT;11607;12;11603;18;;;11613;19;11616;15;;;11610.0;0.0
yf_ADM_d0;35700;ASH_COATED_OSMIUM;9897;15;9895;21;;;9903;21;9907;19;;;9900.0;0.0
yf_ADM_d0;35700;INTARIAN_PEPPER_ROOT;11598;9;11596;18;;;11627;9;11630;12;;;11612.5;0.0
yf_ADM_d0;35800;ASH_COATED_OSMIUM;9897;9;9893;17;;;9903;15;9906;8;;;9900.0;0.0
yf_ADM_d0;35800;INTARIAN_PEPPER_ROOT;11610;17;11606;25;;;11618;17;11621;8;;;11614.0;0.0
yf_ADM_d0;35900;ASH_COATED_OSMIUM;9897;19;9894;25;;;9903;22;9907;13;;;9900.0;0.0
yf_ADM_d0;35900;INTARIAN_PEPPER_ROOT;11614;9;11611;15;;;11620;17;11623;25;;;11617.0;0.0
yf_ADM_d0;36000;ASH_COATED_OSMIUM;9894;10;9892;22;;;9906;17;9909;20;;;9900.0;0.0
yf_ADM_d0;36000;INTARIAN_PEPPER_ROOT;11617;23;11615;14;;;11623;7;11625;21;;;11620.0;0.0
yf_ADM_d0;36100;ASH_COATED_OSMIUM;9897;7;9895;17;;;9903;8;9905;19;;;9900.0;0.0
yf_ADM_d0;36100;INTARIAN_PEPPER_ROOT;11619;19;11617;22;;;11625;17;11629;16;;;11622.0;0.0
yf_ADM_d0;36200;ASH_COATED_OSMIUM;9895;8;9893;13;;;9905;15;9908;16;;;9900.0;0.0
yf_ADM_d0;36200;INTARIAN_PEPPER_ROOT;11617;13;11614;17;;;11633;12;11635;8;;;11625.0;0.0
yf_ADM_d0;36300;ASH_COATED_OSMIUM;9896;19;9893;10;;;9905;20;9908;16;;;9900.5;0.0
yf_ADM_d0;36300;INTARIAN_PEPPER_ROOT;11624;13;11620;19;;;11630;12;11632;17;;;11627.0;0.0
yf_ADM_d0;36400;ASH_COATED_OSMIUM;9897;12;9893;13;;;9904;10;9906;27;;;9900.5;0.0
yf_ADM_d0;36400;INTARIAN_PEPPER_ROOT;11612;13;11608;18;;;11647;15;11651;22;;;11629.5;0.0
yf_ADM_d0;36500;ASH_COATED_OSMIUM;9898;15;9895;13;;;9904;6;9908;23;;;9901.0;0.0
yf_ADM_d0;36500;INTARIAN_PEPPER_ROOT;11628;19;11626;22;;;11634;8;11638;26;;;11631.0;0.0
yf_ADM_d0;36600;ASH_COATED_OSMIUM;9894;17;9892;25;;;9906;16;9908;23;;;9900.0;0.0
yf_ADM_d0;36600;INTARIAN_PEPPER_ROOT;11631;9;11628;24;;;11638;9;11641;17;;;11634.5;0.0
yf_ADM_d0;36700;ASH_COATED_OSMIUM;9898;8;9895;12;;;9904;19;9906;16;;;9901.0;0.0
yf_ADM_d0;36700;INTARIAN_PEPPER_ROOT;11634;10;11631;14;;;11640;16;11642;9;;;11637.0;0.0
yf_ADM_d0;36800;ASH_COATED_OSMIUM;9898;17;9894;8;;;9904;16;9907;11;;;9901.0;0.0
yf_ADM_d0;36800;INTARIAN_PEPPER_ROOT;11637;20;11635;17;;;11643;16;11646;26;;;11640.0;0.0
yf_ADM_d0;36900;ASH_COATED_OSMIUM;9898;24;9896;16;;;9904;9;9907;26;;;9901.0;0.0
yf_ADM_d0;36900;INTARIAN_PEPPER_ROOT;11638;12;11635;14;;;11644;13;11648;9;;;11641.0;0.0
yf_ADM_d0;37000;ASH_COATED_OSMIUM;9898;19;9894;19;;;9904;15;9907;18;;;9901.0;0.0
yf_ADM_d0;37000;INTARIAN_PEPPER_ROOT;11641;13;11638;16;;;11647;8;11649;19;;;11644.0;0.0
yf_ADM_d0;37100;ASH_COATED_OSMIUM;9894;20;9890;16;;;9907;15;9909;25;;;9900.5;0.0
yf_ADM_d0;37100;INTARIAN_PEPPER_ROOT;11640;10;11638;19;;;11653;12;11655;19;;;11646.5;0.0
yf_ADM_d0;37200;ASH_COATED_OSMIUM;9886;15;9882;14;;;9915;21;9918;21;;;9900.5;0.0
yf_ADM_d0;37200;INTARIAN_PEPPER_ROOT;11643;10;11641;24;;;11655;12;11658;13;;;11649.0;0.0
yf_ADM_d0;37300;ASH_COATED_OSMIUM;9898;10;9894;15;;;9904;16;9906;20;;;9901.0;0.0
yf_ADM_d0;37300;INTARIAN_PEPPER_ROOT;11648;13;11646;18;;;11654;19;11657;17;;;11651.0;0.0
yf_ADM_d0;37400;ASH_COATED_OSMIUM;9898;5;9895;19;;;9904;11;9907;15;;;9901.0;0.0
yf_ADM_d0;37400;INTARIAN_PEPPER_ROOT;11646;16;11642;18;;;11660;16;11662;17;;;11653.0;0.0
yf_ADM_d0;37500;ASH_COATED_OSMIUM;9897;19;9895;27;;;9905;13;9907;24;;;9901.0;0.0
yf_ADM_d0;37500;INTARIAN_PEPPER_ROOT;11654;18;11652;18;;;11660;13;11662;27;;;11657.0;0.0
yf_ADM_d0;37600;ASH_COATED_OSMIUM;9896;13;9893;15;;;9905;11;9907;15;;;9900.5;0.0
yf_ADM_d0;37600;INTARIAN_PEPPER_ROOT;11641;20;11638;20;;;11676;19;11678;21;;;11658.5;0.0
yf_ADM_d0;37700;ASH_COATED_OSMIUM;9898;8;9894;24;;;9904;17;9907;23;;;9901.0;0.0
yf_ADM_d0;37700;INTARIAN_PEPPER_ROOT;11658;15;11656;18;;;11664;17;11668;25;;;11661.0;0.0
yf_ADM_d0;37800;ASH_COATED_OSMIUM;9898;5;9894;14;;;9904;7;9908;8;;;9901.0;0.0
yf_ADM_d0;37800;INTARIAN_PEPPER_ROOT;11660;9;11657;11;;;11666;20;11670;17;;;11663.0;0.0
yf_ADM_d0;37900;ASH_COATED_OSMIUM;9889;20;9887;24;;;9915;9;9917;26;;;9902.0;0.0
yf_ADM_d0;37900;INTARIAN_PEPPER_ROOT;11663;9;11660;18;;;11670;18;11674;21;;;11666.5;0.0
yf_ADM_d0;38000;ASH_COATED_OSMIUM;9898;8;9894;14;;;9904;18;9907;8;;;9901.0;0.0
yf_ADM_d0;38000;INTARIAN_PEPPER_ROOT;11665;11;11661;14;;;11671;16;11674;19;;;11668.0;0.0
yf_ADM_d0;38100;ASH_COATED_OSMIUM;9898;13;9895;18;;;9904;14;9908;23;;;9901.0;0.0
yf_ADM_d0;38100;INTARIAN_PEPPER_ROOT;11668;11;11665;19;;;11675;13;11677;16;;;11671.5;0.0
yf_ADM_d0;38200;ASH_COATED_OSMIUM;9898;14;9895;21;;;9904;24;9906;22;;;9901.0;0.0
yf_ADM_d0;38200;INTARIAN_PEPPER_ROOT;11661;13;11657;21;;;11686;19;11688;8;;;11673.5;0.0
yf_ADM_d0;38300;ASH_COATED_OSMIUM;9892;12;9888;19;;;9911;14;9913;22;;;9901.5;0.0
yf_ADM_d0;38300;INTARIAN_PEPPER_ROOT;11669;11;11665;19;;;11681;12;11684;15;;;11675.0;0.0
yf_ADM_d0;38400;ASH_COATED_OSMIUM;9899;12;9896;13;;;9905;21;9909;20;;;9902.0;0.0
yf_ADM_d0;38400;INTARIAN_PEPPER_ROOT;11673;20;11669;23;;;11682;22;11686;13;;;11677.5;0.0
yf_ADM_d0;38500;ASH_COATED_OSMIUM;9898;5;9895;21;;;9904;18;9908;18;;;9901.0;0.0
yf_ADM_d0;38500;INTARIAN_PEPPER_ROOT;11678;12;11675;24;;;11684;13;11686;17;;;11681.0;0.0
yf_ADM_d0;38600;ASH_COATED_OSMIUM;9898;21;9896;23;;;9904;12;9906;26;;;9901.0;0.0
yf_ADM_d0;38600;INTARIAN_PEPPER_ROOT;11679;15;11675;18;;;11686;8;11690;24;;;11682.5;0.0
yf_ADM_d0;38700;ASH_COATED_OSMIUM;9898;13;9894;15;;;9904;9;9908;20;;;9901.0;0.0
yf_ADM_d0;38700;INTARIAN_PEPPER_ROOT;11682;15;11679;13;;;11689;12;11693;15;;;11685.5;0.0
yf_ADM_d0;38800;ASH_COATED_OSMIUM;9894;14;9890;19;;;9910;7;9914;16;;;9902.0;0.0
yf_ADM_d0;38800;INTARIAN_PEPPER_ROOT;11685;19;11681;19;;;11691;9;11694;17;;;11688.0;0.0
yf_ADM_d0;38900;ASH_COATED_OSMIUM;9898;5;9896;20;;;9904;6;9907;18;;;9901.0;0.0
yf_ADM_d0;38900;INTARIAN_PEPPER_ROOT;11688;15;11684;17;;;11694;21;11697;25;;;11691.0;0.0
yf_ADM_d0;39000;ASH_COATED_OSMIUM;9895;16;9893;14;;;9908;14;9911;15;;;9901.5;0.0
yf_ADM_d0;39000;INTARIAN_PEPPER_ROOT;11690;10;11686;26;;;11696;5;11700;17;;;11693.0;0.0
yf_ADM_d0;39100;ASH_COATED_OSMIUM;9894;8;9892;21;;;9908;27;9912;23;;;9901.0;0.0
yf_ADM_d0;39100;INTARIAN_PEPPER_ROOT;11692;10;11689;22;;;11698;8;11700;25;;;11695.0;0.0
yf_ADM_d0;39200;ASH_COATED_OSMIUM;9899;18;9896;12;;;9905;14;9908;22;;;9902.0;0.0
yf_ADM_d0;39200;INTARIAN_PEPPER_ROOT;11695;11;11693;17;;;11701;17;11703;25;;;11698.0;0.0
yf_ADM_d0;39300;ASH_COATED_OSMIUM;9899;17;9895;21;;;9905;13;9908;18;;;9902.0;0.0
yf_ADM_d0;39300;INTARIAN_PEPPER_ROOT;11697;16;11695;22;;;11703;10;11707;21;;;11700.0;0.0
yf_ADM_d0;39400;ASH_COATED_OSMIUM;9898;9;9896;20;;;9904;17;9908;8;;;9901.0;0.0
yf_ADM_d0;39400;INTARIAN_PEPPER_ROOT;11699;12;11695;31;;;11705;16;11709;26;;;11702.0;0.0
yf_ADM_d0;39500;ASH_COATED_OSMIUM;9889;8;9885;15;;;9914;12;9918;23;;;9901.5;0.0
yf_ADM_d0;39500;INTARIAN_PEPPER_ROOT;11702;8;11698;19;;;11708;14;11712;28;;;11705.0;0.0
yf_ADM_d0;39600;ASH_COATED_OSMIUM;9899;19;9896;19;;;9905;8;9907;8;;;9902.0;0.0
yf_ADM_d0;39600;INTARIAN_PEPPER_ROOT;11701;20;11699;21;;;11714;7;11716;12;;;11707.5;0.0
yf_ADM_d0;39700;ASH_COATED_OSMIUM;9892;18;9890;21;;;9911;13;9914;20;;;9901.5;0.0
yf_ADM_d0;39700;INTARIAN_PEPPER_ROOT;11706;12;11702;17;;;11712;5;11715;32;;;11709.0;0.0
yf_ADM_d0;39800;ASH_COATED_OSMIUM;9899;19;9897;12;;;9905;10;9908;24;;;9902.0;0.0
yf_ADM_d0;39800;INTARIAN_PEPPER_ROOT;11709;16;11706;24;;;11715;13;11718;22;;;11712.0;0.0
yf_ADM_d0;39900;ASH_COATED_OSMIUM;9899;13;9895;14;;;9905;10;9907;15;;;9902.0;0.0
yf_ADM_d0;39900;INTARIAN_PEPPER_ROOT;11712;16;11709;25;;;11718;5;11722;25;;;11715.0;0.0
yf_ADM_d0;40000;ASH_COATED_OSMIUM;9895;18;9891;26;;;9908;13;9912;16;;;9901.5;0.0
yf_ADM_d0;40000;INTARIAN_PEPPER_ROOT;11714;12;11712;22;;;11720;7;11723;25;;;11717.0;0.0
yf_ADM_d0;40100;ASH_COATED_OSMIUM;9899;18;9897;10;;;9905;17;9909;20;;;9902.0;0.0
yf_ADM_d0;40100;INTARIAN_PEPPER_ROOT;11712;15;11710;12;;;11727;16;11730;20;;;11719.5;0.0
yf_ADM_d0;40200;ASH_COATED_OSMIUM;9892;11;9888;24;;;9912;10;9914;13;;;9902.0;0.0
yf_ADM_d0;40200;INTARIAN_PEPPER_ROOT;11719;18;11717;27;;;11725;22;11728;19;;;11722.0;0.0
yf_ADM_d0;40300;ASH_COATED_OSMIUM;9892;10;9890;18;;;9912;19;9916;10;;;9902.0;0.0
yf_ADM_d0;40300;INTARIAN_PEPPER_ROOT;11721;9;11718;29;;;11727;7;11731;9;;;11724.0;0.0
yf_ADM_d0;40400;ASH_COATED_OSMIUM;9899;17;9896;17;;;9906;5;9908;16;;;9902.5;0.0
yf_ADM_d0;40400;INTARIAN_PEPPER_ROOT;11723;17;11721;23;;;11729;17;11732;16;;;11726.0;0.0
yf_ADM_d0;40500;ASH_COATED_OSMIUM;9899;13;9895;8;;;9905;18;9907;19;;;9902.0;0.0
yf_ADM_d0;40500;INTARIAN_PEPPER_ROOT;11726;21;11724;16;;;11732;18;11735;19;;;11729.0;0.0
yf_ADM_d0;40600;ASH_COATED_OSMIUM;9899;19;9896;21;;;9905;10;9909;13;;;9902.0;0.0
yf_ADM_d0;40600;INTARIAN_PEPPER_ROOT;11724;18;11720;18;;;11741;19;11743;21;;;11732.5;0.0
yf_ADM_d0;40700;ASH_COATED_OSMIUM;9899;16;9897;19;;;9905;14;9908;19;;;9902.0;0.0
yf_ADM_d0;40700;INTARIAN_PEPPER_ROOT;11731;6;11728;14;;;11737;12;11740;32;;;11734.0;0.0
yf_ADM_d0;40800;ASH_COATED_OSMIUM;9891;6;9889;13;;;9913;13;9917;23;;;9902.0;0.0
yf_ADM_d0;40800;INTARIAN_PEPPER_ROOT;11733;5;11731;17;;;11739;15;11743;20;;;11736.0;0.0
yf_ADM_d0;40900;ASH_COATED_OSMIUM;9900;19;9897;15;;;9906;16;9910;23;;;9903.0;0.0
yf_ADM_d0;40900;INTARIAN_PEPPER_ROOT;11736;14;11732;17;;;11742;22;11746;19;;;11739.0;0.0
yf_ADM_d0;41000;ASH_COATED_OSMIUM;9896;5;9893;14;;;9907;19;9909;23;;;9901.5;0.0
yf_ADM_d0;41000;INTARIAN_PEPPER_ROOT;11738;20;11734;20;;;11744;11;11747;8;;;11741.0;0.0
yf_ADM_d0;41100;ASH_COATED_OSMIUM;9898;22;9894;29;;;9907;23;9910;19;;;9902.5;0.0
yf_ADM_d0;41100;INTARIAN_PEPPER_ROOT;11741;12;11739;21;;;11747;16;11749;18;;;11744.0;0.0
yf_ADM_d0;41200;ASH_COATED_OSMIUM;9899;8;9896;15;;;9905;15;9908;24;;;9902.0;0.0
yf_ADM_d0;41200;INTARIAN_PEPPER_ROOT;11744;25;11742;14;;;11750;12;11753;29;;;11747.0;0.0
yf_ADM_d0;41300;ASH_COATED_OSMIUM;9900;18;9897;19;;;9906;26;9908;17;;;9903.0;0.0
yf_ADM_d0;41300;INTARIAN_PEPPER_ROOT;11741;6;11739;22;;;11757;10;11761;19;;;11749.0;0.0
yf_ADM_d0;41400;ASH_COATED_OSMIUM;9896;15;9893;15;;;9908;12;9911;24;;;9902.0;0.0
yf_ADM_d0;41400;INTARIAN_PEPPER_ROOT;11748;9;11744;17;;;11754;18;11758;24;;;11751.0;0.0
yf_ADM_d0;41500;ASH_COATED_OSMIUM;9898;21;9894;11;;;9907;18;9910;21;;;9902.5;0.0
yf_ADM_d0;41500;INTARIAN_PEPPER_ROOT;11750;15;11746;21;;;11756;9;11758;18;;;11753.0;0.0
yf_ADM_d0;41600;ASH_COATED_OSMIUM;9899;13;9895;20;;;9905;14;9909;14;;;9902.0;0.0
yf_ADM_d0;41600;INTARIAN_PEPPER_ROOT;11753;20;11749;15;;;11759;17;11762;18;;;11756.0;0.0
yf_ADM_d0;41700;ASH_COATED_OSMIUM;9898;5;9894;24;;;9907;9;9910;27;;;9902.5;0.0
yf_ADM_d0;41700;INTARIAN_PEPPER_ROOT;11755;22;11752;13;;;11761;19;11764;30;;;11758.0;0.0
yf_ADM_d0;41800;ASH_COATED_OSMIUM;9899;16;9897;26;;;9905;21;9908;20;;;9902.0;0.0
yf_ADM_d0;41800;INTARIAN_PEPPER_ROOT;11758;16;11754;21;;;11764;18;11767;26;;;11761.0;0.0
yf_ADM_d0;41900;ASH_COATED_OSMIUM;9894;10;9890;23;;;9911;9;9915;18;;;9902.5;0.0
yf_ADM_d0;41900;INTARIAN_PEPPER_ROOT;11760;10;11758;17;;;11766;16;11768;22;;;11763.0;0.0
yf_ADM_d0;42000;ASH_COATED_OSMIUM;9899;18;9895;21;;;9905;22;9909;23;;;9902.0;0.0
yf_ADM_d0;42000;INTARIAN_PEPPER_ROOT;11761;21;11758;19;;;11769;11;11771;21;;;11765.0;0.0
yf_ADM_d0;42100;ASH_COATED_OSMIUM;9899;18;9895;20;;;9905;10;9908;31;;;9902.0;0.0
yf_ADM_d0;42100;INTARIAN_PEPPER_ROOT;11765;16;11761;22;;;11771;14;11775;21;;;11768.0;0.0
yf_ADM_d0;42200;ASH_COATED_OSMIUM;9899;9;9896;13;;;9905;19;9907;20;;;9902.0;0.0
yf_ADM_d0;42200;INTARIAN_PEPPER_ROOT;11767;10;11763;22;;;11773;25;11776;8;;;11770.0;0.0
yf_ADM_d0;42300;ASH_COATED_OSMIUM;9899;10;9895;20;;;9905;18;9908;28;;;9902.0;0.0
yf_ADM_d0;42300;INTARIAN_PEPPER_ROOT;11769;18;11765;8;;;11775;14;11777;17;;;11772.0;0.0
yf_ADM_d0;42400;ASH_COATED_OSMIUM;9876;13;9874;14;;;9930;14;9933;13;;;9903.0;0.0
yf_ADM_d0;42400;INTARIAN_PEPPER_ROOT;11773;12;11771;12;;;11779;14;11783;22;;;11776.0;0.0
yf_ADM_d0;42500;ASH_COATED_OSMIUM;9900;17;9896;14;;;9906;22;9908;24;;;9903.0;0.0
yf_ADM_d0;42500;INTARIAN_PEPPER_ROOT;11774;5;11771;15;;;11780;7;11783;19;;;11777.0;0.0
yf_ADM_d0;42600;ASH_COATED_OSMIUM;9900;10;9898;14;;;9906;14;9908;19;;;9903.0;0.0
yf_ADM_d0;42600;INTARIAN_PEPPER_ROOT;11777;27;11775;24;;;11784;15;11788;22;;;11780.5;0.0
yf_ADM_d0;42700;ASH_COATED_OSMIUM;9899;14;9897;18;;;9905;21;9909;22;;;9902.0;0.0
yf_ADM_d0;42700;INTARIAN_PEPPER_ROOT;11780;9;11778;19;;;11786;15;11789;18;;;11783.0;0.0
yf_ADM_d0;42800;ASH_COATED_OSMIUM;9889;17;9885;17;;;9917;7;9921;21;;;9903.0;0.0
yf_ADM_d0;42800;INTARIAN_PEPPER_ROOT;11782;12;11779;17;;;11788;16;11792;17;;;11785.0;0.0
yf_ADM_d0;42900;ASH_COATED_OSMIUM;9899;21;9896;21;;;9906;16;9909;16;;;9902.5;0.0
yf_ADM_d0;42900;INTARIAN_PEPPER_ROOT;11777;18;11775;10;;;11796;15;11798;24;;;11786.5;0.0
yf_ADM_d0;43000;ASH_COATED_OSMIUM;9899;26;9897;22;;;9905;21;9909;18;;;9902.0;0.0
yf_ADM_d0;43000;INTARIAN_PEPPER_ROOT;11787;6;11784;21;;;11793;18;11795;22;;;11790.0;0.0
yf_ADM_d0;43100;ASH_COATED_OSMIUM;9900;5;9896;16;;;9906;16;9909;18;;;9903.0;0.0
yf_ADM_d0;43100;INTARIAN_PEPPER_ROOT;11789;13;11785;12;;;11795;15;11798;21;;;11792.0;0.0
yf_ADM_d0;43200;ASH_COATED_OSMIUM;9890;5;9887;20;;;9915;19;9917;27;;;9902.5;0.0
yf_ADM_d0;43200;INTARIAN_PEPPER_ROOT;11790;16;11786;17;;;11798;13;11801;12;;;11794.0;0.0
yf_ADM_d0;43300;ASH_COATED_OSMIUM;9897;11;9894;18;;;9908;21;9912;29;;;9902.5;0.0
yf_ADM_d0;43300;INTARIAN_PEPPER_ROOT;11794;24;11791;19;;;11801;10;11803;13;;;11797.5;0.0
yf_ADM_d0;43400;ASH_COATED_OSMIUM;9892;21;9889;23;;;9914;10;9918;24;;;9903.0;0.0
yf_ADM_d0;43400;INTARIAN_PEPPER_ROOT;11797;15;11795;19;;;11803;19;11805;24;;;11800.0;0.0
yf_ADM_d0;43500;ASH_COATED_OSMIUM;9900;11;9898;26;;;9906;9;9908;20;;;9903.0;0.0
yf_ADM_d0;43500;INTARIAN_PEPPER_ROOT;11799;14;11795;24;;;11805;15;11808;17;;;11802.0;0.0
yf_ADM_d0;43600;ASH_COATED_OSMIUM;9900;10;9897;19;;;9906;14;9908;15;;;9903.0;0.0
yf_ADM_d0;43600;INTARIAN_PEPPER_ROOT;11795;23;11791;13;;;11814;5;11816;24;;;11804.5;0.0
yf_ADM_d0;43700;ASH_COATED_OSMIUM;9898;10;9896;15;;;9909;15;9913;20;;;9903.5;0.0
yf_ADM_d0;43700;INTARIAN_PEPPER_ROOT;11804;11;11801;19;;;11810;26;11813;8;;;11807.0;0.0
yf_ADM_d0;43800;ASH_COATED_OSMIUM;9900;21;9896;19;;;9906;18;9909;11;;;9903.0;0.0
yf_ADM_d0;43800;INTARIAN_PEPPER_ROOT;11807;18;11803;14;;;11813;17;11817;17;;;11810.0;0.0
yf_ADM_d0;43900;ASH_COATED_OSMIUM;9900;11;9897;21;;;9906;10;9909;20;;;9903.0;0.0
yf_ADM_d0;43900;INTARIAN_PEPPER_ROOT;11808;8;11805;21;;;11814;17;11816;25;;;11811.0;0.0
yf_ADM_d0;44000;ASH_COATED_OSMIUM;9895;5;9893;18;;;9911;12;9915;19;;;9903.0;0.0
yf_ADM_d0;44000;INTARIAN_PEPPER_ROOT;11811;24;11809;10;;;11817;5;11819;31;;;11814.0;0.0
yf_ADM_d0;44100;ASH_COATED_OSMIUM;9900;11;9897;30;;;9906;24;9910;17;;;9903.0;0.0
yf_ADM_d0;44100;INTARIAN_PEPPER_ROOT;11812;17;11809;26;;;11822;25;11826;22;;;11817.0;0.0
yf_ADM_d0;44200;ASH_COATED_OSMIUM;9899;16;9895;23;;;9908;14;9911;19;;;9903.5;0.0
yf_ADM_d0;44200;INTARIAN_PEPPER_ROOT;11816;14;11814;17;;;11822;12;11826;22;;;11819.0;0.0
yf_ADM_d0;44300;ASH_COATED_OSMIUM;9892;16;9888;22;;;9914;15;9917;18;;;9903.0;0.0
yf_ADM_d0;44300;INTARIAN_PEPPER_ROOT;11818;9;11814;23;;;11824;16;11828;26;;;11821.0;0.0
yf_ADM_d0;44400;ASH_COATED_OSMIUM;9900;15;9896;23;;;9906;10;9908;23;;;9903.0;0.0
yf_ADM_d0;44400;INTARIAN_PEPPER_ROOT;11808;8;11805;13;;;11840;17;11843;14;;;11824.0;0.0
yf_ADM_d0;44500;ASH_COATED_OSMIUM;9900;19;9898;20;;;9906;21;9908;11;;;9903.0;0.0
yf_ADM_d0;44500;INTARIAN_PEPPER_ROOT;11823;22;11821;13;;;11829;17;11833;14;;;11826.0;0.0
yf_ADM_d0;44600;ASH_COATED_OSMIUM;9899;17;9896;22;;;9908;10;9911;18;;;9903.5;0.0
yf_ADM_d0;44600;INTARIAN_PEPPER_ROOT;11824;21;11822;19;;;11834;21;11837;15;;;11829.0;0.0
yf_ADM_d0;44700;ASH_COATED_OSMIUM;9901;11;9898;24;;;9907;23;9909;10;;;9904.0;0.0
yf_ADM_d0;44700;INTARIAN_PEPPER_ROOT;11828;8;11825;20;;;11834;19;11837;18;;;11831.0;0.0
yf_ADM_d0;44800;ASH_COATED_OSMIUM;9901;15;9899;24;;;9907;12;9911;14;;;9904.0;0.0
yf_ADM_d0;44800;INTARIAN_PEPPER_ROOT;11831;13;11829;32;;;11837;18;11839;27;;;11834.0;0.0
yf_ADM_d0;44900;ASH_COATED_OSMIUM;9900;11;9897;25;;;9908;19;9912;24;;;9904.0;0.0
yf_ADM_d0;44900;INTARIAN_PEPPER_ROOT;11827;24;11824;15;;;11846;14;11848;14;;;11836.5;0.0
yf_ADM_d0;45000;ASH_COATED_OSMIUM;9900;19;9898;10;;;9907;6;9909;28;;;9903.5;0.0
yf_ADM_d0;45000;INTARIAN_PEPPER_ROOT;11833;18;11829;17;;;11844;20;11848;19;;;11838.5;0.0
yf_ADM_d0;45100;ASH_COATED_OSMIUM;9900;13;9896;26;;;9906;13;9908;15;;;9903.0;0.0
yf_ADM_d0;45100;INTARIAN_PEPPER_ROOT;11838;12;11836;18;;;11844;14;11846;25;;;11841.0;0.0
yf_ADM_d0;45200;ASH_COATED_OSMIUM;9899;16;9896;10;;;9908;17;9912;19;;;9903.5;0.0
yf_ADM_d0;45200;INTARIAN_PEPPER_ROOT;11840;19;11838;10;;;11846;12;11849;16;;;11843.0;0.0
yf_ADM_d0;45300;ASH_COATED_OSMIUM;9899;12;9896;10;;;9908;12;9910;14;;;9903.5;0.0
yf_ADM_d0;45300;INTARIAN_PEPPER_ROOT;11843;18;11840;20;;;11849;26;11852;20;;;11846.0;0.0
yf_ADM_d0;45400;ASH_COATED_OSMIUM;9901;13;9897;23;;;9907;8;9911;15;;;9904.0;0.0
yf_ADM_d0;45400;INTARIAN_PEPPER_ROOT;11846;9;11842;22;;;11852;19;11854;22;;;11849.0;0.0
yf_ADM_d0;45500;ASH_COATED_OSMIUM;9901;16;9899;20;;;9907;5;9910;26;;;9904.0;0.0
yf_ADM_d0;45500;INTARIAN_PEPPER_ROOT;11847;15;11844;21;;;11854;17;11857;24;;;11850.5;0.0
yf_ADM_d0;45600;ASH_COATED_OSMIUM;9895;12;9891;16;;;9913;20;9917;24;;;9904.0;0.0
yf_ADM_d0;45600;INTARIAN_PEPPER_ROOT;11850;8;11848;23;;;11856;11;11858;24;;;11853.0;0.0
yf_ADM_d0;45700;ASH_COATED_OSMIUM;9901;20;9897;24;;;9907;12;9911;24;;;9904.0;0.0
yf_ADM_d0;45700;INTARIAN_PEPPER_ROOT;11844;13;11840;19;;;11866;14;11869;24;;;11855.0;0.0
yf_ADM_d0;45800;ASH_COATED_OSMIUM;9901;9;9897;24;;;9907;20;9911;17;;;9904.0;0.0
yf_ADM_d0;45800;INTARIAN_PEPPER_ROOT;11855;9;11852;19;;;11861;24;11863;17;;;11858.0;0.0
yf_ADM_d0;45900;ASH_COATED_OSMIUM;9901;15;9898;22;;;9907;18;9911;24;;;9904.0;0.0
yf_ADM_d0;45900;INTARIAN_PEPPER_ROOT;11857;9;11853;20;;;11863;17;11865;23;;;11860.0;0.0
yf_ADM_d0;46000;ASH_COATED_OSMIUM;9900;24;9898;8;;;9909;8;9911;21;;;9904.5;0.0
yf_ADM_d0;46000;INTARIAN_PEPPER_ROOT;11860;17;11858;19;;;11867;12;11871;14;;;11863.5;0.0
yf_ADM_d0;46100;ASH_COATED_OSMIUM;9889;6;9885;17;;;9918;12;9922;22;;;9903.5;0.0
yf_ADM_d0;46100;INTARIAN_PEPPER_ROOT;11862;21;11860;25;;;11868;14;11871;18;;;11865.0;0.0
yf_ADM_d0;46200;ASH_COATED_OSMIUM;9895;20;9891;22;;;9912;20;9915;15;;;9903.5;0.0
yf_ADM_d0;46200;INTARIAN_PEPPER_ROOT;11865;17;11863;16;;;11871;20;11874;8;;;11868.0;0.0
yf_ADM_d0;46300;ASH_COATED_OSMIUM;9901;6;9899;18;;;9907;10;9909;21;;;9904.0;0.0
yf_ADM_d0;46300;INTARIAN_PEPPER_ROOT;11867;18;11863;18;;;11873;12;11877;15;;;11870.0;0.0
yf_ADM_d0;46400;ASH_COATED_OSMIUM;9901;5;9899;25;;;9907;22;9909;27;;;9904.0;0.0
yf_ADM_d0;46400;INTARIAN_PEPPER_ROOT;11866;16;11863;11;;;11880;25;11882;21;;;11873.0;0.0
yf_ADM_d0;46500;ASH_COATED_OSMIUM;9899;17;9897;21;;;9909;16;9911;8;;;9904.0;0.0
yf_ADM_d0;46500;INTARIAN_PEPPER_ROOT;11871;16;11869;20;;;11879;17;11883;22;;;11875.0;0.0
yf_ADM_d0;46600;ASH_COATED_OSMIUM;9901;15;9898;25;;;9907;18;9910;18;;;9904.0;0.0
yf_ADM_d0;46600;INTARIAN_PEPPER_ROOT;11874;18;11870;23;;;11880;14;11883;16;;;11877.0;0.0
yf_ADM_d0;46700;ASH_COATED_OSMIUM;9901;14;9898;27;;;9907;7;9910;8;;;9904.0;0.0
yf_ADM_d0;46700;INTARIAN_PEPPER_ROOT;11877;6;11874;18;;;11883;9;11887;22;;;11880.0;0.0
yf_ADM_d0;46800;ASH_COATED_OSMIUM;9901;11;9899;20;;;9907;10;9911;17;;;9904.0;0.0
yf_ADM_d0;46800;INTARIAN_PEPPER_ROOT;11872;16;11870;20;;;11892;19;11896;10;;;11882.0;0.0
yf_ADM_d0;46900;ASH_COATED_OSMIUM;9902;16;9900;18;;;9908;5;9912;27;;;9905.0;0.0
yf_ADM_d0;46900;INTARIAN_PEPPER_ROOT;11879;13;11875;24;;;11890;18;11892;29;;;11884.5;0.0
yf_ADM_d0;47000;ASH_COATED_OSMIUM;9902;14;9900;17;;;9908;9;9911;26;;;9905.0;0.0
yf_ADM_d0;47000;INTARIAN_PEPPER_ROOT;11884;10;11881;23;;;11890;22;11892;17;;;11887.0;0.0
yf_ADM_d0;47100;ASH_COATED_OSMIUM;9891;27;9889;15;;;9918;13;9921;27;;;9904.5;0.0
yf_ADM_d0;47100;INTARIAN_PEPPER_ROOT;11886;7;11882;17;;;11895;18;11897;17;;;11890.5;0.0
yf_ADM_d0;47200;ASH_COATED_OSMIUM;9901;15;9897;20;;;9907;12;9909;15;;;9904.0;0.0
yf_ADM_d0;47200;INTARIAN_PEPPER_ROOT;11889;8;11885;8;;;11896;11;11898;17;;;11892.5;0.0
yf_ADM_d0;47300;ASH_COATED_OSMIUM;9902;8;9900;19;;;9908;15;9910;15;;;9905.0;0.0
yf_ADM_d0;47300;INTARIAN_PEPPER_ROOT;11892;20;11890;28;;;11898;15;11900;20;;;11895.0;0.0
yf_ADM_d0;47400;ASH_COATED_OSMIUM;9901;15;9898;13;;;9907;5;9909;31;;;9904.0;0.0
yf_ADM_d0;47400;INTARIAN_PEPPER_ROOT;11894;11;11890;17;;;11900;16;11902;8;;;11897.0;0.0
yf_ADM_d0;47500;ASH_COATED_OSMIUM;9901;16;9898;15;;;9907;18;9911;17;;;9904.0;0.0
yf_ADM_d0;47500;INTARIAN_PEPPER_ROOT;11886;30;11884;8;;;11913;15;11917;15;;;11899.5;0.0
yf_ADM_d0;47600;ASH_COATED_OSMIUM;9901;23;9899;18;;;9907;13;9910;23;;;9904.0;0.0
yf_ADM_d0;47600;INTARIAN_PEPPER_ROOT;11899;20;11895;19;;;11905;15;11907;16;;;11902.0;0.0
yf_ADM_d0;47700;ASH_COATED_OSMIUM;9901;16;9899;27;;;9907;9;9909;24;;;9904.0;0.0
yf_ADM_d0;47700;INTARIAN_PEPPER_ROOT;11901;21;11898;20;;;11907;11;11911;21;;;11904.0;0.0
yf_ADM_d0;47800;ASH_COATED_OSMIUM;9901;19;9898;9;;;9907;5;9910;23;;;9904.0;0.0
yf_ADM_d0;47800;INTARIAN_PEPPER_ROOT;11904;10;11900;20;;;11910;14;11914;16;;;11907.0;0.0
yf_ADM_d0;47900;ASH_COATED_OSMIUM;9899;24;9897;16;;;9909;14;9913;18;;;9904.0;0.0
yf_ADM_d0;47900;INTARIAN_PEPPER_ROOT;11898;10;11895;24;;;11920;28;11924;22;;;11909.0;0.0
yf_ADM_d0;48000;ASH_COATED_OSMIUM;9902;16;9900;25;;;9908;11;9910;22;;;9905.0;0.0
yf_ADM_d0;48000;INTARIAN_PEPPER_ROOT;11908;16;11906;26;;;11914;16;11917;14;;;11911.0;0.0
yf_ADM_d0;48100;ASH_COATED_OSMIUM;9902;17;9900;17;;;9908;16;9910;15;;;9905.0;0.0
yf_ADM_d0;48100;INTARIAN_PEPPER_ROOT;11908;16;11905;26;;;11920;18;11923;21;;;11914.0;0.0
yf_ADM_d0;48200;ASH_COATED_OSMIUM;9889;18;9885;20;;;9921;20;9924;10;;;9905.0;0.0
yf_ADM_d0;48200;INTARIAN_PEPPER_ROOT;11913;19;11910;18;;;11919;16;11923;21;;;11916.0;0.0
yf_ADM_d0;48300;ASH_COATED_OSMIUM;9902;19;9900;15;;;9908;17;9911;17;;;9905.0;0.0
yf_ADM_d0;48300;INTARIAN_PEPPER_ROOT;11916;10;11913;19;;;11922;18;11924;17;;;11919.0;0.0
yf_ADM_d0;48400;ASH_COATED_OSMIUM;9896;27;9894;14;;;9914;15;9917;22;;;9905.0;0.0
yf_ADM_d0;48400;INTARIAN_PEPPER_ROOT;11918;22;11915;18;;;11924;7;11927;22;;;11921.0;0.0
yf_ADM_d0;48500;ASH_COATED_OSMIUM;9901;13;9899;18;;;9907;26;9910;23;;;9904.0;0.0
yf_ADM_d0;48500;INTARIAN_PEPPER_ROOT;11921;15;11917;15;;;11927;17;11929;10;;;11924.0;0.0
yf_ADM_d0;48600;ASH_COATED_OSMIUM;9900;20;9898;20;;;9910;9;9912;18;;;9905.0;0.0
yf_ADM_d0;48600;INTARIAN_PEPPER_ROOT;11923;17;11921;18;;;11930;5;11932;28;;;11926.5;0.0
yf_ADM_d0;48700;ASH_COATED_OSMIUM;9887;9;9883;23;;;9924;19;9927;13;;;9905.5;0.0
yf_ADM_d0;48700;INTARIAN_PEPPER_ROOT;11920;7;11916;18;;;11937;12;11941;11;;;11928.5;0.0
yf_ADM_d0;48800;ASH_COATED_OSMIUM;9901;27;9897;13;;;9907;10;9909;17;;;9904.0;0.0
yf_ADM_d0;48800;INTARIAN_PEPPER_ROOT;11928;9;11925;23;;;11934;11;11938;13;;;11931.0;0.0
yf_ADM_d0;48900;ASH_COATED_OSMIUM;9901;20;9899;10;;;9909;13;9911;19;;;9905.0;0.0
yf_ADM_d0;48900;INTARIAN_PEPPER_ROOT;11926;15;11922;23;;;11941;25;11943;14;;;11933.5;0.0
yf_ADM_d0;49000;ASH_COATED_OSMIUM;9901;15;9899;22;;;9907;10;9910;17;;;9904.0;0.0
yf_ADM_d0;49000;INTARIAN_PEPPER_ROOT;11933;12;11930;17;;;11939;17;11942;11;;;11936.0;0.0
yf_ADM_d0;49100;ASH_COATED_OSMIUM;9900;13;9898;15;;;9911;23;9913;16;;;9905.5;0.0
yf_ADM_d0;49100;INTARIAN_PEPPER_ROOT;11935;15;11931;25;;;11941;12;11945;21;;;11938.0;0.0
yf_ADM_d0;49200;ASH_COATED_OSMIUM;9901;13;9898;19;;;9910;17;9912;20;;;9905.5;0.0
yf_ADM_d0;49200;INTARIAN_PEPPER_ROOT;11938;16;11936;17;;;11944;17;11948;28;;;11941.0;0.0
yf_ADM_d0;49300;ASH_COATED_OSMIUM;9900;18;9896;18;;;9910;22;9913;22;;;9905.0;0.0
yf_ADM_d0;49300;INTARIAN_PEPPER_ROOT;11938;13;11934;15;;;11947;11;11949;22;;;11942.5;0.0
yf_ADM_d0;49400;ASH_COATED_OSMIUM;9902;12;9898;29;;;9908;14;9912;19;;;9905.0;0.0
yf_ADM_d0;49400;INTARIAN_PEPPER_ROOT;11939;11;11935;23;;;11951;11;11954;21;;;11945.0;0.0
yf_ADM_d0;49500;ASH_COATED_OSMIUM;9896;16;9893;20;;;9915;10;9919;25;;;9905.5;0.0
yf_ADM_d0;49500;INTARIAN_PEPPER_ROOT;11945;10;11942;26;;;11951;17;11954;15;;;11948.0;0.0
yf_ADM_d0;49600;ASH_COATED_OSMIUM;9902;17;9898;24;;;9908;19;9910;13;;;9905.0;0.0
yf_ADM_d0;49600;INTARIAN_PEPPER_ROOT;11948;16;11946;13;;;11954;20;11956;24;;;11951.0;0.0
yf_ADM_d0;49700;ASH_COATED_OSMIUM;9902;17;9899;26;;;9908;16;9910;11;;;9905.0;0.0
yf_ADM_d0;49700;INTARIAN_PEPPER_ROOT;11950;15;11948;20;;;11956;13;11960;18;;;11953.0;0.0
yf_ADM_d0;49800;ASH_COATED_OSMIUM;9902;15;9899;17;;;9908;17;9910;16;;;9905.0;0.0
yf_ADM_d0;49800;INTARIAN_PEPPER_ROOT;11951;14;11949;18;;;11959;12;11961;22;;;11955.0;0.0
yf_ADM_d0;49900;ASH_COATED_OSMIUM;9900;22;9897;32;;;9910;16;9912;29;;;9905.0;0.0
yf_ADM_d0;49900;INTARIAN_PEPPER_ROOT;11955;15;11953;16;;;11961;11;11964;13;;;11958.0;0.0
yf_ADM_d0;50000;ASH_COATED_OSMIUM;9897;21;9895;13;;;9914;15;9918;16;;;9905.5;0.0
yf_ADM_d0;50000;INTARIAN_PEPPER_ROOT;11954;13;11952;15;;;11966;8;11968;19;;;11960.0;0.0
yf_ADM_d0;50100;ASH_COATED_OSMIUM;9903;20;9901;29;;;9909;14;9912;19;;;9906.0;0.0
yf_ADM_d0;50100;INTARIAN_PEPPER_ROOT;11959;16;11955;16;;;11965;12;11969;12;;;11962.0;0.0
yf_ADM_d0;50200;ASH_COATED_OSMIUM;9892;18;9889;28;;;9920;10;9924;21;;;9906.0;0.0
yf_ADM_d0;50200;INTARIAN_PEPPER_ROOT;11959;15;11956;18;;;11970;12;11972;19;;;11964.5;0.0
yf_ADM_d0;50300;ASH_COATED_OSMIUM;9903;21;9901;23;;;9909;23;9912;23;;;9906.0;0.0
yf_ADM_d0;50300;INTARIAN_PEPPER_ROOT;11962;10;11959;19;;;11974;11;11976;10;;;11968.0;0.0
yf_ADM_d0;50400;ASH_COATED_OSMIUM;9902;25;9898;27;;;9908;9;9910;14;;;9905.0;0.0
yf_ADM_d0;50400;INTARIAN_PEPPER_ROOT;11966;22;11962;8;;;11972;20;11975;21;;;11969.0;0.0
yf_ADM_d0;50500;ASH_COATED_OSMIUM;9899;9;9895;22;;;9912;16;9916;16;;;9905.5;0.0
yf_ADM_d0;50500;INTARIAN_PEPPER_ROOT;11964;11;11962;27;;;11980;17;11982;25;;;11972.0;0.0
yf_ADM_d0;50600;ASH_COATED_OSMIUM;9903;18;9901;15;;;9909;5;9912;19;;;9906.0;0.0
yf_ADM_d0;50600;INTARIAN_PEPPER_ROOT;11969;10;11966;15;;;11980;20;11982;17;;;11974.5;0.0
yf_ADM_d0;50700;ASH_COATED_OSMIUM;9902;17;9899;28;;;9908;19;9910;14;;;9905.0;0.0
yf_ADM_d0;50700;INTARIAN_PEPPER_ROOT;11974;12;11972;14;;;11980;13;11984;28;;;11977.0;0.0
yf_ADM_d0;50800;ASH_COATED_OSMIUM;9903;10;9899;20;;;9909;11;9913;16;;;9906.0;0.0
yf_ADM_d0;50800;INTARIAN_PEPPER_ROOT;11976;14;11972;17;;;11982;11;11986;8;;;11979.0;0.0
yf_ADM_d0;50900;ASH_COATED_OSMIUM;9902;15;9900;12;;;9908;13;9910;27;;;9905.0;0.0
yf_ADM_d0;50900;INTARIAN_PEPPER_ROOT;11978;15;11974;19;;;11984;15;11988;29;;;11981.0;0.0
yf_ADM_d0;51000;ASH_COATED_OSMIUM;9903;15;9900;18;;;9909;18;9911;11;;;9906.0;0.0
yf_ADM_d0;51000;INTARIAN_PEPPER_ROOT;11978;19;11974;20;;;11984;16;11988;20;;;11981.0;0.0
yf_ADM_d0;51100;ASH_COATED_OSMIUM;9892;11;9889;14;;;9920;18;9923;12;;;9906.0;0.0
yf_ADM_d0;51100;INTARIAN_PEPPER_ROOT;11976;13;11973;16;;;11983;14;11985;17;;;11979.5;0.0
yf_ADM_d0;51200;ASH_COATED_OSMIUM;9903;19;9900;10;;;9909;15;9911;18;;;9906.0;0.0
yf_ADM_d0;51200;INTARIAN_PEPPER_ROOT;11976;18;11972;9;;;11982;19;11984;19;;;11979.0;0.0
yf_ADM_d0;51300;ASH_COATED_OSMIUM;9903;7;9899;14;;;9909;15;9911;19;;;9906.0;0.0
yf_ADM_d0;51300;INTARIAN_PEPPER_ROOT;11970;12;11967;17;;;11989;20;11992;16;;;11979.5;0.0
yf_ADM_d0;51400;ASH_COATED_OSMIUM;9897;11;9895;17;;;9916;14;9918;16;;;9906.5;0.0
yf_ADM_d0;51400;INTARIAN_PEPPER_ROOT;11976;8;11974;18;;;11982;18;11985;22;;;11979.0;0.0
yf_ADM_d0;51500;ASH_COATED_OSMIUM;9891;13;9887;26;;;9921;11;9923;22;;;9906.0;0.0
yf_ADM_d0;51500;INTARIAN_PEPPER_ROOT;11976;19;11973;12;;;11982;11;11986;23;;;11979.0;0.0
yf_ADM_d0;51600;ASH_COATED_OSMIUM;9903;16;9901;24;;;9909;20;9912;23;;;9906.0;0.0
yf_ADM_d0;51600;INTARIAN_PEPPER_ROOT;11964;10;11961;19;;;11993;10;11996;24;;;11978.5;0.0
yf_ADM_d0;51700;ASH_COATED_OSMIUM;9900;23;9897;18;;;9911;13;9915;21;;;9905.5;0.0
yf_ADM_d0;51700;INTARIAN_PEPPER_ROOT;11975;12;11971;19;;;11981;16;11984;19;;;11978.0;0.0
yf_ADM_d0;51800;ASH_COATED_OSMIUM;9903;27;9899;24;;;9909;17;9913;21;;;9906.0;0.0
yf_ADM_d0;51800;INTARIAN_PEPPER_ROOT;11975;16;11972;14;;;11981;22;11985;12;;;11978.0;0.0
yf_ADM_d0;51900;ASH_COATED_OSMIUM;9903;12;9901;19;;;9909;18;9913;30;;;9906.0;0.0
yf_ADM_d0;51900;INTARIAN_PEPPER_ROOT;11968;19;11966;9;;;11989;21;11992;21;;;11978.5;0.0
yf_ADM_d0;52000;ASH_COATED_OSMIUM;9903;15;9900;20;;;9909;9;9912;15;;;9906.0;0.0
yf_ADM_d0;52000;INTARIAN_PEPPER_ROOT;11974;26;11971;17;;;11980;23;11984;23;;;11977.0;0.0
yf_ADM_d0;52100;ASH_COATED_OSMIUM;9903;23;9901;26;;;9909;16;9911;18;;;9906.0;0.0
yf_ADM_d0;52100;INTARIAN_PEPPER_ROOT;11974;19;11971;31;;;11981;14;11985;9;;;11977.5;0.0
yf_ADM_d0;52200;ASH_COATED_OSMIUM;9903;17;9900;16;;;9909;23;9911;17;;;9906.0;0.0
yf_ADM_d0;52200;INTARIAN_PEPPER_ROOT;11973;13;11970;23;;;11981;18;11984;25;;;11977.0;0.0
yf_ADM_d0;52300;ASH_COATED_OSMIUM;9898;12;9894;33;;;9913;15;9916;24;;;9905.5;0.0
yf_ADM_d0;52300;INTARIAN_PEPPER_ROOT;11974;8;11972;20;;;11980;16;11984;18;;;11977.0;0.0
yf_ADM_d0;52400;ASH_COATED_OSMIUM;9903;17;9901;19;;;9909;11;9911;29;;;9906.0;0.0
yf_ADM_d0;52400;INTARIAN_PEPPER_ROOT;11971;23;11969;20;;;11981;18;11983;17;;;11976.0;0.0
yf_ADM_d0;52500;ASH_COATED_OSMIUM;9897;8;9894;16;;;9915;9;9917;20;;;9906.0;0.0
yf_ADM_d0;52500;INTARIAN_PEPPER_ROOT;11972;9;11968;15;;;11978;21;11981;17;;;11975.0;0.0
yf_ADM_d0;52600;ASH_COATED_OSMIUM;9895;6;9891;20;;;9918;12;9920;23;;;9906.5;0.0
yf_ADM_d0;52600;INTARIAN_PEPPER_ROOT;11965;14;11962;26;;;11985;7;11988;27;;;11975.0;0.0
yf_ADM_d0;52700;ASH_COATED_OSMIUM;9900;23;9897;8;;;9913;14;9916;19;;;9906.5;0.0
yf_ADM_d0;52700;INTARIAN_PEPPER_ROOT;11971;17;11968;25;;;11981;14;11984;26;;;11976.0;0.0
yf_ADM_d0;52800;ASH_COATED_OSMIUM;9903;5;9899;9;;;9909;19;9911;26;;;9906.0;0.0
yf_ADM_d0;52800;INTARIAN_PEPPER_ROOT;11966;11;11964;21;;;11984;25;11986;18;;;11975.0;0.0
yf_ADM_d0;52900;ASH_COATED_OSMIUM;9898;14;9895;18;;;9914;10;9917;21;;;9906.0;0.0
yf_ADM_d0;52900;INTARIAN_PEPPER_ROOT;11972;12;11968;18;;;11978;12;11982;12;;;11975.0;0.0
yf_ADM_d0;53000;ASH_COATED_OSMIUM;9904;17;9900;15;;;9910;18;9912;17;;;9907.0;0.0
yf_ADM_d0;53000;INTARIAN_PEPPER_ROOT;11967;10;11963;31;;;11982;15;11985;17;;;11974.5;0.0
yf_ADM_d0;53100;ASH_COATED_OSMIUM;9903;5;9899;15;;;9909;19;9911;13;;;9906.0;0.0
yf_ADM_d0;53100;INTARIAN_PEPPER_ROOT;11969;22;11967;21;;;11980;9;11984;20;;;11974.5;0.0
yf_ADM_d0;53200;ASH_COATED_OSMIUM;9899;16;9897;20;;;9916;18;9918;17;;;9907.5;0.0
yf_ADM_d0;53200;INTARIAN_PEPPER_ROOT;11971;12;11967;19;;;11977;15;11980;23;;;11974.0;0.0
yf_ADM_d0;53300;ASH_COATED_OSMIUM;9897;5;9895;21;;;9915;13;9917;26;;;9906.0;0.0
yf_ADM_d0;53300;INTARIAN_PEPPER_ROOT;11966;20;11964;27;;;11981;20;11984;26;;;11973.5;0.0
yf_ADM_d0;53400;ASH_COATED_OSMIUM;9903;16;9899;19;;;9909;15;9912;22;;;9906.0;0.0
yf_ADM_d0;53400;INTARIAN_PEPPER_ROOT;11968;23;11966;28;;;11979;5;11983;24;;;11973.5;0.0
yf_ADM_d0;53500;ASH_COATED_OSMIUM;9902;15;9900;22;;;9912;12;9916;26;;;9907.0;0.0
yf_ADM_d0;53500;INTARIAN_PEPPER_ROOT;11966;8;11963;20;;;11981;18;11984;22;;;11973.5;0.0
yf_ADM_d0;53600;ASH_COATED_OSMIUM;9904;17;9901;21;;;9910;13;9912;32;;;9907.0;0.0
yf_ADM_d0;53600;INTARIAN_PEPPER_ROOT;11970;13;11966;15;;;11976;5;11979;15;;;11973.0;0.0
yf_ADM_d0;53700;ASH_COATED_OSMIUM;9904;23;9900;8;;;9910;10;9913;17;;;9907.0;0.0
yf_ADM_d0;53700;INTARIAN_PEPPER_ROOT;11966;14;11962;20;;;11980;7;11984;26;;;11973.0;0.0
yf_ADM_d0;53800;ASH_COATED_OSMIUM;9901;13;9899;13;;;9912;11;9916;16;;;9906.5;0.0
yf_ADM_d0;53800;INTARIAN_PEPPER_ROOT;11970;10;11968;11;;;11976;10;11980;21;;;11973.0;0.0
yf_ADM_d0;53900;ASH_COATED_OSMIUM;9904;14;9900;29;;;9910;17;9912;14;;;9907.0;0.0
yf_ADM_d0;53900;INTARIAN_PEPPER_ROOT;11969;10;11967;12;;;11976;16;11980;19;;;11972.5;0.0
yf_ADM_d0;54000;ASH_COATED_OSMIUM;9893;23;9889;32;;;9921;13;9925;16;;;9907.0;0.0
yf_ADM_d0;54000;INTARIAN_PEPPER_ROOT;11969;13;11965;22;;;11975;18;11978;20;;;11972.0;0.0
yf_ADM_d0;54100;ASH_COATED_OSMIUM;9893;10;9891;12;;;9921;18;9925;9;;;9907.0;0.0
yf_ADM_d0;54100;INTARIAN_PEPPER_ROOT;11969;22;11965;18;;;11975;14;11977;8;;;11972.0;0.0
yf_ADM_d0;54200;ASH_COATED_OSMIUM;9903;11;9901;27;;;9909;13;9911;26;;;9906.0;0.0
yf_ADM_d0;54200;INTARIAN_PEPPER_ROOT;11969;14;11965;17;;;11975;13;11978;22;;;11972.0;0.0
yf_ADM_d0;54300;ASH_COATED_OSMIUM;9904;17;9900;23;;;9910;21;9912;20;;;9907.0;0.0
yf_ADM_d0;54300;INTARIAN_PEPPER_ROOT;11968;10;11964;12;;;11974;11;11978;12;;;11971.0;0.0
yf_ADM_d0;54400;ASH_COATED_OSMIUM;9889;8;9886;20;;;9924;5;9926;11;;;9906.5;0.0
yf_ADM_d0;54400;INTARIAN_PEPPER_ROOT;11968;15;11964;12;;;11974;14;11976;23;;;11971.0;0.0
yf_ADM_d0;54500;ASH_COATED_OSMIUM;9902;10;9900;20;;;9912;14;9914;22;;;9907.0;0.0
yf_ADM_d0;54500;INTARIAN_PEPPER_ROOT;11967;17;11964;14;;;11973;19;11975;33;;;11970.0;0.0
yf_ADM_d0;54600;ASH_COATED_OSMIUM;9899;12;9896;20;;;9915;19;9918;21;;;9907.0;0.0
yf_ADM_d0;54600;INTARIAN_PEPPER_ROOT;11967;13;11964;34;;;11973;18;11975;17;;;11970.0;0.0
yf_ADM_d0;54700;ASH_COATED_OSMIUM;9904;7;9900;17;;;9910;21;9913;15;;;9907.0;0.0
yf_ADM_d0;54700;INTARIAN_PEPPER_ROOT;11965;5;11962;23;;;11974;15;11977;26;;;11969.5;0.0
yf_ADM_d0;54800;ASH_COATED_OSMIUM;9902;14;9899;18;;;9911;16;9913;22;;;9906.5;0.0
yf_ADM_d0;54800;INTARIAN_PEPPER_ROOT;11967;12;11963;18;;;11973;11;11977;24;;;11970.0;0.0
yf_ADM_d0;54900;ASH_COATED_OSMIUM;9895;13;9892;23;;;9918;8;9921;20;;;9906.5;0.0
yf_ADM_d0;54900;INTARIAN_PEPPER_ROOT;11967;28;11963;19;;;11973;8;11977;18;;;11970.0;0.0
yf_ADM_d0;55000;ASH_COATED_OSMIUM;9904;8;9901;20;;;9910;14;9912;17;;;9907.0;0.0
yf_ADM_d0;55000;INTARIAN_PEPPER_ROOT;11961;16;11957;25;;;11977;23;11981;27;;;11969.0;0.0
yf_ADM_d0;55100;ASH_COATED_OSMIUM;9897;16;9893;24;;;9917;16;9919;25;;;9907.0;0.0
yf_ADM_d0;55100;INTARIAN_PEPPER_ROOT;11964;21;11962;25;;;11974;14;11976;17;;;11969.0;0.0
yf_ADM_d0;55200;ASH_COATED_OSMIUM;9904;20;9900;25;;;9910;10;9913;17;;;9907.0;0.0
yf_ADM_d0;55200;INTARIAN_PEPPER_ROOT;11966;9;11963;19;;;11972;18;11975;22;;;11969.0;0.0
yf_ADM_d0;55300;ASH_COATED_OSMIUM;9904;11;9902;23;;;9910;7;9912;24;;;9907.0;0.0
yf_ADM_d0;55300;INTARIAN_PEPPER_ROOT;11965;14;11961;15;;;11971;11;11973;20;;;11968.0;0.0
yf_ADM_d0;55400;ASH_COATED_OSMIUM;9904;19;9900;21;;;9910;12;9914;28;;;9907.0;0.0
yf_ADM_d0;55400;INTARIAN_PEPPER_ROOT;11965;17;11963;24;;;11971;15;11973;16;;;11968.0;0.0
yf_ADM_d0;55500;ASH_COATED_OSMIUM;9905;17;9903;23;;;9911;10;9915;23;;;9908.0;0.0
yf_ADM_d0;55500;INTARIAN_PEPPER_ROOT;11964;10;11962;16;;;11970;16;11973;25;;;11967.0;0.0
yf_ADM_d0;55600;ASH_COATED_OSMIUM;9904;21;9900;14;;;9910;18;9913;21;;;9907.0;0.0
yf_ADM_d0;55600;INTARIAN_PEPPER_ROOT;11965;19;11961;22;;;11971;12;11975;21;;;11968.0;0.0
yf_ADM_d0;55700;ASH_COATED_OSMIUM;9904;13;9902;10;;;9911;12;9915;20;;;9907.5;0.0
yf_ADM_d0;55700;INTARIAN_PEPPER_ROOT;11962;21;11959;21;;;11972;20;11976;18;;;11967.0;0.0
yf_ADM_d0;55800;ASH_COATED_OSMIUM;9905;18;9903;28;;;9911;11;9913;21;;;9908.0;0.0
yf_ADM_d0;55800;INTARIAN_PEPPER_ROOT;11964;12;11961;14;;;11970;5;11972;19;;;11967.0;0.0
yf_ADM_d0;55900;ASH_COATED_OSMIUM;9905;14;9903;18;;;9911;21;9915;15;;;9908.0;0.0
yf_ADM_d0;55900;INTARIAN_PEPPER_ROOT;11961;11;11957;24;;;11974;12;11978;14;;;11967.5;0.0
yf_ADM_d0;56000;ASH_COATED_OSMIUM;9904;15;9900;21;;;9910;15;9913;20;;;9907.0;0.0
yf_ADM_d0;56000;INTARIAN_PEPPER_ROOT;11963;17;11960;14;;;11969;16;11973;16;;;11966.0;0.0
yf_ADM_d0;56100;ASH_COATED_OSMIUM;9902;15;9898;15;;;9911;5;9913;20;;;9906.5;0.0
yf_ADM_d0;56100;INTARIAN_PEPPER_ROOT;11963;19;11961;19;;;11969;11;11971;13;;;11966.0;0.0
yf_ADM_d0;56200;ASH_COATED_OSMIUM;9903;9;9900;15;;;9911;19;9915;15;;;9907.0;0.0
yf_ADM_d0;56200;INTARIAN_PEPPER_ROOT;11961;7;11959;19;;;11969;10;11972;15;;;11965.0;0.0
yf_ADM_d0;56300;ASH_COATED_OSMIUM;9905;13;9902;22;;;9911;11;9914;30;;;9908.0;0.0
yf_ADM_d0;56300;INTARIAN_PEPPER_ROOT;11963;17;11959;21;;;11969;12;11973;25;;;11966.0;0.0
yf_ADM_d0;56400;ASH_COATED_OSMIUM;9901;22;9897;29;;;9913;12;9916;27;;;9907.0;0.0
yf_ADM_d0;56400;INTARIAN_PEPPER_ROOT;11963;16;11959;24;;;11969;13;11973;22;;;11966.0;0.0
yf_ADM_d0;56500;ASH_COATED_OSMIUM;9905;11;9901;23;;;9911;11;9915;16;;;9908.0;0.0
yf_ADM_d0;56500;INTARIAN_PEPPER_ROOT;11962;10;11958;22;;;11968;14;11971;16;;;11965.0;0.0
yf_ADM_d0;56600;ASH_COATED_OSMIUM;9901;15;9899;15;;;9914;14;9916;22;;;9907.5;0.0
yf_ADM_d0;56600;INTARIAN_PEPPER_ROOT;11959;21;11957;20;;;11971;10;11973;25;;;11965.0;0.0
yf_ADM_d0;56700;ASH_COATED_OSMIUM;9905;17;9901;24;;;9911;9;9915;21;;;9908.0;0.0
yf_ADM_d0;56700;INTARIAN_PEPPER_ROOT;11961;11;11959;21;;;11967;14;11970;24;;;11964.0;0.0
yf_ADM_d0;56800;ASH_COATED_OSMIUM;9905;9;9902;14;;;9911;22;9915;12;;;9908.0;0.0
yf_ADM_d0;56800;INTARIAN_PEPPER_ROOT;11956;14;11952;27;;;11971;17;11975;25;;;11963.5;0.0
yf_ADM_d0;56900;ASH_COATED_OSMIUM;9904;18;9902;18;;;9911;18;9913;24;;;9907.5;0.0
yf_ADM_d0;56900;INTARIAN_PEPPER_ROOT;11959;18;11957;23;;;11968;11;11971;30;;;11963.5;0.0
yf_ADM_d0;57000;ASH_COATED_OSMIUM;9905;19;9902;14;;;9911;11;9914;23;;;9908.0;0.0
yf_ADM_d0;57000;INTARIAN_PEPPER_ROOT;11961;17;11957;20;;;11967;17;11969;16;;;11964.0;0.0
yf_ADM_d0;57100;ASH_COATED_OSMIUM;9898;5;9895;12;;;9917;15;9919;21;;;9907.5;0.0
yf_ADM_d0;57100;INTARIAN_PEPPER_ROOT;11960;16;11957;15;;;11966;22;11969;19;;;11963.0;0.0
yf_ADM_d0;57200;ASH_COATED_OSMIUM;9905;25;9902;23;;;9911;14;9913;8;;;9908.0;0.0
yf_ADM_d0;57200;INTARIAN_PEPPER_ROOT;11960;16;11957;14;;;11966;12;11970;23;;;11963.0;0.0
yf_ADM_d0;57300;ASH_COATED_OSMIUM;9899;16;9896;20;;;9916;13;9919;18;;;9907.5;0.0
yf_ADM_d0;57300;INTARIAN_PEPPER_ROOT;11959;12;11956;12;;;11965;6;11967;21;;;11962.0;0.0
yf_ADM_d0;57400;ASH_COATED_OSMIUM;9905;19;9903;18;;;9911;21;9913;17;;;9908.0;0.0
yf_ADM_d0;57400;INTARIAN_PEPPER_ROOT;11958;13;11954;16;;;11966;12;11968;14;;;11962.0;0.0
yf_ADM_d0;57500;ASH_COATED_OSMIUM;9904;19;9901;23;;;9910;13;9913;18;;;9907.0;0.0
yf_ADM_d0;57500;INTARIAN_PEPPER_ROOT;11959;9;11957;12;;;11965;24;11968;13;;;11962.0;0.0
yf_ADM_d0;57600;ASH_COATED_OSMIUM;9905;8;9902;17;;;9911;8;9913;16;;;9908.0;0.0
yf_ADM_d0;57600;INTARIAN_PEPPER_ROOT;11955;11;11951;23;;;11968;10;11970;15;;;11961.5;0.0
yf_ADM_d0;57700;ASH_COATED_OSMIUM;9906;19;9902;29;;;9912;13;9914;22;;;9909.0;0.0
yf_ADM_d0;57700;INTARIAN_PEPPER_ROOT;11958;6;11954;19;;;11964;11;11966;17;;;11961.0;0.0
yf_ADM_d0;57800;ASH_COATED_OSMIUM;9888;21;9884;20;;;9928;17;9931;18;;;9908.0;0.0
yf_ADM_d0;57800;INTARIAN_PEPPER_ROOT;11951;19;11948;16;;;11972;18;11975;21;;;11961.5;0.0
yf_ADM_d0;57900;ASH_COATED_OSMIUM;9898;9;9894;24;;;9918;12;9920;24;;;9908.0;0.0
yf_ADM_d0;57900;INTARIAN_PEPPER_ROOT;11958;14;11954;22;;;11964;13;11968;18;;;11961.0;0.0
yf_ADM_d0;58000;ASH_COATED_OSMIUM;9905;13;9902;21;;;9911;7;9915;15;;;9908.0;0.0
yf_ADM_d0;58000;INTARIAN_PEPPER_ROOT;11955;15;11951;10;;;11967;15;11970;18;;;11961.0;0.0
yf_ADM_d0;58100;ASH_COATED_OSMIUM;9903;16;9901;25;;;9912;5;9914;20;;;9907.5;0.0
yf_ADM_d0;58100;INTARIAN_PEPPER_ROOT;11958;11;11956;12;;;11964;9;11968;24;;;11961.0;0.0
yf_ADM_d0;58200;ASH_COATED_OSMIUM;9905;12;9902;27;;;9911;9;9915;18;;;9908.0;0.0
yf_ADM_d0;58200;INTARIAN_PEPPER_ROOT;11944;13;11940;24;;;11975;18;11978;17;;;11959.5;0.0
yf_ADM_d0;58300;ASH_COATED_OSMIUM;9904;10;9902;25;;;9913;24;9915;20;;;9908.5;0.0
yf_ADM_d0;58300;INTARIAN_PEPPER_ROOT;11956;22;11952;24;;;11964;14;11967;18;;;11960.0;0.0
yf_ADM_d0;58400;ASH_COATED_OSMIUM;9905;13;9902;20;;;9911;13;9915;31;;;9908.0;0.0
yf_ADM_d0;58400;INTARIAN_PEPPER_ROOT;11957;19;11954;31;;;11963;15;11965;23;;;11960.0;0.0
yf_ADM_d0;58500;ASH_COATED_OSMIUM;9905;18;9901;23;;;9912;17;9914;19;;;9908.5;0.0
yf_ADM_d0;58500;INTARIAN_PEPPER_ROOT;11953;12;11951;15;;;11966;15;11970;24;;;11959.5;0.0
yf_ADM_d0;58600;ASH_COATED_OSMIUM;9899;16;9897;15;;;9917;18;9919;18;;;9908.0;0.0
yf_ADM_d0;58600;INTARIAN_PEPPER_ROOT;11955;10;11951;17;;;11963;10;11965;11;;;11959.0;0.0
yf_ADM_d0;58700;ASH_COATED_OSMIUM;9906;13;9903;19;;;9912;15;9914;20;;;9909.0;0.0
yf_ADM_d0;58700;INTARIAN_PEPPER_ROOT;11956;19;11952;20;;;11962;20;11966;16;;;11959.0;0.0
yf_ADM_d0;58800;ASH_COATED_OSMIUM;9906;15;9904;25;;;9912;24;9915;28;;;9909.0;0.0
yf_ADM_d0;58800;INTARIAN_PEPPER_ROOT;11945;11;11943;17;;;11973;25;11976;15;;;11959.0;0.0
yf_ADM_d0;58900;ASH_COATED_OSMIUM;9906;12;9902;27;;;9912;17;9915;22;;;9909.0;0.0
yf_ADM_d0;58900;INTARIAN_PEPPER_ROOT;11956;21;11952;14;;;11962;11;11966;14;;;11959.0;0.0
yf_ADM_d0;59000;ASH_COATED_OSMIUM;9905;17;9903;15;;;9912;16;9916;15;;;9908.5;0.0
