day;timestamp;product;bid_price_1;bid_volume_1;bid_price_2;bid_volume_2;bid_price_3;bid_volume_3;ask_price_1;ask_volume_1;ask_price_2;ask_volume_2;ask_price_3;ask_volume_3;mid_price;profit_and_loss
av_COFFEE_d6;0;ASH_COATED_OSMIUM;9893;12;9891;24;;;9906;11;9910;20;;;9899.5;0.0
av_COFFEE_d6;0;INTARIAN_PEPPER_ROOT;10179;16;10175;18;;;10185;16;10187;21;;;10182.0;0.0
av_COFFEE_d6;100;ASH_COATED_OSMIUM;9896;21;9894;16;;;9902;14;9905;20;;;9899.0;0.0
av_COFFEE_d6;100;INTARIAN_PEPPER_ROOT;10176;17;10173;16;;;10187;20;10191;18;;;10181.5;0.0
av_COFFEE_d6;200;ASH_COATED_OSMIUM;9897;18;9894;29;;;9903;6;9906;23;;;9900.0;0.0
av_COFFEE_d6;200;INTARIAN_PEPPER_ROOT;10175;9;10172;19;;;10188;9;10190;19;;;10181.5;0.0
av_COFFEE_d6;300;ASH_COATED_OSMIUM;9896;17;9894;18;;;9903;11;9907;26;;;9899.5;0.0
av_COFFEE_d6;300;INTARIAN_PEPPER_ROOT;10178;11;10176;21;;;10184;15;10188;21;;;10181.0;0.0
av_COFFEE_d6;400;ASH_COATED_OSMIUM;9896;15;9893;23;;;9904;17;9908;21;;;9900.0;0.0
av_COFFEE_d6;400;INTARIAN_PEPPER_ROOT;10177;12;10173;16;;;10185;11;10189;21;;;10181.0;0.0
av_COFFEE_d6;500;ASH_COATED_OSMIUM;9871;14;9869;15;;;9930;20;9934;19;;;9900.5;0.0
av_COFFEE_d6;500;INTARIAN_PEPPER_ROOT;10176;19;10172;17;;;10183;8;10187;22;;;10179.5;0.0
av_COFFEE_d6;600;ASH_COATED_OSMIUM;9889;10;9886;20;;;9911;20;9913;17;;;9900.0;0.0
av_COFFEE_d6;600;INTARIAN_PEPPER_ROOT;10170;24;10167;24;;;10192;11;10196;14;;;10181.0;0.0
av_COFFEE_d6;700;ASH_COATED_OSMIUM;9897;16;9893;25;;;9903;13;9907;25;;;9900.0;0.0
av_COFFEE_d6;700;INTARIAN_PEPPER_ROOT;10177;15;10175;27;;;10183;9;10187;21;;;10180.0;0.0
av_COFFEE_d6;800;ASH_COATED_OSMIUM;9897;27;9894;22;;;9903;18;9906;19;;;9900.0;0.0
av_COFFEE_d6;800;INTARIAN_PEPPER_ROOT;10177;12;10175;16;;;10183;22;10185;26;;;10180.0;0.0
av_COFFEE_d6;900;ASH_COATED_OSMIUM;9885;19;9883;24;;;9916;16;9919;20;;;9900.5;0.0
av_COFFEE_d6;900;INTARIAN_PEPPER_ROOT;10176;13;10174;22;;;10182;24;10185;23;;;10179.0;0.0
av_COFFEE_d6;1000;ASH_COATED_OSMIUM;9894;10;9891;19;;;9908;12;9910;18;;;9901.0;0.0
av_COFFEE_d6;1000;INTARIAN_PEPPER_ROOT;10176;15;10174;13;;;10182;14;10185;17;;;10179.0;0.0
av_COFFEE_d6;1100;ASH_COATED_OSMIUM;9898;20;9896;15;;;9904;14;9907;16;;;9901.0;0.0
av_COFFEE_d6;1100;INTARIAN_PEPPER_ROOT;10176;16;10173;19;;;10182;14;10184;27;;;10179.0;0.0
av_COFFEE_d6;1200;ASH_COATED_OSMIUM;9898;22;9894;13;;;9904;18;9907;19;;;9901.0;0.0
av_COFFEE_d6;1200;INTARIAN_PEPPER_ROOT;10175;8;10171;27;;;10181;17;10184;13;;;10178.0;0.0
av_COFFEE_d6;1300;ASH_COATED_OSMIUM;9898;14;9895;22;;;9905;14;9907;17;;;9901.5;0.0
av_COFFEE_d6;1300;INTARIAN_PEPPER_ROOT;10174;20;10172;23;;;10182;11;10184;17;;;10178.0;0.0
av_COFFEE_d6;1400;ASH_COATED_OSMIUM;9898;5;9896;19;;;9904;14;9907;17;;;9901.0;0.0
av_COFFEE_d6;1400;INTARIAN_PEPPER_ROOT;10168;16;10164;25;;;10188;18;10191;17;;;10178.0;0.0
av_COFFEE_d6;1500;ASH_COATED_OSMIUM;9894;11;9890;24;;;9908;7;9910;20;;;9901.0;0.0
av_COFFEE_d6;1500;INTARIAN_PEPPER_ROOT;10175;17;10173;15;;;10181;10;10183;15;;;10178.0;0.0
av_COFFEE_d6;1600;ASH_COATED_OSMIUM;9895;15;9892;27;;;9909;14;9912;22;;;9902.0;0.0
av_COFFEE_d6;1600;INTARIAN_PEPPER_ROOT;10171;25;10168;16;;;10184;14;10187;20;;;10177.5;0.0
av_COFFEE_d6;1700;ASH_COATED_OSMIUM;9899;18;9897;16;;;9905;21;9908;22;;;9902.0;0.0
av_COFFEE_d6;1700;INTARIAN_PEPPER_ROOT;10174;13;10170;13;;;10181;14;10185;17;;;10177.5;0.0
av_COFFEE_d6;1800;ASH_COATED_OSMIUM;9899;14;9897;27;;;9905;20;9907;20;;;9902.0;0.0
av_COFFEE_d6;1800;INTARIAN_PEPPER_ROOT;10175;23;10173;17;;;10181;12;10184;21;;;10178.0;0.0
av_COFFEE_d6;1900;ASH_COATED_OSMIUM;9896;11;9893;15;;;9907;13;9909;9;;;9901.5;0.0
av_COFFEE_d6;1900;INTARIAN_PEPPER_ROOT;10173;22;10169;20;;;10182;21;10186;28;;;10177.5;0.0
av_COFFEE_d6;2000;ASH_COATED_OSMIUM;9896;16;9894;21;;;9908;24;9911;25;;;9902.0;0.0
av_COFFEE_d6;2000;INTARIAN_PEPPER_ROOT;10174;18;10170;24;;;10180;11;10184;23;;;10177.0;0.0
av_COFFEE_d6;2100;ASH_COATED_OSMIUM;9896;8;9894;16;;;9907;17;9909;26;;;9901.5;0.0
av_COFFEE_d6;2100;INTARIAN_PEPPER_ROOT;10173;18;10169;13;;;10179;16;10183;26;;;10176.0;0.0
av_COFFEE_d6;2200;ASH_COATED_OSMIUM;9899;17;9897;16;;;9905;19;9909;16;;;9902.0;0.0
av_COFFEE_d6;2200;INTARIAN_PEPPER_ROOT;10173;19;10169;13;;;10179;9;10182;17;;;10176.0;0.0
av_COFFEE_d6;2300;ASH_COATED_OSMIUM;9900;9;9896;19;;;9906;20;9910;14;;;9903.0;0.0
av_COFFEE_d6;2300;INTARIAN_PEPPER_ROOT;10167;17;10163;20;;;10185;12;10188;17;;;10176.0;0.0
av_COFFEE_d6;2400;ASH_COATED_OSMIUM;9900;17;9897;27;;;9906;13;9909;17;;;9903.0;0.0
av_COFFEE_d6;2400;INTARIAN_PEPPER_ROOT;10172;10;10169;18;;;10178;5;10182;26;;;10175.0;0.0
av_COFFEE_d6;2500;ASH_COATED_OSMIUM;9889;12;9885;19;;;9917;11;9920;17;;;9903.0;0.0
av_COFFEE_d6;2500;INTARIAN_PEPPER_ROOT;10169;15;10167;11;;;10182;15;10185;17;;;10175.5;0.0
av_COFFEE_d6;2600;ASH_COATED_OSMIUM;9899;6;9897;14;;;9907;11;9909;22;;;9903.0;0.0
av_COFFEE_d6;2600;INTARIAN_PEPPER_ROOT;10172;9;10170;11;;;10178;22;10180;16;;;10175.0;0.0
av_COFFEE_d6;2700;ASH_COATED_OSMIUM;9899;20;9895;12;;;9905;23;9908;26;;;9902.0;0.0
av_COFFEE_d6;2700;INTARIAN_PEPPER_ROOT;10166;11;10163;26;;;10185;20;10188;17;;;10175.5;0.0
av_COFFEE_d6;2800;ASH_COATED_OSMIUM;9899;19;9895;17;;;9907;15;9910;19;;;9903.0;0.0
av_COFFEE_d6;2800;INTARIAN_PEPPER_ROOT;10170;14;10166;20;;;10178;11;10181;14;;;10174.0;0.0
av_COFFEE_d6;2900;ASH_COATED_OSMIUM;9901;19;9897;19;;;9907;13;9910;29;;;9904.0;0.0
av_COFFEE_d6;2900;INTARIAN_PEPPER_ROOT;10171;19;10168;23;;;10177;14;10179;14;;;10174.0;0.0
av_COFFEE_d6;3000;ASH_COATED_OSMIUM;9898;16;9896;24;;;9909;14;9913;25;;;9903.5;0.0
av_COFFEE_d6;3000;INTARIAN_PEPPER_ROOT;10171;11;10169;21;;;10177;6;10179;9;;;10174.0;0.0
av_COFFEE_d6;3100;ASH_COATED_OSMIUM;9901;7;9897;24;;;9907;11;9911;13;;;9904.0;0.0
av_COFFEE_d6;3100;INTARIAN_PEPPER_ROOT;10171;9;10168;21;;;10177;15;10181;13;;;10174.0;0.0
av_COFFEE_d6;3200;ASH_COATED_OSMIUM;9900;5;9897;16;;;9906;12;9908;17;;;9903.0;0.0
av_COFFEE_d6;3200;INTARIAN_PEPPER_ROOT;10170;22;10166;14;;;10176;13;10179;18;;;10173.0;0.0
av_COFFEE_d6;3300;ASH_COATED_OSMIUM;9899;21;9896;18;;;9910;20;9914;26;;;9904.5;0.0
av_COFFEE_d6;3300;INTARIAN_PEPPER_ROOT;10164;16;10160;26;;;10183;13;10186;16;;;10173.5;0.0
av_COFFEE_d6;3400;ASH_COATED_OSMIUM;9901;19;9897;21;;;9907;20;9911;16;;;9904.0;0.0
av_COFFEE_d6;3400;INTARIAN_PEPPER_ROOT;10163;30;10159;25;;;10183;13;10187;12;;;10173.0;0.0
av_COFFEE_d6;3500;ASH_COATED_OSMIUM;9899;19;9896;27;;;9907;5;9909;29;;;9903.0;0.0
av_COFFEE_d6;3500;INTARIAN_PEPPER_ROOT;10166;18;10163;19;;;10180;20;10183;17;;;10173.0;0.0
av_COFFEE_d6;3600;ASH_COATED_OSMIUM;9896;14;9894;17;;;9912;17;9914;17;;;9904.0;0.0
av_COFFEE_d6;3600;INTARIAN_PEPPER_ROOT;10170;15;10167;13;;;10176;28;10178;25;;;10173.0;0.0
av_COFFEE_d6;3700;ASH_COATED_OSMIUM;9901;15;9898;12;;;9907;19;9910;13;;;9904.0;0.0
av_COFFEE_d6;3700;INTARIAN_PEPPER_ROOT;10169;17;10165;20;;;10175;16;10177;13;;;10172.0;0.0
av_COFFEE_d6;3800;ASH_COATED_OSMIUM;9901;9;9899;11;;;9907;18;9909;19;;;9904.0;0.0
av_COFFEE_d6;3800;INTARIAN_PEPPER_ROOT;10169;19;10167;24;;;10175;19;10179;29;;;10172.0;0.0
av_COFFEE_d6;3900;ASH_COATED_OSMIUM;9897;10;9895;30;;;9913;9;9917;21;;;9905.0;0.0
av_COFFEE_d6;3900;INTARIAN_PEPPER_ROOT;10169;14;10166;15;;;10175;5;10178;19;;;10172.0;0.0
av_COFFEE_d6;4000;ASH_COATED_OSMIUM;9902;18;9899;21;;;9908;19;9912;20;;;9905.0;0.0
av_COFFEE_d6;4000;INTARIAN_PEPPER_ROOT;10168;14;10164;22;;;10174;17;10177;17;;;10171.0;0.0
av_COFFEE_d6;4100;ASH_COATED_OSMIUM;9902;7;9900;17;;;9908;9;9912;19;;;9905.0;0.0
av_COFFEE_d6;4100;INTARIAN_PEPPER_ROOT;10162;15;10160;14;;;10180;15;10182;21;;;10171.0;0.0
av_COFFEE_d6;4200;ASH_COATED_OSMIUM;9901;15;9897;25;;;9907;14;9910;19;;;9904.0;0.0
av_COFFEE_d6;4200;INTARIAN_PEPPER_ROOT;10168;14;10166;20;;;10174;10;10177;21;;;10171.0;0.0
av_COFFEE_d6;4300;ASH_COATED_OSMIUM;9902;17;9898;25;;;9908;15;9912;24;;;9905.0;0.0
av_COFFEE_d6;4300;INTARIAN_PEPPER_ROOT;10168;14;10166;20;;;10175;20;10177;19;;;10171.5;0.0
av_COFFEE_d6;4400;ASH_COATED_OSMIUM;9895;6;9893;20;;;9915;17;9919;31;;;9905.0;0.0
av_COFFEE_d6;4400;INTARIAN_PEPPER_ROOT;10165;16;10161;14;;;10177;7;10181;12;;;10171.0;0.0
av_COFFEE_d6;4500;ASH_COATED_OSMIUM;9903;16;9899;17;;;9909;18;9911;17;;;9906.0;0.0
av_COFFEE_d6;4500;INTARIAN_PEPPER_ROOT;10168;15;10164;19;;;10174;8;10177;25;;;10171.0;0.0
av_COFFEE_d6;4600;ASH_COATED_OSMIUM;9901;18;9899;23;;;9909;17;9912;22;;;9905.0;0.0
av_COFFEE_d6;4600;INTARIAN_PEPPER_ROOT;10159;12;10156;23;;;10182;14;10186;17;;;10170.5;0.0
av_COFFEE_d6;4700;ASH_COATED_OSMIUM;9896;12;9892;12;;;9914;5;9918;22;;;9905.0;0.0
av_COFFEE_d6;4700;INTARIAN_PEPPER_ROOT;10166;11;10162;30;;;10174;15;10176;24;;;10170.0;0.0
av_COFFEE_d6;4800;ASH_COATED_OSMIUM;9902;21;9900;16;;;9909;11;9911;19;;;9905.5;0.0
av_COFFEE_d6;4800;INTARIAN_PEPPER_ROOT;10167;14;10165;21;;;10173;11;10176;22;;;10170.0;0.0
av_COFFEE_d6;4900;ASH_COATED_OSMIUM;9903;18;9899;19;;;9909;5;9913;24;;;9906.0;0.0
av_COFFEE_d6;4900;INTARIAN_PEPPER_ROOT;10166;9;10163;20;;;10172;10;10174;22;;;10169.0;0.0
av_COFFEE_d6;5000;ASH_COATED_OSMIUM;9903;11;9901;21;;;9909;20;9913;21;;;9906.0;0.0
av_COFFEE_d6;5000;INTARIAN_PEPPER_ROOT;10166;6;10163;19;;;10172;11;10176;25;;;10169.0;0.0
av_COFFEE_d6;5100;ASH_COATED_OSMIUM;9900;12;9897;23;;;9913;9;9916;10;;;9906.5;0.0
av_COFFEE_d6;5100;INTARIAN_PEPPER_ROOT;10166;11;10163;16;;;10172;8;10175;13;;;10169.0;0.0
av_COFFEE_d6;5200;ASH_COATED_OSMIUM;9903;19;9900;15;;;9909;16;9911;28;;;9906.0;0.0
av_COFFEE_d6;5200;INTARIAN_PEPPER_ROOT;10150;10;10147;18;;;10187;14;10191;25;;;10168.5;0.0
av_COFFEE_d6;5300;ASH_COATED_OSMIUM;9903;19;9901;20;;;9909;21;9911;20;;;9906.0;0.0
av_COFFEE_d6;5300;INTARIAN_PEPPER_ROOT;10165;12;10161;22;;;10171;15;10173;22;;;10168.0;0.0
av_COFFEE_d6;5400;ASH_COATED_OSMIUM;9903;7;9899;14;;;9909;12;9911;21;;;9906.0;0.0
av_COFFEE_d6;5400;INTARIAN_PEPPER_ROOT;10166;15;10163;19;;;10172;6;10174;23;;;10169.0;0.0
av_COFFEE_d6;5500;ASH_COATED_OSMIUM;9902;10;9899;16;;;9910;11;9912;27;;;9906.0;0.0
av_COFFEE_d6;5500;INTARIAN_PEPPER_ROOT;10165;12;10163;25;;;10171;12;10173;21;;;10168.0;0.0
av_COFFEE_d6;5600;ASH_COATED_OSMIUM;9903;19;9899;17;;;9909;13;9911;19;;;9906.0;0.0
av_COFFEE_d6;5600;INTARIAN_PEPPER_ROOT;10157;14;10153;22;;;10180;18;10184;18;;;10168.5;0.0
av_COFFEE_d6;5700;ASH_COATED_OSMIUM;9904;11;9900;12;;;9910;5;9912;13;;;9907.0;0.0
av_COFFEE_d6;5700;INTARIAN_PEPPER_ROOT;10154;14;10152;24;;;10181;11;10184;22;;;10167.5;0.0
av_COFFEE_d6;5800;ASH_COATED_OSMIUM;9902;5;9898;15;;;9913;10;9917;22;;;9907.5;0.0
av_COFFEE_d6;5800;INTARIAN_PEPPER_ROOT;10161;10;10159;17;;;10173;12;10176;21;;;10167.0;0.0
av_COFFEE_d6;5900;ASH_COATED_OSMIUM;9903;19;9899;18;;;9909;15;9911;21;;;9906.0;0.0
av_COFFEE_d6;5900;INTARIAN_PEPPER_ROOT;10164;21;10162;19;;;10170;11;10174;16;;;10167.0;0.0
av_COFFEE_d6;6000;ASH_COATED_OSMIUM;9890;15;9887;15;;;9925;16;9927;20;;;9907.5;0.0
av_COFFEE_d6;6000;INTARIAN_PEPPER_ROOT;10163;13;10159;21;;;10169;16;10173;19;;;10166.0;0.0
av_COFFEE_d6;6100;ASH_COATED_OSMIUM;9902;10;9898;17;;;9912;18;9915;13;;;9907.0;0.0
av_COFFEE_d6;6100;INTARIAN_PEPPER_ROOT;10158;18;10156;10;;;10175;10;10179;16;;;10166.5;0.0
av_COFFEE_d6;6200;ASH_COATED_OSMIUM;9904;11;9901;19;;;9910;13;9914;16;;;9907.0;0.0
av_COFFEE_d6;6200;INTARIAN_PEPPER_ROOT;10160;13;10158;9;;;10171;15;10173;18;;;10165.5;0.0
av_COFFEE_d6;6300;ASH_COATED_OSMIUM;9904;15;9900;9;;;9910;13;9914;25;;;9907.0;0.0
av_COFFEE_d6;6300;INTARIAN_PEPPER_ROOT;10162;17;10159;21;;;10169;10;10172;20;;;10165.5;0.0
av_COFFEE_d6;6400;ASH_COATED_OSMIUM;9904;14;9902;21;;;9910;5;9914;18;;;9907.0;0.0
av_COFFEE_d6;6400;INTARIAN_PEPPER_ROOT;10162;12;10158;24;;;10169;13;10172;11;;;10165.5;0.0
av_COFFEE_d6;6500;ASH_COATED_OSMIUM;9904;17;9902;11;;;9910;14;9914;18;;;9907.0;0.0
av_COFFEE_d6;6500;INTARIAN_PEPPER_ROOT;10162;13;10159;19;;;10168;8;10172;19;;;10165.0;0.0
av_COFFEE_d6;6600;ASH_COATED_OSMIUM;9899;10;9896;23;;;9917;13;9921;25;;;9908.0;0.0
av_COFFEE_d6;6600;INTARIAN_PEPPER_ROOT;10162;8;10159;24;;;10168;5;10170;22;;;10165.0;0.0
av_COFFEE_d6;6700;ASH_COATED_OSMIUM;9905;16;9903;35;;;9911;15;9913;16;;;9908.0;0.0
av_COFFEE_d6;6700;INTARIAN_PEPPER_ROOT;10155;20;10153;22;;;10175;13;10177;23;;;10165.0;0.0
av_COFFEE_d6;6800;ASH_COATED_OSMIUM;9901;24;9898;21;;;9914;12;9917;15;;;9907.5;0.0
av_COFFEE_d6;6800;INTARIAN_PEPPER_ROOT;10161;16;10159;22;;;10167;14;10171;15;;;10164.0;0.0
av_COFFEE_d6;6900;ASH_COATED_OSMIUM;9896;27;9894;26;;;9919;6;9921;25;;;9907.5;0.0
av_COFFEE_d6;6900;INTARIAN_PEPPER_ROOT;10158;13;10154;24;;;10171;18;10173;27;;;10164.5;0.0
av_COFFEE_d6;7000;ASH_COATED_OSMIUM;9905;14;9902;27;;;9911;7;9915;21;;;9908.0;0.0
av_COFFEE_d6;7000;INTARIAN_PEPPER_ROOT;10159;5;10157;20;;;10168;5;10170;19;;;10163.5;0.0
av_COFFEE_d6;7100;ASH_COATED_OSMIUM;9905;20;9902;24;;;9911;18;9915;22;;;9908.0;0.0
av_COFFEE_d6;7100;INTARIAN_PEPPER_ROOT;10161;19;10158;14;;;10167;10;10171;28;;;10164.0;0.0
av_COFFEE_d6;7200;ASH_COATED_OSMIUM;9903;13;9899;25;;;9913;16;9917;12;;;9908.0;0.0
av_COFFEE_d6;7200;INTARIAN_PEPPER_ROOT;10158;19;10155;21;;;10169;19;10171;25;;;10163.5;0.0
av_COFFEE_d6;7300;ASH_COATED_OSMIUM;9890;5;9887;15;;;9928;14;9932;20;;;9909.0;0.0
av_COFFEE_d6;7300;INTARIAN_PEPPER_ROOT;10158;8;10156;12;;;10169;15;10171;27;;;10163.5;0.0
av_COFFEE_d6;7400;ASH_COATED_OSMIUM;9906;12;9904;21;;;9912;12;9916;19;;;9909.0;0.0
av_COFFEE_d6;7400;INTARIAN_PEPPER_ROOT;10160;13;10158;15;;;10168;19;10171;21;;;10164.0;0.0
av_COFFEE_d6;7500;ASH_COATED_OSMIUM;9906;17;9903;15;;;9912;15;9915;14;;;9909.0;0.0
av_COFFEE_d6;7500;INTARIAN_PEPPER_ROOT;10157;22;10153;16;;;10167;16;10169;19;;;10162.0;0.0
av_COFFEE_d6;7600;ASH_COATED_OSMIUM;9906;17;9904;20;;;9912;12;9915;27;;;9909.0;0.0
av_COFFEE_d6;7600;INTARIAN_PEPPER_ROOT;10159;11;10157;12;;;10165;10;10169;21;;;10162.0;0.0
av_COFFEE_d6;7700;ASH_COATED_OSMIUM;9906;15;9904;28;;;9912;15;9915;15;;;9909.0;0.0
av_COFFEE_d6;7700;INTARIAN_PEPPER_ROOT;10158;15;10155;10;;;10167;13;10170;18;;;10162.5;0.0
av_COFFEE_d6;7800;ASH_COATED_OSMIUM;9906;7;9903;23;;;9912;20;9916;20;;;9909.0;0.0
av_COFFEE_d6;7800;INTARIAN_PEPPER_ROOT;10154;13;10151;13;;;10169;13;10173;19;;;10161.5;0.0
av_COFFEE_d6;7900;ASH_COATED_OSMIUM;9906;21;9904;23;;;9912;21;9915;18;;;9909.0;0.0
av_COFFEE_d6;7900;INTARIAN_PEPPER_ROOT;10159;14;10157;25;;;10165;21;10167;13;;;10162.0;0.0
av_COFFEE_d6;8000;ASH_COATED_OSMIUM;9902;23;9899;17;;;9917;19;9920;20;;;9909.5;0.0
av_COFFEE_d6;8000;INTARIAN_PEPPER_ROOT;10157;13;10153;19;;;10167;15;10169;16;;;10162.0;0.0
av_COFFEE_d6;8100;ASH_COATED_OSMIUM;9904;12;9901;22;;;9914;10;9916;18;;;9909.0;0.0
av_COFFEE_d6;8100;INTARIAN_PEPPER_ROOT;10157;14;10153;21;;;10167;15;10170;16;;;10162.0;0.0
av_COFFEE_d6;8200;ASH_COATED_OSMIUM;9907;5;9905;17;;;9913;19;9917;22;;;9910.0;0.0
av_COFFEE_d6;8200;INTARIAN_PEPPER_ROOT;10158;15;10155;21;;;10164;18;10168;18;;;10161.0;0.0
av_COFFEE_d6;8300;ASH_COATED_OSMIUM;9907;14;9903;13;;;9913;26;9916;17;;;9910.0;0.0
av_COFFEE_d6;8300;INTARIAN_PEPPER_ROOT;10157;16;10155;12;;;10163;20;10165;20;;;10160.0;0.0
av_COFFEE_d6;8400;ASH_COATED_OSMIUM;9907;16;9903;9;;;9913;13;9916;21;;;9910.0;0.0
av_COFFEE_d6;8400;INTARIAN_PEPPER_ROOT;10157;16;10153;10;;;10163;18;10167;16;;;10160.0;0.0
av_COFFEE_d6;8500;ASH_COATED_OSMIUM;9907;22;9905;10;;;9913;15;9916;30;;;9910.0;0.0
av_COFFEE_d6;8500;INTARIAN_PEPPER_ROOT;10157;15;10154;19;;;10163;15;10165;15;;;10160.0;0.0
av_COFFEE_d6;8600;ASH_COATED_OSMIUM;9907;13;9904;12;;;9913;22;9915;18;;;9910.0;0.0
av_COFFEE_d6;8600;INTARIAN_PEPPER_ROOT;10157;9;10153;25;;;10163;11;10165;18;;;10160.0;0.0
av_COFFEE_d6;8700;ASH_COATED_OSMIUM;9907;10;9903;17;;;9913;16;9916;27;;;9910.0;0.0
av_COFFEE_d6;8700;INTARIAN_PEPPER_ROOT;10151;11;10147;15;;;10169;27;10172;19;;;10160.0;0.0
av_COFFEE_d6;8800;ASH_COATED_OSMIUM;9902;6;9900;17;;;9919;16;9921;18;;;9910.5;0.0
av_COFFEE_d6;8800;INTARIAN_PEPPER_ROOT;10157;13;10154;13;;;10163;16;10166;16;;;10160.0;0.0
av_COFFEE_d6;8900;ASH_COATED_OSMIUM;9908;17;9904;15;;;9914;12;9918;13;;;9911.0;0.0
av_COFFEE_d6;8900;INTARIAN_PEPPER_ROOT;10156;9;10153;20;;;10162;17;10166;26;;;10159.0;0.0
av_COFFEE_d6;9000;ASH_COATED_OSMIUM;9906;17;9902;14;;;9916;5;9919;20;;;9911.0;0.0
av_COFFEE_d6;9000;INTARIAN_PEPPER_ROOT;10156;12;10153;13;;;10162;12;10164;30;;;10159.0;0.0
av_COFFEE_d6;9100;ASH_COATED_OSMIUM;9908;10;9906;18;;;9914;7;9917;19;;;9911.0;0.0
av_COFFEE_d6;9100;INTARIAN_PEPPER_ROOT;10144;20;10141;25;;;10174;20;10178;15;;;10159.0;0.0
av_COFFEE_d6;9200;ASH_COATED_OSMIUM;9908;12;9904;18;;;9914;19;9918;22;;;9911.0;0.0
av_COFFEE_d6;9200;INTARIAN_PEPPER_ROOT;10156;20;10153;24;;;10162;9;10166;21;;;10159.0;0.0
av_COFFEE_d6;9300;ASH_COATED_OSMIUM;9905;15;9901;18;;;9916;21;9920;22;;;9910.5;0.0
av_COFFEE_d6;9300;INTARIAN_PEPPER_ROOT;10148;16;10144;14;;;10167;10;10171;12;;;10157.5;0.0
av_COFFEE_d6;9400;ASH_COATED_OSMIUM;9908;14;9905;25;;;9914;16;9916;25;;;9911.0;0.0
av_COFFEE_d6;9400;INTARIAN_PEPPER_ROOT;10155;8;10153;18;;;10161;17;10164;12;;;10158.0;0.0
av_COFFEE_d6;9500;ASH_COATED_OSMIUM;9908;10;9906;22;;;9914;5;9917;25;;;9911.0;0.0
av_COFFEE_d6;9500;INTARIAN_PEPPER_ROOT;10154;16;10151;20;;;10160;17;10162;17;;;10157.0;0.0
av_COFFEE_d6;9600;ASH_COATED_OSMIUM;9908;21;9906;22;;;9914;27;9917;21;;;9911.0;0.0
av_COFFEE_d6;9600;INTARIAN_PEPPER_ROOT;10154;13;10152;21;;;10160;19;10163;19;;;10157.0;0.0
av_COFFEE_d6;9700;ASH_COATED_OSMIUM;9909;14;9906;22;;;9915;14;9919;28;;;9912.0;0.0
av_COFFEE_d6;9700;INTARIAN_PEPPER_ROOT;10154;20;10150;22;;;10160;13;10163;13;;;10157.0;0.0
av_COFFEE_d6;9800;ASH_COATED_OSMIUM;9905;13;9902;19;;;9918;19;9922;21;;;9911.5;0.0
av_COFFEE_d6;9800;INTARIAN_PEPPER_ROOT;10154;15;10152;24;;;10160;15;10164;26;;;10157.0;0.0
av_COFFEE_d6;9900;ASH_COATED_OSMIUM;9888;8;9886;21;;;9935;20;9937;17;;;9911.5;0.0
av_COFFEE_d6;9900;INTARIAN_PEPPER_ROOT;10154;25;10150;18;;;10160;17;10164;22;;;10157.0;0.0
av_COFFEE_d6;10000;ASH_COATED_OSMIUM;9909;20;9905;21;;;9915;17;9917;13;;;9912.0;0.0
av_COFFEE_d6;10000;INTARIAN_PEPPER_ROOT;10144;13;10142;24;;;10170;7;10173;17;;;10157.0;0.0
av_COFFEE_d6;10100;ASH_COATED_OSMIUM;9909;17;9905;29;;;9915;11;9918;18;;;9912.0;0.0
av_COFFEE_d6;10100;INTARIAN_PEPPER_ROOT;10153;19;10151;20;;;10159;12;10161;11;;;10156.0;0.0
av_COFFEE_d6;10200;ASH_COATED_OSMIUM;9905;14;9903;20;;;9918;17;9922;15;;;9911.5;0.0
av_COFFEE_d6;10200;INTARIAN_PEPPER_ROOT;10153;13;10151;19;;;10159;14;10163;16;;;10156.0;0.0
av_COFFEE_d6;10300;ASH_COATED_OSMIUM;9909;14;9905;16;;;9915;18;9917;27;;;9912.0;0.0
av_COFFEE_d6;10300;INTARIAN_PEPPER_ROOT;10153;23;10149;17;;;10159;18;10162;16;;;10156.0;0.0
av_COFFEE_d6;10400;ASH_COATED_OSMIUM;9910;7;9908;29;;;9916;12;9918;12;;;9913.0;0.0
av_COFFEE_d6;10400;INTARIAN_PEPPER_ROOT;10152;17;10150;21;;;10159;17;10163;21;;;10155.5;0.0
av_COFFEE_d6;10500;ASH_COATED_OSMIUM;9894;26;9890;22;;;9931;13;9934;13;;;9912.5;0.0
av_COFFEE_d6;10500;INTARIAN_PEPPER_ROOT;10147;12;10145;24;;;10163;11;10167;31;;;10155.0;0.0
av_COFFEE_d6;10600;ASH_COATED_OSMIUM;9910;17;9907;14;;;9916;5;9919;26;;;9913.0;0.0
av_COFFEE_d6;10600;INTARIAN_PEPPER_ROOT;10152;12;10148;19;;;10159;12;10161;21;;;10155.5;0.0
av_COFFEE_d6;10700;ASH_COATED_OSMIUM;9899;15;9895;15;;;9925;7;9927;20;;;9912.0;0.0
av_COFFEE_d6;10700;INTARIAN_PEPPER_ROOT;10152;13;10149;15;;;10158;14;10161;30;;;10155.0;0.0
av_COFFEE_d6;10800;ASH_COATED_OSMIUM;9910;12;9906;22;;;9916;18;9919;22;;;9913.0;0.0
av_COFFEE_d6;10800;INTARIAN_PEPPER_ROOT;10152;11;10149;22;;;10158;12;10161;23;;;10155.0;0.0
av_COFFEE_d6;10900;ASH_COATED_OSMIUM;9909;12;9906;17;;;9915;18;9917;20;;;9912.0;0.0
av_COFFEE_d6;10900;INTARIAN_PEPPER_ROOT;10151;8;10148;20;;;10157;11;10159;17;;;10154.0;0.0
av_COFFEE_d6;11000;ASH_COATED_OSMIUM;9910;21;9906;18;;;9916;12;9919;20;;;9913.0;0.0
av_COFFEE_d6;11000;INTARIAN_PEPPER_ROOT;10145;19;10143;22;;;10162;8;10164;8;;;10153.5;0.0
av_COFFEE_d6;11100;ASH_COATED_OSMIUM;9911;9;9907;18;;;9917;7;9921;25;;;9914.0;0.0
av_COFFEE_d6;11100;INTARIAN_PEPPER_ROOT;10140;26;10136;19;;;10167;16;10169;17;;;10153.5;0.0
av_COFFEE_d6;11200;ASH_COATED_OSMIUM;9898;16;9894;23;;;9929;15;9933;27;;;9913.5;0.0
av_COFFEE_d6;11200;INTARIAN_PEPPER_ROOT;10148;14;10145;17;;;10157;13;10161;23;;;10152.5;0.0
av_COFFEE_d6;11300;ASH_COATED_OSMIUM;9910;24;9908;14;;;9916;19;9920;23;;;9913.0;0.0
av_COFFEE_d6;11300;INTARIAN_PEPPER_ROOT;10140;17;10136;15;;;10166;17;10169;16;;;10153.0;0.0
av_COFFEE_d6;11400;ASH_COATED_OSMIUM;9910;21;9907;19;;;9916;19;9918;19;;;9913.0;0.0
av_COFFEE_d6;11400;INTARIAN_PEPPER_ROOT;10151;9;10148;17;;;10157;16;10161;21;;;10154.0;0.0
av_COFFEE_d6;11500;ASH_COATED_OSMIUM;9910;17;9908;24;;;9916;14;9919;20;;;9913.0;0.0
av_COFFEE_d6;11500;INTARIAN_PEPPER_ROOT;10147;20;10143;19;;;10158;10;10161;22;;;10152.5;0.0
av_COFFEE_d6;11600;ASH_COATED_OSMIUM;9911;17;9908;28;;;9917;15;9920;13;;;9914.0;0.0
av_COFFEE_d6;11600;INTARIAN_PEPPER_ROOT;10149;16;10145;21;;;10155;11;10158;23;;;10152.0;0.0
av_COFFEE_d6;11700;ASH_COATED_OSMIUM;9910;20;9908;25;;;9917;25;9920;13;;;9913.5;0.0
av_COFFEE_d6;11700;INTARIAN_PEPPER_ROOT;10149;17;10145;14;;;10155;17;10158;21;;;10152.0;0.0
av_COFFEE_d6;11800;ASH_COATED_OSMIUM;9911;20;9908;21;;;9917;11;9919;21;;;9914.0;0.0
av_COFFEE_d6;11800;INTARIAN_PEPPER_ROOT;10149;20;10146;16;;;10155;13;10158;22;;;10152.0;0.0
av_COFFEE_d6;11900;ASH_COATED_OSMIUM;9911;10;9908;18;;;9917;12;9921;14;;;9914.0;0.0
av_COFFEE_d6;11900;INTARIAN_PEPPER_ROOT;10148;11;10146;13;;;10155;9;10157;12;;;10151.5;0.0
av_COFFEE_d6;12000;ASH_COATED_OSMIUM;9911;13;9909;27;;;9917;20;9919;11;;;9914.0;0.0
av_COFFEE_d6;12000;INTARIAN_PEPPER_ROOT;10148;12;10145;20;;;10154;7;10157;21;;;10151.0;0.0
av_COFFEE_d6;12100;ASH_COATED_OSMIUM;9911;16;9907;18;;;9917;9;9919;14;;;9914.0;0.0
av_COFFEE_d6;12100;INTARIAN_PEPPER_ROOT;10149;5;10145;9;;;10155;13;10159;20;;;10152.0;0.0
av_COFFEE_d6;12200;ASH_COATED_OSMIUM;9908;19;9906;28;;;9923;17;9925;21;;;9915.5;0.0
av_COFFEE_d6;12200;INTARIAN_PEPPER_ROOT;10148;19;10145;13;;;10154;15;10157;22;;;10151.0;0.0
av_COFFEE_d6;12300;ASH_COATED_OSMIUM;9910;20;9908;25;;;9918;17;9921;18;;;9914.0;0.0
av_COFFEE_d6;12300;INTARIAN_PEPPER_ROOT;10148;6;10145;20;;;10154;11;10158;21;;;10151.0;0.0
av_COFFEE_d6;12400;ASH_COATED_OSMIUM;9912;21;9908;19;;;9918;14;9922;14;;;9915.0;0.0
av_COFFEE_d6;12400;INTARIAN_PEPPER_ROOT;10148;18;10146;16;;;10154;20;10158;23;;;10151.0;0.0
av_COFFEE_d6;12500;ASH_COATED_OSMIUM;9911;19;9908;11;;;9917;18;9919;18;;;9914.0;0.0
av_COFFEE_d6;12500;INTARIAN_PEPPER_ROOT;10147;13;10144;28;;;10154;8;10156;22;;;10150.5;0.0
av_COFFEE_d6;12600;ASH_COATED_OSMIUM;9909;12;9905;23;;;9921;7;9925;12;;;9915.0;0.0
av_COFFEE_d6;12600;INTARIAN_PEPPER_ROOT;10147;14;10144;8;;;10153;22;10155;19;;;10150.0;0.0
av_COFFEE_d6;12700;ASH_COATED_OSMIUM;9912;12;9910;20;;;9918;19;9921;19;;;9915.0;0.0
av_COFFEE_d6;12700;INTARIAN_PEPPER_ROOT;10147;10;10143;24;;;10153;7;10155;26;;;10150.0;0.0
av_COFFEE_d6;12800;ASH_COATED_OSMIUM;9907;9;9905;26;;;9924;14;9926;12;;;9915.5;0.0
av_COFFEE_d6;12800;INTARIAN_PEPPER_ROOT;10147;17;10143;13;;;10153;19;10156;29;;;10150.0;0.0
av_COFFEE_d6;12900;ASH_COATED_OSMIUM;9913;9;9911;25;;;9919;12;9922;15;;;9916.0;0.0
av_COFFEE_d6;12900;INTARIAN_PEPPER_ROOT;10142;12;10138;25;;;10156;11;10158;19;;;10149.0;0.0
av_COFFEE_d6;13000;ASH_COATED_OSMIUM;9913;14;9910;15;;;9919;15;9921;20;;;9916.0;0.0
av_COFFEE_d6;13000;INTARIAN_PEPPER_ROOT;10146;18;10144;17;;;10152;12;10156;25;;;10149.0;0.0
av_COFFEE_d6;13100;ASH_COATED_OSMIUM;9912;15;9909;14;;;9918;20;9920;13;;;9915.0;0.0
av_COFFEE_d6;13100;INTARIAN_PEPPER_ROOT;10146;10;10142;21;;;10152;24;10155;14;;;10149.0;0.0
av_COFFEE_d6;13200;ASH_COATED_OSMIUM;9913;13;9909;23;;;9919;11;9921;21;;;9916.0;0.0
av_COFFEE_d6;13200;INTARIAN_PEPPER_ROOT;10144;16;10140;19;;;10153;15;10155;16;;;10148.5;0.0
av_COFFEE_d6;13300;ASH_COATED_OSMIUM;9913;17;9910;15;;;9919;22;9921;20;;;9916.0;0.0
av_COFFEE_d6;13300;INTARIAN_PEPPER_ROOT;10146;13;10142;20;;;10152;16;10155;18;;;10149.0;0.0
av_COFFEE_d6;13400;ASH_COATED_OSMIUM;9909;8;9907;18;;;9922;20;9925;26;;;9915.5;0.0
av_COFFEE_d6;13400;INTARIAN_PEPPER_ROOT;10145;8;10142;26;;;10151;14;10153;9;;;10148.0;0.0
av_COFFEE_d6;13500;ASH_COATED_OSMIUM;9911;16;9907;21;;;9920;15;9924;18;;;9915.5;0.0
av_COFFEE_d6;13500;INTARIAN_PEPPER_ROOT;10145;7;10143;22;;;10151;7;10154;26;;;10148.0;0.0
av_COFFEE_d6;13600;ASH_COATED_OSMIUM;9913;14;9909;19;;;9919;16;9921;15;;;9916.0;0.0
av_COFFEE_d6;13600;INTARIAN_PEPPER_ROOT;10145;15;10143;29;;;10151;10;10154;15;;;10148.0;0.0
av_COFFEE_d6;13700;ASH_COATED_OSMIUM;9913;18;9910;17;;;9919;11;9921;24;;;9916.0;0.0
av_COFFEE_d6;13700;INTARIAN_PEPPER_ROOT;10144;10;10142;19;;;10150;20;10154;13;;;10147.0;0.0
av_COFFEE_d6;13800;ASH_COATED_OSMIUM;9913;16;9911;8;;;9919;11;9921;20;;;9916.0;0.0
av_COFFEE_d6;13800;INTARIAN_PEPPER_ROOT;10138;18;10134;22;;;10155;11;10158;18;;;10146.5;0.0
av_COFFEE_d6;13900;ASH_COATED_OSMIUM;9903;15;9899;26;;;9930;10;9934;20;;;9916.5;0.0
av_COFFEE_d6;13900;INTARIAN_PEPPER_ROOT;10143;21;10141;12;;;10150;16;10154;20;;;10146.5;0.0
av_COFFEE_d6;14000;ASH_COATED_OSMIUM;9911;16;9909;19;;;9922;11;9926;20;;;9916.5;0.0
av_COFFEE_d6;14000;INTARIAN_PEPPER_ROOT;10140;20;10136;17;;;10152;8;10154;28;;;10146.0;0.0
av_COFFEE_d6;14100;ASH_COATED_OSMIUM;9914;15;9911;17;;;9920;8;9923;19;;;9917.0;0.0
av_COFFEE_d6;14100;INTARIAN_PEPPER_ROOT;10141;12;10138;21;;;10151;15;10153;12;;;10146.0;0.0
av_COFFEE_d6;14200;ASH_COATED_OSMIUM;9914;10;9912;15;;;9920;13;9923;22;;;9917.0;0.0
av_COFFEE_d6;14200;INTARIAN_PEPPER_ROOT;10143;19;10140;16;;;10149;16;10153;12;;;10146.0;0.0
av_COFFEE_d6;14300;ASH_COATED_OSMIUM;9914;19;9912;11;;;9920;14;9922;22;;;9917.0;0.0
av_COFFEE_d6;14300;INTARIAN_PEPPER_ROOT;10143;17;10141;17;;;10149;15;10152;20;;;10146.0;0.0
av_COFFEE_d6;14400;ASH_COATED_OSMIUM;9914;15;9910;25;;;9920;15;9924;15;;;9917.0;0.0
av_COFFEE_d6;14400;INTARIAN_PEPPER_ROOT;10142;12;10138;16;;;10148;14;10152;23;;;10145.0;0.0
av_COFFEE_d6;14500;ASH_COATED_OSMIUM;9914;11;9911;11;;;9920;13;9922;22;;;9917.0;0.0
av_COFFEE_d6;14500;INTARIAN_PEPPER_ROOT;10140;20;10138;17;;;10151;17;10154;21;;;10145.5;0.0
av_COFFEE_d6;14600;ASH_COATED_OSMIUM;9915;10;9912;23;;;9921;19;9923;30;;;9918.0;0.0
av_COFFEE_d6;14600;INTARIAN_PEPPER_ROOT;10142;15;10139;22;;;10148;6;10152;14;;;10145.0;0.0
av_COFFEE_d6;14700;ASH_COATED_OSMIUM;9915;25;9912;23;;;9921;16;9924;27;;;9918.0;0.0
av_COFFEE_d6;14700;INTARIAN_PEPPER_ROOT;10142;19;10138;20;;;10148;13;10151;21;;;10145.0;0.0
av_COFFEE_d6;14800;ASH_COATED_OSMIUM;9915;9;9912;25;;;9921;12;9925;20;;;9918.0;0.0
av_COFFEE_d6;14800;INTARIAN_PEPPER_ROOT;10142;15;10140;27;;;10148;26;10152;19;;;10145.0;0.0
av_COFFEE_d6;14900;ASH_COATED_OSMIUM;9915;5;9913;15;;;9921;15;9924;22;;;9918.0;0.0
av_COFFEE_d6;14900;INTARIAN_PEPPER_ROOT;10142;18;10138;23;;;10148;13;10152;18;;;10145.0;0.0
av_COFFEE_d6;15000;ASH_COATED_OSMIUM;9915;13;9912;17;;;9921;14;9925;23;;;9918.0;0.0
av_COFFEE_d6;15000;INTARIAN_PEPPER_ROOT;10141;24;10138;12;;;10147;20;10150;18;;;10144.0;0.0
av_COFFEE_d6;15100;ASH_COATED_OSMIUM;9915;14;9913;27;;;9921;11;9924;22;;;9918.0;0.0
av_COFFEE_d6;15100;INTARIAN_PEPPER_ROOT;10141;18;10138;17;;;10147;13;10151;26;;;10144.0;0.0
av_COFFEE_d6;15200;ASH_COATED_OSMIUM;9915;15;9913;19;;;9921;12;9925;19;;;9918.0;0.0
av_COFFEE_d6;15200;INTARIAN_PEPPER_ROOT;10140;19;10137;21;;;10147;10;10151;23;;;10143.5;0.0
av_COFFEE_d6;15300;ASH_COATED_OSMIUM;9916;20;9913;18;;;9922;14;9925;30;;;9919.0;0.0
av_COFFEE_d6;15300;INTARIAN_PEPPER_ROOT;10141;25;10138;23;;;10147;13;10151;26;;;10144.0;0.0
av_COFFEE_d6;15400;ASH_COATED_OSMIUM;9916;14;9913;27;;;9922;16;9925;19;;;9919.0;0.0
av_COFFEE_d6;15400;INTARIAN_PEPPER_ROOT;10140;14;10137;17;;;10146;16;10148;17;;;10143.0;0.0
av_COFFEE_d6;15500;ASH_COATED_OSMIUM;9904;12;9900;10;;;9934;22;9938;15;;;9919.0;0.0
av_COFFEE_d6;15500;INTARIAN_PEPPER_ROOT;10140;11;10136;20;;;10146;12;10149;26;;;10143.0;0.0
av_COFFEE_d6;15600;ASH_COATED_OSMIUM;9914;12;9910;19;;;9924;22;9928;21;;;9919.0;0.0
av_COFFEE_d6;15600;INTARIAN_PEPPER_ROOT;10139;22;10135;15;;;10146;12;10148;17;;;10142.5;0.0
av_COFFEE_d6;15700;ASH_COATED_OSMIUM;9915;19;9912;30;;;9921;5;9924;20;;;9918.0;0.0
av_COFFEE_d6;15700;INTARIAN_PEPPER_ROOT;10133;22;10129;26;;;10151;12;10154;20;;;10142.0;0.0
av_COFFEE_d6;15800;ASH_COATED_OSMIUM;9910;15;9908;18;;;9929;13;9933;20;;;9919.5;0.0
av_COFFEE_d6;15800;INTARIAN_PEPPER_ROOT;10138;9;10136;35;;;10144;26;10146;21;;;10141.0;0.0
av_COFFEE_d6;15900;ASH_COATED_OSMIUM;9916;7;9914;18;;;9922;15;9924;20;;;9919.0;0.0
av_COFFEE_d6;15900;INTARIAN_PEPPER_ROOT;10139;20;10135;17;;;10145;17;10148;24;;;10142.0;0.0
av_COFFEE_d6;16000;ASH_COATED_OSMIUM;9910;25;9907;23;;;9930;16;9933;10;;;9920.0;0.0
av_COFFEE_d6;16000;INTARIAN_PEPPER_ROOT;10137;19;10134;16;;;10146;15;10149;18;;;10141.5;0.0
av_COFFEE_d6;16100;ASH_COATED_OSMIUM;9916;16;9912;18;;;9922;11;9925;14;;;9919.0;0.0
av_COFFEE_d6;16100;INTARIAN_PEPPER_ROOT;10137;16;10134;25;;;10145;23;10149;24;;;10141.0;0.0
av_COFFEE_d6;16200;ASH_COATED_OSMIUM;9912;14;9909;17;;;9927;14;9931;22;;;9919.5;0.0
av_COFFEE_d6;16200;INTARIAN_PEPPER_ROOT;10138;9;10136;28;;;10144;16;10148;14;;;10141.0;0.0
av_COFFEE_d6;16300;ASH_COATED_OSMIUM;9916;19;9914;17;;;9922;16;9926;18;;;9919.0;0.0
av_COFFEE_d6;16300;INTARIAN_PEPPER_ROOT;10126;19;10122;18;;;10156;14;10159;21;;;10141.0;0.0
av_COFFEE_d6;16400;ASH_COATED_OSMIUM;9917;13;9914;21;;;9923;21;9925;14;;;9920.0;0.0
av_COFFEE_d6;16400;INTARIAN_PEPPER_ROOT;10138;12;10134;17;;;10144;13;10146;14;;;10141.0;0.0
av_COFFEE_d6;16500;ASH_COATED_OSMIUM;9913;17;9909;14;;;9926;12;9928;24;;;9919.5;0.0
av_COFFEE_d6;16500;INTARIAN_PEPPER_ROOT;10137;12;10134;13;;;10143;16;10145;8;;;10140.0;0.0
av_COFFEE_d6;16600;ASH_COATED_OSMIUM;9916;16;9912;25;;;9923;18;9926;11;;;9919.5;0.0
av_COFFEE_d6;16600;INTARIAN_PEPPER_ROOT;10137;12;10133;15;;;10143;15;10147;12;;;10140.0;0.0
av_COFFEE_d6;16700;ASH_COATED_OSMIUM;9914;5;9911;14;;;9925;5;9927;19;;;9919.5;0.0
av_COFFEE_d6;16700;INTARIAN_PEPPER_ROOT;10137;20;10135;26;;;10143;19;10145;18;;;10140.0;0.0
av_COFFEE_d6;16800;ASH_COATED_OSMIUM;9917;14;9915;11;;;9923;11;9927;18;;;9920.0;0.0
av_COFFEE_d6;16800;INTARIAN_PEPPER_ROOT;10136;23;10134;21;;;10142;15;10145;13;;;10139.0;0.0
av_COFFEE_d6;16900;ASH_COATED_OSMIUM;9915;11;9913;19;;;9926;12;9928;17;;;9920.5;0.0
av_COFFEE_d6;16900;INTARIAN_PEPPER_ROOT;10132;17;10129;22;;;10146;15;10148;17;;;10139.0;0.0
av_COFFEE_d6;17000;ASH_COATED_OSMIUM;9917;25;9913;11;;;9923;14;9925;9;;;9920.0;0.0
av_COFFEE_d6;17000;INTARIAN_PEPPER_ROOT;10134;13;10131;15;;;10144;11;10148;16;;;10139.0;0.0
av_COFFEE_d6;17100;ASH_COATED_OSMIUM;9917;18;9913;12;;;9923;20;9925;13;;;9920.0;0.0
av_COFFEE_d6;17100;INTARIAN_PEPPER_ROOT;10135;16;10132;24;;;10141;19;10145;25;;;10138.0;0.0
av_COFFEE_d6;17200;ASH_COATED_OSMIUM;9918;19;9916;15;;;9924;22;9927;15;;;9921.0;0.0
av_COFFEE_d6;17200;INTARIAN_PEPPER_ROOT;10135;18;10132;25;;;10141;16;10145;29;;;10138.0;0.0
av_COFFEE_d6;17300;ASH_COATED_OSMIUM;9918;5;9916;17;;;9924;5;9928;18;;;9921.0;0.0
av_COFFEE_d6;17300;INTARIAN_PEPPER_ROOT;10135;18;10131;11;;;10141;14;10145;20;;;10138.0;0.0
av_COFFEE_d6;17400;ASH_COATED_OSMIUM;9918;15;9916;18;;;9924;16;9928;22;;;9921.0;0.0
av_COFFEE_d6;17400;INTARIAN_PEPPER_ROOT;10134;17;10132;25;;;10140;17;10144;20;;;10137.0;0.0
av_COFFEE_d6;17500;ASH_COATED_OSMIUM;9918;12;9915;22;;;9924;11;9926;20;;;9921.0;0.0
av_COFFEE_d6;17500;INTARIAN_PEPPER_ROOT;10120;14;10118;29;;;10151;6;10155;19;;;10135.5;0.0
av_COFFEE_d6;17600;ASH_COATED_OSMIUM;9918;11;9916;15;;;9924;12;9927;18;;;9921.0;0.0
av_COFFEE_d6;17600;INTARIAN_PEPPER_ROOT;10133;8;10130;17;;;10139;14;10141;21;;;10136.0;0.0
av_COFFEE_d6;17700;ASH_COATED_OSMIUM;9915;10;9912;19;;;9926;16;9930;20;;;9920.5;0.0
av_COFFEE_d6;17700;INTARIAN_PEPPER_ROOT;10132;21;10129;20;;;10138;17;10141;17;;;10135.0;0.0
av_COFFEE_d6;17800;ASH_COATED_OSMIUM;9910;19;9907;16;;;9931;15;9933;23;;;9920.5;0.0
av_COFFEE_d6;17800;INTARIAN_PEPPER_ROOT;10132;12;10130;27;;;10138;13;10142;21;;;10135.0;0.0
av_COFFEE_d6;17900;ASH_COATED_OSMIUM;9914;17;9910;16;;;9928;11;9931;22;;;9921.0;0.0
av_COFFEE_d6;17900;INTARIAN_PEPPER_ROOT;10131;20;10127;13;;;10137;16;10141;9;;;10134.0;0.0
av_COFFEE_d6;18000;ASH_COATED_OSMIUM;9918;23;9915;15;;;9924;17;9927;14;;;9921.0;0.0
av_COFFEE_d6;18000;INTARIAN_PEPPER_ROOT;10131;12;10129;19;;;10137;20;10139;25;;;10134.0;0.0
av_COFFEE_d6;18100;ASH_COATED_OSMIUM;9918;13;9914;21;;;9924;11;9927;20;;;9921.0;0.0
av_COFFEE_d6;18100;INTARIAN_PEPPER_ROOT;10130;15;10128;24;;;10136;11;10138;23;;;10133.0;0.0
av_COFFEE_d6;18200;ASH_COATED_OSMIUM;9918;9;9915;21;;;9924;19;9927;28;;;9921.0;0.0
av_COFFEE_d6;18200;INTARIAN_PEPPER_ROOT;10130;5;10128;21;;;10136;11;10138;19;;;10133.0;0.0
av_COFFEE_d6;18300;ASH_COATED_OSMIUM;9918;12;9915;13;;;9924;21;9927;18;;;9921.0;0.0
av_COFFEE_d6;18300;INTARIAN_PEPPER_ROOT;10128;10;10124;25;;;10137;6;10139;17;;;10132.5;0.0
av_COFFEE_d6;18400;ASH_COATED_OSMIUM;9919;20;9915;20;;;9925;7;9927;31;;;9922.0;0.0
av_COFFEE_d6;18400;INTARIAN_PEPPER_ROOT;10129;13;10126;19;;;10135;18;10139;21;;;10132.0;0.0
av_COFFEE_d6;18500;ASH_COATED_OSMIUM;9914;18;9912;17;;;9929;20;9933;17;;;9921.5;0.0
av_COFFEE_d6;18500;INTARIAN_PEPPER_ROOT;10120;16;10117;18;;;10142;15;10144;26;;;10131.0;0.0
av_COFFEE_d6;18600;ASH_COATED_OSMIUM;9918;15;9916;14;;;9924;15;9928;23;;;9921.0;0.0
av_COFFEE_d6;18600;INTARIAN_PEPPER_ROOT;10126;19;10123;31;;;10138;8;10142;27;;;10132.0;0.0
av_COFFEE_d6;18700;ASH_COATED_OSMIUM;9915;23;9912;13;;;9928;9;9930;13;;;9921.5;0.0
av_COFFEE_d6;18700;INTARIAN_PEPPER_ROOT;10127;8;10124;19;;;10133;13;10136;20;;;10130.0;0.0
av_COFFEE_d6;18800;ASH_COATED_OSMIUM;9919;10;9916;17;;;9925;6;9929;22;;;9922.0;0.0
av_COFFEE_d6;18800;INTARIAN_PEPPER_ROOT;10127;15;10123;20;;;10133;8;10135;21;;;10130.0;0.0
av_COFFEE_d6;18900;ASH_COATED_OSMIUM;9919;11;9917;19;;;9925;18;9929;28;;;9922.0;0.0
av_COFFEE_d6;18900;INTARIAN_PEPPER_ROOT;10127;12;10124;16;;;10133;11;10135;24;;;10130.0;0.0
av_COFFEE_d6;19000;ASH_COATED_OSMIUM;9918;15;9914;15;;;9924;9;9926;19;;;9921.0;0.0
av_COFFEE_d6;19000;INTARIAN_PEPPER_ROOT;10127;21;10125;12;;;10133;13;10136;20;;;10130.0;0.0
av_COFFEE_d6;19100;ASH_COATED_OSMIUM;9918;17;9915;22;;;9927;5;9931;24;;;9922.5;0.0
av_COFFEE_d6;19100;INTARIAN_PEPPER_ROOT;10126;18;10123;16;;;10132;11;10134;20;;;10129.0;0.0
av_COFFEE_d6;19200;ASH_COATED_OSMIUM;9919;15;9917;29;;;9925;17;9927;15;;;9922.0;0.0
av_COFFEE_d6;19200;INTARIAN_PEPPER_ROOT;10126;12;10122;14;;;10132;16;10135;12;;;10129.0;0.0
av_COFFEE_d6;19300;ASH_COATED_OSMIUM;9919;20;9915;24;;;9925;11;9928;20;;;9922.0;0.0
av_COFFEE_d6;19300;INTARIAN_PEPPER_ROOT;10125;21;10123;21;;;10131;9;10133;13;;;10128.0;0.0
av_COFFEE_d6;19400;ASH_COATED_OSMIUM;9908;17;9905;20;;;9936;11;9940;19;;;9922.0;0.0
av_COFFEE_d6;19400;INTARIAN_PEPPER_ROOT;10125;12;10123;10;;;10131;14;10133;22;;;10128.0;0.0
av_COFFEE_d6;19500;ASH_COATED_OSMIUM;9919;20;9916;21;;;9925;12;9928;11;;;9922.0;0.0
av_COFFEE_d6;19500;INTARIAN_PEPPER_ROOT;10124;17;10120;17;;;10130;22;10132;17;;;10127.0;0.0
av_COFFEE_d6;19600;ASH_COATED_OSMIUM;9919;17;9915;25;;;9925;12;9928;20;;;9922.0;0.0
av_COFFEE_d6;19600;INTARIAN_PEPPER_ROOT;10124;21;10122;23;;;10130;15;10133;26;;;10127.0;0.0
av_COFFEE_d6;19700;ASH_COATED_OSMIUM;9915;11;9912;29;;;9929;14;9932;16;;;9922.0;0.0
av_COFFEE_d6;19700;INTARIAN_PEPPER_ROOT;10123;21;10119;15;;;10129;13;10133;15;;;10126.0;0.0
av_COFFEE_d6;19800;ASH_COATED_OSMIUM;9915;9;9911;22;;;9929;21;9932;14;;;9922.0;0.0
av_COFFEE_d6;19800;INTARIAN_PEPPER_ROOT;10121;13;10118;15;;;10130;13;10134;15;;;10125.5;0.0
av_COFFEE_d6;19900;ASH_COATED_OSMIUM;9918;15;9914;21;;;9927;16;9929;27;;;9922.5;0.0
av_COFFEE_d6;19900;INTARIAN_PEPPER_ROOT;10122;19;10118;16;;;10128;15;10130;17;;;10125.0;0.0
av_COFFEE_d6;20000;ASH_COATED_OSMIUM;9920;5;9917;21;;;9926;11;9928;24;;;9923.0;0.0
av_COFFEE_d6;20000;INTARIAN_PEPPER_ROOT;10109;24;10105;19;;;10141;15;10144;22;;;10125.0;0.0
av_COFFEE_d6;20100;ASH_COATED_OSMIUM;9918;18;9915;16;;;9926;10;9929;22;;;9922.0;0.0
av_COFFEE_d6;20100;INTARIAN_PEPPER_ROOT;10116;5;10114;13;;;10133;18;10137;18;;;10124.5;0.0
av_COFFEE_d6;20200;ASH_COATED_OSMIUM;9915;12;9911;23;;;9931;14;9934;12;;;9923.0;0.0
av_COFFEE_d6;20200;INTARIAN_PEPPER_ROOT;10121;17;10119;19;;;10127;5;10131;17;;;10124.0;0.0
av_COFFEE_d6;20300;ASH_COATED_OSMIUM;9920;16;9918;11;;;9926;14;9929;25;;;9923.0;0.0
av_COFFEE_d6;20300;INTARIAN_PEPPER_ROOT;10120;14;10117;21;;;10126;13;10130;21;;;10123.0;0.0
av_COFFEE_d6;20400;ASH_COATED_OSMIUM;9920;18;9918;24;;;9926;17;9928;14;;;9923.0;0.0
av_COFFEE_d6;20400;INTARIAN_PEPPER_ROOT;10120;19;10118;17;;;10126;15;10129;28;;;10123.0;0.0
av_COFFEE_d6;20500;ASH_COATED_OSMIUM;9920;7;9918;25;;;9926;17;9929;23;;;9923.0;0.0
av_COFFEE_d6;20500;INTARIAN_PEPPER_ROOT;10114;14;10111;25;;;10132;13;10135;19;;;10123.0;0.0
av_COFFEE_d6;20600;ASH_COATED_OSMIUM;9920;6;9917;28;;;9926;23;9928;26;;;9923.0;0.0
av_COFFEE_d6;20600;INTARIAN_PEPPER_ROOT;10119;13;10117;14;;;10125;18;10129;29;;;10122.0;0.0
av_COFFEE_d6;20700;ASH_COATED_OSMIUM;9920;15;9918;14;;;9926;14;9928;18;;;9923.0;0.0
av_COFFEE_d6;20700;INTARIAN_PEPPER_ROOT;10119;8;10116;20;;;10125;21;10129;27;;;10122.0;0.0
av_COFFEE_d6;20800;ASH_COATED_OSMIUM;9920;12;9918;10;;;9926;19;9928;15;;;9923.0;0.0
av_COFFEE_d6;20800;INTARIAN_PEPPER_ROOT;10118;13;10115;14;;;10124;17;10127;22;;;10121.0;0.0
av_COFFEE_d6;20900;ASH_COATED_OSMIUM;9903;11;9901;24;;;9944;12;9947;16;;;9923.5;0.0
av_COFFEE_d6;20900;INTARIAN_PEPPER_ROOT;10114;14;10110;18;;;10127;23;10131;17;;;10120.5;0.0
av_COFFEE_d6;21000;ASH_COATED_OSMIUM;9920;14;9917;13;;;9926;14;9930;19;;;9923.0;0.0
av_COFFEE_d6;21000;INTARIAN_PEPPER_ROOT;10117;16;10114;14;;;10123;16;10125;14;;;10120.0;0.0
av_COFFEE_d6;21100;ASH_COATED_OSMIUM;9917;8;9914;25;;;9930;14;9933;16;;;9923.5;0.0
av_COFFEE_d6;21100;INTARIAN_PEPPER_ROOT;10116;12;10114;23;;;10122;9;10124;16;;;10119.0;0.0
av_COFFEE_d6;21200;ASH_COATED_OSMIUM;9920;25;9917;20;;;9926;17;9928;20;;;9923.0;0.0
av_COFFEE_d6;21200;INTARIAN_PEPPER_ROOT;10116;25;10114;21;;;10122;15;10124;18;;;10119.0;0.0
av_COFFEE_d6;21300;ASH_COATED_OSMIUM;9914;21;9912;26;;;9932;17;9934;28;;;9923.0;0.0
av_COFFEE_d6;21300;INTARIAN_PEPPER_ROOT;10116;17;10112;15;;;10122;16;10124;25;;;10119.0;0.0
av_COFFEE_d6;21400;ASH_COATED_OSMIUM;9918;17;9915;18;;;9931;19;9934;16;;;9924.5;0.0
av_COFFEE_d6;21400;INTARIAN_PEPPER_ROOT;10113;10;10111;21;;;10123;16;10127;20;;;10118.0;0.0
av_COFFEE_d6;21500;ASH_COATED_OSMIUM;9913;14;9909;16;;;9934;21;9938;16;;;9923.5;0.0
av_COFFEE_d6;21500;INTARIAN_PEPPER_ROOT;10111;12;10109;22;;;10125;23;10128;20;;;10118.0;0.0
av_COFFEE_d6;21600;ASH_COATED_OSMIUM;9915;20;9911;22;;;9934;13;9938;19;;;9924.5;0.0
av_COFFEE_d6;21600;INTARIAN_PEPPER_ROOT;10109;20;10107;22;;;10126;7;10130;22;;;10117.5;0.0
av_COFFEE_d6;21700;ASH_COATED_OSMIUM;9921;17;9918;17;;;9927;8;9931;14;;;9924.0;0.0
av_COFFEE_d6;21700;INTARIAN_PEPPER_ROOT;10113;25;10110;17;;;10119;5;10122;18;;;10116.0;0.0
av_COFFEE_d6;21800;ASH_COATED_OSMIUM;9920;12;9917;28;;;9926;11;9928;24;;;9923.0;0.0
av_COFFEE_d6;21800;INTARIAN_PEPPER_ROOT;10113;17;10109;19;;;10119;14;10121;22;;;10116.0;0.0
av_COFFEE_d6;21900;ASH_COATED_OSMIUM;9921;11;9918;24;;;9927;18;9931;27;;;9924.0;0.0
av_COFFEE_d6;21900;INTARIAN_PEPPER_ROOT;10109;22;10105;25;;;10123;12;10127;25;;;10116.0;0.0
av_COFFEE_d6;22000;ASH_COATED_OSMIUM;9921;14;9918;23;;;9927;14;9929;14;;;9924.0;0.0
av_COFFEE_d6;22000;INTARIAN_PEPPER_ROOT;10109;5;10105;13;;;10122;10;10126;16;;;10115.5;0.0
av_COFFEE_d6;22100;ASH_COATED_OSMIUM;9921;25;9917;14;;;9927;16;9930;15;;;9924.0;0.0
av_COFFEE_d6;22100;INTARIAN_PEPPER_ROOT;10111;27;10108;21;;;10119;18;10122;11;;;10115.0;0.0
av_COFFEE_d6;22200;ASH_COATED_OSMIUM;9921;19;9918;15;;;9928;11;9930;25;;;9924.5;0.0
av_COFFEE_d6;22200;INTARIAN_PEPPER_ROOT;10109;13;10105;26;;;10121;19;10123;19;;;10115.0;0.0
av_COFFEE_d6;22300;ASH_COATED_OSMIUM;9921;18;9918;25;;;9927;11;9929;25;;;9924.0;0.0
av_COFFEE_d6;22300;INTARIAN_PEPPER_ROOT;10109;8;10106;17;;;10118;26;10120;17;;;10113.5;0.0
av_COFFEE_d6;22400;ASH_COATED_OSMIUM;9921;20;9918;27;;;9927;16;9929;18;;;9924.0;0.0
av_COFFEE_d6;22400;INTARIAN_PEPPER_ROOT;10110;10;10106;24;;;10118;19;10121;17;;;10114.0;0.0
av_COFFEE_d6;22500;ASH_COATED_OSMIUM;9921;18;9919;17;;;9929;25;9933;27;;;9925.0;0.0
av_COFFEE_d6;22500;INTARIAN_PEPPER_ROOT;10110;14;10107;10;;;10116;16;10119;30;;;10113.0;0.0
av_COFFEE_d6;22600;ASH_COATED_OSMIUM;9921;11;9917;24;;;9927;6;9929;26;;;9924.0;0.0
av_COFFEE_d6;22600;INTARIAN_PEPPER_ROOT;10110;26;10107;24;;;10116;15;10119;22;;;10113.0;0.0
av_COFFEE_d6;22700;ASH_COATED_OSMIUM;9921;9;9917;17;;;9927;9;9931;22;;;9924.0;0.0
av_COFFEE_d6;22700;INTARIAN_PEPPER_ROOT;10109;23;10107;23;;;10115;20;10118;18;;;10112.0;0.0
av_COFFEE_d6;22800;ASH_COATED_OSMIUM;9921;14;9919;20;;;9927;5;9929;18;;;9924.0;0.0
av_COFFEE_d6;22800;INTARIAN_PEPPER_ROOT;10109;12;10107;22;;;10115;8;10118;25;;;10112.0;0.0
av_COFFEE_d6;22900;ASH_COATED_OSMIUM;9917;18;9913;18;;;9933;17;9937;18;;;9925.0;0.0
av_COFFEE_d6;22900;INTARIAN_PEPPER_ROOT;10108;10;10106;8;;;10114;22;10118;11;;;10111.0;0.0
av_COFFEE_d6;23000;ASH_COATED_OSMIUM;9922;21;9919;20;;;9928;16;9932;24;;;9925.0;0.0
av_COFFEE_d6;23000;INTARIAN_PEPPER_ROOT;10107;16;10103;28;;;10114;15;10116;22;;;10110.5;0.0
av_COFFEE_d6;23100;ASH_COATED_OSMIUM;9921;12;9918;22;;;9928;16;9932;21;;;9924.5;0.0
av_COFFEE_d6;23100;INTARIAN_PEPPER_ROOT;10107;11;10104;21;;;10113;21;10115;9;;;10110.0;0.0
av_COFFEE_d6;23200;ASH_COATED_OSMIUM;9922;9;9919;27;;;9928;5;9932;23;;;9925.0;0.0
av_COFFEE_d6;23200;INTARIAN_PEPPER_ROOT;10107;18;10105;15;;;10113;15;10115;18;;;10110.0;0.0
av_COFFEE_d6;23300;ASH_COATED_OSMIUM;9922;25;9918;18;;;9928;24;9931;24;;;9925.0;0.0
av_COFFEE_d6;23300;INTARIAN_PEPPER_ROOT;10098;11;10096;19;;;10121;12;10123;22;;;10109.5;0.0
av_COFFEE_d6;23400;ASH_COATED_OSMIUM;9918;7;9916;21;;;9932;6;9934;26;;;9925.0;0.0
av_COFFEE_d6;23400;INTARIAN_PEPPER_ROOT;10104;16;10100;21;;;10113;16;10116;23;;;10108.5;0.0
av_COFFEE_d6;23500;ASH_COATED_OSMIUM;9921;11;9918;13;;;9928;17;9932;18;;;9924.5;0.0
av_COFFEE_d6;23500;INTARIAN_PEPPER_ROOT;10105;30;10101;24;;;10111;10;10114;15;;;10108.0;0.0
av_COFFEE_d6;23600;ASH_COATED_OSMIUM;9913;18;9911;28;;;9937;11;9939;19;;;9925.0;0.0
av_COFFEE_d6;23600;INTARIAN_PEPPER_ROOT;10098;13;10094;12;;;10118;20;10122;19;;;10108.0;0.0
av_COFFEE_d6;23700;ASH_COATED_OSMIUM;9922;16;9920;20;;;9928;5;9930;25;;;9925.0;0.0
av_COFFEE_d6;23700;INTARIAN_PEPPER_ROOT;10104;23;10100;19;;;10110;22;10114;23;;;10107.0;0.0
av_COFFEE_d6;23800;ASH_COATED_OSMIUM;9922;14;9919;17;;;9928;15;9932;14;;;9925.0;0.0
av_COFFEE_d6;23800;INTARIAN_PEPPER_ROOT;10104;17;10101;17;;;10110;14;10113;18;;;10107.0;0.0
av_COFFEE_d6;23900;ASH_COATED_OSMIUM;9922;17;9920;21;;;9928;6;9930;27;;;9925.0;0.0
av_COFFEE_d6;23900;INTARIAN_PEPPER_ROOT;10099;19;10095;20;;;10114;17;10116;21;;;10106.5;0.0
av_COFFEE_d6;24000;ASH_COATED_OSMIUM;9916;13;9914;26;;;9934;12;9936;15;;;9925.0;0.0
av_COFFEE_d6;24000;INTARIAN_PEPPER_ROOT;10103;7;10101;13;;;10109;16;10111;12;;;10106.0;0.0
av_COFFEE_d6;24100;ASH_COATED_OSMIUM;9923;18;9921;29;;;9929;9;9933;16;;;9926.0;0.0
av_COFFEE_d6;24100;INTARIAN_PEPPER_ROOT;10103;22;10099;19;;;10109;20;10112;17;;;10106.0;0.0
av_COFFEE_d6;24200;ASH_COATED_OSMIUM;9922;11;9919;27;;;9928;16;9931;20;;;9925.0;0.0
av_COFFEE_d6;24200;INTARIAN_PEPPER_ROOT;10102;15;10099;12;;;10108;19;10112;20;;;10105.0;0.0
av_COFFEE_d6;24300;ASH_COATED_OSMIUM;9914;9;9910;18;;;9936;27;9939;18;;;9925.0;0.0
av_COFFEE_d6;24300;INTARIAN_PEPPER_ROOT;10102;16;10098;22;;;10108;9;10111;21;;;10105.0;0.0
av_COFFEE_d6;24400;ASH_COATED_OSMIUM;9923;16;9921;12;;;9929;16;9933;20;;;9926.0;0.0
av_COFFEE_d6;24400;INTARIAN_PEPPER_ROOT;10101;18;10097;22;;;10107;11;10109;14;;;10104.0;0.0
av_COFFEE_d6;24500;ASH_COATED_OSMIUM;9922;12;9919;23;;;9928;16;9931;24;;;9925.0;0.0
av_COFFEE_d6;24500;INTARIAN_PEPPER_ROOT;10101;17;10099;14;;;10107;21;10110;16;;;10104.0;0.0
av_COFFEE_d6;24600;ASH_COATED_OSMIUM;9923;18;9921;19;;;9929;7;9933;16;;;9926.0;0.0
av_COFFEE_d6;24600;INTARIAN_PEPPER_ROOT;10098;16;10095;23;;;10106;12;10109;19;;;10102.0;0.0
av_COFFEE_d6;24700;ASH_COATED_OSMIUM;9917;16;9913;15;;;9935;12;9939;21;;;9926.0;0.0
av_COFFEE_d6;24700;INTARIAN_PEPPER_ROOT;10093;15;10091;22;;;10112;20;10114;18;;;10102.5;0.0
av_COFFEE_d6;24800;ASH_COATED_OSMIUM;9923;24;9920;24;;;9929;10;9931;21;;;9926.0;0.0
av_COFFEE_d6;24800;INTARIAN_PEPPER_ROOT;10099;20;10096;15;;;10105;17;10107;9;;;10102.0;0.0
av_COFFEE_d6;24900;ASH_COATED_OSMIUM;9923;15;9919;15;;;9929;12;9933;14;;;9926.0;0.0
av_COFFEE_d6;24900;INTARIAN_PEPPER_ROOT;10098;11;10095;16;;;10104;13;10106;25;;;10101.0;0.0
av_COFFEE_d6;25000;ASH_COATED_OSMIUM;9923;5;9919;24;;;9929;15;9932;21;;;9926.0;0.0
av_COFFEE_d6;25000;INTARIAN_PEPPER_ROOT;10090;10;10086;16;;;10111;18;10113;20;;;10100.5;0.0
av_COFFEE_d6;25100;ASH_COATED_OSMIUM;9922;12;9920;20;;;9929;12;9933;15;;;9925.5;0.0
av_COFFEE_d6;25100;INTARIAN_PEPPER_ROOT;10098;11;10094;28;;;10104;12;10106;16;;;10101.0;0.0
av_COFFEE_d6;25200;ASH_COATED_OSMIUM;9923;13;9919;18;;;9929;6;9931;23;;;9926.0;0.0
av_COFFEE_d6;25200;INTARIAN_PEPPER_ROOT;10097;19;10093;19;;;10103;9;10107;16;;;10100.0;0.0
av_COFFEE_d6;25300;ASH_COATED_OSMIUM;9923;12;9921;25;;;9929;15;9931;20;;;9926.0;0.0
av_COFFEE_d6;25300;INTARIAN_PEPPER_ROOT;10097;9;10095;15;;;10103;14;10107;13;;;10100.0;0.0
av_COFFEE_d6;25400;ASH_COATED_OSMIUM;9924;18;9920;19;;;9930;13;9932;15;;;9927.0;0.0
av_COFFEE_d6;25400;INTARIAN_PEPPER_ROOT;10096;21;10092;20;;;10102;10;10106;13;;;10099.0;0.0
av_COFFEE_d6;25500;ASH_COATED_OSMIUM;9923;19;9920;18;;;9929;5;9933;17;;;9926.0;0.0
av_COFFEE_d6;25500;INTARIAN_PEPPER_ROOT;10096;8;10093;22;;;10102;13;10106;13;;;10099.0;0.0
av_COFFEE_d6;25600;ASH_COATED_OSMIUM;9924;15;9920;23;;;9930;14;9933;21;;;9927.0;0.0
av_COFFEE_d6;25600;INTARIAN_PEPPER_ROOT;10094;11;10090;12;;;10101;8;10105;19;;;10097.5;0.0
av_COFFEE_d6;25700;ASH_COATED_OSMIUM;9924;21;9921;17;;;9930;9;9932;21;;;9927.0;0.0
av_COFFEE_d6;25700;INTARIAN_PEPPER_ROOT;10095;14;10091;21;;;10101;8;10104;19;;;10098.0;0.0
av_COFFEE_d6;25800;ASH_COATED_OSMIUM;9921;14;9917;18;;;9932;8;9934;13;;;9926.5;0.0
av_COFFEE_d6;25800;INTARIAN_PEPPER_ROOT;10090;22;10088;18;;;10103;22;10105;17;;;10096.5;0.0
av_COFFEE_d6;25900;ASH_COATED_OSMIUM;9920;9;9917;19;;;9932;13;9934;26;;;9926.0;0.0
av_COFFEE_d6;25900;INTARIAN_PEPPER_ROOT;10092;13;10089;16;;;10104;17;10108;26;;;10098.0;0.0
av_COFFEE_d6;26000;ASH_COATED_OSMIUM;9924;18;9922;17;;;9931;9;9933;28;;;9927.5;0.0
av_COFFEE_d6;26000;INTARIAN_PEPPER_ROOT;10094;23;10091;21;;;10100;17;10104;22;;;10097.0;0.0
av_COFFEE_d6;26100;ASH_COATED_OSMIUM;9924;12;9922;25;;;9930;15;9933;23;;;9927.0;0.0
av_COFFEE_d6;26100;INTARIAN_PEPPER_ROOT;10094;13;10090;21;;;10100;15;10103;25;;;10097.0;0.0
av_COFFEE_d6;26200;ASH_COATED_OSMIUM;9921;19;9919;15;;;9932;14;9935;22;;;9926.5;0.0
av_COFFEE_d6;26200;INTARIAN_PEPPER_ROOT;10093;16;10090;10;;;10099;8;10102;24;;;10096.0;0.0
av_COFFEE_d6;26300;ASH_COATED_OSMIUM;9924;19;9920;10;;;9930;6;9932;14;;;9927.0;0.0
av_COFFEE_d6;26300;INTARIAN_PEPPER_ROOT;10092;17;10088;19;;;10098;12;10102;17;;;10095.0;0.0
av_COFFEE_d6;26400;ASH_COATED_OSMIUM;9924;13;9920;18;;;9930;12;9934;18;;;9927.0;0.0
av_COFFEE_d6;26400;INTARIAN_PEPPER_ROOT;10092;9;10090;11;;;10098;15;10101;27;;;10095.0;0.0
av_COFFEE_d6;26500;ASH_COATED_OSMIUM;9922;12;9918;23;;;9931;15;9935;21;;;9926.5;0.0
av_COFFEE_d6;26500;INTARIAN_PEPPER_ROOT;10091;16;10089;24;;;10097;17;10099;18;;;10094.0;0.0
av_COFFEE_d6;26600;ASH_COATED_OSMIUM;9925;15;9922;9;;;9931;15;9935;13;;;9928.0;0.0
av_COFFEE_d6;26600;INTARIAN_PEPPER_ROOT;10091;16;10089;17;;;10097;20;10101;13;;;10094.0;0.0
av_COFFEE_d6;26700;ASH_COATED_OSMIUM;9917;13;9913;22;;;9937;15;9940;24;;;9927.0;0.0
av_COFFEE_d6;26700;INTARIAN_PEPPER_ROOT;10088;12;10085;15;;;10100;13;10104;24;;;10094.0;0.0
av_COFFEE_d6;26800;ASH_COATED_OSMIUM;9924;11;9922;13;;;9931;17;9933;18;;;9927.5;0.0
av_COFFEE_d6;26800;INTARIAN_PEPPER_ROOT;10089;15;10085;18;;;10097;22;10101;13;;;10093.0;0.0
av_COFFEE_d6;26900;ASH_COATED_OSMIUM;9921;25;9917;20;;;9934;8;9938;8;;;9927.5;0.0
av_COFFEE_d6;26900;INTARIAN_PEPPER_ROOT;10089;24;10087;22;;;10097;9;10101;20;;;10093.0;0.0
av_COFFEE_d6;27000;ASH_COATED_OSMIUM;9924;11;9920;23;;;9930;20;9933;23;;;9927.0;0.0
av_COFFEE_d6;27000;INTARIAN_PEPPER_ROOT;10089;18;10087;19;;;10095;8;10098;11;;;10092.0;0.0
av_COFFEE_d6;27100;ASH_COATED_OSMIUM;9925;15;9921;21;;;9931;15;9935;15;;;9928.0;0.0
av_COFFEE_d6;27100;INTARIAN_PEPPER_ROOT;10089;14;10086;26;;;10095;14;10097;18;;;10092.0;0.0
av_COFFEE_d6;27200;ASH_COATED_OSMIUM;9924;28;9922;23;;;9931;10;9934;11;;;9927.5;0.0
av_COFFEE_d6;27200;INTARIAN_PEPPER_ROOT;10088;15;10084;15;;;10094;12;10096;15;;;10091.0;0.0
av_COFFEE_d6;27300;ASH_COATED_OSMIUM;9913;9;9910;16;;;9943;18;9945;18;;;9928.0;0.0
av_COFFEE_d6;27300;INTARIAN_PEPPER_ROOT;10088;17;10084;25;;;10094;24;10096;24;;;10091.0;0.0
av_COFFEE_d6;27400;ASH_COATED_OSMIUM;9924;12;9922;16;;;9932;20;9936;23;;;9928.0;0.0
av_COFFEE_d6;27400;INTARIAN_PEPPER_ROOT;10088;24;10085;21;;;10094;25;10097;23;;;10091.0;0.0
av_COFFEE_d6;27500;ASH_COATED_OSMIUM;9925;14;9923;29;;;9931;19;9933;27;;;9928.0;0.0
av_COFFEE_d6;27500;INTARIAN_PEPPER_ROOT;10087;19;10085;20;;;10093;13;10095;22;;;10090.0;0.0
av_COFFEE_d6;27600;ASH_COATED_OSMIUM;9923;12;9920;13;;;9934;17;9937;23;;;9928.5;0.0
av_COFFEE_d6;27600;INTARIAN_PEPPER_ROOT;10086;11;10084;26;;;10092;20;10094;31;;;10089.0;0.0
av_COFFEE_d6;27700;ASH_COATED_OSMIUM;9926;21;9922;22;;;9932;17;9935;16;;;9929.0;0.0
av_COFFEE_d6;27700;INTARIAN_PEPPER_ROOT;10077;9;10075;19;;;10100;11;10103;20;;;10088.5;0.0
av_COFFEE_d6;27800;ASH_COATED_OSMIUM;9925;20;9922;14;;;9931;23;9934;24;;;9928.0;0.0
av_COFFEE_d6;27800;INTARIAN_PEPPER_ROOT;10086;21;10083;19;;;10092;14;10096;16;;;10089.0;0.0
av_COFFEE_d6;27900;ASH_COATED_OSMIUM;9920;21;9917;17;;;9935;13;9938;24;;;9927.5;0.0
av_COFFEE_d6;27900;INTARIAN_PEPPER_ROOT;10077;13;10073;24;;;10098;12;10100;20;;;10087.5;0.0
av_COFFEE_d6;28000;ASH_COATED_OSMIUM;9920;18;9916;20;;;9935;12;9939;20;;;9927.5;0.0
av_COFFEE_d6;28000;INTARIAN_PEPPER_ROOT;10084;7;10080;24;;;10091;13;10093;10;;;10087.5;0.0
av_COFFEE_d6;28100;ASH_COATED_OSMIUM;9915;15;9913;20;;;9942;11;9945;19;;;9928.5;0.0
av_COFFEE_d6;28100;INTARIAN_PEPPER_ROOT;10084;7;10081;19;;;10090;5;10094;21;;;10087.0;0.0
av_COFFEE_d6;28200;ASH_COATED_OSMIUM;9924;17;9920;25;;;9934;14;9936;26;;;9929.0;0.0
av_COFFEE_d6;28200;INTARIAN_PEPPER_ROOT;10083;20;10081;17;;;10089;16;10091;23;;;10086.0;0.0
av_COFFEE_d6;28300;ASH_COATED_OSMIUM;9926;12;9923;20;;;9932;12;9934;8;;;9929.0;0.0
av_COFFEE_d6;28300;INTARIAN_PEPPER_ROOT;10083;18;10081;22;;;10089;16;10091;22;;;10086.0;0.0
av_COFFEE_d6;28400;ASH_COATED_OSMIUM;9925;7;9923;17;;;9931;18;9934;13;;;9928.0;0.0
av_COFFEE_d6;28400;INTARIAN_PEPPER_ROOT;10082;16;10080;25;;;10088;15;10090;26;;;10085.0;0.0
av_COFFEE_d6;28500;ASH_COATED_OSMIUM;9918;10;9915;20;;;9939;19;9941;23;;;9928.5;0.0
av_COFFEE_d6;28500;INTARIAN_PEPPER_ROOT;10082;10;10080;20;;;10088;10;10091;16;;;10085.0;0.0
av_COFFEE_d6;28600;ASH_COATED_OSMIUM;9922;15;9920;23;;;9936;18;9939;11;;;9929.0;0.0
av_COFFEE_d6;28600;INTARIAN_PEPPER_ROOT;10081;16;10078;10;;;10088;18;10091;19;;;10084.5;0.0
av_COFFEE_d6;28700;ASH_COATED_OSMIUM;9926;11;9922;14;;;9932;23;9935;26;;;9929.0;0.0
av_COFFEE_d6;28700;INTARIAN_PEPPER_ROOT;10082;16;10079;14;;;10088;6;10090;14;;;10085.0;0.0
av_COFFEE_d6;28800;ASH_COATED_OSMIUM;9926;9;9924;22;;;9932;19;9934;21;;;9929.0;0.0
av_COFFEE_d6;28800;INTARIAN_PEPPER_ROOT;10076;18;10074;26;;;10091;9;10095;21;;;10083.5;0.0
av_COFFEE_d6;28900;ASH_COATED_OSMIUM;9921;13;9917;23;;;9936;6;9940;17;;;9928.5;0.0
av_COFFEE_d6;28900;INTARIAN_PEPPER_ROOT;10077;16;10074;21;;;10089;16;10091;19;;;10083.0;0.0
av_COFFEE_d6;29000;ASH_COATED_OSMIUM;9926;8;9924;17;;;9932;9;9934;20;;;9929.0;0.0
av_COFFEE_d6;29000;INTARIAN_PEPPER_ROOT;10080;12;10078;16;;;10086;15;10090;16;;;10083.0;0.0
av_COFFEE_d6;29100;ASH_COATED_OSMIUM;9926;18;9924;16;;;9932;15;9934;21;;;9929.0;0.0
av_COFFEE_d6;29100;INTARIAN_PEPPER_ROOT;10072;15;10068;21;;;10093;12;10095;22;;;10082.5;0.0
av_COFFEE_d6;29200;ASH_COATED_OSMIUM;9925;15;9923;14;;;9933;14;9936;20;;;9929.0;0.0
av_COFFEE_d6;29200;INTARIAN_PEPPER_ROOT;10079;21;10075;22;;;10085;9;10089;14;;;10082.0;0.0
av_COFFEE_d6;29300;ASH_COATED_OSMIUM;9926;16;9922;8;;;9932;15;9935;21;;;9929.0;0.0
av_COFFEE_d6;29300;INTARIAN_PEPPER_ROOT;10078;23;10074;18;;;10084;14;10087;25;;;10081.0;0.0
av_COFFEE_d6;29400;ASH_COATED_OSMIUM;9923;9;9921;21;;;9935;14;9939;18;;;9929.0;0.0
av_COFFEE_d6;29400;INTARIAN_PEPPER_ROOT;10076;12;10072;26;;;10086;12;10088;15;;;10081.0;0.0
av_COFFEE_d6;29500;ASH_COATED_OSMIUM;9926;17;9924;22;;;9932;24;9934;12;;;9929.0;0.0
av_COFFEE_d6;29500;INTARIAN_PEPPER_ROOT;10075;18;10071;23;;;10085;11;10089;13;;;10080.0;0.0
av_COFFEE_d6;29600;ASH_COATED_OSMIUM;9923;13;9919;20;;;9934;10;9938;13;;;9928.5;0.0
av_COFFEE_d6;29600;INTARIAN_PEPPER_ROOT;10077;15;10073;23;;;10083;8;10086;17;;;10080.0;0.0
av_COFFEE_d6;29700;ASH_COATED_OSMIUM;9923;6;9921;11;;;9936;23;9940;24;;;9929.5;0.0
av_COFFEE_d6;29700;INTARIAN_PEPPER_ROOT;10076;9;10072;28;;;10082;20;10084;23;;;10079.0;0.0
av_COFFEE_d6;29800;ASH_COATED_OSMIUM;9926;8;9924;22;;;9932;14;9936;16;;;9929.0;0.0
av_COFFEE_d6;29800;INTARIAN_PEPPER_ROOT;10076;8;10072;26;;;10082;21;10086;18;;;10079.0;0.0
av_COFFEE_d6;29900;ASH_COATED_OSMIUM;9921;5;9918;21;;;9938;14;9941;19;;;9929.5;0.0
av_COFFEE_d6;29900;INTARIAN_PEPPER_ROOT;10076;12;10073;17;;;10082;11;10086;21;;;10079.0;0.0
av_COFFEE_d6;30000;ASH_COATED_OSMIUM;9922;17;9919;13;;;9937;5;9941;28;;;9929.5;0.0
av_COFFEE_d6;30000;INTARIAN_PEPPER_ROOT;10075;6;10071;32;;;10081;30;10083;17;;;10078.0;0.0
av_COFFEE_d6;30100;ASH_COATED_OSMIUM;9926;23;9923;30;;;9933;24;9935;18;;;9929.5;0.0
av_COFFEE_d6;30100;INTARIAN_PEPPER_ROOT;10072;9;10068;16;;;10082;8;10085;24;;;10077.0;0.0
av_COFFEE_d6;30200;ASH_COATED_OSMIUM;9924;13;9920;26;;;9936;15;9939;22;;;9930.0;0.0
av_COFFEE_d6;30200;INTARIAN_PEPPER_ROOT;10072;7;10070;19;;;10082;18;10086;24;;;10077.0;0.0
av_COFFEE_d6;30300;ASH_COATED_OSMIUM;9927;9;9923;17;;;9933;11;9937;19;;;9930.0;0.0
av_COFFEE_d6;30300;INTARIAN_PEPPER_ROOT;10074;15;10071;17;;;10080;16;10084;29;;;10077.0;0.0
av_COFFEE_d6;30400;ASH_COATED_OSMIUM;9924;18;9921;11;;;9935;12;9938;14;;;9929.5;0.0
av_COFFEE_d6;30400;INTARIAN_PEPPER_ROOT;10067;12;10063;15;;;10085;20;10088;23;;;10076.0;0.0
av_COFFEE_d6;30500;ASH_COATED_OSMIUM;9927;17;9923;18;;;9933;11;9937;27;;;9930.0;0.0
av_COFFEE_d6;30500;INTARIAN_PEPPER_ROOT;10072;21;10069;19;;;10078;22;10082;19;;;10075.0;0.0
av_COFFEE_d6;30600;ASH_COATED_OSMIUM;9920;26;9917;21;;;9939;11;9943;23;;;9929.5;0.0
av_COFFEE_d6;30600;INTARIAN_PEPPER_ROOT;10072;13;10069;23;;;10078;14;10080;12;;;10075.0;0.0
av_COFFEE_d6;30700;ASH_COATED_OSMIUM;9927;14;9923;14;;;9933;11;9936;12;;;9930.0;0.0
av_COFFEE_d6;30700;INTARIAN_PEPPER_ROOT;10072;8;10068;13;;;10078;13;10081;20;;;10075.0;0.0
av_COFFEE_d6;30800;ASH_COATED_OSMIUM;9928;17;9924;22;;;9934;6;9936;21;;;9931.0;0.0
av_COFFEE_d6;30800;INTARIAN_PEPPER_ROOT;10071;16;10067;24;;;10077;21;10080;26;;;10074.0;0.0
av_COFFEE_d6;30900;ASH_COATED_OSMIUM;9928;21;9925;17;;;9934;19;9937;29;;;9931.0;0.0
av_COFFEE_d6;30900;INTARIAN_PEPPER_ROOT;10070;15;10068;19;;;10078;20;10080;14;;;10074.0;0.0
av_COFFEE_d6;31000;ASH_COATED_OSMIUM;9902;11;9899;21;;;9957;20;9960;28;;;9929.5;0.0
av_COFFEE_d6;31000;INTARIAN_PEPPER_ROOT;10070;22;10066;24;;;10077;11;10080;15;;;10073.5;0.0
av_COFFEE_d6;31100;ASH_COATED_OSMIUM;9917;12;9913;18;;;9943;21;9945;14;;;9930.0;0.0
av_COFFEE_d6;31100;INTARIAN_PEPPER_ROOT;10066;12;10064;29;;;10079;22;10081;24;;;10072.5;0.0
av_COFFEE_d6;31200;ASH_COATED_OSMIUM;9925;9;9921;32;;;9936;25;9939;18;;;9930.5;0.0
av_COFFEE_d6;31200;INTARIAN_PEPPER_ROOT;10062;22;10059;23;;;10083;15;10087;19;;;10072.5;0.0
av_COFFEE_d6;31300;ASH_COATED_OSMIUM;9928;17;9924;17;;;9934;24;9937;19;;;9931.0;0.0
av_COFFEE_d6;31300;INTARIAN_PEPPER_ROOT;10069;12;10066;21;;;10075;16;10078;22;;;10072.0;0.0
av_COFFEE_d6;31400;ASH_COATED_OSMIUM;9927;19;9925;14;;;9933;20;9936;18;;;9930.0;0.0
av_COFFEE_d6;31400;INTARIAN_PEPPER_ROOT;10069;16;10067;15;;;10075;9;10077;17;;;10072.0;0.0
av_COFFEE_d6;31500;ASH_COATED_OSMIUM;9928;15;9925;24;;;9934;16;9936;19;;;9931.0;0.0
av_COFFEE_d6;31500;INTARIAN_PEPPER_ROOT;10068;19;10066;21;;;10074;19;10078;11;;;10071.0;0.0
av_COFFEE_d6;31600;ASH_COATED_OSMIUM;9928;13;9925;15;;;9934;14;9937;18;;;9931.0;0.0
av_COFFEE_d6;31600;INTARIAN_PEPPER_ROOT;10064;12;10060;22;;;10078;23;10080;22;;;10071.0;0.0
av_COFFEE_d6;31700;ASH_COATED_OSMIUM;9922;11;9919;23;;;9940;14;9944;19;;;9931.0;0.0
av_COFFEE_d6;31700;INTARIAN_PEPPER_ROOT;10067;17;10063;22;;;10073;13;10077;25;;;10070.0;0.0
av_COFFEE_d6;31800;ASH_COATED_OSMIUM;9928;11;9926;19;;;9934;17;9937;13;;;9931.0;0.0
av_COFFEE_d6;31800;INTARIAN_PEPPER_ROOT;10066;13;10064;22;;;10072;21;10076;26;;;10069.0;0.0
av_COFFEE_d6;31900;ASH_COATED_OSMIUM;9928;27;9926;15;;;9934;19;9938;11;;;9931.0;0.0
av_COFFEE_d6;31900;INTARIAN_PEPPER_ROOT;10066;20;10062;12;;;10072;21;10075;13;;;10069.0;0.0
av_COFFEE_d6;32000;ASH_COATED_OSMIUM;9926;18;9923;18;;;9936;15;9938;24;;;9931.0;0.0
av_COFFEE_d6;32000;INTARIAN_PEPPER_ROOT;10066;16;10064;17;;;10072;9;10076;20;;;10069.0;0.0
av_COFFEE_d6;32100;ASH_COATED_OSMIUM;9928;5;9926;12;;;9934;14;9937;17;;;9931.0;0.0
av_COFFEE_d6;32100;INTARIAN_PEPPER_ROOT;10062;17;10058;21;;;10074;11;10078;18;;;10068.0;0.0
av_COFFEE_d6;32200;ASH_COATED_OSMIUM;9929;15;9926;23;;;9935;14;9938;12;;;9932.0;0.0
av_COFFEE_d6;32200;INTARIAN_PEPPER_ROOT;10055;17;10051;24;;;10081;19;10085;16;;;10068.0;0.0
av_COFFEE_d6;32300;ASH_COATED_OSMIUM;9928;15;9925;16;;;9934;15;9938;15;;;9931.0;0.0
av_COFFEE_d6;32300;INTARIAN_PEPPER_ROOT;10053;28;10049;16;;;10082;12;10086;14;;;10067.5;0.0
av_COFFEE_d6;32400;ASH_COATED_OSMIUM;9921;14;9919;17;;;9943;6;9945;15;;;9932.0;0.0
av_COFFEE_d6;32400;INTARIAN_PEPPER_ROOT;10064;5;10060;18;;;10070;10;10073;20;;;10067.0;0.0
av_COFFEE_d6;32500;ASH_COATED_OSMIUM;9928;17;9926;21;;;9934;14;9936;18;;;9931.0;0.0
av_COFFEE_d6;32500;INTARIAN_PEPPER_ROOT;10058;11;10056;21;;;10076;12;10080;16;;;10067.0;0.0
av_COFFEE_d6;32600;ASH_COATED_OSMIUM;9929;5;9925;30;;;9935;15;9939;16;;;9932.0;0.0
av_COFFEE_d6;32600;INTARIAN_PEPPER_ROOT;10063;7;10060;22;;;10069;14;10072;17;;;10066.0;0.0
av_COFFEE_d6;32700;ASH_COATED_OSMIUM;9929;12;9925;20;;;9935;13;9939;30;;;9932.0;0.0
av_COFFEE_d6;32700;INTARIAN_PEPPER_ROOT;10061;13;10057;14;;;10070;21;10073;25;;;10065.5;0.0
av_COFFEE_d6;32800;ASH_COATED_OSMIUM;9929;17;9926;25;;;9935;15;9939;16;;;9932.0;0.0
av_COFFEE_d6;32800;INTARIAN_PEPPER_ROOT;10060;11;10056;12;;;10069;25;10071;20;;;10064.5;0.0
av_COFFEE_d6;32900;ASH_COATED_OSMIUM;9919;18;9916;22;;;9944;18;9947;21;;;9931.5;0.0
av_COFFEE_d6;32900;INTARIAN_PEPPER_ROOT;10061;20;10057;13;;;10067;14;10069;25;;;10064.0;0.0
av_COFFEE_d6;33000;ASH_COATED_OSMIUM;9928;19;9926;28;;;9934;13;9936;15;;;9931.0;0.0
av_COFFEE_d6;33000;INTARIAN_PEPPER_ROOT;10061;9;10059;25;;;10067;16;10070;21;;;10064.0;0.0
av_COFFEE_d6;33100;ASH_COATED_OSMIUM;9925;26;9923;26;;;9939;5;9942;18;;;9932.0;0.0
av_COFFEE_d6;33100;INTARIAN_PEPPER_ROOT;10059;22;10057;19;;;10067;8;10071;13;;;10063.0;0.0
av_COFFEE_d6;33200;ASH_COATED_OSMIUM;9929;25;9925;23;;;9935;16;9938;23;;;9932.0;0.0
av_COFFEE_d6;33200;INTARIAN_PEPPER_ROOT;10060;12;10057;17;;;10066;9;10070;15;;;10063.0;0.0
av_COFFEE_d6;33300;ASH_COATED_OSMIUM;9925;7;9923;18;;;9937;23;9941;18;;;9931.0;0.0
av_COFFEE_d6;33300;INTARIAN_PEPPER_ROOT;10054;13;10050;20;;;10070;12;10074;18;;;10062.0;0.0
av_COFFEE_d6;33400;ASH_COATED_OSMIUM;9923;18;9920;28;;;9939;25;9941;20;;;9931.0;0.0
av_COFFEE_d6;33400;INTARIAN_PEPPER_ROOT;10059;12;10055;18;;;10065;10;10069;22;;;10062.0;0.0
av_COFFEE_d6;33500;ASH_COATED_OSMIUM;9929;19;9925;12;;;9935;12;9939;13;;;9932.0;0.0
av_COFFEE_d6;33500;INTARIAN_PEPPER_ROOT;10051;21;10048;21;;;10072;16;10075;24;;;10061.5;0.0
av_COFFEE_d6;33600;ASH_COATED_OSMIUM;9929;20;9925;21;;;9935;14;9937;21;;;9932.0;0.0
av_COFFEE_d6;33600;INTARIAN_PEPPER_ROOT;10058;15;10056;23;;;10064;24;10066;27;;;10061.0;0.0
av_COFFEE_d6;33700;ASH_COATED_OSMIUM;9922;20;9919;23;;;9941;14;9943;22;;;9931.5;0.0
av_COFFEE_d6;33700;INTARIAN_PEPPER_ROOT;10058;6;10056;19;;;10064;10;10066;13;;;10061.0;0.0
av_COFFEE_d6;33800;ASH_COATED_OSMIUM;9930;14;9927;26;;;9936;15;9938;23;;;9933.0;0.0
av_COFFEE_d6;33800;INTARIAN_PEPPER_ROOT;10057;14;10054;26;;;10063;21;10067;25;;;10060.0;0.0
av_COFFEE_d6;33900;ASH_COATED_OSMIUM;9912;20;9909;17;;;9952;16;9956;27;;;9932.0;0.0
av_COFFEE_d6;33900;INTARIAN_PEPPER_ROOT;10055;17;10053;17;;;10064;12;10066;12;;;10059.5;0.0
av_COFFEE_d6;34000;ASH_COATED_OSMIUM;9928;16;9925;12;;;9936;13;9939;18;;;9932.0;0.0
av_COFFEE_d6;34000;INTARIAN_PEPPER_ROOT;10056;11;10054;25;;;10063;15;10067;31;;;10059.5;0.0
av_COFFEE_d6;34100;ASH_COATED_OSMIUM;9929;21;9927;13;;;9935;13;9938;22;;;9932.0;0.0
av_COFFEE_d6;34100;INTARIAN_PEPPER_ROOT;10053;7;10050;17;;;10066;7;10070;18;;;10059.5;0.0
av_COFFEE_d6;34200;ASH_COATED_OSMIUM;9927;20;9924;16;;;9936;13;9939;20;;;9931.5;0.0
av_COFFEE_d6;34200;INTARIAN_PEPPER_ROOT;10056;11;10052;14;;;10062;13;10066;13;;;10059.0;0.0
av_COFFEE_d6;34300;ASH_COATED_OSMIUM;9928;12;9926;15;;;9937;7;9940;14;;;9932.5;0.0
av_COFFEE_d6;34300;INTARIAN_PEPPER_ROOT;10046;11;10044;27;;;10071;12;10075;16;;;10058.5;0.0
av_COFFEE_d6;34400;ASH_COATED_OSMIUM;9929;13;9927;22;;;9935;7;9937;18;;;9932.0;0.0
av_COFFEE_d6;34400;INTARIAN_PEPPER_ROOT;10054;20;10052;17;;;10064;9;10066;18;;;10059.0;0.0
av_COFFEE_d6;34500;ASH_COATED_OSMIUM;9923;14;9919;21;;;9940;15;9944;14;;;9931.5;0.0
av_COFFEE_d6;34500;INTARIAN_PEPPER_ROOT;10049;11;10045;13;;;10067;5;10071;27;;;10058.0;0.0
av_COFFEE_d6;34600;ASH_COATED_OSMIUM;9928;8;9926;22;;;9934;18;9936;18;;;9931.0;0.0
av_COFFEE_d6;34600;INTARIAN_PEPPER_ROOT;10055;8;10052;11;;;10061;20;10063;23;;;10058.0;0.0
av_COFFEE_d6;34700;ASH_COATED_OSMIUM;9929;15;9927;20;;;9935;5;9937;18;;;9932.0;0.0
av_COFFEE_d6;34700;INTARIAN_PEPPER_ROOT;10052;12;10049;18;;;10063;18;10066;20;;;10057.5;0.0
av_COFFEE_d6;34800;ASH_COATED_OSMIUM;9926;19;9924;19;;;9935;15;9937;24;;;9930.5;0.0
av_COFFEE_d6;34800;INTARIAN_PEPPER_ROOT;10053;14;10049;13;;;10063;15;10067;23;;;10058.0;0.0
av_COFFEE_d6;34900;ASH_COATED_OSMIUM;9929;18;9925;24;;;9935;14;9938;22;;;9932.0;0.0
av_COFFEE_d6;34900;INTARIAN_PEPPER_ROOT;10053;15;10051;13;;;10061;11;10063;23;;;10057.0;0.0
av_COFFEE_d6;35000;ASH_COATED_OSMIUM;9919;28;9915;27;;;9943;19;9946;19;;;9931.0;0.0
av_COFFEE_d6;35000;INTARIAN_PEPPER_ROOT;10054;20;10051;22;;;10060;16;10064;21;;;10057.0;0.0
av_COFFEE_d6;35100;ASH_COATED_OSMIUM;9928;12;9926;14;;;9934;21;9938;19;;;9931.0;0.0
av_COFFEE_d6;35100;INTARIAN_PEPPER_ROOT;10054;21;10050;15;;;10060;16;10063;19;;;10057.0;0.0
av_COFFEE_d6;35200;ASH_COATED_OSMIUM;9928;22;9924;27;;;9934;11;9937;22;;;9931.0;0.0
av_COFFEE_d6;35200;INTARIAN_PEPPER_ROOT;10050;14;10046;14;;;10063;16;10065;22;;;10056.5;0.0
av_COFFEE_d6;35300;ASH_COATED_OSMIUM;9926;10;9923;21;;;9937;16;9939;15;;;9931.5;0.0
av_COFFEE_d6;35300;INTARIAN_PEPPER_ROOT;10053;14;10049;18;;;10059;14;10062;23;;;10056.0;0.0
av_COFFEE_d6;35400;ASH_COATED_OSMIUM;9928;13;9925;21;;;9934;18;9937;24;;;9931.0;0.0
av_COFFEE_d6;35400;INTARIAN_PEPPER_ROOT;10046;12;10042;16;;;10066;13;10069;20;;;10056.0;0.0
av_COFFEE_d6;35500;ASH_COATED_OSMIUM;9921;10;9918;22;;;9941;21;9943;30;;;9931.0;0.0
av_COFFEE_d6;35500;INTARIAN_PEPPER_ROOT;10052;15;10050;20;;;10058;27;10061;17;;;10055.0;0.0
av_COFFEE_d6;35600;ASH_COATED_OSMIUM;9928;23;9926;28;;;9934;15;9937;20;;;9931.0;0.0
av_COFFEE_d6;35600;INTARIAN_PEPPER_ROOT;10053;18;10051;21;;;10059;12;10062;15;;;10056.0;0.0
av_COFFEE_d6;35700;ASH_COATED_OSMIUM;9925;17;9922;14;;;9936;5;9939;10;;;9930.5;0.0
av_COFFEE_d6;35700;INTARIAN_PEPPER_ROOT;10052;5;10050;18;;;10058;8;10061;19;;;10055.0;0.0
av_COFFEE_d6;35800;ASH_COATED_OSMIUM;9927;13;9925;24;;;9934;9;9938;20;;;9930.5;0.0
av_COFFEE_d6;35800;INTARIAN_PEPPER_ROOT;10052;15;10050;20;;;10058;16;10061;23;;;10055.0;0.0
av_COFFEE_d6;35900;ASH_COATED_OSMIUM;9927;12;9925;16;;;9933;16;9936;19;;;9930.0;0.0
av_COFFEE_d6;35900;INTARIAN_PEPPER_ROOT;10050;12;10046;13;;;10059;12;10061;25;;;10054.5;0.0
av_COFFEE_d6;36000;ASH_COATED_OSMIUM;9927;16;9923;25;;;9935;16;9937;20;;;9931.0;0.0
av_COFFEE_d6;36000;INTARIAN_PEPPER_ROOT;10052;13;10050;21;;;10058;18;10061;16;;;10055.0;0.0
av_COFFEE_d6;36100;ASH_COATED_OSMIUM;9926;14;9922;11;;;9935;5;9938;19;;;9930.5;0.0
av_COFFEE_d6;36100;INTARIAN_PEPPER_ROOT;10041;13;10038;23;;;10069;16;10072;12;;;10055.0;0.0
av_COFFEE_d6;36200;ASH_COATED_OSMIUM;9927;17;9924;23;;;9934;15;9938;24;;;9930.5;0.0
av_COFFEE_d6;36200;INTARIAN_PEPPER_ROOT;10051;11;10047;22;;;10057;18;10059;30;;;10054.0;0.0
av_COFFEE_d6;36300;ASH_COATED_OSMIUM;9928;15;9925;23;;;9934;8;9938;15;;;9931.0;0.0
av_COFFEE_d6;36300;INTARIAN_PEPPER_ROOT;10051;18;10048;26;;;10057;19;10061;17;;;10054.0;0.0
av_COFFEE_d6;36400;ASH_COATED_OSMIUM;9927;16;9925;10;;;9933;20;9935;25;;;9930.0;0.0
av_COFFEE_d6;36400;INTARIAN_PEPPER_ROOT;10050;12;10046;27;;;10058;18;10061;23;;;10054.0;0.0
av_COFFEE_d6;36500;ASH_COATED_OSMIUM;9927;11;9925;26;;;9933;14;9937;18;;;9930.0;0.0
av_COFFEE_d6;36500;INTARIAN_PEPPER_ROOT;10051;13;10048;20;;;10057;13;10060;13;;;10054.0;0.0
av_COFFEE_d6;36600;ASH_COATED_OSMIUM;9927;19;9924;21;;;9933;18;9936;15;;;9930.0;0.0
av_COFFEE_d6;36600;INTARIAN_PEPPER_ROOT;10046;22;10043;10;;;10061;17;10064;18;;;10053.5;0.0
av_COFFEE_d6;36700;ASH_COATED_OSMIUM;9927;18;9924;20;;;9933;11;9936;19;;;9930.0;0.0
av_COFFEE_d6;36700;INTARIAN_PEPPER_ROOT;10047;10;10045;19;;;10059;21;10061;24;;;10053.0;0.0
av_COFFEE_d6;36800;ASH_COATED_OSMIUM;9924;13;9921;22;;;9936;17;9938;20;;;9930.0;0.0
av_COFFEE_d6;36800;INTARIAN_PEPPER_ROOT;10050;11;10048;21;;;10056;10;10059;22;;;10053.0;0.0
av_COFFEE_d6;36900;ASH_COATED_OSMIUM;9924;13;9920;19;;;9935;12;9939;18;;;9929.5;0.0
av_COFFEE_d6;36900;INTARIAN_PEPPER_ROOT;10049;16;10045;17;;;10057;16;10060;30;;;10053.0;0.0
av_COFFEE_d6;37000;ASH_COATED_OSMIUM;9920;10;9916;18;;;9940;18;9943;23;;;9930.0;0.0
av_COFFEE_d6;37000;INTARIAN_PEPPER_ROOT;10050;13;10046;21;;;10057;17;10061;23;;;10053.5;0.0
av_COFFEE_d6;37100;ASH_COATED_OSMIUM;9927;17;9925;20;;;9933;9;9935;20;;;9930.0;0.0
av_COFFEE_d6;37100;INTARIAN_PEPPER_ROOT;10049;14;10045;10;;;10055;10;10058;16;;;10052.0;0.0
av_COFFEE_d6;37200;ASH_COATED_OSMIUM;9926;17;9924;16;;;9932;11;9934;23;;;9929.0;0.0
av_COFFEE_d6;37200;INTARIAN_PEPPER_ROOT;10041;15;10037;24;;;10064;10;10067;24;;;10052.5;0.0
av_COFFEE_d6;37300;ASH_COATED_OSMIUM;9926;9;9924;16;;;9932;12;9935;24;;;9929.0;0.0
av_COFFEE_d6;37300;INTARIAN_PEPPER_ROOT;10047;15;10043;22;;;10056;15;10058;21;;;10051.5;0.0
av_COFFEE_d6;37400;ASH_COATED_OSMIUM;9925;25;9922;16;;;9931;19;9934;20;;;9928.0;0.0
av_COFFEE_d6;37400;INTARIAN_PEPPER_ROOT;10045;15;10041;22;;;10059;19;10063;10;;;10052.0;0.0
av_COFFEE_d6;37500;ASH_COATED_OSMIUM;9923;9;9920;22;;;9935;21;9938;22;;;9929.0;0.0
av_COFFEE_d6;37500;INTARIAN_PEPPER_ROOT;10049;20;10046;26;;;10055;15;10058;16;;;10052.0;0.0
av_COFFEE_d6;37600;ASH_COATED_OSMIUM;9926;10;9924;23;;;9932;18;9936;31;;;9929.0;0.0
av_COFFEE_d6;37600;INTARIAN_PEPPER_ROOT;10046;23;10042;13;;;10058;15;10060;28;;;10052.0;0.0
av_COFFEE_d6;37700;ASH_COATED_OSMIUM;9926;17;9924;23;;;9932;17;9935;18;;;9929.0;0.0
av_COFFEE_d6;37700;INTARIAN_PEPPER_ROOT;10042;6;10040;24;;;10060;17;10062;17;;;10051.0;0.0
av_COFFEE_d6;37800;ASH_COATED_OSMIUM;9926;12;9922;18;;;9932;26;9936;30;;;9929.0;0.0
av_COFFEE_d6;37800;INTARIAN_PEPPER_ROOT;10047;16;10045;16;;;10053;21;10056;27;;;10050.0;0.0
av_COFFEE_d6;37900;ASH_COATED_OSMIUM;9926;18;9922;19;;;9932;13;9934;25;;;9929.0;0.0
av_COFFEE_d6;37900;INTARIAN_PEPPER_ROOT;10048;22;10046;11;;;10054;6;10056;27;;;10051.0;0.0
av_COFFEE_d6;38000;ASH_COATED_OSMIUM;9926;5;9923;19;;;9932;11;9935;8;;;9929.0;0.0
av_COFFEE_d6;38000;INTARIAN_PEPPER_ROOT;10047;11;10044;24;;;10053;27;10056;11;;;10050.0;0.0
av_COFFEE_d6;38100;ASH_COATED_OSMIUM;9923;13;9920;22;;;9933;19;9937;15;;;9928.0;0.0
av_COFFEE_d6;38100;INTARIAN_PEPPER_ROOT;10047;13;10043;24;;;10053;17;10055;17;;;10050.0;0.0
av_COFFEE_d6;38200;ASH_COATED_OSMIUM;9925;17;9921;27;;;9931;12;9934;17;;;9928.0;0.0
av_COFFEE_d6;38200;INTARIAN_PEPPER_ROOT;10047;23;10044;11;;;10053;8;10057;9;;;10050.0;0.0
av_COFFEE_d6;38300;ASH_COATED_OSMIUM;9924;11;9920;23;;;9933;11;9937;15;;;9928.5;0.0
av_COFFEE_d6;38300;INTARIAN_PEPPER_ROOT;10042;11;10040;21;;;10056;11;10060;17;;;10049.0;0.0
av_COFFEE_d6;38400;ASH_COATED_OSMIUM;9922;11;9920;28;;;9934;13;9936;18;;;9928.0;0.0
av_COFFEE_d6;38400;INTARIAN_PEPPER_ROOT;10046;14;10042;18;;;10054;10;10056;23;;;10050.0;0.0
av_COFFEE_d6;38500;ASH_COATED_OSMIUM;9922;20;9919;22;;;9934;9;9936;26;;;9928.0;0.0
av_COFFEE_d6;38500;INTARIAN_PEPPER_ROOT;10046;21;10043;26;;;10052;21;10054;18;;;10049.0;0.0
av_COFFEE_d6;38600;ASH_COATED_OSMIUM;9925;20;9923;11;;;9931;13;9933;23;;;9928.0;0.0
av_COFFEE_d6;38600;INTARIAN_PEPPER_ROOT;10045;15;10042;16;;;10054;7;10058;24;;;10049.5;0.0
av_COFFEE_d6;38700;ASH_COATED_OSMIUM;9920;6;9917;27;;;9936;5;9940;20;;;9928.0;0.0
av_COFFEE_d6;38700;INTARIAN_PEPPER_ROOT;10046;9;10043;17;;;10052;11;10054;15;;;10049.0;0.0
av_COFFEE_d6;38800;ASH_COATED_OSMIUM;9925;14;9921;10;;;9931;12;9933;20;;;9928.0;0.0
av_COFFEE_d6;38800;INTARIAN_PEPPER_ROOT;10045;19;10042;21;;;10053;10;10055;14;;;10049.0;0.0
av_COFFEE_d6;38900;ASH_COATED_OSMIUM;9925;22;9921;16;;;9931;11;9934;15;;;9928.0;0.0
av_COFFEE_d6;38900;INTARIAN_PEPPER_ROOT;10046;26;10043;20;;;10052;23;10056;22;;;10049.0;0.0
av_COFFEE_d6;39000;ASH_COATED_OSMIUM;9925;6;9921;15;;;9931;23;9935;18;;;9928.0;0.0
av_COFFEE_d6;39000;INTARIAN_PEPPER_ROOT;10044;20;10042;9;;;10053;7;10056;20;;;10048.5;0.0
av_COFFEE_d6;39100;ASH_COATED_OSMIUM;9920;19;9917;16;;;9936;12;9939;13;;;9928.0;0.0
av_COFFEE_d6;39100;INTARIAN_PEPPER_ROOT;10045;16;10043;21;;;10051;14;10054;18;;;10048.0;0.0
av_COFFEE_d6;39200;ASH_COATED_OSMIUM;9920;20;9917;20;;;9934;10;9938;21;;;9927.0;0.0
av_COFFEE_d6;39200;INTARIAN_PEPPER_ROOT;10045;16;10042;20;;;10051;12;10054;22;;;10048.0;0.0
av_COFFEE_d6;39300;ASH_COATED_OSMIUM;9925;12;9922;27;;;9931;16;9935;19;;;9928.0;0.0
av_COFFEE_d6;39300;INTARIAN_PEPPER_ROOT;10045;7;10041;16;;;10051;12;10053;19;;;10048.0;0.0
av_COFFEE_d6;39400;ASH_COATED_OSMIUM;9925;18;9921;20;;;9931;10;9933;20;;;9928.0;0.0
av_COFFEE_d6;39400;INTARIAN_PEPPER_ROOT;10044;18;10041;23;;;10050;13;10053;16;;;10047.0;0.0
av_COFFEE_d6;39500;ASH_COATED_OSMIUM;9925;10;9922;20;;;9931;13;9935;28;;;9928.0;0.0
av_COFFEE_d6;39500;INTARIAN_PEPPER_ROOT;10044;9;10041;21;;;10050;10;10052;22;;;10047.0;0.0
av_COFFEE_d6;39600;ASH_COATED_OSMIUM;9923;16;9920;16;;;9932;8;9934;28;;;9927.5;0.0
av_COFFEE_d6;39600;INTARIAN_PEPPER_ROOT;10044;11;10042;25;;;10050;10;10054;16;;;10047.0;0.0
av_COFFEE_d6;39700;ASH_COATED_OSMIUM;9924;20;9920;22;;;9930;16;9933;16;;;9927.0;0.0
av_COFFEE_d6;39700;INTARIAN_PEPPER_ROOT;10044;13;10041;10;;;10050;18;10054;26;;;10047.0;0.0
av_COFFEE_d6;39800;ASH_COATED_OSMIUM;9924;15;9922;29;;;9930;10;9932;31;;;9927.0;0.0
av_COFFEE_d6;39800;INTARIAN_PEPPER_ROOT;10043;7;10039;15;;;10049;18;10052;15;;;10046.0;0.0
av_COFFEE_d6;39900;ASH_COATED_OSMIUM;9924;17;9922;19;;;9930;18;9932;14;;;9927.0;0.0
av_COFFEE_d6;39900;INTARIAN_PEPPER_ROOT;10043;11;10041;20;;;10049;15;10052;19;;;10046.0;0.0
av_COFFEE_d6;40000;ASH_COATED_OSMIUM;9923;12;9920;19;;;9930;23;9932;20;;;9926.5;0.0
av_COFFEE_d6;40000;INTARIAN_PEPPER_ROOT;10038;14;10034;25;;;10054;20;10058;12;;;10046.0;0.0
av_COFFEE_d6;40100;ASH_COATED_OSMIUM;9924;15;9921;27;;;9930;5;9933;30;;;9927.0;0.0
av_COFFEE_d6;40100;INTARIAN_PEPPER_ROOT;10039;5;10037;16;;;10053;19;10057;13;;;10046.0;0.0
av_COFFEE_d6;40200;ASH_COATED_OSMIUM;9924;14;9920;15;;;9930;11;9934;23;;;9927.0;0.0
av_COFFEE_d6;40200;INTARIAN_PEPPER_ROOT;10043;18;10041;22;;;10049;12;10052;11;;;10046.0;0.0
av_COFFEE_d6;40300;ASH_COATED_OSMIUM;9924;18;9920;15;;;9930;17;9933;24;;;9927.0;0.0
av_COFFEE_d6;40300;INTARIAN_PEPPER_ROOT;10042;15;10039;18;;;10048;10;10051;13;;;10045.0;0.0
av_COFFEE_d6;40400;ASH_COATED_OSMIUM;9924;10;9921;22;;;9930;19;9932;19;;;9927.0;0.0
av_COFFEE_d6;40400;INTARIAN_PEPPER_ROOT;10040;16;10036;35;;;10050;12;10054;20;;;10045.0;0.0
av_COFFEE_d6;40500;ASH_COATED_OSMIUM;9923;10;9921;30;;;9929;14;9931;23;;;9926.0;0.0
av_COFFEE_d6;40500;INTARIAN_PEPPER_ROOT;10042;15;10038;20;;;10048;9;10050;20;;;10045.0;0.0
av_COFFEE_d6;40600;ASH_COATED_OSMIUM;9920;7;9916;22;;;9933;18;9936;29;;;9926.5;0.0
av_COFFEE_d6;40600;INTARIAN_PEPPER_ROOT;10041;15;10039;18;;;10048;14;10052;30;;;10044.5;0.0
av_COFFEE_d6;40700;ASH_COATED_OSMIUM;9923;8;9921;11;;;9929;7;9933;18;;;9926.0;0.0
av_COFFEE_d6;40700;INTARIAN_PEPPER_ROOT;10041;19;10037;18;;;10047;18;10049;10;;;10044.0;0.0
av_COFFEE_d6;40800;ASH_COATED_OSMIUM;9923;8;9919;21;;;9929;15;9933;22;;;9926.0;0.0
av_COFFEE_d6;40800;INTARIAN_PEPPER_ROOT;10039;14;10037;23;;;10048;15;10052;32;;;10043.5;0.0
av_COFFEE_d6;40900;ASH_COATED_OSMIUM;9922;22;9919;22;;;9931;15;9934;23;;;9926.5;0.0
av_COFFEE_d6;40900;INTARIAN_PEPPER_ROOT;10041;17;10037;21;;;10047;19;10049;18;;;10044.0;0.0
av_COFFEE_d6;41000;ASH_COATED_OSMIUM;9921;11;9919;15;;;9931;5;9935;19;;;9926.0;0.0
av_COFFEE_d6;41000;INTARIAN_PEPPER_ROOT;10035;14;10032;25;;;10053;7;10057;27;;;10044.0;0.0
av_COFFEE_d6;41100;ASH_COATED_OSMIUM;9923;23;9921;15;;;9929;8;9932;24;;;9926.0;0.0
av_COFFEE_d6;41100;INTARIAN_PEPPER_ROOT;10040;18;10038;8;;;10046;15;10048;24;;;10043.0;0.0
av_COFFEE_d6;41200;ASH_COATED_OSMIUM;9918;17;9915;14;;;9933;8;9935;22;;;9925.5;0.0
av_COFFEE_d6;41200;INTARIAN_PEPPER_ROOT;10035;22;10031;22;;;10050;15;10052;23;;;10042.5;0.0
av_COFFEE_d6;41300;ASH_COATED_OSMIUM;9923;5;9921;16;;;9929;21;9931;23;;;9926.0;0.0
av_COFFEE_d6;41300;INTARIAN_PEPPER_ROOT;10040;22;10037;22;;;10046;15;10050;14;;;10043.0;0.0
av_COFFEE_d6;41400;ASH_COATED_OSMIUM;9914;11;9911;23;;;9939;20;9942;20;;;9926.5;0.0
av_COFFEE_d6;41400;INTARIAN_PEPPER_ROOT;10040;15;10036;22;;;10046;15;10048;17;;;10043.0;0.0
av_COFFEE_d6;41500;ASH_COATED_OSMIUM;9921;15;9918;17;;;9930;15;9933;29;;;9925.5;0.0
av_COFFEE_d6;41500;INTARIAN_PEPPER_ROOT;10037;16;10033;16;;;10047;23;10051;16;;;10042.0;0.0
av_COFFEE_d6;41600;ASH_COATED_OSMIUM;9922;16;9920;24;;;9931;24;9934;32;;;9926.5;0.0
av_COFFEE_d6;41600;INTARIAN_PEPPER_ROOT;10040;18;10037;19;;;10046;12;10049;23;;;10043.0;0.0
av_COFFEE_d6;41700;ASH_COATED_OSMIUM;9923;16;9921;23;;;9929;20;9931;18;;;9926.0;0.0
av_COFFEE_d6;41700;INTARIAN_PEPPER_ROOT;10038;9;10036;14;;;10044;13;10048;20;;;10041.0;0.0
av_COFFEE_d6;41800;ASH_COATED_OSMIUM;9914;11;9910;18;;;9937;20;9940;25;;;9925.5;0.0
av_COFFEE_d6;41800;INTARIAN_PEPPER_ROOT;10039;23;10035;23;;;10045;21;10047;18;;;10042.0;0.0
av_COFFEE_d6;41900;ASH_COATED_OSMIUM;9923;14;9920;14;;;9929;8;9931;24;;;9926.0;0.0
av_COFFEE_d6;41900;INTARIAN_PEPPER_ROOT;10039;10;10037;22;;;10045;13;10048;20;;;10042.0;0.0
av_COFFEE_d6;42000;ASH_COATED_OSMIUM;9920;16;9916;14;;;9930;12;9934;20;;;9925.0;0.0
av_COFFEE_d6;42000;INTARIAN_PEPPER_ROOT;10038;21;10035;10;;;10044;25;10046;22;;;10041.0;0.0
av_COFFEE_d6;42100;ASH_COATED_OSMIUM;9923;13;9920;24;;;9929;12;9932;19;;;9926.0;0.0
av_COFFEE_d6;42100;INTARIAN_PEPPER_ROOT;10038;18;10036;17;;;10044;8;10048;16;;;10041.0;0.0
av_COFFEE_d6;42200;ASH_COATED_OSMIUM;9922;14;9919;20;;;9928;15;9932;16;;;9925.0;0.0
av_COFFEE_d6;42200;INTARIAN_PEPPER_ROOT;10038;14;10034;21;;;10044;14;10048;16;;;10041.0;0.0
av_COFFEE_d6;42300;ASH_COATED_OSMIUM;9921;10;9918;15;;;9928;15;9932;19;;;9924.5;0.0
av_COFFEE_d6;42300;INTARIAN_PEPPER_ROOT;10030;18;10027;24;;;10052;18;10055;25;;;10041.0;0.0
av_COFFEE_d6;42400;ASH_COATED_OSMIUM;9922;15;9919;19;;;9928;12;9932;24;;;9925.0;0.0
av_COFFEE_d6;42400;INTARIAN_PEPPER_ROOT;10037;13;10034;18;;;10043;12;10045;20;;;10040.0;0.0
av_COFFEE_d6;42500;ASH_COATED_OSMIUM;9923;10;9921;20;;;9929;12;9932;9;;;9926.0;0.0
av_COFFEE_d6;42500;INTARIAN_PEPPER_ROOT;10036;19;10032;25;;;10044;16;10048;21;;;10040.0;0.0
av_COFFEE_d6;42600;ASH_COATED_OSMIUM;9922;10;9918;13;;;9928;20;9932;16;;;9925.0;0.0
av_COFFEE_d6;42600;INTARIAN_PEPPER_ROOT;10037;7;10034;26;;;10043;16;10046;17;;;10040.0;0.0
av_COFFEE_d6;42700;ASH_COATED_OSMIUM;9911;18;9908;25;;;9939;23;9942;16;;;9925.0;0.0
av_COFFEE_d6;42700;INTARIAN_PEPPER_ROOT;10037;21;10034;23;;;10043;17;10047;26;;;10040.0;0.0
av_COFFEE_d6;42800;ASH_COATED_OSMIUM;9922;18;9919;19;;;9928;19;9930;20;;;9925.0;0.0
av_COFFEE_d6;42800;INTARIAN_PEPPER_ROOT;10037;11;10034;21;;;10043;13;10046;20;;;10040.0;0.0
av_COFFEE_d6;42900;ASH_COATED_OSMIUM;9919;18;9917;21;;;9927;11;9930;19;;;9923.0;0.0
av_COFFEE_d6;42900;INTARIAN_PEPPER_ROOT;10036;6;10033;21;;;10042;15;10045;21;;;10039.0;0.0
av_COFFEE_d6;43000;ASH_COATED_OSMIUM;9917;23;9915;21;;;9931;11;9935;19;;;9924.0;0.0
av_COFFEE_d6;43000;INTARIAN_PEPPER_ROOT;10036;18;10032;26;;;10042;14;10046;17;;;10039.0;0.0
av_COFFEE_d6;43100;ASH_COATED_OSMIUM;9922;12;9918;17;;;9928;17;9930;16;;;9925.0;0.0
av_COFFEE_d6;43100;INTARIAN_PEPPER_ROOT;10036;10;10034;22;;;10042;14;10045;21;;;10039.0;0.0
av_COFFEE_d6;43200;ASH_COATED_OSMIUM;9918;16;9916;19;;;9932;10;9936;14;;;9925.0;0.0
av_COFFEE_d6;43200;INTARIAN_PEPPER_ROOT;10035;9;10032;17;;;10041;5;10045;18;;;10038.0;0.0
av_COFFEE_d6;43300;ASH_COATED_OSMIUM;9915;13;9911;18;;;9934;18;9936;25;;;9924.5;0.0
av_COFFEE_d6;43300;INTARIAN_PEPPER_ROOT;10036;9;10034;23;;;10042;17;10044;14;;;10039.0;0.0
av_COFFEE_d6;43400;ASH_COATED_OSMIUM;9921;20;9917;23;;;9927;8;9929;15;;;9924.0;0.0
av_COFFEE_d6;43400;INTARIAN_PEPPER_ROOT;10035;15;10031;12;;;10041;6;10044;12;;;10038.0;0.0
av_COFFEE_d6;43500;ASH_COATED_OSMIUM;9921;15;9918;24;;;9927;12;9929;9;;;9924.0;0.0
av_COFFEE_d6;43500;INTARIAN_PEPPER_ROOT;10032;16;10028;9;;;10045;20;10048;28;;;10038.5;0.0
av_COFFEE_d6;43600;ASH_COATED_OSMIUM;9920;18;9918;16;;;9928;22;9932;15;;;9924.0;0.0
av_COFFEE_d6;43600;INTARIAN_PEPPER_ROOT;10031;21;10029;17;;;10046;16;10049;21;;;10038.5;0.0
av_COFFEE_d6;43700;ASH_COATED_OSMIUM;9897;11;9895;14;;;9950;23;9954;20;;;9923.5;0.0
av_COFFEE_d6;43700;INTARIAN_PEPPER_ROOT;10035;26;10033;28;;;10041;16;10044;18;;;10038.0;0.0
av_COFFEE_d6;43800;ASH_COATED_OSMIUM;9920;14;9917;16;;;9926;15;9928;24;;;9923.0;0.0
av_COFFEE_d6;43800;INTARIAN_PEPPER_ROOT;10022;11;10018;19;;;10053;18;10055;21;;;10037.5;0.0
av_COFFEE_d6;43900;ASH_COATED_OSMIUM;9921;21;9919;16;;;9927;13;9930;18;;;9924.0;0.0
av_COFFEE_d6;43900;INTARIAN_PEPPER_ROOT;10034;14;10030;18;;;10040;18;10042;13;;;10037.0;0.0
av_COFFEE_d6;44000;ASH_COATED_OSMIUM;9921;13;9919;21;;;9927;9;9931;15;;;9924.0;0.0
av_COFFEE_d6;44000;INTARIAN_PEPPER_ROOT;10034;6;10032;17;;;10040;15;10042;23;;;10037.0;0.0
av_COFFEE_d6;44100;ASH_COATED_OSMIUM;9920;10;9917;17;;;9929;11;9933;15;;;9924.5;0.0
av_COFFEE_d6;44100;INTARIAN_PEPPER_ROOT;10034;21;10031;9;;;10040;17;10042;19;;;10037.0;0.0
av_COFFEE_d6;44200;ASH_COATED_OSMIUM;9920;12;9918;17;;;9927;14;9930;17;;;9923.5;0.0
av_COFFEE_d6;44200;INTARIAN_PEPPER_ROOT;10032;15;10028;24;;;10040;23;10043;8;;;10036.0;0.0
av_COFFEE_d6;44300;ASH_COATED_OSMIUM;9917;18;9914;21;;;9929;17;9932;15;;;9923.0;0.0
av_COFFEE_d6;44300;INTARIAN_PEPPER_ROOT;10033;15;10031;14;;;10039;16;10042;17;;;10036.0;0.0
av_COFFEE_d6;44400;ASH_COATED_OSMIUM;9920;17;9918;26;;;9926;11;9928;11;;;9923.0;0.0
av_COFFEE_d6;44400;INTARIAN_PEPPER_ROOT;10033;19;10031;14;;;10039;12;10042;19;;;10036.0;0.0
av_COFFEE_d6;44500;ASH_COATED_OSMIUM;9921;15;9917;24;;;9927;6;9931;16;;;9924.0;0.0
av_COFFEE_d6;44500;INTARIAN_PEPPER_ROOT;10032;15;10028;20;;;10038;11;10041;25;;;10035.0;0.0
av_COFFEE_d6;44600;ASH_COATED_OSMIUM;9909;15;9907;16;;;9938;18;9941;12;;;9923.5;0.0
av_COFFEE_d6;44600;INTARIAN_PEPPER_ROOT;10032;16;10030;28;;;10038;16;10042;16;;;10035.0;0.0
av_COFFEE_d6;44700;ASH_COATED_OSMIUM;9920;14;9916;21;;;9926;17;9930;13;;;9923.0;0.0
av_COFFEE_d6;44700;INTARIAN_PEPPER_ROOT;10021;11;10017;12;;;10051;11;10055;22;;;10036.0;0.0
av_COFFEE_d6;44800;ASH_COATED_OSMIUM;9919;15;9917;18;;;9927;11;9931;14;;;9923.0;0.0
av_COFFEE_d6;44800;INTARIAN_PEPPER_ROOT;10032;20;10028;24;;;10038;5;10040;11;;;10035.0;0.0
av_COFFEE_d6;44900;ASH_COATED_OSMIUM;9920;17;9918;20;;;9926;14;9929;12;;;9923.0;0.0
av_COFFEE_d6;44900;INTARIAN_PEPPER_ROOT;10031;19;10028;16;;;10037;24;10039;15;;;10034.0;0.0
av_COFFEE_d6;45000;ASH_COATED_OSMIUM;9920;7;9917;11;;;9926;18;9928;27;;;9923.0;0.0
av_COFFEE_d6;45000;INTARIAN_PEPPER_ROOT;10031;11;10027;17;;;10037;24;10039;15;;;10034.0;0.0
av_COFFEE_d6;45100;ASH_COATED_OSMIUM;9920;8;9917;22;;;9926;7;9930;26;;;9923.0;0.0
av_COFFEE_d6;45100;INTARIAN_PEPPER_ROOT;10028;15;10024;23;;;10039;13;10043;12;;;10033.5;0.0
av_COFFEE_d6;45200;ASH_COATED_OSMIUM;9916;21;9912;23;;;9930;22;9932;14;;;9923.0;0.0
av_COFFEE_d6;45200;INTARIAN_PEPPER_ROOT;10031;13;10029;15;;;10037;14;10040;20;;;10034.0;0.0
av_COFFEE_d6;45300;ASH_COATED_OSMIUM;9920;9;9918;28;;;9926;9;9930;8;;;9923.0;0.0
av_COFFEE_d6;45300;INTARIAN_PEPPER_ROOT;10026;13;10023;12;;;10042;20;10045;17;;;10034.0;0.0
av_COFFEE_d6;45400;ASH_COATED_OSMIUM;9919;17;9916;18;;;9925;22;9927;20;;;9922.0;0.0
av_COFFEE_d6;45400;INTARIAN_PEPPER_ROOT;10027;15;10023;14;;;10041;19;10043;21;;;10034.0;0.0
av_COFFEE_d6;45500;ASH_COATED_OSMIUM;9919;14;9915;35;;;9925;15;9927;8;;;9922.0;0.0
av_COFFEE_d6;45500;INTARIAN_PEPPER_ROOT;10030;13;10028;15;;;10036;5;10039;13;;;10033.0;0.0
av_COFFEE_d6;45600;ASH_COATED_OSMIUM;9918;14;9916;8;;;9926;18;9929;16;;;9922.0;0.0
av_COFFEE_d6;45600;INTARIAN_PEPPER_ROOT;10030;15;10027;20;;;10036;16;10039;31;;;10033.0;0.0
av_COFFEE_d6;45700;ASH_COATED_OSMIUM;9920;21;9918;24;;;9926;21;9929;28;;;9923.0;0.0
av_COFFEE_d6;45700;INTARIAN_PEPPER_ROOT;10030;17;10026;16;;;10036;19;10040;12;;;10033.0;0.0
av_COFFEE_d6;45800;ASH_COATED_OSMIUM;9918;8;9916;20;;;9925;20;9929;19;;;9921.5;0.0
av_COFFEE_d6;45800;INTARIAN_PEPPER_ROOT;10029;18;10026;22;;;10036;19;10038;20;;;10032.5;0.0
av_COFFEE_d6;45900;ASH_COATED_OSMIUM;9918;14;9914;16;;;9924;15;9928;19;;;9921.0;0.0
av_COFFEE_d6;45900;INTARIAN_PEPPER_ROOT;10029;18;10027;14;;;10035;17;10037;25;;;10032.0;0.0
av_COFFEE_d6;46000;ASH_COATED_OSMIUM;9919;15;9916;26;;;9925;10;9928;33;;;9922.0;0.0
av_COFFEE_d6;46000;INTARIAN_PEPPER_ROOT;10029;18;10026;20;;;10035;14;10039;19;;;10032.0;0.0
av_COFFEE_d6;46100;ASH_COATED_OSMIUM;9917;14;9913;15;;;9927;23;9930;16;;;9922.0;0.0
av_COFFEE_d6;46100;INTARIAN_PEPPER_ROOT;10030;16;10027;17;;;10036;14;10038;20;;;10033.0;0.0
av_COFFEE_d6;46200;ASH_COATED_OSMIUM;9919;14;9915;18;;;9925;11;9928;13;;;9922.0;0.0
av_COFFEE_d6;46200;INTARIAN_PEPPER_ROOT;10027;22;10025;23;;;10037;17;10040;18;;;10032.0;0.0
av_COFFEE_d6;46300;ASH_COATED_OSMIUM;9918;13;9915;27;;;9924;14;9927;15;;;9921.0;0.0
av_COFFEE_d6;46300;INTARIAN_PEPPER_ROOT;10026;7;10022;24;;;10037;21;10040;17;;;10031.5;0.0
av_COFFEE_d6;46400;ASH_COATED_OSMIUM;9919;16;9915;15;;;9925;11;9927;23;;;9922.0;0.0
av_COFFEE_d6;46400;INTARIAN_PEPPER_ROOT;10028;19;10026;16;;;10034;11;10036;15;;;10031.0;0.0
av_COFFEE_d6;46500;ASH_COATED_OSMIUM;9914;19;9912;15;;;9928;14;9930;26;;;9921.0;0.0
av_COFFEE_d6;46500;INTARIAN_PEPPER_ROOT;10023;19;10021;19;;;10039;9;10043;19;;;10031.0;0.0
av_COFFEE_d6;46600;ASH_COATED_OSMIUM;9918;13;9916;10;;;9924;13;9926;16;;;9921.0;0.0
av_COFFEE_d6;46600;INTARIAN_PEPPER_ROOT;10029;9;10026;25;;;10035;16;10038;28;;;10032.0;0.0
av_COFFEE_d6;46700;ASH_COATED_OSMIUM;9918;10;9915;13;;;9924;15;9928;17;;;9921.0;0.0
av_COFFEE_d6;46700;INTARIAN_PEPPER_ROOT;10028;12;10026;26;;;10034;11;10037;27;;;10031.0;0.0
av_COFFEE_d6;46800;ASH_COATED_OSMIUM;9918;20;9916;26;;;9924;6;9927;18;;;9921.0;0.0
av_COFFEE_d6;46800;INTARIAN_PEPPER_ROOT;10027;18;10023;27;;;10033;23;10035;12;;;10030.0;0.0
av_COFFEE_d6;46900;ASH_COATED_OSMIUM;9916;11;9914;29;;;9927;14;9929;16;;;9921.5;0.0
av_COFFEE_d6;46900;INTARIAN_PEPPER_ROOT;10025;13;10023;24;;;10036;17;10038;21;;;10030.5;0.0
av_COFFEE_d6;47000;ASH_COATED_OSMIUM;9918;11;9915;10;;;9924;7;9926;23;;;9921.0;0.0
av_COFFEE_d6;47000;INTARIAN_PEPPER_ROOT;10023;11;10020;14;;;10037;10;10039;14;;;10030.0;0.0
av_COFFEE_d6;47100;ASH_COATED_OSMIUM;9918;24;9914;11;;;9924;11;9927;20;;;9921.0;0.0
av_COFFEE_d6;47100;INTARIAN_PEPPER_ROOT;10027;17;10025;22;;;10033;24;10036;20;;;10030.0;0.0
av_COFFEE_d6;47200;ASH_COATED_OSMIUM;9917;7;9913;17;;;9924;18;9928;18;;;9920.5;0.0
av_COFFEE_d6;47200;INTARIAN_PEPPER_ROOT;10026;14;10023;18;;;10034;7;10038;16;;;10030.0;0.0
av_COFFEE_d6;47300;ASH_COATED_OSMIUM;9910;18;9906;20;;;9932;21;9936;17;;;9921.0;0.0
av_COFFEE_d6;47300;INTARIAN_PEPPER_ROOT;10022;10;10018;19;;;10038;17;10042;17;;;10030.0;0.0
av_COFFEE_d6;47400;ASH_COATED_OSMIUM;9911;15;9908;25;;;9929;10;9932;18;;;9920.0;0.0
av_COFFEE_d6;47400;INTARIAN_PEPPER_ROOT;10025;20;10023;8;;;10034;14;10038;8;;;10029.5;0.0
av_COFFEE_d6;47500;ASH_COATED_OSMIUM;9907;19;9904;13;;;9932;15;9935;22;;;9919.5;0.0
av_COFFEE_d6;47500;INTARIAN_PEPPER_ROOT;10026;18;10023;21;;;10032;27;10035;24;;;10029.0;0.0
av_COFFEE_d6;47600;ASH_COATED_OSMIUM;9916;23;9912;20;;;9926;21;9930;19;;;9921.0;0.0
av_COFFEE_d6;47600;INTARIAN_PEPPER_ROOT;10021;11;10019;34;;;10036;12;10038;15;;;10028.5;0.0
av_COFFEE_d6;47700;ASH_COATED_OSMIUM;9918;15;9916;12;;;9924;17;9927;11;;;9921.0;0.0
av_COFFEE_d6;47700;INTARIAN_PEPPER_ROOT;10025;17;10023;30;;;10032;11;10035;17;;;10028.5;0.0
av_COFFEE_d6;47800;ASH_COATED_OSMIUM;9917;21;9915;35;;;9923;24;9925;18;;;9920.0;0.0
av_COFFEE_d6;47800;INTARIAN_PEPPER_ROOT;10025;8;10022;16;;;10031;10;10034;28;;;10028.0;0.0
av_COFFEE_d6;47900;ASH_COATED_OSMIUM;9916;13;9914;27;;;9925;9;9928;10;;;9920.5;0.0
av_COFFEE_d6;47900;INTARIAN_PEPPER_ROOT;10025;12;10021;18;;;10031;14;10034;25;;;10028.0;0.0
av_COFFEE_d6;48000;ASH_COATED_OSMIUM;9907;22;9905;12;;;9934;18;9938;21;;;9920.5;0.0
av_COFFEE_d6;48000;INTARIAN_PEPPER_ROOT;10025;11;10023;19;;;10031;13;10034;22;;;10028.0;0.0
av_COFFEE_d6;48100;ASH_COATED_OSMIUM;9915;14;9913;18;;;9926;21;9929;23;;;9920.5;0.0
av_COFFEE_d6;48100;INTARIAN_PEPPER_ROOT;10024;13;10021;17;;;10030;19;10034;19;;;10027.0;0.0
av_COFFEE_d6;48200;ASH_COATED_OSMIUM;9917;18;9915;11;;;9923;18;9926;17;;;9920.0;0.0
av_COFFEE_d6;48200;INTARIAN_PEPPER_ROOT;10022;11;10018;31;;;10033;17;10035;16;;;10027.5;0.0
av_COFFEE_d6;48300;ASH_COATED_OSMIUM;9917;16;9915;19;;;9923;16;9926;14;;;9920.0;0.0
av_COFFEE_d6;48300;INTARIAN_PEPPER_ROOT;10024;15;10021;13;;;10030;10;10033;23;;;10027.0;0.0
av_COFFEE_d6;48400;ASH_COATED_OSMIUM;9909;5;9906;24;;;9932;16;9936;23;;;9920.5;0.0
av_COFFEE_d6;48400;INTARIAN_PEPPER_ROOT;10024;8;10021;19;;;10030;17;10032;16;;;10027.0;0.0
av_COFFEE_d6;48500;ASH_COATED_OSMIUM;9916;23;9913;20;;;9922;10;9926;20;;;9919.0;0.0
av_COFFEE_d6;48500;INTARIAN_PEPPER_ROOT;10024;7;10020;23;;;10030;14;10033;18;;;10027.0;0.0
av_COFFEE_d6;48600;ASH_COATED_OSMIUM;9917;17;9913;15;;;9923;19;9926;24;;;9920.0;0.0
av_COFFEE_d6;48600;INTARIAN_PEPPER_ROOT;10023;16;10021;17;;;10029;18;10031;14;;;10026.0;0.0
av_COFFEE_d6;48700;ASH_COATED_OSMIUM;9911;14;9908;15;;;9928;9;9930;20;;;9919.5;0.0
av_COFFEE_d6;48700;INTARIAN_PEPPER_ROOT;10023;18;10021;22;;;10029;9;10033;27;;;10026.0;0.0
av_COFFEE_d6;48800;ASH_COATED_OSMIUM;9916;5;9912;15;;;9922;14;9925;12;;;9919.0;0.0
av_COFFEE_d6;48800;INTARIAN_PEPPER_ROOT;10023;10;10019;31;;;10029;7;10033;16;;;10026.0;0.0
av_COFFEE_d6;48900;ASH_COATED_OSMIUM;9906;16;9904;22;;;9932;21;9935;15;;;9919.0;0.0
av_COFFEE_d6;48900;INTARIAN_PEPPER_ROOT;10019;13;10015;16;;;10034;9;10037;12;;;10026.5;0.0
av_COFFEE_d6;49000;ASH_COATED_OSMIUM;9909;17;9907;22;;;9931;5;9934;16;;;9920.0;0.0
av_COFFEE_d6;49000;INTARIAN_PEPPER_ROOT;10014;21;10010;19;;;10037;21;10039;22;;;10025.5;0.0
av_COFFEE_d6;49100;ASH_COATED_OSMIUM;9915;14;9911;21;;;9923;14;9927;12;;;9919.0;0.0
av_COFFEE_d6;49100;INTARIAN_PEPPER_ROOT;10022;7;10019;23;;;10028;16;10032;15;;;10025.0;0.0
av_COFFEE_d6;49200;ASH_COATED_OSMIUM;9916;15;9913;19;;;9922;18;9926;20;;;9919.0;0.0
av_COFFEE_d6;49200;INTARIAN_PEPPER_ROOT;10022;9;10019;27;;;10028;5;10030;26;;;10025.0;0.0
av_COFFEE_d6;49300;ASH_COATED_OSMIUM;9916;14;9914;17;;;9922;13;9924;26;;;9919.0;0.0
av_COFFEE_d6;49300;INTARIAN_PEPPER_ROOT;10018;8;10016;16;;;10032;16;10035;16;;;10025.0;0.0
av_COFFEE_d6;49400;ASH_COATED_OSMIUM;9907;7;9903;11;;;9931;21;9934;22;;;9919.0;0.0
av_COFFEE_d6;49400;INTARIAN_PEPPER_ROOT;10022;16;10020;18;;;10028;19;10030;20;;;10025.0;0.0
av_COFFEE_d6;49500;ASH_COATED_OSMIUM;9916;10;9913;17;;;9922;8;9924;18;;;9919.0;0.0
av_COFFEE_d6;49500;INTARIAN_PEPPER_ROOT;10021;13;10017;22;;;10027;5;10029;8;;;10024.0;0.0
av_COFFEE_d6;49600;ASH_COATED_OSMIUM;9915;21;9912;22;;;9921;13;9925;20;;;9918.0;0.0
av_COFFEE_d6;49600;INTARIAN_PEPPER_ROOT;10015;20;10011;15;;;10033;13;10037;22;;;10024.0;0.0
av_COFFEE_d6;49700;ASH_COATED_OSMIUM;9916;11;9912;16;;;9922;23;9926;18;;;9919.0;0.0
av_COFFEE_d6;49700;INTARIAN_PEPPER_ROOT;10021;9;10019;21;;;10027;14;10031;23;;;10024.0;0.0
av_COFFEE_d6;49800;ASH_COATED_OSMIUM;9916;28;9912;23;;;9922;14;9926;28;;;9919.0;0.0
av_COFFEE_d6;49800;INTARIAN_PEPPER_ROOT;10021;21;10018;12;;;10027;9;10029;11;;;10024.0;0.0
av_COFFEE_d6;49900;ASH_COATED_OSMIUM;9915;10;9911;24;;;9921;17;9925;28;;;9918.0;0.0
av_COFFEE_d6;49900;INTARIAN_PEPPER_ROOT;10020;14;10016;14;;;10026;7;10028;19;;;10023.0;0.0
av_COFFEE_d6;50000;ASH_COATED_OSMIUM;9915;9;9912;22;;;9921;5;9925;16;;;9918.0;0.0
av_COFFEE_d6;50000;INTARIAN_PEPPER_ROOT;10020;13;10017;26;;;10026;12;10029;16;;;10023.0;0.0
av_COFFEE_d6;50100;ASH_COATED_OSMIUM;9914;10;9910;10;;;9923;11;9927;30;;;9918.5;0.0
av_COFFEE_d6;50100;INTARIAN_PEPPER_ROOT;10019;22;10016;20;;;10028;9;10031;24;;;10023.5;0.0
av_COFFEE_d6;50200;ASH_COATED_OSMIUM;9915;15;9911;11;;;9921;14;9925;23;;;9918.0;0.0
av_COFFEE_d6;50200;INTARIAN_PEPPER_ROOT;10020;17;10018;21;;;10026;19;10028;16;;;10023.0;0.0
av_COFFEE_d6;50300;ASH_COATED_OSMIUM;9905;10;9903;17;;;9931;6;9934;24;;;9918.0;0.0
av_COFFEE_d6;50300;INTARIAN_PEPPER_ROOT;10019;20;10015;17;;;10025;13;10029;16;;;10022.0;0.0
av_COFFEE_d6;50400;ASH_COATED_OSMIUM;9914;13;9910;27;;;9921;15;9925;22;;;9917.5;0.0
av_COFFEE_d6;50400;INTARIAN_PEPPER_ROOT;10019;11;10015;23;;;10025;16;10027;28;;;10022.0;0.0
av_COFFEE_d6;50500;ASH_COATED_OSMIUM;9914;13;9911;18;;;9921;14;9925;15;;;9917.5;0.0
av_COFFEE_d6;50500;INTARIAN_PEPPER_ROOT;10019;9;10015;16;;;10025;17;10027;31;;;10022.0;0.0
av_COFFEE_d6;50600;ASH_COATED_OSMIUM;9915;15;9912;22;;;9921;10;9925;20;;;9918.0;0.0
av_COFFEE_d6;50600;INTARIAN_PEPPER_ROOT;10019;20;10015;23;;;10025;19;10027;19;;;10022.0;0.0
av_COFFEE_d6;50700;ASH_COATED_OSMIUM;9915;6;9912;20;;;9921;9;9923;19;;;9918.0;0.0
av_COFFEE_d6;50700;INTARIAN_PEPPER_ROOT;10015;10;10013;15;;;10027;14;10029;17;;;10021.0;0.0
av_COFFEE_d6;50800;ASH_COATED_OSMIUM;9911;16;9907;11;;;9926;14;9928;20;;;9918.5;0.0
av_COFFEE_d6;50800;INTARIAN_PEPPER_ROOT;10018;25;10015;26;;;10025;8;10029;14;;;10021.5;0.0
av_COFFEE_d6;50900;ASH_COATED_OSMIUM;9915;23;9913;12;;;9921;19;9923;23;;;9918.0;0.0
av_COFFEE_d6;50900;INTARIAN_PEPPER_ROOT;10019;10;10017;25;;;10025;22;10027;17;;;10022.0;0.0
av_COFFEE_d6;51000;ASH_COATED_OSMIUM;9915;18;9911;26;;;9921;13;9923;14;;;9918.0;0.0
av_COFFEE_d6;51000;INTARIAN_PEPPER_ROOT;10018;5;10014;9;;;10024;22;10026;13;;;10021.0;0.0
av_COFFEE_d6;51100;ASH_COATED_OSMIUM;9915;10;9913;13;;;9921;19;9925;26;;;9918.0;0.0
av_COFFEE_d6;51100;INTARIAN_PEPPER_ROOT;10014;20;10010;13;;;10026;5;10030;24;;;10020.0;0.0
av_COFFEE_d6;51200;ASH_COATED_OSMIUM;9915;20;9913;26;;;9921;17;9923;30;;;9918.0;0.0
av_COFFEE_d6;51200;INTARIAN_PEPPER_ROOT;10018;23;10016;8;;;10024;7;10027;22;;;10021.0;0.0
av_COFFEE_d6;51300;ASH_COATED_OSMIUM;9915;5;9912;24;;;9921;11;9924;20;;;9918.0;0.0
av_COFFEE_d6;51300;INTARIAN_PEPPER_ROOT;10017;14;10013;19;;;10025;15;10027;15;;;10021.0;0.0
av_COFFEE_d6;51400;ASH_COATED_OSMIUM;9915;12;9912;27;;;9921;21;9925;28;;;9918.0;0.0
av_COFFEE_d6;51400;INTARIAN_PEPPER_ROOT;10014;21;10011;19;;;10027;5;10031;17;;;10020.5;0.0
av_COFFEE_d6;51500;ASH_COATED_OSMIUM;9912;20;9910;16;;;9925;25;9927;17;;;9918.5;0.0
av_COFFEE_d6;51500;INTARIAN_PEPPER_ROOT;10017;22;10013;14;;;10023;21;10027;11;;;10020.0;0.0
av_COFFEE_d6;51600;ASH_COATED_OSMIUM;9915;15;9911;23;;;9921;14;9924;21;;;9918.0;0.0
av_COFFEE_d6;51600;INTARIAN_PEPPER_ROOT;10018;15;10016;9;;;10024;16;10028;22;;;10021.0;0.0
av_COFFEE_d6;51700;ASH_COATED_OSMIUM;9913;13;9911;15;;;9922;11;9924;17;;;9917.5;0.0
av_COFFEE_d6;51700;INTARIAN_PEPPER_ROOT;10017;7;10015;17;;;10023;14;10027;12;;;10020.0;0.0
av_COFFEE_d6;51800;ASH_COATED_OSMIUM;9914;16;9910;15;;;9920;10;9923;24;;;9917.0;0.0
av_COFFEE_d6;51800;INTARIAN_PEPPER_ROOT;10013;19;10009;25;;;10025;26;10027;20;;;10019.0;0.0
av_COFFEE_d6;51900;ASH_COATED_OSMIUM;9909;17;9907;18;;;9927;12;9930;23;;;9918.0;0.0
av_COFFEE_d6;51900;INTARIAN_PEPPER_ROOT;10017;17;10014;17;;;10023;14;10027;13;;;10020.0;0.0
av_COFFEE_d6;52000;ASH_COATED_OSMIUM;9915;11;9911;22;;;9921;17;9924;17;;;9918.0;0.0
av_COFFEE_d6;52000;INTARIAN_PEPPER_ROOT;10016;29;10013;18;;;10024;11;10027;12;;;10020.0;0.0
av_COFFEE_d6;52100;ASH_COATED_OSMIUM;9915;17;9911;13;;;9921;16;9924;24;;;9918.0;0.0
av_COFFEE_d6;52100;INTARIAN_PEPPER_ROOT;10017;21;10013;28;;;10023;15;10025;14;;;10020.0;0.0
av_COFFEE_d6;52200;ASH_COATED_OSMIUM;9913;15;9911;17;;;9924;12;9927;20;;;9918.5;0.0
av_COFFEE_d6;52200;INTARIAN_PEPPER_ROOT;10016;12;10013;18;;;10022;13;10026;13;;;10019.0;0.0
av_COFFEE_d6;52300;ASH_COATED_OSMIUM;9915;20;9913;19;;;9921;12;9923;19;;;9918.0;0.0
av_COFFEE_d6;52300;INTARIAN_PEPPER_ROOT;10016;15;10013;21;;;10023;15;10025;15;;;10019.5;0.0
av_COFFEE_d6;52400;ASH_COATED_OSMIUM;9914;11;9912;15;;;9920;12;9924;16;;;9917.0;0.0
av_COFFEE_d6;52400;INTARIAN_PEPPER_ROOT;10016;16;10014;19;;;10022;24;10026;22;;;10019.0;0.0
av_COFFEE_d6;52500;ASH_COATED_OSMIUM;9915;17;9911;12;;;9921;7;9923;21;;;9918.0;0.0
av_COFFEE_d6;52500;INTARIAN_PEPPER_ROOT;10016;17;10014;11;;;10023;15;10027;21;;;10019.5;0.0
av_COFFEE_d6;52600;ASH_COATED_OSMIUM;9915;16;9912;18;;;9921;14;9925;14;;;9918.0;0.0
av_COFFEE_d6;52600;INTARIAN_PEPPER_ROOT;10009;12;10006;12;;;10028;11;10032;19;;;10018.5;0.0
av_COFFEE_d6;52700;ASH_COATED_OSMIUM;9915;19;9911;24;;;9922;22;9924;22;;;9918.5;0.0
av_COFFEE_d6;52700;INTARIAN_PEPPER_ROOT;10007;16;10003;20;;;10031;14;10033;22;;;10019.0;0.0
av_COFFEE_d6;52800;ASH_COATED_OSMIUM;9910;8;9906;23;;;9927;13;9931;14;;;9918.5;0.0
av_COFFEE_d6;52800;INTARIAN_PEPPER_ROOT;10016;22;10013;28;;;10022;16;10025;20;;;10019.0;0.0
av_COFFEE_d6;52900;ASH_COATED_OSMIUM;9915;24;9913;14;;;9921;9;9925;23;;;9918.0;0.0
av_COFFEE_d6;52900;INTARIAN_PEPPER_ROOT;10016;10;10014;13;;;10022;15;10025;22;;;10019.0;0.0
av_COFFEE_d6;53000;ASH_COATED_OSMIUM;9909;18;9907;24;;;9926;16;9929;22;;;9917.5;0.0
av_COFFEE_d6;53000;INTARIAN_PEPPER_ROOT;10015;7;10011;19;;;10021;5;10024;20;;;10018.0;0.0
av_COFFEE_d6;53100;ASH_COATED_OSMIUM;9914;14;9911;25;;;9923;11;9927;24;;;9918.5;0.0
av_COFFEE_d6;53100;INTARIAN_PEPPER_ROOT;10014;18;10010;28;;;10024;22;10026;30;;;10019.0;0.0
av_COFFEE_d6;53200;ASH_COATED_OSMIUM;9912;19;9910;19;;;9923;9;9927;15;;;9917.5;0.0
av_COFFEE_d6;53200;INTARIAN_PEPPER_ROOT;10015;16;10013;30;;;10021;13;10023;17;;;10018.0;0.0
av_COFFEE_d6;53300;ASH_COATED_OSMIUM;9915;23;9913;18;;;9921;9;9924;27;;;9918.0;0.0
av_COFFEE_d6;53300;INTARIAN_PEPPER_ROOT;10016;11;10013;23;;;10022;18;10026;28;;;10019.0;0.0
av_COFFEE_d6;53400;ASH_COATED_OSMIUM;9915;7;9911;16;;;9921;7;9924;14;;;9918.0;0.0
av_COFFEE_d6;53400;INTARIAN_PEPPER_ROOT;10015;21;10011;24;;;10021;19;10024;21;;;10018.0;0.0
av_COFFEE_d6;53500;ASH_COATED_OSMIUM;9915;13;9912;11;;;9921;13;9924;27;;;9918.0;0.0
av_COFFEE_d6;53500;INTARIAN_PEPPER_ROOT;10015;11;10012;12;;;10022;13;10025;30;;;10018.5;0.0
av_COFFEE_d6;53600;ASH_COATED_OSMIUM;9908;7;9905;14;;;9928;20;9931;8;;;9918.0;0.0
av_COFFEE_d6;53600;INTARIAN_PEPPER_ROOT;10011;23;10009;21;;;10025;8;10028;25;;;10018.0;0.0
av_COFFEE_d6;53700;ASH_COATED_OSMIUM;9915;9;9911;24;;;9921;15;9923;13;;;9918.0;0.0
av_COFFEE_d6;53700;INTARIAN_PEPPER_ROOT;10012;13;10010;19;;;10023;10;10026;20;;;10017.5;0.0
av_COFFEE_d6;53800;ASH_COATED_OSMIUM;9915;13;9912;22;;;9921;10;9925;20;;;9918.0;0.0
av_COFFEE_d6;53800;INTARIAN_PEPPER_ROOT;10015;28;10013;14;;;10021;12;10024;16;;;10018.0;0.0
av_COFFEE_d6;53900;ASH_COATED_OSMIUM;9915;22;9913;26;;;9921;12;9924;17;;;9918.0;0.0
av_COFFEE_d6;53900;INTARIAN_PEPPER_ROOT;10014;20;10010;21;;;10020;21;10022;14;;;10017.0;0.0
av_COFFEE_d6;54000;ASH_COATED_OSMIUM;9914;11;9911;12;;;9920;17;9922;23;;;9917.0;0.0
av_COFFEE_d6;54000;INTARIAN_PEPPER_ROOT;10014;10;10010;20;;;10020;19;10024;14;;;10017.0;0.0
av_COFFEE_d6;54100;ASH_COATED_OSMIUM;9915;8;9911;24;;;9921;11;9924;17;;;9918.0;0.0
av_COFFEE_d6;54100;INTARIAN_PEPPER_ROOT;10009;13;10005;11;;;10026;16;10030;18;;;10017.5;0.0
av_COFFEE_d6;54200;ASH_COATED_OSMIUM;9915;19;9913;27;;;9921;17;9924;20;;;9918.0;0.0
av_COFFEE_d6;54200;INTARIAN_PEPPER_ROOT;10009;15;10007;10;;;10025;17;10027;12;;;10017.0;0.0
av_COFFEE_d6;54300;ASH_COATED_OSMIUM;9915;12;9913;21;;;9921;18;9923;19;;;9918.0;0.0
av_COFFEE_d6;54300;INTARIAN_PEPPER_ROOT;10014;10;10012;22;;;10020;5;10023;18;;;10017.0;0.0
av_COFFEE_d6;54400;ASH_COATED_OSMIUM;9915;12;9913;24;;;9921;16;9924;24;;;9918.0;0.0
av_COFFEE_d6;54400;INTARIAN_PEPPER_ROOT;10014;23;10011;19;;;10020;12;10023;22;;;10017.0;0.0
av_COFFEE_d6;54500;ASH_COATED_OSMIUM;9915;30;9913;25;;;9922;17;9925;21;;;9918.5;0.0
av_COFFEE_d6;54500;INTARIAN_PEPPER_ROOT;10014;7;10012;21;;;10020;18;10023;10;;;10017.0;0.0
av_COFFEE_d6;54600;ASH_COATED_OSMIUM;9914;12;9911;14;;;9923;17;9927;20;;;9918.5;0.0
av_COFFEE_d6;54600;INTARIAN_PEPPER_ROOT;10014;9;10012;22;;;10020;22;10024;22;;;10017.0;0.0
av_COFFEE_d6;54700;ASH_COATED_OSMIUM;9910;10;9908;18;;;9925;10;9928;25;;;9917.5;0.0
av_COFFEE_d6;54700;INTARIAN_PEPPER_ROOT;10010;10;10008;26;;;10024;17;10027;9;;;10017.0;0.0
av_COFFEE_d6;54800;ASH_COATED_OSMIUM;9914;18;9911;21;;;9921;13;9923;24;;;9917.5;0.0
av_COFFEE_d6;54800;INTARIAN_PEPPER_ROOT;10014;11;10012;18;;;10020;20;10022;29;;;10017.0;0.0
av_COFFEE_d6;54900;ASH_COATED_OSMIUM;9915;11;9912;22;;;9921;5;9923;27;;;9918.0;0.0
av_COFFEE_d6;54900;INTARIAN_PEPPER_ROOT;10014;8;10010;22;;;10020;15;10024;21;;;10017.0;0.0
av_COFFEE_d6;55000;ASH_COATED_OSMIUM;9914;12;9912;24;;;9923;10;9926;16;;;9918.5;0.0
av_COFFEE_d6;55000;INTARIAN_PEPPER_ROOT;10013;11;10011;12;;;10020;22;10023;30;;;10016.5;0.0
av_COFFEE_d6;55100;ASH_COATED_OSMIUM;9915;15;9913;20;;;9921;15;9925;19;;;9918.0;0.0
av_COFFEE_d6;55100;INTARIAN_PEPPER_ROOT;10013;22;10009;21;;;10019;12;10021;22;;;10016.0;0.0
av_COFFEE_d6;55200;ASH_COATED_OSMIUM;9916;13;9914;15;;;9922;16;9926;26;;;9919.0;0.0
av_COFFEE_d6;55200;INTARIAN_PEPPER_ROOT;10012;7;10010;21;;;10018;13;10020;25;;;10015.0;0.0
av_COFFEE_d6;55300;ASH_COATED_OSMIUM;9915;10;9912;21;;;9921;14;9923;19;;;9918.0;0.0
av_COFFEE_d6;55300;INTARIAN_PEPPER_ROOT;10013;20;10010;14;;;10019;14;10023;28;;;10016.0;0.0
av_COFFEE_d6;55400;ASH_COATED_OSMIUM;9911;23;9909;27;;;9924;19;9927;18;;;9917.5;0.0
av_COFFEE_d6;55400;INTARIAN_PEPPER_ROOT;10012;15;10010;17;;;10018;8;10021;22;;;10015.0;0.0
av_COFFEE_d6;55500;ASH_COATED_OSMIUM;9894;14;9892;19;;;9942;11;9945;26;;;9918.0;0.0
av_COFFEE_d6;55500;INTARIAN_PEPPER_ROOT;10012;18;10008;19;;;10018;12;10020;14;;;10015.0;0.0
av_COFFEE_d6;55600;ASH_COATED_OSMIUM;9915;13;9913;21;;;9921;18;9923;21;;;9918.0;0.0
av_COFFEE_d6;55600;INTARIAN_PEPPER_ROOT;10013;20;10011;28;;;10019;19;10023;20;;;10016.0;0.0
av_COFFEE_d6;55700;ASH_COATED_OSMIUM;9916;15;9912;8;;;9922;11;9924;20;;;9919.0;0.0
av_COFFEE_d6;55700;INTARIAN_PEPPER_ROOT;10013;21;10011;14;;;10019;13;10023;20;;;10016.0;0.0
av_COFFEE_d6;55800;ASH_COATED_OSMIUM;9914;12;9912;21;;;9923;18;9927;9;;;9918.5;0.0
av_COFFEE_d6;55800;INTARIAN_PEPPER_ROOT;10010;14;10006;18;;;10019;6;10021;20;;;10014.5;0.0
av_COFFEE_d6;55900;ASH_COATED_OSMIUM;9915;12;9913;18;;;9921;15;9924;19;;;9918.0;0.0
av_COFFEE_d6;55900;INTARIAN_PEPPER_ROOT;10012;14;10009;18;;;10018;18;10020;21;;;10015.0;0.0
av_COFFEE_d6;56000;ASH_COATED_OSMIUM;9907;18;9903;10;;;9929;15;9932;19;;;9918.0;0.0
av_COFFEE_d6;56000;INTARIAN_PEPPER_ROOT;10008;12;10006;12;;;10022;22;10025;27;;;10015.0;0.0
av_COFFEE_d6;56100;ASH_COATED_OSMIUM;9913;21;9911;18;;;9923;13;9927;25;;;9918.0;0.0
av_COFFEE_d6;56100;INTARIAN_PEPPER_ROOT;10011;10;10007;18;;;10018;13;10021;17;;;10014.5;0.0
av_COFFEE_d6;56200;ASH_COATED_OSMIUM;9915;19;9912;21;;;9921;14;9925;27;;;9918.0;0.0
av_COFFEE_d6;56200;INTARIAN_PEPPER_ROOT;10012;20;10008;18;;;10018;17;10022;23;;;10015.0;0.0
av_COFFEE_d6;56300;ASH_COATED_OSMIUM;9914;17;9911;20;;;9922;7;9926;25;;;9918.0;0.0
av_COFFEE_d6;56300;INTARIAN_PEPPER_ROOT;10011;17;10009;19;;;10017;15;10020;27;;;10014.0;0.0
av_COFFEE_d6;56400;ASH_COATED_OSMIUM;9909;14;9905;14;;;9926;25;9929;16;;;9917.5;0.0
av_COFFEE_d6;56400;INTARIAN_PEPPER_ROOT;10007;12;10003;23;;;10022;17;10025;24;;;10014.5;0.0
av_COFFEE_d6;56500;ASH_COATED_OSMIUM;9916;15;9912;22;;;9922;25;9925;15;;;9919.0;0.0
av_COFFEE_d6;56500;INTARIAN_PEPPER_ROOT;10011;21;10008;12;;;10017;15;10021;22;;;10014.0;0.0
av_COFFEE_d6;56600;ASH_COATED_OSMIUM;9905;17;9901;25;;;9931;10;9933;22;;;9918.0;0.0
av_COFFEE_d6;56600;INTARIAN_PEPPER_ROOT;10010;17;10008;24;;;10017;16;10021;23;;;10013.5;0.0
av_COFFEE_d6;56700;ASH_COATED_OSMIUM;9916;20;9912;15;;;9922;16;9925;26;;;9919.0;0.0
av_COFFEE_d6;56700;INTARIAN_PEPPER_ROOT;10011;8;10009;19;;;10017;16;10019;23;;;10014.0;0.0
av_COFFEE_d6;56800;ASH_COATED_OSMIUM;9915;13;9912;22;;;9921;23;9923;13;;;9918.0;0.0
av_COFFEE_d6;56800;INTARIAN_PEPPER_ROOT;10009;7;10005;20;;;10019;17;10021;24;;;10014.0;0.0
av_COFFEE_d6;56900;ASH_COATED_OSMIUM;9914;16;9910;23;;;9922;18;9924;22;;;9918.0;0.0
av_COFFEE_d6;56900;INTARIAN_PEPPER_ROOT;10004;20;10002;19;;;10024;13;10028;13;;;10014.0;0.0
