day;timestamp;product;bid_price_1;bid_volume_1;bid_price_2;bid_volume_2;bid_price_3;bid_volume_3;ask_price_1;ask_volume_1;ask_price_2;ask_volume_2;ask_price_3;ask_volume_3;mid_price;profit_and_loss
yf_ZS=F_d7;0;ASH_COATED_OSMIUM;9921;18;9919;29;;;9934;19;9936;8;;;9927.5;0.0
yf_ZS=F_d7;0;INTARIAN_PEPPER_ROOT;11984;16;11981;13;;;11993;7;11995;29;;;11988.5;0.0
yf_ZS=F_d7;100;ASH_COATED_OSMIUM;9923;15;9920;17;;;9934;17;9936;16;;;9928.5;0.0
yf_ZS=F_d7;100;INTARIAN_PEPPER_ROOT;11985;17;11981;14;;;11991;16;11995;29;;;11988.0;0.0
yf_ZS=F_d7;200;ASH_COATED_OSMIUM;9921;19;9918;24;;;9935;14;9937;17;;;9928.0;0.0
yf_ZS=F_d7;200;INTARIAN_PEPPER_ROOT;11986;17;11984;24;;;11992;14;11995;16;;;11989.0;0.0
yf_ZS=F_d7;300;ASH_COATED_OSMIUM;9923;20;9920;23;;;9932;12;9936;19;;;9927.5;0.0
yf_ZS=F_d7;300;INTARIAN_PEPPER_ROOT;11981;20;11979;20;;;11998;13;12000;20;;;11989.5;0.0
yf_ZS=F_d7;400;ASH_COATED_OSMIUM;9923;12;9919;22;;;9933;24;9937;15;;;9928.0;0.0
yf_ZS=F_d7;400;INTARIAN_PEPPER_ROOT;11987;13;11984;8;;;11993;9;11997;23;;;11990.0;0.0
yf_ZS=F_d7;500;ASH_COATED_OSMIUM;9913;11;9910;15;;;9944;16;9948;12;;;9928.5;0.0
yf_ZS=F_d7;500;INTARIAN_PEPPER_ROOT;11986;10;11984;23;;;11993;14;11997;17;;;11989.5;0.0
yf_ZS=F_d7;600;ASH_COATED_OSMIUM;9918;9;9914;24;;;9936;21;9939;25;;;9927.0;0.0
yf_ZS=F_d7;600;INTARIAN_PEPPER_ROOT;11989;18;11987;24;;;11995;17;11997;20;;;11992.0;0.0
yf_ZS=F_d7;700;ASH_COATED_OSMIUM;9919;9;9916;17;;;9937;15;9939;20;;;9928.0;0.0
yf_ZS=F_d7;700;INTARIAN_PEPPER_ROOT;11988;9;11986;25;;;11994;16;11998;15;;;11991.0;0.0
yf_ZS=F_d7;800;ASH_COATED_OSMIUM;9912;12;9908;24;;;9946;13;9950;17;;;9929.0;0.0
yf_ZS=F_d7;800;INTARIAN_PEPPER_ROOT;11986;9;11982;24;;;11998;14;12000;20;;;11992.0;0.0
yf_ZS=F_d7;900;ASH_COATED_OSMIUM;9918;12;9915;21;;;9937;20;9939;16;;;9927.5;0.0
yf_ZS=F_d7;900;INTARIAN_PEPPER_ROOT;11988;15;11984;24;;;11996;19;11998;18;;;11992.0;0.0
yf_ZS=F_d7;1000;ASH_COATED_OSMIUM;9925;15;9923;28;;;9931;7;9935;23;;;9928.0;0.0
yf_ZS=F_d7;1000;INTARIAN_PEPPER_ROOT;11989;12;11986;21;;;11995;15;11999;20;;;11992.0;0.0
yf_ZS=F_d7;1100;ASH_COATED_OSMIUM;9922;12;9919;25;;;9934;19;9937;19;;;9928.0;0.0
yf_ZS=F_d7;1100;INTARIAN_PEPPER_ROOT;11991;18;11988;18;;;11997;5;12000;23;;;11994.0;0.0
yf_ZS=F_d7;1200;ASH_COATED_OSMIUM;9923;10;9921;20;;;9932;23;9936;20;;;9927.5;0.0
yf_ZS=F_d7;1200;INTARIAN_PEPPER_ROOT;11988;10;11984;24;;;12001;16;12004;24;;;11994.5;0.0
yf_ZS=F_d7;1300;ASH_COATED_OSMIUM;9924;13;9922;24;;;9931;16;9934;15;;;9927.5;0.0
yf_ZS=F_d7;1300;INTARIAN_PEPPER_ROOT;11987;20;11984;22;;;12002;15;12006;19;;;11994.5;0.0
yf_ZS=F_d7;1400;ASH_COATED_OSMIUM;9924;15;9920;23;;;9931;14;9935;16;;;9927.5;0.0
yf_ZS=F_d7;1400;INTARIAN_PEPPER_ROOT;11986;25;11983;16;;;12004;17;12008;14;;;11995.0;0.0
yf_ZS=F_d7;1500;ASH_COATED_OSMIUM;9925;12;9921;21;;;9931;13;9935;14;;;9928.0;0.0
yf_ZS=F_d7;1500;INTARIAN_PEPPER_ROOT;11992;17;11988;19;;;11998;8;12000;30;;;11995.0;0.0
yf_ZS=F_d7;1600;ASH_COATED_OSMIUM;9925;20;9921;25;;;9931;10;9935;21;;;9928.0;0.0
yf_ZS=F_d7;1600;INTARIAN_PEPPER_ROOT;11993;19;11989;18;;;11999;15;12003;20;;;11996.0;0.0
yf_ZS=F_d7;1700;ASH_COATED_OSMIUM;9925;12;9921;17;;;9931;10;9933;10;;;9928.0;0.0
yf_ZS=F_d7;1700;INTARIAN_PEPPER_ROOT;11993;10;11990;25;;;11999;24;12003;24;;;11996.0;0.0
yf_ZS=F_d7;1800;ASH_COATED_OSMIUM;9925;15;9922;17;;;9931;9;9935;14;;;9928.0;0.0
yf_ZS=F_d7;1800;INTARIAN_PEPPER_ROOT;11994;8;11990;14;;;12000;8;12002;27;;;11997.0;0.0
yf_ZS=F_d7;1900;ASH_COATED_OSMIUM;9923;20;9920;13;;;9933;9;9936;10;;;9928.0;0.0
yf_ZS=F_d7;1900;INTARIAN_PEPPER_ROOT;11989;14;11985;21;;;12005;15;12008;21;;;11997.0;0.0
yf_ZS=F_d7;2000;ASH_COATED_OSMIUM;9926;9;9924;26;;;9932;14;9936;18;;;9929.0;0.0
yf_ZS=F_d7;2000;INTARIAN_PEPPER_ROOT;11995;20;11993;14;;;12001;8;12005;15;;;11998.0;0.0
yf_ZS=F_d7;2100;ASH_COATED_OSMIUM;9925;17;9923;8;;;9931;11;9935;18;;;9928.0;0.0
yf_ZS=F_d7;2100;INTARIAN_PEPPER_ROOT;11995;18;11993;11;;;12001;17;12004;21;;;11998.0;0.0
yf_ZS=F_d7;2200;ASH_COATED_OSMIUM;9925;23;9922;15;;;9931;17;9933;15;;;9928.0;0.0
yf_ZS=F_d7;2200;INTARIAN_PEPPER_ROOT;11996;22;11993;22;;;12002;18;12004;30;;;11999.0;0.0
yf_ZS=F_d7;2300;ASH_COATED_OSMIUM;9925;13;9923;22;;;9931;21;9934;8;;;9928.0;0.0
yf_ZS=F_d7;2300;INTARIAN_PEPPER_ROOT;11996;22;11994;9;;;12002;15;12004;18;;;11999.0;0.0
yf_ZS=F_d7;2400;ASH_COATED_OSMIUM;9924;26;9922;16;;;9931;6;9935;16;;;9927.5;0.0
yf_ZS=F_d7;2400;INTARIAN_PEPPER_ROOT;11994;14;11990;26;;;12005;24;12008;14;;;11999.5;0.0
yf_ZS=F_d7;2500;ASH_COATED_OSMIUM;9923;12;9921;11;;;9933;5;9937;17;;;9928.0;0.0
yf_ZS=F_d7;2500;INTARIAN_PEPPER_ROOT;11997;20;11995;13;;;12003;10;12006;19;;;12000.0;0.0
yf_ZS=F_d7;2600;ASH_COATED_OSMIUM;9925;13;9923;12;;;9931;8;9933;27;;;9928.0;0.0
yf_ZS=F_d7;2600;INTARIAN_PEPPER_ROOT;11998;24;11996;19;;;12004;11;12006;17;;;12001.0;0.0
yf_ZS=F_d7;2700;ASH_COATED_OSMIUM;9925;10;9922;19;;;9932;17;9934;24;;;9928.5;0.0
yf_ZS=F_d7;2700;INTARIAN_PEPPER_ROOT;11998;10;11995;20;;;12004;16;12007;29;;;12001.0;0.0
yf_ZS=F_d7;2800;ASH_COATED_OSMIUM;9925;8;9921;25;;;9931;14;9934;17;;;9928.0;0.0
yf_ZS=F_d7;2800;INTARIAN_PEPPER_ROOT;11990;16;11986;13;;;12013;12;12015;14;;;12001.5;0.0
yf_ZS=F_d7;2900;ASH_COATED_OSMIUM;9923;11;9920;17;;;9933;15;9936;23;;;9928.0;0.0
yf_ZS=F_d7;2900;INTARIAN_PEPPER_ROOT;11999;17;11995;24;;;12007;21;12009;19;;;12003.0;0.0
yf_ZS=F_d7;3000;ASH_COATED_OSMIUM;9919;10;9916;19;;;9938;19;9940;12;;;9928.5;0.0
yf_ZS=F_d7;3000;INTARIAN_PEPPER_ROOT;12000;6;11997;21;;;12006;11;12010;20;;;12003.0;0.0
yf_ZS=F_d7;3100;ASH_COATED_OSMIUM;9925;14;9922;28;;;9931;14;9933;15;;;9928.0;0.0
yf_ZS=F_d7;3100;INTARIAN_PEPPER_ROOT;12000;20;11998;17;;;12006;18;12009;15;;;12003.0;0.0
yf_ZS=F_d7;3200;ASH_COATED_OSMIUM;9923;6;9920;25;;;9932;14;9934;22;;;9927.5;0.0
yf_ZS=F_d7;3200;INTARIAN_PEPPER_ROOT;12001;22;11999;24;;;12007;8;12011;13;;;12004.0;0.0
yf_ZS=F_d7;3300;ASH_COATED_OSMIUM;9925;21;9923;15;;;9931;13;9933;18;;;9928.0;0.0
yf_ZS=F_d7;3300;INTARIAN_PEPPER_ROOT;12001;22;11998;18;;;12007;12;12011;13;;;12004.0;0.0
yf_ZS=F_d7;3400;ASH_COATED_OSMIUM;9925;23;9923;23;;;9931;14;9934;16;;;9928.0;0.0
yf_ZS=F_d7;3400;INTARIAN_PEPPER_ROOT;11992;16;11990;17;;;12017;16;12021;24;;;12004.5;0.0
yf_ZS=F_d7;3500;ASH_COATED_OSMIUM;9925;19;9921;22;;;9931;16;9934;31;;;9928.0;0.0
yf_ZS=F_d7;3500;INTARIAN_PEPPER_ROOT;12001;24;11998;16;;;12010;13;12014;32;;;12005.5;0.0
yf_ZS=F_d7;3600;ASH_COATED_OSMIUM;9925;9;9923;12;;;9931;9;9933;20;;;9928.0;0.0
yf_ZS=F_d7;3600;INTARIAN_PEPPER_ROOT;12003;13;12000;19;;;12009;16;12011;18;;;12006.0;0.0
yf_ZS=F_d7;3700;ASH_COATED_OSMIUM;9911;23;9908;23;;;9946;17;9949;24;;;9928.5;0.0
yf_ZS=F_d7;3700;INTARIAN_PEPPER_ROOT;12003;18;12001;24;;;12009;14;12012;22;;;12006.0;0.0
yf_ZS=F_d7;3800;ASH_COATED_OSMIUM;9925;20;9923;17;;;9931;12;9934;20;;;9928.0;0.0
yf_ZS=F_d7;3800;INTARIAN_PEPPER_ROOT;12004;17;12002;22;;;12010;18;12014;12;;;12007.0;0.0
yf_ZS=F_d7;3900;ASH_COATED_OSMIUM;9925;19;9923;19;;;9931;9;9933;10;;;9928.0;0.0
yf_ZS=F_d7;3900;INTARIAN_PEPPER_ROOT;12004;10;12002;30;;;12011;12;12013;21;;;12007.5;0.0
yf_ZS=F_d7;4000;ASH_COATED_OSMIUM;9925;11;9923;21;;;9931;18;9933;22;;;9928.0;0.0
yf_ZS=F_d7;4000;INTARIAN_PEPPER_ROOT;12005;18;12001;29;;;12011;21;12015;25;;;12008.0;0.0
yf_ZS=F_d7;4100;ASH_COATED_OSMIUM;9925;18;9923;21;;;9931;11;9933;16;;;9928.0;0.0
yf_ZS=F_d7;4100;INTARIAN_PEPPER_ROOT;12005;9;12002;11;;;12011;14;12013;20;;;12008.0;0.0
yf_ZS=F_d7;4200;ASH_COATED_OSMIUM;9924;12;9920;21;;;9931;9;9935;19;;;9927.5;0.0
yf_ZS=F_d7;4200;INTARIAN_PEPPER_ROOT;12004;15;12002;24;;;12013;12;12017;18;;;12008.5;0.0
yf_ZS=F_d7;4300;ASH_COATED_OSMIUM;9924;20;9922;26;;;9932;19;9935;26;;;9928.0;0.0
yf_ZS=F_d7;4300;INTARIAN_PEPPER_ROOT;12006;23;12004;15;;;12012;11;12016;14;;;12009.0;0.0
yf_ZS=F_d7;4400;ASH_COATED_OSMIUM;9925;11;9921;14;;;9931;14;9935;10;;;9928.0;0.0
yf_ZS=F_d7;4400;INTARIAN_PEPPER_ROOT;12007;25;12005;19;;;12013;16;12015;18;;;12010.0;0.0
yf_ZS=F_d7;4500;ASH_COATED_OSMIUM;9926;18;9922;8;;;9932;26;9934;20;;;9929.0;0.0
yf_ZS=F_d7;4500;INTARIAN_PEPPER_ROOT;12007;6;12003;17;;;12014;18;12017;23;;;12010.5;0.0
yf_ZS=F_d7;4600;ASH_COATED_OSMIUM;9925;14;9923;19;;;9931;19;9935;23;;;9928.0;0.0
yf_ZS=F_d7;4600;INTARIAN_PEPPER_ROOT;12008;22;12006;10;;;12014;9;12016;14;;;12011.0;0.0
yf_ZS=F_d7;4700;ASH_COATED_OSMIUM;9925;11;9921;18;;;9931;20;9935;20;;;9928.0;0.0
yf_ZS=F_d7;4700;INTARIAN_PEPPER_ROOT;12006;11;12003;17;;;12017;9;12019;18;;;12011.5;0.0
yf_ZS=F_d7;4800;ASH_COATED_OSMIUM;9925;16;9922;26;;;9931;16;9935;23;;;9928.0;0.0
yf_ZS=F_d7;4800;INTARIAN_PEPPER_ROOT;12007;8;12003;21;;;12016;13;12020;23;;;12011.5;0.0
yf_ZS=F_d7;4900;ASH_COATED_OSMIUM;9925;15;9921;16;;;9932;10;9934;26;;;9928.5;0.0
yf_ZS=F_d7;4900;INTARIAN_PEPPER_ROOT;12009;12;12006;18;;;12015;16;12019;19;;;12012.0;0.0
yf_ZS=F_d7;5000;ASH_COATED_OSMIUM;9925;14;9923;21;;;9931;21;9933;25;;;9928.0;0.0
yf_ZS=F_d7;5000;INTARIAN_PEPPER_ROOT;12010;20;12008;15;;;12016;8;12020;24;;;12013.0;0.0
yf_ZS=F_d7;5100;ASH_COATED_OSMIUM;9925;11;9921;12;;;9931;15;9933;16;;;9928.0;0.0
yf_ZS=F_d7;5100;INTARIAN_PEPPER_ROOT;12007;11;12003;25;;;12019;16;12021;24;;;12013.0;0.0
yf_ZS=F_d7;5200;ASH_COATED_OSMIUM;9924;23;9920;28;;;9932;8;9934;17;;;9928.0;0.0
yf_ZS=F_d7;5200;INTARIAN_PEPPER_ROOT;12001;16;11999;22;;;12025;22;12028;28;;;12013.0;0.0
yf_ZS=F_d7;5300;ASH_COATED_OSMIUM;9920;24;9916;20;;;9937;11;9941;22;;;9928.5;0.0
yf_ZS=F_d7;5300;INTARIAN_PEPPER_ROOT;12011;17;12009;10;;;12017;11;12019;23;;;12014.0;0.0
yf_ZS=F_d7;5400;ASH_COATED_OSMIUM;9925;16;9922;15;;;9931;7;9933;18;;;9928.0;0.0
yf_ZS=F_d7;5400;INTARIAN_PEPPER_ROOT;12012;13;12010;26;;;12018;8;12022;20;;;12015.0;0.0
yf_ZS=F_d7;5500;ASH_COATED_OSMIUM;9917;17;9914;28;;;9940;16;9944;14;;;9928.5;0.0
yf_ZS=F_d7;5500;INTARIAN_PEPPER_ROOT;12008;12;12004;15;;;12022;21;12024;22;;;12015.0;0.0
yf_ZS=F_d7;5600;ASH_COATED_OSMIUM;9925;21;9923;22;;;9931;23;9935;27;;;9928.0;0.0
yf_ZS=F_d7;5600;INTARIAN_PEPPER_ROOT;12012;15;12008;16;;;12020;19;12023;24;;;12016.0;0.0
yf_ZS=F_d7;5700;ASH_COATED_OSMIUM;9908;11;9906;23;;;9948;14;9952;12;;;9928.0;0.0
yf_ZS=F_d7;5700;INTARIAN_PEPPER_ROOT;12006;6;12004;25;;;12026;19;12028;20;;;12016.0;0.0
yf_ZS=F_d7;5800;ASH_COATED_OSMIUM;9925;5;9921;20;;;9931;5;9934;22;;;9928.0;0.0
yf_ZS=F_d7;5800;INTARIAN_PEPPER_ROOT;12014;14;12010;18;;;12020;12;12024;20;;;12017.0;0.0
yf_ZS=F_d7;5900;ASH_COATED_OSMIUM;9925;10;9922;15;;;9931;15;9935;19;;;9928.0;0.0
yf_ZS=F_d7;5900;INTARIAN_PEPPER_ROOT;12014;11;12011;17;;;12020;17;12022;25;;;12017.0;0.0
yf_ZS=F_d7;6000;ASH_COATED_OSMIUM;9925;13;9921;30;;;9931;15;9934;26;;;9928.0;0.0
yf_ZS=F_d7;6000;INTARIAN_PEPPER_ROOT;12015;16;12012;23;;;12021;15;12023;16;;;12018.0;0.0
yf_ZS=F_d7;6100;ASH_COATED_OSMIUM;9925;8;9923;9;;;9931;17;9934;17;;;9928.0;0.0
yf_ZS=F_d7;6100;INTARIAN_PEPPER_ROOT;12015;17;12012;26;;;12021;5;12025;11;;;12018.0;0.0
yf_ZS=F_d7;6200;ASH_COATED_OSMIUM;9925;5;9922;16;;;9931;18;9934;14;;;9928.0;0.0
yf_ZS=F_d7;6200;INTARIAN_PEPPER_ROOT;12013;17;12010;17;;;12025;17;12027;18;;;12019.0;0.0
yf_ZS=F_d7;6300;ASH_COATED_OSMIUM;9925;12;9922;26;;;9931;10;9933;19;;;9928.0;0.0
yf_ZS=F_d7;6300;INTARIAN_PEPPER_ROOT;12016;23;12013;21;;;12023;15;12027;21;;;12019.5;0.0
yf_ZS=F_d7;6400;ASH_COATED_OSMIUM;9921;18;9917;30;;;9935;12;9938;20;;;9928.0;0.0
yf_ZS=F_d7;6400;INTARIAN_PEPPER_ROOT;12014;18;12012;17;;;12025;13;12028;21;;;12019.5;0.0
yf_ZS=F_d7;6500;ASH_COATED_OSMIUM;9917;14;9915;17;;;9939;10;9942;28;;;9928.0;0.0
yf_ZS=F_d7;6500;INTARIAN_PEPPER_ROOT;12017;18;12015;17;;;12023;13;12027;17;;;12020.0;0.0
yf_ZS=F_d7;6600;ASH_COATED_OSMIUM;9925;12;9921;22;;;9931;16;9933;19;;;9928.0;0.0
yf_ZS=F_d7;6600;INTARIAN_PEPPER_ROOT;12013;11;12011;18;;;12028;9;12030;8;;;12020.5;0.0
yf_ZS=F_d7;6700;ASH_COATED_OSMIUM;9925;14;9921;16;;;9931;15;9933;26;;;9928.0;0.0
yf_ZS=F_d7;6700;INTARIAN_PEPPER_ROOT;12018;18;12016;23;;;12024;18;12026;23;;;12021.0;0.0
yf_ZS=F_d7;6800;ASH_COATED_OSMIUM;9925;12;9921;17;;;9932;9;9935;17;;;9928.5;0.0
yf_ZS=F_d7;6800;INTARIAN_PEPPER_ROOT;12018;15;12014;19;;;12024;11;12028;18;;;12021.0;0.0
yf_ZS=F_d7;6900;ASH_COATED_OSMIUM;9925;19;9923;15;;;9931;19;9933;29;;;9928.0;0.0
yf_ZS=F_d7;6900;INTARIAN_PEPPER_ROOT;12008;12;12005;26;;;12035;12;12038;16;;;12021.5;0.0
yf_ZS=F_d7;7000;ASH_COATED_OSMIUM;9925;15;9922;14;;;9931;10;9935;19;;;9928.0;0.0
yf_ZS=F_d7;7000;INTARIAN_PEPPER_ROOT;12020;22;12017;18;;;12026;12;12030;22;;;12023.0;0.0
yf_ZS=F_d7;7100;ASH_COATED_OSMIUM;9926;14;9923;8;;;9932;9;9934;19;;;9929.0;0.0
yf_ZS=F_d7;7100;INTARIAN_PEPPER_ROOT;12019;13;12017;9;;;12027;18;12030;15;;;12023.0;0.0
yf_ZS=F_d7;7200;ASH_COATED_OSMIUM;9922;11;9919;25;;;9933;20;9936;9;;;9927.5;0.0
yf_ZS=F_d7;7200;INTARIAN_PEPPER_ROOT;12021;15;12018;21;;;12027;10;12030;18;;;12024.0;0.0
yf_ZS=F_d7;7300;ASH_COATED_OSMIUM;9923;18;9920;22;;;9933;15;9936;24;;;9928.0;0.0
yf_ZS=F_d7;7300;INTARIAN_PEPPER_ROOT;12021;11;12019;24;;;12027;14;12030;28;;;12024.0;0.0
yf_ZS=F_d7;7400;ASH_COATED_OSMIUM;9924;10;9921;10;;;9931;15;9935;23;;;9927.5;0.0
yf_ZS=F_d7;7400;INTARIAN_PEPPER_ROOT;12022;19;12018;9;;;12028;16;12031;18;;;12025.0;0.0
yf_ZS=F_d7;7500;ASH_COATED_OSMIUM;9921;22;9917;20;;;9934;24;9937;13;;;9927.5;0.0
yf_ZS=F_d7;7500;INTARIAN_PEPPER_ROOT;12022;18;12019;18;;;12028;27;12031;22;;;12025.0;0.0
yf_ZS=F_d7;7600;ASH_COATED_OSMIUM;9918;11;9914;11;;;9938;11;9941;26;;;9928.0;0.0
yf_ZS=F_d7;7600;INTARIAN_PEPPER_ROOT;12023;5;12021;13;;;12029;10;12031;19;;;12026.0;0.0
yf_ZS=F_d7;7700;ASH_COATED_OSMIUM;9914;15;9911;22;;;9942;15;9946;21;;;9928.0;0.0
yf_ZS=F_d7;7700;INTARIAN_PEPPER_ROOT;12021;11;12018;13;;;12031;14;12035;18;;;12026.0;0.0
yf_ZS=F_d7;7800;ASH_COATED_OSMIUM;9925;19;9923;10;;;9931;18;9933;15;;;9928.0;0.0
yf_ZS=F_d7;7800;INTARIAN_PEPPER_ROOT;12024;19;12021;17;;;12030;21;12034;22;;;12027.0;0.0
yf_ZS=F_d7;7900;ASH_COATED_OSMIUM;9916;9;9913;27;;;9941;7;9943;17;;;9928.5;0.0
yf_ZS=F_d7;7900;INTARIAN_PEPPER_ROOT;12021;23;12017;21;;;12034;9;12037;21;;;12027.5;0.0
yf_ZS=F_d7;8000;ASH_COATED_OSMIUM;9925;19;9923;18;;;9932;18;9936;26;;;9928.5;0.0
yf_ZS=F_d7;8000;INTARIAN_PEPPER_ROOT;12023;5;12019;21;;;12031;19;12034;12;;;12027.0;0.0
yf_ZS=F_d7;8100;ASH_COATED_OSMIUM;9926;10;9924;15;;;9932;10;9936;16;;;9929.0;0.0
yf_ZS=F_d7;8100;INTARIAN_PEPPER_ROOT;12002;9;11998;27;;;12055;29;12059;24;;;12028.5;0.0
yf_ZS=F_d7;8200;ASH_COATED_OSMIUM;9925;22;9921;26;;;9931;16;9935;22;;;9928.0;0.0
yf_ZS=F_d7;8200;INTARIAN_PEPPER_ROOT;12017;20;12013;18;;;12040;15;12044;20;;;12028.5;0.0
yf_ZS=F_d7;8300;ASH_COATED_OSMIUM;9924;7;9921;15;;;9930;5;9932;21;;;9927.0;0.0
yf_ZS=F_d7;8300;INTARIAN_PEPPER_ROOT;12026;8;12022;18;;;12032;12;12034;17;;;12029.0;0.0
yf_ZS=F_d7;8400;ASH_COATED_OSMIUM;9926;10;9923;24;;;9932;22;9935;17;;;9929.0;0.0
yf_ZS=F_d7;8400;INTARIAN_PEPPER_ROOT;12026;15;12022;8;;;12032;9;12034;27;;;12029.0;0.0
yf_ZS=F_d7;8500;ASH_COATED_OSMIUM;9926;19;9922;12;;;9932;22;9936;27;;;9929.0;0.0
yf_ZS=F_d7;8500;INTARIAN_PEPPER_ROOT;12025;5;12021;13;;;12036;18;12039;27;;;12030.5;0.0
yf_ZS=F_d7;8600;ASH_COATED_OSMIUM;9925;5;9921;26;;;9931;19;9934;15;;;9928.0;0.0
yf_ZS=F_d7;8600;INTARIAN_PEPPER_ROOT;12025;10;12021;17;;;12036;8;12039;16;;;12030.5;0.0
yf_ZS=F_d7;8700;ASH_COATED_OSMIUM;9925;8;9923;15;;;9931;5;9935;18;;;9928.0;0.0
yf_ZS=F_d7;8700;INTARIAN_PEPPER_ROOT;12023;23;12021;21;;;12041;8;12044;15;;;12032.0;0.0
yf_ZS=F_d7;8800;ASH_COATED_OSMIUM;9919;12;9916;24;;;9936;16;9938;17;;;9927.5;0.0
yf_ZS=F_d7;8800;INTARIAN_PEPPER_ROOT;12029;14;12027;23;;;12035;12;12039;26;;;12032.0;0.0
yf_ZS=F_d7;8900;ASH_COATED_OSMIUM;9926;15;9923;17;;;9932;21;9935;24;;;9929.0;0.0
yf_ZS=F_d7;8900;INTARIAN_PEPPER_ROOT;12023;16;12019;18;;;12042;19;12046;29;;;12032.5;0.0
yf_ZS=F_d7;9000;ASH_COATED_OSMIUM;9922;14;9919;31;;;9934;23;9937;23;;;9928.0;0.0
yf_ZS=F_d7;9000;INTARIAN_PEPPER_ROOT;12029;16;12027;30;;;12036;12;12039;16;;;12032.5;0.0
yf_ZS=F_d7;9100;ASH_COATED_OSMIUM;9925;5;9922;21;;;9931;14;9933;17;;;9928.0;0.0
yf_ZS=F_d7;9100;INTARIAN_PEPPER_ROOT;12031;16;12028;13;;;12037;12;12039;21;;;12034.0;0.0
yf_ZS=F_d7;9200;ASH_COATED_OSMIUM;9925;26;9922;11;;;9931;7;9933;15;;;9928.0;0.0
yf_ZS=F_d7;9200;INTARIAN_PEPPER_ROOT;12031;12;12027;21;;;12037;13;12039;28;;;12034.0;0.0
yf_ZS=F_d7;9300;ASH_COATED_OSMIUM;9926;14;9923;25;;;9932;16;9936;9;;;9929.0;0.0
yf_ZS=F_d7;9300;INTARIAN_PEPPER_ROOT;12031;23;12027;17;;;12037;13;12040;15;;;12034.0;0.0
yf_ZS=F_d7;9400;ASH_COATED_OSMIUM;9926;5;9923;24;;;9932;10;9935;24;;;9929.0;0.0
yf_ZS=F_d7;9400;INTARIAN_PEPPER_ROOT;12031;19;12028;22;;;12037;10;12040;26;;;12034.0;0.0
yf_ZS=F_d7;9500;ASH_COATED_OSMIUM;9924;21;9920;17;;;9932;10;9934;19;;;9928.0;0.0
yf_ZS=F_d7;9500;INTARIAN_PEPPER_ROOT;12031;22;12027;25;;;12041;14;12043;16;;;12036.0;0.0
yf_ZS=F_d7;9600;ASH_COATED_OSMIUM;9923;15;9920;16;;;9934;13;9937;21;;;9928.5;0.0
yf_ZS=F_d7;9600;INTARIAN_PEPPER_ROOT;12029;16;12025;22;;;12043;16;12047;23;;;12036.0;0.0
yf_ZS=F_d7;9700;ASH_COATED_OSMIUM;9925;18;9923;21;;;9931;13;9935;12;;;9928.0;0.0
yf_ZS=F_d7;9700;INTARIAN_PEPPER_ROOT;12034;13;12030;24;;;12040;21;12042;12;;;12037.0;0.0
yf_ZS=F_d7;9800;ASH_COATED_OSMIUM;9923;17;9920;21;;;9932;10;9934;17;;;9927.5;0.0
yf_ZS=F_d7;9800;INTARIAN_PEPPER_ROOT;12034;21;12032;17;;;12040;13;12043;23;;;12037.0;0.0
yf_ZS=F_d7;9900;ASH_COATED_OSMIUM;9922;26;9920;20;;;9933;10;9936;20;;;9927.5;0.0
yf_ZS=F_d7;9900;INTARIAN_PEPPER_ROOT;12035;12;12033;25;;;12041;8;12045;16;;;12038.0;0.0
yf_ZS=F_d7;10000;ASH_COATED_OSMIUM;9923;11;9921;14;;;9933;13;9937;22;;;9928.0;0.0
yf_ZS=F_d7;10000;INTARIAN_PEPPER_ROOT;12035;15;12032;19;;;12041;16;12043;21;;;12038.0;0.0
yf_ZS=F_d7;10100;ASH_COATED_OSMIUM;9925;11;9923;13;;;9931;5;9935;13;;;9928.0;0.0
yf_ZS=F_d7;10100;INTARIAN_PEPPER_ROOT;12035;19;12031;8;;;12041;6;12045;18;;;12038.0;0.0
yf_ZS=F_d7;10200;ASH_COATED_OSMIUM;9926;9;9922;16;;;9932;14;9935;14;;;9929.0;0.0
yf_ZS=F_d7;10200;INTARIAN_PEPPER_ROOT;12036;25;12034;20;;;12042;7;12045;18;;;12039.0;0.0
yf_ZS=F_d7;10300;ASH_COATED_OSMIUM;9917;18;9915;15;;;9938;6;9942;16;;;9927.5;0.0
yf_ZS=F_d7;10300;INTARIAN_PEPPER_ROOT;12035;10;12032;13;;;12041;24;12044;26;;;12038.0;0.0
yf_ZS=F_d7;10400;ASH_COATED_OSMIUM;9922;12;9919;15;;;9935;12;9938;12;;;9928.5;0.0
yf_ZS=F_d7;10400;INTARIAN_PEPPER_ROOT;12037;14;12034;18;;;12043;13;12047;23;;;12040.0;0.0
yf_ZS=F_d7;10500;ASH_COATED_OSMIUM;9926;11;9923;18;;;9932;8;9936;17;;;9929.0;0.0
yf_ZS=F_d7;10500;INTARIAN_PEPPER_ROOT;12035;16;12033;13;;;12045;11;12049;30;;;12040.0;0.0
yf_ZS=F_d7;10600;ASH_COATED_OSMIUM;9923;9;9920;12;;;9933;16;9935;18;;;9928.0;0.0
yf_ZS=F_d7;10600;INTARIAN_PEPPER_ROOT;12037;16;12034;13;;;12045;8;12047;21;;;12041.0;0.0
yf_ZS=F_d7;10700;ASH_COATED_OSMIUM;9924;16;9922;22;;;9932;7;9934;13;;;9928.0;0.0
yf_ZS=F_d7;10700;INTARIAN_PEPPER_ROOT;12038;19;12034;15;;;12044;16;12048;29;;;12041.0;0.0
yf_ZS=F_d7;10800;ASH_COATED_OSMIUM;9925;16;9923;25;;;9931;16;9934;12;;;9928.0;0.0
yf_ZS=F_d7;10800;INTARIAN_PEPPER_ROOT;12039;13;12036;26;;;12045;20;12049;26;;;12042.0;0.0
yf_ZS=F_d7;10900;ASH_COATED_OSMIUM;9921;14;9919;20;;;9936;12;9938;15;;;9928.5;0.0
yf_ZS=F_d7;10900;INTARIAN_PEPPER_ROOT;12038;19;12035;13;;;12045;10;12049;18;;;12041.5;0.0
yf_ZS=F_d7;11000;ASH_COATED_OSMIUM;9925;20;9923;17;;;9932;9;9934;11;;;9928.5;0.0
yf_ZS=F_d7;11000;INTARIAN_PEPPER_ROOT;12039;15;12037;21;;;12045;18;12049;16;;;12042.0;0.0
yf_ZS=F_d7;11100;ASH_COATED_OSMIUM;9926;13;9922;13;;;9932;16;9936;20;;;9929.0;0.0
yf_ZS=F_d7;11100;INTARIAN_PEPPER_ROOT;12039;11;12037;17;;;12048;7;12051;30;;;12043.5;0.0
yf_ZS=F_d7;11200;ASH_COATED_OSMIUM;9925;16;9921;16;;;9932;17;9936;11;;;9928.5;0.0
yf_ZS=F_d7;11200;INTARIAN_PEPPER_ROOT;12040;13;12036;20;;;12046;10;12050;9;;;12043.0;0.0
yf_ZS=F_d7;11300;ASH_COATED_OSMIUM;9926;16;9922;19;;;9932;15;9936;13;;;9929.0;0.0
yf_ZS=F_d7;11300;INTARIAN_PEPPER_ROOT;12018;18;12015;26;;;12070;12;12074;24;;;12044.0;0.0
yf_ZS=F_d7;11400;ASH_COATED_OSMIUM;9918;11;9914;27;;;9939;7;9942;13;;;9928.5;0.0
yf_ZS=F_d7;11400;INTARIAN_PEPPER_ROOT;12037;5;12034;22;;;12053;13;12057;25;;;12045.0;0.0
yf_ZS=F_d7;11500;ASH_COATED_OSMIUM;9926;15;9924;19;;;9932;19;9936;18;;;9929.0;0.0
yf_ZS=F_d7;11500;INTARIAN_PEPPER_ROOT;12034;9;12031;20;;;12056;18;12058;21;;;12045.0;0.0
yf_ZS=F_d7;11600;ASH_COATED_OSMIUM;9926;22;9922;27;;;9932;12;9936;18;;;9929.0;0.0
yf_ZS=F_d7;11600;INTARIAN_PEPPER_ROOT;12043;12;12041;16;;;12049;16;12051;20;;;12046.0;0.0
yf_ZS=F_d7;11700;ASH_COATED_OSMIUM;9925;8;9921;32;;;9931;19;9934;17;;;9928.0;0.0
yf_ZS=F_d7;11700;INTARIAN_PEPPER_ROOT;12035;12;12033;26;;;12057;5;12060;25;;;12046.0;0.0
yf_ZS=F_d7;11800;ASH_COATED_OSMIUM;9924;18;9922;19;;;9934;11;9938;22;;;9929.0;0.0
yf_ZS=F_d7;11800;INTARIAN_PEPPER_ROOT;12044;12;12042;19;;;12050;14;12052;22;;;12047.0;0.0
yf_ZS=F_d7;11900;ASH_COATED_OSMIUM;9911;16;9909;21;;;9946;13;9949;16;;;9928.5;0.0
yf_ZS=F_d7;11900;INTARIAN_PEPPER_ROOT;12044;15;12041;17;;;12050;17;12054;11;;;12047.0;0.0
yf_ZS=F_d7;12000;ASH_COATED_OSMIUM;9926;13;9923;26;;;9932;19;9935;23;;;9929.0;0.0
yf_ZS=F_d7;12000;INTARIAN_PEPPER_ROOT;12043;20;12041;26;;;12051;25;12054;23;;;12047.0;0.0
yf_ZS=F_d7;12100;ASH_COATED_OSMIUM;9923;16;9920;25;;;9934;11;9936;18;;;9928.5;0.0
yf_ZS=F_d7;12100;INTARIAN_PEPPER_ROOT;12045;17;12043;16;;;12051;5;12054;28;;;12048.0;0.0
yf_ZS=F_d7;12200;ASH_COATED_OSMIUM;9926;19;9923;19;;;9932;19;9935;28;;;9929.0;0.0
yf_ZS=F_d7;12200;INTARIAN_PEPPER_ROOT;12041;18;12037;23;;;12056;12;12058;17;;;12048.5;0.0
yf_ZS=F_d7;12300;ASH_COATED_OSMIUM;9925;18;9922;20;;;9931;14;9934;20;;;9928.0;0.0
yf_ZS=F_d7;12300;INTARIAN_PEPPER_ROOT;12046;16;12043;18;;;12052;17;12055;17;;;12049.0;0.0
yf_ZS=F_d7;12400;ASH_COATED_OSMIUM;9925;26;9922;28;;;9931;13;9935;20;;;9928.0;0.0
yf_ZS=F_d7;12400;INTARIAN_PEPPER_ROOT;12045;5;12043;18;;;12054;21;12058;25;;;12049.5;0.0
yf_ZS=F_d7;12500;ASH_COATED_OSMIUM;9926;5;9922;12;;;9932;5;9935;15;;;9929.0;0.0
yf_ZS=F_d7;12500;INTARIAN_PEPPER_ROOT;12037;12;12033;19;;;12063;17;12065;20;;;12050.0;0.0
yf_ZS=F_d7;12600;ASH_COATED_OSMIUM;9926;13;9922;16;;;9932;12;9935;16;;;9929.0;0.0
yf_ZS=F_d7;12600;INTARIAN_PEPPER_ROOT;12040;20;12037;27;;;12061;12;12065;16;;;12050.5;0.0
yf_ZS=F_d7;12700;ASH_COATED_OSMIUM;9926;10;9922;14;;;9932;14;9936;20;;;9929.0;0.0
yf_ZS=F_d7;12700;INTARIAN_PEPPER_ROOT;12044;11;12040;21;;;12059;18;12063;22;;;12051.5;0.0
yf_ZS=F_d7;12800;ASH_COATED_OSMIUM;9914;20;9912;18;;;9942;19;9946;18;;;9928.0;0.0
yf_ZS=F_d7;12800;INTARIAN_PEPPER_ROOT;12048;7;12045;15;;;12054;9;12057;19;;;12051.0;0.0
yf_ZS=F_d7;12900;ASH_COATED_OSMIUM;9925;12;9922;13;;;9931;15;9933;17;;;9928.0;0.0
yf_ZS=F_d7;12900;INTARIAN_PEPPER_ROOT;12049;13;12045;8;;;12056;21;12060;13;;;12052.5;0.0
yf_ZS=F_d7;13000;ASH_COATED_OSMIUM;9924;22;9920;25;;;9932;13;9936;17;;;9928.0;0.0
yf_ZS=F_d7;13000;INTARIAN_PEPPER_ROOT;12050;6;12047;10;;;12056;11;12060;15;;;12053.0;0.0
yf_ZS=F_d7;13100;ASH_COATED_OSMIUM;9923;22;9919;24;;;9934;14;9936;15;;;9928.5;0.0
yf_ZS=F_d7;13100;INTARIAN_PEPPER_ROOT;12045;13;12042;21;;;12062;20;12064;19;;;12053.5;0.0
yf_ZS=F_d7;13200;ASH_COATED_OSMIUM;9925;7;9921;24;;;9933;11;9935;23;;;9929.0;0.0
yf_ZS=F_d7;13200;INTARIAN_PEPPER_ROOT;12051;20;12047;19;;;12057;8;12061;16;;;12054.0;0.0
yf_ZS=F_d7;13300;ASH_COATED_OSMIUM;9925;23;9922;25;;;9931;5;9933;29;;;9928.0;0.0
yf_ZS=F_d7;13300;INTARIAN_PEPPER_ROOT;12052;10;12049;21;;;12058;9;12062;19;;;12055.0;0.0
yf_ZS=F_d7;13400;ASH_COATED_OSMIUM;9925;12;9922;21;;;9931;8;9933;24;;;9928.0;0.0
yf_ZS=F_d7;13400;INTARIAN_PEPPER_ROOT;12052;6;12048;18;;;12058;10;12061;24;;;12055.0;0.0
yf_ZS=F_d7;13500;ASH_COATED_OSMIUM;9925;14;9923;22;;;9931;14;9933;21;;;9928.0;0.0
yf_ZS=F_d7;13500;INTARIAN_PEPPER_ROOT;12052;16;12048;24;;;12058;16;12061;22;;;12055.0;0.0
yf_ZS=F_d7;13600;ASH_COATED_OSMIUM;9920;16;9917;18;;;9937;8;9941;19;;;9928.5;0.0
yf_ZS=F_d7;13600;INTARIAN_PEPPER_ROOT;12049;12;12047;12;;;12061;7;12065;18;;;12055.0;0.0
yf_ZS=F_d7;13700;ASH_COATED_OSMIUM;9923;5;9919;17;;;9933;10;9935;17;;;9928.0;0.0
yf_ZS=F_d7;13700;INTARIAN_PEPPER_ROOT;12053;16;12051;14;;;12059;19;12062;30;;;12056.0;0.0
yf_ZS=F_d7;13800;ASH_COATED_OSMIUM;9921;11;9917;15;;;9937;20;9941;20;;;9929.0;0.0
yf_ZS=F_d7;13800;INTARIAN_PEPPER_ROOT;12049;13;12047;15;;;12064;14;12068;13;;;12056.5;0.0
yf_ZS=F_d7;13900;ASH_COATED_OSMIUM;9925;13;9921;8;;;9931;14;9934;21;;;9928.0;0.0
yf_ZS=F_d7;13900;INTARIAN_PEPPER_ROOT;12054;24;12051;20;;;12060;17;12064;20;;;12057.0;0.0
yf_ZS=F_d7;14000;ASH_COATED_OSMIUM;9922;15;9920;15;;;9935;20;9938;22;;;9928.5;0.0
yf_ZS=F_d7;14000;INTARIAN_PEPPER_ROOT;12045;9;12041;11;;;12070;19;12074;23;;;12057.5;0.0
yf_ZS=F_d7;14100;ASH_COATED_OSMIUM;9925;15;9923;28;;;9931;18;9934;27;;;9928.0;0.0
yf_ZS=F_d7;14100;INTARIAN_PEPPER_ROOT;12055;13;12053;14;;;12061;9;12063;15;;;12058.0;0.0
yf_ZS=F_d7;14200;ASH_COATED_OSMIUM;9925;7;9923;17;;;9931;19;9935;26;;;9928.0;0.0
yf_ZS=F_d7;14200;INTARIAN_PEPPER_ROOT;12054;9;12051;23;;;12064;22;12066;20;;;12059.0;0.0
yf_ZS=F_d7;14300;ASH_COATED_OSMIUM;9926;12;9922;14;;;9932;15;9935;22;;;9929.0;0.0
yf_ZS=F_d7;14300;INTARIAN_PEPPER_ROOT;12054;9;12052;26;;;12064;27;12068;19;;;12059.0;0.0
yf_ZS=F_d7;14400;ASH_COATED_OSMIUM;9926;14;9923;16;;;9932;14;9934;21;;;9929.0;0.0
yf_ZS=F_d7;14400;INTARIAN_PEPPER_ROOT;12056;26;12054;18;;;12062;14;12065;25;;;12059.0;0.0
yf_ZS=F_d7;14500;ASH_COATED_OSMIUM;9925;11;9921;26;;;9931;10;9934;27;;;9928.0;0.0
yf_ZS=F_d7;14500;INTARIAN_PEPPER_ROOT;12053;22;12049;21;;;12067;21;12070;20;;;12060.0;0.0
yf_ZS=F_d7;14600;ASH_COATED_OSMIUM;9925;16;9921;14;;;9931;29;9933;18;;;9928.0;0.0
yf_ZS=F_d7;14600;INTARIAN_PEPPER_ROOT;12058;17;12055;21;;;12064;12;12067;27;;;12061.0;0.0
yf_ZS=F_d7;14700;ASH_COATED_OSMIUM;9925;5;9922;22;;;9931;13;9933;11;;;9928.0;0.0
yf_ZS=F_d7;14700;INTARIAN_PEPPER_ROOT;12050;18;12048;19;;;12074;14;12078;17;;;12062.0;0.0
yf_ZS=F_d7;14800;ASH_COATED_OSMIUM;9925;11;9921;19;;;9931;8;9933;16;;;9928.0;0.0
yf_ZS=F_d7;14800;INTARIAN_PEPPER_ROOT;12045;20;12041;19;;;12078;15;12080;27;;;12061.5;0.0
yf_ZS=F_d7;14900;ASH_COATED_OSMIUM;9925;16;9921;27;;;9931;21;9934;24;;;9928.0;0.0
yf_ZS=F_d7;14900;INTARIAN_PEPPER_ROOT;12059;17;12055;26;;;12065;15;12069;27;;;12062.0;0.0
yf_ZS=F_d7;15000;ASH_COATED_OSMIUM;9925;6;9922;23;;;9931;10;9933;24;;;9928.0;0.0
yf_ZS=F_d7;15000;INTARIAN_PEPPER_ROOT;12045;12;12041;21;;;12079;19;12082;16;;;12062.0;0.0
yf_ZS=F_d7;15100;ASH_COATED_OSMIUM;9926;15;9924;23;;;9932;15;9935;21;;;9929.0;0.0
yf_ZS=F_d7;15100;INTARIAN_PEPPER_ROOT;12060;19;12057;19;;;12066;12;12069;21;;;12063.0;0.0
yf_ZS=F_d7;15200;ASH_COATED_OSMIUM;9924;8;9921;23;;;9933;17;9937;22;;;9928.5;0.0
yf_ZS=F_d7;15200;INTARIAN_PEPPER_ROOT;12060;16;12057;21;;;12066;12;12070;24;;;12063.0;0.0
yf_ZS=F_d7;15300;ASH_COATED_OSMIUM;9924;18;9922;29;;;9933;6;9936;20;;;9928.5;0.0
yf_ZS=F_d7;15300;INTARIAN_PEPPER_ROOT;12060;8;12057;24;;;12068;16;12071;18;;;12064.0;0.0
yf_ZS=F_d7;15400;ASH_COATED_OSMIUM;9926;21;9923;13;;;9932;13;9936;20;;;9929.0;0.0
yf_ZS=F_d7;15400;INTARIAN_PEPPER_ROOT;12062;7;12058;31;;;12068;18;12072;28;;;12065.0;0.0
yf_ZS=F_d7;15500;ASH_COATED_OSMIUM;9925;8;9922;19;;;9931;12;9933;28;;;9928.0;0.0
yf_ZS=F_d7;15500;INTARIAN_PEPPER_ROOT;12058;16;12055;22;;;12073;18;12076;25;;;12065.5;0.0
yf_ZS=F_d7;15600;ASH_COATED_OSMIUM;9925;23;9923;13;;;9931;6;9934;19;;;9928.0;0.0
yf_ZS=F_d7;15600;INTARIAN_PEPPER_ROOT;12061;15;12058;25;;;12070;16;12073;18;;;12065.5;0.0
yf_ZS=F_d7;15700;ASH_COATED_OSMIUM;9926;22;9922;21;;;9932;13;9936;25;;;9929.0;0.0
yf_ZS=F_d7;15700;INTARIAN_PEPPER_ROOT;12063;8;12060;26;;;12069;9;12072;19;;;12066.0;0.0
yf_ZS=F_d7;15800;ASH_COATED_OSMIUM;9920;10;9917;22;;;9937;17;9939;17;;;9928.5;0.0
yf_ZS=F_d7;15800;INTARIAN_PEPPER_ROOT;12059;12;12056;28;;;12074;5;12076;18;;;12066.5;0.0
yf_ZS=F_d7;15900;ASH_COATED_OSMIUM;9926;20;9922;18;;;9932;16;9934;22;;;9929.0;0.0
yf_ZS=F_d7;15900;INTARIAN_PEPPER_ROOT;12057;14;12055;22;;;12076;9;12078;22;;;12066.5;0.0
yf_ZS=F_d7;16000;ASH_COATED_OSMIUM;9925;8;9921;17;;;9931;12;9933;8;;;9928.0;0.0
yf_ZS=F_d7;16000;INTARIAN_PEPPER_ROOT;12065;27;12062;13;;;12071;18;12074;22;;;12068.0;0.0
yf_ZS=F_d7;16100;ASH_COATED_OSMIUM;9925;10;9923;27;;;9931;7;9935;16;;;9928.0;0.0
yf_ZS=F_d7;16100;INTARIAN_PEPPER_ROOT;12065;14;12062;18;;;12072;10;12074;21;;;12068.5;0.0
yf_ZS=F_d7;16200;ASH_COATED_OSMIUM;9925;25;9922;21;;;9931;13;9933;19;;;9928.0;0.0
yf_ZS=F_d7;16200;INTARIAN_PEPPER_ROOT;12065;12;12063;26;;;12071;15;12073;22;;;12068.0;0.0
yf_ZS=F_d7;16300;ASH_COATED_OSMIUM;9922;18;9920;25;;;9936;14;9939;13;;;9929.0;0.0
yf_ZS=F_d7;16300;INTARIAN_PEPPER_ROOT;12062;12;12060;35;;;12077;23;12081;21;;;12069.5;0.0
yf_ZS=F_d7;16400;ASH_COATED_OSMIUM;9911;20;9908;12;;;9945;5;9948;23;;;9928.0;0.0
yf_ZS=F_d7;16400;INTARIAN_PEPPER_ROOT;12059;15;12055;24;;;12079;20;12081;12;;;12069.0;0.0
yf_ZS=F_d7;16500;ASH_COATED_OSMIUM;9926;18;9924;24;;;9932;14;9936;21;;;9929.0;0.0
yf_ZS=F_d7;16500;INTARIAN_PEPPER_ROOT;12067;16;12065;14;;;12073;20;12076;24;;;12070.0;0.0
yf_ZS=F_d7;16600;ASH_COATED_OSMIUM;9926;12;9922;11;;;9932;9;9934;27;;;9929.0;0.0
yf_ZS=F_d7;16600;INTARIAN_PEPPER_ROOT;12068;16;12066;16;;;12074;19;12078;25;;;12071.0;0.0
yf_ZS=F_d7;16700;ASH_COATED_OSMIUM;9926;14;9924;25;;;9932;20;9935;20;;;9929.0;0.0
yf_ZS=F_d7;16700;INTARIAN_PEPPER_ROOT;12068;7;12064;16;;;12074;17;12076;18;;;12071.0;0.0
yf_ZS=F_d7;16800;ASH_COATED_OSMIUM;9925;6;9922;18;;;9931;11;9934;11;;;9928.0;0.0
yf_ZS=F_d7;16800;INTARIAN_PEPPER_ROOT;12068;7;12066;9;;;12074;18;12076;30;;;12071.0;0.0
yf_ZS=F_d7;16900;ASH_COATED_OSMIUM;9920;17;9916;23;;;9937;14;9941;13;;;9928.5;0.0
yf_ZS=F_d7;16900;INTARIAN_PEPPER_ROOT;12068;19;12066;33;;;12074;10;12078;19;;;12071.0;0.0
yf_ZS=F_d7;17000;ASH_COATED_OSMIUM;9923;16;9920;21;;;9934;15;9938;15;;;9928.5;0.0
yf_ZS=F_d7;17000;INTARIAN_PEPPER_ROOT;12069;21;12065;25;;;12075;14;12078;22;;;12072.0;0.0
yf_ZS=F_d7;17100;ASH_COATED_OSMIUM;9918;20;9915;27;;;9938;11;9942;13;;;9928.0;0.0
yf_ZS=F_d7;17100;INTARIAN_PEPPER_ROOT;12064;16;12062;18;;;12077;9;12081;19;;;12070.5;0.0
yf_ZS=F_d7;17200;ASH_COATED_OSMIUM;9926;14;9923;16;;;9932;12;9935;19;;;9929.0;0.0
yf_ZS=F_d7;17200;INTARIAN_PEPPER_ROOT;12066;16;12062;24;;;12072;5;12075;23;;;12069.0;0.0
yf_ZS=F_d7;17300;ASH_COATED_OSMIUM;9918;12;9915;20;;;9939;18;9942;20;;;9928.5;0.0
yf_ZS=F_d7;17300;INTARIAN_PEPPER_ROOT;12062;7;12058;24;;;12074;9;12077;23;;;12068.0;0.0
yf_ZS=F_d7;17400;ASH_COATED_OSMIUM;9926;22;9924;17;;;9932;12;9936;24;;;9929.0;0.0
yf_ZS=F_d7;17400;INTARIAN_PEPPER_ROOT;12063;8;12059;21;;;12069;24;12073;27;;;12066.0;0.0
yf_ZS=F_d7;17500;ASH_COATED_OSMIUM;9925;12;9923;15;;;9931;12;9934;18;;;9928.0;0.0
yf_ZS=F_d7;17500;INTARIAN_PEPPER_ROOT;12062;18;12058;23;;;12068;18;12071;9;;;12065.0;0.0
yf_ZS=F_d7;17600;ASH_COATED_OSMIUM;9921;13;9918;15;;;9938;7;9942;17;;;9929.5;0.0
yf_ZS=F_d7;17600;INTARIAN_PEPPER_ROOT;12060;12;12057;23;;;12068;22;12070;20;;;12064.0;0.0
yf_ZS=F_d7;17700;ASH_COATED_OSMIUM;9926;8;9924;30;;;9932;14;9934;15;;;9929.0;0.0
yf_ZS=F_d7;17700;INTARIAN_PEPPER_ROOT;12059;18;12057;26;;;12065;10;12068;23;;;12062.0;0.0
yf_ZS=F_d7;17800;ASH_COATED_OSMIUM;9924;17;9920;26;;;9933;10;9935;18;;;9928.5;0.0
yf_ZS=F_d7;17800;INTARIAN_PEPPER_ROOT;12058;9;12056;13;;;12064;17;12067;22;;;12061.0;0.0
yf_ZS=F_d7;17900;ASH_COATED_OSMIUM;9925;18;9922;14;;;9931;15;9935;15;;;9928.0;0.0
yf_ZS=F_d7;17900;INTARIAN_PEPPER_ROOT;12055;15;12051;20;;;12063;19;12065;15;;;12059.0;0.0
yf_ZS=F_d7;18000;ASH_COATED_OSMIUM;9925;15;9921;8;;;9931;19;9933;15;;;9928.0;0.0
yf_ZS=F_d7;18000;INTARIAN_PEPPER_ROOT;12054;14;12052;21;;;12063;23;12065;17;;;12058.5;0.0
yf_ZS=F_d7;18100;ASH_COATED_OSMIUM;9922;17;9919;19;;;9934;19;9938;22;;;9928.0;0.0
yf_ZS=F_d7;18100;INTARIAN_PEPPER_ROOT;12054;12;12052;26;;;12060;14;12064;22;;;12057.0;0.0
yf_ZS=F_d7;18200;ASH_COATED_OSMIUM;9922;12;9920;27;;;9935;17;9937;17;;;9928.5;0.0
yf_ZS=F_d7;18200;INTARIAN_PEPPER_ROOT;12052;15;12048;21;;;12058;17;12060;21;;;12055.0;0.0
yf_ZS=F_d7;18300;ASH_COATED_OSMIUM;9925;19;9923;24;;;9931;22;9935;14;;;9928.0;0.0
yf_ZS=F_d7;18300;INTARIAN_PEPPER_ROOT;12051;26;12047;16;;;12057;14;12060;16;;;12054.0;0.0
yf_ZS=F_d7;18400;ASH_COATED_OSMIUM;9917;25;9913;22;;;9939;13;9943;8;;;9928.0;0.0
yf_ZS=F_d7;18400;INTARIAN_PEPPER_ROOT;12050;15;12047;20;;;12056;21;12059;17;;;12053.0;0.0
yf_ZS=F_d7;18500;ASH_COATED_OSMIUM;9926;15;9922;17;;;9932;13;9935;15;;;9929.0;0.0
yf_ZS=F_d7;18500;INTARIAN_PEPPER_ROOT;12036;13;12032;20;;;12068;17;12071;15;;;12052.0;0.0
yf_ZS=F_d7;18600;ASH_COATED_OSMIUM;9925;15;9922;17;;;9933;10;9936;28;;;9929.0;0.0
yf_ZS=F_d7;18600;INTARIAN_PEPPER_ROOT;12047;19;12043;16;;;12053;23;12055;19;;;12050.0;0.0
yf_ZS=F_d7;18700;ASH_COATED_OSMIUM;9925;13;9921;21;;;9932;21;9936;16;;;9928.5;0.0
yf_ZS=F_d7;18700;INTARIAN_PEPPER_ROOT;12046;5;12043;27;;;12052;10;12056;14;;;12049.0;0.0
yf_ZS=F_d7;18800;ASH_COATED_OSMIUM;9925;17;9923;14;;;9931;19;9933;12;;;9928.0;0.0
yf_ZS=F_d7;18800;INTARIAN_PEPPER_ROOT;12044;22;12041;21;;;12050;25;12052;19;;;12047.0;0.0
yf_ZS=F_d7;18900;ASH_COATED_OSMIUM;9926;11;9924;26;;;9932;21;9934;31;;;9929.0;0.0
yf_ZS=F_d7;18900;INTARIAN_PEPPER_ROOT;12043;19;12040;16;;;12049;20;12052;17;;;12046.0;0.0
yf_ZS=F_d7;19000;ASH_COATED_OSMIUM;9925;19;9923;26;;;9934;13;9936;18;;;9929.5;0.0
yf_ZS=F_d7;19000;INTARIAN_PEPPER_ROOT;12042;5;12039;19;;;12048;16;12050;15;;;12045.0;0.0
yf_ZS=F_d7;19100;ASH_COATED_OSMIUM;9925;19;9921;24;;;9931;16;9933;17;;;9928.0;0.0
yf_ZS=F_d7;19100;INTARIAN_PEPPER_ROOT;12040;9;12038;18;;;12046;15;12048;24;;;12043.0;0.0
yf_ZS=F_d7;19200;ASH_COATED_OSMIUM;9920;20;9917;28;;;9938;9;9941;17;;;9929.0;0.0
yf_ZS=F_d7;19200;INTARIAN_PEPPER_ROOT;12039;15;12035;18;;;12045;17;12048;16;;;12042.0;0.0
yf_ZS=F_d7;19300;ASH_COATED_OSMIUM;9925;14;9922;16;;;9932;16;9934;14;;;9928.5;0.0
yf_ZS=F_d7;19300;INTARIAN_PEPPER_ROOT;12033;19;12031;19;;;12048;12;12051;18;;;12040.5;0.0
yf_ZS=F_d7;19400;ASH_COATED_OSMIUM;9925;14;9923;17;;;9931;8;9935;21;;;9928.0;0.0
yf_ZS=F_d7;19400;INTARIAN_PEPPER_ROOT;12029;13;12027;15;;;12049;13;12053;8;;;12039.0;0.0
yf_ZS=F_d7;19500;ASH_COATED_OSMIUM;9926;10;9924;34;;;9932;18;9935;18;;;9929.0;0.0
yf_ZS=F_d7;19500;INTARIAN_PEPPER_ROOT;12035;14;12033;24;;;12041;11;12044;22;;;12038.0;0.0
yf_ZS=F_d7;19600;ASH_COATED_OSMIUM;9925;14;9921;16;;;9932;18;9936;22;;;9928.5;0.0
yf_ZS=F_d7;19600;INTARIAN_PEPPER_ROOT;12033;18;12030;21;;;12041;16;12043;13;;;12037.0;0.0
yf_ZS=F_d7;19700;ASH_COATED_OSMIUM;9922;18;9918;22;;;9936;12;9940;18;;;9929.0;0.0
yf_ZS=F_d7;19700;INTARIAN_PEPPER_ROOT;12032;9;12029;17;;;12038;13;12041;19;;;12035.0;0.0
yf_ZS=F_d7;19800;ASH_COATED_OSMIUM;9926;11;9924;20;;;9932;10;9934;24;;;9929.0;0.0
yf_ZS=F_d7;19800;INTARIAN_PEPPER_ROOT;12029;17;12027;16;;;12040;16;12043;18;;;12034.5;0.0
yf_ZS=F_d7;19900;ASH_COATED_OSMIUM;9915;22;9912;28;;;9942;16;9944;23;;;9928.5;0.0
yf_ZS=F_d7;19900;INTARIAN_PEPPER_ROOT;12023;19;12021;15;;;12042;13;12046;19;;;12032.5;0.0
yf_ZS=F_d7;20000;ASH_COATED_OSMIUM;9919;18;9916;31;;;9937;9;9939;19;;;9928.0;0.0
yf_ZS=F_d7;20000;INTARIAN_PEPPER_ROOT;12028;9;12026;21;;;12034;5;12038;13;;;12031.0;0.0
yf_ZS=F_d7;20100;ASH_COATED_OSMIUM;9925;16;9922;18;;;9931;16;9935;14;;;9928.0;0.0
yf_ZS=F_d7;20100;INTARIAN_PEPPER_ROOT;12027;11;12025;25;;;12033;12;12036;24;;;12030.0;0.0
yf_ZS=F_d7;20200;ASH_COATED_OSMIUM;9917;11;9913;22;;;9940;12;9942;10;;;9928.5;0.0
yf_ZS=F_d7;20200;INTARIAN_PEPPER_ROOT;12017;19;12015;25;;;12041;13;12043;22;;;12029.0;0.0
yf_ZS=F_d7;20300;ASH_COATED_OSMIUM;9926;14;9924;24;;;9932;15;9934;22;;;9929.0;0.0
yf_ZS=F_d7;20300;INTARIAN_PEPPER_ROOT;12018;13;12014;14;;;12036;14;12040;26;;;12027.0;0.0
yf_ZS=F_d7;20400;ASH_COATED_OSMIUM;9926;16;9923;20;;;9932;15;9935;29;;;9929.0;0.0
yf_ZS=F_d7;20400;INTARIAN_PEPPER_ROOT;12021;15;12018;20;;;12030;14;12033;13;;;12025.5;0.0
yf_ZS=F_d7;20500;ASH_COATED_OSMIUM;9926;22;9922;18;;;9932;15;9936;19;;;9929.0;0.0
yf_ZS=F_d7;20500;INTARIAN_PEPPER_ROOT;12022;15;12020;18;;;12028;18;12031;15;;;12025.0;0.0
yf_ZS=F_d7;20600;ASH_COATED_OSMIUM;9915;19;9911;10;;;9942;12;9944;16;;;9928.5;0.0
yf_ZS=F_d7;20600;INTARIAN_PEPPER_ROOT;12016;5;12014;17;;;12030;15;12033;11;;;12023.0;0.0
yf_ZS=F_d7;20700;ASH_COATED_OSMIUM;9924;18;9922;19;;;9932;20;9934;22;;;9928.0;0.0
yf_ZS=F_d7;20700;INTARIAN_PEPPER_ROOT;12019;17;12016;20;;;12025;10;12027;15;;;12022.0;0.0
yf_ZS=F_d7;20800;ASH_COATED_OSMIUM;9920;20;9918;19;;;9938;14;9942;26;;;9929.0;0.0
yf_ZS=F_d7;20800;INTARIAN_PEPPER_ROOT;12018;9;12014;27;;;12024;16;12026;22;;;12021.0;0.0
yf_ZS=F_d7;20900;ASH_COATED_OSMIUM;9924;23;9920;17;;;9934;8;9936;22;;;9929.0;0.0
yf_ZS=F_d7;20900;INTARIAN_PEPPER_ROOT;12010;17;12007;14;;;12027;6;12031;11;;;12018.5;0.0
yf_ZS=F_d7;21000;ASH_COATED_OSMIUM;9926;14;9922;20;;;9932;20;9934;20;;;9929.0;0.0
yf_ZS=F_d7;21000;INTARIAN_PEPPER_ROOT;12015;8;12013;18;;;12021;13;12023;14;;;12018.0;0.0
yf_ZS=F_d7;21100;ASH_COATED_OSMIUM;9925;20;9923;25;;;9931;11;9933;19;;;9928.0;0.0
yf_ZS=F_d7;21100;INTARIAN_PEPPER_ROOT;12011;16;12007;18;;;12020;10;12023;21;;;12015.5;0.0
yf_ZS=F_d7;21200;ASH_COATED_OSMIUM;9923;14;9920;18;;;9934;13;9936;18;;;9928.5;0.0
yf_ZS=F_d7;21200;INTARIAN_PEPPER_ROOT;12011;5;12009;24;;;12017;21;12020;23;;;12014.0;0.0
yf_ZS=F_d7;21300;ASH_COATED_OSMIUM;9926;17;9922;18;;;9932;11;9935;20;;;9929.0;0.0
yf_ZS=F_d7;21300;INTARIAN_PEPPER_ROOT;12010;11;12007;15;;;12017;16;12021;8;;;12013.5;0.0
yf_ZS=F_d7;21400;ASH_COATED_OSMIUM;9924;12;9920;25;;;9932;19;9935;13;;;9928.0;0.0
yf_ZS=F_d7;21400;INTARIAN_PEPPER_ROOT;12009;13;12007;20;;;12015;24;12017;17;;;12012.0;0.0
yf_ZS=F_d7;21500;ASH_COATED_OSMIUM;9925;10;9923;20;;;9931;19;9935;13;;;9928.0;0.0
yf_ZS=F_d7;21500;INTARIAN_PEPPER_ROOT;12009;21;12007;22;;;12015;17;12017;20;;;12012.0;0.0
yf_ZS=F_d7;21600;ASH_COATED_OSMIUM;9926;17;9922;10;;;9932;17;9935;18;;;9929.0;0.0
yf_ZS=F_d7;21600;INTARIAN_PEPPER_ROOT;12005;14;12002;19;;;12013;17;12016;18;;;12009.0;0.0
yf_ZS=F_d7;21700;ASH_COATED_OSMIUM;9922;21;9918;26;;;9934;16;9936;21;;;9928.0;0.0
yf_ZS=F_d7;21700;INTARIAN_PEPPER_ROOT;12005;16;12002;20;;;12011;21;12013;23;;;12008.0;0.0
yf_ZS=F_d7;21800;ASH_COATED_OSMIUM;9913;11;9909;21;;;9944;16;9947;29;;;9928.5;0.0
yf_ZS=F_d7;21800;INTARIAN_PEPPER_ROOT;12004;15;12000;17;;;12010;17;12014;22;;;12007.0;0.0
yf_ZS=F_d7;21900;ASH_COATED_OSMIUM;9918;13;9916;16;;;9938;13;9942;24;;;9928.0;0.0
yf_ZS=F_d7;21900;INTARIAN_PEPPER_ROOT;11998;19;11994;21;;;12012;18;12015;20;;;12005.0;0.0
yf_ZS=F_d7;22000;ASH_COATED_OSMIUM;9925;19;9922;25;;;9931;9;9934;26;;;9928.0;0.0
yf_ZS=F_d7;22000;INTARIAN_PEPPER_ROOT;11995;14;11992;17;;;12013;22;12016;15;;;12004.0;0.0
yf_ZS=F_d7;22100;ASH_COATED_OSMIUM;9924;15;9921;15;;;9934;16;9937;18;;;9929.0;0.0
yf_ZS=F_d7;22100;INTARIAN_PEPPER_ROOT;12000;16;11997;29;;;12006;18;12010;14;;;12003.0;0.0
yf_ZS=F_d7;22200;ASH_COATED_OSMIUM;9925;16;9923;12;;;9931;14;9933;15;;;9928.0;0.0
yf_ZS=F_d7;22200;INTARIAN_PEPPER_ROOT;11999;21;11995;18;;;12005;7;12008;26;;;12002.0;0.0
yf_ZS=F_d7;22300;ASH_COATED_OSMIUM;9925;20;9921;14;;;9933;8;9937;23;;;9929.0;0.0
yf_ZS=F_d7;22300;INTARIAN_PEPPER_ROOT;11990;20;11986;24;;;12011;23;12015;18;;;12000.5;0.0
yf_ZS=F_d7;22400;ASH_COATED_OSMIUM;9925;16;9923;23;;;9933;11;9937;20;;;9929.0;0.0
yf_ZS=F_d7;22400;INTARIAN_PEPPER_ROOT;11996;7;11994;8;;;12002;26;12004;17;;;11999.0;0.0
yf_ZS=F_d7;22500;ASH_COATED_OSMIUM;9919;14;9916;11;;;9937;17;9941;18;;;9928.0;0.0
yf_ZS=F_d7;22500;INTARIAN_PEPPER_ROOT;11991;5;11988;23;;;12004;13;12008;14;;;11997.5;0.0
yf_ZS=F_d7;22600;ASH_COATED_OSMIUM;9926;17;9923;17;;;9932;10;9936;19;;;9929.0;0.0
yf_ZS=F_d7;22600;INTARIAN_PEPPER_ROOT;11993;10;11990;18;;;11999;18;12001;22;;;11996.0;0.0
yf_ZS=F_d7;22700;ASH_COATED_OSMIUM;9926;16;9924;16;;;9932;14;9935;16;;;9929.0;0.0
yf_ZS=F_d7;22700;INTARIAN_PEPPER_ROOT;11992;12;11989;11;;;11998;12;12002;21;;;11995.0;0.0
yf_ZS=F_d7;22800;ASH_COATED_OSMIUM;9926;11;9922;27;;;9932;15;9935;12;;;9929.0;0.0
yf_ZS=F_d7;22800;INTARIAN_PEPPER_ROOT;11986;5;11982;11;;;12002;15;12004;19;;;11994.0;0.0
yf_ZS=F_d7;22900;ASH_COATED_OSMIUM;9925;13;9923;18;;;9931;13;9933;14;;;9928.0;0.0
yf_ZS=F_d7;22900;INTARIAN_PEPPER_ROOT;11976;12;11972;21;;;12009;19;12011;22;;;11992.5;0.0
yf_ZS=F_d7;23000;ASH_COATED_OSMIUM;9925;22;9922;24;;;9931;23;9934;22;;;9928.0;0.0
yf_ZS=F_d7;23000;INTARIAN_PEPPER_ROOT;11981;18;11978;24;;;12002;17;12006;19;;;11991.5;0.0
yf_ZS=F_d7;23100;ASH_COATED_OSMIUM;9925;20;9921;22;;;9931;19;9934;18;;;9928.0;0.0
yf_ZS=F_d7;23100;INTARIAN_PEPPER_ROOT;11987;13;11984;11;;;11993;14;11997;21;;;11990.0;0.0
yf_ZS=F_d7;23200;ASH_COATED_OSMIUM;9926;17;9922;12;;;9932;20;9936;28;;;9929.0;0.0
yf_ZS=F_d7;23200;INTARIAN_PEPPER_ROOT;11985;8;11983;18;;;11991;15;11994;26;;;11988.0;0.0
yf_ZS=F_d7;23300;ASH_COATED_OSMIUM;9925;18;9923;19;;;9932;21;9936;14;;;9928.5;0.0
yf_ZS=F_d7;23300;INTARIAN_PEPPER_ROOT;11981;8;11978;12;;;11992;10;11995;24;;;11986.5;0.0
yf_ZS=F_d7;23400;ASH_COATED_OSMIUM;9926;7;9924;20;;;9932;5;9936;21;;;9929.0;0.0
yf_ZS=F_d7;23400;INTARIAN_PEPPER_ROOT;11983;12;11981;32;;;11989;5;11991;24;;;11986.0;0.0
yf_ZS=F_d7;23500;ASH_COATED_OSMIUM;9919;21;9916;9;;;9939;18;9943;28;;;9929.0;0.0
yf_ZS=F_d7;23500;INTARIAN_PEPPER_ROOT;11981;17;11978;19;;;11987;15;11990;15;;;11984.0;0.0
yf_ZS=F_d7;23600;ASH_COATED_OSMIUM;9926;15;9924;23;;;9932;18;9935;21;;;9929.0;0.0
yf_ZS=F_d7;23600;INTARIAN_PEPPER_ROOT;11973;20;11971;28;;;11992;25;11995;21;;;11982.5;0.0
yf_ZS=F_d7;23700;ASH_COATED_OSMIUM;9923;13;9921;13;;;9935;18;9939;28;;;9929.0;0.0
yf_ZS=F_d7;23700;INTARIAN_PEPPER_ROOT;11978;5;11976;28;;;11984;10;11987;21;;;11981.0;0.0
yf_ZS=F_d7;23800;ASH_COATED_OSMIUM;9926;5;9922;21;;;9932;14;9936;17;;;9929.0;0.0
yf_ZS=F_d7;23800;INTARIAN_PEPPER_ROOT;11977;9;11974;11;;;11983;12;11985;26;;;11980.0;0.0
yf_ZS=F_d7;23900;ASH_COATED_OSMIUM;9926;15;9923;20;;;9932;14;9935;14;;;9929.0;0.0
yf_ZS=F_d7;23900;INTARIAN_PEPPER_ROOT;11976;19;11972;21;;;11982;18;11984;14;;;11979.0;0.0
yf_ZS=F_d7;24000;ASH_COATED_OSMIUM;9926;15;9924;18;;;9932;13;9935;12;;;9929.0;0.0
yf_ZS=F_d7;24000;INTARIAN_PEPPER_ROOT;11975;10;11972;15;;;11981;26;11983;22;;;11978.0;0.0
yf_ZS=F_d7;24100;ASH_COATED_OSMIUM;9926;14;9922;18;;;9932;11;9935;26;;;9929.0;0.0
yf_ZS=F_d7;24100;INTARIAN_PEPPER_ROOT;11972;18;11968;16;;;11980;13;11982;21;;;11976.0;0.0
yf_ZS=F_d7;24200;ASH_COATED_OSMIUM;9925;5;9923;18;;;9931;7;9935;30;;;9928.0;0.0
yf_ZS=F_d7;24200;INTARIAN_PEPPER_ROOT;11971;15;11967;19;;;11979;12;11981;18;;;11975.0;0.0
yf_ZS=F_d7;24300;ASH_COATED_OSMIUM;9919;13;9916;24;;;9939;16;9942;23;;;9929.0;0.0
yf_ZS=F_d7;24300;INTARIAN_PEPPER_ROOT;11971;13;11969;19;;;11977;13;11981;16;;;11974.0;0.0
yf_ZS=F_d7;24400;ASH_COATED_OSMIUM;9925;14;9921;20;;;9931;16;9933;15;;;9928.0;0.0
yf_ZS=F_d7;24400;INTARIAN_PEPPER_ROOT;11969;12;11965;17;;;11975;18;11979;22;;;11972.0;0.0
yf_ZS=F_d7;24500;ASH_COATED_OSMIUM;9926;19;9922;20;;;9932;14;9935;19;;;9929.0;0.0
yf_ZS=F_d7;24500;INTARIAN_PEPPER_ROOT;11966;15;11962;22;;;11977;18;11981;26;;;11971.5;0.0
yf_ZS=F_d7;24600;ASH_COATED_OSMIUM;9926;14;9922;16;;;9932;5;9935;11;;;9929.0;0.0
yf_ZS=F_d7;24600;INTARIAN_PEPPER_ROOT;11967;5;11964;20;;;11973;7;11976;12;;;11970.0;0.0
yf_ZS=F_d7;24700;ASH_COATED_OSMIUM;9922;15;9920;25;;;9936;22;9939;10;;;9929.0;0.0
yf_ZS=F_d7;24700;INTARIAN_PEPPER_ROOT;11966;18;11962;14;;;11972;18;11974;12;;;11969.0;0.0
yf_ZS=F_d7;24800;ASH_COATED_OSMIUM;9926;16;9922;17;;;9932;16;9935;19;;;9929.0;0.0
yf_ZS=F_d7;24800;INTARIAN_PEPPER_ROOT;11959;13;11957;22;;;11974;19;11977;23;;;11966.5;0.0
yf_ZS=F_d7;24900;ASH_COATED_OSMIUM;9926;13;9922;30;;;9932;14;9934;26;;;9929.0;0.0
yf_ZS=F_d7;24900;INTARIAN_PEPPER_ROOT;11959;10;11956;25;;;11971;25;11973;18;;;11965.0;0.0
yf_ZS=F_d7;25000;ASH_COATED_OSMIUM;9912;11;9908;16;;;9947;17;9949;17;;;9929.5;0.0
yf_ZS=F_d7;25000;INTARIAN_PEPPER_ROOT;11961;16;11959;18;;;11967;18;11971;28;;;11964.0;0.0
yf_ZS=F_d7;25100;ASH_COATED_OSMIUM;9926;15;9924;18;;;9932;16;9934;15;;;9929.0;0.0
yf_ZS=F_d7;25100;INTARIAN_PEPPER_ROOT;11960;15;11956;20;;;11966;6;11968;27;;;11963.0;0.0
yf_ZS=F_d7;25200;ASH_COATED_OSMIUM;9924;15;9922;30;;;9933;13;9935;24;;;9928.5;0.0
yf_ZS=F_d7;25200;INTARIAN_PEPPER_ROOT;11958;9;11954;27;;;11964;22;11967;17;;;11961.0;0.0
yf_ZS=F_d7;25300;ASH_COATED_OSMIUM;9926;15;9923;16;;;9932;22;9934;11;;;9929.0;0.0
yf_ZS=F_d7;25300;INTARIAN_PEPPER_ROOT;11957;12;11953;20;;;11963;10;11967;16;;;11960.0;0.0
yf_ZS=F_d7;25400;ASH_COATED_OSMIUM;9919;16;9916;17;;;9938;12;9942;18;;;9928.5;0.0
yf_ZS=F_d7;25400;INTARIAN_PEPPER_ROOT;11956;15;11952;20;;;11962;14;11965;17;;;11959.0;0.0
yf_ZS=F_d7;25500;ASH_COATED_OSMIUM;9924;11;9921;22;;;9934;10;9937;18;;;9929.0;0.0
yf_ZS=F_d7;25500;INTARIAN_PEPPER_ROOT;11949;15;11947;19;;;11965;8;11968;20;;;11957.0;0.0
yf_ZS=F_d7;25600;ASH_COATED_OSMIUM;9926;8;9923;23;;;9932;14;9936;26;;;9929.0;0.0
yf_ZS=F_d7;25600;INTARIAN_PEPPER_ROOT;11953;21;11950;19;;;11959;7;11963;19;;;11956.0;0.0
yf_ZS=F_d7;25700;ASH_COATED_OSMIUM;9926;15;9923;27;;;9932;17;9936;26;;;9929.0;0.0
yf_ZS=F_d7;25700;INTARIAN_PEPPER_ROOT;11945;13;11942;19;;;11964;12;11967;8;;;11954.5;0.0
yf_ZS=F_d7;25800;ASH_COATED_OSMIUM;9917;8;9913;19;;;9941;18;9944;20;;;9929.0;0.0
yf_ZS=F_d7;25800;INTARIAN_PEPPER_ROOT;11949;5;11947;23;;;11958;11;11962;24;;;11953.5;0.0
yf_ZS=F_d7;25900;ASH_COATED_OSMIUM;9926;15;9922;20;;;9932;20;9935;24;;;9929.0;0.0
yf_ZS=F_d7;25900;INTARIAN_PEPPER_ROOT;11949;15;11946;11;;;11955;7;11957;35;;;11952.0;0.0
yf_ZS=F_d7;26000;ASH_COATED_OSMIUM;9925;13;9922;17;;;9931;15;9934;24;;;9928.0;0.0
yf_ZS=F_d7;26000;INTARIAN_PEPPER_ROOT;11948;7;11944;23;;;11954;14;11957;16;;;11951.0;0.0
yf_ZS=F_d7;26100;ASH_COATED_OSMIUM;9925;11;9923;18;;;9931;13;9934;14;;;9928.0;0.0
yf_ZS=F_d7;26100;INTARIAN_PEPPER_ROOT;11941;15;11938;23;;;11960;5;11962;11;;;11950.5;0.0
yf_ZS=F_d7;26200;ASH_COATED_OSMIUM;9925;16;9921;15;;;9931;15;9933;21;;;9928.0;0.0
yf_ZS=F_d7;26200;INTARIAN_PEPPER_ROOT;11945;13;11943;24;;;11951;16;11955;27;;;11948.0;0.0
yf_ZS=F_d7;26300;ASH_COATED_OSMIUM;9926;16;9922;22;;;9932;18;9936;21;;;9929.0;0.0
yf_ZS=F_d7;26300;INTARIAN_PEPPER_ROOT;11941;13;11938;18;;;11953;9;11957;22;;;11947.0;0.0
yf_ZS=F_d7;26400;ASH_COATED_OSMIUM;9926;8;9924;24;;;9932;19;9936;24;;;9929.0;0.0
yf_ZS=F_d7;26400;INTARIAN_PEPPER_ROOT;11942;17;11940;8;;;11949;12;11952;23;;;11945.5;0.0
yf_ZS=F_d7;26500;ASH_COATED_OSMIUM;9926;11;9923;16;;;9932;5;9934;18;;;9929.0;0.0
yf_ZS=F_d7;26500;INTARIAN_PEPPER_ROOT;11941;17;11939;19;;;11947;19;11951;23;;;11944.0;0.0
yf_ZS=F_d7;26600;ASH_COATED_OSMIUM;9925;5;9922;15;;;9932;12;9934;11;;;9928.5;0.0
yf_ZS=F_d7;26600;INTARIAN_PEPPER_ROOT;11933;7;11930;21;;;11952;11;11955;24;;;11942.5;0.0
yf_ZS=F_d7;26700;ASH_COATED_OSMIUM;9923;19;9919;28;;;9935;15;9939;19;;;9929.0;0.0
yf_ZS=F_d7;26700;INTARIAN_PEPPER_ROOT;11932;15;11928;13;;;11950;12;11953;30;;;11941.0;0.0
yf_ZS=F_d7;26800;ASH_COATED_OSMIUM;9922;17;9919;31;;;9936;12;9938;16;;;9929.0;0.0
yf_ZS=F_d7;26800;INTARIAN_PEPPER_ROOT;11937;15;11934;20;;;11943;12;11947;15;;;11940.0;0.0
yf_ZS=F_d7;26900;ASH_COATED_OSMIUM;9917;8;9913;12;;;9940;12;9944;31;;;9928.5;0.0
yf_ZS=F_d7;26900;INTARIAN_PEPPER_ROOT;11932;9;11930;28;;;11944;14;11947;16;;;11938.0;0.0
yf_ZS=F_d7;27000;ASH_COATED_OSMIUM;9925;16;9922;12;;;9931;8;9934;19;;;9928.0;0.0
yf_ZS=F_d7;27000;INTARIAN_PEPPER_ROOT;11934;18;11931;11;;;11940;20;11943;17;;;11937.0;0.0
yf_ZS=F_d7;27100;ASH_COATED_OSMIUM;9926;18;9924;21;;;9932;11;9936;17;;;9929.0;0.0
yf_ZS=F_d7;27100;INTARIAN_PEPPER_ROOT;11926;5;11923;13;;;11947;16;11949;18;;;11936.5;0.0
yf_ZS=F_d7;27200;ASH_COATED_OSMIUM;9926;7;9922;20;;;9932;7;9934;22;;;9929.0;0.0
yf_ZS=F_d7;27200;INTARIAN_PEPPER_ROOT;11931;10;11928;18;;;11937;22;11941;9;;;11934.0;0.0
yf_ZS=F_d7;27300;ASH_COATED_OSMIUM;9923;6;9919;16;;;9934;12;9937;26;;;9928.5;0.0
yf_ZS=F_d7;27300;INTARIAN_PEPPER_ROOT;11930;15;11927;20;;;11936;12;11938;18;;;11933.0;0.0
yf_ZS=F_d7;27400;ASH_COATED_OSMIUM;9925;8;9922;25;;;9931;16;9935;19;;;9928.0;0.0
yf_ZS=F_d7;27400;INTARIAN_PEPPER_ROOT;11929;19;11925;15;;;11935;16;11937;18;;;11932.0;0.0
yf_ZS=F_d7;27500;ASH_COATED_OSMIUM;9919;18;9916;17;;;9938;19;9940;10;;;9928.5;0.0
yf_ZS=F_d7;27500;INTARIAN_PEPPER_ROOT;11924;5;11922;20;;;11936;9;11938;18;;;11930.0;0.0
yf_ZS=F_d7;27600;ASH_COATED_OSMIUM;9910;16;9906;13;;;9948;11;9952;14;;;9929.0;0.0
yf_ZS=F_d7;27600;INTARIAN_PEPPER_ROOT;11926;16;11924;24;;;11932;9;11935;11;;;11929.0;0.0
yf_ZS=F_d7;27700;ASH_COATED_OSMIUM;9926;19;9923;17;;;9932;8;9936;16;;;9929.0;0.0
yf_ZS=F_d7;27700;INTARIAN_PEPPER_ROOT;11924;16;11920;18;;;11930;17;11932;17;;;11927.0;0.0
yf_ZS=F_d7;27800;ASH_COATED_OSMIUM;9926;6;9922;20;;;9932;24;9934;20;;;9929.0;0.0
yf_ZS=F_d7;27800;INTARIAN_PEPPER_ROOT;11923;11;11920;17;;;11929;16;11932;28;;;11926.0;0.0
yf_ZS=F_d7;27900;ASH_COATED_OSMIUM;9921;11;9918;19;;;9936;13;9940;13;;;9928.5;0.0
yf_ZS=F_d7;27900;INTARIAN_PEPPER_ROOT;11921;17;11917;21;;;11930;15;11933;22;;;11925.5;0.0
yf_ZS=F_d7;28000;ASH_COATED_OSMIUM;9923;24;9919;16;;;9934;16;9937;19;;;9928.5;0.0
yf_ZS=F_d7;28000;INTARIAN_PEPPER_ROOT;11921;26;11917;14;;;11927;10;11930;11;;;11924.0;0.0
yf_ZS=F_d7;28100;ASH_COATED_OSMIUM;9926;17;9923;25;;;9932;11;9934;23;;;9929.0;0.0
yf_ZS=F_d7;28100;INTARIAN_PEPPER_ROOT;11920;7;11917;8;;;11926;23;11929;27;;;11923.0;0.0
yf_ZS=F_d7;28200;ASH_COATED_OSMIUM;9922;16;9920;16;;;9935;18;9938;22;;;9928.5;0.0
yf_ZS=F_d7;28200;INTARIAN_PEPPER_ROOT;11918;17;11914;16;;;11924;8;11928;20;;;11921.0;0.0
yf_ZS=F_d7;28300;ASH_COATED_OSMIUM;9926;15;9922;20;;;9932;11;9935;24;;;9929.0;0.0
yf_ZS=F_d7;28300;INTARIAN_PEPPER_ROOT;11911;22;11908;27;;;11928;13;11932;20;;;11919.5;0.0
yf_ZS=F_d7;28400;ASH_COATED_OSMIUM;9926;12;9924;21;;;9932;18;9934;16;;;9929.0;0.0
yf_ZS=F_d7;28400;INTARIAN_PEPPER_ROOT;11916;13;11914;25;;;11922;18;11926;14;;;11919.0;0.0
yf_ZS=F_d7;28500;ASH_COATED_OSMIUM;9926;18;9923;15;;;9932;10;9935;19;;;9929.0;0.0
yf_ZS=F_d7;28500;INTARIAN_PEPPER_ROOT;11914;20;11912;12;;;11920;14;11922;11;;;11917.0;0.0
yf_ZS=F_d7;28600;ASH_COATED_OSMIUM;9926;20;9923;18;;;9932;10;9935;19;;;9929.0;0.0
yf_ZS=F_d7;28600;INTARIAN_PEPPER_ROOT;11913;8;11909;23;;;11920;20;11923;25;;;11916.5;0.0
yf_ZS=F_d7;28700;ASH_COATED_OSMIUM;9926;11;9924;22;;;9932;7;9935;14;;;9929.0;0.0
yf_ZS=F_d7;28700;INTARIAN_PEPPER_ROOT;11912;22;11910;25;;;11918;17;11922;24;;;11915.0;0.0
yf_ZS=F_d7;28800;ASH_COATED_OSMIUM;9926;22;9923;17;;;9932;14;9934;29;;;9929.0;0.0
yf_ZS=F_d7;28800;INTARIAN_PEPPER_ROOT;11910;18;11907;16;;;11916;14;11919;22;;;11913.0;0.0
yf_ZS=F_d7;28900;ASH_COATED_OSMIUM;9910;15;9906;27;;;9947;7;9950;23;;;9928.5;0.0
yf_ZS=F_d7;28900;INTARIAN_PEPPER_ROOT;11909;18;11905;16;;;11915;12;11919;26;;;11912.0;0.0
yf_ZS=F_d7;29000;ASH_COATED_OSMIUM;9911;5;9908;14;;;9947;13;9951;17;;;9929.0;0.0
yf_ZS=F_d7;29000;INTARIAN_PEPPER_ROOT;11907;17;11903;18;;;11913;14;11916;23;;;11910.0;0.0
yf_ZS=F_d7;29100;ASH_COATED_OSMIUM;9920;13;9916;17;;;9937;16;9939;20;;;9928.5;0.0
yf_ZS=F_d7;29100;INTARIAN_PEPPER_ROOT;11906;12;11903;17;;;11912;18;11915;18;;;11909.0;0.0
yf_ZS=F_d7;29200;ASH_COATED_OSMIUM;9924;7;9922;22;;;9933;14;9935;15;;;9928.5;0.0
yf_ZS=F_d7;29200;INTARIAN_PEPPER_ROOT;11904;13;11901;15;;;11910;8;11914;14;;;11907.0;0.0
yf_ZS=F_d7;29300;ASH_COATED_OSMIUM;9923;5;9921;21;;;9934;11;9937;21;;;9928.5;0.0
yf_ZS=F_d7;29300;INTARIAN_PEPPER_ROOT;11904;14;11901;14;;;11910;14;11914;22;;;11907.0;0.0
yf_ZS=F_d7;29400;ASH_COATED_OSMIUM;9926;13;9922;18;;;9932;7;9936;19;;;9929.0;0.0
yf_ZS=F_d7;29400;INTARIAN_PEPPER_ROOT;11901;13;11897;33;;;11908;7;11910;15;;;11904.5;0.0
yf_ZS=F_d7;29500;ASH_COATED_OSMIUM;9921;22;9918;19;;;9937;19;9941;15;;;9929.0;0.0
yf_ZS=F_d7;29500;INTARIAN_PEPPER_ROOT;11896;12;11894;25;;;11911;18;11914;21;;;11903.5;0.0
yf_ZS=F_d7;29600;ASH_COATED_OSMIUM;9926;22;9922;24;;;9932;10;9936;23;;;9929.0;0.0
yf_ZS=F_d7;29600;INTARIAN_PEPPER_ROOT;11899;12;11897;27;;;11905;14;11909;28;;;11902.0;0.0
yf_ZS=F_d7;29700;ASH_COATED_OSMIUM;9926;15;9923;20;;;9932;18;9936;18;;;9929.0;0.0
yf_ZS=F_d7;29700;INTARIAN_PEPPER_ROOT;11893;24;11890;19;;;11909;17;11911;26;;;11901.0;0.0
yf_ZS=F_d7;29800;ASH_COATED_OSMIUM;9926;18;9924;23;;;9932;21;9934;22;;;9929.0;0.0
yf_ZS=F_d7;29800;INTARIAN_PEPPER_ROOT;11895;20;11893;15;;;11904;24;11908;24;;;11899.5;0.0
yf_ZS=F_d7;29900;ASH_COATED_OSMIUM;9926;12;9922;23;;;9932;7;9934;25;;;9929.0;0.0
yf_ZS=F_d7;29900;INTARIAN_PEPPER_ROOT;11895;12;11892;31;;;11901;15;11904;24;;;11898.0;0.0
yf_ZS=F_d7;30000;ASH_COATED_OSMIUM;9926;12;9922;19;;;9932;11;9935;26;;;9929.0;0.0
yf_ZS=F_d7;30000;INTARIAN_PEPPER_ROOT;11894;13;11892;20;;;11900;16;11902;22;;;11897.0;0.0
yf_ZS=F_d7;30100;ASH_COATED_OSMIUM;9926;11;9922;20;;;9932;23;9934;19;;;9929.0;0.0
yf_ZS=F_d7;30100;INTARIAN_PEPPER_ROOT;11891;15;11887;26;;;11900;5;11903;20;;;11895.5;0.0
yf_ZS=F_d7;30200;ASH_COATED_OSMIUM;9926;20;9923;27;;;9932;12;9934;15;;;9929.0;0.0
yf_ZS=F_d7;30200;INTARIAN_PEPPER_ROOT;11891;16;11888;10;;;11897;15;11900;18;;;11894.0;0.0
yf_ZS=F_d7;30300;ASH_COATED_OSMIUM;9923;14;9921;20;;;9935;24;9939;28;;;9929.0;0.0
yf_ZS=F_d7;30300;INTARIAN_PEPPER_ROOT;11890;12;11886;24;;;11896;15;11898;28;;;11893.0;0.0
yf_ZS=F_d7;30400;ASH_COATED_OSMIUM;9926;16;9924;16;;;9932;8;9934;23;;;9929.0;0.0
yf_ZS=F_d7;30400;INTARIAN_PEPPER_ROOT;11887;16;11884;27;;;11896;17;11898;20;;;11891.5;0.0
yf_ZS=F_d7;30500;ASH_COATED_OSMIUM;9920;6;9916;28;;;9938;12;9942;23;;;9929.0;0.0
yf_ZS=F_d7;30500;INTARIAN_PEPPER_ROOT;11887;16;11885;29;;;11893;23;11897;23;;;11890.0;0.0
yf_ZS=F_d7;30600;ASH_COATED_OSMIUM;9926;14;9924;10;;;9932;20;9936;22;;;9929.0;0.0
yf_ZS=F_d7;30600;INTARIAN_PEPPER_ROOT;11885;14;11883;27;;;11892;14;11894;14;;;11888.5;0.0
yf_ZS=F_d7;30700;ASH_COATED_OSMIUM;9925;23;9921;28;;;9932;23;9936;18;;;9928.5;0.0
yf_ZS=F_d7;30700;INTARIAN_PEPPER_ROOT;11881;15;11879;10;;;11894;5;11897;19;;;11887.5;0.0
yf_ZS=F_d7;30800;ASH_COATED_OSMIUM;9926;6;9924;20;;;9932;23;9935;18;;;9929.0;0.0
yf_ZS=F_d7;30800;INTARIAN_PEPPER_ROOT;11883;21;11879;20;;;11889;16;11891;26;;;11886.0;0.0
yf_ZS=F_d7;30900;ASH_COATED_OSMIUM;9926;16;9922;20;;;9932;22;9935;22;;;9929.0;0.0
yf_ZS=F_d7;30900;INTARIAN_PEPPER_ROOT;11882;7;11880;18;;;11888;23;11892;10;;;11885.0;0.0
yf_ZS=F_d7;31000;ASH_COATED_OSMIUM;9926;8;9922;13;;;9932;16;9934;20;;;9929.0;0.0
yf_ZS=F_d7;31000;INTARIAN_PEPPER_ROOT;11880;17;11877;21;;;11886;8;11889;27;;;11883.0;0.0
yf_ZS=F_d7;31100;ASH_COATED_OSMIUM;9923;20;9921;16;;;9935;17;9938;21;;;9929.0;0.0
yf_ZS=F_d7;31100;INTARIAN_PEPPER_ROOT;11879;18;11876;21;;;11885;18;11888;25;;;11882.0;0.0
yf_ZS=F_d7;31200;ASH_COATED_OSMIUM;9926;16;9923;24;;;9932;20;9935;18;;;9929.0;0.0
yf_ZS=F_d7;31200;INTARIAN_PEPPER_ROOT;11878;16;11875;33;;;11884;15;11886;28;;;11881.0;0.0
yf_ZS=F_d7;31300;ASH_COATED_OSMIUM;9926;6;9924;19;;;9932;15;9935;11;;;9929.0;0.0
yf_ZS=F_d7;31300;INTARIAN_PEPPER_ROOT;11877;13;11873;18;;;11883;10;11886;19;;;11880.0;0.0
yf_ZS=F_d7;31400;ASH_COATED_OSMIUM;9924;6;9922;21;;;9935;20;9938;18;;;9929.5;0.0
yf_ZS=F_d7;31400;INTARIAN_PEPPER_ROOT;11875;21;11873;20;;;11881;15;11884;21;;;11878.0;0.0
yf_ZS=F_d7;31500;ASH_COATED_OSMIUM;9925;8;9922;17;;;9933;14;9935;21;;;9929.0;0.0
yf_ZS=F_d7;31500;INTARIAN_PEPPER_ROOT;11869;22;11867;16;;;11885;16;11888;21;;;11877.0;0.0
yf_ZS=F_d7;31600;ASH_COATED_OSMIUM;9926;9;9923;22;;;9932;7;9935;18;;;9929.0;0.0
yf_ZS=F_d7;31600;INTARIAN_PEPPER_ROOT;11858;10;11854;20;;;11894;24;11898;19;;;11876.0;0.0
yf_ZS=F_d7;31700;ASH_COATED_OSMIUM;9926;9;9922;18;;;9932;22;9935;15;;;9929.0;0.0
yf_ZS=F_d7;31700;INTARIAN_PEPPER_ROOT;11864;18;11860;22;;;11882;13;11886;20;;;11873.0;0.0
yf_ZS=F_d7;31800;ASH_COATED_OSMIUM;9925;16;9922;20;;;9932;12;9935;21;;;9928.5;0.0
yf_ZS=F_d7;31800;INTARIAN_PEPPER_ROOT;11866;13;11862;22;;;11880;14;11883;26;;;11873.0;0.0
yf_ZS=F_d7;31900;ASH_COATED_OSMIUM;9926;23;9923;22;;;9932;9;9934;26;;;9929.0;0.0
yf_ZS=F_d7;31900;INTARIAN_PEPPER_ROOT;11869;14;11867;17;;;11875;12;11877;17;;;11872.0;0.0
yf_ZS=F_d7;32000;ASH_COATED_OSMIUM;9918;17;9915;15;;;9939;10;9943;17;;;9928.5;0.0
yf_ZS=F_d7;32000;INTARIAN_PEPPER_ROOT;11867;12;11865;13;;;11873;5;11876;11;;;11870.0;0.0
yf_ZS=F_d7;32100;ASH_COATED_OSMIUM;9923;18;9920;25;;;9935;8;9937;25;;;9929.0;0.0
yf_ZS=F_d7;32100;INTARIAN_PEPPER_ROOT;11860;9;11858;26;;;11878;14;11880;16;;;11869.0;0.0
yf_ZS=F_d7;32200;ASH_COATED_OSMIUM;9924;14;9921;21;;;9933;9;9936;16;;;9928.5;0.0
yf_ZS=F_d7;32200;INTARIAN_PEPPER_ROOT;11864;13;11861;21;;;11870;5;11874;31;;;11867.0;0.0
yf_ZS=F_d7;32300;ASH_COATED_OSMIUM;9926;13;9922;17;;;9932;24;9934;12;;;9929.0;0.0
yf_ZS=F_d7;32300;INTARIAN_PEPPER_ROOT;11861;12;11859;15;;;11871;13;11875;24;;;11866.0;0.0
yf_ZS=F_d7;32400;ASH_COATED_OSMIUM;9923;12;9921;17;;;9934;11;9936;20;;;9928.5;0.0
yf_ZS=F_d7;32400;INTARIAN_PEPPER_ROOT;11862;13;11859;16;;;11868;18;11871;22;;;11865.0;0.0
yf_ZS=F_d7;32500;ASH_COATED_OSMIUM;9926;28;9922;16;;;9932;13;9934;21;;;9929.0;0.0
yf_ZS=F_d7;32500;INTARIAN_PEPPER_ROOT;11860;10;11856;20;;;11866;27;11868;16;;;11863.0;0.0
yf_ZS=F_d7;32600;ASH_COATED_OSMIUM;9921;16;9917;17;;;9936;11;9939;16;;;9928.5;0.0
yf_ZS=F_d7;32600;INTARIAN_PEPPER_ROOT;11858;12;11854;16;;;11866;19;11870;19;;;11862.0;0.0
yf_ZS=F_d7;32700;ASH_COATED_OSMIUM;9926;13;9924;25;;;9932;12;9936;27;;;9929.0;0.0
yf_ZS=F_d7;32700;INTARIAN_PEPPER_ROOT;11858;12;11854;25;;;11864;14;11867;17;;;11861.0;0.0
yf_ZS=F_d7;32800;ASH_COATED_OSMIUM;9926;6;9923;20;;;9932;13;9934;27;;;9929.0;0.0
yf_ZS=F_d7;32800;INTARIAN_PEPPER_ROOT;11856;8;11852;31;;;11865;16;11867;14;;;11860.5;0.0
yf_ZS=F_d7;32900;ASH_COATED_OSMIUM;9926;5;9922;21;;;9932;21;9935;29;;;9929.0;0.0
yf_ZS=F_d7;32900;INTARIAN_PEPPER_ROOT;11853;16;11851;22;;;11863;18;11867;18;;;11858.0;0.0
yf_ZS=F_d7;33000;ASH_COATED_OSMIUM;9920;17;9918;24;;;9938;13;9942;18;;;9929.0;0.0
yf_ZS=F_d7;33000;INTARIAN_PEPPER_ROOT;11854;17;11850;20;;;11860;19;11864;25;;;11857.0;0.0
yf_ZS=F_d7;33100;ASH_COATED_OSMIUM;9926;20;9922;11;;;9932;22;9936;23;;;9929.0;0.0
yf_ZS=F_d7;33100;INTARIAN_PEPPER_ROOT;11852;13;11849;22;;;11858;28;11861;10;;;11855.0;0.0
yf_ZS=F_d7;33200;ASH_COATED_OSMIUM;9927;16;9924;25;;;9933;13;9936;17;;;9930.0;0.0
yf_ZS=F_d7;33200;INTARIAN_PEPPER_ROOT;11845;21;11841;25;;;11863;17;11865;19;;;11854.0;0.0
yf_ZS=F_d7;33300;ASH_COATED_OSMIUM;9926;22;9924;21;;;9932;16;9936;17;;;9929.0;0.0
yf_ZS=F_d7;33300;INTARIAN_PEPPER_ROOT;11850;15;11848;20;;;11856;22;11860;18;;;11853.0;0.0
yf_ZS=F_d7;33400;ASH_COATED_OSMIUM;9926;16;9923;14;;;9932;9;9936;19;;;9929.0;0.0
yf_ZS=F_d7;33400;INTARIAN_PEPPER_ROOT;11848;20;11844;20;;;11854;7;11856;20;;;11851.0;0.0
yf_ZS=F_d7;33500;ASH_COATED_OSMIUM;9926;15;9924;28;;;9932;9;9934;25;;;9929.0;0.0
yf_ZS=F_d7;33500;INTARIAN_PEPPER_ROOT;11846;6;11844;18;;;11853;26;11855;19;;;11849.5;0.0
yf_ZS=F_d7;33600;ASH_COATED_OSMIUM;9915;18;9912;20;;;9942;18;9946;17;;;9928.5;0.0
yf_ZS=F_d7;33600;INTARIAN_PEPPER_ROOT;11845;10;11841;20;;;11851;17;11853;21;;;11848.0;0.0
yf_ZS=F_d7;33700;ASH_COATED_OSMIUM;9926;7;9923;19;;;9932;19;9935;9;;;9929.0;0.0
yf_ZS=F_d7;33700;INTARIAN_PEPPER_ROOT;11845;16;11842;25;;;11851;15;11854;23;;;11848.0;0.0
yf_ZS=F_d7;33800;ASH_COATED_OSMIUM;9926;10;9924;14;;;9932;12;9934;22;;;9929.0;0.0
yf_ZS=F_d7;33800;INTARIAN_PEPPER_ROOT;11843;17;11840;19;;;11849;17;11852;21;;;11846.0;0.0
yf_ZS=F_d7;33900;ASH_COATED_OSMIUM;9918;21;9916;24;;;9940;14;9944;21;;;9929.0;0.0
yf_ZS=F_d7;33900;INTARIAN_PEPPER_ROOT;11833;13;11830;26;;;11856;14;11860;16;;;11844.5;0.0
yf_ZS=F_d7;34000;ASH_COATED_OSMIUM;9926;15;9923;16;;;9932;9;9936;23;;;9929.0;0.0
yf_ZS=F_d7;34000;INTARIAN_PEPPER_ROOT;11844;13;11841;12;;;11850;5;11854;12;;;11847.0;0.0
yf_ZS=F_d7;34100;ASH_COATED_OSMIUM;9927;17;9923;18;;;9933;6;9936;21;;;9930.0;0.0
yf_ZS=F_d7;34100;INTARIAN_PEPPER_ROOT;11847;19;11843;33;;;11853;16;11857;26;;;11850.0;0.0
yf_ZS=F_d7;34200;ASH_COATED_OSMIUM;9926;10;9924;25;;;9932;14;9934;24;;;9929.0;0.0
yf_ZS=F_d7;34200;INTARIAN_PEPPER_ROOT;11847;14;11844;18;;;11858;20;11860;23;;;11852.5;0.0
yf_ZS=F_d7;34300;ASH_COATED_OSMIUM;9924;13;9921;19;;;9933;15;9935;23;;;9928.5;0.0
yf_ZS=F_d7;34300;INTARIAN_PEPPER_ROOT;11846;13;11844;23;;;11865;17;11868;16;;;11855.5;0.0
yf_ZS=F_d7;34400;ASH_COATED_OSMIUM;9914;5;9912;19;;;9944;5;9948;29;;;9929.0;0.0
yf_ZS=F_d7;34400;INTARIAN_PEPPER_ROOT;11855;8;11852;33;;;11862;20;11864;15;;;11858.5;0.0
yf_ZS=F_d7;34500;ASH_COATED_OSMIUM;9926;8;9922;19;;;9932;9;9934;18;;;9929.0;0.0
yf_ZS=F_d7;34500;INTARIAN_PEPPER_ROOT;11849;20;11846;21;;;11875;17;11879;17;;;11862.0;0.0
yf_ZS=F_d7;34600;ASH_COATED_OSMIUM;9921;12;9918;13;;;9936;22;9938;21;;;9928.5;0.0
yf_ZS=F_d7;34600;INTARIAN_PEPPER_ROOT;11854;22;11850;19;;;11873;17;11875;16;;;11863.5;0.0
yf_ZS=F_d7;34700;ASH_COATED_OSMIUM;9926;7;9923;17;;;9932;17;9934;23;;;9929.0;0.0
yf_ZS=F_d7;34700;INTARIAN_PEPPER_ROOT;11859;10;11856;24;;;11873;7;11876;13;;;11866.0;0.0
yf_ZS=F_d7;34800;ASH_COATED_OSMIUM;9927;12;9924;19;;;9933;10;9935;14;;;9930.0;0.0
yf_ZS=F_d7;34800;INTARIAN_PEPPER_ROOT;11867;11;11864;19;;;11873;13;11877;13;;;11870.0;0.0
yf_ZS=F_d7;34900;ASH_COATED_OSMIUM;9926;23;9922;23;;;9932;16;9935;10;;;9929.0;0.0
yf_ZS=F_d7;34900;INTARIAN_PEPPER_ROOT;11869;18;11867;18;;;11875;22;11879;13;;;11872.0;0.0
yf_ZS=F_d7;35000;ASH_COATED_OSMIUM;9924;14;9922;18;;;9933;16;9937;22;;;9928.5;0.0
yf_ZS=F_d7;35000;INTARIAN_PEPPER_ROOT;11872;19;11868;20;;;11878;21;11880;16;;;11875.0;0.0
yf_ZS=F_d7;35100;ASH_COATED_OSMIUM;9926;10;9922;15;;;9932;13;9936;29;;;9929.0;0.0
yf_ZS=F_d7;35100;INTARIAN_PEPPER_ROOT;11872;10;11868;17;;;11882;21;11886;10;;;11877.0;0.0
yf_ZS=F_d7;35200;ASH_COATED_OSMIUM;9926;12;9922;22;;;9932;10;9934;18;;;9929.0;0.0
yf_ZS=F_d7;35200;INTARIAN_PEPPER_ROOT;11874;9;11871;19;;;11886;13;11890;22;;;11880.0;0.0
yf_ZS=F_d7;35300;ASH_COATED_OSMIUM;9923;7;9920;19;;;9937;15;9940;8;;;9930.0;0.0
yf_ZS=F_d7;35300;INTARIAN_PEPPER_ROOT;11880;21;11878;15;;;11886;13;11889;23;;;11883.0;0.0
yf_ZS=F_d7;35400;ASH_COATED_OSMIUM;9925;15;9921;15;;;9932;17;9935;23;;;9928.5;0.0
yf_ZS=F_d7;35400;INTARIAN_PEPPER_ROOT;11872;19;11869;16;;;11900;12;11903;21;;;11886.0;0.0
yf_ZS=F_d7;35500;ASH_COATED_OSMIUM;9926;24;9923;14;;;9932;9;9934;20;;;9929.0;0.0
yf_ZS=F_d7;35500;INTARIAN_PEPPER_ROOT;11885;5;11883;24;;;11893;17;11897;19;;;11889.0;0.0
yf_ZS=F_d7;35600;ASH_COATED_OSMIUM;9925;15;9922;23;;;9931;18;9933;14;;;9928.0;0.0
yf_ZS=F_d7;35600;INTARIAN_PEPPER_ROOT;11886;26;11882;26;;;11896;7;11899;12;;;11891.0;0.0
yf_ZS=F_d7;35700;ASH_COATED_OSMIUM;9926;18;9923;20;;;9932;21;9934;10;;;9929.0;0.0
yf_ZS=F_d7;35700;INTARIAN_PEPPER_ROOT;11882;7;11879;27;;;11905;21;11909;19;;;11893.5;0.0
yf_ZS=F_d7;35800;ASH_COATED_OSMIUM;9926;14;9924;22;;;9932;21;9936;24;;;9929.0;0.0
yf_ZS=F_d7;35800;INTARIAN_PEPPER_ROOT;11892;16;11888;30;;;11900;8;11902;19;;;11896.0;0.0
yf_ZS=F_d7;35900;ASH_COATED_OSMIUM;9926;5;9923;10;;;9932;5;9935;19;;;9929.0;0.0
yf_ZS=F_d7;35900;INTARIAN_PEPPER_ROOT;11896;16;11893;18;;;11903;18;11907;12;;;11899.5;0.0
yf_ZS=F_d7;36000;ASH_COATED_OSMIUM;9919;15;9917;22;;;9938;16;9942;26;;;9928.5;0.0
yf_ZS=F_d7;36000;INTARIAN_PEPPER_ROOT;11888;21;11884;27;;;11918;9;11920;17;;;11903.0;0.0
yf_ZS=F_d7;36100;ASH_COATED_OSMIUM;9926;15;9923;23;;;9932;19;9936;24;;;9929.0;0.0
yf_ZS=F_d7;36100;INTARIAN_PEPPER_ROOT;11902;23;11898;21;;;11908;16;11911;28;;;11905.0;0.0
yf_ZS=F_d7;36200;ASH_COATED_OSMIUM;9926;6;9924;16;;;9932;13;9934;21;;;9929.0;0.0
yf_ZS=F_d7;36200;INTARIAN_PEPPER_ROOT;11900;13;11897;21;;;11914;18;11917;22;;;11907.0;0.0
yf_ZS=F_d7;36300;ASH_COATED_OSMIUM;9924;9;9921;16;;;9932;17;9934;13;;;9928.0;0.0
yf_ZS=F_d7;36300;INTARIAN_PEPPER_ROOT;11907;5;11904;21;;;11913;14;11917;30;;;11910.0;0.0
yf_ZS=F_d7;36400;ASH_COATED_OSMIUM;9917;19;9915;21;;;9940;13;9942;23;;;9928.5;0.0
yf_ZS=F_d7;36400;INTARIAN_PEPPER_ROOT;11910;9;11907;21;;;11916;19;11920;22;;;11913.0;0.0
yf_ZS=F_d7;36500;ASH_COATED_OSMIUM;9912;15;9908;13;;;9946;15;9950;24;;;9929.0;0.0
yf_ZS=F_d7;36500;INTARIAN_PEPPER_ROOT;11904;18;11901;25;;;11928;12;11932;25;;;11916.0;0.0
yf_ZS=F_d7;36600;ASH_COATED_OSMIUM;9926;7;9924;20;;;9932;6;9936;14;;;9929.0;0.0
yf_ZS=F_d7;36600;INTARIAN_PEPPER_ROOT;11914;14;11911;21;;;11922;12;11925;19;;;11918.0;0.0
yf_ZS=F_d7;36700;ASH_COATED_OSMIUM;9919;14;9917;16;;;9939;12;9941;16;;;9929.0;0.0
yf_ZS=F_d7;36700;INTARIAN_PEPPER_ROOT;11918;16;11915;27;;;11924;15;11928;18;;;11921.0;0.0
yf_ZS=F_d7;36800;ASH_COATED_OSMIUM;9920;8;9916;15;;;9939;14;9942;14;;;9929.5;0.0
yf_ZS=F_d7;36800;INTARIAN_PEPPER_ROOT;11921;15;11919;24;;;11927;16;11931;13;;;11924.0;0.0
yf_ZS=F_d7;36900;ASH_COATED_OSMIUM;9926;15;9924;19;;;9932;7;9934;11;;;9929.0;0.0
yf_ZS=F_d7;36900;INTARIAN_PEPPER_ROOT;11924;20;11922;17;;;11930;6;11933;26;;;11927.0;0.0
yf_ZS=F_d7;37000;ASH_COATED_OSMIUM;9926;17;9923;17;;;9932;9;9936;19;;;9929.0;0.0
yf_ZS=F_d7;37000;INTARIAN_PEPPER_ROOT;11926;19;11923;21;;;11932;13;11934;22;;;11929.0;0.0
yf_ZS=F_d7;37100;ASH_COATED_OSMIUM;9925;19;9921;21;;;9931;5;9933;11;;;9928.0;0.0
yf_ZS=F_d7;37100;INTARIAN_PEPPER_ROOT;11927;16;11924;10;;;11937;18;11940;17;;;11932.0;0.0
yf_ZS=F_d7;37200;ASH_COATED_OSMIUM;9922;24;9920;25;;;9936;8;9940;14;;;9929.0;0.0
yf_ZS=F_d7;37200;INTARIAN_PEPPER_ROOT;11929;24;11927;11;;;11940;15;11942;22;;;11934.5;0.0
yf_ZS=F_d7;37300;ASH_COATED_OSMIUM;9923;16;9919;17;;;9934;18;9937;23;;;9928.5;0.0
yf_ZS=F_d7;37300;INTARIAN_PEPPER_ROOT;11935;26;11931;17;;;11941;11;11944;18;;;11938.0;0.0
yf_ZS=F_d7;37400;ASH_COATED_OSMIUM;9922;19;9918;21;;;9934;11;9937;19;;;9928.0;0.0
yf_ZS=F_d7;37400;INTARIAN_PEPPER_ROOT;11933;6;11931;29;;;11947;15;11950;13;;;11940.0;0.0
yf_ZS=F_d7;37500;ASH_COATED_OSMIUM;9924;14;9922;16;;;9935;15;9939;16;;;9929.5;0.0
yf_ZS=F_d7;37500;INTARIAN_PEPPER_ROOT;11940;17;11936;23;;;11946;5;11950;15;;;11943.0;0.0
yf_ZS=F_d7;37600;ASH_COATED_OSMIUM;9926;16;9923;21;;;9932;12;9934;19;;;9929.0;0.0
yf_ZS=F_d7;37600;INTARIAN_PEPPER_ROOT;11931;12;11929;23;;;11959;15;11962;18;;;11945.0;0.0
yf_ZS=F_d7;37700;ASH_COATED_OSMIUM;9926;20;9924;24;;;9932;15;9935;19;;;9929.0;0.0
yf_ZS=F_d7;37700;INTARIAN_PEPPER_ROOT;11945;18;11943;21;;;11952;19;11955;20;;;11948.5;0.0
yf_ZS=F_d7;37800;ASH_COATED_OSMIUM;9926;10;9923;23;;;9932;19;9934;16;;;9929.0;0.0
yf_ZS=F_d7;37800;INTARIAN_PEPPER_ROOT;11946;12;11942;15;;;11956;9;11958;21;;;11951.0;0.0
yf_ZS=F_d7;37900;ASH_COATED_OSMIUM;9926;18;9924;22;;;9932;15;9935;25;;;9929.0;0.0
yf_ZS=F_d7;37900;INTARIAN_PEPPER_ROOT;11951;18;11948;21;;;11957;14;11961;18;;;11954.0;0.0
yf_ZS=F_d7;38000;ASH_COATED_OSMIUM;9925;13;9922;26;;;9934;19;9938;24;;;9929.5;0.0
yf_ZS=F_d7;38000;INTARIAN_PEPPER_ROOT;11953;11;11951;17;;;11959;6;11961;22;;;11956.0;0.0
yf_ZS=F_d7;38100;ASH_COATED_OSMIUM;9926;13;9924;24;;;9932;16;9934;10;;;9929.0;0.0
yf_ZS=F_d7;38100;INTARIAN_PEPPER_ROOT;11957;12;11954;15;;;11963;22;11965;27;;;11960.0;0.0
yf_ZS=F_d7;38200;ASH_COATED_OSMIUM;9909;18;9907;18;;;9950;13;9952;14;;;9929.5;0.0
yf_ZS=F_d7;38200;INTARIAN_PEPPER_ROOT;11959;12;11957;15;;;11965;29;11969;20;;;11962.0;0.0
yf_ZS=F_d7;38300;ASH_COATED_OSMIUM;9920;9;9917;24;;;9937;16;9941;9;;;9928.5;0.0
yf_ZS=F_d7;38300;INTARIAN_PEPPER_ROOT;11961;23;11959;21;;;11967;8;11970;20;;;11964.0;0.0
yf_ZS=F_d7;38400;ASH_COATED_OSMIUM;9926;17;9924;21;;;9932;17;9935;30;;;9929.0;0.0
yf_ZS=F_d7;38400;INTARIAN_PEPPER_ROOT;11960;10;11957;11;;;11975;12;11977;19;;;11967.5;0.0
yf_ZS=F_d7;38500;ASH_COATED_OSMIUM;9925;7;9923;20;;;9931;9;9933;24;;;9928.0;0.0
yf_ZS=F_d7;38500;INTARIAN_PEPPER_ROOT;11960;9;11957;11;;;11982;17;11984;16;;;11971.0;0.0
yf_ZS=F_d7;38600;ASH_COATED_OSMIUM;9925;21;9922;17;;;9931;9;9934;19;;;9928.0;0.0
yf_ZS=F_d7;38600;INTARIAN_PEPPER_ROOT;11970;30;11968;17;;;11977;5;11980;28;;;11973.5;0.0
yf_ZS=F_d7;38700;ASH_COATED_OSMIUM;9926;15;9922;24;;;9932;9;9935;24;;;9929.0;0.0
yf_ZS=F_d7;38700;INTARIAN_PEPPER_ROOT;11973;14;11971;16;;;11979;14;11981;25;;;11976.0;0.0
yf_ZS=F_d7;38800;ASH_COATED_OSMIUM;9926;13;9922;19;;;9932;14;9934;8;;;9929.0;0.0
yf_ZS=F_d7;38800;INTARIAN_PEPPER_ROOT;11967;12;11965;13;;;11991;5;11995;15;;;11979.0;0.0
yf_ZS=F_d7;38900;ASH_COATED_OSMIUM;9920;14;9918;25;;;9939;8;9941;23;;;9929.5;0.0
yf_ZS=F_d7;38900;INTARIAN_PEPPER_ROOT;11976;8;11974;19;;;11987;9;11991;13;;;11981.5;0.0
yf_ZS=F_d7;39000;ASH_COATED_OSMIUM;9926;10;9923;19;;;9932;7;9934;15;;;9929.0;0.0
yf_ZS=F_d7;39000;INTARIAN_PEPPER_ROOT;11981;16;11978;20;;;11987;21;11990;19;;;11984.0;0.0
yf_ZS=F_d7;39100;ASH_COATED_OSMIUM;9926;13;9924;26;;;9932;28;9935;12;;;9929.0;0.0
yf_ZS=F_d7;39100;INTARIAN_PEPPER_ROOT;11984;15;11980;15;;;11990;13;11992;17;;;11987.0;0.0
yf_ZS=F_d7;39200;ASH_COATED_OSMIUM;9922;5;9918;21;;;9935;15;9939;18;;;9928.5;0.0
yf_ZS=F_d7;39200;INTARIAN_PEPPER_ROOT;11987;19;11985;24;;;11993;9;11995;15;;;11990.0;0.0
yf_ZS=F_d7;39300;ASH_COATED_OSMIUM;9922;19;9920;14;;;9937;12;9939;19;;;9929.5;0.0
yf_ZS=F_d7;39300;INTARIAN_PEPPER_ROOT;11989;9;11985;20;;;11995;20;11997;17;;;11992.0;0.0
yf_ZS=F_d7;39400;ASH_COATED_OSMIUM;9926;14;9924;24;;;9932;20;9934;18;;;9929.0;0.0
yf_ZS=F_d7;39400;INTARIAN_PEPPER_ROOT;11984;12;11982;23;;;12005;14;12007;11;;;11994.5;0.0
yf_ZS=F_d7;39500;ASH_COATED_OSMIUM;9926;17;9922;24;;;9932;15;9936;21;;;9929.0;0.0
yf_ZS=F_d7;39500;INTARIAN_PEPPER_ROOT;11994;8;11992;26;;;12000;18;12004;19;;;11997.0;0.0
yf_ZS=F_d7;39600;ASH_COATED_OSMIUM;9926;18;9923;21;;;9932;18;9936;22;;;9929.0;0.0
yf_ZS=F_d7;39600;INTARIAN_PEPPER_ROOT;11996;19;11993;24;;;12007;7;12009;26;;;12001.5;0.0
yf_ZS=F_d7;39700;ASH_COATED_OSMIUM;9926;17;9923;25;;;9932;12;9936;22;;;9929.0;0.0
yf_ZS=F_d7;39700;INTARIAN_PEPPER_ROOT;12000;12;11996;15;;;12006;18;12008;14;;;12003.0;0.0
yf_ZS=F_d7;39800;ASH_COATED_OSMIUM;9916;17;9913;28;;;9941;16;9944;18;;;9928.5;0.0
yf_ZS=F_d7;39800;INTARIAN_PEPPER_ROOT;12003;17;12000;15;;;12010;15;12014;14;;;12006.5;0.0
yf_ZS=F_d7;39900;ASH_COATED_OSMIUM;9926;17;9924;13;;;9932;14;9935;23;;;9929.0;0.0
yf_ZS=F_d7;39900;INTARIAN_PEPPER_ROOT;12006;6;12003;28;;;12013;24;12015;26;;;12009.5;0.0
yf_ZS=F_d7;40000;ASH_COATED_OSMIUM;9925;21;9923;23;;;9932;18;9934;19;;;9928.5;0.0
yf_ZS=F_d7;40000;INTARIAN_PEPPER_ROOT;12000;13;11996;23;;;12022;14;12024;26;;;12011.0;0.0
yf_ZS=F_d7;40100;ASH_COATED_OSMIUM;9916;10;9914;12;;;9939;10;9943;18;;;9927.5;0.0
yf_ZS=F_d7;40100;INTARIAN_PEPPER_ROOT;12009;18;12006;22;;;12018;21;12021;15;;;12013.5;0.0
yf_ZS=F_d7;40200;ASH_COATED_OSMIUM;9926;23;9924;23;;;9932;20;9935;15;;;9929.0;0.0
yf_ZS=F_d7;40200;INTARIAN_PEPPER_ROOT;12014;16;12011;20;;;12020;28;12022;14;;;12017.0;0.0
yf_ZS=F_d7;40300;ASH_COATED_OSMIUM;9920;11;9918;23;;;9936;15;9939;17;;;9928.0;0.0
yf_ZS=F_d7;40300;INTARIAN_PEPPER_ROOT;12016;20;12014;16;;;12022;23;12025;12;;;12019.0;0.0
yf_ZS=F_d7;40400;ASH_COATED_OSMIUM;9924;15;9920;15;;;9933;12;9936;20;;;9928.5;0.0
yf_ZS=F_d7;40400;INTARIAN_PEPPER_ROOT;12007;11;12005;21;;;12037;18;12040;17;;;12022.0;0.0
yf_ZS=F_d7;40500;ASH_COATED_OSMIUM;9921;16;9918;21;;;9936;26;9940;24;;;9928.5;0.0
yf_ZS=F_d7;40500;INTARIAN_PEPPER_ROOT;12019;21;12015;23;;;12031;5;12034;22;;;12025.0;0.0
yf_ZS=F_d7;40600;ASH_COATED_OSMIUM;9925;22;9921;21;;;9932;15;9936;25;;;9928.5;0.0
yf_ZS=F_d7;40600;INTARIAN_PEPPER_ROOT;12011;7;12007;16;;;12046;22;12049;28;;;12028.5;0.0
yf_ZS=F_d7;40700;ASH_COATED_OSMIUM;9926;10;9922;20;;;9932;5;9934;26;;;9929.0;0.0
yf_ZS=F_d7;40700;INTARIAN_PEPPER_ROOT;12020;21;12018;23;;;12040;18;12043;20;;;12030.0;0.0
yf_ZS=F_d7;40800;ASH_COATED_OSMIUM;9924;19;9920;21;;;9933;19;9935;26;;;9928.5;0.0
yf_ZS=F_d7;40800;INTARIAN_PEPPER_ROOT;12031;24;12029;17;;;12037;14;12039;20;;;12034.0;0.0
yf_ZS=F_d7;40900;ASH_COATED_OSMIUM;9926;13;9924;18;;;9932;30;9936;22;;;9929.0;0.0
yf_ZS=F_d7;40900;INTARIAN_PEPPER_ROOT;12015;10;12012;20;;;12058;19;12060;35;;;12036.5;0.0
yf_ZS=F_d7;41000;ASH_COATED_OSMIUM;9925;21;9922;23;;;9933;10;9936;12;;;9929.0;0.0
yf_ZS=F_d7;41000;INTARIAN_PEPPER_ROOT;12036;9;12032;19;;;12042;14;12045;30;;;12039.0;0.0
yf_ZS=F_d7;41100;ASH_COATED_OSMIUM;9926;16;9923;27;;;9932;20;9935;25;;;9929.0;0.0
yf_ZS=F_d7;41100;INTARIAN_PEPPER_ROOT;12039;15;12037;20;;;12045;20;12048;24;;;12042.0;0.0
yf_ZS=F_d7;41200;ASH_COATED_OSMIUM;9926;17;9923;29;;;9932;17;9935;20;;;9929.0;0.0
yf_ZS=F_d7;41200;INTARIAN_PEPPER_ROOT;12033;21;12031;26;;;12056;5;12060;18;;;12044.5;0.0
yf_ZS=F_d7;41300;ASH_COATED_OSMIUM;9917;6;9915;26;;;9939;16;9943;32;;;9928.0;0.0
yf_ZS=F_d7;41300;INTARIAN_PEPPER_ROOT;12040;14;12036;21;;;12053;15;12056;25;;;12046.5;0.0
yf_ZS=F_d7;41400;ASH_COATED_OSMIUM;9925;23;9922;24;;;9931;12;9933;21;;;9928.0;0.0
yf_ZS=F_d7;41400;INTARIAN_PEPPER_ROOT;12043;21;12040;17;;;12056;14;12060;16;;;12049.5;0.0
yf_ZS=F_d7;41500;ASH_COATED_OSMIUM;9926;16;9924;16;;;9932;7;9936;19;;;9929.0;0.0
yf_ZS=F_d7;41500;INTARIAN_PEPPER_ROOT;12050;19;12046;25;;;12056;15;12059;20;;;12053.0;0.0
yf_ZS=F_d7;41600;ASH_COATED_OSMIUM;9924;7;9922;8;;;9934;23;9937;10;;;9929.0;0.0
yf_ZS=F_d7;41600;INTARIAN_PEPPER_ROOT;12052;10;12049;16;;;12058;16;12060;20;;;12055.0;0.0
yf_ZS=F_d7;41700;ASH_COATED_OSMIUM;9925;20;9923;15;;;9931;8;9933;21;;;9928.0;0.0
yf_ZS=F_d7;41700;INTARIAN_PEPPER_ROOT;12055;25;12052;13;;;12061;16;12065;20;;;12058.0;0.0
yf_ZS=F_d7;41800;ASH_COATED_OSMIUM;9926;15;9923;17;;;9932;14;9934;24;;;9929.0;0.0
yf_ZS=F_d7;41800;INTARIAN_PEPPER_ROOT;12058;15;12054;25;;;12065;9;12069;17;;;12061.5;0.0
yf_ZS=F_d7;41900;ASH_COATED_OSMIUM;9925;6;9922;17;;;9931;18;9935;18;;;9928.0;0.0
yf_ZS=F_d7;41900;INTARIAN_PEPPER_ROOT;12061;17;12058;23;;;12067;13;12069;21;;;12064.0;0.0
yf_ZS=F_d7;42000;ASH_COATED_OSMIUM;9921;17;9918;15;;;9936;15;9938;18;;;9928.5;0.0
yf_ZS=F_d7;42000;INTARIAN_PEPPER_ROOT;12063;6;12061;19;;;12069;17;12072;19;;;12066.0;0.0
yf_ZS=F_d7;42100;ASH_COATED_OSMIUM;9918;17;9916;16;;;9940;12;9944;20;;;9929.0;0.0
yf_ZS=F_d7;42100;INTARIAN_PEPPER_ROOT;12065;20;12061;13;;;12073;15;12076;19;;;12069.0;0.0
yf_ZS=F_d7;42200;ASH_COATED_OSMIUM;9925;19;9922;18;;;9931;7;9935;13;;;9928.0;0.0
yf_ZS=F_d7;42200;INTARIAN_PEPPER_ROOT;12069;15;12067;35;;;12075;17;12077;28;;;12072.0;0.0
yf_ZS=F_d7;42300;ASH_COATED_OSMIUM;9925;16;9923;15;;;9931;15;9935;19;;;9928.0;0.0
yf_ZS=F_d7;42300;INTARIAN_PEPPER_ROOT;12069;14;12067;15;;;12080;25;12082;20;;;12074.5;0.0
yf_ZS=F_d7;42400;ASH_COATED_OSMIUM;9917;5;9913;29;;;9941;12;9945;20;;;9929.0;0.0
yf_ZS=F_d7;42400;INTARIAN_PEPPER_ROOT;12074;14;12071;24;;;12080;15;12083;30;;;12077.0;0.0
yf_ZS=F_d7;42500;ASH_COATED_OSMIUM;9920;14;9917;19;;;9936;10;9939;29;;;9928.0;0.0
yf_ZS=F_d7;42500;INTARIAN_PEPPER_ROOT;12069;16;12067;24;;;12091;23;12095;20;;;12080.0;0.0
yf_ZS=F_d7;42600;ASH_COATED_OSMIUM;9919;13;9917;23;;;9938;8;9942;24;;;9928.5;0.0
yf_ZS=F_d7;42600;INTARIAN_PEPPER_ROOT;12075;13;12073;31;;;12090;13;12094;17;;;12082.5;0.0
yf_ZS=F_d7;42700;ASH_COATED_OSMIUM;9925;13;9923;11;;;9931;18;9933;17;;;9928.0;0.0
yf_ZS=F_d7;42700;INTARIAN_PEPPER_ROOT;12079;19;12075;29;;;12093;19;12096;17;;;12086.0;0.0
yf_ZS=F_d7;42800;ASH_COATED_OSMIUM;9926;14;9923;20;;;9932;18;9936;19;;;9929.0;0.0
yf_ZS=F_d7;42800;INTARIAN_PEPPER_ROOT;12085;6;12083;19;;;12091;13;12095;16;;;12088.0;0.0
yf_ZS=F_d7;42900;ASH_COATED_OSMIUM;9923;13;9921;33;;;9935;22;9937;18;;;9929.0;0.0
yf_ZS=F_d7;42900;INTARIAN_PEPPER_ROOT;12088;6;12084;9;;;12094;15;12097;28;;;12091.0;0.0
yf_ZS=F_d7;43000;ASH_COATED_OSMIUM;9925;24;9921;18;;;9931;7;9933;19;;;9928.0;0.0
yf_ZS=F_d7;43000;INTARIAN_PEPPER_ROOT;12091;7;12089;20;;;12097;17;12100;17;;;12094.0;0.0
yf_ZS=F_d7;43100;ASH_COATED_OSMIUM;9924;15;9922;18;;;9933;16;9937;12;;;9928.5;0.0
yf_ZS=F_d7;43100;INTARIAN_PEPPER_ROOT;12093;18;12091;11;;;12099;23;12103;18;;;12096.0;0.0
yf_ZS=F_d7;43200;ASH_COATED_OSMIUM;9925;15;9923;29;;;9931;16;9933;17;;;9928.0;0.0
yf_ZS=F_d7;43200;INTARIAN_PEPPER_ROOT;12096;18;12093;14;;;12102;15;12106;23;;;12099.0;0.0
yf_ZS=F_d7;43300;ASH_COATED_OSMIUM;9925;22;9923;25;;;9933;15;9937;15;;;9929.0;0.0
yf_ZS=F_d7;43300;INTARIAN_PEPPER_ROOT;12099;18;12096;27;;;12105;18;12108;17;;;12102.0;0.0
yf_ZS=F_d7;43400;ASH_COATED_OSMIUM;9919;11;9916;14;;;9939;6;9943;25;;;9929.0;0.0
yf_ZS=F_d7;43400;INTARIAN_PEPPER_ROOT;12095;22;12092;22;;;12114;11;12118;17;;;12104.5;0.0
yf_ZS=F_d7;43500;ASH_COATED_OSMIUM;9924;18;9920;20;;;9933;9;9936;17;;;9928.5;0.0
yf_ZS=F_d7;43500;INTARIAN_PEPPER_ROOT;12104;16;12100;11;;;12113;12;12116;17;;;12108.5;0.0
yf_ZS=F_d7;43600;ASH_COATED_OSMIUM;9925;5;9923;14;;;9931;18;9935;15;;;9928.0;0.0
yf_ZS=F_d7;43600;INTARIAN_PEPPER_ROOT;12107;6;12104;19;;;12113;15;12115;19;;;12110.0;0.0
yf_ZS=F_d7;43700;ASH_COATED_OSMIUM;9924;8;9922;20;;;9933;14;9936;15;;;9928.5;0.0
yf_ZS=F_d7;43700;INTARIAN_PEPPER_ROOT;12108;27;12106;23;;;12118;8;12120;19;;;12113.0;0.0
yf_ZS=F_d7;43800;ASH_COATED_OSMIUM;9922;19;9920;13;;;9934;5;9938;19;;;9928.0;0.0
yf_ZS=F_d7;43800;INTARIAN_PEPPER_ROOT;12099;17;12096;27;;;12132;15;12135;13;;;12115.5;0.0
yf_ZS=F_d7;43900;ASH_COATED_OSMIUM;9925;11;9923;19;;;9931;14;9935;19;;;9928.0;0.0
yf_ZS=F_d7;43900;INTARIAN_PEPPER_ROOT;12113;14;12111;19;;;12123;11;12125;20;;;12118.0;0.0
yf_ZS=F_d7;44000;ASH_COATED_OSMIUM;9926;13;9924;20;;;9932;12;9936;27;;;9929.0;0.0
yf_ZS=F_d7;44000;INTARIAN_PEPPER_ROOT;12119;21;12117;20;;;12125;13;12128;17;;;12122.0;0.0
yf_ZS=F_d7;44100;ASH_COATED_OSMIUM;9922;18;9920;15;;;9934;6;9937;21;;;9928.0;0.0
yf_ZS=F_d7;44100;INTARIAN_PEPPER_ROOT;12121;11;12118;26;;;12127;18;12131;16;;;12124.0;0.0
yf_ZS=F_d7;44200;ASH_COATED_OSMIUM;9925;16;9923;21;;;9931;13;9933;20;;;9928.0;0.0
yf_ZS=F_d7;44200;INTARIAN_PEPPER_ROOT;12124;7;12122;20;;;12130;10;12132;20;;;12127.0;0.0
yf_ZS=F_d7;44300;ASH_COATED_OSMIUM;9925;6;9923;20;;;9931;19;9934;20;;;9928.0;0.0
yf_ZS=F_d7;44300;INTARIAN_PEPPER_ROOT;12126;14;12124;23;;;12132;6;12134;19;;;12129.0;0.0
yf_ZS=F_d7;44400;ASH_COATED_OSMIUM;9925;11;9923;22;;;9931;22;9933;25;;;9928.0;0.0
yf_ZS=F_d7;44400;INTARIAN_PEPPER_ROOT;12127;7;12123;12;;;12137;14;12139;22;;;12132.0;0.0
yf_ZS=F_d7;44500;ASH_COATED_OSMIUM;9925;14;9921;23;;;9931;9;9935;17;;;9928.0;0.0
yf_ZS=F_d7;44500;INTARIAN_PEPPER_ROOT;12131;10;12129;17;;;12139;7;12143;24;;;12135.0;0.0
yf_ZS=F_d7;44600;ASH_COATED_OSMIUM;9925;13;9922;16;;;9931;13;9935;13;;;9928.0;0.0
yf_ZS=F_d7;44600;INTARIAN_PEPPER_ROOT;12135;7;12131;25;;;12141;18;12143;10;;;12138.0;0.0
yf_ZS=F_d7;44700;ASH_COATED_OSMIUM;9925;19;9922;19;;;9931;22;9934;13;;;9928.0;0.0
yf_ZS=F_d7;44700;INTARIAN_PEPPER_ROOT;12137;12;12134;16;;;12143;21;12146;12;;;12140.0;0.0
yf_ZS=F_d7;44800;ASH_COATED_OSMIUM;9923;13;9921;29;;;9934;18;9938;18;;;9928.5;0.0
yf_ZS=F_d7;44800;INTARIAN_PEPPER_ROOT;12140;9;12137;23;;;12146;22;12149;18;;;12143.0;0.0
yf_ZS=F_d7;44900;ASH_COATED_OSMIUM;9925;9;9923;10;;;9931;15;9935;12;;;9928.0;0.0
yf_ZS=F_d7;44900;INTARIAN_PEPPER_ROOT;12141;20;12137;10;;;12149;20;12152;23;;;12145.0;0.0
yf_ZS=F_d7;45000;ASH_COATED_OSMIUM;9907;13;9903;10;;;9950;18;9954;25;;;9928.5;0.0
yf_ZS=F_d7;45000;INTARIAN_PEPPER_ROOT;12145;10;12142;23;;;12151;19;12153;25;;;12148.0;0.0
yf_ZS=F_d7;45100;ASH_COATED_OSMIUM;9926;21;9924;12;;;9932;16;9934;30;;;9929.0;0.0
yf_ZS=F_d7;45100;INTARIAN_PEPPER_ROOT;12149;13;12147;23;;;12155;20;12158;20;;;12152.0;0.0
yf_ZS=F_d7;45200;ASH_COATED_OSMIUM;9917;21;9913;14;;;9941;18;9943;15;;;9929.0;0.0
yf_ZS=F_d7;45200;INTARIAN_PEPPER_ROOT;12151;12;12147;30;;;12157;14;12159;21;;;12154.0;0.0
yf_ZS=F_d7;45300;ASH_COATED_OSMIUM;9926;20;9923;19;;;9932;19;9936;35;;;9929.0;0.0
yf_ZS=F_d7;45300;INTARIAN_PEPPER_ROOT;12154;15;12150;21;;;12160;15;12162;10;;;12157.0;0.0
yf_ZS=F_d7;45400;ASH_COATED_OSMIUM;9921;5;9918;15;;;9935;9;9937;18;;;9928.0;0.0
yf_ZS=F_d7;45400;INTARIAN_PEPPER_ROOT;12156;5;12153;25;;;12163;25;12166;17;;;12159.5;0.0
yf_ZS=F_d7;45500;ASH_COATED_OSMIUM;9924;5;9920;13;;;9932;12;9936;19;;;9928.0;0.0
yf_ZS=F_d7;45500;INTARIAN_PEPPER_ROOT;12159;17;12155;17;;;12165;8;12167;24;;;12162.0;0.0
yf_ZS=F_d7;45600;ASH_COATED_OSMIUM;9925;11;9923;18;;;9931;17;9933;25;;;9928.0;0.0
yf_ZS=F_d7;45600;INTARIAN_PEPPER_ROOT;12156;11;12152;11;;;12175;15;12179;19;;;12165.5;0.0
yf_ZS=F_d7;45700;ASH_COATED_OSMIUM;9925;9;9922;17;;;9931;16;9935;19;;;9928.0;0.0
yf_ZS=F_d7;45700;INTARIAN_PEPPER_ROOT;12165;17;12163;23;;;12171;23;12175;24;;;12168.0;0.0
yf_ZS=F_d7;45800;ASH_COATED_OSMIUM;9926;17;9924;22;;;9932;13;9934;14;;;9929.0;0.0
yf_ZS=F_d7;45800;INTARIAN_PEPPER_ROOT;12167;10;12164;15;;;12173;14;12176;18;;;12170.0;0.0
yf_ZS=F_d7;45900;ASH_COATED_OSMIUM;9925;26;9923;19;;;9931;14;9934;18;;;9928.0;0.0
yf_ZS=F_d7;45900;INTARIAN_PEPPER_ROOT;12170;14;12166;18;;;12176;20;12178;20;;;12173.0;0.0
yf_ZS=F_d7;46000;ASH_COATED_OSMIUM;9926;19;9923;17;;;9932;26;9934;16;;;9929.0;0.0
yf_ZS=F_d7;46000;INTARIAN_PEPPER_ROOT;12171;7;12168;12;;;12180;20;12184;22;;;12175.5;0.0
yf_ZS=F_d7;46100;ASH_COATED_OSMIUM;9925;13;9921;19;;;9931;13;9934;13;;;9928.0;0.0
yf_ZS=F_d7;46100;INTARIAN_PEPPER_ROOT;12173;17;12171;23;;;12185;23;12189;22;;;12179.0;0.0
yf_ZS=F_d7;46200;ASH_COATED_OSMIUM;9923;15;9920;22;;;9934;16;9938;22;;;9928.5;0.0
yf_ZS=F_d7;46200;INTARIAN_PEPPER_ROOT;12179;16;12177;13;;;12185;15;12188;20;;;12182.0;0.0
yf_ZS=F_d7;46300;ASH_COATED_OSMIUM;9925;12;9921;13;;;9931;10;9935;18;;;9928.0;0.0
yf_ZS=F_d7;46300;INTARIAN_PEPPER_ROOT;12180;13;12176;21;;;12188;20;12190;19;;;12184.0;0.0
yf_ZS=F_d7;46400;ASH_COATED_OSMIUM;9915;19;9913;25;;;9942;10;9946;19;;;9928.5;0.0
yf_ZS=F_d7;46400;INTARIAN_PEPPER_ROOT;12175;8;12172;22;;;12197;19;12199;23;;;12186.0;0.0
yf_ZS=F_d7;46500;ASH_COATED_OSMIUM;9926;18;9923;17;;;9932;14;9934;29;;;9929.0;0.0
yf_ZS=F_d7;46500;INTARIAN_PEPPER_ROOT;12185;13;12183;17;;;12194;11;12197;22;;;12189.5;0.0
yf_ZS=F_d7;46600;ASH_COATED_OSMIUM;9922;14;9919;23;;;9936;19;9939;17;;;9929.0;0.0
yf_ZS=F_d7;46600;INTARIAN_PEPPER_ROOT;12189;13;12186;30;;;12195;18;12198;9;;;12192.0;0.0
yf_ZS=F_d7;46700;ASH_COATED_OSMIUM;9924;18;9921;19;;;9931;22;9934;16;;;9927.5;0.0
yf_ZS=F_d7;46700;INTARIAN_PEPPER_ROOT;12191;5;12189;15;;;12199;18;12201;12;;;12195.0;0.0
yf_ZS=F_d7;46800;ASH_COATED_OSMIUM;9925;8;9921;30;;;9931;8;9933;19;;;9928.0;0.0
yf_ZS=F_d7;46800;INTARIAN_PEPPER_ROOT;12193;17;12191;11;;;12203;23;12205;17;;;12198.0;0.0
yf_ZS=F_d7;46900;ASH_COATED_OSMIUM;9925;13;9922;29;;;9931;20;9934;25;;;9928.0;0.0
yf_ZS=F_d7;46900;INTARIAN_PEPPER_ROOT;12198;16;12194;18;;;12204;11;12208;24;;;12201.0;0.0
yf_ZS=F_d7;47000;ASH_COATED_OSMIUM;9926;20;9923;19;;;9932;13;9935;26;;;9929.0;0.0
yf_ZS=F_d7;47000;INTARIAN_PEPPER_ROOT;12195;12;12192;21;;;12212;18;12215;17;;;12203.5;0.0
yf_ZS=F_d7;47100;ASH_COATED_OSMIUM;9925;11;9923;17;;;9931;16;9933;25;;;9928.0;0.0
yf_ZS=F_d7;47100;INTARIAN_PEPPER_ROOT;12199;14;12195;17;;;12214;15;12216;11;;;12206.5;0.0
yf_ZS=F_d7;47200;ASH_COATED_OSMIUM;9925;17;9922;19;;;9931;18;9934;13;;;9928.0;0.0
yf_ZS=F_d7;47200;INTARIAN_PEPPER_ROOT;12205;13;12203;19;;;12211;20;12215;26;;;12208.0;0.0
yf_ZS=F_d7;47300;ASH_COATED_OSMIUM;9922;14;9920;25;;;9935;15;9938;19;;;9928.5;0.0
yf_ZS=F_d7;47300;INTARIAN_PEPPER_ROOT;12208;15;12204;14;;;12214;10;12217;17;;;12211.0;0.0
yf_ZS=F_d7;47400;ASH_COATED_OSMIUM;9925;16;9923;13;;;9931;6;9933;11;;;9928.0;0.0
yf_ZS=F_d7;47400;INTARIAN_PEPPER_ROOT;12206;12;12204;13;;;12221;10;12223;14;;;12213.5;0.0
yf_ZS=F_d7;47500;ASH_COATED_OSMIUM;9924;16;9922;24;;;9933;18;9936;31;;;9928.5;0.0
yf_ZS=F_d7;47500;INTARIAN_PEPPER_ROOT;12214;6;12210;14;;;12220;16;12223;10;;;12217.0;0.0
yf_ZS=F_d7;47600;ASH_COATED_OSMIUM;9921;14;9917;29;;;9936;12;9938;22;;;9928.5;0.0
yf_ZS=F_d7;47600;INTARIAN_PEPPER_ROOT;12216;13;12213;14;;;12222;30;12224;30;;;12219.0;0.0
yf_ZS=F_d7;47700;ASH_COATED_OSMIUM;9922;9;9918;21;;;9935;11;9937;11;;;9928.5;0.0
yf_ZS=F_d7;47700;INTARIAN_PEPPER_ROOT;12219;15;12217;25;;;12225;19;12229;17;;;12222.0;0.0
yf_ZS=F_d7;47800;ASH_COATED_OSMIUM;9925;13;9922;17;;;9931;12;9935;12;;;9928.0;0.0
yf_ZS=F_d7;47800;INTARIAN_PEPPER_ROOT;12222;8;12218;22;;;12228;14;12232;12;;;12225.0;0.0
yf_ZS=F_d7;47900;ASH_COATED_OSMIUM;9925;7;9923;21;;;9931;12;9935;22;;;9928.0;0.0
yf_ZS=F_d7;47900;INTARIAN_PEPPER_ROOT;12224;10;12220;21;;;12230;13;12234;15;;;12227.0;0.0
yf_ZS=F_d7;48000;ASH_COATED_OSMIUM;9925;11;9922;15;;;9931;19;9935;22;;;9928.0;0.0
yf_ZS=F_d7;48000;INTARIAN_PEPPER_ROOT;12221;15;12218;28;;;12238;9;12240;21;;;12229.5;0.0
yf_ZS=F_d7;48100;ASH_COATED_OSMIUM;9925;18;9922;23;;;9932;10;9935;16;;;9928.5;0.0
yf_ZS=F_d7;48100;INTARIAN_PEPPER_ROOT;12230;28;12228;16;;;12236;24;12240;15;;;12233.0;0.0
yf_ZS=F_d7;48200;ASH_COATED_OSMIUM;9923;15;9919;15;;;9933;19;9936;18;;;9928.0;0.0
yf_ZS=F_d7;48200;INTARIAN_PEPPER_ROOT;12233;18;12231;17;;;12239;9;12242;21;;;12236.0;0.0
yf_ZS=F_d7;48300;ASH_COATED_OSMIUM;9925;23;9922;17;;;9931;19;9933;23;;;9928.0;0.0
yf_ZS=F_d7;48300;INTARIAN_PEPPER_ROOT;12235;15;12231;26;;;12242;10;12244;17;;;12238.5;0.0
yf_ZS=F_d7;48400;ASH_COATED_OSMIUM;9924;16;9920;16;;;9931;10;9935;21;;;9927.5;0.0
yf_ZS=F_d7;48400;INTARIAN_PEPPER_ROOT;12238;21;12236;17;;;12244;11;12248;28;;;12241.0;0.0
yf_ZS=F_d7;48500;ASH_COATED_OSMIUM;9925;20;9922;24;;;9931;19;9934;17;;;9928.0;0.0
yf_ZS=F_d7;48500;INTARIAN_PEPPER_ROOT;12241;15;12238;24;;;12247;24;12249;10;;;12244.0;0.0
yf_ZS=F_d7;48600;ASH_COATED_OSMIUM;9925;19;9921;21;;;9931;10;9933;18;;;9928.0;0.0
yf_ZS=F_d7;48600;INTARIAN_PEPPER_ROOT;12244;15;12241;11;;;12250;14;12253;20;;;12247.0;0.0
yf_ZS=F_d7;48700;ASH_COATED_OSMIUM;9925;23;9921;24;;;9931;15;9933;18;;;9928.0;0.0
yf_ZS=F_d7;48700;INTARIAN_PEPPER_ROOT;12242;19;12240;18;;;12257;18;12261;19;;;12249.5;0.0
yf_ZS=F_d7;48800;ASH_COATED_OSMIUM;9925;18;9923;17;;;9931;16;9934;24;;;9928.0;0.0
yf_ZS=F_d7;48800;INTARIAN_PEPPER_ROOT;12249;23;12246;15;;;12255;13;12259;14;;;12252.0;0.0
yf_ZS=F_d7;48900;ASH_COATED_OSMIUM;9923;12;9920;26;;;9933;14;9937;26;;;9928.0;0.0
yf_ZS=F_d7;48900;INTARIAN_PEPPER_ROOT;12251;10;12247;19;;;12258;6;12260;27;;;12254.5;0.0
yf_ZS=F_d7;49000;ASH_COATED_OSMIUM;9922;11;9918;26;;;9936;19;9938;24;;;9929.0;0.0
yf_ZS=F_d7;49000;INTARIAN_PEPPER_ROOT;12248;16;12246;8;;;12268;15;12272;32;;;12258.0;0.0
yf_ZS=F_d7;49100;ASH_COATED_OSMIUM;9925;7;9923;15;;;9931;12;9935;31;;;9928.0;0.0
yf_ZS=F_d7;49100;INTARIAN_PEPPER_ROOT;12257;14;12254;13;;;12263;16;12265;19;;;12260.0;0.0
yf_ZS=F_d7;49200;ASH_COATED_OSMIUM;9911;8;9907;19;;;9945;21;9949;13;;;9928.0;0.0
yf_ZS=F_d7;49200;INTARIAN_PEPPER_ROOT;12259;18;12255;25;;;12267;12;12270;18;;;12263.0;0.0
yf_ZS=F_d7;49300;ASH_COATED_OSMIUM;9915;5;9913;23;;;9942;11;9946;30;;;9928.5;0.0
yf_ZS=F_d7;49300;INTARIAN_PEPPER_ROOT;12263;5;12260;32;;;12269;12;12271;21;;;12266.0;0.0
yf_ZS=F_d7;49400;ASH_COATED_OSMIUM;9925;7;9923;13;;;9932;20;9934;26;;;9928.5;0.0
yf_ZS=F_d7;49400;INTARIAN_PEPPER_ROOT;12266;20;12264;17;;;12272;19;12276;19;;;12269.0;0.0
yf_ZS=F_d7;49500;ASH_COATED_OSMIUM;9925;10;9923;22;;;9931;7;9933;16;;;9928.0;0.0
yf_ZS=F_d7;49500;INTARIAN_PEPPER_ROOT;12269;22;12267;11;;;12275;12;12277;24;;;12272.0;0.0
yf_ZS=F_d7;49600;ASH_COATED_OSMIUM;9925;21;9921;24;;;9931;12;9935;14;;;9928.0;0.0
yf_ZS=F_d7;49600;INTARIAN_PEPPER_ROOT;12271;21;12267;27;;;12277;20;12279;19;;;12274.0;0.0
yf_ZS=F_d7;49700;ASH_COATED_OSMIUM;9914;13;9910;28;;;9942;16;9944;27;;;9928.0;0.0
yf_ZS=F_d7;49700;INTARIAN_PEPPER_ROOT;12274;9;12272;13;;;12280;20;12282;8;;;12277.0;0.0
yf_ZS=F_d7;49800;ASH_COATED_OSMIUM;9923;15;9921;15;;;9934;12;9936;26;;;9928.5;0.0
yf_ZS=F_d7;49800;INTARIAN_PEPPER_ROOT;12276;20;12272;21;;;12284;16;12286;24;;;12280.0;0.0
yf_ZS=F_d7;49900;ASH_COATED_OSMIUM;9925;14;9922;20;;;9931;9;9935;23;;;9928.0;0.0
yf_ZS=F_d7;49900;INTARIAN_PEPPER_ROOT;12280;16;12276;20;;;12286;15;12290;17;;;12283.0;0.0
yf_ZS=F_d7;50000;ASH_COATED_OSMIUM;9925;14;9921;30;;;9931;17;9935;18;;;9928.0;0.0
yf_ZS=F_d7;50000;INTARIAN_PEPPER_ROOT;12282;17;12278;15;;;12288;17;12292;19;;;12285.0;0.0
yf_ZS=F_d7;50100;ASH_COATED_OSMIUM;9925;18;9921;24;;;9931;13;9934;25;;;9928.0;0.0
yf_ZS=F_d7;50100;INTARIAN_PEPPER_ROOT;12285;18;12282;22;;;12291;24;12293;21;;;12288.0;0.0
yf_ZS=F_d7;50200;ASH_COATED_OSMIUM;9925;8;9923;16;;;9931;22;9934;8;;;9928.0;0.0
yf_ZS=F_d7;50200;INTARIAN_PEPPER_ROOT;12287;15;12284;17;;;12293;12;12295;18;;;12290.0;0.0
yf_ZS=F_d7;50300;ASH_COATED_OSMIUM;9925;10;9922;15;;;9931;12;9933;12;;;9928.0;0.0
yf_ZS=F_d7;50300;INTARIAN_PEPPER_ROOT;12290;19;12287;27;;;12296;8;12298;18;;;12293.0;0.0
yf_ZS=F_d7;50400;ASH_COATED_OSMIUM;9921;13;9919;26;;;9935;8;9937;23;;;9928.0;0.0
yf_ZS=F_d7;50400;INTARIAN_PEPPER_ROOT;12293;15;12291;20;;;12299;17;12302;23;;;12296.0;0.0
yf_ZS=F_d7;50500;ASH_COATED_OSMIUM;9922;14;9918;18;;;9934;11;9938;14;;;9928.0;0.0
yf_ZS=F_d7;50500;INTARIAN_PEPPER_ROOT;12293;20;12289;15;;;12306;17;12308;32;;;12299.5;0.0
yf_ZS=F_d7;50600;ASH_COATED_OSMIUM;9925;18;9922;26;;;9931;21;9934;14;;;9928.0;0.0
yf_ZS=F_d7;50600;INTARIAN_PEPPER_ROOT;12293;6;12291;19;;;12309;17;12311;31;;;12301.0;0.0
yf_ZS=F_d7;50700;ASH_COATED_OSMIUM;9925;18;9922;19;;;9931;22;9935;19;;;9928.0;0.0
yf_ZS=F_d7;50700;INTARIAN_PEPPER_ROOT;12302;13;12298;23;;;12308;9;12312;22;;;12305.0;0.0
yf_ZS=F_d7;50800;ASH_COATED_OSMIUM;9925;12;9921;18;;;9931;9;9935;15;;;9928.0;0.0
yf_ZS=F_d7;50800;INTARIAN_PEPPER_ROOT;12292;18;12290;18;;;12322;12;12324;20;;;12307.0;0.0
yf_ZS=F_d7;50900;ASH_COATED_OSMIUM;9921;16;9917;15;;;9933;21;9936;24;;;9927.0;0.0
yf_ZS=F_d7;50900;INTARIAN_PEPPER_ROOT;12304;16;12302;20;;;12312;12;12316;22;;;12308.0;0.0
yf_ZS=F_d7;51000;ASH_COATED_OSMIUM;9925;24;9922;18;;;9931;18;9935;19;;;9928.0;0.0
yf_ZS=F_d7;51000;INTARIAN_PEPPER_ROOT;12304;18;12302;9;;;12310;10;12314;13;;;12307.0;0.0
yf_ZS=F_d7;51100;ASH_COATED_OSMIUM;9925;14;9921;23;;;9931;15;9934;20;;;9928.0;0.0
yf_ZS=F_d7;51100;INTARIAN_PEPPER_ROOT;12302;7;12300;17;;;12308;17;12312;18;;;12305.0;0.0
yf_ZS=F_d7;51200;ASH_COATED_OSMIUM;9923;19;9919;23;;;9933;15;9935;28;;;9928.0;0.0
yf_ZS=F_d7;51200;INTARIAN_PEPPER_ROOT;12298;20;12295;23;;;12309;9;12312;20;;;12303.5;0.0
yf_ZS=F_d7;51300;ASH_COATED_OSMIUM;9925;19;9923;17;;;9931;10;9935;21;;;9928.0;0.0
yf_ZS=F_d7;51300;INTARIAN_PEPPER_ROOT;12299;12;12297;12;;;12305;20;12308;15;;;12302.0;0.0
yf_ZS=F_d7;51400;ASH_COATED_OSMIUM;9925;11;9921;18;;;9931;12;9935;18;;;9928.0;0.0
yf_ZS=F_d7;51400;INTARIAN_PEPPER_ROOT;12299;10;12295;14;;;12305;14;12307;13;;;12302.0;0.0
yf_ZS=F_d7;51500;ASH_COATED_OSMIUM;9926;16;9924;21;;;9932;14;9936;11;;;9929.0;0.0
yf_ZS=F_d7;51500;INTARIAN_PEPPER_ROOT;12297;11;12294;20;;;12303;11;12306;18;;;12300.0;0.0
yf_ZS=F_d7;51600;ASH_COATED_OSMIUM;9922;6;9920;22;;;9934;5;9936;19;;;9928.0;0.0
yf_ZS=F_d7;51600;INTARIAN_PEPPER_ROOT;12294;15;12292;18;;;12304;9;12308;18;;;12299.0;0.0
yf_ZS=F_d7;51700;ASH_COATED_OSMIUM;9922;16;9919;23;;;9935;13;9939;8;;;9928.5;0.0
yf_ZS=F_d7;51700;INTARIAN_PEPPER_ROOT;12295;22;12293;16;;;12303;15;12306;14;;;12299.0;0.0
yf_ZS=F_d7;51800;ASH_COATED_OSMIUM;9925;15;9922;16;;;9932;9;9935;9;;;9928.5;0.0
yf_ZS=F_d7;51800;INTARIAN_PEPPER_ROOT;12294;16;12291;33;;;12300;18;12304;29;;;12297.0;0.0
yf_ZS=F_d7;51900;ASH_COATED_OSMIUM;9925;15;9923;26;;;9931;16;9933;15;;;9928.0;0.0
yf_ZS=F_d7;51900;INTARIAN_PEPPER_ROOT;12293;21;12290;22;;;12299;17;12302;22;;;12296.0;0.0
yf_ZS=F_d7;52000;ASH_COATED_OSMIUM;9925;14;9923;21;;;9931;16;9935;23;;;9928.0;0.0
yf_ZS=F_d7;52000;INTARIAN_PEPPER_ROOT;12283;12;12280;24;;;12307;15;12311;24;;;12295.0;0.0
yf_ZS=F_d7;52100;ASH_COATED_OSMIUM;9925;23;9922;19;;;9931;16;9933;24;;;9928.0;0.0
yf_ZS=F_d7;52100;INTARIAN_PEPPER_ROOT;12290;18;12286;16;;;12296;14;12298;27;;;12293.0;0.0
yf_ZS=F_d7;52200;ASH_COATED_OSMIUM;9926;18;9924;14;;;9932;21;9934;20;;;9929.0;0.0
yf_ZS=F_d7;52200;INTARIAN_PEPPER_ROOT;12289;14;12287;23;;;12295;14;12297;25;;;12292.0;0.0
yf_ZS=F_d7;52300;ASH_COATED_OSMIUM;9925;18;9921;15;;;9931;17;9935;23;;;9928.0;0.0
yf_ZS=F_d7;52300;INTARIAN_PEPPER_ROOT;12287;18;12284;21;;;12294;10;12296;26;;;12290.5;0.0
yf_ZS=F_d7;52400;ASH_COATED_OSMIUM;9926;10;9922;21;;;9932;18;9935;35;;;9929.0;0.0
yf_ZS=F_d7;52400;INTARIAN_PEPPER_ROOT;12285;7;12283;20;;;12295;14;12299;19;;;12290.0;0.0
yf_ZS=F_d7;52500;ASH_COATED_OSMIUM;9926;23;9924;26;;;9932;18;9936;25;;;9929.0;0.0
yf_ZS=F_d7;52500;INTARIAN_PEPPER_ROOT;12283;18;12281;20;;;12294;28;12297;17;;;12288.5;0.0
yf_ZS=F_d7;52600;ASH_COATED_OSMIUM;9924;19;9920;17;;;9932;25;9935;15;;;9928.0;0.0
yf_ZS=F_d7;52600;INTARIAN_PEPPER_ROOT;12284;12;12282;22;;;12290;8;12294;14;;;12287.0;0.0
yf_ZS=F_d7;52700;ASH_COATED_OSMIUM;9926;18;9923;20;;;9932;14;9934;20;;;9929.0;0.0
yf_ZS=F_d7;52700;INTARIAN_PEPPER_ROOT;12283;11;12281;14;;;12289;8;12292;21;;;12286.0;0.0
yf_ZS=F_d7;52800;ASH_COATED_OSMIUM;9925;20;9921;13;;;9931;12;9934;16;;;9928.0;0.0
yf_ZS=F_d7;52800;INTARIAN_PEPPER_ROOT;12282;16;12280;21;;;12288;14;12292;14;;;12285.0;0.0
yf_ZS=F_d7;52900;ASH_COATED_OSMIUM;9924;17;9920;21;;;9934;18;9938;18;;;9929.0;0.0
yf_ZS=F_d7;52900;INTARIAN_PEPPER_ROOT;12279;5;12277;21;;;12289;16;12293;22;;;12284.0;0.0
yf_ZS=F_d7;53000;ASH_COATED_OSMIUM;9925;14;9922;14;;;9931;18;9933;29;;;9928.0;0.0
yf_ZS=F_d7;53000;INTARIAN_PEPPER_ROOT;12279;17;12276;18;;;12285;10;12289;22;;;12282.0;0.0
yf_ZS=F_d7;53100;ASH_COATED_OSMIUM;9921;8;9918;13;;;9936;9;9939;19;;;9928.5;0.0
yf_ZS=F_d7;53100;INTARIAN_PEPPER_ROOT;12279;13;12277;24;;;12285;15;12288;15;;;12282.0;0.0
yf_ZS=F_d7;53200;ASH_COATED_OSMIUM;9919;27;9916;18;;;9938;16;9942;16;;;9928.5;0.0
yf_ZS=F_d7;53200;INTARIAN_PEPPER_ROOT;12274;9;12270;24;;;12286;20;12289;19;;;12280.0;0.0
yf_ZS=F_d7;53300;ASH_COATED_OSMIUM;9926;12;9923;15;;;9932;16;9935;15;;;9929.0;0.0
yf_ZS=F_d7;53300;INTARIAN_PEPPER_ROOT;12276;10;12272;25;;;12282;8;12284;25;;;12279.0;0.0
yf_ZS=F_d7;53400;ASH_COATED_OSMIUM;9926;16;9923;24;;;9932;11;9936;19;;;9929.0;0.0
yf_ZS=F_d7;53400;INTARIAN_PEPPER_ROOT;12272;28;12269;14;;;12284;19;12287;18;;;12278.0;0.0
yf_ZS=F_d7;53500;ASH_COATED_OSMIUM;9925;22;9922;24;;;9933;9;9937;21;;;9929.0;0.0
yf_ZS=F_d7;53500;INTARIAN_PEPPER_ROOT;12272;21;12270;19;;;12280;18;12284;18;;;12276.0;0.0
yf_ZS=F_d7;53600;ASH_COATED_OSMIUM;9925;16;9923;15;;;9931;19;9935;19;;;9928.0;0.0
yf_ZS=F_d7;53600;INTARIAN_PEPPER_ROOT;12268;18;12264;25;;;12283;11;12285;27;;;12275.5;0.0
yf_ZS=F_d7;53700;ASH_COATED_OSMIUM;9926;8;9922;18;;;9932;17;9935;17;;;9929.0;0.0
yf_ZS=F_d7;53700;INTARIAN_PEPPER_ROOT;12270;14;12268;28;;;12278;13;12280;18;;;12274.0;0.0
yf_ZS=F_d7;53800;ASH_COATED_OSMIUM;9925;18;9921;19;;;9933;14;9935;14;;;9929.0;0.0
yf_ZS=F_d7;53800;INTARIAN_PEPPER_ROOT;12267;14;12263;17;;;12278;25;12280;19;;;12272.5;0.0
yf_ZS=F_d7;53900;ASH_COATED_OSMIUM;9920;13;9918;29;;;9939;18;9943;16;;;9929.5;0.0
yf_ZS=F_d7;53900;INTARIAN_PEPPER_ROOT;12268;18;12266;16;;;12276;11;12279;24;;;12272.0;0.0
yf_ZS=F_d7;54000;ASH_COATED_OSMIUM;9927;5;9923;17;;;9933;22;9935;15;;;9930.0;0.0
yf_ZS=F_d7;54000;INTARIAN_PEPPER_ROOT;12267;7;12265;21;;;12273;12;12276;13;;;12270.0;0.0
yf_ZS=F_d7;54100;ASH_COATED_OSMIUM;9926;18;9922;22;;;9932;17;9936;30;;;9929.0;0.0
yf_ZS=F_d7;54100;INTARIAN_PEPPER_ROOT;12267;15;12264;15;;;12273;16;12276;20;;;12270.0;0.0
yf_ZS=F_d7;54200;ASH_COATED_OSMIUM;9925;9;9923;18;;;9935;5;9938;16;;;9930.0;0.0
yf_ZS=F_d7;54200;INTARIAN_PEPPER_ROOT;12257;18;12254;19;;;12278;15;12281;17;;;12267.5;0.0
yf_ZS=F_d7;54300;ASH_COATED_OSMIUM;9926;19;9922;11;;;9933;12;9935;24;;;9929.5;0.0
yf_ZS=F_d7;54300;INTARIAN_PEPPER_ROOT;12264;7;12260;15;;;12270;20;12272;17;;;12267.0;0.0
yf_ZS=F_d7;54400;ASH_COATED_OSMIUM;9922;14;9919;20;;;9938;11;9940;16;;;9930.0;0.0
yf_ZS=F_d7;54400;INTARIAN_PEPPER_ROOT;12263;9;12259;22;;;12269;25;12273;8;;;12266.0;0.0
yf_ZS=F_d7;54500;ASH_COATED_OSMIUM;9926;18;9923;22;;;9932;14;9935;24;;;9929.0;0.0
yf_ZS=F_d7;54500;INTARIAN_PEPPER_ROOT;12261;12;12257;22;;;12267;8;12271;24;;;12264.0;0.0
yf_ZS=F_d7;54600;ASH_COATED_OSMIUM;9925;12;9921;15;;;9934;10;9936;24;;;9929.5;0.0
yf_ZS=F_d7;54600;INTARIAN_PEPPER_ROOT;12260;19;12257;22;;;12266;16;12269;24;;;12263.0;0.0
yf_ZS=F_d7;54700;ASH_COATED_OSMIUM;9922;17;9920;14;;;9937;14;9941;19;;;9929.5;0.0
yf_ZS=F_d7;54700;INTARIAN_PEPPER_ROOT;12253;7;12250;24;;;12272;9;12275;24;;;12262.5;0.0
yf_ZS=F_d7;54800;ASH_COATED_OSMIUM;9923;13;9921;13;;;9937;18;9941;20;;;9930.0;0.0
yf_ZS=F_d7;54800;INTARIAN_PEPPER_ROOT;12255;9;12253;27;;;12269;12;12273;25;;;12262.0;0.0
yf_ZS=F_d7;54900;ASH_COATED_OSMIUM;9922;21;9920;21;;;9937;15;9940;14;;;9929.5;0.0
yf_ZS=F_d7;54900;INTARIAN_PEPPER_ROOT;12256;14;12254;22;;;12264;16;12267;21;;;12260.0;0.0
yf_ZS=F_d7;55000;ASH_COATED_OSMIUM;9927;9;9924;27;;;9933;5;9936;14;;;9930.0;0.0
yf_ZS=F_d7;55000;INTARIAN_PEPPER_ROOT;12255;20;12251;15;;;12261;20;12264;19;;;12258.0;0.0
yf_ZS=F_d7;55100;ASH_COATED_OSMIUM;9925;12;9923;14;;;9933;20;9936;22;;;9929.0;0.0
yf_ZS=F_d7;55100;INTARIAN_PEPPER_ROOT;12254;11;12251;18;;;12261;17;12263;19;;;12257.5;0.0
yf_ZS=F_d7;55200;ASH_COATED_OSMIUM;9913;12;9909;15;;;9945;19;9947;21;;;9929.0;0.0
yf_ZS=F_d7;55200;INTARIAN_PEPPER_ROOT;12253;12;12251;20;;;12259;10;12262;19;;;12256.0;0.0
yf_ZS=F_d7;55300;ASH_COATED_OSMIUM;9924;12;9920;34;;;9936;15;9938;13;;;9930.0;0.0
yf_ZS=F_d7;55300;INTARIAN_PEPPER_ROOT;12251;12;12248;25;;;12260;11;12264;20;;;12255.5;0.0
yf_ZS=F_d7;55400;ASH_COATED_OSMIUM;9926;21;9924;18;;;9932;12;9934;18;;;9929.0;0.0
yf_ZS=F_d7;55400;INTARIAN_PEPPER_ROOT;12249;17;12246;27;;;12259;14;12263;12;;;12254.0;0.0
yf_ZS=F_d7;55500;ASH_COATED_OSMIUM;9923;10;9921;17;;;9937;14;9940;23;;;9930.0;0.0
yf_ZS=F_d7;55500;INTARIAN_PEPPER_ROOT;12249;14;12247;16;;;12255;20;12258;21;;;12252.0;0.0
yf_ZS=F_d7;55600;ASH_COATED_OSMIUM;9927;15;9923;27;;;9933;21;9935;23;;;9930.0;0.0
yf_ZS=F_d7;55600;INTARIAN_PEPPER_ROOT;12244;19;12240;18;;;12260;7;12263;23;;;12252.0;0.0
yf_ZS=F_d7;55700;ASH_COATED_OSMIUM;9926;20;9924;16;;;9933;15;9937;17;;;9929.5;0.0
yf_ZS=F_d7;55700;INTARIAN_PEPPER_ROOT;12247;15;12243;17;;;12253;14;12256;20;;;12250.0;0.0
yf_ZS=F_d7;55800;ASH_COATED_OSMIUM;9926;7;9923;11;;;9932;16;9936;22;;;9929.0;0.0
yf_ZS=F_d7;55800;INTARIAN_PEPPER_ROOT;12245;9;12241;22;;;12253;17;12256;15;;;12249.0;0.0
yf_ZS=F_d7;55900;ASH_COATED_OSMIUM;9927;11;9925;18;;;9934;11;9936;25;;;9930.5;0.0
yf_ZS=F_d7;55900;INTARIAN_PEPPER_ROOT;12238;17;12235;15;;;12256;15;12260;27;;;12247.0;0.0
yf_ZS=F_d7;56000;ASH_COATED_OSMIUM;9927;13;9925;18;;;9933;9;9936;18;;;9930.0;0.0
yf_ZS=F_d7;56000;INTARIAN_PEPPER_ROOT;12244;23;12242;16;;;12250;11;12252;14;;;12247.0;0.0
yf_ZS=F_d7;56100;ASH_COATED_OSMIUM;9927;12;9925;13;;;9933;14;9935;26;;;9930.0;0.0
yf_ZS=F_d7;56100;INTARIAN_PEPPER_ROOT;12242;19;12239;16;;;12248;16;12250;33;;;12245.0;0.0
yf_ZS=F_d7;56200;ASH_COATED_OSMIUM;9915;8;9912;15;;;9945;17;9949;10;;;9930.0;0.0
yf_ZS=F_d7;56200;INTARIAN_PEPPER_ROOT;12240;12;12238;23;;;12251;12;12254;14;;;12245.5;0.0
yf_ZS=F_d7;56300;ASH_COATED_OSMIUM;9921;27;9917;19;;;9939;18;9942;19;;;9930.0;0.0
yf_ZS=F_d7;56300;INTARIAN_PEPPER_ROOT;12240;10;12236;16;;;12246;23;12248;21;;;12243.0;0.0
yf_ZS=F_d7;56400;ASH_COATED_OSMIUM;9927;17;9924;26;;;9933;18;9936;28;;;9930.0;0.0
yf_ZS=F_d7;56400;INTARIAN_PEPPER_ROOT;12239;18;12235;27;;;12245;11;12248;20;;;12242.0;0.0
yf_ZS=F_d7;56500;ASH_COATED_OSMIUM;9927;11;9923;20;;;9933;11;9937;29;;;9930.0;0.0
yf_ZS=F_d7;56500;INTARIAN_PEPPER_ROOT;12234;15;12231;22;;;12247;15;12251;15;;;12240.5;0.0
yf_ZS=F_d7;56600;ASH_COATED_OSMIUM;9927;12;9923;24;;;9933;14;9937;15;;;9930.0;0.0
yf_ZS=F_d7;56600;INTARIAN_PEPPER_ROOT;12237;11;12233;26;;;12243;15;12245;15;;;12240.0;0.0
yf_ZS=F_d7;56700;ASH_COATED_OSMIUM;9927;14;9924;24;;;9933;12;9937;22;;;9930.0;0.0
yf_ZS=F_d7;56700;INTARIAN_PEPPER_ROOT;12236;13;12234;15;;;12242;6;12245;16;;;12239.0;0.0
yf_ZS=F_d7;56800;ASH_COATED_OSMIUM;9926;8;9923;18;;;9935;17;9939;31;;;9930.5;0.0
yf_ZS=F_d7;56800;INTARIAN_PEPPER_ROOT;12234;16;12232;16;;;12241;13;12245;11;;;12237.5;0.0
yf_ZS=F_d7;56900;ASH_COATED_OSMIUM;9916;7;9913;16;;;9944;16;9947;24;;;9930.0;0.0
yf_ZS=F_d7;56900;INTARIAN_PEPPER_ROOT;12233;11;12231;13;;;12239;14;12241;25;;;12236.0;0.0
yf_ZS=F_d7;57000;ASH_COATED_OSMIUM;9927;11;9924;8;;;9933;16;9936;17;;;9930.0;0.0
yf_ZS=F_d7;57000;INTARIAN_PEPPER_ROOT;12231;5;12228;25;;;12237;20;12240;18;;;12234.0;0.0
yf_ZS=F_d7;57100;ASH_COATED_OSMIUM;9927;13;9924;14;;;9933;19;9937;22;;;9930.0;0.0
yf_ZS=F_d7;57100;INTARIAN_PEPPER_ROOT;12230;21;12228;15;;;12236;22;12238;17;;;12233.0;0.0
yf_ZS=F_d7;57200;ASH_COATED_OSMIUM;9916;9;9914;16;;;9944;13;9946;10;;;9930.0;0.0
yf_ZS=F_d7;57200;INTARIAN_PEPPER_ROOT;12226;14;12224;21;;;12240;17;12244;21;;;12233.0;0.0
yf_ZS=F_d7;57300;ASH_COATED_OSMIUM;9925;14;9922;20;;;9935;9;9938;30;;;9930.0;0.0
yf_ZS=F_d7;57300;INTARIAN_PEPPER_ROOT;12226;17;12224;20;;;12237;19;12240;16;;;12231.5;0.0
yf_ZS=F_d7;57400;ASH_COATED_OSMIUM;9926;15;9923;17;;;9935;10;9939;20;;;9930.5;0.0
yf_ZS=F_d7;57400;INTARIAN_PEPPER_ROOT;12222;15;12218;13;;;12238;12;12242;28;;;12230.0;0.0
yf_ZS=F_d7;57500;ASH_COATED_OSMIUM;9918;15;9915;28;;;9943;24;9945;26;;;9930.5;0.0
yf_ZS=F_d7;57500;INTARIAN_PEPPER_ROOT;12207;15;12203;16;;;12251;16;12254;14;;;12229.0;0.0
yf_ZS=F_d7;57600;ASH_COATED_OSMIUM;9927;15;9924;22;;;9933;12;9935;21;;;9930.0;0.0
yf_ZS=F_d7;57600;INTARIAN_PEPPER_ROOT;12216;17;12212;19;;;12239;19;12243;26;;;12227.5;0.0
yf_ZS=F_d7;57700;ASH_COATED_OSMIUM;9926;15;9922;14;;;9932;29;9935;19;;;9929.0;0.0
yf_ZS=F_d7;57700;INTARIAN_PEPPER_ROOT;12220;14;12218;22;;;12233;17;12236;21;;;12226.5;0.0
yf_ZS=F_d7;57800;ASH_COATED_OSMIUM;9927;16;9925;26;;;9933;20;9937;28;;;9930.0;0.0
yf_ZS=F_d7;57800;INTARIAN_PEPPER_ROOT;12222;22;12219;17;;;12228;11;12230;12;;;12225.0;0.0
yf_ZS=F_d7;57900;ASH_COATED_OSMIUM;9927;14;9924;25;;;9933;5;9937;12;;;9930.0;0.0
yf_ZS=F_d7;57900;INTARIAN_PEPPER_ROOT;12219;22;12216;20;;;12230;26;12232;8;;;12224.5;0.0
yf_ZS=F_d7;58000;ASH_COATED_OSMIUM;9926;20;9923;22;;;9935;10;9939;17;;;9930.5;0.0
yf_ZS=F_d7;58000;INTARIAN_PEPPER_ROOT;12219;15;12217;18;;;12228;10;12231;22;;;12223.5;0.0
yf_ZS=F_d7;58100;ASH_COATED_OSMIUM;9928;8;9925;17;;;9934;19;9937;21;;;9931.0;0.0
yf_ZS=F_d7;58100;INTARIAN_PEPPER_ROOT;12214;8;12210;14;;;12229;12;12231;19;;;12221.5;0.0
yf_ZS=F_d7;58200;ASH_COATED_OSMIUM;9922;19;9919;8;;;9940;9;9943;31;;;9931.0;0.0
yf_ZS=F_d7;58200;INTARIAN_PEPPER_ROOT;12216;27;12212;18;;;12225;12;12229;21;;;12220.5;0.0
yf_ZS=F_d7;58300;ASH_COATED_OSMIUM;9925;18;9923;13;;;9936;22;9939;23;;;9930.5;0.0
yf_ZS=F_d7;58300;INTARIAN_PEPPER_ROOT;12216;16;12212;19;;;12222;10;12225;20;;;12219.0;0.0
