day;timestamp;product;bid_price_1;bid_volume_1;bid_price_2;bid_volume_2;bid_price_3;bid_volume_3;ask_price_1;ask_volume_1;ask_price_2;ask_volume_2;ask_price_3;ask_volume_3;mid_price;profit_and_loss
av_WHEAT_d2;0;ASH_COATED_OSMIUM;10081;11;10077;8;;;10087;15;10089;17;;;10084.0;0.0
av_WHEAT_d2;0;INTARIAN_PEPPER_ROOT;12728;10;12724;23;;;12735;11;12737;26;;;12731.5;0.0
av_WHEAT_d2;100;ASH_COATED_OSMIUM;10081;6;10077;15;;;10087;15;10089;28;;;10084.0;0.0
av_WHEAT_d2;100;INTARIAN_PEPPER_ROOT;12721;9;12719;16;;;12742;12;12746;27;;;12731.5;0.0
av_WHEAT_d2;200;ASH_COATED_OSMIUM;10081;20;10077;9;;;10087;18;10090;24;;;10084.0;0.0
av_WHEAT_d2;200;INTARIAN_PEPPER_ROOT;12725;14;12722;19;;;12735;16;12737;30;;;12730.0;0.0
av_WHEAT_d2;300;ASH_COATED_OSMIUM;10081;17;10077;13;;;10088;13;10092;19;;;10084.5;0.0
av_WHEAT_d2;300;INTARIAN_PEPPER_ROOT;12722;19;12719;20;;;12738;24;12742;20;;;12730.0;0.0
av_WHEAT_d2;400;ASH_COATED_OSMIUM;10082;16;10078;22;;;10088;18;10092;25;;;10085.0;0.0
av_WHEAT_d2;400;INTARIAN_PEPPER_ROOT;12726;19;12723;15;;;12732;9;12736;14;;;12729.0;0.0
av_WHEAT_d2;500;ASH_COATED_OSMIUM;10082;17;10080;13;;;10088;23;10092;24;;;10085.0;0.0
av_WHEAT_d2;500;INTARIAN_PEPPER_ROOT;12725;18;12722;23;;;12731;14;12733;25;;;12728.0;0.0
av_WHEAT_d2;600;ASH_COATED_OSMIUM;10076;15;10074;25;;;10093;27;10096;22;;;10084.5;0.0
av_WHEAT_d2;600;INTARIAN_PEPPER_ROOT;12725;9;12722;24;;;12731;15;12733;16;;;12728.0;0.0
av_WHEAT_d2;700;ASH_COATED_OSMIUM;10069;19;10067;17;;;10100;14;10103;11;;;10084.5;0.0
av_WHEAT_d2;700;INTARIAN_PEPPER_ROOT;12714;12;12711;24;;;12740;9;12742;9;;;12727.0;0.0
av_WHEAT_d2;800;ASH_COATED_OSMIUM;10081;10;10077;22;;;10088;13;10091;18;;;10084.5;0.0
av_WHEAT_d2;800;INTARIAN_PEPPER_ROOT;12723;19;12721;21;;;12729;13;12733;25;;;12726.0;0.0
av_WHEAT_d2;900;ASH_COATED_OSMIUM;10082;12;10079;22;;;10088;13;10091;19;;;10085.0;0.0
av_WHEAT_d2;900;INTARIAN_PEPPER_ROOT;12722;23;12720;20;;;12728;21;12730;21;;;12725.0;0.0
av_WHEAT_d2;1000;ASH_COATED_OSMIUM;10067;13;10063;16;;;10102;17;10104;22;;;10084.5;0.0
av_WHEAT_d2;1000;INTARIAN_PEPPER_ROOT;12721;12;12717;24;;;12727;15;12730;19;;;12724.0;0.0
av_WHEAT_d2;1100;ASH_COATED_OSMIUM;10083;23;10079;21;;;10089;22;10092;22;;;10086.0;0.0
av_WHEAT_d2;1100;INTARIAN_PEPPER_ROOT;12714;21;12712;24;;;12735;17;12738;18;;;12724.5;0.0
av_WHEAT_d2;1200;ASH_COATED_OSMIUM;10082;17;10079;15;;;10088;12;10090;18;;;10085.0;0.0
av_WHEAT_d2;1200;INTARIAN_PEPPER_ROOT;12720;17;12717;19;;;12728;20;12732;10;;;12724.0;0.0
av_WHEAT_d2;1300;ASH_COATED_OSMIUM;10082;17;10079;14;;;10088;17;10090;23;;;10085.0;0.0
av_WHEAT_d2;1300;INTARIAN_PEPPER_ROOT;12719;5;12717;17;;;12725;17;12727;11;;;12722.0;0.0
av_WHEAT_d2;1400;ASH_COATED_OSMIUM;10076;23;10072;17;;;10094;19;10098;19;;;10085.0;0.0
av_WHEAT_d2;1400;INTARIAN_PEPPER_ROOT;12714;16;12710;22;;;12729;11;12731;10;;;12721.5;0.0
av_WHEAT_d2;1500;ASH_COATED_OSMIUM;10083;19;10080;28;;;10089;5;10092;24;;;10086.0;0.0
av_WHEAT_d2;1500;INTARIAN_PEPPER_ROOT;12718;29;12716;18;;;12724;16;12727;16;;;12721.0;0.0
av_WHEAT_d2;1600;ASH_COATED_OSMIUM;10069;16;10067;19;;;10101;14;10103;25;;;10085.0;0.0
av_WHEAT_d2;1600;INTARIAN_PEPPER_ROOT;12717;15;12715;22;;;12723;11;12725;15;;;12720.0;0.0
av_WHEAT_d2;1700;ASH_COATED_OSMIUM;10077;15;10073;19;;;10094;27;10096;23;;;10085.5;0.0
av_WHEAT_d2;1700;INTARIAN_PEPPER_ROOT;12714;15;12711;21;;;12724;27;12728;16;;;12719.0;0.0
av_WHEAT_d2;1800;ASH_COATED_OSMIUM;10083;19;10080;25;;;10089;23;10093;25;;;10086.0;0.0
av_WHEAT_d2;1800;INTARIAN_PEPPER_ROOT;12715;24;12713;12;;;12723;23;12727;25;;;12719.0;0.0
av_WHEAT_d2;1900;ASH_COATED_OSMIUM;10083;23;10079;21;;;10089;16;10093;16;;;10086.0;0.0
av_WHEAT_d2;1900;INTARIAN_PEPPER_ROOT;12715;16;12711;18;;;12722;15;12725;28;;;12718.5;0.0
av_WHEAT_d2;2000;ASH_COATED_OSMIUM;10083;13;10079;20;;;10089;18;10091;16;;;10086.0;0.0
av_WHEAT_d2;2000;INTARIAN_PEPPER_ROOT;12715;19;12713;21;;;12721;13;12725;24;;;12718.0;0.0
av_WHEAT_d2;2100;ASH_COATED_OSMIUM;10081;16;10077;24;;;10092;16;10096;22;;;10086.5;0.0
av_WHEAT_d2;2100;INTARIAN_PEPPER_ROOT;12714;16;12712;22;;;12720;12;12723;24;;;12717.0;0.0
av_WHEAT_d2;2200;ASH_COATED_OSMIUM;10073;14;10070;12;;;10099;21;10101;11;;;10086.0;0.0
av_WHEAT_d2;2200;INTARIAN_PEPPER_ROOT;12712;19;12709;15;;;12718;12;12721;23;;;12715.0;0.0
av_WHEAT_d2;2300;ASH_COATED_OSMIUM;10083;16;10079;16;;;10089;16;10092;26;;;10086.0;0.0
av_WHEAT_d2;2300;INTARIAN_PEPPER_ROOT;12712;17;12709;12;;;12718;19;12721;21;;;12715.0;0.0
av_WHEAT_d2;2400;ASH_COATED_OSMIUM;10082;18;10080;25;;;10092;9;10096;23;;;10087.0;0.0
av_WHEAT_d2;2400;INTARIAN_PEPPER_ROOT;12707;13;12704;13;;;12720;20;12722;21;;;12713.5;0.0
av_WHEAT_d2;2500;ASH_COATED_OSMIUM;10082;23;10079;20;;;10090;23;10094;25;;;10086.0;0.0
av_WHEAT_d2;2500;INTARIAN_PEPPER_ROOT;12710;18;12707;18;;;12718;19;12722;17;;;12714.0;0.0
av_WHEAT_d2;2600;ASH_COATED_OSMIUM;10080;11;10077;21;;;10092;15;10094;11;;;10086.0;0.0
av_WHEAT_d2;2600;INTARIAN_PEPPER_ROOT;12709;11;12705;19;;;12715;6;12719;25;;;12712.0;0.0
av_WHEAT_d2;2700;ASH_COATED_OSMIUM;10082;13;10079;26;;;10091;12;10095;22;;;10086.5;0.0
av_WHEAT_d2;2700;INTARIAN_PEPPER_ROOT;12701;16;12698;13;;;12723;18;12727;17;;;12712.0;0.0
av_WHEAT_d2;2800;ASH_COATED_OSMIUM;10082;14;10079;20;;;10091;8;10093;21;;;10086.5;0.0
av_WHEAT_d2;2800;INTARIAN_PEPPER_ROOT;12707;16;12705;21;;;12715;18;12718;14;;;12711.0;0.0
av_WHEAT_d2;2900;ASH_COATED_OSMIUM;10083;18;10081;26;;;10089;9;10093;22;;;10086.0;0.0
av_WHEAT_d2;2900;INTARIAN_PEPPER_ROOT;12706;11;12702;14;;;12715;16;12717;20;;;12710.5;0.0
av_WHEAT_d2;3000;ASH_COATED_OSMIUM;10082;14;10078;27;;;10092;17;10094;21;;;10087.0;0.0
av_WHEAT_d2;3000;INTARIAN_PEPPER_ROOT;12707;23;12704;20;;;12713;21;12716;22;;;12710.0;0.0
av_WHEAT_d2;3100;ASH_COATED_OSMIUM;10084;18;10080;25;;;10090;11;10094;23;;;10087.0;0.0
av_WHEAT_d2;3100;INTARIAN_PEPPER_ROOT;12699;15;12697;22;;;12718;18;12722;22;;;12708.5;0.0
av_WHEAT_d2;3200;ASH_COATED_OSMIUM;10068;11;10064;18;;;10106;11;10110;24;;;10087.0;0.0
av_WHEAT_d2;3200;INTARIAN_PEPPER_ROOT;12705;27;12703;29;;;12714;13;12717;18;;;12709.5;0.0
av_WHEAT_d2;3300;ASH_COATED_OSMIUM;10084;15;10082;21;;;10090;27;10092;20;;;10087.0;0.0
av_WHEAT_d2;3300;INTARIAN_PEPPER_ROOT;12705;15;12701;15;;;12711;12;12713;23;;;12708.0;0.0
av_WHEAT_d2;3400;ASH_COATED_OSMIUM;10085;15;10081;23;;;10091;14;10093;16;;;10088.0;0.0
av_WHEAT_d2;3400;INTARIAN_PEPPER_ROOT;12695;17;12692;18;;;12719;15;12721;17;;;12707.0;0.0
av_WHEAT_d2;3500;ASH_COATED_OSMIUM;10084;5;10081;18;;;10090;20;10094;15;;;10087.0;0.0
av_WHEAT_d2;3500;INTARIAN_PEPPER_ROOT;12702;12;12699;17;;;12711;5;12713;8;;;12706.5;0.0
av_WHEAT_d2;3600;ASH_COATED_OSMIUM;10078;20;10074;18;;;10097;10;10100;15;;;10087.5;0.0
av_WHEAT_d2;3600;INTARIAN_PEPPER_ROOT;12701;20;12697;21;;;12709;13;12711;10;;;12705.0;0.0
av_WHEAT_d2;3700;ASH_COATED_OSMIUM;10082;12;10079;18;;;10095;9;10097;18;;;10088.5;0.0
av_WHEAT_d2;3700;INTARIAN_PEPPER_ROOT;12702;17;12698;21;;;12708;14;12711;15;;;12705.0;0.0
av_WHEAT_d2;3800;ASH_COATED_OSMIUM;10085;16;10083;14;;;10091;17;10094;23;;;10088.0;0.0
av_WHEAT_d2;3800;INTARIAN_PEPPER_ROOT;12701;11;12697;14;;;12707;16;12710;17;;;12704.0;0.0
av_WHEAT_d2;3900;ASH_COATED_OSMIUM;10085;20;10083;23;;;10091;17;10094;18;;;10088.0;0.0
av_WHEAT_d2;3900;INTARIAN_PEPPER_ROOT;12700;11;12698;25;;;12706;22;12710;23;;;12703.0;0.0
av_WHEAT_d2;4000;ASH_COATED_OSMIUM;10085;8;10083;12;;;10091;16;10094;15;;;10088.0;0.0
av_WHEAT_d2;4000;INTARIAN_PEPPER_ROOT;12700;15;12697;13;;;12706;9;12708;19;;;12703.0;0.0
av_WHEAT_d2;4100;ASH_COATED_OSMIUM;10082;14;10080;21;;;10092;17;10094;24;;;10087.0;0.0
av_WHEAT_d2;4100;INTARIAN_PEPPER_ROOT;12687;11;12684;30;;;12716;8;12720;9;;;12701.5;0.0
av_WHEAT_d2;4200;ASH_COATED_OSMIUM;10085;9;10082;23;;;10091;14;10093;16;;;10088.0;0.0
av_WHEAT_d2;4200;INTARIAN_PEPPER_ROOT;12698;6;12694;21;;;12704;15;12707;14;;;12701.0;0.0
av_WHEAT_d2;4300;ASH_COATED_OSMIUM;10085;17;10081;20;;;10091;19;10094;13;;;10088.0;0.0
av_WHEAT_d2;4300;INTARIAN_PEPPER_ROOT;12690;18;12687;19;;;12711;12;12715;26;;;12700.5;0.0
av_WHEAT_d2;4400;ASH_COATED_OSMIUM;10085;18;10081;29;;;10092;12;10095;12;;;10088.5;0.0
av_WHEAT_d2;4400;INTARIAN_PEPPER_ROOT;12697;16;12693;21;;;12703;14;12706;16;;;12700.0;0.0
av_WHEAT_d2;4500;ASH_COATED_OSMIUM;10086;11;10082;21;;;10092;23;10094;28;;;10089.0;0.0
av_WHEAT_d2;4500;INTARIAN_PEPPER_ROOT;12696;15;12693;9;;;12702;19;12705;19;;;12699.0;0.0
av_WHEAT_d2;4600;ASH_COATED_OSMIUM;10085;7;10083;28;;;10091;10;10093;29;;;10088.0;0.0
av_WHEAT_d2;4600;INTARIAN_PEPPER_ROOT;12695;12;12691;18;;;12701;5;12705;19;;;12698.0;0.0
av_WHEAT_d2;4700;ASH_COATED_OSMIUM;10086;6;10083;19;;;10092;15;10095;35;;;10089.0;0.0
av_WHEAT_d2;4700;INTARIAN_PEPPER_ROOT;12690;10;12686;23;;;12704;12;12706;16;;;12697.0;0.0
av_WHEAT_d2;4800;ASH_COATED_OSMIUM;10086;11;10083;18;;;10092;19;10095;17;;;10089.0;0.0
av_WHEAT_d2;4800;INTARIAN_PEPPER_ROOT;12691;10;12689;11;;;12703;18;12707;19;;;12697.0;0.0
av_WHEAT_d2;4900;ASH_COATED_OSMIUM;10085;12;10082;22;;;10092;24;10096;12;;;10088.5;0.0
av_WHEAT_d2;4900;INTARIAN_PEPPER_ROOT;12690;11;12687;11;;;12702;21;12706;34;;;12696.0;0.0
av_WHEAT_d2;5000;ASH_COATED_OSMIUM;10084;15;10082;20;;;10093;8;10096;27;;;10088.5;0.0
av_WHEAT_d2;5000;INTARIAN_PEPPER_ROOT;12692;12;12690;22;;;12698;5;12701;29;;;12695.0;0.0
av_WHEAT_d2;5100;ASH_COATED_OSMIUM;10082;11;10078;21;;;10095;12;10097;21;;;10088.5;0.0
av_WHEAT_d2;5100;INTARIAN_PEPPER_ROOT;12691;9;12687;19;;;12697;20;12701;26;;;12694.0;0.0
av_WHEAT_d2;5200;ASH_COATED_OSMIUM;10084;6;10082;11;;;10094;17;10098;22;;;10089.0;0.0
av_WHEAT_d2;5200;INTARIAN_PEPPER_ROOT;12690;10;12686;21;;;12697;13;12701;29;;;12693.5;0.0
av_WHEAT_d2;5300;ASH_COATED_OSMIUM;10086;12;10084;22;;;10092;12;10094;10;;;10089.0;0.0
av_WHEAT_d2;5300;INTARIAN_PEPPER_ROOT;12690;14;12687;14;;;12696;9;12699;27;;;12693.0;0.0
av_WHEAT_d2;5400;ASH_COATED_OSMIUM;10077;15;10074;18;;;10101;12;10105;14;;;10089.0;0.0
av_WHEAT_d2;5400;INTARIAN_PEPPER_ROOT;12689;14;12685;29;;;12695;15;12697;27;;;12692.0;0.0
av_WHEAT_d2;5500;ASH_COATED_OSMIUM;10085;9;10081;33;;;10093;9;10097;22;;;10089.0;0.0
av_WHEAT_d2;5500;INTARIAN_PEPPER_ROOT;12688;5;12685;18;;;12694;15;12697;20;;;12691.0;0.0
av_WHEAT_d2;5600;ASH_COATED_OSMIUM;10086;15;10082;30;;;10092;9;10095;22;;;10089.0;0.0
av_WHEAT_d2;5600;INTARIAN_PEPPER_ROOT;12688;14;12684;10;;;12694;13;12698;17;;;12691.0;0.0
av_WHEAT_d2;5700;ASH_COATED_OSMIUM;10086;16;10082;11;;;10093;10;10095;21;;;10089.5;0.0
av_WHEAT_d2;5700;INTARIAN_PEPPER_ROOT;12685;12;12682;16;;;12695;8;12699;20;;;12690.0;0.0
av_WHEAT_d2;5800;ASH_COATED_OSMIUM;10084;7;10081;19;;;10095;21;10098;15;;;10089.5;0.0
av_WHEAT_d2;5800;INTARIAN_PEPPER_ROOT;12686;17;12684;19;;;12692;11;12695;17;;;12689.0;0.0
av_WHEAT_d2;5900;ASH_COATED_OSMIUM;10086;14;10083;19;;;10092;8;10094;11;;;10089.0;0.0
av_WHEAT_d2;5900;INTARIAN_PEPPER_ROOT;12685;18;12681;14;;;12691;14;12693;12;;;12688.0;0.0
av_WHEAT_d2;6000;ASH_COATED_OSMIUM;10087;14;10085;20;;;10093;11;10095;20;;;10090.0;0.0
av_WHEAT_d2;6000;INTARIAN_PEPPER_ROOT;12684;20;12680;25;;;12690;15;12692;21;;;12687.0;0.0
av_WHEAT_d2;6100;ASH_COATED_OSMIUM;10086;8;10082;10;;;10092;12;10094;20;;;10089.0;0.0
av_WHEAT_d2;6100;INTARIAN_PEPPER_ROOT;12684;18;12682;13;;;12690;11;12694;29;;;12687.0;0.0
av_WHEAT_d2;6200;ASH_COATED_OSMIUM;10087;9;10083;24;;;10093;11;10095;21;;;10090.0;0.0
av_WHEAT_d2;6200;INTARIAN_PEPPER_ROOT;12684;12;12682;17;;;12690;18;12694;21;;;12687.0;0.0
av_WHEAT_d2;6300;ASH_COATED_OSMIUM;10087;11;10085;19;;;10093;14;10096;25;;;10090.0;0.0
av_WHEAT_d2;6300;INTARIAN_PEPPER_ROOT;12677;15;12675;28;;;12694;7;12697;16;;;12685.5;0.0
av_WHEAT_d2;6400;ASH_COATED_OSMIUM;10087;9;10083;24;;;10094;30;10097;20;;;10090.5;0.0
av_WHEAT_d2;6400;INTARIAN_PEPPER_ROOT;12682;10;12678;22;;;12688;14;12692;24;;;12685.0;0.0
av_WHEAT_d2;6500;ASH_COATED_OSMIUM;10085;14;10083;19;;;10095;16;10099;22;;;10090.0;0.0
av_WHEAT_d2;6500;INTARIAN_PEPPER_ROOT;12675;23;12671;26;;;12693;10;12695;29;;;12684.0;0.0
av_WHEAT_d2;6600;ASH_COATED_OSMIUM;10087;13;10084;22;;;10093;23;10096;26;;;10090.0;0.0
av_WHEAT_d2;6600;INTARIAN_PEPPER_ROOT;12680;18;12676;22;;;12686;5;12688;15;;;12683.0;0.0
av_WHEAT_d2;6700;ASH_COATED_OSMIUM;10087;12;10083;19;;;10093;11;10097;19;;;10090.0;0.0
av_WHEAT_d2;6700;INTARIAN_PEPPER_ROOT;12678;14;12674;25;;;12689;11;12693;17;;;12683.5;0.0
av_WHEAT_d2;6800;ASH_COATED_OSMIUM;10072;11;10070;15;;;10109;15;10113;30;;;10090.5;0.0
av_WHEAT_d2;6800;INTARIAN_PEPPER_ROOT;12679;11;12676;22;;;12685;19;12688;28;;;12682.0;0.0
av_WHEAT_d2;6900;ASH_COATED_OSMIUM;10087;5;10085;27;;;10094;18;10096;16;;;10090.5;0.0
av_WHEAT_d2;6900;INTARIAN_PEPPER_ROOT;12678;9;12674;14;;;12684;12;12688;18;;;12681.0;0.0
av_WHEAT_d2;7000;ASH_COATED_OSMIUM;10088;16;10086;23;;;10094;11;10097;8;;;10091.0;0.0
av_WHEAT_d2;7000;INTARIAN_PEPPER_ROOT;12677;9;12675;14;;;12683;18;12686;15;;;12680.0;0.0
av_WHEAT_d2;7100;ASH_COATED_OSMIUM;10087;20;10083;15;;;10094;9;10096;23;;;10090.5;0.0
av_WHEAT_d2;7100;INTARIAN_PEPPER_ROOT;12672;18;12668;19;;;12687;22;12691;16;;;12679.5;0.0
av_WHEAT_d2;7200;ASH_COATED_OSMIUM;10087;5;10083;23;;;10095;16;10098;16;;;10091.0;0.0
av_WHEAT_d2;7200;INTARIAN_PEPPER_ROOT;12676;18;12674;16;;;12682;15;12686;14;;;12679.0;0.0
av_WHEAT_d2;7300;ASH_COATED_OSMIUM;10079;9;10076;9;;;10101;5;10105;22;;;10090.0;0.0
av_WHEAT_d2;7300;INTARIAN_PEPPER_ROOT;12675;14;12673;26;;;12681;15;12685;23;;;12678.0;0.0
av_WHEAT_d2;7400;ASH_COATED_OSMIUM;10083;17;10079;29;;;10100;21;10103;17;;;10091.5;0.0
av_WHEAT_d2;7400;INTARIAN_PEPPER_ROOT;12673;15;12670;12;;;12681;12;12684;21;;;12677.0;0.0
av_WHEAT_d2;7500;ASH_COATED_OSMIUM;10086;14;10084;28;;;10096;12;10098;20;;;10091.0;0.0
av_WHEAT_d2;7500;INTARIAN_PEPPER_ROOT;12664;25;12661;24;;;12691;30;12694;18;;;12677.5;0.0
av_WHEAT_d2;7600;ASH_COATED_OSMIUM;10085;21;10082;23;;;10096;13;10098;26;;;10090.5;0.0
av_WHEAT_d2;7600;INTARIAN_PEPPER_ROOT;12673;17;12669;9;;;12679;9;12683;21;;;12676.0;0.0
av_WHEAT_d2;7700;ASH_COATED_OSMIUM;10086;13;10083;15;;;10096;15;10098;20;;;10091.0;0.0
av_WHEAT_d2;7700;INTARIAN_PEPPER_ROOT;12672;17;12669;13;;;12678;16;12680;18;;;12675.0;0.0
av_WHEAT_d2;7800;ASH_COATED_OSMIUM;10088;21;10084;27;;;10094;17;10096;29;;;10091.0;0.0
av_WHEAT_d2;7800;INTARIAN_PEPPER_ROOT;12672;19;12669;15;;;12678;19;12681;20;;;12675.0;0.0
av_WHEAT_d2;7900;ASH_COATED_OSMIUM;10088;12;10086;14;;;10094;10;10096;14;;;10091.0;0.0
av_WHEAT_d2;7900;INTARIAN_PEPPER_ROOT;12670;13;12666;14;;;12676;18;12678;13;;;12673.0;0.0
av_WHEAT_d2;8000;ASH_COATED_OSMIUM;10089;24;10085;23;;;10095;18;10097;19;;;10092.0;0.0
av_WHEAT_d2;8000;INTARIAN_PEPPER_ROOT;12669;10;12666;20;;;12677;16;12681;18;;;12673.0;0.0
av_WHEAT_d2;8100;ASH_COATED_OSMIUM;10084;15;10081;29;;;10100;20;10103;11;;;10092.0;0.0
av_WHEAT_d2;8100;INTARIAN_PEPPER_ROOT;12669;17;12666;24;;;12675;10;12677;11;;;12672.0;0.0
av_WHEAT_d2;8200;ASH_COATED_OSMIUM;10086;18;10082;14;;;10099;18;10101;10;;;10092.5;0.0
av_WHEAT_d2;8200;INTARIAN_PEPPER_ROOT;12667;11;12665;18;;;12677;9;12680;12;;;12672.0;0.0
av_WHEAT_d2;8300;ASH_COATED_OSMIUM;10085;15;10082;31;;;10098;13;10100;21;;;10091.5;0.0
av_WHEAT_d2;8300;INTARIAN_PEPPER_ROOT;12661;5;12658;13;;;12681;20;12683;27;;;12671.0;0.0
av_WHEAT_d2;8400;ASH_COATED_OSMIUM;10088;23;10085;11;;;10095;18;10099;16;;;10091.5;0.0
av_WHEAT_d2;8400;INTARIAN_PEPPER_ROOT;12667;15;12665;16;;;12673;12;12675;23;;;12670.0;0.0
av_WHEAT_d2;8500;ASH_COATED_OSMIUM;10088;16;10086;19;;;10095;5;10099;23;;;10091.5;0.0
av_WHEAT_d2;8500;INTARIAN_PEPPER_ROOT;12666;16;12664;8;;;12672;16;12675;24;;;12669.0;0.0
av_WHEAT_d2;8600;ASH_COATED_OSMIUM;10089;8;10086;19;;;10096;10;10099;17;;;10092.5;0.0
av_WHEAT_d2;8600;INTARIAN_PEPPER_ROOT;12666;26;12662;23;;;12672;28;12675;8;;;12669.0;0.0
av_WHEAT_d2;8700;ASH_COATED_OSMIUM;10076;17;10073;10;;;10108;19;10110;18;;;10092.0;0.0
av_WHEAT_d2;8700;INTARIAN_PEPPER_ROOT;12665;13;12662;22;;;12671;5;12675;26;;;12668.0;0.0
av_WHEAT_d2;8800;ASH_COATED_OSMIUM;10089;11;10085;30;;;10095;19;10097;16;;;10092.0;0.0
av_WHEAT_d2;8800;INTARIAN_PEPPER_ROOT;12653;5;12649;18;;;12682;7;12685;19;;;12667.5;0.0
av_WHEAT_d2;8900;ASH_COATED_OSMIUM;10088;21;10085;15;;;10097;5;10101;24;;;10092.5;0.0
av_WHEAT_d2;8900;INTARIAN_PEPPER_ROOT;12663;15;12661;16;;;12669;12;12673;26;;;12666.0;0.0
av_WHEAT_d2;9000;ASH_COATED_OSMIUM;10089;18;10086;31;;;10095;10;10098;20;;;10092.0;0.0
av_WHEAT_d2;9000;INTARIAN_PEPPER_ROOT;12663;14;12660;8;;;12669;18;12672;24;;;12666.0;0.0
av_WHEAT_d2;9100;ASH_COATED_OSMIUM;10090;15;10086;16;;;10096;7;10099;23;;;10093.0;0.0
av_WHEAT_d2;9100;INTARIAN_PEPPER_ROOT;12662;12;12660;13;;;12668;15;12672;19;;;12665.0;0.0
av_WHEAT_d2;9200;ASH_COATED_OSMIUM;10090;14;10087;22;;;10096;29;10099;18;;;10093.0;0.0
av_WHEAT_d2;9200;INTARIAN_PEPPER_ROOT;12661;9;12657;25;;;12667;18;12671;21;;;12664.0;0.0
av_WHEAT_d2;9300;ASH_COATED_OSMIUM;10089;18;10087;35;;;10097;19;10099;8;;;10093.0;0.0
av_WHEAT_d2;9300;INTARIAN_PEPPER_ROOT;12648;14;12645;24;;;12678;9;12682;18;;;12663.0;0.0
av_WHEAT_d2;9400;ASH_COATED_OSMIUM;10082;10;10080;20;;;10103;18;10105;29;;;10092.5;0.0
av_WHEAT_d2;9400;INTARIAN_PEPPER_ROOT;12660;9;12658;11;;;12666;12;12668;17;;;12663.0;0.0
av_WHEAT_d2;9500;ASH_COATED_OSMIUM;10089;9;10085;21;;;10095;10;10098;14;;;10092.0;0.0
av_WHEAT_d2;9500;INTARIAN_PEPPER_ROOT;12658;11;12656;31;;;12665;17;12668;21;;;12661.5;0.0
av_WHEAT_d2;9600;ASH_COATED_OSMIUM;10081;8;10077;25;;;10105;15;10107;10;;;10093.0;0.0
av_WHEAT_d2;9600;INTARIAN_PEPPER_ROOT;12658;17;12654;21;;;12665;14;12668;18;;;12661.5;0.0
av_WHEAT_d2;9700;ASH_COATED_OSMIUM;10090;17;10087;19;;;10096;16;10100;21;;;10093.0;0.0
av_WHEAT_d2;9700;INTARIAN_PEPPER_ROOT;12657;7;12654;11;;;12663;18;12665;35;;;12660.0;0.0
av_WHEAT_d2;9800;ASH_COATED_OSMIUM;10084;16;10082;8;;;10102;17;10105;20;;;10093.0;0.0
av_WHEAT_d2;9800;INTARIAN_PEPPER_ROOT;12657;22;12655;20;;;12663;13;12665;14;;;12660.0;0.0
av_WHEAT_d2;9900;ASH_COATED_OSMIUM;10090;15;10087;24;;;10096;17;10100;24;;;10093.0;0.0
av_WHEAT_d2;9900;INTARIAN_PEPPER_ROOT;12656;10;12652;12;;;12662;13;12664;11;;;12659.0;0.0
av_WHEAT_d2;10000;ASH_COATED_OSMIUM;10090;25;10087;17;;;10096;6;10098;27;;;10093.0;0.0
av_WHEAT_d2;10000;INTARIAN_PEPPER_ROOT;12655;19;12651;10;;;12661;13;12664;14;;;12658.0;0.0
av_WHEAT_d2;10100;ASH_COATED_OSMIUM;10090;12;10086;8;;;10096;16;10099;15;;;10093.0;0.0
av_WHEAT_d2;10100;INTARIAN_PEPPER_ROOT;12642;8;12640;25;;;12674;14;12676;22;;;12658.0;0.0
av_WHEAT_d2;10200;ASH_COATED_OSMIUM;10090;21;10087;27;;;10096;18;10098;24;;;10093.0;0.0
av_WHEAT_d2;10200;INTARIAN_PEPPER_ROOT;12651;16;12648;18;;;12663;17;12666;19;;;12657.0;0.0
av_WHEAT_d2;10300;ASH_COATED_OSMIUM;10091;11;10088;20;;;10097;17;10100;18;;;10094.0;0.0
av_WHEAT_d2;10300;INTARIAN_PEPPER_ROOT;12653;15;12649;14;;;12659;14;12663;21;;;12656.0;0.0
av_WHEAT_d2;10400;ASH_COATED_OSMIUM;10091;20;10089;20;;;10097;15;10100;22;;;10094.0;0.0
av_WHEAT_d2;10400;INTARIAN_PEPPER_ROOT;12652;5;12648;22;;;12658;10;12661;15;;;12655.0;0.0
av_WHEAT_d2;10500;ASH_COATED_OSMIUM;10091;16;10087;22;;;10097;17;10100;32;;;10094.0;0.0
av_WHEAT_d2;10500;INTARIAN_PEPPER_ROOT;12651;12;12647;24;;;12658;6;12660;14;;;12654.5;0.0
av_WHEAT_d2;10600;ASH_COATED_OSMIUM;10091;17;10089;20;;;10097;16;10100;22;;;10094.0;0.0
av_WHEAT_d2;10600;INTARIAN_PEPPER_ROOT;12650;18;12646;16;;;12660;23;12662;15;;;12655.0;0.0
av_WHEAT_d2;10700;ASH_COATED_OSMIUM;10085;16;10082;25;;;10104;16;10107;21;;;10094.5;0.0
av_WHEAT_d2;10700;INTARIAN_PEPPER_ROOT;12650;22;12648;14;;;12656;9;12659;21;;;12653.0;0.0
av_WHEAT_d2;10800;ASH_COATED_OSMIUM;10090;10;10087;19;;;10096;8;10098;25;;;10093.0;0.0
av_WHEAT_d2;10800;INTARIAN_PEPPER_ROOT;12648;10;12645;21;;;12657;15;12660;16;;;12652.5;0.0
av_WHEAT_d2;10900;ASH_COATED_OSMIUM;10090;15;10088;27;;;10097;15;10101;22;;;10093.5;0.0
av_WHEAT_d2;10900;INTARIAN_PEPPER_ROOT;12645;14;12642;21;;;12656;20;12659;12;;;12650.5;0.0
av_WHEAT_d2;11000;ASH_COATED_OSMIUM;10085;12;10081;10;;;10103;19;10105;21;;;10094.0;0.0
av_WHEAT_d2;11000;INTARIAN_PEPPER_ROOT;12644;20;12640;22;;;12657;9;12659;20;;;12650.5;0.0
av_WHEAT_d2;11100;ASH_COATED_OSMIUM;10085;17;10081;20;;;10104;19;10108;15;;;10094.5;0.0
av_WHEAT_d2;11100;INTARIAN_PEPPER_ROOT;12645;15;12643;13;;;12657;16;12661;13;;;12651.0;0.0
av_WHEAT_d2;11200;ASH_COATED_OSMIUM;10091;12;10089;23;;;10097;14;10099;15;;;10094.0;0.0
av_WHEAT_d2;11200;INTARIAN_PEPPER_ROOT;12646;8;12643;21;;;12652;19;12654;25;;;12649.0;0.0
av_WHEAT_d2;11300;ASH_COATED_OSMIUM;10091;17;10089;19;;;10097;23;10100;18;;;10094.0;0.0
av_WHEAT_d2;11300;INTARIAN_PEPPER_ROOT;12641;14;12638;21;;;12656;12;12660;21;;;12648.5;0.0
av_WHEAT_d2;11400;ASH_COATED_OSMIUM;10089;20;10085;23;;;10099;14;10102;10;;;10094.0;0.0
av_WHEAT_d2;11400;INTARIAN_PEPPER_ROOT;12641;18;12639;19;;;12655;19;12658;18;;;12648.0;0.0
av_WHEAT_d2;11500;ASH_COATED_OSMIUM;10092;12;10089;22;;;10098;14;10102;15;;;10095.0;0.0
av_WHEAT_d2;11500;INTARIAN_PEPPER_ROOT;12644;18;12640;16;;;12650;14;12653;15;;;12647.0;0.0
av_WHEAT_d2;11600;ASH_COATED_OSMIUM;10092;20;10090;19;;;10098;8;10101;21;;;10095.0;0.0
av_WHEAT_d2;11600;INTARIAN_PEPPER_ROOT;12640;11;12636;19;;;12652;5;12656;27;;;12646.0;0.0
av_WHEAT_d2;11700;ASH_COATED_OSMIUM;10092;13;10090;20;;;10098;21;10102;14;;;10095.0;0.0
av_WHEAT_d2;11700;INTARIAN_PEPPER_ROOT;12641;19;12638;18;;;12651;21;12655;19;;;12646.0;0.0
av_WHEAT_d2;11800;ASH_COATED_OSMIUM;10092;7;10090;31;;;10098;13;10102;19;;;10095.0;0.0
av_WHEAT_d2;11800;INTARIAN_PEPPER_ROOT;12638;16;12634;21;;;12653;12;12657;22;;;12645.5;0.0
av_WHEAT_d2;11900;ASH_COATED_OSMIUM;10090;15;10088;24;;;10101;6;10104;21;;;10095.5;0.0
av_WHEAT_d2;11900;INTARIAN_PEPPER_ROOT;12642;18;12640;17;;;12648;20;12651;18;;;12645.0;0.0
av_WHEAT_d2;12000;ASH_COATED_OSMIUM;10086;24;10082;16;;;10103;13;10106;25;;;10094.5;0.0
av_WHEAT_d2;12000;INTARIAN_PEPPER_ROOT;12640;10;12638;18;;;12646;11;12649;17;;;12643.0;0.0
av_WHEAT_d2;12100;ASH_COATED_OSMIUM;10092;18;10088;25;;;10100;18;10102;21;;;10096.0;0.0
av_WHEAT_d2;12100;INTARIAN_PEPPER_ROOT;12637;11;12634;20;;;12650;25;12652;18;;;12643.5;0.0
av_WHEAT_d2;12200;ASH_COATED_OSMIUM;10088;9;10085;28;;;10104;10;10108;14;;;10096.0;0.0
av_WHEAT_d2;12200;INTARIAN_PEPPER_ROOT;12639;14;12636;23;;;12645;16;12647;21;;;12642.0;0.0
av_WHEAT_d2;12300;ASH_COATED_OSMIUM;10092;17;10090;19;;;10098;19;10100;14;;;10095.0;0.0
av_WHEAT_d2;12300;INTARIAN_PEPPER_ROOT;12638;22;12636;17;;;12644;17;12648;18;;;12641.0;0.0
av_WHEAT_d2;12400;ASH_COATED_OSMIUM;10092;14;10090;21;;;10098;7;10100;10;;;10095.0;0.0
av_WHEAT_d2;12400;INTARIAN_PEPPER_ROOT;12637;13;12635;26;;;12644;6;12646;24;;;12640.5;0.0
av_WHEAT_d2;12500;ASH_COATED_OSMIUM;10092;15;10088;19;;;10099;16;10101;19;;;10095.5;0.0
av_WHEAT_d2;12500;INTARIAN_PEPPER_ROOT;12637;10;12635;27;;;12643;12;12646;27;;;12640.0;0.0
av_WHEAT_d2;12600;ASH_COATED_OSMIUM;10093;9;10090;16;;;10099;14;10103;17;;;10096.0;0.0
av_WHEAT_d2;12600;INTARIAN_PEPPER_ROOT;12636;14;12632;17;;;12642;9;12644;19;;;12639.0;0.0
av_WHEAT_d2;12700;ASH_COATED_OSMIUM;10093;19;10089;21;;;10099;8;10102;20;;;10096.0;0.0
av_WHEAT_d2;12700;INTARIAN_PEPPER_ROOT;12632;11;12630;19;;;12644;7;12647;16;;;12638.0;0.0
av_WHEAT_d2;12800;ASH_COATED_OSMIUM;10092;12;10089;12;;;10098;17;10100;11;;;10095.0;0.0
av_WHEAT_d2;12800;INTARIAN_PEPPER_ROOT;12634;11;12631;25;;;12642;5;12646;27;;;12638.0;0.0
av_WHEAT_d2;12900;ASH_COATED_OSMIUM;10093;16;10090;25;;;10099;15;10101;11;;;10096.0;0.0
av_WHEAT_d2;12900;INTARIAN_PEPPER_ROOT;12631;14;12628;13;;;12644;16;12646;21;;;12637.5;0.0
av_WHEAT_d2;13000;ASH_COATED_OSMIUM;10093;13;10089;18;;;10099;9;10103;14;;;10096.0;0.0
av_WHEAT_d2;13000;INTARIAN_PEPPER_ROOT;12633;5;12629;22;;;12639;17;12643;9;;;12636.0;0.0
av_WHEAT_d2;13100;ASH_COATED_OSMIUM;10092;18;10089;17;;;10100;26;10104;18;;;10096.0;0.0
av_WHEAT_d2;13100;INTARIAN_PEPPER_ROOT;12632;6;12630;20;;;12638;7;12641;15;;;12635.0;0.0
av_WHEAT_d2;13200;ASH_COATED_OSMIUM;10093;12;10089;29;;;10099;13;10101;8;;;10096.0;0.0
av_WHEAT_d2;13200;INTARIAN_PEPPER_ROOT;12630;5;12626;30;;;12639;20;12641;14;;;12634.5;0.0
av_WHEAT_d2;13300;ASH_COATED_OSMIUM;10088;11;10084;23;;;10105;16;10108;18;;;10096.5;0.0
av_WHEAT_d2;13300;INTARIAN_PEPPER_ROOT;12631;18;12627;24;;;12637;22;12641;10;;;12634.0;0.0
av_WHEAT_d2;13400;ASH_COATED_OSMIUM;10094;16;10092;27;;;10100;17;10104;19;;;10097.0;0.0
av_WHEAT_d2;13400;INTARIAN_PEPPER_ROOT;12625;14;12623;27;;;12642;13;12644;27;;;12633.5;0.0
av_WHEAT_d2;13500;ASH_COATED_OSMIUM;10089;13;10086;16;;;10103;18;10105;22;;;10096.0;0.0
av_WHEAT_d2;13500;INTARIAN_PEPPER_ROOT;12626;15;12623;16;;;12639;17;12642;20;;;12632.5;0.0
av_WHEAT_d2;13600;ASH_COATED_OSMIUM;10093;10;10091;17;;;10099;19;10103;21;;;10096.0;0.0
av_WHEAT_d2;13600;INTARIAN_PEPPER_ROOT;12629;12;12626;14;;;12635;5;12639;10;;;12632.0;0.0
av_WHEAT_d2;13700;ASH_COATED_OSMIUM;10093;22;10091;11;;;10101;18;10104;17;;;10097.0;0.0
av_WHEAT_d2;13700;INTARIAN_PEPPER_ROOT;12628;13;12626;19;;;12634;9;12638;21;;;12631.0;0.0
av_WHEAT_d2;13800;ASH_COATED_OSMIUM;10094;10;10092;25;;;10100;9;10102;20;;;10097.0;0.0
av_WHEAT_d2;13800;INTARIAN_PEPPER_ROOT;12627;18;12624;32;;;12633;16;12635;17;;;12630.0;0.0
av_WHEAT_d2;13900;ASH_COATED_OSMIUM;10089;20;10086;27;;;10104;13;10107;13;;;10096.5;0.0
av_WHEAT_d2;13900;INTARIAN_PEPPER_ROOT;12616;20;12612;22;;;12643;18;12646;15;;;12629.5;0.0
av_WHEAT_d2;14000;ASH_COATED_OSMIUM;10094;19;10091;23;;;10100;18;10103;14;;;10097.0;0.0
av_WHEAT_d2;14000;INTARIAN_PEPPER_ROOT;12626;18;12623;15;;;12632;26;12636;20;;;12629.0;0.0
av_WHEAT_d2;14100;ASH_COATED_OSMIUM;10083;8;10081;25;;;10110;18;10114;22;;;10096.5;0.0
av_WHEAT_d2;14100;INTARIAN_PEPPER_ROOT;12624;10;12622;24;;;12632;5;12634;24;;;12628.0;0.0
av_WHEAT_d2;14200;ASH_COATED_OSMIUM;10094;13;10092;31;;;10100;5;10103;28;;;10097.0;0.0
av_WHEAT_d2;14200;INTARIAN_PEPPER_ROOT;12619;16;12617;29;;;12637;24;12640;33;;;12628.0;0.0
av_WHEAT_d2;14300;ASH_COATED_OSMIUM;10090;8;10088;24;;;10105;27;10107;18;;;10097.5;0.0
av_WHEAT_d2;14300;INTARIAN_PEPPER_ROOT;12624;17;12621;10;;;12630;13;12633;22;;;12627.0;0.0
av_WHEAT_d2;14400;ASH_COATED_OSMIUM;10094;26;10090;19;;;10100;19;10103;9;;;10097.0;0.0
av_WHEAT_d2;14400;INTARIAN_PEPPER_ROOT;12618;18;12615;21;;;12633;15;12636;17;;;12625.5;0.0
av_WHEAT_d2;14500;ASH_COATED_OSMIUM;10092;17;10089;15;;;10102;11;10104;20;;;10097.0;0.0
av_WHEAT_d2;14500;INTARIAN_PEPPER_ROOT;12622;7;12619;13;;;12628;20;12631;19;;;12625.0;0.0
av_WHEAT_d2;14600;ASH_COATED_OSMIUM;10090;13;10086;22;;;10106;18;10108;18;;;10098.0;0.0
av_WHEAT_d2;14600;INTARIAN_PEPPER_ROOT;12621;14;12617;17;;;12627;14;12631;17;;;12624.0;0.0
av_WHEAT_d2;14700;ASH_COATED_OSMIUM;10095;8;10091;19;;;10101;18;10105;22;;;10098.0;0.0
av_WHEAT_d2;14700;INTARIAN_PEPPER_ROOT;12620;19;12618;9;;;12626;21;12628;20;;;12623.0;0.0
av_WHEAT_d2;14800;ASH_COATED_OSMIUM;10094;18;10091;14;;;10100;16;10103;26;;;10097.0;0.0
av_WHEAT_d2;14800;INTARIAN_PEPPER_ROOT;12617;14;12615;13;;;12628;18;12632;20;;;12622.5;0.0
av_WHEAT_d2;14900;ASH_COATED_OSMIUM;10094;19;10091;20;;;10100;22;10102;25;;;10097.0;0.0
av_WHEAT_d2;14900;INTARIAN_PEPPER_ROOT;12620;12;12617;22;;;12626;14;12630;16;;;12623.0;0.0
av_WHEAT_d2;15000;ASH_COATED_OSMIUM;10095;17;10092;17;;;10101;12;10105;22;;;10098.0;0.0
av_WHEAT_d2;15000;INTARIAN_PEPPER_ROOT;12618;13;12614;15;;;12624;11;12626;24;;;12621.0;0.0
av_WHEAT_d2;15100;ASH_COATED_OSMIUM;10095;19;10093;24;;;10101;14;10104;19;;;10098.0;0.0
av_WHEAT_d2;15100;INTARIAN_PEPPER_ROOT;12618;7;12614;15;;;12624;11;12626;9;;;12621.0;0.0
av_WHEAT_d2;15200;ASH_COATED_OSMIUM;10095;7;10092;22;;;10101;5;10105;19;;;10098.0;0.0
av_WHEAT_d2;15200;INTARIAN_PEPPER_ROOT;12617;11;12615;25;;;12623;15;12627;19;;;12620.0;0.0
av_WHEAT_d2;15300;ASH_COATED_OSMIUM;10095;20;10093;12;;;10101;16;10105;25;;;10098.0;0.0
av_WHEAT_d2;15300;INTARIAN_PEPPER_ROOT;12613;13;12609;22;;;12626;20;12630;17;;;12619.5;0.0
av_WHEAT_d2;15400;ASH_COATED_OSMIUM;10083;12;10081;23;;;10114;17;10116;10;;;10098.5;0.0
av_WHEAT_d2;15400;INTARIAN_PEPPER_ROOT;12611;14;12607;25;;;12626;10;12629;18;;;12618.5;0.0
av_WHEAT_d2;15500;ASH_COATED_OSMIUM;10090;12;10088;16;;;10107;11;10111;15;;;10098.5;0.0
av_WHEAT_d2;15500;INTARIAN_PEPPER_ROOT;12615;12;12611;25;;;12621;16;12624;27;;;12618.0;0.0
av_WHEAT_d2;15600;ASH_COATED_OSMIUM;10088;7;10085;24;;;10109;26;10113;15;;;10098.5;0.0
av_WHEAT_d2;15600;INTARIAN_PEPPER_ROOT;12614;15;12611;23;;;12620;20;12623;20;;;12617.0;0.0
av_WHEAT_d2;15700;ASH_COATED_OSMIUM;10088;13;10084;14;;;10108;15;10112;21;;;10098.0;0.0
av_WHEAT_d2;15700;INTARIAN_PEPPER_ROOT;12604;10;12602;13;;;12629;17;12633;18;;;12616.5;0.0
av_WHEAT_d2;15800;ASH_COATED_OSMIUM;10093;10;10089;20;;;10105;13;10108;22;;;10099.0;0.0
av_WHEAT_d2;15800;INTARIAN_PEPPER_ROOT;12613;17;12610;17;;;12619;19;12623;21;;;12616.0;0.0
av_WHEAT_d2;15900;ASH_COATED_OSMIUM;10096;12;10092;21;;;10102;15;10105;17;;;10099.0;0.0
av_WHEAT_d2;15900;INTARIAN_PEPPER_ROOT;12612;16;12609;14;;;12618;19;12622;21;;;12615.0;0.0
av_WHEAT_d2;16000;ASH_COATED_OSMIUM;10097;17;10095;19;;;10103;21;10106;18;;;10100.0;0.0
av_WHEAT_d2;16000;INTARIAN_PEPPER_ROOT;12611;26;12607;18;;;12618;11;12620;19;;;12614.5;0.0
av_WHEAT_d2;16100;ASH_COATED_OSMIUM;10096;25;10094;17;;;10103;10;10106;27;;;10099.5;0.0
av_WHEAT_d2;16100;INTARIAN_PEPPER_ROOT;12611;17;12608;21;;;12617;6;12620;22;;;12614.0;0.0
av_WHEAT_d2;16200;ASH_COATED_OSMIUM;10096;12;10092;22;;;10102;16;10106;16;;;10099.0;0.0
av_WHEAT_d2;16200;INTARIAN_PEPPER_ROOT;12610;18;12608;21;;;12616;13;12620;18;;;12613.0;0.0
av_WHEAT_d2;16300;ASH_COATED_OSMIUM;10090;26;10087;18;;;10108;11;10110;18;;;10099.0;0.0
av_WHEAT_d2;16300;INTARIAN_PEPPER_ROOT;12609;14;12605;23;;;12615;14;12619;24;;;12612.0;0.0
av_WHEAT_d2;16400;ASH_COATED_OSMIUM;10093;18;10091;10;;;10105;13;10109;11;;;10099.0;0.0
av_WHEAT_d2;16400;INTARIAN_PEPPER_ROOT;12609;17;12607;24;;;12615;16;12618;15;;;12612.0;0.0
av_WHEAT_d2;16500;ASH_COATED_OSMIUM;10096;19;10094;22;;;10102;19;10104;18;;;10099.0;0.0
av_WHEAT_d2;16500;INTARIAN_PEPPER_ROOT;12595;8;12593;19;;;12626;13;12630;23;;;12610.5;0.0
av_WHEAT_d2;16600;ASH_COATED_OSMIUM;10096;12;10093;16;;;10102;15;10104;24;;;10099.0;0.0
av_WHEAT_d2;16600;INTARIAN_PEPPER_ROOT;12607;14;12605;23;;;12613;9;12616;19;;;12610.0;0.0
av_WHEAT_d2;16700;ASH_COATED_OSMIUM;10091;8;10089;28;;;10107;16;10109;21;;;10099.0;0.0
av_WHEAT_d2;16700;INTARIAN_PEPPER_ROOT;12606;18;12604;14;;;12612;17;12614;20;;;12609.0;0.0
av_WHEAT_d2;16800;ASH_COATED_OSMIUM;10097;8;10094;18;;;10103;19;10107;21;;;10100.0;0.0
av_WHEAT_d2;16800;INTARIAN_PEPPER_ROOT;12605;17;12602;28;;;12611;9;12614;24;;;12608.0;0.0
av_WHEAT_d2;16900;ASH_COATED_OSMIUM;10096;17;10094;21;;;10102;27;10106;15;;;10099.0;0.0
av_WHEAT_d2;16900;INTARIAN_PEPPER_ROOT;12605;22;12601;14;;;12611;19;12613;23;;;12608.0;0.0
av_WHEAT_d2;17000;ASH_COATED_OSMIUM;10096;12;10093;16;;;10102;17;10105;19;;;10099.0;0.0
av_WHEAT_d2;17000;INTARIAN_PEPPER_ROOT;12605;9;12601;29;;;12611;5;12615;23;;;12608.0;0.0
av_WHEAT_d2;17100;ASH_COATED_OSMIUM;10091;16;10089;17;;;10107;16;10111;24;;;10099.0;0.0
av_WHEAT_d2;17100;INTARIAN_PEPPER_ROOT;12605;8;12601;12;;;12611;15;12614;22;;;12608.0;0.0
av_WHEAT_d2;17200;ASH_COATED_OSMIUM;10096;11;10092;18;;;10102;14;10105;23;;;10099.0;0.0
av_WHEAT_d2;17200;INTARIAN_PEPPER_ROOT;12600;18;12596;22;;;12617;22;12620;12;;;12608.5;0.0
av_WHEAT_d2;17300;ASH_COATED_OSMIUM;10096;11;10093;24;;;10104;24;10107;25;;;10100.0;0.0
av_WHEAT_d2;17300;INTARIAN_PEPPER_ROOT;12606;18;12604;28;;;12614;10;12616;26;;;12610.0;0.0
av_WHEAT_d2;17400;ASH_COATED_OSMIUM;10095;10;10093;23;;;10103;14;10106;17;;;10099.0;0.0
av_WHEAT_d2;17400;INTARIAN_PEPPER_ROOT;12607;17;12603;19;;;12613;16;12616;20;;;12610.0;0.0
av_WHEAT_d2;17500;ASH_COATED_OSMIUM;10084;20;10081;13;;;10115;21;10117;24;;;10099.5;0.0
av_WHEAT_d2;17500;INTARIAN_PEPPER_ROOT;12608;18;12605;19;;;12614;26;12617;24;;;12611.0;0.0
av_WHEAT_d2;17600;ASH_COATED_OSMIUM;10093;6;10091;20;;;10105;5;10108;18;;;10099.0;0.0
av_WHEAT_d2;17600;INTARIAN_PEPPER_ROOT;12609;13;12607;20;;;12615;21;12617;17;;;12612.0;0.0
av_WHEAT_d2;17700;ASH_COATED_OSMIUM;10096;17;10094;18;;;10102;13;10104;17;;;10099.0;0.0
av_WHEAT_d2;17700;INTARIAN_PEPPER_ROOT;12610;15;12606;14;;;12616;15;12620;29;;;12613.0;0.0
av_WHEAT_d2;17800;ASH_COATED_OSMIUM;10095;19;10091;17;;;10103;15;10105;20;;;10099.0;0.0
av_WHEAT_d2;17800;INTARIAN_PEPPER_ROOT;12610;11;12606;17;;;12616;7;12618;19;;;12613.0;0.0
av_WHEAT_d2;17900;ASH_COATED_OSMIUM;10095;11;10093;15;;;10105;15;10108;21;;;10100.0;0.0
av_WHEAT_d2;17900;INTARIAN_PEPPER_ROOT;12608;11;12605;26;;;12619;20;12621;17;;;12613.5;0.0
av_WHEAT_d2;18000;ASH_COATED_OSMIUM;10090;11;10088;19;;;10108;9;10110;21;;;10099.0;0.0
av_WHEAT_d2;18000;INTARIAN_PEPPER_ROOT;12612;9;12609;21;;;12618;23;12621;31;;;12615.0;0.0
av_WHEAT_d2;18100;ASH_COATED_OSMIUM;10096;11;10092;14;;;10102;9;10104;30;;;10099.0;0.0
av_WHEAT_d2;18100;INTARIAN_PEPPER_ROOT;12593;16;12591;11;;;12638;11;12641;21;;;12615.5;0.0
av_WHEAT_d2;18200;ASH_COATED_OSMIUM;10096;13;10094;15;;;10102;14;10104;21;;;10099.0;0.0
av_WHEAT_d2;18200;INTARIAN_PEPPER_ROOT;12612;5;12610;20;;;12619;6;12623;23;;;12615.5;0.0
av_WHEAT_d2;18300;ASH_COATED_OSMIUM;10096;8;10092;19;;;10102;17;10104;12;;;10099.0;0.0
av_WHEAT_d2;18300;INTARIAN_PEPPER_ROOT;12614;18;12610;24;;;12620;18;12622;19;;;12617.0;0.0
av_WHEAT_d2;18400;ASH_COATED_OSMIUM;10090;16;10088;19;;;10107;18;10109;20;;;10098.5;0.0
av_WHEAT_d2;18400;INTARIAN_PEPPER_ROOT;12615;8;12613;12;;;12621;14;12625;21;;;12618.0;0.0
av_WHEAT_d2;18500;ASH_COATED_OSMIUM;10096;7;10093;14;;;10103;7;10105;24;;;10099.5;0.0
av_WHEAT_d2;18500;INTARIAN_PEPPER_ROOT;12613;11;12609;21;;;12624;13;12628;25;;;12618.5;0.0
av_WHEAT_d2;18600;ASH_COATED_OSMIUM;10081;14;10077;14;;;10116;23;10118;27;;;10098.5;0.0
av_WHEAT_d2;18600;INTARIAN_PEPPER_ROOT;12616;12;12612;21;;;12622;8;12624;18;;;12619.0;0.0
av_WHEAT_d2;18700;ASH_COATED_OSMIUM;10095;12;10092;19;;;10101;27;10103;14;;;10098.0;0.0
av_WHEAT_d2;18700;INTARIAN_PEPPER_ROOT;12616;16;12613;18;;;12624;19;12626;10;;;12620.0;0.0
av_WHEAT_d2;18800;ASH_COATED_OSMIUM;10095;14;10092;17;;;10101;19;10105;11;;;10098.0;0.0
av_WHEAT_d2;18800;INTARIAN_PEPPER_ROOT;12618;19;12614;23;;;12624;12;12626;14;;;12621.0;0.0
av_WHEAT_d2;18900;ASH_COATED_OSMIUM;10092;18;10090;15;;;10106;15;10110;27;;;10099.0;0.0
av_WHEAT_d2;18900;INTARIAN_PEPPER_ROOT;12618;9;12616;23;;;12624;17;12626;22;;;12621.0;0.0
av_WHEAT_d2;19000;ASH_COATED_OSMIUM;10096;15;10094;20;;;10102;12;10104;20;;;10099.0;0.0
av_WHEAT_d2;19000;INTARIAN_PEPPER_ROOT;12619;10;12616;22;;;12625;17;12629;19;;;12622.0;0.0
av_WHEAT_d2;19100;ASH_COATED_OSMIUM;10095;14;10091;14;;;10102;15;10104;23;;;10098.5;0.0
av_WHEAT_d2;19100;INTARIAN_PEPPER_ROOT;12610;14;12608;30;;;12634;13;12637;15;;;12622.0;0.0
av_WHEAT_d2;19200;ASH_COATED_OSMIUM;10096;12;10092;11;;;10102;12;10105;17;;;10099.0;0.0
av_WHEAT_d2;19200;INTARIAN_PEPPER_ROOT;12619;23;12617;20;;;12628;20;12630;11;;;12623.5;0.0
av_WHEAT_d2;19300;ASH_COATED_OSMIUM;10096;14;10093;19;;;10102;19;10105;15;;;10099.0;0.0
av_WHEAT_d2;19300;INTARIAN_PEPPER_ROOT;12616;22;12614;20;;;12632;12;12634;14;;;12624.0;0.0
av_WHEAT_d2;19400;ASH_COATED_OSMIUM;10096;7;10094;14;;;10102;11;10105;24;;;10099.0;0.0
av_WHEAT_d2;19400;INTARIAN_PEPPER_ROOT;12617;15;12613;21;;;12632;13;12636;18;;;12624.5;0.0
av_WHEAT_d2;19500;ASH_COATED_OSMIUM;10095;13;10092;19;;;10101;14;10103;10;;;10098.0;0.0
av_WHEAT_d2;19500;INTARIAN_PEPPER_ROOT;12620;8;12618;16;;;12630;15;12633;20;;;12625.0;0.0
av_WHEAT_d2;19600;ASH_COATED_OSMIUM;10095;18;10093;17;;;10101;10;10105;14;;;10098.0;0.0
av_WHEAT_d2;19600;INTARIAN_PEPPER_ROOT;12623;12;12621;19;;;12629;18;12633;26;;;12626.0;0.0
av_WHEAT_d2;19700;ASH_COATED_OSMIUM;10089;14;10085;19;;;10109;14;10113;14;;;10099.0;0.0
av_WHEAT_d2;19700;INTARIAN_PEPPER_ROOT;12624;7;12620;19;;;12630;6;12632;22;;;12627.0;0.0
av_WHEAT_d2;19800;ASH_COATED_OSMIUM;10094;15;10091;15;;;10102;15;10106;19;;;10098.0;0.0
av_WHEAT_d2;19800;INTARIAN_PEPPER_ROOT;12625;18;12622;17;;;12631;12;12635;23;;;12628.0;0.0
av_WHEAT_d2;19900;ASH_COATED_OSMIUM;10095;13;10092;17;;;10101;17;10103;21;;;10098.0;0.0
av_WHEAT_d2;19900;INTARIAN_PEPPER_ROOT;12624;9;12621;20;;;12633;10;12635;25;;;12628.5;0.0
av_WHEAT_d2;20000;ASH_COATED_OSMIUM;10096;11;10093;25;;;10102;15;10106;19;;;10099.0;0.0
av_WHEAT_d2;20000;INTARIAN_PEPPER_ROOT;12626;17;12623;18;;;12632;15;12634;8;;;12629.0;0.0
av_WHEAT_d2;20100;ASH_COATED_OSMIUM;10095;17;10091;23;;;10101;8;10103;30;;;10098.0;0.0
av_WHEAT_d2;20100;INTARIAN_PEPPER_ROOT;12627;9;12624;21;;;12633;24;12637;32;;;12630.0;0.0
av_WHEAT_d2;20200;ASH_COATED_OSMIUM;10095;13;10092;21;;;10101;12;10105;21;;;10098.0;0.0
av_WHEAT_d2;20200;INTARIAN_PEPPER_ROOT;12625;24;12621;19;;;12638;9;12640;20;;;12631.5;0.0
av_WHEAT_d2;20300;ASH_COATED_OSMIUM;10095;14;10091;17;;;10101;13;10104;32;;;10098.0;0.0
av_WHEAT_d2;20300;INTARIAN_PEPPER_ROOT;12628;17;12626;15;;;12634;16;12636;19;;;12631.0;0.0
av_WHEAT_d2;20400;ASH_COATED_OSMIUM;10093;8;10091;11;;;10103;23;10107;28;;;10098.0;0.0
av_WHEAT_d2;20400;INTARIAN_PEPPER_ROOT;12629;16;12625;22;;;12635;8;12637;9;;;12632.0;0.0
av_WHEAT_d2;20500;ASH_COATED_OSMIUM;10095;17;10092;22;;;10101;17;10105;19;;;10098.0;0.0
av_WHEAT_d2;20500;INTARIAN_PEPPER_ROOT;12622;20;12618;15;;;12645;10;12649;16;;;12633.5;0.0
av_WHEAT_d2;20600;ASH_COATED_OSMIUM;10083;11;10079;16;;;10114;21;10116;21;;;10098.5;0.0
av_WHEAT_d2;20600;INTARIAN_PEPPER_ROOT;12625;18;12623;15;;;12640;15;12644;19;;;12632.5;0.0
av_WHEAT_d2;20700;ASH_COATED_OSMIUM;10095;17;10092;21;;;10101;8;10104;21;;;10098.0;0.0
av_WHEAT_d2;20700;INTARIAN_PEPPER_ROOT;12627;9;12624;23;;;12642;19;12645;19;;;12634.5;0.0
av_WHEAT_d2;20800;ASH_COATED_OSMIUM;10091;18;10087;21;;;10105;9;10107;32;;;10098.0;0.0
av_WHEAT_d2;20800;INTARIAN_PEPPER_ROOT;12630;18;12626;14;;;12640;14;12644;22;;;12635.0;0.0
av_WHEAT_d2;20900;ASH_COATED_OSMIUM;10094;18;10090;23;;;10100;14;10103;21;;;10097.0;0.0
av_WHEAT_d2;20900;INTARIAN_PEPPER_ROOT;12633;14;12630;17;;;12639;26;12641;11;;;12636.0;0.0
av_WHEAT_d2;21000;ASH_COATED_OSMIUM;10094;21;10091;30;;;10102;11;10106;16;;;10098.0;0.0
av_WHEAT_d2;21000;INTARIAN_PEPPER_ROOT;12634;9;12630;17;;;12640;13;12642;19;;;12637.0;0.0
av_WHEAT_d2;21100;ASH_COATED_OSMIUM;10095;21;10091;16;;;10101;17;10103;21;;;10098.0;0.0
av_WHEAT_d2;21100;INTARIAN_PEPPER_ROOT;12634;14;12630;15;;;12640;11;12644;23;;;12637.0;0.0
av_WHEAT_d2;21200;ASH_COATED_OSMIUM;10095;13;10093;22;;;10101;18;10105;18;;;10098.0;0.0
av_WHEAT_d2;21200;INTARIAN_PEPPER_ROOT;12633;16;12629;21;;;12643;16;12646;18;;;12638.0;0.0
av_WHEAT_d2;21300;ASH_COATED_OSMIUM;10093;11;10090;16;;;10101;14;10105;23;;;10097.0;0.0
av_WHEAT_d2;21300;INTARIAN_PEPPER_ROOT;12635;14;12631;19;;;12641;13;12643;18;;;12638.0;0.0
av_WHEAT_d2;21400;ASH_COATED_OSMIUM;10095;11;10091;15;;;10101;11;10105;25;;;10098.0;0.0
av_WHEAT_d2;21400;INTARIAN_PEPPER_ROOT;12636;16;12633;21;;;12642;10;12646;28;;;12639.0;0.0
av_WHEAT_d2;21500;ASH_COATED_OSMIUM;10095;9;10092;26;;;10101;19;10105;17;;;10098.0;0.0
av_WHEAT_d2;21500;INTARIAN_PEPPER_ROOT;12637;10;12633;24;;;12643;17;12645;17;;;12640.0;0.0
av_WHEAT_d2;21600;ASH_COATED_OSMIUM;10095;17;10092;29;;;10101;15;10105;18;;;10098.0;0.0
av_WHEAT_d2;21600;INTARIAN_PEPPER_ROOT;12637;17;12633;15;;;12643;10;12647;11;;;12640.0;0.0
av_WHEAT_d2;21700;ASH_COATED_OSMIUM;10095;8;10091;24;;;10101;19;10105;23;;;10098.0;0.0
av_WHEAT_d2;21700;INTARIAN_PEPPER_ROOT;12638;9;12636;11;;;12644;12;12646;25;;;12641.0;0.0
av_WHEAT_d2;21800;ASH_COATED_OSMIUM;10094;8;10090;12;;;10101;9;10103;22;;;10097.5;0.0
av_WHEAT_d2;21800;INTARIAN_PEPPER_ROOT;12639;20;12636;17;;;12646;13;12649;18;;;12642.5;0.0
av_WHEAT_d2;21900;ASH_COATED_OSMIUM;10094;12;10090;27;;;10100;15;10103;18;;;10097.0;0.0
av_WHEAT_d2;21900;INTARIAN_PEPPER_ROOT;12637;10;12634;24;;;12647;13;12650;15;;;12642.0;0.0
av_WHEAT_d2;22000;ASH_COATED_OSMIUM;10095;16;10093;24;;;10101;5;10104;19;;;10098.0;0.0
av_WHEAT_d2;22000;INTARIAN_PEPPER_ROOT;12640;17;12638;16;;;12646;5;12649;29;;;12643.0;0.0
av_WHEAT_d2;22100;ASH_COATED_OSMIUM;10095;25;10092;14;;;10101;20;10104;21;;;10098.0;0.0
av_WHEAT_d2;22100;INTARIAN_PEPPER_ROOT;12640;5;12636;16;;;12649;10;12652;25;;;12644.5;0.0
av_WHEAT_d2;22200;ASH_COATED_OSMIUM;10095;15;10093;20;;;10101;7;10105;22;;;10098.0;0.0
av_WHEAT_d2;22200;INTARIAN_PEPPER_ROOT;12642;17;12640;11;;;12648;14;12652;20;;;12645.0;0.0
av_WHEAT_d2;22300;ASH_COATED_OSMIUM;10075;8;10073;22;;;10119;19;10122;17;;;10097.0;0.0
av_WHEAT_d2;22300;INTARIAN_PEPPER_ROOT;12643;18;12639;26;;;12649;13;12651;23;;;12646.0;0.0
av_WHEAT_d2;22400;ASH_COATED_OSMIUM;10094;22;10092;16;;;10100;20;10104;14;;;10097.0;0.0
av_WHEAT_d2;22400;INTARIAN_PEPPER_ROOT;12644;7;12641;22;;;12650;10;12653;14;;;12647.0;0.0
av_WHEAT_d2;22500;ASH_COATED_OSMIUM;10086;15;10083;21;;;10110;11;10114;15;;;10098.0;0.0
av_WHEAT_d2;22500;INTARIAN_PEPPER_ROOT;12644;16;12640;25;;;12650;17;12652;9;;;12647.0;0.0
av_WHEAT_d2;22600;ASH_COATED_OSMIUM;10092;9;10088;20;;;10103;13;10107;16;;;10097.5;0.0
av_WHEAT_d2;22600;INTARIAN_PEPPER_ROOT;12645;13;12641;31;;;12651;6;12655;14;;;12648.0;0.0
av_WHEAT_d2;22700;ASH_COATED_OSMIUM;10093;13;10091;22;;;10103;11;10106;21;;;10098.0;0.0
av_WHEAT_d2;22700;INTARIAN_PEPPER_ROOT;12646;15;12644;16;;;12652;14;12655;32;;;12649.0;0.0
av_WHEAT_d2;22800;ASH_COATED_OSMIUM;10094;10;10090;12;;;10100;15;10104;22;;;10097.0;0.0
av_WHEAT_d2;22800;INTARIAN_PEPPER_ROOT;12646;17;12643;14;;;12653;15;12655;23;;;12649.5;0.0
av_WHEAT_d2;22900;ASH_COATED_OSMIUM;10093;18;10091;16;;;10101;15;10103;24;;;10097.0;0.0
av_WHEAT_d2;22900;INTARIAN_PEPPER_ROOT;12647;18;12645;24;;;12653;18;12656;17;;;12650.0;0.0
av_WHEAT_d2;23000;ASH_COATED_OSMIUM;10094;21;10091;19;;;10100;5;10103;21;;;10097.0;0.0
av_WHEAT_d2;23000;INTARIAN_PEPPER_ROOT;12647;20;12643;22;;;12653;18;12656;24;;;12650.0;0.0
av_WHEAT_d2;23100;ASH_COATED_OSMIUM;10089;17;10086;24;;;10106;22;10109;20;;;10097.5;0.0
av_WHEAT_d2;23100;INTARIAN_PEPPER_ROOT;12648;5;12644;16;;;12655;14;12657;26;;;12651.5;0.0
av_WHEAT_d2;23200;ASH_COATED_OSMIUM;10094;10;10091;22;;;10101;11;10103;15;;;10097.5;0.0
av_WHEAT_d2;23200;INTARIAN_PEPPER_ROOT;12650;14;12648;27;;;12656;8;12658;19;;;12653.0;0.0
av_WHEAT_d2;23300;ASH_COATED_OSMIUM;10094;9;10091;16;;;10101;7;10105;13;;;10097.5;0.0
av_WHEAT_d2;23300;INTARIAN_PEPPER_ROOT;12650;16;12647;10;;;12656;23;12660;16;;;12653.0;0.0
av_WHEAT_d2;23400;ASH_COATED_OSMIUM;10091;16;10088;19;;;10102;15;10105;22;;;10096.5;0.0
av_WHEAT_d2;23400;INTARIAN_PEPPER_ROOT;12651;12;12648;21;;;12657;9;12661;20;;;12654.0;0.0
av_WHEAT_d2;23500;ASH_COATED_OSMIUM;10091;14;10088;15;;;10102;14;10104;19;;;10096.5;0.0
av_WHEAT_d2;23500;INTARIAN_PEPPER_ROOT;12651;17;12648;22;;;12657;12;12660;17;;;12654.0;0.0
av_WHEAT_d2;23600;ASH_COATED_OSMIUM;10094;10;10090;26;;;10100;10;10104;23;;;10097.0;0.0
av_WHEAT_d2;23600;INTARIAN_PEPPER_ROOT;12634;11;12632;17;;;12676;15;12679;20;;;12655.0;0.0
av_WHEAT_d2;23700;ASH_COATED_OSMIUM;10093;25;10090;18;;;10100;5;10103;19;;;10096.5;0.0
av_WHEAT_d2;23700;INTARIAN_PEPPER_ROOT;12652;6;12649;23;;;12658;9;12660;16;;;12655.0;0.0
av_WHEAT_d2;23800;ASH_COATED_OSMIUM;10094;16;10090;16;;;10100;18;10102;30;;;10097.0;0.0
av_WHEAT_d2;23800;INTARIAN_PEPPER_ROOT;12653;10;12651;23;;;12659;18;12661;24;;;12656.0;0.0
av_WHEAT_d2;23900;ASH_COATED_OSMIUM;10092;17;10088;23;;;10102;14;10105;22;;;10097.0;0.0
av_WHEAT_d2;23900;INTARIAN_PEPPER_ROOT;12651;17;12648;29;;;12663;20;12666;22;;;12657.0;0.0
av_WHEAT_d2;24000;ASH_COATED_OSMIUM;10092;11;10088;21;;;10102;14;10104;12;;;10097.0;0.0
av_WHEAT_d2;24000;INTARIAN_PEPPER_ROOT;12654;10;12652;22;;;12662;5;12664;20;;;12658.0;0.0
av_WHEAT_d2;24100;ASH_COATED_OSMIUM;10094;14;10092;23;;;10100;5;10103;24;;;10097.0;0.0
av_WHEAT_d2;24100;INTARIAN_PEPPER_ROOT;12654;14;12652;24;;;12665;7;12667;24;;;12659.5;0.0
av_WHEAT_d2;24200;ASH_COATED_OSMIUM;10088;11;10085;20;;;10104;23;10108;16;;;10096.0;0.0
av_WHEAT_d2;24200;INTARIAN_PEPPER_ROOT;12655;15;12653;20;;;12662;20;12665;19;;;12658.5;0.0
av_WHEAT_d2;24300;ASH_COATED_OSMIUM;10093;21;10091;19;;;10099;17;10102;15;;;10096.0;0.0
av_WHEAT_d2;24300;INTARIAN_PEPPER_ROOT;12656;20;12654;24;;;12662;19;12666;18;;;12659.0;0.0
av_WHEAT_d2;24400;ASH_COATED_OSMIUM;10094;22;10090;28;;;10100;15;10104;16;;;10097.0;0.0
av_WHEAT_d2;24400;INTARIAN_PEPPER_ROOT;12657;17;12654;20;;;12663;9;12666;14;;;12660.0;0.0
av_WHEAT_d2;24500;ASH_COATED_OSMIUM;10094;13;10090;17;;;10100;20;10102;21;;;10097.0;0.0
av_WHEAT_d2;24500;INTARIAN_PEPPER_ROOT;12659;16;12655;23;;;12665;13;12668;16;;;12662.0;0.0
av_WHEAT_d2;24600;ASH_COATED_OSMIUM;10093;11;10089;16;;;10100;10;10102;21;;;10096.5;0.0
av_WHEAT_d2;24600;INTARIAN_PEPPER_ROOT;12659;9;12655;25;;;12666;11;12668;11;;;12662.5;0.0
av_WHEAT_d2;24700;ASH_COATED_OSMIUM;10094;23;10090;21;;;10100;19;10104;21;;;10097.0;0.0
av_WHEAT_d2;24700;INTARIAN_PEPPER_ROOT;12660;17;12658;23;;;12666;12;12668;22;;;12663.0;0.0
av_WHEAT_d2;24800;ASH_COATED_OSMIUM;10094;17;10090;24;;;10100;10;10102;27;;;10097.0;0.0
av_WHEAT_d2;24800;INTARIAN_PEPPER_ROOT;12661;11;12658;22;;;12667;26;12671;17;;;12664.0;0.0
av_WHEAT_d2;24900;ASH_COATED_OSMIUM;10094;16;10090;17;;;10100;9;10103;16;;;10097.0;0.0
av_WHEAT_d2;24900;INTARIAN_PEPPER_ROOT;12661;17;12658;14;;;12667;29;12669;17;;;12664.0;0.0
av_WHEAT_d2;25000;ASH_COATED_OSMIUM;10091;23;10088;24;;;10101;15;10104;19;;;10096.0;0.0
av_WHEAT_d2;25000;INTARIAN_PEPPER_ROOT;12660;20;12656;25;;;12670;19;12674;28;;;12665.0;0.0
av_WHEAT_d2;25100;ASH_COATED_OSMIUM;10094;10;10091;16;;;10100;21;10102;16;;;10097.0;0.0
av_WHEAT_d2;25100;INTARIAN_PEPPER_ROOT;12663;20;12661;24;;;12669;15;12671;28;;;12666.0;0.0
av_WHEAT_d2;25200;ASH_COATED_OSMIUM;10093;15;10090;17;;;10099;11;10102;20;;;10096.0;0.0
av_WHEAT_d2;25200;INTARIAN_PEPPER_ROOT;12663;17;12659;26;;;12669;17;12672;27;;;12666.0;0.0
av_WHEAT_d2;25300;ASH_COATED_OSMIUM;10094;17;10092;8;;;10100;13;10104;24;;;10097.0;0.0
av_WHEAT_d2;25300;INTARIAN_PEPPER_ROOT;12665;16;12663;19;;;12671;14;12674;26;;;12668.0;0.0
av_WHEAT_d2;25400;ASH_COATED_OSMIUM;10093;5;10091;14;;;10099;11;10102;21;;;10096.0;0.0
av_WHEAT_d2;25400;INTARIAN_PEPPER_ROOT;12665;9;12662;19;;;12671;13;12675;13;;;12668.0;0.0
av_WHEAT_d2;25500;ASH_COATED_OSMIUM;10094;11;10091;15;;;10100;16;10104;27;;;10097.0;0.0
av_WHEAT_d2;25500;INTARIAN_PEPPER_ROOT;12665;10;12661;13;;;12671;17;12673;21;;;12668.0;0.0
av_WHEAT_d2;25600;ASH_COATED_OSMIUM;10092;13;10090;26;;;10100;12;10102;16;;;10096.0;0.0
av_WHEAT_d2;25600;INTARIAN_PEPPER_ROOT;12657;19;12654;16;;;12683;11;12687;30;;;12670.0;0.0
av_WHEAT_d2;25700;ASH_COATED_OSMIUM;10093;16;10091;18;;;10099;10;10101;13;;;10096.0;0.0
av_WHEAT_d2;25700;INTARIAN_PEPPER_ROOT;12661;20;12657;18;;;12680;16;12683;11;;;12670.5;0.0
av_WHEAT_d2;25800;ASH_COATED_OSMIUM;10094;16;10091;18;;;10100;15;10102;20;;;10097.0;0.0
av_WHEAT_d2;25800;INTARIAN_PEPPER_ROOT;12668;19;12666;17;;;12674;19;12677;22;;;12671.0;0.0
av_WHEAT_d2;25900;ASH_COATED_OSMIUM;10087;8;10085;14;;;10106;11;10108;17;;;10096.5;0.0
av_WHEAT_d2;25900;INTARIAN_PEPPER_ROOT;12669;17;12666;22;;;12675;10;12679;27;;;12672.0;0.0
av_WHEAT_d2;26000;ASH_COATED_OSMIUM;10087;9;10083;19;;;10105;24;10108;19;;;10096.0;0.0
av_WHEAT_d2;26000;INTARIAN_PEPPER_ROOT;12669;5;12666;15;;;12675;12;12678;20;;;12672.0;0.0
av_WHEAT_d2;26100;ASH_COATED_OSMIUM;10093;9;10091;10;;;10099;10;10103;16;;;10096.0;0.0
av_WHEAT_d2;26100;INTARIAN_PEPPER_ROOT;12662;18;12658;22;;;12683;18;12686;21;;;12672.5;0.0
av_WHEAT_d2;26200;ASH_COATED_OSMIUM;10093;18;10090;15;;;10099;19;10101;30;;;10096.0;0.0
av_WHEAT_d2;26200;INTARIAN_PEPPER_ROOT;12671;13;12668;23;;;12677;8;12679;19;;;12674.0;0.0
av_WHEAT_d2;26300;ASH_COATED_OSMIUM;10093;13;10090;16;;;10100;19;10102;21;;;10096.5;0.0
av_WHEAT_d2;26300;INTARIAN_PEPPER_ROOT;12672;14;12670;11;;;12678;17;12682;13;;;12675.0;0.0
av_WHEAT_d2;26400;ASH_COATED_OSMIUM;10093;20;10089;21;;;10099;26;10103;22;;;10096.0;0.0
av_WHEAT_d2;26400;INTARIAN_PEPPER_ROOT;12672;14;12670;21;;;12678;7;12681;18;;;12675.0;0.0
av_WHEAT_d2;26500;ASH_COATED_OSMIUM;10091;8;10089;23;;;10101;20;10103;17;;;10096.0;0.0
av_WHEAT_d2;26500;INTARIAN_PEPPER_ROOT;12673;10;12670;29;;;12680;12;12684;18;;;12676.5;0.0
av_WHEAT_d2;26600;ASH_COATED_OSMIUM;10093;17;10090;20;;;10099;14;10102;18;;;10096.0;0.0
av_WHEAT_d2;26600;INTARIAN_PEPPER_ROOT;12674;19;12672;13;;;12680;16;12683;14;;;12677.0;0.0
av_WHEAT_d2;26700;ASH_COATED_OSMIUM;10092;17;10089;16;;;10098;16;10102;25;;;10095.0;0.0
av_WHEAT_d2;26700;INTARIAN_PEPPER_ROOT;12666;16;12662;25;;;12689;7;12693;14;;;12677.5;0.0
av_WHEAT_d2;26800;ASH_COATED_OSMIUM;10093;19;10089;20;;;10099;23;10101;17;;;10096.0;0.0
av_WHEAT_d2;26800;INTARIAN_PEPPER_ROOT;12672;23;12670;17;;;12684;20;12686;25;;;12678.0;0.0
av_WHEAT_d2;26900;ASH_COATED_OSMIUM;10093;6;10090;22;;;10099;15;10102;22;;;10096.0;0.0
av_WHEAT_d2;26900;INTARIAN_PEPPER_ROOT;12675;14;12673;17;;;12681;18;12685;22;;;12678.0;0.0
av_WHEAT_d2;27000;ASH_COATED_OSMIUM;10090;11;10086;16;;;10102;6;10104;11;;;10096.0;0.0
av_WHEAT_d2;27000;INTARIAN_PEPPER_ROOT;12676;11;12672;27;;;12682;15;12684;18;;;12679.0;0.0
av_WHEAT_d2;27100;ASH_COATED_OSMIUM;10092;13;10090;17;;;10098;5;10102;22;;;10095.0;0.0
av_WHEAT_d2;27100;INTARIAN_PEPPER_ROOT;12674;5;12672;20;;;12686;24;12689;17;;;12680.0;0.0
av_WHEAT_d2;27200;ASH_COATED_OSMIUM;10092;22;10089;21;;;10098;9;10102;24;;;10095.0;0.0
av_WHEAT_d2;27200;INTARIAN_PEPPER_ROOT;12678;16;12674;27;;;12684;16;12686;32;;;12681.0;0.0
av_WHEAT_d2;27300;ASH_COATED_OSMIUM;10093;15;10090;27;;;10099;14;10103;26;;;10096.0;0.0
av_WHEAT_d2;27300;INTARIAN_PEPPER_ROOT;12679;12;12676;18;;;12685;12;12689;18;;;12682.0;0.0
av_WHEAT_d2;27400;ASH_COATED_OSMIUM;10093;11;10090;20;;;10099;18;10101;21;;;10096.0;0.0
av_WHEAT_d2;27400;INTARIAN_PEPPER_ROOT;12679;12;12677;12;;;12685;20;12689;12;;;12682.0;0.0
av_WHEAT_d2;27500;ASH_COATED_OSMIUM;10093;10;10090;24;;;10099;10;10101;15;;;10096.0;0.0
av_WHEAT_d2;27500;INTARIAN_PEPPER_ROOT;12680;15;12676;11;;;12686;20;12688;11;;;12683.0;0.0
av_WHEAT_d2;27600;ASH_COATED_OSMIUM;10093;6;10090;18;;;10100;14;10103;29;;;10096.5;0.0
av_WHEAT_d2;27600;INTARIAN_PEPPER_ROOT;12676;18;12672;20;;;12691;10;12695;19;;;12683.5;0.0
av_WHEAT_d2;27700;ASH_COATED_OSMIUM;10088;14;10086;12;;;10102;19;10105;22;;;10095.0;0.0
av_WHEAT_d2;27700;INTARIAN_PEPPER_ROOT;12682;5;12679;29;;;12688;10;12690;19;;;12685.0;0.0
av_WHEAT_d2;27800;ASH_COATED_OSMIUM;10092;15;10090;16;;;10098;18;10102;20;;;10095.0;0.0
av_WHEAT_d2;27800;INTARIAN_PEPPER_ROOT;12681;24;12677;23;;;12691;11;12693;22;;;12686.0;0.0
av_WHEAT_d2;27900;ASH_COATED_OSMIUM;10092;12;10088;13;;;10098;19;10101;18;;;10095.0;0.0
av_WHEAT_d2;27900;INTARIAN_PEPPER_ROOT;12683;18;12679;13;;;12689;12;12692;10;;;12686.0;0.0
av_WHEAT_d2;28000;ASH_COATED_OSMIUM;10092;9;10089;17;;;10098;9;10102;25;;;10095.0;0.0
av_WHEAT_d2;28000;INTARIAN_PEPPER_ROOT;12684;8;12680;19;;;12690;16;12694;19;;;12687.0;0.0
av_WHEAT_d2;28100;ASH_COATED_OSMIUM;10092;5;10089;29;;;10098;11;10102;23;;;10095.0;0.0
av_WHEAT_d2;28100;INTARIAN_PEPPER_ROOT;12682;8;12678;16;;;12694;11;12696;23;;;12688.0;0.0
av_WHEAT_d2;28200;ASH_COATED_OSMIUM;10092;18;10090;23;;;10098;18;10102;20;;;10095.0;0.0
av_WHEAT_d2;28200;INTARIAN_PEPPER_ROOT;12685;9;12682;20;;;12691;20;12695;19;;;12688.0;0.0
av_WHEAT_d2;28300;ASH_COATED_OSMIUM;10091;15;10089;26;;;10098;25;10101;18;;;10094.5;0.0
av_WHEAT_d2;28300;INTARIAN_PEPPER_ROOT;12685;5;12682;19;;;12691;20;12693;20;;;12688.0;0.0
av_WHEAT_d2;28400;ASH_COATED_OSMIUM;10092;18;10090;26;;;10098;14;10102;18;;;10095.0;0.0
av_WHEAT_d2;28400;INTARIAN_PEPPER_ROOT;12683;15;12681;26;;;12696;7;12700;11;;;12689.5;0.0
av_WHEAT_d2;28500;ASH_COATED_OSMIUM;10092;18;10090;17;;;10098;16;10100;17;;;10095.0;0.0
av_WHEAT_d2;28500;INTARIAN_PEPPER_ROOT;12687;7;12684;19;;;12693;15;12697;21;;;12690.0;0.0
av_WHEAT_d2;28600;ASH_COATED_OSMIUM;10090;15;10086;25;;;10101;21;10104;20;;;10095.5;0.0
av_WHEAT_d2;28600;INTARIAN_PEPPER_ROOT;12688;5;12684;18;;;12694;14;12697;17;;;12691.0;0.0
av_WHEAT_d2;28700;ASH_COATED_OSMIUM;10092;11;10089;14;;;10098;27;10100;9;;;10095.0;0.0
av_WHEAT_d2;28700;INTARIAN_PEPPER_ROOT;12689;5;12685;17;;;12695;22;12697;18;;;12692.0;0.0
av_WHEAT_d2;28800;ASH_COATED_OSMIUM;10079;19;10075;21;;;10110;7;10114;15;;;10094.5;0.0
av_WHEAT_d2;28800;INTARIAN_PEPPER_ROOT;12684;7;12682;30;;;12700;24;12704;16;;;12692.0;0.0
av_WHEAT_d2;28900;ASH_COATED_OSMIUM;10091;13;10089;20;;;10097;12;10099;16;;;10094.0;0.0
av_WHEAT_d2;28900;INTARIAN_PEPPER_ROOT;12689;18;12685;15;;;12697;13;12701;17;;;12693.0;0.0
av_WHEAT_d2;29000;ASH_COATED_OSMIUM;10092;9;10090;19;;;10098;14;10101;26;;;10095.0;0.0
av_WHEAT_d2;29000;INTARIAN_PEPPER_ROOT;12691;14;12688;17;;;12697;7;12700;16;;;12694.0;0.0
av_WHEAT_d2;29100;ASH_COATED_OSMIUM;10092;15;10089;23;;;10098;18;10100;19;;;10095.0;0.0
av_WHEAT_d2;29100;INTARIAN_PEPPER_ROOT;12692;9;12689;23;;;12698;16;12701;29;;;12695.0;0.0
av_WHEAT_d2;29200;ASH_COATED_OSMIUM;10092;7;10088;30;;;10098;18;10100;20;;;10095.0;0.0
av_WHEAT_d2;29200;INTARIAN_PEPPER_ROOT;12686;19;12684;25;;;12704;25;12708;20;;;12695.0;0.0
av_WHEAT_d2;29300;ASH_COATED_OSMIUM;10089;22;10085;18;;;10101;17;10103;11;;;10095.0;0.0
av_WHEAT_d2;29300;INTARIAN_PEPPER_ROOT;12693;11;12691;27;;;12699;21;12701;19;;;12696.0;0.0
av_WHEAT_d2;29400;ASH_COATED_OSMIUM;10092;22;10089;21;;;10098;16;10101;10;;;10095.0;0.0
av_WHEAT_d2;29400;INTARIAN_PEPPER_ROOT;12688;17;12684;20;;;12705;24;12709;26;;;12696.5;0.0
av_WHEAT_d2;29500;ASH_COATED_OSMIUM;10085;10;10081;13;;;10104;17;10106;14;;;10094.5;0.0
av_WHEAT_d2;29500;INTARIAN_PEPPER_ROOT;12694;16;12690;19;;;12700;11;12704;21;;;12697.0;0.0
av_WHEAT_d2;29600;ASH_COATED_OSMIUM;10091;5;10089;16;;;10097;7;10099;28;;;10094.0;0.0
av_WHEAT_d2;29600;INTARIAN_PEPPER_ROOT;12690;16;12686;23;;;12706;11;12708;29;;;12698.0;0.0
av_WHEAT_d2;29700;ASH_COATED_OSMIUM;10091;13;10088;22;;;10097;15;10100;26;;;10094.0;0.0
av_WHEAT_d2;29700;INTARIAN_PEPPER_ROOT;12696;5;12694;21;;;12702;14;12705;16;;;12699.0;0.0
av_WHEAT_d2;29800;ASH_COATED_OSMIUM;10092;11;10090;16;;;10098;19;10100;27;;;10095.0;0.0
av_WHEAT_d2;29800;INTARIAN_PEPPER_ROOT;12697;13;12693;18;;;12703;16;12706;14;;;12700.0;0.0
av_WHEAT_d2;29900;ASH_COATED_OSMIUM;10092;16;10089;15;;;10098;15;10100;23;;;10095.0;0.0
av_WHEAT_d2;29900;INTARIAN_PEPPER_ROOT;12697;18;12693;28;;;12703;14;12707;22;;;12700.0;0.0
av_WHEAT_d2;30000;ASH_COATED_OSMIUM;10091;17;10089;14;;;10097;24;10100;19;;;10094.0;0.0
av_WHEAT_d2;30000;INTARIAN_PEPPER_ROOT;12698;10;12694;15;;;12704;27;12706;22;;;12701.0;0.0
av_WHEAT_d2;30100;ASH_COATED_OSMIUM;10092;11;10090;15;;;10098;21;10100;24;;;10095.0;0.0
av_WHEAT_d2;30100;INTARIAN_PEPPER_ROOT;12688;10;12685;16;;;12715;11;12718;19;;;12701.5;0.0
av_WHEAT_d2;30200;ASH_COATED_OSMIUM;10091;20;10088;20;;;10097;13;10099;26;;;10094.0;0.0
av_WHEAT_d2;30200;INTARIAN_PEPPER_ROOT;12700;18;12698;17;;;12706;22;12709;13;;;12703.0;0.0
av_WHEAT_d2;30300;ASH_COATED_OSMIUM;10090;20;10087;24;;;10100;22;10104;24;;;10095.0;0.0
av_WHEAT_d2;30300;INTARIAN_PEPPER_ROOT;12690;22;12686;13;;;12717;10;12720;23;;;12703.5;0.0
av_WHEAT_d2;30400;ASH_COATED_OSMIUM;10080;13;10077;18;;;10108;10;10110;21;;;10094.0;0.0
av_WHEAT_d2;30400;INTARIAN_PEPPER_ROOT;12691;6;12687;20;;;12716;21;12718;20;;;12703.5;0.0
av_WHEAT_d2;30500;ASH_COATED_OSMIUM;10088;5;10085;21;;;10100;15;10102;14;;;10094.0;0.0
av_WHEAT_d2;30500;INTARIAN_PEPPER_ROOT;12701;13;12698;15;;;12708;6;12710;24;;;12704.5;0.0
av_WHEAT_d2;30600;ASH_COATED_OSMIUM;10092;17;10090;11;;;10098;13;10102;10;;;10095.0;0.0
av_WHEAT_d2;30600;INTARIAN_PEPPER_ROOT;12703;14;12700;20;;;12709;11;12713;22;;;12706.0;0.0
av_WHEAT_d2;30700;ASH_COATED_OSMIUM;10091;11;10087;19;;;10097;10;10101;16;;;10094.0;0.0
av_WHEAT_d2;30700;INTARIAN_PEPPER_ROOT;12703;10;12699;16;;;12709;12;12711;21;;;12706.0;0.0
av_WHEAT_d2;30800;ASH_COATED_OSMIUM;10083;17;10080;16;;;10106;21;10110;18;;;10094.5;0.0
av_WHEAT_d2;30800;INTARIAN_PEPPER_ROOT;12704;16;12701;15;;;12710;26;12713;10;;;12707.0;0.0
av_WHEAT_d2;30900;ASH_COATED_OSMIUM;10091;13;10089;23;;;10097;10;10100;17;;;10094.0;0.0
av_WHEAT_d2;30900;INTARIAN_PEPPER_ROOT;12705;14;12702;10;;;12711;18;12714;21;;;12708.0;0.0
av_WHEAT_d2;31000;ASH_COATED_OSMIUM;10091;9;10088;14;;;10097;13;10099;25;;;10094.0;0.0
av_WHEAT_d2;31000;INTARIAN_PEPPER_ROOT;12698;15;12694;9;;;12720;26;12724;21;;;12709.0;0.0
av_WHEAT_d2;31100;ASH_COATED_OSMIUM;10091;17;10089;23;;;10097;14;10100;21;;;10094.0;0.0
av_WHEAT_d2;31100;INTARIAN_PEPPER_ROOT;12706;19;12703;19;;;12712;15;12714;14;;;12709.0;0.0
av_WHEAT_d2;31200;ASH_COATED_OSMIUM;10083;9;10079;24;;;10106;18;10110;25;;;10094.5;0.0
av_WHEAT_d2;31200;INTARIAN_PEPPER_ROOT;12706;22;12702;8;;;12714;20;12716;19;;;12710.0;0.0
av_WHEAT_d2;31300;ASH_COATED_OSMIUM;10091;11;10088;20;;;10097;17;10099;19;;;10094.0;0.0
av_WHEAT_d2;31300;INTARIAN_PEPPER_ROOT;12707;23;12704;25;;;12713;14;12716;25;;;12710.0;0.0
av_WHEAT_d2;31400;ASH_COATED_OSMIUM;10091;18;10089;26;;;10097;22;10099;24;;;10094.0;0.0
av_WHEAT_d2;31400;INTARIAN_PEPPER_ROOT;12708;19;12706;19;;;12714;17;12717;22;;;12711.0;0.0
av_WHEAT_d2;31500;ASH_COATED_OSMIUM;10085;10;10081;8;;;10103;15;10106;30;;;10094.0;0.0
av_WHEAT_d2;31500;INTARIAN_PEPPER_ROOT;12692;15;12689;18;;;12731;13;12733;21;;;12711.5;0.0
av_WHEAT_d2;31600;ASH_COATED_OSMIUM;10078;24;10075;20;;;10109;5;10113;15;;;10093.5;0.0
av_WHEAT_d2;31600;INTARIAN_PEPPER_ROOT;12709;12;12705;14;;;12715;22;12718;27;;;12712.0;0.0
av_WHEAT_d2;31700;ASH_COATED_OSMIUM;10089;10;10086;27;;;10099;10;10102;15;;;10094.0;0.0
av_WHEAT_d2;31700;INTARIAN_PEPPER_ROOT;12709;21;12706;10;;;12718;12;12722;24;;;12713.5;0.0
av_WHEAT_d2;31800;ASH_COATED_OSMIUM;10091;18;10088;20;;;10097;17;10099;26;;;10094.0;0.0
av_WHEAT_d2;31800;INTARIAN_PEPPER_ROOT;12708;9;12705;12;;;12720;12;12723;14;;;12714.0;0.0
av_WHEAT_d2;31900;ASH_COATED_OSMIUM;10091;18;10088;16;;;10097;21;10101;22;;;10094.0;0.0
av_WHEAT_d2;31900;INTARIAN_PEPPER_ROOT;12706;19;12702;23;;;12725;18;12727;16;;;12715.5;0.0
av_WHEAT_d2;32000;ASH_COATED_OSMIUM;10090;14;10088;16;;;10096;9;10099;27;;;10093.0;0.0
av_WHEAT_d2;32000;INTARIAN_PEPPER_ROOT;12713;12;12710;21;;;12719;12;12722;13;;;12716.0;0.0
av_WHEAT_d2;32100;ASH_COATED_OSMIUM;10091;5;10088;26;;;10097;13;10101;26;;;10094.0;0.0
av_WHEAT_d2;32100;INTARIAN_PEPPER_ROOT;12713;24;12711;21;;;12719;13;12721;20;;;12716.0;0.0
av_WHEAT_d2;32200;ASH_COATED_OSMIUM;10089;15;10086;16;;;10099;14;10101;24;;;10094.0;0.0
av_WHEAT_d2;32200;INTARIAN_PEPPER_ROOT;12713;17;12709;12;;;12722;11;12724;21;;;12717.5;0.0
av_WHEAT_d2;32300;ASH_COATED_OSMIUM;10091;7;10087;14;;;10097;15;10100;17;;;10094.0;0.0
av_WHEAT_d2;32300;INTARIAN_PEPPER_ROOT;12713;16;12711;22;;;12722;11;12724;17;;;12717.5;0.0
av_WHEAT_d2;32400;ASH_COATED_OSMIUM;10091;13;10087;17;;;10098;15;10102;20;;;10094.5;0.0
av_WHEAT_d2;32400;INTARIAN_PEPPER_ROOT;12715;17;12713;25;;;12721;17;12725;23;;;12718.0;0.0
av_WHEAT_d2;32500;ASH_COATED_OSMIUM;10090;14;10088;16;;;10096;21;10098;11;;;10093.0;0.0
av_WHEAT_d2;32500;INTARIAN_PEPPER_ROOT;12713;12;12709;21;;;12725;18;12728;20;;;12719.0;0.0
av_WHEAT_d2;32600;ASH_COATED_OSMIUM;10088;20;10084;10;;;10100;11;10104;15;;;10094.0;0.0
av_WHEAT_d2;32600;INTARIAN_PEPPER_ROOT;12717;21;12713;19;;;12723;6;12726;13;;;12720.0;0.0
av_WHEAT_d2;32700;ASH_COATED_OSMIUM;10090;25;10086;22;;;10096;19;10100;22;;;10093.0;0.0
av_WHEAT_d2;32700;INTARIAN_PEPPER_ROOT;12717;18;12713;22;;;12723;9;12725;13;;;12720.0;0.0
av_WHEAT_d2;32800;ASH_COATED_OSMIUM;10090;10;10087;23;;;10096;19;10098;13;;;10093.0;0.0
av_WHEAT_d2;32800;INTARIAN_PEPPER_ROOT;12718;7;12714;14;;;12724;10;12726;23;;;12721.0;0.0
av_WHEAT_d2;32900;ASH_COATED_OSMIUM;10090;8;10086;18;;;10096;17;10098;21;;;10093.0;0.0
av_WHEAT_d2;32900;INTARIAN_PEPPER_ROOT;12719;18;12717;18;;;12725;5;12729;15;;;12722.0;0.0
av_WHEAT_d2;33000;ASH_COATED_OSMIUM;10084;23;10081;24;;;10103;14;10105;11;;;10093.5;0.0
av_WHEAT_d2;33000;INTARIAN_PEPPER_ROOT;12710;16;12706;16;;;12736;18;12739;20;;;12723.0;0.0
av_WHEAT_d2;33100;ASH_COATED_OSMIUM;10090;12;10088;21;;;10096;21;10100;11;;;10093.0;0.0
av_WHEAT_d2;33100;INTARIAN_PEPPER_ROOT;12721;14;12719;21;;;12727;17;12729;16;;;12724.0;0.0
av_WHEAT_d2;33200;ASH_COATED_OSMIUM;10090;18;10086;29;;;10096;16;10099;16;;;10093.0;0.0
av_WHEAT_d2;33200;INTARIAN_PEPPER_ROOT;12715;22;12713;16;;;12733;14;12737;17;;;12724.0;0.0
av_WHEAT_d2;33300;ASH_COATED_OSMIUM;10090;9;10088;27;;;10096;14;10098;27;;;10093.0;0.0
av_WHEAT_d2;33300;INTARIAN_PEPPER_ROOT;12722;9;12720;10;;;12728;7;12730;13;;;12725.0;0.0
av_WHEAT_d2;33400;ASH_COATED_OSMIUM;10090;10;10088;19;;;10098;13;10101;20;;;10094.0;0.0
av_WHEAT_d2;33400;INTARIAN_PEPPER_ROOT;12723;19;12720;12;;;12729;23;12732;15;;;12726.0;0.0
av_WHEAT_d2;33500;ASH_COATED_OSMIUM;10085;15;10081;11;;;10102;16;10105;25;;;10093.5;0.0
av_WHEAT_d2;33500;INTARIAN_PEPPER_ROOT;12721;14;12719;22;;;12732;23;12736;26;;;12726.5;0.0
av_WHEAT_d2;33600;ASH_COATED_OSMIUM;10091;11;10088;29;;;10097;12;10101;24;;;10094.0;0.0
av_WHEAT_d2;33600;INTARIAN_PEPPER_ROOT;12723;17;12719;13;;;12730;10;12734;22;;;12726.5;0.0
av_WHEAT_d2;33700;ASH_COATED_OSMIUM;10087;22;10084;28;;;10098;11;10100;18;;;10092.5;0.0
av_WHEAT_d2;33700;INTARIAN_PEPPER_ROOT;12718;18;12715;21;;;12737;9;12740;18;;;12727.5;0.0
av_WHEAT_d2;33800;ASH_COATED_OSMIUM;10090;7;10087;14;;;10096;18;10099;18;;;10093.0;0.0
av_WHEAT_d2;33800;INTARIAN_PEPPER_ROOT;12725;21;12723;17;;;12731;13;12735;8;;;12728.0;0.0
av_WHEAT_d2;33900;ASH_COATED_OSMIUM;10076;14;10072;14;;;10109;16;10111;23;;;10092.5;0.0
av_WHEAT_d2;33900;INTARIAN_PEPPER_ROOT;12724;5;12722;15;;;12734;10;12737;16;;;12729.0;0.0
av_WHEAT_d2;34000;ASH_COATED_OSMIUM;10086;11;10083;20;;;10100;18;10102;14;;;10093.0;0.0
av_WHEAT_d2;34000;INTARIAN_PEPPER_ROOT;12726;20;12722;22;;;12736;9;12740;18;;;12731.0;0.0
av_WHEAT_d2;34100;ASH_COATED_OSMIUM;10089;17;10087;25;;;10095;16;10098;22;;;10092.0;0.0
av_WHEAT_d2;34100;INTARIAN_PEPPER_ROOT;12729;15;12725;17;;;12735;5;12738;21;;;12732.0;0.0
av_WHEAT_d2;34200;ASH_COATED_OSMIUM;10090;5;10087;18;;;10096;8;10098;20;;;10093.0;0.0
av_WHEAT_d2;34200;INTARIAN_PEPPER_ROOT;12729;21;12726;21;;;12739;13;12742;21;;;12734.0;0.0
av_WHEAT_d2;34300;ASH_COATED_OSMIUM;10086;13;10082;24;;;10097;16;10101;20;;;10091.5;0.0
av_WHEAT_d2;34300;INTARIAN_PEPPER_ROOT;12732;23;12730;17;;;12738;20;12740;16;;;12735.0;0.0
av_WHEAT_d2;34400;ASH_COATED_OSMIUM;10081;9;10079;25;;;10102;5;10104;23;;;10091.5;0.0
av_WHEAT_d2;34400;INTARIAN_PEPPER_ROOT;12730;22;12728;17;;;12744;11;12746;16;;;12737.0;0.0
av_WHEAT_d2;34500;ASH_COATED_OSMIUM;10089;21;10086;12;;;10096;17;10100;21;;;10092.5;0.0
av_WHEAT_d2;34500;INTARIAN_PEPPER_ROOT;12736;15;12732;25;;;12742;17;12744;24;;;12739.0;0.0
av_WHEAT_d2;34600;ASH_COATED_OSMIUM;10089;20;10086;24;;;10095;20;10099;18;;;10092.0;0.0
av_WHEAT_d2;34600;INTARIAN_PEPPER_ROOT;12736;12;12733;24;;;12745;10;12747;19;;;12740.5;0.0
av_WHEAT_d2;34700;ASH_COATED_OSMIUM;10089;7;10087;18;;;10095;10;10098;15;;;10092.0;0.0
av_WHEAT_d2;34700;INTARIAN_PEPPER_ROOT;12740;17;12736;26;;;12746;13;12750;17;;;12743.0;0.0
av_WHEAT_d2;34800;ASH_COATED_OSMIUM;10088;15;10084;25;;;10094;15;10097;20;;;10091.0;0.0
av_WHEAT_d2;34800;INTARIAN_PEPPER_ROOT;12740;12;12737;14;;;12746;12;12748;18;;;12743.0;0.0
av_WHEAT_d2;34900;ASH_COATED_OSMIUM;10088;21;10086;14;;;10094;17;10097;16;;;10091.0;0.0
av_WHEAT_d2;34900;INTARIAN_PEPPER_ROOT;12742;10;12740;17;;;12748;9;12751;28;;;12745.0;0.0
av_WHEAT_d2;35000;ASH_COATED_OSMIUM;10087;9;10085;22;;;10094;11;10098;25;;;10090.5;0.0
av_WHEAT_d2;35000;INTARIAN_PEPPER_ROOT;12744;19;12741;24;;;12750;21;12752;18;;;12747.0;0.0
av_WHEAT_d2;35100;ASH_COATED_OSMIUM;10088;18;10084;21;;;10094;16;10096;31;;;10091.0;0.0
av_WHEAT_d2;35100;INTARIAN_PEPPER_ROOT;12746;13;12743;32;;;12752;15;12755;8;;;12749.0;0.0
av_WHEAT_d2;35200;ASH_COATED_OSMIUM;10087;16;10085;24;;;10093;13;10096;26;;;10090.0;0.0
av_WHEAT_d2;35200;INTARIAN_PEPPER_ROOT;12741;20;12738;19;;;12759;9;12761;15;;;12750.0;0.0
av_WHEAT_d2;35300;ASH_COATED_OSMIUM;10087;18;10085;21;;;10093;5;10096;13;;;10090.0;0.0
av_WHEAT_d2;35300;INTARIAN_PEPPER_ROOT;12747;16;12745;22;;;12756;19;12758;17;;;12751.5;0.0
av_WHEAT_d2;35400;ASH_COATED_OSMIUM;10083;11;10080;17;;;10097;10;10099;22;;;10090.0;0.0
av_WHEAT_d2;35400;INTARIAN_PEPPER_ROOT;12750;13;12746;21;;;12756;14;12759;16;;;12753.0;0.0
av_WHEAT_d2;35500;ASH_COATED_OSMIUM;10086;12;10083;15;;;10092;27;10094;22;;;10089.0;0.0
av_WHEAT_d2;35500;INTARIAN_PEPPER_ROOT;12752;16;12750;26;;;12758;18;12761;23;;;12755.0;0.0
av_WHEAT_d2;35600;ASH_COATED_OSMIUM;10086;13;10084;18;;;10092;12;10096;13;;;10089.0;0.0
av_WHEAT_d2;35600;INTARIAN_PEPPER_ROOT;12754;5;12752;10;;;12760;12;12762;11;;;12757.0;0.0
av_WHEAT_d2;35700;ASH_COATED_OSMIUM;10084;10;10081;28;;;10095;23;10098;20;;;10089.5;0.0
av_WHEAT_d2;35700;INTARIAN_PEPPER_ROOT;12750;19;12748;17;;;12766;12;12768;21;;;12758.0;0.0
av_WHEAT_d2;35800;ASH_COATED_OSMIUM;10085;15;10081;13;;;10092;14;10095;22;;;10088.5;0.0
av_WHEAT_d2;35800;INTARIAN_PEPPER_ROOT;12756;11;12753;23;;;12762;21;12766;14;;;12759.0;0.0
av_WHEAT_d2;35900;ASH_COATED_OSMIUM;10086;12;10084;17;;;10092;17;10094;22;;;10089.0;0.0
av_WHEAT_d2;35900;INTARIAN_PEPPER_ROOT;12758;19;12754;13;;;12764;11;12766;16;;;12761.0;0.0
av_WHEAT_d2;36000;ASH_COATED_OSMIUM;10086;18;10084;16;;;10092;10;10096;27;;;10089.0;0.0
av_WHEAT_d2;36000;INTARIAN_PEPPER_ROOT;12760;15;12757;20;;;12766;22;12770;15;;;12763.0;0.0
av_WHEAT_d2;36100;ASH_COATED_OSMIUM;10086;14;10084;17;;;10092;14;10094;15;;;10089.0;0.0
av_WHEAT_d2;36100;INTARIAN_PEPPER_ROOT;12762;18;12759;15;;;12768;10;12772;29;;;12765.0;0.0
av_WHEAT_d2;36200;ASH_COATED_OSMIUM;10084;11;10082;13;;;10092;14;10096;19;;;10088.0;0.0
av_WHEAT_d2;36200;INTARIAN_PEPPER_ROOT;12763;14;12759;17;;;12769;18;12771;13;;;12766.0;0.0
av_WHEAT_d2;36300;ASH_COATED_OSMIUM;10084;18;10082;16;;;10091;10;10095;20;;;10087.5;0.0
av_WHEAT_d2;36300;INTARIAN_PEPPER_ROOT;12765;19;12761;17;;;12771;21;12773;21;;;12768.0;0.0
av_WHEAT_d2;36400;ASH_COATED_OSMIUM;10082;9;10079;21;;;10094;19;10097;30;;;10088.0;0.0
av_WHEAT_d2;36400;INTARIAN_PEPPER_ROOT;12766;6;12762;23;;;12772;9;12775;12;;;12769.0;0.0
av_WHEAT_d2;36500;ASH_COATED_OSMIUM;10084;12;10081;10;;;10091;7;10094;22;;;10087.5;0.0
av_WHEAT_d2;36500;INTARIAN_PEPPER_ROOT;12768;9;12764;25;;;12774;18;12777;23;;;12771.0;0.0
av_WHEAT_d2;36600;ASH_COATED_OSMIUM;10080;10;10076;31;;;10095;11;10097;23;;;10087.5;0.0
av_WHEAT_d2;36600;INTARIAN_PEPPER_ROOT;12766;18;12763;19;;;12780;7;12782;32;;;12773.0;0.0
av_WHEAT_d2;36700;ASH_COATED_OSMIUM;10084;22;10081;17;;;10090;16;10092;14;;;10087.0;0.0
av_WHEAT_d2;36700;INTARIAN_PEPPER_ROOT;12771;18;12768;19;;;12777;17;12780;19;;;12774.0;0.0
av_WHEAT_d2;36800;ASH_COATED_OSMIUM;10084;15;10081;23;;;10090;14;10093;12;;;10087.0;0.0
av_WHEAT_d2;36800;INTARIAN_PEPPER_ROOT;12768;22;12766;24;;;12782;17;12785;15;;;12775.0;0.0
av_WHEAT_d2;36900;ASH_COATED_OSMIUM;10083;8;10081;18;;;10089;11;10091;17;;;10086.0;0.0
av_WHEAT_d2;36900;INTARIAN_PEPPER_ROOT;12774;16;12770;16;;;12780;10;12783;26;;;12777.0;0.0
av_WHEAT_d2;37000;ASH_COATED_OSMIUM;10080;24;10078;18;;;10094;15;10097;19;;;10087.0;0.0
av_WHEAT_d2;37000;INTARIAN_PEPPER_ROOT;12773;13;12770;22;;;12783;14;12785;21;;;12778.0;0.0
av_WHEAT_d2;37100;ASH_COATED_OSMIUM;10083;12;10079;14;;;10089;12;10093;12;;;10086.0;0.0
av_WHEAT_d2;37100;INTARIAN_PEPPER_ROOT;12770;21;12767;13;;;12792;20;12796;13;;;12781.0;0.0
av_WHEAT_d2;37200;ASH_COATED_OSMIUM;10083;17;10081;8;;;10089;14;10093;18;;;10086.0;0.0
av_WHEAT_d2;37200;INTARIAN_PEPPER_ROOT;12779;19;12775;23;;;12785;15;12788;33;;;12782.0;0.0
av_WHEAT_d2;37300;ASH_COATED_OSMIUM;10083;16;10079;14;;;10089;16;10092;14;;;10086.0;0.0
av_WHEAT_d2;37300;INTARIAN_PEPPER_ROOT;12778;16;12774;20;;;12790;15;12794;18;;;12784.0;0.0
av_WHEAT_d2;37400;ASH_COATED_OSMIUM;10082;13;10079;8;;;10088;21;10092;22;;;10085.0;0.0
av_WHEAT_d2;37400;INTARIAN_PEPPER_ROOT;12782;23;12779;22;;;12788;10;12790;12;;;12785.0;0.0
av_WHEAT_d2;37500;ASH_COATED_OSMIUM;10077;14;10073;19;;;10094;13;10098;16;;;10085.5;0.0
av_WHEAT_d2;37500;INTARIAN_PEPPER_ROOT;12784;20;12780;17;;;12790;23;12794;16;;;12787.0;0.0
av_WHEAT_d2;37600;ASH_COATED_OSMIUM;10075;7;10071;18;;;10096;19;10098;9;;;10085.5;0.0
av_WHEAT_d2;37600;INTARIAN_PEPPER_ROOT;12780;14;12778;24;;;12796;12;12798;22;;;12788.0;0.0
av_WHEAT_d2;37700;ASH_COATED_OSMIUM;10082;11;10078;19;;;10088;22;10091;18;;;10085.0;0.0
av_WHEAT_d2;37700;INTARIAN_PEPPER_ROOT;12787;17;12783;23;;;12793;25;12797;27;;;12790.0;0.0
av_WHEAT_d2;37800;ASH_COATED_OSMIUM;10072;18;10069;18;;;10097;18;10101;18;;;10084.5;0.0
av_WHEAT_d2;37800;INTARIAN_PEPPER_ROOT;12783;14;12781;8;;;12799;21;12802;24;;;12791.0;0.0
av_WHEAT_d2;37900;ASH_COATED_OSMIUM;10082;19;10079;14;;;10088;16;10090;27;;;10085.0;0.0
av_WHEAT_d2;37900;INTARIAN_PEPPER_ROOT;12790;11;12787;16;;;12796;26;12800;23;;;12793.0;0.0
av_WHEAT_d2;38000;ASH_COATED_OSMIUM;10082;5;10079;33;;;10088;23;10091;29;;;10085.0;0.0
av_WHEAT_d2;38000;INTARIAN_PEPPER_ROOT;12791;13;12787;17;;;12797;11;12799;24;;;12794.0;0.0
av_WHEAT_d2;38100;ASH_COATED_OSMIUM;10081;23;10079;24;;;10087;11;10091;24;;;10084.0;0.0
av_WHEAT_d2;38100;INTARIAN_PEPPER_ROOT;12793;12;12789;20;;;12799;5;12802;21;;;12796.0;0.0
av_WHEAT_d2;38200;ASH_COATED_OSMIUM;10081;12;10077;23;;;10087;11;10089;16;;;10084.0;0.0
av_WHEAT_d2;38200;INTARIAN_PEPPER_ROOT;12789;25;12787;18;;;12808;22;12810;25;;;12798.5;0.0
av_WHEAT_d2;38300;ASH_COATED_OSMIUM;10080;10;10077;18;;;10086;16;10090;24;;;10083.0;0.0
av_WHEAT_d2;38300;INTARIAN_PEPPER_ROOT;12797;11;12793;14;;;12803;12;12806;26;;;12800.0;0.0
av_WHEAT_d2;38400;ASH_COATED_OSMIUM;10077;13;10073;13;;;10091;10;10095;24;;;10084.0;0.0
av_WHEAT_d2;38400;INTARIAN_PEPPER_ROOT;12796;10;12792;13;;;12806;14;12808;18;;;12801.0;0.0
av_WHEAT_d2;38500;ASH_COATED_OSMIUM;10068;13;10065;16;;;10099;18;10102;23;;;10083.5;0.0
av_WHEAT_d2;38500;INTARIAN_PEPPER_ROOT;12800;6;12798;14;;;12806;19;12810;27;;;12803.0;0.0
av_WHEAT_d2;38600;ASH_COATED_OSMIUM;10079;11;10077;23;;;10087;16;10089;30;;;10083.0;0.0
av_WHEAT_d2;38600;INTARIAN_PEPPER_ROOT;12801;16;12798;21;;;12807;17;12811;20;;;12804.0;0.0
av_WHEAT_d2;38700;ASH_COATED_OSMIUM;10072;17;10070;17;;;10093;16;10097;16;;;10082.5;0.0
av_WHEAT_d2;38700;INTARIAN_PEPPER_ROOT;12801;16;12798;8;;;12812;12;12815;15;;;12806.5;0.0
av_WHEAT_d2;38800;ASH_COATED_OSMIUM;10068;19;10066;20;;;10096;8;10098;17;;;10082.0;0.0
av_WHEAT_d2;38800;INTARIAN_PEPPER_ROOT;12805;16;12801;20;;;12811;19;12814;19;;;12808.0;0.0
av_WHEAT_d2;38900;ASH_COATED_OSMIUM;10079;12;10077;12;;;10085;21;10088;14;;;10082.0;0.0
av_WHEAT_d2;38900;INTARIAN_PEPPER_ROOT;12806;16;12804;16;;;12812;7;12814;17;;;12809.0;0.0
av_WHEAT_d2;39000;ASH_COATED_OSMIUM;10073;16;10069;14;;;10090;9;10094;12;;;10081.5;0.0
av_WHEAT_d2;39000;INTARIAN_PEPPER_ROOT;12807;14;12805;22;;;12813;19;12817;18;;;12810.0;0.0
av_WHEAT_d2;39100;ASH_COATED_OSMIUM;10075;7;10073;22;;;10088;15;10091;10;;;10081.5;0.0
av_WHEAT_d2;39100;INTARIAN_PEPPER_ROOT;12809;13;12805;8;;;12815;16;12819;12;;;12812.0;0.0
av_WHEAT_d2;39200;ASH_COATED_OSMIUM;10071;7;10068;22;;;10091;23;10093;29;;;10081.0;0.0
av_WHEAT_d2;39200;INTARIAN_PEPPER_ROOT;12811;16;12807;17;;;12817;19;12821;15;;;12814.0;0.0
av_WHEAT_d2;39300;ASH_COATED_OSMIUM;10078;19;10076;27;;;10084;18;10087;21;;;10081.0;0.0
av_WHEAT_d2;39300;INTARIAN_PEPPER_ROOT;12813;21;12810;13;;;12819;17;12823;16;;;12816.0;0.0
av_WHEAT_d2;39400;ASH_COATED_OSMIUM;10078;9;10075;20;;;10084;14;10087;17;;;10081.0;0.0
av_WHEAT_d2;39400;INTARIAN_PEPPER_ROOT;12814;15;12812;20;;;12820;19;12824;16;;;12817.0;0.0
av_WHEAT_d2;39500;ASH_COATED_OSMIUM;10072;18;10069;24;;;10088;15;10092;17;;;10080.0;0.0
av_WHEAT_d2;39500;INTARIAN_PEPPER_ROOT;12815;15;12812;17;;;12821;16;12824;20;;;12818.0;0.0
av_WHEAT_d2;39600;ASH_COATED_OSMIUM;10075;15;10072;25;;;10087;10;10090;25;;;10081.0;0.0
av_WHEAT_d2;39600;INTARIAN_PEPPER_ROOT;12816;16;12813;17;;;12826;19;12830;18;;;12821.0;0.0
av_WHEAT_d2;39700;ASH_COATED_OSMIUM;10077;23;10075;20;;;10083;11;10085;26;;;10080.0;0.0
av_WHEAT_d2;39700;INTARIAN_PEPPER_ROOT;12816;17;12814;10;;;12828;14;12831;26;;;12822.0;0.0
av_WHEAT_d2;39800;ASH_COATED_OSMIUM;10075;13;10071;15;;;10086;18;10089;23;;;10080.5;0.0
av_WHEAT_d2;39800;INTARIAN_PEPPER_ROOT;12821;13;12819;24;;;12827;8;12830;15;;;12824.0;0.0
av_WHEAT_d2;39900;ASH_COATED_OSMIUM;10077;6;10074;18;;;10084;15;10088;18;;;10080.5;0.0
av_WHEAT_d2;39900;INTARIAN_PEPPER_ROOT;12822;15;12820;21;;;12828;14;12831;25;;;12825.0;0.0
av_WHEAT_d2;40000;ASH_COATED_OSMIUM;10074;5;10070;16;;;10087;14;10091;21;;;10080.5;0.0
av_WHEAT_d2;40000;INTARIAN_PEPPER_ROOT;12824;11;12822;19;;;12830;23;12833;20;;;12827.0;0.0
av_WHEAT_d2;40100;ASH_COATED_OSMIUM;10073;16;10071;16;;;10086;18;10090;19;;;10079.5;0.0
av_WHEAT_d2;40100;INTARIAN_PEPPER_ROOT;12825;19;12822;19;;;12831;14;12834;8;;;12828.0;0.0
av_WHEAT_d2;40200;ASH_COATED_OSMIUM;10076;9;10074;21;;;10084;11;10087;15;;;10080.0;0.0
av_WHEAT_d2;40200;INTARIAN_PEPPER_ROOT;12826;23;12824;22;;;12834;22;12838;11;;;12830.0;0.0
av_WHEAT_d2;40300;ASH_COATED_OSMIUM;10075;12;10073;23;;;10083;11;10087;15;;;10079.0;0.0
av_WHEAT_d2;40300;INTARIAN_PEPPER_ROOT;12829;13;12825;13;;;12835;12;12839;18;;;12832.0;0.0
av_WHEAT_d2;40400;ASH_COATED_OSMIUM;10076;7;10074;15;;;10082;17;10085;20;;;10079.0;0.0
av_WHEAT_d2;40400;INTARIAN_PEPPER_ROOT;12827;21;12823;21;;;12840;16;12843;17;;;12833.5;0.0
av_WHEAT_d2;40500;ASH_COATED_OSMIUM;10073;16;10071;17;;;10085;22;10089;18;;;10079.0;0.0
av_WHEAT_d2;40500;INTARIAN_PEPPER_ROOT;12831;13;12829;20;;;12838;6;12842;23;;;12834.5;0.0
av_WHEAT_d2;40600;ASH_COATED_OSMIUM;10075;22;10072;8;;;10081;5;10084;21;;;10078.0;0.0
av_WHEAT_d2;40600;INTARIAN_PEPPER_ROOT;12834;17;12832;15;;;12840;5;12842;21;;;12837.0;0.0
av_WHEAT_d2;40700;ASH_COATED_OSMIUM;10076;5;10072;31;;;10082;6;10086;26;;;10079.0;0.0
av_WHEAT_d2;40700;INTARIAN_PEPPER_ROOT;12835;17;12831;20;;;12841;17;12845;21;;;12838.0;0.0
av_WHEAT_d2;40800;ASH_COATED_OSMIUM;10075;8;10071;16;;;10081;14;10084;18;;;10078.0;0.0
av_WHEAT_d2;40800;INTARIAN_PEPPER_ROOT;12837;11;12835;22;;;12843;18;12846;17;;;12840.0;0.0
av_WHEAT_d2;40900;ASH_COATED_OSMIUM;10063;14;10059;32;;;10094;19;10097;13;;;10078.5;0.0
av_WHEAT_d2;40900;INTARIAN_PEPPER_ROOT;12835;17;12833;19;;;12848;24;12851;20;;;12841.5;0.0
av_WHEAT_d2;41000;ASH_COATED_OSMIUM;10073;14;10070;19;;;10084;14;10088;29;;;10078.5;0.0
av_WHEAT_d2;41000;INTARIAN_PEPPER_ROOT;12829;14;12827;10;;;12856;12;12858;22;;;12842.5;0.0
av_WHEAT_d2;41100;ASH_COATED_OSMIUM;10074;17;10070;20;;;10080;17;10083;14;;;10077.0;0.0
av_WHEAT_d2;41100;INTARIAN_PEPPER_ROOT;12836;18;12833;16;;;12853;13;12856;28;;;12844.5;0.0
av_WHEAT_d2;41200;ASH_COATED_OSMIUM;10075;8;10071;14;;;10081;13;10085;13;;;10078.0;0.0
av_WHEAT_d2;41200;INTARIAN_PEPPER_ROOT;12836;17;12834;25;;;12857;12;12861;20;;;12846.5;0.0
av_WHEAT_d2;41300;ASH_COATED_OSMIUM;10074;14;10072;12;;;10080;14;10083;20;;;10077.0;0.0
av_WHEAT_d2;41300;INTARIAN_PEPPER_ROOT;12844;7;12842;18;;;12850;15;12854;22;;;12847.0;0.0
av_WHEAT_d2;41400;ASH_COATED_OSMIUM;10074;15;10072;15;;;10080;17;10084;19;;;10077.0;0.0
av_WHEAT_d2;41400;INTARIAN_PEPPER_ROOT;12846;12;12844;15;;;12852;23;12855;21;;;12849.0;0.0
av_WHEAT_d2;41500;ASH_COATED_OSMIUM;10065;17;10062;22;;;10088;14;10090;16;;;10076.5;0.0
av_WHEAT_d2;41500;INTARIAN_PEPPER_ROOT;12845;15;12843;12;;;12856;17;12858;17;;;12850.5;0.0
av_WHEAT_d2;41600;ASH_COATED_OSMIUM;10073;21;10071;22;;;10079;18;10081;20;;;10076.0;0.0
av_WHEAT_d2;41600;INTARIAN_PEPPER_ROOT;12850;18;12847;30;;;12856;13;12858;18;;;12853.0;0.0
av_WHEAT_d2;41700;ASH_COATED_OSMIUM;10074;11;10071;13;;;10080;17;10083;22;;;10077.0;0.0
av_WHEAT_d2;41700;INTARIAN_PEPPER_ROOT;12851;5;12847;19;;;12857;17;12859;17;;;12854.0;0.0
av_WHEAT_d2;41800;ASH_COATED_OSMIUM;10073;19;10070;19;;;10079;8;10081;13;;;10076.0;0.0
av_WHEAT_d2;41800;INTARIAN_PEPPER_ROOT;12852;10;12848;10;;;12858;18;12862;16;;;12855.0;0.0
av_WHEAT_d2;41900;ASH_COATED_OSMIUM;10070;10;10066;21;;;10082;5;10084;17;;;10076.0;0.0
av_WHEAT_d2;41900;INTARIAN_PEPPER_ROOT;12853;12;12850;16;;;12861;19;12863;19;;;12857.0;0.0
av_WHEAT_d2;42000;ASH_COATED_OSMIUM;10072;11;10070;9;;;10079;10;10082;9;;;10075.5;0.0
av_WHEAT_d2;42000;INTARIAN_PEPPER_ROOT;12853;23;12851;12;;;12865;21;12869;17;;;12859.0;0.0
av_WHEAT_d2;42100;ASH_COATED_OSMIUM;10072;13;10070;22;;;10078;19;10080;17;;;10075.0;0.0
av_WHEAT_d2;42100;INTARIAN_PEPPER_ROOT;12853;12;12851;14;;;12868;11;12871;21;;;12860.5;0.0
av_WHEAT_d2;42200;ASH_COATED_OSMIUM;10069;5;10066;20;;;10080;13;10082;12;;;10074.5;0.0
av_WHEAT_d2;42200;INTARIAN_PEPPER_ROOT;12858;16;12855;18;;;12866;13;12870;19;;;12862.0;0.0
av_WHEAT_d2;42300;ASH_COATED_OSMIUM;10072;18;10068;16;;;10078;9;10081;17;;;10075.0;0.0
av_WHEAT_d2;42300;INTARIAN_PEPPER_ROOT;12860;13;12858;17;;;12866;13;12869;21;;;12863.0;0.0
av_WHEAT_d2;42400;ASH_COATED_OSMIUM;10072;19;10068;17;;;10078;18;10080;19;;;10075.0;0.0
av_WHEAT_d2;42400;INTARIAN_PEPPER_ROOT;12862;15;12860;19;;;12868;15;12872;13;;;12865.0;0.0
av_WHEAT_d2;42500;ASH_COATED_OSMIUM;10071;7;10068;20;;;10079;24;10083;20;;;10075.0;0.0
av_WHEAT_d2;42500;INTARIAN_PEPPER_ROOT;12847;15;12845;15;;;12886;17;12889;20;;;12866.5;0.0
av_WHEAT_d2;42600;ASH_COATED_OSMIUM;10071;13;10067;20;;;10077;12;10081;13;;;10074.0;0.0
av_WHEAT_d2;42600;INTARIAN_PEPPER_ROOT;12866;17;12863;29;;;12872;13;12876;20;;;12869.0;0.0
av_WHEAT_d2;42700;ASH_COATED_OSMIUM;10071;15;10067;21;;;10077;22;10079;20;;;10074.0;0.0
av_WHEAT_d2;42700;INTARIAN_PEPPER_ROOT;12867;13;12863;21;;;12874;5;12878;13;;;12870.5;0.0
av_WHEAT_d2;42800;ASH_COATED_OSMIUM;10071;11;10068;24;;;10077;14;10080;17;;;10074.0;0.0
av_WHEAT_d2;42800;INTARIAN_PEPPER_ROOT;12869;5;12866;13;;;12875;9;12877;32;;;12872.0;0.0
av_WHEAT_d2;42900;ASH_COATED_OSMIUM;10070;11;10066;25;;;10076;15;10079;14;;;10073.0;0.0
av_WHEAT_d2;42900;INTARIAN_PEPPER_ROOT;12866;12;12863;17;;;12881;10;12883;11;;;12873.5;0.0
av_WHEAT_d2;43000;ASH_COATED_OSMIUM;10070;12;10066;29;;;10076;30;10079;19;;;10073.0;0.0
av_WHEAT_d2;43000;INTARIAN_PEPPER_ROOT;12872;10;12869;14;;;12878;17;12882;26;;;12875.0;0.0
av_WHEAT_d2;43100;ASH_COATED_OSMIUM;10070;10;10067;22;;;10076;11;10078;18;;;10073.0;0.0
av_WHEAT_d2;43100;INTARIAN_PEPPER_ROOT;12874;22;12871;21;;;12880;18;12884;22;;;12877.0;0.0
av_WHEAT_d2;43200;ASH_COATED_OSMIUM;10070;17;10067;18;;;10076;5;10078;10;;;10073.0;0.0
av_WHEAT_d2;43200;INTARIAN_PEPPER_ROOT;12874;18;12871;20;;;12880;23;12884;21;;;12877.0;0.0
av_WHEAT_d2;43300;ASH_COATED_OSMIUM;10050;20;10047;27;;;10095;6;10098;20;;;10072.5;0.0
av_WHEAT_d2;43300;INTARIAN_PEPPER_ROOT;12876;14;12872;21;;;12882;17;12884;20;;;12879.0;0.0
av_WHEAT_d2;43400;ASH_COATED_OSMIUM;10060;17;10056;14;;;10084;13;10088;16;;;10072.0;0.0
av_WHEAT_d2;43400;INTARIAN_PEPPER_ROOT;12871;21;12867;14;;;12892;17;12894;13;;;12881.5;0.0
av_WHEAT_d2;43500;ASH_COATED_OSMIUM;10069;15;10066;15;;;10077;19;10081;21;;;10073.0;0.0
av_WHEAT_d2;43500;INTARIAN_PEPPER_ROOT;12879;16;12875;16;;;12886;15;12890;25;;;12882.5;0.0
av_WHEAT_d2;43600;ASH_COATED_OSMIUM;10062;11;10058;25;;;10082;15;10084;24;;;10072.0;0.0
av_WHEAT_d2;43600;INTARIAN_PEPPER_ROOT;12881;12;12879;12;;;12887;12;12889;15;;;12884.0;0.0
av_WHEAT_d2;43700;ASH_COATED_OSMIUM;10061;21;10057;25;;;10083;16;10087;20;;;10072.0;0.0
av_WHEAT_d2;43700;INTARIAN_PEPPER_ROOT;12881;13;12878;21;;;12890;19;12894;23;;;12885.5;0.0
av_WHEAT_d2;43800;ASH_COATED_OSMIUM;10057;20;10055;22;;;10087;17;10089;30;;;10072.0;0.0
av_WHEAT_d2;43800;INTARIAN_PEPPER_ROOT;12885;16;12882;22;;;12891;17;12894;16;;;12888.0;0.0
av_WHEAT_d2;43900;ASH_COATED_OSMIUM;10068;13;10064;25;;;10074;17;10078;26;;;10071.0;0.0
av_WHEAT_d2;43900;INTARIAN_PEPPER_ROOT;12886;9;12883;18;;;12893;24;12895;22;;;12889.5;0.0
av_WHEAT_d2;44000;ASH_COATED_OSMIUM;10069;8;10067;30;;;10075;23;10079;16;;;10072.0;0.0
av_WHEAT_d2;44000;INTARIAN_PEPPER_ROOT;12888;14;12885;14;;;12894;13;12896;16;;;12891.0;0.0
av_WHEAT_d2;44100;ASH_COATED_OSMIUM;10058;17;10056;17;;;10083;30;10086;25;;;10070.5;0.0
av_WHEAT_d2;44100;INTARIAN_PEPPER_ROOT;12878;19;12875;8;;;12906;6;12908;13;;;12892.0;0.0
av_WHEAT_d2;44200;ASH_COATED_OSMIUM;10068;13;10064;25;;;10074;15;10078;18;;;10071.0;0.0
av_WHEAT_d2;44200;INTARIAN_PEPPER_ROOT;12885;16;12883;11;;;12904;17;12906;19;;;12894.5;0.0
av_WHEAT_d2;44300;ASH_COATED_OSMIUM;10068;22;10065;21;;;10074;26;10076;22;;;10071.0;0.0
av_WHEAT_d2;44300;INTARIAN_PEPPER_ROOT;12892;16;12889;22;;;12898;17;12902;20;;;12895.0;0.0
av_WHEAT_d2;44400;ASH_COATED_OSMIUM;10068;17;10064;18;;;10074;15;10077;30;;;10071.0;0.0
av_WHEAT_d2;44400;INTARIAN_PEPPER_ROOT;12891;25;12887;14;;;12904;16;12907;22;;;12897.5;0.0
av_WHEAT_d2;44500;ASH_COATED_OSMIUM;10064;22;10060;24;;;10075;14;10077;23;;;10069.5;0.0
av_WHEAT_d2;44500;INTARIAN_PEPPER_ROOT;12891;23;12887;20;;;12907;16;12910;21;;;12899.0;0.0
av_WHEAT_d2;44600;ASH_COATED_OSMIUM;10067;12;10064;21;;;10073;18;10075;24;;;10070.0;0.0
av_WHEAT_d2;44600;INTARIAN_PEPPER_ROOT;12897;11;12894;18;;;12903;13;12906;26;;;12900.0;0.0
av_WHEAT_d2;44700;ASH_COATED_OSMIUM;10067;6;10065;22;;;10073;17;10075;20;;;10070.0;0.0
av_WHEAT_d2;44700;INTARIAN_PEPPER_ROOT;12892;12;12888;21;;;12912;7;12916;19;;;12902.0;0.0
av_WHEAT_d2;44800;ASH_COATED_OSMIUM;10066;25;10064;24;;;10072;8;10076;23;;;10069.0;0.0
av_WHEAT_d2;44800;INTARIAN_PEPPER_ROOT;12901;13;12897;19;;;12907;20;12909;21;;;12904.0;0.0
av_WHEAT_d2;44900;ASH_COATED_OSMIUM;10066;21;10063;21;;;10072;17;10076;21;;;10069.0;0.0
av_WHEAT_d2;44900;INTARIAN_PEPPER_ROOT;12902;14;12898;22;;;12908;12;12910;16;;;12905.0;0.0
av_WHEAT_d2;45000;ASH_COATED_OSMIUM;10066;9;10064;21;;;10073;15;10076;19;;;10069.5;0.0
av_WHEAT_d2;45000;INTARIAN_PEPPER_ROOT;12904;15;12902;27;;;12910;18;12912;15;;;12907.0;0.0
av_WHEAT_d2;45100;ASH_COATED_OSMIUM;10061;5;10057;15;;;10076;17;10078;17;;;10068.5;0.0
av_WHEAT_d2;45100;INTARIAN_PEPPER_ROOT;12905;15;12903;16;;;12911;10;12914;25;;;12908.0;0.0
av_WHEAT_d2;45200;ASH_COATED_OSMIUM;10066;15;10064;22;;;10072;12;10074;25;;;10069.0;0.0
av_WHEAT_d2;45200;INTARIAN_PEPPER_ROOT;12907;18;12904;18;;;12913;17;12915;18;;;12910.0;0.0
av_WHEAT_d2;45300;ASH_COATED_OSMIUM;10065;19;10063;25;;;10071;5;10073;23;;;10068.0;0.0
av_WHEAT_d2;45300;INTARIAN_PEPPER_ROOT;12908;23;12905;20;;;12916;14;12920;13;;;12912.0;0.0
av_WHEAT_d2;45400;ASH_COATED_OSMIUM;10065;16;10062;17;;;10071;5;10075;23;;;10068.0;0.0
av_WHEAT_d2;45400;INTARIAN_PEPPER_ROOT;12910;12;12906;14;;;12916;22;12918;17;;;12913.0;0.0
av_WHEAT_d2;45500;ASH_COATED_OSMIUM;10065;15;10063;11;;;10071;15;10075;14;;;10068.0;0.0
av_WHEAT_d2;45500;INTARIAN_PEPPER_ROOT;12912;18;12908;26;;;12918;13;12920;19;;;12915.0;0.0
av_WHEAT_d2;45600;ASH_COATED_OSMIUM;10063;15;10060;9;;;10072;9;10076;13;;;10067.5;0.0
av_WHEAT_d2;45600;INTARIAN_PEPPER_ROOT;12913;24;12910;15;;;12920;18;12922;15;;;12916.5;0.0
av_WHEAT_d2;45700;ASH_COATED_OSMIUM;10064;16;10062;26;;;10070;9;10074;15;;;10067.0;0.0
av_WHEAT_d2;45700;INTARIAN_PEPPER_ROOT;12915;14;12912;27;;;12921;13;12923;25;;;12918.0;0.0
av_WHEAT_d2;45800;ASH_COATED_OSMIUM;10055;10;10051;29;;;10078;14;10082;17;;;10066.5;0.0
av_WHEAT_d2;45800;INTARIAN_PEPPER_ROOT;12916;14;12914;17;;;12922;5;12926;22;;;12919.0;0.0
av_WHEAT_d2;45900;ASH_COATED_OSMIUM;10063;19;10061;18;;;10071;18;10073;28;;;10067.0;0.0
av_WHEAT_d2;45900;INTARIAN_PEPPER_ROOT;12918;13;12914;16;;;12924;19;12926;23;;;12921.0;0.0
av_WHEAT_d2;46000;ASH_COATED_OSMIUM;10050;11;10048;21;;;10083;13;10085;16;;;10066.5;0.0
av_WHEAT_d2;46000;INTARIAN_PEPPER_ROOT;12920;25;12918;19;;;12926;14;12930;28;;;12923.0;0.0
av_WHEAT_d2;46100;ASH_COATED_OSMIUM;10056;10;10053;18;;;10077;13;10081;19;;;10066.5;0.0
av_WHEAT_d2;46100;INTARIAN_PEPPER_ROOT;12920;19;12918;23;;;12927;17;12930;20;;;12923.5;0.0
av_WHEAT_d2;46200;ASH_COATED_OSMIUM;10062;12;10059;14;;;10071;15;10075;21;;;10066.5;0.0
av_WHEAT_d2;46200;INTARIAN_PEPPER_ROOT;12923;12;12921;19;;;12929;13;12932;21;;;12926.0;0.0
av_WHEAT_d2;46300;ASH_COATED_OSMIUM;10063;5;10060;26;;;10069;18;10072;19;;;10066.0;0.0
av_WHEAT_d2;46300;INTARIAN_PEPPER_ROOT;12925;16;12923;28;;;12931;20;12934;17;;;12928.0;0.0
av_WHEAT_d2;46400;ASH_COATED_OSMIUM;10061;13;10057;24;;;10072;20;10074;16;;;10066.5;0.0
av_WHEAT_d2;46400;INTARIAN_PEPPER_ROOT;12923;13;12919;25;;;12935;20;12937;24;;;12929.0;0.0
av_WHEAT_d2;46500;ASH_COATED_OSMIUM;10063;13;10060;19;;;10069;8;10073;24;;;10066.0;0.0
av_WHEAT_d2;46500;INTARIAN_PEPPER_ROOT;12928;12;12924;11;;;12934;10;12938;16;;;12931.0;0.0
av_WHEAT_d2;46600;ASH_COATED_OSMIUM;10059;28;10056;25;;;10073;16;10077;31;;;10066.0;0.0
av_WHEAT_d2;46600;INTARIAN_PEPPER_ROOT;12930;10;12927;18;;;12936;16;12939;17;;;12933.0;0.0
av_WHEAT_d2;46700;ASH_COATED_OSMIUM;10062;12;10059;18;;;10068;12;10070;11;;;10065.0;0.0
av_WHEAT_d2;46700;INTARIAN_PEPPER_ROOT;12929;16;12927;11;;;12937;21;12940;10;;;12933.0;0.0
av_WHEAT_d2;46800;ASH_COATED_OSMIUM;10058;18;10056;12;;;10071;16;10075;20;;;10064.5;0.0
av_WHEAT_d2;46800;INTARIAN_PEPPER_ROOT;12932;10;12928;22;;;12939;10;12941;29;;;12935.5;0.0
av_WHEAT_d2;46900;ASH_COATED_OSMIUM;10062;6;10058;19;;;10068;7;10071;20;;;10065.0;0.0
av_WHEAT_d2;46900;INTARIAN_PEPPER_ROOT;12934;13;12930;23;;;12940;18;12943;15;;;12937.0;0.0
av_WHEAT_d2;47000;ASH_COATED_OSMIUM;10062;15;10059;13;;;10068;17;10070;13;;;10065.0;0.0
av_WHEAT_d2;47000;INTARIAN_PEPPER_ROOT;12923;13;12921;18;;;12953;14;12956;16;;;12938.0;0.0
av_WHEAT_d2;47100;ASH_COATED_OSMIUM;10057;13;10054;11;;;10072;17;10075;17;;;10064.5;0.0
av_WHEAT_d2;47100;INTARIAN_PEPPER_ROOT;12938;13;12936;24;;;12944;11;12948;20;;;12941.0;0.0
av_WHEAT_d2;47200;ASH_COATED_OSMIUM;10056;17;10053;24;;;10071;15;10075;28;;;10063.5;0.0
av_WHEAT_d2;47200;INTARIAN_PEPPER_ROOT;12939;6;12936;21;;;12945;15;12949;15;;;12942.0;0.0
av_WHEAT_d2;47300;ASH_COATED_OSMIUM;10061;15;10059;17;;;10067;16;10071;27;;;10064.0;0.0
av_WHEAT_d2;47300;INTARIAN_PEPPER_ROOT;12940;14;12936;17;;;12946;17;12949;11;;;12943.0;0.0
av_WHEAT_d2;47400;ASH_COATED_OSMIUM;10060;8;10056;14;;;10068;15;10071;19;;;10064.0;0.0
av_WHEAT_d2;47400;INTARIAN_PEPPER_ROOT;12936;17;12934;17;;;12953;11;12957;18;;;12944.5;0.0
av_WHEAT_d2;47500;ASH_COATED_OSMIUM;10055;19;10053;26;;;10072;24;10075;22;;;10063.5;0.0
av_WHEAT_d2;47500;INTARIAN_PEPPER_ROOT;12944;10;12942;20;;;12950;11;12952;14;;;12947.0;0.0
av_WHEAT_d2;47600;ASH_COATED_OSMIUM;10060;20;10057;24;;;10066;15;10069;29;;;10063.0;0.0
av_WHEAT_d2;47600;INTARIAN_PEPPER_ROOT;12945;23;12942;16;;;12951;17;12955;19;;;12948.0;0.0
av_WHEAT_d2;47700;ASH_COATED_OSMIUM;10060;21;10057;27;;;10066;10;10070;26;;;10063.0;0.0
av_WHEAT_d2;47700;INTARIAN_PEPPER_ROOT;12946;14;12942;23;;;12952;15;12956;25;;;12949.0;0.0
av_WHEAT_d2;47800;ASH_COATED_OSMIUM;10060;5;10056;19;;;10066;9;10070;22;;;10063.0;0.0
av_WHEAT_d2;47800;INTARIAN_PEPPER_ROOT;12949;9;12946;20;;;12955;16;12958;22;;;12952.0;0.0
av_WHEAT_d2;47900;ASH_COATED_OSMIUM;10059;16;10056;26;;;10068;23;10071;26;;;10063.5;0.0
av_WHEAT_d2;47900;INTARIAN_PEPPER_ROOT;12951;13;12948;18;;;12957;11;12961;12;;;12954.0;0.0
av_WHEAT_d2;48000;ASH_COATED_OSMIUM;10060;16;10057;18;;;10066;9;10069;21;;;10063.0;0.0
av_WHEAT_d2;48000;INTARIAN_PEPPER_ROOT;12937;18;12934;17;;;12972;15;12975;32;;;12954.5;0.0
av_WHEAT_d2;48100;ASH_COATED_OSMIUM;10058;15;10056;16;;;10067;10;10069;17;;;10062.5;0.0
av_WHEAT_d2;48100;INTARIAN_PEPPER_ROOT;12953;10;12950;20;;;12959;18;12962;20;;;12956.0;0.0
av_WHEAT_d2;48200;ASH_COATED_OSMIUM;10053;17;10049;19;;;10071;14;10073;23;;;10062.0;0.0
av_WHEAT_d2;48200;INTARIAN_PEPPER_ROOT;12955;16;12952;19;;;12962;27;12965;20;;;12958.5;0.0
av_WHEAT_d2;48300;ASH_COATED_OSMIUM;10059;16;10055;20;;;10065;6;10069;15;;;10062.0;0.0
av_WHEAT_d2;48300;INTARIAN_PEPPER_ROOT;12956;10;12952;28;;;12962;20;12965;16;;;12959.0;0.0
av_WHEAT_d2;48400;ASH_COATED_OSMIUM;10046;20;10042;24;;;10079;15;10082;14;;;10062.5;0.0
av_WHEAT_d2;48400;INTARIAN_PEPPER_ROOT;12958;7;12956;23;;;12964;13;12968;24;;;12961.0;0.0
av_WHEAT_d2;48500;ASH_COATED_OSMIUM;10059;17;10056;32;;;10065;24;10068;25;;;10062.0;0.0
av_WHEAT_d2;48500;INTARIAN_PEPPER_ROOT;12960;17;12956;13;;;12966;11;12968;19;;;12963.0;0.0
av_WHEAT_d2;48600;ASH_COATED_OSMIUM;10058;21;10056;24;;;10064;14;10066;24;;;10061.0;0.0
av_WHEAT_d2;48600;INTARIAN_PEPPER_ROOT;12961;17;12959;24;;;12967;11;12971;13;;;12964.0;0.0
av_WHEAT_d2;48700;ASH_COATED_OSMIUM;10058;14;10056;24;;;10064;17;10067;17;;;10061.0;0.0
av_WHEAT_d2;48700;INTARIAN_PEPPER_ROOT;12963;20;12959;19;;;12970;16;12974;18;;;12966.5;0.0
av_WHEAT_d2;48800;ASH_COATED_OSMIUM;10058;11;10055;16;;;10064;19;10067;11;;;10061.0;0.0
av_WHEAT_d2;48800;INTARIAN_PEPPER_ROOT;12964;6;12961;11;;;12972;17;12974;11;;;12968.0;0.0
av_WHEAT_d2;48900;ASH_COATED_OSMIUM;10052;8;10049;17;;;10069;10;10072;10;;;10060.5;0.0
av_WHEAT_d2;48900;INTARIAN_PEPPER_ROOT;12965;13;12961;8;;;12974;5;12976;25;;;12969.5;0.0
av_WHEAT_d2;49000;ASH_COATED_OSMIUM;10058;25;10054;21;;;10064;11;10067;20;;;10061.0;0.0
av_WHEAT_d2;49000;INTARIAN_PEPPER_ROOT;12967;13;12963;17;;;12973;22;12977;25;;;12970.0;0.0
av_WHEAT_d2;49100;ASH_COATED_OSMIUM;10057;9;10053;21;;;10063;8;10066;26;;;10060.0;0.0
av_WHEAT_d2;49100;INTARIAN_PEPPER_ROOT;12962;7;12959;16;;;12982;11;12986;20;;;12972.0;0.0
av_WHEAT_d2;49200;ASH_COATED_OSMIUM;10053;13;10050;22;;;10069;24;10073;21;;;10061.0;0.0
av_WHEAT_d2;49200;INTARIAN_PEPPER_ROOT;12967;10;12964;27;;;12981;15;12985;26;;;12974.0;0.0
av_WHEAT_d2;49300;ASH_COATED_OSMIUM;10053;23;10049;30;;;10067;20;10069;20;;;10060.0;0.0
av_WHEAT_d2;49300;INTARIAN_PEPPER_ROOT;12965;15;12963;20;;;12988;11;12992;11;;;12976.5;0.0
av_WHEAT_d2;49400;ASH_COATED_OSMIUM;10057;13;10055;23;;;10063;12;10066;21;;;10060.0;0.0
av_WHEAT_d2;49400;INTARIAN_PEPPER_ROOT;12969;21;12965;27;;;12985;18;12988;25;;;12977.0;0.0
av_WHEAT_d2;49500;ASH_COATED_OSMIUM;10051;16;10049;23;;;10069;10;10071;12;;;10060.0;0.0
av_WHEAT_d2;49500;INTARIAN_PEPPER_ROOT;12969;19;12966;27;;;12988;15;12991;25;;;12978.5;0.0
av_WHEAT_d2;49600;ASH_COATED_OSMIUM;10056;13;10054;22;;;10062;14;10064;18;;;10059.0;0.0
av_WHEAT_d2;49600;INTARIAN_PEPPER_ROOT;12978;10;12975;20;;;12984;14;12987;24;;;12981.0;0.0
av_WHEAT_d2;49700;ASH_COATED_OSMIUM;10055;16;10052;21;;;10065;23;10069;29;;;10060.0;0.0
av_WHEAT_d2;49700;INTARIAN_PEPPER_ROOT;12979;14;12977;27;;;12985;9;12988;22;;;12982.0;0.0
av_WHEAT_d2;49800;ASH_COATED_OSMIUM;10056;15;10052;23;;;10062;21;10066;11;;;10059.0;0.0
av_WHEAT_d2;49800;INTARIAN_PEPPER_ROOT;12981;18;12979;17;;;12987;19;12991;11;;;12984.0;0.0
av_WHEAT_d2;49900;ASH_COATED_OSMIUM;10055;19;10052;24;;;10062;7;10066;25;;;10058.5;0.0
av_WHEAT_d2;49900;INTARIAN_PEPPER_ROOT;12978;25;12976;15;;;12993;15;12995;27;;;12985.5;0.0
av_WHEAT_d2;50000;ASH_COATED_OSMIUM;10055;12;10052;19;;;10061;23;10064;21;;;10058.0;0.0
av_WHEAT_d2;50000;INTARIAN_PEPPER_ROOT;12983;8;12980;10;;;12991;14;12993;12;;;12987.0;0.0
av_WHEAT_d2;50100;ASH_COATED_OSMIUM;10048;13;10046;18;;;10068;23;10072;14;;;10058.0;0.0
av_WHEAT_d2;50100;INTARIAN_PEPPER_ROOT;12985;9;12982;15;;;12991;20;12994;26;;;12988.0;0.0
av_WHEAT_d2;50200;ASH_COATED_OSMIUM;10055;6;10051;20;;;10061;15;10064;8;;;10058.0;0.0
av_WHEAT_d2;50200;INTARIAN_PEPPER_ROOT;12984;11;12981;16;;;12995;16;12998;17;;;12989.5;0.0
av_WHEAT_d2;50300;ASH_COATED_OSMIUM;10055;18;10052;11;;;10061;10;10063;18;;;10058.0;0.0
av_WHEAT_d2;50300;INTARIAN_PEPPER_ROOT;12988;16;12986;11;;;12994;20;12997;16;;;12991.0;0.0
av_WHEAT_d2;50400;ASH_COATED_OSMIUM;10055;13;10053;23;;;10061;25;10065;19;;;10058.0;0.0
av_WHEAT_d2;50400;INTARIAN_PEPPER_ROOT;12990;9;12987;21;;;12996;17;12998;25;;;12993.0;0.0
av_WHEAT_d2;50500;ASH_COATED_OSMIUM;10054;19;10050;16;;;10060;18;10062;18;;;10057.0;0.0
av_WHEAT_d2;50500;INTARIAN_PEPPER_ROOT;12991;23;12988;23;;;12999;15;13003;19;;;12995.0;0.0
av_WHEAT_d2;50600;ASH_COATED_OSMIUM;10054;22;10050;19;;;10060;20;10062;24;;;10057.0;0.0
av_WHEAT_d2;50600;INTARIAN_PEPPER_ROOT;12994;11;12991;25;;;13000;20;13004;17;;;12997.0;0.0
av_WHEAT_d2;50700;ASH_COATED_OSMIUM;10049;17;10047;12;;;10066;10;10068;16;;;10057.5;0.0
av_WHEAT_d2;50700;INTARIAN_PEPPER_ROOT;12991;15;12987;20;;;13006;16;13009;21;;;12998.5;0.0
av_WHEAT_d2;50800;ASH_COATED_OSMIUM;10051;16;10049;23;;;10063;16;10067;21;;;10057.0;0.0
av_WHEAT_d2;50800;INTARIAN_PEPPER_ROOT;12995;15;12991;27;;;13003;17;13006;15;;;12999.0;0.0
av_WHEAT_d2;50900;ASH_COATED_OSMIUM;10054;19;10051;14;;;10060;17;10062;17;;;10057.0;0.0
av_WHEAT_d2;50900;INTARIAN_PEPPER_ROOT;12996;15;12993;19;;;13002;17;13006;22;;;12999.0;0.0
av_WHEAT_d2;51000;ASH_COATED_OSMIUM;10040;13;10036;15;;;10074;7;10077;11;;;10057.0;0.0
av_WHEAT_d2;51000;INTARIAN_PEPPER_ROOT;12986;30;12984;24;;;13008;19;13010;14;;;12997.0;0.0
av_WHEAT_d2;51100;ASH_COATED_OSMIUM;10052;8;10049;29;;;10059;25;10062;19;;;10055.5;0.0
av_WHEAT_d2;51100;INTARIAN_PEPPER_ROOT;12978;24;12976;17;;;13015;13;13017;19;;;12996.5;0.0
av_WHEAT_d2;51200;ASH_COATED_OSMIUM;10046;10;10042;23;;;10067;8;10069;16;;;10056.5;0.0
av_WHEAT_d2;51200;INTARIAN_PEPPER_ROOT;12991;14;12989;21;;;12997;7;13001;24;;;12994.0;0.0
av_WHEAT_d2;51300;ASH_COATED_OSMIUM;10053;12;10050;18;;;10059;17;10062;22;;;10056.0;0.0
av_WHEAT_d2;51300;INTARIAN_PEPPER_ROOT;12987;19;12983;24;;;13002;16;13006;21;;;12994.5;0.0
av_WHEAT_d2;51400;ASH_COATED_OSMIUM;10053;17;10050;18;;;10059;17;10062;22;;;10056.0;0.0
av_WHEAT_d2;51400;INTARIAN_PEPPER_ROOT;12982;17;12978;9;;;13002;15;13005;17;;;12992.0;0.0
av_WHEAT_d2;51500;ASH_COATED_OSMIUM;10053;17;10049;18;;;10059;14;10061;30;;;10056.0;0.0
av_WHEAT_d2;51500;INTARIAN_PEPPER_ROOT;12983;18;12979;14;;;12997;5;13001;15;;;12990.0;0.0
av_WHEAT_d2;51600;ASH_COATED_OSMIUM;10048;9;10044;19;;;10064;21;10068;19;;;10056.0;0.0
av_WHEAT_d2;51600;INTARIAN_PEPPER_ROOT;12986;14;12984;16;;;12993;14;12995;26;;;12989.5;0.0
av_WHEAT_d2;51700;ASH_COATED_OSMIUM;10048;12;10044;16;;;10063;13;10065;20;;;10055.5;0.0
av_WHEAT_d2;51700;INTARIAN_PEPPER_ROOT;12985;5;12981;19;;;12991;5;12993;25;;;12988.0;0.0
av_WHEAT_d2;51800;ASH_COATED_OSMIUM;10051;10;10049;31;;;10061;19;10063;23;;;10056.0;0.0
av_WHEAT_d2;51800;INTARIAN_PEPPER_ROOT;12982;12;12979;22;;;12992;5;12996;25;;;12987.0;0.0
av_WHEAT_d2;51900;ASH_COATED_OSMIUM;10049;14;10045;23;;;10063;13;10065;17;;;10056.0;0.0
av_WHEAT_d2;51900;INTARIAN_PEPPER_ROOT;12981;17;12977;17;;;12987;11;12991;27;;;12984.0;0.0
av_WHEAT_d2;52000;ASH_COATED_OSMIUM;10053;13;10050;12;;;10059;23;10062;21;;;10056.0;0.0
av_WHEAT_d2;52000;INTARIAN_PEPPER_ROOT;12981;16;12977;24;;;12987;17;12990;15;;;12984.0;0.0
av_WHEAT_d2;52100;ASH_COATED_OSMIUM;10052;9;10049;20;;;10058;8;10061;18;;;10055.0;0.0
av_WHEAT_d2;52100;INTARIAN_PEPPER_ROOT;12979;11;12977;28;;;12985;11;12988;15;;;12982.0;0.0
av_WHEAT_d2;52200;ASH_COATED_OSMIUM;10052;15;10048;26;;;10058;15;10060;13;;;10055.0;0.0
av_WHEAT_d2;52200;INTARIAN_PEPPER_ROOT;12976;11;12973;20;;;12985;15;12987;14;;;12980.5;0.0
av_WHEAT_d2;52300;ASH_COATED_OSMIUM;10052;16;10048;22;;;10058;22;10060;24;;;10055.0;0.0
av_WHEAT_d2;52300;INTARIAN_PEPPER_ROOT;12969;22;12967;8;;;12988;6;12991;26;;;12978.5;0.0
av_WHEAT_d2;52400;ASH_COATED_OSMIUM;10052;13;10048;14;;;10058;13;10060;21;;;10055.0;0.0
av_WHEAT_d2;52400;INTARIAN_PEPPER_ROOT;12974;7;12970;14;;;12981;16;12984;20;;;12977.5;0.0
av_WHEAT_d2;52500;ASH_COATED_OSMIUM;10052;18;10049;13;;;10058;16;10060;21;;;10055.0;0.0
av_WHEAT_d2;52500;INTARIAN_PEPPER_ROOT;12973;14;12970;10;;;12979;11;12981;13;;;12976.0;0.0
av_WHEAT_d2;52600;ASH_COATED_OSMIUM;10051;14;10048;18;;;10059;9;10062;16;;;10055.0;0.0
av_WHEAT_d2;52600;INTARIAN_PEPPER_ROOT;12969;9;12965;22;;;12979;11;12981;22;;;12974.0;0.0
av_WHEAT_d2;52700;ASH_COATED_OSMIUM;10052;9;10049;17;;;10059;15;10063;21;;;10055.5;0.0
av_WHEAT_d2;52700;INTARIAN_PEPPER_ROOT;12968;22;12966;12;;;12978;6;12980;27;;;12973.0;0.0
av_WHEAT_d2;52800;ASH_COATED_OSMIUM;10048;22;10046;12;;;10062;12;10065;16;;;10055.0;0.0
av_WHEAT_d2;52800;INTARIAN_PEPPER_ROOT;12969;10;12966;19;;;12976;23;12978;26;;;12972.5;0.0
av_WHEAT_d2;52900;ASH_COATED_OSMIUM;10052;10;10048;19;;;10058;17;10060;19;;;10055.0;0.0
av_WHEAT_d2;52900;INTARIAN_PEPPER_ROOT;12965;16;12961;25;;;12976;11;12979;28;;;12970.5;0.0
av_WHEAT_d2;53000;ASH_COATED_OSMIUM;10052;11;10050;18;;;10058;11;10060;18;;;10055.0;0.0
av_WHEAT_d2;53000;INTARIAN_PEPPER_ROOT;12966;11;12963;11;;;12972;10;12975;14;;;12969.0;0.0
av_WHEAT_d2;53100;ASH_COATED_OSMIUM;10052;13;10050;24;;;10058;17;10061;18;;;10055.0;0.0
av_WHEAT_d2;53100;INTARIAN_PEPPER_ROOT;12965;20;12963;13;;;12971;13;12973;24;;;12968.0;0.0
av_WHEAT_d2;53200;ASH_COATED_OSMIUM;10051;19;10047;8;;;10057;24;10061;16;;;10054.0;0.0
av_WHEAT_d2;53200;INTARIAN_PEPPER_ROOT;12963;25;12959;12;;;12969;14;12972;15;;;12966.0;0.0
av_WHEAT_d2;53300;ASH_COATED_OSMIUM;10052;9;10049;12;;;10058;14;10060;17;;;10055.0;0.0
av_WHEAT_d2;53300;INTARIAN_PEPPER_ROOT;12954;22;12950;12;;;12974;15;12978;26;;;12964.0;0.0
av_WHEAT_d2;53400;ASH_COATED_OSMIUM;10051;12;10048;24;;;10057;16;10059;17;;;10054.0;0.0
av_WHEAT_d2;53400;INTARIAN_PEPPER_ROOT;12960;11;12956;10;;;12966;15;12969;23;;;12963.0;0.0
av_WHEAT_d2;53500;ASH_COATED_OSMIUM;10052;20;10048;28;;;10058;26;10062;16;;;10055.0;0.0
av_WHEAT_d2;53500;INTARIAN_PEPPER_ROOT;12959;12;12956;26;;;12965;11;12967;18;;;12962.0;0.0
av_WHEAT_d2;53600;ASH_COATED_OSMIUM;10051;11;10049;19;;;10059;17;10063;25;;;10055.0;0.0
av_WHEAT_d2;53600;INTARIAN_PEPPER_ROOT;12953;16;12949;25;;;12967;22;12971;23;;;12960.0;0.0
av_WHEAT_d2;53700;ASH_COATED_OSMIUM;10047;13;10045;31;;;10063;21;10065;16;;;10055.0;0.0
av_WHEAT_d2;53700;INTARIAN_PEPPER_ROOT;12954;18;12950;23;;;12964;14;12967;20;;;12959.0;0.0
av_WHEAT_d2;53800;ASH_COATED_OSMIUM;10051;15;10048;15;;;10057;10;10059;24;;;10054.0;0.0
av_WHEAT_d2;53800;INTARIAN_PEPPER_ROOT;12943;18;12941;20;;;12971;13;12974;20;;;12957.0;0.0
av_WHEAT_d2;53900;ASH_COATED_OSMIUM;10050;12;10046;24;;;10058;20;10061;17;;;10054.0;0.0
av_WHEAT_d2;53900;INTARIAN_PEPPER_ROOT;12953;23;12951;15;;;12959;15;12962;19;;;12956.0;0.0
av_WHEAT_d2;54000;ASH_COATED_OSMIUM;10046;19;10043;18;;;10062;15;10064;19;;;10054.0;0.0
av_WHEAT_d2;54000;INTARIAN_PEPPER_ROOT;12943;9;12940;11;;;12966;17;12968;18;;;12954.5;0.0
av_WHEAT_d2;54100;ASH_COATED_OSMIUM;10051;18;10048;23;;;10058;12;10062;20;;;10054.5;0.0
av_WHEAT_d2;54100;INTARIAN_PEPPER_ROOT;12949;7;12945;26;;;12955;14;12959;18;;;12952.0;0.0
av_WHEAT_d2;54200;ASH_COATED_OSMIUM;10048;9;10044;18;;;10059;16;10062;22;;;10053.5;0.0
av_WHEAT_d2;54200;INTARIAN_PEPPER_ROOT;12949;13;12946;16;;;12955;11;12959;28;;;12952.0;0.0
av_WHEAT_d2;54300;ASH_COATED_OSMIUM;10051;13;10047;25;;;10057;16;10061;24;;;10054.0;0.0
av_WHEAT_d2;54300;INTARIAN_PEPPER_ROOT;12947;8;12945;17;;;12954;15;12956;20;;;12950.5;0.0
av_WHEAT_d2;54400;ASH_COATED_OSMIUM;10046;9;10043;12;;;10061;13;10063;23;;;10053.5;0.0
av_WHEAT_d2;54400;INTARIAN_PEPPER_ROOT;12928;13;12926;14;;;12968;12;12972;16;;;12948.0;0.0
av_WHEAT_d2;54500;ASH_COATED_OSMIUM;10051;13;10048;17;;;10057;14;10059;16;;;10054.0;0.0
av_WHEAT_d2;54500;INTARIAN_PEPPER_ROOT;12943;18;12941;20;;;12950;17;12952;27;;;12946.5;0.0
av_WHEAT_d2;54600;ASH_COATED_OSMIUM;10050;10;10047;23;;;10056;12;10059;27;;;10053.0;0.0
av_WHEAT_d2;54600;INTARIAN_PEPPER_ROOT;12943;17;12939;16;;;12949;19;12951;22;;;12946.0;0.0
av_WHEAT_d2;54700;ASH_COATED_OSMIUM;10050;10;10047;18;;;10056;18;10059;14;;;10053.0;0.0
av_WHEAT_d2;54700;INTARIAN_PEPPER_ROOT;12940;6;12938;21;;;12947;13;12949;16;;;12943.5;0.0
av_WHEAT_d2;54800;ASH_COATED_OSMIUM;10048;22;10045;11;;;10057;19;10059;17;;;10052.5;0.0
av_WHEAT_d2;54800;INTARIAN_PEPPER_ROOT;12940;12;12936;16;;;12946;12;12949;20;;;12943.0;0.0
av_WHEAT_d2;54900;ASH_COATED_OSMIUM;10051;19;10048;14;;;10057;16;10061;25;;;10054.0;0.0
av_WHEAT_d2;54900;INTARIAN_PEPPER_ROOT;12937;5;12935;21;;;12946;14;12950;20;;;12941.5;0.0
av_WHEAT_d2;55000;ASH_COATED_OSMIUM;10050;22;10048;25;;;10056;11;10059;9;;;10053.0;0.0
av_WHEAT_d2;55000;INTARIAN_PEPPER_ROOT;12937;14;12933;23;;;12943;11;12945;25;;;12940.0;0.0
av_WHEAT_d2;55100;ASH_COATED_OSMIUM;10051;16;10047;19;;;10057;12;10061;15;;;10054.0;0.0
av_WHEAT_d2;55100;INTARIAN_PEPPER_ROOT;12935;6;12931;23;;;12941;18;12944;15;;;12938.0;0.0
av_WHEAT_d2;55200;ASH_COATED_OSMIUM;10050;19;10047;16;;;10056;12;10058;17;;;10053.0;0.0
av_WHEAT_d2;55200;INTARIAN_PEPPER_ROOT;12934;18;12932;31;;;12940;20;12943;20;;;12937.0;0.0
av_WHEAT_d2;55300;ASH_COATED_OSMIUM;10050;11;10046;15;;;10056;12;10060;22;;;10053.0;0.0
av_WHEAT_d2;55300;INTARIAN_PEPPER_ROOT;12927;15;12924;19;;;12945;8;12947;13;;;12936.0;0.0
av_WHEAT_d2;55400;ASH_COATED_OSMIUM;10050;14;10046;17;;;10057;10;10060;16;;;10053.5;0.0
av_WHEAT_d2;55400;INTARIAN_PEPPER_ROOT;12931;17;12928;20;;;12937;18;12941;20;;;12934.0;0.0
av_WHEAT_d2;55500;ASH_COATED_OSMIUM;10048;24;10044;19;;;10058;5;10060;12;;;10053.0;0.0
av_WHEAT_d2;55500;INTARIAN_PEPPER_ROOT;12929;7;12925;19;;;12935;30;12939;20;;;12932.0;0.0
av_WHEAT_d2;55600;ASH_COATED_OSMIUM;10047;11;10044;20;;;10059;25;10063;23;;;10053.0;0.0
av_WHEAT_d2;55600;INTARIAN_PEPPER_ROOT;12924;20;12921;14;;;12937;19;12939;16;;;12930.5;0.0
av_WHEAT_d2;55700;ASH_COATED_OSMIUM;10040;20;10038;30;;;10066;12;10068;12;;;10053.0;0.0
av_WHEAT_d2;55700;INTARIAN_PEPPER_ROOT;12926;5;12923;21;;;12932;17;12934;22;;;12929.0;0.0
av_WHEAT_d2;55800;ASH_COATED_OSMIUM;10046;20;10043;23;;;10060;10;10064;13;;;10053.0;0.0
av_WHEAT_d2;55800;INTARIAN_PEPPER_ROOT;12925;18;12921;27;;;12931;15;12933;11;;;12928.0;0.0
av_WHEAT_d2;55900;ASH_COATED_OSMIUM;10050;23;10047;17;;;10056;17;10059;20;;;10053.0;0.0
av_WHEAT_d2;55900;INTARIAN_PEPPER_ROOT;12923;11;12921;15;;;12929;18;12933;23;;;12926.0;0.0
av_WHEAT_d2;56000;ASH_COATED_OSMIUM;10045;11;10043;23;;;10060;15;10064;22;;;10052.5;0.0
