day;timestamp;product;bid_price_1;bid_volume_1;bid_price_2;bid_volume_2;bid_price_3;bid_volume_3;ask_price_1;ask_volume_1;ask_price_2;ask_volume_2;ask_price_3;ask_volume_3;mid_price;profit_and_loss
yf_MKC_d0;0;ASH_COATED_OSMIUM;10036;14;10034;19;;;10042;16;10046;21;;;10039.0;0.0
yf_MKC_d0;0;INTARIAN_PEPPER_ROOT;11433;13;11429;18;;;11439;11;11441;33;;;11436.0;0.0
yf_MKC_d0;100;ASH_COATED_OSMIUM;10033;16;10029;18;;;10045;20;10048;18;;;10039.0;0.0
yf_MKC_d0;100;INTARIAN_PEPPER_ROOT;11435;12;11433;19;;;11441;8;11445;22;;;11438.0;0.0
yf_MKC_d0;200;ASH_COATED_OSMIUM;10035;13;10033;22;;;10041;17;10043;20;;;10038.0;0.0
yf_MKC_d0;200;INTARIAN_PEPPER_ROOT;11435;13;11432;19;;;11442;13;11445;14;;;11438.5;0.0
yf_MKC_d0;300;ASH_COATED_OSMIUM;10031;14;10029;18;;;10047;10;10051;28;;;10039.0;0.0
yf_MKC_d0;300;INTARIAN_PEPPER_ROOT;11435;10;11433;14;;;11445;19;11449;18;;;11440.0;0.0
yf_MKC_d0;400;ASH_COATED_OSMIUM;10035;17;10031;8;;;10041;13;10043;29;;;10038.0;0.0
yf_MKC_d0;400;INTARIAN_PEPPER_ROOT;11437;16;11433;26;;;11445;11;11447;19;;;11441.0;0.0
yf_MKC_d0;500;ASH_COATED_OSMIUM;10033;11;10031;28;;;10044;9;10047;17;;;10038.5;0.0
yf_MKC_d0;500;INTARIAN_PEPPER_ROOT;11428;10;11425;16;;;11456;15;11460;21;;;11442.0;0.0
yf_MKC_d0;600;ASH_COATED_OSMIUM;10035;15;10033;22;;;10041;25;10045;19;;;10038.0;0.0
yf_MKC_d0;600;INTARIAN_PEPPER_ROOT;11439;13;11437;27;;;11445;16;11449;17;;;11442.0;0.0
yf_MKC_d0;700;ASH_COATED_OSMIUM;10033;21;10029;12;;;10043;22;10047;17;;;10038.0;0.0
yf_MKC_d0;700;INTARIAN_PEPPER_ROOT;11441;18;11439;16;;;11447;11;11451;24;;;11444.0;0.0
yf_MKC_d0;800;ASH_COATED_OSMIUM;10035;14;10032;22;;;10041;12;10045;29;;;10038.0;0.0
yf_MKC_d0;800;INTARIAN_PEPPER_ROOT;11441;14;11437;15;;;11447;8;11450;20;;;11444.0;0.0
yf_MKC_d0;900;ASH_COATED_OSMIUM;10035;12;10033;20;;;10041;18;10044;10;;;10038.0;0.0
yf_MKC_d0;900;INTARIAN_PEPPER_ROOT;11441;10;11439;20;;;11449;15;11453;25;;;11445.0;0.0
yf_MKC_d0;1000;ASH_COATED_OSMIUM;10034;18;10030;19;;;10040;8;10043;24;;;10037.0;0.0
yf_MKC_d0;1000;INTARIAN_PEPPER_ROOT;11443;15;11441;12;;;11449;13;11452;19;;;11446.0;0.0
yf_MKC_d0;1100;ASH_COATED_OSMIUM;10034;17;10031;13;;;10041;6;10043;19;;;10037.5;0.0
yf_MKC_d0;1100;INTARIAN_PEPPER_ROOT;11444;15;11442;28;;;11450;12;11453;25;;;11447.0;0.0
yf_MKC_d0;1200;ASH_COATED_OSMIUM;10029;14;10025;20;;;10045;21;10049;20;;;10037.0;0.0
yf_MKC_d0;1200;INTARIAN_PEPPER_ROOT;11445;17;11443;19;;;11451;8;11455;28;;;11448.0;0.0
yf_MKC_d0;1300;ASH_COATED_OSMIUM;10033;8;10029;27;;;10040;13;10044;18;;;10036.5;0.0
yf_MKC_d0;1300;INTARIAN_PEPPER_ROOT;11446;17;11442;25;;;11452;14;11454;23;;;11449.0;0.0
yf_MKC_d0;1400;ASH_COATED_OSMIUM;10034;9;10030;8;;;10040;24;10042;29;;;10037.0;0.0
yf_MKC_d0;1400;INTARIAN_PEPPER_ROOT;11447;23;11443;17;;;11453;19;11457;14;;;11450.0;0.0
yf_MKC_d0;1500;ASH_COATED_OSMIUM;10019;11;10016;22;;;10055;12;10057;23;;;10037.0;0.0
yf_MKC_d0;1500;INTARIAN_PEPPER_ROOT;11448;16;11445;21;;;11454;17;11456;17;;;11451.0;0.0
yf_MKC_d0;1600;ASH_COATED_OSMIUM;10034;17;10032;25;;;10040;15;10043;23;;;10037.0;0.0
yf_MKC_d0;1600;INTARIAN_PEPPER_ROOT;11450;8;11446;22;;;11456;11;11460;20;;;11453.0;0.0
yf_MKC_d0;1700;ASH_COATED_OSMIUM;10033;16;10029;18;;;10039;7;10042;15;;;10036.0;0.0
yf_MKC_d0;1700;INTARIAN_PEPPER_ROOT;11450;23;11447;26;;;11456;14;11458;12;;;11453.0;0.0
yf_MKC_d0;1800;ASH_COATED_OSMIUM;10033;26;10030;19;;;10039;16;10042;8;;;10036.0;0.0
yf_MKC_d0;1800;INTARIAN_PEPPER_ROOT;11451;21;11448;21;;;11457;10;11461;29;;;11454.0;0.0
yf_MKC_d0;1900;ASH_COATED_OSMIUM;10033;28;10029;8;;;10039;21;10041;27;;;10036.0;0.0
yf_MKC_d0;1900;INTARIAN_PEPPER_ROOT;11452;18;11448;23;;;11458;11;11462;33;;;11455.0;0.0
yf_MKC_d0;2000;ASH_COATED_OSMIUM;10033;10;10030;20;;;10039;23;10043;21;;;10036.0;0.0
yf_MKC_d0;2000;INTARIAN_PEPPER_ROOT;11454;21;11451;16;;;11460;14;11463;20;;;11457.0;0.0
yf_MKC_d0;2100;ASH_COATED_OSMIUM;10033;15;10030;26;;;10039;12;10041;18;;;10036.0;0.0
yf_MKC_d0;2100;INTARIAN_PEPPER_ROOT;11454;11;11452;19;;;11460;17;11462;15;;;11457.0;0.0
yf_MKC_d0;2200;ASH_COATED_OSMIUM;10032;19;10030;25;;;10038;11;10041;22;;;10035.0;0.0
yf_MKC_d0;2200;INTARIAN_PEPPER_ROOT;11453;16;11450;14;;;11463;16;11466;24;;;11458.0;0.0
yf_MKC_d0;2300;ASH_COATED_OSMIUM;10024;5;10021;17;;;10047;10;10051;23;;;10035.5;0.0
yf_MKC_d0;2300;INTARIAN_PEPPER_ROOT;11454;7;11451;20;;;11464;19;11467;16;;;11459.0;0.0
yf_MKC_d0;2400;ASH_COATED_OSMIUM;10032;15;10028;18;;;10039;8;10042;22;;;10035.5;0.0
yf_MKC_d0;2400;INTARIAN_PEPPER_ROOT;11456;13;11454;23;;;11462;17;11466;10;;;11459.0;0.0
yf_MKC_d0;2500;ASH_COATED_OSMIUM;10031;10;10028;22;;;10037;14;10040;16;;;10034.0;0.0
yf_MKC_d0;2500;INTARIAN_PEPPER_ROOT;11455;12;11453;20;;;11466;13;11469;23;;;11460.5;0.0
yf_MKC_d0;2600;ASH_COATED_OSMIUM;10022;25;10020;21;;;10048;14;10051;18;;;10035.0;0.0
yf_MKC_d0;2600;INTARIAN_PEPPER_ROOT;11459;20;11457;20;;;11465;17;11469;15;;;11462.0;0.0
yf_MKC_d0;2700;ASH_COATED_OSMIUM;10032;11;10030;12;;;10038;17;10040;34;;;10035.0;0.0
yf_MKC_d0;2700;INTARIAN_PEPPER_ROOT;11460;8;11457;12;;;11466;15;11468;26;;;11463.0;0.0
yf_MKC_d0;2800;ASH_COATED_OSMIUM;10023;13;10019;19;;;10046;9;10049;13;;;10034.5;0.0
yf_MKC_d0;2800;INTARIAN_PEPPER_ROOT;11452;17;11448;16;;;11475;13;11478;19;;;11463.5;0.0
yf_MKC_d0;2900;ASH_COATED_OSMIUM;10021;12;10019;14;;;10048;16;10052;21;;;10034.5;0.0
yf_MKC_d0;2900;INTARIAN_PEPPER_ROOT;11462;23;11460;23;;;11468;19;11472;21;;;11465.0;0.0
yf_MKC_d0;3000;ASH_COATED_OSMIUM;10031;23;10029;21;;;10037;14;10040;16;;;10034.0;0.0
yf_MKC_d0;3000;INTARIAN_PEPPER_ROOT;11462;16;11459;18;;;11468;14;11472;19;;;11465.0;0.0
yf_MKC_d0;3100;ASH_COATED_OSMIUM;10031;21;10027;26;;;10037;12;10040;16;;;10034.0;0.0
yf_MKC_d0;3100;INTARIAN_PEPPER_ROOT;11460;14;11456;24;;;11473;12;11475;26;;;11466.5;0.0
yf_MKC_d0;3200;ASH_COATED_OSMIUM;10029;17;10027;18;;;10039;8;10042;19;;;10034.0;0.0
yf_MKC_d0;3200;INTARIAN_PEPPER_ROOT;11465;5;11462;21;;;11471;17;11473;24;;;11468.0;0.0
yf_MKC_d0;3300;ASH_COATED_OSMIUM;10023;16;10021;12;;;10044;11;10046;11;;;10033.5;0.0
yf_MKC_d0;3300;INTARIAN_PEPPER_ROOT;11466;16;11464;16;;;11472;6;11476;29;;;11469.0;0.0
yf_MKC_d0;3400;ASH_COATED_OSMIUM;10031;14;10029;10;;;10037;20;10039;17;;;10034.0;0.0
yf_MKC_d0;3400;INTARIAN_PEPPER_ROOT;11466;9;11462;22;;;11472;13;11475;26;;;11469.0;0.0
yf_MKC_d0;3500;ASH_COATED_OSMIUM;10030;13;10026;27;;;10036;11;10040;19;;;10033.0;0.0
yf_MKC_d0;3500;INTARIAN_PEPPER_ROOT;11464;15;11461;26;;;11476;20;11479;21;;;11470.0;0.0
yf_MKC_d0;3600;ASH_COATED_OSMIUM;10031;14;10028;25;;;10037;12;10039;16;;;10034.0;0.0
yf_MKC_d0;3600;INTARIAN_PEPPER_ROOT;11469;19;11467;18;;;11475;12;11477;8;;;11472.0;0.0
yf_MKC_d0;3700;ASH_COATED_OSMIUM;10031;20;10028;15;;;10037;12;10039;15;;;10034.0;0.0
yf_MKC_d0;3700;INTARIAN_PEPPER_ROOT;11470;23;11467;22;;;11476;10;11479;21;;;11473.0;0.0
yf_MKC_d0;3800;ASH_COATED_OSMIUM;10030;24;10028;14;;;10036;9;10039;19;;;10033.0;0.0
yf_MKC_d0;3800;INTARIAN_PEPPER_ROOT;11471;15;11467;21;;;11477;18;11481;14;;;11474.0;0.0
yf_MKC_d0;3900;ASH_COATED_OSMIUM;10030;16;10027;12;;;10036;16;10040;22;;;10033.0;0.0
yf_MKC_d0;3900;INTARIAN_PEPPER_ROOT;11471;17;11469;17;;;11477;18;11481;16;;;11474.0;0.0
yf_MKC_d0;4000;ASH_COATED_OSMIUM;10030;17;10028;13;;;10036;13;10038;22;;;10033.0;0.0
yf_MKC_d0;4000;INTARIAN_PEPPER_ROOT;11469;15;11466;19;;;11482;5;11484;19;;;11475.5;0.0
yf_MKC_d0;4100;ASH_COATED_OSMIUM;10009;16;10007;9;;;10055;17;10058;18;;;10032.0;0.0
yf_MKC_d0;4100;INTARIAN_PEPPER_ROOT;11468;13;11466;23;;;11485;21;11489;21;;;11476.5;0.0
yf_MKC_d0;4200;ASH_COATED_OSMIUM;10030;17;10026;21;;;10036;12;10040;25;;;10033.0;0.0
yf_MKC_d0;4200;INTARIAN_PEPPER_ROOT;11474;21;11472;16;;;11480;21;11482;15;;;11477.0;0.0
yf_MKC_d0;4300;ASH_COATED_OSMIUM;10023;16;10021;13;;;10041;22;10044;23;;;10032.0;0.0
yf_MKC_d0;4300;INTARIAN_PEPPER_ROOT;11476;6;11473;15;;;11482;13;11485;26;;;11479.0;0.0
yf_MKC_d0;4400;ASH_COATED_OSMIUM;10029;12;10025;10;;;10036;11;10039;12;;;10032.5;0.0
yf_MKC_d0;4400;INTARIAN_PEPPER_ROOT;11476;9;11474;27;;;11482;21;11486;16;;;11479.0;0.0
yf_MKC_d0;4500;ASH_COATED_OSMIUM;10024;15;10020;15;;;10039;19;10041;25;;;10031.5;0.0
yf_MKC_d0;4500;INTARIAN_PEPPER_ROOT;11471;5;11469;19;;;11489;15;11493;27;;;11480.0;0.0
yf_MKC_d0;4600;ASH_COATED_OSMIUM;10029;19;10025;24;;;10035;14;10037;8;;;10032.0;0.0
yf_MKC_d0;4600;INTARIAN_PEPPER_ROOT;11470;12;11466;20;;;11491;17;11494;19;;;11480.5;0.0
yf_MKC_d0;4700;ASH_COATED_OSMIUM;10015;10;10011;24;;;10048;9;10051;19;;;10031.5;0.0
yf_MKC_d0;4700;INTARIAN_PEPPER_ROOT;11479;6;11476;25;;;11485;13;11489;10;;;11482.0;0.0
yf_MKC_d0;4800;ASH_COATED_OSMIUM;10029;14;10027;13;;;10035;14;10039;19;;;10032.0;0.0
yf_MKC_d0;4800;INTARIAN_PEPPER_ROOT;11480;9;11477;19;;;11486;23;11489;13;;;11483.0;0.0
yf_MKC_d0;4900;ASH_COATED_OSMIUM;10029;10;10025;23;;;10035;17;10039;28;;;10032.0;0.0
yf_MKC_d0;4900;INTARIAN_PEPPER_ROOT;11481;14;11478;24;;;11487;14;11489;24;;;11484.0;0.0
yf_MKC_d0;5000;ASH_COATED_OSMIUM;10028;5;10026;24;;;10034;7;10037;22;;;10031.0;0.0
yf_MKC_d0;5000;INTARIAN_PEPPER_ROOT;11481;12;11477;24;;;11489;21;11493;20;;;11485.0;0.0
yf_MKC_d0;5100;ASH_COATED_OSMIUM;10028;9;10024;16;;;10035;16;10038;30;;;10031.5;0.0
yf_MKC_d0;5100;INTARIAN_PEPPER_ROOT;11483;13;11479;22;;;11489;14;11491;22;;;11486.0;0.0
yf_MKC_d0;5200;ASH_COATED_OSMIUM;10027;13;10025;22;;;10034;14;10036;23;;;10030.5;0.0
yf_MKC_d0;5200;INTARIAN_PEPPER_ROOT;11484;8;11482;18;;;11490;12;11494;28;;;11487.0;0.0
yf_MKC_d0;5300;ASH_COATED_OSMIUM;10023;21;10021;18;;;10037;14;10039;21;;;10030.0;0.0
yf_MKC_d0;5300;INTARIAN_PEPPER_ROOT;11483;21;11479;13;;;11493;20;11497;18;;;11488.0;0.0
yf_MKC_d0;5400;ASH_COATED_OSMIUM;10028;11;10026;24;;;10034;12;10037;18;;;10031.0;0.0
yf_MKC_d0;5400;INTARIAN_PEPPER_ROOT;11486;19;11482;16;;;11492;10;11494;14;;;11489.0;0.0
yf_MKC_d0;5500;ASH_COATED_OSMIUM;10027;17;10024;18;;;10033;15;10036;12;;;10030.0;0.0
yf_MKC_d0;5500;INTARIAN_PEPPER_ROOT;11487;27;11484;19;;;11493;16;11496;18;;;11490.0;0.0
yf_MKC_d0;5600;ASH_COATED_OSMIUM;10027;25;10025;12;;;10033;16;10036;18;;;10030.0;0.0
yf_MKC_d0;5600;INTARIAN_PEPPER_ROOT;11487;14;11484;15;;;11493;16;11497;24;;;11490.0;0.0
yf_MKC_d0;5700;ASH_COATED_OSMIUM;10027;13;10024;28;;;10033;17;10035;13;;;10030.0;0.0
yf_MKC_d0;5700;INTARIAN_PEPPER_ROOT;11486;11;11482;21;;;11497;5;11501;11;;;11491.5;0.0
yf_MKC_d0;5800;ASH_COATED_OSMIUM;10023;10;10020;22;;;10037;18;10040;15;;;10030.0;0.0
yf_MKC_d0;5800;INTARIAN_PEPPER_ROOT;11490;12;11487;21;;;11496;18;11498;26;;;11493.0;0.0
yf_MKC_d0;5900;ASH_COATED_OSMIUM;10027;25;10024;14;;;10033;16;10036;24;;;10030.0;0.0
yf_MKC_d0;5900;INTARIAN_PEPPER_ROOT;11491;15;11488;15;;;11497;20;11499;22;;;11494.0;0.0
yf_MKC_d0;6000;ASH_COATED_OSMIUM;10027;13;10025;24;;;10033;5;10036;11;;;10030.0;0.0
yf_MKC_d0;6000;INTARIAN_PEPPER_ROOT;11487;10;11485;14;;;11501;7;11505;20;;;11494.0;0.0
yf_MKC_d0;6100;ASH_COATED_OSMIUM;10027;11;10023;8;;;10033;13;10036;19;;;10030.0;0.0
yf_MKC_d0;6100;INTARIAN_PEPPER_ROOT;11493;16;11489;9;;;11499;16;11502;24;;;11496.0;0.0
yf_MKC_d0;6200;ASH_COATED_OSMIUM;10020;25;10017;12;;;10039;20;10042;24;;;10029.5;0.0
yf_MKC_d0;6200;INTARIAN_PEPPER_ROOT;11493;15;11489;23;;;11499;17;11501;22;;;11496.0;0.0
yf_MKC_d0;6300;ASH_COATED_OSMIUM;10026;15;10023;31;;;10032;17;10034;23;;;10029.0;0.0
yf_MKC_d0;6300;INTARIAN_PEPPER_ROOT;11495;8;11491;18;;;11501;18;11503;23;;;11498.0;0.0
yf_MKC_d0;6400;ASH_COATED_OSMIUM;10026;11;10024;14;;;10032;15;10035;23;;;10029.0;0.0
yf_MKC_d0;6400;INTARIAN_PEPPER_ROOT;11495;13;11492;23;;;11501;11;11503;18;;;11498.0;0.0
yf_MKC_d0;6500;ASH_COATED_OSMIUM;10024;21;10022;13;;;10034;8;10038;12;;;10029.0;0.0
yf_MKC_d0;6500;INTARIAN_PEPPER_ROOT;11496;14;11493;26;;;11502;22;11505;30;;;11499.0;0.0
yf_MKC_d0;6600;ASH_COATED_OSMIUM;10026;10;10024;18;;;10032;15;10034;20;;;10029.0;0.0
yf_MKC_d0;6600;INTARIAN_PEPPER_ROOT;11497;16;11493;24;;;11503;22;11506;19;;;11500.0;0.0
yf_MKC_d0;6700;ASH_COATED_OSMIUM;10018;6;10016;25;;;10040;22;10043;25;;;10029.0;0.0
yf_MKC_d0;6700;INTARIAN_PEPPER_ROOT;11499;9;11497;15;;;11505;7;11509;26;;;11502.0;0.0
yf_MKC_d0;6800;ASH_COATED_OSMIUM;10011;26;10008;18;;;10047;17;10051;20;;;10029.0;0.0
yf_MKC_d0;6800;INTARIAN_PEPPER_ROOT;11488;15;11486;15;;;11517;14;11519;15;;;11502.5;0.0
yf_MKC_d0;6900;ASH_COATED_OSMIUM;10025;14;10021;16;;;10031;23;10033;14;;;10028.0;0.0
yf_MKC_d0;6900;INTARIAN_PEPPER_ROOT;11500;25;11496;20;;;11506;18;11508;22;;;11503.0;0.0
yf_MKC_d0;7000;ASH_COATED_OSMIUM;10024;15;10021;14;;;10031;17;10035;21;;;10027.5;0.0
yf_MKC_d0;7000;INTARIAN_PEPPER_ROOT;11500;16;11497;24;;;11509;19;11513;14;;;11504.5;0.0
yf_MKC_d0;7100;ASH_COATED_OSMIUM;10024;10;10022;18;;;10031;8;10034;20;;;10027.5;0.0
yf_MKC_d0;7100;INTARIAN_PEPPER_ROOT;11502;22;11499;23;;;11509;22;11513;32;;;11505.5;0.0
yf_MKC_d0;7200;ASH_COATED_OSMIUM;10025;21;10022;23;;;10031;13;10035;14;;;10028.0;0.0
yf_MKC_d0;7200;INTARIAN_PEPPER_ROOT;11503;16;11501;24;;;11509;13;11512;25;;;11506.0;0.0
yf_MKC_d0;7300;ASH_COATED_OSMIUM;10019;16;10016;16;;;10036;12;10038;22;;;10027.5;0.0
yf_MKC_d0;7300;INTARIAN_PEPPER_ROOT;11504;13;11500;19;;;11510;22;11513;11;;;11507.0;0.0
yf_MKC_d0;7400;ASH_COATED_OSMIUM;10018;19;10015;24;;;10037;17;10041;19;;;10027.5;0.0
yf_MKC_d0;7400;INTARIAN_PEPPER_ROOT;11505;10;11502;23;;;11511;22;11513;16;;;11508.0;0.0
yf_MKC_d0;7500;ASH_COATED_OSMIUM;10024;15;10020;14;;;10030;17;10032;16;;;10027.0;0.0
yf_MKC_d0;7500;INTARIAN_PEPPER_ROOT;11504;13;11500;22;;;11514;13;11516;26;;;11509.0;0.0
yf_MKC_d0;7600;ASH_COATED_OSMIUM;10024;14;10020;21;;;10031;18;10035;20;;;10027.5;0.0
yf_MKC_d0;7600;INTARIAN_PEPPER_ROOT;11507;17;11503;8;;;11513;9;11515;21;;;11510.0;0.0
yf_MKC_d0;7700;ASH_COATED_OSMIUM;10024;14;10020;23;;;10030;22;10034;17;;;10027.0;0.0
yf_MKC_d0;7700;INTARIAN_PEPPER_ROOT;11508;19;11504;27;;;11515;13;11518;19;;;11511.5;0.0
yf_MKC_d0;7800;ASH_COATED_OSMIUM;10023;15;10020;18;;;10029;5;10031;17;;;10026.0;0.0
yf_MKC_d0;7800;INTARIAN_PEPPER_ROOT;11506;7;11502;18;;;11518;21;11522;21;;;11512.0;0.0
yf_MKC_d0;7900;ASH_COATED_OSMIUM;10018;6;10016;21;;;10036;10;10038;24;;;10027.0;0.0
yf_MKC_d0;7900;INTARIAN_PEPPER_ROOT;11510;16;11508;24;;;11517;8;11521;24;;;11513.5;0.0
yf_MKC_d0;8000;ASH_COATED_OSMIUM;10023;10;10020;18;;;10029;24;10033;17;;;10026.0;0.0
yf_MKC_d0;8000;INTARIAN_PEPPER_ROOT;11511;18;11509;19;;;11517;12;11520;12;;;11514.0;0.0
yf_MKC_d0;8100;ASH_COATED_OSMIUM;10023;16;10021;12;;;10029;18;10033;23;;;10026.0;0.0
yf_MKC_d0;8100;INTARIAN_PEPPER_ROOT;11512;15;11509;23;;;11518;19;11522;15;;;11515.0;0.0
yf_MKC_d0;8200;ASH_COATED_OSMIUM;10022;18;10018;10;;;10029;9;10031;26;;;10025.5;0.0
yf_MKC_d0;8200;INTARIAN_PEPPER_ROOT;11494;13;11490;23;;;11538;21;11541;27;;;11516.0;0.0
yf_MKC_d0;8300;ASH_COATED_OSMIUM;10023;24;10020;21;;;10029;16;10032;19;;;10026.0;0.0
yf_MKC_d0;8300;INTARIAN_PEPPER_ROOT;11514;10;11510;18;;;11520;13;11522;15;;;11517.0;0.0
yf_MKC_d0;8400;ASH_COATED_OSMIUM;10018;5;10014;26;;;10034;6;10036;21;;;10026.0;0.0
yf_MKC_d0;8400;INTARIAN_PEPPER_ROOT;11513;25;11511;19;;;11523;14;11527;18;;;11518.0;0.0
yf_MKC_d0;8500;ASH_COATED_OSMIUM;10023;8;10021;21;;;10029;11;10031;8;;;10026.0;0.0
yf_MKC_d0;8500;INTARIAN_PEPPER_ROOT;11516;14;11512;18;;;11522;18;11525;20;;;11519.0;0.0
yf_MKC_d0;8600;ASH_COATED_OSMIUM;10023;10;10020;23;;;10029;19;10031;16;;;10026.0;0.0
yf_MKC_d0;8600;INTARIAN_PEPPER_ROOT;11517;10;11515;29;;;11523;19;11527;23;;;11520.0;0.0
yf_MKC_d0;8700;ASH_COATED_OSMIUM;10017;17;10013;18;;;10033;8;10037;33;;;10025.0;0.0
yf_MKC_d0;8700;INTARIAN_PEPPER_ROOT;11518;14;11516;21;;;11524;21;11526;29;;;11521.0;0.0
yf_MKC_d0;8800;ASH_COATED_OSMIUM;10022;18;10019;18;;;10028;9;10032;19;;;10025.0;0.0
yf_MKC_d0;8800;INTARIAN_PEPPER_ROOT;11513;13;11510;24;;;11529;19;11532;19;;;11521.0;0.0
yf_MKC_d0;8900;ASH_COATED_OSMIUM;10022;13;10018;17;;;10028;20;10031;19;;;10025.0;0.0
yf_MKC_d0;8900;INTARIAN_PEPPER_ROOT;11519;13;11517;17;;;11527;21;11530;25;;;11523.0;0.0
yf_MKC_d0;9000;ASH_COATED_OSMIUM;10022;15;10019;27;;;10028;16;10032;24;;;10025.0;0.0
yf_MKC_d0;9000;INTARIAN_PEPPER_ROOT;11521;15;11518;26;;;11527;19;11531;23;;;11524.0;0.0
yf_MKC_d0;9100;ASH_COATED_OSMIUM;10020;23;10016;28;;;10029;17;10032;18;;;10024.5;0.0
yf_MKC_d0;9100;INTARIAN_PEPPER_ROOT;11521;22;11518;14;;;11527;14;11531;16;;;11524.0;0.0
yf_MKC_d0;9200;ASH_COATED_OSMIUM;10018;15;10014;20;;;10032;14;10036;17;;;10025.0;0.0
yf_MKC_d0;9200;INTARIAN_PEPPER_ROOT;11523;19;11521;19;;;11529;21;11532;15;;;11526.0;0.0
yf_MKC_d0;9300;ASH_COATED_OSMIUM;10021;6;10017;12;;;10027;18;10030;18;;;10024.0;0.0
yf_MKC_d0;9300;INTARIAN_PEPPER_ROOT;11511;13;11507;23;;;11543;15;11547;14;;;11527.0;0.0
yf_MKC_d0;9400;ASH_COATED_OSMIUM;10021;20;10018;17;;;10027;16;10030;20;;;10024.0;0.0
yf_MKC_d0;9400;INTARIAN_PEPPER_ROOT;11524;16;11520;28;;;11530;21;11533;17;;;11527.0;0.0
yf_MKC_d0;9500;ASH_COATED_OSMIUM;10019;18;10017;17;;;10030;30;10034;20;;;10024.5;0.0
yf_MKC_d0;9500;INTARIAN_PEPPER_ROOT;11519;18;11517;22;;;11537;11;11540;21;;;11528.0;0.0
yf_MKC_d0;9600;ASH_COATED_OSMIUM;10021;18;10019;22;;;10027;17;10031;25;;;10024.0;0.0
yf_MKC_d0;9600;INTARIAN_PEPPER_ROOT;11526;9;11523;19;;;11532;21;11535;21;;;11529.0;0.0
yf_MKC_d0;9700;ASH_COATED_OSMIUM;10016;21;10012;16;;;10031;9;10034;20;;;10023.5;0.0
yf_MKC_d0;9700;INTARIAN_PEPPER_ROOT;11527;18;11523;23;;;11533;14;11536;24;;;11530.0;0.0
yf_MKC_d0;9800;ASH_COATED_OSMIUM;10021;19;10017;24;;;10027;13;10031;17;;;10024.0;0.0
yf_MKC_d0;9800;INTARIAN_PEPPER_ROOT;11526;16;11523;22;;;11537;9;11541;23;;;11531.5;0.0
yf_MKC_d0;9900;ASH_COATED_OSMIUM;10021;13;10018;20;;;10027;23;10029;12;;;10024.0;0.0
yf_MKC_d0;9900;INTARIAN_PEPPER_ROOT;11529;21;11527;16;;;11535;19;11537;24;;;11532.0;0.0
yf_MKC_d0;10000;ASH_COATED_OSMIUM;10001;14;9998;17;;;10045;5;10048;29;;;10023.0;0.0
yf_MKC_d0;10000;INTARIAN_PEPPER_ROOT;11530;11;11526;25;;;11536;5;11539;14;;;11533.0;0.0
yf_MKC_d0;10100;ASH_COATED_OSMIUM;10021;24;10019;22;;;10027;8;10030;23;;;10024.0;0.0
yf_MKC_d0;10100;INTARIAN_PEPPER_ROOT;11531;13;11528;16;;;11537;20;11541;9;;;11534.0;0.0
yf_MKC_d0;10200;ASH_COATED_OSMIUM;10020;18;10018;18;;;10026;22;10028;20;;;10023.0;0.0
yf_MKC_d0;10200;INTARIAN_PEPPER_ROOT;11531;5;11527;16;;;11538;17;11542;22;;;11534.5;0.0
yf_MKC_d0;10300;ASH_COATED_OSMIUM;10013;18;10009;17;;;10033;12;10035;18;;;10023.0;0.0
yf_MKC_d0;10300;INTARIAN_PEPPER_ROOT;11524;7;11522;22;;;11549;12;11552;22;;;11536.5;0.0
yf_MKC_d0;10400;ASH_COATED_OSMIUM;10018;21;10014;25;;;10027;17;10030;27;;;10022.5;0.0
yf_MKC_d0;10400;INTARIAN_PEPPER_ROOT;11534;17;11530;20;;;11540;16;11544;28;;;11537.0;0.0
yf_MKC_d0;10500;ASH_COATED_OSMIUM;10020;20;10017;26;;;10026;15;10028;21;;;10023.0;0.0
yf_MKC_d0;10500;INTARIAN_PEPPER_ROOT;11535;8;11531;22;;;11541;5;11544;22;;;11538.0;0.0
yf_MKC_d0;10600;ASH_COATED_OSMIUM;10019;12;10016;21;;;10025;14;10027;24;;;10022.0;0.0
yf_MKC_d0;10600;INTARIAN_PEPPER_ROOT;11536;12;11534;18;;;11543;17;11546;18;;;11539.5;0.0
yf_MKC_d0;10700;ASH_COATED_OSMIUM;10016;8;10014;31;;;10026;13;10029;27;;;10021.0;0.0
yf_MKC_d0;10700;INTARIAN_PEPPER_ROOT;11536;13;11532;12;;;11544;16;11546;21;;;11540.0;0.0
yf_MKC_d0;10800;ASH_COATED_OSMIUM;10019;17;10017;11;;;10025;27;10028;25;;;10022.0;0.0
yf_MKC_d0;10800;INTARIAN_PEPPER_ROOT;11538;18;11536;20;;;11544;13;11548;21;;;11541.0;0.0
yf_MKC_d0;10900;ASH_COATED_OSMIUM;10019;19;10017;24;;;10025;11;10027;8;;;10022.0;0.0
yf_MKC_d0;10900;INTARIAN_PEPPER_ROOT;11536;20;11534;13;;;11549;21;11551;19;;;11542.5;0.0
yf_MKC_d0;11000;ASH_COATED_OSMIUM;10017;25;10013;16;;;10025;12;10028;20;;;10021.0;0.0
yf_MKC_d0;11000;INTARIAN_PEPPER_ROOT;11538;13;11534;24;;;11549;14;11553;19;;;11543.5;0.0
yf_MKC_d0;11100;ASH_COATED_OSMIUM;10018;11;10014;28;;;10024;16;10026;11;;;10021.0;0.0
yf_MKC_d0;11100;INTARIAN_PEPPER_ROOT;11537;16;11534;14;;;11550;13;11552;13;;;11543.5;0.0
yf_MKC_d0;11200;ASH_COATED_OSMIUM;10017;13;10015;24;;;10025;6;10027;14;;;10021.0;0.0
yf_MKC_d0;11200;INTARIAN_PEPPER_ROOT;11533;12;11531;23;;;11558;11;11562;19;;;11545.5;0.0
yf_MKC_d0;11300;ASH_COATED_OSMIUM;10014;14;10010;21;;;10027;19;10029;16;;;10020.5;0.0
yf_MKC_d0;11300;INTARIAN_PEPPER_ROOT;11543;5;11540;21;;;11549;6;11551;25;;;11546.0;0.0
yf_MKC_d0;11400;ASH_COATED_OSMIUM;10018;26;10014;25;;;10024;15;10028;25;;;10021.0;0.0
yf_MKC_d0;11400;INTARIAN_PEPPER_ROOT;11538;18;11535;19;;;11554;15;11558;15;;;11546.0;0.0
yf_MKC_d0;11500;ASH_COATED_OSMIUM;10005;6;10003;12;;;10035;12;10037;15;;;10020.0;0.0
yf_MKC_d0;11500;INTARIAN_PEPPER_ROOT;11539;17;11537;18;;;11557;7;11560;15;;;11548.0;0.0
yf_MKC_d0;11600;ASH_COATED_OSMIUM;10018;8;10015;23;;;10024;5;10028;8;;;10021.0;0.0
yf_MKC_d0;11600;INTARIAN_PEPPER_ROOT;11544;13;11541;25;;;11553;14;11555;10;;;11548.5;0.0
yf_MKC_d0;11700;ASH_COATED_OSMIUM;10017;15;10013;19;;;10023;14;10026;14;;;10020.0;0.0
yf_MKC_d0;11700;INTARIAN_PEPPER_ROOT;11547;13;11543;24;;;11553;8;11555;29;;;11550.0;0.0
yf_MKC_d0;11800;ASH_COATED_OSMIUM;10001;24;9999;18;;;10040;17;10042;21;;;10020.5;0.0
yf_MKC_d0;11800;INTARIAN_PEPPER_ROOT;11542;25;11540;21;;;11559;10;11563;24;;;11550.5;0.0
yf_MKC_d0;11900;ASH_COATED_OSMIUM;10017;25;10013;20;;;10023;11;10027;21;;;10020.0;0.0
yf_MKC_d0;11900;INTARIAN_PEPPER_ROOT;11548;9;11546;20;;;11554;16;11556;12;;;11551.0;0.0
yf_MKC_d0;12000;ASH_COATED_OSMIUM;10017;17;10015;18;;;10023;15;10025;17;;;10020.0;0.0
yf_MKC_d0;12000;INTARIAN_PEPPER_ROOT;11548;13;11544;28;;;11558;13;11562;20;;;11553.0;0.0
yf_MKC_d0;12100;ASH_COATED_OSMIUM;10017;20;10014;19;;;10023;17;10025;26;;;10020.0;0.0
yf_MKC_d0;12100;INTARIAN_PEPPER_ROOT;11550;16;11548;18;;;11557;14;11561;18;;;11553.5;0.0
yf_MKC_d0;12200;ASH_COATED_OSMIUM;10016;20;10012;23;;;10023;22;10026;22;;;10019.5;0.0
yf_MKC_d0;12200;INTARIAN_PEPPER_ROOT;11547;19;11545;23;;;11563;18;11567;17;;;11555.0;0.0
yf_MKC_d0;12300;ASH_COATED_OSMIUM;10016;22;10012;22;;;10022;20;10026;20;;;10019.0;0.0
yf_MKC_d0;12300;INTARIAN_PEPPER_ROOT;11553;11;11549;13;;;11559;12;11562;19;;;11556.0;0.0
yf_MKC_d0;12400;ASH_COATED_OSMIUM;10017;14;10013;23;;;10023;8;10025;20;;;10020.0;0.0
yf_MKC_d0;12400;INTARIAN_PEPPER_ROOT;11554;5;11551;23;;;11560;16;11564;11;;;11557.0;0.0
yf_MKC_d0;12500;ASH_COATED_OSMIUM;10016;18;10013;20;;;10022;11;10024;21;;;10019.0;0.0
yf_MKC_d0;12500;INTARIAN_PEPPER_ROOT;11546;26;11542;25;;;11569;21;11573;21;;;11557.5;0.0
yf_MKC_d0;12600;ASH_COATED_OSMIUM;10013;11;10011;16;;;10026;8;10030;14;;;10019.5;0.0
yf_MKC_d0;12600;INTARIAN_PEPPER_ROOT;11555;23;11551;16;;;11561;17;11564;18;;;11558.0;0.0
yf_MKC_d0;12700;ASH_COATED_OSMIUM;10015;17;10013;22;;;10021;28;10025;22;;;10018.0;0.0
yf_MKC_d0;12700;INTARIAN_PEPPER_ROOT;11556;12;11552;25;;;11564;24;11567;12;;;11560.0;0.0
yf_MKC_d0;12800;ASH_COATED_OSMIUM;10016;22;10014;23;;;10022;7;10025;29;;;10019.0;0.0
yf_MKC_d0;12800;INTARIAN_PEPPER_ROOT;11557;22;11553;29;;;11564;21;11567;16;;;11560.5;0.0
yf_MKC_d0;12900;ASH_COATED_OSMIUM;10006;14;10002;18;;;10032;11;10036;19;;;10019.0;0.0
yf_MKC_d0;12900;INTARIAN_PEPPER_ROOT;11559;15;11555;20;;;11565;5;11568;29;;;11562.0;0.0
yf_MKC_d0;13000;ASH_COATED_OSMIUM;10015;17;10012;16;;;10022;21;10024;16;;;10018.5;0.0
yf_MKC_d0;13000;INTARIAN_PEPPER_ROOT;11551;14;11549;17;;;11573;13;11577;12;;;11562.0;0.0
yf_MKC_d0;13100;ASH_COATED_OSMIUM;10010;12;10008;15;;;10026;19;10030;21;;;10018.0;0.0
yf_MKC_d0;13100;INTARIAN_PEPPER_ROOT;11560;16;11557;10;;;11566;19;11570;12;;;11563.0;0.0
yf_MKC_d0;13200;ASH_COATED_OSMIUM;10013;16;10009;22;;;10023;8;10027;25;;;10018.0;0.0
yf_MKC_d0;13200;INTARIAN_PEPPER_ROOT;11560;21;11558;23;;;11567;17;11571;26;;;11563.5;0.0
yf_MKC_d0;13300;ASH_COATED_OSMIUM;10012;14;10008;11;;;10022;10;10026;26;;;10017.0;0.0
yf_MKC_d0;13300;INTARIAN_PEPPER_ROOT;11562;16;11558;27;;;11568;12;11572;18;;;11565.0;0.0
yf_MKC_d0;13400;ASH_COATED_OSMIUM;10015;13;10012;23;;;10021;12;10024;21;;;10018.0;0.0
yf_MKC_d0;13400;INTARIAN_PEPPER_ROOT;11541;9;11539;27;;;11591;18;11594;18;;;11566.0;0.0
yf_MKC_d0;13500;ASH_COATED_OSMIUM;10014;17;10011;14;;;10020;12;10023;18;;;10017.0;0.0
yf_MKC_d0;13500;INTARIAN_PEPPER_ROOT;11562;16;11559;22;;;11572;15;11575;11;;;11567.0;0.0
yf_MKC_d0;13600;ASH_COATED_OSMIUM;10015;15;10013;27;;;10021;6;10025;14;;;10018.0;0.0
yf_MKC_d0;13600;INTARIAN_PEPPER_ROOT;11565;15;11561;18;;;11571;20;11575;21;;;11568.0;0.0
yf_MKC_d0;13700;ASH_COATED_OSMIUM;10006;17;10004;20;;;10027;9;10029;22;;;10016.5;0.0
yf_MKC_d0;13700;INTARIAN_PEPPER_ROOT;11566;12;11562;28;;;11572;6;11575;21;;;11569.0;0.0
yf_MKC_d0;13800;ASH_COATED_OSMIUM;10014;19;10011;22;;;10020;20;10023;35;;;10017.0;0.0
yf_MKC_d0;13800;INTARIAN_PEPPER_ROOT;11565;14;11562;17;;;11574;22;11576;17;;;11569.5;0.0
yf_MKC_d0;13900;ASH_COATED_OSMIUM;10005;13;10001;18;;;10030;8;10032;19;;;10017.5;0.0
yf_MKC_d0;13900;INTARIAN_PEPPER_ROOT;11568;18;11566;19;;;11574;9;11577;10;;;11571.0;0.0
yf_MKC_d0;14000;ASH_COATED_OSMIUM;10014;7;10011;24;;;10020;16;10024;18;;;10017.0;0.0
yf_MKC_d0;14000;INTARIAN_PEPPER_ROOT;11569;14;11566;23;;;11575;9;11577;30;;;11572.0;0.0
yf_MKC_d0;14100;ASH_COATED_OSMIUM;10012;21;10009;14;;;10021;5;10024;20;;;10016.5;0.0
yf_MKC_d0;14100;INTARIAN_PEPPER_ROOT;11570;13;11566;17;;;11577;24;11580;16;;;11573.5;0.0
yf_MKC_d0;14200;ASH_COATED_OSMIUM;10014;16;10010;21;;;10020;21;10022;14;;;10017.0;0.0
yf_MKC_d0;14200;INTARIAN_PEPPER_ROOT;11563;5;11561;20;;;11584;17;11587;24;;;11573.5;0.0
yf_MKC_d0;14300;ASH_COATED_OSMIUM;10013;11;10010;21;;;10019;14;10022;29;;;10016.0;0.0
yf_MKC_d0;14300;INTARIAN_PEPPER_ROOT;11572;15;11570;20;;;11578;9;11582;30;;;11575.0;0.0
yf_MKC_d0;14400;ASH_COATED_OSMIUM;10013;6;10010;25;;;10019;14;10022;8;;;10016.0;0.0
yf_MKC_d0;14400;INTARIAN_PEPPER_ROOT;11573;18;11571;14;;;11579;15;11581;24;;;11576.0;0.0
yf_MKC_d0;14500;ASH_COATED_OSMIUM;10007;11;10005;29;;;10024;9;10028;19;;;10015.5;0.0
yf_MKC_d0;14500;INTARIAN_PEPPER_ROOT;11572;17;11568;14;;;11582;9;11585;22;;;11577.0;0.0
yf_MKC_d0;14600;ASH_COATED_OSMIUM;10013;10;10009;27;;;10019;16;10023;27;;;10016.0;0.0
yf_MKC_d0;14600;INTARIAN_PEPPER_ROOT;11574;14;11570;22;;;11580;17;11584;8;;;11577.0;0.0
yf_MKC_d0;14700;ASH_COATED_OSMIUM;10013;24;10009;17;;;10019;17;10021;12;;;10016.0;0.0
yf_MKC_d0;14700;INTARIAN_PEPPER_ROOT;11576;13;11574;24;;;11582;14;11586;9;;;11579.0;0.0
yf_MKC_d0;14800;ASH_COATED_OSMIUM;10013;17;10009;15;;;10019;10;10021;13;;;10016.0;0.0
yf_MKC_d0;14800;INTARIAN_PEPPER_ROOT;11569;21;11567;17;;;11590;7;11593;22;;;11579.5;0.0
yf_MKC_d0;14900;ASH_COATED_OSMIUM;10012;11;10008;20;;;10019;18;10021;23;;;10015.5;0.0
yf_MKC_d0;14900;INTARIAN_PEPPER_ROOT;11577;11;11574;14;;;11583;24;11586;19;;;11580.0;0.0
yf_MKC_d0;15000;ASH_COATED_OSMIUM;10013;16;10011;20;;;10019;17;10023;11;;;10016.0;0.0
yf_MKC_d0;15000;INTARIAN_PEPPER_ROOT;11573;12;11570;20;;;11588;17;11591;22;;;11580.5;0.0
yf_MKC_d0;15100;ASH_COATED_OSMIUM;10012;15;10010;18;;;10019;15;10022;25;;;10015.5;0.0
yf_MKC_d0;15100;INTARIAN_PEPPER_ROOT;11579;5;11575;19;;;11585;12;11589;20;;;11582.0;0.0
yf_MKC_d0;15200;ASH_COATED_OSMIUM;10012;15;10009;18;;;10018;10;10021;12;;;10015.0;0.0
yf_MKC_d0;15200;INTARIAN_PEPPER_ROOT;11581;7;11577;22;;;11587;17;11590;22;;;11584.0;0.0
yf_MKC_d0;15300;ASH_COATED_OSMIUM;10012;22;10008;22;;;10018;14;10020;18;;;10015.0;0.0
yf_MKC_d0;15300;INTARIAN_PEPPER_ROOT;11575;15;11572;22;;;11594;12;11597;17;;;11584.5;0.0
yf_MKC_d0;15400;ASH_COATED_OSMIUM;10012;17;10009;9;;;10018;8;10022;16;;;10015.0;0.0
yf_MKC_d0;15400;INTARIAN_PEPPER_ROOT;11583;14;11579;17;;;11589;22;11592;19;;;11586.0;0.0
yf_MKC_d0;15500;ASH_COATED_OSMIUM;10011;11;10007;14;;;10018;5;10020;26;;;10014.5;0.0
yf_MKC_d0;15500;INTARIAN_PEPPER_ROOT;11583;25;11581;16;;;11589;15;11593;20;;;11586.0;0.0
yf_MKC_d0;15600;ASH_COATED_OSMIUM;10012;12;10008;20;;;10018;20;10021;16;;;10015.0;0.0
yf_MKC_d0;15600;INTARIAN_PEPPER_ROOT;11583;20;11581;16;;;11592;16;11595;18;;;11587.5;0.0
yf_MKC_d0;15700;ASH_COATED_OSMIUM;10011;20;10008;21;;;10017;16;10021;29;;;10014.0;0.0
yf_MKC_d0;15700;INTARIAN_PEPPER_ROOT;11584;20;11580;19;;;11593;19;11597;16;;;11588.5;0.0
yf_MKC_d0;15800;ASH_COATED_OSMIUM;10012;20;10008;21;;;10018;5;10022;18;;;10015.0;0.0
yf_MKC_d0;15800;INTARIAN_PEPPER_ROOT;11586;16;11584;17;;;11592;19;11595;21;;;11589.0;0.0
yf_MKC_d0;15900;ASH_COATED_OSMIUM;10011;20;10009;18;;;10017;16;10021;17;;;10014.0;0.0
yf_MKC_d0;15900;INTARIAN_PEPPER_ROOT;11587;9;11585;24;;;11593;8;11597;24;;;11590.0;0.0
yf_MKC_d0;16000;ASH_COATED_OSMIUM;10011;17;10009;23;;;10017;5;10021;25;;;10014.0;0.0
yf_MKC_d0;16000;INTARIAN_PEPPER_ROOT;11585;13;11582;20;;;11597;20;11601;24;;;11591.0;0.0
yf_MKC_d0;16100;ASH_COATED_OSMIUM;9993;15;9989;24;;;10033;16;10037;12;;;10013.0;0.0
yf_MKC_d0;16100;INTARIAN_PEPPER_ROOT;11590;14;11587;27;;;11596;11;11599;15;;;11593.0;0.0
yf_MKC_d0;16200;ASH_COATED_OSMIUM;10008;19;10004;23;;;10018;8;10021;18;;;10013.0;0.0
yf_MKC_d0;16200;INTARIAN_PEPPER_ROOT;11590;18;11588;15;;;11596;19;11598;17;;;11593.0;0.0
yf_MKC_d0;16300;ASH_COATED_OSMIUM;10002;21;10000;24;;;10023;15;10027;21;;;10012.5;0.0
yf_MKC_d0;16300;INTARIAN_PEPPER_ROOT;11591;21;11589;22;;;11597;17;11599;15;;;11594.0;0.0
yf_MKC_d0;16400;ASH_COATED_OSMIUM;10010;12;10007;20;;;10016;18;10018;26;;;10013.0;0.0
yf_MKC_d0;16400;INTARIAN_PEPPER_ROOT;11592;15;11590;23;;;11599;16;11602;15;;;11595.5;0.0
yf_MKC_d0;16500;ASH_COATED_OSMIUM;10010;17;10008;21;;;10016;12;10019;11;;;10013.0;0.0
yf_MKC_d0;16500;INTARIAN_PEPPER_ROOT;11593;16;11590;14;;;11599;11;11601;14;;;11596.0;0.0
yf_MKC_d0;16600;ASH_COATED_OSMIUM;10009;18;10005;22;;;10015;16;10018;25;;;10012.0;0.0
yf_MKC_d0;16600;INTARIAN_PEPPER_ROOT;11583;11;11581;20;;;11610;14;11613;16;;;11596.5;0.0
yf_MKC_d0;16700;ASH_COATED_OSMIUM;10009;11;10007;14;;;10015;14;10017;10;;;10012.0;0.0
yf_MKC_d0;16700;INTARIAN_PEPPER_ROOT;11595;21;11591;25;;;11601;11;11604;20;;;11598.0;0.0
yf_MKC_d0;16800;ASH_COATED_OSMIUM;10009;15;10007;14;;;10015;9;10019;20;;;10012.0;0.0
yf_MKC_d0;16800;INTARIAN_PEPPER_ROOT;11587;13;11585;16;;;11611;21;11614;18;;;11599.0;0.0
yf_MKC_d0;16900;ASH_COATED_OSMIUM;10009;23;10006;25;;;10015;14;10019;20;;;10012.0;0.0
yf_MKC_d0;16900;INTARIAN_PEPPER_ROOT;11591;16;11589;19;;;11609;9;11611;23;;;11600.0;0.0
yf_MKC_d0;17000;ASH_COATED_OSMIUM;10010;9;10007;30;;;10016;16;10020;13;;;10013.0;0.0
yf_MKC_d0;17000;INTARIAN_PEPPER_ROOT;11598;16;11595;15;;;11604;12;11607;18;;;11601.0;0.0
yf_MKC_d0;17100;ASH_COATED_OSMIUM;10009;9;10007;25;;;10015;11;10018;12;;;10012.0;0.0
yf_MKC_d0;17100;INTARIAN_PEPPER_ROOT;11599;5;11596;25;;;11605;13;11609;16;;;11602.0;0.0
yf_MKC_d0;17200;ASH_COATED_OSMIUM;10009;8;10007;19;;;10015;12;10019;20;;;10012.0;0.0
yf_MKC_d0;17200;INTARIAN_PEPPER_ROOT;11600;13;11598;8;;;11606;17;11609;14;;;11603.0;0.0
yf_MKC_d0;17300;ASH_COATED_OSMIUM;10010;16;10007;25;;;10016;10;10019;18;;;10013.0;0.0
yf_MKC_d0;17300;INTARIAN_PEPPER_ROOT;11594;11;11590;12;;;11613;12;11617;18;;;11603.5;0.0
yf_MKC_d0;17400;ASH_COATED_OSMIUM;10007;16;10005;16;;;10019;10;10023;14;;;10013.0;0.0
yf_MKC_d0;17400;INTARIAN_PEPPER_ROOT;11601;13;11598;18;;;11607;11;11611;28;;;11604.0;0.0
yf_MKC_d0;17500;ASH_COATED_OSMIUM;10009;21;10005;20;;;10015;8;10017;16;;;10012.0;0.0
yf_MKC_d0;17500;INTARIAN_PEPPER_ROOT;11602;22;11598;21;;;11608;14;11610;17;;;11605.0;0.0
yf_MKC_d0;17600;ASH_COATED_OSMIUM;10010;22;10007;18;;;10016;11;10018;9;;;10013.0;0.0
yf_MKC_d0;17600;INTARIAN_PEPPER_ROOT;11603;29;11601;26;;;11609;21;11612;21;;;11606.0;0.0
yf_MKC_d0;17700;ASH_COATED_OSMIUM;9992;6;9988;30;;;10035;22;10038;13;;;10013.5;0.0
yf_MKC_d0;17700;INTARIAN_PEPPER_ROOT;11598;6;11595;14;;;11615;17;11619;15;;;11606.5;0.0
yf_MKC_d0;17800;ASH_COATED_OSMIUM;10010;13;10007;22;;;10016;5;10019;16;;;10013.0;0.0
yf_MKC_d0;17800;INTARIAN_PEPPER_ROOT;11605;11;11603;24;;;11611;15;11613;18;;;11608.0;0.0
yf_MKC_d0;17900;ASH_COATED_OSMIUM;10009;14;10007;23;;;10016;8;10020;20;;;10012.5;0.0
yf_MKC_d0;17900;INTARIAN_PEPPER_ROOT;11604;14;11602;20;;;11615;23;11619;17;;;11609.5;0.0
yf_MKC_d0;18000;ASH_COATED_OSMIUM;10009;14;10007;21;;;10017;17;10019;14;;;10013.0;0.0
yf_MKC_d0;18000;INTARIAN_PEPPER_ROOT;11607;14;11603;27;;;11613;10;11615;21;;;11610.0;0.0
yf_MKC_d0;18100;ASH_COATED_OSMIUM;10010;12;10006;15;;;10016;16;10020;22;;;10013.0;0.0
yf_MKC_d0;18100;INTARIAN_PEPPER_ROOT;11608;11;11606;17;;;11614;19;11618;20;;;11611.0;0.0
yf_MKC_d0;18200;ASH_COATED_OSMIUM;10008;18;10006;22;;;10017;5;10021;23;;;10012.5;0.0
yf_MKC_d0;18200;INTARIAN_PEPPER_ROOT;11609;14;11606;10;;;11615;15;11617;16;;;11612.0;0.0
yf_MKC_d0;18300;ASH_COATED_OSMIUM;10010;16;10007;16;;;10016;16;10020;23;;;10013.0;0.0
yf_MKC_d0;18300;INTARIAN_PEPPER_ROOT;11609;6;11605;26;;;11615;19;11619;30;;;11612.0;0.0
yf_MKC_d0;18400;ASH_COATED_OSMIUM;10011;8;10009;24;;;10017;17;10019;21;;;10014.0;0.0
yf_MKC_d0;18400;INTARIAN_PEPPER_ROOT;11610;11;11608;20;;;11616;19;11618;26;;;11613.0;0.0
yf_MKC_d0;18500;ASH_COATED_OSMIUM;10007;15;10004;14;;;10019;17;10022;15;;;10013.0;0.0
yf_MKC_d0;18500;INTARIAN_PEPPER_ROOT;11602;17;11598;13;;;11626;23;11630;15;;;11614.0;0.0
yf_MKC_d0;18600;ASH_COATED_OSMIUM;9999;10;9995;27;;;10028;10;10030;21;;;10013.5;0.0
yf_MKC_d0;18600;INTARIAN_PEPPER_ROOT;11604;17;11602;18;;;11625;19;11627;26;;;11614.5;0.0
yf_MKC_d0;18700;ASH_COATED_OSMIUM;10011;11;10007;23;;;10017;17;10021;13;;;10014.0;0.0
yf_MKC_d0;18700;INTARIAN_PEPPER_ROOT;11613;27;11611;24;;;11619;18;11621;25;;;11616.0;0.0
yf_MKC_d0;18800;ASH_COATED_OSMIUM;10010;17;10006;22;;;10020;16;10022;21;;;10015.0;0.0
yf_MKC_d0;18800;INTARIAN_PEPPER_ROOT;11614;17;11610;20;;;11620;11;11623;14;;;11617.0;0.0
yf_MKC_d0;18900;ASH_COATED_OSMIUM;10011;14;10008;15;;;10017;16;10019;16;;;10014.0;0.0
yf_MKC_d0;18900;INTARIAN_PEPPER_ROOT;11615;17;11611;15;;;11621;6;11625;13;;;11618.0;0.0
yf_MKC_d0;19000;ASH_COATED_OSMIUM;10011;14;10008;16;;;10017;17;10021;31;;;10014.0;0.0
yf_MKC_d0;19000;INTARIAN_PEPPER_ROOT;11615;18;11613;13;;;11622;19;11625;17;;;11618.5;0.0
yf_MKC_d0;19100;ASH_COATED_OSMIUM;10007;6;10004;14;;;10021;16;10023;16;;;10014.0;0.0
yf_MKC_d0;19100;INTARIAN_PEPPER_ROOT;11616;12;11614;26;;;11622;16;11626;23;;;11619.0;0.0
yf_MKC_d0;19200;ASH_COATED_OSMIUM;10011;14;10007;18;;;10017;11;10019;18;;;10014.0;0.0
yf_MKC_d0;19200;INTARIAN_PEPPER_ROOT;11617;14;11615;30;;;11623;6;11627;19;;;11620.0;0.0
yf_MKC_d0;19300;ASH_COATED_OSMIUM;10011;16;10007;9;;;10017;15;10021;8;;;10014.0;0.0
yf_MKC_d0;19300;INTARIAN_PEPPER_ROOT;11616;8;11614;17;;;11626;16;11630;20;;;11621.0;0.0
yf_MKC_d0;19400;ASH_COATED_OSMIUM;10011;19;10007;23;;;10017;9;10021;26;;;10014.0;0.0
yf_MKC_d0;19400;INTARIAN_PEPPER_ROOT;11619;17;11616;15;;;11625;5;11629;21;;;11622.0;0.0
yf_MKC_d0;19500;ASH_COATED_OSMIUM;10011;16;10008;17;;;10017;13;10021;23;;;10014.0;0.0
yf_MKC_d0;19500;INTARIAN_PEPPER_ROOT;11620;9;11617;10;;;11626;13;11630;23;;;11623.0;0.0
yf_MKC_d0;19600;ASH_COATED_OSMIUM;10009;16;10007;22;;;10020;7;10024;17;;;10014.5;0.0
yf_MKC_d0;19600;INTARIAN_PEPPER_ROOT;11621;5;11617;22;;;11627;16;11631;21;;;11624.0;0.0
yf_MKC_d0;19700;ASH_COATED_OSMIUM;10012;15;10010;24;;;10018;5;10020;22;;;10015.0;0.0
yf_MKC_d0;19700;INTARIAN_PEPPER_ROOT;11621;13;11619;8;;;11629;14;11633;24;;;11625.0;0.0
yf_MKC_d0;19800;ASH_COATED_OSMIUM;10011;13;10009;19;;;10017;22;10019;17;;;10014.0;0.0
yf_MKC_d0;19800;INTARIAN_PEPPER_ROOT;11623;20;11621;17;;;11629;17;11632;10;;;11626.0;0.0
yf_MKC_d0;19900;ASH_COATED_OSMIUM;10009;12;10006;14;;;10020;14;10024;20;;;10014.5;0.0
yf_MKC_d0;19900;INTARIAN_PEPPER_ROOT;11623;12;11620;15;;;11629;9;11632;19;;;11626.0;0.0
yf_MKC_d0;20000;ASH_COATED_OSMIUM;10003;20;10001;15;;;10028;13;10031;16;;;10015.5;0.0
yf_MKC_d0;20000;INTARIAN_PEPPER_ROOT;11622;18;11618;22;;;11633;10;11635;14;;;11627.5;0.0
yf_MKC_d0;20100;ASH_COATED_OSMIUM;10012;7;10008;25;;;10018;7;10022;17;;;10015.0;0.0
yf_MKC_d0;20100;INTARIAN_PEPPER_ROOT;11623;6;11621;25;;;11634;15;11636;18;;;11628.5;0.0
yf_MKC_d0;20200;ASH_COATED_OSMIUM;10012;19;10008;15;;;10018;12;10020;13;;;10015.0;0.0
yf_MKC_d0;20200;INTARIAN_PEPPER_ROOT;11626;11;11623;24;;;11632;21;11636;19;;;11629.0;0.0
yf_MKC_d0;20300;ASH_COATED_OSMIUM;10012;13;10010;22;;;10018;7;10020;19;;;10015.0;0.0
yf_MKC_d0;20300;INTARIAN_PEPPER_ROOT;11624;13;11620;23;;;11634;13;11636;25;;;11629.0;0.0
yf_MKC_d0;20400;ASH_COATED_OSMIUM;10012;16;10009;19;;;10019;5;10022;16;;;10015.5;0.0
yf_MKC_d0;20400;INTARIAN_PEPPER_ROOT;11622;17;11619;24;;;11639;12;11642;25;;;11630.5;0.0
yf_MKC_d0;20500;ASH_COATED_OSMIUM;10013;10;10010;13;;;10019;24;10022;16;;;10016.0;0.0
yf_MKC_d0;20500;INTARIAN_PEPPER_ROOT;11629;13;11625;14;;;11635;17;11638;19;;;11632.0;0.0
yf_MKC_d0;20600;ASH_COATED_OSMIUM;10012;23;10009;20;;;10019;8;10023;12;;;10015.5;0.0
yf_MKC_d0;20600;INTARIAN_PEPPER_ROOT;11630;15;11628;25;;;11636;17;11640;23;;;11633.0;0.0
yf_MKC_d0;20700;ASH_COATED_OSMIUM;10005;19;10001;33;;;10027;19;10029;24;;;10016.0;0.0
yf_MKC_d0;20700;INTARIAN_PEPPER_ROOT;11629;18;11625;22;;;11638;13;11642;14;;;11633.5;0.0
yf_MKC_d0;20800;ASH_COATED_OSMIUM;10013;14;10009;23;;;10019;9;10022;27;;;10016.0;0.0
yf_MKC_d0;20800;INTARIAN_PEPPER_ROOT;11627;16;11623;27;;;11642;13;11644;28;;;11634.5;0.0
yf_MKC_d0;20900;ASH_COATED_OSMIUM;10011;13;10009;18;;;10020;7;10023;18;;;10015.5;0.0
yf_MKC_d0;20900;INTARIAN_PEPPER_ROOT;11632;13;11630;20;;;11638;14;11641;19;;;11635.0;0.0
yf_MKC_d0;21000;ASH_COATED_OSMIUM;10001;18;9999;21;;;10030;9;10034;25;;;10015.5;0.0
yf_MKC_d0;21000;INTARIAN_PEPPER_ROOT;11633;13;11631;23;;;11639;15;11642;20;;;11636.0;0.0
yf_MKC_d0;21100;ASH_COATED_OSMIUM;10013;18;10009;20;;;10020;19;10022;26;;;10016.5;0.0
yf_MKC_d0;21100;INTARIAN_PEPPER_ROOT;11627;5;11624;25;;;11646;10;11649;20;;;11636.5;0.0
yf_MKC_d0;21200;ASH_COATED_OSMIUM;10009;14;10005;23;;;10023;11;10026;24;;;10016.0;0.0
yf_MKC_d0;21200;INTARIAN_PEPPER_ROOT;11635;19;11633;25;;;11641;14;11643;16;;;11638.0;0.0
yf_MKC_d0;21300;ASH_COATED_OSMIUM;10009;15;10007;27;;;10023;7;10026;22;;;10016.0;0.0
yf_MKC_d0;21300;INTARIAN_PEPPER_ROOT;11635;18;11633;17;;;11643;14;11646;24;;;11639.0;0.0
yf_MKC_d0;21400;ASH_COATED_OSMIUM;10011;10;10008;17;;;10020;7;10022;19;;;10015.5;0.0
yf_MKC_d0;21400;INTARIAN_PEPPER_ROOT;11637;12;11633;12;;;11643;14;11647;28;;;11640.0;0.0
yf_MKC_d0;21500;ASH_COATED_OSMIUM;10013;9;10011;19;;;10019;7;10021;30;;;10016.0;0.0
yf_MKC_d0;21500;INTARIAN_PEPPER_ROOT;11636;19;11634;16;;;11643;10;11645;17;;;11639.5;0.0
yf_MKC_d0;21600;ASH_COATED_OSMIUM;10007;12;10005;26;;;10025;19;10027;12;;;10016.0;0.0
yf_MKC_d0;21600;INTARIAN_PEPPER_ROOT;11638;22;11634;28;;;11644;13;11647;17;;;11641.0;0.0
yf_MKC_d0;21700;ASH_COATED_OSMIUM;10013;10;10010;16;;;10019;14;10021;21;;;10016.0;0.0
yf_MKC_d0;21700;INTARIAN_PEPPER_ROOT;11640;15;11638;16;;;11646;16;11648;20;;;11643.0;0.0
yf_MKC_d0;21800;ASH_COATED_OSMIUM;10011;5;10009;30;;;10024;16;10028;16;;;10017.5;0.0
yf_MKC_d0;21800;INTARIAN_PEPPER_ROOT;11640;5;11637;12;;;11646;12;11650;8;;;11643.0;0.0
yf_MKC_d0;21900;ASH_COATED_OSMIUM;10008;11;10005;19;;;10025;16;10028;19;;;10016.5;0.0
yf_MKC_d0;21900;INTARIAN_PEPPER_ROOT;11641;7;11638;12;;;11647;12;11649;28;;;11644.0;0.0
yf_MKC_d0;22000;ASH_COATED_OSMIUM;10014;5;10012;22;;;10020;30;10023;28;;;10017.0;0.0
yf_MKC_d0;22000;INTARIAN_PEPPER_ROOT;11642;17;11638;15;;;11648;14;11650;18;;;11645.0;0.0
yf_MKC_d0;22100;ASH_COATED_OSMIUM;10013;10;10009;27;;;10019;11;10021;19;;;10016.0;0.0
yf_MKC_d0;22100;INTARIAN_PEPPER_ROOT;11643;20;11639;19;;;11649;18;11653;20;;;11646.0;0.0
yf_MKC_d0;22200;ASH_COATED_OSMIUM;10014;14;10011;26;;;10020;12;10022;22;;;10017.0;0.0
yf_MKC_d0;22200;INTARIAN_PEPPER_ROOT;11635;16;11631;15;;;11659;13;11661;20;;;11647.0;0.0
yf_MKC_d0;22300;ASH_COATED_OSMIUM;10014;27;10010;19;;;10020;11;10022;25;;;10017.0;0.0
yf_MKC_d0;22300;INTARIAN_PEPPER_ROOT;11644;5;11642;18;;;11650;12;11653;20;;;11647.0;0.0
yf_MKC_d0;22400;ASH_COATED_OSMIUM;10014;5;10012;20;;;10020;13;10023;22;;;10017.0;0.0
yf_MKC_d0;22400;INTARIAN_PEPPER_ROOT;11645;5;11642;23;;;11652;14;11654;13;;;11648.5;0.0
yf_MKC_d0;22500;ASH_COATED_OSMIUM;10011;6;10007;19;;;10023;9;10025;22;;;10017.0;0.0
yf_MKC_d0;22500;INTARIAN_PEPPER_ROOT;11646;13;11644;13;;;11652;17;11654;20;;;11649.0;0.0
yf_MKC_d0;22600;ASH_COATED_OSMIUM;10014;8;10010;20;;;10020;10;10024;10;;;10017.0;0.0
yf_MKC_d0;22600;INTARIAN_PEPPER_ROOT;11643;19;11639;20;;;11658;12;11661;19;;;11650.5;0.0
yf_MKC_d0;22700;ASH_COATED_OSMIUM;10012;15;10009;19;;;10023;19;10025;18;;;10017.5;0.0
yf_MKC_d0;22700;INTARIAN_PEPPER_ROOT;11648;17;11645;16;;;11654;14;11658;17;;;11651.0;0.0
yf_MKC_d0;22800;ASH_COATED_OSMIUM;10015;8;10012;20;;;10021;11;10023;8;;;10018.0;0.0
yf_MKC_d0;22800;INTARIAN_PEPPER_ROOT;11648;11;11646;27;;;11657;21;11659;13;;;11652.5;0.0
yf_MKC_d0;22900;ASH_COATED_OSMIUM;10014;24;10011;21;;;10020;19;10023;15;;;10017.0;0.0
yf_MKC_d0;22900;INTARIAN_PEPPER_ROOT;11651;11;11648;18;;;11657;16;11661;11;;;11654.0;0.0
yf_MKC_d0;23000;ASH_COATED_OSMIUM;10007;8;10004;21;;;10028;19;10031;24;;;10017.5;0.0
yf_MKC_d0;23000;INTARIAN_PEPPER_ROOT;11644;9;11642;18;;;11664;11;11668;14;;;11654.0;0.0
yf_MKC_d0;23100;ASH_COATED_OSMIUM;10010;15;10006;8;;;10025;15;10029;28;;;10017.5;0.0
yf_MKC_d0;23100;INTARIAN_PEPPER_ROOT;11651;11;11649;20;;;11657;15;11660;26;;;11654.0;0.0
yf_MKC_d0;23200;ASH_COATED_OSMIUM;10015;18;10011;21;;;10021;19;10025;26;;;10018.0;0.0
yf_MKC_d0;23200;INTARIAN_PEPPER_ROOT;11652;18;11648;32;;;11658;10;11662;24;;;11655.0;0.0
yf_MKC_d0;23300;ASH_COATED_OSMIUM;10015;15;10011;8;;;10021;10;10024;19;;;10018.0;0.0
yf_MKC_d0;23300;INTARIAN_PEPPER_ROOT;11653;30;11651;23;;;11659;15;11662;25;;;11656.0;0.0
yf_MKC_d0;23400;ASH_COATED_OSMIUM;10015;19;10012;18;;;10021;22;10024;12;;;10018.0;0.0
yf_MKC_d0;23400;INTARIAN_PEPPER_ROOT;11654;12;11651;9;;;11660;19;11664;25;;;11657.0;0.0
yf_MKC_d0;23500;ASH_COATED_OSMIUM;10015;13;10012;22;;;10021;27;10024;18;;;10018.0;0.0
yf_MKC_d0;23500;INTARIAN_PEPPER_ROOT;11652;22;11650;17;;;11664;20;11667;21;;;11658.0;0.0
yf_MKC_d0;23600;ASH_COATED_OSMIUM;10015;19;10011;24;;;10021;18;10023;17;;;10018.0;0.0
yf_MKC_d0;23600;INTARIAN_PEPPER_ROOT;11656;23;11653;14;;;11662;10;11664;13;;;11659.0;0.0
yf_MKC_d0;23700;ASH_COATED_OSMIUM;10014;13;10011;19;;;10023;13;10025;19;;;10018.5;0.0
yf_MKC_d0;23700;INTARIAN_PEPPER_ROOT;11633;22;11629;16;;;11686;14;11688;18;;;11659.5;0.0
yf_MKC_d0;23800;ASH_COATED_OSMIUM;10008;10;10005;18;;;10029;15;10033;19;;;10018.5;0.0
yf_MKC_d0;23800;INTARIAN_PEPPER_ROOT;11658;17;11654;28;;;11664;13;11668;29;;;11661.0;0.0
yf_MKC_d0;23900;ASH_COATED_OSMIUM;10008;16;10006;33;;;10027;19;10031;27;;;10017.5;0.0
yf_MKC_d0;23900;INTARIAN_PEPPER_ROOT;11659;15;11657;22;;;11665;8;11667;16;;;11662.0;0.0
yf_MKC_d0;24000;ASH_COATED_OSMIUM;10004;7;10002;12;;;10033;11;10035;19;;;10018.5;0.0
yf_MKC_d0;24000;INTARIAN_PEPPER_ROOT;11651;13;11648;20;;;11675;20;11677;28;;;11663.0;0.0
yf_MKC_d0;24100;ASH_COATED_OSMIUM;10016;15;10013;22;;;10022;15;10026;18;;;10019.0;0.0
yf_MKC_d0;24100;INTARIAN_PEPPER_ROOT;11660;18;11656;20;;;11666;20;11670;21;;;11663.0;0.0
yf_MKC_d0;24200;ASH_COATED_OSMIUM;10016;11;10014;19;;;10022;8;10025;27;;;10019.0;0.0
yf_MKC_d0;24200;INTARIAN_PEPPER_ROOT;11659;13;11655;23;;;11671;20;11675;30;;;11665.0;0.0
yf_MKC_d0;24300;ASH_COATED_OSMIUM;10015;17;10013;27;;;10022;11;10026;22;;;10018.5;0.0
yf_MKC_d0;24300;INTARIAN_PEPPER_ROOT;11662;13;11658;13;;;11668;10;11670;23;;;11665.0;0.0
yf_MKC_d0;24400;ASH_COATED_OSMIUM;10010;20;10007;21;;;10028;15;10032;26;;;10019.0;0.0
yf_MKC_d0;24400;INTARIAN_PEPPER_ROOT;11663;12;11660;12;;;11670;15;11672;17;;;11666.5;0.0
yf_MKC_d0;24500;ASH_COATED_OSMIUM;10005;15;10002;20;;;10034;20;10038;22;;;10019.5;0.0
yf_MKC_d0;24500;INTARIAN_PEPPER_ROOT;11664;20;11662;17;;;11670;17;11674;12;;;11667.0;0.0
yf_MKC_d0;24600;ASH_COATED_OSMIUM;10014;18;10012;18;;;10025;10;10029;19;;;10019.5;0.0
yf_MKC_d0;24600;INTARIAN_PEPPER_ROOT;11664;16;11662;15;;;11671;22;11674;32;;;11667.5;0.0
yf_MKC_d0;24700;ASH_COATED_OSMIUM;10016;10;10013;20;;;10022;9;10024;20;;;10019.0;0.0
yf_MKC_d0;24700;INTARIAN_PEPPER_ROOT;11666;24;11662;23;;;11672;11;11676;24;;;11669.0;0.0
yf_MKC_d0;24800;ASH_COATED_OSMIUM;10007;16;10005;21;;;10032;13;10036;22;;;10019.5;0.0
yf_MKC_d0;24800;INTARIAN_PEPPER_ROOT;11666;12;11664;20;;;11672;16;11675;21;;;11669.0;0.0
yf_MKC_d0;24900;ASH_COATED_OSMIUM;10016;20;10012;23;;;10023;12;10027;19;;;10019.5;0.0
yf_MKC_d0;24900;INTARIAN_PEPPER_ROOT;11668;10;11666;9;;;11674;11;11677;20;;;11671.0;0.0
yf_MKC_d0;25000;ASH_COATED_OSMIUM;10017;8;10014;20;;;10023;10;10026;14;;;10020.0;0.0
yf_MKC_d0;25000;INTARIAN_PEPPER_ROOT;11669;10;11666;18;;;11675;13;11677;11;;;11672.0;0.0
yf_MKC_d0;25100;ASH_COATED_OSMIUM;10012;17;10010;27;;;10027;18;10030;21;;;10019.5;0.0
yf_MKC_d0;25100;INTARIAN_PEPPER_ROOT;11669;9;11666;23;;;11675;15;11677;28;;;11672.0;0.0
yf_MKC_d0;25200;ASH_COATED_OSMIUM;10016;18;10012;13;;;10022;18;10026;16;;;10019.0;0.0
yf_MKC_d0;25200;INTARIAN_PEPPER_ROOT;11653;24;11651;24;;;11695;12;11699;14;;;11674.0;0.0
yf_MKC_d0;25300;ASH_COATED_OSMIUM;10015;8;10011;21;;;10025;21;10029;9;;;10020.0;0.0
yf_MKC_d0;25300;INTARIAN_PEPPER_ROOT;11665;13;11661;14;;;11684;22;11686;23;;;11674.5;0.0
yf_MKC_d0;25400;ASH_COATED_OSMIUM;10017;10;10014;15;;;10023;16;10026;17;;;10020.0;0.0
yf_MKC_d0;25400;INTARIAN_PEPPER_ROOT;11669;14;11667;25;;;11682;15;11685;20;;;11675.5;0.0
yf_MKC_d0;25500;ASH_COATED_OSMIUM;10007;15;10004;24;;;10031;22;10033;22;;;10019.0;0.0
yf_MKC_d0;25500;INTARIAN_PEPPER_ROOT;11673;24;11670;29;;;11679;14;11682;25;;;11676.0;0.0
yf_MKC_d0;25600;ASH_COATED_OSMIUM;10017;12;10013;22;;;10023;21;10027;15;;;10020.0;0.0
yf_MKC_d0;25600;INTARIAN_PEPPER_ROOT;11673;5;11671;26;;;11679;20;11683;17;;;11676.0;0.0
yf_MKC_d0;25700;ASH_COATED_OSMIUM;10016;14;10012;16;;;10023;12;10027;17;;;10019.5;0.0
yf_MKC_d0;25700;INTARIAN_PEPPER_ROOT;11669;18;11666;20;;;11687;19;11691;14;;;11678.0;0.0
yf_MKC_d0;25800;ASH_COATED_OSMIUM;10017;11;10013;22;;;10023;7;10027;24;;;10020.0;0.0
yf_MKC_d0;25800;INTARIAN_PEPPER_ROOT;11676;16;11673;27;;;11682;7;11684;23;;;11679.0;0.0
yf_MKC_d0;25900;ASH_COATED_OSMIUM;10017;19;10015;13;;;10023;16;10026;17;;;10020.0;0.0
yf_MKC_d0;25900;INTARIAN_PEPPER_ROOT;11676;13;11672;25;;;11682;10;11686;22;;;11679.0;0.0
yf_MKC_d0;26000;ASH_COATED_OSMIUM;10016;14;10014;16;;;10023;15;10026;19;;;10019.5;0.0
yf_MKC_d0;26000;INTARIAN_PEPPER_ROOT;11677;17;11673;21;;;11683;25;11687;12;;;11680.0;0.0
yf_MKC_d0;26100;ASH_COATED_OSMIUM;10018;14;10015;16;;;10024;10;10027;18;;;10021.0;0.0
yf_MKC_d0;26100;INTARIAN_PEPPER_ROOT;11678;17;11676;23;;;11684;20;11688;26;;;11681.0;0.0
yf_MKC_d0;26200;ASH_COATED_OSMIUM;10015;18;10012;18;;;10026;12;10029;26;;;10020.5;0.0
yf_MKC_d0;26200;INTARIAN_PEPPER_ROOT;11673;22;11669;14;;;11691;7;11693;14;;;11682.0;0.0
yf_MKC_d0;26300;ASH_COATED_OSMIUM;10017;20;10013;19;;;10023;17;10027;29;;;10020.0;0.0
yf_MKC_d0;26300;INTARIAN_PEPPER_ROOT;11680;15;11677;19;;;11686;16;11689;22;;;11683.0;0.0
yf_MKC_d0;26400;ASH_COATED_OSMIUM;10017;10;10014;23;;;10023;20;10025;23;;;10020.0;0.0
yf_MKC_d0;26400;INTARIAN_PEPPER_ROOT;11675;15;11671;18;;;11692;6;11696;21;;;11683.5;0.0
yf_MKC_d0;26500;ASH_COATED_OSMIUM;10017;15;10015;24;;;10024;13;10027;21;;;10020.5;0.0
yf_MKC_d0;26500;INTARIAN_PEPPER_ROOT;11682;8;11679;23;;;11688;11;11691;18;;;11685.0;0.0
yf_MKC_d0;26600;ASH_COATED_OSMIUM;10017;12;10013;17;;;10023;15;10027;22;;;10020.0;0.0
yf_MKC_d0;26600;INTARIAN_PEPPER_ROOT;11673;21;11670;21;;;11697;12;11700;12;;;11685.0;0.0
yf_MKC_d0;26700;ASH_COATED_OSMIUM;10018;14;10015;11;;;10024;12;10027;31;;;10021.0;0.0
yf_MKC_d0;26700;INTARIAN_PEPPER_ROOT;11683;23;11680;21;;;11689;18;11691;25;;;11686.0;0.0
yf_MKC_d0;26800;ASH_COATED_OSMIUM;10015;15;10011;24;;;10027;10;10030;23;;;10021.0;0.0
yf_MKC_d0;26800;INTARIAN_PEPPER_ROOT;11684;10;11680;25;;;11690;8;11693;26;;;11687.0;0.0
yf_MKC_d0;26900;ASH_COATED_OSMIUM;10018;13;10016;22;;;10024;19;10028;25;;;10021.0;0.0
yf_MKC_d0;26900;INTARIAN_PEPPER_ROOT;11683;14;11680;25;;;11693;10;11696;23;;;11688.0;0.0
yf_MKC_d0;27000;ASH_COATED_OSMIUM;10018;15;10016;23;;;10024;6;10027;20;;;10021.0;0.0
yf_MKC_d0;27000;INTARIAN_PEPPER_ROOT;11686;16;11683;8;;;11692;15;11695;17;;;11689.0;0.0
yf_MKC_d0;27100;ASH_COATED_OSMIUM;10018;18;10016;12;;;10024;14;10026;19;;;10021.0;0.0
yf_MKC_d0;27100;INTARIAN_PEPPER_ROOT;11687;14;11683;18;;;11693;19;11697;19;;;11690.0;0.0
yf_MKC_d0;27200;ASH_COATED_OSMIUM;10018;17;10014;19;;;10024;22;10027;24;;;10021.0;0.0
yf_MKC_d0;27200;INTARIAN_PEPPER_ROOT;11688;16;11685;19;;;11694;15;11698;16;;;11691.0;0.0
yf_MKC_d0;27300;ASH_COATED_OSMIUM;10018;18;10014;24;;;10024;19;10027;20;;;10021.0;0.0
yf_MKC_d0;27300;INTARIAN_PEPPER_ROOT;11687;7;11684;14;;;11695;7;11697;12;;;11691.0;0.0
yf_MKC_d0;27400;ASH_COATED_OSMIUM;10015;14;10012;21;;;10028;17;10032;27;;;10021.5;0.0
yf_MKC_d0;27400;INTARIAN_PEPPER_ROOT;11687;17;11684;20;;;11698;9;11702;19;;;11692.5;0.0
yf_MKC_d0;27500;ASH_COATED_OSMIUM;10019;13;10016;20;;;10025;20;10027;16;;;10022.0;0.0
yf_MKC_d0;27500;INTARIAN_PEPPER_ROOT;11688;18;11685;23;;;11700;16;11702;19;;;11694.0;0.0
yf_MKC_d0;27600;ASH_COATED_OSMIUM;10017;12;10015;21;;;10025;15;10029;18;;;10021.0;0.0
yf_MKC_d0;27600;INTARIAN_PEPPER_ROOT;11692;16;11690;24;;;11698;19;11702;16;;;11695.0;0.0
yf_MKC_d0;27700;ASH_COATED_OSMIUM;10019;18;10017;19;;;10025;9;10027;19;;;10022.0;0.0
yf_MKC_d0;27700;INTARIAN_PEPPER_ROOT;11692;7;11690;21;;;11698;10;11701;20;;;11695.0;0.0
yf_MKC_d0;27800;ASH_COATED_OSMIUM;10019;23;10017;17;;;10025;9;10028;20;;;10022.0;0.0
yf_MKC_d0;27800;INTARIAN_PEPPER_ROOT;11693;17;11691;15;;;11699;6;11701;23;;;11696.0;0.0
yf_MKC_d0;27900;ASH_COATED_OSMIUM;10018;9;10015;25;;;10026;17;10029;28;;;10022.0;0.0
yf_MKC_d0;27900;INTARIAN_PEPPER_ROOT;11693;12;11690;16;;;11702;17;11705;16;;;11697.5;0.0
yf_MKC_d0;28000;ASH_COATED_OSMIUM;10019;17;10017;19;;;10025;11;10028;17;;;10022.0;0.0
yf_MKC_d0;28000;INTARIAN_PEPPER_ROOT;11694;12;11691;15;;;11702;8;11706;25;;;11698.0;0.0
yf_MKC_d0;28100;ASH_COATED_OSMIUM;10019;12;10016;16;;;10025;19;10028;12;;;10022.0;0.0
yf_MKC_d0;28100;INTARIAN_PEPPER_ROOT;11696;11;11694;20;;;11702;16;11706;17;;;11699.0;0.0
yf_MKC_d0;28200;ASH_COATED_OSMIUM;10019;13;10017;16;;;10025;13;10027;10;;;10022.0;0.0
yf_MKC_d0;28200;INTARIAN_PEPPER_ROOT;11697;9;11694;30;;;11703;15;11707;17;;;11700.0;0.0
yf_MKC_d0;28300;ASH_COATED_OSMIUM;10017;17;10014;18;;;10028;15;10032;23;;;10022.5;0.0
yf_MKC_d0;28300;INTARIAN_PEPPER_ROOT;11698;13;11696;30;;;11704;10;11708;25;;;11701.0;0.0
yf_MKC_d0;28400;ASH_COATED_OSMIUM;10019;21;10015;20;;;10025;11;10027;17;;;10022.0;0.0
yf_MKC_d0;28400;INTARIAN_PEPPER_ROOT;11698;14;11695;13;;;11704;15;11706;12;;;11701.0;0.0
yf_MKC_d0;28500;ASH_COATED_OSMIUM;10015;15;10011;10;;;10031;5;10033;17;;;10023.0;0.0
yf_MKC_d0;28500;INTARIAN_PEPPER_ROOT;11699;17;11697;19;;;11705;15;11707;20;;;11702.0;0.0
yf_MKC_d0;28600;ASH_COATED_OSMIUM;10014;12;10011;14;;;10030;23;10032;18;;;10022.0;0.0
yf_MKC_d0;28600;INTARIAN_PEPPER_ROOT;11698;14;11694;11;;;11711;11;11715;22;;;11704.5;0.0
yf_MKC_d0;28700;ASH_COATED_OSMIUM;10014;8;10012;17;;;10031;11;10034;23;;;10022.5;0.0
yf_MKC_d0;28700;INTARIAN_PEPPER_ROOT;11701;6;11697;24;;;11707;9;11709;14;;;11704.0;0.0
yf_MKC_d0;28800;ASH_COATED_OSMIUM;10019;13;10015;24;;;10025;18;10029;18;;;10022.0;0.0
yf_MKC_d0;28800;INTARIAN_PEPPER_ROOT;11702;20;11700;21;;;11708;12;11710;11;;;11705.0;0.0
yf_MKC_d0;28900;ASH_COATED_OSMIUM;10020;22;10018;17;;;10026;15;10029;16;;;10023.0;0.0
yf_MKC_d0;28900;INTARIAN_PEPPER_ROOT;11702;16;11698;16;;;11708;19;11710;12;;;11705.0;0.0
yf_MKC_d0;29000;ASH_COATED_OSMIUM;10020;11;10018;15;;;10026;11;10028;17;;;10023.0;0.0
yf_MKC_d0;29000;INTARIAN_PEPPER_ROOT;11704;14;11702;19;;;11710;16;11712;15;;;11707.0;0.0
yf_MKC_d0;29100;ASH_COATED_OSMIUM;10020;20;10017;20;;;10026;5;10029;25;;;10023.0;0.0
yf_MKC_d0;29100;INTARIAN_PEPPER_ROOT;11685;15;11681;22;;;11731;15;11735;28;;;11708.0;0.0
yf_MKC_d0;29200;ASH_COATED_OSMIUM;10020;20;10018;18;;;10026;11;10030;19;;;10023.0;0.0
yf_MKC_d0;29200;INTARIAN_PEPPER_ROOT;11706;11;11704;21;;;11712;18;11715;17;;;11709.0;0.0
yf_MKC_d0;29300;ASH_COATED_OSMIUM;10020;10;10016;17;;;10026;10;10029;20;;;10023.0;0.0
yf_MKC_d0;29300;INTARIAN_PEPPER_ROOT;11707;14;11703;16;;;11713;5;11716;17;;;11710.0;0.0
yf_MKC_d0;29400;ASH_COATED_OSMIUM;10020;11;10018;24;;;10026;12;10030;19;;;10023.0;0.0
yf_MKC_d0;29400;INTARIAN_PEPPER_ROOT;11699;17;11696;20;;;11722;14;11726;21;;;11710.5;0.0
yf_MKC_d0;29500;ASH_COATED_OSMIUM;10020;14;10018;15;;;10027;18;10031;17;;;10023.5;0.0
yf_MKC_d0;29500;INTARIAN_PEPPER_ROOT;11708;12;11706;19;;;11714;5;11718;23;;;11711.0;0.0
yf_MKC_d0;29600;ASH_COATED_OSMIUM;10020;15;10017;17;;;10026;18;10030;16;;;10023.0;0.0
yf_MKC_d0;29600;INTARIAN_PEPPER_ROOT;11707;15;11704;22;;;11718;13;11721;22;;;11712.5;0.0
yf_MKC_d0;29700;ASH_COATED_OSMIUM;10015;10;10012;13;;;10032;21;10035;24;;;10023.5;0.0
yf_MKC_d0;29700;INTARIAN_PEPPER_ROOT;11710;21;11707;15;;;11716;8;11718;22;;;11713.0;0.0
yf_MKC_d0;29800;ASH_COATED_OSMIUM;10011;14;10009;17;;;10036;16;10040;12;;;10023.5;0.0
yf_MKC_d0;29800;INTARIAN_PEPPER_ROOT;11711;9;11707;21;;;11717;13;11719;25;;;11714.0;0.0
yf_MKC_d0;29900;ASH_COATED_OSMIUM;10020;20;10017;20;;;10026;14;10028;13;;;10023.0;0.0
yf_MKC_d0;29900;INTARIAN_PEPPER_ROOT;11712;10;11710;24;;;11718;14;11720;30;;;11715.0;0.0
yf_MKC_d0;30000;ASH_COATED_OSMIUM;10020;14;10018;20;;;10026;18;10028;26;;;10023.0;0.0
yf_MKC_d0;30000;INTARIAN_PEPPER_ROOT;11707;29;11703;16;;;11726;12;11730;20;;;11716.5;0.0
yf_MKC_d0;30100;ASH_COATED_OSMIUM;10021;20;10019;22;;;10027;16;10031;18;;;10024.0;0.0
yf_MKC_d0;30100;INTARIAN_PEPPER_ROOT;11712;19;11708;10;;;11723;11;11727;16;;;11717.5;0.0
yf_MKC_d0;30200;ASH_COATED_OSMIUM;10019;10;10016;25;;;10028;16;10030;21;;;10023.5;0.0
yf_MKC_d0;30200;INTARIAN_PEPPER_ROOT;11709;14;11706;23;;;11725;14;11728;18;;;11717.0;0.0
yf_MKC_d0;30300;ASH_COATED_OSMIUM;10017;18;10014;13;;;10030;17;10033;22;;;10023.5;0.0
yf_MKC_d0;30300;INTARIAN_PEPPER_ROOT;11716;16;11713;18;;;11722;15;11725;25;;;11719.0;0.0
yf_MKC_d0;30400;ASH_COATED_OSMIUM;10021;12;10017;24;;;10027;8;10030;16;;;10024.0;0.0
yf_MKC_d0;30400;INTARIAN_PEPPER_ROOT;11716;21;11712;23;;;11722;17;11725;22;;;11719.0;0.0
yf_MKC_d0;30500;ASH_COATED_OSMIUM;10021;22;10017;26;;;10027;20;10029;17;;;10024.0;0.0
yf_MKC_d0;30500;INTARIAN_PEPPER_ROOT;11715;12;11713;13;;;11725;24;11727;16;;;11720.0;0.0
yf_MKC_d0;30600;ASH_COATED_OSMIUM;10021;12;10017;15;;;10027;15;10030;18;;;10024.0;0.0
yf_MKC_d0;30600;INTARIAN_PEPPER_ROOT;11714;11;11711;21;;;11728;7;11731;14;;;11721.0;0.0
yf_MKC_d0;30700;ASH_COATED_OSMIUM;10021;14;10017;22;;;10027;15;10030;21;;;10024.0;0.0
yf_MKC_d0;30700;INTARIAN_PEPPER_ROOT;11719;8;11716;21;;;11725;12;11729;14;;;11722.0;0.0
yf_MKC_d0;30800;ASH_COATED_OSMIUM;10020;20;10017;27;;;10028;11;10030;18;;;10024.0;0.0
yf_MKC_d0;30800;INTARIAN_PEPPER_ROOT;11720;22;11716;20;;;11726;17;11730;14;;;11723.0;0.0
yf_MKC_d0;30900;ASH_COATED_OSMIUM;10016;16;10012;10;;;10032;21;10036;22;;;10024.0;0.0
yf_MKC_d0;30900;INTARIAN_PEPPER_ROOT;11713;13;11711;17;;;11734;5;11736;12;;;11723.5;0.0
yf_MKC_d0;31000;ASH_COATED_OSMIUM;10022;12;10018;26;;;10028;11;10032;23;;;10025.0;0.0
yf_MKC_d0;31000;INTARIAN_PEPPER_ROOT;11722;15;11719;19;;;11728;13;11730;23;;;11725.0;0.0
yf_MKC_d0;31100;ASH_COATED_OSMIUM;10009;11;10006;25;;;10040;11;10043;21;;;10024.5;0.0
yf_MKC_d0;31100;INTARIAN_PEPPER_ROOT;11721;15;11718;27;;;11729;18;11732;25;;;11725.0;0.0
yf_MKC_d0;31200;ASH_COATED_OSMIUM;10009;17;10005;13;;;10040;8;10042;22;;;10024.5;0.0
yf_MKC_d0;31200;INTARIAN_PEPPER_ROOT;11719;15;11716;18;;;11733;17;11737;10;;;11726.0;0.0
yf_MKC_d0;31300;ASH_COATED_OSMIUM;10012;18;10010;15;;;10037;7;10040;20;;;10024.5;0.0
yf_MKC_d0;31300;INTARIAN_PEPPER_ROOT;11723;10;11719;21;;;11732;10;11736;21;;;11727.5;0.0
yf_MKC_d0;31400;ASH_COATED_OSMIUM;10022;12;10020;20;;;10028;12;10032;15;;;10025.0;0.0
yf_MKC_d0;31400;INTARIAN_PEPPER_ROOT;11717;18;11715;24;;;11739;11;11743;23;;;11728.0;0.0
yf_MKC_d0;31500;ASH_COATED_OSMIUM;10022;14;10018;11;;;10028;12;10031;26;;;10025.0;0.0
yf_MKC_d0;31500;INTARIAN_PEPPER_ROOT;11723;18;11720;34;;;11734;18;11738;25;;;11728.5;0.0
yf_MKC_d0;31600;ASH_COATED_OSMIUM;10022;6;10020;21;;;10028;13;10030;11;;;10025.0;0.0
yf_MKC_d0;31600;INTARIAN_PEPPER_ROOT;11727;13;11723;22;;;11733;9;11737;14;;;11730.0;0.0
yf_MKC_d0;31700;ASH_COATED_OSMIUM;10019;10;10016;16;;;10032;17;10035;24;;;10025.5;0.0
yf_MKC_d0;31700;INTARIAN_PEPPER_ROOT;11722;24;11718;19;;;11741;12;11745;23;;;11731.5;0.0
yf_MKC_d0;31800;ASH_COATED_OSMIUM;10020;16;10018;13;;;10031;9;10034;28;;;10025.5;0.0
yf_MKC_d0;31800;INTARIAN_PEPPER_ROOT;11728;18;11726;19;;;11735;24;11738;10;;;11731.5;0.0
yf_MKC_d0;31900;ASH_COATED_OSMIUM;10023;15;10020;25;;;10029;21;10033;17;;;10026.0;0.0
yf_MKC_d0;31900;INTARIAN_PEPPER_ROOT;11724;19;11720;23;;;11741;18;11745;25;;;11732.5;0.0
yf_MKC_d0;32000;ASH_COATED_OSMIUM;10023;15;10020;16;;;10029;15;10031;21;;;10026.0;0.0
yf_MKC_d0;32000;INTARIAN_PEPPER_ROOT;11730;9;11727;16;;;11736;7;11738;21;;;11733.0;0.0
yf_MKC_d0;32100;ASH_COATED_OSMIUM;10023;14;10019;25;;;10029;15;10031;25;;;10026.0;0.0
yf_MKC_d0;32100;INTARIAN_PEPPER_ROOT;11732;21;11730;17;;;11738;19;11742;26;;;11735.0;0.0
yf_MKC_d0;32200;ASH_COATED_OSMIUM;10023;11;10021;20;;;10029;16;10033;18;;;10026.0;0.0
yf_MKC_d0;32200;INTARIAN_PEPPER_ROOT;11730;12;11727;17;;;11741;19;11745;24;;;11735.5;0.0
yf_MKC_d0;32300;ASH_COATED_OSMIUM;10023;13;10021;14;;;10029;15;10032;21;;;10026.0;0.0
yf_MKC_d0;32300;INTARIAN_PEPPER_ROOT;11733;5;11729;23;;;11740;10;11743;18;;;11736.5;0.0
yf_MKC_d0;32400;ASH_COATED_OSMIUM;10023;22;10020;26;;;10029;23;10032;17;;;10026.0;0.0
yf_MKC_d0;32400;INTARIAN_PEPPER_ROOT;11734;16;11730;18;;;11740;17;11743;19;;;11737.0;0.0
yf_MKC_d0;32500;ASH_COATED_OSMIUM;10022;19;10020;19;;;10030;16;10033;18;;;10026.0;0.0
yf_MKC_d0;32500;INTARIAN_PEPPER_ROOT;11735;23;11733;21;;;11741;6;11745;22;;;11738.0;0.0
yf_MKC_d0;32600;ASH_COATED_OSMIUM;10023;8;10019;18;;;10029;21;10032;23;;;10026.0;0.0
yf_MKC_d0;32600;INTARIAN_PEPPER_ROOT;11735;21;11732;18;;;11741;21;11745;19;;;11738.0;0.0
yf_MKC_d0;32700;ASH_COATED_OSMIUM;10016;9;10014;25;;;10037;5;10040;19;;;10026.5;0.0
yf_MKC_d0;32700;INTARIAN_PEPPER_ROOT;11737;12;11733;20;;;11743;14;11747;18;;;11740.0;0.0
yf_MKC_d0;32800;ASH_COATED_OSMIUM;10020;14;10017;19;;;10033;25;10036;15;;;10026.5;0.0
yf_MKC_d0;32800;INTARIAN_PEPPER_ROOT;11738;14;11734;13;;;11744;18;11748;14;;;11741.0;0.0
yf_MKC_d0;32900;ASH_COATED_OSMIUM;10019;18;10016;13;;;10035;11;10039;19;;;10027.0;0.0
yf_MKC_d0;32900;INTARIAN_PEPPER_ROOT;11737;19;11733;16;;;11745;13;11747;19;;;11741.0;0.0
yf_MKC_d0;33000;ASH_COATED_OSMIUM;10024;18;10020;19;;;10030;10;10033;25;;;10027.0;0.0
yf_MKC_d0;33000;INTARIAN_PEPPER_ROOT;11732;5;11729;21;;;11751;7;11755;12;;;11741.5;0.0
yf_MKC_d0;33100;ASH_COATED_OSMIUM;10020;13;10017;18;;;10033;18;10037;18;;;10026.5;0.0
yf_MKC_d0;33100;INTARIAN_PEPPER_ROOT;11738;20;11734;18;;;11747;9;11750;16;;;11742.5;0.0
yf_MKC_d0;33200;ASH_COATED_OSMIUM;10021;15;10019;22;;;10033;8;10037;22;;;10027.0;0.0
yf_MKC_d0;33200;INTARIAN_PEPPER_ROOT;11740;19;11737;28;;;11746;15;11750;20;;;11743.0;0.0
yf_MKC_d0;33300;ASH_COATED_OSMIUM;10023;20;10020;21;;;10030;13;10034;20;;;10026.5;0.0
yf_MKC_d0;33300;INTARIAN_PEPPER_ROOT;11740;14;11737;22;;;11750;17;11754;11;;;11745.0;0.0
yf_MKC_d0;33400;ASH_COATED_OSMIUM;10024;12;10021;16;;;10030;12;10034;14;;;10027.0;0.0
yf_MKC_d0;33400;INTARIAN_PEPPER_ROOT;11739;12;11735;24;;;11752;15;11754;16;;;11745.5;0.0
yf_MKC_d0;33500;ASH_COATED_OSMIUM;10023;13;10019;25;;;10030;16;10032;25;;;10026.5;0.0
yf_MKC_d0;33500;INTARIAN_PEPPER_ROOT;11744;13;11741;25;;;11750;18;11754;19;;;11747.0;0.0
yf_MKC_d0;33600;ASH_COATED_OSMIUM;10024;12;10020;20;;;10030;12;10034;17;;;10027.0;0.0
yf_MKC_d0;33600;INTARIAN_PEPPER_ROOT;11745;15;11741;21;;;11751;25;11753;23;;;11748.0;0.0
yf_MKC_d0;33700;ASH_COATED_OSMIUM;10013;10;10011;25;;;10041;21;10044;21;;;10027.0;0.0
yf_MKC_d0;33700;INTARIAN_PEPPER_ROOT;11743;18;11740;16;;;11755;11;11758;19;;;11749.0;0.0
yf_MKC_d0;33800;ASH_COATED_OSMIUM;10019;12;10015;16;;;10035;14;10038;21;;;10027.0;0.0
yf_MKC_d0;33800;INTARIAN_PEPPER_ROOT;11746;8;11743;20;;;11752;24;11754;22;;;11749.0;0.0
yf_MKC_d0;33900;ASH_COATED_OSMIUM;10024;12;10021;23;;;10030;11;10034;22;;;10027.0;0.0
yf_MKC_d0;33900;INTARIAN_PEPPER_ROOT;11747;8;11744;8;;;11753;21;11757;20;;;11750.0;0.0
yf_MKC_d0;34000;ASH_COATED_OSMIUM;10025;16;10021;15;;;10031;13;10035;11;;;10028.0;0.0
yf_MKC_d0;34000;INTARIAN_PEPPER_ROOT;11748;20;11745;19;;;11757;14;11760;15;;;11752.5;0.0
yf_MKC_d0;34100;ASH_COATED_OSMIUM;10025;23;10022;18;;;10031;16;10035;22;;;10028.0;0.0
yf_MKC_d0;34100;INTARIAN_PEPPER_ROOT;11742;5;11738;25;;;11769;11;11772;23;;;11755.5;0.0
yf_MKC_d0;34200;ASH_COATED_OSMIUM;10017;18;10014;21;;;10038;13;10041;23;;;10027.5;0.0
yf_MKC_d0;34200;INTARIAN_PEPPER_ROOT;11750;15;11746;14;;;11766;20;11769;18;;;11758.0;0.0
yf_MKC_d0;34300;ASH_COATED_OSMIUM;10024;12;10021;20;;;10031;13;10033;18;;;10027.5;0.0
yf_MKC_d0;34300;INTARIAN_PEPPER_ROOT;11756;5;11753;20;;;11765;15;11767;20;;;11760.5;0.0
yf_MKC_d0;34400;ASH_COATED_OSMIUM;10020;11;10016;21;;;10036;13;10039;18;;;10028.0;0.0
yf_MKC_d0;34400;INTARIAN_PEPPER_ROOT;11759;26;11757;20;;;11765;12;11767;17;;;11762.0;0.0
yf_MKC_d0;34500;ASH_COATED_OSMIUM;10024;15;10021;16;;;10031;17;10034;17;;;10027.5;0.0
yf_MKC_d0;34500;INTARIAN_PEPPER_ROOT;11753;15;11750;19;;;11778;13;11782;25;;;11765.5;0.0
yf_MKC_d0;34600;ASH_COATED_OSMIUM;10025;14;10022;14;;;10031;15;10035;18;;;10028.0;0.0
yf_MKC_d0;34600;INTARIAN_PEPPER_ROOT;11765;8;11761;17;;;11771;9;11774;28;;;11768.0;0.0
yf_MKC_d0;34700;ASH_COATED_OSMIUM;10013;12;10011;21;;;10044;6;10046;21;;;10028.5;0.0
yf_MKC_d0;34700;INTARIAN_PEPPER_ROOT;11767;13;11765;25;;;11773;9;11777;21;;;11770.0;0.0
yf_MKC_d0;34800;ASH_COATED_OSMIUM;10017;16;10014;24;;;10040;20;10044;21;;;10028.5;0.0
yf_MKC_d0;34800;INTARIAN_PEPPER_ROOT;11764;5;11761;13;;;11782;10;11786;24;;;11773.0;0.0
yf_MKC_d0;34900;ASH_COATED_OSMIUM;10023;21;10019;17;;;10035;9;10037;27;;;10029.0;0.0
yf_MKC_d0;34900;INTARIAN_PEPPER_ROOT;11772;12;11769;18;;;11778;22;11780;22;;;11775.0;0.0
yf_MKC_d0;35000;ASH_COATED_OSMIUM;10025;12;10022;25;;;10031;10;10034;20;;;10028.0;0.0
yf_MKC_d0;35000;INTARIAN_PEPPER_ROOT;11775;18;11773;10;;;11781;24;11784;26;;;11778.0;0.0
yf_MKC_d0;35100;ASH_COATED_OSMIUM;10025;12;10021;18;;;10031;22;10033;23;;;10028.0;0.0
yf_MKC_d0;35100;INTARIAN_PEPPER_ROOT;11777;17;11773;23;;;11783;10;11786;20;;;11780.0;0.0
yf_MKC_d0;35200;ASH_COATED_OSMIUM;10023;16;10021;18;;;10034;17;10038;19;;;10028.5;0.0
yf_MKC_d0;35200;INTARIAN_PEPPER_ROOT;11780;20;11777;17;;;11786;15;11790;20;;;11783.0;0.0
yf_MKC_d0;35300;ASH_COATED_OSMIUM;10016;5;10013;18;;;10042;16;10045;19;;;10029.0;0.0
yf_MKC_d0;35300;INTARIAN_PEPPER_ROOT;11782;14;11778;19;;;11788;19;11792;19;;;11785.0;0.0
yf_MKC_d0;35400;ASH_COATED_OSMIUM;10026;5;10023;27;;;10032;10;10035;10;;;10029.0;0.0
yf_MKC_d0;35400;INTARIAN_PEPPER_ROOT;11785;9;11782;22;;;11791;20;11793;19;;;11788.0;0.0
yf_MKC_d0;35500;ASH_COATED_OSMIUM;10026;12;10022;22;;;10032;11;10034;12;;;10029.0;0.0
yf_MKC_d0;35500;INTARIAN_PEPPER_ROOT;11787;9;11785;18;;;11793;20;11795;23;;;11790.0;0.0
yf_MKC_d0;35600;ASH_COATED_OSMIUM;10027;25;10023;18;;;10033;23;10035;29;;;10030.0;0.0
yf_MKC_d0;35600;INTARIAN_PEPPER_ROOT;11791;18;11787;22;;;11797;22;11801;20;;;11794.0;0.0
yf_MKC_d0;35700;ASH_COATED_OSMIUM;10021;5;10019;27;;;10038;21;10041;11;;;10029.5;0.0
yf_MKC_d0;35700;INTARIAN_PEPPER_ROOT;11792;21;11790;15;;;11798;10;11801;14;;;11795.0;0.0
yf_MKC_d0;35800;ASH_COATED_OSMIUM;10026;16;10024;17;;;10035;17;10037;28;;;10030.5;0.0
yf_MKC_d0;35800;INTARIAN_PEPPER_ROOT;11795;17;11793;15;;;11801;6;11804;23;;;11798.0;0.0
yf_MKC_d0;35900;ASH_COATED_OSMIUM;10021;12;10017;11;;;10039;16;10043;21;;;10030.0;0.0
yf_MKC_d0;35900;INTARIAN_PEPPER_ROOT;11795;15;11792;8;;;11805;7;11808;19;;;11800.0;0.0
yf_MKC_d0;36000;ASH_COATED_OSMIUM;10014;13;10010;11;;;10045;22;10048;22;;;10029.5;0.0
yf_MKC_d0;36000;INTARIAN_PEPPER_ROOT;11799;7;11797;18;;;11805;16;11808;14;;;11802.0;0.0
yf_MKC_d0;36100;ASH_COATED_OSMIUM;10022;20;10018;18;;;10039;5;10042;21;;;10030.5;0.0
yf_MKC_d0;36100;INTARIAN_PEPPER_ROOT;11800;21;11796;22;;;11810;15;11813;16;;;11805.0;0.0
yf_MKC_d0;36200;ASH_COATED_OSMIUM;10027;17;10024;24;;;10033;12;10035;20;;;10030.0;0.0
yf_MKC_d0;36200;INTARIAN_PEPPER_ROOT;11802;10;11798;24;;;11814;18;11816;23;;;11808.0;0.0
yf_MKC_d0;36300;ASH_COATED_OSMIUM;10027;18;10023;30;;;10033;19;10037;22;;;10030.0;0.0
yf_MKC_d0;36300;INTARIAN_PEPPER_ROOT;11807;14;11803;19;;;11813;17;11816;20;;;11810.0;0.0
yf_MKC_d0;36400;ASH_COATED_OSMIUM;10028;14;10026;13;;;10034;10;10037;16;;;10031.0;0.0
yf_MKC_d0;36400;INTARIAN_PEPPER_ROOT;11810;17;11807;19;;;11818;14;11822;18;;;11814.0;0.0
yf_MKC_d0;36500;ASH_COATED_OSMIUM;10025;15;10021;18;;;10036;5;10040;26;;;10030.5;0.0
yf_MKC_d0;36500;INTARIAN_PEPPER_ROOT;11810;19;11808;14;;;11821;15;11825;21;;;11815.5;0.0
yf_MKC_d0;36600;ASH_COATED_OSMIUM;10027;17;10025;16;;;10033;16;10037;18;;;10030.0;0.0
yf_MKC_d0;36600;INTARIAN_PEPPER_ROOT;11816;17;11814;15;;;11822;11;11825;22;;;11819.0;0.0
yf_MKC_d0;36700;ASH_COATED_OSMIUM;10028;12;10024;22;;;10034;25;10036;8;;;10031.0;0.0
yf_MKC_d0;36700;INTARIAN_PEPPER_ROOT;11817;21;11814;24;;;11823;12;11826;25;;;11820.0;0.0
yf_MKC_d0;36800;ASH_COATED_OSMIUM;10028;17;10026;14;;;10034;15;10036;17;;;10031.0;0.0
yf_MKC_d0;36800;INTARIAN_PEPPER_ROOT;11820;20;11817;22;;;11826;9;11829;29;;;11823.0;0.0
yf_MKC_d0;36900;ASH_COATED_OSMIUM;10028;11;10025;24;;;10034;11;10037;17;;;10031.0;0.0
yf_MKC_d0;36900;INTARIAN_PEPPER_ROOT;11821;18;11818;24;;;11830;11;11832;19;;;11825.5;0.0
yf_MKC_d0;37000;ASH_COATED_OSMIUM;10024;16;10022;17;;;10039;10;10042;19;;;10031.5;0.0
yf_MKC_d0;37000;INTARIAN_PEPPER_ROOT;11825;21;11822;20;;;11831;13;11833;30;;;11828.0;0.0
yf_MKC_d0;37100;ASH_COATED_OSMIUM;10028;11;10024;25;;;10034;19;10036;18;;;10031.0;0.0
yf_MKC_d0;37100;INTARIAN_PEPPER_ROOT;11810;19;11808;11;;;11851;11;11855;28;;;11830.5;0.0
yf_MKC_d0;37200;ASH_COATED_OSMIUM;10028;8;10025;31;;;10034;12;10036;14;;;10031.0;0.0
yf_MKC_d0;37200;INTARIAN_PEPPER_ROOT;11830;16;11826;28;;;11836;13;11838;19;;;11833.0;0.0
yf_MKC_d0;37300;ASH_COATED_OSMIUM;10023;15;10021;14;;;10041;16;10045;8;;;10032.0;0.0
yf_MKC_d0;37300;INTARIAN_PEPPER_ROOT;11832;7;11830;10;;;11838;17;11840;21;;;11835.0;0.0
yf_MKC_d0;37400;ASH_COATED_OSMIUM;10026;20;10023;26;;;10036;5;10038;17;;;10031.0;0.0
yf_MKC_d0;37400;INTARIAN_PEPPER_ROOT;11832;20;11830;16;;;11844;11;11848;17;;;11838.0;0.0
yf_MKC_d0;37500;ASH_COATED_OSMIUM;10029;12;10027;19;;;10035;21;10039;23;;;10032.0;0.0
yf_MKC_d0;37500;INTARIAN_PEPPER_ROOT;11837;15;11834;17;;;11843;13;11846;25;;;11840.0;0.0
yf_MKC_d0;37600;ASH_COATED_OSMIUM;10023;14;10020;19;;;10040;26;10044;24;;;10031.5;0.0
yf_MKC_d0;37600;INTARIAN_PEPPER_ROOT;11840;20;11838;15;;;11846;11;11848;26;;;11843.0;0.0
yf_MKC_d0;37700;ASH_COATED_OSMIUM;10029;18;10026;28;;;10035;13;10037;9;;;10032.0;0.0
yf_MKC_d0;37700;INTARIAN_PEPPER_ROOT;11842;13;11840;20;;;11848;11;11851;18;;;11845.0;0.0
yf_MKC_d0;37800;ASH_COATED_OSMIUM;10028;16;10024;12;;;10034;16;10038;20;;;10031.0;0.0
yf_MKC_d0;37800;INTARIAN_PEPPER_ROOT;11845;13;11843;19;;;11851;17;11855;15;;;11848.0;0.0
yf_MKC_d0;37900;ASH_COATED_OSMIUM;10029;11;10025;18;;;10035;15;10038;17;;;10032.0;0.0
yf_MKC_d0;37900;INTARIAN_PEPPER_ROOT;11847;6;11845;21;;;11853;14;11856;13;;;11850.0;0.0
yf_MKC_d0;38000;ASH_COATED_OSMIUM;10030;7;10028;15;;;10036;24;10038;11;;;10033.0;0.0
yf_MKC_d0;38000;INTARIAN_PEPPER_ROOT;11850;7;11848;18;;;11856;14;11860;26;;;11853.0;0.0
yf_MKC_d0;38100;ASH_COATED_OSMIUM;10029;11;10027;10;;;10036;11;10039;23;;;10032.5;0.0
yf_MKC_d0;38100;INTARIAN_PEPPER_ROOT;11852;13;11849;10;;;11858;18;11861;22;;;11855.0;0.0
yf_MKC_d0;38200;ASH_COATED_OSMIUM;10030;16;10028;10;;;10036;22;10038;20;;;10033.0;0.0
yf_MKC_d0;38200;INTARIAN_PEPPER_ROOT;11847;7;11844;8;;;11869;14;11872;13;;;11858.0;0.0
yf_MKC_d0;38300;ASH_COATED_OSMIUM;10030;27;10026;22;;;10036;10;10039;16;;;10033.0;0.0
yf_MKC_d0;38300;INTARIAN_PEPPER_ROOT;11857;12;11854;14;;;11863;11;11865;17;;;11860.0;0.0
yf_MKC_d0;38400;ASH_COATED_OSMIUM;10027;19;10023;27;;;10040;12;10044;26;;;10033.5;0.0
yf_MKC_d0;38400;INTARIAN_PEPPER_ROOT;11858;14;11854;19;;;11868;12;11871;22;;;11863.0;0.0
yf_MKC_d0;38500;ASH_COATED_OSMIUM;10028;11;10026;14;;;10038;24;10041;22;;;10033.0;0.0
yf_MKC_d0;38500;INTARIAN_PEPPER_ROOT;11859;12;11856;23;;;11872;7;11875;22;;;11865.5;0.0
yf_MKC_d0;38600;ASH_COATED_OSMIUM;10030;15;10026;16;;;10036;15;10040;11;;;10033.0;0.0
yf_MKC_d0;38600;INTARIAN_PEPPER_ROOT;11856;17;11852;23;;;11880;11;11882;12;;;11868.0;0.0
yf_MKC_d0;38700;ASH_COATED_OSMIUM;10031;10;10028;17;;;10037;16;10040;25;;;10034.0;0.0
yf_MKC_d0;38700;INTARIAN_PEPPER_ROOT;11868;10;11864;21;;;11874;5;11877;23;;;11871.0;0.0
yf_MKC_d0;38800;ASH_COATED_OSMIUM;10031;22;10027;26;;;10037;29;10040;22;;;10034.0;0.0
yf_MKC_d0;38800;INTARIAN_PEPPER_ROOT;11854;14;11852;15;;;11892;14;11896;15;;;11873.0;0.0
yf_MKC_d0;38900;ASH_COATED_OSMIUM;10030;20;10026;15;;;10036;18;10040;24;;;10033.0;0.0
yf_MKC_d0;38900;INTARIAN_PEPPER_ROOT;11871;16;11868;19;;;11880;13;11882;26;;;11875.5;0.0
yf_MKC_d0;39000;ASH_COATED_OSMIUM;10030;11;10028;20;;;10037;17;10040;19;;;10033.5;0.0
yf_MKC_d0;39000;INTARIAN_PEPPER_ROOT;11870;19;11866;18;;;11885;13;11888;22;;;11877.5;0.0
yf_MKC_d0;39100;ASH_COATED_OSMIUM;10016;21;10012;21;;;10052;17;10055;11;;;10034.0;0.0
yf_MKC_d0;39100;INTARIAN_PEPPER_ROOT;11873;18;11869;10;;;11888;15;11890;22;;;11880.5;0.0
yf_MKC_d0;39200;ASH_COATED_OSMIUM;10031;15;10029;31;;;10037;12;10039;25;;;10034.0;0.0
yf_MKC_d0;39200;INTARIAN_PEPPER_ROOT;11874;21;11872;30;;;11892;12;11896;19;;;11883.0;0.0
yf_MKC_d0;39300;ASH_COATED_OSMIUM;10032;17;10029;22;;;10038;26;10041;20;;;10035.0;0.0
yf_MKC_d0;39300;INTARIAN_PEPPER_ROOT;11882;9;11879;24;;;11888;13;11891;24;;;11885.0;0.0
yf_MKC_d0;39400;ASH_COATED_OSMIUM;10024;11;10020;16;;;10045;15;10048;29;;;10034.5;0.0
yf_MKC_d0;39400;INTARIAN_PEPPER_ROOT;11885;24;11883;15;;;11891;15;11895;25;;;11888.0;0.0
yf_MKC_d0;39500;ASH_COATED_OSMIUM;10014;21;10010;14;;;10055;20;10058;10;;;10034.5;0.0
yf_MKC_d0;39500;INTARIAN_PEPPER_ROOT;11888;13;11885;18;;;11894;12;11896;16;;;11891.0;0.0
yf_MKC_d0;39600;ASH_COATED_OSMIUM;10032;23;10028;20;;;10038;11;10041;15;;;10035.0;0.0
yf_MKC_d0;39600;INTARIAN_PEPPER_ROOT;11890;18;11886;18;;;11896;11;11900;17;;;11893.0;0.0
yf_MKC_d0;39700;ASH_COATED_OSMIUM;10029;14;10027;28;;;10041;11;10045;17;;;10035.0;0.0
yf_MKC_d0;39700;INTARIAN_PEPPER_ROOT;11883;14;11881;23;;;11907;5;11911;21;;;11895.0;0.0
yf_MKC_d0;39800;ASH_COATED_OSMIUM;10028;14;10024;14;;;10042;19;10044;19;;;10035.0;0.0
yf_MKC_d0;39800;INTARIAN_PEPPER_ROOT;11888;5;11884;21;;;11908;20;11911;12;;;11898.0;0.0
yf_MKC_d0;39900;ASH_COATED_OSMIUM;10032;16;10029;16;;;10038;9;10042;21;;;10035.0;0.0
yf_MKC_d0;39900;INTARIAN_PEPPER_ROOT;11896;15;11894;26;;;11905;18;11907;15;;;11900.5;0.0
yf_MKC_d0;40000;ASH_COATED_OSMIUM;10032;19;10030;15;;;10038;15;10040;22;;;10035.0;0.0
yf_MKC_d0;40000;INTARIAN_PEPPER_ROOT;11898;15;11896;21;;;11908;20;11910;21;;;11903.0;0.0
yf_MKC_d0;40100;ASH_COATED_OSMIUM;10029;20;10027;26;;;10041;8;10044;21;;;10035.0;0.0
yf_MKC_d0;40100;INTARIAN_PEPPER_ROOT;11903;10;11900;8;;;11909;14;11913;24;;;11906.0;0.0
yf_MKC_d0;40200;ASH_COATED_OSMIUM;10033;18;10029;19;;;10039;8;10043;19;;;10036.0;0.0
yf_MKC_d0;40200;INTARIAN_PEPPER_ROOT;11906;12;11903;25;;;11912;19;11915;23;;;11909.0;0.0
yf_MKC_d0;40300;ASH_COATED_OSMIUM;10033;6;10030;22;;;10039;16;10043;13;;;10036.0;0.0
yf_MKC_d0;40300;INTARIAN_PEPPER_ROOT;11907;5;11903;11;;;11913;26;11915;31;;;11910.0;0.0
yf_MKC_d0;40400;ASH_COATED_OSMIUM;10033;16;10030;20;;;10039;10;10043;15;;;10036.0;0.0
yf_MKC_d0;40400;INTARIAN_PEPPER_ROOT;11909;24;11907;23;;;11917;14;11920;17;;;11913.0;0.0
yf_MKC_d0;40500;ASH_COATED_OSMIUM;10033;9;10031;19;;;10039;24;10042;20;;;10036.0;0.0
yf_MKC_d0;40500;INTARIAN_PEPPER_ROOT;11912;11;11908;18;;;11919;17;11922;30;;;11915.5;0.0
yf_MKC_d0;40600;ASH_COATED_OSMIUM;10026;14;10022;22;;;10047;8;10049;22;;;10036.5;0.0
yf_MKC_d0;40600;INTARIAN_PEPPER_ROOT;11903;14;11901;22;;;11932;15;11936;30;;;11917.5;0.0
yf_MKC_d0;40700;ASH_COATED_OSMIUM;10033;19;10030;28;;;10039;16;10041;13;;;10036.0;0.0
yf_MKC_d0;40700;INTARIAN_PEPPER_ROOT;11917;19;11915;23;;;11923;13;11926;31;;;11920.0;0.0
yf_MKC_d0;40800;ASH_COATED_OSMIUM;10033;12;10031;25;;;10039;14;10041;22;;;10036.0;0.0
yf_MKC_d0;40800;INTARIAN_PEPPER_ROOT;11920;20;11916;28;;;11926;12;11928;20;;;11923.0;0.0
yf_MKC_d0;40900;ASH_COATED_OSMIUM;10033;12;10030;28;;;10039;10;10041;21;;;10036.0;0.0
yf_MKC_d0;40900;INTARIAN_PEPPER_ROOT;11915;17;11912;22;;;11937;15;11939;23;;;11926.0;0.0
yf_MKC_d0;41000;ASH_COATED_OSMIUM;10033;9;10030;16;;;10039;11;10041;23;;;10036.0;0.0
yf_MKC_d0;41000;INTARIAN_PEPPER_ROOT;11924;10;11921;26;;;11932;19;11934;21;;;11928.0;0.0
yf_MKC_d0;41100;ASH_COATED_OSMIUM;10034;5;10031;22;;;10040;15;10042;26;;;10037.0;0.0
yf_MKC_d0;41100;INTARIAN_PEPPER_ROOT;11923;6;11919;23;;;11938;12;11941;11;;;11930.5;0.0
yf_MKC_d0;41200;ASH_COATED_OSMIUM;10033;14;10029;21;;;10039;15;10041;24;;;10036.0;0.0
yf_MKC_d0;41200;INTARIAN_PEPPER_ROOT;11930;13;11926;24;;;11936;18;11939;8;;;11933.0;0.0
yf_MKC_d0;41300;ASH_COATED_OSMIUM;10034;18;10030;18;;;10040;11;10042;19;;;10037.0;0.0
yf_MKC_d0;41300;INTARIAN_PEPPER_ROOT;11932;11;11928;21;;;11939;14;11943;20;;;11935.5;0.0
yf_MKC_d0;41400;ASH_COATED_OSMIUM;10034;13;10031;20;;;10040;18;10043;14;;;10037.0;0.0
yf_MKC_d0;41400;INTARIAN_PEPPER_ROOT;11935;16;11931;14;;;11941;9;11943;15;;;11938.0;0.0
yf_MKC_d0;41500;ASH_COATED_OSMIUM;10034;23;10031;11;;;10040;18;10043;27;;;10037.0;0.0
yf_MKC_d0;41500;INTARIAN_PEPPER_ROOT;11935;14;11933;15;;;11945;14;11947;24;;;11940.0;0.0
yf_MKC_d0;41600;ASH_COATED_OSMIUM;10034;14;10030;16;;;10040;15;10043;18;;;10037.0;0.0
yf_MKC_d0;41600;INTARIAN_PEPPER_ROOT;11936;26;11933;22;;;11950;22;11953;13;;;11943.0;0.0
yf_MKC_d0;41700;ASH_COATED_OSMIUM;10034;16;10031;21;;;10041;16;10043;19;;;10037.5;0.0
yf_MKC_d0;41700;INTARIAN_PEPPER_ROOT;11941;9;11938;21;;;11949;17;11952;27;;;11945.0;0.0
yf_MKC_d0;41800;ASH_COATED_OSMIUM;10035;17;10031;23;;;10041;8;10043;26;;;10038.0;0.0
yf_MKC_d0;41800;INTARIAN_PEPPER_ROOT;11946;19;11944;18;;;11952;11;11954;15;;;11949.0;0.0
yf_MKC_d0;41900;ASH_COATED_OSMIUM;10033;12;10029;21;;;10044;16;10046;29;;;10038.5;0.0
yf_MKC_d0;41900;INTARIAN_PEPPER_ROOT;11945;17;11941;20;;;11956;27;11958;24;;;11950.5;0.0
yf_MKC_d0;42000;ASH_COATED_OSMIUM;10035;15;10031;25;;;10042;9;10046;21;;;10038.5;0.0
yf_MKC_d0;42000;INTARIAN_PEPPER_ROOT;11950;19;11946;13;;;11956;5;11958;20;;;11953.0;0.0
yf_MKC_d0;42100;ASH_COATED_OSMIUM;10024;12;10022;18;;;10053;23;10056;22;;;10038.5;0.0
yf_MKC_d0;42100;INTARIAN_PEPPER_ROOT;11952;9;11949;20;;;11958;15;11961;24;;;11955.0;0.0
yf_MKC_d0;42200;ASH_COATED_OSMIUM;10031;12;10027;23;;;10046;14;10049;19;;;10038.5;0.0
yf_MKC_d0;42200;INTARIAN_PEPPER_ROOT;11955;16;11953;23;;;11962;8;11965;26;;;11958.5;0.0
yf_MKC_d0;42300;ASH_COATED_OSMIUM;10035;5;10032;26;;;10041;10;10044;23;;;10038.0;0.0
yf_MKC_d0;42300;INTARIAN_PEPPER_ROOT;11957;16;11955;19;;;11963;18;11966;24;;;11960.0;0.0
yf_MKC_d0;42400;ASH_COATED_OSMIUM;10035;15;10031;16;;;10042;19;10045;20;;;10038.5;0.0
yf_MKC_d0;42400;INTARIAN_PEPPER_ROOT;11957;15;11954;20;;;11969;16;11972;20;;;11963.0;0.0
yf_MKC_d0;42500;ASH_COATED_OSMIUM;10036;15;10034;23;;;10042;10;10046;22;;;10039.0;0.0
yf_MKC_d0;42500;INTARIAN_PEPPER_ROOT;11961;15;11959;15;;;11968;21;11970;19;;;11964.5;0.0
yf_MKC_d0;42600;ASH_COATED_OSMIUM;10032;24;10029;23;;;10045;22;10048;16;;;10038.5;0.0
yf_MKC_d0;42600;INTARIAN_PEPPER_ROOT;11960;6;11956;11;;;11978;16;11982;19;;;11969.0;0.0
yf_MKC_d0;42700;ASH_COATED_OSMIUM;10031;15;10029;13;;;10047;19;10051;28;;;10039.0;0.0
yf_MKC_d0;42700;INTARIAN_PEPPER_ROOT;11968;9;11965;22;;;11974;10;11977;16;;;11971.0;0.0
yf_MKC_d0;42800;ASH_COATED_OSMIUM;10036;13;10034;12;;;10042;15;10045;29;;;10039.0;0.0
yf_MKC_d0;42800;INTARIAN_PEPPER_ROOT;11970;9;11968;16;;;11976;19;11978;20;;;11973.0;0.0
yf_MKC_d0;42900;ASH_COATED_OSMIUM;10034;14;10031;23;;;10045;5;10049;24;;;10039.5;0.0
yf_MKC_d0;42900;INTARIAN_PEPPER_ROOT;11973;11;11969;20;;;11979;27;11982;18;;;11976.0;0.0
yf_MKC_d0;43000;ASH_COATED_OSMIUM;10036;14;10032;17;;;10043;18;10045;22;;;10039.5;0.0
yf_MKC_d0;43000;INTARIAN_PEPPER_ROOT;11974;12;11971;26;;;11983;19;11987;14;;;11978.5;0.0
yf_MKC_d0;43100;ASH_COATED_OSMIUM;10036;9;10034;27;;;10044;19;10048;13;;;10040.0;0.0
yf_MKC_d0;43100;INTARIAN_PEPPER_ROOT;11978;20;11974;19;;;11984;5;11986;15;;;11981.0;0.0
yf_MKC_d0;43200;ASH_COATED_OSMIUM;10037;6;10035;21;;;10043;17;10047;22;;;10040.0;0.0
yf_MKC_d0;43200;INTARIAN_PEPPER_ROOT;11980;20;11977;19;;;11986;12;11988;19;;;11983.0;0.0
yf_MKC_d0;43300;ASH_COATED_OSMIUM;10036;11;10034;26;;;10044;13;10048;24;;;10040.0;0.0
yf_MKC_d0;43300;INTARIAN_PEPPER_ROOT;11983;9;11980;19;;;11989;15;11992;12;;;11986.0;0.0
yf_MKC_d0;43400;ASH_COATED_OSMIUM;10037;15;10035;16;;;10043;17;10045;20;;;10040.0;0.0
yf_MKC_d0;43400;INTARIAN_PEPPER_ROOT;11985;13;11983;17;;;11991;20;11994;10;;;11988.0;0.0
yf_MKC_d0;43500;ASH_COATED_OSMIUM;10037;19;10034;20;;;10043;8;10047;23;;;10040.0;0.0
yf_MKC_d0;43500;INTARIAN_PEPPER_ROOT;11971;13;11967;22;;;12010;15;12013;20;;;11990.5;0.0
yf_MKC_d0;43600;ASH_COATED_OSMIUM;10037;20;10033;18;;;10043;5;10045;19;;;10040.0;0.0
yf_MKC_d0;43600;INTARIAN_PEPPER_ROOT;11988;10;11985;21;;;11999;10;12003;22;;;11993.5;0.0
yf_MKC_d0;43700;ASH_COATED_OSMIUM;10036;19;10032;17;;;10044;14;10048;13;;;10040.0;0.0
yf_MKC_d0;43700;INTARIAN_PEPPER_ROOT;11993;21;11990;17;;;11999;15;12002;17;;;11996.0;0.0
yf_MKC_d0;43800;ASH_COATED_OSMIUM;10037;15;10035;21;;;10043;16;10047;27;;;10040.0;0.0
yf_MKC_d0;43800;INTARIAN_PEPPER_ROOT;11995;19;11992;17;;;12001;16;12005;18;;;11998.0;0.0
yf_MKC_d0;43900;ASH_COATED_OSMIUM;10038;12;10034;19;;;10044;5;10047;14;;;10041.0;0.0
yf_MKC_d0;43900;INTARIAN_PEPPER_ROOT;11994;21;11990;27;;;12007;13;12010;20;;;12000.5;0.0
yf_MKC_d0;44000;ASH_COATED_OSMIUM;10036;17;10032;26;;;10045;18;10049;20;;;10040.5;0.0
yf_MKC_d0;44000;INTARIAN_PEPPER_ROOT;12000;15;11997;16;;;12006;18;12008;18;;;12003.0;0.0
yf_MKC_d0;44100;ASH_COATED_OSMIUM;10038;18;10036;21;;;10044;20;10046;17;;;10041.0;0.0
yf_MKC_d0;44100;INTARIAN_PEPPER_ROOT;12002;22;11998;16;;;12008;14;12012;28;;;12005.0;0.0
yf_MKC_d0;44200;ASH_COATED_OSMIUM;10033;11;10029;29;;;10047;19;10050;22;;;10040.0;0.0
yf_MKC_d0;44200;INTARIAN_PEPPER_ROOT;12003;11;12001;23;;;12013;13;12015;20;;;12008.0;0.0
yf_MKC_d0;44300;ASH_COATED_OSMIUM;10038;17;10034;12;;;10044;10;10046;14;;;10041.0;0.0
yf_MKC_d0;44300;INTARIAN_PEPPER_ROOT;12003;10;12000;19;;;12019;19;12023;22;;;12011.0;0.0
yf_MKC_d0;44400;ASH_COATED_OSMIUM;10031;5;10027;24;;;10051;23;10055;16;;;10041.0;0.0
yf_MKC_d0;44400;INTARIAN_PEPPER_ROOT;12010;13;12006;22;;;12016;19;12020;17;;;12013.0;0.0
yf_MKC_d0;44500;ASH_COATED_OSMIUM;10038;12;10034;8;;;10044;19;10046;15;;;10041.0;0.0
yf_MKC_d0;44500;INTARIAN_PEPPER_ROOT;12013;14;12011;23;;;12019;5;12022;20;;;12016.0;0.0
yf_MKC_d0;44600;ASH_COATED_OSMIUM;10038;16;10034;25;;;10044;15;10048;15;;;10041.0;0.0
yf_MKC_d0;44600;INTARIAN_PEPPER_ROOT;12015;13;12011;18;;;12021;14;12023;23;;;12018.0;0.0
yf_MKC_d0;44700;ASH_COATED_OSMIUM;10036;16;10034;19;;;10046;17;10050;9;;;10041.0;0.0
yf_MKC_d0;44700;INTARIAN_PEPPER_ROOT;12017;14;12015;16;;;12023;21;12026;17;;;12020.0;0.0
yf_MKC_d0;44800;ASH_COATED_OSMIUM;10038;20;10034;16;;;10044;10;10048;18;;;10041.0;0.0
yf_MKC_d0;44800;INTARIAN_PEPPER_ROOT;12020;21;12018;25;;;12026;16;12030;25;;;12023.0;0.0
yf_MKC_d0;44900;ASH_COATED_OSMIUM;10039;23;10035;15;;;10045;5;10049;22;;;10042.0;0.0
yf_MKC_d0;44900;INTARIAN_PEPPER_ROOT;12023;10;12021;18;;;12029;15;12031;15;;;12026.0;0.0
yf_MKC_d0;45000;ASH_COATED_OSMIUM;10035;8;10031;19;;;10049;9;10052;21;;;10042.0;0.0
yf_MKC_d0;45000;INTARIAN_PEPPER_ROOT;12026;13;12024;27;;;12032;17;12034;26;;;12029.0;0.0
yf_MKC_d0;45100;ASH_COATED_OSMIUM;10039;30;10037;25;;;10046;8;10049;20;;;10042.5;0.0
yf_MKC_d0;45100;INTARIAN_PEPPER_ROOT;12025;15;12023;26;;;12037;20;12039;18;;;12031.0;0.0
yf_MKC_d0;45200;ASH_COATED_OSMIUM;10039;5;10035;19;;;10045;7;10049;14;;;10042.0;0.0
yf_MKC_d0;45200;INTARIAN_PEPPER_ROOT;12029;15;12027;28;;;12038;11;12042;16;;;12033.5;0.0
yf_MKC_d0;45300;ASH_COATED_OSMIUM;10038;21;10035;22;;;10047;9;10049;23;;;10042.5;0.0
yf_MKC_d0;45300;INTARIAN_PEPPER_ROOT;12033;15;12030;16;;;12039;17;12042;15;;;12036.0;0.0
yf_MKC_d0;45400;ASH_COATED_OSMIUM;10036;20;10034;25;;;10048;24;10051;21;;;10042.0;0.0
yf_MKC_d0;45400;INTARIAN_PEPPER_ROOT;12035;18;12032;10;;;12041;12;12043;14;;;12038.0;0.0
yf_MKC_d0;45500;ASH_COATED_OSMIUM;10029;13;10026;24;;;10055;8;10058;29;;;10042.0;0.0
yf_MKC_d0;45500;INTARIAN_PEPPER_ROOT;12029;18;12026;19;;;12052;18;12054;11;;;12040.5;0.0
yf_MKC_d0;45600;ASH_COATED_OSMIUM;10040;17;10036;25;;;10046;19;10050;15;;;10043.0;0.0
yf_MKC_d0;45600;INTARIAN_PEPPER_ROOT;12037;22;12033;20;;;12050;13;12052;19;;;12043.5;0.0
yf_MKC_d0;45700;ASH_COATED_OSMIUM;10040;13;10037;35;;;10046;20;10048;16;;;10043.0;0.0
yf_MKC_d0;45700;INTARIAN_PEPPER_ROOT;12043;10;12040;18;;;12049;11;12051;20;;;12046.0;0.0
yf_MKC_d0;45800;ASH_COATED_OSMIUM;10040;12;10038;22;;;10046;7;10048;18;;;10043.0;0.0
yf_MKC_d0;45800;INTARIAN_PEPPER_ROOT;12046;20;12044;25;;;12052;16;12055;21;;;12049.0;0.0
yf_MKC_d0;45900;ASH_COATED_OSMIUM;10039;19;10036;20;;;10047;21;10051;18;;;10043.0;0.0
yf_MKC_d0;45900;INTARIAN_PEPPER_ROOT;12048;10;12045;22;;;12054;18;12058;26;;;12051.0;0.0
yf_MKC_d0;46000;ASH_COATED_OSMIUM;10037;15;10033;15;;;10050;26;10052;32;;;10043.5;0.0
yf_MKC_d0;46000;INTARIAN_PEPPER_ROOT;12051;15;12047;16;;;12057;11;12059;23;;;12054.0;0.0
yf_MKC_d0;46100;ASH_COATED_OSMIUM;10040;15;10037;10;;;10046;24;10048;19;;;10043.0;0.0
yf_MKC_d0;46100;INTARIAN_PEPPER_ROOT;12053;14;12051;20;;;12059;9;12063;13;;;12056.0;0.0
yf_MKC_d0;46200;ASH_COATED_OSMIUM;10034;9;10030;22;;;10053;21;10056;14;;;10043.5;0.0
yf_MKC_d0;46200;INTARIAN_PEPPER_ROOT;12055;15;12052;16;;;12061;10;12065;17;;;12058.0;0.0
yf_MKC_d0;46300;ASH_COATED_OSMIUM;10041;12;10038;29;;;10048;16;10050;15;;;10044.5;0.0
yf_MKC_d0;46300;INTARIAN_PEPPER_ROOT;12054;12;12051;21;;;12067;10;12069;13;;;12060.5;0.0
yf_MKC_d0;46400;ASH_COATED_OSMIUM;10039;22;10036;17;;;10049;17;10053;22;;;10044.0;0.0
yf_MKC_d0;46400;INTARIAN_PEPPER_ROOT;12060;16;12057;14;;;12066;12;12069;15;;;12063.0;0.0
yf_MKC_d0;46500;ASH_COATED_OSMIUM;10041;15;10038;28;;;10047;9;10049;20;;;10044.0;0.0
yf_MKC_d0;46500;INTARIAN_PEPPER_ROOT;12063;16;12061;16;;;12069;7;12073;22;;;12066.0;0.0
yf_MKC_d0;46600;ASH_COATED_OSMIUM;10041;20;10038;30;;;10047;19;10051;14;;;10044.0;0.0
yf_MKC_d0;46600;INTARIAN_PEPPER_ROOT;12056;23;12053;18;;;12081;8;12083;17;;;12068.5;0.0
yf_MKC_d0;46700;ASH_COATED_OSMIUM;10041;11;10038;15;;;10047;12;10049;18;;;10044.0;0.0
yf_MKC_d0;46700;INTARIAN_PEPPER_ROOT;12068;13;12064;12;;;12074;12;12077;28;;;12071.0;0.0
yf_MKC_d0;46800;ASH_COATED_OSMIUM;10042;22;10040;24;;;10048;13;10050;29;;;10045.0;0.0
yf_MKC_d0;46800;INTARIAN_PEPPER_ROOT;12071;11;12067;20;;;12077;10;12080;24;;;12074.0;0.0
yf_MKC_d0;46900;ASH_COATED_OSMIUM;10036;20;10032;19;;;10053;18;10056;20;;;10044.5;0.0
yf_MKC_d0;46900;INTARIAN_PEPPER_ROOT;12072;24;12070;24;;;12079;26;12082;20;;;12075.5;0.0
yf_MKC_d0;47000;ASH_COATED_OSMIUM;10041;17;10039;15;;;10047;18;10049;30;;;10044.0;0.0
yf_MKC_d0;47000;INTARIAN_PEPPER_ROOT;12076;9;12072;17;;;12082;9;12084;15;;;12079.0;0.0
yf_MKC_d0;47100;ASH_COATED_OSMIUM;10042;14;10040;19;;;10048;15;10051;20;;;10045.0;0.0
yf_MKC_d0;47100;INTARIAN_PEPPER_ROOT;12079;11;12077;21;;;12085;17;12087;14;;;12082.0;0.0
yf_MKC_d0;47200;ASH_COATED_OSMIUM;10042;21;10040;21;;;10048;19;10050;13;;;10045.0;0.0
yf_MKC_d0;47200;INTARIAN_PEPPER_ROOT;12081;16;12078;23;;;12087;14;12091;17;;;12084.0;0.0
yf_MKC_d0;47300;ASH_COATED_OSMIUM;10042;25;10039;17;;;10048;15;10051;14;;;10045.0;0.0
yf_MKC_d0;47300;INTARIAN_PEPPER_ROOT;12080;19;12077;20;;;12092;5;12095;25;;;12086.0;0.0
yf_MKC_d0;47400;ASH_COATED_OSMIUM;10042;13;10040;17;;;10048;13;10052;16;;;10045.0;0.0
yf_MKC_d0;47400;INTARIAN_PEPPER_ROOT;12086;9;12082;20;;;12092;16;12095;16;;;12089.0;0.0
yf_MKC_d0;47500;ASH_COATED_OSMIUM;10042;15;10039;26;;;10048;7;10050;11;;;10045.0;0.0
yf_MKC_d0;47500;INTARIAN_PEPPER_ROOT;12088;21;12084;20;;;12094;5;12097;19;;;12091.0;0.0
yf_MKC_d0;47600;ASH_COATED_OSMIUM;10034;16;10032;26;;;10056;16;10058;25;;;10045.0;0.0
yf_MKC_d0;47600;INTARIAN_PEPPER_ROOT;12090;10;12086;23;;;12096;6;12099;19;;;12093.0;0.0
yf_MKC_d0;47700;ASH_COATED_OSMIUM;10042;13;10038;16;;;10048;15;10051;22;;;10045.0;0.0
yf_MKC_d0;47700;INTARIAN_PEPPER_ROOT;12093;16;12090;27;;;12099;12;12103;23;;;12096.0;0.0
yf_MKC_d0;47800;ASH_COATED_OSMIUM;10043;13;10039;13;;;10049;12;10052;15;;;10046.0;0.0
yf_MKC_d0;47800;INTARIAN_PEPPER_ROOT;12085;26;12081;26;;;12111;6;12113;22;;;12098.0;0.0
yf_MKC_d0;47900;ASH_COATED_OSMIUM;10042;18;10040;26;;;10048;18;10052;22;;;10045.0;0.0
yf_MKC_d0;47900;INTARIAN_PEPPER_ROOT;12099;13;12095;19;;;12105;12;12108;19;;;12102.0;0.0
yf_MKC_d0;48000;ASH_COATED_OSMIUM;10036;12;10033;17;;;10055;19;10057;19;;;10045.5;0.0
yf_MKC_d0;48000;INTARIAN_PEPPER_ROOT;12101;17;12097;31;;;12107;19;12111;16;;;12104.0;0.0
yf_MKC_d0;48100;ASH_COATED_OSMIUM;10030;5;10027;25;;;10063;14;10065;15;;;10046.5;0.0
yf_MKC_d0;48100;INTARIAN_PEPPER_ROOT;12103;11;12099;24;;;12109;15;12112;18;;;12106.0;0.0
yf_MKC_d0;48200;ASH_COATED_OSMIUM;10043;20;10039;20;;;10049;10;10051;15;;;10046.0;0.0
yf_MKC_d0;48200;INTARIAN_PEPPER_ROOT;12106;21;12103;20;;;12112;17;12116;26;;;12109.0;0.0
yf_MKC_d0;48300;ASH_COATED_OSMIUM;10041;13;10039;17;;;10051;5;10054;19;;;10046.0;0.0
yf_MKC_d0;48300;INTARIAN_PEPPER_ROOT;12102;7;12100;13;;;12119;16;12123;20;;;12110.5;0.0
yf_MKC_d0;48400;ASH_COATED_OSMIUM;10040;14;10038;20;;;10052;17;10055;22;;;10046.0;0.0
yf_MKC_d0;48400;INTARIAN_PEPPER_ROOT;12102;14;12098;22;;;12125;16;12128;21;;;12113.5;0.0
yf_MKC_d0;48500;ASH_COATED_OSMIUM;10043;12;10040;12;;;10051;19;10053;22;;;10047.0;0.0
yf_MKC_d0;48500;INTARIAN_PEPPER_ROOT;12113;13;12110;13;;;12119;17;12123;18;;;12116.0;0.0
yf_MKC_d0;48600;ASH_COATED_OSMIUM;10032;9;10028;25;;;10062;16;10065;11;;;10047.0;0.0
yf_MKC_d0;48600;INTARIAN_PEPPER_ROOT;12115;20;12111;13;;;12124;8;12128;24;;;12119.5;0.0
yf_MKC_d0;48700;ASH_COATED_OSMIUM;10043;16;10039;18;;;10051;7;10053;14;;;10047.0;0.0
yf_MKC_d0;48700;INTARIAN_PEPPER_ROOT;12114;15;12110;30;;;12128;9;12130;25;;;12121.0;0.0
yf_MKC_d0;48800;ASH_COATED_OSMIUM;10044;11;10041;21;;;10050;14;10052;18;;;10047.0;0.0
yf_MKC_d0;48800;INTARIAN_PEPPER_ROOT;12121;11;12119;21;;;12127;17;12131;25;;;12124.0;0.0
yf_MKC_d0;48900;ASH_COATED_OSMIUM;10044;8;10040;10;;;10050;14;10052;24;;;10047.0;0.0
yf_MKC_d0;48900;INTARIAN_PEPPER_ROOT;12123;10;12120;26;;;12129;18;12132;26;;;12126.0;0.0
yf_MKC_d0;49000;ASH_COATED_OSMIUM;10039;5;10036;29;;;10055;23;10058;23;;;10047.0;0.0
yf_MKC_d0;49000;INTARIAN_PEPPER_ROOT;12125;12;12122;24;;;12132;10;12134;24;;;12128.5;0.0
yf_MKC_d0;49100;ASH_COATED_OSMIUM;10044;23;10040;21;;;10050;23;10052;21;;;10047.0;0.0
yf_MKC_d0;49100;INTARIAN_PEPPER_ROOT;12126;17;12123;10;;;12135;17;12137;21;;;12130.5;0.0
yf_MKC_d0;49200;ASH_COATED_OSMIUM;10045;11;10042;16;;;10051;22;10055;30;;;10048.0;0.0
yf_MKC_d0;49200;INTARIAN_PEPPER_ROOT;12130;14;12126;21;;;12136;16;12138;21;;;12133.0;0.0
yf_MKC_d0;49300;ASH_COATED_OSMIUM;10045;6;10042;21;;;10051;10;10053;11;;;10048.0;0.0
yf_MKC_d0;49300;INTARIAN_PEPPER_ROOT;12133;21;12130;23;;;12139;11;12141;18;;;12136.0;0.0
yf_MKC_d0;49400;ASH_COATED_OSMIUM;10045;19;10042;20;;;10051;15;10055;18;;;10048.0;0.0
yf_MKC_d0;49400;INTARIAN_PEPPER_ROOT;12135;10;12133;20;;;12141;14;12145;18;;;12138.0;0.0
yf_MKC_d0;49500;ASH_COATED_OSMIUM;10045;8;10042;16;;;10051;14;10055;11;;;10048.0;0.0
yf_MKC_d0;49500;INTARIAN_PEPPER_ROOT;12130;8;12126;28;;;12153;18;12156;23;;;12141.5;0.0
yf_MKC_d0;49600;ASH_COATED_OSMIUM;10043;14;10039;15;;;10053;5;10055;18;;;10048.0;0.0
yf_MKC_d0;49600;INTARIAN_PEPPER_ROOT;12135;13;12132;24;;;12152;11;12156;8;;;12143.5;0.0
yf_MKC_d0;49700;ASH_COATED_OSMIUM;10041;14;10037;22;;;10056;8;10058;9;;;10048.5;0.0
yf_MKC_d0;49700;INTARIAN_PEPPER_ROOT;12143;20;12139;29;;;12149;16;12152;27;;;12146.0;0.0
yf_MKC_d0;49800;ASH_COATED_OSMIUM;10046;18;10042;21;;;10052;14;10056;25;;;10049.0;0.0
yf_MKC_d0;49800;INTARIAN_PEPPER_ROOT;12145;15;12141;14;;;12151;16;12154;23;;;12148.0;0.0
yf_MKC_d0;49900;ASH_COATED_OSMIUM;10038;12;10034;20;;;10059;18;10063;18;;;10048.5;0.0
yf_MKC_d0;49900;INTARIAN_PEPPER_ROOT;12149;11;12146;18;;;12155;5;12157;25;;;12152.0;0.0
yf_MKC_d0;50000;ASH_COATED_OSMIUM;10045;19;10042;19;;;10052;11;10055;30;;;10048.5;0.0
yf_MKC_d0;50000;INTARIAN_PEPPER_ROOT;12151;15;12148;28;;;12157;12;12161;21;;;12154.0;0.0
yf_MKC_d0;50100;ASH_COATED_OSMIUM;10046;14;10044;21;;;10052;18;10056;12;;;10049.0;0.0
yf_MKC_d0;50100;INTARIAN_PEPPER_ROOT;12153;20;12151;12;;;12159;12;12163;10;;;12156.0;0.0
yf_MKC_d0;50200;ASH_COATED_OSMIUM;10044;21;10042;20;;;10054;19;10058;26;;;10049.0;0.0
yf_MKC_d0;50200;INTARIAN_PEPPER_ROOT;12153;26;12151;20;;;12165;14;12169;21;;;12159.0;0.0
yf_MKC_d0;50300;ASH_COATED_OSMIUM;10040;15;10038;21;;;10059;10;10063;19;;;10049.5;0.0
yf_MKC_d0;50300;INTARIAN_PEPPER_ROOT;12158;26;12156;31;;;12164;13;12168;14;;;12161.0;0.0
yf_MKC_d0;50400;ASH_COATED_OSMIUM;10047;20;10045;9;;;10053;10;10055;17;;;10050.0;0.0
yf_MKC_d0;50400;INTARIAN_PEPPER_ROOT;12161;13;12158;14;;;12167;17;12170;19;;;12164.0;0.0
yf_MKC_d0;50500;ASH_COATED_OSMIUM;10047;14;10043;27;;;10053;21;10056;19;;;10050.0;0.0
yf_MKC_d0;50500;INTARIAN_PEPPER_ROOT;12163;6;12160;16;;;12169;18;12172;20;;;12166.0;0.0
yf_MKC_d0;50600;ASH_COATED_OSMIUM;10044;16;10041;15;;;10054;16;10058;26;;;10049.0;0.0
yf_MKC_d0;50600;INTARIAN_PEPPER_ROOT;12165;19;12162;22;;;12171;18;12175;19;;;12168.0;0.0
yf_MKC_d0;50700;ASH_COATED_OSMIUM;10047;23;10045;19;;;10053;18;10057;20;;;10050.0;0.0
yf_MKC_d0;50700;INTARIAN_PEPPER_ROOT;12169;7;12166;19;;;12175;17;12178;25;;;12172.0;0.0
yf_MKC_d0;50800;ASH_COATED_OSMIUM;10046;11;10044;26;;;10052;21;10054;16;;;10049.0;0.0
yf_MKC_d0;50800;INTARIAN_PEPPER_ROOT;12171;30;12167;19;;;12177;21;12179;19;;;12174.0;0.0
yf_MKC_d0;50900;ASH_COATED_OSMIUM;10047;18;10045;19;;;10053;13;10057;11;;;10050.0;0.0
yf_MKC_d0;50900;INTARIAN_PEPPER_ROOT;12172;16;12168;20;;;12178;24;12181;20;;;12175.0;0.0
yf_MKC_d0;51000;ASH_COATED_OSMIUM;10045;12;10042;22;;;10051;23;10055;18;;;10048.0;0.0
yf_MKC_d0;51000;INTARIAN_PEPPER_ROOT;12175;8;12173;20;;;12181;25;12184;20;;;12178.0;0.0
yf_MKC_d0;51100;ASH_COATED_OSMIUM;10045;16;10041;14;;;10051;19;10055;17;;;10048.0;0.0
yf_MKC_d0;51100;INTARIAN_PEPPER_ROOT;12174;30;12172;17;;;12183;13;12187;20;;;12178.5;0.0
yf_MKC_d0;51200;ASH_COATED_OSMIUM;10044;12;10041;24;;;10051;16;10054;23;;;10047.5;0.0
yf_MKC_d0;51200;INTARIAN_PEPPER_ROOT;12177;16;12173;22;;;12184;22;12187;12;;;12180.5;0.0
yf_MKC_d0;51300;ASH_COATED_OSMIUM;10044;11;10040;27;;;10050;14;10054;17;;;10047.0;0.0
yf_MKC_d0;51300;INTARIAN_PEPPER_ROOT;12175;5;12171;22;;;12190;14;12193;16;;;12182.5;0.0
yf_MKC_d0;51400;ASH_COATED_OSMIUM;10043;15;10039;31;;;10049;20;10053;21;;;10046.0;0.0
yf_MKC_d0;51400;INTARIAN_PEPPER_ROOT;12163;14;12159;18;;;12205;12;12208;17;;;12184.0;0.0
yf_MKC_d0;51500;ASH_COATED_OSMIUM;10043;13;10039;15;;;10049;19;10053;17;;;10046.0;0.0
yf_MKC_d0;51500;INTARIAN_PEPPER_ROOT;12176;18;12174;25;;;12194;17;12198;18;;;12185.0;0.0
yf_MKC_d0;51600;ASH_COATED_OSMIUM;10042;17;10039;11;;;10048;13;10052;18;;;10045.0;0.0
yf_MKC_d0;51600;INTARIAN_PEPPER_ROOT;12184;12;12182;24;;;12190;11;12193;17;;;12187.0;0.0
yf_MKC_d0;51700;ASH_COATED_OSMIUM;10042;11;10039;23;;;10048;23;10052;24;;;10045.0;0.0
yf_MKC_d0;51700;INTARIAN_PEPPER_ROOT;12186;18;12182;15;;;12192;16;12194;14;;;12189.0;0.0
yf_MKC_d0;51800;ASH_COATED_OSMIUM;10041;11;10039;18;;;10047;13;10049;19;;;10044.0;0.0
yf_MKC_d0;51800;INTARIAN_PEPPER_ROOT;12187;8;12184;26;;;12193;19;12196;21;;;12190.0;0.0
yf_MKC_d0;51900;ASH_COATED_OSMIUM;10041;11;10037;17;;;10047;10;10050;21;;;10044.0;0.0
yf_MKC_d0;51900;INTARIAN_PEPPER_ROOT;12189;7;12187;13;;;12195;13;12198;29;;;12192.0;0.0
yf_MKC_d0;52000;ASH_COATED_OSMIUM;10032;14;10029;17;;;10054;22;10058;20;;;10043.0;0.0
yf_MKC_d0;52000;INTARIAN_PEPPER_ROOT;12179;10;12175;21;;;12207;14;12210;11;;;12193.0;0.0
yf_MKC_d0;52100;ASH_COATED_OSMIUM;10036;7;10032;15;;;10049;22;10052;19;;;10042.5;0.0
yf_MKC_d0;52100;INTARIAN_PEPPER_ROOT;12191;12;12188;15;;;12197;15;12199;27;;;12194.0;0.0
yf_MKC_d0;52200;ASH_COATED_OSMIUM;10037;11;10033;20;;;10049;20;10052;24;;;10043.0;0.0
yf_MKC_d0;52200;INTARIAN_PEPPER_ROOT;12185;12;12181;21;;;12207;16;12209;21;;;12196.0;0.0
yf_MKC_d0;52300;ASH_COATED_OSMIUM;10039;18;10035;17;;;10045;9;10047;26;;;10042.0;0.0
yf_MKC_d0;52300;INTARIAN_PEPPER_ROOT;12195;5;12191;18;;;12201;14;12204;12;;;12198.0;0.0
yf_MKC_d0;52400;ASH_COATED_OSMIUM;10037;17;10035;14;;;10045;13;10047;19;;;10041.0;0.0
yf_MKC_d0;52400;INTARIAN_PEPPER_ROOT;12196;14;12194;24;;;12202;13;12206;16;;;12199.0;0.0
yf_MKC_d0;52500;ASH_COATED_OSMIUM;10038;17;10035;25;;;10044;19;10048;16;;;10041.0;0.0
yf_MKC_d0;52500;INTARIAN_PEPPER_ROOT;12198;5;12196;18;;;12204;12;12206;19;;;12201.0;0.0
yf_MKC_d0;52600;ASH_COATED_OSMIUM;10029;20;10026;24;;;10052;10;10054;13;;;10040.5;0.0
yf_MKC_d0;52600;INTARIAN_PEPPER_ROOT;12200;19;12196;13;;;12206;15;12210;13;;;12203.0;0.0
yf_MKC_d0;52700;ASH_COATED_OSMIUM;10035;11;10031;25;;;10044;18;10046;27;;;10039.5;0.0
yf_MKC_d0;52700;INTARIAN_PEPPER_ROOT;12201;16;12198;14;;;12208;15;12212;21;;;12204.5;0.0
yf_MKC_d0;52800;ASH_COATED_OSMIUM;10037;12;10035;17;;;10043;10;10045;29;;;10040.0;0.0
yf_MKC_d0;52800;INTARIAN_PEPPER_ROOT;12202;16;12199;15;;;12208;14;12212;22;;;12205.0;0.0
yf_MKC_d0;52900;ASH_COATED_OSMIUM;10035;21;10032;22;;;10041;16;10043;21;;;10038.0;0.0
yf_MKC_d0;52900;INTARIAN_PEPPER_ROOT;12204;5;12202;16;;;12210;14;12214;18;;;12207.0;0.0
yf_MKC_d0;53000;ASH_COATED_OSMIUM;10023;14;10019;23;;;10053;12;10057;22;;;10038.0;0.0
yf_MKC_d0;53000;INTARIAN_PEPPER_ROOT;12203;22;12200;26;;;12214;20;12217;16;;;12208.5;0.0
yf_MKC_d0;53100;ASH_COATED_OSMIUM;10030;13;10026;23;;;10045;7;10048;16;;;10037.5;0.0
yf_MKC_d0;53100;INTARIAN_PEPPER_ROOT;12208;18;12204;13;;;12214;12;12216;25;;;12211.0;0.0
yf_MKC_d0;53200;ASH_COATED_OSMIUM;10032;15;10028;17;;;10041;12;10043;23;;;10036.5;0.0
yf_MKC_d0;53200;INTARIAN_PEPPER_ROOT;12209;11;12206;20;;;12215;8;12217;18;;;12212.0;0.0
yf_MKC_d0;53300;ASH_COATED_OSMIUM;10028;15;10025;12;;;10044;15;10048;18;;;10036.0;0.0
yf_MKC_d0;53300;INTARIAN_PEPPER_ROOT;12211;18;12208;20;;;12217;20;12219;20;;;12214.0;0.0
yf_MKC_d0;53400;ASH_COATED_OSMIUM;10033;15;10030;27;;;10039;11;10043;22;;;10036.0;0.0
yf_MKC_d0;53400;INTARIAN_PEPPER_ROOT;12212;5;12209;26;;;12218;16;12222;24;;;12215.0;0.0
yf_MKC_d0;53500;ASH_COATED_OSMIUM;10031;5;10028;19;;;10038;13;10041;12;;;10034.5;0.0
yf_MKC_d0;53500;INTARIAN_PEPPER_ROOT;12213;12;12211;15;;;12219;13;12223;20;;;12216.0;0.0
yf_MKC_d0;53600;ASH_COATED_OSMIUM;10031;14;10028;21;;;10037;15;10040;22;;;10034.0;0.0
yf_MKC_d0;53600;INTARIAN_PEPPER_ROOT;12216;16;12214;22;;;12222;13;12226;26;;;12219.0;0.0
yf_MKC_d0;53700;ASH_COATED_OSMIUM;10028;13;10026;23;;;10040;14;10043;25;;;10034.0;0.0
yf_MKC_d0;53700;INTARIAN_PEPPER_ROOT;12214;11;12210;18;;;12226;20;12228;17;;;12220.0;0.0
yf_MKC_d0;53800;ASH_COATED_OSMIUM;10028;16;10026;22;;;10039;8;10042;24;;;10033.5;0.0
yf_MKC_d0;53800;INTARIAN_PEPPER_ROOT;12218;13;12215;15;;;12226;19;12229;12;;;12222.0;0.0
yf_MKC_d0;53900;ASH_COATED_OSMIUM;10029;14;10026;18;;;10036;11;10038;14;;;10032.5;0.0
yf_MKC_d0;53900;INTARIAN_PEPPER_ROOT;12219;8;12217;21;;;12228;17;12230;24;;;12223.5;0.0
yf_MKC_d0;54000;ASH_COATED_OSMIUM;10029;14;10027;15;;;10035;21;10039;21;;;10032.0;0.0
yf_MKC_d0;54000;INTARIAN_PEPPER_ROOT;12221;18;12217;28;;;12227;15;12231;21;;;12224.0;0.0
yf_MKC_d0;54100;ASH_COATED_OSMIUM;10027;19;10023;20;;;10035;18;10039;27;;;10031.0;0.0
yf_MKC_d0;54100;INTARIAN_PEPPER_ROOT;12218;9;12214;10;;;12233;5;12235;18;;;12225.5;0.0
yf_MKC_d0;54200;ASH_COATED_OSMIUM;10028;22;10025;17;;;10036;18;10040;22;;;10032.0;0.0
yf_MKC_d0;54200;INTARIAN_PEPPER_ROOT;12224;11;12220;24;;;12230;10;12234;12;;;12227.0;0.0
yf_MKC_d0;54300;ASH_COATED_OSMIUM;10027;14;10023;22;;;10035;16;10037;17;;;10031.0;0.0
yf_MKC_d0;54300;INTARIAN_PEPPER_ROOT;12227;9;12223;14;;;12233;8;12235;24;;;12230.0;0.0
yf_MKC_d0;54400;ASH_COATED_OSMIUM;10024;19;10021;20;;;10037;5;10039;23;;;10030.5;0.0
yf_MKC_d0;54400;INTARIAN_PEPPER_ROOT;12227;17;12223;25;;;12236;17;12238;21;;;12231.5;0.0
yf_MKC_d0;54500;ASH_COATED_OSMIUM;10026;15;10023;17;;;10032;22;10035;9;;;10029.0;0.0
yf_MKC_d0;54500;INTARIAN_PEPPER_ROOT;12229;7;12225;18;;;12237;13;12239;8;;;12233.0;0.0
yf_MKC_d0;54600;ASH_COATED_OSMIUM;10021;17;10018;17;;;10037;13;10039;15;;;10029.0;0.0
yf_MKC_d0;54600;INTARIAN_PEPPER_ROOT;12231;16;12227;11;;;12237;12;12239;30;;;12234.0;0.0
yf_MKC_d0;54700;ASH_COATED_OSMIUM;10019;22;10015;14;;;10039;13;10041;22;;;10029.0;0.0
yf_MKC_d0;54700;INTARIAN_PEPPER_ROOT;12231;15;12229;18;;;12240;17;12242;17;;;12235.5;0.0
yf_MKC_d0;54800;ASH_COATED_OSMIUM;10025;10;10021;12;;;10031;18;10034;19;;;10028.0;0.0
yf_MKC_d0;54800;INTARIAN_PEPPER_ROOT;12232;21;12229;25;;;12242;7;12244;15;;;12237.0;0.0
yf_MKC_d0;54900;ASH_COATED_OSMIUM;10022;17;10020;19;;;10033;14;10036;15;;;10027.5;0.0
yf_MKC_d0;54900;INTARIAN_PEPPER_ROOT;12233;7;12230;22;;;12245;10;12248;19;;;12239.0;0.0
yf_MKC_d0;55000;ASH_COATED_OSMIUM;10024;17;10020;25;;;10030;22;10034;10;;;10027.0;0.0
yf_MKC_d0;55000;INTARIAN_PEPPER_ROOT;12232;8;12228;20;;;12249;18;12251;21;;;12240.5;0.0
yf_MKC_d0;55100;ASH_COATED_OSMIUM;10023;12;10020;18;;;10029;12;10033;18;;;10026.0;0.0
yf_MKC_d0;55100;INTARIAN_PEPPER_ROOT;12232;15;12230;20;;;12253;18;12255;15;;;12242.5;0.0
yf_MKC_d0;55200;ASH_COATED_OSMIUM;10023;13;10021;21;;;10029;9;10033;21;;;10026.0;0.0
yf_MKC_d0;55200;INTARIAN_PEPPER_ROOT;12240;14;12236;24;;;12246;16;12250;16;;;12243.0;0.0
yf_MKC_d0;55300;ASH_COATED_OSMIUM;10019;13;10017;21;;;10032;21;10036;21;;;10025.5;0.0
yf_MKC_d0;55300;INTARIAN_PEPPER_ROOT;12237;23;12234;23;;;12254;16;12258;15;;;12245.5;0.0
yf_MKC_d0;55400;ASH_COATED_OSMIUM;10022;13;10019;17;;;10028;12;10030;20;;;10025.0;0.0
yf_MKC_d0;55400;INTARIAN_PEPPER_ROOT;12244;18;12241;25;;;12250;13;12254;20;;;12247.0;0.0
yf_MKC_d0;55500;ASH_COATED_OSMIUM;10019;10;10015;29;;;10028;15;10031;12;;;10023.5;0.0
yf_MKC_d0;55500;INTARIAN_PEPPER_ROOT;12244;12;12240;23;;;12253;14;12256;30;;;12248.5;0.0
yf_MKC_d0;55600;ASH_COATED_OSMIUM;10021;16;10019;12;;;10027;7;10029;16;;;10024.0;0.0
yf_MKC_d0;55600;INTARIAN_PEPPER_ROOT;12247;24;12244;22;;;12253;19;12255;13;;;12250.0;0.0
yf_MKC_d0;55700;ASH_COATED_OSMIUM;10011;15;10009;18;;;10035;10;10038;14;;;10023.0;0.0
yf_MKC_d0;55700;INTARIAN_PEPPER_ROOT;12248;18;12244;29;;;12254;29;12258;20;;;12251.0;0.0
yf_MKC_d0;55800;ASH_COATED_OSMIUM;10019;9;10016;17;;;10025;19;10027;24;;;10022.0;0.0
yf_MKC_d0;55800;INTARIAN_PEPPER_ROOT;12250;15;12246;28;;;12256;16;12259;14;;;12253.0;0.0
yf_MKC_d0;55900;ASH_COATED_OSMIUM;10019;9;10017;16;;;10025;23;10029;16;;;10022.0;0.0
yf_MKC_d0;55900;INTARIAN_PEPPER_ROOT;12251;21;12249;21;;;12258;5;12260;23;;;12254.5;0.0
yf_MKC_d0;56000;ASH_COATED_OSMIUM;10018;17;10015;21;;;10024;20;10027;19;;;10021.0;0.0
yf_MKC_d0;56000;INTARIAN_PEPPER_ROOT;12253;16;12249;20;;;12259;24;12261;20;;;12256.0;0.0
yf_MKC_d0;56100;ASH_COATED_OSMIUM;10018;20;10016;16;;;10024;22;10026;25;;;10021.0;0.0
yf_MKC_d0;56100;INTARIAN_PEPPER_ROOT;12255;16;12251;25;;;12261;12;12265;23;;;12258.0;0.0
yf_MKC_d0;56200;ASH_COATED_OSMIUM;10018;10;10016;30;;;10024;10;10028;16;;;10021.0;0.0
yf_MKC_d0;56200;INTARIAN_PEPPER_ROOT;12256;9;12252;31;;;12262;13;12264;23;;;12259.0;0.0
yf_MKC_d0;56300;ASH_COATED_OSMIUM;10017;21;10014;11;;;10023;12;10026;16;;;10020.0;0.0
yf_MKC_d0;56300;INTARIAN_PEPPER_ROOT;12258;12;12254;14;;;12264;7;12266;24;;;12261.0;0.0
yf_MKC_d0;56400;ASH_COATED_OSMIUM;10014;14;10011;14;;;10025;23;10029;28;;;10019.5;0.0
yf_MKC_d0;56400;INTARIAN_PEPPER_ROOT;12259;11;12257;13;;;12265;19;12268;15;;;12262.0;0.0
yf_MKC_d0;56500;ASH_COATED_OSMIUM;10014;15;10011;13;;;10024;12;10028;13;;;10019.0;0.0
yf_MKC_d0;56500;INTARIAN_PEPPER_ROOT;12259;16;12257;18;;;12271;13;12274;27;;;12265.0;0.0
yf_MKC_d0;56600;ASH_COATED_OSMIUM;10008;8;10005;16;;;10027;10;10031;33;;;10017.5;0.0
yf_MKC_d0;56600;INTARIAN_PEPPER_ROOT;12258;17;12254;17;;;12274;9;12276;25;;;12266.0;0.0
yf_MKC_d0;56700;ASH_COATED_OSMIUM;10015;24;10013;20;;;10021;17;10025;14;;;10018.0;0.0
yf_MKC_d0;56700;INTARIAN_PEPPER_ROOT;12264;15;12261;22;;;12270;10;12274;26;;;12267.0;0.0
yf_MKC_d0;56800;ASH_COATED_OSMIUM;10012;8;10008;12;;;10021;19;10023;18;;;10016.5;0.0
yf_MKC_d0;56800;INTARIAN_PEPPER_ROOT;12266;29;12262;22;;;12272;18;12276;22;;;12269.0;0.0
yf_MKC_d0;56900;ASH_COATED_OSMIUM;10014;16;10010;22;;;10020;8;10024;30;;;10017.0;0.0
yf_MKC_d0;56900;INTARIAN_PEPPER_ROOT;12264;15;12260;21;;;12276;11;12278;18;;;12270.0;0.0
yf_MKC_d0;57000;ASH_COATED_OSMIUM;10014;15;10011;20;;;10020;14;10022;22;;;10017.0;0.0
yf_MKC_d0;57000;INTARIAN_PEPPER_ROOT;12269;12;12265;15;;;12275;12;12279;23;;;12272.0;0.0
yf_MKC_d0;57100;ASH_COATED_OSMIUM;10012;12;10010;16;;;10018;14;10020;23;;;10015.0;0.0
yf_MKC_d0;57100;INTARIAN_PEPPER_ROOT;12265;6;12262;17;;;12282;20;12285;18;;;12273.5;0.0
yf_MKC_d0;57200;ASH_COATED_OSMIUM;10012;12;10010;20;;;10018;5;10020;21;;;10015.0;0.0
yf_MKC_d0;57200;INTARIAN_PEPPER_ROOT;12271;12;12268;18;;;12278;11;12282;16;;;12274.5;0.0
yf_MKC_d0;57300;ASH_COATED_OSMIUM;10009;13;10006;26;;;10020;12;10023;23;;;10014.5;0.0
