day;timestamp;product;bid_price_1;bid_volume_1;bid_price_2;bid_volume_2;bid_price_3;bid_volume_3;ask_price_1;ask_volume_1;ask_price_2;ask_volume_2;ask_price_3;ask_volume_3;mid_price;profit_and_loss
yf_MKC_d13;0;ASH_COATED_OSMIUM;9964;5;9961;21;;;9978;18;9981;14;;;9971.0;0.0
yf_MKC_d13;0;INTARIAN_PEPPER_ROOT;10995;9;10991;21;;;11004;14;11007;13;;;10999.5;0.0
yf_MKC_d13;100;ASH_COATED_OSMIUM;9967;14;9964;20;;;9973;17;9977;24;;;9970.0;0.0
yf_MKC_d13;100;INTARIAN_PEPPER_ROOT;10998;13;10994;20;;;11004;10;11008;19;;;11001.0;0.0
yf_MKC_d13;200;ASH_COATED_OSMIUM;9963;13;9959;14;;;9978;11;9982;25;;;9970.5;0.0
yf_MKC_d13;200;INTARIAN_PEPPER_ROOT;10999;17;10997;22;;;11005;24;11008;24;;;11002.0;0.0
yf_MKC_d13;300;ASH_COATED_OSMIUM;9967;14;9965;18;;;9973;15;9976;25;;;9970.0;0.0
yf_MKC_d13;300;INTARIAN_PEPPER_ROOT;11000;17;10997;25;;;11006;17;11009;19;;;11003.0;0.0
yf_MKC_d13;400;ASH_COATED_OSMIUM;9967;18;9964;20;;;9973;11;9975;14;;;9970.0;0.0
yf_MKC_d13;400;INTARIAN_PEPPER_ROOT;11001;13;10997;22;;;11007;10;11011;20;;;11004.0;0.0
yf_MKC_d13;500;ASH_COATED_OSMIUM;9967;23;9963;22;;;9973;13;9976;19;;;9970.0;0.0
yf_MKC_d13;500;INTARIAN_PEPPER_ROOT;11003;14;10999;16;;;11009;19;11013;23;;;11006.0;0.0
yf_MKC_d13;600;ASH_COATED_OSMIUM;9967;22;9963;24;;;9973;13;9975;24;;;9970.0;0.0
yf_MKC_d13;600;INTARIAN_PEPPER_ROOT;11004;13;11000;19;;;11010;25;11014;20;;;11007.0;0.0
yf_MKC_d13;700;ASH_COATED_OSMIUM;9966;16;9963;26;;;9972;9;9976;17;;;9969.0;0.0
yf_MKC_d13;700;INTARIAN_PEPPER_ROOT;11005;16;11003;18;;;11011;14;11015;31;;;11008.0;0.0
yf_MKC_d13;800;ASH_COATED_OSMIUM;9965;14;9962;18;;;9974;8;9978;22;;;9969.5;0.0
yf_MKC_d13;800;INTARIAN_PEPPER_ROOT;11006;18;11002;29;;;11012;19;11014;21;;;11009.0;0.0
yf_MKC_d13;900;ASH_COATED_OSMIUM;9966;21;9964;23;;;9972;13;9974;16;;;9969.0;0.0
yf_MKC_d13;900;INTARIAN_PEPPER_ROOT;11000;9;10997;21;;;11020;15;11023;29;;;11010.0;0.0
yf_MKC_d13;1000;ASH_COATED_OSMIUM;9965;16;9963;17;;;9971;5;9975;16;;;9968.0;0.0
yf_MKC_d13;1000;INTARIAN_PEPPER_ROOT;11008;15;11006;15;;;11014;10;11017;16;;;11011.0;0.0
yf_MKC_d13;1100;ASH_COATED_OSMIUM;9962;13;9959;15;;;9974;14;9977;20;;;9968.0;0.0
yf_MKC_d13;1100;INTARIAN_PEPPER_ROOT;11004;18;11001;24;;;11021;8;11023;23;;;11012.5;0.0
yf_MKC_d13;1200;ASH_COATED_OSMIUM;9966;16;9962;18;;;9972;8;9974;25;;;9969.0;0.0
yf_MKC_d13;1200;INTARIAN_PEPPER_ROOT;11010;20;11007;24;;;11016;18;11018;17;;;11013.0;0.0
yf_MKC_d13;1300;ASH_COATED_OSMIUM;9965;24;9962;19;;;9971;18;9973;21;;;9968.0;0.0
yf_MKC_d13;1300;INTARIAN_PEPPER_ROOT;11000;9;10998;17;;;11029;11;11032;10;;;11014.5;0.0
yf_MKC_d13;1400;ASH_COATED_OSMIUM;9959;13;9955;21;;;9978;19;9982;22;;;9968.5;0.0
yf_MKC_d13;1400;INTARIAN_PEPPER_ROOT;11010;12;11006;17;;;11021;5;11025;13;;;11015.5;0.0
yf_MKC_d13;1500;ASH_COATED_OSMIUM;9954;24;9951;22;;;9983;14;9987;14;;;9968.5;0.0
yf_MKC_d13;1500;INTARIAN_PEPPER_ROOT;11012;12;11010;18;;;11022;15;11024;13;;;11017.0;0.0
yf_MKC_d13;1600;ASH_COATED_OSMIUM;9965;16;9963;28;;;9971;14;9973;23;;;9968.0;0.0
yf_MKC_d13;1600;INTARIAN_PEPPER_ROOT;11013;14;11011;23;;;11024;10;11026;11;;;11018.5;0.0
yf_MKC_d13;1700;ASH_COATED_OSMIUM;9965;12;9963;26;;;9971;14;9975;23;;;9968.0;0.0
yf_MKC_d13;1700;INTARIAN_PEPPER_ROOT;11010;9;11007;23;;;11029;15;11031;22;;;11019.5;0.0
yf_MKC_d13;1800;ASH_COATED_OSMIUM;9965;17;9962;14;;;9971;9;9974;19;;;9968.0;0.0
yf_MKC_d13;1800;INTARIAN_PEPPER_ROOT;11011;19;11008;19;;;11032;21;11036;22;;;11021.5;0.0
yf_MKC_d13;1900;ASH_COATED_OSMIUM;9965;5;9962;19;;;9971;15;9975;15;;;9968.0;0.0
yf_MKC_d13;1900;INTARIAN_PEPPER_ROOT;11015;9;11011;22;;;11028;12;11032;22;;;11021.5;0.0
yf_MKC_d13;2000;ASH_COATED_OSMIUM;9964;7;9961;24;;;9970;16;9973;22;;;9967.0;0.0
yf_MKC_d13;2000;INTARIAN_PEPPER_ROOT;11019;22;11015;17;;;11025;14;11027;12;;;11022.0;0.0
yf_MKC_d13;2100;ASH_COATED_OSMIUM;9964;16;9960;26;;;9970;13;9972;15;;;9967.0;0.0
yf_MKC_d13;2100;INTARIAN_PEPPER_ROOT;11021;21;11017;12;;;11027;11;11029;25;;;11024.0;0.0
yf_MKC_d13;2200;ASH_COATED_OSMIUM;9964;13;9961;17;;;9970;15;9972;17;;;9967.0;0.0
yf_MKC_d13;2200;INTARIAN_PEPPER_ROOT;11022;22;11019;21;;;11028;13;11032;18;;;11025.0;0.0
yf_MKC_d13;2300;ASH_COATED_OSMIUM;9964;18;9960;23;;;9970;13;9974;20;;;9967.0;0.0
yf_MKC_d13;2300;INTARIAN_PEPPER_ROOT;11023;10;11019;21;;;11029;13;11032;16;;;11026.0;0.0
yf_MKC_d13;2400;ASH_COATED_OSMIUM;9962;15;9960;24;;;9970;17;9973;16;;;9966.0;0.0
yf_MKC_d13;2400;INTARIAN_PEPPER_ROOT;11024;11;11022;22;;;11030;12;11032;19;;;11027.0;0.0
yf_MKC_d13;2500;ASH_COATED_OSMIUM;9963;11;9960;20;;;9969;15;9973;23;;;9966.0;0.0
yf_MKC_d13;2500;INTARIAN_PEPPER_ROOT;11017;13;11015;19;;;11041;17;11044;11;;;11029.0;0.0
yf_MKC_d13;2600;ASH_COATED_OSMIUM;9961;10;9959;24;;;9973;16;9975;21;;;9967.0;0.0
yf_MKC_d13;2600;INTARIAN_PEPPER_ROOT;11025;18;11021;14;;;11034;19;11037;13;;;11029.5;0.0
yf_MKC_d13;2700;ASH_COATED_OSMIUM;9963;6;9960;19;;;9969;19;9972;14;;;9966.0;0.0
yf_MKC_d13;2700;INTARIAN_PEPPER_ROOT;11027;17;11023;17;;;11033;16;11037;18;;;11030.0;0.0
yf_MKC_d13;2800;ASH_COATED_OSMIUM;9963;5;9960;26;;;9969;17;9973;17;;;9966.0;0.0
yf_MKC_d13;2800;INTARIAN_PEPPER_ROOT;11028;20;11026;10;;;11034;22;11037;18;;;11031.0;0.0
yf_MKC_d13;2900;ASH_COATED_OSMIUM;9963;17;9960;25;;;9969;21;9971;30;;;9966.0;0.0
yf_MKC_d13;2900;INTARIAN_PEPPER_ROOT;11023;14;11020;20;;;11044;18;11048;24;;;11033.5;0.0
yf_MKC_d13;3000;ASH_COATED_OSMIUM;9960;19;9957;11;;;9973;13;9976;9;;;9966.5;0.0
yf_MKC_d13;3000;INTARIAN_PEPPER_ROOT;11025;14;11023;27;;;11042;16;11046;14;;;11033.5;0.0
yf_MKC_d13;3100;ASH_COATED_OSMIUM;9963;14;9960;29;;;9969;14;9973;18;;;9966.0;0.0
yf_MKC_d13;3100;INTARIAN_PEPPER_ROOT;11033;14;11029;20;;;11039;9;11042;23;;;11036.0;0.0
yf_MKC_d13;3200;ASH_COATED_OSMIUM;9963;8;9960;19;;;9969;11;9972;17;;;9966.0;0.0
yf_MKC_d13;3200;INTARIAN_PEPPER_ROOT;11025;7;11021;21;;;11048;17;11052;15;;;11036.5;0.0
yf_MKC_d13;3300;ASH_COATED_OSMIUM;9959;19;9957;16;;;9970;11;9973;20;;;9964.5;0.0
yf_MKC_d13;3300;INTARIAN_PEPPER_ROOT;11034;19;11030;24;;;11040;10;11044;27;;;11037.0;0.0
yf_MKC_d13;3400;ASH_COATED_OSMIUM;9961;13;9958;18;;;9967;14;9971;23;;;9964.0;0.0
yf_MKC_d13;3400;INTARIAN_PEPPER_ROOT;11020;21;11017;23;;;11056;16;11060;20;;;11038.0;0.0
yf_MKC_d13;3500;ASH_COATED_OSMIUM;9961;25;9959;26;;;9969;15;9973;23;;;9965.0;0.0
yf_MKC_d13;3500;INTARIAN_PEPPER_ROOT;11037;15;11034;23;;;11043;15;11046;21;;;11040.0;0.0
yf_MKC_d13;3600;ASH_COATED_OSMIUM;9959;13;9957;16;;;9971;16;9973;18;;;9965.0;0.0
yf_MKC_d13;3600;INTARIAN_PEPPER_ROOT;11038;20;11034;14;;;11044;24;11046;17;;;11041.0;0.0
yf_MKC_d13;3700;ASH_COATED_OSMIUM;9961;21;9959;21;;;9969;6;9973;22;;;9965.0;0.0
yf_MKC_d13;3700;INTARIAN_PEPPER_ROOT;11039;18;11035;27;;;11045;14;11047;12;;;11042.0;0.0
yf_MKC_d13;3800;ASH_COATED_OSMIUM;9962;14;9958;17;;;9968;21;9970;23;;;9965.0;0.0
yf_MKC_d13;3800;INTARIAN_PEPPER_ROOT;11037;20;11033;16;;;11050;7;11052;20;;;11043.5;0.0
yf_MKC_d13;3900;ASH_COATED_OSMIUM;9957;15;9954;15;;;9972;20;9974;17;;;9964.5;0.0
yf_MKC_d13;3900;INTARIAN_PEPPER_ROOT;11041;12;11037;21;;;11047;23;11051;12;;;11044.0;0.0
yf_MKC_d13;4000;ASH_COATED_OSMIUM;9961;10;9959;23;;;9967;15;9970;24;;;9964.0;0.0
yf_MKC_d13;4000;INTARIAN_PEPPER_ROOT;11042;11;11039;15;;;11049;20;11052;20;;;11045.5;0.0
yf_MKC_d13;4100;ASH_COATED_OSMIUM;9958;10;9955;15;;;9971;14;9974;10;;;9964.5;0.0
yf_MKC_d13;4100;INTARIAN_PEPPER_ROOT;11038;11;11034;13;;;11054;12;11058;17;;;11046.0;0.0
yf_MKC_d13;4200;ASH_COATED_OSMIUM;9958;15;9956;12;;;9969;17;9973;20;;;9963.5;0.0
yf_MKC_d13;4200;INTARIAN_PEPPER_ROOT;11043;12;11039;22;;;11053;14;11055;21;;;11048.0;0.0
yf_MKC_d13;4300;ASH_COATED_OSMIUM;9961;11;9959;17;;;9967;11;9970;13;;;9964.0;0.0
yf_MKC_d13;4300;INTARIAN_PEPPER_ROOT;11039;9;11035;21;;;11058;13;11062;19;;;11048.5;0.0
yf_MKC_d13;4400;ASH_COATED_OSMIUM;9956;6;9952;24;;;9971;16;9973;28;;;9963.5;0.0
yf_MKC_d13;4400;INTARIAN_PEPPER_ROOT;11044;22;11040;21;;;11054;12;11058;19;;;11049.0;0.0
yf_MKC_d13;4500;ASH_COATED_OSMIUM;9949;9;9947;18;;;9978;11;9982;22;;;9963.5;0.0
yf_MKC_d13;4500;INTARIAN_PEPPER_ROOT;11048;14;11044;15;;;11054;24;11056;21;;;11051.0;0.0
yf_MKC_d13;4600;ASH_COATED_OSMIUM;9960;18;9956;8;;;9966;8;9968;23;;;9963.0;0.0
yf_MKC_d13;4600;INTARIAN_PEPPER_ROOT;11049;16;11045;17;;;11055;8;11058;16;;;11052.0;0.0
yf_MKC_d13;4700;ASH_COATED_OSMIUM;9960;21;9958;11;;;9966;13;9969;22;;;9963.0;0.0
yf_MKC_d13;4700;INTARIAN_PEPPER_ROOT;11040;16;11038;8;;;11068;11;11071;23;;;11054.0;0.0
yf_MKC_d13;4800;ASH_COATED_OSMIUM;9950;30;9947;20;;;9976;13;9980;9;;;9963.0;0.0
yf_MKC_d13;4800;INTARIAN_PEPPER_ROOT;11043;13;11041;18;;;11067;14;11070;27;;;11055.0;0.0
yf_MKC_d13;4900;ASH_COATED_OSMIUM;9955;14;9952;24;;;9971;7;9974;12;;;9963.0;0.0
yf_MKC_d13;4900;INTARIAN_PEPPER_ROOT;11047;25;11045;23;;;11066;20;11070;19;;;11056.5;0.0
yf_MKC_d13;5000;ASH_COATED_OSMIUM;9960;23;9956;11;;;9966;15;9968;18;;;9963.0;0.0
yf_MKC_d13;5000;INTARIAN_PEPPER_ROOT;11054;19;11050;28;;;11060;18;11062;25;;;11057.0;0.0
yf_MKC_d13;5100;ASH_COATED_OSMIUM;9959;17;9956;25;;;9966;17;9970;19;;;9962.5;0.0
yf_MKC_d13;5100;INTARIAN_PEPPER_ROOT;11055;17;11053;15;;;11061;15;11065;22;;;11058.0;0.0
yf_MKC_d13;5200;ASH_COATED_OSMIUM;9960;12;9958;19;;;9966;22;9970;19;;;9963.0;0.0
yf_MKC_d13;5200;INTARIAN_PEPPER_ROOT;11056;12;11052;14;;;11062;27;11064;18;;;11059.0;0.0
yf_MKC_d13;5300;ASH_COATED_OSMIUM;9959;16;9955;19;;;9965;12;9969;22;;;9962.0;0.0
yf_MKC_d13;5300;INTARIAN_PEPPER_ROOT;11057;17;11053;20;;;11063;10;11067;19;;;11060.0;0.0
yf_MKC_d13;5400;ASH_COATED_OSMIUM;9959;16;9957;13;;;9965;16;9968;17;;;9962.0;0.0
yf_MKC_d13;5400;INTARIAN_PEPPER_ROOT;11054;5;11050;16;;;11068;9;11071;22;;;11061.0;0.0
yf_MKC_d13;5500;ASH_COATED_OSMIUM;9959;14;9957;11;;;9965;16;9968;20;;;9962.0;0.0
yf_MKC_d13;5500;INTARIAN_PEPPER_ROOT;11059;13;11056;28;;;11065;19;11067;25;;;11062.0;0.0
yf_MKC_d13;5600;ASH_COATED_OSMIUM;9959;16;9957;19;;;9965;24;9969;15;;;9962.0;0.0
yf_MKC_d13;5600;INTARIAN_PEPPER_ROOT;11061;16;11058;27;;;11067;16;11069;20;;;11064.0;0.0
yf_MKC_d13;5700;ASH_COATED_OSMIUM;9959;8;9955;20;;;9965;6;9967;17;;;9962.0;0.0
yf_MKC_d13;5700;INTARIAN_PEPPER_ROOT;11056;16;11052;25;;;11074;17;11078;11;;;11065.0;0.0
yf_MKC_d13;5800;ASH_COATED_OSMIUM;9959;11;9957;25;;;9965;9;9969;30;;;9962.0;0.0
yf_MKC_d13;5800;INTARIAN_PEPPER_ROOT;11063;17;11059;9;;;11069;13;11072;19;;;11066.0;0.0
yf_MKC_d13;5900;ASH_COATED_OSMIUM;9958;10;9954;33;;;9964;7;9968;27;;;9961.0;0.0
yf_MKC_d13;5900;INTARIAN_PEPPER_ROOT;11064;13;11062;30;;;11070;6;11072;23;;;11067.0;0.0
yf_MKC_d13;6000;ASH_COATED_OSMIUM;9958;13;9954;25;;;9964;20;9967;23;;;9961.0;0.0
yf_MKC_d13;6000;INTARIAN_PEPPER_ROOT;11065;5;11061;17;;;11071;8;11073;17;;;11068.0;0.0
yf_MKC_d13;6100;ASH_COATED_OSMIUM;9945;9;9942;26;;;9977;12;9981;13;;;9961.0;0.0
yf_MKC_d13;6100;INTARIAN_PEPPER_ROOT;11066;15;11063;17;;;11073;21;11075;13;;;11069.5;0.0
yf_MKC_d13;6200;ASH_COATED_OSMIUM;9957;20;9954;17;;;9963;14;9967;24;;;9960.0;0.0
yf_MKC_d13;6200;INTARIAN_PEPPER_ROOT;11068;22;11064;15;;;11074;18;11077;24;;;11071.0;0.0
yf_MKC_d13;6300;ASH_COATED_OSMIUM;9957;16;9954;21;;;9963;13;9966;14;;;9960.0;0.0
yf_MKC_d13;6300;INTARIAN_PEPPER_ROOT;11065;19;11061;24;;;11079;15;11081;16;;;11072.0;0.0
yf_MKC_d13;6400;ASH_COATED_OSMIUM;9958;16;9954;17;;;9964;16;9966;16;;;9961.0;0.0
yf_MKC_d13;6400;INTARIAN_PEPPER_ROOT;11070;20;11066;14;;;11076;13;11078;22;;;11073.0;0.0
yf_MKC_d13;6500;ASH_COATED_OSMIUM;9958;12;9955;18;;;9964;5;9966;14;;;9961.0;0.0
yf_MKC_d13;6500;INTARIAN_PEPPER_ROOT;11068;13;11066;20;;;11080;12;11083;17;;;11074.0;0.0
yf_MKC_d13;6600;ASH_COATED_OSMIUM;9957;5;9955;13;;;9963;8;9965;23;;;9960.0;0.0
yf_MKC_d13;6600;INTARIAN_PEPPER_ROOT;11070;10;11066;19;;;11081;22;11084;16;;;11075.5;0.0
yf_MKC_d13;6700;ASH_COATED_OSMIUM;9955;14;9951;12;;;9965;20;9967;18;;;9960.0;0.0
yf_MKC_d13;6700;INTARIAN_PEPPER_ROOT;11073;8;11071;16;;;11079;17;11083;24;;;11076.0;0.0
yf_MKC_d13;6800;ASH_COATED_OSMIUM;9955;15;9951;19;;;9965;16;9968;18;;;9960.0;0.0
yf_MKC_d13;6800;INTARIAN_PEPPER_ROOT;11074;10;11071;8;;;11080;11;11082;17;;;11077.0;0.0
yf_MKC_d13;6900;ASH_COATED_OSMIUM;9957;15;9953;16;;;9963;12;9967;28;;;9960.0;0.0
yf_MKC_d13;6900;INTARIAN_PEPPER_ROOT;11075;17;11071;25;;;11081;13;11083;20;;;11078.0;0.0
yf_MKC_d13;7000;ASH_COATED_OSMIUM;9955;17;9953;9;;;9963;5;9966;21;;;9959.0;0.0
yf_MKC_d13;7000;INTARIAN_PEPPER_ROOT;11075;18;11071;15;;;11085;20;11087;23;;;11080.0;0.0
yf_MKC_d13;7100;ASH_COATED_OSMIUM;9957;11;9954;23;;;9963;12;9965;19;;;9960.0;0.0
yf_MKC_d13;7100;INTARIAN_PEPPER_ROOT;11078;18;11074;15;;;11084;10;11087;16;;;11081.0;0.0
yf_MKC_d13;7200;ASH_COATED_OSMIUM;9956;19;9952;28;;;9962;11;9965;23;;;9959.0;0.0
yf_MKC_d13;7200;INTARIAN_PEPPER_ROOT;11078;14;11076;13;;;11084;15;11086;24;;;11081.0;0.0
yf_MKC_d13;7300;ASH_COATED_OSMIUM;9956;13;9953;24;;;9962;9;9964;24;;;9959.0;0.0
yf_MKC_d13;7300;INTARIAN_PEPPER_ROOT;11061;20;11058;10;;;11104;14;11106;26;;;11082.5;0.0
yf_MKC_d13;7400;ASH_COATED_OSMIUM;9955;14;9953;21;;;9963;11;9966;21;;;9959.0;0.0
yf_MKC_d13;7400;INTARIAN_PEPPER_ROOT;11081;22;11078;23;;;11088;12;11091;13;;;11084.5;0.0
yf_MKC_d13;7500;ASH_COATED_OSMIUM;9955;15;9953;17;;;9962;16;9965;23;;;9958.5;0.0
yf_MKC_d13;7500;INTARIAN_PEPPER_ROOT;11082;15;11079;12;;;11088;11;11091;18;;;11085.0;0.0
yf_MKC_d13;7600;ASH_COATED_OSMIUM;9945;19;9941;26;;;9972;23;9974;15;;;9958.5;0.0
yf_MKC_d13;7600;INTARIAN_PEPPER_ROOT;11078;17;11076;15;;;11094;18;11097;23;;;11086.0;0.0
yf_MKC_d13;7700;ASH_COATED_OSMIUM;9955;13;9952;15;;;9961;13;9963;20;;;9958.0;0.0
yf_MKC_d13;7700;INTARIAN_PEPPER_ROOT;11080;18;11076;16;;;11095;10;11097;20;;;11087.5;0.0
yf_MKC_d13;7800;ASH_COATED_OSMIUM;9955;19;9953;23;;;9961;9;9963;28;;;9958.0;0.0
yf_MKC_d13;7800;INTARIAN_PEPPER_ROOT;11083;17;11080;11;;;11095;23;11099;16;;;11089.0;0.0
yf_MKC_d13;7900;ASH_COATED_OSMIUM;9955;20;9953;31;;;9961;5;9963;20;;;9958.0;0.0
yf_MKC_d13;7900;INTARIAN_PEPPER_ROOT;11087;10;11085;26;;;11093;25;11097;23;;;11090.0;0.0
yf_MKC_d13;8000;ASH_COATED_OSMIUM;9955;24;9952;23;;;9961;22;9963;20;;;9958.0;0.0
yf_MKC_d13;8000;INTARIAN_PEPPER_ROOT;11083;13;11081;22;;;11098;12;11100;18;;;11090.5;0.0
yf_MKC_d13;8100;ASH_COATED_OSMIUM;9952;21;9948;21;;;9963;16;9966;23;;;9957.5;0.0
yf_MKC_d13;8100;INTARIAN_PEPPER_ROOT;11089;15;11086;19;;;11095;25;11097;27;;;11092.0;0.0
yf_MKC_d13;8200;ASH_COATED_OSMIUM;9947;10;9944;22;;;9966;17;9970;18;;;9956.5;0.0
yf_MKC_d13;8200;INTARIAN_PEPPER_ROOT;11090;13;11088;18;;;11096;12;11100;17;;;11093.0;0.0
yf_MKC_d13;8300;ASH_COATED_OSMIUM;9954;23;9950;16;;;9960;15;9964;21;;;9957.0;0.0
yf_MKC_d13;8300;INTARIAN_PEPPER_ROOT;11091;18;11087;17;;;11097;22;11101;21;;;11094.0;0.0
yf_MKC_d13;8400;ASH_COATED_OSMIUM;9952;23;9948;35;;;9961;12;9963;28;;;9956.5;0.0
yf_MKC_d13;8400;INTARIAN_PEPPER_ROOT;11087;20;11084;25;;;11104;22;11106;14;;;11095.5;0.0
yf_MKC_d13;8500;ASH_COATED_OSMIUM;9954;16;9952;8;;;9960;11;9963;24;;;9957.0;0.0
yf_MKC_d13;8500;INTARIAN_PEPPER_ROOT;11094;18;11091;17;;;11100;15;11103;22;;;11097.0;0.0
yf_MKC_d13;8600;ASH_COATED_OSMIUM;9954;10;9950;11;;;9960;14;9962;21;;;9957.0;0.0
yf_MKC_d13;8600;INTARIAN_PEPPER_ROOT;11095;5;11092;23;;;11101;21;11105;13;;;11098.0;0.0
yf_MKC_d13;8700;ASH_COATED_OSMIUM;9950;10;9947;27;;;9963;13;9966;22;;;9956.5;0.0
yf_MKC_d13;8700;INTARIAN_PEPPER_ROOT;11096;9;11094;17;;;11102;14;11106;13;;;11099.0;0.0
yf_MKC_d13;8800;ASH_COATED_OSMIUM;9954;17;9952;27;;;9960;13;9964;28;;;9957.0;0.0
yf_MKC_d13;8800;INTARIAN_PEPPER_ROOT;11097;26;11095;18;;;11103;13;11107;13;;;11100.0;0.0
yf_MKC_d13;8900;ASH_COATED_OSMIUM;9953;7;9951;20;;;9959;11;9962;23;;;9956.0;0.0
yf_MKC_d13;8900;INTARIAN_PEPPER_ROOT;11097;12;11094;18;;;11105;18;11107;24;;;11101.0;0.0
yf_MKC_d13;9000;ASH_COATED_OSMIUM;9953;13;9949;22;;;9959;17;9961;21;;;9956.0;0.0
yf_MKC_d13;9000;INTARIAN_PEPPER_ROOT;11094;15;11092;26;;;11112;17;11115;29;;;11103.0;0.0
yf_MKC_d13;9100;ASH_COATED_OSMIUM;9953;8;9951;9;;;9959;9;9963;25;;;9956.0;0.0
yf_MKC_d13;9100;INTARIAN_PEPPER_ROOT;11100;16;11098;15;;;11106;15;11110;15;;;11103.0;0.0
yf_MKC_d13;9200;ASH_COATED_OSMIUM;9952;14;9950;16;;;9960;20;9963;11;;;9956.0;0.0
yf_MKC_d13;9200;INTARIAN_PEPPER_ROOT;11102;17;11099;23;;;11108;11;11112;22;;;11105.0;0.0
yf_MKC_d13;9300;ASH_COATED_OSMIUM;9952;10;9950;14;;;9960;12;9963;11;;;9956.0;0.0
yf_MKC_d13;9300;INTARIAN_PEPPER_ROOT;11103;9;11099;21;;;11109;8;11112;26;;;11106.0;0.0
yf_MKC_d13;9400;ASH_COATED_OSMIUM;9952;14;9950;15;;;9958;19;9962;13;;;9955.0;0.0
yf_MKC_d13;9400;INTARIAN_PEPPER_ROOT;11094;21;11091;20;;;11118;20;11121;21;;;11106.0;0.0
yf_MKC_d13;9500;ASH_COATED_OSMIUM;9947;15;9944;13;;;9964;19;9968;26;;;9955.5;0.0
yf_MKC_d13;9500;INTARIAN_PEPPER_ROOT;11105;16;11102;16;;;11111;21;11113;30;;;11108.0;0.0
yf_MKC_d13;9600;ASH_COATED_OSMIUM;9953;22;9949;11;;;9959;10;9963;20;;;9956.0;0.0
yf_MKC_d13;9600;INTARIAN_PEPPER_ROOT;11104;15;11100;13;;;11115;13;11119;21;;;11109.5;0.0
yf_MKC_d13;9700;ASH_COATED_OSMIUM;9952;15;9949;17;;;9958;15;9961;23;;;9955.0;0.0
yf_MKC_d13;9700;INTARIAN_PEPPER_ROOT;11107;23;11105;14;;;11113;9;11115;16;;;11110.0;0.0
yf_MKC_d13;9800;ASH_COATED_OSMIUM;9952;14;9949;14;;;9958;15;9960;16;;;9955.0;0.0
yf_MKC_d13;9800;INTARIAN_PEPPER_ROOT;11099;6;11097;26;;;11123;6;11126;20;;;11111.0;0.0
yf_MKC_d13;9900;ASH_COATED_OSMIUM;9948;21;9946;19;;;9961;17;9963;22;;;9954.5;0.0
yf_MKC_d13;9900;INTARIAN_PEPPER_ROOT;11108;5;11106;16;;;11117;18;11119;20;;;11112.5;0.0
yf_MKC_d13;10000;ASH_COATED_OSMIUM;9951;11;9949;16;;;9958;14;9960;22;;;9954.5;0.0
yf_MKC_d13;10000;INTARIAN_PEPPER_ROOT;11111;23;11107;25;;;11117;20;11119;23;;;11114.0;0.0
yf_MKC_d13;10100;ASH_COATED_OSMIUM;9948;16;9945;23;;;9961;15;9963;11;;;9954.5;0.0
yf_MKC_d13;10100;INTARIAN_PEPPER_ROOT;11107;8;11105;15;;;11124;11;11127;16;;;11115.5;0.0
yf_MKC_d13;10200;ASH_COATED_OSMIUM;9948;8;9946;17;;;9961;16;9964;30;;;9954.5;0.0
yf_MKC_d13;10200;INTARIAN_PEPPER_ROOT;11113;13;11111;13;;;11119;13;11121;17;;;11116.0;0.0
yf_MKC_d13;10300;ASH_COATED_OSMIUM;9951;18;9947;22;;;9957;12;9959;20;;;9954.0;0.0
yf_MKC_d13;10300;INTARIAN_PEPPER_ROOT;11101;22;11097;26;;;11133;20;11136;15;;;11117.0;0.0
yf_MKC_d13;10400;ASH_COATED_OSMIUM;9951;16;9948;22;;;9957;16;9961;19;;;9954.0;0.0
yf_MKC_d13;10400;INTARIAN_PEPPER_ROOT;11110;16;11106;23;;;11126;25;11129;17;;;11118.0;0.0
yf_MKC_d13;10500;ASH_COATED_OSMIUM;9951;15;9948;17;;;9957;12;9961;14;;;9954.0;0.0
yf_MKC_d13;10500;INTARIAN_PEPPER_ROOT;11115;10;11112;13;;;11123;16;11125;19;;;11119.0;0.0
yf_MKC_d13;10600;ASH_COATED_OSMIUM;9949;8;9945;9;;;9959;9;9963;16;;;9954.0;0.0
yf_MKC_d13;10600;INTARIAN_PEPPER_ROOT;11117;15;11114;25;;;11123;22;11126;24;;;11120.0;0.0
yf_MKC_d13;10700;ASH_COATED_OSMIUM;9950;17;9946;15;;;9956;18;9958;21;;;9953.0;0.0
yf_MKC_d13;10700;INTARIAN_PEPPER_ROOT;11118;7;11115;19;;;11124;16;11126;16;;;11121.0;0.0
yf_MKC_d13;10800;ASH_COATED_OSMIUM;9950;11;9946;22;;;9956;16;9960;20;;;9953.0;0.0
yf_MKC_d13;10800;INTARIAN_PEPPER_ROOT;11120;14;11118;22;;;11126;13;11128;24;;;11123.0;0.0
yf_MKC_d13;10900;ASH_COATED_OSMIUM;9950;15;9948;22;;;9957;14;9960;20;;;9953.5;0.0
yf_MKC_d13;10900;INTARIAN_PEPPER_ROOT;11121;9;11117;13;;;11127;10;11130;22;;;11124.0;0.0
yf_MKC_d13;11000;ASH_COATED_OSMIUM;9950;22;9947;19;;;9956;5;9960;22;;;9953.0;0.0
yf_MKC_d13;11000;INTARIAN_PEPPER_ROOT;11122;9;11118;23;;;11128;20;11131;21;;;11125.0;0.0
yf_MKC_d13;11100;ASH_COATED_OSMIUM;9949;12;9946;23;;;9955;18;9959;31;;;9952.0;0.0
yf_MKC_d13;11100;INTARIAN_PEPPER_ROOT;11123;10;11121;20;;;11129;18;11131;15;;;11126.0;0.0
yf_MKC_d13;11200;ASH_COATED_OSMIUM;9949;17;9946;23;;;9956;15;9958;20;;;9952.5;0.0
yf_MKC_d13;11200;INTARIAN_PEPPER_ROOT;11123;20;11120;24;;;11132;24;11136;28;;;11127.5;0.0
yf_MKC_d13;11300;ASH_COATED_OSMIUM;9949;14;9945;19;;;9957;15;9959;14;;;9953.0;0.0
yf_MKC_d13;11300;INTARIAN_PEPPER_ROOT;11126;14;11122;23;;;11132;10;11134;19;;;11129.0;0.0
yf_MKC_d13;11400;ASH_COATED_OSMIUM;9949;6;9945;29;;;9955;17;9958;22;;;9952.0;0.0
yf_MKC_d13;11400;INTARIAN_PEPPER_ROOT;11126;20;11123;16;;;11132;15;11136;18;;;11129.0;0.0
yf_MKC_d13;11500;ASH_COATED_OSMIUM;9949;15;9947;16;;;9955;11;9957;18;;;9952.0;0.0
yf_MKC_d13;11500;INTARIAN_PEPPER_ROOT;11109;13;11105;21;;;11152;10;11156;19;;;11130.5;0.0
yf_MKC_d13;11600;ASH_COATED_OSMIUM;9949;21;9946;28;;;9955;18;9959;22;;;9952.0;0.0
yf_MKC_d13;11600;INTARIAN_PEPPER_ROOT;11128;15;11126;12;;;11134;11;11138;12;;;11131.0;0.0
yf_MKC_d13;11700;ASH_COATED_OSMIUM;9950;13;9947;16;;;9956;21;9959;22;;;9953.0;0.0
yf_MKC_d13;11700;INTARIAN_PEPPER_ROOT;11130;14;11126;25;;;11136;18;11139;11;;;11133.0;0.0
yf_MKC_d13;11800;ASH_COATED_OSMIUM;9950;16;9948;18;;;9956;13;9960;22;;;9953.0;0.0
yf_MKC_d13;11800;INTARIAN_PEPPER_ROOT;11131;16;11127;8;;;11137;21;11141;21;;;11134.0;0.0
yf_MKC_d13;11900;ASH_COATED_OSMIUM;9948;11;9946;20;;;9954;8;9956;20;;;9951.0;0.0
yf_MKC_d13;11900;INTARIAN_PEPPER_ROOT;11132;8;11129;23;;;11138;13;11141;17;;;11135.0;0.0
yf_MKC_d13;12000;ASH_COATED_OSMIUM;9948;11;9944;19;;;9954;18;9957;24;;;9951.0;0.0
yf_MKC_d13;12000;INTARIAN_PEPPER_ROOT;11133;7;11131;26;;;11139;20;11142;19;;;11136.0;0.0
yf_MKC_d13;12100;ASH_COATED_OSMIUM;9946;6;9943;14;;;9957;11;9961;21;;;9951.5;0.0
yf_MKC_d13;12100;INTARIAN_PEPPER_ROOT;11135;15;11131;21;;;11141;24;11145;23;;;11138.0;0.0
yf_MKC_d13;12200;ASH_COATED_OSMIUM;9940;12;9937;28;;;9962;17;9964;20;;;9951.0;0.0
yf_MKC_d13;12200;INTARIAN_PEPPER_ROOT;11136;5;11132;11;;;11142;13;11145;16;;;11139.0;0.0
yf_MKC_d13;12300;ASH_COATED_OSMIUM;9947;27;9945;21;;;9955;15;9959;14;;;9951.0;0.0
yf_MKC_d13;12300;INTARIAN_PEPPER_ROOT;11137;14;11134;24;;;11143;27;11146;31;;;11140.0;0.0
yf_MKC_d13;12400;ASH_COATED_OSMIUM;9945;12;9941;17;;;9958;21;9961;13;;;9951.5;0.0
yf_MKC_d13;12400;INTARIAN_PEPPER_ROOT;11138;12;11136;23;;;11144;10;11146;20;;;11141.0;0.0
yf_MKC_d13;12500;ASH_COATED_OSMIUM;9948;17;9944;13;;;9954;17;9958;29;;;9951.0;0.0
yf_MKC_d13;12500;INTARIAN_PEPPER_ROOT;11139;13;11135;27;;;11145;18;11149;25;;;11142.0;0.0
yf_MKC_d13;12600;ASH_COATED_OSMIUM;9947;14;9943;15;;;9954;11;9958;27;;;9950.5;0.0
yf_MKC_d13;12600;INTARIAN_PEPPER_ROOT;11141;11;11137;20;;;11147;12;11151;13;;;11144.0;0.0
yf_MKC_d13;12700;ASH_COATED_OSMIUM;9947;20;9943;23;;;9954;14;9958;19;;;9950.5;0.0
yf_MKC_d13;12700;INTARIAN_PEPPER_ROOT;11141;7;11137;29;;;11147;22;11149;19;;;11144.0;0.0
yf_MKC_d13;12800;ASH_COATED_OSMIUM;9946;20;9944;22;;;9955;14;9958;22;;;9950.5;0.0
yf_MKC_d13;12800;INTARIAN_PEPPER_ROOT;11142;10;11139;21;;;11148;20;11152;22;;;11145.0;0.0
yf_MKC_d13;12900;ASH_COATED_OSMIUM;9946;15;9943;28;;;9955;12;9959;22;;;9950.5;0.0
yf_MKC_d13;12900;INTARIAN_PEPPER_ROOT;11143;13;11141;11;;;11149;11;11153;21;;;11146.0;0.0
yf_MKC_d13;13000;ASH_COATED_OSMIUM;9940;11;9938;20;;;9960;14;9963;23;;;9950.0;0.0
yf_MKC_d13;13000;INTARIAN_PEPPER_ROOT;11145;15;11141;21;;;11151;19;11155;17;;;11148.0;0.0
yf_MKC_d13;13100;ASH_COATED_OSMIUM;9945;16;9942;23;;;9955;15;9959;22;;;9950.0;0.0
yf_MKC_d13;13100;INTARIAN_PEPPER_ROOT;11146;15;11144;21;;;11152;15;11155;25;;;11149.0;0.0
yf_MKC_d13;13200;ASH_COATED_OSMIUM;9946;13;9944;32;;;9952;16;9955;23;;;9949.0;0.0
yf_MKC_d13;13200;INTARIAN_PEPPER_ROOT;11147;19;11143;21;;;11153;16;11157;23;;;11150.0;0.0
yf_MKC_d13;13300;ASH_COATED_OSMIUM;9946;7;9942;15;;;9953;25;9955;9;;;9949.5;0.0
yf_MKC_d13;13300;INTARIAN_PEPPER_ROOT;11143;13;11139;23;;;11160;15;11163;22;;;11151.5;0.0
yf_MKC_d13;13400;ASH_COATED_OSMIUM;9944;9;9940;26;;;9954;9;9958;27;;;9949.0;0.0
yf_MKC_d13;13400;INTARIAN_PEPPER_ROOT;11146;23;11144;10;;;11158;10;11160;19;;;11152.0;0.0
yf_MKC_d13;13500;ASH_COATED_OSMIUM;9945;10;9943;20;;;9953;7;9957;24;;;9949.0;0.0
yf_MKC_d13;13500;INTARIAN_PEPPER_ROOT;11146;12;11143;30;;;11160;22;11164;16;;;11153.0;0.0
yf_MKC_d13;13600;ASH_COATED_OSMIUM;9946;16;9944;29;;;9952;9;9956;23;;;9949.0;0.0
yf_MKC_d13;13600;INTARIAN_PEPPER_ROOT;11151;15;11149;22;;;11157;16;11160;20;;;11154.0;0.0
yf_MKC_d13;13700;ASH_COATED_OSMIUM;9942;14;9938;18;;;9955;11;9957;20;;;9948.5;0.0
yf_MKC_d13;13700;INTARIAN_PEPPER_ROOT;11153;16;11149;13;;;11159;6;11162;28;;;11156.0;0.0
yf_MKC_d13;13800;ASH_COATED_OSMIUM;9946;16;9944;26;;;9952;15;9955;15;;;9949.0;0.0
yf_MKC_d13;13800;INTARIAN_PEPPER_ROOT;11153;20;11151;23;;;11159;19;11163;23;;;11156.0;0.0
yf_MKC_d13;13900;ASH_COATED_OSMIUM;9945;9;9943;25;;;9951;14;9955;13;;;9948.0;0.0
yf_MKC_d13;13900;INTARIAN_PEPPER_ROOT;11155;13;11152;20;;;11161;19;11164;21;;;11158.0;0.0
yf_MKC_d13;14000;ASH_COATED_OSMIUM;9939;10;9936;26;;;9958;15;9962;18;;;9948.5;0.0
yf_MKC_d13;14000;INTARIAN_PEPPER_ROOT;11156;16;11152;16;;;11162;13;11165;23;;;11159.0;0.0
yf_MKC_d13;14100;ASH_COATED_OSMIUM;9945;12;9943;15;;;9951;14;9953;8;;;9948.0;0.0
yf_MKC_d13;14100;INTARIAN_PEPPER_ROOT;11155;19;11152;21;;;11166;12;11170;21;;;11160.5;0.0
yf_MKC_d13;14200;ASH_COATED_OSMIUM;9945;11;9943;24;;;9951;19;9953;19;;;9948.0;0.0
yf_MKC_d13;14200;INTARIAN_PEPPER_ROOT;11159;19;11157;15;;;11165;11;11167;17;;;11162.0;0.0
yf_MKC_d13;14300;ASH_COATED_OSMIUM;9945;13;9941;10;;;9951;15;9954;20;;;9948.0;0.0
yf_MKC_d13;14300;INTARIAN_PEPPER_ROOT;11136;11;11133;23;;;11188;10;11192;27;;;11162.0;0.0
yf_MKC_d13;14400;ASH_COATED_OSMIUM;9945;16;9943;33;;;9951;19;9953;27;;;9948.0;0.0
yf_MKC_d13;14400;INTARIAN_PEPPER_ROOT;11153;10;11150;28;;;11174;7;11177;20;;;11163.5;0.0
yf_MKC_d13;14500;ASH_COATED_OSMIUM;9945;10;9943;15;;;9951;14;9954;28;;;9948.0;0.0
yf_MKC_d13;14500;INTARIAN_PEPPER_ROOT;11162;7;11159;8;;;11168;13;11170;18;;;11165.0;0.0
yf_MKC_d13;14600;ASH_COATED_OSMIUM;9944;19;9942;15;;;9950;13;9952;23;;;9947.0;0.0
yf_MKC_d13;14600;INTARIAN_PEPPER_ROOT;11162;12;11160;20;;;11170;10;11173;20;;;11166.0;0.0
yf_MKC_d13;14700;ASH_COATED_OSMIUM;9944;19;9940;15;;;9951;25;9953;17;;;9947.5;0.0
yf_MKC_d13;14700;INTARIAN_PEPPER_ROOT;11164;8;11162;25;;;11170;5;11174;27;;;11167.0;0.0
yf_MKC_d13;14800;ASH_COATED_OSMIUM;9944;18;9940;15;;;9950;21;9953;26;;;9947.0;0.0
yf_MKC_d13;14800;INTARIAN_PEPPER_ROOT;11164;17;11162;27;;;11171;16;11174;26;;;11167.5;0.0
yf_MKC_d13;14900;ASH_COATED_OSMIUM;9937;9;9935;15;;;9957;15;9959;26;;;9947.0;0.0
yf_MKC_d13;14900;INTARIAN_PEPPER_ROOT;11160;16;11156;18;;;11178;14;11180;18;;;11169.0;0.0
yf_MKC_d13;15000;ASH_COATED_OSMIUM;9944;25;9940;15;;;9950;13;9952;26;;;9947.0;0.0
yf_MKC_d13;15000;INTARIAN_PEPPER_ROOT;11168;8;11164;30;;;11174;22;11176;27;;;11171.0;0.0
yf_MKC_d13;15100;ASH_COATED_OSMIUM;9941;14;9937;21;;;9953;17;9955;23;;;9947.0;0.0
yf_MKC_d13;15100;INTARIAN_PEPPER_ROOT;11169;14;11166;24;;;11175;18;11178;23;;;11172.0;0.0
yf_MKC_d13;15200;ASH_COATED_OSMIUM;9944;6;9942;17;;;9950;17;9952;23;;;9947.0;0.0
yf_MKC_d13;15200;INTARIAN_PEPPER_ROOT;11170;17;11167;24;;;11176;11;11178;18;;;11173.0;0.0
yf_MKC_d13;15300;ASH_COATED_OSMIUM;9944;15;9942;23;;;9950;7;9952;20;;;9947.0;0.0
yf_MKC_d13;15300;INTARIAN_PEPPER_ROOT;11162;14;11159;15;;;11186;15;11188;18;;;11174.0;0.0
yf_MKC_d13;15400;ASH_COATED_OSMIUM;9936;10;9934;17;;;9955;19;9958;26;;;9945.5;0.0
yf_MKC_d13;15400;INTARIAN_PEPPER_ROOT;11166;15;11164;24;;;11185;11;11189;24;;;11175.5;0.0
yf_MKC_d13;15500;ASH_COATED_OSMIUM;9943;16;9941;25;;;9949;19;9951;13;;;9946.0;0.0
yf_MKC_d13;15500;INTARIAN_PEPPER_ROOT;11173;10;11170;24;;;11179;20;11181;21;;;11176.0;0.0
yf_MKC_d13;15600;ASH_COATED_OSMIUM;9937;15;9934;14;;;9953;25;9957;13;;;9945.0;0.0
yf_MKC_d13;15600;INTARIAN_PEPPER_ROOT;11174;10;11171;13;;;11180;10;11183;14;;;11177.0;0.0
yf_MKC_d13;15700;ASH_COATED_OSMIUM;9942;21;9940;13;;;9948;15;9950;14;;;9945.0;0.0
yf_MKC_d13;15700;INTARIAN_PEPPER_ROOT;11176;12;11174;20;;;11182;9;11185;15;;;11179.0;0.0
yf_MKC_d13;15800;ASH_COATED_OSMIUM;9943;13;9940;17;;;9949;22;9951;21;;;9946.0;0.0
yf_MKC_d13;15800;INTARIAN_PEPPER_ROOT;11176;18;11172;17;;;11182;16;11184;15;;;11179.0;0.0
yf_MKC_d13;15900;ASH_COATED_OSMIUM;9942;16;9939;16;;;9948;12;9951;19;;;9945.0;0.0
yf_MKC_d13;15900;INTARIAN_PEPPER_ROOT;11178;18;11176;22;;;11184;16;11186;20;;;11181.0;0.0
yf_MKC_d13;16000;ASH_COATED_OSMIUM;9933;17;9929;13;;;9958;7;9961;21;;;9945.5;0.0
yf_MKC_d13;16000;INTARIAN_PEPPER_ROOT;11178;7;11176;17;;;11185;15;11187;25;;;11181.5;0.0
yf_MKC_d13;16100;ASH_COATED_OSMIUM;9942;19;9939;23;;;9948;12;9952;18;;;9945.0;0.0
yf_MKC_d13;16100;INTARIAN_PEPPER_ROOT;11180;16;11178;25;;;11186;15;11188;20;;;11183.0;0.0
yf_MKC_d13;16200;ASH_COATED_OSMIUM;9942;26;9939;31;;;9948;20;9951;21;;;9945.0;0.0
yf_MKC_d13;16200;INTARIAN_PEPPER_ROOT;11181;7;11177;18;;;11187;15;11189;16;;;11184.0;0.0
yf_MKC_d13;16300;ASH_COATED_OSMIUM;9942;14;9939;13;;;9948;16;9950;15;;;9945.0;0.0
yf_MKC_d13;16300;INTARIAN_PEPPER_ROOT;11180;12;11176;21;;;11191;11;11193;16;;;11185.5;0.0
yf_MKC_d13;16400;ASH_COATED_OSMIUM;9941;17;9939;18;;;9947;11;9950;27;;;9944.0;0.0
yf_MKC_d13;16400;INTARIAN_PEPPER_ROOT;11182;23;11179;16;;;11191;17;11195;24;;;11186.5;0.0
yf_MKC_d13;16500;ASH_COATED_OSMIUM;9940;9;9938;24;;;9950;15;9953;24;;;9945.0;0.0
yf_MKC_d13;16500;INTARIAN_PEPPER_ROOT;11184;10;11182;23;;;11191;6;11194;21;;;11187.5;0.0
yf_MKC_d13;16600;ASH_COATED_OSMIUM;9940;14;9938;13;;;9947;11;9950;18;;;9943.5;0.0
yf_MKC_d13;16600;INTARIAN_PEPPER_ROOT;11184;15;11181;16;;;11193;10;11197;19;;;11188.5;0.0
yf_MKC_d13;16700;ASH_COATED_OSMIUM;9940;5;9937;22;;;9948;11;9950;17;;;9944.0;0.0
yf_MKC_d13;16700;INTARIAN_PEPPER_ROOT;11186;5;11183;17;;;11192;15;11195;15;;;11189.0;0.0
yf_MKC_d13;16800;ASH_COATED_OSMIUM;9941;23;9937;11;;;9947;12;9950;28;;;9944.0;0.0
yf_MKC_d13;16800;INTARIAN_PEPPER_ROOT;11167;16;11164;17;;;11215;9;11218;29;;;11191.0;0.0
yf_MKC_d13;16900;ASH_COATED_OSMIUM;9941;5;9939;21;;;9947;19;9951;17;;;9944.0;0.0
yf_MKC_d13;16900;INTARIAN_PEPPER_ROOT;11188;20;11186;11;;;11197;21;11201;14;;;11192.5;0.0
yf_MKC_d13;17000;ASH_COATED_OSMIUM;9933;12;9931;16;;;9953;16;9956;15;;;9943.0;0.0
yf_MKC_d13;17000;INTARIAN_PEPPER_ROOT;11189;18;11186;22;;;11195;20;11197;18;;;11192.0;0.0
yf_MKC_d13;17100;ASH_COATED_OSMIUM;9940;10;9936;15;;;9947;10;9950;20;;;9943.5;0.0
yf_MKC_d13;17100;INTARIAN_PEPPER_ROOT;11188;10;11184;17;;;11194;20;11197;16;;;11191.0;0.0
yf_MKC_d13;17200;ASH_COATED_OSMIUM;9940;6;9938;12;;;9947;24;9951;24;;;9943.5;0.0
yf_MKC_d13;17200;INTARIAN_PEPPER_ROOT;11186;13;11184;23;;;11193;13;11195;19;;;11189.5;0.0
yf_MKC_d13;17300;ASH_COATED_OSMIUM;9940;6;9937;19;;;9946;11;9948;24;;;9943.0;0.0
yf_MKC_d13;17300;INTARIAN_PEPPER_ROOT;11186;14;11182;17;;;11192;15;11196;16;;;11189.0;0.0
yf_MKC_d13;17400;ASH_COATED_OSMIUM;9939;6;9935;23;;;9948;29;9952;21;;;9943.5;0.0
yf_MKC_d13;17400;INTARIAN_PEPPER_ROOT;11185;30;11181;21;;;11191;15;11195;25;;;11188.0;0.0
yf_MKC_d13;17500;ASH_COATED_OSMIUM;9935;8;9933;15;;;9951;12;9954;20;;;9943.0;0.0
yf_MKC_d13;17500;INTARIAN_PEPPER_ROOT;11180;9;11176;16;;;11193;24;11197;21;;;11186.5;0.0
yf_MKC_d13;17600;ASH_COATED_OSMIUM;9940;26;9937;21;;;9946;12;9949;10;;;9943.0;0.0
yf_MKC_d13;17600;INTARIAN_PEPPER_ROOT;11182;13;11180;19;;;11188;12;11190;17;;;11185.0;0.0
yf_MKC_d13;17700;ASH_COATED_OSMIUM;9940;23;9937;22;;;9946;13;9949;20;;;9943.0;0.0
yf_MKC_d13;17700;INTARIAN_PEPPER_ROOT;11181;8;11179;25;;;11187;17;11190;17;;;11184.0;0.0
yf_MKC_d13;17800;ASH_COATED_OSMIUM;9940;11;9937;15;;;9946;10;9948;22;;;9943.0;0.0
yf_MKC_d13;17800;INTARIAN_PEPPER_ROOT;11181;6;11178;14;;;11187;11;11191;21;;;11184.0;0.0
yf_MKC_d13;17900;ASH_COATED_OSMIUM;9940;7;9938;25;;;9946;12;9949;18;;;9943.0;0.0
yf_MKC_d13;17900;INTARIAN_PEPPER_ROOT;11179;5;11177;17;;;11185;12;11189;12;;;11182.0;0.0
yf_MKC_d13;18000;ASH_COATED_OSMIUM;9941;11;9938;16;;;9947;9;9949;16;;;9944.0;0.0
yf_MKC_d13;18000;INTARIAN_PEPPER_ROOT;11178;22;11176;25;;;11184;15;11187;23;;;11181.0;0.0
yf_MKC_d13;18100;ASH_COATED_OSMIUM;9934;16;9931;19;;;9952;15;9955;20;;;9943.0;0.0
yf_MKC_d13;18100;INTARIAN_PEPPER_ROOT;11173;27;11170;12;;;11187;19;11190;19;;;11180.0;0.0
yf_MKC_d13;18200;ASH_COATED_OSMIUM;9931;16;9927;15;;;9955;14;9959;22;;;9943.0;0.0
yf_MKC_d13;18200;INTARIAN_PEPPER_ROOT;11176;19;11173;21;;;11182;14;11184;15;;;11179.0;0.0
yf_MKC_d13;18300;ASH_COATED_OSMIUM;9936;25;9932;16;;;9950;10;9954;9;;;9943.0;0.0
yf_MKC_d13;18300;INTARIAN_PEPPER_ROOT;11171;20;11169;27;;;11185;17;11189;32;;;11178.0;0.0
yf_MKC_d13;18400;ASH_COATED_OSMIUM;9940;15;9937;25;;;9946;21;9948;19;;;9943.0;0.0
yf_MKC_d13;18400;INTARIAN_PEPPER_ROOT;11174;5;11171;17;;;11180;12;11182;20;;;11177.0;0.0
yf_MKC_d13;18500;ASH_COATED_OSMIUM;9940;19;9937;24;;;9946;20;9948;27;;;9943.0;0.0
yf_MKC_d13;18500;INTARIAN_PEPPER_ROOT;11173;12;11170;12;;;11179;24;11183;26;;;11176.0;0.0
yf_MKC_d13;18600;ASH_COATED_OSMIUM;9934;24;9930;16;;;9953;17;9957;23;;;9943.5;0.0
yf_MKC_d13;18600;INTARIAN_PEPPER_ROOT;11172;10;11170;20;;;11178;21;11182;18;;;11175.0;0.0
yf_MKC_d13;18700;ASH_COATED_OSMIUM;9940;11;9937;22;;;9946;11;9948;16;;;9943.0;0.0
yf_MKC_d13;18700;INTARIAN_PEPPER_ROOT;11171;16;11169;17;;;11178;28;11182;22;;;11174.5;0.0
yf_MKC_d13;18800;ASH_COATED_OSMIUM;9938;14;9934;21;;;9949;14;9953;30;;;9943.5;0.0
yf_MKC_d13;18800;INTARIAN_PEPPER_ROOT;11167;16;11163;29;;;11178;15;11181;25;;;11172.5;0.0
yf_MKC_d13;18900;ASH_COATED_OSMIUM;9940;19;9936;28;;;9946;15;9949;19;;;9943.0;0.0
yf_MKC_d13;18900;INTARIAN_PEPPER_ROOT;11162;10;11159;20;;;11181;10;11184;19;;;11171.5;0.0
yf_MKC_d13;19000;ASH_COATED_OSMIUM;9940;12;9937;13;;;9946;21;9950;14;;;9943.0;0.0
yf_MKC_d13;19000;INTARIAN_PEPPER_ROOT;11164;16;11162;20;;;11178;15;11181;17;;;11171.0;0.0
yf_MKC_d13;19100;ASH_COATED_OSMIUM;9936;10;9932;19;;;9949;8;9951;20;;;9942.5;0.0
yf_MKC_d13;19100;INTARIAN_PEPPER_ROOT;11166;18;11162;22;;;11172;15;11176;15;;;11169.0;0.0
yf_MKC_d13;19200;ASH_COATED_OSMIUM;9939;13;9936;19;;;9946;20;9950;27;;;9942.5;0.0
yf_MKC_d13;19200;INTARIAN_PEPPER_ROOT;11165;16;11163;13;;;11171;8;11174;20;;;11168.0;0.0
yf_MKC_d13;19300;ASH_COATED_OSMIUM;9932;15;9930;23;;;9954;17;9957;10;;;9943.0;0.0
yf_MKC_d13;19300;INTARIAN_PEPPER_ROOT;11165;15;11163;19;;;11171;15;11175;18;;;11168.0;0.0
yf_MKC_d13;19400;ASH_COATED_OSMIUM;9940;15;9937;20;;;9946;9;9950;22;;;9943.0;0.0
yf_MKC_d13;19400;INTARIAN_PEPPER_ROOT;11163;12;11160;23;;;11169;8;11172;28;;;11166.0;0.0
yf_MKC_d13;19500;ASH_COATED_OSMIUM;9940;18;9936;28;;;9946;16;9950;20;;;9943.0;0.0
yf_MKC_d13;19500;INTARIAN_PEPPER_ROOT;11160;15;11156;17;;;11171;17;11174;22;;;11165.5;0.0
yf_MKC_d13;19600;ASH_COATED_OSMIUM;9939;18;9935;25;;;9946;12;9948;22;;;9942.5;0.0
yf_MKC_d13;19600;INTARIAN_PEPPER_ROOT;11161;14;11159;20;;;11167;18;11169;23;;;11164.0;0.0
yf_MKC_d13;19700;ASH_COATED_OSMIUM;9939;11;9936;17;;;9945;11;9948;13;;;9942.0;0.0
yf_MKC_d13;19700;INTARIAN_PEPPER_ROOT;11159;13;11157;31;;;11168;20;11172;17;;;11163.5;0.0
yf_MKC_d13;19800;ASH_COATED_OSMIUM;9937;18;9933;14;;;9948;16;9951;12;;;9942.5;0.0
yf_MKC_d13;19800;INTARIAN_PEPPER_ROOT;11159;13;11156;18;;;11165;19;11168;21;;;11162.0;0.0
yf_MKC_d13;19900;ASH_COATED_OSMIUM;9931;8;9929;24;;;9954;10;9958;28;;;9942.5;0.0
yf_MKC_d13;19900;INTARIAN_PEPPER_ROOT;11158;11;11156;10;;;11164;22;11166;31;;;11161.0;0.0
yf_MKC_d13;20000;ASH_COATED_OSMIUM;9936;10;9934;18;;;9948;7;9950;15;;;9942.0;0.0
yf_MKC_d13;20000;INTARIAN_PEPPER_ROOT;11157;15;11153;13;;;11163;19;11165;31;;;11160.0;0.0
yf_MKC_d13;20100;ASH_COATED_OSMIUM;9939;14;9935;11;;;9945;7;9948;29;;;9942.0;0.0
yf_MKC_d13;20100;INTARIAN_PEPPER_ROOT;11152;14;11149;30;;;11165;15;11168;24;;;11158.5;0.0
yf_MKC_d13;20200;ASH_COATED_OSMIUM;9939;12;9937;13;;;9945;16;9947;18;;;9942.0;0.0
yf_MKC_d13;20200;INTARIAN_PEPPER_ROOT;11155;15;11152;20;;;11161;19;11163;16;;;11158.0;0.0
yf_MKC_d13;20300;ASH_COATED_OSMIUM;9937;22;9935;26;;;9948;19;9951;14;;;9942.5;0.0
yf_MKC_d13;20300;INTARIAN_PEPPER_ROOT;11150;19;11148;13;;;11164;19;11168;13;;;11157.0;0.0
yf_MKC_d13;20400;ASH_COATED_OSMIUM;9927;8;9925;18;;;9957;18;9961;17;;;9942.0;0.0
yf_MKC_d13;20400;INTARIAN_PEPPER_ROOT;11152;15;11148;26;;;11159;11;11162;26;;;11155.5;0.0
yf_MKC_d13;20500;ASH_COATED_OSMIUM;9938;5;9936;14;;;9945;19;9948;21;;;9941.5;0.0
yf_MKC_d13;20500;INTARIAN_PEPPER_ROOT;11151;14;11148;9;;;11157;13;11159;12;;;11154.0;0.0
yf_MKC_d13;20600;ASH_COATED_OSMIUM;9939;10;9936;16;;;9945;10;9947;21;;;9942.0;0.0
yf_MKC_d13;20600;INTARIAN_PEPPER_ROOT;11150;16;11147;11;;;11156;9;11158;19;;;11153.0;0.0
yf_MKC_d13;20700;ASH_COATED_OSMIUM;9939;8;9937;18;;;9945;18;9947;22;;;9942.0;0.0
yf_MKC_d13;20700;INTARIAN_PEPPER_ROOT;11149;12;11147;22;;;11155;15;11157;19;;;11152.0;0.0
yf_MKC_d13;20800;ASH_COATED_OSMIUM;9939;18;9935;23;;;9945;18;9949;24;;;9942.0;0.0
yf_MKC_d13;20800;INTARIAN_PEPPER_ROOT;11148;6;11145;15;;;11154;22;11157;12;;;11151.0;0.0
yf_MKC_d13;20900;ASH_COATED_OSMIUM;9938;12;9936;24;;;9945;11;9949;20;;;9941.5;0.0
yf_MKC_d13;20900;INTARIAN_PEPPER_ROOT;11143;11;11140;24;;;11157;6;11159;19;;;11150.0;0.0
yf_MKC_d13;21000;ASH_COATED_OSMIUM;9929;22;9925;20;;;9954;5;9957;14;;;9941.5;0.0
yf_MKC_d13;21000;INTARIAN_PEPPER_ROOT;11146;20;11144;29;;;11152;17;11154;15;;;11149.0;0.0
yf_MKC_d13;21100;ASH_COATED_OSMIUM;9930;9;9927;20;;;9954;16;9957;18;;;9942.0;0.0
yf_MKC_d13;21100;INTARIAN_PEPPER_ROOT;11144;17;11142;19;;;11151;14;11154;20;;;11147.5;0.0
yf_MKC_d13;21200;ASH_COATED_OSMIUM;9939;9;9937;17;;;9945;8;9949;19;;;9942.0;0.0
yf_MKC_d13;21200;INTARIAN_PEPPER_ROOT;11145;12;11141;21;;;11151;18;11154;20;;;11148.0;0.0
yf_MKC_d13;21300;ASH_COATED_OSMIUM;9939;15;9935;17;;;9945;17;9948;17;;;9942.0;0.0
yf_MKC_d13;21300;INTARIAN_PEPPER_ROOT;11143;11;11141;12;;;11149;15;11151;16;;;11146.0;0.0
yf_MKC_d13;21400;ASH_COATED_OSMIUM;9938;9;9934;19;;;9945;14;9947;25;;;9941.5;0.0
yf_MKC_d13;21400;INTARIAN_PEPPER_ROOT;11141;13;11138;27;;;11148;13;11151;18;;;11144.5;0.0
yf_MKC_d13;21500;ASH_COATED_OSMIUM;9937;17;9935;21;;;9946;7;9949;20;;;9941.5;0.0
yf_MKC_d13;21500;INTARIAN_PEPPER_ROOT;11137;7;11134;8;;;11149;26;11151;23;;;11143.0;0.0
yf_MKC_d13;21600;ASH_COATED_OSMIUM;9939;16;9936;22;;;9945;7;9947;14;;;9942.0;0.0
yf_MKC_d13;21600;INTARIAN_PEPPER_ROOT;11139;30;11135;10;;;11147;15;11151;9;;;11143.0;0.0
yf_MKC_d13;21700;ASH_COATED_OSMIUM;9938;9;9935;24;;;9945;26;9948;12;;;9941.5;0.0
yf_MKC_d13;21700;INTARIAN_PEPPER_ROOT;11139;12;11135;20;;;11145;6;11147;17;;;11142.0;0.0
yf_MKC_d13;21800;ASH_COATED_OSMIUM;9939;15;9937;21;;;9945;24;9947;20;;;9942.0;0.0
yf_MKC_d13;21800;INTARIAN_PEPPER_ROOT;11138;19;11134;17;;;11144;16;11148;17;;;11141.0;0.0
yf_MKC_d13;21900;ASH_COATED_OSMIUM;9939;21;9937;18;;;9945;13;9947;13;;;9942.0;0.0
yf_MKC_d13;21900;INTARIAN_PEPPER_ROOT;11137;18;11133;23;;;11143;14;11147;20;;;11140.0;0.0
yf_MKC_d13;22000;ASH_COATED_OSMIUM;9938;16;9935;20;;;9944;16;9947;20;;;9941.0;0.0
yf_MKC_d13;22000;INTARIAN_PEPPER_ROOT;11133;20;11129;23;;;11144;15;11148;10;;;11138.5;0.0
yf_MKC_d13;22100;ASH_COATED_OSMIUM;9938;12;9934;17;;;9944;15;9948;20;;;9941.0;0.0
yf_MKC_d13;22100;INTARIAN_PEPPER_ROOT;11134;17;11132;13;;;11140;19;11142;21;;;11137.0;0.0
yf_MKC_d13;22200;ASH_COATED_OSMIUM;9938;19;9935;19;;;9944;21;9946;14;;;9941.0;0.0
yf_MKC_d13;22200;INTARIAN_PEPPER_ROOT;11132;12;11129;18;;;11140;9;11143;13;;;11136.0;0.0
yf_MKC_d13;22300;ASH_COATED_OSMIUM;9933;7;9931;16;;;9950;20;9954;24;;;9941.5;0.0
yf_MKC_d13;22300;INTARIAN_PEPPER_ROOT;11125;16;11122;26;;;11145;8;11148;15;;;11135.0;0.0
yf_MKC_d13;22400;ASH_COATED_OSMIUM;9938;10;9934;14;;;9944;11;9947;22;;;9941.0;0.0
yf_MKC_d13;22400;INTARIAN_PEPPER_ROOT;11123;15;11120;22;;;11146;19;11148;14;;;11134.5;0.0
yf_MKC_d13;22500;ASH_COATED_OSMIUM;9938;18;9935;20;;;9944;17;9946;23;;;9941.0;0.0
yf_MKC_d13;22500;INTARIAN_PEPPER_ROOT;11130;10;11126;13;;;11136;15;11140;21;;;11133.0;0.0
yf_MKC_d13;22600;ASH_COATED_OSMIUM;9929;18;9926;21;;;9954;14;9957;23;;;9941.5;0.0
yf_MKC_d13;22600;INTARIAN_PEPPER_ROOT;11129;18;11125;23;;;11135;14;11138;19;;;11132.0;0.0
yf_MKC_d13;22700;ASH_COATED_OSMIUM;9938;8;9934;26;;;9944;22;9946;15;;;9941.0;0.0
yf_MKC_d13;22700;INTARIAN_PEPPER_ROOT;11128;8;11125;18;;;11134;22;11138;18;;;11131.0;0.0
yf_MKC_d13;22800;ASH_COATED_OSMIUM;9938;23;9935;22;;;9944;19;9946;27;;;9941.0;0.0
yf_MKC_d13;22800;INTARIAN_PEPPER_ROOT;11125;14;11122;15;;;11133;12;11135;19;;;11129.0;0.0
yf_MKC_d13;22900;ASH_COATED_OSMIUM;9936;16;9932;15;;;9945;16;9948;18;;;9940.5;0.0
yf_MKC_d13;22900;INTARIAN_PEPPER_ROOT;11125;20;11122;18;;;11131;13;11134;22;;;11128.0;0.0
yf_MKC_d13;23000;ASH_COATED_OSMIUM;9934;23;9931;31;;;9948;14;9950;21;;;9941.0;0.0
yf_MKC_d13;23000;INTARIAN_PEPPER_ROOT;11125;8;11123;31;;;11131;12;11133;19;;;11128.0;0.0
yf_MKC_d13;23100;ASH_COATED_OSMIUM;9938;25;9934;9;;;9944;6;9946;24;;;9941.0;0.0
yf_MKC_d13;23100;INTARIAN_PEPPER_ROOT;11124;11;11122;23;;;11130;19;11132;17;;;11127.0;0.0
yf_MKC_d13;23200;ASH_COATED_OSMIUM;9935;7;9932;12;;;9946;14;9950;16;;;9940.5;0.0
yf_MKC_d13;23200;INTARIAN_PEPPER_ROOT;11119;6;11117;21;;;11132;13;11136;8;;;11125.5;0.0
yf_MKC_d13;23300;ASH_COATED_OSMIUM;9934;20;9931;16;;;9948;19;9951;26;;;9941.0;0.0
yf_MKC_d13;23300;INTARIAN_PEPPER_ROOT;11122;21;11120;22;;;11128;11;11131;23;;;11125.0;0.0
yf_MKC_d13;23400;ASH_COATED_OSMIUM;9938;17;9936;19;;;9944;20;9948;17;;;9941.0;0.0
yf_MKC_d13;23400;INTARIAN_PEPPER_ROOT;11114;15;11111;19;;;11132;5;11135;20;;;11123.0;0.0
yf_MKC_d13;23500;ASH_COATED_OSMIUM;9937;13;9933;21;;;9943;15;9946;17;;;9940.0;0.0
yf_MKC_d13;23500;INTARIAN_PEPPER_ROOT;11119;21;11117;21;;;11125;11;11127;13;;;11122.0;0.0
yf_MKC_d13;23600;ASH_COATED_OSMIUM;9938;12;9936;13;;;9944;6;9948;12;;;9941.0;0.0
yf_MKC_d13;23600;INTARIAN_PEPPER_ROOT;11118;21;11116;20;;;11124;9;11127;23;;;11121.0;0.0
yf_MKC_d13;23700;ASH_COATED_OSMIUM;9933;14;9930;18;;;9948;11;9952;14;;;9940.5;0.0
yf_MKC_d13;23700;INTARIAN_PEPPER_ROOT;11114;13;11110;11;;;11126;15;11129;18;;;11120.0;0.0
yf_MKC_d13;23800;ASH_COATED_OSMIUM;9937;7;9933;17;;;9943;5;9945;15;;;9940.0;0.0
yf_MKC_d13;23800;INTARIAN_PEPPER_ROOT;11116;14;11114;21;;;11122;18;11124;17;;;11119.0;0.0
yf_MKC_d13;23900;ASH_COATED_OSMIUM;9937;15;9933;17;;;9943;7;9947;21;;;9940.0;0.0
yf_MKC_d13;23900;INTARIAN_PEPPER_ROOT;11115;23;11113;21;;;11121;10;11124;18;;;11118.0;0.0
yf_MKC_d13;24000;ASH_COATED_OSMIUM;9937;15;9933;28;;;9943;23;9945;24;;;9940.0;0.0
yf_MKC_d13;24000;INTARIAN_PEPPER_ROOT;11114;12;11111;19;;;11120;9;11123;11;;;11117.0;0.0
yf_MKC_d13;24100;ASH_COATED_OSMIUM;9938;26;9935;21;;;9944;14;9946;14;;;9941.0;0.0
yf_MKC_d13;24100;INTARIAN_PEPPER_ROOT;11101;5;11097;30;;;11130;25;11134;26;;;11115.5;0.0
yf_MKC_d13;24200;ASH_COATED_OSMIUM;9937;23;9935;18;;;9943;5;9947;17;;;9940.0;0.0
yf_MKC_d13;24200;INTARIAN_PEPPER_ROOT;11103;17;11099;13;;;11127;8;11130;20;;;11115.0;0.0
yf_MKC_d13;24300;ASH_COATED_OSMIUM;9937;17;9935;24;;;9943;23;9945;25;;;9940.0;0.0
yf_MKC_d13;24300;INTARIAN_PEPPER_ROOT;11110;13;11108;17;;;11116;7;11118;23;;;11113.0;0.0
yf_MKC_d13;24400;ASH_COATED_OSMIUM;9936;15;9934;8;;;9944;11;9948;11;;;9940.0;0.0
yf_MKC_d13;24400;INTARIAN_PEPPER_ROOT;11108;9;11105;24;;;11116;11;11120;18;;;11112.0;0.0
yf_MKC_d13;24500;ASH_COATED_OSMIUM;9933;22;9929;18;;;9947;5;9950;19;;;9940.0;0.0
yf_MKC_d13;24500;INTARIAN_PEPPER_ROOT;11107;13;11105;15;;;11115;13;11119;19;;;11111.0;0.0
yf_MKC_d13;24600;ASH_COATED_OSMIUM;9937;14;9934;25;;;9943;11;9946;19;;;9940.0;0.0
yf_MKC_d13;24600;INTARIAN_PEPPER_ROOT;11104;19;11101;26;;;11115;14;11117;34;;;11109.5;0.0
yf_MKC_d13;24700;ASH_COATED_OSMIUM;9937;11;9934;17;;;9943;24;9945;17;;;9940.0;0.0
yf_MKC_d13;24700;INTARIAN_PEPPER_ROOT;11105;13;11102;23;;;11115;5;11117;15;;;11110.0;0.0
yf_MKC_d13;24800;ASH_COATED_OSMIUM;9937;9;9934;33;;;9943;23;9946;21;;;9940.0;0.0
yf_MKC_d13;24800;INTARIAN_PEPPER_ROOT;11105;16;11101;20;;;11111;15;11113;17;;;11108.0;0.0
yf_MKC_d13;24900;ASH_COATED_OSMIUM;9937;24;9934;16;;;9943;14;9946;13;;;9940.0;0.0
yf_MKC_d13;24900;INTARIAN_PEPPER_ROOT;11104;16;11102;21;;;11110;21;11112;15;;;11107.0;0.0
yf_MKC_d13;25000;ASH_COATED_OSMIUM;9937;11;9934;11;;;9943;19;9946;19;;;9940.0;0.0
yf_MKC_d13;25000;INTARIAN_PEPPER_ROOT;11103;23;11099;22;;;11109;11;11113;17;;;11106.0;0.0
yf_MKC_d13;25100;ASH_COATED_OSMIUM;9937;13;9934;10;;;9943;11;9947;23;;;9940.0;0.0
yf_MKC_d13;25100;INTARIAN_PEPPER_ROOT;11102;15;11100;19;;;11108;19;11111;26;;;11105.0;0.0
yf_MKC_d13;25200;ASH_COATED_OSMIUM;9937;15;9935;13;;;9943;12;9947;19;;;9940.0;0.0
yf_MKC_d13;25200;INTARIAN_PEPPER_ROOT;11101;19;11099;24;;;11107;14;11111;12;;;11104.0;0.0
yf_MKC_d13;25300;ASH_COATED_OSMIUM;9937;14;9934;21;;;9943;16;9947;19;;;9940.0;0.0
yf_MKC_d13;25300;INTARIAN_PEPPER_ROOT;11085;23;11082;29;;;11121;28;11124;26;;;11103.0;0.0
yf_MKC_d13;25400;ASH_COATED_OSMIUM;9931;21;9928;22;;;9948;14;9952;31;;;9939.5;0.0
yf_MKC_d13;25400;INTARIAN_PEPPER_ROOT;11099;20;11097;29;;;11105;8;11107;25;;;11102.0;0.0
yf_MKC_d13;25500;ASH_COATED_OSMIUM;9935;19;9931;11;;;9945;16;9949;22;;;9940.0;0.0
yf_MKC_d13;25500;INTARIAN_PEPPER_ROOT;11097;9;11095;23;;;11103;13;11107;21;;;11100.0;0.0
yf_MKC_d13;25600;ASH_COATED_OSMIUM;9925;16;9923;19;;;9954;16;9957;24;;;9939.5;0.0
yf_MKC_d13;25600;INTARIAN_PEPPER_ROOT;11097;11;11093;17;;;11103;11;11107;18;;;11100.0;0.0
yf_MKC_d13;25700;ASH_COATED_OSMIUM;9936;25;9934;18;;;9942;8;9945;19;;;9939.0;0.0
yf_MKC_d13;25700;INTARIAN_PEPPER_ROOT;11096;26;11093;19;;;11102;13;11104;26;;;11099.0;0.0
yf_MKC_d13;25800;ASH_COATED_OSMIUM;9936;28;9932;24;;;9943;7;9946;10;;;9939.5;0.0
yf_MKC_d13;25800;INTARIAN_PEPPER_ROOT;11094;6;11090;22;;;11100;17;11103;23;;;11097.0;0.0
yf_MKC_d13;25900;ASH_COATED_OSMIUM;9929;7;9926;14;;;9950;11;9952;31;;;9939.5;0.0
yf_MKC_d13;25900;INTARIAN_PEPPER_ROOT;11087;22;11083;15;;;11107;19;11111;18;;;11097.0;0.0
yf_MKC_d13;26000;ASH_COATED_OSMIUM;9937;17;9933;31;;;9943;15;9945;8;;;9940.0;0.0
yf_MKC_d13;26000;INTARIAN_PEPPER_ROOT;11092;21;11090;18;;;11098;19;11101;23;;;11095.0;0.0
yf_MKC_d13;26100;ASH_COATED_OSMIUM;9936;5;9934;19;;;9942;12;9945;15;;;9939.0;0.0
yf_MKC_d13;26100;INTARIAN_PEPPER_ROOT;11092;24;11089;25;;;11098;10;11100;17;;;11095.0;0.0
yf_MKC_d13;26200;ASH_COATED_OSMIUM;9934;21;9931;22;;;9944;15;9947;14;;;9939.0;0.0
yf_MKC_d13;26200;INTARIAN_PEPPER_ROOT;11090;15;11086;15;;;11096;18;11100;18;;;11093.0;0.0
yf_MKC_d13;26300;ASH_COATED_OSMIUM;9935;6;9932;19;;;9942;11;9946;26;;;9938.5;0.0
yf_MKC_d13;26300;INTARIAN_PEPPER_ROOT;11090;6;11087;25;;;11096;13;11098;21;;;11093.0;0.0
yf_MKC_d13;26400;ASH_COATED_OSMIUM;9935;13;9932;15;;;9943;27;9946;16;;;9939.0;0.0
yf_MKC_d13;26400;INTARIAN_PEPPER_ROOT;11088;17;11084;23;;;11094;18;11096;21;;;11091.0;0.0
yf_MKC_d13;26500;ASH_COATED_OSMIUM;9936;7;9934;25;;;9942;18;9945;18;;;9939.0;0.0
yf_MKC_d13;26500;INTARIAN_PEPPER_ROOT;11087;16;11084;25;;;11093;19;11095;24;;;11090.0;0.0
yf_MKC_d13;26600;ASH_COATED_OSMIUM;9937;22;9935;21;;;9943;17;9945;25;;;9940.0;0.0
yf_MKC_d13;26600;INTARIAN_PEPPER_ROOT;11086;11;11084;28;;;11092;7;11096;23;;;11089.0;0.0
yf_MKC_d13;26700;ASH_COATED_OSMIUM;9936;17;9934;23;;;9942;12;9945;12;;;9939.0;0.0
yf_MKC_d13;26700;INTARIAN_PEPPER_ROOT;11083;12;11079;22;;;11092;15;11094;22;;;11087.5;0.0
yf_MKC_d13;26800;ASH_COATED_OSMIUM;9936;14;9933;25;;;9943;16;9945;22;;;9939.5;0.0
yf_MKC_d13;26800;INTARIAN_PEPPER_ROOT;11084;16;11080;18;;;11090;14;11092;29;;;11087.0;0.0
yf_MKC_d13;26900;ASH_COATED_OSMIUM;9935;17;9933;8;;;9943;18;9946;14;;;9939.0;0.0
yf_MKC_d13;26900;INTARIAN_PEPPER_ROOT;11082;30;11078;14;;;11088;16;11092;15;;;11085.0;0.0
yf_MKC_d13;27000;ASH_COATED_OSMIUM;9936;24;9934;14;;;9942;7;9944;20;;;9939.0;0.0
yf_MKC_d13;27000;INTARIAN_PEPPER_ROOT;11082;13;11079;15;;;11088;9;11090;13;;;11085.0;0.0
yf_MKC_d13;27100;ASH_COATED_OSMIUM;9936;16;9934;22;;;9942;13;9945;18;;;9939.0;0.0
yf_MKC_d13;27100;INTARIAN_PEPPER_ROOT;11059;18;11055;8;;;11109;13;11111;21;;;11084.0;0.0
yf_MKC_d13;27200;ASH_COATED_OSMIUM;9935;8;9932;17;;;9941;10;9943;20;;;9938.0;0.0
yf_MKC_d13;27200;INTARIAN_PEPPER_ROOT;11080;19;11078;21;;;11086;15;11090;21;;;11083.0;0.0
yf_MKC_d13;27300;ASH_COATED_OSMIUM;9921;16;9917;21;;;9958;14;9962;25;;;9939.5;0.0
yf_MKC_d13;27300;INTARIAN_PEPPER_ROOT;11078;16;11075;20;;;11084;9;11086;21;;;11081.0;0.0
yf_MKC_d13;27400;ASH_COATED_OSMIUM;9932;16;9929;13;;;9946;13;9948;16;;;9939.0;0.0
yf_MKC_d13;27400;INTARIAN_PEPPER_ROOT;11077;22;11073;20;;;11084;23;11087;16;;;11080.5;0.0
yf_MKC_d13;27500;ASH_COATED_OSMIUM;9936;18;9934;8;;;9942;16;9944;20;;;9939.0;0.0
yf_MKC_d13;27500;INTARIAN_PEPPER_ROOT;11076;15;11073;20;;;11082;9;11084;17;;;11079.0;0.0
yf_MKC_d13;27600;ASH_COATED_OSMIUM;9932;24;9929;15;;;9945;8;9947;23;;;9938.5;0.0
yf_MKC_d13;27600;INTARIAN_PEPPER_ROOT;11075;7;11073;20;;;11081;16;11084;13;;;11078.0;0.0
yf_MKC_d13;27700;ASH_COATED_OSMIUM;9935;19;9931;23;;;9941;16;9944;20;;;9938.0;0.0
yf_MKC_d13;27700;INTARIAN_PEPPER_ROOT;11073;24;11071;18;;;11082;19;11086;22;;;11077.5;0.0
yf_MKC_d13;27800;ASH_COATED_OSMIUM;9935;12;9933;9;;;9941;10;9945;14;;;9938.0;0.0
yf_MKC_d13;27800;INTARIAN_PEPPER_ROOT;11073;13;11069;23;;;11079;16;11081;16;;;11076.0;0.0
yf_MKC_d13;27900;ASH_COATED_OSMIUM;9934;9;9930;12;;;9943;14;9946;25;;;9938.5;0.0
yf_MKC_d13;27900;INTARIAN_PEPPER_ROOT;11069;18;11066;20;;;11080;11;11084;20;;;11074.5;0.0
yf_MKC_d13;28000;ASH_COATED_OSMIUM;9936;14;9933;16;;;9942;16;9945;16;;;9939.0;0.0
yf_MKC_d13;28000;INTARIAN_PEPPER_ROOT;11070;18;11066;17;;;11076;17;11080;27;;;11073.0;0.0
yf_MKC_d13;28100;ASH_COATED_OSMIUM;9936;19;9932;21;;;9942;21;9945;28;;;9939.0;0.0
yf_MKC_d13;28100;INTARIAN_PEPPER_ROOT;11070;28;11066;20;;;11076;17;11079;17;;;11073.0;0.0
yf_MKC_d13;28200;ASH_COATED_OSMIUM;9935;19;9933;14;;;9941;17;9943;22;;;9938.0;0.0
yf_MKC_d13;28200;INTARIAN_PEPPER_ROOT;11069;13;11066;21;;;11075;10;11079;19;;;11072.0;0.0
yf_MKC_d13;28300;ASH_COATED_OSMIUM;9935;5;9933;19;;;9941;10;9943;21;;;9938.0;0.0
yf_MKC_d13;28300;INTARIAN_PEPPER_ROOT;11068;6;11066;21;;;11074;26;11076;12;;;11071.0;0.0
yf_MKC_d13;28400;ASH_COATED_OSMIUM;9935;19;9933;23;;;9942;7;9945;18;;;9938.5;0.0
yf_MKC_d13;28400;INTARIAN_PEPPER_ROOT;11066;14;11062;20;;;11073;9;11077;18;;;11069.5;0.0
yf_MKC_d13;28500;ASH_COATED_OSMIUM;9935;18;9932;14;;;9941;15;9944;19;;;9938.0;0.0
yf_MKC_d13;28500;INTARIAN_PEPPER_ROOT;11060;15;11058;17;;;11077;16;11080;22;;;11068.5;0.0
yf_MKC_d13;28600;ASH_COATED_OSMIUM;9935;21;9932;10;;;9941;10;9943;22;;;9938.0;0.0
yf_MKC_d13;28600;INTARIAN_PEPPER_ROOT;11060;14;11057;23;;;11075;12;11079;21;;;11067.5;0.0
yf_MKC_d13;28700;ASH_COATED_OSMIUM;9934;14;9931;28;;;9941;11;9944;25;;;9937.5;0.0
yf_MKC_d13;28700;INTARIAN_PEPPER_ROOT;11063;12;11059;20;;;11069;11;11072;20;;;11066.0;0.0
yf_MKC_d13;28800;ASH_COATED_OSMIUM;9932;27;9930;21;;;9945;10;9947;15;;;9938.5;0.0
yf_MKC_d13;28800;INTARIAN_PEPPER_ROOT;11062;16;11060;19;;;11068;15;11071;20;;;11065.0;0.0
yf_MKC_d13;28900;ASH_COATED_OSMIUM;9935;7;9931;25;;;9943;17;9945;22;;;9939.0;0.0
yf_MKC_d13;28900;INTARIAN_PEPPER_ROOT;11061;13;11059;11;;;11067;23;11071;25;;;11064.0;0.0
yf_MKC_d13;29000;ASH_COATED_OSMIUM;9935;6;9932;23;;;9941;14;9945;17;;;9938.0;0.0
yf_MKC_d13;29000;INTARIAN_PEPPER_ROOT;11060;11;11056;23;;;11066;15;11068;14;;;11063.0;0.0
yf_MKC_d13;29100;ASH_COATED_OSMIUM;9933;18;9930;18;;;9943;7;9945;14;;;9938.0;0.0
yf_MKC_d13;29100;INTARIAN_PEPPER_ROOT;11059;19;11056;19;;;11065;15;11068;10;;;11062.0;0.0
yf_MKC_d13;29200;ASH_COATED_OSMIUM;9935;15;9931;16;;;9941;5;9943;12;;;9938.0;0.0
yf_MKC_d13;29200;INTARIAN_PEPPER_ROOT;11058;18;11056;22;;;11065;13;11068;27;;;11061.5;0.0
yf_MKC_d13;29300;ASH_COATED_OSMIUM;9935;6;9933;25;;;9941;18;9944;24;;;9938.0;0.0
yf_MKC_d13;29300;INTARIAN_PEPPER_ROOT;11057;15;11055;22;;;11063;13;11066;21;;;11060.0;0.0
yf_MKC_d13;29400;ASH_COATED_OSMIUM;9934;18;9930;15;;;9941;15;9944;17;;;9937.5;0.0
yf_MKC_d13;29400;INTARIAN_PEPPER_ROOT;11055;13;11052;23;;;11062;18;11064;19;;;11058.5;0.0
yf_MKC_d13;29500;ASH_COATED_OSMIUM;9932;19;9928;16;;;9942;6;9946;9;;;9937.0;0.0
yf_MKC_d13;29500;INTARIAN_PEPPER_ROOT;11054;10;11050;22;;;11063;15;11065;16;;;11058.5;0.0
yf_MKC_d13;29600;ASH_COATED_OSMIUM;9934;8;9932;19;;;9940;7;9942;13;;;9937.0;0.0
yf_MKC_d13;29600;INTARIAN_PEPPER_ROOT;11054;8;11050;21;;;11060;16;11064;17;;;11057.0;0.0
yf_MKC_d13;29700;ASH_COATED_OSMIUM;9931;8;9927;16;;;9944;17;9946;24;;;9937.5;0.0
yf_MKC_d13;29700;INTARIAN_PEPPER_ROOT;11051;11;11047;21;;;11060;5;11063;15;;;11055.5;0.0
yf_MKC_d13;29800;ASH_COATED_OSMIUM;9931;18;9929;13;;;9943;21;9945;27;;;9937.0;0.0
yf_MKC_d13;29800;INTARIAN_PEPPER_ROOT;11051;5;11047;19;;;11057;19;11059;32;;;11054.0;0.0
yf_MKC_d13;29900;ASH_COATED_OSMIUM;9932;12;9928;28;;;9944;15;9946;21;;;9938.0;0.0
yf_MKC_d13;29900;INTARIAN_PEPPER_ROOT;11051;5;11047;23;;;11057;18;11060;20;;;11054.0;0.0
yf_MKC_d13;30000;ASH_COATED_OSMIUM;9935;15;9931;25;;;9941;12;9943;17;;;9938.0;0.0
yf_MKC_d13;30000;INTARIAN_PEPPER_ROOT;11047;17;11043;16;;;11058;15;11060;21;;;11052.5;0.0
yf_MKC_d13;30100;ASH_COATED_OSMIUM;9935;21;9933;15;;;9941;13;9943;21;;;9938.0;0.0
yf_MKC_d13;30100;INTARIAN_PEPPER_ROOT;11048;7;11045;20;;;11054;14;11058;19;;;11051.0;0.0
yf_MKC_d13;30200;ASH_COATED_OSMIUM;9935;14;9933;17;;;9941;5;9945;26;;;9938.0;0.0
yf_MKC_d13;30200;INTARIAN_PEPPER_ROOT;11048;14;11046;30;;;11054;20;11058;22;;;11051.0;0.0
yf_MKC_d13;30300;ASH_COATED_OSMIUM;9929;10;9927;22;;;9946;10;9949;17;;;9937.5;0.0
yf_MKC_d13;30300;INTARIAN_PEPPER_ROOT;11046;9;11043;20;;;11052;12;11054;18;;;11049.0;0.0
yf_MKC_d13;30400;ASH_COATED_OSMIUM;9923;5;9921;15;;;9951;21;9953;11;;;9937.0;0.0
yf_MKC_d13;30400;INTARIAN_PEPPER_ROOT;11045;5;11043;21;;;11051;17;11054;21;;;11048.0;0.0
yf_MKC_d13;30500;ASH_COATED_OSMIUM;9934;18;9931;20;;;9940;17;9942;21;;;9937.0;0.0
yf_MKC_d13;30500;INTARIAN_PEPPER_ROOT;11039;17;11036;14;;;11054;16;11058;28;;;11046.5;0.0
yf_MKC_d13;30600;ASH_COATED_OSMIUM;9925;10;9922;9;;;9948;23;9951;15;;;9936.5;0.0
yf_MKC_d13;30600;INTARIAN_PEPPER_ROOT;11043;23;11040;19;;;11049;20;11053;23;;;11046.0;0.0
yf_MKC_d13;30700;ASH_COATED_OSMIUM;9930;15;9926;19;;;9944;17;9948;12;;;9937.0;0.0
yf_MKC_d13;30700;INTARIAN_PEPPER_ROOT;11031;19;11029;14;;;11059;13;11063;21;;;11045.0;0.0
yf_MKC_d13;30800;ASH_COATED_OSMIUM;9934;19;9932;22;;;9940;19;9943;27;;;9937.0;0.0
yf_MKC_d13;30800;INTARIAN_PEPPER_ROOT;11028;15;11026;20;;;11061;14;11063;21;;;11044.5;0.0
yf_MKC_d13;30900;ASH_COATED_OSMIUM;9934;19;9930;24;;;9940;6;9942;23;;;9937.0;0.0
yf_MKC_d13;30900;INTARIAN_PEPPER_ROOT;11037;6;11033;19;;;11048;16;11052;17;;;11042.5;0.0
yf_MKC_d13;31000;ASH_COATED_OSMIUM;9934;12;9930;19;;;9940;25;9944;11;;;9937.0;0.0
yf_MKC_d13;31000;INTARIAN_PEPPER_ROOT;11035;9;11031;13;;;11049;11;11051;22;;;11042.0;0.0
yf_MKC_d13;31100;ASH_COATED_OSMIUM;9934;16;9932;19;;;9940;9;9942;20;;;9937.0;0.0
yf_MKC_d13;31100;INTARIAN_PEPPER_ROOT;11032;9;11030;21;;;11049;16;11053;16;;;11040.5;0.0
yf_MKC_d13;31200;ASH_COATED_OSMIUM;9934;8;9932;18;;;9940;12;9943;12;;;9937.0;0.0
yf_MKC_d13;31200;INTARIAN_PEPPER_ROOT;11037;13;11035;20;;;11043;19;11045;21;;;11040.0;0.0
yf_MKC_d13;31300;ASH_COATED_OSMIUM;9934;13;9932;19;;;9940;12;9944;14;;;9937.0;0.0
yf_MKC_d13;31300;INTARIAN_PEPPER_ROOT;11035;9;11031;22;;;11041;19;11044;18;;;11038.0;0.0
yf_MKC_d13;31400;ASH_COATED_OSMIUM;9934;20;9931;27;;;9940;16;9943;18;;;9937.0;0.0
yf_MKC_d13;31400;INTARIAN_PEPPER_ROOT;11035;23;11032;22;;;11041;16;11044;25;;;11038.0;0.0
yf_MKC_d13;31500;ASH_COATED_OSMIUM;9934;14;9931;18;;;9940;17;9942;18;;;9937.0;0.0
yf_MKC_d13;31500;INTARIAN_PEPPER_ROOT;11033;7;11030;21;;;11039;10;11043;20;;;11036.0;0.0
yf_MKC_d13;31600;ASH_COATED_OSMIUM;9934;14;9930;11;;;9940;20;9942;23;;;9937.0;0.0
yf_MKC_d13;31600;INTARIAN_PEPPER_ROOT;11032;11;11030;29;;;11040;19;11044;14;;;11036.0;0.0
yf_MKC_d13;31700;ASH_COATED_OSMIUM;9934;14;9930;9;;;9940;15;9942;15;;;9937.0;0.0
yf_MKC_d13;31700;INTARIAN_PEPPER_ROOT;11027;23;11024;20;;;11040;19;11042;18;;;11033.5;0.0
yf_MKC_d13;31800;ASH_COATED_OSMIUM;9934;20;9930;17;;;9940;16;9943;17;;;9937.0;0.0
yf_MKC_d13;31800;INTARIAN_PEPPER_ROOT;11030;6;11028;15;;;11037;22;11040;18;;;11033.5;0.0
yf_MKC_d13;31900;ASH_COATED_OSMIUM;9934;15;9932;16;;;9940;19;9943;18;;;9937.0;0.0
yf_MKC_d13;31900;INTARIAN_PEPPER_ROOT;11029;20;11025;31;;;11035;21;11037;15;;;11032.0;0.0
yf_MKC_d13;32000;ASH_COATED_OSMIUM;9934;12;9932;19;;;9940;18;9942;30;;;9937.0;0.0
yf_MKC_d13;32000;INTARIAN_PEPPER_ROOT;11028;18;11025;22;;;11034;5;11036;16;;;11031.0;0.0
yf_MKC_d13;32100;ASH_COATED_OSMIUM;9934;20;9930;17;;;9940;15;9944;20;;;9937.0;0.0
yf_MKC_d13;32100;INTARIAN_PEPPER_ROOT;11021;9;11018;8;;;11038;6;11040;26;;;11029.5;0.0
yf_MKC_d13;32200;ASH_COATED_OSMIUM;9934;14;9931;19;;;9940;5;9943;13;;;9937.0;0.0
yf_MKC_d13;32200;INTARIAN_PEPPER_ROOT;11024;16;11022;26;;;11035;15;11037;20;;;11029.5;0.0
yf_MKC_d13;32300;ASH_COATED_OSMIUM;9925;6;9921;15;;;9949;22;9951;17;;;9937.0;0.0
yf_MKC_d13;32300;INTARIAN_PEPPER_ROOT;11024;13;11022;18;;;11030;17;11033;18;;;11027.0;0.0
yf_MKC_d13;32400;ASH_COATED_OSMIUM;9931;25;9928;12;;;9943;12;9945;22;;;9937.0;0.0
yf_MKC_d13;32400;INTARIAN_PEPPER_ROOT;11001;13;10998;18;;;11053;17;11056;25;;;11027.0;0.0
yf_MKC_d13;32500;ASH_COATED_OSMIUM;9932;9;9930;16;;;9939;14;9943;28;;;9935.5;0.0
yf_MKC_d13;32500;INTARIAN_PEPPER_ROOT;11023;19;11021;14;;;11029;18;11033;30;;;11026.0;0.0
yf_MKC_d13;32600;ASH_COATED_OSMIUM;9934;11;9930;10;;;9940;13;9942;8;;;9937.0;0.0
yf_MKC_d13;32600;INTARIAN_PEPPER_ROOT;11010;15;11008;25;;;11041;17;11045;14;;;11025.5;0.0
yf_MKC_d13;32700;ASH_COATED_OSMIUM;9932;10;9929;17;;;9940;18;9944;21;;;9936.0;0.0
yf_MKC_d13;32700;INTARIAN_PEPPER_ROOT;11018;15;11014;21;;;11027;16;11031;18;;;11022.5;0.0
yf_MKC_d13;32800;ASH_COATED_OSMIUM;9928;13;9925;20;;;9945;22;9948;19;;;9936.5;0.0
yf_MKC_d13;32800;INTARIAN_PEPPER_ROOT;11019;19;11017;18;;;11026;5;11028;12;;;11022.5;0.0
yf_MKC_d13;32900;ASH_COATED_OSMIUM;9933;11;9931;17;;;9939;15;9941;19;;;9936.0;0.0
yf_MKC_d13;32900;INTARIAN_PEPPER_ROOT;11018;10;11015;22;;;11024;22;11028;18;;;11021.0;0.0
yf_MKC_d13;33000;ASH_COATED_OSMIUM;9932;16;9930;30;;;9940;10;9942;28;;;9936.0;0.0
yf_MKC_d13;33000;INTARIAN_PEPPER_ROOT;11017;21;11014;25;;;11023;17;11027;18;;;11020.0;0.0
yf_MKC_d13;33100;ASH_COATED_OSMIUM;9931;6;9928;12;;;9941;11;9944;20;;;9936.0;0.0
yf_MKC_d13;33100;INTARIAN_PEPPER_ROOT;11016;17;11013;27;;;11022;19;11026;16;;;11019.0;0.0
yf_MKC_d13;33200;ASH_COATED_OSMIUM;9933;18;9931;26;;;9939;9;9942;24;;;9936.0;0.0
yf_MKC_d13;33200;INTARIAN_PEPPER_ROOT;11015;10;11013;8;;;11022;20;11026;19;;;11018.5;0.0
yf_MKC_d13;33300;ASH_COATED_OSMIUM;9933;15;9931;21;;;9939;11;9943;8;;;9936.0;0.0
yf_MKC_d13;33300;INTARIAN_PEPPER_ROOT;11014;11;11011;25;;;11020;15;11024;17;;;11017.0;0.0
yf_MKC_d13;33400;ASH_COATED_OSMIUM;9933;11;9930;13;;;9939;8;9941;23;;;9936.0;0.0
yf_MKC_d13;33400;INTARIAN_PEPPER_ROOT;11013;9;11009;23;;;11019;14;11021;16;;;11016.0;0.0
yf_MKC_d13;33500;ASH_COATED_OSMIUM;9933;6;9930;23;;;9939;8;9942;16;;;9936.0;0.0
yf_MKC_d13;33500;INTARIAN_PEPPER_ROOT;11012;7;11010;16;;;11018;5;11021;17;;;11015.0;0.0
yf_MKC_d13;33600;ASH_COATED_OSMIUM;9931;19;9927;22;;;9940;15;9944;20;;;9935.5;0.0
yf_MKC_d13;33600;INTARIAN_PEPPER_ROOT;11009;8;11007;14;;;11019;15;11021;12;;;11014.0;0.0
yf_MKC_d13;33700;ASH_COATED_OSMIUM;9932;11;9929;18;;;9940;14;9944;26;;;9936.0;0.0
yf_MKC_d13;33700;INTARIAN_PEPPER_ROOT;11009;18;11007;25;;;11015;13;11019;15;;;11012.0;0.0
yf_MKC_d13;33800;ASH_COATED_OSMIUM;9933;18;9931;15;;;9939;19;9941;18;;;9936.0;0.0
yf_MKC_d13;33800;INTARIAN_PEPPER_ROOT;11008;7;11005;24;;;11014;13;11018;15;;;11011.0;0.0
yf_MKC_d13;33900;ASH_COATED_OSMIUM;9933;6;9929;16;;;9939;16;9943;21;;;9936.0;0.0
yf_MKC_d13;33900;INTARIAN_PEPPER_ROOT;11002;16;11000;22;;;11019;16;11022;21;;;11010.5;0.0
yf_MKC_d13;34000;ASH_COATED_OSMIUM;9932;19;9929;13;;;9939;19;9943;17;;;9935.5;0.0
yf_MKC_d13;34000;INTARIAN_PEPPER_ROOT;11009;22;11005;19;;;11016;10;11019;22;;;11012.5;0.0
yf_MKC_d13;34100;ASH_COATED_OSMIUM;9932;11;9929;20;;;9938;9;9941;11;;;9935.0;0.0
yf_MKC_d13;34100;INTARIAN_PEPPER_ROOT;11012;17;11008;21;;;11018;13;11022;18;;;11015.0;0.0
yf_MKC_d13;34200;ASH_COATED_OSMIUM;9933;19;9929;25;;;9939;19;9943;25;;;9936.0;0.0
yf_MKC_d13;34200;INTARIAN_PEPPER_ROOT;11014;16;11011;15;;;11020;18;11022;29;;;11017.0;0.0
yf_MKC_d13;34300;ASH_COATED_OSMIUM;9933;7;9931;17;;;9940;13;9943;14;;;9936.5;0.0
yf_MKC_d13;34300;INTARIAN_PEPPER_ROOT;11016;8;11012;18;;;11022;22;11025;23;;;11019.0;0.0
yf_MKC_d13;34400;ASH_COATED_OSMIUM;9932;17;9930;16;;;9938;11;9942;29;;;9935.0;0.0
yf_MKC_d13;34400;INTARIAN_PEPPER_ROOT;11018;16;11015;24;;;11024;13;11027;22;;;11021.0;0.0
yf_MKC_d13;34500;ASH_COATED_OSMIUM;9933;16;9930;17;;;9939;14;9943;19;;;9936.0;0.0
yf_MKC_d13;34500;INTARIAN_PEPPER_ROOT;11020;21;11018;18;;;11026;14;11029;23;;;11023.0;0.0
yf_MKC_d13;34600;ASH_COATED_OSMIUM;9923;18;9919;23;;;9950;12;9953;15;;;9936.5;0.0
yf_MKC_d13;34600;INTARIAN_PEPPER_ROOT;11020;19;11017;16;;;11032;5;11035;16;;;11026.0;0.0
yf_MKC_d13;34700;ASH_COATED_OSMIUM;9932;12;9928;12;;;9941;14;9944;26;;;9936.5;0.0
yf_MKC_d13;34700;INTARIAN_PEPPER_ROOT;11023;20;11020;21;;;11033;14;11035;20;;;11028.0;0.0
yf_MKC_d13;34800;ASH_COATED_OSMIUM;9928;17;9924;16;;;9945;7;9949;29;;;9936.5;0.0
yf_MKC_d13;34800;INTARIAN_PEPPER_ROOT;11014;19;11012;22;;;11045;13;11047;26;;;11029.5;0.0
yf_MKC_d13;34900;ASH_COATED_OSMIUM;9925;19;9922;16;;;9949;22;9953;27;;;9937.0;0.0
yf_MKC_d13;34900;INTARIAN_PEPPER_ROOT;11029;15;11025;25;;;11035;27;11037;14;;;11032.0;0.0
yf_MKC_d13;35000;ASH_COATED_OSMIUM;9933;25;9930;16;;;9939;15;9942;28;;;9936.0;0.0
yf_MKC_d13;35000;INTARIAN_PEPPER_ROOT;11031;10;11027;18;;;11037;21;11041;11;;;11034.0;0.0
yf_MKC_d13;35100;ASH_COATED_OSMIUM;9934;10;9930;14;;;9940;15;9942;23;;;9937.0;0.0
yf_MKC_d13;35100;INTARIAN_PEPPER_ROOT;11033;20;11029;23;;;11039;8;11042;16;;;11036.0;0.0
yf_MKC_d13;35200;ASH_COATED_OSMIUM;9932;15;9929;16;;;9942;9;9946;22;;;9937.0;0.0
yf_MKC_d13;35200;INTARIAN_PEPPER_ROOT;11034;12;11030;18;;;11040;16;11042;32;;;11037.0;0.0
yf_MKC_d13;35300;ASH_COATED_OSMIUM;9930;13;9927;24;;;9944;26;9948;24;;;9937.0;0.0
yf_MKC_d13;35300;INTARIAN_PEPPER_ROOT;11037;18;11034;13;;;11043;14;11046;19;;;11040.0;0.0
yf_MKC_d13;35400;ASH_COATED_OSMIUM;9931;17;9928;21;;;9941;8;9945;19;;;9936.0;0.0
yf_MKC_d13;35400;INTARIAN_PEPPER_ROOT;11039;7;11037;13;;;11045;12;11047;17;;;11042.0;0.0
yf_MKC_d13;35500;ASH_COATED_OSMIUM;9934;10;9930;11;;;9940;10;9944;21;;;9937.0;0.0
yf_MKC_d13;35500;INTARIAN_PEPPER_ROOT;11035;22;11033;22;;;11053;14;11057;22;;;11044.0;0.0
yf_MKC_d13;35600;ASH_COATED_OSMIUM;9933;19;9930;16;;;9941;17;9944;24;;;9937.0;0.0
yf_MKC_d13;35600;INTARIAN_PEPPER_ROOT;11042;16;11038;17;;;11050;11;11052;15;;;11046.0;0.0
yf_MKC_d13;35700;ASH_COATED_OSMIUM;9934;9;9930;17;;;9940;14;9943;19;;;9937.0;0.0
yf_MKC_d13;35700;INTARIAN_PEPPER_ROOT;11040;12;11037;14;;;11056;12;11058;19;;;11048.0;0.0
yf_MKC_d13;35800;ASH_COATED_OSMIUM;9934;20;9931;22;;;9940;15;9943;17;;;9937.0;0.0
yf_MKC_d13;35800;INTARIAN_PEPPER_ROOT;11047;5;11044;12;;;11053;14;11056;15;;;11050.0;0.0
yf_MKC_d13;35900;ASH_COATED_OSMIUM;9935;22;9931;15;;;9941;20;9945;21;;;9938.0;0.0
yf_MKC_d13;35900;INTARIAN_PEPPER_ROOT;11049;18;11047;26;;;11055;16;11059;14;;;11052.0;0.0
yf_MKC_d13;36000;ASH_COATED_OSMIUM;9934;9;9932;22;;;9940;22;9942;15;;;9937.0;0.0
yf_MKC_d13;36000;INTARIAN_PEPPER_ROOT;11052;15;11049;28;;;11058;18;11061;17;;;11055.0;0.0
yf_MKC_d13;36100;ASH_COATED_OSMIUM;9934;17;9930;23;;;9940;19;9942;23;;;9937.0;0.0
yf_MKC_d13;36100;INTARIAN_PEPPER_ROOT;11053;14;11050;18;;;11059;15;11063;20;;;11056.0;0.0
yf_MKC_d13;36200;ASH_COATED_OSMIUM;9931;16;9929;27;;;9944;16;9948;32;;;9937.5;0.0
yf_MKC_d13;36200;INTARIAN_PEPPER_ROOT;11051;13;11047;11;;;11067;12;11070;24;;;11059.0;0.0
yf_MKC_d13;36300;ASH_COATED_OSMIUM;9934;7;9930;23;;;9940;5;9943;20;;;9937.0;0.0
yf_MKC_d13;36300;INTARIAN_PEPPER_ROOT;11055;14;11051;19;;;11066;19;11068;31;;;11060.5;0.0
yf_MKC_d13;36400;ASH_COATED_OSMIUM;9932;14;9928;11;;;9943;18;9946;17;;;9937.5;0.0
yf_MKC_d13;36400;INTARIAN_PEPPER_ROOT;11053;17;11051;23;;;11072;16;11074;22;;;11062.5;0.0
yf_MKC_d13;36500;ASH_COATED_OSMIUM;9934;11;9932;18;;;9942;10;9945;19;;;9938.0;0.0
yf_MKC_d13;36500;INTARIAN_PEPPER_ROOT;11059;16;11055;24;;;11072;7;11074;23;;;11065.5;0.0
yf_MKC_d13;36600;ASH_COATED_OSMIUM;9934;10;9932;15;;;9940;16;9944;22;;;9937.0;0.0
yf_MKC_d13;36600;INTARIAN_PEPPER_ROOT;11064;7;11061;24;;;11070;19;11073;19;;;11067.0;0.0
yf_MKC_d13;36700;ASH_COATED_OSMIUM;9935;8;9933;18;;;9941;13;9943;8;;;9938.0;0.0
yf_MKC_d13;36700;INTARIAN_PEPPER_ROOT;11063;12;11059;12;;;11074;16;11078;23;;;11068.5;0.0
yf_MKC_d13;36800;ASH_COATED_OSMIUM;9935;9;9932;21;;;9941;17;9945;30;;;9938.0;0.0
yf_MKC_d13;36800;INTARIAN_PEPPER_ROOT;11067;13;11064;20;;;11077;9;11079;20;;;11072.0;0.0
yf_MKC_d13;36900;ASH_COATED_OSMIUM;9934;14;9932;22;;;9941;22;9945;21;;;9937.5;0.0
yf_MKC_d13;36900;INTARIAN_PEPPER_ROOT;11070;16;11066;15;;;11076;17;11078;19;;;11073.0;0.0
yf_MKC_d13;37000;ASH_COATED_OSMIUM;9935;18;9931;21;;;9941;15;9945;24;;;9938.0;0.0
yf_MKC_d13;37000;INTARIAN_PEPPER_ROOT;11064;17;11060;14;;;11087;16;11089;19;;;11075.5;0.0
yf_MKC_d13;37100;ASH_COATED_OSMIUM;9936;9;9932;16;;;9942;24;9944;22;;;9939.0;0.0
yf_MKC_d13;37100;INTARIAN_PEPPER_ROOT;11067;16;11063;22;;;11088;12;11092;15;;;11077.5;0.0
yf_MKC_d13;37200;ASH_COATED_OSMIUM;9935;12;9933;23;;;9941;14;9945;23;;;9938.0;0.0
yf_MKC_d13;37200;INTARIAN_PEPPER_ROOT;11073;19;11070;17;;;11087;21;11089;19;;;11080.0;0.0
yf_MKC_d13;37300;ASH_COATED_OSMIUM;9936;15;9934;18;;;9942;22;9946;19;;;9939.0;0.0
yf_MKC_d13;37300;INTARIAN_PEPPER_ROOT;11079;14;11076;14;;;11085;18;11088;23;;;11082.0;0.0
yf_MKC_d13;37400;ASH_COATED_OSMIUM;9932;13;9930;24;;;9945;13;9948;24;;;9938.5;0.0
yf_MKC_d13;37400;INTARIAN_PEPPER_ROOT;11081;15;11079;21;;;11087;8;11091;13;;;11084.0;0.0
yf_MKC_d13;37500;ASH_COATED_OSMIUM;9931;9;9929;24;;;9947;16;9949;28;;;9939.0;0.0
yf_MKC_d13;37500;INTARIAN_PEPPER_ROOT;11082;15;11078;14;;;11089;20;11091;11;;;11085.5;0.0
yf_MKC_d13;37600;ASH_COATED_OSMIUM;9936;17;9934;21;;;9942;18;9946;16;;;9939.0;0.0
yf_MKC_d13;37600;INTARIAN_PEPPER_ROOT;11085;18;11081;22;;;11091;15;11095;28;;;11088.0;0.0
yf_MKC_d13;37700;ASH_COATED_OSMIUM;9932;12;9928;22;;;9945;18;9948;21;;;9938.5;0.0
yf_MKC_d13;37700;INTARIAN_PEPPER_ROOT;11087;14;11083;20;;;11093;11;11095;30;;;11090.0;0.0
yf_MKC_d13;37800;ASH_COATED_OSMIUM;9936;9;9934;17;;;9942;12;9945;17;;;9939.0;0.0
yf_MKC_d13;37800;INTARIAN_PEPPER_ROOT;11089;9;11087;18;;;11095;16;11099;33;;;11092.0;0.0
yf_MKC_d13;37900;ASH_COATED_OSMIUM;9935;15;9931;30;;;9941;26;9945;18;;;9938.0;0.0
yf_MKC_d13;37900;INTARIAN_PEPPER_ROOT;11088;17;11085;20;;;11101;5;11104;24;;;11094.5;0.0
yf_MKC_d13;38000;ASH_COATED_OSMIUM;9935;15;9931;17;;;9942;18;9946;20;;;9938.5;0.0
yf_MKC_d13;38000;INTARIAN_PEPPER_ROOT;11086;12;11082;20;;;11107;22;11111;21;;;11096.5;0.0
yf_MKC_d13;38100;ASH_COATED_OSMIUM;9936;19;9934;8;;;9942;20;9946;25;;;9939.0;0.0
yf_MKC_d13;38100;INTARIAN_PEPPER_ROOT;11095;13;11092;28;;;11101;8;11103;23;;;11098.0;0.0
yf_MKC_d13;38200;ASH_COATED_OSMIUM;9936;11;9933;18;;;9942;19;9946;16;;;9939.0;0.0
yf_MKC_d13;38200;INTARIAN_PEPPER_ROOT;11097;16;11095;19;;;11103;13;11105;21;;;11100.0;0.0
yf_MKC_d13;38300;ASH_COATED_OSMIUM;9936;15;9933;16;;;9942;12;9944;14;;;9939.0;0.0
yf_MKC_d13;38300;INTARIAN_PEPPER_ROOT;11099;8;11096;13;;;11105;26;11108;17;;;11102.0;0.0
yf_MKC_d13;38400;ASH_COATED_OSMIUM;9936;10;9933;17;;;9942;15;9945;20;;;9939.0;0.0
yf_MKC_d13;38400;INTARIAN_PEPPER_ROOT;11082;9;11079;21;;;11128;11;11130;21;;;11105.0;0.0
yf_MKC_d13;38500;ASH_COATED_OSMIUM;9936;17;9932;10;;;9942;12;9945;11;;;9939.0;0.0
yf_MKC_d13;38500;INTARIAN_PEPPER_ROOT;11103;16;11099;27;;;11109;22;11112;22;;;11106.0;0.0
yf_MKC_d13;38600;ASH_COATED_OSMIUM;9935;24;9931;19;;;9943;12;9947;15;;;9939.0;0.0
yf_MKC_d13;38600;INTARIAN_PEPPER_ROOT;11103;21;11099;26;;;11115;6;11119;23;;;11109.0;0.0
yf_MKC_d13;38700;ASH_COATED_OSMIUM;9936;18;9932;24;;;9942;20;9946;14;;;9939.0;0.0
yf_MKC_d13;38700;INTARIAN_PEPPER_ROOT;11108;14;11105;14;;;11114;16;11118;23;;;11111.0;0.0
yf_MKC_d13;38800;ASH_COATED_OSMIUM;9934;18;9930;26;;;9945;14;9948;22;;;9939.5;0.0
yf_MKC_d13;38800;INTARIAN_PEPPER_ROOT;11110;16;11108;26;;;11116;8;11118;26;;;11113.0;0.0
yf_MKC_d13;38900;ASH_COATED_OSMIUM;9926;20;9922;24;;;9953;10;9956;18;;;9939.5;0.0
yf_MKC_d13;38900;INTARIAN_PEPPER_ROOT;11108;14;11106;23;;;11122;18;11124;16;;;11115.0;0.0
yf_MKC_d13;39000;ASH_COATED_OSMIUM;9935;14;9931;27;;;9944;10;9948;12;;;9939.5;0.0
yf_MKC_d13;39000;INTARIAN_PEPPER_ROOT;11112;11;11109;17;;;11122;9;11124;18;;;11117.0;0.0
yf_MKC_d13;39100;ASH_COATED_OSMIUM;9937;10;9933;16;;;9943;14;9946;16;;;9940.0;0.0
yf_MKC_d13;39100;INTARIAN_PEPPER_ROOT;11117;13;11114;18;;;11123;21;11125;18;;;11120.0;0.0
yf_MKC_d13;39200;ASH_COATED_OSMIUM;9937;16;9935;15;;;9943;5;9947;13;;;9940.0;0.0
yf_MKC_d13;39200;INTARIAN_PEPPER_ROOT;11115;22;11111;19;;;11128;15;11130;18;;;11121.5;0.0
yf_MKC_d13;39300;ASH_COATED_OSMIUM;9937;18;9934;24;;;9943;13;9945;13;;;9940.0;0.0
yf_MKC_d13;39300;INTARIAN_PEPPER_ROOT;11117;20;11115;21;;;11128;21;11131;29;;;11122.5;0.0
yf_MKC_d13;39400;ASH_COATED_OSMIUM;9936;13;9932;20;;;9944;11;9946;23;;;9940.0;0.0
yf_MKC_d13;39400;INTARIAN_PEPPER_ROOT;11123;15;11119;14;;;11129;18;11132;16;;;11126.0;0.0
yf_MKC_d13;39500;ASH_COATED_OSMIUM;9937;13;9934;18;;;9943;11;9945;19;;;9940.0;0.0
yf_MKC_d13;39500;INTARIAN_PEPPER_ROOT;11125;15;11122;14;;;11131;20;11133;31;;;11128.0;0.0
yf_MKC_d13;39600;ASH_COATED_OSMIUM;9938;15;9936;10;;;9944;13;9946;24;;;9941.0;0.0
yf_MKC_d13;39600;INTARIAN_PEPPER_ROOT;11126;17;11123;8;;;11133;9;11136;21;;;11129.5;0.0
yf_MKC_d13;39700;ASH_COATED_OSMIUM;9938;17;9934;22;;;9944;14;9947;8;;;9941.0;0.0
yf_MKC_d13;39700;INTARIAN_PEPPER_ROOT;11126;14;11122;15;;;11137;20;11140;24;;;11131.5;0.0
yf_MKC_d13;39800;ASH_COATED_OSMIUM;9936;6;9934;20;;;9944;13;9946;23;;;9940.0;0.0
yf_MKC_d13;39800;INTARIAN_PEPPER_ROOT;11131;19;11127;8;;;11137;12;11139;17;;;11134.0;0.0
yf_MKC_d13;39900;ASH_COATED_OSMIUM;9936;5;9934;24;;;9943;23;9946;15;;;9939.5;0.0
yf_MKC_d13;39900;INTARIAN_PEPPER_ROOT;11133;5;11130;8;;;11139;15;11141;21;;;11136.0;0.0
yf_MKC_d13;40000;ASH_COATED_OSMIUM;9938;8;9935;20;;;9945;8;9949;19;;;9941.5;0.0
yf_MKC_d13;40000;INTARIAN_PEPPER_ROOT;11134;14;11132;20;;;11143;21;11147;20;;;11138.5;0.0
yf_MKC_d13;40100;ASH_COATED_OSMIUM;9937;19;9935;24;;;9943;10;9945;18;;;9940.0;0.0
yf_MKC_d13;40100;INTARIAN_PEPPER_ROOT;11137;10;11134;34;;;11143;15;11146;10;;;11140.0;0.0
yf_MKC_d13;40200;ASH_COATED_OSMIUM;9935;14;9932;8;;;9946;14;9950;8;;;9940.5;0.0
yf_MKC_d13;40200;INTARIAN_PEPPER_ROOT;11139;15;11135;13;;;11145;10;11147;20;;;11142.0;0.0
yf_MKC_d13;40300;ASH_COATED_OSMIUM;9935;16;9931;17;;;9946;14;9950;16;;;9940.5;0.0
yf_MKC_d13;40300;INTARIAN_PEPPER_ROOT;11141;29;11139;17;;;11147;17;11149;24;;;11144.0;0.0
yf_MKC_d13;40400;ASH_COATED_OSMIUM;9938;10;9936;22;;;9944;14;9948;12;;;9941.0;0.0
yf_MKC_d13;40400;INTARIAN_PEPPER_ROOT;11141;16;11139;17;;;11151;14;11154;19;;;11146.0;0.0
yf_MKC_d13;40500;ASH_COATED_OSMIUM;9938;14;9935;16;;;9944;12;9948;16;;;9941.0;0.0
yf_MKC_d13;40500;INTARIAN_PEPPER_ROOT;11145;14;11143;27;;;11151;14;11153;20;;;11148.0;0.0
yf_MKC_d13;40600;ASH_COATED_OSMIUM;9938;6;9935;12;;;9944;13;9946;17;;;9941.0;0.0
yf_MKC_d13;40600;INTARIAN_PEPPER_ROOT;11140;11;11137;18;;;11162;19;11166;13;;;11151.0;0.0
yf_MKC_d13;40700;ASH_COATED_OSMIUM;9938;10;9934;16;;;9944;16;9948;19;;;9941.0;0.0
yf_MKC_d13;40700;INTARIAN_PEPPER_ROOT;11150;15;11146;25;;;11156;9;11158;26;;;11153.0;0.0
yf_MKC_d13;40800;ASH_COATED_OSMIUM;9933;12;9929;14;;;9950;15;9953;23;;;9941.5;0.0
yf_MKC_d13;40800;INTARIAN_PEPPER_ROOT;11150;8;11147;23;;;11160;23;11163;22;;;11155.0;0.0
yf_MKC_d13;40900;ASH_COATED_OSMIUM;9938;15;9935;20;;;9944;21;9947;30;;;9941.0;0.0
yf_MKC_d13;40900;INTARIAN_PEPPER_ROOT;11153;17;11150;17;;;11159;12;11161;14;;;11156.0;0.0
yf_MKC_d13;41000;ASH_COATED_OSMIUM;9938;8;9934;26;;;9944;23;9948;26;;;9941.0;0.0
yf_MKC_d13;41000;INTARIAN_PEPPER_ROOT;11156;8;11152;24;;;11162;21;11165;25;;;11159.0;0.0
yf_MKC_d13;41100;ASH_COATED_OSMIUM;9938;9;9936;15;;;9944;7;9947;23;;;9941.0;0.0
yf_MKC_d13;41100;INTARIAN_PEPPER_ROOT;11149;19;11145;13;;;11173;14;11177;27;;;11161.0;0.0
yf_MKC_d13;41200;ASH_COATED_OSMIUM;9935;13;9931;14;;;9949;14;9951;16;;;9942.0;0.0
yf_MKC_d13;41200;INTARIAN_PEPPER_ROOT;11151;15;11148;21;;;11174;19;11176;20;;;11162.5;0.0
yf_MKC_d13;41300;ASH_COATED_OSMIUM;9938;12;9935;20;;;9944;16;9948;18;;;9941.0;0.0
yf_MKC_d13;41300;INTARIAN_PEPPER_ROOT;11162;19;11160;17;;;11168;18;11171;8;;;11165.0;0.0
yf_MKC_d13;41400;ASH_COATED_OSMIUM;9938;18;9934;16;;;9945;12;9948;25;;;9941.5;0.0
yf_MKC_d13;41400;INTARIAN_PEPPER_ROOT;11164;12;11160;8;;;11170;18;11174;12;;;11167.0;0.0
yf_MKC_d13;41500;ASH_COATED_OSMIUM;9939;5;9935;24;;;9945;19;9948;13;;;9942.0;0.0
yf_MKC_d13;41500;INTARIAN_PEPPER_ROOT;11166;13;11163;11;;;11172;10;11176;24;;;11169.0;0.0
yf_MKC_d13;41600;ASH_COATED_OSMIUM;9937;25;9935;15;;;9946;13;9949;15;;;9941.5;0.0
yf_MKC_d13;41600;INTARIAN_PEPPER_ROOT;11168;16;11164;18;;;11174;13;11178;22;;;11171.0;0.0
yf_MKC_d13;41700;ASH_COATED_OSMIUM;9938;17;9935;22;;;9945;19;9947;22;;;9941.5;0.0
yf_MKC_d13;41700;INTARIAN_PEPPER_ROOT;11170;8;11168;23;;;11176;17;11179;22;;;11173.0;0.0
yf_MKC_d13;41800;ASH_COATED_OSMIUM;9939;20;9936;27;;;9945;16;9947;12;;;9942.0;0.0
yf_MKC_d13;41800;INTARIAN_PEPPER_ROOT;11172;16;11169;20;;;11178;8;11181;32;;;11175.0;0.0
yf_MKC_d13;41900;ASH_COATED_OSMIUM;9939;18;9936;27;;;9945;11;9947;25;;;9942.0;0.0
yf_MKC_d13;41900;INTARIAN_PEPPER_ROOT;11175;18;11173;31;;;11181;13;11185;13;;;11178.0;0.0
yf_MKC_d13;42000;ASH_COATED_OSMIUM;9939;26;9936;12;;;9946;15;9948;15;;;9942.5;0.0
yf_MKC_d13;42000;INTARIAN_PEPPER_ROOT;11176;22;11172;28;;;11182;13;11184;23;;;11179.0;0.0
yf_MKC_d13;42100;ASH_COATED_OSMIUM;9939;18;9937;19;;;9945;5;9947;20;;;9942.0;0.0
yf_MKC_d13;42100;INTARIAN_PEPPER_ROOT;11174;13;11171;21;;;11189;15;11192;25;;;11181.5;0.0
yf_MKC_d13;42200;ASH_COATED_OSMIUM;9935;13;9932;14;;;9949;16;9951;24;;;9942.0;0.0
yf_MKC_d13;42200;INTARIAN_PEPPER_ROOT;11173;19;11169;25;;;11196;18;11200;17;;;11184.5;0.0
yf_MKC_d13;42300;ASH_COATED_OSMIUM;9939;8;9935;11;;;9946;16;9949;27;;;9942.5;0.0
yf_MKC_d13;42300;INTARIAN_PEPPER_ROOT;11181;13;11177;12;;;11191;19;11195;21;;;11186.0;0.0
yf_MKC_d13;42400;ASH_COATED_OSMIUM;9939;15;9935;19;;;9945;23;9949;18;;;9942.0;0.0
yf_MKC_d13;42400;INTARIAN_PEPPER_ROOT;11185;15;11181;16;;;11191;6;11193;29;;;11188.0;0.0
yf_MKC_d13;42500;ASH_COATED_OSMIUM;9939;5;9937;25;;;9945;17;9948;16;;;9942.0;0.0
yf_MKC_d13;42500;INTARIAN_PEPPER_ROOT;11187;12;11185;19;;;11194;11;11196;28;;;11190.5;0.0
yf_MKC_d13;42600;ASH_COATED_OSMIUM;9915;23;9911;20;;;9970;18;9974;20;;;9942.5;0.0
yf_MKC_d13;42600;INTARIAN_PEPPER_ROOT;11189;14;11187;10;;;11195;16;11198;23;;;11192.0;0.0
yf_MKC_d13;42700;ASH_COATED_OSMIUM;9939;25;9935;16;;;9945;16;9947;18;;;9942.0;0.0
yf_MKC_d13;42700;INTARIAN_PEPPER_ROOT;11191;12;11188;8;;;11197;26;11200;18;;;11194.0;0.0
yf_MKC_d13;42800;ASH_COATED_OSMIUM;9940;11;9938;13;;;9946;16;9948;16;;;9943.0;0.0
yf_MKC_d13;42800;INTARIAN_PEPPER_ROOT;11193;18;11191;20;;;11199;20;11202;20;;;11196.0;0.0
yf_MKC_d13;42900;ASH_COATED_OSMIUM;9940;20;9936;21;;;9946;9;9950;19;;;9943.0;0.0
yf_MKC_d13;42900;INTARIAN_PEPPER_ROOT;11191;12;11187;12;;;11204;11;11206;18;;;11197.5;0.0
yf_MKC_d13;43000;ASH_COATED_OSMIUM;9937;10;9933;17;;;9948;16;9950;25;;;9942.5;0.0
yf_MKC_d13;43000;INTARIAN_PEPPER_ROOT;11197;19;11195;16;;;11203;6;11206;15;;;11200.0;0.0
yf_MKC_d13;43100;ASH_COATED_OSMIUM;9940;28;9938;25;;;9946;16;9948;15;;;9943.0;0.0
yf_MKC_d13;43100;INTARIAN_PEPPER_ROOT;11199;15;11195;20;;;11205;16;11209;27;;;11202.0;0.0
yf_MKC_d13;43200;ASH_COATED_OSMIUM;9940;21;9937;25;;;9946;16;9948;9;;;9943.0;0.0
yf_MKC_d13;43200;INTARIAN_PEPPER_ROOT;11193;19;11189;23;;;11216;22;11219;16;;;11204.5;0.0
yf_MKC_d13;43300;ASH_COATED_OSMIUM;9940;16;9936;22;;;9946;20;9948;17;;;9943.0;0.0
yf_MKC_d13;43300;INTARIAN_PEPPER_ROOT;11203;14;11199;19;;;11209;14;11211;15;;;11206.0;0.0
yf_MKC_d13;43400;ASH_COATED_OSMIUM;9938;18;9935;19;;;9949;17;9952;24;;;9943.5;0.0
yf_MKC_d13;43400;INTARIAN_PEPPER_ROOT;11206;14;11203;20;;;11212;11;11216;23;;;11209.0;0.0
yf_MKC_d13;43500;ASH_COATED_OSMIUM;9939;8;9936;24;;;9948;16;9950;24;;;9943.5;0.0
yf_MKC_d13;43500;INTARIAN_PEPPER_ROOT;11204;19;11201;22;;;11218;12;11221;19;;;11211.0;0.0
yf_MKC_d13;43600;ASH_COATED_OSMIUM;9938;10;9935;16;;;9948;19;9950;20;;;9943.0;0.0
yf_MKC_d13;43600;INTARIAN_PEPPER_ROOT;11210;11;11207;23;;;11216;11;11218;20;;;11213.0;0.0
yf_MKC_d13;43700;ASH_COATED_OSMIUM;9939;11;9935;20;;;9947;14;9950;23;;;9943.0;0.0
yf_MKC_d13;43700;INTARIAN_PEPPER_ROOT;11205;14;11202;20;;;11224;15;11228;27;;;11214.5;0.0
yf_MKC_d13;43800;ASH_COATED_OSMIUM;9940;15;9938;9;;;9946;13;9950;24;;;9943.0;0.0
yf_MKC_d13;43800;INTARIAN_PEPPER_ROOT;11210;18;11207;18;;;11224;11;11226;11;;;11217.0;0.0
yf_MKC_d13;43900;ASH_COATED_OSMIUM;9940;23;9936;23;;;9948;13;9951;25;;;9944.0;0.0
yf_MKC_d13;43900;INTARIAN_PEPPER_ROOT;11216;9;11212;18;;;11222;11;11225;22;;;11219.0;0.0
yf_MKC_d13;44000;ASH_COATED_OSMIUM;9940;14;9938;17;;;9946;20;9949;15;;;9943.0;0.0
yf_MKC_d13;44000;INTARIAN_PEPPER_ROOT;11219;12;11217;19;;;11225;19;11227;16;;;11222.0;0.0
yf_MKC_d13;44100;ASH_COATED_OSMIUM;9934;24;9932;21;;;9954;24;9956;13;;;9944.0;0.0
yf_MKC_d13;44100;INTARIAN_PEPPER_ROOT;11220;14;11217;17;;;11226;17;11228;17;;;11223.0;0.0
yf_MKC_d13;44200;ASH_COATED_OSMIUM;9941;8;9937;12;;;9947;19;9950;15;;;9944.0;0.0
yf_MKC_d13;44200;INTARIAN_PEPPER_ROOT;11222;14;11220;17;;;11228;17;11230;11;;;11225.0;0.0
yf_MKC_d13;44300;ASH_COATED_OSMIUM;9940;12;9936;24;;;9946;23;9948;11;;;9943.0;0.0
yf_MKC_d13;44300;INTARIAN_PEPPER_ROOT;11224;14;11220;18;;;11230;16;11233;21;;;11227.0;0.0
yf_MKC_d13;44400;ASH_COATED_OSMIUM;9940;17;9936;25;;;9946;20;9949;12;;;9943.0;0.0
yf_MKC_d13;44400;INTARIAN_PEPPER_ROOT;11227;13;11225;23;;;11233;10;11236;25;;;11230.0;0.0
yf_MKC_d13;44500;ASH_COATED_OSMIUM;9932;13;9929;22;;;9956;22;9958;20;;;9944.0;0.0
yf_MKC_d13;44500;INTARIAN_PEPPER_ROOT;11226;12;11222;13;;;11239;17;11242;20;;;11232.5;0.0
yf_MKC_d13;44600;ASH_COATED_OSMIUM;9931;11;9927;10;;;9956;17;9958;17;;;9943.5;0.0
yf_MKC_d13;44600;INTARIAN_PEPPER_ROOT;11230;20;11227;20;;;11236;15;11238;23;;;11233.0;0.0
yf_MKC_d13;44700;ASH_COATED_OSMIUM;9934;18;9932;25;;;9954;13;9956;17;;;9944.0;0.0
yf_MKC_d13;44700;INTARIAN_PEPPER_ROOT;11233;7;11231;25;;;11239;15;11242;29;;;11236.0;0.0
yf_MKC_d13;44800;ASH_COATED_OSMIUM;9941;25;9938;29;;;9947;24;9951;19;;;9944.0;0.0
yf_MKC_d13;44800;INTARIAN_PEPPER_ROOT;11235;20;11232;19;;;11241;15;11244;21;;;11238.0;0.0
yf_MKC_d13;44900;ASH_COATED_OSMIUM;9939;11;9935;17;;;9949;24;9953;21;;;9944.0;0.0
yf_MKC_d13;44900;INTARIAN_PEPPER_ROOT;11233;11;11229;25;;;11246;6;11250;29;;;11239.5;0.0
yf_MKC_d13;45000;ASH_COATED_OSMIUM;9942;10;9938;16;;;9948;16;9952;21;;;9945.0;0.0
yf_MKC_d13;45000;INTARIAN_PEPPER_ROOT;11239;12;11237;15;;;11245;13;11247;16;;;11242.0;0.0
yf_MKC_d13;45100;ASH_COATED_OSMIUM;9940;14;9936;19;;;9948;16;9952;19;;;9944.0;0.0
yf_MKC_d13;45100;INTARIAN_PEPPER_ROOT;11229;15;11226;14;;;11259;17;11261;19;;;11244.0;0.0
yf_MKC_d13;45200;ASH_COATED_OSMIUM;9940;15;9938;22;;;9948;14;9951;19;;;9944.0;0.0
yf_MKC_d13;45200;INTARIAN_PEPPER_ROOT;11235;6;11233;16;;;11257;18;11259;15;;;11246.0;0.0
yf_MKC_d13;45300;ASH_COATED_OSMIUM;9941;14;9937;18;;;9947;16;9949;19;;;9944.0;0.0
yf_MKC_d13;45300;INTARIAN_PEPPER_ROOT;11245;9;11241;17;;;11251;8;11253;23;;;11248.0;0.0
yf_MKC_d13;45400;ASH_COATED_OSMIUM;9940;17;9936;17;;;9950;9;9952;18;;;9945.0;0.0
yf_MKC_d13;45400;INTARIAN_PEPPER_ROOT;11244;17;11240;29;;;11257;22;11259;27;;;11250.5;0.0
yf_MKC_d13;45500;ASH_COATED_OSMIUM;9942;21;9939;18;;;9948;20;9951;24;;;9945.0;0.0
yf_MKC_d13;45500;INTARIAN_PEPPER_ROOT;11249;15;11246;17;;;11257;10;11259;32;;;11253.0;0.0
yf_MKC_d13;45600;ASH_COATED_OSMIUM;9942;27;9939;18;;;9948;9;9952;27;;;9945.0;0.0
yf_MKC_d13;45600;INTARIAN_PEPPER_ROOT;11251;13;11249;17;;;11260;18;11263;15;;;11255.5;0.0
yf_MKC_d13;45700;ASH_COATED_OSMIUM;9941;17;9937;20;;;9950;7;9952;18;;;9945.5;0.0
yf_MKC_d13;45700;INTARIAN_PEPPER_ROOT;11251;14;11249;23;;;11262;19;11264;22;;;11256.5;0.0
yf_MKC_d13;45800;ASH_COATED_OSMIUM;9940;13;9936;13;;;9949;5;9951;23;;;9944.5;0.0
yf_MKC_d13;45800;INTARIAN_PEPPER_ROOT;11255;19;11251;15;;;11261;9;11263;21;;;11258.0;0.0
yf_MKC_d13;45900;ASH_COATED_OSMIUM;9942;13;9940;18;;;9948;12;9950;15;;;9945.0;0.0
yf_MKC_d13;45900;INTARIAN_PEPPER_ROOT;11249;12;11246;26;;;11271;9;11273;20;;;11260.0;0.0
yf_MKC_d13;46000;ASH_COATED_OSMIUM;9942;19;9938;17;;;9948;13;9951;20;;;9945.0;0.0
yf_MKC_d13;46000;INTARIAN_PEPPER_ROOT;11245;19;11241;23;;;11280;20;11284;22;;;11262.5;0.0
yf_MKC_d13;46100;ASH_COATED_OSMIUM;9942;20;9939;17;;;9948;18;9951;27;;;9945.0;0.0
yf_MKC_d13;46100;INTARIAN_PEPPER_ROOT;11262;14;11258;21;;;11268;14;11272;17;;;11265.0;0.0
yf_MKC_d13;46200;ASH_COATED_OSMIUM;9942;14;9940;24;;;9948;13;9951;19;;;9945.0;0.0
yf_MKC_d13;46200;INTARIAN_PEPPER_ROOT;11264;17;11261;18;;;11270;18;11272;19;;;11267.0;0.0
yf_MKC_d13;46300;ASH_COATED_OSMIUM;9943;11;9941;18;;;9949;7;9952;13;;;9946.0;0.0
yf_MKC_d13;46300;INTARIAN_PEPPER_ROOT;11265;12;11261;21;;;11274;17;11276;24;;;11269.5;0.0
yf_MKC_d13;46400;ASH_COATED_OSMIUM;9942;8;9939;22;;;9948;22;9952;18;;;9945.0;0.0
yf_MKC_d13;46400;INTARIAN_PEPPER_ROOT;11268;8;11266;14;;;11274;10;11277;26;;;11271.0;0.0
yf_MKC_d13;46500;ASH_COATED_OSMIUM;9942;17;9940;19;;;9948;19;9950;18;;;9945.0;0.0
yf_MKC_d13;46500;INTARIAN_PEPPER_ROOT;11270;14;11267;20;;;11277;14;11279;19;;;11273.5;0.0
yf_MKC_d13;46600;ASH_COATED_OSMIUM;9943;11;9940;19;;;9949;25;9951;11;;;9946.0;0.0
yf_MKC_d13;46600;INTARIAN_PEPPER_ROOT;11272;11;11269;17;;;11278;10;11280;17;;;11275.0;0.0
yf_MKC_d13;46700;ASH_COATED_OSMIUM;9932;18;9928;13;;;9958;18;9961;24;;;9945.0;0.0
yf_MKC_d13;46700;INTARIAN_PEPPER_ROOT;11274;18;11272;21;;;11280;10;11283;18;;;11277.0;0.0
yf_MKC_d13;46800;ASH_COATED_OSMIUM;9939;9;9935;22;;;9952;8;9955;16;;;9945.5;0.0
yf_MKC_d13;46800;INTARIAN_PEPPER_ROOT;11269;22;11265;29;;;11289;27;11291;23;;;11279.0;0.0
yf_MKC_d13;46900;ASH_COATED_OSMIUM;9943;13;9939;15;;;9949;12;9953;12;;;9946.0;0.0
yf_MKC_d13;46900;INTARIAN_PEPPER_ROOT;11278;14;11275;26;;;11284;13;11286;22;;;11281.0;0.0
yf_MKC_d13;47000;ASH_COATED_OSMIUM;9933;19;9929;16;;;9958;18;9960;21;;;9945.5;0.0
yf_MKC_d13;47000;INTARIAN_PEPPER_ROOT;11278;15;11274;23;;;11290;14;11292;25;;;11284.0;0.0
yf_MKC_d13;47100;ASH_COATED_OSMIUM;9943;15;9940;13;;;9949;17;9951;21;;;9946.0;0.0
yf_MKC_d13;47100;INTARIAN_PEPPER_ROOT;11283;16;11280;28;;;11289;23;11292;24;;;11286.0;0.0
yf_MKC_d13;47200;ASH_COATED_OSMIUM;9943;23;9939;23;;;9949;13;9951;15;;;9946.0;0.0
yf_MKC_d13;47200;INTARIAN_PEPPER_ROOT;11285;7;11282;22;;;11291;16;11295;18;;;11288.0;0.0
yf_MKC_d13;47300;ASH_COATED_OSMIUM;9942;10;9940;16;;;9950;16;9952;13;;;9946.0;0.0
yf_MKC_d13;47300;INTARIAN_PEPPER_ROOT;11287;14;11284;17;;;11293;17;11295;19;;;11290.0;0.0
yf_MKC_d13;47400;ASH_COATED_OSMIUM;9943;19;9940;21;;;9949;10;9951;25;;;9946.0;0.0
yf_MKC_d13;47400;INTARIAN_PEPPER_ROOT;11288;13;11286;18;;;11297;16;11300;15;;;11292.5;0.0
yf_MKC_d13;47500;ASH_COATED_OSMIUM;9942;8;9940;23;;;9951;7;9954;26;;;9946.5;0.0
yf_MKC_d13;47500;INTARIAN_PEPPER_ROOT;11290;7;11288;15;;;11298;12;11301;17;;;11294.0;0.0
yf_MKC_d13;47600;ASH_COATED_OSMIUM;9932;25;9930;23;;;9962;15;9964;25;;;9947.0;0.0
yf_MKC_d13;47600;INTARIAN_PEPPER_ROOT;11293;5;11290;24;;;11299;21;11302;11;;;11296.0;0.0
yf_MKC_d13;47700;ASH_COATED_OSMIUM;9943;20;9939;16;;;9949;15;9953;26;;;9946.0;0.0
yf_MKC_d13;47700;INTARIAN_PEPPER_ROOT;11295;10;11292;23;;;11301;9;11303;22;;;11298.0;0.0
yf_MKC_d13;47800;ASH_COATED_OSMIUM;9944;15;9940;17;;;9950;20;9952;23;;;9947.0;0.0
yf_MKC_d13;47800;INTARIAN_PEPPER_ROOT;11292;18;11289;24;;;11310;9;11313;8;;;11301.0;0.0
yf_MKC_d13;47900;ASH_COATED_OSMIUM;9939;8;9937;22;;;9953;16;9956;25;;;9946.0;0.0
yf_MKC_d13;47900;INTARIAN_PEPPER_ROOT;11300;16;11296;21;;;11306;14;11310;18;;;11303.0;0.0
yf_MKC_d13;48000;ASH_COATED_OSMIUM;9943;17;9940;17;;;9950;5;9952;18;;;9946.5;0.0
yf_MKC_d13;48000;INTARIAN_PEPPER_ROOT;11297;11;11293;34;;;11311;14;11313;26;;;11304.0;0.0
yf_MKC_d13;48100;ASH_COATED_OSMIUM;9944;12;9940;21;;;9950;16;9954;20;;;9947.0;0.0
yf_MKC_d13;48100;INTARIAN_PEPPER_ROOT;11304;12;11300;27;;;11310;17;11312;11;;;11307.0;0.0
yf_MKC_d13;48200;ASH_COATED_OSMIUM;9944;10;9942;14;;;9950;10;9952;20;;;9947.0;0.0
yf_MKC_d13;48200;INTARIAN_PEPPER_ROOT;11306;18;11304;18;;;11312;16;11314;18;;;11309.0;0.0
yf_MKC_d13;48300;ASH_COATED_OSMIUM;9933;8;9931;16;;;9961;16;9963;18;;;9947.0;0.0
yf_MKC_d13;48300;INTARIAN_PEPPER_ROOT;11304;9;11300;26;;;11319;30;11323;29;;;11311.5;0.0
yf_MKC_d13;48400;ASH_COATED_OSMIUM;9944;15;9941;20;;;9950;17;9952;17;;;9947.0;0.0
yf_MKC_d13;48400;INTARIAN_PEPPER_ROOT;11304;23;11300;18;;;11321;12;11325;16;;;11312.5;0.0
yf_MKC_d13;48500;ASH_COATED_OSMIUM;9943;20;9941;26;;;9949;19;9953;23;;;9946.0;0.0
yf_MKC_d13;48500;INTARIAN_PEPPER_ROOT;11305;15;11301;31;;;11324;16;11326;13;;;11314.5;0.0
yf_MKC_d13;48600;ASH_COATED_OSMIUM;9944;10;9942;19;;;9950;7;9952;21;;;9947.0;0.0
yf_MKC_d13;48600;INTARIAN_PEPPER_ROOT;11312;18;11310;19;;;11322;20;11324;24;;;11317.0;0.0
yf_MKC_d13;48700;ASH_COATED_OSMIUM;9944;15;9942;23;;;9950;17;9954;18;;;9947.0;0.0
yf_MKC_d13;48700;INTARIAN_PEPPER_ROOT;11313;13;11310;27;;;11325;13;11327;11;;;11319.0;0.0
yf_MKC_d13;48800;ASH_COATED_OSMIUM;9944;11;9942;17;;;9950;15;9953;29;;;9947.0;0.0
yf_MKC_d13;48800;INTARIAN_PEPPER_ROOT;11318;12;11315;20;;;11326;15;11329;19;;;11322.0;0.0
yf_MKC_d13;48900;ASH_COATED_OSMIUM;9944;20;9942;14;;;9950;21;9954;30;;;9947.0;0.0
yf_MKC_d13;48900;INTARIAN_PEPPER_ROOT;11320;14;11317;24;;;11326;8;11330;22;;;11323.0;0.0
yf_MKC_d13;49000;ASH_COATED_OSMIUM;9944;17;9941;22;;;9950;16;9954;17;;;9947.0;0.0
yf_MKC_d13;49000;INTARIAN_PEPPER_ROOT;11316;13;11313;22;;;11335;17;11338;16;;;11325.5;0.0
yf_MKC_d13;49100;ASH_COATED_OSMIUM;9943;15;9940;23;;;9952;13;9954;17;;;9947.5;0.0
yf_MKC_d13;49100;INTARIAN_PEPPER_ROOT;11325;12;11323;23;;;11331;13;11335;20;;;11328.0;0.0
yf_MKC_d13;49200;ASH_COATED_OSMIUM;9943;14;9940;19;;;9952;11;9954;17;;;9947.5;0.0
yf_MKC_d13;49200;INTARIAN_PEPPER_ROOT;11327;5;11323;25;;;11333;18;11337;15;;;11330.0;0.0
yf_MKC_d13;49300;ASH_COATED_OSMIUM;9941;19;9938;22;;;9954;9;9958;33;;;9947.5;0.0
yf_MKC_d13;49300;INTARIAN_PEPPER_ROOT;11329;25;11325;23;;;11335;6;11337;20;;;11332.0;0.0
yf_MKC_d13;49400;ASH_COATED_OSMIUM;9945;13;9942;25;;;9951;11;9953;15;;;9948.0;0.0
yf_MKC_d13;49400;INTARIAN_PEPPER_ROOT;11331;17;11329;28;;;11337;11;11339;17;;;11334.0;0.0
yf_MKC_d13;49500;ASH_COATED_OSMIUM;9940;6;9938;14;;;9955;15;9958;25;;;9947.5;0.0
yf_MKC_d13;49500;INTARIAN_PEPPER_ROOT;11333;18;11331;23;;;11339;14;11342;13;;;11336.0;0.0
yf_MKC_d13;49600;ASH_COATED_OSMIUM;9945;6;9942;13;;;9951;22;9954;18;;;9948.0;0.0
yf_MKC_d13;49600;INTARIAN_PEPPER_ROOT;11332;25;11328;34;;;11343;26;11345;16;;;11337.5;0.0
yf_MKC_d13;49700;ASH_COATED_OSMIUM;9945;6;9941;19;;;9951;23;9955;21;;;9948.0;0.0
yf_MKC_d13;49700;INTARIAN_PEPPER_ROOT;11334;25;11330;12;;;11347;15;11349;28;;;11340.5;0.0
yf_MKC_d13;49800;ASH_COATED_OSMIUM;9945;19;9943;16;;;9951;8;9954;24;;;9948.0;0.0
yf_MKC_d13;49800;INTARIAN_PEPPER_ROOT;11336;9;11333;20;;;11349;18;11351;15;;;11342.5;0.0
yf_MKC_d13;49900;ASH_COATED_OSMIUM;9944;12;9941;18;;;9952;18;9955;23;;;9948.0;0.0
yf_MKC_d13;49900;INTARIAN_PEPPER_ROOT;11341;17;11339;26;;;11347;5;11351;14;;;11344.0;0.0
yf_MKC_d13;50000;ASH_COATED_OSMIUM;9942;12;9939;22;;;9954;19;9957;26;;;9948.0;0.0
yf_MKC_d13;50000;INTARIAN_PEPPER_ROOT;11343;17;11341;17;;;11349;5;11351;21;;;11346.0;0.0
yf_MKC_d13;50100;ASH_COATED_OSMIUM;9945;5;9942;12;;;9951;11;9955;23;;;9948.0;0.0
yf_MKC_d13;50100;INTARIAN_PEPPER_ROOT;11342;18;11339;16;;;11356;11;11360;29;;;11349.0;0.0
yf_MKC_d13;50200;ASH_COATED_OSMIUM;9936;13;9932;11;;;9960;11;9962;18;;;9948.0;0.0
yf_MKC_d13;50200;INTARIAN_PEPPER_ROOT;11348;16;11346;13;;;11354;14;11356;21;;;11351.0;0.0
yf_MKC_d13;50300;ASH_COATED_OSMIUM;9946;10;9944;11;;;9952;17;9955;13;;;9949.0;0.0
yf_MKC_d13;50300;INTARIAN_PEPPER_ROOT;11350;7;11347;12;;;11356;11;11360;16;;;11353.0;0.0
yf_MKC_d13;50400;ASH_COATED_OSMIUM;9946;5;9942;23;;;9952;26;9955;15;;;9949.0;0.0
yf_MKC_d13;50400;INTARIAN_PEPPER_ROOT;11352;9;11350;20;;;11358;19;11361;15;;;11355.0;0.0
yf_MKC_d13;50500;ASH_COATED_OSMIUM;9940;25;9938;21;;;9958;16;9961;21;;;9949.0;0.0
yf_MKC_d13;50500;INTARIAN_PEPPER_ROOT;11354;17;11351;20;;;11360;24;11362;12;;;11357.0;0.0
yf_MKC_d13;50600;ASH_COATED_OSMIUM;9945;20;9943;26;;;9953;14;9955;24;;;9949.0;0.0
yf_MKC_d13;50600;INTARIAN_PEPPER_ROOT;11356;9;11353;28;;;11362;16;11365;15;;;11359.0;0.0
yf_MKC_d13;50700;ASH_COATED_OSMIUM;9946;17;9942;23;;;9952;22;9955;31;;;9949.0;0.0
yf_MKC_d13;50700;INTARIAN_PEPPER_ROOT;11358;9;11355;17;;;11364;16;11367;17;;;11361.0;0.0
yf_MKC_d13;50800;ASH_COATED_OSMIUM;9938;16;9935;24;;;9960;25;9964;20;;;9949.0;0.0
yf_MKC_d13;50800;INTARIAN_PEPPER_ROOT;11353;10;11349;25;;;11374;12;11377;18;;;11363.5;0.0
yf_MKC_d13;50900;ASH_COATED_OSMIUM;9945;12;9941;20;;;9953;22;9957;22;;;9949.0;0.0
yf_MKC_d13;50900;INTARIAN_PEPPER_ROOT;11359;25;11357;29;;;11367;14;11370;17;;;11363.0;0.0
yf_MKC_d13;51000;ASH_COATED_OSMIUM;9946;23;9943;21;;;9952;23;9954;22;;;9949.0;0.0
yf_MKC_d13;51000;INTARIAN_PEPPER_ROOT;11358;16;11356;25;;;11364;10;11367;22;;;11361.0;0.0
yf_MKC_d13;51100;ASH_COATED_OSMIUM;9946;20;9943;26;;;9952;10;9954;15;;;9949.0;0.0
yf_MKC_d13;51100;INTARIAN_PEPPER_ROOT;11357;22;11353;13;;;11363;23;11365;15;;;11360.0;0.0
yf_MKC_d13;51200;ASH_COATED_OSMIUM;9946;10;9943;17;;;9952;21;9954;20;;;9949.0;0.0
yf_MKC_d13;51200;INTARIAN_PEPPER_ROOT;11354;16;11352;17;;;11362;14;11364;25;;;11358.0;0.0
yf_MKC_d13;51300;ASH_COATED_OSMIUM;9935;21;9933;18;;;9964;15;9967;17;;;9949.5;0.0
yf_MKC_d13;51300;INTARIAN_PEPPER_ROOT;11354;20;11352;17;;;11360;16;11363;21;;;11357.0;0.0
yf_MKC_d13;51400;ASH_COATED_OSMIUM;9947;13;9944;15;;;9953;12;9955;15;;;9950.0;0.0
yf_MKC_d13;51400;INTARIAN_PEPPER_ROOT;11352;10;11349;17;;;11358;19;11360;17;;;11355.0;0.0
yf_MKC_d13;51500;ASH_COATED_OSMIUM;9947;13;9945;18;;;9954;20;9957;23;;;9950.5;0.0
yf_MKC_d13;51500;INTARIAN_PEPPER_ROOT;11351;20;11347;26;;;11357;15;11360;18;;;11354.0;0.0
yf_MKC_d13;51600;ASH_COATED_OSMIUM;9947;15;9943;12;;;9953;16;9956;13;;;9950.0;0.0
yf_MKC_d13;51600;INTARIAN_PEPPER_ROOT;11348;13;11345;24;;;11355;12;11358;23;;;11351.5;0.0
yf_MKC_d13;51700;ASH_COATED_OSMIUM;9941;20;9937;25;;;9958;10;9960;14;;;9949.5;0.0
yf_MKC_d13;51700;INTARIAN_PEPPER_ROOT;11334;11;11331;24;;;11366;16;11368;17;;;11350.0;0.0
yf_MKC_d13;51800;ASH_COATED_OSMIUM;9947;16;9944;18;;;9953;12;9957;28;;;9950.0;0.0
yf_MKC_d13;51800;INTARIAN_PEPPER_ROOT;11346;10;11343;26;;;11352;15;11356;18;;;11349.0;0.0
yf_MKC_d13;51900;ASH_COATED_OSMIUM;9942;17;9938;13;;;9959;11;9963;18;;;9950.5;0.0
yf_MKC_d13;51900;INTARIAN_PEPPER_ROOT;11345;7;11341;26;;;11351;21;11354;15;;;11348.0;0.0
yf_MKC_d13;52000;ASH_COATED_OSMIUM;9946;10;9942;15;;;9955;17;9958;18;;;9950.5;0.0
yf_MKC_d13;52000;INTARIAN_PEPPER_ROOT;11338;14;11335;23;;;11354;15;11357;23;;;11346.0;0.0
yf_MKC_d13;52100;ASH_COATED_OSMIUM;9941;11;9939;26;;;9962;8;9965;12;;;9951.5;0.0
yf_MKC_d13;52100;INTARIAN_PEPPER_ROOT;11342;20;11340;24;;;11348;15;11352;17;;;11345.0;0.0
yf_MKC_d13;52200;ASH_COATED_OSMIUM;9947;10;9943;21;;;9957;13;9960;17;;;9952.0;0.0
yf_MKC_d13;52200;INTARIAN_PEPPER_ROOT;11327;5;11324;21;;;11358;10;11361;19;;;11342.5;0.0
yf_MKC_d13;52300;ASH_COATED_OSMIUM;9948;18;9946;22;;;9954;27;9957;17;;;9951.0;0.0
yf_MKC_d13;52300;INTARIAN_PEPPER_ROOT;11339;11;11337;25;;;11345;17;11348;12;;;11342.0;0.0
yf_MKC_d13;52400;ASH_COATED_OSMIUM;9949;24;9947;26;;;9955;16;9958;15;;;9952.0;0.0
yf_MKC_d13;52400;INTARIAN_PEPPER_ROOT;11337;19;11334;21;;;11343;14;11347;20;;;11340.0;0.0
yf_MKC_d13;52500;ASH_COATED_OSMIUM;9931;13;9927;12;;;9974;9;9978;22;;;9952.5;0.0
yf_MKC_d13;52500;INTARIAN_PEPPER_ROOT;11335;11;11331;22;;;11341;11;11343;21;;;11338.0;0.0
yf_MKC_d13;52600;ASH_COATED_OSMIUM;9950;17;9948;18;;;9956;7;9960;23;;;9953.0;0.0
yf_MKC_d13;52600;INTARIAN_PEPPER_ROOT;11329;14;11327;23;;;11345;17;11347;21;;;11337.0;0.0
yf_MKC_d13;52700;ASH_COATED_OSMIUM;9944;18;9941;16;;;9960;18;9962;14;;;9952.0;0.0
yf_MKC_d13;52700;INTARIAN_PEPPER_ROOT;11328;14;11324;20;;;11342;26;11345;19;;;11335.0;0.0
yf_MKC_d13;52800;ASH_COATED_OSMIUM;9950;18;9946;24;;;9956;16;9960;14;;;9953.0;0.0
yf_MKC_d13;52800;INTARIAN_PEPPER_ROOT;11331;20;11327;12;;;11337;22;11340;17;;;11334.0;0.0
yf_MKC_d13;52900;ASH_COATED_OSMIUM;9950;13;9947;22;;;9956;19;9958;17;;;9953.0;0.0
yf_MKC_d13;52900;INTARIAN_PEPPER_ROOT;11321;25;11319;26;;;11344;15;11348;19;;;11332.5;0.0
yf_MKC_d13;53000;ASH_COATED_OSMIUM;9950;20;9947;23;;;9956;19;9958;13;;;9953.0;0.0
yf_MKC_d13;53000;INTARIAN_PEPPER_ROOT;11326;8;11323;22;;;11336;15;11338;17;;;11331.0;0.0
yf_MKC_d13;53100;ASH_COATED_OSMIUM;9949;12;9945;22;;;9957;15;9959;24;;;9953.0;0.0
yf_MKC_d13;53100;INTARIAN_PEPPER_ROOT;11326;18;11322;21;;;11332;12;11335;20;;;11329.0;0.0
yf_MKC_d13;53200;ASH_COATED_OSMIUM;9947;19;9944;21;;;9960;16;9962;15;;;9953.5;0.0
yf_MKC_d13;53200;INTARIAN_PEPPER_ROOT;11325;19;11323;22;;;11331;21;11333;17;;;11328.0;0.0
yf_MKC_d13;53300;ASH_COATED_OSMIUM;9950;13;9947;12;;;9956;16;9959;19;;;9953.0;0.0
yf_MKC_d13;53300;INTARIAN_PEPPER_ROOT;11323;18;11321;19;;;11329;17;11333;17;;;11326.0;0.0
yf_MKC_d13;53400;ASH_COATED_OSMIUM;9951;22;9948;22;;;9957;8;9961;19;;;9954.0;0.0
yf_MKC_d13;53400;INTARIAN_PEPPER_ROOT;11321;20;11319;22;;;11329;22;11333;22;;;11325.0;0.0
yf_MKC_d13;53500;ASH_COATED_OSMIUM;9950;17;9947;21;;;9958;10;9962;25;;;9954.0;0.0
yf_MKC_d13;53500;INTARIAN_PEPPER_ROOT;11320;10;11317;13;;;11326;12;11328;19;;;11323.0;0.0
yf_MKC_d13;53600;ASH_COATED_OSMIUM;9951;22;9947;25;;;9957;17;9961;13;;;9954.0;0.0
yf_MKC_d13;53600;INTARIAN_PEPPER_ROOT;11318;12;11316;10;;;11324;10;11327;20;;;11321.0;0.0
yf_MKC_d13;53700;ASH_COATED_OSMIUM;9947;17;9945;17;;;9961;19;9964;19;;;9954.0;0.0
yf_MKC_d13;53700;INTARIAN_PEPPER_ROOT;11317;5;11313;26;;;11323;14;11326;28;;;11320.0;0.0
yf_MKC_d13;53800;ASH_COATED_OSMIUM;9952;17;9949;19;;;9958;22;9962;18;;;9955.0;0.0
yf_MKC_d13;53800;INTARIAN_PEPPER_ROOT;11310;15;11307;17;;;11328;20;11332;20;;;11319.0;0.0
yf_MKC_d13;53900;ASH_COATED_OSMIUM;9952;17;9948;25;;;9958;14;9961;26;;;9955.0;0.0
yf_MKC_d13;53900;INTARIAN_PEPPER_ROOT;11314;18;11311;23;;;11320;15;11322;16;;;11317.0;0.0
yf_MKC_d13;54000;ASH_COATED_OSMIUM;9952;10;9949;12;;;9958;18;9961;16;;;9955.0;0.0
yf_MKC_d13;54000;INTARIAN_PEPPER_ROOT;11312;9;11309;28;;;11319;23;11322;14;;;11315.5;0.0
yf_MKC_d13;54100;ASH_COATED_OSMIUM;9950;15;9947;19;;;9960;16;9962;17;;;9955.0;0.0
yf_MKC_d13;54100;INTARIAN_PEPPER_ROOT;11311;25;11309;24;;;11317;15;11320;14;;;11314.0;0.0
yf_MKC_d13;54200;ASH_COATED_OSMIUM;9945;15;9943;26;;;9966;16;9970;32;;;9955.5;0.0
yf_MKC_d13;54200;INTARIAN_PEPPER_ROOT;11309;15;11307;26;;;11315;17;11318;12;;;11312.0;0.0
yf_MKC_d13;54300;ASH_COATED_OSMIUM;9949;21;9945;29;;;9963;12;9966;23;;;9956.0;0.0
yf_MKC_d13;54300;INTARIAN_PEPPER_ROOT;11308;12;11305;22;;;11314;20;11317;17;;;11311.0;0.0
yf_MKC_d13;54400;ASH_COATED_OSMIUM;9952;5;9950;22;;;9958;15;9962;15;;;9955.0;0.0
yf_MKC_d13;54400;INTARIAN_PEPPER_ROOT;11306;16;11304;20;;;11312;13;11315;17;;;11309.0;0.0
yf_MKC_d13;54500;ASH_COATED_OSMIUM;9947;5;9943;23;;;9963;11;9966;22;;;9955.0;0.0
yf_MKC_d13;54500;INTARIAN_PEPPER_ROOT;11304;5;11302;23;;;11310;17;11312;13;;;11307.0;0.0
yf_MKC_d13;54600;ASH_COATED_OSMIUM;9954;20;9950;19;;;9960;9;9962;24;;;9957.0;0.0
yf_MKC_d13;54600;INTARIAN_PEPPER_ROOT;11303;13;11299;26;;;11309;15;11313;26;;;11306.0;0.0
yf_MKC_d13;54700;ASH_COATED_OSMIUM;9935;15;9932;23;;;9978;13;9982;21;;;9956.5;0.0
yf_MKC_d13;54700;INTARIAN_PEPPER_ROOT;11302;7;11300;11;;;11308;21;11311;13;;;11305.0;0.0
yf_MKC_d13;54800;ASH_COATED_OSMIUM;9948;24;9946;18;;;9965;8;9968;15;;;9956.5;0.0
yf_MKC_d13;54800;INTARIAN_PEPPER_ROOT;11290;12;11288;11;;;11316;14;11319;18;;;11303.0;0.0
yf_MKC_d13;54900;ASH_COATED_OSMIUM;9939;23;9937;23;;;9975;19;9978;18;;;9957.0;0.0
yf_MKC_d13;54900;INTARIAN_PEPPER_ROOT;11295;13;11293;23;;;11308;5;11310;11;;;11301.5;0.0
yf_MKC_d13;55000;ASH_COATED_OSMIUM;9954;20;9950;13;;;9960;22;9962;16;;;9957.0;0.0
yf_MKC_d13;55000;INTARIAN_PEPPER_ROOT;11297;8;11294;15;;;11303;13;11305;13;;;11300.0;0.0
yf_MKC_d13;55100;ASH_COATED_OSMIUM;9954;17;9950;17;;;9960;15;9962;30;;;9957.0;0.0
yf_MKC_d13;55100;INTARIAN_PEPPER_ROOT;11295;11;11292;24;;;11301;11;11304;22;;;11298.0;0.0
yf_MKC_d13;55200;ASH_COATED_OSMIUM;9954;17;9950;21;;;9960;15;9964;30;;;9957.0;0.0
yf_MKC_d13;55200;INTARIAN_PEPPER_ROOT;11285;17;11283;24;;;11309;20;11311;15;;;11297.0;0.0
yf_MKC_d13;55300;ASH_COATED_OSMIUM;9955;11;9953;23;;;9961;21;9964;17;;;9958.0;0.0
yf_MKC_d13;55300;INTARIAN_PEPPER_ROOT;11293;20;11291;18;;;11299;14;11302;19;;;11296.0;0.0
yf_MKC_d13;55400;ASH_COATED_OSMIUM;9955;18;9953;16;;;9961;18;9964;18;;;9958.0;0.0
yf_MKC_d13;55400;INTARIAN_PEPPER_ROOT;11289;12;11285;16;;;11299;16;11302;18;;;11294.0;0.0
yf_MKC_d13;55500;ASH_COATED_OSMIUM;9955;16;9952;19;;;9961;13;9963;13;;;9958.0;0.0
yf_MKC_d13;55500;INTARIAN_PEPPER_ROOT;11289;19;11286;20;;;11295;6;11297;24;;;11292.0;0.0
yf_MKC_d13;55600;ASH_COATED_OSMIUM;9955;12;9952;15;;;9961;18;9964;24;;;9958.0;0.0
yf_MKC_d13;55600;INTARIAN_PEPPER_ROOT;11283;19;11279;20;;;11298;12;11302;17;;;11290.5;0.0
yf_MKC_d13;55700;ASH_COATED_OSMIUM;9951;7;9949;20;;;9965;17;9969;19;;;9958.0;0.0
yf_MKC_d13;55700;INTARIAN_PEPPER_ROOT;11286;14;11282;19;;;11292;9;11295;19;;;11289.0;0.0
yf_MKC_d13;55800;ASH_COATED_OSMIUM;9954;15;9951;11;;;9964;10;9968;21;;;9959.0;0.0
yf_MKC_d13;55800;INTARIAN_PEPPER_ROOT;11285;10;11281;20;;;11291;11;11293;22;;;11288.0;0.0
yf_MKC_d13;55900;ASH_COATED_OSMIUM;9953;14;9949;17;;;9966;22;9968;17;;;9959.5;0.0
yf_MKC_d13;55900;INTARIAN_PEPPER_ROOT;11283;17;11280;19;;;11289;15;11291;19;;;11286.0;0.0
yf_MKC_d13;56000;ASH_COATED_OSMIUM;9949;16;9945;25;;;9968;13;9971;26;;;9958.5;0.0
yf_MKC_d13;56000;INTARIAN_PEPPER_ROOT;11282;17;11279;12;;;11288;14;11290;26;;;11285.0;0.0
yf_MKC_d13;56100;ASH_COATED_OSMIUM;9957;11;9953;21;;;9963;15;9967;17;;;9960.0;0.0
yf_MKC_d13;56100;INTARIAN_PEPPER_ROOT;11280;25;11278;23;;;11286;10;11288;27;;;11283.0;0.0
yf_MKC_d13;56200;ASH_COATED_OSMIUM;9956;12;9954;14;;;9962;16;9965;21;;;9959.0;0.0
yf_MKC_d13;56200;INTARIAN_PEPPER_ROOT;11279;5;11277;21;;;11285;19;11289;20;;;11282.0;0.0
yf_MKC_d13;56300;ASH_COATED_OSMIUM;9957;18;9955;20;;;9963;19;9967;18;;;9960.0;0.0
yf_MKC_d13;56300;INTARIAN_PEPPER_ROOT;11277;16;11273;9;;;11283;9;11287;17;;;11280.0;0.0
yf_MKC_d13;56400;ASH_COATED_OSMIUM;9957;9;9953;12;;;9963;15;9965;28;;;9960.0;0.0
yf_MKC_d13;56400;INTARIAN_PEPPER_ROOT;11271;21;11269;21;;;11287;20;11290;21;;;11279.0;0.0
yf_MKC_d13;56500;ASH_COATED_OSMIUM;9957;21;9954;15;;;9963;22;9966;16;;;9960.0;0.0
yf_MKC_d13;56500;INTARIAN_PEPPER_ROOT;11274;8;11270;17;;;11280;15;11284;21;;;11277.0;0.0
yf_MKC_d13;56600;ASH_COATED_OSMIUM;9957;20;9953;14;;;9963;15;9967;27;;;9960.0;0.0
yf_MKC_d13;56600;INTARIAN_PEPPER_ROOT;11272;13;11270;16;;;11278;16;11282;16;;;11275.0;0.0
yf_MKC_d13;56700;ASH_COATED_OSMIUM;9957;18;9953;32;;;9963;14;9966;17;;;9960.0;0.0
yf_MKC_d13;56700;INTARIAN_PEPPER_ROOT;11269;14;11265;19;;;11279;20;11283;23;;;11274.0;0.0
yf_MKC_d13;56800;ASH_COATED_OSMIUM;9958;14;9956;12;;;9964;15;9966;20;;;9961.0;0.0
yf_MKC_d13;56800;INTARIAN_PEPPER_ROOT;11266;19;11262;18;;;11279;13;11282;19;;;11272.5;0.0
yf_MKC_d13;56900;ASH_COATED_OSMIUM;9958;10;9954;23;;;9964;11;9968;22;;;9961.0;0.0
yf_MKC_d13;56900;INTARIAN_PEPPER_ROOT;11258;14;11254;21;;;11284;16;11288;16;;;11271.0;0.0
yf_MKC_d13;57000;ASH_COATED_OSMIUM;9958;16;9954;26;;;9964;21;9968;14;;;9961.0;0.0
yf_MKC_d13;57000;INTARIAN_PEPPER_ROOT;11266;10;11263;18;;;11272;15;11276;13;;;11269.0;0.0
yf_MKC_d13;57100;ASH_COATED_OSMIUM;9958;5;9956;20;;;9964;17;9966;25;;;9961.0;0.0
yf_MKC_d13;57100;INTARIAN_PEPPER_ROOT;11265;13;11263;24;;;11271;12;11275;21;;;11268.0;0.0
yf_MKC_d13;57200;ASH_COATED_OSMIUM;9958;15;9956;27;;;9964;15;9967;19;;;9961.0;0.0
yf_MKC_d13;57200;INTARIAN_PEPPER_ROOT;11264;13;11261;18;;;11270;19;11274;30;;;11267.0;0.0
yf_MKC_d13;57300;ASH_COATED_OSMIUM;9958;16;9956;18;;;9964;11;9967;25;;;9961.0;0.0
yf_MKC_d13;57300;INTARIAN_PEPPER_ROOT;11261;15;11258;18;;;11267;18;11270;20;;;11264.0;0.0
yf_MKC_d13;57400;ASH_COATED_OSMIUM;9958;17;9955;12;;;9964;24;9968;23;;;9961.0;0.0
yf_MKC_d13;57400;INTARIAN_PEPPER_ROOT;11258;14;11255;30;;;11268;10;11271;23;;;11263.0;0.0
yf_MKC_d13;57500;ASH_COATED_OSMIUM;9959;12;9956;30;;;9965;13;9969;16;;;9962.0;0.0
yf_MKC_d13;57500;INTARIAN_PEPPER_ROOT;11257;19;11255;17;;;11266;19;11268;8;;;11261.5;0.0
yf_MKC_d13;57600;ASH_COATED_OSMIUM;9951;14;9949;21;;;9974;12;9977;16;;;9962.5;0.0
yf_MKC_d13;57600;INTARIAN_PEPPER_ROOT;11258;14;11254;29;;;11264;8;11268;17;;;11261.0;0.0
yf_MKC_d13;57700;ASH_COATED_OSMIUM;9959;14;9956;17;;;9965;9;9969;22;;;9962.0;0.0
yf_MKC_d13;57700;INTARIAN_PEPPER_ROOT;11255;17;11252;13;;;11261;20;11263;19;;;11258.0;0.0
yf_MKC_d13;57800;ASH_COATED_OSMIUM;9959;13;9955;16;;;9965;24;9969;18;;;9962.0;0.0
yf_MKC_d13;57800;INTARIAN_PEPPER_ROOT;11254;13;11252;29;;;11260;13;11263;24;;;11257.0;0.0
yf_MKC_d13;57900;ASH_COATED_OSMIUM;9960;10;9958;18;;;9966;16;9968;25;;;9963.0;0.0
yf_MKC_d13;57900;INTARIAN_PEPPER_ROOT;11234;15;11230;18;;;11276;8;11279;18;;;11255.0;0.0
yf_MKC_d13;58000;ASH_COATED_OSMIUM;9960;10;9957;19;;;9966;13;9969;23;;;9963.0;0.0
yf_MKC_d13;58000;INTARIAN_PEPPER_ROOT;11245;8;11243;23;;;11264;15;11267;12;;;11254.5;0.0
yf_MKC_d13;58100;ASH_COATED_OSMIUM;9960;6;9958;16;;;9966;10;9968;25;;;9963.0;0.0
yf_MKC_d13;58100;INTARIAN_PEPPER_ROOT;11242;11;11240;20;;;11263;18;11266;19;;;11252.5;0.0
yf_MKC_d13;58200;ASH_COATED_OSMIUM;9960;16;9958;23;;;9966;13;9968;20;;;9963.0;0.0
yf_MKC_d13;58200;INTARIAN_PEPPER_ROOT;11247;5;11244;24;;;11256;7;11259;19;;;11251.5;0.0
yf_MKC_d13;58300;ASH_COATED_OSMIUM;9960;12;9956;9;;;9967;22;9970;23;;;9963.5;0.0
