day;timestamp;product;bid_price_1;bid_volume_1;bid_price_2;bid_volume_2;bid_price_3;bid_volume_3;ask_price_1;ask_volume_1;ask_price_2;ask_volume_2;ask_price_3;ask_volume_3;mid_price;profit_and_loss
av_WHEAT_d10;0;ASH_COATED_OSMIUM;9964;5;9961;21;;;9978;18;9981;14;;;9971.0;0.0
av_WHEAT_d10;0;INTARIAN_PEPPER_ROOT;10055;12;10051;23;;;10061;8;10063;25;;;10058.0;0.0
av_WHEAT_d10;100;ASH_COATED_OSMIUM;9967;14;9964;20;;;9973;17;9977;24;;;9970.0;0.0
av_WHEAT_d10;100;INTARIAN_PEPPER_ROOT;10055;17;10053;17;;;10065;18;10067;31;;;10060.0;0.0
av_WHEAT_d10;200;ASH_COATED_OSMIUM;9963;13;9959;14;;;9978;11;9982;25;;;9970.5;0.0
av_WHEAT_d10;200;INTARIAN_PEPPER_ROOT;10058;21;10054;22;;;10064;25;10066;22;;;10061.0;0.0
av_WHEAT_d10;300;ASH_COATED_OSMIUM;9967;14;9965;18;;;9973;15;9976;25;;;9970.0;0.0
av_WHEAT_d10;300;INTARIAN_PEPPER_ROOT;10058;17;10055;22;;;10068;13;10071;21;;;10063.0;0.0
av_WHEAT_d10;400;ASH_COATED_OSMIUM;9967;18;9964;20;;;9973;11;9975;14;;;9970.0;0.0
av_WHEAT_d10;400;INTARIAN_PEPPER_ROOT;10060;11;10057;18;;;10066;18;10070;12;;;10063.0;0.0
av_WHEAT_d10;500;ASH_COATED_OSMIUM;9967;23;9963;22;;;9973;13;9976;19;;;9970.0;0.0
av_WHEAT_d10;500;INTARIAN_PEPPER_ROOT;10056;20;10052;27;;;10072;10;10075;20;;;10064.0;0.0
av_WHEAT_d10;600;ASH_COATED_OSMIUM;9967;22;9963;24;;;9973;13;9975;24;;;9970.0;0.0
av_WHEAT_d10;600;INTARIAN_PEPPER_ROOT;10060;17;10056;17;;;10070;15;10074;23;;;10065.0;0.0
av_WHEAT_d10;700;ASH_COATED_OSMIUM;9966;16;9963;26;;;9972;9;9976;17;;;9969.0;0.0
av_WHEAT_d10;700;INTARIAN_PEPPER_ROOT;10059;8;10055;27;;;10072;15;10074;23;;;10065.5;0.0
av_WHEAT_d10;800;ASH_COATED_OSMIUM;9965;14;9962;18;;;9974;8;9978;22;;;9969.5;0.0
av_WHEAT_d10;800;INTARIAN_PEPPER_ROOT;10061;26;10058;24;;;10071;12;10074;18;;;10066.0;0.0
av_WHEAT_d10;900;ASH_COATED_OSMIUM;9966;21;9964;23;;;9972;13;9974;16;;;9969.0;0.0
av_WHEAT_d10;900;INTARIAN_PEPPER_ROOT;10065;5;10061;20;;;10071;18;10074;22;;;10068.0;0.0
av_WHEAT_d10;1000;ASH_COATED_OSMIUM;9965;16;9963;17;;;9971;5;9975;16;;;9968.0;0.0
av_WHEAT_d10;1000;INTARIAN_PEPPER_ROOT;10062;21;10059;16;;;10075;9;10077;18;;;10068.5;0.0
av_WHEAT_d10;1100;ASH_COATED_OSMIUM;9962;13;9959;15;;;9974;14;9977;20;;;9968.0;0.0
av_WHEAT_d10;1100;INTARIAN_PEPPER_ROOT;10067;12;10065;16;;;10073;19;10075;19;;;10070.0;0.0
av_WHEAT_d10;1200;ASH_COATED_OSMIUM;9966;16;9962;18;;;9972;8;9974;25;;;9969.0;0.0
av_WHEAT_d10;1200;INTARIAN_PEPPER_ROOT;10065;11;10062;18;;;10075;19;10077;23;;;10070.0;0.0
av_WHEAT_d10;1300;ASH_COATED_OSMIUM;9965;24;9962;19;;;9971;18;9973;21;;;9968.0;0.0
av_WHEAT_d10;1300;INTARIAN_PEPPER_ROOT;10069;26;10065;24;;;10075;12;10078;16;;;10072.0;0.0
av_WHEAT_d10;1400;ASH_COATED_OSMIUM;9959;13;9955;21;;;9978;19;9982;22;;;9968.5;0.0
av_WHEAT_d10;1400;INTARIAN_PEPPER_ROOT;10069;11;10067;27;;;10075;13;10077;14;;;10072.0;0.0
av_WHEAT_d10;1500;ASH_COATED_OSMIUM;9954;24;9951;22;;;9983;14;9987;14;;;9968.5;0.0
av_WHEAT_d10;1500;INTARIAN_PEPPER_ROOT;10071;14;10068;15;;;10077;9;10081;19;;;10074.0;0.0
av_WHEAT_d10;1600;ASH_COATED_OSMIUM;9965;16;9963;28;;;9971;14;9973;23;;;9968.0;0.0
av_WHEAT_d10;1600;INTARIAN_PEPPER_ROOT;10071;20;10069;26;;;10077;5;10080;20;;;10074.0;0.0
av_WHEAT_d10;1700;ASH_COATED_OSMIUM;9965;12;9963;26;;;9971;14;9975;23;;;9968.0;0.0
av_WHEAT_d10;1700;INTARIAN_PEPPER_ROOT;10073;23;10070;18;;;10079;23;10083;22;;;10076.0;0.0
av_WHEAT_d10;1800;ASH_COATED_OSMIUM;9965;17;9962;14;;;9971;9;9974;19;;;9968.0;0.0
av_WHEAT_d10;1800;INTARIAN_PEPPER_ROOT;10073;11;10069;22;;;10079;22;10082;16;;;10076.0;0.0
av_WHEAT_d10;1900;ASH_COATED_OSMIUM;9965;5;9962;19;;;9971;15;9975;15;;;9968.0;0.0
av_WHEAT_d10;1900;INTARIAN_PEPPER_ROOT;10069;18;10066;19;;;10085;24;10088;18;;;10077.0;0.0
av_WHEAT_d10;2000;ASH_COATED_OSMIUM;9964;7;9961;24;;;9970;16;9973;22;;;9967.0;0.0
av_WHEAT_d10;2000;INTARIAN_PEPPER_ROOT;10072;17;10068;20;;;10083;13;10087;26;;;10077.5;0.0
av_WHEAT_d10;2100;ASH_COATED_OSMIUM;9964;16;9960;26;;;9970;13;9972;15;;;9967.0;0.0
av_WHEAT_d10;2100;INTARIAN_PEPPER_ROOT;10076;5;10072;14;;;10082;22;10085;24;;;10079.0;0.0
av_WHEAT_d10;2200;ASH_COATED_OSMIUM;9964;13;9961;17;;;9970;15;9972;17;;;9967.0;0.0
av_WHEAT_d10;2200;INTARIAN_PEPPER_ROOT;10074;5;10070;20;;;10085;24;10088;15;;;10079.5;0.0
av_WHEAT_d10;2300;ASH_COATED_OSMIUM;9964;18;9960;23;;;9970;13;9974;20;;;9967.0;0.0
av_WHEAT_d10;2300;INTARIAN_PEPPER_ROOT;10072;5;10070;22;;;10091;12;10094;25;;;10081.5;0.0
av_WHEAT_d10;2400;ASH_COATED_OSMIUM;9962;15;9960;24;;;9970;17;9973;16;;;9966.0;0.0
av_WHEAT_d10;2400;INTARIAN_PEPPER_ROOT;10068;22;10065;28;;;10096;10;10099;21;;;10082.0;0.0
av_WHEAT_d10;2500;ASH_COATED_OSMIUM;9963;11;9960;20;;;9969;15;9973;23;;;9966.0;0.0
av_WHEAT_d10;2500;INTARIAN_PEPPER_ROOT;10079;12;10076;25;;;10088;18;10090;15;;;10083.5;0.0
av_WHEAT_d10;2600;ASH_COATED_OSMIUM;9961;10;9959;24;;;9973;16;9975;21;;;9967.0;0.0
av_WHEAT_d10;2600;INTARIAN_PEPPER_ROOT;10077;8;10075;14;;;10090;14;10094;18;;;10083.5;0.0
av_WHEAT_d10;2700;ASH_COATED_OSMIUM;9963;6;9960;19;;;9969;19;9972;14;;;9966.0;0.0
av_WHEAT_d10;2700;INTARIAN_PEPPER_ROOT;10076;14;10074;19;;;10093;8;10097;16;;;10084.5;0.0
av_WHEAT_d10;2800;ASH_COATED_OSMIUM;9963;5;9960;26;;;9969;17;9973;17;;;9966.0;0.0
av_WHEAT_d10;2800;INTARIAN_PEPPER_ROOT;10083;9;10081;15;;;10089;25;10092;14;;;10086.0;0.0
av_WHEAT_d10;2900;ASH_COATED_OSMIUM;9963;17;9960;25;;;9969;21;9971;30;;;9966.0;0.0
av_WHEAT_d10;2900;INTARIAN_PEPPER_ROOT;10082;9;10079;15;;;10091;9;10095;20;;;10086.5;0.0
av_WHEAT_d10;3000;ASH_COATED_OSMIUM;9960;19;9957;11;;;9973;13;9976;9;;;9966.5;0.0
av_WHEAT_d10;3000;INTARIAN_PEPPER_ROOT;10081;21;10078;13;;;10095;9;10099;26;;;10088.0;0.0
av_WHEAT_d10;3100;ASH_COATED_OSMIUM;9963;14;9960;29;;;9969;14;9973;18;;;9966.0;0.0
av_WHEAT_d10;3100;INTARIAN_PEPPER_ROOT;10085;7;10083;26;;;10092;19;10096;19;;;10088.5;0.0
av_WHEAT_d10;3200;ASH_COATED_OSMIUM;9963;8;9960;19;;;9969;11;9972;17;;;9966.0;0.0
av_WHEAT_d10;3200;INTARIAN_PEPPER_ROOT;10087;10;10085;23;;;10093;23;10095;20;;;10090.0;0.0
av_WHEAT_d10;3300;ASH_COATED_OSMIUM;9959;19;9957;16;;;9970;11;9973;20;;;9964.5;0.0
av_WHEAT_d10;3300;INTARIAN_PEPPER_ROOT;10087;19;10083;22;;;10093;11;10097;21;;;10090.0;0.0
av_WHEAT_d10;3400;ASH_COATED_OSMIUM;9961;13;9958;18;;;9967;14;9971;23;;;9964.0;0.0
av_WHEAT_d10;3400;INTARIAN_PEPPER_ROOT;10088;5;10084;21;;;10094;13;10096;17;;;10091.0;0.0
av_WHEAT_d10;3500;ASH_COATED_OSMIUM;9961;25;9959;26;;;9969;15;9973;23;;;9965.0;0.0
av_WHEAT_d10;3500;INTARIAN_PEPPER_ROOT;10090;16;10088;21;;;10096;13;10100;27;;;10093.0;0.0
av_WHEAT_d10;3600;ASH_COATED_OSMIUM;9959;13;9957;16;;;9971;16;9973;18;;;9965.0;0.0
av_WHEAT_d10;3600;INTARIAN_PEPPER_ROOT;10091;15;10087;25;;;10097;11;10099;9;;;10094.0;0.0
av_WHEAT_d10;3700;ASH_COATED_OSMIUM;9961;21;9959;21;;;9969;6;9973;22;;;9965.0;0.0
av_WHEAT_d10;3700;INTARIAN_PEPPER_ROOT;10091;13;10089;24;;;10097;18;10099;20;;;10094.0;0.0
av_WHEAT_d10;3800;ASH_COATED_OSMIUM;9962;14;9958;17;;;9968;21;9970;23;;;9965.0;0.0
av_WHEAT_d10;3800;INTARIAN_PEPPER_ROOT;10092;14;10088;24;;;10098;15;10101;11;;;10095.0;0.0
av_WHEAT_d10;3900;ASH_COATED_OSMIUM;9957;15;9954;15;;;9972;20;9974;17;;;9964.5;0.0
av_WHEAT_d10;3900;INTARIAN_PEPPER_ROOT;10088;11;10085;15;;;10104;27;10107;28;;;10096.0;0.0
av_WHEAT_d10;4000;ASH_COATED_OSMIUM;9961;10;9959;23;;;9967;15;9970;24;;;9964.0;0.0
av_WHEAT_d10;4000;INTARIAN_PEPPER_ROOT;10095;10;10093;12;;;10101;17;10105;24;;;10098.0;0.0
av_WHEAT_d10;4100;ASH_COATED_OSMIUM;9958;10;9955;15;;;9971;14;9974;10;;;9964.5;0.0
av_WHEAT_d10;4100;INTARIAN_PEPPER_ROOT;10095;19;10093;12;;;10101;14;10103;22;;;10098.0;0.0
av_WHEAT_d10;4200;ASH_COATED_OSMIUM;9958;15;9956;12;;;9969;17;9973;20;;;9963.5;0.0
av_WHEAT_d10;4200;INTARIAN_PEPPER_ROOT;10094;18;10092;17;;;10105;13;10108;27;;;10099.5;0.0
av_WHEAT_d10;4300;ASH_COATED_OSMIUM;9961;11;9959;17;;;9967;11;9970;13;;;9964.0;0.0
av_WHEAT_d10;4300;INTARIAN_PEPPER_ROOT;10095;18;10091;23;;;10105;5;10109;21;;;10100.0;0.0
av_WHEAT_d10;4400;ASH_COATED_OSMIUM;9956;6;9952;24;;;9971;16;9973;28;;;9963.5;0.0
av_WHEAT_d10;4400;INTARIAN_PEPPER_ROOT;10097;19;10093;23;;;10106;6;10108;15;;;10101.5;0.0
av_WHEAT_d10;4500;ASH_COATED_OSMIUM;9949;9;9947;18;;;9978;11;9982;22;;;9963.5;0.0
av_WHEAT_d10;4500;INTARIAN_PEPPER_ROOT;10099;15;10097;26;;;10105;11;10108;17;;;10102.0;0.0
av_WHEAT_d10;4600;ASH_COATED_OSMIUM;9960;18;9956;8;;;9966;8;9968;23;;;9963.0;0.0
av_WHEAT_d10;4600;INTARIAN_PEPPER_ROOT;10094;11;10090;23;;;10111;14;10113;18;;;10102.5;0.0
av_WHEAT_d10;4700;ASH_COATED_OSMIUM;9960;21;9958;11;;;9966;13;9969;22;;;9963.0;0.0
av_WHEAT_d10;4700;INTARIAN_PEPPER_ROOT;10099;11;10096;16;;;10108;7;10110;24;;;10103.5;0.0
av_WHEAT_d10;4800;ASH_COATED_OSMIUM;9950;30;9947;20;;;9976;13;9980;9;;;9963.0;0.0
av_WHEAT_d10;4800;INTARIAN_PEPPER_ROOT;10102;24;10100;16;;;10108;12;10111;14;;;10105.0;0.0
av_WHEAT_d10;4900;ASH_COATED_OSMIUM;9955;14;9952;24;;;9971;7;9974;12;;;9963.0;0.0
av_WHEAT_d10;4900;INTARIAN_PEPPER_ROOT;10103;10;10099;28;;;10109;13;10112;31;;;10106.0;0.0
av_WHEAT_d10;5000;ASH_COATED_OSMIUM;9960;23;9956;11;;;9966;15;9968;18;;;9963.0;0.0
av_WHEAT_d10;5000;INTARIAN_PEPPER_ROOT;10103;10;10101;25;;;10109;9;10112;15;;;10106.0;0.0
av_WHEAT_d10;5100;ASH_COATED_OSMIUM;9959;17;9956;25;;;9966;17;9970;19;;;9962.5;0.0
av_WHEAT_d10;5100;INTARIAN_PEPPER_ROOT;10102;14;10098;9;;;10114;15;10117;16;;;10108.0;0.0
av_WHEAT_d10;5200;ASH_COATED_OSMIUM;9960;12;9958;19;;;9966;22;9970;19;;;9963.0;0.0
av_WHEAT_d10;5200;INTARIAN_PEPPER_ROOT;10105;14;10101;24;;;10111;10;10114;17;;;10108.0;0.0
av_WHEAT_d10;5300;ASH_COATED_OSMIUM;9959;16;9955;19;;;9965;12;9969;22;;;9962.0;0.0
av_WHEAT_d10;5300;INTARIAN_PEPPER_ROOT;10086;15;10084;23;;;10132;5;10135;21;;;10109.0;0.0
av_WHEAT_d10;5400;ASH_COATED_OSMIUM;9959;16;9957;13;;;9965;16;9968;17;;;9962.0;0.0
av_WHEAT_d10;5400;INTARIAN_PEPPER_ROOT;10102;13;10099;17;;;10118;17;10122;20;;;10110.0;0.0
av_WHEAT_d10;5500;ASH_COATED_OSMIUM;9959;14;9957;11;;;9965;16;9968;20;;;9962.0;0.0
av_WHEAT_d10;5500;INTARIAN_PEPPER_ROOT;10109;20;10106;20;;;10115;13;10117;29;;;10112.0;0.0
av_WHEAT_d10;5600;ASH_COATED_OSMIUM;9959;16;9957;19;;;9965;24;9969;15;;;9962.0;0.0
av_WHEAT_d10;5600;INTARIAN_PEPPER_ROOT;10110;10;10106;21;;;10116;16;10120;24;;;10113.0;0.0
av_WHEAT_d10;5700;ASH_COATED_OSMIUM;9959;8;9955;20;;;9965;6;9967;17;;;9962.0;0.0
av_WHEAT_d10;5700;INTARIAN_PEPPER_ROOT;10110;13;10107;18;;;10117;18;10119;25;;;10113.5;0.0
av_WHEAT_d10;5800;ASH_COATED_OSMIUM;9959;11;9957;25;;;9965;9;9969;30;;;9962.0;0.0
av_WHEAT_d10;5800;INTARIAN_PEPPER_ROOT;10098;11;10095;23;;;10130;5;10133;26;;;10114.0;0.0
av_WHEAT_d10;5900;ASH_COATED_OSMIUM;9958;10;9954;33;;;9964;7;9968;27;;;9961.0;0.0
av_WHEAT_d10;5900;INTARIAN_PEPPER_ROOT;10113;13;10110;19;;;10119;15;10121;12;;;10116.0;0.0
av_WHEAT_d10;6000;ASH_COATED_OSMIUM;9958;13;9954;25;;;9964;20;9967;23;;;9961.0;0.0
av_WHEAT_d10;6000;INTARIAN_PEPPER_ROOT;10108;18;10104;19;;;10125;9;10127;22;;;10116.5;0.0
av_WHEAT_d10;6100;ASH_COATED_OSMIUM;9945;9;9942;26;;;9977;12;9981;13;;;9961.0;0.0
av_WHEAT_d10;6100;INTARIAN_PEPPER_ROOT;10113;18;10110;22;;;10121;16;10124;30;;;10117.0;0.0
av_WHEAT_d10;6200;ASH_COATED_OSMIUM;9957;20;9954;17;;;9963;14;9967;24;;;9960.0;0.0
av_WHEAT_d10;6200;INTARIAN_PEPPER_ROOT;10110;16;10106;16;;;10127;12;10131;15;;;10118.5;0.0
av_WHEAT_d10;6300;ASH_COATED_OSMIUM;9957;16;9954;21;;;9963;13;9966;14;;;9960.0;0.0
av_WHEAT_d10;6300;INTARIAN_PEPPER_ROOT;10116;20;10112;15;;;10122;6;10126;25;;;10119.0;0.0
av_WHEAT_d10;6400;ASH_COATED_OSMIUM;9958;16;9954;17;;;9964;16;9966;16;;;9961.0;0.0
av_WHEAT_d10;6400;INTARIAN_PEPPER_ROOT;10117;5;10114;23;;;10123;14;10127;22;;;10120.0;0.0
av_WHEAT_d10;6500;ASH_COATED_OSMIUM;9958;12;9955;18;;;9964;5;9966;14;;;9961.0;0.0
av_WHEAT_d10;6500;INTARIAN_PEPPER_ROOT;10116;14;10114;19;;;10125;7;10127;17;;;10120.5;0.0
av_WHEAT_d10;6600;ASH_COATED_OSMIUM;9957;5;9955;13;;;9963;8;9965;23;;;9960.0;0.0
av_WHEAT_d10;6600;INTARIAN_PEPPER_ROOT;10119;16;10115;17;;;10125;7;10127;10;;;10122.0;0.0
av_WHEAT_d10;6700;ASH_COATED_OSMIUM;9955;14;9951;12;;;9965;20;9967;18;;;9960.0;0.0
av_WHEAT_d10;6700;INTARIAN_PEPPER_ROOT;10120;15;10116;16;;;10126;13;10128;31;;;10123.0;0.0
av_WHEAT_d10;6800;ASH_COATED_OSMIUM;9955;15;9951;19;;;9965;16;9968;18;;;9960.0;0.0
av_WHEAT_d10;6800;INTARIAN_PEPPER_ROOT;10120;21;10117;23;;;10126;16;10129;29;;;10123.0;0.0
av_WHEAT_d10;6900;ASH_COATED_OSMIUM;9957;15;9953;16;;;9963;12;9967;28;;;9960.0;0.0
av_WHEAT_d10;6900;INTARIAN_PEPPER_ROOT;10117;5;10114;24;;;10132;15;10136;24;;;10124.5;0.0
av_WHEAT_d10;7000;ASH_COATED_OSMIUM;9955;17;9953;9;;;9963;5;9966;21;;;9959.0;0.0
av_WHEAT_d10;7000;INTARIAN_PEPPER_ROOT;10118;13;10115;11;;;10133;16;10137;10;;;10125.5;0.0
av_WHEAT_d10;7100;ASH_COATED_OSMIUM;9957;11;9954;23;;;9963;12;9965;19;;;9960.0;0.0
av_WHEAT_d10;7100;INTARIAN_PEPPER_ROOT;10118;19;10116;26;;;10135;18;10138;18;;;10126.5;0.0
av_WHEAT_d10;7200;ASH_COATED_OSMIUM;9956;19;9952;28;;;9962;11;9965;23;;;9959.0;0.0
av_WHEAT_d10;7200;INTARIAN_PEPPER_ROOT;10125;5;10123;24;;;10131;13;10135;27;;;10128.0;0.0
av_WHEAT_d10;7300;ASH_COATED_OSMIUM;9956;13;9953;24;;;9962;9;9964;24;;;9959.0;0.0
av_WHEAT_d10;7300;INTARIAN_PEPPER_ROOT;10119;14;10117;16;;;10137;16;10140;14;;;10128.0;0.0
av_WHEAT_d10;7400;ASH_COATED_OSMIUM;9955;14;9953;21;;;9963;11;9966;21;;;9959.0;0.0
av_WHEAT_d10;7400;INTARIAN_PEPPER_ROOT;10127;14;10123;17;;;10133;9;10137;18;;;10130.0;0.0
av_WHEAT_d10;7500;ASH_COATED_OSMIUM;9955;15;9953;17;;;9962;16;9965;23;;;9958.5;0.0
av_WHEAT_d10;7500;INTARIAN_PEPPER_ROOT;10126;13;10122;8;;;10135;21;10139;20;;;10130.5;0.0
av_WHEAT_d10;7600;ASH_COATED_OSMIUM;9945;19;9941;26;;;9972;23;9974;15;;;9958.5;0.0
av_WHEAT_d10;7600;INTARIAN_PEPPER_ROOT;10126;14;10124;15;;;10137;9;10140;29;;;10131.5;0.0
av_WHEAT_d10;7700;ASH_COATED_OSMIUM;9955;13;9952;15;;;9961;13;9963;20;;;9958.0;0.0
av_WHEAT_d10;7700;INTARIAN_PEPPER_ROOT;10129;17;10126;16;;;10135;21;10139;21;;;10132.0;0.0
av_WHEAT_d10;7800;ASH_COATED_OSMIUM;9955;19;9953;23;;;9961;9;9963;28;;;9958.0;0.0
av_WHEAT_d10;7800;INTARIAN_PEPPER_ROOT;10115;12;10112;24;;;10150;13;10153;13;;;10132.5;0.0
av_WHEAT_d10;7900;ASH_COATED_OSMIUM;9955;20;9953;31;;;9961;5;9963;20;;;9958.0;0.0
av_WHEAT_d10;7900;INTARIAN_PEPPER_ROOT;10131;17;10129;20;;;10137;11;10139;17;;;10134.0;0.0
av_WHEAT_d10;8000;ASH_COATED_OSMIUM;9955;24;9952;23;;;9961;22;9963;20;;;9958.0;0.0
av_WHEAT_d10;8000;INTARIAN_PEPPER_ROOT;10132;17;10130;14;;;10138;18;10141;18;;;10135.0;0.0
av_WHEAT_d10;8100;ASH_COATED_OSMIUM;9952;21;9948;21;;;9963;16;9966;23;;;9957.5;0.0
av_WHEAT_d10;8100;INTARIAN_PEPPER_ROOT;10134;12;10132;13;;;10140;13;10143;22;;;10137.0;0.0
av_WHEAT_d10;8200;ASH_COATED_OSMIUM;9947;10;9944;22;;;9966;17;9970;18;;;9956.5;0.0
av_WHEAT_d10;8200;INTARIAN_PEPPER_ROOT;10134;15;10131;20;;;10140;13;10144;19;;;10137.0;0.0
av_WHEAT_d10;8300;ASH_COATED_OSMIUM;9954;23;9950;16;;;9960;15;9964;21;;;9957.0;0.0
av_WHEAT_d10;8300;INTARIAN_PEPPER_ROOT;10135;7;10132;16;;;10141;12;10143;25;;;10138.0;0.0
av_WHEAT_d10;8400;ASH_COATED_OSMIUM;9952;23;9948;35;;;9961;12;9963;28;;;9956.5;0.0
av_WHEAT_d10;8400;INTARIAN_PEPPER_ROOT;10134;20;10130;22;;;10143;11;10146;28;;;10138.5;0.0
av_WHEAT_d10;8500;ASH_COATED_OSMIUM;9954;16;9952;8;;;9960;11;9963;24;;;9957.0;0.0
av_WHEAT_d10;8500;INTARIAN_PEPPER_ROOT;10137;15;10133;17;;;10143;13;10147;25;;;10140.0;0.0
av_WHEAT_d10;8600;ASH_COATED_OSMIUM;9954;10;9950;11;;;9960;14;9962;21;;;9957.0;0.0
av_WHEAT_d10;8600;INTARIAN_PEPPER_ROOT;10130;8;10126;21;;;10152;20;10156;17;;;10141.0;0.0
av_WHEAT_d10;8700;ASH_COATED_OSMIUM;9950;10;9947;27;;;9963;13;9966;22;;;9956.5;0.0
av_WHEAT_d10;8700;INTARIAN_PEPPER_ROOT;10139;20;10136;19;;;10145;8;10149;25;;;10142.0;0.0
av_WHEAT_d10;8800;ASH_COATED_OSMIUM;9954;17;9952;27;;;9960;13;9964;28;;;9957.0;0.0
av_WHEAT_d10;8800;INTARIAN_PEPPER_ROOT;10137;20;10133;14;;;10148;9;10151;20;;;10142.5;0.0
av_WHEAT_d10;8900;ASH_COATED_OSMIUM;9953;7;9951;20;;;9959;11;9962;23;;;9956.0;0.0
av_WHEAT_d10;8900;INTARIAN_PEPPER_ROOT;10141;7;10139;14;;;10147;21;10149;10;;;10144.0;0.0
av_WHEAT_d10;9000;ASH_COATED_OSMIUM;9953;13;9949;22;;;9959;17;9961;21;;;9956.0;0.0
av_WHEAT_d10;9000;INTARIAN_PEPPER_ROOT;10141;14;10139;20;;;10147;20;10151;19;;;10144.0;0.0
av_WHEAT_d10;9100;ASH_COATED_OSMIUM;9953;8;9951;9;;;9959;9;9963;25;;;9956.0;0.0
av_WHEAT_d10;9100;INTARIAN_PEPPER_ROOT;10139;16;10136;14;;;10152;16;10154;15;;;10145.5;0.0
av_WHEAT_d10;9200;ASH_COATED_OSMIUM;9952;14;9950;16;;;9960;20;9963;11;;;9956.0;0.0
av_WHEAT_d10;9200;INTARIAN_PEPPER_ROOT;10144;17;10142;19;;;10150;20;10154;23;;;10147.0;0.0
av_WHEAT_d10;9300;ASH_COATED_OSMIUM;9952;10;9950;14;;;9960;12;9963;11;;;9956.0;0.0
av_WHEAT_d10;9300;INTARIAN_PEPPER_ROOT;10139;16;10137;17;;;10156;16;10159;22;;;10147.5;0.0
av_WHEAT_d10;9400;ASH_COATED_OSMIUM;9952;14;9950;15;;;9958;19;9962;13;;;9955.0;0.0
av_WHEAT_d10;9400;INTARIAN_PEPPER_ROOT;10140;14;10137;16;;;10157;23;10159;15;;;10148.5;0.0
av_WHEAT_d10;9500;ASH_COATED_OSMIUM;9947;15;9944;13;;;9964;19;9968;26;;;9955.5;0.0
av_WHEAT_d10;9500;INTARIAN_PEPPER_ROOT;10128;12;10125;17;;;10172;9;10174;25;;;10150.0;0.0
av_WHEAT_d10;9600;ASH_COATED_OSMIUM;9953;22;9949;11;;;9959;10;9963;20;;;9956.0;0.0
av_WHEAT_d10;9600;INTARIAN_PEPPER_ROOT;10148;10;10146;22;;;10154;10;10158;27;;;10151.0;0.0
av_WHEAT_d10;9700;ASH_COATED_OSMIUM;9952;15;9949;17;;;9958;15;9961;23;;;9955.0;0.0
av_WHEAT_d10;9700;INTARIAN_PEPPER_ROOT;10149;13;10147;21;;;10155;7;10157;25;;;10152.0;0.0
av_WHEAT_d10;9800;ASH_COATED_OSMIUM;9952;14;9949;14;;;9958;15;9960;16;;;9955.0;0.0
av_WHEAT_d10;9800;INTARIAN_PEPPER_ROOT;10149;18;10145;18;;;10155;9;10159;19;;;10152.0;0.0
av_WHEAT_d10;9900;ASH_COATED_OSMIUM;9948;21;9946;19;;;9961;17;9963;22;;;9954.5;0.0
av_WHEAT_d10;9900;INTARIAN_PEPPER_ROOT;10146;12;10143;35;;;10159;14;10163;19;;;10152.5;0.0
av_WHEAT_d10;10000;ASH_COATED_OSMIUM;9951;11;9949;16;;;9958;14;9960;22;;;9954.5;0.0
av_WHEAT_d10;10000;INTARIAN_PEPPER_ROOT;10151;14;10147;9;;;10157;17;10160;21;;;10154.0;0.0
av_WHEAT_d10;10100;ASH_COATED_OSMIUM;9948;16;9945;23;;;9961;15;9963;11;;;9954.5;0.0
av_WHEAT_d10;10100;INTARIAN_PEPPER_ROOT;10152;17;10149;19;;;10158;12;10161;28;;;10155.0;0.0
av_WHEAT_d10;10200;ASH_COATED_OSMIUM;9948;8;9946;17;;;9961;16;9964;30;;;9954.5;0.0
av_WHEAT_d10;10200;INTARIAN_PEPPER_ROOT;10153;15;10151;24;;;10159;14;10162;15;;;10156.0;0.0
av_WHEAT_d10;10300;ASH_COATED_OSMIUM;9951;18;9947;22;;;9957;12;9959;20;;;9954.0;0.0
av_WHEAT_d10;10300;INTARIAN_PEPPER_ROOT;10154;10;10152;18;;;10160;12;10164;16;;;10157.0;0.0
av_WHEAT_d10;10400;ASH_COATED_OSMIUM;9951;16;9948;22;;;9957;16;9961;19;;;9954.0;0.0
av_WHEAT_d10;10400;INTARIAN_PEPPER_ROOT;10153;9;10151;17;;;10162;17;10165;18;;;10157.5;0.0
av_WHEAT_d10;10500;ASH_COATED_OSMIUM;9951;15;9948;17;;;9957;12;9961;14;;;9954.0;0.0
av_WHEAT_d10;10500;INTARIAN_PEPPER_ROOT;10156;16;10152;20;;;10162;15;10164;19;;;10159.0;0.0
av_WHEAT_d10;10600;ASH_COATED_OSMIUM;9949;8;9945;9;;;9959;9;9963;16;;;9954.0;0.0
av_WHEAT_d10;10600;INTARIAN_PEPPER_ROOT;10157;21;10155;30;;;10163;15;10165;22;;;10160.0;0.0
av_WHEAT_d10;10700;ASH_COATED_OSMIUM;9950;17;9946;15;;;9956;18;9958;21;;;9953.0;0.0
av_WHEAT_d10;10700;INTARIAN_PEPPER_ROOT;10156;7;10152;28;;;10165;19;10168;19;;;10160.5;0.0
av_WHEAT_d10;10800;ASH_COATED_OSMIUM;9950;11;9946;22;;;9956;16;9960;20;;;9953.0;0.0
av_WHEAT_d10;10800;INTARIAN_PEPPER_ROOT;10158;14;10155;11;;;10166;7;10170;19;;;10162.0;0.0
av_WHEAT_d10;10900;ASH_COATED_OSMIUM;9950;15;9948;22;;;9957;14;9960;20;;;9953.5;0.0
av_WHEAT_d10;10900;INTARIAN_PEPPER_ROOT;10156;21;10152;18;;;10169;8;10171;18;;;10162.5;0.0
av_WHEAT_d10;11000;ASH_COATED_OSMIUM;9950;22;9947;19;;;9956;5;9960;22;;;9953.0;0.0
av_WHEAT_d10;11000;INTARIAN_PEPPER_ROOT;10161;14;10158;14;;;10167;19;10170;19;;;10164.0;0.0
av_WHEAT_d10;11100;ASH_COATED_OSMIUM;9949;12;9946;23;;;9955;18;9959;31;;;9952.0;0.0
av_WHEAT_d10;11100;INTARIAN_PEPPER_ROOT;10162;10;10159;22;;;10168;19;10170;11;;;10165.0;0.0
av_WHEAT_d10;11200;ASH_COATED_OSMIUM;9949;17;9946;23;;;9956;15;9958;20;;;9952.5;0.0
av_WHEAT_d10;11200;INTARIAN_PEPPER_ROOT;10162;7;10159;14;;;10168;9;10172;27;;;10165.0;0.0
av_WHEAT_d10;11300;ASH_COATED_OSMIUM;9949;14;9945;19;;;9957;15;9959;14;;;9953.0;0.0
av_WHEAT_d10;11300;INTARIAN_PEPPER_ROOT;10163;22;10159;25;;;10169;11;10171;25;;;10166.0;0.0
av_WHEAT_d10;11400;ASH_COATED_OSMIUM;9949;6;9945;29;;;9955;17;9958;22;;;9952.0;0.0
av_WHEAT_d10;11400;INTARIAN_PEPPER_ROOT;10164;15;10161;15;;;10170;6;10174;16;;;10167.0;0.0
av_WHEAT_d10;11500;ASH_COATED_OSMIUM;9949;15;9947;16;;;9955;11;9957;18;;;9952.0;0.0
av_WHEAT_d10;11500;INTARIAN_PEPPER_ROOT;10160;17;10157;21;;;10175;15;10177;20;;;10167.5;0.0
av_WHEAT_d10;11600;ASH_COATED_OSMIUM;9949;21;9946;28;;;9955;18;9959;22;;;9952.0;0.0
av_WHEAT_d10;11600;INTARIAN_PEPPER_ROOT;10158;8;10155;16;;;10179;15;10181;22;;;10168.5;0.0
av_WHEAT_d10;11700;ASH_COATED_OSMIUM;9950;13;9947;16;;;9956;21;9959;22;;;9953.0;0.0
av_WHEAT_d10;11700;INTARIAN_PEPPER_ROOT;10164;18;10161;20;;;10176;13;10179;18;;;10170.0;0.0
av_WHEAT_d10;11800;ASH_COATED_OSMIUM;9950;16;9948;18;;;9956;13;9960;22;;;9953.0;0.0
av_WHEAT_d10;11800;INTARIAN_PEPPER_ROOT;10168;14;10166;22;;;10174;14;10177;29;;;10171.0;0.0
av_WHEAT_d10;11900;ASH_COATED_OSMIUM;9948;11;9946;20;;;9954;8;9956;20;;;9951.0;0.0
av_WHEAT_d10;11900;INTARIAN_PEPPER_ROOT;10150;18;10146;25;;;10193;7;10197;26;;;10171.5;0.0
av_WHEAT_d10;12000;ASH_COATED_OSMIUM;9948;11;9944;19;;;9954;18;9957;24;;;9951.0;0.0
av_WHEAT_d10;12000;INTARIAN_PEPPER_ROOT;10162;6;10159;19;;;10184;13;10188;14;;;10173.0;0.0
av_WHEAT_d10;12100;ASH_COATED_OSMIUM;9946;6;9943;14;;;9957;11;9961;21;;;9951.5;0.0
av_WHEAT_d10;12100;INTARIAN_PEPPER_ROOT;10169;15;10167;8;;;10179;19;10181;17;;;10174.0;0.0
av_WHEAT_d10;12200;ASH_COATED_OSMIUM;9940;12;9937;28;;;9962;17;9964;20;;;9951.0;0.0
av_WHEAT_d10;12200;INTARIAN_PEPPER_ROOT;10163;11;10159;19;;;10187;20;10191;8;;;10175.0;0.0
av_WHEAT_d10;12300;ASH_COATED_OSMIUM;9947;27;9945;21;;;9955;15;9959;14;;;9951.0;0.0
av_WHEAT_d10;12300;INTARIAN_PEPPER_ROOT;10173;15;10170;19;;;10179;18;10181;18;;;10176.0;0.0
av_WHEAT_d10;12400;ASH_COATED_OSMIUM;9945;12;9941;17;;;9958;21;9961;13;;;9951.5;0.0
av_WHEAT_d10;12400;INTARIAN_PEPPER_ROOT;10172;10;10170;16;;;10182;15;10186;17;;;10177.0;0.0
av_WHEAT_d10;12500;ASH_COATED_OSMIUM;9948;17;9944;13;;;9954;17;9958;29;;;9951.0;0.0
av_WHEAT_d10;12500;INTARIAN_PEPPER_ROOT;10175;5;10172;21;;;10181;16;10184;23;;;10178.0;0.0
av_WHEAT_d10;12600;ASH_COATED_OSMIUM;9947;14;9943;15;;;9954;11;9958;27;;;9950.5;0.0
av_WHEAT_d10;12600;INTARIAN_PEPPER_ROOT;10176;10;10172;16;;;10182;23;10184;21;;;10179.0;0.0
av_WHEAT_d10;12700;ASH_COATED_OSMIUM;9947;20;9943;23;;;9954;14;9958;19;;;9950.5;0.0
av_WHEAT_d10;12700;INTARIAN_PEPPER_ROOT;10173;20;10171;14;;;10188;15;10190;14;;;10180.5;0.0
av_WHEAT_d10;12800;ASH_COATED_OSMIUM;9946;20;9944;22;;;9955;14;9958;22;;;9950.5;0.0
av_WHEAT_d10;12800;INTARIAN_PEPPER_ROOT;10177;12;10175;22;;;10183;14;10185;16;;;10180.0;0.0
av_WHEAT_d10;12900;ASH_COATED_OSMIUM;9946;15;9943;28;;;9955;12;9959;22;;;9950.5;0.0
av_WHEAT_d10;12900;INTARIAN_PEPPER_ROOT;10177;18;10174;10;;;10186;18;10189;8;;;10181.5;0.0
av_WHEAT_d10;13000;ASH_COATED_OSMIUM;9940;11;9938;20;;;9960;14;9963;23;;;9950.0;0.0
av_WHEAT_d10;13000;INTARIAN_PEPPER_ROOT;10180;9;10177;22;;;10186;15;10190;16;;;10183.0;0.0
av_WHEAT_d10;13100;ASH_COATED_OSMIUM;9945;16;9942;23;;;9955;15;9959;22;;;9950.0;0.0
av_WHEAT_d10;13100;INTARIAN_PEPPER_ROOT;10180;8;10176;31;;;10186;17;10190;19;;;10183.0;0.0
av_WHEAT_d10;13200;ASH_COATED_OSMIUM;9946;13;9944;32;;;9952;16;9955;23;;;9949.0;0.0
av_WHEAT_d10;13200;INTARIAN_PEPPER_ROOT;10180;15;10176;17;;;10188;13;10190;23;;;10184.0;0.0
av_WHEAT_d10;13300;ASH_COATED_OSMIUM;9946;7;9942;15;;;9953;25;9955;9;;;9949.5;0.0
av_WHEAT_d10;13300;INTARIAN_PEPPER_ROOT;10182;20;10178;23;;;10189;16;10193;18;;;10185.5;0.0
av_WHEAT_d10;13400;ASH_COATED_OSMIUM;9944;9;9940;26;;;9954;9;9958;27;;;9949.0;0.0
av_WHEAT_d10;13400;INTARIAN_PEPPER_ROOT;10183;13;10181;19;;;10189;19;10191;19;;;10186.0;0.0
av_WHEAT_d10;13500;ASH_COATED_OSMIUM;9945;10;9943;20;;;9953;7;9957;24;;;9949.0;0.0
av_WHEAT_d10;13500;INTARIAN_PEPPER_ROOT;10181;18;10177;13;;;10195;17;10199;27;;;10188.0;0.0
av_WHEAT_d10;13600;ASH_COATED_OSMIUM;9946;16;9944;29;;;9952;9;9956;23;;;9949.0;0.0
av_WHEAT_d10;13600;INTARIAN_PEPPER_ROOT;10185;13;10182;24;;;10191;15;10194;22;;;10188.0;0.0
av_WHEAT_d10;13700;ASH_COATED_OSMIUM;9942;14;9938;18;;;9955;11;9957;20;;;9948.5;0.0
av_WHEAT_d10;13700;INTARIAN_PEPPER_ROOT;10186;9;10184;21;;;10192;10;10195;22;;;10189.0;0.0
av_WHEAT_d10;13800;ASH_COATED_OSMIUM;9946;16;9944;26;;;9952;15;9955;15;;;9949.0;0.0
av_WHEAT_d10;13800;INTARIAN_PEPPER_ROOT;10187;16;10183;25;;;10193;15;10197;19;;;10190.0;0.0
av_WHEAT_d10;13900;ASH_COATED_OSMIUM;9945;9;9943;25;;;9951;14;9955;13;;;9948.0;0.0
av_WHEAT_d10;13900;INTARIAN_PEPPER_ROOT;10188;26;10186;20;;;10194;22;10198;17;;;10191.0;0.0
av_WHEAT_d10;14000;ASH_COATED_OSMIUM;9939;10;9936;26;;;9958;15;9962;18;;;9948.5;0.0
av_WHEAT_d10;14000;INTARIAN_PEPPER_ROOT;10182;14;10178;19;;;10203;26;10206;16;;;10192.5;0.0
av_WHEAT_d10;14100;ASH_COATED_OSMIUM;9945;12;9943;15;;;9951;14;9953;8;;;9948.0;0.0
av_WHEAT_d10;14100;INTARIAN_PEPPER_ROOT;10183;8;10179;16;;;10202;13;10204;11;;;10192.5;0.0
av_WHEAT_d10;14200;ASH_COATED_OSMIUM;9945;11;9943;24;;;9951;19;9953;19;;;9948.0;0.0
av_WHEAT_d10;14200;INTARIAN_PEPPER_ROOT;10191;14;10189;18;;;10197;12;10200;15;;;10194.0;0.0
av_WHEAT_d10;14300;ASH_COATED_OSMIUM;9945;13;9941;10;;;9951;15;9954;20;;;9948.0;0.0
av_WHEAT_d10;14300;INTARIAN_PEPPER_ROOT;10192;8;10188;18;;;10198;15;10200;25;;;10195.0;0.0
av_WHEAT_d10;14400;ASH_COATED_OSMIUM;9945;16;9943;33;;;9951;19;9953;27;;;9948.0;0.0
av_WHEAT_d10;14400;INTARIAN_PEPPER_ROOT;10192;10;10189;19;;;10198;10;10201;23;;;10195.0;0.0
av_WHEAT_d10;14500;ASH_COATED_OSMIUM;9945;10;9943;15;;;9951;14;9954;28;;;9948.0;0.0
av_WHEAT_d10;14500;INTARIAN_PEPPER_ROOT;10194;16;10191;26;;;10200;16;10202;15;;;10197.0;0.0
av_WHEAT_d10;14600;ASH_COATED_OSMIUM;9944;19;9942;15;;;9950;13;9952;23;;;9947.0;0.0
av_WHEAT_d10;14600;INTARIAN_PEPPER_ROOT;10195;23;10191;16;;;10201;18;10205;17;;;10198.0;0.0
av_WHEAT_d10;14700;ASH_COATED_OSMIUM;9944;19;9940;15;;;9951;25;9953;17;;;9947.5;0.0
av_WHEAT_d10;14700;INTARIAN_PEPPER_ROOT;10190;19;10186;15;;;10208;10;10210;19;;;10199.0;0.0
av_WHEAT_d10;14800;ASH_COATED_OSMIUM;9944;18;9940;15;;;9950;21;9953;26;;;9947.0;0.0
av_WHEAT_d10;14800;INTARIAN_PEPPER_ROOT;10197;19;10194;22;;;10203;14;10206;18;;;10200.0;0.0
av_WHEAT_d10;14900;ASH_COATED_OSMIUM;9937;9;9935;15;;;9957;15;9959;26;;;9947.0;0.0
av_WHEAT_d10;14900;INTARIAN_PEPPER_ROOT;10197;19;10195;17;;;10203;18;10207;21;;;10200.0;0.0
av_WHEAT_d10;15000;ASH_COATED_OSMIUM;9944;25;9940;15;;;9950;13;9952;26;;;9947.0;0.0
av_WHEAT_d10;15000;INTARIAN_PEPPER_ROOT;10197;16;10194;26;;;10206;21;10209;19;;;10201.5;0.0
av_WHEAT_d10;15100;ASH_COATED_OSMIUM;9941;14;9937;21;;;9953;17;9955;23;;;9947.0;0.0
av_WHEAT_d10;15100;INTARIAN_PEPPER_ROOT;10199;16;10196;16;;;10208;18;10210;22;;;10203.5;0.0
av_WHEAT_d10;15200;ASH_COATED_OSMIUM;9944;6;9942;17;;;9950;17;9952;23;;;9947.0;0.0
av_WHEAT_d10;15200;INTARIAN_PEPPER_ROOT;10200;21;10198;15;;;10206;16;10210;22;;;10203.0;0.0
av_WHEAT_d10;15300;ASH_COATED_OSMIUM;9944;15;9942;23;;;9950;7;9952;20;;;9947.0;0.0
av_WHEAT_d10;15300;INTARIAN_PEPPER_ROOT;10201;15;10199;16;;;10207;10;10211;16;;;10204.0;0.0
av_WHEAT_d10;15400;ASH_COATED_OSMIUM;9936;10;9934;17;;;9955;19;9958;26;;;9945.5;0.0
av_WHEAT_d10;15400;INTARIAN_PEPPER_ROOT;10202;14;10198;15;;;10208;7;10210;18;;;10205.0;0.0
av_WHEAT_d10;15500;ASH_COATED_OSMIUM;9943;16;9941;25;;;9949;19;9951;13;;;9946.0;0.0
av_WHEAT_d10;15500;INTARIAN_PEPPER_ROOT;10197;11;10195;20;;;10214;21;10217;23;;;10205.5;0.0
av_WHEAT_d10;15600;ASH_COATED_OSMIUM;9937;15;9934;14;;;9953;25;9957;13;;;9945.0;0.0
av_WHEAT_d10;15600;INTARIAN_PEPPER_ROOT;10204;20;10200;25;;;10210;21;10212;14;;;10207.0;0.0
av_WHEAT_d10;15700;ASH_COATED_OSMIUM;9942;21;9940;13;;;9948;15;9950;14;;;9945.0;0.0
av_WHEAT_d10;15700;INTARIAN_PEPPER_ROOT;10205;16;10201;22;;;10211;11;10215;27;;;10208.0;0.0
av_WHEAT_d10;15800;ASH_COATED_OSMIUM;9943;13;9940;17;;;9949;22;9951;21;;;9946.0;0.0
av_WHEAT_d10;15800;INTARIAN_PEPPER_ROOT;10207;14;10203;22;;;10213;24;10216;18;;;10210.0;0.0
av_WHEAT_d10;15900;ASH_COATED_OSMIUM;9942;16;9939;16;;;9948;12;9951;19;;;9945.0;0.0
av_WHEAT_d10;15900;INTARIAN_PEPPER_ROOT;10207;15;10204;21;;;10213;16;10216;27;;;10210.0;0.0
av_WHEAT_d10;16000;ASH_COATED_OSMIUM;9933;17;9929;13;;;9958;7;9961;21;;;9945.5;0.0
av_WHEAT_d10;16000;INTARIAN_PEPPER_ROOT;10207;10;10203;30;;;10213;15;10217;29;;;10210.0;0.0
av_WHEAT_d10;16100;ASH_COATED_OSMIUM;9942;19;9939;23;;;9948;12;9952;18;;;9945.0;0.0
av_WHEAT_d10;16100;INTARIAN_PEPPER_ROOT;10208;16;10205;22;;;10214;23;10217;22;;;10211.0;0.0
av_WHEAT_d10;16200;ASH_COATED_OSMIUM;9942;26;9939;31;;;9948;20;9951;21;;;9945.0;0.0
av_WHEAT_d10;16200;INTARIAN_PEPPER_ROOT;10210;20;10207;10;;;10216;21;10220;10;;;10213.0;0.0
av_WHEAT_d10;16300;ASH_COATED_OSMIUM;9942;14;9939;13;;;9948;16;9950;15;;;9945.0;0.0
av_WHEAT_d10;16300;INTARIAN_PEPPER_ROOT;10210;12;10206;27;;;10216;23;10219;17;;;10213.0;0.0
av_WHEAT_d10;16400;ASH_COATED_OSMIUM;9941;17;9939;18;;;9947;11;9950;27;;;9944.0;0.0
av_WHEAT_d10;16400;INTARIAN_PEPPER_ROOT;10210;18;10207;16;;;10221;26;10224;14;;;10215.5;0.0
av_WHEAT_d10;16500;ASH_COATED_OSMIUM;9940;9;9938;24;;;9950;15;9953;24;;;9945.0;0.0
av_WHEAT_d10;16500;INTARIAN_PEPPER_ROOT;10212;12;10208;24;;;10219;19;10223;21;;;10215.5;0.0
av_WHEAT_d10;16600;ASH_COATED_OSMIUM;9940;14;9938;13;;;9947;11;9950;18;;;9943.5;0.0
av_WHEAT_d10;16600;INTARIAN_PEPPER_ROOT;10213;11;10211;20;;;10220;13;10224;18;;;10216.5;0.0
av_WHEAT_d10;16700;ASH_COATED_OSMIUM;9940;5;9937;22;;;9948;11;9950;17;;;9944.0;0.0
av_WHEAT_d10;16700;INTARIAN_PEPPER_ROOT;10208;10;10204;25;;;10227;16;10230;23;;;10217.5;0.0
av_WHEAT_d10;16800;ASH_COATED_OSMIUM;9941;23;9937;11;;;9947;12;9950;28;;;9944.0;0.0
av_WHEAT_d10;16800;INTARIAN_PEPPER_ROOT;10216;18;10213;14;;;10222;13;10225;14;;;10219.0;0.0
av_WHEAT_d10;16900;ASH_COATED_OSMIUM;9941;5;9939;21;;;9947;19;9951;17;;;9944.0;0.0
av_WHEAT_d10;16900;INTARIAN_PEPPER_ROOT;10217;18;10215;17;;;10223;15;10226;22;;;10220.0;0.0
av_WHEAT_d10;17000;ASH_COATED_OSMIUM;9933;12;9931;16;;;9953;16;9956;15;;;9943.0;0.0
av_WHEAT_d10;17000;INTARIAN_PEPPER_ROOT;10217;19;10215;22;;;10223;5;10227;15;;;10220.0;0.0
av_WHEAT_d10;17100;ASH_COATED_OSMIUM;9940;10;9936;15;;;9947;10;9950;20;;;9943.5;0.0
av_WHEAT_d10;17100;INTARIAN_PEPPER_ROOT;10217;17;10215;22;;;10223;13;10226;11;;;10220.0;0.0
av_WHEAT_d10;17200;ASH_COATED_OSMIUM;9940;6;9938;12;;;9947;24;9951;24;;;9943.5;0.0
av_WHEAT_d10;17200;INTARIAN_PEPPER_ROOT;10217;25;10215;16;;;10223;15;10227;22;;;10220.0;0.0
av_WHEAT_d10;17300;ASH_COATED_OSMIUM;9940;6;9937;19;;;9946;11;9948;24;;;9943.0;0.0
av_WHEAT_d10;17300;INTARIAN_PEPPER_ROOT;10217;18;10213;22;;;10223;13;10227;28;;;10220.0;0.0
av_WHEAT_d10;17400;ASH_COATED_OSMIUM;9939;6;9935;23;;;9948;29;9952;21;;;9943.5;0.0
av_WHEAT_d10;17400;INTARIAN_PEPPER_ROOT;10217;11;10215;23;;;10223;12;10227;24;;;10220.0;0.0
av_WHEAT_d10;17500;ASH_COATED_OSMIUM;9935;8;9933;15;;;9951;12;9954;20;;;9943.0;0.0
av_WHEAT_d10;17500;INTARIAN_PEPPER_ROOT;10216;19;10212;15;;;10222;17;10225;21;;;10219.0;0.0
av_WHEAT_d10;17600;ASH_COATED_OSMIUM;9940;26;9937;21;;;9946;12;9949;10;;;9943.0;0.0
av_WHEAT_d10;17600;INTARIAN_PEPPER_ROOT;10216;20;10213;16;;;10222;26;10226;18;;;10219.0;0.0
av_WHEAT_d10;17700;ASH_COATED_OSMIUM;9940;23;9937;22;;;9946;13;9949;20;;;9943.0;0.0
av_WHEAT_d10;17700;INTARIAN_PEPPER_ROOT;10216;9;10213;18;;;10222;17;10224;16;;;10219.0;0.0
av_WHEAT_d10;17800;ASH_COATED_OSMIUM;9940;11;9937;15;;;9946;10;9948;22;;;9943.0;0.0
av_WHEAT_d10;17800;INTARIAN_PEPPER_ROOT;10217;10;10213;16;;;10223;12;10227;23;;;10220.0;0.0
av_WHEAT_d10;17900;ASH_COATED_OSMIUM;9940;7;9938;25;;;9946;12;9949;18;;;9943.0;0.0
av_WHEAT_d10;17900;INTARIAN_PEPPER_ROOT;10216;15;10212;17;;;10222;8;10225;19;;;10219.0;0.0
av_WHEAT_d10;18000;ASH_COATED_OSMIUM;9941;11;9938;16;;;9947;9;9949;16;;;9944.0;0.0
av_WHEAT_d10;18000;INTARIAN_PEPPER_ROOT;10214;19;10212;16;;;10223;12;10227;18;;;10218.5;0.0
av_WHEAT_d10;18100;ASH_COATED_OSMIUM;9934;16;9931;19;;;9952;15;9955;20;;;9943.0;0.0
av_WHEAT_d10;18100;INTARIAN_PEPPER_ROOT;10216;7;10212;26;;;10222;14;10226;26;;;10219.0;0.0
av_WHEAT_d10;18200;ASH_COATED_OSMIUM;9931;16;9927;15;;;9955;14;9959;22;;;9943.0;0.0
av_WHEAT_d10;18200;INTARIAN_PEPPER_ROOT;10216;14;10212;26;;;10222;22;10224;17;;;10219.0;0.0
av_WHEAT_d10;18300;ASH_COATED_OSMIUM;9936;25;9932;16;;;9950;10;9954;9;;;9943.0;0.0
av_WHEAT_d10;18300;INTARIAN_PEPPER_ROOT;10216;15;10212;15;;;10222;27;10226;27;;;10219.0;0.0
av_WHEAT_d10;18400;ASH_COATED_OSMIUM;9940;15;9937;25;;;9946;21;9948;19;;;9943.0;0.0
av_WHEAT_d10;18400;INTARIAN_PEPPER_ROOT;10215;21;10212;25;;;10221;16;10225;19;;;10218.0;0.0
av_WHEAT_d10;18500;ASH_COATED_OSMIUM;9940;19;9937;24;;;9946;20;9948;27;;;9943.0;0.0
av_WHEAT_d10;18500;INTARIAN_PEPPER_ROOT;10214;5;10210;23;;;10224;14;10227;16;;;10219.0;0.0
av_WHEAT_d10;18600;ASH_COATED_OSMIUM;9934;24;9930;16;;;9953;17;9957;23;;;9943.5;0.0
av_WHEAT_d10;18600;INTARIAN_PEPPER_ROOT;10215;15;10213;19;;;10221;19;10225;25;;;10218.0;0.0
av_WHEAT_d10;18700;ASH_COATED_OSMIUM;9940;11;9937;22;;;9946;11;9948;16;;;9943.0;0.0
av_WHEAT_d10;18700;INTARIAN_PEPPER_ROOT;10215;13;10213;21;;;10221;12;10223;15;;;10218.0;0.0
av_WHEAT_d10;18800;ASH_COATED_OSMIUM;9938;14;9934;21;;;9949;14;9953;30;;;9943.5;0.0
av_WHEAT_d10;18800;INTARIAN_PEPPER_ROOT;10215;17;10213;17;;;10221;17;10225;23;;;10218.0;0.0
av_WHEAT_d10;18900;ASH_COATED_OSMIUM;9940;19;9936;28;;;9946;15;9949;19;;;9943.0;0.0
av_WHEAT_d10;18900;INTARIAN_PEPPER_ROOT;10215;24;10212;13;;;10221;8;10224;19;;;10218.0;0.0
av_WHEAT_d10;19000;ASH_COATED_OSMIUM;9940;12;9937;13;;;9946;21;9950;14;;;9943.0;0.0
av_WHEAT_d10;19000;INTARIAN_PEPPER_ROOT;10215;23;10213;17;;;10221;19;10224;14;;;10218.0;0.0
av_WHEAT_d10;19100;ASH_COATED_OSMIUM;9936;10;9932;19;;;9949;8;9951;20;;;9942.5;0.0
av_WHEAT_d10;19100;INTARIAN_PEPPER_ROOT;10209;20;10207;18;;;10228;17;10230;21;;;10218.5;0.0
av_WHEAT_d10;19200;ASH_COATED_OSMIUM;9939;13;9936;19;;;9946;20;9950;27;;;9942.5;0.0
av_WHEAT_d10;19200;INTARIAN_PEPPER_ROOT;10207;14;10204;8;;;10229;13;10231;18;;;10218.0;0.0
av_WHEAT_d10;19300;ASH_COATED_OSMIUM;9932;15;9930;23;;;9954;17;9957;10;;;9943.0;0.0
av_WHEAT_d10;19300;INTARIAN_PEPPER_ROOT;10215;19;10213;22;;;10221;18;10224;17;;;10218.0;0.0
av_WHEAT_d10;19400;ASH_COATED_OSMIUM;9940;15;9937;20;;;9946;9;9950;22;;;9943.0;0.0
av_WHEAT_d10;19400;INTARIAN_PEPPER_ROOT;10208;14;10204;20;;;10227;14;10230;16;;;10217.5;0.0
av_WHEAT_d10;19500;ASH_COATED_OSMIUM;9940;18;9936;28;;;9946;16;9950;20;;;9943.0;0.0
av_WHEAT_d10;19500;INTARIAN_PEPPER_ROOT;10215;7;10212;14;;;10221;15;10225;32;;;10218.0;0.0
av_WHEAT_d10;19600;ASH_COATED_OSMIUM;9939;18;9935;25;;;9946;12;9948;22;;;9942.5;0.0
av_WHEAT_d10;19600;INTARIAN_PEPPER_ROOT;10214;14;10211;22;;;10222;15;10224;24;;;10218.0;0.0
av_WHEAT_d10;19700;ASH_COATED_OSMIUM;9939;11;9936;17;;;9945;11;9948;13;;;9942.0;0.0
av_WHEAT_d10;19700;INTARIAN_PEPPER_ROOT;10214;13;10211;25;;;10220;16;10223;22;;;10217.0;0.0
av_WHEAT_d10;19800;ASH_COATED_OSMIUM;9937;18;9933;14;;;9948;16;9951;12;;;9942.5;0.0
av_WHEAT_d10;19800;INTARIAN_PEPPER_ROOT;10215;16;10213;12;;;10221;17;10224;23;;;10218.0;0.0
av_WHEAT_d10;19900;ASH_COATED_OSMIUM;9931;8;9929;24;;;9954;10;9958;28;;;9942.5;0.0
av_WHEAT_d10;19900;INTARIAN_PEPPER_ROOT;10213;16;10211;21;;;10221;19;10223;23;;;10217.0;0.0
av_WHEAT_d10;20000;ASH_COATED_OSMIUM;9936;10;9934;18;;;9948;7;9950;15;;;9942.0;0.0
av_WHEAT_d10;20000;INTARIAN_PEPPER_ROOT;10215;6;10211;28;;;10221;19;10224;27;;;10218.0;0.0
av_WHEAT_d10;20100;ASH_COATED_OSMIUM;9939;14;9935;11;;;9945;7;9948;29;;;9942.0;0.0
av_WHEAT_d10;20100;INTARIAN_PEPPER_ROOT;10214;16;10211;18;;;10220;19;10222;17;;;10217.0;0.0
av_WHEAT_d10;20200;ASH_COATED_OSMIUM;9939;12;9937;13;;;9945;16;9947;18;;;9942.0;0.0
av_WHEAT_d10;20200;INTARIAN_PEPPER_ROOT;10214;15;10210;32;;;10220;18;10223;16;;;10217.0;0.0
av_WHEAT_d10;20300;ASH_COATED_OSMIUM;9937;22;9935;26;;;9948;19;9951;14;;;9942.5;0.0
av_WHEAT_d10;20300;INTARIAN_PEPPER_ROOT;10206;17;10204;16;;;10227;20;10231;25;;;10216.5;0.0
av_WHEAT_d10;20400;ASH_COATED_OSMIUM;9927;8;9925;18;;;9957;18;9961;17;;;9942.0;0.0
av_WHEAT_d10;20400;INTARIAN_PEPPER_ROOT;10214;8;10212;20;;;10220;9;10224;21;;;10217.0;0.0
av_WHEAT_d10;20500;ASH_COATED_OSMIUM;9938;5;9936;14;;;9945;19;9948;21;;;9941.5;0.0
av_WHEAT_d10;20500;INTARIAN_PEPPER_ROOT;10203;7;10199;25;;;10231;18;10233;26;;;10217.0;0.0
av_WHEAT_d10;20600;ASH_COATED_OSMIUM;9939;10;9936;16;;;9945;10;9947;21;;;9942.0;0.0
av_WHEAT_d10;20600;INTARIAN_PEPPER_ROOT;10213;16;10210;23;;;10219;13;10223;16;;;10216.0;0.0
av_WHEAT_d10;20700;ASH_COATED_OSMIUM;9939;8;9937;18;;;9945;18;9947;22;;;9942.0;0.0
av_WHEAT_d10;20700;INTARIAN_PEPPER_ROOT;10214;26;10210;20;;;10220;11;10222;14;;;10217.0;0.0
av_WHEAT_d10;20800;ASH_COATED_OSMIUM;9939;18;9935;23;;;9945;18;9949;24;;;9942.0;0.0
av_WHEAT_d10;20800;INTARIAN_PEPPER_ROOT;10213;14;10211;16;;;10219;14;10222;15;;;10216.0;0.0
av_WHEAT_d10;20900;ASH_COATED_OSMIUM;9938;12;9936;24;;;9945;11;9949;20;;;9941.5;0.0
av_WHEAT_d10;20900;INTARIAN_PEPPER_ROOT;10214;23;10211;31;;;10220;10;10222;18;;;10217.0;0.0
av_WHEAT_d10;21000;ASH_COATED_OSMIUM;9929;22;9925;20;;;9954;5;9957;14;;;9941.5;0.0
av_WHEAT_d10;21000;INTARIAN_PEPPER_ROOT;10213;20;10209;28;;;10219;6;10223;27;;;10216.0;0.0
av_WHEAT_d10;21100;ASH_COATED_OSMIUM;9930;9;9927;20;;;9954;16;9957;18;;;9942.0;0.0
av_WHEAT_d10;21100;INTARIAN_PEPPER_ROOT;10213;5;10210;21;;;10219;9;10221;21;;;10216.0;0.0
av_WHEAT_d10;21200;ASH_COATED_OSMIUM;9939;9;9937;17;;;9945;8;9949;19;;;9942.0;0.0
av_WHEAT_d10;21200;INTARIAN_PEPPER_ROOT;10211;16;10209;17;;;10221;10;10225;13;;;10216.0;0.0
av_WHEAT_d10;21300;ASH_COATED_OSMIUM;9939;15;9935;17;;;9945;17;9948;17;;;9942.0;0.0
av_WHEAT_d10;21300;INTARIAN_PEPPER_ROOT;10210;14;10206;29;;;10223;13;10225;18;;;10216.5;0.0
av_WHEAT_d10;21400;ASH_COATED_OSMIUM;9938;9;9934;19;;;9945;14;9947;25;;;9941.5;0.0
av_WHEAT_d10;21400;INTARIAN_PEPPER_ROOT;10195;14;10192;17;;;10237;21;10239;20;;;10216.0;0.0
av_WHEAT_d10;21500;ASH_COATED_OSMIUM;9937;17;9935;21;;;9946;7;9949;20;;;9941.5;0.0
av_WHEAT_d10;21500;INTARIAN_PEPPER_ROOT;10213;13;10210;13;;;10219;17;10223;24;;;10216.0;0.0
av_WHEAT_d10;21600;ASH_COATED_OSMIUM;9939;16;9936;22;;;9945;7;9947;14;;;9942.0;0.0
av_WHEAT_d10;21600;INTARIAN_PEPPER_ROOT;10213;8;10211;13;;;10219;11;10222;19;;;10216.0;0.0
av_WHEAT_d10;21700;ASH_COATED_OSMIUM;9938;9;9935;24;;;9945;26;9948;12;;;9941.5;0.0
av_WHEAT_d10;21700;INTARIAN_PEPPER_ROOT;10205;9;10203;26;;;10225;7;10228;21;;;10215.0;0.0
av_WHEAT_d10;21800;ASH_COATED_OSMIUM;9939;15;9937;21;;;9945;24;9947;20;;;9942.0;0.0
av_WHEAT_d10;21800;INTARIAN_PEPPER_ROOT;10213;13;10210;28;;;10219;8;10223;25;;;10216.0;0.0
av_WHEAT_d10;21900;ASH_COATED_OSMIUM;9939;21;9937;18;;;9945;13;9947;13;;;9942.0;0.0
av_WHEAT_d10;21900;INTARIAN_PEPPER_ROOT;10213;6;10211;22;;;10219;17;10221;25;;;10216.0;0.0
av_WHEAT_d10;22000;ASH_COATED_OSMIUM;9938;16;9935;20;;;9944;16;9947;20;;;9941.0;0.0
av_WHEAT_d10;22000;INTARIAN_PEPPER_ROOT;10213;10;10211;24;;;10219;21;10223;24;;;10216.0;0.0
av_WHEAT_d10;22100;ASH_COATED_OSMIUM;9938;12;9934;17;;;9944;15;9948;20;;;9941.0;0.0
av_WHEAT_d10;22100;INTARIAN_PEPPER_ROOT;10209;17;10205;26;;;10223;13;10225;21;;;10216.0;0.0
av_WHEAT_d10;22200;ASH_COATED_OSMIUM;9938;19;9935;19;;;9944;21;9946;14;;;9941.0;0.0
av_WHEAT_d10;22200;INTARIAN_PEPPER_ROOT;10213;13;10210;17;;;10219;12;10222;16;;;10216.0;0.0
av_WHEAT_d10;22300;ASH_COATED_OSMIUM;9933;7;9931;16;;;9950;20;9954;24;;;9941.5;0.0
av_WHEAT_d10;22300;INTARIAN_PEPPER_ROOT;10211;21;10207;15;;;10221;16;10223;12;;;10216.0;0.0
av_WHEAT_d10;22400;ASH_COATED_OSMIUM;9938;10;9934;14;;;9944;11;9947;22;;;9941.0;0.0
av_WHEAT_d10;22400;INTARIAN_PEPPER_ROOT;10211;19;10209;20;;;10220;19;10223;29;;;10215.5;0.0
av_WHEAT_d10;22500;ASH_COATED_OSMIUM;9938;18;9935;20;;;9944;17;9946;23;;;9941.0;0.0
av_WHEAT_d10;22500;INTARIAN_PEPPER_ROOT;10212;16;10209;23;;;10218;16;10222;23;;;10215.0;0.0
av_WHEAT_d10;22600;ASH_COATED_OSMIUM;9929;18;9926;21;;;9954;14;9957;23;;;9941.5;0.0
av_WHEAT_d10;22600;INTARIAN_PEPPER_ROOT;10212;15;10209;21;;;10218;15;10220;17;;;10215.0;0.0
av_WHEAT_d10;22700;ASH_COATED_OSMIUM;9938;8;9934;26;;;9944;22;9946;15;;;9941.0;0.0
av_WHEAT_d10;22700;INTARIAN_PEPPER_ROOT;10212;15;10208;27;;;10218;10;10222;22;;;10215.0;0.0
av_WHEAT_d10;22800;ASH_COATED_OSMIUM;9938;23;9935;22;;;9944;19;9946;27;;;9941.0;0.0
av_WHEAT_d10;22800;INTARIAN_PEPPER_ROOT;10211;23;10209;24;;;10217;12;10220;10;;;10214.0;0.0
av_WHEAT_d10;22900;ASH_COATED_OSMIUM;9936;16;9932;15;;;9945;16;9948;18;;;9940.5;0.0
av_WHEAT_d10;22900;INTARIAN_PEPPER_ROOT;10212;9;10208;15;;;10218;9;10220;24;;;10215.0;0.0
av_WHEAT_d10;23000;ASH_COATED_OSMIUM;9934;23;9931;31;;;9948;14;9950;21;;;9941.0;0.0
av_WHEAT_d10;23000;INTARIAN_PEPPER_ROOT;10203;14;10199;16;;;10226;21;10229;11;;;10214.5;0.0
av_WHEAT_d10;23100;ASH_COATED_OSMIUM;9938;25;9934;9;;;9944;6;9946;24;;;9941.0;0.0
av_WHEAT_d10;23100;INTARIAN_PEPPER_ROOT;10212;8;10210;20;;;10218;17;10220;23;;;10215.0;0.0
av_WHEAT_d10;23200;ASH_COATED_OSMIUM;9935;7;9932;12;;;9946;14;9950;16;;;9940.5;0.0
av_WHEAT_d10;23200;INTARIAN_PEPPER_ROOT;10211;15;10207;14;;;10217;15;10219;21;;;10214.0;0.0
av_WHEAT_d10;23300;ASH_COATED_OSMIUM;9934;20;9931;16;;;9948;19;9951;26;;;9941.0;0.0
av_WHEAT_d10;23300;INTARIAN_PEPPER_ROOT;10208;16;10205;13;;;10221;14;10224;13;;;10214.5;0.0
av_WHEAT_d10;23400;ASH_COATED_OSMIUM;9938;17;9936;19;;;9944;20;9948;17;;;9941.0;0.0
av_WHEAT_d10;23400;INTARIAN_PEPPER_ROOT;10211;18;10208;13;;;10217;17;10221;16;;;10214.0;0.0
av_WHEAT_d10;23500;ASH_COATED_OSMIUM;9937;13;9933;21;;;9943;15;9946;17;;;9940.0;0.0
av_WHEAT_d10;23500;INTARIAN_PEPPER_ROOT;10211;14;10209;12;;;10217;12;10221;27;;;10214.0;0.0
av_WHEAT_d10;23600;ASH_COATED_OSMIUM;9938;12;9936;13;;;9944;6;9948;12;;;9941.0;0.0
av_WHEAT_d10;23600;INTARIAN_PEPPER_ROOT;10211;20;10209;11;;;10217;7;10220;23;;;10214.0;0.0
av_WHEAT_d10;23700;ASH_COATED_OSMIUM;9933;14;9930;18;;;9948;11;9952;14;;;9940.5;0.0
av_WHEAT_d10;23700;INTARIAN_PEPPER_ROOT;10212;11;10208;21;;;10218;5;10220;22;;;10215.0;0.0
av_WHEAT_d10;23800;ASH_COATED_OSMIUM;9937;7;9933;17;;;9943;5;9945;15;;;9940.0;0.0
av_WHEAT_d10;23800;INTARIAN_PEPPER_ROOT;10202;19;10199;10;;;10226;23;10228;23;;;10214.0;0.0
av_WHEAT_d10;23900;ASH_COATED_OSMIUM;9937;15;9933;17;;;9943;7;9947;21;;;9940.0;0.0
av_WHEAT_d10;23900;INTARIAN_PEPPER_ROOT;10211;18;10207;26;;;10217;16;10221;18;;;10214.0;0.0
av_WHEAT_d10;24000;ASH_COATED_OSMIUM;9937;15;9933;28;;;9943;23;9945;24;;;9940.0;0.0
av_WHEAT_d10;24000;INTARIAN_PEPPER_ROOT;10211;20;10208;18;;;10217;10;10221;18;;;10214.0;0.0
av_WHEAT_d10;24100;ASH_COATED_OSMIUM;9938;26;9935;21;;;9944;14;9946;14;;;9941.0;0.0
av_WHEAT_d10;24100;INTARIAN_PEPPER_ROOT;10203;13;10201;18;;;10225;17;10227;32;;;10214.0;0.0
av_WHEAT_d10;24200;ASH_COATED_OSMIUM;9937;23;9935;18;;;9943;5;9947;17;;;9940.0;0.0
av_WHEAT_d10;24200;INTARIAN_PEPPER_ROOT;10208;14;10206;25;;;10220;18;10223;30;;;10214.0;0.0
av_WHEAT_d10;24300;ASH_COATED_OSMIUM;9937;17;9935;24;;;9943;23;9945;25;;;9940.0;0.0
av_WHEAT_d10;24300;INTARIAN_PEPPER_ROOT;10209;18;10205;17;;;10219;19;10222;22;;;10214.0;0.0
av_WHEAT_d10;24400;ASH_COATED_OSMIUM;9936;15;9934;8;;;9944;11;9948;11;;;9940.0;0.0
av_WHEAT_d10;24400;INTARIAN_PEPPER_ROOT;10209;19;10207;18;;;10217;14;10220;9;;;10213.0;0.0
av_WHEAT_d10;24500;ASH_COATED_OSMIUM;9933;22;9929;18;;;9947;5;9950;19;;;9940.0;0.0
av_WHEAT_d10;24500;INTARIAN_PEPPER_ROOT;10210;15;10206;14;;;10216;19;10218;22;;;10213.0;0.0
av_WHEAT_d10;24600;ASH_COATED_OSMIUM;9937;14;9934;25;;;9943;11;9946;19;;;9940.0;0.0
av_WHEAT_d10;24600;INTARIAN_PEPPER_ROOT;10211;7;10209;26;;;10217;12;10219;16;;;10214.0;0.0
av_WHEAT_d10;24700;ASH_COATED_OSMIUM;9937;11;9934;17;;;9943;24;9945;17;;;9940.0;0.0
av_WHEAT_d10;24700;INTARIAN_PEPPER_ROOT;10206;22;10203;16;;;10221;9;10223;18;;;10213.5;0.0
av_WHEAT_d10;24800;ASH_COATED_OSMIUM;9937;9;9934;33;;;9943;23;9946;21;;;9940.0;0.0
av_WHEAT_d10;24800;INTARIAN_PEPPER_ROOT;10210;16;10208;10;;;10216;12;10219;18;;;10213.0;0.0
av_WHEAT_d10;24900;ASH_COATED_OSMIUM;9937;24;9934;16;;;9943;14;9946;13;;;9940.0;0.0
av_WHEAT_d10;24900;INTARIAN_PEPPER_ROOT;10203;19;10200;17;;;10222;7;10225;20;;;10212.5;0.0
av_WHEAT_d10;25000;ASH_COATED_OSMIUM;9937;11;9934;11;;;9943;19;9946;19;;;9940.0;0.0
av_WHEAT_d10;25000;INTARIAN_PEPPER_ROOT;10208;5;10204;18;;;10218;19;10222;19;;;10213.0;0.0
av_WHEAT_d10;25100;ASH_COATED_OSMIUM;9937;13;9934;10;;;9943;11;9947;23;;;9940.0;0.0
av_WHEAT_d10;25100;INTARIAN_PEPPER_ROOT;10210;19;10206;16;;;10216;17;10220;24;;;10213.0;0.0
av_WHEAT_d10;25200;ASH_COATED_OSMIUM;9937;15;9935;13;;;9943;12;9947;19;;;9940.0;0.0
av_WHEAT_d10;25200;INTARIAN_PEPPER_ROOT;10210;6;10206;17;;;10216;8;10219;13;;;10213.0;0.0
av_WHEAT_d10;25300;ASH_COATED_OSMIUM;9937;14;9934;21;;;9943;16;9947;19;;;9940.0;0.0
av_WHEAT_d10;25300;INTARIAN_PEPPER_ROOT;10208;20;10204;17;;;10218;15;10221;18;;;10213.0;0.0
av_WHEAT_d10;25400;ASH_COATED_OSMIUM;9931;21;9928;22;;;9948;14;9952;31;;;9939.5;0.0
av_WHEAT_d10;25400;INTARIAN_PEPPER_ROOT;10209;15;10207;16;;;10215;17;10217;25;;;10212.0;0.0
av_WHEAT_d10;25500;ASH_COATED_OSMIUM;9935;19;9931;11;;;9945;16;9949;22;;;9940.0;0.0
av_WHEAT_d10;25500;INTARIAN_PEPPER_ROOT;10210;7;10206;18;;;10216;18;10218;19;;;10213.0;0.0
av_WHEAT_d10;25600;ASH_COATED_OSMIUM;9925;16;9923;19;;;9954;16;9957;24;;;9939.5;0.0
av_WHEAT_d10;25600;INTARIAN_PEPPER_ROOT;10206;10;10202;22;;;10219;24;10221;25;;;10212.5;0.0
av_WHEAT_d10;25700;ASH_COATED_OSMIUM;9936;25;9934;18;;;9942;8;9945;19;;;9939.0;0.0
av_WHEAT_d10;25700;INTARIAN_PEPPER_ROOT;10209;8;10207;26;;;10216;10;10219;14;;;10212.5;0.0
av_WHEAT_d10;25800;ASH_COATED_OSMIUM;9936;28;9932;24;;;9943;7;9946;10;;;9939.5;0.0
av_WHEAT_d10;25800;INTARIAN_PEPPER_ROOT;10204;18;10202;18;;;10220;18;10222;19;;;10212.0;0.0
av_WHEAT_d10;25900;ASH_COATED_OSMIUM;9929;7;9926;14;;;9950;11;9952;31;;;9939.5;0.0
av_WHEAT_d10;25900;INTARIAN_PEPPER_ROOT;10209;15;10205;22;;;10215;15;10219;19;;;10212.0;0.0
av_WHEAT_d10;26000;ASH_COATED_OSMIUM;9937;17;9933;31;;;9943;15;9945;8;;;9940.0;0.0
av_WHEAT_d10;26000;INTARIAN_PEPPER_ROOT;10209;12;10207;25;;;10215;8;10219;17;;;10212.0;0.0
av_WHEAT_d10;26100;ASH_COATED_OSMIUM;9936;5;9934;19;;;9942;12;9945;15;;;9939.0;0.0
av_WHEAT_d10;26100;INTARIAN_PEPPER_ROOT;10198;15;10196;22;;;10224;14;10228;28;;;10211.0;0.0
av_WHEAT_d10;26200;ASH_COATED_OSMIUM;9934;21;9931;22;;;9944;15;9947;14;;;9939.0;0.0
av_WHEAT_d10;26200;INTARIAN_PEPPER_ROOT;10209;16;10206;19;;;10215;14;10218;17;;;10212.0;0.0
av_WHEAT_d10;26300;ASH_COATED_OSMIUM;9935;6;9932;19;;;9942;11;9946;26;;;9938.5;0.0
av_WHEAT_d10;26300;INTARIAN_PEPPER_ROOT;10208;12;10206;20;;;10215;8;10218;11;;;10211.5;0.0
av_WHEAT_d10;26400;ASH_COATED_OSMIUM;9935;13;9932;15;;;9943;27;9946;16;;;9939.0;0.0
av_WHEAT_d10;26400;INTARIAN_PEPPER_ROOT;10205;22;10201;14;;;10218;11;10220;13;;;10211.5;0.0
av_WHEAT_d10;26500;ASH_COATED_OSMIUM;9936;7;9934;25;;;9942;18;9945;18;;;9939.0;0.0
av_WHEAT_d10;26500;INTARIAN_PEPPER_ROOT;10209;23;10206;18;;;10215;15;10217;19;;;10212.0;0.0
av_WHEAT_d10;26600;ASH_COATED_OSMIUM;9937;22;9935;21;;;9943;17;9945;25;;;9940.0;0.0
av_WHEAT_d10;26600;INTARIAN_PEPPER_ROOT;10209;10;10206;20;;;10215;18;10218;20;;;10212.0;0.0
av_WHEAT_d10;26700;ASH_COATED_OSMIUM;9936;17;9934;23;;;9942;12;9945;12;;;9939.0;0.0
av_WHEAT_d10;26700;INTARIAN_PEPPER_ROOT;10206;16;10203;22;;;10215;15;10218;19;;;10210.5;0.0
av_WHEAT_d10;26800;ASH_COATED_OSMIUM;9936;14;9933;25;;;9943;16;9945;22;;;9939.5;0.0
av_WHEAT_d10;26800;INTARIAN_PEPPER_ROOT;10201;24;10198;26;;;10222;12;10225;16;;;10211.5;0.0
av_WHEAT_d10;26900;ASH_COATED_OSMIUM;9935;17;9933;8;;;9943;18;9946;14;;;9939.0;0.0
av_WHEAT_d10;26900;INTARIAN_PEPPER_ROOT;10208;16;10204;23;;;10214;8;10218;22;;;10211.0;0.0
av_WHEAT_d10;27000;ASH_COATED_OSMIUM;9936;24;9934;14;;;9942;7;9944;20;;;9939.0;0.0
av_WHEAT_d10;27000;INTARIAN_PEPPER_ROOT;10206;16;10202;23;;;10216;17;10220;17;;;10211.0;0.0
av_WHEAT_d10;27100;ASH_COATED_OSMIUM;9936;16;9934;22;;;9942;13;9945;18;;;9939.0;0.0
av_WHEAT_d10;27100;INTARIAN_PEPPER_ROOT;10208;14;10204;25;;;10214;20;10217;16;;;10211.0;0.0
av_WHEAT_d10;27200;ASH_COATED_OSMIUM;9935;8;9932;17;;;9941;10;9943;20;;;9938.0;0.0
av_WHEAT_d10;27200;INTARIAN_PEPPER_ROOT;10208;12;10204;26;;;10214;16;10218;11;;;10211.0;0.0
av_WHEAT_d10;27300;ASH_COATED_OSMIUM;9921;16;9917;21;;;9958;14;9962;25;;;9939.5;0.0
av_WHEAT_d10;27300;INTARIAN_PEPPER_ROOT;10208;18;10206;17;;;10215;16;10218;20;;;10211.5;0.0
av_WHEAT_d10;27400;ASH_COATED_OSMIUM;9932;16;9929;13;;;9946;13;9948;16;;;9939.0;0.0
av_WHEAT_d10;27400;INTARIAN_PEPPER_ROOT;10207;17;10204;19;;;10213;13;10217;28;;;10210.0;0.0
av_WHEAT_d10;27500;ASH_COATED_OSMIUM;9936;18;9934;8;;;9942;16;9944;20;;;9939.0;0.0
av_WHEAT_d10;27500;INTARIAN_PEPPER_ROOT;10208;11;10205;18;;;10214;5;10218;22;;;10211.0;0.0
av_WHEAT_d10;27600;ASH_COATED_OSMIUM;9932;24;9929;15;;;9945;8;9947;23;;;9938.5;0.0
av_WHEAT_d10;27600;INTARIAN_PEPPER_ROOT;10208;19;10206;8;;;10214;10;10217;24;;;10211.0;0.0
av_WHEAT_d10;27700;ASH_COATED_OSMIUM;9935;19;9931;23;;;9941;16;9944;20;;;9938.0;0.0
av_WHEAT_d10;27700;INTARIAN_PEPPER_ROOT;10203;14;10199;21;;;10217;19;10221;22;;;10210.0;0.0
av_WHEAT_d10;27800;ASH_COATED_OSMIUM;9935;12;9933;9;;;9941;10;9945;14;;;9938.0;0.0
av_WHEAT_d10;27800;INTARIAN_PEPPER_ROOT;10207;15;10205;14;;;10213;19;10216;17;;;10210.0;0.0
av_WHEAT_d10;27900;ASH_COATED_OSMIUM;9934;9;9930;12;;;9943;14;9946;25;;;9938.5;0.0
av_WHEAT_d10;27900;INTARIAN_PEPPER_ROOT;10201;14;10197;20;;;10221;16;10224;10;;;10211.0;0.0
av_WHEAT_d10;28000;ASH_COATED_OSMIUM;9936;14;9933;16;;;9942;16;9945;16;;;9939.0;0.0
av_WHEAT_d10;28000;INTARIAN_PEPPER_ROOT;10207;16;10204;23;;;10213;21;10217;23;;;10210.0;0.0
av_WHEAT_d10;28100;ASH_COATED_OSMIUM;9936;19;9932;21;;;9942;21;9945;28;;;9939.0;0.0
av_WHEAT_d10;28100;INTARIAN_PEPPER_ROOT;10206;15;10203;22;;;10214;8;10216;19;;;10210.0;0.0
av_WHEAT_d10;28200;ASH_COATED_OSMIUM;9935;19;9933;14;;;9941;17;9943;22;;;9938.0;0.0
av_WHEAT_d10;28200;INTARIAN_PEPPER_ROOT;10207;19;10204;14;;;10213;17;10217;8;;;10210.0;0.0
av_WHEAT_d10;28300;ASH_COATED_OSMIUM;9935;5;9933;19;;;9941;10;9943;21;;;9938.0;0.0
av_WHEAT_d10;28300;INTARIAN_PEPPER_ROOT;10207;17;10203;22;;;10213;20;10217;16;;;10210.0;0.0
av_WHEAT_d10;28400;ASH_COATED_OSMIUM;9935;19;9933;23;;;9942;7;9945;18;;;9938.5;0.0
av_WHEAT_d10;28400;INTARIAN_PEPPER_ROOT;10207;12;10204;21;;;10213;19;10217;11;;;10210.0;0.0
av_WHEAT_d10;28500;ASH_COATED_OSMIUM;9935;18;9932;14;;;9941;15;9944;19;;;9938.0;0.0
av_WHEAT_d10;28500;INTARIAN_PEPPER_ROOT;10207;11;10204;23;;;10213;8;10216;19;;;10210.0;0.0
av_WHEAT_d10;28600;ASH_COATED_OSMIUM;9935;21;9932;10;;;9941;10;9943;22;;;9938.0;0.0
av_WHEAT_d10;28600;INTARIAN_PEPPER_ROOT;10202;21;10200;24;;;10218;20;10220;18;;;10210.0;0.0
av_WHEAT_d10;28700;ASH_COATED_OSMIUM;9934;14;9931;28;;;9941;11;9944;25;;;9937.5;0.0
av_WHEAT_d10;28700;INTARIAN_PEPPER_ROOT;10203;23;10199;15;;;10215;17;10217;14;;;10209.0;0.0
av_WHEAT_d10;28800;ASH_COATED_OSMIUM;9932;27;9930;21;;;9945;10;9947;15;;;9938.5;0.0
av_WHEAT_d10;28800;INTARIAN_PEPPER_ROOT;10207;21;10204;17;;;10213;20;10217;18;;;10210.0;0.0
av_WHEAT_d10;28900;ASH_COATED_OSMIUM;9935;7;9931;25;;;9943;17;9945;22;;;9939.0;0.0
av_WHEAT_d10;28900;INTARIAN_PEPPER_ROOT;10204;8;10201;17;;;10215;16;10218;20;;;10209.5;0.0
av_WHEAT_d10;29000;ASH_COATED_OSMIUM;9935;6;9932;23;;;9941;14;9945;17;;;9938.0;0.0
av_WHEAT_d10;29000;INTARIAN_PEPPER_ROOT;10206;12;10203;18;;;10212;13;10215;14;;;10209.0;0.0
av_WHEAT_d10;29100;ASH_COATED_OSMIUM;9933;18;9930;18;;;9943;7;9945;14;;;9938.0;0.0
av_WHEAT_d10;29100;INTARIAN_PEPPER_ROOT;10206;8;10202;16;;;10214;8;10216;19;;;10210.0;0.0
av_WHEAT_d10;29200;ASH_COATED_OSMIUM;9935;15;9931;16;;;9941;5;9943;12;;;9938.0;0.0
av_WHEAT_d10;29200;INTARIAN_PEPPER_ROOT;10198;24;10196;21;;;10221;13;10223;21;;;10209.5;0.0
av_WHEAT_d10;29300;ASH_COATED_OSMIUM;9935;6;9933;25;;;9941;18;9944;24;;;9938.0;0.0
av_WHEAT_d10;29300;INTARIAN_PEPPER_ROOT;10206;21;10204;25;;;10212;22;10215;20;;;10209.0;0.0
av_WHEAT_d10;29400;ASH_COATED_OSMIUM;9934;18;9930;15;;;9941;15;9944;17;;;9937.5;0.0
av_WHEAT_d10;29400;INTARIAN_PEPPER_ROOT;10190;18;10187;21;;;10228;22;10230;14;;;10209.0;0.0
av_WHEAT_d10;29500;ASH_COATED_OSMIUM;9932;19;9928;16;;;9942;6;9946;9;;;9937.0;0.0
av_WHEAT_d10;29500;INTARIAN_PEPPER_ROOT;10204;13;10200;19;;;10215;14;10218;22;;;10209.5;0.0
av_WHEAT_d10;29600;ASH_COATED_OSMIUM;9934;8;9932;19;;;9940;7;9942;13;;;9937.0;0.0
av_WHEAT_d10;29600;INTARIAN_PEPPER_ROOT;10206;15;10203;24;;;10212;13;10215;26;;;10209.0;0.0
av_WHEAT_d10;29700;ASH_COATED_OSMIUM;9931;8;9927;16;;;9944;17;9946;24;;;9937.5;0.0
av_WHEAT_d10;29700;INTARIAN_PEPPER_ROOT;10206;9;10204;23;;;10212;10;10215;18;;;10209.0;0.0
av_WHEAT_d10;29800;ASH_COATED_OSMIUM;9931;18;9929;13;;;9943;21;9945;27;;;9937.0;0.0
av_WHEAT_d10;29800;INTARIAN_PEPPER_ROOT;10206;10;10204;24;;;10212;12;10214;15;;;10209.0;0.0
av_WHEAT_d10;29900;ASH_COATED_OSMIUM;9932;12;9928;28;;;9944;15;9946;21;;;9938.0;0.0
av_WHEAT_d10;29900;INTARIAN_PEPPER_ROOT;10202;10;10198;24;;;10216;10;10220;17;;;10209.0;0.0
av_WHEAT_d10;30000;ASH_COATED_OSMIUM;9935;15;9931;25;;;9941;12;9943;17;;;9938.0;0.0
av_WHEAT_d10;30000;INTARIAN_PEPPER_ROOT;10205;14;10201;18;;;10211;19;10215;25;;;10208.0;0.0
av_WHEAT_d10;30100;ASH_COATED_OSMIUM;9935;21;9933;15;;;9941;13;9943;21;;;9938.0;0.0
av_WHEAT_d10;30100;INTARIAN_PEPPER_ROOT;10205;11;10201;10;;;10211;12;10213;16;;;10208.0;0.0
av_WHEAT_d10;30200;ASH_COATED_OSMIUM;9935;14;9933;17;;;9941;5;9945;26;;;9938.0;0.0
av_WHEAT_d10;30200;INTARIAN_PEPPER_ROOT;10205;15;10201;9;;;10211;14;10214;18;;;10208.0;0.0
av_WHEAT_d10;30300;ASH_COATED_OSMIUM;9929;10;9927;22;;;9946;10;9949;17;;;9937.5;0.0
av_WHEAT_d10;30300;INTARIAN_PEPPER_ROOT;10205;21;10202;14;;;10211;14;10215;17;;;10208.0;0.0
av_WHEAT_d10;30400;ASH_COATED_OSMIUM;9923;5;9921;15;;;9951;21;9953;11;;;9937.0;0.0
av_WHEAT_d10;30400;INTARIAN_PEPPER_ROOT;10205;7;10203;28;;;10211;14;10213;15;;;10208.0;0.0
av_WHEAT_d10;30500;ASH_COATED_OSMIUM;9934;18;9931;20;;;9940;17;9942;21;;;9937.0;0.0
av_WHEAT_d10;30500;INTARIAN_PEPPER_ROOT;10205;18;10201;14;;;10211;11;10213;25;;;10208.0;0.0
av_WHEAT_d10;30600;ASH_COATED_OSMIUM;9925;10;9922;9;;;9948;23;9951;15;;;9936.5;0.0
av_WHEAT_d10;30600;INTARIAN_PEPPER_ROOT;10206;14;10203;23;;;10212;23;10215;17;;;10209.0;0.0
av_WHEAT_d10;30700;ASH_COATED_OSMIUM;9930;15;9926;19;;;9944;17;9948;12;;;9937.0;0.0
av_WHEAT_d10;30700;INTARIAN_PEPPER_ROOT;10205;10;10203;15;;;10211;9;10213;27;;;10208.0;0.0
av_WHEAT_d10;30800;ASH_COATED_OSMIUM;9934;19;9932;22;;;9940;19;9943;27;;;9937.0;0.0
av_WHEAT_d10;30800;INTARIAN_PEPPER_ROOT;10205;14;10201;31;;;10213;20;10217;22;;;10209.0;0.0
av_WHEAT_d10;30900;ASH_COATED_OSMIUM;9934;19;9930;24;;;9940;6;9942;23;;;9937.0;0.0
av_WHEAT_d10;30900;INTARIAN_PEPPER_ROOT;10203;10;10201;30;;;10212;25;10215;23;;;10207.5;0.0
av_WHEAT_d10;31000;ASH_COATED_OSMIUM;9934;12;9930;19;;;9940;25;9944;11;;;9937.0;0.0
av_WHEAT_d10;31000;INTARIAN_PEPPER_ROOT;10204;17;10202;13;;;10211;18;10215;21;;;10207.5;0.0
av_WHEAT_d10;31100;ASH_COATED_OSMIUM;9934;16;9932;19;;;9940;9;9942;20;;;9937.0;0.0
av_WHEAT_d10;31100;INTARIAN_PEPPER_ROOT;10204;9;10201;14;;;10212;13;10214;20;;;10208.0;0.0
av_WHEAT_d10;31200;ASH_COATED_OSMIUM;9934;8;9932;18;;;9940;12;9943;12;;;9937.0;0.0
av_WHEAT_d10;31200;INTARIAN_PEPPER_ROOT;10201;18;10197;15;;;10213;16;10216;13;;;10207.0;0.0
av_WHEAT_d10;31300;ASH_COATED_OSMIUM;9934;13;9932;19;;;9940;12;9944;14;;;9937.0;0.0
av_WHEAT_d10;31300;INTARIAN_PEPPER_ROOT;10205;7;10201;16;;;10211;22;10214;22;;;10208.0;0.0
av_WHEAT_d10;31400;ASH_COATED_OSMIUM;9934;20;9931;27;;;9940;16;9943;18;;;9937.0;0.0
av_WHEAT_d10;31400;INTARIAN_PEPPER_ROOT;10205;11;10201;20;;;10211;13;10214;31;;;10208.0;0.0
av_WHEAT_d10;31500;ASH_COATED_OSMIUM;9934;14;9931;18;;;9940;17;9942;18;;;9937.0;0.0
av_WHEAT_d10;31500;INTARIAN_PEPPER_ROOT;10203;8;10199;26;;;10210;16;10213;21;;;10206.5;0.0
av_WHEAT_d10;31600;ASH_COATED_OSMIUM;9934;14;9930;11;;;9940;20;9942;23;;;9937.0;0.0
av_WHEAT_d10;31600;INTARIAN_PEPPER_ROOT;10195;20;10192;15;;;10220;8;10224;18;;;10207.5;0.0
av_WHEAT_d10;31700;ASH_COATED_OSMIUM;9934;14;9930;9;;;9940;15;9942;15;;;9937.0;0.0
av_WHEAT_d10;31700;INTARIAN_PEPPER_ROOT;10185;20;10182;18;;;10229;17;10231;20;;;10207.0;0.0
av_WHEAT_d10;31800;ASH_COATED_OSMIUM;9934;20;9930;17;;;9940;16;9943;17;;;9937.0;0.0
av_WHEAT_d10;31800;INTARIAN_PEPPER_ROOT;10194;17;10190;19;;;10221;12;10224;13;;;10207.5;0.0
av_WHEAT_d10;31900;ASH_COATED_OSMIUM;9934;15;9932;16;;;9940;19;9943;18;;;9937.0;0.0
av_WHEAT_d10;31900;INTARIAN_PEPPER_ROOT;10204;15;10202;19;;;10210;11;10213;23;;;10207.0;0.0
av_WHEAT_d10;32000;ASH_COATED_OSMIUM;9934;12;9932;19;;;9940;18;9942;30;;;9937.0;0.0
av_WHEAT_d10;32000;INTARIAN_PEPPER_ROOT;10204;18;10201;14;;;10210;13;10212;18;;;10207.0;0.0
av_WHEAT_d10;32100;ASH_COATED_OSMIUM;9934;20;9930;17;;;9940;15;9944;20;;;9937.0;0.0
av_WHEAT_d10;32100;INTARIAN_PEPPER_ROOT;10204;11;10202;22;;;10210;23;10213;21;;;10207.0;0.0
av_WHEAT_d10;32200;ASH_COATED_OSMIUM;9934;14;9931;19;;;9940;5;9943;13;;;9937.0;0.0
av_WHEAT_d10;32200;INTARIAN_PEPPER_ROOT;10204;7;10200;23;;;10210;15;10214;24;;;10207.0;0.0
av_WHEAT_d10;32300;ASH_COATED_OSMIUM;9925;6;9921;15;;;9949;22;9951;17;;;9937.0;0.0
av_WHEAT_d10;32300;INTARIAN_PEPPER_ROOT;10203;11;10201;31;;;10209;16;10213;20;;;10206.0;0.0
av_WHEAT_d10;32400;ASH_COATED_OSMIUM;9931;25;9928;12;;;9943;12;9945;22;;;9937.0;0.0
av_WHEAT_d10;32400;INTARIAN_PEPPER_ROOT;10204;16;10202;20;;;10210;19;10214;16;;;10207.0;0.0
av_WHEAT_d10;32500;ASH_COATED_OSMIUM;9932;9;9930;16;;;9939;14;9943;28;;;9935.5;0.0
av_WHEAT_d10;32500;INTARIAN_PEPPER_ROOT;10204;16;10200;22;;;10210;7;10214;29;;;10207.0;0.0
av_WHEAT_d10;32600;ASH_COATED_OSMIUM;9934;11;9930;10;;;9940;13;9942;8;;;9937.0;0.0
av_WHEAT_d10;32600;INTARIAN_PEPPER_ROOT;10203;7;10201;16;;;10209;11;10211;19;;;10206.0;0.0
av_WHEAT_d10;32700;ASH_COATED_OSMIUM;9932;10;9929;17;;;9940;18;9944;21;;;9936.0;0.0
av_WHEAT_d10;32700;INTARIAN_PEPPER_ROOT;10203;12;10200;20;;;10209;18;10213;21;;;10206.0;0.0
av_WHEAT_d10;32800;ASH_COATED_OSMIUM;9928;13;9925;20;;;9945;22;9948;19;;;9936.5;0.0
av_WHEAT_d10;32800;INTARIAN_PEPPER_ROOT;10203;9;10201;25;;;10209;18;10212;20;;;10206.0;0.0
av_WHEAT_d10;32900;ASH_COATED_OSMIUM;9933;11;9931;17;;;9939;15;9941;19;;;9936.0;0.0
av_WHEAT_d10;32900;INTARIAN_PEPPER_ROOT;10202;14;10199;27;;;10211;14;10214;16;;;10206.5;0.0
av_WHEAT_d10;33000;ASH_COATED_OSMIUM;9932;16;9930;30;;;9940;10;9942;28;;;9936.0;0.0
av_WHEAT_d10;33000;INTARIAN_PEPPER_ROOT;10200;11;10196;16;;;10211;16;10215;15;;;10205.5;0.0
av_WHEAT_d10;33100;ASH_COATED_OSMIUM;9931;6;9928;12;;;9941;11;9944;20;;;9936.0;0.0
av_WHEAT_d10;33100;INTARIAN_PEPPER_ROOT;10201;18;10197;13;;;10210;11;10213;23;;;10205.5;0.0
av_WHEAT_d10;33200;ASH_COATED_OSMIUM;9933;18;9931;26;;;9939;9;9942;24;;;9936.0;0.0
av_WHEAT_d10;33200;INTARIAN_PEPPER_ROOT;10203;10;10200;13;;;10209;19;10212;20;;;10206.0;0.0
av_WHEAT_d10;33300;ASH_COATED_OSMIUM;9933;15;9931;21;;;9939;11;9943;8;;;9936.0;0.0
av_WHEAT_d10;33300;INTARIAN_PEPPER_ROOT;10202;18;10198;24;;;10210;13;10214;23;;;10206.0;0.0
av_WHEAT_d10;33400;ASH_COATED_OSMIUM;9933;11;9930;13;;;9939;8;9941;23;;;9936.0;0.0
av_WHEAT_d10;33400;INTARIAN_PEPPER_ROOT;10203;15;10201;20;;;10209;17;10211;16;;;10206.0;0.0
av_WHEAT_d10;33500;ASH_COATED_OSMIUM;9933;6;9930;23;;;9939;8;9942;16;;;9936.0;0.0
av_WHEAT_d10;33500;INTARIAN_PEPPER_ROOT;10203;7;10199;19;;;10209;18;10213;18;;;10206.0;0.0
av_WHEAT_d10;33600;ASH_COATED_OSMIUM;9931;19;9927;22;;;9940;15;9944;20;;;9935.5;0.0
av_WHEAT_d10;33600;INTARIAN_PEPPER_ROOT;10203;17;10200;8;;;10209;17;10212;18;;;10206.0;0.0
av_WHEAT_d10;33700;ASH_COATED_OSMIUM;9932;11;9929;18;;;9940;14;9944;26;;;9936.0;0.0
av_WHEAT_d10;33700;INTARIAN_PEPPER_ROOT;10203;12;10199;19;;;10209;12;10211;20;;;10206.0;0.0
av_WHEAT_d10;33800;ASH_COATED_OSMIUM;9933;18;9931;15;;;9939;19;9941;18;;;9936.0;0.0
av_WHEAT_d10;33800;INTARIAN_PEPPER_ROOT;10202;18;10200;15;;;10208;15;10212;23;;;10205.0;0.0
av_WHEAT_d10;33900;ASH_COATED_OSMIUM;9933;6;9929;16;;;9939;16;9943;21;;;9936.0;0.0
av_WHEAT_d10;33900;INTARIAN_PEPPER_ROOT;10200;17;10198;24;;;10210;13;10213;13;;;10205.0;0.0
av_WHEAT_d10;34000;ASH_COATED_OSMIUM;9932;19;9929;13;;;9939;19;9943;17;;;9935.5;0.0
av_WHEAT_d10;34000;INTARIAN_PEPPER_ROOT;10190;16;10187;13;;;10219;10;10222;19;;;10204.5;0.0
av_WHEAT_d10;34100;ASH_COATED_OSMIUM;9932;11;9929;20;;;9938;9;9941;11;;;9935.0;0.0
av_WHEAT_d10;34100;INTARIAN_PEPPER_ROOT;10201;15;10199;22;;;10207;15;10211;24;;;10204.0;0.0
av_WHEAT_d10;34200;ASH_COATED_OSMIUM;9933;19;9929;25;;;9939;19;9943;25;;;9936.0;0.0
av_WHEAT_d10;34200;INTARIAN_PEPPER_ROOT;10200;17;10196;8;;;10206;16;10210;24;;;10203.0;0.0
av_WHEAT_d10;34300;ASH_COATED_OSMIUM;9933;7;9931;17;;;9940;13;9943;14;;;9936.5;0.0
av_WHEAT_d10;34300;INTARIAN_PEPPER_ROOT;10200;12;10197;21;;;10206;15;10210;19;;;10203.0;0.0
av_WHEAT_d10;34400;ASH_COATED_OSMIUM;9932;17;9930;16;;;9938;11;9942;29;;;9935.0;0.0
av_WHEAT_d10;34400;INTARIAN_PEPPER_ROOT;10197;18;10193;14;;;10206;9;10209;17;;;10201.5;0.0
av_WHEAT_d10;34500;ASH_COATED_OSMIUM;9933;16;9930;17;;;9939;14;9943;19;;;9936.0;0.0
av_WHEAT_d10;34500;INTARIAN_PEPPER_ROOT;10196;14;10194;19;;;10205;20;10207;18;;;10200.5;0.0
av_WHEAT_d10;34600;ASH_COATED_OSMIUM;9923;18;9919;23;;;9950;12;9953;15;;;9936.5;0.0
av_WHEAT_d10;34600;INTARIAN_PEPPER_ROOT;10197;22;10195;15;;;10203;17;10205;17;;;10200.0;0.0
av_WHEAT_d10;34700;ASH_COATED_OSMIUM;9932;12;9928;12;;;9941;14;9944;26;;;9936.5;0.0
av_WHEAT_d10;34700;INTARIAN_PEPPER_ROOT;10196;8;10194;21;;;10202;7;10206;28;;;10199.0;0.0
av_WHEAT_d10;34800;ASH_COATED_OSMIUM;9928;17;9924;16;;;9945;7;9949;29;;;9936.5;0.0
av_WHEAT_d10;34800;INTARIAN_PEPPER_ROOT;10186;18;10182;19;;;10211;20;10215;14;;;10198.5;0.0
av_WHEAT_d10;34900;ASH_COATED_OSMIUM;9925;19;9922;16;;;9949;22;9953;27;;;9937.0;0.0
av_WHEAT_d10;34900;INTARIAN_PEPPER_ROOT;10194;22;10191;27;;;10202;11;10204;16;;;10198.0;0.0
av_WHEAT_d10;35000;ASH_COATED_OSMIUM;9933;25;9930;16;;;9939;15;9942;28;;;9936.0;0.0
av_WHEAT_d10;35000;INTARIAN_PEPPER_ROOT;10191;16;10187;29;;;10203;13;10206;21;;;10197.0;0.0
av_WHEAT_d10;35100;ASH_COATED_OSMIUM;9934;10;9930;14;;;9940;15;9942;23;;;9937.0;0.0
av_WHEAT_d10;35100;INTARIAN_PEPPER_ROOT;10189;18;10186;22;;;10203;12;10207;17;;;10196.0;0.0
av_WHEAT_d10;35200;ASH_COATED_OSMIUM;9932;15;9929;16;;;9942;9;9946;22;;;9937.0;0.0
av_WHEAT_d10;35200;INTARIAN_PEPPER_ROOT;10184;14;10181;22;;;10207;11;10210;30;;;10195.5;0.0
av_WHEAT_d10;35300;ASH_COATED_OSMIUM;9930;13;9927;24;;;9944;26;9948;24;;;9937.0;0.0
av_WHEAT_d10;35300;INTARIAN_PEPPER_ROOT;10190;10;10186;23;;;10199;19;10203;27;;;10194.5;0.0
av_WHEAT_d10;35400;ASH_COATED_OSMIUM;9931;17;9928;21;;;9941;8;9945;19;;;9936.0;0.0
av_WHEAT_d10;35400;INTARIAN_PEPPER_ROOT;10191;20;10187;20;;;10197;23;10200;23;;;10194.0;0.0
av_WHEAT_d10;35500;ASH_COATED_OSMIUM;9934;10;9930;11;;;9940;10;9944;21;;;9937.0;0.0
av_WHEAT_d10;35500;INTARIAN_PEPPER_ROOT;10190;9;10187;10;;;10196;16;10198;16;;;10193.0;0.0
av_WHEAT_d10;35600;ASH_COATED_OSMIUM;9933;19;9930;16;;;9941;17;9944;24;;;9937.0;0.0
av_WHEAT_d10;35600;INTARIAN_PEPPER_ROOT;10178;20;10176;23;;;10208;5;10211;19;;;10193.0;0.0
av_WHEAT_d10;35700;ASH_COATED_OSMIUM;9934;9;9930;17;;;9940;14;9943;19;;;9937.0;0.0
av_WHEAT_d10;35700;INTARIAN_PEPPER_ROOT;10189;9;10186;24;;;10195;22;10199;23;;;10192.0;0.0
av_WHEAT_d10;35800;ASH_COATED_OSMIUM;9934;20;9931;22;;;9940;15;9943;17;;;9937.0;0.0
av_WHEAT_d10;35800;INTARIAN_PEPPER_ROOT;10185;7;10182;21;;;10196;24;10200;21;;;10190.5;0.0
av_WHEAT_d10;35900;ASH_COATED_OSMIUM;9935;22;9931;15;;;9941;20;9945;21;;;9938.0;0.0
av_WHEAT_d10;35900;INTARIAN_PEPPER_ROOT;10175;11;10172;24;;;10206;12;10210;15;;;10190.5;0.0
av_WHEAT_d10;36000;ASH_COATED_OSMIUM;9934;9;9932;22;;;9940;22;9942;15;;;9937.0;0.0
av_WHEAT_d10;36000;INTARIAN_PEPPER_ROOT;10186;15;10183;18;;;10192;17;10195;21;;;10189.0;0.0
av_WHEAT_d10;36100;ASH_COATED_OSMIUM;9934;17;9930;23;;;9940;19;9942;23;;;9937.0;0.0
av_WHEAT_d10;36100;INTARIAN_PEPPER_ROOT;10185;15;10182;20;;;10193;13;10196;23;;;10189.0;0.0
av_WHEAT_d10;36200;ASH_COATED_OSMIUM;9931;16;9929;27;;;9944;16;9948;32;;;9937.5;0.0
av_WHEAT_d10;36200;INTARIAN_PEPPER_ROOT;10181;25;10179;18;;;10194;10;10196;26;;;10187.5;0.0
av_WHEAT_d10;36300;ASH_COATED_OSMIUM;9934;7;9930;23;;;9940;5;9943;20;;;9937.0;0.0
av_WHEAT_d10;36300;INTARIAN_PEPPER_ROOT;10184;8;10182;23;;;10190;18;10192;18;;;10187.0;0.0
av_WHEAT_d10;36400;ASH_COATED_OSMIUM;9932;14;9928;11;;;9943;18;9946;17;;;9937.5;0.0
av_WHEAT_d10;36400;INTARIAN_PEPPER_ROOT;10184;11;10181;22;;;10190;10;10193;14;;;10187.0;0.0
av_WHEAT_d10;36500;ASH_COATED_OSMIUM;9934;11;9932;18;;;9942;10;9945;19;;;9938.0;0.0
av_WHEAT_d10;36500;INTARIAN_PEPPER_ROOT;10183;15;10181;23;;;10189;8;10191;19;;;10186.0;0.0
av_WHEAT_d10;36600;ASH_COATED_OSMIUM;9934;10;9932;15;;;9940;16;9944;22;;;9937.0;0.0
av_WHEAT_d10;36600;INTARIAN_PEPPER_ROOT;10183;16;10181;13;;;10189;15;10192;26;;;10186.0;0.0
av_WHEAT_d10;36700;ASH_COATED_OSMIUM;9935;8;9933;18;;;9941;13;9943;8;;;9938.0;0.0
av_WHEAT_d10;36700;INTARIAN_PEPPER_ROOT;10181;30;10178;21;;;10187;15;10190;21;;;10184.0;0.0
av_WHEAT_d10;36800;ASH_COATED_OSMIUM;9935;9;9932;21;;;9941;17;9945;30;;;9938.0;0.0
av_WHEAT_d10;36800;INTARIAN_PEPPER_ROOT;10181;9;10178;24;;;10187;19;10189;24;;;10184.0;0.0
av_WHEAT_d10;36900;ASH_COATED_OSMIUM;9934;14;9932;22;;;9941;22;9945;21;;;9937.5;0.0
av_WHEAT_d10;36900;INTARIAN_PEPPER_ROOT;10180;15;10176;17;;;10186;13;10188;20;;;10183.0;0.0
av_WHEAT_d10;37000;ASH_COATED_OSMIUM;9935;18;9931;21;;;9941;15;9945;24;;;9938.0;0.0
av_WHEAT_d10;37000;INTARIAN_PEPPER_ROOT;10174;13;10171;17;;;10190;14;10192;27;;;10182.0;0.0
av_WHEAT_d10;37100;ASH_COATED_OSMIUM;9936;9;9932;16;;;9942;24;9944;22;;;9939.0;0.0
av_WHEAT_d10;37100;INTARIAN_PEPPER_ROOT;10179;13;10176;17;;;10185;14;10187;21;;;10182.0;0.0
av_WHEAT_d10;37200;ASH_COATED_OSMIUM;9935;12;9933;23;;;9941;14;9945;23;;;9938.0;0.0
av_WHEAT_d10;37200;INTARIAN_PEPPER_ROOT;10177;14;10173;18;;;10183;7;10185;18;;;10180.0;0.0
av_WHEAT_d10;37300;ASH_COATED_OSMIUM;9936;15;9934;18;;;9942;22;9946;19;;;9939.0;0.0
av_WHEAT_d10;37300;INTARIAN_PEPPER_ROOT;10164;9;10162;29;;;10195;14;10197;16;;;10179.5;0.0
av_WHEAT_d10;37400;ASH_COATED_OSMIUM;9932;13;9930;24;;;9945;13;9948;24;;;9938.5;0.0
av_WHEAT_d10;37400;INTARIAN_PEPPER_ROOT;10174;14;10170;23;;;10186;16;10189;14;;;10180.0;0.0
av_WHEAT_d10;37500;ASH_COATED_OSMIUM;9931;9;9929;24;;;9947;16;9949;28;;;9939.0;0.0
av_WHEAT_d10;37500;INTARIAN_PEPPER_ROOT;10176;16;10172;17;;;10182;16;10184;27;;;10179.0;0.0
av_WHEAT_d10;37600;ASH_COATED_OSMIUM;9936;17;9934;21;;;9942;18;9946;16;;;9939.0;0.0
av_WHEAT_d10;37600;INTARIAN_PEPPER_ROOT;10173;5;10169;13;;;10183;15;10185;8;;;10178.0;0.0
av_WHEAT_d10;37700;ASH_COATED_OSMIUM;9932;12;9928;22;;;9945;18;9948;21;;;9938.5;0.0
av_WHEAT_d10;37700;INTARIAN_PEPPER_ROOT;10174;13;10170;15;;;10180;14;10182;11;;;10177.0;0.0
av_WHEAT_d10;37800;ASH_COATED_OSMIUM;9936;9;9934;17;;;9942;12;9945;17;;;9939.0;0.0
av_WHEAT_d10;37800;INTARIAN_PEPPER_ROOT;10171;14;10169;22;;;10182;12;10186;24;;;10176.5;0.0
av_WHEAT_d10;37900;ASH_COATED_OSMIUM;9935;15;9931;30;;;9941;26;9945;18;;;9938.0;0.0
av_WHEAT_d10;37900;INTARIAN_PEPPER_ROOT;10172;13;10170;29;;;10178;16;10181;17;;;10175.0;0.0
av_WHEAT_d10;38000;ASH_COATED_OSMIUM;9935;15;9931;17;;;9942;18;9946;20;;;9938.5;0.0
av_WHEAT_d10;38000;INTARIAN_PEPPER_ROOT;10172;20;10170;16;;;10178;10;10181;23;;;10175.0;0.0
av_WHEAT_d10;38100;ASH_COATED_OSMIUM;9936;19;9934;8;;;9942;20;9946;25;;;9939.0;0.0
av_WHEAT_d10;38100;INTARIAN_PEPPER_ROOT;10172;5;10169;22;;;10178;12;10182;25;;;10175.0;0.0
av_WHEAT_d10;38200;ASH_COATED_OSMIUM;9936;11;9933;18;;;9942;19;9946;16;;;9939.0;0.0
av_WHEAT_d10;38200;INTARIAN_PEPPER_ROOT;10162;17;10158;25;;;10185;16;10187;25;;;10173.5;0.0
av_WHEAT_d10;38300;ASH_COATED_OSMIUM;9936;15;9933;16;;;9942;12;9944;14;;;9939.0;0.0
av_WHEAT_d10;38300;INTARIAN_PEPPER_ROOT;10169;13;10165;17;;;10175;7;10179;16;;;10172.0;0.0
av_WHEAT_d10;38400;ASH_COATED_OSMIUM;9936;10;9933;17;;;9942;15;9945;20;;;9939.0;0.0
av_WHEAT_d10;38400;INTARIAN_PEPPER_ROOT;10168;5;10165;17;;;10176;14;10180;12;;;10172.0;0.0
av_WHEAT_d10;38500;ASH_COATED_OSMIUM;9936;17;9932;10;;;9942;12;9945;11;;;9939.0;0.0
av_WHEAT_d10;38500;INTARIAN_PEPPER_ROOT;10161;15;10159;15;;;10181;16;10183;11;;;10171.0;0.0
av_WHEAT_d10;38600;ASH_COATED_OSMIUM;9935;24;9931;19;;;9943;12;9947;15;;;9939.0;0.0
av_WHEAT_d10;38600;INTARIAN_PEPPER_ROOT;10167;18;10164;23;;;10173;12;10176;25;;;10170.0;0.0
av_WHEAT_d10;38700;ASH_COATED_OSMIUM;9936;18;9932;24;;;9942;20;9946;14;;;9939.0;0.0
av_WHEAT_d10;38700;INTARIAN_PEPPER_ROOT;10163;14;10159;20;;;10175;15;10177;14;;;10169.0;0.0
av_WHEAT_d10;38800;ASH_COATED_OSMIUM;9934;18;9930;26;;;9945;14;9948;22;;;9939.5;0.0
av_WHEAT_d10;38800;INTARIAN_PEPPER_ROOT;10165;16;10163;19;;;10171;7;10173;21;;;10168.0;0.0
av_WHEAT_d10;38900;ASH_COATED_OSMIUM;9926;20;9922;24;;;9953;10;9956;18;;;9939.5;0.0
av_WHEAT_d10;38900;INTARIAN_PEPPER_ROOT;10165;13;10161;26;;;10171;17;10174;29;;;10168.0;0.0
av_WHEAT_d10;39000;ASH_COATED_OSMIUM;9935;14;9931;27;;;9944;10;9948;12;;;9939.5;0.0
av_WHEAT_d10;39000;INTARIAN_PEPPER_ROOT;10165;19;10162;24;;;10171;13;10174;10;;;10168.0;0.0
av_WHEAT_d10;39100;ASH_COATED_OSMIUM;9937;10;9933;16;;;9943;14;9946;16;;;9940.0;0.0
av_WHEAT_d10;39100;INTARIAN_PEPPER_ROOT;10163;13;10160;12;;;10169;12;10171;25;;;10166.0;0.0
av_WHEAT_d10;39200;ASH_COATED_OSMIUM;9937;16;9935;15;;;9943;5;9947;13;;;9940.0;0.0
av_WHEAT_d10;39200;INTARIAN_PEPPER_ROOT;10162;15;10159;25;;;10169;9;10171;15;;;10165.5;0.0
av_WHEAT_d10;39300;ASH_COATED_OSMIUM;9937;18;9934;24;;;9943;13;9945;13;;;9940.0;0.0
av_WHEAT_d10;39300;INTARIAN_PEPPER_ROOT;10162;20;10159;17;;;10168;17;10171;18;;;10165.0;0.0
av_WHEAT_d10;39400;ASH_COATED_OSMIUM;9936;13;9932;20;;;9944;11;9946;23;;;9940.0;0.0
av_WHEAT_d10;39400;INTARIAN_PEPPER_ROOT;10162;14;10158;19;;;10168;21;10172;17;;;10165.0;0.0
av_WHEAT_d10;39500;ASH_COATED_OSMIUM;9937;13;9934;18;;;9943;11;9945;19;;;9940.0;0.0
av_WHEAT_d10;39500;INTARIAN_PEPPER_ROOT;10160;19;10157;19;;;10166;14;10170;18;;;10163.0;0.0
av_WHEAT_d10;39600;ASH_COATED_OSMIUM;9938;15;9936;10;;;9944;13;9946;24;;;9941.0;0.0
av_WHEAT_d10;39600;INTARIAN_PEPPER_ROOT;10157;6;10154;22;;;10168;16;10171;26;;;10162.5;0.0
av_WHEAT_d10;39700;ASH_COATED_OSMIUM;9938;17;9934;22;;;9944;14;9947;8;;;9941.0;0.0
av_WHEAT_d10;39700;INTARIAN_PEPPER_ROOT;10159;11;10157;25;;;10165;18;10169;17;;;10162.0;0.0
av_WHEAT_d10;39800;ASH_COATED_OSMIUM;9936;6;9934;20;;;9944;13;9946;23;;;9940.0;0.0
av_WHEAT_d10;39800;INTARIAN_PEPPER_ROOT;10158;23;10154;21;;;10164;15;10167;22;;;10161.0;0.0
av_WHEAT_d10;39900;ASH_COATED_OSMIUM;9936;5;9934;24;;;9943;23;9946;15;;;9939.5;0.0
av_WHEAT_d10;39900;INTARIAN_PEPPER_ROOT;10157;14;10153;23;;;10163;10;10165;11;;;10160.0;0.0
av_WHEAT_d10;40000;ASH_COATED_OSMIUM;9938;8;9935;20;;;9945;8;9949;19;;;9941.5;0.0
av_WHEAT_d10;40000;INTARIAN_PEPPER_ROOT;10157;17;10155;25;;;10163;20;10166;16;;;10160.0;0.0
av_WHEAT_d10;40100;ASH_COATED_OSMIUM;9937;19;9935;24;;;9943;10;9945;18;;;9940.0;0.0
av_WHEAT_d10;40100;INTARIAN_PEPPER_ROOT;10156;12;10152;17;;;10162;16;10166;13;;;10159.0;0.0
av_WHEAT_d10;40200;ASH_COATED_OSMIUM;9935;14;9932;8;;;9946;14;9950;8;;;9940.5;0.0
av_WHEAT_d10;40200;INTARIAN_PEPPER_ROOT;10155;15;10152;19;;;10161;12;10164;13;;;10158.0;0.0
av_WHEAT_d10;40300;ASH_COATED_OSMIUM;9935;16;9931;17;;;9946;14;9950;16;;;9940.5;0.0
av_WHEAT_d10;40300;INTARIAN_PEPPER_ROOT;10155;13;10152;19;;;10161;14;10164;22;;;10158.0;0.0
av_WHEAT_d10;40400;ASH_COATED_OSMIUM;9938;10;9936;22;;;9944;14;9948;12;;;9941.0;0.0
av_WHEAT_d10;40400;INTARIAN_PEPPER_ROOT;10154;9;10150;26;;;10160;18;10163;25;;;10157.0;0.0
av_WHEAT_d10;40500;ASH_COATED_OSMIUM;9938;14;9935;16;;;9944;12;9948;16;;;9941.0;0.0
av_WHEAT_d10;40500;INTARIAN_PEPPER_ROOT;10153;22;10151;20;;;10159;12;10161;16;;;10156.0;0.0
av_WHEAT_d10;40600;ASH_COATED_OSMIUM;9938;6;9935;12;;;9944;13;9946;17;;;9941.0;0.0
av_WHEAT_d10;40600;INTARIAN_PEPPER_ROOT;10144;15;10140;26;;;10167;21;10170;20;;;10155.5;0.0
av_WHEAT_d10;40700;ASH_COATED_OSMIUM;9938;10;9934;16;;;9944;16;9948;19;;;9941.0;0.0
av_WHEAT_d10;40700;INTARIAN_PEPPER_ROOT;10152;14;10149;21;;;10158;14;10161;15;;;10155.0;0.0
av_WHEAT_d10;40800;ASH_COATED_OSMIUM;9933;12;9929;14;;;9950;15;9953;23;;;9941.5;0.0
av_WHEAT_d10;40800;INTARIAN_PEPPER_ROOT;10146;9;10142;27;;;10163;15;10165;17;;;10154.5;0.0
av_WHEAT_d10;40900;ASH_COATED_OSMIUM;9938;15;9935;20;;;9944;21;9947;30;;;9941.0;0.0
av_WHEAT_d10;40900;INTARIAN_PEPPER_ROOT;10148;13;10144;25;;;10158;17;10160;20;;;10153.0;0.0
av_WHEAT_d10;41000;ASH_COATED_OSMIUM;9938;8;9934;26;;;9944;23;9948;26;;;9941.0;0.0
av_WHEAT_d10;41000;INTARIAN_PEPPER_ROOT;10144;19;10140;19;;;10160;10;10162;17;;;10152.0;0.0
av_WHEAT_d10;41100;ASH_COATED_OSMIUM;9938;9;9936;15;;;9944;7;9947;23;;;9941.0;0.0
av_WHEAT_d10;41100;INTARIAN_PEPPER_ROOT;10135;23;10133;20;;;10169;12;10173;24;;;10152.0;0.0
av_WHEAT_d10;41200;ASH_COATED_OSMIUM;9935;13;9931;14;;;9949;14;9951;16;;;9942.0;0.0
av_WHEAT_d10;41200;INTARIAN_PEPPER_ROOT;10146;14;10144;20;;;10156;18;10160;16;;;10151.0;0.0
av_WHEAT_d10;41300;ASH_COATED_OSMIUM;9938;12;9935;20;;;9944;16;9948;18;;;9941.0;0.0
av_WHEAT_d10;41300;INTARIAN_PEPPER_ROOT;10141;5;10137;29;;;10159;10;10162;24;;;10150.0;0.0
av_WHEAT_d10;41400;ASH_COATED_OSMIUM;9938;18;9934;16;;;9945;12;9948;25;;;9941.5;0.0
av_WHEAT_d10;41400;INTARIAN_PEPPER_ROOT;10147;10;10145;29;;;10153;9;10155;8;;;10150.0;0.0
av_WHEAT_d10;41500;ASH_COATED_OSMIUM;9939;5;9935;24;;;9945;19;9948;13;;;9942.0;0.0
av_WHEAT_d10;41500;INTARIAN_PEPPER_ROOT;10146;5;10142;15;;;10152;14;10156;23;;;10149.0;0.0
av_WHEAT_d10;41600;ASH_COATED_OSMIUM;9937;25;9935;15;;;9946;13;9949;15;;;9941.5;0.0
av_WHEAT_d10;41600;INTARIAN_PEPPER_ROOT;10145;11;10142;17;;;10151;16;10155;23;;;10148.0;0.0
av_WHEAT_d10;41700;ASH_COATED_OSMIUM;9938;17;9935;22;;;9945;19;9947;22;;;9941.5;0.0
av_WHEAT_d10;41700;INTARIAN_PEPPER_ROOT;10144;6;10140;18;;;10150;14;10152;16;;;10147.0;0.0
av_WHEAT_d10;41800;ASH_COATED_OSMIUM;9939;20;9936;27;;;9945;16;9947;12;;;9942.0;0.0
av_WHEAT_d10;41800;INTARIAN_PEPPER_ROOT;10141;13;10139;22;;;10151;10;10155;19;;;10146.0;0.0
av_WHEAT_d10;41900;ASH_COATED_OSMIUM;9939;18;9936;27;;;9945;11;9947;25;;;9942.0;0.0
av_WHEAT_d10;41900;INTARIAN_PEPPER_ROOT;10142;14;10140;19;;;10150;27;10154;21;;;10146.0;0.0
av_WHEAT_d10;42000;ASH_COATED_OSMIUM;9939;26;9936;12;;;9946;15;9948;15;;;9942.5;0.0
av_WHEAT_d10;42000;INTARIAN_PEPPER_ROOT;10138;13;10134;17;;;10152;13;10156;21;;;10145.0;0.0
av_WHEAT_d10;42100;ASH_COATED_OSMIUM;9939;18;9937;19;;;9945;5;9947;20;;;9942.0;0.0
av_WHEAT_d10;42100;INTARIAN_PEPPER_ROOT;10140;17;10136;19;;;10148;13;10150;18;;;10144.0;0.0
av_WHEAT_d10;42200;ASH_COATED_OSMIUM;9935;13;9932;14;;;9949;16;9951;24;;;9942.0;0.0
av_WHEAT_d10;42200;INTARIAN_PEPPER_ROOT;10141;11;10137;18;;;10147;12;10151;28;;;10144.0;0.0
av_WHEAT_d10;42300;ASH_COATED_OSMIUM;9939;8;9935;11;;;9946;16;9949;27;;;9942.5;0.0
av_WHEAT_d10;42300;INTARIAN_PEPPER_ROOT;10140;5;10138;16;;;10146;10;10150;18;;;10143.0;0.0
av_WHEAT_d10;42400;ASH_COATED_OSMIUM;9939;15;9935;19;;;9945;23;9949;18;;;9942.0;0.0
av_WHEAT_d10;42400;INTARIAN_PEPPER_ROOT;10139;12;10137;17;;;10145;20;10147;21;;;10142.0;0.0
av_WHEAT_d10;42500;ASH_COATED_OSMIUM;9939;5;9937;25;;;9945;17;9948;16;;;9942.0;0.0
av_WHEAT_d10;42500;INTARIAN_PEPPER_ROOT;10133;13;10131;22;;;10149;8;10152;20;;;10141.0;0.0
av_WHEAT_d10;42600;ASH_COATED_OSMIUM;9915;23;9911;20;;;9970;18;9974;20;;;9942.5;0.0
av_WHEAT_d10;42600;INTARIAN_PEPPER_ROOT;10137;16;10133;24;;;10144;17;10146;14;;;10140.5;0.0
av_WHEAT_d10;42700;ASH_COATED_OSMIUM;9939;25;9935;16;;;9945;16;9947;18;;;9942.0;0.0
av_WHEAT_d10;42700;INTARIAN_PEPPER_ROOT;10135;13;10133;21;;;10143;12;10147;20;;;10139.0;0.0
av_WHEAT_d10;42800;ASH_COATED_OSMIUM;9940;11;9938;13;;;9946;16;9948;16;;;9943.0;0.0
av_WHEAT_d10;42800;INTARIAN_PEPPER_ROOT;10127;22;10124;23;;;10151;13;10155;22;;;10139.0;0.0
av_WHEAT_d10;42900;ASH_COATED_OSMIUM;9940;20;9936;21;;;9946;9;9950;19;;;9943.0;0.0
av_WHEAT_d10;42900;INTARIAN_PEPPER_ROOT;10128;15;10126;18;;;10148;15;10152;18;;;10138.0;0.0
av_WHEAT_d10;43000;ASH_COATED_OSMIUM;9937;10;9933;17;;;9948;16;9950;25;;;9942.5;0.0
av_WHEAT_d10;43000;INTARIAN_PEPPER_ROOT;10124;15;10122;21;;;10150;13;10152;24;;;10137.0;0.0
av_WHEAT_d10;43100;ASH_COATED_OSMIUM;9940;28;9938;25;;;9946;16;9948;15;;;9943.0;0.0
av_WHEAT_d10;43100;INTARIAN_PEPPER_ROOT;10134;16;10132;15;;;10140;9;10142;20;;;10137.0;0.0
av_WHEAT_d10;43200;ASH_COATED_OSMIUM;9940;21;9937;25;;;9946;16;9948;9;;;9943.0;0.0
av_WHEAT_d10;43200;INTARIAN_PEPPER_ROOT;10130;19;10128;14;;;10142;24;10145;26;;;10136.0;0.0
av_WHEAT_d10;43300;ASH_COATED_OSMIUM;9940;16;9936;22;;;9946;20;9948;17;;;9943.0;0.0
av_WHEAT_d10;43300;INTARIAN_PEPPER_ROOT;10131;15;10127;15;;;10139;21;10143;21;;;10135.0;0.0
av_WHEAT_d10;43400;ASH_COATED_OSMIUM;9938;18;9935;19;;;9949;17;9952;24;;;9943.5;0.0
av_WHEAT_d10;43400;INTARIAN_PEPPER_ROOT;10131;11;10129;20;;;10138;8;10141;16;;;10134.5;0.0
av_WHEAT_d10;43500;ASH_COATED_OSMIUM;9939;8;9936;24;;;9948;16;9950;24;;;9943.5;0.0
av_WHEAT_d10;43500;INTARIAN_PEPPER_ROOT;10130;16;10128;17;;;10137;15;10141;17;;;10133.5;0.0
av_WHEAT_d10;43600;ASH_COATED_OSMIUM;9938;10;9935;16;;;9948;19;9950;20;;;9943.0;0.0
av_WHEAT_d10;43600;INTARIAN_PEPPER_ROOT;10126;12;10122;13;;;10141;19;10144;16;;;10133.5;0.0
av_WHEAT_d10;43700;ASH_COATED_OSMIUM;9939;11;9935;20;;;9947;14;9950;23;;;9943.0;0.0
av_WHEAT_d10;43700;INTARIAN_PEPPER_ROOT;10130;21;10126;21;;;10136;14;10138;23;;;10133.0;0.0
av_WHEAT_d10;43800;ASH_COATED_OSMIUM;9940;15;9938;9;;;9946;13;9950;24;;;9943.0;0.0
av_WHEAT_d10;43800;INTARIAN_PEPPER_ROOT;10128;14;10125;16;;;10135;17;10138;20;;;10131.5;0.0
av_WHEAT_d10;43900;ASH_COATED_OSMIUM;9940;23;9936;23;;;9948;13;9951;25;;;9944.0;0.0
av_WHEAT_d10;43900;INTARIAN_PEPPER_ROOT;10128;19;10125;22;;;10134;15;10138;26;;;10131.0;0.0
av_WHEAT_d10;44000;ASH_COATED_OSMIUM;9940;14;9938;17;;;9946;20;9949;15;;;9943.0;0.0
av_WHEAT_d10;44000;INTARIAN_PEPPER_ROOT;10126;7;10124;19;;;10132;10;10136;24;;;10129.0;0.0
av_WHEAT_d10;44100;ASH_COATED_OSMIUM;9934;24;9932;21;;;9954;24;9956;13;;;9944.0;0.0
av_WHEAT_d10;44100;INTARIAN_PEPPER_ROOT;10126;26;10123;19;;;10132;15;10134;13;;;10129.0;0.0
av_WHEAT_d10;44200;ASH_COATED_OSMIUM;9941;8;9937;12;;;9947;19;9950;15;;;9944.0;0.0
av_WHEAT_d10;44200;INTARIAN_PEPPER_ROOT;10125;15;10122;10;;;10132;11;10135;16;;;10128.5;0.0
av_WHEAT_d10;44300;ASH_COATED_OSMIUM;9940;12;9936;24;;;9946;23;9948;11;;;9943.0;0.0
av_WHEAT_d10;44300;INTARIAN_PEPPER_ROOT;10114;16;10112;21;;;10142;11;10144;19;;;10128.0;0.0
av_WHEAT_d10;44400;ASH_COATED_OSMIUM;9940;17;9936;25;;;9946;20;9949;12;;;9943.0;0.0
av_WHEAT_d10;44400;INTARIAN_PEPPER_ROOT;10122;16;10120;22;;;10134;12;10137;10;;;10128.0;0.0
av_WHEAT_d10;44500;ASH_COATED_OSMIUM;9932;13;9929;22;;;9956;22;9958;20;;;9944.0;0.0
av_WHEAT_d10;44500;INTARIAN_PEPPER_ROOT;10123;8;10121;24;;;10129;8;10131;20;;;10126.0;0.0
av_WHEAT_d10;44600;ASH_COATED_OSMIUM;9931;11;9927;10;;;9956;17;9958;17;;;9943.5;0.0
av_WHEAT_d10;44600;INTARIAN_PEPPER_ROOT;10117;28;10114;10;;;10135;11;10138;24;;;10126.0;0.0
av_WHEAT_d10;44700;ASH_COATED_OSMIUM;9934;18;9932;25;;;9954;13;9956;17;;;9944.0;0.0
av_WHEAT_d10;44700;INTARIAN_PEPPER_ROOT;10122;16;10120;16;;;10128;21;10131;16;;;10125.0;0.0
av_WHEAT_d10;44800;ASH_COATED_OSMIUM;9941;25;9938;29;;;9947;24;9951;19;;;9944.0;0.0
av_WHEAT_d10;44800;INTARIAN_PEPPER_ROOT;10117;16;10113;17;;;10131;14;10133;23;;;10124.0;0.0
av_WHEAT_d10;44900;ASH_COATED_OSMIUM;9939;11;9935;17;;;9949;24;9953;21;;;9944.0;0.0
av_WHEAT_d10;44900;INTARIAN_PEPPER_ROOT;10120;8;10116;13;;;10126;9;10128;21;;;10123.0;0.0
av_WHEAT_d10;45000;ASH_COATED_OSMIUM;9942;10;9938;16;;;9948;16;9952;21;;;9945.0;0.0
av_WHEAT_d10;45000;INTARIAN_PEPPER_ROOT;10119;17;10116;19;;;10125;19;10129;22;;;10122.0;0.0
av_WHEAT_d10;45100;ASH_COATED_OSMIUM;9940;14;9936;19;;;9948;16;9952;19;;;9944.0;0.0
av_WHEAT_d10;45100;INTARIAN_PEPPER_ROOT;10119;17;10116;14;;;10125;15;10127;24;;;10122.0;0.0
av_WHEAT_d10;45200;ASH_COATED_OSMIUM;9940;15;9938;22;;;9948;14;9951;19;;;9944.0;0.0
av_WHEAT_d10;45200;INTARIAN_PEPPER_ROOT;10119;10;10115;24;;;10125;15;10128;28;;;10122.0;0.0
av_WHEAT_d10;45300;ASH_COATED_OSMIUM;9941;14;9937;18;;;9947;16;9949;19;;;9944.0;0.0
av_WHEAT_d10;45300;INTARIAN_PEPPER_ROOT;10118;12;10114;18;;;10124;13;10127;14;;;10121.0;0.0
av_WHEAT_d10;45400;ASH_COATED_OSMIUM;9940;17;9936;17;;;9950;9;9952;18;;;9945.0;0.0
av_WHEAT_d10;45400;INTARIAN_PEPPER_ROOT;10117;8;10115;21;;;10123;11;10127;13;;;10120.0;0.0
av_WHEAT_d10;45500;ASH_COATED_OSMIUM;9942;21;9939;18;;;9948;20;9951;24;;;9945.0;0.0
av_WHEAT_d10;45500;INTARIAN_PEPPER_ROOT;10116;22;10113;23;;;10122;9;10124;19;;;10119.0;0.0
av_WHEAT_d10;45600;ASH_COATED_OSMIUM;9942;27;9939;18;;;9948;9;9952;27;;;9945.0;0.0
av_WHEAT_d10;45600;INTARIAN_PEPPER_ROOT;10113;10;10110;12;;;10123;15;10126;20;;;10118.0;0.0
av_WHEAT_d10;45700;ASH_COATED_OSMIUM;9941;17;9937;20;;;9950;7;9952;18;;;9945.5;0.0
av_WHEAT_d10;45700;INTARIAN_PEPPER_ROOT;10115;5;10111;14;;;10121;14;10124;20;;;10118.0;0.0
av_WHEAT_d10;45800;ASH_COATED_OSMIUM;9940;13;9936;13;;;9949;5;9951;23;;;9944.5;0.0
av_WHEAT_d10;45800;INTARIAN_PEPPER_ROOT;10107;24;10103;17;;;10127;17;10129;16;;;10117.0;0.0
av_WHEAT_d10;45900;ASH_COATED_OSMIUM;9942;13;9940;18;;;9948;12;9950;15;;;9945.0;0.0
av_WHEAT_d10;45900;INTARIAN_PEPPER_ROOT;10112;19;10109;8;;;10119;22;10122;14;;;10115.5;0.0
av_WHEAT_d10;46000;ASH_COATED_OSMIUM;9942;19;9938;17;;;9948;13;9951;20;;;9945.0;0.0
av_WHEAT_d10;46000;INTARIAN_PEPPER_ROOT;10112;20;10108;27;;;10118;18;10121;11;;;10115.0;0.0
av_WHEAT_d10;46100;ASH_COATED_OSMIUM;9942;20;9939;17;;;9948;18;9951;27;;;9945.0;0.0
av_WHEAT_d10;46100;INTARIAN_PEPPER_ROOT;10112;14;10110;9;;;10118;24;10121;22;;;10115.0;0.0
av_WHEAT_d10;46200;ASH_COATED_OSMIUM;9942;14;9940;24;;;9948;13;9951;19;;;9945.0;0.0
av_WHEAT_d10;46200;INTARIAN_PEPPER_ROOT;10107;5;10104;22;;;10120;20;10123;14;;;10113.5;0.0
av_WHEAT_d10;46300;ASH_COATED_OSMIUM;9943;11;9941;18;;;9949;7;9952;13;;;9946.0;0.0
av_WHEAT_d10;46300;INTARIAN_PEPPER_ROOT;10108;10;10105;26;;;10117;16;10120;16;;;10112.5;0.0
av_WHEAT_d10;46400;ASH_COATED_OSMIUM;9942;8;9939;22;;;9948;22;9952;18;;;9945.0;0.0
av_WHEAT_d10;46400;INTARIAN_PEPPER_ROOT;10109;12;10107;9;;;10115;15;10119;24;;;10112.0;0.0
av_WHEAT_d10;46500;ASH_COATED_OSMIUM;9942;17;9940;19;;;9948;19;9950;18;;;9945.0;0.0
av_WHEAT_d10;46500;INTARIAN_PEPPER_ROOT;10101;13;10098;19;;;10121;12;10125;28;;;10111.0;0.0
av_WHEAT_d10;46600;ASH_COATED_OSMIUM;9943;11;9940;19;;;9949;25;9951;11;;;9946.0;0.0
av_WHEAT_d10;46600;INTARIAN_PEPPER_ROOT;10102;17;10099;14;;;10119;24;10123;22;;;10110.5;0.0
av_WHEAT_d10;46700;ASH_COATED_OSMIUM;9932;18;9928;13;;;9958;18;9961;24;;;9945.0;0.0
av_WHEAT_d10;46700;INTARIAN_PEPPER_ROOT;10107;18;10103;21;;;10113;20;10115;21;;;10110.0;0.0
av_WHEAT_d10;46800;ASH_COATED_OSMIUM;9939;9;9935;22;;;9952;8;9955;16;;;9945.5;0.0
av_WHEAT_d10;46800;INTARIAN_PEPPER_ROOT;10106;14;10104;19;;;10112;16;10115;15;;;10109.0;0.0
av_WHEAT_d10;46900;ASH_COATED_OSMIUM;9943;13;9939;15;;;9949;12;9953;12;;;9946.0;0.0
av_WHEAT_d10;46900;INTARIAN_PEPPER_ROOT;10106;10;10103;26;;;10112;11;10115;22;;;10109.0;0.0
av_WHEAT_d10;47000;ASH_COATED_OSMIUM;9933;19;9929;16;;;9958;18;9960;21;;;9945.5;0.0
av_WHEAT_d10;47000;INTARIAN_PEPPER_ROOT;10103;19;10100;21;;;10113;15;10115;29;;;10108.0;0.0
av_WHEAT_d10;47100;ASH_COATED_OSMIUM;9943;15;9940;13;;;9949;17;9951;21;;;9946.0;0.0
av_WHEAT_d10;47100;INTARIAN_PEPPER_ROOT;10104;9;10100;30;;;10110;15;10112;18;;;10107.0;0.0
av_WHEAT_d10;47200;ASH_COATED_OSMIUM;9943;23;9939;23;;;9949;13;9951;15;;;9946.0;0.0
av_WHEAT_d10;47200;INTARIAN_PEPPER_ROOT;10088;12;10086;27;;;10125;6;10128;25;;;10106.5;0.0
av_WHEAT_d10;47300;ASH_COATED_OSMIUM;9942;10;9940;16;;;9950;16;9952;13;;;9946.0;0.0
av_WHEAT_d10;47300;INTARIAN_PEPPER_ROOT;10101;16;10097;24;;;10110;10;10112;18;;;10105.5;0.0
av_WHEAT_d10;47400;ASH_COATED_OSMIUM;9943;19;9940;21;;;9949;10;9951;25;;;9946.0;0.0
av_WHEAT_d10;47400;INTARIAN_PEPPER_ROOT;10096;13;10093;17;;;10114;13;10118;27;;;10105.0;0.0
av_WHEAT_d10;47500;ASH_COATED_OSMIUM;9942;8;9940;23;;;9951;7;9954;26;;;9946.5;0.0
av_WHEAT_d10;47500;INTARIAN_PEPPER_ROOT;10101;9;10099;21;;;10107;7;10111;21;;;10104.0;0.0
av_WHEAT_d10;47600;ASH_COATED_OSMIUM;9932;25;9930;23;;;9962;15;9964;25;;;9947.0;0.0
av_WHEAT_d10;47600;INTARIAN_PEPPER_ROOT;10100;8;10097;26;;;10106;10;10109;26;;;10103.0;0.0
av_WHEAT_d10;47700;ASH_COATED_OSMIUM;9943;20;9939;16;;;9949;15;9953;26;;;9946.0;0.0
av_WHEAT_d10;47700;INTARIAN_PEPPER_ROOT;10100;17;10098;19;;;10106;14;10109;17;;;10103.0;0.0
av_WHEAT_d10;47800;ASH_COATED_OSMIUM;9944;15;9940;17;;;9950;20;9952;23;;;9947.0;0.0
av_WHEAT_d10;47800;INTARIAN_PEPPER_ROOT;10099;14;10097;25;;;10105;17;10109;22;;;10102.0;0.0
av_WHEAT_d10;47900;ASH_COATED_OSMIUM;9939;8;9937;22;;;9953;16;9956;25;;;9946.0;0.0
av_WHEAT_d10;47900;INTARIAN_PEPPER_ROOT;10098;13;10094;17;;;10105;5;10108;18;;;10101.5;0.0
av_WHEAT_d10;48000;ASH_COATED_OSMIUM;9943;17;9940;17;;;9950;5;9952;18;;;9946.5;0.0
av_WHEAT_d10;48000;INTARIAN_PEPPER_ROOT;10097;9;10094;21;;;10103;13;10107;23;;;10100.0;0.0
av_WHEAT_d10;48100;ASH_COATED_OSMIUM;9944;12;9940;21;;;9950;16;9954;20;;;9947.0;0.0
av_WHEAT_d10;48100;INTARIAN_PEPPER_ROOT;10096;12;10094;12;;;10102;15;10104;28;;;10099.0;0.0
av_WHEAT_d10;48200;ASH_COATED_OSMIUM;9944;10;9942;14;;;9950;10;9952;20;;;9947.0;0.0
av_WHEAT_d10;48200;INTARIAN_PEPPER_ROOT;10096;14;10094;27;;;10102;9;10106;18;;;10099.0;0.0
av_WHEAT_d10;48300;ASH_COATED_OSMIUM;9933;8;9931;16;;;9961;16;9963;18;;;9947.0;0.0
av_WHEAT_d10;48300;INTARIAN_PEPPER_ROOT;10095;15;10093;17;;;10101;11;10103;21;;;10098.0;0.0
av_WHEAT_d10;48400;ASH_COATED_OSMIUM;9944;15;9941;20;;;9950;17;9952;17;;;9947.0;0.0
av_WHEAT_d10;48400;INTARIAN_PEPPER_ROOT;10094;12;10092;18;;;10100;13;10104;12;;;10097.0;0.0
av_WHEAT_d10;48500;ASH_COATED_OSMIUM;9943;20;9941;26;;;9949;19;9953;23;;;9946.0;0.0
av_WHEAT_d10;48500;INTARIAN_PEPPER_ROOT;10088;15;10086;8;;;10105;15;10107;27;;;10096.5;0.0
av_WHEAT_d10;48600;ASH_COATED_OSMIUM;9944;10;9942;19;;;9950;7;9952;21;;;9947.0;0.0
av_WHEAT_d10;48600;INTARIAN_PEPPER_ROOT;10093;14;10091;16;;;10099;17;10103;25;;;10096.0;0.0
av_WHEAT_d10;48700;ASH_COATED_OSMIUM;9944;15;9942;23;;;9950;17;9954;18;;;9947.0;0.0
av_WHEAT_d10;48700;INTARIAN_PEPPER_ROOT;10092;12;10089;24;;;10098;14;10100;20;;;10095.0;0.0
av_WHEAT_d10;48800;ASH_COATED_OSMIUM;9944;11;9942;17;;;9950;15;9953;29;;;9947.0;0.0
av_WHEAT_d10;48800;INTARIAN_PEPPER_ROOT;10091;8;10089;9;;;10097;14;10101;17;;;10094.0;0.0
av_WHEAT_d10;48900;ASH_COATED_OSMIUM;9944;20;9942;14;;;9950;21;9954;30;;;9947.0;0.0
av_WHEAT_d10;48900;INTARIAN_PEPPER_ROOT;10090;25;10086;21;;;10096;9;10098;20;;;10093.0;0.0
av_WHEAT_d10;49000;ASH_COATED_OSMIUM;9944;17;9941;22;;;9950;16;9954;17;;;9947.0;0.0
av_WHEAT_d10;49000;INTARIAN_PEPPER_ROOT;10090;17;10088;15;;;10096;16;10099;22;;;10093.0;0.0
av_WHEAT_d10;49100;ASH_COATED_OSMIUM;9943;15;9940;23;;;9952;13;9954;17;;;9947.5;0.0
av_WHEAT_d10;49100;INTARIAN_PEPPER_ROOT;10083;16;10079;26;;;10101;6;10104;21;;;10092.0;0.0
av_WHEAT_d10;49200;ASH_COATED_OSMIUM;9943;14;9940;19;;;9952;11;9954;17;;;9947.5;0.0
av_WHEAT_d10;49200;INTARIAN_PEPPER_ROOT;10088;11;10085;20;;;10095;25;10099;21;;;10091.5;0.0
av_WHEAT_d10;49300;ASH_COATED_OSMIUM;9941;19;9938;22;;;9954;9;9958;33;;;9947.5;0.0
av_WHEAT_d10;49300;INTARIAN_PEPPER_ROOT;10081;13;10079;22;;;10100;7;10103;20;;;10090.5;0.0
av_WHEAT_d10;49400;ASH_COATED_OSMIUM;9945;13;9942;25;;;9951;11;9953;15;;;9948.0;0.0
av_WHEAT_d10;49400;INTARIAN_PEPPER_ROOT;10086;17;10083;17;;;10092;14;10096;19;;;10089.0;0.0
av_WHEAT_d10;49500;ASH_COATED_OSMIUM;9940;6;9938;14;;;9955;15;9958;25;;;9947.5;0.0
av_WHEAT_d10;49500;INTARIAN_PEPPER_ROOT;10086;6;10084;16;;;10092;22;10096;23;;;10089.0;0.0
av_WHEAT_d10;49600;ASH_COATED_OSMIUM;9945;6;9942;13;;;9951;22;9954;18;;;9948.0;0.0
av_WHEAT_d10;49600;INTARIAN_PEPPER_ROOT;10085;17;10083;15;;;10091;10;10093;20;;;10088.0;0.0
av_WHEAT_d10;49700;ASH_COATED_OSMIUM;9945;6;9941;19;;;9951;23;9955;21;;;9948.0;0.0
av_WHEAT_d10;49700;INTARIAN_PEPPER_ROOT;10085;24;10081;18;;;10091;9;10095;13;;;10088.0;0.0
av_WHEAT_d10;49800;ASH_COATED_OSMIUM;9945;19;9943;16;;;9951;8;9954;24;;;9948.0;0.0
av_WHEAT_d10;49800;INTARIAN_PEPPER_ROOT;10080;9;10077;26;;;10094;11;10096;15;;;10087.0;0.0
av_WHEAT_d10;49900;ASH_COATED_OSMIUM;9944;12;9941;18;;;9952;18;9955;23;;;9948.0;0.0
av_WHEAT_d10;49900;INTARIAN_PEPPER_ROOT;10083;21;10080;21;;;10089;17;10091;11;;;10086.0;0.0
av_WHEAT_d10;50000;ASH_COATED_OSMIUM;9942;12;9939;22;;;9954;19;9957;26;;;9948.0;0.0
av_WHEAT_d10;50000;INTARIAN_PEPPER_ROOT;10082;13;10078;20;;;10089;12;10093;20;;;10085.5;0.0
av_WHEAT_d10;50100;ASH_COATED_OSMIUM;9945;5;9942;12;;;9951;11;9955;23;;;9948.0;0.0
av_WHEAT_d10;50100;INTARIAN_PEPPER_ROOT;10081;6;10077;27;;;10087;17;10091;23;;;10084.0;0.0
av_WHEAT_d10;50200;ASH_COATED_OSMIUM;9936;13;9932;11;;;9960;11;9962;18;;;9948.0;0.0
av_WHEAT_d10;50200;INTARIAN_PEPPER_ROOT;10081;15;10078;14;;;10087;12;10090;20;;;10084.0;0.0
av_WHEAT_d10;50300;ASH_COATED_OSMIUM;9946;10;9944;11;;;9952;17;9955;13;;;9949.0;0.0
av_WHEAT_d10;50300;INTARIAN_PEPPER_ROOT;10081;13;10079;17;;;10087;10;10089;16;;;10084.0;0.0
av_WHEAT_d10;50400;ASH_COATED_OSMIUM;9946;5;9942;23;;;9952;26;9955;15;;;9949.0;0.0
av_WHEAT_d10;50400;INTARIAN_PEPPER_ROOT;10075;8;10071;31;;;10090;5;10093;18;;;10082.5;0.0
av_WHEAT_d10;50500;ASH_COATED_OSMIUM;9940;25;9938;21;;;9958;16;9961;21;;;9949.0;0.0
av_WHEAT_d10;50500;INTARIAN_PEPPER_ROOT;10074;11;10072;25;;;10088;16;10091;22;;;10081.0;0.0
av_WHEAT_d10;50600;ASH_COATED_OSMIUM;9945;20;9943;26;;;9953;14;9955;24;;;9949.0;0.0
av_WHEAT_d10;50600;INTARIAN_PEPPER_ROOT;10077;18;10073;27;;;10086;17;10088;29;;;10081.5;0.0
av_WHEAT_d10;50700;ASH_COATED_OSMIUM;9946;17;9942;23;;;9952;22;9955;31;;;9949.0;0.0
av_WHEAT_d10;50700;INTARIAN_PEPPER_ROOT;10074;5;10070;19;;;10086;7;10088;17;;;10080.0;0.0
av_WHEAT_d10;50800;ASH_COATED_OSMIUM;9938;16;9935;24;;;9960;25;9964;20;;;9949.0;0.0
av_WHEAT_d10;50800;INTARIAN_PEPPER_ROOT;10077;12;10075;16;;;10083;19;10085;17;;;10080.0;0.0
av_WHEAT_d10;50900;ASH_COATED_OSMIUM;9945;12;9941;20;;;9953;22;9957;22;;;9949.0;0.0
av_WHEAT_d10;50900;INTARIAN_PEPPER_ROOT;10076;19;10072;17;;;10082;21;10086;21;;;10079.0;0.0
av_WHEAT_d10;51000;ASH_COATED_OSMIUM;9946;23;9943;21;;;9952;23;9954;22;;;9949.0;0.0
av_WHEAT_d10;51000;INTARIAN_PEPPER_ROOT;10077;11;10074;19;;;10084;12;10087;15;;;10080.5;0.0
av_WHEAT_d10;51100;ASH_COATED_OSMIUM;9946;20;9943;26;;;9952;10;9954;15;;;9949.0;0.0
av_WHEAT_d10;51100;INTARIAN_PEPPER_ROOT;10074;19;10070;19;;;10089;12;10091;22;;;10081.5;0.0
av_WHEAT_d10;51200;ASH_COATED_OSMIUM;9946;10;9943;17;;;9952;21;9954;20;;;9949.0;0.0
av_WHEAT_d10;51200;INTARIAN_PEPPER_ROOT;10079;11;10076;27;;;10085;26;10087;11;;;10082.0;0.0
av_WHEAT_d10;51300;ASH_COATED_OSMIUM;9935;21;9933;18;;;9964;15;9967;17;;;9949.5;0.0
av_WHEAT_d10;51300;INTARIAN_PEPPER_ROOT;10074;19;10070;24;;;10090;14;10094;23;;;10082.0;0.0
av_WHEAT_d10;51400;ASH_COATED_OSMIUM;9947;13;9944;15;;;9953;12;9955;15;;;9950.0;0.0
av_WHEAT_d10;51400;INTARIAN_PEPPER_ROOT;10078;11;10075;26;;;10088;21;10091;25;;;10083.0;0.0
av_WHEAT_d10;51500;ASH_COATED_OSMIUM;9947;13;9945;18;;;9954;20;9957;23;;;9950.5;0.0
av_WHEAT_d10;51500;INTARIAN_PEPPER_ROOT;10081;18;10078;18;;;10087;8;10091;16;;;10084.0;0.0
av_WHEAT_d10;51600;ASH_COATED_OSMIUM;9947;15;9943;12;;;9953;16;9956;13;;;9950.0;0.0
av_WHEAT_d10;51600;INTARIAN_PEPPER_ROOT;10082;5;10079;13;;;10088;8;10092;21;;;10085.0;0.0
av_WHEAT_d10;51700;ASH_COATED_OSMIUM;9941;20;9937;25;;;9958;10;9960;14;;;9949.5;0.0
av_WHEAT_d10;51700;INTARIAN_PEPPER_ROOT;10082;21;10080;13;;;10090;10;10092;17;;;10086.0;0.0
av_WHEAT_d10;51800;ASH_COATED_OSMIUM;9947;16;9944;18;;;9953;12;9957;28;;;9950.0;0.0
av_WHEAT_d10;51800;INTARIAN_PEPPER_ROOT;10083;10;10079;17;;;10089;22;10093;22;;;10086.0;0.0
av_WHEAT_d10;51900;ASH_COATED_OSMIUM;9942;17;9938;13;;;9959;11;9963;18;;;9950.5;0.0
av_WHEAT_d10;51900;INTARIAN_PEPPER_ROOT;10084;17;10080;13;;;10090;18;10093;18;;;10087.0;0.0
av_WHEAT_d10;52000;ASH_COATED_OSMIUM;9946;10;9942;15;;;9955;17;9958;18;;;9950.5;0.0
av_WHEAT_d10;52000;INTARIAN_PEPPER_ROOT;10081;12;10077;20;;;10094;13;10096;14;;;10087.5;0.0
av_WHEAT_d10;52100;ASH_COATED_OSMIUM;9941;11;9939;26;;;9962;8;9965;12;;;9951.5;0.0
av_WHEAT_d10;52100;INTARIAN_PEPPER_ROOT;10085;11;10083;23;;;10091;19;10093;16;;;10088.0;0.0
av_WHEAT_d10;52200;ASH_COATED_OSMIUM;9947;10;9943;21;;;9957;13;9960;17;;;9952.0;0.0
av_WHEAT_d10;52200;INTARIAN_PEPPER_ROOT;10086;18;10084;14;;;10092;11;10096;23;;;10089.0;0.0
av_WHEAT_d10;52300;ASH_COATED_OSMIUM;9948;18;9946;22;;;9954;27;9957;17;;;9951.0;0.0
av_WHEAT_d10;52300;INTARIAN_PEPPER_ROOT;10080;16;10076;19;;;10100;11;10102;23;;;10090.0;0.0
av_WHEAT_d10;52400;ASH_COATED_OSMIUM;9949;24;9947;26;;;9955;16;9958;15;;;9952.0;0.0
av_WHEAT_d10;52400;INTARIAN_PEPPER_ROOT;10084;20;10082;14;;;10098;6;10101;15;;;10091.0;0.0
av_WHEAT_d10;52500;ASH_COATED_OSMIUM;9931;13;9927;12;;;9974;9;9978;22;;;9952.5;0.0
av_WHEAT_d10;52500;INTARIAN_PEPPER_ROOT;10084;17;10082;22;;;10098;22;10101;16;;;10091.0;0.0
av_WHEAT_d10;52600;ASH_COATED_OSMIUM;9950;17;9948;18;;;9956;7;9960;23;;;9953.0;0.0
av_WHEAT_d10;52600;INTARIAN_PEPPER_ROOT;10089;13;10086;15;;;10096;15;10098;16;;;10092.5;0.0
av_WHEAT_d10;52700;ASH_COATED_OSMIUM;9944;18;9941;16;;;9960;18;9962;14;;;9952.0;0.0
av_WHEAT_d10;52700;INTARIAN_PEPPER_ROOT;10087;17;10085;18;;;10099;12;10101;25;;;10093.0;0.0
av_WHEAT_d10;52800;ASH_COATED_OSMIUM;9950;18;9946;24;;;9956;16;9960;14;;;9953.0;0.0
av_WHEAT_d10;52800;INTARIAN_PEPPER_ROOT;10091;19;10087;21;;;10097;8;10099;15;;;10094.0;0.0
av_WHEAT_d10;52900;ASH_COATED_OSMIUM;9950;13;9947;22;;;9956;19;9958;17;;;9953.0;0.0
av_WHEAT_d10;52900;INTARIAN_PEPPER_ROOT;10092;20;10089;25;;;10098;9;10100;21;;;10095.0;0.0
av_WHEAT_d10;53000;ASH_COATED_OSMIUM;9950;20;9947;23;;;9956;19;9958;13;;;9953.0;0.0
av_WHEAT_d10;53000;INTARIAN_PEPPER_ROOT;10091;13;10089;12;;;10100;8;10102;16;;;10095.5;0.0
av_WHEAT_d10;53100;ASH_COATED_OSMIUM;9949;12;9945;22;;;9957;15;9959;24;;;9953.0;0.0
av_WHEAT_d10;53100;INTARIAN_PEPPER_ROOT;10085;21;10081;15;;;10107;15;10111;18;;;10096.0;0.0
av_WHEAT_d10;53200;ASH_COATED_OSMIUM;9947;19;9944;21;;;9960;16;9962;15;;;9953.5;0.0
av_WHEAT_d10;53200;INTARIAN_PEPPER_ROOT;10093;11;10090;26;;;10099;16;10103;16;;;10096.0;0.0
av_WHEAT_d10;53300;ASH_COATED_OSMIUM;9950;13;9947;12;;;9956;16;9959;19;;;9953.0;0.0
av_WHEAT_d10;53300;INTARIAN_PEPPER_ROOT;10089;12;10085;8;;;10106;17;10109;16;;;10097.5;0.0
av_WHEAT_d10;53400;ASH_COATED_OSMIUM;9951;22;9948;22;;;9957;8;9961;19;;;9954.0;0.0
av_WHEAT_d10;53400;INTARIAN_PEPPER_ROOT;10094;21;10092;22;;;10102;7;10104;27;;;10098.0;0.0
av_WHEAT_d10;53500;ASH_COATED_OSMIUM;9950;17;9947;21;;;9958;10;9962;25;;;9954.0;0.0
av_WHEAT_d10;53500;INTARIAN_PEPPER_ROOT;10091;20;10089;19;;;10106;12;10109;22;;;10098.5;0.0
av_WHEAT_d10;53600;ASH_COATED_OSMIUM;9951;22;9947;25;;;9957;17;9961;13;;;9954.0;0.0
av_WHEAT_d10;53600;INTARIAN_PEPPER_ROOT;10090;11;10088;18;;;10109;22;10113;28;;;10099.5;0.0
av_WHEAT_d10;53700;ASH_COATED_OSMIUM;9947;17;9945;17;;;9961;19;9964;19;;;9954.0;0.0
av_WHEAT_d10;53700;INTARIAN_PEPPER_ROOT;10095;15;10093;13;;;10106;12;10110;14;;;10100.5;0.0
av_WHEAT_d10;53800;ASH_COATED_OSMIUM;9952;17;9949;19;;;9958;22;9962;18;;;9955.0;0.0
av_WHEAT_d10;53800;INTARIAN_PEPPER_ROOT;10097;21;10095;14;;;10105;19;10107;19;;;10101.0;0.0
av_WHEAT_d10;53900;ASH_COATED_OSMIUM;9952;17;9948;25;;;9958;14;9961;26;;;9955.0;0.0
av_WHEAT_d10;53900;INTARIAN_PEPPER_ROOT;10094;14;10092;12;;;10110;21;10113;29;;;10102.0;0.0
av_WHEAT_d10;54000;ASH_COATED_OSMIUM;9952;10;9949;12;;;9958;18;9961;16;;;9955.0;0.0
av_WHEAT_d10;54000;INTARIAN_PEPPER_ROOT;10099;15;10096;15;;;10105;5;10108;17;;;10102.0;0.0
av_WHEAT_d10;54100;ASH_COATED_OSMIUM;9950;15;9947;19;;;9960;16;9962;17;;;9955.0;0.0
av_WHEAT_d10;54100;INTARIAN_PEPPER_ROOT;10101;14;10097;20;;;10107;21;10110;27;;;10104.0;0.0
av_WHEAT_d10;54200;ASH_COATED_OSMIUM;9945;15;9943;26;;;9966;16;9970;32;;;9955.5;0.0
av_WHEAT_d10;54200;INTARIAN_PEPPER_ROOT;10100;5;10096;21;;;10107;12;10110;13;;;10103.5;0.0
av_WHEAT_d10;54300;ASH_COATED_OSMIUM;9949;21;9945;29;;;9963;12;9966;23;;;9956.0;0.0
av_WHEAT_d10;54300;INTARIAN_PEPPER_ROOT;10102;11;10099;23;;;10108;13;10111;24;;;10105.0;0.0
av_WHEAT_d10;54400;ASH_COATED_OSMIUM;9952;5;9950;22;;;9958;15;9962;15;;;9955.0;0.0
av_WHEAT_d10;54400;INTARIAN_PEPPER_ROOT;10103;10;10099;22;;;10109;24;10112;18;;;10106.0;0.0
av_WHEAT_d10;54500;ASH_COATED_OSMIUM;9947;5;9943;23;;;9963;11;9966;22;;;9955.0;0.0
av_WHEAT_d10;54500;INTARIAN_PEPPER_ROOT;10103;5;10100;13;;;10109;17;10111;20;;;10106.0;0.0
av_WHEAT_d10;54600;ASH_COATED_OSMIUM;9954;20;9950;19;;;9960;9;9962;24;;;9957.0;0.0
av_WHEAT_d10;54600;INTARIAN_PEPPER_ROOT;10091;11;10089;14;;;10122;16;10124;21;;;10106.5;0.0
av_WHEAT_d10;54700;ASH_COATED_OSMIUM;9935;15;9932;23;;;9978;13;9982;21;;;9956.5;0.0
av_WHEAT_d10;54700;INTARIAN_PEPPER_ROOT;10105;9;10101;14;;;10111;7;10115;20;;;10108.0;0.0
av_WHEAT_d10;54800;ASH_COATED_OSMIUM;9948;24;9946;18;;;9965;8;9968;15;;;9956.5;0.0
av_WHEAT_d10;54800;INTARIAN_PEPPER_ROOT;10106;13;10104;22;;;10112;15;10115;25;;;10109.0;0.0
av_WHEAT_d10;54900;ASH_COATED_OSMIUM;9939;23;9937;23;;;9975;19;9978;18;;;9957.0;0.0
av_WHEAT_d10;54900;INTARIAN_PEPPER_ROOT;10107;15;10103;30;;;10113;13;10115;14;;;10110.0;0.0
av_WHEAT_d10;55000;ASH_COATED_OSMIUM;9954;20;9950;13;;;9960;22;9962;16;;;9957.0;0.0
av_WHEAT_d10;55000;INTARIAN_PEPPER_ROOT;10102;19;10099;21;;;10119;18;10123;22;;;10110.5;0.0
av_WHEAT_d10;55100;ASH_COATED_OSMIUM;9954;17;9950;17;;;9960;15;9962;30;;;9957.0;0.0
av_WHEAT_d10;55100;INTARIAN_PEPPER_ROOT;10103;9;10100;17;;;10120;18;10123;16;;;10111.5;0.0
av_WHEAT_d10;55200;ASH_COATED_OSMIUM;9954;17;9950;21;;;9960;15;9964;30;;;9957.0;0.0
av_WHEAT_d10;55200;INTARIAN_PEPPER_ROOT;10108;19;10106;16;;;10115;11;10119;22;;;10111.5;0.0
av_WHEAT_d10;55300;ASH_COATED_OSMIUM;9955;11;9953;23;;;9961;21;9964;17;;;9958.0;0.0
av_WHEAT_d10;55300;INTARIAN_PEPPER_ROOT;10109;18;10107;24;;;10115;8;10119;16;;;10112.0;0.0
av_WHEAT_d10;55400;ASH_COATED_OSMIUM;9955;18;9953;16;;;9961;18;9964;18;;;9958.0;0.0
av_WHEAT_d10;55400;INTARIAN_PEPPER_ROOT;10110;13;10108;20;;;10116;19;10118;18;;;10113.0;0.0
av_WHEAT_d10;55500;ASH_COATED_OSMIUM;9955;16;9952;19;;;9961;13;9963;13;;;9958.0;0.0
av_WHEAT_d10;55500;INTARIAN_PEPPER_ROOT;10111;12;10107;17;;;10117;21;10121;15;;;10114.0;0.0
av_WHEAT_d10;55600;ASH_COATED_OSMIUM;9955;12;9952;15;;;9961;18;9964;24;;;9958.0;0.0
av_WHEAT_d10;55600;INTARIAN_PEPPER_ROOT;10112;20;10108;17;;;10118;16;10120;24;;;10115.0;0.0
av_WHEAT_d10;55700;ASH_COATED_OSMIUM;9951;7;9949;20;;;9965;17;9969;19;;;9958.0;0.0
av_WHEAT_d10;55700;INTARIAN_PEPPER_ROOT;10113;13;10111;20;;;10119;17;10122;29;;;10116.0;0.0
av_WHEAT_d10;55800;ASH_COATED_OSMIUM;9954;15;9951;11;;;9964;10;9968;21;;;9959.0;0.0
av_WHEAT_d10;55800;INTARIAN_PEPPER_ROOT;10113;16;10109;26;;;10119;7;10121;16;;;10116.0;0.0
av_WHEAT_d10;55900;ASH_COATED_OSMIUM;9953;14;9949;17;;;9966;22;9968;17;;;9959.5;0.0
av_WHEAT_d10;55900;INTARIAN_PEPPER_ROOT;10112;8;10108;20;;;10122;21;10124;22;;;10117.0;0.0
av_WHEAT_d10;56000;ASH_COATED_OSMIUM;9949;16;9945;25;;;9968;13;9971;26;;;9958.5;0.0
av_WHEAT_d10;56000;INTARIAN_PEPPER_ROOT;10115;10;10113;27;;;10121;20;10125;20;;;10118.0;0.0
av_WHEAT_d10;56100;ASH_COATED_OSMIUM;9957;11;9953;21;;;9963;15;9967;17;;;9960.0;0.0
av_WHEAT_d10;56100;INTARIAN_PEPPER_ROOT;10114;20;10111;17;;;10122;13;10126;16;;;10118.0;0.0
av_WHEAT_d10;56200;ASH_COATED_OSMIUM;9956;12;9954;14;;;9962;16;9965;21;;;9959.0;0.0
av_WHEAT_d10;56200;INTARIAN_PEPPER_ROOT;10112;11;10108;22;;;10127;5;10130;23;;;10119.5;0.0
av_WHEAT_d10;56300;ASH_COATED_OSMIUM;9957;18;9955;20;;;9963;19;9967;18;;;9960.0;0.0
av_WHEAT_d10;56300;INTARIAN_PEPPER_ROOT;10115;25;10112;31;;;10125;13;10127;20;;;10120.0;0.0
av_WHEAT_d10;56400;ASH_COATED_OSMIUM;9957;9;9953;12;;;9963;15;9965;28;;;9960.0;0.0
av_WHEAT_d10;56400;INTARIAN_PEPPER_ROOT;10110;20;10106;22;;;10132;15;10135;23;;;10121.0;0.0
av_WHEAT_d10;56500;ASH_COATED_OSMIUM;9957;21;9954;15;;;9963;22;9966;16;;;9960.0;0.0
av_WHEAT_d10;56500;INTARIAN_PEPPER_ROOT;10119;17;10116;11;;;10125;10;10129;16;;;10122.0;0.0
av_WHEAT_d10;56600;ASH_COATED_OSMIUM;9957;20;9953;14;;;9963;15;9967;27;;;9960.0;0.0
av_WHEAT_d10;56600;INTARIAN_PEPPER_ROOT;10119;14;10115;21;;;10125;19;10128;19;;;10122.0;0.0
av_WHEAT_d10;56700;ASH_COATED_OSMIUM;9957;18;9953;32;;;9963;14;9966;17;;;9960.0;0.0
av_WHEAT_d10;56700;INTARIAN_PEPPER_ROOT;10120;23;10116;17;;;10126;12;10130;15;;;10123.0;0.0
av_WHEAT_d10;56800;ASH_COATED_OSMIUM;9958;14;9956;12;;;9964;15;9966;20;;;9961.0;0.0
av_WHEAT_d10;56800;INTARIAN_PEPPER_ROOT;10121;13;10119;21;;;10127;18;10131;21;;;10124.0;0.0
av_WHEAT_d10;56900;ASH_COATED_OSMIUM;9958;10;9954;23;;;9964;11;9968;22;;;9961.0;0.0
av_WHEAT_d10;56900;INTARIAN_PEPPER_ROOT;10120;8;10118;21;;;10129;8;10131;28;;;10124.5;0.0
av_WHEAT_d10;57000;ASH_COATED_OSMIUM;9958;16;9954;26;;;9964;21;9968;14;;;9961.0;0.0
