day;timestamp;product;bid_price_1;bid_volume_1;bid_price_2;bid_volume_2;bid_price_3;bid_volume_3;ask_price_1;ask_volume_1;ask_price_2;ask_volume_2;ask_price_3;ask_volume_3;mid_price;profit_and_loss
yf_ZW=F_d0;0;ASH_COATED_OSMIUM;10036;14;10034;19;;;10042;16;10046;21;;;10039.0;0.0
yf_ZW=F_d0;0;INTARIAN_PEPPER_ROOT;10235;13;10233;21;;;10241;18;10243;25;;;10238.0;0.0
yf_ZW=F_d0;100;ASH_COATED_OSMIUM;10033;16;10029;18;;;10045;20;10048;18;;;10039.0;0.0
yf_ZW=F_d0;100;INTARIAN_PEPPER_ROOT;10234;20;10232;26;;;10240;13;10242;14;;;10237.0;0.0
yf_ZW=F_d0;200;ASH_COATED_OSMIUM;10035;13;10033;22;;;10041;17;10043;20;;;10038.0;0.0
yf_ZW=F_d0;200;INTARIAN_PEPPER_ROOT;10232;12;10229;21;;;10238;16;10242;25;;;10235.0;0.0
yf_ZW=F_d0;300;ASH_COATED_OSMIUM;10031;14;10029;18;;;10047;10;10051;28;;;10039.0;0.0
yf_ZW=F_d0;300;INTARIAN_PEPPER_ROOT;10226;15;10223;30;;;10242;14;10244;25;;;10234.0;0.0
yf_ZW=F_d0;400;ASH_COATED_OSMIUM;10035;17;10031;8;;;10041;13;10043;29;;;10038.0;0.0
yf_ZW=F_d0;400;INTARIAN_PEPPER_ROOT;10225;18;10222;21;;;10239;13;10243;20;;;10232.0;0.0
yf_ZW=F_d0;500;ASH_COATED_OSMIUM;10033;11;10031;28;;;10044;9;10047;17;;;10038.5;0.0
yf_ZW=F_d0;500;INTARIAN_PEPPER_ROOT;10228;17;10226;16;;;10234;20;10237;28;;;10231.0;0.0
yf_ZW=F_d0;600;ASH_COATED_OSMIUM;10035;15;10033;22;;;10041;25;10045;19;;;10038.0;0.0
yf_ZW=F_d0;600;INTARIAN_PEPPER_ROOT;10224;11;10221;18;;;10237;20;10239;18;;;10230.5;0.0
yf_ZW=F_d0;700;ASH_COATED_OSMIUM;10033;21;10029;12;;;10043;22;10047;17;;;10038.0;0.0
yf_ZW=F_d0;700;INTARIAN_PEPPER_ROOT;10225;15;10223;24;;;10231;21;10233;20;;;10228.0;0.0
yf_ZW=F_d0;800;ASH_COATED_OSMIUM;10035;14;10032;22;;;10041;12;10045;29;;;10038.0;0.0
yf_ZW=F_d0;800;INTARIAN_PEPPER_ROOT;10220;20;10218;18;;;10233;19;10236;20;;;10226.5;0.0
yf_ZW=F_d0;900;ASH_COATED_OSMIUM;10035;12;10033;20;;;10041;18;10044;10;;;10038.0;0.0
yf_ZW=F_d0;900;INTARIAN_PEPPER_ROOT;10218;16;10216;10;;;10234;15;10238;15;;;10226.0;0.0
yf_ZW=F_d0;1000;ASH_COATED_OSMIUM;10034;18;10030;19;;;10040;8;10043;24;;;10037.0;0.0
yf_ZW=F_d0;1000;INTARIAN_PEPPER_ROOT;10221;17;10217;23;;;10227;9;10229;27;;;10224.0;0.0
yf_ZW=F_d0;1100;ASH_COATED_OSMIUM;10034;17;10031;13;;;10041;6;10043;19;;;10037.5;0.0
yf_ZW=F_d0;1100;INTARIAN_PEPPER_ROOT;10219;10;10216;23;;;10227;22;10231;21;;;10223.0;0.0
yf_ZW=F_d0;1200;ASH_COATED_OSMIUM;10029;14;10025;20;;;10045;21;10049;20;;;10037.0;0.0
yf_ZW=F_d0;1200;INTARIAN_PEPPER_ROOT;10218;15;10214;18;;;10224;23;10227;18;;;10221.0;0.0
yf_ZW=F_d0;1300;ASH_COATED_OSMIUM;10033;8;10029;27;;;10040;13;10044;18;;;10036.5;0.0
yf_ZW=F_d0;1300;INTARIAN_PEPPER_ROOT;10217;11;10215;30;;;10223;17;10227;18;;;10220.0;0.0
yf_ZW=F_d0;1400;ASH_COATED_OSMIUM;10034;9;10030;8;;;10040;24;10042;29;;;10037.0;0.0
yf_ZW=F_d0;1400;INTARIAN_PEPPER_ROOT;10213;16;10211;30;;;10225;18;10229;28;;;10219.0;0.0
yf_ZW=F_d0;1500;ASH_COATED_OSMIUM;10019;11;10016;22;;;10055;12;10057;23;;;10037.0;0.0
yf_ZW=F_d0;1500;INTARIAN_PEPPER_ROOT;10214;16;10212;21;;;10220;10;10224;21;;;10217.0;0.0
yf_ZW=F_d0;1600;ASH_COATED_OSMIUM;10034;17;10032;25;;;10040;15;10043;23;;;10037.0;0.0
yf_ZW=F_d0;1600;INTARIAN_PEPPER_ROOT;10213;14;10211;19;;;10219;13;10221;20;;;10216.0;0.0
yf_ZW=F_d0;1700;ASH_COATED_OSMIUM;10033;16;10029;18;;;10039;7;10042;15;;;10036.0;0.0
yf_ZW=F_d0;1700;INTARIAN_PEPPER_ROOT;10210;23;10208;27;;;10219;12;10223;19;;;10214.5;0.0
yf_ZW=F_d0;1800;ASH_COATED_OSMIUM;10033;26;10030;19;;;10039;16;10042;8;;;10036.0;0.0
yf_ZW=F_d0;1800;INTARIAN_PEPPER_ROOT;10206;14;10203;15;;;10220;7;10224;23;;;10213.0;0.0
yf_ZW=F_d0;1900;ASH_COATED_OSMIUM;10033;28;10029;8;;;10039;21;10041;27;;;10036.0;0.0
yf_ZW=F_d0;1900;INTARIAN_PEPPER_ROOT;10195;9;10191;19;;;10228;15;10230;20;;;10211.5;0.0
yf_ZW=F_d0;2000;ASH_COATED_OSMIUM;10033;10;10030;20;;;10039;23;10043;21;;;10036.0;0.0
yf_ZW=F_d0;2000;INTARIAN_PEPPER_ROOT;10207;13;10203;23;;;10213;13;10216;15;;;10210.0;0.0
yf_ZW=F_d0;2100;ASH_COATED_OSMIUM;10033;15;10030;26;;;10039;12;10041;18;;;10036.0;0.0
yf_ZW=F_d0;2100;INTARIAN_PEPPER_ROOT;10206;12;10202;16;;;10212;20;10216;14;;;10209.0;0.0
yf_ZW=F_d0;2200;ASH_COATED_OSMIUM;10032;19;10030;25;;;10038;11;10041;22;;;10035.0;0.0
yf_ZW=F_d0;2200;INTARIAN_PEPPER_ROOT;10204;17;10200;21;;;10210;8;10212;18;;;10207.0;0.0
yf_ZW=F_d0;2300;ASH_COATED_OSMIUM;10024;5;10021;17;;;10047;10;10051;23;;;10035.5;0.0
yf_ZW=F_d0;2300;INTARIAN_PEPPER_ROOT;10185;13;10183;20;;;10227;11;10231;27;;;10206.0;0.0
yf_ZW=F_d0;2400;ASH_COATED_OSMIUM;10032;15;10028;18;;;10039;8;10042;22;;;10035.5;0.0
yf_ZW=F_d0;2400;INTARIAN_PEPPER_ROOT;10201;14;10198;19;;;10207;23;10210;24;;;10204.0;0.0
yf_ZW=F_d0;2500;ASH_COATED_OSMIUM;10031;10;10028;22;;;10037;14;10040;16;;;10034.0;0.0
yf_ZW=F_d0;2500;INTARIAN_PEPPER_ROOT;10200;5;10197;15;;;10206;11;10209;17;;;10203.0;0.0
yf_ZW=F_d0;2600;ASH_COATED_OSMIUM;10022;25;10020;21;;;10048;14;10051;18;;;10035.0;0.0
yf_ZW=F_d0;2600;INTARIAN_PEPPER_ROOT;10199;10;10197;29;;;10205;12;10207;18;;;10202.0;0.0
yf_ZW=F_d0;2700;ASH_COATED_OSMIUM;10032;11;10030;12;;;10038;17;10040;34;;;10035.0;0.0
yf_ZW=F_d0;2700;INTARIAN_PEPPER_ROOT;10198;21;10195;13;;;10204;13;10208;18;;;10201.0;0.0
yf_ZW=F_d0;2800;ASH_COATED_OSMIUM;10023;13;10019;19;;;10046;9;10049;13;;;10034.5;0.0
yf_ZW=F_d0;2800;INTARIAN_PEPPER_ROOT;10196;14;10193;18;;;10202;9;10204;15;;;10199.0;0.0
yf_ZW=F_d0;2900;ASH_COATED_OSMIUM;10021;12;10019;14;;;10048;16;10052;21;;;10034.5;0.0
yf_ZW=F_d0;2900;INTARIAN_PEPPER_ROOT;10194;11;10190;15;;;10203;12;10207;13;;;10198.5;0.0
yf_ZW=F_d0;3000;ASH_COATED_OSMIUM;10031;23;10029;21;;;10037;14;10040;16;;;10034.0;0.0
yf_ZW=F_d0;3000;INTARIAN_PEPPER_ROOT;10193;7;10189;21;;;10199;14;10202;30;;;10196.0;0.0
yf_ZW=F_d0;3100;ASH_COATED_OSMIUM;10031;21;10027;26;;;10037;12;10040;16;;;10034.0;0.0
yf_ZW=F_d0;3100;INTARIAN_PEPPER_ROOT;10191;16;10188;25;;;10199;21;10203;25;;;10195.0;0.0
yf_ZW=F_d0;3200;ASH_COATED_OSMIUM;10029;17;10027;18;;;10039;8;10042;19;;;10034.0;0.0
yf_ZW=F_d0;3200;INTARIAN_PEPPER_ROOT;10187;14;10185;18;;;10200;13;10202;16;;;10193.5;0.0
yf_ZW=F_d0;3300;ASH_COATED_OSMIUM;10023;16;10021;12;;;10044;11;10046;11;;;10033.5;0.0
yf_ZW=F_d0;3300;INTARIAN_PEPPER_ROOT;10190;21;10186;25;;;10196;21;10200;24;;;10193.0;0.0
yf_ZW=F_d0;3400;ASH_COATED_OSMIUM;10031;14;10029;10;;;10037;20;10039;17;;;10034.0;0.0
yf_ZW=F_d0;3400;INTARIAN_PEPPER_ROOT;10188;14;10184;11;;;10194;10;10196;16;;;10191.0;0.0
yf_ZW=F_d0;3500;ASH_COATED_OSMIUM;10030;13;10026;27;;;10036;11;10040;19;;;10033.0;0.0
yf_ZW=F_d0;3500;INTARIAN_PEPPER_ROOT;10185;8;10182;20;;;10194;12;10197;21;;;10189.5;0.0
yf_ZW=F_d0;3600;ASH_COATED_OSMIUM;10031;14;10028;25;;;10037;12;10039;16;;;10034.0;0.0
yf_ZW=F_d0;3600;INTARIAN_PEPPER_ROOT;10186;8;10184;24;;;10192;20;10194;14;;;10189.0;0.0
yf_ZW=F_d0;3700;ASH_COATED_OSMIUM;10031;20;10028;15;;;10037;12;10039;15;;;10034.0;0.0
yf_ZW=F_d0;3700;INTARIAN_PEPPER_ROOT;10185;15;10183;21;;;10191;15;10193;20;;;10188.0;0.0
yf_ZW=F_d0;3800;ASH_COATED_OSMIUM;10030;24;10028;14;;;10036;9;10039;19;;;10033.0;0.0
yf_ZW=F_d0;3800;INTARIAN_PEPPER_ROOT;10179;16;10177;20;;;10192;21;10194;23;;;10185.5;0.0
yf_ZW=F_d0;3900;ASH_COATED_OSMIUM;10030;16;10027;12;;;10036;16;10040;22;;;10033.0;0.0
yf_ZW=F_d0;3900;INTARIAN_PEPPER_ROOT;10180;17;10178;20;;;10189;20;10193;23;;;10184.5;0.0
yf_ZW=F_d0;4000;ASH_COATED_OSMIUM;10030;17;10028;13;;;10036;13;10038;22;;;10033.0;0.0
yf_ZW=F_d0;4000;INTARIAN_PEPPER_ROOT;10179;14;10176;17;;;10187;7;10191;17;;;10183.0;0.0
yf_ZW=F_d0;4100;ASH_COATED_OSMIUM;10009;16;10007;9;;;10055;17;10058;18;;;10032.0;0.0
yf_ZW=F_d0;4100;INTARIAN_PEPPER_ROOT;10178;10;10176;18;;;10184;15;10186;27;;;10181.0;0.0
yf_ZW=F_d0;4200;ASH_COATED_OSMIUM;10030;17;10026;21;;;10036;12;10040;25;;;10033.0;0.0
yf_ZW=F_d0;4200;INTARIAN_PEPPER_ROOT;10177;15;10175;25;;;10183;13;10187;19;;;10180.0;0.0
yf_ZW=F_d0;4300;ASH_COATED_OSMIUM;10023;16;10021;13;;;10041;22;10044;23;;;10032.0;0.0
yf_ZW=F_d0;4300;INTARIAN_PEPPER_ROOT;10169;18;10167;17;;;10189;11;10192;19;;;10179.0;0.0
yf_ZW=F_d0;4400;ASH_COATED_OSMIUM;10029;12;10025;10;;;10036;11;10039;12;;;10032.5;0.0
yf_ZW=F_d0;4400;INTARIAN_PEPPER_ROOT;10171;16;10168;14;;;10185;17;10188;17;;;10178.0;0.0
yf_ZW=F_d0;4500;ASH_COATED_OSMIUM;10024;15;10020;15;;;10039;19;10041;25;;;10031.5;0.0
yf_ZW=F_d0;4500;INTARIAN_PEPPER_ROOT;10172;20;10169;28;;;10178;14;10182;24;;;10175.0;0.0
yf_ZW=F_d0;4600;ASH_COATED_OSMIUM;10029;19;10025;24;;;10035;14;10037;8;;;10032.0;0.0
yf_ZW=F_d0;4600;INTARIAN_PEPPER_ROOT;10172;5;10168;34;;;10178;12;10180;16;;;10175.0;0.0
yf_ZW=F_d0;4700;ASH_COATED_OSMIUM;10015;10;10011;24;;;10048;9;10051;19;;;10031.5;0.0
yf_ZW=F_d0;4700;INTARIAN_PEPPER_ROOT;10167;11;10165;14;;;10178;22;10182;17;;;10172.5;0.0
yf_ZW=F_d0;4800;ASH_COATED_OSMIUM;10029;14;10027;13;;;10035;14;10039;19;;;10032.0;0.0
yf_ZW=F_d0;4800;INTARIAN_PEPPER_ROOT;10163;19;10159;17;;;10180;15;10182;24;;;10171.5;0.0
yf_ZW=F_d0;4900;ASH_COATED_OSMIUM;10029;10;10025;23;;;10035;17;10039;28;;;10032.0;0.0
yf_ZW=F_d0;4900;INTARIAN_PEPPER_ROOT;10165;5;10163;16;;;10176;10;10178;24;;;10170.5;0.0
yf_ZW=F_d0;5000;ASH_COATED_OSMIUM;10028;5;10026;24;;;10034;7;10037;22;;;10031.0;0.0
yf_ZW=F_d0;5000;INTARIAN_PEPPER_ROOT;10166;18;10163;21;;;10172;8;10174;29;;;10169.0;0.0
yf_ZW=F_d0;5100;ASH_COATED_OSMIUM;10028;9;10024;16;;;10035;16;10038;30;;;10031.5;0.0
yf_ZW=F_d0;5100;INTARIAN_PEPPER_ROOT;10165;9;10161;22;;;10171;11;10174;25;;;10168.0;0.0
yf_ZW=F_d0;5200;ASH_COATED_OSMIUM;10027;13;10025;22;;;10034;14;10036;23;;;10030.5;0.0
yf_ZW=F_d0;5200;INTARIAN_PEPPER_ROOT;10163;16;10160;19;;;10169;15;10173;23;;;10166.0;0.0
yf_ZW=F_d0;5300;ASH_COATED_OSMIUM;10023;21;10021;18;;;10037;14;10039;21;;;10030.0;0.0
yf_ZW=F_d0;5300;INTARIAN_PEPPER_ROOT;10151;16;10148;17;;;10178;16;10180;17;;;10164.5;0.0
yf_ZW=F_d0;5400;ASH_COATED_OSMIUM;10028;11;10026;24;;;10034;12;10037;18;;;10031.0;0.0
yf_ZW=F_d0;5400;INTARIAN_PEPPER_ROOT;10160;18;10157;19;;;10166;21;10170;20;;;10163.0;0.0
yf_ZW=F_d0;5500;ASH_COATED_OSMIUM;10027;17;10024;18;;;10033;15;10036;12;;;10030.0;0.0
yf_ZW=F_d0;5500;INTARIAN_PEPPER_ROOT;10159;17;10157;24;;;10165;18;10168;18;;;10162.0;0.0
yf_ZW=F_d0;5600;ASH_COATED_OSMIUM;10027;25;10025;12;;;10033;16;10036;18;;;10030.0;0.0
yf_ZW=F_d0;5600;INTARIAN_PEPPER_ROOT;10149;6;10147;18;;;10171;20;10175;20;;;10160.0;0.0
yf_ZW=F_d0;5700;ASH_COATED_OSMIUM;10027;13;10024;28;;;10033;17;10035;13;;;10030.0;0.0
yf_ZW=F_d0;5700;INTARIAN_PEPPER_ROOT;10157;17;10155;18;;;10163;21;10167;27;;;10160.0;0.0
yf_ZW=F_d0;5800;ASH_COATED_OSMIUM;10023;10;10020;22;;;10037;18;10040;15;;;10030.0;0.0
yf_ZW=F_d0;5800;INTARIAN_PEPPER_ROOT;10154;19;10151;17;;;10161;7;10165;12;;;10157.5;0.0
yf_ZW=F_d0;5900;ASH_COATED_OSMIUM;10027;25;10024;14;;;10033;16;10036;24;;;10030.0;0.0
yf_ZW=F_d0;5900;INTARIAN_PEPPER_ROOT;10154;18;10150;21;;;10160;19;10164;21;;;10157.0;0.0
yf_ZW=F_d0;6000;ASH_COATED_OSMIUM;10027;13;10025;24;;;10033;5;10036;11;;;10030.0;0.0
yf_ZW=F_d0;6000;INTARIAN_PEPPER_ROOT;10146;12;10142;18;;;10164;14;10166;15;;;10155.0;0.0
yf_ZW=F_d0;6100;ASH_COATED_OSMIUM;10027;11;10023;8;;;10033;13;10036;19;;;10030.0;0.0
yf_ZW=F_d0;6100;INTARIAN_PEPPER_ROOT;10151;22;10148;10;;;10157;14;10161;22;;;10154.0;0.0
yf_ZW=F_d0;6200;ASH_COATED_OSMIUM;10020;25;10017;12;;;10039;20;10042;24;;;10029.5;0.0
yf_ZW=F_d0;6200;INTARIAN_PEPPER_ROOT;10146;21;10143;15;;;10159;15;10161;17;;;10152.5;0.0
yf_ZW=F_d0;6300;ASH_COATED_OSMIUM;10026;15;10023;31;;;10032;17;10034;23;;;10029.0;0.0
yf_ZW=F_d0;6300;INTARIAN_PEPPER_ROOT;10148;8;10144;19;;;10154;8;10157;25;;;10151.0;0.0
yf_ZW=F_d0;6400;ASH_COATED_OSMIUM;10026;11;10024;14;;;10032;15;10035;23;;;10029.0;0.0
yf_ZW=F_d0;6400;INTARIAN_PEPPER_ROOT;10146;11;10143;20;;;10153;21;10156;17;;;10149.5;0.0
yf_ZW=F_d0;6500;ASH_COATED_OSMIUM;10024;21;10022;13;;;10034;8;10038;12;;;10029.0;0.0
yf_ZW=F_d0;6500;INTARIAN_PEPPER_ROOT;10145;21;10142;10;;;10151;21;10155;19;;;10148.0;0.0
yf_ZW=F_d0;6600;ASH_COATED_OSMIUM;10026;10;10024;18;;;10032;15;10034;20;;;10029.0;0.0
yf_ZW=F_d0;6600;INTARIAN_PEPPER_ROOT;10144;16;10140;18;;;10150;8;10154;17;;;10147.0;0.0
yf_ZW=F_d0;6700;ASH_COATED_OSMIUM;10018;6;10016;25;;;10040;22;10043;25;;;10029.0;0.0
yf_ZW=F_d0;6700;INTARIAN_PEPPER_ROOT;10143;17;10139;15;;;10149;15;10153;19;;;10146.0;0.0
yf_ZW=F_d0;6800;ASH_COATED_OSMIUM;10011;26;10008;18;;;10047;17;10051;20;;;10029.0;0.0
yf_ZW=F_d0;6800;INTARIAN_PEPPER_ROOT;10142;17;10140;24;;;10148;18;10150;15;;;10145.0;0.0
yf_ZW=F_d0;6900;ASH_COATED_OSMIUM;10025;14;10021;16;;;10031;23;10033;14;;;10028.0;0.0
yf_ZW=F_d0;6900;INTARIAN_PEPPER_ROOT;10139;11;10137;22;;;10146;5;10148;26;;;10142.5;0.0
yf_ZW=F_d0;7000;ASH_COATED_OSMIUM;10024;15;10021;14;;;10031;17;10035;21;;;10027.5;0.0
yf_ZW=F_d0;7000;INTARIAN_PEPPER_ROOT;10137;15;10134;22;;;10144;19;10146;14;;;10140.5;0.0
yf_ZW=F_d0;7100;ASH_COATED_OSMIUM;10024;10;10022;18;;;10031;8;10034;20;;;10027.5;0.0
yf_ZW=F_d0;7100;INTARIAN_PEPPER_ROOT;10137;16;10134;18;;;10143;15;10146;17;;;10140.0;0.0
yf_ZW=F_d0;7200;ASH_COATED_OSMIUM;10025;21;10022;23;;;10031;13;10035;14;;;10028.0;0.0
yf_ZW=F_d0;7200;INTARIAN_PEPPER_ROOT;10135;18;10131;22;;;10143;15;10147;18;;;10139.0;0.0
yf_ZW=F_d0;7300;ASH_COATED_OSMIUM;10019;16;10016;16;;;10036;12;10038;22;;;10027.5;0.0
yf_ZW=F_d0;7300;INTARIAN_PEPPER_ROOT;10134;17;10130;20;;;10140;24;10142;17;;;10137.0;0.0
yf_ZW=F_d0;7400;ASH_COATED_OSMIUM;10018;19;10015;24;;;10037;17;10041;19;;;10027.5;0.0
yf_ZW=F_d0;7400;INTARIAN_PEPPER_ROOT;10131;16;10128;16;;;10141;5;10145;20;;;10136.0;0.0
yf_ZW=F_d0;7500;ASH_COATED_OSMIUM;10024;15;10020;14;;;10030;17;10032;16;;;10027.0;0.0
yf_ZW=F_d0;7500;INTARIAN_PEPPER_ROOT;10132;13;10129;18;;;10138;9;10142;17;;;10135.0;0.0
yf_ZW=F_d0;7600;ASH_COATED_OSMIUM;10024;14;10020;21;;;10031;18;10035;20;;;10027.5;0.0
yf_ZW=F_d0;7600;INTARIAN_PEPPER_ROOT;10131;11;10127;11;;;10137;14;10140;15;;;10134.0;0.0
yf_ZW=F_d0;7700;ASH_COATED_OSMIUM;10024;14;10020;23;;;10030;22;10034;17;;;10027.0;0.0
yf_ZW=F_d0;7700;INTARIAN_PEPPER_ROOT;10129;10;10126;25;;;10135;8;10137;20;;;10132.0;0.0
yf_ZW=F_d0;7800;ASH_COATED_OSMIUM;10023;15;10020;18;;;10029;5;10031;17;;;10026.0;0.0
yf_ZW=F_d0;7800;INTARIAN_PEPPER_ROOT;10127;13;10124;14;;;10133;15;10137;20;;;10130.0;0.0
yf_ZW=F_d0;7900;ASH_COATED_OSMIUM;10018;6;10016;21;;;10036;10;10038;24;;;10027.0;0.0
yf_ZW=F_d0;7900;INTARIAN_PEPPER_ROOT;10126;12;10123;20;;;10132;17;10134;15;;;10129.0;0.0
yf_ZW=F_d0;8000;ASH_COATED_OSMIUM;10023;10;10020;18;;;10029;24;10033;17;;;10026.0;0.0
yf_ZW=F_d0;8000;INTARIAN_PEPPER_ROOT;10121;13;10119;13;;;10134;11;10138;16;;;10127.5;0.0
yf_ZW=F_d0;8100;ASH_COATED_OSMIUM;10023;16;10021;12;;;10029;18;10033;23;;;10026.0;0.0
yf_ZW=F_d0;8100;INTARIAN_PEPPER_ROOT;10119;19;10116;23;;;10134;20;10137;19;;;10126.5;0.0
yf_ZW=F_d0;8200;ASH_COATED_OSMIUM;10022;18;10018;10;;;10029;9;10031;26;;;10025.5;0.0
yf_ZW=F_d0;8200;INTARIAN_PEPPER_ROOT;10122;18;10118;18;;;10129;11;10132;17;;;10125.5;0.0
yf_ZW=F_d0;8300;ASH_COATED_OSMIUM;10023;24;10020;21;;;10029;16;10032;19;;;10026.0;0.0
yf_ZW=F_d0;8300;INTARIAN_PEPPER_ROOT;10120;9;10117;30;;;10126;8;10129;18;;;10123.0;0.0
yf_ZW=F_d0;8400;ASH_COATED_OSMIUM;10018;5;10014;26;;;10034;6;10036;21;;;10026.0;0.0
yf_ZW=F_d0;8400;INTARIAN_PEPPER_ROOT;10117;14;10115;12;;;10129;15;10132;12;;;10123.0;0.0
yf_ZW=F_d0;8500;ASH_COATED_OSMIUM;10023;8;10021;21;;;10029;11;10031;8;;;10026.0;0.0
yf_ZW=F_d0;8500;INTARIAN_PEPPER_ROOT;10118;19;10115;11;;;10124;16;10127;15;;;10121.0;0.0
yf_ZW=F_d0;8600;ASH_COATED_OSMIUM;10023;10;10020;23;;;10029;19;10031;16;;;10026.0;0.0
yf_ZW=F_d0;8600;INTARIAN_PEPPER_ROOT;10116;22;10114;18;;;10123;20;10126;11;;;10119.5;0.0
yf_ZW=F_d0;8700;ASH_COATED_OSMIUM;10017;17;10013;18;;;10033;8;10037;33;;;10025.0;0.0
yf_ZW=F_d0;8700;INTARIAN_PEPPER_ROOT;10115;11;10111;18;;;10121;11;10123;22;;;10118.0;0.0
yf_ZW=F_d0;8800;ASH_COATED_OSMIUM;10022;18;10019;18;;;10028;9;10032;19;;;10025.0;0.0
yf_ZW=F_d0;8800;INTARIAN_PEPPER_ROOT;10107;11;10104;18;;;10126;21;10130;24;;;10116.5;0.0
yf_ZW=F_d0;8900;ASH_COATED_OSMIUM;10022;13;10018;17;;;10028;20;10031;19;;;10025.0;0.0
yf_ZW=F_d0;8900;INTARIAN_PEPPER_ROOT;10112;15;10108;19;;;10118;19;10122;26;;;10115.0;0.0
yf_ZW=F_d0;9000;ASH_COATED_OSMIUM;10022;15;10019;27;;;10028;16;10032;24;;;10025.0;0.0
yf_ZW=F_d0;9000;INTARIAN_PEPPER_ROOT;10111;6;10107;15;;;10117;12;10121;24;;;10114.0;0.0
yf_ZW=F_d0;9100;ASH_COATED_OSMIUM;10020;23;10016;28;;;10029;17;10032;18;;;10024.5;0.0
yf_ZW=F_d0;9100;INTARIAN_PEPPER_ROOT;10104;10;10100;14;;;10119;16;10121;25;;;10111.5;0.0
yf_ZW=F_d0;9200;ASH_COATED_OSMIUM;10018;15;10014;20;;;10032;14;10036;17;;;10025.0;0.0
yf_ZW=F_d0;9200;INTARIAN_PEPPER_ROOT;10108;15;10105;15;;;10114;8;10118;20;;;10111.0;0.0
yf_ZW=F_d0;9300;ASH_COATED_OSMIUM;10021;6;10017;12;;;10027;18;10030;18;;;10024.0;0.0
yf_ZW=F_d0;9300;INTARIAN_PEPPER_ROOT;10106;15;10103;22;;;10112;14;10115;8;;;10109.0;0.0
yf_ZW=F_d0;9400;ASH_COATED_OSMIUM;10021;20;10018;17;;;10027;16;10030;20;;;10024.0;0.0
yf_ZW=F_d0;9400;INTARIAN_PEPPER_ROOT;10105;25;10101;11;;;10111;22;10115;26;;;10108.0;0.0
yf_ZW=F_d0;9500;ASH_COATED_OSMIUM;10019;18;10017;17;;;10030;30;10034;20;;;10024.5;0.0
yf_ZW=F_d0;9500;INTARIAN_PEPPER_ROOT;10104;11;10100;15;;;10110;11;10112;19;;;10107.0;0.0
yf_ZW=F_d0;9600;ASH_COATED_OSMIUM;10021;18;10019;22;;;10027;17;10031;25;;;10024.0;0.0
yf_ZW=F_d0;9600;INTARIAN_PEPPER_ROOT;10102;7;10099;16;;;10108;7;10112;24;;;10105.0;0.0
yf_ZW=F_d0;9700;ASH_COATED_OSMIUM;10016;21;10012;16;;;10031;9;10034;20;;;10023.5;0.0
yf_ZW=F_d0;9700;INTARIAN_PEPPER_ROOT;10101;12;10099;19;;;10107;17;10110;13;;;10104.0;0.0
yf_ZW=F_d0;9800;ASH_COATED_OSMIUM;10021;19;10017;24;;;10027;13;10031;17;;;10024.0;0.0
yf_ZW=F_d0;9800;INTARIAN_PEPPER_ROOT;10089;10;10085;23;;;10116;17;10119;18;;;10102.5;0.0
yf_ZW=F_d0;9900;ASH_COATED_OSMIUM;10021;13;10018;20;;;10027;23;10029;12;;;10024.0;0.0
yf_ZW=F_d0;9900;INTARIAN_PEPPER_ROOT;10098;14;10094;20;;;10104;23;10106;14;;;10101.0;0.0
yf_ZW=F_d0;10000;ASH_COATED_OSMIUM;10001;14;9998;17;;;10045;5;10048;29;;;10023.0;0.0
yf_ZW=F_d0;10000;INTARIAN_PEPPER_ROOT;10097;22;10093;35;;;10103;15;10105;8;;;10100.0;0.0
yf_ZW=F_d0;10100;ASH_COATED_OSMIUM;10021;24;10019;22;;;10027;8;10030;23;;;10024.0;0.0
yf_ZW=F_d0;10100;INTARIAN_PEPPER_ROOT;10092;17;10088;24;;;10105;11;10108;18;;;10098.5;0.0
yf_ZW=F_d0;10200;ASH_COATED_OSMIUM;10020;18;10018;18;;;10026;22;10028;20;;;10023.0;0.0
yf_ZW=F_d0;10200;INTARIAN_PEPPER_ROOT;10088;18;10084;19;;;10107;20;10111;25;;;10097.5;0.0
yf_ZW=F_d0;10300;ASH_COATED_OSMIUM;10013;18;10009;17;;;10033;12;10035;18;;;10023.0;0.0
yf_ZW=F_d0;10300;INTARIAN_PEPPER_ROOT;10089;15;10086;15;;;10102;13;10105;26;;;10095.5;0.0
yf_ZW=F_d0;10400;ASH_COATED_OSMIUM;10018;21;10014;25;;;10027;17;10030;27;;;10022.5;0.0
yf_ZW=F_d0;10400;INTARIAN_PEPPER_ROOT;10091;20;10088;21;;;10097;15;10099;14;;;10094.0;0.0
yf_ZW=F_d0;10500;ASH_COATED_OSMIUM;10020;20;10017;26;;;10026;15;10028;21;;;10023.0;0.0
yf_ZW=F_d0;10500;INTARIAN_PEPPER_ROOT;10086;16;10083;13;;;10100;19;10104;25;;;10093.0;0.0
yf_ZW=F_d0;10600;ASH_COATED_OSMIUM;10019;12;10016;21;;;10025;14;10027;24;;;10022.0;0.0
yf_ZW=F_d0;10600;INTARIAN_PEPPER_ROOT;10083;10;10079;16;;;10100;13;10102;17;;;10091.5;0.0
yf_ZW=F_d0;10700;ASH_COATED_OSMIUM;10016;8;10014;31;;;10026;13;10029;27;;;10021.0;0.0
yf_ZW=F_d0;10700;INTARIAN_PEPPER_ROOT;10088;14;10085;19;;;10094;12;10097;14;;;10091.0;0.0
yf_ZW=F_d0;10800;ASH_COATED_OSMIUM;10019;17;10017;11;;;10025;27;10028;25;;;10022.0;0.0
yf_ZW=F_d0;10800;INTARIAN_PEPPER_ROOT;10086;16;10082;21;;;10092;5;10096;24;;;10089.0;0.0
yf_ZW=F_d0;10900;ASH_COATED_OSMIUM;10019;19;10017;24;;;10025;11;10027;8;;;10022.0;0.0
yf_ZW=F_d0;10900;INTARIAN_PEPPER_ROOT;10083;17;10079;21;;;10091;14;10095;26;;;10087.0;0.0
yf_ZW=F_d0;11000;ASH_COATED_OSMIUM;10017;25;10013;16;;;10025;12;10028;20;;;10021.0;0.0
yf_ZW=F_d0;11000;INTARIAN_PEPPER_ROOT;10074;23;10071;18;;;10097;21;10101;18;;;10085.5;0.0
yf_ZW=F_d0;11100;ASH_COATED_OSMIUM;10018;11;10014;28;;;10024;16;10026;11;;;10021.0;0.0
yf_ZW=F_d0;11100;INTARIAN_PEPPER_ROOT;10082;6;10080;18;;;10088;16;10092;23;;;10085.0;0.0
yf_ZW=F_d0;11200;ASH_COATED_OSMIUM;10017;13;10015;24;;;10025;6;10027;14;;;10021.0;0.0
yf_ZW=F_d0;11200;INTARIAN_PEPPER_ROOT;10080;19;10078;23;;;10086;18;10088;24;;;10083.0;0.0
yf_ZW=F_d0;11300;ASH_COATED_OSMIUM;10014;14;10010;21;;;10027;19;10029;16;;;10020.5;0.0
yf_ZW=F_d0;11300;INTARIAN_PEPPER_ROOT;10064;14;10062;22;;;10100;14;10104;27;;;10082.0;0.0
yf_ZW=F_d0;11400;ASH_COATED_OSMIUM;10018;26;10014;25;;;10024;15;10028;25;;;10021.0;0.0
yf_ZW=F_d0;11400;INTARIAN_PEPPER_ROOT;10078;9;10075;26;;;10084;18;10088;20;;;10081.0;0.0
yf_ZW=F_d0;11500;ASH_COATED_OSMIUM;10005;6;10003;12;;;10035;12;10037;15;;;10020.0;0.0
yf_ZW=F_d0;11500;INTARIAN_PEPPER_ROOT;10066;20;10063;19;;;10092;15;10094;22;;;10079.0;0.0
yf_ZW=F_d0;11600;ASH_COATED_OSMIUM;10018;8;10015;23;;;10024;5;10028;8;;;10021.0;0.0
yf_ZW=F_d0;11600;INTARIAN_PEPPER_ROOT;10075;21;10071;16;;;10081;18;10083;21;;;10078.0;0.0
yf_ZW=F_d0;11700;ASH_COATED_OSMIUM;10017;15;10013;19;;;10023;14;10026;14;;;10020.0;0.0
yf_ZW=F_d0;11700;INTARIAN_PEPPER_ROOT;10074;10;10070;14;;;10080;13;10082;10;;;10077.0;0.0
yf_ZW=F_d0;11800;ASH_COATED_OSMIUM;10001;24;9999;18;;;10040;17;10042;21;;;10020.5;0.0
yf_ZW=F_d0;11800;INTARIAN_PEPPER_ROOT;10072;10;10069;20;;;10078;7;10080;19;;;10075.0;0.0
yf_ZW=F_d0;11900;ASH_COATED_OSMIUM;10017;25;10013;20;;;10023;11;10027;21;;;10020.0;0.0
yf_ZW=F_d0;11900;INTARIAN_PEPPER_ROOT;10070;12;10067;18;;;10076;15;10078;19;;;10073.0;0.0
yf_ZW=F_d0;12000;ASH_COATED_OSMIUM;10017;17;10015;18;;;10023;15;10025;17;;;10020.0;0.0
yf_ZW=F_d0;12000;INTARIAN_PEPPER_ROOT;10066;12;10063;26;;;10078;13;10080;19;;;10072.0;0.0
yf_ZW=F_d0;12100;ASH_COATED_OSMIUM;10017;20;10014;19;;;10023;17;10025;26;;;10020.0;0.0
yf_ZW=F_d0;12100;INTARIAN_PEPPER_ROOT;10068;11;10064;8;;;10074;8;10076;17;;;10071.0;0.0
yf_ZW=F_d0;12200;ASH_COATED_OSMIUM;10016;20;10012;23;;;10023;22;10026;22;;;10019.5;0.0
yf_ZW=F_d0;12200;INTARIAN_PEPPER_ROOT;10067;8;10064;13;;;10073;19;10075;14;;;10070.0;0.0
yf_ZW=F_d0;12300;ASH_COATED_OSMIUM;10016;22;10012;22;;;10022;20;10026;20;;;10019.0;0.0
yf_ZW=F_d0;12300;INTARIAN_PEPPER_ROOT;10065;15;10063;25;;;10071;20;10073;21;;;10068.0;0.0
yf_ZW=F_d0;12400;ASH_COATED_OSMIUM;10017;14;10013;23;;;10023;8;10025;20;;;10020.0;0.0
yf_ZW=F_d0;12400;INTARIAN_PEPPER_ROOT;10062;10;10060;24;;;10072;10;10074;19;;;10067.0;0.0
yf_ZW=F_d0;12500;ASH_COATED_OSMIUM;10016;18;10013;20;;;10022;11;10024;21;;;10019.0;0.0
yf_ZW=F_d0;12500;INTARIAN_PEPPER_ROOT;10062;12;10059;18;;;10068;15;10072;14;;;10065.0;0.0
yf_ZW=F_d0;12600;ASH_COATED_OSMIUM;10013;11;10011;16;;;10026;8;10030;14;;;10019.5;0.0
yf_ZW=F_d0;12600;INTARIAN_PEPPER_ROOT;10060;15;10057;16;;;10070;17;10074;15;;;10065.0;0.0
yf_ZW=F_d0;12700;ASH_COATED_OSMIUM;10015;17;10013;22;;;10021;28;10025;22;;;10018.0;0.0
yf_ZW=F_d0;12700;INTARIAN_PEPPER_ROOT;10049;15;10046;15;;;10076;20;10079;10;;;10062.5;0.0
yf_ZW=F_d0;12800;ASH_COATED_OSMIUM;10016;22;10014;23;;;10022;7;10025;29;;;10019.0;0.0
yf_ZW=F_d0;12800;INTARIAN_PEPPER_ROOT;10059;16;10057;13;;;10065;17;10068;23;;;10062.0;0.0
yf_ZW=F_d0;12900;ASH_COATED_OSMIUM;10006;14;10002;18;;;10032;11;10036;19;;;10019.0;0.0
yf_ZW=F_d0;12900;INTARIAN_PEPPER_ROOT;10057;16;10055;16;;;10063;18;10067;23;;;10060.0;0.0
yf_ZW=F_d0;13000;ASH_COATED_OSMIUM;10015;17;10012;16;;;10022;21;10024;16;;;10018.5;0.0
yf_ZW=F_d0;13000;INTARIAN_PEPPER_ROOT;10053;12;10050;12;;;10064;12;10067;18;;;10058.5;0.0
yf_ZW=F_d0;13100;ASH_COATED_OSMIUM;10010;12;10008;15;;;10026;19;10030;21;;;10018.0;0.0
yf_ZW=F_d0;13100;INTARIAN_PEPPER_ROOT;10054;15;10052;24;;;10060;5;10063;17;;;10057.0;0.0
yf_ZW=F_d0;13200;ASH_COATED_OSMIUM;10013;16;10009;22;;;10023;8;10027;25;;;10018.0;0.0
yf_ZW=F_d0;13200;INTARIAN_PEPPER_ROOT;10052;17;10048;24;;;10058;19;10062;22;;;10055.0;0.0
yf_ZW=F_d0;13300;ASH_COATED_OSMIUM;10012;14;10008;11;;;10022;10;10026;26;;;10017.0;0.0
yf_ZW=F_d0;13300;INTARIAN_PEPPER_ROOT;10051;16;10048;21;;;10057;10;10061;27;;;10054.0;0.0
yf_ZW=F_d0;13400;ASH_COATED_OSMIUM;10015;13;10012;23;;;10021;12;10024;21;;;10018.0;0.0
yf_ZW=F_d0;13400;INTARIAN_PEPPER_ROOT;10050;14;10047;24;;;10056;15;10060;14;;;10053.0;0.0
yf_ZW=F_d0;13500;ASH_COATED_OSMIUM;10014;17;10011;14;;;10020;12;10023;18;;;10017.0;0.0
yf_ZW=F_d0;13500;INTARIAN_PEPPER_ROOT;10048;11;10045;19;;;10054;23;10058;18;;;10051.0;0.0
yf_ZW=F_d0;13600;ASH_COATED_OSMIUM;10015;15;10013;27;;;10021;6;10025;14;;;10018.0;0.0
yf_ZW=F_d0;13600;INTARIAN_PEPPER_ROOT;10047;12;10045;16;;;10053;6;10055;24;;;10050.0;0.0
yf_ZW=F_d0;13700;ASH_COATED_OSMIUM;10006;17;10004;20;;;10027;9;10029;22;;;10016.5;0.0
yf_ZW=F_d0;13700;INTARIAN_PEPPER_ROOT;10046;19;10044;18;;;10052;14;10056;15;;;10049.0;0.0
yf_ZW=F_d0;13800;ASH_COATED_OSMIUM;10014;19;10011;22;;;10020;20;10023;35;;;10017.0;0.0
yf_ZW=F_d0;13800;INTARIAN_PEPPER_ROOT;10040;13;10036;20;;;10056;5;10059;24;;;10048.0;0.0
yf_ZW=F_d0;13900;ASH_COATED_OSMIUM;10005;13;10001;18;;;10030;8;10032;19;;;10017.5;0.0
yf_ZW=F_d0;13900;INTARIAN_PEPPER_ROOT;10043;5;10040;10;;;10050;21;10053;16;;;10046.5;0.0
yf_ZW=F_d0;14000;ASH_COATED_OSMIUM;10014;7;10011;24;;;10020;16;10024;18;;;10017.0;0.0
yf_ZW=F_d0;14000;INTARIAN_PEPPER_ROOT;10042;5;10038;18;;;10048;12;10050;12;;;10045.0;0.0
yf_ZW=F_d0;14100;ASH_COATED_OSMIUM;10012;21;10009;14;;;10021;5;10024;20;;;10016.5;0.0
yf_ZW=F_d0;14100;INTARIAN_PEPPER_ROOT;10040;19;10037;16;;;10047;7;10049;18;;;10043.5;0.0
yf_ZW=F_d0;14200;ASH_COATED_OSMIUM;10014;16;10010;21;;;10020;21;10022;14;;;10017.0;0.0
yf_ZW=F_d0;14200;INTARIAN_PEPPER_ROOT;10039;24;10037;18;;;10045;10;10047;22;;;10042.0;0.0
yf_ZW=F_d0;14300;ASH_COATED_OSMIUM;10013;11;10010;21;;;10019;14;10022;29;;;10016.0;0.0
yf_ZW=F_d0;14300;INTARIAN_PEPPER_ROOT;10036;9;10032;12;;;10045;5;10048;28;;;10040.5;0.0
yf_ZW=F_d0;14400;ASH_COATED_OSMIUM;10013;6;10010;25;;;10019;14;10022;8;;;10016.0;0.0
yf_ZW=F_d0;14400;INTARIAN_PEPPER_ROOT;10036;15;10033;20;;;10042;10;10044;14;;;10039.0;0.0
yf_ZW=F_d0;14500;ASH_COATED_OSMIUM;10007;11;10005;29;;;10024;9;10028;19;;;10015.5;0.0
yf_ZW=F_d0;14500;INTARIAN_PEPPER_ROOT;10034;9;10031;24;;;10041;10;10045;22;;;10037.5;0.0
yf_ZW=F_d0;14600;ASH_COATED_OSMIUM;10013;10;10009;27;;;10019;16;10023;27;;;10016.0;0.0
yf_ZW=F_d0;14600;INTARIAN_PEPPER_ROOT;10028;11;10026;25;;;10044;14;10047;12;;;10036.0;0.0
yf_ZW=F_d0;14700;ASH_COATED_OSMIUM;10013;24;10009;17;;;10019;17;10021;12;;;10016.0;0.0
yf_ZW=F_d0;14700;INTARIAN_PEPPER_ROOT;10032;18;10030;19;;;10038;24;10041;31;;;10035.0;0.0
yf_ZW=F_d0;14800;ASH_COATED_OSMIUM;10013;17;10009;15;;;10019;10;10021;13;;;10016.0;0.0
yf_ZW=F_d0;14800;INTARIAN_PEPPER_ROOT;10031;14;10027;16;;;10037;16;10040;23;;;10034.0;0.0
yf_ZW=F_d0;14900;ASH_COATED_OSMIUM;10012;11;10008;20;;;10019;18;10021;23;;;10015.5;0.0
yf_ZW=F_d0;14900;INTARIAN_PEPPER_ROOT;10028;11;10025;14;;;10037;19;10041;24;;;10032.5;0.0
yf_ZW=F_d0;15000;ASH_COATED_OSMIUM;10013;16;10011;20;;;10019;17;10023;11;;;10016.0;0.0
yf_ZW=F_d0;15000;INTARIAN_PEPPER_ROOT;10028;22;10024;17;;;10034;17;10036;19;;;10031.0;0.0
yf_ZW=F_d0;15100;ASH_COATED_OSMIUM;10012;15;10010;18;;;10019;15;10022;25;;;10015.5;0.0
yf_ZW=F_d0;15100;INTARIAN_PEPPER_ROOT;10027;16;10025;21;;;10033;15;10037;24;;;10030.0;0.0
yf_ZW=F_d0;15200;ASH_COATED_OSMIUM;10012;15;10009;18;;;10018;10;10021;12;;;10015.0;0.0
yf_ZW=F_d0;15200;INTARIAN_PEPPER_ROOT;10025;14;10022;16;;;10031;13;10035;12;;;10028.0;0.0
yf_ZW=F_d0;15300;ASH_COATED_OSMIUM;10012;22;10008;22;;;10018;14;10020;18;;;10015.0;0.0
yf_ZW=F_d0;15300;INTARIAN_PEPPER_ROOT;10024;23;10021;25;;;10030;13;10033;13;;;10027.0;0.0
yf_ZW=F_d0;15400;ASH_COATED_OSMIUM;10012;17;10009;9;;;10018;8;10022;16;;;10015.0;0.0
yf_ZW=F_d0;15400;INTARIAN_PEPPER_ROOT;10022;18;10019;23;;;10028;13;10031;15;;;10025.0;0.0
yf_ZW=F_d0;15500;ASH_COATED_OSMIUM;10011;11;10007;14;;;10018;5;10020;26;;;10014.5;0.0
yf_ZW=F_d0;15500;INTARIAN_PEPPER_ROOT;10021;26;10018;19;;;10027;8;10029;14;;;10024.0;0.0
yf_ZW=F_d0;15600;ASH_COATED_OSMIUM;10012;12;10008;20;;;10018;20;10021;16;;;10015.0;0.0
yf_ZW=F_d0;15600;INTARIAN_PEPPER_ROOT;10019;13;10017;24;;;10025;21;10029;21;;;10022.0;0.0
yf_ZW=F_d0;15700;ASH_COATED_OSMIUM;10011;20;10008;21;;;10017;16;10021;29;;;10014.0;0.0
yf_ZW=F_d0;15700;INTARIAN_PEPPER_ROOT;10016;12;10013;11;;;10026;11;10029;24;;;10021.0;0.0
yf_ZW=F_d0;15800;ASH_COATED_OSMIUM;10012;20;10008;21;;;10018;5;10022;18;;;10015.0;0.0
yf_ZW=F_d0;15800;INTARIAN_PEPPER_ROOT;10017;13;10015;16;;;10023;5;10027;20;;;10020.0;0.0
yf_ZW=F_d0;15900;ASH_COATED_OSMIUM;10011;20;10009;18;;;10017;16;10021;17;;;10014.0;0.0
yf_ZW=F_d0;15900;INTARIAN_PEPPER_ROOT;10008;16;10004;24;;;10029;10;10031;23;;;10018.5;0.0
yf_ZW=F_d0;16000;ASH_COATED_OSMIUM;10011;17;10009;23;;;10017;5;10021;25;;;10014.0;0.0
yf_ZW=F_d0;16000;INTARIAN_PEPPER_ROOT;10014;18;10011;22;;;10020;15;10023;21;;;10017.0;0.0
yf_ZW=F_d0;16100;ASH_COATED_OSMIUM;9993;15;9989;24;;;10033;16;10037;12;;;10013.0;0.0
yf_ZW=F_d0;16100;INTARIAN_PEPPER_ROOT;10013;8;10009;18;;;10019;16;10022;19;;;10016.0;0.0
yf_ZW=F_d0;16200;ASH_COATED_OSMIUM;10008;19;10004;23;;;10018;8;10021;18;;;10013.0;0.0
yf_ZW=F_d0;16200;INTARIAN_PEPPER_ROOT;10012;22;10009;25;;;10018;10;10022;15;;;10015.0;0.0
yf_ZW=F_d0;16300;ASH_COATED_OSMIUM;10002;21;10000;24;;;10023;15;10027;21;;;10012.5;0.0
yf_ZW=F_d0;16300;INTARIAN_PEPPER_ROOT;10009;8;10007;21;;;10016;21;10018;18;;;10012.5;0.0
yf_ZW=F_d0;16400;ASH_COATED_OSMIUM;10010;12;10007;20;;;10016;18;10018;26;;;10013.0;0.0
yf_ZW=F_d0;16400;INTARIAN_PEPPER_ROOT;10002;16;9999;24;;;10021;15;10025;24;;;10011.5;0.0
yf_ZW=F_d0;16500;ASH_COATED_OSMIUM;10010;17;10008;21;;;10016;12;10019;11;;;10013.0;0.0
yf_ZW=F_d0;16500;INTARIAN_PEPPER_ROOT;10007;23;10004;27;;;10013;13;10017;19;;;10010.0;0.0
yf_ZW=F_d0;16600;ASH_COATED_OSMIUM;10009;18;10005;22;;;10015;16;10018;25;;;10012.0;0.0
yf_ZW=F_d0;16600;INTARIAN_PEPPER_ROOT;9996;5;9993;24;;;10021;15;10025;19;;;10008.5;0.0
yf_ZW=F_d0;16700;ASH_COATED_OSMIUM;10009;11;10007;14;;;10015;14;10017;10;;;10012.0;0.0
yf_ZW=F_d0;16700;INTARIAN_PEPPER_ROOT;10005;16;10001;26;;;10011;19;10015;27;;;10008.0;0.0
yf_ZW=F_d0;16800;ASH_COATED_OSMIUM;10009;15;10007;14;;;10015;9;10019;20;;;10012.0;0.0
yf_ZW=F_d0;16800;INTARIAN_PEPPER_ROOT;10000;16;9998;21;;;10013;12;10017;17;;;10006.5;0.0
yf_ZW=F_d0;16900;ASH_COATED_OSMIUM;10009;23;10006;25;;;10015;14;10019;20;;;10012.0;0.0
yf_ZW=F_d0;16900;INTARIAN_PEPPER_ROOT;10002;15;9998;14;;;10008;11;10012;10;;;10005.0;0.0
yf_ZW=F_d0;17000;ASH_COATED_OSMIUM;10010;9;10007;30;;;10016;16;10020;13;;;10013.0;0.0
yf_ZW=F_d0;17000;INTARIAN_PEPPER_ROOT;10001;10;9998;14;;;10008;11;10010;21;;;10004.5;0.0
yf_ZW=F_d0;17100;ASH_COATED_OSMIUM;10009;9;10007;25;;;10015;11;10018;12;;;10012.0;0.0
yf_ZW=F_d0;17100;INTARIAN_PEPPER_ROOT;9993;21;9989;31;;;10014;14;10017;18;;;10003.5;0.0
yf_ZW=F_d0;17200;ASH_COATED_OSMIUM;10009;8;10007;19;;;10015;12;10019;20;;;10012.0;0.0
yf_ZW=F_d0;17200;INTARIAN_PEPPER_ROOT;9997;18;9995;16;;;10013;12;10016;19;;;10005.0;0.0
yf_ZW=F_d0;17300;ASH_COATED_OSMIUM;10010;16;10007;25;;;10016;10;10019;18;;;10013.0;0.0
yf_ZW=F_d0;17300;INTARIAN_PEPPER_ROOT;10000;17;9996;16;;;10006;6;10008;28;;;10003.0;0.0
yf_ZW=F_d0;17400;ASH_COATED_OSMIUM;10007;16;10005;16;;;10019;10;10023;14;;;10013.0;0.0
yf_ZW=F_d0;17400;INTARIAN_PEPPER_ROOT;10001;18;9999;19;;;10007;5;10010;26;;;10004.0;0.0
yf_ZW=F_d0;17500;ASH_COATED_OSMIUM;10009;21;10005;20;;;10015;8;10017;16;;;10012.0;0.0
yf_ZW=F_d0;17500;INTARIAN_PEPPER_ROOT;10001;21;9998;16;;;10007;19;10010;12;;;10004.0;0.0
yf_ZW=F_d0;17600;ASH_COATED_OSMIUM;10010;22;10007;18;;;10016;11;10018;9;;;10013.0;0.0
yf_ZW=F_d0;17600;INTARIAN_PEPPER_ROOT;10000;8;9996;19;;;10007;21;10010;8;;;10003.5;0.0
yf_ZW=F_d0;17700;ASH_COATED_OSMIUM;9992;6;9988;30;;;10035;22;10038;13;;;10013.5;0.0
yf_ZW=F_d0;17700;INTARIAN_PEPPER_ROOT;10001;10;9997;27;;;10007;8;10009;16;;;10004.0;0.0
yf_ZW=F_d0;17800;ASH_COATED_OSMIUM;10010;13;10007;22;;;10016;5;10019;16;;;10013.0;0.0
yf_ZW=F_d0;17800;INTARIAN_PEPPER_ROOT;10001;16;9999;18;;;10008;24;10012;17;;;10004.5;0.0
yf_ZW=F_d0;17900;ASH_COATED_OSMIUM;10009;14;10007;23;;;10016;8;10020;20;;;10012.5;0.0
yf_ZW=F_d0;17900;INTARIAN_PEPPER_ROOT;10001;12;9997;11;;;10007;7;10010;19;;;10004.0;0.0
yf_ZW=F_d0;18000;ASH_COATED_OSMIUM;10009;14;10007;21;;;10017;17;10019;14;;;10013.0;0.0
yf_ZW=F_d0;18000;INTARIAN_PEPPER_ROOT;10000;17;9997;26;;;10006;7;10008;20;;;10003.0;0.0
yf_ZW=F_d0;18100;ASH_COATED_OSMIUM;10010;12;10006;15;;;10016;16;10020;22;;;10013.0;0.0
yf_ZW=F_d0;18100;INTARIAN_PEPPER_ROOT;9997;19;9995;17;;;10010;22;10014;18;;;10003.5;0.0
yf_ZW=F_d0;18200;ASH_COATED_OSMIUM;10008;18;10006;22;;;10017;5;10021;23;;;10012.5;0.0
yf_ZW=F_d0;18200;INTARIAN_PEPPER_ROOT;9994;13;9991;12;;;10014;8;10018;19;;;10004.0;0.0
yf_ZW=F_d0;18300;ASH_COATED_OSMIUM;10010;16;10007;16;;;10016;16;10020;23;;;10013.0;0.0
yf_ZW=F_d0;18300;INTARIAN_PEPPER_ROOT;9996;12;9994;14;;;10010;22;10014;18;;;10003.0;0.0
yf_ZW=F_d0;18400;ASH_COATED_OSMIUM;10011;8;10009;24;;;10017;17;10019;21;;;10014.0;0.0
yf_ZW=F_d0;18400;INTARIAN_PEPPER_ROOT;10001;16;9998;18;;;10007;18;10011;25;;;10004.0;0.0
yf_ZW=F_d0;18500;ASH_COATED_OSMIUM;10007;15;10004;14;;;10019;17;10022;15;;;10013.0;0.0
yf_ZW=F_d0;18500;INTARIAN_PEPPER_ROOT;10001;24;9999;31;;;10007;12;10010;26;;;10004.0;0.0
yf_ZW=F_d0;18600;ASH_COATED_OSMIUM;9999;10;9995;27;;;10028;10;10030;21;;;10013.5;0.0
yf_ZW=F_d0;18600;INTARIAN_PEPPER_ROOT;9991;17;9988;25;;;10016;21;10020;18;;;10003.5;0.0
yf_ZW=F_d0;18700;ASH_COATED_OSMIUM;10011;11;10007;23;;;10017;17;10021;13;;;10014.0;0.0
yf_ZW=F_d0;18700;INTARIAN_PEPPER_ROOT;10000;9;9996;8;;;10006;20;10008;19;;;10003.0;0.0
yf_ZW=F_d0;18800;ASH_COATED_OSMIUM;10010;17;10006;22;;;10020;16;10022;21;;;10015.0;0.0
yf_ZW=F_d0;18800;INTARIAN_PEPPER_ROOT;10001;20;9997;19;;;10007;13;10011;12;;;10004.0;0.0
yf_ZW=F_d0;18900;ASH_COATED_OSMIUM;10011;14;10008;15;;;10017;16;10019;16;;;10014.0;0.0
yf_ZW=F_d0;18900;INTARIAN_PEPPER_ROOT;9996;15;9993;23;;;10012;10;10015;21;;;10004.0;0.0
yf_ZW=F_d0;19000;ASH_COATED_OSMIUM;10011;14;10008;16;;;10017;17;10021;31;;;10014.0;0.0
yf_ZW=F_d0;19000;INTARIAN_PEPPER_ROOT;10001;15;9999;23;;;10007;21;10011;15;;;10004.0;0.0
yf_ZW=F_d0;19100;ASH_COATED_OSMIUM;10007;6;10004;14;;;10021;16;10023;16;;;10014.0;0.0
yf_ZW=F_d0;19100;INTARIAN_PEPPER_ROOT;9998;13;9994;20;;;10010;16;10012;18;;;10004.0;0.0
yf_ZW=F_d0;19200;ASH_COATED_OSMIUM;10011;14;10007;18;;;10017;11;10019;18;;;10014.0;0.0
yf_ZW=F_d0;19200;INTARIAN_PEPPER_ROOT;10001;17;9997;16;;;10007;9;10011;22;;;10004.0;0.0
yf_ZW=F_d0;19300;ASH_COATED_OSMIUM;10011;16;10007;9;;;10017;15;10021;8;;;10014.0;0.0
yf_ZW=F_d0;19300;INTARIAN_PEPPER_ROOT;10000;16;9998;22;;;10007;13;10011;18;;;10003.5;0.0
yf_ZW=F_d0;19400;ASH_COATED_OSMIUM;10011;19;10007;23;;;10017;9;10021;26;;;10014.0;0.0
yf_ZW=F_d0;19400;INTARIAN_PEPPER_ROOT;10000;11;9997;22;;;10006;17;10008;14;;;10003.0;0.0
yf_ZW=F_d0;19500;ASH_COATED_OSMIUM;10011;16;10008;17;;;10017;13;10021;23;;;10014.0;0.0
yf_ZW=F_d0;19500;INTARIAN_PEPPER_ROOT;10000;10;9997;16;;;10006;21;10010;25;;;10003.0;0.0
yf_ZW=F_d0;19600;ASH_COATED_OSMIUM;10009;16;10007;22;;;10020;7;10024;17;;;10014.5;0.0
yf_ZW=F_d0;19600;INTARIAN_PEPPER_ROOT;9993;15;9991;20;;;10013;14;10015;22;;;10003.0;0.0
yf_ZW=F_d0;19700;ASH_COATED_OSMIUM;10012;15;10010;24;;;10018;5;10020;22;;;10015.0;0.0
yf_ZW=F_d0;19700;INTARIAN_PEPPER_ROOT;9999;19;9997;22;;;10007;16;10009;20;;;10003.0;0.0
yf_ZW=F_d0;19800;ASH_COATED_OSMIUM;10011;13;10009;19;;;10017;22;10019;17;;;10014.0;0.0
yf_ZW=F_d0;19800;INTARIAN_PEPPER_ROOT;10000;22;9998;17;;;10007;20;10011;15;;;10003.5;0.0
yf_ZW=F_d0;19900;ASH_COATED_OSMIUM;10009;12;10006;14;;;10020;14;10024;20;;;10014.5;0.0
yf_ZW=F_d0;19900;INTARIAN_PEPPER_ROOT;10001;5;9997;17;;;10007;16;10011;24;;;10004.0;0.0
yf_ZW=F_d0;20000;ASH_COATED_OSMIUM;10003;20;10001;15;;;10028;13;10031;16;;;10015.5;0.0
yf_ZW=F_d0;20000;INTARIAN_PEPPER_ROOT;10000;11;9997;22;;;10006;16;10008;13;;;10003.0;0.0
yf_ZW=F_d0;20100;ASH_COATED_OSMIUM;10012;7;10008;25;;;10018;7;10022;17;;;10015.0;0.0
yf_ZW=F_d0;20100;INTARIAN_PEPPER_ROOT;9998;14;9995;25;;;10008;9;10010;16;;;10003.0;0.0
yf_ZW=F_d0;20200;ASH_COATED_OSMIUM;10012;19;10008;15;;;10018;12;10020;13;;;10015.0;0.0
yf_ZW=F_d0;20200;INTARIAN_PEPPER_ROOT;10000;16;9998;8;;;10006;5;10009;14;;;10003.0;0.0
yf_ZW=F_d0;20300;ASH_COATED_OSMIUM;10012;13;10010;22;;;10018;7;10020;19;;;10015.0;0.0
yf_ZW=F_d0;20300;INTARIAN_PEPPER_ROOT;9997;13;9993;21;;;10008;12;10011;12;;;10002.5;0.0
yf_ZW=F_d0;20400;ASH_COATED_OSMIUM;10012;16;10009;19;;;10019;5;10022;16;;;10015.5;0.0
yf_ZW=F_d0;20400;INTARIAN_PEPPER_ROOT;9999;19;9997;10;;;10005;12;10009;18;;;10002.0;0.0
yf_ZW=F_d0;20500;ASH_COATED_OSMIUM;10013;10;10010;13;;;10019;24;10022;16;;;10016.0;0.0
yf_ZW=F_d0;20500;INTARIAN_PEPPER_ROOT;9998;5;9994;8;;;10008;9;10012;22;;;10003.0;0.0
yf_ZW=F_d0;20600;ASH_COATED_OSMIUM;10012;23;10009;20;;;10019;8;10023;12;;;10015.5;0.0
yf_ZW=F_d0;20600;INTARIAN_PEPPER_ROOT;10001;5;9999;10;;;10007;19;10011;19;;;10004.0;0.0
yf_ZW=F_d0;20700;ASH_COATED_OSMIUM;10005;19;10001;33;;;10027;19;10029;24;;;10016.0;0.0
yf_ZW=F_d0;20700;INTARIAN_PEPPER_ROOT;9999;11;9995;11;;;10005;14;10008;21;;;10002.0;0.0
yf_ZW=F_d0;20800;ASH_COATED_OSMIUM;10013;14;10009;23;;;10019;9;10022;27;;;10016.0;0.0
yf_ZW=F_d0;20800;INTARIAN_PEPPER_ROOT;9999;14;9997;23;;;10006;19;10008;17;;;10002.5;0.0
yf_ZW=F_d0;20900;ASH_COATED_OSMIUM;10011;13;10009;18;;;10020;7;10023;18;;;10015.5;0.0
yf_ZW=F_d0;20900;INTARIAN_PEPPER_ROOT;10000;11;9997;23;;;10006;12;10008;22;;;10003.0;0.0
yf_ZW=F_d0;21000;ASH_COATED_OSMIUM;10001;18;9999;21;;;10030;9;10034;25;;;10015.5;0.0
yf_ZW=F_d0;21000;INTARIAN_PEPPER_ROOT;9999;19;9996;14;;;10008;25;10011;20;;;10003.5;0.0
yf_ZW=F_d0;21100;ASH_COATED_OSMIUM;10013;18;10009;20;;;10020;19;10022;26;;;10016.5;0.0
yf_ZW=F_d0;21100;INTARIAN_PEPPER_ROOT;10000;12;9997;25;;;10007;19;10010;27;;;10003.5;0.0
yf_ZW=F_d0;21200;ASH_COATED_OSMIUM;10009;14;10005;23;;;10023;11;10026;24;;;10016.0;0.0
yf_ZW=F_d0;21200;INTARIAN_PEPPER_ROOT;10000;21;9998;33;;;10006;17;10009;18;;;10003.0;0.0
yf_ZW=F_d0;21300;ASH_COATED_OSMIUM;10009;15;10007;27;;;10023;7;10026;22;;;10016.0;0.0
yf_ZW=F_d0;21300;INTARIAN_PEPPER_ROOT;10000;24;9998;21;;;10006;15;10009;25;;;10003.0;0.0
yf_ZW=F_d0;21400;ASH_COATED_OSMIUM;10011;10;10008;17;;;10020;7;10022;19;;;10015.5;0.0
yf_ZW=F_d0;21400;INTARIAN_PEPPER_ROOT;9998;12;9994;20;;;10008;22;10012;20;;;10003.0;0.0
yf_ZW=F_d0;21500;ASH_COATED_OSMIUM;10013;9;10011;19;;;10019;7;10021;30;;;10016.0;0.0
yf_ZW=F_d0;21500;INTARIAN_PEPPER_ROOT;10000;13;9998;18;;;10006;21;10010;29;;;10003.0;0.0
yf_ZW=F_d0;21600;ASH_COATED_OSMIUM;10007;12;10005;26;;;10025;19;10027;12;;;10016.0;0.0
yf_ZW=F_d0;21600;INTARIAN_PEPPER_ROOT;9999;20;9997;19;;;10007;11;10010;20;;;10003.0;0.0
yf_ZW=F_d0;21700;ASH_COATED_OSMIUM;10013;10;10010;16;;;10019;14;10021;21;;;10016.0;0.0
yf_ZW=F_d0;21700;INTARIAN_PEPPER_ROOT;9999;12;9995;17;;;10005;18;10007;24;;;10002.0;0.0
yf_ZW=F_d0;21800;ASH_COATED_OSMIUM;10011;5;10009;30;;;10024;16;10028;16;;;10017.5;0.0
yf_ZW=F_d0;21800;INTARIAN_PEPPER_ROOT;10000;10;9998;26;;;10006;11;10009;20;;;10003.0;0.0
yf_ZW=F_d0;21900;ASH_COATED_OSMIUM;10008;11;10005;19;;;10025;16;10028;19;;;10016.5;0.0
yf_ZW=F_d0;21900;INTARIAN_PEPPER_ROOT;9992;12;9990;16;;;10014;17;10017;29;;;10003.0;0.0
yf_ZW=F_d0;22000;ASH_COATED_OSMIUM;10014;5;10012;22;;;10020;30;10023;28;;;10017.0;0.0
yf_ZW=F_d0;22000;INTARIAN_PEPPER_ROOT;9998;10;9995;27;;;10007;15;10009;28;;;10002.5;0.0
yf_ZW=F_d0;22100;ASH_COATED_OSMIUM;10013;10;10009;27;;;10019;11;10021;19;;;10016.0;0.0
yf_ZW=F_d0;22100;INTARIAN_PEPPER_ROOT;9998;19;9994;20;;;10008;8;10012;12;;;10003.0;0.0
yf_ZW=F_d0;22200;ASH_COATED_OSMIUM;10014;14;10011;26;;;10020;12;10022;22;;;10017.0;0.0
yf_ZW=F_d0;22200;INTARIAN_PEPPER_ROOT;9976;8;9974;19;;;10028;17;10031;24;;;10002.0;0.0
yf_ZW=F_d0;22300;ASH_COATED_OSMIUM;10014;27;10010;19;;;10020;11;10022;25;;;10017.0;0.0
yf_ZW=F_d0;22300;INTARIAN_PEPPER_ROOT;9999;10;9997;20;;;10005;16;10007;18;;;10002.0;0.0
yf_ZW=F_d0;22400;ASH_COATED_OSMIUM;10014;5;10012;20;;;10020;13;10023;22;;;10017.0;0.0
yf_ZW=F_d0;22400;INTARIAN_PEPPER_ROOT;9998;12;9994;11;;;10008;20;10011;18;;;10003.0;0.0
yf_ZW=F_d0;22500;ASH_COATED_OSMIUM;10011;6;10007;19;;;10023;9;10025;22;;;10017.0;0.0
yf_ZW=F_d0;22500;INTARIAN_PEPPER_ROOT;9984;18;9980;18;;;10020;5;10023;16;;;10002.0;0.0
yf_ZW=F_d0;22600;ASH_COATED_OSMIUM;10014;8;10010;20;;;10020;10;10024;10;;;10017.0;0.0
yf_ZW=F_d0;22600;INTARIAN_PEPPER_ROOT;9994;8;9991;15;;;10011;16;10013;16;;;10002.5;0.0
yf_ZW=F_d0;22700;ASH_COATED_OSMIUM;10012;15;10009;19;;;10023;19;10025;18;;;10017.5;0.0
yf_ZW=F_d0;22700;INTARIAN_PEPPER_ROOT;9999;18;9995;24;;;10005;14;10009;24;;;10002.0;0.0
yf_ZW=F_d0;22800;ASH_COATED_OSMIUM;10015;8;10012;20;;;10021;11;10023;8;;;10018.0;0.0
yf_ZW=F_d0;22800;INTARIAN_PEPPER_ROOT;9999;12;9995;21;;;10007;10;10010;17;;;10003.0;0.0
yf_ZW=F_d0;22900;ASH_COATED_OSMIUM;10014;24;10011;21;;;10020;19;10023;15;;;10017.0;0.0
yf_ZW=F_d0;22900;INTARIAN_PEPPER_ROOT;9999;25;9995;25;;;10005;12;10007;17;;;10002.0;0.0
yf_ZW=F_d0;23000;ASH_COATED_OSMIUM;10007;8;10004;21;;;10028;19;10031;24;;;10017.5;0.0
yf_ZW=F_d0;23000;INTARIAN_PEPPER_ROOT;10000;17;9998;25;;;10006;14;10008;18;;;10003.0;0.0
yf_ZW=F_d0;23100;ASH_COATED_OSMIUM;10010;15;10006;8;;;10025;15;10029;28;;;10017.5;0.0
yf_ZW=F_d0;23100;INTARIAN_PEPPER_ROOT;10000;15;9998;25;;;10006;12;10010;21;;;10003.0;0.0
yf_ZW=F_d0;23200;ASH_COATED_OSMIUM;10015;18;10011;21;;;10021;19;10025;26;;;10018.0;0.0
yf_ZW=F_d0;23200;INTARIAN_PEPPER_ROOT;9989;16;9985;21;;;10016;22;10020;17;;;10002.5;0.0
yf_ZW=F_d0;23300;ASH_COATED_OSMIUM;10015;15;10011;8;;;10021;10;10024;19;;;10018.0;0.0
yf_ZW=F_d0;23300;INTARIAN_PEPPER_ROOT;9999;14;9996;22;;;10005;15;10009;27;;;10002.0;0.0
yf_ZW=F_d0;23400;ASH_COATED_OSMIUM;10015;19;10012;18;;;10021;22;10024;12;;;10018.0;0.0
yf_ZW=F_d0;23400;INTARIAN_PEPPER_ROOT;9995;14;9993;29;;;10009;16;10011;27;;;10002.0;0.0
yf_ZW=F_d0;23500;ASH_COATED_OSMIUM;10015;13;10012;22;;;10021;27;10024;18;;;10018.0;0.0
yf_ZW=F_d0;23500;INTARIAN_PEPPER_ROOT;9999;23;9995;21;;;10005;29;10008;27;;;10002.0;0.0
yf_ZW=F_d0;23600;ASH_COATED_OSMIUM;10015;19;10011;24;;;10021;18;10023;17;;;10018.0;0.0
yf_ZW=F_d0;23600;INTARIAN_PEPPER_ROOT;9999;16;9996;13;;;10005;15;10007;20;;;10002.0;0.0
yf_ZW=F_d0;23700;ASH_COATED_OSMIUM;10014;13;10011;19;;;10023;13;10025;19;;;10018.5;0.0
yf_ZW=F_d0;23700;INTARIAN_PEPPER_ROOT;9999;5;9997;11;;;10005;10;10009;23;;;10002.0;0.0
yf_ZW=F_d0;23800;ASH_COATED_OSMIUM;10008;10;10005;18;;;10029;15;10033;19;;;10018.5;0.0
yf_ZW=F_d0;23800;INTARIAN_PEPPER_ROOT;10000;18;9996;17;;;10006;11;10009;20;;;10003.0;0.0
yf_ZW=F_d0;23900;ASH_COATED_OSMIUM;10008;16;10006;33;;;10027;19;10031;27;;;10017.5;0.0
yf_ZW=F_d0;23900;INTARIAN_PEPPER_ROOT;10000;15;9998;16;;;10006;12;10008;26;;;10003.0;0.0
yf_ZW=F_d0;24000;ASH_COATED_OSMIUM;10004;7;10002;12;;;10033;11;10035;19;;;10018.5;0.0
yf_ZW=F_d0;24000;INTARIAN_PEPPER_ROOT;9999;12;9997;14;;;10005;17;10008;14;;;10002.0;0.0
yf_ZW=F_d0;24100;ASH_COATED_OSMIUM;10016;15;10013;22;;;10022;15;10026;18;;;10019.0;0.0
yf_ZW=F_d0;24100;INTARIAN_PEPPER_ROOT;9999;15;9997;23;;;10005;6;10009;12;;;10002.0;0.0
yf_ZW=F_d0;24200;ASH_COATED_OSMIUM;10016;11;10014;19;;;10022;8;10025;27;;;10019.0;0.0
yf_ZW=F_d0;24200;INTARIAN_PEPPER_ROOT;9996;11;9992;20;;;10009;5;10013;25;;;10002.5;0.0
yf_ZW=F_d0;24300;ASH_COATED_OSMIUM;10015;17;10013;27;;;10022;11;10026;22;;;10018.5;0.0
yf_ZW=F_d0;24300;INTARIAN_PEPPER_ROOT;9994;15;9991;11;;;10012;15;10016;11;;;10003.0;0.0
yf_ZW=F_d0;24400;ASH_COATED_OSMIUM;10010;20;10007;21;;;10028;15;10032;26;;;10019.0;0.0
yf_ZW=F_d0;24400;INTARIAN_PEPPER_ROOT;9999;18;9996;20;;;10005;27;10008;23;;;10002.0;0.0
yf_ZW=F_d0;24500;ASH_COATED_OSMIUM;10005;15;10002;20;;;10034;20;10038;22;;;10019.5;0.0
yf_ZW=F_d0;24500;INTARIAN_PEPPER_ROOT;9989;15;9985;19;;;10015;21;10019;10;;;10002.0;0.0
yf_ZW=F_d0;24600;ASH_COATED_OSMIUM;10014;18;10012;18;;;10025;10;10029;19;;;10019.5;0.0
yf_ZW=F_d0;24600;INTARIAN_PEPPER_ROOT;9999;25;9996;24;;;10005;5;10009;19;;;10002.0;0.0
yf_ZW=F_d0;24700;ASH_COATED_OSMIUM;10016;10;10013;20;;;10022;9;10024;20;;;10019.0;0.0
yf_ZW=F_d0;24700;INTARIAN_PEPPER_ROOT;9999;11;9996;19;;;10005;14;10007;28;;;10002.0;0.0
yf_ZW=F_d0;24800;ASH_COATED_OSMIUM;10007;16;10005;21;;;10032;13;10036;22;;;10019.5;0.0
yf_ZW=F_d0;24800;INTARIAN_PEPPER_ROOT;9998;16;9994;16;;;10007;11;10010;19;;;10002.5;0.0
yf_ZW=F_d0;24900;ASH_COATED_OSMIUM;10016;20;10012;23;;;10023;12;10027;19;;;10019.5;0.0
yf_ZW=F_d0;24900;INTARIAN_PEPPER_ROOT;9999;19;9995;21;;;10005;16;10009;20;;;10002.0;0.0
yf_ZW=F_d0;25000;ASH_COATED_OSMIUM;10017;8;10014;20;;;10023;10;10026;14;;;10020.0;0.0
yf_ZW=F_d0;25000;INTARIAN_PEPPER_ROOT;9999;13;9997;20;;;10005;14;10008;22;;;10002.0;0.0
yf_ZW=F_d0;25100;ASH_COATED_OSMIUM;10012;17;10010;27;;;10027;18;10030;21;;;10019.5;0.0
yf_ZW=F_d0;25100;INTARIAN_PEPPER_ROOT;9999;17;9997;20;;;10005;14;10007;23;;;10002.0;0.0
yf_ZW=F_d0;25200;ASH_COATED_OSMIUM;10016;18;10012;13;;;10022;18;10026;16;;;10019.0;0.0
yf_ZW=F_d0;25200;INTARIAN_PEPPER_ROOT;9996;17;9994;26;;;10008;8;10010;19;;;10002.0;0.0
yf_ZW=F_d0;25300;ASH_COATED_OSMIUM;10015;8;10011;21;;;10025;21;10029;9;;;10020.0;0.0
yf_ZW=F_d0;25300;INTARIAN_PEPPER_ROOT;9998;17;9995;20;;;10004;12;10006;23;;;10001.0;0.0
yf_ZW=F_d0;25400;ASH_COATED_OSMIUM;10017;10;10014;15;;;10023;16;10026;17;;;10020.0;0.0
yf_ZW=F_d0;25400;INTARIAN_PEPPER_ROOT;9992;16;9989;24;;;10012;14;10015;26;;;10002.0;0.0
yf_ZW=F_d0;25500;ASH_COATED_OSMIUM;10007;15;10004;24;;;10031;22;10033;22;;;10019.0;0.0
yf_ZW=F_d0;25500;INTARIAN_PEPPER_ROOT;9999;9;9995;20;;;10005;17;10008;18;;;10002.0;0.0
yf_ZW=F_d0;25600;ASH_COATED_OSMIUM;10017;12;10013;22;;;10023;21;10027;15;;;10020.0;0.0
yf_ZW=F_d0;25600;INTARIAN_PEPPER_ROOT;9998;16;9996;16;;;10004;15;10006;11;;;10001.0;0.0
yf_ZW=F_d0;25700;ASH_COATED_OSMIUM;10016;14;10012;16;;;10023;12;10027;17;;;10019.5;0.0
yf_ZW=F_d0;25700;INTARIAN_PEPPER_ROOT;9997;27;9994;25;;;10006;18;10008;21;;;10001.5;0.0
yf_ZW=F_d0;25800;ASH_COATED_OSMIUM;10017;11;10013;22;;;10023;7;10027;24;;;10020.0;0.0
yf_ZW=F_d0;25800;INTARIAN_PEPPER_ROOT;9999;16;9997;20;;;10005;14;10009;25;;;10002.0;0.0
yf_ZW=F_d0;25900;ASH_COATED_OSMIUM;10017;19;10015;13;;;10023;16;10026;17;;;10020.0;0.0
yf_ZW=F_d0;25900;INTARIAN_PEPPER_ROOT;9999;26;9997;22;;;10005;21;10008;16;;;10002.0;0.0
yf_ZW=F_d0;26000;ASH_COATED_OSMIUM;10016;14;10014;16;;;10023;15;10026;19;;;10019.5;0.0
yf_ZW=F_d0;26000;INTARIAN_PEPPER_ROOT;9999;20;9996;24;;;10005;14;10008;17;;;10002.0;0.0
yf_ZW=F_d0;26100;ASH_COATED_OSMIUM;10018;14;10015;16;;;10024;10;10027;18;;;10021.0;0.0
yf_ZW=F_d0;26100;INTARIAN_PEPPER_ROOT;9998;21;9996;24;;;10004;12;10008;12;;;10001.0;0.0
yf_ZW=F_d0;26200;ASH_COATED_OSMIUM;10015;18;10012;18;;;10026;12;10029;26;;;10020.5;0.0
yf_ZW=F_d0;26200;INTARIAN_PEPPER_ROOT;9997;11;9994;17;;;10007;9;10011;17;;;10002.0;0.0
yf_ZW=F_d0;26300;ASH_COATED_OSMIUM;10017;20;10013;19;;;10023;17;10027;29;;;10020.0;0.0
yf_ZW=F_d0;26300;INTARIAN_PEPPER_ROOT;9999;21;9995;18;;;10005;10;10008;15;;;10002.0;0.0
yf_ZW=F_d0;26400;ASH_COATED_OSMIUM;10017;10;10014;23;;;10023;20;10025;23;;;10020.0;0.0
yf_ZW=F_d0;26400;INTARIAN_PEPPER_ROOT;9998;17;9995;29;;;10004;14;10008;28;;;10001.0;0.0
yf_ZW=F_d0;26500;ASH_COATED_OSMIUM;10017;15;10015;24;;;10024;13;10027;21;;;10020.5;0.0
yf_ZW=F_d0;26500;INTARIAN_PEPPER_ROOT;9998;7;9994;26;;;10004;5;10007;25;;;10001.0;0.0
yf_ZW=F_d0;26600;ASH_COATED_OSMIUM;10017;12;10013;17;;;10023;15;10027;22;;;10020.0;0.0
yf_ZW=F_d0;26600;INTARIAN_PEPPER_ROOT;9994;18;9990;23;;;10009;20;10011;14;;;10001.5;0.0
yf_ZW=F_d0;26700;ASH_COATED_OSMIUM;10018;14;10015;11;;;10024;12;10027;31;;;10021.0;0.0
yf_ZW=F_d0;26700;INTARIAN_PEPPER_ROOT;9999;6;9996;8;;;10005;9;10007;15;;;10002.0;0.0
yf_ZW=F_d0;26800;ASH_COATED_OSMIUM;10015;15;10011;24;;;10027;10;10030;23;;;10021.0;0.0
yf_ZW=F_d0;26800;INTARIAN_PEPPER_ROOT;9998;13;9995;24;;;10004;6;10006;24;;;10001.0;0.0
yf_ZW=F_d0;26900;ASH_COATED_OSMIUM;10018;13;10016;22;;;10024;19;10028;25;;;10021.0;0.0
yf_ZW=F_d0;26900;INTARIAN_PEPPER_ROOT;9998;9;9996;25;;;10004;14;10006;22;;;10001.0;0.0
yf_ZW=F_d0;27000;ASH_COATED_OSMIUM;10018;15;10016;23;;;10024;6;10027;20;;;10021.0;0.0
yf_ZW=F_d0;27000;INTARIAN_PEPPER_ROOT;9998;13;9994;19;;;10004;13;10008;25;;;10001.0;0.0
yf_ZW=F_d0;27100;ASH_COATED_OSMIUM;10018;18;10016;12;;;10024;14;10026;19;;;10021.0;0.0
yf_ZW=F_d0;27100;INTARIAN_PEPPER_ROOT;9996;22;9994;16;;;10005;16;10008;15;;;10000.5;0.0
yf_ZW=F_d0;27200;ASH_COATED_OSMIUM;10018;17;10014;19;;;10024;22;10027;24;;;10021.0;0.0
yf_ZW=F_d0;27200;INTARIAN_PEPPER_ROOT;9999;20;9997;16;;;10005;16;10008;15;;;10002.0;0.0
yf_ZW=F_d0;27300;ASH_COATED_OSMIUM;10018;18;10014;24;;;10024;19;10027;20;;;10021.0;0.0
yf_ZW=F_d0;27300;INTARIAN_PEPPER_ROOT;9998;19;9996;14;;;10004;19;10007;21;;;10001.0;0.0
yf_ZW=F_d0;27400;ASH_COATED_OSMIUM;10015;14;10012;21;;;10028;17;10032;27;;;10021.5;0.0
yf_ZW=F_d0;27400;INTARIAN_PEPPER_ROOT;9992;5;9990;15;;;10011;11;10015;13;;;10001.5;0.0
yf_ZW=F_d0;27500;ASH_COATED_OSMIUM;10019;13;10016;20;;;10025;20;10027;16;;;10022.0;0.0
yf_ZW=F_d0;27500;INTARIAN_PEPPER_ROOT;9999;9;9995;23;;;10005;6;10008;13;;;10002.0;0.0
yf_ZW=F_d0;27600;ASH_COATED_OSMIUM;10017;12;10015;21;;;10025;15;10029;18;;;10021.0;0.0
yf_ZW=F_d0;27600;INTARIAN_PEPPER_ROOT;9998;19;9995;14;;;10004;17;10007;23;;;10001.0;0.0
yf_ZW=F_d0;27700;ASH_COATED_OSMIUM;10019;18;10017;19;;;10025;9;10027;19;;;10022.0;0.0
yf_ZW=F_d0;27700;INTARIAN_PEPPER_ROOT;9998;11;9994;21;;;10005;16;10009;27;;;10001.5;0.0
yf_ZW=F_d0;27800;ASH_COATED_OSMIUM;10019;23;10017;17;;;10025;9;10028;20;;;10022.0;0.0
yf_ZW=F_d0;27800;INTARIAN_PEPPER_ROOT;9998;9;9996;25;;;10004;15;10006;19;;;10001.0;0.0
yf_ZW=F_d0;27900;ASH_COATED_OSMIUM;10018;9;10015;25;;;10026;17;10029;28;;;10022.0;0.0
yf_ZW=F_d0;27900;INTARIAN_PEPPER_ROOT;9998;17;9996;21;;;10004;15;10006;17;;;10001.0;0.0
yf_ZW=F_d0;28000;ASH_COATED_OSMIUM;10019;17;10017;19;;;10025;11;10028;17;;;10022.0;0.0
yf_ZW=F_d0;28000;INTARIAN_PEPPER_ROOT;9998;14;9996;26;;;10004;12;10008;17;;;10001.0;0.0
yf_ZW=F_d0;28100;ASH_COATED_OSMIUM;10019;12;10016;16;;;10025;19;10028;12;;;10022.0;0.0
yf_ZW=F_d0;28100;INTARIAN_PEPPER_ROOT;9998;5;9996;18;;;10004;14;10006;22;;;10001.0;0.0
yf_ZW=F_d0;28200;ASH_COATED_OSMIUM;10019;13;10017;16;;;10025;13;10027;10;;;10022.0;0.0
yf_ZW=F_d0;28200;INTARIAN_PEPPER_ROOT;9998;11;9996;12;;;10004;21;10006;25;;;10001.0;0.0
yf_ZW=F_d0;28300;ASH_COATED_OSMIUM;10017;17;10014;18;;;10028;15;10032;23;;;10022.5;0.0
yf_ZW=F_d0;28300;INTARIAN_PEPPER_ROOT;9998;18;9994;13;;;10004;19;10006;15;;;10001.0;0.0
yf_ZW=F_d0;28400;ASH_COATED_OSMIUM;10019;21;10015;20;;;10025;11;10027;17;;;10022.0;0.0
yf_ZW=F_d0;28400;INTARIAN_PEPPER_ROOT;9997;20;9993;18;;;10004;11;10007;20;;;10000.5;0.0
yf_ZW=F_d0;28500;ASH_COATED_OSMIUM;10015;15;10011;10;;;10031;5;10033;17;;;10023.0;0.0
yf_ZW=F_d0;28500;INTARIAN_PEPPER_ROOT;9995;16;9992;27;;;10006;7;10008;17;;;10000.5;0.0
yf_ZW=F_d0;28600;ASH_COATED_OSMIUM;10014;12;10011;14;;;10030;23;10032;18;;;10022.0;0.0
yf_ZW=F_d0;28600;INTARIAN_PEPPER_ROOT;9998;16;9996;14;;;10004;7;10007;13;;;10001.0;0.0
yf_ZW=F_d0;28700;ASH_COATED_OSMIUM;10014;8;10012;17;;;10031;11;10034;23;;;10022.5;0.0
yf_ZW=F_d0;28700;INTARIAN_PEPPER_ROOT;9998;23;9996;21;;;10004;11;10006;12;;;10001.0;0.0
yf_ZW=F_d0;28800;ASH_COATED_OSMIUM;10019;13;10015;24;;;10025;18;10029;18;;;10022.0;0.0
yf_ZW=F_d0;28800;INTARIAN_PEPPER_ROOT;9997;16;9993;26;;;10005;7;10008;33;;;10001.0;0.0
yf_ZW=F_d0;28900;ASH_COATED_OSMIUM;10020;22;10018;17;;;10026;15;10029;16;;;10023.0;0.0
yf_ZW=F_d0;28900;INTARIAN_PEPPER_ROOT;9997;11;9993;20;;;10003;20;10006;16;;;10000.0;0.0
yf_ZW=F_d0;29000;ASH_COATED_OSMIUM;10020;11;10018;15;;;10026;11;10028;17;;;10023.0;0.0
yf_ZW=F_d0;29000;INTARIAN_PEPPER_ROOT;9998;20;9994;30;;;10004;12;10008;20;;;10001.0;0.0
yf_ZW=F_d0;29100;ASH_COATED_OSMIUM;10020;20;10017;20;;;10026;5;10029;25;;;10023.0;0.0
yf_ZW=F_d0;29100;INTARIAN_PEPPER_ROOT;9996;11;9994;24;;;10006;19;10008;27;;;10001.0;0.0
yf_ZW=F_d0;29200;ASH_COATED_OSMIUM;10020;20;10018;18;;;10026;11;10030;19;;;10023.0;0.0
yf_ZW=F_d0;29200;INTARIAN_PEPPER_ROOT;9998;13;9994;20;;;10004;11;10006;25;;;10001.0;0.0
yf_ZW=F_d0;29300;ASH_COATED_OSMIUM;10020;10;10016;17;;;10026;10;10029;20;;;10023.0;0.0
yf_ZW=F_d0;29300;INTARIAN_PEPPER_ROOT;9989;12;9985;20;;;10012;21;10015;18;;;10000.5;0.0
yf_ZW=F_d0;29400;ASH_COATED_OSMIUM;10020;11;10018;24;;;10026;12;10030;19;;;10023.0;0.0
yf_ZW=F_d0;29400;INTARIAN_PEPPER_ROOT;9997;18;9995;10;;;10003;24;10005;18;;;10000.0;0.0
yf_ZW=F_d0;29500;ASH_COATED_OSMIUM;10020;14;10018;15;;;10027;18;10031;17;;;10023.5;0.0
yf_ZW=F_d0;29500;INTARIAN_PEPPER_ROOT;9996;17;9992;15;;;10005;11;10008;24;;;10000.5;0.0
yf_ZW=F_d0;29600;ASH_COATED_OSMIUM;10020;15;10017;17;;;10026;18;10030;16;;;10023.0;0.0
yf_ZW=F_d0;29600;INTARIAN_PEPPER_ROOT;9998;9;9994;26;;;10004;11;10006;15;;;10001.0;0.0
yf_ZW=F_d0;29700;ASH_COATED_OSMIUM;10015;10;10012;13;;;10032;21;10035;24;;;10023.5;0.0
yf_ZW=F_d0;29700;INTARIAN_PEPPER_ROOT;9995;30;9992;19;;;10005;10;10007;26;;;10000.0;0.0
yf_ZW=F_d0;29800;ASH_COATED_OSMIUM;10011;14;10009;17;;;10036;16;10040;12;;;10023.5;0.0
yf_ZW=F_d0;29800;INTARIAN_PEPPER_ROOT;9997;15;9994;26;;;10003;10;10007;17;;;10000.0;0.0
yf_ZW=F_d0;29900;ASH_COATED_OSMIUM;10020;20;10017;20;;;10026;14;10028;13;;;10023.0;0.0
yf_ZW=F_d0;29900;INTARIAN_PEPPER_ROOT;9993;15;9989;25;;;10009;17;10011;23;;;10001.0;0.0
yf_ZW=F_d0;30000;ASH_COATED_OSMIUM;10020;14;10018;20;;;10026;18;10028;26;;;10023.0;0.0
yf_ZW=F_d0;30000;INTARIAN_PEPPER_ROOT;9997;21;9994;18;;;10003;7;10007;19;;;10000.0;0.0
yf_ZW=F_d0;30100;ASH_COATED_OSMIUM;10021;20;10019;22;;;10027;16;10031;18;;;10024.0;0.0
yf_ZW=F_d0;30100;INTARIAN_PEPPER_ROOT;9997;16;9994;23;;;10003;12;10006;23;;;10000.0;0.0
yf_ZW=F_d0;30200;ASH_COATED_OSMIUM;10019;10;10016;25;;;10028;16;10030;21;;;10023.5;0.0
yf_ZW=F_d0;30200;INTARIAN_PEPPER_ROOT;9997;16;9994;20;;;10003;16;10006;20;;;10000.0;0.0
yf_ZW=F_d0;30300;ASH_COATED_OSMIUM;10017;18;10014;13;;;10030;17;10033;22;;;10023.5;0.0
yf_ZW=F_d0;30300;INTARIAN_PEPPER_ROOT;9998;15;9994;23;;;10004;19;10008;14;;;10001.0;0.0
yf_ZW=F_d0;30400;ASH_COATED_OSMIUM;10021;12;10017;24;;;10027;8;10030;16;;;10024.0;0.0
yf_ZW=F_d0;30400;INTARIAN_PEPPER_ROOT;9992;10;9989;24;;;10010;16;10012;18;;;10001.0;0.0
yf_ZW=F_d0;30500;ASH_COATED_OSMIUM;10021;22;10017;26;;;10027;20;10029;17;;;10024.0;0.0
yf_ZW=F_d0;30500;INTARIAN_PEPPER_ROOT;9997;10;9995;16;;;10003;5;10005;26;;;10000.0;0.0
yf_ZW=F_d0;30600;ASH_COATED_OSMIUM;10021;12;10017;15;;;10027;15;10030;18;;;10024.0;0.0
yf_ZW=F_d0;30600;INTARIAN_PEPPER_ROOT;9997;5;9994;25;;;10004;16;10006;20;;;10000.5;0.0
yf_ZW=F_d0;30700;ASH_COATED_OSMIUM;10021;14;10017;22;;;10027;15;10030;21;;;10024.0;0.0
yf_ZW=F_d0;30700;INTARIAN_PEPPER_ROOT;9997;9;9995;10;;;10003;14;10005;24;;;10000.0;0.0
yf_ZW=F_d0;30800;ASH_COATED_OSMIUM;10020;20;10017;27;;;10028;11;10030;18;;;10024.0;0.0
yf_ZW=F_d0;30800;INTARIAN_PEPPER_ROOT;9997;20;9995;21;;;10003;16;10007;18;;;10000.0;0.0
yf_ZW=F_d0;30900;ASH_COATED_OSMIUM;10016;16;10012;10;;;10032;21;10036;22;;;10024.0;0.0
yf_ZW=F_d0;30900;INTARIAN_PEPPER_ROOT;9998;15;9995;15;;;10004;16;10006;25;;;10001.0;0.0
yf_ZW=F_d0;31000;ASH_COATED_OSMIUM;10022;12;10018;26;;;10028;11;10032;23;;;10025.0;0.0
yf_ZW=F_d0;31000;INTARIAN_PEPPER_ROOT;9998;18;9996;27;;;10004;7;10008;22;;;10001.0;0.0
yf_ZW=F_d0;31100;ASH_COATED_OSMIUM;10009;11;10006;25;;;10040;11;10043;21;;;10024.5;0.0
yf_ZW=F_d0;31100;INTARIAN_PEPPER_ROOT;9997;11;9994;28;;;10003;13;10006;19;;;10000.0;0.0
yf_ZW=F_d0;31200;ASH_COATED_OSMIUM;10009;17;10005;13;;;10040;8;10042;22;;;10024.5;0.0
yf_ZW=F_d0;31200;INTARIAN_PEPPER_ROOT;9997;12;9993;18;;;10003;22;10007;17;;;10000.0;0.0
yf_ZW=F_d0;31300;ASH_COATED_OSMIUM;10012;18;10010;15;;;10037;7;10040;20;;;10024.5;0.0
yf_ZW=F_d0;31300;INTARIAN_PEPPER_ROOT;9997;14;9993;22;;;10003;7;10007;27;;;10000.0;0.0
yf_ZW=F_d0;31400;ASH_COATED_OSMIUM;10022;12;10020;20;;;10028;12;10032;15;;;10025.0;0.0
yf_ZW=F_d0;31400;INTARIAN_PEPPER_ROOT;9993;10;9989;23;;;10006;14;10008;26;;;9999.5;0.0
yf_ZW=F_d0;31500;ASH_COATED_OSMIUM;10022;14;10018;11;;;10028;12;10031;26;;;10025.0;0.0
yf_ZW=F_d0;31500;INTARIAN_PEPPER_ROOT;9995;21;9993;11;;;10005;6;10009;21;;;10000.0;0.0
yf_ZW=F_d0;31600;ASH_COATED_OSMIUM;10022;6;10020;21;;;10028;13;10030;11;;;10025.0;0.0
yf_ZW=F_d0;31600;INTARIAN_PEPPER_ROOT;9997;12;9995;19;;;10004;5;10006;15;;;10000.5;0.0
yf_ZW=F_d0;31700;ASH_COATED_OSMIUM;10019;10;10016;16;;;10032;17;10035;24;;;10025.5;0.0
yf_ZW=F_d0;31700;INTARIAN_PEPPER_ROOT;9997;17;9994;13;;;10003;7;10005;21;;;10000.0;0.0
yf_ZW=F_d0;31800;ASH_COATED_OSMIUM;10020;16;10018;13;;;10031;9;10034;28;;;10025.5;0.0
yf_ZW=F_d0;31800;INTARIAN_PEPPER_ROOT;9996;6;9994;23;;;10005;16;10008;21;;;10000.5;0.0
yf_ZW=F_d0;31900;ASH_COATED_OSMIUM;10023;15;10020;25;;;10029;21;10033;17;;;10026.0;0.0
yf_ZW=F_d0;31900;INTARIAN_PEPPER_ROOT;9997;7;9993;20;;;10003;21;10006;19;;;10000.0;0.0
yf_ZW=F_d0;32000;ASH_COATED_OSMIUM;10023;15;10020;16;;;10029;15;10031;21;;;10026.0;0.0
yf_ZW=F_d0;32000;INTARIAN_PEPPER_ROOT;9994;12;9991;12;;;10006;9;10010;19;;;10000.0;0.0
yf_ZW=F_d0;32100;ASH_COATED_OSMIUM;10023;14;10019;25;;;10029;15;10031;25;;;10026.0;0.0
yf_ZW=F_d0;32100;INTARIAN_PEPPER_ROOT;9992;17;9990;29;;;10008;9;10012;16;;;10000.0;0.0
yf_ZW=F_d0;32200;ASH_COATED_OSMIUM;10023;11;10021;20;;;10029;16;10033;18;;;10026.0;0.0
yf_ZW=F_d0;32200;INTARIAN_PEPPER_ROOT;9998;11;9995;26;;;10004;5;10008;21;;;10001.0;0.0
yf_ZW=F_d0;32300;ASH_COATED_OSMIUM;10023;13;10021;14;;;10029;15;10032;21;;;10026.0;0.0
yf_ZW=F_d0;32300;INTARIAN_PEPPER_ROOT;9997;11;9994;12;;;10003;11;10006;14;;;10000.0;0.0
yf_ZW=F_d0;32400;ASH_COATED_OSMIUM;10023;22;10020;26;;;10029;23;10032;17;;;10026.0;0.0
yf_ZW=F_d0;32400;INTARIAN_PEPPER_ROOT;9988;17;9984;18;;;10011;5;10014;15;;;9999.5;0.0
yf_ZW=F_d0;32500;ASH_COATED_OSMIUM;10022;19;10020;19;;;10030;16;10033;18;;;10026.0;0.0
yf_ZW=F_d0;32500;INTARIAN_PEPPER_ROOT;9995;16;9992;20;;;10002;17;10005;14;;;9998.5;0.0
yf_ZW=F_d0;32600;ASH_COATED_OSMIUM;10023;8;10019;18;;;10029;21;10032;23;;;10026.0;0.0
yf_ZW=F_d0;32600;INTARIAN_PEPPER_ROOT;9992;13;9989;18;;;10007;8;10011;18;;;9999.5;0.0
yf_ZW=F_d0;32700;ASH_COATED_OSMIUM;10016;9;10014;25;;;10037;5;10040;19;;;10026.5;0.0
yf_ZW=F_d0;32700;INTARIAN_PEPPER_ROOT;9997;10;9993;14;;;10003;14;10005;17;;;10000.0;0.0
yf_ZW=F_d0;32800;ASH_COATED_OSMIUM;10020;14;10017;19;;;10033;25;10036;15;;;10026.5;0.0
yf_ZW=F_d0;32800;INTARIAN_PEPPER_ROOT;9996;16;9992;18;;;10002;22;10004;15;;;9999.0;0.0
yf_ZW=F_d0;32900;ASH_COATED_OSMIUM;10019;18;10016;13;;;10035;11;10039;19;;;10027.0;0.0
yf_ZW=F_d0;32900;INTARIAN_PEPPER_ROOT;9997;9;9995;20;;;10003;14;10005;26;;;10000.0;0.0
yf_ZW=F_d0;33000;ASH_COATED_OSMIUM;10024;18;10020;19;;;10030;10;10033;25;;;10027.0;0.0
yf_ZW=F_d0;33000;INTARIAN_PEPPER_ROOT;9990;15;9988;29;;;10011;20;10013;15;;;10000.5;0.0
yf_ZW=F_d0;33100;ASH_COATED_OSMIUM;10020;13;10017;18;;;10033;18;10037;18;;;10026.5;0.0
yf_ZW=F_d0;33100;INTARIAN_PEPPER_ROOT;9994;19;9991;18;;;10005;12;10007;15;;;9999.5;0.0
yf_ZW=F_d0;33200;ASH_COATED_OSMIUM;10021;15;10019;22;;;10033;8;10037;22;;;10027.0;0.0
yf_ZW=F_d0;33200;INTARIAN_PEPPER_ROOT;9997;17;9993;28;;;10003;8;10007;21;;;10000.0;0.0
yf_ZW=F_d0;33300;ASH_COATED_OSMIUM;10023;20;10020;21;;;10030;13;10034;20;;;10026.5;0.0
yf_ZW=F_d0;33300;INTARIAN_PEPPER_ROOT;9997;21;9993;25;;;10003;9;10006;13;;;10000.0;0.0
yf_ZW=F_d0;33400;ASH_COATED_OSMIUM;10024;12;10021;16;;;10030;12;10034;14;;;10027.0;0.0
yf_ZW=F_d0;33400;INTARIAN_PEPPER_ROOT;9997;15;9994;17;;;10003;17;10007;24;;;10000.0;0.0
yf_ZW=F_d0;33500;ASH_COATED_OSMIUM;10023;13;10019;25;;;10030;16;10032;25;;;10026.5;0.0
yf_ZW=F_d0;33500;INTARIAN_PEPPER_ROOT;9996;22;9994;13;;;10002;17;10006;23;;;9999.0;0.0
yf_ZW=F_d0;33600;ASH_COATED_OSMIUM;10024;12;10020;20;;;10030;12;10034;17;;;10027.0;0.0
yf_ZW=F_d0;33600;INTARIAN_PEPPER_ROOT;9997;14;9993;27;;;10003;11;10006;24;;;10000.0;0.0
yf_ZW=F_d0;33700;ASH_COATED_OSMIUM;10013;10;10011;25;;;10041;21;10044;21;;;10027.0;0.0
yf_ZW=F_d0;33700;INTARIAN_PEPPER_ROOT;9989;12;9987;17;;;10010;11;10013;19;;;9999.5;0.0
yf_ZW=F_d0;33800;ASH_COATED_OSMIUM;10019;12;10015;16;;;10035;14;10038;21;;;10027.0;0.0
yf_ZW=F_d0;33800;INTARIAN_PEPPER_ROOT;9994;15;9991;15;;;10006;28;10009;15;;;10000.0;0.0
yf_ZW=F_d0;33900;ASH_COATED_OSMIUM;10024;12;10021;23;;;10030;11;10034;22;;;10027.0;0.0
yf_ZW=F_d0;33900;INTARIAN_PEPPER_ROOT;9994;23;9990;30;;;10005;13;10009;24;;;9999.5;0.0
yf_ZW=F_d0;34000;ASH_COATED_OSMIUM;10025;16;10021;15;;;10031;13;10035;11;;;10028.0;0.0
yf_ZW=F_d0;34000;INTARIAN_PEPPER_ROOT;9993;19;9989;14;;;10008;14;10012;19;;;10000.5;0.0
yf_ZW=F_d0;34100;ASH_COATED_OSMIUM;10025;23;10022;18;;;10031;16;10035;22;;;10028.0;0.0
yf_ZW=F_d0;34100;INTARIAN_PEPPER_ROOT;9997;19;9993;21;;;10007;7;10010;19;;;10002.0;0.0
yf_ZW=F_d0;34200;ASH_COATED_OSMIUM;10017;18;10014;21;;;10038;13;10041;23;;;10027.5;0.0
yf_ZW=F_d0;34200;INTARIAN_PEPPER_ROOT;10001;18;9997;15;;;10008;26;10012;23;;;10004.5;0.0
yf_ZW=F_d0;34300;ASH_COATED_OSMIUM;10024;12;10021;20;;;10031;13;10033;18;;;10027.5;0.0
yf_ZW=F_d0;34300;INTARIAN_PEPPER_ROOT;10001;16;9998;13;;;10009;19;10013;15;;;10005.0;0.0
yf_ZW=F_d0;34400;ASH_COATED_OSMIUM;10020;11;10016;21;;;10036;13;10039;18;;;10028.0;0.0
yf_ZW=F_d0;34400;INTARIAN_PEPPER_ROOT;10003;5;9999;20;;;10011;18;10015;25;;;10007.0;0.0
yf_ZW=F_d0;34500;ASH_COATED_OSMIUM;10024;15;10021;16;;;10031;17;10034;17;;;10027.5;0.0
yf_ZW=F_d0;34500;INTARIAN_PEPPER_ROOT;10006;18;10003;24;;;10012;16;10014;14;;;10009.0;0.0
yf_ZW=F_d0;34600;ASH_COATED_OSMIUM;10025;14;10022;14;;;10031;15;10035;18;;;10028.0;0.0
yf_ZW=F_d0;34600;INTARIAN_PEPPER_ROOT;10007;12;10005;18;;;10013;15;10017;19;;;10010.0;0.0
yf_ZW=F_d0;34700;ASH_COATED_OSMIUM;10013;12;10011;21;;;10044;6;10046;21;;;10028.5;0.0
yf_ZW=F_d0;34700;INTARIAN_PEPPER_ROOT;10008;23;10004;20;;;10014;10;10018;22;;;10011.0;0.0
yf_ZW=F_d0;34800;ASH_COATED_OSMIUM;10017;16;10014;24;;;10040;20;10044;21;;;10028.5;0.0
yf_ZW=F_d0;34800;INTARIAN_PEPPER_ROOT;10010;19;10008;11;;;10016;10;10018;16;;;10013.0;0.0
yf_ZW=F_d0;34900;ASH_COATED_OSMIUM;10023;21;10019;17;;;10035;9;10037;27;;;10029.0;0.0
yf_ZW=F_d0;34900;INTARIAN_PEPPER_ROOT;10012;15;10010;17;;;10018;14;10022;18;;;10015.0;0.0
yf_ZW=F_d0;35000;ASH_COATED_OSMIUM;10025;12;10022;25;;;10031;10;10034;20;;;10028.0;0.0
yf_ZW=F_d0;35000;INTARIAN_PEPPER_ROOT;10013;13;10009;13;;;10019;13;10021;16;;;10016.0;0.0
yf_ZW=F_d0;35100;ASH_COATED_OSMIUM;10025;12;10021;18;;;10031;22;10033;23;;;10028.0;0.0
yf_ZW=F_d0;35100;INTARIAN_PEPPER_ROOT;10013;21;10009;15;;;10021;11;10023;28;;;10017.0;0.0
yf_ZW=F_d0;35200;ASH_COATED_OSMIUM;10023;16;10021;18;;;10034;17;10038;19;;;10028.5;0.0
yf_ZW=F_d0;35200;INTARIAN_PEPPER_ROOT;10016;12;10014;14;;;10022;14;10025;26;;;10019.0;0.0
yf_ZW=F_d0;35300;ASH_COATED_OSMIUM;10016;5;10013;18;;;10042;16;10045;19;;;10029.0;0.0
yf_ZW=F_d0;35300;INTARIAN_PEPPER_ROOT;10012;10;10008;30;;;10028;12;10030;12;;;10020.0;0.0
yf_ZW=F_d0;35400;ASH_COATED_OSMIUM;10026;5;10023;27;;;10032;10;10035;10;;;10029.0;0.0
yf_ZW=F_d0;35400;INTARIAN_PEPPER_ROOT;10008;14;10004;22;;;10036;18;10040;25;;;10022.0;0.0
yf_ZW=F_d0;35500;ASH_COATED_OSMIUM;10026;12;10022;22;;;10032;11;10034;12;;;10029.0;0.0
yf_ZW=F_d0;35500;INTARIAN_PEPPER_ROOT;10020;14;10018;24;;;10026;13;10028;20;;;10023.0;0.0
yf_ZW=F_d0;35600;ASH_COATED_OSMIUM;10027;25;10023;18;;;10033;23;10035;29;;;10030.0;0.0
yf_ZW=F_d0;35600;INTARIAN_PEPPER_ROOT;10022;14;10019;22;;;10028;12;10030;24;;;10025.0;0.0
yf_ZW=F_d0;35700;ASH_COATED_OSMIUM;10021;5;10019;27;;;10038;21;10041;11;;;10029.5;0.0
yf_ZW=F_d0;35700;INTARIAN_PEPPER_ROOT;10023;16;10019;22;;;10029;8;10033;16;;;10026.0;0.0
yf_ZW=F_d0;35800;ASH_COATED_OSMIUM;10026;16;10024;17;;;10035;17;10037;28;;;10030.5;0.0
yf_ZW=F_d0;35800;INTARIAN_PEPPER_ROOT;10025;11;10022;34;;;10031;10;10035;13;;;10028.0;0.0
yf_ZW=F_d0;35900;ASH_COATED_OSMIUM;10021;12;10017;11;;;10039;16;10043;21;;;10030.0;0.0
yf_ZW=F_d0;35900;INTARIAN_PEPPER_ROOT;10024;19;10022;22;;;10033;9;10035;12;;;10028.5;0.0
yf_ZW=F_d0;36000;ASH_COATED_OSMIUM;10014;13;10010;11;;;10045;22;10048;22;;;10029.5;0.0
yf_ZW=F_d0;36000;INTARIAN_PEPPER_ROOT;10028;15;10024;24;;;10034;14;10038;29;;;10031.0;0.0
yf_ZW=F_d0;36100;ASH_COATED_OSMIUM;10022;20;10018;18;;;10039;5;10042;21;;;10030.5;0.0
yf_ZW=F_d0;36100;INTARIAN_PEPPER_ROOT;10021;16;10019;18;;;10043;10;10046;21;;;10032.0;0.0
yf_ZW=F_d0;36200;ASH_COATED_OSMIUM;10027;17;10024;24;;;10033;12;10035;20;;;10030.0;0.0
yf_ZW=F_d0;36200;INTARIAN_PEPPER_ROOT;10019;20;10015;22;;;10047;11;10051;15;;;10033.0;0.0
yf_ZW=F_d0;36300;ASH_COATED_OSMIUM;10027;18;10023;30;;;10033;19;10037;22;;;10030.0;0.0
yf_ZW=F_d0;36300;INTARIAN_PEPPER_ROOT;10032;8;10030;21;;;10038;9;10041;14;;;10035.0;0.0
yf_ZW=F_d0;36400;ASH_COATED_OSMIUM;10028;14;10026;13;;;10034;10;10037;16;;;10031.0;0.0
yf_ZW=F_d0;36400;INTARIAN_PEPPER_ROOT;10033;10;10030;16;;;10039;20;10043;11;;;10036.0;0.0
yf_ZW=F_d0;36500;ASH_COATED_OSMIUM;10025;15;10021;18;;;10036;5;10040;26;;;10030.5;0.0
yf_ZW=F_d0;36500;INTARIAN_PEPPER_ROOT;10035;14;10033;17;;;10041;18;10045;21;;;10038.0;0.0
yf_ZW=F_d0;36600;ASH_COATED_OSMIUM;10027;17;10025;16;;;10033;16;10037;18;;;10030.0;0.0
yf_ZW=F_d0;36600;INTARIAN_PEPPER_ROOT;10035;15;10033;23;;;10042;13;10045;24;;;10038.5;0.0
yf_ZW=F_d0;36700;ASH_COATED_OSMIUM;10028;12;10024;22;;;10034;25;10036;8;;;10031.0;0.0
yf_ZW=F_d0;36700;INTARIAN_PEPPER_ROOT;10038;17;10036;17;;;10044;23;10048;24;;;10041.0;0.0
yf_ZW=F_d0;36800;ASH_COATED_OSMIUM;10028;17;10026;14;;;10034;15;10036;17;;;10031.0;0.0
yf_ZW=F_d0;36800;INTARIAN_PEPPER_ROOT;10039;17;10035;23;;;10045;5;10047;20;;;10042.0;0.0
yf_ZW=F_d0;36900;ASH_COATED_OSMIUM;10028;11;10025;24;;;10034;11;10037;17;;;10031.0;0.0
yf_ZW=F_d0;36900;INTARIAN_PEPPER_ROOT;10040;7;10037;20;;;10046;13;10048;15;;;10043.0;0.0
yf_ZW=F_d0;37000;ASH_COATED_OSMIUM;10024;16;10022;17;;;10039;10;10042;19;;;10031.5;0.0
yf_ZW=F_d0;37000;INTARIAN_PEPPER_ROOT;10035;13;10032;17;;;10054;21;10057;16;;;10044.5;0.0
yf_ZW=F_d0;37100;ASH_COATED_OSMIUM;10028;11;10024;25;;;10034;19;10036;18;;;10031.0;0.0
yf_ZW=F_d0;37100;INTARIAN_PEPPER_ROOT;10043;5;10040;23;;;10050;13;10054;25;;;10046.5;0.0
yf_ZW=F_d0;37200;ASH_COATED_OSMIUM;10028;8;10025;31;;;10034;12;10036;14;;;10031.0;0.0
yf_ZW=F_d0;37200;INTARIAN_PEPPER_ROOT;10044;21;10042;9;;;10050;10;10054;29;;;10047.0;0.0
yf_ZW=F_d0;37300;ASH_COATED_OSMIUM;10023;15;10021;14;;;10041;16;10045;8;;;10032.0;0.0
yf_ZW=F_d0;37300;INTARIAN_PEPPER_ROOT;10046;24;10044;19;;;10052;12;10055;23;;;10049.0;0.0
yf_ZW=F_d0;37400;ASH_COATED_OSMIUM;10026;20;10023;26;;;10036;5;10038;17;;;10031.0;0.0
yf_ZW=F_d0;37400;INTARIAN_PEPPER_ROOT;10047;22;10044;31;;;10055;19;10058;17;;;10051.0;0.0
yf_ZW=F_d0;37500;ASH_COATED_OSMIUM;10029;12;10027;19;;;10035;21;10039;23;;;10032.0;0.0
yf_ZW=F_d0;37500;INTARIAN_PEPPER_ROOT;10049;12;10046;20;;;10055;12;10058;21;;;10052.0;0.0
yf_ZW=F_d0;37600;ASH_COATED_OSMIUM;10023;14;10020;19;;;10040;26;10044;24;;;10031.5;0.0
yf_ZW=F_d0;37600;INTARIAN_PEPPER_ROOT;10051;10;10047;23;;;10057;13;10061;22;;;10054.0;0.0
yf_ZW=F_d0;37700;ASH_COATED_OSMIUM;10029;18;10026;28;;;10035;13;10037;9;;;10032.0;0.0
yf_ZW=F_d0;37700;INTARIAN_PEPPER_ROOT;10048;17;10045;16;;;10061;23;10063;16;;;10054.5;0.0
yf_ZW=F_d0;37800;ASH_COATED_OSMIUM;10028;16;10024;12;;;10034;16;10038;20;;;10031.0;0.0
yf_ZW=F_d0;37800;INTARIAN_PEPPER_ROOT;10054;8;10050;18;;;10060;13;10063;11;;;10057.0;0.0
yf_ZW=F_d0;37900;ASH_COATED_OSMIUM;10029;11;10025;18;;;10035;15;10038;17;;;10032.0;0.0
yf_ZW=F_d0;37900;INTARIAN_PEPPER_ROOT;10055;18;10053;22;;;10061;15;10065;29;;;10058.0;0.0
yf_ZW=F_d0;38000;ASH_COATED_OSMIUM;10030;7;10028;15;;;10036;24;10038;11;;;10033.0;0.0
yf_ZW=F_d0;38000;INTARIAN_PEPPER_ROOT;10054;20;10050;15;;;10066;19;10068;17;;;10060.0;0.0
yf_ZW=F_d0;38100;ASH_COATED_OSMIUM;10029;11;10027;10;;;10036;11;10039;23;;;10032.5;0.0
yf_ZW=F_d0;38100;INTARIAN_PEPPER_ROOT;10058;12;10055;26;;;10065;13;10067;17;;;10061.5;0.0
yf_ZW=F_d0;38200;ASH_COATED_OSMIUM;10030;16;10028;10;;;10036;22;10038;20;;;10033.0;0.0
yf_ZW=F_d0;38200;INTARIAN_PEPPER_ROOT;10057;17;10053;21;;;10068;22;10072;16;;;10062.5;0.0
yf_ZW=F_d0;38300;ASH_COATED_OSMIUM;10030;27;10026;22;;;10036;10;10039;16;;;10033.0;0.0
yf_ZW=F_d0;38300;INTARIAN_PEPPER_ROOT;10061;9;10058;19;;;10067;16;10070;25;;;10064.0;0.0
yf_ZW=F_d0;38400;ASH_COATED_OSMIUM;10027;19;10023;27;;;10040;12;10044;26;;;10033.5;0.0
yf_ZW=F_d0;38400;INTARIAN_PEPPER_ROOT;10062;9;10059;27;;;10070;7;10073;24;;;10066.0;0.0
yf_ZW=F_d0;38500;ASH_COATED_OSMIUM;10028;11;10026;14;;;10038;24;10041;22;;;10033.0;0.0
yf_ZW=F_d0;38500;INTARIAN_PEPPER_ROOT;10060;18;10057;8;;;10072;12;10076;15;;;10066.0;0.0
yf_ZW=F_d0;38600;ASH_COATED_OSMIUM;10030;15;10026;16;;;10036;15;10040;11;;;10033.0;0.0
yf_ZW=F_d0;38600;INTARIAN_PEPPER_ROOT;10065;18;10062;23;;;10071;11;10073;23;;;10068.0;0.0
yf_ZW=F_d0;38700;ASH_COATED_OSMIUM;10031;10;10028;17;;;10037;16;10040;25;;;10034.0;0.0
yf_ZW=F_d0;38700;INTARIAN_PEPPER_ROOT;10062;5;10059;24;;;10077;16;10081;8;;;10069.5;0.0
yf_ZW=F_d0;38800;ASH_COATED_OSMIUM;10031;22;10027;26;;;10037;29;10040;22;;;10034.0;0.0
yf_ZW=F_d0;38800;INTARIAN_PEPPER_ROOT;10060;25;10057;13;;;10082;18;10084;14;;;10071.0;0.0
yf_ZW=F_d0;38900;ASH_COATED_OSMIUM;10030;20;10026;15;;;10036;18;10040;24;;;10033.0;0.0
yf_ZW=F_d0;38900;INTARIAN_PEPPER_ROOT;10067;20;10065;24;;;10079;10;10081;20;;;10073.0;0.0
yf_ZW=F_d0;39000;ASH_COATED_OSMIUM;10030;11;10028;20;;;10037;17;10040;19;;;10033.5;0.0
yf_ZW=F_d0;39000;INTARIAN_PEPPER_ROOT;10067;10;10064;21;;;10082;7;10084;23;;;10074.5;0.0
yf_ZW=F_d0;39100;ASH_COATED_OSMIUM;10016;21;10012;21;;;10052;17;10055;11;;;10034.0;0.0
yf_ZW=F_d0;39100;INTARIAN_PEPPER_ROOT;10071;11;10067;19;;;10081;11;10083;12;;;10076.0;0.0
yf_ZW=F_d0;39200;ASH_COATED_OSMIUM;10031;15;10029;31;;;10037;12;10039;25;;;10034.0;0.0
yf_ZW=F_d0;39200;INTARIAN_PEPPER_ROOT;10075;16;10072;25;;;10081;15;10084;17;;;10078.0;0.0
yf_ZW=F_d0;39300;ASH_COATED_OSMIUM;10032;17;10029;22;;;10038;26;10041;20;;;10035.0;0.0
yf_ZW=F_d0;39300;INTARIAN_PEPPER_ROOT;10076;12;10073;12;;;10082;5;10085;28;;;10079.0;0.0
yf_ZW=F_d0;39400;ASH_COATED_OSMIUM;10024;11;10020;16;;;10045;15;10048;29;;;10034.5;0.0
yf_ZW=F_d0;39400;INTARIAN_PEPPER_ROOT;10069;14;10065;20;;;10090;8;10094;11;;;10079.5;0.0
yf_ZW=F_d0;39500;ASH_COATED_OSMIUM;10014;21;10010;14;;;10055;20;10058;10;;;10034.5;0.0
yf_ZW=F_d0;39500;INTARIAN_PEPPER_ROOT;10078;21;10076;31;;;10084;19;10087;11;;;10081.0;0.0
yf_ZW=F_d0;39600;ASH_COATED_OSMIUM;10032;23;10028;20;;;10038;11;10041;15;;;10035.0;0.0
yf_ZW=F_d0;39600;INTARIAN_PEPPER_ROOT;10080;25;10077;20;;;10086;15;10090;24;;;10083.0;0.0
yf_ZW=F_d0;39700;ASH_COATED_OSMIUM;10029;14;10027;28;;;10041;11;10045;17;;;10035.0;0.0
yf_ZW=F_d0;39700;INTARIAN_PEPPER_ROOT;10081;16;10078;25;;;10087;17;10089;28;;;10084.0;0.0
yf_ZW=F_d0;39800;ASH_COATED_OSMIUM;10028;14;10024;14;;;10042;19;10044;19;;;10035.0;0.0
yf_ZW=F_d0;39800;INTARIAN_PEPPER_ROOT;10078;11;10074;16;;;10093;12;10095;15;;;10085.5;0.0
yf_ZW=F_d0;39900;ASH_COATED_OSMIUM;10032;16;10029;16;;;10038;9;10042;21;;;10035.0;0.0
yf_ZW=F_d0;39900;INTARIAN_PEPPER_ROOT;10078;11;10076;20;;;10096;5;10099;16;;;10087.0;0.0
yf_ZW=F_d0;40000;ASH_COATED_OSMIUM;10032;19;10030;15;;;10038;15;10040;22;;;10035.0;0.0
yf_ZW=F_d0;40000;INTARIAN_PEPPER_ROOT;10086;19;10084;26;;;10092;15;10094;26;;;10089.0;0.0
yf_ZW=F_d0;40100;ASH_COATED_OSMIUM;10029;20;10027;26;;;10041;8;10044;21;;;10035.0;0.0
yf_ZW=F_d0;40100;INTARIAN_PEPPER_ROOT;10087;10;10085;20;;;10093;24;10097;14;;;10090.0;0.0
yf_ZW=F_d0;40200;ASH_COATED_OSMIUM;10033;18;10029;19;;;10039;8;10043;19;;;10036.0;0.0
yf_ZW=F_d0;40200;INTARIAN_PEPPER_ROOT;10089;10;10087;18;;;10095;13;10098;20;;;10092.0;0.0
yf_ZW=F_d0;40300;ASH_COATED_OSMIUM;10033;6;10030;22;;;10039;16;10043;13;;;10036.0;0.0
yf_ZW=F_d0;40300;INTARIAN_PEPPER_ROOT;10085;17;10083;16;;;10101;20;10103;25;;;10093.0;0.0
yf_ZW=F_d0;40400;ASH_COATED_OSMIUM;10033;16;10030;20;;;10039;10;10043;15;;;10036.0;0.0
yf_ZW=F_d0;40400;INTARIAN_PEPPER_ROOT;10092;8;10089;21;;;10098;11;10101;11;;;10095.0;0.0
yf_ZW=F_d0;40500;ASH_COATED_OSMIUM;10033;9;10031;19;;;10039;24;10042;20;;;10036.0;0.0
yf_ZW=F_d0;40500;INTARIAN_PEPPER_ROOT;10093;11;10089;8;;;10099;16;10103;24;;;10096.0;0.0
yf_ZW=F_d0;40600;ASH_COATED_OSMIUM;10026;14;10022;22;;;10047;8;10049;22;;;10036.5;0.0
yf_ZW=F_d0;40600;INTARIAN_PEPPER_ROOT;10090;6;10088;17;;;10102;19;10105;16;;;10096.0;0.0
yf_ZW=F_d0;40700;ASH_COATED_OSMIUM;10033;19;10030;28;;;10039;16;10041;13;;;10036.0;0.0
yf_ZW=F_d0;40700;INTARIAN_PEPPER_ROOT;10092;14;10088;18;;;10105;16;10107;14;;;10098.5;0.0
yf_ZW=F_d0;40800;ASH_COATED_OSMIUM;10033;12;10031;25;;;10039;14;10041;22;;;10036.0;0.0
yf_ZW=F_d0;40800;INTARIAN_PEPPER_ROOT;10098;12;10096;20;;;10104;14;10107;24;;;10101.0;0.0
yf_ZW=F_d0;40900;ASH_COATED_OSMIUM;10033;12;10030;28;;;10039;10;10041;21;;;10036.0;0.0
yf_ZW=F_d0;40900;INTARIAN_PEPPER_ROOT;10099;17;10097;16;;;10105;9;10107;14;;;10102.0;0.0
yf_ZW=F_d0;41000;ASH_COATED_OSMIUM;10033;9;10030;16;;;10039;11;10041;23;;;10036.0;0.0
yf_ZW=F_d0;41000;INTARIAN_PEPPER_ROOT;10101;16;10097;24;;;10107;14;10109;24;;;10104.0;0.0
yf_ZW=F_d0;41100;ASH_COATED_OSMIUM;10034;5;10031;22;;;10040;15;10042;26;;;10037.0;0.0
yf_ZW=F_d0;41100;INTARIAN_PEPPER_ROOT;10099;14;10095;31;;;10111;12;10113;8;;;10105.0;0.0
yf_ZW=F_d0;41200;ASH_COATED_OSMIUM;10033;14;10029;21;;;10039;15;10041;24;;;10036.0;0.0
yf_ZW=F_d0;41200;INTARIAN_PEPPER_ROOT;10103;22;10100;16;;;10109;21;10112;13;;;10106.0;0.0
yf_ZW=F_d0;41300;ASH_COATED_OSMIUM;10034;18;10030;18;;;10040;11;10042;19;;;10037.0;0.0
yf_ZW=F_d0;41300;INTARIAN_PEPPER_ROOT;10105;14;10102;23;;;10111;18;10114;21;;;10108.0;0.0
yf_ZW=F_d0;41400;ASH_COATED_OSMIUM;10034;13;10031;20;;;10040;18;10043;14;;;10037.0;0.0
yf_ZW=F_d0;41400;INTARIAN_PEPPER_ROOT;10083;13;10079;20;;;10136;11;10138;21;;;10109.5;0.0
yf_ZW=F_d0;41500;ASH_COATED_OSMIUM;10034;23;10031;11;;;10040;18;10043;27;;;10037.0;0.0
yf_ZW=F_d0;41500;INTARIAN_PEPPER_ROOT;10105;12;10102;16;;;10116;17;10120;24;;;10110.5;0.0
yf_ZW=F_d0;41600;ASH_COATED_OSMIUM;10034;14;10030;16;;;10040;15;10043;18;;;10037.0;0.0
yf_ZW=F_d0;41600;INTARIAN_PEPPER_ROOT;10103;7;10100;19;;;10121;9;10124;18;;;10112.0;0.0
yf_ZW=F_d0;41700;ASH_COATED_OSMIUM;10034;16;10031;21;;;10041;16;10043;19;;;10037.5;0.0
yf_ZW=F_d0;41700;INTARIAN_PEPPER_ROOT;10110;17;10107;20;;;10116;28;10118;12;;;10113.0;0.0
yf_ZW=F_d0;41800;ASH_COATED_OSMIUM;10035;17;10031;23;;;10041;8;10043;26;;;10038.0;0.0
yf_ZW=F_d0;41800;INTARIAN_PEPPER_ROOT;10112;15;10109;19;;;10118;18;10120;21;;;10115.0;0.0
yf_ZW=F_d0;41900;ASH_COATED_OSMIUM;10033;12;10029;21;;;10044;16;10046;29;;;10038.5;0.0
yf_ZW=F_d0;41900;INTARIAN_PEPPER_ROOT;10109;16;10105;28;;;10124;26;10126;21;;;10116.5;0.0
yf_ZW=F_d0;42000;ASH_COATED_OSMIUM;10035;15;10031;25;;;10042;9;10046;21;;;10038.5;0.0
yf_ZW=F_d0;42000;INTARIAN_PEPPER_ROOT;10115;17;10112;29;;;10121;23;10123;16;;;10118.0;0.0
yf_ZW=F_d0;42100;ASH_COATED_OSMIUM;10024;12;10022;18;;;10053;23;10056;22;;;10038.5;0.0
yf_ZW=F_d0;42100;INTARIAN_PEPPER_ROOT;10116;23;10112;25;;;10122;12;10124;17;;;10119.0;0.0
yf_ZW=F_d0;42200;ASH_COATED_OSMIUM;10031;12;10027;23;;;10046;14;10049;19;;;10038.5;0.0
yf_ZW=F_d0;42200;INTARIAN_PEPPER_ROOT;10118;22;10115;17;;;10124;20;10128;26;;;10121.0;0.0
yf_ZW=F_d0;42300;ASH_COATED_OSMIUM;10035;5;10032;26;;;10041;10;10044;23;;;10038.0;0.0
yf_ZW=F_d0;42300;INTARIAN_PEPPER_ROOT;10117;18;10115;23;;;10128;15;10132;16;;;10122.5;0.0
yf_ZW=F_d0;42400;ASH_COATED_OSMIUM;10035;15;10031;16;;;10042;19;10045;20;;;10038.5;0.0
yf_ZW=F_d0;42400;INTARIAN_PEPPER_ROOT;10121;12;10117;20;;;10127;17;10129;17;;;10124.0;0.0
yf_ZW=F_d0;42500;ASH_COATED_OSMIUM;10036;15;10034;23;;;10042;10;10046;22;;;10039.0;0.0
yf_ZW=F_d0;42500;INTARIAN_PEPPER_ROOT;10122;6;10119;10;;;10128;11;10131;14;;;10125.0;0.0
yf_ZW=F_d0;42600;ASH_COATED_OSMIUM;10032;24;10029;23;;;10045;22;10048;16;;;10038.5;0.0
yf_ZW=F_d0;42600;INTARIAN_PEPPER_ROOT;10124;17;10121;16;;;10130;9;10134;21;;;10127.0;0.0
yf_ZW=F_d0;42700;ASH_COATED_OSMIUM;10031;15;10029;13;;;10047;19;10051;28;;;10039.0;0.0
yf_ZW=F_d0;42700;INTARIAN_PEPPER_ROOT;10126;21;10123;27;;;10132;19;10135;20;;;10129.0;0.0
yf_ZW=F_d0;42800;ASH_COATED_OSMIUM;10036;13;10034;12;;;10042;15;10045;29;;;10039.0;0.0
yf_ZW=F_d0;42800;INTARIAN_PEPPER_ROOT;10127;12;10125;22;;;10133;15;10136;15;;;10130.0;0.0
yf_ZW=F_d0;42900;ASH_COATED_OSMIUM;10034;14;10031;23;;;10045;5;10049;24;;;10039.5;0.0
yf_ZW=F_d0;42900;INTARIAN_PEPPER_ROOT;10115;17;10112;26;;;10147;5;10149;16;;;10131.0;0.0
yf_ZW=F_d0;43000;ASH_COATED_OSMIUM;10036;14;10032;17;;;10043;18;10045;22;;;10039.5;0.0
yf_ZW=F_d0;43000;INTARIAN_PEPPER_ROOT;10130;12;10127;17;;;10136;13;10140;16;;;10133.0;0.0
yf_ZW=F_d0;43100;ASH_COATED_OSMIUM;10036;9;10034;27;;;10044;19;10048;13;;;10040.0;0.0
yf_ZW=F_d0;43100;INTARIAN_PEPPER_ROOT;10131;11;10128;16;;;10137;20;10139;25;;;10134.0;0.0
yf_ZW=F_d0;43200;ASH_COATED_OSMIUM;10037;6;10035;21;;;10043;17;10047;22;;;10040.0;0.0
yf_ZW=F_d0;43200;INTARIAN_PEPPER_ROOT;10133;7;10131;26;;;10139;14;10142;13;;;10136.0;0.0
yf_ZW=F_d0;43300;ASH_COATED_OSMIUM;10036;11;10034;26;;;10044;13;10048;24;;;10040.0;0.0
yf_ZW=F_d0;43300;INTARIAN_PEPPER_ROOT;10133;24;10130;14;;;10139;12;10143;8;;;10136.0;0.0
yf_ZW=F_d0;43400;ASH_COATED_OSMIUM;10037;15;10035;16;;;10043;17;10045;20;;;10040.0;0.0
yf_ZW=F_d0;43400;INTARIAN_PEPPER_ROOT;10133;17;10131;35;;;10142;21;10145;24;;;10137.5;0.0
yf_ZW=F_d0;43500;ASH_COATED_OSMIUM;10037;19;10034;20;;;10043;8;10047;23;;;10040.0;0.0
yf_ZW=F_d0;43500;INTARIAN_PEPPER_ROOT;10136;13;10132;14;;;10142;7;10146;16;;;10139.0;0.0
yf_ZW=F_d0;43600;ASH_COATED_OSMIUM;10037;20;10033;18;;;10043;5;10045;19;;;10040.0;0.0
yf_ZW=F_d0;43600;INTARIAN_PEPPER_ROOT;10139;10;10136;14;;;10145;10;10149;20;;;10142.0;0.0
yf_ZW=F_d0;43700;ASH_COATED_OSMIUM;10036;19;10032;17;;;10044;14;10048;13;;;10040.0;0.0
yf_ZW=F_d0;43700;INTARIAN_PEPPER_ROOT;10140;13;10137;12;;;10146;20;10149;20;;;10143.0;0.0
yf_ZW=F_d0;43800;ASH_COATED_OSMIUM;10037;15;10035;21;;;10043;16;10047;27;;;10040.0;0.0
yf_ZW=F_d0;43800;INTARIAN_PEPPER_ROOT;10142;19;10140;12;;;10148;17;10150;20;;;10145.0;0.0
yf_ZW=F_d0;43900;ASH_COATED_OSMIUM;10038;12;10034;19;;;10044;5;10047;14;;;10041.0;0.0
yf_ZW=F_d0;43900;INTARIAN_PEPPER_ROOT;10143;5;10139;22;;;10149;11;10153;19;;;10146.0;0.0
yf_ZW=F_d0;44000;ASH_COATED_OSMIUM;10036;17;10032;26;;;10045;18;10049;20;;;10040.5;0.0
yf_ZW=F_d0;44000;INTARIAN_PEPPER_ROOT;10144;9;10141;23;;;10150;14;10154;20;;;10147.0;0.0
yf_ZW=F_d0;44100;ASH_COATED_OSMIUM;10038;18;10036;21;;;10044;20;10046;17;;;10041.0;0.0
yf_ZW=F_d0;44100;INTARIAN_PEPPER_ROOT;10145;8;10141;23;;;10152;10;10154;10;;;10148.5;0.0
yf_ZW=F_d0;44200;ASH_COATED_OSMIUM;10033;11;10029;29;;;10047;19;10050;22;;;10040.0;0.0
yf_ZW=F_d0;44200;INTARIAN_PEPPER_ROOT;10147;15;10145;22;;;10153;17;10155;15;;;10150.0;0.0
yf_ZW=F_d0;44300;ASH_COATED_OSMIUM;10038;17;10034;12;;;10044;10;10046;14;;;10041.0;0.0
yf_ZW=F_d0;44300;INTARIAN_PEPPER_ROOT;10148;16;10144;20;;;10154;17;10158;14;;;10151.0;0.0
yf_ZW=F_d0;44400;ASH_COATED_OSMIUM;10031;5;10027;24;;;10051;23;10055;16;;;10041.0;0.0
yf_ZW=F_d0;44400;INTARIAN_PEPPER_ROOT;10150;18;10147;18;;;10156;5;10160;15;;;10153.0;0.0
yf_ZW=F_d0;44500;ASH_COATED_OSMIUM;10038;12;10034;8;;;10044;19;10046;15;;;10041.0;0.0
yf_ZW=F_d0;44500;INTARIAN_PEPPER_ROOT;10151;5;10147;14;;;10157;15;10160;15;;;10154.0;0.0
yf_ZW=F_d0;44600;ASH_COATED_OSMIUM;10038;16;10034;25;;;10044;15;10048;15;;;10041.0;0.0
yf_ZW=F_d0;44600;INTARIAN_PEPPER_ROOT;10152;14;10150;23;;;10159;22;10162;19;;;10155.5;0.0
yf_ZW=F_d0;44700;ASH_COATED_OSMIUM;10036;16;10034;19;;;10046;17;10050;9;;;10041.0;0.0
yf_ZW=F_d0;44700;INTARIAN_PEPPER_ROOT;10155;24;10151;24;;;10161;18;10165;24;;;10158.0;0.0
yf_ZW=F_d0;44800;ASH_COATED_OSMIUM;10038;20;10034;16;;;10044;10;10048;18;;;10041.0;0.0
yf_ZW=F_d0;44800;INTARIAN_PEPPER_ROOT;10156;12;10154;17;;;10162;15;10165;30;;;10159.0;0.0
yf_ZW=F_d0;44900;ASH_COATED_OSMIUM;10039;23;10035;15;;;10045;5;10049;22;;;10042.0;0.0
yf_ZW=F_d0;44900;INTARIAN_PEPPER_ROOT;10157;16;10155;10;;;10163;11;10165;21;;;10160.0;0.0
yf_ZW=F_d0;45000;ASH_COATED_OSMIUM;10035;8;10031;19;;;10049;9;10052;21;;;10042.0;0.0
yf_ZW=F_d0;45000;INTARIAN_PEPPER_ROOT;10158;15;10155;12;;;10166;26;10170;13;;;10162.0;0.0
yf_ZW=F_d0;45100;ASH_COATED_OSMIUM;10039;30;10037;25;;;10046;8;10049;20;;;10042.5;0.0
yf_ZW=F_d0;45100;INTARIAN_PEPPER_ROOT;10157;16;10155;21;;;10170;17;10174;16;;;10163.5;0.0
yf_ZW=F_d0;45200;ASH_COATED_OSMIUM;10039;5;10035;19;;;10045;7;10049;14;;;10042.0;0.0
yf_ZW=F_d0;45200;INTARIAN_PEPPER_ROOT;10160;12;10158;14;;;10169;11;10173;21;;;10164.5;0.0
yf_ZW=F_d0;45300;ASH_COATED_OSMIUM;10038;21;10035;22;;;10047;9;10049;23;;;10042.5;0.0
yf_ZW=F_d0;45300;INTARIAN_PEPPER_ROOT;10161;22;10157;28;;;10170;20;10174;23;;;10165.5;0.0
yf_ZW=F_d0;45400;ASH_COATED_OSMIUM;10036;20;10034;25;;;10048;24;10051;21;;;10042.0;0.0
yf_ZW=F_d0;45400;INTARIAN_PEPPER_ROOT;10165;6;10161;16;;;10171;16;10175;19;;;10168.0;0.0
yf_ZW=F_d0;45500;ASH_COATED_OSMIUM;10029;13;10026;24;;;10055;8;10058;29;;;10042.0;0.0
yf_ZW=F_d0;45500;INTARIAN_PEPPER_ROOT;10165;7;10162;11;;;10173;12;10176;24;;;10169.0;0.0
yf_ZW=F_d0;45600;ASH_COATED_OSMIUM;10040;17;10036;25;;;10046;19;10050;15;;;10043.0;0.0
yf_ZW=F_d0;45600;INTARIAN_PEPPER_ROOT;10168;11;10165;16;;;10174;18;10177;24;;;10171.0;0.0
yf_ZW=F_d0;45700;ASH_COATED_OSMIUM;10040;13;10037;35;;;10046;20;10048;16;;;10043.0;0.0
yf_ZW=F_d0;45700;INTARIAN_PEPPER_ROOT;10155;22;10151;24;;;10188;5;10191;15;;;10171.5;0.0
yf_ZW=F_d0;45800;ASH_COATED_OSMIUM;10040;12;10038;22;;;10046;7;10048;18;;;10043.0;0.0
yf_ZW=F_d0;45800;INTARIAN_PEPPER_ROOT;10170;10;10166;19;;;10176;17;10178;21;;;10173.0;0.0
yf_ZW=F_d0;45900;ASH_COATED_OSMIUM;10039;19;10036;20;;;10047;21;10051;18;;;10043.0;0.0
yf_ZW=F_d0;45900;INTARIAN_PEPPER_ROOT;10172;16;10170;13;;;10178;14;10181;21;;;10175.0;0.0
yf_ZW=F_d0;46000;ASH_COATED_OSMIUM;10037;15;10033;15;;;10050;26;10052;32;;;10043.5;0.0
yf_ZW=F_d0;46000;INTARIAN_PEPPER_ROOT;10173;18;10170;24;;;10179;5;10181;15;;;10176.0;0.0
yf_ZW=F_d0;46100;ASH_COATED_OSMIUM;10040;15;10037;10;;;10046;24;10048;19;;;10043.0;0.0
yf_ZW=F_d0;46100;INTARIAN_PEPPER_ROOT;10168;7;10164;25;;;10189;25;10191;19;;;10178.5;0.0
yf_ZW=F_d0;46200;ASH_COATED_OSMIUM;10034;9;10030;22;;;10053;21;10056;14;;;10043.5;0.0
yf_ZW=F_d0;46200;INTARIAN_PEPPER_ROOT;10176;13;10173;22;;;10182;5;10184;23;;;10179.0;0.0
yf_ZW=F_d0;46300;ASH_COATED_OSMIUM;10041;12;10038;29;;;10048;16;10050;15;;;10044.5;0.0
yf_ZW=F_d0;46300;INTARIAN_PEPPER_ROOT;10178;7;10174;17;;;10184;16;10186;22;;;10181.0;0.0
yf_ZW=F_d0;46400;ASH_COATED_OSMIUM;10039;22;10036;17;;;10049;17;10053;22;;;10044.0;0.0
yf_ZW=F_d0;46400;INTARIAN_PEPPER_ROOT;10179;20;10176;15;;;10185;14;10187;22;;;10182.0;0.0
yf_ZW=F_d0;46500;ASH_COATED_OSMIUM;10041;15;10038;28;;;10047;9;10049;20;;;10044.0;0.0
yf_ZW=F_d0;46500;INTARIAN_PEPPER_ROOT;10180;9;10177;20;;;10188;15;10191;23;;;10184.0;0.0
yf_ZW=F_d0;46600;ASH_COATED_OSMIUM;10041;20;10038;30;;;10047;19;10051;14;;;10044.0;0.0
yf_ZW=F_d0;46600;INTARIAN_PEPPER_ROOT;10182;12;10179;20;;;10188;13;10191;10;;;10185.0;0.0
yf_ZW=F_d0;46700;ASH_COATED_OSMIUM;10041;11;10038;15;;;10047;12;10049;18;;;10044.0;0.0
yf_ZW=F_d0;46700;INTARIAN_PEPPER_ROOT;10184;17;10180;20;;;10190;9;10194;10;;;10187.0;0.0
yf_ZW=F_d0;46800;ASH_COATED_OSMIUM;10042;22;10040;24;;;10048;13;10050;29;;;10045.0;0.0
yf_ZW=F_d0;46800;INTARIAN_PEPPER_ROOT;10185;15;10183;17;;;10191;13;10195;19;;;10188.0;0.0
yf_ZW=F_d0;46900;ASH_COATED_OSMIUM;10036;20;10032;19;;;10053;18;10056;20;;;10044.5;0.0
yf_ZW=F_d0;46900;INTARIAN_PEPPER_ROOT;10186;20;10183;23;;;10192;7;10195;26;;;10189.0;0.0
yf_ZW=F_d0;47000;ASH_COATED_OSMIUM;10041;17;10039;15;;;10047;18;10049;30;;;10044.0;0.0
yf_ZW=F_d0;47000;INTARIAN_PEPPER_ROOT;10188;9;10186;21;;;10194;16;10197;20;;;10191.0;0.0
yf_ZW=F_d0;47100;ASH_COATED_OSMIUM;10042;14;10040;19;;;10048;15;10051;20;;;10045.0;0.0
yf_ZW=F_d0;47100;INTARIAN_PEPPER_ROOT;10189;23;10186;20;;;10195;25;10198;18;;;10192.0;0.0
yf_ZW=F_d0;47200;ASH_COATED_OSMIUM;10042;21;10040;21;;;10048;19;10050;13;;;10045.0;0.0
yf_ZW=F_d0;47200;INTARIAN_PEPPER_ROOT;10191;21;10187;20;;;10197;10;10200;26;;;10194.0;0.0
yf_ZW=F_d0;47300;ASH_COATED_OSMIUM;10042;25;10039;17;;;10048;15;10051;14;;;10045.0;0.0
yf_ZW=F_d0;47300;INTARIAN_PEPPER_ROOT;10192;9;10189;27;;;10198;11;10200;12;;;10195.0;0.0
yf_ZW=F_d0;47400;ASH_COATED_OSMIUM;10042;13;10040;17;;;10048;13;10052;16;;;10045.0;0.0
yf_ZW=F_d0;47400;INTARIAN_PEPPER_ROOT;10194;25;10190;19;;;10200;8;10203;24;;;10197.0;0.0
yf_ZW=F_d0;47500;ASH_COATED_OSMIUM;10042;15;10039;26;;;10048;7;10050;11;;;10045.0;0.0
yf_ZW=F_d0;47500;INTARIAN_PEPPER_ROOT;10189;19;10187;18;;;10208;27;10210;20;;;10198.5;0.0
yf_ZW=F_d0;47600;ASH_COATED_OSMIUM;10034;16;10032;26;;;10056;16;10058;25;;;10045.0;0.0
yf_ZW=F_d0;47600;INTARIAN_PEPPER_ROOT;10182;16;10179;29;;;10218;13;10220;19;;;10200.0;0.0
yf_ZW=F_d0;47700;ASH_COATED_OSMIUM;10042;13;10038;16;;;10048;15;10051;22;;;10045.0;0.0
yf_ZW=F_d0;47700;INTARIAN_PEPPER_ROOT;10196;19;10192;24;;;10207;11;10211;20;;;10201.5;0.0
yf_ZW=F_d0;47800;ASH_COATED_OSMIUM;10043;13;10039;13;;;10049;12;10052;15;;;10046.0;0.0
yf_ZW=F_d0;47800;INTARIAN_PEPPER_ROOT;10200;5;10198;22;;;10206;10;10210;20;;;10203.0;0.0
yf_ZW=F_d0;47900;ASH_COATED_OSMIUM;10042;18;10040;26;;;10048;18;10052;22;;;10045.0;0.0
yf_ZW=F_d0;47900;INTARIAN_PEPPER_ROOT;10197;15;10193;12;;;10212;17;10215;15;;;10204.5;0.0
yf_ZW=F_d0;48000;ASH_COATED_OSMIUM;10036;12;10033;17;;;10055;19;10057;19;;;10045.5;0.0
yf_ZW=F_d0;48000;INTARIAN_PEPPER_ROOT;10200;24;10196;22;;;10211;17;10213;23;;;10205.5;0.0
yf_ZW=F_d0;48100;ASH_COATED_OSMIUM;10030;5;10027;25;;;10063;14;10065;15;;;10046.5;0.0
yf_ZW=F_d0;48100;INTARIAN_PEPPER_ROOT;10201;14;10197;22;;;10214;13;10217;16;;;10207.5;0.0
yf_ZW=F_d0;48200;ASH_COATED_OSMIUM;10043;20;10039;20;;;10049;10;10051;15;;;10046.0;0.0
yf_ZW=F_d0;48200;INTARIAN_PEPPER_ROOT;10205;14;10202;9;;;10211;20;10215;31;;;10208.0;0.0
yf_ZW=F_d0;48300;ASH_COATED_OSMIUM;10041;13;10039;17;;;10051;5;10054;19;;;10046.0;0.0
yf_ZW=F_d0;48300;INTARIAN_PEPPER_ROOT;10207;15;10205;13;;;10213;13;10217;24;;;10210.0;0.0
yf_ZW=F_d0;48400;ASH_COATED_OSMIUM;10040;14;10038;20;;;10052;17;10055;22;;;10046.0;0.0
yf_ZW=F_d0;48400;INTARIAN_PEPPER_ROOT;10203;23;10201;16;;;10220;23;10224;16;;;10211.5;0.0
yf_ZW=F_d0;48500;ASH_COATED_OSMIUM;10043;12;10040;12;;;10051;19;10053;22;;;10047.0;0.0
yf_ZW=F_d0;48500;INTARIAN_PEPPER_ROOT;10210;13;10206;24;;;10216;8;10220;16;;;10213.0;0.0
yf_ZW=F_d0;48600;ASH_COATED_OSMIUM;10032;9;10028;25;;;10062;16;10065;11;;;10047.0;0.0
yf_ZW=F_d0;48600;INTARIAN_PEPPER_ROOT;10211;5;10208;26;;;10218;16;10221;18;;;10214.5;0.0
yf_ZW=F_d0;48700;ASH_COATED_OSMIUM;10043;16;10039;18;;;10051;7;10053;14;;;10047.0;0.0
yf_ZW=F_d0;48700;INTARIAN_PEPPER_ROOT;10213;12;10209;25;;;10219;6;10223;25;;;10216.0;0.0
yf_ZW=F_d0;48800;ASH_COATED_OSMIUM;10044;11;10041;21;;;10050;14;10052;18;;;10047.0;0.0
yf_ZW=F_d0;48800;INTARIAN_PEPPER_ROOT;10214;10;10212;22;;;10220;5;10222;11;;;10217.0;0.0
yf_ZW=F_d0;48900;ASH_COATED_OSMIUM;10044;8;10040;10;;;10050;14;10052;24;;;10047.0;0.0
yf_ZW=F_d0;48900;INTARIAN_PEPPER_ROOT;10215;15;10211;23;;;10223;13;10226;23;;;10219.0;0.0
yf_ZW=F_d0;49000;ASH_COATED_OSMIUM;10039;5;10036;29;;;10055;23;10058;23;;;10047.0;0.0
yf_ZW=F_d0;49000;INTARIAN_PEPPER_ROOT;10215;17;10212;28;;;10226;12;10228;19;;;10220.5;0.0
yf_ZW=F_d0;49100;ASH_COATED_OSMIUM;10044;23;10040;21;;;10050;23;10052;21;;;10047.0;0.0
yf_ZW=F_d0;49100;INTARIAN_PEPPER_ROOT;10215;17;10212;18;;;10229;9;10231;27;;;10222.0;0.0
yf_ZW=F_d0;49200;ASH_COATED_OSMIUM;10045;11;10042;16;;;10051;22;10055;30;;;10048.0;0.0
yf_ZW=F_d0;49200;INTARIAN_PEPPER_ROOT;10214;10;10210;15;;;10233;21;10235;14;;;10223.5;0.0
yf_ZW=F_d0;49300;ASH_COATED_OSMIUM;10045;6;10042;21;;;10051;10;10053;11;;;10048.0;0.0
yf_ZW=F_d0;49300;INTARIAN_PEPPER_ROOT;10221;12;10218;24;;;10227;10;10230;21;;;10224.0;0.0
yf_ZW=F_d0;49400;ASH_COATED_OSMIUM;10045;19;10042;20;;;10051;15;10055;18;;;10048.0;0.0
yf_ZW=F_d0;49400;INTARIAN_PEPPER_ROOT;10223;5;10219;20;;;10229;19;10233;22;;;10226.0;0.0
yf_ZW=F_d0;49500;ASH_COATED_OSMIUM;10045;8;10042;16;;;10051;14;10055;11;;;10048.0;0.0
yf_ZW=F_d0;49500;INTARIAN_PEPPER_ROOT;10225;28;10223;26;;;10231;12;10234;18;;;10228.0;0.0
yf_ZW=F_d0;49600;ASH_COATED_OSMIUM;10043;14;10039;15;;;10053;5;10055;18;;;10048.0;0.0
yf_ZW=F_d0;49600;INTARIAN_PEPPER_ROOT;10225;14;10223;15;;;10234;13;10238;20;;;10229.5;0.0
yf_ZW=F_d0;49700;ASH_COATED_OSMIUM;10041;14;10037;22;;;10056;8;10058;9;;;10048.5;0.0
yf_ZW=F_d0;49700;INTARIAN_PEPPER_ROOT;10227;22;10224;25;;;10233;15;10237;17;;;10230.0;0.0
yf_ZW=F_d0;49800;ASH_COATED_OSMIUM;10046;18;10042;21;;;10052;14;10056;25;;;10049.0;0.0
yf_ZW=F_d0;49800;INTARIAN_PEPPER_ROOT;10229;24;10225;17;;;10235;14;10237;23;;;10232.0;0.0
yf_ZW=F_d0;49900;ASH_COATED_OSMIUM;10038;12;10034;20;;;10059;18;10063;18;;;10048.5;0.0
yf_ZW=F_d0;49900;INTARIAN_PEPPER_ROOT;10230;10;10228;24;;;10236;17;10239;18;;;10233.0;0.0
yf_ZW=F_d0;50000;ASH_COATED_OSMIUM;10045;19;10042;19;;;10052;11;10055;30;;;10048.5;0.0
yf_ZW=F_d0;50000;INTARIAN_PEPPER_ROOT;10232;8;10228;14;;;10238;12;10241;11;;;10235.0;0.0
yf_ZW=F_d0;50100;ASH_COATED_OSMIUM;10046;14;10044;21;;;10052;18;10056;12;;;10049.0;0.0
yf_ZW=F_d0;50100;INTARIAN_PEPPER_ROOT;10232;9;10228;27;;;10239;13;10241;13;;;10235.5;0.0
yf_ZW=F_d0;50200;ASH_COATED_OSMIUM;10044;21;10042;20;;;10054;19;10058;26;;;10049.0;0.0
yf_ZW=F_d0;50200;INTARIAN_PEPPER_ROOT;10235;12;10232;12;;;10241;13;10245;18;;;10238.0;0.0
yf_ZW=F_d0;50300;ASH_COATED_OSMIUM;10040;15;10038;21;;;10059;10;10063;19;;;10049.5;0.0
yf_ZW=F_d0;50300;INTARIAN_PEPPER_ROOT;10236;12;10234;19;;;10243;16;10247;15;;;10239.5;0.0
yf_ZW=F_d0;50400;ASH_COATED_OSMIUM;10047;20;10045;9;;;10053;10;10055;17;;;10050.0;0.0
yf_ZW=F_d0;50400;INTARIAN_PEPPER_ROOT;10237;15;10233;19;;;10243;11;10247;17;;;10240.0;0.0
yf_ZW=F_d0;50500;ASH_COATED_OSMIUM;10047;14;10043;27;;;10053;21;10056;19;;;10050.0;0.0
yf_ZW=F_d0;50500;INTARIAN_PEPPER_ROOT;10239;12;10235;22;;;10245;16;10248;18;;;10242.0;0.0
yf_ZW=F_d0;50600;ASH_COATED_OSMIUM;10044;16;10041;15;;;10054;16;10058;26;;;10049.0;0.0
yf_ZW=F_d0;50600;INTARIAN_PEPPER_ROOT;10241;18;10238;21;;;10247;16;10250;21;;;10244.0;0.0
yf_ZW=F_d0;50700;ASH_COATED_OSMIUM;10047;23;10045;19;;;10053;18;10057;20;;;10050.0;0.0
yf_ZW=F_d0;50700;INTARIAN_PEPPER_ROOT;10242;5;10239;14;;;10248;11;10250;23;;;10245.0;0.0
yf_ZW=F_d0;50800;ASH_COATED_OSMIUM;10046;11;10044;26;;;10052;21;10054;16;;;10049.0;0.0
yf_ZW=F_d0;50800;INTARIAN_PEPPER_ROOT;10244;22;10242;19;;;10250;5;10252;19;;;10247.0;0.0
yf_ZW=F_d0;50900;ASH_COATED_OSMIUM;10047;18;10045;19;;;10053;13;10057;11;;;10050.0;0.0
yf_ZW=F_d0;50900;INTARIAN_PEPPER_ROOT;10246;16;10244;21;;;10252;14;10256;25;;;10249.0;0.0
yf_ZW=F_d0;51000;ASH_COATED_OSMIUM;10045;12;10042;22;;;10051;23;10055;18;;;10048.0;0.0
yf_ZW=F_d0;51000;INTARIAN_PEPPER_ROOT;10236;17;10233;25;;;10266;15;10268;22;;;10251.0;0.0
yf_ZW=F_d0;51100;ASH_COATED_OSMIUM;10045;16;10041;14;;;10051;19;10055;17;;;10048.0;0.0
yf_ZW=F_d0;51100;INTARIAN_PEPPER_ROOT;10250;18;10246;16;;;10256;17;10260;14;;;10253.0;0.0
yf_ZW=F_d0;51200;ASH_COATED_OSMIUM;10044;12;10041;24;;;10051;16;10054;23;;;10047.5;0.0
yf_ZW=F_d0;51200;INTARIAN_PEPPER_ROOT;10252;12;10250;12;;;10258;13;10262;20;;;10255.0;0.0
yf_ZW=F_d0;51300;ASH_COATED_OSMIUM;10044;11;10040;27;;;10050;14;10054;17;;;10047.0;0.0
yf_ZW=F_d0;51300;INTARIAN_PEPPER_ROOT;10251;14;10247;17;;;10264;15;10267;12;;;10257.5;0.0
yf_ZW=F_d0;51400;ASH_COATED_OSMIUM;10043;15;10039;31;;;10049;20;10053;21;;;10046.0;0.0
yf_ZW=F_d0;51400;INTARIAN_PEPPER_ROOT;10253;21;10251;15;;;10266;7;10270;23;;;10259.5;0.0
yf_ZW=F_d0;51500;ASH_COATED_OSMIUM;10043;13;10039;15;;;10049;19;10053;17;;;10046.0;0.0
yf_ZW=F_d0;51500;INTARIAN_PEPPER_ROOT;10252;8;10249;25;;;10271;22;10274;19;;;10261.5;0.0
yf_ZW=F_d0;51600;ASH_COATED_OSMIUM;10042;17;10039;11;;;10048;13;10052;18;;;10045.0;0.0
yf_ZW=F_d0;51600;INTARIAN_PEPPER_ROOT;10261;11;10259;15;;;10267;12;10270;16;;;10264.0;0.0
yf_ZW=F_d0;51700;ASH_COATED_OSMIUM;10042;11;10039;23;;;10048;23;10052;24;;;10045.0;0.0
yf_ZW=F_d0;51700;INTARIAN_PEPPER_ROOT;10260;19;10258;16;;;10271;19;10275;32;;;10265.5;0.0
yf_ZW=F_d0;51800;ASH_COATED_OSMIUM;10041;11;10039;18;;;10047;13;10049;19;;;10044.0;0.0
yf_ZW=F_d0;51800;INTARIAN_PEPPER_ROOT;10265;5;10262;17;;;10271;14;10274;15;;;10268.0;0.0
yf_ZW=F_d0;51900;ASH_COATED_OSMIUM;10041;11;10037;17;;;10047;10;10050;21;;;10044.0;0.0
yf_ZW=F_d0;51900;INTARIAN_PEPPER_ROOT;10267;17;10265;20;;;10274;5;10278;29;;;10270.5;0.0
yf_ZW=F_d0;52000;ASH_COATED_OSMIUM;10032;14;10029;17;;;10054;22;10058;20;;;10043.0;0.0
yf_ZW=F_d0;52000;INTARIAN_PEPPER_ROOT;10267;11;10264;16;;;10278;21;10281;17;;;10272.5;0.0
yf_ZW=F_d0;52100;ASH_COATED_OSMIUM;10036;7;10032;15;;;10049;22;10052;19;;;10042.5;0.0
yf_ZW=F_d0;52100;INTARIAN_PEPPER_ROOT;10272;15;10270;20;;;10278;14;10280;26;;;10275.0;0.0
yf_ZW=F_d0;52200;ASH_COATED_OSMIUM;10037;11;10033;20;;;10049;20;10052;24;;;10043.0;0.0
yf_ZW=F_d0;52200;INTARIAN_PEPPER_ROOT;10273;24;10271;24;;;10279;8;10283;19;;;10276.0;0.0
yf_ZW=F_d0;52300;ASH_COATED_OSMIUM;10039;18;10035;17;;;10045;9;10047;26;;;10042.0;0.0
yf_ZW=F_d0;52300;INTARIAN_PEPPER_ROOT;10272;11;10268;21;;;10287;18;10291;34;;;10279.5;0.0
yf_ZW=F_d0;52400;ASH_COATED_OSMIUM;10037;17;10035;14;;;10045;13;10047;19;;;10041.0;0.0
yf_ZW=F_d0;52400;INTARIAN_PEPPER_ROOT;10278;14;10276;23;;;10284;12;10286;18;;;10281.0;0.0
yf_ZW=F_d0;52500;ASH_COATED_OSMIUM;10038;17;10035;25;;;10044;19;10048;16;;;10041.0;0.0
yf_ZW=F_d0;52500;INTARIAN_PEPPER_ROOT;10280;5;10276;20;;;10286;8;10288;23;;;10283.0;0.0
yf_ZW=F_d0;52600;ASH_COATED_OSMIUM;10029;20;10026;24;;;10052;10;10054;13;;;10040.5;0.0
yf_ZW=F_d0;52600;INTARIAN_PEPPER_ROOT;10282;13;10279;21;;;10288;15;10292;16;;;10285.0;0.0
yf_ZW=F_d0;52700;ASH_COATED_OSMIUM;10035;11;10031;25;;;10044;18;10046;27;;;10039.5;0.0
yf_ZW=F_d0;52700;INTARIAN_PEPPER_ROOT;10280;5;10278;19;;;10295;18;10297;27;;;10287.5;0.0
yf_ZW=F_d0;52800;ASH_COATED_OSMIUM;10037;12;10035;17;;;10043;10;10045;29;;;10040.0;0.0
yf_ZW=F_d0;52800;INTARIAN_PEPPER_ROOT;10287;21;10284;16;;;10293;17;10296;18;;;10290.0;0.0
yf_ZW=F_d0;52900;ASH_COATED_OSMIUM;10035;21;10032;22;;;10041;16;10043;21;;;10038.0;0.0
yf_ZW=F_d0;52900;INTARIAN_PEPPER_ROOT;10289;13;10285;10;;;10295;19;10298;17;;;10292.0;0.0
yf_ZW=F_d0;53000;ASH_COATED_OSMIUM;10023;14;10019;23;;;10053;12;10057;22;;;10038.0;0.0
yf_ZW=F_d0;53000;INTARIAN_PEPPER_ROOT;10291;16;10287;35;;;10297;14;10299;21;;;10294.0;0.0
yf_ZW=F_d0;53100;ASH_COATED_OSMIUM;10030;13;10026;23;;;10045;7;10048;16;;;10037.5;0.0
yf_ZW=F_d0;53100;INTARIAN_PEPPER_ROOT;10293;14;10290;16;;;10299;12;10302;17;;;10296.0;0.0
yf_ZW=F_d0;53200;ASH_COATED_OSMIUM;10032;15;10028;17;;;10041;12;10043;23;;;10036.5;0.0
yf_ZW=F_d0;53200;INTARIAN_PEPPER_ROOT;10295;11;10291;19;;;10301;13;10304;30;;;10298.0;0.0
yf_ZW=F_d0;53300;ASH_COATED_OSMIUM;10028;15;10025;12;;;10044;15;10048;18;;;10036.0;0.0
yf_ZW=F_d0;53300;INTARIAN_PEPPER_ROOT;10297;16;10293;27;;;10304;20;10306;19;;;10300.5;0.0
yf_ZW=F_d0;53400;ASH_COATED_OSMIUM;10033;15;10030;27;;;10039;11;10043;22;;;10036.0;0.0
yf_ZW=F_d0;53400;INTARIAN_PEPPER_ROOT;10300;21;10298;14;;;10306;20;10309;17;;;10303.0;0.0
yf_ZW=F_d0;53500;ASH_COATED_OSMIUM;10031;5;10028;19;;;10038;13;10041;12;;;10034.5;0.0
yf_ZW=F_d0;53500;INTARIAN_PEPPER_ROOT;10302;16;10298;16;;;10308;16;10310;17;;;10305.0;0.0
yf_ZW=F_d0;53600;ASH_COATED_OSMIUM;10031;14;10028;21;;;10037;15;10040;22;;;10034.0;0.0
yf_ZW=F_d0;53600;INTARIAN_PEPPER_ROOT;10304;14;10300;14;;;10310;15;10313;16;;;10307.0;0.0
yf_ZW=F_d0;53700;ASH_COATED_OSMIUM;10028;13;10026;23;;;10040;14;10043;25;;;10034.0;0.0
yf_ZW=F_d0;53700;INTARIAN_PEPPER_ROOT;10306;26;10304;17;;;10312;15;10316;25;;;10309.0;0.0
yf_ZW=F_d0;53800;ASH_COATED_OSMIUM;10028;16;10026;22;;;10039;8;10042;24;;;10033.5;0.0
yf_ZW=F_d0;53800;INTARIAN_PEPPER_ROOT;10294;13;10292;9;;;10328;21;10331;15;;;10311.0;0.0
yf_ZW=F_d0;53900;ASH_COATED_OSMIUM;10029;14;10026;18;;;10036;11;10038;14;;;10032.5;0.0
yf_ZW=F_d0;53900;INTARIAN_PEPPER_ROOT;10311;17;10308;17;;;10317;21;10320;11;;;10314.0;0.0
yf_ZW=F_d0;54000;ASH_COATED_OSMIUM;10029;14;10027;15;;;10035;21;10039;21;;;10032.0;0.0
yf_ZW=F_d0;54000;INTARIAN_PEPPER_ROOT;10311;20;10308;22;;;10320;16;10323;12;;;10315.5;0.0
yf_ZW=F_d0;54100;ASH_COATED_OSMIUM;10027;19;10023;20;;;10035;18;10039;27;;;10031.0;0.0
yf_ZW=F_d0;54100;INTARIAN_PEPPER_ROOT;10313;18;10309;13;;;10322;17;10324;16;;;10317.5;0.0
yf_ZW=F_d0;54200;ASH_COATED_OSMIUM;10028;22;10025;17;;;10036;18;10040;22;;;10032.0;0.0
yf_ZW=F_d0;54200;INTARIAN_PEPPER_ROOT;10312;15;10310;16;;;10325;22;10328;19;;;10318.5;0.0
yf_ZW=F_d0;54300;ASH_COATED_OSMIUM;10027;14;10023;22;;;10035;16;10037;17;;;10031.0;0.0
yf_ZW=F_d0;54300;INTARIAN_PEPPER_ROOT;10319;10;10317;20;;;10325;16;10329;21;;;10322.0;0.0
yf_ZW=F_d0;54400;ASH_COATED_OSMIUM;10024;19;10021;20;;;10037;5;10039;23;;;10030.5;0.0
yf_ZW=F_d0;54400;INTARIAN_PEPPER_ROOT;10316;12;10313;16;;;10332;17;10336;31;;;10324.0;0.0
yf_ZW=F_d0;54500;ASH_COATED_OSMIUM;10026;15;10023;17;;;10032;22;10035;9;;;10029.0;0.0
yf_ZW=F_d0;54500;INTARIAN_PEPPER_ROOT;10324;8;10322;19;;;10330;10;10334;23;;;10327.0;0.0
yf_ZW=F_d0;54600;ASH_COATED_OSMIUM;10021;17;10018;17;;;10037;13;10039;15;;;10029.0;0.0
yf_ZW=F_d0;54600;INTARIAN_PEPPER_ROOT;10325;11;10322;19;;;10331;12;10333;22;;;10328.0;0.0
yf_ZW=F_d0;54700;ASH_COATED_OSMIUM;10019;22;10015;14;;;10039;13;10041;22;;;10029.0;0.0
yf_ZW=F_d0;54700;INTARIAN_PEPPER_ROOT;10321;19;10318;20;;;10341;15;10345;24;;;10331.0;0.0
yf_ZW=F_d0;54800;ASH_COATED_OSMIUM;10025;10;10021;12;;;10031;18;10034;19;;;10028.0;0.0
yf_ZW=F_d0;54800;INTARIAN_PEPPER_ROOT;10325;5;10322;25;;;10341;12;10344;17;;;10333.0;0.0
yf_ZW=F_d0;54900;ASH_COATED_OSMIUM;10022;17;10020;19;;;10033;14;10036;15;;;10027.5;0.0
yf_ZW=F_d0;54900;INTARIAN_PEPPER_ROOT;10321;14;10319;28;;;10350;16;10353;14;;;10335.5;0.0
yf_ZW=F_d0;55000;ASH_COATED_OSMIUM;10024;17;10020;25;;;10030;22;10034;10;;;10027.0;0.0
yf_ZW=F_d0;55000;INTARIAN_PEPPER_ROOT;10334;16;10332;22;;;10340;15;10344;19;;;10337.0;0.0
yf_ZW=F_d0;55100;ASH_COATED_OSMIUM;10023;12;10020;18;;;10029;12;10033;18;;;10026.0;0.0
yf_ZW=F_d0;55100;INTARIAN_PEPPER_ROOT;10333;14;10330;17;;;10346;11;10348;21;;;10339.5;0.0
yf_ZW=F_d0;55200;ASH_COATED_OSMIUM;10023;13;10021;21;;;10029;9;10033;21;;;10026.0;0.0
yf_ZW=F_d0;55200;INTARIAN_PEPPER_ROOT;10330;21;10327;26;;;10353;8;10355;20;;;10341.5;0.0
yf_ZW=F_d0;55300;ASH_COATED_OSMIUM;10019;13;10017;21;;;10032;21;10036;21;;;10025.5;0.0
yf_ZW=F_d0;55300;INTARIAN_PEPPER_ROOT;10341;18;10337;20;;;10347;18;10351;21;;;10344.0;0.0
yf_ZW=F_d0;55400;ASH_COATED_OSMIUM;10022;13;10019;17;;;10028;12;10030;20;;;10025.0;0.0
yf_ZW=F_d0;55400;INTARIAN_PEPPER_ROOT;10337;11;10335;20;;;10355;7;10358;17;;;10346.0;0.0
yf_ZW=F_d0;55500;ASH_COATED_OSMIUM;10019;10;10015;29;;;10028;15;10031;12;;;10023.5;0.0
yf_ZW=F_d0;55500;INTARIAN_PEPPER_ROOT;10345;12;10342;16;;;10352;15;10355;17;;;10348.5;0.0
yf_ZW=F_d0;55600;ASH_COATED_OSMIUM;10021;16;10019;12;;;10027;7;10029;16;;;10024.0;0.0
yf_ZW=F_d0;55600;INTARIAN_PEPPER_ROOT;10347;14;10345;24;;;10353;9;10356;21;;;10350.0;0.0
yf_ZW=F_d0;55700;ASH_COATED_OSMIUM;10011;15;10009;18;;;10035;10;10038;14;;;10023.0;0.0
yf_ZW=F_d0;55700;INTARIAN_PEPPER_ROOT;10349;17;10346;21;;;10355;14;10357;24;;;10352.0;0.0
yf_ZW=F_d0;55800;ASH_COATED_OSMIUM;10019;9;10016;17;;;10025;19;10027;24;;;10022.0;0.0
yf_ZW=F_d0;55800;INTARIAN_PEPPER_ROOT;10338;21;10334;19;;;10371;14;10375;16;;;10354.5;0.0
yf_ZW=F_d0;55900;ASH_COATED_OSMIUM;10019;9;10017;16;;;10025;23;10029;16;;;10022.0;0.0
yf_ZW=F_d0;55900;INTARIAN_PEPPER_ROOT;10348;16;10346;17;;;10365;15;10369;18;;;10356.5;0.0
yf_ZW=F_d0;56000;ASH_COATED_OSMIUM;10018;17;10015;21;;;10024;20;10027;19;;;10021.0;0.0
yf_ZW=F_d0;56000;INTARIAN_PEPPER_ROOT;10352;12;10350;16;;;10366;5;10369;29;;;10359.0;0.0
yf_ZW=F_d0;56100;ASH_COATED_OSMIUM;10018;20;10016;16;;;10024;22;10026;25;;;10021.0;0.0
yf_ZW=F_d0;56100;INTARIAN_PEPPER_ROOT;10357;15;10354;17;;;10366;11;10370;17;;;10361.5;0.0
yf_ZW=F_d0;56200;ASH_COATED_OSMIUM;10018;10;10016;30;;;10024;10;10028;16;;;10021.0;0.0
yf_ZW=F_d0;56200;INTARIAN_PEPPER_ROOT;10359;17;10356;16;;;10365;9;10367;23;;;10362.0;0.0
yf_ZW=F_d0;56300;ASH_COATED_OSMIUM;10017;21;10014;11;;;10023;12;10026;16;;;10020.0;0.0
yf_ZW=F_d0;56300;INTARIAN_PEPPER_ROOT;10362;19;10358;10;;;10368;19;10371;11;;;10365.0;0.0
yf_ZW=F_d0;56400;ASH_COATED_OSMIUM;10014;14;10011;14;;;10025;23;10029;28;;;10019.5;0.0
yf_ZW=F_d0;56400;INTARIAN_PEPPER_ROOT;10365;14;10363;14;;;10371;19;10373;27;;;10368.0;0.0
yf_ZW=F_d0;56500;ASH_COATED_OSMIUM;10014;15;10011;13;;;10024;12;10028;13;;;10019.0;0.0
yf_ZW=F_d0;56500;INTARIAN_PEPPER_ROOT;10367;5;10363;26;;;10373;18;10376;11;;;10370.0;0.0
yf_ZW=F_d0;56600;ASH_COATED_OSMIUM;10008;8;10005;16;;;10027;10;10031;33;;;10017.5;0.0
yf_ZW=F_d0;56600;INTARIAN_PEPPER_ROOT;10369;12;10367;22;;;10375;11;10379;13;;;10372.0;0.0
yf_ZW=F_d0;56700;ASH_COATED_OSMIUM;10015;24;10013;20;;;10021;17;10025;14;;;10018.0;0.0
yf_ZW=F_d0;56700;INTARIAN_PEPPER_ROOT;10371;13;10367;16;;;10377;5;10380;13;;;10374.0;0.0
yf_ZW=F_d0;56800;ASH_COATED_OSMIUM;10012;8;10008;12;;;10021;19;10023;18;;;10016.5;0.0
yf_ZW=F_d0;56800;INTARIAN_PEPPER_ROOT;10373;14;10370;19;;;10379;17;10383;24;;;10376.0;0.0
