day;timestamp;product;bid_price_1;bid_volume_1;bid_price_2;bid_volume_2;bid_price_3;bid_volume_3;ask_price_1;ask_volume_1;ask_price_2;ask_volume_2;ask_price_3;ask_volume_3;mid_price;profit_and_loss
av_CORN_d10;0;ASH_COATED_OSMIUM;9907;11;9904;27;;;9913;17;9917;26;;;9910.0;0.0
av_CORN_d10;0;INTARIAN_PEPPER_ROOT;10296;6;10292;21;;;10302;16;10306;25;;;10299.0;0.0
av_CORN_d10;100;ASH_COATED_OSMIUM;9904;14;9901;15;;;9915;16;9918;22;;;9909.5;0.0
av_CORN_d10;100;INTARIAN_PEPPER_ROOT;10296;7;10294;25;;;10302;13;10305;13;;;10299.0;0.0
av_CORN_d10;200;ASH_COATED_OSMIUM;9902;18;9899;18;;;9916;23;9919;32;;;9909.0;0.0
av_CORN_d10;200;INTARIAN_PEPPER_ROOT;10295;15;10292;27;;;10305;12;10309;32;;;10300.0;0.0
av_CORN_d10;300;ASH_COATED_OSMIUM;9902;12;9898;21;;;9916;20;9919;28;;;9909.0;0.0
av_CORN_d10;300;INTARIAN_PEPPER_ROOT;10286;13;10283;14;;;10315;10;10317;31;;;10300.5;0.0
av_CORN_d10;400;ASH_COATED_OSMIUM;9906;20;9902;17;;;9912;16;9915;26;;;9909.0;0.0
av_CORN_d10;400;INTARIAN_PEPPER_ROOT;10298;9;10294;13;;;10304;18;10306;13;;;10301.0;0.0
av_CORN_d10;500;ASH_COATED_OSMIUM;9907;11;9905;18;;;9913;16;9915;23;;;9910.0;0.0
av_CORN_d10;500;INTARIAN_PEPPER_ROOT;10298;14;10296;16;;;10304;14;10308;15;;;10301.0;0.0
av_CORN_d10;600;ASH_COATED_OSMIUM;9902;14;9899;21;;;9917;14;9920;22;;;9909.5;0.0
av_CORN_d10;600;INTARIAN_PEPPER_ROOT;10298;16;10294;21;;;10304;23;10307;20;;;10301.0;0.0
av_CORN_d10;700;ASH_COATED_OSMIUM;9907;17;9903;23;;;9913;18;9915;12;;;9910.0;0.0
av_CORN_d10;700;INTARIAN_PEPPER_ROOT;10299;18;10297;20;;;10305;15;10309;24;;;10302.0;0.0
av_CORN_d10;800;ASH_COATED_OSMIUM;9902;11;9898;20;;;9915;9;9918;12;;;9908.5;0.0
av_CORN_d10;800;INTARIAN_PEPPER_ROOT;10298;18;10294;19;;;10306;17;10308;16;;;10302.0;0.0
av_CORN_d10;900;ASH_COATED_OSMIUM;9904;15;9900;16;;;9914;16;9917;25;;;9909.0;0.0
av_CORN_d10;900;INTARIAN_PEPPER_ROOT;10299;12;10296;10;;;10305;19;10307;16;;;10302.0;0.0
av_CORN_d10;1000;ASH_COATED_OSMIUM;9907;5;9905;23;;;9913;10;9916;21;;;9910.0;0.0
av_CORN_d10;1000;INTARIAN_PEPPER_ROOT;10300;17;10298;14;;;10306;22;10308;22;;;10303.0;0.0
av_CORN_d10;1100;ASH_COATED_OSMIUM;9891;12;9887;20;;;9928;22;9931;25;;;9909.5;0.0
av_CORN_d10;1100;INTARIAN_PEPPER_ROOT;10300;12;10298;19;;;10306;15;10309;20;;;10303.0;0.0
av_CORN_d10;1200;ASH_COATED_OSMIUM;9907;13;9903;25;;;9913;21;9917;17;;;9910.0;0.0
av_CORN_d10;1200;INTARIAN_PEPPER_ROOT;10296;5;10292;23;;;10310;13;10314;20;;;10303.0;0.0
av_CORN_d10;1300;ASH_COATED_OSMIUM;9907;24;9905;14;;;9913;7;9915;16;;;9910.0;0.0
av_CORN_d10;1300;INTARIAN_PEPPER_ROOT;10296;15;10292;16;;;10310;5;10314;18;;;10303.0;0.0
av_CORN_d10;1400;ASH_COATED_OSMIUM;9907;17;9904;18;;;9913;8;9916;8;;;9910.0;0.0
av_CORN_d10;1400;INTARIAN_PEPPER_ROOT;10297;19;10295;22;;;10309;5;10312;24;;;10303.0;0.0
av_CORN_d10;1500;ASH_COATED_OSMIUM;9907;13;9905;27;;;9913;20;9917;19;;;9910.0;0.0
av_CORN_d10;1500;INTARIAN_PEPPER_ROOT;10298;8;10296;25;;;10310;19;10313;17;;;10304.0;0.0
av_CORN_d10;1600;ASH_COATED_OSMIUM;9898;8;9895;8;;;9922;12;9924;10;;;9910.0;0.0
av_CORN_d10;1600;INTARIAN_PEPPER_ROOT;10302;19;10299;22;;;10308;12;10311;20;;;10305.0;0.0
av_CORN_d10;1700;ASH_COATED_OSMIUM;9906;19;9903;24;;;9913;12;9917;14;;;9909.5;0.0
av_CORN_d10;1700;INTARIAN_PEPPER_ROOT;10302;19;10300;15;;;10308;23;10310;17;;;10305.0;0.0
av_CORN_d10;1800;ASH_COATED_OSMIUM;9905;18;9901;18;;;9915;14;9917;16;;;9910.0;0.0
av_CORN_d10;1800;INTARIAN_PEPPER_ROOT;10302;21;10300;11;;;10308;5;10311;25;;;10305.0;0.0
av_CORN_d10;1900;ASH_COATED_OSMIUM;9906;17;9903;28;;;9912;13;9916;25;;;9909.0;0.0
av_CORN_d10;1900;INTARIAN_PEPPER_ROOT;10294;16;10292;25;;;10318;13;10320;11;;;10306.0;0.0
av_CORN_d10;2000;ASH_COATED_OSMIUM;9906;10;9904;23;;;9912;8;9915;9;;;9909.0;0.0
av_CORN_d10;2000;INTARIAN_PEPPER_ROOT;10303;16;10301;13;;;10309;20;10313;17;;;10306.0;0.0
av_CORN_d10;2100;ASH_COATED_OSMIUM;9901;18;9897;11;;;9918;6;9922;21;;;9909.5;0.0
av_CORN_d10;2100;INTARIAN_PEPPER_ROOT;10303;24;10301;14;;;10309;16;10311;22;;;10306.0;0.0
av_CORN_d10;2200;ASH_COATED_OSMIUM;9903;18;9901;25;;;9916;16;9919;20;;;9909.5;0.0
av_CORN_d10;2200;INTARIAN_PEPPER_ROOT;10304;12;10300;25;;;10310;19;10312;23;;;10307.0;0.0
av_CORN_d10;2300;ASH_COATED_OSMIUM;9906;5;9902;27;;;9912;5;9914;19;;;9909.0;0.0
av_CORN_d10;2300;INTARIAN_PEPPER_ROOT;10304;17;10301;24;;;10310;15;10313;16;;;10307.0;0.0
av_CORN_d10;2400;ASH_COATED_OSMIUM;9906;21;9904;17;;;9914;15;9916;17;;;9910.0;0.0
av_CORN_d10;2400;INTARIAN_PEPPER_ROOT;10304;14;10302;24;;;10310;9;10312;27;;;10307.0;0.0
av_CORN_d10;2500;ASH_COATED_OSMIUM;9907;13;9904;17;;;9913;19;9917;18;;;9910.0;0.0
av_CORN_d10;2500;INTARIAN_PEPPER_ROOT;10305;10;10303;25;;;10311;10;10313;13;;;10308.0;0.0
av_CORN_d10;2600;ASH_COATED_OSMIUM;9905;11;9902;19;;;9913;13;9915;12;;;9909.0;0.0
av_CORN_d10;2600;INTARIAN_PEPPER_ROOT;10304;15;10300;21;;;10311;18;10314;22;;;10307.5;0.0
av_CORN_d10;2700;ASH_COATED_OSMIUM;9907;17;9903;14;;;9913;12;9916;27;;;9910.0;0.0
av_CORN_d10;2700;INTARIAN_PEPPER_ROOT;10301;14;10299;16;;;10317;18;10319;23;;;10309.0;0.0
av_CORN_d10;2800;ASH_COATED_OSMIUM;9907;11;9904;22;;;9913;12;9915;19;;;9910.0;0.0
av_CORN_d10;2800;INTARIAN_PEPPER_ROOT;10302;19;10298;20;;;10315;14;10318;17;;;10308.5;0.0
av_CORN_d10;2900;ASH_COATED_OSMIUM;9896;7;9892;25;;;9923;6;9927;25;;;9909.5;0.0
av_CORN_d10;2900;INTARIAN_PEPPER_ROOT;10300;10;10297;12;;;10317;9;10321;16;;;10308.5;0.0
av_CORN_d10;3000;ASH_COATED_OSMIUM;9907;17;9905;9;;;9913;11;9915;23;;;9910.0;0.0
av_CORN_d10;3000;INTARIAN_PEPPER_ROOT;10292;11;10288;18;;;10326;13;10330;18;;;10309.0;0.0
av_CORN_d10;3100;ASH_COATED_OSMIUM;9906;16;9903;16;;;9912;5;9914;11;;;9909.0;0.0
av_CORN_d10;3100;INTARIAN_PEPPER_ROOT;10306;20;10302;15;;;10313;15;10315;24;;;10309.5;0.0
av_CORN_d10;3200;ASH_COATED_OSMIUM;9904;9;9901;26;;;9915;19;9918;26;;;9909.5;0.0
av_CORN_d10;3200;INTARIAN_PEPPER_ROOT;10304;8;10302;25;;;10317;7;10319;19;;;10310.5;0.0
av_CORN_d10;3300;ASH_COATED_OSMIUM;9907;14;9903;8;;;9913;24;9917;10;;;9910.0;0.0
av_CORN_d10;3300;INTARIAN_PEPPER_ROOT;10307;21;10303;23;;;10313;11;10315;17;;;10310.0;0.0
av_CORN_d10;3400;ASH_COATED_OSMIUM;9907;25;9905;17;;;9913;11;9917;22;;;9910.0;0.0
av_CORN_d10;3400;INTARIAN_PEPPER_ROOT;10307;19;10304;16;;;10313;11;10316;30;;;10310.0;0.0
av_CORN_d10;3500;ASH_COATED_OSMIUM;9906;10;9903;19;;;9912;7;9914;17;;;9909.0;0.0
av_CORN_d10;3500;INTARIAN_PEPPER_ROOT;10308;12;10306;13;;;10314;6;10317;14;;;10311.0;0.0
av_CORN_d10;3600;ASH_COATED_OSMIUM;9906;14;9903;17;;;9912;7;9916;23;;;9909.0;0.0
av_CORN_d10;3600;INTARIAN_PEPPER_ROOT;10308;21;10305;20;;;10314;19;10318;30;;;10311.0;0.0
av_CORN_d10;3700;ASH_COATED_OSMIUM;9907;19;9903;15;;;9913;5;9917;9;;;9910.0;0.0
av_CORN_d10;3700;INTARIAN_PEPPER_ROOT;10304;15;10300;16;;;10320;16;10322;22;;;10312.0;0.0
av_CORN_d10;3800;ASH_COATED_OSMIUM;9904;14;9902;20;;;9915;7;9917;15;;;9909.5;0.0
av_CORN_d10;3800;INTARIAN_PEPPER_ROOT;10309;7;10306;26;;;10315;11;10318;14;;;10312.0;0.0
av_CORN_d10;3900;ASH_COATED_OSMIUM;9906;15;9902;20;;;9912;6;9914;14;;;9909.0;0.0
av_CORN_d10;3900;INTARIAN_PEPPER_ROOT;10309;14;10305;18;;;10315;18;10317;15;;;10312.0;0.0
av_CORN_d10;4000;ASH_COATED_OSMIUM;9906;14;9903;24;;;9912;15;9915;20;;;9909.0;0.0
av_CORN_d10;4000;INTARIAN_PEPPER_ROOT;10308;14;10306;9;;;10318;5;10321;16;;;10313.0;0.0
av_CORN_d10;4100;ASH_COATED_OSMIUM;9905;17;9903;18;;;9914;11;9918;15;;;9909.5;0.0
av_CORN_d10;4100;INTARIAN_PEPPER_ROOT;10306;9;10302;19;;;10320;17;10323;26;;;10313.0;0.0
av_CORN_d10;4200;ASH_COATED_OSMIUM;9907;18;9905;20;;;9913;6;9916;22;;;9910.0;0.0
av_CORN_d10;4200;INTARIAN_PEPPER_ROOT;10310;12;10308;18;;;10316;15;10320;14;;;10313.0;0.0
av_CORN_d10;4300;ASH_COATED_OSMIUM;9907;18;9904;20;;;9913;8;9917;30;;;9910.0;0.0
av_CORN_d10;4300;INTARIAN_PEPPER_ROOT;10310;5;10306;28;;;10317;13;10319;23;;;10313.5;0.0
av_CORN_d10;4400;ASH_COATED_OSMIUM;9906;14;9904;18;;;9913;7;9915;15;;;9909.5;0.0
av_CORN_d10;4400;INTARIAN_PEPPER_ROOT;10311;14;10308;20;;;10317;18;10319;18;;;10314.0;0.0
av_CORN_d10;4500;ASH_COATED_OSMIUM;9907;21;9904;17;;;9913;20;9915;19;;;9910.0;0.0
av_CORN_d10;4500;INTARIAN_PEPPER_ROOT;10311;9;10308;19;;;10318;11;10321;16;;;10314.5;0.0
av_CORN_d10;4600;ASH_COATED_OSMIUM;9907;18;9904;15;;;9913;18;9915;21;;;9910.0;0.0
av_CORN_d10;4600;INTARIAN_PEPPER_ROOT;10308;6;10305;31;;;10321;18;10324;25;;;10314.5;0.0
av_CORN_d10;4700;ASH_COATED_OSMIUM;9906;10;9902;21;;;9912;15;9914;17;;;9909.0;0.0
av_CORN_d10;4700;INTARIAN_PEPPER_ROOT;10310;23;10307;15;;;10319;26;10322;16;;;10314.5;0.0
av_CORN_d10;4800;ASH_COATED_OSMIUM;9907;20;9904;24;;;9913;20;9915;35;;;9910.0;0.0
av_CORN_d10;4800;INTARIAN_PEPPER_ROOT;10309;11;10305;17;;;10322;11;10324;21;;;10315.5;0.0
av_CORN_d10;4900;ASH_COATED_OSMIUM;9901;13;9899;20;;;9919;18;9921;22;;;9910.0;0.0
av_CORN_d10;4900;INTARIAN_PEPPER_ROOT;10312;12;10309;29;;;10318;15;10320;18;;;10315.0;0.0
av_CORN_d10;5000;ASH_COATED_OSMIUM;9907;20;9905;21;;;9913;9;9915;21;;;9910.0;0.0
av_CORN_d10;5000;INTARIAN_PEPPER_ROOT;10313;17;10310;20;;;10319;12;10322;9;;;10316.0;0.0
av_CORN_d10;5100;ASH_COATED_OSMIUM;9907;18;9905;21;;;9913;13;9915;19;;;9910.0;0.0
av_CORN_d10;5100;INTARIAN_PEPPER_ROOT;10311;9;10307;18;;;10321;13;10325;13;;;10316.0;0.0
av_CORN_d10;5200;ASH_COATED_OSMIUM;9907;17;9903;24;;;9913;23;9917;18;;;9910.0;0.0
av_CORN_d10;5200;INTARIAN_PEPPER_ROOT;10313;21;10310;21;;;10319;9;10322;14;;;10316.0;0.0
av_CORN_d10;5300;ASH_COATED_OSMIUM;9906;22;9903;21;;;9912;13;9915;29;;;9909.0;0.0
av_CORN_d10;5300;INTARIAN_PEPPER_ROOT;10314;13;10310;18;;;10320;13;10324;22;;;10317.0;0.0
av_CORN_d10;5400;ASH_COATED_OSMIUM;9906;9;9903;29;;;9912;28;9914;19;;;9909.0;0.0
av_CORN_d10;5400;INTARIAN_PEPPER_ROOT;10314;10;10310;20;;;10320;17;10322;16;;;10317.0;0.0
av_CORN_d10;5500;ASH_COATED_OSMIUM;9906;19;9903;10;;;9912;20;9915;20;;;9909.0;0.0
av_CORN_d10;5500;INTARIAN_PEPPER_ROOT;10309;7;10307;21;;;10326;5;10328;25;;;10317.5;0.0
av_CORN_d10;5600;ASH_COATED_OSMIUM;9906;14;9902;20;;;9912;12;9914;21;;;9909.0;0.0
av_CORN_d10;5600;INTARIAN_PEPPER_ROOT;10315;8;10313;22;;;10321;12;10324;18;;;10318.0;0.0
av_CORN_d10;5700;ASH_COATED_OSMIUM;9904;16;9902;24;;;9916;12;9920;11;;;9910.0;0.0
av_CORN_d10;5700;INTARIAN_PEPPER_ROOT;10315;8;10313;16;;;10321;18;10325;25;;;10318.0;0.0
av_CORN_d10;5800;ASH_COATED_OSMIUM;9895;11;9893;21;;;9924;15;9928;21;;;9909.5;0.0
av_CORN_d10;5800;INTARIAN_PEPPER_ROOT;10315;13;10313;21;;;10321;11;10323;22;;;10318.0;0.0
av_CORN_d10;5900;ASH_COATED_OSMIUM;9901;16;9897;18;;;9917;15;9919;25;;;9909.0;0.0
av_CORN_d10;5900;INTARIAN_PEPPER_ROOT;10305;13;10303;23;;;10333;14;10337;14;;;10319.0;0.0
av_CORN_d10;6000;ASH_COATED_OSMIUM;9907;13;9904;21;;;9913;21;9915;16;;;9910.0;0.0
av_CORN_d10;6000;INTARIAN_PEPPER_ROOT;10316;13;10314;26;;;10322;5;10325;27;;;10319.0;0.0
av_CORN_d10;6100;ASH_COATED_OSMIUM;9907;5;9904;15;;;9913;12;9916;11;;;9910.0;0.0
av_CORN_d10;6100;INTARIAN_PEPPER_ROOT;10316;18;10314;11;;;10323;13;10326;26;;;10319.5;0.0
av_CORN_d10;6200;ASH_COATED_OSMIUM;9904;21;9902;23;;;9915;20;9918;19;;;9909.5;0.0
av_CORN_d10;6200;INTARIAN_PEPPER_ROOT;10316;16;10314;25;;;10322;12;10324;27;;;10319.0;0.0
av_CORN_d10;6300;ASH_COATED_OSMIUM;9903;7;9901;19;;;9916;15;9918;20;;;9909.5;0.0
av_CORN_d10;6300;INTARIAN_PEPPER_ROOT;10317;15;10314;23;;;10323;15;10326;22;;;10320.0;0.0
av_CORN_d10;6400;ASH_COATED_OSMIUM;9905;5;9903;25;;;9915;20;9919;22;;;9910.0;0.0
av_CORN_d10;6400;INTARIAN_PEPPER_ROOT;10311;16;10309;19;;;10330;20;10333;14;;;10320.5;0.0
av_CORN_d10;6500;ASH_COATED_OSMIUM;9899;15;9896;19;;;9920;5;9922;14;;;9909.5;0.0
av_CORN_d10;6500;INTARIAN_PEPPER_ROOT;10318;18;10315;25;;;10324;15;10326;25;;;10321.0;0.0
av_CORN_d10;6600;ASH_COATED_OSMIUM;9907;19;9903;23;;;9913;9;9915;22;;;9910.0;0.0
av_CORN_d10;6600;INTARIAN_PEPPER_ROOT;10317;23;10313;10;;;10323;12;10325;25;;;10320.0;0.0
av_CORN_d10;6700;ASH_COATED_OSMIUM;9907;9;9903;24;;;9913;22;9916;21;;;9910.0;0.0
av_CORN_d10;6700;INTARIAN_PEPPER_ROOT;10319;15;10316;12;;;10325;11;10329;23;;;10322.0;0.0
av_CORN_d10;6800;ASH_COATED_OSMIUM;9902;17;9900;22;;;9917;17;9920;15;;;9909.5;0.0
av_CORN_d10;6800;INTARIAN_PEPPER_ROOT;10319;20;10315;21;;;10325;24;10328;9;;;10322.0;0.0
av_CORN_d10;6900;ASH_COATED_OSMIUM;9907;11;9904;21;;;9913;24;9917;14;;;9910.0;0.0
av_CORN_d10;6900;INTARIAN_PEPPER_ROOT;10319;16;10315;31;;;10325;15;10329;16;;;10322.0;0.0
av_CORN_d10;7000;ASH_COATED_OSMIUM;9907;5;9904;23;;;9913;20;9917;18;;;9910.0;0.0
av_CORN_d10;7000;INTARIAN_PEPPER_ROOT;10317;12;10315;21;;;10326;12;10328;31;;;10321.5;0.0
av_CORN_d10;7100;ASH_COATED_OSMIUM;9907;10;9904;20;;;9913;23;9916;16;;;9910.0;0.0
av_CORN_d10;7100;INTARIAN_PEPPER_ROOT;10320;15;10316;22;;;10326;15;10328;21;;;10323.0;0.0
av_CORN_d10;7200;ASH_COATED_OSMIUM;9906;18;9903;11;;;9913;11;9917;27;;;9909.5;0.0
av_CORN_d10;7200;INTARIAN_PEPPER_ROOT;10320;11;10318;29;;;10326;20;10329;21;;;10323.0;0.0
av_CORN_d10;7300;ASH_COATED_OSMIUM;9907;15;9905;23;;;9913;19;9916;15;;;9910.0;0.0
av_CORN_d10;7300;INTARIAN_PEPPER_ROOT;10320;14;10318;11;;;10326;9;10328;19;;;10323.0;0.0
av_CORN_d10;7400;ASH_COATED_OSMIUM;9904;15;9900;24;;;9916;19;9919;16;;;9910.0;0.0
av_CORN_d10;7400;INTARIAN_PEPPER_ROOT;10310;21;10308;15;;;10338;16;10340;19;;;10324.0;0.0
av_CORN_d10;7500;ASH_COATED_OSMIUM;9904;24;9902;22;;;9915;17;9917;10;;;9909.5;0.0
av_CORN_d10;7500;INTARIAN_PEPPER_ROOT;10319;13;10316;18;;;10329;21;10332;12;;;10324.0;0.0
av_CORN_d10;7600;ASH_COATED_OSMIUM;9906;13;9904;25;;;9912;17;9915;19;;;9909.0;0.0
av_CORN_d10;7600;INTARIAN_PEPPER_ROOT;10319;6;10317;13;;;10328;10;10330;12;;;10323.5;0.0
av_CORN_d10;7700;ASH_COATED_OSMIUM;9906;17;9903;26;;;9912;9;9914;18;;;9909.0;0.0
av_CORN_d10;7700;INTARIAN_PEPPER_ROOT;10308;16;10305;8;;;10341;6;10343;13;;;10324.5;0.0
av_CORN_d10;7800;ASH_COATED_OSMIUM;9906;18;9903;16;;;9912;18;9915;25;;;9909.0;0.0
av_CORN_d10;7800;INTARIAN_PEPPER_ROOT;10318;18;10314;18;;;10332;19;10335;8;;;10325.0;0.0
av_CORN_d10;7900;ASH_COATED_OSMIUM;9898;26;9894;22;;;9920;5;9923;19;;;9909.0;0.0
av_CORN_d10;7900;INTARIAN_PEPPER_ROOT;10322;14;10318;21;;;10328;6;10330;9;;;10325.0;0.0
av_CORN_d10;8000;ASH_COATED_OSMIUM;9906;13;9902;24;;;9912;12;9915;19;;;9909.0;0.0
av_CORN_d10;8000;INTARIAN_PEPPER_ROOT;10322;21;10318;16;;;10330;13;10333;31;;;10326.0;0.0
av_CORN_d10;8100;ASH_COATED_OSMIUM;9906;15;9902;14;;;9912;18;9916;21;;;9909.0;0.0
av_CORN_d10;8100;INTARIAN_PEPPER_ROOT;10321;12;10317;27;;;10331;16;10335;19;;;10326.0;0.0
av_CORN_d10;8200;ASH_COATED_OSMIUM;9907;16;9904;13;;;9913;16;9915;11;;;9910.0;0.0
av_CORN_d10;8200;INTARIAN_PEPPER_ROOT;10323;14;10319;18;;;10329;12;10331;28;;;10326.0;0.0
av_CORN_d10;8300;ASH_COATED_OSMIUM;9907;15;9904;21;;;9913;6;9916;21;;;9910.0;0.0
av_CORN_d10;8300;INTARIAN_PEPPER_ROOT;10323;14;10319;25;;;10329;16;10333;20;;;10326.0;0.0
av_CORN_d10;8400;ASH_COATED_OSMIUM;9907;16;9903;20;;;9913;21;9915;25;;;9910.0;0.0
av_CORN_d10;8400;INTARIAN_PEPPER_ROOT;10324;9;10321;14;;;10330;18;10333;15;;;10327.0;0.0
av_CORN_d10;8500;ASH_COATED_OSMIUM;9907;12;9904;15;;;9913;14;9916;27;;;9910.0;0.0
av_CORN_d10;8500;INTARIAN_PEPPER_ROOT;10324;14;10322;18;;;10330;16;10334;14;;;10327.0;0.0
av_CORN_d10;8600;ASH_COATED_OSMIUM;9900;18;9898;11;;;9917;15;9921;27;;;9908.5;0.0
av_CORN_d10;8600;INTARIAN_PEPPER_ROOT;10324;17;10322;18;;;10330;22;10334;19;;;10327.0;0.0
av_CORN_d10;8700;ASH_COATED_OSMIUM;9906;10;9903;23;;;9912;18;9914;15;;;9909.0;0.0
av_CORN_d10;8700;INTARIAN_PEPPER_ROOT;10325;15;10321;15;;;10331;10;10333;10;;;10328.0;0.0
av_CORN_d10;8800;ASH_COATED_OSMIUM;9905;12;9902;21;;;9915;7;9917;17;;;9910.0;0.0
av_CORN_d10;8800;INTARIAN_PEPPER_ROOT;10325;12;10323;23;;;10331;29;10334;19;;;10328.0;0.0
av_CORN_d10;8900;ASH_COATED_OSMIUM;9907;16;9904;18;;;9913;22;9915;8;;;9910.0;0.0
av_CORN_d10;8900;INTARIAN_PEPPER_ROOT;10326;17;10324;15;;;10332;23;10335;21;;;10329.0;0.0
av_CORN_d10;9000;ASH_COATED_OSMIUM;9907;20;9903;17;;;9913;12;9915;13;;;9910.0;0.0
av_CORN_d10;9000;INTARIAN_PEPPER_ROOT;10326;19;10323;17;;;10332;11;10336;16;;;10329.0;0.0
av_CORN_d10;9100;ASH_COATED_OSMIUM;9900;17;9897;20;;;9919;18;9922;21;;;9909.5;0.0
av_CORN_d10;9100;INTARIAN_PEPPER_ROOT;10326;6;10324;23;;;10332;17;10335;23;;;10329.0;0.0
av_CORN_d10;9200;ASH_COATED_OSMIUM;9906;16;9903;29;;;9912;14;9914;29;;;9909.0;0.0
av_CORN_d10;9200;INTARIAN_PEPPER_ROOT;10326;12;10323;13;;;10332;6;10336;17;;;10329.0;0.0
av_CORN_d10;9300;ASH_COATED_OSMIUM;9906;16;9904;29;;;9914;15;9916;20;;;9910.0;0.0
av_CORN_d10;9300;INTARIAN_PEPPER_ROOT;10327;8;10324;15;;;10333;20;10336;17;;;10330.0;0.0
av_CORN_d10;9400;ASH_COATED_OSMIUM;9906;14;9903;19;;;9912;17;9916;22;;;9909.0;0.0
av_CORN_d10;9400;INTARIAN_PEPPER_ROOT;10327;18;10323;26;;;10333;25;10336;12;;;10330.0;0.0
av_CORN_d10;9500;ASH_COATED_OSMIUM;9906;9;9903;22;;;9912;21;9916;27;;;9909.0;0.0
av_CORN_d10;9500;INTARIAN_PEPPER_ROOT;10327;26;10325;26;;;10333;18;10335;18;;;10330.0;0.0
av_CORN_d10;9600;ASH_COATED_OSMIUM;9906;7;9902;27;;;9912;10;9914;20;;;9909.0;0.0
av_CORN_d10;9600;INTARIAN_PEPPER_ROOT;10320;11;10316;24;;;10339;12;10341;22;;;10329.5;0.0
av_CORN_d10;9700;ASH_COATED_OSMIUM;9906;24;9903;8;;;9912;22;9914;24;;;9909.0;0.0
av_CORN_d10;9700;INTARIAN_PEPPER_ROOT;10328;7;10326;8;;;10334;20;10337;23;;;10331.0;0.0
av_CORN_d10;9800;ASH_COATED_OSMIUM;9902;21;9899;24;;;9915;14;9917;20;;;9908.5;0.0
av_CORN_d10;9800;INTARIAN_PEPPER_ROOT;10324;12;10322;22;;;10338;19;10340;22;;;10331.0;0.0
av_CORN_d10;9900;ASH_COATED_OSMIUM;9906;24;9902;32;;;9912;19;9915;18;;;9909.0;0.0
av_CORN_d10;9900;INTARIAN_PEPPER_ROOT;10328;20;10325;19;;;10335;22;10337;21;;;10331.5;0.0
av_CORN_d10;10000;ASH_COATED_OSMIUM;9906;16;9902;15;;;9912;12;9914;20;;;9909.0;0.0
av_CORN_d10;10000;INTARIAN_PEPPER_ROOT;10329;16;10325;11;;;10335;18;10338;21;;;10332.0;0.0
av_CORN_d10;10100;ASH_COATED_OSMIUM;9907;10;9903;16;;;9913;18;9916;17;;;9910.0;0.0
av_CORN_d10;10100;INTARIAN_PEPPER_ROOT;10329;13;10327;24;;;10335;17;10338;17;;;10332.0;0.0
av_CORN_d10;10200;ASH_COATED_OSMIUM;9907;12;9905;17;;;9913;18;9915;22;;;9910.0;0.0
av_CORN_d10;10200;INTARIAN_PEPPER_ROOT;10330;18;10328;22;;;10336;18;10340;15;;;10333.0;0.0
av_CORN_d10;10300;ASH_COATED_OSMIUM;9907;5;9905;17;;;9913;13;9916;20;;;9910.0;0.0
av_CORN_d10;10300;INTARIAN_PEPPER_ROOT;10325;8;10321;21;;;10341;13;10343;21;;;10333.0;0.0
av_CORN_d10;10400;ASH_COATED_OSMIUM;9906;8;9902;13;;;9914;11;9916;26;;;9910.0;0.0
av_CORN_d10;10400;INTARIAN_PEPPER_ROOT;10328;12;10324;20;;;10339;17;10341;26;;;10333.5;0.0
av_CORN_d10;10500;ASH_COATED_OSMIUM;9903;18;9901;21;;;9915;7;9917;18;;;9909.0;0.0
av_CORN_d10;10500;INTARIAN_PEPPER_ROOT;10330;18;10326;22;;;10336;13;10340;22;;;10333.0;0.0
av_CORN_d10;10600;ASH_COATED_OSMIUM;9905;13;9901;30;;;9914;13;9917;10;;;9909.5;0.0
av_CORN_d10;10600;INTARIAN_PEPPER_ROOT;10331;9;10328;23;;;10337;11;10340;22;;;10334.0;0.0
av_CORN_d10;10700;ASH_COATED_OSMIUM;9906;19;9904;21;;;9912;22;9915;21;;;9909.0;0.0
av_CORN_d10;10700;INTARIAN_PEPPER_ROOT;10330;14;10326;18;;;10338;23;10342;20;;;10334.0;0.0
av_CORN_d10;10800;ASH_COATED_OSMIUM;9903;17;9899;26;;;9916;19;9920;18;;;9909.5;0.0
av_CORN_d10;10800;INTARIAN_PEPPER_ROOT;10326;15;10324;12;;;10343;17;10347;24;;;10334.5;0.0
av_CORN_d10;10900;ASH_COATED_OSMIUM;9903;8;9899;19;;;9916;7;9918;23;;;9909.5;0.0
av_CORN_d10;10900;INTARIAN_PEPPER_ROOT;10331;13;10328;17;;;10337;6;10341;21;;;10334.0;0.0
av_CORN_d10;11000;ASH_COATED_OSMIUM;9906;13;9902;14;;;9913;10;9917;9;;;9909.5;0.0
av_CORN_d10;11000;INTARIAN_PEPPER_ROOT;10332;18;10330;15;;;10338;21;10342;12;;;10335.0;0.0
av_CORN_d10;11100;ASH_COATED_OSMIUM;9906;20;9903;8;;;9912;21;9916;22;;;9909.0;0.0
av_CORN_d10;11100;INTARIAN_PEPPER_ROOT;10332;9;10330;22;;;10340;13;10343;18;;;10336.0;0.0
av_CORN_d10;11200;ASH_COATED_OSMIUM;9907;12;9903;20;;;9913;18;9915;27;;;9910.0;0.0
av_CORN_d10;11200;INTARIAN_PEPPER_ROOT;10333;17;10330;23;;;10339;15;10341;22;;;10336.0;0.0
av_CORN_d10;11300;ASH_COATED_OSMIUM;9906;12;9904;17;;;9912;15;9915;26;;;9909.0;0.0
av_CORN_d10;11300;INTARIAN_PEPPER_ROOT;10330;9;10327;26;;;10343;16;10345;19;;;10336.5;0.0
av_CORN_d10;11400;ASH_COATED_OSMIUM;9906;11;9902;20;;;9912;19;9915;28;;;9909.0;0.0
av_CORN_d10;11400;INTARIAN_PEPPER_ROOT;10333;11;10331;20;;;10339;10;10341;20;;;10336.0;0.0
av_CORN_d10;11500;ASH_COATED_OSMIUM;9900;14;9897;27;;;9919;13;9922;26;;;9909.5;0.0
av_CORN_d10;11500;INTARIAN_PEPPER_ROOT;10335;16;10332;16;;;10341;19;10343;20;;;10338.0;0.0
av_CORN_d10;11600;ASH_COATED_OSMIUM;9907;13;9904;19;;;9913;18;9915;19;;;9910.0;0.0
av_CORN_d10;11600;INTARIAN_PEPPER_ROOT;10334;21;10331;15;;;10340;5;10342;24;;;10337.0;0.0
av_CORN_d10;11700;ASH_COATED_OSMIUM;9906;25;9903;15;;;9912;9;9916;14;;;9909.0;0.0
av_CORN_d10;11700;INTARIAN_PEPPER_ROOT;10335;13;10331;8;;;10341;8;10344;19;;;10338.0;0.0
av_CORN_d10;11800;ASH_COATED_OSMIUM;9902;12;9898;22;;;9918;15;9920;23;;;9910.0;0.0
av_CORN_d10;11800;INTARIAN_PEPPER_ROOT;10335;8;10333;16;;;10341;18;10344;13;;;10338.0;0.0
av_CORN_d10;11900;ASH_COATED_OSMIUM;9907;10;9905;18;;;9913;7;9916;18;;;9910.0;0.0
av_CORN_d10;11900;INTARIAN_PEPPER_ROOT;10331;14;10328;27;;;10346;12;10350;26;;;10338.5;0.0
av_CORN_d10;12000;ASH_COATED_OSMIUM;9897;12;9895;13;;;9922;26;9924;11;;;9909.5;0.0
av_CORN_d10;12000;INTARIAN_PEPPER_ROOT;10332;13;10330;20;;;10344;9;10347;14;;;10338.0;0.0
av_CORN_d10;12100;ASH_COATED_OSMIUM;9907;18;9904;20;;;9913;13;9917;20;;;9910.0;0.0
av_CORN_d10;12100;INTARIAN_PEPPER_ROOT;10336;13;10333;23;;;10342;14;10344;12;;;10339.0;0.0
av_CORN_d10;12200;ASH_COATED_OSMIUM;9904;5;9901;22;;;9915;21;9919;13;;;9909.5;0.0
av_CORN_d10;12200;INTARIAN_PEPPER_ROOT;10331;19;10327;20;;;10347;5;10351;21;;;10339.0;0.0
av_CORN_d10;12300;ASH_COATED_OSMIUM;9907;10;9903;24;;;9913;22;9917;22;;;9910.0;0.0
av_CORN_d10;12300;INTARIAN_PEPPER_ROOT;10334;15;10330;18;;;10345;15;10347;19;;;10339.5;0.0
av_CORN_d10;12400;ASH_COATED_OSMIUM;9906;13;9904;18;;;9912;16;9914;20;;;9909.0;0.0
av_CORN_d10;12400;INTARIAN_PEPPER_ROOT;10337;17;10335;18;;;10343;17;10347;17;;;10340.0;0.0
av_CORN_d10;12500;ASH_COATED_OSMIUM;9905;15;9903;20;;;9914;12;9917;24;;;9909.5;0.0
av_CORN_d10;12500;INTARIAN_PEPPER_ROOT;10337;24;10333;19;;;10343;10;10345;18;;;10340.0;0.0
av_CORN_d10;12600;ASH_COATED_OSMIUM;9906;11;9903;9;;;9912;10;9916;27;;;9909.0;0.0
av_CORN_d10;12600;INTARIAN_PEPPER_ROOT;10337;13;10335;23;;;10343;6;10347;13;;;10340.0;0.0
av_CORN_d10;12700;ASH_COATED_OSMIUM;9904;12;9901;12;;;9916;17;9918;14;;;9910.0;0.0
av_CORN_d10;12700;INTARIAN_PEPPER_ROOT;10337;20;10333;13;;;10343;19;10347;20;;;10340.0;0.0
av_CORN_d10;12800;ASH_COATED_OSMIUM;9906;22;9904;23;;;9912;7;9916;18;;;9909.0;0.0
av_CORN_d10;12800;INTARIAN_PEPPER_ROOT;10338;21;10334;27;;;10344;18;10347;19;;;10341.0;0.0
av_CORN_d10;12900;ASH_COATED_OSMIUM;9906;20;9902;16;;;9914;13;9917;12;;;9910.0;0.0
av_CORN_d10;12900;INTARIAN_PEPPER_ROOT;10339;21;10337;16;;;10345;16;10348;8;;;10342.0;0.0
av_CORN_d10;13000;ASH_COATED_OSMIUM;9904;13;9901;17;;;9914;24;9917;18;;;9909.0;0.0
av_CORN_d10;13000;INTARIAN_PEPPER_ROOT;10339;19;10335;8;;;10345;5;10347;27;;;10342.0;0.0
av_CORN_d10;13100;ASH_COATED_OSMIUM;9907;12;9903;20;;;9913;16;9915;25;;;9910.0;0.0
av_CORN_d10;13100;INTARIAN_PEPPER_ROOT;10338;20;10334;27;;;10346;17;10348;20;;;10342.0;0.0
av_CORN_d10;13200;ASH_COATED_OSMIUM;9906;15;9902;24;;;9914;17;9918;15;;;9910.0;0.0
av_CORN_d10;13200;INTARIAN_PEPPER_ROOT;10339;18;10336;21;;;10345;19;10348;13;;;10342.0;0.0
av_CORN_d10;13300;ASH_COATED_OSMIUM;9901;5;9897;23;;;9918;17;9920;14;;;9909.5;0.0
av_CORN_d10;13300;INTARIAN_PEPPER_ROOT;10340;20;10337;32;;;10346;14;10348;23;;;10343.0;0.0
av_CORN_d10;13400;ASH_COATED_OSMIUM;9907;17;9903;23;;;9913;10;9917;10;;;9910.0;0.0
av_CORN_d10;13400;INTARIAN_PEPPER_ROOT;10334;21;10330;18;;;10351;21;10354;25;;;10342.5;0.0
av_CORN_d10;13500;ASH_COATED_OSMIUM;9906;18;9902;14;;;9912;14;9914;20;;;9909.0;0.0
av_CORN_d10;13500;INTARIAN_PEPPER_ROOT;10339;10;10336;16;;;10349;9;10351;24;;;10344.0;0.0
av_CORN_d10;13600;ASH_COATED_OSMIUM;9906;20;9903;23;;;9912;21;9914;23;;;9909.0;0.0
av_CORN_d10;13600;INTARIAN_PEPPER_ROOT;10339;19;10337;18;;;10348;21;10351;14;;;10343.5;0.0
av_CORN_d10;13700;ASH_COATED_OSMIUM;9907;18;9904;20;;;9913;14;9916;22;;;9910.0;0.0
av_CORN_d10;13700;INTARIAN_PEPPER_ROOT;10337;14;10334;30;;;10352;15;10355;19;;;10344.5;0.0
av_CORN_d10;13800;ASH_COATED_OSMIUM;9906;22;9903;21;;;9912;11;9916;23;;;9909.0;0.0
av_CORN_d10;13800;INTARIAN_PEPPER_ROOT;10338;18;10335;13;;;10352;5;10354;19;;;10345.0;0.0
av_CORN_d10;13900;ASH_COATED_OSMIUM;9905;18;9902;16;;;9914;15;9916;17;;;9909.5;0.0
av_CORN_d10;13900;INTARIAN_PEPPER_ROOT;10341;16;10337;21;;;10348;18;10351;25;;;10344.5;0.0
av_CORN_d10;14000;ASH_COATED_OSMIUM;9900;11;9897;12;;;9917;13;9921;11;;;9908.5;0.0
av_CORN_d10;14000;INTARIAN_PEPPER_ROOT;10342;14;10338;16;;;10348;18;10350;21;;;10345.0;0.0
av_CORN_d10;14100;ASH_COATED_OSMIUM;9906;14;9903;17;;;9912;16;9916;17;;;9909.0;0.0
av_CORN_d10;14100;INTARIAN_PEPPER_ROOT;10343;13;10340;23;;;10349;12;10352;26;;;10346.0;0.0
av_CORN_d10;14200;ASH_COATED_OSMIUM;9899;22;9897;14;;;9920;12;9922;18;;;9909.5;0.0
av_CORN_d10;14200;INTARIAN_PEPPER_ROOT;10343;9;10340;20;;;10349;14;10351;14;;;10346.0;0.0
av_CORN_d10;14300;ASH_COATED_OSMIUM;9906;23;9904;26;;;9913;5;9915;17;;;9909.5;0.0
av_CORN_d10;14300;INTARIAN_PEPPER_ROOT;10344;13;10340;19;;;10350;7;10353;19;;;10347.0;0.0
av_CORN_d10;14400;ASH_COATED_OSMIUM;9904;11;9900;22;;;9916;23;9919;23;;;9910.0;0.0
av_CORN_d10;14400;INTARIAN_PEPPER_ROOT;10342;15;10339;26;;;10351;8;10354;22;;;10346.5;0.0
av_CORN_d10;14500;ASH_COATED_OSMIUM;9901;14;9897;15;;;9919;7;9921;8;;;9910.0;0.0
av_CORN_d10;14500;INTARIAN_PEPPER_ROOT;10344;23;10340;18;;;10350;9;10353;16;;;10347.0;0.0
av_CORN_d10;14600;ASH_COATED_OSMIUM;9906;18;9903;23;;;9914;12;9916;14;;;9910.0;0.0
av_CORN_d10;14600;INTARIAN_PEPPER_ROOT;10344;18;10341;14;;;10350;7;10352;23;;;10347.0;0.0
av_CORN_d10;14700;ASH_COATED_OSMIUM;9895;11;9893;15;;;9925;10;9929;20;;;9910.0;0.0
av_CORN_d10;14700;INTARIAN_PEPPER_ROOT;10344;12;10340;19;;;10350;12;10352;20;;;10347.0;0.0
av_CORN_d10;14800;ASH_COATED_OSMIUM;9901;10;9897;17;;;9919;13;9923;20;;;9910.0;0.0
av_CORN_d10;14800;INTARIAN_PEPPER_ROOT;10344;17;10341;23;;;10350;12;10352;18;;;10347.0;0.0
av_CORN_d10;14900;ASH_COATED_OSMIUM;9900;18;9896;23;;;9919;23;9921;20;;;9909.5;0.0
av_CORN_d10;14900;INTARIAN_PEPPER_ROOT;10345;12;10341;21;;;10351;17;10354;13;;;10348.0;0.0
av_CORN_d10;15000;ASH_COATED_OSMIUM;9904;9;9901;18;;;9914;18;9917;24;;;9909.0;0.0
av_CORN_d10;15000;INTARIAN_PEPPER_ROOT;10343;15;10339;15;;;10352;18;10356;20;;;10347.5;0.0
av_CORN_d10;15100;ASH_COATED_OSMIUM;9907;16;9903;13;;;9913;8;9915;25;;;9910.0;0.0
av_CORN_d10;15100;INTARIAN_PEPPER_ROOT;10346;18;10342;24;;;10352;12;10354;9;;;10349.0;0.0
av_CORN_d10;15200;ASH_COATED_OSMIUM;9905;13;9902;30;;;9915;14;9917;27;;;9910.0;0.0
av_CORN_d10;15200;INTARIAN_PEPPER_ROOT;10345;15;10341;21;;;10351;25;10354;18;;;10348.0;0.0
av_CORN_d10;15300;ASH_COATED_OSMIUM;9907;12;9905;21;;;9913;16;9916;8;;;9910.0;0.0
av_CORN_d10;15300;INTARIAN_PEPPER_ROOT;10346;19;10344;16;;;10352;20;10354;12;;;10349.0;0.0
av_CORN_d10;15400;ASH_COATED_OSMIUM;9906;17;9904;16;;;9913;18;9915;34;;;9909.5;0.0
av_CORN_d10;15400;INTARIAN_PEPPER_ROOT;10346;12;10342;18;;;10352;13;10356;11;;;10349.0;0.0
av_CORN_d10;15500;ASH_COATED_OSMIUM;9905;17;9903;20;;;9913;13;9915;30;;;9909.0;0.0
av_CORN_d10;15500;INTARIAN_PEPPER_ROOT;10344;13;10341;28;;;10356;13;10360;17;;;10350.0;0.0
av_CORN_d10;15600;ASH_COATED_OSMIUM;9907;7;9903;22;;;9913;22;9916;23;;;9910.0;0.0
av_CORN_d10;15600;INTARIAN_PEPPER_ROOT;10345;9;10342;22;;;10354;11;10356;16;;;10349.5;0.0
av_CORN_d10;15700;ASH_COATED_OSMIUM;9907;11;9903;22;;;9913;13;9915;16;;;9910.0;0.0
av_CORN_d10;15700;INTARIAN_PEPPER_ROOT;10348;24;10344;25;;;10354;10;10356;19;;;10351.0;0.0
av_CORN_d10;15800;ASH_COATED_OSMIUM;9906;8;9902;27;;;9912;10;9915;16;;;9909.0;0.0
av_CORN_d10;15800;INTARIAN_PEPPER_ROOT;10348;19;10345;20;;;10354;21;10358;21;;;10351.0;0.0
av_CORN_d10;15900;ASH_COATED_OSMIUM;9907;23;9905;18;;;9914;8;9918;18;;;9910.5;0.0
av_CORN_d10;15900;INTARIAN_PEPPER_ROOT;10349;14;10345;11;;;10355;9;10359;21;;;10352.0;0.0
av_CORN_d10;16000;ASH_COATED_OSMIUM;9904;13;9902;20;;;9915;19;9918;13;;;9909.5;0.0
av_CORN_d10;16000;INTARIAN_PEPPER_ROOT;10347;9;10345;19;;;10355;14;10359;26;;;10351.0;0.0
av_CORN_d10;16100;ASH_COATED_OSMIUM;9901;23;9898;22;;;9918;7;9920;19;;;9909.5;0.0
av_CORN_d10;16100;INTARIAN_PEPPER_ROOT;10348;17;10346;19;;;10354;13;10356;18;;;10351.0;0.0
av_CORN_d10;16200;ASH_COATED_OSMIUM;9905;15;9901;19;;;9915;5;9918;21;;;9910.0;0.0
av_CORN_d10;16200;INTARIAN_PEPPER_ROOT;10349;23;10346;20;;;10355;18;10359;14;;;10352.0;0.0
av_CORN_d10;16300;ASH_COATED_OSMIUM;9906;12;9903;14;;;9912;7;9915;13;;;9909.0;0.0
av_CORN_d10;16300;INTARIAN_PEPPER_ROOT;10350;16;10348;15;;;10356;19;10360;20;;;10353.0;0.0
av_CORN_d10;16400;ASH_COATED_OSMIUM;9906;18;9903;17;;;9912;8;9916;9;;;9909.0;0.0
av_CORN_d10;16400;INTARIAN_PEPPER_ROOT;10344;10;10342;23;;;10362;22;10366;20;;;10353.0;0.0
av_CORN_d10;16500;ASH_COATED_OSMIUM;9906;17;9904;17;;;9912;8;9914;16;;;9909.0;0.0
av_CORN_d10;16500;INTARIAN_PEPPER_ROOT;10351;20;10348;13;;;10357;15;10359;24;;;10354.0;0.0
av_CORN_d10;16600;ASH_COATED_OSMIUM;9907;13;9903;14;;;9913;7;9915;27;;;9910.0;0.0
av_CORN_d10;16600;INTARIAN_PEPPER_ROOT;10350;11;10346;21;;;10356;11;10359;15;;;10353.0;0.0
av_CORN_d10;16700;ASH_COATED_OSMIUM;9902;15;9899;23;;;9916;11;9920;25;;;9909.0;0.0
av_CORN_d10;16700;INTARIAN_PEPPER_ROOT;10347;15;10345;22;;;10362;9;10366;17;;;10354.5;0.0
av_CORN_d10;16800;ASH_COATED_OSMIUM;9907;16;9903;26;;;9913;8;9916;19;;;9910.0;0.0
av_CORN_d10;16800;INTARIAN_PEPPER_ROOT;10351;8;10347;20;;;10357;19;10361;17;;;10354.0;0.0
av_CORN_d10;16900;ASH_COATED_OSMIUM;9907;14;9905;20;;;9913;16;9916;13;;;9910.0;0.0
av_CORN_d10;16900;INTARIAN_PEPPER_ROOT;10351;12;10349;24;;;10357;15;10360;9;;;10354.0;0.0
av_CORN_d10;17000;ASH_COATED_OSMIUM;9906;13;9902;21;;;9912;16;9915;30;;;9909.0;0.0
av_CORN_d10;17000;INTARIAN_PEPPER_ROOT;10352;5;10348;16;;;10358;10;10361;16;;;10355.0;0.0
av_CORN_d10;17100;ASH_COATED_OSMIUM;9907;16;9904;20;;;9913;14;9916;18;;;9910.0;0.0
av_CORN_d10;17100;INTARIAN_PEPPER_ROOT;10346;11;10343;25;;;10363;8;10367;15;;;10354.5;0.0
av_CORN_d10;17200;ASH_COATED_OSMIUM;9907;11;9905;14;;;9913;10;9916;12;;;9910.0;0.0
av_CORN_d10;17200;INTARIAN_PEPPER_ROOT;10348;14;10346;26;;;10358;14;10360;16;;;10353.0;0.0
av_CORN_d10;17300;ASH_COATED_OSMIUM;9903;12;9899;23;;;9915;16;9917;15;;;9909.0;0.0
av_CORN_d10;17300;INTARIAN_PEPPER_ROOT;10350;9;10346;21;;;10356;11;10358;10;;;10353.0;0.0
av_CORN_d10;17400;ASH_COATED_OSMIUM;9904;23;9901;24;;;9916;19;9918;19;;;9910.0;0.0
av_CORN_d10;17400;INTARIAN_PEPPER_ROOT;10347;9;10344;23;;;10358;13;10362;24;;;10352.5;0.0
av_CORN_d10;17500;ASH_COATED_OSMIUM;9907;19;9904;15;;;9913;13;9916;16;;;9910.0;0.0
av_CORN_d10;17500;INTARIAN_PEPPER_ROOT;10347;12;10343;20;;;10356;23;10360;22;;;10351.5;0.0
av_CORN_d10;17600;ASH_COATED_OSMIUM;9907;23;9904;25;;;9913;24;9915;25;;;9910.0;0.0
av_CORN_d10;17600;INTARIAN_PEPPER_ROOT;10350;17;10348;17;;;10356;13;10358;18;;;10353.0;0.0
av_CORN_d10;17700;ASH_COATED_OSMIUM;9903;12;9899;20;;;9917;15;9921;28;;;9910.0;0.0
av_CORN_d10;17700;INTARIAN_PEPPER_ROOT;10349;19;10346;19;;;10355;16;10357;19;;;10352.0;0.0
av_CORN_d10;17800;ASH_COATED_OSMIUM;9907;20;9903;27;;;9913;12;9917;34;;;9910.0;0.0
av_CORN_d10;17800;INTARIAN_PEPPER_ROOT;10347;12;10345;19;;;10354;18;10358;15;;;10350.5;0.0
av_CORN_d10;17900;ASH_COATED_OSMIUM;9907;12;9904;16;;;9913;14;9916;18;;;9910.0;0.0
av_CORN_d10;17900;INTARIAN_PEPPER_ROOT;10347;24;10343;24;;;10353;11;10355;15;;;10350.0;0.0
av_CORN_d10;18000;ASH_COATED_OSMIUM;9906;17;9902;23;;;9912;11;9914;23;;;9909.0;0.0
av_CORN_d10;18000;INTARIAN_PEPPER_ROOT;10346;9;10344;28;;;10354;18;10358;17;;;10350.0;0.0
av_CORN_d10;18100;ASH_COATED_OSMIUM;9907;19;9905;13;;;9913;10;9915;17;;;9910.0;0.0
av_CORN_d10;18100;INTARIAN_PEPPER_ROOT;10346;12;10344;19;;;10352;17;10354;19;;;10349.0;0.0
av_CORN_d10;18200;ASH_COATED_OSMIUM;9907;13;9903;18;;;9913;19;9915;22;;;9910.0;0.0
av_CORN_d10;18200;INTARIAN_PEPPER_ROOT;10344;8;10342;12;;;10353;7;10356;22;;;10348.5;0.0
av_CORN_d10;18300;ASH_COATED_OSMIUM;9901;11;9899;22;;;9918;10;9921;24;;;9909.5;0.0
av_CORN_d10;18300;INTARIAN_PEPPER_ROOT;10345;17;10341;25;;;10353;12;10356;29;;;10349.0;0.0
av_CORN_d10;18400;ASH_COATED_OSMIUM;9906;23;9904;14;;;9915;16;9917;19;;;9910.5;0.0
av_CORN_d10;18400;INTARIAN_PEPPER_ROOT;10342;16;10338;24;;;10355;15;10359;26;;;10348.5;0.0
av_CORN_d10;18500;ASH_COATED_OSMIUM;9907;16;9905;16;;;9913;20;9916;22;;;9910.0;0.0
av_CORN_d10;18500;INTARIAN_PEPPER_ROOT;10341;12;10339;19;;;10355;20;10357;21;;;10348.0;0.0
av_CORN_d10;18600;ASH_COATED_OSMIUM;9902;11;9900;25;;;9918;12;9922;24;;;9910.0;0.0
av_CORN_d10;18600;INTARIAN_PEPPER_ROOT;10326;17;10324;13;;;10368;21;10370;22;;;10347.0;0.0
av_CORN_d10;18700;ASH_COATED_OSMIUM;9906;18;9903;24;;;9912;16;9916;27;;;9909.0;0.0
av_CORN_d10;18700;INTARIAN_PEPPER_ROOT;10344;16;10341;18;;;10350;22;10353;16;;;10347.0;0.0
av_CORN_d10;18800;ASH_COATED_OSMIUM;9907;5;9903;12;;;9913;8;9917;21;;;9910.0;0.0
av_CORN_d10;18800;INTARIAN_PEPPER_ROOT;10344;16;10340;23;;;10350;8;10352;22;;;10347.0;0.0
av_CORN_d10;18900;ASH_COATED_OSMIUM;9907;12;9904;10;;;9913;18;9916;28;;;9910.0;0.0
av_CORN_d10;18900;INTARIAN_PEPPER_ROOT;10344;21;10341;23;;;10350;10;10353;16;;;10347.0;0.0
av_CORN_d10;19000;ASH_COATED_OSMIUM;9907;18;9905;19;;;9913;15;9916;17;;;9910.0;0.0
av_CORN_d10;19000;INTARIAN_PEPPER_ROOT;10342;6;10339;8;;;10348;8;10350;19;;;10345.0;0.0
av_CORN_d10;19100;ASH_COATED_OSMIUM;9902;11;9900;19;;;9917;12;9921;24;;;9909.5;0.0
av_CORN_d10;19100;INTARIAN_PEPPER_ROOT;10341;13;10337;21;;;10349;12;10353;27;;;10345.0;0.0
av_CORN_d10;19200;ASH_COATED_OSMIUM;9907;18;9905;20;;;9913;12;9916;28;;;9910.0;0.0
av_CORN_d10;19200;INTARIAN_PEPPER_ROOT;10339;15;10336;24;;;10350;12;10354;22;;;10344.5;0.0
av_CORN_d10;19300;ASH_COATED_OSMIUM;9907;5;9903;14;;;9913;13;9917;14;;;9910.0;0.0
av_CORN_d10;19300;INTARIAN_PEPPER_ROOT;10341;6;10337;13;;;10347;11;10351;13;;;10344.0;0.0
av_CORN_d10;19400;ASH_COATED_OSMIUM;9906;8;9903;22;;;9915;20;9919;20;;;9910.5;0.0
av_CORN_d10;19400;INTARIAN_PEPPER_ROOT;10341;15;10338;18;;;10347;13;10350;14;;;10344.0;0.0
av_CORN_d10;19500;ASH_COATED_OSMIUM;9907;21;9905;21;;;9913;13;9916;18;;;9910.0;0.0
av_CORN_d10;19500;INTARIAN_PEPPER_ROOT;10335;12;10333;18;;;10352;16;10354;21;;;10343.5;0.0
av_CORN_d10;19600;ASH_COATED_OSMIUM;9893;12;9890;17;;;9927;16;9929;33;;;9910.0;0.0
av_CORN_d10;19600;INTARIAN_PEPPER_ROOT;10340;9;10338;17;;;10346;9;10349;28;;;10343.0;0.0
av_CORN_d10;19700;ASH_COATED_OSMIUM;9908;14;9904;27;;;9914;15;9917;34;;;9911.0;0.0
av_CORN_d10;19700;INTARIAN_PEPPER_ROOT;10339;15;10335;21;;;10345;13;10348;17;;;10342.0;0.0
av_CORN_d10;19800;ASH_COATED_OSMIUM;9907;22;9905;24;;;9914;21;9916;18;;;9910.5;0.0
av_CORN_d10;19800;INTARIAN_PEPPER_ROOT;10338;21;10334;18;;;10347;9;10351;23;;;10342.5;0.0
av_CORN_d10;19900;ASH_COATED_OSMIUM;9908;8;9905;17;;;9914;24;9917;15;;;9911.0;0.0
av_CORN_d10;19900;INTARIAN_PEPPER_ROOT;10318;13;10315;18;;;10365;20;10367;23;;;10341.5;0.0
av_CORN_d10;20000;ASH_COATED_OSMIUM;9901;11;9899;18;;;9920;16;9922;14;;;9910.5;0.0
av_CORN_d10;20000;INTARIAN_PEPPER_ROOT;10330;7;10327;21;;;10354;14;10356;19;;;10342.0;0.0
av_CORN_d10;20100;ASH_COATED_OSMIUM;9907;15;9904;22;;;9913;22;9915;30;;;9910.0;0.0
av_CORN_d10;20100;INTARIAN_PEPPER_ROOT;10338;16;10334;25;;;10344;14;10348;15;;;10341.0;0.0
av_CORN_d10;20200;ASH_COATED_OSMIUM;9899;14;9895;15;;;9922;25;9926;20;;;9910.5;0.0
av_CORN_d10;20200;INTARIAN_PEPPER_ROOT;10325;17;10321;16;;;10355;12;10358;19;;;10340.0;0.0
av_CORN_d10;20300;ASH_COATED_OSMIUM;9904;11;9900;24;;;9916;14;9918;17;;;9910.0;0.0
av_CORN_d10;20300;INTARIAN_PEPPER_ROOT;10337;20;10334;25;;;10343;18;10347;19;;;10340.0;0.0
av_CORN_d10;20400;ASH_COATED_OSMIUM;9907;8;9905;33;;;9913;6;9917;22;;;9910.0;0.0
av_CORN_d10;20400;INTARIAN_PEPPER_ROOT;10336;11;10334;25;;;10342;17;10346;23;;;10339.0;0.0
av_CORN_d10;20500;ASH_COATED_OSMIUM;9903;10;9901;13;;;9917;18;9921;15;;;9910.0;0.0
av_CORN_d10;20500;INTARIAN_PEPPER_ROOT;10332;15;10330;20;;;10346;6;10350;23;;;10339.0;0.0
av_CORN_d10;20600;ASH_COATED_OSMIUM;9901;13;9897;17;;;9919;21;9923;26;;;9910.0;0.0
av_CORN_d10;20600;INTARIAN_PEPPER_ROOT;10335;20;10332;16;;;10341;18;10345;29;;;10338.0;0.0
av_CORN_d10;20700;ASH_COATED_OSMIUM;9907;15;9904;17;;;9914;12;9916;25;;;9910.5;0.0
av_CORN_d10;20700;INTARIAN_PEPPER_ROOT;10335;18;10331;16;;;10341;15;10343;22;;;10338.0;0.0
av_CORN_d10;20800;ASH_COATED_OSMIUM;9908;11;9904;26;;;9914;18;9917;26;;;9911.0;0.0
av_CORN_d10;20800;INTARIAN_PEPPER_ROOT;10335;6;10331;19;;;10341;14;10344;25;;;10338.0;0.0
av_CORN_d10;20900;ASH_COATED_OSMIUM;9904;14;9901;15;;;9916;19;9918;14;;;9910.0;0.0
av_CORN_d10;20900;INTARIAN_PEPPER_ROOT;10334;14;10332;22;;;10341;15;10344;12;;;10337.5;0.0
av_CORN_d10;21000;ASH_COATED_OSMIUM;9908;14;9904;14;;;9914;10;9916;21;;;9911.0;0.0
av_CORN_d10;21000;INTARIAN_PEPPER_ROOT;10333;12;10329;12;;;10340;8;10342;19;;;10336.5;0.0
av_CORN_d10;21100;ASH_COATED_OSMIUM;9908;14;9904;22;;;9914;5;9918;16;;;9911.0;0.0
av_CORN_d10;21100;INTARIAN_PEPPER_ROOT;10330;13;10328;10;;;10342;20;10346;27;;;10336.0;0.0
av_CORN_d10;21200;ASH_COATED_OSMIUM;9907;17;9903;10;;;9913;9;9915;25;;;9910.0;0.0
av_CORN_d10;21200;INTARIAN_PEPPER_ROOT;10326;9;10322;19;;;10345;20;10347;14;;;10335.5;0.0
av_CORN_d10;21300;ASH_COATED_OSMIUM;9908;16;9905;28;;;9914;11;9916;30;;;9911.0;0.0
av_CORN_d10;21300;INTARIAN_PEPPER_ROOT;10328;10;10326;18;;;10344;19;10346;25;;;10336.0;0.0
av_CORN_d10;21400;ASH_COATED_OSMIUM;9908;11;9905;12;;;9914;9;9918;23;;;9911.0;0.0
av_CORN_d10;21400;INTARIAN_PEPPER_ROOT;10332;15;10328;10;;;10338;14;10341;17;;;10335.0;0.0
av_CORN_d10;21500;ASH_COATED_OSMIUM;9908;13;9904;19;;;9914;14;9917;30;;;9911.0;0.0
av_CORN_d10;21500;INTARIAN_PEPPER_ROOT;10332;11;10328;27;;;10338;21;10341;23;;;10335.0;0.0
av_CORN_d10;21600;ASH_COATED_OSMIUM;9902;14;9900;21;;;9921;15;9925;20;;;9911.5;0.0
av_CORN_d10;21600;INTARIAN_PEPPER_ROOT;10330;16;10328;15;;;10338;16;10340;21;;;10334.0;0.0
av_CORN_d10;21700;ASH_COATED_OSMIUM;9908;13;9905;24;;;9914;12;9917;14;;;9911.0;0.0
av_CORN_d10;21700;INTARIAN_PEPPER_ROOT;10328;21;10324;21;;;10340;5;10343;24;;;10334.0;0.0
av_CORN_d10;21800;ASH_COATED_OSMIUM;9907;15;9903;23;;;9913;14;9917;20;;;9910.0;0.0
av_CORN_d10;21800;INTARIAN_PEPPER_ROOT;10330;10;10328;13;;;10336;14;10340;21;;;10333.0;0.0
av_CORN_d10;21900;ASH_COATED_OSMIUM;9908;9;9906;22;;;9914;14;9918;23;;;9911.0;0.0
av_CORN_d10;21900;INTARIAN_PEPPER_ROOT;10329;21;10326;13;;;10335;7;10339;25;;;10332.0;0.0
av_CORN_d10;22000;ASH_COATED_OSMIUM;9907;15;9905;17;;;9914;20;9918;18;;;9910.5;0.0
av_CORN_d10;22000;INTARIAN_PEPPER_ROOT;10329;11;10327;29;;;10335;18;10338;18;;;10332.0;0.0
av_CORN_d10;22100;ASH_COATED_OSMIUM;9908;20;9904;20;;;9914;16;9916;16;;;9911.0;0.0
av_CORN_d10;22100;INTARIAN_PEPPER_ROOT;10324;14;10322;25;;;10341;5;10345;26;;;10332.5;0.0
av_CORN_d10;22200;ASH_COATED_OSMIUM;9908;9;9905;24;;;9914;19;9916;26;;;9911.0;0.0
av_CORN_d10;22200;INTARIAN_PEPPER_ROOT;10329;23;10326;24;;;10335;9;10338;14;;;10332.0;0.0
av_CORN_d10;22300;ASH_COATED_OSMIUM;9908;21;9906;18;;;9914;5;9917;19;;;9911.0;0.0
av_CORN_d10;22300;INTARIAN_PEPPER_ROOT;10327;20;10325;25;;;10335;10;10337;19;;;10331.0;0.0
av_CORN_d10;22400;ASH_COATED_OSMIUM;9903;11;9901;19;;;9919;13;9923;30;;;9911.0;0.0
av_CORN_d10;22400;INTARIAN_PEPPER_ROOT;10328;24;10325;16;;;10334;11;10336;18;;;10331.0;0.0
av_CORN_d10;22500;ASH_COATED_OSMIUM;9908;11;9905;9;;;9914;17;9918;19;;;9911.0;0.0
av_CORN_d10;22500;INTARIAN_PEPPER_ROOT;10327;10;10323;21;;;10333;23;10335;24;;;10330.0;0.0
av_CORN_d10;22600;ASH_COATED_OSMIUM;9907;22;9905;15;;;9915;13;9917;13;;;9911.0;0.0
av_CORN_d10;22600;INTARIAN_PEPPER_ROOT;10327;10;10324;20;;;10333;17;10336;18;;;10330.0;0.0
av_CORN_d10;22700;ASH_COATED_OSMIUM;9908;13;9906;20;;;9914;18;9917;8;;;9911.0;0.0
av_CORN_d10;22700;INTARIAN_PEPPER_ROOT;10326;15;10323;25;;;10332;13;10335;14;;;10329.0;0.0
av_CORN_d10;22800;ASH_COATED_OSMIUM;9903;16;9901;18;;;9918;16;9922;29;;;9910.5;0.0
av_CORN_d10;22800;INTARIAN_PEPPER_ROOT;10314;8;10310;17;;;10344;23;10347;14;;;10329.0;0.0
av_CORN_d10;22900;ASH_COATED_OSMIUM;9908;14;9906;30;;;9914;18;9917;22;;;9911.0;0.0
av_CORN_d10;22900;INTARIAN_PEPPER_ROOT;10326;14;10324;21;;;10332;16;10336;27;;;10329.0;0.0
av_CORN_d10;23000;ASH_COATED_OSMIUM;9908;7;9905;17;;;9914;11;9917;14;;;9911.0;0.0
av_CORN_d10;23000;INTARIAN_PEPPER_ROOT;10324;8;10320;18;;;10333;16;10337;17;;;10328.5;0.0
av_CORN_d10;23100;ASH_COATED_OSMIUM;9908;11;9905;13;;;9914;10;9916;24;;;9911.0;0.0
av_CORN_d10;23100;INTARIAN_PEPPER_ROOT;10325;8;10321;23;;;10331;11;10334;16;;;10328.0;0.0
av_CORN_d10;23200;ASH_COATED_OSMIUM;9908;19;9905;21;;;9914;16;9917;22;;;9911.0;0.0
av_CORN_d10;23200;INTARIAN_PEPPER_ROOT;10305;13;10301;18;;;10350;22;10354;15;;;10327.5;0.0
av_CORN_d10;23300;ASH_COATED_OSMIUM;9908;17;9904;27;;;9914;14;9918;23;;;9911.0;0.0
av_CORN_d10;23300;INTARIAN_PEPPER_ROOT;10324;12;10322;21;;;10330;11;10333;20;;;10327.0;0.0
av_CORN_d10;23400;ASH_COATED_OSMIUM;9908;8;9905;35;;;9914;19;9917;21;;;9911.0;0.0
av_CORN_d10;23400;INTARIAN_PEPPER_ROOT;10323;19;10321;22;;;10329;19;10333;21;;;10326.0;0.0
av_CORN_d10;23500;ASH_COATED_OSMIUM;9908;11;9906;18;;;9914;12;9917;14;;;9911.0;0.0
av_CORN_d10;23500;INTARIAN_PEPPER_ROOT;10322;14;10318;18;;;10328;18;10331;21;;;10325.0;0.0
av_CORN_d10;23600;ASH_COATED_OSMIUM;9899;10;9896;21;;;9923;16;9927;18;;;9911.0;0.0
av_CORN_d10;23600;INTARIAN_PEPPER_ROOT;10322;20;10318;26;;;10328;7;10331;20;;;10325.0;0.0
av_CORN_d10;23700;ASH_COATED_OSMIUM;9908;10;9906;15;;;9914;13;9916;30;;;9911.0;0.0
av_CORN_d10;23700;INTARIAN_PEPPER_ROOT;10322;17;10318;22;;;10328;10;10332;16;;;10325.0;0.0
av_CORN_d10;23800;ASH_COATED_OSMIUM;9908;15;9906;23;;;9914;18;9916;16;;;9911.0;0.0
av_CORN_d10;23800;INTARIAN_PEPPER_ROOT;10322;21;10319;24;;;10328;14;10331;22;;;10325.0;0.0
av_CORN_d10;23900;ASH_COATED_OSMIUM;9908;20;9905;17;;;9914;19;9918;27;;;9911.0;0.0
av_CORN_d10;23900;INTARIAN_PEPPER_ROOT;10321;13;10317;13;;;10327;16;10331;20;;;10324.0;0.0
av_CORN_d10;24000;ASH_COATED_OSMIUM;9909;13;9907;17;;;9915;17;9919;25;;;9912.0;0.0
av_CORN_d10;24000;INTARIAN_PEPPER_ROOT;10321;21;10317;21;;;10327;12;10329;19;;;10324.0;0.0
av_CORN_d10;24100;ASH_COATED_OSMIUM;9908;18;9906;17;;;9914;6;9916;28;;;9911.0;0.0
av_CORN_d10;24100;INTARIAN_PEPPER_ROOT;10320;18;10317;19;;;10326;17;10330;18;;;10323.0;0.0
av_CORN_d10;24200;ASH_COATED_OSMIUM;9907;17;9905;25;;;9917;17;9920;28;;;9912.0;0.0
av_CORN_d10;24200;INTARIAN_PEPPER_ROOT;10316;10;10314;17;;;10330;15;10334;22;;;10323.0;0.0
av_CORN_d10;24300;ASH_COATED_OSMIUM;9897;25;9894;22;;;9925;18;9928;15;;;9911.0;0.0
av_CORN_d10;24300;INTARIAN_PEPPER_ROOT;10317;13;10314;14;;;10326;15;10329;24;;;10321.5;0.0
av_CORN_d10;24400;ASH_COATED_OSMIUM;9903;12;9899;13;;;9919;13;9923;19;;;9911.0;0.0
av_CORN_d10;24400;INTARIAN_PEPPER_ROOT;10313;18;10311;18;;;10331;13;10335;20;;;10322.0;0.0
av_CORN_d10;24500;ASH_COATED_OSMIUM;9908;5;9904;23;;;9914;12;9916;17;;;9911.0;0.0
av_CORN_d10;24500;INTARIAN_PEPPER_ROOT;10317;15;10315;21;;;10325;9;10327;17;;;10321.0;0.0
av_CORN_d10;24600;ASH_COATED_OSMIUM;9908;23;9904;24;;;9914;15;9916;25;;;9911.0;0.0
av_CORN_d10;24600;INTARIAN_PEPPER_ROOT;10318;16;10314;23;;;10324;8;10328;21;;;10321.0;0.0
av_CORN_d10;24700;ASH_COATED_OSMIUM;9908;22;9904;29;;;9914;10;9918;22;;;9911.0;0.0
av_CORN_d10;24700;INTARIAN_PEPPER_ROOT;10310;10;10307;25;;;10331;8;10334;18;;;10320.5;0.0
av_CORN_d10;24800;ASH_COATED_OSMIUM;9908;23;9905;26;;;9914;22;9917;27;;;9911.0;0.0
av_CORN_d10;24800;INTARIAN_PEPPER_ROOT;10316;17;10314;22;;;10322;12;10324;26;;;10319.0;0.0
av_CORN_d10;24900;ASH_COATED_OSMIUM;9909;16;9906;23;;;9915;18;9917;25;;;9912.0;0.0
av_CORN_d10;24900;INTARIAN_PEPPER_ROOT;10313;12;10311;24;;;10326;14;10328;16;;;10319.5;0.0
av_CORN_d10;25000;ASH_COATED_OSMIUM;9909;25;9906;18;;;9915;5;9918;19;;;9912.0;0.0
av_CORN_d10;25000;INTARIAN_PEPPER_ROOT;10314;13;10310;20;;;10324;15;10327;18;;;10319.0;0.0
av_CORN_d10;25100;ASH_COATED_OSMIUM;9909;12;9906;32;;;9915;13;9917;23;;;9912.0;0.0
av_CORN_d10;25100;INTARIAN_PEPPER_ROOT;10315;19;10313;19;;;10321;11;10324;18;;;10318.0;0.0
av_CORN_d10;25200;ASH_COATED_OSMIUM;9905;21;9903;17;;;9918;25;9921;11;;;9911.5;0.0
av_CORN_d10;25200;INTARIAN_PEPPER_ROOT;10315;15;10313;18;;;10322;5;10324;18;;;10318.5;0.0
av_CORN_d10;25300;ASH_COATED_OSMIUM;9909;15;9907;15;;;9915;15;9919;14;;;9912.0;0.0
av_CORN_d10;25300;INTARIAN_PEPPER_ROOT;10311;16;10308;20;;;10324;10;10326;14;;;10317.5;0.0
av_CORN_d10;25400;ASH_COATED_OSMIUM;9909;5;9907;20;;;9915;18;9919;16;;;9912.0;0.0
av_CORN_d10;25400;INTARIAN_PEPPER_ROOT;10315;19;10311;31;;;10321;13;10324;20;;;10318.0;0.0
av_CORN_d10;25500;ASH_COATED_OSMIUM;9909;21;9906;21;;;9915;16;9917;15;;;9912.0;0.0
av_CORN_d10;25500;INTARIAN_PEPPER_ROOT;10314;17;10312;18;;;10320;9;10324;22;;;10317.0;0.0
av_CORN_d10;25600;ASH_COATED_OSMIUM;9907;6;9903;19;;;9915;12;9917;23;;;9911.0;0.0
av_CORN_d10;25600;INTARIAN_PEPPER_ROOT;10313;17;10311;16;;;10319;15;10321;22;;;10316.0;0.0
av_CORN_d10;25700;ASH_COATED_OSMIUM;9905;10;9903;21;;;9919;14;9923;12;;;9912.0;0.0
av_CORN_d10;25700;INTARIAN_PEPPER_ROOT;10313;6;10309;22;;;10319;10;10321;27;;;10316.0;0.0
av_CORN_d10;25800;ASH_COATED_OSMIUM;9909;15;9906;12;;;9915;7;9919;24;;;9912.0;0.0
av_CORN_d10;25800;INTARIAN_PEPPER_ROOT;10303;17;10299;27;;;10328;16;10332;20;;;10315.5;0.0
av_CORN_d10;25900;ASH_COATED_OSMIUM;9909;16;9905;13;;;9915;15;9917;16;;;9912.0;0.0
av_CORN_d10;25900;INTARIAN_PEPPER_ROOT;10312;14;10309;29;;;10318;12;10322;24;;;10315.0;0.0
av_CORN_d10;26000;ASH_COATED_OSMIUM;9909;13;9905;28;;;9915;13;9918;24;;;9912.0;0.0
av_CORN_d10;26000;INTARIAN_PEPPER_ROOT;10312;10;10309;19;;;10318;13;10321;15;;;10315.0;0.0
av_CORN_d10;26100;ASH_COATED_OSMIUM;9909;17;9907;26;;;9915;17;9918;21;;;9912.0;0.0
av_CORN_d10;26100;INTARIAN_PEPPER_ROOT;10311;17;10307;24;;;10317;19;10321;21;;;10314.0;0.0
av_CORN_d10;26200;ASH_COATED_OSMIUM;9908;19;9905;16;;;9917;17;9919;17;;;9912.5;0.0
av_CORN_d10;26200;INTARIAN_PEPPER_ROOT;10310;22;10307;22;;;10317;9;10319;12;;;10313.5;0.0
av_CORN_d10;26300;ASH_COATED_OSMIUM;9884;17;9880;17;;;9939;22;9943;28;;;9911.5;0.0
av_CORN_d10;26300;INTARIAN_PEPPER_ROOT;10304;21;10302;17;;;10323;16;10327;19;;;10313.5;0.0
av_CORN_d10;26400;ASH_COATED_OSMIUM;9906;10;9904;18;;;9917;12;9920;17;;;9911.5;0.0
av_CORN_d10;26400;INTARIAN_PEPPER_ROOT;10310;18;10306;24;;;10316;13;10320;13;;;10313.0;0.0
av_CORN_d10;26500;ASH_COATED_OSMIUM;9903;21;9900;26;;;9921;7;9925;8;;;9912.0;0.0
av_CORN_d10;26500;INTARIAN_PEPPER_ROOT;10310;18;10306;22;;;10316;12;10320;24;;;10313.0;0.0
av_CORN_d10;26600;ASH_COATED_OSMIUM;9909;15;9905;25;;;9915;11;9918;17;;;9912.0;0.0
av_CORN_d10;26600;INTARIAN_PEPPER_ROOT;10309;18;10305;22;;;10315;25;10317;19;;;10312.0;0.0
av_CORN_d10;26700;ASH_COATED_OSMIUM;9909;5;9907;19;;;9915;9;9917;17;;;9912.0;0.0
av_CORN_d10;26700;INTARIAN_PEPPER_ROOT;10308;15;10304;28;;;10316;22;10320;23;;;10312.0;0.0
av_CORN_d10;26800;ASH_COATED_OSMIUM;9908;21;9904;25;;;9915;15;9919;13;;;9911.5;0.0
av_CORN_d10;26800;INTARIAN_PEPPER_ROOT;10308;24;10304;12;;;10314;13;10316;12;;;10311.0;0.0
av_CORN_d10;26900;ASH_COATED_OSMIUM;9908;12;9904;14;;;9916;12;9920;21;;;9912.0;0.0
av_CORN_d10;26900;INTARIAN_PEPPER_ROOT;10308;10;10305;13;;;10314;21;10316;20;;;10311.0;0.0
av_CORN_d10;27000;ASH_COATED_OSMIUM;9898;12;9896;16;;;9926;15;9930;15;;;9912.0;0.0
av_CORN_d10;27000;INTARIAN_PEPPER_ROOT;10305;15;10301;17;;;10315;14;10318;29;;;10310.0;0.0
av_CORN_d10;27100;ASH_COATED_OSMIUM;9909;19;9905;12;;;9915;22;9919;24;;;9912.0;0.0
av_CORN_d10;27100;INTARIAN_PEPPER_ROOT;10305;16;10302;17;;;10314;19;10318;16;;;10309.5;0.0
av_CORN_d10;27200;ASH_COATED_OSMIUM;9904;16;9902;17;;;9920;18;9924;15;;;9912.0;0.0
av_CORN_d10;27200;INTARIAN_PEPPER_ROOT;10306;20;10302;24;;;10313;12;10315;26;;;10309.5;0.0
av_CORN_d10;27300;ASH_COATED_OSMIUM;9908;19;9906;22;;;9917;11;9921;17;;;9912.5;0.0
av_CORN_d10;27300;INTARIAN_PEPPER_ROOT;10306;17;10303;12;;;10312;8;10315;17;;;10309.0;0.0
av_CORN_d10;27400;ASH_COATED_OSMIUM;9909;5;9905;25;;;9915;11;9918;26;;;9912.0;0.0
av_CORN_d10;27400;INTARIAN_PEPPER_ROOT;10306;15;10304;14;;;10312;16;10314;21;;;10309.0;0.0
av_CORN_d10;27500;ASH_COATED_OSMIUM;9894;17;9890;16;;;9931;8;9933;19;;;9912.5;0.0
av_CORN_d10;27500;INTARIAN_PEPPER_ROOT;10305;12;10302;24;;;10311;10;10313;17;;;10308.0;0.0
av_CORN_d10;27600;ASH_COATED_OSMIUM;9909;14;9906;23;;;9915;12;9919;20;;;9912.0;0.0
av_CORN_d10;27600;INTARIAN_PEPPER_ROOT;10305;5;10303;23;;;10311;12;10313;13;;;10308.0;0.0
av_CORN_d10;27700;ASH_COATED_OSMIUM;9906;20;9904;10;;;9919;17;9921;17;;;9912.5;0.0
av_CORN_d10;27700;INTARIAN_PEPPER_ROOT;10292;16;10289;21;;;10321;9;10325;13;;;10306.5;0.0
av_CORN_d10;27800;ASH_COATED_OSMIUM;9910;18;9908;24;;;9916;13;9919;25;;;9913.0;0.0
av_CORN_d10;27800;INTARIAN_PEPPER_ROOT;10299;10;10297;18;;;10315;16;10317;21;;;10307.0;0.0
av_CORN_d10;27900;ASH_COATED_OSMIUM;9907;8;9903;17;;;9916;20;9919;14;;;9911.5;0.0
av_CORN_d10;27900;INTARIAN_PEPPER_ROOT;10303;16;10300;23;;;10309;14;10312;16;;;10306.0;0.0
av_CORN_d10;28000;ASH_COATED_OSMIUM;9908;14;9905;28;;;9917;5;9920;21;;;9912.5;0.0
av_CORN_d10;28000;INTARIAN_PEPPER_ROOT;10304;18;10302;15;;;10310;8;10313;20;;;10307.0;0.0
av_CORN_d10;28100;ASH_COATED_OSMIUM;9909;19;9907;21;;;9915;12;9917;23;;;9912.0;0.0
av_CORN_d10;28100;INTARIAN_PEPPER_ROOT;10303;12;10301;24;;;10309;16;10312;16;;;10306.0;0.0
av_CORN_d10;28200;ASH_COATED_OSMIUM;9894;14;9890;13;;;9930;14;9933;25;;;9912.0;0.0
av_CORN_d10;28200;INTARIAN_PEPPER_ROOT;10300;19;10298;15;;;10310;16;10313;24;;;10305.0;0.0
av_CORN_d10;28300;ASH_COATED_OSMIUM;9910;25;9908;22;;;9916;16;9918;14;;;9913.0;0.0
av_CORN_d10;28300;INTARIAN_PEPPER_ROOT;10292;11;10289;20;;;10318;10;10322;8;;;10305.0;0.0
av_CORN_d10;28400;ASH_COATED_OSMIUM;9909;13;9906;12;;;9915;5;9917;19;;;9912.0;0.0
av_CORN_d10;28400;INTARIAN_PEPPER_ROOT;10300;17;10296;21;;;10308;14;10311;26;;;10304.0;0.0
av_CORN_d10;28500;ASH_COATED_OSMIUM;9909;11;9906;16;;;9915;15;9919;16;;;9912.0;0.0
av_CORN_d10;28500;INTARIAN_PEPPER_ROOT;10299;16;10296;16;;;10308;13;10310;22;;;10303.5;0.0
av_CORN_d10;28600;ASH_COATED_OSMIUM;9909;8;9907;18;;;9915;14;9919;11;;;9912.0;0.0
av_CORN_d10;28600;INTARIAN_PEPPER_ROOT;10301;7;10299;17;;;10307;20;10311;23;;;10304.0;0.0
av_CORN_d10;28700;ASH_COATED_OSMIUM;9908;18;9905;15;;;9917;15;9919;11;;;9912.5;0.0
av_CORN_d10;28700;INTARIAN_PEPPER_ROOT;10300;17;10296;27;;;10306;17;10309;22;;;10303.0;0.0
av_CORN_d10;28800;ASH_COATED_OSMIUM;9910;6;9908;22;;;9916;18;9920;16;;;9913.0;0.0
av_CORN_d10;28800;INTARIAN_PEPPER_ROOT;10299;10;10296;21;;;10305;13;10308;20;;;10302.0;0.0
av_CORN_d10;28900;ASH_COATED_OSMIUM;9902;15;9898;22;;;9922;10;9925;21;;;9912.0;0.0
av_CORN_d10;28900;INTARIAN_PEPPER_ROOT;10298;11;10294;17;;;10307;16;10311;17;;;10302.5;0.0
av_CORN_d10;29000;ASH_COATED_OSMIUM;9910;12;9907;17;;;9916;13;9920;19;;;9913.0;0.0
av_CORN_d10;29000;INTARIAN_PEPPER_ROOT;10296;13;10292;19;;;10307;18;10311;16;;;10301.5;0.0
av_CORN_d10;29100;ASH_COATED_OSMIUM;9910;23;9906;20;;;9916;10;9919;15;;;9913.0;0.0
av_CORN_d10;29100;INTARIAN_PEPPER_ROOT;10292;12;10289;18;;;10311;12;10314;23;;;10301.5;0.0
av_CORN_d10;29200;ASH_COATED_OSMIUM;9909;16;9906;18;;;9916;15;9920;16;;;9912.5;0.0
av_CORN_d10;29200;INTARIAN_PEPPER_ROOT;10292;5;10289;17;;;10310;14;10313;10;;;10301.0;0.0
av_CORN_d10;29300;ASH_COATED_OSMIUM;9910;18;9907;22;;;9916;16;9918;30;;;9913.0;0.0
av_CORN_d10;29300;INTARIAN_PEPPER_ROOT;10293;17;10291;13;;;10308;20;10310;11;;;10300.5;0.0
av_CORN_d10;29400;ASH_COATED_OSMIUM;9910;11;9906;12;;;9916;12;9918;12;;;9913.0;0.0
av_CORN_d10;29400;INTARIAN_PEPPER_ROOT;10297;15;10293;19;;;10303;9;10306;24;;;10300.0;0.0
av_CORN_d10;29500;ASH_COATED_OSMIUM;9910;21;9907;18;;;9916;14;9920;28;;;9913.0;0.0
av_CORN_d10;29500;INTARIAN_PEPPER_ROOT;10296;10;10294;18;;;10302;20;10304;18;;;10299.0;0.0
av_CORN_d10;29600;ASH_COATED_OSMIUM;9909;14;9905;16;;;9915;21;9918;17;;;9912.0;0.0
av_CORN_d10;29600;INTARIAN_PEPPER_ROOT;10296;12;10293;21;;;10302;14;10305;22;;;10299.0;0.0
av_CORN_d10;29700;ASH_COATED_OSMIUM;9910;15;9906;24;;;9916;21;9920;21;;;9913.0;0.0
av_CORN_d10;29700;INTARIAN_PEPPER_ROOT;10295;7;10292;21;;;10301;8;10304;23;;;10298.0;0.0
av_CORN_d10;29800;ASH_COATED_OSMIUM;9910;6;9908;18;;;9917;18;9919;18;;;9913.5;0.0
av_CORN_d10;29800;INTARIAN_PEPPER_ROOT;10295;13;10291;22;;;10301;13;10305;21;;;10298.0;0.0
av_CORN_d10;29900;ASH_COATED_OSMIUM;9902;20;9900;12;;;9922;15;9924;22;;;9912.0;0.0
av_CORN_d10;29900;INTARIAN_PEPPER_ROOT;10289;13;10285;17;;;10308;12;10312;18;;;10298.5;0.0
av_CORN_d10;30000;ASH_COATED_OSMIUM;9904;12;9900;24;;;9920;12;9922;31;;;9912.0;0.0
av_CORN_d10;30000;INTARIAN_PEPPER_ROOT;10294;25;10292;16;;;10300;14;10302;21;;;10297.0;0.0
av_CORN_d10;30100;ASH_COATED_OSMIUM;9904;15;9902;21;;;9922;13;9924;18;;;9913.0;0.0
av_CORN_d10;30100;INTARIAN_PEPPER_ROOT;10294;11;10292;22;;;10300;15;10304;11;;;10297.0;0.0
av_CORN_d10;30200;ASH_COATED_OSMIUM;9910;7;9908;18;;;9916;18;9920;17;;;9913.0;0.0
av_CORN_d10;30200;INTARIAN_PEPPER_ROOT;10293;17;10290;21;;;10299;17;10302;8;;;10296.0;0.0
av_CORN_d10;30300;ASH_COATED_OSMIUM;9907;20;9904;17;;;9920;14;9923;16;;;9913.5;0.0
av_CORN_d10;30300;INTARIAN_PEPPER_ROOT;10278;10;10275;21;;;10314;14;10316;24;;;10296.0;0.0
av_CORN_d10;30400;ASH_COATED_OSMIUM;9910;6;9908;23;;;9916;19;9920;8;;;9913.0;0.0
av_CORN_d10;30400;INTARIAN_PEPPER_ROOT;10292;15;10290;18;;;10298;10;10301;27;;;10295.0;0.0
av_CORN_d10;30500;ASH_COATED_OSMIUM;9910;14;9907;13;;;9916;17;9920;21;;;9913.0;0.0
av_CORN_d10;30500;INTARIAN_PEPPER_ROOT;10290;18;10286;22;;;10299;15;10303;15;;;10294.5;0.0
av_CORN_d10;30600;ASH_COATED_OSMIUM;9910;21;9908;20;;;9916;6;9920;16;;;9913.0;0.0
av_CORN_d10;30600;INTARIAN_PEPPER_ROOT;10291;18;10287;19;;;10298;19;10302;24;;;10294.5;0.0
av_CORN_d10;30700;ASH_COATED_OSMIUM;9910;10;9906;20;;;9916;9;9919;19;;;9913.0;0.0
av_CORN_d10;30700;INTARIAN_PEPPER_ROOT;10288;19;10284;17;;;10301;8;10303;16;;;10294.5;0.0
av_CORN_d10;30800;ASH_COATED_OSMIUM;9905;23;9901;17;;;9919;12;9921;25;;;9912.0;0.0
av_CORN_d10;30800;INTARIAN_PEPPER_ROOT;10289;22;10285;23;;;10299;5;10301;18;;;10294.0;0.0
av_CORN_d10;30900;ASH_COATED_OSMIUM;9910;19;9906;20;;;9916;8;9918;20;;;9913.0;0.0
av_CORN_d10;30900;INTARIAN_PEPPER_ROOT;10290;27;10288;20;;;10296;17;10300;15;;;10293.0;0.0
av_CORN_d10;31000;ASH_COATED_OSMIUM;9910;5;9906;17;;;9916;28;9918;14;;;9913.0;0.0
av_CORN_d10;31000;INTARIAN_PEPPER_ROOT;10290;14;10286;25;;;10296;16;10300;20;;;10293.0;0.0
av_CORN_d10;31100;ASH_COATED_OSMIUM;9899;6;9895;19;;;9928;13;9930;15;;;9913.5;0.0
av_CORN_d10;31100;INTARIAN_PEPPER_ROOT;10284;16;10280;22;;;10299;15;10301;21;;;10291.5;0.0
av_CORN_d10;31200;ASH_COATED_OSMIUM;9910;22;9907;22;;;9916;10;9918;22;;;9913.0;0.0
av_CORN_d10;31200;INTARIAN_PEPPER_ROOT;10288;5;10284;19;;;10295;18;10299;24;;;10291.5;0.0
av_CORN_d10;31300;ASH_COATED_OSMIUM;9910;12;9906;14;;;9916;16;9918;16;;;9913.0;0.0
av_CORN_d10;31300;INTARIAN_PEPPER_ROOT;10283;18;10280;18;;;10300;19;10303;18;;;10291.5;0.0
av_CORN_d10;31400;ASH_COATED_OSMIUM;9911;12;9909;26;;;9917;22;9920;17;;;9914.0;0.0
av_CORN_d10;31400;INTARIAN_PEPPER_ROOT;10288;14;10286;22;;;10294;9;10296;14;;;10291.0;0.0
av_CORN_d10;31500;ASH_COATED_OSMIUM;9910;11;9907;18;;;9916;11;9918;22;;;9913.0;0.0
av_CORN_d10;31500;INTARIAN_PEPPER_ROOT;10288;5;10286;14;;;10294;17;10298;21;;;10291.0;0.0
av_CORN_d10;31600;ASH_COATED_OSMIUM;9911;18;9907;22;;;9917;16;9920;8;;;9914.0;0.0
av_CORN_d10;31600;INTARIAN_PEPPER_ROOT;10287;20;10284;20;;;10293;13;10296;29;;;10290.0;0.0
av_CORN_d10;31700;ASH_COATED_OSMIUM;9910;11;9908;16;;;9916;19;9920;22;;;9913.0;0.0
av_CORN_d10;31700;INTARIAN_PEPPER_ROOT;10287;8;10283;20;;;10293;5;10297;16;;;10290.0;0.0
av_CORN_d10;31800;ASH_COATED_OSMIUM;9911;13;9908;23;;;9917;9;9919;22;;;9914.0;0.0
av_CORN_d10;31800;INTARIAN_PEPPER_ROOT;10286;5;10283;30;;;10292;19;10296;23;;;10289.0;0.0
av_CORN_d10;31900;ASH_COATED_OSMIUM;9909;17;9905;17;;;9917;10;9919;21;;;9913.0;0.0
av_CORN_d10;31900;INTARIAN_PEPPER_ROOT;10286;13;10282;21;;;10292;13;10294;25;;;10289.0;0.0
av_CORN_d10;32000;ASH_COATED_OSMIUM;9910;11;9908;22;;;9916;16;9919;19;;;9913.0;0.0
av_CORN_d10;32000;INTARIAN_PEPPER_ROOT;10285;12;10282;28;;;10291;9;10293;18;;;10288.0;0.0
av_CORN_d10;32100;ASH_COATED_OSMIUM;9910;22;9906;24;;;9918;6;9920;27;;;9914.0;0.0
av_CORN_d10;32100;INTARIAN_PEPPER_ROOT;10281;12;10278;26;;;10293;11;10295;10;;;10287.0;0.0
av_CORN_d10;32200;ASH_COATED_OSMIUM;9910;23;9906;16;;;9916;11;9918;25;;;9913.0;0.0
av_CORN_d10;32200;INTARIAN_PEPPER_ROOT;10285;7;10282;24;;;10291;16;10294;22;;;10288.0;0.0
av_CORN_d10;32300;ASH_COATED_OSMIUM;9911;12;9907;23;;;9917;16;9920;18;;;9914.0;0.0
av_CORN_d10;32300;INTARIAN_PEPPER_ROOT;10284;14;10281;10;;;10290;14;10294;21;;;10287.0;0.0
av_CORN_d10;32400;ASH_COATED_OSMIUM;9911;17;9908;17;;;9917;5;9920;17;;;9914.0;0.0
av_CORN_d10;32400;INTARIAN_PEPPER_ROOT;10280;16;10277;20;;;10293;12;10297;22;;;10286.5;0.0
av_CORN_d10;32500;ASH_COATED_OSMIUM;9910;8;9906;18;;;9916;11;9918;10;;;9913.0;0.0
av_CORN_d10;32500;INTARIAN_PEPPER_ROOT;10283;19;10280;19;;;10289;13;10291;15;;;10286.0;0.0
av_CORN_d10;32600;ASH_COATED_OSMIUM;9911;11;9907;24;;;9917;18;9920;27;;;9914.0;0.0
av_CORN_d10;32600;INTARIAN_PEPPER_ROOT;10283;16;10279;14;;;10289;15;10291;16;;;10286.0;0.0
av_CORN_d10;32700;ASH_COATED_OSMIUM;9910;15;9907;12;;;9916;18;9920;23;;;9913.0;0.0
av_CORN_d10;32700;INTARIAN_PEPPER_ROOT;10282;21;10280;21;;;10288;6;10292;23;;;10285.0;0.0
av_CORN_d10;32800;ASH_COATED_OSMIUM;9910;15;9906;12;;;9917;14;9920;15;;;9913.5;0.0
av_CORN_d10;32800;INTARIAN_PEPPER_ROOT;10281;7;10279;34;;;10288;9;10290;24;;;10284.5;0.0
av_CORN_d10;32900;ASH_COATED_OSMIUM;9911;5;9908;11;;;9917;11;9919;11;;;9914.0;0.0
av_CORN_d10;32900;INTARIAN_PEPPER_ROOT;10276;18;10274;19;;;10292;6;10294;19;;;10284.0;0.0
av_CORN_d10;33000;ASH_COATED_OSMIUM;9907;15;9904;15;;;9922;18;9925;24;;;9914.5;0.0
av_CORN_d10;33000;INTARIAN_PEPPER_ROOT;10272;8;10268;27;;;10297;25;10300;23;;;10284.5;0.0
av_CORN_d10;33100;ASH_COATED_OSMIUM;9911;14;9908;15;;;9917;5;9919;17;;;9914.0;0.0
av_CORN_d10;33100;INTARIAN_PEPPER_ROOT;10281;17;10279;14;;;10287;8;10291;19;;;10284.0;0.0
av_CORN_d10;33200;ASH_COATED_OSMIUM;9910;14;9907;28;;;9917;10;9921;14;;;9913.5;0.0
av_CORN_d10;33200;INTARIAN_PEPPER_ROOT;10279;9;10277;18;;;10286;8;10289;22;;;10282.5;0.0
av_CORN_d10;33300;ASH_COATED_OSMIUM;9910;21;9907;25;;;9916;19;9920;14;;;9913.0;0.0
av_CORN_d10;33300;INTARIAN_PEPPER_ROOT;10279;17;10277;13;;;10285;8;10287;21;;;10282.0;0.0
av_CORN_d10;33400;ASH_COATED_OSMIUM;9911;14;9909;19;;;9917;7;9919;23;;;9914.0;0.0
av_CORN_d10;33400;INTARIAN_PEPPER_ROOT;10272;9;10270;26;;;10292;20;10296;15;;;10282.0;0.0
av_CORN_d10;33500;ASH_COATED_OSMIUM;9902;15;9899;10;;;9924;11;9927;25;;;9913.0;0.0
av_CORN_d10;33500;INTARIAN_PEPPER_ROOT;10279;20;10276;20;;;10285;15;10287;19;;;10282.0;0.0
av_CORN_d10;33600;ASH_COATED_OSMIUM;9906;7;9903;28;;;9921;12;9925;14;;;9913.5;0.0
av_CORN_d10;33600;INTARIAN_PEPPER_ROOT;10277;20;10274;24;;;10287;8;10291;17;;;10282.0;0.0
av_CORN_d10;33700;ASH_COATED_OSMIUM;9908;11;9905;10;;;9919;13;9921;22;;;9913.5;0.0
av_CORN_d10;33700;INTARIAN_PEPPER_ROOT;10278;11;10274;17;;;10284;16;10286;20;;;10281.0;0.0
av_CORN_d10;33800;ASH_COATED_OSMIUM;9910;10;9908;14;;;9916;9;9918;13;;;9913.0;0.0
av_CORN_d10;33800;INTARIAN_PEPPER_ROOT;10278;8;10275;15;;;10284;18;10287;22;;;10281.0;0.0
av_CORN_d10;33900;ASH_COATED_OSMIUM;9908;9;9904;26;;;9921;11;9925;26;;;9914.5;0.0
av_CORN_d10;33900;INTARIAN_PEPPER_ROOT;10277;13;10273;14;;;10283;12;10285;13;;;10280.0;0.0
av_CORN_d10;34000;ASH_COATED_OSMIUM;9911;17;9908;19;;;9917;12;9919;18;;;9914.0;0.0
av_CORN_d10;34000;INTARIAN_PEPPER_ROOT;10268;17;10264;27;;;10292;9;10296;17;;;10280.0;0.0
av_CORN_d10;34100;ASH_COATED_OSMIUM;9911;11;9909;14;;;9917;15;9921;18;;;9914.0;0.0
av_CORN_d10;34100;INTARIAN_PEPPER_ROOT;10277;24;10273;10;;;10283;24;10285;19;;;10280.0;0.0
av_CORN_d10;34200;ASH_COATED_OSMIUM;9909;17;9905;14;;;9919;9;9922;19;;;9914.0;0.0
av_CORN_d10;34200;INTARIAN_PEPPER_ROOT;10273;20;10269;15;;;10285;17;10288;13;;;10279.0;0.0
av_CORN_d10;34300;ASH_COATED_OSMIUM;9898;11;9896;20;;;9930;5;9932;20;;;9914.0;0.0
av_CORN_d10;34300;INTARIAN_PEPPER_ROOT;10276;17;10274;18;;;10282;12;10284;15;;;10279.0;0.0
av_CORN_d10;34400;ASH_COATED_OSMIUM;9909;14;9906;25;;;9919;19;9923;21;;;9914.0;0.0
av_CORN_d10;34400;INTARIAN_PEPPER_ROOT;10276;11;10273;19;;;10282;22;10285;19;;;10279.0;0.0
av_CORN_d10;34500;ASH_COATED_OSMIUM;9911;12;9908;22;;;9917;24;9919;22;;;9914.0;0.0
av_CORN_d10;34500;INTARIAN_PEPPER_ROOT;10274;9;10272;26;;;10283;22;10285;28;;;10278.5;0.0
av_CORN_d10;34600;ASH_COATED_OSMIUM;9911;13;9907;19;;;9917;21;9920;17;;;9914.0;0.0
av_CORN_d10;34600;INTARIAN_PEPPER_ROOT;10266;15;10263;20;;;10291;10;10295;26;;;10278.5;0.0
av_CORN_d10;34700;ASH_COATED_OSMIUM;9909;21;9907;19;;;9918;17;9921;30;;;9913.5;0.0
av_CORN_d10;34700;INTARIAN_PEPPER_ROOT;10274;24;10271;25;;;10281;14;10285;26;;;10277.5;0.0
av_CORN_d10;34800;ASH_COATED_OSMIUM;9911;17;9907;27;;;9917;18;9921;25;;;9914.0;0.0
av_CORN_d10;34800;INTARIAN_PEPPER_ROOT;10274;15;10270;21;;;10282;18;10285;22;;;10278.0;0.0
av_CORN_d10;34900;ASH_COATED_OSMIUM;9900;10;9897;19;;;9926;15;9929;23;;;9913.0;0.0
av_CORN_d10;34900;INTARIAN_PEPPER_ROOT;10269;18;10266;23;;;10285;13;10288;23;;;10277.0;0.0
av_CORN_d10;35000;ASH_COATED_OSMIUM;9910;15;9906;16;;;9916;16;9920;21;;;9913.0;0.0
av_CORN_d10;35000;INTARIAN_PEPPER_ROOT;10273;22;10269;20;;;10282;21;10286;18;;;10277.5;0.0
av_CORN_d10;35100;ASH_COATED_OSMIUM;9910;14;9908;10;;;9917;12;9921;21;;;9913.5;0.0
av_CORN_d10;35100;INTARIAN_PEPPER_ROOT;10274;24;10272;21;;;10280;21;10283;16;;;10277.0;0.0
av_CORN_d10;35200;ASH_COATED_OSMIUM;9911;10;9907;8;;;9917;9;9920;23;;;9914.0;0.0
av_CORN_d10;35200;INTARIAN_PEPPER_ROOT;10274;14;10271;28;;;10280;10;10283;18;;;10277.0;0.0
av_CORN_d10;35300;ASH_COATED_OSMIUM;9904;7;9900;21;;;9924;28;9928;19;;;9914.0;0.0
av_CORN_d10;35300;INTARIAN_PEPPER_ROOT;10273;17;10271;20;;;10279;21;10282;19;;;10276.0;0.0
av_CORN_d10;35400;ASH_COATED_OSMIUM;9906;16;9904;14;;;9922;11;9926;16;;;9914.0;0.0
av_CORN_d10;35400;INTARIAN_PEPPER_ROOT;10273;19;10271;8;;;10279;5;10282;14;;;10276.0;0.0
av_CORN_d10;35500;ASH_COATED_OSMIUM;9908;21;9905;19;;;9919;16;9923;19;;;9913.5;0.0
av_CORN_d10;35500;INTARIAN_PEPPER_ROOT;10272;25;10270;22;;;10278;13;10280;26;;;10275.0;0.0
av_CORN_d10;35600;ASH_COATED_OSMIUM;9903;23;9900;24;;;9923;15;9925;23;;;9913.0;0.0
av_CORN_d10;35600;INTARIAN_PEPPER_ROOT;10272;16;10270;19;;;10278;16;10280;24;;;10275.0;0.0
av_CORN_d10;35700;ASH_COATED_OSMIUM;9910;19;9907;16;;;9916;14;9918;8;;;9913.0;0.0
av_CORN_d10;35700;INTARIAN_PEPPER_ROOT;10270;21;10267;15;;;10280;11;10282;19;;;10275.0;0.0
av_CORN_d10;35800;ASH_COATED_OSMIUM;9910;11;9908;29;;;9916;5;9920;18;;;9913.0;0.0
av_CORN_d10;35800;INTARIAN_PEPPER_ROOT;10272;13;10268;27;;;10278;18;10281;14;;;10275.0;0.0
av_CORN_d10;35900;ASH_COATED_OSMIUM;9910;9;9908;17;;;9916;10;9918;21;;;9913.0;0.0
av_CORN_d10;35900;INTARIAN_PEPPER_ROOT;10264;17;10260;18;;;10284;8;10287;25;;;10274.0;0.0
av_CORN_d10;36000;ASH_COATED_OSMIUM;9910;13;9906;20;;;9916;15;9918;30;;;9913.0;0.0
av_CORN_d10;36000;INTARIAN_PEPPER_ROOT;10271;13;10267;30;;;10278;23;10282;13;;;10274.5;0.0
av_CORN_d10;36100;ASH_COATED_OSMIUM;9910;18;9908;16;;;9916;7;9919;19;;;9913.0;0.0
av_CORN_d10;36100;INTARIAN_PEPPER_ROOT;10271;9;10268;15;;;10277;7;10280;23;;;10274.0;0.0
av_CORN_d10;36200;ASH_COATED_OSMIUM;9910;23;9906;11;;;9916;15;9920;26;;;9913.0;0.0
av_CORN_d10;36200;INTARIAN_PEPPER_ROOT;10271;12;10269;17;;;10277;22;10279;19;;;10274.0;0.0
av_CORN_d10;36300;ASH_COATED_OSMIUM;9910;5;9908;21;;;9916;9;9918;32;;;9913.0;0.0
av_CORN_d10;36300;INTARIAN_PEPPER_ROOT;10269;16;10265;23;;;10277;19;10279;23;;;10273.0;0.0
av_CORN_d10;36400;ASH_COATED_OSMIUM;9910;20;9906;15;;;9916;20;9918;21;;;9913.0;0.0
av_CORN_d10;36400;INTARIAN_PEPPER_ROOT;10267;6;10265;24;;;10280;13;10283;21;;;10273.5;0.0
av_CORN_d10;36500;ASH_COATED_OSMIUM;9905;13;9902;19;;;9922;19;9924;14;;;9913.5;0.0
av_CORN_d10;36500;INTARIAN_PEPPER_ROOT;10270;18;10266;18;;;10276;19;10280;17;;;10273.0;0.0
av_CORN_d10;36600;ASH_COATED_OSMIUM;9910;13;9906;25;;;9916;12;9920;19;;;9913.0;0.0
av_CORN_d10;36600;INTARIAN_PEPPER_ROOT;10261;8;10257;19;;;10285;19;10289;16;;;10273.0;0.0
av_CORN_d10;36700;ASH_COATED_OSMIUM;9911;15;9909;24;;;9917;11;9920;20;;;9914.0;0.0
av_CORN_d10;36700;INTARIAN_PEPPER_ROOT;10266;17;10262;18;;;10278;14;10280;8;;;10272.0;0.0
av_CORN_d10;36800;ASH_COATED_OSMIUM;9908;18;9904;14;;;9918;11;9922;13;;;9913.0;0.0
av_CORN_d10;36800;INTARIAN_PEPPER_ROOT;10270;17;10267;20;;;10276;20;10278;19;;;10273.0;0.0
av_CORN_d10;36900;ASH_COATED_OSMIUM;9909;19;9905;9;;;9917;6;9921;13;;;9913.0;0.0
av_CORN_d10;36900;INTARIAN_PEPPER_ROOT;10265;18;10262;24;;;10277;22;10280;17;;;10271.0;0.0
av_CORN_d10;37000;ASH_COATED_OSMIUM;9910;9;9907;23;;;9918;8;9920;28;;;9914.0;0.0
av_CORN_d10;37000;INTARIAN_PEPPER_ROOT;10266;19;10262;26;;;10276;14;10280;9;;;10271.0;0.0
av_CORN_d10;37100;ASH_COATED_OSMIUM;9900;17;9896;13;;;9925;12;9928;14;;;9912.5;0.0
av_CORN_d10;37100;INTARIAN_PEPPER_ROOT;10268;16;10266;8;;;10275;22;10279;19;;;10271.5;0.0
av_CORN_d10;37200;ASH_COATED_OSMIUM;9911;21;9908;21;;;9917;5;9921;20;;;9914.0;0.0
av_CORN_d10;37200;INTARIAN_PEPPER_ROOT;10268;17;10264;17;;;10274;13;10277;22;;;10271.0;0.0
av_CORN_d10;37300;ASH_COATED_OSMIUM;9909;9;9905;26;;;9915;21;9917;28;;;9912.0;0.0
av_CORN_d10;37300;INTARIAN_PEPPER_ROOT;10268;13;10264;17;;;10274;14;10276;25;;;10271.0;0.0
av_CORN_d10;37400;ASH_COATED_OSMIUM;9910;18;9906;31;;;9916;22;9920;19;;;9913.0;0.0
av_CORN_d10;37400;INTARIAN_PEPPER_ROOT;10268;17;10266;22;;;10274;9;10278;14;;;10271.0;0.0
av_CORN_d10;37500;ASH_COATED_OSMIUM;9908;7;9905;19;;;9917;5;9919;24;;;9912.5;0.0
av_CORN_d10;37500;INTARIAN_PEPPER_ROOT;10267;22;10263;25;;;10274;16;10278;18;;;10270.5;0.0
av_CORN_d10;37600;ASH_COATED_OSMIUM;9910;11;9907;14;;;9916;11;9920;24;;;9913.0;0.0
av_CORN_d10;37600;INTARIAN_PEPPER_ROOT;10267;18;10264;23;;;10273;23;10275;19;;;10270.0;0.0
av_CORN_d10;37700;ASH_COATED_OSMIUM;9910;13;9908;13;;;9916;17;9918;26;;;9913.0;0.0
av_CORN_d10;37700;INTARIAN_PEPPER_ROOT;10263;8;10260;18;;;10277;16;10281;16;;;10270.0;0.0
av_CORN_d10;37800;ASH_COATED_OSMIUM;9902;19;9900;19;;;9925;10;9928;30;;;9913.5;0.0
av_CORN_d10;37800;INTARIAN_PEPPER_ROOT;10267;14;10264;16;;;10273;15;10275;17;;;10270.0;0.0
av_CORN_d10;37900;ASH_COATED_OSMIUM;9910;20;9906;24;;;9916;12;9920;31;;;9913.0;0.0
av_CORN_d10;37900;INTARIAN_PEPPER_ROOT;10266;16;10263;26;;;10272;6;10276;28;;;10269.0;0.0
av_CORN_d10;38000;ASH_COATED_OSMIUM;9908;13;9905;17;;;9917;16;9920;21;;;9912.5;0.0
av_CORN_d10;38000;INTARIAN_PEPPER_ROOT;10266;24;10262;24;;;10272;12;10275;24;;;10269.0;0.0
av_CORN_d10;38100;ASH_COATED_OSMIUM;9910;21;9908;23;;;9916;17;9918;26;;;9913.0;0.0
av_CORN_d10;38100;INTARIAN_PEPPER_ROOT;10263;14;10261;22;;;10276;13;10280;25;;;10269.5;0.0
av_CORN_d10;38200;ASH_COATED_OSMIUM;9910;15;9908;18;;;9916;18;9920;21;;;9913.0;0.0
av_CORN_d10;38200;INTARIAN_PEPPER_ROOT;10264;17;10262;24;;;10273;19;10276;23;;;10268.5;0.0
av_CORN_d10;38300;ASH_COATED_OSMIUM;9891;14;9887;27;;;9935;5;9938;11;;;9913.0;0.0
av_CORN_d10;38300;INTARIAN_PEPPER_ROOT;10265;7;10261;17;;;10271;16;10273;16;;;10268.0;0.0
av_CORN_d10;38400;ASH_COATED_OSMIUM;9910;16;9908;27;;;9916;14;9920;30;;;9913.0;0.0
av_CORN_d10;38400;INTARIAN_PEPPER_ROOT;10262;7;10260;13;;;10274;11;10276;18;;;10268.0;0.0
av_CORN_d10;38500;ASH_COATED_OSMIUM;9905;17;9903;13;;;9921;10;9924;20;;;9913.0;0.0
av_CORN_d10;38500;INTARIAN_PEPPER_ROOT;10265;16;10262;8;;;10271;17;10275;26;;;10268.0;0.0
av_CORN_d10;38600;ASH_COATED_OSMIUM;9906;18;9903;21;;;9918;9;9920;20;;;9912.0;0.0
av_CORN_d10;38600;INTARIAN_PEPPER_ROOT;10265;7;10261;20;;;10271;17;10273;22;;;10268.0;0.0
av_CORN_d10;38700;ASH_COATED_OSMIUM;9907;13;9903;25;;;9919;14;9921;17;;;9913.0;0.0
av_CORN_d10;38700;INTARIAN_PEPPER_ROOT;10261;7;10258;20;;;10273;5;10277;16;;;10267.0;0.0
av_CORN_d10;38800;ASH_COATED_OSMIUM;9905;10;9902;21;;;9920;20;9924;23;;;9912.5;0.0
av_CORN_d10;38800;INTARIAN_PEPPER_ROOT;10263;15;10259;19;;;10269;21;10273;32;;;10266.0;0.0
av_CORN_d10;38900;ASH_COATED_OSMIUM;9910;21;9907;18;;;9916;13;9919;24;;;9913.0;0.0
av_CORN_d10;38900;INTARIAN_PEPPER_ROOT;10263;8;10259;15;;;10269;22;10272;26;;;10266.0;0.0
av_CORN_d10;39000;ASH_COATED_OSMIUM;9908;17;9904;18;;;9916;8;9918;24;;;9912.0;0.0
av_CORN_d10;39000;INTARIAN_PEPPER_ROOT;10263;10;10259;21;;;10269;14;10271;18;;;10266.0;0.0
av_CORN_d10;39100;ASH_COATED_OSMIUM;9910;28;9907;14;;;9916;13;9920;19;;;9913.0;0.0
av_CORN_d10;39100;INTARIAN_PEPPER_ROOT;10259;12;10256;18;;;10274;16;10276;19;;;10266.5;0.0
av_CORN_d10;39200;ASH_COATED_OSMIUM;9909;18;9907;23;;;9915;5;9918;21;;;9912.0;0.0
av_CORN_d10;39200;INTARIAN_PEPPER_ROOT;10263;12;10260;10;;;10269;17;10272;19;;;10266.0;0.0
av_CORN_d10;39300;ASH_COATED_OSMIUM;9906;12;9904;23;;;9918;12;9920;22;;;9912.0;0.0
av_CORN_d10;39300;INTARIAN_PEPPER_ROOT;10261;14;10257;24;;;10270;6;10273;27;;;10265.5;0.0
av_CORN_d10;39400;ASH_COATED_OSMIUM;9901;7;9897;18;;;9923;13;9926;16;;;9912.0;0.0
av_CORN_d10;39400;INTARIAN_PEPPER_ROOT;10262;24;10260;19;;;10268;7;10270;21;;;10265.0;0.0
av_CORN_d10;39500;ASH_COATED_OSMIUM;9909;14;9907;17;;;9915;15;9917;18;;;9912.0;0.0
av_CORN_d10;39500;INTARIAN_PEPPER_ROOT;10260;7;10257;18;;;10270;13;10272;20;;;10265.0;0.0
av_CORN_d10;39600;ASH_COATED_OSMIUM;9909;11;9906;14;;;9915;20;9919;16;;;9912.0;0.0
av_CORN_d10;39600;INTARIAN_PEPPER_ROOT;10245;22;10242;17;;;10283;6;10287;18;;;10264.0;0.0
av_CORN_d10;39700;ASH_COATED_OSMIUM;9910;14;9906;25;;;9916;19;9919;27;;;9913.0;0.0
av_CORN_d10;39700;INTARIAN_PEPPER_ROOT;10262;16;10258;26;;;10268;9;10270;13;;;10265.0;0.0
av_CORN_d10;39800;ASH_COATED_OSMIUM;9909;16;9907;25;;;9915;19;9919;22;;;9912.0;0.0
av_CORN_d10;39800;INTARIAN_PEPPER_ROOT;10261;10;10257;17;;;10267;5;10269;21;;;10264.0;0.0
av_CORN_d10;39900;ASH_COATED_OSMIUM;9909;29;9906;22;;;9915;14;9919;19;;;9912.0;0.0
av_CORN_d10;39900;INTARIAN_PEPPER_ROOT;10258;6;10256;21;;;10268;11;10271;24;;;10263.0;0.0
av_CORN_d10;40000;ASH_COATED_OSMIUM;9904;18;9901;20;;;9920;18;9922;27;;;9912.0;0.0
av_CORN_d10;40000;INTARIAN_PEPPER_ROOT;10258;20;10255;18;;;10270;15;10274;14;;;10264.0;0.0
av_CORN_d10;40100;ASH_COATED_OSMIUM;9909;16;9905;22;;;9915;12;9918;16;;;9912.0;0.0
av_CORN_d10;40100;INTARIAN_PEPPER_ROOT;10260;10;10257;25;;;10266;19;10270;13;;;10263.0;0.0
av_CORN_d10;40200;ASH_COATED_OSMIUM;9909;12;9905;18;;;9915;11;9918;14;;;9912.0;0.0
av_CORN_d10;40200;INTARIAN_PEPPER_ROOT;10260;17;10257;17;;;10266;11;10269;25;;;10263.0;0.0
av_CORN_d10;40300;ASH_COATED_OSMIUM;9898;15;9896;17;;;9928;13;9930;18;;;9913.0;0.0
av_CORN_d10;40300;INTARIAN_PEPPER_ROOT;10260;14;10258;24;;;10266;12;10270;14;;;10263.0;0.0
av_CORN_d10;40400;ASH_COATED_OSMIUM;9896;19;9892;14;;;9929;6;9933;30;;;9912.5;0.0
av_CORN_d10;40400;INTARIAN_PEPPER_ROOT;10258;20;10256;14;;;10267;5;10271;13;;;10262.5;0.0
av_CORN_d10;40500;ASH_COATED_OSMIUM;9910;10;9908;16;;;9916;23;9920;19;;;9913.0;0.0
av_CORN_d10;40500;INTARIAN_PEPPER_ROOT;10258;17;10255;16;;;10266;19;10270;22;;;10262.0;0.0
av_CORN_d10;40600;ASH_COATED_OSMIUM;9909;11;9906;25;;;9915;8;9919;17;;;9912.0;0.0
av_CORN_d10;40600;INTARIAN_PEPPER_ROOT;10259;11;10256;27;;;10265;19;10269;20;;;10262.0;0.0
av_CORN_d10;40700;ASH_COATED_OSMIUM;9909;18;9906;28;;;9917;16;9919;16;;;9913.0;0.0
av_CORN_d10;40700;INTARIAN_PEPPER_ROOT;10256;19;10253;23;;;10267;21;10271;26;;;10261.5;0.0
av_CORN_d10;40800;ASH_COATED_OSMIUM;9909;11;9906;25;;;9915;14;9918;17;;;9912.0;0.0
av_CORN_d10;40800;INTARIAN_PEPPER_ROOT;10258;9;10256;14;;;10264;15;10268;17;;;10261.0;0.0
av_CORN_d10;40900;ASH_COATED_OSMIUM;9909;18;9905;15;;;9915;14;9917;11;;;9912.0;0.0
av_CORN_d10;40900;INTARIAN_PEPPER_ROOT;10258;6;10256;20;;;10264;19;10266;14;;;10261.0;0.0
av_CORN_d10;41000;ASH_COATED_OSMIUM;9909;10;9907;19;;;9915;19;9918;27;;;9912.0;0.0
av_CORN_d10;41000;INTARIAN_PEPPER_ROOT;10258;5;10256;18;;;10264;5;10266;20;;;10261.0;0.0
av_CORN_d10;41100;ASH_COATED_OSMIUM;9906;7;9904;20;;;9918;15;9920;21;;;9912.0;0.0
av_CORN_d10;41100;INTARIAN_PEPPER_ROOT;10254;23;10250;13;;;10268;20;10271;19;;;10261.0;0.0
av_CORN_d10;41200;ASH_COATED_OSMIUM;9907;17;9904;21;;;9916;14;9918;24;;;9911.5;0.0
av_CORN_d10;41200;INTARIAN_PEPPER_ROOT;10257;20;10255;18;;;10263;16;10267;22;;;10260.0;0.0
av_CORN_d10;41300;ASH_COATED_OSMIUM;9909;16;9906;27;;;9915;13;9919;23;;;9912.0;0.0
av_CORN_d10;41300;INTARIAN_PEPPER_ROOT;10257;21;10255;27;;;10263;20;10265;24;;;10260.0;0.0
av_CORN_d10;41400;ASH_COATED_OSMIUM;9905;27;9903;23;;;9918;22;9921;16;;;9911.5;0.0
av_CORN_d10;41400;INTARIAN_PEPPER_ROOT;10255;16;10251;22;;;10263;12;10267;25;;;10259.0;0.0
av_CORN_d10;41500;ASH_COATED_OSMIUM;9909;16;9906;18;;;9915;15;9917;17;;;9912.0;0.0
av_CORN_d10;41500;INTARIAN_PEPPER_ROOT;10256;13;10252;20;;;10264;12;10267;8;;;10260.0;0.0
av_CORN_d10;41600;ASH_COATED_OSMIUM;9908;24;9906;25;;;9914;17;9916;16;;;9911.0;0.0
av_CORN_d10;41600;INTARIAN_PEPPER_ROOT;10246;16;10243;8;;;10272;14;10274;19;;;10259.0;0.0
av_CORN_d10;41700;ASH_COATED_OSMIUM;9908;22;9904;13;;;9914;14;9918;19;;;9911.0;0.0
av_CORN_d10;41700;INTARIAN_PEPPER_ROOT;10256;19;10253;11;;;10263;19;10266;19;;;10259.5;0.0
av_CORN_d10;41800;ASH_COATED_OSMIUM;9909;10;9906;23;;;9915;12;9918;19;;;9912.0;0.0
av_CORN_d10;41800;INTARIAN_PEPPER_ROOT;10248;17;10246;19;;;10268;20;10270;19;;;10258.0;0.0
av_CORN_d10;41900;ASH_COATED_OSMIUM;9907;20;9905;17;;;9915;17;9917;21;;;9911.0;0.0
av_CORN_d10;41900;INTARIAN_PEPPER_ROOT;10256;11;10252;20;;;10262;12;10266;18;;;10259.0;0.0
av_CORN_d10;42000;ASH_COATED_OSMIUM;9901;21;9899;15;;;9924;6;9927;22;;;9912.5;0.0
av_CORN_d10;42000;INTARIAN_PEPPER_ROOT;10256;15;10254;25;;;10262;15;10265;18;;;10259.0;0.0
av_CORN_d10;42100;ASH_COATED_OSMIUM;9909;17;9905;21;;;9915;19;9917;22;;;9912.0;0.0
av_CORN_d10;42100;INTARIAN_PEPPER_ROOT;10253;9;10250;27;;;10262;16;10265;19;;;10257.5;0.0
av_CORN_d10;42200;ASH_COATED_OSMIUM;9909;13;9907;17;;;9915;7;9918;19;;;9912.0;0.0
av_CORN_d10;42200;INTARIAN_PEPPER_ROOT;10254;17;10251;11;;;10260;7;10263;27;;;10257.0;0.0
av_CORN_d10;42300;ASH_COATED_OSMIUM;9909;11;9907;18;;;9915;10;9919;23;;;9912.0;0.0
av_CORN_d10;42300;INTARIAN_PEPPER_ROOT;10254;18;10252;26;;;10261;13;10265;27;;;10257.5;0.0
av_CORN_d10;42400;ASH_COATED_OSMIUM;9906;18;9904;16;;;9918;14;9920;22;;;9912.0;0.0
av_CORN_d10;42400;INTARIAN_PEPPER_ROOT;10252;9;10249;22;;;10261;16;10263;16;;;10256.5;0.0
av_CORN_d10;42500;ASH_COATED_OSMIUM;9906;30;9902;15;;;9918;17;9922;21;;;9912.0;0.0
av_CORN_d10;42500;INTARIAN_PEPPER_ROOT;10251;9;10247;10;;;10262;11;10266;27;;;10256.5;0.0
av_CORN_d10;42600;ASH_COATED_OSMIUM;9906;17;9904;15;;;9916;17;9918;17;;;9911.0;0.0
av_CORN_d10;42600;INTARIAN_PEPPER_ROOT;10242;9;10240;28;;;10271;15;10274;14;;;10256.5;0.0
av_CORN_d10;42700;ASH_COATED_OSMIUM;9907;10;9904;18;;;9915;15;9917;16;;;9911.0;0.0
av_CORN_d10;42700;INTARIAN_PEPPER_ROOT;10252;19;10250;14;;;10260;20;10263;23;;;10256.0;0.0
av_CORN_d10;42800;ASH_COATED_OSMIUM;9902;18;9900;17;;;9921;12;9923;20;;;9911.5;0.0
av_CORN_d10;42800;INTARIAN_PEPPER_ROOT;10246;18;10244;18;;;10267;5;10270;18;;;10256.5;0.0
av_CORN_d10;42900;ASH_COATED_OSMIUM;9908;12;9904;21;;;9914;18;9916;13;;;9911.0;0.0
av_CORN_d10;42900;INTARIAN_PEPPER_ROOT;10247;12;10244;22;;;10265;17;10267;18;;;10256.0;0.0
av_CORN_d10;43000;ASH_COATED_OSMIUM;9908;8;9906;25;;;9914;17;9916;29;;;9911.0;0.0
av_CORN_d10;43000;INTARIAN_PEPPER_ROOT;10253;18;10251;20;;;10259;18;10263;31;;;10256.0;0.0
av_CORN_d10;43100;ASH_COATED_OSMIUM;9903;6;9901;12;;;9920;14;9924;24;;;9911.5;0.0
av_CORN_d10;43100;INTARIAN_PEPPER_ROOT;10251;19;10247;28;;;10258;18;10261;27;;;10254.5;0.0
av_CORN_d10;43200;ASH_COATED_OSMIUM;9907;15;9905;20;;;9915;11;9918;25;;;9911.0;0.0
av_CORN_d10;43200;INTARIAN_PEPPER_ROOT;10252;16;10249;16;;;10258;14;10261;17;;;10255.0;0.0
av_CORN_d10;43300;ASH_COATED_OSMIUM;9909;5;9906;20;;;9915;12;9919;16;;;9912.0;0.0
av_CORN_d10;43300;INTARIAN_PEPPER_ROOT;10249;16;10246;26;;;10262;21;10264;21;;;10255.5;0.0
av_CORN_d10;43400;ASH_COATED_OSMIUM;9907;20;9905;16;;;9915;19;9918;25;;;9911.0;0.0
av_CORN_d10;43400;INTARIAN_PEPPER_ROOT;10252;18;10248;18;;;10258;13;10262;32;;;10255.0;0.0
av_CORN_d10;43500;ASH_COATED_OSMIUM;9908;20;9905;19;;;9914;20;9916;27;;;9911.0;0.0
av_CORN_d10;43500;INTARIAN_PEPPER_ROOT;10251;13;10248;20;;;10257;14;10261;21;;;10254.0;0.0
av_CORN_d10;43600;ASH_COATED_OSMIUM;9908;24;9906;17;;;9914;13;9918;14;;;9911.0;0.0
av_CORN_d10;43600;INTARIAN_PEPPER_ROOT;10250;9;10246;23;;;10258;16;10262;21;;;10254.0;0.0
av_CORN_d10;43700;ASH_COATED_OSMIUM;9905;10;9902;22;;;9916;11;9918;8;;;9910.5;0.0
av_CORN_d10;43700;INTARIAN_PEPPER_ROOT;10247;14;10245;22;;;10260;9;10264;18;;;10253.5;0.0
av_CORN_d10;43800;ASH_COATED_OSMIUM;9902;15;9898;20;;;9922;7;9925;18;;;9912.0;0.0
av_CORN_d10;43800;INTARIAN_PEPPER_ROOT;10238;10;10236;19;;;10269;14;10273;16;;;10253.5;0.0
av_CORN_d10;43900;ASH_COATED_OSMIUM;9906;20;9903;19;;;9918;7;9920;24;;;9912.0;0.0
av_CORN_d10;43900;INTARIAN_PEPPER_ROOT;10250;20;10248;14;;;10256;15;10258;12;;;10253.0;0.0
av_CORN_d10;44000;ASH_COATED_OSMIUM;9908;17;9904;22;;;9915;17;9917;18;;;9911.5;0.0
av_CORN_d10;44000;INTARIAN_PEPPER_ROOT;10250;15;10246;16;;;10256;13;10258;18;;;10253.0;0.0
av_CORN_d10;44100;ASH_COATED_OSMIUM;9908;16;9905;29;;;9914;16;9918;26;;;9911.0;0.0
av_CORN_d10;44100;INTARIAN_PEPPER_ROOT;10250;13;10248;13;;;10256;13;10259;11;;;10253.0;0.0
av_CORN_d10;44200;ASH_COATED_OSMIUM;9908;12;9905;23;;;9914;8;9917;17;;;9911.0;0.0
av_CORN_d10;44200;INTARIAN_PEPPER_ROOT;10247;10;10243;24;;;10258;21;10260;20;;;10252.5;0.0
av_CORN_d10;44300;ASH_COATED_OSMIUM;9906;14;9902;22;;;9917;16;9921;26;;;9911.5;0.0
av_CORN_d10;44300;INTARIAN_PEPPER_ROOT;10249;25;10247;13;;;10255;8;10257;10;;;10252.0;0.0
av_CORN_d10;44400;ASH_COATED_OSMIUM;9908;11;9905;11;;;9914;14;9918;21;;;9911.0;0.0
av_CORN_d10;44400;INTARIAN_PEPPER_ROOT;10246;14;10243;18;;;10256;16;10258;15;;;10251.0;0.0
av_CORN_d10;44500;ASH_COATED_OSMIUM;9908;14;9905;19;;;9914;8;9916;14;;;9911.0;0.0
av_CORN_d10;44500;INTARIAN_PEPPER_ROOT;10242;27;10240;16;;;10260;19;10263;15;;;10251.0;0.0
av_CORN_d10;44600;ASH_COATED_OSMIUM;9908;13;9905;27;;;9914;8;9918;28;;;9911.0;0.0
av_CORN_d10;44600;INTARIAN_PEPPER_ROOT;10243;10;10241;19;;;10261;19;10265;23;;;10252.0;0.0
av_CORN_d10;44700;ASH_COATED_OSMIUM;9906;11;9902;26;;;9915;20;9918;13;;;9910.5;0.0
av_CORN_d10;44700;INTARIAN_PEPPER_ROOT;10232;15;10228;11;;;10269;10;10271;29;;;10250.5;0.0
av_CORN_d10;44800;ASH_COATED_OSMIUM;9908;22;9906;18;;;9914;9;9917;16;;;9911.0;0.0
av_CORN_d10;44800;INTARIAN_PEPPER_ROOT;10248;17;10244;24;;;10254;5;10256;19;;;10251.0;0.0
av_CORN_d10;44900;ASH_COATED_OSMIUM;9907;15;9905;25;;;9913;9;9916;12;;;9910.0;0.0
av_CORN_d10;44900;INTARIAN_PEPPER_ROOT;10248;20;10245;9;;;10254;14;10257;14;;;10251.0;0.0
av_CORN_d10;45000;ASH_COATED_OSMIUM;9906;5;9903;18;;;9916;12;9918;16;;;9911.0;0.0
av_CORN_d10;45000;INTARIAN_PEPPER_ROOT;10245;9;10243;31;;;10256;8;10260;19;;;10250.5;0.0
av_CORN_d10;45100;ASH_COATED_OSMIUM;9908;24;9905;17;;;9914;20;9918;17;;;9911.0;0.0
av_CORN_d10;45100;INTARIAN_PEPPER_ROOT;10246;16;10244;20;;;10255;22;10257;16;;;10250.5;0.0
av_CORN_d10;45200;ASH_COATED_OSMIUM;9907;8;9905;21;;;9913;11;9915;14;;;9910.0;0.0
av_CORN_d10;45200;INTARIAN_PEPPER_ROOT;10246;27;10244;18;;;10253;10;10255;21;;;10249.5;0.0
av_CORN_d10;45300;ASH_COATED_OSMIUM;9908;25;9905;23;;;9914;13;9916;18;;;9911.0;0.0
av_CORN_d10;45300;INTARIAN_PEPPER_ROOT;10238;14;10236;16;;;10261;9;10264;22;;;10249.5;0.0
av_CORN_d10;45400;ASH_COATED_OSMIUM;9906;12;9904;17;;;9916;14;9920;28;;;9911.0;0.0
av_CORN_d10;45400;INTARIAN_PEPPER_ROOT;10245;22;10241;17;;;10253;21;10257;19;;;10249.0;0.0
av_CORN_d10;45500;ASH_COATED_OSMIUM;9908;17;9905;16;;;9914;17;9918;23;;;9911.0;0.0
av_CORN_d10;45500;INTARIAN_PEPPER_ROOT;10246;14;10243;18;;;10252;13;10256;20;;;10249.0;0.0
av_CORN_d10;45600;ASH_COATED_OSMIUM;9908;16;9906;18;;;9914;21;9918;21;;;9911.0;0.0
av_CORN_d10;45600;INTARIAN_PEPPER_ROOT;10245;17;10243;19;;;10251;17;10254;21;;;10248.0;0.0
av_CORN_d10;45700;ASH_COATED_OSMIUM;9901;13;9897;12;;;9921;8;9924;19;;;9911.0;0.0
av_CORN_d10;45700;INTARIAN_PEPPER_ROOT;10245;18;10241;18;;;10251;8;10254;20;;;10248.0;0.0
av_CORN_d10;45800;ASH_COATED_OSMIUM;9908;11;9905;20;;;9914;17;9918;21;;;9911.0;0.0
av_CORN_d10;45800;INTARIAN_PEPPER_ROOT;10245;14;10243;30;;;10251;10;10255;21;;;10248.0;0.0
av_CORN_d10;45900;ASH_COATED_OSMIUM;9908;15;9905;23;;;9914;16;9917;18;;;9911.0;0.0
av_CORN_d10;45900;INTARIAN_PEPPER_ROOT;10245;10;10241;20;;;10251;17;10254;32;;;10248.0;0.0
av_CORN_d10;46000;ASH_COATED_OSMIUM;9908;14;9904;16;;;9914;8;9916;30;;;9911.0;0.0
av_CORN_d10;46000;INTARIAN_PEPPER_ROOT;10242;12;10240;21;;;10253;6;10256;23;;;10247.5;0.0
av_CORN_d10;46100;ASH_COATED_OSMIUM;9907;18;9904;13;;;9913;9;9917;18;;;9910.0;0.0
av_CORN_d10;46100;INTARIAN_PEPPER_ROOT;10239;19;10235;25;;;10256;19;10259;16;;;10247.5;0.0
av_CORN_d10;46200;ASH_COATED_OSMIUM;9908;10;9904;20;;;9914;15;9918;10;;;9911.0;0.0
av_CORN_d10;46200;INTARIAN_PEPPER_ROOT;10244;16;10240;19;;;10250;14;10252;15;;;10247.0;0.0
av_CORN_d10;46300;ASH_COATED_OSMIUM;9908;18;9905;20;;;9914;14;9916;28;;;9911.0;0.0
av_CORN_d10;46300;INTARIAN_PEPPER_ROOT;10244;9;10241;25;;;10250;15;10252;18;;;10247.0;0.0
av_CORN_d10;46400;ASH_COATED_OSMIUM;9907;18;9905;14;;;9913;9;9916;21;;;9910.0;0.0
av_CORN_d10;46400;INTARIAN_PEPPER_ROOT;10242;23;10240;17;;;10250;10;10254;8;;;10246.0;0.0
av_CORN_d10;46500;ASH_COATED_OSMIUM;9908;19;9905;22;;;9914;12;9918;14;;;9911.0;0.0
av_CORN_d10;46500;INTARIAN_PEPPER_ROOT;10243;6;10241;18;;;10249;19;10252;20;;;10246.0;0.0
av_CORN_d10;46600;ASH_COATED_OSMIUM;9898;18;9895;23;;;9923;14;9926;32;;;9910.5;0.0
av_CORN_d10;46600;INTARIAN_PEPPER_ROOT;10238;10;10235;22;;;10255;11;10258;19;;;10246.5;0.0
av_CORN_d10;46700;ASH_COATED_OSMIUM;9908;7;9904;22;;;9914;15;9916;25;;;9911.0;0.0
av_CORN_d10;46700;INTARIAN_PEPPER_ROOT;10239;14;10237;21;;;10253;21;10256;21;;;10246.0;0.0
av_CORN_d10;46800;ASH_COATED_OSMIUM;9902;11;9898;21;;;9918;11;9920;31;;;9910.0;0.0
av_CORN_d10;46800;INTARIAN_PEPPER_ROOT;10242;22;10238;20;;;10248;16;10252;18;;;10245.0;0.0
av_CORN_d10;46900;ASH_COATED_OSMIUM;9906;26;9903;24;;;9914;12;9917;19;;;9910.0;0.0
av_CORN_d10;46900;INTARIAN_PEPPER_ROOT;10235;16;10231;19;;;10255;8;10257;20;;;10245.0;0.0
av_CORN_d10;47000;ASH_COATED_OSMIUM;9902;13;9898;22;;;9919;7;9922;17;;;9910.5;0.0
av_CORN_d10;47000;INTARIAN_PEPPER_ROOT;10242;17;10238;27;;;10248;11;10250;24;;;10245.0;0.0
av_CORN_d10;47100;ASH_COATED_OSMIUM;9908;21;9905;19;;;9914;12;9917;18;;;9911.0;0.0
av_CORN_d10;47100;INTARIAN_PEPPER_ROOT;10241;11;10239;20;;;10247;16;10249;23;;;10244.0;0.0
av_CORN_d10;47200;ASH_COATED_OSMIUM;9907;25;9903;30;;;9913;21;9916;16;;;9910.0;0.0
av_CORN_d10;47200;INTARIAN_PEPPER_ROOT;10235;11;10232;17;;;10254;16;10256;19;;;10244.5;0.0
av_CORN_d10;47300;ASH_COATED_OSMIUM;9907;18;9905;18;;;9913;10;9917;19;;;9910.0;0.0
av_CORN_d10;47300;INTARIAN_PEPPER_ROOT;10241;11;10237;19;;;10247;14;10249;25;;;10244.0;0.0
av_CORN_d10;47400;ASH_COATED_OSMIUM;9904;23;9901;23;;;9915;14;9919;23;;;9909.5;0.0
av_CORN_d10;47400;INTARIAN_PEPPER_ROOT;10240;23;10236;22;;;10246;15;10249;24;;;10243.0;0.0
av_CORN_d10;47500;ASH_COATED_OSMIUM;9907;21;9903;15;;;9913;20;9916;32;;;9910.0;0.0
av_CORN_d10;47500;INTARIAN_PEPPER_ROOT;10238;9;10234;20;;;10250;13;10252;18;;;10244.0;0.0
av_CORN_d10;47600;ASH_COATED_OSMIUM;9906;13;9903;23;;;9914;11;9916;20;;;9910.0;0.0
av_CORN_d10;47600;INTARIAN_PEPPER_ROOT;10222;8;10219;22;;;10264;5;10267;17;;;10243.0;0.0
av_CORN_d10;47700;ASH_COATED_OSMIUM;9907;19;9905;28;;;9913;14;9915;17;;;9910.0;0.0
av_CORN_d10;47700;INTARIAN_PEPPER_ROOT;10240;5;10236;8;;;10246;7;10250;26;;;10243.0;0.0
av_CORN_d10;47800;ASH_COATED_OSMIUM;9907;25;9903;16;;;9913;16;9915;14;;;9910.0;0.0
av_CORN_d10;47800;INTARIAN_PEPPER_ROOT;10240;10;10238;24;;;10246;9;10250;21;;;10243.0;0.0
av_CORN_d10;47900;ASH_COATED_OSMIUM;9907;15;9903;16;;;9913;19;9917;15;;;9910.0;0.0
av_CORN_d10;47900;INTARIAN_PEPPER_ROOT;10240;14;10236;12;;;10246;10;10248;15;;;10243.0;0.0
av_CORN_d10;48000;ASH_COATED_OSMIUM;9907;9;9903;22;;;9913;11;9916;20;;;9910.0;0.0
av_CORN_d10;48000;INTARIAN_PEPPER_ROOT;10239;12;10235;23;;;10245;10;10249;9;;;10242.0;0.0
av_CORN_d10;48100;ASH_COATED_OSMIUM;9907;15;9904;18;;;9914;16;9917;17;;;9910.5;0.0
av_CORN_d10;48100;INTARIAN_PEPPER_ROOT;10237;15;10235;16;;;10247;11;10251;17;;;10242.0;0.0
av_CORN_d10;48200;ASH_COATED_OSMIUM;9905;17;9903;17;;;9916;12;9920;16;;;9910.5;0.0
av_CORN_d10;48200;INTARIAN_PEPPER_ROOT;10239;22;10236;17;;;10245;27;10247;17;;;10242.0;0.0
av_CORN_d10;48300;ASH_COATED_OSMIUM;9905;11;9903;24;;;9915;17;9918;16;;;9910.0;0.0
av_CORN_d10;48300;INTARIAN_PEPPER_ROOT;10238;14;10235;28;;;10244;8;10248;23;;;10241.0;0.0
av_CORN_d10;48400;ASH_COATED_OSMIUM;9907;24;9905;23;;;9914;19;9918;19;;;9910.5;0.0
av_CORN_d10;48400;INTARIAN_PEPPER_ROOT;10238;16;10234;24;;;10244;12;10246;19;;;10241.0;0.0
av_CORN_d10;48500;ASH_COATED_OSMIUM;9907;18;9905;19;;;9913;7;9915;11;;;9910.0;0.0
av_CORN_d10;48500;INTARIAN_PEPPER_ROOT;10228;20;10226;20;;;10255;14;10257;15;;;10241.5;0.0
av_CORN_d10;48600;ASH_COATED_OSMIUM;9902;16;9899;9;;;9918;20;9921;26;;;9910.0;0.0
av_CORN_d10;48600;INTARIAN_PEPPER_ROOT;10225;12;10221;26;;;10256;16;10259;13;;;10240.5;0.0
av_CORN_d10;48700;ASH_COATED_OSMIUM;9904;17;9900;23;;;9916;17;9918;15;;;9910.0;0.0
av_CORN_d10;48700;INTARIAN_PEPPER_ROOT;10236;16;10234;22;;;10244;19;10248;18;;;10240.0;0.0
av_CORN_d10;48800;ASH_COATED_OSMIUM;9907;9;9904;21;;;9913;15;9917;13;;;9910.0;0.0
av_CORN_d10;48800;INTARIAN_PEPPER_ROOT;10233;11;10229;17;;;10247;15;10250;14;;;10240.0;0.0
av_CORN_d10;48900;ASH_COATED_OSMIUM;9907;18;9905;17;;;9913;8;9917;18;;;9910.0;0.0
av_CORN_d10;48900;INTARIAN_PEPPER_ROOT;10231;11;10228;15;;;10249;11;10252;10;;;10240.0;0.0
av_CORN_d10;49000;ASH_COATED_OSMIUM;9899;17;9895;11;;;9920;18;9924;21;;;9909.5;0.0
av_CORN_d10;49000;INTARIAN_PEPPER_ROOT;10236;13;10232;14;;;10243;26;10246;16;;;10239.5;0.0
av_CORN_d10;49100;ASH_COATED_OSMIUM;9904;16;9901;13;;;9916;7;9920;27;;;9910.0;0.0
av_CORN_d10;49100;INTARIAN_PEPPER_ROOT;10236;15;10232;19;;;10242;20;10245;24;;;10239.0;0.0
av_CORN_d10;49200;ASH_COATED_OSMIUM;9904;30;9901;12;;;9915;9;9919;20;;;9909.5;0.0
av_CORN_d10;49200;INTARIAN_PEPPER_ROOT;10236;14;10232;19;;;10242;15;10245;18;;;10239.0;0.0
av_CORN_d10;49300;ASH_COATED_OSMIUM;9901;7;9897;13;;;9917;21;9920;16;;;9909.0;0.0
av_CORN_d10;49300;INTARIAN_PEPPER_ROOT;10235;10;10231;15;;;10241;14;10245;17;;;10238.0;0.0
av_CORN_d10;49400;ASH_COATED_OSMIUM;9907;14;9903;27;;;9913;14;9917;17;;;9910.0;0.0
av_CORN_d10;49400;INTARIAN_PEPPER_ROOT;10236;16;10233;20;;;10242;14;10245;21;;;10239.0;0.0
av_CORN_d10;49500;ASH_COATED_OSMIUM;9907;16;9905;24;;;9913;19;9917;26;;;9910.0;0.0
av_CORN_d10;49500;INTARIAN_PEPPER_ROOT;10235;8;10232;22;;;10241;14;10245;14;;;10238.0;0.0
av_CORN_d10;49600;ASH_COATED_OSMIUM;9904;21;9902;22;;;9914;16;9918;18;;;9909.0;0.0
av_CORN_d10;49600;INTARIAN_PEPPER_ROOT;10235;10;10233;19;;;10241;13;10243;28;;;10238.0;0.0
av_CORN_d10;49700;ASH_COATED_OSMIUM;9907;12;9904;22;;;9913;18;9915;22;;;9910.0;0.0
av_CORN_d10;49700;INTARIAN_PEPPER_ROOT;10234;24;10230;19;;;10240;8;10243;26;;;10237.0;0.0
av_CORN_d10;49800;ASH_COATED_OSMIUM;9906;23;9902;14;;;9914;6;9916;26;;;9910.0;0.0
av_CORN_d10;49800;INTARIAN_PEPPER_ROOT;10235;11;10231;19;;;10241;16;10245;21;;;10238.0;0.0
av_CORN_d10;49900;ASH_COATED_OSMIUM;9901;21;9898;30;;;9919;15;9922;22;;;9910.0;0.0
av_CORN_d10;49900;INTARIAN_PEPPER_ROOT;10234;13;10230;24;;;10240;12;10244;20;;;10237.0;0.0
av_CORN_d10;50000;ASH_COATED_OSMIUM;9904;18;9901;17;;;9916;15;9919;20;;;9910.0;0.0
av_CORN_d10;50000;INTARIAN_PEPPER_ROOT;10233;16;10229;23;;;10239;16;10243;20;;;10236.0;0.0
av_CORN_d10;50100;ASH_COATED_OSMIUM;9900;23;9896;18;;;9919;10;9921;20;;;9909.5;0.0
av_CORN_d10;50100;INTARIAN_PEPPER_ROOT;10211;11;10208;20;;;10261;15;10264;21;;;10236.0;0.0
av_CORN_d10;50200;ASH_COATED_OSMIUM;9906;25;9903;9;;;9912;17;9916;20;;;9909.0;0.0
av_CORN_d10;50200;INTARIAN_PEPPER_ROOT;10234;15;10230;20;;;10240;13;10243;27;;;10237.0;0.0
av_CORN_d10;50300;ASH_COATED_OSMIUM;9906;18;9903;19;;;9913;5;9916;16;;;9909.5;0.0
av_CORN_d10;50300;INTARIAN_PEPPER_ROOT;10233;10;10229;26;;;10239;16;10241;9;;;10236.0;0.0
av_CORN_d10;50400;ASH_COATED_OSMIUM;9907;12;9904;19;;;9913;11;9917;31;;;9910.0;0.0
av_CORN_d10;50400;INTARIAN_PEPPER_ROOT;10232;22;10229;26;;;10239;13;10241;18;;;10235.5;0.0
av_CORN_d10;50500;ASH_COATED_OSMIUM;9907;14;9903;24;;;9913;12;9917;26;;;9910.0;0.0
av_CORN_d10;50500;INTARIAN_PEPPER_ROOT;10232;13;10230;13;;;10238;14;10240;26;;;10235.0;0.0
av_CORN_d10;50600;ASH_COATED_OSMIUM;9905;7;9901;24;;;9914;19;9916;21;;;9909.5;0.0
av_CORN_d10;50600;INTARIAN_PEPPER_ROOT;10228;20;10224;18;;;10243;15;10247;12;;;10235.5;0.0
av_CORN_d10;50700;ASH_COATED_OSMIUM;9906;12;9902;16;;;9912;10;9916;20;;;9909.0;0.0
av_CORN_d10;50700;INTARIAN_PEPPER_ROOT;10232;16;10230;23;;;10238;9;10241;17;;;10235.0;0.0
av_CORN_d10;50800;ASH_COATED_OSMIUM;9907;19;9903;20;;;9913;15;9917;25;;;9910.0;0.0
av_CORN_d10;50800;INTARIAN_PEPPER_ROOT;10232;8;10229;14;;;10238;18;10242;23;;;10235.0;0.0
av_CORN_d10;50900;ASH_COATED_OSMIUM;9897;20;9893;28;;;9922;14;9925;26;;;9909.5;0.0
av_CORN_d10;50900;INTARIAN_PEPPER_ROOT;10232;9;10230;20;;;10238;15;10241;16;;;10235.0;0.0
av_CORN_d10;51000;ASH_COATED_OSMIUM;9899;6;9897;16;;;9921;8;9924;19;;;9910.0;0.0
av_CORN_d10;51000;INTARIAN_PEPPER_ROOT;10228;24;10226;20;;;10241;12;10244;17;;;10234.5;0.0
av_CORN_d10;51100;ASH_COATED_OSMIUM;9907;23;9905;14;;;9913;13;9916;15;;;9910.0;0.0
av_CORN_d10;51100;INTARIAN_PEPPER_ROOT;10231;19;10228;31;;;10237;18;10240;26;;;10234.0;0.0
av_CORN_d10;51200;ASH_COATED_OSMIUM;9906;6;9903;19;;;9912;16;9915;28;;;9909.0;0.0
av_CORN_d10;51200;INTARIAN_PEPPER_ROOT;10229;13;10226;17;;;10242;14;10246;28;;;10235.5;0.0
av_CORN_d10;51300;ASH_COATED_OSMIUM;9906;19;9902;23;;;9912;11;9914;18;;;9909.0;0.0
av_CORN_d10;51300;INTARIAN_PEPPER_ROOT;10232;13;10229;17;;;10238;18;10241;12;;;10235.0;0.0
av_CORN_d10;51400;ASH_COATED_OSMIUM;9906;12;9902;21;;;9912;6;9914;22;;;9909.0;0.0
av_CORN_d10;51400;INTARIAN_PEPPER_ROOT;10230;17;10227;21;;;10241;25;10243;17;;;10235.5;0.0
av_CORN_d10;51500;ASH_COATED_OSMIUM;9904;17;9900;15;;;9914;9;9917;26;;;9909.0;0.0
av_CORN_d10;51500;INTARIAN_PEPPER_ROOT;10227;18;10225;25;;;10245;9;10249;21;;;10236.0;0.0
av_CORN_d10;51600;ASH_COATED_OSMIUM;9907;17;9904;19;;;9913;11;9915;18;;;9910.0;0.0
av_CORN_d10;51600;INTARIAN_PEPPER_ROOT;10227;15;10224;17;;;10244;23;10248;19;;;10235.5;0.0
av_CORN_d10;51700;ASH_COATED_OSMIUM;9907;8;9903;28;;;9913;13;9917;15;;;9910.0;0.0
av_CORN_d10;51700;INTARIAN_PEPPER_ROOT;10234;15;10230;16;;;10240;15;10243;24;;;10237.0;0.0
av_CORN_d10;51800;ASH_COATED_OSMIUM;9906;16;9903;26;;;9912;13;9916;8;;;9909.0;0.0
av_CORN_d10;51800;INTARIAN_PEPPER_ROOT;10234;16;10231;22;;;10240;15;10243;16;;;10237.0;0.0
av_CORN_d10;51900;ASH_COATED_OSMIUM;9907;15;9905;15;;;9913;14;9916;16;;;9910.0;0.0
av_CORN_d10;51900;INTARIAN_PEPPER_ROOT;10233;13;10231;21;;;10241;8;10244;13;;;10237.0;0.0
av_CORN_d10;52000;ASH_COATED_OSMIUM;9906;17;9903;12;;;9912;15;9914;22;;;9909.0;0.0
av_CORN_d10;52000;INTARIAN_PEPPER_ROOT;10234;16;10230;15;;;10240;23;10244;17;;;10237.0;0.0
av_CORN_d10;52100;ASH_COATED_OSMIUM;9906;12;9902;34;;;9912;11;9916;10;;;9909.0;0.0
av_CORN_d10;52100;INTARIAN_PEPPER_ROOT;10235;14;10231;19;;;10241;21;10244;14;;;10238.0;0.0
av_CORN_d10;52200;ASH_COATED_OSMIUM;9906;22;9902;22;;;9912;15;9915;21;;;9909.0;0.0
av_CORN_d10;52200;INTARIAN_PEPPER_ROOT;10235;16;10233;15;;;10241;11;10245;16;;;10238.0;0.0
av_CORN_d10;52300;ASH_COATED_OSMIUM;9906;20;9904;16;;;9912;13;9914;20;;;9909.0;0.0
av_CORN_d10;52300;INTARIAN_PEPPER_ROOT;10235;13;10232;18;;;10241;17;10245;33;;;10238.0;0.0
av_CORN_d10;52400;ASH_COATED_OSMIUM;9904;9;9902;32;;;9914;12;9917;10;;;9909.0;0.0
av_CORN_d10;52400;INTARIAN_PEPPER_ROOT;10234;12;10231;32;;;10242;11;10245;21;;;10238.0;0.0
av_CORN_d10;52500;ASH_COATED_OSMIUM;9906;10;9902;16;;;9912;7;9916;22;;;9909.0;0.0
av_CORN_d10;52500;INTARIAN_PEPPER_ROOT;10235;18;10232;28;;;10241;15;10244;22;;;10238.0;0.0
av_CORN_d10;52600;ASH_COATED_OSMIUM;9900;8;9897;20;;;9917;15;9921;24;;;9908.5;0.0
av_CORN_d10;52600;INTARIAN_PEPPER_ROOT;10235;13;10231;22;;;10241;22;10245;19;;;10238.0;0.0
av_CORN_d10;52700;ASH_COATED_OSMIUM;9907;12;9905;13;;;9913;16;9917;20;;;9910.0;0.0
av_CORN_d10;52700;INTARIAN_PEPPER_ROOT;10236;16;10232;23;;;10242;8;10246;26;;;10239.0;0.0
av_CORN_d10;52800;ASH_COATED_OSMIUM;9900;16;9896;11;;;9918;9;9922;11;;;9909.0;0.0
av_CORN_d10;52800;INTARIAN_PEPPER_ROOT;10235;14;10231;8;;;10241;9;10244;23;;;10238.0;0.0
av_CORN_d10;52900;ASH_COATED_OSMIUM;9905;11;9902;19;;;9914;22;9916;14;;;9909.5;0.0
av_CORN_d10;52900;INTARIAN_PEPPER_ROOT;10236;12;10234;14;;;10243;7;10247;20;;;10239.5;0.0
av_CORN_d10;53000;ASH_COATED_OSMIUM;9900;5;9898;15;;;9918;20;9920;13;;;9909.0;0.0
av_CORN_d10;53000;INTARIAN_PEPPER_ROOT;10236;9;10234;26;;;10242;10;10244;21;;;10239.0;0.0
av_CORN_d10;53100;ASH_COATED_OSMIUM;9906;16;9903;18;;;9912;15;9914;18;;;9909.0;0.0
av_CORN_d10;53100;INTARIAN_PEPPER_ROOT;10236;26;10233;18;;;10242;12;10245;16;;;10239.0;0.0
av_CORN_d10;53200;ASH_COATED_OSMIUM;9906;17;9903;14;;;9913;15;9916;18;;;9909.5;0.0
av_CORN_d10;53200;INTARIAN_PEPPER_ROOT;10237;17;10234;22;;;10243;21;10246;25;;;10240.0;0.0
av_CORN_d10;53300;ASH_COATED_OSMIUM;9906;16;9902;21;;;9912;15;9916;10;;;9909.0;0.0
av_CORN_d10;53300;INTARIAN_PEPPER_ROOT;10236;20;10233;25;;;10243;13;10245;19;;;10239.5;0.0
av_CORN_d10;53400;ASH_COATED_OSMIUM;9906;21;9904;19;;;9912;14;9914;13;;;9909.0;0.0
av_CORN_d10;53400;INTARIAN_PEPPER_ROOT;10237;14;10235;28;;;10243;15;10245;22;;;10240.0;0.0
av_CORN_d10;53500;ASH_COATED_OSMIUM;9906;11;9902;18;;;9912;11;9915;22;;;9909.0;0.0
av_CORN_d10;53500;INTARIAN_PEPPER_ROOT;10237;14;10234;21;;;10243;15;10245;24;;;10240.0;0.0
av_CORN_d10;53600;ASH_COATED_OSMIUM;9900;21;9897;18;;;9916;19;9918;21;;;9908.0;0.0
av_CORN_d10;53600;INTARIAN_PEPPER_ROOT;10238;11;10235;20;;;10244;10;10247;25;;;10241.0;0.0
av_CORN_d10;53700;ASH_COATED_OSMIUM;9906;15;9903;24;;;9912;24;9915;24;;;9909.0;0.0
av_CORN_d10;53700;INTARIAN_PEPPER_ROOT;10233;17;10229;21;;;10248;19;10251;19;;;10240.5;0.0
av_CORN_d10;53800;ASH_COATED_OSMIUM;9904;15;9901;24;;;9913;12;9916;15;;;9908.5;0.0
av_CORN_d10;53800;INTARIAN_PEPPER_ROOT;10232;9;10228;18;;;10250;9;10252;20;;;10241.0;0.0
av_CORN_d10;53900;ASH_COATED_OSMIUM;9905;5;9902;28;;;9913;13;9916;22;;;9909.0;0.0
av_CORN_d10;53900;INTARIAN_PEPPER_ROOT;10227;22;10224;18;;;10256;8;10259;23;;;10241.5;0.0
av_CORN_d10;54000;ASH_COATED_OSMIUM;9906;5;9904;14;;;9912;17;9916;9;;;9909.0;0.0
av_CORN_d10;54000;INTARIAN_PEPPER_ROOT;10219;13;10217;19;;;10264;12;10266;18;;;10241.5;0.0
av_CORN_d10;54100;ASH_COATED_OSMIUM;9905;17;9902;17;;;9911;9;9915;20;;;9908.0;0.0
av_CORN_d10;54100;INTARIAN_PEPPER_ROOT;10239;21;10237;12;;;10245;17;10247;20;;;10242.0;0.0
av_CORN_d10;54200;ASH_COATED_OSMIUM;9905;9;9901;22;;;9911;22;9915;25;;;9908.0;0.0
av_CORN_d10;54200;INTARIAN_PEPPER_ROOT;10237;18;10233;17;;;10248;10;10251;22;;;10242.5;0.0
av_CORN_d10;54300;ASH_COATED_OSMIUM;9901;13;9899;22;;;9915;10;9917;17;;;9908.0;0.0
av_CORN_d10;54300;INTARIAN_PEPPER_ROOT;10239;20;10237;25;;;10245;12;10247;20;;;10242.0;0.0
av_CORN_d10;54400;ASH_COATED_OSMIUM;9906;17;9903;27;;;9912;19;9914;11;;;9909.0;0.0
av_CORN_d10;54400;INTARIAN_PEPPER_ROOT;10238;12;10234;15;;;10247;17;10251;26;;;10242.5;0.0
av_CORN_d10;54500;ASH_COATED_OSMIUM;9903;6;9899;12;;;9914;13;9916;16;;;9908.5;0.0
av_CORN_d10;54500;INTARIAN_PEPPER_ROOT;10240;17;10237;17;;;10246;18;10249;13;;;10243.0;0.0
av_CORN_d10;54600;ASH_COATED_OSMIUM;9901;12;9899;19;;;9916;10;9920;22;;;9908.5;0.0
av_CORN_d10;54600;INTARIAN_PEPPER_ROOT;10240;15;10236;20;;;10246;9;10248;22;;;10243.0;0.0
av_CORN_d10;54700;ASH_COATED_OSMIUM;9905;10;9902;22;;;9911;16;9914;20;;;9908.0;0.0
av_CORN_d10;54700;INTARIAN_PEPPER_ROOT;10240;14;10236;19;;;10246;22;10250;19;;;10243.0;0.0
av_CORN_d10;54800;ASH_COATED_OSMIUM;9905;16;9903;9;;;9911;16;9915;23;;;9908.0;0.0
av_CORN_d10;54800;INTARIAN_PEPPER_ROOT;10240;17;10237;22;;;10246;11;10248;22;;;10243.0;0.0
av_CORN_d10;54900;ASH_COATED_OSMIUM;9906;16;9903;20;;;9912;13;9916;21;;;9909.0;0.0
av_CORN_d10;54900;INTARIAN_PEPPER_ROOT;10241;18;10239;18;;;10247;14;10251;26;;;10244.0;0.0
av_CORN_d10;55000;ASH_COATED_OSMIUM;9905;16;9903;24;;;9913;14;9917;24;;;9909.0;0.0
av_CORN_d10;55000;INTARIAN_PEPPER_ROOT;10241;14;10237;16;;;10247;16;10249;29;;;10244.0;0.0
av_CORN_d10;55100;ASH_COATED_OSMIUM;9905;16;9902;23;;;9911;13;9914;25;;;9908.0;0.0
av_CORN_d10;55100;INTARIAN_PEPPER_ROOT;10241;14;10239;20;;;10247;5;10249;18;;;10244.0;0.0
av_CORN_d10;55200;ASH_COATED_OSMIUM;9905;18;9903;26;;;9911;20;9915;18;;;9908.0;0.0
av_CORN_d10;55200;INTARIAN_PEPPER_ROOT;10240;21;10237;22;;;10249;7;10253;26;;;10244.5;0.0
av_CORN_d10;55300;ASH_COATED_OSMIUM;9905;11;9903;30;;;9911;15;9913;21;;;9908.0;0.0
av_CORN_d10;55300;INTARIAN_PEPPER_ROOT;10240;20;10237;25;;;10249;13;10252;21;;;10244.5;0.0
av_CORN_d10;55400;ASH_COATED_OSMIUM;9903;15;9901;15;;;9914;10;9918;25;;;9908.5;0.0
av_CORN_d10;55400;INTARIAN_PEPPER_ROOT;10234;21;10232;25;;;10255;13;10259;23;;;10244.5;0.0
av_CORN_d10;55500;ASH_COATED_OSMIUM;9905;15;9903;29;;;9913;6;9916;12;;;9909.0;0.0
av_CORN_d10;55500;INTARIAN_PEPPER_ROOT;10232;15;10229;21;;;10258;11;10260;24;;;10245.0;0.0
av_CORN_d10;55600;ASH_COATED_OSMIUM;9905;14;9901;14;;;9913;19;9916;21;;;9909.0;0.0
av_CORN_d10;55600;INTARIAN_PEPPER_ROOT;10242;10;10239;24;;;10248;20;10251;15;;;10245.0;0.0
av_CORN_d10;55700;ASH_COATED_OSMIUM;9905;10;9902;18;;;9911;11;9915;10;;;9908.0;0.0
av_CORN_d10;55700;INTARIAN_PEPPER_ROOT;10242;19;10240;25;;;10249;8;10253;27;;;10245.5;0.0
av_CORN_d10;55800;ASH_COATED_OSMIUM;9905;15;9901;18;;;9911;15;9915;18;;;9908.0;0.0
av_CORN_d10;55800;INTARIAN_PEPPER_ROOT;10243;19;10239;18;;;10249;7;10253;29;;;10246.0;0.0
av_CORN_d10;55900;ASH_COATED_OSMIUM;9905;14;9903;13;;;9911;15;9913;21;;;9908.0;0.0
av_CORN_d10;55900;INTARIAN_PEPPER_ROOT;10239;14;10236;13;;;10253;7;10257;19;;;10246.0;0.0
av_CORN_d10;56000;ASH_COATED_OSMIUM;9906;6;9904;28;;;9912;7;9916;21;;;9909.0;0.0
av_CORN_d10;56000;INTARIAN_PEPPER_ROOT;10234;16;10231;23;;;10258;12;10262;28;;;10246.0;0.0
av_CORN_d10;56100;ASH_COATED_OSMIUM;9905;20;9903;24;;;9911;14;9915;25;;;9908.0;0.0
av_CORN_d10;56100;INTARIAN_PEPPER_ROOT;10243;16;10239;17;;;10249;12;10252;26;;;10246.0;0.0
av_CORN_d10;56200;ASH_COATED_OSMIUM;9905;16;9903;21;;;9911;8;9914;16;;;9908.0;0.0
av_CORN_d10;56200;INTARIAN_PEPPER_ROOT;10243;7;10240;24;;;10249;16;10251;28;;;10246.0;0.0
av_CORN_d10;56300;ASH_COATED_OSMIUM;9906;18;9903;22;;;9912;8;9916;20;;;9909.0;0.0
av_CORN_d10;56300;INTARIAN_PEPPER_ROOT;10244;10;10241;15;;;10250;17;10253;23;;;10247.0;0.0
av_CORN_d10;56400;ASH_COATED_OSMIUM;9894;17;9892;21;;;9922;12;9926;22;;;9908.0;0.0
av_CORN_d10;56400;INTARIAN_PEPPER_ROOT;10244;9;10242;21;;;10250;15;10253;22;;;10247.0;0.0
av_CORN_d10;56500;ASH_COATED_OSMIUM;9897;5;9894;19;;;9920;14;9924;20;;;9908.5;0.0
av_CORN_d10;56500;INTARIAN_PEPPER_ROOT;10245;18;10242;11;;;10251;9;10254;21;;;10248.0;0.0
av_CORN_d10;56600;ASH_COATED_OSMIUM;9906;17;9902;16;;;9912;21;9916;17;;;9909.0;0.0
av_CORN_d10;56600;INTARIAN_PEPPER_ROOT;10243;12;10241;12;;;10252;9;10255;21;;;10247.5;0.0
av_CORN_d10;56700;ASH_COATED_OSMIUM;9900;12;9898;13;;;9917;20;9919;27;;;9908.5;0.0
av_CORN_d10;56700;INTARIAN_PEPPER_ROOT;10245;8;10242;13;;;10251;13;10255;17;;;10248.0;0.0
av_CORN_d10;56800;ASH_COATED_OSMIUM;9906;16;9902;15;;;9912;22;9914;13;;;9909.0;0.0
av_CORN_d10;56800;INTARIAN_PEPPER_ROOT;10242;14;10240;15;;;10254;8;10258;18;;;10248.0;0.0
av_CORN_d10;56900;ASH_COATED_OSMIUM;9906;11;9904;20;;;9912;10;9914;19;;;9909.0;0.0
av_CORN_d10;56900;INTARIAN_PEPPER_ROOT;10245;5;10242;12;;;10251;17;10254;17;;;10248.0;0.0
av_CORN_d10;57000;ASH_COATED_OSMIUM;9883;25;9880;24;;;9934;17;9936;16;;;9908.5;0.0
av_CORN_d10;57000;INTARIAN_PEPPER_ROOT;10245;14;10242;20;;;10251;22;10253;18;;;10248.0;0.0
av_CORN_d10;57100;ASH_COATED_OSMIUM;9901;16;9897;21;;;9916;17;9918;19;;;9908.5;0.0
av_CORN_d10;57100;INTARIAN_PEPPER_ROOT;10245;16;10243;16;;;10251;10;10255;24;;;10248.0;0.0
av_CORN_d10;57200;ASH_COATED_OSMIUM;9904;7;9900;9;;;9912;18;9915;16;;;9908.0;0.0
av_CORN_d10;57200;INTARIAN_PEPPER_ROOT;10236;7;10233;15;;;10262;5;10265;10;;;10249.0;0.0
av_CORN_d10;57300;ASH_COATED_OSMIUM;9905;10;9902;23;;;9911;5;9914;19;;;9908.0;0.0
av_CORN_d10;57300;INTARIAN_PEPPER_ROOT;10246;16;10243;17;;;10252;7;10256;26;;;10249.0;0.0
av_CORN_d10;57400;ASH_COATED_OSMIUM;9904;20;9901;24;;;9913;16;9916;26;;;9908.5;0.0
av_CORN_d10;57400;INTARIAN_PEPPER_ROOT;10247;23;10243;19;;;10253;11;10257;27;;;10250.0;0.0
av_CORN_d10;57500;ASH_COATED_OSMIUM;9905;16;9901;19;;;9911;18;9915;16;;;9908.0;0.0
av_CORN_d10;57500;INTARIAN_PEPPER_ROOT;10247;23;10244;23;;;10253;18;10255;19;;;10250.0;0.0
av_CORN_d10;57600;ASH_COATED_OSMIUM;9905;10;9903;25;;;9911;16;9915;24;;;9908.0;0.0
av_CORN_d10;57600;INTARIAN_PEPPER_ROOT;10246;18;10243;23;;;10252;6;10255;21;;;10249.0;0.0
