day;timestamp;product;bid_price_1;bid_volume_1;bid_price_2;bid_volume_2;bid_price_3;bid_volume_3;ask_price_1;ask_volume_1;ask_price_2;ask_volume_2;ask_price_3;ask_volume_3;mid_price;profit_and_loss
yf_ADM_d9;0;ASH_COATED_OSMIUM;9942;5;9939;14;;;9950;10;9952;16;;;9946.0;0.0
yf_ADM_d9;0;INTARIAN_PEPPER_ROOT;10528;16;10524;8;;;10534;11;10537;26;;;10531.0;0.0
yf_ADM_d9;100;ASH_COATED_OSMIUM;9943;18;9940;22;;;9949;12;9953;29;;;9946.0;0.0
yf_ADM_d9;100;INTARIAN_PEPPER_ROOT;10526;8;10522;25;;;10534;17;10537;18;;;10530.0;0.0
yf_ADM_d9;200;ASH_COATED_OSMIUM;9941;9;9938;14;;;9948;20;9951;13;;;9944.5;0.0
yf_ADM_d9;200;INTARIAN_PEPPER_ROOT;10526;20;10524;18;;;10532;17;10536;19;;;10529.0;0.0
yf_ADM_d9;300;ASH_COATED_OSMIUM;9941;19;9937;19;;;9947;13;9951;19;;;9944.0;0.0
yf_ADM_d9;300;INTARIAN_PEPPER_ROOT;10522;6;10518;23;;;10535;9;10537;25;;;10528.5;0.0
yf_ADM_d9;400;ASH_COATED_OSMIUM;9933;15;9929;21;;;9955;10;9957;13;;;9944.0;0.0
yf_ADM_d9;400;INTARIAN_PEPPER_ROOT;10525;10;10522;11;;;10531;18;10533;17;;;10528.0;0.0
yf_ADM_d9;500;ASH_COATED_OSMIUM;9941;18;9939;25;;;9947;9;9949;19;;;9944.0;0.0
yf_ADM_d9;500;INTARIAN_PEPPER_ROOT;10523;14;10520;25;;;10529;18;10532;23;;;10526.0;0.0
yf_ADM_d9;600;ASH_COATED_OSMIUM;9929;5;9925;24;;;9959;23;9961;19;;;9944.0;0.0
yf_ADM_d9;600;INTARIAN_PEPPER_ROOT;10523;14;10521;24;;;10529;11;10531;19;;;10526.0;0.0
yf_ADM_d9;700;ASH_COATED_OSMIUM;9940;15;9937;17;;;9947;11;9949;27;;;9943.5;0.0
yf_ADM_d9;700;INTARIAN_PEPPER_ROOT;10521;8;10519;17;;;10527;17;10530;17;;;10524.0;0.0
yf_ADM_d9;800;ASH_COATED_OSMIUM;9933;18;9930;10;;;9954;10;9957;16;;;9943.5;0.0
yf_ADM_d9;800;INTARIAN_PEPPER_ROOT;10519;16;10517;9;;;10528;11;10531;23;;;10523.5;0.0
yf_ADM_d9;900;ASH_COATED_OSMIUM;9940;19;9938;20;;;9946;19;9950;8;;;9943.0;0.0
yf_ADM_d9;900;INTARIAN_PEPPER_ROOT;10520;18;10517;22;;;10526;7;10529;12;;;10523.0;0.0
yf_ADM_d9;1000;ASH_COATED_OSMIUM;9939;17;9936;13;;;9945;24;9949;21;;;9942.0;0.0
yf_ADM_d9;1000;INTARIAN_PEPPER_ROOT;10517;10;10513;16;;;10527;6;10530;8;;;10522.0;0.0
yf_ADM_d9;1100;ASH_COATED_OSMIUM;9937;18;9934;34;;;9948;15;9950;16;;;9942.5;0.0
yf_ADM_d9;1100;INTARIAN_PEPPER_ROOT;10518;20;10515;22;;;10524;19;10526;16;;;10521.0;0.0
yf_ADM_d9;1200;ASH_COATED_OSMIUM;9930;15;9926;28;;;9954;9;9958;14;;;9942.0;0.0
yf_ADM_d9;1200;INTARIAN_PEPPER_ROOT;10517;10;10515;22;;;10523;14;10525;20;;;10520.0;0.0
yf_ADM_d9;1300;ASH_COATED_OSMIUM;9933;12;9931;23;;;9951;20;9953;17;;;9942.0;0.0
yf_ADM_d9;1300;INTARIAN_PEPPER_ROOT;10503;7;10499;26;;;10536;11;10539;15;;;10519.5;0.0
yf_ADM_d9;1400;ASH_COATED_OSMIUM;9937;21;9934;20;;;9947;13;9951;24;;;9942.0;0.0
yf_ADM_d9;1400;INTARIAN_PEPPER_ROOT;10516;15;10512;9;;;10522;13;10525;15;;;10519.0;0.0
yf_ADM_d9;1500;ASH_COATED_OSMIUM;9934;16;9930;24;;;9949;14;9951;24;;;9941.5;0.0
yf_ADM_d9;1500;INTARIAN_PEPPER_ROOT;10515;19;10512;23;;;10521;14;10525;13;;;10518.0;0.0
yf_ADM_d9;1600;ASH_COATED_OSMIUM;9938;11;9935;14;;;9944;13;9946;23;;;9941.0;0.0
yf_ADM_d9;1600;INTARIAN_PEPPER_ROOT;10502;9;10498;22;;;10531;20;10533;23;;;10516.5;0.0
yf_ADM_d9;1700;ASH_COATED_OSMIUM;9937;19;9935;19;;;9943;23;9945;20;;;9940.0;0.0
yf_ADM_d9;1700;INTARIAN_PEPPER_ROOT;10508;21;10504;18;;;10523;17;10527;30;;;10515.5;0.0
yf_ADM_d9;1800;ASH_COATED_OSMIUM;9934;18;9932;29;;;9947;5;9950;21;;;9940.5;0.0
yf_ADM_d9;1800;INTARIAN_PEPPER_ROOT;10511;12;10508;16;;;10518;11;10521;16;;;10514.5;0.0
yf_ADM_d9;1900;ASH_COATED_OSMIUM;9937;13;9934;18;;;9943;20;9945;19;;;9940.0;0.0
yf_ADM_d9;1900;INTARIAN_PEPPER_ROOT;10511;5;10509;24;;;10517;28;10520;9;;;10514.0;0.0
yf_ADM_d9;2000;ASH_COATED_OSMIUM;9927;9;9924;24;;;9951;15;9954;19;;;9939.0;0.0
yf_ADM_d9;2000;INTARIAN_PEPPER_ROOT;10506;13;10504;26;;;10521;5;10524;22;;;10513.5;0.0
yf_ADM_d9;2100;ASH_COATED_OSMIUM;9936;14;9934;15;;;9942;11;9945;22;;;9939.0;0.0
yf_ADM_d9;2100;INTARIAN_PEPPER_ROOT;10508;11;10505;25;;;10517;14;10519;25;;;10512.5;0.0
yf_ADM_d9;2200;ASH_COATED_OSMIUM;9936;16;9933;14;;;9942;14;9944;14;;;9939.0;0.0
yf_ADM_d9;2200;INTARIAN_PEPPER_ROOT;10507;7;10505;11;;;10516;10;10518;21;;;10511.5;0.0
yf_ADM_d9;2300;ASH_COATED_OSMIUM;9936;15;9932;16;;;9942;8;9944;21;;;9939.0;0.0
yf_ADM_d9;2300;INTARIAN_PEPPER_ROOT;10504;13;10500;24;;;10516;21;10519;13;;;10510.0;0.0
yf_ADM_d9;2400;ASH_COATED_OSMIUM;9935;11;9931;21;;;9941;13;9944;25;;;9938.0;0.0
yf_ADM_d9;2400;INTARIAN_PEPPER_ROOT;10506;15;10502;17;;;10514;21;10518;18;;;10510.0;0.0
yf_ADM_d9;2500;ASH_COATED_OSMIUM;9935;20;9931;23;;;9942;10;9946;16;;;9938.5;0.0
yf_ADM_d9;2500;INTARIAN_PEPPER_ROOT;10506;7;10504;23;;;10512;9;10516;17;;;10509.0;0.0
yf_ADM_d9;2600;ASH_COATED_OSMIUM;9935;15;9932;14;;;9941;9;9944;21;;;9938.0;0.0
yf_ADM_d9;2600;INTARIAN_PEPPER_ROOT;10505;12;10503;22;;;10511;17;10514;26;;;10508.0;0.0
yf_ADM_d9;2700;ASH_COATED_OSMIUM;9935;14;9933;18;;;9941;15;9944;23;;;9938.0;0.0
yf_ADM_d9;2700;INTARIAN_PEPPER_ROOT;10504;14;10502;17;;;10510;13;10512;20;;;10507.0;0.0
yf_ADM_d9;2800;ASH_COATED_OSMIUM;9935;15;9932;24;;;9941;17;9945;23;;;9938.0;0.0
yf_ADM_d9;2800;INTARIAN_PEPPER_ROOT;10500;17;10497;24;;;10513;14;10517;20;;;10506.5;0.0
yf_ADM_d9;2900;ASH_COATED_OSMIUM;9935;19;9933;21;;;9941;14;9943;12;;;9938.0;0.0
yf_ADM_d9;2900;INTARIAN_PEPPER_ROOT;10500;17;10496;15;;;10511;15;10514;20;;;10505.5;0.0
yf_ADM_d9;3000;ASH_COATED_OSMIUM;9934;10;9932;27;;;9940;9;9942;26;;;9937.0;0.0
yf_ADM_d9;3000;INTARIAN_PEPPER_ROOT;10497;14;10495;28;;;10511;16;10513;8;;;10504.0;0.0
yf_ADM_d9;3100;ASH_COATED_OSMIUM;9934;15;9931;26;;;9940;14;9943;25;;;9937.0;0.0
yf_ADM_d9;3100;INTARIAN_PEPPER_ROOT;10499;18;10496;13;;;10508;11;10511;18;;;10503.5;0.0
yf_ADM_d9;3200;ASH_COATED_OSMIUM;9934;17;9930;21;;;9940;19;9942;18;;;9937.0;0.0
yf_ADM_d9;3200;INTARIAN_PEPPER_ROOT;10493;10;10489;19;;;10513;19;10515;15;;;10503.0;0.0
yf_ADM_d9;3300;ASH_COATED_OSMIUM;9933;19;9929;17;;;9939;5;9941;22;;;9936.0;0.0
yf_ADM_d9;3300;INTARIAN_PEPPER_ROOT;10498;10;10494;11;;;10504;19;10508;18;;;10501.0;0.0
yf_ADM_d9;3400;ASH_COATED_OSMIUM;9930;11;9926;22;;;9943;10;9945;26;;;9936.5;0.0
yf_ADM_d9;3400;INTARIAN_PEPPER_ROOT;10498;10;10495;22;;;10504;20;10508;25;;;10501.0;0.0
yf_ADM_d9;3500;ASH_COATED_OSMIUM;9932;11;9928;14;;;9938;7;9940;21;;;9935.0;0.0
yf_ADM_d9;3500;INTARIAN_PEPPER_ROOT;10487;15;10485;14;;;10512;23;10514;19;;;10499.5;0.0
yf_ADM_d9;3600;ASH_COATED_OSMIUM;9931;15;9929;25;;;9941;21;9944;22;;;9936.0;0.0
yf_ADM_d9;3600;INTARIAN_PEPPER_ROOT;10494;19;10490;17;;;10505;9;10508;21;;;10499.5;0.0
yf_ADM_d9;3700;ASH_COATED_OSMIUM;9930;19;9928;16;;;9941;7;9945;15;;;9935.5;0.0
yf_ADM_d9;3700;INTARIAN_PEPPER_ROOT;10494;18;10490;20;;;10501;11;10504;14;;;10497.5;0.0
yf_ADM_d9;3800;ASH_COATED_OSMIUM;9932;16;9929;18;;;9938;14;9942;28;;;9935.0;0.0
yf_ADM_d9;3800;INTARIAN_PEPPER_ROOT;10494;18;10492;24;;;10500;5;10502;24;;;10497.0;0.0
yf_ADM_d9;3900;ASH_COATED_OSMIUM;9932;15;9928;19;;;9938;7;9940;16;;;9935.0;0.0
yf_ADM_d9;3900;INTARIAN_PEPPER_ROOT;10491;20;10488;17;;;10501;12;10503;21;;;10496.0;0.0
yf_ADM_d9;4000;ASH_COATED_OSMIUM;9931;19;9927;19;;;9937;9;9939;19;;;9934.0;0.0
yf_ADM_d9;4000;INTARIAN_PEPPER_ROOT;10493;21;10491;22;;;10499;14;10503;15;;;10496.0;0.0
yf_ADM_d9;4100;ASH_COATED_OSMIUM;9931;26;9927;17;;;9937;9;9940;23;;;9934.0;0.0
yf_ADM_d9;4100;INTARIAN_PEPPER_ROOT;10492;15;10488;12;;;10498;26;10500;16;;;10495.0;0.0
yf_ADM_d9;4200;ASH_COATED_OSMIUM;9929;10;9925;21;;;9938;14;9940;25;;;9933.5;0.0
yf_ADM_d9;4200;INTARIAN_PEPPER_ROOT;10491;16;10488;21;;;10497;11;10500;16;;;10494.0;0.0
yf_ADM_d9;4300;ASH_COATED_OSMIUM;9928;16;9925;18;;;9938;15;9942;27;;;9933.0;0.0
yf_ADM_d9;4300;INTARIAN_PEPPER_ROOT;10490;23;10487;13;;;10496;10;10498;18;;;10493.0;0.0
yf_ADM_d9;4400;ASH_COATED_OSMIUM;9930;7;9927;18;;;9936;13;9939;25;;;9933.0;0.0
yf_ADM_d9;4400;INTARIAN_PEPPER_ROOT;10489;20;10487;19;;;10495;16;10497;8;;;10492.0;0.0
yf_ADM_d9;4500;ASH_COATED_OSMIUM;9928;11;9926;13;;;9939;24;9943;16;;;9933.5;0.0
yf_ADM_d9;4500;INTARIAN_PEPPER_ROOT;10488;8;10486;20;;;10494;17;10497;17;;;10491.0;0.0
yf_ADM_d9;4600;ASH_COATED_OSMIUM;9929;10;9926;26;;;9935;25;9937;20;;;9932.0;0.0
yf_ADM_d9;4600;INTARIAN_PEPPER_ROOT;10487;5;10483;21;;;10493;12;10495;25;;;10490.0;0.0
yf_ADM_d9;4700;ASH_COATED_OSMIUM;9928;15;9924;28;;;9936;10;9940;22;;;9932.0;0.0
yf_ADM_d9;4700;INTARIAN_PEPPER_ROOT;10486;8;10484;18;;;10492;29;10495;11;;;10489.0;0.0
yf_ADM_d9;4800;ASH_COATED_OSMIUM;9929;8;9925;24;;;9935;8;9939;23;;;9932.0;0.0
yf_ADM_d9;4800;INTARIAN_PEPPER_ROOT;10486;10;10484;26;;;10492;24;10495;22;;;10489.0;0.0
yf_ADM_d9;4900;ASH_COATED_OSMIUM;9926;12;9923;19;;;9938;15;9942;26;;;9932.0;0.0
yf_ADM_d9;4900;INTARIAN_PEPPER_ROOT;10484;12;10480;17;;;10490;20;10493;25;;;10487.0;0.0
yf_ADM_d9;5000;ASH_COATED_OSMIUM;9923;10;9921;19;;;9941;6;9945;19;;;9932.0;0.0
yf_ADM_d9;5000;INTARIAN_PEPPER_ROOT;10483;8;10479;18;;;10491;7;10495;26;;;10487.0;0.0
yf_ADM_d9;5100;ASH_COATED_OSMIUM;9928;14;9924;17;;;9934;21;9936;18;;;9931.0;0.0
yf_ADM_d9;5100;INTARIAN_PEPPER_ROOT;10482;13;10479;14;;;10488;15;10492;17;;;10485.0;0.0
yf_ADM_d9;5200;ASH_COATED_OSMIUM;9928;19;9924;24;;;9935;18;9938;23;;;9931.5;0.0
yf_ADM_d9;5200;INTARIAN_PEPPER_ROOT;10482;13;10478;16;;;10488;17;10492;28;;;10485.0;0.0
yf_ADM_d9;5300;ASH_COATED_OSMIUM;9914;14;9910;29;;;9946;17;9950;23;;;9930.0;0.0
yf_ADM_d9;5300;INTARIAN_PEPPER_ROOT;10481;13;10478;12;;;10487;16;10490;27;;;10484.0;0.0
yf_ADM_d9;5400;ASH_COATED_OSMIUM;9920;16;9916;12;;;9941;15;9945;19;;;9930.5;0.0
yf_ADM_d9;5400;INTARIAN_PEPPER_ROOT;10475;11;10473;28;;;10491;12;10495;26;;;10483.0;0.0
yf_ADM_d9;5500;ASH_COATED_OSMIUM;9927;9;9923;17;;;9933;16;9937;24;;;9930.0;0.0
yf_ADM_d9;5500;INTARIAN_PEPPER_ROOT;10479;12;10475;22;;;10486;20;10489;21;;;10482.5;0.0
yf_ADM_d9;5600;ASH_COATED_OSMIUM;9927;19;9923;23;;;9933;18;9937;23;;;9930.0;0.0
yf_ADM_d9;5600;INTARIAN_PEPPER_ROOT;10464;12;10462;23;;;10501;17;10505;17;;;10482.5;0.0
yf_ADM_d9;5700;ASH_COATED_OSMIUM;9927;18;9923;23;;;9933;17;9937;33;;;9930.0;0.0
yf_ADM_d9;5700;INTARIAN_PEPPER_ROOT;10475;14;10472;15;;;10486;15;10489;22;;;10480.5;0.0
yf_ADM_d9;5800;ASH_COATED_OSMIUM;9926;15;9924;19;;;9932;19;9935;24;;;9929.0;0.0
yf_ADM_d9;5800;INTARIAN_PEPPER_ROOT;10475;8;10472;28;;;10486;19;10490;21;;;10480.5;0.0
yf_ADM_d9;5900;ASH_COATED_OSMIUM;9925;11;9923;25;;;9934;12;9938;12;;;9929.5;0.0
yf_ADM_d9;5900;INTARIAN_PEPPER_ROOT;10460;28;10456;16;;;10496;24;10499;24;;;10478.0;0.0
yf_ADM_d9;6000;ASH_COATED_OSMIUM;9926;18;9923;16;;;9932;12;9934;23;;;9929.0;0.0
yf_ADM_d9;6000;INTARIAN_PEPPER_ROOT;10474;11;10472;20;;;10480;16;10483;17;;;10477.0;0.0
yf_ADM_d9;6100;ASH_COATED_OSMIUM;9926;14;9923;23;;;9932;17;9935;27;;;9929.0;0.0
yf_ADM_d9;6100;INTARIAN_PEPPER_ROOT;10472;20;10469;19;;;10481;14;10485;22;;;10476.5;0.0
yf_ADM_d9;6200;ASH_COATED_OSMIUM;9925;11;9923;11;;;9931;20;9934;23;;;9928.0;0.0
yf_ADM_d9;6200;INTARIAN_PEPPER_ROOT;10459;17;10457;16;;;10494;16;10498;14;;;10476.5;0.0
yf_ADM_d9;6300;ASH_COATED_OSMIUM;9925;23;9922;18;;;9931;14;9935;18;;;9928.0;0.0
yf_ADM_d9;6300;INTARIAN_PEPPER_ROOT;10472;14;10469;16;;;10478;20;10482;17;;;10475.0;0.0
yf_ADM_d9;6400;ASH_COATED_OSMIUM;9923;22;9921;23;;;9931;7;9933;22;;;9927.0;0.0
yf_ADM_d9;6400;INTARIAN_PEPPER_ROOT;10471;6;10467;19;;;10477;6;10480;22;;;10474.0;0.0
yf_ADM_d9;6500;ASH_COATED_OSMIUM;9917;10;9914;13;;;9937;15;9941;23;;;9927.0;0.0
yf_ADM_d9;6500;INTARIAN_PEPPER_ROOT;10470;13;10467;11;;;10476;14;10479;26;;;10473.0;0.0
yf_ADM_d9;6600;ASH_COATED_OSMIUM;9925;18;9923;11;;;9931;12;9935;8;;;9928.0;0.0
yf_ADM_d9;6600;INTARIAN_PEPPER_ROOT;10468;20;10465;21;;;10477;14;10481;21;;;10472.5;0.0
yf_ADM_d9;6700;ASH_COATED_OSMIUM;9924;11;9920;12;;;9930;13;9932;20;;;9927.0;0.0
yf_ADM_d9;6700;INTARIAN_PEPPER_ROOT;10469;15;10465;26;;;10475;15;10478;23;;;10472.0;0.0
yf_ADM_d9;6800;ASH_COATED_OSMIUM;9921;17;9918;16;;;9932;12;9936;16;;;9926.5;0.0
yf_ADM_d9;6800;INTARIAN_PEPPER_ROOT;10468;20;10466;19;;;10474;18;10478;22;;;10471.0;0.0
yf_ADM_d9;6900;ASH_COATED_OSMIUM;9920;14;9916;25;;;9933;5;9937;16;;;9926.5;0.0
yf_ADM_d9;6900;INTARIAN_PEPPER_ROOT;10466;17;10462;12;;;10472;11;10476;30;;;10469.0;0.0
yf_ADM_d9;7000;ASH_COATED_OSMIUM;9924;13;9920;20;;;9930;21;9933;20;;;9927.0;0.0
yf_ADM_d9;7000;INTARIAN_PEPPER_ROOT;10463;17;10460;8;;;10475;15;10478;20;;;10469.0;0.0
yf_ADM_d9;7100;ASH_COATED_OSMIUM;9923;23;9921;24;;;9929;17;9932;23;;;9926.0;0.0
yf_ADM_d9;7100;INTARIAN_PEPPER_ROOT;10465;26;10463;27;;;10471;5;10473;12;;;10468.0;0.0
yf_ADM_d9;7200;ASH_COATED_OSMIUM;9923;13;9919;21;;;9929;22;9932;19;;;9926.0;0.0
yf_ADM_d9;7200;INTARIAN_PEPPER_ROOT;10463;24;10461;21;;;10471;16;10473;20;;;10467.0;0.0
yf_ADM_d9;7300;ASH_COATED_OSMIUM;9912;28;9910;18;;;9939;12;9942;15;;;9925.5;0.0
yf_ADM_d9;7300;INTARIAN_PEPPER_ROOT;10463;14;10459;17;;;10469;18;10472;13;;;10466.0;0.0
yf_ADM_d9;7400;ASH_COATED_OSMIUM;9922;16;9919;30;;;9928;11;9931;19;;;9925.0;0.0
yf_ADM_d9;7400;INTARIAN_PEPPER_ROOT;10462;28;10458;10;;;10469;26;10471;35;;;10465.5;0.0
yf_ADM_d9;7500;ASH_COATED_OSMIUM;9922;17;9919;18;;;9928;16;9930;22;;;9925.0;0.0
yf_ADM_d9;7500;INTARIAN_PEPPER_ROOT;10435;11;10432;18;;;10494;15;10498;15;;;10464.5;0.0
yf_ADM_d9;7600;ASH_COATED_OSMIUM;9922;11;9918;15;;;9928;14;9931;24;;;9925.0;0.0
yf_ADM_d9;7600;INTARIAN_PEPPER_ROOT;10460;14;10457;15;;;10467;20;10471;21;;;10463.5;0.0
yf_ADM_d9;7700;ASH_COATED_OSMIUM;9919;9;9915;23;;;9930;14;9932;18;;;9924.5;0.0
yf_ADM_d9;7700;INTARIAN_PEPPER_ROOT;10459;10;10455;19;;;10466;13;10469;29;;;10462.5;0.0
yf_ADM_d9;7800;ASH_COATED_OSMIUM;9921;15;9919;25;;;9927;21;9929;30;;;9924.0;0.0
yf_ADM_d9;7800;INTARIAN_PEPPER_ROOT;10457;12;10455;12;;;10467;17;10471;28;;;10462.0;0.0
yf_ADM_d9;7900;ASH_COATED_OSMIUM;9921;22;9919;24;;;9927;9;9930;19;;;9924.0;0.0
yf_ADM_d9;7900;INTARIAN_PEPPER_ROOT;10457;20;10454;21;;;10465;16;10468;25;;;10461.0;0.0
yf_ADM_d9;8000;ASH_COATED_OSMIUM;9921;21;9917;20;;;9927;16;9930;13;;;9924.0;0.0
yf_ADM_d9;8000;INTARIAN_PEPPER_ROOT;10457;13;10454;22;;;10463;19;10465;24;;;10460.0;0.0
yf_ADM_d9;8100;ASH_COATED_OSMIUM;9920;15;9917;15;;;9927;19;9931;17;;;9923.5;0.0
yf_ADM_d9;8100;INTARIAN_PEPPER_ROOT;10457;6;10454;22;;;10463;13;10466;14;;;10460.0;0.0
yf_ADM_d9;8200;ASH_COATED_OSMIUM;9920;13;9916;18;;;9926;17;9929;20;;;9923.0;0.0
yf_ADM_d9;8200;INTARIAN_PEPPER_ROOT;10455;12;10453;18;;;10461;14;10465;22;;;10458.0;0.0
yf_ADM_d9;8300;ASH_COATED_OSMIUM;9920;13;9917;25;;;9926;16;9930;18;;;9923.0;0.0
yf_ADM_d9;8300;INTARIAN_PEPPER_ROOT;10455;10;10453;21;;;10461;12;10465;32;;;10458.0;0.0
yf_ADM_d9;8400;ASH_COATED_OSMIUM;9920;28;9918;13;;;9926;16;9928;27;;;9923.0;0.0
yf_ADM_d9;8400;INTARIAN_PEPPER_ROOT;10454;16;10450;13;;;10460;19;10462;17;;;10457.0;0.0
yf_ADM_d9;8500;ASH_COATED_OSMIUM;9919;11;9917;17;;;9925;10;9927;17;;;9922.0;0.0
yf_ADM_d9;8500;INTARIAN_PEPPER_ROOT;10452;12;10450;22;;;10458;13;10460;23;;;10455.0;0.0
yf_ADM_d9;8600;ASH_COATED_OSMIUM;9919;11;9916;16;;;9925;21;9929;29;;;9922.0;0.0
yf_ADM_d9;8600;INTARIAN_PEPPER_ROOT;10445;15;10442;25;;;10465;15;10468;15;;;10455.0;0.0
yf_ADM_d9;8700;ASH_COATED_OSMIUM;9915;18;9911;16;;;9927;11;9931;24;;;9921.0;0.0
yf_ADM_d9;8700;INTARIAN_PEPPER_ROOT;10450;12;10448;20;;;10458;12;10461;21;;;10454.0;0.0
yf_ADM_d9;8800;ASH_COATED_OSMIUM;9919;13;9916;16;;;9925;19;9927;18;;;9922.0;0.0
yf_ADM_d9;8800;INTARIAN_PEPPER_ROOT;10451;18;10449;24;;;10457;10;10459;20;;;10454.0;0.0
yf_ADM_d9;8900;ASH_COATED_OSMIUM;9916;5;9914;18;;;9927;9;9931;13;;;9921.5;0.0
yf_ADM_d9;8900;INTARIAN_PEPPER_ROOT;10446;23;10442;18;;;10457;15;10459;21;;;10451.5;0.0
yf_ADM_d9;9000;ASH_COATED_OSMIUM;9918;15;9915;12;;;9924;12;9926;27;;;9921.0;0.0
yf_ADM_d9;9000;INTARIAN_PEPPER_ROOT;10448;5;10444;23;;;10455;10;10459;13;;;10451.5;0.0
yf_ADM_d9;9100;ASH_COATED_OSMIUM;9917;18;9913;16;;;9924;15;9928;17;;;9920.5;0.0
yf_ADM_d9;9100;INTARIAN_PEPPER_ROOT;10447;16;10443;23;;;10453;11;10456;33;;;10450.0;0.0
yf_ADM_d9;9200;ASH_COATED_OSMIUM;9917;13;9913;13;;;9923;13;9926;23;;;9920.0;0.0
yf_ADM_d9;9200;INTARIAN_PEPPER_ROOT;10447;17;10445;21;;;10453;11;10457;19;;;10450.0;0.0
yf_ADM_d9;9300;ASH_COATED_OSMIUM;9917;9;9913;21;;;9923;24;9926;28;;;9920.0;0.0
yf_ADM_d9;9300;INTARIAN_PEPPER_ROOT;10444;10;10441;21;;;10453;17;10455;15;;;10448.5;0.0
yf_ADM_d9;9400;ASH_COATED_OSMIUM;9917;9;9913;32;;;9923;14;9927;25;;;9920.0;0.0
yf_ADM_d9;9400;INTARIAN_PEPPER_ROOT;10445;11;10443;18;;;10451;15;10454;15;;;10448.0;0.0
yf_ADM_d9;9500;ASH_COATED_OSMIUM;9916;12;9914;17;;;9923;16;9927;21;;;9919.5;0.0
yf_ADM_d9;9500;INTARIAN_PEPPER_ROOT;10444;16;10441;22;;;10450;17;10452;23;;;10447.0;0.0
yf_ADM_d9;9600;ASH_COATED_OSMIUM;9914;21;9910;24;;;9924;9;9928;15;;;9919.0;0.0
yf_ADM_d9;9600;INTARIAN_PEPPER_ROOT;10443;25;10440;25;;;10449;16;10451;18;;;10446.0;0.0
yf_ADM_d9;9700;ASH_COATED_OSMIUM;9916;11;9913;20;;;9922;13;9925;24;;;9919.0;0.0
yf_ADM_d9;9700;INTARIAN_PEPPER_ROOT;10442;5;10439;25;;;10448;17;10451;21;;;10445.0;0.0
yf_ADM_d9;9800;ASH_COATED_OSMIUM;9916;23;9912;19;;;9922;19;9926;15;;;9919.0;0.0
yf_ADM_d9;9800;INTARIAN_PEPPER_ROOT;10440;17;10436;23;;;10449;20;10453;8;;;10444.5;0.0
yf_ADM_d9;9900;ASH_COATED_OSMIUM;9915;12;9911;14;;;9921;18;9925;21;;;9918.0;0.0
yf_ADM_d9;9900;INTARIAN_PEPPER_ROOT;10437;15;10433;13;;;10448;18;10452;19;;;10442.5;0.0
yf_ADM_d9;10000;ASH_COATED_OSMIUM;9910;12;9908;13;;;9925;9;9929;25;;;9917.5;0.0
yf_ADM_d9;10000;INTARIAN_PEPPER_ROOT;10434;23;10432;22;;;10450;23;10452;24;;;10442.0;0.0
yf_ADM_d9;10100;ASH_COATED_OSMIUM;9915;16;9913;21;;;9921;14;9923;22;;;9918.0;0.0
yf_ADM_d9;10100;INTARIAN_PEPPER_ROOT;10438;7;10436;18;;;10445;21;10448;25;;;10441.5;0.0
yf_ADM_d9;10200;ASH_COATED_OSMIUM;9906;18;9904;24;;;9929;11;9931;32;;;9917.5;0.0
yf_ADM_d9;10200;INTARIAN_PEPPER_ROOT;10430;12;10426;17;;;10452;14;10454;15;;;10441.0;0.0
yf_ADM_d9;10300;ASH_COATED_OSMIUM;9914;11;9912;15;;;9920;17;9924;29;;;9917.0;0.0
yf_ADM_d9;10300;INTARIAN_PEPPER_ROOT;10434;13;10431;16;;;10445;16;10447;28;;;10439.5;0.0
yf_ADM_d9;10400;ASH_COATED_OSMIUM;9911;14;9908;19;;;9923;14;9926;16;;;9917.0;0.0
yf_ADM_d9;10400;INTARIAN_PEPPER_ROOT;10436;5;10434;12;;;10442;12;10446;24;;;10439.0;0.0
yf_ADM_d9;10500;ASH_COATED_OSMIUM;9913;15;9909;27;;;9921;14;9924;14;;;9917.0;0.0
yf_ADM_d9;10500;INTARIAN_PEPPER_ROOT;10435;10;10431;22;;;10441;17;10443;21;;;10438.0;0.0
yf_ADM_d9;10600;ASH_COATED_OSMIUM;9912;15;9909;18;;;9920;20;9924;25;;;9916.0;0.0
yf_ADM_d9;10600;INTARIAN_PEPPER_ROOT;10432;16;10428;20;;;10444;16;10447;23;;;10438.0;0.0
yf_ADM_d9;10700;ASH_COATED_OSMIUM;9913;19;9910;25;;;9919;12;9923;23;;;9916.0;0.0
yf_ADM_d9;10700;INTARIAN_PEPPER_ROOT;10433;10;10430;23;;;10439;15;10442;15;;;10436.0;0.0
yf_ADM_d9;10800;ASH_COATED_OSMIUM;9913;11;9910;17;;;9919;9;9921;27;;;9916.0;0.0
yf_ADM_d9;10800;INTARIAN_PEPPER_ROOT;10432;8;10429;13;;;10438;21;10441;28;;;10435.0;0.0
yf_ADM_d9;10900;ASH_COATED_OSMIUM;9913;17;9910;14;;;9919;27;9922;9;;;9916.0;0.0
yf_ADM_d9;10900;INTARIAN_PEPPER_ROOT;10431;16;10427;24;;;10437;12;10439;19;;;10434.0;0.0
yf_ADM_d9;11000;ASH_COATED_OSMIUM;9911;6;9908;24;;;9922;7;9924;12;;;9916.5;0.0
yf_ADM_d9;11000;INTARIAN_PEPPER_ROOT;10429;20;10425;24;;;10437;14;10439;16;;;10433.0;0.0
yf_ADM_d9;11100;ASH_COATED_OSMIUM;9902;11;9899;10;;;9928;23;9931;10;;;9915.0;0.0
yf_ADM_d9;11100;INTARIAN_PEPPER_ROOT;10426;15;10424;18;;;10437;18;10441;19;;;10431.5;0.0
yf_ADM_d9;11200;ASH_COATED_OSMIUM;9912;15;9910;14;;;9918;8;9920;13;;;9915.0;0.0
yf_ADM_d9;11200;INTARIAN_PEPPER_ROOT;10428;19;10424;17;;;10434;16;10436;15;;;10431.0;0.0
yf_ADM_d9;11300;ASH_COATED_OSMIUM;9912;17;9909;24;;;9918;12;9920;22;;;9915.0;0.0
yf_ADM_d9;11300;INTARIAN_PEPPER_ROOT;10427;21;10425;18;;;10435;10;10437;30;;;10431.0;0.0
yf_ADM_d9;11400;ASH_COATED_OSMIUM;9906;22;9903;18;;;9922;11;9925;23;;;9914.0;0.0
yf_ADM_d9;11400;INTARIAN_PEPPER_ROOT;10424;6;10420;17;;;10436;8;10438;17;;;10430.0;0.0
yf_ADM_d9;11500;ASH_COATED_OSMIUM;9911;15;9909;8;;;9917;11;9920;34;;;9914.0;0.0
yf_ADM_d9;11500;INTARIAN_PEPPER_ROOT;10426;11;10423;14;;;10432;18;10435;17;;;10429.0;0.0
yf_ADM_d9;11600;ASH_COATED_OSMIUM;9911;15;9907;8;;;9917;16;9920;26;;;9914.0;0.0
yf_ADM_d9;11600;INTARIAN_PEPPER_ROOT;10425;13;10422;21;;;10431;16;10433;15;;;10428.0;0.0
yf_ADM_d9;11700;ASH_COATED_OSMIUM;9911;20;9908;13;;;9917;18;9921;20;;;9914.0;0.0
yf_ADM_d9;11700;INTARIAN_PEPPER_ROOT;10424;14;10421;22;;;10430;10;10434;25;;;10427.0;0.0
yf_ADM_d9;11800;ASH_COATED_OSMIUM;9909;11;9905;24;;;9917;20;9919;8;;;9913.0;0.0
yf_ADM_d9;11800;INTARIAN_PEPPER_ROOT;10423;20;10421;32;;;10429;23;10431;17;;;10426.0;0.0
yf_ADM_d9;11900;ASH_COATED_OSMIUM;9905;8;9903;14;;;9920;20;9924;24;;;9912.5;0.0
yf_ADM_d9;11900;INTARIAN_PEPPER_ROOT;10422;25;10420;21;;;10428;14;10430;20;;;10425.0;0.0
yf_ADM_d9;12000;ASH_COATED_OSMIUM;9910;19;9908;13;;;9916;9;9919;20;;;9913.0;0.0
yf_ADM_d9;12000;INTARIAN_PEPPER_ROOT;10422;5;10420;31;;;10428;18;10430;22;;;10425.0;0.0
yf_ADM_d9;12100;ASH_COATED_OSMIUM;9910;20;9906;26;;;9916;19;9918;25;;;9913.0;0.0
yf_ADM_d9;12100;INTARIAN_PEPPER_ROOT;10421;12;10417;16;;;10427;15;10429;21;;;10424.0;0.0
yf_ADM_d9;12200;ASH_COATED_OSMIUM;9909;13;9907;16;;;9915;10;9917;18;;;9912.0;0.0
yf_ADM_d9;12200;INTARIAN_PEPPER_ROOT;10414;15;10411;23;;;10431;11;10433;22;;;10422.5;0.0
yf_ADM_d9;12300;ASH_COATED_OSMIUM;9903;17;9901;16;;;9920;14;9923;18;;;9911.5;0.0
yf_ADM_d9;12300;INTARIAN_PEPPER_ROOT;10416;15;10414;17;;;10428;11;10430;14;;;10422.0;0.0
yf_ADM_d9;12400;ASH_COATED_OSMIUM;9908;14;9905;15;;;9914;17;9917;18;;;9911.0;0.0
yf_ADM_d9;12400;INTARIAN_PEPPER_ROOT;10411;14;10408;16;;;10431;11;10434;14;;;10421.0;0.0
yf_ADM_d9;12500;ASH_COATED_OSMIUM;9909;9;9906;24;;;9915;15;9919;23;;;9912.0;0.0
yf_ADM_d9;12500;INTARIAN_PEPPER_ROOT;10417;17;10414;23;;;10424;9;10426;24;;;10420.5;0.0
yf_ADM_d9;12600;ASH_COATED_OSMIUM;9908;20;9906;24;;;9914;13;9916;15;;;9911.0;0.0
yf_ADM_d9;12600;INTARIAN_PEPPER_ROOT;10416;30;10414;23;;;10422;16;10426;9;;;10419.0;0.0
yf_ADM_d9;12700;ASH_COATED_OSMIUM;9908;17;9905;16;;;9914;14;9917;21;;;9911.0;0.0
yf_ADM_d9;12700;INTARIAN_PEPPER_ROOT;10416;15;10413;10;;;10422;9;10426;22;;;10419.0;0.0
yf_ADM_d9;12800;ASH_COATED_OSMIUM;9907;18;9904;13;;;9913;13;9917;22;;;9910.0;0.0
yf_ADM_d9;12800;INTARIAN_PEPPER_ROOT;10410;6;10407;8;;;10425;21;10428;13;;;10417.5;0.0
yf_ADM_d9;12900;ASH_COATED_OSMIUM;9908;14;9904;12;;;9914;14;9918;23;;;9911.0;0.0
yf_ADM_d9;12900;INTARIAN_PEPPER_ROOT;10410;18;10407;27;;;10423;8;10427;21;;;10416.5;0.0
yf_ADM_d9;13000;ASH_COATED_OSMIUM;9894;16;9890;22;;;9925;16;9929;21;;;9909.5;0.0
yf_ADM_d9;13000;INTARIAN_PEPPER_ROOT;10411;15;10409;21;;;10420;13;10423;17;;;10415.5;0.0
yf_ADM_d9;13100;ASH_COATED_OSMIUM;9907;11;9903;15;;;9913;9;9916;22;;;9910.0;0.0
yf_ADM_d9;13100;INTARIAN_PEPPER_ROOT;10408;9;10404;25;;;10422;17;10425;13;;;10415.0;0.0
yf_ADM_d9;13200;ASH_COATED_OSMIUM;9906;17;9904;14;;;9912;15;9916;16;;;9909.0;0.0
yf_ADM_d9;13200;INTARIAN_PEPPER_ROOT;10409;6;10405;21;;;10418;21;10422;22;;;10413.5;0.0
yf_ADM_d9;13300;ASH_COATED_OSMIUM;9907;12;9903;26;;;9913;7;9916;22;;;9910.0;0.0
yf_ADM_d9;13300;INTARIAN_PEPPER_ROOT;10410;21;10406;24;;;10417;15;10420;10;;;10413.5;0.0
yf_ADM_d9;13400;ASH_COATED_OSMIUM;9905;17;9903;23;;;9913;21;9916;17;;;9909.0;0.0
yf_ADM_d9;13400;INTARIAN_PEPPER_ROOT;10410;20;10407;14;;;10416;22;10419;30;;;10413.0;0.0
yf_ADM_d9;13500;ASH_COATED_OSMIUM;9892;9;9890;33;;;9925;8;9927;16;;;9908.5;0.0
yf_ADM_d9;13500;INTARIAN_PEPPER_ROOT;10408;10;10404;17;;;10414;9;10418;20;;;10411.0;0.0
yf_ADM_d9;13600;ASH_COATED_OSMIUM;9905;13;9902;20;;;9911;26;9914;26;;;9908.0;0.0
yf_ADM_d9;13600;INTARIAN_PEPPER_ROOT;10407;7;10404;11;;;10413;19;10417;22;;;10410.0;0.0
yf_ADM_d9;13700;ASH_COATED_OSMIUM;9905;15;9902;15;;;9911;18;9913;22;;;9908.0;0.0
yf_ADM_d9;13700;INTARIAN_PEPPER_ROOT;10402;15;10398;30;;;10418;8;10420;22;;;10410.0;0.0
yf_ADM_d9;13800;ASH_COATED_OSMIUM;9905;13;9902;26;;;9911;13;9913;21;;;9908.0;0.0
yf_ADM_d9;13800;INTARIAN_PEPPER_ROOT;10406;11;10404;27;;;10412;10;10415;19;;;10409.0;0.0
yf_ADM_d9;13900;ASH_COATED_OSMIUM;9904;14;9901;10;;;9910;22;9913;14;;;9907.0;0.0
yf_ADM_d9;13900;INTARIAN_PEPPER_ROOT;10399;9;10395;22;;;10417;22;10419;17;;;10408.0;0.0
yf_ADM_d9;14000;ASH_COATED_OSMIUM;9904;6;9901;22;;;9910;25;9912;26;;;9907.0;0.0
yf_ADM_d9;14000;INTARIAN_PEPPER_ROOT;10404;18;10401;21;;;10410;22;10413;24;;;10407.0;0.0
yf_ADM_d9;14100;ASH_COATED_OSMIUM;9905;9;9902;21;;;9911;25;9914;22;;;9908.0;0.0
yf_ADM_d9;14100;INTARIAN_PEPPER_ROOT;10402;17;10400;20;;;10410;19;10412;30;;;10406.0;0.0
yf_ADM_d9;14200;ASH_COATED_OSMIUM;9904;5;9900;27;;;9910;9;9913;15;;;9907.0;0.0
yf_ADM_d9;14200;INTARIAN_PEPPER_ROOT;10402;16;10399;22;;;10408;15;10411;19;;;10405.0;0.0
yf_ADM_d9;14300;ASH_COATED_OSMIUM;9891;16;9887;27;;;9922;18;9924;25;;;9906.5;0.0
yf_ADM_d9;14300;INTARIAN_PEPPER_ROOT;10401;5;10397;24;;;10407;26;10410;24;;;10404.0;0.0
yf_ADM_d9;14400;ASH_COATED_OSMIUM;9902;19;9899;27;;;9911;15;9914;24;;;9906.5;0.0
yf_ADM_d9;14400;INTARIAN_PEPPER_ROOT;10400;12;10396;20;;;10406;16;10409;20;;;10403.0;0.0
yf_ADM_d9;14500;ASH_COATED_OSMIUM;9897;16;9894;15;;;9915;23;9917;27;;;9906.0;0.0
yf_ADM_d9;14500;INTARIAN_PEPPER_ROOT;10398;14;10396;27;;;10407;15;10410;27;;;10402.5;0.0
yf_ADM_d9;14600;ASH_COATED_OSMIUM;9903;13;9901;13;;;9909;15;9912;9;;;9906.0;0.0
yf_ADM_d9;14600;INTARIAN_PEPPER_ROOT;10398;12;10394;25;;;10404;14;10407;21;;;10401.0;0.0
yf_ADM_d9;14700;ASH_COATED_OSMIUM;9902;8;9899;20;;;9908;20;9911;18;;;9905.0;0.0
yf_ADM_d9;14700;INTARIAN_PEPPER_ROOT;10398;15;10396;19;;;10404;10;10408;19;;;10401.0;0.0
yf_ADM_d9;14800;ASH_COATED_OSMIUM;9897;16;9893;21;;;9913;14;9915;25;;;9905.0;0.0
yf_ADM_d9;14800;INTARIAN_PEPPER_ROOT;10394;21;10390;20;;;10407;20;10411;11;;;10400.5;0.0
yf_ADM_d9;14900;ASH_COATED_OSMIUM;9902;9;9898;19;;;9908;20;9911;18;;;9905.0;0.0
yf_ADM_d9;14900;INTARIAN_PEPPER_ROOT;10396;11;10393;25;;;10402;17;10406;17;;;10399.0;0.0
yf_ADM_d9;15000;ASH_COATED_OSMIUM;9902;26;9898;19;;;9908;7;9911;12;;;9905.0;0.0
yf_ADM_d9;15000;INTARIAN_PEPPER_ROOT;10393;20;10391;20;;;10404;11;10406;21;;;10398.5;0.0
yf_ADM_d9;15100;ASH_COATED_OSMIUM;9900;15;9896;27;;;9910;12;9913;25;;;9905.0;0.0
yf_ADM_d9;15100;INTARIAN_PEPPER_ROOT;10394;15;10390;22;;;10400;7;10402;24;;;10397.0;0.0
yf_ADM_d9;15200;ASH_COATED_OSMIUM;9901;18;9898;15;;;9907;15;9910;27;;;9904.0;0.0
yf_ADM_d9;15200;INTARIAN_PEPPER_ROOT;10388;19;10384;20;;;10404;28;10406;25;;;10396.0;0.0
yf_ADM_d9;15300;ASH_COATED_OSMIUM;9895;21;9892;27;;;9913;9;9917;17;;;9904.0;0.0
yf_ADM_d9;15300;INTARIAN_PEPPER_ROOT;10392;25;10388;27;;;10398;9;10402;25;;;10395.0;0.0
yf_ADM_d9;15400;ASH_COATED_OSMIUM;9901;11;9898;28;;;9907;17;9911;21;;;9904.0;0.0
yf_ADM_d9;15400;INTARIAN_PEPPER_ROOT;10391;13;10387;16;;;10397;12;10400;20;;;10394.0;0.0
yf_ADM_d9;15500;ASH_COATED_OSMIUM;9900;9;9898;24;;;9906;12;9909;21;;;9903.0;0.0
yf_ADM_d9;15500;INTARIAN_PEPPER_ROOT;10390;18;10386;18;;;10397;9;10400;26;;;10393.5;0.0
yf_ADM_d9;15600;ASH_COATED_OSMIUM;9900;15;9897;26;;;9906;18;9909;25;;;9903.0;0.0
yf_ADM_d9;15600;INTARIAN_PEPPER_ROOT;10386;11;10382;23;;;10400;14;10402;20;;;10393.0;0.0
yf_ADM_d9;15700;ASH_COATED_OSMIUM;9899;20;9895;15;;;9905;18;9908;24;;;9902.0;0.0
yf_ADM_d9;15700;INTARIAN_PEPPER_ROOT;10389;15;10387;9;;;10395;7;10398;19;;;10392.0;0.0
yf_ADM_d9;15800;ASH_COATED_OSMIUM;9899;19;9896;18;;;9906;11;9909;16;;;9902.5;0.0
yf_ADM_d9;15800;INTARIAN_PEPPER_ROOT;10385;15;10381;18;;;10396;11;10399;13;;;10390.5;0.0
yf_ADM_d9;15900;ASH_COATED_OSMIUM;9899;8;9895;24;;;9905;12;9909;23;;;9902.0;0.0
yf_ADM_d9;15900;INTARIAN_PEPPER_ROOT;10387;21;10384;16;;;10394;12;10396;21;;;10390.5;0.0
yf_ADM_d9;16000;ASH_COATED_OSMIUM;9899;13;9897;19;;;9905;16;9907;14;;;9902.0;0.0
yf_ADM_d9;16000;INTARIAN_PEPPER_ROOT;10387;20;10384;26;;;10393;21;10395;17;;;10390.0;0.0
yf_ADM_d9;16100;ASH_COATED_OSMIUM;9899;25;9896;23;;;9905;7;9907;10;;;9902.0;0.0
yf_ADM_d9;16100;INTARIAN_PEPPER_ROOT;10385;11;10383;19;;;10391;15;10393;23;;;10388.0;0.0
yf_ADM_d9;16200;ASH_COATED_OSMIUM;9898;6;9894;22;;;9904;13;9906;16;;;9901.0;0.0
yf_ADM_d9;16200;INTARIAN_PEPPER_ROOT;10370;11;10366;19;;;10404;5;10407;17;;;10387.0;0.0
yf_ADM_d9;16300;ASH_COATED_OSMIUM;9898;7;9895;20;;;9904;18;9908;17;;;9901.0;0.0
yf_ADM_d9;16300;INTARIAN_PEPPER_ROOT;10380;7;10376;17;;;10392;20;10396;12;;;10386.0;0.0
yf_ADM_d9;16400;ASH_COATED_OSMIUM;9897;18;9894;14;;;9904;8;9907;32;;;9900.5;0.0
yf_ADM_d9;16400;INTARIAN_PEPPER_ROOT;10379;18;10376;23;;;10393;12;10395;16;;;10386.0;0.0
yf_ADM_d9;16500;ASH_COATED_OSMIUM;9898;5;9894;16;;;9904;10;9906;22;;;9901.0;0.0
yf_ADM_d9;16500;INTARIAN_PEPPER_ROOT;10382;12;10378;17;;;10388;14;10391;22;;;10385.0;0.0
yf_ADM_d9;16600;ASH_COATED_OSMIUM;9897;12;9894;14;;;9903;13;9906;11;;;9900.0;0.0
yf_ADM_d9;16600;INTARIAN_PEPPER_ROOT;10380;18;10376;18;;;10388;8;10392;26;;;10384.0;0.0
yf_ADM_d9;16700;ASH_COATED_OSMIUM;9897;10;9893;18;;;9903;16;9905;18;;;9900.0;0.0
yf_ADM_d9;16700;INTARIAN_PEPPER_ROOT;10380;17;10376;21;;;10386;7;10390;29;;;10383.0;0.0
yf_ADM_d9;16800;ASH_COATED_OSMIUM;9894;17;9891;20;;;9905;20;9909;24;;;9899.5;0.0
yf_ADM_d9;16800;INTARIAN_PEPPER_ROOT;10379;15;10375;27;;;10385;15;10388;21;;;10382.0;0.0
yf_ADM_d9;16900;ASH_COATED_OSMIUM;9896;16;9894;14;;;9902;16;9904;14;;;9899.0;0.0
yf_ADM_d9;16900;INTARIAN_PEPPER_ROOT;10378;8;10375;24;;;10384;12;10387;20;;;10381.0;0.0
yf_ADM_d9;17000;ASH_COATED_OSMIUM;9897;18;9895;31;;;9903;25;9905;17;;;9900.0;0.0
yf_ADM_d9;17000;INTARIAN_PEPPER_ROOT;10374;8;10370;14;;;10389;16;10393;20;;;10381.5;0.0
yf_ADM_d9;17100;ASH_COATED_OSMIUM;9894;5;9892;12;;;9906;15;9910;15;;;9900.0;0.0
yf_ADM_d9;17100;INTARIAN_PEPPER_ROOT;10376;25;10374;24;;;10392;19;10396;18;;;10384.0;0.0
yf_ADM_d9;17200;ASH_COATED_OSMIUM;9896;17;9893;19;;;9903;7;9907;20;;;9899.5;0.0
yf_ADM_d9;17200;INTARIAN_PEPPER_ROOT;10383;16;10379;8;;;10389;13;10391;17;;;10386.0;0.0
yf_ADM_d9;17300;ASH_COATED_OSMIUM;9897;10;9893;24;;;9903;5;9906;8;;;9900.0;0.0
yf_ADM_d9;17300;INTARIAN_PEPPER_ROOT;10385;16;10381;17;;;10391;23;10393;16;;;10388.0;0.0
yf_ADM_d9;17400;ASH_COATED_OSMIUM;9896;9;9893;28;;;9905;23;9909;19;;;9900.5;0.0
yf_ADM_d9;17400;INTARIAN_PEPPER_ROOT;10387;6;10383;18;;;10393;15;10396;20;;;10390.0;0.0
yf_ADM_d9;17500;ASH_COATED_OSMIUM;9898;16;9895;17;;;9904;5;9906;22;;;9901.0;0.0
yf_ADM_d9;17500;INTARIAN_PEPPER_ROOT;10389;12;10387;16;;;10397;12;10401;24;;;10393.0;0.0
yf_ADM_d9;17600;ASH_COATED_OSMIUM;9892;16;9890;25;;;9909;13;9913;17;;;9900.5;0.0
yf_ADM_d9;17600;INTARIAN_PEPPER_ROOT;10391;14;10389;18;;;10397;21;10399;18;;;10394.0;0.0
yf_ADM_d9;17700;ASH_COATED_OSMIUM;9896;12;9894;17;;;9906;6;9910;21;;;9901.0;0.0
yf_ADM_d9;17700;INTARIAN_PEPPER_ROOT;10394;8;10392;11;;;10400;14;10402;29;;;10397.0;0.0
yf_ADM_d9;17800;ASH_COATED_OSMIUM;9898;15;9894;19;;;9904;6;9906;10;;;9901.0;0.0
yf_ADM_d9;17800;INTARIAN_PEPPER_ROOT;10393;19;10391;17;;;10404;22;10408;15;;;10398.5;0.0
yf_ADM_d9;17900;ASH_COATED_OSMIUM;9885;21;9881;26;;;9919;8;9923;14;;;9902.0;0.0
yf_ADM_d9;17900;INTARIAN_PEPPER_ROOT;10393;9;10390;26;;;10409;15;10412;17;;;10401.0;0.0
yf_ADM_d9;18000;ASH_COATED_OSMIUM;9899;12;9896;19;;;9905;14;9908;24;;;9902.0;0.0
yf_ADM_d9;18000;INTARIAN_PEPPER_ROOT;10400;21;10396;23;;;10406;11;10409;19;;;10403.0;0.0
yf_ADM_d9;18100;ASH_COATED_OSMIUM;9899;13;9896;22;;;9905;10;9907;31;;;9902.0;0.0
yf_ADM_d9;18100;INTARIAN_PEPPER_ROOT;10401;19;10397;18;;;10407;17;10409;23;;;10404.0;0.0
yf_ADM_d9;18200;ASH_COATED_OSMIUM;9899;17;9897;20;;;9905;8;9907;17;;;9902.0;0.0
yf_ADM_d9;18200;INTARIAN_PEPPER_ROOT;10404;16;10401;28;;;10410;13;10414;26;;;10407.0;0.0
yf_ADM_d9;18300;ASH_COATED_OSMIUM;9892;15;9888;11;;;9911;20;9914;18;;;9901.5;0.0
yf_ADM_d9;18300;INTARIAN_PEPPER_ROOT;10402;12;10400;14;;;10414;25;10417;27;;;10408.0;0.0
yf_ADM_d9;18400;ASH_COATED_OSMIUM;9899;6;9897;21;;;9905;12;9908;19;;;9902.0;0.0
yf_ADM_d9;18400;INTARIAN_PEPPER_ROOT;10407;12;10405;14;;;10413;5;10417;22;;;10410.0;0.0
yf_ADM_d9;18500;ASH_COATED_OSMIUM;9892;10;9888;16;;;9913;21;9917;12;;;9902.5;0.0
yf_ADM_d9;18500;INTARIAN_PEPPER_ROOT;10409;12;10406;18;;;10415;14;10418;25;;;10412.0;0.0
yf_ADM_d9;18600;ASH_COATED_OSMIUM;9899;12;9895;30;;;9905;16;9909;23;;;9902.0;0.0
yf_ADM_d9;18600;INTARIAN_PEPPER_ROOT;10410;6;10407;12;;;10418;18;10421;23;;;10414.0;0.0
yf_ADM_d9;18700;ASH_COATED_OSMIUM;9899;7;9895;14;;;9905;21;9909;23;;;9902.0;0.0
yf_ADM_d9;18700;INTARIAN_PEPPER_ROOT;10414;13;10412;14;;;10420;14;10424;21;;;10417.0;0.0
yf_ADM_d9;18800;ASH_COATED_OSMIUM;9896;19;9893;22;;;9909;11;9913;21;;;9902.5;0.0
yf_ADM_d9;18800;INTARIAN_PEPPER_ROOT;10416;16;10412;14;;;10422;21;10426;21;;;10419.0;0.0
yf_ADM_d9;18900;ASH_COATED_OSMIUM;9899;7;9895;22;;;9908;11;9910;29;;;9903.5;0.0
yf_ADM_d9;18900;INTARIAN_PEPPER_ROOT;10418;14;10415;19;;;10424;14;10426;20;;;10421.0;0.0
yf_ADM_d9;19000;ASH_COATED_OSMIUM;9900;19;9897;8;;;9906;17;9908;22;;;9903.0;0.0
yf_ADM_d9;19000;INTARIAN_PEPPER_ROOT;10405;14;10401;22;;;10440;12;10443;13;;;10422.5;0.0
yf_ADM_d9;19100;ASH_COATED_OSMIUM;9897;16;9895;19;;;9909;5;9911;17;;;9903.0;0.0
yf_ADM_d9;19100;INTARIAN_PEPPER_ROOT;10422;9;10418;16;;;10428;6;10432;12;;;10425.0;0.0
yf_ADM_d9;19200;ASH_COATED_OSMIUM;9894;9;9890;23;;;9912;12;9914;19;;;9903.0;0.0
yf_ADM_d9;19200;INTARIAN_PEPPER_ROOT;10424;16;10420;20;;;10430;15;10432;20;;;10427.0;0.0
yf_ADM_d9;19300;ASH_COATED_OSMIUM;9901;23;9898;20;;;9907;21;9910;13;;;9904.0;0.0
yf_ADM_d9;19300;INTARIAN_PEPPER_ROOT;10426;15;10423;21;;;10432;17;10436;20;;;10429.0;0.0
yf_ADM_d9;19400;ASH_COATED_OSMIUM;9901;9;9898;19;;;9907;15;9910;14;;;9904.0;0.0
yf_ADM_d9;19400;INTARIAN_PEPPER_ROOT;10427;12;10424;23;;;10433;14;10437;12;;;10430.0;0.0
yf_ADM_d9;19500;ASH_COATED_OSMIUM;9901;12;9897;26;;;9908;13;9912;19;;;9904.5;0.0
yf_ADM_d9;19500;INTARIAN_PEPPER_ROOT;10430;18;10427;28;;;10436;10;10438;19;;;10433.0;0.0
yf_ADM_d9;19600;ASH_COATED_OSMIUM;9901;15;9898;14;;;9907;13;9909;21;;;9904.0;0.0
yf_ADM_d9;19600;INTARIAN_PEPPER_ROOT;10432;10;10428;19;;;10438;19;10442;13;;;10435.0;0.0
yf_ADM_d9;19700;ASH_COATED_OSMIUM;9902;12;9899;26;;;9908;18;9912;14;;;9905.0;0.0
yf_ADM_d9;19700;INTARIAN_PEPPER_ROOT;10434;14;10432;11;;;10440;17;10443;20;;;10437.0;0.0
yf_ADM_d9;19800;ASH_COATED_OSMIUM;9901;8;9899;19;;;9910;6;9914;28;;;9905.5;0.0
yf_ADM_d9;19800;INTARIAN_PEPPER_ROOT;10428;16;10425;17;;;10451;16;10453;14;;;10439.5;0.0
yf_ADM_d9;19900;ASH_COATED_OSMIUM;9897;14;9895;8;;;9912;17;9914;18;;;9904.5;0.0
yf_ADM_d9;19900;INTARIAN_PEPPER_ROOT;10438;14;10434;19;;;10444;18;10446;27;;;10441.0;0.0
yf_ADM_d9;20000;ASH_COATED_OSMIUM;9902;13;9900;12;;;9908;9;9912;18;;;9905.0;0.0
yf_ADM_d9;20000;INTARIAN_PEPPER_ROOT;10432;5;10428;26;;;10454;19;10457;27;;;10443.0;0.0
yf_ADM_d9;20100;ASH_COATED_OSMIUM;9902;16;9899;20;;;9908;15;9910;16;;;9905.0;0.0
yf_ADM_d9;20100;INTARIAN_PEPPER_ROOT;10442;19;10438;19;;;10448;14;10450;11;;;10445.0;0.0
yf_ADM_d9;20200;ASH_COATED_OSMIUM;9902;19;9899;25;;;9908;10;9910;8;;;9905.0;0.0
yf_ADM_d9;20200;INTARIAN_PEPPER_ROOT;10444;13;10441;22;;;10450;18;10452;17;;;10447.0;0.0
yf_ADM_d9;20300;ASH_COATED_OSMIUM;9903;15;9900;14;;;9909;20;9913;15;;;9906.0;0.0
yf_ADM_d9;20300;INTARIAN_PEPPER_ROOT;10446;17;10442;20;;;10452;21;10456;11;;;10449.0;0.0
yf_ADM_d9;20400;ASH_COATED_OSMIUM;9903;11;9901;22;;;9909;13;9911;15;;;9906.0;0.0
yf_ADM_d9;20400;INTARIAN_PEPPER_ROOT;10447;18;10444;10;;;10456;16;10458;9;;;10451.5;0.0
yf_ADM_d9;20500;ASH_COATED_OSMIUM;9903;13;9901;13;;;9909;17;9912;19;;;9906.0;0.0
yf_ADM_d9;20500;INTARIAN_PEPPER_ROOT;10450;12;10447;8;;;10456;22;10459;11;;;10453.0;0.0
yf_ADM_d9;20600;ASH_COATED_OSMIUM;9903;17;9901;20;;;9909;10;9913;25;;;9906.0;0.0
yf_ADM_d9;20600;INTARIAN_PEPPER_ROOT;10447;18;10444;31;;;10464;13;10468;23;;;10455.5;0.0
yf_ADM_d9;20700;ASH_COATED_OSMIUM;9903;19;9900;22;;;9909;21;9912;18;;;9906.0;0.0
yf_ADM_d9;20700;INTARIAN_PEPPER_ROOT;10454;20;10451;29;;;10460;16;10462;26;;;10457.0;0.0
yf_ADM_d9;20800;ASH_COATED_OSMIUM;9902;8;9898;30;;;9911;8;9913;25;;;9906.5;0.0
yf_ADM_d9;20800;INTARIAN_PEPPER_ROOT;10457;9;10453;18;;;10463;20;10466;25;;;10460.0;0.0
yf_ADM_d9;20900;ASH_COATED_OSMIUM;9903;14;9900;19;;;9909;8;9911;18;;;9906.0;0.0
yf_ADM_d9;20900;INTARIAN_PEPPER_ROOT;10457;14;10455;23;;;10466;15;10468;12;;;10461.5;0.0
yf_ADM_d9;21000;ASH_COATED_OSMIUM;9904;18;9901;23;;;9910;14;9913;22;;;9907.0;0.0
yf_ADM_d9;21000;INTARIAN_PEPPER_ROOT;10461;14;10459;13;;;10467;13;10470;18;;;10464.0;0.0
yf_ADM_d9;21100;ASH_COATED_OSMIUM;9903;15;9900;18;;;9910;11;9913;18;;;9906.5;0.0
yf_ADM_d9;21100;INTARIAN_PEPPER_ROOT;10457;19;10455;27;;;10475;5;10477;19;;;10466.0;0.0
yf_ADM_d9;21200;ASH_COATED_OSMIUM;9904;29;9900;21;;;9911;23;9914;20;;;9907.5;0.0
yf_ADM_d9;21200;INTARIAN_PEPPER_ROOT;10465;15;10462;16;;;10471;24;10475;25;;;10468.0;0.0
yf_ADM_d9;21300;ASH_COATED_OSMIUM;9905;17;9901;14;;;9911;13;9915;14;;;9908.0;0.0
yf_ADM_d9;21300;INTARIAN_PEPPER_ROOT;10467;18;10464;12;;;10473;15;10475;11;;;10470.0;0.0
yf_ADM_d9;21400;ASH_COATED_OSMIUM;9905;9;9901;12;;;9911;8;9915;21;;;9908.0;0.0
yf_ADM_d9;21400;INTARIAN_PEPPER_ROOT;10470;25;10467;16;;;10476;5;10479;15;;;10473.0;0.0
yf_ADM_d9;21500;ASH_COATED_OSMIUM;9905;18;9901;27;;;9911;18;9913;22;;;9908.0;0.0
yf_ADM_d9;21500;INTARIAN_PEPPER_ROOT;10468;20;10465;25;;;10480;9;10483;34;;;10474.0;0.0
yf_ADM_d9;21600;ASH_COATED_OSMIUM;9905;17;9902;16;;;9911;14;9915;8;;;9908.0;0.0
yf_ADM_d9;21600;INTARIAN_PEPPER_ROOT;10473;23;10470;20;;;10479;17;10483;13;;;10476.0;0.0
yf_ADM_d9;21700;ASH_COATED_OSMIUM;9905;16;9903;22;;;9911;17;9913;10;;;9908.0;0.0
yf_ADM_d9;21700;INTARIAN_PEPPER_ROOT;10475;21;10472;17;;;10481;16;10485;15;;;10478.0;0.0
yf_ADM_d9;21800;ASH_COATED_OSMIUM;9896;18;9894;20;;;9919;16;9921;18;;;9907.5;0.0
yf_ADM_d9;21800;INTARIAN_PEPPER_ROOT;10472;12;10468;25;;;10488;17;10490;22;;;10480.0;0.0
yf_ADM_d9;21900;ASH_COATED_OSMIUM;9905;13;9903;15;;;9911;15;9913;15;;;9908.0;0.0
yf_ADM_d9;21900;INTARIAN_PEPPER_ROOT;10466;12;10464;21;;;10499;25;10503;17;;;10482.5;0.0
yf_ADM_d9;22000;ASH_COATED_OSMIUM;9905;17;9903;19;;;9911;11;9914;15;;;9908.0;0.0
yf_ADM_d9;22000;INTARIAN_PEPPER_ROOT;10475;16;10473;25;;;10494;17;10496;21;;;10484.5;0.0
yf_ADM_d9;22100;ASH_COATED_OSMIUM;9906;15;9903;18;;;9912;15;9916;21;;;9909.0;0.0
yf_ADM_d9;22100;INTARIAN_PEPPER_ROOT;10483;15;10480;21;;;10489;13;10493;17;;;10486.0;0.0
yf_ADM_d9;22200;ASH_COATED_OSMIUM;9906;11;9904;17;;;9912;11;9916;22;;;9909.0;0.0
yf_ADM_d9;22200;INTARIAN_PEPPER_ROOT;10485;21;10481;14;;;10491;21;10494;20;;;10488.0;0.0
yf_ADM_d9;22300;ASH_COATED_OSMIUM;9906;18;9902;18;;;9912;10;9914;19;;;9909.0;0.0
yf_ADM_d9;22300;INTARIAN_PEPPER_ROOT;10480;30;10478;25;;;10501;10;10503;21;;;10490.5;0.0
yf_ADM_d9;22400;ASH_COATED_OSMIUM;9906;9;9904;25;;;9913;19;9915;22;;;9909.5;0.0
yf_ADM_d9;22400;INTARIAN_PEPPER_ROOT;10490;8;10488;23;;;10496;13;10498;23;;;10493.0;0.0
yf_ADM_d9;22500;ASH_COATED_OSMIUM;9906;16;9904;21;;;9914;23;9917;19;;;9910.0;0.0
yf_ADM_d9;22500;INTARIAN_PEPPER_ROOT;10492;6;10490;15;;;10498;16;10502;25;;;10495.0;0.0
yf_ADM_d9;22600;ASH_COATED_OSMIUM;9907;12;9905;25;;;9913;18;9916;26;;;9910.0;0.0
yf_ADM_d9;22600;INTARIAN_PEPPER_ROOT;10494;19;10490;27;;;10500;14;10503;26;;;10497.0;0.0
yf_ADM_d9;22700;ASH_COATED_OSMIUM;9907;14;9904;24;;;9913;18;9916;13;;;9910.0;0.0
yf_ADM_d9;22700;INTARIAN_PEPPER_ROOT;10495;17;10493;22;;;10503;8;10505;34;;;10499.0;0.0
yf_ADM_d9;22800;ASH_COATED_OSMIUM;9907;14;9903;18;;;9913;13;9917;15;;;9910.0;0.0
yf_ADM_d9;22800;INTARIAN_PEPPER_ROOT;10494;5;10490;28;;;10506;13;10509;12;;;10500.0;0.0
yf_ADM_d9;22900;ASH_COATED_OSMIUM;9907;25;9904;17;;;9913;9;9915;22;;;9910.0;0.0
yf_ADM_d9;22900;INTARIAN_PEPPER_ROOT;10497;11;10493;19;;;10507;14;10511;21;;;10502.0;0.0
yf_ADM_d9;23000;ASH_COATED_OSMIUM;9903;18;9901;25;;;9918;18;9921;20;;;9910.5;0.0
yf_ADM_d9;23000;INTARIAN_PEPPER_ROOT;10502;15;10500;23;;;10508;13;10512;22;;;10505.0;0.0
yf_ADM_d9;23100;ASH_COATED_OSMIUM;9907;13;9905;15;;;9913;12;9916;20;;;9910.0;0.0
yf_ADM_d9;23100;INTARIAN_PEPPER_ROOT;10502;12;10499;19;;;10511;10;10513;19;;;10506.5;0.0
yf_ADM_d9;23200;ASH_COATED_OSMIUM;9899;17;9896;29;;;9921;16;9924;22;;;9910.0;0.0
yf_ADM_d9;23200;INTARIAN_PEPPER_ROOT;10497;21;10493;19;;;10520;15;10524;18;;;10508.5;0.0
yf_ADM_d9;23300;ASH_COATED_OSMIUM;9908;21;9905;23;;;9914;18;9917;29;;;9911.0;0.0
yf_ADM_d9;23300;INTARIAN_PEPPER_ROOT;10507;15;10505;30;;;10513;22;10516;27;;;10510.0;0.0
yf_ADM_d9;23400;ASH_COATED_OSMIUM;9908;15;9906;12;;;9914;19;9916;20;;;9911.0;0.0
yf_ADM_d9;23400;INTARIAN_PEPPER_ROOT;10508;10;10506;18;;;10516;17;10519;9;;;10512.0;0.0
yf_ADM_d9;23500;ASH_COATED_OSMIUM;9908;14;9905;13;;;9914;8;9916;15;;;9911.0;0.0
yf_ADM_d9;23500;INTARIAN_PEPPER_ROOT;10512;19;10510;13;;;10518;20;10521;16;;;10515.0;0.0
yf_ADM_d9;23600;ASH_COATED_OSMIUM;9908;11;9906;20;;;9914;21;9917;23;;;9911.0;0.0
yf_ADM_d9;23600;INTARIAN_PEPPER_ROOT;10513;9;10510;22;;;10520;15;10522;25;;;10516.5;0.0
yf_ADM_d9;23700;ASH_COATED_OSMIUM;9909;19;9907;15;;;9915;19;9918;27;;;9912.0;0.0
yf_ADM_d9;23700;INTARIAN_PEPPER_ROOT;10516;10;10514;16;;;10522;21;10524;18;;;10519.0;0.0
yf_ADM_d9;23800;ASH_COATED_OSMIUM;9900;17;9897;24;;;9922;15;9926;34;;;9911.0;0.0
yf_ADM_d9;23800;INTARIAN_PEPPER_ROOT;10515;9;10512;19;;;10527;14;10529;21;;;10521.0;0.0
yf_ADM_d9;23900;ASH_COATED_OSMIUM;9909;13;9905;14;;;9915;18;9917;19;;;9912.0;0.0
yf_ADM_d9;23900;INTARIAN_PEPPER_ROOT;10518;12;10515;19;;;10527;15;10529;15;;;10522.5;0.0
yf_ADM_d9;24000;ASH_COATED_OSMIUM;9909;18;9907;19;;;9915;9;9918;16;;;9912.0;0.0
yf_ADM_d9;24000;INTARIAN_PEPPER_ROOT;10522;9;10518;18;;;10528;11;10531;10;;;10525.0;0.0
yf_ADM_d9;24100;ASH_COATED_OSMIUM;9908;11;9906;22;;;9918;5;9921;12;;;9913.0;0.0
yf_ADM_d9;24100;INTARIAN_PEPPER_ROOT;10524;12;10522;22;;;10530;10;10532;14;;;10527.0;0.0
yf_ADM_d9;24200;ASH_COATED_OSMIUM;9909;12;9906;18;;;9916;21;9920;15;;;9912.5;0.0
yf_ADM_d9;24200;INTARIAN_PEPPER_ROOT;10507;15;10503;20;;;10552;6;10556;13;;;10529.5;0.0
yf_ADM_d9;24300;ASH_COATED_OSMIUM;9909;13;9906;23;;;9915;21;9919;17;;;9912.0;0.0
yf_ADM_d9;24300;INTARIAN_PEPPER_ROOT;10525;9;10522;25;;;10538;6;10540;17;;;10531.5;0.0
yf_ADM_d9;24400;ASH_COATED_OSMIUM;9910;12;9907;22;;;9916;14;9918;28;;;9913.0;0.0
yf_ADM_d9;24400;INTARIAN_PEPPER_ROOT;10527;5;10524;25;;;10540;18;10542;19;;;10533.5;0.0
yf_ADM_d9;24500;ASH_COATED_OSMIUM;9910;9;9908;18;;;9916;7;9920;25;;;9913.0;0.0
yf_ADM_d9;24500;INTARIAN_PEPPER_ROOT;10527;17;10525;24;;;10544;19;10546;17;;;10535.5;0.0
yf_ADM_d9;24600;ASH_COATED_OSMIUM;9910;16;9907;20;;;9916;19;9918;21;;;9913.0;0.0
yf_ADM_d9;24600;INTARIAN_PEPPER_ROOT;10533;18;10530;12;;;10543;5;10546;17;;;10538.0;0.0
yf_ADM_d9;24700;ASH_COATED_OSMIUM;9908;21;9906;20;;;9918;9;9920;17;;;9913.0;0.0
yf_ADM_d9;24700;INTARIAN_PEPPER_ROOT;10536;14;10532;27;;;10542;5;10545;29;;;10539.0;0.0
yf_ADM_d9;24800;ASH_COATED_OSMIUM;9911;16;9909;22;;;9917;12;9919;24;;;9914.0;0.0
yf_ADM_d9;24800;INTARIAN_PEPPER_ROOT;10539;17;10535;14;;;10545;22;10547;25;;;10542.0;0.0
yf_ADM_d9;24900;ASH_COATED_OSMIUM;9909;10;9906;21;;;9918;18;9921;27;;;9913.5;0.0
yf_ADM_d9;24900;INTARIAN_PEPPER_ROOT;10540;8;10536;13;;;10548;16;10552;24;;;10544.0;0.0
yf_ADM_d9;25000;ASH_COATED_OSMIUM;9911;15;9907;13;;;9917;19;9920;20;;;9914.0;0.0
yf_ADM_d9;25000;INTARIAN_PEPPER_ROOT;10542;21;10538;11;;;10548;6;10551;17;;;10545.0;0.0
yf_ADM_d9;25100;ASH_COATED_OSMIUM;9905;14;9902;24;;;9923;5;9927;16;;;9914.0;0.0
yf_ADM_d9;25100;INTARIAN_PEPPER_ROOT;10543;16;10540;15;;;10552;11;10556;17;;;10547.5;0.0
yf_ADM_d9;25200;ASH_COATED_OSMIUM;9911;14;9907;21;;;9917;19;9921;19;;;9914.0;0.0
yf_ADM_d9;25200;INTARIAN_PEPPER_ROOT;10546;20;10543;15;;;10552;15;10555;21;;;10549.0;0.0
yf_ADM_d9;25300;ASH_COATED_OSMIUM;9912;18;9910;21;;;9918;15;9921;26;;;9915.0;0.0
yf_ADM_d9;25300;INTARIAN_PEPPER_ROOT;10541;21;10537;30;;;10562;15;10565;25;;;10551.5;0.0
yf_ADM_d9;25400;ASH_COATED_OSMIUM;9908;16;9905;25;;;9921;10;9924;20;;;9914.5;0.0
yf_ADM_d9;25400;INTARIAN_PEPPER_ROOT;10551;14;10548;26;;;10557;19;10561;27;;;10554.0;0.0
yf_ADM_d9;25500;ASH_COATED_OSMIUM;9912;15;9908;23;;;9918;18;9921;28;;;9915.0;0.0
yf_ADM_d9;25500;INTARIAN_PEPPER_ROOT;10553;16;10549;14;;;10559;23;10561;16;;;10556.0;0.0
yf_ADM_d9;25600;ASH_COATED_OSMIUM;9910;10;9906;18;;;9919;15;9923;24;;;9914.5;0.0
yf_ADM_d9;25600;INTARIAN_PEPPER_ROOT;10555;19;10551;20;;;10561;13;10563;23;;;10558.0;0.0
yf_ADM_d9;25700;ASH_COATED_OSMIUM;9912;13;9908;20;;;9918;11;9921;15;;;9915.0;0.0
yf_ADM_d9;25700;INTARIAN_PEPPER_ROOT;10556;10;10554;17;;;10562;13;10564;17;;;10559.0;0.0
yf_ADM_d9;25800;ASH_COATED_OSMIUM;9912;10;9908;22;;;9918;12;9920;15;;;9915.0;0.0
yf_ADM_d9;25800;INTARIAN_PEPPER_ROOT;10558;16;10555;23;;;10564;15;10567;15;;;10561.0;0.0
yf_ADM_d9;25900;ASH_COATED_OSMIUM;9912;21;9910;25;;;9918;19;9920;22;;;9915.0;0.0
yf_ADM_d9;25900;INTARIAN_PEPPER_ROOT;10561;12;10559;18;;;10567;11;10570;26;;;10564.0;0.0
yf_ADM_d9;26000;ASH_COATED_OSMIUM;9911;17;9908;25;;;9920;18;9922;23;;;9915.5;0.0
yf_ADM_d9;26000;INTARIAN_PEPPER_ROOT;10563;9;10561;13;;;10569;15;10571;22;;;10566.0;0.0
yf_ADM_d9;26100;ASH_COATED_OSMIUM;9912;13;9910;24;;;9920;12;9924;24;;;9916.0;0.0
yf_ADM_d9;26100;INTARIAN_PEPPER_ROOT;10565;23;10562;35;;;10571;5;10574;22;;;10568.0;0.0
yf_ADM_d9;26200;ASH_COATED_OSMIUM;9908;15;9906;13;;;9924;20;9927;18;;;9916.0;0.0
yf_ADM_d9;26200;INTARIAN_PEPPER_ROOT;10565;16;10562;10;;;10575;11;10579;35;;;10570.0;0.0
yf_ADM_d9;26300;ASH_COATED_OSMIUM;9913;20;9909;21;;;9919;12;9921;18;;;9916.0;0.0
yf_ADM_d9;26300;INTARIAN_PEPPER_ROOT;10569;12;10566;31;;;10575;9;10579;16;;;10572.0;0.0
yf_ADM_d9;26400;ASH_COATED_OSMIUM;9913;19;9910;21;;;9919;19;9923;16;;;9916.0;0.0
yf_ADM_d9;26400;INTARIAN_PEPPER_ROOT;10572;15;10570;18;;;10578;9;10580;28;;;10575.0;0.0
yf_ADM_d9;26500;ASH_COATED_OSMIUM;9907;11;9905;12;;;9926;21;9929;17;;;9916.5;0.0
yf_ADM_d9;26500;INTARIAN_PEPPER_ROOT;10573;16;10570;26;;;10579;13;10581;26;;;10576.0;0.0
yf_ADM_d9;26600;ASH_COATED_OSMIUM;9914;11;9911;27;;;9920;18;9922;22;;;9917.0;0.0
yf_ADM_d9;26600;INTARIAN_PEPPER_ROOT;10576;17;10572;21;;;10582;14;10585;26;;;10579.0;0.0
yf_ADM_d9;26700;ASH_COATED_OSMIUM;9904;14;9902;18;;;9929;11;9932;18;;;9916.5;0.0
yf_ADM_d9;26700;INTARIAN_PEPPER_ROOT;10578;14;10576;14;;;10584;14;10587;26;;;10581.0;0.0
yf_ADM_d9;26800;ASH_COATED_OSMIUM;9914;9;9910;28;;;9920;10;9923;12;;;9917.0;0.0
yf_ADM_d9;26800;INTARIAN_PEPPER_ROOT;10580;20;10577;32;;;10586;9;10589;23;;;10583.0;0.0
yf_ADM_d9;26900;ASH_COATED_OSMIUM;9914;25;9912;25;;;9920;10;9923;18;;;9917.0;0.0
yf_ADM_d9;26900;INTARIAN_PEPPER_ROOT;10580;10;10576;15;;;10587;6;10590;24;;;10583.5;0.0
yf_ADM_d9;27000;ASH_COATED_OSMIUM;9914;19;9910;23;;;9920;19;9922;16;;;9917.0;0.0
yf_ADM_d9;27000;INTARIAN_PEPPER_ROOT;10576;15;10572;24;;;10597;16;10601;18;;;10586.5;0.0
yf_ADM_d9;27100;ASH_COATED_OSMIUM;9913;25;9910;21;;;9923;19;9925;16;;;9918.0;0.0
yf_ADM_d9;27100;INTARIAN_PEPPER_ROOT;10586;22;10582;18;;;10592;28;10596;16;;;10589.0;0.0
yf_ADM_d9;27200;ASH_COATED_OSMIUM;9913;11;9910;11;;;9923;9;9926;19;;;9918.0;0.0
yf_ADM_d9;27200;INTARIAN_PEPPER_ROOT;10579;8;10576;23;;;10604;14;10606;21;;;10591.5;0.0
yf_ADM_d9;27300;ASH_COATED_OSMIUM;9915;14;9913;20;;;9921;17;9925;21;;;9918.0;0.0
yf_ADM_d9;27300;INTARIAN_PEPPER_ROOT;10589;12;10585;21;;;10595;13;10597;26;;;10592.0;0.0
yf_ADM_d9;27400;ASH_COATED_OSMIUM;9916;9;9914;18;;;9922;21;9924;20;;;9919.0;0.0
yf_ADM_d9;27400;INTARIAN_PEPPER_ROOT;10585;14;10582;17;;;10603;13;10607;8;;;10594.0;0.0
yf_ADM_d9;27500;ASH_COATED_OSMIUM;9916;15;9914;26;;;9922;20;9924;23;;;9919.0;0.0
yf_ADM_d9;27500;INTARIAN_PEPPER_ROOT;10594;17;10592;26;;;10600;5;10603;22;;;10597.0;0.0
yf_ADM_d9;27600;ASH_COATED_OSMIUM;9915;21;9911;20;;;9921;14;9923;19;;;9918.0;0.0
yf_ADM_d9;27600;INTARIAN_PEPPER_ROOT;10596;26;10594;23;;;10602;13;10606;19;;;10599.0;0.0
yf_ADM_d9;27700;ASH_COATED_OSMIUM;9912;17;9909;18;;;9925;12;9929;15;;;9918.5;0.0
yf_ADM_d9;27700;INTARIAN_PEPPER_ROOT;10598;26;10595;20;;;10604;14;10607;15;;;10601.0;0.0
yf_ADM_d9;27800;ASH_COATED_OSMIUM;9916;13;9914;16;;;9922;5;9924;24;;;9919.0;0.0
yf_ADM_d9;27800;INTARIAN_PEPPER_ROOT;10600;15;10596;16;;;10606;18;10608;20;;;10603.0;0.0
yf_ADM_d9;27900;ASH_COATED_OSMIUM;9909;15;9905;15;;;9929;20;9933;21;;;9919.0;0.0
yf_ADM_d9;27900;INTARIAN_PEPPER_ROOT;10602;5;10598;11;;;10608;18;10610;17;;;10605.0;0.0
yf_ADM_d9;28000;ASH_COATED_OSMIUM;9913;16;9909;23;;;9926;10;9929;20;;;9919.5;0.0
yf_ADM_d9;28000;INTARIAN_PEPPER_ROOT;10604;8;10601;23;;;10610;13;10614;24;;;10607.0;0.0
yf_ADM_d9;28100;ASH_COATED_OSMIUM;9916;17;9913;24;;;9922;7;9926;20;;;9919.0;0.0
yf_ADM_d9;28100;INTARIAN_PEPPER_ROOT;10603;5;10600;20;;;10614;14;10617;11;;;10608.5;0.0
yf_ADM_d9;28200;ASH_COATED_OSMIUM;9909;18;9907;27;;;9929;17;9933;21;;;9919.0;0.0
yf_ADM_d9;28200;INTARIAN_PEPPER_ROOT;10608;15;10605;16;;;10614;14;10618;16;;;10611.0;0.0
yf_ADM_d9;28300;ASH_COATED_OSMIUM;9913;12;9910;28;;;9927;16;9929;21;;;9920.0;0.0
yf_ADM_d9;28300;INTARIAN_PEPPER_ROOT;10610;5;10606;23;;;10616;14;10618;25;;;10613.0;0.0
yf_ADM_d9;28400;ASH_COATED_OSMIUM;9905;12;9902;18;;;9935;12;9937;19;;;9920.0;0.0
yf_ADM_d9;28400;INTARIAN_PEPPER_ROOT;10612;14;10608;26;;;10618;11;10621;12;;;10615.0;0.0
yf_ADM_d9;28500;ASH_COATED_OSMIUM;9914;18;9912;12;;;9926;29;9928;24;;;9920.0;0.0
yf_ADM_d9;28500;INTARIAN_PEPPER_ROOT;10614;5;10611;20;;;10620;17;10623;18;;;10617.0;0.0
yf_ADM_d9;28600;ASH_COATED_OSMIUM;9917;10;9913;17;;;9923;16;9926;10;;;9920.0;0.0
yf_ADM_d9;28600;INTARIAN_PEPPER_ROOT;10616;19;10613;23;;;10622;6;10624;20;;;10619.0;0.0
yf_ADM_d9;28700;ASH_COATED_OSMIUM;9915;19;9911;17;;;9926;21;9930;17;;;9920.5;0.0
yf_ADM_d9;28700;INTARIAN_PEPPER_ROOT;10619;6;10615;11;;;10625;10;10628;24;;;10622.0;0.0
yf_ADM_d9;28800;ASH_COATED_OSMIUM;9916;15;9912;21;;;9925;15;9928;14;;;9920.5;0.0
yf_ADM_d9;28800;INTARIAN_PEPPER_ROOT;10620;13;10616;27;;;10626;19;10629;8;;;10623.0;0.0
yf_ADM_d9;28900;ASH_COATED_OSMIUM;9917;5;9915;21;;;9925;8;9928;15;;;9921.0;0.0
yf_ADM_d9;28900;INTARIAN_PEPPER_ROOT;10622;12;10618;25;;;10628;14;10631;17;;;10625.0;0.0
yf_ADM_d9;29000;ASH_COATED_OSMIUM;9917;5;9913;27;;;9926;6;9930;23;;;9921.5;0.0
yf_ADM_d9;29000;INTARIAN_PEPPER_ROOT;10623;11;10620;22;;;10631;21;10634;20;;;10627.0;0.0
yf_ADM_d9;29100;ASH_COATED_OSMIUM;9918;15;9916;16;;;9924;19;9928;21;;;9921.0;0.0
yf_ADM_d9;29100;INTARIAN_PEPPER_ROOT;10622;14;10619;24;;;10637;18;10640;18;;;10629.5;0.0
yf_ADM_d9;29200;ASH_COATED_OSMIUM;9918;13;9915;12;;;9924;11;9926;19;;;9921.0;0.0
yf_ADM_d9;29200;INTARIAN_PEPPER_ROOT;10629;15;10625;16;;;10635;14;10639;11;;;10632.0;0.0
yf_ADM_d9;29300;ASH_COATED_OSMIUM;9919;5;9917;10;;;9925;11;9929;23;;;9922.0;0.0
yf_ADM_d9;29300;INTARIAN_PEPPER_ROOT;10630;18;10626;18;;;10636;10;10640;26;;;10633.0;0.0
yf_ADM_d9;29400;ASH_COATED_OSMIUM;9918;20;9916;16;;;9924;22;9927;17;;;9921.0;0.0
yf_ADM_d9;29400;INTARIAN_PEPPER_ROOT;10625;15;10621;19;;;10647;17;10649;22;;;10636.0;0.0
yf_ADM_d9;29500;ASH_COATED_OSMIUM;9915;10;9913;16;;;9929;13;9933;21;;;9922.0;0.0
yf_ADM_d9;29500;INTARIAN_PEPPER_ROOT;10634;14;10630;20;;;10640;11;10643;11;;;10637.0;0.0
yf_ADM_d9;29600;ASH_COATED_OSMIUM;9919;18;9917;13;;;9925;11;9929;16;;;9922.0;0.0
yf_ADM_d9;29600;INTARIAN_PEPPER_ROOT;10637;14;10635;12;;;10643;5;10647;25;;;10640.0;0.0
yf_ADM_d9;29700;ASH_COATED_OSMIUM;9917;16;9915;20;;;9927;9;9929;21;;;9922.0;0.0
yf_ADM_d9;29700;INTARIAN_PEPPER_ROOT;10638;12;10635;14;;;10644;14;10647;12;;;10641.0;0.0
yf_ADM_d9;29800;ASH_COATED_OSMIUM;9920;15;9916;16;;;9926;13;9930;13;;;9923.0;0.0
yf_ADM_d9;29800;INTARIAN_PEPPER_ROOT;10636;12;10632;14;;;10652;23;10654;14;;;10644.0;0.0
yf_ADM_d9;29900;ASH_COATED_OSMIUM;9920;20;9916;30;;;9926;7;9930;27;;;9923.0;0.0
yf_ADM_d9;29900;INTARIAN_PEPPER_ROOT;10643;17;10639;18;;;10649;15;10651;19;;;10646.0;0.0
yf_ADM_d9;30000;ASH_COATED_OSMIUM;9919;16;9917;16;;;9925;18;9927;23;;;9922.0;0.0
yf_ADM_d9;30000;INTARIAN_PEPPER_ROOT;10642;10;10639;24;;;10654;22;10658;23;;;10648.0;0.0
yf_ADM_d9;30100;ASH_COATED_OSMIUM;9920;13;9918;24;;;9926;18;9929;19;;;9923.0;0.0
yf_ADM_d9;30100;INTARIAN_PEPPER_ROOT;10636;7;10632;15;;;10663;19;10665;25;;;10649.5;0.0
yf_ADM_d9;30200;ASH_COATED_OSMIUM;9916;16;9913;22;;;9930;13;9932;21;;;9923.0;0.0
yf_ADM_d9;30200;INTARIAN_PEPPER_ROOT;10648;7;10646;27;;;10654;8;10657;17;;;10651.0;0.0
yf_ADM_d9;30300;ASH_COATED_OSMIUM;9920;11;9917;17;;;9926;13;9930;22;;;9923.0;0.0
yf_ADM_d9;30300;INTARIAN_PEPPER_ROOT;10638;18;10636;12;;;10669;15;10672;18;;;10653.5;0.0
yf_ADM_d9;30400;ASH_COATED_OSMIUM;9921;10;9917;30;;;9927;14;9930;15;;;9924.0;0.0
yf_ADM_d9;30400;INTARIAN_PEPPER_ROOT;10650;15;10648;14;;;10662;8;10666;11;;;10656.0;0.0
yf_ADM_d9;30500;ASH_COATED_OSMIUM;9916;14;9913;21;;;9933;15;9937;20;;;9924.5;0.0
yf_ADM_d9;30500;INTARIAN_PEPPER_ROOT;10654;18;10652;23;;;10660;23;10664;25;;;10657.0;0.0
yf_ADM_d9;30600;ASH_COATED_OSMIUM;9921;21;9917;14;;;9927;16;9930;20;;;9924.0;0.0
yf_ADM_d9;30600;INTARIAN_PEPPER_ROOT;10657;10;10654;15;;;10663;16;10667;17;;;10660.0;0.0
yf_ADM_d9;30700;ASH_COATED_OSMIUM;9921;10;9919;18;;;9927;16;9929;14;;;9924.0;0.0
yf_ADM_d9;30700;INTARIAN_PEPPER_ROOT;10659;15;10655;19;;;10665;12;10669;14;;;10662.0;0.0
yf_ADM_d9;30800;ASH_COATED_OSMIUM;9921;16;9917;17;;;9927;9;9929;27;;;9924.0;0.0
yf_ADM_d9;30800;INTARIAN_PEPPER_ROOT;10657;17;10655;25;;;10671;16;10674;23;;;10664.0;0.0
yf_ADM_d9;30900;ASH_COATED_OSMIUM;9922;15;9918;30;;;9928;15;9930;27;;;9925.0;0.0
yf_ADM_d9;30900;INTARIAN_PEPPER_ROOT;10664;14;10662;23;;;10670;23;10673;24;;;10667.0;0.0
yf_ADM_d9;31000;ASH_COATED_OSMIUM;9913;14;9910;11;;;9937;20;9941;17;;;9925.0;0.0
yf_ADM_d9;31000;INTARIAN_PEPPER_ROOT;10657;12;10655;21;;;10678;13;10681;26;;;10667.5;0.0
yf_ADM_d9;31100;ASH_COATED_OSMIUM;9903;14;9900;24;;;9946;9;9949;17;;;9924.5;0.0
yf_ADM_d9;31100;INTARIAN_PEPPER_ROOT;10664;14;10662;26;;;10676;17;10680;22;;;10670.0;0.0
yf_ADM_d9;31200;ASH_COATED_OSMIUM;9912;20;9908;17;;;9938;17;9940;25;;;9925.0;0.0
yf_ADM_d9;31200;INTARIAN_PEPPER_ROOT;10666;15;10662;13;;;10680;12;10684;8;;;10673.0;0.0
yf_ADM_d9;31300;ASH_COATED_OSMIUM;9922;17;9918;16;;;9928;13;9930;28;;;9925.0;0.0
yf_ADM_d9;31300;INTARIAN_PEPPER_ROOT;10671;6;10669;23;;;10677;11;10679;12;;;10674.0;0.0
yf_ADM_d9;31400;ASH_COATED_OSMIUM;9921;19;9919;25;;;9931;26;9935;18;;;9926.0;0.0
yf_ADM_d9;31400;INTARIAN_PEPPER_ROOT;10673;29;10671;12;;;10680;22;10683;22;;;10676.5;0.0
yf_ADM_d9;31500;ASH_COATED_OSMIUM;9922;11;9918;21;;;9928;10;9930;17;;;9925.0;0.0
yf_ADM_d9;31500;INTARIAN_PEPPER_ROOT;10676;25;10672;24;;;10682;6;10684;21;;;10679.0;0.0
yf_ADM_d9;31600;ASH_COATED_OSMIUM;9919;21;9917;15;;;9932;10;9936;22;;;9925.5;0.0
yf_ADM_d9;31600;INTARIAN_PEPPER_ROOT;10667;21;10665;21;;;10694;14;10698;12;;;10680.5;0.0
yf_ADM_d9;31700;ASH_COATED_OSMIUM;9924;11;9921;21;;;9930;14;9932;13;;;9927.0;0.0
yf_ADM_d9;31700;INTARIAN_PEPPER_ROOT;10678;21;10674;16;;;10687;5;10689;25;;;10682.5;0.0
yf_ADM_d9;31800;ASH_COATED_OSMIUM;9919;7;9915;21;;;9932;12;9934;28;;;9925.5;0.0
yf_ADM_d9;31800;INTARIAN_PEPPER_ROOT;10679;15;10675;22;;;10691;16;10695;19;;;10685.0;0.0
yf_ADM_d9;31900;ASH_COATED_OSMIUM;9922;13;9919;16;;;9930;14;9932;21;;;9926.0;0.0
yf_ADM_d9;31900;INTARIAN_PEPPER_ROOT;10678;21;10676;16;;;10695;11;10697;18;;;10686.5;0.0
yf_ADM_d9;32000;ASH_COATED_OSMIUM;9906;9;9903;14;;;9948;10;9950;16;;;9927.0;0.0
yf_ADM_d9;32000;INTARIAN_PEPPER_ROOT;10686;15;10684;20;;;10693;17;10695;12;;;10689.5;0.0
yf_ADM_d9;32100;ASH_COATED_OSMIUM;9924;7;9920;23;;;9930;14;9932;23;;;9927.0;0.0
yf_ADM_d9;32100;INTARIAN_PEPPER_ROOT;10686;11;10682;13;;;10695;7;10697;24;;;10690.5;0.0
yf_ADM_d9;32200;ASH_COATED_OSMIUM;9924;9;9921;20;;;9930;15;9933;25;;;9927.0;0.0
yf_ADM_d9;32200;INTARIAN_PEPPER_ROOT;10670;21;10667;22;;;10715;10;10718;27;;;10692.5;0.0
yf_ADM_d9;32300;ASH_COATED_OSMIUM;9924;16;9920;14;;;9930;14;9933;18;;;9927.0;0.0
yf_ADM_d9;32300;INTARIAN_PEPPER_ROOT;10692;23;10688;18;;;10698;7;10702;14;;;10695.0;0.0
yf_ADM_d9;32400;ASH_COATED_OSMIUM;9907;26;9904;22;;;9948;14;9952;23;;;9927.5;0.0
yf_ADM_d9;32400;INTARIAN_PEPPER_ROOT;10694;21;10692;14;;;10700;11;10704;17;;;10697.0;0.0
yf_ADM_d9;32500;ASH_COATED_OSMIUM;9923;19;9920;19;;;9932;22;9935;21;;;9927.5;0.0
yf_ADM_d9;32500;INTARIAN_PEPPER_ROOT;10693;12;10690;19;;;10706;17;10709;27;;;10699.5;0.0
yf_ADM_d9;32600;ASH_COATED_OSMIUM;9925;30;9922;25;;;9931;13;9935;8;;;9928.0;0.0
yf_ADM_d9;32600;INTARIAN_PEPPER_ROOT;10698;23;10695;18;;;10704;13;10707;8;;;10701.0;0.0
yf_ADM_d9;32700;ASH_COATED_OSMIUM;9925;19;9923;23;;;9931;13;9934;26;;;9928.0;0.0
yf_ADM_d9;32700;INTARIAN_PEPPER_ROOT;10691;15;10688;23;;;10715;12;10718;30;;;10703.0;0.0
yf_ADM_d9;32800;ASH_COATED_OSMIUM;9925;14;9923;18;;;9931;17;9934;19;;;9928.0;0.0
yf_ADM_d9;32800;INTARIAN_PEPPER_ROOT;10701;13;10698;18;;;10709;17;10711;19;;;10705.0;0.0
yf_ADM_d9;32900;ASH_COATED_OSMIUM;9925;17;9923;23;;;9931;12;9933;31;;;9928.0;0.0
yf_ADM_d9;32900;INTARIAN_PEPPER_ROOT;10704;16;10702;23;;;10710;21;10712;26;;;10707.0;0.0
yf_ADM_d9;33000;ASH_COATED_OSMIUM;9926;8;9924;26;;;9932;13;9935;23;;;9929.0;0.0
yf_ADM_d9;33000;INTARIAN_PEPPER_ROOT;10706;15;10703;27;;;10712;12;10715;17;;;10709.0;0.0
yf_ADM_d9;33100;ASH_COATED_OSMIUM;9923;16;9920;18;;;9934;20;9937;21;;;9928.5;0.0
yf_ADM_d9;33100;INTARIAN_PEPPER_ROOT;10704;17;10701;10;;;10720;25;10722;10;;;10712.0;0.0
yf_ADM_d9;33200;ASH_COATED_OSMIUM;9921;17;9919;10;;;9935;23;9939;12;;;9928.0;0.0
yf_ADM_d9;33200;INTARIAN_PEPPER_ROOT;10710;19;10707;11;;;10716;26;10718;23;;;10713.0;0.0
yf_ADM_d9;33300;ASH_COATED_OSMIUM;9924;15;9922;18;;;9934;12;9937;9;;;9929.0;0.0
yf_ADM_d9;33300;INTARIAN_PEPPER_ROOT;10707;6;10705;21;;;10722;27;10724;22;;;10714.5;0.0
yf_ADM_d9;33400;ASH_COATED_OSMIUM;9922;22;9918;13;;;9936;15;9939;21;;;9929.0;0.0
yf_ADM_d9;33400;INTARIAN_PEPPER_ROOT;10713;18;10710;21;;;10721;7;10724;19;;;10717.0;0.0
yf_ADM_d9;33500;ASH_COATED_OSMIUM;9926;13;9923;18;;;9932;9;9935;14;;;9929.0;0.0
yf_ADM_d9;33500;INTARIAN_PEPPER_ROOT;10715;18;10712;11;;;10725;21;10728;12;;;10720.0;0.0
yf_ADM_d9;33600;ASH_COATED_OSMIUM;9926;14;9924;28;;;9932;17;9936;21;;;9929.0;0.0
yf_ADM_d9;33600;INTARIAN_PEPPER_ROOT;10714;11;10711;19;;;10728;5;10732;20;;;10721.0;0.0
yf_ADM_d9;33700;ASH_COATED_OSMIUM;9924;11;9922;22;;;9935;11;9939;21;;;9929.5;0.0
yf_ADM_d9;33700;INTARIAN_PEPPER_ROOT;10717;17;10713;22;;;10730;16;10732;19;;;10723.5;0.0
yf_ADM_d9;33800;ASH_COATED_OSMIUM;9921;13;9919;17;;;9938;17;9941;21;;;9929.5;0.0
yf_ADM_d9;33800;INTARIAN_PEPPER_ROOT;10723;18;10720;15;;;10729;16;10733;23;;;10726.0;0.0
yf_ADM_d9;33900;ASH_COATED_OSMIUM;9927;14;9924;27;;;9933;9;9936;21;;;9930.0;0.0
yf_ADM_d9;33900;INTARIAN_PEPPER_ROOT;10720;20;10718;10;;;10735;14;10738;20;;;10727.5;0.0
yf_ADM_d9;34000;ASH_COATED_OSMIUM;9926;16;9924;23;;;9933;14;9937;25;;;9929.5;0.0
yf_ADM_d9;34000;INTARIAN_PEPPER_ROOT;10718;19;10714;20;;;10736;12;10739;16;;;10727.0;0.0
yf_ADM_d9;34100;ASH_COATED_OSMIUM;9927;9;9923;15;;;9933;15;9937;25;;;9930.0;0.0
yf_ADM_d9;34100;INTARIAN_PEPPER_ROOT;10724;19;10722;14;;;10731;8;10735;22;;;10727.5;0.0
yf_ADM_d9;34200;ASH_COATED_OSMIUM;9926;21;9922;20;;;9932;9;9934;18;;;9929.0;0.0
yf_ADM_d9;34200;INTARIAN_PEPPER_ROOT;10714;11;10712;24;;;10739;5;10743;20;;;10726.5;0.0
yf_ADM_d9;34300;ASH_COATED_OSMIUM;9926;12;9923;8;;;9932;12;9936;13;;;9929.0;0.0
yf_ADM_d9;34300;INTARIAN_PEPPER_ROOT;10719;10;10716;13;;;10735;26;10738;15;;;10727.0;0.0
yf_ADM_d9;34400;ASH_COATED_OSMIUM;9918;18;9914;16;;;9939;19;9941;23;;;9928.5;0.0
yf_ADM_d9;34400;INTARIAN_PEPPER_ROOT;10723;5;10719;27;;;10729;27;10731;19;;;10726.0;0.0
yf_ADM_d9;34500;ASH_COATED_OSMIUM;9926;17;9924;15;;;9932;8;9934;22;;;9929.0;0.0
yf_ADM_d9;34500;INTARIAN_PEPPER_ROOT;10723;14;10719;19;;;10729;16;10732;23;;;10726.0;0.0
yf_ADM_d9;34600;ASH_COATED_OSMIUM;9922;12;9918;21;;;9934;23;9937;22;;;9928.0;0.0
yf_ADM_d9;34600;INTARIAN_PEPPER_ROOT;10721;8;10718;15;;;10731;24;10735;22;;;10726.0;0.0
yf_ADM_d9;34700;ASH_COATED_OSMIUM;9926;10;9922;21;;;9932;11;9935;21;;;9929.0;0.0
yf_ADM_d9;34700;INTARIAN_PEPPER_ROOT;10723;5;10721;25;;;10729;8;10733;22;;;10726.0;0.0
yf_ADM_d9;34800;ASH_COATED_OSMIUM;9921;15;9917;9;;;9936;17;9940;15;;;9928.5;0.0
yf_ADM_d9;34800;INTARIAN_PEPPER_ROOT;10722;18;10720;18;;;10728;16;10730;21;;;10725.0;0.0
yf_ADM_d9;34900;ASH_COATED_OSMIUM;9925;18;9922;13;;;9933;20;9937;17;;;9929.0;0.0
yf_ADM_d9;34900;INTARIAN_PEPPER_ROOT;10723;12;10719;23;;;10729;15;10733;22;;;10726.0;0.0
yf_ADM_d9;35000;ASH_COATED_OSMIUM;9925;11;9922;23;;;9931;17;9935;26;;;9928.0;0.0
yf_ADM_d9;35000;INTARIAN_PEPPER_ROOT;10722;7;10720;27;;;10728;12;10732;18;;;10725.0;0.0
yf_ADM_d9;35100;ASH_COATED_OSMIUM;9919;22;9915;15;;;9936;5;9939;14;;;9927.5;0.0
yf_ADM_d9;35100;INTARIAN_PEPPER_ROOT;10719;12;10716;20;;;10731;5;10733;24;;;10725.0;0.0
yf_ADM_d9;35200;ASH_COATED_OSMIUM;9924;9;9921;8;;;9931;25;9934;18;;;9927.5;0.0
yf_ADM_d9;35200;INTARIAN_PEPPER_ROOT;10722;12;10720;16;;;10728;20;10730;23;;;10725.0;0.0
yf_ADM_d9;35300;ASH_COATED_OSMIUM;9917;9;9915;25;;;9937;9;9939;11;;;9927.0;0.0
yf_ADM_d9;35300;INTARIAN_PEPPER_ROOT;10722;14;10720;20;;;10728;21;10731;18;;;10725.0;0.0
yf_ADM_d9;35400;ASH_COATED_OSMIUM;9924;12;9921;19;;;9931;16;9934;23;;;9927.5;0.0
yf_ADM_d9;35400;INTARIAN_PEPPER_ROOT;10721;14;10717;20;;;10727;11;10729;24;;;10724.0;0.0
yf_ADM_d9;35500;ASH_COATED_OSMIUM;9921;15;9919;18;;;9934;20;9937;21;;;9927.5;0.0
yf_ADM_d9;35500;INTARIAN_PEPPER_ROOT;10722;6;10719;25;;;10728;11;10730;13;;;10725.0;0.0
yf_ADM_d9;35600;ASH_COATED_OSMIUM;9923;20;9919;25;;;9931;18;9934;33;;;9927.0;0.0
yf_ADM_d9;35600;INTARIAN_PEPPER_ROOT;10721;14;10718;23;;;10727;12;10731;26;;;10724.0;0.0
yf_ADM_d9;35700;ASH_COATED_OSMIUM;9924;12;9922;19;;;9930;15;9932;17;;;9927.0;0.0
yf_ADM_d9;35700;INTARIAN_PEPPER_ROOT;10721;17;10717;22;;;10727;12;10730;26;;;10724.0;0.0
yf_ADM_d9;35800;ASH_COATED_OSMIUM;9918;20;9914;22;;;9934;22;9938;16;;;9926.0;0.0
yf_ADM_d9;35800;INTARIAN_PEPPER_ROOT;10709;10;10707;16;;;10738;18;10741;24;;;10723.5;0.0
yf_ADM_d9;35900;ASH_COATED_OSMIUM;9923;18;9921;19;;;9929;5;9933;11;;;9926.0;0.0
yf_ADM_d9;35900;INTARIAN_PEPPER_ROOT;10709;21;10706;22;;;10738;10;10742;28;;;10723.5;0.0
yf_ADM_d9;36000;ASH_COATED_OSMIUM;9924;22;9920;19;;;9930;7;9932;14;;;9927.0;0.0
yf_ADM_d9;36000;INTARIAN_PEPPER_ROOT;10720;10;10717;23;;;10726;15;10728;27;;;10723.0;0.0
yf_ADM_d9;36100;ASH_COATED_OSMIUM;9923;16;9919;26;;;9929;15;9932;21;;;9926.0;0.0
yf_ADM_d9;36100;INTARIAN_PEPPER_ROOT;10710;21;10707;26;;;10738;14;10741;22;;;10724.0;0.0
yf_ADM_d9;36200;ASH_COATED_OSMIUM;9922;11;9918;21;;;9930;10;9932;22;;;9926.0;0.0
yf_ADM_d9;36200;INTARIAN_PEPPER_ROOT;10720;12;10716;21;;;10726;18;10729;16;;;10723.0;0.0
yf_ADM_d9;36300;ASH_COATED_OSMIUM;9923;18;9921;15;;;9929;14;9931;17;;;9926.0;0.0
yf_ADM_d9;36300;INTARIAN_PEPPER_ROOT;10720;18;10717;20;;;10726;23;10729;16;;;10723.0;0.0
yf_ADM_d9;36400;ASH_COATED_OSMIUM;9922;13;9918;24;;;9931;5;9934;23;;;9926.5;0.0
yf_ADM_d9;36400;INTARIAN_PEPPER_ROOT;10715;13;10711;22;;;10731;12;10734;16;;;10723.0;0.0
yf_ADM_d9;36500;ASH_COATED_OSMIUM;9922;20;9919;9;;;9928;20;9930;17;;;9925.0;0.0
yf_ADM_d9;36500;INTARIAN_PEPPER_ROOT;10719;17;10717;19;;;10725;9;10729;13;;;10722.0;0.0
yf_ADM_d9;36600;ASH_COATED_OSMIUM;9921;10;9918;25;;;9929;18;9932;28;;;9925.0;0.0
yf_ADM_d9;36600;INTARIAN_PEPPER_ROOT;10719;13;10716;15;;;10725;12;10728;19;;;10722.0;0.0
yf_ADM_d9;36700;ASH_COATED_OSMIUM;9922;15;9918;24;;;9928;10;9932;17;;;9925.0;0.0
yf_ADM_d9;36700;INTARIAN_PEPPER_ROOT;10719;13;10716;19;;;10725;17;10727;12;;;10722.0;0.0
yf_ADM_d9;36800;ASH_COATED_OSMIUM;9916;21;9912;31;;;9934;18;9938;20;;;9925.0;0.0
yf_ADM_d9;36800;INTARIAN_PEPPER_ROOT;10719;18;10715;24;;;10725;17;10727;24;;;10722.0;0.0
yf_ADM_d9;36900;ASH_COATED_OSMIUM;9922;19;9918;17;;;9928;19;9932;12;;;9925.0;0.0
yf_ADM_d9;36900;INTARIAN_PEPPER_ROOT;10719;11;10715;24;;;10725;14;10727;25;;;10722.0;0.0
yf_ADM_d9;37000;ASH_COATED_OSMIUM;9922;14;9920;24;;;9928;16;9931;27;;;9925.0;0.0
yf_ADM_d9;37000;INTARIAN_PEPPER_ROOT;10716;14;10714;13;;;10728;5;10731;14;;;10722.0;0.0
yf_ADM_d9;37100;ASH_COATED_OSMIUM;9919;10;9916;22;;;9929;12;9932;9;;;9924.0;0.0
yf_ADM_d9;37100;INTARIAN_PEPPER_ROOT;10719;14;10715;20;;;10725;17;10728;22;;;10722.0;0.0
yf_ADM_d9;37200;ASH_COATED_OSMIUM;9913;5;9911;25;;;9936;19;9938;21;;;9924.5;0.0
yf_ADM_d9;37200;INTARIAN_PEPPER_ROOT;10718;15;10715;23;;;10724;11;10726;23;;;10721.0;0.0
yf_ADM_d9;37300;ASH_COATED_OSMIUM;9921;16;9917;23;;;9927;10;9931;20;;;9924.0;0.0
yf_ADM_d9;37300;INTARIAN_PEPPER_ROOT;10718;5;10714;31;;;10724;5;10728;22;;;10721.0;0.0
yf_ADM_d9;37400;ASH_COATED_OSMIUM;9919;5;9916;14;;;9928;16;9930;18;;;9923.5;0.0
yf_ADM_d9;37400;INTARIAN_PEPPER_ROOT;10710;9;10706;13;;;10733;11;10736;9;;;10721.5;0.0
yf_ADM_d9;37500;ASH_COATED_OSMIUM;9921;8;9918;16;;;9927;25;9929;20;;;9924.0;0.0
yf_ADM_d9;37500;INTARIAN_PEPPER_ROOT;10718;8;10714;26;;;10724;17;10727;11;;;10721.0;0.0
yf_ADM_d9;37600;ASH_COATED_OSMIUM;9920;5;9918;21;;;9926;18;9928;12;;;9923.0;0.0
yf_ADM_d9;37600;INTARIAN_PEPPER_ROOT;10716;6;10713;12;;;10724;9;10727;19;;;10720.0;0.0
yf_ADM_d9;37700;ASH_COATED_OSMIUM;9919;19;9915;27;;;9929;15;9933;18;;;9924.0;0.0
yf_ADM_d9;37700;INTARIAN_PEPPER_ROOT;10717;17;10715;12;;;10723;8;10726;11;;;10720.0;0.0
yf_ADM_d9;37800;ASH_COATED_OSMIUM;9918;19;9914;14;;;9928;9;9930;15;;;9923.0;0.0
yf_ADM_d9;37800;INTARIAN_PEPPER_ROOT;10717;22;10715;17;;;10723;7;10725;16;;;10720.0;0.0
yf_ADM_d9;37900;ASH_COATED_OSMIUM;9918;24;9914;22;;;9928;11;9931;29;;;9923.0;0.0
yf_ADM_d9;37900;INTARIAN_PEPPER_ROOT;10717;17;10715;13;;;10723;14;10725;27;;;10720.0;0.0
yf_ADM_d9;38000;ASH_COATED_OSMIUM;9912;14;9908;17;;;9932;21;9935;25;;;9922.0;0.0
yf_ADM_d9;38000;INTARIAN_PEPPER_ROOT;10712;18;10709;18;;;10727;20;10730;13;;;10719.5;0.0
yf_ADM_d9;38100;ASH_COATED_OSMIUM;9920;11;9917;25;;;9926;16;9930;18;;;9923.0;0.0
yf_ADM_d9;38100;INTARIAN_PEPPER_ROOT;10716;22;10714;22;;;10722;17;10724;18;;;10719.0;0.0
yf_ADM_d9;38200;ASH_COATED_OSMIUM;9920;17;9916;20;;;9926;19;9928;18;;;9923.0;0.0
yf_ADM_d9;38200;INTARIAN_PEPPER_ROOT;10713;21;10711;26;;;10725;18;10727;21;;;10719.0;0.0
yf_ADM_d9;38300;ASH_COATED_OSMIUM;9912;23;9908;18;;;9933;15;9937;25;;;9922.5;0.0
yf_ADM_d9;38300;INTARIAN_PEPPER_ROOT;10716;15;10712;18;;;10722;20;10724;24;;;10719.0;0.0
yf_ADM_d9;38400;ASH_COATED_OSMIUM;9915;9;9911;16;;;9930;15;9932;20;;;9922.5;0.0
yf_ADM_d9;38400;INTARIAN_PEPPER_ROOT;10716;7;10713;19;;;10722;10;10726;24;;;10719.0;0.0
yf_ADM_d9;38500;ASH_COATED_OSMIUM;9919;21;9916;26;;;9925;8;9927;22;;;9922.0;0.0
yf_ADM_d9;38500;INTARIAN_PEPPER_ROOT;10715;23;10711;29;;;10721;21;10723;15;;;10718.0;0.0
yf_ADM_d9;38600;ASH_COATED_OSMIUM;9919;15;9916;15;;;9925;14;9929;26;;;9922.0;0.0
yf_ADM_d9;38600;INTARIAN_PEPPER_ROOT;10712;15;10709;28;;;10724;14;10728;26;;;10718.0;0.0
yf_ADM_d9;38700;ASH_COATED_OSMIUM;9917;23;9913;18;;;9925;16;9928;8;;;9921.0;0.0
yf_ADM_d9;38700;INTARIAN_PEPPER_ROOT;10715;17;10711;21;;;10721;20;10725;20;;;10718.0;0.0
yf_ADM_d9;38800;ASH_COATED_OSMIUM;9917;10;9914;19;;;9925;16;9929;24;;;9921.0;0.0
yf_ADM_d9;38800;INTARIAN_PEPPER_ROOT;10699;20;10697;25;;;10736;17;10739;8;;;10717.5;0.0
yf_ADM_d9;38900;ASH_COATED_OSMIUM;9918;20;9914;20;;;9924;21;9928;16;;;9921.0;0.0
yf_ADM_d9;38900;INTARIAN_PEPPER_ROOT;10715;23;10712;19;;;10721;9;10723;24;;;10718.0;0.0
yf_ADM_d9;39000;ASH_COATED_OSMIUM;9918;20;9916;20;;;9924;19;9927;27;;;9921.0;0.0
yf_ADM_d9;39000;INTARIAN_PEPPER_ROOT;10710;13;10708;28;;;10725;20;10729;24;;;10717.5;0.0
yf_ADM_d9;39100;ASH_COATED_OSMIUM;9918;9;9915;26;;;9924;11;9928;19;;;9921.0;0.0
yf_ADM_d9;39100;INTARIAN_PEPPER_ROOT;10715;25;10711;23;;;10721;10;10724;18;;;10718.0;0.0
yf_ADM_d9;39200;ASH_COATED_OSMIUM;9908;13;9905;24;;;9933;9;9937;22;;;9920.5;0.0
yf_ADM_d9;39200;INTARIAN_PEPPER_ROOT;10714;10;10711;16;;;10720;8;10722;22;;;10717.0;0.0
yf_ADM_d9;39300;ASH_COATED_OSMIUM;9916;12;9913;27;;;9925;12;9927;21;;;9920.5;0.0
yf_ADM_d9;39300;INTARIAN_PEPPER_ROOT;10714;25;10711;18;;;10720;11;10722;15;;;10717.0;0.0
yf_ADM_d9;39400;ASH_COATED_OSMIUM;9917;16;9914;24;;;9923;9;9925;21;;;9920.0;0.0
yf_ADM_d9;39400;INTARIAN_PEPPER_ROOT;10714;15;10712;28;;;10720;6;10722;20;;;10717.0;0.0
yf_ADM_d9;39500;ASH_COATED_OSMIUM;9917;15;9914;15;;;9923;10;9927;16;;;9920.0;0.0
yf_ADM_d9;39500;INTARIAN_PEPPER_ROOT;10709;17;10705;17;;;10724;19;10727;24;;;10716.5;0.0
yf_ADM_d9;39600;ASH_COATED_OSMIUM;9917;17;9914;29;;;9923;19;9926;20;;;9920.0;0.0
yf_ADM_d9;39600;INTARIAN_PEPPER_ROOT;10714;10;10711;13;;;10720;16;10723;16;;;10717.0;0.0
yf_ADM_d9;39700;ASH_COATED_OSMIUM;9917;19;9914;25;;;9923;15;9925;23;;;9920.0;0.0
yf_ADM_d9;39700;INTARIAN_PEPPER_ROOT;10713;14;10709;17;;;10719;14;10723;23;;;10716.0;0.0
yf_ADM_d9;39800;ASH_COATED_OSMIUM;9916;12;9913;10;;;9922;20;9924;21;;;9919.0;0.0
yf_ADM_d9;39800;INTARIAN_PEPPER_ROOT;10713;11;10711;18;;;10719;12;10722;21;;;10716.0;0.0
yf_ADM_d9;39900;ASH_COATED_OSMIUM;9909;19;9905;12;;;9929;20;9931;21;;;9919.0;0.0
yf_ADM_d9;39900;INTARIAN_PEPPER_ROOT;10713;11;10711;23;;;10719;13;10722;19;;;10716.0;0.0
yf_ADM_d9;40000;ASH_COATED_OSMIUM;9916;5;9912;13;;;9922;18;9925;24;;;9919.0;0.0
yf_ADM_d9;40000;INTARIAN_PEPPER_ROOT;10708;8;10706;15;;;10723;15;10725;15;;;10715.5;0.0
yf_ADM_d9;40100;ASH_COATED_OSMIUM;9916;20;9912;22;;;9922;15;9926;17;;;9919.0;0.0
yf_ADM_d9;40100;INTARIAN_PEPPER_ROOT;10710;17;10708;23;;;10721;9;10725;17;;;10715.5;0.0
yf_ADM_d9;40200;ASH_COATED_OSMIUM;9916;19;9912;23;;;9922;24;9925;13;;;9919.0;0.0
yf_ADM_d9;40200;INTARIAN_PEPPER_ROOT;10712;9;10709;27;;;10718;16;10722;11;;;10715.0;0.0
yf_ADM_d9;40300;ASH_COATED_OSMIUM;9915;15;9913;10;;;9921;20;9925;10;;;9918.0;0.0
yf_ADM_d9;40300;INTARIAN_PEPPER_ROOT;10712;5;10708;22;;;10719;15;10722;16;;;10715.5;0.0
yf_ADM_d9;40400;ASH_COATED_OSMIUM;9916;12;9913;18;;;9922;16;9924;16;;;9919.0;0.0
yf_ADM_d9;40400;INTARIAN_PEPPER_ROOT;10712;13;10708;10;;;10718;12;10720;14;;;10715.0;0.0
yf_ADM_d9;40500;ASH_COATED_OSMIUM;9915;18;9912;15;;;9921;13;9923;19;;;9918.0;0.0
yf_ADM_d9;40500;INTARIAN_PEPPER_ROOT;10712;19;10709;26;;;10718;5;10720;14;;;10715.0;0.0
yf_ADM_d9;40600;ASH_COATED_OSMIUM;9915;10;9913;21;;;9921;17;9924;27;;;9918.0;0.0
yf_ADM_d9;40600;INTARIAN_PEPPER_ROOT;10710;12;10707;20;;;10719;7;10723;17;;;10714.5;0.0
yf_ADM_d9;40700;ASH_COATED_OSMIUM;9915;9;9911;31;;;9921;16;9924;17;;;9918.0;0.0
yf_ADM_d9;40700;INTARIAN_PEPPER_ROOT;10711;14;10709;19;;;10717;13;10719;14;;;10714.0;0.0
yf_ADM_d9;40800;ASH_COATED_OSMIUM;9915;7;9912;19;;;9921;14;9924;19;;;9918.0;0.0
yf_ADM_d9;40800;INTARIAN_PEPPER_ROOT;10710;25;10706;17;;;10718;15;10721;18;;;10714.0;0.0
yf_ADM_d9;40900;ASH_COATED_OSMIUM;9914;23;9910;14;;;9920;7;9924;17;;;9917.0;0.0
yf_ADM_d9;40900;INTARIAN_PEPPER_ROOT;10711;15;10709;19;;;10717;14;10719;18;;;10714.0;0.0
yf_ADM_d9;41000;ASH_COATED_OSMIUM;9915;14;9911;23;;;9921;15;9923;12;;;9918.0;0.0
yf_ADM_d9;41000;INTARIAN_PEPPER_ROOT;10711;15;10707;18;;;10717;22;10721;21;;;10714.0;0.0
yf_ADM_d9;41100;ASH_COATED_OSMIUM;9913;22;9909;20;;;9920;27;9922;23;;;9916.5;0.0
yf_ADM_d9;41100;INTARIAN_PEPPER_ROOT;10710;13;10707;22;;;10716;13;10718;14;;;10713.0;0.0
yf_ADM_d9;41200;ASH_COATED_OSMIUM;9914;19;9910;15;;;9920;20;9924;22;;;9917.0;0.0
yf_ADM_d9;41200;INTARIAN_PEPPER_ROOT;10710;13;10708;20;;;10716;11;10718;21;;;10713.0;0.0
yf_ADM_d9;41300;ASH_COATED_OSMIUM;9914;12;9910;23;;;9920;13;9924;12;;;9917.0;0.0
yf_ADM_d9;41300;INTARIAN_PEPPER_ROOT;10711;14;10708;17;;;10717;19;10720;25;;;10714.0;0.0
yf_ADM_d9;41400;ASH_COATED_OSMIUM;9910;19;9907;25;;;9924;22;9927;15;;;9917.0;0.0
yf_ADM_d9;41400;INTARIAN_PEPPER_ROOT;10710;14;10706;24;;;10716;10;10718;18;;;10713.0;0.0
yf_ADM_d9;41500;ASH_COATED_OSMIUM;9909;16;9905;20;;;9926;11;9929;26;;;9917.5;0.0
yf_ADM_d9;41500;INTARIAN_PEPPER_ROOT;10708;18;10704;24;;;10719;18;10722;24;;;10713.5;0.0
yf_ADM_d9;41600;ASH_COATED_OSMIUM;9913;8;9911;24;;;9919;14;9922;28;;;9916.0;0.0
yf_ADM_d9;41600;INTARIAN_PEPPER_ROOT;10709;11;10706;12;;;10715;9;10719;8;;;10712.0;0.0
yf_ADM_d9;41700;ASH_COATED_OSMIUM;9912;17;9909;26;;;9920;13;9924;16;;;9916.0;0.0
yf_ADM_d9;41700;INTARIAN_PEPPER_ROOT;10710;17;10706;19;;;10716;18;10720;16;;;10713.0;0.0
yf_ADM_d9;41800;ASH_COATED_OSMIUM;9912;20;9909;20;;;9918;15;9921;22;;;9915.0;0.0
yf_ADM_d9;41800;INTARIAN_PEPPER_ROOT;10709;14;10705;25;;;10715;12;10718;20;;;10712.0;0.0
yf_ADM_d9;41900;ASH_COATED_OSMIUM;9913;18;9909;22;;;9919;17;9921;16;;;9916.0;0.0
yf_ADM_d9;41900;INTARIAN_PEPPER_ROOT;10708;20;10704;17;;;10715;10;10718;16;;;10711.5;0.0
yf_ADM_d9;42000;ASH_COATED_OSMIUM;9912;10;9909;20;;;9918;13;9922;23;;;9915.0;0.0
yf_ADM_d9;42000;INTARIAN_PEPPER_ROOT;10703;15;10701;11;;;10722;10;10725;23;;;10712.5;0.0
yf_ADM_d9;42100;ASH_COATED_OSMIUM;9901;5;9898;19;;;9930;13;9933;23;;;9915.5;0.0
yf_ADM_d9;42100;INTARIAN_PEPPER_ROOT;10706;14;10704;23;;;10717;8;10721;27;;;10711.5;0.0
yf_ADM_d9;42200;ASH_COATED_OSMIUM;9912;12;9909;22;;;9918;9;9922;24;;;9915.0;0.0
yf_ADM_d9;42200;INTARIAN_PEPPER_ROOT;10708;16;10706;24;;;10714;15;10716;27;;;10711.0;0.0
yf_ADM_d9;42300;ASH_COATED_OSMIUM;9912;8;9910;19;;;9918;16;9921;24;;;9915.0;0.0
yf_ADM_d9;42300;INTARIAN_PEPPER_ROOT;10708;10;10706;25;;;10714;16;10716;28;;;10711.0;0.0
yf_ADM_d9;42400;ASH_COATED_OSMIUM;9909;7;9905;22;;;9921;14;9924;19;;;9915.0;0.0
yf_ADM_d9;42400;INTARIAN_PEPPER_ROOT;10707;16;10705;20;;;10714;7;10717;17;;;10710.5;0.0
yf_ADM_d9;42500;ASH_COATED_OSMIUM;9910;15;9906;20;;;9918;14;9921;24;;;9914.0;0.0
yf_ADM_d9;42500;INTARIAN_PEPPER_ROOT;10708;16;10706;17;;;10714;17;10718;11;;;10711.0;0.0
yf_ADM_d9;42600;ASH_COATED_OSMIUM;9910;18;9906;25;;;9920;13;9922;15;;;9915.0;0.0
yf_ADM_d9;42600;INTARIAN_PEPPER_ROOT;10706;16;10702;17;;;10717;15;10721;27;;;10711.5;0.0
yf_ADM_d9;42700;ASH_COATED_OSMIUM;9911;5;9908;21;;;9917;19;9921;17;;;9914.0;0.0
yf_ADM_d9;42700;INTARIAN_PEPPER_ROOT;10708;14;10704;16;;;10714;5;10717;12;;;10711.0;0.0
yf_ADM_d9;42800;ASH_COATED_OSMIUM;9910;17;9907;19;;;9918;15;9922;20;;;9914.0;0.0
yf_ADM_d9;42800;INTARIAN_PEPPER_ROOT;10707;17;10703;20;;;10713;13;10716;19;;;10710.0;0.0
yf_ADM_d9;42900;ASH_COATED_OSMIUM;9909;14;9905;16;;;9920;13;9923;13;;;9914.5;0.0
yf_ADM_d9;42900;INTARIAN_PEPPER_ROOT;10704;13;10701;22;;;10717;21;10721;18;;;10710.5;0.0
yf_ADM_d9;43000;ASH_COATED_OSMIUM;9911;13;9908;19;;;9917;9;9921;24;;;9914.0;0.0
yf_ADM_d9;43000;INTARIAN_PEPPER_ROOT;10707;11;10704;27;;;10714;19;10717;19;;;10710.5;0.0
yf_ADM_d9;43100;ASH_COATED_OSMIUM;9910;15;9906;16;;;9916;9;9920;9;;;9913.0;0.0
yf_ADM_d9;43100;INTARIAN_PEPPER_ROOT;10706;9;10703;14;;;10712;8;10716;21;;;10709.0;0.0
yf_ADM_d9;43200;ASH_COATED_OSMIUM;9910;19;9908;27;;;9916;14;9920;17;;;9913.0;0.0
yf_ADM_d9;43200;INTARIAN_PEPPER_ROOT;10707;18;10704;15;;;10713;14;10716;20;;;10710.0;0.0
yf_ADM_d9;43300;ASH_COATED_OSMIUM;9910;8;9906;9;;;9918;14;9921;13;;;9914.0;0.0
yf_ADM_d9;43300;INTARIAN_PEPPER_ROOT;10706;17;10702;20;;;10712;16;10716;16;;;10709.0;0.0
yf_ADM_d9;43400;ASH_COATED_OSMIUM;9909;10;9905;24;;;9918;20;9920;20;;;9913.5;0.0
yf_ADM_d9;43400;INTARIAN_PEPPER_ROOT;10706;10;10703;17;;;10712;12;10716;20;;;10709.0;0.0
yf_ADM_d9;43500;ASH_COATED_OSMIUM;9902;21;9899;25;;;9924;23;9927;20;;;9913.0;0.0
yf_ADM_d9;43500;INTARIAN_PEPPER_ROOT;10704;18;10702;14;;;10713;17;10716;23;;;10708.5;0.0
yf_ADM_d9;43600;ASH_COATED_OSMIUM;9901;14;9897;15;;;9926;10;9928;20;;;9913.5;0.0
yf_ADM_d9;43600;INTARIAN_PEPPER_ROOT;10706;21;10703;9;;;10712;14;10716;26;;;10709.0;0.0
yf_ADM_d9;43700;ASH_COATED_OSMIUM;9901;14;9897;18;;;9925;12;9928;23;;;9913.0;0.0
yf_ADM_d9;43700;INTARIAN_PEPPER_ROOT;10705;20;10703;26;;;10711;24;10713;26;;;10708.0;0.0
yf_ADM_d9;43800;ASH_COATED_OSMIUM;9907;12;9905;17;;;9918;10;9920;18;;;9912.5;0.0
yf_ADM_d9;43800;INTARIAN_PEPPER_ROOT;10698;9;10696;23;;;10720;9;10723;25;;;10709.0;0.0
yf_ADM_d9;43900;ASH_COATED_OSMIUM;9909;14;9907;20;;;9915;14;9919;18;;;9912.0;0.0
yf_ADM_d9;43900;INTARIAN_PEPPER_ROOT;10703;18;10701;19;;;10712;18;10716;17;;;10707.5;0.0
yf_ADM_d9;44000;ASH_COATED_OSMIUM;9909;14;9907;24;;;9915;15;9919;20;;;9912.0;0.0
yf_ADM_d9;44000;INTARIAN_PEPPER_ROOT;10705;17;10703;25;;;10711;16;10715;17;;;10708.0;0.0
yf_ADM_d9;44100;ASH_COATED_OSMIUM;9904;11;9902;29;;;9920;16;9924;21;;;9912.0;0.0
yf_ADM_d9;44100;INTARIAN_PEPPER_ROOT;10704;8;10700;15;;;10710;7;10714;11;;;10707.0;0.0
yf_ADM_d9;44200;ASH_COATED_OSMIUM;9908;6;9906;16;;;9914;17;9916;18;;;9911.0;0.0
yf_ADM_d9;44200;INTARIAN_PEPPER_ROOT;10704;13;10700;15;;;10710;15;10714;21;;;10707.0;0.0
yf_ADM_d9;44300;ASH_COATED_OSMIUM;9908;22;9904;24;;;9915;12;9918;23;;;9911.5;0.0
yf_ADM_d9;44300;INTARIAN_PEPPER_ROOT;10700;13;10697;20;;;10716;15;10719;22;;;10708.0;0.0
yf_ADM_d9;44400;ASH_COATED_OSMIUM;9908;17;9904;20;;;9914;17;9918;30;;;9911.0;0.0
yf_ADM_d9;44400;INTARIAN_PEPPER_ROOT;10704;16;10700;18;;;10710;13;10713;16;;;10707.0;0.0
yf_ADM_d9;44500;ASH_COATED_OSMIUM;9906;13;9902;24;;;9916;14;9920;22;;;9911.0;0.0
yf_ADM_d9;44500;INTARIAN_PEPPER_ROOT;10704;17;10700;13;;;10710;8;10712;23;;;10707.0;0.0
yf_ADM_d9;44600;ASH_COATED_OSMIUM;9907;19;9904;21;;;9915;16;9919;15;;;9911.0;0.0
yf_ADM_d9;44600;INTARIAN_PEPPER_ROOT;10704;16;10701;18;;;10710;14;10713;8;;;10707.0;0.0
yf_ADM_d9;44700;ASH_COATED_OSMIUM;9908;11;9904;15;;;9914;21;9917;28;;;9911.0;0.0
yf_ADM_d9;44700;INTARIAN_PEPPER_ROOT;10704;6;10701;24;;;10710;20;10712;20;;;10707.0;0.0
yf_ADM_d9;44800;ASH_COATED_OSMIUM;9908;18;9906;21;;;9914;20;9917;18;;;9911.0;0.0
yf_ADM_d9;44800;INTARIAN_PEPPER_ROOT;10704;19;10702;19;;;10710;18;10713;21;;;10707.0;0.0
yf_ADM_d9;44900;ASH_COATED_OSMIUM;9907;15;9904;22;;;9913;26;9916;17;;;9910.0;0.0
yf_ADM_d9;44900;INTARIAN_PEPPER_ROOT;10700;18;10697;16;;;10711;14;10714;20;;;10705.5;0.0
yf_ADM_d9;45000;ASH_COATED_OSMIUM;9907;11;9904;17;;;9913;11;9917;17;;;9910.0;0.0
yf_ADM_d9;45000;INTARIAN_PEPPER_ROOT;10703;17;10700;13;;;10709;7;10711;17;;;10706.0;0.0
yf_ADM_d9;45100;ASH_COATED_OSMIUM;9906;14;9902;14;;;9914;15;9916;20;;;9910.0;0.0
yf_ADM_d9;45100;INTARIAN_PEPPER_ROOT;10703;19;10700;20;;;10709;15;10711;20;;;10706.0;0.0
yf_ADM_d9;45200;ASH_COATED_OSMIUM;9907;11;9904;18;;;9913;12;9916;16;;;9910.0;0.0
yf_ADM_d9;45200;INTARIAN_PEPPER_ROOT;10700;14;10697;10;;;10711;15;10715;13;;;10705.5;0.0
yf_ADM_d9;45300;ASH_COATED_OSMIUM;9907;10;9905;21;;;9913;16;9915;16;;;9910.0;0.0
yf_ADM_d9;45300;INTARIAN_PEPPER_ROOT;10701;11;10699;20;;;10709;14;10712;21;;;10705.0;0.0
yf_ADM_d9;45400;ASH_COATED_OSMIUM;9907;16;9904;25;;;9913;5;9915;23;;;9910.0;0.0
yf_ADM_d9;45400;INTARIAN_PEPPER_ROOT;10701;19;10697;20;;;10710;18;10714;25;;;10705.5;0.0
yf_ADM_d9;45500;ASH_COATED_OSMIUM;9907;11;9904;19;;;9913;14;9916;16;;;9910.0;0.0
yf_ADM_d9;45500;INTARIAN_PEPPER_ROOT;10702;11;10698;25;;;10708;9;10712;19;;;10705.0;0.0
yf_ADM_d9;45600;ASH_COATED_OSMIUM;9906;9;9902;18;;;9912;13;9915;20;;;9909.0;0.0
yf_ADM_d9;45600;INTARIAN_PEPPER_ROOT;10698;5;10694;24;;;10712;12;10716;21;;;10705.0;0.0
yf_ADM_d9;45700;ASH_COATED_OSMIUM;9906;17;9903;24;;;9912;21;9915;21;;;9909.0;0.0
yf_ADM_d9;45700;INTARIAN_PEPPER_ROOT;10693;5;10689;21;;;10717;9;10719;23;;;10705.0;0.0
yf_ADM_d9;45800;ASH_COATED_OSMIUM;9906;14;9903;16;;;9912;18;9916;20;;;9909.0;0.0
yf_ADM_d9;45800;INTARIAN_PEPPER_ROOT;10702;15;10700;12;;;10708;18;10710;18;;;10705.0;0.0
yf_ADM_d9;45900;ASH_COATED_OSMIUM;9900;16;9896;29;;;9917;21;9921;17;;;9908.5;0.0
yf_ADM_d9;45900;INTARIAN_PEPPER_ROOT;10702;22;10698;21;;;10708;16;10711;22;;;10705.0;0.0
yf_ADM_d9;46000;ASH_COATED_OSMIUM;9905;12;9901;25;;;9911;16;9915;26;;;9908.0;0.0
yf_ADM_d9;46000;INTARIAN_PEPPER_ROOT;10701;17;10697;16;;;10707;12;10709;35;;;10704.0;0.0
yf_ADM_d9;46100;ASH_COATED_OSMIUM;9905;10;9901;24;;;9911;18;9915;23;;;9908.0;0.0
yf_ADM_d9;46100;INTARIAN_PEPPER_ROOT;10701;19;10697;20;;;10707;27;10709;17;;;10704.0;0.0
yf_ADM_d9;46200;ASH_COATED_OSMIUM;9900;8;9898;22;;;9916;16;9918;12;;;9908.0;0.0
yf_ADM_d9;46200;INTARIAN_PEPPER_ROOT;10701;22;10699;25;;;10707;13;10710;27;;;10704.0;0.0
yf_ADM_d9;46300;ASH_COATED_OSMIUM;9906;15;9904;16;;;9912;10;9914;19;;;9909.0;0.0
yf_ADM_d9;46300;INTARIAN_PEPPER_ROOT;10697;5;10695;23;;;10709;12;10712;18;;;10703.0;0.0
yf_ADM_d9;46400;ASH_COATED_OSMIUM;9902;16;9898;29;;;9914;15;9917;22;;;9908.0;0.0
yf_ADM_d9;46400;INTARIAN_PEPPER_ROOT;10700;10;10697;11;;;10706;14;10710;21;;;10703.0;0.0
yf_ADM_d9;46500;ASH_COATED_OSMIUM;9904;13;9900;15;;;9911;18;9913;24;;;9907.5;0.0
yf_ADM_d9;46500;INTARIAN_PEPPER_ROOT;10698;14;10694;21;;;10710;18;10714;25;;;10704.0;0.0
yf_ADM_d9;46600;ASH_COATED_OSMIUM;9898;17;9895;12;;;9916;15;9919;28;;;9907.0;0.0
yf_ADM_d9;46600;INTARIAN_PEPPER_ROOT;10700;15;10696;19;;;10706;8;10708;21;;;10703.0;0.0
yf_ADM_d9;46700;ASH_COATED_OSMIUM;9904;21;9901;16;;;9910;19;9913;17;;;9907.0;0.0
yf_ADM_d9;46700;INTARIAN_PEPPER_ROOT;10693;20;10691;21;;;10711;14;10714;9;;;10702.0;0.0
yf_ADM_d9;46800;ASH_COATED_OSMIUM;9904;21;9902;19;;;9910;16;9912;27;;;9907.0;0.0
yf_ADM_d9;46800;INTARIAN_PEPPER_ROOT;10700;11;10697;23;;;10706;13;10708;15;;;10703.0;0.0
yf_ADM_d9;46900;ASH_COATED_OSMIUM;9904;21;9900;17;;;9910;11;9912;24;;;9907.0;0.0
yf_ADM_d9;46900;INTARIAN_PEPPER_ROOT;10697;17;10693;21;;;10707;18;10709;25;;;10702.0;0.0
yf_ADM_d9;47000;ASH_COATED_OSMIUM;9903;25;9900;20;;;9909;14;9911;22;;;9906.0;0.0
yf_ADM_d9;47000;INTARIAN_PEPPER_ROOT;10693;14;10690;31;;;10711;5;10713;16;;;10702.0;0.0
yf_ADM_d9;47100;ASH_COATED_OSMIUM;9900;14;9898;13;;;9914;11;9918;16;;;9907.0;0.0
yf_ADM_d9;47100;INTARIAN_PEPPER_ROOT;10699;18;10697;19;;;10705;22;10707;13;;;10702.0;0.0
yf_ADM_d9;47200;ASH_COATED_OSMIUM;9904;15;9901;22;;;9910;23;9914;26;;;9907.0;0.0
yf_ADM_d9;47200;INTARIAN_PEPPER_ROOT;10699;16;10697;15;;;10705;14;10709;12;;;10702.0;0.0
yf_ADM_d9;47300;ASH_COATED_OSMIUM;9903;13;9901;9;;;9909;8;9911;22;;;9906.0;0.0
yf_ADM_d9;47300;INTARIAN_PEPPER_ROOT;10694;7;10691;18;;;10708;11;10711;23;;;10701.0;0.0
yf_ADM_d9;47400;ASH_COATED_OSMIUM;9903;16;9900;24;;;9909;5;9912;23;;;9906.0;0.0
yf_ADM_d9;47400;INTARIAN_PEPPER_ROOT;10697;5;10695;20;;;10705;19;10708;22;;;10701.0;0.0
yf_ADM_d9;47500;ASH_COATED_OSMIUM;9902;10;9899;22;;;9908;14;9910;21;;;9905.0;0.0
yf_ADM_d9;47500;INTARIAN_PEPPER_ROOT;10698;14;10694;19;;;10704;17;10706;22;;;10701.0;0.0
yf_ADM_d9;47600;ASH_COATED_OSMIUM;9902;16;9900;19;;;9908;11;9910;21;;;9905.0;0.0
yf_ADM_d9;47600;INTARIAN_PEPPER_ROOT;10698;18;10696;18;;;10704;13;10708;14;;;10701.0;0.0
yf_ADM_d9;47700;ASH_COATED_OSMIUM;9902;14;9900;11;;;9908;6;9912;13;;;9905.0;0.0
yf_ADM_d9;47700;INTARIAN_PEPPER_ROOT;10698;6;10696;17;;;10704;12;10707;22;;;10701.0;0.0
yf_ADM_d9;47800;ASH_COATED_OSMIUM;9902;19;9899;15;;;9908;18;9911;16;;;9905.0;0.0
yf_ADM_d9;47800;INTARIAN_PEPPER_ROOT;10698;19;10696;25;;;10704;9;10708;35;;;10701.0;0.0
yf_ADM_d9;47900;ASH_COATED_OSMIUM;9902;11;9899;17;;;9908;17;9910;12;;;9905.0;0.0
yf_ADM_d9;47900;INTARIAN_PEPPER_ROOT;10697;14;10693;18;;;10704;5;10706;20;;;10700.5;0.0
yf_ADM_d9;48000;ASH_COATED_OSMIUM;9902;19;9898;27;;;9908;10;9910;25;;;9905.0;0.0
yf_ADM_d9;48000;INTARIAN_PEPPER_ROOT;10697;7;10694;23;;;10703;9;10706;24;;;10700.0;0.0
yf_ADM_d9;48100;ASH_COATED_OSMIUM;9899;14;9895;15;;;9909;10;9912;23;;;9904.0;0.0
yf_ADM_d9;48100;INTARIAN_PEPPER_ROOT;10697;13;10694;11;;;10704;14;10707;23;;;10700.5;0.0
yf_ADM_d9;48200;ASH_COATED_OSMIUM;9898;8;9895;24;;;9912;6;9914;17;;;9905.0;0.0
yf_ADM_d9;48200;INTARIAN_PEPPER_ROOT;10687;9;10685;12;;;10711;5;10713;25;;;10699.0;0.0
yf_ADM_d9;48300;ASH_COATED_OSMIUM;9901;5;9898;18;;;9907;21;9911;25;;;9904.0;0.0
yf_ADM_d9;48300;INTARIAN_PEPPER_ROOT;10697;21;10694;27;;;10703;11;10706;24;;;10700.0;0.0
yf_ADM_d9;48400;ASH_COATED_OSMIUM;9901;18;9897;22;;;9907;20;9909;16;;;9904.0;0.0
yf_ADM_d9;48400;INTARIAN_PEPPER_ROOT;10697;9;10694;18;;;10703;5;10705;19;;;10700.0;0.0
yf_ADM_d9;48500;ASH_COATED_OSMIUM;9898;16;9895;19;;;9911;7;9913;19;;;9904.5;0.0
yf_ADM_d9;48500;INTARIAN_PEPPER_ROOT;10697;16;10693;9;;;10703;19;10707;18;;;10700.0;0.0
yf_ADM_d9;48600;ASH_COATED_OSMIUM;9901;10;9899;10;;;9907;21;9911;20;;;9904.0;0.0
yf_ADM_d9;48600;INTARIAN_PEPPER_ROOT;10693;9;10690;22;;;10705;13;10708;21;;;10699.0;0.0
yf_ADM_d9;48700;ASH_COATED_OSMIUM;9900;15;9896;21;;;9909;17;9911;19;;;9904.5;0.0
yf_ADM_d9;48700;INTARIAN_PEPPER_ROOT;10692;11;10690;22;;;10706;8;10708;17;;;10699.0;0.0
yf_ADM_d9;48800;ASH_COATED_OSMIUM;9897;6;9894;18;;;9910;15;9912;11;;;9903.5;0.0
yf_ADM_d9;48800;INTARIAN_PEPPER_ROOT;10692;6;10690;22;;;10706;11;10709;29;;;10699.0;0.0
yf_ADM_d9;48900;ASH_COATED_OSMIUM;9899;25;9896;19;;;9907;23;9911;17;;;9903.0;0.0
yf_ADM_d9;48900;INTARIAN_PEPPER_ROOT;10696;18;10693;16;;;10702;10;10704;26;;;10699.0;0.0
yf_ADM_d9;49000;ASH_COATED_OSMIUM;9900;9;9896;8;;;9906;13;9908;26;;;9903.0;0.0
yf_ADM_d9;49000;INTARIAN_PEPPER_ROOT;10695;10;10692;23;;;10701;22;10704;22;;;10698.0;0.0
yf_ADM_d9;49100;ASH_COATED_OSMIUM;9900;20;9896;14;;;9906;10;9908;23;;;9903.0;0.0
yf_ADM_d9;49100;INTARIAN_PEPPER_ROOT;10694;15;10691;23;;;10700;16;10702;25;;;10697.0;0.0
yf_ADM_d9;49200;ASH_COATED_OSMIUM;9898;12;9894;23;;;9907;14;9911;15;;;9902.5;0.0
yf_ADM_d9;49200;INTARIAN_PEPPER_ROOT;10695;17;10693;16;;;10701;10;10705;20;;;10698.0;0.0
yf_ADM_d9;49300;ASH_COATED_OSMIUM;9899;15;9896;12;;;9905;14;9909;17;;;9902.0;0.0
yf_ADM_d9;49300;INTARIAN_PEPPER_ROOT;10695;15;10691;15;;;10701;14;10705;26;;;10698.0;0.0
yf_ADM_d9;49400;ASH_COATED_OSMIUM;9900;10;9898;29;;;9906;19;9909;22;;;9903.0;0.0
yf_ADM_d9;49400;INTARIAN_PEPPER_ROOT;10695;20;10691;17;;;10701;9;10704;25;;;10698.0;0.0
yf_ADM_d9;49500;ASH_COATED_OSMIUM;9895;18;9893;18;;;9909;16;9912;19;;;9902.0;0.0
yf_ADM_d9;49500;INTARIAN_PEPPER_ROOT;10693;16;10690;25;;;10700;11;10702;23;;;10696.5;0.0
yf_ADM_d9;49600;ASH_COATED_OSMIUM;9897;5;9895;18;;;9906;17;9910;20;;;9901.5;0.0
yf_ADM_d9;49600;INTARIAN_PEPPER_ROOT;10689;10;10686;12;;;10706;9;10710;16;;;10697.5;0.0
yf_ADM_d9;49700;ASH_COATED_OSMIUM;9899;7;9896;13;;;9905;10;9908;21;;;9902.0;0.0
yf_ADM_d9;49700;INTARIAN_PEPPER_ROOT;10692;23;10690;25;;;10703;17;10705;19;;;10697.5;0.0
yf_ADM_d9;49800;ASH_COATED_OSMIUM;9896;10;9894;24;;;9908;21;9911;13;;;9902.0;0.0
yf_ADM_d9;49800;INTARIAN_PEPPER_ROOT;10688;6;10684;15;;;10706;22;10709;22;;;10697.0;0.0
yf_ADM_d9;49900;ASH_COATED_OSMIUM;9899;10;9897;15;;;9905;29;9907;14;;;9902.0;0.0
yf_ADM_d9;49900;INTARIAN_PEPPER_ROOT;10692;11;10689;15;;;10701;17;10704;23;;;10696.5;0.0
yf_ADM_d9;50000;ASH_COATED_OSMIUM;9899;21;9895;15;;;9905;15;9909;20;;;9902.0;0.0
yf_ADM_d9;50000;INTARIAN_PEPPER_ROOT;10693;12;10691;23;;;10699;8;10703;22;;;10696.0;0.0
yf_ADM_d9;50100;ASH_COATED_OSMIUM;9898;14;9896;27;;;9904;10;9908;32;;;9901.0;0.0
yf_ADM_d9;50100;INTARIAN_PEPPER_ROOT;10693;9;10689;14;;;10699;15;10701;8;;;10696.0;0.0
yf_ADM_d9;50200;ASH_COATED_OSMIUM;9898;12;9895;25;;;9904;10;9907;24;;;9901.0;0.0
yf_ADM_d9;50200;INTARIAN_PEPPER_ROOT;10693;24;10689;19;;;10699;5;10701;24;;;10696.0;0.0
yf_ADM_d9;50300;ASH_COATED_OSMIUM;9898;18;9894;15;;;9904;18;9906;16;;;9901.0;0.0
yf_ADM_d9;50300;INTARIAN_PEPPER_ROOT;10688;16;10686;16;;;10704;17;10707;19;;;10696.0;0.0
yf_ADM_d9;50400;ASH_COATED_OSMIUM;9897;18;9893;20;;;9903;13;9905;12;;;9900.0;0.0
yf_ADM_d9;50400;INTARIAN_PEPPER_ROOT;10693;17;10690;24;;;10699;11;10703;26;;;10696.0;0.0
yf_ADM_d9;50500;ASH_COATED_OSMIUM;9897;8;9895;12;;;9903;13;9906;26;;;9900.0;0.0
yf_ADM_d9;50500;INTARIAN_PEPPER_ROOT;10691;13;10689;11;;;10701;15;10705;22;;;10696.0;0.0
yf_ADM_d9;50600;ASH_COATED_OSMIUM;9884;11;9880;14;;;9917;13;9921;15;;;9900.5;0.0
yf_ADM_d9;50600;INTARIAN_PEPPER_ROOT;10691;8;10688;21;;;10698;21;10700;22;;;10694.5;0.0
yf_ADM_d9;50700;ASH_COATED_OSMIUM;9898;16;9896;11;;;9904;22;9907;24;;;9901.0;0.0
yf_ADM_d9;50700;INTARIAN_PEPPER_ROOT;10692;14;10688;22;;;10698;11;10700;21;;;10695.0;0.0
yf_ADM_d9;50800;ASH_COATED_OSMIUM;9897;12;9893;19;;;9903;5;9906;19;;;9900.0;0.0
yf_ADM_d9;50800;INTARIAN_PEPPER_ROOT;10692;13;10689;26;;;10698;19;10702;20;;;10695.0;0.0
yf_ADM_d9;50900;ASH_COATED_OSMIUM;9896;20;9892;22;;;9903;17;9907;16;;;9899.5;0.0
yf_ADM_d9;50900;INTARIAN_PEPPER_ROOT;10692;19;10688;29;;;10698;14;10702;24;;;10695.0;0.0
yf_ADM_d9;51000;ASH_COATED_OSMIUM;9897;9;9893;19;;;9903;7;9906;13;;;9900.0;0.0
yf_ADM_d9;51000;INTARIAN_PEPPER_ROOT;10692;11;10689;17;;;10698;9;10700;20;;;10695.0;0.0
yf_ADM_d9;51100;ASH_COATED_OSMIUM;9896;10;9892;9;;;9906;8;9909;17;;;9901.0;0.0
yf_ADM_d9;51100;INTARIAN_PEPPER_ROOT;10691;19;10687;20;;;10699;16;10703;29;;;10695.0;0.0
yf_ADM_d9;51200;ASH_COATED_OSMIUM;9897;17;9895;22;;;9903;17;9907;17;;;9900.0;0.0
yf_ADM_d9;51200;INTARIAN_PEPPER_ROOT;10686;17;10683;25;;;10706;22;10708;27;;;10696.0;0.0
yf_ADM_d9;51300;ASH_COATED_OSMIUM;9898;11;9896;31;;;9904;21;9907;22;;;9901.0;0.0
yf_ADM_d9;51300;INTARIAN_PEPPER_ROOT;10682;5;10680;20;;;10710;14;10712;15;;;10696.0;0.0
yf_ADM_d9;51400;ASH_COATED_OSMIUM;9898;11;9896;25;;;9904;12;9906;17;;;9901.0;0.0
yf_ADM_d9;51400;INTARIAN_PEPPER_ROOT;10693;9;10691;16;;;10699;5;10703;11;;;10696.0;0.0
yf_ADM_d9;51500;ASH_COATED_OSMIUM;9897;17;9894;14;;;9906;12;9908;20;;;9901.5;0.0
yf_ADM_d9;51500;INTARIAN_PEPPER_ROOT;10692;20;10689;15;;;10700;15;10703;20;;;10696.0;0.0
yf_ADM_d9;51600;ASH_COATED_OSMIUM;9898;21;9894;26;;;9904;9;9908;14;;;9901.0;0.0
yf_ADM_d9;51600;INTARIAN_PEPPER_ROOT;10691;21;10687;19;;;10702;20;10706;22;;;10696.5;0.0
yf_ADM_d9;51700;ASH_COATED_OSMIUM;9899;15;9896;14;;;9905;17;9907;22;;;9902.0;0.0
yf_ADM_d9;51700;INTARIAN_PEPPER_ROOT;10691;13;10689;29;;;10701;22;10703;26;;;10696.0;0.0
yf_ADM_d9;51800;ASH_COATED_OSMIUM;9896;13;9894;16;;;9907;20;9909;20;;;9901.5;0.0
yf_ADM_d9;51800;INTARIAN_PEPPER_ROOT;10694;11;10692;8;;;10700;12;10702;22;;;10697.0;0.0
yf_ADM_d9;51900;ASH_COATED_OSMIUM;9899;17;9896;18;;;9905;14;9908;21;;;9902.0;0.0
yf_ADM_d9;51900;INTARIAN_PEPPER_ROOT;10694;16;10690;16;;;10700;20;10703;19;;;10697.0;0.0
yf_ADM_d9;52000;ASH_COATED_OSMIUM;9899;11;9895;15;;;9905;16;9908;19;;;9902.0;0.0
yf_ADM_d9;52000;INTARIAN_PEPPER_ROOT;10691;13;10688;17;;;10705;26;10707;14;;;10698.0;0.0
yf_ADM_d9;52100;ASH_COATED_OSMIUM;9899;22;9897;31;;;9905;15;9908;20;;;9902.0;0.0
yf_ADM_d9;52100;INTARIAN_PEPPER_ROOT;10695;12;10693;16;;;10701;12;10705;29;;;10698.0;0.0
yf_ADM_d9;52200;ASH_COATED_OSMIUM;9900;18;9898;17;;;9906;21;9909;20;;;9903.0;0.0
yf_ADM_d9;52200;INTARIAN_PEPPER_ROOT;10690;13;10686;22;;;10706;21;10709;23;;;10698.0;0.0
yf_ADM_d9;52300;ASH_COATED_OSMIUM;9898;15;9895;20;;;9908;15;9910;26;;;9903.0;0.0
yf_ADM_d9;52300;INTARIAN_PEPPER_ROOT;10695;13;10693;15;;;10701;15;10703;22;;;10698.0;0.0
yf_ADM_d9;52400;ASH_COATED_OSMIUM;9898;17;9895;15;;;9909;15;9913;10;;;9903.5;0.0
yf_ADM_d9;52400;INTARIAN_PEPPER_ROOT;10694;20;10690;23;;;10704;17;10708;24;;;10699.0;0.0
yf_ADM_d9;52500;ASH_COATED_OSMIUM;9901;15;9898;24;;;9907;14;9911;32;;;9904.0;0.0
yf_ADM_d9;52500;INTARIAN_PEPPER_ROOT;10695;10;10692;24;;;10701;18;10705;20;;;10698.0;0.0
yf_ADM_d9;52600;ASH_COATED_OSMIUM;9892;19;9889;26;;;9916;20;9919;19;;;9904.0;0.0
yf_ADM_d9;52600;INTARIAN_PEPPER_ROOT;10696;12;10692;21;;;10702;21;10704;16;;;10699.0;0.0
yf_ADM_d9;52700;ASH_COATED_OSMIUM;9901;13;9898;26;;;9907;10;9911;11;;;9904.0;0.0
yf_ADM_d9;52700;INTARIAN_PEPPER_ROOT;10696;18;10692;28;;;10702;5;10704;10;;;10699.0;0.0
yf_ADM_d9;52800;ASH_COATED_OSMIUM;9901;18;9898;13;;;9907;17;9910;16;;;9904.0;0.0
yf_ADM_d9;52800;INTARIAN_PEPPER_ROOT;10686;14;10684;19;;;10712;12;10715;22;;;10699.0;0.0
yf_ADM_d9;52900;ASH_COATED_OSMIUM;9901;14;9899;21;;;9907;20;9910;21;;;9904.0;0.0
yf_ADM_d9;52900;INTARIAN_PEPPER_ROOT;10698;9;10696;22;;;10704;16;10707;20;;;10701.0;0.0
yf_ADM_d9;53000;ASH_COATED_OSMIUM;9901;14;9899;21;;;9907;7;9910;20;;;9904.0;0.0
yf_ADM_d9;53000;INTARIAN_PEPPER_ROOT;10697;9;10695;21;;;10703;14;10707;18;;;10700.0;0.0
yf_ADM_d9;53100;ASH_COATED_OSMIUM;9901;15;9898;21;;;9909;13;9913;27;;;9905.0;0.0
yf_ADM_d9;53100;INTARIAN_PEPPER_ROOT;10696;16;10694;19;;;10705;17;10709;22;;;10700.5;0.0
yf_ADM_d9;53200;ASH_COATED_OSMIUM;9900;11;9896;19;;;9911;10;9915;18;;;9905.5;0.0
yf_ADM_d9;53200;INTARIAN_PEPPER_ROOT;10697;14;10693;19;;;10704;11;10707;18;;;10700.5;0.0
yf_ADM_d9;53300;ASH_COATED_OSMIUM;9903;9;9899;14;;;9909;14;9913;19;;;9906.0;0.0
yf_ADM_d9;53300;INTARIAN_PEPPER_ROOT;10698;14;10696;19;;;10704;8;10708;28;;;10701.0;0.0
yf_ADM_d9;53400;ASH_COATED_OSMIUM;9902;13;9899;23;;;9908;10;9912;25;;;9905.0;0.0
yf_ADM_d9;53400;INTARIAN_PEPPER_ROOT;10698;19;10696;19;;;10704;10;10707;26;;;10701.0;0.0
yf_ADM_d9;53500;ASH_COATED_OSMIUM;9903;22;9901;20;;;9909;5;9913;23;;;9906.0;0.0
yf_ADM_d9;53500;INTARIAN_PEPPER_ROOT;10690;16;10686;12;;;10712;15;10714;26;;;10701.0;0.0
yf_ADM_d9;53600;ASH_COATED_OSMIUM;9901;23;9899;26;;;9909;18;9912;16;;;9905.0;0.0
yf_ADM_d9;53600;INTARIAN_PEPPER_ROOT;10699;29;10697;22;;;10705;18;10708;19;;;10702.0;0.0
yf_ADM_d9;53700;ASH_COATED_OSMIUM;9903;16;9901;15;;;9909;8;9911;20;;;9906.0;0.0
yf_ADM_d9;53700;INTARIAN_PEPPER_ROOT;10699;16;10696;17;;;10705;10;10707;17;;;10702.0;0.0
yf_ADM_d9;53800;ASH_COATED_OSMIUM;9903;15;9899;32;;;9909;11;9913;20;;;9906.0;0.0
yf_ADM_d9;53800;INTARIAN_PEPPER_ROOT;10699;5;10695;17;;;10705;23;10709;16;;;10702.0;0.0
yf_ADM_d9;53900;ASH_COATED_OSMIUM;9902;17;9898;19;;;9910;17;9914;26;;;9906.0;0.0
yf_ADM_d9;53900;INTARIAN_PEPPER_ROOT;10697;8;10693;21;;;10708;14;10712;22;;;10702.5;0.0
yf_ADM_d9;54000;ASH_COATED_OSMIUM;9904;8;9902;14;;;9910;9;9914;16;;;9907.0;0.0
yf_ADM_d9;54000;INTARIAN_PEPPER_ROOT;10700;17;10697;20;;;10706;14;10710;18;;;10703.0;0.0
yf_ADM_d9;54100;ASH_COATED_OSMIUM;9903;13;9900;28;;;9909;20;9913;20;;;9906.0;0.0
yf_ADM_d9;54100;INTARIAN_PEPPER_ROOT;10696;18;10692;24;;;10709;11;10712;18;;;10702.5;0.0
yf_ADM_d9;54200;ASH_COATED_OSMIUM;9900;12;9898;19;;;9913;14;9916;18;;;9906.5;0.0
yf_ADM_d9;54200;INTARIAN_PEPPER_ROOT;10700;10;10698;26;;;10706;16;10708;23;;;10703.0;0.0
yf_ADM_d9;54300;ASH_COATED_OSMIUM;9901;12;9899;11;;;9913;14;9917;16;;;9907.0;0.0
yf_ADM_d9;54300;INTARIAN_PEPPER_ROOT;10700;18;10698;24;;;10706;10;10709;16;;;10703.0;0.0
yf_ADM_d9;54400;ASH_COATED_OSMIUM;9899;13;9897;21;;;9915;21;9917;17;;;9907.0;0.0
yf_ADM_d9;54400;INTARIAN_PEPPER_ROOT;10700;12;10696;17;;;10706;12;10708;21;;;10703.0;0.0
yf_ADM_d9;54500;ASH_COATED_OSMIUM;9898;5;9895;19;;;9917;11;9919;20;;;9907.5;0.0
yf_ADM_d9;54500;INTARIAN_PEPPER_ROOT;10701;17;10699;23;;;10707;20;10709;12;;;10704.0;0.0
yf_ADM_d9;54600;ASH_COATED_OSMIUM;9902;16;9898;26;;;9914;23;9918;19;;;9908.0;0.0
yf_ADM_d9;54600;INTARIAN_PEPPER_ROOT;10700;13;10697;16;;;10706;10;10710;22;;;10703.0;0.0
yf_ADM_d9;54700;ASH_COATED_OSMIUM;9905;18;9902;24;;;9911;10;9914;14;;;9908.0;0.0
yf_ADM_d9;54700;INTARIAN_PEPPER_ROOT;10701;17;10698;23;;;10707;15;10711;13;;;10704.0;0.0
yf_ADM_d9;54800;ASH_COATED_OSMIUM;9905;8;9901;18;;;9911;20;9913;20;;;9908.0;0.0
yf_ADM_d9;54800;INTARIAN_PEPPER_ROOT;10702;14;10699;18;;;10708;13;10712;9;;;10705.0;0.0
yf_ADM_d9;54900;ASH_COATED_OSMIUM;9902;25;9898;22;;;9915;10;9918;16;;;9908.5;0.0
yf_ADM_d9;54900;INTARIAN_PEPPER_ROOT;10702;21;10699;18;;;10708;21;10712;14;;;10705.0;0.0
yf_ADM_d9;55000;ASH_COATED_OSMIUM;9906;16;9903;14;;;9912;13;9914;14;;;9909.0;0.0
yf_ADM_d9;55000;INTARIAN_PEPPER_ROOT;10696;12;10694;16;;;10714;6;10716;12;;;10705.0;0.0
yf_ADM_d9;55100;ASH_COATED_OSMIUM;9906;5;9903;12;;;9912;22;9916;27;;;9909.0;0.0
yf_ADM_d9;55100;INTARIAN_PEPPER_ROOT;10702;7;10699;22;;;10708;12;10711;26;;;10705.0;0.0
yf_ADM_d9;55200;ASH_COATED_OSMIUM;9906;14;9903;16;;;9912;20;9914;19;;;9909.0;0.0
yf_ADM_d9;55200;INTARIAN_PEPPER_ROOT;10698;9;10696;22;;;10713;17;10716;27;;;10705.5;0.0
yf_ADM_d9;55300;ASH_COATED_OSMIUM;9906;10;9902;24;;;9912;8;9914;25;;;9909.0;0.0
yf_ADM_d9;55300;INTARIAN_PEPPER_ROOT;10700;18;10698;15;;;10711;14;10714;19;;;10705.5;0.0
yf_ADM_d9;55400;ASH_COATED_OSMIUM;9907;23;9903;22;;;9913;20;9917;26;;;9910.0;0.0
yf_ADM_d9;55400;INTARIAN_PEPPER_ROOT;10701;20;10698;23;;;10709;13;10712;30;;;10705.0;0.0
yf_ADM_d9;55500;ASH_COATED_OSMIUM;9907;14;9903;23;;;9913;11;9916;24;;;9910.0;0.0
yf_ADM_d9;55500;INTARIAN_PEPPER_ROOT;10700;18;10696;9;;;10712;11;10715;21;;;10706.0;0.0
yf_ADM_d9;55600;ASH_COATED_OSMIUM;9907;9;9904;24;;;9913;22;9916;18;;;9910.0;0.0
yf_ADM_d9;55600;INTARIAN_PEPPER_ROOT;10704;12;10702;22;;;10710;10;10713;13;;;10707.0;0.0
yf_ADM_d9;55700;ASH_COATED_OSMIUM;9908;8;9905;21;;;9914;16;9917;8;;;9911.0;0.0
yf_ADM_d9;55700;INTARIAN_PEPPER_ROOT;10684;9;10680;25;;;10730;5;10734;8;;;10707.0;0.0
yf_ADM_d9;55800;ASH_COATED_OSMIUM;9907;14;9903;12;;;9913;22;9915;25;;;9910.0;0.0
yf_ADM_d9;55800;INTARIAN_PEPPER_ROOT;10693;15;10691;13;;;10720;7;10723;9;;;10706.5;0.0
yf_ADM_d9;55900;ASH_COATED_OSMIUM;9908;17;9905;22;;;9914;21;9918;18;;;9911.0;0.0
yf_ADM_d9;55900;INTARIAN_PEPPER_ROOT;10704;24;10702;11;;;10710;13;10713;14;;;10707.0;0.0
yf_ADM_d9;56000;ASH_COATED_OSMIUM;9908;16;9905;22;;;9914;11;9917;20;;;9911.0;0.0
yf_ADM_d9;56000;INTARIAN_PEPPER_ROOT;10704;15;10701;18;;;10711;26;10715;22;;;10707.5;0.0
yf_ADM_d9;56100;ASH_COATED_OSMIUM;9902;13;9900;20;;;9920;13;9922;19;;;9911.0;0.0
yf_ADM_d9;56100;INTARIAN_PEPPER_ROOT;10704;5;10702;13;;;10710;18;10714;23;;;10707.0;0.0
yf_ADM_d9;56200;ASH_COATED_OSMIUM;9908;5;9906;31;;;9914;21;9918;20;;;9911.0;0.0
yf_ADM_d9;56200;INTARIAN_PEPPER_ROOT;10704;7;10701;18;;;10710;9;10712;15;;;10707.0;0.0
yf_ADM_d9;56300;ASH_COATED_OSMIUM;9907;17;9903;11;;;9915;5;9918;15;;;9911.0;0.0
yf_ADM_d9;56300;INTARIAN_PEPPER_ROOT;10704;11;10700;11;;;10713;23;10715;13;;;10708.5;0.0
yf_ADM_d9;56400;ASH_COATED_OSMIUM;9906;14;9902;21;;;9918;17;9922;20;;;9912.0;0.0
yf_ADM_d9;56400;INTARIAN_PEPPER_ROOT;10705;18;10702;23;;;10711;17;10714;21;;;10708.0;0.0
yf_ADM_d9;56500;ASH_COATED_OSMIUM;9909;10;9907;20;;;9915;13;9919;19;;;9912.0;0.0
yf_ADM_d9;56500;INTARIAN_PEPPER_ROOT;10704;23;10701;20;;;10713;11;10717;17;;;10708.5;0.0
yf_ADM_d9;56600;ASH_COATED_OSMIUM;9910;10;9908;12;;;9916;24;9919;22;;;9913.0;0.0
yf_ADM_d9;56600;INTARIAN_PEPPER_ROOT;10704;19;10702;31;;;10714;19;10716;12;;;10709.0;0.0
yf_ADM_d9;56700;ASH_COATED_OSMIUM;9910;17;9908;15;;;9916;10;9920;16;;;9913.0;0.0
yf_ADM_d9;56700;INTARIAN_PEPPER_ROOT;10706;18;10702;13;;;10712;18;10714;20;;;10709.0;0.0
yf_ADM_d9;56800;ASH_COATED_OSMIUM;9907;17;9904;26;;;9919;14;9921;24;;;9913.0;0.0
yf_ADM_d9;56800;INTARIAN_PEPPER_ROOT;10706;13;10704;24;;;10712;24;10716;12;;;10709.0;0.0
yf_ADM_d9;56900;ASH_COATED_OSMIUM;9909;13;9906;20;;;9918;17;9921;20;;;9913.5;0.0
yf_ADM_d9;56900;INTARIAN_PEPPER_ROOT;10707;7;10703;26;;;10713;22;10717;15;;;10710.0;0.0
yf_ADM_d9;57000;ASH_COATED_OSMIUM;9910;18;9907;24;;;9916;10;9920;18;;;9913.0;0.0
yf_ADM_d9;57000;INTARIAN_PEPPER_ROOT;10707;12;10705;21;;;10713;14;10716;28;;;10710.0;0.0
yf_ADM_d9;57100;ASH_COATED_OSMIUM;9899;18;9897;23;;;9928;10;9932;13;;;9913.5;0.0
yf_ADM_d9;57100;INTARIAN_PEPPER_ROOT;10706;16;10704;17;;;10713;13;10715;22;;;10709.5;0.0
yf_ADM_d9;57200;ASH_COATED_OSMIUM;9905;15;9901;15;;;9921;15;9925;19;;;9913.0;0.0
yf_ADM_d9;57200;INTARIAN_PEPPER_ROOT;10707;16;10704;12;;;10713;15;10716;16;;;10710.0;0.0
yf_ADM_d9;57300;ASH_COATED_OSMIUM;9904;15;9900;22;;;9923;13;9926;13;;;9913.5;0.0
yf_ADM_d9;57300;INTARIAN_PEPPER_ROOT;10705;12;10703;17;;;10715;8;10717;23;;;10710.0;0.0
yf_ADM_d9;57400;ASH_COATED_OSMIUM;9911;11;9907;25;;;9917;22;9920;22;;;9914.0;0.0
yf_ADM_d9;57400;INTARIAN_PEPPER_ROOT;10704;12;10701;25;;;10718;23;10720;17;;;10711.0;0.0
yf_ADM_d9;57500;ASH_COATED_OSMIUM;9903;15;9901;14;;;9925;16;9928;21;;;9914.0;0.0
yf_ADM_d9;57500;INTARIAN_PEPPER_ROOT;10701;16;10698;16;;;10722;9;10724;24;;;10711.5;0.0
yf_ADM_d9;57600;ASH_COATED_OSMIUM;9909;10;9906;15;;;9919;21;9923;22;;;9914.0;0.0
yf_ADM_d9;57600;INTARIAN_PEPPER_ROOT;10708;19;10704;24;;;10714;12;10718;18;;;10711.0;0.0
yf_ADM_d9;57700;ASH_COATED_OSMIUM;9910;17;9908;18;;;9920;9;9923;17;;;9915.0;0.0
yf_ADM_d9;57700;INTARIAN_PEPPER_ROOT;10708;11;10705;24;;;10714;17;10716;17;;;10711.0;0.0
yf_ADM_d9;57800;ASH_COATED_OSMIUM;9909;13;9907;16;;;9922;18;9926;22;;;9915.5;0.0
yf_ADM_d9;57800;INTARIAN_PEPPER_ROOT;10707;12;10704;19;;;10717;11;10721;18;;;10712.0;0.0
yf_ADM_d9;57900;ASH_COATED_OSMIUM;9913;15;9911;22;;;9919;16;9921;24;;;9916.0;0.0
yf_ADM_d9;57900;INTARIAN_PEPPER_ROOT;10709;9;10706;19;;;10715;5;10717;16;;;10712.0;0.0
yf_ADM_d9;58000;ASH_COATED_OSMIUM;9909;6;9907;21;;;9921;16;9923;20;;;9915.0;0.0
yf_ADM_d9;58000;INTARIAN_PEPPER_ROOT;10707;19;10705;24;;;10717;10;10721;24;;;10712.0;0.0
yf_ADM_d9;58100;ASH_COATED_OSMIUM;9907;20;9903;16;;;9923;11;9925;14;;;9915.0;0.0
yf_ADM_d9;58100;INTARIAN_PEPPER_ROOT;10707;15;10705;10;;;10717;12;10720;22;;;10712.0;0.0
yf_ADM_d9;58200;ASH_COATED_OSMIUM;9913;14;9909;32;;;9919;14;9923;23;;;9916.0;0.0
yf_ADM_d9;58200;INTARIAN_PEPPER_ROOT;10709;14;10707;19;;;10715;12;10719;16;;;10712.0;0.0
yf_ADM_d9;58300;ASH_COATED_OSMIUM;9911;23;9909;19;;;9920;11;9922;13;;;9915.5;0.0
yf_ADM_d9;58300;INTARIAN_PEPPER_ROOT;10709;13;10706;18;;;10715;19;10719;23;;;10712.0;0.0
yf_ADM_d9;58400;ASH_COATED_OSMIUM;9913;13;9910;17;;;9919;9;9922;22;;;9916.0;0.0
yf_ADM_d9;58400;INTARIAN_PEPPER_ROOT;10701;18;10698;21;;;10724;15;10726;16;;;10712.5;0.0
yf_ADM_d9;58500;ASH_COATED_OSMIUM;9910;14;9906;26;;;9923;7;9927;13;;;9916.5;0.0
yf_ADM_d9;58500;INTARIAN_PEPPER_ROOT;10710;5;10707;23;;;10716;19;10720;24;;;10713.0;0.0
yf_ADM_d9;58600;ASH_COATED_OSMIUM;9913;14;9910;22;;;9919;15;9922;30;;;9916.0;0.0
yf_ADM_d9;58600;INTARIAN_PEPPER_ROOT;10711;15;10707;21;;;10717;8;10721;25;;;10714.0;0.0
yf_ADM_d9;58700;ASH_COATED_OSMIUM;9914;5;9912;15;;;9920;17;9922;23;;;9917.0;0.0
yf_ADM_d9;58700;INTARIAN_PEPPER_ROOT;10710;17;10706;12;;;10716;9;10718;20;;;10713.0;0.0
yf_ADM_d9;58800;ASH_COATED_OSMIUM;9914;17;9910;21;;;9920;19;9924;11;;;9917.0;0.0
yf_ADM_d9;58800;INTARIAN_PEPPER_ROOT;10711;14;10708;19;;;10717;14;10721;14;;;10714.0;0.0
yf_ADM_d9;58900;ASH_COATED_OSMIUM;9914;21;9911;21;;;9920;16;9924;9;;;9917.0;0.0
yf_ADM_d9;58900;INTARIAN_PEPPER_ROOT;10711;19;10708;18;;;10717;20;10720;10;;;10714.0;0.0
yf_ADM_d9;59000;ASH_COATED_OSMIUM;9915;15;9911;15;;;9921;12;9924;27;;;9918.0;0.0
yf_ADM_d9;59000;INTARIAN_PEPPER_ROOT;10706;5;10704;13;;;10722;14;10724;24;;;10714.0;0.0
