day;timestamp;product;bid_price_1;bid_volume_1;bid_price_2;bid_volume_2;bid_price_3;bid_volume_3;ask_price_1;ask_volume_1;ask_price_2;ask_volume_2;ask_price_3;ask_volume_3;mid_price;profit_and_loss
av_COFFEE_d1;0;ASH_COATED_OSMIUM;9911;10;9907;19;;;9920;7;9924;19;;;9915.5;0.0
av_COFFEE_d1;0;INTARIAN_PEPPER_ROOT;11814;15;11811;18;;;11820;19;11822;22;;;11817.0;0.0
av_COFFEE_d1;100;ASH_COATED_OSMIUM;9913;5;9909;27;;;9919;8;9922;11;;;9916.0;0.0
av_COFFEE_d1;100;INTARIAN_PEPPER_ROOT;11813;20;11811;21;;;11821;17;11823;23;;;11817.0;0.0
av_COFFEE_d1;200;ASH_COATED_OSMIUM;9901;9;9897;21;;;9932;16;9936;24;;;9916.5;0.0
av_COFFEE_d1;200;INTARIAN_PEPPER_ROOT;11814;12;11812;21;;;11820;12;11822;14;;;11817.0;0.0
av_COFFEE_d1;300;ASH_COATED_OSMIUM;9913;12;9911;18;;;9920;12;9924;19;;;9916.5;0.0
av_COFFEE_d1;300;INTARIAN_PEPPER_ROOT;11813;11;11809;20;;;11819;10;11821;20;;;11816.0;0.0
av_COFFEE_d1;400;ASH_COATED_OSMIUM;9913;10;9910;27;;;9919;13;9921;17;;;9916.0;0.0
av_COFFEE_d1;400;INTARIAN_PEPPER_ROOT;11797;14;11795;18;;;11836;26;11838;17;;;11816.5;0.0
av_COFFEE_d1;500;ASH_COATED_OSMIUM;9907;5;9905;8;;;9926;11;9929;19;;;9916.5;0.0
av_COFFEE_d1;500;INTARIAN_PEPPER_ROOT;11813;17;11810;10;;;11819;19;11823;26;;;11816.0;0.0
av_COFFEE_d1;600;ASH_COATED_OSMIUM;9914;21;9911;15;;;9920;25;9924;24;;;9917.0;0.0
av_COFFEE_d1;600;INTARIAN_PEPPER_ROOT;11812;5;11810;26;;;11818;15;11820;21;;;11815.0;0.0
av_COFFEE_d1;700;ASH_COATED_OSMIUM;9913;19;9909;17;;;9919;11;9922;8;;;9916.0;0.0
av_COFFEE_d1;700;INTARIAN_PEPPER_ROOT;11811;23;11808;16;;;11818;23;11821;26;;;11814.5;0.0
av_COFFEE_d1;800;ASH_COATED_OSMIUM;9910;19;9907;11;;;9923;17;9927;26;;;9916.5;0.0
av_COFFEE_d1;800;INTARIAN_PEPPER_ROOT;11812;8;11810;11;;;11818;14;11821;20;;;11815.0;0.0
av_COFFEE_d1;900;ASH_COATED_OSMIUM;9914;14;9910;18;;;9920;13;9924;15;;;9917.0;0.0
av_COFFEE_d1;900;INTARIAN_PEPPER_ROOT;11812;18;11808;24;;;11818;17;11821;22;;;11815.0;0.0
av_COFFEE_d1;1000;ASH_COATED_OSMIUM;9914;20;9912;28;;;9920;10;9923;29;;;9917.0;0.0
av_COFFEE_d1;1000;INTARIAN_PEPPER_ROOT;11811;14;11808;14;;;11817;12;11820;16;;;11814.0;0.0
av_COFFEE_d1;1100;ASH_COATED_OSMIUM;9905;13;9902;25;;;9930;23;9934;20;;;9917.5;0.0
av_COFFEE_d1;1100;INTARIAN_PEPPER_ROOT;11811;17;11807;22;;;11817;17;11820;18;;;11814.0;0.0
av_COFFEE_d1;1200;ASH_COATED_OSMIUM;9913;20;9910;22;;;9921;5;9923;18;;;9917.0;0.0
av_COFFEE_d1;1200;INTARIAN_PEPPER_ROOT;11811;15;11808;8;;;11817;8;11821;24;;;11814.0;0.0
av_COFFEE_d1;1300;ASH_COATED_OSMIUM;9914;21;9912;23;;;9920;11;9923;26;;;9917.0;0.0
av_COFFEE_d1;1300;INTARIAN_PEPPER_ROOT;11811;11;11809;24;;;11817;12;11819;22;;;11814.0;0.0
av_COFFEE_d1;1400;ASH_COATED_OSMIUM;9914;24;9910;12;;;9920;13;9922;20;;;9917.0;0.0
av_COFFEE_d1;1400;INTARIAN_PEPPER_ROOT;11796;15;11793;22;;;11830;19;11833;18;;;11813.0;0.0
av_COFFEE_d1;1500;ASH_COATED_OSMIUM;9914;5;9912;17;;;9920;17;9923;27;;;9917.0;0.0
av_COFFEE_d1;1500;INTARIAN_PEPPER_ROOT;11810;12;11807;10;;;11816;20;11820;24;;;11813.0;0.0
av_COFFEE_d1;1600;ASH_COATED_OSMIUM;9915;11;9911;20;;;9921;10;9925;21;;;9918.0;0.0
av_COFFEE_d1;1600;INTARIAN_PEPPER_ROOT;11806;19;11804;11;;;11820;6;11822;20;;;11813.0;0.0
av_COFFEE_d1;1700;ASH_COATED_OSMIUM;9914;8;9911;18;;;9920;16;9923;25;;;9917.0;0.0
av_COFFEE_d1;1700;INTARIAN_PEPPER_ROOT;11798;6;11795;19;;;11827;17;11830;20;;;11812.5;0.0
av_COFFEE_d1;1800;ASH_COATED_OSMIUM;9914;16;9911;16;;;9920;9;9924;14;;;9917.0;0.0
av_COFFEE_d1;1800;INTARIAN_PEPPER_ROOT;11810;13;11807;24;;;11816;7;11820;16;;;11813.0;0.0
av_COFFEE_d1;1900;ASH_COATED_OSMIUM;9915;21;9913;15;;;9921;11;9924;21;;;9918.0;0.0
av_COFFEE_d1;1900;INTARIAN_PEPPER_ROOT;11809;18;11805;21;;;11815;17;11819;9;;;11812.0;0.0
av_COFFEE_d1;2000;ASH_COATED_OSMIUM;9914;21;9912;18;;;9922;22;9926;25;;;9918.0;0.0
av_COFFEE_d1;2000;INTARIAN_PEPPER_ROOT;11809;5;11807;18;;;11815;27;11818;20;;;11812.0;0.0
av_COFFEE_d1;2100;ASH_COATED_OSMIUM;9910;12;9907;21;;;9925;18;9929;20;;;9917.5;0.0
av_COFFEE_d1;2100;INTARIAN_PEPPER_ROOT;11808;19;11805;16;;;11814;16;11816;13;;;11811.0;0.0
av_COFFEE_d1;2200;ASH_COATED_OSMIUM;9909;16;9905;31;;;9928;14;9931;17;;;9918.5;0.0
av_COFFEE_d1;2200;INTARIAN_PEPPER_ROOT;11808;17;11805;15;;;11814;15;11818;24;;;11811.0;0.0
av_COFFEE_d1;2300;ASH_COATED_OSMIUM;9915;9;9913;17;;;9921;10;9924;19;;;9918.0;0.0
av_COFFEE_d1;2300;INTARIAN_PEPPER_ROOT;11809;15;11807;20;;;11815;15;11817;21;;;11812.0;0.0
av_COFFEE_d1;2400;ASH_COATED_OSMIUM;9916;13;9914;21;;;9922;11;9925;21;;;9919.0;0.0
av_COFFEE_d1;2400;INTARIAN_PEPPER_ROOT;11808;16;11805;18;;;11814;9;11817;17;;;11811.0;0.0
av_COFFEE_d1;2500;ASH_COATED_OSMIUM;9913;13;9911;20;;;9923;22;9926;15;;;9918.0;0.0
av_COFFEE_d1;2500;INTARIAN_PEPPER_ROOT;11804;13;11800;14;;;11816;16;11818;24;;;11810.0;0.0
av_COFFEE_d1;2600;ASH_COATED_OSMIUM;9905;19;9903;18;;;9933;18;9935;15;;;9919.0;0.0
av_COFFEE_d1;2600;INTARIAN_PEPPER_ROOT;11805;8;11801;21;;;11817;13;11821;15;;;11811.0;0.0
av_COFFEE_d1;2700;ASH_COATED_OSMIUM;9916;11;9912;18;;;9922;12;9925;24;;;9919.0;0.0
av_COFFEE_d1;2700;INTARIAN_PEPPER_ROOT;11808;8;11806;16;;;11814;11;11816;20;;;11811.0;0.0
av_COFFEE_d1;2800;ASH_COATED_OSMIUM;9916;20;9912;9;;;9922;25;9925;14;;;9919.0;0.0
av_COFFEE_d1;2800;INTARIAN_PEPPER_ROOT;11807;10;11805;24;;;11813;15;11817;23;;;11810.0;0.0
av_COFFEE_d1;2900;ASH_COATED_OSMIUM;9916;24;9913;19;;;9922;17;9925;18;;;9919.0;0.0
av_COFFEE_d1;2900;INTARIAN_PEPPER_ROOT;11807;15;11803;19;;;11813;15;11815;20;;;11810.0;0.0
av_COFFEE_d1;3000;ASH_COATED_OSMIUM;9915;7;9912;27;;;9921;7;9923;20;;;9918.0;0.0
av_COFFEE_d1;3000;INTARIAN_PEPPER_ROOT;11798;16;11796;24;;;11820;23;11822;18;;;11809.0;0.0
av_COFFEE_d1;3100;ASH_COATED_OSMIUM;9913;28;9909;20;;;9924;11;9926;22;;;9918.5;0.0
av_COFFEE_d1;3100;INTARIAN_PEPPER_ROOT;11806;19;11804;17;;;11813;7;11817;20;;;11809.5;0.0
av_COFFEE_d1;3200;ASH_COATED_OSMIUM;9916;8;9914;26;;;9922;16;9925;12;;;9919.0;0.0
av_COFFEE_d1;3200;INTARIAN_PEPPER_ROOT;11806;14;11803;19;;;11812;17;11816;22;;;11809.0;0.0
av_COFFEE_d1;3300;ASH_COATED_OSMIUM;9916;11;9914;24;;;9923;17;9926;16;;;9919.5;0.0
av_COFFEE_d1;3300;INTARIAN_PEPPER_ROOT;11805;17;11801;22;;;11811;13;11814;25;;;11808.0;0.0
av_COFFEE_d1;3400;ASH_COATED_OSMIUM;9915;12;9911;22;;;9922;11;9925;20;;;9918.5;0.0
av_COFFEE_d1;3400;INTARIAN_PEPPER_ROOT;11805;10;11802;13;;;11811;19;11813;14;;;11808.0;0.0
av_COFFEE_d1;3500;ASH_COATED_OSMIUM;9916;7;9912;24;;;9922;17;9926;24;;;9919.0;0.0
av_COFFEE_d1;3500;INTARIAN_PEPPER_ROOT;11805;9;11801;13;;;11811;16;11814;18;;;11808.0;0.0
av_COFFEE_d1;3600;ASH_COATED_OSMIUM;9915;16;9912;20;;;9923;13;9927;22;;;9919.0;0.0
av_COFFEE_d1;3600;INTARIAN_PEPPER_ROOT;11805;14;11801;24;;;11811;15;11814;27;;;11808.0;0.0
av_COFFEE_d1;3700;ASH_COATED_OSMIUM;9917;8;9915;22;;;9923;15;9927;25;;;9920.0;0.0
av_COFFEE_d1;3700;INTARIAN_PEPPER_ROOT;11805;17;11802;19;;;11811;5;11813;15;;;11808.0;0.0
av_COFFEE_d1;3800;ASH_COATED_OSMIUM;9916;10;9912;24;;;9922;10;9924;22;;;9919.0;0.0
av_COFFEE_d1;3800;INTARIAN_PEPPER_ROOT;11804;19;11801;14;;;11810;23;11813;20;;;11807.0;0.0
av_COFFEE_d1;3900;ASH_COATED_OSMIUM;9916;7;9912;23;;;9922;19;9925;11;;;9919.0;0.0
av_COFFEE_d1;3900;INTARIAN_PEPPER_ROOT;11805;21;11802;18;;;11811;17;11813;21;;;11808.0;0.0
av_COFFEE_d1;4000;ASH_COATED_OSMIUM;9911;14;9909;18;;;9929;18;9933;24;;;9920.0;0.0
av_COFFEE_d1;4000;INTARIAN_PEPPER_ROOT;11804;12;11802;27;;;11810;23;11814;19;;;11807.0;0.0
av_COFFEE_d1;4100;ASH_COATED_OSMIUM;9918;13;9914;16;;;9924;9;9928;17;;;9921.0;0.0
av_COFFEE_d1;4100;INTARIAN_PEPPER_ROOT;11803;10;11800;23;;;11809;5;11812;20;;;11806.0;0.0
av_COFFEE_d1;4200;ASH_COATED_OSMIUM;9917;14;9914;27;;;9923;8;9925;18;;;9920.0;0.0
av_COFFEE_d1;4200;INTARIAN_PEPPER_ROOT;11801;5;11797;26;;;11814;16;11818;16;;;11807.5;0.0
av_COFFEE_d1;4300;ASH_COATED_OSMIUM;9917;19;9914;8;;;9924;10;9926;16;;;9920.5;0.0
av_COFFEE_d1;4300;INTARIAN_PEPPER_ROOT;11801;17;11798;27;;;11810;5;11812;14;;;11805.5;0.0
av_COFFEE_d1;4400;ASH_COATED_OSMIUM;9917;11;9915;20;;;9923;13;9926;19;;;9920.0;0.0
av_COFFEE_d1;4400;INTARIAN_PEPPER_ROOT;11802;18;11799;21;;;11809;13;11811;20;;;11805.5;0.0
av_COFFEE_d1;4500;ASH_COATED_OSMIUM;9908;19;9906;14;;;9932;13;9935;18;;;9920.0;0.0
av_COFFEE_d1;4500;INTARIAN_PEPPER_ROOT;11797;14;11794;22;;;11815;20;11818;16;;;11806.0;0.0
av_COFFEE_d1;4600;ASH_COATED_OSMIUM;9916;9;9914;22;;;9925;20;9928;22;;;9920.5;0.0
av_COFFEE_d1;4600;INTARIAN_PEPPER_ROOT;11797;14;11793;18;;;11814;25;11817;19;;;11805.5;0.0
av_COFFEE_d1;4700;ASH_COATED_OSMIUM;9914;14;9911;15;;;9926;8;9928;21;;;9920.0;0.0
av_COFFEE_d1;4700;INTARIAN_PEPPER_ROOT;11803;16;11801;11;;;11809;14;11812;18;;;11806.0;0.0
av_COFFEE_d1;4800;ASH_COATED_OSMIUM;9918;19;9916;14;;;9924;14;9927;23;;;9921.0;0.0
av_COFFEE_d1;4800;INTARIAN_PEPPER_ROOT;11798;17;11794;20;;;11812;20;11814;18;;;11805.0;0.0
av_COFFEE_d1;4900;ASH_COATED_OSMIUM;9917;14;9913;23;;;9923;15;9926;8;;;9920.0;0.0
av_COFFEE_d1;4900;INTARIAN_PEPPER_ROOT;11800;15;11797;22;;;11811;12;11813;22;;;11805.5;0.0
av_COFFEE_d1;5000;ASH_COATED_OSMIUM;9918;15;9914;25;;;9924;12;9928;21;;;9921.0;0.0
av_COFFEE_d1;5000;INTARIAN_PEPPER_ROOT;11801;10;11798;23;;;11807;8;11811;14;;;11804.0;0.0
av_COFFEE_d1;5100;ASH_COATED_OSMIUM;9918;20;9916;15;;;9924;17;9928;14;;;9921.0;0.0
av_COFFEE_d1;5100;INTARIAN_PEPPER_ROOT;11801;13;11797;13;;;11807;10;11811;18;;;11804.0;0.0
av_COFFEE_d1;5200;ASH_COATED_OSMIUM;9915;21;9911;20;;;9926;12;9930;12;;;9920.5;0.0
av_COFFEE_d1;5200;INTARIAN_PEPPER_ROOT;11795;11;11793;20;;;11814;5;11818;22;;;11804.5;0.0
av_COFFEE_d1;5300;ASH_COATED_OSMIUM;9918;17;9915;27;;;9924;20;9928;19;;;9921.0;0.0
av_COFFEE_d1;5300;INTARIAN_PEPPER_ROOT;11798;17;11795;16;;;11809;10;11811;21;;;11803.5;0.0
av_COFFEE_d1;5400;ASH_COATED_OSMIUM;9918;22;9915;13;;;9924;19;9927;20;;;9921.0;0.0
av_COFFEE_d1;5400;INTARIAN_PEPPER_ROOT;11801;30;11797;21;;;11807;18;11809;26;;;11804.0;0.0
av_COFFEE_d1;5500;ASH_COATED_OSMIUM;9917;16;9914;22;;;9926;5;9928;21;;;9921.5;0.0
av_COFFEE_d1;5500;INTARIAN_PEPPER_ROOT;11795;19;11793;25;;;11811;21;11814;17;;;11803.0;0.0
av_COFFEE_d1;5600;ASH_COATED_OSMIUM;9918;8;9915;17;;;9924;21;9928;31;;;9921.0;0.0
av_COFFEE_d1;5600;INTARIAN_PEPPER_ROOT;11800;14;11797;26;;;11806;13;11809;24;;;11803.0;0.0
av_COFFEE_d1;5700;ASH_COATED_OSMIUM;9919;10;9917;8;;;9925;8;9929;15;;;9922.0;0.0
av_COFFEE_d1;5700;INTARIAN_PEPPER_ROOT;11799;18;11795;11;;;11805;19;11809;21;;;11802.0;0.0
av_COFFEE_d1;5800;ASH_COATED_OSMIUM;9918;13;9914;14;;;9924;8;9927;24;;;9921.0;0.0
av_COFFEE_d1;5800;INTARIAN_PEPPER_ROOT;11800;14;11797;11;;;11806;5;11808;19;;;11803.0;0.0
av_COFFEE_d1;5900;ASH_COATED_OSMIUM;9910;14;9907;17;;;9931;10;9935;22;;;9920.5;0.0
av_COFFEE_d1;5900;INTARIAN_PEPPER_ROOT;11799;12;11796;16;;;11805;10;11809;17;;;11802.0;0.0
av_COFFEE_d1;6000;ASH_COATED_OSMIUM;9919;22;9915;15;;;9925;5;9927;15;;;9922.0;0.0
av_COFFEE_d1;6000;INTARIAN_PEPPER_ROOT;11799;15;11796;21;;;11805;12;11807;26;;;11802.0;0.0
av_COFFEE_d1;6100;ASH_COATED_OSMIUM;9919;5;9916;17;;;9925;16;9928;19;;;9922.0;0.0
av_COFFEE_d1;6100;INTARIAN_PEPPER_ROOT;11799;12;11795;16;;;11805;16;11808;19;;;11802.0;0.0
av_COFFEE_d1;6200;ASH_COATED_OSMIUM;9918;22;9914;20;;;9924;12;9926;20;;;9921.0;0.0
av_COFFEE_d1;6200;INTARIAN_PEPPER_ROOT;11798;15;11795;26;;;11806;18;11809;16;;;11802.0;0.0
av_COFFEE_d1;6300;ASH_COATED_OSMIUM;9918;21;9915;20;;;9926;20;9929;26;;;9922.0;0.0
av_COFFEE_d1;6300;INTARIAN_PEPPER_ROOT;11799;14;11797;18;;;11805;20;11807;26;;;11802.0;0.0
av_COFFEE_d1;6400;ASH_COATED_OSMIUM;9919;13;9915;26;;;9925;13;9929;13;;;9922.0;0.0
av_COFFEE_d1;6400;INTARIAN_PEPPER_ROOT;11786;13;11784;10;;;11815;5;11817;21;;;11800.5;0.0
av_COFFEE_d1;6500;ASH_COATED_OSMIUM;9919;19;9916;25;;;9926;19;9929;25;;;9922.5;0.0
av_COFFEE_d1;6500;INTARIAN_PEPPER_ROOT;11794;20;11792;15;;;11807;13;11809;12;;;11800.5;0.0
av_COFFEE_d1;6600;ASH_COATED_OSMIUM;9919;15;9915;22;;;9925;15;9928;20;;;9922.0;0.0
av_COFFEE_d1;6600;INTARIAN_PEPPER_ROOT;11797;7;11795;24;;;11803;13;11805;14;;;11800.0;0.0
av_COFFEE_d1;6700;ASH_COATED_OSMIUM;9919;15;9917;22;;;9925;7;9929;20;;;9922.0;0.0
av_COFFEE_d1;6700;INTARIAN_PEPPER_ROOT;11798;11;11796;17;;;11804;17;11808;17;;;11801.0;0.0
av_COFFEE_d1;6800;ASH_COATED_OSMIUM;9919;20;9916;21;;;9925;16;9927;20;;;9922.0;0.0
av_COFFEE_d1;6800;INTARIAN_PEPPER_ROOT;11793;7;11791;8;;;11806;9;11808;18;;;11799.5;0.0
av_COFFEE_d1;6900;ASH_COATED_OSMIUM;9917;12;9915;17;;;9928;11;9930;18;;;9922.5;0.0
av_COFFEE_d1;6900;INTARIAN_PEPPER_ROOT;11796;12;11793;31;;;11804;11;11808;19;;;11800.0;0.0
av_COFFEE_d1;7000;ASH_COATED_OSMIUM;9913;6;9909;26;;;9933;17;9935;15;;;9923.0;0.0
av_COFFEE_d1;7000;INTARIAN_PEPPER_ROOT;11797;7;11795;18;;;11803;10;11806;13;;;11800.0;0.0
av_COFFEE_d1;7100;ASH_COATED_OSMIUM;9920;9;9918;16;;;9926;11;9929;23;;;9923.0;0.0
av_COFFEE_d1;7100;INTARIAN_PEPPER_ROOT;11796;15;11792;23;;;11802;15;11806;26;;;11799.0;0.0
av_COFFEE_d1;7200;ASH_COATED_OSMIUM;9920;7;9918;21;;;9926;18;9930;22;;;9923.0;0.0
av_COFFEE_d1;7200;INTARIAN_PEPPER_ROOT;11797;18;11793;13;;;11803;22;11807;26;;;11800.0;0.0
av_COFFEE_d1;7300;ASH_COATED_OSMIUM;9920;11;9918;26;;;9926;24;9930;20;;;9923.0;0.0
av_COFFEE_d1;7300;INTARIAN_PEPPER_ROOT;11796;8;11793;20;;;11802;13;11806;13;;;11799.0;0.0
av_COFFEE_d1;7400;ASH_COATED_OSMIUM;9919;13;9915;13;;;9927;19;9931;22;;;9923.0;0.0
av_COFFEE_d1;7400;INTARIAN_PEPPER_ROOT;11795;15;11793;15;;;11801;15;11803;21;;;11798.0;0.0
av_COFFEE_d1;7500;ASH_COATED_OSMIUM;9920;14;9917;12;;;9926;19;9929;16;;;9923.0;0.0
av_COFFEE_d1;7500;INTARIAN_PEPPER_ROOT;11795;17;11793;18;;;11801;16;11805;16;;;11798.0;0.0
av_COFFEE_d1;7600;ASH_COATED_OSMIUM;9920;18;9917;23;;;9926;19;9929;14;;;9923.0;0.0
av_COFFEE_d1;7600;INTARIAN_PEPPER_ROOT;11795;10;11792;14;;;11801;8;11804;12;;;11798.0;0.0
av_COFFEE_d1;7700;ASH_COATED_OSMIUM;9915;15;9913;24;;;9932;12;9934;15;;;9923.5;0.0
av_COFFEE_d1;7700;INTARIAN_PEPPER_ROOT;11795;10;11793;22;;;11801;8;11803;15;;;11798.0;0.0
av_COFFEE_d1;7800;ASH_COATED_OSMIUM;9920;6;9918;20;;;9926;19;9930;13;;;9923.0;0.0
av_COFFEE_d1;7800;INTARIAN_PEPPER_ROOT;11794;21;11792;13;;;11801;18;11803;25;;;11797.5;0.0
av_COFFEE_d1;7900;ASH_COATED_OSMIUM;9914;14;9912;24;;;9933;9;9935;30;;;9923.5;0.0
av_COFFEE_d1;7900;INTARIAN_PEPPER_ROOT;11794;22;11791;11;;;11800;15;11803;28;;;11797.0;0.0
av_COFFEE_d1;8000;ASH_COATED_OSMIUM;9913;14;9911;23;;;9934;10;9936;14;;;9923.5;0.0
av_COFFEE_d1;8000;INTARIAN_PEPPER_ROOT;11794;19;11792;14;;;11800;16;11804;18;;;11797.0;0.0
av_COFFEE_d1;8100;ASH_COATED_OSMIUM;9921;11;9919;18;;;9927;17;9929;20;;;9924.0;0.0
av_COFFEE_d1;8100;INTARIAN_PEPPER_ROOT;11794;11;11790;14;;;11800;12;11803;20;;;11797.0;0.0
av_COFFEE_d1;8200;ASH_COATED_OSMIUM;9916;14;9913;18;;;9932;17;9935;28;;;9924.0;0.0
av_COFFEE_d1;8200;INTARIAN_PEPPER_ROOT;11789;13;11785;32;;;11804;20;11806;19;;;11796.5;0.0
av_COFFEE_d1;8300;ASH_COATED_OSMIUM;9922;15;9920;22;;;9928;18;9930;27;;;9925.0;0.0
av_COFFEE_d1;8300;INTARIAN_PEPPER_ROOT;11792;5;11789;25;;;11802;13;11805;15;;;11797.0;0.0
av_COFFEE_d1;8400;ASH_COATED_OSMIUM;9921;19;9918;17;;;9927;21;9931;20;;;9924.0;0.0
av_COFFEE_d1;8400;INTARIAN_PEPPER_ROOT;11790;14;11786;17;;;11802;12;11806;24;;;11796.0;0.0
av_COFFEE_d1;8500;ASH_COATED_OSMIUM;9919;14;9916;23;;;9928;10;9930;30;;;9923.5;0.0
av_COFFEE_d1;8500;INTARIAN_PEPPER_ROOT;11789;14;11787;23;;;11802;14;11804;18;;;11795.5;0.0
av_COFFEE_d1;8600;ASH_COATED_OSMIUM;9918;5;9914;22;;;9930;19;9932;23;;;9924.0;0.0
av_COFFEE_d1;8600;INTARIAN_PEPPER_ROOT;11774;15;11771;27;;;11817;16;11820;13;;;11795.5;0.0
av_COFFEE_d1;8700;ASH_COATED_OSMIUM;9916;19;9914;20;;;9932;13;9934;20;;;9924.0;0.0
av_COFFEE_d1;8700;INTARIAN_PEPPER_ROOT;11792;8;11789;15;;;11798;17;11802;23;;;11795.0;0.0
av_COFFEE_d1;8800;ASH_COATED_OSMIUM;9919;17;9916;22;;;9930;14;9933;14;;;9924.5;0.0
av_COFFEE_d1;8800;INTARIAN_PEPPER_ROOT;11789;23;11787;27;;;11801;20;11804;25;;;11795.0;0.0
av_COFFEE_d1;8900;ASH_COATED_OSMIUM;9921;17;9919;17;;;9927;12;9931;21;;;9924.0;0.0
av_COFFEE_d1;8900;INTARIAN_PEPPER_ROOT;11785;17;11782;19;;;11804;12;11807;16;;;11794.5;0.0
av_COFFEE_d1;9000;ASH_COATED_OSMIUM;9919;22;9917;21;;;9931;19;9933;18;;;9925.0;0.0
av_COFFEE_d1;9000;INTARIAN_PEPPER_ROOT;11791;10;11789;21;;;11797;22;11800;15;;;11794.0;0.0
av_COFFEE_d1;9100;ASH_COATED_OSMIUM;9917;16;9915;8;;;9933;9;9935;13;;;9925.0;0.0
av_COFFEE_d1;9100;INTARIAN_PEPPER_ROOT;11791;15;11789;19;;;11797;13;11799;19;;;11794.0;0.0
av_COFFEE_d1;9200;ASH_COATED_OSMIUM;9922;8;9920;21;;;9928;19;9930;34;;;9925.0;0.0
av_COFFEE_d1;9200;INTARIAN_PEPPER_ROOT;11784;15;11781;29;;;11804;5;11807;15;;;11794.0;0.0
av_COFFEE_d1;9300;ASH_COATED_OSMIUM;9913;12;9909;21;;;9937;16;9939;19;;;9925.0;0.0
av_COFFEE_d1;9300;INTARIAN_PEPPER_ROOT;11790;10;11786;19;;;11799;11;11803;20;;;11794.5;0.0
av_COFFEE_d1;9400;ASH_COATED_OSMIUM;9922;19;9918;27;;;9928;20;9931;14;;;9925.0;0.0
av_COFFEE_d1;9400;INTARIAN_PEPPER_ROOT;11781;18;11778;23;;;11807;22;11809;23;;;11794.0;0.0
av_COFFEE_d1;9500;ASH_COATED_OSMIUM;9922;10;9920;17;;;9928;19;9931;18;;;9925.0;0.0
av_COFFEE_d1;9500;INTARIAN_PEPPER_ROOT;11790;18;11788;30;;;11796;6;11798;27;;;11793.0;0.0
av_COFFEE_d1;9600;ASH_COATED_OSMIUM;9922;14;9918;26;;;9928;11;9930;28;;;9925.0;0.0
av_COFFEE_d1;9600;INTARIAN_PEPPER_ROOT;11790;17;11788;26;;;11796;21;11800;25;;;11793.0;0.0
av_COFFEE_d1;9700;ASH_COATED_OSMIUM;9920;20;9918;20;;;9931;23;9934;24;;;9925.5;0.0
av_COFFEE_d1;9700;INTARIAN_PEPPER_ROOT;11786;15;11784;16;;;11800;14;11802;24;;;11793.0;0.0
av_COFFEE_d1;9800;ASH_COATED_OSMIUM;9918;15;9915;19;;;9933;5;9935;25;;;9925.5;0.0
av_COFFEE_d1;9800;INTARIAN_PEPPER_ROOT;11790;16;11786;11;;;11796;9;11800;20;;;11793.0;0.0
av_COFFEE_d1;9900;ASH_COATED_OSMIUM;9922;14;9919;14;;;9928;18;9930;20;;;9925.0;0.0
av_COFFEE_d1;9900;INTARIAN_PEPPER_ROOT;11789;12;11786;13;;;11795;17;11799;24;;;11792.0;0.0
av_COFFEE_d1;10000;ASH_COATED_OSMIUM;9923;13;9921;21;;;9929;8;9933;26;;;9926.0;0.0
av_COFFEE_d1;10000;INTARIAN_PEPPER_ROOT;11789;16;11786;19;;;11795;19;11797;22;;;11792.0;0.0
av_COFFEE_d1;10100;ASH_COATED_OSMIUM;9919;9;9915;15;;;9932;12;9935;22;;;9925.5;0.0
av_COFFEE_d1;10100;INTARIAN_PEPPER_ROOT;11789;14;11787;11;;;11795;12;11797;18;;;11792.0;0.0
av_COFFEE_d1;10200;ASH_COATED_OSMIUM;9923;18;9920;19;;;9929;6;9931;18;;;9926.0;0.0
av_COFFEE_d1;10200;INTARIAN_PEPPER_ROOT;11784;11;11781;24;;;11799;20;11802;15;;;11791.5;0.0
av_COFFEE_d1;10300;ASH_COATED_OSMIUM;9923;12;9920;14;;;9929;13;9932;19;;;9926.0;0.0
av_COFFEE_d1;10300;INTARIAN_PEPPER_ROOT;11788;22;11785;24;;;11794;12;11796;8;;;11791.0;0.0
av_COFFEE_d1;10400;ASH_COATED_OSMIUM;9921;10;9917;29;;;9931;20;9933;18;;;9926.0;0.0
av_COFFEE_d1;10400;INTARIAN_PEPPER_ROOT;11788;20;11786;32;;;11794;24;11796;19;;;11791.0;0.0
av_COFFEE_d1;10500;ASH_COATED_OSMIUM;9916;15;9913;22;;;9936;13;9938;20;;;9926.0;0.0
av_COFFEE_d1;10500;INTARIAN_PEPPER_ROOT;11788;13;11785;13;;;11794;23;11796;25;;;11791.0;0.0
av_COFFEE_d1;10600;ASH_COATED_OSMIUM;9923;12;9920;10;;;9929;14;9933;25;;;9926.0;0.0
av_COFFEE_d1;10600;INTARIAN_PEPPER_ROOT;11782;12;11779;17;;;11798;25;11802;19;;;11790.0;0.0
av_COFFEE_d1;10700;ASH_COATED_OSMIUM;9923;8;9920;21;;;9929;12;9932;21;;;9926.0;0.0
av_COFFEE_d1;10700;INTARIAN_PEPPER_ROOT;11787;13;11785;12;;;11793;13;11797;12;;;11790.0;0.0
av_COFFEE_d1;10800;ASH_COATED_OSMIUM;9923;18;9920;8;;;9929;5;9932;19;;;9926.0;0.0
av_COFFEE_d1;10800;INTARIAN_PEPPER_ROOT;11787;21;11783;22;;;11793;10;11796;17;;;11790.0;0.0
av_COFFEE_d1;10900;ASH_COATED_OSMIUM;9919;9;9917;18;;;9933;16;9935;17;;;9926.0;0.0
av_COFFEE_d1;10900;INTARIAN_PEPPER_ROOT;11785;23;11782;19;;;11795;13;11797;17;;;11790.0;0.0
av_COFFEE_d1;11000;ASH_COATED_OSMIUM;9923;14;9920;23;;;9929;16;9932;20;;;9926.0;0.0
av_COFFEE_d1;11000;INTARIAN_PEPPER_ROOT;11782;19;11779;14;;;11796;24;11799;19;;;11789.0;0.0
av_COFFEE_d1;11100;ASH_COATED_OSMIUM;9924;5;9921;15;;;9930;22;9934;21;;;9927.0;0.0
av_COFFEE_d1;11100;INTARIAN_PEPPER_ROOT;11786;15;11782;10;;;11792;27;11796;24;;;11789.0;0.0
av_COFFEE_d1;11200;ASH_COATED_OSMIUM;9923;18;9919;15;;;9930;10;9933;8;;;9926.5;0.0
av_COFFEE_d1;11200;INTARIAN_PEPPER_ROOT;11781;23;11777;18;;;11799;15;11802;13;;;11790.0;0.0
av_COFFEE_d1;11300;ASH_COATED_OSMIUM;9924;16;9920;9;;;9930;9;9933;25;;;9927.0;0.0
av_COFFEE_d1;11300;INTARIAN_PEPPER_ROOT;11786;12;11782;16;;;11792;5;11794;14;;;11789.0;0.0
av_COFFEE_d1;11400;ASH_COATED_OSMIUM;9904;12;9900;30;;;9951;5;9954;11;;;9927.5;0.0
av_COFFEE_d1;11400;INTARIAN_PEPPER_ROOT;11786;6;11783;31;;;11792;12;11795;13;;;11789.0;0.0
av_COFFEE_d1;11500;ASH_COATED_OSMIUM;9924;8;9922;26;;;9930;18;9932;20;;;9927.0;0.0
av_COFFEE_d1;11500;INTARIAN_PEPPER_ROOT;11785;10;11781;13;;;11792;17;11796;19;;;11788.5;0.0
av_COFFEE_d1;11600;ASH_COATED_OSMIUM;9916;13;9913;18;;;9938;5;9940;23;;;9927.0;0.0
av_COFFEE_d1;11600;INTARIAN_PEPPER_ROOT;11785;11;11783;20;;;11791;16;11793;26;;;11788.0;0.0
av_COFFEE_d1;11700;ASH_COATED_OSMIUM;9919;13;9915;19;;;9936;11;9939;21;;;9927.5;0.0
av_COFFEE_d1;11700;INTARIAN_PEPPER_ROOT;11784;19;11782;10;;;11792;14;11794;20;;;11788.0;0.0
av_COFFEE_d1;11800;ASH_COATED_OSMIUM;9925;18;9923;26;;;9931;25;9933;15;;;9928.0;0.0
av_COFFEE_d1;11800;INTARIAN_PEPPER_ROOT;11783;19;11779;27;;;11792;13;11794;25;;;11787.5;0.0
av_COFFEE_d1;11900;ASH_COATED_OSMIUM;9925;10;9923;21;;;9931;11;9935;20;;;9928.0;0.0
av_COFFEE_d1;11900;INTARIAN_PEPPER_ROOT;11784;9;11781;14;;;11792;15;11794;21;;;11788.0;0.0
av_COFFEE_d1;12000;ASH_COATED_OSMIUM;9918;13;9914;21;;;9938;12;9942;27;;;9928.0;0.0
av_COFFEE_d1;12000;INTARIAN_PEPPER_ROOT;11784;12;11780;26;;;11790;12;11794;26;;;11787.0;0.0
av_COFFEE_d1;12100;ASH_COATED_OSMIUM;9925;21;9922;8;;;9931;17;9934;25;;;9928.0;0.0
av_COFFEE_d1;12100;INTARIAN_PEPPER_ROOT;11782;24;11780;23;;;11794;17;11796;19;;;11788.0;0.0
av_COFFEE_d1;12200;ASH_COATED_OSMIUM;9925;8;9921;19;;;9931;23;9933;12;;;9928.0;0.0
av_COFFEE_d1;12200;INTARIAN_PEPPER_ROOT;11783;16;11780;21;;;11791;18;11795;15;;;11787.0;0.0
av_COFFEE_d1;12300;ASH_COATED_OSMIUM;9925;12;9923;15;;;9931;16;9933;21;;;9928.0;0.0
av_COFFEE_d1;12300;INTARIAN_PEPPER_ROOT;11784;10;11781;16;;;11790;17;11794;19;;;11787.0;0.0
av_COFFEE_d1;12400;ASH_COATED_OSMIUM;9925;11;9921;16;;;9931;13;9934;23;;;9928.0;0.0
av_COFFEE_d1;12400;INTARIAN_PEPPER_ROOT;11783;5;11779;26;;;11789;13;11792;13;;;11786.0;0.0
av_COFFEE_d1;12500;ASH_COATED_OSMIUM;9925;15;9922;25;;;9931;15;9934;28;;;9928.0;0.0
av_COFFEE_d1;12500;INTARIAN_PEPPER_ROOT;11783;5;11779;22;;;11789;14;11791;18;;;11786.0;0.0
av_COFFEE_d1;12600;ASH_COATED_OSMIUM;9925;6;9923;18;;;9931;12;9933;22;;;9928.0;0.0
av_COFFEE_d1;12600;INTARIAN_PEPPER_ROOT;11783;21;11781;16;;;11789;13;11793;19;;;11786.0;0.0
av_COFFEE_d1;12700;ASH_COATED_OSMIUM;9926;17;9924;27;;;9932;22;9934;24;;;9929.0;0.0
av_COFFEE_d1;12700;INTARIAN_PEPPER_ROOT;11783;12;11781;20;;;11789;11;11793;27;;;11786.0;0.0
av_COFFEE_d1;12800;ASH_COATED_OSMIUM;9926;15;9924;14;;;9932;26;9934;30;;;9929.0;0.0
av_COFFEE_d1;12800;INTARIAN_PEPPER_ROOT;11782;5;11779;24;;;11788;14;11791;18;;;11785.0;0.0
av_COFFEE_d1;12900;ASH_COATED_OSMIUM;9926;11;9923;19;;;9932;13;9936;23;;;9929.0;0.0
av_COFFEE_d1;12900;INTARIAN_PEPPER_ROOT;11778;19;11774;15;;;11793;13;11796;21;;;11785.5;0.0
av_COFFEE_d1;13000;ASH_COATED_OSMIUM;9926;12;9924;16;;;9932;14;9935;19;;;9929.0;0.0
av_COFFEE_d1;13000;INTARIAN_PEPPER_ROOT;11782;20;11778;25;;;11788;12;11792;22;;;11785.0;0.0
av_COFFEE_d1;13100;ASH_COATED_OSMIUM;9925;18;9921;17;;;9931;9;9935;16;;;9928.0;0.0
av_COFFEE_d1;13100;INTARIAN_PEPPER_ROOT;11781;12;11777;15;;;11787;16;11790;30;;;11784.0;0.0
av_COFFEE_d1;13200;ASH_COATED_OSMIUM;9926;14;9924;21;;;9932;11;9934;28;;;9929.0;0.0
av_COFFEE_d1;13200;INTARIAN_PEPPER_ROOT;11774;18;11772;23;;;11793;17;11795;15;;;11783.5;0.0
av_COFFEE_d1;13300;ASH_COATED_OSMIUM;9925;17;9922;23;;;9931;19;9934;22;;;9928.0;0.0
av_COFFEE_d1;13300;INTARIAN_PEPPER_ROOT;11777;20;11774;22;;;11791;15;11793;16;;;11784.0;0.0
av_COFFEE_d1;13400;ASH_COATED_OSMIUM;9926;21;9922;22;;;9932;8;9934;17;;;9929.0;0.0
av_COFFEE_d1;13400;INTARIAN_PEPPER_ROOT;11778;22;11774;11;;;11789;17;11791;23;;;11783.5;0.0
av_COFFEE_d1;13500;ASH_COATED_OSMIUM;9926;11;9923;24;;;9932;26;9936;28;;;9929.0;0.0
av_COFFEE_d1;13500;INTARIAN_PEPPER_ROOT;11778;16;11776;31;;;11788;17;11790;17;;;11783.0;0.0
av_COFFEE_d1;13600;ASH_COATED_OSMIUM;9927;18;9923;19;;;9933;19;9936;20;;;9930.0;0.0
av_COFFEE_d1;13600;INTARIAN_PEPPER_ROOT;11778;12;11776;13;;;11788;15;11791;21;;;11783.0;0.0
av_COFFEE_d1;13700;ASH_COATED_OSMIUM;9921;14;9918;28;;;9937;18;9939;25;;;9929.0;0.0
av_COFFEE_d1;13700;INTARIAN_PEPPER_ROOT;11780;20;11778;16;;;11786;18;11789;20;;;11783.0;0.0
av_COFFEE_d1;13800;ASH_COATED_OSMIUM;9927;14;9924;21;;;9933;15;9935;15;;;9930.0;0.0
av_COFFEE_d1;13800;INTARIAN_PEPPER_ROOT;11780;23;11777;21;;;11786;12;11789;22;;;11783.0;0.0
av_COFFEE_d1;13900;ASH_COATED_OSMIUM;9927;22;9924;16;;;9933;8;9935;22;;;9930.0;0.0
av_COFFEE_d1;13900;INTARIAN_PEPPER_ROOT;11779;8;11777;15;;;11785;17;11788;22;;;11782.0;0.0
av_COFFEE_d1;14000;ASH_COATED_OSMIUM;9927;19;9925;22;;;9933;15;9936;24;;;9930.0;0.0
av_COFFEE_d1;14000;INTARIAN_PEPPER_ROOT;11779;20;11777;26;;;11785;18;11788;21;;;11782.0;0.0
av_COFFEE_d1;14100;ASH_COATED_OSMIUM;9923;8;9920;27;;;9937;27;9939;19;;;9930.0;0.0
av_COFFEE_d1;14100;INTARIAN_PEPPER_ROOT;11772;13;11770;14;;;11792;22;11795;30;;;11782.0;0.0
av_COFFEE_d1;14200;ASH_COATED_OSMIUM;9915;20;9911;20;;;9943;15;9947;16;;;9929.0;0.0
av_COFFEE_d1;14200;INTARIAN_PEPPER_ROOT;11778;8;11776;8;;;11784;15;11786;20;;;11781.0;0.0
av_COFFEE_d1;14300;ASH_COATED_OSMIUM;9920;11;9916;22;;;9938;8;9940;29;;;9929.0;0.0
av_COFFEE_d1;14300;INTARIAN_PEPPER_ROOT;11779;12;11777;27;;;11785;13;11787;17;;;11782.0;0.0
av_COFFEE_d1;14400;ASH_COATED_OSMIUM;9927;17;9923;21;;;9933;22;9937;24;;;9930.0;0.0
av_COFFEE_d1;14400;INTARIAN_PEPPER_ROOT;11779;8;11777;22;;;11785;23;11787;20;;;11782.0;0.0
av_COFFEE_d1;14500;ASH_COATED_OSMIUM;9926;20;9923;32;;;9934;17;9936;21;;;9930.0;0.0
av_COFFEE_d1;14500;INTARIAN_PEPPER_ROOT;11771;12;11768;25;;;11792;12;11794;16;;;11781.5;0.0
av_COFFEE_d1;14600;ASH_COATED_OSMIUM;9927;16;9925;14;;;9933;21;9935;20;;;9930.0;0.0
av_COFFEE_d1;14600;INTARIAN_PEPPER_ROOT;11778;14;11775;20;;;11784;25;11786;17;;;11781.0;0.0
av_COFFEE_d1;14700;ASH_COATED_OSMIUM;9914;9;9911;26;;;9946;18;9949;18;;;9930.0;0.0
av_COFFEE_d1;14700;INTARIAN_PEPPER_ROOT;11777;15;11774;15;;;11783;10;11785;19;;;11780.0;0.0
av_COFFEE_d1;14800;ASH_COATED_OSMIUM;9925;24;9922;9;;;9935;20;9939;11;;;9930.0;0.0
av_COFFEE_d1;14800;INTARIAN_PEPPER_ROOT;11778;25;11774;23;;;11784;17;11787;21;;;11781.0;0.0
av_COFFEE_d1;14900;ASH_COATED_OSMIUM;9927;20;9923;10;;;9933;21;9937;20;;;9930.0;0.0
av_COFFEE_d1;14900;INTARIAN_PEPPER_ROOT;11777;21;11774;16;;;11783;15;11786;25;;;11780.0;0.0
av_COFFEE_d1;15000;ASH_COATED_OSMIUM;9928;8;9926;24;;;9934;16;9936;15;;;9931.0;0.0
av_COFFEE_d1;15000;INTARIAN_PEPPER_ROOT;11774;18;11772;20;;;11786;19;11788;28;;;11780.0;0.0
av_COFFEE_d1;15100;ASH_COATED_OSMIUM;9927;13;9924;29;;;9934;19;9936;21;;;9930.5;0.0
av_COFFEE_d1;15100;INTARIAN_PEPPER_ROOT;11777;14;11774;27;;;11783;8;11786;27;;;11780.0;0.0
av_COFFEE_d1;15200;ASH_COATED_OSMIUM;9928;25;9924;11;;;9934;7;9938;9;;;9931.0;0.0
av_COFFEE_d1;15200;INTARIAN_PEPPER_ROOT;11777;11;11773;16;;;11783;19;11787;16;;;11780.0;0.0
av_COFFEE_d1;15300;ASH_COATED_OSMIUM;9928;16;9924;15;;;9934;13;9936;21;;;9931.0;0.0
av_COFFEE_d1;15300;INTARIAN_PEPPER_ROOT;11776;11;11774;14;;;11782;17;11785;20;;;11779.0;0.0
av_COFFEE_d1;15400;ASH_COATED_OSMIUM;9928;13;9926;21;;;9934;12;9937;11;;;9931.0;0.0
av_COFFEE_d1;15400;INTARIAN_PEPPER_ROOT;11776;11;11773;21;;;11782;11;11785;13;;;11779.0;0.0
av_COFFEE_d1;15500;ASH_COATED_OSMIUM;9928;23;9926;16;;;9934;15;9936;15;;;9931.0;0.0
av_COFFEE_d1;15500;INTARIAN_PEPPER_ROOT;11768;9;11765;24;;;11789;24;11791;16;;;11778.5;0.0
av_COFFEE_d1;15600;ASH_COATED_OSMIUM;9928;17;9924;23;;;9934;23;9938;17;;;9931.0;0.0
av_COFFEE_d1;15600;INTARIAN_PEPPER_ROOT;11775;19;11773;17;;;11781;9;11783;14;;;11778.0;0.0
av_COFFEE_d1;15700;ASH_COATED_OSMIUM;9928;12;9926;21;;;9934;18;9936;15;;;9931.0;0.0
av_COFFEE_d1;15700;INTARIAN_PEPPER_ROOT;11775;23;11771;19;;;11781;10;11785;17;;;11778.0;0.0
av_COFFEE_d1;15800;ASH_COATED_OSMIUM;9927;19;9924;19;;;9935;16;9939;21;;;9931.0;0.0
av_COFFEE_d1;15800;INTARIAN_PEPPER_ROOT;11775;12;11773;19;;;11781;24;11783;21;;;11778.0;0.0
av_COFFEE_d1;15900;ASH_COATED_OSMIUM;9929;15;9927;15;;;9935;10;9937;20;;;9932.0;0.0
av_COFFEE_d1;15900;INTARIAN_PEPPER_ROOT;11774;13;11772;17;;;11780;13;11784;22;;;11777.0;0.0
av_COFFEE_d1;16000;ASH_COATED_OSMIUM;9926;19;9922;20;;;9938;24;9940;20;;;9932.0;0.0
av_COFFEE_d1;16000;INTARIAN_PEPPER_ROOT;11772;12;11768;23;;;11783;22;11787;20;;;11777.5;0.0
av_COFFEE_d1;16100;ASH_COATED_OSMIUM;9928;11;9924;13;;;9934;10;9936;15;;;9931.0;0.0
av_COFFEE_d1;16100;INTARIAN_PEPPER_ROOT;11774;8;11771;21;;;11780;22;11782;17;;;11777.0;0.0
av_COFFEE_d1;16200;ASH_COATED_OSMIUM;9929;19;9926;8;;;9935;12;9937;21;;;9932.0;0.0
av_COFFEE_d1;16200;INTARIAN_PEPPER_ROOT;11772;17;11769;17;;;11780;16;11783;28;;;11776.0;0.0
av_COFFEE_d1;16300;ASH_COATED_OSMIUM;9925;14;9921;14;;;9938;7;9941;22;;;9931.5;0.0
av_COFFEE_d1;16300;INTARIAN_PEPPER_ROOT;11774;14;11772;32;;;11780;17;11783;18;;;11777.0;0.0
av_COFFEE_d1;16400;ASH_COATED_OSMIUM;9928;7;9924;23;;;9935;11;9939;11;;;9931.5;0.0
av_COFFEE_d1;16400;INTARIAN_PEPPER_ROOT;11773;21;11771;24;;;11779;14;11781;13;;;11776.0;0.0
av_COFFEE_d1;16500;ASH_COATED_OSMIUM;9929;17;9927;20;;;9935;17;9939;24;;;9932.0;0.0
av_COFFEE_d1;16500;INTARIAN_PEPPER_ROOT;11773;16;11769;29;;;11780;7;11783;18;;;11776.5;0.0
av_COFFEE_d1;16600;ASH_COATED_OSMIUM;9929;17;9925;27;;;9935;10;9938;12;;;9932.0;0.0
av_COFFEE_d1;16600;INTARIAN_PEPPER_ROOT;11773;5;11771;30;;;11779;16;11783;22;;;11776.0;0.0
av_COFFEE_d1;16700;ASH_COATED_OSMIUM;9929;8;9925;21;;;9935;15;9939;19;;;9932.0;0.0
av_COFFEE_d1;16700;INTARIAN_PEPPER_ROOT;11773;10;11769;26;;;11779;14;11782;22;;;11776.0;0.0
av_COFFEE_d1;16800;ASH_COATED_OSMIUM;9930;27;9926;13;;;9936;23;9940;22;;;9933.0;0.0
av_COFFEE_d1;16800;INTARIAN_PEPPER_ROOT;11769;12;11765;23;;;11782;20;11785;25;;;11775.5;0.0
av_COFFEE_d1;16900;ASH_COATED_OSMIUM;9918;10;9915;16;;;9947;15;9949;15;;;9932.5;0.0
av_COFFEE_d1;16900;INTARIAN_PEPPER_ROOT;11759;11;11757;22;;;11792;7;11795;26;;;11775.5;0.0
av_COFFEE_d1;17000;ASH_COATED_OSMIUM;9929;9;9925;17;;;9935;17;9937;19;;;9932.0;0.0
av_COFFEE_d1;17000;INTARIAN_PEPPER_ROOT;11774;18;11770;18;;;11780;5;11783;22;;;11777.0;0.0
av_COFFEE_d1;17100;ASH_COATED_OSMIUM;9930;7;9926;13;;;9936;14;9938;21;;;9933.0;0.0
av_COFFEE_d1;17100;INTARIAN_PEPPER_ROOT;11774;26;11771;19;;;11782;15;11785;12;;;11778.0;0.0
av_COFFEE_d1;17200;ASH_COATED_OSMIUM;9927;16;9924;24;;;9938;11;9942;28;;;9932.5;0.0
av_COFFEE_d1;17200;INTARIAN_PEPPER_ROOT;11775;20;11771;19;;;11787;16;11791;20;;;11781.0;0.0
av_COFFEE_d1;17300;ASH_COATED_OSMIUM;9929;8;9926;24;;;9935;6;9938;23;;;9932.0;0.0
av_COFFEE_d1;17300;INTARIAN_PEPPER_ROOT;11780;14;11778;24;;;11786;17;11790;15;;;11783.0;0.0
av_COFFEE_d1;17400;ASH_COATED_OSMIUM;9928;10;9924;23;;;9938;12;9941;17;;;9933.0;0.0
av_COFFEE_d1;17400;INTARIAN_PEPPER_ROOT;11782;12;11778;23;;;11788;8;11790;19;;;11785.0;0.0
av_COFFEE_d1;17500;ASH_COATED_OSMIUM;9927;13;9923;20;;;9938;9;9940;21;;;9932.5;0.0
av_COFFEE_d1;17500;INTARIAN_PEPPER_ROOT;11783;13;11781;12;;;11790;16;11793;23;;;11786.5;0.0
av_COFFEE_d1;17600;ASH_COATED_OSMIUM;9930;12;9926;20;;;9936;21;9939;19;;;9933.0;0.0
av_COFFEE_d1;17600;INTARIAN_PEPPER_ROOT;11786;10;11783;18;;;11792;8;11795;10;;;11789.0;0.0
av_COFFEE_d1;17700;ASH_COATED_OSMIUM;9927;26;9925;20;;;9937;15;9939;17;;;9932.0;0.0
av_COFFEE_d1;17700;INTARIAN_PEPPER_ROOT;11788;13;11786;26;;;11794;10;11796;23;;;11791.0;0.0
av_COFFEE_d1;17800;ASH_COATED_OSMIUM;9929;20;9927;22;;;9936;19;9940;28;;;9932.5;0.0
av_COFFEE_d1;17800;INTARIAN_PEPPER_ROOT;11790;17;11786;25;;;11798;9;11802;17;;;11794.0;0.0
av_COFFEE_d1;17900;ASH_COATED_OSMIUM;9929;22;9926;20;;;9935;26;9937;15;;;9932.0;0.0
av_COFFEE_d1;17900;INTARIAN_PEPPER_ROOT;11792;13;11789;16;;;11798;16;11801;17;;;11795.0;0.0
av_COFFEE_d1;18000;ASH_COATED_OSMIUM;9926;14;9922;19;;;9939;14;9941;24;;;9932.5;0.0
av_COFFEE_d1;18000;INTARIAN_PEPPER_ROOT;11795;13;11791;31;;;11801;9;11803;22;;;11798.0;0.0
av_COFFEE_d1;18100;ASH_COATED_OSMIUM;9927;16;9923;11;;;9938;15;9940;22;;;9932.5;0.0
av_COFFEE_d1;18100;INTARIAN_PEPPER_ROOT;11786;18;11782;25;;;11812;20;11816;23;;;11799.0;0.0
av_COFFEE_d1;18200;ASH_COATED_OSMIUM;9929;12;9927;19;;;9935;14;9937;13;;;9932.0;0.0
av_COFFEE_d1;18200;INTARIAN_PEPPER_ROOT;11798;16;11796;14;;;11806;16;11809;24;;;11802.0;0.0
av_COFFEE_d1;18300;ASH_COATED_OSMIUM;9923;13;9919;19;;;9941;19;9945;25;;;9932.0;0.0
av_COFFEE_d1;18300;INTARIAN_PEPPER_ROOT;11801;24;11797;15;;;11807;5;11809;14;;;11804.0;0.0
av_COFFEE_d1;18400;ASH_COATED_OSMIUM;9929;20;9927;18;;;9935;13;9939;24;;;9932.0;0.0
av_COFFEE_d1;18400;INTARIAN_PEPPER_ROOT;11798;9;11794;12;;;11814;17;11816;21;;;11806.0;0.0
av_COFFEE_d1;18500;ASH_COATED_OSMIUM;9929;18;9926;26;;;9935;17;9937;19;;;9932.0;0.0
av_COFFEE_d1;18500;INTARIAN_PEPPER_ROOT;11803;8;11801;15;;;11814;6;11818;25;;;11808.5;0.0
av_COFFEE_d1;18600;ASH_COATED_OSMIUM;9929;15;9927;12;;;9935;15;9938;25;;;9932.0;0.0
av_COFFEE_d1;18600;INTARIAN_PEPPER_ROOT;11807;20;11805;24;;;11813;14;11815;24;;;11810.0;0.0
av_COFFEE_d1;18700;ASH_COATED_OSMIUM;9929;10;9927;21;;;9935;13;9938;15;;;9932.0;0.0
av_COFFEE_d1;18700;INTARIAN_PEPPER_ROOT;11809;16;11806;17;;;11815;17;11819;19;;;11812.0;0.0
av_COFFEE_d1;18800;ASH_COATED_OSMIUM;9929;13;9925;23;;;9935;12;9938;14;;;9932.0;0.0
av_COFFEE_d1;18800;INTARIAN_PEPPER_ROOT;11806;19;11804;21;;;11823;18;11825;17;;;11814.5;0.0
av_COFFEE_d1;18900;ASH_COATED_OSMIUM;9926;20;9923;27;;;9938;11;9942;17;;;9932.0;0.0
av_COFFEE_d1;18900;INTARIAN_PEPPER_ROOT;11814;10;11812;19;;;11820;17;11824;13;;;11817.0;0.0
av_COFFEE_d1;19000;ASH_COATED_OSMIUM;9920;17;9916;18;;;9944;8;9947;13;;;9932.0;0.0
av_COFFEE_d1;19000;INTARIAN_PEPPER_ROOT;11813;20;11811;19;;;11824;13;11827;19;;;11818.5;0.0
av_COFFEE_d1;19100;ASH_COATED_OSMIUM;9929;10;9926;21;;;9935;16;9937;19;;;9932.0;0.0
av_COFFEE_d1;19100;INTARIAN_PEPPER_ROOT;11818;16;11815;19;;;11824;22;11827;24;;;11821.0;0.0
av_COFFEE_d1;19200;ASH_COATED_OSMIUM;9929;16;9927;17;;;9935;11;9938;22;;;9932.0;0.0
av_COFFEE_d1;19200;INTARIAN_PEPPER_ROOT;11820;19;11816;17;;;11826;15;11830;13;;;11823.0;0.0
av_COFFEE_d1;19300;ASH_COATED_OSMIUM;9927;28;9924;25;;;9936;20;9938;18;;;9931.5;0.0
av_COFFEE_d1;19300;INTARIAN_PEPPER_ROOT;11822;11;11820;16;;;11828;19;11832;23;;;11825.0;0.0
av_COFFEE_d1;19400;ASH_COATED_OSMIUM;9922;13;9919;9;;;9941;12;9944;24;;;9931.5;0.0
av_COFFEE_d1;19400;INTARIAN_PEPPER_ROOT;11825;10;11822;20;;;11831;16;11834;21;;;11828.0;0.0
av_COFFEE_d1;19500;ASH_COATED_OSMIUM;9929;22;9926;8;;;9935;5;9937;15;;;9932.0;0.0
av_COFFEE_d1;19500;INTARIAN_PEPPER_ROOT;11826;9;11823;20;;;11832;18;11835;19;;;11829.0;0.0
av_COFFEE_d1;19600;ASH_COATED_OSMIUM;9929;14;9927;18;;;9935;17;9937;21;;;9932.0;0.0
av_COFFEE_d1;19600;INTARIAN_PEPPER_ROOT;11824;10;11821;21;;;11838;20;11840;17;;;11831.0;0.0
av_COFFEE_d1;19700;ASH_COATED_OSMIUM;9928;10;9924;19;;;9934;7;9938;26;;;9931.0;0.0
av_COFFEE_d1;19700;INTARIAN_PEPPER_ROOT;11822;11;11818;26;;;11845;13;11849;23;;;11833.5;0.0
av_COFFEE_d1;19800;ASH_COATED_OSMIUM;9929;15;9925;20;;;9935;6;9939;15;;;9932.0;0.0
av_COFFEE_d1;19800;INTARIAN_PEPPER_ROOT;11831;20;11827;14;;;11840;22;11843;20;;;11835.5;0.0
av_COFFEE_d1;19900;ASH_COATED_OSMIUM;9918;12;9916;17;;;9945;12;9947;22;;;9931.5;0.0
av_COFFEE_d1;19900;INTARIAN_PEPPER_ROOT;11834;10;11831;12;;;11840;12;11843;25;;;11837.0;0.0
av_COFFEE_d1;20000;ASH_COATED_OSMIUM;9927;12;9925;15;;;9938;14;9940;17;;;9932.5;0.0
av_COFFEE_d1;20000;INTARIAN_PEPPER_ROOT;11837;11;11835;12;;;11843;24;11846;21;;;11840.0;0.0
av_COFFEE_d1;20100;ASH_COATED_OSMIUM;9929;19;9926;24;;;9935;15;9938;25;;;9932.0;0.0
av_COFFEE_d1;20100;INTARIAN_PEPPER_ROOT;11839;24;11837;20;;;11845;20;11848;12;;;11842.0;0.0
av_COFFEE_d1;20200;ASH_COATED_OSMIUM;9926;16;9922;25;;;9937;12;9939;28;;;9931.5;0.0
av_COFFEE_d1;20200;INTARIAN_PEPPER_ROOT;11842;20;11838;31;;;11848;19;11851;13;;;11845.0;0.0
av_COFFEE_d1;20300;ASH_COATED_OSMIUM;9929;12;9926;22;;;9935;20;9937;17;;;9932.0;0.0
av_COFFEE_d1;20300;INTARIAN_PEPPER_ROOT;11829;13;11827;30;;;11864;9;11868;29;;;11846.5;0.0
av_COFFEE_d1;20400;ASH_COATED_OSMIUM;9929;18;9925;11;;;9935;14;9939;24;;;9932.0;0.0
av_COFFEE_d1;20400;INTARIAN_PEPPER_ROOT;11838;14;11834;19;;;11858;13;11862;17;;;11848.0;0.0
av_COFFEE_d1;20500;ASH_COATED_OSMIUM;9928;16;9925;12;;;9935;16;9938;23;;;9931.5;0.0
av_COFFEE_d1;20500;INTARIAN_PEPPER_ROOT;11848;11;11844;23;;;11854;22;11857;10;;;11851.0;0.0
av_COFFEE_d1;20600;ASH_COATED_OSMIUM;9927;20;9924;21;;;9935;24;9937;24;;;9931.0;0.0
av_COFFEE_d1;20600;INTARIAN_PEPPER_ROOT;11847;10;11843;30;;;11858;18;11862;25;;;11852.5;0.0
av_COFFEE_d1;20700;ASH_COATED_OSMIUM;9928;17;9924;18;;;9934;13;9936;25;;;9931.0;0.0
av_COFFEE_d1;20700;INTARIAN_PEPPER_ROOT;11853;11;11849;18;;;11859;15;11861;22;;;11856.0;0.0
av_COFFEE_d1;20800;ASH_COATED_OSMIUM;9928;12;9924;17;;;9934;12;9937;19;;;9931.0;0.0
av_COFFEE_d1;20800;INTARIAN_PEPPER_ROOT;11853;13;11850;21;;;11859;19;11861;24;;;11856.0;0.0
av_COFFEE_d1;20900;ASH_COATED_OSMIUM;9926;16;9922;21;;;9937;17;9939;24;;;9931.5;0.0
av_COFFEE_d1;20900;INTARIAN_PEPPER_ROOT;11856;7;11853;12;;;11862;19;11866;14;;;11859.0;0.0
av_COFFEE_d1;21000;ASH_COATED_OSMIUM;9922;10;9919;15;;;9941;13;9944;22;;;9931.5;0.0
av_COFFEE_d1;21000;INTARIAN_PEPPER_ROOT;11855;18;11851;15;;;11867;17;11869;10;;;11861.0;0.0
av_COFFEE_d1;21100;ASH_COATED_OSMIUM;9928;17;9924;26;;;9934;17;9936;18;;;9931.0;0.0
av_COFFEE_d1;21100;INTARIAN_PEPPER_ROOT;11861;23;11857;29;;;11867;15;11870;17;;;11864.0;0.0
av_COFFEE_d1;21200;ASH_COATED_OSMIUM;9928;13;9926;31;;;9934;19;9937;29;;;9931.0;0.0
av_COFFEE_d1;21200;INTARIAN_PEPPER_ROOT;11859;9;11857;18;;;11873;25;11877;22;;;11866.0;0.0
av_COFFEE_d1;21300;ASH_COATED_OSMIUM;9928;13;9924;16;;;9934;13;9938;12;;;9931.0;0.0
av_COFFEE_d1;21300;INTARIAN_PEPPER_ROOT;11862;11;11858;26;;;11873;17;11876;21;;;11867.5;0.0
av_COFFEE_d1;21400;ASH_COATED_OSMIUM;9928;9;9925;18;;;9934;13;9937;11;;;9931.0;0.0
av_COFFEE_d1;21400;INTARIAN_PEPPER_ROOT;11861;18;11858;26;;;11878;15;11880;24;;;11869.5;0.0
av_COFFEE_d1;21500;ASH_COATED_OSMIUM;9928;12;9926;18;;;9934;13;9936;18;;;9931.0;0.0
av_COFFEE_d1;21500;INTARIAN_PEPPER_ROOT;11869;15;11865;11;;;11875;16;11877;25;;;11872.0;0.0
av_COFFEE_d1;21600;ASH_COATED_OSMIUM;9929;16;9926;14;;;9935;14;9938;22;;;9932.0;0.0
av_COFFEE_d1;21600;INTARIAN_PEPPER_ROOT;11869;14;11867;26;;;11877;23;11879;25;;;11873.0;0.0
av_COFFEE_d1;21700;ASH_COATED_OSMIUM;9928;20;9926;26;;;9934;6;9938;17;;;9931.0;0.0
av_COFFEE_d1;21700;INTARIAN_PEPPER_ROOT;11873;13;11871;20;;;11879;10;11883;19;;;11876.0;0.0
av_COFFEE_d1;21800;ASH_COATED_OSMIUM;9928;11;9925;30;;;9934;15;9936;17;;;9931.0;0.0
av_COFFEE_d1;21800;INTARIAN_PEPPER_ROOT;11875;10;11872;27;;;11881;15;11884;22;;;11878.0;0.0
av_COFFEE_d1;21900;ASH_COATED_OSMIUM;9928;13;9925;16;;;9934;8;9937;21;;;9931.0;0.0
av_COFFEE_d1;21900;INTARIAN_PEPPER_ROOT;11877;16;11875;17;;;11883;11;11886;13;;;11880.0;0.0
av_COFFEE_d1;22000;ASH_COATED_OSMIUM;9920;20;9917;24;;;9942;15;9945;15;;;9931.0;0.0
av_COFFEE_d1;22000;INTARIAN_PEPPER_ROOT;11880;15;11876;17;;;11886;19;11890;20;;;11883.0;0.0
av_COFFEE_d1;22100;ASH_COATED_OSMIUM;9927;6;9925;22;;;9935;15;9937;14;;;9931.0;0.0
av_COFFEE_d1;22100;INTARIAN_PEPPER_ROOT;11880;17;11878;23;;;11890;13;11894;19;;;11885.0;0.0
av_COFFEE_d1;22200;ASH_COATED_OSMIUM;9928;19;9924;18;;;9934;7;9936;21;;;9931.0;0.0
av_COFFEE_d1;22200;INTARIAN_PEPPER_ROOT;11881;14;11878;26;;;11894;19;11897;10;;;11887.5;0.0
av_COFFEE_d1;22300;ASH_COATED_OSMIUM;9924;7;9920;20;;;9939;19;9943;17;;;9931.5;0.0
av_COFFEE_d1;22300;INTARIAN_PEPPER_ROOT;11883;12;11879;30;;;11893;21;11895;23;;;11888.0;0.0
av_COFFEE_d1;22400;ASH_COATED_OSMIUM;9928;15;9925;17;;;9934;17;9938;22;;;9931.0;0.0
av_COFFEE_d1;22400;INTARIAN_PEPPER_ROOT;11885;18;11881;33;;;11898;16;11901;31;;;11891.5;0.0
av_COFFEE_d1;22500;ASH_COATED_OSMIUM;9928;17;9926;26;;;9934;13;9938;18;;;9931.0;0.0
av_COFFEE_d1;22500;INTARIAN_PEPPER_ROOT;11890;15;11886;17;;;11896;11;11898;21;;;11893.0;0.0
av_COFFEE_d1;22600;ASH_COATED_OSMIUM;9928;19;9926;25;;;9934;20;9938;32;;;9931.0;0.0
av_COFFEE_d1;22600;INTARIAN_PEPPER_ROOT;11890;8;11888;28;;;11901;20;11904;24;;;11895.5;0.0
av_COFFEE_d1;22700;ASH_COATED_OSMIUM;9921;19;9917;18;;;9941;10;9944;23;;;9931.0;0.0
av_COFFEE_d1;22700;INTARIAN_PEPPER_ROOT;11895;14;11893;12;;;11901;9;11905;25;;;11898.0;0.0
av_COFFEE_d1;22800;ASH_COATED_OSMIUM;9929;13;9926;26;;;9935;21;9939;22;;;9932.0;0.0
av_COFFEE_d1;22800;INTARIAN_PEPPER_ROOT;11897;20;11895;20;;;11903;13;11906;21;;;11900.0;0.0
av_COFFEE_d1;22900;ASH_COATED_OSMIUM;9921;17;9919;29;;;9942;17;9944;20;;;9931.5;0.0
av_COFFEE_d1;22900;INTARIAN_PEPPER_ROOT;11899;18;11897;22;;;11905;11;11909;18;;;11902.0;0.0
av_COFFEE_d1;23000;ASH_COATED_OSMIUM;9918;21;9915;16;;;9943;16;9945;14;;;9930.5;0.0
av_COFFEE_d1;23000;INTARIAN_PEPPER_ROOT;11901;15;11897;12;;;11907;24;11911;27;;;11904.0;0.0
av_COFFEE_d1;23100;ASH_COATED_OSMIUM;9928;12;9926;21;;;9934;11;9937;11;;;9931.0;0.0
av_COFFEE_d1;23100;INTARIAN_PEPPER_ROOT;11903;9;11901;20;;;11909;10;11913;14;;;11906.0;0.0
av_COFFEE_d1;23200;ASH_COATED_OSMIUM;9921;28;9918;27;;;9943;19;9945;9;;;9932.0;0.0
av_COFFEE_d1;23200;INTARIAN_PEPPER_ROOT;11904;11;11901;17;;;11910;13;11913;24;;;11907.0;0.0
av_COFFEE_d1;23300;ASH_COATED_OSMIUM;9927;10;9924;17;;;9933;8;9935;17;;;9930.0;0.0
av_COFFEE_d1;23300;INTARIAN_PEPPER_ROOT;11907;11;11903;15;;;11913;13;11915;15;;;11910.0;0.0
av_COFFEE_d1;23400;ASH_COATED_OSMIUM;9926;17;9924;18;;;9936;14;9940;23;;;9931.0;0.0
av_COFFEE_d1;23400;INTARIAN_PEPPER_ROOT;11909;18;11906;24;;;11915;11;11919;10;;;11912.0;0.0
av_COFFEE_d1;23500;ASH_COATED_OSMIUM;9926;11;9924;16;;;9936;13;9938;24;;;9931.0;0.0
av_COFFEE_d1;23500;INTARIAN_PEPPER_ROOT;11904;13;11901;19;;;11923;15;11926;25;;;11913.5;0.0
av_COFFEE_d1;23600;ASH_COATED_OSMIUM;9928;20;9926;16;;;9934;16;9936;18;;;9931.0;0.0
av_COFFEE_d1;23600;INTARIAN_PEPPER_ROOT;11913;12;11911;23;;;11920;17;11922;22;;;11916.5;0.0
av_COFFEE_d1;23700;ASH_COATED_OSMIUM;9923;18;9921;13;;;9938;20;9942;9;;;9930.5;0.0
av_COFFEE_d1;23700;INTARIAN_PEPPER_ROOT;11916;15;11914;16;;;11922;16;11925;11;;;11919.0;0.0
av_COFFEE_d1;23800;ASH_COATED_OSMIUM;9928;11;9924;17;;;9934;14;9937;21;;;9931.0;0.0
av_COFFEE_d1;23800;INTARIAN_PEPPER_ROOT;11912;22;11909;21;;;11930;13;11932;17;;;11921.0;0.0
av_COFFEE_d1;23900;ASH_COATED_OSMIUM;9928;14;9926;11;;;9934;16;9938;21;;;9931.0;0.0
av_COFFEE_d1;23900;INTARIAN_PEPPER_ROOT;11920;18;11918;30;;;11926;23;11928;25;;;11923.0;0.0
av_COFFEE_d1;24000;ASH_COATED_OSMIUM;9927;8;9924;30;;;9933;18;9937;25;;;9930.0;0.0
av_COFFEE_d1;24000;INTARIAN_PEPPER_ROOT;11921;16;11918;28;;;11927;22;11931;12;;;11924.0;0.0
av_COFFEE_d1;24100;ASH_COATED_OSMIUM;9926;14;9922;29;;;9935;26;9938;17;;;9930.5;0.0
av_COFFEE_d1;24100;INTARIAN_PEPPER_ROOT;11914;14;11910;16;;;11940;7;11942;15;;;11927.0;0.0
av_COFFEE_d1;24200;ASH_COATED_OSMIUM;9925;6;9922;21;;;9936;14;9939;15;;;9930.5;0.0
av_COFFEE_d1;24200;INTARIAN_PEPPER_ROOT;11926;17;11922;14;;;11932;23;11935;27;;;11929.0;0.0
av_COFFEE_d1;24300;ASH_COATED_OSMIUM;9923;14;9919;18;;;9939;7;9942;15;;;9931.0;0.0
av_COFFEE_d1;24300;INTARIAN_PEPPER_ROOT;11928;14;11925;17;;;11934;13;11936;22;;;11931.0;0.0
av_COFFEE_d1;24400;ASH_COATED_OSMIUM;9926;16;9923;18;;;9935;17;9937;8;;;9930.5;0.0
av_COFFEE_d1;24400;INTARIAN_PEPPER_ROOT;11930;15;11928;23;;;11936;15;11940;14;;;11933.0;0.0
av_COFFEE_d1;24500;ASH_COATED_OSMIUM;9927;21;9923;23;;;9933;13;9937;23;;;9930.0;0.0
av_COFFEE_d1;24500;INTARIAN_PEPPER_ROOT;11932;16;11930;19;;;11938;11;11941;26;;;11935.0;0.0
av_COFFEE_d1;24600;ASH_COATED_OSMIUM;9928;18;9924;16;;;9934;14;9937;33;;;9931.0;0.0
av_COFFEE_d1;24600;INTARIAN_PEPPER_ROOT;11927;10;11924;11;;;11948;11;11951;19;;;11937.5;0.0
av_COFFEE_d1;24700;ASH_COATED_OSMIUM;9925;10;9922;17;;;9935;14;9938;13;;;9930.0;0.0
av_COFFEE_d1;24700;INTARIAN_PEPPER_ROOT;11937;15;11933;14;;;11943;10;11946;18;;;11940.0;0.0
av_COFFEE_d1;24800;ASH_COATED_OSMIUM;9923;19;9919;25;;;9938;11;9942;18;;;9930.5;0.0
av_COFFEE_d1;24800;INTARIAN_PEPPER_ROOT;11939;19;11937;25;;;11945;15;11949;28;;;11942.0;0.0
av_COFFEE_d1;24900;ASH_COATED_OSMIUM;9928;13;9925;16;;;9934;12;9936;17;;;9931.0;0.0
av_COFFEE_d1;24900;INTARIAN_PEPPER_ROOT;11941;24;11937;16;;;11947;18;11949;23;;;11944.0;0.0
av_COFFEE_d1;25000;ASH_COATED_OSMIUM;9927;24;9924;21;;;9935;24;9937;21;;;9931.0;0.0
av_COFFEE_d1;25000;INTARIAN_PEPPER_ROOT;11943;18;11939;16;;;11949;11;11952;29;;;11946.0;0.0
av_COFFEE_d1;25100;ASH_COATED_OSMIUM;9925;23;9922;20;;;9937;10;9941;25;;;9931.0;0.0
av_COFFEE_d1;25100;INTARIAN_PEPPER_ROOT;11938;12;11935;17;;;11960;9;11964;16;;;11949.0;0.0
av_COFFEE_d1;25200;ASH_COATED_OSMIUM;9927;17;9924;13;;;9933;14;9936;18;;;9930.0;0.0
av_COFFEE_d1;25200;INTARIAN_PEPPER_ROOT;11945;11;11942;20;;;11958;14;11960;19;;;11951.5;0.0
av_COFFEE_d1;25300;ASH_COATED_OSMIUM;9927;19;9923;23;;;9933;9;9937;19;;;9930.0;0.0
av_COFFEE_d1;25300;INTARIAN_PEPPER_ROOT;11950;12;11946;23;;;11956;18;11958;15;;;11953.0;0.0
av_COFFEE_d1;25400;ASH_COATED_OSMIUM;9927;17;9924;22;;;9934;6;9936;10;;;9930.5;0.0
av_COFFEE_d1;25400;INTARIAN_PEPPER_ROOT;11952;18;11950;22;;;11958;16;11962;8;;;11955.0;0.0
av_COFFEE_d1;25500;ASH_COATED_OSMIUM;9927;9;9924;17;;;9933;10;9937;17;;;9930.0;0.0
av_COFFEE_d1;25500;INTARIAN_PEPPER_ROOT;11954;14;11950;12;;;11960;13;11964;22;;;11957.0;0.0
av_COFFEE_d1;25600;ASH_COATED_OSMIUM;9919;14;9917;21;;;9942;8;9946;23;;;9930.5;0.0
av_COFFEE_d1;25600;INTARIAN_PEPPER_ROOT;11950;22;11946;16;;;11969;17;11973;21;;;11959.5;0.0
av_COFFEE_d1;25700;ASH_COATED_OSMIUM;9927;19;9924;21;;;9933;21;9936;22;;;9930.0;0.0
av_COFFEE_d1;25700;INTARIAN_PEPPER_ROOT;11957;16;11954;26;;;11963;10;11965;17;;;11960.0;0.0
av_COFFEE_d1;25800;ASH_COATED_OSMIUM;9927;15;9925;11;;;9933;15;9936;25;;;9930.0;0.0
av_COFFEE_d1;25800;INTARIAN_PEPPER_ROOT;11960;16;11956;23;;;11966;14;11968;12;;;11963.0;0.0
av_COFFEE_d1;25900;ASH_COATED_OSMIUM;9927;9;9925;21;;;9933;12;9936;23;;;9930.0;0.0
av_COFFEE_d1;25900;INTARIAN_PEPPER_ROOT;11961;23;11958;26;;;11971;15;11975;24;;;11966.0;0.0
av_COFFEE_d1;26000;ASH_COATED_OSMIUM;9927;11;9925;17;;;9934;12;9937;21;;;9930.5;0.0
av_COFFEE_d1;26000;INTARIAN_PEPPER_ROOT;11964;26;11962;19;;;11970;13;11972;23;;;11967.0;0.0
av_COFFEE_d1;26100;ASH_COATED_OSMIUM;9927;19;9923;13;;;9933;21;9937;27;;;9930.0;0.0
av_COFFEE_d1;26100;INTARIAN_PEPPER_ROOT;11966;7;11963;31;;;11972;13;11974;18;;;11969.0;0.0
av_COFFEE_d1;26200;ASH_COATED_OSMIUM;9927;11;9923;22;;;9933;25;9935;17;;;9930.0;0.0
av_COFFEE_d1;26200;INTARIAN_PEPPER_ROOT;11968;14;11966;8;;;11975;20;11978;16;;;11971.5;0.0
av_COFFEE_d1;26300;ASH_COATED_OSMIUM;9927;16;9923;23;;;9934;7;9937;21;;;9930.5;0.0
av_COFFEE_d1;26300;INTARIAN_PEPPER_ROOT;11969;5;11966;30;;;11979;9;11981;20;;;11974.0;0.0
av_COFFEE_d1;26400;ASH_COATED_OSMIUM;9927;16;9923;14;;;9933;5;9936;29;;;9930.0;0.0
av_COFFEE_d1;26400;INTARIAN_PEPPER_ROOT;11972;13;11970;25;;;11978;12;11982;23;;;11975.0;0.0
av_COFFEE_d1;26500;ASH_COATED_OSMIUM;9927;15;9925;19;;;9933;16;9935;17;;;9930.0;0.0
av_COFFEE_d1;26500;INTARIAN_PEPPER_ROOT;11975;21;11973;23;;;11981;9;11984;16;;;11978.0;0.0
av_COFFEE_d1;26600;ASH_COATED_OSMIUM;9928;22;9924;20;;;9934;6;9938;16;;;9931.0;0.0
av_COFFEE_d1;26600;INTARIAN_PEPPER_ROOT;11976;15;11972;21;;;11985;22;11987;25;;;11980.5;0.0
av_COFFEE_d1;26700;ASH_COATED_OSMIUM;9927;13;9923;22;;;9933;14;9935;12;;;9930.0;0.0
av_COFFEE_d1;26700;INTARIAN_PEPPER_ROOT;11979;17;11976;21;;;11985;21;11988;11;;;11982.0;0.0
av_COFFEE_d1;26800;ASH_COATED_OSMIUM;9927;12;9924;21;;;9933;21;9935;23;;;9930.0;0.0
av_COFFEE_d1;26800;INTARIAN_PEPPER_ROOT;11981;20;11977;24;;;11987;16;11989;16;;;11984.0;0.0
av_COFFEE_d1;26900;ASH_COATED_OSMIUM;9923;15;9921;17;;;9938;11;9942;17;;;9930.5;0.0
av_COFFEE_d1;26900;INTARIAN_PEPPER_ROOT;11981;11;11978;26;;;11993;5;11995;20;;;11987.0;0.0
av_COFFEE_d1;27000;ASH_COATED_OSMIUM;9922;19;9920;25;;;9937;12;9939;15;;;9929.5;0.0
av_COFFEE_d1;27000;INTARIAN_PEPPER_ROOT;11986;25;11984;12;;;11992;21;11996;25;;;11989.0;0.0
av_COFFEE_d1;27100;ASH_COATED_OSMIUM;9927;17;9925;16;;;9933;14;9935;19;;;9930.0;0.0
av_COFFEE_d1;27100;INTARIAN_PEPPER_ROOT;11986;11;11983;29;;;11997;12;12001;12;;;11991.5;0.0
av_COFFEE_d1;27200;ASH_COATED_OSMIUM;9927;13;9924;23;;;9933;24;9937;18;;;9930.0;0.0
av_COFFEE_d1;27200;INTARIAN_PEPPER_ROOT;11987;18;11984;16;;;11998;9;12001;16;;;11992.5;0.0
av_COFFEE_d1;27300;ASH_COATED_OSMIUM;9925;20;9923;25;;;9934;14;9938;25;;;9929.5;0.0
av_COFFEE_d1;27300;INTARIAN_PEPPER_ROOT;11992;14;11989;15;;;11998;15;12000;19;;;11995.0;0.0
av_COFFEE_d1;27400;ASH_COATED_OSMIUM;9927;17;9923;14;;;9933;22;9936;10;;;9930.0;0.0
av_COFFEE_d1;27400;INTARIAN_PEPPER_ROOT;11992;12;11988;27;;;12002;16;12005;22;;;11997.0;0.0
av_COFFEE_d1;27500;ASH_COATED_OSMIUM;9919;5;9915;18;;;9941;17;9943;12;;;9930.0;0.0
av_COFFEE_d1;27500;INTARIAN_PEPPER_ROOT;11993;14;11991;14;;;12004;19;12006;18;;;11998.5;0.0
av_COFFEE_d1;27600;ASH_COATED_OSMIUM;9927;13;9924;20;;;9933;20;9935;25;;;9930.0;0.0
av_COFFEE_d1;27600;INTARIAN_PEPPER_ROOT;11998;13;11995;18;;;12004;12;12006;18;;;12001.0;0.0
av_COFFEE_d1;27700;ASH_COATED_OSMIUM;9926;14;9922;20;;;9932;11;9936;28;;;9929.0;0.0
av_COFFEE_d1;27700;INTARIAN_PEPPER_ROOT;11997;17;11994;11;;;12009;16;12012;18;;;12003.0;0.0
av_COFFEE_d1;27800;ASH_COATED_OSMIUM;9927;16;9925;13;;;9933;5;9937;13;;;9930.0;0.0
av_COFFEE_d1;27800;INTARIAN_PEPPER_ROOT;11993;15;11990;14;;;12018;21;12020;24;;;12005.5;0.0
av_COFFEE_d1;27900;ASH_COATED_OSMIUM;9926;19;9922;18;;;9932;5;9936;21;;;9929.0;0.0
av_COFFEE_d1;27900;INTARIAN_PEPPER_ROOT;11996;20;11992;19;;;12019;19;12023;15;;;12007.5;0.0
av_COFFEE_d1;28000;ASH_COATED_OSMIUM;9926;15;9922;16;;;9932;12;9934;25;;;9929.0;0.0
av_COFFEE_d1;28000;INTARIAN_PEPPER_ROOT;12002;8;11999;21;;;12019;16;12021;22;;;12010.5;0.0
av_COFFEE_d1;28100;ASH_COATED_OSMIUM;9927;10;9924;30;;;9933;7;9936;20;;;9930.0;0.0
av_COFFEE_d1;28100;INTARIAN_PEPPER_ROOT;12009;16;12007;19;;;12015;15;12017;14;;;12012.0;0.0
av_COFFEE_d1;28200;ASH_COATED_OSMIUM;9926;11;9924;20;;;9932;15;9936;24;;;9929.0;0.0
av_COFFEE_d1;28200;INTARIAN_PEPPER_ROOT;12011;17;12008;21;;;12017;5;12020;22;;;12014.0;0.0
av_COFFEE_d1;28300;ASH_COATED_OSMIUM;9926;23;9922;28;;;9932;12;9935;13;;;9929.0;0.0
av_COFFEE_d1;28300;INTARIAN_PEPPER_ROOT;12013;14;12010;15;;;12019;13;12022;26;;;12016.0;0.0
av_COFFEE_d1;28400;ASH_COATED_OSMIUM;9923;16;9919;20;;;9937;12;9941;11;;;9930.0;0.0
av_COFFEE_d1;28400;INTARIAN_PEPPER_ROOT;12007;12;12003;24;;;12029;19;12033;17;;;12018.0;0.0
av_COFFEE_d1;28500;ASH_COATED_OSMIUM;9916;17;9913;22;;;9943;16;9947;26;;;9929.5;0.0
av_COFFEE_d1;28500;INTARIAN_PEPPER_ROOT;12018;14;12014;23;;;12024;23;12027;14;;;12021.0;0.0
av_COFFEE_d1;28600;ASH_COATED_OSMIUM;9923;17;9921;21;;;9936;8;9938;20;;;9929.5;0.0
av_COFFEE_d1;28600;INTARIAN_PEPPER_ROOT;12020;19;12017;14;;;12026;13;12029;16;;;12023.0;0.0
av_COFFEE_d1;28700;ASH_COATED_OSMIUM;9926;18;9922;14;;;9934;10;9936;25;;;9930.0;0.0
av_COFFEE_d1;28700;INTARIAN_PEPPER_ROOT;12014;6;12012;18;;;12035;13;12039;18;;;12024.5;0.0
av_COFFEE_d1;28800;ASH_COATED_OSMIUM;9926;6;9924;15;;;9932;14;9935;20;;;9929.0;0.0
av_COFFEE_d1;28800;INTARIAN_PEPPER_ROOT;12019;20;12015;22;;;12036;15;12039;17;;;12027.5;0.0
av_COFFEE_d1;28900;ASH_COATED_OSMIUM;9927;7;9925;20;;;9933;23;9935;17;;;9930.0;0.0
av_COFFEE_d1;28900;INTARIAN_PEPPER_ROOT;12027;15;12023;23;;;12033;11;12035;19;;;12030.0;0.0
av_COFFEE_d1;29000;ASH_COATED_OSMIUM;9916;5;9912;11;;;9943;10;9945;26;;;9929.5;0.0
av_COFFEE_d1;29000;INTARIAN_PEPPER_ROOT;12022;17;12020;13;;;12040;17;12042;33;;;12031.0;0.0
av_COFFEE_d1;29100;ASH_COATED_OSMIUM;9913;18;9911;15;;;9946;15;9950;20;;;9929.5;0.0
av_COFFEE_d1;29100;INTARIAN_PEPPER_ROOT;12031;11;12029;18;;;12037;12;12041;20;;;12034.0;0.0
av_COFFEE_d1;29200;ASH_COATED_OSMIUM;9926;18;9923;23;;;9932;8;9936;19;;;9929.0;0.0
av_COFFEE_d1;29200;INTARIAN_PEPPER_ROOT;12030;21;12027;14;;;12040;8;12043;17;;;12035.0;0.0
av_COFFEE_d1;29300;ASH_COATED_OSMIUM;9925;17;9921;26;;;9935;19;9938;12;;;9930.0;0.0
av_COFFEE_d1;29300;INTARIAN_PEPPER_ROOT;12034;17;12032;24;;;12040;22;12042;20;;;12037.0;0.0
av_COFFEE_d1;29400;ASH_COATED_OSMIUM;9926;22;9924;16;;;9932;12;9934;20;;;9929.0;0.0
av_COFFEE_d1;29400;INTARIAN_PEPPER_ROOT;12023;14;12020;16;;;12057;15;12059;16;;;12040.0;0.0
av_COFFEE_d1;29500;ASH_COATED_OSMIUM;9926;12;9922;13;;;9932;7;9935;13;;;9929.0;0.0
av_COFFEE_d1;29500;INTARIAN_PEPPER_ROOT;12034;8;12031;18;;;12050;14;12053;16;;;12042.0;0.0
av_COFFEE_d1;29600;ASH_COATED_OSMIUM;9927;11;9924;18;;;9933;12;9936;11;;;9930.0;0.0
av_COFFEE_d1;29600;INTARIAN_PEPPER_ROOT;12037;12;12035;21;;;12050;18;12053;8;;;12043.5;0.0
av_COFFEE_d1;29700;ASH_COATED_OSMIUM;9926;12;9922;14;;;9932;13;9934;21;;;9929.0;0.0
av_COFFEE_d1;29700;INTARIAN_PEPPER_ROOT;12043;15;12039;13;;;12049;14;12051;23;;;12046.0;0.0
av_COFFEE_d1;29800;ASH_COATED_OSMIUM;9920;25;9917;13;;;9939;5;9943;29;;;9929.5;0.0
av_COFFEE_d1;29800;INTARIAN_PEPPER_ROOT;12046;29;12042;13;;;12052;22;12055;12;;;12049.0;0.0
av_COFFEE_d1;29900;ASH_COATED_OSMIUM;9926;17;9924;14;;;9932;11;9934;19;;;9929.0;0.0
av_COFFEE_d1;29900;INTARIAN_PEPPER_ROOT;12047;14;12044;21;;;12053;15;12056;17;;;12050.0;0.0
av_COFFEE_d1;30000;ASH_COATED_OSMIUM;9926;15;9924;20;;;9932;10;9935;23;;;9929.0;0.0
av_COFFEE_d1;30000;INTARIAN_PEPPER_ROOT;12050;19;12046;21;;;12056;14;12060;24;;;12053.0;0.0
av_COFFEE_d1;30100;ASH_COATED_OSMIUM;9926;7;9923;27;;;9932;17;9935;21;;;9929.0;0.0
av_COFFEE_d1;30100;INTARIAN_PEPPER_ROOT;12052;19;12048;16;;;12058;12;12060;20;;;12055.0;0.0
av_COFFEE_d1;30200;ASH_COATED_OSMIUM;9925;14;9923;14;;;9933;11;9935;15;;;9929.0;0.0
av_COFFEE_d1;30200;INTARIAN_PEPPER_ROOT;12054;11;12050;20;;;12060;8;12062;8;;;12057.0;0.0
av_COFFEE_d1;30300;ASH_COATED_OSMIUM;9921;17;9919;17;;;9937;12;9941;11;;;9929.0;0.0
av_COFFEE_d1;30300;INTARIAN_PEPPER_ROOT;12056;12;12054;23;;;12062;19;12066;18;;;12059.0;0.0
av_COFFEE_d1;30400;ASH_COATED_OSMIUM;9926;21;9924;19;;;9932;24;9935;18;;;9929.0;0.0
av_COFFEE_d1;30400;INTARIAN_PEPPER_ROOT;12058;17;12054;19;;;12064;5;12066;21;;;12061.0;0.0
av_COFFEE_d1;30500;ASH_COATED_OSMIUM;9926;20;9924;12;;;9933;23;9936;27;;;9929.5;0.0
av_COFFEE_d1;30500;INTARIAN_PEPPER_ROOT;12057;23;12055;23;;;12070;19;12072;9;;;12063.5;0.0
av_COFFEE_d1;30600;ASH_COATED_OSMIUM;9926;13;9924;13;;;9932;22;9936;19;;;9929.0;0.0
av_COFFEE_d1;30600;INTARIAN_PEPPER_ROOT;12062;5;12059;25;;;12068;5;12071;19;;;12065.0;0.0
av_COFFEE_d1;30700;ASH_COATED_OSMIUM;9926;5;9924;21;;;9932;12;9935;10;;;9929.0;0.0
av_COFFEE_d1;30700;INTARIAN_PEPPER_ROOT;12064;18;12060;17;;;12070;16;12072;18;;;12067.0;0.0
av_COFFEE_d1;30800;ASH_COATED_OSMIUM;9924;14;9922;20;;;9935;13;9937;9;;;9929.5;0.0
av_COFFEE_d1;30800;INTARIAN_PEPPER_ROOT;12063;17;12061;20;;;12075;18;12079;21;;;12069.0;0.0
av_COFFEE_d1;30900;ASH_COATED_OSMIUM;9925;18;9922;24;;;9933;18;9935;28;;;9929.0;0.0
av_COFFEE_d1;30900;INTARIAN_PEPPER_ROOT;12069;7;12067;18;;;12075;14;12078;22;;;12072.0;0.0
av_COFFEE_d1;31000;ASH_COATED_OSMIUM;9925;6;9922;27;;;9933;21;9936;22;;;9929.0;0.0
av_COFFEE_d1;31000;INTARIAN_PEPPER_ROOT;12069;19;12065;19;;;12078;17;12080;24;;;12073.5;0.0
av_COFFEE_d1;31100;ASH_COATED_OSMIUM;9926;18;9923;19;;;9932;10;9936;16;;;9929.0;0.0
av_COFFEE_d1;31100;INTARIAN_PEPPER_ROOT;12073;11;12070;17;;;12079;12;12082;13;;;12076.0;0.0
av_COFFEE_d1;31200;ASH_COATED_OSMIUM;9926;26;9923;9;;;9932;14;9936;15;;;9929.0;0.0
av_COFFEE_d1;31200;INTARIAN_PEPPER_ROOT;12075;19;12072;19;;;12081;12;12083;29;;;12078.0;0.0
av_COFFEE_d1;31300;ASH_COATED_OSMIUM;9911;13;9908;20;;;9945;10;9949;20;;;9928.0;0.0
av_COFFEE_d1;31300;INTARIAN_PEPPER_ROOT;12077;9;12075;18;;;12083;18;12086;23;;;12080.0;0.0
av_COFFEE_d1;31400;ASH_COATED_OSMIUM;9926;15;9922;17;;;9932;14;9936;17;;;9929.0;0.0
av_COFFEE_d1;31400;INTARIAN_PEPPER_ROOT;12079;17;12077;22;;;12085;14;12088;9;;;12082.0;0.0
av_COFFEE_d1;31500;ASH_COATED_OSMIUM;9922;5;9918;18;;;9936;10;9940;23;;;9929.0;0.0
av_COFFEE_d1;31500;INTARIAN_PEPPER_ROOT;12082;12;12080;11;;;12089;19;12091;16;;;12085.5;0.0
av_COFFEE_d1;31600;ASH_COATED_OSMIUM;9925;16;9922;22;;;9932;19;9936;17;;;9928.5;0.0
av_COFFEE_d1;31600;INTARIAN_PEPPER_ROOT;12083;12;12080;8;;;12089;11;12092;20;;;12086.0;0.0
av_COFFEE_d1;31700;ASH_COATED_OSMIUM;9926;11;9922;18;;;9932;8;9935;17;;;9929.0;0.0
av_COFFEE_d1;31700;INTARIAN_PEPPER_ROOT;12085;11;12083;21;;;12091;25;12095;11;;;12088.0;0.0
av_COFFEE_d1;31800;ASH_COATED_OSMIUM;9921;21;9917;21;;;9937;16;9939;19;;;9929.0;0.0
av_COFFEE_d1;31800;INTARIAN_PEPPER_ROOT;12078;12;12075;15;;;12104;16;12107;22;;;12091.0;0.0
av_COFFEE_d1;31900;ASH_COATED_OSMIUM;9925;11;9923;20;;;9932;27;9935;19;;;9928.5;0.0
av_COFFEE_d1;31900;INTARIAN_PEPPER_ROOT;12089;16;12086;17;;;12095;17;12099;24;;;12092.0;0.0
av_COFFEE_d1;32000;ASH_COATED_OSMIUM;9925;17;9923;20;;;9933;11;9936;26;;;9929.0;0.0
av_COFFEE_d1;32000;INTARIAN_PEPPER_ROOT;12092;18;12088;18;;;12098;25;12101;11;;;12095.0;0.0
av_COFFEE_d1;32100;ASH_COATED_OSMIUM;9926;11;9924;22;;;9932;23;9935;19;;;9929.0;0.0
av_COFFEE_d1;32100;INTARIAN_PEPPER_ROOT;12091;24;12087;27;;;12105;24;12108;12;;;12098.0;0.0
av_COFFEE_d1;32200;ASH_COATED_OSMIUM;9924;5;9920;25;;;9935;16;9939;17;;;9929.5;0.0
av_COFFEE_d1;32200;INTARIAN_PEPPER_ROOT;12097;13;12093;22;;;12103;15;12105;20;;;12100.0;0.0
av_COFFEE_d1;32300;ASH_COATED_OSMIUM;9916;16;9913;28;;;9942;8;9945;13;;;9929.0;0.0
av_COFFEE_d1;32300;INTARIAN_PEPPER_ROOT;12095;12;12091;17;;;12107;16;12110;32;;;12101.0;0.0
av_COFFEE_d1;32400;ASH_COATED_OSMIUM;9919;20;9915;24;;;9939;10;9942;18;;;9929.0;0.0
av_COFFEE_d1;32400;INTARIAN_PEPPER_ROOT;12101;14;12099;12;;;12107;22;12111;15;;;12104.0;0.0
av_COFFEE_d1;32500;ASH_COATED_OSMIUM;9925;15;9923;11;;;9932;12;9934;8;;;9928.5;0.0
av_COFFEE_d1;32500;INTARIAN_PEPPER_ROOT;12103;18;12099;19;;;12109;11;12113;27;;;12106.0;0.0
av_COFFEE_d1;32600;ASH_COATED_OSMIUM;9925;19;9922;25;;;9933;8;9936;15;;;9929.0;0.0
av_COFFEE_d1;32600;INTARIAN_PEPPER_ROOT;12105;9;12103;21;;;12111;7;12113;16;;;12108.0;0.0
av_COFFEE_d1;32700;ASH_COATED_OSMIUM;9925;22;9923;25;;;9931;15;9935;19;;;9928.0;0.0
av_COFFEE_d1;32700;INTARIAN_PEPPER_ROOT;12107;9;12105;20;;;12113;16;12115;19;;;12110.0;0.0
av_COFFEE_d1;32800;ASH_COATED_OSMIUM;9925;18;9922;11;;;9931;22;9935;20;;;9928.0;0.0
av_COFFEE_d1;32800;INTARIAN_PEPPER_ROOT;12109;11;12106;26;;;12115;12;12118;18;;;12112.0;0.0
av_COFFEE_d1;32900;ASH_COATED_OSMIUM;9925;12;9923;9;;;9931;14;9935;27;;;9928.0;0.0
av_COFFEE_d1;32900;INTARIAN_PEPPER_ROOT;12104;6;12101;11;;;12123;16;12125;18;;;12113.5;0.0
av_COFFEE_d1;33000;ASH_COATED_OSMIUM;9922;15;9920;26;;;9935;16;9937;18;;;9928.5;0.0
av_COFFEE_d1;33000;INTARIAN_PEPPER_ROOT;12106;14;12103;19;;;12125;14;12129;19;;;12115.5;0.0
av_COFFEE_d1;33100;ASH_COATED_OSMIUM;9924;13;9921;26;;;9934;14;9938;10;;;9929.0;0.0
av_COFFEE_d1;33100;INTARIAN_PEPPER_ROOT;12113;16;12109;25;;;12124;17;12126;12;;;12118.5;0.0
av_COFFEE_d1;33200;ASH_COATED_OSMIUM;9925;13;9921;27;;;9932;22;9934;24;;;9928.5;0.0
av_COFFEE_d1;33200;INTARIAN_PEPPER_ROOT;12118;11;12115;16;;;12124;16;12128;24;;;12121.0;0.0
av_COFFEE_d1;33300;ASH_COATED_OSMIUM;9925;13;9921;18;;;9931;17;9933;13;;;9928.0;0.0
av_COFFEE_d1;33300;INTARIAN_PEPPER_ROOT;12119;21;12117;13;;;12125;13;12129;28;;;12122.0;0.0
av_COFFEE_d1;33400;ASH_COATED_OSMIUM;9925;14;9922;29;;;9931;15;9933;23;;;9928.0;0.0
av_COFFEE_d1;33400;INTARIAN_PEPPER_ROOT;12121;14;12118;22;;;12127;15;12131;21;;;12124.0;0.0
av_COFFEE_d1;33500;ASH_COATED_OSMIUM;9920;11;9917;17;;;9936;14;9938;25;;;9928.0;0.0
av_COFFEE_d1;33500;INTARIAN_PEPPER_ROOT;12124;12;12122;22;;;12130;20;12132;22;;;12127.0;0.0
av_COFFEE_d1;33600;ASH_COATED_OSMIUM;9914;17;9911;17;;;9942;17;9945;21;;;9928.0;0.0
av_COFFEE_d1;33600;INTARIAN_PEPPER_ROOT;12126;10;12123;27;;;12132;17;12136;19;;;12129.0;0.0
av_COFFEE_d1;33700;ASH_COATED_OSMIUM;9925;12;9923;25;;;9931;8;9933;22;;;9928.0;0.0
av_COFFEE_d1;33700;INTARIAN_PEPPER_ROOT;12128;20;12124;22;;;12135;20;12137;22;;;12131.5;0.0
av_COFFEE_d1;33800;ASH_COATED_OSMIUM;9926;20;9924;19;;;9932;19;9935;23;;;9929.0;0.0
av_COFFEE_d1;33800;INTARIAN_PEPPER_ROOT;12131;11;12127;21;;;12137;5;12141;19;;;12134.0;0.0
av_COFFEE_d1;33900;ASH_COATED_OSMIUM;9926;15;9922;19;;;9932;14;9935;24;;;9929.0;0.0
av_COFFEE_d1;33900;INTARIAN_PEPPER_ROOT;12127;12;12125;30;;;12143;13;12146;21;;;12135.0;0.0
av_COFFEE_d1;34000;ASH_COATED_OSMIUM;9925;19;9922;18;;;9931;13;9934;16;;;9928.0;0.0
av_COFFEE_d1;34000;INTARIAN_PEPPER_ROOT;12131;14;12129;15;;;12137;16;12140;25;;;12134.0;0.0
av_COFFEE_d1;34100;ASH_COATED_OSMIUM;9925;21;9922;21;;;9931;14;9934;16;;;9928.0;0.0
av_COFFEE_d1;34100;INTARIAN_PEPPER_ROOT;12130;5;12126;19;;;12136;24;12138;19;;;12133.0;0.0
av_COFFEE_d1;34200;ASH_COATED_OSMIUM;9926;16;9924;21;;;9932;12;9934;23;;;9929.0;0.0
av_COFFEE_d1;34200;INTARIAN_PEPPER_ROOT;12128;9;12126;13;;;12134;19;12137;26;;;12131.0;0.0
av_COFFEE_d1;34300;ASH_COATED_OSMIUM;9919;16;9916;16;;;9938;14;9942;19;;;9928.5;0.0
av_COFFEE_d1;34300;INTARIAN_PEPPER_ROOT;12127;15;12125;23;;;12133;19;12137;17;;;12130.0;0.0
av_COFFEE_d1;34400;ASH_COATED_OSMIUM;9926;17;9924;17;;;9932;20;9934;12;;;9929.0;0.0
av_COFFEE_d1;34400;INTARIAN_PEPPER_ROOT;12118;5;12114;22;;;12141;17;12145;17;;;12129.5;0.0
av_COFFEE_d1;34500;ASH_COATED_OSMIUM;9926;13;9924;9;;;9932;13;9935;25;;;9929.0;0.0
av_COFFEE_d1;34500;INTARIAN_PEPPER_ROOT;12124;7;12121;24;;;12133;20;12137;17;;;12128.5;0.0
av_COFFEE_d1;34600;ASH_COATED_OSMIUM;9917;12;9915;18;;;9940;18;9944;15;;;9928.5;0.0
av_COFFEE_d1;34600;INTARIAN_PEPPER_ROOT;12123;11;12121;19;;;12129;15;12132;28;;;12126.0;0.0
av_COFFEE_d1;34700;ASH_COATED_OSMIUM;9920;13;9916;8;;;9938;11;9942;14;;;9929.0;0.0
av_COFFEE_d1;34700;INTARIAN_PEPPER_ROOT;12122;18;12118;19;;;12128;12;12130;16;;;12125.0;0.0
av_COFFEE_d1;34800;ASH_COATED_OSMIUM;9913;16;9910;14;;;9944;17;9948;26;;;9928.5;0.0
av_COFFEE_d1;34800;INTARIAN_PEPPER_ROOT;12116;6;12113;21;;;12131;6;12135;25;;;12123.5;0.0
av_COFFEE_d1;34900;ASH_COATED_OSMIUM;9926;15;9924;14;;;9932;9;9936;20;;;9929.0;0.0
av_COFFEE_d1;34900;INTARIAN_PEPPER_ROOT;12119;17;12117;16;;;12125;24;12127;15;;;12122.0;0.0
av_COFFEE_d1;35000;ASH_COATED_OSMIUM;9925;24;9922;15;;;9933;13;9937;28;;;9929.0;0.0
av_COFFEE_d1;35000;INTARIAN_PEPPER_ROOT;12119;15;12115;17;;;12125;24;12129;19;;;12122.0;0.0
av_COFFEE_d1;35100;ASH_COATED_OSMIUM;9926;8;9924;11;;;9932;15;9934;17;;;9929.0;0.0
av_COFFEE_d1;35100;INTARIAN_PEPPER_ROOT;12107;16;12105;23;;;12134;13;12138;15;;;12120.5;0.0
av_COFFEE_d1;35200;ASH_COATED_OSMIUM;9926;8;9923;23;;;9932;22;9935;15;;;9929.0;0.0
av_COFFEE_d1;35200;INTARIAN_PEPPER_ROOT;12112;9;12109;28;;;12126;5;12129;16;;;12119.0;0.0
av_COFFEE_d1;35300;ASH_COATED_OSMIUM;9926;12;9923;25;;;9932;11;9936;13;;;9929.0;0.0
av_COFFEE_d1;35300;INTARIAN_PEPPER_ROOT;12115;8;12112;27;;;12121;16;12125;25;;;12118.0;0.0
av_COFFEE_d1;35400;ASH_COATED_OSMIUM;9926;10;9923;21;;;9932;16;9935;27;;;9929.0;0.0
av_COFFEE_d1;35400;INTARIAN_PEPPER_ROOT;12114;18;12111;28;;;12120;5;12122;13;;;12117.0;0.0
av_COFFEE_d1;35500;ASH_COATED_OSMIUM;9926;12;9924;15;;;9932;10;9934;22;;;9929.0;0.0
av_COFFEE_d1;35500;INTARIAN_PEPPER_ROOT;12113;18;12109;19;;;12119;14;12123;18;;;12116.0;0.0
av_COFFEE_d1;35600;ASH_COATED_OSMIUM;9926;11;9923;13;;;9932;23;9934;14;;;9929.0;0.0
av_COFFEE_d1;35600;INTARIAN_PEPPER_ROOT;12111;14;12107;16;;;12117;17;12121;19;;;12114.0;0.0
av_COFFEE_d1;35700;ASH_COATED_OSMIUM;9926;22;9922;19;;;9932;16;9935;20;;;9929.0;0.0
av_COFFEE_d1;35700;INTARIAN_PEPPER_ROOT;12110;6;12107;12;;;12116;22;12120;25;;;12113.0;0.0
av_COFFEE_d1;35800;ASH_COATED_OSMIUM;9926;15;9923;16;;;9933;12;9937;26;;;9929.5;0.0
av_COFFEE_d1;35800;INTARIAN_PEPPER_ROOT;12107;22;12104;16;;;12116;5;12118;16;;;12111.5;0.0
av_COFFEE_d1;35900;ASH_COATED_OSMIUM;9926;19;9922;29;;;9932;20;9936;23;;;9929.0;0.0
av_COFFEE_d1;35900;INTARIAN_PEPPER_ROOT;12094;18;12091;20;;;12127;9;12130;19;;;12110.5;0.0
av_COFFEE_d1;36000;ASH_COATED_OSMIUM;9925;9;9922;20;;;9934;23;9937;20;;;9929.5;0.0
av_COFFEE_d1;36000;INTARIAN_PEPPER_ROOT;12106;17;12102;27;;;12112;15;12115;16;;;12109.0;0.0
av_COFFEE_d1;36100;ASH_COATED_OSMIUM;9926;12;9924;20;;;9932;10;9936;32;;;9929.0;0.0
av_COFFEE_d1;36100;INTARIAN_PEPPER_ROOT;12104;21;12100;16;;;12112;20;12114;15;;;12108.0;0.0
av_COFFEE_d1;36200;ASH_COATED_OSMIUM;9926;10;9922;11;;;9932;11;9935;24;;;9929.0;0.0
av_COFFEE_d1;36200;INTARIAN_PEPPER_ROOT;12103;16;12101;19;;;12109;14;12111;15;;;12106.0;0.0
av_COFFEE_d1;36300;ASH_COATED_OSMIUM;9927;20;9925;26;;;9933;16;9936;14;;;9930.0;0.0
av_COFFEE_d1;36300;INTARIAN_PEPPER_ROOT;12102;12;12100;25;;;12108;21;12110;22;;;12105.0;0.0
av_COFFEE_d1;36400;ASH_COATED_OSMIUM;9921;19;9917;15;;;9938;16;9940;16;;;9929.5;0.0
av_COFFEE_d1;36400;INTARIAN_PEPPER_ROOT;12102;17;12098;22;;;12108;16;12111;24;;;12105.0;0.0
av_COFFEE_d1;36500;ASH_COATED_OSMIUM;9926;17;9922;20;;;9932;16;9935;14;;;9929.0;0.0
av_COFFEE_d1;36500;INTARIAN_PEPPER_ROOT;12100;15;12098;10;;;12106;13;12109;18;;;12103.0;0.0
av_COFFEE_d1;36600;ASH_COATED_OSMIUM;9926;13;9923;15;;;9932;11;9936;15;;;9929.0;0.0
av_COFFEE_d1;36600;INTARIAN_PEPPER_ROOT;12099;21;12095;26;;;12105;17;12107;19;;;12102.0;0.0
av_COFFEE_d1;36700;ASH_COATED_OSMIUM;9924;12;9920;18;;;9934;15;9936;24;;;9929.0;0.0
av_COFFEE_d1;36700;INTARIAN_PEPPER_ROOT;12097;12;12093;26;;;12104;16;12107;22;;;12100.5;0.0
av_COFFEE_d1;36800;ASH_COATED_OSMIUM;9926;17;9922;21;;;9932;10;9935;19;;;9929.0;0.0
av_COFFEE_d1;36800;INTARIAN_PEPPER_ROOT;12097;9;12094;20;;;12103;16;12107;21;;;12100.0;0.0
av_COFFEE_d1;36900;ASH_COATED_OSMIUM;9926;22;9922;25;;;9932;27;9936;12;;;9929.0;0.0
av_COFFEE_d1;36900;INTARIAN_PEPPER_ROOT;12093;17;12089;26;;;12103;11;12106;15;;;12098.0;0.0
av_COFFEE_d1;37000;ASH_COATED_OSMIUM;9922;12;9918;16;;;9938;16;9941;21;;;9930.0;0.0
av_COFFEE_d1;37000;INTARIAN_PEPPER_ROOT;12094;7;12091;22;;;12100;9;12102;14;;;12097.0;0.0
av_COFFEE_d1;37100;ASH_COATED_OSMIUM;9926;15;9923;17;;;9933;9;9936;25;;;9929.5;0.0
av_COFFEE_d1;37100;INTARIAN_PEPPER_ROOT;12088;14;12085;16;;;12104;12;12108;17;;;12096.0;0.0
av_COFFEE_d1;37200;ASH_COATED_OSMIUM;9926;19;9924;23;;;9934;11;9938;23;;;9930.0;0.0
av_COFFEE_d1;37200;INTARIAN_PEPPER_ROOT;12090;12;12087;23;;;12099;11;12103;22;;;12094.5;0.0
av_COFFEE_d1;37300;ASH_COATED_OSMIUM;9927;8;9923;13;;;9933;14;9936;18;;;9930.0;0.0
av_COFFEE_d1;37300;INTARIAN_PEPPER_ROOT;12090;19;12088;24;;;12096;18;12098;15;;;12093.0;0.0
av_COFFEE_d1;37400;ASH_COATED_OSMIUM;9927;12;9925;20;;;9933;10;9935;16;;;9930.0;0.0
av_COFFEE_d1;37400;INTARIAN_PEPPER_ROOT;12089;9;12085;12;;;12095;14;12098;19;;;12092.0;0.0
av_COFFEE_d1;37500;ASH_COATED_OSMIUM;9927;16;9925;21;;;9933;13;9937;20;;;9930.0;0.0
av_COFFEE_d1;37500;INTARIAN_PEPPER_ROOT;12088;10;12086;18;;;12094;18;12096;18;;;12091.0;0.0
av_COFFEE_d1;37600;ASH_COATED_OSMIUM;9924;11;9921;18;;;9934;12;9937;20;;;9929.0;0.0
av_COFFEE_d1;37600;INTARIAN_PEPPER_ROOT;12086;10;12083;22;;;12092;13;12096;18;;;12089.0;0.0
av_COFFEE_d1;37700;ASH_COATED_OSMIUM;9927;27;9924;19;;;9933;15;9936;20;;;9930.0;0.0
av_COFFEE_d1;37700;INTARIAN_PEPPER_ROOT;12085;16;12081;28;;;12091;18;12095;22;;;12088.0;0.0
av_COFFEE_d1;37800;ASH_COATED_OSMIUM;9927;16;9925;17;;;9933;19;9937;21;;;9930.0;0.0
av_COFFEE_d1;37800;INTARIAN_PEPPER_ROOT;12082;14;12079;23;;;12091;14;12094;22;;;12086.5;0.0
av_COFFEE_d1;37900;ASH_COATED_OSMIUM;9926;11;9924;15;;;9934;19;9938;8;;;9930.0;0.0
av_COFFEE_d1;37900;INTARIAN_PEPPER_ROOT;12083;8;12079;16;;;12089;17;12093;19;;;12086.0;0.0
av_COFFEE_d1;38000;ASH_COATED_OSMIUM;9926;11;9923;26;;;9933;13;9937;16;;;9929.5;0.0
av_COFFEE_d1;38000;INTARIAN_PEPPER_ROOT;12082;17;12079;16;;;12088;15;12090;24;;;12085.0;0.0
av_COFFEE_d1;38100;ASH_COATED_OSMIUM;9923;18;9919;13;;;9937;11;9940;15;;;9930.0;0.0
av_COFFEE_d1;38100;INTARIAN_PEPPER_ROOT;12073;12;12070;18;;;12093;14;12097;26;;;12083.0;0.0
av_COFFEE_d1;38200;ASH_COATED_OSMIUM;9926;17;9924;19;;;9933;16;9936;14;;;9929.5;0.0
av_COFFEE_d1;38200;INTARIAN_PEPPER_ROOT;12078;19;12074;21;;;12085;17;12089;20;;;12081.5;0.0
av_COFFEE_d1;38300;ASH_COATED_OSMIUM;9927;5;9923;26;;;9933;10;9937;15;;;9930.0;0.0
av_COFFEE_d1;38300;INTARIAN_PEPPER_ROOT;12078;11;12076;18;;;12084;12;12088;18;;;12081.0;0.0
av_COFFEE_d1;38400;ASH_COATED_OSMIUM;9926;10;9922;20;;;9934;11;9937;27;;;9930.0;0.0
av_COFFEE_d1;38400;INTARIAN_PEPPER_ROOT;12067;14;12064;25;;;12092;8;12095;15;;;12079.5;0.0
av_COFFEE_d1;38500;ASH_COATED_OSMIUM;9923;15;9921;24;;;9938;18;9941;11;;;9930.5;0.0
av_COFFEE_d1;38500;INTARIAN_PEPPER_ROOT;12075;17;12072;21;;;12083;12;12087;23;;;12079.0;0.0
av_COFFEE_d1;38600;ASH_COATED_OSMIUM;9927;20;9923;30;;;9933;7;9936;23;;;9930.0;0.0
av_COFFEE_d1;38600;INTARIAN_PEPPER_ROOT;12074;23;12071;30;;;12080;22;12083;23;;;12077.0;0.0
av_COFFEE_d1;38700;ASH_COATED_OSMIUM;9927;10;9924;17;;;9934;18;9937;18;;;9930.5;0.0
av_COFFEE_d1;38700;INTARIAN_PEPPER_ROOT;12073;12;12071;21;;;12079;15;12083;15;;;12076.0;0.0
av_COFFEE_d1;38800;ASH_COATED_OSMIUM;9913;12;9910;19;;;9947;22;9951;20;;;9930.0;0.0
av_COFFEE_d1;38800;INTARIAN_PEPPER_ROOT;12071;18;12068;22;;;12077;12;12080;29;;;12074.0;0.0
av_COFFEE_d1;38900;ASH_COATED_OSMIUM;9926;16;9924;23;;;9932;16;9935;11;;;9929.0;0.0
av_COFFEE_d1;38900;INTARIAN_PEPPER_ROOT;12070;17;12068;22;;;12076;10;12079;26;;;12073.0;0.0
av_COFFEE_d1;39000;ASH_COATED_OSMIUM;9926;18;9923;13;;;9935;5;9939;20;;;9930.5;0.0
av_COFFEE_d1;39000;INTARIAN_PEPPER_ROOT;12067;15;12063;25;;;12077;20;12079;23;;;12072.0;0.0
av_COFFEE_d1;39100;ASH_COATED_OSMIUM;9928;23;9924;29;;;9934;19;9937;13;;;9931.0;0.0
av_COFFEE_d1;39100;INTARIAN_PEPPER_ROOT;12068;20;12066;19;;;12074;16;12077;25;;;12071.0;0.0
av_COFFEE_d1;39200;ASH_COATED_OSMIUM;9928;20;9926;18;;;9934;17;9936;24;;;9931.0;0.0
av_COFFEE_d1;39200;INTARIAN_PEPPER_ROOT;12057;17;12053;15;;;12083;22;12087;19;;;12070.0;0.0
av_COFFEE_d1;39300;ASH_COATED_OSMIUM;9927;5;9925;28;;;9934;17;9938;23;;;9930.5;0.0
av_COFFEE_d1;39300;INTARIAN_PEPPER_ROOT;12066;12;12062;32;;;12072;20;12074;19;;;12069.0;0.0
av_COFFEE_d1;39400;ASH_COATED_OSMIUM;9928;6;9926;19;;;9934;19;9938;23;;;9931.0;0.0
av_COFFEE_d1;39400;INTARIAN_PEPPER_ROOT;12052;19;12048;23;;;12083;18;12085;20;;;12067.5;0.0
av_COFFEE_d1;39500;ASH_COATED_OSMIUM;9928;5;9926;13;;;9934;17;9937;16;;;9931.0;0.0
av_COFFEE_d1;39500;INTARIAN_PEPPER_ROOT;12054;19;12052;20;;;12078;25;12081;23;;;12066.0;0.0
av_COFFEE_d1;39600;ASH_COATED_OSMIUM;9928;18;9924;22;;;9934;18;9936;12;;;9931.0;0.0
av_COFFEE_d1;39600;INTARIAN_PEPPER_ROOT;12062;5;12058;18;;;12068;5;12071;16;;;12065.0;0.0
av_COFFEE_d1;39700;ASH_COATED_OSMIUM;9921;17;9919;15;;;9940;19;9942;17;;;9930.5;0.0
av_COFFEE_d1;39700;INTARIAN_PEPPER_ROOT;12060;9;12057;22;;;12066;22;12069;21;;;12063.0;0.0
av_COFFEE_d1;39800;ASH_COATED_OSMIUM;9927;13;9924;18;;;9933;18;9936;25;;;9930.0;0.0
av_COFFEE_d1;39800;INTARIAN_PEPPER_ROOT;12046;7;12043;19;;;12077;14;12080;17;;;12061.5;0.0
av_COFFEE_d1;39900;ASH_COATED_OSMIUM;9928;11;9925;23;;;9934;5;9938;25;;;9931.0;0.0
av_COFFEE_d1;39900;INTARIAN_PEPPER_ROOT;12058;17;12056;13;;;12064;23;12066;27;;;12061.0;0.0
av_COFFEE_d1;40000;ASH_COATED_OSMIUM;9928;9;9924;14;;;9934;17;9938;15;;;9931.0;0.0
av_COFFEE_d1;40000;INTARIAN_PEPPER_ROOT;12057;12;12055;17;;;12063;28;12067;26;;;12060.0;0.0
av_COFFEE_d1;40100;ASH_COATED_OSMIUM;9928;27;9925;23;;;9934;11;9936;24;;;9931.0;0.0
av_COFFEE_d1;40100;INTARIAN_PEPPER_ROOT;12056;16;12054;16;;;12062;5;12066;29;;;12059.0;0.0
av_COFFEE_d1;40200;ASH_COATED_OSMIUM;9925;9;9923;15;;;9937;15;9939;22;;;9931.0;0.0
av_COFFEE_d1;40200;INTARIAN_PEPPER_ROOT;12054;20;12052;18;;;12060;30;12064;23;;;12057.0;0.0
av_COFFEE_d1;40300;ASH_COATED_OSMIUM;9927;15;9924;22;;;9935;13;9937;17;;;9931.0;0.0
av_COFFEE_d1;40300;INTARIAN_PEPPER_ROOT;12052;11;12049;16;;;12060;21;12063;27;;;12056.0;0.0
av_COFFEE_d1;40400;ASH_COATED_OSMIUM;9928;10;9926;19;;;9934;7;9938;18;;;9931.0;0.0
av_COFFEE_d1;40400;INTARIAN_PEPPER_ROOT;12047;21;12043;21;;;12063;17;12065;16;;;12055.0;0.0
av_COFFEE_d1;40500;ASH_COATED_OSMIUM;9918;9;9916;24;;;9944;17;9948;13;;;9931.0;0.0
av_COFFEE_d1;40500;INTARIAN_PEPPER_ROOT;12051;10;12048;22;;;12057;14;12060;25;;;12054.0;0.0
av_COFFEE_d1;40600;ASH_COATED_OSMIUM;9928;22;9926;15;;;9934;13;9938;20;;;9931.0;0.0
av_COFFEE_d1;40600;INTARIAN_PEPPER_ROOT;12049;20;12047;28;;;12055;5;12057;22;;;12052.0;0.0
av_COFFEE_d1;40700;ASH_COATED_OSMIUM;9928;14;9926;17;;;9934;6;9938;12;;;9931.0;0.0
av_COFFEE_d1;40700;INTARIAN_PEPPER_ROOT;12047;20;12043;23;;;12055;10;12057;16;;;12051.0;0.0
av_COFFEE_d1;40800;ASH_COATED_OSMIUM;9922;15;9920;22;;;9939;20;9943;26;;;9930.5;0.0
av_COFFEE_d1;40800;INTARIAN_PEPPER_ROOT;12046;12;12044;14;;;12054;14;12058;22;;;12050.0;0.0
av_COFFEE_d1;40900;ASH_COATED_OSMIUM;9928;24;9926;19;;;9934;10;9938;25;;;9931.0;0.0
av_COFFEE_d1;40900;INTARIAN_PEPPER_ROOT;12032;8;12029;22;;;12065;12;12067;22;;;12048.5;0.0
av_COFFEE_d1;41000;ASH_COATED_OSMIUM;9928;15;9925;35;;;9934;7;9937;16;;;9931.0;0.0
av_COFFEE_d1;41000;INTARIAN_PEPPER_ROOT;12045;16;12042;19;;;12051;15;12055;22;;;12048.0;0.0
av_COFFEE_d1;41100;ASH_COATED_OSMIUM;9926;13;9922;10;;;9936;12;9940;18;;;9931.0;0.0
av_COFFEE_d1;41100;INTARIAN_PEPPER_ROOT;12039;10;12035;23;;;12053;6;12056;19;;;12046.0;0.0
av_COFFEE_d1;41200;ASH_COATED_OSMIUM;9928;10;9926;19;;;9934;7;9937;19;;;9931.0;0.0
av_COFFEE_d1;41200;INTARIAN_PEPPER_ROOT;12042;12;12039;20;;;12048;12;12050;19;;;12045.0;0.0
av_COFFEE_d1;41300;ASH_COATED_OSMIUM;9929;16;9926;19;;;9935;16;9938;21;;;9932.0;0.0
av_COFFEE_d1;41300;INTARIAN_PEPPER_ROOT;12041;25;12039;18;;;12047;10;12051;25;;;12044.0;0.0
av_COFFEE_d1;41400;ASH_COATED_OSMIUM;9928;18;9924;23;;;9934;12;9936;22;;;9931.0;0.0
av_COFFEE_d1;41400;INTARIAN_PEPPER_ROOT;12040;16;12037;26;;;12046;11;12048;19;;;12043.0;0.0
av_COFFEE_d1;41500;ASH_COATED_OSMIUM;9929;18;9925;12;;;9935;19;9937;21;;;9932.0;0.0
av_COFFEE_d1;41500;INTARIAN_PEPPER_ROOT;12039;12;12037;18;;;12045;18;12049;20;;;12042.0;0.0
av_COFFEE_d1;41600;ASH_COATED_OSMIUM;9911;17;9909;21;;;9951;22;9954;15;;;9931.0;0.0
av_COFFEE_d1;41600;INTARIAN_PEPPER_ROOT;12036;20;12034;14;;;12044;17;12047;22;;;12040.0;0.0
av_COFFEE_d1;41700;ASH_COATED_OSMIUM;9923;15;9921;17;;;9939;11;9941;12;;;9931.0;0.0
av_COFFEE_d1;41700;INTARIAN_PEPPER_ROOT;12026;19;12023;20;;;12050;5;12053;21;;;12038.0;0.0
av_COFFEE_d1;41800;ASH_COATED_OSMIUM;9926;17;9923;16;;;9936;5;9939;26;;;9931.0;0.0
av_COFFEE_d1;41800;INTARIAN_PEPPER_ROOT;12035;11;12031;24;;;12041;20;12043;21;;;12038.0;0.0
av_COFFEE_d1;41900;ASH_COATED_OSMIUM;9925;11;9923;12;;;9940;26;9943;23;;;9932.5;0.0
av_COFFEE_d1;41900;INTARIAN_PEPPER_ROOT;12023;20;12020;16;;;12051;11;12054;19;;;12037.0;0.0
av_COFFEE_d1;42000;ASH_COATED_OSMIUM;9928;15;9924;18;;;9934;12;9936;27;;;9931.0;0.0
av_COFFEE_d1;42000;INTARIAN_PEPPER_ROOT;12026;18;12023;16;;;12043;17;12046;21;;;12034.5;0.0
av_COFFEE_d1;42100;ASH_COATED_OSMIUM;9926;21;9923;20;;;9936;15;9939;14;;;9931.0;0.0
av_COFFEE_d1;42100;INTARIAN_PEPPER_ROOT;12021;19;12017;17;;;12046;24;12049;18;;;12033.5;0.0
av_COFFEE_d1;42200;ASH_COATED_OSMIUM;9924;17;9920;20;;;9939;24;9942;16;;;9931.5;0.0
av_COFFEE_d1;42200;INTARIAN_PEPPER_ROOT;12030;14;12028;20;;;12036;17;12038;27;;;12033.0;0.0
av_COFFEE_d1;42300;ASH_COATED_OSMIUM;9929;11;9926;20;;;9935;14;9938;18;;;9932.0;0.0
av_COFFEE_d1;42300;INTARIAN_PEPPER_ROOT;12028;17;12024;8;;;12034;12;12036;26;;;12031.0;0.0
av_COFFEE_d1;42400;ASH_COATED_OSMIUM;9929;17;9925;30;;;9935;21;9939;22;;;9932.0;0.0
av_COFFEE_d1;42400;INTARIAN_PEPPER_ROOT;12027;16;12023;23;;;12033;17;12035;19;;;12030.0;0.0
av_COFFEE_d1;42500;ASH_COATED_OSMIUM;9929;13;9926;12;;;9935;20;9937;23;;;9932.0;0.0
av_COFFEE_d1;42500;INTARIAN_PEPPER_ROOT;12023;15;12019;19;;;12035;16;12038;24;;;12029.0;0.0
av_COFFEE_d1;42600;ASH_COATED_OSMIUM;9929;17;9927;21;;;9935;15;9938;13;;;9932.0;0.0
av_COFFEE_d1;42600;INTARIAN_PEPPER_ROOT;12022;18;12020;23;;;12035;9;12037;19;;;12028.5;0.0
av_COFFEE_d1;42700;ASH_COATED_OSMIUM;9929;11;9925;27;;;9935;13;9938;23;;;9932.0;0.0
av_COFFEE_d1;42700;INTARIAN_PEPPER_ROOT;12020;16;12017;16;;;12032;5;12035;11;;;12026.0;0.0
av_COFFEE_d1;42800;ASH_COATED_OSMIUM;9928;10;9924;20;;;9936;8;9938;24;;;9932.0;0.0
av_COFFEE_d1;42800;INTARIAN_PEPPER_ROOT;12022;13;12018;15;;;12028;26;12032;24;;;12025.0;0.0
av_COFFEE_d1;42900;ASH_COATED_OSMIUM;9927;12;9923;23;;;9936;19;9940;19;;;9931.5;0.0
av_COFFEE_d1;42900;INTARIAN_PEPPER_ROOT;12021;16;12019;14;;;12027;21;12029;19;;;12024.0;0.0
av_COFFEE_d1;43000;ASH_COATED_OSMIUM;9926;12;9923;16;;;9937;9;9941;19;;;9931.5;0.0
av_COFFEE_d1;43000;INTARIAN_PEPPER_ROOT;12019;11;12017;22;;;12025;14;12027;13;;;12022.0;0.0
av_COFFEE_d1;43100;ASH_COATED_OSMIUM;9929;12;9925;26;;;9935;16;9938;19;;;9932.0;0.0
av_COFFEE_d1;43100;INTARIAN_PEPPER_ROOT;12018;10;12014;23;;;12024;25;12026;17;;;12021.0;0.0
av_COFFEE_d1;43200;ASH_COATED_OSMIUM;9926;20;9923;24;;;9938;27;9941;15;;;9932.0;0.0
av_COFFEE_d1;43200;INTARIAN_PEPPER_ROOT;12017;19;12013;18;;;12023;6;12027;23;;;12020.0;0.0
av_COFFEE_d1;43300;ASH_COATED_OSMIUM;9929;11;9927;14;;;9935;13;9939;16;;;9932.0;0.0
av_COFFEE_d1;43300;INTARIAN_PEPPER_ROOT;12016;25;12014;23;;;12022;11;12025;21;;;12019.0;0.0
av_COFFEE_d1;43400;ASH_COATED_OSMIUM;9926;14;9924;23;;;9938;16;9940;15;;;9932.0;0.0
av_COFFEE_d1;43400;INTARIAN_PEPPER_ROOT;12002;21;11999;20;;;12033;18;12036;21;;;12017.5;0.0
av_COFFEE_d1;43500;ASH_COATED_OSMIUM;9929;13;9925;24;;;9935;11;9937;21;;;9932.0;0.0
av_COFFEE_d1;43500;INTARIAN_PEPPER_ROOT;12011;14;12009;27;;;12023;20;12027;21;;;12017.0;0.0
av_COFFEE_d1;43600;ASH_COATED_OSMIUM;9928;18;9924;15;;;9937;21;9940;17;;;9932.5;0.0
av_COFFEE_d1;43600;INTARIAN_PEPPER_ROOT;12010;13;12006;24;;;12021;27;12023;23;;;12015.5;0.0
av_COFFEE_d1;43700;ASH_COATED_OSMIUM;9928;18;9926;20;;;9938;17;9941;17;;;9933.0;0.0
av_COFFEE_d1;43700;INTARIAN_PEPPER_ROOT;12009;12;12007;20;;;12020;14;12023;25;;;12014.5;0.0
av_COFFEE_d1;43800;ASH_COATED_OSMIUM;9926;14;9924;14;;;9939;15;9941;13;;;9932.5;0.0
av_COFFEE_d1;43800;INTARIAN_PEPPER_ROOT;12010;17;12007;20;;;12016;12;12020;18;;;12013.0;0.0
av_COFFEE_d1;43900;ASH_COATED_OSMIUM;9926;20;9923;16;;;9939;10;9943;11;;;9932.5;0.0
av_COFFEE_d1;43900;INTARIAN_PEPPER_ROOT;12005;13;12001;16;;;12018;15;12020;19;;;12011.5;0.0
av_COFFEE_d1;44000;ASH_COATED_OSMIUM;9925;10;9923;19;;;9940;21;9944;11;;;9932.5;0.0
av_COFFEE_d1;44000;INTARIAN_PEPPER_ROOT;12002;9;12000;21;;;12018;18;12022;22;;;12010.0;0.0
av_COFFEE_d1;44100;ASH_COATED_OSMIUM;9926;20;9922;21;;;9939;18;9942;20;;;9932.5;0.0
av_COFFEE_d1;44100;INTARIAN_PEPPER_ROOT;12006;20;12002;27;;;12012;20;12014;24;;;12009.0;0.0
av_COFFEE_d1;44200;ASH_COATED_OSMIUM;9925;22;9923;24;;;9941;24;9945;17;;;9933.0;0.0
av_COFFEE_d1;44200;INTARIAN_PEPPER_ROOT;12005;15;12002;15;;;12011;21;12015;14;;;12008.0;0.0
av_COFFEE_d1;44300;ASH_COATED_OSMIUM;9929;17;9926;12;;;9935;18;9938;18;;;9932.0;0.0
av_COFFEE_d1;44300;INTARIAN_PEPPER_ROOT;11987;17;11983;21;;;12026;8;12029;17;;;12006.5;0.0
av_COFFEE_d1;44400;ASH_COATED_OSMIUM;9925;15;9923;20;;;9939;16;9941;21;;;9932.0;0.0
av_COFFEE_d1;44400;INTARIAN_PEPPER_ROOT;11993;23;11989;26;;;12018;14;12021;24;;;12005.5;0.0
av_COFFEE_d1;44500;ASH_COATED_OSMIUM;9929;19;9927;17;;;9937;23;9941;32;;;9933.0;0.0
av_COFFEE_d1;44500;INTARIAN_PEPPER_ROOT;12001;8;11998;8;;;12007;22;12011;18;;;12004.0;0.0
av_COFFEE_d1;44600;ASH_COATED_OSMIUM;9925;10;9922;18;;;9941;24;9945;17;;;9933.0;0.0
av_COFFEE_d1;44600;INTARIAN_PEPPER_ROOT;12000;10;11997;20;;;12007;10;12010;19;;;12003.5;0.0
av_COFFEE_d1;44700;ASH_COATED_OSMIUM;9930;17;9927;23;;;9936;8;9939;14;;;9933.0;0.0
av_COFFEE_d1;44700;INTARIAN_PEPPER_ROOT;11994;19;11992;19;;;12009;17;12012;14;;;12001.5;0.0
av_COFFEE_d1;44800;ASH_COATED_OSMIUM;9930;13;9926;16;;;9936;11;9939;8;;;9933.0;0.0
av_COFFEE_d1;44800;INTARIAN_PEPPER_ROOT;11996;14;11992;13;;;12005;16;12009;22;;;12000.5;0.0
av_COFFEE_d1;44900;ASH_COATED_OSMIUM;9923;11;9919;8;;;9942;20;9946;17;;;9932.5;0.0
av_COFFEE_d1;44900;INTARIAN_PEPPER_ROOT;11992;12;11989;14;;;12006;27;12008;17;;;11999.0;0.0
av_COFFEE_d1;45000;ASH_COATED_OSMIUM;9930;10;9927;17;;;9936;14;9938;24;;;9933.0;0.0
av_COFFEE_d1;45000;INTARIAN_PEPPER_ROOT;11983;12;11981;20;;;12013;19;12016;24;;;11998.0;0.0
av_COFFEE_d1;45100;ASH_COATED_OSMIUM;9930;8;9928;18;;;9936;17;9939;20;;;9933.0;0.0
av_COFFEE_d1;45100;INTARIAN_PEPPER_ROOT;11994;9;11991;26;;;12000;19;12003;17;;;11997.0;0.0
av_COFFEE_d1;45200;ASH_COATED_OSMIUM;9930;14;9926;16;;;9936;14;9938;24;;;9933.0;0.0
av_COFFEE_d1;45200;INTARIAN_PEPPER_ROOT;11992;8;11989;21;;;11998;8;12002;24;;;11995.0;0.0
av_COFFEE_d1;45300;ASH_COATED_OSMIUM;9930;19;9927;22;;;9936;14;9939;28;;;9933.0;0.0
av_COFFEE_d1;45300;INTARIAN_PEPPER_ROOT;11992;18;11988;29;;;11998;16;12002;21;;;11995.0;0.0
av_COFFEE_d1;45400;ASH_COATED_OSMIUM;9931;19;9929;18;;;9937;8;9940;24;;;9934.0;0.0
av_COFFEE_d1;45400;INTARIAN_PEPPER_ROOT;11990;17;11988;15;;;11996;14;12000;17;;;11993.0;0.0
av_COFFEE_d1;45500;ASH_COATED_OSMIUM;9917;5;9913;19;;;9949;6;9951;16;;;9933.0;0.0
av_COFFEE_d1;45500;INTARIAN_PEPPER_ROOT;11989;21;11987;21;;;11995;21;11999;19;;;11992.0;0.0
av_COFFEE_d1;45600;ASH_COATED_OSMIUM;9921;30;9918;21;;;9945;13;9949;23;;;9933.0;0.0
av_COFFEE_d1;45600;INTARIAN_PEPPER_ROOT;11988;10;11986;22;;;11994;8;11998;12;;;11991.0;0.0
av_COFFEE_d1;45700;ASH_COATED_OSMIUM;9928;14;9926;18;;;9939;23;9942;15;;;9933.5;0.0
av_COFFEE_d1;45700;INTARIAN_PEPPER_ROOT;11986;18;11983;18;;;11992;18;11995;15;;;11989.0;0.0
av_COFFEE_d1;45800;ASH_COATED_OSMIUM;9930;14;9926;20;;;9936;18;9940;27;;;9933.0;0.0
av_COFFEE_d1;45800;INTARIAN_PEPPER_ROOT;11985;11;11981;18;;;11991;13;11993;16;;;11988.0;0.0
av_COFFEE_d1;45900;ASH_COATED_OSMIUM;9928;17;9926;23;;;9938;18;9942;24;;;9933.0;0.0
av_COFFEE_d1;45900;INTARIAN_PEPPER_ROOT;11984;21;11981;10;;;11990;12;11992;17;;;11987.0;0.0
av_COFFEE_d1;46000;ASH_COATED_OSMIUM;9926;27;9922;22;;;9941;16;9944;20;;;9933.5;0.0
av_COFFEE_d1;46000;INTARIAN_PEPPER_ROOT;11983;11;11979;21;;;11989;19;11993;13;;;11986.0;0.0
av_COFFEE_d1;46100;ASH_COATED_OSMIUM;9930;21;9926;22;;;9936;11;9938;15;;;9933.0;0.0
av_COFFEE_d1;46100;INTARIAN_PEPPER_ROOT;11981;20;11977;17;;;11987;21;11991;16;;;11984.0;0.0
av_COFFEE_d1;46200;ASH_COATED_OSMIUM;9931;12;9929;22;;;9937;16;9941;17;;;9934.0;0.0
av_COFFEE_d1;46200;INTARIAN_PEPPER_ROOT;11980;21;11976;20;;;11986;15;11988;23;;;11983.0;0.0
av_COFFEE_d1;46300;ASH_COATED_OSMIUM;9920;14;9918;21;;;9947;20;9949;11;;;9933.5;0.0
av_COFFEE_d1;46300;INTARIAN_PEPPER_ROOT;11979;11;11977;20;;;11985;17;11987;20;;;11982.0;0.0
av_COFFEE_d1;46400;ASH_COATED_OSMIUM;9930;19;9927;17;;;9936;7;9940;17;;;9933.0;0.0
av_COFFEE_d1;46400;INTARIAN_PEPPER_ROOT;11978;11;11975;13;;;11984;15;11988;14;;;11981.0;0.0
av_COFFEE_d1;46500;ASH_COATED_OSMIUM;9928;19;9925;20;;;9939;14;9941;16;;;9933.5;0.0
av_COFFEE_d1;46500;INTARIAN_PEPPER_ROOT;11977;17;11973;18;;;11983;24;11986;21;;;11980.0;0.0
av_COFFEE_d1;46600;ASH_COATED_OSMIUM;9929;15;9927;22;;;9938;9;9941;20;;;9933.5;0.0
av_COFFEE_d1;46600;INTARIAN_PEPPER_ROOT;11973;20;11970;22;;;11982;5;11986;14;;;11977.5;0.0
av_COFFEE_d1;46700;ASH_COATED_OSMIUM;9927;15;9925;8;;;9942;18;9945;18;;;9934.5;0.0
av_COFFEE_d1;46700;INTARIAN_PEPPER_ROOT;11974;24;11971;16;;;11980;19;11983;17;;;11977.0;0.0
av_COFFEE_d1;46800;ASH_COATED_OSMIUM;9931;17;9928;14;;;9937;15;9941;10;;;9934.0;0.0
av_COFFEE_d1;46800;INTARIAN_PEPPER_ROOT;11973;19;11970;21;;;11979;22;11981;17;;;11976.0;0.0
av_COFFEE_d1;46900;ASH_COATED_OSMIUM;9931;14;9929;16;;;9937;9;9940;14;;;9934.0;0.0
av_COFFEE_d1;46900;INTARIAN_PEPPER_ROOT;11971;22;11968;18;;;11977;11;11979;13;;;11974.0;0.0
av_COFFEE_d1;47000;ASH_COATED_OSMIUM;9930;20;9927;17;;;9936;16;9939;27;;;9933.0;0.0
av_COFFEE_d1;47000;INTARIAN_PEPPER_ROOT;11967;15;11964;15;;;11981;24;11985;22;;;11974.0;0.0
av_COFFEE_d1;47100;ASH_COATED_OSMIUM;9931;16;9928;13;;;9937;10;9941;19;;;9934.0;0.0
av_COFFEE_d1;47100;INTARIAN_PEPPER_ROOT;11969;12;11966;25;;;11975;13;11977;18;;;11972.0;0.0
av_COFFEE_d1;47200;ASH_COATED_OSMIUM;9922;14;9919;25;;;9945;7;9948;11;;;9933.5;0.0
av_COFFEE_d1;47200;INTARIAN_PEPPER_ROOT;11967;16;11964;14;;;11974;5;11977;15;;;11970.5;0.0
av_COFFEE_d1;47300;ASH_COATED_OSMIUM;9931;15;9928;23;;;9937;11;9939;24;;;9934.0;0.0
av_COFFEE_d1;47300;INTARIAN_PEPPER_ROOT;11965;9;11961;21;;;11974;11;11978;17;;;11969.5;0.0
av_COFFEE_d1;47400;ASH_COATED_OSMIUM;9928;11;9924;13;;;9940;16;9943;28;;;9934.0;0.0
av_COFFEE_d1;47400;INTARIAN_PEPPER_ROOT;11966;18;11963;21;;;11972;17;11975;21;;;11969.0;0.0
av_COFFEE_d1;47500;ASH_COATED_OSMIUM;9930;14;9927;17;;;9937;12;9939;17;;;9933.5;0.0
av_COFFEE_d1;47500;INTARIAN_PEPPER_ROOT;11964;9;11962;20;;;11970;7;11973;22;;;11967.0;0.0
av_COFFEE_d1;47600;ASH_COATED_OSMIUM;9929;13;9927;14;;;9938;17;9941;19;;;9933.5;0.0
av_COFFEE_d1;47600;INTARIAN_PEPPER_ROOT;11963;19;11960;16;;;11969;10;11972;14;;;11966.0;0.0
av_COFFEE_d1;47700;ASH_COATED_OSMIUM;9931;17;9928;17;;;9937;17;9941;26;;;9934.0;0.0
av_COFFEE_d1;47700;INTARIAN_PEPPER_ROOT;11961;10;11957;22;;;11967;10;11970;22;;;11964.0;0.0
av_COFFEE_d1;47800;ASH_COATED_OSMIUM;9931;17;9929;8;;;9937;15;9941;26;;;9934.0;0.0
av_COFFEE_d1;47800;INTARIAN_PEPPER_ROOT;11959;13;11955;16;;;11967;10;11971;20;;;11963.0;0.0
av_COFFEE_d1;47900;ASH_COATED_OSMIUM;9931;16;9929;22;;;9938;11;9940;24;;;9934.5;0.0
av_COFFEE_d1;47900;INTARIAN_PEPPER_ROOT;11959;7;11956;27;;;11965;9;11967;26;;;11962.0;0.0
av_COFFEE_d1;48000;ASH_COATED_OSMIUM;9932;13;9930;23;;;9938;20;9941;27;;;9935.0;0.0
av_COFFEE_d1;48000;INTARIAN_PEPPER_ROOT;11958;15;11956;15;;;11964;14;11966;12;;;11961.0;0.0
av_COFFEE_d1;48100;ASH_COATED_OSMIUM;9932;7;9929;17;;;9938;9;9940;22;;;9935.0;0.0
av_COFFEE_d1;48100;INTARIAN_PEPPER_ROOT;11956;15;11954;28;;;11962;15;11964;16;;;11959.0;0.0
av_COFFEE_d1;48200;ASH_COATED_OSMIUM;9926;7;9922;22;;;9941;29;9945;15;;;9933.5;0.0
av_COFFEE_d1;48200;INTARIAN_PEPPER_ROOT;11944;14;11942;20;;;11973;12;11976;20;;;11958.5;0.0
av_COFFEE_d1;48300;ASH_COATED_OSMIUM;9926;16;9924;22;;;9944;21;9948;17;;;9935.0;0.0
av_COFFEE_d1;48300;INTARIAN_PEPPER_ROOT;11953;13;11951;20;;;11961;23;11964;19;;;11957.0;0.0
av_COFFEE_d1;48400;ASH_COATED_OSMIUM;9927;14;9925;25;;;9940;6;9944;14;;;9933.5;0.0
av_COFFEE_d1;48400;INTARIAN_PEPPER_ROOT;11953;18;11950;27;;;11959;13;11962;23;;;11956.0;0.0
av_COFFEE_d1;48500;ASH_COATED_OSMIUM;9931;16;9929;30;;;9938;5;9940;21;;;9934.5;0.0
av_COFFEE_d1;48500;INTARIAN_PEPPER_ROOT;11952;19;11950;23;;;11958;13;11960;18;;;11955.0;0.0
av_COFFEE_d1;48600;ASH_COATED_OSMIUM;9932;14;9928;26;;;9938;13;9940;24;;;9935.0;0.0
av_COFFEE_d1;48600;INTARIAN_PEPPER_ROOT;11945;21;11941;16;;;11962;20;11965;16;;;11953.5;0.0
av_COFFEE_d1;48700;ASH_COATED_OSMIUM;9931;17;9928;16;;;9937;6;9939;9;;;9934.0;0.0
av_COFFEE_d1;48700;INTARIAN_PEPPER_ROOT;11950;17;11948;22;;;11956;24;11959;31;;;11953.0;0.0
av_COFFEE_d1;48800;ASH_COATED_OSMIUM;9932;15;9930;22;;;9938;18;9940;19;;;9935.0;0.0
av_COFFEE_d1;48800;INTARIAN_PEPPER_ROOT;11948;17;11946;20;;;11954;15;11957;27;;;11951.0;0.0
av_COFFEE_d1;48900;ASH_COATED_OSMIUM;9928;12;9926;25;;;9941;12;9943;25;;;9934.5;0.0
av_COFFEE_d1;48900;INTARIAN_PEPPER_ROOT;11946;22;11944;16;;;11952;17;11956;19;;;11949.0;0.0
av_COFFEE_d1;49000;ASH_COATED_OSMIUM;9931;19;9929;31;;;9937;21;9940;20;;;9934.0;0.0
av_COFFEE_d1;49000;INTARIAN_PEPPER_ROOT;11943;16;11940;20;;;11953;14;11955;19;;;11948.0;0.0
av_COFFEE_d1;49100;ASH_COATED_OSMIUM;9931;16;9928;26;;;9938;17;9942;11;;;9934.5;0.0
av_COFFEE_d1;49100;INTARIAN_PEPPER_ROOT;11945;12;11942;17;;;11951;12;11955;15;;;11948.0;0.0
av_COFFEE_d1;49200;ASH_COATED_OSMIUM;9932;18;9930;18;;;9938;13;9940;24;;;9935.0;0.0
av_COFFEE_d1;49200;INTARIAN_PEPPER_ROOT;11941;12;11939;21;;;11951;7;11955;19;;;11946.0;0.0
av_COFFEE_d1;49300;ASH_COATED_OSMIUM;9932;20;9928;19;;;9938;16;9940;19;;;9935.0;0.0
av_COFFEE_d1;49300;INTARIAN_PEPPER_ROOT;11917;12;11915;22;;;11972;5;11975;20;;;11944.5;0.0
av_COFFEE_d1;49400;ASH_COATED_OSMIUM;9932;17;9928;19;;;9938;14;9940;14;;;9935.0;0.0
av_COFFEE_d1;49400;INTARIAN_PEPPER_ROOT;11940;5;11938;19;;;11946;14;11948;20;;;11943.0;0.0
av_COFFEE_d1;49500;ASH_COATED_OSMIUM;9932;20;9928;19;;;9938;10;9941;23;;;9935.0;0.0
av_COFFEE_d1;49500;INTARIAN_PEPPER_ROOT;11939;17;11936;23;;;11945;7;11949;25;;;11942.0;0.0
av_COFFEE_d1;49600;ASH_COATED_OSMIUM;9931;17;9929;21;;;9937;15;9939;20;;;9934.0;0.0
av_COFFEE_d1;49600;INTARIAN_PEPPER_ROOT;11934;18;11931;15;;;11949;17;11951;15;;;11941.5;0.0
av_COFFEE_d1;49700;ASH_COATED_OSMIUM;9932;9;9928;20;;;9938;23;9941;16;;;9935.0;0.0
av_COFFEE_d1;49700;INTARIAN_PEPPER_ROOT;11937;10;11934;11;;;11943;17;11947;18;;;11940.0;0.0
av_COFFEE_d1;49800;ASH_COATED_OSMIUM;9932;13;9929;23;;;9938;18;9941;13;;;9935.0;0.0
av_COFFEE_d1;49800;INTARIAN_PEPPER_ROOT;11935;9;11932;23;;;11941;21;11943;18;;;11938.0;0.0
av_COFFEE_d1;49900;ASH_COATED_OSMIUM;9931;11;9927;15;;;9940;12;9944;15;;;9935.5;0.0
av_COFFEE_d1;49900;INTARIAN_PEPPER_ROOT;11934;6;11931;18;;;11940;17;11944;23;;;11937.0;0.0
av_COFFEE_d1;50000;ASH_COATED_OSMIUM;9930;16;9926;16;;;9940;21;9943;19;;;9935.0;0.0
av_COFFEE_d1;50000;INTARIAN_PEPPER_ROOT;11929;20;11927;24;;;11943;21;11946;32;;;11936.0;0.0
av_COFFEE_d1;50100;ASH_COATED_OSMIUM;9932;8;9929;26;;;9938;9;9941;14;;;9935.0;0.0
av_COFFEE_d1;50100;INTARIAN_PEPPER_ROOT;11932;11;11930;21;;;11938;18;11940;20;;;11935.0;0.0
av_COFFEE_d1;50200;ASH_COATED_OSMIUM;9932;12;9928;14;;;9938;22;9942;24;;;9935.0;0.0
av_COFFEE_d1;50200;INTARIAN_PEPPER_ROOT;11930;10;11927;26;;;11939;9;11941;22;;;11934.5;0.0
av_COFFEE_d1;50300;ASH_COATED_OSMIUM;9933;30;9931;26;;;9939;15;9941;15;;;9936.0;0.0
av_COFFEE_d1;50300;INTARIAN_PEPPER_ROOT;11928;5;11925;15;;;11938;13;11942;12;;;11933.0;0.0
av_COFFEE_d1;50400;ASH_COATED_OSMIUM;9917;13;9914;17;;;9954;18;9958;19;;;9935.5;0.0
av_COFFEE_d1;50400;INTARIAN_PEPPER_ROOT;11929;16;11926;29;;;11935;13;11937;19;;;11932.0;0.0
av_COFFEE_d1;50500;ASH_COATED_OSMIUM;9932;21;9930;23;;;9938;6;9940;14;;;9935.0;0.0
av_COFFEE_d1;50500;INTARIAN_PEPPER_ROOT;11927;11;11923;22;;;11933;7;11935;18;;;11930.0;0.0
av_COFFEE_d1;50600;ASH_COATED_OSMIUM;9932;14;9928;18;;;9939;20;9943;22;;;9935.5;0.0
av_COFFEE_d1;50600;INTARIAN_PEPPER_ROOT;11926;14;11924;17;;;11932;14;11934;10;;;11929.0;0.0
av_COFFEE_d1;50700;ASH_COATED_OSMIUM;9932;13;9928;17;;;9938;15;9940;9;;;9935.0;0.0
av_COFFEE_d1;50700;INTARIAN_PEPPER_ROOT;11924;16;11921;23;;;11930;9;11934;22;;;11927.0;0.0
av_COFFEE_d1;50800;ASH_COATED_OSMIUM;9912;15;9908;20;;;9959;5;9962;28;;;9935.5;0.0
av_COFFEE_d1;50800;INTARIAN_PEPPER_ROOT;11922;9;11918;16;;;11931;8;11934;20;;;11926.5;0.0
av_COFFEE_d1;50900;ASH_COATED_OSMIUM;9930;16;9927;14;;;9940;9;9943;20;;;9935.0;0.0
av_COFFEE_d1;50900;INTARIAN_PEPPER_ROOT;11921;15;11919;16;;;11927;9;11929;17;;;11924.0;0.0
av_COFFEE_d1;51000;ASH_COATED_OSMIUM;9933;9;9929;15;;;9939;16;9943;20;;;9936.0;0.0
av_COFFEE_d1;51000;INTARIAN_PEPPER_ROOT;11914;16;11911;19;;;11930;18;11934;19;;;11922.0;0.0
av_COFFEE_d1;51100;ASH_COATED_OSMIUM;9932;15;9930;21;;;9938;10;9940;17;;;9935.0;0.0
av_COFFEE_d1;51100;INTARIAN_PEPPER_ROOT;11917;17;11914;15;;;11923;16;11926;22;;;11920.0;0.0
av_COFFEE_d1;51200;ASH_COATED_OSMIUM;9932;10;9928;16;;;9938;16;9940;19;;;9935.0;0.0
av_COFFEE_d1;51200;INTARIAN_PEPPER_ROOT;11915;6;11912;18;;;11921;11;11924;16;;;11918.0;0.0
av_COFFEE_d1;51300;ASH_COATED_OSMIUM;9932;5;9928;23;;;9938;12;9942;8;;;9935.0;0.0
av_COFFEE_d1;51300;INTARIAN_PEPPER_ROOT;11913;23;11909;22;;;11920;18;11924;21;;;11916.5;0.0
av_COFFEE_d1;51400;ASH_COATED_OSMIUM;9933;9;9930;13;;;9939;13;9941;21;;;9936.0;0.0
av_COFFEE_d1;51400;INTARIAN_PEPPER_ROOT;11911;26;11909;26;;;11917;7;11920;17;;;11914.0;0.0
av_COFFEE_d1;51500;ASH_COATED_OSMIUM;9927;15;9925;21;;;9944;12;9947;8;;;9935.5;0.0
av_COFFEE_d1;51500;INTARIAN_PEPPER_ROOT;11909;16;11907;9;;;11915;14;11917;12;;;11912.0;0.0
av_COFFEE_d1;51600;ASH_COATED_OSMIUM;9932;15;9929;29;;;9938;12;9940;14;;;9935.0;0.0
av_COFFEE_d1;51600;INTARIAN_PEPPER_ROOT;11907;21;11905;23;;;11913;17;11916;17;;;11910.0;0.0
av_COFFEE_d1;51700;ASH_COATED_OSMIUM;9933;15;9931;28;;;9939;19;9941;16;;;9936.0;0.0
av_COFFEE_d1;51700;INTARIAN_PEPPER_ROOT;11905;12;11903;13;;;11911;16;11913;16;;;11908.0;0.0
av_COFFEE_d1;51800;ASH_COATED_OSMIUM;9932;18;9928;19;;;9938;6;9942;24;;;9935.0;0.0
av_COFFEE_d1;51800;INTARIAN_PEPPER_ROOT;11902;10;11900;14;;;11911;8;11915;25;;;11906.5;0.0
av_COFFEE_d1;51900;ASH_COATED_OSMIUM;9931;15;9927;17;;;9940;18;9944;20;;;9935.5;0.0
av_COFFEE_d1;51900;INTARIAN_PEPPER_ROOT;11899;18;11897;11;;;11908;12;11911;20;;;11903.5;0.0
av_COFFEE_d1;52000;ASH_COATED_OSMIUM;9932;14;9928;23;;;9938;11;9942;15;;;9935.0;0.0
av_COFFEE_d1;52000;INTARIAN_PEPPER_ROOT;11896;12;11894;23;;;11905;15;11908;15;;;11900.5;0.0
av_COFFEE_d1;52100;ASH_COATED_OSMIUM;9924;13;9921;24;;;9946;17;9950;19;;;9935.0;0.0
av_COFFEE_d1;52100;INTARIAN_PEPPER_ROOT;11896;16;11892;22;;;11902;7;11905;15;;;11899.0;0.0
av_COFFEE_d1;52200;ASH_COATED_OSMIUM;9932;21;9930;20;;;9938;13;9942;24;;;9935.0;0.0
av_COFFEE_d1;52200;INTARIAN_PEPPER_ROOT;11894;21;11890;13;;;11900;7;11904;26;;;11897.0;0.0
av_COFFEE_d1;52300;ASH_COATED_OSMIUM;9931;6;9927;19;;;9939;21;9941;17;;;9935.0;0.0
av_COFFEE_d1;52300;INTARIAN_PEPPER_ROOT;11892;13;11890;24;;;11898;9;11901;22;;;11895.0;0.0
av_COFFEE_d1;52400;ASH_COATED_OSMIUM;9927;14;9925;19;;;9944;16;9947;19;;;9935.5;0.0
av_COFFEE_d1;52400;INTARIAN_PEPPER_ROOT;11890;15;11886;11;;;11897;17;11901;19;;;11893.5;0.0
av_COFFEE_d1;52500;ASH_COATED_OSMIUM;9926;5;9922;21;;;9945;8;9947;20;;;9935.5;0.0
av_COFFEE_d1;52500;INTARIAN_PEPPER_ROOT;11888;13;11884;17;;;11894;14;11897;24;;;11891.0;0.0
av_COFFEE_d1;52600;ASH_COATED_OSMIUM;9930;25;9927;19;;;9942;20;9945;20;;;9936.0;0.0
av_COFFEE_d1;52600;INTARIAN_PEPPER_ROOT;11886;13;11882;27;;;11892;12;11894;21;;;11889.0;0.0
av_COFFEE_d1;52700;ASH_COATED_OSMIUM;9932;13;9929;27;;;9939;10;9942;15;;;9935.5;0.0
av_COFFEE_d1;52700;INTARIAN_PEPPER_ROOT;11883;24;11879;30;;;11889;10;11891;15;;;11886.0;0.0
av_COFFEE_d1;52800;ASH_COATED_OSMIUM;9932;13;9929;17;;;9939;19;9941;24;;;9935.5;0.0
av_COFFEE_d1;52800;INTARIAN_PEPPER_ROOT;11877;19;11875;14;;;11893;8;11896;14;;;11885.0;0.0
av_COFFEE_d1;52900;ASH_COATED_OSMIUM;9933;11;9931;10;;;9939;18;9942;30;;;9936.0;0.0
av_COFFEE_d1;52900;INTARIAN_PEPPER_ROOT;11867;12;11865;22;;;11899;12;11902;27;;;11883.0;0.0
av_COFFEE_d1;53000;ASH_COATED_OSMIUM;9931;10;9928;26;;;9940;11;9943;19;;;9935.5;0.0
av_COFFEE_d1;53000;INTARIAN_PEPPER_ROOT;11878;7;11874;19;;;11884;15;11886;15;;;11881.0;0.0
av_COFFEE_d1;53100;ASH_COATED_OSMIUM;9930;9;9927;13;;;9941;17;9943;16;;;9935.5;0.0
av_COFFEE_d1;53100;INTARIAN_PEPPER_ROOT;11870;11;11866;18;;;11887;13;11891;14;;;11878.5;0.0
av_COFFEE_d1;53200;ASH_COATED_OSMIUM;9932;14;9928;28;;;9938;12;9940;15;;;9935.0;0.0
av_COFFEE_d1;53200;INTARIAN_PEPPER_ROOT;11873;23;11869;18;;;11879;15;11882;25;;;11876.0;0.0
av_COFFEE_d1;53300;ASH_COATED_OSMIUM;9933;12;9930;9;;;9939;8;9942;19;;;9936.0;0.0
av_COFFEE_d1;53300;INTARIAN_PEPPER_ROOT;11871;15;11868;20;;;11878;18;11881;14;;;11874.5;0.0
av_COFFEE_d1;53400;ASH_COATED_OSMIUM;9932;12;9928;20;;;9938;10;9941;13;;;9935.0;0.0
av_COFFEE_d1;53400;INTARIAN_PEPPER_ROOT;11869;8;11867;14;;;11877;17;11879;24;;;11873.0;0.0
av_COFFEE_d1;53500;ASH_COATED_OSMIUM;9932;11;9930;19;;;9938;13;9942;23;;;9935.0;0.0
av_COFFEE_d1;53500;INTARIAN_PEPPER_ROOT;11861;19;11859;14;;;11880;5;11882;26;;;11870.5;0.0
av_COFFEE_d1;53600;ASH_COATED_OSMIUM;9931;18;9929;26;;;9938;14;9942;28;;;9934.5;0.0
av_COFFEE_d1;53600;INTARIAN_PEPPER_ROOT;11865;12;11862;20;;;11871;5;11874;15;;;11868.0;0.0
av_COFFEE_d1;53700;ASH_COATED_OSMIUM;9911;11;9907;18;;;9959;18;9963;18;;;9935.0;0.0
av_COFFEE_d1;53700;INTARIAN_PEPPER_ROOT;11864;21;11861;13;;;11870;13;11874;19;;;11867.0;0.0
av_COFFEE_d1;53800;ASH_COATED_OSMIUM;9928;19;9925;11;;;9942;11;9945;12;;;9935.0;0.0
av_COFFEE_d1;53800;INTARIAN_PEPPER_ROOT;11861;13;11859;13;;;11867;20;11870;27;;;11864.0;0.0
av_COFFEE_d1;53900;ASH_COATED_OSMIUM;9926;12;9922;28;;;9945;17;9948;10;;;9935.5;0.0
av_COFFEE_d1;53900;INTARIAN_PEPPER_ROOT;11859;11;11856;26;;;11865;16;11868;29;;;11862.0;0.0
av_COFFEE_d1;54000;ASH_COATED_OSMIUM;9932;20;9928;16;;;9938;7;9940;16;;;9935.0;0.0
av_COFFEE_d1;54000;INTARIAN_PEPPER_ROOT;11857;12;11855;26;;;11863;8;11865;16;;;11860.0;0.0
av_COFFEE_d1;54100;ASH_COATED_OSMIUM;9924;12;9921;18;;;9947;12;9950;16;;;9935.5;0.0
av_COFFEE_d1;54100;INTARIAN_PEPPER_ROOT;11847;21;11845;8;;;11870;14;11874;23;;;11858.5;0.0
av_COFFEE_d1;54200;ASH_COATED_OSMIUM;9932;17;9930;29;;;9938;16;9941;15;;;9935.0;0.0
av_COFFEE_d1;54200;INTARIAN_PEPPER_ROOT;11848;28;11846;18;;;11863;19;11866;23;;;11855.5;0.0
av_COFFEE_d1;54300;ASH_COATED_OSMIUM;9928;14;9924;26;;;9941;8;9945;26;;;9934.5;0.0
av_COFFEE_d1;54300;INTARIAN_PEPPER_ROOT;11849;18;11847;21;;;11857;18;11861;23;;;11853.0;0.0
av_COFFEE_d1;54400;ASH_COATED_OSMIUM;9924;14;9922;25;;;9946;13;9950;18;;;9935.0;0.0
av_COFFEE_d1;54400;INTARIAN_PEPPER_ROOT;11846;13;11843;19;;;11856;23;11859;24;;;11851.0;0.0
av_COFFEE_d1;54500;ASH_COATED_OSMIUM;9932;14;9930;17;;;9938;11;9942;20;;;9935.0;0.0
av_COFFEE_d1;54500;INTARIAN_PEPPER_ROOT;11845;17;11841;20;;;11855;19;11857;17;;;11850.0;0.0
av_COFFEE_d1;54600;ASH_COATED_OSMIUM;9932;13;9928;13;;;9938;22;9940;23;;;9935.0;0.0
av_COFFEE_d1;54600;INTARIAN_PEPPER_ROOT;11836;17;11833;16;;;11857;19;11860;32;;;11846.5;0.0
av_COFFEE_d1;54700;ASH_COATED_OSMIUM;9933;16;9931;22;;;9939;22;9942;16;;;9936.0;0.0
av_COFFEE_d1;54700;INTARIAN_PEPPER_ROOT;11842;16;11840;18;;;11848;10;11852;21;;;11845.0;0.0
av_COFFEE_d1;54800;ASH_COATED_OSMIUM;9932;17;9928;13;;;9938;6;9941;21;;;9935.0;0.0
av_COFFEE_d1;54800;INTARIAN_PEPPER_ROOT;11839;22;11835;23;;;11846;16;11849;19;;;11842.5;0.0
av_COFFEE_d1;54900;ASH_COATED_OSMIUM;9926;20;9923;30;;;9943;15;9945;25;;;9934.5;0.0
av_COFFEE_d1;54900;INTARIAN_PEPPER_ROOT;11829;16;11827;12;;;11853;24;11857;21;;;11841.0;0.0
av_COFFEE_d1;55000;ASH_COATED_OSMIUM;9930;9;9928;25;;;9940;12;9943;22;;;9935.0;0.0
av_COFFEE_d1;55000;INTARIAN_PEPPER_ROOT;11825;18;11822;20;;;11854;13;11858;17;;;11839.5;0.0
av_COFFEE_d1;55100;ASH_COATED_OSMIUM;9925;15;9923;31;;;9945;18;9947;26;;;9935.0;0.0
av_COFFEE_d1;55100;INTARIAN_PEPPER_ROOT;11834;18;11832;19;;;11840;5;11842;27;;;11837.0;0.0
av_COFFEE_d1;55200;ASH_COATED_OSMIUM;9931;23;9929;19;;;9940;13;9942;26;;;9935.5;0.0
av_COFFEE_d1;55200;INTARIAN_PEPPER_ROOT;11828;10;11826;18;;;11841;14;11843;10;;;11834.5;0.0
av_COFFEE_d1;55300;ASH_COATED_OSMIUM;9933;14;9929;20;;;9939;15;9942;19;;;9936.0;0.0
av_COFFEE_d1;55300;INTARIAN_PEPPER_ROOT;11829;15;11827;16;;;11835;13;11838;22;;;11832.0;0.0
av_COFFEE_d1;55400;ASH_COATED_OSMIUM;9932;11;9930;20;;;9938;13;9941;20;;;9935.0;0.0
av_COFFEE_d1;55400;INTARIAN_PEPPER_ROOT;11828;22;11825;26;;;11834;19;11836;15;;;11831.0;0.0
av_COFFEE_d1;55500;ASH_COATED_OSMIUM;9932;15;9930;29;;;9938;19;9942;20;;;9935.0;0.0
av_COFFEE_d1;55500;INTARIAN_PEPPER_ROOT;11822;17;11818;22;;;11835;20;11838;19;;;11828.5;0.0
av_COFFEE_d1;55600;ASH_COATED_OSMIUM;9932;16;9929;17;;;9938;13;9940;20;;;9935.0;0.0
av_COFFEE_d1;55600;INTARIAN_PEPPER_ROOT;11824;14;11821;20;;;11830;14;11832;16;;;11827.0;0.0
av_COFFEE_d1;55700;ASH_COATED_OSMIUM;9931;24;9927;17;;;9938;15;9940;26;;;9934.5;0.0
av_COFFEE_d1;55700;INTARIAN_PEPPER_ROOT;11818;13;11816;26;;;11831;5;11835;30;;;11824.5;0.0
av_COFFEE_d1;55800;ASH_COATED_OSMIUM;9931;17;9929;18;;;9939;13;9941;17;;;9935.0;0.0
av_COFFEE_d1;55800;INTARIAN_PEPPER_ROOT;11819;12;11817;26;;;11825;15;11828;21;;;11822.0;0.0
av_COFFEE_d1;55900;ASH_COATED_OSMIUM;9932;21;9928;17;;;9938;22;9941;19;;;9935.0;0.0
av_COFFEE_d1;55900;INTARIAN_PEPPER_ROOT;11817;12;11814;16;;;11823;19;11827;24;;;11820.0;0.0
av_COFFEE_d1;56000;ASH_COATED_OSMIUM;9932;23;9929;19;;;9938;14;9942;18;;;9935.0;0.0
av_COFFEE_d1;56000;INTARIAN_PEPPER_ROOT;11814;21;11811;27;;;11822;19;11824;15;;;11818.0;0.0
av_COFFEE_d1;56100;ASH_COATED_OSMIUM;9913;17;9910;24;;;9957;21;9961;22;;;9935.0;0.0
av_COFFEE_d1;56100;INTARIAN_PEPPER_ROOT;11813;11;11810;13;;;11819;13;11821;25;;;11816.0;0.0
av_COFFEE_d1;56200;ASH_COATED_OSMIUM;9932;17;9929;21;;;9938;8;9942;19;;;9935.0;0.0
av_COFFEE_d1;56200;INTARIAN_PEPPER_ROOT;11811;14;11808;28;;;11817;15;11820;16;;;11814.0;0.0
av_COFFEE_d1;56300;ASH_COATED_OSMIUM;9932;10;9928;28;;;9938;20;9942;33;;;9935.0;0.0
av_COFFEE_d1;56300;INTARIAN_PEPPER_ROOT;11809;10;11807;20;;;11815;17;11818;17;;;11812.0;0.0
av_COFFEE_d1;56400;ASH_COATED_OSMIUM;9931;15;9929;24;;;9941;12;9945;23;;;9936.0;0.0
av_COFFEE_d1;56400;INTARIAN_PEPPER_ROOT;11802;13;11798;21;;;11817;15;11820;16;;;11809.5;0.0
av_COFFEE_d1;56500;ASH_COATED_OSMIUM;9932;8;9929;21;;;9938;11;9942;12;;;9935.0;0.0
av_COFFEE_d1;56500;INTARIAN_PEPPER_ROOT;11805;14;11803;14;;;11811;14;11815;12;;;11808.0;0.0
av_COFFEE_d1;56600;ASH_COATED_OSMIUM;9929;17;9925;17;;;9941;8;9943;20;;;9935.0;0.0
av_COFFEE_d1;56600;INTARIAN_PEPPER_ROOT;11802;9;11798;27;;;11809;16;11811;20;;;11805.5;0.0
av_COFFEE_d1;56700;ASH_COATED_OSMIUM;9928;6;9924;20;;;9943;5;9947;17;;;9935.5;0.0
av_COFFEE_d1;56700;INTARIAN_PEPPER_ROOT;11799;11;11796;23;;;11807;20;11811;19;;;11803.0;0.0
av_COFFEE_d1;56800;ASH_COATED_OSMIUM;9932;12;9930;8;;;9938;17;9941;24;;;9935.0;0.0
av_COFFEE_d1;56800;INTARIAN_PEPPER_ROOT;11798;18;11794;27;;;11804;17;11807;25;;;11801.0;0.0
av_COFFEE_d1;56900;ASH_COATED_OSMIUM;9932;9;9928;24;;;9938;11;9940;16;;;9935.0;0.0
av_COFFEE_d1;56900;INTARIAN_PEPPER_ROOT;11796;12;11793;8;;;11802;10;11804;24;;;11799.0;0.0
av_COFFEE_d1;57000;ASH_COATED_OSMIUM;9926;21;9923;21;;;9943;5;9945;21;;;9934.5;0.0
