day;timestamp;product;bid_price_1;bid_volume_1;bid_price_2;bid_volume_2;bid_price_3;bid_volume_3;ask_price_1;ask_volume_1;ask_price_2;ask_volume_2;ask_price_3;ask_volume_3;mid_price;profit_and_loss
yf_ADM_d10;0;ASH_COATED_OSMIUM;9925;17;9922;23;;;9931;7;9933;23;;;9928.0;0.0
yf_ADM_d10;0;INTARIAN_PEPPER_ROOT;9996;13;9994;16;;;10002;14;10005;16;;;9999.0;0.0
yf_ADM_d10;100;ASH_COATED_OSMIUM;9925;12;9921;18;;;9931;16;9934;12;;;9928.0;0.0
yf_ADM_d10;100;INTARIAN_PEPPER_ROOT;9997;10;9994;21;;;10004;11;10006;17;;;10000.5;0.0
yf_ADM_d10;200;ASH_COATED_OSMIUM;9922;11;9919;20;;;9934;12;9937;10;;;9928.0;0.0
yf_ADM_d10;200;INTARIAN_PEPPER_ROOT;9997;20;9994;20;;;10006;14;10009;15;;;10001.5;0.0
yf_ADM_d10;300;ASH_COATED_OSMIUM;9925;14;9921;19;;;9931;18;9933;23;;;9928.0;0.0
yf_ADM_d10;300;INTARIAN_PEPPER_ROOT;10000;14;9996;18;;;10006;11;10009;11;;;10003.0;0.0
yf_ADM_d10;400;ASH_COATED_OSMIUM;9925;19;9921;20;;;9931;20;9935;21;;;9928.0;0.0
yf_ADM_d10;400;INTARIAN_PEPPER_ROOT;9999;15;9995;16;;;10010;8;10013;16;;;10004.5;0.0
yf_ADM_d10;500;ASH_COATED_OSMIUM;9924;12;9921;29;;;9930;12;9933;26;;;9927.0;0.0
yf_ADM_d10;500;INTARIAN_PEPPER_ROOT;10002;22;9998;25;;;10008;10;10010;18;;;10005.0;0.0
yf_ADM_d10;600;ASH_COATED_OSMIUM;9924;13;9920;16;;;9930;12;9932;17;;;9927.0;0.0
yf_ADM_d10;600;INTARIAN_PEPPER_ROOT;10003;11;10000;35;;;10009;5;10011;28;;;10006.0;0.0
yf_ADM_d10;700;ASH_COATED_OSMIUM;9924;19;9922;18;;;9930;9;9934;11;;;9927.0;0.0
yf_ADM_d10;700;INTARIAN_PEPPER_ROOT;10004;5;10002;20;;;10010;11;10013;19;;;10007.0;0.0
yf_ADM_d10;800;ASH_COATED_OSMIUM;9923;19;9919;22;;;9929;15;9933;16;;;9926.0;0.0
yf_ADM_d10;800;INTARIAN_PEPPER_ROOT;10005;10;10002;18;;;10011;16;10015;18;;;10008.0;0.0
yf_ADM_d10;900;ASH_COATED_OSMIUM;9924;19;9921;21;;;9930;15;9934;17;;;9927.0;0.0
yf_ADM_d10;900;INTARIAN_PEPPER_ROOT;10006;13;10003;27;;;10012;14;10015;18;;;10009.0;0.0
yf_ADM_d10;1000;ASH_COATED_OSMIUM;9924;7;9920;16;;;9930;5;9933;23;;;9927.0;0.0
yf_ADM_d10;1000;INTARIAN_PEPPER_ROOT;10008;19;10006;12;;;10014;11;10018;12;;;10011.0;0.0
yf_ADM_d10;1100;ASH_COATED_OSMIUM;9916;23;9913;8;;;9938;17;9942;12;;;9927.0;0.0
yf_ADM_d10;1100;INTARIAN_PEPPER_ROOT;10009;10;10007;20;;;10015;18;10018;9;;;10012.0;0.0
yf_ADM_d10;1200;ASH_COATED_OSMIUM;9923;5;9921;15;;;9929;14;9931;21;;;9926.0;0.0
yf_ADM_d10;1200;INTARIAN_PEPPER_ROOT;10009;21;10006;14;;;10016;11;10018;17;;;10012.5;0.0
yf_ADM_d10;1300;ASH_COATED_OSMIUM;9921;17;9919;19;;;9930;19;9934;26;;;9925.5;0.0
yf_ADM_d10;1300;INTARIAN_PEPPER_ROOT;10010;20;10007;21;;;10016;19;10020;17;;;10013.0;0.0
yf_ADM_d10;1400;ASH_COATED_OSMIUM;9923;5;9919;16;;;9929;11;9931;28;;;9926.0;0.0
yf_ADM_d10;1400;INTARIAN_PEPPER_ROOT;10009;17;10006;20;;;10020;18;10023;15;;;10014.5;0.0
yf_ADM_d10;1500;ASH_COATED_OSMIUM;9918;11;9916;20;;;9934;17;9937;18;;;9926.0;0.0
yf_ADM_d10;1500;INTARIAN_PEPPER_ROOT;10013;17;10010;18;;;10019;14;10022;18;;;10016.0;0.0
yf_ADM_d10;1600;ASH_COATED_OSMIUM;9921;15;9917;13;;;9930;15;9934;11;;;9925.5;0.0
yf_ADM_d10;1600;INTARIAN_PEPPER_ROOT;10014;12;10012;22;;;10020;13;10023;22;;;10017.0;0.0
yf_ADM_d10;1700;ASH_COATED_OSMIUM;9920;19;9917;24;;;9930;22;9934;20;;;9925.0;0.0
yf_ADM_d10;1700;INTARIAN_PEPPER_ROOT;10013;17;10009;17;;;10023;16;10026;18;;;10018.0;0.0
yf_ADM_d10;1800;ASH_COATED_OSMIUM;9916;15;9913;26;;;9933;14;9935;20;;;9924.5;0.0
yf_ADM_d10;1800;INTARIAN_PEPPER_ROOT;10013;20;10010;13;;;10027;18;10030;17;;;10020.0;0.0
yf_ADM_d10;1900;ASH_COATED_OSMIUM;9922;12;9920;12;;;9928;12;9930;23;;;9925.0;0.0
yf_ADM_d10;1900;INTARIAN_PEPPER_ROOT;10017;22;10013;10;;;10024;12;10028;23;;;10020.5;0.0
yf_ADM_d10;2000;ASH_COATED_OSMIUM;9922;14;9920;21;;;9928;19;9932;20;;;9925.0;0.0
yf_ADM_d10;2000;INTARIAN_PEPPER_ROOT;10019;20;10016;23;;;10025;17;10028;27;;;10022.0;0.0
yf_ADM_d10;2100;ASH_COATED_OSMIUM;9911;15;9908;16;;;9940;7;9944;17;;;9925.5;0.0
yf_ADM_d10;2100;INTARIAN_PEPPER_ROOT;10013;18;10010;19;;;10033;21;10035;14;;;10023.0;0.0
yf_ADM_d10;2200;ASH_COATED_OSMIUM;9922;13;9920;23;;;9928;14;9932;24;;;9925.0;0.0
yf_ADM_d10;2200;INTARIAN_PEPPER_ROOT;10021;7;10018;20;;;10027;9;10031;21;;;10024.0;0.0
yf_ADM_d10;2300;ASH_COATED_OSMIUM;9922;24;9920;23;;;9928;17;9932;12;;;9925.0;0.0
yf_ADM_d10;2300;INTARIAN_PEPPER_ROOT;10018;10;10015;13;;;10031;28;10033;12;;;10024.5;0.0
yf_ADM_d10;2400;ASH_COATED_OSMIUM;9920;16;9916;19;;;9927;8;9929;20;;;9923.5;0.0
yf_ADM_d10;2400;INTARIAN_PEPPER_ROOT;10023;15;10021;13;;;10029;17;10031;28;;;10026.0;0.0
yf_ADM_d10;2500;ASH_COATED_OSMIUM;9918;6;9914;13;;;9930;14;9934;18;;;9924.0;0.0
yf_ADM_d10;2500;INTARIAN_PEPPER_ROOT;10024;16;10020;18;;;10030;13;10032;21;;;10027.0;0.0
yf_ADM_d10;2600;ASH_COATED_OSMIUM;9916;17;9913;19;;;9930;20;9934;20;;;9923.0;0.0
yf_ADM_d10;2600;INTARIAN_PEPPER_ROOT;10025;16;10021;20;;;10031;17;10034;19;;;10028.0;0.0
yf_ADM_d10;2700;ASH_COATED_OSMIUM;9917;11;9915;18;;;9931;5;9935;21;;;9924.0;0.0
yf_ADM_d10;2700;INTARIAN_PEPPER_ROOT;10026;18;10024;23;;;10032;10;10034;17;;;10029.0;0.0
yf_ADM_d10;2800;ASH_COATED_OSMIUM;9920;11;9918;11;;;9926;13;9929;15;;;9923.0;0.0
yf_ADM_d10;2800;INTARIAN_PEPPER_ROOT;10028;15;10025;19;;;10034;22;10037;23;;;10031.0;0.0
yf_ADM_d10;2900;ASH_COATED_OSMIUM;9920;21;9918;20;;;9927;22;9930;24;;;9923.5;0.0
yf_ADM_d10;2900;INTARIAN_PEPPER_ROOT;10027;9;10024;16;;;10034;14;10037;22;;;10030.5;0.0
yf_ADM_d10;3000;ASH_COATED_OSMIUM;9920;22;9918;19;;;9926;13;9928;24;;;9923.0;0.0
yf_ADM_d10;3000;INTARIAN_PEPPER_ROOT;10025;9;10023;25;;;10039;13;10041;17;;;10032.0;0.0
yf_ADM_d10;3100;ASH_COATED_OSMIUM;9920;21;9917;13;;;9926;19;9930;16;;;9923.0;0.0
yf_ADM_d10;3100;INTARIAN_PEPPER_ROOT;10031;12;10027;19;;;10037;18;10040;23;;;10034.0;0.0
yf_ADM_d10;3200;ASH_COATED_OSMIUM;9919;11;9917;21;;;9927;26;9929;17;;;9923.0;0.0
yf_ADM_d10;3200;INTARIAN_PEPPER_ROOT;10032;18;10030;18;;;10038;21;10041;16;;;10035.0;0.0
yf_ADM_d10;3300;ASH_COATED_OSMIUM;9920;23;9917;23;;;9926;16;9928;16;;;9923.0;0.0
yf_ADM_d10;3300;INTARIAN_PEPPER_ROOT;10033;13;10029;9;;;10040;18;10043;19;;;10036.5;0.0
yf_ADM_d10;3400;ASH_COATED_OSMIUM;9920;11;9917;21;;;9926;19;9930;20;;;9923.0;0.0
yf_ADM_d10;3400;INTARIAN_PEPPER_ROOT;10031;16;10027;20;;;10043;20;10047;11;;;10037.0;0.0
yf_ADM_d10;3500;ASH_COATED_OSMIUM;9919;8;9917;18;;;9925;14;9928;22;;;9922.0;0.0
yf_ADM_d10;3500;INTARIAN_PEPPER_ROOT;10035;8;10031;15;;;10041;7;10045;18;;;10038.0;0.0
yf_ADM_d10;3600;ASH_COATED_OSMIUM;9919;16;9915;16;;;9925;14;9929;14;;;9922.0;0.0
yf_ADM_d10;3600;INTARIAN_PEPPER_ROOT;10016;5;10012;21;;;10062;18;10066;20;;;10039.0;0.0
yf_ADM_d10;3700;ASH_COATED_OSMIUM;9918;13;9915;20;;;9927;19;9930;22;;;9922.5;0.0
yf_ADM_d10;3700;INTARIAN_PEPPER_ROOT;10029;16;10025;20;;;10053;11;10057;23;;;10041.0;0.0
yf_ADM_d10;3800;ASH_COATED_OSMIUM;9919;20;9915;23;;;9925;9;9927;19;;;9922.0;0.0
yf_ADM_d10;3800;INTARIAN_PEPPER_ROOT;10034;14;10030;19;;;10048;13;10052;13;;;10041.0;0.0
yf_ADM_d10;3900;ASH_COATED_OSMIUM;9918;15;9915;26;;;9925;14;9928;24;;;9921.5;0.0
yf_ADM_d10;3900;INTARIAN_PEPPER_ROOT;10034;11;10032;20;;;10051;13;10054;19;;;10042.5;0.0
yf_ADM_d10;4000;ASH_COATED_OSMIUM;9918;12;9915;14;;;9924;13;9928;11;;;9921.0;0.0
yf_ADM_d10;4000;INTARIAN_PEPPER_ROOT;10039;19;10036;23;;;10048;17;10051;18;;;10043.5;0.0
yf_ADM_d10;4100;ASH_COATED_OSMIUM;9918;8;9915;18;;;9924;11;9928;19;;;9921.0;0.0
yf_ADM_d10;4100;INTARIAN_PEPPER_ROOT;10036;19;10034;18;;;10053;14;10057;19;;;10044.5;0.0
yf_ADM_d10;4200;ASH_COATED_OSMIUM;9905;15;9902;11;;;9937;17;9941;30;;;9921.0;0.0
yf_ADM_d10;4200;INTARIAN_PEPPER_ROOT;10041;12;10039;18;;;10051;8;10053;17;;;10046.0;0.0
yf_ADM_d10;4300;ASH_COATED_OSMIUM;9909;10;9907;27;;;9933;23;9936;12;;;9921.0;0.0
yf_ADM_d10;4300;INTARIAN_PEPPER_ROOT;10042;7;10038;22;;;10051;18;10053;25;;;10046.5;0.0
yf_ADM_d10;4400;ASH_COATED_OSMIUM;9918;23;9916;12;;;9925;12;9928;24;;;9921.5;0.0
yf_ADM_d10;4400;INTARIAN_PEPPER_ROOT;10038;21;10036;15;;;10058;9;10060;19;;;10048.0;0.0
yf_ADM_d10;4500;ASH_COATED_OSMIUM;9918;12;9914;26;;;9924;13;9928;17;;;9921.0;0.0
yf_ADM_d10;4500;INTARIAN_PEPPER_ROOT;10046;22;10043;25;;;10052;27;10055;19;;;10049.0;0.0
yf_ADM_d10;4600;ASH_COATED_OSMIUM;9918;11;9916;17;;;9924;22;9926;18;;;9921.0;0.0
yf_ADM_d10;4600;INTARIAN_PEPPER_ROOT;10042;20;10040;22;;;10057;20;10060;16;;;10049.5;0.0
yf_ADM_d10;4700;ASH_COATED_OSMIUM;9917;25;9915;11;;;9923;20;9926;22;;;9920.0;0.0
yf_ADM_d10;4700;INTARIAN_PEPPER_ROOT;10045;11;10041;24;;;10058;21;10060;13;;;10051.5;0.0
yf_ADM_d10;4800;ASH_COATED_OSMIUM;9917;20;9913;17;;;9923;17;9927;10;;;9920.0;0.0
yf_ADM_d10;4800;INTARIAN_PEPPER_ROOT;10049;22;10046;21;;;10057;12;10060;20;;;10053.0;0.0
yf_ADM_d10;4900;ASH_COATED_OSMIUM;9917;12;9915;9;;;9923;10;9927;19;;;9920.0;0.0
yf_ADM_d10;4900;INTARIAN_PEPPER_ROOT;10047;13;10045;27;;;10061;9;10063;14;;;10054.0;0.0
yf_ADM_d10;5000;ASH_COATED_OSMIUM;9917;15;9915;20;;;9923;10;9927;19;;;9920.0;0.0
yf_ADM_d10;5000;INTARIAN_PEPPER_ROOT;10052;16;10049;21;;;10058;16;10061;23;;;10055.0;0.0
yf_ADM_d10;5100;ASH_COATED_OSMIUM;9917;18;9914;19;;;9923;13;9925;12;;;9920.0;0.0
yf_ADM_d10;5100;INTARIAN_PEPPER_ROOT;10053;15;10049;14;;;10059;10;10062;21;;;10056.0;0.0
yf_ADM_d10;5200;ASH_COATED_OSMIUM;9908;21;9904;19;;;9931;11;9934;21;;;9919.5;0.0
yf_ADM_d10;5200;INTARIAN_PEPPER_ROOT;10054;10;10052;25;;;10060;13;10063;30;;;10057.0;0.0
yf_ADM_d10;5300;ASH_COATED_OSMIUM;9909;10;9905;15;;;9930;6;9933;23;;;9919.5;0.0
yf_ADM_d10;5300;INTARIAN_PEPPER_ROOT;10055;16;10051;15;;;10061;19;10064;18;;;10058.0;0.0
yf_ADM_d10;5400;ASH_COATED_OSMIUM;9916;7;9913;18;;;9922;19;9925;21;;;9919.0;0.0
yf_ADM_d10;5400;INTARIAN_PEPPER_ROOT;10051;19;10048;23;;;10069;14;10073;14;;;10060.0;0.0
yf_ADM_d10;5500;ASH_COATED_OSMIUM;9911;10;9907;24;;;9927;15;9929;25;;;9919.0;0.0
yf_ADM_d10;5500;INTARIAN_PEPPER_ROOT;10053;5;10049;22;;;10069;17;10072;27;;;10061.0;0.0
yf_ADM_d10;5600;ASH_COATED_OSMIUM;9916;11;9912;22;;;9922;26;9924;19;;;9919.0;0.0
yf_ADM_d10;5600;INTARIAN_PEPPER_ROOT;10059;18;10055;13;;;10065;13;10067;13;;;10062.0;0.0
yf_ADM_d10;5700;ASH_COATED_OSMIUM;9915;13;9913;21;;;9921;8;9925;21;;;9918.0;0.0
yf_ADM_d10;5700;INTARIAN_PEPPER_ROOT;10059;17;10055;17;;;10065;19;10068;22;;;10062.0;0.0
yf_ADM_d10;5800;ASH_COATED_OSMIUM;9915;10;9912;19;;;9921;13;9923;22;;;9918.0;0.0
yf_ADM_d10;5800;INTARIAN_PEPPER_ROOT;10059;13;10056;29;;;10069;17;10071;17;;;10064.0;0.0
yf_ADM_d10;5900;ASH_COATED_OSMIUM;9916;5;9914;22;;;9922;19;9925;21;;;9919.0;0.0
yf_ADM_d10;5900;INTARIAN_PEPPER_ROOT;10062;23;10060;12;;;10068;15;10070;19;;;10065.0;0.0
yf_ADM_d10;6000;ASH_COATED_OSMIUM;9902;10;9898;22;;;9935;15;9937;18;;;9918.5;0.0
yf_ADM_d10;6000;INTARIAN_PEPPER_ROOT;10062;25;10059;14;;;10068;15;10072;17;;;10065.0;0.0
yf_ADM_d10;6100;ASH_COATED_OSMIUM;9913;15;9911;20;;;9924;10;9927;22;;;9918.5;0.0
yf_ADM_d10;6100;INTARIAN_PEPPER_ROOT;10060;13;10056;18;;;10073;25;10076;18;;;10066.5;0.0
yf_ADM_d10;6200;ASH_COATED_OSMIUM;9915;16;9913;21;;;9921;11;9924;24;;;9918.0;0.0
yf_ADM_d10;6200;INTARIAN_PEPPER_ROOT;10053;18;10050;11;;;10084;11;10086;20;;;10068.5;0.0
yf_ADM_d10;6300;ASH_COATED_OSMIUM;9915;25;9911;16;;;9921;15;9925;18;;;9918.0;0.0
yf_ADM_d10;6300;INTARIAN_PEPPER_ROOT;10066;26;10062;20;;;10072;10;10075;25;;;10069.0;0.0
yf_ADM_d10;6400;ASH_COATED_OSMIUM;9912;16;9908;24;;;9923;19;9927;20;;;9917.5;0.0
yf_ADM_d10;6400;INTARIAN_PEPPER_ROOT;10066;23;10064;20;;;10075;13;10077;18;;;10070.5;0.0
yf_ADM_d10;6500;ASH_COATED_OSMIUM;9914;16;9911;13;;;9920;16;9924;13;;;9917.0;0.0
yf_ADM_d10;6500;INTARIAN_PEPPER_ROOT;10068;22;10066;22;;;10075;14;10077;17;;;10071.5;0.0
yf_ADM_d10;6600;ASH_COATED_OSMIUM;9914;9;9911;20;;;9920;6;9922;15;;;9917.0;0.0
yf_ADM_d10;6600;INTARIAN_PEPPER_ROOT;10070;5;10068;25;;;10076;22;10080;18;;;10073.0;0.0
yf_ADM_d10;6700;ASH_COATED_OSMIUM;9914;19;9910;19;;;9920;13;9923;17;;;9917.0;0.0
yf_ADM_d10;6700;INTARIAN_PEPPER_ROOT;10071;21;10069;15;;;10077;13;10080;21;;;10074.0;0.0
yf_ADM_d10;6800;ASH_COATED_OSMIUM;9914;12;9912;24;;;9920;25;9923;20;;;9917.0;0.0
yf_ADM_d10;6800;INTARIAN_PEPPER_ROOT;10072;17;10069;19;;;10078;18;10081;13;;;10075.0;0.0
yf_ADM_d10;6900;ASH_COATED_OSMIUM;9914;17;9912;21;;;9920;16;9922;13;;;9917.0;0.0
yf_ADM_d10;6900;INTARIAN_PEPPER_ROOT;10069;23;10066;18;;;10083;14;10087;26;;;10076.0;0.0
yf_ADM_d10;7000;ASH_COATED_OSMIUM;9913;19;9909;20;;;9919;7;9923;27;;;9916.0;0.0
yf_ADM_d10;7000;INTARIAN_PEPPER_ROOT;10074;18;10071;15;;;10080;9;10084;8;;;10077.0;0.0
yf_ADM_d10;7100;ASH_COATED_OSMIUM;9913;19;9911;13;;;9919;22;9922;21;;;9916.0;0.0
yf_ADM_d10;7100;INTARIAN_PEPPER_ROOT;10075;17;10071;25;;;10081;13;10085;23;;;10078.0;0.0
yf_ADM_d10;7200;ASH_COATED_OSMIUM;9910;18;9906;26;;;9922;13;9924;22;;;9916.0;0.0
yf_ADM_d10;7200;INTARIAN_PEPPER_ROOT;10076;11;10074;20;;;10082;12;10085;17;;;10079.0;0.0
yf_ADM_d10;7300;ASH_COATED_OSMIUM;9913;22;9911;26;;;9919;6;9921;21;;;9916.0;0.0
yf_ADM_d10;7300;INTARIAN_PEPPER_ROOT;10077;24;10075;20;;;10083;22;10087;19;;;10080.0;0.0
yf_ADM_d10;7400;ASH_COATED_OSMIUM;9913;17;9911;24;;;9919;16;9923;12;;;9916.0;0.0
yf_ADM_d10;7400;INTARIAN_PEPPER_ROOT;10078;10;10074;23;;;10085;17;10087;18;;;10081.5;0.0
yf_ADM_d10;7500;ASH_COATED_OSMIUM;9913;11;9911;19;;;9919;15;9922;20;;;9916.0;0.0
yf_ADM_d10;7500;INTARIAN_PEPPER_ROOT;10067;17;10065;22;;;10099;6;10101;21;;;10083.0;0.0
yf_ADM_d10;7600;ASH_COATED_OSMIUM;9901;18;9898;8;;;9930;15;9932;17;;;9915.5;0.0
yf_ADM_d10;7600;INTARIAN_PEPPER_ROOT;10081;9;10077;20;;;10087;14;10091;22;;;10084.0;0.0
yf_ADM_d10;7700;ASH_COATED_OSMIUM;9908;9;9904;22;;;9920;8;9922;13;;;9914.0;0.0
yf_ADM_d10;7700;INTARIAN_PEPPER_ROOT;10072;11;10068;28;;;10098;20;10102;20;;;10085.0;0.0
yf_ADM_d10;7800;ASH_COATED_OSMIUM;9899;15;9896;17;;;9931;16;9935;14;;;9915.0;0.0
yf_ADM_d10;7800;INTARIAN_PEPPER_ROOT;10083;14;10079;12;;;10089;10;10092;23;;;10086.0;0.0
yf_ADM_d10;7900;ASH_COATED_OSMIUM;9912;8;9908;27;;;9918;12;9921;14;;;9915.0;0.0
yf_ADM_d10;7900;INTARIAN_PEPPER_ROOT;10083;17;10080;17;;;10090;8;10093;26;;;10086.5;0.0
yf_ADM_d10;8000;ASH_COATED_OSMIUM;9911;9;9909;13;;;9919;9;9921;23;;;9915.0;0.0
yf_ADM_d10;8000;INTARIAN_PEPPER_ROOT;10077;13;10073;22;;;10099;17;10102;21;;;10088.0;0.0
yf_ADM_d10;8100;ASH_COATED_OSMIUM;9911;8;9909;13;;;9917;14;9919;16;;;9914.0;0.0
yf_ADM_d10;8100;INTARIAN_PEPPER_ROOT;10086;14;10082;20;;;10093;10;10095;17;;;10089.5;0.0
yf_ADM_d10;8200;ASH_COATED_OSMIUM;9909;9;9905;13;;;9921;30;9924;22;;;9915.0;0.0
yf_ADM_d10;8200;INTARIAN_PEPPER_ROOT;10087;14;10084;13;;;10093;18;10097;24;;;10090.0;0.0
yf_ADM_d10;8300;ASH_COATED_OSMIUM;9912;18;9910;21;;;9918;14;9921;23;;;9915.0;0.0
yf_ADM_d10;8300;INTARIAN_PEPPER_ROOT;10089;10;10087;26;;;10095;9;10099;17;;;10092.0;0.0
yf_ADM_d10;8400;ASH_COATED_OSMIUM;9911;14;9909;23;;;9917;13;9919;22;;;9914.0;0.0
yf_ADM_d10;8400;INTARIAN_PEPPER_ROOT;10088;9;10085;8;;;10098;12;10102;16;;;10093.0;0.0
yf_ADM_d10;8500;ASH_COATED_OSMIUM;9911;9;9907;11;;;9917;12;9921;19;;;9914.0;0.0
yf_ADM_d10;8500;INTARIAN_PEPPER_ROOT;10076;17;10072;24;;;10112;13;10116;21;;;10094.0;0.0
yf_ADM_d10;8600;ASH_COATED_OSMIUM;9910;18;9908;17;;;9916;17;9919;16;;;9913.0;0.0
yf_ADM_d10;8600;INTARIAN_PEPPER_ROOT;10092;17;10088;25;;;10098;20;10100;21;;;10095.0;0.0
yf_ADM_d10;8700;ASH_COATED_OSMIUM;9910;25;9908;16;;;9918;21;9921;16;;;9914.0;0.0
yf_ADM_d10;8700;INTARIAN_PEPPER_ROOT;10093;12;10090;16;;;10099;17;10102;13;;;10096.0;0.0
yf_ADM_d10;8800;ASH_COATED_OSMIUM;9911;20;9909;29;;;9917;10;9920;21;;;9914.0;0.0
yf_ADM_d10;8800;INTARIAN_PEPPER_ROOT;10091;14;10087;19;;;10102;17;10106;13;;;10096.5;0.0
yf_ADM_d10;8900;ASH_COATED_OSMIUM;9910;15;9906;25;;;9916;22;9920;23;;;9913.0;0.0
yf_ADM_d10;8900;INTARIAN_PEPPER_ROOT;10094;23;10090;17;;;10101;15;10104;15;;;10097.5;0.0
yf_ADM_d10;9000;ASH_COATED_OSMIUM;9910;19;9907;11;;;9916;5;9918;11;;;9913.0;0.0
yf_ADM_d10;9000;INTARIAN_PEPPER_ROOT;10096;19;10094;15;;;10102;6;10105;25;;;10099.0;0.0
yf_ADM_d10;9100;ASH_COATED_OSMIUM;9909;12;9906;29;;;9917;21;9920;20;;;9913.0;0.0
yf_ADM_d10;9100;INTARIAN_PEPPER_ROOT;10089;7;10087;17;;;10112;13;10115;21;;;10100.5;0.0
yf_ADM_d10;9200;ASH_COATED_OSMIUM;9909;11;9905;23;;;9916;23;9918;18;;;9912.5;0.0
yf_ADM_d10;9200;INTARIAN_PEPPER_ROOT;10098;19;10094;20;;;10104;9;10106;25;;;10101.0;0.0
yf_ADM_d10;9300;ASH_COATED_OSMIUM;9909;5;9905;17;;;9915;11;9917;17;;;9912.0;0.0
yf_ADM_d10;9300;INTARIAN_PEPPER_ROOT;10089;9;10086;18;;;10116;9;10118;18;;;10102.5;0.0
yf_ADM_d10;9400;ASH_COATED_OSMIUM;9910;15;9907;25;;;9916;12;9919;19;;;9913.0;0.0
yf_ADM_d10;9400;INTARIAN_PEPPER_ROOT;10100;18;10096;14;;;10106;7;10109;25;;;10103.0;0.0
yf_ADM_d10;9500;ASH_COATED_OSMIUM;9907;9;9903;19;;;9917;15;9919;29;;;9912.0;0.0
yf_ADM_d10;9500;INTARIAN_PEPPER_ROOT;10102;16;10098;20;;;10108;13;10110;19;;;10105.0;0.0
yf_ADM_d10;9600;ASH_COATED_OSMIUM;9907;16;9905;20;;;9918;22;9921;15;;;9912.5;0.0
yf_ADM_d10;9600;INTARIAN_PEPPER_ROOT;10101;17;10098;23;;;10110;16;10112;12;;;10105.5;0.0
yf_ADM_d10;9700;ASH_COATED_OSMIUM;9909;15;9907;17;;;9915;11;9918;21;;;9912.0;0.0
yf_ADM_d10;9700;INTARIAN_PEPPER_ROOT;10098;23;10095;20;;;10115;19;10118;21;;;10106.5;0.0
yf_ADM_d10;9800;ASH_COATED_OSMIUM;9908;17;9906;16;;;9914;16;9916;18;;;9911.0;0.0
yf_ADM_d10;9800;INTARIAN_PEPPER_ROOT;10105;13;10101;20;;;10111;19;10115;26;;;10108.0;0.0
yf_ADM_d10;9900;ASH_COATED_OSMIUM;9909;8;9907;18;;;9915;17;9917;13;;;9912.0;0.0
yf_ADM_d10;9900;INTARIAN_PEPPER_ROOT;10098;19;10095;15;;;10120;15;10124;22;;;10109.0;0.0
yf_ADM_d10;10000;ASH_COATED_OSMIUM;9901;17;9899;15;;;9921;8;9923;14;;;9911.0;0.0
yf_ADM_d10;10000;INTARIAN_PEPPER_ROOT;10104;13;10100;18;;;10117;5;10120;18;;;10110.5;0.0
yf_ADM_d10;10100;ASH_COATED_OSMIUM;9908;18;9906;17;;;9914;15;9918;21;;;9911.0;0.0
yf_ADM_d10;10100;INTARIAN_PEPPER_ROOT;10108;16;10105;23;;;10114;15;10117;22;;;10111.0;0.0
yf_ADM_d10;10200;ASH_COATED_OSMIUM;9903;15;9900;21;;;9918;15;9920;8;;;9910.5;0.0
yf_ADM_d10;10200;INTARIAN_PEPPER_ROOT;10105;16;10102;16;;;10120;5;10123;24;;;10112.5;0.0
yf_ADM_d10;10300;ASH_COATED_OSMIUM;9905;20;9901;22;;;9917;17;9919;26;;;9911.0;0.0
yf_ADM_d10;10300;INTARIAN_PEPPER_ROOT;10111;16;10109;16;;;10117;21;10119;18;;;10114.0;0.0
yf_ADM_d10;10400;ASH_COATED_OSMIUM;9907;26;9903;14;;;9913;14;9915;20;;;9910.0;0.0
yf_ADM_d10;10400;INTARIAN_PEPPER_ROOT;10111;17;10107;22;;;10117;12;10121;20;;;10114.0;0.0
yf_ADM_d10;10500;ASH_COATED_OSMIUM;9907;5;9904;27;;;9915;24;9919;19;;;9911.0;0.0
yf_ADM_d10;10500;INTARIAN_PEPPER_ROOT;10113;6;10110;12;;;10119;15;10122;19;;;10116.0;0.0
yf_ADM_d10;10600;ASH_COATED_OSMIUM;9898;12;9896;18;;;9923;20;9925;22;;;9910.5;0.0
yf_ADM_d10;10600;INTARIAN_PEPPER_ROOT;10113;5;10111;11;;;10120;11;10123;18;;;10116.5;0.0
yf_ADM_d10;10700;ASH_COATED_OSMIUM;9907;15;9903;18;;;9913;21;9915;23;;;9910.0;0.0
yf_ADM_d10;10700;INTARIAN_PEPPER_ROOT;10115;18;10112;14;;;10121;15;10123;16;;;10118.0;0.0
yf_ADM_d10;10800;ASH_COATED_OSMIUM;9907;14;9905;24;;;9913;13;9915;27;;;9910.0;0.0
yf_ADM_d10;10800;INTARIAN_PEPPER_ROOT;10111;14;10107;19;;;10127;9;10131;31;;;10119.0;0.0
yf_ADM_d10;10900;ASH_COATED_OSMIUM;9902;11;9899;35;;;9918;24;9920;18;;;9910.0;0.0
yf_ADM_d10;10900;INTARIAN_PEPPER_ROOT;10109;16;10107;12;;;10130;18;10134;15;;;10119.5;0.0
yf_ADM_d10;11000;ASH_COATED_OSMIUM;9905;17;9901;29;;;9913;16;9915;13;;;9909.0;0.0
yf_ADM_d10;11000;INTARIAN_PEPPER_ROOT;10118;12;10114;27;;;10124;15;10127;16;;;10121.0;0.0
yf_ADM_d10;11100;ASH_COATED_OSMIUM;9907;16;9903;22;;;9913;17;9916;23;;;9910.0;0.0
yf_ADM_d10;11100;INTARIAN_PEPPER_ROOT;10120;6;10118;16;;;10126;12;10130;16;;;10123.0;0.0
yf_ADM_d10;11200;ASH_COATED_OSMIUM;9904;20;9901;28;;;9913;24;9916;14;;;9908.5;0.0
yf_ADM_d10;11200;INTARIAN_PEPPER_ROOT;10120;14;10117;17;;;10126;17;10129;25;;;10123.0;0.0
yf_ADM_d10;11300;ASH_COATED_OSMIUM;9906;6;9902;13;;;9912;12;9916;19;;;9909.0;0.0
yf_ADM_d10;11300;INTARIAN_PEPPER_ROOT;10115;15;10113;9;;;10133;8;10137;15;;;10124.0;0.0
yf_ADM_d10;11400;ASH_COATED_OSMIUM;9906;10;9902;20;;;9912;14;9914;23;;;9909.0;0.0
yf_ADM_d10;11400;INTARIAN_PEPPER_ROOT;10123;23;10121;8;;;10129;19;10133;20;;;10126.0;0.0
yf_ADM_d10;11500;ASH_COATED_OSMIUM;9906;9;9903;21;;;9912;10;9916;24;;;9909.0;0.0
yf_ADM_d10;11500;INTARIAN_PEPPER_ROOT;10124;16;10121;16;;;10130;13;10132;21;;;10127.0;0.0
yf_ADM_d10;11600;ASH_COATED_OSMIUM;9905;13;9903;21;;;9911;11;9914;18;;;9908.0;0.0
yf_ADM_d10;11600;INTARIAN_PEPPER_ROOT;10125;18;10123;15;;;10131;14;10133;16;;;10128.0;0.0
yf_ADM_d10;11700;ASH_COATED_OSMIUM;9902;17;9900;11;;;9916;14;9919;17;;;9909.0;0.0
yf_ADM_d10;11700;INTARIAN_PEPPER_ROOT;10125;23;10121;21;;;10131;21;10135;25;;;10128.0;0.0
yf_ADM_d10;11800;ASH_COATED_OSMIUM;9904;16;9902;11;;;9913;14;9915;21;;;9908.5;0.0
yf_ADM_d10;11800;INTARIAN_PEPPER_ROOT;10124;21;10121;13;;;10136;20;10138;15;;;10130.0;0.0
yf_ADM_d10;11900;ASH_COATED_OSMIUM;9906;21;9903;14;;;9912;13;9914;28;;;9909.0;0.0
yf_ADM_d10;11900;INTARIAN_PEPPER_ROOT;10128;13;10126;20;;;10134;16;10138;24;;;10131.0;0.0
yf_ADM_d10;12000;ASH_COATED_OSMIUM;9905;13;9901;33;;;9911;14;9915;24;;;9908.0;0.0
yf_ADM_d10;12000;INTARIAN_PEPPER_ROOT;10124;23;10121;18;;;10142;8;10145;29;;;10133.0;0.0
yf_ADM_d10;12100;ASH_COATED_OSMIUM;9898;13;9896;15;;;9917;12;9921;19;;;9907.5;0.0
yf_ADM_d10;12100;INTARIAN_PEPPER_ROOT;10131;17;10127;18;;;10137;15;10139;24;;;10134.0;0.0
yf_ADM_d10;12200;ASH_COATED_OSMIUM;9900;5;9897;17;;;9913;20;9916;18;;;9906.5;0.0
yf_ADM_d10;12200;INTARIAN_PEPPER_ROOT;10132;19;10129;23;;;10138;16;10142;19;;;10135.0;0.0
yf_ADM_d10;12300;ASH_COATED_OSMIUM;9904;12;9900;21;;;9910;8;9912;10;;;9907.0;0.0
yf_ADM_d10;12300;INTARIAN_PEPPER_ROOT;10119;24;10116;24;;;10152;16;10154;13;;;10135.5;0.0
yf_ADM_d10;12400;ASH_COATED_OSMIUM;9890;24;9888;20;;;9924;16;9926;12;;;9907.0;0.0
yf_ADM_d10;12400;INTARIAN_PEPPER_ROOT;10134;16;10130;25;;;10140;13;10144;18;;;10137.0;0.0
yf_ADM_d10;12500;ASH_COATED_OSMIUM;9904;17;9901;21;;;9910;23;9913;16;;;9907.0;0.0
yf_ADM_d10;12500;INTARIAN_PEPPER_ROOT;10135;11;10133;20;;;10141;14;10143;22;;;10138.0;0.0
yf_ADM_d10;12600;ASH_COATED_OSMIUM;9903;17;9900;19;;;9909;15;9911;22;;;9906.0;0.0
yf_ADM_d10;12600;INTARIAN_PEPPER_ROOT;10137;19;10135;21;;;10143;30;10146;12;;;10140.0;0.0
yf_ADM_d10;12700;ASH_COATED_OSMIUM;9904;23;9900;16;;;9910;7;9912;11;;;9907.0;0.0
yf_ADM_d10;12700;INTARIAN_PEPPER_ROOT;10138;21;10134;15;;;10144;20;10148;16;;;10141.0;0.0
yf_ADM_d10;12800;ASH_COATED_OSMIUM;9904;11;9902;12;;;9910;13;9914;17;;;9907.0;0.0
yf_ADM_d10;12800;INTARIAN_PEPPER_ROOT;10138;18;10134;20;;;10144;20;10147;22;;;10141.0;0.0
yf_ADM_d10;12900;ASH_COATED_OSMIUM;9904;16;9900;17;;;9910;16;9914;19;;;9907.0;0.0
yf_ADM_d10;12900;INTARIAN_PEPPER_ROOT;10140;12;10137;18;;;10146;25;10148;23;;;10143.0;0.0
yf_ADM_d10;13000;ASH_COATED_OSMIUM;9903;12;9900;24;;;9909;8;9911;19;;;9906.0;0.0
yf_ADM_d10;13000;INTARIAN_PEPPER_ROOT;10138;12;10136;23;;;10150;11;10154;25;;;10144.0;0.0
yf_ADM_d10;13100;ASH_COATED_OSMIUM;9903;13;9899;20;;;9909;13;9911;14;;;9906.0;0.0
yf_ADM_d10;13100;INTARIAN_PEPPER_ROOT;10142;19;10138;18;;;10148;12;10150;16;;;10145.0;0.0
yf_ADM_d10;13200;ASH_COATED_OSMIUM;9902;18;9899;32;;;9908;11;9912;20;;;9905.0;0.0
yf_ADM_d10;13200;INTARIAN_PEPPER_ROOT;10142;17;10140;19;;;10150;13;10154;19;;;10146.0;0.0
yf_ADM_d10;13300;ASH_COATED_OSMIUM;9900;24;9896;25;;;9913;13;9917;26;;;9906.5;0.0
yf_ADM_d10;13300;INTARIAN_PEPPER_ROOT;10141;19;10139;15;;;10153;5;10157;24;;;10147.0;0.0
yf_ADM_d10;13400;ASH_COATED_OSMIUM;9902;9;9898;30;;;9908;13;9910;19;;;9905.0;0.0
yf_ADM_d10;13400;INTARIAN_PEPPER_ROOT;10144;9;10141;22;;;10152;14;10156;23;;;10148.0;0.0
yf_ADM_d10;13500;ASH_COATED_OSMIUM;9901;17;9898;12;;;9910;18;9913;13;;;9905.5;0.0
yf_ADM_d10;13500;INTARIAN_PEPPER_ROOT;10138;17;10136;21;;;10159;17;10162;17;;;10148.5;0.0
yf_ADM_d10;13600;ASH_COATED_OSMIUM;9902;6;9898;11;;;9909;10;9911;16;;;9905.5;0.0
yf_ADM_d10;13600;INTARIAN_PEPPER_ROOT;10147;13;10143;15;;;10153;7;10156;22;;;10150.0;0.0
yf_ADM_d10;13700;ASH_COATED_OSMIUM;9902;12;9899;18;;;9908;11;9910;23;;;9905.0;0.0
yf_ADM_d10;13700;INTARIAN_PEPPER_ROOT;10148;5;10144;21;;;10155;6;10158;25;;;10151.5;0.0
yf_ADM_d10;13800;ASH_COATED_OSMIUM;9902;23;9898;20;;;9908;9;9910;20;;;9905.0;0.0
yf_ADM_d10;13800;INTARIAN_PEPPER_ROOT;10149;19;10145;20;;;10156;26;10160;18;;;10152.5;0.0
yf_ADM_d10;13900;ASH_COATED_OSMIUM;9902;10;9899;14;;;9908;10;9910;24;;;9905.0;0.0
yf_ADM_d10;13900;INTARIAN_PEPPER_ROOT;10151;15;10149;21;;;10157;16;10160;17;;;10154.0;0.0
yf_ADM_d10;14000;ASH_COATED_OSMIUM;9901;16;9897;15;;;9907;14;9910;19;;;9904.0;0.0
yf_ADM_d10;14000;INTARIAN_PEPPER_ROOT;10151;15;10148;21;;;10157;20;10161;19;;;10154.0;0.0
yf_ADM_d10;14100;ASH_COATED_OSMIUM;9901;14;9898;12;;;9907;5;9911;24;;;9904.0;0.0
yf_ADM_d10;14100;INTARIAN_PEPPER_ROOT;10153;11;10151;18;;;10159;9;10161;17;;;10156.0;0.0
yf_ADM_d10;14200;ASH_COATED_OSMIUM;9901;24;9899;16;;;9907;13;9911;17;;;9904.0;0.0
yf_ADM_d10;14200;INTARIAN_PEPPER_ROOT;10151;15;10149;14;;;10164;17;10166;27;;;10157.5;0.0
yf_ADM_d10;14300;ASH_COATED_OSMIUM;9901;21;9899;23;;;9907;21;9911;30;;;9904.0;0.0
yf_ADM_d10;14300;INTARIAN_PEPPER_ROOT;10155;17;10152;17;;;10161;19;10165;19;;;10158.0;0.0
yf_ADM_d10;14400;ASH_COATED_OSMIUM;9897;10;9893;21;;;9910;11;9914;18;;;9903.5;0.0
yf_ADM_d10;14400;INTARIAN_PEPPER_ROOT;10156;21;10153;13;;;10162;13;10164;19;;;10159.0;0.0
yf_ADM_d10;14500;ASH_COATED_OSMIUM;9901;14;9898;20;;;9907;10;9909;16;;;9904.0;0.0
yf_ADM_d10;14500;INTARIAN_PEPPER_ROOT;10157;13;10154;22;;;10163;24;10166;30;;;10160.0;0.0
yf_ADM_d10;14600;ASH_COATED_OSMIUM;9895;5;9892;23;;;9912;6;9915;15;;;9903.5;0.0
yf_ADM_d10;14600;INTARIAN_PEPPER_ROOT;10152;18;10148;18;;;10171;9;10175;18;;;10161.5;0.0
yf_ADM_d10;14700;ASH_COATED_OSMIUM;9900;18;9896;17;;;9907;22;9910;22;;;9903.5;0.0
yf_ADM_d10;14700;INTARIAN_PEPPER_ROOT;10160;17;10158;23;;;10166;18;10168;18;;;10163.0;0.0
yf_ADM_d10;14800;ASH_COATED_OSMIUM;9899;21;9896;16;;;9906;14;9910;21;;;9902.5;0.0
yf_ADM_d10;14800;INTARIAN_PEPPER_ROOT;10154;18;10152;25;;;10173;24;10175;19;;;10163.5;0.0
yf_ADM_d10;14900;ASH_COATED_OSMIUM;9900;21;9898;15;;;9906;21;9910;19;;;9903.0;0.0
yf_ADM_d10;14900;INTARIAN_PEPPER_ROOT;10152;16;10148;18;;;10178;15;10182;29;;;10165.0;0.0
yf_ADM_d10;15000;ASH_COATED_OSMIUM;9900;14;9898;23;;;9906;10;9908;12;;;9903.0;0.0
yf_ADM_d10;15000;INTARIAN_PEPPER_ROOT;10163;16;10159;21;;;10169;21;10171;19;;;10166.0;0.0
yf_ADM_d10;15100;ASH_COATED_OSMIUM;9900;5;9898;24;;;9906;11;9909;18;;;9903.0;0.0
yf_ADM_d10;15100;INTARIAN_PEPPER_ROOT;10164;20;10161;8;;;10171;6;10173;19;;;10167.5;0.0
yf_ADM_d10;15200;ASH_COATED_OSMIUM;9896;8;9893;24;;;9909;23;9911;12;;;9902.5;0.0
yf_ADM_d10;15200;INTARIAN_PEPPER_ROOT;10165;13;10162;19;;;10171;14;10173;21;;;10168.0;0.0
yf_ADM_d10;15300;ASH_COATED_OSMIUM;9899;22;9896;28;;;9905;11;9909;20;;;9902.0;0.0
yf_ADM_d10;15300;INTARIAN_PEPPER_ROOT;10166;5;10164;11;;;10172;10;10175;23;;;10169.0;0.0
yf_ADM_d10;15400;ASH_COATED_OSMIUM;9891;11;9887;24;;;9913;16;9915;14;;;9902.0;0.0
yf_ADM_d10;15400;INTARIAN_PEPPER_ROOT;10164;7;10161;8;;;10175;19;10178;18;;;10169.5;0.0
yf_ADM_d10;15500;ASH_COATED_OSMIUM;9899;10;9895;14;;;9905;21;9907;23;;;9902.0;0.0
yf_ADM_d10;15500;INTARIAN_PEPPER_ROOT;10168;9;10166;21;;;10174;13;10178;21;;;10171.0;0.0
yf_ADM_d10;15600;ASH_COATED_OSMIUM;9899;13;9897;15;;;9905;18;9909;27;;;9902.0;0.0
yf_ADM_d10;15600;INTARIAN_PEPPER_ROOT;10164;7;10162;15;;;10181;18;10185;24;;;10172.5;0.0
yf_ADM_d10;15700;ASH_COATED_OSMIUM;9898;14;9894;28;;;9904;14;9908;28;;;9901.0;0.0
yf_ADM_d10;15700;INTARIAN_PEPPER_ROOT;10167;18;10163;24;;;10181;12;10183;20;;;10174.0;0.0
yf_ADM_d10;15800;ASH_COATED_OSMIUM;9894;17;9892;17;;;9909;17;9912;28;;;9901.5;0.0
yf_ADM_d10;15800;INTARIAN_PEPPER_ROOT;10172;16;10168;16;;;10178;13;10181;19;;;10175.0;0.0
yf_ADM_d10;15900;ASH_COATED_OSMIUM;9898;18;9894;14;;;9904;13;9907;21;;;9901.0;0.0
yf_ADM_d10;15900;INTARIAN_PEPPER_ROOT;10173;14;10171;16;;;10179;14;10181;15;;;10176.0;0.0
yf_ADM_d10;16000;ASH_COATED_OSMIUM;9892;12;9890;18;;;9911;19;9914;8;;;9901.5;0.0
yf_ADM_d10;16000;INTARIAN_PEPPER_ROOT;10174;16;10172;23;;;10180;25;10184;13;;;10177.0;0.0
yf_ADM_d10;16100;ASH_COATED_OSMIUM;9898;10;9896;23;;;9904;8;9907;25;;;9901.0;0.0
yf_ADM_d10;16100;INTARIAN_PEPPER_ROOT;10174;12;10172;16;;;10181;14;10183;17;;;10177.5;0.0
yf_ADM_d10;16200;ASH_COATED_OSMIUM;9895;13;9892;15;;;9907;8;9909;18;;;9901.0;0.0
yf_ADM_d10;16200;INTARIAN_PEPPER_ROOT;10176;19;10173;12;;;10182;26;10186;17;;;10179.0;0.0
yf_ADM_d10;16300;ASH_COATED_OSMIUM;9897;17;9895;21;;;9904;14;9908;19;;;9900.5;0.0
yf_ADM_d10;16300;INTARIAN_PEPPER_ROOT;10177;15;10174;12;;;10183;18;10186;15;;;10180.0;0.0
yf_ADM_d10;16400;ASH_COATED_OSMIUM;9897;6;9894;8;;;9903;8;9905;23;;;9900.0;0.0
yf_ADM_d10;16400;INTARIAN_PEPPER_ROOT;10178;14;10175;18;;;10185;16;10188;11;;;10181.5;0.0
yf_ADM_d10;16500;ASH_COATED_OSMIUM;9897;17;9894;32;;;9903;20;9906;23;;;9900.0;0.0
yf_ADM_d10;16500;INTARIAN_PEPPER_ROOT;10179;20;10175;28;;;10186;15;10190;33;;;10182.5;0.0
yf_ADM_d10;16600;ASH_COATED_OSMIUM;9894;17;9891;16;;;9905;21;9907;24;;;9899.5;0.0
yf_ADM_d10;16600;INTARIAN_PEPPER_ROOT;10180;26;10177;22;;;10186;14;10188;24;;;10183.0;0.0
yf_ADM_d10;16700;ASH_COATED_OSMIUM;9898;16;9894;24;;;9904;8;9908;16;;;9901.0;0.0
yf_ADM_d10;16700;INTARIAN_PEPPER_ROOT;10182;11;10180;14;;;10188;18;10191;17;;;10185.0;0.0
yf_ADM_d10;16800;ASH_COATED_OSMIUM;9897;19;9894;24;;;9903;18;9905;20;;;9900.0;0.0
yf_ADM_d10;16800;INTARIAN_PEPPER_ROOT;10180;11;10178;11;;;10192;18;10196;13;;;10186.0;0.0
yf_ADM_d10;16900;ASH_COATED_OSMIUM;9889;11;9887;19;;;9911;24;9915;20;;;9900.0;0.0
yf_ADM_d10;16900;INTARIAN_PEPPER_ROOT;10184;6;10181;22;;;10190;5;10192;24;;;10187.0;0.0
yf_ADM_d10;17000;ASH_COATED_OSMIUM;9886;19;9882;19;;;9912;13;9914;31;;;9899.0;0.0
yf_ADM_d10;17000;INTARIAN_PEPPER_ROOT;10179;14;10175;17;;;10198;14;10201;8;;;10188.5;0.0
yf_ADM_d10;17100;ASH_COATED_OSMIUM;9882;11;9880;17;;;9917;14;9921;22;;;9899.5;0.0
yf_ADM_d10;17100;INTARIAN_PEPPER_ROOT;10188;17;10184;20;;;10194;19;10198;12;;;10191.0;0.0
yf_ADM_d10;17200;ASH_COATED_OSMIUM;9897;11;9895;10;;;9903;12;9905;23;;;9900.0;0.0
yf_ADM_d10;17200;INTARIAN_PEPPER_ROOT;10186;14;10182;27;;;10199;13;10203;12;;;10192.5;0.0
yf_ADM_d10;17300;ASH_COATED_OSMIUM;9894;25;9890;12;;;9906;12;9909;16;;;9900.0;0.0
yf_ADM_d10;17300;INTARIAN_PEPPER_ROOT;10191;5;10187;18;;;10200;19;10204;25;;;10195.5;0.0
yf_ADM_d10;17400;ASH_COATED_OSMIUM;9897;14;9893;27;;;9903;20;9906;23;;;9900.0;0.0
yf_ADM_d10;17400;INTARIAN_PEPPER_ROOT;10194;15;10191;20;;;10200;16;10202;20;;;10197.0;0.0
yf_ADM_d10;17500;ASH_COATED_OSMIUM;9896;18;9894;21;;;9902;14;9904;23;;;9899.0;0.0
yf_ADM_d10;17500;INTARIAN_PEPPER_ROOT;10196;9;10193;18;;;10204;11;10207;19;;;10200.0;0.0
yf_ADM_d10;17600;ASH_COATED_OSMIUM;9892;15;9890;21;;;9907;22;9910;24;;;9899.5;0.0
yf_ADM_d10;17600;INTARIAN_PEPPER_ROOT;10199;17;10196;26;;;10205;20;10207;17;;;10202.0;0.0
yf_ADM_d10;17700;ASH_COATED_OSMIUM;9897;14;9894;13;;;9903;13;9906;17;;;9900.0;0.0
yf_ADM_d10;17700;INTARIAN_PEPPER_ROOT;10197;13;10195;19;;;10212;14;10216;30;;;10204.5;0.0
yf_ADM_d10;17800;ASH_COATED_OSMIUM;9896;17;9893;25;;;9904;14;9906;27;;;9900.0;0.0
yf_ADM_d10;17800;INTARIAN_PEPPER_ROOT;10204;17;10201;8;;;10210;14;10212;19;;;10207.0;0.0
yf_ADM_d10;17900;ASH_COATED_OSMIUM;9897;8;9893;23;;;9903;14;9906;26;;;9900.0;0.0
yf_ADM_d10;17900;INTARIAN_PEPPER_ROOT;10206;14;10202;18;;;10212;12;10216;20;;;10209.0;0.0
yf_ADM_d10;18000;ASH_COATED_OSMIUM;9897;11;9894;22;;;9903;12;9906;16;;;9900.0;0.0
yf_ADM_d10;18000;INTARIAN_PEPPER_ROOT;10208;22;10204;22;;;10216;14;10218;26;;;10212.0;0.0
yf_ADM_d10;18100;ASH_COATED_OSMIUM;9897;13;9895;12;;;9904;21;9906;19;;;9900.5;0.0
yf_ADM_d10;18100;INTARIAN_PEPPER_ROOT;10204;16;10202;16;;;10223;20;10226;18;;;10213.5;0.0
yf_ADM_d10;18200;ASH_COATED_OSMIUM;9897;20;9893;26;;;9903;13;9906;23;;;9900.0;0.0
yf_ADM_d10;18200;INTARIAN_PEPPER_ROOT;10213;11;10210;22;;;10219;15;10221;22;;;10216.0;0.0
yf_ADM_d10;18300;ASH_COATED_OSMIUM;9898;26;9894;18;;;9904;7;9906;28;;;9901.0;0.0
yf_ADM_d10;18300;INTARIAN_PEPPER_ROOT;10215;20;10212;23;;;10221;17;10225;23;;;10218.0;0.0
yf_ADM_d10;18400;ASH_COATED_OSMIUM;9897;15;9893;21;;;9903;18;9906;18;;;9900.0;0.0
yf_ADM_d10;18400;INTARIAN_PEPPER_ROOT;10218;18;10216;23;;;10224;23;10226;26;;;10221.0;0.0
yf_ADM_d10;18500;ASH_COATED_OSMIUM;9897;16;9893;24;;;9904;13;9908;21;;;9900.5;0.0
yf_ADM_d10;18500;INTARIAN_PEPPER_ROOT;10215;15;10211;21;;;10233;18;10236;31;;;10224.0;0.0
yf_ADM_d10;18600;ASH_COATED_OSMIUM;9895;20;9891;12;;;9906;5;9908;15;;;9900.5;0.0
yf_ADM_d10;18600;INTARIAN_PEPPER_ROOT;10215;13;10213;21;;;10236;13;10240;20;;;10225.5;0.0
yf_ADM_d10;18700;ASH_COATED_OSMIUM;9896;24;9893;24;;;9905;16;9909;21;;;9900.5;0.0
yf_ADM_d10;18700;INTARIAN_PEPPER_ROOT;10224;15;10222;18;;;10232;29;10236;21;;;10228.0;0.0
yf_ADM_d10;18800;ASH_COATED_OSMIUM;9898;22;9894;8;;;9904;10;9906;26;;;9901.0;0.0
yf_ADM_d10;18800;INTARIAN_PEPPER_ROOT;10227;15;10224;20;;;10234;9;10237;14;;;10230.5;0.0
yf_ADM_d10;18900;ASH_COATED_OSMIUM;9897;16;9893;21;;;9903;19;9905;26;;;9900.0;0.0
yf_ADM_d10;18900;INTARIAN_PEPPER_ROOT;10230;11;10228;24;;;10236;6;10239;25;;;10233.0;0.0
yf_ADM_d10;19000;ASH_COATED_OSMIUM;9897;21;9894;20;;;9904;12;9906;22;;;9900.5;0.0
yf_ADM_d10;19000;INTARIAN_PEPPER_ROOT;10230;19;10227;21;;;10240;12;10244;22;;;10235.0;0.0
yf_ADM_d10;19100;ASH_COATED_OSMIUM;9897;16;9895;18;;;9903;19;9906;20;;;9900.0;0.0
yf_ADM_d10;19100;INTARIAN_PEPPER_ROOT;10234;16;10230;17;;;10240;20;10242;22;;;10237.0;0.0
yf_ADM_d10;19200;ASH_COATED_OSMIUM;9896;14;9892;16;;;9906;15;9910;14;;;9901.0;0.0
yf_ADM_d10;19200;INTARIAN_PEPPER_ROOT;10236;18;10234;25;;;10243;16;10247;13;;;10239.5;0.0
yf_ADM_d10;19300;ASH_COATED_OSMIUM;9894;7;9890;29;;;9909;15;9911;29;;;9901.5;0.0
yf_ADM_d10;19300;INTARIAN_PEPPER_ROOT;10221;10;10219;19;;;10261;14;10263;20;;;10241.0;0.0
yf_ADM_d10;19400;ASH_COATED_OSMIUM;9896;16;9894;20;;;9907;5;9909;32;;;9901.5;0.0
yf_ADM_d10;19400;INTARIAN_PEPPER_ROOT;10236;6;10234;25;;;10252;20;10254;17;;;10244.0;0.0
yf_ADM_d10;19500;ASH_COATED_OSMIUM;9896;5;9892;12;;;9906;16;9910;20;;;9901.0;0.0
yf_ADM_d10;19500;INTARIAN_PEPPER_ROOT;10243;20;10240;21;;;10249;14;10251;24;;;10246.0;0.0
yf_ADM_d10;19600;ASH_COATED_OSMIUM;9898;11;9894;16;;;9904;8;9908;25;;;9901.0;0.0
yf_ADM_d10;19600;INTARIAN_PEPPER_ROOT;10245;14;10241;32;;;10253;10;10255;26;;;10249.0;0.0
yf_ADM_d10;19700;ASH_COATED_OSMIUM;9898;17;9895;20;;;9904;22;9906;8;;;9901.0;0.0
yf_ADM_d10;19700;INTARIAN_PEPPER_ROOT;10248;17;10244;18;;;10255;9;10259;20;;;10251.5;0.0
yf_ADM_d10;19800;ASH_COATED_OSMIUM;9899;15;9895;20;;;9905;12;9908;32;;;9902.0;0.0
yf_ADM_d10;19800;INTARIAN_PEPPER_ROOT;10244;14;10241;29;;;10262;22;10265;28;;;10253.0;0.0
yf_ADM_d10;19900;ASH_COATED_OSMIUM;9893;16;9891;25;;;9909;10;9911;13;;;9901.0;0.0
yf_ADM_d10;19900;INTARIAN_PEPPER_ROOT;10244;24;10241;21;;;10267;14;10270;24;;;10255.5;0.0
yf_ADM_d10;20000;ASH_COATED_OSMIUM;9884;14;9882;22;;;9919;8;9921;15;;;9901.5;0.0
yf_ADM_d10;20000;INTARIAN_PEPPER_ROOT;10255;16;10252;19;;;10261;11;10263;23;;;10258.0;0.0
yf_ADM_d10;20100;ASH_COATED_OSMIUM;9894;17;9891;21;;;9909;9;9911;21;;;9901.5;0.0
yf_ADM_d10;20100;INTARIAN_PEPPER_ROOT;10257;7;10253;12;;;10263;9;10267;16;;;10260.0;0.0
yf_ADM_d10;20200;ASH_COATED_OSMIUM;9898;17;9895;22;;;9904;11;9906;20;;;9901.0;0.0
yf_ADM_d10;20200;INTARIAN_PEPPER_ROOT;10260;15;10258;11;;;10266;19;10268;15;;;10263.0;0.0
yf_ADM_d10;20300;ASH_COATED_OSMIUM;9899;5;9897;22;;;9905;9;9909;22;;;9902.0;0.0
yf_ADM_d10;20300;INTARIAN_PEPPER_ROOT;10255;14;10252;19;;;10274;12;10278;23;;;10264.5;0.0
yf_ADM_d10;20400;ASH_COATED_OSMIUM;9896;6;9894;21;;;9907;17;9911;16;;;9901.5;0.0
yf_ADM_d10;20400;INTARIAN_PEPPER_ROOT;10264;23;10261;18;;;10270;12;10273;17;;;10267.0;0.0
yf_ADM_d10;20500;ASH_COATED_OSMIUM;9895;15;9893;25;;;9908;7;9910;19;;;9901.5;0.0
yf_ADM_d10;20500;INTARIAN_PEPPER_ROOT;10266;11;10262;23;;;10273;12;10277;13;;;10269.5;0.0
yf_ADM_d10;20600;ASH_COATED_OSMIUM;9899;11;9895;25;;;9905;16;9908;13;;;9902.0;0.0
yf_ADM_d10;20600;INTARIAN_PEPPER_ROOT;10269;7;10266;20;;;10275;9;10279;15;;;10272.0;0.0
yf_ADM_d10;20700;ASH_COATED_OSMIUM;9899;17;9895;17;;;9905;15;9908;16;;;9902.0;0.0
yf_ADM_d10;20700;INTARIAN_PEPPER_ROOT;10269;18;10265;22;;;10280;15;10284;17;;;10274.5;0.0
yf_ADM_d10;20800;ASH_COATED_OSMIUM;9899;21;9897;24;;;9905;12;9907;15;;;9902.0;0.0
yf_ADM_d10;20800;INTARIAN_PEPPER_ROOT;10273;10;10269;14;;;10279;13;10283;20;;;10276.0;0.0
yf_ADM_d10;20900;ASH_COATED_OSMIUM;9888;14;9884;13;;;9917;19;9921;19;;;9902.5;0.0
yf_ADM_d10;20900;INTARIAN_PEPPER_ROOT;10276;13;10272;19;;;10282;8;10284;18;;;10279.0;0.0
yf_ADM_d10;21000;ASH_COATED_OSMIUM;9898;14;9894;19;;;9906;23;9910;26;;;9902.0;0.0
yf_ADM_d10;21000;INTARIAN_PEPPER_ROOT;10278;22;10275;18;;;10284;12;10286;23;;;10281.0;0.0
yf_ADM_d10;21100;ASH_COATED_OSMIUM;9899;8;9896;20;;;9905;14;9909;18;;;9902.0;0.0
yf_ADM_d10;21100;INTARIAN_PEPPER_ROOT;10278;6;10275;19;;;10288;22;10291;29;;;10283.0;0.0
yf_ADM_d10;21200;ASH_COATED_OSMIUM;9893;16;9889;22;;;9911;11;9915;21;;;9902.0;0.0
yf_ADM_d10;21200;INTARIAN_PEPPER_ROOT;10281;17;10277;16;;;10291;9;10295;14;;;10286.0;0.0
yf_ADM_d10;21300;ASH_COATED_OSMIUM;9899;18;9897;23;;;9905;17;9909;21;;;9902.0;0.0
yf_ADM_d10;21300;INTARIAN_PEPPER_ROOT;10285;16;10282;19;;;10291;13;10293;17;;;10288.0;0.0
yf_ADM_d10;21400;ASH_COATED_OSMIUM;9899;11;9895;16;;;9905;10;9908;14;;;9902.0;0.0
yf_ADM_d10;21400;INTARIAN_PEPPER_ROOT;10286;17;10283;18;;;10295;9;10299;9;;;10290.5;0.0
yf_ADM_d10;21500;ASH_COATED_OSMIUM;9896;16;9892;19;;;9909;5;9911;22;;;9902.5;0.0
yf_ADM_d10;21500;INTARIAN_PEPPER_ROOT;10290;26;10287;19;;;10296;8;10300;27;;;10293.0;0.0
yf_ADM_d10;21600;ASH_COATED_OSMIUM;9899;15;9897;25;;;9905;7;9909;19;;;9902.0;0.0
yf_ADM_d10;21600;INTARIAN_PEPPER_ROOT;10284;6;10281;20;;;10307;30;10309;21;;;10295.5;0.0
yf_ADM_d10;21700;ASH_COATED_OSMIUM;9899;14;9895;22;;;9905;5;9909;18;;;9902.0;0.0
yf_ADM_d10;21700;INTARIAN_PEPPER_ROOT;10291;14;10287;21;;;10303;24;10307;25;;;10297.0;0.0
yf_ADM_d10;21800;ASH_COATED_OSMIUM;9899;22;9895;19;;;9905;12;9907;22;;;9902.0;0.0
yf_ADM_d10;21800;INTARIAN_PEPPER_ROOT;10292;8;10288;14;;;10307;15;10309;18;;;10299.5;0.0
yf_ADM_d10;21900;ASH_COATED_OSMIUM;9899;19;9897;21;;;9905;16;9907;19;;;9902.0;0.0
yf_ADM_d10;21900;INTARIAN_PEPPER_ROOT;10298;13;10295;26;;;10306;19;10309;23;;;10302.0;0.0
yf_ADM_d10;22000;ASH_COATED_OSMIUM;9892;15;9889;29;;;9914;5;9916;21;;;9903.0;0.0
yf_ADM_d10;22000;INTARIAN_PEPPER_ROOT;10301;18;10298;16;;;10307;23;10310;19;;;10304.0;0.0
yf_ADM_d10;22100;ASH_COATED_OSMIUM;9900;18;9896;19;;;9906;21;9910;14;;;9903.0;0.0
yf_ADM_d10;22100;INTARIAN_PEPPER_ROOT;10304;11;10302;25;;;10310;24;10313;26;;;10307.0;0.0
yf_ADM_d10;22200;ASH_COATED_OSMIUM;9899;23;9897;21;;;9905;16;9909;24;;;9902.0;0.0
yf_ADM_d10;22200;INTARIAN_PEPPER_ROOT;10305;16;10303;16;;;10311;16;10315;10;;;10308.0;0.0
yf_ADM_d10;22300;ASH_COATED_OSMIUM;9900;15;9898;20;;;9907;12;9909;15;;;9903.5;0.0
yf_ADM_d10;22300;INTARIAN_PEPPER_ROOT;10307;8;10304;20;;;10315;19;10319;26;;;10311.0;0.0
yf_ADM_d10;22400;ASH_COATED_OSMIUM;9900;16;9897;25;;;9906;17;9908;19;;;9903.0;0.0
yf_ADM_d10;22400;INTARIAN_PEPPER_ROOT;10310;8;10307;13;;;10316;10;10318;19;;;10313.0;0.0
yf_ADM_d10;22500;ASH_COATED_OSMIUM;9900;5;9898;21;;;9906;25;9910;11;;;9903.0;0.0
yf_ADM_d10;22500;INTARIAN_PEPPER_ROOT;10313;16;10311;18;;;10319;20;10322;27;;;10316.0;0.0
yf_ADM_d10;22600;ASH_COATED_OSMIUM;9900;17;9896;18;;;9906;16;9909;18;;;9903.0;0.0
yf_ADM_d10;22600;INTARIAN_PEPPER_ROOT;10309;8;10307;19;;;10327;15;10330;19;;;10318.0;0.0
yf_ADM_d10;22700;ASH_COATED_OSMIUM;9895;21;9892;24;;;9912;11;9916;22;;;9903.5;0.0
yf_ADM_d10;22700;INTARIAN_PEPPER_ROOT;10317;15;10315;17;;;10323;17;10326;14;;;10320.0;0.0
yf_ADM_d10;22800;ASH_COATED_OSMIUM;9900;16;9897;20;;;9906;14;9910;20;;;9903.0;0.0
yf_ADM_d10;22800;INTARIAN_PEPPER_ROOT;10311;9;10307;22;;;10335;19;10337;16;;;10323.0;0.0
yf_ADM_d10;22900;ASH_COATED_OSMIUM;9900;6;9896;15;;;9907;19;9910;23;;;9903.5;0.0
yf_ADM_d10;22900;INTARIAN_PEPPER_ROOT;10322;17;10318;17;;;10328;18;10332;21;;;10325.0;0.0
yf_ADM_d10;23000;ASH_COATED_OSMIUM;9899;17;9895;17;;;9909;10;9912;21;;;9904.0;0.0
yf_ADM_d10;23000;INTARIAN_PEPPER_ROOT;10322;13;10320;21;;;10332;16;10335;29;;;10327.0;0.0
yf_ADM_d10;23100;ASH_COATED_OSMIUM;9900;10;9897;18;;;9906;12;9910;20;;;9903.0;0.0
yf_ADM_d10;23100;INTARIAN_PEPPER_ROOT;10326;13;10324;11;;;10332;19;10336;14;;;10329.0;0.0
yf_ADM_d10;23200;ASH_COATED_OSMIUM;9900;17;9896;24;;;9906;10;9909;17;;;9903.0;0.0
yf_ADM_d10;23200;INTARIAN_PEPPER_ROOT;10329;18;10326;14;;;10335;10;10338;27;;;10332.0;0.0
yf_ADM_d10;23300;ASH_COATED_OSMIUM;9898;22;9896;20;;;9908;8;9912;20;;;9903.0;0.0
yf_ADM_d10;23300;INTARIAN_PEPPER_ROOT;10331;11;10329;23;;;10337;20;10339;14;;;10334.0;0.0
yf_ADM_d10;23400;ASH_COATED_OSMIUM;9900;16;9897;12;;;9906;12;9909;16;;;9903.0;0.0
yf_ADM_d10;23400;INTARIAN_PEPPER_ROOT;10332;12;10330;25;;;10342;21;10344;12;;;10337.0;0.0
yf_ADM_d10;23500;ASH_COATED_OSMIUM;9900;20;9898;17;;;9906;12;9909;20;;;9903.0;0.0
yf_ADM_d10;23500;INTARIAN_PEPPER_ROOT;10335;10;10331;13;;;10342;20;10344;21;;;10338.5;0.0
yf_ADM_d10;23600;ASH_COATED_OSMIUM;9897;6;9894;11;;;9909;14;9913;20;;;9903.0;0.0
yf_ADM_d10;23600;INTARIAN_PEPPER_ROOT;10338;13;10334;24;;;10344;9;10348;21;;;10341.0;0.0
yf_ADM_d10;23700;ASH_COATED_OSMIUM;9899;20;9895;20;;;9908;12;9910;19;;;9903.5;0.0
yf_ADM_d10;23700;INTARIAN_PEPPER_ROOT;10340;24;10338;28;;;10346;15;10348;17;;;10343.0;0.0
yf_ADM_d10;23800;ASH_COATED_OSMIUM;9900;12;9896;18;;;9906;12;9910;13;;;9903.0;0.0
yf_ADM_d10;23800;INTARIAN_PEPPER_ROOT;10343;17;10340;22;;;10349;22;10353;13;;;10346.0;0.0
yf_ADM_d10;23900;ASH_COATED_OSMIUM;9896;14;9892;21;;;9911;11;9915;12;;;9903.5;0.0
yf_ADM_d10;23900;INTARIAN_PEPPER_ROOT;10345;16;10342;29;;;10351;17;10353;26;;;10348.0;0.0
yf_ADM_d10;24000;ASH_COATED_OSMIUM;9896;12;9892;16;;;9912;15;9914;18;;;9904.0;0.0
yf_ADM_d10;24000;INTARIAN_PEPPER_ROOT;10346;23;10344;25;;;10355;13;10359;11;;;10350.5;0.0
yf_ADM_d10;24100;ASH_COATED_OSMIUM;9901;17;9897;16;;;9907;13;9910;11;;;9904.0;0.0
yf_ADM_d10;24100;INTARIAN_PEPPER_ROOT;10345;19;10341;15;;;10362;9;10364;20;;;10353.5;0.0
yf_ADM_d10;24200;ASH_COATED_OSMIUM;9898;24;9896;15;;;9909;13;9911;22;;;9903.5;0.0
yf_ADM_d10;24200;INTARIAN_PEPPER_ROOT;10353;20;10351;20;;;10359;23;10361;20;;;10356.0;0.0
yf_ADM_d10;24300;ASH_COATED_OSMIUM;9901;5;9898;17;;;9907;12;9911;9;;;9904.0;0.0
yf_ADM_d10;24300;INTARIAN_PEPPER_ROOT;10352;15;10348;25;;;10362;10;10365;15;;;10357.0;0.0
yf_ADM_d10;24400;ASH_COATED_OSMIUM;9901;18;9899;24;;;9907;17;9910;15;;;9904.0;0.0
yf_ADM_d10;24400;INTARIAN_PEPPER_ROOT;10357;11;10354;23;;;10363;14;10367;20;;;10360.0;0.0
yf_ADM_d10;24500;ASH_COATED_OSMIUM;9901;13;9898;11;;;9907;14;9910;17;;;9904.0;0.0
yf_ADM_d10;24500;INTARIAN_PEPPER_ROOT;10359;17;10356;19;;;10365;16;10367;18;;;10362.0;0.0
yf_ADM_d10;24600;ASH_COATED_OSMIUM;9897;13;9893;11;;;9911;15;9914;18;;;9904.0;0.0
yf_ADM_d10;24600;INTARIAN_PEPPER_ROOT;10362;16;10360;19;;;10368;9;10371;20;;;10365.0;0.0
yf_ADM_d10;24700;ASH_COATED_OSMIUM;9901;14;9897;22;;;9907;24;9909;22;;;9904.0;0.0
yf_ADM_d10;24700;INTARIAN_PEPPER_ROOT;10364;13;10361;19;;;10370;14;10374;18;;;10367.0;0.0
yf_ADM_d10;24800;ASH_COATED_OSMIUM;9901;17;9899;18;;;9907;15;9911;12;;;9904.0;0.0
yf_ADM_d10;24800;INTARIAN_PEPPER_ROOT;10362;16;10360;14;;;10375;17;10379;16;;;10368.5;0.0
yf_ADM_d10;24900;ASH_COATED_OSMIUM;9898;22;9895;12;;;9909;10;9912;21;;;9903.5;0.0
yf_ADM_d10;24900;INTARIAN_PEPPER_ROOT;10368;11;10366;12;;;10374;15;10376;26;;;10371.0;0.0
yf_ADM_d10;25000;ASH_COATED_OSMIUM;9901;12;9897;14;;;9907;7;9909;28;;;9904.0;0.0
yf_ADM_d10;25000;INTARIAN_PEPPER_ROOT;10371;26;10367;14;;;10377;6;10379;17;;;10374.0;0.0
yf_ADM_d10;25100;ASH_COATED_OSMIUM;9901;11;9899;21;;;9907;15;9911;22;;;9904.0;0.0
yf_ADM_d10;25100;INTARIAN_PEPPER_ROOT;10373;15;10370;19;;;10379;19;10382;25;;;10376.0;0.0
yf_ADM_d10;25200;ASH_COATED_OSMIUM;9899;16;9896;16;;;9909;20;9913;19;;;9904.0;0.0
yf_ADM_d10;25200;INTARIAN_PEPPER_ROOT;10376;13;10374;16;;;10382;21;10386;21;;;10379.0;0.0
yf_ADM_d10;25300;ASH_COATED_OSMIUM;9902;12;9900;23;;;9908;13;9912;20;;;9905.0;0.0
yf_ADM_d10;25300;INTARIAN_PEPPER_ROOT;10378;20;10374;19;;;10384;16;10386;21;;;10381.0;0.0
yf_ADM_d10;25400;ASH_COATED_OSMIUM;9902;21;9899;19;;;9908;12;9910;21;;;9905.0;0.0
yf_ADM_d10;25400;INTARIAN_PEPPER_ROOT;10380;13;10378;20;;;10386;14;10388;16;;;10383.0;0.0
yf_ADM_d10;25500;ASH_COATED_OSMIUM;9901;5;9898;23;;;9907;5;9911;12;;;9904.0;0.0
yf_ADM_d10;25500;INTARIAN_PEPPER_ROOT;10382;17;10380;20;;;10388;12;10391;21;;;10385.0;0.0
yf_ADM_d10;25600;ASH_COATED_OSMIUM;9901;13;9897;20;;;9907;14;9910;17;;;9904.0;0.0
yf_ADM_d10;25600;INTARIAN_PEPPER_ROOT;10384;8;10382;26;;;10390;16;10392;19;;;10387.0;0.0
yf_ADM_d10;25700;ASH_COATED_OSMIUM;9891;22;9887;14;;;9918;5;9922;12;;;9904.5;0.0
yf_ADM_d10;25700;INTARIAN_PEPPER_ROOT;10387;23;10384;13;;;10393;12;10397;27;;;10390.0;0.0
yf_ADM_d10;25800;ASH_COATED_OSMIUM;9901;12;9897;11;;;9907;9;9909;12;;;9904.0;0.0
yf_ADM_d10;25800;INTARIAN_PEPPER_ROOT;10385;20;10382;20;;;10399;16;10401;11;;;10392.0;0.0
yf_ADM_d10;25900;ASH_COATED_OSMIUM;9902;16;9898;27;;;9908;5;9910;23;;;9905.0;0.0
yf_ADM_d10;25900;INTARIAN_PEPPER_ROOT;10391;21;10388;13;;;10397;16;10400;19;;;10394.0;0.0
yf_ADM_d10;26000;ASH_COATED_OSMIUM;9901;9;9898;11;;;9909;15;9912;29;;;9905.0;0.0
yf_ADM_d10;26000;INTARIAN_PEPPER_ROOT;10394;11;10390;23;;;10401;14;10404;25;;;10397.5;0.0
yf_ADM_d10;26100;ASH_COATED_OSMIUM;9899;18;9896;17;;;9911;8;9913;32;;;9905.0;0.0
yf_ADM_d10;26100;INTARIAN_PEPPER_ROOT;10392;23;10390;19;;;10405;21;10407;21;;;10398.5;0.0
yf_ADM_d10;26200;ASH_COATED_OSMIUM;9902;14;9898;16;;;9908;12;9911;19;;;9905.0;0.0
yf_ADM_d10;26200;INTARIAN_PEPPER_ROOT;10398;17;10396;23;;;10404;24;10407;19;;;10401.0;0.0
yf_ADM_d10;26300;ASH_COATED_OSMIUM;9902;18;9898;13;;;9908;12;9911;19;;;9905.0;0.0
yf_ADM_d10;26300;INTARIAN_PEPPER_ROOT;10398;17;10394;21;;;10409;17;10411;17;;;10403.5;0.0
yf_ADM_d10;26400;ASH_COATED_OSMIUM;9902;18;9899;26;;;9908;19;9911;29;;;9905.0;0.0
yf_ADM_d10;26400;INTARIAN_PEPPER_ROOT;10403;14;10400;13;;;10409;21;10411;20;;;10406.0;0.0
yf_ADM_d10;26500;ASH_COATED_OSMIUM;9902;22;9899;23;;;9908;17;9911;8;;;9905.0;0.0
yf_ADM_d10;26500;INTARIAN_PEPPER_ROOT;10405;13;10402;23;;;10411;13;10413;20;;;10408.0;0.0
yf_ADM_d10;26600;ASH_COATED_OSMIUM;9899;15;9896;14;;;9911;15;9915;18;;;9905.0;0.0
yf_ADM_d10;26600;INTARIAN_PEPPER_ROOT;10408;20;10406;14;;;10414;19;10417;22;;;10411.0;0.0
yf_ADM_d10;26700;ASH_COATED_OSMIUM;9902;16;9899;25;;;9908;14;9910;23;;;9905.0;0.0
yf_ADM_d10;26700;INTARIAN_PEPPER_ROOT;10409;7;10405;28;;;10416;9;10419;17;;;10412.5;0.0
yf_ADM_d10;26800;ASH_COATED_OSMIUM;9902;18;9898;11;;;9911;11;9914;18;;;9906.5;0.0
yf_ADM_d10;26800;INTARIAN_PEPPER_ROOT;10412;14;10409;22;;;10418;15;10421;12;;;10415.0;0.0
yf_ADM_d10;26900;ASH_COATED_OSMIUM;9903;17;9901;15;;;9909;13;9911;20;;;9906.0;0.0
yf_ADM_d10;26900;INTARIAN_PEPPER_ROOT;10399;13;10397;21;;;10436;16;10440;22;;;10417.5;0.0
yf_ADM_d10;27000;ASH_COATED_OSMIUM;9899;5;9897;19;;;9912;21;9915;29;;;9905.5;0.0
yf_ADM_d10;27000;INTARIAN_PEPPER_ROOT;10417;13;10413;22;;;10423;18;10427;22;;;10420.0;0.0
yf_ADM_d10;27100;ASH_COATED_OSMIUM;9902;17;9900;16;;;9908;13;9910;18;;;9905.0;0.0
yf_ADM_d10;27100;INTARIAN_PEPPER_ROOT;10419;25;10415;11;;;10425;9;10428;19;;;10422.0;0.0
yf_ADM_d10;27200;ASH_COATED_OSMIUM;9901;16;9897;27;;;9910;10;9913;18;;;9905.5;0.0
yf_ADM_d10;27200;INTARIAN_PEPPER_ROOT;10421;16;10419;14;;;10427;18;10429;18;;;10424.0;0.0
yf_ADM_d10;27300;ASH_COATED_OSMIUM;9901;15;9899;23;;;9909;17;9912;22;;;9905.0;0.0
yf_ADM_d10;27300;INTARIAN_PEPPER_ROOT;10423;23;10421;22;;;10429;13;10433;15;;;10426.0;0.0
yf_ADM_d10;27400;ASH_COATED_OSMIUM;9903;20;9901;26;;;9909;15;9911;24;;;9906.0;0.0
yf_ADM_d10;27400;INTARIAN_PEPPER_ROOT;10424;15;10421;18;;;10433;13;10436;21;;;10428.5;0.0
yf_ADM_d10;27500;ASH_COATED_OSMIUM;9901;27;9899;13;;;9911;13;9914;25;;;9906.0;0.0
yf_ADM_d10;27500;INTARIAN_PEPPER_ROOT;10429;14;10427;18;;;10435;17;10437;15;;;10432.0;0.0
yf_ADM_d10;27600;ASH_COATED_OSMIUM;9900;16;9897;13;;;9911;14;9914;20;;;9905.5;0.0
yf_ADM_d10;27600;INTARIAN_PEPPER_ROOT;10431;10;10429;19;;;10437;17;10440;17;;;10434.0;0.0
yf_ADM_d10;27700;ASH_COATED_OSMIUM;9903;5;9900;24;;;9909;13;9913;13;;;9906.0;0.0
yf_ADM_d10;27700;INTARIAN_PEPPER_ROOT;10433;12;10431;14;;;10439;6;10441;19;;;10436.0;0.0
yf_ADM_d10;27800;ASH_COATED_OSMIUM;9895;16;9892;23;;;9916;15;9920;22;;;9905.5;0.0
yf_ADM_d10;27800;INTARIAN_PEPPER_ROOT;10435;14;10432;23;;;10441;21;10445;21;;;10438.0;0.0
yf_ADM_d10;27900;ASH_COATED_OSMIUM;9902;18;9899;25;;;9908;14;9910;19;;;9905.0;0.0
yf_ADM_d10;27900;INTARIAN_PEPPER_ROOT;10438;12;10436;17;;;10444;5;10447;15;;;10441.0;0.0
yf_ADM_d10;28000;ASH_COATED_OSMIUM;9901;22;9899;18;;;9912;11;9916;16;;;9906.5;0.0
yf_ADM_d10;28000;INTARIAN_PEPPER_ROOT;10439;23;10436;17;;;10446;14;10450;25;;;10442.5;0.0
yf_ADM_d10;28100;ASH_COATED_OSMIUM;9892;14;9889;12;;;9920;14;9923;16;;;9906.0;0.0
yf_ADM_d10;28100;INTARIAN_PEPPER_ROOT;10442;5;10440;30;;;10448;9;10450;19;;;10445.0;0.0
yf_ADM_d10;28200;ASH_COATED_OSMIUM;9903;17;9899;22;;;9910;19;9912;25;;;9906.5;0.0
yf_ADM_d10;28200;INTARIAN_PEPPER_ROOT;10445;24;10441;25;;;10451;17;10453;14;;;10448.0;0.0
yf_ADM_d10;28300;ASH_COATED_OSMIUM;9903;16;9900;21;;;9909;17;9911;9;;;9906.0;0.0
yf_ADM_d10;28300;INTARIAN_PEPPER_ROOT;10447;11;10445;25;;;10453;13;10457;11;;;10450.0;0.0
yf_ADM_d10;28400;ASH_COATED_OSMIUM;9903;6;9901;19;;;9909;17;9912;27;;;9906.0;0.0
yf_ADM_d10;28400;INTARIAN_PEPPER_ROOT;10446;17;10444;8;;;10459;18;10461;22;;;10452.5;0.0
yf_ADM_d10;28500;ASH_COATED_OSMIUM;9901;10;9897;29;;;9911;15;9914;24;;;9906.0;0.0
yf_ADM_d10;28500;INTARIAN_PEPPER_ROOT;10451;15;10447;21;;;10457;12;10461;24;;;10454.0;0.0
yf_ADM_d10;28600;ASH_COATED_OSMIUM;9898;13;9896;31;;;9913;8;9916;23;;;9905.5;0.0
yf_ADM_d10;28600;INTARIAN_PEPPER_ROOT;10452;13;10449;20;;;10462;14;10465;11;;;10457.0;0.0
yf_ADM_d10;28700;ASH_COATED_OSMIUM;9903;16;9901;18;;;9909;16;9911;17;;;9906.0;0.0
yf_ADM_d10;28700;INTARIAN_PEPPER_ROOT;10453;17;10451;23;;;10466;19;10469;14;;;10459.5;0.0
yf_ADM_d10;28800;ASH_COATED_OSMIUM;9898;20;9895;22;;;9915;28;9918;19;;;9906.5;0.0
yf_ADM_d10;28800;INTARIAN_PEPPER_ROOT;10458;16;10454;24;;;10464;20;10468;27;;;10461.0;0.0
yf_ADM_d10;28900;ASH_COATED_OSMIUM;9903;19;9899;20;;;9909;6;9912;16;;;9906.0;0.0
yf_ADM_d10;28900;INTARIAN_PEPPER_ROOT;10453;14;10449;19;;;10475;13;10477;22;;;10464.0;0.0
yf_ADM_d10;29000;ASH_COATED_OSMIUM;9903;25;9901;19;;;9909;22;9913;24;;;9906.0;0.0
yf_ADM_d10;29000;INTARIAN_PEPPER_ROOT;10455;8;10453;17;;;10476;16;10479;25;;;10465.5;0.0
yf_ADM_d10;29100;ASH_COATED_OSMIUM;9903;10;9899;28;;;9910;11;9912;14;;;9906.5;0.0
yf_ADM_d10;29100;INTARIAN_PEPPER_ROOT;10466;13;10462;23;;;10472;12;10474;24;;;10469.0;0.0
yf_ADM_d10;29200;ASH_COATED_OSMIUM;9904;12;9902;21;;;9910;10;9913;21;;;9907.0;0.0
yf_ADM_d10;29200;INTARIAN_PEPPER_ROOT;10468;7;10465;16;;;10474;12;10477;24;;;10471.0;0.0
yf_ADM_d10;29300;ASH_COATED_OSMIUM;9899;22;9895;15;;;9914;6;9916;23;;;9906.5;0.0
yf_ADM_d10;29300;INTARIAN_PEPPER_ROOT;10466;11;10462;25;;;10479;12;10483;16;;;10472.5;0.0
yf_ADM_d10;29400;ASH_COATED_OSMIUM;9904;9;9902;12;;;9910;10;9913;19;;;9907.0;0.0
yf_ADM_d10;29400;INTARIAN_PEPPER_ROOT;10472;17;10470;20;;;10478;16;10481;18;;;10475.0;0.0
yf_ADM_d10;29500;ASH_COATED_OSMIUM;9904;16;9902;17;;;9910;18;9912;27;;;9907.0;0.0
yf_ADM_d10;29500;INTARIAN_PEPPER_ROOT;10475;18;10473;25;;;10481;7;10484;29;;;10478.0;0.0
yf_ADM_d10;29600;ASH_COATED_OSMIUM;9898;13;9895;31;;;9916;18;9919;23;;;9907.0;0.0
yf_ADM_d10;29600;INTARIAN_PEPPER_ROOT;10477;18;10474;31;;;10483;9;10485;19;;;10480.0;0.0
yf_ADM_d10;29700;ASH_COATED_OSMIUM;9904;15;9900;15;;;9911;14;9913;23;;;9907.5;0.0
yf_ADM_d10;29700;INTARIAN_PEPPER_ROOT;10479;20;10477;17;;;10485;14;10487;18;;;10482.0;0.0
yf_ADM_d10;29800;ASH_COATED_OSMIUM;9895;15;9892;17;;;9919;13;9922;14;;;9907.0;0.0
yf_ADM_d10;29800;INTARIAN_PEPPER_ROOT;10481;17;10479;24;;;10487;11;10489;29;;;10484.0;0.0
yf_ADM_d10;29900;ASH_COATED_OSMIUM;9904;14;9900;15;;;9910;14;9912;22;;;9907.0;0.0
yf_ADM_d10;29900;INTARIAN_PEPPER_ROOT;10482;15;10479;16;;;10491;15;10493;24;;;10486.5;0.0
yf_ADM_d10;30000;ASH_COATED_OSMIUM;9902;16;9900;18;;;9913;5;9917;14;;;9907.5;0.0
yf_ADM_d10;30000;INTARIAN_PEPPER_ROOT;10486;14;10483;11;;;10493;17;10496;26;;;10489.5;0.0
yf_ADM_d10;30100;ASH_COATED_OSMIUM;9904;16;9902;22;;;9910;12;9912;26;;;9907.0;0.0
yf_ADM_d10;30100;INTARIAN_PEPPER_ROOT;10488;16;10486;12;;;10494;21;10496;14;;;10491.0;0.0
yf_ADM_d10;30200;ASH_COATED_OSMIUM;9904;10;9900;10;;;9910;8;9914;27;;;9907.0;0.0
yf_ADM_d10;30200;INTARIAN_PEPPER_ROOT;10491;11;10488;21;;;10497;23;10499;16;;;10494.0;0.0
yf_ADM_d10;30300;ASH_COATED_OSMIUM;9899;9;9896;25;;;9916;13;9919;25;;;9907.5;0.0
yf_ADM_d10;30300;INTARIAN_PEPPER_ROOT;10492;11;10489;24;;;10498;9;10500;24;;;10495.0;0.0
yf_ADM_d10;30400;ASH_COATED_OSMIUM;9898;18;9896;22;;;9917;18;9920;23;;;9907.5;0.0
yf_ADM_d10;30400;INTARIAN_PEPPER_ROOT;10496;10;10494;18;;;10502;14;10504;17;;;10499.0;0.0
yf_ADM_d10;30500;ASH_COATED_OSMIUM;9905;14;9902;15;;;9911;16;9915;15;;;9908.0;0.0
yf_ADM_d10;30500;INTARIAN_PEPPER_ROOT;10496;11;10492;19;;;10506;15;10509;26;;;10501.0;0.0
yf_ADM_d10;30600;ASH_COATED_OSMIUM;9905;30;9903;25;;;9911;16;9913;23;;;9908.0;0.0
yf_ADM_d10;30600;INTARIAN_PEPPER_ROOT;10500;24;10496;24;;;10506;19;10509;11;;;10503.0;0.0
yf_ADM_d10;30700;ASH_COATED_OSMIUM;9905;9;9903;12;;;9911;23;9915;20;;;9908.0;0.0
yf_ADM_d10;30700;INTARIAN_PEPPER_ROOT;10502;20;10499;20;;;10508;8;10511;23;;;10505.0;0.0
yf_ADM_d10;30800;ASH_COATED_OSMIUM;9905;11;9901;25;;;9911;21;9915;12;;;9908.0;0.0
yf_ADM_d10;30800;INTARIAN_PEPPER_ROOT;10504;18;10500;27;;;10511;21;10514;22;;;10507.5;0.0
yf_ADM_d10;30900;ASH_COATED_OSMIUM;9905;11;9901;14;;;9911;18;9914;25;;;9908.0;0.0
yf_ADM_d10;30900;INTARIAN_PEPPER_ROOT;10486;22;10484;24;;;10534;9;10538;16;;;10510.0;0.0
yf_ADM_d10;31000;ASH_COATED_OSMIUM;9904;13;9902;24;;;9910;22;9914;15;;;9907.0;0.0
yf_ADM_d10;31000;INTARIAN_PEPPER_ROOT;10509;14;10505;18;;;10515;20;10519;13;;;10512.0;0.0
yf_ADM_d10;31100;ASH_COATED_OSMIUM;9905;10;9901;26;;;9911;21;9915;21;;;9908.0;0.0
yf_ADM_d10;31100;INTARIAN_PEPPER_ROOT;10511;11;10507;19;;;10518;25;10521;17;;;10514.5;0.0
yf_ADM_d10;31200;ASH_COATED_OSMIUM;9905;8;9901;26;;;9911;21;9913;14;;;9908.0;0.0
yf_ADM_d10;31200;INTARIAN_PEPPER_ROOT;10514;10;10512;25;;;10520;16;10523;23;;;10517.0;0.0
yf_ADM_d10;31300;ASH_COATED_OSMIUM;9904;8;9900;22;;;9910;9;9912;18;;;9907.0;0.0
yf_ADM_d10;31300;INTARIAN_PEPPER_ROOT;10513;22;10509;22;;;10526;9;10529;20;;;10519.5;0.0
yf_ADM_d10;31400;ASH_COATED_OSMIUM;9905;15;9901;16;;;9911;14;9913;20;;;9908.0;0.0
yf_ADM_d10;31400;INTARIAN_PEPPER_ROOT;10518;13;10516;20;;;10524;17;10526;23;;;10521.0;0.0
yf_ADM_d10;31500;ASH_COATED_OSMIUM;9903;15;9901;11;;;9914;13;9918;24;;;9908.5;0.0
yf_ADM_d10;31500;INTARIAN_PEPPER_ROOT;10518;10;10516;11;;;10530;11;10534;29;;;10524.0;0.0
yf_ADM_d10;31600;ASH_COATED_OSMIUM;9904;16;9900;18;;;9911;22;9913;18;;;9907.5;0.0
yf_ADM_d10;31600;INTARIAN_PEPPER_ROOT;10520;22;10517;10;;;10533;22;10536;20;;;10526.5;0.0
yf_ADM_d10;31700;ASH_COATED_OSMIUM;9905;13;9902;24;;;9911;22;9914;13;;;9908.0;0.0
yf_ADM_d10;31700;INTARIAN_PEPPER_ROOT;10526;15;10522;27;;;10532;20;10535;14;;;10529.0;0.0
yf_ADM_d10;31800;ASH_COATED_OSMIUM;9905;21;9902;20;;;9911;16;9915;17;;;9908.0;0.0
yf_ADM_d10;31800;INTARIAN_PEPPER_ROOT;10528;22;10524;29;;;10534;11;10538;17;;;10531.0;0.0
yf_ADM_d10;31900;ASH_COATED_OSMIUM;9905;17;9902;17;;;9911;5;9914;17;;;9908.0;0.0
yf_ADM_d10;31900;INTARIAN_PEPPER_ROOT;10528;5;10525;16;;;10537;18;10539;18;;;10532.5;0.0
yf_ADM_d10;32000;ASH_COATED_OSMIUM;9904;19;9902;25;;;9914;10;9916;10;;;9909.0;0.0
yf_ADM_d10;32000;INTARIAN_PEPPER_ROOT;10516;10;10512;20;;;10554;13;10556;25;;;10535.0;0.0
yf_ADM_d10;32100;ASH_COATED_OSMIUM;9904;14;9900;9;;;9912;17;9916;18;;;9908.0;0.0
yf_ADM_d10;32100;INTARIAN_PEPPER_ROOT;10534;11;10532;24;;;10542;18;10544;29;;;10538.0;0.0
yf_ADM_d10;32200;ASH_COATED_OSMIUM;9903;16;9901;19;;;9914;21;9917;23;;;9908.5;0.0
yf_ADM_d10;32200;INTARIAN_PEPPER_ROOT;10537;13;10533;24;;;10544;17;10546;18;;;10540.5;0.0
yf_ADM_d10;32300;ASH_COATED_OSMIUM;9906;13;9903;23;;;9912;13;9916;18;;;9909.0;0.0
yf_ADM_d10;32300;INTARIAN_PEPPER_ROOT;10539;15;10537;17;;;10545;19;10549;29;;;10542.0;0.0
yf_ADM_d10;32400;ASH_COATED_OSMIUM;9906;12;9904;23;;;9912;24;9916;32;;;9909.0;0.0
yf_ADM_d10;32400;INTARIAN_PEPPER_ROOT;10542;15;10540;21;;;10548;19;10550;14;;;10545.0;0.0
yf_ADM_d10;32500;ASH_COATED_OSMIUM;9902;19;9898;18;;;9915;18;9917;25;;;9908.5;0.0
yf_ADM_d10;32500;INTARIAN_PEPPER_ROOT;10544;10;10540;27;;;10550;13;10552;19;;;10547.0;0.0
yf_ADM_d10;32600;ASH_COATED_OSMIUM;9906;6;9903;12;;;9912;15;9914;21;;;9909.0;0.0
yf_ADM_d10;32600;INTARIAN_PEPPER_ROOT;10546;8;10542;19;;;10552;20;10555;17;;;10549.0;0.0
yf_ADM_d10;32700;ASH_COATED_OSMIUM;9905;14;9902;19;;;9911;14;9913;23;;;9908.0;0.0
yf_ADM_d10;32700;INTARIAN_PEPPER_ROOT;10547;15;10544;25;;;10558;11;10560;20;;;10552.5;0.0
yf_ADM_d10;32800;ASH_COATED_OSMIUM;9905;23;9901;13;;;9911;15;9913;22;;;9908.0;0.0
yf_ADM_d10;32800;INTARIAN_PEPPER_ROOT;10551;10;10547;23;;;10557;19;10560;19;;;10554.0;0.0
yf_ADM_d10;32900;ASH_COATED_OSMIUM;9894;17;9890;18;;;9924;11;9926;24;;;9909.0;0.0
yf_ADM_d10;32900;INTARIAN_PEPPER_ROOT;10551;9;10547;23;;;10562;14;10565;24;;;10556.5;0.0
yf_ADM_d10;33000;ASH_COATED_OSMIUM;9896;16;9893;15;;;9923;22;9925;25;;;9909.5;0.0
yf_ADM_d10;33000;INTARIAN_PEPPER_ROOT;10556;13;10554;17;;;10562;17;10566;25;;;10559.0;0.0
yf_ADM_d10;33100;ASH_COATED_OSMIUM;9893;14;9889;20;;;9925;5;9928;17;;;9909.0;0.0
yf_ADM_d10;33100;INTARIAN_PEPPER_ROOT;10558;23;10556;25;;;10564;16;10568;16;;;10561.0;0.0
yf_ADM_d10;33200;ASH_COATED_OSMIUM;9906;5;9904;13;;;9913;5;9917;20;;;9909.5;0.0
yf_ADM_d10;33200;INTARIAN_PEPPER_ROOT;10560;19;10556;16;;;10566;10;10568;22;;;10563.0;0.0
yf_ADM_d10;33300;ASH_COATED_OSMIUM;9906;17;9902;15;;;9912;8;9916;19;;;9909.0;0.0
yf_ADM_d10;33300;INTARIAN_PEPPER_ROOT;10562;22;10558;14;;;10568;11;10570;26;;;10565.0;0.0
yf_ADM_d10;33400;ASH_COATED_OSMIUM;9905;11;9902;21;;;9912;7;9915;22;;;9908.5;0.0
yf_ADM_d10;33400;INTARIAN_PEPPER_ROOT;10566;6;10563;14;;;10572;15;10575;17;;;10569.0;0.0
yf_ADM_d10;33500;ASH_COATED_OSMIUM;9906;15;9902;17;;;9912;15;9916;14;;;9909.0;0.0
yf_ADM_d10;33500;INTARIAN_PEPPER_ROOT;10556;11;10552;21;;;10584;10;10586;22;;;10570.0;0.0
yf_ADM_d10;33600;ASH_COATED_OSMIUM;9906;11;9904;23;;;9913;9;9916;12;;;9909.5;0.0
yf_ADM_d10;33600;INTARIAN_PEPPER_ROOT;10563;9;10559;17;;;10581;19;10585;17;;;10572.0;0.0
yf_ADM_d10;33700;ASH_COATED_OSMIUM;9906;16;9902;27;;;9912;14;9914;22;;;9909.0;0.0
yf_ADM_d10;33700;INTARIAN_PEPPER_ROOT;10572;9;10570;29;;;10578;18;10582;20;;;10575.0;0.0
yf_ADM_d10;33800;ASH_COATED_OSMIUM;9907;16;9904;11;;;9913;22;9915;21;;;9910.0;0.0
yf_ADM_d10;33800;INTARIAN_PEPPER_ROOT;10563;18;10560;17;;;10591;11;10595;19;;;10577.0;0.0
yf_ADM_d10;33900;ASH_COATED_OSMIUM;9906;16;9903;21;;;9912;12;9914;19;;;9909.0;0.0
yf_ADM_d10;33900;INTARIAN_PEPPER_ROOT;10576;10;10574;24;;;10582;16;10586;24;;;10579.0;0.0
yf_ADM_d10;34000;ASH_COATED_OSMIUM;9905;11;9902;18;;;9914;24;9916;27;;;9909.5;0.0
yf_ADM_d10;34000;INTARIAN_PEPPER_ROOT;10578;14;10576;17;;;10584;15;10586;25;;;10581.0;0.0
yf_ADM_d10;34100;ASH_COATED_OSMIUM;9907;13;9905;26;;;9913;13;9915;25;;;9910.0;0.0
yf_ADM_d10;34100;INTARIAN_PEPPER_ROOT;10576;18;10574;23;;;10591;16;10593;10;;;10583.5;0.0
yf_ADM_d10;34200;ASH_COATED_OSMIUM;9907;18;9905;16;;;9913;15;9916;22;;;9910.0;0.0
yf_ADM_d10;34200;INTARIAN_PEPPER_ROOT;10582;5;10578;19;;;10588;24;10592;20;;;10585.0;0.0
yf_ADM_d10;34300;ASH_COATED_OSMIUM;9907;9;9903;19;;;9913;11;9916;29;;;9910.0;0.0
yf_ADM_d10;34300;INTARIAN_PEPPER_ROOT;10582;15;10580;26;;;10593;16;10596;14;;;10587.5;0.0
yf_ADM_d10;34400;ASH_COATED_OSMIUM;9901;15;9898;22;;;9920;5;9922;19;;;9910.5;0.0
yf_ADM_d10;34400;INTARIAN_PEPPER_ROOT;10586;15;10582;17;;;10592;9;10595;20;;;10589.0;0.0
yf_ADM_d10;34500;ASH_COATED_OSMIUM;9907;18;9904;14;;;9913;20;9917;24;;;9910.0;0.0
yf_ADM_d10;34500;INTARIAN_PEPPER_ROOT;10588;19;10586;27;;;10594;17;10596;18;;;10591.0;0.0
yf_ADM_d10;34600;ASH_COATED_OSMIUM;9907;12;9904;23;;;9913;10;9917;10;;;9910.0;0.0
yf_ADM_d10;34600;INTARIAN_PEPPER_ROOT;10582;12;10578;23;;;10604;14;10606;16;;;10593.0;0.0
yf_ADM_d10;34700;ASH_COATED_OSMIUM;9906;19;9902;23;;;9916;16;9919;24;;;9911.0;0.0
yf_ADM_d10;34700;INTARIAN_PEPPER_ROOT;10593;17;10591;19;;;10599;17;10602;25;;;10596.0;0.0
yf_ADM_d10;34800;ASH_COATED_OSMIUM;9908;19;9905;26;;;9914;13;9917;10;;;9911.0;0.0
yf_ADM_d10;34800;INTARIAN_PEPPER_ROOT;10583;18;10581;28;;;10612;13;10614;23;;;10597.5;0.0
yf_ADM_d10;34900;ASH_COATED_OSMIUM;9904;15;9901;29;;;9917;20;9921;23;;;9910.5;0.0
yf_ADM_d10;34900;INTARIAN_PEPPER_ROOT;10597;18;10595;18;;;10603;19;10606;21;;;10600.0;0.0
yf_ADM_d10;35000;ASH_COATED_OSMIUM;9906;12;9903;23;;;9916;9;9919;29;;;9911.0;0.0
yf_ADM_d10;35000;INTARIAN_PEPPER_ROOT;10599;10;10596;27;;;10605;18;10609;24;;;10602.0;0.0
yf_ADM_d10;35100;ASH_COATED_OSMIUM;9903;19;9900;23;;;9919;12;9922;17;;;9911.0;0.0
yf_ADM_d10;35100;INTARIAN_PEPPER_ROOT;10597;15;10594;18;;;10611;13;10614;20;;;10604.0;0.0
yf_ADM_d10;35200;ASH_COATED_OSMIUM;9906;5;9903;20;;;9916;19;9920;24;;;9911.0;0.0
yf_ADM_d10;35200;INTARIAN_PEPPER_ROOT;10602;18;10600;18;;;10608;21;10611;21;;;10605.0;0.0
yf_ADM_d10;35300;ASH_COATED_OSMIUM;9908;10;9906;18;;;9914;5;9917;21;;;9911.0;0.0
yf_ADM_d10;35300;INTARIAN_PEPPER_ROOT;10604;16;10602;17;;;10610;9;10612;8;;;10607.0;0.0
yf_ADM_d10;35400;ASH_COATED_OSMIUM;9909;13;9906;16;;;9915;7;9919;15;;;9912.0;0.0
yf_ADM_d10;35400;INTARIAN_PEPPER_ROOT;10606;17;10603;22;;;10612;10;10615;29;;;10609.0;0.0
yf_ADM_d10;35500;ASH_COATED_OSMIUM;9908;18;9904;24;;;9914;11;9916;22;;;9911.0;0.0
yf_ADM_d10;35500;INTARIAN_PEPPER_ROOT;10609;20;10606;12;;;10615;19;10618;14;;;10612.0;0.0
yf_ADM_d10;35600;ASH_COATED_OSMIUM;9909;20;9906;25;;;9915;16;9917;21;;;9912.0;0.0
yf_ADM_d10;35600;INTARIAN_PEPPER_ROOT;10611;17;10609;18;;;10617;16;10620;23;;;10614.0;0.0
yf_ADM_d10;35700;ASH_COATED_OSMIUM;9907;12;9904;16;;;9916;16;9919;17;;;9911.5;0.0
yf_ADM_d10;35700;INTARIAN_PEPPER_ROOT;10610;15;10607;26;;;10621;23;10623;10;;;10615.5;0.0
yf_ADM_d10;35800;ASH_COATED_OSMIUM;9909;17;9907;30;;;9915;8;9918;25;;;9912.0;0.0
yf_ADM_d10;35800;INTARIAN_PEPPER_ROOT;10614;20;10610;29;;;10620;18;10624;23;;;10617.0;0.0
yf_ADM_d10;35900;ASH_COATED_OSMIUM;9909;14;9906;21;;;9915;22;9918;19;;;9912.0;0.0
yf_ADM_d10;35900;INTARIAN_PEPPER_ROOT;10616;18;10612;14;;;10622;7;10625;18;;;10619.0;0.0
yf_ADM_d10;36000;ASH_COATED_OSMIUM;9909;15;9905;30;;;9915;20;9917;28;;;9912.0;0.0
yf_ADM_d10;36000;INTARIAN_PEPPER_ROOT;10619;8;10617;20;;;10625;22;10629;17;;;10622.0;0.0
yf_ADM_d10;36100;ASH_COATED_OSMIUM;9909;14;9905;26;;;9915;7;9917;16;;;9912.0;0.0
yf_ADM_d10;36100;INTARIAN_PEPPER_ROOT;10620;23;10616;18;;;10627;20;10629;8;;;10623.5;0.0
yf_ADM_d10;36200;ASH_COATED_OSMIUM;9909;18;9906;24;;;9916;15;9918;23;;;9912.5;0.0
yf_ADM_d10;36200;INTARIAN_PEPPER_ROOT;10621;12;10619;18;;;10631;12;10635;18;;;10626.0;0.0
yf_ADM_d10;36300;ASH_COATED_OSMIUM;9908;18;9906;20;;;9916;23;9920;18;;;9912.0;0.0
yf_ADM_d10;36300;INTARIAN_PEPPER_ROOT;10618;13;10616;21;;;10638;8;10642;21;;;10628.0;0.0
yf_ADM_d10;36400;ASH_COATED_OSMIUM;9909;14;9907;28;;;9916;17;9918;21;;;9912.5;0.0
yf_ADM_d10;36400;INTARIAN_PEPPER_ROOT;10626;11;10622;21;;;10632;11;10636;18;;;10629.0;0.0
yf_ADM_d10;36500;ASH_COATED_OSMIUM;9910;17;9908;35;;;9916;12;9920;20;;;9913.0;0.0
yf_ADM_d10;36500;INTARIAN_PEPPER_ROOT;10626;24;10622;21;;;10636;13;10639;12;;;10631.0;0.0
yf_ADM_d10;36600;ASH_COATED_OSMIUM;9910;20;9908;26;;;9916;9;9919;19;;;9913.0;0.0
yf_ADM_d10;36600;INTARIAN_PEPPER_ROOT;10631;18;10629;21;;;10637;8;10641;22;;;10634.0;0.0
yf_ADM_d10;36700;ASH_COATED_OSMIUM;9910;12;9906;17;;;9916;20;9918;21;;;9913.0;0.0
yf_ADM_d10;36700;INTARIAN_PEPPER_ROOT;10630;22;10627;20;;;10641;12;10645;10;;;10635.5;0.0
yf_ADM_d10;36800;ASH_COATED_OSMIUM;9910;10;9908;10;;;9916;10;9919;22;;;9913.0;0.0
yf_ADM_d10;36800;INTARIAN_PEPPER_ROOT;10635;17;10632;19;;;10641;17;10645;22;;;10638.0;0.0
yf_ADM_d10;36900;ASH_COATED_OSMIUM;9903;13;9900;26;;;9923;13;9926;19;;;9913.0;0.0
yf_ADM_d10;36900;INTARIAN_PEPPER_ROOT;10637;17;10633;19;;;10643;13;10646;18;;;10640.0;0.0
yf_ADM_d10;37000;ASH_COATED_OSMIUM;9910;19;9906;13;;;9916;14;9918;27;;;9913.0;0.0
yf_ADM_d10;37000;INTARIAN_PEPPER_ROOT;10636;16;10633;18;;;10648;22;10652;20;;;10642.0;0.0
yf_ADM_d10;37100;ASH_COATED_OSMIUM;9909;16;9905;16;;;9918;14;9920;16;;;9913.5;0.0
yf_ADM_d10;37100;INTARIAN_PEPPER_ROOT;10641;18;10637;22;;;10647;11;10649;14;;;10644.0;0.0
yf_ADM_d10;37200;ASH_COATED_OSMIUM;9909;7;9906;15;;;9919;12;9922;28;;;9914.0;0.0
yf_ADM_d10;37200;INTARIAN_PEPPER_ROOT;10640;13;10636;20;;;10651;12;10654;18;;;10645.5;0.0
yf_ADM_d10;37300;ASH_COATED_OSMIUM;9911;20;9908;18;;;9917;13;9919;17;;;9914.0;0.0
yf_ADM_d10;37300;INTARIAN_PEPPER_ROOT;10645;20;10643;22;;;10651;11;10653;13;;;10648.0;0.0
yf_ADM_d10;37400;ASH_COATED_OSMIUM;9910;8;9906;16;;;9916;8;9918;21;;;9913.0;0.0
yf_ADM_d10;37400;INTARIAN_PEPPER_ROOT;10638;9;10635;18;;;10660;14;10663;13;;;10649.0;0.0
yf_ADM_d10;37500;ASH_COATED_OSMIUM;9911;17;9907;8;;;9917;17;9921;17;;;9914.0;0.0
yf_ADM_d10;37500;INTARIAN_PEPPER_ROOT;10648;14;10644;20;;;10656;8;10660;26;;;10652.0;0.0
yf_ADM_d10;37600;ASH_COATED_OSMIUM;9911;16;9907;14;;;9917;17;9921;16;;;9914.0;0.0
yf_ADM_d10;37600;INTARIAN_PEPPER_ROOT;10641;10;10638;24;;;10668;19;10672;14;;;10654.5;0.0
yf_ADM_d10;37700;ASH_COATED_OSMIUM;9906;24;9902;24;;;9922;7;9926;20;;;9914.0;0.0
yf_ADM_d10;37700;INTARIAN_PEPPER_ROOT;10653;20;10651;13;;;10659;19;10661;11;;;10656.0;0.0
yf_ADM_d10;37800;ASH_COATED_OSMIUM;9903;18;9900;23;;;9925;6;9929;18;;;9914.0;0.0
yf_ADM_d10;37800;INTARIAN_PEPPER_ROOT;10655;11;10653;24;;;10661;7;10665;14;;;10658.0;0.0
yf_ADM_d10;37900;ASH_COATED_OSMIUM;9905;12;9903;25;;;9923;8;9926;19;;;9914.0;0.0
yf_ADM_d10;37900;INTARIAN_PEPPER_ROOT;10657;16;10653;21;;;10663;20;10667;17;;;10660.0;0.0
yf_ADM_d10;38000;ASH_COATED_OSMIUM;9911;14;9908;14;;;9917;14;9920;19;;;9914.0;0.0
yf_ADM_d10;38000;INTARIAN_PEPPER_ROOT;10659;8;10655;12;;;10665;13;10669;19;;;10662.0;0.0
yf_ADM_d10;38100;ASH_COATED_OSMIUM;9910;18;9907;22;;;9919;12;9923;20;;;9914.5;0.0
yf_ADM_d10;38100;INTARIAN_PEPPER_ROOT;10655;16;10651;18;;;10673;13;10677;22;;;10664.0;0.0
yf_ADM_d10;38200;ASH_COATED_OSMIUM;9911;9;9909;24;;;9917;16;9920;16;;;9914.0;0.0
yf_ADM_d10;38200;INTARIAN_PEPPER_ROOT;10663;13;10660;32;;;10669;11;10672;21;;;10666.0;0.0
yf_ADM_d10;38300;ASH_COATED_OSMIUM;9912;25;9908;21;;;9918;14;9920;21;;;9915.0;0.0
yf_ADM_d10;38300;INTARIAN_PEPPER_ROOT;10665;9;10663;17;;;10671;17;10673;21;;;10668.0;0.0
yf_ADM_d10;38400;ASH_COATED_OSMIUM;9912;10;9909;18;;;9918;12;9920;23;;;9915.0;0.0
yf_ADM_d10;38400;INTARIAN_PEPPER_ROOT;10667;6;10663;22;;;10673;19;10675;19;;;10670.0;0.0
yf_ADM_d10;38500;ASH_COATED_OSMIUM;9912;18;9909;11;;;9918;19;9920;18;;;9915.0;0.0
yf_ADM_d10;38500;INTARIAN_PEPPER_ROOT;10669;11;10666;16;;;10676;17;10679;21;;;10672.5;0.0
yf_ADM_d10;38600;ASH_COATED_OSMIUM;9912;9;9909;14;;;9918;27;9922;23;;;9915.0;0.0
yf_ADM_d10;38600;INTARIAN_PEPPER_ROOT;10671;24;10667;17;;;10677;19;10679;21;;;10674.0;0.0
yf_ADM_d10;38700;ASH_COATED_OSMIUM;9905;10;9903;23;;;9926;11;9930;22;;;9915.5;0.0
yf_ADM_d10;38700;INTARIAN_PEPPER_ROOT;10667;9;10663;16;;;10685;15;10688;28;;;10676.0;0.0
yf_ADM_d10;38800;ASH_COATED_OSMIUM;9912;7;9909;12;;;9918;22;9920;25;;;9915.0;0.0
yf_ADM_d10;38800;INTARIAN_PEPPER_ROOT;10671;16;10669;11;;;10686;21;10688;13;;;10678.5;0.0
yf_ADM_d10;38900;ASH_COATED_OSMIUM;9912;15;9908;32;;;9918;12;9920;17;;;9915.0;0.0
yf_ADM_d10;38900;INTARIAN_PEPPER_ROOT;10677;21;10673;17;;;10683;20;10687;16;;;10680.0;0.0
yf_ADM_d10;39000;ASH_COATED_OSMIUM;9904;17;9902;17;;;9928;17;9932;13;;;9916.0;0.0
yf_ADM_d10;39000;INTARIAN_PEPPER_ROOT;10679;16;10677;27;;;10685;14;10689;19;;;10682.0;0.0
yf_ADM_d10;39100;ASH_COATED_OSMIUM;9911;9;9909;22;;;9921;24;9924;21;;;9916.0;0.0
yf_ADM_d10;39100;INTARIAN_PEPPER_ROOT;10681;5;10679;14;;;10687;20;10690;11;;;10684.0;0.0
yf_ADM_d10;39200;ASH_COATED_OSMIUM;9913;14;9909;19;;;9919;14;9921;26;;;9916.0;0.0
yf_ADM_d10;39200;INTARIAN_PEPPER_ROOT;10683;6;10681;23;;;10689;9;10691;20;;;10686.0;0.0
yf_ADM_d10;39300;ASH_COATED_OSMIUM;9913;18;9911;15;;;9919;27;9921;18;;;9916.0;0.0
yf_ADM_d10;39300;INTARIAN_PEPPER_ROOT;10685;7;10683;24;;;10691;14;10693;19;;;10688.0;0.0
yf_ADM_d10;39400;ASH_COATED_OSMIUM;9914;18;9912;22;;;9920;22;9923;16;;;9917.0;0.0
yf_ADM_d10;39400;INTARIAN_PEPPER_ROOT;10687;22;10684;20;;;10693;10;10695;16;;;10690.0;0.0
yf_ADM_d10;39500;ASH_COATED_OSMIUM;9911;16;9908;19;;;9920;12;9923;17;;;9915.5;0.0
yf_ADM_d10;39500;INTARIAN_PEPPER_ROOT;10682;16;10680;21;;;10701;10;10704;16;;;10691.5;0.0
yf_ADM_d10;39600;ASH_COATED_OSMIUM;9913;15;9909;18;;;9919;17;9923;21;;;9916.0;0.0
yf_ADM_d10;39600;INTARIAN_PEPPER_ROOT;10690;9;10688;17;;;10696;25;10699;25;;;10693.0;0.0
yf_ADM_d10;39700;ASH_COATED_OSMIUM;9913;14;9910;29;;;9919;19;9923;22;;;9916.0;0.0
yf_ADM_d10;39700;INTARIAN_PEPPER_ROOT;10693;17;10691;20;;;10699;22;10702;17;;;10696.0;0.0
yf_ADM_d10;39800;ASH_COATED_OSMIUM;9909;11;9905;16;;;9925;10;9927;15;;;9917.0;0.0
yf_ADM_d10;39800;INTARIAN_PEPPER_ROOT;10695;14;10692;28;;;10701;21;10705;11;;;10698.0;0.0
yf_ADM_d10;39900;ASH_COATED_OSMIUM;9908;9;9906;26;;;9925;10;9927;24;;;9916.5;0.0
yf_ADM_d10;39900;INTARIAN_PEPPER_ROOT;10696;9;10694;22;;;10704;11;10708;19;;;10700.0;0.0
yf_ADM_d10;40000;ASH_COATED_OSMIUM;9913;13;9910;22;;;9919;16;9923;19;;;9916.0;0.0
yf_ADM_d10;40000;INTARIAN_PEPPER_ROOT;10699;11;10695;27;;;10705;16;10708;18;;;10702.0;0.0
yf_ADM_d10;40100;ASH_COATED_OSMIUM;9914;19;9912;16;;;9920;11;9922;32;;;9917.0;0.0
yf_ADM_d10;40100;INTARIAN_PEPPER_ROOT;10698;17;10694;21;;;10710;22;10712;17;;;10704.0;0.0
yf_ADM_d10;40200;ASH_COATED_OSMIUM;9914;22;9910;20;;;9920;14;9922;17;;;9917.0;0.0
yf_ADM_d10;40200;INTARIAN_PEPPER_ROOT;10701;24;10697;10;;;10711;11;10714;21;;;10706.0;0.0
yf_ADM_d10;40300;ASH_COATED_OSMIUM;9910;17;9907;23;;;9924;16;9928;12;;;9917.0;0.0
yf_ADM_d10;40300;INTARIAN_PEPPER_ROOT;10705;13;10703;23;;;10711;21;10713;19;;;10708.0;0.0
yf_ADM_d10;40400;ASH_COATED_OSMIUM;9915;22;9911;26;;;9921;20;9924;31;;;9918.0;0.0
yf_ADM_d10;40400;INTARIAN_PEPPER_ROOT;10702;18;10700;31;;;10718;14;10720;25;;;10710.0;0.0
yf_ADM_d10;40500;ASH_COATED_OSMIUM;9910;16;9908;20;;;9925;21;9928;17;;;9917.5;0.0
yf_ADM_d10;40500;INTARIAN_PEPPER_ROOT;10708;21;10705;17;;;10714;18;10717;26;;;10711.0;0.0
yf_ADM_d10;40600;ASH_COATED_OSMIUM;9912;21;9910;27;;;9923;14;9926;23;;;9917.5;0.0
yf_ADM_d10;40600;INTARIAN_PEPPER_ROOT;10711;10;10708;20;;;10717;19;10719;9;;;10714.0;0.0
yf_ADM_d10;40700;ASH_COATED_OSMIUM;9915;23;9913;23;;;9921;15;9924;28;;;9918.0;0.0
yf_ADM_d10;40700;INTARIAN_PEPPER_ROOT;10713;15;10710;23;;;10719;20;10722;18;;;10716.0;0.0
yf_ADM_d10;40800;ASH_COATED_OSMIUM;9915;24;9911;18;;;9921;22;9923;20;;;9918.0;0.0
yf_ADM_d10;40800;INTARIAN_PEPPER_ROOT;10704;20;10702;14;;;10732;11;10734;9;;;10718.0;0.0
yf_ADM_d10;40900;ASH_COATED_OSMIUM;9915;10;9913;17;;;9921;16;9924;23;;;9918.0;0.0
yf_ADM_d10;40900;INTARIAN_PEPPER_ROOT;10716;11;10713;30;;;10723;17;10727;29;;;10719.5;0.0
yf_ADM_d10;41000;ASH_COATED_OSMIUM;9908;18;9906;17;;;9929;8;9932;14;;;9918.5;0.0
yf_ADM_d10;41000;INTARIAN_PEPPER_ROOT;10719;17;10715;15;;;10725;11;10727;26;;;10722.0;0.0
yf_ADM_d10;41100;ASH_COATED_OSMIUM;9909;12;9905;23;;;9927;19;9930;29;;;9918.0;0.0
yf_ADM_d10;41100;INTARIAN_PEPPER_ROOT;10721;18;10719;18;;;10727;12;10731;25;;;10724.0;0.0
yf_ADM_d10;41200;ASH_COATED_OSMIUM;9915;14;9913;19;;;9921;18;9923;21;;;9918.0;0.0
yf_ADM_d10;41200;INTARIAN_PEPPER_ROOT;10723;18;10721;17;;;10730;19;10732;23;;;10726.5;0.0
yf_ADM_d10;41300;ASH_COATED_OSMIUM;9895;12;9893;24;;;9941;15;9945;28;;;9918.0;0.0
yf_ADM_d10;41300;INTARIAN_PEPPER_ROOT;10725;15;10721;21;;;10731;15;10735;14;;;10728.0;0.0
yf_ADM_d10;41400;ASH_COATED_OSMIUM;9910;11;9908;35;;;9926;13;9929;21;;;9918.0;0.0
yf_ADM_d10;41400;INTARIAN_PEPPER_ROOT;10726;14;10723;24;;;10735;10;10737;20;;;10730.5;0.0
yf_ADM_d10;41500;ASH_COATED_OSMIUM;9913;15;9910;14;;;9923;17;9926;18;;;9918.0;0.0
yf_ADM_d10;41500;INTARIAN_PEPPER_ROOT;10729;6;10726;12;;;10735;19;10738;20;;;10732.0;0.0
yf_ADM_d10;41600;ASH_COATED_OSMIUM;9916;20;9913;23;;;9922;17;9926;16;;;9919.0;0.0
yf_ADM_d10;41600;INTARIAN_PEPPER_ROOT;10731;9;10727;18;;;10737;10;10741;18;;;10734.0;0.0
yf_ADM_d10;41700;ASH_COATED_OSMIUM;9906;16;9904;17;;;9932;18;9936;21;;;9919.0;0.0
yf_ADM_d10;41700;INTARIAN_PEPPER_ROOT;10733;10;10730;17;;;10739;12;10741;25;;;10736.0;0.0
yf_ADM_d10;41800;ASH_COATED_OSMIUM;9916;23;9914;18;;;9922;17;9924;14;;;9919.0;0.0
yf_ADM_d10;41800;INTARIAN_PEPPER_ROOT;10734;14;10731;23;;;10743;21;10745;23;;;10738.5;0.0
yf_ADM_d10;41900;ASH_COATED_OSMIUM;9916;8;9912;18;;;9922;10;9926;21;;;9919.0;0.0
yf_ADM_d10;41900;INTARIAN_PEPPER_ROOT;10738;8;10735;14;;;10744;14;10748;18;;;10741.0;0.0
yf_ADM_d10;42000;ASH_COATED_OSMIUM;9917;16;9914;15;;;9923;13;9926;16;;;9920.0;0.0
yf_ADM_d10;42000;INTARIAN_PEPPER_ROOT;10725;5;10722;26;;;10759;12;10761;20;;;10742.0;0.0
yf_ADM_d10;42100;ASH_COATED_OSMIUM;9911;8;9908;17;;;9927;13;9930;18;;;9919.0;0.0
yf_ADM_d10;42100;INTARIAN_PEPPER_ROOT;10741;18;10737;23;;;10747;18;10749;25;;;10744.0;0.0
yf_ADM_d10;42200;ASH_COATED_OSMIUM;9915;15;9911;12;;;9926;11;9930;21;;;9920.5;0.0
yf_ADM_d10;42200;INTARIAN_PEPPER_ROOT;10742;5;10740;16;;;10749;12;10753;21;;;10745.5;0.0
yf_ADM_d10;42300;ASH_COATED_OSMIUM;9916;14;9914;26;;;9923;20;9927;19;;;9919.5;0.0
yf_ADM_d10;42300;INTARIAN_PEPPER_ROOT;10745;18;10741;9;;;10751;12;10755;18;;;10748.0;0.0
yf_ADM_d10;42400;ASH_COATED_OSMIUM;9917;14;9913;21;;;9923;21;9925;17;;;9920.0;0.0
yf_ADM_d10;42400;INTARIAN_PEPPER_ROOT;10745;17;10742;15;;;10755;10;10757;20;;;10750.0;0.0
yf_ADM_d10;42500;ASH_COATED_OSMIUM;9915;12;9911;11;;;9926;22;9930;13;;;9920.5;0.0
yf_ADM_d10;42500;INTARIAN_PEPPER_ROOT;10739;14;10735;21;;;10766;16;10768;15;;;10752.5;0.0
yf_ADM_d10;42600;ASH_COATED_OSMIUM;9910;14;9906;26;;;9930;6;9933;21;;;9920.0;0.0
yf_ADM_d10;42600;INTARIAN_PEPPER_ROOT;10751;15;10748;16;;;10757;22;10761;30;;;10754.0;0.0
yf_ADM_d10;42700;ASH_COATED_OSMIUM;9917;22;9913;12;;;9923;10;9926;22;;;9920.0;0.0
yf_ADM_d10;42700;INTARIAN_PEPPER_ROOT;10753;16;10750;21;;;10759;24;10761;24;;;10756.0;0.0
yf_ADM_d10;42800;ASH_COATED_OSMIUM;9917;15;9915;15;;;9924;23;9928;19;;;9920.5;0.0
yf_ADM_d10;42800;INTARIAN_PEPPER_ROOT;10755;16;10751;18;;;10761;14;10764;23;;;10758.0;0.0
yf_ADM_d10;42900;ASH_COATED_OSMIUM;9910;14;9908;18;;;9930;9;9933;25;;;9920.0;0.0
yf_ADM_d10;42900;INTARIAN_PEPPER_ROOT;10757;24;10754;20;;;10763;8;10765;16;;;10760.0;0.0
yf_ADM_d10;43000;ASH_COATED_OSMIUM;9918;10;9914;15;;;9924;17;9926;20;;;9921.0;0.0
yf_ADM_d10;43000;INTARIAN_PEPPER_ROOT;10756;5;10753;24;;;10769;19;10771;14;;;10762.5;0.0
yf_ADM_d10;43100;ASH_COATED_OSMIUM;9918;19;9916;11;;;9924;17;9928;15;;;9921.0;0.0
yf_ADM_d10;43100;INTARIAN_PEPPER_ROOT;10759;12;10756;24;;;10770;11;10774;13;;;10764.5;0.0
yf_ADM_d10;43200;ASH_COATED_OSMIUM;9917;16;9913;25;;;9923;16;9925;21;;;9920.0;0.0
yf_ADM_d10;43200;INTARIAN_PEPPER_ROOT;10763;13;10761;20;;;10769;10;10772;22;;;10766.0;0.0
yf_ADM_d10;43300;ASH_COATED_OSMIUM;9918;13;9916;12;;;9924;14;9927;22;;;9921.0;0.0
yf_ADM_d10;43300;INTARIAN_PEPPER_ROOT;10762;12;10760;18;;;10776;9;10780;9;;;10769.0;0.0
yf_ADM_d10;43400;ASH_COATED_OSMIUM;9918;11;9916;16;;;9924;13;9926;27;;;9921.0;0.0
yf_ADM_d10;43400;INTARIAN_PEPPER_ROOT;10767;7;10763;25;;;10773;11;10776;18;;;10770.0;0.0
yf_ADM_d10;43500;ASH_COATED_OSMIUM;9918;23;9916;17;;;9924;19;9926;30;;;9921.0;0.0
yf_ADM_d10;43500;INTARIAN_PEPPER_ROOT;10768;15;10764;19;;;10774;21;10778;17;;;10771.0;0.0
yf_ADM_d10;43600;ASH_COATED_OSMIUM;9918;16;9915;16;;;9924;17;9927;18;;;9921.0;0.0
yf_ADM_d10;43600;INTARIAN_PEPPER_ROOT;10771;10;10768;18;;;10777;5;10781;24;;;10774.0;0.0
yf_ADM_d10;43700;ASH_COATED_OSMIUM;9919;16;9916;26;;;9925;11;9928;20;;;9922.0;0.0
yf_ADM_d10;43700;INTARIAN_PEPPER_ROOT;10773;16;10769;17;;;10779;14;10783;15;;;10776.0;0.0
yf_ADM_d10;43800;ASH_COATED_OSMIUM;9910;11;9908;18;;;9932;16;9934;20;;;9921.0;0.0
yf_ADM_d10;43800;INTARIAN_PEPPER_ROOT;10775;22;10773;23;;;10782;18;10786;18;;;10778.5;0.0
yf_ADM_d10;43900;ASH_COATED_OSMIUM;9918;18;9914;15;;;9924;27;9927;16;;;9921.0;0.0
yf_ADM_d10;43900;INTARIAN_PEPPER_ROOT;10777;10;10774;16;;;10783;19;10786;28;;;10780.0;0.0
yf_ADM_d10;44000;ASH_COATED_OSMIUM;9905;6;9901;14;;;9939;6;9941;12;;;9922.0;0.0
yf_ADM_d10;44000;INTARIAN_PEPPER_ROOT;10776;16;10774;23;;;10788;5;10792;18;;;10782.0;0.0
yf_ADM_d10;44100;ASH_COATED_OSMIUM;9919;15;9917;19;;;9925;14;9929;16;;;9922.0;0.0
yf_ADM_d10;44100;INTARIAN_PEPPER_ROOT;10782;10;10780;9;;;10788;6;10792;24;;;10785.0;0.0
yf_ADM_d10;44200;ASH_COATED_OSMIUM;9919;17;9916;20;;;9925;12;9928;25;;;9922.0;0.0
yf_ADM_d10;44200;INTARIAN_PEPPER_ROOT;10778;15;10776;15;;;10795;5;10799;13;;;10786.5;0.0
yf_ADM_d10;44300;ASH_COATED_OSMIUM;9919;21;9916;17;;;9925;5;9928;27;;;9922.0;0.0
yf_ADM_d10;44300;INTARIAN_PEPPER_ROOT;10781;11;10777;27;;;10796;15;10798;30;;;10788.5;0.0
yf_ADM_d10;44400;ASH_COATED_OSMIUM;9919;12;9917;9;;;9925;16;9929;25;;;9922.0;0.0
yf_ADM_d10;44400;INTARIAN_PEPPER_ROOT;10787;16;10783;11;;;10793;15;10796;30;;;10790.0;0.0
yf_ADM_d10;44500;ASH_COATED_OSMIUM;9912;10;9910;12;;;9933;24;9936;23;;;9922.5;0.0
yf_ADM_d10;44500;INTARIAN_PEPPER_ROOT;10789;11;10786;28;;;10795;18;10798;19;;;10792.0;0.0
yf_ADM_d10;44600;ASH_COATED_OSMIUM;9919;24;9916;29;;;9925;16;9929;22;;;9922.0;0.0
yf_ADM_d10;44600;INTARIAN_PEPPER_ROOT;10783;13;10780;21;;;10805;12;10809;14;;;10794.0;0.0
yf_ADM_d10;44700;ASH_COATED_OSMIUM;9917;20;9914;23;;;9929;15;9932;26;;;9923.0;0.0
yf_ADM_d10;44700;INTARIAN_PEPPER_ROOT;10793;24;10789;21;;;10799;8;10803;17;;;10796.0;0.0
yf_ADM_d10;44800;ASH_COATED_OSMIUM;9919;10;9917;26;;;9925;11;9929;8;;;9922.0;0.0
yf_ADM_d10;44800;INTARIAN_PEPPER_ROOT;10795;18;10791;25;;;10801;18;10804;15;;;10798.0;0.0
yf_ADM_d10;44900;ASH_COATED_OSMIUM;9919;16;9917;22;;;9925;17;9928;20;;;9922.0;0.0
yf_ADM_d10;44900;INTARIAN_PEPPER_ROOT;10795;22;10793;13;;;10806;18;10810;18;;;10800.5;0.0
yf_ADM_d10;45000;ASH_COATED_OSMIUM;9920;14;9916;30;;;9926;14;9928;17;;;9923.0;0.0
yf_ADM_d10;45000;INTARIAN_PEPPER_ROOT;10799;10;10795;14;;;10805;15;10808;17;;;10802.0;0.0
yf_ADM_d10;45100;ASH_COATED_OSMIUM;9905;14;9901;18;;;9940;14;9943;27;;;9922.5;0.0
yf_ADM_d10;45100;INTARIAN_PEPPER_ROOT;10801;8;10797;22;;;10807;12;10809;20;;;10804.0;0.0
yf_ADM_d10;45200;ASH_COATED_OSMIUM;9920;21;9918;15;;;9926;10;9929;30;;;9923.0;0.0
yf_ADM_d10;45200;INTARIAN_PEPPER_ROOT;10799;14;10797;21;;;10814;14;10817;18;;;10806.5;0.0
yf_ADM_d10;45300;ASH_COATED_OSMIUM;9920;15;9917;17;;;9926;18;9928;26;;;9923.0;0.0
yf_ADM_d10;45300;INTARIAN_PEPPER_ROOT;10800;16;10797;16;;;10816;12;10819;18;;;10808.0;0.0
yf_ADM_d10;45400;ASH_COATED_OSMIUM;9920;20;9918;19;;;9926;19;9930;11;;;9923.0;0.0
yf_ADM_d10;45400;INTARIAN_PEPPER_ROOT;10807;18;10805;22;;;10815;9;10819;17;;;10811.0;0.0
yf_ADM_d10;45500;ASH_COATED_OSMIUM;9921;16;9917;20;;;9927;19;9930;19;;;9924.0;0.0
yf_ADM_d10;45500;INTARIAN_PEPPER_ROOT;10801;12;10798;24;;;10825;23;10827;9;;;10813.0;0.0
yf_ADM_d10;45600;ASH_COATED_OSMIUM;9921;5;9917;27;;;9927;17;9930;25;;;9924.0;0.0
yf_ADM_d10;45600;INTARIAN_PEPPER_ROOT;10811;15;10808;14;;;10819;17;10822;18;;;10815.0;0.0
yf_ADM_d10;45700;ASH_COATED_OSMIUM;9921;19;9918;20;;;9927;5;9929;24;;;9924.0;0.0
yf_ADM_d10;45700;INTARIAN_PEPPER_ROOT;10814;5;10810;24;;;10820;5;10822;17;;;10817.0;0.0
yf_ADM_d10;45800;ASH_COATED_OSMIUM;9907;17;9905;14;;;9941;18;9944;13;;;9924.0;0.0
yf_ADM_d10;45800;INTARIAN_PEPPER_ROOT;10815;9;10813;26;;;10822;12;10826;24;;;10818.5;0.0
yf_ADM_d10;45900;ASH_COATED_OSMIUM;9920;18;9916;17;;;9926;14;9929;15;;;9923.0;0.0
yf_ADM_d10;45900;INTARIAN_PEPPER_ROOT;10817;12;10815;18;;;10823;29;10825;14;;;10820.0;0.0
yf_ADM_d10;46000;ASH_COATED_OSMIUM;9921;11;9917;19;;;9927;6;9929;19;;;9924.0;0.0
yf_ADM_d10;46000;INTARIAN_PEPPER_ROOT;10815;18;10811;22;;;10831;15;10834;29;;;10823.0;0.0
yf_ADM_d10;46100;ASH_COATED_OSMIUM;9920;13;9918;23;;;9928;24;9930;16;;;9924.0;0.0
yf_ADM_d10;46100;INTARIAN_PEPPER_ROOT;10821;16;10819;19;;;10827;15;10831;19;;;10824.0;0.0
yf_ADM_d10;46200;ASH_COATED_OSMIUM;9918;13;9915;22;;;9930;14;9933;20;;;9924.0;0.0
yf_ADM_d10;46200;INTARIAN_PEPPER_ROOT;10817;12;10813;21;;;10835;11;10839;22;;;10826.0;0.0
yf_ADM_d10;46300;ASH_COATED_OSMIUM;9917;14;9913;16;;;9932;16;9936;18;;;9924.5;0.0
yf_ADM_d10;46300;INTARIAN_PEPPER_ROOT;10823;5;10820;14;;;10834;14;10838;22;;;10828.5;0.0
yf_ADM_d10;46400;ASH_COATED_OSMIUM;9914;21;9912;14;;;9935;14;9939;15;;;9924.5;0.0
yf_ADM_d10;46400;INTARIAN_PEPPER_ROOT;10812;18;10810;21;;;10848;14;10852;16;;;10830.0;0.0
yf_ADM_d10;46500;ASH_COATED_OSMIUM;9919;6;9916;24;;;9929;20;9933;23;;;9924.0;0.0
yf_ADM_d10;46500;INTARIAN_PEPPER_ROOT;10829;9;10827;17;;;10836;17;10838;23;;;10832.5;0.0
yf_ADM_d10;46600;ASH_COATED_OSMIUM;9922;20;9920;11;;;9928;16;9930;23;;;9925.0;0.0
yf_ADM_d10;46600;INTARIAN_PEPPER_ROOT;10823;20;10820;17;;;10846;5;10849;20;;;10834.5;0.0
yf_ADM_d10;46700;ASH_COATED_OSMIUM;9922;19;9919;12;;;9928;19;9932;11;;;9925.0;0.0
yf_ADM_d10;46700;INTARIAN_PEPPER_ROOT;10834;14;10832;25;;;10840;9;10844;21;;;10837.0;0.0
yf_ADM_d10;46800;ASH_COATED_OSMIUM;9922;10;9918;15;;;9928;13;9931;28;;;9925.0;0.0
yf_ADM_d10;46800;INTARIAN_PEPPER_ROOT;10835;11;10832;23;;;10841;7;10843;26;;;10838.0;0.0
yf_ADM_d10;46900;ASH_COATED_OSMIUM;9911;5;9908;20;;;9938;12;9942;19;;;9924.5;0.0
yf_ADM_d10;46900;INTARIAN_PEPPER_ROOT;10825;12;10821;22;;;10857;19;10859;22;;;10841.0;0.0
yf_ADM_d10;47000;ASH_COATED_OSMIUM;9915;7;9911;18;;;9934;9;9936;23;;;9924.5;0.0
yf_ADM_d10;47000;INTARIAN_PEPPER_ROOT;10839;15;10835;26;;;10845;17;10847;23;;;10842.0;0.0
yf_ADM_d10;47100;ASH_COATED_OSMIUM;9922;25;9918;30;;;9929;16;9931;31;;;9925.5;0.0
yf_ADM_d10;47100;INTARIAN_PEPPER_ROOT;10842;22;10838;16;;;10848;17;10852;24;;;10845.0;0.0
yf_ADM_d10;47200;ASH_COATED_OSMIUM;9921;18;9917;20;;;9929;22;9932;14;;;9925.0;0.0
yf_ADM_d10;47200;INTARIAN_PEPPER_ROOT;10843;21;10839;23;;;10849;12;10853;17;;;10846.0;0.0
yf_ADM_d10;47300;ASH_COATED_OSMIUM;9922;17;9920;17;;;9928;23;9932;19;;;9925.0;0.0
yf_ADM_d10;47300;INTARIAN_PEPPER_ROOT;10845;17;10841;20;;;10851;12;10855;12;;;10848.0;0.0
yf_ADM_d10;47400;ASH_COATED_OSMIUM;9912;19;9909;14;;;9940;12;9944;16;;;9926.0;0.0
yf_ADM_d10;47400;INTARIAN_PEPPER_ROOT;10839;8;10837;23;;;10861;17;10863;23;;;10850.0;0.0
yf_ADM_d10;47500;ASH_COATED_OSMIUM;9923;11;9919;16;;;9929;8;9932;18;;;9926.0;0.0
yf_ADM_d10;47500;INTARIAN_PEPPER_ROOT;10850;17;10848;24;;;10856;20;10860;19;;;10853.0;0.0
yf_ADM_d10;47600;ASH_COATED_OSMIUM;9923;13;9919;16;;;9930;17;9934;8;;;9926.5;0.0
yf_ADM_d10;47600;INTARIAN_PEPPER_ROOT;10851;15;10848;25;;;10857;13;10859;19;;;10854.0;0.0
yf_ADM_d10;47700;ASH_COATED_OSMIUM;9923;26;9921;23;;;9929;16;9933;13;;;9926.0;0.0
yf_ADM_d10;47700;INTARIAN_PEPPER_ROOT;10848;11;10846;21;;;10864;9;10867;17;;;10856.0;0.0
yf_ADM_d10;47800;ASH_COATED_OSMIUM;9924;24;9922;26;;;9930;13;9933;21;;;9927.0;0.0
yf_ADM_d10;47800;INTARIAN_PEPPER_ROOT;10851;6;10848;22;;;10866;9;10870;16;;;10858.5;0.0
yf_ADM_d10;47900;ASH_COATED_OSMIUM;9923;14;9921;14;;;9929;21;9932;20;;;9926.0;0.0
yf_ADM_d10;47900;INTARIAN_PEPPER_ROOT;10858;20;10854;27;;;10864;10;10868;20;;;10861.0;0.0
yf_ADM_d10;48000;ASH_COATED_OSMIUM;9924;8;9922;22;;;9930;12;9934;13;;;9927.0;0.0
yf_ADM_d10;48000;INTARIAN_PEPPER_ROOT;10858;19;10856;26;;;10867;19;10871;13;;;10862.5;0.0
yf_ADM_d10;48100;ASH_COATED_OSMIUM;9924;14;9921;23;;;9930;6;9934;20;;;9927.0;0.0
yf_ADM_d10;48100;INTARIAN_PEPPER_ROOT;10861;17;10858;20;;;10867;10;10871;30;;;10864.0;0.0
yf_ADM_d10;48200;ASH_COATED_OSMIUM;9924;10;9920;21;;;9930;14;9933;21;;;9927.0;0.0
yf_ADM_d10;48200;INTARIAN_PEPPER_ROOT;10859;16;10856;19;;;10874;14;10877;21;;;10866.5;0.0
yf_ADM_d10;48300;ASH_COATED_OSMIUM;9917;20;9914;25;;;9937;10;9939;15;;;9927.0;0.0
yf_ADM_d10;48300;INTARIAN_PEPPER_ROOT;10866;10;10864;21;;;10872;8;10874;20;;;10869.0;0.0
yf_ADM_d10;48400;ASH_COATED_OSMIUM;9922;9;9918;29;;;9931;19;9934;18;;;9926.5;0.0
yf_ADM_d10;48400;INTARIAN_PEPPER_ROOT;10868;8;10864;10;;;10874;16;10877;18;;;10871.0;0.0
yf_ADM_d10;48500;ASH_COATED_OSMIUM;9924;16;9922;20;;;9930;12;9934;18;;;9927.0;0.0
yf_ADM_d10;48500;INTARIAN_PEPPER_ROOT;10867;19;10864;17;;;10879;17;10881;18;;;10873.0;0.0
yf_ADM_d10;48600;ASH_COATED_OSMIUM;9924;16;9921;21;;;9930;20;9933;20;;;9927.0;0.0
yf_ADM_d10;48600;INTARIAN_PEPPER_ROOT;10872;13;10868;21;;;10878;17;10881;12;;;10875.0;0.0
yf_ADM_d10;48700;ASH_COATED_OSMIUM;9924;23;9922;22;;;9931;18;9935;28;;;9927.5;0.0
yf_ADM_d10;48700;INTARIAN_PEPPER_ROOT;10873;21;10869;17;;;10880;13;10882;22;;;10876.5;0.0
yf_ADM_d10;48800;ASH_COATED_OSMIUM;9924;10;9922;22;;;9930;20;9933;25;;;9927.0;0.0
yf_ADM_d10;48800;INTARIAN_PEPPER_ROOT;10876;14;10872;23;;;10882;10;10885;15;;;10879.0;0.0
yf_ADM_d10;48900;ASH_COATED_OSMIUM;9921;22;9917;20;;;9933;23;9935;16;;;9927.0;0.0
yf_ADM_d10;48900;INTARIAN_PEPPER_ROOT;10875;13;10871;15;;;10886;10;10888;20;;;10880.5;0.0
yf_ADM_d10;49000;ASH_COATED_OSMIUM;9920;13;9916;21;;;9936;9;9939;20;;;9928.0;0.0
yf_ADM_d10;49000;INTARIAN_PEPPER_ROOT;10879;13;10877;25;;;10885;22;10889;18;;;10882.0;0.0
yf_ADM_d10;49100;ASH_COATED_OSMIUM;9925;21;9922;17;;;9932;15;9935;18;;;9928.5;0.0
yf_ADM_d10;49100;INTARIAN_PEPPER_ROOT;10881;13;10879;10;;;10887;14;10891;11;;;10884.0;0.0
yf_ADM_d10;49200;ASH_COATED_OSMIUM;9924;12;9921;21;;;9930;10;9933;19;;;9927.0;0.0
yf_ADM_d10;49200;INTARIAN_PEPPER_ROOT;10883;14;10880;18;;;10889;7;10893;18;;;10886.0;0.0
yf_ADM_d10;49300;ASH_COATED_OSMIUM;9925;12;9923;17;;;9931;13;9934;21;;;9928.0;0.0
yf_ADM_d10;49300;INTARIAN_PEPPER_ROOT;10886;6;10882;33;;;10892;14;10895;20;;;10889.0;0.0
yf_ADM_d10;49400;ASH_COATED_OSMIUM;9921;10;9917;22;;;9934;17;9937;22;;;9927.5;0.0
yf_ADM_d10;49400;INTARIAN_PEPPER_ROOT;10887;14;10884;23;;;10893;5;10895;24;;;10890.0;0.0
yf_ADM_d10;49500;ASH_COATED_OSMIUM;9925;15;9922;20;;;9931;11;9934;14;;;9928.0;0.0
yf_ADM_d10;49500;INTARIAN_PEPPER_ROOT;10883;13;10879;13;;;10904;19;10908;21;;;10893.5;0.0
yf_ADM_d10;49600;ASH_COATED_OSMIUM;9925;13;9921;16;;;9931;18;9933;23;;;9928.0;0.0
yf_ADM_d10;49600;INTARIAN_PEPPER_ROOT;10892;20;10890;15;;;10898;18;10902;23;;;10895.0;0.0
yf_ADM_d10;49700;ASH_COATED_OSMIUM;9900;11;9896;19;;;9956;19;9958;14;;;9928.0;0.0
yf_ADM_d10;49700;INTARIAN_PEPPER_ROOT;10894;17;10891;15;;;10900;24;10903;20;;;10897.0;0.0
yf_ADM_d10;49800;ASH_COATED_OSMIUM;9926;17;9923;23;;;9932;17;9936;22;;;9929.0;0.0
yf_ADM_d10;49800;INTARIAN_PEPPER_ROOT;10892;20;10889;22;;;10904;12;10907;13;;;10898.0;0.0
yf_ADM_d10;49900;ASH_COATED_OSMIUM;9926;11;9923;22;;;9932;15;9935;18;;;9929.0;0.0
yf_ADM_d10;49900;INTARIAN_PEPPER_ROOT;10898;19;10894;17;;;10904;13;10908;10;;;10901.0;0.0
yf_ADM_d10;50000;ASH_COATED_OSMIUM;9926;15;9924;11;;;9932;21;9934;10;;;9929.0;0.0
yf_ADM_d10;50000;INTARIAN_PEPPER_ROOT;10900;8;10897;26;;;10906;13;10910;23;;;10903.0;0.0
yf_ADM_d10;50100;ASH_COATED_OSMIUM;9919;19;9916;21;;;9940;12;9943;28;;;9929.5;0.0
yf_ADM_d10;50100;INTARIAN_PEPPER_ROOT;10902;9;10899;31;;;10908;16;10911;17;;;10905.0;0.0
yf_ADM_d10;50200;ASH_COATED_OSMIUM;9926;7;9924;22;;;9932;13;9936;16;;;9929.0;0.0
yf_ADM_d10;50200;INTARIAN_PEPPER_ROOT;10903;19;10900;24;;;10911;11;10915;21;;;10907.0;0.0
yf_ADM_d10;50300;ASH_COATED_OSMIUM;9925;23;9921;22;;;9934;21;9937;23;;;9929.5;0.0
yf_ADM_d10;50300;INTARIAN_PEPPER_ROOT;10905;10;10901;25;;;10911;22;10913;21;;;10908.0;0.0
yf_ADM_d10;50400;ASH_COATED_OSMIUM;9923;19;9921;15;;;9936;16;9939;23;;;9929.5;0.0
yf_ADM_d10;50400;INTARIAN_PEPPER_ROOT;10908;12;10906;17;;;10914;17;10918;18;;;10911.0;0.0
yf_ADM_d10;50500;ASH_COATED_OSMIUM;9926;14;9924;16;;;9932;5;9935;26;;;9929.0;0.0
yf_ADM_d10;50500;INTARIAN_PEPPER_ROOT;10910;17;10908;9;;;10916;12;10919;18;;;10913.0;0.0
yf_ADM_d10;50600;ASH_COATED_OSMIUM;9924;14;9921;16;;;9937;16;9940;21;;;9930.5;0.0
yf_ADM_d10;50600;INTARIAN_PEPPER_ROOT;10911;11;10907;9;;;10918;15;10921;18;;;10914.5;0.0
yf_ADM_d10;50700;ASH_COATED_OSMIUM;9923;15;9919;28;;;9936;22;9938;16;;;9929.5;0.0
yf_ADM_d10;50700;INTARIAN_PEPPER_ROOT;10914;9;10912;19;;;10920;9;10923;16;;;10917.0;0.0
yf_ADM_d10;50800;ASH_COATED_OSMIUM;9927;15;9925;23;;;9933;10;9937;18;;;9930.0;0.0
yf_ADM_d10;50800;INTARIAN_PEPPER_ROOT;10916;14;10912;13;;;10922;9;10925;25;;;10919.0;0.0
yf_ADM_d10;50900;ASH_COATED_OSMIUM;9927;5;9923;27;;;9933;14;9935;26;;;9930.0;0.0
yf_ADM_d10;50900;INTARIAN_PEPPER_ROOT;10909;23;10906;17;;;10928;18;10932;15;;;10918.5;0.0
yf_ADM_d10;51000;ASH_COATED_OSMIUM;9916;10;9912;28;;;9944;15;9946;17;;;9930.0;0.0
yf_ADM_d10;51000;INTARIAN_PEPPER_ROOT;10915;6;10913;16;;;10921;17;10923;16;;;10918.0;0.0
yf_ADM_d10;51100;ASH_COATED_OSMIUM;9923;5;9921;8;;;9936;27;9939;22;;;9929.5;0.0
yf_ADM_d10;51100;INTARIAN_PEPPER_ROOT;10915;12;10912;16;;;10921;22;10925;20;;;10918.0;0.0
yf_ADM_d10;51200;ASH_COATED_OSMIUM;9921;17;9919;24;;;9938;8;9940;33;;;9929.5;0.0
yf_ADM_d10;51200;INTARIAN_PEPPER_ROOT;10913;6;10911;18;;;10921;14;10923;19;;;10917.0;0.0
yf_ADM_d10;51300;ASH_COATED_OSMIUM;9927;11;9925;17;;;9933;14;9935;17;;;9930.0;0.0
yf_ADM_d10;51300;INTARIAN_PEPPER_ROOT;10905;18;10901;19;;;10926;28;10928;23;;;10915.5;0.0
yf_ADM_d10;51400;ASH_COATED_OSMIUM;9924;20;9920;22;;;9935;18;9938;16;;;9929.5;0.0
yf_ADM_d10;51400;INTARIAN_PEPPER_ROOT;10898;20;10895;18;;;10933;20;10937;27;;;10915.5;0.0
yf_ADM_d10;51500;ASH_COATED_OSMIUM;9927;16;9925;14;;;9933;16;9936;14;;;9930.0;0.0
yf_ADM_d10;51500;INTARIAN_PEPPER_ROOT;10908;10;10905;10;;;10921;10;10925;14;;;10914.5;0.0
yf_ADM_d10;51600;ASH_COATED_OSMIUM;9926;9;9923;25;;;9934;9;9938;14;;;9930.0;0.0
yf_ADM_d10;51600;INTARIAN_PEPPER_ROOT;10911;13;10909;25;;;10917;8;10921;22;;;10914.0;0.0
yf_ADM_d10;51700;ASH_COATED_OSMIUM;9926;15;9922;20;;;9935;17;9937;21;;;9930.5;0.0
yf_ADM_d10;51700;INTARIAN_PEPPER_ROOT;10909;25;10907;12;;;10915;19;10917;19;;;10912.0;0.0
yf_ADM_d10;51800;ASH_COATED_OSMIUM;9924;19;9921;26;;;9936;23;9940;25;;;9930.0;0.0
yf_ADM_d10;51800;INTARIAN_PEPPER_ROOT;10907;19;10904;25;;;10917;11;10919;19;;;10912.0;0.0
yf_ADM_d10;51900;ASH_COATED_OSMIUM;9928;16;9925;20;;;9934;5;9937;26;;;9931.0;0.0
yf_ADM_d10;51900;INTARIAN_PEPPER_ROOT;10908;17;10906;24;;;10914;11;10918;15;;;10911.0;0.0
yf_ADM_d10;52000;ASH_COATED_OSMIUM;9918;13;9916;15;;;9941;15;9943;19;;;9929.5;0.0
yf_ADM_d10;52000;INTARIAN_PEPPER_ROOT;10899;8;10897;19;;;10920;15;10923;19;;;10909.5;0.0
yf_ADM_d10;52100;ASH_COATED_OSMIUM;9927;15;9924;14;;;9933;26;9936;23;;;9930.0;0.0
yf_ADM_d10;52100;INTARIAN_PEPPER_ROOT;10907;15;10903;20;;;10913;8;10915;24;;;10910.0;0.0
yf_ADM_d10;52200;ASH_COATED_OSMIUM;9924;18;9920;20;;;9936;26;9939;19;;;9930.0;0.0
yf_ADM_d10;52200;INTARIAN_PEPPER_ROOT;10906;16;10902;20;;;10912;11;10916;25;;;10909.0;0.0
yf_ADM_d10;52300;ASH_COATED_OSMIUM;9928;16;9926;25;;;9934;18;9937;10;;;9931.0;0.0
yf_ADM_d10;52300;INTARIAN_PEPPER_ROOT;10900;22;10896;16;;;10914;16;10916;19;;;10907.0;0.0
yf_ADM_d10;52400;ASH_COATED_OSMIUM;9928;14;9924;28;;;9934;16;9938;21;;;9931.0;0.0
yf_ADM_d10;52400;INTARIAN_PEPPER_ROOT;10904;16;10901;17;;;10910;16;10913;16;;;10907.0;0.0
yf_ADM_d10;52500;ASH_COATED_OSMIUM;9927;12;9923;28;;;9933;5;9937;9;;;9930.0;0.0
yf_ADM_d10;52500;INTARIAN_PEPPER_ROOT;10903;7;10900;11;;;10909;13;10912;17;;;10906.0;0.0
yf_ADM_d10;52600;ASH_COATED_OSMIUM;9926;5;9923;27;;;9934;20;9937;18;;;9930.0;0.0
yf_ADM_d10;52600;INTARIAN_PEPPER_ROOT;10902;9;10900;14;;;10908;13;10910;16;;;10905.0;0.0
yf_ADM_d10;52700;ASH_COATED_OSMIUM;9928;7;9924;25;;;9934;14;9937;17;;;9931.0;0.0
yf_ADM_d10;52700;INTARIAN_PEPPER_ROOT;10901;15;10899;24;;;10907;27;10909;24;;;10904.0;0.0
yf_ADM_d10;52800;ASH_COATED_OSMIUM;9927;17;9924;18;;;9933;10;9935;16;;;9930.0;0.0
yf_ADM_d10;52800;INTARIAN_PEPPER_ROOT;10898;18;10894;16;;;10909;23;10911;17;;;10903.5;0.0
yf_ADM_d10;52900;ASH_COATED_OSMIUM;9928;19;9924;16;;;9934;21;9938;19;;;9931.0;0.0
yf_ADM_d10;52900;INTARIAN_PEPPER_ROOT;10900;17;10898;15;;;10906;22;10909;11;;;10903.0;0.0
yf_ADM_d10;53000;ASH_COATED_OSMIUM;9928;15;9925;21;;;9934;15;9937;19;;;9931.0;0.0
yf_ADM_d10;53000;INTARIAN_PEPPER_ROOT;10899;11;10897;19;;;10905;20;10907;20;;;10902.0;0.0
yf_ADM_d10;53100;ASH_COATED_OSMIUM;9924;17;9922;16;;;9937;18;9940;19;;;9930.5;0.0
yf_ADM_d10;53100;INTARIAN_PEPPER_ROOT;10898;5;10894;18;;;10905;8;10907;26;;;10901.5;0.0
yf_ADM_d10;53200;ASH_COATED_OSMIUM;9924;11;9921;12;;;9937;15;9939;13;;;9930.5;0.0
yf_ADM_d10;53200;INTARIAN_PEPPER_ROOT;10897;5;10893;21;;;10903;11;10905;22;;;10900.0;0.0
yf_ADM_d10;53300;ASH_COATED_OSMIUM;9927;18;9924;24;;;9933;5;9937;15;;;9930.0;0.0
yf_ADM_d10;53300;INTARIAN_PEPPER_ROOT;10896;17;10894;23;;;10902;13;10906;25;;;10899.0;0.0
yf_ADM_d10;53400;ASH_COATED_OSMIUM;9920;23;9916;18;;;9941;9;9943;25;;;9930.5;0.0
yf_ADM_d10;53400;INTARIAN_PEPPER_ROOT;10888;10;10886;17;;;10910;16;10912;17;;;10899.0;0.0
yf_ADM_d10;53500;ASH_COATED_OSMIUM;9927;10;9923;15;;;9934;14;9937;18;;;9930.5;0.0
yf_ADM_d10;53500;INTARIAN_PEPPER_ROOT;10891;11;10889;22;;;10903;17;10907;22;;;10897.0;0.0
yf_ADM_d10;53600;ASH_COATED_OSMIUM;9928;7;9924;9;;;9934;16;9936;22;;;9931.0;0.0
yf_ADM_d10;53600;INTARIAN_PEPPER_ROOT;10893;12;10889;25;;;10902;7;10905;19;;;10897.5;0.0
yf_ADM_d10;53700;ASH_COATED_OSMIUM;9928;19;9924;20;;;9934;9;9937;23;;;9931.0;0.0
yf_ADM_d10;53700;INTARIAN_PEPPER_ROOT;10894;13;10890;15;;;10900;12;10902;17;;;10897.0;0.0
yf_ADM_d10;53800;ASH_COATED_OSMIUM;9924;19;9922;24;;;9937;16;9939;23;;;9930.5;0.0
yf_ADM_d10;53800;INTARIAN_PEPPER_ROOT;10892;14;10890;10;;;10898;13;10902;17;;;10895.0;0.0
yf_ADM_d10;53900;ASH_COATED_OSMIUM;9929;17;9925;17;;;9935;16;9938;14;;;9932.0;0.0
yf_ADM_d10;53900;INTARIAN_PEPPER_ROOT;10890;19;10888;20;;;10898;19;10902;26;;;10894.0;0.0
yf_ADM_d10;54000;ASH_COATED_OSMIUM;9928;7;9925;12;;;9934;14;9937;29;;;9931.0;0.0
yf_ADM_d10;54000;INTARIAN_PEPPER_ROOT;10891;9;10889;19;;;10897;18;10900;31;;;10894.0;0.0
yf_ADM_d10;54100;ASH_COATED_OSMIUM;9928;12;9925;19;;;9934;16;9937;20;;;9931.0;0.0
yf_ADM_d10;54100;INTARIAN_PEPPER_ROOT;10889;14;10886;22;;;10896;12;10899;17;;;10892.5;0.0
yf_ADM_d10;54200;ASH_COATED_OSMIUM;9927;12;9924;24;;;9936;5;9940;30;;;9931.5;0.0
yf_ADM_d10;54200;INTARIAN_PEPPER_ROOT;10889;22;10887;26;;;10895;14;10899;21;;;10892.0;0.0
yf_ADM_d10;54300;ASH_COATED_OSMIUM;9928;22;9925;17;;;9934;25;9936;16;;;9931.0;0.0
yf_ADM_d10;54300;INTARIAN_PEPPER_ROOT;10889;12;10885;26;;;10895;14;10897;23;;;10892.0;0.0
yf_ADM_d10;54400;ASH_COATED_OSMIUM;9928;23;9926;23;;;9934;20;9936;12;;;9931.0;0.0
yf_ADM_d10;54400;INTARIAN_PEPPER_ROOT;10888;8;10884;21;;;10894;15;10896;16;;;10891.0;0.0
yf_ADM_d10;54500;ASH_COATED_OSMIUM;9928;19;9924;22;;;9934;9;9937;13;;;9931.0;0.0
yf_ADM_d10;54500;INTARIAN_PEPPER_ROOT;10887;13;10883;25;;;10893;13;10896;27;;;10890.0;0.0
yf_ADM_d10;54600;ASH_COATED_OSMIUM;9917;11;9915;17;;;9944;14;9948;26;;;9930.5;0.0
yf_ADM_d10;54600;INTARIAN_PEPPER_ROOT;10886;17;10882;16;;;10892;11;10895;22;;;10889.0;0.0
yf_ADM_d10;54700;ASH_COATED_OSMIUM;9928;23;9924;19;;;9934;9;9936;16;;;9931.0;0.0
yf_ADM_d10;54700;INTARIAN_PEPPER_ROOT;10876;17;10873;20;;;10899;15;10903;24;;;10887.5;0.0
yf_ADM_d10;54800;ASH_COATED_OSMIUM;9928;15;9924;12;;;9934;17;9938;19;;;9931.0;0.0
yf_ADM_d10;54800;INTARIAN_PEPPER_ROOT;10881;9;10878;22;;;10892;19;10896;20;;;10886.5;0.0
yf_ADM_d10;54900;ASH_COATED_OSMIUM;9928;12;9924;8;;;9934;15;9938;22;;;9931.0;0.0
yf_ADM_d10;54900;INTARIAN_PEPPER_ROOT;10884;19;10882;23;;;10890;6;10893;21;;;10887.0;0.0
yf_ADM_d10;55000;ASH_COATED_OSMIUM;9928;12;9926;18;;;9934;14;9938;20;;;9931.0;0.0
yf_ADM_d10;55000;INTARIAN_PEPPER_ROOT;10883;13;10880;18;;;10889;15;10892;32;;;10886.0;0.0
yf_ADM_d10;55100;ASH_COATED_OSMIUM;9928;16;9925;19;;;9934;8;9936;10;;;9931.0;0.0
yf_ADM_d10;55100;INTARIAN_PEPPER_ROOT;10881;10;10877;19;;;10887;20;10890;21;;;10884.0;0.0
yf_ADM_d10;55200;ASH_COATED_OSMIUM;9926;15;9924;15;;;9936;19;9938;20;;;9931.0;0.0
yf_ADM_d10;55200;INTARIAN_PEPPER_ROOT;10874;14;10871;23;;;10894;18;10897;26;;;10884.0;0.0
yf_ADM_d10;55300;ASH_COATED_OSMIUM;9927;16;9923;17;;;9937;16;9941;30;;;9932.0;0.0
yf_ADM_d10;55300;INTARIAN_PEPPER_ROOT;10880;21;10877;14;;;10886;19;10889;20;;;10883.0;0.0
yf_ADM_d10;55400;ASH_COATED_OSMIUM;9928;12;9926;25;;;9934;19;9936;18;;;9931.0;0.0
yf_ADM_d10;55400;INTARIAN_PEPPER_ROOT;10876;15;10872;16;;;10889;19;10893;24;;;10882.5;0.0
yf_ADM_d10;55500;ASH_COATED_OSMIUM;9929;5;9925;10;;;9935;12;9939;17;;;9932.0;0.0
yf_ADM_d10;55500;INTARIAN_PEPPER_ROOT;10879;5;10877;21;;;10885;10;10888;23;;;10882.0;0.0
yf_ADM_d10;55600;ASH_COATED_OSMIUM;9928;15;9925;24;;;9934;12;9937;23;;;9931.0;0.0
yf_ADM_d10;55600;INTARIAN_PEPPER_ROOT;10874;13;10872;26;;;10886;9;10890;23;;;10880.0;0.0
yf_ADM_d10;55700;ASH_COATED_OSMIUM;9926;13;9924;10;;;9937;22;9939;22;;;9931.5;0.0
yf_ADM_d10;55700;INTARIAN_PEPPER_ROOT;10877;15;10875;31;;;10883;20;10887;14;;;10880.0;0.0
yf_ADM_d10;55800;ASH_COATED_OSMIUM;9928;17;9926;19;;;9934;15;9937;22;;;9931.0;0.0
yf_ADM_d10;55800;INTARIAN_PEPPER_ROOT;10876;14;10872;19;;;10882;14;10884;21;;;10879.0;0.0
yf_ADM_d10;55900;ASH_COATED_OSMIUM;9920;16;9918;35;;;9943;8;9946;23;;;9931.5;0.0
yf_ADM_d10;55900;INTARIAN_PEPPER_ROOT;10874;21;10870;24;;;10883;16;10886;21;;;10878.5;0.0
yf_ADM_d10;56000;ASH_COATED_OSMIUM;9929;14;9927;15;;;9935;9;9938;13;;;9932.0;0.0
yf_ADM_d10;56000;INTARIAN_PEPPER_ROOT;10868;19;10866;19;;;10888;5;10890;11;;;10878.0;0.0
yf_ADM_d10;56100;ASH_COATED_OSMIUM;9928;15;9925;28;;;9935;13;9939;22;;;9931.5;0.0
yf_ADM_d10;56100;INTARIAN_PEPPER_ROOT;10874;7;10872;18;;;10880;6;10882;19;;;10877.0;0.0
yf_ADM_d10;56200;ASH_COATED_OSMIUM;9929;9;9926;30;;;9935;17;9938;21;;;9932.0;0.0
yf_ADM_d10;56200;INTARIAN_PEPPER_ROOT;10872;19;10869;25;;;10878;17;10882;23;;;10875.0;0.0
yf_ADM_d10;56300;ASH_COATED_OSMIUM;9929;12;9927;13;;;9935;19;9938;19;;;9932.0;0.0
yf_ADM_d10;56300;INTARIAN_PEPPER_ROOT;10868;22;10864;18;;;10881;16;10883;14;;;10874.5;0.0
yf_ADM_d10;56400;ASH_COATED_OSMIUM;9929;15;9926;22;;;9935;13;9938;18;;;9932.0;0.0
yf_ADM_d10;56400;INTARIAN_PEPPER_ROOT;10856;5;10854;16;;;10892;12;10895;24;;;10874.0;0.0
yf_ADM_d10;56500;ASH_COATED_OSMIUM;9927;14;9925;26;;;9937;11;9940;13;;;9932.0;0.0
yf_ADM_d10;56500;INTARIAN_PEPPER_ROOT;10870;23;10867;10;;;10876;18;10879;15;;;10873.0;0.0
yf_ADM_d10;56600;ASH_COATED_OSMIUM;9927;10;9923;24;;;9936;16;9938;13;;;9931.5;0.0
yf_ADM_d10;56600;INTARIAN_PEPPER_ROOT;10870;20;10867;16;;;10876;17;10878;23;;;10873.0;0.0
yf_ADM_d10;56700;ASH_COATED_OSMIUM;9919;14;9917;24;;;9944;15;9947;24;;;9931.5;0.0
yf_ADM_d10;56700;INTARIAN_PEPPER_ROOT;10869;16;10866;30;;;10875;13;10878;28;;;10872.0;0.0
yf_ADM_d10;56800;ASH_COATED_OSMIUM;9929;22;9925;18;;;9935;19;9939;23;;;9932.0;0.0
yf_ADM_d10;56800;INTARIAN_PEPPER_ROOT;10865;11;10863;22;;;10876;16;10879;19;;;10870.5;0.0
yf_ADM_d10;56900;ASH_COATED_OSMIUM;9929;5;9927;9;;;9935;13;9939;20;;;9932.0;0.0
yf_ADM_d10;56900;INTARIAN_PEPPER_ROOT;10867;22;10863;26;;;10873;16;10875;17;;;10870.0;0.0
yf_ADM_d10;57000;ASH_COATED_OSMIUM;9928;21;9925;15;;;9934;18;9938;20;;;9931.0;0.0
yf_ADM_d10;57000;INTARIAN_PEPPER_ROOT;10867;18;10863;21;;;10873;11;10877;12;;;10870.0;0.0
yf_ADM_d10;57100;ASH_COATED_OSMIUM;9922;7;9919;17;;;9940;18;9944;19;;;9931.0;0.0
yf_ADM_d10;57100;INTARIAN_PEPPER_ROOT;10865;20;10862;11;;;10871;20;10874;14;;;10868.0;0.0
yf_ADM_d10;57200;ASH_COATED_OSMIUM;9929;17;9926;17;;;9935;12;9939;20;;;9932.0;0.0
yf_ADM_d10;57200;INTARIAN_PEPPER_ROOT;10864;20;10862;24;;;10871;20;10875;22;;;10867.5;0.0
yf_ADM_d10;57300;ASH_COATED_OSMIUM;9929;8;9926;20;;;9935;10;9939;22;;;9932.0;0.0
yf_ADM_d10;57300;INTARIAN_PEPPER_ROOT;10859;5;10856;22;;;10874;7;10876;22;;;10866.5;0.0
yf_ADM_d10;57400;ASH_COATED_OSMIUM;9929;16;9925;19;;;9935;14;9938;26;;;9932.0;0.0
yf_ADM_d10;57400;INTARIAN_PEPPER_ROOT;10862;13;10858;22;;;10870;11;10872;23;;;10866.0;0.0
yf_ADM_d10;57500;ASH_COATED_OSMIUM;9929;20;9925;16;;;9935;12;9937;18;;;9932.0;0.0
yf_ADM_d10;57500;INTARIAN_PEPPER_ROOT;10862;19;10859;18;;;10868;15;10871;25;;;10865.0;0.0
yf_ADM_d10;57600;ASH_COATED_OSMIUM;9929;17;9927;18;;;9935;8;9938;24;;;9932.0;0.0
yf_ADM_d10;57600;INTARIAN_PEPPER_ROOT;10857;15;10853;20;;;10871;17;10874;27;;;10864.0;0.0
yf_ADM_d10;57700;ASH_COATED_OSMIUM;9929;16;9927;23;;;9935;13;9937;18;;;9932.0;0.0
yf_ADM_d10;57700;INTARIAN_PEPPER_ROOT;10860;8;10856;21;;;10866;13;10869;14;;;10863.0;0.0
yf_ADM_d10;57800;ASH_COATED_OSMIUM;9929;12;9925;13;;;9935;6;9937;17;;;9932.0;0.0
yf_ADM_d10;57800;INTARIAN_PEPPER_ROOT;10860;10;10857;26;;;10866;8;10868;28;;;10863.0;0.0
yf_ADM_d10;57900;ASH_COATED_OSMIUM;9929;20;9925;26;;;9935;22;9939;17;;;9932.0;0.0
yf_ADM_d10;57900;INTARIAN_PEPPER_ROOT;10852;19;10848;19;;;10873;23;10876;19;;;10862.5;0.0
yf_ADM_d10;58000;ASH_COATED_OSMIUM;9929;17;9925;21;;;9935;24;9939;13;;;9932.0;0.0
yf_ADM_d10;58000;INTARIAN_PEPPER_ROOT;10858;11;10854;13;;;10864;22;10868;19;;;10861.0;0.0
yf_ADM_d10;58100;ASH_COATED_OSMIUM;9926;11;9924;16;;;9937;16;9940;25;;;9931.5;0.0
yf_ADM_d10;58100;INTARIAN_PEPPER_ROOT;10857;18;10855;18;;;10863;16;10867;24;;;10860.0;0.0
yf_ADM_d10;58200;ASH_COATED_OSMIUM;9930;17;9927;17;;;9936;12;9939;19;;;9933.0;0.0
yf_ADM_d10;58200;INTARIAN_PEPPER_ROOT;10852;11;10850;24;;;10866;9;10870;17;;;10859.0;0.0
yf_ADM_d10;58300;ASH_COATED_OSMIUM;9929;17;9927;18;;;9935;14;9939;30;;;9932.0;0.0
