day;timestamp;product;bid_price_1;bid_volume_1;bid_price_2;bid_volume_2;bid_price_3;bid_volume_3;ask_price_1;ask_volume_1;ask_price_2;ask_volume_2;ask_price_3;ask_volume_3;mid_price;profit_and_loss
yf_BGS_d1;0;ASH_COATED_OSMIUM;9911;10;9907;19;;;9920;7;9924;19;;;9915.5;0.0
yf_BGS_d1;0;INTARIAN_PEPPER_ROOT;12285;15;12283;13;;;12291;12;12295;20;;;12288.0;0.0
yf_BGS_d1;100;ASH_COATED_OSMIUM;9913;5;9909;27;;;9919;8;9922;11;;;9916.0;0.0
yf_BGS_d1;100;INTARIAN_PEPPER_ROOT;12284;13;12282;14;;;12290;23;12292;21;;;12287.0;0.0
yf_BGS_d1;200;ASH_COATED_OSMIUM;9901;9;9897;21;;;9932;16;9936;24;;;9916.5;0.0
yf_BGS_d1;200;INTARIAN_PEPPER_ROOT;12285;18;12281;13;;;12291;14;12294;24;;;12288.0;0.0
yf_BGS_d1;300;ASH_COATED_OSMIUM;9913;12;9911;18;;;9920;12;9924;19;;;9916.5;0.0
yf_BGS_d1;300;INTARIAN_PEPPER_ROOT;12286;11;12282;17;;;12292;12;12296;15;;;12289.0;0.0
yf_BGS_d1;400;ASH_COATED_OSMIUM;9913;10;9910;27;;;9919;13;9921;17;;;9916.0;0.0
yf_BGS_d1;400;INTARIAN_PEPPER_ROOT;12280;15;12278;31;;;12297;5;12301;21;;;12288.5;0.0
yf_BGS_d1;500;ASH_COATED_OSMIUM;9907;5;9905;8;;;9926;11;9929;19;;;9916.5;0.0
yf_BGS_d1;500;INTARIAN_PEPPER_ROOT;12286;16;12283;23;;;12292;21;12296;15;;;12289.0;0.0
yf_BGS_d1;600;ASH_COATED_OSMIUM;9914;21;9911;15;;;9920;25;9924;24;;;9917.0;0.0
yf_BGS_d1;600;INTARIAN_PEPPER_ROOT;12284;5;12282;18;;;12295;17;12299;19;;;12289.5;0.0
yf_BGS_d1;700;ASH_COATED_OSMIUM;9913;19;9909;17;;;9919;11;9922;8;;;9916.0;0.0
yf_BGS_d1;700;INTARIAN_PEPPER_ROOT;12280;10;12277;23;;;12298;5;12302;15;;;12289.0;0.0
yf_BGS_d1;800;ASH_COATED_OSMIUM;9910;19;9907;11;;;9923;17;9927;26;;;9916.5;0.0
yf_BGS_d1;800;INTARIAN_PEPPER_ROOT;12282;17;12278;16;;;12297;22;12299;24;;;12289.5;0.0
yf_BGS_d1;900;ASH_COATED_OSMIUM;9914;14;9910;18;;;9920;13;9924;15;;;9917.0;0.0
yf_BGS_d1;900;INTARIAN_PEPPER_ROOT;12286;18;12283;16;;;12292;14;12295;13;;;12289.0;0.0
yf_BGS_d1;1000;ASH_COATED_OSMIUM;9914;20;9912;28;;;9920;10;9923;29;;;9917.0;0.0
yf_BGS_d1;1000;INTARIAN_PEPPER_ROOT;12282;18;12280;14;;;12297;12;12299;16;;;12289.5;0.0
yf_BGS_d1;1100;ASH_COATED_OSMIUM;9905;13;9902;25;;;9930;23;9934;20;;;9917.5;0.0
yf_BGS_d1;1100;INTARIAN_PEPPER_ROOT;12287;15;12284;19;;;12293;23;12297;23;;;12290.0;0.0
yf_BGS_d1;1200;ASH_COATED_OSMIUM;9913;20;9910;22;;;9921;5;9923;18;;;9917.0;0.0
yf_BGS_d1;1200;INTARIAN_PEPPER_ROOT;12287;18;12283;21;;;12294;15;12296;24;;;12290.5;0.0
yf_BGS_d1;1300;ASH_COATED_OSMIUM;9914;21;9912;23;;;9920;11;9923;26;;;9917.0;0.0
yf_BGS_d1;1300;INTARIAN_PEPPER_ROOT;12277;21;12275;16;;;12304;16;12306;23;;;12290.5;0.0
yf_BGS_d1;1400;ASH_COATED_OSMIUM;9914;24;9910;12;;;9920;13;9922;20;;;9917.0;0.0
yf_BGS_d1;1400;INTARIAN_PEPPER_ROOT;12267;17;12265;13;;;12315;20;12319;16;;;12291.0;0.0
yf_BGS_d1;1500;ASH_COATED_OSMIUM;9914;5;9912;17;;;9920;17;9923;27;;;9917.0;0.0
yf_BGS_d1;1500;INTARIAN_PEPPER_ROOT;12287;5;12283;14;;;12293;10;12296;23;;;12290.0;0.0
yf_BGS_d1;1600;ASH_COATED_OSMIUM;9915;11;9911;20;;;9921;10;9925;21;;;9918.0;0.0
yf_BGS_d1;1600;INTARIAN_PEPPER_ROOT;12288;10;12284;19;;;12294;21;12297;12;;;12291.0;0.0
yf_BGS_d1;1700;ASH_COATED_OSMIUM;9914;8;9911;18;;;9920;16;9923;25;;;9917.0;0.0
yf_BGS_d1;1700;INTARIAN_PEPPER_ROOT;12280;9;12278;23;;;12303;10;12306;17;;;12291.5;0.0
yf_BGS_d1;1800;ASH_COATED_OSMIUM;9914;16;9911;16;;;9920;9;9924;14;;;9917.0;0.0
yf_BGS_d1;1800;INTARIAN_PEPPER_ROOT;12288;18;12285;32;;;12294;9;12296;19;;;12291.0;0.0
yf_BGS_d1;1900;ASH_COATED_OSMIUM;9915;21;9913;15;;;9921;11;9924;21;;;9918.0;0.0
yf_BGS_d1;1900;INTARIAN_PEPPER_ROOT;12289;9;12285;18;;;12295;19;12299;19;;;12292.0;0.0
yf_BGS_d1;2000;ASH_COATED_OSMIUM;9914;21;9912;18;;;9922;22;9926;25;;;9918.0;0.0
yf_BGS_d1;2000;INTARIAN_PEPPER_ROOT;12289;6;12286;22;;;12295;22;12298;19;;;12292.0;0.0
yf_BGS_d1;2100;ASH_COATED_OSMIUM;9910;12;9907;21;;;9925;18;9929;20;;;9917.5;0.0
yf_BGS_d1;2100;INTARIAN_PEPPER_ROOT;12289;5;12285;24;;;12295;20;12297;25;;;12292.0;0.0
yf_BGS_d1;2200;ASH_COATED_OSMIUM;9909;16;9905;31;;;9928;14;9931;17;;;9918.5;0.0
yf_BGS_d1;2200;INTARIAN_PEPPER_ROOT;12289;15;12285;22;;;12295;15;12299;19;;;12292.0;0.0
yf_BGS_d1;2300;ASH_COATED_OSMIUM;9915;9;9913;17;;;9921;10;9924;19;;;9918.0;0.0
yf_BGS_d1;2300;INTARIAN_PEPPER_ROOT;12270;22;12268;12;;;12316;13;12318;14;;;12293.0;0.0
yf_BGS_d1;2400;ASH_COATED_OSMIUM;9916;13;9914;21;;;9922;11;9925;21;;;9919.0;0.0
yf_BGS_d1;2400;INTARIAN_PEPPER_ROOT;12288;16;12285;23;;;12298;19;12300;22;;;12293.0;0.0
yf_BGS_d1;2500;ASH_COATED_OSMIUM;9913;13;9911;20;;;9923;22;9926;15;;;9918.0;0.0
yf_BGS_d1;2500;INTARIAN_PEPPER_ROOT;12281;17;12277;19;;;12304;17;12306;26;;;12292.5;0.0
yf_BGS_d1;2600;ASH_COATED_OSMIUM;9905;19;9903;18;;;9933;18;9935;15;;;9919.0;0.0
yf_BGS_d1;2600;INTARIAN_PEPPER_ROOT;12284;25;12280;20;;;12301;13;12305;24;;;12292.5;0.0
yf_BGS_d1;2700;ASH_COATED_OSMIUM;9916;11;9912;18;;;9922;12;9925;24;;;9919.0;0.0
yf_BGS_d1;2700;INTARIAN_PEPPER_ROOT;12289;17;12285;8;;;12298;12;12301;11;;;12293.5;0.0
yf_BGS_d1;2800;ASH_COATED_OSMIUM;9916;20;9912;9;;;9922;25;9925;14;;;9919.0;0.0
yf_BGS_d1;2800;INTARIAN_PEPPER_ROOT;12290;13;12288;14;;;12296;13;12299;20;;;12293.0;0.0
yf_BGS_d1;2900;ASH_COATED_OSMIUM;9916;24;9913;19;;;9922;17;9925;18;;;9919.0;0.0
yf_BGS_d1;2900;INTARIAN_PEPPER_ROOT;12289;23;12287;12;;;12299;11;12302;21;;;12294.0;0.0
yf_BGS_d1;3000;ASH_COATED_OSMIUM;9915;7;9912;27;;;9921;7;9923;20;;;9918.0;0.0
yf_BGS_d1;3000;INTARIAN_PEPPER_ROOT;12291;14;12289;18;;;12297;21;12299;27;;;12294.0;0.0
yf_BGS_d1;3100;ASH_COATED_OSMIUM;9913;28;9909;20;;;9924;11;9926;22;;;9918.5;0.0
yf_BGS_d1;3100;INTARIAN_PEPPER_ROOT;12291;9;12289;17;;;12297;15;12301;21;;;12294.0;0.0
yf_BGS_d1;3200;ASH_COATED_OSMIUM;9916;8;9914;26;;;9922;16;9925;12;;;9919.0;0.0
yf_BGS_d1;3200;INTARIAN_PEPPER_ROOT;12291;15;12289;21;;;12297;12;12301;23;;;12294.0;0.0
yf_BGS_d1;3300;ASH_COATED_OSMIUM;9916;11;9914;24;;;9923;17;9926;16;;;9919.5;0.0
yf_BGS_d1;3300;INTARIAN_PEPPER_ROOT;12291;20;12289;19;;;12297;22;12300;16;;;12294.0;0.0
yf_BGS_d1;3400;ASH_COATED_OSMIUM;9915;12;9911;22;;;9922;11;9925;20;;;9918.5;0.0
yf_BGS_d1;3400;INTARIAN_PEPPER_ROOT;12292;9;12288;21;;;12298;5;12301;24;;;12295.0;0.0
yf_BGS_d1;3500;ASH_COATED_OSMIUM;9916;7;9912;24;;;9922;17;9926;24;;;9919.0;0.0
yf_BGS_d1;3500;INTARIAN_PEPPER_ROOT;12290;16;12286;26;;;12300;7;12303;17;;;12295.0;0.0
yf_BGS_d1;3600;ASH_COATED_OSMIUM;9915;16;9912;20;;;9923;13;9927;22;;;9919.0;0.0
yf_BGS_d1;3600;INTARIAN_PEPPER_ROOT;12286;25;12284;18;;;12304;12;12308;22;;;12295.0;0.0
yf_BGS_d1;3700;ASH_COATED_OSMIUM;9917;8;9915;22;;;9923;15;9927;25;;;9920.0;0.0
yf_BGS_d1;3700;INTARIAN_PEPPER_ROOT;12285;10;12283;29;;;12306;13;12309;32;;;12295.5;0.0
yf_BGS_d1;3800;ASH_COATED_OSMIUM;9916;10;9912;24;;;9922;10;9924;22;;;9919.0;0.0
yf_BGS_d1;3800;INTARIAN_PEPPER_ROOT;12292;14;12290;16;;;12300;13;12304;29;;;12296.0;0.0
yf_BGS_d1;3900;ASH_COATED_OSMIUM;9916;7;9912;23;;;9922;19;9925;11;;;9919.0;0.0
yf_BGS_d1;3900;INTARIAN_PEPPER_ROOT;12283;14;12279;26;;;12308;13;12310;17;;;12295.5;0.0
yf_BGS_d1;4000;ASH_COATED_OSMIUM;9911;14;9909;18;;;9929;18;9933;24;;;9920.0;0.0
yf_BGS_d1;4000;INTARIAN_PEPPER_ROOT;12293;12;12291;19;;;12299;18;12303;13;;;12296.0;0.0
yf_BGS_d1;4100;ASH_COATED_OSMIUM;9918;13;9914;16;;;9924;9;9928;17;;;9921.0;0.0
yf_BGS_d1;4100;INTARIAN_PEPPER_ROOT;12293;25;12291;26;;;12299;12;12301;17;;;12296.0;0.0
yf_BGS_d1;4200;ASH_COATED_OSMIUM;9917;14;9914;27;;;9923;8;9925;18;;;9920.0;0.0
yf_BGS_d1;4200;INTARIAN_PEPPER_ROOT;12293;9;12289;23;;;12299;24;12301;14;;;12296.0;0.0
yf_BGS_d1;4300;ASH_COATED_OSMIUM;9917;19;9914;8;;;9924;10;9926;16;;;9920.5;0.0
yf_BGS_d1;4300;INTARIAN_PEPPER_ROOT;12294;17;12291;24;;;12300;9;12302;19;;;12297.0;0.0
yf_BGS_d1;4400;ASH_COATED_OSMIUM;9917;11;9915;20;;;9923;13;9926;19;;;9920.0;0.0
yf_BGS_d1;4400;INTARIAN_PEPPER_ROOT;12293;18;12289;32;;;12299;7;12303;18;;;12296.0;0.0
yf_BGS_d1;4500;ASH_COATED_OSMIUM;9908;19;9906;14;;;9932;13;9935;18;;;9920.0;0.0
yf_BGS_d1;4500;INTARIAN_PEPPER_ROOT;12292;10;12288;23;;;12302;17;12306;17;;;12297.0;0.0
yf_BGS_d1;4600;ASH_COATED_OSMIUM;9916;9;9914;22;;;9925;20;9928;22;;;9920.5;0.0
yf_BGS_d1;4600;INTARIAN_PEPPER_ROOT;12294;13;12291;27;;;12300;18;12302;23;;;12297.0;0.0
yf_BGS_d1;4700;ASH_COATED_OSMIUM;9914;14;9911;15;;;9926;8;9928;21;;;9920.0;0.0
yf_BGS_d1;4700;INTARIAN_PEPPER_ROOT;12295;20;12292;9;;;12301;13;12304;22;;;12298.0;0.0
yf_BGS_d1;4800;ASH_COATED_OSMIUM;9918;19;9916;14;;;9924;14;9927;23;;;9921.0;0.0
yf_BGS_d1;4800;INTARIAN_PEPPER_ROOT;12294;18;12292;20;;;12300;13;12302;25;;;12297.0;0.0
yf_BGS_d1;4900;ASH_COATED_OSMIUM;9917;14;9913;23;;;9923;15;9926;8;;;9920.0;0.0
yf_BGS_d1;4900;INTARIAN_PEPPER_ROOT;12295;21;12291;16;;;12301;18;12304;16;;;12298.0;0.0
yf_BGS_d1;5000;ASH_COATED_OSMIUM;9918;15;9914;25;;;9924;12;9928;21;;;9921.0;0.0
yf_BGS_d1;5000;INTARIAN_PEPPER_ROOT;12295;23;12292;20;;;12301;17;12304;23;;;12298.0;0.0
yf_BGS_d1;5100;ASH_COATED_OSMIUM;9918;20;9916;15;;;9924;17;9928;14;;;9921.0;0.0
yf_BGS_d1;5100;INTARIAN_PEPPER_ROOT;12296;15;12292;24;;;12302;12;12305;18;;;12299.0;0.0
yf_BGS_d1;5200;ASH_COATED_OSMIUM;9915;21;9911;20;;;9926;12;9930;12;;;9920.5;0.0
yf_BGS_d1;5200;INTARIAN_PEPPER_ROOT;12296;17;12293;22;;;12302;9;12304;8;;;12299.0;0.0
yf_BGS_d1;5300;ASH_COATED_OSMIUM;9918;17;9915;27;;;9924;20;9928;19;;;9921.0;0.0
yf_BGS_d1;5300;INTARIAN_PEPPER_ROOT;12296;6;12294;17;;;12302;16;12305;18;;;12299.0;0.0
yf_BGS_d1;5400;ASH_COATED_OSMIUM;9918;22;9915;13;;;9924;19;9927;20;;;9921.0;0.0
yf_BGS_d1;5400;INTARIAN_PEPPER_ROOT;12296;6;12293;27;;;12302;20;12306;19;;;12299.0;0.0
yf_BGS_d1;5500;ASH_COATED_OSMIUM;9917;16;9914;22;;;9926;5;9928;21;;;9921.5;0.0
yf_BGS_d1;5500;INTARIAN_PEPPER_ROOT;12296;5;12292;20;;;12302;12;12304;20;;;12299.0;0.0
yf_BGS_d1;5600;ASH_COATED_OSMIUM;9918;8;9915;17;;;9924;21;9928;31;;;9921.0;0.0
yf_BGS_d1;5600;INTARIAN_PEPPER_ROOT;12297;6;12293;14;;;12303;19;12305;24;;;12300.0;0.0
yf_BGS_d1;5700;ASH_COATED_OSMIUM;9919;10;9917;8;;;9925;8;9929;15;;;9922.0;0.0
yf_BGS_d1;5700;INTARIAN_PEPPER_ROOT;12293;17;12289;19;;;12305;11;12307;20;;;12299.0;0.0
yf_BGS_d1;5800;ASH_COATED_OSMIUM;9918;13;9914;14;;;9924;8;9927;24;;;9921.0;0.0
yf_BGS_d1;5800;INTARIAN_PEPPER_ROOT;12297;17;12295;27;;;12303;8;12305;21;;;12300.0;0.0
yf_BGS_d1;5900;ASH_COATED_OSMIUM;9910;14;9907;17;;;9931;10;9935;22;;;9920.5;0.0
yf_BGS_d1;5900;INTARIAN_PEPPER_ROOT;12295;10;12293;28;;;12306;9;12310;18;;;12300.5;0.0
yf_BGS_d1;6000;ASH_COATED_OSMIUM;9919;22;9915;15;;;9925;5;9927;15;;;9922.0;0.0
yf_BGS_d1;6000;INTARIAN_PEPPER_ROOT;12291;5;12287;24;;;12307;14;12310;20;;;12299.0;0.0
yf_BGS_d1;6100;ASH_COATED_OSMIUM;9919;5;9916;17;;;9925;16;9928;19;;;9922.0;0.0
yf_BGS_d1;6100;INTARIAN_PEPPER_ROOT;12297;6;12295;22;;;12303;13;12305;25;;;12300.0;0.0
yf_BGS_d1;6200;ASH_COATED_OSMIUM;9918;22;9914;20;;;9924;12;9926;20;;;9921.0;0.0
yf_BGS_d1;6200;INTARIAN_PEPPER_ROOT;12285;13;12281;17;;;12315;15;12319;23;;;12300.0;0.0
yf_BGS_d1;6300;ASH_COATED_OSMIUM;9918;21;9915;20;;;9926;20;9929;26;;;9922.0;0.0
yf_BGS_d1;6300;INTARIAN_PEPPER_ROOT;12297;15;12295;25;;;12303;7;12306;21;;;12300.0;0.0
yf_BGS_d1;6400;ASH_COATED_OSMIUM;9919;13;9915;26;;;9925;13;9929;13;;;9922.0;0.0
yf_BGS_d1;6400;INTARIAN_PEPPER_ROOT;12295;9;12292;13;;;12307;5;12310;18;;;12301.0;0.0
yf_BGS_d1;6500;ASH_COATED_OSMIUM;9919;19;9916;25;;;9926;19;9929;25;;;9922.5;0.0
yf_BGS_d1;6500;INTARIAN_PEPPER_ROOT;12297;18;12293;13;;;12304;12;12306;19;;;12300.5;0.0
yf_BGS_d1;6600;ASH_COATED_OSMIUM;9919;15;9915;22;;;9925;15;9928;20;;;9922.0;0.0
yf_BGS_d1;6600;INTARIAN_PEPPER_ROOT;12298;10;12294;18;;;12304;14;12306;14;;;12301.0;0.0
yf_BGS_d1;6700;ASH_COATED_OSMIUM;9919;15;9917;22;;;9925;7;9929;20;;;9922.0;0.0
yf_BGS_d1;6700;INTARIAN_PEPPER_ROOT;12296;11;12294;23;;;12305;22;12309;18;;;12300.5;0.0
yf_BGS_d1;6800;ASH_COATED_OSMIUM;9919;20;9916;21;;;9925;16;9927;20;;;9922.0;0.0
yf_BGS_d1;6800;INTARIAN_PEPPER_ROOT;12299;15;12297;18;;;12305;5;12308;15;;;12302.0;0.0
yf_BGS_d1;6900;ASH_COATED_OSMIUM;9917;12;9915;17;;;9928;11;9930;18;;;9922.5;0.0
yf_BGS_d1;6900;INTARIAN_PEPPER_ROOT;12299;15;12295;8;;;12305;18;12307;14;;;12302.0;0.0
yf_BGS_d1;7000;ASH_COATED_OSMIUM;9913;6;9909;26;;;9933;17;9935;15;;;9923.0;0.0
yf_BGS_d1;7000;INTARIAN_PEPPER_ROOT;12298;16;12295;11;;;12306;21;12309;19;;;12302.0;0.0
yf_BGS_d1;7100;ASH_COATED_OSMIUM;9920;9;9918;16;;;9926;11;9929;23;;;9923.0;0.0
yf_BGS_d1;7100;INTARIAN_PEPPER_ROOT;12298;18;12295;18;;;12307;15;12309;15;;;12302.5;0.0
yf_BGS_d1;7200;ASH_COATED_OSMIUM;9920;7;9918;21;;;9926;18;9930;22;;;9923.0;0.0
yf_BGS_d1;7200;INTARIAN_PEPPER_ROOT;12299;13;12296;19;;;12305;12;12307;22;;;12302.0;0.0
yf_BGS_d1;7300;ASH_COATED_OSMIUM;9920;11;9918;26;;;9926;24;9930;20;;;9923.0;0.0
yf_BGS_d1;7300;INTARIAN_PEPPER_ROOT;12299;6;12295;20;;;12305;7;12308;11;;;12302.0;0.0
yf_BGS_d1;7400;ASH_COATED_OSMIUM;9919;13;9915;13;;;9927;19;9931;22;;;9923.0;0.0
yf_BGS_d1;7400;INTARIAN_PEPPER_ROOT;12300;23;12297;20;;;12306;20;12310;21;;;12303.0;0.0
yf_BGS_d1;7500;ASH_COATED_OSMIUM;9920;14;9917;12;;;9926;19;9929;16;;;9923.0;0.0
yf_BGS_d1;7500;INTARIAN_PEPPER_ROOT;12300;10;12297;20;;;12306;7;12310;16;;;12303.0;0.0
yf_BGS_d1;7600;ASH_COATED_OSMIUM;9920;18;9917;23;;;9926;19;9929;14;;;9923.0;0.0
yf_BGS_d1;7600;INTARIAN_PEPPER_ROOT;12297;13;12293;19;;;12308;14;12312;26;;;12302.5;0.0
yf_BGS_d1;7700;ASH_COATED_OSMIUM;9915;15;9913;24;;;9932;12;9934;15;;;9923.5;0.0
yf_BGS_d1;7700;INTARIAN_PEPPER_ROOT;12299;9;12295;21;;;12307;14;12309;18;;;12303.0;0.0
yf_BGS_d1;7800;ASH_COATED_OSMIUM;9920;6;9918;20;;;9926;19;9930;13;;;9923.0;0.0
yf_BGS_d1;7800;INTARIAN_PEPPER_ROOT;12299;22;12296;20;;;12310;17;12312;20;;;12304.5;0.0
yf_BGS_d1;7900;ASH_COATED_OSMIUM;9914;14;9912;24;;;9933;9;9935;30;;;9923.5;0.0
yf_BGS_d1;7900;INTARIAN_PEPPER_ROOT;12301;14;12299;25;;;12307;18;12309;21;;;12304.0;0.0
yf_BGS_d1;8000;ASH_COATED_OSMIUM;9913;14;9911;23;;;9934;10;9936;14;;;9923.5;0.0
yf_BGS_d1;8000;INTARIAN_PEPPER_ROOT;12292;18;12290;23;;;12315;14;12319;15;;;12303.5;0.0
yf_BGS_d1;8100;ASH_COATED_OSMIUM;9921;11;9919;18;;;9927;17;9929;20;;;9924.0;0.0
yf_BGS_d1;8100;INTARIAN_PEPPER_ROOT;12295;10;12292;14;;;12314;16;12316;25;;;12304.5;0.0
yf_BGS_d1;8200;ASH_COATED_OSMIUM;9916;14;9913;18;;;9932;17;9935;28;;;9924.0;0.0
yf_BGS_d1;8200;INTARIAN_PEPPER_ROOT;12302;10;12300;27;;;12308;10;12311;19;;;12305.0;0.0
yf_BGS_d1;8300;ASH_COATED_OSMIUM;9922;15;9920;22;;;9928;18;9930;27;;;9925.0;0.0
yf_BGS_d1;8300;INTARIAN_PEPPER_ROOT;12302;16;12300;13;;;12308;12;12312;14;;;12305.0;0.0
yf_BGS_d1;8400;ASH_COATED_OSMIUM;9921;19;9918;17;;;9927;21;9931;20;;;9924.0;0.0
yf_BGS_d1;8400;INTARIAN_PEPPER_ROOT;12299;6;12296;23;;;12311;17;12313;17;;;12305.0;0.0
yf_BGS_d1;8500;ASH_COATED_OSMIUM;9919;14;9916;23;;;9928;10;9930;30;;;9923.5;0.0
yf_BGS_d1;8500;INTARIAN_PEPPER_ROOT;12302;23;12299;8;;;12308;8;12312;16;;;12305.0;0.0
yf_BGS_d1;8600;ASH_COATED_OSMIUM;9918;5;9914;22;;;9930;19;9932;23;;;9924.0;0.0
yf_BGS_d1;8600;INTARIAN_PEPPER_ROOT;12300;9;12297;19;;;12310;9;12314;11;;;12305.0;0.0
yf_BGS_d1;8700;ASH_COATED_OSMIUM;9916;19;9914;20;;;9932;13;9934;20;;;9924.0;0.0
yf_BGS_d1;8700;INTARIAN_PEPPER_ROOT;12303;17;12300;25;;;12309;10;12312;17;;;12306.0;0.0
yf_BGS_d1;8800;ASH_COATED_OSMIUM;9919;17;9916;22;;;9930;14;9933;14;;;9924.5;0.0
yf_BGS_d1;8800;INTARIAN_PEPPER_ROOT;12303;13;12299;19;;;12309;5;12313;12;;;12306.0;0.0
yf_BGS_d1;8900;ASH_COATED_OSMIUM;9921;17;9919;17;;;9927;12;9931;21;;;9924.0;0.0
yf_BGS_d1;8900;INTARIAN_PEPPER_ROOT;12304;16;12301;19;;;12310;22;12314;19;;;12307.0;0.0
yf_BGS_d1;9000;ASH_COATED_OSMIUM;9919;22;9917;21;;;9931;19;9933;18;;;9925.0;0.0
yf_BGS_d1;9000;INTARIAN_PEPPER_ROOT;12303;16;12299;19;;;12309;11;12311;19;;;12306.0;0.0
yf_BGS_d1;9100;ASH_COATED_OSMIUM;9917;16;9915;8;;;9933;9;9935;13;;;9925.0;0.0
yf_BGS_d1;9100;INTARIAN_PEPPER_ROOT;12304;18;12300;31;;;12310;20;12313;19;;;12307.0;0.0
yf_BGS_d1;9200;ASH_COATED_OSMIUM;9922;8;9920;21;;;9928;19;9930;34;;;9925.0;0.0
yf_BGS_d1;9200;INTARIAN_PEPPER_ROOT;12304;17;12300;20;;;12310;11;12314;23;;;12307.0;0.0
yf_BGS_d1;9300;ASH_COATED_OSMIUM;9913;12;9909;21;;;9937;16;9939;19;;;9925.0;0.0
yf_BGS_d1;9300;INTARIAN_PEPPER_ROOT;12304;16;12301;14;;;12310;15;12314;8;;;12307.0;0.0
yf_BGS_d1;9400;ASH_COATED_OSMIUM;9922;19;9918;27;;;9928;20;9931;14;;;9925.0;0.0
yf_BGS_d1;9400;INTARIAN_PEPPER_ROOT;12294;19;12292;21;;;12318;14;12322;20;;;12306.0;0.0
yf_BGS_d1;9500;ASH_COATED_OSMIUM;9922;10;9920;17;;;9928;19;9931;18;;;9925.0;0.0
yf_BGS_d1;9500;INTARIAN_PEPPER_ROOT;12301;16;12297;17;;;12313;5;12317;8;;;12307.0;0.0
yf_BGS_d1;9600;ASH_COATED_OSMIUM;9922;14;9918;26;;;9928;11;9930;28;;;9925.0;0.0
yf_BGS_d1;9600;INTARIAN_PEPPER_ROOT;12304;13;12300;17;;;12310;17;12313;9;;;12307.0;0.0
yf_BGS_d1;9700;ASH_COATED_OSMIUM;9920;20;9918;20;;;9931;23;9934;24;;;9925.5;0.0
yf_BGS_d1;9700;INTARIAN_PEPPER_ROOT;12303;12;12301;20;;;12311;14;12313;21;;;12307.0;0.0
yf_BGS_d1;9800;ASH_COATED_OSMIUM;9918;15;9915;19;;;9933;5;9935;25;;;9925.5;0.0
yf_BGS_d1;9800;INTARIAN_PEPPER_ROOT;12305;17;12301;24;;;12311;17;12314;15;;;12308.0;0.0
yf_BGS_d1;9900;ASH_COATED_OSMIUM;9922;14;9919;14;;;9928;18;9930;20;;;9925.0;0.0
yf_BGS_d1;9900;INTARIAN_PEPPER_ROOT;12305;17;12301;21;;;12311;16;12313;22;;;12308.0;0.0
yf_BGS_d1;10000;ASH_COATED_OSMIUM;9923;13;9921;21;;;9929;8;9933;26;;;9926.0;0.0
yf_BGS_d1;10000;INTARIAN_PEPPER_ROOT;12304;20;12302;19;;;12312;17;12315;16;;;12308.0;0.0
yf_BGS_d1;10100;ASH_COATED_OSMIUM;9919;9;9915;15;;;9932;12;9935;22;;;9925.5;0.0
yf_BGS_d1;10100;INTARIAN_PEPPER_ROOT;12305;16;12301;17;;;12312;20;12315;19;;;12308.5;0.0
yf_BGS_d1;10200;ASH_COATED_OSMIUM;9923;18;9920;19;;;9929;6;9931;18;;;9926.0;0.0
yf_BGS_d1;10200;INTARIAN_PEPPER_ROOT;12306;20;12302;30;;;12312;15;12315;26;;;12309.0;0.0
yf_BGS_d1;10300;ASH_COATED_OSMIUM;9923;12;9920;14;;;9929;13;9932;19;;;9926.0;0.0
yf_BGS_d1;10300;INTARIAN_PEPPER_ROOT;12306;13;12303;16;;;12312;28;12316;12;;;12309.0;0.0
yf_BGS_d1;10400;ASH_COATED_OSMIUM;9921;10;9917;29;;;9931;20;9933;18;;;9926.0;0.0
yf_BGS_d1;10400;INTARIAN_PEPPER_ROOT;12299;7;12296;20;;;12319;9;12323;21;;;12309.0;0.0
yf_BGS_d1;10500;ASH_COATED_OSMIUM;9916;15;9913;22;;;9936;13;9938;20;;;9926.0;0.0
yf_BGS_d1;10500;INTARIAN_PEPPER_ROOT;12306;16;12302;24;;;12312;13;12314;19;;;12309.0;0.0
yf_BGS_d1;10600;ASH_COATED_OSMIUM;9923;12;9920;10;;;9929;14;9933;25;;;9926.0;0.0
yf_BGS_d1;10600;INTARIAN_PEPPER_ROOT;12307;27;12304;16;;;12313;14;12317;21;;;12310.0;0.0
yf_BGS_d1;10700;ASH_COATED_OSMIUM;9923;8;9920;21;;;9929;12;9932;21;;;9926.0;0.0
yf_BGS_d1;10700;INTARIAN_PEPPER_ROOT;12306;23;12303;21;;;12312;10;12314;17;;;12309.0;0.0
yf_BGS_d1;10800;ASH_COATED_OSMIUM;9923;18;9920;8;;;9929;5;9932;19;;;9926.0;0.0
yf_BGS_d1;10800;INTARIAN_PEPPER_ROOT;12300;19;12296;25;;;12319;22;12322;31;;;12309.5;0.0
yf_BGS_d1;10900;ASH_COATED_OSMIUM;9919;9;9917;18;;;9933;16;9935;17;;;9926.0;0.0
yf_BGS_d1;10900;INTARIAN_PEPPER_ROOT;12304;24;12301;18;;;12316;10;12320;14;;;12310.0;0.0
yf_BGS_d1;11000;ASH_COATED_OSMIUM;9923;14;9920;23;;;9929;16;9932;20;;;9926.0;0.0
yf_BGS_d1;11000;INTARIAN_PEPPER_ROOT;12306;16;12302;28;;;12315;13;12319;20;;;12310.5;0.0
yf_BGS_d1;11100;ASH_COATED_OSMIUM;9924;5;9921;15;;;9930;22;9934;21;;;9927.0;0.0
yf_BGS_d1;11100;INTARIAN_PEPPER_ROOT;12307;15;12304;13;;;12313;13;12317;20;;;12310.0;0.0
yf_BGS_d1;11200;ASH_COATED_OSMIUM;9923;18;9919;15;;;9930;10;9933;8;;;9926.5;0.0
yf_BGS_d1;11200;INTARIAN_PEPPER_ROOT;12307;14;12303;13;;;12315;10;12318;10;;;12311.0;0.0
yf_BGS_d1;11300;ASH_COATED_OSMIUM;9924;16;9920;9;;;9930;9;9933;25;;;9927.0;0.0
yf_BGS_d1;11300;INTARIAN_PEPPER_ROOT;12308;10;12304;23;;;12314;8;12317;21;;;12311.0;0.0
yf_BGS_d1;11400;ASH_COATED_OSMIUM;9904;12;9900;30;;;9951;5;9954;11;;;9927.5;0.0
yf_BGS_d1;11400;INTARIAN_PEPPER_ROOT;12308;15;12306;19;;;12314;7;12318;16;;;12311.0;0.0
yf_BGS_d1;11500;ASH_COATED_OSMIUM;9924;8;9922;26;;;9930;18;9932;20;;;9927.0;0.0
yf_BGS_d1;11500;INTARIAN_PEPPER_ROOT;12308;15;12304;25;;;12314;21;12317;8;;;12311.0;0.0
yf_BGS_d1;11600;ASH_COATED_OSMIUM;9916;13;9913;18;;;9938;5;9940;23;;;9927.0;0.0
yf_BGS_d1;11600;INTARIAN_PEPPER_ROOT;12309;17;12307;12;;;12315;22;12319;24;;;12312.0;0.0
yf_BGS_d1;11700;ASH_COATED_OSMIUM;9919;13;9915;19;;;9936;11;9939;21;;;9927.5;0.0
yf_BGS_d1;11700;INTARIAN_PEPPER_ROOT;12292;22;12290;16;;;12332;13;12336;22;;;12312.0;0.0
yf_BGS_d1;11800;ASH_COATED_OSMIUM;9925;18;9923;26;;;9931;25;9933;15;;;9928.0;0.0
yf_BGS_d1;11800;INTARIAN_PEPPER_ROOT;12301;12;12299;15;;;12322;12;12326;29;;;12311.5;0.0
yf_BGS_d1;11900;ASH_COATED_OSMIUM;9925;10;9923;21;;;9931;11;9935;20;;;9928.0;0.0
yf_BGS_d1;11900;INTARIAN_PEPPER_ROOT;12309;21;12307;19;;;12315;21;12317;22;;;12312.0;0.0
yf_BGS_d1;12000;ASH_COATED_OSMIUM;9918;13;9914;21;;;9938;12;9942;27;;;9928.0;0.0
yf_BGS_d1;12000;INTARIAN_PEPPER_ROOT;12308;17;12304;18;;;12316;13;12319;33;;;12312.0;0.0
yf_BGS_d1;12100;ASH_COATED_OSMIUM;9925;21;9922;8;;;9931;17;9934;25;;;9928.0;0.0
yf_BGS_d1;12100;INTARIAN_PEPPER_ROOT;12310;10;12306;14;;;12316;9;12319;20;;;12313.0;0.0
yf_BGS_d1;12200;ASH_COATED_OSMIUM;9925;8;9921;19;;;9931;23;9933;12;;;9928.0;0.0
yf_BGS_d1;12200;INTARIAN_PEPPER_ROOT;12306;5;12302;21;;;12319;16;12321;9;;;12312.5;0.0
yf_BGS_d1;12300;ASH_COATED_OSMIUM;9925;12;9923;15;;;9931;16;9933;21;;;9928.0;0.0
yf_BGS_d1;12300;INTARIAN_PEPPER_ROOT;12298;6;12294;25;;;12327;9;12330;22;;;12312.5;0.0
yf_BGS_d1;12400;ASH_COATED_OSMIUM;9925;11;9921;16;;;9931;13;9934;23;;;9928.0;0.0
yf_BGS_d1;12400;INTARIAN_PEPPER_ROOT;12309;25;12307;18;;;12317;6;12321;23;;;12313.0;0.0
yf_BGS_d1;12500;ASH_COATED_OSMIUM;9925;15;9922;25;;;9931;15;9934;28;;;9928.0;0.0
yf_BGS_d1;12500;INTARIAN_PEPPER_ROOT;12310;7;12306;26;;;12317;11;12321;24;;;12313.5;0.0
yf_BGS_d1;12600;ASH_COATED_OSMIUM;9925;6;9923;18;;;9931;12;9933;22;;;9928.0;0.0
yf_BGS_d1;12600;INTARIAN_PEPPER_ROOT;12310;9;12308;25;;;12316;13;12319;13;;;12313.0;0.0
yf_BGS_d1;12700;ASH_COATED_OSMIUM;9926;17;9924;27;;;9932;22;9934;24;;;9929.0;0.0
yf_BGS_d1;12700;INTARIAN_PEPPER_ROOT;12311;12;12307;23;;;12317;9;12320;23;;;12314.0;0.0
yf_BGS_d1;12800;ASH_COATED_OSMIUM;9926;15;9924;14;;;9932;26;9934;30;;;9929.0;0.0
yf_BGS_d1;12800;INTARIAN_PEPPER_ROOT;12311;25;12308;27;;;12317;13;12321;21;;;12314.0;0.0
yf_BGS_d1;12900;ASH_COATED_OSMIUM;9926;11;9923;19;;;9932;13;9936;23;;;9929.0;0.0
yf_BGS_d1;12900;INTARIAN_PEPPER_ROOT;12301;15;12299;30;;;12327;12;12329;16;;;12314.0;0.0
yf_BGS_d1;13000;ASH_COATED_OSMIUM;9926;12;9924;16;;;9932;14;9935;19;;;9929.0;0.0
yf_BGS_d1;13000;INTARIAN_PEPPER_ROOT;12312;17;12308;21;;;12318;19;12321;10;;;12315.0;0.0
yf_BGS_d1;13100;ASH_COATED_OSMIUM;9925;18;9921;17;;;9931;9;9935;16;;;9928.0;0.0
yf_BGS_d1;13100;INTARIAN_PEPPER_ROOT;12310;21;12307;11;;;12319;11;12323;27;;;12314.5;0.0
yf_BGS_d1;13200;ASH_COATED_OSMIUM;9926;14;9924;21;;;9932;11;9934;28;;;9929.0;0.0
yf_BGS_d1;13200;INTARIAN_PEPPER_ROOT;12312;22;12308;21;;;12318;8;12321;13;;;12315.0;0.0
yf_BGS_d1;13300;ASH_COATED_OSMIUM;9925;17;9922;23;;;9931;19;9934;22;;;9928.0;0.0
yf_BGS_d1;13300;INTARIAN_PEPPER_ROOT;12309;13;12305;12;;;12321;9;12325;13;;;12315.0;0.0
yf_BGS_d1;13400;ASH_COATED_OSMIUM;9926;21;9922;22;;;9932;8;9934;17;;;9929.0;0.0
yf_BGS_d1;13400;INTARIAN_PEPPER_ROOT;12303;11;12299;18;;;12327;10;12331;19;;;12315.0;0.0
yf_BGS_d1;13500;ASH_COATED_OSMIUM;9926;11;9923;24;;;9932;26;9936;28;;;9929.0;0.0
yf_BGS_d1;13500;INTARIAN_PEPPER_ROOT;12307;12;12304;20;;;12324;11;12326;19;;;12315.5;0.0
yf_BGS_d1;13600;ASH_COATED_OSMIUM;9927;18;9923;19;;;9933;19;9936;20;;;9930.0;0.0
yf_BGS_d1;13600;INTARIAN_PEPPER_ROOT;12312;5;12308;16;;;12318;18;12320;20;;;12315.0;0.0
yf_BGS_d1;13700;ASH_COATED_OSMIUM;9921;14;9918;28;;;9937;18;9939;25;;;9929.0;0.0
yf_BGS_d1;13700;INTARIAN_PEPPER_ROOT;12312;14;12308;25;;;12320;13;12324;14;;;12316.0;0.0
yf_BGS_d1;13800;ASH_COATED_OSMIUM;9927;14;9924;21;;;9933;15;9935;15;;;9930.0;0.0
yf_BGS_d1;13800;INTARIAN_PEPPER_ROOT;12311;11;12309;22;;;12322;15;12326;24;;;12316.5;0.0
yf_BGS_d1;13900;ASH_COATED_OSMIUM;9927;22;9924;16;;;9933;8;9935;22;;;9930.0;0.0
yf_BGS_d1;13900;INTARIAN_PEPPER_ROOT;12311;18;12309;15;;;12321;16;12324;14;;;12316.0;0.0
yf_BGS_d1;14000;ASH_COATED_OSMIUM;9927;19;9925;22;;;9933;15;9936;24;;;9930.0;0.0
yf_BGS_d1;14000;INTARIAN_PEPPER_ROOT;12312;6;12309;24;;;12319;18;12323;23;;;12315.5;0.0
yf_BGS_d1;14100;ASH_COATED_OSMIUM;9923;8;9920;27;;;9937;27;9939;19;;;9930.0;0.0
yf_BGS_d1;14100;INTARIAN_PEPPER_ROOT;12312;16;12308;25;;;12322;16;12326;14;;;12317.0;0.0
yf_BGS_d1;14200;ASH_COATED_OSMIUM;9915;20;9911;20;;;9943;15;9947;16;;;9929.0;0.0
yf_BGS_d1;14200;INTARIAN_PEPPER_ROOT;12312;22;12308;13;;;12322;15;12324;19;;;12317.0;0.0
yf_BGS_d1;14300;ASH_COATED_OSMIUM;9920;11;9916;22;;;9938;8;9940;29;;;9929.0;0.0
yf_BGS_d1;14300;INTARIAN_PEPPER_ROOT;12314;18;12312;24;;;12320;12;12323;22;;;12317.0;0.0
yf_BGS_d1;14400;ASH_COATED_OSMIUM;9927;17;9923;21;;;9933;22;9937;24;;;9930.0;0.0
yf_BGS_d1;14400;INTARIAN_PEPPER_ROOT;12308;11;12304;15;;;12327;10;12329;23;;;12317.5;0.0
yf_BGS_d1;14500;ASH_COATED_OSMIUM;9926;20;9923;32;;;9934;17;9936;21;;;9930.0;0.0
yf_BGS_d1;14500;INTARIAN_PEPPER_ROOT;12315;14;12313;18;;;12321;17;12325;20;;;12318.0;0.0
yf_BGS_d1;14600;ASH_COATED_OSMIUM;9927;16;9925;14;;;9933;21;9935;20;;;9930.0;0.0
yf_BGS_d1;14600;INTARIAN_PEPPER_ROOT;12315;14;12313;20;;;12321;7;12324;12;;;12318.0;0.0
yf_BGS_d1;14700;ASH_COATED_OSMIUM;9914;9;9911;26;;;9946;18;9949;18;;;9930.0;0.0
yf_BGS_d1;14700;INTARIAN_PEPPER_ROOT;12315;14;12313;14;;;12321;11;12325;13;;;12318.0;0.0
yf_BGS_d1;14800;ASH_COATED_OSMIUM;9925;24;9922;9;;;9935;20;9939;11;;;9930.0;0.0
yf_BGS_d1;14800;INTARIAN_PEPPER_ROOT;12315;15;12312;20;;;12321;16;12325;25;;;12318.0;0.0
yf_BGS_d1;14900;ASH_COATED_OSMIUM;9927;20;9923;10;;;9933;21;9937;20;;;9930.0;0.0
yf_BGS_d1;14900;INTARIAN_PEPPER_ROOT;12315;25;12311;24;;;12321;23;12325;16;;;12318.0;0.0
yf_BGS_d1;15000;ASH_COATED_OSMIUM;9928;8;9926;24;;;9934;16;9936;15;;;9931.0;0.0
yf_BGS_d1;15000;INTARIAN_PEPPER_ROOT;12314;6;12311;29;;;12323;12;12327;24;;;12318.5;0.0
yf_BGS_d1;15100;ASH_COATED_OSMIUM;9927;13;9924;29;;;9934;19;9936;21;;;9930.5;0.0
yf_BGS_d1;15100;INTARIAN_PEPPER_ROOT;12316;10;12313;19;;;12322;6;12325;16;;;12319.0;0.0
yf_BGS_d1;15200;ASH_COATED_OSMIUM;9928;25;9924;11;;;9934;7;9938;9;;;9931.0;0.0
yf_BGS_d1;15200;INTARIAN_PEPPER_ROOT;12316;9;12312;15;;;12322;5;12324;20;;;12319.0;0.0
yf_BGS_d1;15300;ASH_COATED_OSMIUM;9928;16;9924;15;;;9934;13;9936;21;;;9931.0;0.0
yf_BGS_d1;15300;INTARIAN_PEPPER_ROOT;12311;7;12307;16;;;12327;16;12329;21;;;12319.0;0.0
yf_BGS_d1;15400;ASH_COATED_OSMIUM;9928;13;9926;21;;;9934;12;9937;11;;;9931.0;0.0
yf_BGS_d1;15400;INTARIAN_PEPPER_ROOT;12315;24;12313;19;;;12324;23;12326;15;;;12319.5;0.0
yf_BGS_d1;15500;ASH_COATED_OSMIUM;9928;23;9926;16;;;9934;15;9936;15;;;9931.0;0.0
yf_BGS_d1;15500;INTARIAN_PEPPER_ROOT;12316;19;12314;18;;;12324;18;12327;22;;;12320.0;0.0
yf_BGS_d1;15600;ASH_COATED_OSMIUM;9928;17;9924;23;;;9934;23;9938;17;;;9931.0;0.0
yf_BGS_d1;15600;INTARIAN_PEPPER_ROOT;12316;5;12314;21;;;12322;9;12325;11;;;12319.0;0.0
yf_BGS_d1;15700;ASH_COATED_OSMIUM;9928;12;9926;21;;;9934;18;9936;15;;;9931.0;0.0
yf_BGS_d1;15700;INTARIAN_PEPPER_ROOT;12311;15;12309;11;;;12329;15;12332;19;;;12320.0;0.0
yf_BGS_d1;15800;ASH_COATED_OSMIUM;9927;19;9924;19;;;9935;16;9939;21;;;9931.0;0.0
yf_BGS_d1;15800;INTARIAN_PEPPER_ROOT;12317;16;12313;20;;;12323;18;12325;26;;;12320.0;0.0
yf_BGS_d1;15900;ASH_COATED_OSMIUM;9929;15;9927;15;;;9935;10;9937;20;;;9932.0;0.0
yf_BGS_d1;15900;INTARIAN_PEPPER_ROOT;12317;18;12313;15;;;12323;17;12327;13;;;12320.0;0.0
yf_BGS_d1;16000;ASH_COATED_OSMIUM;9926;19;9922;20;;;9938;24;9940;20;;;9932.0;0.0
yf_BGS_d1;16000;INTARIAN_PEPPER_ROOT;12306;9;12303;18;;;12335;14;12339;21;;;12320.5;0.0
yf_BGS_d1;16100;ASH_COATED_OSMIUM;9928;11;9924;13;;;9934;10;9936;15;;;9931.0;0.0
yf_BGS_d1;16100;INTARIAN_PEPPER_ROOT;12317;28;12314;17;;;12323;10;12325;24;;;12320.0;0.0
yf_BGS_d1;16200;ASH_COATED_OSMIUM;9929;19;9926;8;;;9935;12;9937;21;;;9932.0;0.0
yf_BGS_d1;16200;INTARIAN_PEPPER_ROOT;12309;12;12307;30;;;12334;14;12336;16;;;12321.5;0.0
yf_BGS_d1;16300;ASH_COATED_OSMIUM;9925;14;9921;14;;;9938;7;9941;22;;;9931.5;0.0
yf_BGS_d1;16300;INTARIAN_PEPPER_ROOT;12318;18;12315;26;;;12324;20;12328;26;;;12321.0;0.0
yf_BGS_d1;16400;ASH_COATED_OSMIUM;9928;7;9924;23;;;9935;11;9939;11;;;9931.5;0.0
yf_BGS_d1;16400;INTARIAN_PEPPER_ROOT;12309;20;12306;16;;;12335;20;12338;24;;;12322.0;0.0
yf_BGS_d1;16500;ASH_COATED_OSMIUM;9929;17;9927;20;;;9935;17;9939;24;;;9932.0;0.0
yf_BGS_d1;16500;INTARIAN_PEPPER_ROOT;12317;11;12314;22;;;12326;17;12330;21;;;12321.5;0.0
yf_BGS_d1;16600;ASH_COATED_OSMIUM;9929;17;9925;27;;;9935;10;9938;12;;;9932.0;0.0
yf_BGS_d1;16600;INTARIAN_PEPPER_ROOT;12319;9;12315;16;;;12325;7;12328;16;;;12322.0;0.0
yf_BGS_d1;16700;ASH_COATED_OSMIUM;9929;8;9925;21;;;9935;15;9939;19;;;9932.0;0.0
yf_BGS_d1;16700;INTARIAN_PEPPER_ROOT;12318;15;12314;12;;;12324;13;12327;21;;;12321.0;0.0
yf_BGS_d1;16800;ASH_COATED_OSMIUM;9930;27;9926;13;;;9936;23;9940;22;;;9933.0;0.0
yf_BGS_d1;16800;INTARIAN_PEPPER_ROOT;12318;11;12316;12;;;12327;17;12329;9;;;12322.5;0.0
yf_BGS_d1;16900;ASH_COATED_OSMIUM;9918;10;9915;16;;;9947;15;9949;15;;;9932.5;0.0
yf_BGS_d1;16900;INTARIAN_PEPPER_ROOT;12319;13;12316;15;;;12325;18;12329;11;;;12322.0;0.0
yf_BGS_d1;17000;ASH_COATED_OSMIUM;9929;9;9925;17;;;9935;17;9937;19;;;9932.0;0.0
yf_BGS_d1;17000;INTARIAN_PEPPER_ROOT;12322;9;12319;12;;;12328;12;12330;24;;;12325.0;0.0
yf_BGS_d1;17100;ASH_COATED_OSMIUM;9930;7;9926;13;;;9936;14;9938;21;;;9933.0;0.0
yf_BGS_d1;17100;INTARIAN_PEPPER_ROOT;12317;6;12315;14;;;12338;15;12340;18;;;12327.5;0.0
yf_BGS_d1;17200;ASH_COATED_OSMIUM;9927;16;9924;24;;;9938;11;9942;28;;;9932.5;0.0
yf_BGS_d1;17200;INTARIAN_PEPPER_ROOT;12327;22;12324;19;;;12335;16;12337;22;;;12331.0;0.0
yf_BGS_d1;17300;ASH_COATED_OSMIUM;9929;8;9926;24;;;9935;6;9938;23;;;9932.0;0.0
yf_BGS_d1;17300;INTARIAN_PEPPER_ROOT;12324;16;12320;26;;;12346;8;12349;11;;;12335.0;0.0
yf_BGS_d1;17400;ASH_COATED_OSMIUM;9928;10;9924;23;;;9938;12;9941;17;;;9933.0;0.0
yf_BGS_d1;17400;INTARIAN_PEPPER_ROOT;12334;14;12330;28;;;12343;5;12347;15;;;12338.5;0.0
yf_BGS_d1;17500;ASH_COATED_OSMIUM;9927;13;9923;20;;;9938;9;9940;21;;;9932.5;0.0
yf_BGS_d1;17500;INTARIAN_PEPPER_ROOT;12339;17;12337;20;;;12345;10;12349;29;;;12342.0;0.0
yf_BGS_d1;17600;ASH_COATED_OSMIUM;9930;12;9926;20;;;9936;21;9939;19;;;9933.0;0.0
yf_BGS_d1;17600;INTARIAN_PEPPER_ROOT;12336;11;12332;11;;;12355;12;12359;21;;;12345.5;0.0
yf_BGS_d1;17700;ASH_COATED_OSMIUM;9927;26;9925;20;;;9937;15;9939;17;;;9932.0;0.0
yf_BGS_d1;17700;INTARIAN_PEPPER_ROOT;12346;16;12343;28;;;12352;18;12355;18;;;12349.0;0.0
yf_BGS_d1;17800;ASH_COATED_OSMIUM;9929;20;9927;22;;;9936;19;9940;28;;;9932.5;0.0
yf_BGS_d1;17800;INTARIAN_PEPPER_ROOT;12350;24;12348;15;;;12356;13;12360;21;;;12353.0;0.0
yf_BGS_d1;17900;ASH_COATED_OSMIUM;9929;22;9926;20;;;9935;26;9937;15;;;9932.0;0.0
yf_BGS_d1;17900;INTARIAN_PEPPER_ROOT;12342;5;12340;18;;;12369;11;12371;21;;;12355.5;0.0
yf_BGS_d1;18000;ASH_COATED_OSMIUM;9926;14;9922;19;;;9939;14;9941;24;;;9932.5;0.0
yf_BGS_d1;18000;INTARIAN_PEPPER_ROOT;12356;20;12354;18;;;12362;16;12366;22;;;12359.0;0.0
yf_BGS_d1;18100;ASH_COATED_OSMIUM;9927;16;9923;11;;;9938;15;9940;22;;;9932.5;0.0
yf_BGS_d1;18100;INTARIAN_PEPPER_ROOT;12360;12;12356;26;;;12366;17;12368;21;;;12363.0;0.0
yf_BGS_d1;18200;ASH_COATED_OSMIUM;9929;12;9927;19;;;9935;14;9937;13;;;9932.0;0.0
yf_BGS_d1;18200;INTARIAN_PEPPER_ROOT;12363;13;12360;26;;;12369;13;12373;15;;;12366.0;0.0
yf_BGS_d1;18300;ASH_COATED_OSMIUM;9923;13;9919;19;;;9941;19;9945;25;;;9932.0;0.0
yf_BGS_d1;18300;INTARIAN_PEPPER_ROOT;12366;20;12364;25;;;12372;13;12374;15;;;12369.0;0.0
yf_BGS_d1;18400;ASH_COATED_OSMIUM;9929;20;9927;18;;;9935;13;9939;24;;;9932.0;0.0
yf_BGS_d1;18400;INTARIAN_PEPPER_ROOT;12361;18;12359;15;;;12384;23;12387;21;;;12372.5;0.0
yf_BGS_d1;18500;ASH_COATED_OSMIUM;9929;18;9926;26;;;9935;17;9937;19;;;9932.0;0.0
yf_BGS_d1;18500;INTARIAN_PEPPER_ROOT;12374;11;12372;21;;;12380;8;12382;19;;;12377.0;0.0
yf_BGS_d1;18600;ASH_COATED_OSMIUM;9929;15;9927;12;;;9935;15;9938;25;;;9932.0;0.0
yf_BGS_d1;18600;INTARIAN_PEPPER_ROOT;12377;21;12373;14;;;12383;6;12386;10;;;12380.0;0.0
yf_BGS_d1;18700;ASH_COATED_OSMIUM;9929;10;9927;21;;;9935;13;9938;15;;;9932.0;0.0
yf_BGS_d1;18700;INTARIAN_PEPPER_ROOT;12381;18;12377;27;;;12387;24;12389;22;;;12384.0;0.0
yf_BGS_d1;18800;ASH_COATED_OSMIUM;9929;13;9925;23;;;9935;12;9938;14;;;9932.0;0.0
yf_BGS_d1;18800;INTARIAN_PEPPER_ROOT;12384;11;12380;34;;;12390;20;12394;22;;;12387.0;0.0
yf_BGS_d1;18900;ASH_COATED_OSMIUM;9926;20;9923;27;;;9938;11;9942;17;;;9932.0;0.0
yf_BGS_d1;18900;INTARIAN_PEPPER_ROOT;12388;17;12385;22;;;12394;19;12397;18;;;12391.0;0.0
yf_BGS_d1;19000;ASH_COATED_OSMIUM;9920;17;9916;18;;;9944;8;9947;13;;;9932.0;0.0
yf_BGS_d1;19000;INTARIAN_PEPPER_ROOT;12387;16;12384;25;;;12401;14;12404;13;;;12394.0;0.0
yf_BGS_d1;19100;ASH_COATED_OSMIUM;9929;10;9926;21;;;9935;16;9937;19;;;9932.0;0.0
yf_BGS_d1;19100;INTARIAN_PEPPER_ROOT;12382;13;12378;24;;;12412;18;12416;23;;;12397.0;0.0
yf_BGS_d1;19200;ASH_COATED_OSMIUM;9929;16;9927;17;;;9935;11;9938;22;;;9932.0;0.0
yf_BGS_d1;19200;INTARIAN_PEPPER_ROOT;12397;17;12395;21;;;12405;19;12407;21;;;12401.0;0.0
yf_BGS_d1;19300;ASH_COATED_OSMIUM;9927;28;9924;25;;;9936;20;9938;18;;;9931.5;0.0
yf_BGS_d1;19300;INTARIAN_PEPPER_ROOT;12402;15;12400;15;;;12408;16;12410;28;;;12405.0;0.0
yf_BGS_d1;19400;ASH_COATED_OSMIUM;9922;13;9919;9;;;9941;12;9944;24;;;9931.5;0.0
yf_BGS_d1;19400;INTARIAN_PEPPER_ROOT;12400;15;12396;26;;;12415;19;12419;19;;;12407.5;0.0
yf_BGS_d1;19500;ASH_COATED_OSMIUM;9929;22;9926;8;;;9935;5;9937;15;;;9932.0;0.0
yf_BGS_d1;19500;INTARIAN_PEPPER_ROOT;12408;6;12405;21;;;12414;13;12418;17;;;12411.0;0.0
yf_BGS_d1;19600;ASH_COATED_OSMIUM;9929;14;9927;18;;;9935;17;9937;21;;;9932.0;0.0
yf_BGS_d1;19600;INTARIAN_PEPPER_ROOT;12412;7;12408;18;;;12418;17;12421;16;;;12415.0;0.0
yf_BGS_d1;19700;ASH_COATED_OSMIUM;9928;10;9924;19;;;9934;7;9938;26;;;9931.0;0.0
yf_BGS_d1;19700;INTARIAN_PEPPER_ROOT;12415;19;12412;13;;;12421;8;12423;19;;;12418.0;0.0
yf_BGS_d1;19800;ASH_COATED_OSMIUM;9929;15;9925;20;;;9935;6;9939;15;;;9932.0;0.0
yf_BGS_d1;19800;INTARIAN_PEPPER_ROOT;12419;11;12416;22;;;12425;15;12428;21;;;12422.0;0.0
yf_BGS_d1;19900;ASH_COATED_OSMIUM;9918;12;9916;17;;;9945;12;9947;22;;;9931.5;0.0
yf_BGS_d1;19900;INTARIAN_PEPPER_ROOT;12415;9;12412;16;;;12435;23;12439;18;;;12425.0;0.0
yf_BGS_d1;20000;ASH_COATED_OSMIUM;9927;12;9925;15;;;9938;14;9940;17;;;9932.5;0.0
yf_BGS_d1;20000;INTARIAN_PEPPER_ROOT;12426;5;12423;19;;;12432;18;12434;12;;;12429.0;0.0
yf_BGS_d1;20100;ASH_COATED_OSMIUM;9929;19;9926;24;;;9935;15;9938;25;;;9932.0;0.0
yf_BGS_d1;20100;INTARIAN_PEPPER_ROOT;12429;16;12426;16;;;12435;18;12439;16;;;12432.0;0.0
yf_BGS_d1;20200;ASH_COATED_OSMIUM;9926;16;9922;25;;;9937;12;9939;28;;;9931.5;0.0
yf_BGS_d1;20200;INTARIAN_PEPPER_ROOT;12433;18;12431;22;;;12439;25;12441;10;;;12436.0;0.0
yf_BGS_d1;20300;ASH_COATED_OSMIUM;9929;12;9926;22;;;9935;20;9937;17;;;9932.0;0.0
yf_BGS_d1;20300;INTARIAN_PEPPER_ROOT;12431;25;12428;18;;;12448;5;12452;24;;;12439.5;0.0
yf_BGS_d1;20400;ASH_COATED_OSMIUM;9929;18;9925;11;;;9935;14;9939;24;;;9932.0;0.0
yf_BGS_d1;20400;INTARIAN_PEPPER_ROOT;12440;18;12436;30;;;12446;14;12449;25;;;12443.0;0.0
yf_BGS_d1;20500;ASH_COATED_OSMIUM;9928;16;9925;12;;;9935;16;9938;23;;;9931.5;0.0
yf_BGS_d1;20500;INTARIAN_PEPPER_ROOT;12444;23;12442;32;;;12450;19;12453;13;;;12447.0;0.0
yf_BGS_d1;20600;ASH_COATED_OSMIUM;9927;20;9924;21;;;9935;24;9937;24;;;9931.0;0.0
yf_BGS_d1;20600;INTARIAN_PEPPER_ROOT;12447;20;12445;26;;;12453;15;12457;14;;;12450.0;0.0
yf_BGS_d1;20700;ASH_COATED_OSMIUM;9928;17;9924;18;;;9934;13;9936;25;;;9931.0;0.0
yf_BGS_d1;20700;INTARIAN_PEPPER_ROOT;12450;16;12446;21;;;12456;21;12459;20;;;12453.0;0.0
yf_BGS_d1;20800;ASH_COATED_OSMIUM;9928;12;9924;17;;;9934;12;9937;19;;;9931.0;0.0
yf_BGS_d1;20800;INTARIAN_PEPPER_ROOT;12453;17;12449;15;;;12459;10;12462;12;;;12456.0;0.0
yf_BGS_d1;20900;ASH_COATED_OSMIUM;9926;16;9922;21;;;9937;17;9939;24;;;9931.5;0.0
yf_BGS_d1;20900;INTARIAN_PEPPER_ROOT;12457;12;12455;22;;;12463;20;12467;25;;;12460.0;0.0
yf_BGS_d1;21000;ASH_COATED_OSMIUM;9922;10;9919;15;;;9941;13;9944;22;;;9931.5;0.0
yf_BGS_d1;21000;INTARIAN_PEPPER_ROOT;12460;16;12456;18;;;12466;14;12470;20;;;12463.0;0.0
yf_BGS_d1;21100;ASH_COATED_OSMIUM;9928;17;9924;26;;;9934;17;9936;18;;;9931.0;0.0
yf_BGS_d1;21100;INTARIAN_PEPPER_ROOT;12464;14;12462;18;;;12470;7;12474;18;;;12467.0;0.0
yf_BGS_d1;21200;ASH_COATED_OSMIUM;9928;13;9926;31;;;9934;19;9937;29;;;9931.0;0.0
yf_BGS_d1;21200;INTARIAN_PEPPER_ROOT;12465;13;12463;22;;;12476;22;12478;17;;;12470.5;0.0
yf_BGS_d1;21300;ASH_COATED_OSMIUM;9928;13;9924;16;;;9934;13;9938;12;;;9931.0;0.0
yf_BGS_d1;21300;INTARIAN_PEPPER_ROOT;12471;19;12468;20;;;12477;17;12479;22;;;12474.0;0.0
yf_BGS_d1;21400;ASH_COATED_OSMIUM;9928;9;9925;18;;;9934;13;9937;11;;;9931.0;0.0
yf_BGS_d1;21400;INTARIAN_PEPPER_ROOT;12475;21;12471;16;;;12481;17;12484;24;;;12478.0;0.0
yf_BGS_d1;21500;ASH_COATED_OSMIUM;9928;12;9926;18;;;9934;13;9936;18;;;9931.0;0.0
yf_BGS_d1;21500;INTARIAN_PEPPER_ROOT;12477;11;12475;23;;;12483;12;12485;26;;;12480.0;0.0
yf_BGS_d1;21600;ASH_COATED_OSMIUM;9929;16;9926;14;;;9935;14;9938;22;;;9932.0;0.0
yf_BGS_d1;21600;INTARIAN_PEPPER_ROOT;12482;13;12480;23;;;12488;11;12492;25;;;12485.0;0.0
yf_BGS_d1;21700;ASH_COATED_OSMIUM;9928;20;9926;26;;;9934;6;9938;17;;;9931.0;0.0
yf_BGS_d1;21700;INTARIAN_PEPPER_ROOT;12476;20;12473;15;;;12502;22;12505;18;;;12489.0;0.0
yf_BGS_d1;21800;ASH_COATED_OSMIUM;9928;11;9925;30;;;9934;15;9936;17;;;9931.0;0.0
yf_BGS_d1;21800;INTARIAN_PEPPER_ROOT;12488;16;12484;15;;;12494;15;12498;19;;;12491.0;0.0
yf_BGS_d1;21900;ASH_COATED_OSMIUM;9928;13;9925;16;;;9934;8;9937;21;;;9931.0;0.0
yf_BGS_d1;21900;INTARIAN_PEPPER_ROOT;12492;13;12488;17;;;12498;9;12501;23;;;12495.0;0.0
yf_BGS_d1;22000;ASH_COATED_OSMIUM;9920;20;9917;24;;;9942;15;9945;15;;;9931.0;0.0
yf_BGS_d1;22000;INTARIAN_PEPPER_ROOT;12491;27;12487;16;;;12505;10;12509;29;;;12498.0;0.0
yf_BGS_d1;22100;ASH_COATED_OSMIUM;9927;6;9925;22;;;9935;15;9937;14;;;9931.0;0.0
yf_BGS_d1;22100;INTARIAN_PEPPER_ROOT;12494;14;12492;26;;;12509;14;12512;27;;;12501.5;0.0
yf_BGS_d1;22200;ASH_COATED_OSMIUM;9928;19;9924;18;;;9934;7;9936;21;;;9931.0;0.0
yf_BGS_d1;22200;INTARIAN_PEPPER_ROOT;12502;5;12499;13;;;12508;11;12510;26;;;12505.0;0.0
yf_BGS_d1;22300;ASH_COATED_OSMIUM;9924;7;9920;20;;;9939;19;9943;17;;;9931.5;0.0
yf_BGS_d1;22300;INTARIAN_PEPPER_ROOT;12506;16;12502;12;;;12512;14;12516;27;;;12509.0;0.0
yf_BGS_d1;22400;ASH_COATED_OSMIUM;9928;15;9925;17;;;9934;17;9938;22;;;9931.0;0.0
yf_BGS_d1;22400;INTARIAN_PEPPER_ROOT;12508;20;12505;19;;;12517;11;12519;23;;;12512.5;0.0
yf_BGS_d1;22500;ASH_COATED_OSMIUM;9928;17;9926;26;;;9934;13;9938;18;;;9931.0;0.0
yf_BGS_d1;22500;INTARIAN_PEPPER_ROOT;12511;14;12507;21;;;12521;16;12525;17;;;12516.0;0.0
yf_BGS_d1;22600;ASH_COATED_OSMIUM;9928;19;9926;25;;;9934;20;9938;32;;;9931.0;0.0
yf_BGS_d1;22600;INTARIAN_PEPPER_ROOT;12517;7;12515;9;;;12523;14;12526;22;;;12520.0;0.0
yf_BGS_d1;22700;ASH_COATED_OSMIUM;9921;19;9917;18;;;9941;10;9944;23;;;9931.0;0.0
yf_BGS_d1;22700;INTARIAN_PEPPER_ROOT;12517;13;12515;21;;;12527;12;12531;14;;;12522.0;0.0
yf_BGS_d1;22800;ASH_COATED_OSMIUM;9929;13;9926;26;;;9935;21;9939;22;;;9932.0;0.0
yf_BGS_d1;22800;INTARIAN_PEPPER_ROOT;12523;9;12519;18;;;12530;7;12534;18;;;12526.5;0.0
yf_BGS_d1;22900;ASH_COATED_OSMIUM;9921;17;9919;29;;;9942;17;9944;20;;;9931.5;0.0
yf_BGS_d1;22900;INTARIAN_PEPPER_ROOT;12527;26;12525;16;;;12533;19;12537;26;;;12530.0;0.0
yf_BGS_d1;23000;ASH_COATED_OSMIUM;9918;21;9915;16;;;9943;16;9945;14;;;9930.5;0.0
yf_BGS_d1;23000;INTARIAN_PEPPER_ROOT;12530;15;12528;24;;;12537;10;12541;19;;;12533.5;0.0
yf_BGS_d1;23100;ASH_COATED_OSMIUM;9928;12;9926;21;;;9934;11;9937;11;;;9931.0;0.0
yf_BGS_d1;23100;INTARIAN_PEPPER_ROOT;12533;5;12531;13;;;12540;11;12543;29;;;12536.5;0.0
yf_BGS_d1;23200;ASH_COATED_OSMIUM;9921;28;9918;27;;;9943;19;9945;9;;;9932.0;0.0
yf_BGS_d1;23200;INTARIAN_PEPPER_ROOT;12535;16;12531;24;;;12544;12;12548;14;;;12539.5;0.0
yf_BGS_d1;23300;ASH_COATED_OSMIUM;9927;10;9924;17;;;9933;8;9935;17;;;9930.0;0.0
yf_BGS_d1;23300;INTARIAN_PEPPER_ROOT;12541;14;12539;20;;;12547;18;12551;17;;;12544.0;0.0
yf_BGS_d1;23400;ASH_COATED_OSMIUM;9926;17;9924;18;;;9936;14;9940;23;;;9931.0;0.0
yf_BGS_d1;23400;INTARIAN_PEPPER_ROOT;12537;21;12535;14;;;12558;13;12560;15;;;12547.5;0.0
yf_BGS_d1;23500;ASH_COATED_OSMIUM;9926;11;9924;16;;;9936;13;9938;24;;;9931.0;0.0
yf_BGS_d1;23500;INTARIAN_PEPPER_ROOT;12548;16;12544;10;;;12554;15;12558;24;;;12551.0;0.0
yf_BGS_d1;23600;ASH_COATED_OSMIUM;9928;20;9926;16;;;9934;16;9936;18;;;9931.0;0.0
yf_BGS_d1;23600;INTARIAN_PEPPER_ROOT;12548;13;12545;20;;;12559;14;12563;17;;;12553.5;0.0
yf_BGS_d1;23700;ASH_COATED_OSMIUM;9923;18;9921;13;;;9938;20;9942;9;;;9930.5;0.0
yf_BGS_d1;23700;INTARIAN_PEPPER_ROOT;12551;9;12548;14;;;12567;18;12569;20;;;12559.0;0.0
yf_BGS_d1;23800;ASH_COATED_OSMIUM;9928;11;9924;17;;;9934;14;9937;21;;;9931.0;0.0
yf_BGS_d1;23800;INTARIAN_PEPPER_ROOT;12559;10;12557;27;;;12565;10;12567;24;;;12562.0;0.0
yf_BGS_d1;23900;ASH_COATED_OSMIUM;9928;14;9926;11;;;9934;16;9938;21;;;9931.0;0.0
yf_BGS_d1;23900;INTARIAN_PEPPER_ROOT;12562;19;12558;16;;;12568;28;12572;15;;;12565.0;0.0
yf_BGS_d1;24000;ASH_COATED_OSMIUM;9927;8;9924;30;;;9933;18;9937;25;;;9930.0;0.0
yf_BGS_d1;24000;INTARIAN_PEPPER_ROOT;12562;21;12559;31;;;12574;9;12578;21;;;12568.0;0.0
yf_BGS_d1;24100;ASH_COATED_OSMIUM;9926;14;9922;29;;;9935;26;9938;17;;;9930.5;0.0
yf_BGS_d1;24100;INTARIAN_PEPPER_ROOT;12569;21;12565;24;;;12575;23;12579;15;;;12572.0;0.0
yf_BGS_d1;24200;ASH_COATED_OSMIUM;9925;6;9922;21;;;9936;14;9939;15;;;9930.5;0.0
yf_BGS_d1;24200;INTARIAN_PEPPER_ROOT;12572;9;12568;17;;;12578;12;12581;25;;;12575.0;0.0
yf_BGS_d1;24300;ASH_COATED_OSMIUM;9923;14;9919;18;;;9939;7;9942;15;;;9931.0;0.0
yf_BGS_d1;24300;INTARIAN_PEPPER_ROOT;12575;17;12573;20;;;12581;14;12584;14;;;12578.0;0.0
yf_BGS_d1;24400;ASH_COATED_OSMIUM;9926;16;9923;18;;;9935;17;9937;8;;;9930.5;0.0
yf_BGS_d1;24400;INTARIAN_PEPPER_ROOT;12579;13;12575;24;;;12585;17;12589;27;;;12582.0;0.0
yf_BGS_d1;24500;ASH_COATED_OSMIUM;9927;21;9923;23;;;9933;13;9937;23;;;9930.0;0.0
yf_BGS_d1;24500;INTARIAN_PEPPER_ROOT;12583;23;12580;23;;;12589;18;12591;26;;;12586.0;0.0
yf_BGS_d1;24600;ASH_COATED_OSMIUM;9928;18;9924;16;;;9934;14;9937;33;;;9931.0;0.0
yf_BGS_d1;24600;INTARIAN_PEPPER_ROOT;12585;7;12583;18;;;12592;14;12594;21;;;12588.5;0.0
yf_BGS_d1;24700;ASH_COATED_OSMIUM;9925;10;9922;17;;;9935;14;9938;13;;;9930.0;0.0
yf_BGS_d1;24700;INTARIAN_PEPPER_ROOT;12581;16;12579;17;;;12604;20;12606;19;;;12592.5;0.0
yf_BGS_d1;24800;ASH_COATED_OSMIUM;9923;19;9919;25;;;9938;11;9942;18;;;9930.5;0.0
yf_BGS_d1;24800;INTARIAN_PEPPER_ROOT;12593;16;12589;17;;;12599;14;12602;21;;;12596.0;0.0
yf_BGS_d1;24900;ASH_COATED_OSMIUM;9928;13;9925;16;;;9934;12;9936;17;;;9931.0;0.0
yf_BGS_d1;24900;INTARIAN_PEPPER_ROOT;12596;23;12592;26;;;12602;18;12605;19;;;12599.0;0.0
yf_BGS_d1;25000;ASH_COATED_OSMIUM;9927;24;9924;21;;;9935;24;9937;21;;;9931.0;0.0
yf_BGS_d1;25000;INTARIAN_PEPPER_ROOT;12600;13;12598;17;;;12606;17;12608;22;;;12603.0;0.0
yf_BGS_d1;25100;ASH_COATED_OSMIUM;9925;23;9922;20;;;9937;10;9941;25;;;9931.0;0.0
yf_BGS_d1;25100;INTARIAN_PEPPER_ROOT;12604;9;12600;15;;;12610;20;12614;24;;;12607.0;0.0
yf_BGS_d1;25200;ASH_COATED_OSMIUM;9927;17;9924;13;;;9933;14;9936;18;;;9930.0;0.0
yf_BGS_d1;25200;INTARIAN_PEPPER_ROOT;12607;17;12603;22;;;12613;14;12615;25;;;12610.0;0.0
yf_BGS_d1;25300;ASH_COATED_OSMIUM;9927;19;9923;23;;;9933;9;9937;19;;;9930.0;0.0
yf_BGS_d1;25300;INTARIAN_PEPPER_ROOT;12610;6;12606;14;;;12616;13;12620;12;;;12613.0;0.0
yf_BGS_d1;25400;ASH_COATED_OSMIUM;9927;17;9924;22;;;9934;6;9936;10;;;9930.5;0.0
yf_BGS_d1;25400;INTARIAN_PEPPER_ROOT;12614;10;12611;22;;;12620;15;12622;15;;;12617.0;0.0
yf_BGS_d1;25500;ASH_COATED_OSMIUM;9927;9;9924;17;;;9933;10;9937;17;;;9930.0;0.0
yf_BGS_d1;25500;INTARIAN_PEPPER_ROOT;12617;18;12613;18;;;12624;10;12626;18;;;12620.5;0.0
yf_BGS_d1;25600;ASH_COATED_OSMIUM;9919;14;9917;21;;;9942;8;9946;23;;;9930.5;0.0
yf_BGS_d1;25600;INTARIAN_PEPPER_ROOT;12619;21;12617;11;;;12628;17;12630;24;;;12623.5;0.0
yf_BGS_d1;25700;ASH_COATED_OSMIUM;9927;19;9924;21;;;9933;21;9936;22;;;9930.0;0.0
yf_BGS_d1;25700;INTARIAN_PEPPER_ROOT;12624;5;12621;21;;;12630;17;12633;17;;;12627.0;0.0
yf_BGS_d1;25800;ASH_COATED_OSMIUM;9927;15;9925;11;;;9933;15;9936;25;;;9930.0;0.0
yf_BGS_d1;25800;INTARIAN_PEPPER_ROOT;12627;12;12623;20;;;12633;13;12635;24;;;12630.0;0.0
yf_BGS_d1;25900;ASH_COATED_OSMIUM;9927;9;9925;21;;;9933;12;9936;23;;;9930.0;0.0
yf_BGS_d1;25900;INTARIAN_PEPPER_ROOT;12631;20;12628;15;;;12637;9;12640;15;;;12634.0;0.0
yf_BGS_d1;26000;ASH_COATED_OSMIUM;9927;11;9925;17;;;9934;12;9937;21;;;9930.5;0.0
yf_BGS_d1;26000;INTARIAN_PEPPER_ROOT;12635;12;12631;24;;;12641;16;12643;30;;;12638.0;0.0
yf_BGS_d1;26100;ASH_COATED_OSMIUM;9927;19;9923;13;;;9933;21;9937;27;;;9930.0;0.0
yf_BGS_d1;26100;INTARIAN_PEPPER_ROOT;12638;14;12634;21;;;12644;7;12647;17;;;12641.0;0.0
yf_BGS_d1;26200;ASH_COATED_OSMIUM;9927;11;9923;22;;;9933;25;9935;17;;;9930.0;0.0
yf_BGS_d1;26200;INTARIAN_PEPPER_ROOT;12642;15;12639;18;;;12648;19;12651;20;;;12645.0;0.0
yf_BGS_d1;26300;ASH_COATED_OSMIUM;9927;16;9923;23;;;9934;7;9937;21;;;9930.5;0.0
yf_BGS_d1;26300;INTARIAN_PEPPER_ROOT;12645;18;12641;19;;;12651;11;12655;13;;;12648.0;0.0
yf_BGS_d1;26400;ASH_COATED_OSMIUM;9927;16;9923;14;;;9933;5;9936;29;;;9930.0;0.0
yf_BGS_d1;26400;INTARIAN_PEPPER_ROOT;12649;5;12645;11;;;12655;15;12658;24;;;12652.0;0.0
yf_BGS_d1;26500;ASH_COATED_OSMIUM;9927;15;9925;19;;;9933;16;9935;17;;;9930.0;0.0
yf_BGS_d1;26500;INTARIAN_PEPPER_ROOT;12645;17;12643;15;;;12666;12;12668;27;;;12655.5;0.0
yf_BGS_d1;26600;ASH_COATED_OSMIUM;9928;22;9924;20;;;9934;6;9938;16;;;9931.0;0.0
yf_BGS_d1;26600;INTARIAN_PEPPER_ROOT;12651;16;12647;17;;;12666;20;12668;22;;;12658.5;0.0
yf_BGS_d1;26700;ASH_COATED_OSMIUM;9927;13;9923;22;;;9933;14;9935;12;;;9930.0;0.0
yf_BGS_d1;26700;INTARIAN_PEPPER_ROOT;12659;16;12655;18;;;12665;11;12669;23;;;12662.0;0.0
yf_BGS_d1;26800;ASH_COATED_OSMIUM;9927;12;9924;21;;;9933;21;9935;23;;;9930.0;0.0
yf_BGS_d1;26800;INTARIAN_PEPPER_ROOT;12659;12;12657;20;;;12672;19;12675;19;;;12665.5;0.0
yf_BGS_d1;26900;ASH_COATED_OSMIUM;9923;15;9921;17;;;9938;11;9942;17;;;9930.5;0.0
yf_BGS_d1;26900;INTARIAN_PEPPER_ROOT;12666;17;12662;17;;;12672;18;12674;20;;;12669.0;0.0
yf_BGS_d1;27000;ASH_COATED_OSMIUM;9922;19;9920;25;;;9937;12;9939;15;;;9929.5;0.0
yf_BGS_d1;27000;INTARIAN_PEPPER_ROOT;12670;11;12666;25;;;12676;13;12680;22;;;12673.0;0.0
yf_BGS_d1;27100;ASH_COATED_OSMIUM;9927;17;9925;16;;;9933;14;9935;19;;;9930.0;0.0
yf_BGS_d1;27100;INTARIAN_PEPPER_ROOT;12673;14;12669;22;;;12679;16;12683;8;;;12676.0;0.0
yf_BGS_d1;27200;ASH_COATED_OSMIUM;9927;13;9924;23;;;9933;24;9937;18;;;9930.0;0.0
yf_BGS_d1;27200;INTARIAN_PEPPER_ROOT;12671;22;12667;23;;;12688;12;12692;25;;;12679.5;0.0
yf_BGS_d1;27300;ASH_COATED_OSMIUM;9925;20;9923;25;;;9934;14;9938;25;;;9929.5;0.0
yf_BGS_d1;27300;INTARIAN_PEPPER_ROOT;12679;5;12675;24;;;12686;16;12690;18;;;12682.5;0.0
yf_BGS_d1;27400;ASH_COATED_OSMIUM;9927;17;9923;14;;;9933;22;9936;10;;;9930.0;0.0
yf_BGS_d1;27400;INTARIAN_PEPPER_ROOT;12683;18;12680;16;;;12689;17;12691;9;;;12686.0;0.0
yf_BGS_d1;27500;ASH_COATED_OSMIUM;9919;5;9915;18;;;9941;17;9943;12;;;9930.0;0.0
yf_BGS_d1;27500;INTARIAN_PEPPER_ROOT;12687;17;12683;15;;;12693;20;12696;23;;;12690.0;0.0
yf_BGS_d1;27600;ASH_COATED_OSMIUM;9927;13;9924;20;;;9933;20;9935;25;;;9930.0;0.0
yf_BGS_d1;27600;INTARIAN_PEPPER_ROOT;12690;10;12686;22;;;12696;16;12698;11;;;12693.0;0.0
yf_BGS_d1;27700;ASH_COATED_OSMIUM;9926;14;9922;20;;;9932;11;9936;28;;;9929.0;0.0
yf_BGS_d1;27700;INTARIAN_PEPPER_ROOT;12694;21;12692;10;;;12700;18;12702;25;;;12697.0;0.0
yf_BGS_d1;27800;ASH_COATED_OSMIUM;9927;16;9925;13;;;9933;5;9937;13;;;9930.0;0.0
yf_BGS_d1;27800;INTARIAN_PEPPER_ROOT;12690;25;12686;19;;;12711;18;12715;24;;;12700.5;0.0
yf_BGS_d1;27900;ASH_COATED_OSMIUM;9926;19;9922;18;;;9932;5;9936;21;;;9929.0;0.0
yf_BGS_d1;27900;INTARIAN_PEPPER_ROOT;12700;11;12697;24;;;12706;13;12709;18;;;12703.0;0.0
yf_BGS_d1;28000;ASH_COATED_OSMIUM;9926;15;9922;16;;;9932;12;9934;25;;;9929.0;0.0
yf_BGS_d1;28000;INTARIAN_PEPPER_ROOT;12702;15;12699;21;;;12712;12;12716;28;;;12707.0;0.0
yf_BGS_d1;28100;ASH_COATED_OSMIUM;9927;10;9924;30;;;9933;7;9936;20;;;9930.0;0.0
yf_BGS_d1;28100;INTARIAN_PEPPER_ROOT;12706;21;12704;23;;;12715;12;12718;10;;;12710.5;0.0
yf_BGS_d1;28200;ASH_COATED_OSMIUM;9926;11;9924;20;;;9932;15;9936;24;;;9929.0;0.0
yf_BGS_d1;28200;INTARIAN_PEPPER_ROOT;12712;13;12710;19;;;12718;12;12722;15;;;12715.0;0.0
yf_BGS_d1;28300;ASH_COATED_OSMIUM;9926;23;9922;28;;;9932;12;9935;13;;;9929.0;0.0
yf_BGS_d1;28300;INTARIAN_PEPPER_ROOT;12712;13;12709;16;;;12723;10;12725;17;;;12717.5;0.0
yf_BGS_d1;28400;ASH_COATED_OSMIUM;9923;16;9919;20;;;9937;12;9941;11;;;9930.0;0.0
yf_BGS_d1;28400;INTARIAN_PEPPER_ROOT;12718;23;12714;18;;;12724;13;12726;23;;;12721.0;0.0
yf_BGS_d1;28500;ASH_COATED_OSMIUM;9916;17;9913;22;;;9943;16;9947;26;;;9929.5;0.0
yf_BGS_d1;28500;INTARIAN_PEPPER_ROOT;12722;7;12718;13;;;12728;13;12731;23;;;12725.0;0.0
yf_BGS_d1;28600;ASH_COATED_OSMIUM;9923;17;9921;21;;;9936;8;9938;20;;;9929.5;0.0
yf_BGS_d1;28600;INTARIAN_PEPPER_ROOT;12724;20;12720;16;;;12734;17;12738;24;;;12729.0;0.0
yf_BGS_d1;28700;ASH_COATED_OSMIUM;9926;18;9922;14;;;9934;10;9936;25;;;9930.0;0.0
yf_BGS_d1;28700;INTARIAN_PEPPER_ROOT;12729;16;12726;12;;;12735;19;12737;21;;;12732.0;0.0
yf_BGS_d1;28800;ASH_COATED_OSMIUM;9926;6;9924;15;;;9932;14;9935;20;;;9929.0;0.0
yf_BGS_d1;28800;INTARIAN_PEPPER_ROOT;12733;14;12730;21;;;12739;8;12742;22;;;12736.0;0.0
yf_BGS_d1;28900;ASH_COATED_OSMIUM;9927;7;9925;20;;;9933;23;9935;17;;;9930.0;0.0
yf_BGS_d1;28900;INTARIAN_PEPPER_ROOT;12725;11;12722;21;;;12753;19;12757;16;;;12739.0;0.0
yf_BGS_d1;29000;ASH_COATED_OSMIUM;9916;5;9912;11;;;9943;10;9945;26;;;9929.5;0.0
yf_BGS_d1;29000;INTARIAN_PEPPER_ROOT;12737;18;12735;11;;;12747;14;12751;15;;;12742.0;0.0
yf_BGS_d1;29100;ASH_COATED_OSMIUM;9913;18;9911;15;;;9946;15;9950;20;;;9929.5;0.0
yf_BGS_d1;29100;INTARIAN_PEPPER_ROOT;12742;17;12738;24;;;12748;16;12751;26;;;12745.0;0.0
yf_BGS_d1;29200;ASH_COATED_OSMIUM;9926;18;9923;23;;;9932;8;9936;19;;;9929.0;0.0
yf_BGS_d1;29200;INTARIAN_PEPPER_ROOT;12746;11;12743;29;;;12752;20;12754;20;;;12749.0;0.0
yf_BGS_d1;29300;ASH_COATED_OSMIUM;9925;17;9921;26;;;9935;19;9938;12;;;9930.0;0.0
yf_BGS_d1;29300;INTARIAN_PEPPER_ROOT;12750;18;12748;10;;;12756;21;12758;20;;;12753.0;0.0
yf_BGS_d1;29400;ASH_COATED_OSMIUM;9926;22;9924;16;;;9932;12;9934;20;;;9929.0;0.0
yf_BGS_d1;29400;INTARIAN_PEPPER_ROOT;12751;18;12748;16;;;12762;12;12764;31;;;12756.5;0.0
yf_BGS_d1;29500;ASH_COATED_OSMIUM;9926;12;9922;13;;;9932;7;9935;13;;;9929.0;0.0
yf_BGS_d1;29500;INTARIAN_PEPPER_ROOT;12756;15;12754;17;;;12762;5;12764;18;;;12759.0;0.0
yf_BGS_d1;29600;ASH_COATED_OSMIUM;9927;11;9924;18;;;9933;12;9936;11;;;9930.0;0.0
yf_BGS_d1;29600;INTARIAN_PEPPER_ROOT;12760;10;12756;18;;;12766;12;12768;13;;;12763.0;0.0
yf_BGS_d1;29700;ASH_COATED_OSMIUM;9926;12;9922;14;;;9932;13;9934;21;;;9929.0;0.0
yf_BGS_d1;29700;INTARIAN_PEPPER_ROOT;12763;13;12760;24;;;12769;18;12773;19;;;12766.0;0.0
yf_BGS_d1;29800;ASH_COATED_OSMIUM;9920;25;9917;13;;;9939;5;9943;29;;;9929.5;0.0
yf_BGS_d1;29800;INTARIAN_PEPPER_ROOT;12768;10;12764;19;;;12774;16;12777;24;;;12771.0;0.0
yf_BGS_d1;29900;ASH_COATED_OSMIUM;9926;17;9924;14;;;9932;11;9934;19;;;9929.0;0.0
yf_BGS_d1;29900;INTARIAN_PEPPER_ROOT;12770;11;12768;16;;;12778;16;12781;15;;;12774.0;0.0
yf_BGS_d1;30000;ASH_COATED_OSMIUM;9926;15;9924;20;;;9932;10;9935;23;;;9929.0;0.0
yf_BGS_d1;30000;INTARIAN_PEPPER_ROOT;12767;6;12763;27;;;12787;21;12791;11;;;12777.0;0.0
yf_BGS_d1;30100;ASH_COATED_OSMIUM;9926;7;9923;27;;;9932;17;9935;21;;;9929.0;0.0
yf_BGS_d1;30100;INTARIAN_PEPPER_ROOT;12777;13;12775;25;;;12783;15;12786;21;;;12780.0;0.0
yf_BGS_d1;30200;ASH_COATED_OSMIUM;9925;14;9923;14;;;9933;11;9935;15;;;9929.0;0.0
yf_BGS_d1;30200;INTARIAN_PEPPER_ROOT;12781;9;12779;18;;;12787;13;12789;22;;;12784.0;0.0
yf_BGS_d1;30300;ASH_COATED_OSMIUM;9921;17;9919;17;;;9937;12;9941;11;;;9929.0;0.0
yf_BGS_d1;30300;INTARIAN_PEPPER_ROOT;12782;11;12778;21;;;12794;17;12798;21;;;12788.0;0.0
yf_BGS_d1;30400;ASH_COATED_OSMIUM;9926;21;9924;19;;;9932;24;9935;18;;;9929.0;0.0
yf_BGS_d1;30400;INTARIAN_PEPPER_ROOT;12788;16;12784;26;;;12794;20;12796;19;;;12791.0;0.0
yf_BGS_d1;30500;ASH_COATED_OSMIUM;9926;20;9924;12;;;9933;23;9936;27;;;9929.5;0.0
yf_BGS_d1;30500;INTARIAN_PEPPER_ROOT;12792;14;12788;24;;;12798;17;12801;15;;;12795.0;0.0
yf_BGS_d1;30600;ASH_COATED_OSMIUM;9926;13;9924;13;;;9932;22;9936;19;;;9929.0;0.0
yf_BGS_d1;30600;INTARIAN_PEPPER_ROOT;12788;11;12785;21;;;12807;13;12811;16;;;12797.5;0.0
yf_BGS_d1;30700;ASH_COATED_OSMIUM;9926;5;9924;21;;;9932;12;9935;10;;;9929.0;0.0
yf_BGS_d1;30700;INTARIAN_PEPPER_ROOT;12795;17;12791;17;;;12809;22;12812;9;;;12802.0;0.0
yf_BGS_d1;30800;ASH_COATED_OSMIUM;9924;14;9922;20;;;9935;13;9937;9;;;9929.5;0.0
yf_BGS_d1;30800;INTARIAN_PEPPER_ROOT;12802;19;12799;20;;;12808;8;12811;25;;;12805.0;0.0
yf_BGS_d1;30900;ASH_COATED_OSMIUM;9925;18;9922;24;;;9933;18;9935;28;;;9929.0;0.0
yf_BGS_d1;30900;INTARIAN_PEPPER_ROOT;12806;13;12802;13;;;12812;18;12814;13;;;12809.0;0.0
yf_BGS_d1;31000;ASH_COATED_OSMIUM;9925;6;9922;27;;;9933;21;9936;22;;;9929.0;0.0
yf_BGS_d1;31000;INTARIAN_PEPPER_ROOT;12809;17;12805;17;;;12815;15;12819;25;;;12812.0;0.0
yf_BGS_d1;31100;ASH_COATED_OSMIUM;9926;18;9923;19;;;9932;10;9936;16;;;9929.0;0.0
yf_BGS_d1;31100;INTARIAN_PEPPER_ROOT;12812;17;12808;19;;;12818;20;12820;22;;;12815.0;0.0
yf_BGS_d1;31200;ASH_COATED_OSMIUM;9926;26;9923;9;;;9932;14;9936;15;;;9929.0;0.0
yf_BGS_d1;31200;INTARIAN_PEPPER_ROOT;12806;9;12802;17;;;12831;12;12835;19;;;12818.5;0.0
yf_BGS_d1;31300;ASH_COATED_OSMIUM;9911;13;9908;20;;;9945;10;9949;20;;;9928.0;0.0
yf_BGS_d1;31300;INTARIAN_PEPPER_ROOT;12819;24;12815;21;;;12826;13;12830;19;;;12822.5;0.0
yf_BGS_d1;31400;ASH_COATED_OSMIUM;9926;15;9922;17;;;9932;14;9936;17;;;9929.0;0.0
yf_BGS_d1;31400;INTARIAN_PEPPER_ROOT;12822;15;12818;25;;;12830;17;12832;14;;;12826.0;0.0
yf_BGS_d1;31500;ASH_COATED_OSMIUM;9922;5;9918;18;;;9936;10;9940;23;;;9929.0;0.0
yf_BGS_d1;31500;INTARIAN_PEPPER_ROOT;12826;14;12822;24;;;12832;15;12836;22;;;12829.0;0.0
yf_BGS_d1;31600;ASH_COATED_OSMIUM;9925;16;9922;22;;;9932;19;9936;17;;;9928.5;0.0
yf_BGS_d1;31600;INTARIAN_PEPPER_ROOT;12830;9;12828;16;;;12836;14;12840;23;;;12833.0;0.0
yf_BGS_d1;31700;ASH_COATED_OSMIUM;9926;11;9922;18;;;9932;8;9935;17;;;9929.0;0.0
yf_BGS_d1;31700;INTARIAN_PEPPER_ROOT;12833;14;12831;25;;;12839;25;12842;18;;;12836.0;0.0
yf_BGS_d1;31800;ASH_COATED_OSMIUM;9921;21;9917;21;;;9937;16;9939;19;;;9929.0;0.0
yf_BGS_d1;31800;INTARIAN_PEPPER_ROOT;12836;8;12834;18;;;12843;22;12846;9;;;12839.5;0.0
yf_BGS_d1;31900;ASH_COATED_OSMIUM;9925;11;9923;20;;;9932;27;9935;19;;;9928.5;0.0
yf_BGS_d1;31900;INTARIAN_PEPPER_ROOT;12840;14;12837;15;;;12846;9;12848;20;;;12843.0;0.0
yf_BGS_d1;32000;ASH_COATED_OSMIUM;9925;17;9923;20;;;9933;11;9936;26;;;9929.0;0.0
yf_BGS_d1;32000;INTARIAN_PEPPER_ROOT;12844;15;12841;20;;;12850;13;12853;28;;;12847.0;0.0
yf_BGS_d1;32100;ASH_COATED_OSMIUM;9926;11;9924;22;;;9932;23;9935;19;;;9929.0;0.0
yf_BGS_d1;32100;INTARIAN_PEPPER_ROOT;12847;23;12844;30;;;12853;16;12855;15;;;12850.0;0.0
yf_BGS_d1;32200;ASH_COATED_OSMIUM;9924;5;9920;25;;;9935;16;9939;17;;;9929.5;0.0
yf_BGS_d1;32200;INTARIAN_PEPPER_ROOT;12851;5;12849;8;;;12857;19;12859;15;;;12854.0;0.0
yf_BGS_d1;32300;ASH_COATED_OSMIUM;9916;16;9913;28;;;9942;8;9945;13;;;9929.0;0.0
yf_BGS_d1;32300;INTARIAN_PEPPER_ROOT;12854;10;12850;15;;;12860;13;12862;12;;;12857.0;0.0
yf_BGS_d1;32400;ASH_COATED_OSMIUM;9919;20;9915;24;;;9939;10;9942;18;;;9929.0;0.0
yf_BGS_d1;32400;INTARIAN_PEPPER_ROOT;12855;19;12851;27;;;12867;17;12869;30;;;12861.0;0.0
yf_BGS_d1;32500;ASH_COATED_OSMIUM;9925;15;9923;11;;;9932;12;9934;8;;;9928.5;0.0
yf_BGS_d1;32500;INTARIAN_PEPPER_ROOT;12861;16;12858;25;;;12867;7;12869;22;;;12864.0;0.0
yf_BGS_d1;32600;ASH_COATED_OSMIUM;9925;19;9922;25;;;9933;8;9936;15;;;9929.0;0.0
yf_BGS_d1;32600;INTARIAN_PEPPER_ROOT;12865;18;12861;22;;;12871;8;12875;13;;;12868.0;0.0
yf_BGS_d1;32700;ASH_COATED_OSMIUM;9925;22;9923;25;;;9931;15;9935;19;;;9928.0;0.0
yf_BGS_d1;32700;INTARIAN_PEPPER_ROOT;12865;19;12863;15;;;12877;10;12879;17;;;12871.0;0.0
yf_BGS_d1;32800;ASH_COATED_OSMIUM;9925;18;9922;11;;;9931;22;9935;20;;;9928.0;0.0
yf_BGS_d1;32800;INTARIAN_PEPPER_ROOT;12872;23;12870;20;;;12878;30;12881;19;;;12875.0;0.0
yf_BGS_d1;32900;ASH_COATED_OSMIUM;9925;12;9923;9;;;9931;14;9935;27;;;9928.0;0.0
yf_BGS_d1;32900;INTARIAN_PEPPER_ROOT;12871;20;12868;21;;;12885;11;12889;20;;;12878.0;0.0
yf_BGS_d1;33000;ASH_COATED_OSMIUM;9922;15;9920;26;;;9935;16;9937;18;;;9928.5;0.0
yf_BGS_d1;33000;INTARIAN_PEPPER_ROOT;12879;14;12876;32;;;12885;16;12889;12;;;12882.0;0.0
yf_BGS_d1;33100;ASH_COATED_OSMIUM;9924;13;9921;26;;;9934;14;9938;10;;;9929.0;0.0
yf_BGS_d1;33100;INTARIAN_PEPPER_ROOT;12865;14;12863;22;;;12906;13;12908;22;;;12885.5;0.0
yf_BGS_d1;33200;ASH_COATED_OSMIUM;9925;13;9921;27;;;9932;22;9934;24;;;9928.5;0.0
yf_BGS_d1;33200;INTARIAN_PEPPER_ROOT;12885;14;12882;22;;;12891;13;12893;19;;;12888.0;0.0
yf_BGS_d1;33300;ASH_COATED_OSMIUM;9925;13;9921;18;;;9931;17;9933;13;;;9928.0;0.0
yf_BGS_d1;33300;INTARIAN_PEPPER_ROOT;12888;12;12885;15;;;12896;13;12898;34;;;12892.0;0.0
yf_BGS_d1;33400;ASH_COATED_OSMIUM;9925;14;9922;29;;;9931;15;9933;23;;;9928.0;0.0
yf_BGS_d1;33400;INTARIAN_PEPPER_ROOT;12890;10;12888;14;;;12900;21;12903;20;;;12895.0;0.0
yf_BGS_d1;33500;ASH_COATED_OSMIUM;9920;11;9917;17;;;9936;14;9938;25;;;9928.0;0.0
yf_BGS_d1;33500;INTARIAN_PEPPER_ROOT;12897;13;12895;14;;;12903;5;12906;15;;;12900.0;0.0
yf_BGS_d1;33600;ASH_COATED_OSMIUM;9914;17;9911;17;;;9942;17;9945;21;;;9928.0;0.0
yf_BGS_d1;33600;INTARIAN_PEPPER_ROOT;12897;9;12894;24;;;12907;16;12910;23;;;12902.0;0.0
yf_BGS_d1;33700;ASH_COATED_OSMIUM;9925;12;9923;25;;;9931;8;9933;22;;;9928.0;0.0
yf_BGS_d1;33700;INTARIAN_PEPPER_ROOT;12903;10;12900;18;;;12909;12;12913;17;;;12906.0;0.0
yf_BGS_d1;33800;ASH_COATED_OSMIUM;9926;20;9924;19;;;9932;19;9935;23;;;9929.0;0.0
yf_BGS_d1;33800;INTARIAN_PEPPER_ROOT;12902;27;12898;23;;;12918;20;12920;16;;;12910.0;0.0
yf_BGS_d1;33900;ASH_COATED_OSMIUM;9926;15;9922;19;;;9932;14;9935;24;;;9929.0;0.0
yf_BGS_d1;33900;INTARIAN_PEPPER_ROOT;12910;13;12906;22;;;12916;13;12918;22;;;12913.0;0.0
yf_BGS_d1;34000;ASH_COATED_OSMIUM;9925;19;9922;18;;;9931;13;9934;16;;;9928.0;0.0
yf_BGS_d1;34000;INTARIAN_PEPPER_ROOT;12899;19;12895;15;;;12928;11;12932;25;;;12913.5;0.0
yf_BGS_d1;34100;ASH_COATED_OSMIUM;9925;21;9922;21;;;9931;14;9934;16;;;9928.0;0.0
yf_BGS_d1;34100;INTARIAN_PEPPER_ROOT;12911;21;12907;23;;;12917;19;12920;17;;;12914.0;0.0
yf_BGS_d1;34200;ASH_COATED_OSMIUM;9926;16;9924;21;;;9932;12;9934;23;;;9929.0;0.0
yf_BGS_d1;34200;INTARIAN_PEPPER_ROOT;12906;23;12904;8;;;12923;10;12926;12;;;12914.5;0.0
yf_BGS_d1;34300;ASH_COATED_OSMIUM;9919;16;9916;16;;;9938;14;9942;19;;;9928.5;0.0
yf_BGS_d1;34300;INTARIAN_PEPPER_ROOT;12912;7;12910;24;;;12918;13;12921;18;;;12915.0;0.0
yf_BGS_d1;34400;ASH_COATED_OSMIUM;9926;17;9924;17;;;9932;20;9934;12;;;9929.0;0.0
yf_BGS_d1;34400;INTARIAN_PEPPER_ROOT;12912;17;12909;16;;;12919;12;12922;18;;;12915.5;0.0
yf_BGS_d1;34500;ASH_COATED_OSMIUM;9926;13;9924;9;;;9932;13;9935;25;;;9929.0;0.0
yf_BGS_d1;34500;INTARIAN_PEPPER_ROOT;12913;12;12911;23;;;12919;11;12922;19;;;12916.0;0.0
yf_BGS_d1;34600;ASH_COATED_OSMIUM;9917;12;9915;18;;;9940;18;9944;15;;;9928.5;0.0
yf_BGS_d1;34600;INTARIAN_PEPPER_ROOT;12913;18;12910;21;;;12919;14;12923;13;;;12916.0;0.0
yf_BGS_d1;34700;ASH_COATED_OSMIUM;9920;13;9916;8;;;9938;11;9942;14;;;9929.0;0.0
yf_BGS_d1;34700;INTARIAN_PEPPER_ROOT;12912;18;12910;22;;;12922;10;12924;21;;;12917.0;0.0
yf_BGS_d1;34800;ASH_COATED_OSMIUM;9913;16;9910;14;;;9944;17;9948;26;;;9928.5;0.0
yf_BGS_d1;34800;INTARIAN_PEPPER_ROOT;12909;13;12907;11;;;12926;9;12929;21;;;12917.5;0.0
yf_BGS_d1;34900;ASH_COATED_OSMIUM;9926;15;9924;14;;;9932;9;9936;20;;;9929.0;0.0
yf_BGS_d1;34900;INTARIAN_PEPPER_ROOT;12915;11;12913;14;;;12921;24;12925;19;;;12918.0;0.0
yf_BGS_d1;35000;ASH_COATED_OSMIUM;9925;24;9922;15;;;9933;13;9937;28;;;9929.0;0.0
yf_BGS_d1;35000;INTARIAN_PEPPER_ROOT;12915;8;12911;26;;;12923;13;12925;26;;;12919.0;0.0
yf_BGS_d1;35100;ASH_COATED_OSMIUM;9926;8;9924;11;;;9932;15;9934;17;;;9929.0;0.0
yf_BGS_d1;35100;INTARIAN_PEPPER_ROOT;12916;16;12912;20;;;12922;10;12925;24;;;12919.0;0.0
yf_BGS_d1;35200;ASH_COATED_OSMIUM;9926;8;9923;23;;;9932;22;9935;15;;;9929.0;0.0
yf_BGS_d1;35200;INTARIAN_PEPPER_ROOT;12916;12;12913;20;;;12922;10;12925;21;;;12919.0;0.0
yf_BGS_d1;35300;ASH_COATED_OSMIUM;9926;12;9923;25;;;9932;11;9936;13;;;9929.0;0.0
yf_BGS_d1;35300;INTARIAN_PEPPER_ROOT;12916;14;12913;24;;;12922;10;12924;25;;;12919.0;0.0
yf_BGS_d1;35400;ASH_COATED_OSMIUM;9926;10;9923;21;;;9932;16;9935;27;;;9929.0;0.0
yf_BGS_d1;35400;INTARIAN_PEPPER_ROOT;12918;16;12914;16;;;12924;11;12927;16;;;12921.0;0.0
yf_BGS_d1;35500;ASH_COATED_OSMIUM;9926;12;9924;15;;;9932;10;9934;22;;;9929.0;0.0
yf_BGS_d1;35500;INTARIAN_PEPPER_ROOT;12918;20;12915;17;;;12924;17;12926;28;;;12921.0;0.0
yf_BGS_d1;35600;ASH_COATED_OSMIUM;9926;11;9923;13;;;9932;23;9934;14;;;9929.0;0.0
yf_BGS_d1;35600;INTARIAN_PEPPER_ROOT;12918;7;12914;24;;;12924;15;12926;13;;;12921.0;0.0
yf_BGS_d1;35700;ASH_COATED_OSMIUM;9926;22;9922;19;;;9932;16;9935;20;;;9929.0;0.0
yf_BGS_d1;35700;INTARIAN_PEPPER_ROOT;12912;16;12908;21;;;12932;17;12935;8;;;12922.0;0.0
yf_BGS_d1;35800;ASH_COATED_OSMIUM;9926;15;9923;16;;;9933;12;9937;26;;;9929.5;0.0
yf_BGS_d1;35800;INTARIAN_PEPPER_ROOT;12919;22;12916;26;;;12925;13;12927;23;;;12922.0;0.0
yf_BGS_d1;35900;ASH_COATED_OSMIUM;9926;19;9922;29;;;9932;20;9936;23;;;9929.0;0.0
yf_BGS_d1;35900;INTARIAN_PEPPER_ROOT;12914;17;12911;8;;;12930;12;12933;17;;;12922.0;0.0
yf_BGS_d1;36000;ASH_COATED_OSMIUM;9925;9;9922;20;;;9934;23;9937;20;;;9929.5;0.0
yf_BGS_d1;36000;INTARIAN_PEPPER_ROOT;12921;10;12917;14;;;12927;18;12930;19;;;12924.0;0.0
yf_BGS_d1;36100;ASH_COATED_OSMIUM;9926;12;9924;20;;;9932;10;9936;32;;;9929.0;0.0
yf_BGS_d1;36100;INTARIAN_PEPPER_ROOT;12917;15;12915;18;;;12932;14;12934;29;;;12924.5;0.0
yf_BGS_d1;36200;ASH_COATED_OSMIUM;9926;10;9922;11;;;9932;11;9935;24;;;9929.0;0.0
yf_BGS_d1;36200;INTARIAN_PEPPER_ROOT;12921;10;12917;19;;;12927;13;12929;21;;;12924.0;0.0
yf_BGS_d1;36300;ASH_COATED_OSMIUM;9927;20;9925;26;;;9933;16;9936;14;;;9930.0;0.0
yf_BGS_d1;36300;INTARIAN_PEPPER_ROOT;12919;10;12916;17;;;12930;15;12933;34;;;12924.5;0.0
yf_BGS_d1;36400;ASH_COATED_OSMIUM;9921;19;9917;15;;;9938;16;9940;16;;;9929.5;0.0
yf_BGS_d1;36400;INTARIAN_PEPPER_ROOT;12923;10;12919;12;;;12929;11;12932;22;;;12926.0;0.0
yf_BGS_d1;36500;ASH_COATED_OSMIUM;9926;17;9922;20;;;9932;16;9935;14;;;9929.0;0.0
yf_BGS_d1;36500;INTARIAN_PEPPER_ROOT;12914;16;12911;23;;;12939;11;12943;19;;;12926.5;0.0
yf_BGS_d1;36600;ASH_COATED_OSMIUM;9926;13;9923;15;;;9932;11;9936;15;;;9929.0;0.0
yf_BGS_d1;36600;INTARIAN_PEPPER_ROOT;12918;16;12916;28;;;12935;7;12939;24;;;12926.5;0.0
yf_BGS_d1;36700;ASH_COATED_OSMIUM;9924;12;9920;18;;;9934;15;9936;24;;;9929.0;0.0
yf_BGS_d1;36700;INTARIAN_PEPPER_ROOT;12924;14;12920;24;;;12930;15;12933;12;;;12927.0;0.0
yf_BGS_d1;36800;ASH_COATED_OSMIUM;9926;17;9922;21;;;9932;10;9935;19;;;9929.0;0.0
yf_BGS_d1;36800;INTARIAN_PEPPER_ROOT;12924;15;12921;18;;;12930;5;12934;21;;;12927.0;0.0
yf_BGS_d1;36900;ASH_COATED_OSMIUM;9926;22;9922;25;;;9932;27;9936;12;;;9929.0;0.0
yf_BGS_d1;36900;INTARIAN_PEPPER_ROOT;12925;19;12923;17;;;12931;8;12935;22;;;12928.0;0.0
yf_BGS_d1;37000;ASH_COATED_OSMIUM;9922;12;9918;16;;;9938;16;9941;21;;;9930.0;0.0
yf_BGS_d1;37000;INTARIAN_PEPPER_ROOT;12926;12;12922;20;;;12932;15;12936;17;;;12929.0;0.0
yf_BGS_d1;37100;ASH_COATED_OSMIUM;9926;15;9923;17;;;9933;9;9936;25;;;9929.5;0.0
yf_BGS_d1;37100;INTARIAN_PEPPER_ROOT;12927;19;12925;24;;;12933;20;12936;18;;;12930.0;0.0
yf_BGS_d1;37200;ASH_COATED_OSMIUM;9926;19;9924;23;;;9934;11;9938;23;;;9930.0;0.0
yf_BGS_d1;37200;INTARIAN_PEPPER_ROOT;12924;7;12922;31;;;12936;17;12940;26;;;12930.0;0.0
yf_BGS_d1;37300;ASH_COATED_OSMIUM;9927;8;9923;13;;;9933;14;9936;18;;;9930.0;0.0
yf_BGS_d1;37300;INTARIAN_PEPPER_ROOT;12927;14;12925;9;;;12933;15;12936;20;;;12930.0;0.0
yf_BGS_d1;37400;ASH_COATED_OSMIUM;9927;12;9925;20;;;9933;10;9935;16;;;9930.0;0.0
yf_BGS_d1;37400;INTARIAN_PEPPER_ROOT;12928;7;12925;23;;;12934;10;12937;19;;;12931.0;0.0
yf_BGS_d1;37500;ASH_COATED_OSMIUM;9927;16;9925;21;;;9933;13;9937;20;;;9930.0;0.0
yf_BGS_d1;37500;INTARIAN_PEPPER_ROOT;12928;5;12925;22;;;12934;17;12937;25;;;12931.0;0.0
yf_BGS_d1;37600;ASH_COATED_OSMIUM;9924;11;9921;18;;;9934;12;9937;20;;;9929.0;0.0
yf_BGS_d1;37600;INTARIAN_PEPPER_ROOT;12928;18;12926;18;;;12935;16;12938;22;;;12931.5;0.0
yf_BGS_d1;37700;ASH_COATED_OSMIUM;9927;27;9924;19;;;9933;15;9936;20;;;9930.0;0.0
yf_BGS_d1;37700;INTARIAN_PEPPER_ROOT;12928;18;12925;12;;;12938;13;12942;14;;;12933.0;0.0
yf_BGS_d1;37800;ASH_COATED_OSMIUM;9927;16;9925;17;;;9933;19;9937;21;;;9930.0;0.0
yf_BGS_d1;37800;INTARIAN_PEPPER_ROOT;12930;14;12926;20;;;12936;13;12939;17;;;12933.0;0.0
yf_BGS_d1;37900;ASH_COATED_OSMIUM;9926;11;9924;15;;;9934;19;9938;8;;;9930.0;0.0
yf_BGS_d1;37900;INTARIAN_PEPPER_ROOT;12928;20;12926;26;;;12939;13;12941;15;;;12933.5;0.0
yf_BGS_d1;38000;ASH_COATED_OSMIUM;9926;11;9923;26;;;9933;13;9937;16;;;9929.5;0.0
yf_BGS_d1;38000;INTARIAN_PEPPER_ROOT;12932;20;12928;13;;;12938;19;12942;15;;;12935.0;0.0
yf_BGS_d1;38100;ASH_COATED_OSMIUM;9923;18;9919;13;;;9937;11;9940;15;;;9930.0;0.0
yf_BGS_d1;38100;INTARIAN_PEPPER_ROOT;12928;22;12926;24;;;12942;18;12945;23;;;12935.0;0.0
yf_BGS_d1;38200;ASH_COATED_OSMIUM;9926;17;9924;19;;;9933;16;9936;14;;;9929.5;0.0
yf_BGS_d1;38200;INTARIAN_PEPPER_ROOT;12926;12;12922;17;;;12944;16;12948;15;;;12935.0;0.0
yf_BGS_d1;38300;ASH_COATED_OSMIUM;9927;5;9923;26;;;9933;10;9937;15;;;9930.0;0.0
yf_BGS_d1;38300;INTARIAN_PEPPER_ROOT;12932;9;12929;20;;;12938;13;12940;20;;;12935.0;0.0
yf_BGS_d1;38400;ASH_COATED_OSMIUM;9926;10;9922;20;;;9934;11;9937;27;;;9930.0;0.0
yf_BGS_d1;38400;INTARIAN_PEPPER_ROOT;12933;9;12931;10;;;12939;13;12943;26;;;12936.0;0.0
yf_BGS_d1;38500;ASH_COATED_OSMIUM;9923;15;9921;24;;;9938;18;9941;11;;;9930.5;0.0
yf_BGS_d1;38500;INTARIAN_PEPPER_ROOT;12925;15;12921;11;;;12947;14;12950;21;;;12936.0;0.0
yf_BGS_d1;38600;ASH_COATED_OSMIUM;9927;20;9923;30;;;9933;7;9936;23;;;9930.0;0.0
yf_BGS_d1;38600;INTARIAN_PEPPER_ROOT;12932;18;12928;31;;;12942;28;12945;16;;;12937.0;0.0
yf_BGS_d1;38700;ASH_COATED_OSMIUM;9927;10;9924;17;;;9934;18;9937;18;;;9930.5;0.0
yf_BGS_d1;38700;INTARIAN_PEPPER_ROOT;12930;15;12928;27;;;12945;7;12948;27;;;12937.5;0.0
yf_BGS_d1;38800;ASH_COATED_OSMIUM;9913;12;9910;19;;;9947;22;9951;20;;;9930.0;0.0
yf_BGS_d1;38800;INTARIAN_PEPPER_ROOT;12935;16;12932;19;;;12941;14;12943;17;;;12938.0;0.0
yf_BGS_d1;38900;ASH_COATED_OSMIUM;9926;16;9924;23;;;9932;16;9935;11;;;9929.0;0.0
yf_BGS_d1;38900;INTARIAN_PEPPER_ROOT;12936;14;12933;15;;;12942;10;12946;22;;;12939.0;0.0
yf_BGS_d1;39000;ASH_COATED_OSMIUM;9926;18;9923;13;;;9935;5;9939;20;;;9930.5;0.0
yf_BGS_d1;39000;INTARIAN_PEPPER_ROOT;12934;11;12931;21;;;12944;9;12946;14;;;12939.0;0.0
yf_BGS_d1;39100;ASH_COATED_OSMIUM;9928;23;9924;29;;;9934;19;9937;13;;;9931.0;0.0
yf_BGS_d1;39100;INTARIAN_PEPPER_ROOT;12936;11;12933;19;;;12943;15;12947;12;;;12939.5;0.0
yf_BGS_d1;39200;ASH_COATED_OSMIUM;9928;20;9926;18;;;9934;17;9936;24;;;9931.0;0.0
yf_BGS_d1;39200;INTARIAN_PEPPER_ROOT;12937;17;12934;14;;;12943;22;12947;19;;;12940.0;0.0
yf_BGS_d1;39300;ASH_COATED_OSMIUM;9927;5;9925;28;;;9934;17;9938;23;;;9930.5;0.0
yf_BGS_d1;39300;INTARIAN_PEPPER_ROOT;12937;13;12933;23;;;12943;14;12947;19;;;12940.0;0.0
yf_BGS_d1;39400;ASH_COATED_OSMIUM;9928;6;9926;19;;;9934;19;9938;23;;;9931.0;0.0
yf_BGS_d1;39400;INTARIAN_PEPPER_ROOT;12937;9;12934;23;;;12943;5;12945;21;;;12940.0;0.0
yf_BGS_d1;39500;ASH_COATED_OSMIUM;9928;5;9926;13;;;9934;17;9937;16;;;9931.0;0.0
yf_BGS_d1;39500;INTARIAN_PEPPER_ROOT;12939;13;12935;21;;;12945;18;12949;15;;;12942.0;0.0
yf_BGS_d1;39600;ASH_COATED_OSMIUM;9928;18;9924;22;;;9934;18;9936;12;;;9931.0;0.0
yf_BGS_d1;39600;INTARIAN_PEPPER_ROOT;12939;10;12937;23;;;12945;12;12949;22;;;12942.0;0.0
yf_BGS_d1;39700;ASH_COATED_OSMIUM;9921;17;9919;15;;;9940;19;9942;17;;;9930.5;0.0
yf_BGS_d1;39700;INTARIAN_PEPPER_ROOT;12940;20;12936;24;;;12946;14;12948;27;;;12943.0;0.0
yf_BGS_d1;39800;ASH_COATED_OSMIUM;9927;13;9924;18;;;9933;18;9936;25;;;9930.0;0.0
yf_BGS_d1;39800;INTARIAN_PEPPER_ROOT;12940;17;12936;20;;;12946;5;12948;24;;;12943.0;0.0
yf_BGS_d1;39900;ASH_COATED_OSMIUM;9928;11;9925;23;;;9934;5;9938;25;;;9931.0;0.0
yf_BGS_d1;39900;INTARIAN_PEPPER_ROOT;12939;18;12937;25;;;12948;15;12950;17;;;12943.5;0.0
yf_BGS_d1;40000;ASH_COATED_OSMIUM;9928;9;9924;14;;;9934;17;9938;15;;;9931.0;0.0
yf_BGS_d1;40000;INTARIAN_PEPPER_ROOT;12936;17;12933;17;;;12950;10;12954;25;;;12943.0;0.0
yf_BGS_d1;40100;ASH_COATED_OSMIUM;9928;27;9925;23;;;9934;11;9936;24;;;9931.0;0.0
yf_BGS_d1;40100;INTARIAN_PEPPER_ROOT;12942;7;12940;17;;;12948;18;12952;17;;;12945.0;0.0
yf_BGS_d1;40200;ASH_COATED_OSMIUM;9925;9;9923;15;;;9937;15;9939;22;;;9931.0;0.0
yf_BGS_d1;40200;INTARIAN_PEPPER_ROOT;12938;20;12935;26;;;12952;14;12956;19;;;12945.0;0.0
yf_BGS_d1;40300;ASH_COATED_OSMIUM;9927;15;9924;22;;;9935;13;9937;17;;;9931.0;0.0
yf_BGS_d1;40300;INTARIAN_PEPPER_ROOT;12940;10;12938;22;;;12951;14;12954;14;;;12945.5;0.0
yf_BGS_d1;40400;ASH_COATED_OSMIUM;9928;10;9926;19;;;9934;7;9938;18;;;9931.0;0.0
yf_BGS_d1;40400;INTARIAN_PEPPER_ROOT;12943;13;12939;16;;;12949;19;12951;13;;;12946.0;0.0
yf_BGS_d1;40500;ASH_COATED_OSMIUM;9918;9;9916;24;;;9944;17;9948;13;;;9931.0;0.0
yf_BGS_d1;40500;INTARIAN_PEPPER_ROOT;12944;16;12942;34;;;12950;10;12954;15;;;12947.0;0.0
yf_BGS_d1;40600;ASH_COATED_OSMIUM;9928;22;9926;15;;;9934;13;9938;20;;;9931.0;0.0
yf_BGS_d1;40600;INTARIAN_PEPPER_ROOT;12944;14;12941;21;;;12950;20;12954;11;;;12947.0;0.0
yf_BGS_d1;40700;ASH_COATED_OSMIUM;9928;14;9926;17;;;9934;6;9938;12;;;9931.0;0.0
yf_BGS_d1;40700;INTARIAN_PEPPER_ROOT;12945;20;12943;22;;;12951;19;12954;8;;;12948.0;0.0
yf_BGS_d1;40800;ASH_COATED_OSMIUM;9922;15;9920;22;;;9939;20;9943;26;;;9930.5;0.0
yf_BGS_d1;40800;INTARIAN_PEPPER_ROOT;12945;18;12942;21;;;12951;5;12955;16;;;12948.0;0.0
yf_BGS_d1;40900;ASH_COATED_OSMIUM;9928;24;9926;19;;;9934;10;9938;25;;;9931.0;0.0
yf_BGS_d1;40900;INTARIAN_PEPPER_ROOT;12943;17;12940;18;;;12954;8;12957;24;;;12948.5;0.0
yf_BGS_d1;41000;ASH_COATED_OSMIUM;9928;15;9925;35;;;9934;7;9937;16;;;9931.0;0.0
yf_BGS_d1;41000;INTARIAN_PEPPER_ROOT;12946;18;12942;17;;;12952;19;12954;18;;;12949.0;0.0
yf_BGS_d1;41100;ASH_COATED_OSMIUM;9926;13;9922;10;;;9936;12;9940;18;;;9931.0;0.0
yf_BGS_d1;41100;INTARIAN_PEPPER_ROOT;12943;20;12939;33;;;12956;14;12958;16;;;12949.5;0.0
yf_BGS_d1;41200;ASH_COATED_OSMIUM;9928;10;9926;19;;;9934;7;9937;19;;;9931.0;0.0
yf_BGS_d1;41200;INTARIAN_PEPPER_ROOT;12948;19;12945;20;;;12954;18;12958;25;;;12951.0;0.0
yf_BGS_d1;41300;ASH_COATED_OSMIUM;9929;16;9926;19;;;9935;16;9938;21;;;9932.0;0.0
yf_BGS_d1;41300;INTARIAN_PEPPER_ROOT;12946;21;12944;28;;;12955;14;12958;18;;;12950.5;0.0
yf_BGS_d1;41400;ASH_COATED_OSMIUM;9928;18;9924;23;;;9934;12;9936;22;;;9931.0;0.0
yf_BGS_d1;41400;INTARIAN_PEPPER_ROOT;12948;9;12944;17;;;12954;17;12956;21;;;12951.0;0.0
yf_BGS_d1;41500;ASH_COATED_OSMIUM;9929;18;9925;12;;;9935;19;9937;21;;;9932.0;0.0
yf_BGS_d1;41500;INTARIAN_PEPPER_ROOT;12948;13;12944;19;;;12954;13;12956;17;;;12951.0;0.0
yf_BGS_d1;41600;ASH_COATED_OSMIUM;9911;17;9909;21;;;9951;22;9954;15;;;9931.0;0.0
yf_BGS_d1;41600;INTARIAN_PEPPER_ROOT;12948;12;12946;19;;;12955;22;12958;19;;;12951.5;0.0
yf_BGS_d1;41700;ASH_COATED_OSMIUM;9923;15;9921;17;;;9939;11;9941;12;;;9931.0;0.0
yf_BGS_d1;41700;INTARIAN_PEPPER_ROOT;12950;14;12947;15;;;12956;19;12960;25;;;12953.0;0.0
yf_BGS_d1;41800;ASH_COATED_OSMIUM;9926;17;9923;16;;;9936;5;9939;26;;;9931.0;0.0
yf_BGS_d1;41800;INTARIAN_PEPPER_ROOT;12950;13;12947;19;;;12956;5;12960;28;;;12953.0;0.0
yf_BGS_d1;41900;ASH_COATED_OSMIUM;9925;11;9923;12;;;9940;26;9943;23;;;9932.5;0.0
yf_BGS_d1;41900;INTARIAN_PEPPER_ROOT;12950;13;12946;23;;;12956;16;12958;12;;;12953.0;0.0
yf_BGS_d1;42000;ASH_COATED_OSMIUM;9928;15;9924;18;;;9934;12;9936;27;;;9931.0;0.0
yf_BGS_d1;42000;INTARIAN_PEPPER_ROOT;12951;13;12948;18;;;12957;19;12959;17;;;12954.0;0.0
yf_BGS_d1;42100;ASH_COATED_OSMIUM;9926;21;9923;20;;;9936;15;9939;14;;;9931.0;0.0
yf_BGS_d1;42100;INTARIAN_PEPPER_ROOT;12950;5;12948;17;;;12960;19;12962;12;;;12955.0;0.0
yf_BGS_d1;42200;ASH_COATED_OSMIUM;9924;17;9920;20;;;9939;24;9942;16;;;9931.5;0.0
yf_BGS_d1;42200;INTARIAN_PEPPER_ROOT;12953;17;12949;23;;;12959;17;12963;10;;;12956.0;0.0
yf_BGS_d1;42300;ASH_COATED_OSMIUM;9929;11;9926;20;;;9935;14;9938;18;;;9932.0;0.0
yf_BGS_d1;42300;INTARIAN_PEPPER_ROOT;12947;10;12943;28;;;12964;17;12967;20;;;12955.5;0.0
yf_BGS_d1;42400;ASH_COATED_OSMIUM;9929;17;9925;30;;;9935;21;9939;22;;;9932.0;0.0
yf_BGS_d1;42400;INTARIAN_PEPPER_ROOT;12953;15;12949;23;;;12959;11;12963;25;;;12956.0;0.0
yf_BGS_d1;42500;ASH_COATED_OSMIUM;9929;13;9926;12;;;9935;20;9937;23;;;9932.0;0.0
yf_BGS_d1;42500;INTARIAN_PEPPER_ROOT;12953;18;12949;25;;;12962;16;12965;18;;;12957.5;0.0
yf_BGS_d1;42600;ASH_COATED_OSMIUM;9929;17;9927;21;;;9935;15;9938;13;;;9932.0;0.0
yf_BGS_d1;42600;INTARIAN_PEPPER_ROOT;12955;20;12953;15;;;12961;11;12965;20;;;12958.0;0.0
yf_BGS_d1;42700;ASH_COATED_OSMIUM;9929;11;9925;27;;;9935;13;9938;23;;;9932.0;0.0
yf_BGS_d1;42700;INTARIAN_PEPPER_ROOT;12955;17;12952;19;;;12961;23;12965;31;;;12958.0;0.0
yf_BGS_d1;42800;ASH_COATED_OSMIUM;9928;10;9924;20;;;9936;8;9938;24;;;9932.0;0.0
yf_BGS_d1;42800;INTARIAN_PEPPER_ROOT;12953;11;12949;21;;;12963;7;12967;16;;;12958.0;0.0
yf_BGS_d1;42900;ASH_COATED_OSMIUM;9927;12;9923;23;;;9936;19;9940;19;;;9931.5;0.0
yf_BGS_d1;42900;INTARIAN_PEPPER_ROOT;12953;5;12950;20;;;12965;11;12969;18;;;12959.0;0.0
yf_BGS_d1;43000;ASH_COATED_OSMIUM;9926;12;9923;16;;;9937;9;9941;19;;;9931.5;0.0
yf_BGS_d1;43000;INTARIAN_PEPPER_ROOT;12957;13;12955;18;;;12963;11;12965;23;;;12960.0;0.0
yf_BGS_d1;43100;ASH_COATED_OSMIUM;9929;12;9925;26;;;9935;16;9938;19;;;9932.0;0.0
yf_BGS_d1;43100;INTARIAN_PEPPER_ROOT;12957;17;12953;15;;;12963;20;12965;20;;;12960.0;0.0
yf_BGS_d1;43200;ASH_COATED_OSMIUM;9926;20;9923;24;;;9938;27;9941;15;;;9932.0;0.0
yf_BGS_d1;43200;INTARIAN_PEPPER_ROOT;12957;16;12953;14;;;12963;16;12967;23;;;12960.0;0.0
yf_BGS_d1;43300;ASH_COATED_OSMIUM;9929;11;9927;14;;;9935;13;9939;16;;;9932.0;0.0
yf_BGS_d1;43300;INTARIAN_PEPPER_ROOT;12956;19;12954;13;;;12967;14;12970;28;;;12961.5;0.0
yf_BGS_d1;43400;ASH_COATED_OSMIUM;9926;14;9924;23;;;9938;16;9940;15;;;9932.0;0.0
yf_BGS_d1;43400;INTARIAN_PEPPER_ROOT;12959;26;12957;19;;;12965;17;12967;26;;;12962.0;0.0
yf_BGS_d1;43500;ASH_COATED_OSMIUM;9929;13;9925;24;;;9935;11;9937;21;;;9932.0;0.0
yf_BGS_d1;43500;INTARIAN_PEPPER_ROOT;12956;15;12954;8;;;12968;14;12971;11;;;12962.0;0.0
yf_BGS_d1;43600;ASH_COATED_OSMIUM;9928;18;9924;15;;;9937;21;9940;17;;;9932.5;0.0
yf_BGS_d1;43600;INTARIAN_PEPPER_ROOT;12950;5;12946;11;;;12974;18;12976;13;;;12962.0;0.0
yf_BGS_d1;43700;ASH_COATED_OSMIUM;9928;18;9926;20;;;9938;17;9941;17;;;9933.0;0.0
yf_BGS_d1;43700;INTARIAN_PEPPER_ROOT;12960;18;12958;22;;;12966;16;12969;19;;;12963.0;0.0
yf_BGS_d1;43800;ASH_COATED_OSMIUM;9926;14;9924;14;;;9939;15;9941;13;;;9932.5;0.0
yf_BGS_d1;43800;INTARIAN_PEPPER_ROOT;12960;16;12956;21;;;12966;10;12968;13;;;12963.0;0.0
yf_BGS_d1;43900;ASH_COATED_OSMIUM;9926;20;9923;16;;;9939;10;9943;11;;;9932.5;0.0
yf_BGS_d1;43900;INTARIAN_PEPPER_ROOT;12959;22;12956;16;;;12970;19;12973;21;;;12964.5;0.0
yf_BGS_d1;44000;ASH_COATED_OSMIUM;9925;10;9923;19;;;9940;21;9944;11;;;9932.5;0.0
yf_BGS_d1;44000;INTARIAN_PEPPER_ROOT;12962;7;12960;17;;;12968;10;12972;25;;;12965.0;0.0
yf_BGS_d1;44100;ASH_COATED_OSMIUM;9926;20;9922;21;;;9939;18;9942;20;;;9932.5;0.0
yf_BGS_d1;44100;INTARIAN_PEPPER_ROOT;12962;20;12959;17;;;12968;20;12971;16;;;12965.0;0.0
yf_BGS_d1;44200;ASH_COATED_OSMIUM;9925;22;9923;24;;;9941;24;9945;17;;;9933.0;0.0
yf_BGS_d1;44200;INTARIAN_PEPPER_ROOT;12962;18;12960;16;;;12968;25;12972;30;;;12965.0;0.0
yf_BGS_d1;44300;ASH_COATED_OSMIUM;9929;17;9926;12;;;9935;18;9938;18;;;9932.0;0.0
yf_BGS_d1;44300;INTARIAN_PEPPER_ROOT;12960;25;12956;22;;;12972;16;12975;16;;;12966.0;0.0
yf_BGS_d1;44400;ASH_COATED_OSMIUM;9925;15;9923;20;;;9939;16;9941;21;;;9932.0;0.0
yf_BGS_d1;44400;INTARIAN_PEPPER_ROOT;12963;11;12959;19;;;12969;16;12972;24;;;12966.0;0.0
yf_BGS_d1;44500;ASH_COATED_OSMIUM;9929;19;9927;17;;;9937;23;9941;32;;;9933.0;0.0
yf_BGS_d1;44500;INTARIAN_PEPPER_ROOT;12964;16;12962;25;;;12970;24;12973;13;;;12967.0;0.0
yf_BGS_d1;44600;ASH_COATED_OSMIUM;9925;10;9922;18;;;9941;24;9945;17;;;9933.0;0.0
yf_BGS_d1;44600;INTARIAN_PEPPER_ROOT;12964;12;12962;22;;;12970;19;12974;23;;;12967.0;0.0
yf_BGS_d1;44700;ASH_COATED_OSMIUM;9930;17;9927;23;;;9936;8;9939;14;;;9933.0;0.0
yf_BGS_d1;44700;INTARIAN_PEPPER_ROOT;12965;21;12962;26;;;12971;9;12975;23;;;12968.0;0.0
yf_BGS_d1;44800;ASH_COATED_OSMIUM;9930;13;9926;16;;;9936;11;9939;8;;;9933.0;0.0
yf_BGS_d1;44800;INTARIAN_PEPPER_ROOT;12965;15;12962;18;;;12971;15;12974;20;;;12968.0;0.0
yf_BGS_d1;44900;ASH_COATED_OSMIUM;9923;11;9919;8;;;9942;20;9946;17;;;9932.5;0.0
yf_BGS_d1;44900;INTARIAN_PEPPER_ROOT;12966;15;12963;10;;;12972;17;12974;10;;;12969.0;0.0
yf_BGS_d1;45000;ASH_COATED_OSMIUM;9930;10;9927;17;;;9936;14;9938;24;;;9933.0;0.0
yf_BGS_d1;45000;INTARIAN_PEPPER_ROOT;12952;17;12948;18;;;12987;16;12990;15;;;12969.5;0.0
yf_BGS_d1;45100;ASH_COATED_OSMIUM;9930;8;9928;18;;;9936;17;9939;20;;;9933.0;0.0
yf_BGS_d1;45100;INTARIAN_PEPPER_ROOT;12967;12;12965;19;;;12973;13;12976;23;;;12970.0;0.0
yf_BGS_d1;45200;ASH_COATED_OSMIUM;9930;14;9926;16;;;9936;14;9938;24;;;9933.0;0.0
yf_BGS_d1;45200;INTARIAN_PEPPER_ROOT;12965;18;12963;16;;;12976;16;12980;15;;;12970.5;0.0
yf_BGS_d1;45300;ASH_COATED_OSMIUM;9930;19;9927;22;;;9936;14;9939;28;;;9933.0;0.0
yf_BGS_d1;45300;INTARIAN_PEPPER_ROOT;12968;11;12964;15;;;12975;22;12979;22;;;12971.5;0.0
yf_BGS_d1;45400;ASH_COATED_OSMIUM;9931;19;9929;18;;;9937;8;9940;24;;;9934.0;0.0
yf_BGS_d1;45400;INTARIAN_PEPPER_ROOT;12966;15;12964;19;;;12978;24;12981;13;;;12972.0;0.0
yf_BGS_d1;45500;ASH_COATED_OSMIUM;9917;5;9913;19;;;9949;6;9951;16;;;9933.0;0.0
yf_BGS_d1;45500;INTARIAN_PEPPER_ROOT;12969;13;12966;21;;;12977;12;12979;18;;;12973.0;0.0
yf_BGS_d1;45600;ASH_COATED_OSMIUM;9921;30;9918;21;;;9945;13;9949;23;;;9933.0;0.0
yf_BGS_d1;45600;INTARIAN_PEPPER_ROOT;12946;18;12944;11;;;12998;23;13001;23;;;12972.0;0.0
yf_BGS_d1;45700;ASH_COATED_OSMIUM;9928;14;9926;18;;;9939;23;9942;15;;;9933.5;0.0
yf_BGS_d1;45700;INTARIAN_PEPPER_ROOT;12970;16;12968;8;;;12976;15;12980;16;;;12973.0;0.0
yf_BGS_d1;45800;ASH_COATED_OSMIUM;9930;14;9926;20;;;9936;18;9940;27;;;9933.0;0.0
yf_BGS_d1;45800;INTARIAN_PEPPER_ROOT;12971;9;12969;28;;;12977;13;12980;16;;;12974.0;0.0
yf_BGS_d1;45900;ASH_COATED_OSMIUM;9928;17;9926;23;;;9938;18;9942;24;;;9933.0;0.0
yf_BGS_d1;45900;INTARIAN_PEPPER_ROOT;12967;20;12964;29;;;12983;13;12987;21;;;12975.0;0.0
yf_BGS_d1;46000;ASH_COATED_OSMIUM;9926;27;9922;22;;;9941;16;9944;20;;;9933.5;0.0
yf_BGS_d1;46000;INTARIAN_PEPPER_ROOT;12966;15;12963;20;;;12983;19;12986;11;;;12974.5;0.0
yf_BGS_d1;46100;ASH_COATED_OSMIUM;9930;21;9926;22;;;9936;11;9938;15;;;9933.0;0.0
yf_BGS_d1;46100;INTARIAN_PEPPER_ROOT;12972;15;12968;23;;;12978;17;12981;16;;;12975.0;0.0
yf_BGS_d1;46200;ASH_COATED_OSMIUM;9931;12;9929;22;;;9937;16;9941;17;;;9934.0;0.0
yf_BGS_d1;46200;INTARIAN_PEPPER_ROOT;12973;22;12971;14;;;12979;15;12982;24;;;12976.0;0.0
yf_BGS_d1;46300;ASH_COATED_OSMIUM;9920;14;9918;21;;;9947;20;9949;11;;;9933.5;0.0
yf_BGS_d1;46300;INTARIAN_PEPPER_ROOT;12973;22;12971;22;;;12979;16;12981;16;;;12976.0;0.0
yf_BGS_d1;46400;ASH_COATED_OSMIUM;9930;19;9927;17;;;9936;7;9940;17;;;9933.0;0.0
yf_BGS_d1;46400;INTARIAN_PEPPER_ROOT;12973;15;12969;26;;;12982;12;12985;28;;;12977.5;0.0
yf_BGS_d1;46500;ASH_COATED_OSMIUM;9928;19;9925;20;;;9939;14;9941;16;;;9933.5;0.0
yf_BGS_d1;46500;INTARIAN_PEPPER_ROOT;12975;17;12971;22;;;12981;12;12984;22;;;12978.0;0.0
yf_BGS_d1;46600;ASH_COATED_OSMIUM;9929;15;9927;22;;;9938;9;9941;20;;;9933.5;0.0
yf_BGS_d1;46600;INTARIAN_PEPPER_ROOT;12975;23;12971;12;;;12981;10;12984;20;;;12978.0;0.0
yf_BGS_d1;46700;ASH_COATED_OSMIUM;9927;15;9925;8;;;9942;18;9945;18;;;9934.5;0.0
yf_BGS_d1;46700;INTARIAN_PEPPER_ROOT;12972;18;12969;12;;;12984;14;12987;16;;;12978.0;0.0
yf_BGS_d1;46800;ASH_COATED_OSMIUM;9931;17;9928;14;;;9937;15;9941;10;;;9934.0;0.0
yf_BGS_d1;46800;INTARIAN_PEPPER_ROOT;12974;27;12971;14;;;12983;13;12986;16;;;12978.5;0.0
yf_BGS_d1;46900;ASH_COATED_OSMIUM;9931;14;9929;16;;;9937;9;9940;14;;;9934.0;0.0
yf_BGS_d1;46900;INTARIAN_PEPPER_ROOT;12972;19;12970;15;;;12988;17;12992;18;;;12980.0;0.0
yf_BGS_d1;47000;ASH_COATED_OSMIUM;9930;20;9927;17;;;9936;16;9939;27;;;9933.0;0.0
yf_BGS_d1;47000;INTARIAN_PEPPER_ROOT;12977;20;12973;14;;;12983;16;12986;18;;;12980.0;0.0
yf_BGS_d1;47100;ASH_COATED_OSMIUM;9931;16;9928;13;;;9937;10;9941;19;;;9934.0;0.0
yf_BGS_d1;47100;INTARIAN_PEPPER_ROOT;12974;21;12972;23;;;12986;23;12988;31;;;12980.0;0.0
yf_BGS_d1;47200;ASH_COATED_OSMIUM;9922;14;9919;25;;;9945;7;9948;11;;;9933.5;0.0
yf_BGS_d1;47200;INTARIAN_PEPPER_ROOT;12978;11;12975;25;;;12984;14;12987;24;;;12981.0;0.0
yf_BGS_d1;47300;ASH_COATED_OSMIUM;9931;15;9928;23;;;9937;11;9939;24;;;9934.0;0.0
yf_BGS_d1;47300;INTARIAN_PEPPER_ROOT;12978;14;12976;18;;;12984;16;12987;16;;;12981.0;0.0
yf_BGS_d1;47400;ASH_COATED_OSMIUM;9928;11;9924;13;;;9940;16;9943;28;;;9934.0;0.0
yf_BGS_d1;47400;INTARIAN_PEPPER_ROOT;12977;14;12973;11;;;12986;11;12990;18;;;12981.5;0.0
yf_BGS_d1;47500;ASH_COATED_OSMIUM;9930;14;9927;17;;;9937;12;9939;17;;;9933.5;0.0
yf_BGS_d1;47500;INTARIAN_PEPPER_ROOT;12979;7;12977;20;;;12985;8;12989;17;;;12982.0;0.0
yf_BGS_d1;47600;ASH_COATED_OSMIUM;9929;13;9927;14;;;9938;17;9941;19;;;9933.5;0.0
yf_BGS_d1;47600;INTARIAN_PEPPER_ROOT;12980;24;12976;14;;;12986;10;12988;17;;;12983.0;0.0
yf_BGS_d1;47700;ASH_COATED_OSMIUM;9931;17;9928;17;;;9937;17;9941;26;;;9934.0;0.0
yf_BGS_d1;47700;INTARIAN_PEPPER_ROOT;12977;20;12974;12;;;12990;11;12994;11;;;12983.5;0.0
yf_BGS_d1;47800;ASH_COATED_OSMIUM;9931;17;9929;8;;;9937;15;9941;26;;;9934.0;0.0
yf_BGS_d1;47800;INTARIAN_PEPPER_ROOT;12981;22;12979;19;;;12987;17;12990;21;;;12984.0;0.0
yf_BGS_d1;47900;ASH_COATED_OSMIUM;9931;16;9929;22;;;9938;11;9940;24;;;9934.5;0.0
yf_BGS_d1;47900;INTARIAN_PEPPER_ROOT;12982;20;12980;24;;;12988;14;12990;27;;;12985.0;0.0
yf_BGS_d1;48000;ASH_COATED_OSMIUM;9932;13;9930;23;;;9938;20;9941;27;;;9935.0;0.0
yf_BGS_d1;48000;INTARIAN_PEPPER_ROOT;12982;14;12979;15;;;12988;18;12991;21;;;12985.0;0.0
yf_BGS_d1;48100;ASH_COATED_OSMIUM;9932;7;9929;17;;;9938;9;9940;22;;;9935.0;0.0
yf_BGS_d1;48100;INTARIAN_PEPPER_ROOT;12983;12;12981;25;;;12989;12;12992;21;;;12986.0;0.0
yf_BGS_d1;48200;ASH_COATED_OSMIUM;9926;7;9922;22;;;9941;29;9945;15;;;9933.5;0.0
yf_BGS_d1;48200;INTARIAN_PEPPER_ROOT;12983;20;12979;20;;;12989;8;12993;22;;;12986.0;0.0
yf_BGS_d1;48300;ASH_COATED_OSMIUM;9926;16;9924;22;;;9944;21;9948;17;;;9935.0;0.0
yf_BGS_d1;48300;INTARIAN_PEPPER_ROOT;12982;19;12979;20;;;12992;20;12995;14;;;12987.0;0.0
yf_BGS_d1;48400;ASH_COATED_OSMIUM;9927;14;9925;25;;;9940;6;9944;14;;;9933.5;0.0
yf_BGS_d1;48400;INTARIAN_PEPPER_ROOT;12985;21;12981;23;;;12991;14;12994;24;;;12988.0;0.0
yf_BGS_d1;48500;ASH_COATED_OSMIUM;9931;16;9929;30;;;9938;5;9940;21;;;9934.5;0.0
yf_BGS_d1;48500;INTARIAN_PEPPER_ROOT;12983;11;12979;13;;;12992;13;12995;27;;;12987.5;0.0
yf_BGS_d1;48600;ASH_COATED_OSMIUM;9932;14;9928;26;;;9938;13;9940;24;;;9935.0;0.0
yf_BGS_d1;48600;INTARIAN_PEPPER_ROOT;12985;21;12982;25;;;12991;11;12994;18;;;12988.0;0.0
yf_BGS_d1;48700;ASH_COATED_OSMIUM;9931;17;9928;16;;;9937;6;9939;9;;;9934.0;0.0
yf_BGS_d1;48700;INTARIAN_PEPPER_ROOT;12984;21;12982;19;;;12992;5;12994;15;;;12988.0;0.0
yf_BGS_d1;48800;ASH_COATED_OSMIUM;9932;15;9930;22;;;9938;18;9940;19;;;9935.0;0.0
yf_BGS_d1;48800;INTARIAN_PEPPER_ROOT;12986;10;12984;30;;;12992;10;12996;21;;;12989.0;0.0
yf_BGS_d1;48900;ASH_COATED_OSMIUM;9928;12;9926;25;;;9941;12;9943;25;;;9934.5;0.0
yf_BGS_d1;48900;INTARIAN_PEPPER_ROOT;12987;18;12984;20;;;12993;10;12997;8;;;12990.0;0.0
yf_BGS_d1;49000;ASH_COATED_OSMIUM;9931;19;9929;31;;;9937;21;9940;20;;;9934.0;0.0
yf_BGS_d1;49000;INTARIAN_PEPPER_ROOT;12987;11;12985;29;;;12993;19;12996;19;;;12990.0;0.0
yf_BGS_d1;49100;ASH_COATED_OSMIUM;9931;16;9928;26;;;9938;17;9942;11;;;9934.5;0.0
yf_BGS_d1;49100;INTARIAN_PEPPER_ROOT;12987;20;12983;27;;;12993;11;12997;19;;;12990.0;0.0
yf_BGS_d1;49200;ASH_COATED_OSMIUM;9932;18;9930;18;;;9938;13;9940;24;;;9935.0;0.0
yf_BGS_d1;49200;INTARIAN_PEPPER_ROOT;12988;22;12986;23;;;12994;17;12998;24;;;12991.0;0.0
yf_BGS_d1;49300;ASH_COATED_OSMIUM;9932;20;9928;19;;;9938;16;9940;19;;;9935.0;0.0
yf_BGS_d1;49300;INTARIAN_PEPPER_ROOT;12981;8;12978;23;;;13002;12;13005;30;;;12991.5;0.0
yf_BGS_d1;49400;ASH_COATED_OSMIUM;9932;17;9928;19;;;9938;14;9940;14;;;9935.0;0.0
yf_BGS_d1;49400;INTARIAN_PEPPER_ROOT;12987;23;12983;20;;;12997;16;13000;27;;;12992.0;0.0
yf_BGS_d1;49500;ASH_COATED_OSMIUM;9932;20;9928;19;;;9938;10;9941;23;;;9935.0;0.0
yf_BGS_d1;49500;INTARIAN_PEPPER_ROOT;12983;15;12981;25;;;13002;14;13005;19;;;12992.5;0.0
yf_BGS_d1;49600;ASH_COATED_OSMIUM;9931;17;9929;21;;;9937;15;9939;20;;;9934.0;0.0
yf_BGS_d1;49600;INTARIAN_PEPPER_ROOT;12991;9;12988;23;;;12997;17;13000;10;;;12994.0;0.0
yf_BGS_d1;49700;ASH_COATED_OSMIUM;9932;9;9928;20;;;9938;23;9941;16;;;9935.0;0.0
yf_BGS_d1;49700;INTARIAN_PEPPER_ROOT;12991;18;12989;20;;;12997;13;12999;24;;;12994.0;0.0
yf_BGS_d1;49800;ASH_COATED_OSMIUM;9932;13;9929;23;;;9938;18;9941;13;;;9935.0;0.0
yf_BGS_d1;49800;INTARIAN_PEPPER_ROOT;12991;15;12987;15;;;12997;18;13000;24;;;12994.0;0.0
yf_BGS_d1;49900;ASH_COATED_OSMIUM;9931;11;9927;15;;;9940;12;9944;15;;;9935.5;0.0
yf_BGS_d1;49900;INTARIAN_PEPPER_ROOT;12992;13;12990;26;;;12998;12;13001;31;;;12995.0;0.0
yf_BGS_d1;50000;ASH_COATED_OSMIUM;9930;16;9926;16;;;9940;21;9943;19;;;9935.0;0.0
yf_BGS_d1;50000;INTARIAN_PEPPER_ROOT;12980;20;12976;13;;;13011;19;13013;22;;;12995.5;0.0
yf_BGS_d1;50100;ASH_COATED_OSMIUM;9932;8;9929;26;;;9938;9;9941;14;;;9935.0;0.0
yf_BGS_d1;50100;INTARIAN_PEPPER_ROOT;12992;10;12990;25;;;12999;17;13001;21;;;12995.5;0.0
yf_BGS_d1;50200;ASH_COATED_OSMIUM;9932;12;9928;14;;;9938;22;9942;24;;;9935.0;0.0
yf_BGS_d1;50200;INTARIAN_PEPPER_ROOT;12994;20;12991;25;;;13000;16;13003;12;;;12997.0;0.0
yf_BGS_d1;50300;ASH_COATED_OSMIUM;9933;30;9931;26;;;9939;15;9941;15;;;9936.0;0.0
yf_BGS_d1;50300;INTARIAN_PEPPER_ROOT;12984;12;12982;24;;;13009;11;13011;25;;;12996.5;0.0
yf_BGS_d1;50400;ASH_COATED_OSMIUM;9917;13;9914;17;;;9954;18;9958;19;;;9935.5;0.0
yf_BGS_d1;50400;INTARIAN_PEPPER_ROOT;12994;13;12992;19;;;13000;14;13002;25;;;12997.0;0.0
yf_BGS_d1;50500;ASH_COATED_OSMIUM;9932;21;9930;23;;;9938;6;9940;14;;;9935.0;0.0
yf_BGS_d1;50500;INTARIAN_PEPPER_ROOT;12991;16;12987;19;;;13004;11;13007;19;;;12997.5;0.0
yf_BGS_d1;50600;ASH_COATED_OSMIUM;9932;14;9928;18;;;9939;20;9943;22;;;9935.5;0.0
yf_BGS_d1;50600;INTARIAN_PEPPER_ROOT;12987;15;12983;16;;;13009;14;13013;20;;;12998.0;0.0
yf_BGS_d1;50700;ASH_COATED_OSMIUM;9932;13;9928;17;;;9938;15;9940;9;;;9935.0;0.0
yf_BGS_d1;50700;INTARIAN_PEPPER_ROOT;12996;14;12993;19;;;13002;13;13004;25;;;12999.0;0.0
yf_BGS_d1;50800;ASH_COATED_OSMIUM;9912;15;9908;20;;;9959;5;9962;28;;;9935.5;0.0
yf_BGS_d1;50800;INTARIAN_PEPPER_ROOT;12994;9;12992;24;;;13005;11;13007;14;;;12999.5;0.0
yf_BGS_d1;50900;ASH_COATED_OSMIUM;9930;16;9927;14;;;9940;9;9943;20;;;9935.0;0.0
yf_BGS_d1;50900;INTARIAN_PEPPER_ROOT;12996;19;12994;8;;;13002;13;13006;16;;;12999.0;0.0
yf_BGS_d1;51000;ASH_COATED_OSMIUM;9933;9;9929;15;;;9939;16;9943;20;;;9936.0;0.0
yf_BGS_d1;51000;INTARIAN_PEPPER_ROOT;12996;20;12994;10;;;13002;16;13005;20;;;12999.0;0.0
yf_BGS_d1;51100;ASH_COATED_OSMIUM;9932;15;9930;21;;;9938;10;9940;17;;;9935.0;0.0
yf_BGS_d1;51100;INTARIAN_PEPPER_ROOT;12997;8;12995;26;;;13003;19;13006;21;;;13000.0;0.0
yf_BGS_d1;51200;ASH_COATED_OSMIUM;9932;10;9928;16;;;9938;16;9940;19;;;9935.0;0.0
yf_BGS_d1;51200;INTARIAN_PEPPER_ROOT;12994;13;12990;20;;;13005;18;13007;21;;;12999.5;0.0
yf_BGS_d1;51300;ASH_COATED_OSMIUM;9932;5;9928;23;;;9938;12;9942;8;;;9935.0;0.0
yf_BGS_d1;51300;INTARIAN_PEPPER_ROOT;12996;11;12993;25;;;13002;20;13006;21;;;12999.0;0.0
yf_BGS_d1;51400;ASH_COATED_OSMIUM;9933;9;9930;13;;;9939;13;9941;21;;;9936.0;0.0
yf_BGS_d1;51400;INTARIAN_PEPPER_ROOT;12995;13;12992;20;;;13001;20;13004;10;;;12998.0;0.0
yf_BGS_d1;51500;ASH_COATED_OSMIUM;9927;15;9925;21;;;9944;12;9947;8;;;9935.5;0.0
yf_BGS_d1;51500;INTARIAN_PEPPER_ROOT;12995;15;12992;31;;;13001;18;13004;21;;;12998.0;0.0
yf_BGS_d1;51600;ASH_COATED_OSMIUM;9932;15;9929;29;;;9938;12;9940;14;;;9935.0;0.0
yf_BGS_d1;51600;INTARIAN_PEPPER_ROOT;12994;8;12991;18;;;13003;12;13006;27;;;12998.5;0.0
yf_BGS_d1;51700;ASH_COATED_OSMIUM;9933;15;9931;28;;;9939;19;9941;16;;;9936.0;0.0
yf_BGS_d1;51700;INTARIAN_PEPPER_ROOT;12990;26;12988;20;;;13005;18;13009;16;;;12997.5;0.0
yf_BGS_d1;51800;ASH_COATED_OSMIUM;9932;18;9928;19;;;9938;6;9942;24;;;9935.0;0.0
yf_BGS_d1;51800;INTARIAN_PEPPER_ROOT;12994;28;12991;12;;;13003;18;13007;14;;;12998.5;0.0
yf_BGS_d1;51900;ASH_COATED_OSMIUM;9931;15;9927;17;;;9940;18;9944;20;;;9935.5;0.0
yf_BGS_d1;51900;INTARIAN_PEPPER_ROOT;12994;16;12990;16;;;13000;15;13004;29;;;12997.0;0.0
yf_BGS_d1;52000;ASH_COATED_OSMIUM;9932;14;9928;23;;;9938;11;9942;15;;;9935.0;0.0
yf_BGS_d1;52000;INTARIAN_PEPPER_ROOT;12994;23;12992;15;;;13000;5;13002;28;;;12997.0;0.0
yf_BGS_d1;52100;ASH_COATED_OSMIUM;9924;13;9921;24;;;9946;17;9950;19;;;9935.0;0.0
yf_BGS_d1;52100;INTARIAN_PEPPER_ROOT;12992;7;12988;19;;;13003;18;13005;25;;;12997.5;0.0
yf_BGS_d1;52200;ASH_COATED_OSMIUM;9932;21;9930;20;;;9938;13;9942;24;;;9935.0;0.0
yf_BGS_d1;52200;INTARIAN_PEPPER_ROOT;12994;10;12991;24;;;13000;17;13004;8;;;12997.0;0.0
yf_BGS_d1;52300;ASH_COATED_OSMIUM;9931;6;9927;19;;;9939;21;9941;17;;;9935.0;0.0
yf_BGS_d1;52300;INTARIAN_PEPPER_ROOT;12991;16;12989;30;;;13003;11;13007;20;;;12997.0;0.0
yf_BGS_d1;52400;ASH_COATED_OSMIUM;9927;14;9925;19;;;9944;16;9947;19;;;9935.5;0.0
yf_BGS_d1;52400;INTARIAN_PEPPER_ROOT;12992;25;12989;26;;;13002;16;13005;14;;;12997.0;0.0
yf_BGS_d1;52500;ASH_COATED_OSMIUM;9926;5;9922;21;;;9945;8;9947;20;;;9935.5;0.0
yf_BGS_d1;52500;INTARIAN_PEPPER_ROOT;12993;15;12989;18;;;12999;8;13001;23;;;12996.0;0.0
yf_BGS_d1;52600;ASH_COATED_OSMIUM;9930;25;9927;19;;;9942;20;9945;20;;;9936.0;0.0
yf_BGS_d1;52600;INTARIAN_PEPPER_ROOT;12993;12;12990;31;;;12999;7;13002;17;;;12996.0;0.0
yf_BGS_d1;52700;ASH_COATED_OSMIUM;9932;13;9929;27;;;9939;10;9942;15;;;9935.5;0.0
yf_BGS_d1;52700;INTARIAN_PEPPER_ROOT;12984;23;12982;13;;;13009;15;13012;15;;;12996.5;0.0
yf_BGS_d1;52800;ASH_COATED_OSMIUM;9932;13;9929;17;;;9939;19;9941;24;;;9935.5;0.0
yf_BGS_d1;52800;INTARIAN_PEPPER_ROOT;12987;15;12984;23;;;13004;13;13007;15;;;12995.5;0.0
yf_BGS_d1;52900;ASH_COATED_OSMIUM;9933;11;9931;10;;;9939;18;9942;30;;;9936.0;0.0
yf_BGS_d1;52900;INTARIAN_PEPPER_ROOT;12986;13;12983;10;;;13006;6;13008;23;;;12996.0;0.0
yf_BGS_d1;53000;ASH_COATED_OSMIUM;9931;10;9928;26;;;9940;11;9943;19;;;9935.5;0.0
yf_BGS_d1;53000;INTARIAN_PEPPER_ROOT;12990;18;12986;17;;;13000;7;13003;13;;;12995.0;0.0
yf_BGS_d1;53100;ASH_COATED_OSMIUM;9930;9;9927;13;;;9941;17;9943;16;;;9935.5;0.0
yf_BGS_d1;53100;INTARIAN_PEPPER_ROOT;12992;10;12990;27;;;12998;8;13001;22;;;12995.0;0.0
yf_BGS_d1;53200;ASH_COATED_OSMIUM;9932;14;9928;28;;;9938;12;9940;15;;;9935.0;0.0
yf_BGS_d1;53200;INTARIAN_PEPPER_ROOT;12983;19;12979;17;;;13008;10;13011;29;;;12995.5;0.0
yf_BGS_d1;53300;ASH_COATED_OSMIUM;9933;12;9930;9;;;9939;8;9942;19;;;9936.0;0.0
yf_BGS_d1;53300;INTARIAN_PEPPER_ROOT;12991;11;12989;20;;;12998;19;13001;13;;;12994.5;0.0
yf_BGS_d1;53400;ASH_COATED_OSMIUM;9932;12;9928;20;;;9938;10;9941;13;;;9935.0;0.0
yf_BGS_d1;53400;INTARIAN_PEPPER_ROOT;12991;14;12989;17;;;12997;17;12999;8;;;12994.0;0.0
yf_BGS_d1;53500;ASH_COATED_OSMIUM;9932;11;9930;19;;;9938;13;9942;23;;;9935.0;0.0
yf_BGS_d1;53500;INTARIAN_PEPPER_ROOT;12970;15;12968;21;;;13017;24;13020;17;;;12993.5;0.0
yf_BGS_d1;53600;ASH_COATED_OSMIUM;9931;18;9929;26;;;9938;14;9942;28;;;9934.5;0.0
yf_BGS_d1;53600;INTARIAN_PEPPER_ROOT;12991;14;12988;18;;;12997;6;13001;20;;;12994.0;0.0
yf_BGS_d1;53700;ASH_COATED_OSMIUM;9911;11;9907;18;;;9959;18;9963;18;;;9935.0;0.0
yf_BGS_d1;53700;INTARIAN_PEPPER_ROOT;12985;14;12981;14;;;13003;15;13005;13;;;12994.0;0.0
yf_BGS_d1;53800;ASH_COATED_OSMIUM;9928;19;9925;11;;;9942;11;9945;12;;;9935.0;0.0
yf_BGS_d1;53800;INTARIAN_PEPPER_ROOT;12990;7;12988;14;;;12996;17;13000;22;;;12993.0;0.0
yf_BGS_d1;53900;ASH_COATED_OSMIUM;9926;12;9922;28;;;9945;17;9948;10;;;9935.5;0.0
yf_BGS_d1;53900;INTARIAN_PEPPER_ROOT;12990;13;12986;19;;;12996;16;12998;20;;;12993.0;0.0
yf_BGS_d1;54000;ASH_COATED_OSMIUM;9932;20;9928;16;;;9938;7;9940;16;;;9935.0;0.0
yf_BGS_d1;54000;INTARIAN_PEPPER_ROOT;12990;14;12986;18;;;12996;16;12998;19;;;12993.0;0.0
yf_BGS_d1;54100;ASH_COATED_OSMIUM;9924;12;9921;18;;;9947;12;9950;16;;;9935.5;0.0
yf_BGS_d1;54100;INTARIAN_PEPPER_ROOT;12989;22;12987;13;;;12995;11;12998;22;;;12992.0;0.0
yf_BGS_d1;54200;ASH_COATED_OSMIUM;9932;17;9930;29;;;9938;16;9941;15;;;9935.0;0.0
yf_BGS_d1;54200;INTARIAN_PEPPER_ROOT;12990;15;12987;19;;;12996;8;12998;23;;;12993.0;0.0
yf_BGS_d1;54300;ASH_COATED_OSMIUM;9928;14;9924;26;;;9941;8;9945;26;;;9934.5;0.0
yf_BGS_d1;54300;INTARIAN_PEPPER_ROOT;12990;12;12987;17;;;12996;14;12998;23;;;12993.0;0.0
yf_BGS_d1;54400;ASH_COATED_OSMIUM;9924;14;9922;25;;;9946;13;9950;18;;;9935.0;0.0
yf_BGS_d1;54400;INTARIAN_PEPPER_ROOT;12990;11;12986;21;;;12996;21;12999;16;;;12993.0;0.0
yf_BGS_d1;54500;ASH_COATED_OSMIUM;9932;14;9930;17;;;9938;11;9942;20;;;9935.0;0.0
yf_BGS_d1;54500;INTARIAN_PEPPER_ROOT;12989;12;12987;10;;;12995;17;12998;17;;;12992.0;0.0
yf_BGS_d1;54600;ASH_COATED_OSMIUM;9932;13;9928;13;;;9938;22;9940;23;;;9935.0;0.0
yf_BGS_d1;54600;INTARIAN_PEPPER_ROOT;12986;19;12982;17;;;12998;18;13001;19;;;12992.0;0.0
yf_BGS_d1;54700;ASH_COATED_OSMIUM;9933;16;9931;22;;;9939;22;9942;16;;;9936.0;0.0
yf_BGS_d1;54700;INTARIAN_PEPPER_ROOT;12989;11;12986;21;;;12995;13;12999;13;;;12992.0;0.0
yf_BGS_d1;54800;ASH_COATED_OSMIUM;9932;17;9928;13;;;9938;6;9941;21;;;9935.0;0.0
yf_BGS_d1;54800;INTARIAN_PEPPER_ROOT;12989;13;12985;13;;;12995;30;12998;21;;;12992.0;0.0
yf_BGS_d1;54900;ASH_COATED_OSMIUM;9926;20;9923;30;;;9943;15;9945;25;;;9934.5;0.0
yf_BGS_d1;54900;INTARIAN_PEPPER_ROOT;12988;22;12984;21;;;12994;13;12996;16;;;12991.0;0.0
yf_BGS_d1;55000;ASH_COATED_OSMIUM;9930;9;9928;25;;;9940;12;9943;22;;;9935.0;0.0
yf_BGS_d1;55000;INTARIAN_PEPPER_ROOT;12988;11;12985;15;;;12994;21;12996;17;;;12991.0;0.0
yf_BGS_d1;55100;ASH_COATED_OSMIUM;9925;15;9923;31;;;9945;18;9947;26;;;9935.0;0.0
yf_BGS_d1;55100;INTARIAN_PEPPER_ROOT;12987;6;12983;16;;;12995;18;12998;19;;;12991.0;0.0
yf_BGS_d1;55200;ASH_COATED_OSMIUM;9931;23;9929;19;;;9940;13;9942;26;;;9935.5;0.0
yf_BGS_d1;55200;INTARIAN_PEPPER_ROOT;12987;18;12985;9;;;12993;6;12996;12;;;12990.0;0.0
yf_BGS_d1;55300;ASH_COATED_OSMIUM;9933;14;9929;20;;;9939;15;9942;19;;;9936.0;0.0
yf_BGS_d1;55300;INTARIAN_PEPPER_ROOT;12987;22;12983;22;;;12993;15;12997;17;;;12990.0;0.0
yf_BGS_d1;55400;ASH_COATED_OSMIUM;9932;11;9930;20;;;9938;13;9941;20;;;9935.0;0.0
yf_BGS_d1;55400;INTARIAN_PEPPER_ROOT;12988;7;12986;20;;;12994;15;12996;24;;;12991.0;0.0
yf_BGS_d1;55500;ASH_COATED_OSMIUM;9932;15;9930;29;;;9938;19;9942;20;;;9935.0;0.0
yf_BGS_d1;55500;INTARIAN_PEPPER_ROOT;12985;15;12981;18;;;12994;25;12996;27;;;12989.5;0.0
yf_BGS_d1;55600;ASH_COATED_OSMIUM;9932;16;9929;17;;;9938;13;9940;20;;;9935.0;0.0
yf_BGS_d1;55600;INTARIAN_PEPPER_ROOT;12977;19;12973;12;;;13005;7;13008;27;;;12991.0;0.0
yf_BGS_d1;55700;ASH_COATED_OSMIUM;9931;24;9927;17;;;9938;15;9940;26;;;9934.5;0.0
yf_BGS_d1;55700;INTARIAN_PEPPER_ROOT;12986;8;12983;19;;;12992;13;12994;19;;;12989.0;0.0
yf_BGS_d1;55800;ASH_COATED_OSMIUM;9931;17;9929;18;;;9939;13;9941;17;;;9935.0;0.0
yf_BGS_d1;55800;INTARIAN_PEPPER_ROOT;12978;18;12976;8;;;13000;14;13004;20;;;12989.0;0.0
yf_BGS_d1;55900;ASH_COATED_OSMIUM;9932;21;9928;17;;;9938;22;9941;19;;;9935.0;0.0
yf_BGS_d1;55900;INTARIAN_PEPPER_ROOT;12986;14;12982;24;;;12992;16;12996;13;;;12989.0;0.0
yf_BGS_d1;56000;ASH_COATED_OSMIUM;9932;23;9929;19;;;9938;14;9942;18;;;9935.0;0.0
yf_BGS_d1;56000;INTARIAN_PEPPER_ROOT;12986;19;12983;24;;;12992;14;12995;17;;;12989.0;0.0
yf_BGS_d1;56100;ASH_COATED_OSMIUM;9913;17;9910;24;;;9957;21;9961;22;;;9935.0;0.0
yf_BGS_d1;56100;INTARIAN_PEPPER_ROOT;12986;16;12983;21;;;12993;10;12995;22;;;12989.5;0.0
yf_BGS_d1;56200;ASH_COATED_OSMIUM;9932;17;9929;21;;;9938;8;9942;19;;;9935.0;0.0
yf_BGS_d1;56200;INTARIAN_PEPPER_ROOT;12986;14;12983;11;;;12992;10;12995;15;;;12989.0;0.0
yf_BGS_d1;56300;ASH_COATED_OSMIUM;9932;10;9928;28;;;9938;20;9942;33;;;9935.0;0.0
yf_BGS_d1;56300;INTARIAN_PEPPER_ROOT;12986;23;12984;19;;;12992;17;12996;21;;;12989.0;0.0
yf_BGS_d1;56400;ASH_COATED_OSMIUM;9931;15;9929;24;;;9941;12;9945;23;;;9936.0;0.0
yf_BGS_d1;56400;INTARIAN_PEPPER_ROOT;12985;13;12982;15;;;12991;18;12994;16;;;12988.0;0.0
yf_BGS_d1;56500;ASH_COATED_OSMIUM;9932;8;9929;21;;;9938;11;9942;12;;;9935.0;0.0
yf_BGS_d1;56500;INTARIAN_PEPPER_ROOT;12981;16;12978;27;;;12994;18;12996;23;;;12987.5;0.0
yf_BGS_d1;56600;ASH_COATED_OSMIUM;9929;17;9925;17;;;9941;8;9943;20;;;9935.0;0.0
yf_BGS_d1;56600;INTARIAN_PEPPER_ROOT;12985;5;12983;15;;;12991;17;12995;24;;;12988.0;0.0
yf_BGS_d1;56700;ASH_COATED_OSMIUM;9928;6;9924;20;;;9943;5;9947;17;;;9935.5;0.0
yf_BGS_d1;56700;INTARIAN_PEPPER_ROOT;12985;17;12983;15;;;12991;16;12993;15;;;12988.0;0.0
yf_BGS_d1;56800;ASH_COATED_OSMIUM;9932;12;9930;8;;;9938;17;9941;24;;;9935.0;0.0
yf_BGS_d1;56800;INTARIAN_PEPPER_ROOT;12984;14;12982;8;;;12990;18;12993;22;;;12987.0;0.0
yf_BGS_d1;56900;ASH_COATED_OSMIUM;9932;9;9928;24;;;9938;11;9940;16;;;9935.0;0.0
yf_BGS_d1;56900;INTARIAN_PEPPER_ROOT;12983;12;12980;24;;;12991;17;12993;21;;;12987.0;0.0
yf_BGS_d1;57000;ASH_COATED_OSMIUM;9926;21;9923;21;;;9943;5;9945;21;;;9934.5;0.0
yf_BGS_d1;57000;INTARIAN_PEPPER_ROOT;12983;21;12981;14;;;12989;11;12991;21;;;12986.0;0.0
yf_BGS_d1;57100;ASH_COATED_OSMIUM;9932;18;9929;25;;;9938;10;9941;13;;;9935.0;0.0
yf_BGS_d1;57100;INTARIAN_PEPPER_ROOT;12983;11;12980;22;;;12989;16;12992;25;;;12986.0;0.0
yf_BGS_d1;57200;ASH_COATED_OSMIUM;9930;16;9926;25;;;9939;16;9942;25;;;9934.5;0.0
yf_BGS_d1;57200;INTARIAN_PEPPER_ROOT;12984;16;12980;22;;;12990;14;12992;22;;;12987.0;0.0
yf_BGS_d1;57300;ASH_COATED_OSMIUM;9931;8;9929;22;;;9939;11;9942;15;;;9935.0;0.0
yf_BGS_d1;57300;INTARIAN_PEPPER_ROOT;12982;23;12978;25;;;12989;14;12991;12;;;12985.5;0.0
yf_BGS_d1;57400;ASH_COATED_OSMIUM;9932;15;9930;30;;;9938;17;9942;24;;;9935.0;0.0
yf_BGS_d1;57400;INTARIAN_PEPPER_ROOT;12980;15;12977;21;;;12992;14;12996;19;;;12986.0;0.0
yf_BGS_d1;57500;ASH_COATED_OSMIUM;9932;7;9928;20;;;9938;18;9940;17;;;9935.0;0.0
yf_BGS_d1;57500;INTARIAN_PEPPER_ROOT;12979;17;12976;18;;;12992;13;12994;22;;;12985.5;0.0
yf_BGS_d1;57600;ASH_COATED_OSMIUM;9929;15;9925;17;;;9941;19;9944;16;;;9935.0;0.0
yf_BGS_d1;57600;INTARIAN_PEPPER_ROOT;12982;11;12979;24;;;12990;14;12994;20;;;12986.0;0.0
yf_BGS_d1;57700;ASH_COATED_OSMIUM;9932;10;9930;16;;;9938;19;9940;26;;;9935.0;0.0
yf_BGS_d1;57700;INTARIAN_PEPPER_ROOT;12983;10;12979;25;;;12989;17;12992;19;;;12986.0;0.0
yf_BGS_d1;57800;ASH_COATED_OSMIUM;9926;12;9922;32;;;9943;8;9947;16;;;9934.5;0.0
yf_BGS_d1;57800;INTARIAN_PEPPER_ROOT;12974;9;12970;22;;;12997;16;13001;11;;;12985.5;0.0
yf_BGS_d1;57900;ASH_COATED_OSMIUM;9929;12;9926;20;;;9941;10;9945;22;;;9935.0;0.0
yf_BGS_d1;57900;INTARIAN_PEPPER_ROOT;12978;13;12976;10;;;12991;5;12994;21;;;12984.5;0.0
yf_BGS_d1;58000;ASH_COATED_OSMIUM;9930;22;9926;24;;;9940;18;9942;18;;;9935.0;0.0
yf_BGS_d1;58000;INTARIAN_PEPPER_ROOT;12982;7;12979;22;;;12988;16;12991;9;;;12985.0;0.0
yf_BGS_d1;58100;ASH_COATED_OSMIUM;9930;26;9928;14;;;9939;16;9943;29;;;9934.5;0.0
yf_BGS_d1;58100;INTARIAN_PEPPER_ROOT;12982;20;12980;19;;;12988;16;12991;11;;;12985.0;0.0
yf_BGS_d1;58200;ASH_COATED_OSMIUM;9930;9;9928;17;;;9939;5;9943;20;;;9934.5;0.0
yf_BGS_d1;58200;INTARIAN_PEPPER_ROOT;12981;23;12977;13;;;12988;22;12991;14;;;12984.5;0.0
yf_BGS_d1;58300;ASH_COATED_OSMIUM;9928;16;9926;27;;;9942;12;9946;19;;;9935.0;0.0
yf_BGS_d1;58300;INTARIAN_PEPPER_ROOT;12981;14;12977;16;;;12987;21;12991;23;;;12984.0;0.0
yf_BGS_d1;58400;ASH_COATED_OSMIUM;9932;11;9930;22;;;9938;8;9942;13;;;9935.0;0.0
yf_BGS_d1;58400;INTARIAN_PEPPER_ROOT;12981;21;12979;17;;;12987;9;12989;21;;;12984.0;0.0
yf_BGS_d1;58500;ASH_COATED_OSMIUM;9931;13;9929;20;;;9940;10;9942;19;;;9935.5;0.0
yf_BGS_d1;58500;INTARIAN_PEPPER_ROOT;12981;17;12978;20;;;12987;10;12991;27;;;12984.0;0.0
yf_BGS_d1;58600;ASH_COATED_OSMIUM;9932;22;9929;24;;;9938;20;9940;20;;;9935.0;0.0
yf_BGS_d1;58600;INTARIAN_PEPPER_ROOT;12981;23;12977;25;;;12987;17;12991;24;;;12984.0;0.0
yf_BGS_d1;58700;ASH_COATED_OSMIUM;9931;19;9929;27;;;9939;11;9942;22;;;9935.0;0.0
yf_BGS_d1;58700;INTARIAN_PEPPER_ROOT;12981;21;12977;13;;;12987;23;12991;14;;;12984.0;0.0
yf_BGS_d1;58800;ASH_COATED_OSMIUM;9915;16;9913;22;;;9956;18;9958;14;;;9935.5;0.0
yf_BGS_d1;58800;INTARIAN_PEPPER_ROOT;12980;22;12978;10;;;12986;17;12990;15;;;12983.0;0.0
yf_BGS_d1;58900;ASH_COATED_OSMIUM;9926;9;9924;28;;;9944;12;9947;23;;;9935.0;0.0
yf_BGS_d1;58900;INTARIAN_PEPPER_ROOT;12980;20;12977;19;;;12986;14;12990;23;;;12983.0;0.0
yf_BGS_d1;59000;ASH_COATED_OSMIUM;9928;19;9925;17;;;9942;17;9944;17;;;9935.0;0.0
