day;timestamp;product;bid_price_1;bid_volume_1;bid_price_2;bid_volume_2;bid_price_3;bid_volume_3;ask_price_1;ask_volume_1;ask_price_2;ask_volume_2;ask_price_3;ask_volume_3;mid_price;profit_and_loss
yf_ZW=F_d1;0;ASH_COATED_OSMIUM;9937;14;9935;18;;;9949;16;9953;19;;;9943.0;0.0
yf_ZW=F_d1;0;INTARIAN_PEPPER_ROOT;12996;8;12994;17;;;13004;21;13006;17;;;13000.0;0.0
yf_ZW=F_d1;100;ASH_COATED_OSMIUM;9938;14;9935;23;;;9948;13;9952;18;;;9943.0;0.0
yf_ZW=F_d1;100;INTARIAN_PEPPER_ROOT;12990;23;12986;23;;;13006;12;13008;26;;;12998.0;0.0
yf_ZW=F_d1;200;ASH_COATED_OSMIUM;9940;8;9938;19;;;9947;9;9950;17;;;9943.5;0.0
yf_ZW=F_d1;200;INTARIAN_PEPPER_ROOT;12993;18;12991;25;;;12999;14;13001;17;;;12996.0;0.0
yf_ZW=F_d1;300;ASH_COATED_OSMIUM;9941;14;9937;21;;;9947;12;9951;27;;;9944.0;0.0
yf_ZW=F_d1;300;INTARIAN_PEPPER_ROOT;12981;24;12978;25;;;13010;15;13013;17;;;12995.5;0.0
yf_ZW=F_d1;400;ASH_COATED_OSMIUM;9940;13;9936;20;;;9946;9;9948;20;;;9943.0;0.0
yf_ZW=F_d1;400;INTARIAN_PEPPER_ROOT;12993;16;12991;20;;;12999;9;13002;25;;;12996.0;0.0
yf_ZW=F_d1;500;ASH_COATED_OSMIUM;9940;13;9937;13;;;9946;17;9948;12;;;9943.0;0.0
yf_ZW=F_d1;500;INTARIAN_PEPPER_ROOT;12990;14;12986;29;;;12996;17;13000;25;;;12993.0;0.0
yf_ZW=F_d1;600;ASH_COATED_OSMIUM;9940;5;9936;14;;;9946;8;9948;17;;;9943.0;0.0
yf_ZW=F_d1;600;INTARIAN_PEPPER_ROOT;12990;17;12987;18;;;12996;16;12999;13;;;12993.0;0.0
yf_ZW=F_d1;700;ASH_COATED_OSMIUM;9938;16;9936;18;;;9948;22;9950;30;;;9943.0;0.0
yf_ZW=F_d1;700;INTARIAN_PEPPER_ROOT;12989;12;12986;20;;;12995;25;12999;16;;;12992.0;0.0
yf_ZW=F_d1;800;ASH_COATED_OSMIUM;9940;14;9937;22;;;9946;17;9949;21;;;9943.0;0.0
yf_ZW=F_d1;800;INTARIAN_PEPPER_ROOT;12987;10;12984;15;;;12993;9;12996;19;;;12990.0;0.0
yf_ZW=F_d1;900;ASH_COATED_OSMIUM;9936;17;9934;13;;;9950;11;9953;10;;;9943.0;0.0
yf_ZW=F_d1;900;INTARIAN_PEPPER_ROOT;12986;12;12982;20;;;12992;5;12994;15;;;12989.0;0.0
yf_ZW=F_d1;1000;ASH_COATED_OSMIUM;9940;7;9938;25;;;9946;14;9950;19;;;9943.0;0.0
yf_ZW=F_d1;1000;INTARIAN_PEPPER_ROOT;12985;18;12982;22;;;12991;9;12994;11;;;12988.0;0.0
yf_ZW=F_d1;1100;ASH_COATED_OSMIUM;9940;19;9936;16;;;9946;17;9948;12;;;9943.0;0.0
yf_ZW=F_d1;1100;INTARIAN_PEPPER_ROOT;12984;10;12982;16;;;12990;11;12994;20;;;12987.0;0.0
yf_ZW=F_d1;1200;ASH_COATED_OSMIUM;9940;15;9937;18;;;9946;12;9949;16;;;9943.0;0.0
yf_ZW=F_d1;1200;INTARIAN_PEPPER_ROOT;12983;15;12981;21;;;12989;16;12993;17;;;12986.0;0.0
yf_ZW=F_d1;1300;ASH_COATED_OSMIUM;9941;10;9938;17;;;9947;5;9950;25;;;9944.0;0.0
yf_ZW=F_d1;1300;INTARIAN_PEPPER_ROOT;12982;16;12979;23;;;12988;12;12992;22;;;12985.0;0.0
yf_ZW=F_d1;1400;ASH_COATED_OSMIUM;9941;23;9937;12;;;9947;11;9950;8;;;9944.0;0.0
yf_ZW=F_d1;1400;INTARIAN_PEPPER_ROOT;12980;12;12976;27;;;12986;21;12989;18;;;12983.0;0.0
yf_ZW=F_d1;1500;ASH_COATED_OSMIUM;9937;5;9933;15;;;9949;11;9953;19;;;9943.0;0.0
yf_ZW=F_d1;1500;INTARIAN_PEPPER_ROOT;12979;12;12976;22;;;12985;19;12988;23;;;12982.0;0.0
yf_ZW=F_d1;1600;ASH_COATED_OSMIUM;9940;16;9938;15;;;9946;16;9950;26;;;9943.0;0.0
yf_ZW=F_d1;1600;INTARIAN_PEPPER_ROOT;12974;14;12972;14;;;12988;23;12991;17;;;12981.0;0.0
yf_ZW=F_d1;1700;ASH_COATED_OSMIUM;9941;7;9937;13;;;9947;11;9949;13;;;9944.0;0.0
yf_ZW=F_d1;1700;INTARIAN_PEPPER_ROOT;12975;25;12971;13;;;12986;25;12990;18;;;12980.5;0.0
yf_ZW=F_d1;1800;ASH_COATED_OSMIUM;9941;15;9937;18;;;9947;19;9951;20;;;9944.0;0.0
yf_ZW=F_d1;1800;INTARIAN_PEPPER_ROOT;12976;19;12972;22;;;12982;12;12986;19;;;12979.0;0.0
yf_ZW=F_d1;1900;ASH_COATED_OSMIUM;9940;16;9937;19;;;9946;17;9949;18;;;9943.0;0.0
yf_ZW=F_d1;1900;INTARIAN_PEPPER_ROOT;12974;10;12971;16;;;12981;12;12983;15;;;12977.5;0.0
yf_ZW=F_d1;2000;ASH_COATED_OSMIUM;9941;16;9938;17;;;9947;7;9949;21;;;9944.0;0.0
yf_ZW=F_d1;2000;INTARIAN_PEPPER_ROOT;12974;15;12970;23;;;12980;18;12984;15;;;12977.0;0.0
yf_ZW=F_d1;2100;ASH_COATED_OSMIUM;9941;16;9937;24;;;9947;5;9951;29;;;9944.0;0.0
yf_ZW=F_d1;2100;INTARIAN_PEPPER_ROOT;12972;11;12969;22;;;12978;28;12981;26;;;12975.0;0.0
yf_ZW=F_d1;2200;ASH_COATED_OSMIUM;9940;14;9937;20;;;9948;14;9951;20;;;9944.0;0.0
yf_ZW=F_d1;2200;INTARIAN_PEPPER_ROOT;12971;16;12969;25;;;12978;21;12981;18;;;12974.5;0.0
yf_ZW=F_d1;2300;ASH_COATED_OSMIUM;9938;6;9936;17;;;9950;19;9952;17;;;9944.0;0.0
yf_ZW=F_d1;2300;INTARIAN_PEPPER_ROOT;12970;5;12966;17;;;12976;20;12978;20;;;12973.0;0.0
yf_ZW=F_d1;2400;ASH_COATED_OSMIUM;9937;10;9933;17;;;9949;11;9953;20;;;9943.0;0.0
yf_ZW=F_d1;2400;INTARIAN_PEPPER_ROOT;12969;9;12966;17;;;12975;17;12979;24;;;12972.0;0.0
yf_ZW=F_d1;2500;ASH_COATED_OSMIUM;9940;21;9938;27;;;9946;13;9948;26;;;9943.0;0.0
yf_ZW=F_d1;2500;INTARIAN_PEPPER_ROOT;12964;10;12960;26;;;12978;16;12982;13;;;12971.0;0.0
yf_ZW=F_d1;2600;ASH_COATED_OSMIUM;9941;18;9938;20;;;9947;19;9951;17;;;9944.0;0.0
yf_ZW=F_d1;2600;INTARIAN_PEPPER_ROOT;12963;18;12960;17;;;12977;19;12979;20;;;12970.0;0.0
yf_ZW=F_d1;2700;ASH_COATED_OSMIUM;9941;5;9938;18;;;9947;16;9951;19;;;9944.0;0.0
yf_ZW=F_d1;2700;INTARIAN_PEPPER_ROOT;12966;19;12962;24;;;12972;13;12975;26;;;12969.0;0.0
yf_ZW=F_d1;2800;ASH_COATED_OSMIUM;9940;21;9937;16;;;9946;15;9948;19;;;9943.0;0.0
yf_ZW=F_d1;2800;INTARIAN_PEPPER_ROOT;12964;20;12961;21;;;12970;6;12974;19;;;12967.0;0.0
yf_ZW=F_d1;2900;ASH_COATED_OSMIUM;9941;11;9938;9;;;9947;13;9951;17;;;9944.0;0.0
yf_ZW=F_d1;2900;INTARIAN_PEPPER_ROOT;12963;17;12959;21;;;12969;14;12972;19;;;12966.0;0.0
yf_ZW=F_d1;3000;ASH_COATED_OSMIUM;9940;12;9938;19;;;9946;15;9950;16;;;9943.0;0.0
yf_ZW=F_d1;3000;INTARIAN_PEPPER_ROOT;12962;19;12958;13;;;12968;18;12970;19;;;12965.0;0.0
yf_ZW=F_d1;3100;ASH_COATED_OSMIUM;9939;16;9935;18;;;9948;14;9950;19;;;9943.5;0.0
yf_ZW=F_d1;3100;INTARIAN_PEPPER_ROOT;12961;17;12957;23;;;12967;19;12969;25;;;12964.0;0.0
yf_ZW=F_d1;3200;ASH_COATED_OSMIUM;9934;9;9931;18;;;9953;12;9957;23;;;9943.5;0.0
yf_ZW=F_d1;3200;INTARIAN_PEPPER_ROOT;12953;16;12951;16;;;12973;10;12976;8;;;12963.0;0.0
yf_ZW=F_d1;3300;ASH_COATED_OSMIUM;9941;12;9939;22;;;9947;21;9949;16;;;9944.0;0.0
yf_ZW=F_d1;3300;INTARIAN_PEPPER_ROOT;12959;15;12955;16;;;12965;24;12968;11;;;12962.0;0.0
yf_ZW=F_d1;3400;ASH_COATED_OSMIUM;9941;23;9937;14;;;9947;18;9951;17;;;9944.0;0.0
yf_ZW=F_d1;3400;INTARIAN_PEPPER_ROOT;12958;16;12956;13;;;12964;8;12966;13;;;12961.0;0.0
yf_ZW=F_d1;3500;ASH_COATED_OSMIUM;9941;24;9937;10;;;9947;13;9949;18;;;9944.0;0.0
yf_ZW=F_d1;3500;INTARIAN_PEPPER_ROOT;12956;16;12954;16;;;12962;10;12965;13;;;12959.0;0.0
yf_ZW=F_d1;3600;ASH_COATED_OSMIUM;9940;11;9938;31;;;9946;22;9948;19;;;9943.0;0.0
yf_ZW=F_d1;3600;INTARIAN_PEPPER_ROOT;12954;8;12950;19;;;12962;20;12966;27;;;12958.0;0.0
yf_ZW=F_d1;3700;ASH_COATED_OSMIUM;9940;11;9938;18;;;9948;14;9950;25;;;9944.0;0.0
yf_ZW=F_d1;3700;INTARIAN_PEPPER_ROOT;12954;14;12950;19;;;12960;12;12964;18;;;12957.0;0.0
yf_ZW=F_d1;3800;ASH_COATED_OSMIUM;9942;12;9940;23;;;9948;10;9950;24;;;9945.0;0.0
yf_ZW=F_d1;3800;INTARIAN_PEPPER_ROOT;12953;5;12949;13;;;12959;21;12962;18;;;12956.0;0.0
yf_ZW=F_d1;3900;ASH_COATED_OSMIUM;9941;17;9937;20;;;9947;10;9951;10;;;9944.0;0.0
yf_ZW=F_d1;3900;INTARIAN_PEPPER_ROOT;12952;20;12948;15;;;12958;19;12962;13;;;12955.0;0.0
yf_ZW=F_d1;4000;ASH_COATED_OSMIUM;9941;15;9938;16;;;9947;12;9949;33;;;9944.0;0.0
yf_ZW=F_d1;4000;INTARIAN_PEPPER_ROOT;12951;9;12947;24;;;12957;19;12960;18;;;12954.0;0.0
yf_ZW=F_d1;4100;ASH_COATED_OSMIUM;9941;19;9939;15;;;9947;12;9949;26;;;9944.0;0.0
yf_ZW=F_d1;4100;INTARIAN_PEPPER_ROOT;12950;16;12948;18;;;12956;16;12959;12;;;12953.0;0.0
yf_ZW=F_d1;4200;ASH_COATED_OSMIUM;9941;12;9937;29;;;9947;13;9949;19;;;9944.0;0.0
yf_ZW=F_d1;4200;INTARIAN_PEPPER_ROOT;12944;18;12942;19;;;12958;19;12961;17;;;12951.0;0.0
yf_ZW=F_d1;4300;ASH_COATED_OSMIUM;9935;20;9932;12;;;9953;18;9956;22;;;9944.0;0.0
yf_ZW=F_d1;4300;INTARIAN_PEPPER_ROOT;12945;9;12941;17;;;12956;18;12960;15;;;12950.5;0.0
yf_ZW=F_d1;4400;ASH_COATED_OSMIUM;9940;16;9937;20;;;9950;8;9953;20;;;9945.0;0.0
yf_ZW=F_d1;4400;INTARIAN_PEPPER_ROOT;12946;13;12942;21;;;12952;23;12956;24;;;12949.0;0.0
yf_ZW=F_d1;4500;ASH_COATED_OSMIUM;9942;19;9938;20;;;9948;10;9952;29;;;9945.0;0.0
yf_ZW=F_d1;4500;INTARIAN_PEPPER_ROOT;12941;13;12939;27;;;12954;17;12956;22;;;12947.5;0.0
yf_ZW=F_d1;4600;ASH_COATED_OSMIUM;9941;11;9937;21;;;9947;13;9949;12;;;9944.0;0.0
yf_ZW=F_d1;4600;INTARIAN_PEPPER_ROOT;12944;11;12942;19;;;12950;15;12952;24;;;12947.0;0.0
yf_ZW=F_d1;4700;ASH_COATED_OSMIUM;9942;6;9938;16;;;9948;14;9951;20;;;9945.0;0.0
yf_ZW=F_d1;4700;INTARIAN_PEPPER_ROOT;12943;22;12941;20;;;12949;18;12953;21;;;12946.0;0.0
yf_ZW=F_d1;4800;ASH_COATED_OSMIUM;9941;13;9939;17;;;9949;8;9953;21;;;9945.0;0.0
yf_ZW=F_d1;4800;INTARIAN_PEPPER_ROOT;12940;18;12937;18;;;12950;17;12952;21;;;12945.0;0.0
yf_ZW=F_d1;4900;ASH_COATED_OSMIUM;9941;9;9939;18;;;9947;8;9951;11;;;9944.0;0.0
yf_ZW=F_d1;4900;INTARIAN_PEPPER_ROOT;12935;17;12932;21;;;12952;9;12954;24;;;12943.5;0.0
yf_ZW=F_d1;5000;ASH_COATED_OSMIUM;9941;16;9937;24;;;9947;20;9949;18;;;9944.0;0.0
yf_ZW=F_d1;5000;INTARIAN_PEPPER_ROOT;12936;18;12932;22;;;12948;5;12952;21;;;12942.0;0.0
yf_ZW=F_d1;5100;ASH_COATED_OSMIUM;9940;14;9938;20;;;9950;14;9954;9;;;9945.0;0.0
yf_ZW=F_d1;5100;INTARIAN_PEPPER_ROOT;12938;27;12935;14;;;12944;19;12948;22;;;12941.0;0.0
yf_ZW=F_d1;5200;ASH_COATED_OSMIUM;9942;13;9939;19;;;9948;14;9950;15;;;9945.0;0.0
yf_ZW=F_d1;5200;INTARIAN_PEPPER_ROOT;12936;13;12934;20;;;12943;6;12945;20;;;12939.5;0.0
yf_ZW=F_d1;5300;ASH_COATED_OSMIUM;9938;26;9936;21;;;9951;12;9953;22;;;9944.5;0.0
yf_ZW=F_d1;5300;INTARIAN_PEPPER_ROOT;12936;13;12933;19;;;12942;13;12944;22;;;12939.0;0.0
yf_ZW=F_d1;5400;ASH_COATED_OSMIUM;9938;5;9935;20;;;9950;24;9952;28;;;9944.0;0.0
yf_ZW=F_d1;5400;INTARIAN_PEPPER_ROOT;12933;13;12929;24;;;12942;15;12945;24;;;12937.5;0.0
yf_ZW=F_d1;5500;ASH_COATED_OSMIUM;9941;5;9937;18;;;9949;12;9952;24;;;9945.0;0.0
yf_ZW=F_d1;5500;INTARIAN_PEPPER_ROOT;12934;19;12930;24;;;12940;14;12944;15;;;12937.0;0.0
yf_ZW=F_d1;5600;ASH_COATED_OSMIUM;9938;14;9936;21;;;9950;7;9953;19;;;9944.0;0.0
yf_ZW=F_d1;5600;INTARIAN_PEPPER_ROOT;12930;15;12927;18;;;12940;12;12943;22;;;12935.0;0.0
yf_ZW=F_d1;5700;ASH_COATED_OSMIUM;9941;16;9937;18;;;9947;9;9951;18;;;9944.0;0.0
yf_ZW=F_d1;5700;INTARIAN_PEPPER_ROOT;12931;11;12929;24;;;12939;14;12941;12;;;12935.0;0.0
yf_ZW=F_d1;5800;ASH_COATED_OSMIUM;9922;13;9918;23;;;9967;25;9971;23;;;9944.5;0.0
yf_ZW=F_d1;5800;INTARIAN_PEPPER_ROOT;12923;15;12921;24;;;12943;15;12945;29;;;12933.0;0.0
yf_ZW=F_d1;5900;ASH_COATED_OSMIUM;9932;12;9930;26;;;9958;10;9962;19;;;9945.0;0.0
yf_ZW=F_d1;5900;INTARIAN_PEPPER_ROOT;12929;15;12926;21;;;12935;10;12937;9;;;12932.0;0.0
yf_ZW=F_d1;6000;ASH_COATED_OSMIUM;9942;18;9940;22;;;9948;21;9950;14;;;9945.0;0.0
yf_ZW=F_d1;6000;INTARIAN_PEPPER_ROOT;12928;22;12924;26;;;12934;21;12937;25;;;12931.0;0.0
yf_ZW=F_d1;6100;ASH_COATED_OSMIUM;9941;12;9937;20;;;9947;14;9950;24;;;9944.0;0.0
yf_ZW=F_d1;6100;INTARIAN_PEPPER_ROOT;12927;5;12924;18;;;12933;15;12937;21;;;12930.0;0.0
yf_ZW=F_d1;6200;ASH_COATED_OSMIUM;9935;12;9933;15;;;9953;17;9955;25;;;9944.0;0.0
yf_ZW=F_d1;6200;INTARIAN_PEPPER_ROOT;12925;23;12921;18;;;12932;20;12935;14;;;12928.5;0.0
yf_ZW=F_d1;6300;ASH_COATED_OSMIUM;9942;10;9939;22;;;9948;11;9952;23;;;9945.0;0.0
yf_ZW=F_d1;6300;INTARIAN_PEPPER_ROOT;12924;25;12921;21;;;12930;13;12932;14;;;12927.0;0.0
yf_ZW=F_d1;6400;ASH_COATED_OSMIUM;9934;19;9930;15;;;9955;14;9959;26;;;9944.5;0.0
yf_ZW=F_d1;6400;INTARIAN_PEPPER_ROOT;12919;13;12916;19;;;12933;9;12937;11;;;12926.0;0.0
yf_ZW=F_d1;6500;ASH_COATED_OSMIUM;9937;5;9935;18;;;9952;10;9955;26;;;9944.5;0.0
yf_ZW=F_d1;6500;INTARIAN_PEPPER_ROOT;12921;8;12919;19;;;12929;11;12932;24;;;12925.0;0.0
yf_ZW=F_d1;6600;ASH_COATED_OSMIUM;9933;14;9929;30;;;9956;17;9960;16;;;9944.5;0.0
yf_ZW=F_d1;6600;INTARIAN_PEPPER_ROOT;12921;10;12919;18;;;12927;17;12931;21;;;12924.0;0.0
yf_ZW=F_d1;6700;ASH_COATED_OSMIUM;9942;22;9938;21;;;9948;11;9951;15;;;9945.0;0.0
yf_ZW=F_d1;6700;INTARIAN_PEPPER_ROOT;12920;13;12918;18;;;12926;14;12928;19;;;12923.0;0.0
yf_ZW=F_d1;6800;ASH_COATED_OSMIUM;9942;11;9939;32;;;9948;12;9950;27;;;9945.0;0.0
yf_ZW=F_d1;6800;INTARIAN_PEPPER_ROOT;12914;16;12912;23;;;12930;18;12933;20;;;12922.0;0.0
yf_ZW=F_d1;6900;ASH_COATED_OSMIUM;9941;20;9938;32;;;9947;14;9951;18;;;9944.0;0.0
yf_ZW=F_d1;6900;INTARIAN_PEPPER_ROOT;12918;5;12914;19;;;12924;7;12928;30;;;12921.0;0.0
yf_ZW=F_d1;7000;ASH_COATED_OSMIUM;9942;13;9940;23;;;9948;10;9952;14;;;9945.0;0.0
yf_ZW=F_d1;7000;INTARIAN_PEPPER_ROOT;12915;16;12912;14;;;12925;15;12929;16;;;12920.0;0.0
yf_ZW=F_d1;7100;ASH_COATED_OSMIUM;9941;17;9938;21;;;9947;10;9950;11;;;9944.0;0.0
yf_ZW=F_d1;7100;INTARIAN_PEPPER_ROOT;12915;14;12911;23;;;12921;18;12924;13;;;12918.0;0.0
yf_ZW=F_d1;7200;ASH_COATED_OSMIUM;9938;17;9934;13;;;9952;10;9955;16;;;9945.0;0.0
yf_ZW=F_d1;7200;INTARIAN_PEPPER_ROOT;12914;16;12910;19;;;12920;17;12922;14;;;12917.0;0.0
yf_ZW=F_d1;7300;ASH_COATED_OSMIUM;9939;11;9935;28;;;9951;15;9953;22;;;9945.0;0.0
yf_ZW=F_d1;7300;INTARIAN_PEPPER_ROOT;12911;11;12907;18;;;12921;11;12924;17;;;12916.0;0.0
yf_ZW=F_d1;7400;ASH_COATED_OSMIUM;9939;5;9936;26;;;9950;16;9953;16;;;9944.5;0.0
yf_ZW=F_d1;7400;INTARIAN_PEPPER_ROOT;12912;12;12909;19;;;12918;13;12921;20;;;12915.0;0.0
yf_ZW=F_d1;7500;ASH_COATED_OSMIUM;9942;12;9940;17;;;9948;9;9952;17;;;9945.0;0.0
yf_ZW=F_d1;7500;INTARIAN_PEPPER_ROOT;12910;12;12907;18;;;12916;17;12919;19;;;12913.0;0.0
yf_ZW=F_d1;7600;ASH_COATED_OSMIUM;9942;14;9940;19;;;9948;16;9950;21;;;9945.0;0.0
yf_ZW=F_d1;7600;INTARIAN_PEPPER_ROOT;12910;11;12906;8;;;12916;19;12920;24;;;12913.0;0.0
yf_ZW=F_d1;7700;ASH_COATED_OSMIUM;9942;21;9938;16;;;9948;19;9950;17;;;9945.0;0.0
yf_ZW=F_d1;7700;INTARIAN_PEPPER_ROOT;12901;7;12898;30;;;12921;17;12923;18;;;12911.0;0.0
yf_ZW=F_d1;7800;ASH_COATED_OSMIUM;9936;18;9934;26;;;9954;15;9956;21;;;9945.0;0.0
yf_ZW=F_d1;7800;INTARIAN_PEPPER_ROOT;12907;16;12904;18;;;12913;9;12917;16;;;12910.0;0.0
yf_ZW=F_d1;7900;ASH_COATED_OSMIUM;9941;13;9937;12;;;9947;13;9949;20;;;9944.0;0.0
yf_ZW=F_d1;7900;INTARIAN_PEPPER_ROOT;12906;19;12904;12;;;12912;15;12916;13;;;12909.0;0.0
yf_ZW=F_d1;8000;ASH_COATED_OSMIUM;9939;12;9935;20;;;9951;20;9954;21;;;9945.0;0.0
yf_ZW=F_d1;8000;INTARIAN_PEPPER_ROOT;12905;19;12902;13;;;12911;9;12913;16;;;12908.0;0.0
yf_ZW=F_d1;8100;ASH_COATED_OSMIUM;9941;15;9937;20;;;9947;12;9949;16;;;9944.0;0.0
yf_ZW=F_d1;8100;INTARIAN_PEPPER_ROOT;12904;6;12900;22;;;12910;12;12914;22;;;12907.0;0.0
yf_ZW=F_d1;8200;ASH_COATED_OSMIUM;9939;9;9935;17;;;9950;5;9954;21;;;9944.5;0.0
yf_ZW=F_d1;8200;INTARIAN_PEPPER_ROOT;12902;14;12900;17;;;12908;19;12911;19;;;12905.0;0.0
yf_ZW=F_d1;8300;ASH_COATED_OSMIUM;9943;11;9939;15;;;9949;13;9953;24;;;9946.0;0.0
yf_ZW=F_d1;8300;INTARIAN_PEPPER_ROOT;12901;17;12897;15;;;12907;8;12910;26;;;12904.0;0.0
yf_ZW=F_d1;8400;ASH_COATED_OSMIUM;9942;23;9940;16;;;9948;13;9951;26;;;9945.0;0.0
yf_ZW=F_d1;8400;INTARIAN_PEPPER_ROOT;12901;15;12898;16;;;12907;16;12909;32;;;12904.0;0.0
yf_ZW=F_d1;8500;ASH_COATED_OSMIUM;9940;12;9937;22;;;9950;7;9952;10;;;9945.0;0.0
yf_ZW=F_d1;8500;INTARIAN_PEPPER_ROOT;12900;15;12896;23;;;12906;14;12910;23;;;12903.0;0.0
yf_ZW=F_d1;8600;ASH_COATED_OSMIUM;9937;28;9935;14;;;9954;20;9956;19;;;9945.5;0.0
yf_ZW=F_d1;8600;INTARIAN_PEPPER_ROOT;12898;8;12894;20;;;12904;15;12907;20;;;12901.0;0.0
yf_ZW=F_d1;8700;ASH_COATED_OSMIUM;9942;12;9938;19;;;9948;12;9952;24;;;9945.0;0.0
yf_ZW=F_d1;8700;INTARIAN_PEPPER_ROOT;12883;10;12880;17;;;12917;8;12920;24;;;12900.0;0.0
yf_ZW=F_d1;8800;ASH_COATED_OSMIUM;9939;15;9935;24;;;9952;13;9956;22;;;9945.5;0.0
yf_ZW=F_d1;8800;INTARIAN_PEPPER_ROOT;12896;12;12894;17;;;12902;12;12906;18;;;12899.0;0.0
yf_ZW=F_d1;8900;ASH_COATED_OSMIUM;9942;13;9940;22;;;9948;16;9950;20;;;9945.0;0.0
yf_ZW=F_d1;8900;INTARIAN_PEPPER_ROOT;12894;7;12892;18;;;12900;11;12903;15;;;12897.0;0.0
yf_ZW=F_d1;9000;ASH_COATED_OSMIUM;9941;11;9937;22;;;9950;24;9952;20;;;9945.5;0.0
yf_ZW=F_d1;9000;INTARIAN_PEPPER_ROOT;12893;24;12891;13;;;12899;16;12903;22;;;12896.0;0.0
yf_ZW=F_d1;9100;ASH_COATED_OSMIUM;9942;7;9938;23;;;9948;17;9952;13;;;9945.0;0.0
yf_ZW=F_d1;9100;INTARIAN_PEPPER_ROOT;12888;16;12886;18;;;12903;12;12907;20;;;12895.5;0.0
yf_ZW=F_d1;9200;ASH_COATED_OSMIUM;9943;19;9941;22;;;9949;8;9951;17;;;9946.0;0.0
yf_ZW=F_d1;9200;INTARIAN_PEPPER_ROOT;12886;27;12883;18;;;12901;15;12903;25;;;12893.5;0.0
yf_ZW=F_d1;9300;ASH_COATED_OSMIUM;9943;13;9939;16;;;9949;14;9951;8;;;9946.0;0.0
yf_ZW=F_d1;9300;INTARIAN_PEPPER_ROOT;12890;16;12888;21;;;12896;9;12899;22;;;12893.0;0.0
yf_ZW=F_d1;9400;ASH_COATED_OSMIUM;9935;11;9933;22;;;9956;15;9958;20;;;9945.5;0.0
yf_ZW=F_d1;9400;INTARIAN_PEPPER_ROOT;12888;10;12884;16;;;12896;15;12899;32;;;12892.0;0.0
yf_ZW=F_d1;9500;ASH_COATED_OSMIUM;9942;8;9938;26;;;9948;24;9951;25;;;9945.0;0.0
yf_ZW=F_d1;9500;INTARIAN_PEPPER_ROOT;12887;12;12883;15;;;12893;14;12895;16;;;12890.0;0.0
yf_ZW=F_d1;9600;ASH_COATED_OSMIUM;9942;10;9940;14;;;9948;19;9951;27;;;9945.0;0.0
yf_ZW=F_d1;9600;INTARIAN_PEPPER_ROOT;12874;6;12872;16;;;12906;6;12908;19;;;12890.0;0.0
yf_ZW=F_d1;9700;ASH_COATED_OSMIUM;9942;14;9940;26;;;9948;11;9950;22;;;9945.0;0.0
yf_ZW=F_d1;9700;INTARIAN_PEPPER_ROOT;12885;8;12881;16;;;12891;12;12894;18;;;12888.0;0.0
yf_ZW=F_d1;9800;ASH_COATED_OSMIUM;9940;19;9937;15;;;9949;22;9951;17;;;9944.5;0.0
yf_ZW=F_d1;9800;INTARIAN_PEPPER_ROOT;12885;17;12883;21;;;12891;16;12894;14;;;12888.0;0.0
yf_ZW=F_d1;9900;ASH_COATED_OSMIUM;9943;18;9939;21;;;9949;15;9953;19;;;9946.0;0.0
yf_ZW=F_d1;9900;INTARIAN_PEPPER_ROOT;12873;19;12870;20;;;12898;12;12900;28;;;12885.5;0.0
yf_ZW=F_d1;10000;ASH_COATED_OSMIUM;9941;17;9937;19;;;9951;18;9955;23;;;9946.0;0.0
yf_ZW=F_d1;10000;INTARIAN_PEPPER_ROOT;12867;14;12863;22;;;12903;15;12907;23;;;12885.0;0.0
yf_ZW=F_d1;10100;ASH_COATED_OSMIUM;9943;8;9941;14;;;9949;12;9952;13;;;9946.0;0.0
yf_ZW=F_d1;10100;INTARIAN_PEPPER_ROOT;12874;11;12872;24;;;12895;19;12897;24;;;12884.5;0.0
yf_ZW=F_d1;10200;ASH_COATED_OSMIUM;9935;10;9931;14;;;9958;24;9962;22;;;9946.5;0.0
yf_ZW=F_d1;10200;INTARIAN_PEPPER_ROOT;12871;8;12869;23;;;12894;24;12896;21;;;12882.5;0.0
yf_ZW=F_d1;10300;ASH_COATED_OSMIUM;9940;13;9937;19;;;9950;8;9952;12;;;9945.0;0.0
yf_ZW=F_d1;10300;INTARIAN_PEPPER_ROOT;12877;16;12873;19;;;12887;9;12889;15;;;12882.0;0.0
yf_ZW=F_d1;10400;ASH_COATED_OSMIUM;9908;14;9904;26;;;9984;22;9986;18;;;9946.0;0.0
yf_ZW=F_d1;10400;INTARIAN_PEPPER_ROOT;12877;14;12873;21;;;12883;11;12885;22;;;12880.0;0.0
yf_ZW=F_d1;10500;ASH_COATED_OSMIUM;9943;11;9941;20;;;9949;18;9951;23;;;9946.0;0.0
yf_ZW=F_d1;10500;INTARIAN_PEPPER_ROOT;12868;17;12864;22;;;12890;12;12893;23;;;12879.0;0.0
yf_ZW=F_d1;10600;ASH_COATED_OSMIUM;9942;16;9940;16;;;9949;10;9953;17;;;9945.5;0.0
yf_ZW=F_d1;10600;INTARIAN_PEPPER_ROOT;12862;14;12860;17;;;12894;11;12898;16;;;12878.0;0.0
yf_ZW=F_d1;10700;ASH_COATED_OSMIUM;9942;12;9938;19;;;9948;6;9952;16;;;9945.0;0.0
yf_ZW=F_d1;10700;INTARIAN_PEPPER_ROOT;12874;18;12872;18;;;12880;10;12882;23;;;12877.0;0.0
yf_ZW=F_d1;10800;ASH_COATED_OSMIUM;9941;11;9939;20;;;9949;17;9953;29;;;9945.0;0.0
yf_ZW=F_d1;10800;INTARIAN_PEPPER_ROOT;12870;19;12866;28;;;12883;14;12886;25;;;12876.5;0.0
yf_ZW=F_d1;10900;ASH_COATED_OSMIUM;9943;14;9941;17;;;9949;11;9952;8;;;9946.0;0.0
yf_ZW=F_d1;10900;INTARIAN_PEPPER_ROOT;12857;17;12854;8;;;12893;16;12895;17;;;12875.0;0.0
yf_ZW=F_d1;11000;ASH_COATED_OSMIUM;9940;13;9937;24;;;9950;15;9954;11;;;9945.0;0.0
yf_ZW=F_d1;11000;INTARIAN_PEPPER_ROOT;12871;21;12868;25;;;12877;16;12879;25;;;12874.0;0.0
yf_ZW=F_d1;11100;ASH_COATED_OSMIUM;9943;14;9940;18;;;9949;16;9952;27;;;9946.0;0.0
yf_ZW=F_d1;11100;INTARIAN_PEPPER_ROOT;12866;16;12862;22;;;12878;5;12881;13;;;12872.0;0.0
yf_ZW=F_d1;11200;ASH_COATED_OSMIUM;9933;16;9929;17;;;9959;8;9962;13;;;9946.0;0.0
yf_ZW=F_d1;11200;INTARIAN_PEPPER_ROOT;12864;20;12861;14;;;12879;18;12882;24;;;12871.5;0.0
yf_ZW=F_d1;11300;ASH_COATED_OSMIUM;9944;10;9941;13;;;9950;23;9954;17;;;9947.0;0.0
yf_ZW=F_d1;11300;INTARIAN_PEPPER_ROOT;12865;25;12863;17;;;12876;16;12878;22;;;12870.5;0.0
yf_ZW=F_d1;11400;ASH_COATED_OSMIUM;9943;7;9941;27;;;9949;11;9951;15;;;9946.0;0.0
yf_ZW=F_d1;11400;INTARIAN_PEPPER_ROOT;12865;9;12862;23;;;12871;7;12873;18;;;12868.0;0.0
yf_ZW=F_d1;11500;ASH_COATED_OSMIUM;9936;15;9933;9;;;9956;13;9960;15;;;9946.0;0.0
yf_ZW=F_d1;11500;INTARIAN_PEPPER_ROOT;12865;14;12863;24;;;12871;21;12874;18;;;12868.0;0.0
yf_ZW=F_d1;11600;ASH_COATED_OSMIUM;9942;16;9938;23;;;9948;10;9950;29;;;9945.0;0.0
yf_ZW=F_d1;11600;INTARIAN_PEPPER_ROOT;12864;17;12862;13;;;12870;15;12872;17;;;12867.0;0.0
yf_ZW=F_d1;11700;ASH_COATED_OSMIUM;9938;9;9934;10;;;9953;15;9957;20;;;9945.5;0.0
yf_ZW=F_d1;11700;INTARIAN_PEPPER_ROOT;12862;12;12860;26;;;12868;26;12872;8;;;12865.0;0.0
yf_ZW=F_d1;11800;ASH_COATED_OSMIUM;9943;17;9941;13;;;9949;15;9953;20;;;9946.0;0.0
yf_ZW=F_d1;11800;INTARIAN_PEPPER_ROOT;12857;9;12855;19;;;12874;9;12878;10;;;12865.5;0.0
yf_ZW=F_d1;11900;ASH_COATED_OSMIUM;9942;5;9940;28;;;9949;20;9951;18;;;9945.5;0.0
yf_ZW=F_d1;11900;INTARIAN_PEPPER_ROOT;12861;19;12858;20;;;12867;18;12871;14;;;12864.0;0.0
yf_ZW=F_d1;12000;ASH_COATED_OSMIUM;9940;8;9938;14;;;9953;20;9956;24;;;9946.5;0.0
yf_ZW=F_d1;12000;INTARIAN_PEPPER_ROOT;12859;22;12855;24;;;12865;16;12867;20;;;12862.0;0.0
yf_ZW=F_d1;12100;ASH_COATED_OSMIUM;9943;12;9939;21;;;9949;15;9951;23;;;9946.0;0.0
yf_ZW=F_d1;12100;INTARIAN_PEPPER_ROOT;12858;19;12856;20;;;12864;21;12866;28;;;12861.0;0.0
yf_ZW=F_d1;12200;ASH_COATED_OSMIUM;9940;13;9938;14;;;9952;13;9955;15;;;9946.0;0.0
yf_ZW=F_d1;12200;INTARIAN_PEPPER_ROOT;12858;17;12854;25;;;12864;19;12867;25;;;12861.0;0.0
yf_ZW=F_d1;12300;ASH_COATED_OSMIUM;9941;7;9939;15;;;9952;21;9954;23;;;9946.5;0.0
yf_ZW=F_d1;12300;INTARIAN_PEPPER_ROOT;12853;9;12850;20;;;12865;18;12869;25;;;12859.0;0.0
yf_ZW=F_d1;12400;ASH_COATED_OSMIUM;9935;18;9933;18;;;9956;17;9960;21;;;9945.5;0.0
yf_ZW=F_d1;12400;INTARIAN_PEPPER_ROOT;12852;12;12849;14;;;12862;15;12866;24;;;12857.0;0.0
yf_ZW=F_d1;12500;ASH_COATED_OSMIUM;9944;17;9942;23;;;9950;11;9954;21;;;9947.0;0.0
yf_ZW=F_d1;12500;INTARIAN_PEPPER_ROOT;12849;10;12846;21;;;12863;17;12865;22;;;12856.0;0.0
yf_ZW=F_d1;12600;ASH_COATED_OSMIUM;9936;24;9933;23;;;9956;5;9959;26;;;9946.0;0.0
yf_ZW=F_d1;12600;INTARIAN_PEPPER_ROOT;12850;15;12847;25;;;12860;5;12864;30;;;12855.0;0.0
yf_ZW=F_d1;12700;ASH_COATED_OSMIUM;9933;13;9930;15;;;9960;22;9962;21;;;9946.5;0.0
yf_ZW=F_d1;12700;INTARIAN_PEPPER_ROOT;12851;13;12848;21;;;12857;13;12859;24;;;12854.0;0.0
yf_ZW=F_d1;12800;ASH_COATED_OSMIUM;9938;16;9934;23;;;9954;17;9956;27;;;9946.0;0.0
yf_ZW=F_d1;12800;INTARIAN_PEPPER_ROOT;12850;11;12848;21;;;12856;17;12860;18;;;12853.0;0.0
yf_ZW=F_d1;12900;ASH_COATED_OSMIUM;9943;13;9939;18;;;9949;17;9951;19;;;9946.0;0.0
yf_ZW=F_d1;12900;INTARIAN_PEPPER_ROOT;12849;12;12846;20;;;12855;15;12859;14;;;12852.0;0.0
yf_ZW=F_d1;13000;ASH_COATED_OSMIUM;9941;16;9938;19;;;9951;6;9955;23;;;9946.0;0.0
yf_ZW=F_d1;13000;INTARIAN_PEPPER_ROOT;12847;7;12844;22;;;12854;22;12856;24;;;12850.5;0.0
yf_ZW=F_d1;13100;ASH_COATED_OSMIUM;9943;11;9941;20;;;9949;20;9953;11;;;9946.0;0.0
yf_ZW=F_d1;13100;INTARIAN_PEPPER_ROOT;12846;13;12843;18;;;12852;17;12855;14;;;12849.0;0.0
yf_ZW=F_d1;13200;ASH_COATED_OSMIUM;9943;5;9940;19;;;9949;24;9952;20;;;9946.0;0.0
yf_ZW=F_d1;13200;INTARIAN_PEPPER_ROOT;12845;11;12841;17;;;12851;14;12853;27;;;12848.0;0.0
yf_ZW=F_d1;13300;ASH_COATED_OSMIUM;9943;17;9941;27;;;9949;12;9953;23;;;9946.0;0.0
yf_ZW=F_d1;13300;INTARIAN_PEPPER_ROOT;12844;24;12842;14;;;12850;24;12853;24;;;12847.0;0.0
yf_ZW=F_d1;13400;ASH_COATED_OSMIUM;9939;13;9936;24;;;9953;20;9957;26;;;9946.0;0.0
yf_ZW=F_d1;13400;INTARIAN_PEPPER_ROOT;12843;7;12839;16;;;12849;16;12851;14;;;12846.0;0.0
yf_ZW=F_d1;13500;ASH_COATED_OSMIUM;9942;8;9939;16;;;9951;15;9954;22;;;9946.5;0.0
yf_ZW=F_d1;13500;INTARIAN_PEPPER_ROOT;12834;11;12831;22;;;12855;10;12859;19;;;12844.5;0.0
yf_ZW=F_d1;13600;ASH_COATED_OSMIUM;9943;14;9941;24;;;9949;5;9953;22;;;9946.0;0.0
yf_ZW=F_d1;13600;INTARIAN_PEPPER_ROOT;12841;14;12839;25;;;12847;12;12851;31;;;12844.0;0.0
yf_ZW=F_d1;13700;ASH_COATED_OSMIUM;9943;22;9940;17;;;9949;11;9951;23;;;9946.0;0.0
yf_ZW=F_d1;13700;INTARIAN_PEPPER_ROOT;12826;15;12823;22;;;12860;15;12862;29;;;12843.0;0.0
yf_ZW=F_d1;13800;ASH_COATED_OSMIUM;9937;11;9934;27;;;9955;11;9957;26;;;9946.0;0.0
yf_ZW=F_d1;13800;INTARIAN_PEPPER_ROOT;12839;20;12835;23;;;12845;18;12847;25;;;12842.0;0.0
yf_ZW=F_d1;13900;ASH_COATED_OSMIUM;9943;10;9939;19;;;9949;12;9951;16;;;9946.0;0.0
yf_ZW=F_d1;13900;INTARIAN_PEPPER_ROOT;12837;11;12834;22;;;12843;15;12846;27;;;12840.0;0.0
yf_ZW=F_d1;14000;ASH_COATED_OSMIUM;9940;13;9936;24;;;9953;18;9957;14;;;9946.5;0.0
yf_ZW=F_d1;14000;INTARIAN_PEPPER_ROOT;12831;8;12829;22;;;12847;12;12851;23;;;12839.0;0.0
yf_ZW=F_d1;14100;ASH_COATED_OSMIUM;9943;15;9940;26;;;9950;24;9952;20;;;9946.5;0.0
yf_ZW=F_d1;14100;INTARIAN_PEPPER_ROOT;12832;23;12829;21;;;12844;7;12846;29;;;12838.0;0.0
yf_ZW=F_d1;14200;ASH_COATED_OSMIUM;9937;21;9935;19;;;9956;7;9960;18;;;9946.5;0.0
yf_ZW=F_d1;14200;INTARIAN_PEPPER_ROOT;12827;17;12823;18;;;12847;21;12851;8;;;12837.0;0.0
yf_ZW=F_d1;14300;ASH_COATED_OSMIUM;9941;17;9938;20;;;9952;20;9955;25;;;9946.5;0.0
yf_ZW=F_d1;14300;INTARIAN_PEPPER_ROOT;12832;18;12829;24;;;12839;14;12843;14;;;12835.5;0.0
yf_ZW=F_d1;14400;ASH_COATED_OSMIUM;9942;10;9940;22;;;9952;5;9955;23;;;9947.0;0.0
yf_ZW=F_d1;14400;INTARIAN_PEPPER_ROOT;12832;5;12830;20;;;12838;21;12841;21;;;12835.0;0.0
yf_ZW=F_d1;14500;ASH_COATED_OSMIUM;9944;12;9940;23;;;9950;20;9953;26;;;9947.0;0.0
yf_ZW=F_d1;14500;INTARIAN_PEPPER_ROOT;12830;7;12827;14;;;12836;6;12839;17;;;12833.0;0.0
yf_ZW=F_d1;14600;ASH_COATED_OSMIUM;9944;10;9942;21;;;9950;5;9953;22;;;9947.0;0.0
yf_ZW=F_d1;14600;INTARIAN_PEPPER_ROOT;12830;14;12828;26;;;12836;19;12839;14;;;12833.0;0.0
yf_ZW=F_d1;14700;ASH_COATED_OSMIUM;9944;14;9941;19;;;9950;13;9954;27;;;9947.0;0.0
yf_ZW=F_d1;14700;INTARIAN_PEPPER_ROOT;12812;22;12810;18;;;12850;19;12853;18;;;12831.0;0.0
yf_ZW=F_d1;14800;ASH_COATED_OSMIUM;9941;8;9939;23;;;9952;19;9955;14;;;9946.5;0.0
yf_ZW=F_d1;14800;INTARIAN_PEPPER_ROOT;12827;13;12824;25;;;12833;20;12837;22;;;12830.0;0.0
yf_ZW=F_d1;14900;ASH_COATED_OSMIUM;9931;18;9929;23;;;9962;12;9966;18;;;9946.5;0.0
yf_ZW=F_d1;14900;INTARIAN_PEPPER_ROOT;12813;11;12809;23;;;12845;17;12847;25;;;12829.0;0.0
yf_ZW=F_d1;15000;ASH_COATED_OSMIUM;9944;10;9941;19;;;9950;5;9952;20;;;9947.0;0.0
yf_ZW=F_d1;15000;INTARIAN_PEPPER_ROOT;12825;9;12823;26;;;12831;9;12835;22;;;12828.0;0.0
yf_ZW=F_d1;15100;ASH_COATED_OSMIUM;9943;15;9940;12;;;9949;15;9951;15;;;9946.0;0.0
yf_ZW=F_d1;15100;INTARIAN_PEPPER_ROOT;12820;13;12816;24;;;12834;15;12836;23;;;12827.0;0.0
yf_ZW=F_d1;15200;ASH_COATED_OSMIUM;9944;17;9940;27;;;9950;7;9954;23;;;9947.0;0.0
yf_ZW=F_d1;15200;INTARIAN_PEPPER_ROOT;12812;14;12808;13;;;12840;18;12844;10;;;12826.0;0.0
yf_ZW=F_d1;15300;ASH_COATED_OSMIUM;9934;17;9930;14;;;9959;20;9962;17;;;9946.5;0.0
yf_ZW=F_d1;15300;INTARIAN_PEPPER_ROOT;12821;18;12818;22;;;12827;18;12829;21;;;12824.0;0.0
yf_ZW=F_d1;15400;ASH_COATED_OSMIUM;9944;14;9940;20;;;9950;24;9952;28;;;9947.0;0.0
yf_ZW=F_d1;15400;INTARIAN_PEPPER_ROOT;12817;13;12814;22;;;12830;18;12833;21;;;12823.5;0.0
yf_ZW=F_d1;15500;ASH_COATED_OSMIUM;9941;11;9938;19;;;9953;14;9957;21;;;9947.0;0.0
yf_ZW=F_d1;15500;INTARIAN_PEPPER_ROOT;12819;17;12817;16;;;12825;5;12829;18;;;12822.0;0.0
yf_ZW=F_d1;15600;ASH_COATED_OSMIUM;9942;16;9940;19;;;9952;14;9955;27;;;9947.0;0.0
yf_ZW=F_d1;15600;INTARIAN_PEPPER_ROOT;12818;18;12815;22;;;12824;12;12828;22;;;12821.0;0.0
yf_ZW=F_d1;15700;ASH_COATED_OSMIUM;9943;9;9941;19;;;9950;22;9954;22;;;9946.5;0.0
yf_ZW=F_d1;15700;INTARIAN_PEPPER_ROOT;12817;19;12814;24;;;12823;22;12826;11;;;12820.0;0.0
yf_ZW=F_d1;15800;ASH_COATED_OSMIUM;9941;21;9939;17;;;9953;21;9957;19;;;9947.0;0.0
yf_ZW=F_d1;15800;INTARIAN_PEPPER_ROOT;12814;10;12810;26;;;12823;13;12826;28;;;12818.5;0.0
yf_ZW=F_d1;15900;ASH_COATED_OSMIUM;9944;14;9941;12;;;9950;23;9953;25;;;9947.0;0.0
yf_ZW=F_d1;15900;INTARIAN_PEPPER_ROOT;12814;8;12812;17;;;12820;14;12824;18;;;12817.0;0.0
yf_ZW=F_d1;16000;ASH_COATED_OSMIUM;9930;16;9927;22;;;9964;8;9967;19;;;9947.0;0.0
yf_ZW=F_d1;16000;INTARIAN_PEPPER_ROOT;12813;10;12809;28;;;12819;21;12822;17;;;12816.0;0.0
yf_ZW=F_d1;16100;ASH_COATED_OSMIUM;9944;21;9940;21;;;9950;14;9953;11;;;9947.0;0.0
yf_ZW=F_d1;16100;INTARIAN_PEPPER_ROOT;12806;15;12804;23;;;12823;12;12827;18;;;12814.5;0.0
yf_ZW=F_d1;16200;ASH_COATED_OSMIUM;9940;8;9937;15;;;9955;12;9957;23;;;9947.5;0.0
yf_ZW=F_d1;16200;INTARIAN_PEPPER_ROOT;12796;8;12794;21;;;12831;15;12835;18;;;12813.5;0.0
yf_ZW=F_d1;16300;ASH_COATED_OSMIUM;9944;23;9940;21;;;9950;16;9952;15;;;9947.0;0.0
yf_ZW=F_d1;16300;INTARIAN_PEPPER_ROOT;12810;10;12808;16;;;12816;12;12820;22;;;12813.0;0.0
yf_ZW=F_d1;16400;ASH_COATED_OSMIUM;9944;18;9941;28;;;9950;14;9952;14;;;9947.0;0.0
yf_ZW=F_d1;16400;INTARIAN_PEPPER_ROOT;12809;24;12806;25;;;12815;12;12818;17;;;12812.0;0.0
yf_ZW=F_d1;16500;ASH_COATED_OSMIUM;9944;14;9940;23;;;9950;17;9952;16;;;9947.0;0.0
yf_ZW=F_d1;16500;INTARIAN_PEPPER_ROOT;12802;9;12798;19;;;12819;8;12822;20;;;12810.5;0.0
yf_ZW=F_d1;16600;ASH_COATED_OSMIUM;9942;15;9939;14;;;9953;16;9957;15;;;9947.5;0.0
yf_ZW=F_d1;16600;INTARIAN_PEPPER_ROOT;12807;21;12805;25;;;12813;21;12817;24;;;12810.0;0.0
yf_ZW=F_d1;16700;ASH_COATED_OSMIUM;9944;16;9941;17;;;9950;7;9954;17;;;9947.0;0.0
yf_ZW=F_d1;16700;INTARIAN_PEPPER_ROOT;12798;18;12796;22;;;12819;17;12823;16;;;12808.5;0.0
yf_ZW=F_d1;16800;ASH_COATED_OSMIUM;9933;14;9930;18;;;9961;18;9965;20;;;9947.0;0.0
yf_ZW=F_d1;16800;INTARIAN_PEPPER_ROOT;12804;20;12801;17;;;12810;13;12812;15;;;12807.0;0.0
yf_ZW=F_d1;16900;ASH_COATED_OSMIUM;9943;11;9940;21;;;9949;16;9952;20;;;9946.0;0.0
yf_ZW=F_d1;16900;INTARIAN_PEPPER_ROOT;12803;21;12800;12;;;12809;17;12813;18;;;12806.0;0.0
yf_ZW=F_d1;17000;ASH_COATED_OSMIUM;9941;8;9938;28;;;9954;9;9956;12;;;9947.5;0.0
yf_ZW=F_d1;17000;INTARIAN_PEPPER_ROOT;12803;16;12799;28;;;12809;14;12812;16;;;12806.0;0.0
yf_ZW=F_d1;17100;ASH_COATED_OSMIUM;9944;13;9942;20;;;9950;11;9952;16;;;9947.0;0.0
yf_ZW=F_d1;17100;INTARIAN_PEPPER_ROOT;12790;12;12787;15;;;12819;17;12822;18;;;12804.5;0.0
yf_ZW=F_d1;17200;ASH_COATED_OSMIUM;9944;9;9940;20;;;9950;15;9952;25;;;9947.0;0.0
yf_ZW=F_d1;17200;INTARIAN_PEPPER_ROOT;12799;12;12795;24;;;12811;15;12813;28;;;12805.0;0.0
yf_ZW=F_d1;17300;ASH_COATED_OSMIUM;9944;18;9941;11;;;9950;25;9954;10;;;9947.0;0.0
yf_ZW=F_d1;17300;INTARIAN_PEPPER_ROOT;12802;5;12798;26;;;12808;12;12812;20;;;12805.0;0.0
yf_ZW=F_d1;17400;ASH_COATED_OSMIUM;9934;10;9932;24;;;9960;11;9964;19;;;9947.0;0.0
yf_ZW=F_d1;17400;INTARIAN_PEPPER_ROOT;12801;20;12799;14;;;12807;12;12809;30;;;12804.0;0.0
yf_ZW=F_d1;17500;ASH_COATED_OSMIUM;9942;21;9939;24;;;9953;10;9956;23;;;9947.5;0.0
yf_ZW=F_d1;17500;INTARIAN_PEPPER_ROOT;12801;13;12798;20;;;12807;14;12811;24;;;12804.0;0.0
yf_ZW=F_d1;17600;ASH_COATED_OSMIUM;9938;20;9934;13;;;9955;10;9958;21;;;9946.5;0.0
yf_ZW=F_d1;17600;INTARIAN_PEPPER_ROOT;12801;20;12798;16;;;12807;21;12810;30;;;12804.0;0.0
yf_ZW=F_d1;17700;ASH_COATED_OSMIUM;9940;12;9938;20;;;9955;13;9959;20;;;9947.5;0.0
yf_ZW=F_d1;17700;INTARIAN_PEPPER_ROOT;12801;18;12799;28;;;12807;12;12809;17;;;12804.0;0.0
yf_ZW=F_d1;17800;ASH_COATED_OSMIUM;9943;17;9941;21;;;9949;20;9952;21;;;9946.0;0.0
yf_ZW=F_d1;17800;INTARIAN_PEPPER_ROOT;12801;11;12797;14;;;12807;17;12809;22;;;12804.0;0.0
yf_ZW=F_d1;17900;ASH_COATED_OSMIUM;9943;7;9940;13;;;9949;12;9953;23;;;9946.0;0.0
yf_ZW=F_d1;17900;INTARIAN_PEPPER_ROOT;12798;18;12794;11;;;12808;28;12812;22;;;12803.0;0.0
yf_ZW=F_d1;18000;ASH_COATED_OSMIUM;9942;12;9940;19;;;9950;16;9953;25;;;9946.0;0.0
yf_ZW=F_d1;18000;INTARIAN_PEPPER_ROOT;12800;13;12796;17;;;12806;8;12809;19;;;12803.0;0.0
yf_ZW=F_d1;18100;ASH_COATED_OSMIUM;9941;14;9938;20;;;9951;28;9954;27;;;9946.0;0.0
yf_ZW=F_d1;18100;INTARIAN_PEPPER_ROOT;12794;5;12791;20;;;12811;8;12814;25;;;12802.5;0.0
yf_ZW=F_d1;18200;ASH_COATED_OSMIUM;9936;19;9933;18;;;9956;11;9958;15;;;9946.0;0.0
yf_ZW=F_d1;18200;INTARIAN_PEPPER_ROOT;12799;9;12796;11;;;12805;5;12809;18;;;12802.0;0.0
yf_ZW=F_d1;18300;ASH_COATED_OSMIUM;9943;21;9939;19;;;9949;16;9951;21;;;9946.0;0.0
yf_ZW=F_d1;18300;INTARIAN_PEPPER_ROOT;12800;18;12798;15;;;12806;16;12809;20;;;12803.0;0.0
yf_ZW=F_d1;18400;ASH_COATED_OSMIUM;9943;10;9941;20;;;9949;20;9953;26;;;9946.0;0.0
yf_ZW=F_d1;18400;INTARIAN_PEPPER_ROOT;12799;18;12795;19;;;12805;8;12808;22;;;12802.0;0.0
yf_ZW=F_d1;18500;ASH_COATED_OSMIUM;9943;29;9940;21;;;9949;10;9952;24;;;9946.0;0.0
yf_ZW=F_d1;18500;INTARIAN_PEPPER_ROOT;12799;23;12797;12;;;12805;14;12808;27;;;12802.0;0.0
yf_ZW=F_d1;18600;ASH_COATED_OSMIUM;9943;6;9940;18;;;9949;5;9953;16;;;9946.0;0.0
yf_ZW=F_d1;18600;INTARIAN_PEPPER_ROOT;12781;25;12779;24;;;12823;15;12825;22;;;12802.0;0.0
yf_ZW=F_d1;18700;ASH_COATED_OSMIUM;9936;17;9932;24;;;9957;15;9961;25;;;9946.5;0.0
yf_ZW=F_d1;18700;INTARIAN_PEPPER_ROOT;12798;10;12794;16;;;12804;11;12806;18;;;12801.0;0.0
yf_ZW=F_d1;18800;ASH_COATED_OSMIUM;9939;10;9937;29;;;9953;17;9955;27;;;9946.0;0.0
yf_ZW=F_d1;18800;INTARIAN_PEPPER_ROOT;12798;14;12794;25;;;12804;21;12808;24;;;12801.0;0.0
yf_ZW=F_d1;18900;ASH_COATED_OSMIUM;9942;20;9938;21;;;9950;16;9953;15;;;9946.0;0.0
yf_ZW=F_d1;18900;INTARIAN_PEPPER_ROOT;12798;26;12795;23;;;12804;10;12806;20;;;12801.0;0.0
yf_ZW=F_d1;19000;ASH_COATED_OSMIUM;9942;16;9938;11;;;9949;19;9952;23;;;9945.5;0.0
yf_ZW=F_d1;19000;INTARIAN_PEPPER_ROOT;12797;19;12795;19;;;12803;16;12806;25;;;12800.0;0.0
yf_ZW=F_d1;19100;ASH_COATED_OSMIUM;9942;13;9938;28;;;9948;13;9951;13;;;9945.0;0.0
yf_ZW=F_d1;19100;INTARIAN_PEPPER_ROOT;12797;13;12793;12;;;12803;17;12806;22;;;12800.0;0.0
yf_ZW=F_d1;19200;ASH_COATED_OSMIUM;9941;14;9937;17;;;9948;14;9952;21;;;9944.5;0.0
yf_ZW=F_d1;19200;INTARIAN_PEPPER_ROOT;12797;11;12793;24;;;12803;16;12806;15;;;12800.0;0.0
yf_ZW=F_d1;19300;ASH_COATED_OSMIUM;9942;10;9938;20;;;9948;15;9951;18;;;9945.0;0.0
yf_ZW=F_d1;19300;INTARIAN_PEPPER_ROOT;12797;15;12794;16;;;12803;14;12806;18;;;12800.0;0.0
yf_ZW=F_d1;19400;ASH_COATED_OSMIUM;9942;15;9939;13;;;9948;15;9952;32;;;9945.0;0.0
yf_ZW=F_d1;19400;INTARIAN_PEPPER_ROOT;12797;14;12793;19;;;12803;20;12807;21;;;12800.0;0.0
yf_ZW=F_d1;19500;ASH_COATED_OSMIUM;9941;10;9938;10;;;9948;20;9950;17;;;9944.5;0.0
yf_ZW=F_d1;19500;INTARIAN_PEPPER_ROOT;12797;17;12795;20;;;12803;8;12805;17;;;12800.0;0.0
yf_ZW=F_d1;19600;ASH_COATED_OSMIUM;9942;12;9940;19;;;9948;6;9951;17;;;9945.0;0.0
yf_ZW=F_d1;19600;INTARIAN_PEPPER_ROOT;12796;16;12794;19;;;12802;19;12806;18;;;12799.0;0.0
yf_ZW=F_d1;19700;ASH_COATED_OSMIUM;9942;25;9940;27;;;9948;20;9951;22;;;9945.0;0.0
yf_ZW=F_d1;19700;INTARIAN_PEPPER_ROOT;12796;7;12792;21;;;12802;10;12804;15;;;12799.0;0.0
yf_ZW=F_d1;19800;ASH_COATED_OSMIUM;9942;17;9938;17;;;9948;30;9951;11;;;9945.0;0.0
yf_ZW=F_d1;19800;INTARIAN_PEPPER_ROOT;12796;12;12793;10;;;12802;23;12806;23;;;12799.0;0.0
yf_ZW=F_d1;19900;ASH_COATED_OSMIUM;9936;15;9933;16;;;9955;18;9959;23;;;9945.5;0.0
yf_ZW=F_d1;19900;INTARIAN_PEPPER_ROOT;12790;14;12788;19;;;12807;17;12810;22;;;12798.5;0.0
yf_ZW=F_d1;20000;ASH_COATED_OSMIUM;9942;10;9938;10;;;9948;16;9952;19;;;9945.0;0.0
yf_ZW=F_d1;20000;INTARIAN_PEPPER_ROOT;12795;20;12791;14;;;12801;14;12804;19;;;12798.0;0.0
yf_ZW=F_d1;20100;ASH_COATED_OSMIUM;9941;14;9937;29;;;9947;15;9949;31;;;9944.0;0.0
yf_ZW=F_d1;20100;INTARIAN_PEPPER_ROOT;12795;18;12792;11;;;12801;14;12803;26;;;12798.0;0.0
yf_ZW=F_d1;20200;ASH_COATED_OSMIUM;9942;5;9938;27;;;9948;9;9951;22;;;9945.0;0.0
yf_ZW=F_d1;20200;INTARIAN_PEPPER_ROOT;12795;20;12791;11;;;12802;9;12805;16;;;12798.5;0.0
yf_ZW=F_d1;20300;ASH_COATED_OSMIUM;9941;7;9939;14;;;9948;8;9952;22;;;9944.5;0.0
yf_ZW=F_d1;20300;INTARIAN_PEPPER_ROOT;12795;21;12793;9;;;12801;15;12803;22;;;12798.0;0.0
yf_ZW=F_d1;20400;ASH_COATED_OSMIUM;9939;8;9936;26;;;9951;20;9955;18;;;9945.0;0.0
yf_ZW=F_d1;20400;INTARIAN_PEPPER_ROOT;12793;12;12791;20;;;12802;16;12804;8;;;12797.5;0.0
yf_ZW=F_d1;20500;ASH_COATED_OSMIUM;9942;9;9940;29;;;9948;23;9951;15;;;9945.0;0.0
yf_ZW=F_d1;20500;INTARIAN_PEPPER_ROOT;12795;17;12792;25;;;12801;14;12805;22;;;12798.0;0.0
yf_ZW=F_d1;20600;ASH_COATED_OSMIUM;9941;16;9938;17;;;9947;14;9950;19;;;9944.0;0.0
yf_ZW=F_d1;20600;INTARIAN_PEPPER_ROOT;12784;13;12782;17;;;12809;22;12813;21;;;12796.5;0.0
yf_ZW=F_d1;20700;ASH_COATED_OSMIUM;9942;8;9938;26;;;9948;22;9951;21;;;9945.0;0.0
yf_ZW=F_d1;20700;INTARIAN_PEPPER_ROOT;12793;13;12791;21;;;12799;17;12803;23;;;12796.0;0.0
yf_ZW=F_d1;20800;ASH_COATED_OSMIUM;9939;12;9935;28;;;9949;15;9953;22;;;9944.0;0.0
yf_ZW=F_d1;20800;INTARIAN_PEPPER_ROOT;12793;12;12790;19;;;12799;10;12801;22;;;12796.0;0.0
yf_ZW=F_d1;20900;ASH_COATED_OSMIUM;9941;19;9939;25;;;9947;17;9949;25;;;9944.0;0.0
yf_ZW=F_d1;20900;INTARIAN_PEPPER_ROOT;12793;21;12790;22;;;12799;13;12801;15;;;12796.0;0.0
yf_ZW=F_d1;21000;ASH_COATED_OSMIUM;9937;13;9933;20;;;9951;15;9955;22;;;9944.0;0.0
yf_ZW=F_d1;21000;INTARIAN_PEPPER_ROOT;12790;5;12787;17;;;12802;6;12805;24;;;12796.0;0.0
yf_ZW=F_d1;21100;ASH_COATED_OSMIUM;9940;14;9937;17;;;9948;21;9952;21;;;9944.0;0.0
yf_ZW=F_d1;21100;INTARIAN_PEPPER_ROOT;12788;24;12784;23;;;12801;19;12805;15;;;12794.5;0.0
yf_ZW=F_d1;21200;ASH_COATED_OSMIUM;9932;13;9930;16;;;9955;14;9957;29;;;9943.5;0.0
yf_ZW=F_d1;21200;INTARIAN_PEPPER_ROOT;12792;6;12790;14;;;12798;18;12802;29;;;12795.0;0.0
yf_ZW=F_d1;21300;ASH_COATED_OSMIUM;9941;12;9939;14;;;9948;14;9952;15;;;9944.5;0.0
yf_ZW=F_d1;21300;INTARIAN_PEPPER_ROOT;12791;13;12788;24;;;12799;11;12801;21;;;12795.0;0.0
yf_ZW=F_d1;21400;ASH_COATED_OSMIUM;9941;16;9937;22;;;9947;10;9950;14;;;9944.0;0.0
yf_ZW=F_d1;21400;INTARIAN_PEPPER_ROOT;12788;15;12785;32;;;12802;20;12804;22;;;12795.0;0.0
yf_ZW=F_d1;21500;ASH_COATED_OSMIUM;9937;23;9933;15;;;9951;11;9954;20;;;9944.0;0.0
yf_ZW=F_d1;21500;INTARIAN_PEPPER_ROOT;12792;20;12789;22;;;12798;19;12802;14;;;12795.0;0.0
yf_ZW=F_d1;21600;ASH_COATED_OSMIUM;9941;9;9937;27;;;9947;17;9951;17;;;9944.0;0.0
yf_ZW=F_d1;21600;INTARIAN_PEPPER_ROOT;12790;20;12788;16;;;12799;17;12802;18;;;12794.5;0.0
yf_ZW=F_d1;21700;ASH_COATED_OSMIUM;9935;17;9931;26;;;9952;12;9954;13;;;9943.5;0.0
yf_ZW=F_d1;21700;INTARIAN_PEPPER_ROOT;12791;10;12789;16;;;12797;16;12800;15;;;12794.0;0.0
yf_ZW=F_d1;21800;ASH_COATED_OSMIUM;9941;7;9937;17;;;9947;10;9950;19;;;9944.0;0.0
yf_ZW=F_d1;21800;INTARIAN_PEPPER_ROOT;12791;14;12788;11;;;12797;10;12800;19;;;12794.0;0.0
yf_ZW=F_d1;21900;ASH_COATED_OSMIUM;9940;21;9936;16;;;9947;15;9950;21;;;9943.5;0.0
yf_ZW=F_d1;21900;INTARIAN_PEPPER_ROOT;12789;8;12787;17;;;12797;18;12801;14;;;12793.0;0.0
yf_ZW=F_d1;22000;ASH_COATED_OSMIUM;9940;18;9936;24;;;9947;19;9951;21;;;9943.5;0.0
yf_ZW=F_d1;22000;INTARIAN_PEPPER_ROOT;12789;19;12787;12;;;12796;14;12798;22;;;12792.5;0.0
yf_ZW=F_d1;22100;ASH_COATED_OSMIUM;9928;16;9926;26;;;9959;7;9963;20;;;9943.5;0.0
yf_ZW=F_d1;22100;INTARIAN_PEPPER_ROOT;12790;13;12788;14;;;12796;19;12799;14;;;12793.0;0.0
yf_ZW=F_d1;22200;ASH_COATED_OSMIUM;9938;10;9936;23;;;9949;29;9953;20;;;9943.5;0.0
yf_ZW=F_d1;22200;INTARIAN_PEPPER_ROOT;12790;24;12787;20;;;12796;21;12799;14;;;12793.0;0.0
yf_ZW=F_d1;22300;ASH_COATED_OSMIUM;9940;17;9938;25;;;9946;15;9948;28;;;9943.0;0.0
yf_ZW=F_d1;22300;INTARIAN_PEPPER_ROOT;12790;24;12788;21;;;12796;12;12799;25;;;12793.0;0.0
yf_ZW=F_d1;22400;ASH_COATED_OSMIUM;9940;11;9936;23;;;9946;17;9948;13;;;9943.0;0.0
yf_ZW=F_d1;22400;INTARIAN_PEPPER_ROOT;12789;5;12786;28;;;12795;16;12797;21;;;12792.0;0.0
yf_ZW=F_d1;22500;ASH_COATED_OSMIUM;9940;17;9938;12;;;9946;14;9949;17;;;9943.0;0.0
yf_ZW=F_d1;22500;INTARIAN_PEPPER_ROOT;12788;18;12784;23;;;12795;11;12798;20;;;12791.5;0.0
yf_ZW=F_d1;22600;ASH_COATED_OSMIUM;9940;14;9936;24;;;9946;12;9949;24;;;9943.0;0.0
yf_ZW=F_d1;22600;INTARIAN_PEPPER_ROOT;12789;20;12787;21;;;12795;8;12798;21;;;12792.0;0.0
yf_ZW=F_d1;22700;ASH_COATED_OSMIUM;9940;15;9937;20;;;9946;17;9949;25;;;9943.0;0.0
yf_ZW=F_d1;22700;INTARIAN_PEPPER_ROOT;12789;20;12785;12;;;12795;6;12798;18;;;12792.0;0.0
yf_ZW=F_d1;22800;ASH_COATED_OSMIUM;9936;12;9932;21;;;9950;5;9952;22;;;9943.0;0.0
yf_ZW=F_d1;22800;INTARIAN_PEPPER_ROOT;12788;17;12784;18;;;12794;5;12796;30;;;12791.0;0.0
yf_ZW=F_d1;22900;ASH_COATED_OSMIUM;9939;8;9937;18;;;9946;15;9948;26;;;9942.5;0.0
yf_ZW=F_d1;22900;INTARIAN_PEPPER_ROOT;12788;20;12786;27;;;12794;15;12797;21;;;12791.0;0.0
yf_ZW=F_d1;23000;ASH_COATED_OSMIUM;9938;12;9934;25;;;9949;12;9953;20;;;9943.5;0.0
yf_ZW=F_d1;23000;INTARIAN_PEPPER_ROOT;12788;19;12785;24;;;12794;20;12796;18;;;12791.0;0.0
yf_ZW=F_d1;23100;ASH_COATED_OSMIUM;9940;22;9938;25;;;9946;13;9949;33;;;9943.0;0.0
yf_ZW=F_d1;23100;INTARIAN_PEPPER_ROOT;12788;22;12786;19;;;12794;17;12797;21;;;12791.0;0.0
yf_ZW=F_d1;23200;ASH_COATED_OSMIUM;9933;20;9930;22;;;9951;20;9953;8;;;9942.0;0.0
yf_ZW=F_d1;23200;INTARIAN_PEPPER_ROOT;12784;15;12782;24;;;12795;13;12797;23;;;12789.5;0.0
yf_ZW=F_d1;23300;ASH_COATED_OSMIUM;9939;9;9936;25;;;9945;14;9948;21;;;9942.0;0.0
yf_ZW=F_d1;23300;INTARIAN_PEPPER_ROOT;12780;20;12776;27;;;12800;13;12804;16;;;12790.0;0.0
yf_ZW=F_d1;23400;ASH_COATED_OSMIUM;9939;16;9935;21;;;9945;20;9949;8;;;9942.0;0.0
yf_ZW=F_d1;23400;INTARIAN_PEPPER_ROOT;12786;13;12784;23;;;12793;16;12796;13;;;12789.5;0.0
yf_ZW=F_d1;23500;ASH_COATED_OSMIUM;9939;15;9936;17;;;9945;19;9949;19;;;9942.0;0.0
yf_ZW=F_d1;23500;INTARIAN_PEPPER_ROOT;12786;19;12782;19;;;12792;22;12795;23;;;12789.0;0.0
yf_ZW=F_d1;23600;ASH_COATED_OSMIUM;9934;5;9931;26;;;9950;15;9952;15;;;9942.0;0.0
yf_ZW=F_d1;23600;INTARIAN_PEPPER_ROOT;12780;9;12777;16;;;12798;11;12800;22;;;12789.0;0.0
yf_ZW=F_d1;23700;ASH_COATED_OSMIUM;9939;12;9935;21;;;9945;14;9947;19;;;9942.0;0.0
yf_ZW=F_d1;23700;INTARIAN_PEPPER_ROOT;12786;5;12784;14;;;12792;13;12796;21;;;12789.0;0.0
yf_ZW=F_d1;23800;ASH_COATED_OSMIUM;9933;17;9931;23;;;9951;14;9955;22;;;9942.0;0.0
yf_ZW=F_d1;23800;INTARIAN_PEPPER_ROOT;12782;18;12779;14;;;12797;12;12801;21;;;12789.5;0.0
yf_ZW=F_d1;23900;ASH_COATED_OSMIUM;9937;9;9934;17;;;9948;15;9952;27;;;9942.5;0.0
yf_ZW=F_d1;23900;INTARIAN_PEPPER_ROOT;12786;20;12782;11;;;12792;10;12794;24;;;12789.0;0.0
yf_ZW=F_d1;24000;ASH_COATED_OSMIUM;9939;12;9937;18;;;9946;16;9949;15;;;9942.5;0.0
yf_ZW=F_d1;24000;INTARIAN_PEPPER_ROOT;12774;19;12770;15;;;12802;7;12804;18;;;12788.0;0.0
yf_ZW=F_d1;24100;ASH_COATED_OSMIUM;9935;24;9932;10;;;9947;15;9949;26;;;9941.0;0.0
yf_ZW=F_d1;24100;INTARIAN_PEPPER_ROOT;12776;11;12773;21;;;12801;14;12804;12;;;12788.5;0.0
yf_ZW=F_d1;24200;ASH_COATED_OSMIUM;9939;17;9937;25;;;9945;17;9948;21;;;9942.0;0.0
yf_ZW=F_d1;24200;INTARIAN_PEPPER_ROOT;12785;16;12783;20;;;12791;12;12794;15;;;12788.0;0.0
yf_ZW=F_d1;24300;ASH_COATED_OSMIUM;9930;22;9926;16;;;9955;12;9958;22;;;9942.5;0.0
yf_ZW=F_d1;24300;INTARIAN_PEPPER_ROOT;12777;16;12775;14;;;12798;14;12800;24;;;12787.5;0.0
yf_ZW=F_d1;24400;ASH_COATED_OSMIUM;9938;14;9935;18;;;9946;21;9950;15;;;9942.0;0.0
yf_ZW=F_d1;24400;INTARIAN_PEPPER_ROOT;12783;17;12781;20;;;12793;5;12796;21;;;12788.0;0.0
yf_ZW=F_d1;24500;ASH_COATED_OSMIUM;9939;10;9936;22;;;9945;9;9947;11;;;9942.0;0.0
yf_ZW=F_d1;24500;INTARIAN_PEPPER_ROOT;12777;11;12775;12;;;12796;16;12799;25;;;12786.5;0.0
yf_ZW=F_d1;24600;ASH_COATED_OSMIUM;9939;19;9937;19;;;9945;21;9948;17;;;9942.0;0.0
yf_ZW=F_d1;24600;INTARIAN_PEPPER_ROOT;12779;12;12775;20;;;12794;14;12797;23;;;12786.5;0.0
yf_ZW=F_d1;24700;ASH_COATED_OSMIUM;9939;10;9935;19;;;9945;20;9949;27;;;9942.0;0.0
yf_ZW=F_d1;24700;INTARIAN_PEPPER_ROOT;12773;11;12769;15;;;12802;11;12806;27;;;12787.5;0.0
yf_ZW=F_d1;24800;ASH_COATED_OSMIUM;9937;15;9935;14;;;9946;12;9948;19;;;9941.5;0.0
yf_ZW=F_d1;24800;INTARIAN_PEPPER_ROOT;12762;14;12758;19;;;12810;17;12813;14;;;12786.0;0.0
yf_ZW=F_d1;24900;ASH_COATED_OSMIUM;9926;9;9923;11;;;9957;16;9959;31;;;9941.5;0.0
yf_ZW=F_d1;24900;INTARIAN_PEPPER_ROOT;12783;8;12780;17;;;12789;5;12791;17;;;12786.0;0.0
yf_ZW=F_d1;25000;ASH_COATED_OSMIUM;9937;11;9935;18;;;9945;11;9949;16;;;9941.0;0.0
yf_ZW=F_d1;25000;INTARIAN_PEPPER_ROOT;12782;14;12779;14;;;12791;19;12793;23;;;12786.5;0.0
yf_ZW=F_d1;25100;ASH_COATED_OSMIUM;9933;18;9931;15;;;9949;13;9951;8;;;9941.0;0.0
yf_ZW=F_d1;25100;INTARIAN_PEPPER_ROOT;12783;9;12779;17;;;12789;17;12791;15;;;12786.0;0.0
yf_ZW=F_d1;25200;ASH_COATED_OSMIUM;9938;17;9934;27;;;9944;8;9948;23;;;9941.0;0.0
yf_ZW=F_d1;25200;INTARIAN_PEPPER_ROOT;12782;14;12780;15;;;12788;13;12792;23;;;12785.0;0.0
yf_ZW=F_d1;25300;ASH_COATED_OSMIUM;9938;20;9935;23;;;9944;20;9947;24;;;9941.0;0.0
yf_ZW=F_d1;25300;INTARIAN_PEPPER_ROOT;12782;18;12778;17;;;12788;23;12790;20;;;12785.0;0.0
yf_ZW=F_d1;25400;ASH_COATED_OSMIUM;9930;20;9927;20;;;9952;24;9956;21;;;9941.0;0.0
yf_ZW=F_d1;25400;INTARIAN_PEPPER_ROOT;12776;15;12772;8;;;12794;8;12798;19;;;12785.0;0.0
yf_ZW=F_d1;25500;ASH_COATED_OSMIUM;9938;11;9934;19;;;9944;8;9946;9;;;9941.0;0.0
yf_ZW=F_d1;25500;INTARIAN_PEPPER_ROOT;12782;15;12778;12;;;12788;17;12792;20;;;12785.0;0.0
yf_ZW=F_d1;25600;ASH_COATED_OSMIUM;9935;14;9932;16;;;9946;22;9950;14;;;9940.5;0.0
yf_ZW=F_d1;25600;INTARIAN_PEPPER_ROOT;12781;26;12778;22;;;12787;21;12790;19;;;12784.0;0.0
yf_ZW=F_d1;25700;ASH_COATED_OSMIUM;9938;16;9935;14;;;9944;21;9948;21;;;9941.0;0.0
yf_ZW=F_d1;25700;INTARIAN_PEPPER_ROOT;12770;5;12768;20;;;12800;19;12803;22;;;12785.0;0.0
yf_ZW=F_d1;25800;ASH_COATED_OSMIUM;9937;9;9935;14;;;9945;11;9948;21;;;9941.0;0.0
yf_ZW=F_d1;25800;INTARIAN_PEPPER_ROOT;12781;15;12779;28;;;12787;10;12790;29;;;12784.0;0.0
yf_ZW=F_d1;25900;ASH_COATED_OSMIUM;9938;16;9934;20;;;9944;23;9947;27;;;9941.0;0.0
yf_ZW=F_d1;25900;INTARIAN_PEPPER_ROOT;12779;16;12776;23;;;12789;21;12793;16;;;12784.0;0.0
yf_ZW=F_d1;26000;ASH_COATED_OSMIUM;9937;7;9934;14;;;9943;17;9945;16;;;9940.0;0.0
yf_ZW=F_d1;26000;INTARIAN_PEPPER_ROOT;12776;7;12774;22;;;12792;18;12796;17;;;12784.0;0.0
yf_ZW=F_d1;26100;ASH_COATED_OSMIUM;9925;12;9922;22;;;9957;16;9961;22;;;9941.0;0.0
yf_ZW=F_d1;26100;INTARIAN_PEPPER_ROOT;12780;21;12777;24;;;12786;5;12790;26;;;12783.0;0.0
yf_ZW=F_d1;26200;ASH_COATED_OSMIUM;9927;10;9925;16;;;9954;16;9958;20;;;9940.5;0.0
yf_ZW=F_d1;26200;INTARIAN_PEPPER_ROOT;12780;12;12778;21;;;12788;9;12790;23;;;12784.0;0.0
yf_ZW=F_d1;26300;ASH_COATED_OSMIUM;9937;17;9933;14;;;9943;14;9947;24;;;9940.0;0.0
yf_ZW=F_d1;26300;INTARIAN_PEPPER_ROOT;12780;12;12776;9;;;12786;14;12788;21;;;12783.0;0.0
yf_ZW=F_d1;26400;ASH_COATED_OSMIUM;9937;17;9935;16;;;9943;9;9945;24;;;9940.0;0.0
yf_ZW=F_d1;26400;INTARIAN_PEPPER_ROOT;12778;22;12776;19;;;12787;15;12790;19;;;12782.5;0.0
yf_ZW=F_d1;26500;ASH_COATED_OSMIUM;9933;11;9931;19;;;9948;11;9950;22;;;9940.5;0.0
yf_ZW=F_d1;26500;INTARIAN_PEPPER_ROOT;12779;14;12775;16;;;12785;19;12789;26;;;12782.0;0.0
yf_ZW=F_d1;26600;ASH_COATED_OSMIUM;9937;12;9935;19;;;9943;14;9946;23;;;9940.0;0.0
yf_ZW=F_d1;26600;INTARIAN_PEPPER_ROOT;12779;16;12776;16;;;12785;23;12788;27;;;12782.0;0.0
yf_ZW=F_d1;26700;ASH_COATED_OSMIUM;9937;12;9933;12;;;9943;8;9945;21;;;9940.0;0.0
yf_ZW=F_d1;26700;INTARIAN_PEPPER_ROOT;12779;9;12775;28;;;12785;22;12787;22;;;12782.0;0.0
yf_ZW=F_d1;26800;ASH_COATED_OSMIUM;9935;18;9933;19;;;9946;14;9948;18;;;9940.5;0.0
yf_ZW=F_d1;26800;INTARIAN_PEPPER_ROOT;12778;18;12774;21;;;12784;19;12788;26;;;12781.0;0.0
yf_ZW=F_d1;26900;ASH_COATED_OSMIUM;9930;11;9927;29;;;9950;15;9952;28;;;9940.0;0.0
yf_ZW=F_d1;26900;INTARIAN_PEPPER_ROOT;12776;21;12774;21;;;12787;19;12789;27;;;12781.5;0.0
yf_ZW=F_d1;27000;ASH_COATED_OSMIUM;9937;10;9935;20;;;9944;12;9946;25;;;9940.5;0.0
yf_ZW=F_d1;27000;INTARIAN_PEPPER_ROOT;12778;14;12775;25;;;12784;5;12788;15;;;12781.0;0.0
yf_ZW=F_d1;27100;ASH_COATED_OSMIUM;9937;12;9933;13;;;9943;13;9946;15;;;9940.0;0.0
yf_ZW=F_d1;27100;INTARIAN_PEPPER_ROOT;12778;16;12775;26;;;12784;9;12788;19;;;12781.0;0.0
yf_ZW=F_d1;27200;ASH_COATED_OSMIUM;9926;14;9922;15;;;9954;9;9957;17;;;9940.0;0.0
yf_ZW=F_d1;27200;INTARIAN_PEPPER_ROOT;12777;10;12773;21;;;12783;15;12787;21;;;12780.0;0.0
yf_ZW=F_d1;27300;ASH_COATED_OSMIUM;9936;16;9932;17;;;9942;20;9945;14;;;9939.0;0.0
yf_ZW=F_d1;27300;INTARIAN_PEPPER_ROOT;12778;5;12775;19;;;12784;14;12787;14;;;12781.0;0.0
yf_ZW=F_d1;27400;ASH_COATED_OSMIUM;9933;22;9929;10;;;9947;15;9950;25;;;9940.0;0.0
yf_ZW=F_d1;27400;INTARIAN_PEPPER_ROOT;12777;13;12773;18;;;12783;28;12785;23;;;12780.0;0.0
yf_ZW=F_d1;27500;ASH_COATED_OSMIUM;9935;13;9931;16;;;9943;13;9945;23;;;9939.0;0.0
yf_ZW=F_d1;27500;INTARIAN_PEPPER_ROOT;12777;11;12775;17;;;12783;17;12786;18;;;12780.0;0.0
yf_ZW=F_d1;27600;ASH_COATED_OSMIUM;9936;11;9932;18;;;9942;12;9944;18;;;9939.0;0.0
yf_ZW=F_d1;27600;INTARIAN_PEPPER_ROOT;12776;20;12772;20;;;12783;13;12787;30;;;12779.5;0.0
yf_ZW=F_d1;27700;ASH_COATED_OSMIUM;9929;18;9927;18;;;9951;13;9954;19;;;9940.0;0.0
yf_ZW=F_d1;27700;INTARIAN_PEPPER_ROOT;12777;18;12775;25;;;12783;8;12785;26;;;12780.0;0.0
yf_ZW=F_d1;27800;ASH_COATED_OSMIUM;9935;21;9933;21;;;9944;11;9946;15;;;9939.5;0.0
yf_ZW=F_d1;27800;INTARIAN_PEPPER_ROOT;12768;12;12766;16;;;12791;16;12794;13;;;12779.5;0.0
yf_ZW=F_d1;27900;ASH_COATED_OSMIUM;9936;6;9934;18;;;9942;17;9946;22;;;9939.0;0.0
yf_ZW=F_d1;27900;INTARIAN_PEPPER_ROOT;12776;22;12773;26;;;12782;15;12784;16;;;12779.0;0.0
yf_ZW=F_d1;28000;ASH_COATED_OSMIUM;9936;12;9933;26;;;9942;14;9944;34;;;9939.0;0.0
yf_ZW=F_d1;28000;INTARIAN_PEPPER_ROOT;12775;17;12773;14;;;12782;10;12784;27;;;12778.5;0.0
yf_ZW=F_d1;28100;ASH_COATED_OSMIUM;9934;5;9932;17;;;9945;11;9947;19;;;9939.5;0.0
yf_ZW=F_d1;28100;INTARIAN_PEPPER_ROOT;12770;19;12768;16;;;12785;10;12788;27;;;12777.5;0.0
yf_ZW=F_d1;28200;ASH_COATED_OSMIUM;9936;20;9934;28;;;9942;9;9945;28;;;9939.0;0.0
yf_ZW=F_d1;28200;INTARIAN_PEPPER_ROOT;12775;12;12773;9;;;12781;8;12784;21;;;12778.0;0.0
yf_ZW=F_d1;28300;ASH_COATED_OSMIUM;9934;17;9931;14;;;9944;11;9947;10;;;9939.0;0.0
yf_ZW=F_d1;28300;INTARIAN_PEPPER_ROOT;12775;8;12772;8;;;12781;23;12785;18;;;12778.0;0.0
yf_ZW=F_d1;28400;ASH_COATED_OSMIUM;9935;19;9933;15;;;9941;7;9945;27;;;9938.0;0.0
yf_ZW=F_d1;28400;INTARIAN_PEPPER_ROOT;12775;12;12773;20;;;12781;28;12783;13;;;12778.0;0.0
yf_ZW=F_d1;28500;ASH_COATED_OSMIUM;9936;21;9934;24;;;9942;15;9946;24;;;9939.0;0.0
yf_ZW=F_d1;28500;INTARIAN_PEPPER_ROOT;12774;16;12772;20;;;12780;20;12784;20;;;12777.0;0.0
yf_ZW=F_d1;28600;ASH_COATED_OSMIUM;9936;12;9932;19;;;9942;23;9945;17;;;9939.0;0.0
yf_ZW=F_d1;28600;INTARIAN_PEPPER_ROOT;12774;20;12770;17;;;12780;17;12782;16;;;12777.0;0.0
yf_ZW=F_d1;28700;ASH_COATED_OSMIUM;9936;18;9932;24;;;9942;11;9946;15;;;9939.0;0.0
yf_ZW=F_d1;28700;INTARIAN_PEPPER_ROOT;12760;17;12757;19;;;12794;18;12796;15;;;12777.0;0.0
yf_ZW=F_d1;28800;ASH_COATED_OSMIUM;9936;14;9932;31;;;9942;9;9945;20;;;9939.0;0.0
yf_ZW=F_d1;28800;INTARIAN_PEPPER_ROOT;12773;12;12770;11;;;12779;18;12782;16;;;12776.0;0.0
yf_ZW=F_d1;28900;ASH_COATED_OSMIUM;9936;17;9934;16;;;9942;16;9944;25;;;9939.0;0.0
yf_ZW=F_d1;28900;INTARIAN_PEPPER_ROOT;12773;13;12770;20;;;12779;17;12783;27;;;12776.0;0.0
yf_ZW=F_d1;29000;ASH_COATED_OSMIUM;9933;12;9929;17;;;9944;18;9946;25;;;9938.5;0.0
yf_ZW=F_d1;29000;INTARIAN_PEPPER_ROOT;12772;8;12768;24;;;12780;24;12783;28;;;12776.0;0.0
yf_ZW=F_d1;29100;ASH_COATED_OSMIUM;9934;13;9930;21;;;9943;16;9946;25;;;9938.5;0.0
yf_ZW=F_d1;29100;INTARIAN_PEPPER_ROOT;12772;17;12770;26;;;12780;9;12784;22;;;12776.0;0.0
yf_ZW=F_d1;29200;ASH_COATED_OSMIUM;9934;5;9932;29;;;9943;12;9947;19;;;9938.5;0.0
yf_ZW=F_d1;29200;INTARIAN_PEPPER_ROOT;12773;9;12770;19;;;12779;20;12781;29;;;12776.0;0.0
yf_ZW=F_d1;29300;ASH_COATED_OSMIUM;9935;17;9932;18;;;9941;13;9944;20;;;9938.0;0.0
yf_ZW=F_d1;29300;INTARIAN_PEPPER_ROOT;12768;25;12766;20;;;12782;14;12786;21;;;12775.0;0.0
yf_ZW=F_d1;29400;ASH_COATED_OSMIUM;9935;12;9931;9;;;9941;5;9944;20;;;9938.0;0.0
yf_ZW=F_d1;29400;INTARIAN_PEPPER_ROOT;12761;20;12758;26;;;12789;13;12793;23;;;12775.0;0.0
yf_ZW=F_d1;29500;ASH_COATED_OSMIUM;9930;12;9927;19;;;9946;16;9949;10;;;9938.0;0.0
yf_ZW=F_d1;29500;INTARIAN_PEPPER_ROOT;12763;18;12761;29;;;12788;11;12791;17;;;12775.5;0.0
yf_ZW=F_d1;29600;ASH_COATED_OSMIUM;9932;7;9928;17;;;9944;19;9946;17;;;9938.0;0.0
yf_ZW=F_d1;29600;INTARIAN_PEPPER_ROOT;12768;7;12765;21;;;12782;12;12786;21;;;12775.0;0.0
yf_ZW=F_d1;29700;ASH_COATED_OSMIUM;9933;23;9931;16;;;9943;6;9947;11;;;9938.0;0.0
yf_ZW=F_d1;29700;INTARIAN_PEPPER_ROOT;12771;17;12768;18;;;12777;21;12781;21;;;12774.0;0.0
yf_ZW=F_d1;29800;ASH_COATED_OSMIUM;9935;21;9933;16;;;9941;8;9945;17;;;9938.0;0.0
yf_ZW=F_d1;29800;INTARIAN_PEPPER_ROOT;12771;14;12769;8;;;12777;12;12780;16;;;12774.0;0.0
yf_ZW=F_d1;29900;ASH_COATED_OSMIUM;9931;15;9928;23;;;9945;15;9947;18;;;9938.0;0.0
yf_ZW=F_d1;29900;INTARIAN_PEPPER_ROOT;12771;9;12768;20;;;12777;12;12779;20;;;12774.0;0.0
yf_ZW=F_d1;30000;ASH_COATED_OSMIUM;9934;15;9932;15;;;9941;14;9944;14;;;9937.5;0.0
yf_ZW=F_d1;30000;INTARIAN_PEPPER_ROOT;12764;12;12760;28;;;12783;25;12787;13;;;12773.5;0.0
yf_ZW=F_d1;30100;ASH_COATED_OSMIUM;9933;18;9929;32;;;9943;14;9945;21;;;9938.0;0.0
yf_ZW=F_d1;30100;INTARIAN_PEPPER_ROOT;12752;17;12750;17;;;12795;13;12797;16;;;12773.5;0.0
yf_ZW=F_d1;30200;ASH_COATED_OSMIUM;9932;22;9928;20;;;9943;9;9947;18;;;9937.5;0.0
yf_ZW=F_d1;30200;INTARIAN_PEPPER_ROOT;12770;13;12768;21;;;12776;8;12780;9;;;12773.0;0.0
yf_ZW=F_d1;30300;ASH_COATED_OSMIUM;9932;27;9930;13;;;9942;8;9946;19;;;9937.0;0.0
yf_ZW=F_d1;30300;INTARIAN_PEPPER_ROOT;12770;19;12767;14;;;12776;16;12779;23;;;12773.0;0.0
yf_ZW=F_d1;30400;ASH_COATED_OSMIUM;9931;20;9929;21;;;9945;16;9947;16;;;9938.0;0.0
yf_ZW=F_d1;30400;INTARIAN_PEPPER_ROOT;12769;19;12765;15;;;12777;8;12780;29;;;12773.0;0.0
yf_ZW=F_d1;30500;ASH_COATED_OSMIUM;9933;17;9930;21;;;9943;19;9947;24;;;9938.0;0.0
yf_ZW=F_d1;30500;INTARIAN_PEPPER_ROOT;12768;14;12764;18;;;12777;17;12781;16;;;12772.5;0.0
yf_ZW=F_d1;30600;ASH_COATED_OSMIUM;9934;8;9932;16;;;9940;26;9943;25;;;9937.0;0.0
yf_ZW=F_d1;30600;INTARIAN_PEPPER_ROOT;12770;8;12767;17;;;12776;5;12779;18;;;12773.0;0.0
yf_ZW=F_d1;30700;ASH_COATED_OSMIUM;9928;14;9924;24;;;9946;19;9949;19;;;9937.0;0.0
yf_ZW=F_d1;30700;INTARIAN_PEPPER_ROOT;12762;17;12760;12;;;12782;16;12784;19;;;12772.0;0.0
yf_ZW=F_d1;30800;ASH_COATED_OSMIUM;9934;16;9932;18;;;9940;22;9944;15;;;9937.0;0.0
yf_ZW=F_d1;30800;INTARIAN_PEPPER_ROOT;12767;11;12764;20;;;12777;16;12779;13;;;12772.0;0.0
yf_ZW=F_d1;30900;ASH_COATED_OSMIUM;9934;17;9930;22;;;9940;17;9943;13;;;9937.0;0.0
yf_ZW=F_d1;30900;INTARIAN_PEPPER_ROOT;12766;20;12762;11;;;12778;15;12782;19;;;12772.0;0.0
yf_ZW=F_d1;31000;ASH_COATED_OSMIUM;9934;11;9931;17;;;9940;20;9942;25;;;9937.0;0.0
yf_ZW=F_d1;31000;INTARIAN_PEPPER_ROOT;12769;13;12766;23;;;12775;10;12779;23;;;12772.0;0.0
yf_ZW=F_d1;31100;ASH_COATED_OSMIUM;9934;14;9932;12;;;9940;10;9944;16;;;9937.0;0.0
yf_ZW=F_d1;31100;INTARIAN_PEPPER_ROOT;12743;13;12739;9;;;12799;12;12801;21;;;12771.0;0.0
yf_ZW=F_d1;31200;ASH_COATED_OSMIUM;9930;13;9927;15;;;9944;10;9946;11;;;9937.0;0.0
yf_ZW=F_d1;31200;INTARIAN_PEPPER_ROOT;12760;21;12758;27;;;12781;17;12783;21;;;12770.5;0.0
yf_ZW=F_d1;31300;ASH_COATED_OSMIUM;9934;13;9930;17;;;9940;12;9942;21;;;9937.0;0.0
yf_ZW=F_d1;31300;INTARIAN_PEPPER_ROOT;12768;11;12766;12;;;12774;11;12777;22;;;12771.0;0.0
yf_ZW=F_d1;31400;ASH_COATED_OSMIUM;9933;8;9931;18;;;9940;20;9943;8;;;9936.5;0.0
yf_ZW=F_d1;31400;INTARIAN_PEPPER_ROOT;12768;18;12766;24;;;12774;16;12776;15;;;12771.0;0.0
yf_ZW=F_d1;31500;ASH_COATED_OSMIUM;9922;11;9920;19;;;9950;15;9953;25;;;9936.0;0.0
yf_ZW=F_d1;31500;INTARIAN_PEPPER_ROOT;12767;19;12765;15;;;12773;11;12776;15;;;12770.0;0.0
yf_ZW=F_d1;31600;ASH_COATED_OSMIUM;9931;9;9928;27;;;9943;5;9947;20;;;9937.0;0.0
yf_ZW=F_d1;31600;INTARIAN_PEPPER_ROOT;12765;13;12761;12;;;12775;14;12778;16;;;12770.0;0.0
yf_ZW=F_d1;31700;ASH_COATED_OSMIUM;9929;8;9926;9;;;9943;18;9945;26;;;9936.0;0.0
yf_ZW=F_d1;31700;INTARIAN_PEPPER_ROOT;12764;14;12760;31;;;12775;21;12777;25;;;12769.5;0.0
yf_ZW=F_d1;31800;ASH_COATED_OSMIUM;9933;9;9930;16;;;9939;15;9941;19;;;9936.0;0.0
yf_ZW=F_d1;31800;INTARIAN_PEPPER_ROOT;12757;18;12754;22;;;12783;14;12786;18;;;12770.0;0.0
yf_ZW=F_d1;31900;ASH_COATED_OSMIUM;9933;16;9929;18;;;9939;19;9941;22;;;9936.0;0.0
yf_ZW=F_d1;31900;INTARIAN_PEPPER_ROOT;12765;12;12761;17;;;12771;11;12773;13;;;12768.0;0.0
yf_ZW=F_d1;32000;ASH_COATED_OSMIUM;9933;16;9930;24;;;9939;19;9941;20;;;9936.0;0.0
yf_ZW=F_d1;32000;INTARIAN_PEPPER_ROOT;12760;11;12756;19;;;12777;5;12781;28;;;12768.5;0.0
yf_ZW=F_d1;32100;ASH_COATED_OSMIUM;9933;15;9931;19;;;9939;8;9943;14;;;9936.0;0.0
yf_ZW=F_d1;32100;INTARIAN_PEPPER_ROOT;12765;10;12763;23;;;12771;10;12773;13;;;12768.0;0.0
yf_ZW=F_d1;32200;ASH_COATED_OSMIUM;9929;14;9927;23;;;9942;19;9946;21;;;9935.5;0.0
yf_ZW=F_d1;32200;INTARIAN_PEPPER_ROOT;12766;16;12763;20;;;12772;22;12774;27;;;12769.0;0.0
yf_ZW=F_d1;32300;ASH_COATED_OSMIUM;9933;14;9931;16;;;9939;8;9942;21;;;9936.0;0.0
yf_ZW=F_d1;32300;INTARIAN_PEPPER_ROOT;12766;16;12763;19;;;12772;18;12775;11;;;12769.0;0.0
yf_ZW=F_d1;32400;ASH_COATED_OSMIUM;9923;16;9919;20;;;9948;11;9952;11;;;9935.5;0.0
yf_ZW=F_d1;32400;INTARIAN_PEPPER_ROOT;12765;13;12763;21;;;12771;12;12774;11;;;12768.0;0.0
yf_ZW=F_d1;32500;ASH_COATED_OSMIUM;9933;22;9931;28;;;9939;6;9943;17;;;9936.0;0.0
yf_ZW=F_d1;32500;INTARIAN_PEPPER_ROOT;12765;16;12763;21;;;12771;17;12775;25;;;12768.0;0.0
yf_ZW=F_d1;32600;ASH_COATED_OSMIUM;9933;8;9930;13;;;9939;23;9942;20;;;9936.0;0.0
yf_ZW=F_d1;32600;INTARIAN_PEPPER_ROOT;12759;9;12757;20;;;12775;14;12779;18;;;12767.0;0.0
yf_ZW=F_d1;32700;ASH_COATED_OSMIUM;9933;11;9930;11;;;9939;20;9942;21;;;9936.0;0.0
yf_ZW=F_d1;32700;INTARIAN_PEPPER_ROOT;12764;14;12762;22;;;12770;15;12773;22;;;12767.0;0.0
yf_ZW=F_d1;32800;ASH_COATED_OSMIUM;9931;14;9927;21;;;9941;11;9944;11;;;9936.0;0.0
yf_ZW=F_d1;32800;INTARIAN_PEPPER_ROOT;12764;11;12760;22;;;12771;20;12775;21;;;12767.5;0.0
yf_ZW=F_d1;32900;ASH_COATED_OSMIUM;9932;17;9930;22;;;9940;16;9942;17;;;9936.0;0.0
yf_ZW=F_d1;32900;INTARIAN_PEPPER_ROOT;12761;12;12757;10;;;12773;9;12776;20;;;12767.0;0.0
yf_ZW=F_d1;33000;ASH_COATED_OSMIUM;9933;14;9930;22;;;9939;19;9942;17;;;9936.0;0.0
yf_ZW=F_d1;33000;INTARIAN_PEPPER_ROOT;12764;18;12760;17;;;12770;15;12772;18;;;12767.0;0.0
yf_ZW=F_d1;33100;ASH_COATED_OSMIUM;9933;14;9931;20;;;9939;15;9943;24;;;9936.0;0.0
yf_ZW=F_d1;33100;INTARIAN_PEPPER_ROOT;12762;9;12760;25;;;12770;8;12773;17;;;12766.0;0.0
yf_ZW=F_d1;33200;ASH_COATED_OSMIUM;9931;24;9928;25;;;9940;10;9944;17;;;9935.5;0.0
yf_ZW=F_d1;33200;INTARIAN_PEPPER_ROOT;12763;29;12760;19;;;12769;9;12772;23;;;12766.0;0.0
yf_ZW=F_d1;33300;ASH_COATED_OSMIUM;9933;23;9929;16;;;9939;25;9941;18;;;9936.0;0.0
yf_ZW=F_d1;33300;INTARIAN_PEPPER_ROOT;12763;8;12761;27;;;12769;10;12771;19;;;12766.0;0.0
yf_ZW=F_d1;33400;ASH_COATED_OSMIUM;9932;12;9928;18;;;9938;14;9941;20;;;9935.0;0.0
yf_ZW=F_d1;33400;INTARIAN_PEPPER_ROOT;12762;21;12758;20;;;12770;17;12773;19;;;12766.0;0.0
yf_ZW=F_d1;33500;ASH_COATED_OSMIUM;9931;17;9927;10;;;9940;19;9943;19;;;9935.5;0.0
yf_ZW=F_d1;33500;INTARIAN_PEPPER_ROOT;12762;7;12758;18;;;12768;5;12770;16;;;12765.0;0.0
yf_ZW=F_d1;33600;ASH_COATED_OSMIUM;9932;6;9930;16;;;9938;12;9941;15;;;9935.0;0.0
yf_ZW=F_d1;33600;INTARIAN_PEPPER_ROOT;12760;19;12758;13;;;12770;9;12772;19;;;12765.0;0.0
yf_ZW=F_d1;33700;ASH_COATED_OSMIUM;9932;13;9928;11;;;9938;15;9942;24;;;9935.0;0.0
yf_ZW=F_d1;33700;INTARIAN_PEPPER_ROOT;12762;14;12760;28;;;12768;18;12771;20;;;12765.0;0.0
yf_ZW=F_d1;33800;ASH_COATED_OSMIUM;9933;11;9930;27;;;9939;11;9943;19;;;9936.0;0.0
yf_ZW=F_d1;33800;INTARIAN_PEPPER_ROOT;12761;22;12758;22;;;12767;6;12771;18;;;12764.0;0.0
yf_ZW=F_d1;33900;ASH_COATED_OSMIUM;9928;13;9924;22;;;9943;10;9947;16;;;9935.5;0.0
yf_ZW=F_d1;33900;INTARIAN_PEPPER_ROOT;12761;14;12759;12;;;12767;22;12769;15;;;12764.0;0.0
yf_ZW=F_d1;34000;ASH_COATED_OSMIUM;9933;8;9930;24;;;9939;14;9941;24;;;9936.0;0.0
yf_ZW=F_d1;34000;INTARIAN_PEPPER_ROOT;12758;6;12756;13;;;12770;12;12773;25;;;12764.0;0.0
yf_ZW=F_d1;34100;ASH_COATED_OSMIUM;9932;22;9928;18;;;9938;22;9941;25;;;9935.0;0.0
yf_ZW=F_d1;34100;INTARIAN_PEPPER_ROOT;12759;17;12756;20;;;12769;6;12771;20;;;12764.0;0.0
yf_ZW=F_d1;34200;ASH_COATED_OSMIUM;9930;15;9927;18;;;9941;21;9944;13;;;9935.5;0.0
yf_ZW=F_d1;34200;INTARIAN_PEPPER_ROOT;12757;24;12753;9;;;12768;9;12771;16;;;12762.5;0.0
yf_ZW=F_d1;34300;ASH_COATED_OSMIUM;9932;17;9928;19;;;9938;14;9940;21;;;9935.0;0.0
yf_ZW=F_d1;34300;INTARIAN_PEPPER_ROOT;12758;11;12754;16;;;12767;19;12769;14;;;12762.5;0.0
yf_ZW=F_d1;34400;ASH_COATED_OSMIUM;9929;8;9925;17;;;9942;23;9944;17;;;9935.5;0.0
yf_ZW=F_d1;34400;INTARIAN_PEPPER_ROOT;12755;17;12751;18;;;12769;5;12772;17;;;12762.0;0.0
yf_ZW=F_d1;34500;ASH_COATED_OSMIUM;9932;13;9930;9;;;9939;18;9943;26;;;9935.5;0.0
yf_ZW=F_d1;34500;INTARIAN_PEPPER_ROOT;12757;12;12753;12;;;12766;21;12770;21;;;12761.5;0.0
yf_ZW=F_d1;34600;ASH_COATED_OSMIUM;9931;22;9928;25;;;9940;21;9942;8;;;9935.5;0.0
yf_ZW=F_d1;34600;INTARIAN_PEPPER_ROOT;12754;18;12750;21;;;12766;7;12769;23;;;12760.0;0.0
yf_ZW=F_d1;34700;ASH_COATED_OSMIUM;9932;21;9930;15;;;9940;19;9943;19;;;9936.0;0.0
yf_ZW=F_d1;34700;INTARIAN_PEPPER_ROOT;12753;6;12749;9;;;12767;19;12769;14;;;12760.0;0.0
yf_ZW=F_d1;34800;ASH_COATED_OSMIUM;9930;12;9928;25;;;9942;11;9944;25;;;9936.0;0.0
yf_ZW=F_d1;34800;INTARIAN_PEPPER_ROOT;12756;10;12754;14;;;12762;13;12765;25;;;12759.0;0.0
yf_ZW=F_d1;34900;ASH_COATED_OSMIUM;9933;12;9929;8;;;9939;13;9941;28;;;9936.0;0.0
yf_ZW=F_d1;34900;INTARIAN_PEPPER_ROOT;12752;12;12748;12;;;12765;14;12768;16;;;12758.5;0.0
yf_ZW=F_d1;35000;ASH_COATED_OSMIUM;9934;17;9930;22;;;9940;14;9944;11;;;9937.0;0.0
yf_ZW=F_d1;35000;INTARIAN_PEPPER_ROOT;12755;9;12751;10;;;12761;17;12763;25;;;12758.0;0.0
yf_ZW=F_d1;35100;ASH_COATED_OSMIUM;9933;13;9930;20;;;9939;20;9941;20;;;9936.0;0.0
yf_ZW=F_d1;35100;INTARIAN_PEPPER_ROOT;12755;14;12753;20;;;12761;15;12763;17;;;12758.0;0.0
yf_ZW=F_d1;35200;ASH_COATED_OSMIUM;9931;14;9929;23;;;9943;21;9946;23;;;9937.0;0.0
yf_ZW=F_d1;35200;INTARIAN_PEPPER_ROOT;12754;21;12750;21;;;12760;19;12763;25;;;12757.0;0.0
yf_ZW=F_d1;35300;ASH_COATED_OSMIUM;9934;18;9932;26;;;9940;6;9943;20;;;9937.0;0.0
yf_ZW=F_d1;35300;INTARIAN_PEPPER_ROOT;12753;14;12750;19;;;12759;18;12761;22;;;12756.0;0.0
yf_ZW=F_d1;35400;ASH_COATED_OSMIUM;9921;16;9917;20;;;9952;13;9955;8;;;9936.5;0.0
yf_ZW=F_d1;35400;INTARIAN_PEPPER_ROOT;12753;14;12751;8;;;12759;10;12763;21;;;12756.0;0.0
yf_ZW=F_d1;35500;ASH_COATED_OSMIUM;9934;9;9932;14;;;9940;18;9942;19;;;9937.0;0.0
yf_ZW=F_d1;35500;INTARIAN_PEPPER_ROOT;12752;12;12749;16;;;12758;14;12761;24;;;12755.0;0.0
yf_ZW=F_d1;35600;ASH_COATED_OSMIUM;9932;14;9930;21;;;9942;16;9944;17;;;9937.0;0.0
yf_ZW=F_d1;35600;INTARIAN_PEPPER_ROOT;12744;16;12742;22;;;12765;6;12768;21;;;12754.5;0.0
yf_ZW=F_d1;35700;ASH_COATED_OSMIUM;9918;12;9915;20;;;9954;15;9957;20;;;9936.0;0.0
yf_ZW=F_d1;35700;INTARIAN_PEPPER_ROOT;12751;8;12749;18;;;12758;12;12762;23;;;12754.5;0.0
yf_ZW=F_d1;35800;ASH_COATED_OSMIUM;9930;11;9927;21;;;9945;20;9948;14;;;9937.5;0.0
yf_ZW=F_d1;35800;INTARIAN_PEPPER_ROOT;12745;17;12742;17;;;12762;14;12766;23;;;12753.5;0.0
yf_ZW=F_d1;35900;ASH_COATED_OSMIUM;9934;23;9932;27;;;9940;20;9943;13;;;9937.0;0.0
yf_ZW=F_d1;35900;INTARIAN_PEPPER_ROOT;12750;24;12748;17;;;12756;18;12758;25;;;12753.0;0.0
yf_ZW=F_d1;36000;ASH_COATED_OSMIUM;9934;19;9932;14;;;9940;13;9944;19;;;9937.0;0.0
yf_ZW=F_d1;36000;INTARIAN_PEPPER_ROOT;12749;12;12747;17;;;12755;10;12758;17;;;12752.0;0.0
yf_ZW=F_d1;36100;ASH_COATED_OSMIUM;9935;11;9931;20;;;9941;18;9944;9;;;9938.0;0.0
yf_ZW=F_d1;36100;INTARIAN_PEPPER_ROOT;12749;20;12745;22;;;12755;17;12757;19;;;12752.0;0.0
yf_ZW=F_d1;36200;ASH_COATED_OSMIUM;9935;21;9933;21;;;9941;14;9944;27;;;9938.0;0.0
yf_ZW=F_d1;36200;INTARIAN_PEPPER_ROOT;12736;11;12733;21;;;12767;11;12770;19;;;12751.5;0.0
yf_ZW=F_d1;36300;ASH_COATED_OSMIUM;9934;6;9930;15;;;9940;14;9942;18;;;9937.0;0.0
yf_ZW=F_d1;36300;INTARIAN_PEPPER_ROOT;12748;12;12744;18;;;12754;20;12758;19;;;12751.0;0.0
yf_ZW=F_d1;36400;ASH_COATED_OSMIUM;9935;13;9931;21;;;9941;17;9943;24;;;9938.0;0.0
yf_ZW=F_d1;36400;INTARIAN_PEPPER_ROOT;12747;20;12743;16;;;12753;19;12757;17;;;12750.0;0.0
yf_ZW=F_d1;36500;ASH_COATED_OSMIUM;9935;19;9932;22;;;9941;15;9944;20;;;9938.0;0.0
yf_ZW=F_d1;36500;INTARIAN_PEPPER_ROOT;12747;16;12744;27;;;12753;21;12755;21;;;12750.0;0.0
yf_ZW=F_d1;36600;ASH_COATED_OSMIUM;9934;13;9932;15;;;9940;18;9943;24;;;9937.0;0.0
yf_ZW=F_d1;36600;INTARIAN_PEPPER_ROOT;12746;11;12744;21;;;12753;14;12755;11;;;12749.5;0.0
yf_ZW=F_d1;36700;ASH_COATED_OSMIUM;9935;23;9933;15;;;9941;11;9943;23;;;9938.0;0.0
yf_ZW=F_d1;36700;INTARIAN_PEPPER_ROOT;12741;12;12738;23;;;12755;17;12758;8;;;12748.0;0.0
yf_ZW=F_d1;36800;ASH_COATED_OSMIUM;9929;11;9927;15;;;9947;9;9951;19;;;9938.0;0.0
yf_ZW=F_d1;36800;INTARIAN_PEPPER_ROOT;12745;20;12741;14;;;12751;21;12754;34;;;12748.0;0.0
yf_ZW=F_d1;36900;ASH_COATED_OSMIUM;9934;13;9931;22;;;9942;15;9945;22;;;9938.0;0.0
yf_ZW=F_d1;36900;INTARIAN_PEPPER_ROOT;12739;19;12735;20;;;12755;5;12759;15;;;12747.0;0.0
yf_ZW=F_d1;37000;ASH_COATED_OSMIUM;9935;14;9933;8;;;9941;8;9944;23;;;9938.0;0.0
yf_ZW=F_d1;37000;INTARIAN_PEPPER_ROOT;12744;14;12741;15;;;12750;25;12752;20;;;12747.0;0.0
yf_ZW=F_d1;37100;ASH_COATED_OSMIUM;9936;21;9932;20;;;9942;11;9944;20;;;9939.0;0.0
yf_ZW=F_d1;37100;INTARIAN_PEPPER_ROOT;12743;13;12741;22;;;12749;8;12753;20;;;12746.0;0.0
yf_ZW=F_d1;37200;ASH_COATED_OSMIUM;9936;18;9932;20;;;9942;19;9944;26;;;9939.0;0.0
yf_ZW=F_d1;37200;INTARIAN_PEPPER_ROOT;12742;12;12739;19;;;12748;14;12750;20;;;12745.0;0.0
yf_ZW=F_d1;37300;ASH_COATED_OSMIUM;9933;11;9930;18;;;9944;17;9948;20;;;9938.5;0.0
yf_ZW=F_d1;37300;INTARIAN_PEPPER_ROOT;12742;14;12738;14;;;12749;24;12753;18;;;12745.5;0.0
yf_ZW=F_d1;37400;ASH_COATED_OSMIUM;9936;9;9934;19;;;9942;13;9945;30;;;9939.0;0.0
yf_ZW=F_d1;37400;INTARIAN_PEPPER_ROOT;12742;15;12738;18;;;12748;27;12752;13;;;12745.0;0.0
yf_ZW=F_d1;37500;ASH_COATED_OSMIUM;9936;12;9932;17;;;9942;21;9944;21;;;9939.0;0.0
yf_ZW=F_d1;37500;INTARIAN_PEPPER_ROOT;12740;14;12738;19;;;12746;14;12749;23;;;12743.0;0.0
yf_ZW=F_d1;37600;ASH_COATED_OSMIUM;9936;14;9933;21;;;9942;17;9944;24;;;9939.0;0.0
yf_ZW=F_d1;37600;INTARIAN_PEPPER_ROOT;12740;16;12737;21;;;12746;11;12749;18;;;12743.0;0.0
yf_ZW=F_d1;37700;ASH_COATED_OSMIUM;9936;20;9932;15;;;9942;16;9945;17;;;9939.0;0.0
yf_ZW=F_d1;37700;INTARIAN_PEPPER_ROOT;12738;18;12736;17;;;12747;18;12749;23;;;12742.5;0.0
yf_ZW=F_d1;37800;ASH_COATED_OSMIUM;9926;16;9924;18;;;9951;7;9953;21;;;9938.5;0.0
yf_ZW=F_d1;37800;INTARIAN_PEPPER_ROOT;12737;15;12735;19;;;12747;6;12749;21;;;12742.0;0.0
yf_ZW=F_d1;37900;ASH_COATED_OSMIUM;9936;18;9934;22;;;9943;10;9947;22;;;9939.5;0.0
yf_ZW=F_d1;37900;INTARIAN_PEPPER_ROOT;12738;14;12735;18;;;12747;18;12750;15;;;12742.5;0.0
yf_ZW=F_d1;38000;ASH_COATED_OSMIUM;9936;18;9932;15;;;9942;22;9946;18;;;9939.0;0.0
yf_ZW=F_d1;38000;INTARIAN_PEPPER_ROOT;12739;17;12735;33;;;12745;19;12747;12;;;12742.0;0.0
yf_ZW=F_d1;38100;ASH_COATED_OSMIUM;9935;18;9932;19;;;9943;6;9947;24;;;9939.0;0.0
yf_ZW=F_d1;38100;INTARIAN_PEPPER_ROOT;12737;17;12733;10;;;12743;19;12746;27;;;12740.0;0.0
yf_ZW=F_d1;38200;ASH_COATED_OSMIUM;9937;10;9934;21;;;9943;17;9947;22;;;9940.0;0.0
yf_ZW=F_d1;38200;INTARIAN_PEPPER_ROOT;12737;10;12734;17;;;12744;16;12746;20;;;12740.5;0.0
yf_ZW=F_d1;38300;ASH_COATED_OSMIUM;9936;12;9933;21;;;9943;18;9945;19;;;9939.5;0.0
yf_ZW=F_d1;38300;INTARIAN_PEPPER_ROOT;12736;14;12733;24;;;12745;10;12748;27;;;12740.5;0.0
yf_ZW=F_d1;38400;ASH_COATED_OSMIUM;9936;11;9932;24;;;9942;20;9946;18;;;9939.0;0.0
yf_ZW=F_d1;38400;INTARIAN_PEPPER_ROOT;12736;17;12732;23;;;12742;16;12745;23;;;12739.0;0.0
yf_ZW=F_d1;38500;ASH_COATED_OSMIUM;9935;17;9932;22;;;9944;20;9948;17;;;9939.5;0.0
yf_ZW=F_d1;38500;INTARIAN_PEPPER_ROOT;12734;17;12731;20;;;12743;16;12747;20;;;12738.5;0.0
yf_ZW=F_d1;38600;ASH_COATED_OSMIUM;9937;22;9934;19;;;9943;16;9945;22;;;9940.0;0.0
yf_ZW=F_d1;38600;INTARIAN_PEPPER_ROOT;12735;13;12732;20;;;12741;12;12743;19;;;12738.0;0.0
yf_ZW=F_d1;38700;ASH_COATED_OSMIUM;9938;15;9934;23;;;9944;18;9948;30;;;9941.0;0.0
yf_ZW=F_d1;38700;INTARIAN_PEPPER_ROOT;12721;11;12718;20;;;12754;13;12756;27;;;12737.5;0.0
yf_ZW=F_d1;38800;ASH_COATED_OSMIUM;9932;20;9929;15;;;9949;19;9951;23;;;9940.5;0.0
yf_ZW=F_d1;38800;INTARIAN_PEPPER_ROOT;12733;14;12730;22;;;12739;15;12741;14;;;12736.0;0.0
yf_ZW=F_d1;38900;ASH_COATED_OSMIUM;9935;15;9932;23;;;9945;10;9949;18;;;9940.0;0.0
yf_ZW=F_d1;38900;INTARIAN_PEPPER_ROOT;12733;16;12731;11;;;12739;16;12742;18;;;12736.0;0.0
yf_ZW=F_d1;39000;ASH_COATED_OSMIUM;9938;15;9935;23;;;9944;11;9946;22;;;9941.0;0.0
yf_ZW=F_d1;39000;INTARIAN_PEPPER_ROOT;12727;5;12724;20;;;12745;10;12747;15;;;12736.0;0.0
yf_ZW=F_d1;39100;ASH_COATED_OSMIUM;9935;16;9933;16;;;9945;6;9949;16;;;9940.0;0.0
yf_ZW=F_d1;39100;INTARIAN_PEPPER_ROOT;12732;10;12728;28;;;12738;18;12742;23;;;12735.0;0.0
yf_ZW=F_d1;39200;ASH_COATED_OSMIUM;9925;11;9921;14;;;9957;9;9959;18;;;9941.0;0.0
yf_ZW=F_d1;39200;INTARIAN_PEPPER_ROOT;12732;20;12728;12;;;12738;13;12740;8;;;12735.0;0.0
yf_ZW=F_d1;39300;ASH_COATED_OSMIUM;9938;17;9934;19;;;9944;13;9946;24;;;9941.0;0.0
yf_ZW=F_d1;39300;INTARIAN_PEPPER_ROOT;12731;11;12729;33;;;12737;12;12741;8;;;12734.0;0.0
yf_ZW=F_d1;39400;ASH_COATED_OSMIUM;9938;12;9936;14;;;9944;13;9946;16;;;9941.0;0.0
yf_ZW=F_d1;39400;INTARIAN_PEPPER_ROOT;12728;11;12726;17;;;12738;15;12742;21;;;12733.0;0.0
yf_ZW=F_d1;39500;ASH_COATED_OSMIUM;9938;10;9936;13;;;9944;14;9948;25;;;9941.0;0.0
yf_ZW=F_d1;39500;INTARIAN_PEPPER_ROOT;12730;17;12726;20;;;12736;22;12740;17;;;12733.0;0.0
yf_ZW=F_d1;39600;ASH_COATED_OSMIUM;9938;20;9934;19;;;9944;16;9947;17;;;9941.0;0.0
yf_ZW=F_d1;39600;INTARIAN_PEPPER_ROOT;12725;18;12722;9;;;12740;7;12742;15;;;12732.5;0.0
yf_ZW=F_d1;39700;ASH_COATED_OSMIUM;9936;17;9934;11;;;9947;10;9951;27;;;9941.5;0.0
yf_ZW=F_d1;39700;INTARIAN_PEPPER_ROOT;12728;21;12725;25;;;12734;20;12737;15;;;12731.0;0.0
yf_ZW=F_d1;39800;ASH_COATED_OSMIUM;9939;12;9935;14;;;9945;8;9949;19;;;9942.0;0.0
yf_ZW=F_d1;39800;INTARIAN_PEPPER_ROOT;12723;16;12721;20;;;12738;15;12741;20;;;12730.5;0.0
yf_ZW=F_d1;39900;ASH_COATED_OSMIUM;9936;19;9932;18;;;9946;8;9949;16;;;9941.0;0.0
yf_ZW=F_d1;39900;INTARIAN_PEPPER_ROOT;12723;12;12721;14;;;12738;10;12741;11;;;12730.5;0.0
yf_ZW=F_d1;40000;ASH_COATED_OSMIUM;9938;10;9934;26;;;9944;15;9948;21;;;9941.0;0.0
yf_ZW=F_d1;40000;INTARIAN_PEPPER_ROOT;12715;23;12712;20;;;12745;19;12749;15;;;12730.0;0.0
yf_ZW=F_d1;40100;ASH_COATED_OSMIUM;9938;16;9935;20;;;9944;15;9947;21;;;9941.0;0.0
yf_ZW=F_d1;40100;INTARIAN_PEPPER_ROOT;12727;19;12725;17;;;12733;15;12737;12;;;12730.0;0.0
yf_ZW=F_d1;40200;ASH_COATED_OSMIUM;9939;18;9936;23;;;9945;20;9947;18;;;9942.0;0.0
yf_ZW=F_d1;40200;INTARIAN_PEPPER_ROOT;12725;17;12721;19;;;12731;24;12733;24;;;12728.0;0.0
yf_ZW=F_d1;40300;ASH_COATED_OSMIUM;9936;12;9932;19;;;9948;20;9952;24;;;9942.0;0.0
yf_ZW=F_d1;40300;INTARIAN_PEPPER_ROOT;12726;15;12724;20;;;12732;5;12735;23;;;12729.0;0.0
yf_ZW=F_d1;40400;ASH_COATED_OSMIUM;9939;9;9936;24;;;9945;15;9947;13;;;9942.0;0.0
yf_ZW=F_d1;40400;INTARIAN_PEPPER_ROOT;12719;13;12716;16;;;12737;26;12739;18;;;12728.0;0.0
yf_ZW=F_d1;40500;ASH_COATED_OSMIUM;9939;12;9936;18;;;9945;15;9949;13;;;9942.0;0.0
yf_ZW=F_d1;40500;INTARIAN_PEPPER_ROOT;12724;7;12720;17;;;12730;19;12732;30;;;12727.0;0.0
yf_ZW=F_d1;40600;ASH_COATED_OSMIUM;9934;7;9932;15;;;9951;24;9954;21;;;9942.5;0.0
yf_ZW=F_d1;40600;INTARIAN_PEPPER_ROOT;12719;22;12717;22;;;12734;9;12736;21;;;12726.5;0.0
yf_ZW=F_d1;40700;ASH_COATED_OSMIUM;9935;10;9932;19;;;9947;17;9951;21;;;9941.0;0.0
yf_ZW=F_d1;40700;INTARIAN_PEPPER_ROOT;12723;5;12720;21;;;12729;13;12732;22;;;12726.0;0.0
yf_ZW=F_d1;40800;ASH_COATED_OSMIUM;9939;22;9937;23;;;9945;17;9948;17;;;9942.0;0.0
yf_ZW=F_d1;40800;INTARIAN_PEPPER_ROOT;12723;15;12719;17;;;12729;14;12732;16;;;12726.0;0.0
yf_ZW=F_d1;40900;ASH_COATED_OSMIUM;9935;10;9933;22;;;9950;16;9954;26;;;9942.5;0.0
yf_ZW=F_d1;40900;INTARIAN_PEPPER_ROOT;12723;11;12720;28;;;12729;16;12732;18;;;12726.0;0.0
yf_ZW=F_d1;41000;ASH_COATED_OSMIUM;9939;19;9935;14;;;9946;19;9950;18;;;9942.5;0.0
yf_ZW=F_d1;41000;INTARIAN_PEPPER_ROOT;12722;13;12720;27;;;12728;13;12731;14;;;12725.0;0.0
yf_ZW=F_d1;41100;ASH_COATED_OSMIUM;9939;15;9937;27;;;9946;7;9950;15;;;9942.5;0.0
yf_ZW=F_d1;41100;INTARIAN_PEPPER_ROOT;12720;8;12716;17;;;12728;22;12730;27;;;12724.0;0.0
yf_ZW=F_d1;41200;ASH_COATED_OSMIUM;9931;15;9929;14;;;9955;12;9957;28;;;9943.0;0.0
yf_ZW=F_d1;41200;INTARIAN_PEPPER_ROOT;12720;24;12717;26;;;12726;14;12729;23;;;12723.0;0.0
yf_ZW=F_d1;41300;ASH_COATED_OSMIUM;9940;18;9936;22;;;9946;15;9948;25;;;9943.0;0.0
yf_ZW=F_d1;41300;INTARIAN_PEPPER_ROOT;12718;12;12714;14;;;12728;17;12730;24;;;12723.0;0.0
yf_ZW=F_d1;41400;ASH_COATED_OSMIUM;9940;17;9937;17;;;9946;22;9950;17;;;9943.0;0.0
yf_ZW=F_d1;41400;INTARIAN_PEPPER_ROOT;12707;16;12703;19;;;12738;15;12741;19;;;12722.5;0.0
yf_ZW=F_d1;41500;ASH_COATED_OSMIUM;9940;14;9938;19;;;9946;20;9948;20;;;9943.0;0.0
yf_ZW=F_d1;41500;INTARIAN_PEPPER_ROOT;12719;19;12715;12;;;12725;13;12728;16;;;12722.0;0.0
yf_ZW=F_d1;41600;ASH_COATED_OSMIUM;9940;5;9937;16;;;9946;20;9949;9;;;9943.0;0.0
yf_ZW=F_d1;41600;INTARIAN_PEPPER_ROOT;12718;17;12714;19;;;12724;14;12727;24;;;12721.0;0.0
yf_ZW=F_d1;41700;ASH_COATED_OSMIUM;9941;12;9939;22;;;9947;18;9949;20;;;9944.0;0.0
yf_ZW=F_d1;41700;INTARIAN_PEPPER_ROOT;12717;10;12714;19;;;12723;12;12725;21;;;12720.0;0.0
yf_ZW=F_d1;41800;ASH_COATED_OSMIUM;9938;8;9935;18;;;9950;10;9954;8;;;9944.0;0.0
yf_ZW=F_d1;41800;INTARIAN_PEPPER_ROOT;12717;18;12714;14;;;12723;15;12727;19;;;12720.0;0.0
yf_ZW=F_d1;41900;ASH_COATED_OSMIUM;9940;17;9937;22;;;9946;6;9950;24;;;9943.0;0.0
yf_ZW=F_d1;41900;INTARIAN_PEPPER_ROOT;12713;7;12710;16;;;12726;13;12728;25;;;12719.5;0.0
yf_ZW=F_d1;42000;ASH_COATED_OSMIUM;9941;12;9938;22;;;9947;10;9950;21;;;9944.0;0.0
yf_ZW=F_d1;42000;INTARIAN_PEPPER_ROOT;12705;8;12703;14;;;12732;11;12736;25;;;12718.5;0.0
yf_ZW=F_d1;42100;ASH_COATED_OSMIUM;9941;18;9938;24;;;9947;16;9951;10;;;9944.0;0.0
yf_ZW=F_d1;42100;INTARIAN_PEPPER_ROOT;12715;25;12713;29;;;12721;14;12723;19;;;12718.0;0.0
yf_ZW=F_d1;42200;ASH_COATED_OSMIUM;9940;17;9938;16;;;9948;15;9952;24;;;9944.0;0.0
yf_ZW=F_d1;42200;INTARIAN_PEPPER_ROOT;12715;10;12712;17;;;12721;15;12724;20;;;12718.0;0.0
yf_ZW=F_d1;42300;ASH_COATED_OSMIUM;9938;17;9934;27;;;9950;12;9954;11;;;9944.0;0.0
yf_ZW=F_d1;42300;INTARIAN_PEPPER_ROOT;12714;10;12710;19;;;12720;24;12722;18;;;12717.0;0.0
yf_ZW=F_d1;42400;ASH_COATED_OSMIUM;9940;15;9938;16;;;9949;13;9952;16;;;9944.5;0.0
yf_ZW=F_d1;42400;INTARIAN_PEPPER_ROOT;12714;19;12711;19;;;12720;13;12723;24;;;12717.0;0.0
yf_ZW=F_d1;42500;ASH_COATED_OSMIUM;9938;12;9936;25;;;9950;20;9954;22;;;9944.0;0.0
yf_ZW=F_d1;42500;INTARIAN_PEPPER_ROOT;12713;11;12711;19;;;12719;17;12723;21;;;12716.0;0.0
yf_ZW=F_d1;42600;ASH_COATED_OSMIUM;9942;16;9940;25;;;9948;10;9952;21;;;9945.0;0.0
yf_ZW=F_d1;42600;INTARIAN_PEPPER_ROOT;12710;21;12706;26;;;12720;20;12724;21;;;12715.0;0.0
yf_ZW=F_d1;42700;ASH_COATED_OSMIUM;9941;15;9937;23;;;9947;11;9951;25;;;9944.0;0.0
yf_ZW=F_d1;42700;INTARIAN_PEPPER_ROOT;12712;23;12709;24;;;12719;11;12722;11;;;12715.5;0.0
yf_ZW=F_d1;42800;ASH_COATED_OSMIUM;9941;8;9938;18;;;9947;15;9950;19;;;9944.0;0.0
yf_ZW=F_d1;42800;INTARIAN_PEPPER_ROOT;12711;13;12709;18;;;12717;13;12721;24;;;12714.0;0.0
yf_ZW=F_d1;42900;ASH_COATED_OSMIUM;9941;18;9938;25;;;9947;18;9950;22;;;9944.0;0.0
yf_ZW=F_d1;42900;INTARIAN_PEPPER_ROOT;12711;20;12708;19;;;12717;10;12719;20;;;12714.0;0.0
yf_ZW=F_d1;43000;ASH_COATED_OSMIUM;9942;15;9940;20;;;9948;20;9952;19;;;9945.0;0.0
yf_ZW=F_d1;43000;INTARIAN_PEPPER_ROOT;12711;9;12708;23;;;12717;20;12719;14;;;12714.0;0.0
yf_ZW=F_d1;43100;ASH_COATED_OSMIUM;9939;12;9936;24;;;9951;6;9955;26;;;9945.0;0.0
yf_ZW=F_d1;43100;INTARIAN_PEPPER_ROOT;12708;14;12706;19;;;12717;13;12720;19;;;12712.5;0.0
yf_ZW=F_d1;43200;ASH_COATED_OSMIUM;9942;11;9938;22;;;9948;19;9951;11;;;9945.0;0.0
yf_ZW=F_d1;43200;INTARIAN_PEPPER_ROOT;12701;14;12697;18;;;12722;18;12724;8;;;12711.5;0.0
yf_ZW=F_d1;43300;ASH_COATED_OSMIUM;9942;17;9938;23;;;9948;16;9951;20;;;9945.0;0.0
yf_ZW=F_d1;43300;INTARIAN_PEPPER_ROOT;12709;10;12707;26;;;12715;17;12718;12;;;12712.0;0.0
yf_ZW=F_d1;43400;ASH_COATED_OSMIUM;9942;12;9940;21;;;9948;17;9951;21;;;9945.0;0.0
yf_ZW=F_d1;43400;INTARIAN_PEPPER_ROOT;12697;14;12693;22;;;12724;13;12726;13;;;12710.5;0.0
yf_ZW=F_d1;43500;ASH_COATED_OSMIUM;9942;15;9938;17;;;9948;21;9951;19;;;9945.0;0.0
yf_ZW=F_d1;43500;INTARIAN_PEPPER_ROOT;12708;9;12705;23;;;12714;14;12718;23;;;12711.0;0.0
yf_ZW=F_d1;43600;ASH_COATED_OSMIUM;9943;25;9941;26;;;9949;17;9953;18;;;9946.0;0.0
yf_ZW=F_d1;43600;INTARIAN_PEPPER_ROOT;12707;17;12705;23;;;12713;21;12716;25;;;12710.0;0.0
yf_ZW=F_d1;43700;ASH_COATED_OSMIUM;9943;10;9940;25;;;9949;11;9951;25;;;9946.0;0.0
yf_ZW=F_d1;43700;INTARIAN_PEPPER_ROOT;12704;21;12701;20;;;12714;14;12718;26;;;12709.0;0.0
yf_ZW=F_d1;43800;ASH_COATED_OSMIUM;9943;17;9940;18;;;9949;13;9951;16;;;9946.0;0.0
yf_ZW=F_d1;43800;INTARIAN_PEPPER_ROOT;12706;11;12704;18;;;12712;23;12716;21;;;12709.0;0.0
yf_ZW=F_d1;43900;ASH_COATED_OSMIUM;9943;11;9941;20;;;9949;11;9953;15;;;9946.0;0.0
yf_ZW=F_d1;43900;INTARIAN_PEPPER_ROOT;12704;5;12701;14;;;12714;5;12718;8;;;12709.0;0.0
yf_ZW=F_d1;44000;ASH_COATED_OSMIUM;9943;7;9939;22;;;9949;14;9951;16;;;9946.0;0.0
yf_ZW=F_d1;44000;INTARIAN_PEPPER_ROOT;12701;27;12699;12;;;12714;12;12716;21;;;12707.5;0.0
yf_ZW=F_d1;44100;ASH_COATED_OSMIUM;9943;10;9939;28;;;9949;16;9952;11;;;9946.0;0.0
yf_ZW=F_d1;44100;INTARIAN_PEPPER_ROOT;12704;15;12700;23;;;12710;18;12713;19;;;12707.0;0.0
yf_ZW=F_d1;44200;ASH_COATED_OSMIUM;9929;5;9926;18;;;9962;11;9965;31;;;9945.5;0.0
yf_ZW=F_d1;44200;INTARIAN_PEPPER_ROOT;12704;14;12701;20;;;12710;12;12713;17;;;12707.0;0.0
yf_ZW=F_d1;44300;ASH_COATED_OSMIUM;9943;9;9940;30;;;9949;7;9952;16;;;9946.0;0.0
yf_ZW=F_d1;44300;INTARIAN_PEPPER_ROOT;12702;21;12698;14;;;12711;13;12715;28;;;12706.5;0.0
yf_ZW=F_d1;44400;ASH_COATED_OSMIUM;9943;5;9941;25;;;9949;13;9951;26;;;9946.0;0.0
yf_ZW=F_d1;44400;INTARIAN_PEPPER_ROOT;12702;7;12698;21;;;12708;19;12712;22;;;12705.0;0.0
yf_ZW=F_d1;44500;ASH_COATED_OSMIUM;9940;17;9937;23;;;9953;23;9957;28;;;9946.5;0.0
yf_ZW=F_d1;44500;INTARIAN_PEPPER_ROOT;12702;14;12698;16;;;12708;5;12710;15;;;12705.0;0.0
yf_ZW=F_d1;44600;ASH_COATED_OSMIUM;9942;19;9940;22;;;9950;15;9953;34;;;9946.0;0.0
yf_ZW=F_d1;44600;INTARIAN_PEPPER_ROOT;12702;16;12700;13;;;12708;18;12710;23;;;12705.0;0.0
yf_ZW=F_d1;44700;ASH_COATED_OSMIUM;9943;12;9940;25;;;9949;10;9953;18;;;9946.0;0.0
yf_ZW=F_d1;44700;INTARIAN_PEPPER_ROOT;12701;13;12698;26;;;12707;13;12710;17;;;12704.0;0.0
yf_ZW=F_d1;44800;ASH_COATED_OSMIUM;9937;18;9933;22;;;9957;17;9961;13;;;9947.0;0.0
yf_ZW=F_d1;44800;INTARIAN_PEPPER_ROOT;12695;18;12691;14;;;12710;13;12712;15;;;12702.5;0.0
yf_ZW=F_d1;44900;ASH_COATED_OSMIUM;9939;12;9935;22;;;9956;12;9959;35;;;9947.5;0.0
yf_ZW=F_d1;44900;INTARIAN_PEPPER_ROOT;12697;5;12693;26;;;12708;20;12710;18;;;12702.5;0.0
yf_ZW=F_d1;45000;ASH_COATED_OSMIUM;9944;18;9942;22;;;9950;12;9952;23;;;9947.0;0.0
yf_ZW=F_d1;45000;INTARIAN_PEPPER_ROOT;12696;7;12694;15;;;12709;20;12713;16;;;12702.5;0.0
yf_ZW=F_d1;45100;ASH_COATED_OSMIUM;9944;6;9941;15;;;9950;11;9953;19;;;9947.0;0.0
yf_ZW=F_d1;45100;INTARIAN_PEPPER_ROOT;12698;10;12695;19;;;12704;8;12706;23;;;12701.0;0.0
yf_ZW=F_d1;45200;ASH_COATED_OSMIUM;9944;13;9941;30;;;9950;11;9952;12;;;9947.0;0.0
yf_ZW=F_d1;45200;INTARIAN_PEPPER_ROOT;12698;21;12694;25;;;12706;20;12709;21;;;12702.0;0.0
yf_ZW=F_d1;45300;ASH_COATED_OSMIUM;9944;17;9940;10;;;9950;15;9954;22;;;9947.0;0.0
yf_ZW=F_d1;45300;INTARIAN_PEPPER_ROOT;12698;7;12696;21;;;12704;19;12707;21;;;12701.0;0.0
yf_ZW=F_d1;45400;ASH_COATED_OSMIUM;9944;21;9942;25;;;9951;18;9955;21;;;9947.5;0.0
yf_ZW=F_d1;45400;INTARIAN_PEPPER_ROOT;12697;19;12693;20;;;12703;17;12705;14;;;12700.0;0.0
yf_ZW=F_d1;45500;ASH_COATED_OSMIUM;9945;15;9941;28;;;9951;22;9955;22;;;9948.0;0.0
yf_ZW=F_d1;45500;INTARIAN_PEPPER_ROOT;12695;12;12691;17;;;12702;20;12706;18;;;12698.5;0.0
yf_ZW=F_d1;45600;ASH_COATED_OSMIUM;9940;24;9938;19;;;9955;17;9958;24;;;9947.5;0.0
yf_ZW=F_d1;45600;INTARIAN_PEPPER_ROOT;12696;12;12692;20;;;12702;8;12705;28;;;12699.0;0.0
yf_ZW=F_d1;45700;ASH_COATED_OSMIUM;9943;19;9941;24;;;9953;9;9957;35;;;9948.0;0.0
yf_ZW=F_d1;45700;INTARIAN_PEPPER_ROOT;12695;25;12692;21;;;12701;14;12704;9;;;12698.0;0.0
yf_ZW=F_d1;45800;ASH_COATED_OSMIUM;9945;12;9942;26;;;9951;19;9955;27;;;9948.0;0.0
yf_ZW=F_d1;45800;INTARIAN_PEPPER_ROOT;12694;15;12691;13;;;12700;17;12704;24;;;12697.0;0.0
yf_ZW=F_d1;45900;ASH_COATED_OSMIUM;9942;6;9939;19;;;9954;8;9957;18;;;9948.0;0.0
yf_ZW=F_d1;45900;INTARIAN_PEPPER_ROOT;12691;12;12688;19;;;12704;12;12706;17;;;12697.5;0.0
yf_ZW=F_d1;46000;ASH_COATED_OSMIUM;9944;18;9942;12;;;9951;5;9955;20;;;9947.5;0.0
yf_ZW=F_d1;46000;INTARIAN_PEPPER_ROOT;12693;17;12690;24;;;12701;21;12703;21;;;12697.0;0.0
yf_ZW=F_d1;46100;ASH_COATED_OSMIUM;9946;16;9942;14;;;9952;16;9954;23;;;9949.0;0.0
yf_ZW=F_d1;46100;INTARIAN_PEPPER_ROOT;12693;15;12690;17;;;12699;13;12703;20;;;12696.0;0.0
yf_ZW=F_d1;46200;ASH_COATED_OSMIUM;9946;12;9942;21;;;9952;15;9954;14;;;9949.0;0.0
yf_ZW=F_d1;46200;INTARIAN_PEPPER_ROOT;12688;19;12686;22;;;12703;25;12705;22;;;12695.5;0.0
yf_ZW=F_d1;46300;ASH_COATED_OSMIUM;9945;16;9941;18;;;9952;8;9955;21;;;9948.5;0.0
yf_ZW=F_d1;46300;INTARIAN_PEPPER_ROOT;12688;19;12686;16;;;12702;16;12704;13;;;12695.0;0.0
yf_ZW=F_d1;46400;ASH_COATED_OSMIUM;9946;16;9944;17;;;9952;24;9954;15;;;9949.0;0.0
yf_ZW=F_d1;46400;INTARIAN_PEPPER_ROOT;12691;17;12689;25;;;12698;19;12701;22;;;12694.5;0.0
yf_ZW=F_d1;46500;ASH_COATED_OSMIUM;9946;22;9942;27;;;9952;7;9954;26;;;9949.0;0.0
yf_ZW=F_d1;46500;INTARIAN_PEPPER_ROOT;12691;8;12687;16;;;12697;17;12700;12;;;12694.0;0.0
yf_ZW=F_d1;46600;ASH_COATED_OSMIUM;9946;12;9944;19;;;9952;17;9954;28;;;9949.0;0.0
yf_ZW=F_d1;46600;INTARIAN_PEPPER_ROOT;12690;9;12688;18;;;12696;14;12699;8;;;12693.0;0.0
yf_ZW=F_d1;46700;ASH_COATED_OSMIUM;9944;18;9940;22;;;9955;19;9958;17;;;9949.5;0.0
yf_ZW=F_d1;46700;INTARIAN_PEPPER_ROOT;12690;10;12688;10;;;12696;23;12700;20;;;12693.0;0.0
yf_ZW=F_d1;46800;ASH_COATED_OSMIUM;9943;15;9939;23;;;9955;10;9959;19;;;9949.0;0.0
yf_ZW=F_d1;46800;INTARIAN_PEPPER_ROOT;12689;12;12687;20;;;12695;9;12697;19;;;12692.0;0.0
yf_ZW=F_d1;46900;ASH_COATED_OSMIUM;9946;10;9944;15;;;9952;12;9955;20;;;9949.0;0.0
yf_ZW=F_d1;46900;INTARIAN_PEPPER_ROOT;12689;12;12685;10;;;12695;13;12698;14;;;12692.0;0.0
yf_ZW=F_d1;47000;ASH_COATED_OSMIUM;9945;5;9943;21;;;9955;20;9958;18;;;9950.0;0.0
yf_ZW=F_d1;47000;INTARIAN_PEPPER_ROOT;12682;16;12679;13;;;12700;11;12703;26;;;12691.0;0.0
yf_ZW=F_d1;47100;ASH_COATED_OSMIUM;9947;15;9944;19;;;9953;11;9955;22;;;9950.0;0.0
yf_ZW=F_d1;47100;INTARIAN_PEPPER_ROOT;12685;17;12683;20;;;12695;17;12697;15;;;12690.0;0.0
yf_ZW=F_d1;47200;ASH_COATED_OSMIUM;9946;23;9942;25;;;9952;9;9955;26;;;9949.0;0.0
yf_ZW=F_d1;47200;INTARIAN_PEPPER_ROOT;12687;13;12683;19;;;12693;5;12697;17;;;12690.0;0.0
yf_ZW=F_d1;47300;ASH_COATED_OSMIUM;9946;10;9943;15;;;9952;16;9954;8;;;9949.0;0.0
yf_ZW=F_d1;47300;INTARIAN_PEPPER_ROOT;12684;13;12682;9;;;12694;15;12698;15;;;12689.0;0.0
yf_ZW=F_d1;47400;ASH_COATED_OSMIUM;9946;21;9944;13;;;9952;6;9956;32;;;9949.0;0.0
yf_ZW=F_d1;47400;INTARIAN_PEPPER_ROOT;12686;8;12683;14;;;12692;13;12695;22;;;12689.0;0.0
yf_ZW=F_d1;47500;ASH_COATED_OSMIUM;9947;23;9945;21;;;9953;7;9956;19;;;9950.0;0.0
yf_ZW=F_d1;47500;INTARIAN_PEPPER_ROOT;12686;9;12684;19;;;12692;11;12694;21;;;12689.0;0.0
yf_ZW=F_d1;47600;ASH_COATED_OSMIUM;9939;19;9935;20;;;9960;8;9964;13;;;9949.5;0.0
yf_ZW=F_d1;47600;INTARIAN_PEPPER_ROOT;12684;5;12680;25;;;12690;17;12694;18;;;12687.0;0.0
yf_ZW=F_d1;47700;ASH_COATED_OSMIUM;9947;5;9944;8;;;9953;19;9956;17;;;9950.0;0.0
yf_ZW=F_d1;47700;INTARIAN_PEPPER_ROOT;12683;14;12680;22;;;12689;19;12693;22;;;12686.0;0.0
yf_ZW=F_d1;47800;ASH_COATED_OSMIUM;9947;14;9944;28;;;9953;11;9957;20;;;9950.0;0.0
yf_ZW=F_d1;47800;INTARIAN_PEPPER_ROOT;12672;17;12670;14;;;12702;29;12704;14;;;12687.0;0.0
yf_ZW=F_d1;47900;ASH_COATED_OSMIUM;9946;24;9944;18;;;9955;21;9959;18;;;9950.5;0.0
yf_ZW=F_d1;47900;INTARIAN_PEPPER_ROOT;12683;22;12680;17;;;12689;14;12692;16;;;12686.0;0.0
yf_ZW=F_d1;48000;ASH_COATED_OSMIUM;9946;16;9942;14;;;9956;21;9960;18;;;9951.0;0.0
yf_ZW=F_d1;48000;INTARIAN_PEPPER_ROOT;12682;15;12680;15;;;12688;5;12690;25;;;12685.0;0.0
yf_ZW=F_d1;48100;ASH_COATED_OSMIUM;9947;8;9945;17;;;9953;17;9957;19;;;9950.0;0.0
yf_ZW=F_d1;48100;INTARIAN_PEPPER_ROOT;12680;9;12678;22;;;12688;21;12690;18;;;12684.0;0.0
yf_ZW=F_d1;48200;ASH_COATED_OSMIUM;9947;7;9943;26;;;9953;7;9955;17;;;9950.0;0.0
yf_ZW=F_d1;48200;INTARIAN_PEPPER_ROOT;12681;13;12678;18;;;12687;18;12690;15;;;12684.0;0.0
yf_ZW=F_d1;48300;ASH_COATED_OSMIUM;9937;18;9935;21;;;9965;20;9967;18;;;9951.0;0.0
yf_ZW=F_d1;48300;INTARIAN_PEPPER_ROOT;12680;14;12677;18;;;12686;17;12689;25;;;12683.0;0.0
yf_ZW=F_d1;48400;ASH_COATED_OSMIUM;9947;13;9945;13;;;9953;13;9955;22;;;9950.0;0.0
yf_ZW=F_d1;48400;INTARIAN_PEPPER_ROOT;12680;12;12678;23;;;12686;11;12688;19;;;12683.0;0.0
yf_ZW=F_d1;48500;ASH_COATED_OSMIUM;9948;24;9946;14;;;9954;13;9956;25;;;9951.0;0.0
yf_ZW=F_d1;48500;INTARIAN_PEPPER_ROOT;12679;11;12677;18;;;12686;8;12688;19;;;12682.5;0.0
yf_ZW=F_d1;48600;ASH_COATED_OSMIUM;9940;10;9938;15;;;9963;21;9967;13;;;9951.5;0.0
yf_ZW=F_d1;48600;INTARIAN_PEPPER_ROOT;12679;12;12677;16;;;12685;16;12687;21;;;12682.0;0.0
yf_ZW=F_d1;48700;ASH_COATED_OSMIUM;9947;22;9943;27;;;9955;18;9958;17;;;9951.0;0.0
yf_ZW=F_d1;48700;INTARIAN_PEPPER_ROOT;12678;9;12676;11;;;12684;10;12687;21;;;12681.0;0.0
yf_ZW=F_d1;48800;ASH_COATED_OSMIUM;9948;10;9944;26;;;9954;12;9956;19;;;9951.0;0.0
yf_ZW=F_d1;48800;INTARIAN_PEPPER_ROOT;12677;14;12675;22;;;12684;13;12687;22;;;12680.5;0.0
yf_ZW=F_d1;48900;ASH_COATED_OSMIUM;9948;7;9946;22;;;9954;16;9958;24;;;9951.0;0.0
yf_ZW=F_d1;48900;INTARIAN_PEPPER_ROOT;12677;13;12675;17;;;12683;14;12686;24;;;12680.0;0.0
yf_ZW=F_d1;49000;ASH_COATED_OSMIUM;9947;13;9943;20;;;9957;18;9961;15;;;9952.0;0.0
yf_ZW=F_d1;49000;INTARIAN_PEPPER_ROOT;12677;20;12675;22;;;12684;19;12687;21;;;12680.5;0.0
yf_ZW=F_d1;49100;ASH_COATED_OSMIUM;9947;9;9943;23;;;9957;11;9960;19;;;9952.0;0.0
yf_ZW=F_d1;49100;INTARIAN_PEPPER_ROOT;12676;10;12674;27;;;12683;14;12685;8;;;12679.5;0.0
yf_ZW=F_d1;49200;ASH_COATED_OSMIUM;9948;11;9945;13;;;9954;19;9956;29;;;9951.0;0.0
yf_ZW=F_d1;49200;INTARIAN_PEPPER_ROOT;12675;10;12673;23;;;12683;9;12687;18;;;12679.0;0.0
yf_ZW=F_d1;49300;ASH_COATED_OSMIUM;9949;9;9947;15;;;9955;20;9959;12;;;9952.0;0.0
yf_ZW=F_d1;49300;INTARIAN_PEPPER_ROOT;12675;7;12671;17;;;12681;18;12685;25;;;12678.0;0.0
yf_ZW=F_d1;49400;ASH_COATED_OSMIUM;9948;6;9944;16;;;9956;19;9960;22;;;9952.0;0.0
yf_ZW=F_d1;49400;INTARIAN_PEPPER_ROOT;12675;20;12673;23;;;12681;8;12685;22;;;12678.0;0.0
yf_ZW=F_d1;49500;ASH_COATED_OSMIUM;9949;22;9946;17;;;9956;16;9960;16;;;9952.5;0.0
yf_ZW=F_d1;49500;INTARIAN_PEPPER_ROOT;12674;19;12671;20;;;12680;14;12684;18;;;12677.0;0.0
yf_ZW=F_d1;49600;ASH_COATED_OSMIUM;9949;6;9946;22;;;9955;18;9958;17;;;9952.0;0.0
yf_ZW=F_d1;49600;INTARIAN_PEPPER_ROOT;12673;17;12671;25;;;12679;13;12683;26;;;12676.0;0.0
yf_ZW=F_d1;49700;ASH_COATED_OSMIUM;9944;8;9941;21;;;9961;11;9963;13;;;9952.5;0.0
yf_ZW=F_d1;49700;INTARIAN_PEPPER_ROOT;12670;15;12667;14;;;12681;18;12683;23;;;12675.5;0.0
yf_ZW=F_d1;49800;ASH_COATED_OSMIUM;9948;20;9944;17;;;9957;23;9961;17;;;9952.5;0.0
yf_ZW=F_d1;49800;INTARIAN_PEPPER_ROOT;12672;18;12670;14;;;12678;18;12681;23;;;12675.0;0.0
yf_ZW=F_d1;49900;ASH_COATED_OSMIUM;9944;16;9940;20;;;9961;18;9965;17;;;9952.5;0.0
yf_ZW=F_d1;49900;INTARIAN_PEPPER_ROOT;12672;19;12668;17;;;12678;10;12682;15;;;12675.0;0.0
yf_ZW=F_d1;50000;ASH_COATED_OSMIUM;9949;17;9947;22;;;9955;10;9958;18;;;9952.0;0.0
yf_ZW=F_d1;50000;INTARIAN_PEPPER_ROOT;12670;14;12667;15;;;12676;10;12679;20;;;12673.0;0.0
yf_ZW=F_d1;50100;ASH_COATED_OSMIUM;9949;8;9946;18;;;9955;19;9959;23;;;9952.0;0.0
yf_ZW=F_d1;50100;INTARIAN_PEPPER_ROOT;12666;22;12664;14;;;12682;20;12686;16;;;12674.0;0.0
yf_ZW=F_d1;50200;ASH_COATED_OSMIUM;9950;13;9947;30;;;9956;13;9958;16;;;9953.0;0.0
yf_ZW=F_d1;50200;INTARIAN_PEPPER_ROOT;12665;11;12661;26;;;12682;5;12686;11;;;12673.5;0.0
yf_ZW=F_d1;50300;ASH_COATED_OSMIUM;9950;15;9946;17;;;9956;16;9960;25;;;9953.0;0.0
yf_ZW=F_d1;50300;INTARIAN_PEPPER_ROOT;12669;11;12667;17;;;12676;21;12679;23;;;12672.5;0.0
yf_ZW=F_d1;50400;ASH_COATED_OSMIUM;9947;11;9945;17;;;9959;16;9962;17;;;9953.0;0.0
yf_ZW=F_d1;50400;INTARIAN_PEPPER_ROOT;12669;20;12665;16;;;12675;9;12677;19;;;12672.0;0.0
yf_ZW=F_d1;50500;ASH_COATED_OSMIUM;9950;24;9947;15;;;9956;12;9958;20;;;9953.0;0.0
yf_ZW=F_d1;50500;INTARIAN_PEPPER_ROOT;12666;11;12663;24;;;12676;15;12680;15;;;12671.0;0.0
yf_ZW=F_d1;50600;ASH_COATED_OSMIUM;9950;14;9946;18;;;9956;13;9958;18;;;9953.0;0.0
yf_ZW=F_d1;50600;INTARIAN_PEPPER_ROOT;12667;16;12663;19;;;12673;22;12675;12;;;12670.0;0.0
yf_ZW=F_d1;50700;ASH_COATED_OSMIUM;9950;16;9947;23;;;9956;16;9958;17;;;9953.0;0.0
yf_ZW=F_d1;50700;INTARIAN_PEPPER_ROOT;12666;17;12664;24;;;12673;13;12675;26;;;12669.5;0.0
yf_ZW=F_d1;50800;ASH_COATED_OSMIUM;9950;16;9947;24;;;9956;17;9958;12;;;9953.0;0.0
yf_ZW=F_d1;50800;INTARIAN_PEPPER_ROOT;12666;11;12664;9;;;12673;11;12677;21;;;12669.5;0.0
yf_ZW=F_d1;50900;ASH_COATED_OSMIUM;9950;16;9946;19;;;9956;16;9958;19;;;9953.0;0.0
yf_ZW=F_d1;50900;INTARIAN_PEPPER_ROOT;12665;14;12661;19;;;12671;7;12675;15;;;12668.0;0.0
yf_ZW=F_d1;51000;ASH_COATED_OSMIUM;9949;5;9947;21;;;9956;18;9959;28;;;9952.5;0.0
yf_ZW=F_d1;51000;INTARIAN_PEPPER_ROOT;12662;20;12659;19;;;12673;18;12677;10;;;12667.5;0.0
yf_ZW=F_d1;51100;ASH_COATED_OSMIUM;9950;18;9947;13;;;9956;14;9958;24;;;9953.0;0.0
yf_ZW=F_d1;51100;INTARIAN_PEPPER_ROOT;12662;15;12658;22;;;12670;17;12674;14;;;12666.0;0.0
yf_ZW=F_d1;51200;ASH_COATED_OSMIUM;9947;12;9944;22;;;9958;16;9961;14;;;9952.5;0.0
yf_ZW=F_d1;51200;INTARIAN_PEPPER_ROOT;12661;10;12657;10;;;12667;18;12669;20;;;12664.0;0.0
yf_ZW=F_d1;51300;ASH_COATED_OSMIUM;9947;16;9945;25;;;9960;11;9962;19;;;9953.5;0.0
yf_ZW=F_d1;51300;INTARIAN_PEPPER_ROOT;12650;17;12647;13;;;12677;16;12679;23;;;12663.5;0.0
yf_ZW=F_d1;51400;ASH_COATED_OSMIUM;9949;9;9947;13;;;9955;11;9957;28;;;9952.0;0.0
yf_ZW=F_d1;51400;INTARIAN_PEPPER_ROOT;12658;17;12655;22;;;12666;16;12669;26;;;12662.0;0.0
yf_ZW=F_d1;51500;ASH_COATED_OSMIUM;9949;8;9947;21;;;9955;12;9957;13;;;9952.0;0.0
yf_ZW=F_d1;51500;INTARIAN_PEPPER_ROOT;12657;12;12654;26;;;12663;11;12667;19;;;12660.0;0.0
yf_ZW=F_d1;51600;ASH_COATED_OSMIUM;9949;17;9945;16;;;9955;9;9958;17;;;9952.0;0.0
yf_ZW=F_d1;51600;INTARIAN_PEPPER_ROOT;12656;13;12652;23;;;12662;13;12665;17;;;12659.0;0.0
yf_ZW=F_d1;51700;ASH_COATED_OSMIUM;9949;8;9947;14;;;9955;8;9957;17;;;9952.0;0.0
yf_ZW=F_d1;51700;INTARIAN_PEPPER_ROOT;12650;14;12648;24;;;12664;12;12666;30;;;12657.0;0.0
yf_ZW=F_d1;51800;ASH_COATED_OSMIUM;9949;10;9945;25;;;9955;16;9958;21;;;9952.0;0.0
yf_ZW=F_d1;51800;INTARIAN_PEPPER_ROOT;12649;19;12647;29;;;12663;17;12666;19;;;12656.0;0.0
yf_ZW=F_d1;51900;ASH_COATED_OSMIUM;9949;11;9946;20;;;9955;10;9959;17;;;9952.0;0.0
yf_ZW=F_d1;51900;INTARIAN_PEPPER_ROOT;12648;19;12644;20;;;12661;20;12664;22;;;12654.5;0.0
yf_ZW=F_d1;52000;ASH_COATED_OSMIUM;9947;15;9944;16;;;9958;17;9961;15;;;9952.5;0.0
yf_ZW=F_d1;52000;INTARIAN_PEPPER_ROOT;12650;26;12647;21;;;12656;13;12660;27;;;12653.0;0.0
yf_ZW=F_d1;52100;ASH_COATED_OSMIUM;9949;15;9945;22;;;9955;14;9959;18;;;9952.0;0.0
yf_ZW=F_d1;52100;INTARIAN_PEPPER_ROOT;12646;8;12644;18;;;12657;18;12659;22;;;12651.5;0.0
yf_ZW=F_d1;52200;ASH_COATED_OSMIUM;9948;23;9946;17;;;9956;10;9960;18;;;9952.0;0.0
yf_ZW=F_d1;52200;INTARIAN_PEPPER_ROOT;12647;10;12643;23;;;12653;16;12655;22;;;12650.0;0.0
yf_ZW=F_d1;52300;ASH_COATED_OSMIUM;9949;16;9945;19;;;9955;14;9959;20;;;9952.0;0.0
yf_ZW=F_d1;52300;INTARIAN_PEPPER_ROOT;12646;15;12643;23;;;12652;11;12656;23;;;12649.0;0.0
yf_ZW=F_d1;52400;ASH_COATED_OSMIUM;9948;15;9944;24;;;9954;17;9958;13;;;9951.0;0.0
yf_ZW=F_d1;52400;INTARIAN_PEPPER_ROOT;12644;20;12641;21;;;12650;12;12653;15;;;12647.0;0.0
yf_ZW=F_d1;52500;ASH_COATED_OSMIUM;9948;12;9945;19;;;9954;20;9958;20;;;9951.0;0.0
yf_ZW=F_d1;52500;INTARIAN_PEPPER_ROOT;12637;10;12635;18;;;12655;8;12657;26;;;12646.0;0.0
yf_ZW=F_d1;52600;ASH_COATED_OSMIUM;9944;14;9941;24;;;9959;21;9963;22;;;9951.5;0.0
yf_ZW=F_d1;52600;INTARIAN_PEPPER_ROOT;12640;17;12638;21;;;12650;15;12653;19;;;12645.0;0.0
yf_ZW=F_d1;52700;ASH_COATED_OSMIUM;9949;9;9947;10;;;9955;16;9958;9;;;9952.0;0.0
yf_ZW=F_d1;52700;INTARIAN_PEPPER_ROOT;12638;12;12635;18;;;12648;17;12652;10;;;12643.0;0.0
yf_ZW=F_d1;52800;ASH_COATED_OSMIUM;9948;15;9946;30;;;9954;11;9958;19;;;9951.0;0.0
yf_ZW=F_d1;52800;INTARIAN_PEPPER_ROOT;12633;20;12629;15;;;12651;17;12655;17;;;12642.0;0.0
yf_ZW=F_d1;52900;ASH_COATED_OSMIUM;9947;17;9944;8;;;9956;17;9959;22;;;9951.5;0.0
yf_ZW=F_d1;52900;INTARIAN_PEPPER_ROOT;12637;12;12635;19;;;12643;7;12647;27;;;12640.0;0.0
yf_ZW=F_d1;53000;ASH_COATED_OSMIUM;9945;5;9942;31;;;9957;7;9960;16;;;9951.0;0.0
yf_ZW=F_d1;53000;INTARIAN_PEPPER_ROOT;12631;18;12628;15;;;12647;22;12651;25;;;12639.0;0.0
yf_ZW=F_d1;53100;ASH_COATED_OSMIUM;9948;7;9944;21;;;9954;19;9957;23;;;9951.0;0.0
yf_ZW=F_d1;53100;INTARIAN_PEPPER_ROOT;12634;15;12630;22;;;12640;17;12642;14;;;12637.0;0.0
yf_ZW=F_d1;53200;ASH_COATED_OSMIUM;9944;20;9941;24;;;9958;17;9962;22;;;9951.0;0.0
yf_ZW=F_d1;53200;INTARIAN_PEPPER_ROOT;12632;15;12630;10;;;12640;23;12642;14;;;12636.0;0.0
yf_ZW=F_d1;53300;ASH_COATED_OSMIUM;9948;9;9945;25;;;9954;9;9956;22;;;9951.0;0.0
yf_ZW=F_d1;53300;INTARIAN_PEPPER_ROOT;12632;11;12630;20;;;12638;22;12641;16;;;12635.0;0.0
yf_ZW=F_d1;53400;ASH_COATED_OSMIUM;9947;15;9945;22;;;9953;15;9957;17;;;9950.0;0.0
yf_ZW=F_d1;53400;INTARIAN_PEPPER_ROOT;12630;27;12626;28;;;12636;21;12640;13;;;12633.0;0.0
yf_ZW=F_d1;53500;ASH_COATED_OSMIUM;9943;6;9940;27;;;9959;25;9961;17;;;9951.0;0.0
yf_ZW=F_d1;53500;INTARIAN_PEPPER_ROOT;12629;21;12625;15;;;12636;21;12638;27;;;12632.5;0.0
yf_ZW=F_d1;53600;ASH_COATED_OSMIUM;9947;15;9945;14;;;9953;10;9957;19;;;9950.0;0.0
yf_ZW=F_d1;53600;INTARIAN_PEPPER_ROOT;12627;19;12623;20;;;12633;11;12636;20;;;12630.0;0.0
yf_ZW=F_d1;53700;ASH_COATED_OSMIUM;9947;7;9944;18;;;9953;14;9956;12;;;9950.0;0.0
yf_ZW=F_d1;53700;INTARIAN_PEPPER_ROOT;12627;11;12623;26;;;12633;11;12635;27;;;12630.0;0.0
yf_ZW=F_d1;53800;ASH_COATED_OSMIUM;9946;20;9942;23;;;9955;23;9959;27;;;9950.5;0.0
yf_ZW=F_d1;53800;INTARIAN_PEPPER_ROOT;12625;10;12621;15;;;12631;8;12635;14;;;12628.0;0.0
yf_ZW=F_d1;53900;ASH_COATED_OSMIUM;9943;18;9941;25;;;9958;18;9961;19;;;9950.5;0.0
yf_ZW=F_d1;53900;INTARIAN_PEPPER_ROOT;12624;12;12621;21;;;12630;24;12634;19;;;12627.0;0.0
yf_ZW=F_d1;54000;ASH_COATED_OSMIUM;9947;14;9945;19;;;9953;19;9955;22;;;9950.0;0.0
yf_ZW=F_d1;54000;INTARIAN_PEPPER_ROOT;12622;14;12620;29;;;12628;20;12632;21;;;12625.0;0.0
yf_ZW=F_d1;54100;ASH_COATED_OSMIUM;9946;7;9944;20;;;9953;14;9957;25;;;9949.5;0.0
yf_ZW=F_d1;54100;INTARIAN_PEPPER_ROOT;12620;14;12618;14;;;12626;12;12629;24;;;12623.0;0.0
yf_ZW=F_d1;54200;ASH_COATED_OSMIUM;9944;19;9942;22;;;9954;9;9958;19;;;9949.0;0.0
yf_ZW=F_d1;54200;INTARIAN_PEPPER_ROOT;12617;22;12614;16;;;12626;8;12629;21;;;12621.5;0.0
yf_ZW=F_d1;54300;ASH_COATED_OSMIUM;9947;5;9945;13;;;9953;19;9955;21;;;9950.0;0.0
yf_ZW=F_d1;54300;INTARIAN_PEPPER_ROOT;12618;8;12614;18;;;12624;13;12627;27;;;12621.0;0.0
yf_ZW=F_d1;54400;ASH_COATED_OSMIUM;9946;16;9943;14;;;9952;11;9956;12;;;9949.0;0.0
yf_ZW=F_d1;54400;INTARIAN_PEPPER_ROOT;12616;5;12613;15;;;12623;14;12625;15;;;12619.5;0.0
yf_ZW=F_d1;54500;ASH_COATED_OSMIUM;9938;22;9936;20;;;9960;17;9963;28;;;9949.0;0.0
yf_ZW=F_d1;54500;INTARIAN_PEPPER_ROOT;12615;17;12611;16;;;12621;19;12624;22;;;12618.0;0.0
yf_ZW=F_d1;54600;ASH_COATED_OSMIUM;9938;18;9936;21;;;9961;20;9964;14;;;9949.5;0.0
yf_ZW=F_d1;54600;INTARIAN_PEPPER_ROOT;12614;21;12610;21;;;12620;11;12622;23;;;12617.0;0.0
yf_ZW=F_d1;54700;ASH_COATED_OSMIUM;9946;9;9942;25;;;9953;15;9955;16;;;9949.5;0.0
yf_ZW=F_d1;54700;INTARIAN_PEPPER_ROOT;12612;15;12610;19;;;12618;17;12620;26;;;12615.0;0.0
yf_ZW=F_d1;54800;ASH_COATED_OSMIUM;9946;18;9944;18;;;9952;19;9955;15;;;9949.0;0.0
yf_ZW=F_d1;54800;INTARIAN_PEPPER_ROOT;12611;23;12607;17;;;12617;14;12621;27;;;12614.0;0.0
yf_ZW=F_d1;54900;ASH_COATED_OSMIUM;9946;19;9943;28;;;9952;5;9955;11;;;9949.0;0.0
yf_ZW=F_d1;54900;INTARIAN_PEPPER_ROOT;12609;13;12606;22;;;12616;12;12620;15;;;12612.5;0.0
yf_ZW=F_d1;55000;ASH_COATED_OSMIUM;9946;13;9942;15;;;9952;23;9956;22;;;9949.0;0.0
yf_ZW=F_d1;55000;INTARIAN_PEPPER_ROOT;12608;18;12605;16;;;12614;16;12618;12;;;12611.0;0.0
yf_ZW=F_d1;55100;ASH_COATED_OSMIUM;9945;16;9941;26;;;9951;15;9953;22;;;9948.0;0.0
yf_ZW=F_d1;55100;INTARIAN_PEPPER_ROOT;12606;14;12603;27;;;12612;9;12616;23;;;12609.0;0.0
yf_ZW=F_d1;55200;ASH_COATED_OSMIUM;9946;21;9944;14;;;9952;14;9955;19;;;9949.0;0.0
yf_ZW=F_d1;55200;INTARIAN_PEPPER_ROOT;12605;17;12601;26;;;12611;13;12615;12;;;12608.0;0.0
yf_ZW=F_d1;55300;ASH_COATED_OSMIUM;9945;16;9942;18;;;9951;12;9955;24;;;9948.0;0.0
yf_ZW=F_d1;55300;INTARIAN_PEPPER_ROOT;12598;15;12595;22;;;12615;16;12618;14;;;12606.5;0.0
yf_ZW=F_d1;55400;ASH_COATED_OSMIUM;9941;14;9939;18;;;9955;5;9958;18;;;9948.0;0.0
yf_ZW=F_d1;55400;INTARIAN_PEPPER_ROOT;12601;10;12599;20;;;12611;12;12614;22;;;12606.0;0.0
yf_ZW=F_d1;55500;ASH_COATED_OSMIUM;9946;5;9942;30;;;9952;5;9954;21;;;9949.0;0.0
yf_ZW=F_d1;55500;INTARIAN_PEPPER_ROOT;12601;20;12598;16;;;12607;5;12610;24;;;12604.0;0.0
yf_ZW=F_d1;55600;ASH_COATED_OSMIUM;9942;13;9939;23;;;9955;17;9957;16;;;9948.5;0.0
yf_ZW=F_d1;55600;INTARIAN_PEPPER_ROOT;12598;15;12595;15;;;12606;18;12608;20;;;12602.0;0.0
yf_ZW=F_d1;55700;ASH_COATED_OSMIUM;9945;8;9942;21;;;9951;16;9955;14;;;9948.0;0.0
yf_ZW=F_d1;55700;INTARIAN_PEPPER_ROOT;12598;8;12594;16;;;12604;12;12608;19;;;12601.0;0.0
yf_ZW=F_d1;55800;ASH_COATED_OSMIUM;9945;9;9943;18;;;9951;21;9954;17;;;9948.0;0.0
yf_ZW=F_d1;55800;INTARIAN_PEPPER_ROOT;12596;16;12594;24;;;12602;17;12606;26;;;12599.0;0.0
yf_ZW=F_d1;55900;ASH_COATED_OSMIUM;9944;14;9940;21;;;9950;13;9954;24;;;9947.0;0.0
yf_ZW=F_d1;55900;INTARIAN_PEPPER_ROOT;12595;22;12593;19;;;12601;13;12604;16;;;12598.0;0.0
yf_ZW=F_d1;56000;ASH_COATED_OSMIUM;9939;16;9935;17;;;9955;11;9957;18;;;9947.0;0.0
yf_ZW=F_d1;56000;INTARIAN_PEPPER_ROOT;12584;12;12581;18;;;12609;18;12612;28;;;12596.5;0.0
yf_ZW=F_d1;56100;ASH_COATED_OSMIUM;9925;21;9923;8;;;9970;12;9974;23;;;9947.5;0.0
yf_ZW=F_d1;56100;INTARIAN_PEPPER_ROOT;12592;19;12590;28;;;12598;17;12600;21;;;12595.0;0.0
yf_ZW=F_d1;56200;ASH_COATED_OSMIUM;9945;18;9942;17;;;9951;15;9954;17;;;9948.0;0.0
yf_ZW=F_d1;56200;INTARIAN_PEPPER_ROOT;12583;10;12579;19;;;12605;16;12607;22;;;12594.0;0.0
yf_ZW=F_d1;56300;ASH_COATED_OSMIUM;9945;16;9942;18;;;9951;18;9954;22;;;9948.0;0.0
yf_ZW=F_d1;56300;INTARIAN_PEPPER_ROOT;12589;20;12587;20;;;12597;7;12599;26;;;12593.0;0.0
yf_ZW=F_d1;56400;ASH_COATED_OSMIUM;9944;5;9941;13;;;9950;5;9952;30;;;9947.0;0.0
yf_ZW=F_d1;56400;INTARIAN_PEPPER_ROOT;12588;14;12586;13;;;12594;12;12596;18;;;12591.0;0.0
yf_ZW=F_d1;56500;ASH_COATED_OSMIUM;9944;16;9941;18;;;9950;14;9954;21;;;9947.0;0.0
yf_ZW=F_d1;56500;INTARIAN_PEPPER_ROOT;12585;12;12581;21;;;12594;11;12598;22;;;12589.5;0.0
yf_ZW=F_d1;56600;ASH_COATED_OSMIUM;9944;18;9940;18;;;9950;18;9953;18;;;9947.0;0.0
yf_ZW=F_d1;56600;INTARIAN_PEPPER_ROOT;12584;18;12581;19;;;12592;16;12595;15;;;12588.0;0.0
yf_ZW=F_d1;56700;ASH_COATED_OSMIUM;9942;11;9940;24;;;9952;18;9956;15;;;9947.0;0.0
yf_ZW=F_d1;56700;INTARIAN_PEPPER_ROOT;12577;9;12573;21;;;12597;17;12600;24;;;12587.0;0.0
yf_ZW=F_d1;56800;ASH_COATED_OSMIUM;9941;19;9939;12;;;9952;5;9956;8;;;9946.5;0.0
yf_ZW=F_d1;56800;INTARIAN_PEPPER_ROOT;12579;13;12575;22;;;12591;10;12595;18;;;12585.0;0.0
yf_ZW=F_d1;56900;ASH_COATED_OSMIUM;9941;12;9937;15;;;9951;20;9953;17;;;9946.0;0.0
yf_ZW=F_d1;56900;INTARIAN_PEPPER_ROOT;12581;7;12578;23;;;12587;15;12591;21;;;12584.0;0.0
yf_ZW=F_d1;57000;ASH_COATED_OSMIUM;9940;14;9937;15;;;9953;16;9956;18;;;9946.5;0.0
yf_ZW=F_d1;57000;INTARIAN_PEPPER_ROOT;12580;17;12578;20;;;12586;12;12590;31;;;12583.0;0.0
yf_ZW=F_d1;57100;ASH_COATED_OSMIUM;9935;18;9933;26;;;9958;13;9960;17;;;9946.5;0.0
yf_ZW=F_d1;57100;INTARIAN_PEPPER_ROOT;12567;12;12563;19;;;12594;13;12596;23;;;12580.5;0.0
yf_ZW=F_d1;57200;ASH_COATED_OSMIUM;9944;14;9942;23;;;9950;12;9953;23;;;9947.0;0.0
yf_ZW=F_d1;57200;INTARIAN_PEPPER_ROOT;12577;12;12575;28;;;12583;5;12585;22;;;12580.0;0.0
yf_ZW=F_d1;57300;ASH_COATED_OSMIUM;9938;6;9934;18;;;9954;9;9956;28;;;9946.0;0.0
yf_ZW=F_d1;57300;INTARIAN_PEPPER_ROOT;12575;16;12573;18;;;12582;13;12586;25;;;12578.5;0.0
yf_ZW=F_d1;57400;ASH_COATED_OSMIUM;9943;20;9940;20;;;9949;25;9951;26;;;9946.0;0.0
yf_ZW=F_d1;57400;INTARIAN_PEPPER_ROOT;12568;10;12566;10;;;12585;7;12589;10;;;12576.5;0.0
yf_ZW=F_d1;57500;ASH_COATED_OSMIUM;9943;18;9939;23;;;9949;9;9951;26;;;9946.0;0.0
yf_ZW=F_d1;57500;INTARIAN_PEPPER_ROOT;12565;15;12561;19;;;12586;22;12590;16;;;12575.5;0.0
yf_ZW=F_d1;57600;ASH_COATED_OSMIUM;9942;12;9940;18;;;9948;20;9951;20;;;9945.0;0.0
yf_ZW=F_d1;57600;INTARIAN_PEPPER_ROOT;12547;16;12544;29;;;12600;20;12604;18;;;12573.5;0.0
yf_ZW=F_d1;57700;ASH_COATED_OSMIUM;9943;17;9939;21;;;9949;19;9953;16;;;9946.0;0.0
yf_ZW=F_d1;57700;INTARIAN_PEPPER_ROOT;12566;9;12562;15;;;12578;14;12581;23;;;12572.0;0.0
yf_ZW=F_d1;57800;ASH_COATED_OSMIUM;9943;18;9940;14;;;9949;19;9951;16;;;9946.0;0.0
yf_ZW=F_d1;57800;INTARIAN_PEPPER_ROOT;12568;7;12565;15;;;12574;14;12578;10;;;12571.0;0.0
yf_ZW=F_d1;57900;ASH_COATED_OSMIUM;9943;20;9941;20;;;9949;11;9951;22;;;9946.0;0.0
yf_ZW=F_d1;57900;INTARIAN_PEPPER_ROOT;12567;16;12565;19;;;12573;9;12577;21;;;12570.0;0.0
yf_ZW=F_d1;58000;ASH_COATED_OSMIUM;9942;15;9940;23;;;9948;14;9951;28;;;9945.0;0.0
yf_ZW=F_d1;58000;INTARIAN_PEPPER_ROOT;12564;21;12560;20;;;12571;19;12575;27;;;12567.5;0.0
yf_ZW=F_d1;58100;ASH_COATED_OSMIUM;9942;22;9940;15;;;9948;11;9950;11;;;9945.0;0.0
yf_ZW=F_d1;58100;INTARIAN_PEPPER_ROOT;12564;11;12560;21;;;12570;11;12573;26;;;12567.0;0.0
yf_ZW=F_d1;58200;ASH_COATED_OSMIUM;9943;14;9941;20;;;9949;13;9952;17;;;9946.0;0.0
yf_ZW=F_d1;58200;INTARIAN_PEPPER_ROOT;12562;10;12558;28;;;12568;13;12570;13;;;12565.0;0.0
yf_ZW=F_d1;58300;ASH_COATED_OSMIUM;9942;13;9938;17;;;9948;15;9951;17;;;9945.0;0.0
yf_ZW=F_d1;58300;INTARIAN_PEPPER_ROOT;12561;6;12557;21;;;12567;17;12571;21;;;12564.0;0.0
