day;timestamp;product;bid_price_1;bid_volume_1;bid_price_2;bid_volume_2;bid_price_3;bid_volume_3;ask_price_1;ask_volume_1;ask_price_2;ask_volume_2;ask_price_3;ask_volume_3;mid_price;profit_and_loss
yf_ADM_d14;0;ASH_COATED_OSMIUM;9897;13;9894;19;;;9903;13;9907;16;;;9900.0;0.0
yf_ADM_d14;0;INTARIAN_PEPPER_ROOT;10206;18;10202;15;;;10212;12;10216;22;;;10209.0;0.0
yf_ADM_d14;100;ASH_COATED_OSMIUM;9897;11;9894;20;;;9903;17;9905;14;;;9900.0;0.0
yf_ADM_d14;100;INTARIAN_PEPPER_ROOT;10206;14;10203;23;;;10212;15;10214;21;;;10209.0;0.0
yf_ADM_d14;200;ASH_COATED_OSMIUM;9896;16;9894;22;;;9902;16;9906;24;;;9899.0;0.0
yf_ADM_d14;200;INTARIAN_PEPPER_ROOT;10205;21;10202;19;;;10212;12;10215;18;;;10208.5;0.0
yf_ADM_d14;300;ASH_COATED_OSMIUM;9895;14;9892;20;;;9905;13;9908;20;;;9900.0;0.0
yf_ADM_d14;300;INTARIAN_PEPPER_ROOT;10206;14;10203;16;;;10212;12;10215;21;;;10209.0;0.0
yf_ADM_d14;400;ASH_COATED_OSMIUM;9893;14;9890;25;;;9907;15;9909;18;;;9900.0;0.0
yf_ADM_d14;400;INTARIAN_PEPPER_ROOT;10205;19;10201;11;;;10211;14;10213;31;;;10208.0;0.0
yf_ADM_d14;500;ASH_COATED_OSMIUM;9897;15;9894;23;;;9903;23;9905;17;;;9900.0;0.0
yf_ADM_d14;500;INTARIAN_PEPPER_ROOT;10201;10;10197;19;;;10215;9;10219;20;;;10208.0;0.0
yf_ADM_d14;600;ASH_COATED_OSMIUM;9897;8;9893;16;;;9903;11;9906;14;;;9900.0;0.0
yf_ADM_d14;600;INTARIAN_PEPPER_ROOT;10194;15;10192;17;;;10221;13;10224;12;;;10207.5;0.0
yf_ADM_d14;700;ASH_COATED_OSMIUM;9897;12;9893;24;;;9903;5;9905;17;;;9900.0;0.0
yf_ADM_d14;700;INTARIAN_PEPPER_ROOT;10204;19;10202;15;;;10210;17;10212;20;;;10207.0;0.0
yf_ADM_d14;800;ASH_COATED_OSMIUM;9897;9;9894;20;;;9903;5;9907;21;;;9900.0;0.0
yf_ADM_d14;800;INTARIAN_PEPPER_ROOT;10200;16;10198;28;;;10214;17;10218;15;;;10207.0;0.0
yf_ADM_d14;900;ASH_COATED_OSMIUM;9896;7;9893;21;;;9904;14;9906;29;;;9900.0;0.0
yf_ADM_d14;900;INTARIAN_PEPPER_ROOT;10204;13;10202;20;;;10210;20;10214;20;;;10207.0;0.0
yf_ADM_d14;1000;ASH_COATED_OSMIUM;9893;5;9889;32;;;9906;14;9910;18;;;9899.5;0.0
yf_ADM_d14;1000;INTARIAN_PEPPER_ROOT;10203;19;10200;25;;;10209;17;10213;19;;;10206.0;0.0
yf_ADM_d14;1100;ASH_COATED_OSMIUM;9897;15;9893;25;;;9903;17;9905;18;;;9900.0;0.0
yf_ADM_d14;1100;INTARIAN_PEPPER_ROOT;10199;12;10197;26;;;10214;14;10218;8;;;10206.5;0.0
yf_ADM_d14;1200;ASH_COATED_OSMIUM;9897;9;9895;22;;;9903;20;9905;9;;;9900.0;0.0
yf_ADM_d14;1200;INTARIAN_PEPPER_ROOT;10203;16;10199;26;;;10209;16;10213;26;;;10206.0;0.0
yf_ADM_d14;1300;ASH_COATED_OSMIUM;9897;15;9893;19;;;9903;6;9905;14;;;9900.0;0.0
yf_ADM_d14;1300;INTARIAN_PEPPER_ROOT;10203;16;10199;24;;;10209;16;10212;25;;;10206.0;0.0
yf_ADM_d14;1400;ASH_COATED_OSMIUM;9892;21;9890;18;;;9907;18;9910;22;;;9899.5;0.0
yf_ADM_d14;1400;INTARIAN_PEPPER_ROOT;10202;10;10200;17;;;10208;14;10210;21;;;10205.0;0.0
yf_ADM_d14;1500;ASH_COATED_OSMIUM;9896;10;9892;22;;;9905;11;9909;16;;;9900.5;0.0
yf_ADM_d14;1500;INTARIAN_PEPPER_ROOT;10202;13;10199;26;;;10208;9;10210;21;;;10205.0;0.0
yf_ADM_d14;1600;ASH_COATED_OSMIUM;9891;21;9888;24;;;9909;19;9912;20;;;9900.0;0.0
yf_ADM_d14;1600;INTARIAN_PEPPER_ROOT;10200;11;10197;18;;;10211;15;10214;23;;;10205.5;0.0
yf_ADM_d14;1700;ASH_COATED_OSMIUM;9888;24;9884;10;;;9912;10;9915;20;;;9900.0;0.0
yf_ADM_d14;1700;INTARIAN_PEPPER_ROOT;10201;16;10198;22;;;10207;22;10210;15;;;10204.0;0.0
yf_ADM_d14;1800;ASH_COATED_OSMIUM;9896;13;9894;19;;;9903;16;9906;17;;;9899.5;0.0
yf_ADM_d14;1800;INTARIAN_PEPPER_ROOT;10201;7;10198;18;;;10208;15;10211;16;;;10204.5;0.0
yf_ADM_d14;1900;ASH_COATED_OSMIUM;9896;8;9893;19;;;9904;11;9906;10;;;9900.0;0.0
yf_ADM_d14;1900;INTARIAN_PEPPER_ROOT;10201;11;10197;14;;;10207;11;10210;18;;;10204.0;0.0
yf_ADM_d14;2000;ASH_COATED_OSMIUM;9886;5;9883;18;;;9914;21;9917;25;;;9900.0;0.0
yf_ADM_d14;2000;INTARIAN_PEPPER_ROOT;10200;14;10198;18;;;10206;16;10210;27;;;10203.0;0.0
yf_ADM_d14;2100;ASH_COATED_OSMIUM;9897;18;9893;18;;;9903;13;9906;20;;;9900.0;0.0
yf_ADM_d14;2100;INTARIAN_PEPPER_ROOT;10197;14;10195;18;;;10209;13;10212;17;;;10203.0;0.0
yf_ADM_d14;2200;ASH_COATED_OSMIUM;9897;12;9894;19;;;9903;17;9907;25;;;9900.0;0.0
yf_ADM_d14;2200;INTARIAN_PEPPER_ROOT;10200;17;10198;15;;;10206;7;10210;20;;;10203.0;0.0
yf_ADM_d14;2300;ASH_COATED_OSMIUM;9897;18;9895;15;;;9903;20;9905;27;;;9900.0;0.0
yf_ADM_d14;2300;INTARIAN_PEPPER_ROOT;10195;9;10192;22;;;10211;8;10215;22;;;10203.0;0.0
yf_ADM_d14;2400;ASH_COATED_OSMIUM;9897;15;9893;21;;;9903;14;9905;21;;;9900.0;0.0
yf_ADM_d14;2400;INTARIAN_PEPPER_ROOT;10199;19;10195;23;;;10205;16;10209;23;;;10202.0;0.0
yf_ADM_d14;2500;ASH_COATED_OSMIUM;9897;19;9893;25;;;9903;16;9906;15;;;9900.0;0.0
yf_ADM_d14;2500;INTARIAN_PEPPER_ROOT;10199;11;10195;23;;;10205;18;10208;8;;;10202.0;0.0
yf_ADM_d14;2600;ASH_COATED_OSMIUM;9896;15;9893;17;;;9902;16;9904;26;;;9899.0;0.0
yf_ADM_d14;2600;INTARIAN_PEPPER_ROOT;10193;10;10191;23;;;10210;17;10213;11;;;10201.5;0.0
yf_ADM_d14;2700;ASH_COATED_OSMIUM;9896;19;9893;19;;;9902;13;9905;15;;;9899.0;0.0
yf_ADM_d14;2700;INTARIAN_PEPPER_ROOT;10189;17;10186;18;;;10213;9;10216;19;;;10201.0;0.0
yf_ADM_d14;2800;ASH_COATED_OSMIUM;9897;10;9894;24;;;9903;13;9907;21;;;9900.0;0.0
yf_ADM_d14;2800;INTARIAN_PEPPER_ROOT;10198;20;10195;22;;;10204;9;10206;26;;;10201.0;0.0
yf_ADM_d14;2900;ASH_COATED_OSMIUM;9897;17;9893;22;;;9903;16;9905;18;;;9900.0;0.0
yf_ADM_d14;2900;INTARIAN_PEPPER_ROOT;10195;16;10192;21;;;10206;8;10208;16;;;10200.5;0.0
yf_ADM_d14;3000;ASH_COATED_OSMIUM;9897;13;9894;16;;;9903;17;9905;21;;;9900.0;0.0
yf_ADM_d14;3000;INTARIAN_PEPPER_ROOT;10198;10;10196;23;;;10204;18;10208;27;;;10201.0;0.0
yf_ADM_d14;3100;ASH_COATED_OSMIUM;9896;10;9894;26;;;9902;19;9906;19;;;9899.0;0.0
yf_ADM_d14;3100;INTARIAN_PEPPER_ROOT;10197;9;10193;20;;;10203;17;10207;12;;;10200.0;0.0
yf_ADM_d14;3200;ASH_COATED_OSMIUM;9896;11;9894;26;;;9904;16;9908;17;;;9900.0;0.0
yf_ADM_d14;3200;INTARIAN_PEPPER_ROOT;10197;20;10195;19;;;10203;16;10205;22;;;10200.0;0.0
yf_ADM_d14;3300;ASH_COATED_OSMIUM;9897;19;9895;16;;;9903;13;9905;11;;;9900.0;0.0
yf_ADM_d14;3300;INTARIAN_PEPPER_ROOT;10195;24;10191;22;;;10204;13;10206;22;;;10199.5;0.0
yf_ADM_d14;3400;ASH_COATED_OSMIUM;9895;14;9891;21;;;9905;18;9907;27;;;9900.0;0.0
yf_ADM_d14;3400;INTARIAN_PEPPER_ROOT;10196;9;10193;24;;;10202;15;10206;23;;;10199.0;0.0
yf_ADM_d14;3500;ASH_COATED_OSMIUM;9889;20;9887;26;;;9912;22;9914;22;;;9900.5;0.0
yf_ADM_d14;3500;INTARIAN_PEPPER_ROOT;10194;18;10192;19;;;10203;16;10206;23;;;10198.5;0.0
yf_ADM_d14;3600;ASH_COATED_OSMIUM;9894;9;9891;10;;;9905;17;9909;23;;;9899.5;0.0
yf_ADM_d14;3600;INTARIAN_PEPPER_ROOT;10196;5;10193;17;;;10202;10;10204;17;;;10199.0;0.0
yf_ADM_d14;3700;ASH_COATED_OSMIUM;9896;8;9893;25;;;9902;8;9904;21;;;9899.0;0.0
yf_ADM_d14;3700;INTARIAN_PEPPER_ROOT;10196;15;10193;13;;;10202;16;10204;21;;;10199.0;0.0
yf_ADM_d14;3800;ASH_COATED_OSMIUM;9896;16;9892;16;;;9904;13;9907;20;;;9900.0;0.0
yf_ADM_d14;3800;INTARIAN_PEPPER_ROOT;10192;8;10190;21;;;10204;15;10208;19;;;10198.0;0.0
yf_ADM_d14;3900;ASH_COATED_OSMIUM;9897;14;9895;21;;;9903;13;9905;25;;;9900.0;0.0
yf_ADM_d14;3900;INTARIAN_PEPPER_ROOT;10193;11;10189;20;;;10203;16;10207;24;;;10198.0;0.0
yf_ADM_d14;4000;ASH_COATED_OSMIUM;9897;9;9894;19;;;9903;18;9905;26;;;9900.0;0.0
yf_ADM_d14;4000;INTARIAN_PEPPER_ROOT;10194;15;10192;29;;;10200;12;10204;25;;;10197.0;0.0
yf_ADM_d14;4100;ASH_COATED_OSMIUM;9897;9;9895;19;;;9903;11;9906;23;;;9900.0;0.0
yf_ADM_d14;4100;INTARIAN_PEPPER_ROOT;10194;18;10192;23;;;10200;17;10204;17;;;10197.0;0.0
yf_ADM_d14;4200;ASH_COATED_OSMIUM;9891;8;9888;24;;;9909;11;9912;26;;;9900.0;0.0
yf_ADM_d14;4200;INTARIAN_PEPPER_ROOT;10194;11;10191;14;;;10200;13;10202;11;;;10197.0;0.0
yf_ADM_d14;4300;ASH_COATED_OSMIUM;9896;12;9894;20;;;9903;8;9906;11;;;9899.5;0.0
yf_ADM_d14;4300;INTARIAN_PEPPER_ROOT;10194;13;10190;15;;;10200;12;10204;12;;;10197.0;0.0
yf_ADM_d14;4400;ASH_COATED_OSMIUM;9897;14;9895;13;;;9904;16;9908;25;;;9900.5;0.0
yf_ADM_d14;4400;INTARIAN_PEPPER_ROOT;10186;12;10183;21;;;10208;21;10211;18;;;10197.0;0.0
yf_ADM_d14;4500;ASH_COATED_OSMIUM;9896;18;9892;14;;;9902;20;9906;21;;;9899.0;0.0
yf_ADM_d14;4500;INTARIAN_PEPPER_ROOT;10193;18;10191;21;;;10199;17;10202;17;;;10196.0;0.0
yf_ADM_d14;4600;ASH_COATED_OSMIUM;9897;17;9894;13;;;9903;15;9905;16;;;9900.0;0.0
yf_ADM_d14;4600;INTARIAN_PEPPER_ROOT;10193;14;10191;18;;;10199;14;10201;20;;;10196.0;0.0
yf_ADM_d14;4700;ASH_COATED_OSMIUM;9897;15;9895;16;;;9903;17;9905;19;;;9900.0;0.0
yf_ADM_d14;4700;INTARIAN_PEPPER_ROOT;10193;17;10189;15;;;10199;26;10203;28;;;10196.0;0.0
yf_ADM_d14;4800;ASH_COATED_OSMIUM;9895;9;9891;17;;;9904;14;9908;19;;;9899.5;0.0
yf_ADM_d14;4800;INTARIAN_PEPPER_ROOT;10186;9;10184;18;;;10203;8;10205;26;;;10194.5;0.0
yf_ADM_d14;4900;ASH_COATED_OSMIUM;9893;19;9890;16;;;9906;20;9908;18;;;9899.5;0.0
yf_ADM_d14;4900;INTARIAN_PEPPER_ROOT;10192;13;10190;19;;;10198;14;10201;22;;;10195.0;0.0
yf_ADM_d14;5000;ASH_COATED_OSMIUM;9894;9;9890;26;;;9906;22;9908;21;;;9900.0;0.0
yf_ADM_d14;5000;INTARIAN_PEPPER_ROOT;10183;22;10180;21;;;10207;16;10210;12;;;10195.0;0.0
yf_ADM_d14;5100;ASH_COATED_OSMIUM;9897;12;9894;20;;;9904;22;9906;21;;;9900.5;0.0
yf_ADM_d14;5100;INTARIAN_PEPPER_ROOT;10189;16;10186;21;;;10200;13;10202;29;;;10194.5;0.0
yf_ADM_d14;5200;ASH_COATED_OSMIUM;9897;30;9895;10;;;9903;23;9907;8;;;9900.0;0.0
yf_ADM_d14;5200;INTARIAN_PEPPER_ROOT;10191;11;10189;16;;;10197;17;10200;11;;;10194.0;0.0
yf_ADM_d14;5300;ASH_COATED_OSMIUM;9897;8;9893;17;;;9903;5;9905;19;;;9900.0;0.0
yf_ADM_d14;5300;INTARIAN_PEPPER_ROOT;10191;16;10187;19;;;10197;17;10199;23;;;10194.0;0.0
yf_ADM_d14;5400;ASH_COATED_OSMIUM;9896;15;9894;23;;;9903;16;9905;24;;;9899.5;0.0
yf_ADM_d14;5400;INTARIAN_PEPPER_ROOT;10191;13;10187;8;;;10197;13;10199;28;;;10194.0;0.0
yf_ADM_d14;5500;ASH_COATED_OSMIUM;9897;17;9893;19;;;9903;20;9907;20;;;9900.0;0.0
yf_ADM_d14;5500;INTARIAN_PEPPER_ROOT;10190;17;10186;21;;;10196;11;10200;25;;;10193.0;0.0
yf_ADM_d14;5600;ASH_COATED_OSMIUM;9897;15;9893;22;;;9903;18;9907;21;;;9900.0;0.0
yf_ADM_d14;5600;INTARIAN_PEPPER_ROOT;10190;10;10187;19;;;10196;14;10200;26;;;10193.0;0.0
yf_ADM_d14;5700;ASH_COATED_OSMIUM;9897;14;9894;16;;;9903;14;9906;22;;;9900.0;0.0
yf_ADM_d14;5700;INTARIAN_PEPPER_ROOT;10187;13;10184;20;;;10197;16;10199;10;;;10192.0;0.0
yf_ADM_d14;5800;ASH_COATED_OSMIUM;9897;14;9893;24;;;9903;16;9905;17;;;9900.0;0.0
yf_ADM_d14;5800;INTARIAN_PEPPER_ROOT;10189;18;10186;32;;;10195;17;10199;21;;;10192.0;0.0
yf_ADM_d14;5900;ASH_COATED_OSMIUM;9894;15;9891;25;;;9905;8;9908;13;;;9899.5;0.0
yf_ADM_d14;5900;INTARIAN_PEPPER_ROOT;10189;16;10186;19;;;10195;18;10199;26;;;10192.0;0.0
yf_ADM_d14;6000;ASH_COATED_OSMIUM;9895;11;9892;22;;;9904;16;9907;18;;;9899.5;0.0
yf_ADM_d14;6000;INTARIAN_PEPPER_ROOT;10181;14;10178;24;;;10204;9;10206;28;;;10192.5;0.0
yf_ADM_d14;6100;ASH_COATED_OSMIUM;9896;5;9893;14;;;9902;12;9906;16;;;9899.0;0.0
yf_ADM_d14;6100;INTARIAN_PEPPER_ROOT;10185;20;10181;26;;;10196;13;10199;22;;;10190.5;0.0
yf_ADM_d14;6200;ASH_COATED_OSMIUM;9894;12;9891;13;;;9906;20;9908;13;;;9900.0;0.0
yf_ADM_d14;6200;INTARIAN_PEPPER_ROOT;10188;12;10185;21;;;10194;18;10198;24;;;10191.0;0.0
yf_ADM_d14;6300;ASH_COATED_OSMIUM;9896;5;9894;21;;;9904;20;9907;21;;;9900.0;0.0
yf_ADM_d14;6300;INTARIAN_PEPPER_ROOT;10186;5;10183;22;;;10194;19;10196;14;;;10190.0;0.0
yf_ADM_d14;6400;ASH_COATED_OSMIUM;9897;11;9893;16;;;9903;12;9905;22;;;9900.0;0.0
yf_ADM_d14;6400;INTARIAN_PEPPER_ROOT;10178;11;10174;16;;;10202;24;10204;31;;;10190.0;0.0
yf_ADM_d14;6500;ASH_COATED_OSMIUM;9896;14;9892;21;;;9902;22;9904;28;;;9899.0;0.0
yf_ADM_d14;6500;INTARIAN_PEPPER_ROOT;10186;14;10183;20;;;10194;9;10198;15;;;10190.0;0.0
yf_ADM_d14;6600;ASH_COATED_OSMIUM;9896;12;9894;15;;;9904;9;9908;21;;;9900.0;0.0
yf_ADM_d14;6600;INTARIAN_PEPPER_ROOT;10186;14;10183;18;;;10194;17;10197;21;;;10190.0;0.0
yf_ADM_d14;6700;ASH_COATED_OSMIUM;9897;14;9894;15;;;9903;18;9906;20;;;9900.0;0.0
yf_ADM_d14;6700;INTARIAN_PEPPER_ROOT;10187;9;10184;10;;;10193;15;10196;20;;;10190.0;0.0
yf_ADM_d14;6800;ASH_COATED_OSMIUM;9891;15;9889;17;;;9909;10;9912;20;;;9900.0;0.0
yf_ADM_d14;6800;INTARIAN_PEPPER_ROOT;10175;13;10173;16;;;10203;13;10207;15;;;10189.0;0.0
yf_ADM_d14;6900;ASH_COATED_OSMIUM;9897;20;9893;19;;;9903;17;9907;24;;;9900.0;0.0
yf_ADM_d14;6900;INTARIAN_PEPPER_ROOT;10186;18;10184;23;;;10192;13;10196;10;;;10189.0;0.0
yf_ADM_d14;7000;ASH_COATED_OSMIUM;9896;17;9892;24;;;9902;17;9905;28;;;9899.0;0.0
yf_ADM_d14;7000;INTARIAN_PEPPER_ROOT;10185;7;10181;27;;;10191;14;10193;9;;;10188.0;0.0
yf_ADM_d14;7100;ASH_COATED_OSMIUM;9897;21;9895;23;;;9903;15;9906;18;;;9900.0;0.0
yf_ADM_d14;7100;INTARIAN_PEPPER_ROOT;10185;13;10181;18;;;10191;17;10194;19;;;10188.0;0.0
yf_ADM_d14;7200;ASH_COATED_OSMIUM;9895;9;9891;18;;;9904;17;9907;23;;;9899.5;0.0
yf_ADM_d14;7200;INTARIAN_PEPPER_ROOT;10185;21;10182;17;;;10191;21;10193;22;;;10188.0;0.0
yf_ADM_d14;7300;ASH_COATED_OSMIUM;9897;13;9893;21;;;9903;17;9905;19;;;9900.0;0.0
yf_ADM_d14;7300;INTARIAN_PEPPER_ROOT;10182;13;10180;22;;;10194;17;10198;16;;;10188.0;0.0
yf_ADM_d14;7400;ASH_COATED_OSMIUM;9897;19;9894;28;;;9903;18;9906;27;;;9900.0;0.0
yf_ADM_d14;7400;INTARIAN_PEPPER_ROOT;10183;17;10181;19;;;10194;10;10196;21;;;10188.5;0.0
yf_ADM_d14;7500;ASH_COATED_OSMIUM;9896;11;9892;20;;;9902;14;9905;22;;;9899.0;0.0
yf_ADM_d14;7500;INTARIAN_PEPPER_ROOT;10184;12;10180;22;;;10190;10;10192;21;;;10187.0;0.0
yf_ADM_d14;7600;ASH_COATED_OSMIUM;9889;19;9886;13;;;9910;13;9914;25;;;9899.5;0.0
yf_ADM_d14;7600;INTARIAN_PEPPER_ROOT;10184;14;10180;22;;;10190;15;10193;22;;;10187.0;0.0
yf_ADM_d14;7700;ASH_COATED_OSMIUM;9889;22;9885;18;;;9911;10;9914;20;;;9900.0;0.0
yf_ADM_d14;7700;INTARIAN_PEPPER_ROOT;10184;18;10181;19;;;10190;14;10193;20;;;10187.0;0.0
yf_ADM_d14;7800;ASH_COATED_OSMIUM;9897;24;9893;21;;;9903;24;9905;22;;;9900.0;0.0
yf_ADM_d14;7800;INTARIAN_PEPPER_ROOT;10183;10;10179;23;;;10189;5;10192;15;;;10186.0;0.0
yf_ADM_d14;7900;ASH_COATED_OSMIUM;9894;10;9890;17;;;9905;19;9908;21;;;9899.5;0.0
yf_ADM_d14;7900;INTARIAN_PEPPER_ROOT;10183;13;10180;23;;;10189;22;10192;22;;;10186.0;0.0
yf_ADM_d14;8000;ASH_COATED_OSMIUM;9896;5;9894;17;;;9902;14;9905;15;;;9899.0;0.0
yf_ADM_d14;8000;INTARIAN_PEPPER_ROOT;10177;21;10173;23;;;10193;9;10195;21;;;10185.0;0.0
yf_ADM_d14;8100;ASH_COATED_OSMIUM;9897;11;9895;24;;;9903;20;9906;27;;;9900.0;0.0
yf_ADM_d14;8100;INTARIAN_PEPPER_ROOT;10182;12;10180;21;;;10188;12;10190;18;;;10185.0;0.0
yf_ADM_d14;8200;ASH_COATED_OSMIUM;9897;12;9894;21;;;9903;16;9906;22;;;9900.0;0.0
yf_ADM_d14;8200;INTARIAN_PEPPER_ROOT;10177;15;10173;24;;;10194;15;10196;16;;;10185.5;0.0
yf_ADM_d14;8300;ASH_COATED_OSMIUM;9896;14;9892;9;;;9902;14;9906;14;;;9899.0;0.0
yf_ADM_d14;8300;INTARIAN_PEPPER_ROOT;10178;12;10176;24;;;10191;19;10195;27;;;10184.5;0.0
yf_ADM_d14;8400;ASH_COATED_OSMIUM;9896;10;9892;11;;;9902;14;9905;19;;;9899.0;0.0
yf_ADM_d14;8400;INTARIAN_PEPPER_ROOT;10182;13;10180;13;;;10188;16;10191;25;;;10185.0;0.0
yf_ADM_d14;8500;ASH_COATED_OSMIUM;9897;16;9894;18;;;9903;16;9906;22;;;9900.0;0.0
yf_ADM_d14;8500;INTARIAN_PEPPER_ROOT;10182;11;10180;14;;;10188;15;10191;17;;;10185.0;0.0
yf_ADM_d14;8600;ASH_COATED_OSMIUM;9897;8;9893;18;;;9903;7;9907;20;;;9900.0;0.0
yf_ADM_d14;8600;INTARIAN_PEPPER_ROOT;10179;17;10177;21;;;10189;22;10191;19;;;10184.0;0.0
yf_ADM_d14;8700;ASH_COATED_OSMIUM;9895;22;9893;13;;;9905;11;9908;19;;;9900.0;0.0
yf_ADM_d14;8700;INTARIAN_PEPPER_ROOT;10181;23;10179;10;;;10187;14;10190;22;;;10184.0;0.0
yf_ADM_d14;8800;ASH_COATED_OSMIUM;9896;13;9893;21;;;9902;15;9905;29;;;9899.0;0.0
yf_ADM_d14;8800;INTARIAN_PEPPER_ROOT;10181;11;10179;23;;;10187;17;10191;22;;;10184.0;0.0
yf_ADM_d14;8900;ASH_COATED_OSMIUM;9897;13;9893;16;;;9903;9;9905;10;;;9900.0;0.0
yf_ADM_d14;8900;INTARIAN_PEPPER_ROOT;10180;17;10177;16;;;10186;14;10188;21;;;10183.0;0.0
yf_ADM_d14;9000;ASH_COATED_OSMIUM;9897;12;9895;26;;;9903;11;9906;24;;;9900.0;0.0
yf_ADM_d14;9000;INTARIAN_PEPPER_ROOT;10179;18;10177;19;;;10185;11;10189;24;;;10182.0;0.0
yf_ADM_d14;9100;ASH_COATED_OSMIUM;9897;9;9894;15;;;9903;19;9906;19;;;9900.0;0.0
yf_ADM_d14;9100;INTARIAN_PEPPER_ROOT;10180;15;10176;13;;;10186;19;10189;18;;;10183.0;0.0
yf_ADM_d14;9200;ASH_COATED_OSMIUM;9897;24;9895;17;;;9903;11;9907;26;;;9900.0;0.0
yf_ADM_d14;9200;INTARIAN_PEPPER_ROOT;10179;24;10177;30;;;10185;9;10187;16;;;10182.0;0.0
yf_ADM_d14;9300;ASH_COATED_OSMIUM;9897;11;9894;16;;;9903;10;9907;28;;;9900.0;0.0
yf_ADM_d14;9300;INTARIAN_PEPPER_ROOT;10179;20;10177;18;;;10185;11;10189;17;;;10182.0;0.0
yf_ADM_d14;9400;ASH_COATED_OSMIUM;9891;16;9888;23;;;9909;13;9911;29;;;9900.0;0.0
yf_ADM_d14;9400;INTARIAN_PEPPER_ROOT;10179;16;10176;29;;;10185;17;10188;15;;;10182.0;0.0
yf_ADM_d14;9500;ASH_COATED_OSMIUM;9896;8;9892;24;;;9902;16;9904;22;;;9899.0;0.0
yf_ADM_d14;9500;INTARIAN_PEPPER_ROOT;10178;10;10175;27;;;10184;16;10188;15;;;10181.0;0.0
yf_ADM_d14;9600;ASH_COATED_OSMIUM;9896;7;9894;23;;;9902;11;9906;17;;;9899.0;0.0
yf_ADM_d14;9600;INTARIAN_PEPPER_ROOT;10178;18;10174;19;;;10184;22;10188;19;;;10181.0;0.0
yf_ADM_d14;9700;ASH_COATED_OSMIUM;9896;20;9892;12;;;9902;20;9905;18;;;9899.0;0.0
yf_ADM_d14;9700;INTARIAN_PEPPER_ROOT;10178;21;10175;20;;;10185;14;10188;24;;;10181.5;0.0
yf_ADM_d14;9800;ASH_COATED_OSMIUM;9897;15;9893;15;;;9903;13;9906;13;;;9900.0;0.0
yf_ADM_d14;9800;INTARIAN_PEPPER_ROOT;10178;25;10176;15;;;10184;11;10188;18;;;10181.0;0.0
yf_ADM_d14;9900;ASH_COATED_OSMIUM;9886;12;9882;15;;;9915;5;9919;25;;;9900.5;0.0
yf_ADM_d14;9900;INTARIAN_PEPPER_ROOT;10177;10;10174;22;;;10183;15;10187;14;;;10180.0;0.0
yf_ADM_d14;10000;ASH_COATED_OSMIUM;9896;23;9892;23;;;9902;11;9905;16;;;9899.0;0.0
yf_ADM_d14;10000;INTARIAN_PEPPER_ROOT;10176;10;10174;29;;;10182;12;10186;25;;;10179.0;0.0
yf_ADM_d14;10100;ASH_COATED_OSMIUM;9897;16;9895;19;;;9903;16;9906;32;;;9900.0;0.0
yf_ADM_d14;10100;INTARIAN_PEPPER_ROOT;10176;5;10173;14;;;10182;13;10185;8;;;10179.0;0.0
yf_ADM_d14;10200;ASH_COATED_OSMIUM;9893;7;9891;18;;;9906;14;9909;26;;;9899.5;0.0
yf_ADM_d14;10200;INTARIAN_PEPPER_ROOT;10176;18;10172;16;;;10182;16;10185;26;;;10179.0;0.0
yf_ADM_d14;10300;ASH_COATED_OSMIUM;9896;14;9894;15;;;9903;18;9906;24;;;9899.5;0.0
yf_ADM_d14;10300;INTARIAN_PEPPER_ROOT;10176;14;10172;15;;;10182;27;10185;25;;;10179.0;0.0
yf_ADM_d14;10400;ASH_COATED_OSMIUM;9897;12;9894;23;;;9903;17;9906;16;;;9900.0;0.0
yf_ADM_d14;10400;INTARIAN_PEPPER_ROOT;10176;20;10172;22;;;10182;14;10185;18;;;10179.0;0.0
yf_ADM_d14;10500;ASH_COATED_OSMIUM;9897;15;9893;20;;;9903;17;9906;8;;;9900.0;0.0
yf_ADM_d14;10500;INTARIAN_PEPPER_ROOT;10173;14;10170;14;;;10185;17;10189;12;;;10179.0;0.0
yf_ADM_d14;10600;ASH_COATED_OSMIUM;9896;12;9894;13;;;9904;19;9906;11;;;9900.0;0.0
yf_ADM_d14;10600;INTARIAN_PEPPER_ROOT;10175;8;10171;23;;;10181;27;10183;10;;;10178.0;0.0
yf_ADM_d14;10700;ASH_COATED_OSMIUM;9897;18;9893;22;;;9903;8;9905;17;;;9900.0;0.0
yf_ADM_d14;10700;INTARIAN_PEPPER_ROOT;10175;25;10173;18;;;10181;14;10184;20;;;10178.0;0.0
yf_ADM_d14;10800;ASH_COATED_OSMIUM;9897;6;9894;16;;;9903;11;9906;31;;;9900.0;0.0
yf_ADM_d14;10800;INTARIAN_PEPPER_ROOT;10172;8;10168;15;;;10183;16;10185;19;;;10177.5;0.0
yf_ADM_d14;10900;ASH_COATED_OSMIUM;9895;19;9891;26;;;9905;21;9907;24;;;9900.0;0.0
yf_ADM_d14;10900;INTARIAN_PEPPER_ROOT;10173;14;10170;20;;;10182;10;10184;14;;;10177.5;0.0
yf_ADM_d14;11000;ASH_COATED_OSMIUM;9889;15;9886;13;;;9910;17;9912;18;;;9899.5;0.0
yf_ADM_d14;11000;INTARIAN_PEPPER_ROOT;10172;16;10168;24;;;10181;20;10183;24;;;10176.5;0.0
yf_ADM_d14;11100;ASH_COATED_OSMIUM;9897;15;9895;17;;;9903;14;9906;18;;;9900.0;0.0
yf_ADM_d14;11100;INTARIAN_PEPPER_ROOT;10166;22;10164;20;;;10188;18;10190;18;;;10177.0;0.0
yf_ADM_d14;11200;ASH_COATED_OSMIUM;9890;8;9886;19;;;9910;10;9914;18;;;9900.0;0.0
yf_ADM_d14;11200;INTARIAN_PEPPER_ROOT;10155;11;10152;20;;;10198;14;10202;18;;;10176.5;0.0
yf_ADM_d14;11300;ASH_COATED_OSMIUM;9896;14;9894;19;;;9902;24;9905;25;;;9899.0;0.0
yf_ADM_d14;11300;INTARIAN_PEPPER_ROOT;10171;8;10168;20;;;10181;9;10185;29;;;10176.0;0.0
yf_ADM_d14;11400;ASH_COATED_OSMIUM;9894;15;9890;20;;;9906;22;9910;33;;;9900.0;0.0
yf_ADM_d14;11400;INTARIAN_PEPPER_ROOT;10172;21;10168;12;;;10178;17;10181;21;;;10175.0;0.0
yf_ADM_d14;11500;ASH_COATED_OSMIUM;9896;16;9894;15;;;9902;13;9905;22;;;9899.0;0.0
yf_ADM_d14;11500;INTARIAN_PEPPER_ROOT;10173;11;10171;16;;;10179;16;10181;17;;;10176.0;0.0
yf_ADM_d14;11600;ASH_COATED_OSMIUM;9888;15;9885;24;;;9911;24;9915;23;;;9899.5;0.0
yf_ADM_d14;11600;INTARIAN_PEPPER_ROOT;10168;24;10165;28;;;10183;15;10187;23;;;10175.5;0.0
yf_ADM_d14;11700;ASH_COATED_OSMIUM;9897;13;9895;23;;;9904;21;9907;13;;;9900.5;0.0
yf_ADM_d14;11700;INTARIAN_PEPPER_ROOT;10165;17;10162;15;;;10185;13;10187;20;;;10175.0;0.0
yf_ADM_d14;11800;ASH_COATED_OSMIUM;9897;11;9895;17;;;9903;10;9905;19;;;9900.0;0.0
yf_ADM_d14;11800;INTARIAN_PEPPER_ROOT;10170;7;10168;19;;;10179;14;10181;13;;;10174.5;0.0
yf_ADM_d14;11900;ASH_COATED_OSMIUM;9894;18;9891;16;;;9904;11;9907;15;;;9899.0;0.0
yf_ADM_d14;11900;INTARIAN_PEPPER_ROOT;10170;19;10167;14;;;10178;20;10180;20;;;10174.0;0.0
yf_ADM_d14;12000;ASH_COATED_OSMIUM;9892;12;9888;14;;;9907;19;9910;22;;;9899.5;0.0
yf_ADM_d14;12000;INTARIAN_PEPPER_ROOT;10171;5;10169;18;;;10177;9;10179;24;;;10174.0;0.0
yf_ADM_d14;12100;ASH_COATED_OSMIUM;9890;13;9886;18;;;9910;15;9913;22;;;9900.0;0.0
yf_ADM_d14;12100;INTARIAN_PEPPER_ROOT;10170;10;10166;22;;;10178;16;10181;13;;;10174.0;0.0
yf_ADM_d14;12200;ASH_COATED_OSMIUM;9897;19;9894;20;;;9903;19;9907;22;;;9900.0;0.0
yf_ADM_d14;12200;INTARIAN_PEPPER_ROOT;10170;10;10166;21;;;10176;15;10180;23;;;10173.0;0.0
yf_ADM_d14;12300;ASH_COATED_OSMIUM;9897;12;9895;24;;;9903;16;9906;14;;;9900.0;0.0
yf_ADM_d14;12300;INTARIAN_PEPPER_ROOT;10169;11;10167;24;;;10177;8;10181;13;;;10173.0;0.0
yf_ADM_d14;12400;ASH_COATED_OSMIUM;9897;14;9893;17;;;9903;20;9906;16;;;9900.0;0.0
yf_ADM_d14;12400;INTARIAN_PEPPER_ROOT;10170;20;10166;22;;;10176;15;10178;21;;;10173.0;0.0
yf_ADM_d14;12500;ASH_COATED_OSMIUM;9883;15;9881;19;;;9916;20;9920;14;;;9899.5;0.0
yf_ADM_d14;12500;INTARIAN_PEPPER_ROOT;10167;14;10163;22;;;10178;15;10182;26;;;10172.5;0.0
yf_ADM_d14;12600;ASH_COATED_OSMIUM;9895;17;9892;24;;;9905;13;9907;25;;;9900.0;0.0
yf_ADM_d14;12600;INTARIAN_PEPPER_ROOT;10161;19;10159;23;;;10182;11;10184;24;;;10171.5;0.0
yf_ADM_d14;12700;ASH_COATED_OSMIUM;9894;13;9890;23;;;9905;21;9908;22;;;9899.5;0.0
yf_ADM_d14;12700;INTARIAN_PEPPER_ROOT;10165;18;10162;19;;;10179;18;10183;17;;;10172.0;0.0
yf_ADM_d14;12800;ASH_COATED_OSMIUM;9896;10;9893;22;;;9902;26;9904;17;;;9899.0;0.0
yf_ADM_d14;12800;INTARIAN_PEPPER_ROOT;10165;20;10162;20;;;10180;17;10184;18;;;10172.5;0.0
yf_ADM_d14;12900;ASH_COATED_OSMIUM;9897;8;9893;29;;;9903;19;9905;23;;;9900.0;0.0
yf_ADM_d14;12900;INTARIAN_PEPPER_ROOT;10168;11;10165;8;;;10174;16;10176;15;;;10171.0;0.0
yf_ADM_d14;13000;ASH_COATED_OSMIUM;9888;14;9884;20;;;9912;15;9914;21;;;9900.0;0.0
yf_ADM_d14;13000;INTARIAN_PEPPER_ROOT;10168;11;10165;24;;;10174;12;10177;22;;;10171.0;0.0
yf_ADM_d14;13100;ASH_COATED_OSMIUM;9897;8;9893;19;;;9903;16;9905;22;;;9900.0;0.0
yf_ADM_d14;13100;INTARIAN_PEPPER_ROOT;10167;15;10164;23;;;10175;15;10177;9;;;10171.0;0.0
yf_ADM_d14;13200;ASH_COATED_OSMIUM;9883;9;9880;23;;;9915;15;9917;15;;;9899.0;0.0
yf_ADM_d14;13200;INTARIAN_PEPPER_ROOT;10167;19;10163;21;;;10173;14;10175;17;;;10170.0;0.0
yf_ADM_d14;13300;ASH_COATED_OSMIUM;9896;18;9894;23;;;9902;18;9906;18;;;9899.0;0.0
yf_ADM_d14;13300;INTARIAN_PEPPER_ROOT;10167;23;10163;13;;;10173;5;10175;16;;;10170.0;0.0
yf_ADM_d14;13400;ASH_COATED_OSMIUM;9887;16;9885;21;;;9912;7;9915;18;;;9899.5;0.0
yf_ADM_d14;13400;INTARIAN_PEPPER_ROOT;10167;13;10165;21;;;10173;5;10175;23;;;10170.0;0.0
yf_ADM_d14;13500;ASH_COATED_OSMIUM;9895;17;9891;16;;;9903;9;9906;32;;;9899.0;0.0
yf_ADM_d14;13500;INTARIAN_PEPPER_ROOT;10166;8;10164;23;;;10172;16;10174;14;;;10169.0;0.0
yf_ADM_d14;13600;ASH_COATED_OSMIUM;9897;10;9894;21;;;9903;8;9907;25;;;9900.0;0.0
yf_ADM_d14;13600;INTARIAN_PEPPER_ROOT;10151;7;10147;22;;;10188;13;10192;10;;;10169.5;0.0
yf_ADM_d14;13700;ASH_COATED_OSMIUM;9897;14;9895;21;;;9903;10;9905;13;;;9900.0;0.0
yf_ADM_d14;13700;INTARIAN_PEPPER_ROOT;10165;11;10162;22;;;10173;11;10177;20;;;10169.0;0.0
yf_ADM_d14;13800;ASH_COATED_OSMIUM;9896;5;9894;13;;;9902;6;9905;25;;;9899.0;0.0
yf_ADM_d14;13800;INTARIAN_PEPPER_ROOT;10165;13;10163;12;;;10171;18;10175;22;;;10168.0;0.0
yf_ADM_d14;13900;ASH_COATED_OSMIUM;9891;19;9888;28;;;9908;12;9912;24;;;9899.5;0.0
yf_ADM_d14;13900;INTARIAN_PEPPER_ROOT;10163;20;10159;18;;;10174;14;10176;21;;;10168.5;0.0
yf_ADM_d14;14000;ASH_COATED_OSMIUM;9895;18;9893;26;;;9904;16;9908;23;;;9899.5;0.0
yf_ADM_d14;14000;INTARIAN_PEPPER_ROOT;10163;11;10160;20;;;10172;17;10175;22;;;10167.5;0.0
yf_ADM_d14;14100;ASH_COATED_OSMIUM;9897;16;9895;20;;;9903;12;9906;18;;;9900.0;0.0
yf_ADM_d14;14100;INTARIAN_PEPPER_ROOT;10150;18;10148;13;;;10186;21;10190;19;;;10168.0;0.0
yf_ADM_d14;14200;ASH_COATED_OSMIUM;9885;18;9883;16;;;9914;14;9916;10;;;9899.5;0.0
yf_ADM_d14;14200;INTARIAN_PEPPER_ROOT;10164;11;10160;13;;;10170;12;10174;18;;;10167.0;0.0
yf_ADM_d14;14300;ASH_COATED_OSMIUM;9896;10;9893;20;;;9902;19;9906;31;;;9899.0;0.0
yf_ADM_d14;14300;INTARIAN_PEPPER_ROOT;10163;9;10161;15;;;10172;11;10174;26;;;10167.5;0.0
yf_ADM_d14;14400;ASH_COATED_OSMIUM;9896;9;9892;19;;;9902;14;9905;24;;;9899.0;0.0
yf_ADM_d14;14400;INTARIAN_PEPPER_ROOT;10164;14;10160;16;;;10170;19;10172;10;;;10167.0;0.0
yf_ADM_d14;14500;ASH_COATED_OSMIUM;9894;13;9891;26;;;9906;23;9908;18;;;9900.0;0.0
yf_ADM_d14;14500;INTARIAN_PEPPER_ROOT;10163;7;10159;23;;;10169;15;10171;19;;;10166.0;0.0
yf_ADM_d14;14600;ASH_COATED_OSMIUM;9890;18;9888;22;;;9910;17;9913;29;;;9900.0;0.0
yf_ADM_d14;14600;INTARIAN_PEPPER_ROOT;10163;13;10160;22;;;10169;13;10171;25;;;10166.0;0.0
yf_ADM_d14;14700;ASH_COATED_OSMIUM;9891;17;9889;27;;;9908;18;9910;24;;;9899.5;0.0
yf_ADM_d14;14700;INTARIAN_PEPPER_ROOT;10162;16;10158;16;;;10169;15;10173;25;;;10165.5;0.0
yf_ADM_d14;14800;ASH_COATED_OSMIUM;9897;5;9894;18;;;9903;10;9905;24;;;9900.0;0.0
yf_ADM_d14;14800;INTARIAN_PEPPER_ROOT;10163;17;10160;20;;;10169;13;10173;17;;;10166.0;0.0
yf_ADM_d14;14900;ASH_COATED_OSMIUM;9890;19;9888;30;;;9908;15;9912;25;;;9899.0;0.0
yf_ADM_d14;14900;INTARIAN_PEPPER_ROOT;10162;20;10160;12;;;10168;8;10171;20;;;10165.0;0.0
yf_ADM_d14;15000;ASH_COATED_OSMIUM;9897;16;9893;14;;;9903;7;9906;23;;;9900.0;0.0
yf_ADM_d14;15000;INTARIAN_PEPPER_ROOT;10162;15;10159;18;;;10168;13;10172;31;;;10165.0;0.0
yf_ADM_d14;15100;ASH_COATED_OSMIUM;9896;7;9892;17;;;9902;5;9905;9;;;9899.0;0.0
yf_ADM_d14;15100;INTARIAN_PEPPER_ROOT;10159;10;10157;25;;;10171;19;10173;24;;;10165.0;0.0
yf_ADM_d14;15200;ASH_COATED_OSMIUM;9896;9;9892;27;;;9902;15;9906;20;;;9899.0;0.0
yf_ADM_d14;15200;INTARIAN_PEPPER_ROOT;10161;15;10159;13;;;10167;17;10171;19;;;10164.0;0.0
yf_ADM_d14;15300;ASH_COATED_OSMIUM;9885;24;9881;18;;;9914;13;9917;25;;;9899.5;0.0
yf_ADM_d14;15300;INTARIAN_PEPPER_ROOT;10161;6;10158;21;;;10167;15;10169;28;;;10164.0;0.0
yf_ADM_d14;15400;ASH_COATED_OSMIUM;9897;13;9894;9;;;9903;21;9907;12;;;9900.0;0.0
yf_ADM_d14;15400;INTARIAN_PEPPER_ROOT;10136;15;10133;23;;;10191;16;10193;15;;;10163.5;0.0
yf_ADM_d14;15500;ASH_COATED_OSMIUM;9897;17;9893;26;;;9903;20;9906;22;;;9900.0;0.0
yf_ADM_d14;15500;INTARIAN_PEPPER_ROOT;10154;17;10152;21;;;10173;11;10177;19;;;10163.5;0.0
yf_ADM_d14;15600;ASH_COATED_OSMIUM;9896;19;9894;23;;;9902;15;9905;24;;;9899.0;0.0
yf_ADM_d14;15600;INTARIAN_PEPPER_ROOT;10160;14;10157;19;;;10166;12;10169;19;;;10163.0;0.0
yf_ADM_d14;15700;ASH_COATED_OSMIUM;9896;18;9894;20;;;9902;5;9906;24;;;9899.0;0.0
yf_ADM_d14;15700;INTARIAN_PEPPER_ROOT;10155;7;10151;16;;;10171;14;10173;24;;;10163.0;0.0
yf_ADM_d14;15800;ASH_COATED_OSMIUM;9892;16;9888;17;;;9905;15;9907;14;;;9898.5;0.0
yf_ADM_d14;15800;INTARIAN_PEPPER_ROOT;10155;13;10151;23;;;10171;10;10174;23;;;10163.0;0.0
yf_ADM_d14;15900;ASH_COATED_OSMIUM;9896;12;9893;8;;;9902;10;9905;20;;;9899.0;0.0
yf_ADM_d14;15900;INTARIAN_PEPPER_ROOT;10159;20;10156;20;;;10165;17;10169;24;;;10162.0;0.0
yf_ADM_d14;16000;ASH_COATED_OSMIUM;9896;22;9893;10;;;9902;10;9906;20;;;9899.0;0.0
yf_ADM_d14;16000;INTARIAN_PEPPER_ROOT;10159;20;10157;22;;;10165;20;10169;25;;;10162.0;0.0
yf_ADM_d14;16100;ASH_COATED_OSMIUM;9892;22;9888;28;;;9907;15;9909;14;;;9899.5;0.0
yf_ADM_d14;16100;INTARIAN_PEPPER_ROOT;10158;17;10154;26;;;10166;15;10169;21;;;10162.0;0.0
yf_ADM_d14;16200;ASH_COATED_OSMIUM;9896;16;9894;15;;;9903;7;9905;25;;;9899.5;0.0
yf_ADM_d14;16200;INTARIAN_PEPPER_ROOT;10158;9;10155;12;;;10164;18;10167;19;;;10161.0;0.0
yf_ADM_d14;16300;ASH_COATED_OSMIUM;9897;14;9893;32;;;9903;21;9906;22;;;9900.0;0.0
yf_ADM_d14;16300;INTARIAN_PEPPER_ROOT;10158;24;10154;9;;;10164;18;10167;27;;;10161.0;0.0
yf_ADM_d14;16400;ASH_COATED_OSMIUM;9897;12;9893;22;;;9903;18;9905;19;;;9900.0;0.0
yf_ADM_d14;16400;INTARIAN_PEPPER_ROOT;10158;17;10155;15;;;10164;14;10166;13;;;10161.0;0.0
yf_ADM_d14;16500;ASH_COATED_OSMIUM;9896;14;9894;15;;;9902;13;9906;15;;;9899.0;0.0
yf_ADM_d14;16500;INTARIAN_PEPPER_ROOT;10158;19;10155;15;;;10164;20;10166;17;;;10161.0;0.0
yf_ADM_d14;16600;ASH_COATED_OSMIUM;9892;13;9888;18;;;9908;16;9912;32;;;9900.0;0.0
yf_ADM_d14;16600;INTARIAN_PEPPER_ROOT;10157;6;10153;23;;;10163;17;10166;13;;;10160.0;0.0
yf_ADM_d14;16700;ASH_COATED_OSMIUM;9892;22;9890;23;;;9907;12;9911;18;;;9899.5;0.0
yf_ADM_d14;16700;INTARIAN_PEPPER_ROOT;10157;17;10153;26;;;10163;9;10165;17;;;10160.0;0.0
yf_ADM_d14;16800;ASH_COATED_OSMIUM;9896;7;9894;23;;;9902;15;9905;34;;;9899.0;0.0
yf_ADM_d14;16800;INTARIAN_PEPPER_ROOT;10157;13;10153;23;;;10163;5;10167;22;;;10160.0;0.0
yf_ADM_d14;16900;ASH_COATED_OSMIUM;9897;9;9895;15;;;9903;12;9905;23;;;9900.0;0.0
yf_ADM_d14;16900;INTARIAN_PEPPER_ROOT;10155;22;10151;23;;;10163;8;10165;23;;;10159.0;0.0
yf_ADM_d14;17000;ASH_COATED_OSMIUM;9897;20;9893;21;;;9903;10;9907;20;;;9900.0;0.0
yf_ADM_d14;17000;INTARIAN_PEPPER_ROOT;10156;12;10153;25;;;10162;16;10164;22;;;10159.0;0.0
yf_ADM_d14;17100;ASH_COATED_OSMIUM;9897;9;9894;16;;;9903;14;9905;13;;;9900.0;0.0
yf_ADM_d14;17100;INTARIAN_PEPPER_ROOT;10155;7;10152;8;;;10162;14;10164;23;;;10158.5;0.0
yf_ADM_d14;17200;ASH_COATED_OSMIUM;9896;8;9893;17;;;9902;7;9904;32;;;9899.0;0.0
yf_ADM_d14;17200;INTARIAN_PEPPER_ROOT;10156;12;10152;18;;;10162;5;10164;19;;;10159.0;0.0
yf_ADM_d14;17300;ASH_COATED_OSMIUM;9897;23;9893;22;;;9903;22;9907;14;;;9900.0;0.0
yf_ADM_d14;17300;INTARIAN_PEPPER_ROOT;10156;17;10154;17;;;10162;13;10166;26;;;10159.0;0.0
yf_ADM_d14;17400;ASH_COATED_OSMIUM;9897;12;9894;9;;;9903;21;9905;23;;;9900.0;0.0
yf_ADM_d14;17400;INTARIAN_PEPPER_ROOT;10155;10;10151;19;;;10161;15;10165;25;;;10158.0;0.0
yf_ADM_d14;17500;ASH_COATED_OSMIUM;9895;11;9893;13;;;9905;21;9909;26;;;9900.0;0.0
yf_ADM_d14;17500;INTARIAN_PEPPER_ROOT;10156;17;10153;19;;;10162;12;10165;19;;;10159.0;0.0
yf_ADM_d14;17600;ASH_COATED_OSMIUM;9897;26;9895;8;;;9903;17;9905;22;;;9900.0;0.0
yf_ADM_d14;17600;INTARIAN_PEPPER_ROOT;10151;16;10149;22;;;10166;21;10170;19;;;10158.5;0.0
yf_ADM_d14;17700;ASH_COATED_OSMIUM;9896;15;9892;22;;;9902;11;9906;17;;;9899.0;0.0
yf_ADM_d14;17700;INTARIAN_PEPPER_ROOT;10156;12;10153;13;;;10162;9;10164;21;;;10159.0;0.0
yf_ADM_d14;17800;ASH_COATED_OSMIUM;9896;10;9894;20;;;9905;9;9908;26;;;9900.5;0.0
yf_ADM_d14;17800;INTARIAN_PEPPER_ROOT;10156;10;10153;23;;;10162;13;10164;25;;;10159.0;0.0
yf_ADM_d14;17900;ASH_COATED_OSMIUM;9897;16;9893;20;;;9903;14;9905;14;;;9900.0;0.0
yf_ADM_d14;17900;INTARIAN_PEPPER_ROOT;10156;11;10153;19;;;10162;20;10166;18;;;10159.0;0.0
yf_ADM_d14;18000;ASH_COATED_OSMIUM;9897;20;9895;25;;;9903;14;9905;10;;;9900.0;0.0
yf_ADM_d14;18000;INTARIAN_PEPPER_ROOT;10156;17;10154;29;;;10162;10;10166;15;;;10159.0;0.0
yf_ADM_d14;18100;ASH_COATED_OSMIUM;9897;10;9894;21;;;9903;20;9905;21;;;9900.0;0.0
yf_ADM_d14;18100;INTARIAN_PEPPER_ROOT;10156;5;10152;18;;;10162;20;10166;29;;;10159.0;0.0
yf_ADM_d14;18200;ASH_COATED_OSMIUM;9890;16;9888;13;;;9910;22;9913;28;;;9900.0;0.0
yf_ADM_d14;18200;INTARIAN_PEPPER_ROOT;10156;12;10152;20;;;10162;14;10166;16;;;10159.0;0.0
yf_ADM_d14;18300;ASH_COATED_OSMIUM;9898;5;9895;29;;;9904;21;9908;23;;;9901.0;0.0
yf_ADM_d14;18300;INTARIAN_PEPPER_ROOT;10145;20;10143;20;;;10172;14;10174;26;;;10158.5;0.0
yf_ADM_d14;18400;ASH_COATED_OSMIUM;9890;8;9888;22;;;9909;15;9913;29;;;9899.5;0.0
yf_ADM_d14;18400;INTARIAN_PEPPER_ROOT;10150;13;10146;19;;;10166;13;10168;11;;;10158.0;0.0
yf_ADM_d14;18500;ASH_COATED_OSMIUM;9897;11;9893;19;;;9904;14;9907;23;;;9900.5;0.0
yf_ADM_d14;18500;INTARIAN_PEPPER_ROOT;10153;15;10149;18;;;10164;6;10168;17;;;10158.5;0.0
yf_ADM_d14;18600;ASH_COATED_OSMIUM;9894;12;9890;27;;;9906;12;9908;19;;;9900.0;0.0
yf_ADM_d14;18600;INTARIAN_PEPPER_ROOT;10155;17;10153;14;;;10161;20;10165;17;;;10158.0;0.0
yf_ADM_d14;18700;ASH_COATED_OSMIUM;9897;13;9894;8;;;9903;23;9907;18;;;9900.0;0.0
yf_ADM_d14;18700;INTARIAN_PEPPER_ROOT;10156;11;10153;18;;;10162;7;10164;20;;;10159.0;0.0
yf_ADM_d14;18800;ASH_COATED_OSMIUM;9896;23;9892;25;;;9904;8;9908;18;;;9900.0;0.0
yf_ADM_d14;18800;INTARIAN_PEPPER_ROOT;10153;25;10151;10;;;10163;18;10167;23;;;10158.0;0.0
yf_ADM_d14;18900;ASH_COATED_OSMIUM;9897;20;9894;11;;;9903;13;9905;20;;;9900.0;0.0
yf_ADM_d14;18900;INTARIAN_PEPPER_ROOT;10154;15;10152;12;;;10163;7;10166;20;;;10158.5;0.0
yf_ADM_d14;19000;ASH_COATED_OSMIUM;9898;19;9895;23;;;9904;15;9907;15;;;9901.0;0.0
yf_ADM_d14;19000;INTARIAN_PEPPER_ROOT;10155;17;10152;23;;;10161;14;10164;27;;;10158.0;0.0
yf_ADM_d14;19100;ASH_COATED_OSMIUM;9897;24;9895;23;;;9903;10;9906;28;;;9900.0;0.0
yf_ADM_d14;19100;INTARIAN_PEPPER_ROOT;10153;16;10149;26;;;10162;13;10165;14;;;10157.5;0.0
yf_ADM_d14;19200;ASH_COATED_OSMIUM;9898;20;9895;16;;;9904;12;9908;8;;;9901.0;0.0
yf_ADM_d14;19200;INTARIAN_PEPPER_ROOT;10151;12;10147;30;;;10164;17;10168;17;;;10157.5;0.0
yf_ADM_d14;19300;ASH_COATED_OSMIUM;9895;23;9891;20;;;9906;16;9910;20;;;9900.5;0.0
yf_ADM_d14;19300;INTARIAN_PEPPER_ROOT;10154;21;10151;24;;;10163;12;10165;17;;;10158.5;0.0
yf_ADM_d14;19400;ASH_COATED_OSMIUM;9897;13;9893;23;;;9904;18;9906;26;;;9900.5;0.0
yf_ADM_d14;19400;INTARIAN_PEPPER_ROOT;10155;26;10152;20;;;10161;14;10163;25;;;10158.0;0.0
yf_ADM_d14;19500;ASH_COATED_OSMIUM;9898;11;9894;14;;;9904;13;9907;23;;;9901.0;0.0
yf_ADM_d14;19500;INTARIAN_PEPPER_ROOT;10155;19;10152;28;;;10161;17;10164;22;;;10158.0;0.0
yf_ADM_d14;19600;ASH_COATED_OSMIUM;9897;20;9895;20;;;9903;18;9906;22;;;9900.0;0.0
yf_ADM_d14;19600;INTARIAN_PEPPER_ROOT;10155;16;10151;19;;;10161;11;10165;20;;;10158.0;0.0
yf_ADM_d14;19700;ASH_COATED_OSMIUM;9891;11;9887;24;;;9911;19;9915;17;;;9901.0;0.0
yf_ADM_d14;19700;INTARIAN_PEPPER_ROOT;10146;16;10144;20;;;10169;19;10171;24;;;10157.5;0.0
yf_ADM_d14;19800;ASH_COATED_OSMIUM;9898;10;9894;13;;;9904;5;9907;12;;;9901.0;0.0
yf_ADM_d14;19800;INTARIAN_PEPPER_ROOT;10154;9;10151;16;;;10160;14;10162;30;;;10157.0;0.0
yf_ADM_d14;19900;ASH_COATED_OSMIUM;9898;19;9894;13;;;9904;12;9908;22;;;9901.0;0.0
yf_ADM_d14;19900;INTARIAN_PEPPER_ROOT;10150;22;10146;22;;;10164;20;10167;24;;;10157.0;0.0
yf_ADM_d14;20000;ASH_COATED_OSMIUM;9897;11;9895;17;;;9903;9;9905;13;;;9900.0;0.0
yf_ADM_d14;20000;INTARIAN_PEPPER_ROOT;10154;13;10151;13;;;10160;17;10164;17;;;10157.0;0.0
yf_ADM_d14;20100;ASH_COATED_OSMIUM;9898;9;9895;24;;;9904;14;9906;25;;;9901.0;0.0
yf_ADM_d14;20100;INTARIAN_PEPPER_ROOT;10154;16;10150;23;;;10160;15;10163;26;;;10157.0;0.0
yf_ADM_d14;20200;ASH_COATED_OSMIUM;9894;18;9892;18;;;9908;8;9911;10;;;9901.0;0.0
yf_ADM_d14;20200;INTARIAN_PEPPER_ROOT;10153;18;10151;21;;;10160;10;10164;22;;;10156.5;0.0
yf_ADM_d14;20300;ASH_COATED_OSMIUM;9895;10;9891;17;;;9907;19;9909;24;;;9901.0;0.0
yf_ADM_d14;20300;INTARIAN_PEPPER_ROOT;10152;20;10148;16;;;10162;13;10166;11;;;10157.0;0.0
yf_ADM_d14;20400;ASH_COATED_OSMIUM;9896;18;9894;22;;;9906;20;9909;22;;;9901.0;0.0
yf_ADM_d14;20400;INTARIAN_PEPPER_ROOT;10150;22;10147;13;;;10164;16;10168;26;;;10157.0;0.0
yf_ADM_d14;20500;ASH_COATED_OSMIUM;9898;16;9895;23;;;9904;20;9908;21;;;9901.0;0.0
yf_ADM_d14;20500;INTARIAN_PEPPER_ROOT;10154;10;10152;19;;;10160;15;10162;22;;;10157.0;0.0
yf_ADM_d14;20600;ASH_COATED_OSMIUM;9893;21;9891;17;;;9910;19;9913;14;;;9901.5;0.0
yf_ADM_d14;20600;INTARIAN_PEPPER_ROOT;10144;6;10142;32;;;10169;15;10172;13;;;10156.5;0.0
yf_ADM_d14;20700;ASH_COATED_OSMIUM;9898;14;9896;22;;;9904;11;9907;27;;;9901.0;0.0
yf_ADM_d14;20700;INTARIAN_PEPPER_ROOT;10154;26;10152;25;;;10160;20;10163;27;;;10157.0;0.0
yf_ADM_d14;20800;ASH_COATED_OSMIUM;9898;12;9895;33;;;9904;20;9907;24;;;9901.0;0.0
yf_ADM_d14;20800;INTARIAN_PEPPER_ROOT;10155;15;10151;18;;;10161;13;10165;14;;;10158.0;0.0
yf_ADM_d14;20900;ASH_COATED_OSMIUM;9898;19;9895;29;;;9904;12;9908;17;;;9901.0;0.0
yf_ADM_d14;20900;INTARIAN_PEPPER_ROOT;10154;11;10151;23;;;10160;16;10163;21;;;10157.0;0.0
yf_ADM_d14;21000;ASH_COATED_OSMIUM;9890;16;9886;18;;;9914;9;9918;19;;;9902.0;0.0
yf_ADM_d14;21000;INTARIAN_PEPPER_ROOT;10153;14;10150;28;;;10159;23;10161;24;;;10156.0;0.0
yf_ADM_d14;21100;ASH_COATED_OSMIUM;9897;8;9894;14;;;9907;11;9910;25;;;9902.0;0.0
yf_ADM_d14;21100;INTARIAN_PEPPER_ROOT;10154;15;10150;29;;;10160;18;10164;21;;;10157.0;0.0
yf_ADM_d14;21200;ASH_COATED_OSMIUM;9899;22;9897;19;;;9905;25;9907;22;;;9902.0;0.0
yf_ADM_d14;21200;INTARIAN_PEPPER_ROOT;10154;23;10150;28;;;10160;17;10163;21;;;10157.0;0.0
yf_ADM_d14;21300;ASH_COATED_OSMIUM;9898;19;9894;11;;;9906;5;9910;17;;;9902.0;0.0
yf_ADM_d14;21300;INTARIAN_PEPPER_ROOT;10153;20;10150;21;;;10159;8;10163;19;;;10156.0;0.0
yf_ADM_d14;21400;ASH_COATED_OSMIUM;9899;12;9897;17;;;9905;19;9909;13;;;9902.0;0.0
yf_ADM_d14;21400;INTARIAN_PEPPER_ROOT;10154;11;10151;21;;;10160;26;10164;20;;;10157.0;0.0
yf_ADM_d14;21500;ASH_COATED_OSMIUM;9899;11;9895;20;;;9905;21;9908;22;;;9902.0;0.0
yf_ADM_d14;21500;INTARIAN_PEPPER_ROOT;10153;9;10151;15;;;10159;5;10161;22;;;10156.0;0.0
yf_ADM_d14;21600;ASH_COATED_OSMIUM;9899;15;9897;27;;;9905;13;9909;24;;;9902.0;0.0
yf_ADM_d14;21600;INTARIAN_PEPPER_ROOT;10153;14;10149;20;;;10159;23;10163;23;;;10156.0;0.0
yf_ADM_d14;21700;ASH_COATED_OSMIUM;9898;14;9896;17;;;9904;12;9906;24;;;9901.0;0.0
yf_ADM_d14;21700;INTARIAN_PEPPER_ROOT;10153;15;10151;18;;;10159;11;10161;19;;;10156.0;0.0
yf_ADM_d14;21800;ASH_COATED_OSMIUM;9899;16;9895;19;;;9905;12;9907;24;;;9902.0;0.0
yf_ADM_d14;21800;INTARIAN_PEPPER_ROOT;10153;19;10150;21;;;10159;16;10163;8;;;10156.0;0.0
yf_ADM_d14;21900;ASH_COATED_OSMIUM;9899;11;9897;17;;;9905;7;9908;19;;;9902.0;0.0
yf_ADM_d14;21900;INTARIAN_PEPPER_ROOT;10153;14;10151;22;;;10159;12;10162;18;;;10156.0;0.0
yf_ADM_d14;22000;ASH_COATED_OSMIUM;9888;19;9884;13;;;9915;21;9919;18;;;9901.5;0.0
yf_ADM_d14;22000;INTARIAN_PEPPER_ROOT;10153;24;10151;15;;;10159;15;10163;19;;;10156.0;0.0
yf_ADM_d14;22100;ASH_COATED_OSMIUM;9899;17;9896;25;;;9905;17;9907;18;;;9902.0;0.0
yf_ADM_d14;22100;INTARIAN_PEPPER_ROOT;10153;10;10150;20;;;10159;9;10163;18;;;10156.0;0.0
yf_ADM_d14;22200;ASH_COATED_OSMIUM;9898;12;9894;19;;;9907;18;9910;19;;;9902.5;0.0
yf_ADM_d14;22200;INTARIAN_PEPPER_ROOT;10153;12;10151;14;;;10159;13;10162;9;;;10156.0;0.0
yf_ADM_d14;22300;ASH_COATED_OSMIUM;9900;14;9896;21;;;9906;5;9908;16;;;9903.0;0.0
yf_ADM_d14;22300;INTARIAN_PEPPER_ROOT;10150;11;10148;21;;;10162;16;10166;21;;;10156.0;0.0
yf_ADM_d14;22400;ASH_COATED_OSMIUM;9899;10;9897;24;;;9905;17;9908;26;;;9902.0;0.0
yf_ADM_d14;22400;INTARIAN_PEPPER_ROOT;10153;11;10151;13;;;10159;9;10162;26;;;10156.0;0.0
yf_ADM_d14;22500;ASH_COATED_OSMIUM;9900;23;9896;26;;;9906;25;9910;21;;;9903.0;0.0
yf_ADM_d14;22500;INTARIAN_PEPPER_ROOT;10151;17;10147;23;;;10159;9;10162;14;;;10155.0;0.0
yf_ADM_d14;22600;ASH_COATED_OSMIUM;9899;14;9895;23;;;9906;17;9910;21;;;9902.5;0.0
yf_ADM_d14;22600;INTARIAN_PEPPER_ROOT;10150;23;10147;21;;;10162;18;10164;20;;;10156.0;0.0
yf_ADM_d14;22700;ASH_COATED_OSMIUM;9899;14;9895;13;;;9906;11;9910;12;;;9902.5;0.0
yf_ADM_d14;22700;INTARIAN_PEPPER_ROOT;10152;17;10148;9;;;10158;8;10161;18;;;10155.0;0.0
yf_ADM_d14;22800;ASH_COATED_OSMIUM;9899;11;9897;21;;;9905;13;9909;14;;;9902.0;0.0
yf_ADM_d14;22800;INTARIAN_PEPPER_ROOT;10152;14;10150;18;;;10158;6;10160;21;;;10155.0;0.0
yf_ADM_d14;22900;ASH_COATED_OSMIUM;9900;26;9896;16;;;9906;13;9908;16;;;9903.0;0.0
yf_ADM_d14;22900;INTARIAN_PEPPER_ROOT;10152;13;10148;18;;;10158;7;10161;27;;;10155.0;0.0
yf_ADM_d14;23000;ASH_COATED_OSMIUM;9900;19;9898;23;;;9906;16;9908;17;;;9903.0;0.0
yf_ADM_d14;23000;INTARIAN_PEPPER_ROOT;10148;14;10146;24;;;10163;17;10167;21;;;10155.5;0.0
yf_ADM_d14;23100;ASH_COATED_OSMIUM;9899;5;9896;16;;;9905;14;9907;12;;;9902.0;0.0
yf_ADM_d14;23100;INTARIAN_PEPPER_ROOT;10152;26;10149;18;;;10158;17;10161;18;;;10155.0;0.0
yf_ADM_d14;23200;ASH_COATED_OSMIUM;9900;9;9897;28;;;9906;12;9909;24;;;9903.0;0.0
yf_ADM_d14;23200;INTARIAN_PEPPER_ROOT;10146;15;10142;30;;;10164;12;10166;13;;;10155.0;0.0
yf_ADM_d14;23300;ASH_COATED_OSMIUM;9899;16;9895;22;;;9905;14;9908;22;;;9902.0;0.0
yf_ADM_d14;23300;INTARIAN_PEPPER_ROOT;10145;13;10142;27;;;10165;18;10167;13;;;10155.0;0.0
yf_ADM_d14;23400;ASH_COATED_OSMIUM;9899;25;9896;13;;;9905;14;9908;16;;;9902.0;0.0
yf_ADM_d14;23400;INTARIAN_PEPPER_ROOT;10150;20;10148;25;;;10161;18;10164;19;;;10155.5;0.0
yf_ADM_d14;23500;ASH_COATED_OSMIUM;9885;11;9883;25;;;9920;8;9924;12;;;9902.5;0.0
yf_ADM_d14;23500;INTARIAN_PEPPER_ROOT;10152;13;10150;18;;;10158;12;10161;18;;;10155.0;0.0
yf_ADM_d14;23600;ASH_COATED_OSMIUM;9899;10;9896;17;;;9906;14;9908;20;;;9902.5;0.0
yf_ADM_d14;23600;INTARIAN_PEPPER_ROOT;10152;16;10148;15;;;10158;7;10161;17;;;10155.0;0.0
yf_ADM_d14;23700;ASH_COATED_OSMIUM;9898;17;9896;8;;;9909;12;9912;16;;;9903.5;0.0
yf_ADM_d14;23700;INTARIAN_PEPPER_ROOT;10152;19;10148;12;;;10158;8;10161;15;;;10155.0;0.0
yf_ADM_d14;23800;ASH_COATED_OSMIUM;9899;18;9895;13;;;9905;19;9908;22;;;9902.0;0.0
yf_ADM_d14;23800;INTARIAN_PEPPER_ROOT;10151;29;10149;24;;;10157;17;10160;20;;;10154.0;0.0
yf_ADM_d14;23900;ASH_COATED_OSMIUM;9900;11;9896;13;;;9906;13;9909;21;;;9903.0;0.0
yf_ADM_d14;23900;INTARIAN_PEPPER_ROOT;10148;10;10145;28;;;10162;11;10164;15;;;10155.0;0.0
yf_ADM_d14;24000;ASH_COATED_OSMIUM;9900;17;9897;18;;;9907;19;9909;17;;;9903.5;0.0
yf_ADM_d14;24000;INTARIAN_PEPPER_ROOT;10138;5;10134;25;;;10171;13;10175;17;;;10154.5;0.0
yf_ADM_d14;24100;ASH_COATED_OSMIUM;9899;12;9895;22;;;9906;14;9910;25;;;9902.5;0.0
yf_ADM_d14;24100;INTARIAN_PEPPER_ROOT;10149;18;10145;12;;;10161;13;10165;18;;;10155.0;0.0
yf_ADM_d14;24200;ASH_COATED_OSMIUM;9897;17;9894;21;;;9909;16;9913;13;;;9903.0;0.0
yf_ADM_d14;24200;INTARIAN_PEPPER_ROOT;10143;14;10141;15;;;10166;11;10168;19;;;10154.5;0.0
yf_ADM_d14;24300;ASH_COATED_OSMIUM;9895;13;9893;25;;;9911;23;9913;34;;;9903.0;0.0
yf_ADM_d14;24300;INTARIAN_PEPPER_ROOT;10151;17;10147;20;;;10158;19;10161;21;;;10154.5;0.0
yf_ADM_d14;24400;ASH_COATED_OSMIUM;9900;5;9896;15;;;9906;14;9908;26;;;9903.0;0.0
yf_ADM_d14;24400;INTARIAN_PEPPER_ROOT;10151;17;10147;18;;;10157;12;10159;19;;;10154.0;0.0
yf_ADM_d14;24500;ASH_COATED_OSMIUM;9897;6;9895;20;;;9908;18;9911;20;;;9902.5;0.0
yf_ADM_d14;24500;INTARIAN_PEPPER_ROOT;10152;22;10149;22;;;10158;17;10161;22;;;10155.0;0.0
yf_ADM_d14;24600;ASH_COATED_OSMIUM;9894;17;9890;16;;;9913;5;9916;21;;;9903.5;0.0
yf_ADM_d14;24600;INTARIAN_PEPPER_ROOT;10144;14;10141;16;;;10165;12;10167;16;;;10154.5;0.0
yf_ADM_d14;24700;ASH_COATED_OSMIUM;9901;16;9899;14;;;9907;19;9909;28;;;9904.0;0.0
yf_ADM_d14;24700;INTARIAN_PEPPER_ROOT;10151;14;10148;8;;;10157;15;10160;20;;;10154.0;0.0
yf_ADM_d14;24800;ASH_COATED_OSMIUM;9883;13;9880;10;;;9924;22;9927;22;;;9903.5;0.0
yf_ADM_d14;24800;INTARIAN_PEPPER_ROOT;10151;25;10149;22;;;10157;8;10161;12;;;10154.0;0.0
yf_ADM_d14;24900;ASH_COATED_OSMIUM;9900;16;9897;19;;;9906;16;9909;20;;;9903.0;0.0
yf_ADM_d14;24900;INTARIAN_PEPPER_ROOT;10148;30;10144;26;;;10159;17;10163;18;;;10153.5;0.0
yf_ADM_d14;25000;ASH_COATED_OSMIUM;9901;18;9899;25;;;9907;8;9911;17;;;9904.0;0.0
yf_ADM_d14;25000;INTARIAN_PEPPER_ROOT;10148;8;10145;15;;;10160;16;10163;29;;;10154.0;0.0
yf_ADM_d14;25100;ASH_COATED_OSMIUM;9901;14;9899;17;;;9907;16;9909;15;;;9904.0;0.0
yf_ADM_d14;25100;INTARIAN_PEPPER_ROOT;10145;10;10141;17;;;10163;21;10167;17;;;10154.0;0.0
yf_ADM_d14;25200;ASH_COATED_OSMIUM;9900;15;9898;23;;;9906;15;9908;33;;;9903.0;0.0
yf_ADM_d14;25200;INTARIAN_PEPPER_ROOT;10150;17;10146;15;;;10157;17;10160;20;;;10153.5;0.0
yf_ADM_d14;25300;ASH_COATED_OSMIUM;9901;15;9899;19;;;9907;18;9909;21;;;9904.0;0.0
yf_ADM_d14;25300;INTARIAN_PEPPER_ROOT;10151;10;10147;24;;;10157;12;10159;10;;;10154.0;0.0
yf_ADM_d14;25400;ASH_COATED_OSMIUM;9901;17;9899;20;;;9907;14;9910;14;;;9904.0;0.0
yf_ADM_d14;25400;INTARIAN_PEPPER_ROOT;10150;19;10147;19;;;10156;23;10159;27;;;10153.0;0.0
yf_ADM_d14;25500;ASH_COATED_OSMIUM;9900;15;9898;22;;;9909;20;9913;11;;;9904.5;0.0
yf_ADM_d14;25500;INTARIAN_PEPPER_ROOT;10151;10;10148;21;;;10158;5;10161;24;;;10154.5;0.0
yf_ADM_d14;25600;ASH_COATED_OSMIUM;9899;13;9897;13;;;9909;12;9911;15;;;9904.0;0.0
yf_ADM_d14;25600;INTARIAN_PEPPER_ROOT;10145;13;10142;29;;;10162;14;10166;28;;;10153.5;0.0
yf_ADM_d14;25700;ASH_COATED_OSMIUM;9896;15;9892;18;;;9911;21;9914;16;;;9903.5;0.0
yf_ADM_d14;25700;INTARIAN_PEPPER_ROOT;10145;10;10141;21;;;10163;19;10166;16;;;10154.0;0.0
yf_ADM_d14;25800;ASH_COATED_OSMIUM;9901;11;9899;23;;;9907;15;9909;16;;;9904.0;0.0
yf_ADM_d14;25800;INTARIAN_PEPPER_ROOT;10150;14;10147;28;;;10156;12;10159;13;;;10153.0;0.0
yf_ADM_d14;25900;ASH_COATED_OSMIUM;9899;20;9895;20;;;9907;7;9911;27;;;9903.0;0.0
yf_ADM_d14;25900;INTARIAN_PEPPER_ROOT;10150;18;10146;13;;;10156;17;10160;12;;;10153.0;0.0
yf_ADM_d14;26000;ASH_COATED_OSMIUM;9901;20;9899;12;;;9907;24;9911;10;;;9904.0;0.0
yf_ADM_d14;26000;INTARIAN_PEPPER_ROOT;10150;20;10146;27;;;10156;12;10158;14;;;10153.0;0.0
yf_ADM_d14;26100;ASH_COATED_OSMIUM;9901;16;9899;21;;;9907;15;9909;23;;;9904.0;0.0
yf_ADM_d14;26100;INTARIAN_PEPPER_ROOT;10150;5;10147;28;;;10156;17;10159;21;;;10153.0;0.0
yf_ADM_d14;26200;ASH_COATED_OSMIUM;9901;15;9898;22;;;9907;16;9911;21;;;9904.0;0.0
yf_ADM_d14;26200;INTARIAN_PEPPER_ROOT;10150;15;10148;18;;;10156;6;10159;20;;;10153.0;0.0
yf_ADM_d14;26300;ASH_COATED_OSMIUM;9895;13;9893;20;;;9915;15;9918;18;;;9905.0;0.0
yf_ADM_d14;26300;INTARIAN_PEPPER_ROOT;10150;16;10148;23;;;10156;14;10159;18;;;10153.0;0.0
yf_ADM_d14;26400;ASH_COATED_OSMIUM;9901;14;9899;18;;;9907;5;9909;18;;;9904.0;0.0
yf_ADM_d14;26400;INTARIAN_PEPPER_ROOT;10150;16;10147;25;;;10156;20;10159;14;;;10153.0;0.0
yf_ADM_d14;26500;ASH_COATED_OSMIUM;9897;6;9894;21;;;9912;13;9914;18;;;9904.5;0.0
yf_ADM_d14;26500;INTARIAN_PEPPER_ROOT;10150;5;10147;18;;;10156;27;10158;15;;;10153.0;0.0
yf_ADM_d14;26600;ASH_COATED_OSMIUM;9901;18;9899;17;;;9907;24;9911;25;;;9904.0;0.0
yf_ADM_d14;26600;INTARIAN_PEPPER_ROOT;10150;15;10147;16;;;10156;15;10160;13;;;10153.0;0.0
yf_ADM_d14;26700;ASH_COATED_OSMIUM;9901;11;9898;18;;;9907;17;9911;15;;;9904.0;0.0
yf_ADM_d14;26700;INTARIAN_PEPPER_ROOT;10150;18;10146;18;;;10156;17;10159;22;;;10153.0;0.0
yf_ADM_d14;26800;ASH_COATED_OSMIUM;9896;10;9893;22;;;9913;18;9916;19;;;9904.5;0.0
yf_ADM_d14;26800;INTARIAN_PEPPER_ROOT;10150;15;10148;22;;;10156;11;10158;13;;;10153.0;0.0
yf_ADM_d14;26900;ASH_COATED_OSMIUM;9897;14;9895;17;;;9912;21;9916;34;;;9904.5;0.0
yf_ADM_d14;26900;INTARIAN_PEPPER_ROOT;10150;21;10146;23;;;10156;6;10159;19;;;10153.0;0.0
yf_ADM_d14;27000;ASH_COATED_OSMIUM;9899;18;9897;17;;;9911;13;9913;17;;;9905.0;0.0
yf_ADM_d14;27000;INTARIAN_PEPPER_ROOT;10149;8;10146;17;;;10155;18;10159;18;;;10152.0;0.0
yf_ADM_d14;27100;ASH_COATED_OSMIUM;9901;19;9897;26;;;9907;19;9910;18;;;9904.0;0.0
yf_ADM_d14;27100;INTARIAN_PEPPER_ROOT;10150;15;10148;10;;;10156;12;10159;26;;;10153.0;0.0
yf_ADM_d14;27200;ASH_COATED_OSMIUM;9899;17;9896;17;;;9910;15;9913;32;;;9904.5;0.0
yf_ADM_d14;27200;INTARIAN_PEPPER_ROOT;10143;15;10140;22;;;10162;15;10166;25;;;10152.5;0.0
yf_ADM_d14;27300;ASH_COATED_OSMIUM;9893;18;9891;16;;;9916;19;9919;24;;;9904.5;0.0
yf_ADM_d14;27300;INTARIAN_PEPPER_ROOT;10148;7;10144;24;;;10156;13;10158;15;;;10152.0;0.0
yf_ADM_d14;27400;ASH_COATED_OSMIUM;9901;15;9897;17;;;9907;21;9910;12;;;9904.0;0.0
yf_ADM_d14;27400;INTARIAN_PEPPER_ROOT;10146;17;10143;16;;;10159;23;10163;20;;;10152.5;0.0
yf_ADM_d14;27500;ASH_COATED_OSMIUM;9894;21;9890;18;;;9916;10;9918;20;;;9905.0;0.0
yf_ADM_d14;27500;INTARIAN_PEPPER_ROOT;10149;21;10146;24;;;10155;16;10157;11;;;10152.0;0.0
yf_ADM_d14;27600;ASH_COATED_OSMIUM;9902;16;9900;17;;;9908;18;9910;21;;;9905.0;0.0
yf_ADM_d14;27600;INTARIAN_PEPPER_ROOT;10149;13;10147;31;;;10155;21;10157;21;;;10152.0;0.0
yf_ADM_d14;27700;ASH_COATED_OSMIUM;9897;16;9893;15;;;9913;8;9915;15;;;9905.0;0.0
yf_ADM_d14;27700;INTARIAN_PEPPER_ROOT;10149;17;10146;18;;;10155;13;10158;9;;;10152.0;0.0
yf_ADM_d14;27800;ASH_COATED_OSMIUM;9902;12;9900;18;;;9908;18;9910;17;;;9905.0;0.0
yf_ADM_d14;27800;INTARIAN_PEPPER_ROOT;10148;5;10146;13;;;10156;7;10158;29;;;10152.0;0.0
yf_ADM_d14;27900;ASH_COATED_OSMIUM;9902;19;9898;22;;;9910;24;9913;14;;;9906.0;0.0
yf_ADM_d14;27900;INTARIAN_PEPPER_ROOT;10148;15;10144;19;;;10156;16;10158;19;;;10152.0;0.0
yf_ADM_d14;28000;ASH_COATED_OSMIUM;9902;13;9899;27;;;9908;14;9912;23;;;9905.0;0.0
yf_ADM_d14;28000;INTARIAN_PEPPER_ROOT;10147;18;10144;21;;;10157;14;10160;17;;;10152.0;0.0
yf_ADM_d14;28100;ASH_COATED_OSMIUM;9902;5;9898;23;;;9908;12;9910;21;;;9905.0;0.0
yf_ADM_d14;28100;INTARIAN_PEPPER_ROOT;10148;20;10146;18;;;10157;16;10161;21;;;10152.5;0.0
yf_ADM_d14;28200;ASH_COATED_OSMIUM;9898;12;9895;16;;;9912;21;9914;19;;;9905.0;0.0
yf_ADM_d14;28200;INTARIAN_PEPPER_ROOT;10149;18;10146;20;;;10155;11;10159;27;;;10152.0;0.0
yf_ADM_d14;28300;ASH_COATED_OSMIUM;9902;16;9898;18;;;9908;18;9911;27;;;9905.0;0.0
yf_ADM_d14;28300;INTARIAN_PEPPER_ROOT;10149;21;10146;19;;;10155;15;10158;23;;;10152.0;0.0
yf_ADM_d14;28400;ASH_COATED_OSMIUM;9902;13;9899;12;;;9908;20;9910;18;;;9905.0;0.0
yf_ADM_d14;28400;INTARIAN_PEPPER_ROOT;10149;16;10145;15;;;10155;22;10158;19;;;10152.0;0.0
yf_ADM_d14;28500;ASH_COATED_OSMIUM;9903;19;9900;15;;;9909;15;9913;21;;;9906.0;0.0
yf_ADM_d14;28500;INTARIAN_PEPPER_ROOT;10146;9;10143;28;;;10158;16;10161;19;;;10152.0;0.0
yf_ADM_d14;28600;ASH_COATED_OSMIUM;9900;22;9896;14;;;9912;10;9915;20;;;9906.0;0.0
yf_ADM_d14;28600;INTARIAN_PEPPER_ROOT;10145;26;10142;20;;;10158;18;10162;15;;;10151.5;0.0
yf_ADM_d14;28700;ASH_COATED_OSMIUM;9900;16;9898;17;;;9911;15;9914;19;;;9905.5;0.0
yf_ADM_d14;28700;INTARIAN_PEPPER_ROOT;10148;12;10144;19;;;10154;19;10158;13;;;10151.0;0.0
yf_ADM_d14;28800;ASH_COATED_OSMIUM;9903;11;9899;21;;;9909;14;9912;21;;;9906.0;0.0
yf_ADM_d14;28800;INTARIAN_PEPPER_ROOT;10144;17;10142;26;;;10159;17;10162;26;;;10151.5;0.0
yf_ADM_d14;28900;ASH_COATED_OSMIUM;9896;14;9892;22;;;9914;16;9916;29;;;9905.0;0.0
yf_ADM_d14;28900;INTARIAN_PEPPER_ROOT;10149;17;10145;20;;;10155;17;10157;15;;;10152.0;0.0
yf_ADM_d14;29000;ASH_COATED_OSMIUM;9902;16;9899;16;;;9908;17;9912;19;;;9905.0;0.0
yf_ADM_d14;29000;INTARIAN_PEPPER_ROOT;10148;15;10145;23;;;10154;15;10156;34;;;10151.0;0.0
yf_ADM_d14;29100;ASH_COATED_OSMIUM;9903;9;9899;19;;;9909;13;9911;30;;;9906.0;0.0
yf_ADM_d14;29100;INTARIAN_PEPPER_ROOT;10148;15;10144;8;;;10154;14;10158;21;;;10151.0;0.0
yf_ADM_d14;29200;ASH_COATED_OSMIUM;9897;24;9893;16;;;9913;11;9915;17;;;9905.0;0.0
yf_ADM_d14;29200;INTARIAN_PEPPER_ROOT;10143;17;10140;19;;;10158;19;10160;29;;;10150.5;0.0
yf_ADM_d14;29300;ASH_COATED_OSMIUM;9903;13;9900;26;;;9909;12;9913;25;;;9906.0;0.0
yf_ADM_d14;29300;INTARIAN_PEPPER_ROOT;10148;8;10145;21;;;10154;14;10156;23;;;10151.0;0.0
yf_ADM_d14;29400;ASH_COATED_OSMIUM;9903;11;9901;20;;;9909;20;9911;21;;;9906.0;0.0
yf_ADM_d14;29400;INTARIAN_PEPPER_ROOT;10148;11;10146;15;;;10154;7;10156;21;;;10151.0;0.0
yf_ADM_d14;29500;ASH_COATED_OSMIUM;9895;15;9892;15;;;9916;19;9920;11;;;9905.5;0.0
yf_ADM_d14;29500;INTARIAN_PEPPER_ROOT;10146;12;10143;12;;;10155;7;10159;21;;;10150.5;0.0
yf_ADM_d14;29600;ASH_COATED_OSMIUM;9902;11;9900;29;;;9908;21;9910;21;;;9905.0;0.0
yf_ADM_d14;29600;INTARIAN_PEPPER_ROOT;10146;11;10143;22;;;10156;8;10159;15;;;10151.0;0.0
yf_ADM_d14;29700;ASH_COATED_OSMIUM;9900;11;9898;26;;;9912;9;9914;14;;;9906.0;0.0
yf_ADM_d14;29700;INTARIAN_PEPPER_ROOT;10145;15;10142;18;;;10156;9;10158;30;;;10150.5;0.0
yf_ADM_d14;29800;ASH_COATED_OSMIUM;9903;28;9900;18;;;9909;10;9913;20;;;9906.0;0.0
yf_ADM_d14;29800;INTARIAN_PEPPER_ROOT;10142;13;10139;11;;;10158;9;10161;24;;;10150.0;0.0
yf_ADM_d14;29900;ASH_COATED_OSMIUM;9902;14;9898;15;;;9909;5;9913;16;;;9905.5;0.0
yf_ADM_d14;29900;INTARIAN_PEPPER_ROOT;10148;14;10145;21;;;10154;15;10158;22;;;10151.0;0.0
yf_ADM_d14;30000;ASH_COATED_OSMIUM;9903;30;9901;21;;;9909;10;9913;21;;;9906.0;0.0
yf_ADM_d14;30000;INTARIAN_PEPPER_ROOT;10147;9;10144;19;;;10153;17;10155;15;;;10150.0;0.0
yf_ADM_d14;30100;ASH_COATED_OSMIUM;9893;17;9891;28;;;9920;13;9922;13;;;9906.5;0.0
yf_ADM_d14;30100;INTARIAN_PEPPER_ROOT;10147;9;10145;14;;;10153;15;10157;15;;;10150.0;0.0
yf_ADM_d14;30200;ASH_COATED_OSMIUM;9902;9;9900;24;;;9908;20;9911;19;;;9905.0;0.0
yf_ADM_d14;30200;INTARIAN_PEPPER_ROOT;10135;16;10133;24;;;10166;14;10168;14;;;10150.5;0.0
yf_ADM_d14;30300;ASH_COATED_OSMIUM;9903;11;9900;23;;;9909;19;9911;25;;;9906.0;0.0
yf_ADM_d14;30300;INTARIAN_PEPPER_ROOT;10147;15;10144;21;;;10154;8;10156;21;;;10150.5;0.0
yf_ADM_d14;30400;ASH_COATED_OSMIUM;9900;17;9896;22;;;9913;16;9915;19;;;9906.5;0.0
yf_ADM_d14;30400;INTARIAN_PEPPER_ROOT;10147;17;10143;17;;;10153;17;10157;14;;;10150.0;0.0
yf_ADM_d14;30500;ASH_COATED_OSMIUM;9900;18;9896;11;;;9913;15;9915;18;;;9906.5;0.0
yf_ADM_d14;30500;INTARIAN_PEPPER_ROOT;10147;16;10144;21;;;10153;10;10155;27;;;10150.0;0.0
yf_ADM_d14;30600;ASH_COATED_OSMIUM;9901;14;9899;24;;;9912;18;9914;17;;;9906.5;0.0
yf_ADM_d14;30600;INTARIAN_PEPPER_ROOT;10147;12;10143;24;;;10153;20;10157;23;;;10150.0;0.0
yf_ADM_d14;30700;ASH_COATED_OSMIUM;9904;7;9900;31;;;9911;21;9915;13;;;9907.5;0.0
yf_ADM_d14;30700;INTARIAN_PEPPER_ROOT;10140;9;10136;18;;;10162;24;10166;15;;;10151.0;0.0
yf_ADM_d14;30800;ASH_COATED_OSMIUM;9903;5;9899;20;;;9909;13;9913;24;;;9906.0;0.0
yf_ADM_d14;30800;INTARIAN_PEPPER_ROOT;10147;18;10144;26;;;10153;8;10155;18;;;10150.0;0.0
yf_ADM_d14;30900;ASH_COATED_OSMIUM;9900;15;9898;17;;;9913;16;9915;21;;;9906.5;0.0
yf_ADM_d14;30900;INTARIAN_PEPPER_ROOT;10147;11;10143;16;;;10153;7;10155;11;;;10150.0;0.0
yf_ADM_d14;31000;ASH_COATED_OSMIUM;9903;8;9899;14;;;9909;24;9911;17;;;9906.0;0.0
yf_ADM_d14;31000;INTARIAN_PEPPER_ROOT;10147;10;10145;20;;;10153;8;10155;23;;;10150.0;0.0
yf_ADM_d14;31100;ASH_COATED_OSMIUM;9904;17;9902;20;;;9910;8;9913;15;;;9907.0;0.0
yf_ADM_d14;31100;INTARIAN_PEPPER_ROOT;10146;17;10143;24;;;10155;15;10158;23;;;10150.5;0.0
yf_ADM_d14;31200;ASH_COATED_OSMIUM;9903;15;9899;17;;;9909;14;9912;20;;;9906.0;0.0
yf_ADM_d14;31200;INTARIAN_PEPPER_ROOT;10147;24;10145;17;;;10153;13;10157;13;;;10150.0;0.0
yf_ADM_d14;31300;ASH_COATED_OSMIUM;9893;10;9891;27;;;9921;7;9923;27;;;9907.0;0.0
yf_ADM_d14;31300;INTARIAN_PEPPER_ROOT;10146;20;10142;13;;;10152;16;10156;25;;;10149.0;0.0
yf_ADM_d14;31400;ASH_COATED_OSMIUM;9903;14;9901;10;;;9909;14;9913;20;;;9906.0;0.0
yf_ADM_d14;31400;INTARIAN_PEPPER_ROOT;10147;15;10144;27;;;10153;16;10155;23;;;10150.0;0.0
yf_ADM_d14;31500;ASH_COATED_OSMIUM;9903;11;9899;19;;;9910;14;9912;17;;;9906.5;0.0
yf_ADM_d14;31500;INTARIAN_PEPPER_ROOT;10146;20;10142;24;;;10154;21;10157;22;;;10150.0;0.0
yf_ADM_d14;31600;ASH_COATED_OSMIUM;9904;16;9900;17;;;9910;18;9913;21;;;9907.0;0.0
yf_ADM_d14;31600;INTARIAN_PEPPER_ROOT;10142;22;10140;25;;;10156;11;10159;24;;;10149.0;0.0
yf_ADM_d14;31700;ASH_COATED_OSMIUM;9904;15;9900;24;;;9910;14;9913;20;;;9907.0;0.0
yf_ADM_d14;31700;INTARIAN_PEPPER_ROOT;10146;23;10142;18;;;10152;22;10156;25;;;10149.0;0.0
yf_ADM_d14;31800;ASH_COATED_OSMIUM;9904;12;9902;22;;;9910;14;9912;21;;;9907.0;0.0
yf_ADM_d14;31800;INTARIAN_PEPPER_ROOT;10144;14;10142;20;;;10154;17;10156;24;;;10149.0;0.0
yf_ADM_d14;31900;ASH_COATED_OSMIUM;9904;9;9901;22;;;9910;18;9913;22;;;9907.0;0.0
yf_ADM_d14;31900;INTARIAN_PEPPER_ROOT;10145;20;10143;28;;;10153;12;10156;18;;;10149.0;0.0
yf_ADM_d14;32000;ASH_COATED_OSMIUM;9903;16;9899;17;;;9910;10;9914;21;;;9906.5;0.0
yf_ADM_d14;32000;INTARIAN_PEPPER_ROOT;10146;10;10144;16;;;10152;7;10156;13;;;10149.0;0.0
yf_ADM_d14;32100;ASH_COATED_OSMIUM;9898;13;9895;15;;;9916;15;9919;20;;;9907.0;0.0
yf_ADM_d14;32100;INTARIAN_PEPPER_ROOT;10143;7;10139;18;;;10154;12;10158;13;;;10148.5;0.0
yf_ADM_d14;32200;ASH_COATED_OSMIUM;9896;18;9892;23;;;9919;17;9922;28;;;9907.5;0.0
yf_ADM_d14;32200;INTARIAN_PEPPER_ROOT;10136;13;10133;26;;;10161;6;10164;19;;;10148.5;0.0
yf_ADM_d14;32300;ASH_COATED_OSMIUM;9904;16;9902;15;;;9910;20;9914;20;;;9907.0;0.0
yf_ADM_d14;32300;INTARIAN_PEPPER_ROOT;10138;15;10134;21;;;10160;11;10164;19;;;10149.0;0.0
yf_ADM_d14;32400;ASH_COATED_OSMIUM;9904;20;9902;20;;;9910;7;9914;22;;;9907.0;0.0
yf_ADM_d14;32400;INTARIAN_PEPPER_ROOT;10146;14;10143;26;;;10152;14;10156;18;;;10149.0;0.0
yf_ADM_d14;32500;ASH_COATED_OSMIUM;9882;12;9880;15;;;9932;18;9935;24;;;9907.0;0.0
yf_ADM_d14;32500;INTARIAN_PEPPER_ROOT;10143;17;10140;16;;;10156;17;10159;20;;;10149.5;0.0
yf_ADM_d14;32600;ASH_COATED_OSMIUM;9899;15;9896;28;;;9915;15;9917;16;;;9907.0;0.0
yf_ADM_d14;32600;INTARIAN_PEPPER_ROOT;10146;20;10144;17;;;10152;13;10156;17;;;10149.0;0.0
yf_ADM_d14;32700;ASH_COATED_OSMIUM;9905;20;9902;15;;;9911;14;9914;18;;;9908.0;0.0
yf_ADM_d14;32700;INTARIAN_PEPPER_ROOT;10146;16;10143;22;;;10152;13;10155;10;;;10149.0;0.0
yf_ADM_d14;32800;ASH_COATED_OSMIUM;9904;19;9902;23;;;9910;26;9914;20;;;9907.0;0.0
yf_ADM_d14;32800;INTARIAN_PEPPER_ROOT;10141;17;10137;24;;;10156;11;10158;18;;;10148.5;0.0
yf_ADM_d14;32900;ASH_COATED_OSMIUM;9904;22;9902;14;;;9911;18;9914;20;;;9907.5;0.0
yf_ADM_d14;32900;INTARIAN_PEPPER_ROOT;10146;17;10144;19;;;10152;13;10154;17;;;10149.0;0.0
yf_ADM_d14;33000;ASH_COATED_OSMIUM;9905;13;9901;18;;;9911;6;9913;18;;;9908.0;0.0
yf_ADM_d14;33000;INTARIAN_PEPPER_ROOT;10145;11;10143;22;;;10151;10;10155;22;;;10148.0;0.0
yf_ADM_d14;33100;ASH_COATED_OSMIUM;9903;17;9901;20;;;9911;14;9913;25;;;9907.0;0.0
yf_ADM_d14;33100;INTARIAN_PEPPER_ROOT;10145;13;10142;26;;;10151;11;10155;22;;;10148.0;0.0
yf_ADM_d14;33200;ASH_COATED_OSMIUM;9905;20;9903;18;;;9911;20;9915;16;;;9908.0;0.0
yf_ADM_d14;33200;INTARIAN_PEPPER_ROOT;10141;12;10137;23;;;10156;14;10159;11;;;10148.5;0.0
yf_ADM_d14;33300;ASH_COATED_OSMIUM;9905;13;9902;11;;;9911;16;9914;20;;;9908.0;0.0
yf_ADM_d14;33300;INTARIAN_PEPPER_ROOT;10144;20;10142;20;;;10152;16;10155;18;;;10148.0;0.0
yf_ADM_d14;33400;ASH_COATED_OSMIUM;9905;15;9902;21;;;9911;17;9913;22;;;9908.0;0.0
yf_ADM_d14;33400;INTARIAN_PEPPER_ROOT;10145;11;10141;18;;;10151;10;10154;21;;;10148.0;0.0
yf_ADM_d14;33500;ASH_COATED_OSMIUM;9903;5;9899;14;;;9913;11;9915;17;;;9908.0;0.0
yf_ADM_d14;33500;INTARIAN_PEPPER_ROOT;10145;16;10141;25;;;10151;21;10154;18;;;10148.0;0.0
yf_ADM_d14;33600;ASH_COATED_OSMIUM;9901;19;9898;24;;;9915;14;9917;23;;;9908.0;0.0
yf_ADM_d14;33600;INTARIAN_PEPPER_ROOT;10145;16;10143;13;;;10152;9;10154;11;;;10148.5;0.0
yf_ADM_d14;33700;ASH_COATED_OSMIUM;9904;8;9901;26;;;9912;14;9914;16;;;9908.0;0.0
yf_ADM_d14;33700;INTARIAN_PEPPER_ROOT;10141;11;10138;24;;;10155;9;10158;22;;;10148.0;0.0
yf_ADM_d14;33800;ASH_COATED_OSMIUM;9904;11;9901;22;;;9912;14;9914;20;;;9908.0;0.0
yf_ADM_d14;33800;INTARIAN_PEPPER_ROOT;10145;8;10141;11;;;10151;28;10154;20;;;10148.0;0.0
yf_ADM_d14;33900;ASH_COATED_OSMIUM;9903;18;9899;26;;;9912;12;9915;23;;;9907.5;0.0
yf_ADM_d14;33900;INTARIAN_PEPPER_ROOT;10145;15;10143;19;;;10151;27;10155;26;;;10148.0;0.0
yf_ADM_d14;34000;ASH_COATED_OSMIUM;9905;20;9903;19;;;9911;13;9915;19;;;9908.0;0.0
yf_ADM_d14;34000;INTARIAN_PEPPER_ROOT;10144;12;10140;21;;;10150;9;10153;23;;;10147.0;0.0
yf_ADM_d14;34100;ASH_COATED_OSMIUM;9899;15;9896;15;;;9916;13;9919;9;;;9907.5;0.0
yf_ADM_d14;34100;INTARIAN_PEPPER_ROOT;10144;19;10141;22;;;10150;20;10154;26;;;10147.0;0.0
yf_ADM_d14;34200;ASH_COATED_OSMIUM;9905;5;9901;17;;;9911;16;9915;21;;;9908.0;0.0
yf_ADM_d14;34200;INTARIAN_PEPPER_ROOT;10143;23;10140;20;;;10149;18;10153;21;;;10146.0;0.0
yf_ADM_d14;34300;ASH_COATED_OSMIUM;9905;17;9902;20;;;9911;9;9915;19;;;9908.0;0.0
yf_ADM_d14;34300;INTARIAN_PEPPER_ROOT;10143;23;10141;21;;;10149;19;10152;19;;;10146.0;0.0
yf_ADM_d14;34400;ASH_COATED_OSMIUM;9896;14;9894;15;;;9919;15;9923;14;;;9907.5;0.0
yf_ADM_d14;34400;INTARIAN_PEPPER_ROOT;10142;15;10138;19;;;10148;20;10150;17;;;10145.0;0.0
yf_ADM_d14;34500;ASH_COATED_OSMIUM;9904;11;9902;23;;;9910;15;9912;22;;;9907.0;0.0
yf_ADM_d14;34500;INTARIAN_PEPPER_ROOT;10142;13;10140;18;;;10148;20;10151;16;;;10145.0;0.0
yf_ADM_d14;34600;ASH_COATED_OSMIUM;9905;13;9903;21;;;9911;17;9913;16;;;9908.0;0.0
yf_ADM_d14;34600;INTARIAN_PEPPER_ROOT;10135;8;10133;14;;;10155;6;10157;15;;;10145.0;0.0
yf_ADM_d14;34700;ASH_COATED_OSMIUM;9905;12;9901;18;;;9911;12;9915;28;;;9908.0;0.0
yf_ADM_d14;34700;INTARIAN_PEPPER_ROOT;10141;16;10138;20;;;10147;11;10149;24;;;10144.0;0.0
yf_ADM_d14;34800;ASH_COATED_OSMIUM;9898;23;9896;24;;;9917;17;9921;16;;;9907.5;0.0
yf_ADM_d14;34800;INTARIAN_PEPPER_ROOT;10141;12;10137;16;;;10147;17;10150;23;;;10144.0;0.0
yf_ADM_d14;34900;ASH_COATED_OSMIUM;9905;14;9902;16;;;9911;13;9913;20;;;9908.0;0.0
yf_ADM_d14;34900;INTARIAN_PEPPER_ROOT;10140;19;10137;12;;;10146;17;10148;11;;;10143.0;0.0
yf_ADM_d14;35000;ASH_COATED_OSMIUM;9905;16;9901;26;;;9911;6;9914;17;;;9908.0;0.0
yf_ADM_d14;35000;INTARIAN_PEPPER_ROOT;10140;15;10137;20;;;10146;9;10150;18;;;10143.0;0.0
yf_ADM_d14;35100;ASH_COATED_OSMIUM;9905;13;9902;22;;;9911;15;9913;21;;;9908.0;0.0
yf_ADM_d14;35100;INTARIAN_PEPPER_ROOT;10139;9;10137;17;;;10145;5;10149;20;;;10142.0;0.0
yf_ADM_d14;35200;ASH_COATED_OSMIUM;9905;18;9901;21;;;9911;23;9913;8;;;9908.0;0.0
yf_ADM_d14;35200;INTARIAN_PEPPER_ROOT;10135;8;10132;23;;;10148;18;10151;18;;;10141.5;0.0
yf_ADM_d14;35300;ASH_COATED_OSMIUM;9905;14;9901;15;;;9911;14;9915;25;;;9908.0;0.0
yf_ADM_d14;35300;INTARIAN_PEPPER_ROOT;10130;9;10127;20;;;10153;18;10155;27;;;10141.5;0.0
yf_ADM_d14;35400;ASH_COATED_OSMIUM;9905;7;9901;19;;;9911;5;9915;20;;;9908.0;0.0
yf_ADM_d14;35400;INTARIAN_PEPPER_ROOT;10139;22;10136;19;;;10145;12;10149;14;;;10142.0;0.0
yf_ADM_d14;35500;ASH_COATED_OSMIUM;9904;15;9902;16;;;9912;18;9915;19;;;9908.0;0.0
yf_ADM_d14;35500;INTARIAN_PEPPER_ROOT;10138;7;10136;21;;;10144;10;10147;21;;;10141.0;0.0
yf_ADM_d14;35600;ASH_COATED_OSMIUM;9905;11;9902;21;;;9911;20;9914;18;;;9908.0;0.0
yf_ADM_d14;35600;INTARIAN_PEPPER_ROOT;10136;22;10134;26;;;10143;21;10145;25;;;10139.5;0.0
yf_ADM_d14;35700;ASH_COATED_OSMIUM;9905;11;9903;24;;;9911;11;9913;23;;;9908.0;0.0
yf_ADM_d14;35700;INTARIAN_PEPPER_ROOT;10127;17;10123;23;;;10154;21;10156;15;;;10140.5;0.0
yf_ADM_d14;35800;ASH_COATED_OSMIUM;9904;8;9900;16;;;9911;19;9915;26;;;9907.5;0.0
yf_ADM_d14;35800;INTARIAN_PEPPER_ROOT;10135;13;10133;20;;;10144;11;10148;11;;;10139.5;0.0
yf_ADM_d14;35900;ASH_COATED_OSMIUM;9905;18;9901;15;;;9911;11;9914;21;;;9908.0;0.0
yf_ADM_d14;35900;INTARIAN_PEPPER_ROOT;10136;14;10133;16;;;10142;15;10144;18;;;10139.0;0.0
yf_ADM_d14;36000;ASH_COATED_OSMIUM;9888;20;9886;23;;;9927;14;9931;18;;;9907.5;0.0
yf_ADM_d14;36000;INTARIAN_PEPPER_ROOT;10135;13;10133;12;;;10141;17;10144;23;;;10138.0;0.0
yf_ADM_d14;36100;ASH_COATED_OSMIUM;9905;14;9902;9;;;9912;11;9915;15;;;9908.5;0.0
yf_ADM_d14;36100;INTARIAN_PEPPER_ROOT;10132;11;10129;15;;;10144;17;10146;18;;;10138.0;0.0
yf_ADM_d14;36200;ASH_COATED_OSMIUM;9905;24;9902;20;;;9912;18;9915;24;;;9908.5;0.0
yf_ADM_d14;36200;INTARIAN_PEPPER_ROOT;10134;5;10132;19;;;10141;13;10143;21;;;10137.5;0.0
yf_ADM_d14;36300;ASH_COATED_OSMIUM;9898;13;9895;15;;;9917;11;9921;21;;;9907.5;0.0
yf_ADM_d14;36300;INTARIAN_PEPPER_ROOT;10134;14;10130;22;;;10140;5;10144;19;;;10137.0;0.0
yf_ADM_d14;36400;ASH_COATED_OSMIUM;9904;21;9902;9;;;9910;17;9912;23;;;9907.0;0.0
yf_ADM_d14;36400;INTARIAN_PEPPER_ROOT;10134;11;10132;15;;;10140;21;10143;17;;;10137.0;0.0
yf_ADM_d14;36500;ASH_COATED_OSMIUM;9904;13;9901;20;;;9913;17;9917;35;;;9908.5;0.0
yf_ADM_d14;36500;INTARIAN_PEPPER_ROOT;10133;15;10131;11;;;10139;14;10143;21;;;10136.0;0.0
yf_ADM_d14;36600;ASH_COATED_OSMIUM;9900;23;9896;16;;;9916;13;9918;18;;;9908.0;0.0
yf_ADM_d14;36600;INTARIAN_PEPPER_ROOT;10133;16;10130;21;;;10139;10;10143;20;;;10136.0;0.0
yf_ADM_d14;36700;ASH_COATED_OSMIUM;9895;17;9892;21;;;9920;15;9922;17;;;9907.5;0.0
yf_ADM_d14;36700;INTARIAN_PEPPER_ROOT;10133;13;10131;14;;;10139;9;10142;18;;;10136.0;0.0
yf_ADM_d14;36800;ASH_COATED_OSMIUM;9904;8;9902;28;;;9911;22;9915;22;;;9907.5;0.0
yf_ADM_d14;36800;INTARIAN_PEPPER_ROOT;10128;9;10125;19;;;10141;20;10143;20;;;10134.5;0.0
yf_ADM_d14;36900;ASH_COATED_OSMIUM;9901;20;9897;16;;;9915;12;9919;21;;;9908.0;0.0
yf_ADM_d14;36900;INTARIAN_PEPPER_ROOT;10131;18;10129;25;;;10137;5;10140;16;;;10134.0;0.0
yf_ADM_d14;37000;ASH_COATED_OSMIUM;9902;17;9900;24;;;9913;13;9916;17;;;9907.5;0.0
yf_ADM_d14;37000;INTARIAN_PEPPER_ROOT;10131;14;10129;27;;;10137;21;10141;21;;;10134.0;0.0
yf_ADM_d14;37100;ASH_COATED_OSMIUM;9905;14;9901;21;;;9911;16;9915;31;;;9908.0;0.0
yf_ADM_d14;37100;INTARIAN_PEPPER_ROOT;10125;15;10121;18;;;10141;21;10145;21;;;10133.0;0.0
yf_ADM_d14;37200;ASH_COATED_OSMIUM;9905;9;9903;21;;;9911;16;9914;18;;;9908.0;0.0
yf_ADM_d14;37200;INTARIAN_PEPPER_ROOT;10127;11;10123;24;;;10139;14;10142;13;;;10133.0;0.0
yf_ADM_d14;37300;ASH_COATED_OSMIUM;9905;21;9903;26;;;9911;16;9913;11;;;9908.0;0.0
yf_ADM_d14;37300;INTARIAN_PEPPER_ROOT;10130;19;10128;13;;;10136;25;10140;20;;;10133.0;0.0
yf_ADM_d14;37400;ASH_COATED_OSMIUM;9905;12;9901;24;;;9911;9;9913;16;;;9908.0;0.0
yf_ADM_d14;37400;INTARIAN_PEPPER_ROOT;10129;15;10127;14;;;10135;14;10139;18;;;10132.0;0.0
yf_ADM_d14;37500;ASH_COATED_OSMIUM;9902;10;9899;23;;;9914;11;9918;22;;;9908.0;0.0
yf_ADM_d14;37500;INTARIAN_PEPPER_ROOT;10124;16;10121;17;;;10139;16;10142;20;;;10131.5;0.0
yf_ADM_d14;37600;ASH_COATED_OSMIUM;9900;12;9898;13;;;9916;10;9919;27;;;9908.0;0.0
yf_ADM_d14;37600;INTARIAN_PEPPER_ROOT;10124;11;10121;27;;;10139;10;10143;16;;;10131.5;0.0
yf_ADM_d14;37700;ASH_COATED_OSMIUM;9905;19;9902;19;;;9911;6;9915;30;;;9908.0;0.0
yf_ADM_d14;37700;INTARIAN_PEPPER_ROOT;10128;9;10126;20;;;10134;8;10136;15;;;10131.0;0.0
yf_ADM_d14;37800;ASH_COATED_OSMIUM;9905;21;9901;34;;;9911;9;9913;13;;;9908.0;0.0
yf_ADM_d14;37800;INTARIAN_PEPPER_ROOT;10128;13;10125;29;;;10134;21;10138;27;;;10131.0;0.0
yf_ADM_d14;37900;ASH_COATED_OSMIUM;9903;19;9901;18;;;9912;9;9916;13;;;9907.5;0.0
yf_ADM_d14;37900;INTARIAN_PEPPER_ROOT;10128;10;10125;16;;;10134;9;10137;18;;;10131.0;0.0
yf_ADM_d14;38000;ASH_COATED_OSMIUM;9905;17;9902;16;;;9911;11;9914;27;;;9908.0;0.0
yf_ADM_d14;38000;INTARIAN_PEPPER_ROOT;10126;8;10124;14;;;10134;9;10137;21;;;10130.0;0.0
yf_ADM_d14;38100;ASH_COATED_OSMIUM;9897;7;9895;16;;;9919;7;9922;15;;;9908.0;0.0
yf_ADM_d14;38100;INTARIAN_PEPPER_ROOT;10125;22;10123;16;;;10133;18;10135;23;;;10129.0;0.0
yf_ADM_d14;38200;ASH_COATED_OSMIUM;9892;17;9889;20;;;9924;9;9926;18;;;9908.0;0.0
yf_ADM_d14;38200;INTARIAN_PEPPER_ROOT;10125;14;10123;27;;;10131;20;10133;19;;;10128.0;0.0
yf_ADM_d14;38300;ASH_COATED_OSMIUM;9903;9;9899;15;;;9913;11;9916;16;;;9908.0;0.0
yf_ADM_d14;38300;INTARIAN_PEPPER_ROOT;10125;18;10121;18;;;10131;17;10135;20;;;10128.0;0.0
yf_ADM_d14;38400;ASH_COATED_OSMIUM;9904;11;9902;24;;;9910;9;9912;24;;;9907.0;0.0
yf_ADM_d14;38400;INTARIAN_PEPPER_ROOT;10125;18;10123;17;;;10131;9;10134;19;;;10128.0;0.0
yf_ADM_d14;38500;ASH_COATED_OSMIUM;9905;21;9902;25;;;9911;12;9915;19;;;9908.0;0.0
yf_ADM_d14;38500;INTARIAN_PEPPER_ROOT;10124;14;10121;10;;;10130;20;10134;25;;;10127.0;0.0
yf_ADM_d14;38600;ASH_COATED_OSMIUM;9903;14;9899;17;;;9910;11;9912;27;;;9906.5;0.0
yf_ADM_d14;38600;INTARIAN_PEPPER_ROOT;10124;24;10122;16;;;10130;14;10133;14;;;10127.0;0.0
yf_ADM_d14;38700;ASH_COATED_OSMIUM;9904;15;9901;25;;;9910;14;9914;16;;;9907.0;0.0
yf_ADM_d14;38700;INTARIAN_PEPPER_ROOT;10123;9;10119;19;;;10129;16;10133;19;;;10126.0;0.0
yf_ADM_d14;38800;ASH_COATED_OSMIUM;9905;12;9901;15;;;9911;9;9915;20;;;9908.0;0.0
yf_ADM_d14;38800;INTARIAN_PEPPER_ROOT;10123;10;10119;18;;;10129;20;10131;20;;;10126.0;0.0
yf_ADM_d14;38900;ASH_COATED_OSMIUM;9892;6;9888;18;;;9922;17;9925;16;;;9907.0;0.0
yf_ADM_d14;38900;INTARIAN_PEPPER_ROOT;10123;18;10121;14;;;10129;14;10132;17;;;10126.0;0.0
yf_ADM_d14;39000;ASH_COATED_OSMIUM;9904;13;9901;14;;;9910;10;9914;21;;;9907.0;0.0
yf_ADM_d14;39000;INTARIAN_PEPPER_ROOT;10119;15;10117;19;;;10131;10;10133;19;;;10125.0;0.0
yf_ADM_d14;39100;ASH_COATED_OSMIUM;9903;19;9900;21;;;9911;18;9914;24;;;9907.0;0.0
yf_ADM_d14;39100;INTARIAN_PEPPER_ROOT;10119;9;10115;23;;;10129;18;10131;17;;;10124.0;0.0
yf_ADM_d14;39200;ASH_COATED_OSMIUM;9905;10;9902;16;;;9911;7;9913;26;;;9908.0;0.0
yf_ADM_d14;39200;INTARIAN_PEPPER_ROOT;10121;28;10118;23;;;10128;11;10130;24;;;10124.5;0.0
yf_ADM_d14;39300;ASH_COATED_OSMIUM;9905;19;9901;26;;;9911;10;9915;22;;;9908.0;0.0
yf_ADM_d14;39300;INTARIAN_PEPPER_ROOT;10121;20;10118;13;;;10127;13;10131;17;;;10124.0;0.0
yf_ADM_d14;39400;ASH_COATED_OSMIUM;9904;7;9902;27;;;9910;5;9913;17;;;9907.0;0.0
yf_ADM_d14;39400;INTARIAN_PEPPER_ROOT;10116;22;10114;20;;;10131;8;10133;24;;;10123.5;0.0
yf_ADM_d14;39500;ASH_COATED_OSMIUM;9904;30;9902;11;;;9910;22;9914;14;;;9907.0;0.0
yf_ADM_d14;39500;INTARIAN_PEPPER_ROOT;10120;10;10118;15;;;10126;18;10130;22;;;10123.0;0.0
yf_ADM_d14;39600;ASH_COATED_OSMIUM;9905;26;9902;21;;;9911;13;9915;12;;;9908.0;0.0
yf_ADM_d14;39600;INTARIAN_PEPPER_ROOT;10120;21;10117;23;;;10126;14;10130;28;;;10123.0;0.0
yf_ADM_d14;39700;ASH_COATED_OSMIUM;9904;14;9901;28;;;9910;14;9912;16;;;9907.0;0.0
yf_ADM_d14;39700;INTARIAN_PEPPER_ROOT;10119;15;10115;17;;;10125;12;10128;14;;;10122.0;0.0
yf_ADM_d14;39800;ASH_COATED_OSMIUM;9904;8;9901;15;;;9910;8;9912;16;;;9907.0;0.0
yf_ADM_d14;39800;INTARIAN_PEPPER_ROOT;10116;18;10112;17;;;10125;24;10128;15;;;10120.5;0.0
yf_ADM_d14;39900;ASH_COATED_OSMIUM;9899;17;9896;17;;;9916;15;9918;13;;;9907.5;0.0
yf_ADM_d14;39900;INTARIAN_PEPPER_ROOT;10118;5;10115;28;;;10124;12;10127;20;;;10121.0;0.0
yf_ADM_d14;40000;ASH_COATED_OSMIUM;9905;15;9901;14;;;9911;5;9913;15;;;9908.0;0.0
yf_ADM_d14;40000;INTARIAN_PEPPER_ROOT;10118;15;10116;16;;;10124;12;10128;14;;;10121.0;0.0
yf_ADM_d14;40100;ASH_COATED_OSMIUM;9904;29;9900;23;;;9910;10;9912;23;;;9907.0;0.0
yf_ADM_d14;40100;INTARIAN_PEPPER_ROOT;10113;21;10111;26;;;10126;16;10130;11;;;10119.5;0.0
yf_ADM_d14;40200;ASH_COATED_OSMIUM;9904;15;9902;25;;;9910;8;9912;12;;;9907.0;0.0
yf_ADM_d14;40200;INTARIAN_PEPPER_ROOT;10113;19;10111;14;;;10128;17;10132;15;;;10120.5;0.0
yf_ADM_d14;40300;ASH_COATED_OSMIUM;9903;13;9901;19;;;9911;25;9914;21;;;9907.0;0.0
yf_ADM_d14;40300;INTARIAN_PEPPER_ROOT;10116;18;10112;14;;;10122;23;10124;21;;;10119.0;0.0
yf_ADM_d14;40400;ASH_COATED_OSMIUM;9904;13;9901;14;;;9910;22;9912;14;;;9907.0;0.0
yf_ADM_d14;40400;INTARIAN_PEPPER_ROOT;10111;14;10107;18;;;10128;5;10132;22;;;10119.5;0.0
yf_ADM_d14;40500;ASH_COATED_OSMIUM;9904;19;9900;17;;;9910;16;9914;21;;;9907.0;0.0
yf_ADM_d14;40500;INTARIAN_PEPPER_ROOT;10115;14;10113;14;;;10121;20;10125;15;;;10118.0;0.0
yf_ADM_d14;40600;ASH_COATED_OSMIUM;9903;15;9899;12;;;9911;16;9913;24;;;9907.0;0.0
yf_ADM_d14;40600;INTARIAN_PEPPER_ROOT;10115;10;10111;15;;;10121;21;10125;20;;;10118.0;0.0
yf_ADM_d14;40700;ASH_COATED_OSMIUM;9903;11;9899;11;;;9911;14;9915;19;;;9907.0;0.0
yf_ADM_d14;40700;INTARIAN_PEPPER_ROOT;10115;17;10112;23;;;10121;14;10123;16;;;10118.0;0.0
yf_ADM_d14;40800;ASH_COATED_OSMIUM;9904;10;9900;20;;;9910;11;9913;27;;;9907.0;0.0
yf_ADM_d14;40800;INTARIAN_PEPPER_ROOT;10102;20;10099;25;;;10131;9;10134;24;;;10116.5;0.0
yf_ADM_d14;40900;ASH_COATED_OSMIUM;9905;13;9903;17;;;9911;17;9915;19;;;9908.0;0.0
yf_ADM_d14;40900;INTARIAN_PEPPER_ROOT;10114;22;10110;21;;;10120;8;10122;25;;;10117.0;0.0
yf_ADM_d14;41000;ASH_COATED_OSMIUM;9904;17;9900;23;;;9912;9;9914;19;;;9908.0;0.0
yf_ADM_d14;41000;INTARIAN_PEPPER_ROOT;10112;9;10108;17;;;10118;15;10120;16;;;10115.0;0.0
yf_ADM_d14;41100;ASH_COATED_OSMIUM;9897;16;9894;23;;;9918;9;9920;30;;;9907.5;0.0
yf_ADM_d14;41100;INTARIAN_PEPPER_ROOT;10103;13;10101;18;;;10130;5;10133;19;;;10116.5;0.0
yf_ADM_d14;41200;ASH_COATED_OSMIUM;9901;14;9899;21;;;9913;16;9915;25;;;9907.0;0.0
yf_ADM_d14;41200;INTARIAN_PEPPER_ROOT;10107;16;10104;22;;;10124;12;10128;17;;;10115.5;0.0
yf_ADM_d14;41300;ASH_COATED_OSMIUM;9904;15;9901;18;;;9910;12;9912;19;;;9907.0;0.0
yf_ADM_d14;41300;INTARIAN_PEPPER_ROOT;10112;17;10110;22;;;10118;11;10120;22;;;10115.0;0.0
yf_ADM_d14;41400;ASH_COATED_OSMIUM;9904;22;9900;26;;;9910;6;9913;17;;;9907.0;0.0
yf_ADM_d14;41400;INTARIAN_PEPPER_ROOT;10111;16;10107;28;;;10117;6;10121;26;;;10114.0;0.0
yf_ADM_d14;41500;ASH_COATED_OSMIUM;9904;22;9901;17;;;9910;10;9914;22;;;9907.0;0.0
yf_ADM_d14;41500;INTARIAN_PEPPER_ROOT;10110;14;10106;12;;;10119;14;10123;15;;;10114.5;0.0
yf_ADM_d14;41600;ASH_COATED_OSMIUM;9904;7;9901;22;;;9910;14;9914;22;;;9907.0;0.0
yf_ADM_d14;41600;INTARIAN_PEPPER_ROOT;10111;17;10109;12;;;10117;11;10119;25;;;10114.0;0.0
yf_ADM_d14;41700;ASH_COATED_OSMIUM;9904;15;9900;23;;;9910;23;9912;22;;;9907.0;0.0
yf_ADM_d14;41700;INTARIAN_PEPPER_ROOT;10110;9;10106;23;;;10116;5;10118;17;;;10113.0;0.0
yf_ADM_d14;41800;ASH_COATED_OSMIUM;9903;14;9900;22;;;9912;9;9915;22;;;9907.5;0.0
yf_ADM_d14;41800;INTARIAN_PEPPER_ROOT;10110;8;10106;22;;;10116;9;10118;20;;;10113.0;0.0
yf_ADM_d14;41900;ASH_COATED_OSMIUM;9904;14;9900;10;;;9910;6;9914;20;;;9907.0;0.0
yf_ADM_d14;41900;INTARIAN_PEPPER_ROOT;10109;20;10105;10;;;10115;14;10117;12;;;10112.0;0.0
yf_ADM_d14;42000;ASH_COATED_OSMIUM;9893;17;9890;16;;;9922;12;9924;19;;;9907.5;0.0
yf_ADM_d14;42000;INTARIAN_PEPPER_ROOT;10108;13;10106;16;;;10117;24;10120;23;;;10112.5;0.0
yf_ADM_d14;42100;ASH_COATED_OSMIUM;9902;16;9898;25;;;9913;16;9917;19;;;9907.5;0.0
yf_ADM_d14;42100;INTARIAN_PEPPER_ROOT;10109;11;10107;18;;;10115;10;10118;19;;;10112.0;0.0
yf_ADM_d14;42200;ASH_COATED_OSMIUM;9904;13;9900;28;;;9910;16;9912;22;;;9907.0;0.0
yf_ADM_d14;42200;INTARIAN_PEPPER_ROOT;10108;14;10104;17;;;10114;9;10117;18;;;10111.0;0.0
yf_ADM_d14;42300;ASH_COATED_OSMIUM;9900;11;9897;15;;;9914;15;9916;22;;;9907.0;0.0
yf_ADM_d14;42300;INTARIAN_PEPPER_ROOT;10105;12;10103;10;;;10116;14;10120;24;;;10110.5;0.0
yf_ADM_d14;42400;ASH_COATED_OSMIUM;9904;10;9901;16;;;9910;15;9912;18;;;9907.0;0.0
yf_ADM_d14;42400;INTARIAN_PEPPER_ROOT;10105;16;10103;31;;;10116;16;10119;24;;;10110.5;0.0
yf_ADM_d14;42500;ASH_COATED_OSMIUM;9904;19;9900;20;;;9910;11;9913;23;;;9907.0;0.0
yf_ADM_d14;42500;INTARIAN_PEPPER_ROOT;10103;16;10099;14;;;10115;14;10118;19;;;10109.0;0.0
yf_ADM_d14;42600;ASH_COATED_OSMIUM;9904;13;9902;23;;;9910;14;9914;18;;;9907.0;0.0
yf_ADM_d14;42600;INTARIAN_PEPPER_ROOT;10099;12;10096;19;;;10120;21;10122;24;;;10109.5;0.0
yf_ADM_d14;42700;ASH_COATED_OSMIUM;9904;17;9902;23;;;9910;5;9914;29;;;9907.0;0.0
yf_ADM_d14;42700;INTARIAN_PEPPER_ROOT;10106;17;10103;22;;;10112;16;10115;28;;;10109.0;0.0
yf_ADM_d14;42800;ASH_COATED_OSMIUM;9898;12;9894;19;;;9917;7;9919;11;;;9907.5;0.0
yf_ADM_d14;42800;INTARIAN_PEPPER_ROOT;10092;8;10088;21;;;10125;18;10129;20;;;10108.5;0.0
yf_ADM_d14;42900;ASH_COATED_OSMIUM;9904;13;9900;16;;;9910;12;9913;15;;;9907.0;0.0
yf_ADM_d14;42900;INTARIAN_PEPPER_ROOT;10104;5;10100;25;;;10111;13;10114;23;;;10107.5;0.0
yf_ADM_d14;43000;ASH_COATED_OSMIUM;9901;8;9897;25;;;9913;16;9916;21;;;9907.0;0.0
yf_ADM_d14;43000;INTARIAN_PEPPER_ROOT;10104;17;10100;18;;;10110;22;10112;15;;;10107.0;0.0
yf_ADM_d14;43100;ASH_COATED_OSMIUM;9904;13;9901;19;;;9910;10;9913;9;;;9907.0;0.0
yf_ADM_d14;43100;INTARIAN_PEPPER_ROOT;10101;11;10098;22;;;10113;17;10116;24;;;10107.0;0.0
yf_ADM_d14;43200;ASH_COATED_OSMIUM;9901;16;9898;27;;;9913;18;9915;20;;;9907.0;0.0
yf_ADM_d14;43200;INTARIAN_PEPPER_ROOT;10104;14;10100;22;;;10110;18;10114;14;;;10107.0;0.0
yf_ADM_d14;43300;ASH_COATED_OSMIUM;9900;11;9898;25;;;9916;15;9919;22;;;9908.0;0.0
yf_ADM_d14;43300;INTARIAN_PEPPER_ROOT;10103;6;10099;24;;;10109;13;10112;28;;;10106.0;0.0
yf_ADM_d14;43400;ASH_COATED_OSMIUM;9904;8;9901;15;;;9910;21;9913;17;;;9907.0;0.0
yf_ADM_d14;43400;INTARIAN_PEPPER_ROOT;10103;22;10100;24;;;10109;15;10113;9;;;10106.0;0.0
yf_ADM_d14;43500;ASH_COATED_OSMIUM;9904;6;9900;18;;;9910;22;9912;22;;;9907.0;0.0
yf_ADM_d14;43500;INTARIAN_PEPPER_ROOT;10102;7;10099;28;;;10108;16;10110;14;;;10105.0;0.0
yf_ADM_d14;43600;ASH_COATED_OSMIUM;9904;11;9901;17;;;9910;14;9914;28;;;9907.0;0.0
yf_ADM_d14;43600;INTARIAN_PEPPER_ROOT;10101;13;10099;25;;;10108;21;10112;21;;;10104.5;0.0
yf_ADM_d14;43700;ASH_COATED_OSMIUM;9903;21;9901;20;;;9911;12;9915;17;;;9907.0;0.0
yf_ADM_d14;43700;INTARIAN_PEPPER_ROOT;10098;19;10096;14;;;10110;17;10112;14;;;10104.0;0.0
yf_ADM_d14;43800;ASH_COATED_OSMIUM;9905;10;9902;27;;;9911;10;9914;16;;;9908.0;0.0
yf_ADM_d14;43800;INTARIAN_PEPPER_ROOT;10097;11;10095;21;;;10111;9;10114;20;;;10104.0;0.0
yf_ADM_d14;43900;ASH_COATED_OSMIUM;9904;13;9901;19;;;9910;11;9914;11;;;9907.0;0.0
yf_ADM_d14;43900;INTARIAN_PEPPER_ROOT;10098;13;10095;29;;;10109;17;10112;20;;;10103.5;0.0
yf_ADM_d14;44000;ASH_COATED_OSMIUM;9905;17;9902;15;;;9911;5;9915;29;;;9908.0;0.0
yf_ADM_d14;44000;INTARIAN_PEPPER_ROOT;10100;13;10096;16;;;10106;20;10110;22;;;10103.0;0.0
yf_ADM_d14;44100;ASH_COATED_OSMIUM;9905;18;9903;17;;;9911;12;9913;19;;;9908.0;0.0
yf_ADM_d14;44100;INTARIAN_PEPPER_ROOT;10081;5;10079;13;;;10123;9;10127;14;;;10102.0;0.0
yf_ADM_d14;44200;ASH_COATED_OSMIUM;9904;13;9902;10;;;9910;13;9914;19;;;9907.0;0.0
yf_ADM_d14;44200;INTARIAN_PEPPER_ROOT;10099;16;10097;19;;;10105;11;10107;23;;;10102.0;0.0
yf_ADM_d14;44300;ASH_COATED_OSMIUM;9904;19;9902;13;;;9910;5;9912;19;;;9907.0;0.0
yf_ADM_d14;44300;INTARIAN_PEPPER_ROOT;10099;12;10097;22;;;10105;14;10109;15;;;10102.0;0.0
yf_ADM_d14;44400;ASH_COATED_OSMIUM;9904;20;9900;17;;;9910;19;9912;24;;;9907.0;0.0
yf_ADM_d14;44400;INTARIAN_PEPPER_ROOT;10098;6;10096;25;;;10105;12;10107;20;;;10101.5;0.0
yf_ADM_d14;44500;ASH_COATED_OSMIUM;9898;13;9894;22;;;9916;19;9920;25;;;9907.0;0.0
yf_ADM_d14;44500;INTARIAN_PEPPER_ROOT;10097;18;10095;24;;;10103;12;10105;13;;;10100.0;0.0
yf_ADM_d14;44600;ASH_COATED_OSMIUM;9896;5;9893;23;;;9917;15;9920;24;;;9906.5;0.0
yf_ADM_d14;44600;INTARIAN_PEPPER_ROOT;10098;11;10094;22;;;10104;14;10107;19;;;10101.0;0.0
yf_ADM_d14;44700;ASH_COATED_OSMIUM;9895;11;9892;9;;;9919;13;9921;25;;;9907.0;0.0
yf_ADM_d14;44700;INTARIAN_PEPPER_ROOT;10097;14;10093;20;;;10103;20;10105;16;;;10100.0;0.0
yf_ADM_d14;44800;ASH_COATED_OSMIUM;9902;9;9898;24;;;9911;10;9915;22;;;9906.5;0.0
yf_ADM_d14;44800;INTARIAN_PEPPER_ROOT;10097;14;10093;23;;;10103;13;10105;18;;;10100.0;0.0
yf_ADM_d14;44900;ASH_COATED_OSMIUM;9904;19;9902;12;;;9910;11;9914;30;;;9907.0;0.0
yf_ADM_d14;44900;INTARIAN_PEPPER_ROOT;10096;15;10092;12;;;10102;10;10104;13;;;10099.0;0.0
yf_ADM_d14;45000;ASH_COATED_OSMIUM;9904;16;9900;18;;;9910;11;9912;31;;;9907.0;0.0
yf_ADM_d14;45000;INTARIAN_PEPPER_ROOT;10095;18;10091;17;;;10101;12;10103;24;;;10098.0;0.0
yf_ADM_d14;45100;ASH_COATED_OSMIUM;9904;16;9900;21;;;9910;11;9912;19;;;9907.0;0.0
yf_ADM_d14;45100;INTARIAN_PEPPER_ROOT;10095;26;10093;22;;;10101;5;10104;28;;;10098.0;0.0
yf_ADM_d14;45200;ASH_COATED_OSMIUM;9892;9;9889;22;;;9923;23;9927;20;;;9907.5;0.0
yf_ADM_d14;45200;INTARIAN_PEPPER_ROOT;10094;17;10090;17;;;10102;13;10106;15;;;10098.0;0.0
yf_ADM_d14;45300;ASH_COATED_OSMIUM;9904;18;9902;15;;;9910;18;9912;22;;;9907.0;0.0
yf_ADM_d14;45300;INTARIAN_PEPPER_ROOT;10094;12;10091;17;;;10100;21;10104;29;;;10097.0;0.0
yf_ADM_d14;45400;ASH_COATED_OSMIUM;9904;16;9901;25;;;9910;11;9912;19;;;9907.0;0.0
yf_ADM_d14;45400;INTARIAN_PEPPER_ROOT;10094;17;10092;21;;;10100;16;10103;16;;;10097.0;0.0
yf_ADM_d14;45500;ASH_COATED_OSMIUM;9900;16;9898;11;;;9913;20;9916;19;;;9906.5;0.0
yf_ADM_d14;45500;INTARIAN_PEPPER_ROOT;10089;19;10085;27;;;10103;19;10107;16;;;10096.0;0.0
yf_ADM_d14;45600;ASH_COATED_OSMIUM;9899;17;9897;19;;;9914;12;9918;9;;;9906.5;0.0
yf_ADM_d14;45600;INTARIAN_PEPPER_ROOT;10093;6;10090;17;;;10099;8;10103;19;;;10096.0;0.0
yf_ADM_d14;45700;ASH_COATED_OSMIUM;9904;21;9900;17;;;9910;16;9914;24;;;9907.0;0.0
yf_ADM_d14;45700;INTARIAN_PEPPER_ROOT;10092;13;10088;28;;;10100;12;10103;14;;;10096.0;0.0
yf_ADM_d14;45800;ASH_COATED_OSMIUM;9904;15;9900;24;;;9910;19;9913;26;;;9907.0;0.0
yf_ADM_d14;45800;INTARIAN_PEPPER_ROOT;10092;18;10090;20;;;10098;19;10102;8;;;10095.0;0.0
yf_ADM_d14;45900;ASH_COATED_OSMIUM;9902;17;9900;18;;;9911;16;9914;21;;;9906.5;0.0
yf_ADM_d14;45900;INTARIAN_PEPPER_ROOT;10091;18;10089;29;;;10097;23;10099;14;;;10094.0;0.0
yf_ADM_d14;46000;ASH_COATED_OSMIUM;9901;10;9899;18;;;9913;21;9916;25;;;9907.0;0.0
yf_ADM_d14;46000;INTARIAN_PEPPER_ROOT;10091;17;10087;13;;;10097;20;10100;25;;;10094.0;0.0
yf_ADM_d14;46100;ASH_COATED_OSMIUM;9904;5;9902;14;;;9910;25;9913;20;;;9907.0;0.0
yf_ADM_d14;46100;INTARIAN_PEPPER_ROOT;10091;19;10089;19;;;10097;14;10100;16;;;10094.0;0.0
yf_ADM_d14;46200;ASH_COATED_OSMIUM;9900;7;9896;22;;;9914;7;9917;16;;;9907.0;0.0
yf_ADM_d14;46200;INTARIAN_PEPPER_ROOT;10090;12;10087;14;;;10096;17;10098;30;;;10093.0;0.0
yf_ADM_d14;46300;ASH_COATED_OSMIUM;9904;12;9902;20;;;9910;19;9912;14;;;9907.0;0.0
yf_ADM_d14;46300;INTARIAN_PEPPER_ROOT;10082;15;10080;14;;;10102;5;10105;17;;;10092.0;0.0
yf_ADM_d14;46400;ASH_COATED_OSMIUM;9904;27;9902;31;;;9910;20;9912;13;;;9907.0;0.0
yf_ADM_d14;46400;INTARIAN_PEPPER_ROOT;10089;19;10085;24;;;10095;13;10097;16;;;10092.0;0.0
yf_ADM_d14;46500;ASH_COATED_OSMIUM;9904;14;9900;23;;;9910;19;9912;10;;;9907.0;0.0
yf_ADM_d14;46500;INTARIAN_PEPPER_ROOT;10089;11;10086;13;;;10095;20;10099;16;;;10092.0;0.0
yf_ADM_d14;46600;ASH_COATED_OSMIUM;9898;11;9896;22;;;9916;14;9918;28;;;9907.0;0.0
yf_ADM_d14;46600;INTARIAN_PEPPER_ROOT;10088;5;10086;16;;;10094;15;10096;19;;;10091.0;0.0
yf_ADM_d14;46700;ASH_COATED_OSMIUM;9902;13;9898;17;;;9911;9;9915;18;;;9906.5;0.0
yf_ADM_d14;46700;INTARIAN_PEPPER_ROOT;10087;6;10084;14;;;10093;18;10096;22;;;10090.0;0.0
yf_ADM_d14;46800;ASH_COATED_OSMIUM;9902;14;9898;17;;;9912;8;9914;19;;;9907.0;0.0
yf_ADM_d14;46800;INTARIAN_PEPPER_ROOT;10088;13;10084;18;;;10094;16;10096;21;;;10091.0;0.0
yf_ADM_d14;46900;ASH_COATED_OSMIUM;9903;10;9901;23;;;9909;18;9911;18;;;9906.0;0.0
yf_ADM_d14;46900;INTARIAN_PEPPER_ROOT;10087;13;10083;19;;;10093;14;10096;16;;;10090.0;0.0
yf_ADM_d14;47000;ASH_COATED_OSMIUM;9896;19;9892;9;;;9919;8;9921;16;;;9907.5;0.0
yf_ADM_d14;47000;INTARIAN_PEPPER_ROOT;10087;12;10084;16;;;10093;11;10097;24;;;10090.0;0.0
yf_ADM_d14;47100;ASH_COATED_OSMIUM;9905;23;9902;24;;;9911;6;9913;23;;;9908.0;0.0
yf_ADM_d14;47100;INTARIAN_PEPPER_ROOT;10087;10;10085;11;;;10093;17;10095;23;;;10090.0;0.0
yf_ADM_d14;47200;ASH_COATED_OSMIUM;9904;8;9901;25;;;9910;11;9913;14;;;9907.0;0.0
yf_ADM_d14;47200;INTARIAN_PEPPER_ROOT;10086;17;10082;20;;;10092;17;10096;16;;;10089.0;0.0
yf_ADM_d14;47300;ASH_COATED_OSMIUM;9904;10;9902;17;;;9910;13;9913;22;;;9907.0;0.0
yf_ADM_d14;47300;INTARIAN_PEPPER_ROOT;10082;8;10078;16;;;10094;17;10096;23;;;10088.0;0.0
yf_ADM_d14;47400;ASH_COATED_OSMIUM;9891;18;9888;19;;;9923;14;9927;13;;;9907.0;0.0
yf_ADM_d14;47400;INTARIAN_PEPPER_ROOT;10085;27;10081;27;;;10091;10;10095;23;;;10088.0;0.0
yf_ADM_d14;47500;ASH_COATED_OSMIUM;9904;14;9901;8;;;9910;19;9914;20;;;9907.0;0.0
yf_ADM_d14;47500;INTARIAN_PEPPER_ROOT;10085;12;10081;29;;;10091;20;10094;26;;;10088.0;0.0
yf_ADM_d14;47600;ASH_COATED_OSMIUM;9903;17;9899;15;;;9911;21;9913;18;;;9907.0;0.0
yf_ADM_d14;47600;INTARIAN_PEPPER_ROOT;10083;14;10079;23;;;10091;18;10094;26;;;10087.0;0.0
yf_ADM_d14;47700;ASH_COATED_OSMIUM;9900;14;9896;10;;;9912;10;9914;23;;;9906.0;0.0
yf_ADM_d14;47700;INTARIAN_PEPPER_ROOT;10084;19;10080;28;;;10090;10;10092;27;;;10087.0;0.0
yf_ADM_d14;47800;ASH_COATED_OSMIUM;9904;12;9900;17;;;9910;11;9912;17;;;9907.0;0.0
yf_ADM_d14;47800;INTARIAN_PEPPER_ROOT;10083;15;10080;23;;;10089;15;10093;19;;;10086.0;0.0
yf_ADM_d14;47900;ASH_COATED_OSMIUM;9904;11;9901;13;;;9910;14;9914;12;;;9907.0;0.0
yf_ADM_d14;47900;INTARIAN_PEPPER_ROOT;10083;5;10079;19;;;10089;9;10092;17;;;10086.0;0.0
yf_ADM_d14;48000;ASH_COATED_OSMIUM;9902;16;9899;20;;;9911;8;9915;21;;;9906.5;0.0
yf_ADM_d14;48000;INTARIAN_PEPPER_ROOT;10082;14;10078;19;;;10088;14;10091;15;;;10085.0;0.0
yf_ADM_d14;48100;ASH_COATED_OSMIUM;9904;17;9900;21;;;9910;5;9912;27;;;9907.0;0.0
yf_ADM_d14;48100;INTARIAN_PEPPER_ROOT;10082;8;10078;24;;;10088;7;10090;8;;;10085.0;0.0
yf_ADM_d14;48200;ASH_COATED_OSMIUM;9904;10;9902;26;;;9910;16;9912;18;;;9907.0;0.0
yf_ADM_d14;48200;INTARIAN_PEPPER_ROOT;10080;21;10077;20;;;10088;21;10090;19;;;10084.0;0.0
yf_ADM_d14;48300;ASH_COATED_OSMIUM;9891;7;9887;21;;;9921;10;9923;22;;;9906.0;0.0
yf_ADM_d14;48300;INTARIAN_PEPPER_ROOT;10081;16;10078;8;;;10087;15;10089;21;;;10084.0;0.0
yf_ADM_d14;48400;ASH_COATED_OSMIUM;9904;21;9902;31;;;9910;15;9914;20;;;9907.0;0.0
yf_ADM_d14;48400;INTARIAN_PEPPER_ROOT;10079;12;10076;18;;;10088;11;10090;19;;;10083.5;0.0
yf_ADM_d14;48500;ASH_COATED_OSMIUM;9900;8;9898;14;;;9913;19;9915;17;;;9906.5;0.0
yf_ADM_d14;48500;INTARIAN_PEPPER_ROOT;10074;7;10071;22;;;10092;13;10094;23;;;10083.0;0.0
yf_ADM_d14;48600;ASH_COATED_OSMIUM;9893;25;9890;10;;;9919;23;9923;19;;;9906.0;0.0
yf_ADM_d14;48600;INTARIAN_PEPPER_ROOT;10078;17;10074;8;;;10088;11;10092;25;;;10083.0;0.0
yf_ADM_d14;48700;ASH_COATED_OSMIUM;9903;16;9901;8;;;9909;16;9913;21;;;9906.0;0.0
yf_ADM_d14;48700;INTARIAN_PEPPER_ROOT;10079;17;10075;14;;;10085;9;10087;27;;;10082.0;0.0
yf_ADM_d14;48800;ASH_COATED_OSMIUM;9904;13;9900;23;;;9910;7;9913;17;;;9907.0;0.0
yf_ADM_d14;48800;INTARIAN_PEPPER_ROOT;10077;12;10073;17;;;10085;7;10087;16;;;10081.0;0.0
yf_ADM_d14;48900;ASH_COATED_OSMIUM;9895;15;9893;25;;;9919;12;9921;14;;;9907.0;0.0
yf_ADM_d14;48900;INTARIAN_PEPPER_ROOT;10075;11;10071;13;;;10086;11;10090;15;;;10080.5;0.0
yf_ADM_d14;49000;ASH_COATED_OSMIUM;9902;15;9899;15;;;9911;15;9913;19;;;9906.5;0.0
yf_ADM_d14;49000;INTARIAN_PEPPER_ROOT;10075;16;10072;25;;;10088;26;10092;10;;;10081.5;0.0
yf_ADM_d14;49100;ASH_COATED_OSMIUM;9903;5;9901;22;;;9909;24;9912;13;;;9906.0;0.0
yf_ADM_d14;49100;INTARIAN_PEPPER_ROOT;10073;12;10070;21;;;10087;5;10091;25;;;10080.0;0.0
yf_ADM_d14;49200;ASH_COATED_OSMIUM;9904;9;9902;20;;;9910;17;9914;27;;;9907.0;0.0
yf_ADM_d14;49200;INTARIAN_PEPPER_ROOT;10077;11;10075;18;;;10083;13;10085;22;;;10080.0;0.0
yf_ADM_d14;49300;ASH_COATED_OSMIUM;9900;16;9898;14;;;9914;19;9918;18;;;9907.0;0.0
yf_ADM_d14;49300;INTARIAN_PEPPER_ROOT;10077;11;10075;22;;;10083;20;10086;28;;;10080.0;0.0
yf_ADM_d14;49400;ASH_COATED_OSMIUM;9903;19;9899;17;;;9910;20;9914;16;;;9906.5;0.0
yf_ADM_d14;49400;INTARIAN_PEPPER_ROOT;10076;10;10072;17;;;10082;9;10086;25;;;10079.0;0.0
yf_ADM_d14;49500;ASH_COATED_OSMIUM;9903;6;9899;20;;;9909;13;9913;17;;;9906.0;0.0
yf_ADM_d14;49500;INTARIAN_PEPPER_ROOT;10065;11;10062;12;;;10093;13;10096;25;;;10079.0;0.0
yf_ADM_d14;49600;ASH_COATED_OSMIUM;9903;13;9899;18;;;9909;9;9913;22;;;9906.0;0.0
yf_ADM_d14;49600;INTARIAN_PEPPER_ROOT;10075;15;10073;22;;;10081;18;10084;19;;;10078.0;0.0
yf_ADM_d14;49700;ASH_COATED_OSMIUM;9903;15;9900;18;;;9909;18;9913;18;;;9906.0;0.0
yf_ADM_d14;49700;INTARIAN_PEPPER_ROOT;10075;9;10071;14;;;10081;15;10084;30;;;10078.0;0.0
yf_ADM_d14;49800;ASH_COATED_OSMIUM;9904;6;9902;11;;;9910;6;9914;19;;;9907.0;0.0
yf_ADM_d14;49800;INTARIAN_PEPPER_ROOT;10074;12;10072;21;;;10080;17;10083;15;;;10077.0;0.0
yf_ADM_d14;49900;ASH_COATED_OSMIUM;9903;14;9901;25;;;9909;17;9913;17;;;9906.0;0.0
yf_ADM_d14;49900;INTARIAN_PEPPER_ROOT;10073;13;10071;14;;;10080;17;10083;22;;;10076.5;0.0
yf_ADM_d14;50000;ASH_COATED_OSMIUM;9904;5;9902;19;;;9910;15;9912;16;;;9907.0;0.0
yf_ADM_d14;50000;INTARIAN_PEPPER_ROOT;10073;17;10070;25;;;10079;28;10082;16;;;10076.0;0.0
yf_ADM_d14;50100;ASH_COATED_OSMIUM;9903;17;9899;18;;;9909;11;9913;22;;;9906.0;0.0
yf_ADM_d14;50100;INTARIAN_PEPPER_ROOT;10071;17;10069;21;;;10080;14;10082;18;;;10075.5;0.0
yf_ADM_d14;50200;ASH_COATED_OSMIUM;9898;20;9895;20;;;9913;8;9916;33;;;9905.5;0.0
yf_ADM_d14;50200;INTARIAN_PEPPER_ROOT;10073;14;10070;20;;;10079;16;10082;26;;;10076.0;0.0
yf_ADM_d14;50300;ASH_COATED_OSMIUM;9904;14;9902;15;;;9910;14;9912;17;;;9907.0;0.0
yf_ADM_d14;50300;INTARIAN_PEPPER_ROOT;10070;11;10066;26;;;10080;5;10083;23;;;10075.0;0.0
yf_ADM_d14;50400;ASH_COATED_OSMIUM;9888;14;9885;26;;;9924;10;9928;16;;;9906.0;0.0
yf_ADM_d14;50400;INTARIAN_PEPPER_ROOT;10072;23;10069;18;;;10078;15;10080;11;;;10075.0;0.0
yf_ADM_d14;50500;ASH_COATED_OSMIUM;9903;11;9901;22;;;9911;22;9914;11;;;9907.0;0.0
yf_ADM_d14;50500;INTARIAN_PEPPER_ROOT;10072;19;10069;13;;;10078;22;10082;18;;;10075.0;0.0
yf_ADM_d14;50600;ASH_COATED_OSMIUM;9903;10;9899;14;;;9910;11;9913;14;;;9906.5;0.0
yf_ADM_d14;50600;INTARIAN_PEPPER_ROOT;10069;11;10067;23;;;10078;14;10082;20;;;10073.5;0.0
yf_ADM_d14;50700;ASH_COATED_OSMIUM;9904;16;9900;14;;;9910;19;9912;22;;;9907.0;0.0
yf_ADM_d14;50700;INTARIAN_PEPPER_ROOT;10054;18;10052;22;;;10093;15;10095;13;;;10073.5;0.0
yf_ADM_d14;50800;ASH_COATED_OSMIUM;9898;13;9895;29;;;9915;18;9917;27;;;9906.5;0.0
yf_ADM_d14;50800;INTARIAN_PEPPER_ROOT;10070;5;10067;19;;;10077;16;10079;14;;;10073.5;0.0
yf_ADM_d14;50900;ASH_COATED_OSMIUM;9903;17;9900;28;;;9909;13;9913;23;;;9906.0;0.0
yf_ADM_d14;50900;INTARIAN_PEPPER_ROOT;10064;5;10061;20;;;10082;15;10085;17;;;10073.0;0.0
yf_ADM_d14;51000;ASH_COATED_OSMIUM;9903;16;9899;14;;;9909;7;9913;18;;;9906.0;0.0
yf_ADM_d14;51000;INTARIAN_PEPPER_ROOT;10069;8;10065;13;;;10075;13;10077;17;;;10072.0;0.0
yf_ADM_d14;51100;ASH_COATED_OSMIUM;9903;21;9901;31;;;9909;5;9913;21;;;9906.0;0.0
yf_ADM_d14;51100;INTARIAN_PEPPER_ROOT;10066;9;10063;26;;;10078;7;10080;26;;;10072.0;0.0
yf_ADM_d14;51200;ASH_COATED_OSMIUM;9903;12;9901;14;;;9909;14;9912;19;;;9906.0;0.0
yf_ADM_d14;51200;INTARIAN_PEPPER_ROOT;10067;10;10063;25;;;10076;9;10080;23;;;10071.5;0.0
yf_ADM_d14;51300;ASH_COATED_OSMIUM;9900;10;9897;21;;;9912;10;9916;20;;;9906.0;0.0
yf_ADM_d14;51300;INTARIAN_PEPPER_ROOT;10068;15;10064;17;;;10074;15;10077;17;;;10071.0;0.0
yf_ADM_d14;51400;ASH_COATED_OSMIUM;9904;19;9901;18;;;9910;17;9912;21;;;9907.0;0.0
yf_ADM_d14;51400;INTARIAN_PEPPER_ROOT;10067;18;10064;19;;;10073;14;10075;12;;;10070.0;0.0
yf_ADM_d14;51500;ASH_COATED_OSMIUM;9904;23;9900;17;;;9910;19;9913;25;;;9907.0;0.0
yf_ADM_d14;51500;INTARIAN_PEPPER_ROOT;10067;7;10063;27;;;10073;13;10075;15;;;10070.0;0.0
yf_ADM_d14;51600;ASH_COATED_OSMIUM;9903;13;9899;21;;;9909;15;9912;21;;;9906.0;0.0
yf_ADM_d14;51600;INTARIAN_PEPPER_ROOT;10066;13;10063;18;;;10072;14;10076;15;;;10069.0;0.0
yf_ADM_d14;51700;ASH_COATED_OSMIUM;9903;19;9900;30;;;9909;13;9912;23;;;9906.0;0.0
yf_ADM_d14;51700;INTARIAN_PEPPER_ROOT;10066;19;10064;34;;;10072;15;10075;18;;;10069.0;0.0
yf_ADM_d14;51800;ASH_COATED_OSMIUM;9898;14;9894;25;;;9914;17;9916;15;;;9906.0;0.0
yf_ADM_d14;51800;INTARIAN_PEPPER_ROOT;10062;27;10059;23;;;10074;11;10078;22;;;10068.0;0.0
yf_ADM_d14;51900;ASH_COATED_OSMIUM;9901;12;9899;21;;;9913;18;9915;21;;;9907.0;0.0
yf_ADM_d14;51900;INTARIAN_PEPPER_ROOT;10063;21;10061;27;;;10073;6;10075;13;;;10068.0;0.0
yf_ADM_d14;52000;ASH_COATED_OSMIUM;9902;15;9899;9;;;9912;11;9914;17;;;9907.0;0.0
yf_ADM_d14;52000;INTARIAN_PEPPER_ROOT;10065;14;10063;23;;;10071;11;10075;21;;;10068.0;0.0
yf_ADM_d14;52100;ASH_COATED_OSMIUM;9898;24;9894;19;;;9916;11;9920;18;;;9907.0;0.0
yf_ADM_d14;52100;INTARIAN_PEPPER_ROOT;10064;14;10060;18;;;10070;14;10074;9;;;10067.0;0.0
yf_ADM_d14;52200;ASH_COATED_OSMIUM;9904;12;9901;17;;;9910;18;9914;18;;;9907.0;0.0
yf_ADM_d14;52200;INTARIAN_PEPPER_ROOT;10063;16;10059;19;;;10069;17;10072;28;;;10066.0;0.0
yf_ADM_d14;52300;ASH_COATED_OSMIUM;9903;11;9901;19;;;9911;20;9915;12;;;9907.0;0.0
yf_ADM_d14;52300;INTARIAN_PEPPER_ROOT;10063;9;10059;19;;;10069;6;10072;25;;;10066.0;0.0
yf_ADM_d14;52400;ASH_COATED_OSMIUM;9904;6;9902;22;;;9910;16;9914;18;;;9907.0;0.0
yf_ADM_d14;52400;INTARIAN_PEPPER_ROOT;10062;14;10058;19;;;10069;18;10073;16;;;10065.5;0.0
yf_ADM_d14;52500;ASH_COATED_OSMIUM;9903;17;9901;23;;;9909;14;9913;24;;;9906.0;0.0
yf_ADM_d14;52500;INTARIAN_PEPPER_ROOT;10062;15;10058;19;;;10069;9;10071;24;;;10065.5;0.0
yf_ADM_d14;52600;ASH_COATED_OSMIUM;9904;20;9901;18;;;9910;23;9912;21;;;9907.0;0.0
yf_ADM_d14;52600;INTARIAN_PEPPER_ROOT;10056;17;10053;14;;;10074;8;10078;23;;;10065.0;0.0
yf_ADM_d14;52700;ASH_COATED_OSMIUM;9904;7;9902;23;;;9910;13;9914;22;;;9907.0;0.0
yf_ADM_d14;52700;INTARIAN_PEPPER_ROOT;10061;7;10059;17;;;10067;18;10070;13;;;10064.0;0.0
yf_ADM_d14;52800;ASH_COATED_OSMIUM;9904;6;9901;20;;;9910;22;9914;29;;;9907.0;0.0
yf_ADM_d14;52800;INTARIAN_PEPPER_ROOT;10062;16;10059;30;;;10068;9;10070;19;;;10065.0;0.0
yf_ADM_d14;52900;ASH_COATED_OSMIUM;9899;16;9895;25;;;9914;18;9916;17;;;9906.5;0.0
yf_ADM_d14;52900;INTARIAN_PEPPER_ROOT;10059;23;10055;12;;;10069;17;10073;14;;;10064.0;0.0
yf_ADM_d14;53000;ASH_COATED_OSMIUM;9904;10;9902;17;;;9910;16;9912;13;;;9907.0;0.0
yf_ADM_d14;53000;INTARIAN_PEPPER_ROOT;10060;15;10057;23;;;10066;8;10068;24;;;10063.0;0.0
yf_ADM_d14;53100;ASH_COATED_OSMIUM;9904;12;9900;16;;;9910;18;9914;13;;;9907.0;0.0
yf_ADM_d14;53100;INTARIAN_PEPPER_ROOT;10060;11;10058;16;;;10066;15;10068;26;;;10063.0;0.0
yf_ADM_d14;53200;ASH_COATED_OSMIUM;9905;13;9901;23;;;9911;26;9914;20;;;9908.0;0.0
yf_ADM_d14;53200;INTARIAN_PEPPER_ROOT;10058;20;10056;21;;;10066;11;10068;21;;;10062.0;0.0
yf_ADM_d14;53300;ASH_COATED_OSMIUM;9904;19;9901;17;;;9910;14;9912;17;;;9907.0;0.0
yf_ADM_d14;53300;INTARIAN_PEPPER_ROOT;10059;15;10056;18;;;10065;20;10069;24;;;10062.0;0.0
yf_ADM_d14;53400;ASH_COATED_OSMIUM;9903;11;9900;22;;;9909;9;9913;17;;;9906.0;0.0
yf_ADM_d14;53400;INTARIAN_PEPPER_ROOT;10057;18;10054;16;;;10066;13;10070;18;;;10061.5;0.0
yf_ADM_d14;53500;ASH_COATED_OSMIUM;9886;18;9883;23;;;9928;18;9931;16;;;9907.0;0.0
yf_ADM_d14;53500;INTARIAN_PEPPER_ROOT;10053;5;10050;21;;;10069;15;10071;27;;;10061.0;0.0
yf_ADM_d14;53600;ASH_COATED_OSMIUM;9904;15;9902;23;;;9911;17;9913;14;;;9907.5;0.0
yf_ADM_d14;53600;INTARIAN_PEPPER_ROOT;10058;18;10056;13;;;10064;6;10068;24;;;10061.0;0.0
yf_ADM_d14;53700;ASH_COATED_OSMIUM;9904;20;9902;25;;;9910;11;9913;20;;;9907.0;0.0
yf_ADM_d14;53700;INTARIAN_PEPPER_ROOT;10057;13;10054;25;;;10063;25;10066;26;;;10060.0;0.0
yf_ADM_d14;53800;ASH_COATED_OSMIUM;9904;21;9901;24;;;9910;6;9914;20;;;9907.0;0.0
yf_ADM_d14;53800;INTARIAN_PEPPER_ROOT;10057;12;10053;29;;;10063;8;10065;12;;;10060.0;0.0
yf_ADM_d14;53900;ASH_COATED_OSMIUM;9896;8;9893;14;;;9916;13;9918;22;;;9906.0;0.0
yf_ADM_d14;53900;INTARIAN_PEPPER_ROOT;10057;30;10055;29;;;10063;18;10067;16;;;10060.0;0.0
yf_ADM_d14;54000;ASH_COATED_OSMIUM;9904;16;9901;22;;;9910;15;9914;22;;;9907.0;0.0
yf_ADM_d14;54000;INTARIAN_PEPPER_ROOT;10056;19;10052;10;;;10062;19;10065;16;;;10059.0;0.0
yf_ADM_d14;54100;ASH_COATED_OSMIUM;9898;20;9895;29;;;9915;13;9918;22;;;9906.5;0.0
yf_ADM_d14;54100;INTARIAN_PEPPER_ROOT;10056;17;10052;20;;;10062;8;10066;13;;;10059.0;0.0
yf_ADM_d14;54200;ASH_COATED_OSMIUM;9905;11;9901;14;;;9911;24;9914;16;;;9908.0;0.0
yf_ADM_d14;54200;INTARIAN_PEPPER_ROOT;10051;15;10047;23;;;10065;15;10068;25;;;10058.0;0.0
yf_ADM_d14;54300;ASH_COATED_OSMIUM;9905;10;9903;20;;;9911;18;9914;18;;;9908.0;0.0
yf_ADM_d14;54300;INTARIAN_PEPPER_ROOT;10055;16;10053;28;;;10061;19;10063;13;;;10058.0;0.0
yf_ADM_d14;54400;ASH_COATED_OSMIUM;9901;17;9898;21;;;9913;14;9915;17;;;9907.0;0.0
yf_ADM_d14;54400;INTARIAN_PEPPER_ROOT;10054;12;10052;25;;;10060;19;10062;19;;;10057.0;0.0
yf_ADM_d14;54500;ASH_COATED_OSMIUM;9904;8;9901;33;;;9911;18;9915;15;;;9907.5;0.0
yf_ADM_d14;54500;INTARIAN_PEPPER_ROOT;10049;26;10045;21;;;10064;11;10068;20;;;10056.5;0.0
yf_ADM_d14;54600;ASH_COATED_OSMIUM;9904;13;9901;19;;;9910;16;9912;18;;;9907.0;0.0
yf_ADM_d14;54600;INTARIAN_PEPPER_ROOT;10054;11;10051;25;;;10060;7;10064;18;;;10057.0;0.0
yf_ADM_d14;54700;ASH_COATED_OSMIUM;9905;16;9903;13;;;9911;14;9913;22;;;9908.0;0.0
yf_ADM_d14;54700;INTARIAN_PEPPER_ROOT;10053;9;10050;30;;;10059;14;10062;22;;;10056.0;0.0
yf_ADM_d14;54800;ASH_COATED_OSMIUM;9905;17;9903;22;;;9911;11;9913;25;;;9908.0;0.0
yf_ADM_d14;54800;INTARIAN_PEPPER_ROOT;10053;18;10050;8;;;10059;14;10062;20;;;10056.0;0.0
yf_ADM_d14;54900;ASH_COATED_OSMIUM;9905;18;9902;26;;;9911;16;9913;10;;;9908.0;0.0
yf_ADM_d14;54900;INTARIAN_PEPPER_ROOT;10052;20;10048;18;;;10058;17;10062;28;;;10055.0;0.0
yf_ADM_d14;55000;ASH_COATED_OSMIUM;9905;8;9902;23;;;9911;18;9914;13;;;9908.0;0.0
yf_ADM_d14;55000;INTARIAN_PEPPER_ROOT;10052;18;10050;22;;;10058;7;10062;28;;;10055.0;0.0
yf_ADM_d14;55100;ASH_COATED_OSMIUM;9904;16;9902;16;;;9911;17;9913;18;;;9907.5;0.0
yf_ADM_d14;55100;INTARIAN_PEPPER_ROOT;10052;12;10050;13;;;10058;16;10061;35;;;10055.0;0.0
yf_ADM_d14;55200;ASH_COATED_OSMIUM;9891;13;9889;20;;;9924;24;9927;22;;;9907.5;0.0
yf_ADM_d14;55200;INTARIAN_PEPPER_ROOT;10051;21;10048;24;;;10057;22;10060;22;;;10054.0;0.0
yf_ADM_d14;55300;ASH_COATED_OSMIUM;9903;12;9901;18;;;9911;22;9915;23;;;9907.0;0.0
yf_ADM_d14;55300;INTARIAN_PEPPER_ROOT;10050;14;10047;24;;;10056;14;10058;16;;;10053.0;0.0
yf_ADM_d14;55400;ASH_COATED_OSMIUM;9905;10;9902;21;;;9911;8;9914;17;;;9908.0;0.0
yf_ADM_d14;55400;INTARIAN_PEPPER_ROOT;10051;8;10047;22;;;10057;10;10060;25;;;10054.0;0.0
yf_ADM_d14;55500;ASH_COATED_OSMIUM;9902;8;9898;27;;;9913;10;9917;20;;;9907.5;0.0
yf_ADM_d14;55500;INTARIAN_PEPPER_ROOT;10050;21;10047;23;;;10056;20;10058;18;;;10053.0;0.0
yf_ADM_d14;55600;ASH_COATED_OSMIUM;9905;17;9901;24;;;9911;7;9913;20;;;9908.0;0.0
yf_ADM_d14;55600;INTARIAN_PEPPER_ROOT;10049;18;10047;13;;;10055;18;10057;13;;;10052.0;0.0
yf_ADM_d14;55700;ASH_COATED_OSMIUM;9902;15;9900;23;;;9912;5;9914;16;;;9907.0;0.0
yf_ADM_d14;55700;INTARIAN_PEPPER_ROOT;10049;21;10046;22;;;10055;17;10057;23;;;10052.0;0.0
yf_ADM_d14;55800;ASH_COATED_OSMIUM;9900;16;9896;16;;;9916;20;9918;17;;;9908.0;0.0
yf_ADM_d14;55800;INTARIAN_PEPPER_ROOT;10049;14;10045;11;;;10055;8;10059;26;;;10052.0;0.0
yf_ADM_d14;55900;ASH_COATED_OSMIUM;9905;18;9901;14;;;9911;14;9915;18;;;9908.0;0.0
yf_ADM_d14;55900;INTARIAN_PEPPER_ROOT;10048;9;10045;19;;;10054;15;10057;16;;;10051.0;0.0
yf_ADM_d14;56000;ASH_COATED_OSMIUM;9905;11;9901;19;;;9911;18;9914;15;;;9908.0;0.0
yf_ADM_d14;56000;INTARIAN_PEPPER_ROOT;10047;14;10043;25;;;10053;18;10057;23;;;10050.0;0.0
yf_ADM_d14;56100;ASH_COATED_OSMIUM;9904;13;9900;13;;;9913;25;9917;20;;;9908.5;0.0
yf_ADM_d14;56100;INTARIAN_PEPPER_ROOT;10047;21;10043;22;;;10053;23;10057;31;;;10050.0;0.0
yf_ADM_d14;56200;ASH_COATED_OSMIUM;9904;18;9901;26;;;9911;6;9914;20;;;9907.5;0.0
yf_ADM_d14;56200;INTARIAN_PEPPER_ROOT;10046;18;10043;12;;;10052;11;10054;20;;;10049.0;0.0
yf_ADM_d14;56300;ASH_COATED_OSMIUM;9905;17;9901;10;;;9911;14;9915;27;;;9908.0;0.0
yf_ADM_d14;56300;INTARIAN_PEPPER_ROOT;10038;14;10036;20;;;10061;10;10065;19;;;10049.5;0.0
yf_ADM_d14;56400;ASH_COATED_OSMIUM;9902;14;9898;20;;;9913;12;9915;20;;;9907.5;0.0
yf_ADM_d14;56400;INTARIAN_PEPPER_ROOT;10045;17;10043;24;;;10052;19;10056;8;;;10048.5;0.0
yf_ADM_d14;56500;ASH_COATED_OSMIUM;9899;11;9895;22;;;9916;14;9920;24;;;9907.5;0.0
yf_ADM_d14;56500;INTARIAN_PEPPER_ROOT;10045;19;10043;15;;;10051;16;10054;12;;;10048.0;0.0
yf_ADM_d14;56600;ASH_COATED_OSMIUM;9905;15;9903;18;;;9911;20;9914;30;;;9908.0;0.0
yf_ADM_d14;56600;INTARIAN_PEPPER_ROOT;10041;15;10037;20;;;10054;17;10057;13;;;10047.5;0.0
yf_ADM_d14;56700;ASH_COATED_OSMIUM;9904;22;9900;13;;;9911;14;9914;19;;;9907.5;0.0
yf_ADM_d14;56700;INTARIAN_PEPPER_ROOT;10045;16;10042;18;;;10051;5;10053;16;;;10048.0;0.0
yf_ADM_d14;56800;ASH_COATED_OSMIUM;9898;18;9896;8;;;9918;11;9920;33;;;9908.0;0.0
yf_ADM_d14;56800;INTARIAN_PEPPER_ROOT;10044;5;10042;20;;;10050;22;10054;18;;;10047.0;0.0
yf_ADM_d14;56900;ASH_COATED_OSMIUM;9905;19;9901;18;;;9911;18;9914;24;;;9908.0;0.0
yf_ADM_d14;56900;INTARIAN_PEPPER_ROOT;10043;18;10040;20;;;10049;13;10053;25;;;10046.0;0.0
yf_ADM_d14;57000;ASH_COATED_OSMIUM;9905;10;9903;22;;;9911;14;9914;31;;;9908.0;0.0
yf_ADM_d14;57000;INTARIAN_PEPPER_ROOT;10043;9;10039;23;;;10049;8;10051;17;;;10046.0;0.0
yf_ADM_d14;57100;ASH_COATED_OSMIUM;9892;21;9888;19;;;9924;16;9926;26;;;9908.0;0.0
yf_ADM_d14;57100;INTARIAN_PEPPER_ROOT;10042;11;10039;19;;;10048;8;10051;25;;;10045.0;0.0
yf_ADM_d14;57200;ASH_COATED_OSMIUM;9905;19;9902;16;;;9911;16;9913;17;;;9908.0;0.0
yf_ADM_d14;57200;INTARIAN_PEPPER_ROOT;10042;20;10038;21;;;10048;26;10051;22;;;10045.0;0.0
yf_ADM_d14;57300;ASH_COATED_OSMIUM;9905;13;9902;19;;;9911;13;9915;20;;;9908.0;0.0
yf_ADM_d14;57300;INTARIAN_PEPPER_ROOT;10042;16;10040;14;;;10048;14;10051;13;;;10045.0;0.0
yf_ADM_d14;57400;ASH_COATED_OSMIUM;9906;19;9902;22;;;9912;11;9915;25;;;9909.0;0.0
yf_ADM_d14;57400;INTARIAN_PEPPER_ROOT;10041;5;10039;18;;;10047;20;10049;17;;;10044.0;0.0
yf_ADM_d14;57500;ASH_COATED_OSMIUM;9905;14;9901;16;;;9911;11;9915;21;;;9908.0;0.0
yf_ADM_d14;57500;INTARIAN_PEPPER_ROOT;10035;14;10033;15;;;10052;19;10056;24;;;10043.5;0.0
yf_ADM_d14;57600;ASH_COATED_OSMIUM;9904;16;9901;20;;;9911;15;9915;13;;;9907.5;0.0
yf_ADM_d14;57600;INTARIAN_PEPPER_ROOT;10040;17;10036;23;;;10046;19;10050;25;;;10043.0;0.0
yf_ADM_d14;57700;ASH_COATED_OSMIUM;9901;18;9898;18;;;9915;5;9918;10;;;9908.0;0.0
yf_ADM_d14;57700;INTARIAN_PEPPER_ROOT;10041;19;10037;18;;;10047;5;10049;17;;;10044.0;0.0
yf_ADM_d14;57800;ASH_COATED_OSMIUM;9905;15;9903;22;;;9911;17;9914;22;;;9908.0;0.0
yf_ADM_d14;57800;INTARIAN_PEPPER_ROOT;10040;12;10038;18;;;10046;17;10049;21;;;10043.0;0.0
yf_ADM_d14;57900;ASH_COATED_OSMIUM;9905;14;9903;11;;;9911;10;9915;26;;;9908.0;0.0
yf_ADM_d14;57900;INTARIAN_PEPPER_ROOT;10036;5;10032;26;;;10049;13;10053;21;;;10042.5;0.0
yf_ADM_d14;58000;ASH_COATED_OSMIUM;9905;17;9901;23;;;9911;21;9914;24;;;9908.0;0.0
yf_ADM_d14;58000;INTARIAN_PEPPER_ROOT;10033;8;10030;22;;;10049;16;10052;32;;;10041.0;0.0
yf_ADM_d14;58100;ASH_COATED_OSMIUM;9903;15;9900;22;;;9913;11;9915;23;;;9908.0;0.0
yf_ADM_d14;58100;INTARIAN_PEPPER_ROOT;10038;9;10034;25;;;10044;14;10047;8;;;10041.0;0.0
yf_ADM_d14;58200;ASH_COATED_OSMIUM;9905;17;9903;24;;;9911;5;9915;18;;;9908.0;0.0
yf_ADM_d14;58200;INTARIAN_PEPPER_ROOT;10038;9;10036;26;;;10044;15;10047;20;;;10041.0;0.0
yf_ADM_d14;58300;ASH_COATED_OSMIUM;9903;14;9900;13;;;9912;12;9916;22;;;9907.5;0.0
yf_ADM_d14;58300;INTARIAN_PEPPER_ROOT;10038;11;10036;8;;;10044;17;10047;22;;;10041.0;0.0
