day;timestamp;product;bid_price_1;bid_volume_1;bid_price_2;bid_volume_2;bid_price_3;bid_volume_3;ask_price_1;ask_volume_1;ask_price_2;ask_volume_2;ask_price_3;ask_volume_3;mid_price;profit_and_loss
av_CORN_d5;0;ASH_COATED_OSMIUM;9931;16;9929;16;;;9937;9;9939;22;;;9934.0;0.0
av_CORN_d5;0;INTARIAN_PEPPER_ROOT;10168;19;10165;16;;;10174;16;10177;15;;;10171.0;0.0
av_CORN_d5;100;ASH_COATED_OSMIUM;9928;6;9924;26;;;9939;17;9942;21;;;9933.5;0.0
av_CORN_d5;100;INTARIAN_PEPPER_ROOT;10168;12;10166;15;;;10174;17;10177;19;;;10171.0;0.0
av_CORN_d5;200;ASH_COATED_OSMIUM;9930;14;9928;21;;;9936;26;9938;18;;;9933.0;0.0
av_CORN_d5;200;INTARIAN_PEPPER_ROOT;10168;16;10164;15;;;10174;13;10176;17;;;10171.0;0.0
av_CORN_d5;300;ASH_COATED_OSMIUM;9917;11;9914;17;;;9949;17;9952;21;;;9933.0;0.0
av_CORN_d5;300;INTARIAN_PEPPER_ROOT;10166;11;10164;31;;;10176;23;10180;14;;;10171.0;0.0
av_CORN_d5;400;ASH_COATED_OSMIUM;9931;14;9929;26;;;9937;15;9941;24;;;9934.0;0.0
av_CORN_d5;400;INTARIAN_PEPPER_ROOT;10167;8;10163;12;;;10173;6;10176;17;;;10170.0;0.0
av_CORN_d5;500;ASH_COATED_OSMIUM;9930;13;9926;9;;;9936;14;9939;28;;;9933.0;0.0
av_CORN_d5;500;INTARIAN_PEPPER_ROOT;10168;9;10164;20;;;10174;10;10176;23;;;10171.0;0.0
av_CORN_d5;600;ASH_COATED_OSMIUM;9930;11;9926;20;;;9937;18;9940;17;;;9933.5;0.0
av_CORN_d5;600;INTARIAN_PEPPER_ROOT;10168;14;10164;20;;;10174;8;10178;29;;;10171.0;0.0
av_CORN_d5;700;ASH_COATED_OSMIUM;9927;20;9923;16;;;9940;20;9943;23;;;9933.5;0.0
av_CORN_d5;700;INTARIAN_PEPPER_ROOT;10158;21;10156;14;;;10183;14;10187;22;;;10170.5;0.0
av_CORN_d5;800;ASH_COATED_OSMIUM;9930;20;9927;18;;;9936;6;9940;19;;;9933.0;0.0
av_CORN_d5;800;INTARIAN_PEPPER_ROOT;10168;16;10165;18;;;10174;8;10177;10;;;10171.0;0.0
av_CORN_d5;900;ASH_COATED_OSMIUM;9928;27;9924;24;;;9940;20;9942;21;;;9934.0;0.0
av_CORN_d5;900;INTARIAN_PEPPER_ROOT;10168;19;10166;10;;;10174;17;10177;8;;;10171.0;0.0
av_CORN_d5;1000;ASH_COATED_OSMIUM;9930;15;9928;17;;;9936;17;9938;30;;;9933.0;0.0
av_CORN_d5;1000;INTARIAN_PEPPER_ROOT;10167;30;10163;19;;;10174;13;10178;16;;;10170.5;0.0
av_CORN_d5;1100;ASH_COATED_OSMIUM;9930;20;9927;22;;;9936;14;9938;19;;;9933.0;0.0
av_CORN_d5;1100;INTARIAN_PEPPER_ROOT;10168;12;10166;14;;;10174;14;10176;18;;;10171.0;0.0
av_CORN_d5;1200;ASH_COATED_OSMIUM;9930;26;9927;25;;;9936;19;9939;26;;;9933.0;0.0
av_CORN_d5;1200;INTARIAN_PEPPER_ROOT;10157;10;10153;18;;;10184;18;10187;16;;;10170.5;0.0
av_CORN_d5;1300;ASH_COATED_OSMIUM;9930;16;9927;23;;;9936;19;9939;22;;;9933.0;0.0
av_CORN_d5;1300;INTARIAN_PEPPER_ROOT;10165;12;10161;15;;;10178;15;10181;27;;;10171.5;0.0
av_CORN_d5;1400;ASH_COATED_OSMIUM;9930;8;9927;20;;;9936;12;9939;25;;;9933.0;0.0
av_CORN_d5;1400;INTARIAN_PEPPER_ROOT;10164;14;10160;19;;;10176;21;10179;25;;;10170.0;0.0
av_CORN_d5;1500;ASH_COATED_OSMIUM;9927;12;9924;24;;;9940;8;9944;17;;;9933.5;0.0
av_CORN_d5;1500;INTARIAN_PEPPER_ROOT;10160;14;10156;11;;;10181;20;10183;15;;;10170.5;0.0
av_CORN_d5;1600;ASH_COATED_OSMIUM;9930;8;9926;16;;;9936;16;9939;16;;;9933.0;0.0
av_CORN_d5;1600;INTARIAN_PEPPER_ROOT;10168;11;10166;23;;;10174;11;10176;32;;;10171.0;0.0
av_CORN_d5;1700;ASH_COATED_OSMIUM;9926;20;9923;16;;;9941;22;9943;21;;;9933.5;0.0
av_CORN_d5;1700;INTARIAN_PEPPER_ROOT;10168;14;10166;23;;;10174;7;10176;22;;;10171.0;0.0
av_CORN_d5;1800;ASH_COATED_OSMIUM;9929;10;9925;20;;;9935;26;9937;15;;;9932.0;0.0
av_CORN_d5;1800;INTARIAN_PEPPER_ROOT;10167;15;10164;16;;;10173;12;10175;18;;;10170.0;0.0
av_CORN_d5;1900;ASH_COATED_OSMIUM;9930;19;9928;21;;;9936;14;9940;16;;;9933.0;0.0
av_CORN_d5;1900;INTARIAN_PEPPER_ROOT;10167;24;10164;23;;;10174;18;10176;28;;;10170.5;0.0
av_CORN_d5;2000;ASH_COATED_OSMIUM;9930;20;9927;23;;;9936;19;9938;21;;;9933.0;0.0
av_CORN_d5;2000;INTARIAN_PEPPER_ROOT;10162;13;10159;21;;;10180;13;10182;27;;;10171.0;0.0
av_CORN_d5;2100;ASH_COATED_OSMIUM;9930;11;9927;21;;;9936;17;9940;15;;;9933.0;0.0
av_CORN_d5;2100;INTARIAN_PEPPER_ROOT;10164;15;10161;19;;;10176;16;10179;27;;;10170.0;0.0
av_CORN_d5;2200;ASH_COATED_OSMIUM;9927;23;9923;14;;;9937;21;9940;14;;;9932.0;0.0
av_CORN_d5;2200;INTARIAN_PEPPER_ROOT;10162;11;10160;19;;;10178;11;10180;15;;;10170.0;0.0
av_CORN_d5;2300;ASH_COATED_OSMIUM;9921;18;9918;21;;;9943;17;9945;19;;;9932.0;0.0
av_CORN_d5;2300;INTARIAN_PEPPER_ROOT;10167;11;10164;20;;;10173;16;10175;18;;;10170.0;0.0
av_CORN_d5;2400;ASH_COATED_OSMIUM;9930;17;9927;26;;;9936;15;9938;16;;;9933.0;0.0
av_CORN_d5;2400;INTARIAN_PEPPER_ROOT;10166;21;10162;15;;;10175;16;10178;28;;;10170.5;0.0
av_CORN_d5;2500;ASH_COATED_OSMIUM;9925;13;9921;25;;;9940;12;9942;12;;;9932.5;0.0
av_CORN_d5;2500;INTARIAN_PEPPER_ROOT;10167;16;10163;20;;;10174;18;10178;18;;;10170.5;0.0
av_CORN_d5;2600;ASH_COATED_OSMIUM;9923;13;9920;28;;;9940;18;9943;16;;;9931.5;0.0
av_CORN_d5;2600;INTARIAN_PEPPER_ROOT;10167;13;10164;30;;;10173;10;10175;17;;;10170.0;0.0
av_CORN_d5;2700;ASH_COATED_OSMIUM;9929;21;9927;14;;;9935;14;9938;14;;;9932.0;0.0
av_CORN_d5;2700;INTARIAN_PEPPER_ROOT;10167;28;10165;21;;;10173;22;10175;8;;;10170.0;0.0
av_CORN_d5;2800;ASH_COATED_OSMIUM;9929;17;9925;25;;;9935;13;9938;25;;;9932.0;0.0
av_CORN_d5;2800;INTARIAN_PEPPER_ROOT;10167;22;10165;22;;;10174;15;10177;16;;;10170.5;0.0
av_CORN_d5;2900;ASH_COATED_OSMIUM;9929;12;9926;24;;;9935;16;9937;22;;;9932.0;0.0
av_CORN_d5;2900;INTARIAN_PEPPER_ROOT;10167;14;10163;19;;;10173;19;10177;22;;;10170.0;0.0
av_CORN_d5;3000;ASH_COATED_OSMIUM;9929;17;9925;24;;;9935;14;9939;13;;;9932.0;0.0
av_CORN_d5;3000;INTARIAN_PEPPER_ROOT;10167;17;10165;16;;;10173;13;10176;17;;;10170.0;0.0
av_CORN_d5;3100;ASH_COATED_OSMIUM;9928;19;9924;14;;;9936;8;9940;18;;;9932.0;0.0
av_CORN_d5;3100;INTARIAN_PEPPER_ROOT;10166;11;10164;25;;;10173;15;10175;25;;;10169.5;0.0
av_CORN_d5;3200;ASH_COATED_OSMIUM;9929;21;9926;23;;;9935;18;9937;27;;;9932.0;0.0
av_CORN_d5;3200;INTARIAN_PEPPER_ROOT;10167;15;10164;19;;;10173;19;10176;24;;;10170.0;0.0
av_CORN_d5;3300;ASH_COATED_OSMIUM;9929;20;9925;14;;;9935;13;9938;20;;;9932.0;0.0
av_CORN_d5;3300;INTARIAN_PEPPER_ROOT;10167;13;10163;17;;;10173;18;10175;23;;;10170.0;0.0
av_CORN_d5;3400;ASH_COATED_OSMIUM;9925;16;9923;24;;;9938;7;9941;17;;;9931.5;0.0
av_CORN_d5;3400;INTARIAN_PEPPER_ROOT;10167;16;10164;22;;;10174;12;10177;24;;;10170.5;0.0
av_CORN_d5;3500;ASH_COATED_OSMIUM;9927;16;9924;17;;;9936;14;9940;24;;;9931.5;0.0
av_CORN_d5;3500;INTARIAN_PEPPER_ROOT;10167;12;10164;18;;;10173;15;10176;8;;;10170.0;0.0
av_CORN_d5;3600;ASH_COATED_OSMIUM;9927;23;9925;28;;;9938;7;9942;10;;;9932.5;0.0
av_CORN_d5;3600;INTARIAN_PEPPER_ROOT;10165;10;10163;28;;;10173;10;10176;14;;;10169.0;0.0
av_CORN_d5;3700;ASH_COATED_OSMIUM;9929;16;9926;11;;;9935;12;9938;11;;;9932.0;0.0
av_CORN_d5;3700;INTARIAN_PEPPER_ROOT;10163;11;10160;15;;;10175;24;10177;14;;;10169.0;0.0
av_CORN_d5;3800;ASH_COATED_OSMIUM;9926;24;9923;16;;;9938;18;9941;16;;;9932.0;0.0
av_CORN_d5;3800;INTARIAN_PEPPER_ROOT;10166;25;10162;13;;;10174;10;10177;17;;;10170.0;0.0
av_CORN_d5;3900;ASH_COATED_OSMIUM;9928;22;9925;12;;;9934;12;9937;25;;;9931.0;0.0
av_CORN_d5;3900;INTARIAN_PEPPER_ROOT;10166;13;10163;19;;;10172;13;10174;20;;;10169.0;0.0
av_CORN_d5;4000;ASH_COATED_OSMIUM;9929;7;9926;13;;;9935;10;9939;23;;;9932.0;0.0
av_CORN_d5;4000;INTARIAN_PEPPER_ROOT;10167;16;10165;15;;;10173;9;10175;22;;;10170.0;0.0
av_CORN_d5;4100;ASH_COATED_OSMIUM;9928;22;9924;20;;;9934;28;9936;18;;;9931.0;0.0
av_CORN_d5;4100;INTARIAN_PEPPER_ROOT;10161;13;10158;24;;;10177;13;10179;19;;;10169.0;0.0
av_CORN_d5;4200;ASH_COATED_OSMIUM;9928;10;9926;29;;;9934;11;9936;24;;;9931.0;0.0
av_CORN_d5;4200;INTARIAN_PEPPER_ROOT;10161;16;10159;15;;;10178;6;10181;23;;;10169.5;0.0
av_CORN_d5;4300;ASH_COATED_OSMIUM;9927;13;9923;24;;;9936;12;9940;20;;;9931.5;0.0
av_CORN_d5;4300;INTARIAN_PEPPER_ROOT;10164;9;10160;20;;;10175;11;10178;25;;;10169.5;0.0
av_CORN_d5;4400;ASH_COATED_OSMIUM;9927;15;9923;19;;;9937;12;9941;23;;;9932.0;0.0
av_CORN_d5;4400;INTARIAN_PEPPER_ROOT;10166;13;10164;17;;;10172;24;10176;19;;;10169.0;0.0
av_CORN_d5;4500;ASH_COATED_OSMIUM;9928;17;9924;32;;;9934;19;9936;26;;;9931.0;0.0
av_CORN_d5;4500;INTARIAN_PEPPER_ROOT;10163;14;10159;12;;;10175;19;10177;15;;;10169.0;0.0
av_CORN_d5;4600;ASH_COATED_OSMIUM;9928;14;9926;18;;;9934;12;9937;20;;;9931.0;0.0
av_CORN_d5;4600;INTARIAN_PEPPER_ROOT;10167;12;10165;16;;;10173;6;10176;8;;;10170.0;0.0
av_CORN_d5;4700;ASH_COATED_OSMIUM;9928;17;9924;22;;;9934;18;9937;15;;;9931.0;0.0
av_CORN_d5;4700;INTARIAN_PEPPER_ROOT;10165;16;10163;20;;;10174;18;10178;16;;;10169.5;0.0
av_CORN_d5;4800;ASH_COATED_OSMIUM;9907;15;9903;16;;;9955;20;9958;12;;;9931.0;0.0
av_CORN_d5;4800;INTARIAN_PEPPER_ROOT;10162;14;10160;26;;;10175;14;10178;11;;;10168.5;0.0
av_CORN_d5;4900;ASH_COATED_OSMIUM;9928;10;9926;21;;;9934;9;9937;23;;;9931.0;0.0
av_CORN_d5;4900;INTARIAN_PEPPER_ROOT;10166;17;10163;22;;;10172;5;10175;22;;;10169.0;0.0
av_CORN_d5;5000;ASH_COATED_OSMIUM;9923;21;9920;16;;;9939;13;9941;22;;;9931.0;0.0
av_CORN_d5;5000;INTARIAN_PEPPER_ROOT;10166;24;10164;24;;;10172;18;10174;21;;;10169.0;0.0
av_CORN_d5;5100;ASH_COATED_OSMIUM;9928;21;9925;18;;;9934;20;9936;16;;;9931.0;0.0
av_CORN_d5;5100;INTARIAN_PEPPER_ROOT;10167;14;10164;20;;;10173;16;10176;14;;;10170.0;0.0
av_CORN_d5;5200;ASH_COATED_OSMIUM;9928;17;9925;13;;;9934;7;9938;21;;;9931.0;0.0
av_CORN_d5;5200;INTARIAN_PEPPER_ROOT;10166;13;10164;11;;;10172;11;10175;19;;;10169.0;0.0
av_CORN_d5;5300;ASH_COATED_OSMIUM;9920;17;9917;26;;;9942;15;9946;17;;;9931.0;0.0
av_CORN_d5;5300;INTARIAN_PEPPER_ROOT;10164;15;10160;19;;;10173;13;10177;10;;;10168.5;0.0
av_CORN_d5;5400;ASH_COATED_OSMIUM;9922;9;9919;13;;;9939;18;9942;26;;;9930.5;0.0
av_CORN_d5;5400;INTARIAN_PEPPER_ROOT;10166;7;10163;32;;;10172;14;10174;15;;;10169.0;0.0
av_CORN_d5;5500;ASH_COATED_OSMIUM;9928;23;9926;16;;;9934;12;9936;16;;;9931.0;0.0
av_CORN_d5;5500;INTARIAN_PEPPER_ROOT;10166;14;10162;18;;;10172;14;10176;15;;;10169.0;0.0
av_CORN_d5;5600;ASH_COATED_OSMIUM;9928;13;9926;14;;;9934;24;9937;32;;;9931.0;0.0
av_CORN_d5;5600;INTARIAN_PEPPER_ROOT;10162;9;10158;27;;;10175;14;10179;16;;;10168.5;0.0
av_CORN_d5;5700;ASH_COATED_OSMIUM;9928;5;9925;21;;;9934;15;9936;19;;;9931.0;0.0
av_CORN_d5;5700;INTARIAN_PEPPER_ROOT;10166;17;10162;27;;;10172;7;10175;19;;;10169.0;0.0
av_CORN_d5;5800;ASH_COATED_OSMIUM;9928;19;9926;19;;;9934;13;9937;11;;;9931.0;0.0
av_CORN_d5;5800;INTARIAN_PEPPER_ROOT;10163;18;10159;19;;;10177;13;10181;10;;;10170.0;0.0
av_CORN_d5;5900;ASH_COATED_OSMIUM;9926;22;9922;18;;;9935;13;9937;26;;;9930.5;0.0
av_CORN_d5;5900;INTARIAN_PEPPER_ROOT;10160;9;10158;15;;;10177;11;10179;23;;;10168.5;0.0
av_CORN_d5;6000;ASH_COATED_OSMIUM;9928;19;9924;23;;;9934;11;9936;23;;;9931.0;0.0
av_CORN_d5;6000;INTARIAN_PEPPER_ROOT;10165;14;10163;20;;;10172;12;10174;25;;;10168.5;0.0
av_CORN_d5;6100;ASH_COATED_OSMIUM;9927;5;9923;14;;;9933;9;9937;17;;;9930.0;0.0
av_CORN_d5;6100;INTARIAN_PEPPER_ROOT;10162;7;10159;20;;;10175;16;10177;17;;;10168.5;0.0
av_CORN_d5;6200;ASH_COATED_OSMIUM;9927;16;9925;23;;;9934;8;9937;15;;;9930.5;0.0
av_CORN_d5;6200;INTARIAN_PEPPER_ROOT;10163;18;10160;11;;;10175;17;10177;17;;;10169.0;0.0
av_CORN_d5;6300;ASH_COATED_OSMIUM;9927;9;9924;10;;;9935;18;9938;26;;;9931.0;0.0
av_CORN_d5;6300;INTARIAN_PEPPER_ROOT;10165;21;10162;25;;;10171;18;10175;17;;;10168.0;0.0
av_CORN_d5;6400;ASH_COATED_OSMIUM;9927;15;9923;23;;;9933;19;9937;20;;;9930.0;0.0
av_CORN_d5;6400;INTARIAN_PEPPER_ROOT;10165;14;10161;20;;;10171;16;10174;23;;;10168.0;0.0
av_CORN_d5;6500;ASH_COATED_OSMIUM;9927;10;9925;14;;;9933;14;9935;26;;;9930.0;0.0
av_CORN_d5;6500;INTARIAN_PEPPER_ROOT;10166;24;10162;19;;;10172;9;10176;23;;;10169.0;0.0
av_CORN_d5;6600;ASH_COATED_OSMIUM;9927;15;9923;20;;;9933;13;9936;22;;;9930.0;0.0
av_CORN_d5;6600;INTARIAN_PEPPER_ROOT;10159;7;10156;15;;;10178;17;10182;29;;;10168.5;0.0
av_CORN_d5;6700;ASH_COATED_OSMIUM;9918;17;9915;15;;;9943;15;9946;25;;;9930.5;0.0
av_CORN_d5;6700;INTARIAN_PEPPER_ROOT;10165;15;10161;16;;;10171;21;10175;16;;;10168.0;0.0
av_CORN_d5;6800;ASH_COATED_OSMIUM;9927;6;9924;19;;;9933;16;9937;27;;;9930.0;0.0
av_CORN_d5;6800;INTARIAN_PEPPER_ROOT;10166;17;10164;22;;;10172;13;10176;25;;;10169.0;0.0
av_CORN_d5;6900;ASH_COATED_OSMIUM;9918;24;9916;23;;;9943;14;9947;16;;;9930.5;0.0
av_CORN_d5;6900;INTARIAN_PEPPER_ROOT;10165;6;10163;18;;;10171;6;10173;24;;;10168.0;0.0
av_CORN_d5;7000;ASH_COATED_OSMIUM;9927;9;9924;23;;;9933;16;9935;14;;;9930.0;0.0
av_CORN_d5;7000;INTARIAN_PEPPER_ROOT;10166;14;10164;21;;;10172;8;10174;21;;;10169.0;0.0
av_CORN_d5;7100;ASH_COATED_OSMIUM;9927;13;9925;18;;;9933;16;9937;18;;;9930.0;0.0
av_CORN_d5;7100;INTARIAN_PEPPER_ROOT;10165;15;10161;19;;;10171;19;10175;33;;;10168.0;0.0
av_CORN_d5;7200;ASH_COATED_OSMIUM;9926;13;9923;15;;;9932;5;9936;20;;;9929.0;0.0
av_CORN_d5;7200;INTARIAN_PEPPER_ROOT;10162;5;10158;19;;;10174;15;10177;15;;;10168.0;0.0
av_CORN_d5;7300;ASH_COATED_OSMIUM;9923;5;9921;23;;;9937;10;9941;21;;;9930.0;0.0
av_CORN_d5;7300;INTARIAN_PEPPER_ROOT;10165;13;10163;22;;;10171;22;10174;15;;;10168.0;0.0
av_CORN_d5;7400;ASH_COATED_OSMIUM;9926;15;9923;28;;;9934;23;9937;24;;;9930.0;0.0
av_CORN_d5;7400;INTARIAN_PEPPER_ROOT;10165;5;10163;26;;;10171;19;10175;12;;;10168.0;0.0
av_CORN_d5;7500;ASH_COATED_OSMIUM;9926;18;9922;29;;;9934;17;9937;23;;;9930.0;0.0
av_CORN_d5;7500;INTARIAN_PEPPER_ROOT;10164;14;10162;32;;;10173;24;10175;16;;;10168.5;0.0
av_CORN_d5;7600;ASH_COATED_OSMIUM;9920;14;9918;18;;;9939;19;9942;24;;;9929.5;0.0
av_CORN_d5;7600;INTARIAN_PEPPER_ROOT;10165;11;10161;22;;;10171;11;10175;20;;;10168.0;0.0
av_CORN_d5;7700;ASH_COATED_OSMIUM;9926;20;9924;20;;;9932;15;9934;16;;;9929.0;0.0
av_CORN_d5;7700;INTARIAN_PEPPER_ROOT;10165;13;10161;12;;;10171;11;10175;19;;;10168.0;0.0
av_CORN_d5;7800;ASH_COATED_OSMIUM;9924;16;9922;20;;;9935;7;9938;25;;;9929.5;0.0
av_CORN_d5;7800;INTARIAN_PEPPER_ROOT;10165;11;10162;24;;;10171;17;10175;22;;;10168.0;0.0
av_CORN_d5;7900;ASH_COATED_OSMIUM;9926;13;9924;11;;;9932;14;9936;22;;;9929.0;0.0
av_CORN_d5;7900;INTARIAN_PEPPER_ROOT;10165;12;10162;20;;;10171;15;10174;22;;;10168.0;0.0
av_CORN_d5;8000;ASH_COATED_OSMIUM;9923;5;9919;15;;;9936;8;9939;18;;;9929.5;0.0
av_CORN_d5;8000;INTARIAN_PEPPER_ROOT;10162;15;10160;18;;;10173;16;10176;20;;;10167.5;0.0
av_CORN_d5;8100;ASH_COATED_OSMIUM;9926;23;9923;13;;;9933;14;9935;17;;;9929.5;0.0
av_CORN_d5;8100;INTARIAN_PEPPER_ROOT;10161;19;10159;15;;;10175;14;10178;25;;;10168.0;0.0
av_CORN_d5;8200;ASH_COATED_OSMIUM;9926;16;9923;23;;;9932;14;9935;19;;;9929.0;0.0
av_CORN_d5;8200;INTARIAN_PEPPER_ROOT;10160;15;10158;12;;;10175;20;10177;9;;;10167.5;0.0
av_CORN_d5;8300;ASH_COATED_OSMIUM;9922;22;9918;22;;;9937;15;9941;21;;;9929.5;0.0
av_CORN_d5;8300;INTARIAN_PEPPER_ROOT;10165;6;10162;8;;;10171;18;10173;15;;;10168.0;0.0
av_CORN_d5;8400;ASH_COATED_OSMIUM;9924;15;9920;24;;;9934;16;9936;15;;;9929.0;0.0
av_CORN_d5;8400;INTARIAN_PEPPER_ROOT;10161;13;10158;26;;;10175;18;10177;21;;;10168.0;0.0
av_CORN_d5;8500;ASH_COATED_OSMIUM;9927;12;9923;21;;;9933;22;9937;23;;;9930.0;0.0
av_CORN_d5;8500;INTARIAN_PEPPER_ROOT;10165;11;10163;19;;;10171;16;10173;24;;;10168.0;0.0
av_CORN_d5;8600;ASH_COATED_OSMIUM;9926;13;9924;9;;;9932;16;9934;28;;;9929.0;0.0
av_CORN_d5;8600;INTARIAN_PEPPER_ROOT;10150;18;10147;16;;;10187;9;10191;27;;;10168.5;0.0
av_CORN_d5;8700;ASH_COATED_OSMIUM;9926;21;9924;15;;;9932;12;9934;24;;;9929.0;0.0
av_CORN_d5;8700;INTARIAN_PEPPER_ROOT;10165;21;10161;19;;;10171;20;10175;13;;;10168.0;0.0
av_CORN_d5;8800;ASH_COATED_OSMIUM;9921;15;9919;21;;;9937;19;9940;19;;;9929.0;0.0
av_CORN_d5;8800;INTARIAN_PEPPER_ROOT;10160;9;10158;18;;;10176;15;10178;13;;;10168.0;0.0
av_CORN_d5;8900;ASH_COATED_OSMIUM;9923;8;9921;33;;;9935;16;9937;22;;;9929.0;0.0
av_CORN_d5;8900;INTARIAN_PEPPER_ROOT;10165;17;10161;17;;;10171;21;10173;15;;;10168.0;0.0
av_CORN_d5;9000;ASH_COATED_OSMIUM;9926;6;9923;22;;;9933;14;9936;18;;;9929.5;0.0
av_CORN_d5;9000;INTARIAN_PEPPER_ROOT;10164;15;10161;24;;;10170;12;10173;27;;;10167.0;0.0
av_CORN_d5;9100;ASH_COATED_OSMIUM;9922;14;9918;34;;;9937;20;9940;13;;;9929.5;0.0
av_CORN_d5;9100;INTARIAN_PEPPER_ROOT;10152;9;10149;19;;;10183;20;10185;8;;;10167.5;0.0
av_CORN_d5;9200;ASH_COATED_OSMIUM;9926;8;9924;19;;;9932;20;9935;21;;;9929.0;0.0
av_CORN_d5;9200;INTARIAN_PEPPER_ROOT;10150;7;10148;18;;;10184;10;10188;25;;;10167.0;0.0
av_CORN_d5;9300;ASH_COATED_OSMIUM;9925;5;9923;18;;;9932;19;9934;33;;;9928.5;0.0
av_CORN_d5;9300;INTARIAN_PEPPER_ROOT;10163;18;10159;14;;;10175;20;10177;27;;;10169.0;0.0
av_CORN_d5;9400;ASH_COATED_OSMIUM;9926;22;9923;18;;;9932;14;9935;16;;;9929.0;0.0
av_CORN_d5;9400;INTARIAN_PEPPER_ROOT;10164;20;10161;26;;;10171;17;10175;23;;;10167.5;0.0
av_CORN_d5;9500;ASH_COATED_OSMIUM;9925;5;9923;24;;;9931;17;9935;11;;;9928.0;0.0
av_CORN_d5;9500;INTARIAN_PEPPER_ROOT;10165;11;10163;24;;;10171;9;10174;9;;;10168.0;0.0
av_CORN_d5;9600;ASH_COATED_OSMIUM;9926;27;9922;17;;;9932;25;9934;16;;;9929.0;0.0
av_CORN_d5;9600;INTARIAN_PEPPER_ROOT;10165;10;10162;15;;;10171;17;10173;21;;;10168.0;0.0
av_CORN_d5;9700;ASH_COATED_OSMIUM;9924;15;9920;24;;;9931;13;9935;24;;;9927.5;0.0
av_CORN_d5;9700;INTARIAN_PEPPER_ROOT;10164;21;10160;24;;;10170;18;10173;19;;;10167.0;0.0
av_CORN_d5;9800;ASH_COATED_OSMIUM;9924;18;9922;22;;;9934;17;9936;16;;;9929.0;0.0
av_CORN_d5;9800;INTARIAN_PEPPER_ROOT;10162;13;10159;8;;;10173;15;10175;18;;;10167.5;0.0
av_CORN_d5;9900;ASH_COATED_OSMIUM;9925;7;9922;30;;;9931;15;9934;22;;;9928.0;0.0
av_CORN_d5;9900;INTARIAN_PEPPER_ROOT;10164;15;10160;25;;;10170;10;10174;19;;;10167.0;0.0
av_CORN_d5;10000;ASH_COATED_OSMIUM;9922;10;9919;17;;;9933;12;9937;15;;;9927.5;0.0
av_CORN_d5;10000;INTARIAN_PEPPER_ROOT;10160;19;10157;29;;;10176;15;10180;23;;;10168.0;0.0
av_CORN_d5;10100;ASH_COATED_OSMIUM;9925;21;9923;17;;;9931;10;9933;15;;;9928.0;0.0
av_CORN_d5;10100;INTARIAN_PEPPER_ROOT;10165;15;10163;20;;;10171;22;10175;18;;;10168.0;0.0
av_CORN_d5;10200;ASH_COATED_OSMIUM;9925;9;9921;17;;;9931;5;9933;17;;;9928.0;0.0
av_CORN_d5;10200;INTARIAN_PEPPER_ROOT;10164;24;10160;22;;;10170;17;10173;21;;;10167.0;0.0
av_CORN_d5;10300;ASH_COATED_OSMIUM;9925;21;9921;20;;;9931;17;9935;25;;;9928.0;0.0
av_CORN_d5;10300;INTARIAN_PEPPER_ROOT;10164;12;10162;16;;;10170;15;10173;22;;;10167.0;0.0
av_CORN_d5;10400;ASH_COATED_OSMIUM;9924;22;9921;10;;;9930;22;9932;11;;;9927.0;0.0
av_CORN_d5;10400;INTARIAN_PEPPER_ROOT;10164;16;10160;26;;;10170;8;10173;19;;;10167.0;0.0
av_CORN_d5;10500;ASH_COATED_OSMIUM;9925;15;9923;24;;;9931;12;9934;15;;;9928.0;0.0
av_CORN_d5;10500;INTARIAN_PEPPER_ROOT;10164;13;10162;24;;;10171;11;10173;12;;;10167.5;0.0
av_CORN_d5;10600;ASH_COATED_OSMIUM;9925;9;9922;18;;;9931;6;9935;21;;;9928.0;0.0
av_CORN_d5;10600;INTARIAN_PEPPER_ROOT;10164;14;10161;23;;;10170;5;10172;18;;;10167.0;0.0
av_CORN_d5;10700;ASH_COATED_OSMIUM;9920;12;9917;27;;;9937;13;9940;19;;;9928.5;0.0
av_CORN_d5;10700;INTARIAN_PEPPER_ROOT;10164;20;10161;19;;;10170;12;10172;13;;;10167.0;0.0
av_CORN_d5;10800;ASH_COATED_OSMIUM;9918;24;9916;11;;;9938;28;9940;17;;;9928.0;0.0
av_CORN_d5;10800;INTARIAN_PEPPER_ROOT;10159;24;10156;26;;;10175;20;10179;10;;;10167.0;0.0
av_CORN_d5;10900;ASH_COATED_OSMIUM;9924;9;9922;17;;;9930;12;9933;17;;;9927.0;0.0
av_CORN_d5;10900;INTARIAN_PEPPER_ROOT;10164;19;10160;16;;;10170;13;10173;24;;;10167.0;0.0
av_CORN_d5;11000;ASH_COATED_OSMIUM;9925;23;9922;22;;;9931;8;9933;15;;;9928.0;0.0
av_CORN_d5;11000;INTARIAN_PEPPER_ROOT;10162;14;10159;21;;;10173;17;10177;20;;;10167.5;0.0
av_CORN_d5;11100;ASH_COATED_OSMIUM;9925;13;9921;23;;;9931;8;9934;22;;;9928.0;0.0
av_CORN_d5;11100;INTARIAN_PEPPER_ROOT;10164;19;10162;21;;;10171;13;10173;23;;;10167.5;0.0
av_CORN_d5;11200;ASH_COATED_OSMIUM;9921;22;9918;20;;;9934;13;9938;12;;;9927.5;0.0
av_CORN_d5;11200;INTARIAN_PEPPER_ROOT;10163;18;10161;23;;;10172;10;10176;24;;;10167.5;0.0
av_CORN_d5;11300;ASH_COATED_OSMIUM;9925;12;9921;25;;;9931;15;9935;25;;;9928.0;0.0
av_CORN_d5;11300;INTARIAN_PEPPER_ROOT;10164;9;10161;16;;;10170;14;10173;22;;;10167.0;0.0
av_CORN_d5;11400;ASH_COATED_OSMIUM;9922;21;9920;24;;;9932;14;9934;27;;;9927.0;0.0
av_CORN_d5;11400;INTARIAN_PEPPER_ROOT;10162;11;10158;19;;;10171;9;10174;17;;;10166.5;0.0
av_CORN_d5;11500;ASH_COATED_OSMIUM;9925;25;9923;14;;;9931;18;9933;31;;;9928.0;0.0
av_CORN_d5;11500;INTARIAN_PEPPER_ROOT;10159;16;10157;20;;;10175;13;10179;18;;;10167.0;0.0
av_CORN_d5;11600;ASH_COATED_OSMIUM;9925;17;9923;15;;;9931;18;9934;18;;;9928.0;0.0
av_CORN_d5;11600;INTARIAN_PEPPER_ROOT;10163;10;10160;22;;;10169;9;10173;19;;;10166.0;0.0
av_CORN_d5;11700;ASH_COATED_OSMIUM;9925;17;9923;28;;;9931;11;9934;15;;;9928.0;0.0
av_CORN_d5;11700;INTARIAN_PEPPER_ROOT;10161;21;10158;21;;;10173;12;10176;16;;;10167.0;0.0
av_CORN_d5;11800;ASH_COATED_OSMIUM;9917;5;9913;14;;;9938;21;9941;21;;;9927.5;0.0
av_CORN_d5;11800;INTARIAN_PEPPER_ROOT;10164;10;10161;26;;;10170;19;10173;24;;;10167.0;0.0
av_CORN_d5;11900;ASH_COATED_OSMIUM;9915;17;9913;29;;;9937;16;9941;17;;;9926.0;0.0
av_CORN_d5;11900;INTARIAN_PEPPER_ROOT;10164;18;10161;22;;;10170;16;10174;23;;;10167.0;0.0
av_CORN_d5;12000;ASH_COATED_OSMIUM;9924;13;9922;19;;;9930;5;9934;22;;;9927.0;0.0
av_CORN_d5;12000;INTARIAN_PEPPER_ROOT;10164;11;10160;15;;;10170;14;10173;13;;;10167.0;0.0
av_CORN_d5;12100;ASH_COATED_OSMIUM;9921;13;9917;21;;;9933;13;9935;14;;;9927.0;0.0
av_CORN_d5;12100;INTARIAN_PEPPER_ROOT;10164;8;10161;10;;;10170;14;10174;14;;;10167.0;0.0
av_CORN_d5;12200;ASH_COATED_OSMIUM;9924;16;9921;13;;;9930;15;9934;17;;;9927.0;0.0
av_CORN_d5;12200;INTARIAN_PEPPER_ROOT;10162;14;10159;24;;;10172;9;10174;22;;;10167.0;0.0
av_CORN_d5;12300;ASH_COATED_OSMIUM;9923;16;9920;18;;;9932;12;9935;27;;;9927.5;0.0
av_CORN_d5;12300;INTARIAN_PEPPER_ROOT;10163;5;10160;25;;;10169;11;10173;19;;;10166.0;0.0
av_CORN_d5;12400;ASH_COATED_OSMIUM;9913;11;9911;28;;;9940;16;9943;21;;;9926.5;0.0
av_CORN_d5;12400;INTARIAN_PEPPER_ROOT;10164;23;10161;21;;;10170;8;10174;15;;;10167.0;0.0
av_CORN_d5;12500;ASH_COATED_OSMIUM;9924;7;9920;23;;;9930;21;9932;20;;;9927.0;0.0
av_CORN_d5;12500;INTARIAN_PEPPER_ROOT;10164;22;10160;11;;;10170;11;10174;16;;;10167.0;0.0
av_CORN_d5;12600;ASH_COATED_OSMIUM;9924;14;9920;18;;;9930;16;9934;16;;;9927.0;0.0
av_CORN_d5;12600;INTARIAN_PEPPER_ROOT;10163;14;10160;19;;;10169;13;10172;15;;;10166.0;0.0
av_CORN_d5;12700;ASH_COATED_OSMIUM;9923;19;9921;20;;;9929;16;9931;21;;;9926.0;0.0
av_CORN_d5;12700;INTARIAN_PEPPER_ROOT;10163;6;10160;23;;;10169;18;10173;15;;;10166.0;0.0
av_CORN_d5;12800;ASH_COATED_OSMIUM;9923;13;9921;28;;;9931;17;9935;17;;;9927.0;0.0
av_CORN_d5;12800;INTARIAN_PEPPER_ROOT;10163;8;10160;28;;;10169;9;10172;10;;;10166.0;0.0
av_CORN_d5;12900;ASH_COATED_OSMIUM;9924;7;9920;15;;;9930;20;9932;23;;;9927.0;0.0
av_CORN_d5;12900;INTARIAN_PEPPER_ROOT;10163;12;10161;18;;;10169;14;10173;27;;;10166.0;0.0
av_CORN_d5;13000;ASH_COATED_OSMIUM;9921;23;9917;24;;;9934;5;9936;21;;;9927.5;0.0
av_CORN_d5;13000;INTARIAN_PEPPER_ROOT;10163;14;10159;25;;;10170;13;10172;24;;;10166.5;0.0
av_CORN_d5;13100;ASH_COATED_OSMIUM;9924;14;9920;24;;;9930;19;9933;19;;;9927.0;0.0
av_CORN_d5;13100;INTARIAN_PEPPER_ROOT;10160;14;10156;21;;;10173;15;10177;15;;;10166.5;0.0
av_CORN_d5;13200;ASH_COATED_OSMIUM;9923;23;9921;22;;;9931;19;9934;17;;;9927.0;0.0
av_CORN_d5;13200;INTARIAN_PEPPER_ROOT;10163;15;10160;13;;;10169;19;10171;20;;;10166.0;0.0
av_CORN_d5;13300;ASH_COATED_OSMIUM;9914;11;9910;8;;;9940;18;9943;18;;;9927.0;0.0
av_CORN_d5;13300;INTARIAN_PEPPER_ROOT;10163;11;10161;18;;;10169;12;10173;21;;;10166.0;0.0
av_CORN_d5;13400;ASH_COATED_OSMIUM;9924;17;9922;15;;;9930;14;9933;9;;;9927.0;0.0
av_CORN_d5;13400;INTARIAN_PEPPER_ROOT;10163;11;10161;20;;;10169;22;10171;21;;;10166.0;0.0
av_CORN_d5;13500;ASH_COATED_OSMIUM;9924;30;9920;20;;;9930;16;9933;17;;;9927.0;0.0
av_CORN_d5;13500;INTARIAN_PEPPER_ROOT;10163;5;10161;21;;;10169;18;10173;18;;;10166.0;0.0
av_CORN_d5;13600;ASH_COATED_OSMIUM;9924;9;9921;32;;;9930;15;9934;22;;;9927.0;0.0
av_CORN_d5;13600;INTARIAN_PEPPER_ROOT;10163;9;10159;18;;;10169;5;10173;21;;;10166.0;0.0
av_CORN_d5;13700;ASH_COATED_OSMIUM;9923;11;9921;17;;;9929;9;9932;18;;;9926.0;0.0
av_CORN_d5;13700;INTARIAN_PEPPER_ROOT;10163;13;10161;21;;;10169;12;10171;19;;;10166.0;0.0
av_CORN_d5;13800;ASH_COATED_OSMIUM;9923;24;9920;17;;;9929;20;9932;15;;;9926.0;0.0
av_CORN_d5;13800;INTARIAN_PEPPER_ROOT;10163;10;10160;16;;;10169;5;10171;14;;;10166.0;0.0
av_CORN_d5;13900;ASH_COATED_OSMIUM;9924;8;9922;24;;;9930;15;9933;24;;;9927.0;0.0
av_CORN_d5;13900;INTARIAN_PEPPER_ROOT;10163;11;10159;22;;;10169;17;10172;16;;;10166.0;0.0
av_CORN_d5;14000;ASH_COATED_OSMIUM;9920;18;9916;16;;;9932;11;9936;24;;;9926.0;0.0
av_CORN_d5;14000;INTARIAN_PEPPER_ROOT;10161;17;10157;15;;;10170;14;10174;9;;;10165.5;0.0
av_CORN_d5;14100;ASH_COATED_OSMIUM;9923;11;9921;20;;;9929;14;9932;18;;;9926.0;0.0
av_CORN_d5;14100;INTARIAN_PEPPER_ROOT;10163;5;10159;8;;;10169;13;10173;19;;;10166.0;0.0
av_CORN_d5;14200;ASH_COATED_OSMIUM;9918;24;9915;21;;;9934;16;9938;12;;;9926.0;0.0
av_CORN_d5;14200;INTARIAN_PEPPER_ROOT;10163;21;10161;23;;;10170;19;10174;22;;;10166.5;0.0
av_CORN_d5;14300;ASH_COATED_OSMIUM;9923;20;9920;18;;;9929;10;9931;22;;;9926.0;0.0
av_CORN_d5;14300;INTARIAN_PEPPER_ROOT;10163;25;10159;29;;;10169;24;10172;21;;;10166.0;0.0
av_CORN_d5;14400;ASH_COATED_OSMIUM;9923;6;9920;18;;;9929;16;9932;20;;;9926.0;0.0
av_CORN_d5;14400;INTARIAN_PEPPER_ROOT;10163;10;10160;22;;;10169;12;10171;17;;;10166.0;0.0
av_CORN_d5;14500;ASH_COATED_OSMIUM;9923;7;9919;19;;;9929;15;9932;13;;;9926.0;0.0
av_CORN_d5;14500;INTARIAN_PEPPER_ROOT;10163;6;10160;18;;;10169;10;10172;21;;;10166.0;0.0
av_CORN_d5;14600;ASH_COATED_OSMIUM;9922;11;9919;21;;;9928;10;9930;25;;;9925.0;0.0
av_CORN_d5;14600;INTARIAN_PEPPER_ROOT;10163;11;10161;17;;;10169;14;10173;19;;;10166.0;0.0
av_CORN_d5;14700;ASH_COATED_OSMIUM;9923;17;9921;20;;;9929;12;9933;29;;;9926.0;0.0
av_CORN_d5;14700;INTARIAN_PEPPER_ROOT;10162;15;10158;9;;;10168;13;10170;26;;;10165.0;0.0
av_CORN_d5;14800;ASH_COATED_OSMIUM;9923;15;9919;13;;;9929;16;9933;22;;;9926.0;0.0
av_CORN_d5;14800;INTARIAN_PEPPER_ROOT;10163;12;10159;25;;;10169;20;10172;14;;;10166.0;0.0
av_CORN_d5;14900;ASH_COATED_OSMIUM;9922;20;9920;16;;;9928;13;9931;19;;;9925.0;0.0
av_CORN_d5;14900;INTARIAN_PEPPER_ROOT;10162;15;10159;16;;;10168;7;10171;21;;;10165.0;0.0
av_CORN_d5;15000;ASH_COATED_OSMIUM;9922;13;9919;20;;;9928;19;9931;13;;;9925.0;0.0
av_CORN_d5;15000;INTARIAN_PEPPER_ROOT;10163;13;10161;22;;;10169;19;10173;19;;;10166.0;0.0
av_CORN_d5;15100;ASH_COATED_OSMIUM;9922;13;9918;29;;;9928;18;9931;21;;;9925.0;0.0
av_CORN_d5;15100;INTARIAN_PEPPER_ROOT;10163;16;10161;23;;;10169;19;10173;29;;;10166.0;0.0
av_CORN_d5;15200;ASH_COATED_OSMIUM;9919;22;9916;28;;;9931;17;9933;26;;;9925.0;0.0
av_CORN_d5;15200;INTARIAN_PEPPER_ROOT;10162;6;10158;19;;;10170;12;10174;22;;;10166.0;0.0
av_CORN_d5;15300;ASH_COATED_OSMIUM;9923;12;9921;21;;;9929;21;9933;12;;;9926.0;0.0
av_CORN_d5;15300;INTARIAN_PEPPER_ROOT;10163;17;10159;17;;;10169;26;10173;14;;;10166.0;0.0
av_CORN_d5;15400;ASH_COATED_OSMIUM;9922;5;9919;14;;;9928;7;9930;17;;;9925.0;0.0
av_CORN_d5;15400;INTARIAN_PEPPER_ROOT;10159;19;10156;18;;;10173;14;10177;27;;;10166.0;0.0
av_CORN_d5;15500;ASH_COATED_OSMIUM;9922;11;9919;8;;;9928;24;9931;13;;;9925.0;0.0
av_CORN_d5;15500;INTARIAN_PEPPER_ROOT;10162;8;10160;26;;;10168;15;10172;31;;;10165.0;0.0
av_CORN_d5;15600;ASH_COATED_OSMIUM;9917;22;9913;20;;;9934;12;9936;15;;;9925.5;0.0
av_CORN_d5;15600;INTARIAN_PEPPER_ROOT;10157;13;10153;22;;;10175;14;10179;8;;;10166.0;0.0
av_CORN_d5;15700;ASH_COATED_OSMIUM;9922;7;9918;19;;;9928;12;9932;15;;;9925.0;0.0
av_CORN_d5;15700;INTARIAN_PEPPER_ROOT;10162;13;10159;25;;;10168;11;10171;25;;;10165.0;0.0
av_CORN_d5;15800;ASH_COATED_OSMIUM;9917;12;9914;22;;;9935;15;9939;15;;;9926.0;0.0
av_CORN_d5;15800;INTARIAN_PEPPER_ROOT;10162;23;10159;20;;;10168;20;10172;19;;;10165.0;0.0
av_CORN_d5;15900;ASH_COATED_OSMIUM;9921;19;9919;21;;;9929;12;9931;26;;;9925.0;0.0
av_CORN_d5;15900;INTARIAN_PEPPER_ROOT;10162;13;10160;24;;;10170;11;10173;8;;;10166.0;0.0
av_CORN_d5;16000;ASH_COATED_OSMIUM;9918;9;9916;21;;;9932;14;9935;14;;;9925.0;0.0
av_CORN_d5;16000;INTARIAN_PEPPER_ROOT;10162;20;10159;22;;;10168;13;10170;16;;;10165.0;0.0
av_CORN_d5;16100;ASH_COATED_OSMIUM;9918;16;9914;18;;;9932;21;9935;13;;;9925.0;0.0
av_CORN_d5;16100;INTARIAN_PEPPER_ROOT;10163;10;10160;21;;;10169;12;10172;16;;;10166.0;0.0
av_CORN_d5;16200;ASH_COATED_OSMIUM;9922;10;9919;26;;;9928;22;9930;25;;;9925.0;0.0
av_CORN_d5;16200;INTARIAN_PEPPER_ROOT;10162;11;10159;33;;;10168;13;10172;25;;;10165.0;0.0
av_CORN_d5;16300;ASH_COATED_OSMIUM;9922;21;9918;13;;;9928;8;9932;23;;;9925.0;0.0
av_CORN_d5;16300;INTARIAN_PEPPER_ROOT;10162;19;10158;18;;;10168;11;10171;14;;;10165.0;0.0
av_CORN_d5;16400;ASH_COATED_OSMIUM;9922;22;9918;25;;;9928;13;9932;24;;;9925.0;0.0
av_CORN_d5;16400;INTARIAN_PEPPER_ROOT;10162;17;10158;15;;;10168;14;10170;20;;;10165.0;0.0
av_CORN_d5;16500;ASH_COATED_OSMIUM;9917;6;9915;27;;;9932;11;9936;18;;;9924.5;0.0
av_CORN_d5;16500;INTARIAN_PEPPER_ROOT;10162;7;10158;18;;;10168;22;10170;17;;;10165.0;0.0
av_CORN_d5;16600;ASH_COATED_OSMIUM;9920;13;9917;23;;;9930;11;9934;14;;;9925.0;0.0
av_CORN_d5;16600;INTARIAN_PEPPER_ROOT;10162;15;10160;20;;;10168;10;10172;21;;;10165.0;0.0
av_CORN_d5;16700;ASH_COATED_OSMIUM;9918;22;9916;14;;;9931;18;9933;19;;;9924.5;0.0
av_CORN_d5;16700;INTARIAN_PEPPER_ROOT;10160;14;10156;16;;;10169;18;10173;19;;;10164.5;0.0
av_CORN_d5;16800;ASH_COATED_OSMIUM;9922;21;9919;20;;;9928;18;9931;18;;;9925.0;0.0
av_CORN_d5;16800;INTARIAN_PEPPER_ROOT;10162;18;10158;17;;;10168;18;10170;20;;;10165.0;0.0
av_CORN_d5;16900;ASH_COATED_OSMIUM;9922;11;9920;20;;;9928;5;9932;28;;;9925.0;0.0
av_CORN_d5;16900;INTARIAN_PEPPER_ROOT;10162;19;10159;19;;;10168;10;10171;13;;;10165.0;0.0
av_CORN_d5;17000;ASH_COATED_OSMIUM;9919;10;9917;15;;;9931;11;9933;14;;;9925.0;0.0
av_CORN_d5;17000;INTARIAN_PEPPER_ROOT;10162;20;10158;23;;;10168;10;10171;19;;;10165.0;0.0
av_CORN_d5;17100;ASH_COATED_OSMIUM;9922;18;9919;16;;;9928;13;9930;13;;;9925.0;0.0
av_CORN_d5;17100;INTARIAN_PEPPER_ROOT;10161;23;10157;9;;;10167;14;10171;21;;;10164.0;0.0
av_CORN_d5;17200;ASH_COATED_OSMIUM;9921;8;9918;15;;;9927;22;9929;32;;;9924.0;0.0
av_CORN_d5;17200;INTARIAN_PEPPER_ROOT;10159;12;10156;20;;;10168;11;10171;21;;;10163.5;0.0
av_CORN_d5;17300;ASH_COATED_OSMIUM;9921;14;9918;24;;;9927;28;9930;14;;;9924.0;0.0
av_CORN_d5;17300;INTARIAN_PEPPER_ROOT;10158;20;10156;18;;;10169;14;10171;22;;;10163.5;0.0
av_CORN_d5;17400;ASH_COATED_OSMIUM;9922;17;9920;16;;;9928;12;9930;18;;;9925.0;0.0
av_CORN_d5;17400;INTARIAN_PEPPER_ROOT;10159;20;10155;15;;;10165;15;10167;15;;;10162.0;0.0
av_CORN_d5;17500;ASH_COATED_OSMIUM;9922;19;9919;20;;;9928;5;9931;15;;;9925.0;0.0
av_CORN_d5;17500;INTARIAN_PEPPER_ROOT;10159;17;10155;16;;;10165;15;10168;21;;;10162.0;0.0
av_CORN_d5;17600;ASH_COATED_OSMIUM;9918;12;9914;13;;;9931;20;9933;21;;;9924.5;0.0
av_CORN_d5;17600;INTARIAN_PEPPER_ROOT;10159;14;10155;18;;;10165;21;10168;26;;;10162.0;0.0
av_CORN_d5;17700;ASH_COATED_OSMIUM;9921;17;9919;20;;;9927;20;9930;19;;;9924.0;0.0
av_CORN_d5;17700;INTARIAN_PEPPER_ROOT;10157;18;10154;23;;;10164;13;10168;12;;;10160.5;0.0
av_CORN_d5;17800;ASH_COATED_OSMIUM;9920;18;9916;14;;;9930;18;9933;30;;;9925.0;0.0
av_CORN_d5;17800;INTARIAN_PEPPER_ROOT;10157;15;10153;19;;;10163;14;10165;30;;;10160.0;0.0
av_CORN_d5;17900;ASH_COATED_OSMIUM;9919;11;9916;21;;;9931;17;9934;15;;;9925.0;0.0
av_CORN_d5;17900;INTARIAN_PEPPER_ROOT;10156;12;10152;24;;;10162;8;10166;25;;;10159.0;0.0
av_CORN_d5;18000;ASH_COATED_OSMIUM;9920;16;9916;8;;;9928;6;9930;8;;;9924.0;0.0
av_CORN_d5;18000;INTARIAN_PEPPER_ROOT;10154;9;10152;19;;;10162;12;10166;19;;;10158.0;0.0
av_CORN_d5;18100;ASH_COATED_OSMIUM;9922;18;9918;19;;;9928;13;9930;19;;;9925.0;0.0
av_CORN_d5;18100;INTARIAN_PEPPER_ROOT;10155;15;10151;21;;;10161;20;10165;13;;;10158.0;0.0
av_CORN_d5;18200;ASH_COATED_OSMIUM;9916;16;9913;21;;;9934;22;9938;15;;;9925.0;0.0
av_CORN_d5;18200;INTARIAN_PEPPER_ROOT;10149;18;10147;11;;;10165;18;10168;18;;;10157.0;0.0
av_CORN_d5;18300;ASH_COATED_OSMIUM;9922;20;9920;15;;;9928;9;9930;20;;;9925.0;0.0
av_CORN_d5;18300;INTARIAN_PEPPER_ROOT;10153;11;10150;24;;;10159;11;10163;17;;;10156.0;0.0
av_CORN_d5;18400;ASH_COATED_OSMIUM;9922;23;9920;19;;;9928;16;9930;23;;;9925.0;0.0
av_CORN_d5;18400;INTARIAN_PEPPER_ROOT;10151;18;10148;25;;;10161;14;10163;17;;;10156.0;0.0
av_CORN_d5;18500;ASH_COATED_OSMIUM;9922;17;9918;20;;;9928;25;9932;18;;;9925.0;0.0
av_CORN_d5;18500;INTARIAN_PEPPER_ROOT;10147;15;10144;20;;;10165;18;10167;11;;;10156.0;0.0
av_CORN_d5;18600;ASH_COATED_OSMIUM;9923;12;9919;20;;;9929;19;9933;9;;;9926.0;0.0
av_CORN_d5;18600;INTARIAN_PEPPER_ROOT;10152;12;10150;21;;;10158;19;10160;16;;;10155.0;0.0
av_CORN_d5;18700;ASH_COATED_OSMIUM;9917;10;9914;22;;;9931;17;9933;27;;;9924.0;0.0
av_CORN_d5;18700;INTARIAN_PEPPER_ROOT;10152;27;10148;26;;;10158;21;10162;15;;;10155.0;0.0
av_CORN_d5;18800;ASH_COATED_OSMIUM;9915;19;9912;24;;;9935;17;9939;22;;;9925.0;0.0
av_CORN_d5;18800;INTARIAN_PEPPER_ROOT;10150;13;10147;11;;;10156;18;10160;15;;;10153.0;0.0
av_CORN_d5;18900;ASH_COATED_OSMIUM;9922;12;9920;14;;;9928;20;9930;20;;;9925.0;0.0
av_CORN_d5;18900;INTARIAN_PEPPER_ROOT;10151;12;10149;18;;;10157;6;10161;17;;;10154.0;0.0
av_CORN_d5;19000;ASH_COATED_OSMIUM;9916;18;9912;16;;;9934;23;9936;18;;;9925.0;0.0
av_CORN_d5;19000;INTARIAN_PEPPER_ROOT;10150;10;10147;17;;;10156;14;10159;21;;;10153.0;0.0
av_CORN_d5;19100;ASH_COATED_OSMIUM;9916;7;9914;20;;;9933;11;9935;27;;;9924.5;0.0
av_CORN_d5;19100;INTARIAN_PEPPER_ROOT;10147;12;10145;19;;;10158;15;10162;21;;;10152.5;0.0
av_CORN_d5;19200;ASH_COATED_OSMIUM;9922;18;9920;21;;;9929;16;9933;25;;;9925.5;0.0
av_CORN_d5;19200;INTARIAN_PEPPER_ROOT;10147;15;10144;26;;;10157;11;10159;19;;;10152.0;0.0
av_CORN_d5;19300;ASH_COATED_OSMIUM;9922;10;9919;8;;;9928;11;9931;25;;;9925.0;0.0
av_CORN_d5;19300;INTARIAN_PEPPER_ROOT;10147;16;10143;23;;;10156;10;10159;16;;;10151.5;0.0
av_CORN_d5;19400;ASH_COATED_OSMIUM;9922;5;9920;20;;;9928;13;9932;27;;;9925.0;0.0
av_CORN_d5;19400;INTARIAN_PEPPER_ROOT;10144;9;10142;23;;;10157;8;10161;20;;;10150.5;0.0
av_CORN_d5;19500;ASH_COATED_OSMIUM;9920;20;9916;8;;;9928;15;9931;23;;;9924.0;0.0
av_CORN_d5;19500;INTARIAN_PEPPER_ROOT;10141;22;10137;14;;;10159;22;10161;22;;;10150.0;0.0
av_CORN_d5;19600;ASH_COATED_OSMIUM;9922;9;9919;10;;;9928;17;9932;18;;;9925.0;0.0
av_CORN_d5;19600;INTARIAN_PEPPER_ROOT;10147;12;10144;17;;;10153;13;10157;18;;;10150.0;0.0
av_CORN_d5;19700;ASH_COATED_OSMIUM;9922;8;9919;32;;;9928;16;9931;29;;;9925.0;0.0
av_CORN_d5;19700;INTARIAN_PEPPER_ROOT;10146;17;10144;22;;;10152;12;10156;17;;;10149.0;0.0
av_CORN_d5;19800;ASH_COATED_OSMIUM;9922;8;9919;19;;;9929;13;9932;20;;;9925.5;0.0
av_CORN_d5;19800;INTARIAN_PEPPER_ROOT;10145;30;10142;19;;;10153;10;10157;12;;;10149.0;0.0
av_CORN_d5;19900;ASH_COATED_OSMIUM;9923;8;9919;19;;;9929;14;9931;16;;;9926.0;0.0
av_CORN_d5;19900;INTARIAN_PEPPER_ROOT;10141;21;10139;13;;;10153;9;10155;13;;;10147.0;0.0
av_CORN_d5;20000;ASH_COATED_OSMIUM;9920;9;9917;20;;;9930;12;9932;18;;;9925.0;0.0
av_CORN_d5;20000;INTARIAN_PEPPER_ROOT;10138;17;10136;26;;;10157;5;10159;8;;;10147.5;0.0
av_CORN_d5;20100;ASH_COATED_OSMIUM;9917;17;9915;21;;;9934;10;9937;26;;;9925.5;0.0
av_CORN_d5;20100;INTARIAN_PEPPER_ROOT;10143;16;10140;20;;;10150;17;10154;18;;;10146.5;0.0
av_CORN_d5;20200;ASH_COATED_OSMIUM;9922;8;9919;21;;;9928;16;9931;18;;;9925.0;0.0
av_CORN_d5;20200;INTARIAN_PEPPER_ROOT;10142;18;10139;26;;;10151;10;10153;20;;;10146.5;0.0
av_CORN_d5;20300;ASH_COATED_OSMIUM;9918;13;9914;26;;;9933;13;9935;16;;;9925.5;0.0
av_CORN_d5;20300;INTARIAN_PEPPER_ROOT;10139;25;10136;27;;;10151;10;10154;24;;;10145.0;0.0
av_CORN_d5;20400;ASH_COATED_OSMIUM;9922;14;9920;22;;;9928;13;9931;21;;;9925.0;0.0
av_CORN_d5;20400;INTARIAN_PEPPER_ROOT;10141;19;10137;22;;;10148;15;10150;21;;;10144.5;0.0
av_CORN_d5;20500;ASH_COATED_OSMIUM;9922;20;9920;21;;;9928;21;9930;18;;;9925.0;0.0
av_CORN_d5;20500;INTARIAN_PEPPER_ROOT;10138;19;10135;17;;;10149;17;10151;21;;;10143.5;0.0
av_CORN_d5;20600;ASH_COATED_OSMIUM;9923;19;9919;25;;;9929;12;9933;19;;;9926.0;0.0
av_CORN_d5;20600;INTARIAN_PEPPER_ROOT;10141;15;10137;28;;;10147;21;10150;21;;;10144.0;0.0
av_CORN_d5;20700;ASH_COATED_OSMIUM;9922;9;9920;16;;;9928;21;9931;22;;;9925.0;0.0
av_CORN_d5;20700;INTARIAN_PEPPER_ROOT;10141;19;10137;20;;;10147;14;10149;21;;;10144.0;0.0
av_CORN_d5;20800;ASH_COATED_OSMIUM;9923;9;9921;17;;;9930;24;9932;16;;;9926.5;0.0
av_CORN_d5;20800;INTARIAN_PEPPER_ROOT;10139;20;10135;21;;;10147;11;10150;11;;;10143.0;0.0
av_CORN_d5;20900;ASH_COATED_OSMIUM;9922;20;9919;22;;;9928;15;9930;15;;;9925.0;0.0
av_CORN_d5;20900;INTARIAN_PEPPER_ROOT;10139;15;10136;25;;;10145;11;10148;20;;;10142.0;0.0
av_CORN_d5;21000;ASH_COATED_OSMIUM;9922;17;9920;15;;;9928;14;9930;17;;;9925.0;0.0
av_CORN_d5;21000;INTARIAN_PEPPER_ROOT;10139;13;10136;16;;;10145;20;10149;12;;;10142.0;0.0
av_CORN_d5;21100;ASH_COATED_OSMIUM;9918;11;9916;18;;;9931;15;9934;20;;;9924.5;0.0
av_CORN_d5;21100;INTARIAN_PEPPER_ROOT;10138;16;10134;25;;;10144;15;10147;23;;;10141.0;0.0
av_CORN_d5;21200;ASH_COATED_OSMIUM;9922;18;9918;28;;;9928;11;9932;26;;;9925.0;0.0
av_CORN_d5;21200;INTARIAN_PEPPER_ROOT;10134;18;10132;17;;;10144;23;10147;16;;;10139.0;0.0
av_CORN_d5;21300;ASH_COATED_OSMIUM;9923;11;9921;29;;;9929;16;9933;18;;;9926.0;0.0
av_CORN_d5;21300;INTARIAN_PEPPER_ROOT;10136;14;10133;17;;;10144;17;10146;21;;;10140.0;0.0
av_CORN_d5;21400;ASH_COATED_OSMIUM;9922;20;9918;17;;;9928;12;9930;24;;;9925.0;0.0
av_CORN_d5;21400;INTARIAN_PEPPER_ROOT;10136;13;10132;14;;;10142;11;10146;23;;;10139.0;0.0
av_CORN_d5;21500;ASH_COATED_OSMIUM;9922;17;9920;24;;;9928;18;9931;28;;;9925.0;0.0
av_CORN_d5;21500;INTARIAN_PEPPER_ROOT;10129;5;10127;28;;;10148;6;10150;19;;;10138.5;0.0
av_CORN_d5;21600;ASH_COATED_OSMIUM;9923;13;9919;18;;;9929;21;9932;19;;;9926.0;0.0
av_CORN_d5;21600;INTARIAN_PEPPER_ROOT;10135;5;10132;14;;;10141;11;10144;16;;;10138.0;0.0
av_CORN_d5;21700;ASH_COATED_OSMIUM;9922;17;9919;15;;;9928;20;9931;23;;;9925.0;0.0
av_CORN_d5;21700;INTARIAN_PEPPER_ROOT;10117;17;10115;16;;;10157;11;10161;31;;;10137.0;0.0
av_CORN_d5;21800;ASH_COATED_OSMIUM;9921;21;9919;13;;;9929;15;9931;18;;;9925.0;0.0
av_CORN_d5;21800;INTARIAN_PEPPER_ROOT;10124;9;10121;35;;;10150;18;10154;25;;;10137.0;0.0
av_CORN_d5;21900;ASH_COATED_OSMIUM;9922;16;9918;23;;;9928;19;9931;17;;;9925.0;0.0
av_CORN_d5;21900;INTARIAN_PEPPER_ROOT;10134;5;10130;25;;;10140;16;10144;14;;;10137.0;0.0
av_CORN_d5;22000;ASH_COATED_OSMIUM;9920;8;9918;31;;;9930;19;9934;20;;;9925.0;0.0
av_CORN_d5;22000;INTARIAN_PEPPER_ROOT;10130;18;10127;17;;;10141;17;10144;19;;;10135.5;0.0
av_CORN_d5;22100;ASH_COATED_OSMIUM;9922;11;9920;15;;;9928;19;9931;17;;;9925.0;0.0
av_CORN_d5;22100;INTARIAN_PEPPER_ROOT;10132;16;10128;14;;;10138;21;10141;19;;;10135.0;0.0
av_CORN_d5;22200;ASH_COATED_OSMIUM;9909;26;9907;18;;;9941;8;9943;22;;;9925.0;0.0
av_CORN_d5;22200;INTARIAN_PEPPER_ROOT;10131;19;10128;20;;;10137;22;10141;19;;;10134.0;0.0
av_CORN_d5;22300;ASH_COATED_OSMIUM;9917;7;9913;18;;;9932;20;9935;17;;;9924.5;0.0
av_CORN_d5;22300;INTARIAN_PEPPER_ROOT;10130;13;10128;24;;;10137;10;10141;15;;;10133.5;0.0
av_CORN_d5;22400;ASH_COATED_OSMIUM;9910;15;9907;20;;;9942;14;9944;16;;;9926.0;0.0
av_CORN_d5;22400;INTARIAN_PEPPER_ROOT;10130;15;10128;25;;;10136;21;10140;27;;;10133.0;0.0
av_CORN_d5;22500;ASH_COATED_OSMIUM;9923;19;9920;13;;;9929;8;9931;22;;;9926.0;0.0
av_CORN_d5;22500;INTARIAN_PEPPER_ROOT;10121;14;10117;12;;;10144;16;10146;21;;;10132.5;0.0
av_CORN_d5;22600;ASH_COATED_OSMIUM;9923;9;9921;21;;;9929;13;9931;17;;;9926.0;0.0
av_CORN_d5;22600;INTARIAN_PEPPER_ROOT;10129;5;10125;26;;;10135;6;10137;15;;;10132.0;0.0
av_CORN_d5;22700;ASH_COATED_OSMIUM;9923;22;9921;25;;;9929;19;9933;20;;;9926.0;0.0
av_CORN_d5;22700;INTARIAN_PEPPER_ROOT;10127;10;10125;28;;;10135;17;10139;14;;;10131.0;0.0
av_CORN_d5;22800;ASH_COATED_OSMIUM;9922;18;9920;17;;;9928;19;9930;17;;;9925.0;0.0
av_CORN_d5;22800;INTARIAN_PEPPER_ROOT;10127;15;10124;14;;;10133;18;10135;24;;;10130.0;0.0
av_CORN_d5;22900;ASH_COATED_OSMIUM;9922;17;9919;20;;;9928;11;9932;14;;;9925.0;0.0
av_CORN_d5;22900;INTARIAN_PEPPER_ROOT;10121;10;10117;23;;;10139;20;10143;13;;;10130.0;0.0
av_CORN_d5;23000;ASH_COATED_OSMIUM;9922;16;9918;9;;;9928;23;9931;23;;;9925.0;0.0
av_CORN_d5;23000;INTARIAN_PEPPER_ROOT;10123;9;10121;14;;;10138;12;10140;22;;;10130.5;0.0
av_CORN_d5;23100;ASH_COATED_OSMIUM;9918;13;9915;26;;;9933;19;9935;30;;;9925.5;0.0
av_CORN_d5;23100;INTARIAN_PEPPER_ROOT;10121;17;10119;15;;;10136;13;10140;22;;;10128.5;0.0
av_CORN_d5;23200;ASH_COATED_OSMIUM;9904;9;9901;24;;;9947;9;9949;12;;;9925.5;0.0
av_CORN_d5;23200;INTARIAN_PEPPER_ROOT;10125;13;10122;11;;;10131;15;10134;24;;;10128.0;0.0
av_CORN_d5;23300;ASH_COATED_OSMIUM;9922;22;9918;22;;;9928;17;9931;14;;;9925.0;0.0
av_CORN_d5;23300;INTARIAN_PEPPER_ROOT;10125;10;10123;24;;;10131;5;10135;18;;;10128.0;0.0
av_CORN_d5;23400;ASH_COATED_OSMIUM;9922;22;9920;19;;;9928;12;9930;16;;;9925.0;0.0
av_CORN_d5;23400;INTARIAN_PEPPER_ROOT;10125;12;10122;18;;;10131;13;10134;22;;;10128.0;0.0
av_CORN_d5;23500;ASH_COATED_OSMIUM;9922;13;9920;19;;;9928;10;9931;25;;;9925.0;0.0
av_CORN_d5;23500;INTARIAN_PEPPER_ROOT;10124;8;10120;21;;;10130;17;10133;16;;;10127.0;0.0
av_CORN_d5;23600;ASH_COATED_OSMIUM;9922;15;9919;14;;;9930;15;9932;13;;;9926.0;0.0
av_CORN_d5;23600;INTARIAN_PEPPER_ROOT;10123;15;10121;13;;;10129;5;10133;21;;;10126.0;0.0
av_CORN_d5;23700;ASH_COATED_OSMIUM;9922;12;9918;23;;;9928;7;9931;25;;;9925.0;0.0
av_CORN_d5;23700;INTARIAN_PEPPER_ROOT;10123;15;10120;16;;;10129;16;10133;22;;;10126.0;0.0
av_CORN_d5;23800;ASH_COATED_OSMIUM;9923;11;9920;18;;;9929;15;9932;16;;;9926.0;0.0
av_CORN_d5;23800;INTARIAN_PEPPER_ROOT;10109;12;10107;26;;;10142;10;10146;28;;;10125.5;0.0
av_CORN_d5;23900;ASH_COATED_OSMIUM;9919;15;9916;21;;;9930;21;9934;33;;;9924.5;0.0
av_CORN_d5;23900;INTARIAN_PEPPER_ROOT;10120;15;10118;26;;;10129;12;10132;12;;;10124.5;0.0
av_CORN_d5;24000;ASH_COATED_OSMIUM;9921;11;9918;11;;;9931;20;9933;23;;;9926.0;0.0
av_CORN_d5;24000;INTARIAN_PEPPER_ROOT;10121;19;10119;24;;;10127;17;10129;27;;;10124.0;0.0
av_CORN_d5;24100;ASH_COATED_OSMIUM;9922;20;9919;25;;;9929;19;9932;25;;;9925.5;0.0
av_CORN_d5;24100;INTARIAN_PEPPER_ROOT;10115;19;10111;16;;;10131;19;10135;20;;;10123.0;0.0
av_CORN_d5;24200;ASH_COATED_OSMIUM;9919;8;9916;18;;;9932;20;9934;15;;;9925.5;0.0
av_CORN_d5;24200;INTARIAN_PEPPER_ROOT;10120;16;10118;16;;;10126;24;10128;9;;;10123.0;0.0
av_CORN_d5;24300;ASH_COATED_OSMIUM;9918;15;9915;23;;;9933;9;9936;23;;;9925.5;0.0
av_CORN_d5;24300;INTARIAN_PEPPER_ROOT;10119;14;10115;20;;;10125;11;10129;28;;;10122.0;0.0
av_CORN_d5;24400;ASH_COATED_OSMIUM;9920;20;9916;25;;;9931;7;9933;27;;;9925.5;0.0
av_CORN_d5;24400;INTARIAN_PEPPER_ROOT;10118;19;10114;27;;;10124;18;10128;25;;;10121.0;0.0
av_CORN_d5;24500;ASH_COATED_OSMIUM;9921;12;9919;27;;;9931;22;9935;17;;;9926.0;0.0
av_CORN_d5;24500;INTARIAN_PEPPER_ROOT;10118;14;10116;18;;;10124;20;10126;18;;;10121.0;0.0
av_CORN_d5;24600;ASH_COATED_OSMIUM;9923;14;9919;22;;;9929;11;9931;24;;;9926.0;0.0
av_CORN_d5;24600;INTARIAN_PEPPER_ROOT;10115;12;10112;19;;;10125;17;10127;20;;;10120.0;0.0
av_CORN_d5;24700;ASH_COATED_OSMIUM;9923;19;9920;24;;;9929;15;9932;23;;;9926.0;0.0
av_CORN_d5;24700;INTARIAN_PEPPER_ROOT;10117;8;10114;14;;;10123;9;10127;22;;;10120.0;0.0
av_CORN_d5;24800;ASH_COATED_OSMIUM;9922;15;9918;11;;;9928;16;9931;12;;;9925.0;0.0
av_CORN_d5;24800;INTARIAN_PEPPER_ROOT;10111;10;10108;17;;;10128;9;10132;18;;;10119.5;0.0
av_CORN_d5;24900;ASH_COATED_OSMIUM;9913;20;9909;17;;;9937;10;9940;13;;;9925.0;0.0
av_CORN_d5;24900;INTARIAN_PEPPER_ROOT;10111;23;10109;19;;;10125;13;10129;20;;;10118.0;0.0
av_CORN_d5;25000;ASH_COATED_OSMIUM;9923;12;9919;20;;;9929;17;9932;15;;;9926.0;0.0
av_CORN_d5;25000;INTARIAN_PEPPER_ROOT;10111;5;10108;14;;;10124;14;10126;17;;;10117.5;0.0
av_CORN_d5;25100;ASH_COATED_OSMIUM;9922;9;9919;13;;;9928;13;9931;19;;;9925.0;0.0
av_CORN_d5;25100;INTARIAN_PEPPER_ROOT;10115;18;10111;17;;;10121;16;10124;17;;;10118.0;0.0
av_CORN_d5;25200;ASH_COATED_OSMIUM;9923;13;9921;17;;;9929;14;9931;13;;;9926.0;0.0
av_CORN_d5;25200;INTARIAN_PEPPER_ROOT;10114;15;10111;20;;;10120;7;10122;27;;;10117.0;0.0
av_CORN_d5;25300;ASH_COATED_OSMIUM;9920;14;9916;27;;;9931;17;9933;19;;;9925.5;0.0
av_CORN_d5;25300;INTARIAN_PEPPER_ROOT;10112;17;10108;25;;;10121;14;10124;18;;;10116.5;0.0
av_CORN_d5;25400;ASH_COATED_OSMIUM;9923;7;9919;25;;;9929;10;9933;15;;;9926.0;0.0
av_CORN_d5;25400;INTARIAN_PEPPER_ROOT;10109;11;10106;17;;;10122;13;10124;21;;;10115.5;0.0
av_CORN_d5;25500;ASH_COATED_OSMIUM;9923;12;9921;21;;;9929;23;9932;30;;;9926.0;0.0
av_CORN_d5;25500;INTARIAN_PEPPER_ROOT;10107;16;10105;25;;;10123;12;10126;18;;;10115.0;0.0
av_CORN_d5;25600;ASH_COATED_OSMIUM;9923;15;9919;18;;;9929;18;9931;27;;;9926.0;0.0
av_CORN_d5;25600;INTARIAN_PEPPER_ROOT;10110;5;10108;18;;;10118;19;10121;15;;;10114.0;0.0
av_CORN_d5;25700;ASH_COATED_OSMIUM;9922;13;9918;18;;;9928;20;9930;15;;;9925.0;0.0
av_CORN_d5;25700;INTARIAN_PEPPER_ROOT;10094;10;10092;20;;;10134;18;10137;20;;;10114.0;0.0
av_CORN_d5;25800;ASH_COATED_OSMIUM;9923;20;9920;20;;;9929;5;9931;19;;;9926.0;0.0
av_CORN_d5;25800;INTARIAN_PEPPER_ROOT;10111;12;10107;19;;;10117;14;10120;20;;;10114.0;0.0
av_CORN_d5;25900;ASH_COATED_OSMIUM;9923;15;9919;25;;;9929;7;9931;23;;;9926.0;0.0
av_CORN_d5;25900;INTARIAN_PEPPER_ROOT;10108;14;10104;20;;;10119;15;10122;23;;;10113.5;0.0
av_CORN_d5;26000;ASH_COATED_OSMIUM;9921;19;9917;20;;;9932;16;9934;15;;;9926.5;0.0
av_CORN_d5;26000;INTARIAN_PEPPER_ROOT;10109;13;10106;23;;;10115;17;10118;15;;;10112.0;0.0
av_CORN_d5;26100;ASH_COATED_OSMIUM;9923;13;9921;10;;;9929;8;9933;22;;;9926.0;0.0
av_CORN_d5;26100;INTARIAN_PEPPER_ROOT;10094;13;10090;15;;;10129;18;10133;26;;;10111.5;0.0
av_CORN_d5;26200;ASH_COATED_OSMIUM;9918;17;9915;9;;;9933;14;9936;11;;;9925.5;0.0
av_CORN_d5;26200;INTARIAN_PEPPER_ROOT;10106;17;10104;19;;;10117;5;10120;17;;;10111.5;0.0
av_CORN_d5;26300;ASH_COATED_OSMIUM;9923;20;9920;13;;;9929;17;9931;24;;;9926.0;0.0
av_CORN_d5;26300;INTARIAN_PEPPER_ROOT;10104;12;10102;25;;;10116;27;10119;8;;;10110.0;0.0
av_CORN_d5;26400;ASH_COATED_OSMIUM;9922;18;9920;18;;;9929;19;9931;19;;;9925.5;0.0
av_CORN_d5;26400;INTARIAN_PEPPER_ROOT;10107;17;10104;16;;;10113;12;10116;21;;;10110.0;0.0
av_CORN_d5;26500;ASH_COATED_OSMIUM;9922;13;9919;19;;;9930;12;9934;18;;;9926.0;0.0
av_CORN_d5;26500;INTARIAN_PEPPER_ROOT;10101;18;10098;28;;;10118;14;10120;22;;;10109.5;0.0
av_CORN_d5;26600;ASH_COATED_OSMIUM;9916;27;9912;16;;;9937;23;9941;23;;;9926.5;0.0
av_CORN_d5;26600;INTARIAN_PEPPER_ROOT;10100;17;10098;27;;;10119;7;10121;24;;;10109.5;0.0
av_CORN_d5;26700;ASH_COATED_OSMIUM;9915;14;9913;27;;;9935;9;9937;8;;;9925.0;0.0
av_CORN_d5;26700;INTARIAN_PEPPER_ROOT;10105;13;10102;20;;;10111;5;10115;14;;;10108.0;0.0
av_CORN_d5;26800;ASH_COATED_OSMIUM;9916;17;9914;16;;;9935;18;9939;19;;;9925.5;0.0
av_CORN_d5;26800;INTARIAN_PEPPER_ROOT;10104;16;10102;23;;;10110;12;10113;22;;;10107.0;0.0
av_CORN_d5;26900;ASH_COATED_OSMIUM;9920;12;9917;16;;;9931;13;9933;15;;;9925.5;0.0
av_CORN_d5;26900;INTARIAN_PEPPER_ROOT;10104;28;10101;22;;;10110;14;10114;24;;;10107.0;0.0
av_CORN_d5;27000;ASH_COATED_OSMIUM;9923;12;9920;15;;;9929;14;9931;18;;;9926.0;0.0
av_CORN_d5;27000;INTARIAN_PEPPER_ROOT;10086;10;10083;24;;;10128;20;10132;20;;;10107.0;0.0
av_CORN_d5;27100;ASH_COATED_OSMIUM;9923;21;9920;21;;;9929;16;9932;18;;;9926.0;0.0
av_CORN_d5;27100;INTARIAN_PEPPER_ROOT;10097;11;10093;14;;;10115;8;10117;19;;;10106.0;0.0
av_CORN_d5;27200;ASH_COATED_OSMIUM;9923;17;9920;18;;;9929;19;9933;15;;;9926.0;0.0
av_CORN_d5;27200;INTARIAN_PEPPER_ROOT;10098;19;10095;18;;;10112;11;10115;22;;;10105.0;0.0
av_CORN_d5;27300;ASH_COATED_OSMIUM;9923;5;9919;13;;;9929;11;9931;12;;;9926.0;0.0
av_CORN_d5;27300;INTARIAN_PEPPER_ROOT;10102;10;10100;18;;;10108;17;10110;26;;;10105.0;0.0
av_CORN_d5;27400;ASH_COATED_OSMIUM;9922;5;9918;21;;;9928;6;9932;28;;;9925.0;0.0
av_CORN_d5;27400;INTARIAN_PEPPER_ROOT;10101;14;10099;16;;;10107;25;10109;15;;;10104.0;0.0
av_CORN_d5;27500;ASH_COATED_OSMIUM;9923;14;9919;25;;;9929;8;9931;24;;;9926.0;0.0
av_CORN_d5;27500;INTARIAN_PEPPER_ROOT;10101;5;10098;21;;;10107;17;10111;17;;;10104.0;0.0
av_CORN_d5;27600;ASH_COATED_OSMIUM;9923;10;9920;14;;;9929;22;9931;26;;;9926.0;0.0
av_CORN_d5;27600;INTARIAN_PEPPER_ROOT;10100;8;10097;25;;;10106;13;10108;25;;;10103.0;0.0
av_CORN_d5;27700;ASH_COATED_OSMIUM;9920;14;9916;15;;;9930;16;9933;22;;;9925.0;0.0
av_CORN_d5;27700;INTARIAN_PEPPER_ROOT;10099;20;10096;15;;;10105;18;10108;23;;;10102.0;0.0
av_CORN_d5;27800;ASH_COATED_OSMIUM;9923;13;9920;13;;;9929;19;9931;26;;;9926.0;0.0
av_CORN_d5;27800;INTARIAN_PEPPER_ROOT;10097;14;10094;26;;;10107;15;10111;20;;;10102.0;0.0
av_CORN_d5;27900;ASH_COATED_OSMIUM;9923;6;9919;13;;;9929;19;9933;15;;;9926.0;0.0
av_CORN_d5;27900;INTARIAN_PEPPER_ROOT;10098;10;10095;17;;;10104;8;10108;16;;;10101.0;0.0
av_CORN_d5;28000;ASH_COATED_OSMIUM;9923;8;9920;16;;;9929;12;9932;14;;;9926.0;0.0
av_CORN_d5;28000;INTARIAN_PEPPER_ROOT;10097;21;10094;19;;;10103;15;10105;10;;;10100.0;0.0
av_CORN_d5;28100;ASH_COATED_OSMIUM;9923;17;9919;16;;;9929;18;9932;21;;;9926.0;0.0
av_CORN_d5;28100;INTARIAN_PEPPER_ROOT;10097;18;10093;23;;;10103;22;10107;18;;;10100.0;0.0
av_CORN_d5;28200;ASH_COATED_OSMIUM;9923;14;9920;25;;;9929;26;9931;29;;;9926.0;0.0
av_CORN_d5;28200;INTARIAN_PEPPER_ROOT;10095;20;10092;19;;;10104;18;10107;15;;;10099.5;0.0
av_CORN_d5;28300;ASH_COATED_OSMIUM;9923;14;9921;18;;;9929;8;9933;21;;;9926.0;0.0
av_CORN_d5;28300;INTARIAN_PEPPER_ROOT;10096;21;10093;16;;;10102;12;10104;13;;;10099.0;0.0
av_CORN_d5;28400;ASH_COATED_OSMIUM;9923;12;9920;17;;;9929;12;9933;16;;;9926.0;0.0
av_CORN_d5;28400;INTARIAN_PEPPER_ROOT;10095;21;10091;22;;;10101;21;10104;17;;;10098.0;0.0
av_CORN_d5;28500;ASH_COATED_OSMIUM;9923;14;9919;15;;;9929;20;9933;26;;;9926.0;0.0
av_CORN_d5;28500;INTARIAN_PEPPER_ROOT;10095;11;10093;22;;;10101;9;10104;18;;;10098.0;0.0
av_CORN_d5;28600;ASH_COATED_OSMIUM;9923;8;9919;20;;;9929;19;9931;16;;;9926.0;0.0
av_CORN_d5;28600;INTARIAN_PEPPER_ROOT;10094;18;10090;22;;;10101;14;10105;22;;;10097.5;0.0
av_CORN_d5;28700;ASH_COATED_OSMIUM;9923;6;9920;13;;;9929;18;9932;19;;;9926.0;0.0
av_CORN_d5;28700;INTARIAN_PEPPER_ROOT;10094;20;10092;15;;;10100;13;10104;23;;;10097.0;0.0
av_CORN_d5;28800;ASH_COATED_OSMIUM;9923;11;9919;11;;;9929;5;9933;22;;;9926.0;0.0
av_CORN_d5;28800;INTARIAN_PEPPER_ROOT;10093;9;10090;16;;;10099;17;10102;27;;;10096.0;0.0
av_CORN_d5;28900;ASH_COATED_OSMIUM;9922;16;9920;29;;;9928;20;9931;31;;;9925.0;0.0
av_CORN_d5;28900;INTARIAN_PEPPER_ROOT;10092;11;10088;24;;;10098;8;10102;15;;;10095.0;0.0
av_CORN_d5;29000;ASH_COATED_OSMIUM;9923;15;9921;10;;;9929;17;9932;23;;;9926.0;0.0
av_CORN_d5;29000;INTARIAN_PEPPER_ROOT;10091;14;10089;18;;;10097;21;10099;28;;;10094.0;0.0
av_CORN_d5;29100;ASH_COATED_OSMIUM;9923;10;9921;22;;;9929;17;9933;16;;;9926.0;0.0
av_CORN_d5;29100;INTARIAN_PEPPER_ROOT;10089;8;10085;25;;;10099;16;10103;21;;;10094.0;0.0
av_CORN_d5;29200;ASH_COATED_OSMIUM;9920;28;9918;21;;;9933;12;9937;15;;;9926.5;0.0
av_CORN_d5;29200;INTARIAN_PEPPER_ROOT;10089;19;10087;22;;;10098;9;10102;13;;;10093.5;0.0
av_CORN_d5;29300;ASH_COATED_OSMIUM;9923;21;9920;17;;;9929;12;9932;26;;;9926.0;0.0
av_CORN_d5;29300;INTARIAN_PEPPER_ROOT;10080;5;10078;13;;;10105;14;10108;20;;;10092.5;0.0
av_CORN_d5;29400;ASH_COATED_OSMIUM;9920;5;9917;22;;;9932;6;9935;11;;;9926.0;0.0
av_CORN_d5;29400;INTARIAN_PEPPER_ROOT;10090;15;10088;12;;;10096;24;10100;19;;;10093.0;0.0
av_CORN_d5;29500;ASH_COATED_OSMIUM;9923;7;9920;19;;;9929;13;9933;23;;;9926.0;0.0
av_CORN_d5;29500;INTARIAN_PEPPER_ROOT;10089;13;10085;28;;;10095;13;10098;16;;;10092.0;0.0
av_CORN_d5;29600;ASH_COATED_OSMIUM;9923;11;9920;24;;;9929;17;9931;13;;;9926.0;0.0
av_CORN_d5;29600;INTARIAN_PEPPER_ROOT;10088;8;10085;18;;;10094;18;10097;12;;;10091.0;0.0
av_CORN_d5;29700;ASH_COATED_OSMIUM;9924;15;9921;17;;;9930;20;9933;19;;;9927.0;0.0
av_CORN_d5;29700;INTARIAN_PEPPER_ROOT;10088;25;10084;21;;;10094;7;10096;19;;;10091.0;0.0
av_CORN_d5;29800;ASH_COATED_OSMIUM;9923;12;9920;23;;;9929;8;9933;26;;;9926.0;0.0
av_CORN_d5;29800;INTARIAN_PEPPER_ROOT;10087;22;10083;18;;;10093;10;10095;21;;;10090.0;0.0
av_CORN_d5;29900;ASH_COATED_OSMIUM;9923;11;9919;16;;;9929;22;9931;17;;;9926.0;0.0
av_CORN_d5;29900;INTARIAN_PEPPER_ROOT;10087;17;10083;19;;;10093;16;10097;17;;;10090.0;0.0
av_CORN_d5;30000;ASH_COATED_OSMIUM;9922;15;9920;22;;;9929;20;9932;23;;;9925.5;0.0
av_CORN_d5;30000;INTARIAN_PEPPER_ROOT;10086;8;10082;16;;;10092;19;10096;20;;;10089.0;0.0
av_CORN_d5;30100;ASH_COATED_OSMIUM;9923;7;9921;26;;;9929;14;9933;13;;;9926.0;0.0
av_CORN_d5;30100;INTARIAN_PEPPER_ROOT;10083;15;10081;20;;;10094;17;10096;19;;;10088.5;0.0
av_CORN_d5;30200;ASH_COATED_OSMIUM;9923;14;9920;11;;;9930;13;9934;18;;;9926.5;0.0
av_CORN_d5;30200;INTARIAN_PEPPER_ROOT;10085;13;10081;20;;;10091;19;10093;28;;;10088.0;0.0
av_CORN_d5;30300;ASH_COATED_OSMIUM;9915;12;9911;23;;;9936;22;9940;9;;;9925.5;0.0
av_CORN_d5;30300;INTARIAN_PEPPER_ROOT;10080;19;10078;23;;;10094;22;10098;18;;;10087.0;0.0
av_CORN_d5;30400;ASH_COATED_OSMIUM;9924;16;9920;14;;;9930;21;9932;25;;;9927.0;0.0
av_CORN_d5;30400;INTARIAN_PEPPER_ROOT;10081;15;10078;16;;;10093;5;10097;15;;;10087.0;0.0
av_CORN_d5;30500;ASH_COATED_OSMIUM;9924;13;9920;18;;;9930;7;9933;28;;;9927.0;0.0
av_CORN_d5;30500;INTARIAN_PEPPER_ROOT;10082;11;10079;22;;;10089;23;10092;15;;;10085.5;0.0
av_CORN_d5;30600;ASH_COATED_OSMIUM;9923;15;9921;21;;;9929;20;9932;21;;;9926.0;0.0
av_CORN_d5;30600;INTARIAN_PEPPER_ROOT;10082;20;10080;21;;;10088;15;10091;13;;;10085.0;0.0
av_CORN_d5;30700;ASH_COATED_OSMIUM;9923;12;9921;23;;;9929;16;9931;22;;;9926.0;0.0
av_CORN_d5;30700;INTARIAN_PEPPER_ROOT;10082;11;10079;19;;;10088;23;10090;15;;;10085.0;0.0
av_CORN_d5;30800;ASH_COATED_OSMIUM;9923;11;9921;24;;;9929;13;9933;21;;;9926.0;0.0
av_CORN_d5;30800;INTARIAN_PEPPER_ROOT;10076;15;10074;30;;;10091;7;10095;22;;;10083.5;0.0
av_CORN_d5;30900;ASH_COATED_OSMIUM;9924;14;9921;19;;;9930;15;9933;25;;;9927.0;0.0
av_CORN_d5;30900;INTARIAN_PEPPER_ROOT;10080;13;10077;17;;;10087;8;10091;20;;;10083.5;0.0
av_CORN_d5;31000;ASH_COATED_OSMIUM;9923;12;9921;19;;;9929;11;9932;25;;;9926.0;0.0
av_CORN_d5;31000;INTARIAN_PEPPER_ROOT;10080;7;10078;8;;;10088;7;10091;18;;;10084.0;0.0
av_CORN_d5;31100;ASH_COATED_OSMIUM;9923;17;9921;19;;;9929;21;9932;16;;;9926.0;0.0
av_CORN_d5;31100;INTARIAN_PEPPER_ROOT;10080;23;10076;18;;;10086;17;10090;16;;;10083.0;0.0
av_CORN_d5;31200;ASH_COATED_OSMIUM;9924;21;9921;31;;;9930;9;9934;26;;;9927.0;0.0
av_CORN_d5;31200;INTARIAN_PEPPER_ROOT;10079;8;10076;19;;;10085;19;10089;20;;;10082.0;0.0
av_CORN_d5;31300;ASH_COATED_OSMIUM;9914;15;9911;20;;;9939;15;9942;13;;;9926.5;0.0
av_CORN_d5;31300;INTARIAN_PEPPER_ROOT;10075;14;10073;26;;;10088;16;10090;23;;;10081.5;0.0
av_CORN_d5;31400;ASH_COATED_OSMIUM;9923;16;9919;16;;;9929;12;9933;25;;;9926.0;0.0
av_CORN_d5;31400;INTARIAN_PEPPER_ROOT;10078;16;10075;29;;;10084;9;10086;20;;;10081.0;0.0
av_CORN_d5;31500;ASH_COATED_OSMIUM;9923;22;9919;20;;;9929;15;9931;30;;;9926.0;0.0
av_CORN_d5;31500;INTARIAN_PEPPER_ROOT;10077;10;10075;21;;;10083;15;10086;20;;;10080.0;0.0
av_CORN_d5;31600;ASH_COATED_OSMIUM;9923;13;9919;15;;;9929;10;9932;19;;;9926.0;0.0
av_CORN_d5;31600;INTARIAN_PEPPER_ROOT;10076;13;10072;26;;;10082;5;10084;17;;;10079.0;0.0
av_CORN_d5;31700;ASH_COATED_OSMIUM;9923;20;9920;17;;;9929;25;9931;19;;;9926.0;0.0
av_CORN_d5;31700;INTARIAN_PEPPER_ROOT;10076;21;10072;17;;;10083;18;10087;19;;;10079.5;0.0
av_CORN_d5;31800;ASH_COATED_OSMIUM;9923;12;9920;22;;;9929;11;9931;21;;;9926.0;0.0
av_CORN_d5;31800;INTARIAN_PEPPER_ROOT;10076;20;10074;20;;;10082;18;10085;22;;;10079.0;0.0
av_CORN_d5;31900;ASH_COATED_OSMIUM;9919;16;9915;13;;;9934;23;9938;18;;;9926.5;0.0
av_CORN_d5;31900;INTARIAN_PEPPER_ROOT;10074;22;10071;17;;;10083;21;10085;22;;;10078.5;0.0
av_CORN_d5;32000;ASH_COATED_OSMIUM;9920;18;9917;15;;;9933;5;9936;15;;;9926.5;0.0
av_CORN_d5;32000;INTARIAN_PEPPER_ROOT;10075;11;10072;18;;;10081;19;10083;15;;;10078.0;0.0
av_CORN_d5;32100;ASH_COATED_OSMIUM;9918;15;9915;27;;;9936;9;9938;19;;;9927.0;0.0
av_CORN_d5;32100;INTARIAN_PEPPER_ROOT;10074;5;10070;23;;;10080;19;10084;29;;;10077.0;0.0
av_CORN_d5;32200;ASH_COATED_OSMIUM;9924;16;9921;16;;;9930;17;9933;26;;;9927.0;0.0
av_CORN_d5;32200;INTARIAN_PEPPER_ROOT;10073;5;10071;21;;;10079;12;10081;15;;;10076.0;0.0
av_CORN_d5;32300;ASH_COATED_OSMIUM;9923;13;9921;33;;;9929;21;9932;23;;;9926.0;0.0
av_CORN_d5;32300;INTARIAN_PEPPER_ROOT;10073;7;10069;20;;;10079;12;10082;25;;;10076.0;0.0
av_CORN_d5;32400;ASH_COATED_OSMIUM;9922;10;9920;16;;;9930;12;9932;29;;;9926.0;0.0
av_CORN_d5;32400;INTARIAN_PEPPER_ROOT;10065;18;10063;15;;;10086;12;10088;23;;;10075.5;0.0
av_CORN_d5;32500;ASH_COATED_OSMIUM;9923;11;9921;14;;;9930;22;9933;15;;;9926.5;0.0
av_CORN_d5;32500;INTARIAN_PEPPER_ROOT;10071;20;10067;25;;;10077;6;10080;8;;;10074.0;0.0
av_CORN_d5;32600;ASH_COATED_OSMIUM;9924;24;9921;22;;;9930;16;9934;9;;;9927.0;0.0
av_CORN_d5;32600;INTARIAN_PEPPER_ROOT;10071;18;10067;26;;;10077;11;10079;23;;;10074.0;0.0
av_CORN_d5;32700;ASH_COATED_OSMIUM;9923;13;9919;21;;;9929;21;9931;17;;;9926.0;0.0
av_CORN_d5;32700;INTARIAN_PEPPER_ROOT;10070;20;10067;16;;;10076;10;10079;18;;;10073.0;0.0
av_CORN_d5;32800;ASH_COATED_OSMIUM;9923;19;9919;23;;;9929;15;9932;22;;;9926.0;0.0
av_CORN_d5;32800;INTARIAN_PEPPER_ROOT;10069;10;10066;9;;;10075;13;10077;19;;;10072.0;0.0
av_CORN_d5;32900;ASH_COATED_OSMIUM;9922;10;9920;17;;;9932;16;9935;23;;;9927.0;0.0
av_CORN_d5;32900;INTARIAN_PEPPER_ROOT;10069;24;10066;33;;;10075;17;10079;11;;;10072.0;0.0
av_CORN_d5;33000;ASH_COATED_OSMIUM;9917;13;9915;18;;;9935;13;9938;25;;;9926.0;0.0
av_CORN_d5;33000;INTARIAN_PEPPER_ROOT;10068;20;10065;19;;;10074;16;10076;17;;;10071.0;0.0
av_CORN_d5;33100;ASH_COATED_OSMIUM;9924;18;9921;22;;;9930;9;9934;25;;;9927.0;0.0
av_CORN_d5;33100;INTARIAN_PEPPER_ROOT;10068;21;10064;23;;;10074;17;10076;21;;;10071.0;0.0
av_CORN_d5;33200;ASH_COATED_OSMIUM;9921;9;9918;20;;;9932;14;9936;16;;;9926.5;0.0
av_CORN_d5;33200;INTARIAN_PEPPER_ROOT;10066;15;10064;26;;;10074;13;10078;16;;;10070.0;0.0
av_CORN_d5;33300;ASH_COATED_OSMIUM;9924;14;9921;24;;;9930;9;9932;24;;;9927.0;0.0
av_CORN_d5;33300;INTARIAN_PEPPER_ROOT;10067;7;10065;17;;;10073;11;10077;20;;;10070.0;0.0
av_CORN_d5;33400;ASH_COATED_OSMIUM;9924;11;9922;21;;;9930;7;9933;23;;;9927.0;0.0
av_CORN_d5;33400;INTARIAN_PEPPER_ROOT;10064;18;10062;21;;;10074;21;10076;19;;;10069.0;0.0
av_CORN_d5;33500;ASH_COATED_OSMIUM;9924;21;9922;13;;;9930;22;9933;21;;;9927.0;0.0
av_CORN_d5;33500;INTARIAN_PEPPER_ROOT;10066;12;10062;27;;;10073;15;10076;18;;;10069.5;0.0
av_CORN_d5;33600;ASH_COATED_OSMIUM;9922;13;9919;14;;;9931;12;9933;13;;;9926.5;0.0
av_CORN_d5;33600;INTARIAN_PEPPER_ROOT;10060;14;10057;27;;;10077;20;10080;27;;;10068.5;0.0
av_CORN_d5;33700;ASH_COATED_OSMIUM;9924;14;9920;24;;;9930;16;9932;22;;;9927.0;0.0
av_CORN_d5;33700;INTARIAN_PEPPER_ROOT;10064;14;10060;21;;;10070;18;10073;14;;;10067.0;0.0
av_CORN_d5;33800;ASH_COATED_OSMIUM;9924;18;9922;14;;;9930;18;9934;13;;;9927.0;0.0
av_CORN_d5;33800;INTARIAN_PEPPER_ROOT;10064;9;10062;16;;;10070;14;10074;24;;;10067.0;0.0
av_CORN_d5;33900;ASH_COATED_OSMIUM;9924;24;9920;14;;;9930;6;9933;26;;;9927.0;0.0
av_CORN_d5;33900;INTARIAN_PEPPER_ROOT;10063;13;10059;22;;;10069;6;10071;18;;;10066.0;0.0
av_CORN_d5;34000;ASH_COATED_OSMIUM;9923;20;9919;19;;;9931;25;9934;18;;;9927.0;0.0
av_CORN_d5;34000;INTARIAN_PEPPER_ROOT;10063;13;10059;19;;;10069;13;10071;16;;;10066.0;0.0
av_CORN_d5;34100;ASH_COATED_OSMIUM;9924;16;9922;15;;;9930;8;9933;17;;;9927.0;0.0
av_CORN_d5;34100;INTARIAN_PEPPER_ROOT;10061;16;10059;27;;;10070;28;10072;27;;;10065.5;0.0
av_CORN_d5;34200;ASH_COATED_OSMIUM;9916;15;9912;21;;;9938;23;9940;30;;;9927.0;0.0
av_CORN_d5;34200;INTARIAN_PEPPER_ROOT;10062;17;10058;11;;;10068;19;10072;18;;;10065.0;0.0
av_CORN_d5;34300;ASH_COATED_OSMIUM;9922;20;9919;9;;;9931;15;9934;20;;;9926.5;0.0
av_CORN_d5;34300;INTARIAN_PEPPER_ROOT;10062;19;10059;20;;;10068;9;10072;29;;;10065.0;0.0
av_CORN_d5;34400;ASH_COATED_OSMIUM;9923;18;9921;20;;;9929;18;9931;22;;;9926.0;0.0
av_CORN_d5;34400;INTARIAN_PEPPER_ROOT;10060;12;10056;14;;;10069;13;10072;20;;;10064.5;0.0
av_CORN_d5;34500;ASH_COATED_OSMIUM;9923;16;9921;16;;;9929;9;9933;23;;;9926.0;0.0
av_CORN_d5;34500;INTARIAN_PEPPER_ROOT;10059;19;10056;19;;;10068;10;10071;35;;;10063.5;0.0
av_CORN_d5;34600;ASH_COATED_OSMIUM;9923;9;9921;12;;;9929;11;9932;18;;;9926.0;0.0
av_CORN_d5;34600;INTARIAN_PEPPER_ROOT;10061;15;10057;18;;;10067;15;10069;20;;;10064.0;0.0
av_CORN_d5;34700;ASH_COATED_OSMIUM;9925;9;9923;26;;;9931;12;9933;26;;;9928.0;0.0
av_CORN_d5;34700;INTARIAN_PEPPER_ROOT;10059;5;10057;25;;;10067;23;10070;24;;;10063.0;0.0
av_CORN_d5;34800;ASH_COATED_OSMIUM;9921;13;9919;23;;;9932;16;9935;27;;;9926.5;0.0
av_CORN_d5;34800;INTARIAN_PEPPER_ROOT;10057;20;10055;17;;;10067;8;10070;23;;;10062.0;0.0
av_CORN_d5;34900;ASH_COATED_OSMIUM;9924;18;9922;18;;;9930;5;9934;29;;;9927.0;0.0
av_CORN_d5;34900;INTARIAN_PEPPER_ROOT;10059;18;10056;15;;;10065;14;10069;25;;;10062.0;0.0
av_CORN_d5;35000;ASH_COATED_OSMIUM;9924;7;9922;18;;;9930;14;9932;19;;;9927.0;0.0
av_CORN_d5;35000;INTARIAN_PEPPER_ROOT;10058;10;10054;14;;;10065;10;10067;10;;;10061.5;0.0
av_CORN_d5;35100;ASH_COATED_OSMIUM;9917;19;9913;23;;;9936;14;9940;27;;;9926.5;0.0
av_CORN_d5;35100;INTARIAN_PEPPER_ROOT;10059;13;10055;21;;;10065;16;10068;16;;;10062.0;0.0
av_CORN_d5;35200;ASH_COATED_OSMIUM;9924;14;9920;23;;;9930;11;9933;14;;;9927.0;0.0
av_CORN_d5;35200;INTARIAN_PEPPER_ROOT;10058;22;10055;14;;;10064;12;10068;22;;;10061.0;0.0
av_CORN_d5;35300;ASH_COATED_OSMIUM;9923;20;9919;20;;;9929;15;9933;21;;;9926.0;0.0
av_CORN_d5;35300;INTARIAN_PEPPER_ROOT;10058;20;10055;23;;;10064;14;10066;18;;;10061.0;0.0
av_CORN_d5;35400;ASH_COATED_OSMIUM;9917;11;9915;16;;;9936;18;9939;13;;;9926.5;0.0
av_CORN_d5;35400;INTARIAN_PEPPER_ROOT;10057;16;10054;27;;;10064;18;10066;21;;;10060.5;0.0
av_CORN_d5;35500;ASH_COATED_OSMIUM;9922;15;9919;20;;;9931;13;9933;23;;;9926.5;0.0
av_CORN_d5;35500;INTARIAN_PEPPER_ROOT;10057;13;10053;28;;;10063;16;10065;18;;;10060.0;0.0
av_CORN_d5;35600;ASH_COATED_OSMIUM;9922;24;9919;28;;;9930;5;9933;26;;;9926.0;0.0
av_CORN_d5;35600;INTARIAN_PEPPER_ROOT;10056;14;10052;21;;;10062;18;10064;23;;;10059.0;0.0
av_CORN_d5;35700;ASH_COATED_OSMIUM;9922;15;9919;13;;;9931;13;9934;18;;;9926.5;0.0
av_CORN_d5;35700;INTARIAN_PEPPER_ROOT;10055;19;10053;15;;;10063;18;10067;22;;;10059.0;0.0
av_CORN_d5;35800;ASH_COATED_OSMIUM;9921;15;9917;17;;;9932;10;9935;19;;;9926.5;0.0
av_CORN_d5;35800;INTARIAN_PEPPER_ROOT;10056;12;10054;17;;;10062;17;10064;21;;;10059.0;0.0
av_CORN_d5;35900;ASH_COATED_OSMIUM;9923;29;9920;24;;;9929;15;9933;13;;;9926.0;0.0
av_CORN_d5;35900;INTARIAN_PEPPER_ROOT;10055;19;10052;15;;;10062;7;10064;12;;;10058.5;0.0
av_CORN_d5;36000;ASH_COATED_OSMIUM;9920;16;9918;24;;;9934;22;9938;18;;;9927.0;0.0
av_CORN_d5;36000;INTARIAN_PEPPER_ROOT;10055;17;10052;19;;;10061;5;10063;19;;;10058.0;0.0
av_CORN_d5;36100;ASH_COATED_OSMIUM;9924;15;9922;19;;;9930;12;9934;17;;;9927.0;0.0
av_CORN_d5;36100;INTARIAN_PEPPER_ROOT;10054;23;10050;15;;;10060;9;10064;23;;;10057.0;0.0
av_CORN_d5;36200;ASH_COATED_OSMIUM;9923;10;9920;21;;;9929;13;9931;19;;;9926.0;0.0
av_CORN_d5;36200;INTARIAN_PEPPER_ROOT;10048;21;10045;24;;;10067;6;10069;22;;;10057.5;0.0
av_CORN_d5;36300;ASH_COATED_OSMIUM;9919;20;9916;12;;;9935;17;9938;22;;;9927.0;0.0
av_CORN_d5;36300;INTARIAN_PEPPER_ROOT;10054;15;10052;17;;;10060;20;10063;20;;;10057.0;0.0
av_CORN_d5;36400;ASH_COATED_OSMIUM;9924;11;9921;23;;;9930;17;9933;18;;;9927.0;0.0
av_CORN_d5;36400;INTARIAN_PEPPER_ROOT;10054;15;10050;21;;;10060;6;10064;25;;;10057.0;0.0
av_CORN_d5;36500;ASH_COATED_OSMIUM;9924;17;9921;25;;;9930;21;9934;18;;;9927.0;0.0
av_CORN_d5;36500;INTARIAN_PEPPER_ROOT;10053;14;10051;12;;;10059;5;10061;14;;;10056.0;0.0
av_CORN_d5;36600;ASH_COATED_OSMIUM;9924;15;9920;17;;;9930;10;9933;22;;;9927.0;0.0
av_CORN_d5;36600;INTARIAN_PEPPER_ROOT;10052;12;10050;29;;;10058;16;10061;18;;;10055.0;0.0
av_CORN_d5;36700;ASH_COATED_OSMIUM;9914;17;9912;22;;;9939;11;9943;26;;;9926.5;0.0
av_CORN_d5;36700;INTARIAN_PEPPER_ROOT;10047;13;10045;27;;;10063;10;10067;30;;;10055.0;0.0
av_CORN_d5;36800;ASH_COATED_OSMIUM;9924;13;9922;22;;;9930;15;9932;24;;;9927.0;0.0
av_CORN_d5;36800;INTARIAN_PEPPER_ROOT;10052;11;10048;14;;;10058;19;10061;11;;;10055.0;0.0
av_CORN_d5;36900;ASH_COATED_OSMIUM;9923;19;9920;11;;;9929;14;9931;24;;;9926.0;0.0
av_CORN_d5;36900;INTARIAN_PEPPER_ROOT;10051;8;10047;20;;;10057;13;10059;14;;;10054.0;0.0
av_CORN_d5;37000;ASH_COATED_OSMIUM;9923;13;9921;8;;;9929;24;9933;20;;;9926.0;0.0
av_CORN_d5;37000;INTARIAN_PEPPER_ROOT;10043;18;10041;17;;;10064;19;10068;23;;;10053.5;0.0
av_CORN_d5;37100;ASH_COATED_OSMIUM;9923;14;9919;14;;;9929;21;9933;10;;;9926.0;0.0
av_CORN_d5;37100;INTARIAN_PEPPER_ROOT;10046;22;10042;14;;;10062;12;10064;20;;;10054.0;0.0
av_CORN_d5;37200;ASH_COATED_OSMIUM;9917;6;9914;19;;;9938;19;9941;24;;;9927.5;0.0
av_CORN_d5;37200;INTARIAN_PEPPER_ROOT;10050;14;10047;21;;;10056;5;10058;14;;;10053.0;0.0
av_CORN_d5;37300;ASH_COATED_OSMIUM;9919;22;9917;25;;;9936;22;9939;18;;;9927.5;0.0
av_CORN_d5;37300;INTARIAN_PEPPER_ROOT;10049;21;10045;28;;;10055;17;10058;28;;;10052.0;0.0
av_CORN_d5;37400;ASH_COATED_OSMIUM;9924;8;9921;12;;;9930;21;9932;22;;;9927.0;0.0
av_CORN_d5;37400;INTARIAN_PEPPER_ROOT;10043;17;10041;21;;;10060;19;10062;13;;;10051.5;0.0
av_CORN_d5;37500;ASH_COATED_OSMIUM;9924;6;9922;20;;;9930;12;9933;19;;;9927.0;0.0
av_CORN_d5;37500;INTARIAN_PEPPER_ROOT;10043;14;10039;24;;;10062;17;10065;21;;;10052.5;0.0
av_CORN_d5;37600;ASH_COATED_OSMIUM;9923;7;9921;24;;;9929;13;9931;16;;;9926.0;0.0
av_CORN_d5;37600;INTARIAN_PEPPER_ROOT;10048;21;10046;22;;;10055;14;10058;14;;;10051.5;0.0
av_CORN_d5;37700;ASH_COATED_OSMIUM;9923;24;9920;23;;;9930;18;9934;15;;;9926.5;0.0
av_CORN_d5;37700;INTARIAN_PEPPER_ROOT;10048;12;10045;26;;;10054;15;10057;25;;;10051.0;0.0
av_CORN_d5;37800;ASH_COATED_OSMIUM;9924;8;9922;29;;;9930;21;9932;18;;;9927.0;0.0
av_CORN_d5;37800;INTARIAN_PEPPER_ROOT;10047;16;10044;11;;;10055;17;10058;14;;;10051.0;0.0
av_CORN_d5;37900;ASH_COATED_OSMIUM;9923;23;9919;17;;;9932;5;9934;20;;;9927.5;0.0
av_CORN_d5;37900;INTARIAN_PEPPER_ROOT;10047;19;10043;28;;;10053;16;10055;25;;;10050.0;0.0
av_CORN_d5;38000;ASH_COATED_OSMIUM;9923;15;9921;26;;;9930;7;9934;28;;;9926.5;0.0
av_CORN_d5;38000;INTARIAN_PEPPER_ROOT;10047;5;10043;24;;;10053;13;10057;8;;;10050.0;0.0
av_CORN_d5;38100;ASH_COATED_OSMIUM;9914;9;9911;24;;;9938;24;9941;18;;;9926.0;0.0
av_CORN_d5;38100;INTARIAN_PEPPER_ROOT;10046;8;10044;17;;;10054;9;10057;20;;;10050.0;0.0
av_CORN_d5;38200;ASH_COATED_OSMIUM;9923;19;9921;19;;;9929;16;9932;19;;;9926.0;0.0
av_CORN_d5;38200;INTARIAN_PEPPER_ROOT;10045;15;10041;22;;;10053;15;10057;15;;;10049.0;0.0
av_CORN_d5;38300;ASH_COATED_OSMIUM;9919;18;9915;21;;;9932;10;9935;24;;;9925.5;0.0
av_CORN_d5;38300;INTARIAN_PEPPER_ROOT;10040;15;10038;20;;;10057;11;10060;15;;;10048.5;0.0
av_CORN_d5;38400;ASH_COATED_OSMIUM;9924;13;9920;17;;;9930;18;9932;12;;;9927.0;0.0
av_CORN_d5;38400;INTARIAN_PEPPER_ROOT;10045;15;10043;25;;;10052;15;10055;26;;;10048.5;0.0
av_CORN_d5;38500;ASH_COATED_OSMIUM;9911;11;9908;17;;;9941;14;9944;27;;;9926.0;0.0
av_CORN_d5;38500;INTARIAN_PEPPER_ROOT;10042;23;10040;14;;;10055;20;10057;26;;;10048.5;0.0
av_CORN_d5;38600;ASH_COATED_OSMIUM;9923;20;9921;29;;;9930;25;9934;15;;;9926.5;0.0
av_CORN_d5;38600;INTARIAN_PEPPER_ROOT;10037;9;10033;20;;;10058;20;10062;15;;;10047.5;0.0
av_CORN_d5;38700;ASH_COATED_OSMIUM;9920;5;9918;17;;;9934;7;9937;30;;;9927.0;0.0
av_CORN_d5;38700;INTARIAN_PEPPER_ROOT;10044;13;10042;21;;;10050;19;10054;22;;;10047.0;0.0
av_CORN_d5;38800;ASH_COATED_OSMIUM;9924;9;9921;14;;;9930;8;9933;20;;;9927.0;0.0
av_CORN_d5;38800;INTARIAN_PEPPER_ROOT;10044;9;10041;11;;;10050;15;10054;16;;;10047.0;0.0
av_CORN_d5;38900;ASH_COATED_OSMIUM;9923;21;9919;18;;;9930;14;9933;27;;;9926.5;0.0
av_CORN_d5;38900;INTARIAN_PEPPER_ROOT;10040;15;10037;28;;;10055;27;10058;24;;;10047.5;0.0
av_CORN_d5;39000;ASH_COATED_OSMIUM;9924;16;9922;17;;;9930;17;9933;19;;;9927.0;0.0
av_CORN_d5;39000;INTARIAN_PEPPER_ROOT;10038;14;10035;18;;;10056;17;10058;18;;;10047.0;0.0
av_CORN_d5;39100;ASH_COATED_OSMIUM;9922;11;9918;25;;;9932;17;9936;10;;;9927.0;0.0
av_CORN_d5;39100;INTARIAN_PEPPER_ROOT;10040;17;10036;17;;;10051;13;10054;24;;;10045.5;0.0
av_CORN_d5;39200;ASH_COATED_OSMIUM;9923;12;9921;25;;;9929;18;9933;14;;;9926.0;0.0
av_CORN_d5;39200;INTARIAN_PEPPER_ROOT;10043;20;10041;14;;;10049;14;10052;22;;;10046.0;0.0
av_CORN_d5;39300;ASH_COATED_OSMIUM;9923;17;9921;28;;;9930;16;9934;14;;;9926.5;0.0
av_CORN_d5;39300;INTARIAN_PEPPER_ROOT;10042;14;10039;22;;;10048;17;10050;24;;;10045.0;0.0
av_CORN_d5;39400;ASH_COATED_OSMIUM;9924;11;9920;16;;;9930;15;9933;17;;;9927.0;0.0
av_CORN_d5;39400;INTARIAN_PEPPER_ROOT;10042;5;10040;25;;;10048;20;10050;21;;;10045.0;0.0
av_CORN_d5;39500;ASH_COATED_OSMIUM;9924;16;9920;14;;;9930;11;9934;32;;;9927.0;0.0
av_CORN_d5;39500;INTARIAN_PEPPER_ROOT;10040;14;10038;12;;;10050;12;10052;13;;;10045.0;0.0
av_CORN_d5;39600;ASH_COATED_OSMIUM;9924;21;9920;14;;;9930;12;9932;32;;;9927.0;0.0
av_CORN_d5;39600;INTARIAN_PEPPER_ROOT;10037;19;10034;24;;;10051;16;10053;17;;;10044.0;0.0
av_CORN_d5;39700;ASH_COATED_OSMIUM;9916;20;9912;21;;;9936;15;9940;22;;;9926.0;0.0
av_CORN_d5;39700;INTARIAN_PEPPER_ROOT;10040;18;10038;19;;;10046;10;10048;11;;;10043.0;0.0
av_CORN_d5;39800;ASH_COATED_OSMIUM;9924;19;9920;23;;;9930;13;9934;16;;;9927.0;0.0
av_CORN_d5;39800;INTARIAN_PEPPER_ROOT;10036;18;10032;29;;;10050;17;10052;19;;;10043.0;0.0
av_CORN_d5;39900;ASH_COATED_OSMIUM;9924;22;9920;16;;;9930;16;9932;19;;;9927.0;0.0
av_CORN_d5;39900;INTARIAN_PEPPER_ROOT;10036;5;10033;25;;;10048;10;10050;14;;;10042.0;0.0
av_CORN_d5;40000;ASH_COATED_OSMIUM;9924;11;9921;17;;;9930;16;9934;17;;;9927.0;0.0
av_CORN_d5;40000;INTARIAN_PEPPER_ROOT;10039;5;10037;13;;;10046;20;10049;18;;;10042.5;0.0
av_CORN_d5;40100;ASH_COATED_OSMIUM;9924;11;9921;8;;;9930;18;9932;20;;;9927.0;0.0
av_CORN_d5;40100;INTARIAN_PEPPER_ROOT;10039;17;10037;18;;;10045;13;10049;17;;;10042.0;0.0
av_CORN_d5;40200;ASH_COATED_OSMIUM;9920;19;9916;23;;;9933;14;9935;16;;;9926.5;0.0
av_CORN_d5;40200;INTARIAN_PEPPER_ROOT;10039;26;10035;15;;;10045;18;10047;16;;;10042.0;0.0
av_CORN_d5;40300;ASH_COATED_OSMIUM;9923;13;9920;18;;;9929;21;9931;22;;;9926.0;0.0
av_CORN_d5;40300;INTARIAN_PEPPER_ROOT;10030;17;10027;12;;;10051;14;10055;13;;;10040.5;0.0
av_CORN_d5;40400;ASH_COATED_OSMIUM;9923;20;9920;28;;;9929;15;9933;16;;;9926.0;0.0
av_CORN_d5;40400;INTARIAN_PEPPER_ROOT;10038;6;10036;21;;;10044;17;10046;17;;;10041.0;0.0
av_CORN_d5;40500;ASH_COATED_OSMIUM;9923;13;9919;18;;;9929;7;9932;8;;;9926.0;0.0
av_CORN_d5;40500;INTARIAN_PEPPER_ROOT;10029;12;10027;21;;;10052;18;10054;21;;;10040.5;0.0
av_CORN_d5;40600;ASH_COATED_OSMIUM;9924;14;9921;18;;;9930;20;9934;10;;;9927.0;0.0
av_CORN_d5;40600;INTARIAN_PEPPER_ROOT;10037;14;10034;22;;;10043;19;10045;15;;;10040.0;0.0
av_CORN_d5;40700;ASH_COATED_OSMIUM;9924;10;9921;23;;;9930;25;9934;25;;;9927.0;0.0
av_CORN_d5;40700;INTARIAN_PEPPER_ROOT;10035;22;10033;19;;;10044;19;10048;19;;;10039.5;0.0
av_CORN_d5;40800;ASH_COATED_OSMIUM;9923;13;9920;13;;;9929;11;9932;19;;;9926.0;0.0
av_CORN_d5;40800;INTARIAN_PEPPER_ROOT;10030;10;10027;18;;;10047;13;10050;24;;;10038.5;0.0
av_CORN_d5;40900;ASH_COATED_OSMIUM;9921;18;9919;22;;;9932;28;9936;19;;;9926.5;0.0
av_CORN_d5;40900;INTARIAN_PEPPER_ROOT;10035;14;10032;25;;;10041;20;10043;13;;;10038.0;0.0
av_CORN_d5;41000;ASH_COATED_OSMIUM;9924;12;9922;18;;;9930;11;9934;24;;;9927.0;0.0
av_CORN_d5;41000;INTARIAN_PEPPER_ROOT;10031;19;10027;23;;;10045;20;10048;20;;;10038.0;0.0
av_CORN_d5;41100;ASH_COATED_OSMIUM;9919;21;9916;27;;;9934;12;9936;30;;;9926.5;0.0
av_CORN_d5;41100;INTARIAN_PEPPER_ROOT;10033;12;10031;20;;;10042;7;10044;14;;;10037.5;0.0
av_CORN_d5;41200;ASH_COATED_OSMIUM;9922;18;9919;18;;;9931;20;9934;19;;;9926.5;0.0
av_CORN_d5;41200;INTARIAN_PEPPER_ROOT;10034;6;10031;19;;;10040;19;10044;23;;;10037.0;0.0
av_CORN_d5;41300;ASH_COATED_OSMIUM;9918;8;9915;22;;;9935;21;9939;17;;;9926.5;0.0
av_CORN_d5;41300;INTARIAN_PEPPER_ROOT;10034;15;10032;15;;;10040;13;10042;22;;;10037.0;0.0
av_CORN_d5;41400;ASH_COATED_OSMIUM;9923;16;9921;15;;;9929;23;9931;16;;;9926.0;0.0
av_CORN_d5;41400;INTARIAN_PEPPER_ROOT;10034;11;10030;24;;;10040;11;10042;17;;;10037.0;0.0
av_CORN_d5;41500;ASH_COATED_OSMIUM;9924;27;9922;24;;;9930;10;9932;17;;;9927.0;0.0
av_CORN_d5;41500;INTARIAN_PEPPER_ROOT;10033;9;10031;17;;;10039;11;10043;24;;;10036.0;0.0
av_CORN_d5;41600;ASH_COATED_OSMIUM;9923;20;9921;29;;;9929;10;9933;23;;;9926.0;0.0
av_CORN_d5;41600;INTARIAN_PEPPER_ROOT;10033;22;10031;22;;;10039;15;10041;14;;;10036.0;0.0
av_CORN_d5;41700;ASH_COATED_OSMIUM;9915;13;9911;23;;;9940;15;9944;28;;;9927.5;0.0
av_CORN_d5;41700;INTARIAN_PEPPER_ROOT;10033;15;10029;12;;;10039;22;10041;18;;;10036.0;0.0
av_CORN_d5;41800;ASH_COATED_OSMIUM;9920;11;9918;32;;;9933;16;9936;17;;;9926.5;0.0
av_CORN_d5;41800;INTARIAN_PEPPER_ROOT;10032;10;10028;25;;;10038;8;10040;13;;;10035.0;0.0
av_CORN_d5;41900;ASH_COATED_OSMIUM;9924;14;9921;13;;;9930;23;9932;16;;;9927.0;0.0
av_CORN_d5;41900;INTARIAN_PEPPER_ROOT;10028;7;10024;28;;;10040;19;10043;30;;;10034.0;0.0
av_CORN_d5;42000;ASH_COATED_OSMIUM;9913;14;9910;18;;;9940;16;9942;21;;;9926.5;0.0
av_CORN_d5;42000;INTARIAN_PEPPER_ROOT;10031;12;10029;24;;;10038;18;10042;30;;;10034.5;0.0
av_CORN_d5;42100;ASH_COATED_OSMIUM;9924;26;9920;22;;;9930;17;9934;10;;;9927.0;0.0
av_CORN_d5;42100;INTARIAN_PEPPER_ROOT;10031;9;10028;18;;;10038;14;10040;21;;;10034.5;0.0
av_CORN_d5;42200;ASH_COATED_OSMIUM;9924;15;9921;27;;;9930;9;9934;25;;;9927.0;0.0
av_CORN_d5;42200;INTARIAN_PEPPER_ROOT;10030;8;10028;17;;;10036;11;10039;28;;;10033.0;0.0
av_CORN_d5;42300;ASH_COATED_OSMIUM;9923;20;9921;19;;;9929;13;9932;19;;;9926.0;0.0
av_CORN_d5;42300;INTARIAN_PEPPER_ROOT;10014;9;10012;13;;;10054;11;10056;16;;;10034.0;0.0
av_CORN_d5;42400;ASH_COATED_OSMIUM;9923;25;9921;25;;;9929;17;9931;18;;;9926.0;0.0
av_CORN_d5;42400;INTARIAN_PEPPER_ROOT;10030;19;10027;16;;;10036;23;10038;24;;;10033.0;0.0
av_CORN_d5;42500;ASH_COATED_OSMIUM;9924;6;9922;22;;;9930;8;9932;18;;;9927.0;0.0
av_CORN_d5;42500;INTARIAN_PEPPER_ROOT;10027;15;10025;30;;;10038;13;10040;23;;;10032.5;0.0
av_CORN_d5;42600;ASH_COATED_OSMIUM;9919;5;9915;19;;;9933;9;9936;15;;;9926.0;0.0
av_CORN_d5;42600;INTARIAN_PEPPER_ROOT;10027;15;10024;19;;;10037;20;10040;19;;;10032.0;0.0
av_CORN_d5;42700;ASH_COATED_OSMIUM;9923;20;9920;16;;;9930;16;9934;23;;;9926.5;0.0
av_CORN_d5;42700;INTARIAN_PEPPER_ROOT;10029;9;10026;19;;;10035;5;10037;24;;;10032.0;0.0
av_CORN_d5;42800;ASH_COATED_OSMIUM;9924;5;9922;31;;;9930;18;9933;22;;;9927.0;0.0
av_CORN_d5;42800;INTARIAN_PEPPER_ROOT;10026;5;10024;17;;;10036;16;10038;16;;;10031.0;0.0
av_CORN_d5;42900;ASH_COATED_OSMIUM;9924;22;9922;9;;;9930;16;9933;12;;;9927.0;0.0
av_CORN_d5;42900;INTARIAN_PEPPER_ROOT;10028;16;10026;25;;;10034;22;10036;21;;;10031.0;0.0
av_CORN_d5;43000;ASH_COATED_OSMIUM;9923;5;9920;27;;;9929;16;9931;21;;;9926.0;0.0
av_CORN_d5;43000;INTARIAN_PEPPER_ROOT;10025;18;10021;16;;;10036;17;10040;16;;;10030.5;0.0
av_CORN_d5;43100;ASH_COATED_OSMIUM;9924;13;9922;22;;;9930;15;9932;21;;;9927.0;0.0
av_CORN_d5;43100;INTARIAN_PEPPER_ROOT;10022;23;10020;20;;;10037;13;10039;18;;;10029.5;0.0
av_CORN_d5;43200;ASH_COATED_OSMIUM;9924;14;9921;23;;;9930;7;9934;20;;;9927.0;0.0
av_CORN_d5;43200;INTARIAN_PEPPER_ROOT;10026;11;10023;24;;;10032;17;10036;19;;;10029.0;0.0
av_CORN_d5;43300;ASH_COATED_OSMIUM;9924;14;9920;14;;;9930;12;9933;20;;;9927.0;0.0
av_CORN_d5;43300;INTARIAN_PEPPER_ROOT;10024;13;10021;20;;;10033;7;10037;22;;;10028.5;0.0
av_CORN_d5;43400;ASH_COATED_OSMIUM;9917;5;9913;16;;;9935;18;9937;20;;;9926.0;0.0
av_CORN_d5;43400;INTARIAN_PEPPER_ROOT;10021;20;10018;24;;;10036;10;10040;22;;;10028.5;0.0
av_CORN_d5;43500;ASH_COATED_OSMIUM;9923;21;9921;20;;;9929;21;9933;11;;;9926.0;0.0
av_CORN_d5;43500;INTARIAN_PEPPER_ROOT;10026;16;10022;18;;;10032;10;10035;20;;;10029.0;0.0
av_CORN_d5;43600;ASH_COATED_OSMIUM;9923;8;9921;20;;;9929;8;9932;17;;;9926.0;0.0
av_CORN_d5;43600;INTARIAN_PEPPER_ROOT;10025;15;10023;28;;;10031;11;10034;12;;;10028.0;0.0
av_CORN_d5;43700;ASH_COATED_OSMIUM;9924;11;9920;26;;;9930;6;9932;19;;;9927.0;0.0
av_CORN_d5;43700;INTARIAN_PEPPER_ROOT;10023;12;10019;20;;;10032;18;10034;20;;;10027.5;0.0
av_CORN_d5;43800;ASH_COATED_OSMIUM;9924;5;9922;25;;;9930;18;9934;10;;;9927.0;0.0
av_CORN_d5;43800;INTARIAN_PEPPER_ROOT;10024;27;10020;19;;;10030;13;10032;19;;;10027.0;0.0
av_CORN_d5;43900;ASH_COATED_OSMIUM;9923;8;9919;23;;;9929;16;9933;18;;;9926.0;0.0
av_CORN_d5;43900;INTARIAN_PEPPER_ROOT;10024;14;10020;11;;;10030;12;10033;17;;;10027.0;0.0
av_CORN_d5;44000;ASH_COATED_OSMIUM;9921;7;9918;18;;;9931;15;9934;23;;;9926.0;0.0
av_CORN_d5;44000;INTARIAN_PEPPER_ROOT;10023;18;10020;22;;;10029;15;10032;23;;;10026.0;0.0
av_CORN_d5;44100;ASH_COATED_OSMIUM;9910;7;9908;25;;;9944;18;9946;19;;;9927.0;0.0
av_CORN_d5;44100;INTARIAN_PEPPER_ROOT;10023;17;10019;24;;;10029;14;10033;16;;;10026.0;0.0
av_CORN_d5;44200;ASH_COATED_OSMIUM;9923;11;9921;18;;;9929;5;9932;17;;;9926.0;0.0
av_CORN_d5;44200;INTARIAN_PEPPER_ROOT;10016;12;10013;21;;;10035;13;10037;9;;;10025.5;0.0
av_CORN_d5;44300;ASH_COATED_OSMIUM;9924;19;9921;21;;;9930;17;9933;26;;;9927.0;0.0
av_CORN_d5;44300;INTARIAN_PEPPER_ROOT;10022;21;10020;21;;;10028;15;10032;27;;;10025.0;0.0
av_CORN_d5;44400;ASH_COATED_OSMIUM;9924;17;9922;18;;;9930;11;9933;13;;;9927.0;0.0
av_CORN_d5;44400;INTARIAN_PEPPER_ROOT;10022;23;10020;20;;;10028;10;10031;23;;;10025.0;0.0
av_CORN_d5;44500;ASH_COATED_OSMIUM;9920;19;9916;17;;;9933;12;9935;16;;;9926.5;0.0
av_CORN_d5;44500;INTARIAN_PEPPER_ROOT;10017;13;10015;21;;;10031;12;10034;18;;;10024.0;0.0
av_CORN_d5;44600;ASH_COATED_OSMIUM;9924;23;9921;18;;;9930;19;9933;14;;;9927.0;0.0
av_CORN_d5;44600;INTARIAN_PEPPER_ROOT;10019;10;10015;19;;;10030;5;10034;28;;;10024.5;0.0
av_CORN_d5;44700;ASH_COATED_OSMIUM;9923;15;9921;18;;;9929;21;9933;33;;;9926.0;0.0
av_CORN_d5;44700;INTARIAN_PEPPER_ROOT;10021;27;10019;27;;;10027;14;10031;18;;;10024.0;0.0
av_CORN_d5;44800;ASH_COATED_OSMIUM;9924;12;9920;27;;;9930;18;9934;16;;;9927.0;0.0
av_CORN_d5;44800;INTARIAN_PEPPER_ROOT;10020;14;10018;22;;;10026;15;10030;17;;;10023.0;0.0
av_CORN_d5;44900;ASH_COATED_OSMIUM;9922;14;9918;18;;;9931;12;9934;16;;;9926.5;0.0
av_CORN_d5;44900;INTARIAN_PEPPER_ROOT;10020;19;10016;16;;;10026;20;10029;15;;;10023.0;0.0
av_CORN_d5;45000;ASH_COATED_OSMIUM;9924;14;9922;15;;;9930;14;9934;22;;;9927.0;0.0
av_CORN_d5;45000;INTARIAN_PEPPER_ROOT;10016;11;10013;19;;;10029;17;10031;17;;;10022.5;0.0
av_CORN_d5;45100;ASH_COATED_OSMIUM;9920;8;9917;24;;;9933;8;9935;12;;;9926.5;0.0
av_CORN_d5;45100;INTARIAN_PEPPER_ROOT;10019;9;10017;14;;;10025;5;10029;23;;;10022.0;0.0
av_CORN_d5;45200;ASH_COATED_OSMIUM;9920;24;9917;22;;;9932;21;9935;17;;;9926.0;0.0
av_CORN_d5;45200;INTARIAN_PEPPER_ROOT;10018;15;10016;25;;;10025;17;10029;28;;;10021.5;0.0
av_CORN_d5;45300;ASH_COATED_OSMIUM;9923;18;9919;15;;;9930;18;9934;15;;;9926.5;0.0
av_CORN_d5;45300;INTARIAN_PEPPER_ROOT;10018;17;10016;15;;;10024;11;10027;29;;;10021.0;0.0
av_CORN_d5;45400;ASH_COATED_OSMIUM;9924;21;9921;17;;;9930;13;9934;12;;;9927.0;0.0
av_CORN_d5;45400;INTARIAN_PEPPER_ROOT;10012;12;10010;32;;;10030;15;10034;15;;;10021.0;0.0
av_CORN_d5;45500;ASH_COATED_OSMIUM;9923;9;9921;31;;;9929;11;9932;13;;;9926.0;0.0
av_CORN_d5;45500;INTARIAN_PEPPER_ROOT;10018;5;10015;21;;;10024;9;10027;24;;;10021.0;0.0
av_CORN_d5;45600;ASH_COATED_OSMIUM;9924;21;9922;23;;;9930;7;9933;9;;;9927.0;0.0
av_CORN_d5;45600;INTARIAN_PEPPER_ROOT;10017;22;10015;21;;;10023;15;10027;21;;;10020.0;0.0
av_CORN_d5;45700;ASH_COATED_OSMIUM;9923;16;9920;28;;;9929;17;9931;27;;;9926.0;0.0
av_CORN_d5;45700;INTARIAN_PEPPER_ROOT;10017;13;10015;12;;;10023;12;10027;26;;;10020.0;0.0
av_CORN_d5;45800;ASH_COATED_OSMIUM;9923;17;9920;18;;;9930;17;9933;14;;;9926.5;0.0
av_CORN_d5;45800;INTARIAN_PEPPER_ROOT;10016;11;10014;11;;;10022;17;10024;21;;;10019.0;0.0
av_CORN_d5;45900;ASH_COATED_OSMIUM;9924;26;9920;23;;;9930;14;9933;24;;;9927.0;0.0
av_CORN_d5;45900;INTARIAN_PEPPER_ROOT;10010;20;10007;28;;;10029;12;10031;18;;;10019.5;0.0
av_CORN_d5;46000;ASH_COATED_OSMIUM;9920;10;9917;18;;;9931;11;9933;17;;;9925.5;0.0
av_CORN_d5;46000;INTARIAN_PEPPER_ROOT;10016;14;10012;17;;;10022;22;10025;18;;;10019.0;0.0
av_CORN_d5;46100;ASH_COATED_OSMIUM;9921;14;9917;15;;;9932;12;9935;22;;;9926.5;0.0
av_CORN_d5;46100;INTARIAN_PEPPER_ROOT;10016;18;10013;12;;;10022;14;10024;24;;;10019.0;0.0
av_CORN_d5;46200;ASH_COATED_OSMIUM;9923;26;9920;19;;;9930;16;9932;17;;;9926.5;0.0
av_CORN_d5;46200;INTARIAN_PEPPER_ROOT;10013;12;10009;17;;;10022;21;10024;17;;;10017.5;0.0
av_CORN_d5;46300;ASH_COATED_OSMIUM;9924;18;9922;20;;;9930;22;9932;22;;;9927.0;0.0
av_CORN_d5;46300;INTARIAN_PEPPER_ROOT;10014;16;10012;12;;;10020;12;10022;17;;;10017.0;0.0
av_CORN_d5;46400;ASH_COATED_OSMIUM;9923;23;9921;22;;;9929;12;9933;15;;;9926.0;0.0
av_CORN_d5;46400;INTARIAN_PEPPER_ROOT;10014;16;10011;27;;;10020;15;10024;21;;;10017.0;0.0
av_CORN_d5;46500;ASH_COATED_OSMIUM;9924;23;9920;22;;;9930;23;9934;12;;;9927.0;0.0
av_CORN_d5;46500;INTARIAN_PEPPER_ROOT;10014;12;10012;23;;;10020;24;10024;12;;;10017.0;0.0
av_CORN_d5;46600;ASH_COATED_OSMIUM;9924;9;9921;18;;;9930;19;9933;20;;;9927.0;0.0
av_CORN_d5;46600;INTARIAN_PEPPER_ROOT;10008;5;10005;26;;;10024;15;10028;16;;;10016.0;0.0
av_CORN_d5;46700;ASH_COATED_OSMIUM;9922;11;9920;16;;;9931;23;9933;15;;;9926.5;0.0
av_CORN_d5;46700;INTARIAN_PEPPER_ROOT;10013;19;10011;14;;;10019;17;10021;14;;;10016.0;0.0
av_CORN_d5;46800;ASH_COATED_OSMIUM;9924;9;9922;12;;;9930;10;9934;26;;;9927.0;0.0
av_CORN_d5;46800;INTARIAN_PEPPER_ROOT;10012;16;10008;15;;;10018;8;10021;18;;;10015.0;0.0
av_CORN_d5;46900;ASH_COATED_OSMIUM;9923;18;9920;23;;;9929;9;9931;20;;;9926.0;0.0
av_CORN_d5;46900;INTARIAN_PEPPER_ROOT;10012;17;10009;11;;;10019;13;10023;16;;;10015.5;0.0
av_CORN_d5;47000;ASH_COATED_OSMIUM;9923;17;9919;15;;;9930;18;9933;24;;;9926.5;0.0
av_CORN_d5;47000;INTARIAN_PEPPER_ROOT;10011;15;10007;24;;;10017;12;10021;8;;;10014.0;0.0
av_CORN_d5;47100;ASH_COATED_OSMIUM;9918;14;9914;19;;;9936;13;9939;13;;;9927.0;0.0
av_CORN_d5;47100;INTARIAN_PEPPER_ROOT;10011;10;10007;27;;;10017;16;10021;24;;;10014.0;0.0
av_CORN_d5;47200;ASH_COATED_OSMIUM;9924;18;9921;28;;;9930;12;9932;24;;;9927.0;0.0
av_CORN_d5;47200;INTARIAN_PEPPER_ROOT;10011;14;10007;15;;;10017;10;10020;9;;;10014.0;0.0
av_CORN_d5;47300;ASH_COATED_OSMIUM;9924;13;9921;13;;;9930;14;9934;18;;;9927.0;0.0
av_CORN_d5;47300;INTARIAN_PEPPER_ROOT;10011;11;10008;29;;;10017;10;10019;30;;;10014.0;0.0
av_CORN_d5;47400;ASH_COATED_OSMIUM;9922;12;9919;21;;;9929;17;9931;30;;;9925.5;0.0
av_CORN_d5;47400;INTARIAN_PEPPER_ROOT;10010;16;10006;19;;;10016;16;10020;18;;;10013.0;0.0
av_CORN_d5;47500;ASH_COATED_OSMIUM;9924;16;9922;13;;;9930;16;9932;20;;;9927.0;0.0
av_CORN_d5;47500;INTARIAN_PEPPER_ROOT;10005;14;10001;24;;;10019;16;10023;21;;;10012.0;0.0
av_CORN_d5;47600;ASH_COATED_OSMIUM;9922;14;9919;8;;;9931;8;9933;18;;;9926.5;0.0
av_CORN_d5;47600;INTARIAN_PEPPER_ROOT;10009;15;10006;14;;;10015;17;10017;16;;;10012.0;0.0
av_CORN_d5;47700;ASH_COATED_OSMIUM;9924;20;9920;9;;;9930;14;9934;28;;;9927.0;0.0
av_CORN_d5;47700;INTARIAN_PEPPER_ROOT;9997;21;9993;29;;;10026;10;10028;16;;;10011.5;0.0
av_CORN_d5;47800;ASH_COATED_OSMIUM;9924;15;9920;12;;;9930;8;9934;23;;;9927.0;0.0
av_CORN_d5;47800;INTARIAN_PEPPER_ROOT;10008;17;10006;18;;;10014;13;10016;20;;;10011.0;0.0
av_CORN_d5;47900;ASH_COATED_OSMIUM;9923;17;9921;15;;;9929;15;9932;17;;;9926.0;0.0
av_CORN_d5;47900;INTARIAN_PEPPER_ROOT;10000;20;9997;16;;;10023;21;10027;20;;;10011.5;0.0
av_CORN_d5;48000;ASH_COATED_OSMIUM;9921;16;9918;30;;;9931;10;9933;21;;;9926.0;0.0
av_CORN_d5;48000;INTARIAN_PEPPER_ROOT;10003;14;10001;22;;;10019;11;10021;23;;;10011.0;0.0
av_CORN_d5;48100;ASH_COATED_OSMIUM;9924;25;9922;22;;;9930;15;9934;22;;;9927.0;0.0
av_CORN_d5;48100;INTARIAN_PEPPER_ROOT;10007;16;10005;18;;;10013;15;10017;26;;;10010.0;0.0
av_CORN_d5;48200;ASH_COATED_OSMIUM;9923;9;9919;17;;;9929;5;9931;29;;;9926.0;0.0
av_CORN_d5;48200;INTARIAN_PEPPER_ROOT;10007;11;10004;17;;;10013;16;10017;22;;;10010.0;0.0
av_CORN_d5;48300;ASH_COATED_OSMIUM;9923;7;9921;29;;;9929;7;9933;14;;;9926.0;0.0
av_CORN_d5;48300;INTARIAN_PEPPER_ROOT;10006;22;10004;15;;;10012;16;10015;13;;;10009.0;0.0
av_CORN_d5;48400;ASH_COATED_OSMIUM;9924;11;9920;10;;;9930;6;9932;8;;;9927.0;0.0
av_CORN_d5;48400;INTARIAN_PEPPER_ROOT;10005;12;10002;17;;;10012;15;10014;14;;;10008.5;0.0
av_CORN_d5;48500;ASH_COATED_OSMIUM;9924;23;9922;29;;;9930;16;9933;13;;;9927.0;0.0
av_CORN_d5;48500;INTARIAN_PEPPER_ROOT;9999;14;9997;29;;;10019;16;10021;20;;;10009.0;0.0
av_CORN_d5;48600;ASH_COATED_OSMIUM;9924;18;9921;18;;;9930;22;9932;21;;;9927.0;0.0
av_CORN_d5;48600;INTARIAN_PEPPER_ROOT;10004;15;10001;22;;;10012;14;10015;20;;;10008.0;0.0
av_CORN_d5;48700;ASH_COATED_OSMIUM;9923;17;9920;27;;;9929;15;9931;22;;;9926.0;0.0
av_CORN_d5;48700;INTARIAN_PEPPER_ROOT;10005;17;10003;21;;;10011;21;10013;16;;;10008.0;0.0
av_CORN_d5;48800;ASH_COATED_OSMIUM;9919;20;9916;24;;;9934;30;9936;19;;;9926.5;0.0
av_CORN_d5;48800;INTARIAN_PEPPER_ROOT;10005;12;10001;10;;;10011;14;10013;17;;;10008.0;0.0
av_CORN_d5;48900;ASH_COATED_OSMIUM;9923;10;9919;12;;;9931;19;9935;21;;;9927.0;0.0
av_CORN_d5;48900;INTARIAN_PEPPER_ROOT;10004;19;10000;17;;;10010;16;10014;22;;;10007.0;0.0
av_CORN_d5;49000;ASH_COATED_OSMIUM;9916;14;9912;14;;;9936;14;9938;16;;;9926.0;0.0
av_CORN_d5;49000;INTARIAN_PEPPER_ROOT;10004;12;10001;17;;;10010;18;10014;21;;;10007.0;0.0
av_CORN_d5;49100;ASH_COATED_OSMIUM;9924;13;9920;20;;;9930;18;9933;24;;;9927.0;0.0
av_CORN_d5;49100;INTARIAN_PEPPER_ROOT;10003;16;10000;9;;;10009;18;10013;20;;;10006.0;0.0
av_CORN_d5;49200;ASH_COATED_OSMIUM;9924;16;9921;25;;;9930;15;9932;29;;;9927.0;0.0
av_CORN_d5;49200;INTARIAN_PEPPER_ROOT;10000;15;9997;14;;;10012;14;10014;23;;;10006.0;0.0
av_CORN_d5;49300;ASH_COATED_OSMIUM;9921;15;9919;21;;;9932;18;9936;16;;;9926.5;0.0
av_CORN_d5;49300;INTARIAN_PEPPER_ROOT;10003;15;10000;15;;;10009;15;10013;10;;;10006.0;0.0
av_CORN_d5;49400;ASH_COATED_OSMIUM;9912;9;9909;19;;;9940;9;9943;30;;;9926.0;0.0
av_CORN_d5;49400;INTARIAN_PEPPER_ROOT;9999;25;9996;17;;;10011;16;10013;26;;;10005.0;0.0
av_CORN_d5;49500;ASH_COATED_OSMIUM;9924;29;9921;12;;;9930;14;9933;30;;;9927.0;0.0
av_CORN_d5;49500;INTARIAN_PEPPER_ROOT;10001;15;9997;30;;;10010;17;10013;20;;;10005.5;0.0
av_CORN_d5;49600;ASH_COATED_OSMIUM;9912;22;9909;21;;;9941;14;9944;24;;;9926.5;0.0
av_CORN_d5;49600;INTARIAN_PEPPER_ROOT;9998;18;9996;20;;;10012;18;10016;31;;;10005.0;0.0
av_CORN_d5;49700;ASH_COATED_OSMIUM;9923;17;9920;20;;;9929;15;9932;20;;;9926.0;0.0
av_CORN_d5;49700;INTARIAN_PEPPER_ROOT;9996;13;9992;16;;;10012;15;10014;20;;;10004.0;0.0
av_CORN_d5;49800;ASH_COATED_OSMIUM;9924;17;9920;21;;;9930;15;9934;26;;;9927.0;0.0
av_CORN_d5;49800;INTARIAN_PEPPER_ROOT;10001;21;9998;22;;;10007;15;10011;19;;;10004.0;0.0
av_CORN_d5;49900;ASH_COATED_OSMIUM;9922;14;9919;26;;;9931;14;9933;16;;;9926.5;0.0
av_CORN_d5;49900;INTARIAN_PEPPER_ROOT;10000;16;9997;28;;;10006;10;10010;21;;;10003.0;0.0
av_CORN_d5;50000;ASH_COATED_OSMIUM;9917;16;9915;22;;;9934;15;9937;14;;;9925.5;0.0
av_CORN_d5;50000;INTARIAN_PEPPER_ROOT;10000;14;9996;22;;;10006;19;10009;16;;;10003.0;0.0
av_CORN_d5;50100;ASH_COATED_OSMIUM;9923;24;9921;16;;;9929;19;9931;24;;;9926.0;0.0
av_CORN_d5;50100;INTARIAN_PEPPER_ROOT;10000;18;9998;16;;;10006;12;10008;17;;;10003.0;0.0
av_CORN_d5;50200;ASH_COATED_OSMIUM;9923;8;9919;26;;;9929;19;9932;20;;;9926.0;0.0
av_CORN_d5;50200;INTARIAN_PEPPER_ROOT;9999;15;9995;33;;;10005;15;10007;18;;;10002.0;0.0
av_CORN_d5;50300;ASH_COATED_OSMIUM;9918;18;9914;16;;;9936;12;9939;15;;;9927.0;0.0
av_CORN_d5;50300;INTARIAN_PEPPER_ROOT;9999;11;9997;16;;;10005;20;10007;27;;;10002.0;0.0
av_CORN_d5;50400;ASH_COATED_OSMIUM;9923;8;9921;28;;;9929;11;9932;15;;;9926.0;0.0
av_CORN_d5;50400;INTARIAN_PEPPER_ROOT;9990;16;9986;18;;;10012;7;10015;16;;;10001.0;0.0
av_CORN_d5;50500;ASH_COATED_OSMIUM;9924;20;9920;23;;;9930;14;9932;19;;;9927.0;0.0
av_CORN_d5;50500;INTARIAN_PEPPER_ROOT;9979;8;9975;29;;;10022;15;10025;23;;;10000.5;0.0
av_CORN_d5;50600;ASH_COATED_OSMIUM;9922;11;9920;20;;;9931;11;9933;19;;;9926.5;0.0
av_CORN_d5;50600;INTARIAN_PEPPER_ROOT;9997;12;9993;14;;;10005;7;10008;26;;;10001.0;0.0
av_CORN_d5;50700;ASH_COATED_OSMIUM;9923;27;9921;19;;;9929;18;9932;13;;;9926.0;0.0
av_CORN_d5;50700;INTARIAN_PEPPER_ROOT;9997;13;9993;15;;;10003;12;10006;16;;;10000.0;0.0
av_CORN_d5;50800;ASH_COATED_OSMIUM;9924;14;9920;14;;;9930;17;9933;13;;;9927.0;0.0
av_CORN_d5;50800;INTARIAN_PEPPER_ROOT;9996;18;9992;24;;;10002;18;10005;20;;;9999.0;0.0
av_CORN_d5;50900;ASH_COATED_OSMIUM;9920;17;9917;16;;;9933;10;9935;25;;;9926.5;0.0
av_CORN_d5;50900;INTARIAN_PEPPER_ROOT;9996;12;9993;17;;;10002;9;10005;24;;;9999.0;0.0
av_CORN_d5;51000;ASH_COATED_OSMIUM;9924;5;9922;14;;;9930;6;9932;30;;;9927.0;0.0
av_CORN_d5;51000;INTARIAN_PEPPER_ROOT;9993;14;9990;17;;;10006;12;10010;12;;;9999.5;0.0
av_CORN_d5;51100;ASH_COATED_OSMIUM;9923;18;9919;14;;;9930;5;9934;14;;;9926.5;0.0
av_CORN_d5;51100;INTARIAN_PEPPER_ROOT;9996;14;9994;23;;;10002;11;10005;18;;;9999.0;0.0
av_CORN_d5;51200;ASH_COATED_OSMIUM;9923;12;9919;21;;;9929;23;9931;19;;;9926.0;0.0
av_CORN_d5;51200;INTARIAN_PEPPER_ROOT;9997;14;9994;17;;;10003;20;10007;25;;;10000.0;0.0
av_CORN_d5;51300;ASH_COATED_OSMIUM;9924;20;9922;20;;;9930;11;9932;17;;;9927.0;0.0
av_CORN_d5;51300;INTARIAN_PEPPER_ROOT;9997;17;9994;18;;;10003;11;10007;12;;;10000.0;0.0
av_CORN_d5;51400;ASH_COATED_OSMIUM;9922;6;9918;20;;;9932;17;9934;21;;;9927.0;0.0
av_CORN_d5;51400;INTARIAN_PEPPER_ROOT;9997;13;9994;25;;;10003;5;10005;18;;;10000.0;0.0
av_CORN_d5;51500;ASH_COATED_OSMIUM;9921;14;9918;20;;;9933;17;9936;21;;;9927.0;0.0
av_CORN_d5;51500;INTARIAN_PEPPER_ROOT;9996;10;9992;14;;;10002;12;10005;27;;;9999.0;0.0
av_CORN_d5;51600;ASH_COATED_OSMIUM;9923;12;9921;20;;;9929;16;9932;27;;;9926.0;0.0
av_CORN_d5;51600;INTARIAN_PEPPER_ROOT;9997;16;9995;19;;;10003;5;10005;18;;;10000.0;0.0
av_CORN_d5;51700;ASH_COATED_OSMIUM;9919;19;9917;21;;;9936;9;9939;17;;;9927.5;0.0
av_CORN_d5;51700;INTARIAN_PEPPER_ROOT;9996;14;9994;19;;;10002;6;10005;19;;;9999.0;0.0
av_CORN_d5;51800;ASH_COATED_OSMIUM;9924;20;9921;22;;;9930;16;9933;16;;;9927.0;0.0
av_CORN_d5;51800;INTARIAN_PEPPER_ROOT;9989;16;9986;22;;;10011;19;10015;23;;;10000.0;0.0
av_CORN_d5;51900;ASH_COATED_OSMIUM;9924;15;9920;24;;;9930;11;9932;24;;;9927.0;0.0
av_CORN_d5;51900;INTARIAN_PEPPER_ROOT;9997;11;9995;22;;;10003;18;10007;17;;;10000.0;0.0
av_CORN_d5;52000;ASH_COATED_OSMIUM;9924;12;9920;19;;;9930;15;9933;20;;;9927.0;0.0
av_CORN_d5;52000;INTARIAN_PEPPER_ROOT;9997;11;9993;22;;;10003;17;10006;18;;;10000.0;0.0
av_CORN_d5;52100;ASH_COATED_OSMIUM;9924;16;9920;13;;;9930;15;9932;19;;;9927.0;0.0
av_CORN_d5;52100;INTARIAN_PEPPER_ROOT;9995;5;9992;15;;;10005;14;10007;20;;;10000.0;0.0
av_CORN_d5;52200;ASH_COATED_OSMIUM;9924;6;9920;8;;;9930;19;9932;21;;;9927.0;0.0
av_CORN_d5;52200;INTARIAN_PEPPER_ROOT;9997;13;9994;19;;;10003;16;10007;22;;;10000.0;0.0
av_CORN_d5;52300;ASH_COATED_OSMIUM;9924;13;9920;19;;;9930;14;9934;24;;;9927.0;0.0
av_CORN_d5;52300;INTARIAN_PEPPER_ROOT;9997;15;9994;17;;;10003;22;10007;19;;;10000.0;0.0
av_CORN_d5;52400;ASH_COATED_OSMIUM;9924;8;9921;21;;;9930;13;9933;20;;;9927.0;0.0
av_CORN_d5;52400;INTARIAN_PEPPER_ROOT;9988;15;9986;23;;;10012;17;10015;17;;;10000.0;0.0
av_CORN_d5;52500;ASH_COATED_OSMIUM;9924;24;9921;13;;;9930;15;9932;12;;;9927.0;0.0
av_CORN_d5;52500;INTARIAN_PEPPER_ROOT;9988;18;9986;24;;;10013;18;10015;15;;;10000.5;0.0
av_CORN_d5;52600;ASH_COATED_OSMIUM;9923;20;9921;24;;;9929;17;9933;22;;;9926.0;0.0
av_CORN_d5;52600;INTARIAN_PEPPER_ROOT;9986;7;9984;21;;;10014;5;10016;15;;;10000.0;0.0
av_CORN_d5;52700;ASH_COATED_OSMIUM;9924;17;9921;25;;;9930;14;9932;16;;;9927.0;0.0
av_CORN_d5;52700;INTARIAN_PEPPER_ROOT;9997;23;9994;16;;;10003;10;10007;29;;;10000.0;0.0
av_CORN_d5;52800;ASH_COATED_OSMIUM;9924;13;9921;21;;;9930;19;9932;24;;;9927.0;0.0
av_CORN_d5;52800;INTARIAN_PEPPER_ROOT;9993;18;9989;16;;;10008;7;10011;15;;;10000.5;0.0
av_CORN_d5;52900;ASH_COATED_OSMIUM;9917;18;9913;22;;;9937;12;9941;14;;;9927.0;0.0
av_CORN_d5;52900;INTARIAN_PEPPER_ROOT;9997;14;9995;20;;;10003;25;10007;18;;;10000.0;0.0
av_CORN_d5;53000;ASH_COATED_OSMIUM;9918;13;9915;17;;;9936;5;9939;18;;;9927.0;0.0
av_CORN_d5;53000;INTARIAN_PEPPER_ROOT;9996;11;9993;30;;;10004;14;10007;23;;;10000.0;0.0
av_CORN_d5;53100;ASH_COATED_OSMIUM;9923;16;9920;20;;;9931;14;9934;27;;;9927.0;0.0
av_CORN_d5;53100;INTARIAN_PEPPER_ROOT;9997;11;9993;20;;;10003;9;10005;23;;;10000.0;0.0
av_CORN_d5;53200;ASH_COATED_OSMIUM;9924;12;9922;13;;;9930;13;9933;27;;;9927.0;0.0
av_CORN_d5;53200;INTARIAN_PEPPER_ROOT;9997;11;9993;16;;;10003;15;10007;23;;;10000.0;0.0
av_CORN_d5;53300;ASH_COATED_OSMIUM;9920;21;9918;29;;;9933;9;9937;14;;;9926.5;0.0
av_CORN_d5;53300;INTARIAN_PEPPER_ROOT;9997;13;9993;14;;;10003;12;10006;21;;;10000.0;0.0
av_CORN_d5;53400;ASH_COATED_OSMIUM;9923;8;9919;15;;;9932;17;9934;13;;;9927.5;0.0
av_CORN_d5;53400;INTARIAN_PEPPER_ROOT;9998;18;9996;9;;;10004;16;10006;26;;;10001.0;0.0
av_CORN_d5;53500;ASH_COATED_OSMIUM;9923;14;9920;22;;;9932;12;9935;20;;;9927.5;0.0
av_CORN_d5;53500;INTARIAN_PEPPER_ROOT;9997;15;9995;21;;;10004;15;10006;22;;;10000.5;0.0
av_CORN_d5;53600;ASH_COATED_OSMIUM;9923;11;9919;18;;;9932;17;9934;17;;;9927.5;0.0
av_CORN_d5;53600;INTARIAN_PEPPER_ROOT;9998;19;9994;24;;;10004;12;10008;15;;;10001.0;0.0
av_CORN_d5;53700;ASH_COATED_OSMIUM;9925;19;9922;34;;;9931;15;9935;19;;;9928.0;0.0
av_CORN_d5;53700;INTARIAN_PEPPER_ROOT;9998;20;9996;15;;;10004;24;10007;20;;;10001.0;0.0
av_CORN_d5;53800;ASH_COATED_OSMIUM;9925;15;9922;24;;;9931;11;9935;17;;;9928.0;0.0
av_CORN_d5;53800;INTARIAN_PEPPER_ROOT;9998;22;9996;19;;;10004;8;10008;15;;;10001.0;0.0
av_CORN_d5;53900;ASH_COATED_OSMIUM;9924;14;9921;20;;;9930;22;9934;21;;;9927.0;0.0
av_CORN_d5;53900;INTARIAN_PEPPER_ROOT;9997;22;9994;28;;;10003;20;10006;21;;;10000.0;0.0
av_CORN_d5;54000;ASH_COATED_OSMIUM;9907;14;9905;20;;;9947;14;9951;8;;;9927.0;0.0
av_CORN_d5;54000;INTARIAN_PEPPER_ROOT;9997;16;9994;28;;;10003;17;10006;16;;;10000.0;0.0
av_CORN_d5;54100;ASH_COATED_OSMIUM;9924;19;9921;15;;;9930;7;9932;24;;;9927.0;0.0
av_CORN_d5;54100;INTARIAN_PEPPER_ROOT;9997;30;9995;18;;;10003;19;10007;20;;;10000.0;0.0
av_CORN_d5;54200;ASH_COATED_OSMIUM;9924;5;9920;14;;;9930;18;9932;21;;;9927.0;0.0
av_CORN_d5;54200;INTARIAN_PEPPER_ROOT;9998;15;9994;16;;;10004;18;10006;20;;;10001.0;0.0
av_CORN_d5;54300;ASH_COATED_OSMIUM;9924;26;9921;16;;;9930;13;9934;19;;;9927.0;0.0
av_CORN_d5;54300;INTARIAN_PEPPER_ROOT;9998;22;9994;23;;;10004;24;10008;22;;;10001.0;0.0
av_CORN_d5;54400;ASH_COATED_OSMIUM;9919;16;9915;21;;;9935;13;9937;31;;;9927.0;0.0
av_CORN_d5;54400;INTARIAN_PEPPER_ROOT;9994;19;9992;27;;;10008;15;10011;27;;;10001.0;0.0
av_CORN_d5;54500;ASH_COATED_OSMIUM;9924;21;9920;11;;;9930;11;9934;16;;;9927.0;0.0
av_CORN_d5;54500;INTARIAN_PEPPER_ROOT;9998;23;9996;13;;;10004;9;10006;16;;;10001.0;0.0
av_CORN_d5;54600;ASH_COATED_OSMIUM;9924;8;9920;19;;;9933;20;9937;19;;;9928.5;0.0
av_CORN_d5;54600;INTARIAN_PEPPER_ROOT;9998;5;9994;18;;;10004;15;10008;20;;;10001.0;0.0
av_CORN_d5;54700;ASH_COATED_OSMIUM;9924;5;9920;23;;;9930;17;9933;27;;;9927.0;0.0
av_CORN_d5;54700;INTARIAN_PEPPER_ROOT;9992;15;9989;27;;;10010;13;10013;15;;;10001.0;0.0
av_CORN_d5;54800;ASH_COATED_OSMIUM;9925;6;9923;19;;;9931;18;9935;18;;;9928.0;0.0
av_CORN_d5;54800;INTARIAN_PEPPER_ROOT;9998;17;9994;19;;;10004;15;10007;21;;;10001.0;0.0
av_CORN_d5;54900;ASH_COATED_OSMIUM;9922;9;9919;16;;;9934;12;9936;23;;;9928.0;0.0
av_CORN_d5;54900;INTARIAN_PEPPER_ROOT;9997;13;9993;22;;;10003;16;10007;13;;;10000.0;0.0
av_CORN_d5;55000;ASH_COATED_OSMIUM;9920;22;9916;16;;;9937;20;9939;21;;;9928.5;0.0
av_CORN_d5;55000;INTARIAN_PEPPER_ROOT;9998;16;9995;22;;;10004;16;10006;25;;;10001.0;0.0
av_CORN_d5;55100;ASH_COATED_OSMIUM;9925;18;9922;17;;;9931;15;9935;17;;;9928.0;0.0
av_CORN_d5;55100;INTARIAN_PEPPER_ROOT;9996;13;9993;22;;;10006;9;10010;26;;;10001.0;0.0
av_CORN_d5;55200;ASH_COATED_OSMIUM;9925;14;9923;23;;;9931;11;9934;20;;;9928.0;0.0
av_CORN_d5;55200;INTARIAN_PEPPER_ROOT;9997;19;9993;21;;;10005;17;10009;13;;;10001.0;0.0
av_CORN_d5;55300;ASH_COATED_OSMIUM;9923;11;9921;16;;;9933;10;9935;12;;;9928.0;0.0
av_CORN_d5;55300;INTARIAN_PEPPER_ROOT;9998;16;9995;16;;;10004;18;10008;11;;;10001.0;0.0
av_CORN_d5;55400;ASH_COATED_OSMIUM;9925;19;9923;21;;;9931;13;9935;21;;;9928.0;0.0
av_CORN_d5;55400;INTARIAN_PEPPER_ROOT;9998;14;9996;16;;;10004;17;10006;23;;;10001.0;0.0
av_CORN_d5;55500;ASH_COATED_OSMIUM;9925;12;9921;16;;;9931;22;9935;23;;;9928.0;0.0
av_CORN_d5;55500;INTARIAN_PEPPER_ROOT;9998;10;9994;23;;;10004;20;10008;29;;;10001.0;0.0
av_CORN_d5;55600;ASH_COATED_OSMIUM;9923;14;9920;23;;;9932;13;9936;14;;;9927.5;0.0
av_CORN_d5;55600;INTARIAN_PEPPER_ROOT;9998;15;9995;17;;;10004;20;10007;24;;;10001.0;0.0
av_CORN_d5;55700;ASH_COATED_OSMIUM;9922;23;9919;22;;;9935;9;9938;23;;;9928.5;0.0
av_CORN_d5;55700;INTARIAN_PEPPER_ROOT;9998;12;9995;18;;;10004;16;10006;18;;;10001.0;0.0
av_CORN_d5;55800;ASH_COATED_OSMIUM;9919;16;9917;17;;;9936;17;9940;23;;;9927.5;0.0
av_CORN_d5;55800;INTARIAN_PEPPER_ROOT;9993;9;9991;21;;;10010;11;10013;19;;;10001.5;0.0
av_CORN_d5;55900;ASH_COATED_OSMIUM;9925;15;9922;11;;;9931;18;9935;17;;;9928.0;0.0
av_CORN_d5;55900;INTARIAN_PEPPER_ROOT;9998;17;9995;19;;;10004;14;10007;19;;;10001.0;0.0
av_CORN_d5;56000;ASH_COATED_OSMIUM;9916;11;9913;20;;;9940;9;9943;25;;;9928.0;0.0
av_CORN_d5;56000;INTARIAN_PEPPER_ROOT;9998;21;9995;23;;;10004;19;10008;15;;;10001.0;0.0
av_CORN_d5;56100;ASH_COATED_OSMIUM;9924;17;9921;21;;;9930;24;9934;15;;;9927.0;0.0
av_CORN_d5;56100;INTARIAN_PEPPER_ROOT;9980;20;9977;18;;;10022;15;10024;25;;;10001.0;0.0
av_CORN_d5;56200;ASH_COATED_OSMIUM;9925;14;9922;22;;;9931;11;9935;19;;;9928.0;0.0
av_CORN_d5;56200;INTARIAN_PEPPER_ROOT;9995;14;9993;8;;;10007;17;10010;9;;;10001.0;0.0
av_CORN_d5;56300;ASH_COATED_OSMIUM;9922;13;9919;21;;;9934;17;9938;19;;;9928.0;0.0
av_CORN_d5;56300;INTARIAN_PEPPER_ROOT;9991;17;9989;24;;;10011;11;10013;16;;;10001.0;0.0
av_CORN_d5;56400;ASH_COATED_OSMIUM;9920;17;9916;19;;;9936;17;9940;19;;;9928.0;0.0
av_CORN_d5;56400;INTARIAN_PEPPER_ROOT;9997;15;9994;13;;;10005;18;10007;17;;;10001.0;0.0
av_CORN_d5;56500;ASH_COATED_OSMIUM;9925;10;9921;14;;;9931;18;9933;31;;;9928.0;0.0
av_CORN_d5;56500;INTARIAN_PEPPER_ROOT;9991;16;9987;19;;;10013;11;10016;22;;;10002.0;0.0
av_CORN_d5;56600;ASH_COATED_OSMIUM;9925;14;9921;22;;;9931;29;9934;23;;;9928.0;0.0
av_CORN_d5;56600;INTARIAN_PEPPER_ROOT;9998;18;9994;18;;;10006;20;10009;10;;;10002.0;0.0
av_CORN_d5;56700;ASH_COATED_OSMIUM;9923;18;9921;10;;;9932;14;9936;11;;;9927.5;0.0
av_CORN_d5;56700;INTARIAN_PEPPER_ROOT;9998;14;9994;10;;;10004;15;10008;10;;;10001.0;0.0
av_CORN_d5;56800;ASH_COATED_OSMIUM;9921;18;9918;18;;;9936;17;9938;19;;;9928.5;0.0
av_CORN_d5;56800;INTARIAN_PEPPER_ROOT;9998;12;9994;15;;;10004;15;10007;18;;;10001.0;0.0
av_CORN_d5;56900;ASH_COATED_OSMIUM;9913;12;9910;21;;;9942;16;9946;14;;;9927.5;0.0
av_CORN_d5;56900;INTARIAN_PEPPER_ROOT;9998;16;9994;19;;;10004;21;10007;25;;;10001.0;0.0
av_CORN_d5;57000;ASH_COATED_OSMIUM;9924;11;9921;18;;;9931;5;9935;28;;;9927.5;0.0
av_CORN_d5;57000;INTARIAN_PEPPER_ROOT;9997;11;9993;22;;;10006;14;10010;22;;;10001.5;0.0
av_CORN_d5;57100;ASH_COATED_OSMIUM;9920;18;9918;20;;;9935;6;9937;25;;;9927.5;0.0
av_CORN_d5;57100;INTARIAN_PEPPER_ROOT;9998;5;9996;11;;;10004;24;10008;19;;;10001.0;0.0
av_CORN_d5;57200;ASH_COATED_OSMIUM;9925;21;9921;20;;;9931;23;9935;15;;;9928.0;0.0
av_CORN_d5;57200;INTARIAN_PEPPER_ROOT;9993;14;9991;15;;;10010;8;10014;21;;;10001.5;0.0
av_CORN_d5;57300;ASH_COATED_OSMIUM;9921;12;9919;22;;;9936;21;9939;26;;;9928.5;0.0
av_CORN_d5;57300;INTARIAN_PEPPER_ROOT;9991;12;9988;12;;;10011;17;10015;15;;;10001.0;0.0
av_CORN_d5;57400;ASH_COATED_OSMIUM;9924;10;9920;24;;;9932;19;9935;25;;;9928.0;0.0
av_CORN_d5;57400;INTARIAN_PEPPER_ROOT;9998;5;9995;23;;;10004;10;10006;17;;;10001.0;0.0
av_CORN_d5;57500;ASH_COATED_OSMIUM;9925;10;9921;15;;;9931;18;9935;16;;;9928.0;0.0
av_CORN_d5;57500;INTARIAN_PEPPER_ROOT;9988;16;9984;18;;;10016;18;10019;21;;;10002.0;0.0
av_CORN_d5;57600;ASH_COATED_OSMIUM;9925;14;9923;22;;;9931;8;9935;12;;;9928.0;0.0
av_CORN_d5;57600;INTARIAN_PEPPER_ROOT;9998;7;9995;21;;;10004;8;10006;20;;;10001.0;0.0
av_CORN_d5;57700;ASH_COATED_OSMIUM;9925;11;9923;18;;;9931;16;9934;12;;;9928.0;0.0
av_CORN_d5;57700;INTARIAN_PEPPER_ROOT;9999;18;9997;23;;;10005;19;10007;20;;;10002.0;0.0
av_CORN_d5;57800;ASH_COATED_OSMIUM;9921;20;9917;13;;;9935;13;9939;30;;;9928.0;0.0
av_CORN_d5;57800;INTARIAN_PEPPER_ROOT;9991;13;9988;19;;;10012;20;10015;17;;;10001.5;0.0
av_CORN_d5;57900;ASH_COATED_OSMIUM;9925;9;9923;22;;;9931;14;9934;16;;;9928.0;0.0
av_CORN_d5;57900;INTARIAN_PEPPER_ROOT;9997;16;9995;17;;;10005;19;10008;23;;;10001.0;0.0
av_CORN_d5;58000;ASH_COATED_OSMIUM;9922;18;9918;12;;;9934;5;9938;24;;;9928.0;0.0
av_CORN_d5;58000;INTARIAN_PEPPER_ROOT;9998;10;9995;24;;;10004;11;10006;22;;;10001.0;0.0
av_CORN_d5;58100;ASH_COATED_OSMIUM;9926;10;9923;18;;;9932;20;9936;23;;;9929.0;0.0
av_CORN_d5;58100;INTARIAN_PEPPER_ROOT;9996;20;9993;19;;;10007;13;10011;16;;;10001.5;0.0
av_CORN_d5;58200;ASH_COATED_OSMIUM;9926;18;9924;18;;;9932;14;9935;15;;;9929.0;0.0
av_CORN_d5;58200;INTARIAN_PEPPER_ROOT;9986;15;9983;27;;;10018;18;10021;15;;;10002.0;0.0
av_CORN_d5;58300;ASH_COATED_OSMIUM;9925;14;9922;19;;;9931;7;9933;22;;;9928.0;0.0
av_CORN_d5;58300;INTARIAN_PEPPER_ROOT;9999;5;9997;24;;;10005;11;10007;20;;;10002.0;0.0
av_CORN_d5;58400;ASH_COATED_OSMIUM;9917;12;9913;23;;;9939;14;9942;13;;;9928.0;0.0
av_CORN_d5;58400;INTARIAN_PEPPER_ROOT;9994;11;9990;12;;;10010;20;10013;21;;;10002.0;0.0
