day;timestamp;product;bid_price_1;bid_volume_1;bid_price_2;bid_volume_2;bid_price_3;bid_volume_3;ask_price_1;ask_volume_1;ask_price_2;ask_volume_2;ask_price_3;ask_volume_3;mid_price;profit_and_loss
yf_ZS=F_d14;0;ASH_COATED_OSMIUM;9900;13;9896;23;;;9910;17;9914;21;;;9905.0;0.0
yf_ZS=F_d14;0;INTARIAN_PEPPER_ROOT;10616;10;10614;16;;;10632;23;10636;24;;;10624.0;0.0
yf_ZS=F_d14;100;ASH_COATED_OSMIUM;9902;15;9898;20;;;9908;21;9911;21;;;9905.0;0.0
yf_ZS=F_d14;100;INTARIAN_PEPPER_ROOT;10620;25;10616;16;;;10626;11;10628;16;;;10623.0;0.0
yf_ZS=F_d14;200;ASH_COATED_OSMIUM;9902;14;9898;11;;;9908;16;9911;17;;;9905.0;0.0
yf_ZS=F_d14;200;INTARIAN_PEPPER_ROOT;10620;18;10618;18;;;10626;16;10628;17;;;10623.0;0.0
yf_ZS=F_d14;300;ASH_COATED_OSMIUM;9901;18;9897;30;;;9909;16;9911;33;;;9905.0;0.0
yf_ZS=F_d14;300;INTARIAN_PEPPER_ROOT;10618;12;10614;21;;;10626;18;10629;13;;;10622.0;0.0
yf_ZS=F_d14;400;ASH_COATED_OSMIUM;9902;17;9899;17;;;9908;18;9911;20;;;9905.0;0.0
yf_ZS=F_d14;400;INTARIAN_PEPPER_ROOT;10619;9;10616;20;;;10625;22;10627;20;;;10622.0;0.0
yf_ZS=F_d14;500;ASH_COATED_OSMIUM;9903;16;9900;17;;;9909;11;9913;25;;;9906.0;0.0
yf_ZS=F_d14;500;INTARIAN_PEPPER_ROOT;10619;17;10615;19;;;10625;20;10627;17;;;10622.0;0.0
yf_ZS=F_d14;600;ASH_COATED_OSMIUM;9902;14;9899;19;;;9908;18;9911;24;;;9905.0;0.0
yf_ZS=F_d14;600;INTARIAN_PEPPER_ROOT;10618;16;10616;26;;;10624;15;10626;16;;;10621.0;0.0
yf_ZS=F_d14;700;ASH_COATED_OSMIUM;9903;9;9900;15;;;9909;12;9912;22;;;9906.0;0.0
yf_ZS=F_d14;700;INTARIAN_PEPPER_ROOT;10615;25;10611;16;;;10626;14;10629;19;;;10620.5;0.0
yf_ZS=F_d14;800;ASH_COATED_OSMIUM;9902;16;9900;8;;;9909;14;9912;24;;;9905.5;0.0
yf_ZS=F_d14;800;INTARIAN_PEPPER_ROOT;10613;9;10609;20;;;10628;16;10632;15;;;10620.5;0.0
yf_ZS=F_d14;900;ASH_COATED_OSMIUM;9901;17;9897;21;;;9908;19;9912;19;;;9904.5;0.0
yf_ZS=F_d14;900;INTARIAN_PEPPER_ROOT;10607;12;10603;11;;;10632;27;10635;22;;;10619.5;0.0
yf_ZS=F_d14;1000;ASH_COATED_OSMIUM;9899;19;9897;21;;;9912;7;9915;24;;;9905.5;0.0
yf_ZS=F_d14;1000;INTARIAN_PEPPER_ROOT;10617;16;10614;29;;;10623;8;10627;27;;;10620.0;0.0
yf_ZS=F_d14;1100;ASH_COATED_OSMIUM;9903;20;9901;16;;;9909;21;9912;27;;;9906.0;0.0
yf_ZS=F_d14;1100;INTARIAN_PEPPER_ROOT;10617;10;10615;13;;;10623;18;10625;19;;;10620.0;0.0
yf_ZS=F_d14;1200;ASH_COATED_OSMIUM;9902;22;9900;21;;;9908;18;9912;27;;;9905.0;0.0
yf_ZS=F_d14;1200;INTARIAN_PEPPER_ROOT;10616;10;10612;23;;;10622;11;10624;14;;;10619.0;0.0
yf_ZS=F_d14;1300;ASH_COATED_OSMIUM;9903;22;9901;9;;;9909;18;9913;16;;;9906.0;0.0
yf_ZS=F_d14;1300;INTARIAN_PEPPER_ROOT;10616;11;10612;20;;;10622;15;10624;23;;;10619.0;0.0
yf_ZS=F_d14;1400;ASH_COATED_OSMIUM;9903;5;9900;18;;;9909;17;9913;8;;;9906.0;0.0
yf_ZS=F_d14;1400;INTARIAN_PEPPER_ROOT;10615;15;10612;11;;;10621;12;10623;19;;;10618.0;0.0
yf_ZS=F_d14;1500;ASH_COATED_OSMIUM;9903;13;9900;22;;;9909;9;9913;23;;;9906.0;0.0
yf_ZS=F_d14;1500;INTARIAN_PEPPER_ROOT;10614;15;10610;18;;;10620;20;10622;21;;;10617.0;0.0
yf_ZS=F_d14;1600;ASH_COATED_OSMIUM;9900;6;9897;22;;;9911;25;9914;26;;;9905.5;0.0
yf_ZS=F_d14;1600;INTARIAN_PEPPER_ROOT;10612;7;10610;19;;;10621;9;10623;15;;;10616.5;0.0
yf_ZS=F_d14;1700;ASH_COATED_OSMIUM;9902;11;9898;20;;;9908;17;9911;23;;;9905.0;0.0
yf_ZS=F_d14;1700;INTARIAN_PEPPER_ROOT;10592;11;10590;15;;;10641;17;10643;24;;;10616.5;0.0
yf_ZS=F_d14;1800;ASH_COATED_OSMIUM;9902;16;9898;24;;;9908;17;9912;14;;;9905.0;0.0
yf_ZS=F_d14;1800;INTARIAN_PEPPER_ROOT;10613;10;10610;17;;;10619;11;10622;22;;;10616.0;0.0
yf_ZS=F_d14;1900;ASH_COATED_OSMIUM;9902;16;9900;19;;;9908;13;9911;28;;;9905.0;0.0
yf_ZS=F_d14;1900;INTARIAN_PEPPER_ROOT;10611;8;10608;15;;;10621;20;10623;17;;;10616.0;0.0
yf_ZS=F_d14;2000;ASH_COATED_OSMIUM;9900;12;9898;21;;;9912;14;9916;29;;;9906.0;0.0
yf_ZS=F_d14;2000;INTARIAN_PEPPER_ROOT;10611;15;10609;15;;;10620;8;10623;18;;;10615.5;0.0
yf_ZS=F_d14;2100;ASH_COATED_OSMIUM;9896;19;9893;20;;;9913;20;9915;18;;;9904.5;0.0
yf_ZS=F_d14;2100;INTARIAN_PEPPER_ROOT;10611;18;10608;24;;;10619;15;10621;21;;;10615.0;0.0
yf_ZS=F_d14;2200;ASH_COATED_OSMIUM;9901;16;9897;22;;;9911;23;9914;23;;;9906.0;0.0
yf_ZS=F_d14;2200;INTARIAN_PEPPER_ROOT;10611;18;10607;20;;;10617;18;10621;19;;;10614.0;0.0
yf_ZS=F_d14;2300;ASH_COATED_OSMIUM;9902;6;9899;20;;;9908;10;9911;16;;;9905.0;0.0
yf_ZS=F_d14;2300;INTARIAN_PEPPER_ROOT;10611;16;10607;16;;;10617;13;10619;20;;;10614.0;0.0
yf_ZS=F_d14;2400;ASH_COATED_OSMIUM;9902;11;9900;18;;;9909;13;9911;18;;;9905.5;0.0
yf_ZS=F_d14;2400;INTARIAN_PEPPER_ROOT;10603;15;10600;26;;;10625;17;10627;17;;;10614.0;0.0
yf_ZS=F_d14;2500;ASH_COATED_OSMIUM;9898;12;9895;24;;;9910;12;9912;18;;;9904.0;0.0
yf_ZS=F_d14;2500;INTARIAN_PEPPER_ROOT;10591;16;10587;33;;;10637;11;10639;23;;;10614.0;0.0
yf_ZS=F_d14;2600;ASH_COATED_OSMIUM;9897;22;9894;32;;;9914;27;9917;29;;;9905.5;0.0
yf_ZS=F_d14;2600;INTARIAN_PEPPER_ROOT;10610;17;10607;18;;;10616;13;10620;18;;;10613.0;0.0
yf_ZS=F_d14;2700;ASH_COATED_OSMIUM;9902;18;9898;25;;;9908;11;9910;14;;;9905.0;0.0
yf_ZS=F_d14;2700;INTARIAN_PEPPER_ROOT;10609;11;10605;27;;;10616;10;10618;17;;;10612.5;0.0
yf_ZS=F_d14;2800;ASH_COATED_OSMIUM;9902;11;9900;25;;;9908;12;9910;22;;;9905.0;0.0
yf_ZS=F_d14;2800;INTARIAN_PEPPER_ROOT;10609;23;10606;22;;;10615;5;10619;18;;;10612.0;0.0
yf_ZS=F_d14;2900;ASH_COATED_OSMIUM;9899;16;9897;21;;;9912;20;9915;22;;;9905.5;0.0
yf_ZS=F_d14;2900;INTARIAN_PEPPER_ROOT;10608;11;10606;22;;;10614;21;10617;30;;;10611.0;0.0
yf_ZS=F_d14;3000;ASH_COATED_OSMIUM;9900;11;9896;18;;;9909;14;9912;20;;;9904.5;0.0
yf_ZS=F_d14;3000;INTARIAN_PEPPER_ROOT;10605;21;10603;24;;;10618;15;10620;17;;;10611.5;0.0
yf_ZS=F_d14;3100;ASH_COATED_OSMIUM;9896;26;9894;20;;;9915;21;9919;23;;;9905.5;0.0
yf_ZS=F_d14;3100;INTARIAN_PEPPER_ROOT;10606;14;10603;25;;;10617;14;10620;20;;;10611.5;0.0
yf_ZS=F_d14;3200;ASH_COATED_OSMIUM;9902;13;9898;24;;;9908;13;9912;19;;;9905.0;0.0
yf_ZS=F_d14;3200;INTARIAN_PEPPER_ROOT;10607;14;10603;26;;;10615;19;10619;31;;;10611.0;0.0
yf_ZS=F_d14;3300;ASH_COATED_OSMIUM;9901;16;9897;13;;;9909;10;9911;31;;;9905.0;0.0
yf_ZS=F_d14;3300;INTARIAN_PEPPER_ROOT;10605;24;10601;24;;;10614;12;10618;22;;;10609.5;0.0
yf_ZS=F_d14;3400;ASH_COATED_OSMIUM;9902;13;9899;27;;;9908;16;9911;21;;;9905.0;0.0
yf_ZS=F_d14;3400;INTARIAN_PEPPER_ROOT;10604;11;10601;23;;;10615;10;10619;17;;;10609.5;0.0
yf_ZS=F_d14;3500;ASH_COATED_OSMIUM;9902;7;9900;24;;;9909;11;9912;19;;;9905.5;0.0
yf_ZS=F_d14;3500;INTARIAN_PEPPER_ROOT;10603;7;10601;20;;;10615;21;10618;27;;;10609.0;0.0
yf_ZS=F_d14;3600;ASH_COATED_OSMIUM;9902;12;9899;24;;;9908;19;9910;17;;;9905.0;0.0
yf_ZS=F_d14;3600;INTARIAN_PEPPER_ROOT;10606;18;10602;18;;;10612;18;10616;24;;;10609.0;0.0
yf_ZS=F_d14;3700;ASH_COATED_OSMIUM;9902;14;9899;20;;;9908;12;9912;25;;;9905.0;0.0
yf_ZS=F_d14;3700;INTARIAN_PEPPER_ROOT;10605;12;10602;14;;;10612;18;10616;26;;;10608.5;0.0
yf_ZS=F_d14;3800;ASH_COATED_OSMIUM;9902;9;9900;28;;;9909;25;9913;17;;;9905.5;0.0
yf_ZS=F_d14;3800;INTARIAN_PEPPER_ROOT;10605;20;10602;31;;;10611;12;10614;18;;;10608.0;0.0
yf_ZS=F_d14;3900;ASH_COATED_OSMIUM;9902;22;9900;25;;;9908;8;9912;21;;;9905.0;0.0
yf_ZS=F_d14;3900;INTARIAN_PEPPER_ROOT;10604;16;10601;11;;;10610;13;10614;21;;;10607.0;0.0
yf_ZS=F_d14;4000;ASH_COATED_OSMIUM;9902;14;9899;20;;;9908;14;9912;26;;;9905.0;0.0
yf_ZS=F_d14;4000;INTARIAN_PEPPER_ROOT;10604;19;10601;21;;;10610;22;10612;14;;;10607.0;0.0
yf_ZS=F_d14;4100;ASH_COATED_OSMIUM;9902;15;9898;18;;;9908;22;9910;18;;;9905.0;0.0
yf_ZS=F_d14;4100;INTARIAN_PEPPER_ROOT;10603;14;10601;27;;;10611;12;10614;24;;;10607.0;0.0
yf_ZS=F_d14;4200;ASH_COATED_OSMIUM;9902;13;9899;17;;;9908;21;9912;14;;;9905.0;0.0
yf_ZS=F_d14;4200;INTARIAN_PEPPER_ROOT;10598;5;10595;15;;;10615;12;10618;19;;;10606.5;0.0
yf_ZS=F_d14;4300;ASH_COATED_OSMIUM;9902;20;9900;22;;;9908;18;9911;22;;;9905.0;0.0
yf_ZS=F_d14;4300;INTARIAN_PEPPER_ROOT;10602;21;10598;23;;;10611;13;10615;30;;;10606.5;0.0
yf_ZS=F_d14;4400;ASH_COATED_OSMIUM;9900;7;9896;15;;;9910;10;9913;20;;;9905.0;0.0
yf_ZS=F_d14;4400;INTARIAN_PEPPER_ROOT;10603;22;10600;15;;;10609;20;10611;23;;;10606.0;0.0
yf_ZS=F_d14;4500;ASH_COATED_OSMIUM;9902;13;9899;14;;;9908;20;9911;18;;;9905.0;0.0
yf_ZS=F_d14;4500;INTARIAN_PEPPER_ROOT;10597;12;10594;15;;;10613;15;10616;23;;;10605.0;0.0
yf_ZS=F_d14;4600;ASH_COATED_OSMIUM;9900;10;9896;24;;;9910;22;9912;8;;;9905.0;0.0
yf_ZS=F_d14;4600;INTARIAN_PEPPER_ROOT;10601;16;10599;16;;;10607;6;10609;9;;;10604.0;0.0
yf_ZS=F_d14;4700;ASH_COATED_OSMIUM;9902;19;9899;26;;;9908;16;9911;12;;;9905.0;0.0
yf_ZS=F_d14;4700;INTARIAN_PEPPER_ROOT;10595;19;10593;25;;;10614;26;10618;25;;;10604.5;0.0
yf_ZS=F_d14;4800;ASH_COATED_OSMIUM;9902;11;9899;25;;;9908;15;9910;16;;;9905.0;0.0
yf_ZS=F_d14;4800;INTARIAN_PEPPER_ROOT;10600;17;10597;10;;;10607;16;10610;25;;;10603.5;0.0
yf_ZS=F_d14;4900;ASH_COATED_OSMIUM;9883;9;9880;21;;;9927;13;9931;26;;;9905.0;0.0
yf_ZS=F_d14;4900;INTARIAN_PEPPER_ROOT;10598;9;10594;20;;;10608;14;10612;16;;;10603.0;0.0
yf_ZS=F_d14;5000;ASH_COATED_OSMIUM;9902;12;9898;21;;;9908;14;9911;24;;;9905.0;0.0
yf_ZS=F_d14;5000;INTARIAN_PEPPER_ROOT;10600;11;10596;15;;;10606;17;10608;18;;;10603.0;0.0
yf_ZS=F_d14;5100;ASH_COATED_OSMIUM;9899;8;9896;18;;;9911;7;9913;17;;;9905.0;0.0
yf_ZS=F_d14;5100;INTARIAN_PEPPER_ROOT;10596;14;10594;18;;;10607;14;10610;11;;;10601.5;0.0
yf_ZS=F_d14;5200;ASH_COATED_OSMIUM;9902;21;9900;19;;;9908;13;9910;18;;;9905.0;0.0
yf_ZS=F_d14;5200;INTARIAN_PEPPER_ROOT;10581;22;10579;26;;;10623;24;10627;15;;;10602.0;0.0
yf_ZS=F_d14;5300;ASH_COATED_OSMIUM;9902;20;9898;23;;;9908;6;9912;19;;;9905.0;0.0
yf_ZS=F_d14;5300;INTARIAN_PEPPER_ROOT;10588;13;10584;17;;;10615;11;10619;29;;;10601.5;0.0
yf_ZS=F_d14;5400;ASH_COATED_OSMIUM;9902;5;9899;26;;;9908;17;9910;16;;;9905.0;0.0
yf_ZS=F_d14;5400;INTARIAN_PEPPER_ROOT;10598;21;10594;18;;;10604;23;10607;16;;;10601.0;0.0
yf_ZS=F_d14;5500;ASH_COATED_OSMIUM;9902;19;9899;20;;;9908;16;9912;18;;;9905.0;0.0
yf_ZS=F_d14;5500;INTARIAN_PEPPER_ROOT;10597;8;10594;25;;;10603;20;10606;19;;;10600.0;0.0
yf_ZS=F_d14;5600;ASH_COATED_OSMIUM;9902;23;9899;17;;;9908;11;9911;19;;;9905.0;0.0
yf_ZS=F_d14;5600;INTARIAN_PEPPER_ROOT;10597;8;10593;26;;;10603;12;10607;19;;;10600.0;0.0
yf_ZS=F_d14;5700;ASH_COATED_OSMIUM;9902;20;9900;20;;;9908;19;9910;13;;;9905.0;0.0
yf_ZS=F_d14;5700;INTARIAN_PEPPER_ROOT;10597;16;10594;21;;;10603;10;10607;13;;;10600.0;0.0
yf_ZS=F_d14;5800;ASH_COATED_OSMIUM;9902;15;9900;11;;;9908;13;9911;21;;;9905.0;0.0
yf_ZS=F_d14;5800;INTARIAN_PEPPER_ROOT;10594;18;10590;23;;;10605;10;10608;19;;;10599.5;0.0
yf_ZS=F_d14;5900;ASH_COATED_OSMIUM;9898;21;9895;20;;;9911;10;9915;18;;;9904.5;0.0
yf_ZS=F_d14;5900;INTARIAN_PEPPER_ROOT;10579;10;10575;18;;;10619;19;10623;23;;;10599.0;0.0
yf_ZS=F_d14;6000;ASH_COATED_OSMIUM;9902;20;9898;18;;;9909;17;9913;27;;;9905.5;0.0
yf_ZS=F_d14;6000;INTARIAN_PEPPER_ROOT;10589;15;10586;17;;;10607;6;10611;32;;;10598.0;0.0
yf_ZS=F_d14;6100;ASH_COATED_OSMIUM;9902;18;9899;13;;;9908;18;9911;19;;;9905.0;0.0
yf_ZS=F_d14;6100;INTARIAN_PEPPER_ROOT;10595;18;10593;23;;;10601;17;10604;15;;;10598.0;0.0
yf_ZS=F_d14;6200;ASH_COATED_OSMIUM;9902;10;9900;9;;;9908;22;9910;17;;;9905.0;0.0
yf_ZS=F_d14;6200;INTARIAN_PEPPER_ROOT;10595;13;10593;15;;;10601;17;10605;16;;;10598.0;0.0
yf_ZS=F_d14;6300;ASH_COATED_OSMIUM;9895;10;9892;19;;;9914;15;9917;25;;;9904.5;0.0
yf_ZS=F_d14;6300;INTARIAN_PEPPER_ROOT;10589;15;10587;26;;;10605;7;10608;22;;;10597.0;0.0
yf_ZS=F_d14;6400;ASH_COATED_OSMIUM;9902;10;9900;26;;;9908;20;9911;16;;;9905.0;0.0
yf_ZS=F_d14;6400;INTARIAN_PEPPER_ROOT;10591;5;10588;19;;;10603;15;10605;12;;;10597.0;0.0
yf_ZS=F_d14;6500;ASH_COATED_OSMIUM;9902;16;9898;14;;;9908;14;9911;18;;;9905.0;0.0
yf_ZS=F_d14;6500;INTARIAN_PEPPER_ROOT;10594;13;10591;25;;;10600;5;10603;26;;;10597.0;0.0
yf_ZS=F_d14;6600;ASH_COATED_OSMIUM;9902;10;9898;27;;;9908;13;9910;12;;;9905.0;0.0
yf_ZS=F_d14;6600;INTARIAN_PEPPER_ROOT;10592;10;10588;19;;;10602;19;10605;26;;;10597.0;0.0
yf_ZS=F_d14;6700;ASH_COATED_OSMIUM;9901;9;9897;24;;;9908;7;9912;14;;;9904.5;0.0
yf_ZS=F_d14;6700;INTARIAN_PEPPER_ROOT;10593;12;10590;21;;;10599;26;10603;16;;;10596.0;0.0
yf_ZS=F_d14;6800;ASH_COATED_OSMIUM;9902;26;9898;15;;;9908;12;9910;25;;;9905.0;0.0
yf_ZS=F_d14;6800;INTARIAN_PEPPER_ROOT;10592;16;10589;20;;;10598;15;10602;14;;;10595.0;0.0
yf_ZS=F_d14;6900;ASH_COATED_OSMIUM;9898;19;9894;18;;;9911;18;9913;22;;;9904.5;0.0
yf_ZS=F_d14;6900;INTARIAN_PEPPER_ROOT;10586;18;10582;23;;;10604;21;10608;20;;;10595.0;0.0
yf_ZS=F_d14;7000;ASH_COATED_OSMIUM;9901;15;9899;28;;;9908;15;9910;11;;;9904.5;0.0
yf_ZS=F_d14;7000;INTARIAN_PEPPER_ROOT;10592;17;10589;17;;;10598;17;10600;24;;;10595.0;0.0
yf_ZS=F_d14;7100;ASH_COATED_OSMIUM;9902;14;9900;21;;;9908;15;9910;17;;;9905.0;0.0
yf_ZS=F_d14;7100;INTARIAN_PEPPER_ROOT;10591;14;10587;20;;;10597;12;10599;21;;;10594.0;0.0
yf_ZS=F_d14;7200;ASH_COATED_OSMIUM;9902;20;9900;21;;;9908;22;9910;21;;;9905.0;0.0
yf_ZS=F_d14;7200;INTARIAN_PEPPER_ROOT;10585;15;10582;20;;;10603;11;10607;25;;;10594.0;0.0
yf_ZS=F_d14;7300;ASH_COATED_OSMIUM;9901;15;9897;16;;;9910;15;9913;11;;;9905.5;0.0
yf_ZS=F_d14;7300;INTARIAN_PEPPER_ROOT;10589;18;10585;19;;;10598;21;10602;21;;;10593.5;0.0
yf_ZS=F_d14;7400;ASH_COATED_OSMIUM;9902;18;9899;22;;;9908;19;9912;22;;;9905.0;0.0
yf_ZS=F_d14;7400;INTARIAN_PEPPER_ROOT;10590;15;10587;16;;;10596;19;10599;15;;;10593.0;0.0
yf_ZS=F_d14;7500;ASH_COATED_OSMIUM;9898;21;9896;18;;;9912;14;9914;18;;;9905.0;0.0
yf_ZS=F_d14;7500;INTARIAN_PEPPER_ROOT;10589;17;10585;10;;;10595;10;10597;24;;;10592.0;0.0
yf_ZS=F_d14;7600;ASH_COATED_OSMIUM;9895;13;9893;23;;;9915;18;9918;15;;;9905.0;0.0
yf_ZS=F_d14;7600;INTARIAN_PEPPER_ROOT;10584;22;10582;22;;;10600;12;10603;25;;;10592.0;0.0
yf_ZS=F_d14;7700;ASH_COATED_OSMIUM;9902;13;9898;25;;;9909;8;9913;20;;;9905.5;0.0
yf_ZS=F_d14;7700;INTARIAN_PEPPER_ROOT;10584;18;10580;24;;;10599;24;10601;19;;;10591.5;0.0
yf_ZS=F_d14;7800;ASH_COATED_OSMIUM;9902;8;9900;16;;;9908;11;9910;26;;;9905.0;0.0
yf_ZS=F_d14;7800;INTARIAN_PEPPER_ROOT;10588;10;10586;14;;;10594;17;10597;22;;;10591.0;0.0
yf_ZS=F_d14;7900;ASH_COATED_OSMIUM;9902;17;9899;16;;;9908;6;9912;10;;;9905.0;0.0
yf_ZS=F_d14;7900;INTARIAN_PEPPER_ROOT;10586;18;10584;21;;;10594;6;10598;16;;;10590.0;0.0
yf_ZS=F_d14;8000;ASH_COATED_OSMIUM;9902;12;9898;20;;;9908;13;9911;25;;;9905.0;0.0
yf_ZS=F_d14;8000;INTARIAN_PEPPER_ROOT;10587;15;10583;18;;;10593;16;10595;15;;;10590.0;0.0
yf_ZS=F_d14;8100;ASH_COATED_OSMIUM;9902;20;9898;17;;;9908;14;9910;12;;;9905.0;0.0
yf_ZS=F_d14;8100;INTARIAN_PEPPER_ROOT;10587;21;10584;24;;;10593;13;10595;22;;;10590.0;0.0
yf_ZS=F_d14;8200;ASH_COATED_OSMIUM;9902;10;9898;17;;;9908;19;9911;24;;;9905.0;0.0
yf_ZS=F_d14;8200;INTARIAN_PEPPER_ROOT;10587;14;10585;20;;;10593;15;10595;19;;;10590.0;0.0
yf_ZS=F_d14;8300;ASH_COATED_OSMIUM;9902;18;9898;17;;;9908;12;9911;8;;;9905.0;0.0
yf_ZS=F_d14;8300;INTARIAN_PEPPER_ROOT;10586;19;10583;21;;;10592;11;10596;26;;;10589.0;0.0
yf_ZS=F_d14;8400;ASH_COATED_OSMIUM;9902;20;9898;28;;;9908;12;9912;22;;;9905.0;0.0
yf_ZS=F_d14;8400;INTARIAN_PEPPER_ROOT;10585;20;10582;24;;;10591;23;10595;31;;;10588.0;0.0
yf_ZS=F_d14;8500;ASH_COATED_OSMIUM;9901;12;9898;14;;;9909;14;9912;25;;;9905.0;0.0
yf_ZS=F_d14;8500;INTARIAN_PEPPER_ROOT;10585;19;10582;25;;;10591;15;10595;14;;;10588.0;0.0
yf_ZS=F_d14;8600;ASH_COATED_OSMIUM;9901;10;9898;13;;;9907;12;9911;30;;;9904.0;0.0
yf_ZS=F_d14;8600;INTARIAN_PEPPER_ROOT;10585;19;10581;28;;;10591;12;10593;25;;;10588.0;0.0
yf_ZS=F_d14;8700;ASH_COATED_OSMIUM;9900;9;9896;21;;;9909;11;9913;22;;;9904.5;0.0
yf_ZS=F_d14;8700;INTARIAN_PEPPER_ROOT;10583;10;10580;16;;;10592;8;10595;19;;;10587.5;0.0
yf_ZS=F_d14;8800;ASH_COATED_OSMIUM;9902;16;9898;21;;;9908;20;9912;18;;;9905.0;0.0
yf_ZS=F_d14;8800;INTARIAN_PEPPER_ROOT;10584;20;10582;18;;;10590;17;10594;15;;;10587.0;0.0
yf_ZS=F_d14;8900;ASH_COATED_OSMIUM;9901;22;9898;23;;;9908;16;9912;23;;;9904.5;0.0
yf_ZS=F_d14;8900;INTARIAN_PEPPER_ROOT;10583;16;10579;17;;;10589;13;10591;15;;;10586.0;0.0
yf_ZS=F_d14;9000;ASH_COATED_OSMIUM;9901;17;9899;18;;;9907;11;9910;22;;;9904.0;0.0
yf_ZS=F_d14;9000;INTARIAN_PEPPER_ROOT;10582;20;10579;19;;;10588;11;10591;15;;;10585.0;0.0
yf_ZS=F_d14;9100;ASH_COATED_OSMIUM;9902;18;9899;18;;;9908;15;9910;16;;;9905.0;0.0
yf_ZS=F_d14;9100;INTARIAN_PEPPER_ROOT;10583;24;10580;22;;;10589;13;10593;22;;;10586.0;0.0
yf_ZS=F_d14;9200;ASH_COATED_OSMIUM;9898;11;9896;15;;;9911;18;9914;19;;;9904.5;0.0
yf_ZS=F_d14;9200;INTARIAN_PEPPER_ROOT;10577;12;10573;8;;;10594;14;10598;25;;;10585.5;0.0
yf_ZS=F_d14;9300;ASH_COATED_OSMIUM;9902;5;9900;31;;;9908;20;9912;15;;;9905.0;0.0
yf_ZS=F_d14;9300;INTARIAN_PEPPER_ROOT;10582;19;10580;17;;;10588;19;10592;22;;;10585.0;0.0
yf_ZS=F_d14;9400;ASH_COATED_OSMIUM;9899;16;9896;22;;;9910;5;9912;26;;;9904.5;0.0
yf_ZS=F_d14;9400;INTARIAN_PEPPER_ROOT;10574;17;10570;21;;;10595;19;10597;22;;;10584.5;0.0
yf_ZS=F_d14;9500;ASH_COATED_OSMIUM;9892;16;9888;29;;;9917;15;9921;15;;;9904.5;0.0
yf_ZS=F_d14;9500;INTARIAN_PEPPER_ROOT;10581;12;10577;20;;;10587;16;10591;16;;;10584.0;0.0
yf_ZS=F_d14;9600;ASH_COATED_OSMIUM;9891;9;9889;24;;;9918;23;9922;13;;;9904.5;0.0
yf_ZS=F_d14;9600;INTARIAN_PEPPER_ROOT;10580;9;10577;18;;;10587;10;10591;15;;;10583.5;0.0
yf_ZS=F_d14;9700;ASH_COATED_OSMIUM;9902;15;9898;15;;;9908;13;9910;21;;;9905.0;0.0
yf_ZS=F_d14;9700;INTARIAN_PEPPER_ROOT;10576;22;10573;16;;;10591;8;10594;22;;;10583.5;0.0
yf_ZS=F_d14;9800;ASH_COATED_OSMIUM;9901;10;9898;18;;;9907;15;9909;20;;;9904.0;0.0
yf_ZS=F_d14;9800;INTARIAN_PEPPER_ROOT;10571;24;10569;16;;;10594;11;10597;10;;;10582.5;0.0
yf_ZS=F_d14;9900;ASH_COATED_OSMIUM;9902;19;9900;10;;;9908;5;9912;22;;;9905.0;0.0
yf_ZS=F_d14;9900;INTARIAN_PEPPER_ROOT;10574;12;10572;21;;;10591;15;10595;15;;;10582.5;0.0
yf_ZS=F_d14;10000;ASH_COATED_OSMIUM;9900;21;9896;22;;;9910;18;9913;13;;;9905.0;0.0
yf_ZS=F_d14;10000;INTARIAN_PEPPER_ROOT;10579;15;10576;19;;;10585;19;10587;23;;;10582.0;0.0
yf_ZS=F_d14;10100;ASH_COATED_OSMIUM;9902;17;9898;16;;;9908;8;9912;17;;;9905.0;0.0
yf_ZS=F_d14;10100;INTARIAN_PEPPER_ROOT;10578;15;10575;29;;;10584;24;10588;18;;;10581.0;0.0
yf_ZS=F_d14;10200;ASH_COATED_OSMIUM;9902;11;9899;23;;;9908;18;9910;19;;;9905.0;0.0
yf_ZS=F_d14;10200;INTARIAN_PEPPER_ROOT;10578;11;10576;9;;;10584;13;10587;18;;;10581.0;0.0
yf_ZS=F_d14;10300;ASH_COATED_OSMIUM;9901;24;9897;20;;;9908;23;9912;12;;;9904.5;0.0
yf_ZS=F_d14;10300;INTARIAN_PEPPER_ROOT;10575;17;10572;21;;;10585;18;10589;21;;;10580.0;0.0
yf_ZS=F_d14;10400;ASH_COATED_OSMIUM;9901;20;9899;20;;;9907;27;9910;20;;;9904.0;0.0
yf_ZS=F_d14;10400;INTARIAN_PEPPER_ROOT;10577;18;10575;17;;;10583;23;10586;22;;;10580.0;0.0
yf_ZS=F_d14;10500;ASH_COATED_OSMIUM;9902;20;9899;21;;;9908;14;9911;17;;;9905.0;0.0
yf_ZS=F_d14;10500;INTARIAN_PEPPER_ROOT;10572;26;10570;21;;;10588;13;10590;18;;;10580.0;0.0
yf_ZS=F_d14;10600;ASH_COATED_OSMIUM;9896;20;9894;18;;;9913;13;9915;16;;;9904.5;0.0
yf_ZS=F_d14;10600;INTARIAN_PEPPER_ROOT;10573;15;10570;12;;;10585;10;10588;24;;;10579.0;0.0
yf_ZS=F_d14;10700;ASH_COATED_OSMIUM;9897;22;9895;25;;;9913;17;9917;22;;;9905.0;0.0
yf_ZS=F_d14;10700;INTARIAN_PEPPER_ROOT;10575;19;10571;25;;;10581;10;10584;18;;;10578.0;0.0
yf_ZS=F_d14;10800;ASH_COATED_OSMIUM;9901;9;9897;19;;;9908;9;9911;20;;;9904.5;0.0
yf_ZS=F_d14;10800;INTARIAN_PEPPER_ROOT;10574;14;10571;14;;;10584;13;10588;33;;;10579.0;0.0
yf_ZS=F_d14;10900;ASH_COATED_OSMIUM;9900;5;9896;18;;;9908;16;9911;9;;;9904.0;0.0
yf_ZS=F_d14;10900;INTARIAN_PEPPER_ROOT;10574;11;10572;18;;;10583;12;10585;24;;;10578.5;0.0
yf_ZS=F_d14;11000;ASH_COATED_OSMIUM;9901;6;9899;15;;;9907;12;9911;22;;;9904.0;0.0
yf_ZS=F_d14;11000;INTARIAN_PEPPER_ROOT;10574;15;10572;16;;;10581;15;10585;12;;;10577.5;0.0
yf_ZS=F_d14;11100;ASH_COATED_OSMIUM;9902;11;9898;25;;;9908;19;9912;15;;;9905.0;0.0
yf_ZS=F_d14;11100;INTARIAN_PEPPER_ROOT;10574;17;10572;15;;;10580;15;10583;23;;;10577.0;0.0
yf_ZS=F_d14;11200;ASH_COATED_OSMIUM;9901;18;9897;14;;;9908;16;9910;13;;;9904.5;0.0
yf_ZS=F_d14;11200;INTARIAN_PEPPER_ROOT;10573;13;10571;16;;;10579;14;10583;24;;;10576.0;0.0
yf_ZS=F_d14;11300;ASH_COATED_OSMIUM;9901;13;9897;20;;;9907;14;9909;22;;;9904.0;0.0
yf_ZS=F_d14;11300;INTARIAN_PEPPER_ROOT;10573;15;10571;14;;;10579;17;10583;25;;;10576.0;0.0
yf_ZS=F_d14;11400;ASH_COATED_OSMIUM;9896;13;9892;20;;;9913;14;9916;20;;;9904.5;0.0
yf_ZS=F_d14;11400;INTARIAN_PEPPER_ROOT;10564;19;10562;14;;;10588;13;10590;23;;;10576.0;0.0
yf_ZS=F_d14;11500;ASH_COATED_OSMIUM;9902;10;9900;18;;;9908;13;9912;22;;;9905.0;0.0
yf_ZS=F_d14;11500;INTARIAN_PEPPER_ROOT;10572;18;10569;14;;;10578;14;10581;18;;;10575.0;0.0
yf_ZS=F_d14;11600;ASH_COATED_OSMIUM;9898;20;9894;24;;;9911;5;9914;24;;;9904.5;0.0
yf_ZS=F_d14;11600;INTARIAN_PEPPER_ROOT;10572;14;10569;22;;;10578;17;10581;17;;;10575.0;0.0
yf_ZS=F_d14;11700;ASH_COATED_OSMIUM;9902;16;9900;16;;;9908;12;9912;16;;;9905.0;0.0
yf_ZS=F_d14;11700;INTARIAN_PEPPER_ROOT;10571;12;10567;22;;;10578;10;10581;25;;;10574.5;0.0
yf_ZS=F_d14;11800;ASH_COATED_OSMIUM;9901;19;9897;17;;;9907;13;9910;22;;;9904.0;0.0
yf_ZS=F_d14;11800;INTARIAN_PEPPER_ROOT;10569;14;10567;16;;;10580;17;10583;21;;;10574.5;0.0
yf_ZS=F_d14;11900;ASH_COATED_OSMIUM;9897;21;9893;21;;;9911;21;9914;10;;;9904.0;0.0
yf_ZS=F_d14;11900;INTARIAN_PEPPER_ROOT;10571;20;10568;26;;;10577;14;10579;23;;;10574.0;0.0
yf_ZS=F_d14;12000;ASH_COATED_OSMIUM;9898;15;9896;25;;;9910;8;9914;24;;;9904.0;0.0
yf_ZS=F_d14;12000;INTARIAN_PEPPER_ROOT;10563;19;10560;14;;;10583;11;10585;24;;;10573.0;0.0
yf_ZS=F_d14;12100;ASH_COATED_OSMIUM;9901;12;9899;16;;;9907;13;9911;25;;;9904.0;0.0
yf_ZS=F_d14;12100;INTARIAN_PEPPER_ROOT;10570;8;10567;17;;;10576;13;10580;24;;;10573.0;0.0
yf_ZS=F_d14;12200;ASH_COATED_OSMIUM;9896;5;9894;22;;;9913;24;9917;20;;;9904.5;0.0
yf_ZS=F_d14;12200;INTARIAN_PEPPER_ROOT;10568;5;10566;20;;;10576;6;10580;10;;;10572.0;0.0
yf_ZS=F_d14;12300;ASH_COATED_OSMIUM;9897;13;9894;16;;;9912;23;9916;16;;;9904.5;0.0
yf_ZS=F_d14;12300;INTARIAN_PEPPER_ROOT;10566;11;10562;23;;;10578;20;10581;16;;;10572.0;0.0
yf_ZS=F_d14;12400;ASH_COATED_OSMIUM;9900;6;9898;26;;;9909;19;9912;17;;;9904.5;0.0
yf_ZS=F_d14;12400;INTARIAN_PEPPER_ROOT;10569;16;10565;21;;;10575;18;10577;18;;;10572.0;0.0
yf_ZS=F_d14;12500;ASH_COATED_OSMIUM;9902;18;9899;15;;;9908;8;9910;20;;;9905.0;0.0
yf_ZS=F_d14;12500;INTARIAN_PEPPER_ROOT;10569;15;10567;18;;;10575;25;10577;20;;;10572.0;0.0
yf_ZS=F_d14;12600;ASH_COATED_OSMIUM;9901;17;9897;15;;;9907;24;9910;23;;;9904.0;0.0
yf_ZS=F_d14;12600;INTARIAN_PEPPER_ROOT;10563;14;10561;27;;;10578;10;10580;21;;;10570.5;0.0
yf_ZS=F_d14;12700;ASH_COATED_OSMIUM;9900;9;9896;18;;;9909;16;9911;17;;;9904.5;0.0
yf_ZS=F_d14;12700;INTARIAN_PEPPER_ROOT;10567;14;10565;18;;;10573;10;10577;15;;;10570.0;0.0
yf_ZS=F_d14;12800;ASH_COATED_OSMIUM;9901;5;9897;20;;;9907;12;9909;31;;;9904.0;0.0
yf_ZS=F_d14;12800;INTARIAN_PEPPER_ROOT;10567;19;10563;26;;;10573;17;10575;14;;;10570.0;0.0
yf_ZS=F_d14;12900;ASH_COATED_OSMIUM;9892;18;9889;21;;;9916;17;9919;14;;;9904.0;0.0
yf_ZS=F_d14;12900;INTARIAN_PEPPER_ROOT;10566;13;10564;22;;;10572;20;10574;28;;;10569.0;0.0
yf_ZS=F_d14;13000;ASH_COATED_OSMIUM;9901;19;9899;17;;;9909;7;9911;14;;;9905.0;0.0
yf_ZS=F_d14;13000;INTARIAN_PEPPER_ROOT;10563;17;10559;22;;;10576;8;10580;23;;;10569.5;0.0
yf_ZS=F_d14;13100;ASH_COATED_OSMIUM;9902;19;9899;22;;;9908;14;9910;18;;;9905.0;0.0
yf_ZS=F_d14;13100;INTARIAN_PEPPER_ROOT;10564;17;10562;25;;;10574;8;10576;20;;;10569.0;0.0
yf_ZS=F_d14;13200;ASH_COATED_OSMIUM;9901;15;9899;18;;;9907;13;9911;22;;;9904.0;0.0
yf_ZS=F_d14;13200;INTARIAN_PEPPER_ROOT;10566;18;10562;13;;;10572;17;10576;21;;;10569.0;0.0
yf_ZS=F_d14;13300;ASH_COATED_OSMIUM;9900;14;9897;22;;;9909;18;9911;24;;;9904.5;0.0
yf_ZS=F_d14;13300;INTARIAN_PEPPER_ROOT;10565;10;10561;9;;;10571;11;10574;26;;;10568.0;0.0
yf_ZS=F_d14;13400;ASH_COATED_OSMIUM;9901;13;9899;20;;;9907;17;9910;21;;;9904.0;0.0
yf_ZS=F_d14;13400;INTARIAN_PEPPER_ROOT;10563;17;10561;24;;;10572;19;10575;12;;;10567.5;0.0
yf_ZS=F_d14;13500;ASH_COATED_OSMIUM;9896;21;9892;19;;;9913;19;9916;13;;;9904.5;0.0
yf_ZS=F_d14;13500;INTARIAN_PEPPER_ROOT;10561;5;10558;23;;;10573;15;10575;8;;;10567.0;0.0
yf_ZS=F_d14;13600;ASH_COATED_OSMIUM;9901;23;9899;19;;;9907;5;9910;18;;;9904.0;0.0
yf_ZS=F_d14;13600;INTARIAN_PEPPER_ROOT;10557;8;10553;20;;;10577;18;10579;18;;;10567.0;0.0
yf_ZS=F_d14;13700;ASH_COATED_OSMIUM;9891;23;9889;22;;;9918;20;9921;18;;;9904.5;0.0
yf_ZS=F_d14;13700;INTARIAN_PEPPER_ROOT;10563;17;10561;22;;;10569;17;10573;17;;;10566.0;0.0
yf_ZS=F_d14;13800;ASH_COATED_OSMIUM;9898;9;9895;23;;;9909;26;9912;14;;;9903.5;0.0
yf_ZS=F_d14;13800;INTARIAN_PEPPER_ROOT;10562;16;10559;17;;;10568;5;10570;26;;;10565.0;0.0
yf_ZS=F_d14;13900;ASH_COATED_OSMIUM;9902;21;9898;21;;;9908;12;9911;22;;;9905.0;0.0
yf_ZS=F_d14;13900;INTARIAN_PEPPER_ROOT;10562;11;10559;12;;;10568;16;10570;20;;;10565.0;0.0
yf_ZS=F_d14;14000;ASH_COATED_OSMIUM;9901;19;9899;21;;;9907;13;9909;23;;;9904.0;0.0
yf_ZS=F_d14;14000;INTARIAN_PEPPER_ROOT;10555;14;10551;11;;;10575;15;10579;11;;;10565.0;0.0
yf_ZS=F_d14;14100;ASH_COATED_OSMIUM;9901;6;9899;19;;;9907;15;9910;25;;;9904.0;0.0
yf_ZS=F_d14;14100;INTARIAN_PEPPER_ROOT;10562;21;10558;11;;;10568;6;10571;10;;;10565.0;0.0
yf_ZS=F_d14;14200;ASH_COATED_OSMIUM;9901;13;9897;17;;;9908;17;9912;22;;;9904.5;0.0
yf_ZS=F_d14;14200;INTARIAN_PEPPER_ROOT;10561;5;10559;20;;;10567;21;10569;21;;;10564.0;0.0
yf_ZS=F_d14;14300;ASH_COATED_OSMIUM;9901;18;9899;22;;;9907;16;9909;18;;;9904.0;0.0
yf_ZS=F_d14;14300;INTARIAN_PEPPER_ROOT;10551;20;10548;31;;;10577;15;10580;18;;;10564.0;0.0
yf_ZS=F_d14;14400;ASH_COATED_OSMIUM;9898;18;9895;27;;;9910;5;9913;17;;;9904.0;0.0
yf_ZS=F_d14;14400;INTARIAN_PEPPER_ROOT;10560;5;10557;13;;;10566;22;10569;11;;;10563.0;0.0
yf_ZS=F_d14;14500;ASH_COATED_OSMIUM;9898;16;9895;19;;;9911;15;9914;20;;;9904.5;0.0
yf_ZS=F_d14;14500;INTARIAN_PEPPER_ROOT;10560;19;10557;21;;;10566;19;10570;31;;;10563.0;0.0
yf_ZS=F_d14;14600;ASH_COATED_OSMIUM;9897;19;9893;11;;;9912;15;9914;23;;;9904.5;0.0
yf_ZS=F_d14;14600;INTARIAN_PEPPER_ROOT;10554;13;10550;28;;;10572;13;10574;27;;;10563.0;0.0
yf_ZS=F_d14;14700;ASH_COATED_OSMIUM;9890;24;9886;20;;;9918;10;9921;17;;;9904.0;0.0
yf_ZS=F_d14;14700;INTARIAN_PEPPER_ROOT;10559;12;10557;18;;;10565;12;10569;16;;;10562.0;0.0
yf_ZS=F_d14;14800;ASH_COATED_OSMIUM;9901;14;9899;28;;;9907;20;9911;18;;;9904.0;0.0
yf_ZS=F_d14;14800;INTARIAN_PEPPER_ROOT;10558;19;10554;15;;;10564;14;10566;20;;;10561.0;0.0
yf_ZS=F_d14;14900;ASH_COATED_OSMIUM;9901;8;9897;12;;;9907;11;9909;15;;;9904.0;0.0
yf_ZS=F_d14;14900;INTARIAN_PEPPER_ROOT;10559;14;10556;18;;;10565;14;10569;20;;;10562.0;0.0
yf_ZS=F_d14;15000;ASH_COATED_OSMIUM;9897;14;9894;9;;;9912;23;9914;16;;;9904.5;0.0
yf_ZS=F_d14;15000;INTARIAN_PEPPER_ROOT;10558;7;10555;20;;;10564;15;10567;13;;;10561.0;0.0
yf_ZS=F_d14;15100;ASH_COATED_OSMIUM;9900;16;9896;17;;;9910;12;9914;16;;;9905.0;0.0
yf_ZS=F_d14;15100;INTARIAN_PEPPER_ROOT;10557;10;10554;11;;;10563;11;10567;25;;;10560.0;0.0
yf_ZS=F_d14;15200;ASH_COATED_OSMIUM;9901;13;9899;17;;;9907;15;9911;17;;;9904.0;0.0
yf_ZS=F_d14;15200;INTARIAN_PEPPER_ROOT;10557;9;10555;15;;;10563;12;10567;11;;;10560.0;0.0
yf_ZS=F_d14;15300;ASH_COATED_OSMIUM;9901;21;9899;19;;;9907;22;9909;10;;;9904.0;0.0
yf_ZS=F_d14;15300;INTARIAN_PEPPER_ROOT;10555;14;10552;22;;;10564;21;10567;31;;;10559.5;0.0
yf_ZS=F_d14;15400;ASH_COATED_OSMIUM;9899;14;9896;25;;;9909;12;9913;12;;;9904.0;0.0
yf_ZS=F_d14;15400;INTARIAN_PEPPER_ROOT;10556;11;10554;15;;;10562;16;10564;23;;;10559.0;0.0
yf_ZS=F_d14;15500;ASH_COATED_OSMIUM;9901;9;9897;16;;;9907;13;9910;19;;;9904.0;0.0
yf_ZS=F_d14;15500;INTARIAN_PEPPER_ROOT;10554;16;10552;20;;;10563;21;10566;26;;;10558.5;0.0
yf_ZS=F_d14;15600;ASH_COATED_OSMIUM;9901;12;9897;23;;;9907;10;9910;24;;;9904.0;0.0
yf_ZS=F_d14;15600;INTARIAN_PEPPER_ROOT;10554;14;10550;9;;;10563;12;10565;20;;;10558.5;0.0
yf_ZS=F_d14;15700;ASH_COATED_OSMIUM;9896;19;9892;20;;;9912;18;9916;20;;;9904.0;0.0
yf_ZS=F_d14;15700;INTARIAN_PEPPER_ROOT;10555;13;10553;23;;;10561;8;10563;23;;;10558.0;0.0
yf_ZS=F_d14;15800;ASH_COATED_OSMIUM;9901;14;9899;13;;;9907;15;9911;22;;;9904.0;0.0
yf_ZS=F_d14;15800;INTARIAN_PEPPER_ROOT;10555;10;10553;19;;;10561;11;10563;19;;;10558.0;0.0
yf_ZS=F_d14;15900;ASH_COATED_OSMIUM;9901;20;9897;15;;;9907;18;9911;26;;;9904.0;0.0
yf_ZS=F_d14;15900;INTARIAN_PEPPER_ROOT;10554;10;10552;20;;;10560;16;10563;16;;;10557.0;0.0
yf_ZS=F_d14;16000;ASH_COATED_OSMIUM;9901;14;9898;26;;;9907;19;9911;25;;;9904.0;0.0
yf_ZS=F_d14;16000;INTARIAN_PEPPER_ROOT;10554;5;10552;18;;;10560;23;10564;19;;;10557.0;0.0
yf_ZS=F_d14;16100;ASH_COATED_OSMIUM;9901;13;9898;23;;;9907;14;9910;23;;;9904.0;0.0
yf_ZS=F_d14;16100;INTARIAN_PEPPER_ROOT;10553;18;10549;26;;;10559;15;10561;18;;;10556.0;0.0
yf_ZS=F_d14;16200;ASH_COATED_OSMIUM;9901;15;9897;24;;;9907;22;9910;8;;;9904.0;0.0
yf_ZS=F_d14;16200;INTARIAN_PEPPER_ROOT;10552;6;10548;23;;;10560;20;10563;22;;;10556.0;0.0
yf_ZS=F_d14;16300;ASH_COATED_OSMIUM;9891;18;9889;12;;;9918;17;9920;32;;;9904.5;0.0
yf_ZS=F_d14;16300;INTARIAN_PEPPER_ROOT;10548;11;10545;9;;;10563;22;10565;23;;;10555.5;0.0
yf_ZS=F_d14;16400;ASH_COATED_OSMIUM;9901;14;9897;25;;;9907;22;9909;18;;;9904.0;0.0
yf_ZS=F_d14;16400;INTARIAN_PEPPER_ROOT;10552;9;10549;23;;;10558;16;10560;31;;;10555.0;0.0
yf_ZS=F_d14;16500;ASH_COATED_OSMIUM;9901;16;9899;17;;;9907;16;9911;18;;;9904.0;0.0
yf_ZS=F_d14;16500;INTARIAN_PEPPER_ROOT;10552;18;10549;16;;;10558;6;10561;20;;;10555.0;0.0
yf_ZS=F_d14;16600;ASH_COATED_OSMIUM;9901;16;9897;23;;;9907;13;9910;8;;;9904.0;0.0
yf_ZS=F_d14;16600;INTARIAN_PEPPER_ROOT;10550;12;10546;15;;;10557;21;10561;20;;;10553.5;0.0
yf_ZS=F_d14;16700;ASH_COATED_OSMIUM;9901;20;9899;17;;;9907;23;9911;24;;;9904.0;0.0
yf_ZS=F_d14;16700;INTARIAN_PEPPER_ROOT;10550;18;10548;25;;;10556;14;10558;27;;;10553.0;0.0
yf_ZS=F_d14;16800;ASH_COATED_OSMIUM;9901;14;9899;25;;;9907;18;9911;13;;;9904.0;0.0
yf_ZS=F_d14;16800;INTARIAN_PEPPER_ROOT;10550;6;10548;22;;;10556;19;10558;14;;;10553.0;0.0
yf_ZS=F_d14;16900;ASH_COATED_OSMIUM;9900;18;9898;25;;;9908;15;9912;20;;;9904.0;0.0
yf_ZS=F_d14;16900;INTARIAN_PEPPER_ROOT;10550;15;10546;20;;;10556;9;10558;19;;;10553.0;0.0
yf_ZS=F_d14;17000;ASH_COATED_OSMIUM;9900;17;9897;23;;;9908;17;9912;18;;;9904.0;0.0
yf_ZS=F_d14;17000;INTARIAN_PEPPER_ROOT;10547;12;10543;20;;;10556;17;10559;10;;;10551.5;0.0
yf_ZS=F_d14;17100;ASH_COATED_OSMIUM;9900;19;9896;16;;;9909;18;9913;19;;;9904.5;0.0
yf_ZS=F_d14;17100;INTARIAN_PEPPER_ROOT;10548;23;10546;18;;;10554;12;10558;21;;;10551.0;0.0
yf_ZS=F_d14;17200;ASH_COATED_OSMIUM;9899;15;9896;20;;;9910;13;9913;17;;;9904.5;0.0
yf_ZS=F_d14;17200;INTARIAN_PEPPER_ROOT;10547;22;10544;16;;;10555;10;10559;19;;;10551.0;0.0
yf_ZS=F_d14;17300;ASH_COATED_OSMIUM;9897;17;9894;18;;;9911;11;9913;22;;;9904.0;0.0
yf_ZS=F_d14;17300;INTARIAN_PEPPER_ROOT;10548;8;10545;30;;;10554;20;10557;19;;;10551.0;0.0
yf_ZS=F_d14;17400;ASH_COATED_OSMIUM;9901;19;9898;18;;;9907;12;9911;15;;;9904.0;0.0
yf_ZS=F_d14;17400;INTARIAN_PEPPER_ROOT;10545;5;10543;26;;;10554;9;10557;21;;;10549.5;0.0
yf_ZS=F_d14;17500;ASH_COATED_OSMIUM;9901;5;9897;16;;;9907;24;9909;29;;;9904.0;0.0
yf_ZS=F_d14;17500;INTARIAN_PEPPER_ROOT;10546;14;10542;17;;;10553;24;10556;8;;;10549.5;0.0
yf_ZS=F_d14;17600;ASH_COATED_OSMIUM;9901;14;9899;14;;;9907;12;9911;15;;;9904.0;0.0
yf_ZS=F_d14;17600;INTARIAN_PEPPER_ROOT;10543;23;10541;16;;;10555;17;10557;19;;;10549.0;0.0
yf_ZS=F_d14;17700;ASH_COATED_OSMIUM;9901;15;9898;24;;;9907;22;9911;23;;;9904.0;0.0
yf_ZS=F_d14;17700;INTARIAN_PEPPER_ROOT;10546;5;10544;17;;;10552;12;10555;26;;;10549.0;0.0
yf_ZS=F_d14;17800;ASH_COATED_OSMIUM;9901;10;9897;9;;;9907;16;9910;16;;;9904.0;0.0
yf_ZS=F_d14;17800;INTARIAN_PEPPER_ROOT;10539;11;10535;12;;;10557;16;10561;14;;;10548.0;0.0
yf_ZS=F_d14;17900;ASH_COATED_OSMIUM;9897;7;9895;21;;;9910;18;9913;20;;;9903.5;0.0
yf_ZS=F_d14;17900;INTARIAN_PEPPER_ROOT;10542;17;10539;11;;;10553;15;10557;22;;;10547.5;0.0
yf_ZS=F_d14;18000;ASH_COATED_OSMIUM;9888;13;9885;24;;;9920;19;9922;14;;;9904.0;0.0
yf_ZS=F_d14;18000;INTARIAN_PEPPER_ROOT;10544;19;10540;29;;;10550;17;10552;19;;;10547.0;0.0
yf_ZS=F_d14;18100;ASH_COATED_OSMIUM;9901;22;9899;13;;;9907;13;9911;22;;;9904.0;0.0
yf_ZS=F_d14;18100;INTARIAN_PEPPER_ROOT;10532;19;10530;28;;;10561;6;10563;25;;;10546.5;0.0
yf_ZS=F_d14;18200;ASH_COATED_OSMIUM;9902;15;9900;18;;;9908;18;9912;14;;;9905.0;0.0
yf_ZS=F_d14;18200;INTARIAN_PEPPER_ROOT;10543;15;10539;18;;;10549;13;10553;19;;;10546.0;0.0
yf_ZS=F_d14;18300;ASH_COATED_OSMIUM;9901;16;9897;25;;;9907;23;9909;27;;;9904.0;0.0
yf_ZS=F_d14;18300;INTARIAN_PEPPER_ROOT;10542;9;10538;17;;;10548;17;10551;26;;;10545.0;0.0
yf_ZS=F_d14;18400;ASH_COATED_OSMIUM;9901;13;9898;21;;;9907;12;9910;25;;;9904.0;0.0
yf_ZS=F_d14;18400;INTARIAN_PEPPER_ROOT;10539;15;10536;29;;;10550;12;10552;19;;;10544.5;0.0
yf_ZS=F_d14;18500;ASH_COATED_OSMIUM;9900;21;9897;23;;;9908;11;9912;19;;;9904.0;0.0
yf_ZS=F_d14;18500;INTARIAN_PEPPER_ROOT;10541;13;10537;22;;;10547;18;10550;25;;;10544.0;0.0
yf_ZS=F_d14;18600;ASH_COATED_OSMIUM;9901;22;9898;24;;;9907;19;9910;14;;;9904.0;0.0
yf_ZS=F_d14;18600;INTARIAN_PEPPER_ROOT;10540;19;10537;21;;;10546;24;10549;11;;;10543.0;0.0
yf_ZS=F_d14;18700;ASH_COATED_OSMIUM;9901;5;9898;19;;;9907;17;9911;29;;;9904.0;0.0
yf_ZS=F_d14;18700;INTARIAN_PEPPER_ROOT;10540;16;10536;20;;;10546;16;10549;26;;;10543.0;0.0
yf_ZS=F_d14;18800;ASH_COATED_OSMIUM;9897;17;9894;18;;;9912;18;9915;24;;;9904.5;0.0
yf_ZS=F_d14;18800;INTARIAN_PEPPER_ROOT;10539;15;10537;9;;;10545;14;10548;13;;;10542.0;0.0
yf_ZS=F_d14;18900;ASH_COATED_OSMIUM;9901;11;9897;20;;;9907;21;9910;17;;;9904.0;0.0
yf_ZS=F_d14;18900;INTARIAN_PEPPER_ROOT;10538;7;10535;14;;;10544;16;10548;15;;;10541.0;0.0
yf_ZS=F_d14;19000;ASH_COATED_OSMIUM;9901;18;9898;17;;;9907;19;9910;22;;;9904.0;0.0
yf_ZS=F_d14;19000;INTARIAN_PEPPER_ROOT;10538;9;10534;12;;;10544;15;10547;19;;;10541.0;0.0
yf_ZS=F_d14;19100;ASH_COATED_OSMIUM;9901;5;9899;21;;;9909;9;9912;22;;;9905.0;0.0
yf_ZS=F_d14;19100;INTARIAN_PEPPER_ROOT;10538;23;10535;16;;;10544;23;10546;16;;;10541.0;0.0
yf_ZS=F_d14;19200;ASH_COATED_OSMIUM;9893;18;9889;26;;;9916;16;9920;22;;;9904.5;0.0
yf_ZS=F_d14;19200;INTARIAN_PEPPER_ROOT;10537;11;10533;20;;;10543;14;10545;22;;;10540.0;0.0
yf_ZS=F_d14;19300;ASH_COATED_OSMIUM;9901;18;9899;25;;;9907;8;9909;16;;;9904.0;0.0
yf_ZS=F_d14;19300;INTARIAN_PEPPER_ROOT;10536;17;10533;21;;;10542;9;10544;16;;;10539.0;0.0
yf_ZS=F_d14;19400;ASH_COATED_OSMIUM;9899;23;9897;20;;;9909;11;9912;24;;;9904.0;0.0
yf_ZS=F_d14;19400;INTARIAN_PEPPER_ROOT;10536;15;10533;13;;;10542;16;10546;19;;;10539.0;0.0
yf_ZS=F_d14;19500;ASH_COATED_OSMIUM;9900;9;9896;19;;;9908;19;9911;24;;;9904.0;0.0
yf_ZS=F_d14;19500;INTARIAN_PEPPER_ROOT;10531;22;10529;22;;;10547;10;10551;8;;;10539.0;0.0
yf_ZS=F_d14;19600;ASH_COATED_OSMIUM;9899;8;9896;20;;;9909;8;9912;19;;;9904.0;0.0
yf_ZS=F_d14;19600;INTARIAN_PEPPER_ROOT;10535;23;10532;16;;;10541;13;10544;21;;;10538.0;0.0
yf_ZS=F_d14;19700;ASH_COATED_OSMIUM;9901;25;9897;21;;;9907;12;9909;16;;;9904.0;0.0
yf_ZS=F_d14;19700;INTARIAN_PEPPER_ROOT;10529;17;10525;21;;;10546;22;10548;19;;;10537.5;0.0
yf_ZS=F_d14;19800;ASH_COATED_OSMIUM;9898;9;9895;22;;;9911;22;9915;24;;;9904.5;0.0
yf_ZS=F_d14;19800;INTARIAN_PEPPER_ROOT;10533;21;10530;16;;;10540;13;10542;29;;;10536.5;0.0
yf_ZS=F_d14;19900;ASH_COATED_OSMIUM;9901;12;9898;21;;;9907;19;9910;18;;;9904.0;0.0
yf_ZS=F_d14;19900;INTARIAN_PEPPER_ROOT;10533;15;10529;28;;;10539;14;10542;22;;;10536.0;0.0
yf_ZS=F_d14;20000;ASH_COATED_OSMIUM;9901;15;9897;17;;;9907;14;9910;17;;;9904.0;0.0
yf_ZS=F_d14;20000;INTARIAN_PEPPER_ROOT;10533;25;10531;21;;;10539;18;10543;21;;;10536.0;0.0
yf_ZS=F_d14;20100;ASH_COATED_OSMIUM;9901;15;9897;14;;;9907;12;9910;25;;;9904.0;0.0
yf_ZS=F_d14;20100;INTARIAN_PEPPER_ROOT;10530;13;10526;18;;;10540;11;10544;17;;;10535.0;0.0
yf_ZS=F_d14;20200;ASH_COATED_OSMIUM;9901;12;9899;20;;;9907;10;9909;19;;;9904.0;0.0
yf_ZS=F_d14;20200;INTARIAN_PEPPER_ROOT;10530;22;10527;18;;;10538;20;10541;23;;;10534.0;0.0
yf_ZS=F_d14;20300;ASH_COATED_OSMIUM;9901;16;9898;14;;;9907;7;9910;25;;;9904.0;0.0
yf_ZS=F_d14;20300;INTARIAN_PEPPER_ROOT;10531;29;10528;13;;;10537;9;10540;23;;;10534.0;0.0
yf_ZS=F_d14;20400;ASH_COATED_OSMIUM;9901;10;9897;16;;;9907;12;9910;20;;;9904.0;0.0
yf_ZS=F_d14;20400;INTARIAN_PEPPER_ROOT;10531;6;10527;22;;;10537;15;10541;10;;;10534.0;0.0
yf_ZS=F_d14;20500;ASH_COATED_OSMIUM;9902;23;9899;12;;;9908;22;9912;22;;;9905.0;0.0
yf_ZS=F_d14;20500;INTARIAN_PEPPER_ROOT;10530;15;10526;23;;;10536;10;10539;21;;;10533.0;0.0
yf_ZS=F_d14;20600;ASH_COATED_OSMIUM;9901;7;9897;21;;;9907;20;9910;15;;;9904.0;0.0
yf_ZS=F_d14;20600;INTARIAN_PEPPER_ROOT;10525;10;10522;17;;;10539;15;10541;18;;;10532.0;0.0
yf_ZS=F_d14;20700;ASH_COATED_OSMIUM;9900;19;9898;30;;;9909;14;9913;22;;;9904.5;0.0
yf_ZS=F_d14;20700;INTARIAN_PEPPER_ROOT;10529;12;10526;20;;;10535;10;10538;17;;;10532.0;0.0
yf_ZS=F_d14;20800;ASH_COATED_OSMIUM;9901;11;9898;14;;;9907;16;9911;25;;;9904.0;0.0
yf_ZS=F_d14;20800;INTARIAN_PEPPER_ROOT;10521;17;10519;25;;;10542;15;10545;10;;;10531.5;0.0
yf_ZS=F_d14;20900;ASH_COATED_OSMIUM;9901;20;9897;22;;;9907;19;9911;26;;;9904.0;0.0
yf_ZS=F_d14;20900;INTARIAN_PEPPER_ROOT;10528;19;10525;21;;;10534;16;10536;20;;;10531.0;0.0
yf_ZS=F_d14;21000;ASH_COATED_OSMIUM;9901;13;9897;19;;;9907;21;9909;21;;;9904.0;0.0
yf_ZS=F_d14;21000;INTARIAN_PEPPER_ROOT;10527;17;10524;25;;;10533;20;10537;18;;;10530.0;0.0
yf_ZS=F_d14;21100;ASH_COATED_OSMIUM;9901;7;9898;20;;;9907;13;9911;22;;;9904.0;0.0
yf_ZS=F_d14;21100;INTARIAN_PEPPER_ROOT;10526;18;10524;17;;;10532;22;10536;20;;;10529.0;0.0
yf_ZS=F_d14;21200;ASH_COATED_OSMIUM;9901;14;9898;24;;;9907;12;9911;17;;;9904.0;0.0
yf_ZS=F_d14;21200;INTARIAN_PEPPER_ROOT;10526;11;10522;13;;;10532;14;10536;25;;;10529.0;0.0
yf_ZS=F_d14;21300;ASH_COATED_OSMIUM;9896;9;9892;20;;;9911;13;9914;25;;;9903.5;0.0
yf_ZS=F_d14;21300;INTARIAN_PEPPER_ROOT;10519;18;10516;17;;;10538;5;10540;15;;;10528.5;0.0
yf_ZS=F_d14;21400;ASH_COATED_OSMIUM;9901;7;9897;22;;;9907;9;9909;17;;;9904.0;0.0
yf_ZS=F_d14;21400;INTARIAN_PEPPER_ROOT;10521;27;10517;28;;;10534;25;10537;14;;;10527.5;0.0
yf_ZS=F_d14;21500;ASH_COATED_OSMIUM;9901;8;9898;23;;;9908;17;9911;22;;;9904.5;0.0
yf_ZS=F_d14;21500;INTARIAN_PEPPER_ROOT;10524;23;10520;16;;;10530;11;10534;15;;;10527.0;0.0
yf_ZS=F_d14;21600;ASH_COATED_OSMIUM;9901;17;9898;22;;;9907;15;9910;16;;;9904.0;0.0
yf_ZS=F_d14;21600;INTARIAN_PEPPER_ROOT;10515;15;10511;17;;;10537;8;10539;8;;;10526.0;0.0
yf_ZS=F_d14;21700;ASH_COATED_OSMIUM;9901;13;9898;28;;;9907;16;9910;15;;;9904.0;0.0
yf_ZS=F_d14;21700;INTARIAN_PEPPER_ROOT;10514;14;10512;14;;;10539;15;10541;16;;;10526.5;0.0
yf_ZS=F_d14;21800;ASH_COATED_OSMIUM;9897;6;9895;18;;;9910;11;9913;23;;;9903.5;0.0
yf_ZS=F_d14;21800;INTARIAN_PEPPER_ROOT;10522;6;10520;19;;;10528;26;10531;27;;;10525.0;0.0
yf_ZS=F_d14;21900;ASH_COATED_OSMIUM;9901;21;9899;17;;;9907;19;9909;18;;;9904.0;0.0
yf_ZS=F_d14;21900;INTARIAN_PEPPER_ROOT;10522;16;10518;11;;;10528;16;10532;20;;;10525.0;0.0
yf_ZS=F_d14;22000;ASH_COATED_OSMIUM;9901;17;9899;24;;;9907;17;9910;19;;;9904.0;0.0
yf_ZS=F_d14;22000;INTARIAN_PEPPER_ROOT;10522;11;10520;14;;;10528;5;10532;17;;;10525.0;0.0
yf_ZS=F_d14;22100;ASH_COATED_OSMIUM;9899;22;9895;29;;;9910;15;9913;27;;;9904.5;0.0
yf_ZS=F_d14;22100;INTARIAN_PEPPER_ROOT;10521;19;10518;20;;;10527;17;10530;25;;;10524.0;0.0
yf_ZS=F_d14;22200;ASH_COATED_OSMIUM;9888;18;9885;18;;;9920;19;9924;20;;;9904.0;0.0
yf_ZS=F_d14;22200;INTARIAN_PEPPER_ROOT;10520;20;10516;15;;;10526;17;10528;19;;;10523.0;0.0
yf_ZS=F_d14;22300;ASH_COATED_OSMIUM;9898;19;9896;22;;;9912;19;9916;22;;;9905.0;0.0
yf_ZS=F_d14;22300;INTARIAN_PEPPER_ROOT;10520;8;10518;18;;;10526;9;10529;26;;;10523.0;0.0
yf_ZS=F_d14;22400;ASH_COATED_OSMIUM;9901;9;9899;16;;;9907;20;9911;18;;;9904.0;0.0
yf_ZS=F_d14;22400;INTARIAN_PEPPER_ROOT;10519;10;10516;17;;;10525;13;10527;17;;;10522.0;0.0
yf_ZS=F_d14;22500;ASH_COATED_OSMIUM;9901;8;9899;14;;;9907;23;9910;23;;;9904.0;0.0
yf_ZS=F_d14;22500;INTARIAN_PEPPER_ROOT;10516;5;10514;20;;;10526;19;10530;19;;;10521.0;0.0
yf_ZS=F_d14;22600;ASH_COATED_OSMIUM;9901;5;9899;18;;;9908;16;9910;15;;;9904.5;0.0
yf_ZS=F_d14;22600;INTARIAN_PEPPER_ROOT;10500;14;10497;8;;;10543;17;10545;19;;;10521.5;0.0
yf_ZS=F_d14;22700;ASH_COATED_OSMIUM;9895;8;9892;27;;;9914;24;9916;12;;;9904.5;0.0
yf_ZS=F_d14;22700;INTARIAN_PEPPER_ROOT;10518;19;10514;14;;;10524;9;10527;22;;;10521.0;0.0
yf_ZS=F_d14;22800;ASH_COATED_OSMIUM;9902;5;9900;18;;;9908;19;9912;29;;;9905.0;0.0
yf_ZS=F_d14;22800;INTARIAN_PEPPER_ROOT;10514;7;10510;18;;;10525;9;10528;23;;;10519.5;0.0
yf_ZS=F_d14;22900;ASH_COATED_OSMIUM;9902;16;9898;20;;;9908;9;9910;20;;;9905.0;0.0
yf_ZS=F_d14;22900;INTARIAN_PEPPER_ROOT;10517;19;10515;13;;;10523;5;10527;18;;;10520.0;0.0
yf_ZS=F_d14;23000;ASH_COATED_OSMIUM;9901;20;9899;18;;;9907;17;9909;23;;;9904.0;0.0
yf_ZS=F_d14;23000;INTARIAN_PEPPER_ROOT;10506;21;10502;27;;;10532;17;10535;15;;;10519.0;0.0
yf_ZS=F_d14;23100;ASH_COATED_OSMIUM;9902;15;9898;24;;;9908;13;9911;15;;;9905.0;0.0
yf_ZS=F_d14;23100;INTARIAN_PEPPER_ROOT;10514;16;10512;13;;;10522;20;10524;10;;;10518.0;0.0
yf_ZS=F_d14;23200;ASH_COATED_OSMIUM;9902;18;9898;26;;;9908;18;9911;26;;;9905.0;0.0
yf_ZS=F_d14;23200;INTARIAN_PEPPER_ROOT;10494;10;10491;21;;;10540;25;10543;17;;;10517.0;0.0
yf_ZS=F_d14;23300;ASH_COATED_OSMIUM;9902;15;9900;25;;;9908;15;9911;24;;;9905.0;0.0
yf_ZS=F_d14;23300;INTARIAN_PEPPER_ROOT;10514;15;10510;15;;;10520;14;10523;22;;;10517.0;0.0
yf_ZS=F_d14;23400;ASH_COATED_OSMIUM;9898;5;9895;26;;;9910;12;9912;21;;;9904.0;0.0
yf_ZS=F_d14;23400;INTARIAN_PEPPER_ROOT;10511;12;10508;16;;;10522;8;10524;12;;;10516.5;0.0
yf_ZS=F_d14;23500;ASH_COATED_OSMIUM;9900;19;9898;24;;;9908;22;9912;20;;;9904.0;0.0
yf_ZS=F_d14;23500;INTARIAN_PEPPER_ROOT;10512;14;10508;20;;;10519;12;10523;27;;;10515.5;0.0
yf_ZS=F_d14;23600;ASH_COATED_OSMIUM;9902;17;9898;29;;;9908;8;9910;20;;;9905.0;0.0
yf_ZS=F_d14;23600;INTARIAN_PEPPER_ROOT;10513;6;10510;16;;;10519;15;10523;21;;;10516.0;0.0
yf_ZS=F_d14;23700;ASH_COATED_OSMIUM;9902;23;9898;18;;;9908;15;9910;13;;;9905.0;0.0
yf_ZS=F_d14;23700;INTARIAN_PEPPER_ROOT;10511;6;10508;28;;;10519;11;10521;14;;;10515.0;0.0
yf_ZS=F_d14;23800;ASH_COATED_OSMIUM;9902;13;9900;21;;;9908;8;9912;21;;;9905.0;0.0
yf_ZS=F_d14;23800;INTARIAN_PEPPER_ROOT;10507;23;10503;23;;;10522;11;10526;13;;;10514.5;0.0
yf_ZS=F_d14;23900;ASH_COATED_OSMIUM;9902;17;9899;21;;;9908;17;9911;26;;;9905.0;0.0
yf_ZS=F_d14;23900;INTARIAN_PEPPER_ROOT;10508;14;10506;21;;;10519;5;10521;22;;;10513.5;0.0
yf_ZS=F_d14;24000;ASH_COATED_OSMIUM;9901;5;9899;18;;;9907;13;9909;15;;;9904.0;0.0
yf_ZS=F_d14;24000;INTARIAN_PEPPER_ROOT;10511;14;10509;23;;;10517;16;10521;14;;;10514.0;0.0
yf_ZS=F_d14;24100;ASH_COATED_OSMIUM;9899;10;9895;19;;;9910;12;9914;20;;;9904.5;0.0
yf_ZS=F_d14;24100;INTARIAN_PEPPER_ROOT;10509;18;10506;25;;;10515;13;10519;12;;;10512.0;0.0
yf_ZS=F_d14;24200;ASH_COATED_OSMIUM;9902;12;9899;22;;;9908;10;9912;26;;;9905.0;0.0
yf_ZS=F_d14;24200;INTARIAN_PEPPER_ROOT;10505;12;10503;21;;;10519;13;10523;20;;;10512.0;0.0
yf_ZS=F_d14;24300;ASH_COATED_OSMIUM;9897;12;9893;26;;;9912;15;9915;18;;;9904.5;0.0
yf_ZS=F_d14;24300;INTARIAN_PEPPER_ROOT;10507;14;10504;26;;;10516;14;10518;21;;;10511.5;0.0
yf_ZS=F_d14;24400;ASH_COATED_OSMIUM;9902;16;9899;11;;;9908;18;9910;17;;;9905.0;0.0
yf_ZS=F_d14;24400;INTARIAN_PEPPER_ROOT;10507;15;10503;16;;;10515;9;10518;20;;;10511.0;0.0
yf_ZS=F_d14;24500;ASH_COATED_OSMIUM;9898;11;9895;18;;;9911;20;9914;25;;;9904.5;0.0
yf_ZS=F_d14;24500;INTARIAN_PEPPER_ROOT;10504;14;10500;10;;;10517;5;10520;13;;;10510.5;0.0
yf_ZS=F_d14;24600;ASH_COATED_OSMIUM;9901;13;9899;28;;;9907;12;9911;13;;;9904.0;0.0
yf_ZS=F_d14;24600;INTARIAN_PEPPER_ROOT;10506;15;10504;14;;;10512;14;10515;13;;;10509.0;0.0
yf_ZS=F_d14;24700;ASH_COATED_OSMIUM;9888;17;9886;24;;;9920;10;9924;14;;;9904.0;0.0
yf_ZS=F_d14;24700;INTARIAN_PEPPER_ROOT;10505;12;10502;14;;;10511;11;10514;20;;;10508.0;0.0
yf_ZS=F_d14;24800;ASH_COATED_OSMIUM;9901;11;9898;13;;;9907;6;9909;16;;;9904.0;0.0
yf_ZS=F_d14;24800;INTARIAN_PEPPER_ROOT;10506;12;10502;15;;;10512;15;10514;12;;;10509.0;0.0
yf_ZS=F_d14;24900;ASH_COATED_OSMIUM;9879;19;9877;18;;;9930;11;9934;21;;;9904.5;0.0
yf_ZS=F_d14;24900;INTARIAN_PEPPER_ROOT;10504;13;10500;25;;;10513;9;10515;25;;;10508.5;0.0
yf_ZS=F_d14;25000;ASH_COATED_OSMIUM;9897;20;9893;11;;;9912;15;9916;10;;;9904.5;0.0
yf_ZS=F_d14;25000;INTARIAN_PEPPER_ROOT;10504;10;10500;24;;;10510;17;10514;17;;;10507.0;0.0
yf_ZS=F_d14;25100;ASH_COATED_OSMIUM;9902;16;9900;16;;;9908;13;9910;22;;;9905.0;0.0
yf_ZS=F_d14;25100;INTARIAN_PEPPER_ROOT;10502;15;10498;14;;;10511;13;10513;20;;;10506.5;0.0
yf_ZS=F_d14;25200;ASH_COATED_OSMIUM;9902;14;9898;17;;;9908;22;9912;23;;;9905.0;0.0
yf_ZS=F_d14;25200;INTARIAN_PEPPER_ROOT;10503;21;10499;17;;;10509;13;10512;22;;;10506.0;0.0
yf_ZS=F_d14;25300;ASH_COATED_OSMIUM;9899;17;9895;20;;;9910;10;9914;17;;;9904.5;0.0
yf_ZS=F_d14;25300;INTARIAN_PEPPER_ROOT;10502;16;10498;22;;;10510;9;10512;26;;;10506.0;0.0
yf_ZS=F_d14;25400;ASH_COATED_OSMIUM;9892;11;9890;20;;;9917;15;9920;20;;;9904.5;0.0
yf_ZS=F_d14;25400;INTARIAN_PEPPER_ROOT;10502;20;10498;21;;;10508;15;10510;15;;;10505.0;0.0
yf_ZS=F_d14;25500;ASH_COATED_OSMIUM;9902;20;9900;15;;;9908;13;9911;21;;;9905.0;0.0
yf_ZS=F_d14;25500;INTARIAN_PEPPER_ROOT;10502;26;10498;22;;;10508;19;10510;17;;;10505.0;0.0
yf_ZS=F_d14;25600;ASH_COATED_OSMIUM;9891;24;9889;12;;;9919;17;9921;17;;;9905.0;0.0
yf_ZS=F_d14;25600;INTARIAN_PEPPER_ROOT;10496;20;10494;17;;;10512;21;10515;16;;;10504.0;0.0
yf_ZS=F_d14;25700;ASH_COATED_OSMIUM;9901;26;9898;23;;;9907;19;9910;18;;;9904.0;0.0
yf_ZS=F_d14;25700;INTARIAN_PEPPER_ROOT;10495;14;10491;16;;;10513;18;10516;21;;;10504.0;0.0
yf_ZS=F_d14;25800;ASH_COATED_OSMIUM;9901;18;9897;18;;;9908;16;9912;24;;;9904.5;0.0
yf_ZS=F_d14;25800;INTARIAN_PEPPER_ROOT;10499;18;10495;20;;;10506;27;10508;22;;;10502.5;0.0
yf_ZS=F_d14;25900;ASH_COATED_OSMIUM;9901;10;9898;9;;;9907;20;9910;18;;;9904.0;0.0
yf_ZS=F_d14;25900;INTARIAN_PEPPER_ROOT;10499;11;10497;16;;;10506;22;10509;22;;;10502.5;0.0
yf_ZS=F_d14;26000;ASH_COATED_OSMIUM;9898;15;9894;16;;;9912;18;9915;28;;;9905.0;0.0
yf_ZS=F_d14;26000;INTARIAN_PEPPER_ROOT;10499;5;10496;14;;;10506;10;10509;26;;;10502.5;0.0
yf_ZS=F_d14;26100;ASH_COATED_OSMIUM;9894;15;9892;21;;;9915;14;9918;19;;;9904.5;0.0
yf_ZS=F_d14;26100;INTARIAN_PEPPER_ROOT;10497;14;10495;11;;;10506;14;10508;9;;;10501.5;0.0
yf_ZS=F_d14;26200;ASH_COATED_OSMIUM;9900;12;9896;24;;;9910;14;9914;16;;;9905.0;0.0
yf_ZS=F_d14;26200;INTARIAN_PEPPER_ROOT;10482;19;10478;28;;;10521;15;10523;24;;;10501.5;0.0
yf_ZS=F_d14;26300;ASH_COATED_OSMIUM;9898;7;9894;12;;;9910;23;9914;19;;;9904.0;0.0
yf_ZS=F_d14;26300;INTARIAN_PEPPER_ROOT;10497;12;10495;20;;;10503;15;10507;18;;;10500.0;0.0
yf_ZS=F_d14;26400;ASH_COATED_OSMIUM;9893;15;9889;9;;;9916;20;9920;19;;;9904.5;0.0
yf_ZS=F_d14;26400;INTARIAN_PEPPER_ROOT;10497;19;10495;22;;;10503;10;10506;20;;;10500.0;0.0
yf_ZS=F_d14;26500;ASH_COATED_OSMIUM;9897;15;9893;30;;;9913;15;9917;22;;;9905.0;0.0
yf_ZS=F_d14;26500;INTARIAN_PEPPER_ROOT;10496;14;10494;12;;;10502;12;10506;12;;;10499.0;0.0
yf_ZS=F_d14;26600;ASH_COATED_OSMIUM;9901;14;9898;22;;;9907;16;9909;17;;;9904.0;0.0
yf_ZS=F_d14;26600;INTARIAN_PEPPER_ROOT;10495;7;10492;15;;;10502;16;10505;22;;;10498.5;0.0
yf_ZS=F_d14;26700;ASH_COATED_OSMIUM;9896;15;9892;18;;;9914;21;9918;21;;;9905.0;0.0
yf_ZS=F_d14;26700;INTARIAN_PEPPER_ROOT;10495;16;10491;9;;;10501;23;10504;24;;;10498.0;0.0
yf_ZS=F_d14;26800;ASH_COATED_OSMIUM;9901;13;9899;18;;;9907;14;9911;20;;;9904.0;0.0
yf_ZS=F_d14;26800;INTARIAN_PEPPER_ROOT;10495;20;10492;15;;;10501;21;10504;15;;;10498.0;0.0
yf_ZS=F_d14;26900;ASH_COATED_OSMIUM;9901;5;9898;19;;;9907;18;9910;19;;;9904.0;0.0
yf_ZS=F_d14;26900;INTARIAN_PEPPER_ROOT;10494;16;10492;21;;;10500;12;10504;23;;;10497.0;0.0
yf_ZS=F_d14;27000;ASH_COATED_OSMIUM;9902;15;9898;18;;;9908;24;9911;23;;;9905.0;0.0
yf_ZS=F_d14;27000;INTARIAN_PEPPER_ROOT;10493;16;10489;23;;;10499;17;10503;17;;;10496.0;0.0
yf_ZS=F_d14;27100;ASH_COATED_OSMIUM;9902;8;9898;31;;;9908;10;9912;12;;;9905.0;0.0
yf_ZS=F_d14;27100;INTARIAN_PEPPER_ROOT;10493;13;10489;28;;;10499;10;10501;10;;;10496.0;0.0
yf_ZS=F_d14;27200;ASH_COATED_OSMIUM;9897;14;9893;30;;;9912;15;9915;21;;;9904.5;0.0
yf_ZS=F_d14;27200;INTARIAN_PEPPER_ROOT;10492;15;10489;20;;;10498;5;10501;19;;;10495.0;0.0
yf_ZS=F_d14;27300;ASH_COATED_OSMIUM;9902;13;9900;14;;;9908;13;9911;13;;;9905.0;0.0
yf_ZS=F_d14;27300;INTARIAN_PEPPER_ROOT;10485;24;10482;17;;;10504;5;10506;23;;;10494.5;0.0
yf_ZS=F_d14;27400;ASH_COATED_OSMIUM;9902;13;9898;14;;;9908;23;9910;16;;;9905.0;0.0
yf_ZS=F_d14;27400;INTARIAN_PEPPER_ROOT;10491;11;10488;25;;;10497;8;10500;21;;;10494.0;0.0
yf_ZS=F_d14;27500;ASH_COATED_OSMIUM;9900;12;9897;15;;;9909;24;9911;10;;;9904.5;0.0
yf_ZS=F_d14;27500;INTARIAN_PEPPER_ROOT;10490;8;10486;25;;;10496;10;10499;22;;;10493.0;0.0
yf_ZS=F_d14;27600;ASH_COATED_OSMIUM;9901;9;9898;22;;;9907;9;9911;25;;;9904.0;0.0
yf_ZS=F_d14;27600;INTARIAN_PEPPER_ROOT;10473;21;10471;14;;;10513;9;10517;21;;;10493.0;0.0
yf_ZS=F_d14;27700;ASH_COATED_OSMIUM;9902;18;9900;15;;;9908;20;9911;23;;;9905.0;0.0
yf_ZS=F_d14;27700;INTARIAN_PEPPER_ROOT;10490;12;10488;25;;;10496;14;10500;14;;;10493.0;0.0
yf_ZS=F_d14;27800;ASH_COATED_OSMIUM;9901;15;9898;25;;;9907;13;9910;17;;;9904.0;0.0
yf_ZS=F_d14;27800;INTARIAN_PEPPER_ROOT;10489;9;10486;24;;;10495;14;10499;25;;;10492.0;0.0
yf_ZS=F_d14;27900;ASH_COATED_OSMIUM;9901;14;9898;28;;;9908;18;9911;20;;;9904.5;0.0
yf_ZS=F_d14;27900;INTARIAN_PEPPER_ROOT;10489;12;10486;14;;;10495;12;10497;23;;;10492.0;0.0
yf_ZS=F_d14;28000;ASH_COATED_OSMIUM;9902;14;9900;18;;;9908;16;9911;8;;;9905.0;0.0
yf_ZS=F_d14;28000;INTARIAN_PEPPER_ROOT;10484;5;10482;19;;;10496;11;10498;21;;;10490.0;0.0
yf_ZS=F_d14;28100;ASH_COATED_OSMIUM;9900;12;9896;21;;;9909;24;9913;26;;;9904.5;0.0
yf_ZS=F_d14;28100;INTARIAN_PEPPER_ROOT;10486;14;10483;34;;;10495;20;10499;14;;;10490.5;0.0
yf_ZS=F_d14;28200;ASH_COATED_OSMIUM;9902;17;9899;25;;;9908;7;9912;22;;;9905.0;0.0
yf_ZS=F_d14;28200;INTARIAN_PEPPER_ROOT;10487;11;10484;25;;;10493;12;10496;21;;;10490.0;0.0
yf_ZS=F_d14;28300;ASH_COATED_OSMIUM;9901;26;9897;21;;;9907;19;9910;23;;;9904.0;0.0
yf_ZS=F_d14;28300;INTARIAN_PEPPER_ROOT;10486;12;10484;34;;;10492;16;10495;12;;;10489.0;0.0
yf_ZS=F_d14;28400;ASH_COATED_OSMIUM;9899;21;9897;24;;;9911;13;9915;21;;;9905.0;0.0
yf_ZS=F_d14;28400;INTARIAN_PEPPER_ROOT;10486;8;10482;9;;;10492;13;10495;27;;;10489.0;0.0
yf_ZS=F_d14;28500;ASH_COATED_OSMIUM;9902;7;9898;21;;;9908;19;9912;20;;;9905.0;0.0
yf_ZS=F_d14;28500;INTARIAN_PEPPER_ROOT;10480;11;10477;10;;;10495;12;10499;12;;;10487.5;0.0
yf_ZS=F_d14;28600;ASH_COATED_OSMIUM;9902;24;9898;14;;;9908;15;9911;21;;;9905.0;0.0
yf_ZS=F_d14;28600;INTARIAN_PEPPER_ROOT;10484;8;10480;19;;;10490;15;10494;20;;;10487.0;0.0
yf_ZS=F_d14;28700;ASH_COATED_OSMIUM;9888;7;9886;18;;;9921;11;9924;21;;;9904.5;0.0
yf_ZS=F_d14;28700;INTARIAN_PEPPER_ROOT;10484;11;10481;31;;;10490;16;10492;21;;;10487.0;0.0
yf_ZS=F_d14;28800;ASH_COATED_OSMIUM;9902;11;9899;19;;;9908;10;9911;21;;;9905.0;0.0
yf_ZS=F_d14;28800;INTARIAN_PEPPER_ROOT;10484;5;10482;23;;;10490;10;10493;21;;;10487.0;0.0
yf_ZS=F_d14;28900;ASH_COATED_OSMIUM;9892;17;9888;19;;;9917;13;9919;21;;;9904.5;0.0
yf_ZS=F_d14;28900;INTARIAN_PEPPER_ROOT;10483;16;10480;17;;;10489;5;10491;26;;;10486.0;0.0
yf_ZS=F_d14;29000;ASH_COATED_OSMIUM;9898;17;9894;18;;;9911;23;9913;18;;;9904.5;0.0
yf_ZS=F_d14;29000;INTARIAN_PEPPER_ROOT;10482;13;10479;27;;;10488;16;10490;18;;;10485.0;0.0
yf_ZS=F_d14;29100;ASH_COATED_OSMIUM;9902;17;9899;22;;;9908;14;9912;13;;;9905.0;0.0
yf_ZS=F_d14;29100;INTARIAN_PEPPER_ROOT;10481;15;10478;19;;;10487;19;10489;29;;;10484.0;0.0
yf_ZS=F_d14;29200;ASH_COATED_OSMIUM;9897;8;9893;13;;;9911;17;9915;22;;;9904.0;0.0
yf_ZS=F_d14;29200;INTARIAN_PEPPER_ROOT;10481;17;10478;23;;;10487;18;10490;30;;;10484.0;0.0
yf_ZS=F_d14;29300;ASH_COATED_OSMIUM;9902;13;9900;10;;;9908;9;9911;17;;;9905.0;0.0
yf_ZS=F_d14;29300;INTARIAN_PEPPER_ROOT;10480;8;10476;27;;;10487;10;10491;29;;;10483.5;0.0
yf_ZS=F_d14;29400;ASH_COATED_OSMIUM;9901;14;9898;16;;;9907;19;9911;19;;;9904.0;0.0
yf_ZS=F_d14;29400;INTARIAN_PEPPER_ROOT;10469;21;10467;16;;;10497;12;10500;23;;;10483.0;0.0
yf_ZS=F_d14;29500;ASH_COATED_OSMIUM;9902;9;9898;17;;;9908;12;9912;26;;;9905.0;0.0
yf_ZS=F_d14;29500;INTARIAN_PEPPER_ROOT;10480;11;10476;17;;;10486;19;10489;16;;;10483.0;0.0
yf_ZS=F_d14;29600;ASH_COATED_OSMIUM;9902;13;9898;20;;;9908;28;9911;17;;;9905.0;0.0
yf_ZS=F_d14;29600;INTARIAN_PEPPER_ROOT;10479;11;10477;19;;;10485;11;10488;18;;;10482.0;0.0
yf_ZS=F_d14;29700;ASH_COATED_OSMIUM;9901;15;9899;19;;;9907;17;9910;20;;;9904.0;0.0
yf_ZS=F_d14;29700;INTARIAN_PEPPER_ROOT;10476;14;10474;17;;;10487;13;10489;24;;;10481.5;0.0
yf_ZS=F_d14;29800;ASH_COATED_OSMIUM;9901;9;9897;20;;;9907;7;9909;21;;;9904.0;0.0
yf_ZS=F_d14;29800;INTARIAN_PEPPER_ROOT;10474;20;10471;14;;;10488;11;10490;27;;;10481.0;0.0
yf_ZS=F_d14;29900;ASH_COATED_OSMIUM;9902;19;9900;22;;;9908;14;9911;17;;;9905.0;0.0
yf_ZS=F_d14;29900;INTARIAN_PEPPER_ROOT;10468;15;10466;30;;;10492;12;10494;18;;;10480.0;0.0
yf_ZS=F_d14;30000;ASH_COATED_OSMIUM;9901;18;9897;23;;;9907;13;9911;28;;;9904.0;0.0
yf_ZS=F_d14;30000;INTARIAN_PEPPER_ROOT;10474;20;10471;24;;;10485;5;10487;23;;;10479.5;0.0
yf_ZS=F_d14;30100;ASH_COATED_OSMIUM;9902;19;9900;20;;;9908;14;9912;24;;;9905.0;0.0
yf_ZS=F_d14;30100;INTARIAN_PEPPER_ROOT;10476;13;10474;14;;;10482;15;10485;13;;;10479.0;0.0
yf_ZS=F_d14;30200;ASH_COATED_OSMIUM;9902;17;9898;17;;;9908;8;9912;21;;;9905.0;0.0
yf_ZS=F_d14;30200;INTARIAN_PEPPER_ROOT;10470;11;10466;9;;;10487;18;10490;23;;;10478.5;0.0
yf_ZS=F_d14;30300;ASH_COATED_OSMIUM;9902;11;9899;18;;;9908;22;9911;16;;;9905.0;0.0
yf_ZS=F_d14;30300;INTARIAN_PEPPER_ROOT;10475;14;10473;11;;;10481;14;10483;20;;;10478.0;0.0
yf_ZS=F_d14;30400;ASH_COATED_OSMIUM;9902;19;9900;25;;;9908;13;9911;13;;;9905.0;0.0
yf_ZS=F_d14;30400;INTARIAN_PEPPER_ROOT;10469;14;10466;17;;;10486;8;10489;20;;;10477.5;0.0
yf_ZS=F_d14;30500;ASH_COATED_OSMIUM;9899;17;9896;26;;;9910;7;9913;16;;;9904.5;0.0
yf_ZS=F_d14;30500;INTARIAN_PEPPER_ROOT;10474;15;10471;20;;;10480;12;10483;15;;;10477.0;0.0
yf_ZS=F_d14;30600;ASH_COATED_OSMIUM;9898;11;9895;21;;;9912;13;9914;16;;;9905.0;0.0
yf_ZS=F_d14;30600;INTARIAN_PEPPER_ROOT;10466;11;10464;18;;;10486;17;10490;18;;;10476.0;0.0
yf_ZS=F_d14;30700;ASH_COATED_OSMIUM;9902;19;9900;15;;;9908;16;9912;8;;;9905.0;0.0
yf_ZS=F_d14;30700;INTARIAN_PEPPER_ROOT;10473;16;10471;23;;;10479;15;10483;15;;;10476.0;0.0
yf_ZS=F_d14;30800;ASH_COATED_OSMIUM;9902;21;9899;20;;;9908;11;9911;16;;;9905.0;0.0
yf_ZS=F_d14;30800;INTARIAN_PEPPER_ROOT;10472;21;10469;19;;;10478;16;10482;26;;;10475.0;0.0
yf_ZS=F_d14;30900;ASH_COATED_OSMIUM;9902;13;9900;20;;;9908;13;9911;24;;;9905.0;0.0
yf_ZS=F_d14;30900;INTARIAN_PEPPER_ROOT;10468;7;10466;20;;;10482;17;10485;16;;;10475.0;0.0
yf_ZS=F_d14;31000;ASH_COATED_OSMIUM;9902;12;9898;25;;;9908;12;9910;25;;;9905.0;0.0
yf_ZS=F_d14;31000;INTARIAN_PEPPER_ROOT;10471;16;10468;17;;;10477;13;10479;25;;;10474.0;0.0
yf_ZS=F_d14;31100;ASH_COATED_OSMIUM;9897;18;9895;28;;;9913;15;9915;22;;;9905.0;0.0
yf_ZS=F_d14;31100;INTARIAN_PEPPER_ROOT;10467;13;10465;17;;;10481;18;10483;23;;;10474.0;0.0
yf_ZS=F_d14;31200;ASH_COATED_OSMIUM;9902;11;9899;18;;;9908;11;9910;24;;;9905.0;0.0
yf_ZS=F_d14;31200;INTARIAN_PEPPER_ROOT;10470;18;10468;29;;;10476;20;10478;17;;;10473.0;0.0
yf_ZS=F_d14;31300;ASH_COATED_OSMIUM;9902;16;9898;13;;;9908;19;9912;30;;;9905.0;0.0
yf_ZS=F_d14;31300;INTARIAN_PEPPER_ROOT;10469;13;10466;19;;;10475;16;10479;18;;;10472.0;0.0
yf_ZS=F_d14;31400;ASH_COATED_OSMIUM;9902;13;9899;19;;;9908;13;9910;19;;;9905.0;0.0
yf_ZS=F_d14;31400;INTARIAN_PEPPER_ROOT;10468;12;10464;17;;;10474;14;10478;15;;;10471.0;0.0
yf_ZS=F_d14;31500;ASH_COATED_OSMIUM;9902;17;9900;22;;;9908;14;9912;18;;;9905.0;0.0
yf_ZS=F_d14;31500;INTARIAN_PEPPER_ROOT;10465;6;10463;24;;;10477;12;10479;24;;;10471.0;0.0
yf_ZS=F_d14;31600;ASH_COATED_OSMIUM;9903;16;9899;20;;;9909;8;9913;16;;;9906.0;0.0
yf_ZS=F_d14;31600;INTARIAN_PEPPER_ROOT;10468;8;10466;17;;;10474;13;10477;27;;;10471.0;0.0
yf_ZS=F_d14;31700;ASH_COATED_OSMIUM;9902;19;9899;19;;;9908;5;9910;23;;;9905.0;0.0
yf_ZS=F_d14;31700;INTARIAN_PEPPER_ROOT;10466;9;10463;18;;;10474;18;10477;17;;;10470.0;0.0
yf_ZS=F_d14;31800;ASH_COATED_OSMIUM;9896;14;9894;20;;;9913;16;9917;17;;;9904.5;0.0
yf_ZS=F_d14;31800;INTARIAN_PEPPER_ROOT;10466;21;10463;24;;;10472;15;10475;21;;;10469.0;0.0
yf_ZS=F_d14;31900;ASH_COATED_OSMIUM;9901;13;9899;18;;;9909;19;9911;20;;;9905.0;0.0
yf_ZS=F_d14;31900;INTARIAN_PEPPER_ROOT;10464;20;10460;12;;;10475;14;10479;29;;;10469.5;0.0
yf_ZS=F_d14;32000;ASH_COATED_OSMIUM;9902;15;9900;22;;;9908;5;9910;31;;;9905.0;0.0
yf_ZS=F_d14;32000;INTARIAN_PEPPER_ROOT;10465;21;10462;23;;;10471;12;10474;24;;;10468.0;0.0
yf_ZS=F_d14;32100;ASH_COATED_OSMIUM;9902;15;9898;19;;;9908;18;9912;20;;;9905.0;0.0
yf_ZS=F_d14;32100;INTARIAN_PEPPER_ROOT;10455;23;10451;19;;;10482;12;10486;11;;;10468.5;0.0
yf_ZS=F_d14;32200;ASH_COATED_OSMIUM;9900;16;9897;21;;;9909;18;9911;18;;;9904.5;0.0
yf_ZS=F_d14;32200;INTARIAN_PEPPER_ROOT;10463;18;10461;11;;;10471;14;10474;20;;;10467.0;0.0
yf_ZS=F_d14;32300;ASH_COATED_OSMIUM;9902;18;9900;23;;;9908;10;9912;28;;;9905.0;0.0
yf_ZS=F_d14;32300;INTARIAN_PEPPER_ROOT;10464;16;10461;17;;;10470;9;10473;20;;;10467.0;0.0
yf_ZS=F_d14;32400;ASH_COATED_OSMIUM;9902;11;9899;14;;;9908;9;9911;26;;;9905.0;0.0
yf_ZS=F_d14;32400;INTARIAN_PEPPER_ROOT;10463;10;10460;14;;;10469;22;10473;15;;;10466.0;0.0
yf_ZS=F_d14;32500;ASH_COATED_OSMIUM;9901;12;9897;14;;;9907;19;9911;19;;;9904.0;0.0
yf_ZS=F_d14;32500;INTARIAN_PEPPER_ROOT;10462;12;10458;19;;;10468;13;10472;15;;;10465.0;0.0
yf_ZS=F_d14;32600;ASH_COATED_OSMIUM;9902;15;9899;16;;;9908;15;9911;25;;;9905.0;0.0
yf_ZS=F_d14;32600;INTARIAN_PEPPER_ROOT;10461;22;10457;13;;;10468;9;10470;25;;;10464.5;0.0
yf_ZS=F_d14;32700;ASH_COATED_OSMIUM;9902;9;9900;24;;;9908;19;9910;20;;;9905.0;0.0
yf_ZS=F_d14;32700;INTARIAN_PEPPER_ROOT;10462;9;10459;18;;;10468;11;10470;13;;;10465.0;0.0
yf_ZS=F_d14;32800;ASH_COATED_OSMIUM;9902;15;9899;21;;;9908;22;9910;19;;;9905.0;0.0
yf_ZS=F_d14;32800;INTARIAN_PEPPER_ROOT;10461;6;10457;35;;;10467;23;10471;12;;;10464.0;0.0
yf_ZS=F_d14;32900;ASH_COATED_OSMIUM;9901;10;9899;23;;;9907;15;9909;23;;;9904.0;0.0
yf_ZS=F_d14;32900;INTARIAN_PEPPER_ROOT;10459;15;10455;8;;;10468;5;10471;21;;;10463.5;0.0
yf_ZS=F_d14;33000;ASH_COATED_OSMIUM;9902;14;9900;23;;;9908;10;9912;24;;;9905.0;0.0
yf_ZS=F_d14;33000;INTARIAN_PEPPER_ROOT;10460;23;10458;21;;;10466;7;10469;23;;;10463.0;0.0
yf_ZS=F_d14;33100;ASH_COATED_OSMIUM;9893;17;9889;10;;;9916;11;9918;21;;;9904.5;0.0
yf_ZS=F_d14;33100;INTARIAN_PEPPER_ROOT;10459;10;10455;26;;;10466;9;10470;22;;;10462.5;0.0
yf_ZS=F_d14;33200;ASH_COATED_OSMIUM;9902;9;9900;31;;;9908;15;9910;21;;;9905.0;0.0
yf_ZS=F_d14;33200;INTARIAN_PEPPER_ROOT;10459;21;10456;27;;;10465;30;10469;21;;;10462.0;0.0
yf_ZS=F_d14;33300;ASH_COATED_OSMIUM;9902;14;9900;19;;;9909;12;9912;22;;;9905.5;0.0
yf_ZS=F_d14;33300;INTARIAN_PEPPER_ROOT;10458;18;10455;17;;;10464;7;10468;26;;;10461.0;0.0
yf_ZS=F_d14;33400;ASH_COATED_OSMIUM;9902;19;9898;15;;;9908;17;9911;28;;;9905.0;0.0
yf_ZS=F_d14;33400;INTARIAN_PEPPER_ROOT;10455;13;10453;30;;;10466;18;10469;17;;;10460.5;0.0
yf_ZS=F_d14;33500;ASH_COATED_OSMIUM;9902;18;9899;21;;;9908;13;9910;26;;;9905.0;0.0
yf_ZS=F_d14;33500;INTARIAN_PEPPER_ROOT;10457;17;10453;23;;;10463;21;10467;21;;;10460.0;0.0
yf_ZS=F_d14;33600;ASH_COATED_OSMIUM;9900;18;9898;20;;;9910;15;9914;14;;;9905.0;0.0
yf_ZS=F_d14;33600;INTARIAN_PEPPER_ROOT;10457;14;10455;13;;;10463;10;10465;22;;;10460.0;0.0
yf_ZS=F_d14;33700;ASH_COATED_OSMIUM;9902;8;9900;27;;;9908;13;9910;12;;;9905.0;0.0
yf_ZS=F_d14;33700;INTARIAN_PEPPER_ROOT;10456;5;10452;17;;;10462;16;10464;20;;;10459.0;0.0
yf_ZS=F_d14;33800;ASH_COATED_OSMIUM;9902;18;9900;18;;;9908;11;9912;21;;;9905.0;0.0
yf_ZS=F_d14;33800;INTARIAN_PEPPER_ROOT;10455;16;10451;25;;;10461;17;10465;17;;;10458.0;0.0
yf_ZS=F_d14;33900;ASH_COATED_OSMIUM;9902;14;9898;18;;;9908;8;9910;18;;;9905.0;0.0
yf_ZS=F_d14;33900;INTARIAN_PEPPER_ROOT;10455;21;10451;15;;;10461;14;10464;26;;;10458.0;0.0
yf_ZS=F_d14;34000;ASH_COATED_OSMIUM;9902;13;9898;22;;;9908;20;9910;15;;;9905.0;0.0
yf_ZS=F_d14;34000;INTARIAN_PEPPER_ROOT;10455;12;10452;22;;;10461;21;10463;11;;;10458.0;0.0
yf_ZS=F_d14;34100;ASH_COATED_OSMIUM;9902;13;9898;21;;;9909;18;9911;18;;;9905.5;0.0
yf_ZS=F_d14;34100;INTARIAN_PEPPER_ROOT;10454;23;10450;21;;;10460;10;10464;14;;;10457.0;0.0
yf_ZS=F_d14;34200;ASH_COATED_OSMIUM;9903;17;9899;13;;;9909;14;9912;25;;;9906.0;0.0
yf_ZS=F_d14;34200;INTARIAN_PEPPER_ROOT;10448;12;10446;18;;;10466;15;10468;23;;;10457.0;0.0
yf_ZS=F_d14;34300;ASH_COATED_OSMIUM;9899;10;9895;24;;;9911;19;9914;21;;;9905.0;0.0
yf_ZS=F_d14;34300;INTARIAN_PEPPER_ROOT;10451;13;10448;11;;;10463;15;10465;17;;;10457.0;0.0
yf_ZS=F_d14;34400;ASH_COATED_OSMIUM;9903;16;9899;19;;;9909;14;9911;20;;;9906.0;0.0
yf_ZS=F_d14;34400;INTARIAN_PEPPER_ROOT;10453;17;10449;18;;;10459;10;10462;15;;;10456.0;0.0
yf_ZS=F_d14;34500;ASH_COATED_OSMIUM;9902;10;9899;31;;;9908;9;9911;23;;;9905.0;0.0
yf_ZS=F_d14;34500;INTARIAN_PEPPER_ROOT;10451;22;10447;23;;;10461;17;10463;18;;;10456.0;0.0
yf_ZS=F_d14;34600;ASH_COATED_OSMIUM;9903;15;9901;18;;;9909;12;9911;31;;;9906.0;0.0
yf_ZS=F_d14;34600;INTARIAN_PEPPER_ROOT;10448;12;10446;20;;;10464;17;10466;18;;;10456.0;0.0
yf_ZS=F_d14;34700;ASH_COATED_OSMIUM;9902;12;9898;14;;;9908;16;9910;13;;;9905.0;0.0
yf_ZS=F_d14;34700;INTARIAN_PEPPER_ROOT;10452;9;10448;22;;;10458;21;10460;18;;;10455.0;0.0
yf_ZS=F_d14;34800;ASH_COATED_OSMIUM;9900;13;9898;24;;;9912;5;9915;11;;;9906.0;0.0
yf_ZS=F_d14;34800;INTARIAN_PEPPER_ROOT;10449;12;10445;23;;;10461;18;10464;17;;;10455.0;0.0
yf_ZS=F_d14;34900;ASH_COATED_OSMIUM;9893;16;9891;10;;;9920;12;9924;23;;;9906.5;0.0
yf_ZS=F_d14;34900;INTARIAN_PEPPER_ROOT;10452;16;10450;21;;;10458;11;10461;21;;;10455.0;0.0
yf_ZS=F_d14;35000;ASH_COATED_OSMIUM;9899;12;9896;11;;;9913;12;9916;27;;;9906.0;0.0
yf_ZS=F_d14;35000;INTARIAN_PEPPER_ROOT;10451;17;10449;19;;;10457;13;10459;16;;;10454.0;0.0
yf_ZS=F_d14;35100;ASH_COATED_OSMIUM;9899;20;9896;18;;;9914;8;9917;15;;;9906.5;0.0
yf_ZS=F_d14;35100;INTARIAN_PEPPER_ROOT;10451;17;10448;8;;;10457;15;10460;14;;;10454.0;0.0
yf_ZS=F_d14;35200;ASH_COATED_OSMIUM;9901;14;9898;21;;;9910;10;9914;16;;;9905.5;0.0
yf_ZS=F_d14;35200;INTARIAN_PEPPER_ROOT;10451;7;10449;17;;;10457;17;10459;25;;;10454.0;0.0
yf_ZS=F_d14;35300;ASH_COATED_OSMIUM;9903;20;9901;21;;;9909;19;9911;33;;;9906.0;0.0
yf_ZS=F_d14;35300;INTARIAN_PEPPER_ROOT;10451;13;10447;25;;;10457;13;10460;20;;;10454.0;0.0
yf_ZS=F_d14;35400;ASH_COATED_OSMIUM;9903;15;9900;24;;;9910;18;9913;24;;;9906.5;0.0
yf_ZS=F_d14;35400;INTARIAN_PEPPER_ROOT;10449;8;10445;24;;;10458;12;10460;21;;;10453.5;0.0
yf_ZS=F_d14;35500;ASH_COATED_OSMIUM;9903;18;9901;21;;;9909;11;9911;19;;;9906.0;0.0
yf_ZS=F_d14;35500;INTARIAN_PEPPER_ROOT;10450;17;10447;20;;;10456;12;10460;20;;;10453.0;0.0
yf_ZS=F_d14;35600;ASH_COATED_OSMIUM;9904;18;9900;26;;;9910;12;9913;16;;;9907.0;0.0
yf_ZS=F_d14;35600;INTARIAN_PEPPER_ROOT;10437;14;10434;19;;;10468;18;10470;23;;;10452.5;0.0
yf_ZS=F_d14;35700;ASH_COATED_OSMIUM;9903;8;9900;16;;;9910;11;9914;24;;;9906.5;0.0
yf_ZS=F_d14;35700;INTARIAN_PEPPER_ROOT;10449;14;10447;12;;;10455;23;10457;22;;;10452.0;0.0
yf_ZS=F_d14;35800;ASH_COATED_OSMIUM;9903;19;9899;16;;;9911;12;9913;14;;;9907.0;0.0
yf_ZS=F_d14;35800;INTARIAN_PEPPER_ROOT;10448;28;10446;17;;;10455;16;10459;16;;;10451.5;0.0
yf_ZS=F_d14;35900;ASH_COATED_OSMIUM;9904;15;9901;23;;;9910;15;9914;24;;;9907.0;0.0
yf_ZS=F_d14;35900;INTARIAN_PEPPER_ROOT;10449;8;10447;27;;;10455;19;10458;31;;;10452.0;0.0
yf_ZS=F_d14;36000;ASH_COATED_OSMIUM;9904;16;9902;17;;;9910;15;9913;15;;;9907.0;0.0
yf_ZS=F_d14;36000;INTARIAN_PEPPER_ROOT;10443;5;10440;20;;;10461;15;10465;24;;;10452.0;0.0
yf_ZS=F_d14;36100;ASH_COATED_OSMIUM;9904;24;9900;25;;;9910;11;9914;22;;;9907.0;0.0
yf_ZS=F_d14;36100;INTARIAN_PEPPER_ROOT;10444;18;10442;21;;;10459;23;10461;21;;;10451.5;0.0
yf_ZS=F_d14;36200;ASH_COATED_OSMIUM;9904;17;9901;16;;;9910;24;9912;18;;;9907.0;0.0
yf_ZS=F_d14;36200;INTARIAN_PEPPER_ROOT;10447;11;10445;12;;;10456;22;10459;21;;;10451.5;0.0
yf_ZS=F_d14;36300;ASH_COATED_OSMIUM;9902;11;9899;14;;;9912;13;9915;16;;;9907.0;0.0
yf_ZS=F_d14;36300;INTARIAN_PEPPER_ROOT;10448;25;10445;20;;;10454;9;10458;13;;;10451.0;0.0
yf_ZS=F_d14;36400;ASH_COATED_OSMIUM;9905;15;9903;17;;;9911;12;9913;25;;;9908.0;0.0
yf_ZS=F_d14;36400;INTARIAN_PEPPER_ROOT;10448;11;10446;17;;;10454;13;10458;22;;;10451.0;0.0
yf_ZS=F_d14;36500;ASH_COATED_OSMIUM;9905;13;9902;19;;;9911;11;9913;22;;;9908.0;0.0
yf_ZS=F_d14;36500;INTARIAN_PEPPER_ROOT;10447;12;10443;16;;;10453;9;10456;13;;;10450.0;0.0
yf_ZS=F_d14;36600;ASH_COATED_OSMIUM;9901;20;9899;16;;;9916;12;9920;19;;;9908.5;0.0
yf_ZS=F_d14;36600;INTARIAN_PEPPER_ROOT;10447;5;10444;16;;;10453;8;10456;23;;;10450.0;0.0
yf_ZS=F_d14;36700;ASH_COATED_OSMIUM;9899;21;9897;18;;;9918;11;9920;19;;;9908.5;0.0
yf_ZS=F_d14;36700;INTARIAN_PEPPER_ROOT;10447;17;10445;18;;;10453;10;10457;19;;;10450.0;0.0
yf_ZS=F_d14;36800;ASH_COATED_OSMIUM;9905;13;9903;21;;;9911;21;9913;16;;;9908.0;0.0
yf_ZS=F_d14;36800;INTARIAN_PEPPER_ROOT;10447;23;10445;19;;;10453;13;10455;15;;;10450.0;0.0
yf_ZS=F_d14;36900;ASH_COATED_OSMIUM;9905;8;9903;26;;;9911;10;9915;19;;;9908.0;0.0
yf_ZS=F_d14;36900;INTARIAN_PEPPER_ROOT;10439;15;10436;19;;;10460;11;10462;20;;;10449.5;0.0
yf_ZS=F_d14;37000;ASH_COATED_OSMIUM;9905;12;9903;25;;;9911;13;9913;13;;;9908.0;0.0
yf_ZS=F_d14;37000;INTARIAN_PEPPER_ROOT;10445;9;10443;22;;;10454;13;10456;20;;;10449.5;0.0
yf_ZS=F_d14;37100;ASH_COATED_OSMIUM;9906;21;9904;14;;;9912;8;9915;21;;;9909.0;0.0
yf_ZS=F_d14;37100;INTARIAN_PEPPER_ROOT;10445;13;10441;18;;;10451;8;10454;20;;;10448.0;0.0
yf_ZS=F_d14;37200;ASH_COATED_OSMIUM;9906;11;9902;18;;;9912;10;9914;18;;;9909.0;0.0
yf_ZS=F_d14;37200;INTARIAN_PEPPER_ROOT;10446;17;10444;29;;;10452;7;10456;17;;;10449.0;0.0
yf_ZS=F_d14;37300;ASH_COATED_OSMIUM;9906;9;9904;18;;;9912;21;9914;23;;;9909.0;0.0
yf_ZS=F_d14;37300;INTARIAN_PEPPER_ROOT;10446;21;10442;23;;;10452;12;10455;22;;;10449.0;0.0
yf_ZS=F_d14;37400;ASH_COATED_OSMIUM;9905;11;9902;23;;;9912;18;9914;24;;;9908.5;0.0
yf_ZS=F_d14;37400;INTARIAN_PEPPER_ROOT;10443;23;10441;18;;;10453;15;10457;20;;;10448.0;0.0
yf_ZS=F_d14;37500;ASH_COATED_OSMIUM;9906;17;9903;25;;;9912;7;9915;22;;;9909.0;0.0
yf_ZS=F_d14;37500;INTARIAN_PEPPER_ROOT;10445;10;10443;20;;;10451;12;10454;27;;;10448.0;0.0
yf_ZS=F_d14;37600;ASH_COATED_OSMIUM;9906;17;9903;16;;;9912;6;9915;22;;;9909.0;0.0
yf_ZS=F_d14;37600;INTARIAN_PEPPER_ROOT;10439;15;10435;22;;;10457;15;10461;20;;;10448.0;0.0
yf_ZS=F_d14;37700;ASH_COATED_OSMIUM;9906;18;9902;20;;;9912;18;9914;11;;;9909.0;0.0
yf_ZS=F_d14;37700;INTARIAN_PEPPER_ROOT;10441;10;10438;10;;;10453;16;10456;26;;;10447.0;0.0
yf_ZS=F_d14;37800;ASH_COATED_OSMIUM;9904;21;9900;12;;;9915;9;9918;17;;;9909.5;0.0
yf_ZS=F_d14;37800;INTARIAN_PEPPER_ROOT;10444;13;10441;19;;;10450;13;10452;17;;;10447.0;0.0
yf_ZS=F_d14;37900;ASH_COATED_OSMIUM;9906;5;9902;16;;;9912;9;9914;19;;;9909.0;0.0
yf_ZS=F_d14;37900;INTARIAN_PEPPER_ROOT;10443;10;10439;17;;;10449;16;10452;13;;;10446.0;0.0
yf_ZS=F_d14;38000;ASH_COATED_OSMIUM;9906;16;9902;11;;;9912;9;9914;12;;;9909.0;0.0
yf_ZS=F_d14;38000;INTARIAN_PEPPER_ROOT;10443;8;10439;8;;;10452;20;10454;23;;;10447.5;0.0
yf_ZS=F_d14;38100;ASH_COATED_OSMIUM;9906;16;9903;17;;;9912;14;9916;20;;;9909.0;0.0
yf_ZS=F_d14;38100;INTARIAN_PEPPER_ROOT;10433;22;10431;19;;;10459;16;10461;23;;;10446.0;0.0
yf_ZS=F_d14;38200;ASH_COATED_OSMIUM;9906;12;9902;14;;;9912;19;9915;14;;;9909.0;0.0
yf_ZS=F_d14;38200;INTARIAN_PEPPER_ROOT;10443;14;10441;19;;;10449;18;10451;11;;;10446.0;0.0
yf_ZS=F_d14;38300;ASH_COATED_OSMIUM;9907;8;9903;16;;;9913;16;9916;14;;;9910.0;0.0
yf_ZS=F_d14;38300;INTARIAN_PEPPER_ROOT;10440;6;10437;25;;;10451;18;10455;23;;;10445.5;0.0
yf_ZS=F_d14;38400;ASH_COATED_OSMIUM;9907;9;9904;14;;;9913;12;9917;20;;;9910.0;0.0
yf_ZS=F_d14;38400;INTARIAN_PEPPER_ROOT;10442;5;10439;21;;;10448;13;10451;19;;;10445.0;0.0
yf_ZS=F_d14;38500;ASH_COATED_OSMIUM;9907;22;9904;12;;;9913;17;9915;13;;;9910.0;0.0
yf_ZS=F_d14;38500;INTARIAN_PEPPER_ROOT;10442;19;10438;14;;;10448;18;10450;22;;;10445.0;0.0
yf_ZS=F_d14;38600;ASH_COATED_OSMIUM;9907;11;9904;20;;;9913;10;9917;15;;;9910.0;0.0
yf_ZS=F_d14;38600;INTARIAN_PEPPER_ROOT;10441;18;10438;23;;;10448;9;10452;25;;;10444.5;0.0
yf_ZS=F_d14;38700;ASH_COATED_OSMIUM;9907;15;9904;25;;;9914;15;9918;27;;;9910.5;0.0
yf_ZS=F_d14;38700;INTARIAN_PEPPER_ROOT;10440;21;10437;18;;;10448;12;10452;21;;;10444.0;0.0
yf_ZS=F_d14;38800;ASH_COATED_OSMIUM;9907;15;9905;16;;;9913;15;9915;16;;;9910.0;0.0
yf_ZS=F_d14;38800;INTARIAN_PEPPER_ROOT;10440;19;10437;17;;;10447;8;10450;21;;;10443.5;0.0
yf_ZS=F_d14;38900;ASH_COATED_OSMIUM;9905;16;9903;17;;;9916;14;9920;20;;;9910.5;0.0
yf_ZS=F_d14;38900;INTARIAN_PEPPER_ROOT;10438;12;10435;18;;;10451;16;10455;17;;;10444.5;0.0
yf_ZS=F_d14;39000;ASH_COATED_OSMIUM;9908;12;9905;20;;;9914;26;9916;29;;;9911.0;0.0
yf_ZS=F_d14;39000;INTARIAN_PEPPER_ROOT;10438;12;10436;17;;;10448;15;10451;23;;;10443.0;0.0
yf_ZS=F_d14;39100;ASH_COATED_OSMIUM;9908;10;9905;22;;;9914;14;9918;26;;;9911.0;0.0
yf_ZS=F_d14;39100;INTARIAN_PEPPER_ROOT;10440;14;10436;21;;;10446;5;10449;19;;;10443.0;0.0
yf_ZS=F_d14;39200;ASH_COATED_OSMIUM;9900;11;9898;16;;;9922;19;9926;17;;;9911.0;0.0
yf_ZS=F_d14;39200;INTARIAN_PEPPER_ROOT;10440;21;10437;13;;;10446;16;10449;27;;;10443.0;0.0
yf_ZS=F_d14;39300;ASH_COATED_OSMIUM;9908;15;9904;18;;;9914;20;9918;16;;;9911.0;0.0
yf_ZS=F_d14;39300;INTARIAN_PEPPER_ROOT;10440;23;10438;25;;;10446;18;10450;17;;;10443.0;0.0
yf_ZS=F_d14;39400;ASH_COATED_OSMIUM;9900;13;9898;11;;;9923;20;9925;23;;;9911.5;0.0
yf_ZS=F_d14;39400;INTARIAN_PEPPER_ROOT;10439;11;10436;22;;;10445;13;10448;19;;;10442.0;0.0
yf_ZS=F_d14;39500;ASH_COATED_OSMIUM;9908;11;9905;22;;;9914;18;9917;19;;;9911.0;0.0
yf_ZS=F_d14;39500;INTARIAN_PEPPER_ROOT;10439;14;10436;21;;;10445;22;10448;19;;;10442.0;0.0
yf_ZS=F_d14;39600;ASH_COATED_OSMIUM;9908;17;9906;21;;;9914;18;9918;18;;;9911.0;0.0
yf_ZS=F_d14;39600;INTARIAN_PEPPER_ROOT;10439;25;10435;20;;;10445;11;10449;28;;;10442.0;0.0
yf_ZS=F_d14;39700;ASH_COATED_OSMIUM;9909;20;9906;17;;;9915;14;9918;23;;;9912.0;0.0
yf_ZS=F_d14;39700;INTARIAN_PEPPER_ROOT;10439;5;10435;21;;;10445;18;10448;20;;;10442.0;0.0
yf_ZS=F_d14;39800;ASH_COATED_OSMIUM;9909;9;9905;16;;;9915;5;9919;17;;;9912.0;0.0
yf_ZS=F_d14;39800;INTARIAN_PEPPER_ROOT;10438;10;10436;21;;;10444;25;10446;19;;;10441.0;0.0
yf_ZS=F_d14;39900;ASH_COATED_OSMIUM;9901;10;9898;17;;;9921;20;9925;10;;;9911.0;0.0
yf_ZS=F_d14;39900;INTARIAN_PEPPER_ROOT;10431;13;10429;21;;;10450;9;10454;27;;;10440.5;0.0
yf_ZS=F_d14;40000;ASH_COATED_OSMIUM;9906;18;9902;21;;;9917;10;9921;23;;;9911.5;0.0
yf_ZS=F_d14;40000;INTARIAN_PEPPER_ROOT;10434;18;10432;19;;;10446;14;10449;27;;;10440.0;0.0
yf_ZS=F_d14;40100;ASH_COATED_OSMIUM;9906;17;9904;10;;;9919;5;9921;23;;;9912.5;0.0
yf_ZS=F_d14;40100;INTARIAN_PEPPER_ROOT;10438;10;10435;19;;;10444;19;10446;26;;;10441.0;0.0
yf_ZS=F_d14;40200;ASH_COATED_OSMIUM;9909;24;9907;19;;;9915;14;9919;28;;;9912.0;0.0
yf_ZS=F_d14;40200;INTARIAN_PEPPER_ROOT;10434;15;10430;12;;;10446;14;10449;15;;;10440.0;0.0
yf_ZS=F_d14;40300;ASH_COATED_OSMIUM;9907;18;9903;19;;;9917;18;9920;19;;;9912.0;0.0
yf_ZS=F_d14;40300;INTARIAN_PEPPER_ROOT;10436;10;10433;19;;;10442;20;10445;16;;;10439.0;0.0
yf_ZS=F_d14;40400;ASH_COATED_OSMIUM;9909;11;9907;14;;;9915;18;9917;24;;;9912.0;0.0
yf_ZS=F_d14;40400;INTARIAN_PEPPER_ROOT;10429;9;10427;18;;;10449;18;10453;25;;;10439.0;0.0
yf_ZS=F_d14;40500;ASH_COATED_OSMIUM;9909;13;9905;14;;;9915;23;9918;23;;;9912.0;0.0
yf_ZS=F_d14;40500;INTARIAN_PEPPER_ROOT;10436;12;10433;22;;;10442;18;10446;17;;;10439.0;0.0
yf_ZS=F_d14;40600;ASH_COATED_OSMIUM;9908;16;9905;22;;;9917;7;9919;20;;;9912.5;0.0
yf_ZS=F_d14;40600;INTARIAN_PEPPER_ROOT;10435;16;10433;18;;;10443;19;10446;32;;;10439.0;0.0
yf_ZS=F_d14;40700;ASH_COATED_OSMIUM;9909;14;9906;22;;;9915;12;9919;21;;;9912.0;0.0
yf_ZS=F_d14;40700;INTARIAN_PEPPER_ROOT;10428;10;10426;22;;;10449;12;10451;22;;;10438.5;0.0
yf_ZS=F_d14;40800;ASH_COATED_OSMIUM;9909;16;9906;12;;;9915;14;9918;17;;;9912.0;0.0
yf_ZS=F_d14;40800;INTARIAN_PEPPER_ROOT;10434;21;10430;22;;;10444;19;10448;25;;;10439.0;0.0
yf_ZS=F_d14;40900;ASH_COATED_OSMIUM;9910;12;9906;22;;;9916;20;9920;23;;;9913.0;0.0
yf_ZS=F_d14;40900;INTARIAN_PEPPER_ROOT;10435;15;10433;21;;;10441;15;10444;23;;;10438.0;0.0
yf_ZS=F_d14;41000;ASH_COATED_OSMIUM;9910;18;9906;23;;;9916;14;9919;30;;;9913.0;0.0
yf_ZS=F_d14;41000;INTARIAN_PEPPER_ROOT;10431;9;10429;28;;;10445;12;10448;21;;;10438.0;0.0
yf_ZS=F_d14;41100;ASH_COATED_OSMIUM;9910;18;9906;23;;;9916;16;9920;17;;;9913.0;0.0
yf_ZS=F_d14;41100;INTARIAN_PEPPER_ROOT;10432;9;10429;17;;;10444;15;10448;21;;;10438.0;0.0
yf_ZS=F_d14;41200;ASH_COATED_OSMIUM;9906;11;9903;18;;;9919;20;9921;14;;;9912.5;0.0
yf_ZS=F_d14;41200;INTARIAN_PEPPER_ROOT;10433;14;10431;19;;;10440;24;10442;22;;;10436.5;0.0
yf_ZS=F_d14;41300;ASH_COATED_OSMIUM;9908;6;9905;32;;;9919;19;9921;22;;;9913.5;0.0
yf_ZS=F_d14;41300;INTARIAN_PEPPER_ROOT;10434;9;10430;19;;;10440;9;10444;15;;;10437.0;0.0
yf_ZS=F_d14;41400;ASH_COATED_OSMIUM;9909;9;9906;15;;;9918;8;9920;15;;;9913.5;0.0
yf_ZS=F_d14;41400;INTARIAN_PEPPER_ROOT;10434;17;10431;23;;;10440;21;10444;18;;;10437.0;0.0
yf_ZS=F_d14;41500;ASH_COATED_OSMIUM;9910;25;9906;28;;;9916;13;9918;19;;;9913.0;0.0
yf_ZS=F_d14;41500;INTARIAN_PEPPER_ROOT;10434;16;10431;32;;;10440;12;10443;17;;;10437.0;0.0
yf_ZS=F_d14;41600;ASH_COATED_OSMIUM;9905;15;9902;23;;;9922;9;9926;17;;;9913.5;0.0
yf_ZS=F_d14;41600;INTARIAN_PEPPER_ROOT;10427;18;10425;20;;;10447;15;10449;20;;;10437.0;0.0
yf_ZS=F_d14;41700;ASH_COATED_OSMIUM;9910;22;9906;20;;;9916;13;9920;17;;;9913.0;0.0
yf_ZS=F_d14;41700;INTARIAN_PEPPER_ROOT;10433;8;10429;28;;;10439;23;10441;14;;;10436.0;0.0
yf_ZS=F_d14;41800;ASH_COATED_OSMIUM;9910;21;9907;15;;;9916;13;9920;20;;;9913.0;0.0
yf_ZS=F_d14;41800;INTARIAN_PEPPER_ROOT;10431;11;10429;21;;;10441;24;10444;25;;;10436.0;0.0
yf_ZS=F_d14;41900;ASH_COATED_OSMIUM;9911;15;9907;26;;;9918;16;9921;24;;;9914.5;0.0
yf_ZS=F_d14;41900;INTARIAN_PEPPER_ROOT;10431;17;10429;17;;;10439;13;10441;19;;;10435.0;0.0
yf_ZS=F_d14;42000;ASH_COATED_OSMIUM;9911;13;9907;12;;;9917;16;9919;20;;;9914.0;0.0
yf_ZS=F_d14;42000;INTARIAN_PEPPER_ROOT;10432;16;10430;21;;;10438;23;10440;20;;;10435.0;0.0
yf_ZS=F_d14;42100;ASH_COATED_OSMIUM;9911;17;9909;21;;;9917;15;9919;20;;;9914.0;0.0
yf_ZS=F_d14;42100;INTARIAN_PEPPER_ROOT;10432;17;10429;29;;;10438;13;10440;8;;;10435.0;0.0
yf_ZS=F_d14;42200;ASH_COATED_OSMIUM;9911;17;9909;20;;;9917;10;9919;20;;;9914.0;0.0
yf_ZS=F_d14;42200;INTARIAN_PEPPER_ROOT;10431;9;10429;19;;;10439;16;10442;19;;;10435.0;0.0
yf_ZS=F_d14;42300;ASH_COATED_OSMIUM;9911;9;9907;14;;;9917;5;9920;21;;;9914.0;0.0
yf_ZS=F_d14;42300;INTARIAN_PEPPER_ROOT;10431;13;10427;25;;;10437;7;10440;12;;;10434.0;0.0
yf_ZS=F_d14;42400;ASH_COATED_OSMIUM;9900;18;9897;23;;;9927;16;9930;19;;;9913.5;0.0
yf_ZS=F_d14;42400;INTARIAN_PEPPER_ROOT;10417;14;10414;24;;;10452;13;10454;18;;;10434.5;0.0
yf_ZS=F_d14;42500;ASH_COATED_OSMIUM;9911;19;9908;11;;;9917;13;9919;10;;;9914.0;0.0
yf_ZS=F_d14;42500;INTARIAN_PEPPER_ROOT;10431;15;10429;20;;;10437;13;10441;16;;;10434.0;0.0
yf_ZS=F_d14;42600;ASH_COATED_OSMIUM;9912;17;9909;21;;;9918;16;9922;20;;;9915.0;0.0
yf_ZS=F_d14;42600;INTARIAN_PEPPER_ROOT;10429;14;10427;19;;;10436;17;10438;21;;;10432.5;0.0
yf_ZS=F_d14;42700;ASH_COATED_OSMIUM;9909;16;9907;19;;;9920;18;9924;16;;;9914.5;0.0
yf_ZS=F_d14;42700;INTARIAN_PEPPER_ROOT;10430;12;10428;17;;;10436;21;10438;16;;;10433.0;0.0
yf_ZS=F_d14;42800;ASH_COATED_OSMIUM;9904;8;9900;21;;;9925;14;9928;16;;;9914.5;0.0
yf_ZS=F_d14;42800;INTARIAN_PEPPER_ROOT;10430;17;10428;13;;;10436;18;10438;19;;;10433.0;0.0
yf_ZS=F_d14;42900;ASH_COATED_OSMIUM;9911;25;9908;19;;;9917;21;9919;18;;;9914.0;0.0
yf_ZS=F_d14;42900;INTARIAN_PEPPER_ROOT;10429;13;10426;17;;;10435;7;10439;11;;;10432.0;0.0
yf_ZS=F_d14;43000;ASH_COATED_OSMIUM;9912;13;9908;18;;;9918;21;9920;18;;;9915.0;0.0
yf_ZS=F_d14;43000;INTARIAN_PEPPER_ROOT;10429;15;10426;21;;;10435;9;10438;19;;;10432.0;0.0
yf_ZS=F_d14;43100;ASH_COATED_OSMIUM;9912;7;9909;23;;;9918;5;9921;13;;;9915.0;0.0
yf_ZS=F_d14;43100;INTARIAN_PEPPER_ROOT;10429;14;10425;27;;;10435;13;10438;18;;;10432.0;0.0
yf_ZS=F_d14;43200;ASH_COATED_OSMIUM;9908;11;9905;24;;;9923;5;9926;12;;;9915.5;0.0
yf_ZS=F_d14;43200;INTARIAN_PEPPER_ROOT;10422;11;10420;16;;;10441;9;10444;9;;;10431.5;0.0
yf_ZS=F_d14;43300;ASH_COATED_OSMIUM;9909;14;9906;24;;;9921;18;9924;27;;;9915.0;0.0
yf_ZS=F_d14;43300;INTARIAN_PEPPER_ROOT;10428;8;10424;11;;;10434;20;10437;21;;;10431.0;0.0
yf_ZS=F_d14;43400;ASH_COATED_OSMIUM;9912;15;9908;13;;;9918;15;9922;20;;;9915.0;0.0
yf_ZS=F_d14;43400;INTARIAN_PEPPER_ROOT;10428;14;10424;20;;;10434;12;10437;21;;;10431.0;0.0
yf_ZS=F_d14;43500;ASH_COATED_OSMIUM;9913;17;9909;14;;;9919;13;9923;29;;;9916.0;0.0
yf_ZS=F_d14;43500;INTARIAN_PEPPER_ROOT;10427;12;10423;24;;;10433;7;10436;22;;;10430.0;0.0
yf_ZS=F_d14;43600;ASH_COATED_OSMIUM;9912;15;9908;29;;;9918;18;9920;29;;;9915.0;0.0
yf_ZS=F_d14;43600;INTARIAN_PEPPER_ROOT;10422;26;10419;18;;;10440;5;10442;20;;;10431.0;0.0
yf_ZS=F_d14;43700;ASH_COATED_OSMIUM;9911;18;9909;29;;;9921;14;9923;19;;;9916.0;0.0
yf_ZS=F_d14;43700;INTARIAN_PEPPER_ROOT;10427;22;10423;20;;;10433;10;10437;19;;;10430.0;0.0
yf_ZS=F_d14;43800;ASH_COATED_OSMIUM;9909;16;9906;17;;;9921;7;9924;20;;;9915.0;0.0
yf_ZS=F_d14;43800;INTARIAN_PEPPER_ROOT;10426;13;10424;14;;;10434;17;10436;18;;;10430.0;0.0
yf_ZS=F_d14;43900;ASH_COATED_OSMIUM;9907;8;9904;15;;;9925;13;9929;16;;;9916.0;0.0
yf_ZS=F_d14;43900;INTARIAN_PEPPER_ROOT;10427;17;10423;22;;;10433;5;10437;21;;;10430.0;0.0
yf_ZS=F_d14;44000;ASH_COATED_OSMIUM;9914;5;9911;14;;;9920;15;9923;18;;;9917.0;0.0
yf_ZS=F_d14;44000;INTARIAN_PEPPER_ROOT;10426;18;10424;28;;;10433;15;10435;22;;;10429.5;0.0
yf_ZS=F_d14;44100;ASH_COATED_OSMIUM;9913;8;9911;15;;;9919;13;9922;19;;;9916.0;0.0
yf_ZS=F_d14;44100;INTARIAN_PEPPER_ROOT;10421;9;10417;21;;;10437;14;10439;26;;;10429.0;0.0
yf_ZS=F_d14;44200;ASH_COATED_OSMIUM;9913;15;9911;16;;;9919;15;9921;22;;;9916.0;0.0
yf_ZS=F_d14;44200;INTARIAN_PEPPER_ROOT;10425;14;10423;16;;;10433;20;10437;21;;;10429.0;0.0
yf_ZS=F_d14;44300;ASH_COATED_OSMIUM;9913;13;9911;17;;;9921;11;9923;11;;;9917.0;0.0
yf_ZS=F_d14;44300;INTARIAN_PEPPER_ROOT;10424;12;10422;16;;;10434;17;10436;29;;;10429.0;0.0
yf_ZS=F_d14;44400;ASH_COATED_OSMIUM;9913;9;9910;11;;;9919;8;9921;24;;;9916.0;0.0
yf_ZS=F_d14;44400;INTARIAN_PEPPER_ROOT;10425;14;10423;10;;;10431;12;10434;19;;;10428.0;0.0
yf_ZS=F_d14;44500;ASH_COATED_OSMIUM;9914;6;9910;17;;;9920;11;9923;15;;;9917.0;0.0
yf_ZS=F_d14;44500;INTARIAN_PEPPER_ROOT;10425;21;10422;14;;;10431;20;10433;18;;;10428.0;0.0
yf_ZS=F_d14;44600;ASH_COATED_OSMIUM;9913;12;9909;12;;;9919;9;9921;15;;;9916.0;0.0
yf_ZS=F_d14;44600;INTARIAN_PEPPER_ROOT;10425;9;10422;20;;;10431;10;10435;21;;;10428.0;0.0
yf_ZS=F_d14;44700;ASH_COATED_OSMIUM;9909;8;9906;19;;;9924;11;9927;15;;;9916.5;0.0
yf_ZS=F_d14;44700;INTARIAN_PEPPER_ROOT;10422;23;10420;19;;;10433;12;10435;22;;;10427.5;0.0
yf_ZS=F_d14;44800;ASH_COATED_OSMIUM;9906;12;9904;17;;;9928;13;9932;28;;;9917.0;0.0
yf_ZS=F_d14;44800;INTARIAN_PEPPER_ROOT;10424;10;10420;31;;;10430;7;10434;20;;;10427.0;0.0
yf_ZS=F_d14;44900;ASH_COATED_OSMIUM;9909;7;9907;8;;;9926;21;9930;18;;;9917.5;0.0
yf_ZS=F_d14;44900;INTARIAN_PEPPER_ROOT;10424;13;10421;25;;;10430;18;10432;17;;;10427.0;0.0
yf_ZS=F_d14;45000;ASH_COATED_OSMIUM;9914;19;9912;22;;;9920;19;9924;28;;;9917.0;0.0
yf_ZS=F_d14;45000;INTARIAN_PEPPER_ROOT;10420;18;10418;15;;;10434;13;10438;16;;;10427.0;0.0
yf_ZS=F_d14;45100;ASH_COATED_OSMIUM;9912;9;9910;24;;;9924;8;9927;19;;;9918.0;0.0
yf_ZS=F_d14;45100;INTARIAN_PEPPER_ROOT;10424;17;10420;12;;;10430;12;10433;21;;;10427.0;0.0
yf_ZS=F_d14;45200;ASH_COATED_OSMIUM;9915;13;9913;19;;;9921;10;9923;11;;;9918.0;0.0
yf_ZS=F_d14;45200;INTARIAN_PEPPER_ROOT;10423;14;10420;25;;;10429;17;10433;9;;;10426.0;0.0
yf_ZS=F_d14;45300;ASH_COATED_OSMIUM;9913;19;9910;15;;;9921;18;9924;17;;;9917.0;0.0
yf_ZS=F_d14;45300;INTARIAN_PEPPER_ROOT;10421;26;10418;20;;;10430;9;10432;16;;;10425.5;0.0
yf_ZS=F_d14;45400;ASH_COATED_OSMIUM;9911;21;9907;25;;;9923;18;9927;24;;;9917.0;0.0
yf_ZS=F_d14;45400;INTARIAN_PEPPER_ROOT;10422;13;10420;18;;;10430;9;10432;14;;;10426.0;0.0
yf_ZS=F_d14;45500;ASH_COATED_OSMIUM;9915;15;9912;16;;;9921;12;9923;22;;;9918.0;0.0
yf_ZS=F_d14;45500;INTARIAN_PEPPER_ROOT;10422;23;10419;17;;;10428;10;10432;16;;;10425.0;0.0
yf_ZS=F_d14;45600;ASH_COATED_OSMIUM;9915;23;9911;16;;;9921;17;9924;15;;;9918.0;0.0
yf_ZS=F_d14;45600;INTARIAN_PEPPER_ROOT;10419;20;10416;26;;;10432;15;10434;18;;;10425.5;0.0
yf_ZS=F_d14;45700;ASH_COATED_OSMIUM;9915;24;9913;13;;;9921;21;9923;25;;;9918.0;0.0
yf_ZS=F_d14;45700;INTARIAN_PEPPER_ROOT;10422;16;10418;18;;;10428;15;10431;16;;;10425.0;0.0
yf_ZS=F_d14;45800;ASH_COATED_OSMIUM;9915;10;9911;19;;;9921;9;9924;18;;;9918.0;0.0
yf_ZS=F_d14;45800;INTARIAN_PEPPER_ROOT;10422;20;10420;15;;;10428;14;10432;22;;;10425.0;0.0
yf_ZS=F_d14;45900;ASH_COATED_OSMIUM;9913;10;9911;18;;;9924;10;9927;23;;;9918.5;0.0
yf_ZS=F_d14;45900;INTARIAN_PEPPER_ROOT;10420;18;10418;25;;;10428;16;10431;11;;;10424.0;0.0
yf_ZS=F_d14;46000;ASH_COATED_OSMIUM;9915;7;9913;23;;;9921;8;9924;19;;;9918.0;0.0
yf_ZS=F_d14;46000;INTARIAN_PEPPER_ROOT;10420;10;10417;17;;;10426;10;10429;13;;;10423.0;0.0
yf_ZS=F_d14;46100;ASH_COATED_OSMIUM;9916;17;9914;24;;;9922;8;9926;23;;;9919.0;0.0
yf_ZS=F_d14;46100;INTARIAN_PEPPER_ROOT;10420;14;10418;16;;;10426;12;10430;17;;;10423.0;0.0
yf_ZS=F_d14;46200;ASH_COATED_OSMIUM;9916;21;9913;13;;;9922;27;9925;21;;;9919.0;0.0
yf_ZS=F_d14;46200;INTARIAN_PEPPER_ROOT;10411;10;10408;18;;;10436;18;10438;22;;;10423.5;0.0
yf_ZS=F_d14;46300;ASH_COATED_OSMIUM;9915;10;9913;16;;;9921;17;9924;15;;;9918.0;0.0
yf_ZS=F_d14;46300;INTARIAN_PEPPER_ROOT;10420;8;10418;14;;;10426;17;10428;21;;;10423.0;0.0
yf_ZS=F_d14;46400;ASH_COATED_OSMIUM;9916;16;9914;15;;;9922;7;9924;13;;;9919.0;0.0
yf_ZS=F_d14;46400;INTARIAN_PEPPER_ROOT;10418;9;10414;18;;;10429;18;10432;18;;;10423.5;0.0
yf_ZS=F_d14;46500;ASH_COATED_OSMIUM;9916;9;9912;13;;;9922;16;9924;20;;;9919.0;0.0
yf_ZS=F_d14;46500;INTARIAN_PEPPER_ROOT;10411;11;10408;21;;;10435;16;10439;13;;;10423.0;0.0
yf_ZS=F_d14;46600;ASH_COATED_OSMIUM;9916;20;9913;18;;;9922;5;9925;24;;;9919.0;0.0
yf_ZS=F_d14;46600;INTARIAN_PEPPER_ROOT;10411;19;10408;8;;;10433;22;10435;21;;;10422.0;0.0
yf_ZS=F_d14;46700;ASH_COATED_OSMIUM;9904;5;9901;17;;;9934;5;9937;20;;;9919.0;0.0
yf_ZS=F_d14;46700;INTARIAN_PEPPER_ROOT;10418;14;10415;15;;;10425;10;10429;19;;;10421.5;0.0
yf_ZS=F_d14;46800;ASH_COATED_OSMIUM;9916;23;9913;20;;;9922;22;9925;25;;;9919.0;0.0
yf_ZS=F_d14;46800;INTARIAN_PEPPER_ROOT;10418;16;10416;19;;;10424;5;10427;13;;;10421.0;0.0
yf_ZS=F_d14;46900;ASH_COATED_OSMIUM;9916;16;9914;17;;;9922;10;9926;21;;;9919.0;0.0
yf_ZS=F_d14;46900;INTARIAN_PEPPER_ROOT;10418;22;10415;17;;;10424;7;10427;19;;;10421.0;0.0
yf_ZS=F_d14;47000;ASH_COATED_OSMIUM;9914;11;9912;19;;;9924;6;9927;25;;;9919.0;0.0
yf_ZS=F_d14;47000;INTARIAN_PEPPER_ROOT;10416;15;10414;18;;;10425;9;10429;16;;;10420.5;0.0
yf_ZS=F_d14;47100;ASH_COATED_OSMIUM;9916;13;9913;17;;;9922;15;9925;21;;;9919.0;0.0
yf_ZS=F_d14;47100;INTARIAN_PEPPER_ROOT;10418;5;10416;15;;;10424;14;10427;20;;;10421.0;0.0
yf_ZS=F_d14;47200;ASH_COATED_OSMIUM;9917;14;9914;22;;;9923;11;9926;19;;;9920.0;0.0
yf_ZS=F_d14;47200;INTARIAN_PEPPER_ROOT;10415;11;10412;17;;;10426;19;10428;16;;;10420.5;0.0
yf_ZS=F_d14;47300;ASH_COATED_OSMIUM;9912;18;9909;22;;;9927;15;9929;19;;;9919.5;0.0
yf_ZS=F_d14;47300;INTARIAN_PEPPER_ROOT;10417;16;10414;20;;;10423;14;10426;16;;;10420.0;0.0
yf_ZS=F_d14;47400;ASH_COATED_OSMIUM;9916;14;9913;18;;;9924;19;9928;20;;;9920.0;0.0
yf_ZS=F_d14;47400;INTARIAN_PEPPER_ROOT;10417;12;10414;22;;;10423;11;10425;8;;;10420.0;0.0
yf_ZS=F_d14;47500;ASH_COATED_OSMIUM;9917;11;9915;12;;;9923;5;9926;17;;;9920.0;0.0
yf_ZS=F_d14;47500;INTARIAN_PEPPER_ROOT;10416;14;10413;24;;;10424;11;10426;14;;;10420.0;0.0
yf_ZS=F_d14;47600;ASH_COATED_OSMIUM;9917;12;9913;10;;;9923;21;9926;16;;;9920.0;0.0
yf_ZS=F_d14;47600;INTARIAN_PEPPER_ROOT;10417;15;10415;18;;;10423;17;10427;18;;;10420.0;0.0
yf_ZS=F_d14;47700;ASH_COATED_OSMIUM;9917;16;9915;9;;;9923;10;9926;28;;;9920.0;0.0
yf_ZS=F_d14;47700;INTARIAN_PEPPER_ROOT;10416;8;10414;18;;;10422;17;10426;17;;;10419.0;0.0
yf_ZS=F_d14;47800;ASH_COATED_OSMIUM;9917;20;9914;20;;;9923;15;9925;13;;;9920.0;0.0
yf_ZS=F_d14;47800;INTARIAN_PEPPER_ROOT;10416;8;10413;23;;;10422;16;10426;17;;;10419.0;0.0
yf_ZS=F_d14;47900;ASH_COATED_OSMIUM;9916;10;9912;20;;;9925;18;9928;22;;;9920.5;0.0
yf_ZS=F_d14;47900;INTARIAN_PEPPER_ROOT;10414;10;10412;10;;;10423;23;10425;9;;;10418.5;0.0
yf_ZS=F_d14;48000;ASH_COATED_OSMIUM;9917;10;9915;23;;;9923;12;9925;24;;;9920.0;0.0
yf_ZS=F_d14;48000;INTARIAN_PEPPER_ROOT;10415;14;10413;21;;;10421;16;10423;24;;;10418.0;0.0
yf_ZS=F_d14;48100;ASH_COATED_OSMIUM;9918;14;9916;19;;;9924;21;9926;18;;;9921.0;0.0
yf_ZS=F_d14;48100;INTARIAN_PEPPER_ROOT;10413;14;10411;11;;;10423;16;10425;15;;;10418.0;0.0
yf_ZS=F_d14;48200;ASH_COATED_OSMIUM;9914;19;9912;19;;;9926;11;9930;22;;;9920.0;0.0
yf_ZS=F_d14;48200;INTARIAN_PEPPER_ROOT;10407;15;10405;12;;;10429;16;10432;25;;;10418.0;0.0
yf_ZS=F_d14;48300;ASH_COATED_OSMIUM;9901;14;9897;24;;;9939;11;9943;27;;;9920.0;0.0
yf_ZS=F_d14;48300;INTARIAN_PEPPER_ROOT;10405;15;10403;15;;;10431;19;10434;17;;;10418.0;0.0
yf_ZS=F_d14;48400;ASH_COATED_OSMIUM;9912;5;9910;26;;;9931;21;9933;22;;;9921.5;0.0
yf_ZS=F_d14;48400;INTARIAN_PEPPER_ROOT;10414;18;10412;22;;;10420;8;10424;14;;;10417.0;0.0
yf_ZS=F_d14;48500;ASH_COATED_OSMIUM;9918;12;9915;25;;;9924;13;9926;15;;;9921.0;0.0
yf_ZS=F_d14;48500;INTARIAN_PEPPER_ROOT;10414;16;10411;13;;;10420;12;10423;16;;;10417.0;0.0
yf_ZS=F_d14;48600;ASH_COATED_OSMIUM;9913;13;9911;25;;;9928;12;9931;15;;;9920.5;0.0
yf_ZS=F_d14;48600;INTARIAN_PEPPER_ROOT;10414;23;10410;15;;;10420;14;10422;13;;;10417.0;0.0
yf_ZS=F_d14;48700;ASH_COATED_OSMIUM;9912;19;9908;19;;;9930;12;9932;23;;;9921.0;0.0
yf_ZS=F_d14;48700;INTARIAN_PEPPER_ROOT;10413;18;10411;17;;;10419;14;10423;26;;;10416.0;0.0
yf_ZS=F_d14;48800;ASH_COATED_OSMIUM;9918;14;9916;20;;;9925;10;9929;30;;;9921.5;0.0
yf_ZS=F_d14;48800;INTARIAN_PEPPER_ROOT;10413;19;10410;17;;;10419;13;10421;16;;;10416.0;0.0
yf_ZS=F_d14;48900;ASH_COATED_OSMIUM;9914;19;9910;14;;;9929;12;9932;11;;;9921.5;0.0
yf_ZS=F_d14;48900;INTARIAN_PEPPER_ROOT;10412;19;10409;23;;;10421;5;10423;29;;;10416.5;0.0
yf_ZS=F_d14;49000;ASH_COATED_OSMIUM;9916;16;9914;19;;;9926;12;9928;24;;;9921.0;0.0
yf_ZS=F_d14;49000;INTARIAN_PEPPER_ROOT;10406;18;10404;17;;;10424;5;10426;12;;;10415.0;0.0
yf_ZS=F_d14;49100;ASH_COATED_OSMIUM;9919;10;9916;26;;;9925;12;9928;20;;;9922.0;0.0
yf_ZS=F_d14;49100;INTARIAN_PEPPER_ROOT;10412;16;10410;17;;;10419;18;10422;28;;;10415.5;0.0
yf_ZS=F_d14;49200;ASH_COATED_OSMIUM;9913;20;9911;12;;;9930;5;9933;20;;;9921.5;0.0
yf_ZS=F_d14;49200;INTARIAN_PEPPER_ROOT;10412;22;10408;15;;;10419;20;10422;20;;;10415.5;0.0
yf_ZS=F_d14;49300;ASH_COATED_OSMIUM;9918;16;9915;22;;;9924;26;9927;16;;;9921.0;0.0
yf_ZS=F_d14;49300;INTARIAN_PEPPER_ROOT;10412;19;10410;21;;;10418;23;10421;25;;;10415.0;0.0
yf_ZS=F_d14;49400;ASH_COATED_OSMIUM;9918;14;9916;19;;;9924;8;9928;11;;;9921.0;0.0
yf_ZS=F_d14;49400;INTARIAN_PEPPER_ROOT;10411;10;10407;17;;;10417;15;10421;17;;;10414.0;0.0
yf_ZS=F_d14;49500;ASH_COATED_OSMIUM;9918;19;9915;23;;;9926;9;9930;24;;;9922.0;0.0
yf_ZS=F_d14;49500;INTARIAN_PEPPER_ROOT;10412;19;10409;22;;;10418;5;10420;26;;;10415.0;0.0
yf_ZS=F_d14;49600;ASH_COATED_OSMIUM;9915;10;9912;9;;;9929;20;9931;21;;;9922.0;0.0
yf_ZS=F_d14;49600;INTARIAN_PEPPER_ROOT;10402;16;10400;19;;;10426;7;10429;20;;;10414.0;0.0
yf_ZS=F_d14;49700;ASH_COATED_OSMIUM;9919;15;9917;21;;;9925;14;9928;20;;;9922.0;0.0
yf_ZS=F_d14;49700;INTARIAN_PEPPER_ROOT;10402;23;10400;19;;;10425;12;10429;17;;;10413.5;0.0
yf_ZS=F_d14;49800;ASH_COATED_OSMIUM;9917;20;9914;24;;;9928;27;9930;19;;;9922.5;0.0
yf_ZS=F_d14;49800;INTARIAN_PEPPER_ROOT;10405;12;10403;19;;;10421;21;10424;11;;;10413.0;0.0
yf_ZS=F_d14;49900;ASH_COATED_OSMIUM;9919;10;9916;13;;;9925;11;9927;9;;;9922.0;0.0
yf_ZS=F_d14;49900;INTARIAN_PEPPER_ROOT;10410;18;10407;15;;;10416;18;10419;23;;;10413.0;0.0
yf_ZS=F_d14;50000;ASH_COATED_OSMIUM;9916;7;9913;24;;;9929;15;9931;27;;;9922.5;0.0
yf_ZS=F_d14;50000;INTARIAN_PEPPER_ROOT;10409;9;10407;28;;;10415;9;10418;20;;;10412.0;0.0
yf_ZS=F_d14;50100;ASH_COATED_OSMIUM;9919;22;9915;8;;;9925;13;9929;26;;;9922.0;0.0
yf_ZS=F_d14;50100;INTARIAN_PEPPER_ROOT;10410;8;10406;18;;;10416;16;10418;15;;;10413.0;0.0
yf_ZS=F_d14;50200;ASH_COATED_OSMIUM;9918;24;9915;18;;;9927;11;9930;22;;;9922.5;0.0
yf_ZS=F_d14;50200;INTARIAN_PEPPER_ROOT;10402;17;10398;10;;;10423;15;10426;11;;;10412.5;0.0
yf_ZS=F_d14;50300;ASH_COATED_OSMIUM;9920;20;9916;14;;;9926;16;9930;14;;;9923.0;0.0
yf_ZS=F_d14;50300;INTARIAN_PEPPER_ROOT;10409;14;10405;22;;;10415;9;10417;29;;;10412.0;0.0
yf_ZS=F_d14;50400;ASH_COATED_OSMIUM;9920;18;9917;24;;;9926;13;9930;18;;;9923.0;0.0
yf_ZS=F_d14;50400;INTARIAN_PEPPER_ROOT;10408;12;10406;14;;;10414;18;10417;18;;;10411.0;0.0
yf_ZS=F_d14;50500;ASH_COATED_OSMIUM;9917;5;9914;21;;;9928;8;9932;21;;;9922.5;0.0
yf_ZS=F_d14;50500;INTARIAN_PEPPER_ROOT;10408;14;10406;18;;;10415;5;10418;9;;;10411.5;0.0
yf_ZS=F_d14;50600;ASH_COATED_OSMIUM;9913;17;9910;24;;;9933;5;9937;16;;;9923.0;0.0
yf_ZS=F_d14;50600;INTARIAN_PEPPER_ROOT;10395;21;10393;19;;;10427;19;10430;16;;;10411.0;0.0
yf_ZS=F_d14;50700;ASH_COATED_OSMIUM;9920;8;9918;19;;;9926;5;9929;24;;;9923.0;0.0
yf_ZS=F_d14;50700;INTARIAN_PEPPER_ROOT;10408;24;10406;18;;;10414;5;10416;19;;;10411.0;0.0
yf_ZS=F_d14;50800;ASH_COATED_OSMIUM;9919;15;9916;16;;;9927;16;9930;17;;;9923.0;0.0
yf_ZS=F_d14;50800;INTARIAN_PEPPER_ROOT;10407;19;10403;12;;;10413;8;10416;14;;;10410.0;0.0
yf_ZS=F_d14;50900;ASH_COATED_OSMIUM;9919;9;9915;15;;;9927;12;9930;25;;;9923.0;0.0
yf_ZS=F_d14;50900;INTARIAN_PEPPER_ROOT;10406;15;10404;19;;;10415;12;10418;24;;;10410.5;0.0
yf_ZS=F_d14;51000;ASH_COATED_OSMIUM;9920;5;9917;14;;;9927;20;9930;19;;;9923.5;0.0
yf_ZS=F_d14;51000;INTARIAN_PEPPER_ROOT;10405;22;10401;16;;;10416;10;10418;16;;;10410.5;0.0
yf_ZS=F_d14;51100;ASH_COATED_OSMIUM;9920;15;9917;24;;;9926;22;9928;23;;;9923.0;0.0
yf_ZS=F_d14;51100;INTARIAN_PEPPER_ROOT;10408;10;10405;15;;;10414;19;10416;26;;;10411.0;0.0
yf_ZS=F_d14;51200;ASH_COATED_OSMIUM;9920;20;9917;15;;;9928;15;9931;28;;;9924.0;0.0
yf_ZS=F_d14;51200;INTARIAN_PEPPER_ROOT;10405;7;10401;19;;;10419;10;10422;23;;;10412.0;0.0
yf_ZS=F_d14;51300;ASH_COATED_OSMIUM;9915;28;9911;14;;;9931;21;9935;27;;;9923.0;0.0
yf_ZS=F_d14;51300;INTARIAN_PEPPER_ROOT;10407;14;10405;26;;;10417;10;10420;17;;;10412.0;0.0
yf_ZS=F_d14;51400;ASH_COATED_OSMIUM;9920;17;9917;24;;;9926;15;9930;11;;;9923.0;0.0
yf_ZS=F_d14;51400;INTARIAN_PEPPER_ROOT;10409;12;10406;27;;;10415;17;10418;22;;;10412.0;0.0
yf_ZS=F_d14;51500;ASH_COATED_OSMIUM;9921;9;9918;9;;;9927;10;9931;23;;;9924.0;0.0
yf_ZS=F_d14;51500;INTARIAN_PEPPER_ROOT;10405;10;10401;20;;;10421;15;10423;22;;;10413.0;0.0
yf_ZS=F_d14;51600;ASH_COATED_OSMIUM;9915;24;9911;22;;;9933;20;9935;21;;;9924.0;0.0
yf_ZS=F_d14;51600;INTARIAN_PEPPER_ROOT;10410;5;10407;15;;;10416;21;10420;15;;;10413.0;0.0
yf_ZS=F_d14;51700;ASH_COATED_OSMIUM;9921;8;9917;19;;;9927;15;9931;17;;;9924.0;0.0
yf_ZS=F_d14;51700;INTARIAN_PEPPER_ROOT;10410;21;10408;21;;;10416;5;10420;25;;;10413.0;0.0
yf_ZS=F_d14;51800;ASH_COATED_OSMIUM;9921;10;9919;24;;;9928;7;9932;11;;;9924.5;0.0
yf_ZS=F_d14;51800;INTARIAN_PEPPER_ROOT;10411;19;10407;22;;;10417;6;10420;20;;;10414.0;0.0
yf_ZS=F_d14;51900;ASH_COATED_OSMIUM;9920;14;9917;23;;;9928;5;9932;14;;;9924.0;0.0
yf_ZS=F_d14;51900;INTARIAN_PEPPER_ROOT;10411;16;10409;17;;;10417;19;10421;18;;;10414.0;0.0
yf_ZS=F_d14;52000;ASH_COATED_OSMIUM;9913;16;9911;18;;;9935;21;9939;20;;;9924.0;0.0
yf_ZS=F_d14;52000;INTARIAN_PEPPER_ROOT;10410;12;10408;16;;;10419;10;10421;28;;;10414.5;0.0
yf_ZS=F_d14;52100;ASH_COATED_OSMIUM;9921;5;9919;18;;;9927;7;9930;20;;;9924.0;0.0
yf_ZS=F_d14;52100;INTARIAN_PEPPER_ROOT;10412;24;10410;23;;;10418;17;10421;16;;;10415.0;0.0
yf_ZS=F_d14;52200;ASH_COATED_OSMIUM;9916;15;9913;13;;;9933;20;9935;20;;;9924.5;0.0
yf_ZS=F_d14;52200;INTARIAN_PEPPER_ROOT;10413;8;10409;17;;;10419;20;10423;24;;;10416.0;0.0
yf_ZS=F_d14;52300;ASH_COATED_OSMIUM;9921;20;9918;9;;;9927;17;9930;15;;;9924.0;0.0
yf_ZS=F_d14;52300;INTARIAN_PEPPER_ROOT;10412;16;10408;17;;;10418;9;10422;25;;;10415.0;0.0
yf_ZS=F_d14;52400;ASH_COATED_OSMIUM;9907;23;9903;8;;;9942;16;9944;20;;;9924.5;0.0
yf_ZS=F_d14;52400;INTARIAN_PEPPER_ROOT;10414;13;10411;9;;;10420;21;10423;14;;;10417.0;0.0
yf_ZS=F_d14;52500;ASH_COATED_OSMIUM;9920;9;9918;34;;;9929;20;9933;12;;;9924.5;0.0
yf_ZS=F_d14;52500;INTARIAN_PEPPER_ROOT;10407;15;10403;26;;;10425;18;10429;20;;;10416.0;0.0
yf_ZS=F_d14;52600;ASH_COATED_OSMIUM;9917;19;9913;20;;;9932;21;9934;14;;;9924.5;0.0
yf_ZS=F_d14;52600;INTARIAN_PEPPER_ROOT;10413;27;10411;21;;;10419;19;10422;25;;;10416.0;0.0
yf_ZS=F_d14;52700;ASH_COATED_OSMIUM;9920;15;9917;18;;;9930;9;9934;23;;;9925.0;0.0
yf_ZS=F_d14;52700;INTARIAN_PEPPER_ROOT;10414;21;10410;16;;;10420;10;10424;16;;;10417.0;0.0
yf_ZS=F_d14;52800;ASH_COATED_OSMIUM;9922;16;9918;23;;;9928;10;9931;11;;;9925.0;0.0
yf_ZS=F_d14;52800;INTARIAN_PEPPER_ROOT;10415;11;10413;14;;;10421;27;10423;18;;;10418.0;0.0
yf_ZS=F_d14;52900;ASH_COATED_OSMIUM;9919;13;9917;16;;;9931;15;9933;27;;;9925.0;0.0
yf_ZS=F_d14;52900;INTARIAN_PEPPER_ROOT;10412;16;10410;20;;;10425;5;10428;21;;;10418.5;0.0
yf_ZS=F_d14;53000;ASH_COATED_OSMIUM;9917;18;9915;20;;;9934;19;9938;22;;;9925.5;0.0
yf_ZS=F_d14;53000;INTARIAN_PEPPER_ROOT;10405;8;10401;18;;;10431;21;10433;20;;;10418.0;0.0
yf_ZS=F_d14;53100;ASH_COATED_OSMIUM;9922;19;9918;30;;;9928;19;9930;21;;;9925.0;0.0
yf_ZS=F_d14;53100;INTARIAN_PEPPER_ROOT;10416;26;10412;19;;;10422;17;10426;17;;;10419.0;0.0
yf_ZS=F_d14;53200;ASH_COATED_OSMIUM;9921;13;9919;25;;;9927;19;9929;22;;;9924.0;0.0
yf_ZS=F_d14;53200;INTARIAN_PEPPER_ROOT;10416;14;10413;25;;;10422;14;10424;21;;;10419.0;0.0
yf_ZS=F_d14;53300;ASH_COATED_OSMIUM;9919;24;9916;22;;;9931;15;9934;17;;;9925.0;0.0
yf_ZS=F_d14;53300;INTARIAN_PEPPER_ROOT;10416;14;10412;21;;;10422;9;10424;17;;;10419.0;0.0
yf_ZS=F_d14;53400;ASH_COATED_OSMIUM;9922;11;9920;17;;;9928;16;9931;16;;;9925.0;0.0
yf_ZS=F_d14;53400;INTARIAN_PEPPER_ROOT;10401;16;10397;17;;;10439;20;10442;22;;;10420.0;0.0
yf_ZS=F_d14;53500;ASH_COATED_OSMIUM;9922;15;9920;27;;;9928;8;9931;20;;;9925.0;0.0
yf_ZS=F_d14;53500;INTARIAN_PEPPER_ROOT;10418;10;10414;21;;;10424;9;10427;23;;;10421.0;0.0
yf_ZS=F_d14;53600;ASH_COATED_OSMIUM;9920;9;9916;12;;;9930;17;9934;24;;;9925.0;0.0
yf_ZS=F_d14;53600;INTARIAN_PEPPER_ROOT;10417;7;10414;20;;;10423;9;10426;18;;;10420.0;0.0
yf_ZS=F_d14;53700;ASH_COATED_OSMIUM;9919;22;9916;21;;;9931;9;9934;22;;;9925.0;0.0
yf_ZS=F_d14;53700;INTARIAN_PEPPER_ROOT;10418;14;10414;23;;;10424;10;10428;17;;;10421.0;0.0
yf_ZS=F_d14;53800;ASH_COATED_OSMIUM;9917;10;9915;19;;;9933;16;9936;19;;;9925.0;0.0
yf_ZS=F_d14;53800;INTARIAN_PEPPER_ROOT;10402;17;10398;18;;;10440;8;10444;24;;;10421.0;0.0
yf_ZS=F_d14;53900;ASH_COATED_OSMIUM;9922;10;9918;25;;;9928;13;9932;20;;;9925.0;0.0
yf_ZS=F_d14;53900;INTARIAN_PEPPER_ROOT;10414;12;10410;15;;;10429;11;10433;26;;;10421.5;0.0
yf_ZS=F_d14;54000;ASH_COATED_OSMIUM;9914;25;9912;17;;;9935;8;9938;14;;;9924.5;0.0
yf_ZS=F_d14;54000;INTARIAN_PEPPER_ROOT;10419;13;10415;22;;;10425;17;10427;19;;;10422.0;0.0
yf_ZS=F_d14;54100;ASH_COATED_OSMIUM;9922;16;9919;20;;;9928;7;9931;12;;;9925.0;0.0
yf_ZS=F_d14;54100;INTARIAN_PEPPER_ROOT;10418;13;10416;23;;;10426;16;10430;22;;;10422.0;0.0
yf_ZS=F_d14;54200;ASH_COATED_OSMIUM;9922;16;9920;22;;;9928;15;9932;12;;;9925.0;0.0
yf_ZS=F_d14;54200;INTARIAN_PEPPER_ROOT;10420;10;10417;15;;;10426;18;10428;21;;;10423.0;0.0
yf_ZS=F_d14;54300;ASH_COATED_OSMIUM;9914;16;9911;13;;;9938;18;9941;22;;;9926.0;0.0
yf_ZS=F_d14;54300;INTARIAN_PEPPER_ROOT;10417;15;10415;16;;;10428;9;10432;18;;;10422.5;0.0
yf_ZS=F_d14;54400;ASH_COATED_OSMIUM;9909;17;9907;28;;;9943;26;9947;20;;;9926.0;0.0
yf_ZS=F_d14;54400;INTARIAN_PEPPER_ROOT;10417;14;10413;16;;;10429;13;10431;18;;;10423.0;0.0
yf_ZS=F_d14;54500;ASH_COATED_OSMIUM;9923;10;9920;23;;;9929;13;9932;15;;;9926.0;0.0
yf_ZS=F_d14;54500;INTARIAN_PEPPER_ROOT;10421;24;10417;23;;;10427;18;10430;11;;;10424.0;0.0
yf_ZS=F_d14;54600;ASH_COATED_OSMIUM;9923;13;9919;18;;;9930;15;9932;18;;;9926.5;0.0
yf_ZS=F_d14;54600;INTARIAN_PEPPER_ROOT;10421;25;10419;19;;;10429;10;10431;12;;;10425.0;0.0
yf_ZS=F_d14;54700;ASH_COATED_OSMIUM;9916;13;9912;16;;;9935;20;9938;16;;;9925.5;0.0
yf_ZS=F_d14;54700;INTARIAN_PEPPER_ROOT;10418;14;10416;27;;;10431;18;10434;28;;;10424.5;0.0
yf_ZS=F_d14;54800;ASH_COATED_OSMIUM;9921;9;9917;22;;;9931;12;9934;14;;;9926.0;0.0
yf_ZS=F_d14;54800;INTARIAN_PEPPER_ROOT;10422;27;10419;18;;;10428;13;10432;20;;;10425.0;0.0
yf_ZS=F_d14;54900;ASH_COATED_OSMIUM;9923;19;9920;13;;;9929;13;9931;22;;;9926.0;0.0
yf_ZS=F_d14;54900;INTARIAN_PEPPER_ROOT;10422;13;10420;30;;;10428;14;10432;24;;;10425.0;0.0
yf_ZS=F_d14;55000;ASH_COATED_OSMIUM;9923;10;9919;26;;;9929;11;9932;16;;;9926.0;0.0
yf_ZS=F_d14;55000;INTARIAN_PEPPER_ROOT;10423;17;10421;17;;;10429;12;10432;27;;;10426.0;0.0
yf_ZS=F_d14;55100;ASH_COATED_OSMIUM;9923;15;9921;20;;;9929;21;9931;27;;;9926.0;0.0
yf_ZS=F_d14;55100;INTARIAN_PEPPER_ROOT;10421;19;10419;23;;;10431;13;10435;25;;;10426.0;0.0
yf_ZS=F_d14;55200;ASH_COATED_OSMIUM;9923;12;9919;15;;;9929;7;9933;24;;;9926.0;0.0
yf_ZS=F_d14;55200;INTARIAN_PEPPER_ROOT;10422;11;10419;24;;;10431;11;10435;22;;;10426.5;0.0
yf_ZS=F_d14;55300;ASH_COATED_OSMIUM;9915;20;9912;13;;;9939;22;9943;23;;;9927.0;0.0
yf_ZS=F_d14;55300;INTARIAN_PEPPER_ROOT;10424;16;10420;20;;;10430;21;10433;8;;;10427.0;0.0
yf_ZS=F_d14;55400;ASH_COATED_OSMIUM;9923;18;9921;23;;;9929;18;9931;15;;;9926.0;0.0
yf_ZS=F_d14;55400;INTARIAN_PEPPER_ROOT;10424;7;10420;13;;;10430;19;10434;14;;;10427.0;0.0
yf_ZS=F_d14;55500;ASH_COATED_OSMIUM;9923;15;9920;19;;;9929;18;9931;21;;;9926.0;0.0
yf_ZS=F_d14;55500;INTARIAN_PEPPER_ROOT;10424;19;10420;13;;;10430;8;10432;18;;;10427.0;0.0
yf_ZS=F_d14;55600;ASH_COATED_OSMIUM;9923;15;9920;14;;;9929;20;9931;20;;;9926.0;0.0
yf_ZS=F_d14;55600;INTARIAN_PEPPER_ROOT;10425;9;10422;20;;;10432;29;10435;19;;;10428.5;0.0
yf_ZS=F_d14;55700;ASH_COATED_OSMIUM;9923;24;9921;21;;;9929;27;9933;16;;;9926.0;0.0
yf_ZS=F_d14;55700;INTARIAN_PEPPER_ROOT;10426;7;10423;19;;;10432;14;10436;19;;;10429.0;0.0
yf_ZS=F_d14;55800;ASH_COATED_OSMIUM;9923;12;9921;18;;;9929;16;9933;21;;;9926.0;0.0
yf_ZS=F_d14;55800;INTARIAN_PEPPER_ROOT;10424;15;10420;32;;;10433;20;10436;17;;;10428.5;0.0
yf_ZS=F_d14;55900;ASH_COATED_OSMIUM;9923;16;9921;12;;;9931;16;9933;19;;;9927.0;0.0
yf_ZS=F_d14;55900;INTARIAN_PEPPER_ROOT;10426;20;10423;22;;;10432;19;10435;22;;;10429.0;0.0
yf_ZS=F_d14;56000;ASH_COATED_OSMIUM;9924;11;9922;16;;;9930;15;9932;22;;;9927.0;0.0
yf_ZS=F_d14;56000;INTARIAN_PEPPER_ROOT;10410;6;10407;15;;;10449;15;10451;22;;;10429.5;0.0
yf_ZS=F_d14;56100;ASH_COATED_OSMIUM;9924;14;9920;15;;;9930;17;9932;16;;;9927.0;0.0
yf_ZS=F_d14;56100;INTARIAN_PEPPER_ROOT;10423;15;10421;18;;;10437;6;10439;28;;;10430.0;0.0
yf_ZS=F_d14;56200;ASH_COATED_OSMIUM;9924;18;9922;23;;;9930;19;9932;26;;;9927.0;0.0
yf_ZS=F_d14;56200;INTARIAN_PEPPER_ROOT;10428;19;10426;16;;;10434;19;10437;24;;;10431.0;0.0
yf_ZS=F_d14;56300;ASH_COATED_OSMIUM;9924;14;9922;14;;;9930;16;9934;20;;;9927.0;0.0
yf_ZS=F_d14;56300;INTARIAN_PEPPER_ROOT;10426;14;10424;13;;;10434;14;10438;18;;;10430.0;0.0
yf_ZS=F_d14;56400;ASH_COATED_OSMIUM;9922;22;9920;15;;;9932;9;9936;18;;;9927.0;0.0
yf_ZS=F_d14;56400;INTARIAN_PEPPER_ROOT;10427;18;10425;25;;;10436;13;10439;23;;;10431.5;0.0
yf_ZS=F_d14;56500;ASH_COATED_OSMIUM;9924;11;9921;20;;;9930;5;9933;18;;;9927.0;0.0
yf_ZS=F_d14;56500;INTARIAN_PEPPER_ROOT;10429;5;10425;13;;;10435;6;10439;24;;;10432.0;0.0
yf_ZS=F_d14;56600;ASH_COATED_OSMIUM;9913;11;9909;12;;;9941;18;9944;23;;;9927.0;0.0
yf_ZS=F_d14;56600;INTARIAN_PEPPER_ROOT;10429;15;10425;13;;;10435;13;10437;25;;;10432.0;0.0
yf_ZS=F_d14;56700;ASH_COATED_OSMIUM;9922;11;9918;20;;;9932;21;9934;17;;;9927.0;0.0
yf_ZS=F_d14;56700;INTARIAN_PEPPER_ROOT;10429;18;10427;22;;;10435;17;10437;26;;;10432.0;0.0
yf_ZS=F_d14;56800;ASH_COATED_OSMIUM;9924;10;9922;18;;;9930;22;9933;26;;;9927.0;0.0
yf_ZS=F_d14;56800;INTARIAN_PEPPER_ROOT;10430;17;10426;14;;;10436;25;10440;21;;;10433.0;0.0
yf_ZS=F_d14;56900;ASH_COATED_OSMIUM;9924;15;9920;21;;;9931;16;9933;22;;;9927.5;0.0
yf_ZS=F_d14;56900;INTARIAN_PEPPER_ROOT;10429;13;10427;30;;;10437;5;10439;21;;;10433.0;0.0
yf_ZS=F_d14;57000;ASH_COATED_OSMIUM;9921;10;9919;25;;;9935;26;9938;19;;;9928.0;0.0
yf_ZS=F_d14;57000;INTARIAN_PEPPER_ROOT;10413;12;10411;27;;;10453;17;10455;24;;;10433.0;0.0
yf_ZS=F_d14;57100;ASH_COATED_OSMIUM;9924;12;9921;24;;;9930;21;9934;18;;;9927.0;0.0
yf_ZS=F_d14;57100;INTARIAN_PEPPER_ROOT;10431;12;10427;18;;;10437;18;10439;17;;;10434.0;0.0
yf_ZS=F_d14;57200;ASH_COATED_OSMIUM;9924;10;9921;13;;;9930;11;9934;19;;;9927.0;0.0
yf_ZS=F_d14;57200;INTARIAN_PEPPER_ROOT;10431;22;10428;16;;;10437;13;10440;23;;;10434.0;0.0
yf_ZS=F_d14;57300;ASH_COATED_OSMIUM;9923;10;9919;21;;;9932;9;9935;22;;;9927.5;0.0
yf_ZS=F_d14;57300;INTARIAN_PEPPER_ROOT;10432;11;10428;25;;;10438;11;10440;23;;;10435.0;0.0
yf_ZS=F_d14;57400;ASH_COATED_OSMIUM;9924;5;9920;16;;;9930;18;9934;14;;;9927.0;0.0
yf_ZS=F_d14;57400;INTARIAN_PEPPER_ROOT;10430;18;10428;18;;;10440;27;10443;22;;;10435.0;0.0
yf_ZS=F_d14;57500;ASH_COATED_OSMIUM;9917;19;9914;29;;;9937;15;9941;23;;;9927.0;0.0
yf_ZS=F_d14;57500;INTARIAN_PEPPER_ROOT;10422;18;10420;17;;;10448;14;10451;24;;;10435.0;0.0
yf_ZS=F_d14;57600;ASH_COATED_OSMIUM;9925;18;9922;16;;;9931;12;9933;27;;;9928.0;0.0
yf_ZS=F_d14;57600;INTARIAN_PEPPER_ROOT;10432;6;10428;18;;;10438;13;10442;12;;;10435.0;0.0
