day;timestamp;product;bid_price_1;bid_volume_1;bid_price_2;bid_volume_2;bid_price_3;bid_volume_3;ask_price_1;ask_volume_1;ask_price_2;ask_volume_2;ask_price_3;ask_volume_3;mid_price;profit_and_loss
yf_MKC_d8;0;ASH_COATED_OSMIUM;9961;20;9959;17;;;9979;18;9982;14;;;9970.0;0.0
yf_MKC_d8;0;INTARIAN_PEPPER_ROOT;12996;13;12994;14;;;13002;19;13004;21;;;12999.0;0.0
yf_MKC_d8;100;ASH_COATED_OSMIUM;9966;18;9964;12;;;9975;15;9978;29;;;9970.5;0.0
yf_MKC_d8;100;INTARIAN_PEPPER_ROOT;12995;18;12993;19;;;13001;20;13004;21;;;12998.0;0.0
yf_MKC_d8;200;ASH_COATED_OSMIUM;9968;18;9966;24;;;9974;18;9978;12;;;9971.0;0.0
yf_MKC_d8;200;INTARIAN_PEPPER_ROOT;12993;21;12990;24;;;12999;9;13002;18;;;12996.0;0.0
yf_MKC_d8;300;ASH_COATED_OSMIUM;9967;20;9964;23;;;9975;14;9977;22;;;9971.0;0.0
yf_MKC_d8;300;INTARIAN_PEPPER_ROOT;12992;20;12988;24;;;12998;11;13002;18;;;12995.0;0.0
yf_MKC_d8;400;ASH_COATED_OSMIUM;9968;16;9964;13;;;9974;12;9977;8;;;9971.0;0.0
yf_MKC_d8;400;INTARIAN_PEPPER_ROOT;12984;16;12982;20;;;13003;11;13005;21;;;12993.5;0.0
yf_MKC_d8;500;ASH_COATED_OSMIUM;9968;6;9964;19;;;9974;15;9978;21;;;9971.0;0.0
yf_MKC_d8;500;INTARIAN_PEPPER_ROOT;12973;5;12971;26;;;13010;5;13012;11;;;12991.5;0.0
yf_MKC_d8;600;ASH_COATED_OSMIUM;9968;5;9965;20;;;9974;14;9978;23;;;9971.0;0.0
yf_MKC_d8;600;INTARIAN_PEPPER_ROOT;12987;13;12984;28;;;12993;11;12996;25;;;12990.0;0.0
yf_MKC_d8;700;ASH_COATED_OSMIUM;9964;24;9960;19;;;9977;14;9981;19;;;9970.5;0.0
yf_MKC_d8;700;INTARIAN_PEPPER_ROOT;12985;7;12982;25;;;12992;22;12995;23;;;12988.5;0.0
yf_MKC_d8;800;ASH_COATED_OSMIUM;9968;22;9965;23;;;9974;7;9977;12;;;9971.0;0.0
yf_MKC_d8;800;INTARIAN_PEPPER_ROOT;12972;5;12968;18;;;13003;9;13006;20;;;12987.5;0.0
yf_MKC_d8;900;ASH_COATED_OSMIUM;9968;22;9966;25;;;9974;16;9978;25;;;9971.0;0.0
yf_MKC_d8;900;INTARIAN_PEPPER_ROOT;12982;5;12979;24;;;12988;22;12991;21;;;12985.0;0.0
yf_MKC_d8;1000;ASH_COATED_OSMIUM;9968;12;9964;18;;;9974;18;9977;14;;;9971.0;0.0
yf_MKC_d8;1000;INTARIAN_PEPPER_ROOT;12981;15;12977;23;;;12987;17;12991;22;;;12984.0;0.0
yf_MKC_d8;1100;ASH_COATED_OSMIUM;9967;15;9965;23;;;9973;9;9977;14;;;9970.0;0.0
yf_MKC_d8;1100;INTARIAN_PEPPER_ROOT;12978;19;12975;22;;;12985;17;12989;21;;;12981.5;0.0
yf_MKC_d8;1200;ASH_COATED_OSMIUM;9968;24;9966;22;;;9974;18;9978;16;;;9971.0;0.0
yf_MKC_d8;1200;INTARIAN_PEPPER_ROOT;12975;15;12972;18;;;12987;16;12991;23;;;12981.0;0.0
yf_MKC_d8;1300;ASH_COATED_OSMIUM;9967;12;9963;21;;;9974;17;9977;25;;;9970.5;0.0
yf_MKC_d8;1300;INTARIAN_PEPPER_ROOT;12974;22;12971;22;;;12984;18;12986;25;;;12979.0;0.0
yf_MKC_d8;1400;ASH_COATED_OSMIUM;9968;18;9966;19;;;9974;14;9977;21;;;9971.0;0.0
yf_MKC_d8;1400;INTARIAN_PEPPER_ROOT;12972;20;12970;16;;;12984;5;12987;24;;;12978.0;0.0
yf_MKC_d8;1500;ASH_COATED_OSMIUM;9965;20;9962;21;;;9979;14;9982;25;;;9972.0;0.0
yf_MKC_d8;1500;INTARIAN_PEPPER_ROOT;12972;5;12968;16;;;12978;22;12982;23;;;12975.0;0.0
yf_MKC_d8;1600;ASH_COATED_OSMIUM;9964;12;9962;20;;;9978;26;9980;18;;;9971.0;0.0
yf_MKC_d8;1600;INTARIAN_PEPPER_ROOT;12972;13;12968;23;;;12978;14;12980;26;;;12975.0;0.0
yf_MKC_d8;1700;ASH_COATED_OSMIUM;9966;18;9962;28;;;9975;17;9979;21;;;9970.5;0.0
yf_MKC_d8;1700;INTARIAN_PEPPER_ROOT;12968;12;12966;31;;;12976;9;12980;22;;;12972.0;0.0
yf_MKC_d8;1800;ASH_COATED_OSMIUM;9968;15;9966;25;;;9974;12;9976;20;;;9971.0;0.0
yf_MKC_d8;1800;INTARIAN_PEPPER_ROOT;12968;10;12965;18;;;12974;15;12976;16;;;12971.0;0.0
yf_MKC_d8;1900;ASH_COATED_OSMIUM;9968;15;9965;31;;;9974;12;9977;20;;;9971.0;0.0
yf_MKC_d8;1900;INTARIAN_PEPPER_ROOT;12960;18;12956;20;;;12979;23;12983;17;;;12969.5;0.0
yf_MKC_d8;2000;ASH_COATED_OSMIUM;9966;19;9962;17;;;9974;9;9977;22;;;9970.0;0.0
yf_MKC_d8;2000;INTARIAN_PEPPER_ROOT;12964;7;12962;19;;;12970;20;12972;11;;;12967.0;0.0
yf_MKC_d8;2100;ASH_COATED_OSMIUM;9968;11;9966;22;;;9974;9;9977;32;;;9971.0;0.0
yf_MKC_d8;2100;INTARIAN_PEPPER_ROOT;12963;18;12961;16;;;12969;10;12973;26;;;12966.0;0.0
yf_MKC_d8;2200;ASH_COATED_OSMIUM;9958;11;9956;13;;;9984;11;9987;20;;;9971.0;0.0
yf_MKC_d8;2200;INTARIAN_PEPPER_ROOT;12962;8;12960;12;;;12968;17;12970;11;;;12965.0;0.0
yf_MKC_d8;2300;ASH_COATED_OSMIUM;9968;12;9965;21;;;9974;12;9976;13;;;9971.0;0.0
yf_MKC_d8;2300;INTARIAN_PEPPER_ROOT;12959;14;12957;28;;;12965;16;12969;20;;;12962.0;0.0
yf_MKC_d8;2400;ASH_COATED_OSMIUM;9967;27;9963;19;;;9973;18;9975;31;;;9970.0;0.0
yf_MKC_d8;2400;INTARIAN_PEPPER_ROOT;12959;21;12957;20;;;12965;15;12969;15;;;12962.0;0.0
yf_MKC_d8;2500;ASH_COATED_OSMIUM;9964;10;9962;21;;;9978;24;9981;17;;;9971.0;0.0
yf_MKC_d8;2500;INTARIAN_PEPPER_ROOT;12954;15;12951;24;;;12965;13;12968;15;;;12959.5;0.0
yf_MKC_d8;2600;ASH_COATED_OSMIUM;9968;17;9964;24;;;9974;12;9978;18;;;9971.0;0.0
yf_MKC_d8;2600;INTARIAN_PEPPER_ROOT;12955;10;12951;31;;;12961;8;12963;25;;;12958.0;0.0
yf_MKC_d8;2700;ASH_COATED_OSMIUM;9968;17;9965;14;;;9974;10;9978;9;;;9971.0;0.0
yf_MKC_d8;2700;INTARIAN_PEPPER_ROOT;12952;19;12949;12;;;12961;11;12963;20;;;12956.5;0.0
yf_MKC_d8;2800;ASH_COATED_OSMIUM;9959;7;9955;18;;;9981;12;9984;16;;;9970.0;0.0
yf_MKC_d8;2800;INTARIAN_PEPPER_ROOT;12940;16;12937;28;;;12971;17;12974;30;;;12955.5;0.0
yf_MKC_d8;2900;ASH_COATED_OSMIUM;9966;14;9962;23;;;9974;20;9978;21;;;9970.0;0.0
yf_MKC_d8;2900;INTARIAN_PEPPER_ROOT;12951;12;12949;17;;;12957;15;12961;23;;;12954.0;0.0
yf_MKC_d8;3000;ASH_COATED_OSMIUM;9967;16;9965;19;;;9974;12;9976;15;;;9970.5;0.0
yf_MKC_d8;3000;INTARIAN_PEPPER_ROOT;12947;9;12943;11;;;12957;21;12959;12;;;12952.0;0.0
yf_MKC_d8;3100;ASH_COATED_OSMIUM;9968;12;9965;23;;;9974;5;9976;26;;;9971.0;0.0
yf_MKC_d8;3100;INTARIAN_PEPPER_ROOT;12945;12;12942;28;;;12955;23;12958;24;;;12950.0;0.0
yf_MKC_d8;3200;ASH_COATED_OSMIUM;9968;23;9964;26;;;9975;11;9979;9;;;9971.5;0.0
yf_MKC_d8;3200;INTARIAN_PEPPER_ROOT;12947;17;12944;21;;;12953;13;12955;18;;;12950.0;0.0
yf_MKC_d8;3300;ASH_COATED_OSMIUM;9967;18;9965;21;;;9975;15;9977;24;;;9971.0;0.0
yf_MKC_d8;3300;INTARIAN_PEPPER_ROOT;12944;13;12941;9;;;12950;13;12953;11;;;12947.0;0.0
yf_MKC_d8;3400;ASH_COATED_OSMIUM;9968;16;9964;17;;;9974;18;9978;16;;;9971.0;0.0
yf_MKC_d8;3400;INTARIAN_PEPPER_ROOT;12942;9;12939;16;;;12948;9;12951;30;;;12945.0;0.0
yf_MKC_d8;3500;ASH_COATED_OSMIUM;9968;15;9965;24;;;9974;9;9977;13;;;9971.0;0.0
yf_MKC_d8;3500;INTARIAN_PEPPER_ROOT;12941;15;12938;18;;;12947;8;12950;19;;;12944.0;0.0
yf_MKC_d8;3600;ASH_COATED_OSMIUM;9968;16;9965;25;;;9974;12;9977;12;;;9971.0;0.0
yf_MKC_d8;3600;INTARIAN_PEPPER_ROOT;12939;15;12937;18;;;12945;22;12947;18;;;12942.0;0.0
yf_MKC_d8;3700;ASH_COATED_OSMIUM;9968;12;9964;21;;;9974;7;9978;19;;;9971.0;0.0
yf_MKC_d8;3700;INTARIAN_PEPPER_ROOT;12936;6;12934;20;;;12944;20;12947;20;;;12940.0;0.0
yf_MKC_d8;3800;ASH_COATED_OSMIUM;9962;16;9960;14;;;9980;15;9982;21;;;9971.0;0.0
yf_MKC_d8;3800;INTARIAN_PEPPER_ROOT;12937;16;12933;25;;;12943;12;12945;27;;;12940.0;0.0
yf_MKC_d8;3900;ASH_COATED_OSMIUM;9967;10;9963;22;;;9974;11;9976;15;;;9970.5;0.0
yf_MKC_d8;3900;INTARIAN_PEPPER_ROOT;12923;19;12920;27;;;12953;13;12956;20;;;12938.0;0.0
yf_MKC_d8;4000;ASH_COATED_OSMIUM;9957;23;9953;11;;;9984;15;9987;28;;;9970.5;0.0
yf_MKC_d8;4000;INTARIAN_PEPPER_ROOT;12923;10;12919;19;;;12949;18;12952;16;;;12936.0;0.0
yf_MKC_d8;4100;ASH_COATED_OSMIUM;9968;23;9965;23;;;9974;8;9978;15;;;9971.0;0.0
yf_MKC_d8;4100;INTARIAN_PEPPER_ROOT;12931;20;12928;17;;;12937;20;12941;22;;;12934.0;0.0
yf_MKC_d8;4200;ASH_COATED_OSMIUM;9967;17;9964;13;;;9973;14;9975;28;;;9970.0;0.0
yf_MKC_d8;4200;INTARIAN_PEPPER_ROOT;12922;17;12918;26;;;12943;11;12946;20;;;12932.5;0.0
yf_MKC_d8;4300;ASH_COATED_OSMIUM;9967;17;9963;15;;;9973;12;9975;14;;;9970.0;0.0
yf_MKC_d8;4300;INTARIAN_PEPPER_ROOT;12928;19;12924;27;;;12934;5;12936;21;;;12931.0;0.0
yf_MKC_d8;4400;ASH_COATED_OSMIUM;9965;15;9962;19;;;9976;20;9979;16;;;9970.5;0.0
yf_MKC_d8;4400;INTARIAN_PEPPER_ROOT;12926;9;12922;22;;;12933;17;12935;20;;;12929.5;0.0
yf_MKC_d8;4500;ASH_COATED_OSMIUM;9966;18;9962;14;;;9977;15;9981;24;;;9971.5;0.0
yf_MKC_d8;4500;INTARIAN_PEPPER_ROOT;12921;9;12917;24;;;12934;19;12936;28;;;12927.5;0.0
yf_MKC_d8;4600;ASH_COATED_OSMIUM;9968;10;9964;22;;;9974;10;9978;24;;;9971.0;0.0
yf_MKC_d8;4600;INTARIAN_PEPPER_ROOT;12923;5;12920;20;;;12929;22;12931;18;;;12926.0;0.0
yf_MKC_d8;4700;ASH_COATED_OSMIUM;9968;10;9964;23;;;9974;13;9977;22;;;9971.0;0.0
yf_MKC_d8;4700;INTARIAN_PEPPER_ROOT;12921;15;12919;19;;;12930;10;12933;20;;;12925.5;0.0
yf_MKC_d8;4800;ASH_COATED_OSMIUM;9968;17;9966;18;;;9974;15;9976;23;;;9971.0;0.0
yf_MKC_d8;4800;INTARIAN_PEPPER_ROOT;12920;5;12918;20;;;12926;10;12928;16;;;12923.0;0.0
yf_MKC_d8;4900;ASH_COATED_OSMIUM;9968;11;9964;15;;;9974;29;9977;22;;;9971.0;0.0
yf_MKC_d8;4900;INTARIAN_PEPPER_ROOT;12912;17;12910;29;;;12931;20;12934;27;;;12921.5;0.0
yf_MKC_d8;5000;ASH_COATED_OSMIUM;9968;10;9965;21;;;9974;15;9976;10;;;9971.0;0.0
yf_MKC_d8;5000;INTARIAN_PEPPER_ROOT;12918;13;12915;22;;;12924;15;12926;14;;;12921.0;0.0
yf_MKC_d8;5100;ASH_COATED_OSMIUM;9963;13;9960;17;;;9979;18;9983;29;;;9971.0;0.0
yf_MKC_d8;5100;INTARIAN_PEPPER_ROOT;12915;12;12913;23;;;12921;22;12924;31;;;12918.0;0.0
yf_MKC_d8;5200;ASH_COATED_OSMIUM;9967;21;9964;17;;;9973;15;9976;22;;;9970.0;0.0
yf_MKC_d8;5200;INTARIAN_PEPPER_ROOT;12914;15;12910;15;;;12920;13;12922;25;;;12917.0;0.0
yf_MKC_d8;5300;ASH_COATED_OSMIUM;9952;16;9950;24;;;9988;7;9990;22;;;9970.0;0.0
yf_MKC_d8;5300;INTARIAN_PEPPER_ROOT;12912;14;12910;24;;;12918;12;12921;23;;;12915.0;0.0
yf_MKC_d8;5400;ASH_COATED_OSMIUM;9968;18;9964;20;;;9974;16;9976;19;;;9971.0;0.0
yf_MKC_d8;5400;INTARIAN_PEPPER_ROOT;12911;10;12907;15;;;12917;16;12919;20;;;12914.0;0.0
yf_MKC_d8;5500;ASH_COATED_OSMIUM;9962;18;9960;27;;;9978;22;9981;21;;;9970.0;0.0
yf_MKC_d8;5500;INTARIAN_PEPPER_ROOT;12909;15;12907;17;;;12915;16;12918;22;;;12912.0;0.0
yf_MKC_d8;5600;ASH_COATED_OSMIUM;9966;6;9964;21;;;9974;16;9976;22;;;9970.0;0.0
yf_MKC_d8;5600;INTARIAN_PEPPER_ROOT;12908;14;12906;18;;;12914;22;12917;27;;;12911.0;0.0
yf_MKC_d8;5700;ASH_COATED_OSMIUM;9967;20;9963;25;;;9973;15;9977;19;;;9970.0;0.0
yf_MKC_d8;5700;INTARIAN_PEPPER_ROOT;12906;13;12904;18;;;12912;17;12916;17;;;12909.0;0.0
yf_MKC_d8;5800;ASH_COATED_OSMIUM;9967;7;9964;17;;;9973;13;9975;29;;;9970.0;0.0
yf_MKC_d8;5800;INTARIAN_PEPPER_ROOT;12904;12;12900;23;;;12912;20;12914;15;;;12908.0;0.0
yf_MKC_d8;5900;ASH_COATED_OSMIUM;9966;11;9964;18;;;9974;18;9976;23;;;9970.0;0.0
yf_MKC_d8;5900;INTARIAN_PEPPER_ROOT;12902;17;12898;18;;;12908;19;12912;14;;;12905.0;0.0
yf_MKC_d8;6000;ASH_COATED_OSMIUM;9967;13;9964;15;;;9974;13;9977;18;;;9970.5;0.0
yf_MKC_d8;6000;INTARIAN_PEPPER_ROOT;12900;18;12898;13;;;12907;10;12911;16;;;12903.5;0.0
yf_MKC_d8;6100;ASH_COATED_OSMIUM;9967;15;9964;16;;;9973;15;9977;18;;;9970.0;0.0
yf_MKC_d8;6100;INTARIAN_PEPPER_ROOT;12899;14;12897;20;;;12905;15;12907;16;;;12902.0;0.0
yf_MKC_d8;6200;ASH_COATED_OSMIUM;9966;28;9962;21;;;9974;14;9977;31;;;9970.0;0.0
yf_MKC_d8;6200;INTARIAN_PEPPER_ROOT;12893;16;12889;20;;;12909;11;12913;20;;;12901.0;0.0
yf_MKC_d8;6300;ASH_COATED_OSMIUM;9967;15;9963;23;;;9973;10;9976;17;;;9970.0;0.0
yf_MKC_d8;6300;INTARIAN_PEPPER_ROOT;12895;14;12893;15;;;12904;8;12907;20;;;12899.5;0.0
yf_MKC_d8;6400;ASH_COATED_OSMIUM;9957;20;9953;21;;;9985;15;9987;10;;;9971.0;0.0
yf_MKC_d8;6400;INTARIAN_PEPPER_ROOT;12894;20;12890;20;;;12904;14;12907;15;;;12899.0;0.0
yf_MKC_d8;6500;ASH_COATED_OSMIUM;9967;20;9964;15;;;9973;19;9977;24;;;9970.0;0.0
yf_MKC_d8;6500;INTARIAN_PEPPER_ROOT;12874;21;12870;24;;;12920;19;12922;19;;;12897.0;0.0
yf_MKC_d8;6600;ASH_COATED_OSMIUM;9967;8;9963;20;;;9973;17;9976;23;;;9970.0;0.0
yf_MKC_d8;6600;INTARIAN_PEPPER_ROOT;12892;16;12889;10;;;12898;9;12900;22;;;12895.0;0.0
yf_MKC_d8;6700;ASH_COATED_OSMIUM;9968;12;9964;15;;;9974;24;9978;22;;;9971.0;0.0
yf_MKC_d8;6700;INTARIAN_PEPPER_ROOT;12887;15;12885;20;;;12899;16;12901;21;;;12893.0;0.0
yf_MKC_d8;6800;ASH_COATED_OSMIUM;9967;21;9964;29;;;9973;13;9977;25;;;9970.0;0.0
yf_MKC_d8;6800;INTARIAN_PEPPER_ROOT;12889;12;12886;26;;;12895;17;12899;18;;;12892.0;0.0
yf_MKC_d8;6900;ASH_COATED_OSMIUM;9967;17;9964;28;;;9973;11;9977;13;;;9970.0;0.0
yf_MKC_d8;6900;INTARIAN_PEPPER_ROOT;12887;18;12883;19;;;12893;17;12896;19;;;12890.0;0.0
yf_MKC_d8;7000;ASH_COATED_OSMIUM;9967;14;9965;31;;;9973;21;9977;20;;;9970.0;0.0
yf_MKC_d8;7000;INTARIAN_PEPPER_ROOT;12883;16;12880;19;;;12894;7;12897;8;;;12888.5;0.0
yf_MKC_d8;7100;ASH_COATED_OSMIUM;9966;20;9964;12;;;9975;15;9977;10;;;9970.5;0.0
yf_MKC_d8;7100;INTARIAN_PEPPER_ROOT;12883;20;12881;21;;;12890;18;12892;17;;;12886.5;0.0
yf_MKC_d8;7200;ASH_COATED_OSMIUM;9965;16;9963;14;;;9977;15;9981;24;;;9971.0;0.0
yf_MKC_d8;7200;INTARIAN_PEPPER_ROOT;12882;13;12878;23;;;12889;13;12893;14;;;12885.5;0.0
yf_MKC_d8;7300;ASH_COATED_OSMIUM;9963;20;9961;20;;;9977;21;9979;17;;;9970.0;0.0
yf_MKC_d8;7300;INTARIAN_PEPPER_ROOT;12880;15;12876;19;;;12886;14;12888;18;;;12883.0;0.0
yf_MKC_d8;7400;ASH_COATED_OSMIUM;9963;14;9961;26;;;9978;7;9981;11;;;9970.5;0.0
yf_MKC_d8;7400;INTARIAN_PEPPER_ROOT;12878;10;12875;16;;;12885;18;12887;20;;;12881.5;0.0
yf_MKC_d8;7500;ASH_COATED_OSMIUM;9968;8;9965;17;;;9974;18;9976;18;;;9971.0;0.0
yf_MKC_d8;7500;INTARIAN_PEPPER_ROOT;12873;14;12871;16;;;12888;15;12890;21;;;12880.5;0.0
yf_MKC_d8;7600;ASH_COATED_OSMIUM;9966;15;9964;20;;;9974;5;9977;8;;;9970.0;0.0
yf_MKC_d8;7600;INTARIAN_PEPPER_ROOT;12870;11;12868;21;;;12889;14;12893;21;;;12879.5;0.0
yf_MKC_d8;7700;ASH_COATED_OSMIUM;9967;19;9963;16;;;9974;16;9978;25;;;9970.5;0.0
yf_MKC_d8;7700;INTARIAN_PEPPER_ROOT;12874;9;12870;17;;;12880;7;12884;17;;;12877.0;0.0
yf_MKC_d8;7800;ASH_COATED_OSMIUM;9954;18;9952;31;;;9986;11;9989;23;;;9970.0;0.0
yf_MKC_d8;7800;INTARIAN_PEPPER_ROOT;12871;7;12867;18;;;12880;9;12884;21;;;12875.5;0.0
yf_MKC_d8;7900;ASH_COATED_OSMIUM;9964;14;9960;15;;;9975;6;9978;18;;;9969.5;0.0
yf_MKC_d8;7900;INTARIAN_PEPPER_ROOT;12871;11;12869;13;;;12877;17;12880;32;;;12874.0;0.0
yf_MKC_d8;8000;ASH_COATED_OSMIUM;9968;6;9964;14;;;9974;7;9976;24;;;9971.0;0.0
yf_MKC_d8;8000;INTARIAN_PEPPER_ROOT;12869;5;12866;24;;;12875;7;12878;19;;;12872.0;0.0
yf_MKC_d8;8100;ASH_COATED_OSMIUM;9963;16;9959;13;;;9979;5;9982;18;;;9971.0;0.0
yf_MKC_d8;8100;INTARIAN_PEPPER_ROOT;12868;11;12865;30;;;12874;9;12878;23;;;12871.0;0.0
yf_MKC_d8;8200;ASH_COATED_OSMIUM;9967;14;9963;22;;;9973;15;9976;20;;;9970.0;0.0
yf_MKC_d8;8200;INTARIAN_PEPPER_ROOT;12866;12;12864;20;;;12872;16;12874;28;;;12869.0;0.0
yf_MKC_d8;8300;ASH_COATED_OSMIUM;9967;6;9964;23;;;9973;8;9977;18;;;9970.0;0.0
yf_MKC_d8;8300;INTARIAN_PEPPER_ROOT;12865;8;12863;22;;;12871;9;12875;21;;;12868.0;0.0
yf_MKC_d8;8400;ASH_COATED_OSMIUM;9966;8;9962;23;;;9974;13;9976;26;;;9970.0;0.0
yf_MKC_d8;8400;INTARIAN_PEPPER_ROOT;12863;20;12860;16;;;12869;10;12873;21;;;12866.0;0.0
yf_MKC_d8;8500;ASH_COATED_OSMIUM;9967;8;9963;24;;;9973;14;9976;15;;;9970.0;0.0
yf_MKC_d8;8500;INTARIAN_PEPPER_ROOT;12861;11;12859;14;;;12867;14;12871;18;;;12864.0;0.0
yf_MKC_d8;8600;ASH_COATED_OSMIUM;9967;5;9963;19;;;9973;8;9976;21;;;9970.0;0.0
yf_MKC_d8;8600;INTARIAN_PEPPER_ROOT;12860;19;12858;23;;;12866;15;12870;11;;;12863.0;0.0
yf_MKC_d8;8700;ASH_COATED_OSMIUM;9968;11;9966;21;;;9974;17;9977;22;;;9971.0;0.0
yf_MKC_d8;8700;INTARIAN_PEPPER_ROOT;12856;17;12853;14;;;12867;17;12871;19;;;12861.5;0.0
yf_MKC_d8;8800;ASH_COATED_OSMIUM;9967;20;9963;17;;;9973;17;9977;20;;;9970.0;0.0
yf_MKC_d8;8800;INTARIAN_PEPPER_ROOT;12851;20;12848;16;;;12868;11;12871;26;;;12859.5;0.0
yf_MKC_d8;8900;ASH_COATED_OSMIUM;9967;10;9964;14;;;9975;5;9979;21;;;9971.0;0.0
yf_MKC_d8;8900;INTARIAN_PEPPER_ROOT;12853;9;12850;17;;;12864;18;12868;20;;;12858.5;0.0
yf_MKC_d8;9000;ASH_COATED_OSMIUM;9968;14;9964;24;;;9974;13;9977;15;;;9971.0;0.0
yf_MKC_d8;9000;INTARIAN_PEPPER_ROOT;12854;13;12851;14;;;12860;14;12864;23;;;12857.0;0.0
yf_MKC_d8;9100;ASH_COATED_OSMIUM;9960;17;9956;15;;;9978;16;9980;16;;;9969.0;0.0
yf_MKC_d8;9100;INTARIAN_PEPPER_ROOT;12849;7;12847;11;;;12860;16;12862;21;;;12854.5;0.0
yf_MKC_d8;9200;ASH_COATED_OSMIUM;9967;13;9964;20;;;9973;14;9975;27;;;9970.0;0.0
yf_MKC_d8;9200;INTARIAN_PEPPER_ROOT;12843;7;12841;20;;;12863;23;12865;15;;;12853.0;0.0
yf_MKC_d8;9300;ASH_COATED_OSMIUM;9967;13;9963;22;;;9973;11;9975;24;;;9970.0;0.0
yf_MKC_d8;9300;INTARIAN_PEPPER_ROOT;12849;17;12846;22;;;12855;17;12859;15;;;12852.0;0.0
yf_MKC_d8;9400;ASH_COATED_OSMIUM;9965;23;9962;16;;;9976;20;9980;15;;;9970.5;0.0
yf_MKC_d8;9400;INTARIAN_PEPPER_ROOT;12848;16;12844;16;;;12854;13;12858;27;;;12851.0;0.0
yf_MKC_d8;9500;ASH_COATED_OSMIUM;9961;14;9958;17;;;9979;19;9983;13;;;9970.0;0.0
yf_MKC_d8;9500;INTARIAN_PEPPER_ROOT;12846;19;12844;17;;;12852;7;12855;23;;;12849.0;0.0
yf_MKC_d8;9600;ASH_COATED_OSMIUM;9963;20;9960;18;;;9976;17;9980;19;;;9969.5;0.0
yf_MKC_d8;9600;INTARIAN_PEPPER_ROOT;12844;19;12842;15;;;12850;15;12854;13;;;12847.0;0.0
yf_MKC_d8;9700;ASH_COATED_OSMIUM;9967;22;9963;25;;;9973;17;9976;20;;;9970.0;0.0
yf_MKC_d8;9700;INTARIAN_PEPPER_ROOT;12842;16;12839;18;;;12848;21;12850;18;;;12845.0;0.0
yf_MKC_d8;9800;ASH_COATED_OSMIUM;9965;13;9962;23;;;9975;16;9979;17;;;9970.0;0.0
yf_MKC_d8;9800;INTARIAN_PEPPER_ROOT;12838;19;12836;20;;;12852;16;12854;16;;;12845.0;0.0
yf_MKC_d8;9900;ASH_COATED_OSMIUM;9967;18;9964;14;;;9973;15;9977;18;;;9970.0;0.0
yf_MKC_d8;9900;INTARIAN_PEPPER_ROOT;12839;13;12837;18;;;12845;9;12848;27;;;12842.0;0.0
yf_MKC_d8;10000;ASH_COATED_OSMIUM;9966;14;9964;20;;;9973;16;9977;29;;;9969.5;0.0
yf_MKC_d8;10000;INTARIAN_PEPPER_ROOT;12834;11;12832;20;;;12848;15;12851;19;;;12841.0;0.0
yf_MKC_d8;10100;ASH_COATED_OSMIUM;9960;22;9958;14;;;9979;13;9982;24;;;9969.5;0.0
yf_MKC_d8;10100;INTARIAN_PEPPER_ROOT;12837;15;12834;26;;;12843;10;12845;21;;;12840.0;0.0
yf_MKC_d8;10200;ASH_COATED_OSMIUM;9967;21;9963;21;;;9973;19;9976;23;;;9970.0;0.0
yf_MKC_d8;10200;INTARIAN_PEPPER_ROOT;12833;9;12831;23;;;12843;10;12846;31;;;12838.0;0.0
yf_MKC_d8;10300;ASH_COATED_OSMIUM;9966;16;9964;20;;;9974;14;9977;17;;;9970.0;0.0
yf_MKC_d8;10300;INTARIAN_PEPPER_ROOT;12830;15;12826;21;;;12842;20;12845;21;;;12836.0;0.0
yf_MKC_d8;10400;ASH_COATED_OSMIUM;9967;11;9964;13;;;9973;11;9976;29;;;9970.0;0.0
yf_MKC_d8;10400;INTARIAN_PEPPER_ROOT;12831;14;12827;22;;;12837;15;12841;16;;;12834.0;0.0
yf_MKC_d8;10500;ASH_COATED_OSMIUM;9967;11;9963;26;;;9973;24;9976;33;;;9970.0;0.0
yf_MKC_d8;10500;INTARIAN_PEPPER_ROOT;12827;17;12825;15;;;12839;17;12841;22;;;12833.0;0.0
yf_MKC_d8;10600;ASH_COATED_OSMIUM;9967;10;9965;17;;;9973;10;9975;13;;;9970.0;0.0
yf_MKC_d8;10600;INTARIAN_PEPPER_ROOT;12828;13;12824;34;;;12835;15;12839;18;;;12831.5;0.0
yf_MKC_d8;10700;ASH_COATED_OSMIUM;9965;13;9962;26;;;9973;13;9977;20;;;9969.0;0.0
yf_MKC_d8;10700;INTARIAN_PEPPER_ROOT;12827;14;12825;19;;;12833;16;12835;19;;;12830.0;0.0
yf_MKC_d8;10800;ASH_COATED_OSMIUM;9966;15;9962;19;;;9972;17;9976;19;;;9969.0;0.0
yf_MKC_d8;10800;INTARIAN_PEPPER_ROOT;12825;17;12823;19;;;12831;14;12835;19;;;12828.0;0.0
yf_MKC_d8;10900;ASH_COATED_OSMIUM;9963;19;9961;22;;;9975;13;9978;28;;;9969.0;0.0
yf_MKC_d8;10900;INTARIAN_PEPPER_ROOT;12806;12;12803;28;;;12847;18;12851;20;;;12826.5;0.0
yf_MKC_d8;11000;ASH_COATED_OSMIUM;9967;9;9965;24;;;9973;14;9975;16;;;9970.0;0.0
yf_MKC_d8;11000;INTARIAN_PEPPER_ROOT;12821;11;12819;16;;;12829;7;12831;14;;;12825.0;0.0
yf_MKC_d8;11100;ASH_COATED_OSMIUM;9967;12;9964;18;;;9973;14;9976;22;;;9970.0;0.0
yf_MKC_d8;11100;INTARIAN_PEPPER_ROOT;12821;12;12819;11;;;12827;7;12831;16;;;12824.0;0.0
yf_MKC_d8;11200;ASH_COATED_OSMIUM;9964;9;9961;26;;;9975;12;9979;9;;;9969.5;0.0
yf_MKC_d8;11200;INTARIAN_PEPPER_ROOT;12819;6;12816;15;;;12825;12;12828;27;;;12822.0;0.0
yf_MKC_d8;11300;ASH_COATED_OSMIUM;9967;16;9965;17;;;9973;10;9975;16;;;9970.0;0.0
yf_MKC_d8;11300;INTARIAN_PEPPER_ROOT;12817;18;12813;13;;;12823;12;12825;13;;;12820.0;0.0
yf_MKC_d8;11400;ASH_COATED_OSMIUM;9966;14;9962;20;;;9975;19;9977;19;;;9970.5;0.0
yf_MKC_d8;11400;INTARIAN_PEPPER_ROOT;12816;20;12813;21;;;12822;7;12826;16;;;12819.0;0.0
yf_MKC_d8;11500;ASH_COATED_OSMIUM;9967;12;9964;13;;;9973;18;9975;23;;;9970.0;0.0
yf_MKC_d8;11500;INTARIAN_PEPPER_ROOT;12815;11;12812;19;;;12821;13;12825;28;;;12818.0;0.0
yf_MKC_d8;11600;ASH_COATED_OSMIUM;9960;22;9957;28;;;9980;13;9982;18;;;9970.0;0.0
yf_MKC_d8;11600;INTARIAN_PEPPER_ROOT;12813;12;12810;27;;;12819;20;12821;14;;;12816.0;0.0
yf_MKC_d8;11700;ASH_COATED_OSMIUM;9967;18;9965;18;;;9973;18;9975;22;;;9970.0;0.0
yf_MKC_d8;11700;INTARIAN_PEPPER_ROOT;12811;15;12809;19;;;12817;22;12820;23;;;12814.0;0.0
yf_MKC_d8;11800;ASH_COATED_OSMIUM;9967;6;9963;18;;;9973;19;9976;20;;;9970.0;0.0
yf_MKC_d8;11800;INTARIAN_PEPPER_ROOT;12809;12;12806;21;;;12815;12;12818;15;;;12812.0;0.0
yf_MKC_d8;11900;ASH_COATED_OSMIUM;9966;12;9962;16;;;9974;10;9978;21;;;9970.0;0.0
yf_MKC_d8;11900;INTARIAN_PEPPER_ROOT;12808;26;12805;15;;;12814;20;12816;19;;;12811.0;0.0
yf_MKC_d8;12000;ASH_COATED_OSMIUM;9967;13;9964;16;;;9973;15;9976;15;;;9970.0;0.0
yf_MKC_d8;12000;INTARIAN_PEPPER_ROOT;12806;7;12804;21;;;12812;12;12816;20;;;12809.0;0.0
yf_MKC_d8;12100;ASH_COATED_OSMIUM;9967;15;9965;21;;;9973;14;9976;17;;;9970.0;0.0
yf_MKC_d8;12100;INTARIAN_PEPPER_ROOT;12795;14;12793;15;;;12820;19;12823;22;;;12807.5;0.0
yf_MKC_d8;12200;ASH_COATED_OSMIUM;9967;20;9965;23;;;9973;14;9975;25;;;9970.0;0.0
yf_MKC_d8;12200;INTARIAN_PEPPER_ROOT;12799;10;12797;16;;;12815;17;12818;23;;;12807.0;0.0
yf_MKC_d8;12300;ASH_COATED_OSMIUM;9967;13;9963;27;;;9973;10;9975;17;;;9970.0;0.0
yf_MKC_d8;12300;INTARIAN_PEPPER_ROOT;12802;22;12800;15;;;12808;19;12810;25;;;12805.0;0.0
yf_MKC_d8;12400;ASH_COATED_OSMIUM;9965;5;9961;25;;;9975;10;9978;18;;;9970.0;0.0
yf_MKC_d8;12400;INTARIAN_PEPPER_ROOT;12800;9;12796;17;;;12806;12;12809;15;;;12803.0;0.0
yf_MKC_d8;12500;ASH_COATED_OSMIUM;9966;18;9962;17;;;9975;24;9977;19;;;9970.5;0.0
yf_MKC_d8;12500;INTARIAN_PEPPER_ROOT;12798;23;12794;15;;;12804;12;12806;16;;;12801.0;0.0
yf_MKC_d8;12600;ASH_COATED_OSMIUM;9967;12;9963;19;;;9973;22;9976;14;;;9970.0;0.0
yf_MKC_d8;12600;INTARIAN_PEPPER_ROOT;12792;12;12788;15;;;12808;11;12812;17;;;12800.0;0.0
yf_MKC_d8;12700;ASH_COATED_OSMIUM;9967;28;9965;19;;;9973;11;9975;23;;;9970.0;0.0
yf_MKC_d8;12700;INTARIAN_PEPPER_ROOT;12795;5;12791;8;;;12801;14;12805;17;;;12798.0;0.0
yf_MKC_d8;12800;ASH_COATED_OSMIUM;9967;15;9965;21;;;9973;12;9977;20;;;9970.0;0.0
yf_MKC_d8;12800;INTARIAN_PEPPER_ROOT;12788;11;12786;18;;;12805;14;12809;23;;;12796.5;0.0
yf_MKC_d8;12900;ASH_COATED_OSMIUM;9967;17;9964;19;;;9973;15;9975;21;;;9970.0;0.0
yf_MKC_d8;12900;INTARIAN_PEPPER_ROOT;12789;15;12785;24;;;12801;21;12804;12;;;12795.0;0.0
yf_MKC_d8;13000;ASH_COATED_OSMIUM;9961;28;9958;23;;;9977;12;9980;22;;;9969.0;0.0
yf_MKC_d8;13000;INTARIAN_PEPPER_ROOT;12790;5;12786;19;;;12796;19;12798;20;;;12793.0;0.0
yf_MKC_d8;13100;ASH_COATED_OSMIUM;9966;13;9964;15;;;9974;15;9977;20;;;9970.0;0.0
yf_MKC_d8;13100;INTARIAN_PEPPER_ROOT;12785;9;12781;15;;;12799;14;12802;9;;;12792.0;0.0
yf_MKC_d8;13200;ASH_COATED_OSMIUM;9967;19;9965;20;;;9973;21;9976;14;;;9970.0;0.0
yf_MKC_d8;13200;INTARIAN_PEPPER_ROOT;12787;16;12784;22;;;12793;22;12797;23;;;12790.0;0.0
yf_MKC_d8;13300;ASH_COATED_OSMIUM;9966;24;9962;22;;;9973;6;9977;12;;;9969.5;0.0
yf_MKC_d8;13300;INTARIAN_PEPPER_ROOT;12785;10;12782;26;;;12791;13;12794;22;;;12788.0;0.0
yf_MKC_d8;13400;ASH_COATED_OSMIUM;9959;5;9955;17;;;9980;10;9984;21;;;9969.5;0.0
yf_MKC_d8;13400;INTARIAN_PEPPER_ROOT;12780;17;12776;25;;;12794;18;12798;15;;;12787.0;0.0
yf_MKC_d8;13500;ASH_COATED_OSMIUM;9962;16;9959;16;;;9976;13;9978;18;;;9969.0;0.0
yf_MKC_d8;13500;INTARIAN_PEPPER_ROOT;12782;18;12780;29;;;12788;23;12790;18;;;12785.0;0.0
yf_MKC_d8;13600;ASH_COATED_OSMIUM;9964;11;9960;22;;;9976;16;9980;18;;;9970.0;0.0
yf_MKC_d8;13600;INTARIAN_PEPPER_ROOT;12781;9;12779;22;;;12787;20;12790;22;;;12784.0;0.0
yf_MKC_d8;13700;ASH_COATED_OSMIUM;9967;20;9965;15;;;9973;16;9977;24;;;9970.0;0.0
yf_MKC_d8;13700;INTARIAN_PEPPER_ROOT;12780;16;12776;17;;;12786;12;12788;26;;;12783.0;0.0
yf_MKC_d8;13800;ASH_COATED_OSMIUM;9967;17;9965;17;;;9973;21;9977;14;;;9970.0;0.0
yf_MKC_d8;13800;INTARIAN_PEPPER_ROOT;12778;22;12775;20;;;12784;9;12788;19;;;12781.0;0.0
yf_MKC_d8;13900;ASH_COATED_OSMIUM;9963;22;9959;15;;;9976;8;9978;15;;;9969.5;0.0
yf_MKC_d8;13900;INTARIAN_PEPPER_ROOT;12776;13;12773;14;;;12782;24;12784;13;;;12779.0;0.0
yf_MKC_d8;14000;ASH_COATED_OSMIUM;9967;12;9963;9;;;9973;14;9976;14;;;9970.0;0.0
yf_MKC_d8;14000;INTARIAN_PEPPER_ROOT;12774;19;12770;12;;;12780;14;12783;19;;;12777.0;0.0
yf_MKC_d8;14100;ASH_COATED_OSMIUM;9967;10;9965;20;;;9973;6;9976;15;;;9970.0;0.0
yf_MKC_d8;14100;INTARIAN_PEPPER_ROOT;12769;22;12767;19;;;12784;6;12786;24;;;12776.5;0.0
yf_MKC_d8;14200;ASH_COATED_OSMIUM;9966;20;9962;23;;;9973;11;9977;19;;;9969.5;0.0
yf_MKC_d8;14200;INTARIAN_PEPPER_ROOT;12770;10;12766;20;;;12779;14;12782;15;;;12774.5;0.0
yf_MKC_d8;14300;ASH_COATED_OSMIUM;9967;7;9964;22;;;9973;18;9976;18;;;9970.0;0.0
yf_MKC_d8;14300;INTARIAN_PEPPER_ROOT;12765;21;12762;22;;;12780;22;12784;15;;;12772.5;0.0
yf_MKC_d8;14400;ASH_COATED_OSMIUM;9962;20;9960;14;;;9977;9;9981;26;;;9969.5;0.0
yf_MKC_d8;14400;INTARIAN_PEPPER_ROOT;12768;11;12766;24;;;12774;12;12778;18;;;12771.0;0.0
yf_MKC_d8;14500;ASH_COATED_OSMIUM;9964;18;9962;18;;;9977;18;9980;24;;;9970.5;0.0
yf_MKC_d8;14500;INTARIAN_PEPPER_ROOT;12766;10;12762;16;;;12772;7;12775;17;;;12769.0;0.0
yf_MKC_d8;14600;ASH_COATED_OSMIUM;9961;20;9957;20;;;9979;17;9981;28;;;9970.0;0.0
yf_MKC_d8;14600;INTARIAN_PEPPER_ROOT;12757;13;12755;21;;;12779;24;12782;18;;;12768.0;0.0
yf_MKC_d8;14700;ASH_COATED_OSMIUM;9964;12;9960;25;;;9975;13;9977;10;;;9969.5;0.0
yf_MKC_d8;14700;INTARIAN_PEPPER_ROOT;12763;12;12761;29;;;12769;15;12773;17;;;12766.0;0.0
yf_MKC_d8;14800;ASH_COATED_OSMIUM;9963;12;9960;24;;;9977;19;9980;20;;;9970.0;0.0
yf_MKC_d8;14800;INTARIAN_PEPPER_ROOT;12762;15;12760;26;;;12768;18;12772;34;;;12765.0;0.0
yf_MKC_d8;14900;ASH_COATED_OSMIUM;9962;17;9959;14;;;9977;19;9981;27;;;9969.5;0.0
yf_MKC_d8;14900;INTARIAN_PEPPER_ROOT;12760;21;12757;23;;;12768;5;12772;17;;;12764.0;0.0
yf_MKC_d8;15000;ASH_COATED_OSMIUM;9964;8;9962;25;;;9975;16;9979;25;;;9969.5;0.0
yf_MKC_d8;15000;INTARIAN_PEPPER_ROOT;12759;15;12757;18;;;12765;14;12768;20;;;12762.0;0.0
yf_MKC_d8;15100;ASH_COATED_OSMIUM;9967;21;9963;15;;;9973;5;9977;19;;;9970.0;0.0
yf_MKC_d8;15100;INTARIAN_PEPPER_ROOT;12757;18;12754;24;;;12763;23;12765;19;;;12760.0;0.0
yf_MKC_d8;15200;ASH_COATED_OSMIUM;9967;24;9965;21;;;9973;12;9976;14;;;9970.0;0.0
yf_MKC_d8;15200;INTARIAN_PEPPER_ROOT;12755;25;12751;17;;;12761;11;12763;24;;;12758.0;0.0
yf_MKC_d8;15300;ASH_COATED_OSMIUM;9966;18;9964;23;;;9972;16;9974;17;;;9969.0;0.0
yf_MKC_d8;15300;INTARIAN_PEPPER_ROOT;12754;22;12750;21;;;12760;25;12762;18;;;12757.0;0.0
yf_MKC_d8;15400;ASH_COATED_OSMIUM;9966;5;9962;25;;;9974;20;9978;18;;;9970.0;0.0
yf_MKC_d8;15400;INTARIAN_PEPPER_ROOT;12751;15;12747;20;;;12759;17;12762;20;;;12755.0;0.0
yf_MKC_d8;15500;ASH_COATED_OSMIUM;9966;9;9962;25;;;9972;13;9974;21;;;9969.0;0.0
yf_MKC_d8;15500;INTARIAN_PEPPER_ROOT;12750;9;12747;25;;;12756;19;12760;23;;;12753.0;0.0
yf_MKC_d8;15600;ASH_COATED_OSMIUM;9966;11;9963;17;;;9972;11;9976;11;;;9969.0;0.0
yf_MKC_d8;15600;INTARIAN_PEPPER_ROOT;12741;20;12739;16;;;12763;20;12766;18;;;12752.0;0.0
yf_MKC_d8;15700;ASH_COATED_OSMIUM;9965;14;9961;18;;;9975;15;9978;19;;;9970.0;0.0
yf_MKC_d8;15700;INTARIAN_PEPPER_ROOT;12747;22;12743;19;;;12753;15;12757;9;;;12750.0;0.0
yf_MKC_d8;15800;ASH_COATED_OSMIUM;9966;10;9963;16;;;9972;14;9975;21;;;9969.0;0.0
yf_MKC_d8;15800;INTARIAN_PEPPER_ROOT;12746;9;12742;17;;;12752;7;12754;21;;;12749.0;0.0
yf_MKC_d8;15900;ASH_COATED_OSMIUM;9966;14;9964;18;;;9972;23;9976;24;;;9969.0;0.0
yf_MKC_d8;15900;INTARIAN_PEPPER_ROOT;12724;10;12721;19;;;12770;17;12773;28;;;12747.0;0.0
yf_MKC_d8;16000;ASH_COATED_OSMIUM;9966;18;9963;18;;;9972;8;9975;25;;;9969.0;0.0
yf_MKC_d8;16000;INTARIAN_PEPPER_ROOT;12736;14;12734;21;;;12754;14;12758;19;;;12745.0;0.0
yf_MKC_d8;16100;ASH_COATED_OSMIUM;9966;5;9964;23;;;9972;22;9974;23;;;9969.0;0.0
yf_MKC_d8;16100;INTARIAN_PEPPER_ROOT;12742;21;12740;24;;;12748;5;12750;15;;;12745.0;0.0
yf_MKC_d8;16200;ASH_COATED_OSMIUM;9966;21;9962;15;;;9972;18;9976;15;;;9969.0;0.0
yf_MKC_d8;16200;INTARIAN_PEPPER_ROOT;12738;13;12736;27;;;12749;16;12752;19;;;12743.5;0.0
yf_MKC_d8;16300;ASH_COATED_OSMIUM;9967;19;9963;26;;;9973;17;9977;18;;;9970.0;0.0
yf_MKC_d8;16300;INTARIAN_PEPPER_ROOT;12737;20;12733;15;;;12745;19;12748;26;;;12741.0;0.0
yf_MKC_d8;16400;ASH_COATED_OSMIUM;9967;8;9963;15;;;9973;17;9976;16;;;9970.0;0.0
yf_MKC_d8;16400;INTARIAN_PEPPER_ROOT;12737;9;12735;13;;;12743;24;12747;20;;;12740.0;0.0
yf_MKC_d8;16500;ASH_COATED_OSMIUM;9966;14;9962;8;;;9972;19;9976;10;;;9969.0;0.0
yf_MKC_d8;16500;INTARIAN_PEPPER_ROOT;12735;22;12731;22;;;12741;12;12744;27;;;12738.0;0.0
yf_MKC_d8;16600;ASH_COATED_OSMIUM;9966;11;9964;21;;;9972;18;9975;25;;;9969.0;0.0
yf_MKC_d8;16600;INTARIAN_PEPPER_ROOT;12734;15;12732;23;;;12740;18;12742;33;;;12737.0;0.0
yf_MKC_d8;16700;ASH_COATED_OSMIUM;9964;17;9960;19;;;9975;9;9979;22;;;9969.5;0.0
yf_MKC_d8;16700;INTARIAN_PEPPER_ROOT;12732;15;12730;25;;;12738;14;12741;20;;;12735.0;0.0
yf_MKC_d8;16800;ASH_COATED_OSMIUM;9966;18;9963;15;;;9972;18;9975;19;;;9969.0;0.0
yf_MKC_d8;16800;INTARIAN_PEPPER_ROOT;12731;16;12727;20;;;12737;18;12740;23;;;12734.0;0.0
yf_MKC_d8;16900;ASH_COATED_OSMIUM;9966;13;9962;18;;;9972;18;9975;22;;;9969.0;0.0
yf_MKC_d8;16900;INTARIAN_PEPPER_ROOT;12724;19;12720;16;;;12740;13;12743;23;;;12732.0;0.0
yf_MKC_d8;17000;ASH_COATED_OSMIUM;9966;15;9964;22;;;9972;18;9976;16;;;9969.0;0.0
yf_MKC_d8;17000;INTARIAN_PEPPER_ROOT;12727;13;12725;26;;;12733;7;12737;24;;;12730.0;0.0
yf_MKC_d8;17100;ASH_COATED_OSMIUM;9966;15;9963;16;;;9972;18;9975;20;;;9969.0;0.0
yf_MKC_d8;17100;INTARIAN_PEPPER_ROOT;12723;14;12720;18;;;12736;14;12738;28;;;12729.5;0.0
yf_MKC_d8;17200;ASH_COATED_OSMIUM;9966;14;9962;19;;;9972;26;9974;18;;;9969.0;0.0
yf_MKC_d8;17200;INTARIAN_PEPPER_ROOT;12726;12;12723;34;;;12732;15;12735;8;;;12729.0;0.0
yf_MKC_d8;17300;ASH_COATED_OSMIUM;9964;12;9962;25;;;9975;16;9978;14;;;9969.5;0.0
yf_MKC_d8;17300;INTARIAN_PEPPER_ROOT;12724;17;12721;13;;;12732;17;12735;24;;;12728.0;0.0
yf_MKC_d8;17400;ASH_COATED_OSMIUM;9966;14;9962;13;;;9972;17;9975;26;;;9969.0;0.0
yf_MKC_d8;17400;INTARIAN_PEPPER_ROOT;12725;12;12723;19;;;12731;6;12734;19;;;12728.0;0.0
yf_MKC_d8;17500;ASH_COATED_OSMIUM;9966;22;9964;29;;;9972;14;9974;28;;;9969.0;0.0
yf_MKC_d8;17500;INTARIAN_PEPPER_ROOT;12724;18;12722;33;;;12730;16;12732;22;;;12727.0;0.0
yf_MKC_d8;17600;ASH_COATED_OSMIUM;9954;9;9950;12;;;9985;9;9989;16;;;9969.5;0.0
yf_MKC_d8;17600;INTARIAN_PEPPER_ROOT;12722;5;12719;17;;;12730;7;12734;10;;;12726.0;0.0
yf_MKC_d8;17700;ASH_COATED_OSMIUM;9967;13;9964;8;;;9973;15;9976;24;;;9970.0;0.0
yf_MKC_d8;17700;INTARIAN_PEPPER_ROOT;12722;20;12720;19;;;12728;16;12731;24;;;12725.0;0.0
yf_MKC_d8;17800;ASH_COATED_OSMIUM;9968;13;9965;16;;;9974;17;9977;22;;;9971.0;0.0
yf_MKC_d8;17800;INTARIAN_PEPPER_ROOT;12717;11;12713;26;;;12732;14;12736;8;;;12724.5;0.0
yf_MKC_d8;17900;ASH_COATED_OSMIUM;9967;13;9963;26;;;9973;11;9976;23;;;9970.0;0.0
yf_MKC_d8;17900;INTARIAN_PEPPER_ROOT;12720;19;12717;17;;;12728;11;12731;19;;;12724.0;0.0
yf_MKC_d8;18000;ASH_COATED_OSMIUM;9961;15;9957;12;;;9979;14;9983;13;;;9970.0;0.0
yf_MKC_d8;18000;INTARIAN_PEPPER_ROOT;12716;11;12713;13;;;12730;10;12734;14;;;12723.0;0.0
yf_MKC_d8;18100;ASH_COATED_OSMIUM;9967;14;9964;18;;;9973;16;9976;26;;;9970.0;0.0
yf_MKC_d8;18100;INTARIAN_PEPPER_ROOT;12719;15;12716;16;;;12725;13;12728;10;;;12722.0;0.0
yf_MKC_d8;18200;ASH_COATED_OSMIUM;9960;17;9957;27;;;9980;13;9984;25;;;9970.0;0.0
yf_MKC_d8;18200;INTARIAN_PEPPER_ROOT;12717;17;12715;22;;;12726;10;12729;19;;;12721.5;0.0
yf_MKC_d8;18300;ASH_COATED_OSMIUM;9967;23;9965;23;;;9973;12;9975;20;;;9970.0;0.0
yf_MKC_d8;18300;INTARIAN_PEPPER_ROOT;12712;17;12709;17;;;12728;18;12732;11;;;12720.0;0.0
yf_MKC_d8;18400;ASH_COATED_OSMIUM;9967;5;9963;17;;;9973;13;9977;21;;;9970.0;0.0
yf_MKC_d8;18400;INTARIAN_PEPPER_ROOT;12717;19;12715;19;;;12723;21;12727;30;;;12720.0;0.0
yf_MKC_d8;18500;ASH_COATED_OSMIUM;9967;5;9963;27;;;9973;18;9975;23;;;9970.0;0.0
yf_MKC_d8;18500;INTARIAN_PEPPER_ROOT;12716;21;12712;20;;;12722;15;12726;19;;;12719.0;0.0
yf_MKC_d8;18600;ASH_COATED_OSMIUM;9967;26;9965;23;;;9975;18;9978;22;;;9971.0;0.0
yf_MKC_d8;18600;INTARIAN_PEPPER_ROOT;12704;8;12702;21;;;12733;21;12737;22;;;12718.5;0.0
yf_MKC_d8;18700;ASH_COATED_OSMIUM;9962;21;9959;23;;;9978;12;9981;15;;;9970.0;0.0
yf_MKC_d8;18700;INTARIAN_PEPPER_ROOT;12715;21;12711;16;;;12721;11;12725;16;;;12718.0;0.0
yf_MKC_d8;18800;ASH_COATED_OSMIUM;9967;7;9963;25;;;9973;15;9975;18;;;9970.0;0.0
yf_MKC_d8;18800;INTARIAN_PEPPER_ROOT;12708;5;12705;13;;;12727;21;12729;30;;;12717.5;0.0
yf_MKC_d8;18900;ASH_COATED_OSMIUM;9967;18;9963;23;;;9973;11;9976;27;;;9970.0;0.0
yf_MKC_d8;18900;INTARIAN_PEPPER_ROOT;12713;25;12709;28;;;12720;7;12724;24;;;12716.5;0.0
yf_MKC_d8;19000;ASH_COATED_OSMIUM;9967;13;9963;21;;;9973;13;9975;16;;;9970.0;0.0
yf_MKC_d8;19000;INTARIAN_PEPPER_ROOT;12713;9;12710;19;;;12719;10;12721;20;;;12716.0;0.0
yf_MKC_d8;19100;ASH_COATED_OSMIUM;9967;13;9964;12;;;9973;7;9975;29;;;9970.0;0.0
yf_MKC_d8;19100;INTARIAN_PEPPER_ROOT;12711;16;12709;14;;;12717;19;12720;31;;;12714.0;0.0
yf_MKC_d8;19200;ASH_COATED_OSMIUM;9968;27;9966;23;;;9974;7;9978;19;;;9971.0;0.0
yf_MKC_d8;19200;INTARIAN_PEPPER_ROOT;12711;21;12708;10;;;12717;15;12719;18;;;12714.0;0.0
yf_MKC_d8;19300;ASH_COATED_OSMIUM;9967;12;9964;22;;;9973;23;9975;19;;;9970.0;0.0
yf_MKC_d8;19300;INTARIAN_PEPPER_ROOT;12710;12;12707;27;;;12718;19;12720;21;;;12714.0;0.0
yf_MKC_d8;19400;ASH_COATED_OSMIUM;9968;7;9966;18;;;9974;19;9976;21;;;9971.0;0.0
yf_MKC_d8;19400;INTARIAN_PEPPER_ROOT;12709;18;12707;22;;;12715;6;12718;18;;;12712.0;0.0
yf_MKC_d8;19500;ASH_COATED_OSMIUM;9967;17;9963;18;;;9973;20;9977;26;;;9970.0;0.0
yf_MKC_d8;19500;INTARIAN_PEPPER_ROOT;12708;8;12705;19;;;12714;14;12718;17;;;12711.0;0.0
yf_MKC_d8;19600;ASH_COATED_OSMIUM;9964;14;9962;22;;;9976;12;9979;16;;;9970.0;0.0
yf_MKC_d8;19600;INTARIAN_PEPPER_ROOT;12708;19;12704;16;;;12714;14;12717;22;;;12711.0;0.0
yf_MKC_d8;19700;ASH_COATED_OSMIUM;9966;16;9964;16;;;9976;13;9978;19;;;9971.0;0.0
yf_MKC_d8;19700;INTARIAN_PEPPER_ROOT;12708;15;12706;16;;;12714;24;12717;19;;;12711.0;0.0
yf_MKC_d8;19800;ASH_COATED_OSMIUM;9968;14;9965;25;;;9974;17;9976;18;;;9971.0;0.0
yf_MKC_d8;19800;INTARIAN_PEPPER_ROOT;12707;10;12704;18;;;12713;15;12716;23;;;12710.0;0.0
yf_MKC_d8;19900;ASH_COATED_OSMIUM;9968;10;9965;12;;;9974;5;9978;20;;;9971.0;0.0
yf_MKC_d8;19900;INTARIAN_PEPPER_ROOT;12700;18;12698;14;;;12718;9;12722;23;;;12709.0;0.0
yf_MKC_d8;20000;ASH_COATED_OSMIUM;9968;19;9965;24;;;9974;20;9977;23;;;9971.0;0.0
yf_MKC_d8;20000;INTARIAN_PEPPER_ROOT;12705;5;12702;18;;;12711;17;12714;18;;;12708.0;0.0
yf_MKC_d8;20100;ASH_COATED_OSMIUM;9967;16;9964;23;;;9973;15;9976;23;;;9970.0;0.0
yf_MKC_d8;20100;INTARIAN_PEPPER_ROOT;12705;9;12701;14;;;12711;9;12713;15;;;12708.0;0.0
yf_MKC_d8;20200;ASH_COATED_OSMIUM;9968;12;9965;20;;;9974;5;9978;17;;;9971.0;0.0
yf_MKC_d8;20200;INTARIAN_PEPPER_ROOT;12704;15;12700;29;;;12710;14;12712;18;;;12707.0;0.0
yf_MKC_d8;20300;ASH_COATED_OSMIUM;9968;12;9966;19;;;9974;13;9976;22;;;9971.0;0.0
yf_MKC_d8;20300;INTARIAN_PEPPER_ROOT;12703;11;12699;18;;;12709;9;12711;20;;;12706.0;0.0
yf_MKC_d8;20400;ASH_COATED_OSMIUM;9968;16;9964;8;;;9974;18;9977;14;;;9971.0;0.0
yf_MKC_d8;20400;INTARIAN_PEPPER_ROOT;12702;12;12698;14;;;12709;17;12711;20;;;12705.5;0.0
yf_MKC_d8;20500;ASH_COATED_OSMIUM;9968;11;9965;17;;;9974;13;9977;16;;;9971.0;0.0
yf_MKC_d8;20500;INTARIAN_PEPPER_ROOT;12702;8;12699;19;;;12708;23;12711;19;;;12705.0;0.0
yf_MKC_d8;20600;ASH_COATED_OSMIUM;9966;19;9963;18;;;9976;11;9980;19;;;9971.0;0.0
yf_MKC_d8;20600;INTARIAN_PEPPER_ROOT;12700;23;12697;20;;;12708;11;12710;20;;;12704.0;0.0
yf_MKC_d8;20700;ASH_COATED_OSMIUM;9968;12;9966;22;;;9974;16;9977;22;;;9971.0;0.0
yf_MKC_d8;20700;INTARIAN_PEPPER_ROOT;12700;13;12697;27;;;12706;16;12708;10;;;12703.0;0.0
yf_MKC_d8;20800;ASH_COATED_OSMIUM;9965;12;9962;22;;;9979;17;9983;29;;;9972.0;0.0
yf_MKC_d8;20800;INTARIAN_PEPPER_ROOT;12699;21;12695;17;;;12705;12;12707;13;;;12702.0;0.0
yf_MKC_d8;20900;ASH_COATED_OSMIUM;9963;14;9959;32;;;9978;8;9982;15;;;9970.5;0.0
yf_MKC_d8;20900;INTARIAN_PEPPER_ROOT;12696;19;12692;14;;;12707;13;12710;17;;;12701.5;0.0
yf_MKC_d8;21000;ASH_COATED_OSMIUM;9969;15;9967;21;;;9975;13;9978;13;;;9972.0;0.0
yf_MKC_d8;21000;INTARIAN_PEPPER_ROOT;12698;12;12695;25;;;12704;16;12707;12;;;12701.0;0.0
yf_MKC_d8;21100;ASH_COATED_OSMIUM;9969;15;9967;20;;;9975;11;9979;19;;;9972.0;0.0
yf_MKC_d8;21100;INTARIAN_PEPPER_ROOT;12694;14;12692;23;;;12706;11;12709;20;;;12700.0;0.0
yf_MKC_d8;21200;ASH_COATED_OSMIUM;9961;15;9958;11;;;9983;9;9985;22;;;9972.0;0.0
yf_MKC_d8;21200;INTARIAN_PEPPER_ROOT;12686;16;12683;16;;;12712;10;12715;19;;;12699.0;0.0
yf_MKC_d8;21300;ASH_COATED_OSMIUM;9965;17;9963;17;;;9978;14;9981;19;;;9971.5;0.0
yf_MKC_d8;21300;INTARIAN_PEPPER_ROOT;12684;17;12682;14;;;12713;10;12717;16;;;12698.5;0.0
yf_MKC_d8;21400;ASH_COATED_OSMIUM;9969;16;9966;20;;;9975;17;9977;18;;;9972.0;0.0
yf_MKC_d8;21400;INTARIAN_PEPPER_ROOT;12694;13;12692;17;;;12700;14;12702;9;;;12697.0;0.0
yf_MKC_d8;21500;ASH_COATED_OSMIUM;9962;13;9960;12;;;9980;16;9982;21;;;9971.0;0.0
yf_MKC_d8;21500;INTARIAN_PEPPER_ROOT;12694;8;12692;19;;;12700;18;12703;20;;;12697.0;0.0
yf_MKC_d8;21600;ASH_COATED_OSMIUM;9968;9;9965;26;;;9975;13;9979;18;;;9971.5;0.0
yf_MKC_d8;21600;INTARIAN_PEPPER_ROOT;12693;28;12691;26;;;12699;5;12703;26;;;12696.0;0.0
yf_MKC_d8;21700;ASH_COATED_OSMIUM;9969;14;9965;17;;;9975;23;9978;15;;;9972.0;0.0
yf_MKC_d8;21700;INTARIAN_PEPPER_ROOT;12693;24;12691;19;;;12699;17;12703;8;;;12696.0;0.0
yf_MKC_d8;21800;ASH_COATED_OSMIUM;9969;15;9966;22;;;9975;16;9977;18;;;9972.0;0.0
yf_MKC_d8;21800;INTARIAN_PEPPER_ROOT;12692;12;12690;24;;;12698;23;12701;20;;;12695.0;0.0
yf_MKC_d8;21900;ASH_COATED_OSMIUM;9961;9;9959;24;;;9983;20;9986;24;;;9972.0;0.0
yf_MKC_d8;21900;INTARIAN_PEPPER_ROOT;12690;10;12686;18;;;12696;16;12700;21;;;12693.0;0.0
yf_MKC_d8;22000;ASH_COATED_OSMIUM;9969;16;9967;24;;;9975;11;9979;17;;;9972.0;0.0
yf_MKC_d8;22000;INTARIAN_PEPPER_ROOT;12686;18;12683;23;;;12701;19;12703;19;;;12693.5;0.0
yf_MKC_d8;22100;ASH_COATED_OSMIUM;9969;22;9966;20;;;9976;18;9978;21;;;9972.5;0.0
yf_MKC_d8;22100;INTARIAN_PEPPER_ROOT;12690;16;12688;19;;;12696;15;12699;19;;;12693.0;0.0
yf_MKC_d8;22200;ASH_COATED_OSMIUM;9969;17;9967;9;;;9975;12;9979;18;;;9972.0;0.0
yf_MKC_d8;22200;INTARIAN_PEPPER_ROOT;12690;13;12688;27;;;12696;18;12698;18;;;12693.0;0.0
yf_MKC_d8;22300;ASH_COATED_OSMIUM;9965;18;9961;22;;;9978;16;9982;20;;;9971.5;0.0
yf_MKC_d8;22300;INTARIAN_PEPPER_ROOT;12688;8;12685;19;;;12694;5;12696;19;;;12691.0;0.0
yf_MKC_d8;22400;ASH_COATED_OSMIUM;9969;17;9967;18;;;9976;10;9979;19;;;9972.5;0.0
yf_MKC_d8;22400;INTARIAN_PEPPER_ROOT;12681;15;12679;17;;;12700;23;12703;20;;;12690.5;0.0
yf_MKC_d8;22500;ASH_COATED_OSMIUM;9969;20;9967;19;;;9975;18;9979;23;;;9972.0;0.0
yf_MKC_d8;22500;INTARIAN_PEPPER_ROOT;12684;7;12681;21;;;12695;12;12698;19;;;12689.5;0.0
yf_MKC_d8;22600;ASH_COATED_OSMIUM;9967;10;9963;27;;;9977;28;9980;21;;;9972.0;0.0
yf_MKC_d8;22600;INTARIAN_PEPPER_ROOT;12686;18;12683;21;;;12692;14;12696;24;;;12689.0;0.0
yf_MKC_d8;22700;ASH_COATED_OSMIUM;9969;9;9967;14;;;9975;13;9978;23;;;9972.0;0.0
yf_MKC_d8;22700;INTARIAN_PEPPER_ROOT;12685;15;12682;20;;;12691;19;12695;23;;;12688.0;0.0
yf_MKC_d8;22800;ASH_COATED_OSMIUM;9966;14;9963;25;;;9978;14;9981;30;;;9972.0;0.0
yf_MKC_d8;22800;INTARIAN_PEPPER_ROOT;12682;15;12678;22;;;12691;25;12693;18;;;12686.5;0.0
yf_MKC_d8;22900;ASH_COATED_OSMIUM;9970;8;9966;18;;;9976;6;9980;13;;;9973.0;0.0
yf_MKC_d8;22900;INTARIAN_PEPPER_ROOT;12680;23;12678;16;;;12694;25;12697;21;;;12687.0;0.0
yf_MKC_d8;23000;ASH_COATED_OSMIUM;9961;7;9958;23;;;9983;19;9985;15;;;9972.0;0.0
yf_MKC_d8;23000;INTARIAN_PEPPER_ROOT;12682;13;12678;22;;;12689;14;12691;21;;;12685.5;0.0
yf_MKC_d8;23100;ASH_COATED_OSMIUM;9970;14;9968;30;;;9976;18;9980;13;;;9973.0;0.0
yf_MKC_d8;23100;INTARIAN_PEPPER_ROOT;12682;5;12678;17;;;12689;16;12693;20;;;12685.5;0.0
yf_MKC_d8;23200;ASH_COATED_OSMIUM;9969;9;9967;24;;;9975;21;9978;18;;;9972.0;0.0
yf_MKC_d8;23200;INTARIAN_PEPPER_ROOT;12681;8;12678;13;;;12687;12;12690;11;;;12684.0;0.0
yf_MKC_d8;23300;ASH_COATED_OSMIUM;9970;22;9967;18;;;9976;12;9978;11;;;9973.0;0.0
yf_MKC_d8;23300;INTARIAN_PEPPER_ROOT;12680;19;12677;19;;;12686;9;12688;27;;;12683.0;0.0
yf_MKC_d8;23400;ASH_COATED_OSMIUM;9968;18;9964;23;;;9976;5;9979;14;;;9972.0;0.0
yf_MKC_d8;23400;INTARIAN_PEPPER_ROOT;12673;21;12671;26;;;12692;16;12696;25;;;12682.5;0.0
yf_MKC_d8;23500;ASH_COATED_OSMIUM;9970;15;9967;19;;;9976;12;9978;18;;;9973.0;0.0
yf_MKC_d8;23500;INTARIAN_PEPPER_ROOT;12669;15;12667;26;;;12695;7;12699;16;;;12682.0;0.0
yf_MKC_d8;23600;ASH_COATED_OSMIUM;9970;13;9968;22;;;9976;6;9979;21;;;9973.0;0.0
yf_MKC_d8;23600;INTARIAN_PEPPER_ROOT;12677;24;12675;18;;;12685;10;12687;26;;;12681.0;0.0
yf_MKC_d8;23700;ASH_COATED_OSMIUM;9970;20;9966;23;;;9976;11;9979;29;;;9973.0;0.0
yf_MKC_d8;23700;INTARIAN_PEPPER_ROOT;12677;28;12673;14;;;12686;5;12690;12;;;12681.5;0.0
yf_MKC_d8;23800;ASH_COATED_OSMIUM;9970;20;9966;19;;;9976;15;9979;23;;;9973.0;0.0
yf_MKC_d8;23800;INTARIAN_PEPPER_ROOT;12675;19;12671;11;;;12685;16;12689;24;;;12680.0;0.0
yf_MKC_d8;23900;ASH_COATED_OSMIUM;9968;10;9965;25;;;9977;10;9979;14;;;9972.5;0.0
yf_MKC_d8;23900;INTARIAN_PEPPER_ROOT;12676;10;12672;19;;;12682;12;12684;21;;;12679.0;0.0
yf_MKC_d8;24000;ASH_COATED_OSMIUM;9970;16;9968;18;;;9976;18;9980;15;;;9973.0;0.0
yf_MKC_d8;24000;INTARIAN_PEPPER_ROOT;12676;19;12673;22;;;12682;21;12686;22;;;12679.0;0.0
yf_MKC_d8;24100;ASH_COATED_OSMIUM;9970;16;9968;19;;;9976;18;9979;19;;;9973.0;0.0
yf_MKC_d8;24100;INTARIAN_PEPPER_ROOT;12675;14;12671;31;;;12681;9;12685;17;;;12678.0;0.0
yf_MKC_d8;24200;ASH_COATED_OSMIUM;9969;13;9966;21;;;9977;10;9979;14;;;9973.0;0.0
yf_MKC_d8;24200;INTARIAN_PEPPER_ROOT;12674;5;12672;15;;;12680;20;12684;28;;;12677.0;0.0
yf_MKC_d8;24300;ASH_COATED_OSMIUM;9970;12;9967;17;;;9976;13;9980;27;;;9973.0;0.0
yf_MKC_d8;24300;INTARIAN_PEPPER_ROOT;12672;24;12669;22;;;12681;14;12685;21;;;12676.5;0.0
yf_MKC_d8;24400;ASH_COATED_OSMIUM;9970;17;9967;21;;;9976;10;9980;20;;;9973.0;0.0
yf_MKC_d8;24400;INTARIAN_PEPPER_ROOT;12668;5;12666;10;;;12684;21;12688;21;;;12676.0;0.0
yf_MKC_d8;24500;ASH_COATED_OSMIUM;9970;11;9968;19;;;9976;12;9978;20;;;9973.0;0.0
yf_MKC_d8;24500;INTARIAN_PEPPER_ROOT;12664;8;12662;13;;;12685;7;12688;18;;;12674.5;0.0
yf_MKC_d8;24600;ASH_COATED_OSMIUM;9970;18;9966;14;;;9976;28;9980;17;;;9973.0;0.0
yf_MKC_d8;24600;INTARIAN_PEPPER_ROOT;12669;21;12666;26;;;12679;16;12683;19;;;12674.0;0.0
yf_MKC_d8;24700;ASH_COATED_OSMIUM;9966;23;9964;23;;;9980;15;9984;17;;;9973.0;0.0
yf_MKC_d8;24700;INTARIAN_PEPPER_ROOT;12670;11;12666;23;;;12677;19;12680;21;;;12673.5;0.0
yf_MKC_d8;24800;ASH_COATED_OSMIUM;9970;15;9968;23;;;9976;18;9978;21;;;9973.0;0.0
yf_MKC_d8;24800;INTARIAN_PEPPER_ROOT;12669;17;12667;22;;;12676;19;12680;15;;;12672.5;0.0
yf_MKC_d8;24900;ASH_COATED_OSMIUM;9971;20;9969;12;;;9977;18;9981;22;;;9974.0;0.0
yf_MKC_d8;24900;INTARIAN_PEPPER_ROOT;12669;18;12665;16;;;12675;19;12678;24;;;12672.0;0.0
yf_MKC_d8;25000;ASH_COATED_OSMIUM;9970;19;9968;20;;;9976;10;9980;16;;;9973.0;0.0
yf_MKC_d8;25000;INTARIAN_PEPPER_ROOT;12655;22;12651;17;;;12686;17;12688;14;;;12670.5;0.0
yf_MKC_d8;25100;ASH_COATED_OSMIUM;9964;19;9962;12;;;9984;17;9987;24;;;9974.0;0.0
yf_MKC_d8;25100;INTARIAN_PEPPER_ROOT;12665;16;12663;14;;;12675;13;12678;24;;;12670.0;0.0
yf_MKC_d8;25200;ASH_COATED_OSMIUM;9970;16;9968;28;;;9976;23;9978;18;;;9973.0;0.0
yf_MKC_d8;25200;INTARIAN_PEPPER_ROOT;12659;10;12657;18;;;12679;8;12682;22;;;12669.0;0.0
yf_MKC_d8;25300;ASH_COATED_OSMIUM;9971;10;9969;15;;;9977;8;9981;23;;;9974.0;0.0
yf_MKC_d8;25300;INTARIAN_PEPPER_ROOT;12661;10;12658;20;;;12676;12;12678;19;;;12668.5;0.0
yf_MKC_d8;25400;ASH_COATED_OSMIUM;9971;21;9968;23;;;9977;5;9980;24;;;9974.0;0.0
yf_MKC_d8;25400;INTARIAN_PEPPER_ROOT;12637;20;12633;10;;;12700;12;12704;24;;;12668.5;0.0
yf_MKC_d8;25500;ASH_COATED_OSMIUM;9966;12;9963;17;;;9981;18;9984;24;;;9973.5;0.0
yf_MKC_d8;25500;INTARIAN_PEPPER_ROOT;12664;7;12662;19;;;12670;19;12672;25;;;12667.0;0.0
yf_MKC_d8;25600;ASH_COATED_OSMIUM;9971;16;9967;17;;;9977;11;9980;14;;;9974.0;0.0
yf_MKC_d8;25600;INTARIAN_PEPPER_ROOT;12663;7;12660;17;;;12669;14;12673;22;;;12666.0;0.0
yf_MKC_d8;25700;ASH_COATED_OSMIUM;9968;22;9965;26;;;9979;16;9981;18;;;9973.5;0.0
yf_MKC_d8;25700;INTARIAN_PEPPER_ROOT;12663;12;12660;16;;;12669;14;12673;13;;;12666.0;0.0
yf_MKC_d8;25800;ASH_COATED_OSMIUM;9971;24;9967;32;;;9977;10;9981;19;;;9974.0;0.0
yf_MKC_d8;25800;INTARIAN_PEPPER_ROOT;12662;14;12660;24;;;12668;9;12671;27;;;12665.0;0.0
yf_MKC_d8;25900;ASH_COATED_OSMIUM;9971;14;9968;20;;;9977;7;9980;22;;;9974.0;0.0
yf_MKC_d8;25900;INTARIAN_PEPPER_ROOT;12662;6;12660;24;;;12668;7;12672;23;;;12665.0;0.0
yf_MKC_d8;26000;ASH_COATED_OSMIUM;9971;7;9969;23;;;9977;19;9979;19;;;9974.0;0.0
yf_MKC_d8;26000;INTARIAN_PEPPER_ROOT;12661;13;12657;18;;;12667;24;12671;26;;;12664.0;0.0
yf_MKC_d8;26100;ASH_COATED_OSMIUM;9971;13;9968;14;;;9977;15;9981;20;;;9974.0;0.0
yf_MKC_d8;26100;INTARIAN_PEPPER_ROOT;12659;15;12657;23;;;12667;18;12669;33;;;12663.0;0.0
yf_MKC_d8;26200;ASH_COATED_OSMIUM;9971;17;9969;24;;;9977;16;9980;17;;;9974.0;0.0
yf_MKC_d8;26200;INTARIAN_PEPPER_ROOT;12659;10;12655;19;;;12667;13;12669;15;;;12663.0;0.0
yf_MKC_d8;26300;ASH_COATED_OSMIUM;9962;10;9959;23;;;9987;22;9989;19;;;9974.5;0.0
yf_MKC_d8;26300;INTARIAN_PEPPER_ROOT;12658;15;12654;21;;;12664;19;12666;23;;;12661.0;0.0
yf_MKC_d8;26400;ASH_COATED_OSMIUM;9958;17;9955;8;;;9989;13;9991;24;;;9973.5;0.0
yf_MKC_d8;26400;INTARIAN_PEPPER_ROOT;12657;12;12654;15;;;12663;14;12665;11;;;12660.0;0.0
yf_MKC_d8;26500;ASH_COATED_OSMIUM;9971;9;9968;33;;;9977;14;9980;18;;;9974.0;0.0
yf_MKC_d8;26500;INTARIAN_PEPPER_ROOT;12657;25;12655;25;;;12663;9;12667;15;;;12660.0;0.0
yf_MKC_d8;26600;ASH_COATED_OSMIUM;9969;12;9966;22;;;9978;22;9982;25;;;9973.5;0.0
yf_MKC_d8;26600;INTARIAN_PEPPER_ROOT;12656;19;12653;21;;;12662;15;12666;15;;;12659.0;0.0
yf_MKC_d8;26700;ASH_COATED_OSMIUM;9972;5;9969;12;;;9978;12;9981;22;;;9975.0;0.0
yf_MKC_d8;26700;INTARIAN_PEPPER_ROOT;12655;20;12653;10;;;12661;17;12665;29;;;12658.0;0.0
yf_MKC_d8;26800;ASH_COATED_OSMIUM;9971;13;9968;28;;;9977;14;9979;23;;;9974.0;0.0
yf_MKC_d8;26800;INTARIAN_PEPPER_ROOT;12647;10;12644;19;;;12669;11;12671;20;;;12658.0;0.0
yf_MKC_d8;26900;ASH_COATED_OSMIUM;9971;5;9968;18;;;9977;15;9980;19;;;9974.0;0.0
yf_MKC_d8;26900;INTARIAN_PEPPER_ROOT;12652;20;12648;19;;;12662;16;12664;21;;;12657.0;0.0
yf_MKC_d8;27000;ASH_COATED_OSMIUM;9972;23;9969;16;;;9978;22;9982;23;;;9975.0;0.0
yf_MKC_d8;27000;INTARIAN_PEPPER_ROOT;12652;15;12648;15;;;12660;17;12663;16;;;12656.0;0.0
yf_MKC_d8;27100;ASH_COATED_OSMIUM;9970;15;9967;35;;;9978;5;9981;18;;;9974.0;0.0
yf_MKC_d8;27100;INTARIAN_PEPPER_ROOT;12651;15;12649;17;;;12659;10;12663;23;;;12655.0;0.0
yf_MKC_d8;27200;ASH_COATED_OSMIUM;9972;18;9969;19;;;9978;18;9980;19;;;9975.0;0.0
yf_MKC_d8;27200;INTARIAN_PEPPER_ROOT;12649;17;12646;30;;;12660;22;12663;26;;;12654.5;0.0
yf_MKC_d8;27300;ASH_COATED_OSMIUM;9947;22;9944;13;;;10003;24;10005;25;;;9975.0;0.0
yf_MKC_d8;27300;INTARIAN_PEPPER_ROOT;12651;14;12648;21;;;12657;8;12660;8;;;12654.0;0.0
yf_MKC_d8;27400;ASH_COATED_OSMIUM;9967;12;9963;25;;;9982;21;9985;13;;;9974.5;0.0
yf_MKC_d8;27400;INTARIAN_PEPPER_ROOT;12650;18;12646;13;;;12656;11;12658;20;;;12653.0;0.0
yf_MKC_d8;27500;ASH_COATED_OSMIUM;9972;16;9968;20;;;9978;14;9980;18;;;9975.0;0.0
yf_MKC_d8;27500;INTARIAN_PEPPER_ROOT;12649;6;12647;23;;;12655;12;12658;27;;;12652.0;0.0
yf_MKC_d8;27600;ASH_COATED_OSMIUM;9965;13;9962;16;;;9984;23;9987;13;;;9974.5;0.0
yf_MKC_d8;27600;INTARIAN_PEPPER_ROOT;12649;9;12645;24;;;12655;16;12657;15;;;12652.0;0.0
yf_MKC_d8;27700;ASH_COATED_OSMIUM;9969;6;9965;21;;;9981;23;9984;14;;;9975.0;0.0
yf_MKC_d8;27700;INTARIAN_PEPPER_ROOT;12648;16;12644;12;;;12654;19;12657;23;;;12651.0;0.0
yf_MKC_d8;27800;ASH_COATED_OSMIUM;9972;20;9968;21;;;9978;14;9981;26;;;9975.0;0.0
yf_MKC_d8;27800;INTARIAN_PEPPER_ROOT;12647;11;12643;30;;;12653;10;12657;24;;;12650.0;0.0
yf_MKC_d8;27900;ASH_COATED_OSMIUM;9970;11;9968;13;;;9980;9;9983;23;;;9975.0;0.0
yf_MKC_d8;27900;INTARIAN_PEPPER_ROOT;12646;11;12643;26;;;12652;16;12656;23;;;12649.0;0.0
yf_MKC_d8;28000;ASH_COATED_OSMIUM;9971;15;9968;12;;;9980;13;9982;17;;;9975.5;0.0
yf_MKC_d8;28000;INTARIAN_PEPPER_ROOT;12646;20;12643;17;;;12652;12;12654;22;;;12649.0;0.0
yf_MKC_d8;28100;ASH_COATED_OSMIUM;9972;8;9968;16;;;9978;18;9980;25;;;9975.0;0.0
yf_MKC_d8;28100;INTARIAN_PEPPER_ROOT;12644;23;12640;21;;;12652;9;12656;27;;;12648.0;0.0
yf_MKC_d8;28200;ASH_COATED_OSMIUM;9972;8;9969;11;;;9978;10;9980;18;;;9975.0;0.0
yf_MKC_d8;28200;INTARIAN_PEPPER_ROOT;12641;7;12638;20;;;12654;20;12656;20;;;12647.5;0.0
yf_MKC_d8;28300;ASH_COATED_OSMIUM;9969;9;9965;20;;;9982;22;9985;24;;;9975.5;0.0
yf_MKC_d8;28300;INTARIAN_PEPPER_ROOT;12643;14;12640;18;;;12649;11;12651;29;;;12646.0;0.0
yf_MKC_d8;28400;ASH_COATED_OSMIUM;9972;17;9968;21;;;9978;13;9980;20;;;9975.0;0.0
yf_MKC_d8;28400;INTARIAN_PEPPER_ROOT;12643;24;12641;19;;;12649;9;12653;26;;;12646.0;0.0
yf_MKC_d8;28500;ASH_COATED_OSMIUM;9973;12;9971;21;;;9979;21;9983;30;;;9976.0;0.0
yf_MKC_d8;28500;INTARIAN_PEPPER_ROOT;12642;9;12639;23;;;12648;12;12651;22;;;12645.0;0.0
yf_MKC_d8;28600;ASH_COATED_OSMIUM;9973;24;9969;24;;;9979;14;9983;18;;;9976.0;0.0
yf_MKC_d8;28600;INTARIAN_PEPPER_ROOT;12641;17;12638;20;;;12647;12;12651;24;;;12644.0;0.0
yf_MKC_d8;28700;ASH_COATED_OSMIUM;9973;9;9971;12;;;9979;16;9982;21;;;9976.0;0.0
yf_MKC_d8;28700;INTARIAN_PEPPER_ROOT;12640;12;12636;12;;;12647;25;12649;17;;;12643.5;0.0
yf_MKC_d8;28800;ASH_COATED_OSMIUM;9968;7;9964;16;;;9982;16;9985;26;;;9975.0;0.0
yf_MKC_d8;28800;INTARIAN_PEPPER_ROOT;12639;22;12637;32;;;12645;17;12649;19;;;12642.0;0.0
yf_MKC_d8;28900;ASH_COATED_OSMIUM;9962;8;9959;19;;;9987;16;9991;23;;;9974.5;0.0
yf_MKC_d8;28900;INTARIAN_PEPPER_ROOT;12639;12;12636;18;;;12645;12;12649;22;;;12642.0;0.0
yf_MKC_d8;29000;ASH_COATED_OSMIUM;9968;17;9965;30;;;9983;17;9987;17;;;9975.5;0.0
yf_MKC_d8;29000;INTARIAN_PEPPER_ROOT;12639;18;12637;18;;;12645;16;12649;17;;;12642.0;0.0
yf_MKC_d8;29100;ASH_COATED_OSMIUM;9971;13;9968;24;;;9980;17;9983;14;;;9975.5;0.0
yf_MKC_d8;29100;INTARIAN_PEPPER_ROOT;12637;19;12635;21;;;12643;21;12645;20;;;12640.0;0.0
yf_MKC_d8;29200;ASH_COATED_OSMIUM;9972;17;9968;14;;;9978;15;9981;24;;;9975.0;0.0
yf_MKC_d8;29200;INTARIAN_PEPPER_ROOT;12632;22;12628;12;;;12648;17;12652;24;;;12640.0;0.0
yf_MKC_d8;29300;ASH_COATED_OSMIUM;9973;9;9970;19;;;9979;15;9983;21;;;9976.0;0.0
yf_MKC_d8;29300;INTARIAN_PEPPER_ROOT;12629;12;12626;27;;;12649;11;12652;22;;;12639.0;0.0
yf_MKC_d8;29400;ASH_COATED_OSMIUM;9973;14;9970;19;;;9979;22;9981;26;;;9976.0;0.0
yf_MKC_d8;29400;INTARIAN_PEPPER_ROOT;12635;12;12631;10;;;12641;17;12644;23;;;12638.0;0.0
yf_MKC_d8;29500;ASH_COATED_OSMIUM;9973;20;9971;13;;;9979;12;9981;15;;;9976.0;0.0
yf_MKC_d8;29500;INTARIAN_PEPPER_ROOT;12635;14;12631;20;;;12641;23;12644;19;;;12638.0;0.0
yf_MKC_d8;29600;ASH_COATED_OSMIUM;9973;7;9969;13;;;9979;16;9981;19;;;9976.0;0.0
yf_MKC_d8;29600;INTARIAN_PEPPER_ROOT;12634;20;12631;24;;;12640;19;12643;23;;;12637.0;0.0
yf_MKC_d8;29700;ASH_COATED_OSMIUM;9973;27;9971;14;;;9979;13;9982;26;;;9976.0;0.0
yf_MKC_d8;29700;INTARIAN_PEPPER_ROOT;12624;20;12622;24;;;12646;14;12649;11;;;12635.0;0.0
yf_MKC_d8;29800;ASH_COATED_OSMIUM;9959;15;9955;19;;;9992;14;9994;31;;;9975.5;0.0
yf_MKC_d8;29800;INTARIAN_PEPPER_ROOT;12632;17;12628;19;;;12638;17;12642;26;;;12635.0;0.0
yf_MKC_d8;29900;ASH_COATED_OSMIUM;9972;21;9969;12;;;9979;14;9981;28;;;9975.5;0.0
yf_MKC_d8;29900;INTARIAN_PEPPER_ROOT;12631;21;12627;18;;;12637;21;12641;20;;;12634.0;0.0
yf_MKC_d8;30000;ASH_COATED_OSMIUM;9973;12;9969;23;;;9979;15;9982;24;;;9976.0;0.0
yf_MKC_d8;30000;INTARIAN_PEPPER_ROOT;12632;9;12628;23;;;12638;21;12642;27;;;12635.0;0.0
yf_MKC_d8;30100;ASH_COATED_OSMIUM;9973;10;9970;11;;;9979;16;9982;11;;;9976.0;0.0
yf_MKC_d8;30100;INTARIAN_PEPPER_ROOT;12630;13;12627;27;;;12636;25;12640;21;;;12633.0;0.0
yf_MKC_d8;30200;ASH_COATED_OSMIUM;9973;11;9969;13;;;9979;15;9981;19;;;9976.0;0.0
yf_MKC_d8;30200;INTARIAN_PEPPER_ROOT;12629;11;12626;16;;;12635;9;12639;24;;;12632.0;0.0
yf_MKC_d8;30300;ASH_COATED_OSMIUM;9973;15;9971;20;;;9979;5;9983;10;;;9976.0;0.0
yf_MKC_d8;30300;INTARIAN_PEPPER_ROOT;12629;8;12625;9;;;12635;17;12638;16;;;12632.0;0.0
yf_MKC_d8;30400;ASH_COATED_OSMIUM;9972;8;9969;27;;;9978;11;9981;19;;;9975.0;0.0
yf_MKC_d8;30400;INTARIAN_PEPPER_ROOT;12627;21;12624;18;;;12634;8;12637;15;;;12630.5;0.0
yf_MKC_d8;30500;ASH_COATED_OSMIUM;9973;5;9970;18;;;9979;21;9983;28;;;9976.0;0.0
yf_MKC_d8;30500;INTARIAN_PEPPER_ROOT;12624;17;12622;19;;;12636;20;12638;16;;;12630.0;0.0
yf_MKC_d8;30600;ASH_COATED_OSMIUM;9974;14;9971;17;;;9980;12;9983;9;;;9977.0;0.0
yf_MKC_d8;30600;INTARIAN_PEPPER_ROOT;12626;20;12624;18;;;12632;24;12636;23;;;12629.0;0.0
yf_MKC_d8;30700;ASH_COATED_OSMIUM;9973;15;9970;23;;;9981;13;9983;20;;;9977.0;0.0
yf_MKC_d8;30700;INTARIAN_PEPPER_ROOT;12625;18;12621;18;;;12631;9;12633;22;;;12628.0;0.0
yf_MKC_d8;30800;ASH_COATED_OSMIUM;9972;10;9968;21;;;9981;7;9985;16;;;9976.5;0.0
yf_MKC_d8;30800;INTARIAN_PEPPER_ROOT;12625;11;12622;19;;;12631;11;12635;23;;;12628.0;0.0
yf_MKC_d8;30900;ASH_COATED_OSMIUM;9967;11;9965;19;;;9986;17;9988;24;;;9976.5;0.0
yf_MKC_d8;30900;INTARIAN_PEPPER_ROOT;12624;19;12621;19;;;12630;11;12633;18;;;12627.0;0.0
yf_MKC_d8;31000;ASH_COATED_OSMIUM;9970;12;9966;25;;;9984;7;9986;17;;;9977.0;0.0
yf_MKC_d8;31000;INTARIAN_PEPPER_ROOT;12623;23;12621;26;;;12629;20;12632;17;;;12626.0;0.0
yf_MKC_d8;31100;ASH_COATED_OSMIUM;9973;9;9971;31;;;9979;25;9981;16;;;9976.0;0.0
yf_MKC_d8;31100;INTARIAN_PEPPER_ROOT;12622;6;12619;19;;;12628;25;12631;9;;;12625.0;0.0
yf_MKC_d8;31200;ASH_COATED_OSMIUM;9974;17;9972;23;;;9980;9;9983;10;;;9977.0;0.0
yf_MKC_d8;31200;INTARIAN_PEPPER_ROOT;12618;17;12616;14;;;12632;8;12636;25;;;12625.0;0.0
yf_MKC_d8;31300;ASH_COATED_OSMIUM;9969;16;9967;17;;;9984;12;9986;23;;;9976.5;0.0
yf_MKC_d8;31300;INTARIAN_PEPPER_ROOT;12619;7;12616;11;;;12629;22;12633;12;;;12624.0;0.0
yf_MKC_d8;31400;ASH_COATED_OSMIUM;9974;20;9971;17;;;9980;15;9984;16;;;9977.0;0.0
yf_MKC_d8;31400;INTARIAN_PEPPER_ROOT;12615;17;12613;19;;;12631;18;12634;15;;;12623.0;0.0
yf_MKC_d8;31500;ASH_COATED_OSMIUM;9974;21;9972;18;;;9980;10;9982;18;;;9977.0;0.0
yf_MKC_d8;31500;INTARIAN_PEPPER_ROOT;12619;20;12615;24;;;12627;8;12630;19;;;12623.0;0.0
yf_MKC_d8;31600;ASH_COATED_OSMIUM;9974;22;9972;19;;;9980;9;9984;23;;;9977.0;0.0
yf_MKC_d8;31600;INTARIAN_PEPPER_ROOT;12619;6;12616;26;;;12625;6;12627;29;;;12622.0;0.0
yf_MKC_d8;31700;ASH_COATED_OSMIUM;9974;14;9970;17;;;9980;15;9984;19;;;9977.0;0.0
yf_MKC_d8;31700;INTARIAN_PEPPER_ROOT;12618;21;12614;14;;;12624;13;12627;22;;;12621.0;0.0
yf_MKC_d8;31800;ASH_COATED_OSMIUM;9975;9;9972;16;;;9981;13;9984;18;;;9978.0;0.0
yf_MKC_d8;31800;INTARIAN_PEPPER_ROOT;12610;18;12606;16;;;12632;10;12635;18;;;12621.0;0.0
yf_MKC_d8;31900;ASH_COATED_OSMIUM;9970;16;9966;17;;;9983;18;9986;21;;;9976.5;0.0
yf_MKC_d8;31900;INTARIAN_PEPPER_ROOT;12617;12;12614;19;;;12623;10;12625;18;;;12620.0;0.0
yf_MKC_d8;32000;ASH_COATED_OSMIUM;9970;18;9966;24;;;9985;22;9987;27;;;9977.5;0.0
yf_MKC_d8;32000;INTARIAN_PEPPER_ROOT;12613;17;12611;20;;;12626;24;12629;27;;;12619.5;0.0
yf_MKC_d8;32100;ASH_COATED_OSMIUM;9974;18;9971;19;;;9980;11;9984;22;;;9977.0;0.0
yf_MKC_d8;32100;INTARIAN_PEPPER_ROOT;12616;14;12612;23;;;12622;14;12625;14;;;12619.0;0.0
yf_MKC_d8;32200;ASH_COATED_OSMIUM;9968;7;9965;28;;;9985;15;9988;23;;;9976.5;0.0
yf_MKC_d8;32200;INTARIAN_PEPPER_ROOT;12614;6;12612;22;;;12620;12;12622;15;;;12617.0;0.0
yf_MKC_d8;32300;ASH_COATED_OSMIUM;9971;18;9968;8;;;9983;23;9985;23;;;9977.0;0.0
yf_MKC_d8;32300;INTARIAN_PEPPER_ROOT;12613;18;12611;26;;;12619;16;12622;18;;;12616.0;0.0
yf_MKC_d8;32400;ASH_COATED_OSMIUM;9975;15;9972;21;;;9981;7;9984;17;;;9978.0;0.0
yf_MKC_d8;32400;INTARIAN_PEPPER_ROOT;12613;13;12610;23;;;12619;17;12623;23;;;12616.0;0.0
yf_MKC_d8;32500;ASH_COATED_OSMIUM;9974;13;9970;17;;;9980;20;9982;20;;;9977.0;0.0
yf_MKC_d8;32500;INTARIAN_PEPPER_ROOT;12612;17;12609;20;;;12618;23;12620;29;;;12615.0;0.0
yf_MKC_d8;32600;ASH_COATED_OSMIUM;9970;17;9966;16;;;9985;12;9987;15;;;9977.5;0.0
yf_MKC_d8;32600;INTARIAN_PEPPER_ROOT;12612;14;12610;14;;;12618;19;12620;23;;;12615.0;0.0
yf_MKC_d8;32700;ASH_COATED_OSMIUM;9973;7;9971;14;;;9983;9;9985;21;;;9978.0;0.0
yf_MKC_d8;32700;INTARIAN_PEPPER_ROOT;12611;9;12608;12;;;12617;17;12621;16;;;12614.0;0.0
yf_MKC_d8;32800;ASH_COATED_OSMIUM;9971;13;9968;23;;;9983;15;9986;16;;;9977.0;0.0
yf_MKC_d8;32800;INTARIAN_PEPPER_ROOT;12610;8;12606;26;;;12616;17;12620;19;;;12613.0;0.0
yf_MKC_d8;32900;ASH_COATED_OSMIUM;9975;19;9972;13;;;9981;9;9983;22;;;9978.0;0.0
yf_MKC_d8;32900;INTARIAN_PEPPER_ROOT;12607;23;12604;26;;;12618;23;12621;10;;;12612.5;0.0
yf_MKC_d8;33000;ASH_COATED_OSMIUM;9969;19;9966;26;;;9987;15;9991;18;;;9978.0;0.0
yf_MKC_d8;33000;INTARIAN_PEPPER_ROOT;12609;17;12607;18;;;12615;18;12617;17;;;12612.0;0.0
yf_MKC_d8;33100;ASH_COATED_OSMIUM;9972;10;9970;20;;;9983;16;9987;27;;;9977.5;0.0
yf_MKC_d8;33100;INTARIAN_PEPPER_ROOT;12603;15;12600;18;;;12619;15;12623;14;;;12611.0;0.0
yf_MKC_d8;33200;ASH_COATED_OSMIUM;9975;19;9971;25;;;9981;16;9985;21;;;9978.0;0.0
yf_MKC_d8;33200;INTARIAN_PEPPER_ROOT;12595;18;12593;24;;;12624;16;12626;19;;;12609.5;0.0
yf_MKC_d8;33300;ASH_COATED_OSMIUM;9975;13;9973;19;;;9981;12;9983;22;;;9978.0;0.0
yf_MKC_d8;33300;INTARIAN_PEPPER_ROOT;12598;23;12594;20;;;12621;21;12624;11;;;12609.5;0.0
yf_MKC_d8;33400;ASH_COATED_OSMIUM;9975;20;9972;18;;;9981;17;9985;17;;;9978.0;0.0
yf_MKC_d8;33400;INTARIAN_PEPPER_ROOT;12605;16;12601;20;;;12611;15;12614;27;;;12608.0;0.0
yf_MKC_d8;33500;ASH_COATED_OSMIUM;9975;15;9972;25;;;9981;20;9983;21;;;9978.0;0.0
yf_MKC_d8;33500;INTARIAN_PEPPER_ROOT;12605;22;12601;24;;;12611;6;12615;22;;;12608.0;0.0
yf_MKC_d8;33600;ASH_COATED_OSMIUM;9971;27;9969;27;;;9985;18;9988;16;;;9978.0;0.0
yf_MKC_d8;33600;INTARIAN_PEPPER_ROOT;12604;13;12600;18;;;12610;5;12613;17;;;12607.0;0.0
yf_MKC_d8;33700;ASH_COATED_OSMIUM;9973;16;9970;20;;;9983;12;9987;23;;;9978.0;0.0
yf_MKC_d8;33700;INTARIAN_PEPPER_ROOT;12604;19;12602;23;;;12610;18;12612;27;;;12607.0;0.0
yf_MKC_d8;33800;ASH_COATED_OSMIUM;9968;13;9966;21;;;9989;19;9991;17;;;9978.5;0.0
yf_MKC_d8;33800;INTARIAN_PEPPER_ROOT;12601;14;12598;22;;;12609;10;12611;20;;;12605.0;0.0
yf_MKC_d8;33900;ASH_COATED_OSMIUM;9975;14;9973;21;;;9981;24;9983;15;;;9978.0;0.0
yf_MKC_d8;33900;INTARIAN_PEPPER_ROOT;12602;18;12599;21;;;12608;20;12612;14;;;12605.0;0.0
yf_MKC_d8;34000;ASH_COATED_OSMIUM;9975;9;9973;11;;;9981;16;9985;19;;;9978.0;0.0
yf_MKC_d8;34000;INTARIAN_PEPPER_ROOT;12595;19;12592;15;;;12601;15;12603;8;;;12598.0;0.0
yf_MKC_d8;34100;ASH_COATED_OSMIUM;9975;12;9972;23;;;9981;5;9985;19;;;9978.0;0.0
yf_MKC_d8;34100;INTARIAN_PEPPER_ROOT;12585;11;12583;21;;;12595;21;12597;19;;;12590.0;0.0
yf_MKC_d8;34200;ASH_COATED_OSMIUM;9975;9;9971;18;;;9981;15;9984;18;;;9978.0;0.0
yf_MKC_d8;34200;INTARIAN_PEPPER_ROOT;12579;7;12577;19;;;12585;14;12588;13;;;12582.0;0.0
yf_MKC_d8;34300;ASH_COATED_OSMIUM;9971;24;9968;18;;;9985;18;9987;18;;;9978.0;0.0
yf_MKC_d8;34300;INTARIAN_PEPPER_ROOT;12573;7;12571;17;;;12579;17;12581;19;;;12576.0;0.0
yf_MKC_d8;34400;ASH_COATED_OSMIUM;9972;26;9970;19;;;9984;12;9986;19;;;9978.0;0.0
yf_MKC_d8;34400;INTARIAN_PEPPER_ROOT;12565;11;12563;15;;;12571;15;12574;19;;;12568.0;0.0
yf_MKC_d8;34500;ASH_COATED_OSMIUM;9975;16;9972;28;;;9981;18;9984;31;;;9978.0;0.0
yf_MKC_d8;34500;INTARIAN_PEPPER_ROOT;12558;14;12556;15;;;12564;20;12566;23;;;12561.0;0.0
yf_MKC_d8;34600;ASH_COATED_OSMIUM;9974;7;9970;18;;;9980;5;9982;12;;;9977.0;0.0
yf_MKC_d8;34600;INTARIAN_PEPPER_ROOT;12547;12;12545;14;;;12560;17;12564;18;;;12553.5;0.0
yf_MKC_d8;34700;ASH_COATED_OSMIUM;9970;8;9968;21;;;9985;13;9988;15;;;9977.5;0.0
yf_MKC_d8;34700;INTARIAN_PEPPER_ROOT;12543;13;12540;22;;;12549;17;12553;20;;;12546.0;0.0
yf_MKC_d8;34800;ASH_COATED_OSMIUM;9964;11;9960;21;;;9990;14;9992;23;;;9977.0;0.0
yf_MKC_d8;34800;INTARIAN_PEPPER_ROOT;12536;12;12533;16;;;12542;9;12545;16;;;12539.0;0.0
yf_MKC_d8;34900;ASH_COATED_OSMIUM;9974;12;9970;23;;;9980;15;9984;25;;;9977.0;0.0
yf_MKC_d8;34900;INTARIAN_PEPPER_ROOT;12528;19;12526;17;;;12537;14;12541;22;;;12532.5;0.0
yf_MKC_d8;35000;ASH_COATED_OSMIUM;9974;12;9972;19;;;9980;14;9983;11;;;9977.0;0.0
yf_MKC_d8;35000;INTARIAN_PEPPER_ROOT;12522;22;12520;17;;;12528;19;12531;27;;;12525.0;0.0
yf_MKC_d8;35100;ASH_COATED_OSMIUM;9958;14;9954;20;;;9995;18;9997;26;;;9976.5;0.0
yf_MKC_d8;35100;INTARIAN_PEPPER_ROOT;12515;16;12512;21;;;12521;16;12525;32;;;12518.0;0.0
yf_MKC_d8;35200;ASH_COATED_OSMIUM;9974;14;9972;8;;;9980;18;9982;22;;;9977.0;0.0
yf_MKC_d8;35200;INTARIAN_PEPPER_ROOT;12507;14;12503;21;;;12513;13;12515;26;;;12510.0;0.0
yf_MKC_d8;35300;ASH_COATED_OSMIUM;9971;16;9969;19;;;9982;25;9984;16;;;9976.5;0.0
yf_MKC_d8;35300;INTARIAN_PEPPER_ROOT;12500;19;12497;25;;;12506;12;12509;12;;;12503.0;0.0
yf_MKC_d8;35400;ASH_COATED_OSMIUM;9974;18;9970;27;;;9980;5;9984;24;;;9977.0;0.0
yf_MKC_d8;35400;INTARIAN_PEPPER_ROOT;12493;11;12490;16;;;12499;25;12502;16;;;12496.0;0.0
yf_MKC_d8;35500;ASH_COATED_OSMIUM;9974;17;9971;20;;;9980;18;9984;25;;;9977.0;0.0
yf_MKC_d8;35500;INTARIAN_PEPPER_ROOT;12486;13;12482;18;;;12494;8;12496;15;;;12490.0;0.0
yf_MKC_d8;35600;ASH_COATED_OSMIUM;9973;18;9970;17;;;9979;11;9982;21;;;9976.0;0.0
yf_MKC_d8;35600;INTARIAN_PEPPER_ROOT;12478;20;12475;21;;;12484;20;12488;20;;;12481.0;0.0
yf_MKC_d8;35700;ASH_COATED_OSMIUM;9973;11;9970;17;;;9979;15;9983;28;;;9976.0;0.0
yf_MKC_d8;35700;INTARIAN_PEPPER_ROOT;12471;10;12468;24;;;12477;11;12481;18;;;12474.0;0.0
yf_MKC_d8;35800;ASH_COATED_OSMIUM;9973;5;9969;21;;;9979;19;9981;17;;;9976.0;0.0
yf_MKC_d8;35800;INTARIAN_PEPPER_ROOT;12464;9;12460;17;;;12470;16;12472;26;;;12467.0;0.0
yf_MKC_d8;35900;ASH_COATED_OSMIUM;9970;18;9968;12;;;9982;17;9985;27;;;9976.0;0.0
yf_MKC_d8;35900;INTARIAN_PEPPER_ROOT;12457;5;12454;10;;;12463;12;12467;23;;;12460.0;0.0
yf_MKC_d8;36000;ASH_COATED_OSMIUM;9973;14;9971;24;;;9979;9;9983;22;;;9976.0;0.0
yf_MKC_d8;36000;INTARIAN_PEPPER_ROOT;12449;14;12447;24;;;12456;20;12458;11;;;12452.5;0.0
yf_MKC_d8;36100;ASH_COATED_OSMIUM;9971;15;9968;24;;;9981;10;9984;17;;;9976.0;0.0
yf_MKC_d8;36100;INTARIAN_PEPPER_ROOT;12443;18;12440;16;;;12449;14;12453;23;;;12446.0;0.0
yf_MKC_d8;36200;ASH_COATED_OSMIUM;9972;13;9970;18;;;9978;21;9980;24;;;9975.0;0.0
yf_MKC_d8;36200;INTARIAN_PEPPER_ROOT;12427;16;12423;13;;;12449;20;12453;19;;;12438.0;0.0
yf_MKC_d8;36300;ASH_COATED_OSMIUM;9965;10;9962;22;;;9986;15;9988;20;;;9975.5;0.0
yf_MKC_d8;36300;INTARIAN_PEPPER_ROOT;12415;12;12412;24;;;12447;27;12451;23;;;12431.0;0.0
yf_MKC_d8;36400;ASH_COATED_OSMIUM;9972;10;9970;21;;;9979;20;9982;18;;;9975.5;0.0
yf_MKC_d8;36400;INTARIAN_PEPPER_ROOT;12420;8;12418;12;;;12428;10;12430;27;;;12424.0;0.0
yf_MKC_d8;36500;ASH_COATED_OSMIUM;9972;7;9968;31;;;9979;20;9981;24;;;9975.5;0.0
yf_MKC_d8;36500;INTARIAN_PEPPER_ROOT;12413;9;12411;17;;;12419;22;12421;21;;;12416.0;0.0
yf_MKC_d8;36600;ASH_COATED_OSMIUM;9972;23;9969;13;;;9978;25;9981;14;;;9975.0;0.0
yf_MKC_d8;36600;INTARIAN_PEPPER_ROOT;12406;17;12404;19;;;12412;16;12416;22;;;12409.0;0.0
yf_MKC_d8;36700;ASH_COATED_OSMIUM;9972;20;9969;26;;;9978;11;9982;24;;;9975.0;0.0
yf_MKC_d8;36700;INTARIAN_PEPPER_ROOT;12391;16;12388;14;;;12412;11;12416;25;;;12401.5;0.0
yf_MKC_d8;36800;ASH_COATED_OSMIUM;9972;10;9968;18;;;9978;21;9980;18;;;9975.0;0.0
yf_MKC_d8;36800;INTARIAN_PEPPER_ROOT;12392;17;12389;26;;;12398;13;12400;26;;;12395.0;0.0
yf_MKC_d8;36900;ASH_COATED_OSMIUM;9972;11;9970;16;;;9978;10;9982;20;;;9975.0;0.0
yf_MKC_d8;36900;INTARIAN_PEPPER_ROOT;12377;18;12373;20;;;12398;15;12401;23;;;12387.5;0.0
yf_MKC_d8;37000;ASH_COATED_OSMIUM;9972;18;9969;35;;;9978;12;9981;20;;;9975.0;0.0
yf_MKC_d8;37000;INTARIAN_PEPPER_ROOT;12378;13;12374;17;;;12384;7;12388;24;;;12381.0;0.0
yf_MKC_d8;37100;ASH_COATED_OSMIUM;9972;13;9969;16;;;9978;19;9982;25;;;9975.0;0.0
yf_MKC_d8;37100;INTARIAN_PEPPER_ROOT;12370;19;12366;20;;;12376;10;12379;18;;;12373.0;0.0
yf_MKC_d8;37200;ASH_COATED_OSMIUM;9971;17;9967;24;;;9978;9;9982;25;;;9974.5;0.0
yf_MKC_d8;37200;INTARIAN_PEPPER_ROOT;12356;20;12352;21;;;12375;22;12377;24;;;12365.5;0.0
yf_MKC_d8;37300;ASH_COATED_OSMIUM;9972;14;9970;14;;;9978;11;9982;21;;;9975.0;0.0
yf_MKC_d8;37300;INTARIAN_PEPPER_ROOT;12356;18;12352;8;;;12362;19;12365;18;;;12359.0;0.0
yf_MKC_d8;37400;ASH_COATED_OSMIUM;9971;11;9967;27;;;9977;7;9981;19;;;9974.0;0.0
yf_MKC_d8;37400;INTARIAN_PEPPER_ROOT;12346;18;12343;26;;;12357;18;12360;12;;;12351.5;0.0
yf_MKC_d8;37500;ASH_COATED_OSMIUM;9971;16;9968;15;;;9977;15;9980;13;;;9974.0;0.0
yf_MKC_d8;37500;INTARIAN_PEPPER_ROOT;12341;13;12338;25;;;12347;17;12350;13;;;12344.0;0.0
yf_MKC_d8;37600;ASH_COATED_OSMIUM;9959;17;9956;23;;;9988;19;9992;23;;;9973.5;0.0
yf_MKC_d8;37600;INTARIAN_PEPPER_ROOT;12334;14;12330;10;;;12340;14;12344;22;;;12337.0;0.0
yf_MKC_d8;37700;ASH_COATED_OSMIUM;9970;13;9967;25;;;9977;18;9979;21;;;9973.5;0.0
yf_MKC_d8;37700;INTARIAN_PEPPER_ROOT;12326;15;12322;30;;;12332;19;12336;14;;;12329.0;0.0
yf_MKC_d8;37800;ASH_COATED_OSMIUM;9971;19;9969;13;;;9977;5;9980;21;;;9974.0;0.0
yf_MKC_d8;37800;INTARIAN_PEPPER_ROOT;12310;15;12308;17;;;12335;19;12338;13;;;12322.5;0.0
yf_MKC_d8;37900;ASH_COATED_OSMIUM;9971;13;9969;18;;;9977;6;9979;27;;;9974.0;0.0
yf_MKC_d8;37900;INTARIAN_PEPPER_ROOT;12312;12;12309;15;;;12318;13;12322;25;;;12315.0;0.0
yf_MKC_d8;38000;ASH_COATED_OSMIUM;9967;12;9965;21;;;9980;17;9982;27;;;9973.5;0.0
yf_MKC_d8;38000;INTARIAN_PEPPER_ROOT;12299;11;12295;20;;;12318;10;12320;23;;;12308.5;0.0
yf_MKC_d8;38100;ASH_COATED_OSMIUM;9970;9;9966;23;;;9976;8;9978;17;;;9973.0;0.0
yf_MKC_d8;38100;INTARIAN_PEPPER_ROOT;12296;5;12292;17;;;12306;14;12308;21;;;12301.0;0.0
yf_MKC_d8;38200;ASH_COATED_OSMIUM;9970;12;9967;16;;;9978;19;9980;12;;;9974.0;0.0
yf_MKC_d8;38200;INTARIAN_PEPPER_ROOT;12286;13;12284;14;;;12301;5;12305;19;;;12293.5;0.0
yf_MKC_d8;38300;ASH_COATED_OSMIUM;9970;5;9966;22;;;9976;7;9978;33;;;9973.0;0.0
yf_MKC_d8;38300;INTARIAN_PEPPER_ROOT;12283;20;12281;15;;;12289;14;12292;17;;;12286.0;0.0
yf_MKC_d8;38400;ASH_COATED_OSMIUM;9971;17;9968;20;;;9977;20;9979;9;;;9974.0;0.0
yf_MKC_d8;38400;INTARIAN_PEPPER_ROOT;12272;13;12268;17;;;12287;12;12289;16;;;12279.5;0.0
yf_MKC_d8;38500;ASH_COATED_OSMIUM;9970;21;9968;23;;;9977;20;9980;18;;;9973.5;0.0
yf_MKC_d8;38500;INTARIAN_PEPPER_ROOT;12267;8;12265;26;;;12277;16;12279;13;;;12272.0;0.0
yf_MKC_d8;38600;ASH_COATED_OSMIUM;9970;18;9968;23;;;9976;10;9979;19;;;9973.0;0.0
yf_MKC_d8;38600;INTARIAN_PEPPER_ROOT;12259;15;12257;29;;;12271;16;12274;15;;;12265.0;0.0
yf_MKC_d8;38700;ASH_COATED_OSMIUM;9968;15;9964;24;;;9979;7;9981;21;;;9973.5;0.0
yf_MKC_d8;38700;INTARIAN_PEPPER_ROOT;12254;13;12252;33;;;12260;14;12262;11;;;12257.0;0.0
yf_MKC_d8;38800;ASH_COATED_OSMIUM;9969;15;9966;16;;;9977;16;9981;16;;;9973.0;0.0
yf_MKC_d8;38800;INTARIAN_PEPPER_ROOT;12246;18;12244;24;;;12252;7;12256;28;;;12249.0;0.0
yf_MKC_d8;38900;ASH_COATED_OSMIUM;9970;13;9966;28;;;9976;30;9980;18;;;9973.0;0.0
yf_MKC_d8;38900;INTARIAN_PEPPER_ROOT;12240;15;12237;20;;;12246;14;12250;22;;;12243.0;0.0
yf_MKC_d8;39000;ASH_COATED_OSMIUM;9970;7;9967;13;;;9976;13;9979;17;;;9973.0;0.0
yf_MKC_d8;39000;INTARIAN_PEPPER_ROOT;12233;8;12230;25;;;12239;11;12243;18;;;12236.0;0.0
yf_MKC_d8;39100;ASH_COATED_OSMIUM;9965;8;9963;11;;;9980;15;9984;18;;;9972.5;0.0
yf_MKC_d8;39100;INTARIAN_PEPPER_ROOT;12225;7;12221;13;;;12231;10;12234;18;;;12228.0;0.0
yf_MKC_d8;39200;ASH_COATED_OSMIUM;9970;24;9966;22;;;9976;15;9980;14;;;9973.0;0.0
yf_MKC_d8;39200;INTARIAN_PEPPER_ROOT;12218;20;12215;14;;;12224;9;12228;18;;;12221.0;0.0
yf_MKC_d8;39300;ASH_COATED_OSMIUM;9967;12;9965;23;;;9978;13;9982;16;;;9972.5;0.0
yf_MKC_d8;39300;INTARIAN_PEPPER_ROOT;12211;17;12208;21;;;12217;9;12219;19;;;12214.0;0.0
yf_MKC_d8;39400;ASH_COATED_OSMIUM;9967;5;9965;15;;;9976;20;9980;22;;;9971.5;0.0
yf_MKC_d8;39400;INTARIAN_PEPPER_ROOT;12204;13;12202;18;;;12210;17;12212;30;;;12207.0;0.0
yf_MKC_d8;39500;ASH_COATED_OSMIUM;9966;10;9963;13;;;9978;14;9981;10;;;9972.0;0.0
yf_MKC_d8;39500;INTARIAN_PEPPER_ROOT;12194;15;12190;10;;;12204;20;12208;24;;;12199.0;0.0
yf_MKC_d8;39600;ASH_COATED_OSMIUM;9969;6;9966;17;;;9975;17;9978;14;;;9972.0;0.0
yf_MKC_d8;39600;INTARIAN_PEPPER_ROOT;12177;15;12175;14;;;12208;10;12210;17;;;12192.5;0.0
yf_MKC_d8;39700;ASH_COATED_OSMIUM;9962;6;9959;14;;;9984;27;9986;19;;;9973.0;0.0
yf_MKC_d8;39700;INTARIAN_PEPPER_ROOT;12181;19;12178;21;;;12188;17;12191;16;;;12184.5;0.0
yf_MKC_d8;39800;ASH_COATED_OSMIUM;9969;19;9966;16;;;9975;13;9977;13;;;9972.0;0.0
yf_MKC_d8;39800;INTARIAN_PEPPER_ROOT;12172;16;12170;21;;;12182;14;12184;16;;;12177.0;0.0
yf_MKC_d8;39900;ASH_COATED_OSMIUM;9969;11;9966;21;;;9975;15;9977;25;;;9972.0;0.0
yf_MKC_d8;39900;INTARIAN_PEPPER_ROOT;12161;17;12159;16;;;12180;7;12183;16;;;12170.5;0.0
yf_MKC_d8;40000;ASH_COATED_OSMIUM;9969;14;9966;22;;;9975;9;9979;20;;;9972.0;0.0
yf_MKC_d8;40000;INTARIAN_PEPPER_ROOT;12160;18;12158;16;;;12166;11;12168;21;;;12163.0;0.0
yf_MKC_d8;40100;ASH_COATED_OSMIUM;9967;13;9964;22;;;9976;12;9978;18;;;9971.5;0.0
yf_MKC_d8;40100;INTARIAN_PEPPER_ROOT;12153;21;12150;18;;;12159;16;12163;27;;;12156.0;0.0
yf_MKC_d8;40200;ASH_COATED_OSMIUM;9965;12;9962;21;;;9979;14;9981;24;;;9972.0;0.0
yf_MKC_d8;40200;INTARIAN_PEPPER_ROOT;12145;25;12142;18;;;12151;18;12154;18;;;12148.0;0.0
yf_MKC_d8;40300;ASH_COATED_OSMIUM;9968;18;9964;18;;;9974;9;9976;23;;;9971.0;0.0
yf_MKC_d8;40300;INTARIAN_PEPPER_ROOT;12139;8;12136;25;;;12145;12;12149;29;;;12142.0;0.0
yf_MKC_d8;40400;ASH_COATED_OSMIUM;9958;8;9954;24;;;9984;14;9987;19;;;9971.0;0.0
yf_MKC_d8;40400;INTARIAN_PEPPER_ROOT;12129;15;12126;12;;;12139;14;12142;18;;;12134.0;0.0
yf_MKC_d8;40500;ASH_COATED_OSMIUM;9968;18;9966;24;;;9974;17;9976;20;;;9971.0;0.0
yf_MKC_d8;40500;INTARIAN_PEPPER_ROOT;12122;20;12118;24;;;12132;9;12134;14;;;12127.0;0.0
yf_MKC_d8;40600;ASH_COATED_OSMIUM;9967;10;9965;16;;;9975;7;9979;19;;;9971.0;0.0
yf_MKC_d8;40600;INTARIAN_PEPPER_ROOT;12112;16;12108;19;;;12127;15;12130;13;;;12119.5;0.0
yf_MKC_d8;40700;ASH_COATED_OSMIUM;9964;5;9961;17;;;9977;18;9981;26;;;9970.5;0.0
yf_MKC_d8;40700;INTARIAN_PEPPER_ROOT;12110;24;12107;24;;;12116;17;12119;23;;;12113.0;0.0
yf_MKC_d8;40800;ASH_COATED_OSMIUM;9968;18;9964;16;;;9974;14;9976;9;;;9971.0;0.0
yf_MKC_d8;40800;INTARIAN_PEPPER_ROOT;12091;9;12088;16;;;12121;22;12125;24;;;12106.0;0.0
yf_MKC_d8;40900;ASH_COATED_OSMIUM;9967;12;9965;26;;;9975;13;9979;20;;;9971.0;0.0
yf_MKC_d8;40900;INTARIAN_PEPPER_ROOT;12089;19;12087;19;;;12107;17;12111;16;;;12098.0;0.0
yf_MKC_d8;41000;ASH_COATED_OSMIUM;9962;15;9959;21;;;9978;14;9982;21;;;9970.0;0.0
yf_MKC_d8;41000;INTARIAN_PEPPER_ROOT;12088;17;12084;19;;;12094;19;12096;14;;;12091.0;0.0
yf_MKC_d8;41100;ASH_COATED_OSMIUM;9967;15;9963;29;;;9975;13;9978;14;;;9971.0;0.0
yf_MKC_d8;41100;INTARIAN_PEPPER_ROOT;12081;13;12077;22;;;12087;15;12091;18;;;12084.0;0.0
yf_MKC_d8;41200;ASH_COATED_OSMIUM;9967;13;9963;24;;;9973;15;9976;26;;;9970.0;0.0
yf_MKC_d8;41200;INTARIAN_PEPPER_ROOT;12073;8;12069;28;;;12079;10;12081;22;;;12076.0;0.0
yf_MKC_d8;41300;ASH_COATED_OSMIUM;9968;8;9965;10;;;9974;17;9977;14;;;9971.0;0.0
yf_MKC_d8;41300;INTARIAN_PEPPER_ROOT;12066;16;12062;14;;;12073;9;12077;21;;;12069.5;0.0
yf_MKC_d8;41400;ASH_COATED_OSMIUM;9963;20;9960;15;;;9977;7;9980;22;;;9970.0;0.0
yf_MKC_d8;41400;INTARIAN_PEPPER_ROOT;12059;12;12057;19;;;12065;18;12068;31;;;12062.0;0.0
yf_MKC_d8;41500;ASH_COATED_OSMIUM;9967;13;9965;22;;;9973;8;9977;23;;;9970.0;0.0
yf_MKC_d8;41500;INTARIAN_PEPPER_ROOT;12052;10;12048;14;;;12058;11;12061;24;;;12055.0;0.0
yf_MKC_d8;41600;ASH_COATED_OSMIUM;9965;19;9961;15;;;9976;12;9980;19;;;9970.5;0.0
yf_MKC_d8;41600;INTARIAN_PEPPER_ROOT;12030;23;12028;18;;;12065;12;12068;23;;;12047.5;0.0
yf_MKC_d8;41700;ASH_COATED_OSMIUM;9967;14;9964;22;;;9974;17;9977;16;;;9970.5;0.0
yf_MKC_d8;41700;INTARIAN_PEPPER_ROOT;12038;21;12034;15;;;12044;10;12047;27;;;12041.0;0.0
yf_MKC_d8;41800;ASH_COATED_OSMIUM;9967;14;9963;16;;;9973;10;9975;25;;;9970.0;0.0
yf_MKC_d8;41800;INTARIAN_PEPPER_ROOT;12030;12;12027;22;;;12036;9;12039;17;;;12033.0;0.0
yf_MKC_d8;41900;ASH_COATED_OSMIUM;9967;19;9964;21;;;9973;7;9976;29;;;9970.0;0.0
yf_MKC_d8;41900;INTARIAN_PEPPER_ROOT;12023;16;12021;25;;;12029;12;12031;28;;;12026.0;0.0
yf_MKC_d8;42000;ASH_COATED_OSMIUM;9967;17;9964;30;;;9973;18;9975;20;;;9970.0;0.0
yf_MKC_d8;42000;INTARIAN_PEPPER_ROOT;12016;15;12014;17;;;12022;11;12025;16;;;12019.0;0.0
yf_MKC_d8;42100;ASH_COATED_OSMIUM;9950;7;9948;20;;;9989;9;9992;12;;;9969.5;0.0
yf_MKC_d8;42100;INTARIAN_PEPPER_ROOT;12008;13;12005;27;;;12014;18;12017;18;;;12011.0;0.0
yf_MKC_d8;42200;ASH_COATED_OSMIUM;9966;12;9964;26;;;9972;11;9976;21;;;9969.0;0.0
yf_MKC_d8;42200;INTARIAN_PEPPER_ROOT;11990;9;11988;13;;;12019;13;12021;20;;;12004.5;0.0
yf_MKC_d8;42300;ASH_COATED_OSMIUM;9966;15;9962;21;;;9972;12;9976;14;;;9969.0;0.0
yf_MKC_d8;42300;INTARIAN_PEPPER_ROOT;11993;5;11989;19;;;11999;22;12001;18;;;11996.0;0.0
yf_MKC_d8;42400;ASH_COATED_OSMIUM;9966;9;9963;21;;;9972;14;9974;17;;;9969.0;0.0
yf_MKC_d8;42400;INTARIAN_PEPPER_ROOT;11986;15;11983;14;;;11994;6;11996;31;;;11990.0;0.0
yf_MKC_d8;42500;ASH_COATED_OSMIUM;9966;11;9964;20;;;9972;12;9975;24;;;9969.0;0.0
yf_MKC_d8;42500;INTARIAN_PEPPER_ROOT;11978;12;11975;28;;;11987;13;11991;16;;;11982.5;0.0
yf_MKC_d8;42600;ASH_COATED_OSMIUM;9967;19;9965;23;;;9973;10;9975;24;;;9970.0;0.0
yf_MKC_d8;42600;INTARIAN_PEPPER_ROOT;11972;17;11968;16;;;11978;13;11981;17;;;11975.0;0.0
yf_MKC_d8;42700;ASH_COATED_OSMIUM;9966;22;9963;14;;;9972;17;9974;19;;;9969.0;0.0
yf_MKC_d8;42700;INTARIAN_PEPPER_ROOT;11965;14;11961;17;;;11971;13;11974;14;;;11968.0;0.0
yf_MKC_d8;42800;ASH_COATED_OSMIUM;9963;12;9959;17;;;9975;20;9977;18;;;9969.0;0.0
yf_MKC_d8;42800;INTARIAN_PEPPER_ROOT;11956;16;11952;26;;;11965;14;11969;19;;;11960.5;0.0
yf_MKC_d8;42900;ASH_COATED_OSMIUM;9965;5;9961;21;;;9972;13;9974;14;;;9968.5;0.0
yf_MKC_d8;42900;INTARIAN_PEPPER_ROOT;11950;17;11946;21;;;11956;30;11958;24;;;11953.0;0.0
yf_MKC_d8;43000;ASH_COATED_OSMIUM;9949;13;9945;16;;;9988;15;9990;18;;;9968.5;0.0
yf_MKC_d8;43000;INTARIAN_PEPPER_ROOT;11943;12;11940;20;;;11949;12;11952;16;;;11946.0;0.0
yf_MKC_d8;43100;ASH_COATED_OSMIUM;9965;16;9963;28;;;9971;15;9973;18;;;9968.0;0.0
yf_MKC_d8;43100;INTARIAN_PEPPER_ROOT;11936;14;11934;17;;;11942;20;11944;14;;;11939.0;0.0
yf_MKC_d8;43200;ASH_COATED_OSMIUM;9965;15;9962;17;;;9971;10;9973;17;;;9968.0;0.0
yf_MKC_d8;43200;INTARIAN_PEPPER_ROOT;11929;20;11927;19;;;11935;20;11937;21;;;11932.0;0.0
yf_MKC_d8;43300;ASH_COATED_OSMIUM;9962;13;9959;16;;;9976;13;9979;23;;;9969.0;0.0
yf_MKC_d8;43300;INTARIAN_PEPPER_ROOT;11922;12;11918;23;;;11928;8;11931;22;;;11925.0;0.0
yf_MKC_d8;43400;ASH_COATED_OSMIUM;9964;24;9962;16;;;9972;13;9976;22;;;9968.0;0.0
yf_MKC_d8;43400;INTARIAN_PEPPER_ROOT;11913;9;11909;16;;;11922;22;11926;13;;;11917.5;0.0
yf_MKC_d8;43500;ASH_COATED_OSMIUM;9961;17;9959;21;;;9974;17;9977;22;;;9967.5;0.0
yf_MKC_d8;43500;INTARIAN_PEPPER_ROOT;11893;16;11891;11;;;11926;10;11930;15;;;11909.5;0.0
yf_MKC_d8;43600;ASH_COATED_OSMIUM;9962;14;9960;29;;;9975;17;9978;20;;;9968.5;0.0
yf_MKC_d8;43600;INTARIAN_PEPPER_ROOT;11900;12;11896;26;;;11906;11;11909;29;;;11903.0;0.0
yf_MKC_d8;43700;ASH_COATED_OSMIUM;9965;9;9961;22;;;9971;23;9974;23;;;9968.0;0.0
yf_MKC_d8;43700;INTARIAN_PEPPER_ROOT;11885;5;11881;15;;;11906;15;11910;26;;;11895.5;0.0
yf_MKC_d8;43800;ASH_COATED_OSMIUM;9963;26;9959;18;;;9973;12;9976;19;;;9968.0;0.0
yf_MKC_d8;43800;INTARIAN_PEPPER_ROOT;11875;5;11871;21;;;11902;8;11904;16;;;11888.5;0.0
yf_MKC_d8;43900;ASH_COATED_OSMIUM;9964;12;9960;20;;;9970;27;9972;17;;;9967.0;0.0
yf_MKC_d8;43900;INTARIAN_PEPPER_ROOT;11877;24;11873;19;;;11886;15;11888;25;;;11881.5;0.0
yf_MKC_d8;44000;ASH_COATED_OSMIUM;9962;23;9960;19;;;9972;27;9976;20;;;9967.0;0.0
yf_MKC_d8;44000;INTARIAN_PEPPER_ROOT;11867;16;11865;19;;;11881;15;11884;17;;;11874.0;0.0
yf_MKC_d8;44100;ASH_COATED_OSMIUM;9964;17;9961;20;;;9970;9;9973;21;;;9967.0;0.0
yf_MKC_d8;44100;INTARIAN_PEPPER_ROOT;11863;12;11860;22;;;11870;12;11874;10;;;11866.5;0.0
yf_MKC_d8;44200;ASH_COATED_OSMIUM;9964;16;9962;18;;;9972;17;9974;26;;;9968.0;0.0
yf_MKC_d8;44200;INTARIAN_PEPPER_ROOT;11857;5;11853;22;;;11863;9;11867;11;;;11860.0;0.0
yf_MKC_d8;44300;ASH_COATED_OSMIUM;9956;10;9952;18;;;9978;10;9980;17;;;9967.0;0.0
yf_MKC_d8;44300;INTARIAN_PEPPER_ROOT;11849;21;11847;19;;;11855;19;11859;15;;;11852.0;0.0
yf_MKC_d8;44400;ASH_COATED_OSMIUM;9957;14;9953;16;;;9979;9;9982;22;;;9968.0;0.0
yf_MKC_d8;44400;INTARIAN_PEPPER_ROOT;11842;16;11838;26;;;11848;8;11851;20;;;11845.0;0.0
yf_MKC_d8;44500;ASH_COATED_OSMIUM;9961;14;9957;23;;;9974;15;9978;20;;;9967.5;0.0
yf_MKC_d8;44500;INTARIAN_PEPPER_ROOT;11835;26;11832;15;;;11841;14;11844;18;;;11838.0;0.0
yf_MKC_d8;44600;ASH_COATED_OSMIUM;9964;8;9960;27;;;9970;20;9973;13;;;9967.0;0.0
yf_MKC_d8;44600;INTARIAN_PEPPER_ROOT;11827;9;11825;22;;;11833;22;11835;25;;;11830.0;0.0
yf_MKC_d8;44700;ASH_COATED_OSMIUM;9963;8;9959;24;;;9970;15;9972;11;;;9966.5;0.0
yf_MKC_d8;44700;INTARIAN_PEPPER_ROOT;11820;19;11817;23;;;11826;12;11828;19;;;11823.0;0.0
yf_MKC_d8;44800;ASH_COATED_OSMIUM;9964;18;9960;17;;;9970;15;9973;19;;;9967.0;0.0
yf_MKC_d8;44800;INTARIAN_PEPPER_ROOT;11813;18;11811;16;;;11819;12;11823;19;;;11816.0;0.0
yf_MKC_d8;44900;ASH_COATED_OSMIUM;9963;13;9961;19;;;9969;12;9972;21;;;9966.0;0.0
yf_MKC_d8;44900;INTARIAN_PEPPER_ROOT;11801;14;11799;25;;;11815;13;11818;17;;;11808.0;0.0
yf_MKC_d8;45000;ASH_COATED_OSMIUM;9962;12;9958;14;;;9970;15;9972;22;;;9966.0;0.0
yf_MKC_d8;45000;INTARIAN_PEPPER_ROOT;11799;12;11797;18;;;11805;20;11808;26;;;11802.0;0.0
yf_MKC_d8;45100;ASH_COATED_OSMIUM;9959;13;9957;16;;;9973;12;9976;18;;;9966.0;0.0
yf_MKC_d8;45100;INTARIAN_PEPPER_ROOT;11791;7;11787;15;;;11797;5;11800;16;;;11794.0;0.0
yf_MKC_d8;45200;ASH_COATED_OSMIUM;9961;16;9958;18;;;9971;16;9973;15;;;9966.0;0.0
yf_MKC_d8;45200;INTARIAN_PEPPER_ROOT;11784;5;11780;21;;;11790;20;11793;22;;;11787.0;0.0
yf_MKC_d8;45300;ASH_COATED_OSMIUM;9957;12;9954;16;;;9974;22;9976;27;;;9965.5;0.0
yf_MKC_d8;45300;INTARIAN_PEPPER_ROOT;11777;24;11775;18;;;11783;9;11785;15;;;11780.0;0.0
yf_MKC_d8;45400;ASH_COATED_OSMIUM;9963;5;9959;21;;;9969;9;9972;17;;;9966.0;0.0
yf_MKC_d8;45400;INTARIAN_PEPPER_ROOT;11770;23;11767;21;;;11776;18;11780;12;;;11773.0;0.0
yf_MKC_d8;45500;ASH_COATED_OSMIUM;9963;15;9961;24;;;9969;17;9973;21;;;9966.0;0.0
yf_MKC_d8;45500;INTARIAN_PEPPER_ROOT;11762;19;11759;17;;;11768;16;11771;21;;;11765.0;0.0
yf_MKC_d8;45600;ASH_COATED_OSMIUM;9963;9;9960;16;;;9969;9;9971;21;;;9966.0;0.0
yf_MKC_d8;45600;INTARIAN_PEPPER_ROOT;11755;16;11753;17;;;11761;7;11763;21;;;11758.0;0.0
yf_MKC_d8;45700;ASH_COATED_OSMIUM;9962;18;9958;20;;;9968;16;9972;21;;;9965.0;0.0
yf_MKC_d8;45700;INTARIAN_PEPPER_ROOT;11745;5;11743;19;;;11756;11;11759;19;;;11750.5;0.0
yf_MKC_d8;45800;ASH_COATED_OSMIUM;9960;16;9956;21;;;9971;16;9975;14;;;9965.5;0.0
yf_MKC_d8;45800;INTARIAN_PEPPER_ROOT;11738;12;11734;23;;;11749;15;11753;27;;;11743.5;0.0
yf_MKC_d8;45900;ASH_COATED_OSMIUM;9962;16;9958;14;;;9970;23;9974;16;;;9966.0;0.0
yf_MKC_d8;45900;INTARIAN_PEPPER_ROOT;11734;5;11730;8;;;11740;15;11743;19;;;11737.0;0.0
yf_MKC_d8;46000;ASH_COATED_OSMIUM;9963;18;9961;24;;;9969;23;9972;15;;;9966.0;0.0
yf_MKC_d8;46000;INTARIAN_PEPPER_ROOT;11726;15;11724;25;;;11732;15;11736;21;;;11729.0;0.0
yf_MKC_d8;46100;ASH_COATED_OSMIUM;9962;12;9958;21;;;9968;5;9970;19;;;9965.0;0.0
yf_MKC_d8;46100;INTARIAN_PEPPER_ROOT;11718;14;11714;14;;;11727;13;11730;12;;;11722.5;0.0
yf_MKC_d8;46200;ASH_COATED_OSMIUM;9963;17;9959;9;;;9969;10;9973;13;;;9966.0;0.0
yf_MKC_d8;46200;INTARIAN_PEPPER_ROOT;11712;23;11710;18;;;11718;15;11721;22;;;11715.0;0.0
yf_MKC_d8;46300;ASH_COATED_OSMIUM;9962;9;9958;23;;;9968;12;9970;18;;;9965.0;0.0
yf_MKC_d8;46300;INTARIAN_PEPPER_ROOT;11699;12;11696;20;;;11716;11;11720;21;;;11707.5;0.0
yf_MKC_d8;46400;ASH_COATED_OSMIUM;9956;7;9954;18;;;9973;9;9975;22;;;9964.5;0.0
yf_MKC_d8;46400;INTARIAN_PEPPER_ROOT;11688;18;11685;22;;;11713;10;11716;22;;;11700.5;0.0
yf_MKC_d8;46500;ASH_COATED_OSMIUM;9962;13;9959;20;;;9968;18;9972;20;;;9965.0;0.0
yf_MKC_d8;46500;INTARIAN_PEPPER_ROOT;11690;8;11688;19;;;11696;14;11698;20;;;11693.0;0.0
yf_MKC_d8;46600;ASH_COATED_OSMIUM;9962;14;9960;24;;;9968;16;9972;21;;;9965.0;0.0
yf_MKC_d8;46600;INTARIAN_PEPPER_ROOT;11683;13;11681;20;;;11689;17;11693;23;;;11686.0;0.0
yf_MKC_d8;46700;ASH_COATED_OSMIUM;9962;9;9960;25;;;9968;14;9972;24;;;9965.0;0.0
yf_MKC_d8;46700;INTARIAN_PEPPER_ROOT;11673;10;11671;22;;;11684;14;11688;21;;;11678.5;0.0
yf_MKC_d8;46800;ASH_COATED_OSMIUM;9960;16;9956;15;;;9969;10;9973;14;;;9964.5;0.0
yf_MKC_d8;46800;INTARIAN_PEPPER_ROOT;11669;17;11667;14;;;11675;13;11677;20;;;11672.0;0.0
yf_MKC_d8;46900;ASH_COATED_OSMIUM;9954;10;9950;21;;;9975;16;9979;12;;;9964.5;0.0
yf_MKC_d8;46900;INTARIAN_PEPPER_ROOT;11661;11;11659;24;;;11667;13;11670;19;;;11664.0;0.0
yf_MKC_d8;47000;ASH_COATED_OSMIUM;9959;8;9956;20;;;9970;12;9973;14;;;9964.5;0.0
yf_MKC_d8;47000;INTARIAN_PEPPER_ROOT;11651;12;11647;18;;;11662;11;11666;18;;;11656.5;0.0
yf_MKC_d8;47100;ASH_COATED_OSMIUM;9961;13;9958;16;;;9967;9;9971;31;;;9964.0;0.0
yf_MKC_d8;47100;INTARIAN_PEPPER_ROOT;11646;11;11643;23;;;11652;21;11656;28;;;11649.0;0.0
yf_MKC_d8;47200;ASH_COATED_OSMIUM;9960;9;9958;21;;;9967;11;9971;24;;;9963.5;0.0
yf_MKC_d8;47200;INTARIAN_PEPPER_ROOT;11639;9;11635;27;;;11645;7;11647;17;;;11642.0;0.0
yf_MKC_d8;47300;ASH_COATED_OSMIUM;9956;17;9954;27;;;9974;8;9977;14;;;9965.0;0.0
yf_MKC_d8;47300;INTARIAN_PEPPER_ROOT;11630;17;11628;23;;;11641;16;11643;17;;;11635.5;0.0
yf_MKC_d8;47400;ASH_COATED_OSMIUM;9957;7;9954;18;;;9970;12;9973;24;;;9963.5;0.0
yf_MKC_d8;47400;INTARIAN_PEPPER_ROOT;11625;14;11623;25;;;11631;13;11633;26;;;11628.0;0.0
yf_MKC_d8;47500;ASH_COATED_OSMIUM;9961;21;9957;28;;;9967;12;9969;16;;;9964.0;0.0
yf_MKC_d8;47500;INTARIAN_PEPPER_ROOT;11618;5;11616;18;;;11624;22;11627;21;;;11621.0;0.0
yf_MKC_d8;47600;ASH_COATED_OSMIUM;9961;16;9958;18;;;9967;10;9971;22;;;9964.0;0.0
yf_MKC_d8;47600;INTARIAN_PEPPER_ROOT;11610;14;11608;21;;;11616;10;11619;27;;;11613.0;0.0
yf_MKC_d8;47700;ASH_COATED_OSMIUM;9957;10;9954;22;;;9971;11;9974;21;;;9964.0;0.0
yf_MKC_d8;47700;INTARIAN_PEPPER_ROOT;11603;5;11599;17;;;11609;15;11613;12;;;11606.0;0.0
yf_MKC_d8;47800;ASH_COATED_OSMIUM;9961;9;9959;24;;;9967;15;9969;21;;;9964.0;0.0
yf_MKC_d8;47800;INTARIAN_PEPPER_ROOT;11596;17;11594;22;;;11602;14;11604;15;;;11599.0;0.0
yf_MKC_d8;47900;ASH_COATED_OSMIUM;9958;13;9955;17;;;9968;17;9971;28;;;9963.0;0.0
yf_MKC_d8;47900;INTARIAN_PEPPER_ROOT;11584;7;11582;18;;;11599;16;11603;31;;;11591.5;0.0
yf_MKC_d8;48000;ASH_COATED_OSMIUM;9960;11;9957;15;;;9966;13;9970;20;;;9963.0;0.0
yf_MKC_d8;48000;INTARIAN_PEPPER_ROOT;11582;8;11580;15;;;11588;17;11592;24;;;11585.0;0.0
yf_MKC_d8;48100;ASH_COATED_OSMIUM;9961;17;9959;18;;;9967;15;9970;17;;;9964.0;0.0
yf_MKC_d8;48100;INTARIAN_PEPPER_ROOT;11574;13;11570;8;;;11580;12;11583;20;;;11577.0;0.0
yf_MKC_d8;48200;ASH_COATED_OSMIUM;9960;14;9958;18;;;9966;10;9970;16;;;9963.0;0.0
yf_MKC_d8;48200;INTARIAN_PEPPER_ROOT;11567;16;11563;22;;;11573;16;11575;24;;;11570.0;0.0
yf_MKC_d8;48300;ASH_COATED_OSMIUM;9956;12;9953;13;;;9970;26;9972;12;;;9963.0;0.0
yf_MKC_d8;48300;INTARIAN_PEPPER_ROOT;11560;19;11556;8;;;11566;15;11569;14;;;11563.0;0.0
yf_MKC_d8;48400;ASH_COATED_OSMIUM;9960;8;9957;14;;;9966;21;9970;21;;;9963.0;0.0
yf_MKC_d8;48400;INTARIAN_PEPPER_ROOT;11544;14;11541;25;;;11568;15;11570;28;;;11556.0;0.0
yf_MKC_d8;48500;ASH_COATED_OSMIUM;9960;16;9956;21;;;9966;18;9970;23;;;9963.0;0.0
yf_MKC_d8;48500;INTARIAN_PEPPER_ROOT;11539;18;11537;11;;;11558;16;11561;14;;;11548.5;0.0
yf_MKC_d8;48600;ASH_COATED_OSMIUM;9960;15;9958;18;;;9966;6;9969;24;;;9963.0;0.0
yf_MKC_d8;48600;INTARIAN_PEPPER_ROOT;11539;21;11536;9;;;11545;25;11548;23;;;11542.0;0.0
yf_MKC_d8;48700;ASH_COATED_OSMIUM;9960;18;9958;24;;;9966;19;9969;19;;;9963.0;0.0
yf_MKC_d8;48700;INTARIAN_PEPPER_ROOT;11531;13;11529;27;;;11537;15;11541;20;;;11534.0;0.0
yf_MKC_d8;48800;ASH_COATED_OSMIUM;9959;20;9955;24;;;9965;18;9969;24;;;9962.0;0.0
yf_MKC_d8;48800;INTARIAN_PEPPER_ROOT;11523;22;11521;20;;;11529;15;11533;16;;;11526.0;0.0
yf_MKC_d8;48900;ASH_COATED_OSMIUM;9959;9;9957;21;;;9965;19;9967;19;;;9962.0;0.0
yf_MKC_d8;48900;INTARIAN_PEPPER_ROOT;11516;18;11512;16;;;11522;9;11526;16;;;11519.0;0.0
yf_MKC_d8;49000;ASH_COATED_OSMIUM;9954;22;9950;22;;;9970;16;9974;10;;;9962.0;0.0
yf_MKC_d8;49000;INTARIAN_PEPPER_ROOT;11509;5;11506;24;;;11515;7;11519;14;;;11512.0;0.0
yf_MKC_d8;49100;ASH_COATED_OSMIUM;9959;11;9957;15;;;9965;14;9967;17;;;9962.0;0.0
yf_MKC_d8;49100;INTARIAN_PEPPER_ROOT;11500;5;11496;16;;;11511;19;11513;16;;;11505.5;0.0
yf_MKC_d8;49200;ASH_COATED_OSMIUM;9955;15;9953;21;;;9969;10;9972;28;;;9962.0;0.0
yf_MKC_d8;49200;INTARIAN_PEPPER_ROOT;11494;23;11492;26;;;11500;18;11503;23;;;11497.0;0.0
yf_MKC_d8;49300;ASH_COATED_OSMIUM;9958;16;9955;21;;;9964;15;9968;25;;;9961.0;0.0
yf_MKC_d8;49300;INTARIAN_PEPPER_ROOT;11487;20;11484;25;;;11493;20;11497;16;;;11490.0;0.0
yf_MKC_d8;49400;ASH_COATED_OSMIUM;9954;18;9952;23;;;9969;13;9973;14;;;9961.5;0.0
yf_MKC_d8;49400;INTARIAN_PEPPER_ROOT;11480;9;11477;16;;;11487;12;11491;23;;;11483.5;0.0
yf_MKC_d8;49500;ASH_COATED_OSMIUM;9958;22;9956;19;;;9964;20;9967;18;;;9961.0;0.0
yf_MKC_d8;49500;INTARIAN_PEPPER_ROOT;11473;5;11470;14;;;11479;15;11483;20;;;11476.0;0.0
yf_MKC_d8;49600;ASH_COATED_OSMIUM;9959;18;9956;22;;;9965;20;9969;19;;;9962.0;0.0
yf_MKC_d8;49600;INTARIAN_PEPPER_ROOT;11465;14;11462;30;;;11472;9;11476;17;;;11468.5;0.0
yf_MKC_d8;49700;ASH_COATED_OSMIUM;9958;17;9955;21;;;9964;17;9968;12;;;9961.0;0.0
yf_MKC_d8;49700;INTARIAN_PEPPER_ROOT;11459;19;11455;18;;;11465;18;11468;14;;;11462.0;0.0
yf_MKC_d8;49800;ASH_COATED_OSMIUM;9947;21;9944;18;;;9975;18;9978;17;;;9961.0;0.0
yf_MKC_d8;49800;INTARIAN_PEPPER_ROOT;11451;20;11448;23;;;11457;15;11460;23;;;11454.0;0.0
yf_MKC_d8;49900;ASH_COATED_OSMIUM;9958;17;9955;17;;;9964;17;9966;20;;;9961.0;0.0
yf_MKC_d8;49900;INTARIAN_PEPPER_ROOT;11441;15;11438;10;;;11454;22;11456;25;;;11447.5;0.0
yf_MKC_d8;50000;ASH_COATED_OSMIUM;9942;11;9939;19;;;9980;20;9983;21;;;9961.0;0.0
yf_MKC_d8;50000;INTARIAN_PEPPER_ROOT;11437;13;11434;25;;;11443;12;11446;29;;;11440.0;0.0
yf_MKC_d8;50100;ASH_COATED_OSMIUM;9956;15;9953;24;;;9966;20;9969;20;;;9961.0;0.0
yf_MKC_d8;50100;INTARIAN_PEPPER_ROOT;11429;10;11427;18;;;11435;16;11438;21;;;11432.0;0.0
yf_MKC_d8;50200;ASH_COATED_OSMIUM;9958;7;9954;8;;;9964;22;9966;16;;;9961.0;0.0
yf_MKC_d8;50200;INTARIAN_PEPPER_ROOT;11423;11;11420;18;;;11429;18;11432;21;;;11426.0;0.0
yf_MKC_d8;50300;ASH_COATED_OSMIUM;9957;7;9955;22;;;9963;16;9965;18;;;9960.0;0.0
yf_MKC_d8;50300;INTARIAN_PEPPER_ROOT;11415;25;11412;22;;;11421;16;11425;19;;;11418.0;0.0
yf_MKC_d8;50400;ASH_COATED_OSMIUM;9958;18;9956;17;;;9964;11;9967;17;;;9961.0;0.0
yf_MKC_d8;50400;INTARIAN_PEPPER_ROOT;11408;20;11404;20;;;11414;21;11417;21;;;11411.0;0.0
yf_MKC_d8;50500;ASH_COATED_OSMIUM;9958;15;9954;23;;;9964;19;9967;24;;;9961.0;0.0
yf_MKC_d8;50500;INTARIAN_PEPPER_ROOT;11395;7;11392;8;;;11412;13;11415;22;;;11403.5;0.0
yf_MKC_d8;50600;ASH_COATED_OSMIUM;9957;12;9954;21;;;9963;14;9967;22;;;9960.0;0.0
yf_MKC_d8;50600;INTARIAN_PEPPER_ROOT;11393;5;11390;13;;;11399;18;11403;18;;;11396.0;0.0
yf_MKC_d8;50700;ASH_COATED_OSMIUM;9958;19;9954;21;;;9964;20;9966;21;;;9961.0;0.0
yf_MKC_d8;50700;INTARIAN_PEPPER_ROOT;11386;11;11383;20;;;11392;5;11396;22;;;11389.0;0.0
yf_MKC_d8;50800;ASH_COATED_OSMIUM;9957;18;9955;18;;;9963;13;9966;27;;;9960.0;0.0
yf_MKC_d8;50800;INTARIAN_PEPPER_ROOT;11379;10;11375;26;;;11386;8;11390;18;;;11382.5;0.0
yf_MKC_d8;50900;ASH_COATED_OSMIUM;9944;21;9942;13;;;9976;15;9979;18;;;9960.0;0.0
yf_MKC_d8;50900;INTARIAN_PEPPER_ROOT;11374;25;11370;25;;;11380;18;11384;25;;;11377.0;0.0
yf_MKC_d8;51000;ASH_COATED_OSMIUM;9957;24;9955;16;;;9963;27;9965;13;;;9960.0;0.0
yf_MKC_d8;51000;INTARIAN_PEPPER_ROOT;11370;18;11366;20;;;11376;19;11380;24;;;11373.0;0.0
yf_MKC_d8;51100;ASH_COATED_OSMIUM;9954;15;9950;28;;;9967;16;9971;19;;;9960.5;0.0
yf_MKC_d8;51100;INTARIAN_PEPPER_ROOT;11367;19;11365;27;;;11373;16;11376;20;;;11370.0;0.0
yf_MKC_d8;51200;ASH_COATED_OSMIUM;9956;18;9953;12;;;9962;17;9965;17;;;9959.0;0.0
yf_MKC_d8;51200;INTARIAN_PEPPER_ROOT;11364;12;11361;22;;;11370;20;11373;22;;;11367.0;0.0
yf_MKC_d8;51300;ASH_COATED_OSMIUM;9957;12;9954;10;;;9963;11;9966;18;;;9960.0;0.0
yf_MKC_d8;51300;INTARIAN_PEPPER_ROOT;11359;18;11356;21;;;11368;20;11371;24;;;11363.5;0.0
yf_MKC_d8;51400;ASH_COATED_OSMIUM;9956;23;9952;28;;;9962;17;9964;23;;;9959.0;0.0
yf_MKC_d8;51400;INTARIAN_PEPPER_ROOT;11357;27;11354;25;;;11363;19;11365;14;;;11360.0;0.0
yf_MKC_d8;51500;ASH_COATED_OSMIUM;9954;22;9951;28;;;9963;24;9966;20;;;9958.5;0.0
yf_MKC_d8;51500;INTARIAN_PEPPER_ROOT;11354;6;11352;8;;;11360;17;11363;22;;;11357.0;0.0
yf_MKC_d8;51600;ASH_COATED_OSMIUM;9956;11;9954;20;;;9962;12;9965;25;;;9959.0;0.0
yf_MKC_d8;51600;INTARIAN_PEPPER_ROOT;11350;22;11347;17;;;11356;18;11360;8;;;11353.0;0.0
yf_MKC_d8;51700;ASH_COATED_OSMIUM;9956;12;9952;29;;;9962;9;9966;20;;;9959.0;0.0
yf_MKC_d8;51700;INTARIAN_PEPPER_ROOT;11346;9;11342;19;;;11352;15;11356;20;;;11349.0;0.0
yf_MKC_d8;51800;ASH_COATED_OSMIUM;9952;16;9950;23;;;9964;7;9968;15;;;9958.0;0.0
yf_MKC_d8;51800;INTARIAN_PEPPER_ROOT;11342;12;11338;19;;;11350;12;11353;10;;;11346.0;0.0
yf_MKC_d8;51900;ASH_COATED_OSMIUM;9955;11;9951;29;;;9961;15;9964;23;;;9958.0;0.0
yf_MKC_d8;51900;INTARIAN_PEPPER_ROOT;11340;12;11337;26;;;11346;15;11349;22;;;11343.0;0.0
yf_MKC_d8;52000;ASH_COATED_OSMIUM;9954;21;9951;22;;;9960;5;9964;19;;;9957.0;0.0
yf_MKC_d8;52000;INTARIAN_PEPPER_ROOT;11335;17;11333;28;;;11341;21;11343;26;;;11338.0;0.0
yf_MKC_d8;52100;ASH_COATED_OSMIUM;9955;14;9952;19;;;9961;19;9963;23;;;9958.0;0.0
yf_MKC_d8;52100;INTARIAN_PEPPER_ROOT;11332;20;11330;23;;;11338;7;11340;16;;;11335.0;0.0
yf_MKC_d8;52200;ASH_COATED_OSMIUM;9954;17;9950;18;;;9963;17;9965;22;;;9958.5;0.0
yf_MKC_d8;52200;INTARIAN_PEPPER_ROOT;11327;18;11324;16;;;11336;15;11339;25;;;11331.5;0.0
yf_MKC_d8;52300;ASH_COATED_OSMIUM;9952;12;9948;21;;;9962;12;9966;18;;;9957.0;0.0
yf_MKC_d8;52300;INTARIAN_PEPPER_ROOT;11318;22;11314;17;;;11337;20;11339;25;;;11327.5;0.0
yf_MKC_d8;52400;ASH_COATED_OSMIUM;9953;9;9949;25;;;9959;24;9961;22;;;9956.0;0.0
yf_MKC_d8;52400;INTARIAN_PEPPER_ROOT;11322;23;11320;17;;;11328;19;11331;21;;;11325.0;0.0
yf_MKC_d8;52500;ASH_COATED_OSMIUM;9953;8;9949;21;;;9961;12;9965;19;;;9957.0;0.0
yf_MKC_d8;52500;INTARIAN_PEPPER_ROOT;11317;12;11314;25;;;11326;14;11329;17;;;11321.5;0.0
yf_MKC_d8;52600;ASH_COATED_OSMIUM;9954;20;9951;26;;;9960;17;9964;21;;;9957.0;0.0
yf_MKC_d8;52600;INTARIAN_PEPPER_ROOT;11314;20;11310;17;;;11320;19;11322;22;;;11317.0;0.0
yf_MKC_d8;52700;ASH_COATED_OSMIUM;9953;16;9950;15;;;9959;18;9962;19;;;9956.0;0.0
yf_MKC_d8;52700;INTARIAN_PEPPER_ROOT;11312;7;11310;23;;;11318;12;11322;22;;;11315.0;0.0
yf_MKC_d8;52800;ASH_COATED_OSMIUM;9954;13;9952;18;;;9960;21;9963;23;;;9957.0;0.0
yf_MKC_d8;52800;INTARIAN_PEPPER_ROOT;11305;16;11302;21;;;11317;10;11321;11;;;11311.0;0.0
yf_MKC_d8;52900;ASH_COATED_OSMIUM;9953;9;9950;27;;;9959;10;9961;21;;;9956.0;0.0
yf_MKC_d8;52900;INTARIAN_PEPPER_ROOT;11301;11;11298;24;;;11313;15;11316;22;;;11307.0;0.0
yf_MKC_d8;53000;ASH_COATED_OSMIUM;9952;10;9948;16;;;9959;12;9961;15;;;9955.5;0.0
yf_MKC_d8;53000;INTARIAN_PEPPER_ROOT;11300;15;11296;20;;;11309;10;11311;25;;;11304.5;0.0
yf_MKC_d8;53100;ASH_COATED_OSMIUM;9953;17;9950;26;;;9959;11;9961;22;;;9956.0;0.0
yf_MKC_d8;53100;INTARIAN_PEPPER_ROOT;11298;7;11294;21;;;11304;11;11306;22;;;11301.0;0.0
yf_MKC_d8;53200;ASH_COATED_OSMIUM;9952;14;9948;20;;;9959;9;9962;9;;;9955.5;0.0
yf_MKC_d8;53200;INTARIAN_PEPPER_ROOT;11294;20;11290;19;;;11300;15;11302;23;;;11297.0;0.0
yf_MKC_d8;53300;ASH_COATED_OSMIUM;9952;16;9949;24;;;9958;11;9961;20;;;9955.0;0.0
yf_MKC_d8;53300;INTARIAN_PEPPER_ROOT;11291;19;11289;16;;;11297;9;11299;19;;;11294.0;0.0
yf_MKC_d8;53400;ASH_COATED_OSMIUM;9952;12;9948;20;;;9958;14;9961;19;;;9955.0;0.0
yf_MKC_d8;53400;INTARIAN_PEPPER_ROOT;11285;16;11282;25;;;11295;19;11298;20;;;11290.0;0.0
yf_MKC_d8;53500;ASH_COATED_OSMIUM;9951;22;9947;15;;;9959;14;9963;17;;;9955.0;0.0
yf_MKC_d8;53500;INTARIAN_PEPPER_ROOT;11283;25;11281;16;;;11289;10;11291;19;;;11286.0;0.0
yf_MKC_d8;53600;ASH_COATED_OSMIUM;9948;15;9944;21;;;9960;11;9963;23;;;9954.0;0.0
yf_MKC_d8;53600;INTARIAN_PEPPER_ROOT;11280;10;11278;19;;;11286;19;11289;27;;;11283.0;0.0
yf_MKC_d8;53700;ASH_COATED_OSMIUM;9951;5;9949;19;;;9957;19;9961;23;;;9954.0;0.0
yf_MKC_d8;53700;INTARIAN_PEPPER_ROOT;11276;15;11274;17;;;11283;22;11287;25;;;11279.5;0.0
yf_MKC_d8;53800;ASH_COATED_OSMIUM;9951;11;9949;18;;;9957;6;9959;28;;;9954.0;0.0
yf_MKC_d8;53800;INTARIAN_PEPPER_ROOT;11273;8;11269;22;;;11279;8;11281;18;;;11276.0;0.0
yf_MKC_d8;53900;ASH_COATED_OSMIUM;9951;14;9948;23;;;9957;13;9959;18;;;9954.0;0.0
yf_MKC_d8;53900;INTARIAN_PEPPER_ROOT;11270;14;11266;12;;;11276;15;11278;25;;;11273.0;0.0
yf_MKC_d8;54000;ASH_COATED_OSMIUM;9947;17;9944;26;;;9959;7;9961;15;;;9953.0;0.0
yf_MKC_d8;54000;INTARIAN_PEPPER_ROOT;11266;17;11263;17;;;11274;7;11276;17;;;11270.0;0.0
yf_MKC_d8;54100;ASH_COATED_OSMIUM;9950;9;9948;20;;;9956;15;9958;26;;;9953.0;0.0
yf_MKC_d8;54100;INTARIAN_PEPPER_ROOT;11263;13;11261;19;;;11269;7;11273;16;;;11266.0;0.0
yf_MKC_d8;54200;ASH_COATED_OSMIUM;9947;17;9945;19;;;9959;15;9961;20;;;9953.0;0.0
yf_MKC_d8;54200;INTARIAN_PEPPER_ROOT;11259;16;11256;20;;;11265;8;11268;21;;;11262.0;0.0
yf_MKC_d8;54300;ASH_COATED_OSMIUM;9950;11;9947;21;;;9956;6;9959;20;;;9953.0;0.0
yf_MKC_d8;54300;INTARIAN_PEPPER_ROOT;11256;14;11253;14;;;11262;5;11266;24;;;11259.0;0.0
yf_MKC_d8;54400;ASH_COATED_OSMIUM;9949;20;9947;11;;;9955;19;9958;16;;;9952.0;0.0
yf_MKC_d8;54400;INTARIAN_PEPPER_ROOT;11253;13;11250;13;;;11259;13;11261;19;;;11256.0;0.0
yf_MKC_d8;54500;ASH_COATED_OSMIUM;9949;17;9947;23;;;9956;12;9959;14;;;9952.5;0.0
yf_MKC_d8;54500;INTARIAN_PEPPER_ROOT;11249;17;11246;27;;;11255;16;11257;17;;;11252.0;0.0
yf_MKC_d8;54600;ASH_COATED_OSMIUM;9948;11;9946;8;;;9957;22;9959;19;;;9952.5;0.0
yf_MKC_d8;54600;INTARIAN_PEPPER_ROOT;11245;6;11242;17;;;11251;10;11253;10;;;11248.0;0.0
yf_MKC_d8;54700;ASH_COATED_OSMIUM;9949;14;9946;19;;;9955;12;9958;20;;;9952.0;0.0
yf_MKC_d8;54700;INTARIAN_PEPPER_ROOT;11242;13;11238;14;;;11248;20;11251;16;;;11245.0;0.0
yf_MKC_d8;54800;ASH_COATED_OSMIUM;9949;14;9946;21;;;9955;30;9959;18;;;9952.0;0.0
yf_MKC_d8;54800;INTARIAN_PEPPER_ROOT;11235;25;11231;18;;;11247;20;11249;26;;;11241.0;0.0
yf_MKC_d8;54900;ASH_COATED_OSMIUM;9949;15;9945;16;;;9955;16;9957;31;;;9952.0;0.0
yf_MKC_d8;54900;INTARIAN_PEPPER_ROOT;11235;14;11231;22;;;11241;14;11243;23;;;11238.0;0.0
yf_MKC_d8;55000;ASH_COATED_OSMIUM;9949;14;9945;22;;;9955;9;9959;11;;;9952.0;0.0
yf_MKC_d8;55000;INTARIAN_PEPPER_ROOT;11231;17;11227;22;;;11237;20;11239;17;;;11234.0;0.0
yf_MKC_d8;55100;ASH_COATED_OSMIUM;9949;20;9947;16;;;9956;27;9959;14;;;9952.5;0.0
yf_MKC_d8;55100;INTARIAN_PEPPER_ROOT;11228;14;11225;24;;;11234;7;11236;12;;;11231.0;0.0
yf_MKC_d8;55200;ASH_COATED_OSMIUM;9948;12;9945;28;;;9954;21;9956;20;;;9951.0;0.0
yf_MKC_d8;55200;INTARIAN_PEPPER_ROOT;11225;11;11221;23;;;11231;16;11234;20;;;11228.0;0.0
yf_MKC_d8;55300;ASH_COATED_OSMIUM;9948;9;9944;22;;;9954;14;9956;18;;;9951.0;0.0
yf_MKC_d8;55300;INTARIAN_PEPPER_ROOT;11221;14;11219;21;;;11227;22;11230;13;;;11224.0;0.0
yf_MKC_d8;55400;ASH_COATED_OSMIUM;9947;14;9943;19;;;9954;15;9958;20;;;9950.5;0.0
yf_MKC_d8;55400;INTARIAN_PEPPER_ROOT;11218;16;11215;21;;;11224;16;11226;20;;;11221.0;0.0
yf_MKC_d8;55500;ASH_COATED_OSMIUM;9948;15;9945;23;;;9954;5;9957;23;;;9951.0;0.0
yf_MKC_d8;55500;INTARIAN_PEPPER_ROOT;11213;14;11209;17;;;11221;22;11225;25;;;11217.0;0.0
yf_MKC_d8;55600;ASH_COATED_OSMIUM;9944;19;9940;17;;;9956;10;9958;20;;;9950.0;0.0
yf_MKC_d8;55600;INTARIAN_PEPPER_ROOT;11211;11;11208;19;;;11217;24;11220;16;;;11214.0;0.0
yf_MKC_d8;55700;ASH_COATED_OSMIUM;9947;11;9943;18;;;9953;12;9955;16;;;9950.0;0.0
yf_MKC_d8;55700;INTARIAN_PEPPER_ROOT;11207;14;11204;23;;;11213;19;11216;18;;;11210.0;0.0
yf_MKC_d8;55800;ASH_COATED_OSMIUM;9947;13;9944;25;;;9953;13;9956;21;;;9950.0;0.0
yf_MKC_d8;55800;INTARIAN_PEPPER_ROOT;11191;14;11187;16;;;11224;18;11228;25;;;11207.5;0.0
yf_MKC_d8;55900;ASH_COATED_OSMIUM;9947;16;9944;19;;;9953;6;9955;16;;;9950.0;0.0
yf_MKC_d8;55900;INTARIAN_PEPPER_ROOT;11196;14;11193;21;;;11210;11;11214;32;;;11203.0;0.0
yf_MKC_d8;56000;ASH_COATED_OSMIUM;9947;9;9945;17;;;9953;25;9955;28;;;9950.0;0.0
yf_MKC_d8;56000;INTARIAN_PEPPER_ROOT;11195;16;11193;13;;;11206;20;11208;13;;;11200.5;0.0
yf_MKC_d8;56100;ASH_COATED_OSMIUM;9946;14;9944;21;;;9952;19;9956;25;;;9949.0;0.0
yf_MKC_d8;56100;INTARIAN_PEPPER_ROOT;11189;11;11186;13;;;11204;15;11208;25;;;11196.5;0.0
yf_MKC_d8;56200;ASH_COATED_OSMIUM;9946;16;9943;24;;;9952;13;9955;23;;;9949.0;0.0
yf_MKC_d8;56200;INTARIAN_PEPPER_ROOT;11189;10;11185;16;;;11195;10;11197;24;;;11192.0;0.0
yf_MKC_d8;56300;ASH_COATED_OSMIUM;9946;6;9942;24;;;9952;18;9956;21;;;9949.0;0.0
yf_MKC_d8;56300;INTARIAN_PEPPER_ROOT;11187;16;11185;25;;;11193;15;11195;26;;;11190.0;0.0
yf_MKC_d8;56400;ASH_COATED_OSMIUM;9941;15;9937;25;;;9956;21;9960;16;;;9948.5;0.0
yf_MKC_d8;56400;INTARIAN_PEPPER_ROOT;11183;20;11179;21;;;11189;23;11193;10;;;11186.0;0.0
yf_MKC_d8;56500;ASH_COATED_OSMIUM;9944;10;9941;18;;;9953;10;9957;23;;;9948.5;0.0
yf_MKC_d8;56500;INTARIAN_PEPPER_ROOT;11179;16;11177;19;;;11186;15;11189;9;;;11182.5;0.0
yf_MKC_d8;56600;ASH_COATED_OSMIUM;9945;10;9941;13;;;9951;18;9954;10;;;9948.0;0.0
yf_MKC_d8;56600;INTARIAN_PEPPER_ROOT;11176;19;11173;13;;;11182;12;11185;24;;;11179.0;0.0
yf_MKC_d8;56700;ASH_COATED_OSMIUM;9945;20;9942;17;;;9951;14;9954;23;;;9948.0;0.0
yf_MKC_d8;56700;INTARIAN_PEPPER_ROOT;11168;15;11165;21;;;11183;17;11187;24;;;11175.5;0.0
yf_MKC_d8;56800;ASH_COATED_OSMIUM;9945;23;9943;12;;;9951;13;9954;20;;;9948.0;0.0
yf_MKC_d8;56800;INTARIAN_PEPPER_ROOT;11169;5;11166;32;;;11175;20;11179;22;;;11172.0;0.0
yf_MKC_d8;56900;ASH_COATED_OSMIUM;9944;16;9940;15;;;9950;19;9953;14;;;9947.0;0.0
yf_MKC_d8;56900;INTARIAN_PEPPER_ROOT;11165;17;11162;23;;;11172;15;11175;34;;;11168.5;0.0
yf_MKC_d8;57000;ASH_COATED_OSMIUM;9939;23;9936;28;;;9956;18;9958;8;;;9947.5;0.0
yf_MKC_d8;57000;INTARIAN_PEPPER_ROOT;11162;21;11158;15;;;11168;18;11170;22;;;11165.0;0.0
yf_MKC_d8;57100;ASH_COATED_OSMIUM;9944;7;9941;19;;;9951;8;9954;15;;;9947.5;0.0
yf_MKC_d8;57100;INTARIAN_PEPPER_ROOT;11155;20;11152;12;;;11168;21;11172;33;;;11161.5;0.0
yf_MKC_d8;57200;ASH_COATED_OSMIUM;9944;7;9941;20;;;9950;17;9952;31;;;9947.0;0.0
yf_MKC_d8;57200;INTARIAN_PEPPER_ROOT;11148;9;11146;18;;;11168;11;11170;29;;;11158.0;0.0
yf_MKC_d8;57300;ASH_COATED_OSMIUM;9943;13;9939;27;;;9951;14;9954;23;;;9947.0;0.0
yf_MKC_d8;57300;INTARIAN_PEPPER_ROOT;11152;13;11149;28;;;11158;18;11162;21;;;11155.0;0.0
yf_MKC_d8;57400;ASH_COATED_OSMIUM;9944;21;9940;20;;;9950;17;9953;17;;;9947.0;0.0
yf_MKC_d8;57400;INTARIAN_PEPPER_ROOT;11149;18;11147;23;;;11155;5;11159;15;;;11152.0;0.0
yf_MKC_d8;57500;ASH_COATED_OSMIUM;9943;24;9940;13;;;9949;22;9951;21;;;9946.0;0.0
yf_MKC_d8;57500;INTARIAN_PEPPER_ROOT;11145;18;11142;18;;;11151;15;11153;21;;;11148.0;0.0
yf_MKC_d8;57600;ASH_COATED_OSMIUM;9928;19;9926;21;;;9965;13;9968;22;;;9946.5;0.0
yf_MKC_d8;57600;INTARIAN_PEPPER_ROOT;11140;15;11137;15;;;11148;17;11151;25;;;11144.0;0.0
yf_MKC_d8;57700;ASH_COATED_OSMIUM;9943;15;9941;22;;;9949;6;9952;18;;;9946.0;0.0
yf_MKC_d8;57700;INTARIAN_PEPPER_ROOT;11136;13;11133;19;;;11147;15;11151;19;;;11141.5;0.0
yf_MKC_d8;57800;ASH_COATED_OSMIUM;9943;23;9939;18;;;9949;9;9953;15;;;9946.0;0.0
yf_MKC_d8;57800;INTARIAN_PEPPER_ROOT;11131;9;11127;22;;;11144;15;11146;23;;;11137.5;0.0
yf_MKC_d8;57900;ASH_COATED_OSMIUM;9942;15;9939;25;;;9948;14;9950;21;;;9945.0;0.0
yf_MKC_d8;57900;INTARIAN_PEPPER_ROOT;11124;13;11121;14;;;11144;9;11146;22;;;11134.0;0.0
yf_MKC_d8;58000;ASH_COATED_OSMIUM;9942;5;9939;25;;;9948;7;9952;13;;;9945.0;0.0
yf_MKC_d8;58000;INTARIAN_PEPPER_ROOT;11114;16;11111;16;;;11147;20;11151;13;;;11130.5;0.0
yf_MKC_d8;58100;ASH_COATED_OSMIUM;9941;13;9939;14;;;9949;10;9953;18;;;9945.0;0.0
yf_MKC_d8;58100;INTARIAN_PEPPER_ROOT;11123;14;11119;9;;;11129;16;11133;18;;;11126.0;0.0
yf_MKC_d8;58200;ASH_COATED_OSMIUM;9925;9;9923;24;;;9964;5;9967;25;;;9944.5;0.0
yf_MKC_d8;58200;INTARIAN_PEPPER_ROOT;11120;13;11116;19;;;11126;18;11129;29;;;11123.0;0.0
yf_MKC_d8;58300;ASH_COATED_OSMIUM;9934;7;9931;25;;;9956;19;9959;18;;;9945.0;0.0
yf_MKC_d8;58300;INTARIAN_PEPPER_ROOT;11115;5;11112;17;;;11124;22;11126;19;;;11119.5;0.0
yf_MKC_d8;58400;ASH_COATED_OSMIUM;9938;15;9935;17;;;9951;11;9953;20;;;9944.5;0.0
yf_MKC_d8;58400;INTARIAN_PEPPER_ROOT;11114;13;11111;24;;;11120;16;11122;11;;;11117.0;0.0
yf_MKC_d8;58500;ASH_COATED_OSMIUM;9940;5;9936;13;;;9949;10;9953;16;;;9944.5;0.0
yf_MKC_d8;58500;INTARIAN_PEPPER_ROOT;11110;22;11108;24;;;11116;11;11119;23;;;11113.0;0.0
yf_MKC_d8;58600;ASH_COATED_OSMIUM;9938;19;9936;22;;;9949;20;9952;21;;;9943.5;0.0
yf_MKC_d8;58600;INTARIAN_PEPPER_ROOT;11107;9;11103;19;;;11113;18;11117;18;;;11110.0;0.0
yf_MKC_d8;58700;ASH_COATED_OSMIUM;9941;18;9939;24;;;9947;14;9949;24;;;9944.0;0.0
yf_MKC_d8;58700;INTARIAN_PEPPER_ROOT;11103;13;11100;18;;;11109;17;11113;23;;;11106.0;0.0
yf_MKC_d8;58800;ASH_COATED_OSMIUM;9941;15;9939;17;;;9947;12;9950;20;;;9944.0;0.0
yf_MKC_d8;58800;INTARIAN_PEPPER_ROOT;11100;13;11096;15;;;11106;11;11110;11;;;11103.0;0.0
yf_MKC_d8;58900;ASH_COATED_OSMIUM;9940;17;9938;17;;;9946;19;9949;22;;;9943.0;0.0
yf_MKC_d8;58900;INTARIAN_PEPPER_ROOT;11096;15;11093;18;;;11102;19;11106;18;;;11099.0;0.0
yf_MKC_d8;59000;ASH_COATED_OSMIUM;9940;20;9936;13;;;9946;14;9948;18;;;9943.0;0.0
