day;timestamp;product;bid_price_1;bid_volume_1;bid_price_2;bid_volume_2;bid_price_3;bid_volume_3;ask_price_1;ask_volume_1;ask_price_2;ask_volume_2;ask_price_3;ask_volume_3;mid_price;profit_and_loss
yf_BGS_d13;0;ASH_COATED_OSMIUM;9897;13;9894;11;;;9903;20;9905;22;;;9900.0;0.0
yf_BGS_d13;0;INTARIAN_PEPPER_ROOT;9993;17;9991;23;;;10005;16;10008;27;;;9999.0;0.0
yf_BGS_d13;100;ASH_COATED_OSMIUM;9892;11;9890;24;;;9908;13;9911;25;;;9900.0;0.0
yf_BGS_d13;100;INTARIAN_PEPPER_ROOT;9997;17;9995;12;;;10003;22;10007;12;;;10000.0;0.0
yf_BGS_d13;200;ASH_COATED_OSMIUM;9897;21;9895;24;;;9903;16;9906;19;;;9900.0;0.0
yf_BGS_d13;200;INTARIAN_PEPPER_ROOT;9999;14;9995;26;;;10006;9;10010;16;;;10002.5;0.0
yf_BGS_d13;300;ASH_COATED_OSMIUM;9892;13;9890;12;;;9907;6;9909;21;;;9899.5;0.0
yf_BGS_d13;300;INTARIAN_PEPPER_ROOT;9999;13;9995;21;;;10005;6;10008;15;;;10002.0;0.0
yf_BGS_d13;400;ASH_COATED_OSMIUM;9897;13;9894;20;;;9903;7;9907;19;;;9900.0;0.0
yf_BGS_d13;400;INTARIAN_PEPPER_ROOT;9999;15;9995;8;;;10007;8;10011;19;;;10003.0;0.0
yf_BGS_d13;500;ASH_COATED_OSMIUM;9896;17;9894;18;;;9902;20;9904;24;;;9899.0;0.0
yf_BGS_d13;500;INTARIAN_PEPPER_ROOT;9998;10;9994;28;;;10011;16;10014;16;;;10004.5;0.0
yf_BGS_d13;600;ASH_COATED_OSMIUM;9889;26;9887;22;;;9911;16;9915;14;;;9900.0;0.0
yf_BGS_d13;600;INTARIAN_PEPPER_ROOT;10002;15;9999;9;;;10009;19;10012;20;;;10005.5;0.0
yf_BGS_d13;700;ASH_COATED_OSMIUM;9887;7;9884;25;;;9912;15;9915;22;;;9899.5;0.0
yf_BGS_d13;700;INTARIAN_PEPPER_ROOT;10005;7;10002;18;;;10011;5;10013;19;;;10008.0;0.0
yf_BGS_d13;800;ASH_COATED_OSMIUM;9894;22;9891;18;;;9906;7;9909;9;;;9900.0;0.0
yf_BGS_d13;800;INTARIAN_PEPPER_ROOT;9987;18;9984;18;;;10026;18;10029;23;;;10006.5;0.0
yf_BGS_d13;900;ASH_COATED_OSMIUM;9896;9;9894;21;;;9902;10;9905;24;;;9899.0;0.0
yf_BGS_d13;900;INTARIAN_PEPPER_ROOT;10006;14;10003;18;;;10012;12;10015;26;;;10009.0;0.0
yf_BGS_d13;1000;ASH_COATED_OSMIUM;9897;22;9895;21;;;9903;14;9905;23;;;9900.0;0.0
yf_BGS_d13;1000;INTARIAN_PEPPER_ROOT;10002;19;10000;22;;;10016;14;10020;17;;;10009.0;0.0
yf_BGS_d13;1100;ASH_COATED_OSMIUM;9893;19;9890;15;;;9908;8;9912;22;;;9900.5;0.0
yf_BGS_d13;1100;INTARIAN_PEPPER_ROOT;10008;9;10004;18;;;10014;21;10016;24;;;10011.0;0.0
yf_BGS_d13;1200;ASH_COATED_OSMIUM;9897;19;9894;22;;;9903;8;9907;23;;;9900.0;0.0
yf_BGS_d13;1200;INTARIAN_PEPPER_ROOT;10009;5;10005;20;;;10015;18;10017;18;;;10012.0;0.0
yf_BGS_d13;1300;ASH_COATED_OSMIUM;9891;10;9889;24;;;9909;15;9913;22;;;9900.0;0.0
yf_BGS_d13;1300;INTARIAN_PEPPER_ROOT;10010;14;10008;20;;;10016;18;10019;13;;;10013.0;0.0
yf_BGS_d13;1400;ASH_COATED_OSMIUM;9897;13;9894;13;;;9903;16;9906;21;;;9900.0;0.0
yf_BGS_d13;1400;INTARIAN_PEPPER_ROOT;10009;23;10006;15;;;10017;9;10021;12;;;10013.0;0.0
yf_BGS_d13;1500;ASH_COATED_OSMIUM;9897;6;9895;18;;;9903;8;9905;28;;;9900.0;0.0
yf_BGS_d13;1500;INTARIAN_PEPPER_ROOT;10005;20;10001;23;;;10025;9;10028;28;;;10015.0;0.0
yf_BGS_d13;1600;ASH_COATED_OSMIUM;9897;23;9895;23;;;9903;10;9906;15;;;9900.0;0.0
yf_BGS_d13;1600;INTARIAN_PEPPER_ROOT;10011;13;10009;26;;;10021;20;10024;17;;;10016.0;0.0
yf_BGS_d13;1700;ASH_COATED_OSMIUM;9897;18;9893;23;;;9903;18;9906;18;;;9900.0;0.0
yf_BGS_d13;1700;INTARIAN_PEPPER_ROOT;10014;22;10010;14;;;10020;13;10024;21;;;10017.0;0.0
yf_BGS_d13;1800;ASH_COATED_OSMIUM;9897;12;9893;28;;;9903;14;9907;21;;;9900.0;0.0
yf_BGS_d13;1800;INTARIAN_PEPPER_ROOT;10015;13;10011;15;;;10021;21;10024;25;;;10018.0;0.0
yf_BGS_d13;1900;ASH_COATED_OSMIUM;9897;14;9894;22;;;9903;12;9905;24;;;9900.0;0.0
yf_BGS_d13;1900;INTARIAN_PEPPER_ROOT;10016;26;10012;17;;;10022;14;10024;21;;;10019.0;0.0
yf_BGS_d13;2000;ASH_COATED_OSMIUM;9895;14;9893;19;;;9906;17;9909;17;;;9900.5;0.0
yf_BGS_d13;2000;INTARIAN_PEPPER_ROOT;10017;19;10013;28;;;10023;15;10026;13;;;10020.0;0.0
yf_BGS_d13;2100;ASH_COATED_OSMIUM;9895;20;9893;21;;;9906;24;9908;23;;;9900.5;0.0
yf_BGS_d13;2100;INTARIAN_PEPPER_ROOT;10014;9;10011;25;;;10027;19;10029;18;;;10020.5;0.0
yf_BGS_d13;2200;ASH_COATED_OSMIUM;9897;8;9893;17;;;9903;16;9905;21;;;9900.0;0.0
yf_BGS_d13;2200;INTARIAN_PEPPER_ROOT;10014;15;10012;14;;;10031;18;10035;22;;;10022.5;0.0
yf_BGS_d13;2300;ASH_COATED_OSMIUM;9891;18;9887;28;;;9910;13;9914;19;;;9900.5;0.0
yf_BGS_d13;2300;INTARIAN_PEPPER_ROOT;10020;9;10017;21;;;10026;16;10028;18;;;10023.0;0.0
yf_BGS_d13;2400;ASH_COATED_OSMIUM;9898;13;9896;19;;;9904;14;9906;19;;;9901.0;0.0
yf_BGS_d13;2400;INTARIAN_PEPPER_ROOT;10021;15;10018;20;;;10027;10;10031;20;;;10024.0;0.0
yf_BGS_d13;2500;ASH_COATED_OSMIUM;9896;16;9893;20;;;9904;14;9906;23;;;9900.0;0.0
yf_BGS_d13;2500;INTARIAN_PEPPER_ROOT;10021;16;10019;22;;;10029;11;10032;18;;;10025.0;0.0
yf_BGS_d13;2600;ASH_COATED_OSMIUM;9898;16;9895;16;;;9904;17;9908;14;;;9901.0;0.0
yf_BGS_d13;2600;INTARIAN_PEPPER_ROOT;10023;11;10019;22;;;10029;17;10031;15;;;10026.0;0.0
yf_BGS_d13;2700;ASH_COATED_OSMIUM;9896;14;9894;21;;;9905;22;9909;14;;;9900.5;0.0
yf_BGS_d13;2700;INTARIAN_PEPPER_ROOT;10024;11;10020;14;;;10030;13;10034;25;;;10027.0;0.0
yf_BGS_d13;2800;ASH_COATED_OSMIUM;9898;11;9896;20;;;9904;18;9907;24;;;9901.0;0.0
yf_BGS_d13;2800;INTARIAN_PEPPER_ROOT;10025;19;10022;25;;;10031;10;10035;23;;;10028.0;0.0
yf_BGS_d13;2900;ASH_COATED_OSMIUM;9889;16;9886;19;;;9911;6;9913;8;;;9900.0;0.0
yf_BGS_d13;2900;INTARIAN_PEPPER_ROOT;10027;20;10025;18;;;10033;17;10035;18;;;10030.0;0.0
yf_BGS_d13;3000;ASH_COATED_OSMIUM;9897;22;9895;8;;;9903;17;9905;9;;;9900.0;0.0
yf_BGS_d13;3000;INTARIAN_PEPPER_ROOT;10027;14;10025;18;;;10033;10;10035;13;;;10030.0;0.0
yf_BGS_d13;3100;ASH_COATED_OSMIUM;9898;7;9894;17;;;9904;24;9907;24;;;9901.0;0.0
yf_BGS_d13;3100;INTARIAN_PEPPER_ROOT;10026;17;10024;11;;;10036;11;10039;26;;;10031.0;0.0
yf_BGS_d13;3200;ASH_COATED_OSMIUM;9898;10;9896;14;;;9904;5;9906;19;;;9901.0;0.0
yf_BGS_d13;3200;INTARIAN_PEPPER_ROOT;10029;21;10025;24;;;10035;16;10039;18;;;10032.0;0.0
yf_BGS_d13;3300;ASH_COATED_OSMIUM;9896;13;9892;10;;;9905;11;9909;27;;;9900.5;0.0
yf_BGS_d13;3300;INTARIAN_PEPPER_ROOT;10027;20;10024;18;;;10039;6;10042;23;;;10033.0;0.0
yf_BGS_d13;3400;ASH_COATED_OSMIUM;9894;24;9890;33;;;9909;18;9912;19;;;9901.5;0.0
yf_BGS_d13;3400;INTARIAN_PEPPER_ROOT;10031;6;10029;26;;;10037;6;10039;22;;;10034.0;0.0
yf_BGS_d13;3500;ASH_COATED_OSMIUM;9898;16;9894;35;;;9904;11;9907;19;;;9901.0;0.0
yf_BGS_d13;3500;INTARIAN_PEPPER_ROOT;10030;12;10027;29;;;10041;20;10045;19;;;10035.5;0.0
yf_BGS_d13;3600;ASH_COATED_OSMIUM;9897;11;9895;17;;;9904;22;9906;28;;;9900.5;0.0
yf_BGS_d13;3600;INTARIAN_PEPPER_ROOT;10033;13;10031;27;;;10040;13;10044;28;;;10036.5;0.0
yf_BGS_d13;3700;ASH_COATED_OSMIUM;9898;12;9896;11;;;9904;14;9907;24;;;9901.0;0.0
yf_BGS_d13;3700;INTARIAN_PEPPER_ROOT;10034;8;10032;20;;;10042;7;10044;14;;;10038.0;0.0
yf_BGS_d13;3800;ASH_COATED_OSMIUM;9895;16;9892;24;;;9907;22;9911;19;;;9901.0;0.0
yf_BGS_d13;3800;INTARIAN_PEPPER_ROOT;10035;10;10031;21;;;10041;12;10043;28;;;10038.0;0.0
yf_BGS_d13;3900;ASH_COATED_OSMIUM;9898;7;9895;25;;;9904;8;9907;15;;;9901.0;0.0
yf_BGS_d13;3900;INTARIAN_PEPPER_ROOT;10032;22;10029;9;;;10045;26;10048;14;;;10038.5;0.0
yf_BGS_d13;4000;ASH_COATED_OSMIUM;9892;15;9890;21;;;9911;14;9915;19;;;9901.5;0.0
yf_BGS_d13;4000;INTARIAN_PEPPER_ROOT;10036;5;10032;26;;;10044;19;10048;27;;;10040.0;0.0
yf_BGS_d13;4100;ASH_COATED_OSMIUM;9895;10;9893;16;;;9906;18;9908;18;;;9900.5;0.0
yf_BGS_d13;4100;INTARIAN_PEPPER_ROOT;10038;18;10034;26;;;10045;10;10048;21;;;10041.5;0.0
yf_BGS_d13;4200;ASH_COATED_OSMIUM;9898;19;9894;13;;;9904;14;9907;16;;;9901.0;0.0
yf_BGS_d13;4200;INTARIAN_PEPPER_ROOT;10037;16;10033;16;;;10047;30;10049;13;;;10042.0;0.0
yf_BGS_d13;4300;ASH_COATED_OSMIUM;9898;10;9896;16;;;9904;11;9907;22;;;9901.0;0.0
yf_BGS_d13;4300;INTARIAN_PEPPER_ROOT;10035;21;10032;17;;;10052;12;10054;30;;;10043.5;0.0
yf_BGS_d13;4400;ASH_COATED_OSMIUM;9896;23;9893;10;;;9906;17;9910;19;;;9901.0;0.0
yf_BGS_d13;4400;INTARIAN_PEPPER_ROOT;10039;10;10036;27;;;10049;10;10051;31;;;10044.0;0.0
yf_BGS_d13;4500;ASH_COATED_OSMIUM;9898;7;9895;19;;;9904;16;9907;21;;;9901.0;0.0
yf_BGS_d13;4500;INTARIAN_PEPPER_ROOT;10043;10;10041;11;;;10049;13;10053;18;;;10046.0;0.0
yf_BGS_d13;4600;ASH_COATED_OSMIUM;9897;16;9895;8;;;9905;11;9909;18;;;9901.0;0.0
yf_BGS_d13;4600;INTARIAN_PEPPER_ROOT;10038;18;10036;25;;;10056;20;10058;22;;;10047.0;0.0
yf_BGS_d13;4700;ASH_COATED_OSMIUM;9898;13;9896;30;;;9904;12;9907;30;;;9901.0;0.0
yf_BGS_d13;4700;INTARIAN_PEPPER_ROOT;10044;7;10041;22;;;10050;21;10054;18;;;10047.0;0.0
yf_BGS_d13;4800;ASH_COATED_OSMIUM;9896;18;9894;17;;;9907;11;9911;20;;;9901.5;0.0
yf_BGS_d13;4800;INTARIAN_PEPPER_ROOT;10045;18;10043;20;;;10051;9;10055;18;;;10048.0;0.0
yf_BGS_d13;4900;ASH_COATED_OSMIUM;9898;13;9894;18;;;9905;11;9908;19;;;9901.5;0.0
yf_BGS_d13;4900;INTARIAN_PEPPER_ROOT;10047;15;10044;19;;;10053;17;10056;18;;;10050.0;0.0
yf_BGS_d13;5000;ASH_COATED_OSMIUM;9892;16;9889;21;;;9911;12;9913;24;;;9901.5;0.0
yf_BGS_d13;5000;INTARIAN_PEPPER_ROOT;10045;13;10041;16;;;10056;11;10059;15;;;10050.5;0.0
yf_BGS_d13;5100;ASH_COATED_OSMIUM;9898;17;9894;26;;;9904;17;9906;34;;;9901.0;0.0
yf_BGS_d13;5100;INTARIAN_PEPPER_ROOT;10048;17;10044;24;;;10054;16;10057;19;;;10051.0;0.0
yf_BGS_d13;5200;ASH_COATED_OSMIUM;9899;10;9897;17;;;9905;12;9908;17;;;9902.0;0.0
yf_BGS_d13;5200;INTARIAN_PEPPER_ROOT;10049;15;10045;25;;;10055;14;10057;16;;;10052.0;0.0
yf_BGS_d13;5300;ASH_COATED_OSMIUM;9898;14;9894;21;;;9904;13;9907;13;;;9901.0;0.0
yf_BGS_d13;5300;INTARIAN_PEPPER_ROOT;10051;21;10048;23;;;10057;20;10060;16;;;10054.0;0.0
yf_BGS_d13;5400;ASH_COATED_OSMIUM;9899;14;9897;24;;;9905;14;9909;16;;;9902.0;0.0
yf_BGS_d13;5400;INTARIAN_PEPPER_ROOT;10052;17;10050;10;;;10058;13;10062;23;;;10055.0;0.0
yf_BGS_d13;5500;ASH_COATED_OSMIUM;9899;9;9896;18;;;9905;10;9908;11;;;9902.0;0.0
yf_BGS_d13;5500;INTARIAN_PEPPER_ROOT;10053;7;10051;21;;;10059;9;10062;16;;;10056.0;0.0
yf_BGS_d13;5600;ASH_COATED_OSMIUM;9899;6;9896;29;;;9905;13;9909;21;;;9902.0;0.0
yf_BGS_d13;5600;INTARIAN_PEPPER_ROOT;10054;14;10050;19;;;10060;13;10064;26;;;10057.0;0.0
yf_BGS_d13;5700;ASH_COATED_OSMIUM;9899;15;9896;26;;;9905;13;9908;12;;;9902.0;0.0
yf_BGS_d13;5700;INTARIAN_PEPPER_ROOT;10051;13;10049;13;;;10065;15;10067;15;;;10058.0;0.0
yf_BGS_d13;5800;ASH_COATED_OSMIUM;9898;21;9895;19;;;9904;18;9906;16;;;9901.0;0.0
yf_BGS_d13;5800;INTARIAN_PEPPER_ROOT;10056;10;10052;20;;;10062;15;10066;21;;;10059.0;0.0
yf_BGS_d13;5900;ASH_COATED_OSMIUM;9897;11;9894;20;;;9906;14;9910;19;;;9901.5;0.0
yf_BGS_d13;5900;INTARIAN_PEPPER_ROOT;10052;14;10048;14;;;10068;14;10072;16;;;10060.0;0.0
yf_BGS_d13;6000;ASH_COATED_OSMIUM;9894;10;9891;24;;;9909;12;9913;27;;;9901.5;0.0
yf_BGS_d13;6000;INTARIAN_PEPPER_ROOT;10056;17;10053;16;;;10065;15;10068;16;;;10060.5;0.0
yf_BGS_d13;6100;ASH_COATED_OSMIUM;9899;14;9897;13;;;9905;13;9908;24;;;9902.0;0.0
yf_BGS_d13;6100;INTARIAN_PEPPER_ROOT;10059;20;10056;25;;;10065;15;10068;10;;;10062.0;0.0
yf_BGS_d13;6200;ASH_COATED_OSMIUM;9899;17;9897;16;;;9905;13;9909;18;;;9902.0;0.0
yf_BGS_d13;6200;INTARIAN_PEPPER_ROOT;10060;18;10056;19;;;10066;17;10068;16;;;10063.0;0.0
yf_BGS_d13;6300;ASH_COATED_OSMIUM;9896;12;9894;14;;;9909;9;9912;19;;;9902.5;0.0
yf_BGS_d13;6300;INTARIAN_PEPPER_ROOT;10060;13;10056;20;;;10066;12;10070;24;;;10063.0;0.0
yf_BGS_d13;6400;ASH_COATED_OSMIUM;9899;14;9895;13;;;9905;21;9907;26;;;9902.0;0.0
yf_BGS_d13;6400;INTARIAN_PEPPER_ROOT;10056;14;10052;15;;;10075;10;10079;25;;;10065.5;0.0
yf_BGS_d13;6500;ASH_COATED_OSMIUM;9899;24;9896;27;;;9906;24;9908;18;;;9902.5;0.0
yf_BGS_d13;6500;INTARIAN_PEPPER_ROOT;10063;23;10061;22;;;10069;8;10071;21;;;10066.0;0.0
yf_BGS_d13;6600;ASH_COATED_OSMIUM;9899;20;9896;28;;;9905;5;9909;24;;;9902.0;0.0
yf_BGS_d13;6600;INTARIAN_PEPPER_ROOT;10064;5;10060;16;;;10070;16;10073;19;;;10067.0;0.0
yf_BGS_d13;6700;ASH_COATED_OSMIUM;9899;21;9896;19;;;9905;20;9909;19;;;9902.0;0.0
yf_BGS_d13;6700;INTARIAN_PEPPER_ROOT;10065;7;10063;24;;;10071;11;10073;27;;;10068.0;0.0
yf_BGS_d13;6800;ASH_COATED_OSMIUM;9899;5;9897;13;;;9905;8;9908;17;;;9902.0;0.0
yf_BGS_d13;6800;INTARIAN_PEPPER_ROOT;10050;9;10048;28;;;10088;14;10090;32;;;10069.0;0.0
yf_BGS_d13;6900;ASH_COATED_OSMIUM;9898;23;9895;17;;;9907;13;9910;24;;;9902.5;0.0
yf_BGS_d13;6900;INTARIAN_PEPPER_ROOT;10050;6;10048;25;;;10091;14;10094;26;;;10070.5;0.0
yf_BGS_d13;7000;ASH_COATED_OSMIUM;9899;21;9895;16;;;9905;19;9908;23;;;9902.0;0.0
yf_BGS_d13;7000;INTARIAN_PEPPER_ROOT;10068;10;10065;26;;;10074;11;10077;17;;;10071.0;0.0
yf_BGS_d13;7100;ASH_COATED_OSMIUM;9899;19;9895;15;;;9905;14;9909;24;;;9902.0;0.0
yf_BGS_d13;7100;INTARIAN_PEPPER_ROOT;10067;10;10065;11;;;10076;13;10078;20;;;10071.5;0.0
yf_BGS_d13;7200;ASH_COATED_OSMIUM;9895;22;9892;30;;;9908;11;9911;28;;;9901.5;0.0
yf_BGS_d13;7200;INTARIAN_PEPPER_ROOT;10067;15;10064;21;;;10079;24;10083;10;;;10073.0;0.0
yf_BGS_d13;7300;ASH_COATED_OSMIUM;9899;19;9897;17;;;9905;13;9907;28;;;9902.0;0.0
yf_BGS_d13;7300;INTARIAN_PEPPER_ROOT;10071;8;10069;16;;;10077;18;10080;18;;;10074.0;0.0
yf_BGS_d13;7400;ASH_COATED_OSMIUM;9899;9;9895;24;;;9905;12;9907;23;;;9902.0;0.0
yf_BGS_d13;7400;INTARIAN_PEPPER_ROOT;10072;18;10068;18;;;10078;15;10082;13;;;10075.0;0.0
yf_BGS_d13;7500;ASH_COATED_OSMIUM;9900;14;9896;25;;;9906;7;9910;19;;;9903.0;0.0
yf_BGS_d13;7500;INTARIAN_PEPPER_ROOT;10070;21;10068;22;;;10082;23;10086;19;;;10076.0;0.0
yf_BGS_d13;7600;ASH_COATED_OSMIUM;9899;18;9897;24;;;9905;5;9907;25;;;9902.0;0.0
yf_BGS_d13;7600;INTARIAN_PEPPER_ROOT;10074;17;10072;25;;;10080;17;10082;20;;;10077.0;0.0
yf_BGS_d13;7700;ASH_COATED_OSMIUM;9899;24;9897;23;;;9905;5;9908;23;;;9902.0;0.0
yf_BGS_d13;7700;INTARIAN_PEPPER_ROOT;10064;14;10061;13;;;10091;7;10094;22;;;10077.5;0.0
yf_BGS_d13;7800;ASH_COATED_OSMIUM;9899;15;9895;27;;;9905;14;9909;19;;;9902.0;0.0
yf_BGS_d13;7800;INTARIAN_PEPPER_ROOT;10065;15;10062;22;;;10093;17;10095;23;;;10079.0;0.0
yf_BGS_d13;7900;ASH_COATED_OSMIUM;9900;24;9898;18;;;9906;14;9908;22;;;9903.0;0.0
yf_BGS_d13;7900;INTARIAN_PEPPER_ROOT;10071;14;10068;23;;;10088;12;10092;15;;;10079.5;0.0
yf_BGS_d13;8000;ASH_COATED_OSMIUM;9893;11;9891;17;;;9912;8;9914;18;;;9902.5;0.0
yf_BGS_d13;8000;INTARIAN_PEPPER_ROOT;10078;14;10074;20;;;10084;6;10087;25;;;10081.0;0.0
yf_BGS_d13;8100;ASH_COATED_OSMIUM;9899;17;9895;26;;;9906;19;9908;17;;;9902.5;0.0
yf_BGS_d13;8100;INTARIAN_PEPPER_ROOT;10079;14;10076;17;;;10085;19;10087;18;;;10082.0;0.0
yf_BGS_d13;8200;ASH_COATED_OSMIUM;9898;15;9896;17;;;9908;16;9910;18;;;9903.0;0.0
yf_BGS_d13;8200;INTARIAN_PEPPER_ROOT;10080;17;10077;21;;;10086;9;10089;22;;;10083.0;0.0
yf_BGS_d13;8300;ASH_COATED_OSMIUM;9887;15;9885;16;;;9919;7;9922;20;;;9903.0;0.0
yf_BGS_d13;8300;INTARIAN_PEPPER_ROOT;10077;15;10074;22;;;10091;6;10094;30;;;10084.0;0.0
yf_BGS_d13;8400;ASH_COATED_OSMIUM;9899;17;9895;21;;;9906;25;9908;20;;;9902.5;0.0
yf_BGS_d13;8400;INTARIAN_PEPPER_ROOT;10077;14;10075;22;;;10092;7;10094;12;;;10084.5;0.0
yf_BGS_d13;8500;ASH_COATED_OSMIUM;9900;17;9896;17;;;9906;5;9908;15;;;9903.0;0.0
yf_BGS_d13;8500;INTARIAN_PEPPER_ROOT;10083;25;10080;20;;;10089;13;10093;23;;;10086.0;0.0
yf_BGS_d13;8600;ASH_COATED_OSMIUM;9900;19;9896;27;;;9906;22;9908;16;;;9903.0;0.0
yf_BGS_d13;8600;INTARIAN_PEPPER_ROOT;10085;17;10082;15;;;10091;12;10093;25;;;10088.0;0.0
yf_BGS_d13;8700;ASH_COATED_OSMIUM;9896;20;9894;14;;;9908;14;9911;18;;;9902.0;0.0
yf_BGS_d13;8700;INTARIAN_PEPPER_ROOT;10085;16;10082;25;;;10091;18;10094;12;;;10088.0;0.0
yf_BGS_d13;8800;ASH_COATED_OSMIUM;9894;23;9890;19;;;9912;15;9916;17;;;9903.0;0.0
yf_BGS_d13;8800;INTARIAN_PEPPER_ROOT;10086;19;10084;16;;;10092;15;10095;11;;;10089.0;0.0
yf_BGS_d13;8900;ASH_COATED_OSMIUM;9900;21;9898;11;;;9906;27;9909;15;;;9903.0;0.0
yf_BGS_d13;8900;INTARIAN_PEPPER_ROOT;10087;28;10085;27;;;10093;14;10097;10;;;10090.0;0.0
yf_BGS_d13;9000;ASH_COATED_OSMIUM;9900;13;9897;30;;;9906;10;9909;13;;;9903.0;0.0
yf_BGS_d13;9000;INTARIAN_PEPPER_ROOT;10088;8;10084;20;;;10094;9;10096;21;;;10091.0;0.0
yf_BGS_d13;9100;ASH_COATED_OSMIUM;9899;6;9897;12;;;9905;12;9908;17;;;9902.0;0.0
yf_BGS_d13;9100;INTARIAN_PEPPER_ROOT;10088;9;10086;16;;;10098;8;10102;11;;;10093.0;0.0
yf_BGS_d13;9200;ASH_COATED_OSMIUM;9899;16;9895;23;;;9907;17;9909;18;;;9903.0;0.0
yf_BGS_d13;9200;INTARIAN_PEPPER_ROOT;10091;16;10089;23;;;10097;21;10099;9;;;10094.0;0.0
yf_BGS_d13;9300;ASH_COATED_OSMIUM;9898;9;9894;22;;;9908;17;9910;15;;;9903.0;0.0
yf_BGS_d13;9300;INTARIAN_PEPPER_ROOT;10089;11;10085;17;;;10100;20;10102;23;;;10094.5;0.0
yf_BGS_d13;9400;ASH_COATED_OSMIUM;9896;11;9892;15;;;9910;21;9913;19;;;9903.0;0.0
yf_BGS_d13;9400;INTARIAN_PEPPER_ROOT;10089;17;10087;15;;;10101;14;10105;18;;;10095.0;0.0
yf_BGS_d13;9500;ASH_COATED_OSMIUM;9895;22;9892;15;;;9911;10;9915;17;;;9903.0;0.0
yf_BGS_d13;9500;INTARIAN_PEPPER_ROOT;10092;14;10088;21;;;10100;20;10102;12;;;10096.0;0.0
yf_BGS_d13;9600;ASH_COATED_OSMIUM;9898;9;9896;21;;;9908;20;9911;16;;;9903.0;0.0
yf_BGS_d13;9600;INTARIAN_PEPPER_ROOT;10095;14;10093;25;;;10101;27;10103;19;;;10098.0;0.0
yf_BGS_d13;9700;ASH_COATED_OSMIUM;9900;10;9896;8;;;9906;8;9910;21;;;9903.0;0.0
yf_BGS_d13;9700;INTARIAN_PEPPER_ROOT;10095;8;10092;11;;;10101;12;10105;20;;;10098.0;0.0
yf_BGS_d13;9800;ASH_COATED_OSMIUM;9901;19;9898;21;;;9907;10;9910;26;;;9904.0;0.0
yf_BGS_d13;9800;INTARIAN_PEPPER_ROOT;10092;20;10088;19;;;10108;18;10110;26;;;10100.0;0.0
yf_BGS_d13;9900;ASH_COATED_OSMIUM;9899;21;9896;14;;;9907;11;9909;18;;;9903.0;0.0
yf_BGS_d13;9900;INTARIAN_PEPPER_ROOT;10097;15;10095;19;;;10104;5;10107;13;;;10100.5;0.0
yf_BGS_d13;10000;ASH_COATED_OSMIUM;9900;13;9896;17;;;9906;5;9909;33;;;9903.0;0.0
yf_BGS_d13;10000;INTARIAN_PEPPER_ROOT;10099;20;10095;19;;;10105;14;10108;13;;;10102.0;0.0
yf_BGS_d13;10100;ASH_COATED_OSMIUM;9900;6;9896;25;;;9906;18;9908;14;;;9903.0;0.0
yf_BGS_d13;10100;INTARIAN_PEPPER_ROOT;10098;8;10095;26;;;10110;14;10112;19;;;10104.0;0.0
yf_BGS_d13;10200;ASH_COATED_OSMIUM;9899;16;9895;14;;;9907;20;9911;14;;;9903.0;0.0
yf_BGS_d13;10200;INTARIAN_PEPPER_ROOT;10101;18;10097;9;;;10107;5;10110;27;;;10104.0;0.0
yf_BGS_d13;10300;ASH_COATED_OSMIUM;9901;8;9899;20;;;9907;12;9909;17;;;9904.0;0.0
yf_BGS_d13;10300;INTARIAN_PEPPER_ROOT;10101;16;10097;24;;;10107;17;10109;26;;;10104.0;0.0
yf_BGS_d13;10400;ASH_COATED_OSMIUM;9901;8;9897;21;;;9907;9;9910;23;;;9904.0;0.0
yf_BGS_d13;10400;INTARIAN_PEPPER_ROOT;10102;23;10098;24;;;10108;17;10111;18;;;10105.0;0.0
yf_BGS_d13;10500;ASH_COATED_OSMIUM;9898;19;9894;13;;;9908;19;9910;25;;;9903.0;0.0
yf_BGS_d13;10500;INTARIAN_PEPPER_ROOT;10102;11;10100;26;;;10112;16;10116;24;;;10107.0;0.0
yf_BGS_d13;10600;ASH_COATED_OSMIUM;9899;8;9895;17;;;9908;10;9911;19;;;9903.5;0.0
yf_BGS_d13;10600;INTARIAN_PEPPER_ROOT;10103;16;10099;19;;;10112;16;10114;14;;;10107.5;0.0
yf_BGS_d13;10700;ASH_COATED_OSMIUM;9899;10;9896;14;;;9908;19;9911;15;;;9903.5;0.0
yf_BGS_d13;10700;INTARIAN_PEPPER_ROOT;10106;22;10104;22;;;10112;18;10116;19;;;10109.0;0.0
yf_BGS_d13;10800;ASH_COATED_OSMIUM;9897;15;9895;22;;;9910;9;9912;14;;;9903.5;0.0
yf_BGS_d13;10800;INTARIAN_PEPPER_ROOT;10107;9;10105;14;;;10113;19;10116;16;;;10110.0;0.0
yf_BGS_d13;10900;ASH_COATED_OSMIUM;9900;21;9898;25;;;9907;19;9909;15;;;9903.5;0.0
yf_BGS_d13;10900;INTARIAN_PEPPER_ROOT;10104;11;10100;15;;;10116;7;10118;15;;;10110.0;0.0
yf_BGS_d13;11000;ASH_COATED_OSMIUM;9890;11;9887;22;;;9917;12;9920;14;;;9903.5;0.0
yf_BGS_d13;11000;INTARIAN_PEPPER_ROOT;10109;7;10107;20;;;10115;23;10118;17;;;10112.0;0.0
yf_BGS_d13;11100;ASH_COATED_OSMIUM;9901;20;9897;21;;;9907;19;9911;24;;;9904.0;0.0
yf_BGS_d13;11100;INTARIAN_PEPPER_ROOT;10110;16;10108;10;;;10116;20;10119;20;;;10113.0;0.0
yf_BGS_d13;11200;ASH_COATED_OSMIUM;9901;11;9899;27;;;9907;14;9910;20;;;9904.0;0.0
yf_BGS_d13;11200;INTARIAN_PEPPER_ROOT;10111;20;10109;17;;;10117;21;10121;18;;;10114.0;0.0
yf_BGS_d13;11300;ASH_COATED_OSMIUM;9901;13;9899;21;;;9907;18;9911;12;;;9904.0;0.0
yf_BGS_d13;11300;INTARIAN_PEPPER_ROOT;10112;23;10110;15;;;10118;7;10122;13;;;10115.0;0.0
yf_BGS_d13;11400;ASH_COATED_OSMIUM;9901;14;9897;14;;;9907;26;9911;16;;;9904.0;0.0
yf_BGS_d13;11400;INTARIAN_PEPPER_ROOT;10111;18;10107;16;;;10120;5;10122;16;;;10115.5;0.0
yf_BGS_d13;11500;ASH_COATED_OSMIUM;9901;6;9899;20;;;9908;12;9911;20;;;9904.5;0.0
yf_BGS_d13;11500;INTARIAN_PEPPER_ROOT;10112;11;10110;24;;;10123;14;10126;20;;;10117.5;0.0
yf_BGS_d13;11600;ASH_COATED_OSMIUM;9885;6;9882;24;;;9922;10;9925;25;;;9903.5;0.0
yf_BGS_d13;11600;INTARIAN_PEPPER_ROOT;10115;16;10113;26;;;10121;20;10123;22;;;10118.0;0.0
yf_BGS_d13;11700;ASH_COATED_OSMIUM;9901;22;9897;10;;;9907;24;9911;16;;;9904.0;0.0
yf_BGS_d13;11700;INTARIAN_PEPPER_ROOT;10106;23;10102;27;;;10132;12;10136;11;;;10119.0;0.0
yf_BGS_d13;11800;ASH_COATED_OSMIUM;9901;10;9899;25;;;9907;13;9911;15;;;9904.0;0.0
yf_BGS_d13;11800;INTARIAN_PEPPER_ROOT;10116;19;10112;21;;;10123;5;10127;13;;;10119.5;0.0
yf_BGS_d13;11900;ASH_COATED_OSMIUM;9901;18;9898;26;;;9907;16;9911;16;;;9904.0;0.0
yf_BGS_d13;11900;INTARIAN_PEPPER_ROOT;10118;13;10114;17;;;10124;19;10127;24;;;10121.0;0.0
yf_BGS_d13;12000;ASH_COATED_OSMIUM;9901;19;9897;13;;;9907;11;9911;14;;;9904.0;0.0
yf_BGS_d13;12000;INTARIAN_PEPPER_ROOT;10115;12;10113;22;;;10129;20;10133;26;;;10122.0;0.0
yf_BGS_d13;12100;ASH_COATED_OSMIUM;9901;5;9899;8;;;9907;8;9910;12;;;9904.0;0.0
yf_BGS_d13;12100;INTARIAN_PEPPER_ROOT;10120;17;10116;14;;;10126;15;10129;21;;;10123.0;0.0
yf_BGS_d13;12200;ASH_COATED_OSMIUM;9899;20;9895;10;;;9908;20;9910;20;;;9903.5;0.0
yf_BGS_d13;12200;INTARIAN_PEPPER_ROOT;10121;12;10119;22;;;10127;11;10130;22;;;10124.0;0.0
yf_BGS_d13;12300;ASH_COATED_OSMIUM;9898;18;9894;25;;;9911;23;9913;21;;;9904.5;0.0
yf_BGS_d13;12300;INTARIAN_PEPPER_ROOT;10122;17;10118;17;;;10128;15;10131;25;;;10125.0;0.0
yf_BGS_d13;12400;ASH_COATED_OSMIUM;9898;19;9896;27;;;9910;15;9913;23;;;9904.0;0.0
yf_BGS_d13;12400;INTARIAN_PEPPER_ROOT;10123;14;10119;16;;;10130;15;10134;23;;;10126.5;0.0
yf_BGS_d13;12500;ASH_COATED_OSMIUM;9900;12;9898;8;;;9909;21;9912;25;;;9904.5;0.0
yf_BGS_d13;12500;INTARIAN_PEPPER_ROOT;10124;5;10120;21;;;10130;14;10132;19;;;10127.0;0.0
yf_BGS_d13;12600;ASH_COATED_OSMIUM;9893;13;9890;19;;;9915;23;9917;11;;;9904.0;0.0
yf_BGS_d13;12600;INTARIAN_PEPPER_ROOT;10125;15;10121;25;;;10131;16;10133;20;;;10128.0;0.0
yf_BGS_d13;12700;ASH_COATED_OSMIUM;9901;22;9897;16;;;9907;15;9909;21;;;9904.0;0.0
yf_BGS_d13;12700;INTARIAN_PEPPER_ROOT;10121;15;10119;13;;;10136;19;10139;13;;;10128.5;0.0
yf_BGS_d13;12800;ASH_COATED_OSMIUM;9901;11;9898;18;;;9907;21;9911;22;;;9904.0;0.0
yf_BGS_d13;12800;INTARIAN_PEPPER_ROOT;10127;20;10123;20;;;10133;7;10135;17;;;10130.0;0.0
yf_BGS_d13;12900;ASH_COATED_OSMIUM;9902;21;9898;19;;;9908;11;9912;17;;;9905.0;0.0
yf_BGS_d13;12900;INTARIAN_PEPPER_ROOT;10129;11;10126;27;;;10135;10;10139;17;;;10132.0;0.0
yf_BGS_d13;13000;ASH_COATED_OSMIUM;9901;13;9897;18;;;9907;12;9909;19;;;9904.0;0.0
yf_BGS_d13;13000;INTARIAN_PEPPER_ROOT;10116;8;10113;21;;;10148;8;10150;14;;;10132.0;0.0
yf_BGS_d13;13100;ASH_COATED_OSMIUM;9901;7;9898;18;;;9907;23;9911;15;;;9904.0;0.0
yf_BGS_d13;13100;INTARIAN_PEPPER_ROOT;10129;9;10127;24;;;10138;15;10142;17;;;10133.5;0.0
yf_BGS_d13;13200;ASH_COATED_OSMIUM;9894;9;9892;24;;;9914;12;9917;22;;;9904.0;0.0
yf_BGS_d13;13200;INTARIAN_PEPPER_ROOT;10132;17;10130;12;;;10138;11;10142;14;;;10135.0;0.0
yf_BGS_d13;13300;ASH_COATED_OSMIUM;9892;18;9889;16;;;9918;17;9922;21;;;9905.0;0.0
yf_BGS_d13;13300;INTARIAN_PEPPER_ROOT;10132;11;10128;19;;;10138;9;10142;25;;;10135.0;0.0
yf_BGS_d13;13400;ASH_COATED_OSMIUM;9892;12;9890;14;;;9918;11;9920;21;;;9905.0;0.0
yf_BGS_d13;13400;INTARIAN_PEPPER_ROOT;10133;5;10131;23;;;10139;16;10141;13;;;10136.0;0.0
yf_BGS_d13;13500;ASH_COATED_OSMIUM;9888;7;9886;23;;;9921;18;9925;12;;;9904.5;0.0
yf_BGS_d13;13500;INTARIAN_PEPPER_ROOT;10135;16;10133;25;;;10141;16;10144;17;;;10138.0;0.0
yf_BGS_d13;13600;ASH_COATED_OSMIUM;9902;11;9899;17;;;9908;21;9910;27;;;9905.0;0.0
yf_BGS_d13;13600;INTARIAN_PEPPER_ROOT;10132;17;10130;10;;;10144;14;10148;18;;;10138.0;0.0
yf_BGS_d13;13700;ASH_COATED_OSMIUM;9897;17;9893;17;;;9912;14;9914;21;;;9904.5;0.0
yf_BGS_d13;13700;INTARIAN_PEPPER_ROOT;10137;22;10134;19;;;10143;22;10145;19;;;10140.0;0.0
yf_BGS_d13;13800;ASH_COATED_OSMIUM;9899;19;9896;16;;;9910;16;9913;23;;;9904.5;0.0
yf_BGS_d13;13800;INTARIAN_PEPPER_ROOT;10131;14;10129;22;;;10150;20;10153;17;;;10140.5;0.0
yf_BGS_d13;13900;ASH_COATED_OSMIUM;9901;12;9899;28;;;9908;9;9912;22;;;9904.5;0.0
yf_BGS_d13;13900;INTARIAN_PEPPER_ROOT;10131;19;10129;18;;;10152;18;10154;20;;;10141.5;0.0
yf_BGS_d13;14000;ASH_COATED_OSMIUM;9901;15;9899;22;;;9907;18;9911;24;;;9904.0;0.0
yf_BGS_d13;14000;INTARIAN_PEPPER_ROOT;10140;9;10136;20;;;10146;19;10149;8;;;10143.0;0.0
yf_BGS_d13;14100;ASH_COATED_OSMIUM;9895;11;9892;24;;;9914;17;9916;24;;;9904.5;0.0
yf_BGS_d13;14100;INTARIAN_PEPPER_ROOT;10140;25;10138;12;;;10148;17;10150;26;;;10144.0;0.0
yf_BGS_d13;14200;ASH_COATED_OSMIUM;9902;14;9899;17;;;9908;14;9910;13;;;9905.0;0.0
yf_BGS_d13;14200;INTARIAN_PEPPER_ROOT;10141;9;10137;15;;;10147;5;10150;26;;;10144.0;0.0
yf_BGS_d13;14300;ASH_COATED_OSMIUM;9901;15;9897;25;;;9907;10;9909;14;;;9904.0;0.0
yf_BGS_d13;14300;INTARIAN_PEPPER_ROOT;10143;8;10139;35;;;10149;19;10152;23;;;10146.0;0.0
yf_BGS_d13;14400;ASH_COATED_OSMIUM;9901;21;9897;23;;;9908;19;9911;18;;;9904.5;0.0
yf_BGS_d13;14400;INTARIAN_PEPPER_ROOT;10144;11;10141;21;;;10150;18;10153;25;;;10147.0;0.0
yf_BGS_d13;14500;ASH_COATED_OSMIUM;9896;6;9894;26;;;9912;8;9915;26;;;9904.0;0.0
yf_BGS_d13;14500;INTARIAN_PEPPER_ROOT;10144;11;10142;16;;;10150;15;10152;24;;;10147.0;0.0
yf_BGS_d13;14600;ASH_COATED_OSMIUM;9902;13;9898;11;;;9908;17;9910;18;;;9905.0;0.0
yf_BGS_d13;14600;INTARIAN_PEPPER_ROOT;10146;17;10143;14;;;10152;16;10156;17;;;10149.0;0.0
yf_BGS_d13;14700;ASH_COATED_OSMIUM;9902;18;9898;16;;;9908;10;9912;23;;;9905.0;0.0
yf_BGS_d13;14700;INTARIAN_PEPPER_ROOT;10146;19;10142;12;;;10153;15;10155;22;;;10149.5;0.0
yf_BGS_d13;14800;ASH_COATED_OSMIUM;9902;10;9899;19;;;9908;16;9912;19;;;9905.0;0.0
yf_BGS_d13;14800;INTARIAN_PEPPER_ROOT;10146;10;10143;26;;;10156;8;10158;18;;;10151.0;0.0
yf_BGS_d13;14900;ASH_COATED_OSMIUM;9898;13;9896;24;;;9912;18;9914;20;;;9905.0;0.0
yf_BGS_d13;14900;INTARIAN_PEPPER_ROOT;10149;19;10146;16;;;10155;8;10159;22;;;10152.0;0.0
yf_BGS_d13;15000;ASH_COATED_OSMIUM;9902;8;9900;18;;;9908;10;9911;16;;;9905.0;0.0
yf_BGS_d13;15000;INTARIAN_PEPPER_ROOT;10149;8;10146;17;;;10156;9;10158;20;;;10152.5;0.0
yf_BGS_d13;15100;ASH_COATED_OSMIUM;9891;18;9888;23;;;9919;16;9922;24;;;9905.0;0.0
yf_BGS_d13;15100;INTARIAN_PEPPER_ROOT;10150;18;10146;21;;;10157;16;10159;16;;;10153.5;0.0
yf_BGS_d13;15200;ASH_COATED_OSMIUM;9902;11;9900;19;;;9909;15;9913;26;;;9905.5;0.0
yf_BGS_d13;15200;INTARIAN_PEPPER_ROOT;10152;19;10150;26;;;10158;21;10162;8;;;10155.0;0.0
yf_BGS_d13;15300;ASH_COATED_OSMIUM;9903;11;9901;14;;;9909;15;9911;22;;;9906.0;0.0
yf_BGS_d13;15300;INTARIAN_PEPPER_ROOT;10153;8;10149;26;;;10159;10;10163;15;;;10156.0;0.0
yf_BGS_d13;15400;ASH_COATED_OSMIUM;9894;5;9890;21;;;9917;19;9919;17;;;9905.5;0.0
yf_BGS_d13;15400;INTARIAN_PEPPER_ROOT;10154;24;10152;16;;;10160;10;10163;18;;;10157.0;0.0
yf_BGS_d13;15500;ASH_COATED_OSMIUM;9902;9;9898;12;;;9908;21;9912;21;;;9905.0;0.0
yf_BGS_d13;15500;INTARIAN_PEPPER_ROOT;10155;13;10151;20;;;10161;22;10165;24;;;10158.0;0.0
yf_BGS_d13;15600;ASH_COATED_OSMIUM;9902;17;9898;20;;;9908;12;9910;11;;;9905.0;0.0
yf_BGS_d13;15600;INTARIAN_PEPPER_ROOT;10156;16;10154;28;;;10162;14;10164;18;;;10159.0;0.0
yf_BGS_d13;15700;ASH_COATED_OSMIUM;9897;11;9894;20;;;9915;16;9918;18;;;9906.0;0.0
yf_BGS_d13;15700;INTARIAN_PEPPER_ROOT;10152;10;10150;23;;;10166;20;10170;17;;;10159.0;0.0
yf_BGS_d13;15800;ASH_COATED_OSMIUM;9902;8;9898;16;;;9909;9;9912;24;;;9905.5;0.0
yf_BGS_d13;15800;INTARIAN_PEPPER_ROOT;10154;13;10151;13;;;10168;12;10171;18;;;10161.0;0.0
yf_BGS_d13;15900;ASH_COATED_OSMIUM;9901;6;9897;25;;;9909;15;9912;12;;;9905.0;0.0
yf_BGS_d13;15900;INTARIAN_PEPPER_ROOT;10159;11;10155;25;;;10165;11;10169;19;;;10162.0;0.0
yf_BGS_d13;16000;ASH_COATED_OSMIUM;9894;11;9892;28;;;9917;17;9921;19;;;9905.5;0.0
yf_BGS_d13;16000;INTARIAN_PEPPER_ROOT;10160;8;10156;23;;;10167;10;10171;24;;;10163.5;0.0
yf_BGS_d13;16100;ASH_COATED_OSMIUM;9900;14;9897;23;;;9910;16;9913;25;;;9905.0;0.0
yf_BGS_d13;16100;INTARIAN_PEPPER_ROOT;10161;9;10159;19;;;10167;14;10171;26;;;10164.0;0.0
yf_BGS_d13;16200;ASH_COATED_OSMIUM;9900;17;9896;16;;;9911;10;9913;13;;;9905.5;0.0
yf_BGS_d13;16200;INTARIAN_PEPPER_ROOT;10160;9;10158;19;;;10171;10;10173;24;;;10165.5;0.0
yf_BGS_d13;16300;ASH_COATED_OSMIUM;9898;9;9896;21;;;9913;10;9915;15;;;9905.5;0.0
yf_BGS_d13;16300;INTARIAN_PEPPER_ROOT;10163;15;10159;25;;;10170;14;10172;13;;;10166.5;0.0
yf_BGS_d13;16400;ASH_COATED_OSMIUM;9903;16;9900;16;;;9909;11;9912;27;;;9906.0;0.0
yf_BGS_d13;16400;INTARIAN_PEPPER_ROOT;10164;7;10160;20;;;10170;11;10172;18;;;10167.0;0.0
yf_BGS_d13;16500;ASH_COATED_OSMIUM;9899;15;9897;14;;;9912;16;9915;14;;;9905.5;0.0
yf_BGS_d13;16500;INTARIAN_PEPPER_ROOT;10164;9;10162;13;;;10172;21;10176;23;;;10168.0;0.0
yf_BGS_d13;16600;ASH_COATED_OSMIUM;9894;15;9890;16;;;9918;15;9922;8;;;9906.0;0.0
yf_BGS_d13;16600;INTARIAN_PEPPER_ROOT;10163;20;10159;20;;;10175;24;10179;19;;;10169.0;0.0
yf_BGS_d13;16700;ASH_COATED_OSMIUM;9902;12;9898;20;;;9910;13;9912;18;;;9906.0;0.0
yf_BGS_d13;16700;INTARIAN_PEPPER_ROOT;10165;11;10163;20;;;10174;16;10176;22;;;10169.5;0.0
yf_BGS_d13;16800;ASH_COATED_OSMIUM;9902;10;9898;13;;;9908;11;9910;16;;;9905.0;0.0
yf_BGS_d13;16800;INTARIAN_PEPPER_ROOT;10160;20;10158;17;;;10183;5;10187;18;;;10171.5;0.0
yf_BGS_d13;16900;ASH_COATED_OSMIUM;9901;15;9898;21;;;9910;18;9912;27;;;9905.5;0.0
yf_BGS_d13;16900;INTARIAN_PEPPER_ROOT;10166;6;10163;29;;;10179;13;10182;21;;;10172.5;0.0
yf_BGS_d13;17000;ASH_COATED_OSMIUM;9895;11;9893;19;;;9918;15;9921;18;;;9906.5;0.0
yf_BGS_d13;17000;INTARIAN_PEPPER_ROOT;10172;20;10168;25;;;10190;12;10194;16;;;10181.0;0.0
yf_BGS_d13;17100;ASH_COATED_OSMIUM;9902;14;9900;14;;;9910;17;9912;26;;;9906.0;0.0
yf_BGS_d13;17100;INTARIAN_PEPPER_ROOT;10187;7;10185;10;;;10209;20;10213;21;;;10198.0;0.0
yf_BGS_d13;17200;ASH_COATED_OSMIUM;9903;11;9900;22;;;9909;5;9911;19;;;9906.0;0.0
yf_BGS_d13;17200;INTARIAN_PEPPER_ROOT;10212;15;10209;25;;;10218;16;10221;19;;;10215.0;0.0
yf_BGS_d13;17300;ASH_COATED_OSMIUM;9901;18;9897;15;;;9912;10;9914;16;;;9906.5;0.0
yf_BGS_d13;17300;INTARIAN_PEPPER_ROOT;10228;22;10226;22;;;10234;24;10238;23;;;10231.0;0.0
yf_BGS_d13;17400;ASH_COATED_OSMIUM;9902;23;9900;14;;;9908;13;9911;32;;;9905.0;0.0
yf_BGS_d13;17400;INTARIAN_PEPPER_ROOT;10245;20;10243;19;;;10251;12;10255;17;;;10248.0;0.0
yf_BGS_d13;17500;ASH_COATED_OSMIUM;9897;18;9895;24;;;9915;12;9919;24;;;9906.0;0.0
yf_BGS_d13;17500;INTARIAN_PEPPER_ROOT;10262;11;10258;8;;;10268;15;10270;34;;;10265.0;0.0
yf_BGS_d13;17600;ASH_COATED_OSMIUM;9895;19;9893;23;;;9917;8;9921;11;;;9906.0;0.0
yf_BGS_d13;17600;INTARIAN_PEPPER_ROOT;10279;11;10277;19;;;10285;12;10287;18;;;10282.0;0.0
yf_BGS_d13;17700;ASH_COATED_OSMIUM;9899;14;9895;21;;;9914;13;9918;26;;;9906.5;0.0
yf_BGS_d13;17700;INTARIAN_PEPPER_ROOT;10296;16;10293;20;;;10302;19;10305;16;;;10299.0;0.0
yf_BGS_d13;17800;ASH_COATED_OSMIUM;9902;14;9899;8;;;9909;12;9913;21;;;9905.5;0.0
yf_BGS_d13;17800;INTARIAN_PEPPER_ROOT;10307;18;10303;17;;;10323;17;10326;14;;;10315.0;0.0
yf_BGS_d13;17900;ASH_COATED_OSMIUM;9898;13;9896;13;;;9912;15;9914;23;;;9905.0;0.0
yf_BGS_d13;17900;INTARIAN_PEPPER_ROOT;10328;25;10324;14;;;10335;14;10338;17;;;10331.5;0.0
yf_BGS_d13;18000;ASH_COATED_OSMIUM;9900;18;9897;13;;;9912;15;9914;11;;;9906.0;0.0
yf_BGS_d13;18000;INTARIAN_PEPPER_ROOT;10339;8;10335;18;;;10357;15;10360;14;;;10348.0;0.0
yf_BGS_d13;18100;ASH_COATED_OSMIUM;9897;9;9894;26;;;9915;19;9918;30;;;9906.0;0.0
yf_BGS_d13;18100;INTARIAN_PEPPER_ROOT;10361;14;10357;15;;;10369;21;10372;19;;;10365.0;0.0
yf_BGS_d13;18200;ASH_COATED_OSMIUM;9903;25;9901;24;;;9909;9;9912;23;;;9906.0;0.0
yf_BGS_d13;18200;INTARIAN_PEPPER_ROOT;10379;21;10376;19;;;10385;19;10387;24;;;10382.0;0.0
yf_BGS_d13;18300;ASH_COATED_OSMIUM;9902;18;9899;24;;;9908;9;9912;8;;;9905.0;0.0
yf_BGS_d13;18300;INTARIAN_PEPPER_ROOT;10394;13;10392;19;;;10402;11;10406;11;;;10398.0;0.0
yf_BGS_d13;18400;ASH_COATED_OSMIUM;9902;6;9898;17;;;9910;23;9914;19;;;9906.0;0.0
yf_BGS_d13;18400;INTARIAN_PEPPER_ROOT;10412;19;10410;24;;;10418;16;10422;17;;;10415.0;0.0
yf_BGS_d13;18500;ASH_COATED_OSMIUM;9903;27;9899;23;;;9909;16;9911;26;;;9906.0;0.0
yf_BGS_d13;18500;INTARIAN_PEPPER_ROOT;10428;17;10424;16;;;10434;18;10436;22;;;10431.0;0.0
yf_BGS_d13;18600;ASH_COATED_OSMIUM;9903;19;9901;26;;;9909;17;9911;15;;;9906.0;0.0
yf_BGS_d13;18600;INTARIAN_PEPPER_ROOT;10436;18;10434;20;;;10460;13;10463;28;;;10448.0;0.0
yf_BGS_d13;18700;ASH_COATED_OSMIUM;9890;13;9886;23;;;9920;11;9924;19;;;9905.0;0.0
yf_BGS_d13;18700;INTARIAN_PEPPER_ROOT;10462;14;10458;21;;;10468;18;10471;25;;;10465.0;0.0
yf_BGS_d13;18800;ASH_COATED_OSMIUM;9895;12;9892;19;;;9916;12;9918;16;;;9905.5;0.0
yf_BGS_d13;18800;INTARIAN_PEPPER_ROOT;10479;12;10475;26;;;10485;15;10488;20;;;10482.0;0.0
yf_BGS_d13;18900;ASH_COATED_OSMIUM;9901;9;9897;11;;;9911;24;9915;11;;;9906.0;0.0
yf_BGS_d13;18900;INTARIAN_PEPPER_ROOT;10494;19;10490;15;;;10502;8;10504;13;;;10498.0;0.0
yf_BGS_d13;19000;ASH_COATED_OSMIUM;9899;14;9897;17;;;9912;15;9915;14;;;9905.5;0.0
yf_BGS_d13;19000;INTARIAN_PEPPER_ROOT;10512;14;10509;23;;;10518;16;10521;14;;;10515.0;0.0
yf_BGS_d13;19100;ASH_COATED_OSMIUM;9900;23;9897;15;;;9911;16;9914;23;;;9905.5;0.0
yf_BGS_d13;19100;INTARIAN_PEPPER_ROOT;10528;18;10524;24;;;10534;10;10537;21;;;10531.0;0.0
yf_BGS_d13;19200;ASH_COATED_OSMIUM;9902;20;9899;23;;;9908;14;9911;23;;;9905.0;0.0
yf_BGS_d13;19200;INTARIAN_PEPPER_ROOT;10545;19;10543;8;;;10551;9;10555;14;;;10548.0;0.0
yf_BGS_d13;19300;ASH_COATED_OSMIUM;9901;12;9897;17;;;9911;13;9915;18;;;9906.0;0.0
yf_BGS_d13;19300;INTARIAN_PEPPER_ROOT;10562;18;10558;24;;;10568;24;10572;21;;;10565.0;0.0
yf_BGS_d13;19400;ASH_COATED_OSMIUM;9903;13;9900;15;;;9909;20;9912;21;;;9906.0;0.0
yf_BGS_d13;19400;INTARIAN_PEPPER_ROOT;10572;15;10568;24;;;10591;13;10593;18;;;10581.5;0.0
yf_BGS_d13;19500;ASH_COATED_OSMIUM;9903;8;9901;30;;;9909;14;9912;26;;;9906.0;0.0
yf_BGS_d13;19500;INTARIAN_PEPPER_ROOT;10594;8;10592;19;;;10601;9;10603;17;;;10597.5;0.0
yf_BGS_d13;19600;ASH_COATED_OSMIUM;9903;13;9899;26;;;9909;19;9911;20;;;9906.0;0.0
yf_BGS_d13;19600;INTARIAN_PEPPER_ROOT;10607;8;10604;20;;;10625;13;10629;21;;;10616.0;0.0
yf_BGS_d13;19700;ASH_COATED_OSMIUM;9901;23;9899;22;;;9911;17;9914;21;;;9906.0;0.0
yf_BGS_d13;19700;INTARIAN_PEPPER_ROOT;10628;12;10624;20;;;10635;19;10639;13;;;10631.5;0.0
yf_BGS_d13;19800;ASH_COATED_OSMIUM;9903;14;9900;17;;;9909;18;9911;15;;;9906.0;0.0
yf_BGS_d13;19800;INTARIAN_PEPPER_ROOT;10646;12;10643;18;;;10652;14;10654;9;;;10649.0;0.0
yf_BGS_d13;19900;ASH_COATED_OSMIUM;9903;16;9899;11;;;9909;13;9913;17;;;9906.0;0.0
yf_BGS_d13;19900;INTARIAN_PEPPER_ROOT;10650;11;10648;21;;;10681;18;10683;16;;;10665.5;0.0
yf_BGS_d13;20000;ASH_COATED_OSMIUM;9898;15;9894;16;;;9913;12;9915;16;;;9905.5;0.0
yf_BGS_d13;20000;INTARIAN_PEPPER_ROOT;10679;12;10676;23;;;10685;10;10689;20;;;10682.0;0.0
yf_BGS_d13;20100;ASH_COATED_OSMIUM;9903;12;9900;18;;;9909;15;9911;24;;;9906.0;0.0
yf_BGS_d13;20100;INTARIAN_PEPPER_ROOT;10693;15;10690;17;;;10704;15;10706;12;;;10698.5;0.0
yf_BGS_d13;20200;ASH_COATED_OSMIUM;9899;14;9897;15;;;9911;17;9915;17;;;9905.0;0.0
yf_BGS_d13;20200;INTARIAN_PEPPER_ROOT;10712;10;10708;17;;;10718;23;10721;16;;;10715.0;0.0
yf_BGS_d13;20300;ASH_COATED_OSMIUM;9903;16;9899;13;;;9909;7;9912;18;;;9906.0;0.0
yf_BGS_d13;20300;INTARIAN_PEPPER_ROOT;10729;15;10725;21;;;10735;18;10737;25;;;10732.0;0.0
yf_BGS_d13;20400;ASH_COATED_OSMIUM;9903;19;9899;16;;;9909;16;9912;16;;;9906.0;0.0
yf_BGS_d13;20400;INTARIAN_PEPPER_ROOT;10734;11;10732;13;;;10764;16;10767;12;;;10749.0;0.0
yf_BGS_d13;20500;ASH_COATED_OSMIUM;9903;15;9900;28;;;9909;18;9913;19;;;9906.0;0.0
yf_BGS_d13;20500;INTARIAN_PEPPER_ROOT;10756;15;10754;23;;;10775;19;10777;18;;;10765.5;0.0
yf_BGS_d13;20600;ASH_COATED_OSMIUM;9902;16;9900;25;;;9908;9;9912;21;;;9905.0;0.0
yf_BGS_d13;20600;INTARIAN_PEPPER_ROOT;10779;5;10775;20;;;10785;21;10789;12;;;10782.0;0.0
yf_BGS_d13;20700;ASH_COATED_OSMIUM;9902;10;9900;12;;;9908;9;9911;28;;;9905.0;0.0
yf_BGS_d13;20700;INTARIAN_PEPPER_ROOT;10795;19;10791;15;;;10801;21;10803;9;;;10798.0;0.0
yf_BGS_d13;20800;ASH_COATED_OSMIUM;9903;14;9900;18;;;9909;6;9911;19;;;9906.0;0.0
yf_BGS_d13;20800;INTARIAN_PEPPER_ROOT;10811;18;10807;11;;;10818;14;10822;16;;;10814.5;0.0
yf_BGS_d13;20900;ASH_COATED_OSMIUM;9903;18;9899;19;;;9909;8;9912;20;;;9906.0;0.0
yf_BGS_d13;20900;INTARIAN_PEPPER_ROOT;10828;15;10826;28;;;10834;16;10837;20;;;10831.0;0.0
yf_BGS_d13;21000;ASH_COATED_OSMIUM;9903;13;9901;16;;;9909;9;9911;12;;;9906.0;0.0
yf_BGS_d13;21000;INTARIAN_PEPPER_ROOT;10845;11;10842;20;;;10851;16;10853;19;;;10848.0;0.0
yf_BGS_d13;21100;ASH_COATED_OSMIUM;9894;17;9891;16;;;9916;12;9919;19;;;9905.0;0.0
yf_BGS_d13;21100;INTARIAN_PEPPER_ROOT;10862;16;10859;14;;;10868;10;10870;13;;;10865.0;0.0
yf_BGS_d13;21200;ASH_COATED_OSMIUM;9899;16;9897;17;;;9913;24;9917;25;;;9906.0;0.0
yf_BGS_d13;21200;INTARIAN_PEPPER_ROOT;10879;9;10876;26;;;10885;18;10887;16;;;10882.0;0.0
yf_BGS_d13;21300;ASH_COATED_OSMIUM;9903;19;9899;12;;;9909;11;9912;22;;;9906.0;0.0
yf_BGS_d13;21300;INTARIAN_PEPPER_ROOT;10894;20;10892;22;;;10904;22;10908;27;;;10899.0;0.0
yf_BGS_d13;21400;ASH_COATED_OSMIUM;9901;18;9899;13;;;9911;8;9914;15;;;9906.0;0.0
yf_BGS_d13;21400;INTARIAN_PEPPER_ROOT;10910;19;10908;19;;;10919;13;10923;25;;;10914.5;0.0
yf_BGS_d13;21500;ASH_COATED_OSMIUM;9903;7;9900;17;;;9909;17;9911;21;;;9906.0;0.0
yf_BGS_d13;21500;INTARIAN_PEPPER_ROOT;10929;16;10926;15;;;10935;22;10939;18;;;10932.0;0.0
yf_BGS_d13;21600;ASH_COATED_OSMIUM;9903;17;9901;17;;;9909;19;9912;28;;;9906.0;0.0
yf_BGS_d13;21600;INTARIAN_PEPPER_ROOT;10943;15;10939;20;;;10954;15;10957;16;;;10948.5;0.0
yf_BGS_d13;21700;ASH_COATED_OSMIUM;9892;15;9890;27;;;9920;20;9923;16;;;9906.0;0.0
yf_BGS_d13;21700;INTARIAN_PEPPER_ROOT;10959;20;10957;19;;;10973;19;10976;22;;;10966.0;0.0
yf_BGS_d13;21800;ASH_COATED_OSMIUM;9903;19;9900;22;;;9909;10;9911;18;;;9906.0;0.0
yf_BGS_d13;21800;INTARIAN_PEPPER_ROOT;10978;10;10976;17;;;10987;16;10990;16;;;10982.5;0.0
yf_BGS_d13;21900;ASH_COATED_OSMIUM;9898;18;9895;25;;;9912;15;9914;16;;;9905.0;0.0
yf_BGS_d13;21900;INTARIAN_PEPPER_ROOT;10994;15;10992;17;;;11004;19;11007;10;;;10999.0;0.0
yf_BGS_d13;22000;ASH_COATED_OSMIUM;9897;16;9895;20;;;9915;6;9919;18;;;9906.0;0.0
yf_BGS_d13;22000;INTARIAN_PEPPER_ROOT;11001;16;10998;20;;;11029;5;11033;23;;;11015.0;0.0
yf_BGS_d13;22100;ASH_COATED_OSMIUM;9902;21;9899;20;;;9908;13;9912;13;;;9905.0;0.0
yf_BGS_d13;22100;INTARIAN_PEPPER_ROOT;11025;20;11021;24;;;11040;19;11043;20;;;11032.5;0.0
yf_BGS_d13;22200;ASH_COATED_OSMIUM;9902;12;9899;13;;;9908;17;9910;22;;;9905.0;0.0
yf_BGS_d13;22200;INTARIAN_PEPPER_ROOT;11037;17;11035;16;;;11061;11;11065;28;;;11049.0;0.0
yf_BGS_d13;22300;ASH_COATED_OSMIUM;9903;13;9900;19;;;9909;20;9911;14;;;9906.0;0.0
yf_BGS_d13;22300;INTARIAN_PEPPER_ROOT;11062;12;11058;15;;;11068;14;11070;16;;;11065.0;0.0
yf_BGS_d13;22400;ASH_COATED_OSMIUM;9902;17;9900;26;;;9908;21;9910;13;;;9905.0;0.0
yf_BGS_d13;22400;INTARIAN_PEPPER_ROOT;11078;14;11076;19;;;11086;15;11089;12;;;11082.0;0.0
yf_BGS_d13;22500;ASH_COATED_OSMIUM;9902;14;9898;23;;;9908;9;9910;21;;;9905.0;0.0
yf_BGS_d13;22500;INTARIAN_PEPPER_ROOT;11086;14;11082;21;;;11112;14;11115;11;;;11099.0;0.0
yf_BGS_d13;22600;ASH_COATED_OSMIUM;9902;20;9899;27;;;9908;8;9910;17;;;9905.0;0.0
yf_BGS_d13;22600;INTARIAN_PEPPER_ROOT;11112;16;11110;17;;;11120;10;11124;29;;;11116.0;0.0
yf_BGS_d13;22700;ASH_COATED_OSMIUM;9902;17;9899;22;;;9908;10;9912;17;;;9905.0;0.0
yf_BGS_d13;22700;INTARIAN_PEPPER_ROOT;11129;12;11126;15;;;11135;20;11137;19;;;11132.0;0.0
yf_BGS_d13;22800;ASH_COATED_OSMIUM;9903;16;9900;26;;;9909;11;9911;26;;;9906.0;0.0
yf_BGS_d13;22800;INTARIAN_PEPPER_ROOT;11146;19;11143;14;;;11152;14;11154;15;;;11149.0;0.0
yf_BGS_d13;22900;ASH_COATED_OSMIUM;9890;11;9887;17;;;9921;5;9925;18;;;9905.5;0.0
yf_BGS_d13;22900;INTARIAN_PEPPER_ROOT;11162;13;11158;23;;;11168;24;11172;21;;;11165.0;0.0
yf_BGS_d13;23000;ASH_COATED_OSMIUM;9903;21;9900;18;;;9909;14;9911;19;;;9906.0;0.0
yf_BGS_d13;23000;INTARIAN_PEPPER_ROOT;11179;17;11177;26;;;11185;22;11188;19;;;11182.0;0.0
yf_BGS_d13;23100;ASH_COATED_OSMIUM;9902;12;9899;14;;;9908;17;9912;17;;;9905.0;0.0
yf_BGS_d13;23100;INTARIAN_PEPPER_ROOT;11196;8;11194;20;;;11202;16;11204;19;;;11199.0;0.0
yf_BGS_d13;23200;ASH_COATED_OSMIUM;9894;10;9892;18;;;9918;11;9921;26;;;9906.0;0.0
yf_BGS_d13;23200;INTARIAN_PEPPER_ROOT;11211;9;11208;24;;;11219;22;11222;27;;;11215.0;0.0
yf_BGS_d13;23300;ASH_COATED_OSMIUM;9898;13;9895;24;;;9912;16;9914;21;;;9905.0;0.0
yf_BGS_d13;23300;INTARIAN_PEPPER_ROOT;11229;15;11226;24;;;11235;12;11239;25;;;11232.0;0.0
yf_BGS_d13;23400;ASH_COATED_OSMIUM;9902;10;9898;21;;;9908;11;9911;9;;;9905.0;0.0
yf_BGS_d13;23400;INTARIAN_PEPPER_ROOT;11243;13;11240;22;;;11255;18;11259;19;;;11249.0;0.0
yf_BGS_d13;23500;ASH_COATED_OSMIUM;9902;21;9900;18;;;9909;5;9913;24;;;9905.5;0.0
yf_BGS_d13;23500;INTARIAN_PEPPER_ROOT;11263;16;11260;28;;;11269;17;11272;22;;;11266.0;0.0
yf_BGS_d13;23600;ASH_COATED_OSMIUM;9903;14;9901;23;;;9909;18;9911;31;;;9906.0;0.0
yf_BGS_d13;23600;INTARIAN_PEPPER_ROOT;11279;8;11275;29;;;11285;13;11289;9;;;11282.0;0.0
yf_BGS_d13;23700;ASH_COATED_OSMIUM;9898;13;9895;17;;;9912;19;9915;11;;;9905.0;0.0
yf_BGS_d13;23700;INTARIAN_PEPPER_ROOT;11295;20;11291;17;;;11302;10;11304;15;;;11298.5;0.0
yf_BGS_d13;23800;ASH_COATED_OSMIUM;9901;18;9898;19;;;9909;14;9912;18;;;9905.0;0.0
yf_BGS_d13;23800;INTARIAN_PEPPER_ROOT;11313;15;11310;19;;;11319;14;11321;15;;;11316.0;0.0
yf_BGS_d13;23900;ASH_COATED_OSMIUM;9902;15;9898;19;;;9908;9;9911;16;;;9905.0;0.0
yf_BGS_d13;23900;INTARIAN_PEPPER_ROOT;11329;12;11325;18;;;11335;5;11339;20;;;11332.0;0.0
yf_BGS_d13;24000;ASH_COATED_OSMIUM;9902;15;9898;22;;;9908;15;9910;17;;;9905.0;0.0
yf_BGS_d13;24000;INTARIAN_PEPPER_ROOT;11343;13;11339;11;;;11356;17;11358;16;;;11349.5;0.0
yf_BGS_d13;24100;ASH_COATED_OSMIUM;9902;16;9898;23;;;9908;11;9911;20;;;9905.0;0.0
yf_BGS_d13;24100;INTARIAN_PEPPER_ROOT;11363;12;11361;19;;;11369;7;11371;14;;;11366.0;0.0
yf_BGS_d13;24200;ASH_COATED_OSMIUM;9898;15;9896;17;;;9913;12;9916;29;;;9905.5;0.0
yf_BGS_d13;24200;INTARIAN_PEPPER_ROOT;11380;10;11378;18;;;11386;18;11389;23;;;11383.0;0.0
yf_BGS_d13;24300;ASH_COATED_OSMIUM;9902;16;9900;8;;;9908;17;9911;17;;;9905.0;0.0
yf_BGS_d13;24300;INTARIAN_PEPPER_ROOT;11387;18;11384;16;;;11411;14;11415;19;;;11399.0;0.0
yf_BGS_d13;24400;ASH_COATED_OSMIUM;9902;16;9899;26;;;9908;11;9911;20;;;9905.0;0.0
yf_BGS_d13;24400;INTARIAN_PEPPER_ROOT;11411;18;11408;30;;;11421;18;11424;24;;;11416.0;0.0
yf_BGS_d13;24500;ASH_COATED_OSMIUM;9902;17;9899;26;;;9908;15;9911;8;;;9905.0;0.0
yf_BGS_d13;24500;INTARIAN_PEPPER_ROOT;11429;17;11425;22;;;11435;10;11439;22;;;11432.0;0.0
yf_BGS_d13;24600;ASH_COATED_OSMIUM;9903;16;9900;29;;;9909;20;9911;17;;;9906.0;0.0
yf_BGS_d13;24600;INTARIAN_PEPPER_ROOT;11444;6;11441;17;;;11454;11;11458;22;;;11449.0;0.0
yf_BGS_d13;24700;ASH_COATED_OSMIUM;9902;12;9899;13;;;9908;10;9912;20;;;9905.0;0.0
yf_BGS_d13;24700;INTARIAN_PEPPER_ROOT;11462;17;11459;19;;;11470;11;11474;16;;;11466.0;0.0
yf_BGS_d13;24800;ASH_COATED_OSMIUM;9902;6;9898;15;;;9909;11;9912;18;;;9905.5;0.0
yf_BGS_d13;24800;INTARIAN_PEPPER_ROOT;11480;17;11478;17;;;11486;15;11488;20;;;11483.0;0.0
yf_BGS_d13;24900;ASH_COATED_OSMIUM;9903;14;9900;26;;;9909;14;9912;14;;;9906.0;0.0
yf_BGS_d13;24900;INTARIAN_PEPPER_ROOT;11497;18;11495;17;;;11503;24;11505;15;;;11500.0;0.0
yf_BGS_d13;25000;ASH_COATED_OSMIUM;9903;19;9901;9;;;9909;10;9913;24;;;9906.0;0.0
yf_BGS_d13;25000;INTARIAN_PEPPER_ROOT;11513;15;11509;13;;;11519;5;11522;17;;;11516.0;0.0
yf_BGS_d13;25100;ASH_COATED_OSMIUM;9902;17;9898;12;;;9908;18;9910;18;;;9905.0;0.0
yf_BGS_d13;25100;INTARIAN_PEPPER_ROOT;11529;22;11525;24;;;11535;16;11538;25;;;11532.0;0.0
yf_BGS_d13;25200;ASH_COATED_OSMIUM;9900;17;9896;19;;;9909;11;9912;21;;;9904.5;0.0
yf_BGS_d13;25200;INTARIAN_PEPPER_ROOT;11544;19;11542;21;;;11555;8;11559;25;;;11549.5;0.0
yf_BGS_d13;25300;ASH_COATED_OSMIUM;9899;7;9895;22;;;9911;16;9913;21;;;9905.0;0.0
yf_BGS_d13;25300;INTARIAN_PEPPER_ROOT;11554;21;11551;12;;;11579;7;11582;31;;;11566.5;0.0
yf_BGS_d13;25400;ASH_COATED_OSMIUM;9903;14;9901;25;;;9909;5;9912;17;;;9906.0;0.0
yf_BGS_d13;25400;INTARIAN_PEPPER_ROOT;11578;14;11576;21;;;11587;6;11591;20;;;11582.5;0.0
yf_BGS_d13;25500;ASH_COATED_OSMIUM;9899;18;9897;17;;;9911;12;9915;20;;;9905.0;0.0
yf_BGS_d13;25500;INTARIAN_PEPPER_ROOT;11594;9;11592;14;;;11606;13;11610;24;;;11600.0;0.0
yf_BGS_d13;25600;ASH_COATED_OSMIUM;9903;10;9901;20;;;9909;8;9911;22;;;9906.0;0.0
yf_BGS_d13;25600;INTARIAN_PEPPER_ROOT;11604;19;11602;20;;;11628;9;11630;18;;;11616.0;0.0
yf_BGS_d13;25700;ASH_COATED_OSMIUM;9902;8;9898;25;;;9909;16;9912;23;;;9905.5;0.0
yf_BGS_d13;25700;INTARIAN_PEPPER_ROOT;11628;9;11626;9;;;11637;10;11641;22;;;11632.5;0.0
yf_BGS_d13;25800;ASH_COATED_OSMIUM;9897;16;9893;21;;;9914;10;9918;17;;;9905.5;0.0
yf_BGS_d13;25800;INTARIAN_PEPPER_ROOT;11643;12;11641;16;;;11656;21;11659;21;;;11649.5;0.0
yf_BGS_d13;25900;ASH_COATED_OSMIUM;9903;15;9900;32;;;9909;16;9912;26;;;9906.0;0.0
yf_BGS_d13;25900;INTARIAN_PEPPER_ROOT;11663;14;11659;19;;;11669;21;11671;22;;;11666.0;0.0
yf_BGS_d13;26000;ASH_COATED_OSMIUM;9903;15;9901;19;;;9909;19;9913;33;;;9906.0;0.0
yf_BGS_d13;26000;INTARIAN_PEPPER_ROOT;11667;25;11664;12;;;11699;9;11702;25;;;11683.0;0.0
yf_BGS_d13;26100;ASH_COATED_OSMIUM;9903;12;9901;20;;;9909;18;9913;25;;;9906.0;0.0
yf_BGS_d13;26100;INTARIAN_PEPPER_ROOT;11696;6;11694;19;;;11702;17;11704;22;;;11699.0;0.0
yf_BGS_d13;26200;ASH_COATED_OSMIUM;9900;5;9898;18;;;9911;19;9914;17;;;9905.5;0.0
yf_BGS_d13;26200;INTARIAN_PEPPER_ROOT;11712;21;11710;14;;;11720;13;11723;24;;;11716.0;0.0
yf_BGS_d13;26300;ASH_COATED_OSMIUM;9902;22;9900;19;;;9908;14;9910;20;;;9905.0;0.0
yf_BGS_d13;26300;INTARIAN_PEPPER_ROOT;11728;19;11725;18;;;11738;15;11740;26;;;11733.0;0.0
yf_BGS_d13;26400;ASH_COATED_OSMIUM;9902;22;9898;18;;;9908;12;9911;17;;;9905.0;0.0
yf_BGS_d13;26400;INTARIAN_PEPPER_ROOT;11746;17;11742;20;;;11752;13;11755;26;;;11749.0;0.0
yf_BGS_d13;26500;ASH_COATED_OSMIUM;9897;25;9894;17;;;9914;17;9917;20;;;9905.5;0.0
yf_BGS_d13;26500;INTARIAN_PEPPER_ROOT;11763;14;11761;17;;;11770;9;11772;8;;;11766.5;0.0
yf_BGS_d13;26600;ASH_COATED_OSMIUM;9898;14;9895;22;;;9912;21;9914;20;;;9905.0;0.0
yf_BGS_d13;26600;INTARIAN_PEPPER_ROOT;11779;12;11777;17;;;11785;20;11788;24;;;11782.0;0.0
yf_BGS_d13;26700;ASH_COATED_OSMIUM;9902;22;9898;16;;;9908;13;9910;27;;;9905.0;0.0
yf_BGS_d13;26700;INTARIAN_PEPPER_ROOT;11796;20;11794;22;;;11802;15;11806;22;;;11799.0;0.0
yf_BGS_d13;26800;ASH_COATED_OSMIUM;9899;11;9895;32;;;9912;7;9914;18;;;9905.5;0.0
yf_BGS_d13;26800;INTARIAN_PEPPER_ROOT;11813;14;11811;24;;;11819;15;11823;12;;;11816.0;0.0
yf_BGS_d13;26900;ASH_COATED_OSMIUM;9901;12;9899;16;;;9909;15;9912;14;;;9905.0;0.0
yf_BGS_d13;26900;INTARIAN_PEPPER_ROOT;11830;18;11827;24;;;11836;20;11840;18;;;11833.0;0.0
yf_BGS_d13;27000;ASH_COATED_OSMIUM;9901;12;9898;16;;;9910;7;9912;19;;;9905.5;0.0
yf_BGS_d13;27000;INTARIAN_PEPPER_ROOT;11847;5;11845;27;;;11853;11;11855;19;;;11850.0;0.0
yf_BGS_d13;27100;ASH_COATED_OSMIUM;9903;25;9901;19;;;9909;7;9912;22;;;9906.0;0.0
yf_BGS_d13;27100;INTARIAN_PEPPER_ROOT;11860;15;11858;13;;;11872;19;11875;18;;;11866.0;0.0
yf_BGS_d13;27200;ASH_COATED_OSMIUM;9893;16;9890;19;;;9917;10;9920;23;;;9905.0;0.0
yf_BGS_d13;27200;INTARIAN_PEPPER_ROOT;11880;16;11877;18;;;11886;14;11889;23;;;11883.0;0.0
yf_BGS_d13;27300;ASH_COATED_OSMIUM;9902;9;9900;16;;;9908;13;9912;15;;;9905.0;0.0
yf_BGS_d13;27300;INTARIAN_PEPPER_ROOT;11889;11;11886;23;;;11911;16;11915;20;;;11900.0;0.0
yf_BGS_d13;27400;ASH_COATED_OSMIUM;9902;18;9898;23;;;9908;11;9910;17;;;9905.0;0.0
yf_BGS_d13;27400;INTARIAN_PEPPER_ROOT;11907;19;11905;24;;;11927;16;11929;21;;;11917.0;0.0
yf_BGS_d13;27500;ASH_COATED_OSMIUM;9902;13;9900;13;;;9910;24;9912;21;;;9906.0;0.0
yf_BGS_d13;27500;INTARIAN_PEPPER_ROOT;11930;14;11927;22;;;11936;16;11940;10;;;11933.0;0.0
yf_BGS_d13;27600;ASH_COATED_OSMIUM;9895;23;9892;12;;;9916;5;9920;21;;;9905.5;0.0
yf_BGS_d13;27600;INTARIAN_PEPPER_ROOT;11937;24;11933;20;;;11963;12;11965;20;;;11950.0;0.0
yf_BGS_d13;27700;ASH_COATED_OSMIUM;9903;20;9901;21;;;9909;20;9912;23;;;9906.0;0.0
yf_BGS_d13;27700;INTARIAN_PEPPER_ROOT;11963;12;11961;13;;;11969;9;11973;16;;;11966.0;0.0
yf_BGS_d13;27800;ASH_COATED_OSMIUM;9902;16;9900;21;;;9908;17;9912;16;;;9905.0;0.0
yf_BGS_d13;27800;INTARIAN_PEPPER_ROOT;11980;15;11978;16;;;11986;19;11990;18;;;11983.0;0.0
yf_BGS_d13;27900;ASH_COATED_OSMIUM;9895;18;9891;12;;;9915;18;9919;17;;;9905.0;0.0
yf_BGS_d13;27900;INTARIAN_PEPPER_ROOT;11996;10;11994;10;;;12003;20;12006;15;;;11999.5;0.0
yf_BGS_d13;28000;ASH_COATED_OSMIUM;9901;24;9898;26;;;9911;13;9913;11;;;9906.0;0.0
yf_BGS_d13;28000;INTARIAN_PEPPER_ROOT;12007;18;12004;26;;;12026;10;12029;22;;;12016.5;0.0
yf_BGS_d13;28100;ASH_COATED_OSMIUM;9902;16;9900;12;;;9908;13;9912;22;;;9905.0;0.0
yf_BGS_d13;28100;INTARIAN_PEPPER_ROOT;12030;14;12026;13;;;12036;14;12040;19;;;12033.0;0.0
yf_BGS_d13;28200;ASH_COATED_OSMIUM;9902;20;9900;17;;;9908;12;9912;19;;;9905.0;0.0
yf_BGS_d13;28200;INTARIAN_PEPPER_ROOT;12044;14;12040;18;;;12055;13;12057;21;;;12049.5;0.0
yf_BGS_d13;28300;ASH_COATED_OSMIUM;9902;13;9898;24;;;9908;16;9912;14;;;9905.0;0.0
yf_BGS_d13;28300;INTARIAN_PEPPER_ROOT;12063;21;12059;14;;;12071;12;12074;16;;;12067.0;0.0
yf_BGS_d13;28400;ASH_COATED_OSMIUM;9902;15;9899;27;;;9908;22;9911;19;;;9905.0;0.0
yf_BGS_d13;28400;INTARIAN_PEPPER_ROOT;12080;5;12076;18;;;12086;14;12089;29;;;12083.0;0.0
yf_BGS_d13;28500;ASH_COATED_OSMIUM;9902;7;9899;19;;;9908;21;9912;16;;;9905.0;0.0
yf_BGS_d13;28500;INTARIAN_PEPPER_ROOT;12097;12;12095;15;;;12103;20;12106;21;;;12100.0;0.0
yf_BGS_d13;28600;ASH_COATED_OSMIUM;9902;17;9900;10;;;9909;14;9912;23;;;9905.5;0.0
yf_BGS_d13;28600;INTARIAN_PEPPER_ROOT;12113;9;12111;15;;;12119;8;12121;17;;;12116.0;0.0
yf_BGS_d13;28700;ASH_COATED_OSMIUM;9902;8;9898;24;;;9908;12;9910;30;;;9905.0;0.0
yf_BGS_d13;28700;INTARIAN_PEPPER_ROOT;12131;24;12127;21;;;12137;13;12139;14;;;12134.0;0.0
yf_BGS_d13;28800;ASH_COATED_OSMIUM;9902;19;9899;13;;;9908;20;9911;16;;;9905.0;0.0
yf_BGS_d13;28800;INTARIAN_PEPPER_ROOT;12143;15;12140;19;;;12156;13;12159;23;;;12149.5;0.0
yf_BGS_d13;28900;ASH_COATED_OSMIUM;9902;15;9898;23;;;9908;19;9912;14;;;9905.0;0.0
yf_BGS_d13;28900;INTARIAN_PEPPER_ROOT;12164;20;12161;23;;;12170;11;12174;23;;;12167.0;0.0
yf_BGS_d13;29000;ASH_COATED_OSMIUM;9900;15;9898;15;;;9912;24;9915;9;;;9906.0;0.0
yf_BGS_d13;29000;INTARIAN_PEPPER_ROOT;12180;24;12177;20;;;12186;17;12190;19;;;12183.0;0.0
yf_BGS_d13;29100;ASH_COATED_OSMIUM;9902;7;9899;23;;;9908;18;9911;10;;;9905.0;0.0
yf_BGS_d13;29100;INTARIAN_PEPPER_ROOT;12197;5;12194;12;;;12203;22;12207;19;;;12200.0;0.0
yf_BGS_d13;29200;ASH_COATED_OSMIUM;9902;8;9900;24;;;9908;16;9910;8;;;9905.0;0.0
yf_BGS_d13;29200;INTARIAN_PEPPER_ROOT;12213;11;12210;17;;;12219;13;12221;16;;;12216.0;0.0
yf_BGS_d13;29300;ASH_COATED_OSMIUM;9902;23;9898;22;;;9908;18;9911;16;;;9905.0;0.0
yf_BGS_d13;29300;INTARIAN_PEPPER_ROOT;12230;16;12228;17;;;12236;11;12240;17;;;12233.0;0.0
yf_BGS_d13;29400;ASH_COATED_OSMIUM;9894;24;9891;19;;;9916;22;9918;20;;;9905.0;0.0
yf_BGS_d13;29400;INTARIAN_PEPPER_ROOT;12247;24;12243;22;;;12253;13;12255;18;;;12250.0;0.0
yf_BGS_d13;29500;ASH_COATED_OSMIUM;9902;18;9900;25;;;9908;19;9911;15;;;9905.0;0.0
yf_BGS_d13;29500;INTARIAN_PEPPER_ROOT;12254;7;12252;11;;;12278;15;12282;16;;;12266.0;0.0
yf_BGS_d13;29600;ASH_COATED_OSMIUM;9903;15;9901;20;;;9909;12;9912;10;;;9906.0;0.0
yf_BGS_d13;29600;INTARIAN_PEPPER_ROOT;12281;13;12279;21;;;12287;9;12291;23;;;12284.0;0.0
yf_BGS_d13;29700;ASH_COATED_OSMIUM;9902;16;9899;19;;;9908;19;9910;16;;;9905.0;0.0
yf_BGS_d13;29700;INTARIAN_PEPPER_ROOT;12297;19;12294;8;;;12303;18;12307;19;;;12300.0;0.0
yf_BGS_d13;29800;ASH_COATED_OSMIUM;9898;19;9895;21;;;9914;13;9917;21;;;9906.0;0.0
yf_BGS_d13;29800;INTARIAN_PEPPER_ROOT;12314;17;12311;17;;;12320;16;12324;18;;;12317.0;0.0
yf_BGS_d13;29900;ASH_COATED_OSMIUM;9902;12;9900;13;;;9908;20;9912;28;;;9905.0;0.0
yf_BGS_d13;29900;INTARIAN_PEPPER_ROOT;12330;21;12328;17;;;12336;12;12339;15;;;12333.0;0.0
yf_BGS_d13;30000;ASH_COATED_OSMIUM;9902;11;9898;21;;;9908;12;9912;22;;;9905.0;0.0
yf_BGS_d13;30000;INTARIAN_PEPPER_ROOT;12347;14;12345;20;;;12353;6;12357;21;;;12350.0;0.0
yf_BGS_d13;30100;ASH_COATED_OSMIUM;9902;15;9900;26;;;9908;13;9910;18;;;9905.0;0.0
yf_BGS_d13;30100;INTARIAN_PEPPER_ROOT;12363;13;12361;27;;;12370;17;12373;21;;;12366.5;0.0
yf_BGS_d13;30200;ASH_COATED_OSMIUM;9902;17;9900;13;;;9908;16;9912;24;;;9905.0;0.0
yf_BGS_d13;30200;INTARIAN_PEPPER_ROOT;12379;13;12375;13;;;12387;18;12390;13;;;12383.0;0.0
yf_BGS_d13;30300;ASH_COATED_OSMIUM;9902;10;9898;25;;;9908;10;9911;23;;;9905.0;0.0
yf_BGS_d13;30300;INTARIAN_PEPPER_ROOT;12380;16;12378;25;;;12420;17;12424;22;;;12400.0;0.0
yf_BGS_d13;30400;ASH_COATED_OSMIUM;9903;18;9899;17;;;9909;15;9913;29;;;9906.0;0.0
yf_BGS_d13;30400;INTARIAN_PEPPER_ROOT;12412;21;12408;23;;;12421;14;12423;11;;;12416.5;0.0
yf_BGS_d13;30500;ASH_COATED_OSMIUM;9903;16;9899;26;;;9909;11;9911;18;;;9906.0;0.0
yf_BGS_d13;30500;INTARIAN_PEPPER_ROOT;12430;16;12426;21;;;12436;17;12439;18;;;12433.0;0.0
yf_BGS_d13;30600;ASH_COATED_OSMIUM;9895;17;9891;22;;;9916;12;9920;16;;;9905.5;0.0
yf_BGS_d13;30600;INTARIAN_PEPPER_ROOT;12447;12;12443;24;;;12453;22;12456;19;;;12450.0;0.0
yf_BGS_d13;30700;ASH_COATED_OSMIUM;9902;19;9898;21;;;9908;16;9912;18;;;9905.0;0.0
yf_BGS_d13;30700;INTARIAN_PEPPER_ROOT;12464;23;12462;13;;;12470;13;12472;17;;;12467.0;0.0
yf_BGS_d13;30800;ASH_COATED_OSMIUM;9894;9;9892;20;;;9917;15;9919;12;;;9905.5;0.0
yf_BGS_d13;30800;INTARIAN_PEPPER_ROOT;12475;14;12472;22;;;12492;16;12494;12;;;12483.5;0.0
yf_BGS_d13;30900;ASH_COATED_OSMIUM;9903;12;9899;26;;;9909;17;9913;19;;;9906.0;0.0
yf_BGS_d13;30900;INTARIAN_PEPPER_ROOT;12497;12;12494;21;;;12503;15;12507;23;;;12500.0;0.0
yf_BGS_d13;31000;ASH_COATED_OSMIUM;9902;19;9900;21;;;9908;16;9910;22;;;9905.0;0.0
yf_BGS_d13;31000;INTARIAN_PEPPER_ROOT;12510;15;12508;16;;;12523;26;12525;12;;;12516.5;0.0
yf_BGS_d13;31100;ASH_COATED_OSMIUM;9899;16;9897;22;;;9912;24;9916;23;;;9905.5;0.0
yf_BGS_d13;31100;INTARIAN_PEPPER_ROOT;12530;19;12527;14;;;12536;17;12540;17;;;12533.0;0.0
yf_BGS_d13;31200;ASH_COATED_OSMIUM;9902;11;9899;24;;;9908;27;9912;29;;;9905.0;0.0
yf_BGS_d13;31200;INTARIAN_PEPPER_ROOT;12548;15;12545;24;;;12554;16;12557;12;;;12551.0;0.0
yf_BGS_d13;31300;ASH_COATED_OSMIUM;9902;16;9900;20;;;9908;15;9910;20;;;9905.0;0.0
yf_BGS_d13;31300;INTARIAN_PEPPER_ROOT;12564;12;12560;17;;;12570;15;12572;23;;;12567.0;0.0
yf_BGS_d13;31400;ASH_COATED_OSMIUM;9902;9;9900;19;;;9908;9;9912;14;;;9905.0;0.0
yf_BGS_d13;31400;INTARIAN_PEPPER_ROOT;12576;18;12573;22;;;12592;16;12594;19;;;12584.0;0.0
yf_BGS_d13;31500;ASH_COATED_OSMIUM;9893;17;9891;16;;;9918;17;9921;27;;;9905.5;0.0
yf_BGS_d13;31500;INTARIAN_PEPPER_ROOT;12597;11;12594;18;;;12603;11;12607;20;;;12600.0;0.0
yf_BGS_d13;31600;ASH_COATED_OSMIUM;9902;22;9898;8;;;9908;22;9912;24;;;9905.0;0.0
yf_BGS_d13;31600;INTARIAN_PEPPER_ROOT;12614;20;12610;16;;;12620;23;12622;15;;;12617.0;0.0
yf_BGS_d13;31700;ASH_COATED_OSMIUM;9902;14;9900;16;;;9908;8;9910;24;;;9905.0;0.0
yf_BGS_d13;31700;INTARIAN_PEPPER_ROOT;12630;16;12628;16;;;12636;16;12639;8;;;12633.0;0.0
yf_BGS_d13;31800;ASH_COATED_OSMIUM;9902;17;9898;25;;;9908;17;9912;18;;;9905.0;0.0
yf_BGS_d13;31800;INTARIAN_PEPPER_ROOT;12645;13;12641;28;;;12656;15;12659;28;;;12650.5;0.0
yf_BGS_d13;31900;ASH_COATED_OSMIUM;9902;13;9898;9;;;9909;17;9913;27;;;9905.5;0.0
yf_BGS_d13;31900;INTARIAN_PEPPER_ROOT;12664;15;12661;32;;;12670;24;12674;12;;;12667.0;0.0
yf_BGS_d13;32000;ASH_COATED_OSMIUM;9892;20;9889;11;;;9918;24;9922;19;;;9905.0;0.0
yf_BGS_d13;32000;INTARIAN_PEPPER_ROOT;12681;16;12679;16;;;12687;11;12690;18;;;12684.0;0.0
yf_BGS_d13;32100;ASH_COATED_OSMIUM;9902;18;9900;26;;;9908;12;9911;28;;;9905.0;0.0
yf_BGS_d13;32100;INTARIAN_PEPPER_ROOT;12696;6;12693;27;;;12704;21;12707;13;;;12700.0;0.0
yf_BGS_d13;32200;ASH_COATED_OSMIUM;9902;11;9898;15;;;9908;14;9910;27;;;9905.0;0.0
yf_BGS_d13;32200;INTARIAN_PEPPER_ROOT;12709;15;12705;31;;;12725;14;12728;18;;;12717.0;0.0
yf_BGS_d13;32300;ASH_COATED_OSMIUM;9900;20;9898;18;;;9911;15;9913;10;;;9905.5;0.0
yf_BGS_d13;32300;INTARIAN_PEPPER_ROOT;12726;10;12723;19;;;12740;18;12743;15;;;12733.0;0.0
yf_BGS_d13;32400;ASH_COATED_OSMIUM;9903;8;9899;13;;;9909;10;9912;25;;;9906.0;0.0
yf_BGS_d13;32400;INTARIAN_PEPPER_ROOT;12746;11;12744;23;;;12752;10;12756;23;;;12749.0;0.0
yf_BGS_d13;32500;ASH_COATED_OSMIUM;9900;26;9898;20;;;9910;13;9912;26;;;9905.0;0.0
yf_BGS_d13;32500;INTARIAN_PEPPER_ROOT;12761;13;12758;27;;;12773;22;12776;19;;;12767.0;0.0
yf_BGS_d13;32600;ASH_COATED_OSMIUM;9902;21;9899;17;;;9908;18;9910;24;;;9905.0;0.0
yf_BGS_d13;32600;INTARIAN_PEPPER_ROOT;12781;13;12778;13;;;12787;13;12789;21;;;12784.0;0.0
yf_BGS_d13;32700;ASH_COATED_OSMIUM;9901;14;9897;19;;;9908;11;9911;26;;;9904.5;0.0
yf_BGS_d13;32700;INTARIAN_PEPPER_ROOT;12796;18;12794;29;;;12805;15;12809;13;;;12800.5;0.0
yf_BGS_d13;32800;ASH_COATED_OSMIUM;9901;9;9899;16;;;9909;23;9911;21;;;9905.0;0.0
yf_BGS_d13;32800;INTARIAN_PEPPER_ROOT;12814;15;12811;25;;;12820;13;12822;16;;;12817.0;0.0
yf_BGS_d13;32900;ASH_COATED_OSMIUM;9897;15;9894;29;;;9913;14;9916;19;;;9905.0;0.0
yf_BGS_d13;32900;INTARIAN_PEPPER_ROOT;12832;22;12828;15;;;12838;20;12840;29;;;12835.0;0.0
yf_BGS_d13;33000;ASH_COATED_OSMIUM;9897;18;9895;14;;;9913;22;9915;8;;;9905.0;0.0
yf_BGS_d13;33000;INTARIAN_PEPPER_ROOT;12847;21;12845;17;;;12854;14;12857;13;;;12850.5;0.0
yf_BGS_d13;33100;ASH_COATED_OSMIUM;9902;25;9898;21;;;9908;19;9910;21;;;9905.0;0.0
yf_BGS_d13;33100;INTARIAN_PEPPER_ROOT;12864;16;12861;18;;;12871;20;12873;24;;;12867.5;0.0
yf_BGS_d13;33200;ASH_COATED_OSMIUM;9902;6;9898;24;;;9908;10;9912;20;;;9905.0;0.0
yf_BGS_d13;33200;INTARIAN_PEPPER_ROOT;12881;19;12879;18;;;12887;12;12890;17;;;12884.0;0.0
yf_BGS_d13;33300;ASH_COATED_OSMIUM;9900;15;9896;21;;;9911;18;9915;20;;;9905.5;0.0
yf_BGS_d13;33300;INTARIAN_PEPPER_ROOT;12898;17;12895;21;;;12904;16;12906;16;;;12901.0;0.0
yf_BGS_d13;33400;ASH_COATED_OSMIUM;9895;13;9891;19;;;9915;12;9917;17;;;9905.0;0.0
yf_BGS_d13;33400;INTARIAN_PEPPER_ROOT;12905;6;12901;19;;;12929;19;12931;25;;;12917.0;0.0
yf_BGS_d13;33500;ASH_COATED_OSMIUM;9902;10;9900;19;;;9908;12;9911;16;;;9905.0;0.0
yf_BGS_d13;33500;INTARIAN_PEPPER_ROOT;12929;14;12927;25;;;12939;19;12942;21;;;12934.0;0.0
yf_BGS_d13;33600;ASH_COATED_OSMIUM;9900;14;9898;17;;;9910;15;9912;19;;;9905.0;0.0
yf_BGS_d13;33600;INTARIAN_PEPPER_ROOT;12947;12;12944;19;;;12954;22;12958;14;;;12950.5;0.0
yf_BGS_d13;33700;ASH_COATED_OSMIUM;9903;11;9899;19;;;9909;19;9911;19;;;9906.0;0.0
yf_BGS_d13;33700;INTARIAN_PEPPER_ROOT;12964;16;12960;25;;;12970;16;12972;20;;;12967.0;0.0
yf_BGS_d13;33800;ASH_COATED_OSMIUM;9902;19;9898;22;;;9908;14;9910;28;;;9905.0;0.0
yf_BGS_d13;33800;INTARIAN_PEPPER_ROOT;12978;11;12976;10;;;12991;12;12994;25;;;12984.5;0.0
yf_BGS_d13;33900;ASH_COATED_OSMIUM;9895;13;9891;15;;;9914;16;9916;21;;;9904.5;0.0
yf_BGS_d13;33900;INTARIAN_PEPPER_ROOT;12986;16;12982;13;;;13013;18;13015;22;;;12999.5;0.0
yf_BGS_d13;34000;ASH_COATED_OSMIUM;9901;17;9898;21;;;9910;15;9914;28;;;9905.5;0.0
yf_BGS_d13;34000;INTARIAN_PEPPER_ROOT;12984;16;12981;14;;;13003;5;13006;22;;;12993.5;0.0
yf_BGS_d13;34100;ASH_COATED_OSMIUM;9899;22;9896;18;;;9911;16;9913;18;;;9905.0;0.0
yf_BGS_d13;34100;INTARIAN_PEPPER_ROOT;12984;20;12981;14;;;12990;18;12994;17;;;12987.0;0.0
yf_BGS_d13;34200;ASH_COATED_OSMIUM;9902;16;9899;24;;;9908;16;9910;25;;;9905.0;0.0
yf_BGS_d13;34200;INTARIAN_PEPPER_ROOT;12979;8;12975;19;;;12985;19;12987;25;;;12982.0;0.0
yf_BGS_d13;34300;ASH_COATED_OSMIUM;9902;12;9899;15;;;9908;13;9912;15;;;9905.0;0.0
yf_BGS_d13;34300;INTARIAN_PEPPER_ROOT;12973;13;12970;27;;;12979;14;12981;23;;;12976.0;0.0
yf_BGS_d13;34400;ASH_COATED_OSMIUM;9902;11;9899;23;;;9908;9;9912;18;;;9905.0;0.0
yf_BGS_d13;34400;INTARIAN_PEPPER_ROOT;12959;10;12957;12;;;12981;7;12983;17;;;12970.0;0.0
yf_BGS_d13;34500;ASH_COATED_OSMIUM;9902;18;9899;18;;;9908;17;9911;21;;;9905.0;0.0
yf_BGS_d13;34500;INTARIAN_PEPPER_ROOT;12959;16;12956;17;;;12969;17;12971;14;;;12964.0;0.0
yf_BGS_d13;34600;ASH_COATED_OSMIUM;9902;16;9899;10;;;9908;17;9911;16;;;9905.0;0.0
yf_BGS_d13;34600;INTARIAN_PEPPER_ROOT;12955;15;12952;17;;;12961;25;12964;24;;;12958.0;0.0
yf_BGS_d13;34700;ASH_COATED_OSMIUM;9902;13;9900;25;;;9908;11;9912;15;;;9905.0;0.0
yf_BGS_d13;34700;INTARIAN_PEPPER_ROOT;12948;7;12944;20;;;12956;15;12959;23;;;12952.0;0.0
yf_BGS_d13;34800;ASH_COATED_OSMIUM;9903;19;9901;18;;;9909;12;9911;27;;;9906.0;0.0
yf_BGS_d13;34800;INTARIAN_PEPPER_ROOT;12933;20;12931;14;;;12958;17;12961;21;;;12945.5;0.0
yf_BGS_d13;34900;ASH_COATED_OSMIUM;9903;14;9899;20;;;9909;5;9912;22;;;9906.0;0.0
yf_BGS_d13;34900;INTARIAN_PEPPER_ROOT;12937;19;12935;19;;;12943;10;12945;27;;;12940.0;0.0
yf_BGS_d13;35000;ASH_COATED_OSMIUM;9902;13;9900;15;;;9908;18;9910;12;;;9905.0;0.0
yf_BGS_d13;35000;INTARIAN_PEPPER_ROOT;12926;24;12923;13;;;12941;11;12945;20;;;12933.5;0.0
yf_BGS_d13;35100;ASH_COATED_OSMIUM;9888;5;9884;20;;;9922;15;9925;14;;;9905.0;0.0
yf_BGS_d13;35100;INTARIAN_PEPPER_ROOT;12925;12;12922;23;;;12931;12;12935;20;;;12928.0;0.0
yf_BGS_d13;35200;ASH_COATED_OSMIUM;9894;10;9892;26;;;9916;20;9919;24;;;9905.0;0.0
yf_BGS_d13;35200;INTARIAN_PEPPER_ROOT;12892;12;12889;21;;;12951;17;12955;14;;;12921.5;0.0
yf_BGS_d13;35300;ASH_COATED_OSMIUM;9896;14;9892;15;;;9914;15;9916;27;;;9905.0;0.0
yf_BGS_d13;35300;INTARIAN_PEPPER_ROOT;12910;12;12908;28;;;12923;8;12927;14;;;12916.5;0.0
yf_BGS_d13;35400;ASH_COATED_OSMIUM;9898;16;9896;20;;;9911;15;9915;27;;;9904.5;0.0
yf_BGS_d13;35400;INTARIAN_PEPPER_ROOT;12907;15;12904;20;;;12914;21;12917;22;;;12910.5;0.0
yf_BGS_d13;35500;ASH_COATED_OSMIUM;9902;21;9900;16;;;9908;14;9912;8;;;9905.0;0.0
yf_BGS_d13;35500;INTARIAN_PEPPER_ROOT;12894;12;12890;22;;;12914;10;12916;19;;;12904.0;0.0
yf_BGS_d13;35600;ASH_COATED_OSMIUM;9902;16;9899;12;;;9908;17;9910;18;;;9905.0;0.0
yf_BGS_d13;35600;INTARIAN_PEPPER_ROOT;12896;9;12893;15;;;12902;13;12904;23;;;12899.0;0.0
yf_BGS_d13;35700;ASH_COATED_OSMIUM;9901;9;9899;12;;;9910;17;9914;19;;;9905.5;0.0
yf_BGS_d13;35700;INTARIAN_PEPPER_ROOT;12886;9;12882;22;;;12900;9;12904;19;;;12893.0;0.0
yf_BGS_d13;35800;ASH_COATED_OSMIUM;9902;22;9899;20;;;9908;23;9911;26;;;9905.0;0.0
yf_BGS_d13;35800;INTARIAN_PEPPER_ROOT;12881;20;12877;25;;;12892;11;12894;17;;;12886.5;0.0
yf_BGS_d13;35900;ASH_COATED_OSMIUM;9902;11;9900;21;;;9908;9;9912;27;;;9905.0;0.0
yf_BGS_d13;35900;INTARIAN_PEPPER_ROOT;12877;13;12874;23;;;12883;20;12887;25;;;12880.0;0.0
yf_BGS_d13;36000;ASH_COATED_OSMIUM;9902;5;9900;22;;;9908;16;9910;18;;;9905.0;0.0
yf_BGS_d13;36000;INTARIAN_PEPPER_ROOT;12870;10;12868;20;;;12880;15;12882;25;;;12875.0;0.0
yf_BGS_d13;36100;ASH_COATED_OSMIUM;9903;19;9899;16;;;9909;14;9913;22;;;9906.0;0.0
yf_BGS_d13;36100;INTARIAN_PEPPER_ROOT;12866;22;12864;16;;;12872;8;12875;22;;;12869.0;0.0
yf_BGS_d13;36200;ASH_COATED_OSMIUM;9902;21;9900;16;;;9908;5;9911;23;;;9905.0;0.0
yf_BGS_d13;36200;INTARIAN_PEPPER_ROOT;12858;10;12856;11;;;12865;26;12869;18;;;12861.5;0.0
yf_BGS_d13;36300;ASH_COATED_OSMIUM;9900;19;9897;9;;;9911;14;9913;14;;;9905.5;0.0
yf_BGS_d13;36300;INTARIAN_PEPPER_ROOT;12853;23;12851;25;;;12859;20;12863;27;;;12856.0;0.0
yf_BGS_d13;36400;ASH_COATED_OSMIUM;9898;10;9894;25;;;9912;17;9915;23;;;9905.0;0.0
yf_BGS_d13;36400;INTARIAN_PEPPER_ROOT;12846;13;12843;15;;;12855;18;12857;19;;;12850.5;0.0
yf_BGS_d13;36500;ASH_COATED_OSMIUM;9902;18;9899;14;;;9908;5;9911;18;;;9905.0;0.0
yf_BGS_d13;36500;INTARIAN_PEPPER_ROOT;12842;13;12839;20;;;12848;15;12852;16;;;12845.0;0.0
yf_BGS_d13;36600;ASH_COATED_OSMIUM;9901;23;9898;19;;;9910;8;9912;26;;;9905.5;0.0
yf_BGS_d13;36600;INTARIAN_PEPPER_ROOT;12836;22;12833;19;;;12842;21;12844;8;;;12839.0;0.0
yf_BGS_d13;36700;ASH_COATED_OSMIUM;9902;10;9899;27;;;9910;17;9914;29;;;9906.0;0.0
yf_BGS_d13;36700;INTARIAN_PEPPER_ROOT;12828;13;12824;21;;;12838;15;12842;10;;;12833.0;0.0
yf_BGS_d13;36800;ASH_COATED_OSMIUM;9903;23;9901;24;;;9909;15;9911;22;;;9906.0;0.0
yf_BGS_d13;36800;INTARIAN_PEPPER_ROOT;12824;17;12822;23;;;12830;17;12832;21;;;12827.0;0.0
yf_BGS_d13;36900;ASH_COATED_OSMIUM;9903;15;9899;25;;;9909;5;9911;11;;;9906.0;0.0
yf_BGS_d13;36900;INTARIAN_PEPPER_ROOT;12815;23;12813;11;;;12826;21;12828;17;;;12820.5;0.0
yf_BGS_d13;37000;ASH_COATED_OSMIUM;9903;11;9899;19;;;9909;9;9912;17;;;9906.0;0.0
yf_BGS_d13;37000;INTARIAN_PEPPER_ROOT;12809;24;12806;19;;;12820;5;12822;21;;;12814.5;0.0
yf_BGS_d13;37100;ASH_COATED_OSMIUM;9900;15;9896;14;;;9910;20;9913;20;;;9905.0;0.0
yf_BGS_d13;37100;INTARIAN_PEPPER_ROOT;12806;7;12802;19;;;12812;18;12816;15;;;12809.0;0.0
yf_BGS_d13;37200;ASH_COATED_OSMIUM;9893;17;9889;25;;;9918;8;9921;19;;;9905.5;0.0
yf_BGS_d13;37200;INTARIAN_PEPPER_ROOT;12799;20;12795;21;;;12805;14;12808;19;;;12802.0;0.0
yf_BGS_d13;37300;ASH_COATED_OSMIUM;9903;14;9900;24;;;9909;14;9912;28;;;9906.0;0.0
yf_BGS_d13;37300;INTARIAN_PEPPER_ROOT;12783;13;12779;22;;;12811;15;12814;15;;;12797.0;0.0
yf_BGS_d13;37400;ASH_COATED_OSMIUM;9903;13;9900;26;;;9909;12;9913;24;;;9906.0;0.0
yf_BGS_d13;37400;INTARIAN_PEPPER_ROOT;12788;18;12784;18;;;12794;14;12796;17;;;12791.0;0.0
yf_BGS_d13;37500;ASH_COATED_OSMIUM;9897;13;9894;18;;;9914;11;9918;15;;;9905.5;0.0
yf_BGS_d13;37500;INTARIAN_PEPPER_ROOT;12772;11;12770;22;;;12798;13;12801;24;;;12785.0;0.0
yf_BGS_d13;37600;ASH_COATED_OSMIUM;9903;17;9901;8;;;9909;19;9913;17;;;9906.0;0.0
yf_BGS_d13;37600;INTARIAN_PEPPER_ROOT;12775;13;12771;12;;;12783;14;12786;18;;;12779.0;0.0
yf_BGS_d13;37700;ASH_COATED_OSMIUM;9903;17;9901;18;;;9909;21;9911;27;;;9906.0;0.0
yf_BGS_d13;37700;INTARIAN_PEPPER_ROOT;12770;16;12766;12;;;12776;20;12780;12;;;12773.0;0.0
yf_BGS_d13;37800;ASH_COATED_OSMIUM;9901;18;9899;21;;;9910;7;9914;17;;;9905.5;0.0
yf_BGS_d13;37800;INTARIAN_PEPPER_ROOT;12765;16;12761;19;;;12771;6;12773;21;;;12768.0;0.0
yf_BGS_d13;37900;ASH_COATED_OSMIUM;9903;13;9900;15;;;9909;17;9911;20;;;9906.0;0.0
yf_BGS_d13;37900;INTARIAN_PEPPER_ROOT;12758;20;12755;19;;;12764;23;12768;20;;;12761.0;0.0
yf_BGS_d13;38000;ASH_COATED_OSMIUM;9903;11;9900;25;;;9909;17;9913;32;;;9906.0;0.0
yf_BGS_d13;38000;INTARIAN_PEPPER_ROOT;12752;13;12750;8;;;12758;9;12762;23;;;12755.0;0.0
yf_BGS_d13;38100;ASH_COATED_OSMIUM;9903;15;9900;29;;;9909;21;9911;15;;;9906.0;0.0
yf_BGS_d13;38100;INTARIAN_PEPPER_ROOT;12735;21;12731;16;;;12763;12;12765;23;;;12749.0;0.0
yf_BGS_d13;38200;ASH_COATED_OSMIUM;9903;12;9899;14;;;9909;15;9913;17;;;9906.0;0.0
yf_BGS_d13;38200;INTARIAN_PEPPER_ROOT;12738;11;12736;26;;;12749;9;12752;18;;;12743.5;0.0
yf_BGS_d13;38300;ASH_COATED_OSMIUM;9904;15;9900;22;;;9910;16;9913;18;;;9907.0;0.0
yf_BGS_d13;38300;INTARIAN_PEPPER_ROOT;12731;12;12728;19;;;12744;16;12746;21;;;12737.5;0.0
yf_BGS_d13;38400;ASH_COATED_OSMIUM;9901;19;9897;21;;;9912;15;9916;17;;;9906.5;0.0
yf_BGS_d13;38400;INTARIAN_PEPPER_ROOT;12729;21;12726;17;;;12735;18;12739;20;;;12732.0;0.0
yf_BGS_d13;38500;ASH_COATED_OSMIUM;9903;14;9899;23;;;9909;16;9912;17;;;9906.0;0.0
yf_BGS_d13;38500;INTARIAN_PEPPER_ROOT;12716;12;12712;24;;;12733;14;12736;24;;;12724.5;0.0
yf_BGS_d13;38600;ASH_COATED_OSMIUM;9895;18;9892;18;;;9917;12;9919;23;;;9906.0;0.0
yf_BGS_d13;38600;INTARIAN_PEPPER_ROOT;12716;12;12712;17;;;12722;17;12725;19;;;12719.0;0.0
yf_BGS_d13;38700;ASH_COATED_OSMIUM;9898;18;9896;10;;;9915;17;9917;21;;;9906.5;0.0
yf_BGS_d13;38700;INTARIAN_PEPPER_ROOT;12711;13;12707;15;;;12717;18;12721;22;;;12714.0;0.0
yf_BGS_d13;38800;ASH_COATED_OSMIUM;9903;27;9901;22;;;9909;14;9913;18;;;9906.0;0.0
yf_BGS_d13;38800;INTARIAN_PEPPER_ROOT;12704;18;12702;19;;;12710;23;12713;10;;;12707.0;0.0
yf_BGS_d13;38900;ASH_COATED_OSMIUM;9893;5;9889;21;;;9920;5;9924;15;;;9906.5;0.0
yf_BGS_d13;38900;INTARIAN_PEPPER_ROOT;12697;14;12695;26;;;12705;12;12707;18;;;12701.0;0.0
yf_BGS_d13;39000;ASH_COATED_OSMIUM;9900;24;9896;15;;;9913;14;9917;19;;;9906.5;0.0
yf_BGS_d13;39000;INTARIAN_PEPPER_ROOT;12693;12;12690;18;;;12699;5;12703;17;;;12696.0;0.0
yf_BGS_d13;39100;ASH_COATED_OSMIUM;9903;19;9899;15;;;9909;7;9913;17;;;9906.0;0.0
yf_BGS_d13;39100;INTARIAN_PEPPER_ROOT;12684;26;12682;18;;;12695;19;12699;17;;;12689.5;0.0
yf_BGS_d13;39200;ASH_COATED_OSMIUM;9903;21;9901;35;;;9909;13;9913;25;;;9906.0;0.0
yf_BGS_d13;39200;INTARIAN_PEPPER_ROOT;12678;12;12675;21;;;12689;17;12692;14;;;12683.5;0.0
yf_BGS_d13;39300;ASH_COATED_OSMIUM;9903;18;9899;18;;;9909;13;9911;22;;;9906.0;0.0
yf_BGS_d13;39300;INTARIAN_PEPPER_ROOT;12670;14;12666;15;;;12685;7;12689;19;;;12677.5;0.0
yf_BGS_d13;39400;ASH_COATED_OSMIUM;9903;12;9899;21;;;9909;16;9911;13;;;9906.0;0.0
yf_BGS_d13;39400;INTARIAN_PEPPER_ROOT;12669;6;12667;19;;;12675;14;12677;15;;;12672.0;0.0
yf_BGS_d13;39500;ASH_COATED_OSMIUM;9903;20;9900;16;;;9910;10;9914;28;;;9906.5;0.0
yf_BGS_d13;39500;INTARIAN_PEPPER_ROOT;12663;8;12661;23;;;12669;20;12671;24;;;12666.0;0.0
yf_BGS_d13;39600;ASH_COATED_OSMIUM;9899;9;9895;21;;;9913;6;9915;23;;;9906.0;0.0
yf_BGS_d13;39600;INTARIAN_PEPPER_ROOT;12654;19;12652;15;;;12665;18;12668;19;;;12659.5;0.0
yf_BGS_d13;39700;ASH_COATED_OSMIUM;9903;15;9899;26;;;9909;15;9913;26;;;9906.0;0.0
yf_BGS_d13;39700;INTARIAN_PEPPER_ROOT;12648;16;12646;17;;;12662;8;12664;23;;;12655.0;0.0
yf_BGS_d13;39800;ASH_COATED_OSMIUM;9903;16;9901;20;;;9909;17;9912;14;;;9906.0;0.0
yf_BGS_d13;39800;INTARIAN_PEPPER_ROOT;12642;9;12640;15;;;12655;17;12658;12;;;12648.5;0.0
yf_BGS_d13;39900;ASH_COATED_OSMIUM;9903;24;9899;12;;;9909;12;9912;22;;;9906.0;0.0
yf_BGS_d13;39900;INTARIAN_PEPPER_ROOT;12639;14;12635;21;;;12645;15;12647;22;;;12642.0;0.0
yf_BGS_d13;40000;ASH_COATED_OSMIUM;9900;23;9896;19;;;9913;6;9915;27;;;9906.5;0.0
yf_BGS_d13;40000;INTARIAN_PEPPER_ROOT;12633;20;12631;14;;;12639;12;12643;21;;;12636.0;0.0
yf_BGS_d13;40100;ASH_COATED_OSMIUM;9903;12;9900;16;;;9909;14;9911;13;;;9906.0;0.0
yf_BGS_d13;40100;INTARIAN_PEPPER_ROOT;12627;14;12623;12;;;12633;12;12637;23;;;12630.0;0.0
yf_BGS_d13;40200;ASH_COATED_OSMIUM;9903;7;9901;10;;;9909;9;9911;30;;;9906.0;0.0
yf_BGS_d13;40200;INTARIAN_PEPPER_ROOT;12619;20;12616;25;;;12629;10;12632;28;;;12624.0;0.0
yf_BGS_d13;40300;ASH_COATED_OSMIUM;9903;8;9901;16;;;9909;14;9913;15;;;9906.0;0.0
yf_BGS_d13;40300;INTARIAN_PEPPER_ROOT;12610;16;12607;14;;;12627;6;12629;27;;;12618.5;0.0
yf_BGS_d13;40400;ASH_COATED_OSMIUM;9899;7;9897;19;;;9914;16;9917;22;;;9906.5;0.0
yf_BGS_d13;40400;INTARIAN_PEPPER_ROOT;12609;8;12607;21;;;12615;12;12618;11;;;12612.0;0.0
yf_BGS_d13;40500;ASH_COATED_OSMIUM;9903;13;9901;19;;;9909;5;9912;22;;;9906.0;0.0
yf_BGS_d13;40500;INTARIAN_PEPPER_ROOT;12603;11;12600;18;;;12609;15;12613;16;;;12606.0;0.0
yf_BGS_d13;40600;ASH_COATED_OSMIUM;9904;15;9902;18;;;9910;16;9914;15;;;9907.0;0.0
yf_BGS_d13;40600;INTARIAN_PEPPER_ROOT;12597;25;12595;15;;;12603;7;12605;19;;;12600.0;0.0
yf_BGS_d13;40700;ASH_COATED_OSMIUM;9904;13;9902;18;;;9910;12;9913;20;;;9907.0;0.0
yf_BGS_d13;40700;INTARIAN_PEPPER_ROOT;12591;15;12588;18;;;12597;19;12601;20;;;12594.0;0.0
yf_BGS_d13;40800;ASH_COATED_OSMIUM;9903;13;9901;26;;;9909;5;9913;11;;;9906.0;0.0
yf_BGS_d13;40800;INTARIAN_PEPPER_ROOT;12585;13;12581;25;;;12591;21;12595;27;;;12588.0;0.0
yf_BGS_d13;40900;ASH_COATED_OSMIUM;9903;13;9900;24;;;9909;5;9911;25;;;9906.0;0.0
yf_BGS_d13;40900;INTARIAN_PEPPER_ROOT;12580;18;12577;17;;;12586;15;12590;25;;;12583.0;0.0
yf_BGS_d13;41000;ASH_COATED_OSMIUM;9904;5;9900;20;;;9910;14;9914;16;;;9907.0;0.0
yf_BGS_d13;41000;INTARIAN_PEPPER_ROOT;12574;12;12571;31;;;12580;22;12584;16;;;12577.0;0.0
yf_BGS_d13;41100;ASH_COATED_OSMIUM;9899;19;9895;22;;;9915;15;9918;21;;;9907.0;0.0
yf_BGS_d13;41100;INTARIAN_PEPPER_ROOT;12566;9;12563;23;;;12575;11;12578;17;;;12570.5;0.0
yf_BGS_d13;41200;ASH_COATED_OSMIUM;9904;15;9900;21;;;9910;14;9912;21;;;9907.0;0.0
yf_BGS_d13;41200;INTARIAN_PEPPER_ROOT;12550;22;12546;15;;;12579;19;12583;18;;;12564.5;0.0
yf_BGS_d13;41300;ASH_COATED_OSMIUM;9900;11;9897;23;;;9913;21;9917;20;;;9906.5;0.0
yf_BGS_d13;41300;INTARIAN_PEPPER_ROOT;12551;17;12549;19;;;12565;18;12568;23;;;12558.0;0.0
yf_BGS_d13;41400;ASH_COATED_OSMIUM;9904;17;9900;23;;;9910;19;9912;18;;;9907.0;0.0
yf_BGS_d13;41400;INTARIAN_PEPPER_ROOT;12549;18;12547;20;;;12555;11;12558;17;;;12552.0;0.0
yf_BGS_d13;41500;ASH_COATED_OSMIUM;9895;14;9892;11;;;9918;19;9920;22;;;9906.5;0.0
yf_BGS_d13;41500;INTARIAN_PEPPER_ROOT;12544;19;12541;17;;;12550;18;12553;28;;;12547.0;0.0
yf_BGS_d13;41600;ASH_COATED_OSMIUM;9898;23;9894;16;;;9915;14;9918;22;;;9906.5;0.0
yf_BGS_d13;41600;INTARIAN_PEPPER_ROOT;12538;21;12535;24;;;12544;13;12546;26;;;12541.0;0.0
yf_BGS_d13;41700;ASH_COATED_OSMIUM;9896;10;9892;21;;;9918;20;9922;20;;;9907.0;0.0
yf_BGS_d13;41700;INTARIAN_PEPPER_ROOT;12532;10;12528;15;;;12538;18;12541;26;;;12535.0;0.0
yf_BGS_d13;41800;ASH_COATED_OSMIUM;9903;20;9899;17;;;9909;12;9911;29;;;9906.0;0.0
yf_BGS_d13;41800;INTARIAN_PEPPER_ROOT;12526;18;12523;25;;;12532;18;12536;14;;;12529.0;0.0
yf_BGS_d13;41900;ASH_COATED_OSMIUM;9900;9;9898;15;;;9915;6;9919;17;;;9907.5;0.0
yf_BGS_d13;41900;INTARIAN_PEPPER_ROOT;12520;20;12516;17;;;12526;25;12530;17;;;12523.0;0.0
yf_BGS_d13;42000;ASH_COATED_OSMIUM;9904;19;9901;23;;;9910;15;9912;15;;;9907.0;0.0
yf_BGS_d13;42000;INTARIAN_PEPPER_ROOT;12513;15;12509;16;;;12519;14;12523;15;;;12516.0;0.0
yf_BGS_d13;42100;ASH_COATED_OSMIUM;9904;14;9901;31;;;9910;16;9914;18;;;9907.0;0.0
yf_BGS_d13;42100;INTARIAN_PEPPER_ROOT;12502;13;12500;25;;;12521;14;12524;20;;;12511.5;0.0
yf_BGS_d13;42200;ASH_COATED_OSMIUM;9904;11;9900;18;;;9910;18;9913;19;;;9907.0;0.0
yf_BGS_d13;42200;INTARIAN_PEPPER_ROOT;12502;5;12500;28;;;12508;13;12512;24;;;12505.0;0.0
yf_BGS_d13;42300;ASH_COATED_OSMIUM;9904;18;9902;16;;;9910;14;9912;14;;;9907.0;0.0
yf_BGS_d13;42300;INTARIAN_PEPPER_ROOT;12494;15;12491;18;;;12504;20;12507;15;;;12499.0;0.0
yf_BGS_d13;42400;ASH_COATED_OSMIUM;9904;22;9900;20;;;9910;11;9914;26;;;9907.0;0.0
yf_BGS_d13;42400;INTARIAN_PEPPER_ROOT;12490;17;12486;21;;;12496;19;12499;8;;;12493.0;0.0
yf_BGS_d13;42500;ASH_COATED_OSMIUM;9904;17;9901;20;;;9910;12;9913;19;;;9907.0;0.0
yf_BGS_d13;42500;INTARIAN_PEPPER_ROOT;12484;19;12482;17;;;12490;21;12494;9;;;12487.0;0.0
yf_BGS_d13;42600;ASH_COATED_OSMIUM;9903;12;9900;18;;;9909;14;9912;25;;;9906.0;0.0
yf_BGS_d13;42600;INTARIAN_PEPPER_ROOT;12477;16;12475;26;;;12485;11;12487;27;;;12481.0;0.0
yf_BGS_d13;42700;ASH_COATED_OSMIUM;9899;24;9895;17;;;9914;18;9917;27;;;9906.5;0.0
yf_BGS_d13;42700;INTARIAN_PEPPER_ROOT;12471;11;12469;19;;;12480;8;12484;16;;;12475.5;0.0
yf_BGS_d13;42800;ASH_COATED_OSMIUM;9904;18;9901;14;;;9910;18;9913;20;;;9907.0;0.0
yf_BGS_d13;42800;INTARIAN_PEPPER_ROOT;12463;9;12460;12;;;12474;15;12476;12;;;12468.5;0.0
yf_BGS_d13;42900;ASH_COATED_OSMIUM;9895;22;9892;24;;;9920;12;9922;12;;;9907.5;0.0
yf_BGS_d13;42900;INTARIAN_PEPPER_ROOT;12460;6;12458;20;;;12467;18;12470;17;;;12463.5;0.0
yf_BGS_d13;43000;ASH_COATED_OSMIUM;9902;12;9899;11;;;9913;19;9917;18;;;9907.5;0.0
yf_BGS_d13;43000;INTARIAN_PEPPER_ROOT;12451;13;12448;11;;;12464;18;12466;21;;;12457.5;0.0
yf_BGS_d13;43100;ASH_COATED_OSMIUM;9905;20;9902;10;;;9911;21;9914;23;;;9908.0;0.0
yf_BGS_d13;43100;INTARIAN_PEPPER_ROOT;12448;14;12446;16;;;12454;9;12457;8;;;12451.0;0.0
yf_BGS_d13;43200;ASH_COATED_OSMIUM;9904;14;9902;24;;;9910;14;9912;18;;;9907.0;0.0
yf_BGS_d13;43200;INTARIAN_PEPPER_ROOT;12443;14;12441;20;;;12449;14;12451;21;;;12446.0;0.0
yf_BGS_d13;43300;ASH_COATED_OSMIUM;9896;23;9894;17;;;9917;20;9921;20;;;9906.5;0.0
yf_BGS_d13;43300;INTARIAN_PEPPER_ROOT;12436;22;12434;21;;;12442;11;12444;14;;;12439.0;0.0
yf_BGS_d13;43400;ASH_COATED_OSMIUM;9904;11;9902;17;;;9910;12;9913;31;;;9907.0;0.0
yf_BGS_d13;43400;INTARIAN_PEPPER_ROOT;12430;9;12428;17;;;12437;5;12439;17;;;12433.5;0.0
yf_BGS_d13;43500;ASH_COATED_OSMIUM;9904;18;9900;17;;;9910;8;9914;19;;;9907.0;0.0
yf_BGS_d13;43500;INTARIAN_PEPPER_ROOT;12425;7;12422;21;;;12431;20;12434;13;;;12428.0;0.0
yf_BGS_d13;43600;ASH_COATED_OSMIUM;9904;21;9901;19;;;9910;22;9912;24;;;9907.0;0.0
yf_BGS_d13;43600;INTARIAN_PEPPER_ROOT;12419;17;12417;18;;;12425;18;12428;17;;;12422.0;0.0
yf_BGS_d13;43700;ASH_COATED_OSMIUM;9902;20;9898;16;;;9913;15;9917;23;;;9907.5;0.0
yf_BGS_d13;43700;INTARIAN_PEPPER_ROOT;12406;7;12404;16;;;12425;10;12429;27;;;12415.5;0.0
yf_BGS_d13;43800;ASH_COATED_OSMIUM;9904;17;9900;14;;;9910;9;9913;18;;;9907.0;0.0
yf_BGS_d13;43800;INTARIAN_PEPPER_ROOT;12406;14;12404;20;;;12414;8;12416;34;;;12410.0;0.0
yf_BGS_d13;43900;ASH_COATED_OSMIUM;9904;13;9900;11;;;9910;15;9913;23;;;9907.0;0.0
yf_BGS_d13;43900;INTARIAN_PEPPER_ROOT;12400;20;12396;31;;;12408;11;12410;15;;;12404.0;0.0
yf_BGS_d13;44000;ASH_COATED_OSMIUM;9905;17;9901;24;;;9911;21;9915;31;;;9908.0;0.0
yf_BGS_d13;44000;INTARIAN_PEPPER_ROOT;12395;16;12393;16;;;12401;25;12403;19;;;12398.0;0.0
yf_BGS_d13;44100;ASH_COATED_OSMIUM;9904;6;9901;22;;;9910;16;9914;8;;;9907.0;0.0
yf_BGS_d13;44100;INTARIAN_PEPPER_ROOT;12385;17;12382;23;;;12399;11;12402;17;;;12392.0;0.0
yf_BGS_d13;44200;ASH_COATED_OSMIUM;9903;18;9900;8;;;9910;14;9912;18;;;9906.5;0.0
yf_BGS_d13;44200;INTARIAN_PEPPER_ROOT;12383;5;12379;14;;;12389;14;12392;19;;;12386.0;0.0
yf_BGS_d13;44300;ASH_COATED_OSMIUM;9900;15;9896;30;;;9914;13;9916;22;;;9907.0;0.0
yf_BGS_d13;44300;INTARIAN_PEPPER_ROOT;12374;21;12371;23;;;12386;5;12389;24;;;12380.0;0.0
yf_BGS_d13;44400;ASH_COATED_OSMIUM;9901;20;9899;17;;;9913;11;9917;18;;;9907.0;0.0
yf_BGS_d13;44400;INTARIAN_PEPPER_ROOT;12371;20;12368;17;;;12378;17;12381;27;;;12374.5;0.0
yf_BGS_d13;44500;ASH_COATED_OSMIUM;9903;14;9900;14;;;9909;12;9913;22;;;9906.0;0.0
yf_BGS_d13;44500;INTARIAN_PEPPER_ROOT;12360;5;12357;13;;;12376;22;12378;22;;;12368.0;0.0
yf_BGS_d13;44600;ASH_COATED_OSMIUM;9904;6;9900;22;;;9910;11;9913;21;;;9907.0;0.0
yf_BGS_d13;44600;INTARIAN_PEPPER_ROOT;12360;12;12358;11;;;12366;16;12368;22;;;12363.0;0.0
yf_BGS_d13;44700;ASH_COATED_OSMIUM;9903;18;9900;23;;;9910;5;9913;18;;;9906.5;0.0
yf_BGS_d13;44700;INTARIAN_PEPPER_ROOT;12339;13;12336;24;;;12372;5;12375;12;;;12355.5;0.0
yf_BGS_d13;44800;ASH_COATED_OSMIUM;9904;13;9902;21;;;9910;17;9912;28;;;9907.0;0.0
yf_BGS_d13;44800;INTARIAN_PEPPER_ROOT;12347;21;12343;18;;;12353;12;12357;17;;;12350.0;0.0
yf_BGS_d13;44900;ASH_COATED_OSMIUM;9905;16;9903;25;;;9911;9;9914;22;;;9908.0;0.0
yf_BGS_d13;44900;INTARIAN_PEPPER_ROOT;12341;7;12338;13;;;12347;13;12351;15;;;12344.0;0.0
yf_BGS_d13;45000;ASH_COATED_OSMIUM;9904;11;9901;24;;;9910;15;9913;19;;;9907.0;0.0
yf_BGS_d13;45000;INTARIAN_PEPPER_ROOT;12335;13;12333;15;;;12341;14;12345;15;;;12338.0;0.0
yf_BGS_d13;45100;ASH_COATED_OSMIUM;9904;30;9900;18;;;9910;15;9913;14;;;9907.0;0.0
yf_BGS_d13;45100;INTARIAN_PEPPER_ROOT;12329;12;12327;23;;;12335;22;12338;29;;;12332.0;0.0
yf_BGS_d13;45200;ASH_COATED_OSMIUM;9901;12;9897;23;;;9913;18;9917;10;;;9907.0;0.0
yf_BGS_d13;45200;INTARIAN_PEPPER_ROOT;12324;15;12321;26;;;12330;19;12332;20;;;12327.0;0.0
yf_BGS_d13;45300;ASH_COATED_OSMIUM;9904;7;9901;32;;;9911;7;9915;16;;;9907.5;0.0
yf_BGS_d13;45300;INTARIAN_PEPPER_ROOT;12309;8;12306;20;;;12331;15;12333;23;;;12320.0;0.0
yf_BGS_d13;45400;ASH_COATED_OSMIUM;9893;13;9889;25;;;9921;18;9925;18;;;9907.0;0.0
yf_BGS_d13;45400;INTARIAN_PEPPER_ROOT;12311;12;12309;18;;;12317;6;12321;17;;;12314.0;0.0
yf_BGS_d13;45500;ASH_COATED_OSMIUM;9904;16;9901;20;;;9910;15;9913;20;;;9907.0;0.0
yf_BGS_d13;45500;INTARIAN_PEPPER_ROOT;12304;14;12301;11;;;12312;9;12314;18;;;12308.0;0.0
yf_BGS_d13;45600;ASH_COATED_OSMIUM;9905;13;9902;19;;;9911;14;9914;27;;;9908.0;0.0
yf_BGS_d13;45600;INTARIAN_PEPPER_ROOT;12299;24;12296;15;;;12305;17;12308;11;;;12302.0;0.0
yf_BGS_d13;45700;ASH_COATED_OSMIUM;9905;21;9903;20;;;9911;14;9913;19;;;9908.0;0.0
yf_BGS_d13;45700;INTARIAN_PEPPER_ROOT;12294;22;12291;20;;;12300;7;12304;20;;;12297.0;0.0
yf_BGS_d13;45800;ASH_COATED_OSMIUM;9904;11;9901;16;;;9910;13;9913;20;;;9907.0;0.0
yf_BGS_d13;45800;INTARIAN_PEPPER_ROOT;12285;11;12281;27;;;12296;17;12299;19;;;12290.5;0.0
yf_BGS_d13;45900;ASH_COATED_OSMIUM;9893;10;9890;20;;;9923;16;9925;21;;;9908.0;0.0
yf_BGS_d13;45900;INTARIAN_PEPPER_ROOT;12281;12;12277;30;;;12287;15;12289;21;;;12284.0;0.0
yf_BGS_d13;46000;ASH_COATED_OSMIUM;9901;6;9897;16;;;9913;11;9915;25;;;9907.0;0.0
yf_BGS_d13;46000;INTARIAN_PEPPER_ROOT;12275;9;12271;18;;;12281;6;12285;20;;;12278.0;0.0
yf_BGS_d13;46100;ASH_COATED_OSMIUM;9903;11;9899;18;;;9912;10;9914;19;;;9907.5;0.0
yf_BGS_d13;46100;INTARIAN_PEPPER_ROOT;12270;11;12266;15;;;12276;22;12279;24;;;12273.0;0.0
yf_BGS_d13;46200;ASH_COATED_OSMIUM;9902;20;9899;17;;;9913;20;9915;16;;;9907.5;0.0
yf_BGS_d13;46200;INTARIAN_PEPPER_ROOT;12264;19;12262;29;;;12270;14;12272;23;;;12267.0;0.0
yf_BGS_d13;46300;ASH_COATED_OSMIUM;9904;5;9900;16;;;9910;9;9913;29;;;9907.0;0.0
yf_BGS_d13;46300;INTARIAN_PEPPER_ROOT;12257;15;12255;20;;;12265;16;12267;20;;;12261.0;0.0
yf_BGS_d13;46400;ASH_COATED_OSMIUM;9905;10;9903;22;;;9911;15;9913;25;;;9908.0;0.0
yf_BGS_d13;46400;INTARIAN_PEPPER_ROOT;12247;17;12243;18;;;12262;16;12265;23;;;12254.5;0.0
yf_BGS_d13;46500;ASH_COATED_OSMIUM;9904;25;9902;15;;;9911;8;9913;33;;;9907.5;0.0
yf_BGS_d13;46500;INTARIAN_PEPPER_ROOT;12246;17;12243;24;;;12252;18;12255;19;;;12249.0;0.0
yf_BGS_d13;46600;ASH_COATED_OSMIUM;9904;13;9902;20;;;9910;15;9912;22;;;9907.0;0.0
yf_BGS_d13;46600;INTARIAN_PEPPER_ROOT;12229;12;12225;21;;;12256;11;12259;22;;;12242.5;0.0
yf_BGS_d13;46700;ASH_COATED_OSMIUM;9900;22;9896;16;;;9915;19;9917;25;;;9907.5;0.0
yf_BGS_d13;46700;INTARIAN_PEPPER_ROOT;12231;19;12228;16;;;12242;8;12244;25;;;12236.5;0.0
yf_BGS_d13;46800;ASH_COATED_OSMIUM;9903;7;9900;20;;;9913;13;9916;17;;;9908.0;0.0
yf_BGS_d13;46800;INTARIAN_PEPPER_ROOT;12228;9;12224;21;;;12234;16;12238;19;;;12231.0;0.0
yf_BGS_d13;46900;ASH_COATED_OSMIUM;9905;10;9901;23;;;9911;26;9915;16;;;9908.0;0.0
yf_BGS_d13;46900;INTARIAN_PEPPER_ROOT;12222;14;12218;21;;;12228;10;12230;27;;;12225.0;0.0
yf_BGS_d13;47000;ASH_COATED_OSMIUM;9904;14;9902;18;;;9910;16;9913;20;;;9907.0;0.0
yf_BGS_d13;47000;INTARIAN_PEPPER_ROOT;12216;14;12213;15;;;12222;8;12224;19;;;12219.0;0.0
yf_BGS_d13;47100;ASH_COATED_OSMIUM;9905;12;9903;17;;;9911;8;9913;10;;;9908.0;0.0
yf_BGS_d13;47100;INTARIAN_PEPPER_ROOT;12210;10;12208;18;;;12216;11;12218;20;;;12213.0;0.0
yf_BGS_d13;47200;ASH_COATED_OSMIUM;9902;20;9898;21;;;9914;16;9917;34;;;9908.0;0.0
yf_BGS_d13;47200;INTARIAN_PEPPER_ROOT;12190;15;12187;15;;;12224;16;12227;18;;;12207.0;0.0
yf_BGS_d13;47300;ASH_COATED_OSMIUM;9904;15;9902;25;;;9910;14;9912;26;;;9907.0;0.0
yf_BGS_d13;47300;INTARIAN_PEPPER_ROOT;12199;8;12197;20;;;12205;17;12209;21;;;12202.0;0.0
yf_BGS_d13;47400;ASH_COATED_OSMIUM;9895;9;9893;21;;;9922;5;9925;16;;;9908.5;0.0
yf_BGS_d13;47400;INTARIAN_PEPPER_ROOT;12192;20;12190;25;;;12198;15;12200;29;;;12195.0;0.0
yf_BGS_d13;47500;ASH_COATED_OSMIUM;9905;14;9901;19;;;9911;21;9915;17;;;9908.0;0.0
yf_BGS_d13;47500;INTARIAN_PEPPER_ROOT;12187;10;12185;25;;;12193;9;12195;22;;;12190.0;0.0
yf_BGS_d13;47600;ASH_COATED_OSMIUM;9903;14;9900;16;;;9914;5;9916;12;;;9908.5;0.0
yf_BGS_d13;47600;INTARIAN_PEPPER_ROOT;12180;19;12177;20;;;12186;8;12189;18;;;12183.0;0.0
yf_BGS_d13;47700;ASH_COATED_OSMIUM;9905;11;9901;22;;;9911;7;9913;13;;;9908.0;0.0
yf_BGS_d13;47700;INTARIAN_PEPPER_ROOT;12174;13;12170;11;;;12180;22;12183;20;;;12177.0;0.0
yf_BGS_d13;47800;ASH_COATED_OSMIUM;9905;18;9902;22;;;9911;19;9915;21;;;9908.0;0.0
yf_BGS_d13;47800;INTARIAN_PEPPER_ROOT;12168;12;12164;27;;;12174;11;12176;17;;;12171.0;0.0
yf_BGS_d13;47900;ASH_COATED_OSMIUM;9897;19;9895;16;;;9918;18;9921;23;;;9907.5;0.0
yf_BGS_d13;47900;INTARIAN_PEPPER_ROOT;12162;10;12160;18;;;12168;15;12170;23;;;12165.0;0.0
yf_BGS_d13;48000;ASH_COATED_OSMIUM;9904;20;9902;20;;;9912;16;9916;22;;;9908.0;0.0
yf_BGS_d13;48000;INTARIAN_PEPPER_ROOT;12156;19;12152;19;;;12162;22;12166;22;;;12159.0;0.0
yf_BGS_d13;48100;ASH_COATED_OSMIUM;9905;15;9901;26;;;9911;20;9913;17;;;9908.0;0.0
yf_BGS_d13;48100;INTARIAN_PEPPER_ROOT;12150;20;12147;23;;;12157;16;12161;22;;;12153.5;0.0
yf_BGS_d13;48200;ASH_COATED_OSMIUM;9901;5;9897;15;;;9914;16;9918;20;;;9907.5;0.0
yf_BGS_d13;48200;INTARIAN_PEPPER_ROOT;12144;13;12142;17;;;12150;9;12152;20;;;12147.0;0.0
yf_BGS_d13;48300;ASH_COATED_OSMIUM;9905;16;9902;19;;;9911;18;9915;27;;;9908.0;0.0
yf_BGS_d13;48300;INTARIAN_PEPPER_ROOT;12132;26;12130;19;;;12153;10;12156;23;;;12142.5;0.0
yf_BGS_d13;48400;ASH_COATED_OSMIUM;9903;11;9900;29;;;9913;18;9917;22;;;9908.0;0.0
yf_BGS_d13;48400;INTARIAN_PEPPER_ROOT;12133;21;12129;21;;;12139;22;12142;17;;;12136.0;0.0
yf_BGS_d13;48500;ASH_COATED_OSMIUM;9900;12;9896;27;;;9916;15;9919;15;;;9908.0;0.0
yf_BGS_d13;48500;INTARIAN_PEPPER_ROOT;12126;9;12123;25;;;12132;25;12134;17;;;12129.0;0.0
yf_BGS_d13;48600;ASH_COATED_OSMIUM;9905;20;9901;18;;;9911;19;9914;22;;;9908.0;0.0
yf_BGS_d13;48600;INTARIAN_PEPPER_ROOT;12114;13;12110;20;;;12132;12;12134;14;;;12123.0;0.0
yf_BGS_d13;48700;ASH_COATED_OSMIUM;9901;16;9898;25;;;9914;12;9916;23;;;9907.5;0.0
yf_BGS_d13;48700;INTARIAN_PEPPER_ROOT;12108;10;12104;20;;;12126;8;12128;17;;;12117.0;0.0
yf_BGS_d13;48800;ASH_COATED_OSMIUM;9905;14;9901;17;;;9911;15;9915;13;;;9908.0;0.0
yf_BGS_d13;48800;INTARIAN_PEPPER_ROOT;12108;21;12106;17;;;12115;20;12117;25;;;12111.5;0.0
yf_BGS_d13;48900;ASH_COATED_OSMIUM;9905;21;9902;21;;;9911;9;9915;19;;;9908.0;0.0
yf_BGS_d13;48900;INTARIAN_PEPPER_ROOT;12100;18;12098;19;;;12113;15;12116;13;;;12106.5;0.0
yf_BGS_d13;49000;ASH_COATED_OSMIUM;9905;17;9903;20;;;9911;11;9915;25;;;9908.0;0.0
yf_BGS_d13;49000;INTARIAN_PEPPER_ROOT;12097;12;12093;22;;;12103;19;12105;12;;;12100.0;0.0
yf_BGS_d13;49100;ASH_COATED_OSMIUM;9905;16;9903;16;;;9911;14;9914;16;;;9908.0;0.0
yf_BGS_d13;49100;INTARIAN_PEPPER_ROOT;12090;17;12088;22;;;12097;10;12100;23;;;12093.5;0.0
yf_BGS_d13;49200;ASH_COATED_OSMIUM;9905;20;9901;19;;;9911;14;9915;17;;;9908.0;0.0
yf_BGS_d13;49200;INTARIAN_PEPPER_ROOT;12085;19;12081;15;;;12091;10;12095;14;;;12088.0;0.0
yf_BGS_d13;49300;ASH_COATED_OSMIUM;9905;13;9903;16;;;9911;5;9915;19;;;9908.0;0.0
yf_BGS_d13;49300;INTARIAN_PEPPER_ROOT;12076;15;12073;11;;;12088;8;12092;19;;;12082.0;0.0
yf_BGS_d13;49400;ASH_COATED_OSMIUM;9899;13;9897;8;;;9918;19;9920;8;;;9908.5;0.0
yf_BGS_d13;49400;INTARIAN_PEPPER_ROOT;12066;14;12062;25;;;12085;17;12088;16;;;12075.5;0.0
yf_BGS_d13;49500;ASH_COATED_OSMIUM;9905;17;9903;11;;;9911;17;9914;16;;;9908.0;0.0
yf_BGS_d13;49500;INTARIAN_PEPPER_ROOT;12067;10;12064;13;;;12073;8;12075;23;;;12070.0;0.0
yf_BGS_d13;49600;ASH_COATED_OSMIUM;9906;16;9902;20;;;9912;13;9916;8;;;9909.0;0.0
yf_BGS_d13;49600;INTARIAN_PEPPER_ROOT;12058;13;12056;23;;;12070;19;12074;26;;;12064.0;0.0
yf_BGS_d13;49700;ASH_COATED_OSMIUM;9906;16;9903;15;;;9912;16;9915;17;;;9909.0;0.0
yf_BGS_d13;49700;INTARIAN_PEPPER_ROOT;12055;17;12052;23;;;12061;6;12064;18;;;12058.0;0.0
yf_BGS_d13;49800;ASH_COATED_OSMIUM;9906;16;9902;11;;;9912;10;9914;20;;;9909.0;0.0
yf_BGS_d13;49800;INTARIAN_PEPPER_ROOT;12047;5;12045;8;;;12057;17;12060;22;;;12052.0;0.0
yf_BGS_d13;49900;ASH_COATED_OSMIUM;9888;16;9886;21;;;9927;23;9929;17;;;9907.5;0.0
yf_BGS_d13;49900;INTARIAN_PEPPER_ROOT;12034;8;12031;20;;;12057;14;12059;11;;;12045.5;0.0
yf_BGS_d13;50000;ASH_COATED_OSMIUM;9906;17;9903;20;;;9912;20;9915;31;;;9909.0;0.0
yf_BGS_d13;50000;INTARIAN_PEPPER_ROOT;12033;21;12031;12;;;12048;17;12050;31;;;12040.5;0.0
yf_BGS_d13;50100;ASH_COATED_OSMIUM;9905;7;9901;18;;;9911;21;9914;14;;;9908.0;0.0
yf_BGS_d13;50100;INTARIAN_PEPPER_ROOT;12031;9;12029;19;;;12037;7;12041;21;;;12034.0;0.0
yf_BGS_d13;50200;ASH_COATED_OSMIUM;9901;12;9897;19;;;9916;15;9920;22;;;9908.5;0.0
yf_BGS_d13;50200;INTARIAN_PEPPER_ROOT;12021;21;12017;24;;;12037;13;12039;22;;;12029.0;0.0
yf_BGS_d13;50300;ASH_COATED_OSMIUM;9901;15;9897;22;;;9913;15;9917;12;;;9907.0;0.0
yf_BGS_d13;50300;INTARIAN_PEPPER_ROOT;12019;22;12015;20;;;12025;6;12028;27;;;12022.0;0.0
yf_BGS_d13;50400;ASH_COATED_OSMIUM;9902;7;9898;16;;;9914;10;9918;15;;;9908.0;0.0
yf_BGS_d13;50400;INTARIAN_PEPPER_ROOT;12014;6;12011;18;;;12020;18;12022;22;;;12017.0;0.0
yf_BGS_d13;50500;ASH_COATED_OSMIUM;9900;9;9898;19;;;9917;6;9920;20;;;9908.5;0.0
yf_BGS_d13;50500;INTARIAN_PEPPER_ROOT;12007;18;12005;25;;;12013;10;12015;18;;;12010.0;0.0
yf_BGS_d13;50600;ASH_COATED_OSMIUM;9905;14;9902;12;;;9911;23;9914;19;;;9908.0;0.0
yf_BGS_d13;50600;INTARIAN_PEPPER_ROOT;12002;16;11998;18;;;12008;21;12012;23;;;12005.0;0.0
yf_BGS_d13;50700;ASH_COATED_OSMIUM;9905;5;9901;19;;;9911;21;9915;24;;;9908.0;0.0
yf_BGS_d13;50700;INTARIAN_PEPPER_ROOT;11995;12;11992;21;;;12002;17;12005;20;;;11998.5;0.0
yf_BGS_d13;50800;ASH_COATED_OSMIUM;9904;8;9902;26;;;9912;13;9916;28;;;9908.0;0.0
yf_BGS_d13;50800;INTARIAN_PEPPER_ROOT;11962;14;11958;19;;;12023;17;12027;20;;;11992.5;0.0
yf_BGS_d13;50900;ASH_COATED_OSMIUM;9905;12;9901;22;;;9911;15;9914;15;;;9908.0;0.0
yf_BGS_d13;50900;INTARIAN_PEPPER_ROOT;11987;8;11983;18;;;11993;9;11996;14;;;11990.0;0.0
yf_BGS_d13;51000;ASH_COATED_OSMIUM;9896;19;9894;22;;;9922;19;9925;19;;;9909.0;0.0
yf_BGS_d13;51000;INTARIAN_PEPPER_ROOT;11987;11;11983;21;;;11993;23;11995;14;;;11990.0;0.0
yf_BGS_d13;51100;ASH_COATED_OSMIUM;9904;9;9902;13;;;9913;16;9917;22;;;9908.5;0.0
yf_BGS_d13;51100;INTARIAN_PEPPER_ROOT;11986;13;11982;22;;;11992;14;11996;20;;;11989.0;0.0
yf_BGS_d13;51200;ASH_COATED_OSMIUM;9906;10;9902;29;;;9912;10;9916;18;;;9909.0;0.0
yf_BGS_d13;51200;INTARIAN_PEPPER_ROOT;11985;11;11982;19;;;11992;19;11996;19;;;11988.5;0.0
yf_BGS_d13;51300;ASH_COATED_OSMIUM;9906;21;9902;21;;;9912;18;9914;19;;;9909.0;0.0
yf_BGS_d13;51300;INTARIAN_PEPPER_ROOT;11985;18;11982;12;;;11991;11;11994;18;;;11988.0;0.0
yf_BGS_d13;51400;ASH_COATED_OSMIUM;9905;23;9903;22;;;9911;5;9914;15;;;9908.0;0.0
yf_BGS_d13;51400;INTARIAN_PEPPER_ROOT;11984;22;11980;20;;;11991;12;11993;20;;;11987.5;0.0
yf_BGS_d13;51500;ASH_COATED_OSMIUM;9905;11;9901;16;;;9912;19;9915;16;;;9908.5;0.0
yf_BGS_d13;51500;INTARIAN_PEPPER_ROOT;11984;18;11982;19;;;11990;14;11993;21;;;11987.0;0.0
yf_BGS_d13;51600;ASH_COATED_OSMIUM;9906;14;9903;22;;;9912;8;9915;19;;;9909.0;0.0
yf_BGS_d13;51600;INTARIAN_PEPPER_ROOT;11983;20;11981;20;;;11989;6;11991;23;;;11986.0;0.0
yf_BGS_d13;51700;ASH_COATED_OSMIUM;9905;14;9903;15;;;9912;14;9914;24;;;9908.5;0.0
yf_BGS_d13;51700;INTARIAN_PEPPER_ROOT;11982;9;11978;12;;;11988;19;11992;23;;;11985.0;0.0
yf_BGS_d13;51800;ASH_COATED_OSMIUM;9906;25;9903;21;;;9912;12;9914;20;;;9909.0;0.0
yf_BGS_d13;51800;INTARIAN_PEPPER_ROOT;11976;23;11974;9;;;11994;12;11996;27;;;11985.0;0.0
yf_BGS_d13;51900;ASH_COATED_OSMIUM;9896;16;9892;14;;;9923;5;9925;20;;;9909.5;0.0
yf_BGS_d13;51900;INTARIAN_PEPPER_ROOT;11978;13;11975;15;;;11992;16;11994;21;;;11985.0;0.0
yf_BGS_d13;52000;ASH_COATED_OSMIUM;9901;14;9897;13;;;9919;19;9921;25;;;9910.0;0.0
yf_BGS_d13;52000;INTARIAN_PEPPER_ROOT;11974;17;11971;24;;;11994;18;11997;21;;;11984.0;0.0
yf_BGS_d13;52100;ASH_COATED_OSMIUM;9901;9;9898;19;;;9918;9;9920;19;;;9909.5;0.0
yf_BGS_d13;52100;INTARIAN_PEPPER_ROOT;11980;11;11978;20;;;11986;14;11988;11;;;11983.0;0.0
yf_BGS_d13;52200;ASH_COATED_OSMIUM;9907;15;9904;21;;;9913;15;9916;23;;;9910.0;0.0
yf_BGS_d13;52200;INTARIAN_PEPPER_ROOT;11980;22;11976;11;;;11986;5;11988;19;;;11983.0;0.0
yf_BGS_d13;52300;ASH_COATED_OSMIUM;9906;6;9904;10;;;9913;16;9915;29;;;9909.5;0.0
yf_BGS_d13;52300;INTARIAN_PEPPER_ROOT;11964;14;11962;12;;;12001;5;12005;35;;;11982.5;0.0
yf_BGS_d13;52400;ASH_COATED_OSMIUM;9907;15;9904;19;;;9913;17;9916;18;;;9910.0;0.0
yf_BGS_d13;52400;INTARIAN_PEPPER_ROOT;11979;13;11976;23;;;11985;13;11989;16;;;11982.0;0.0
yf_BGS_d13;52500;ASH_COATED_OSMIUM;9907;13;9904;19;;;9913;9;9916;21;;;9910.0;0.0
yf_BGS_d13;52500;INTARIAN_PEPPER_ROOT;11979;13;11976;11;;;11985;28;11988;22;;;11982.0;0.0
yf_BGS_d13;52600;ASH_COATED_OSMIUM;9907;7;9904;20;;;9913;11;9916;15;;;9910.0;0.0
yf_BGS_d13;52600;INTARIAN_PEPPER_ROOT;11967;20;11963;15;;;11995;20;11999;18;;;11981.0;0.0
yf_BGS_d13;52700;ASH_COATED_OSMIUM;9907;16;9904;20;;;9913;5;9915;22;;;9910.0;0.0
yf_BGS_d13;52700;INTARIAN_PEPPER_ROOT;11976;15;11974;21;;;11987;5;11989;14;;;11981.5;0.0
yf_BGS_d13;52800;ASH_COATED_OSMIUM;9900;10;9897;19;;;9919;15;9922;11;;;9909.5;0.0
yf_BGS_d13;52800;INTARIAN_PEPPER_ROOT;11978;19;11974;28;;;11984;14;11987;15;;;11981.0;0.0
yf_BGS_d13;52900;ASH_COATED_OSMIUM;9907;10;9903;22;;;9913;11;9915;25;;;9910.0;0.0
yf_BGS_d13;52900;INTARIAN_PEPPER_ROOT;11976;13;11972;19;;;11982;10;11986;23;;;11979.0;0.0
yf_BGS_d13;53000;ASH_COATED_OSMIUM;9900;12;9896;17;;;9921;18;9923;31;;;9910.5;0.0
yf_BGS_d13;53000;INTARIAN_PEPPER_ROOT;11976;11;11973;22;;;11982;9;11986;12;;;11979.0;0.0
yf_BGS_d13;53100;ASH_COATED_OSMIUM;9899;19;9895;22;;;9923;10;9926;19;;;9911.0;0.0
yf_BGS_d13;53100;INTARIAN_PEPPER_ROOT;11969;29;11967;27;;;11987;14;11989;17;;;11978.0;0.0
yf_BGS_d13;53200;ASH_COATED_OSMIUM;9908;5;9906;15;;;9914;10;9918;19;;;9911.0;0.0
yf_BGS_d13;53200;INTARIAN_PEPPER_ROOT;11971;18;11968;12;;;11985;22;11988;24;;;11978.0;0.0
yf_BGS_d13;53300;ASH_COATED_OSMIUM;9907;19;9904;23;;;9914;16;9916;20;;;9910.5;0.0
yf_BGS_d13;53300;INTARIAN_PEPPER_ROOT;11972;19;11970;20;;;11982;5;11986;23;;;11977.0;0.0
yf_BGS_d13;53400;ASH_COATED_OSMIUM;9908;14;9904;18;;;9914;12;9916;16;;;9911.0;0.0
yf_BGS_d13;53400;INTARIAN_PEPPER_ROOT;11973;15;11970;10;;;11981;13;11985;15;;;11977.0;0.0
yf_BGS_d13;53500;ASH_COATED_OSMIUM;9908;23;9906;26;;;9914;15;9918;26;;;9911.0;0.0
yf_BGS_d13;53500;INTARIAN_PEPPER_ROOT;11969;17;11966;20;;;11985;12;11989;33;;;11977.0;0.0
yf_BGS_d13;53600;ASH_COATED_OSMIUM;9905;13;9901;26;;;9916;16;9920;18;;;9910.5;0.0
yf_BGS_d13;53600;INTARIAN_PEPPER_ROOT;11967;18;11965;19;;;11985;20;11988;17;;;11976.0;0.0
yf_BGS_d13;53700;ASH_COATED_OSMIUM;9908;11;9906;22;;;9914;5;9918;18;;;9911.0;0.0
yf_BGS_d13;53700;INTARIAN_PEPPER_ROOT;11972;12;11968;20;;;11978;11;11981;19;;;11975.0;0.0
yf_BGS_d13;53800;ASH_COATED_OSMIUM;9908;17;9904;14;;;9914;12;9918;14;;;9911.0;0.0
yf_BGS_d13;53800;INTARIAN_PEPPER_ROOT;11964;9;11960;24;;;11984;12;11987;13;;;11974.0;0.0
yf_BGS_d13;53900;ASH_COATED_OSMIUM;9903;18;9900;17;;;9920;17;9923;16;;;9911.5;0.0
yf_BGS_d13;53900;INTARIAN_PEPPER_ROOT;11963;13;11961;29;;;11986;14;11989;18;;;11974.5;0.0
yf_BGS_d13;54000;ASH_COATED_OSMIUM;9897;14;9895;20;;;9926;7;9929;23;;;9911.5;0.0
yf_BGS_d13;54000;INTARIAN_PEPPER_ROOT;11967;23;11965;17;;;11982;18;11985;22;;;11974.5;0.0
yf_BGS_d13;54100;ASH_COATED_OSMIUM;9907;16;9904;9;;;9915;10;9917;24;;;9911.0;0.0
yf_BGS_d13;54100;INTARIAN_PEPPER_ROOT;11971;22;11969;25;;;11977;12;11980;28;;;11974.0;0.0
yf_BGS_d13;54200;ASH_COATED_OSMIUM;9909;20;9905;21;;;9915;20;9919;12;;;9912.0;0.0
yf_BGS_d13;54200;INTARIAN_PEPPER_ROOT;11965;15;11962;23;;;11981;15;11983;26;;;11973.0;0.0
yf_BGS_d13;54300;ASH_COATED_OSMIUM;9908;5;9904;27;;;9914;7;9918;12;;;9911.0;0.0
yf_BGS_d13;54300;INTARIAN_PEPPER_ROOT;11969;13;11965;18;;;11975;20;11977;17;;;11972.0;0.0
yf_BGS_d13;54400;ASH_COATED_OSMIUM;9904;8;9900;21;;;9919;11;9923;31;;;9911.5;0.0
yf_BGS_d13;54400;INTARIAN_PEPPER_ROOT;11966;12;11964;31;;;11978;11;11980;17;;;11972.0;0.0
yf_BGS_d13;54500;ASH_COATED_OSMIUM;9909;20;9905;27;;;9915;10;9919;23;;;9912.0;0.0
yf_BGS_d13;54500;INTARIAN_PEPPER_ROOT;11964;16;11960;23;;;11979;24;11983;8;;;11971.5;0.0
yf_BGS_d13;54600;ASH_COATED_OSMIUM;9906;22;9903;25;;;9918;19;9921;19;;;9912.0;0.0
yf_BGS_d13;54600;INTARIAN_PEPPER_ROOT;11968;8;11966;10;;;11974;18;11978;15;;;11971.0;0.0
yf_BGS_d13;54700;ASH_COATED_OSMIUM;9906;11;9902;14;;;9917;16;9919;13;;;9911.5;0.0
yf_BGS_d13;54700;INTARIAN_PEPPER_ROOT;11967;9;11963;24;;;11973;15;11975;22;;;11970.0;0.0
yf_BGS_d13;54800;ASH_COATED_OSMIUM;9908;16;9906;20;;;9916;14;9918;21;;;9912.0;0.0
yf_BGS_d13;54800;INTARIAN_PEPPER_ROOT;11962;25;11959;15;;;11977;15;11981;25;;;11969.5;0.0
yf_BGS_d13;54900;ASH_COATED_OSMIUM;9907;17;9903;20;;;9917;21;9919;13;;;9912.0;0.0
yf_BGS_d13;54900;INTARIAN_PEPPER_ROOT;11967;21;11963;11;;;11973;17;11975;22;;;11970.0;0.0
yf_BGS_d13;55000;ASH_COATED_OSMIUM;9910;22;9907;17;;;9916;12;9918;20;;;9913.0;0.0
yf_BGS_d13;55000;INTARIAN_PEPPER_ROOT;11966;17;11964;19;;;11972;13;11976;25;;;11969.0;0.0
yf_BGS_d13;55100;ASH_COATED_OSMIUM;9909;19;9907;17;;;9915;10;9918;11;;;9912.0;0.0
yf_BGS_d13;55100;INTARIAN_PEPPER_ROOT;11958;18;11954;15;;;11978;14;11981;23;;;11968.0;0.0
yf_BGS_d13;55200;ASH_COATED_OSMIUM;9909;13;9907;17;;;9915;19;9917;23;;;9912.0;0.0
yf_BGS_d13;55200;INTARIAN_PEPPER_ROOT;11963;15;11960;21;;;11973;10;11976;29;;;11968.0;0.0
yf_BGS_d13;55300;ASH_COATED_OSMIUM;9909;13;9905;16;;;9916;15;9919;27;;;9912.5;0.0
yf_BGS_d13;55300;INTARIAN_PEPPER_ROOT;11964;15;11961;22;;;11970;20;11973;24;;;11967.0;0.0
yf_BGS_d13;55400;ASH_COATED_OSMIUM;9900;18;9897;23;;;9924;12;9927;22;;;9912.0;0.0
yf_BGS_d13;55400;INTARIAN_PEPPER_ROOT;11964;11;11961;24;;;11970;9;11972;15;;;11967.0;0.0
yf_BGS_d13;55500;ASH_COATED_OSMIUM;9905;17;9901;23;;;9921;13;9923;21;;;9913.0;0.0
yf_BGS_d13;55500;INTARIAN_PEPPER_ROOT;11957;5;11953;15;;;11976;12;11980;24;;;11966.5;0.0
yf_BGS_d13;55600;ASH_COATED_OSMIUM;9902;13;9899;19;;;9924;20;9927;8;;;9913.0;0.0
yf_BGS_d13;55600;INTARIAN_PEPPER_ROOT;11962;18;11958;26;;;11968;12;11971;22;;;11965.0;0.0
yf_BGS_d13;55700;ASH_COATED_OSMIUM;9906;17;9903;20;;;9919;19;9923;24;;;9912.5;0.0
yf_BGS_d13;55700;INTARIAN_PEPPER_ROOT;11962;10;11958;26;;;11968;9;11972;12;;;11965.0;0.0
yf_BGS_d13;55800;ASH_COATED_OSMIUM;9909;19;9906;23;;;9915;13;9917;22;;;9912.0;0.0
yf_BGS_d13;55800;INTARIAN_PEPPER_ROOT;11962;21;11959;26;;;11968;14;11972;22;;;11965.0;0.0
yf_BGS_d13;55900;ASH_COATED_OSMIUM;9910;9;9908;18;;;9916;14;9920;18;;;9913.0;0.0
yf_BGS_d13;55900;INTARIAN_PEPPER_ROOT;11961;19;11959;19;;;11968;17;11971;26;;;11964.5;0.0
yf_BGS_d13;56000;ASH_COATED_OSMIUM;9910;13;9907;13;;;9916;11;9919;23;;;9913.0;0.0
yf_BGS_d13;56000;INTARIAN_PEPPER_ROOT;11961;8;11959;19;;;11967;9;11969;15;;;11964.0;0.0
yf_BGS_d13;56100;ASH_COATED_OSMIUM;9909;6;9907;19;;;9917;10;9921;22;;;9913.0;0.0
yf_BGS_d13;56100;INTARIAN_PEPPER_ROOT;11960;15;11958;16;;;11967;16;11970;24;;;11963.5;0.0
yf_BGS_d13;56200;ASH_COATED_OSMIUM;9910;23;9907;17;;;9916;23;9920;16;;;9913.0;0.0
yf_BGS_d13;56200;INTARIAN_PEPPER_ROOT;11960;17;11958;27;;;11966;19;11969;24;;;11963.0;0.0
yf_BGS_d13;56300;ASH_COATED_OSMIUM;9908;10;9904;26;;;9917;17;9921;11;;;9912.5;0.0
yf_BGS_d13;56300;INTARIAN_PEPPER_ROOT;11958;24;11954;24;;;11967;14;11969;25;;;11962.5;0.0
yf_BGS_d13;56400;ASH_COATED_OSMIUM;9911;8;9907;25;;;9917;17;9920;26;;;9914.0;0.0
yf_BGS_d13;56400;INTARIAN_PEPPER_ROOT;11947;15;11943;21;;;11977;21;11981;27;;;11962.0;0.0
yf_BGS_d13;56500;ASH_COATED_OSMIUM;9906;18;9904;27;;;9920;12;9923;17;;;9913.0;0.0
yf_BGS_d13;56500;INTARIAN_PEPPER_ROOT;11954;18;11950;20;;;11967;22;11969;14;;;11960.5;0.0
yf_BGS_d13;56600;ASH_COATED_OSMIUM;9910;13;9907;25;;;9916;5;9920;18;;;9913.0;0.0
yf_BGS_d13;56600;INTARIAN_PEPPER_ROOT;11954;17;11950;20;;;11968;5;11972;18;;;11961.0;0.0
yf_BGS_d13;56700;ASH_COATED_OSMIUM;9911;19;9909;16;;;9917;12;9921;19;;;9914.0;0.0
yf_BGS_d13;56700;INTARIAN_PEPPER_ROOT;11955;18;11951;17;;;11966;9;11968;25;;;11960.5;0.0
yf_BGS_d13;56800;ASH_COATED_OSMIUM;9911;18;9907;26;;;9917;16;9919;29;;;9914.0;0.0
yf_BGS_d13;56800;INTARIAN_PEPPER_ROOT;11956;19;11952;17;;;11962;17;11964;23;;;11959.0;0.0
yf_BGS_d13;56900;ASH_COATED_OSMIUM;9896;14;9893;23;;;9931;16;9935;19;;;9913.5;0.0
yf_BGS_d13;56900;INTARIAN_PEPPER_ROOT;11954;10;11950;26;;;11966;17;11969;19;;;11960.0;0.0
yf_BGS_d13;57000;ASH_COATED_OSMIUM;9910;22;9907;20;;;9917;14;9919;18;;;9913.5;0.0
yf_BGS_d13;57000;INTARIAN_PEPPER_ROOT;11955;13;11951;22;;;11961;19;11964;24;;;11958.0;0.0
yf_BGS_d13;57100;ASH_COATED_OSMIUM;9911;13;9908;23;;;9918;18;9922;14;;;9914.5;0.0
yf_BGS_d13;57100;INTARIAN_PEPPER_ROOT;11955;5;11952;19;;;11961;20;11963;15;;;11958.0;0.0
yf_BGS_d13;57200;ASH_COATED_OSMIUM;9911;14;9908;18;;;9917;9;9921;23;;;9914.0;0.0
yf_BGS_d13;57200;INTARIAN_PEPPER_ROOT;11955;13;11951;19;;;11961;16;11965;21;;;11958.0;0.0
yf_BGS_d13;57300;ASH_COATED_OSMIUM;9911;16;9907;26;;;9917;20;9920;23;;;9914.0;0.0
yf_BGS_d13;57300;INTARIAN_PEPPER_ROOT;11954;16;11952;13;;;11961;14;11965;18;;;11957.5;0.0
yf_BGS_d13;57400;ASH_COATED_OSMIUM;9901;16;9898;31;;;9927;14;9931;24;;;9914.0;0.0
yf_BGS_d13;57400;INTARIAN_PEPPER_ROOT;11953;15;11949;14;;;11959;20;11962;29;;;11956.0;0.0
yf_BGS_d13;57500;ASH_COATED_OSMIUM;9911;20;9908;12;;;9917;17;9921;16;;;9914.0;0.0
yf_BGS_d13;57500;INTARIAN_PEPPER_ROOT;11953;16;11949;20;;;11960;8;11964;19;;;11956.5;0.0
yf_BGS_d13;57600;ASH_COATED_OSMIUM;9911;20;9907;9;;;9917;13;9921;20;;;9914.0;0.0
yf_BGS_d13;57600;INTARIAN_PEPPER_ROOT;11953;17;11949;20;;;11959;24;11961;18;;;11956.0;0.0
yf_BGS_d13;57700;ASH_COATED_OSMIUM;9911;12;9909;18;;;9917;5;9919;9;;;9914.0;0.0
yf_BGS_d13;57700;INTARIAN_PEPPER_ROOT;11951;20;11949;17;;;11957;19;11960;24;;;11954.0;0.0
yf_BGS_d13;57800;ASH_COATED_OSMIUM;9912;12;9908;8;;;9918;8;9921;14;;;9915.0;0.0
yf_BGS_d13;57800;INTARIAN_PEPPER_ROOT;11952;15;11950;22;;;11958;17;11962;23;;;11955.0;0.0
yf_BGS_d13;57900;ASH_COATED_OSMIUM;9912;15;9910;26;;;9918;6;9920;21;;;9915.0;0.0
yf_BGS_d13;57900;INTARIAN_PEPPER_ROOT;11947;18;11944;24;;;11961;18;11964;12;;;11954.0;0.0
yf_BGS_d13;58000;ASH_COATED_OSMIUM;9912;12;9909;14;;;9918;21;9922;19;;;9915.0;0.0
yf_BGS_d13;58000;INTARIAN_PEPPER_ROOT;11950;13;11948;19;;;11956;20;11958;24;;;11953.0;0.0
yf_BGS_d13;58100;ASH_COATED_OSMIUM;9910;13;9908;23;;;9922;11;9925;24;;;9916.0;0.0
yf_BGS_d13;58100;INTARIAN_PEPPER_ROOT;11948;9;11945;16;;;11957;16;11960;27;;;11952.5;0.0
yf_BGS_d13;58200;ASH_COATED_OSMIUM;9912;13;9908;27;;;9918;12;9921;20;;;9915.0;0.0
yf_BGS_d13;58200;INTARIAN_PEPPER_ROOT;11949;19;11946;20;;;11955;17;11959;13;;;11952.0;0.0
yf_BGS_d13;58300;ASH_COATED_OSMIUM;9912;20;9908;29;;;9918;14;9920;19;;;9915.0;0.0
yf_BGS_d13;58300;INTARIAN_PEPPER_ROOT;11949;8;11945;27;;;11955;16;11958;29;;;11952.0;0.0
