day;timestamp;product;bid_price_1;bid_volume_1;bid_price_2;bid_volume_2;bid_price_3;bid_volume_3;ask_price_1;ask_volume_1;ask_price_2;ask_volume_2;ask_price_3;ask_volume_3;mid_price;profit_and_loss
yf_ZW=F_d8;0;ASH_COATED_OSMIUM;9952;16;9950;24;;;9976;23;9978;16;;;9964.0;0.0
yf_ZW=F_d8;0;INTARIAN_PEPPER_ROOT;11509;21;11507;14;;;11520;18;11522;20;;;11514.5;0.0
yf_ZW=F_d8;100;ASH_COATED_OSMIUM;9962;18;9960;14;;;9968;21;9970;20;;;9965.0;0.0
yf_ZW=F_d8;100;INTARIAN_PEPPER_ROOT;11500;20;11498;20;;;11531;16;11534;20;;;11515.5;0.0
yf_ZW=F_d8;200;ASH_COATED_OSMIUM;9962;12;9959;23;;;9968;19;9971;15;;;9965.0;0.0
yf_ZW=F_d8;200;INTARIAN_PEPPER_ROOT;11511;10;11509;13;;;11522;5;11524;18;;;11516.5;0.0
yf_ZW=F_d8;300;ASH_COATED_OSMIUM;9962;19;9959;31;;;9968;12;9970;17;;;9965.0;0.0
yf_ZW=F_d8;300;INTARIAN_PEPPER_ROOT;11513;11;11510;18;;;11521;13;11525;30;;;11517.0;0.0
yf_ZW=F_d8;400;ASH_COATED_OSMIUM;9958;21;9956;17;;;9970;18;9974;28;;;9964.0;0.0
yf_ZW=F_d8;400;INTARIAN_PEPPER_ROOT;11512;16;11510;23;;;11524;8;11528;16;;;11518.0;0.0
yf_ZW=F_d8;500;ASH_COATED_OSMIUM;9962;9;9960;22;;;9968;25;9972;17;;;9965.0;0.0
yf_ZW=F_d8;500;INTARIAN_PEPPER_ROOT;11507;19;11504;13;;;11530;8;11534;14;;;11518.5;0.0
yf_ZW=F_d8;600;ASH_COATED_OSMIUM;9962;16;9960;20;;;9968;14;9972;17;;;9965.0;0.0
yf_ZW=F_d8;600;INTARIAN_PEPPER_ROOT;11516;12;11512;17;;;11522;13;11524;25;;;11519.0;0.0
yf_ZW=F_d8;700;ASH_COATED_OSMIUM;9962;15;9959;28;;;9968;13;9972;20;;;9965.0;0.0
yf_ZW=F_d8;700;INTARIAN_PEPPER_ROOT;11517;23;11513;29;;;11523;13;11527;27;;;11520.0;0.0
yf_ZW=F_d8;800;ASH_COATED_OSMIUM;9961;14;9959;14;;;9967;19;9970;20;;;9964.0;0.0
yf_ZW=F_d8;800;INTARIAN_PEPPER_ROOT;11518;18;11515;22;;;11524;18;11527;25;;;11521.0;0.0
yf_ZW=F_d8;900;ASH_COATED_OSMIUM;9962;21;9958;14;;;9968;11;9971;18;;;9965.0;0.0
yf_ZW=F_d8;900;INTARIAN_PEPPER_ROOT;11516;17;11513;17;;;11528;12;11530;24;;;11522.0;0.0
yf_ZW=F_d8;1000;ASH_COATED_OSMIUM;9961;15;9957;19;;;9967;20;9970;30;;;9964.0;0.0
yf_ZW=F_d8;1000;INTARIAN_PEPPER_ROOT;11519;18;11516;21;;;11525;17;11527;12;;;11522.0;0.0
yf_ZW=F_d8;1100;ASH_COATED_OSMIUM;9962;5;9959;13;;;9968;13;9971;20;;;9965.0;0.0
yf_ZW=F_d8;1100;INTARIAN_PEPPER_ROOT;11512;18;11510;21;;;11535;23;11538;15;;;11523.5;0.0
yf_ZW=F_d8;1200;ASH_COATED_OSMIUM;9962;15;9959;20;;;9968;22;9972;27;;;9965.0;0.0
yf_ZW=F_d8;1200;INTARIAN_PEPPER_ROOT;11522;17;11518;18;;;11528;17;11532;8;;;11525.0;0.0
yf_ZW=F_d8;1300;ASH_COATED_OSMIUM;9961;19;9957;19;;;9967;22;9970;21;;;9964.0;0.0
yf_ZW=F_d8;1300;INTARIAN_PEPPER_ROOT;11523;18;11521;18;;;11529;15;11531;17;;;11526.0;0.0
yf_ZW=F_d8;1400;ASH_COATED_OSMIUM;9962;11;9960;19;;;9968;13;9970;21;;;9965.0;0.0
yf_ZW=F_d8;1400;INTARIAN_PEPPER_ROOT;11522;12;11519;25;;;11530;18;11534;17;;;11526.0;0.0
yf_ZW=F_d8;1500;ASH_COATED_OSMIUM;9962;16;9958;27;;;9968;14;9971;14;;;9965.0;0.0
yf_ZW=F_d8;1500;INTARIAN_PEPPER_ROOT;11522;12;11519;21;;;11532;12;11536;21;;;11527.0;0.0
yf_ZW=F_d8;1600;ASH_COATED_OSMIUM;9957;7;9955;20;;;9974;10;9976;28;;;9965.5;0.0
yf_ZW=F_d8;1600;INTARIAN_PEPPER_ROOT;11525;11;11521;23;;;11531;5;11535;21;;;11528.0;0.0
yf_ZW=F_d8;1700;ASH_COATED_OSMIUM;9962;8;9959;28;;;9969;10;9971;23;;;9965.5;0.0
yf_ZW=F_d8;1700;INTARIAN_PEPPER_ROOT;11526;24;11524;25;;;11532;11;11534;21;;;11529.0;0.0
yf_ZW=F_d8;1800;ASH_COATED_OSMIUM;9962;25;9958;30;;;9968;16;9972;19;;;9965.0;0.0
yf_ZW=F_d8;1800;INTARIAN_PEPPER_ROOT;11526;21;11522;9;;;11533;19;11535;26;;;11529.5;0.0
yf_ZW=F_d8;1900;ASH_COATED_OSMIUM;9962;21;9958;21;;;9968;14;9970;23;;;9965.0;0.0
yf_ZW=F_d8;1900;INTARIAN_PEPPER_ROOT;11528;16;11524;20;;;11534;7;11538;18;;;11531.0;0.0
yf_ZW=F_d8;2000;ASH_COATED_OSMIUM;9962;19;9959;20;;;9968;22;9970;20;;;9965.0;0.0
yf_ZW=F_d8;2000;INTARIAN_PEPPER_ROOT;11527;10;11523;25;;;11536;12;11539;26;;;11531.5;0.0
yf_ZW=F_d8;2100;ASH_COATED_OSMIUM;9962;10;9958;22;;;9969;12;9971;17;;;9965.5;0.0
yf_ZW=F_d8;2100;INTARIAN_PEPPER_ROOT;11529;14;11526;22;;;11535;9;11539;27;;;11532.0;0.0
yf_ZW=F_d8;2200;ASH_COATED_OSMIUM;9962;16;9959;23;;;9969;12;9971;26;;;9965.5;0.0
yf_ZW=F_d8;2200;INTARIAN_PEPPER_ROOT;11530;20;11526;16;;;11536;11;11540;24;;;11533.0;0.0
yf_ZW=F_d8;2300;ASH_COATED_OSMIUM;9962;11;9959;24;;;9968;25;9972;23;;;9965.0;0.0
yf_ZW=F_d8;2300;INTARIAN_PEPPER_ROOT;11531;15;11529;18;;;11537;26;11540;23;;;11534.0;0.0
yf_ZW=F_d8;2400;ASH_COATED_OSMIUM;9959;13;9955;12;;;9970;14;9974;9;;;9964.5;0.0
yf_ZW=F_d8;2400;INTARIAN_PEPPER_ROOT;11531;10;11529;21;;;11537;22;11540;25;;;11534.0;0.0
yf_ZW=F_d8;2500;ASH_COATED_OSMIUM;9960;12;9958;13;;;9969;9;9971;13;;;9964.5;0.0
yf_ZW=F_d8;2500;INTARIAN_PEPPER_ROOT;11532;14;11530;16;;;11539;18;11541;22;;;11535.5;0.0
yf_ZW=F_d8;2600;ASH_COATED_OSMIUM;9962;13;9959;19;;;9968;17;9970;29;;;9965.0;0.0
yf_ZW=F_d8;2600;INTARIAN_PEPPER_ROOT;11533;16;11530;20;;;11539;11;11541;16;;;11536.0;0.0
yf_ZW=F_d8;2700;ASH_COATED_OSMIUM;9956;7;9954;12;;;9975;11;9977;21;;;9965.5;0.0
yf_ZW=F_d8;2700;INTARIAN_PEPPER_ROOT;11534;23;11531;25;;;11540;13;11542;17;;;11537.0;0.0
yf_ZW=F_d8;2800;ASH_COATED_OSMIUM;9962;23;9960;29;;;9968;13;9972;24;;;9965.0;0.0
yf_ZW=F_d8;2800;INTARIAN_PEPPER_ROOT;11535;18;11531;20;;;11542;11;11545;13;;;11538.5;0.0
yf_ZW=F_d8;2900;ASH_COATED_OSMIUM;9962;5;9958;29;;;9968;25;9972;13;;;9965.0;0.0
yf_ZW=F_d8;2900;INTARIAN_PEPPER_ROOT;11535;15;11532;21;;;11541;21;11544;13;;;11538.0;0.0
yf_ZW=F_d8;3000;ASH_COATED_OSMIUM;9961;10;9958;27;;;9970;18;9972;10;;;9965.5;0.0
yf_ZW=F_d8;3000;INTARIAN_PEPPER_ROOT;11536;28;11533;18;;;11542;17;11545;23;;;11539.0;0.0
yf_ZW=F_d8;3100;ASH_COATED_OSMIUM;9962;5;9958;26;;;9968;20;9970;26;;;9965.0;0.0
yf_ZW=F_d8;3100;INTARIAN_PEPPER_ROOT;11537;21;11534;13;;;11543;19;11545;28;;;11540.0;0.0
yf_ZW=F_d8;3200;ASH_COATED_OSMIUM;9962;9;9959;16;;;9970;12;9974;22;;;9966.0;0.0
yf_ZW=F_d8;3200;INTARIAN_PEPPER_ROOT;11533;21;11531;23;;;11549;7;11551;17;;;11541.0;0.0
yf_ZW=F_d8;3300;ASH_COATED_OSMIUM;9959;18;9956;18;;;9971;21;9975;15;;;9965.0;0.0
yf_ZW=F_d8;3300;INTARIAN_PEPPER_ROOT;11539;13;11537;30;;;11545;12;11547;21;;;11542.0;0.0
yf_ZW=F_d8;3400;ASH_COATED_OSMIUM;9962;16;9959;28;;;9968;12;9971;17;;;9965.0;0.0
yf_ZW=F_d8;3400;INTARIAN_PEPPER_ROOT;11540;12;11537;17;;;11546;17;11550;15;;;11543.0;0.0
yf_ZW=F_d8;3500;ASH_COATED_OSMIUM;9962;10;9959;17;;;9968;19;9970;25;;;9965.0;0.0
yf_ZW=F_d8;3500;INTARIAN_PEPPER_ROOT;11541;12;11539;34;;;11547;9;11551;16;;;11544.0;0.0
yf_ZW=F_d8;3600;ASH_COATED_OSMIUM;9959;14;9957;27;;;9972;21;9976;23;;;9965.5;0.0
yf_ZW=F_d8;3600;INTARIAN_PEPPER_ROOT;11541;8;11538;8;;;11547;11;11550;12;;;11544.0;0.0
yf_ZW=F_d8;3700;ASH_COATED_OSMIUM;9962;16;9959;23;;;9969;14;9971;21;;;9965.5;0.0
yf_ZW=F_d8;3700;INTARIAN_PEPPER_ROOT;11542;12;11540;12;;;11548;7;11550;23;;;11545.0;0.0
yf_ZW=F_d8;3800;ASH_COATED_OSMIUM;9962;14;9959;19;;;9968;10;9970;18;;;9965.0;0.0
yf_ZW=F_d8;3800;INTARIAN_PEPPER_ROOT;11534;16;11530;20;;;11559;16;11561;18;;;11546.5;0.0
yf_ZW=F_d8;3900;ASH_COATED_OSMIUM;9962;16;9960;16;;;9968;22;9970;22;;;9965.0;0.0
yf_ZW=F_d8;3900;INTARIAN_PEPPER_ROOT;11544;6;11540;27;;;11550;19;11554;23;;;11547.0;0.0
yf_ZW=F_d8;4000;ASH_COATED_OSMIUM;9961;17;9958;18;;;9968;5;9971;22;;;9964.5;0.0
yf_ZW=F_d8;4000;INTARIAN_PEPPER_ROOT;11545;11;11541;22;;;11551;18;11554;20;;;11548.0;0.0
yf_ZW=F_d8;4100;ASH_COATED_OSMIUM;9948;11;9944;17;;;9982;11;9985;21;;;9965.0;0.0
yf_ZW=F_d8;4100;INTARIAN_PEPPER_ROOT;11546;18;11543;20;;;11552;17;11555;18;;;11549.0;0.0
yf_ZW=F_d8;4200;ASH_COATED_OSMIUM;9962;24;9958;23;;;9969;15;9973;22;;;9965.5;0.0
yf_ZW=F_d8;4200;INTARIAN_PEPPER_ROOT;11546;19;11542;18;;;11553;18;11555;30;;;11549.5;0.0
yf_ZW=F_d8;4300;ASH_COATED_OSMIUM;9963;19;9960;21;;;9969;13;9971;27;;;9966.0;0.0
yf_ZW=F_d8;4300;INTARIAN_PEPPER_ROOT;11541;8;11537;17;;;11560;14;11563;17;;;11550.5;0.0
yf_ZW=F_d8;4400;ASH_COATED_OSMIUM;9963;15;9959;29;;;9969;19;9971;24;;;9966.0;0.0
yf_ZW=F_d8;4400;INTARIAN_PEPPER_ROOT;11548;5;11544;22;;;11554;13;11556;18;;;11551.0;0.0
yf_ZW=F_d8;4500;ASH_COATED_OSMIUM;9962;16;9959;8;;;9969;14;9973;19;;;9965.5;0.0
yf_ZW=F_d8;4500;INTARIAN_PEPPER_ROOT;11548;6;11544;27;;;11554;15;11558;22;;;11551.0;0.0
yf_ZW=F_d8;4600;ASH_COATED_OSMIUM;9962;21;9959;23;;;9968;11;9972;11;;;9965.0;0.0
yf_ZW=F_d8;4600;INTARIAN_PEPPER_ROOT;11549;16;11545;21;;;11555;6;11557;16;;;11552.0;0.0
yf_ZW=F_d8;4700;ASH_COATED_OSMIUM;9960;18;9956;22;;;9972;28;9975;26;;;9966.0;0.0
yf_ZW=F_d8;4700;INTARIAN_PEPPER_ROOT;11551;8;11549;23;;;11557;20;11559;16;;;11554.0;0.0
yf_ZW=F_d8;4800;ASH_COATED_OSMIUM;9962;10;9959;19;;;9968;10;9972;16;;;9965.0;0.0
yf_ZW=F_d8;4800;INTARIAN_PEPPER_ROOT;11551;11;11548;23;;;11558;11;11561;18;;;11554.5;0.0
yf_ZW=F_d8;4900;ASH_COATED_OSMIUM;9963;9;9961;24;;;9969;18;9972;18;;;9966.0;0.0
yf_ZW=F_d8;4900;INTARIAN_PEPPER_ROOT;11552;21;11548;18;;;11558;19;11560;25;;;11555.0;0.0
yf_ZW=F_d8;5000;ASH_COATED_OSMIUM;9963;23;9959;15;;;9969;7;9973;15;;;9966.0;0.0
yf_ZW=F_d8;5000;INTARIAN_PEPPER_ROOT;11543;14;11540;14;;;11569;25;11571;14;;;11556.0;0.0
yf_ZW=F_d8;5100;ASH_COATED_OSMIUM;9960;20;9958;15;;;9971;14;9973;20;;;9965.5;0.0
yf_ZW=F_d8;5100;INTARIAN_PEPPER_ROOT;11554;15;11551;21;;;11560;15;11562;14;;;11557.0;0.0
yf_ZW=F_d8;5200;ASH_COATED_OSMIUM;9962;16;9958;11;;;9968;23;9970;18;;;9965.0;0.0
yf_ZW=F_d8;5200;INTARIAN_PEPPER_ROOT;11555;14;11553;11;;;11561;14;11564;29;;;11558.0;0.0
yf_ZW=F_d8;5300;ASH_COATED_OSMIUM;9961;17;9958;21;;;9970;15;9974;24;;;9965.5;0.0
yf_ZW=F_d8;5300;INTARIAN_PEPPER_ROOT;11554;8;11551;8;;;11562;20;11566;21;;;11558.0;0.0
yf_ZW=F_d8;5400;ASH_COATED_OSMIUM;9961;10;9958;28;;;9971;7;9973;20;;;9966.0;0.0
yf_ZW=F_d8;5400;INTARIAN_PEPPER_ROOT;11556;22;11554;16;;;11562;17;11565;22;;;11559.0;0.0
yf_ZW=F_d8;5500;ASH_COATED_OSMIUM;9963;11;9961;19;;;9969;16;9973;22;;;9966.0;0.0
yf_ZW=F_d8;5500;INTARIAN_PEPPER_ROOT;11548;5;11545;22;;;11572;18;11574;13;;;11560.0;0.0
yf_ZW=F_d8;5600;ASH_COATED_OSMIUM;9962;9;9960;14;;;9970;13;9974;19;;;9966.0;0.0
yf_ZW=F_d8;5600;INTARIAN_PEPPER_ROOT;11557;14;11553;22;;;11563;14;11567;25;;;11560.0;0.0
yf_ZW=F_d8;5700;ASH_COATED_OSMIUM;9955;12;9952;19;;;9975;9;9977;23;;;9965.0;0.0
yf_ZW=F_d8;5700;INTARIAN_PEPPER_ROOT;11544;14;11540;20;;;11580;12;11582;27;;;11562.0;0.0
yf_ZW=F_d8;5800;ASH_COATED_OSMIUM;9956;20;9954;18;;;9974;5;9976;18;;;9965.0;0.0
yf_ZW=F_d8;5800;INTARIAN_PEPPER_ROOT;11556;17;11554;27;;;11571;23;11575;17;;;11563.5;0.0
yf_ZW=F_d8;5900;ASH_COATED_OSMIUM;9963;15;9960;15;;;9969;9;9973;11;;;9966.0;0.0
yf_ZW=F_d8;5900;INTARIAN_PEPPER_ROOT;11560;16;11556;22;;;11566;16;11568;22;;;11563.0;0.0
yf_ZW=F_d8;6000;ASH_COATED_OSMIUM;9954;5;9950;20;;;9977;21;9980;22;;;9965.5;0.0
yf_ZW=F_d8;6000;INTARIAN_PEPPER_ROOT;11559;21;11555;19;;;11570;6;11572;18;;;11564.5;0.0
yf_ZW=F_d8;6100;ASH_COATED_OSMIUM;9951;11;9948;19;;;9981;8;9984;17;;;9966.0;0.0
yf_ZW=F_d8;6100;INTARIAN_PEPPER_ROOT;11562;15;11560;19;;;11568;17;11572;18;;;11565.0;0.0
yf_ZW=F_d8;6200;ASH_COATED_OSMIUM;9963;17;9960;11;;;9969;19;9972;24;;;9966.0;0.0
yf_ZW=F_d8;6200;INTARIAN_PEPPER_ROOT;11559;25;11555;19;;;11572;18;11576;23;;;11565.5;0.0
yf_ZW=F_d8;6300;ASH_COATED_OSMIUM;9955;5;9951;22;;;9977;5;9980;12;;;9966.0;0.0
yf_ZW=F_d8;6300;INTARIAN_PEPPER_ROOT;11562;17;11559;18;;;11570;6;11572;15;;;11566.0;0.0
yf_ZW=F_d8;6400;ASH_COATED_OSMIUM;9959;16;9957;28;;;9974;14;9977;11;;;9966.5;0.0
yf_ZW=F_d8;6400;INTARIAN_PEPPER_ROOT;11564;17;11562;20;;;11570;16;11572;23;;;11567.0;0.0
yf_ZW=F_d8;6500;ASH_COATED_OSMIUM;9963;11;9961;14;;;9969;12;9972;24;;;9966.0;0.0
yf_ZW=F_d8;6500;INTARIAN_PEPPER_ROOT;11565;13;11563;29;;;11571;13;11573;16;;;11568.0;0.0
yf_ZW=F_d8;6600;ASH_COATED_OSMIUM;9962;12;9959;21;;;9969;22;9973;24;;;9965.5;0.0
yf_ZW=F_d8;6600;INTARIAN_PEPPER_ROOT;11566;13;11563;17;;;11572;15;11574;15;;;11569.0;0.0
yf_ZW=F_d8;6700;ASH_COATED_OSMIUM;9962;16;9960;13;;;9969;12;9971;22;;;9965.5;0.0
yf_ZW=F_d8;6700;INTARIAN_PEPPER_ROOT;11566;13;11563;21;;;11574;15;11577;16;;;11570.0;0.0
yf_ZW=F_d8;6800;ASH_COATED_OSMIUM;9962;8;9960;22;;;9969;14;9972;24;;;9965.5;0.0
yf_ZW=F_d8;6800;INTARIAN_PEPPER_ROOT;11567;20;11564;10;;;11573;16;11575;22;;;11570.0;0.0
yf_ZW=F_d8;6900;ASH_COATED_OSMIUM;9962;13;9960;18;;;9968;15;9970;17;;;9965.0;0.0
yf_ZW=F_d8;6900;INTARIAN_PEPPER_ROOT;11566;14;11563;16;;;11578;12;11580;17;;;11572.0;0.0
yf_ZW=F_d8;7000;ASH_COATED_OSMIUM;9963;10;9961;26;;;9969;23;9972;23;;;9966.0;0.0
yf_ZW=F_d8;7000;INTARIAN_PEPPER_ROOT;11569;7;11567;28;;;11575;9;11579;20;;;11572.0;0.0
yf_ZW=F_d8;7100;ASH_COATED_OSMIUM;9959;11;9956;12;;;9973;20;9975;17;;;9966.0;0.0
yf_ZW=F_d8;7100;INTARIAN_PEPPER_ROOT;11571;17;11569;19;;;11577;15;11580;15;;;11574.0;0.0
yf_ZW=F_d8;7200;ASH_COATED_OSMIUM;9962;13;9958;30;;;9968;13;9972;8;;;9965.0;0.0
yf_ZW=F_d8;7200;INTARIAN_PEPPER_ROOT;11560;16;11556;25;;;11588;7;11591;17;;;11574.0;0.0
yf_ZW=F_d8;7300;ASH_COATED_OSMIUM;9957;10;9954;19;;;9975;9;9978;18;;;9966.0;0.0
yf_ZW=F_d8;7300;INTARIAN_PEPPER_ROOT;11567;8;11565;14;;;11583;20;11587;15;;;11575.0;0.0
yf_ZW=F_d8;7400;ASH_COATED_OSMIUM;9963;13;9961;21;;;9969;12;9972;22;;;9966.0;0.0
yf_ZW=F_d8;7400;INTARIAN_PEPPER_ROOT;11570;20;11568;13;;;11581;6;11585;18;;;11575.5;0.0
yf_ZW=F_d8;7500;ASH_COATED_OSMIUM;9963;14;9960;20;;;9969;19;9972;16;;;9966.0;0.0
yf_ZW=F_d8;7500;INTARIAN_PEPPER_ROOT;11573;14;11571;26;;;11579;15;11583;25;;;11576.0;0.0
yf_ZW=F_d8;7600;ASH_COATED_OSMIUM;9962;9;9958;25;;;9968;15;9972;15;;;9965.0;0.0
yf_ZW=F_d8;7600;INTARIAN_PEPPER_ROOT;11570;20;11567;21;;;11583;19;11586;23;;;11576.5;0.0
yf_ZW=F_d8;7700;ASH_COATED_OSMIUM;9957;23;9953;21;;;9974;19;9977;14;;;9965.5;0.0
yf_ZW=F_d8;7700;INTARIAN_PEPPER_ROOT;11576;13;11572;21;;;11582;8;11585;11;;;11579.0;0.0
yf_ZW=F_d8;7800;ASH_COATED_OSMIUM;9963;13;9960;26;;;9969;11;9971;20;;;9966.0;0.0
yf_ZW=F_d8;7800;INTARIAN_PEPPER_ROOT;11576;16;11574;12;;;11582;16;11584;17;;;11579.0;0.0
yf_ZW=F_d8;7900;ASH_COATED_OSMIUM;9959;16;9957;20;;;9974;17;9977;20;;;9966.5;0.0
yf_ZW=F_d8;7900;INTARIAN_PEPPER_ROOT;11569;13;11567;18;;;11589;19;11593;23;;;11579.0;0.0
yf_ZW=F_d8;8000;ASH_COATED_OSMIUM;9957;12;9953;18;;;9973;19;9976;22;;;9965.0;0.0
yf_ZW=F_d8;8000;INTARIAN_PEPPER_ROOT;11578;18;11574;12;;;11584;14;11588;23;;;11581.0;0.0
yf_ZW=F_d8;8100;ASH_COATED_OSMIUM;9963;16;9959;19;;;9970;8;9972;18;;;9966.5;0.0
yf_ZW=F_d8;8100;INTARIAN_PEPPER_ROOT;11578;21;11575;16;;;11584;22;11588;20;;;11581.0;0.0
yf_ZW=F_d8;8200;ASH_COATED_OSMIUM;9963;12;9961;17;;;9969;12;9972;19;;;9966.0;0.0
yf_ZW=F_d8;8200;INTARIAN_PEPPER_ROOT;11580;22;11576;20;;;11586;19;11589;17;;;11583.0;0.0
yf_ZW=F_d8;8300;ASH_COATED_OSMIUM;9963;15;9961;25;;;9969;19;9972;22;;;9966.0;0.0
yf_ZW=F_d8;8300;INTARIAN_PEPPER_ROOT;11576;11;11572;17;;;11589;17;11592;17;;;11582.5;0.0
yf_ZW=F_d8;8400;ASH_COATED_OSMIUM;9962;18;9959;21;;;9968;17;9970;26;;;9965.0;0.0
yf_ZW=F_d8;8400;INTARIAN_PEPPER_ROOT;11567;16;11565;16;;;11600;15;11603;9;;;11583.5;0.0
yf_ZW=F_d8;8500;ASH_COATED_OSMIUM;9960;19;9956;29;;;9973;12;9976;25;;;9966.5;0.0
yf_ZW=F_d8;8500;INTARIAN_PEPPER_ROOT;11582;13;11578;18;;;11588;9;11592;15;;;11585.0;0.0
yf_ZW=F_d8;8600;ASH_COATED_OSMIUM;9951;13;9949;29;;;9981;19;9984;17;;;9966.0;0.0
yf_ZW=F_d8;8600;INTARIAN_PEPPER_ROOT;11583;10;11580;20;;;11589;28;11591;22;;;11586.0;0.0
yf_ZW=F_d8;8700;ASH_COATED_OSMIUM;9963;22;9960;21;;;9969;15;9972;22;;;9966.0;0.0
yf_ZW=F_d8;8700;INTARIAN_PEPPER_ROOT;11583;19;11580;23;;;11589;21;11593;19;;;11586.0;0.0
yf_ZW=F_d8;8800;ASH_COATED_OSMIUM;9962;15;9958;26;;;9970;22;9972;17;;;9966.0;0.0
yf_ZW=F_d8;8800;INTARIAN_PEPPER_ROOT;11578;8;11576;13;;;11596;13;11598;17;;;11587.0;0.0
yf_ZW=F_d8;8900;ASH_COATED_OSMIUM;9963;25;9960;13;;;9969;14;9971;25;;;9966.0;0.0
yf_ZW=F_d8;8900;INTARIAN_PEPPER_ROOT;11586;10;11582;22;;;11592;10;11596;21;;;11589.0;0.0
yf_ZW=F_d8;9000;ASH_COATED_OSMIUM;9963;17;9959;23;;;9969;10;9973;14;;;9966.0;0.0
yf_ZW=F_d8;9000;INTARIAN_PEPPER_ROOT;11586;15;11583;19;;;11592;21;11594;21;;;11589.0;0.0
yf_ZW=F_d8;9100;ASH_COATED_OSMIUM;9963;19;9959;14;;;9969;11;9972;27;;;9966.0;0.0
yf_ZW=F_d8;9100;INTARIAN_PEPPER_ROOT;11586;23;11582;15;;;11594;8;11597;20;;;11590.0;0.0
yf_ZW=F_d8;9200;ASH_COATED_OSMIUM;9955;5;9953;17;;;9977;17;9980;8;;;9966.0;0.0
yf_ZW=F_d8;9200;INTARIAN_PEPPER_ROOT;11587;11;11584;22;;;11593;17;11596;25;;;11590.0;0.0
yf_ZW=F_d8;9300;ASH_COATED_OSMIUM;9958;5;9956;26;;;9975;15;9978;16;;;9966.5;0.0
yf_ZW=F_d8;9300;INTARIAN_PEPPER_ROOT;11588;14;11584;14;;;11595;13;11597;16;;;11591.5;0.0
yf_ZW=F_d8;9400;ASH_COATED_OSMIUM;9963;13;9961;28;;;9969;12;9973;22;;;9966.0;0.0
yf_ZW=F_d8;9400;INTARIAN_PEPPER_ROOT;11590;15;11587;20;;;11596;17;11598;26;;;11593.0;0.0
yf_ZW=F_d8;9500;ASH_COATED_OSMIUM;9963;8;9959;22;;;9969;11;9971;21;;;9966.0;0.0
yf_ZW=F_d8;9500;INTARIAN_PEPPER_ROOT;11590;20;11586;19;;;11596;12;11599;20;;;11593.0;0.0
yf_ZW=F_d8;9600;ASH_COATED_OSMIUM;9963;15;9960;16;;;9969;26;9972;22;;;9966.0;0.0
yf_ZW=F_d8;9600;INTARIAN_PEPPER_ROOT;11591;14;11588;20;;;11597;11;11601;22;;;11594.0;0.0
yf_ZW=F_d8;9700;ASH_COATED_OSMIUM;9960;16;9957;26;;;9972;13;9975;31;;;9966.0;0.0
yf_ZW=F_d8;9700;INTARIAN_PEPPER_ROOT;11591;15;11588;21;;;11598;11;11602;18;;;11594.5;0.0
yf_ZW=F_d8;9800;ASH_COATED_OSMIUM;9963;21;9960;25;;;9969;11;9972;17;;;9966.0;0.0
yf_ZW=F_d8;9800;INTARIAN_PEPPER_ROOT;11592;5;11588;21;;;11599;20;11601;23;;;11595.5;0.0
yf_ZW=F_d8;9900;ASH_COATED_OSMIUM;9964;14;9960;22;;;9970;13;9974;15;;;9967.0;0.0
yf_ZW=F_d8;9900;INTARIAN_PEPPER_ROOT;11587;10;11585;14;;;11605;9;11607;24;;;11596.0;0.0
yf_ZW=F_d8;10000;ASH_COATED_OSMIUM;9963;20;9961;15;;;9969;13;9973;24;;;9966.0;0.0
yf_ZW=F_d8;10000;INTARIAN_PEPPER_ROOT;11590;17;11586;20;;;11605;9;11607;19;;;11597.5;0.0
yf_ZW=F_d8;10100;ASH_COATED_OSMIUM;9962;5;9959;25;;;9969;13;9971;12;;;9965.5;0.0
yf_ZW=F_d8;10100;INTARIAN_PEPPER_ROOT;11595;11;11592;9;;;11601;5;11604;11;;;11598.0;0.0
yf_ZW=F_d8;10200;ASH_COATED_OSMIUM;9957;15;9955;30;;;9976;19;9980;25;;;9966.5;0.0
yf_ZW=F_d8;10200;INTARIAN_PEPPER_ROOT;11596;13;11593;14;;;11602;16;11605;27;;;11599.0;0.0
yf_ZW=F_d8;10300;ASH_COATED_OSMIUM;9963;21;9961;14;;;9969;22;9971;21;;;9966.0;0.0
yf_ZW=F_d8;10300;INTARIAN_PEPPER_ROOT;11597;15;11593;19;;;11603;9;11605;25;;;11600.0;0.0
yf_ZW=F_d8;10400;ASH_COATED_OSMIUM;9963;12;9961;24;;;9969;5;9973;29;;;9966.0;0.0
yf_ZW=F_d8;10400;INTARIAN_PEPPER_ROOT;11591;13;11588;27;;;11608;21;11612;14;;;11599.5;0.0
yf_ZW=F_d8;10500;ASH_COATED_OSMIUM;9964;9;9960;21;;;9970;12;9972;28;;;9967.0;0.0
yf_ZW=F_d8;10500;INTARIAN_PEPPER_ROOT;11596;14;11592;23;;;11606;18;11610;22;;;11601.0;0.0
yf_ZW=F_d8;10600;ASH_COATED_OSMIUM;9963;11;9960;14;;;9969;13;9973;22;;;9966.0;0.0
yf_ZW=F_d8;10600;INTARIAN_PEPPER_ROOT;11592;13;11590;22;;;11612;21;11614;22;;;11602.0;0.0
yf_ZW=F_d8;10700;ASH_COATED_OSMIUM;9963;13;9960;21;;;9970;18;9972;20;;;9966.5;0.0
yf_ZW=F_d8;10700;INTARIAN_PEPPER_ROOT;11600;15;11597;24;;;11606;24;11608;30;;;11603.0;0.0
yf_ZW=F_d8;10800;ASH_COATED_OSMIUM;9961;21;9957;19;;;9970;18;9974;21;;;9965.5;0.0
yf_ZW=F_d8;10800;INTARIAN_PEPPER_ROOT;11601;13;11599;18;;;11607;9;11611;20;;;11604.0;0.0
yf_ZW=F_d8;10900;ASH_COATED_OSMIUM;9963;7;9960;20;;;9969;13;9972;18;;;9966.0;0.0
yf_ZW=F_d8;10900;INTARIAN_PEPPER_ROOT;11599;12;11597;25;;;11609;9;11611;19;;;11604.0;0.0
yf_ZW=F_d8;11000;ASH_COATED_OSMIUM;9952;6;9949;26;;;9981;5;9985;20;;;9966.5;0.0
yf_ZW=F_d8;11000;INTARIAN_PEPPER_ROOT;11593;18;11589;27;;;11618;11;11620;21;;;11605.5;0.0
yf_ZW=F_d8;11100;ASH_COATED_OSMIUM;9964;14;9962;19;;;9970;15;9973;18;;;9967.0;0.0
yf_ZW=F_d8;11100;INTARIAN_PEPPER_ROOT;11603;25;11599;17;;;11609;13;11611;21;;;11606.0;0.0
yf_ZW=F_d8;11200;ASH_COATED_OSMIUM;9963;18;9959;17;;;9969;14;9972;15;;;9966.0;0.0
yf_ZW=F_d8;11200;INTARIAN_PEPPER_ROOT;11604;11;11601;23;;;11610;19;11614;19;;;11607.0;0.0
yf_ZW=F_d8;11300;ASH_COATED_OSMIUM;9959;21;9957;21;;;9975;16;9979;15;;;9967.0;0.0
yf_ZW=F_d8;11300;INTARIAN_PEPPER_ROOT;11605;8;11601;14;;;11611;9;11615;14;;;11608.0;0.0
yf_ZW=F_d8;11400;ASH_COATED_OSMIUM;9963;16;9960;29;;;9969;15;9972;14;;;9966.0;0.0
yf_ZW=F_d8;11400;INTARIAN_PEPPER_ROOT;11600;21;11598;15;;;11617;12;11619;11;;;11608.5;0.0
yf_ZW=F_d8;11500;ASH_COATED_OSMIUM;9960;19;9956;15;;;9973;10;9976;19;;;9966.5;0.0
yf_ZW=F_d8;11500;INTARIAN_PEPPER_ROOT;11604;10;11602;18;;;11615;9;11619;25;;;11609.5;0.0
yf_ZW=F_d8;11600;ASH_COATED_OSMIUM;9964;12;9962;20;;;9970;12;9974;28;;;9967.0;0.0
yf_ZW=F_d8;11600;INTARIAN_PEPPER_ROOT;11605;17;11602;16;;;11615;21;11617;22;;;11610.0;0.0
yf_ZW=F_d8;11700;ASH_COATED_OSMIUM;9962;16;9959;23;;;9970;18;9972;17;;;9966.0;0.0
yf_ZW=F_d8;11700;INTARIAN_PEPPER_ROOT;11606;17;11603;16;;;11616;20;11619;16;;;11611.0;0.0
yf_ZW=F_d8;11800;ASH_COATED_OSMIUM;9946;5;9942;19;;;9986;7;9989;17;;;9966.0;0.0
yf_ZW=F_d8;11800;INTARIAN_PEPPER_ROOT;11596;9;11593;16;;;11626;15;11628;27;;;11611.0;0.0
yf_ZW=F_d8;11900;ASH_COATED_OSMIUM;9963;8;9960;19;;;9970;15;9974;14;;;9966.5;0.0
yf_ZW=F_d8;11900;INTARIAN_PEPPER_ROOT;11609;16;11607;22;;;11615;17;11619;12;;;11612.0;0.0
yf_ZW=F_d8;12000;ASH_COATED_OSMIUM;9956;16;9954;28;;;9976;15;9979;21;;;9966.0;0.0
yf_ZW=F_d8;12000;INTARIAN_PEPPER_ROOT;11605;18;11603;18;;;11620;8;11623;21;;;11612.5;0.0
yf_ZW=F_d8;12100;ASH_COATED_OSMIUM;9964;9;9961;23;;;9970;29;9973;21;;;9967.0;0.0
yf_ZW=F_d8;12100;INTARIAN_PEPPER_ROOT;11612;6;11610;14;;;11618;21;11620;13;;;11615.0;0.0
yf_ZW=F_d8;12200;ASH_COATED_OSMIUM;9962;20;9960;13;;;9972;7;9975;20;;;9967.0;0.0
yf_ZW=F_d8;12200;INTARIAN_PEPPER_ROOT;11609;7;11605;18;;;11620;21;11622;21;;;11614.5;0.0
yf_ZW=F_d8;12300;ASH_COATED_OSMIUM;9964;11;9961;16;;;9970;17;9973;19;;;9967.0;0.0
yf_ZW=F_d8;12300;INTARIAN_PEPPER_ROOT;11613;5;11611;23;;;11619;19;11623;30;;;11616.0;0.0
yf_ZW=F_d8;12400;ASH_COATED_OSMIUM;9958;16;9955;23;;;9975;16;9979;22;;;9966.5;0.0
yf_ZW=F_d8;12400;INTARIAN_PEPPER_ROOT;11614;15;11610;19;;;11620;7;11622;14;;;11617.0;0.0
yf_ZW=F_d8;12500;ASH_COATED_OSMIUM;9964;16;9960;14;;;9970;20;9973;17;;;9967.0;0.0
yf_ZW=F_d8;12500;INTARIAN_PEPPER_ROOT;11615;10;11612;31;;;11621;23;11625;26;;;11618.0;0.0
yf_ZW=F_d8;12600;ASH_COATED_OSMIUM;9947;8;9944;18;;;9987;19;9989;17;;;9967.0;0.0
yf_ZW=F_d8;12600;INTARIAN_PEPPER_ROOT;11616;6;11613;16;;;11622;16;11625;13;;;11619.0;0.0
yf_ZW=F_d8;12700;ASH_COATED_OSMIUM;9960;10;9958;11;;;9974;16;9977;29;;;9967.0;0.0
yf_ZW=F_d8;12700;INTARIAN_PEPPER_ROOT;11615;19;11611;21;;;11624;16;11627;25;;;11619.5;0.0
yf_ZW=F_d8;12800;ASH_COATED_OSMIUM;9964;19;9962;20;;;9970;16;9972;23;;;9967.0;0.0
yf_ZW=F_d8;12800;INTARIAN_PEPPER_ROOT;11617;12;11613;24;;;11623;22;11625;20;;;11620.0;0.0
yf_ZW=F_d8;12900;ASH_COATED_OSMIUM;9962;20;9958;8;;;9972;14;9974;21;;;9967.0;0.0
yf_ZW=F_d8;12900;INTARIAN_PEPPER_ROOT;11618;11;11615;25;;;11624;11;11627;13;;;11621.0;0.0
yf_ZW=F_d8;13000;ASH_COATED_OSMIUM;9963;20;9960;17;;;9969;5;9972;18;;;9966.0;0.0
yf_ZW=F_d8;13000;INTARIAN_PEPPER_ROOT;11614;17;11611;17;;;11630;7;11633;20;;;11622.0;0.0
yf_ZW=F_d8;13100;ASH_COATED_OSMIUM;9964;15;9961;22;;;9970;11;9974;21;;;9967.0;0.0
yf_ZW=F_d8;13100;INTARIAN_PEPPER_ROOT;11619;13;11616;21;;;11625;11;11628;15;;;11622.0;0.0
yf_ZW=F_d8;13200;ASH_COATED_OSMIUM;9958;22;9956;18;;;9975;12;9979;22;;;9966.5;0.0
yf_ZW=F_d8;13200;INTARIAN_PEPPER_ROOT;11619;14;11615;19;;;11627;22;11629;13;;;11623.0;0.0
yf_ZW=F_d8;13300;ASH_COATED_OSMIUM;9965;14;9961;26;;;9971;12;9973;11;;;9968.0;0.0
yf_ZW=F_d8;13300;INTARIAN_PEPPER_ROOT;11622;13;11620;15;;;11628;9;11631;18;;;11625.0;0.0
yf_ZW=F_d8;13400;ASH_COATED_OSMIUM;9964;9;9960;18;;;9970;9;9972;25;;;9967.0;0.0
yf_ZW=F_d8;13400;INTARIAN_PEPPER_ROOT;11622;16;11620;18;;;11628;7;11632;17;;;11625.0;0.0
yf_ZW=F_d8;13500;ASH_COATED_OSMIUM;9957;14;9954;18;;;9976;23;9979;17;;;9966.5;0.0
yf_ZW=F_d8;13500;INTARIAN_PEPPER_ROOT;11623;21;11620;17;;;11629;11;11632;27;;;11626.0;0.0
yf_ZW=F_d8;13600;ASH_COATED_OSMIUM;9963;8;9960;15;;;9969;16;9973;15;;;9966.0;0.0
yf_ZW=F_d8;13600;INTARIAN_PEPPER_ROOT;11622;19;11620;17;;;11630;18;11633;20;;;11626.0;0.0
yf_ZW=F_d8;13700;ASH_COATED_OSMIUM;9963;25;9961;22;;;9969;24;9973;12;;;9966.0;0.0
yf_ZW=F_d8;13700;INTARIAN_PEPPER_ROOT;11624;24;11621;23;;;11630;13;11634;13;;;11627.0;0.0
yf_ZW=F_d8;13800;ASH_COATED_OSMIUM;9964;8;9962;22;;;9970;8;9974;18;;;9967.0;0.0
yf_ZW=F_d8;13800;INTARIAN_PEPPER_ROOT;11626;17;11623;12;;;11632;11;11634;20;;;11629.0;0.0
yf_ZW=F_d8;13900;ASH_COATED_OSMIUM;9964;13;9962;15;;;9970;16;9973;29;;;9967.0;0.0
yf_ZW=F_d8;13900;INTARIAN_PEPPER_ROOT;11626;20;11622;23;;;11632;16;11634;26;;;11629.0;0.0
yf_ZW=F_d8;14000;ASH_COATED_OSMIUM;9962;11;9959;17;;;9971;12;9973;22;;;9966.5;0.0
yf_ZW=F_d8;14000;INTARIAN_PEPPER_ROOT;11627;17;11624;21;;;11633;21;11637;23;;;11630.0;0.0
yf_ZW=F_d8;14100;ASH_COATED_OSMIUM;9962;7;9958;33;;;9970;11;9972;20;;;9966.0;0.0
yf_ZW=F_d8;14100;INTARIAN_PEPPER_ROOT;11628;17;11626;9;;;11634;15;11637;24;;;11631.0;0.0
yf_ZW=F_d8;14200;ASH_COATED_OSMIUM;9964;11;9961;19;;;9970;7;9973;16;;;9967.0;0.0
yf_ZW=F_d8;14200;INTARIAN_PEPPER_ROOT;11629;6;11626;18;;;11635;15;11638;23;;;11632.0;0.0
yf_ZW=F_d8;14300;ASH_COATED_OSMIUM;9964;28;9961;22;;;9970;14;9973;14;;;9967.0;0.0
yf_ZW=F_d8;14300;INTARIAN_PEPPER_ROOT;11618;20;11615;35;;;11647;15;11650;22;;;11632.5;0.0
yf_ZW=F_d8;14400;ASH_COATED_OSMIUM;9964;30;9961;27;;;9970;12;9974;18;;;9967.0;0.0
yf_ZW=F_d8;14400;INTARIAN_PEPPER_ROOT;11630;17;11626;24;;;11636;17;11640;32;;;11633.0;0.0
yf_ZW=F_d8;14500;ASH_COATED_OSMIUM;9964;8;9960;26;;;9970;10;9973;21;;;9967.0;0.0
yf_ZW=F_d8;14500;INTARIAN_PEPPER_ROOT;11631;17;11629;19;;;11637;13;11641;29;;;11634.0;0.0
yf_ZW=F_d8;14600;ASH_COATED_OSMIUM;9964;27;9960;20;;;9970;9;9973;25;;;9967.0;0.0
yf_ZW=F_d8;14600;INTARIAN_PEPPER_ROOT;11627;17;11623;17;;;11644;15;11647;22;;;11635.5;0.0
yf_ZW=F_d8;14700;ASH_COATED_OSMIUM;9964;10;9962;22;;;9970;13;9974;19;;;9967.0;0.0
yf_ZW=F_d8;14700;INTARIAN_PEPPER_ROOT;11633;11;11629;19;;;11639;15;11642;16;;;11636.0;0.0
yf_ZW=F_d8;14800;ASH_COATED_OSMIUM;9964;23;9962;23;;;9970;13;9973;20;;;9967.0;0.0
yf_ZW=F_d8;14800;INTARIAN_PEPPER_ROOT;11633;21;11629;23;;;11639;5;11641;18;;;11636.0;0.0
yf_ZW=F_d8;14900;ASH_COATED_OSMIUM;9964;9;9960;24;;;9970;17;9972;26;;;9967.0;0.0
yf_ZW=F_d8;14900;INTARIAN_PEPPER_ROOT;11622;18;11618;27;;;11653;14;11655;16;;;11637.5;0.0
yf_ZW=F_d8;15000;ASH_COATED_OSMIUM;9964;16;9961;13;;;9970;6;9974;21;;;9967.0;0.0
yf_ZW=F_d8;15000;INTARIAN_PEPPER_ROOT;11632;16;11628;25;;;11644;12;11647;23;;;11638.0;0.0
yf_ZW=F_d8;15100;ASH_COATED_OSMIUM;9955;7;9953;13;;;9979;13;9983;19;;;9967.0;0.0
yf_ZW=F_d8;15100;INTARIAN_PEPPER_ROOT;11630;9;11627;13;;;11648;10;11652;18;;;11639.0;0.0
yf_ZW=F_d8;15200;ASH_COATED_OSMIUM;9961;15;9957;25;;;9973;13;9976;26;;;9967.0;0.0
yf_ZW=F_d8;15200;INTARIAN_PEPPER_ROOT;11636;11;11634;22;;;11643;20;11647;19;;;11639.5;0.0
yf_ZW=F_d8;15300;ASH_COATED_OSMIUM;9964;10;9962;23;;;9970;17;9972;20;;;9967.0;0.0
yf_ZW=F_d8;15300;INTARIAN_PEPPER_ROOT;11634;22;11632;18;;;11648;10;11651;21;;;11641.0;0.0
yf_ZW=F_d8;15400;ASH_COATED_OSMIUM;9964;20;9961;21;;;9970;18;9972;21;;;9967.0;0.0
yf_ZW=F_d8;15400;INTARIAN_PEPPER_ROOT;11629;13;11625;12;;;11654;22;11658;20;;;11641.5;0.0
yf_ZW=F_d8;15500;ASH_COATED_OSMIUM;9961;15;9959;18;;;9973;16;9977;16;;;9967.0;0.0
yf_ZW=F_d8;15500;INTARIAN_PEPPER_ROOT;11632;20;11628;22;;;11653;15;11657;26;;;11642.5;0.0
yf_ZW=F_d8;15600;ASH_COATED_OSMIUM;9964;17;9961;27;;;9970;10;9972;8;;;9967.0;0.0
yf_ZW=F_d8;15600;INTARIAN_PEPPER_ROOT;11640;14;11637;24;;;11646;23;11648;24;;;11643.0;0.0
yf_ZW=F_d8;15700;ASH_COATED_OSMIUM;9964;8;9960;27;;;9970;7;9973;31;;;9967.0;0.0
yf_ZW=F_d8;15700;INTARIAN_PEPPER_ROOT;11640;13;11637;14;;;11649;24;11652;23;;;11644.5;0.0
yf_ZW=F_d8;15800;ASH_COATED_OSMIUM;9964;11;9961;21;;;9970;12;9974;23;;;9967.0;0.0
yf_ZW=F_d8;15800;INTARIAN_PEPPER_ROOT;11642;23;11640;19;;;11648;21;11650;25;;;11645.0;0.0
yf_ZW=F_d8;15900;ASH_COATED_OSMIUM;9964;16;9962;14;;;9970;13;9974;15;;;9967.0;0.0
yf_ZW=F_d8;15900;INTARIAN_PEPPER_ROOT;11638;16;11634;21;;;11653;6;11656;23;;;11645.5;0.0
yf_ZW=F_d8;16000;ASH_COATED_OSMIUM;9964;19;9962;20;;;9970;17;9973;27;;;9967.0;0.0
yf_ZW=F_d8;16000;INTARIAN_PEPPER_ROOT;11638;8;11635;11;;;11656;13;11658;24;;;11647.0;0.0
yf_ZW=F_d8;16100;ASH_COATED_OSMIUM;9965;12;9962;10;;;9971;21;9975;28;;;9968.0;0.0
yf_ZW=F_d8;16100;INTARIAN_PEPPER_ROOT;11644;11;11642;17;;;11650;17;11652;13;;;11647.0;0.0
yf_ZW=F_d8;16200;ASH_COATED_OSMIUM;9964;19;9961;8;;;9970;23;9974;26;;;9967.0;0.0
yf_ZW=F_d8;16200;INTARIAN_PEPPER_ROOT;11645;23;11643;13;;;11651;16;11655;25;;;11648.0;0.0
yf_ZW=F_d8;16300;ASH_COATED_OSMIUM;9964;9;9960;15;;;9970;14;9974;14;;;9967.0;0.0
yf_ZW=F_d8;16300;INTARIAN_PEPPER_ROOT;11638;17;11635;13;;;11660;20;11662;18;;;11649.0;0.0
yf_ZW=F_d8;16400;ASH_COATED_OSMIUM;9958;19;9954;8;;;9975;14;9978;21;;;9966.5;0.0
yf_ZW=F_d8;16400;INTARIAN_PEPPER_ROOT;11647;10;11644;9;;;11653;24;11656;23;;;11650.0;0.0
yf_ZW=F_d8;16500;ASH_COATED_OSMIUM;9965;20;9963;19;;;9971;15;9973;15;;;9968.0;0.0
yf_ZW=F_d8;16500;INTARIAN_PEPPER_ROOT;11648;6;11646;17;;;11654;8;11656;18;;;11651.0;0.0
yf_ZW=F_d8;16600;ASH_COATED_OSMIUM;9964;5;9960;8;;;9971;14;9973;23;;;9967.5;0.0
yf_ZW=F_d8;16600;INTARIAN_PEPPER_ROOT;11648;10;11646;14;;;11654;16;11657;26;;;11651.0;0.0
yf_ZW=F_d8;16700;ASH_COATED_OSMIUM;9965;14;9961;21;;;9971;15;9975;25;;;9968.0;0.0
yf_ZW=F_d8;16700;INTARIAN_PEPPER_ROOT;11648;28;11645;16;;;11654;14;11658;15;;;11651.0;0.0
yf_ZW=F_d8;16800;ASH_COATED_OSMIUM;9958;27;9956;23;;;9975;10;9979;23;;;9966.5;0.0
yf_ZW=F_d8;16800;INTARIAN_PEPPER_ROOT;11650;15;11647;22;;;11656;15;11660;28;;;11653.0;0.0
yf_ZW=F_d8;16900;ASH_COATED_OSMIUM;9964;21;9962;20;;;9970;23;9974;22;;;9967.0;0.0
yf_ZW=F_d8;16900;INTARIAN_PEPPER_ROOT;11651;5;11649;23;;;11657;27;11660;24;;;11654.0;0.0
yf_ZW=F_d8;17000;ASH_COATED_OSMIUM;9964;17;9961;28;;;9970;20;9973;27;;;9967.0;0.0
yf_ZW=F_d8;17000;INTARIAN_PEPPER_ROOT;11651;16;11648;18;;;11657;19;11661;29;;;11654.0;0.0
yf_ZW=F_d8;17100;ASH_COATED_OSMIUM;9962;7;9958;17;;;9971;11;9975;22;;;9966.5;0.0
yf_ZW=F_d8;17100;INTARIAN_PEPPER_ROOT;11650;13;11648;17;;;11657;10;11659;21;;;11653.5;0.0
yf_ZW=F_d8;17200;ASH_COATED_OSMIUM;9964;8;9960;21;;;9970;11;9974;17;;;9967.0;0.0
yf_ZW=F_d8;17200;INTARIAN_PEPPER_ROOT;11650;6;11648;21;;;11658;13;11661;10;;;11654.0;0.0
yf_ZW=F_d8;17300;ASH_COATED_OSMIUM;9964;11;9961;19;;;9970;11;9973;19;;;9967.0;0.0
yf_ZW=F_d8;17300;INTARIAN_PEPPER_ROOT;11650;9;11647;18;;;11656;10;11660;15;;;11653.0;0.0
yf_ZW=F_d8;17400;ASH_COATED_OSMIUM;9964;17;9962;27;;;9970;20;9972;13;;;9967.0;0.0
yf_ZW=F_d8;17400;INTARIAN_PEPPER_ROOT;11650;20;11646;16;;;11656;22;11659;19;;;11653.0;0.0
yf_ZW=F_d8;17500;ASH_COATED_OSMIUM;9964;18;9960;26;;;9970;15;9972;28;;;9967.0;0.0
yf_ZW=F_d8;17500;INTARIAN_PEPPER_ROOT;11649;17;11645;18;;;11655;11;11657;21;;;11652.0;0.0
yf_ZW=F_d8;17600;ASH_COATED_OSMIUM;9962;8;9960;24;;;9972;11;9974;16;;;9967.0;0.0
yf_ZW=F_d8;17600;INTARIAN_PEPPER_ROOT;11632;13;11629;27;;;11674;13;11678;20;;;11653.0;0.0
yf_ZW=F_d8;17700;ASH_COATED_OSMIUM;9964;23;9962;8;;;9970;13;9974;27;;;9967.0;0.0
yf_ZW=F_d8;17700;INTARIAN_PEPPER_ROOT;11649;11;11647;15;;;11655;13;11657;19;;;11652.0;0.0
yf_ZW=F_d8;17800;ASH_COATED_OSMIUM;9964;13;9961;25;;;9970;23;9974;13;;;9967.0;0.0
yf_ZW=F_d8;17800;INTARIAN_PEPPER_ROOT;11649;9;11645;19;;;11655;12;11657;21;;;11652.0;0.0
yf_ZW=F_d8;17900;ASH_COATED_OSMIUM;9962;20;9960;23;;;9972;18;9975;12;;;9967.0;0.0
yf_ZW=F_d8;17900;INTARIAN_PEPPER_ROOT;11649;18;11647;20;;;11655;19;11659;12;;;11652.0;0.0
yf_ZW=F_d8;18000;ASH_COATED_OSMIUM;9960;16;9958;18;;;9975;19;9978;16;;;9967.5;0.0
yf_ZW=F_d8;18000;INTARIAN_PEPPER_ROOT;11648;28;11644;15;;;11654;21;11656;22;;;11651.0;0.0
yf_ZW=F_d8;18100;ASH_COATED_OSMIUM;9961;22;9958;18;;;9973;13;9977;21;;;9967.0;0.0
yf_ZW=F_d8;18100;INTARIAN_PEPPER_ROOT;11648;8;11644;21;;;11654;21;11658;15;;;11651.0;0.0
yf_ZW=F_d8;18200;ASH_COATED_OSMIUM;9964;8;9961;25;;;9970;8;9973;19;;;9967.0;0.0
yf_ZW=F_d8;18200;INTARIAN_PEPPER_ROOT;11642;22;11638;31;;;11658;11;11660;17;;;11650.0;0.0
yf_ZW=F_d8;18300;ASH_COATED_OSMIUM;9960;15;9956;19;;;9974;16;9977;23;;;9967.0;0.0
yf_ZW=F_d8;18300;INTARIAN_PEPPER_ROOT;11648;10;11646;18;;;11654;12;11658;16;;;11651.0;0.0
yf_ZW=F_d8;18400;ASH_COATED_OSMIUM;9964;12;9960;21;;;9970;16;9972;13;;;9967.0;0.0
yf_ZW=F_d8;18400;INTARIAN_PEPPER_ROOT;11632;21;11628;19;;;11668;13;11671;13;;;11650.0;0.0
yf_ZW=F_d8;18500;ASH_COATED_OSMIUM;9963;23;9960;24;;;9970;14;9972;8;;;9966.5;0.0
yf_ZW=F_d8;18500;INTARIAN_PEPPER_ROOT;11647;21;11643;23;;;11653;14;11657;19;;;11650.0;0.0
yf_ZW=F_d8;18600;ASH_COATED_OSMIUM;9960;11;9956;17;;;9972;9;9975;17;;;9966.0;0.0
yf_ZW=F_d8;18600;INTARIAN_PEPPER_ROOT;11645;11;11641;31;;;11654;18;11656;25;;;11649.5;0.0
yf_ZW=F_d8;18700;ASH_COATED_OSMIUM;9964;11;9962;26;;;9970;18;9973;22;;;9967.0;0.0
yf_ZW=F_d8;18700;INTARIAN_PEPPER_ROOT;11645;19;11643;15;;;11654;20;11657;26;;;11649.5;0.0
yf_ZW=F_d8;18800;ASH_COATED_OSMIUM;9964;8;9960;28;;;9970;10;9973;15;;;9967.0;0.0
yf_ZW=F_d8;18800;INTARIAN_PEPPER_ROOT;11638;10;11636;24;;;11660;14;11664;12;;;11649.0;0.0
yf_ZW=F_d8;18900;ASH_COATED_OSMIUM;9962;7;9960;20;;;9971;17;9974;13;;;9966.5;0.0
yf_ZW=F_d8;18900;INTARIAN_PEPPER_ROOT;11624;19;11621;19;;;11673;20;11676;21;;;11648.5;0.0
yf_ZW=F_d8;19000;ASH_COATED_OSMIUM;9963;14;9960;23;;;9969;15;9972;22;;;9966.0;0.0
yf_ZW=F_d8;19000;INTARIAN_PEPPER_ROOT;11645;7;11642;12;;;11651;14;11655;21;;;11648.0;0.0
yf_ZW=F_d8;19100;ASH_COATED_OSMIUM;9963;24;9961;17;;;9970;21;9972;17;;;9966.5;0.0
yf_ZW=F_d8;19100;INTARIAN_PEPPER_ROOT;11644;17;11642;16;;;11652;11;11655;19;;;11648.0;0.0
yf_ZW=F_d8;19200;ASH_COATED_OSMIUM;9963;5;9959;27;;;9969;10;9972;13;;;9966.0;0.0
yf_ZW=F_d8;19200;INTARIAN_PEPPER_ROOT;11644;14;11641;15;;;11650;16;11654;17;;;11647.0;0.0
yf_ZW=F_d8;19300;ASH_COATED_OSMIUM;9963;26;9961;25;;;9971;8;9973;20;;;9967.0;0.0
yf_ZW=F_d8;19300;INTARIAN_PEPPER_ROOT;11642;14;11640;17;;;11653;19;11655;14;;;11647.5;0.0
yf_ZW=F_d8;19400;ASH_COATED_OSMIUM;9958;20;9954;18;;;9974;20;9977;17;;;9966.0;0.0
yf_ZW=F_d8;19400;INTARIAN_PEPPER_ROOT;11644;11;11642;14;;;11650;26;11653;28;;;11647.0;0.0
yf_ZW=F_d8;19500;ASH_COATED_OSMIUM;9963;9;9961;14;;;9969;16;9972;21;;;9966.0;0.0
yf_ZW=F_d8;19500;INTARIAN_PEPPER_ROOT;11635;14;11632;19;;;11659;15;11661;13;;;11647.0;0.0
yf_ZW=F_d8;19600;ASH_COATED_OSMIUM;9963;15;9960;21;;;9969;5;9973;19;;;9966.0;0.0
yf_ZW=F_d8;19600;INTARIAN_PEPPER_ROOT;11642;15;11639;23;;;11650;16;11654;23;;;11646.0;0.0
yf_ZW=F_d8;19700;ASH_COATED_OSMIUM;9963;12;9960;23;;;9969;17;9971;17;;;9966.0;0.0
yf_ZW=F_d8;19700;INTARIAN_PEPPER_ROOT;11631;19;11629;12;;;11662;15;11664;19;;;11646.5;0.0
yf_ZW=F_d8;19800;ASH_COATED_OSMIUM;9958;8;9956;18;;;9972;15;9974;24;;;9965.0;0.0
yf_ZW=F_d8;19800;INTARIAN_PEPPER_ROOT;11637;6;11633;20;;;11655;13;11657;14;;;11646.0;0.0
yf_ZW=F_d8;19900;ASH_COATED_OSMIUM;9963;10;9960;16;;;9969;14;9973;21;;;9966.0;0.0
yf_ZW=F_d8;19900;INTARIAN_PEPPER_ROOT;11641;14;11637;25;;;11650;24;11654;19;;;11645.5;0.0
yf_ZW=F_d8;20000;ASH_COATED_OSMIUM;9963;13;9959;24;;;9969;13;9971;23;;;9966.0;0.0
yf_ZW=F_d8;20000;INTARIAN_PEPPER_ROOT;11642;15;11640;22;;;11648;19;11651;14;;;11645.0;0.0
yf_ZW=F_d8;20100;ASH_COATED_OSMIUM;9963;11;9961;22;;;9969;12;9971;19;;;9966.0;0.0
yf_ZW=F_d8;20100;INTARIAN_PEPPER_ROOT;11642;12;11638;18;;;11648;17;11651;18;;;11645.0;0.0
yf_ZW=F_d8;20200;ASH_COATED_OSMIUM;9962;13;9958;27;;;9971;30;9974;20;;;9966.5;0.0
yf_ZW=F_d8;20200;INTARIAN_PEPPER_ROOT;11642;17;11638;18;;;11648;13;11650;19;;;11645.0;0.0
yf_ZW=F_d8;20300;ASH_COATED_OSMIUM;9962;8;9959;25;;;9968;12;9972;21;;;9965.0;0.0
yf_ZW=F_d8;20300;INTARIAN_PEPPER_ROOT;11640;21;11637;24;;;11650;14;11652;25;;;11645.0;0.0
yf_ZW=F_d8;20400;ASH_COATED_OSMIUM;9946;19;9943;26;;;9985;9;9988;31;;;9965.5;0.0
yf_ZW=F_d8;20400;INTARIAN_PEPPER_ROOT;11641;12;11639;12;;;11647;21;11649;25;;;11644.0;0.0
yf_ZW=F_d8;20500;ASH_COATED_OSMIUM;9962;13;9958;14;;;9968;14;9971;10;;;9965.0;0.0
yf_ZW=F_d8;20500;INTARIAN_PEPPER_ROOT;11639;17;11636;21;;;11649;8;11651;15;;;11644.0;0.0
yf_ZW=F_d8;20600;ASH_COATED_OSMIUM;9958;14;9954;26;;;9974;15;9977;17;;;9966.0;0.0
yf_ZW=F_d8;20600;INTARIAN_PEPPER_ROOT;11635;14;11631;21;;;11651;17;11653;15;;;11643.0;0.0
yf_ZW=F_d8;20700;ASH_COATED_OSMIUM;9956;11;9953;18;;;9976;15;9979;10;;;9966.0;0.0
yf_ZW=F_d8;20700;INTARIAN_PEPPER_ROOT;11638;11;11634;23;;;11648;12;11652;21;;;11643.0;0.0
yf_ZW=F_d8;20800;ASH_COATED_OSMIUM;9963;16;9961;13;;;9969;14;9972;22;;;9966.0;0.0
yf_ZW=F_d8;20800;INTARIAN_PEPPER_ROOT;11637;12;11634;27;;;11648;14;11650;19;;;11642.5;0.0
yf_ZW=F_d8;20900;ASH_COATED_OSMIUM;9962;12;9959;18;;;9968;26;9971;23;;;9965.0;0.0
yf_ZW=F_d8;20900;INTARIAN_PEPPER_ROOT;11639;11;11637;20;;;11645;22;11648;23;;;11642.0;0.0
yf_ZW=F_d8;21000;ASH_COATED_OSMIUM;9962;11;9960;17;;;9968;15;9971;18;;;9965.0;0.0
yf_ZW=F_d8;21000;INTARIAN_PEPPER_ROOT;11639;13;11635;22;;;11645;17;11648;16;;;11642.0;0.0
yf_ZW=F_d8;21100;ASH_COATED_OSMIUM;9962;19;9958;27;;;9968;17;9971;18;;;9965.0;0.0
yf_ZW=F_d8;21100;INTARIAN_PEPPER_ROOT;11637;17;11633;23;;;11647;14;11651;17;;;11642.0;0.0
yf_ZW=F_d8;21200;ASH_COATED_OSMIUM;9960;17;9956;25;;;9972;10;9976;21;;;9966.0;0.0
yf_ZW=F_d8;21200;INTARIAN_PEPPER_ROOT;11633;17;11630;15;;;11651;12;11653;18;;;11642.0;0.0
yf_ZW=F_d8;21300;ASH_COATED_OSMIUM;9960;17;9957;8;;;9970;9;9972;16;;;9965.0;0.0
yf_ZW=F_d8;21300;INTARIAN_PEPPER_ROOT;11639;14;11636;24;;;11645;22;11647;17;;;11642.0;0.0
yf_ZW=F_d8;21400;ASH_COATED_OSMIUM;9962;21;9959;22;;;9968;14;9971;16;;;9965.0;0.0
yf_ZW=F_d8;21400;INTARIAN_PEPPER_ROOT;11632;15;11629;20;;;11651;12;11654;24;;;11641.5;0.0
yf_ZW=F_d8;21500;ASH_COATED_OSMIUM;9962;19;9958;20;;;9968;12;9971;20;;;9965.0;0.0
yf_ZW=F_d8;21500;INTARIAN_PEPPER_ROOT;11637;14;11633;19;;;11646;13;11650;21;;;11641.5;0.0
yf_ZW=F_d8;21600;ASH_COATED_OSMIUM;9962;17;9960;19;;;9968;17;9970;12;;;9965.0;0.0
yf_ZW=F_d8;21600;INTARIAN_PEPPER_ROOT;11638;18;11635;13;;;11644;14;11646;20;;;11641.0;0.0
yf_ZW=F_d8;21700;ASH_COATED_OSMIUM;9962;15;9958;15;;;9969;14;9973;21;;;9965.5;0.0
yf_ZW=F_d8;21700;INTARIAN_PEPPER_ROOT;11637;15;11634;20;;;11643;10;11646;26;;;11640.0;0.0
yf_ZW=F_d8;21800;ASH_COATED_OSMIUM;9962;6;9960;21;;;9968;6;9971;14;;;9965.0;0.0
yf_ZW=F_d8;21800;INTARIAN_PEPPER_ROOT;11637;14;11633;24;;;11644;17;11646;25;;;11640.5;0.0
yf_ZW=F_d8;21900;ASH_COATED_OSMIUM;9960;12;9956;25;;;9970;17;9973;20;;;9965.0;0.0
yf_ZW=F_d8;21900;INTARIAN_PEPPER_ROOT;11634;11;11631;24;;;11646;12;11649;22;;;11640.0;0.0
yf_ZW=F_d8;22000;ASH_COATED_OSMIUM;9962;18;9960;11;;;9968;17;9972;29;;;9965.0;0.0
yf_ZW=F_d8;22000;INTARIAN_PEPPER_ROOT;11637;9;11635;13;;;11643;8;11645;25;;;11640.0;0.0
yf_ZW=F_d8;22100;ASH_COATED_OSMIUM;9962;8;9958;20;;;9968;14;9971;21;;;9965.0;0.0
yf_ZW=F_d8;22100;INTARIAN_PEPPER_ROOT;11636;8;11632;27;;;11642;10;11644;29;;;11639.0;0.0
yf_ZW=F_d8;22200;ASH_COATED_OSMIUM;9955;12;9952;20;;;9975;18;9979;24;;;9965.0;0.0
yf_ZW=F_d8;22200;INTARIAN_PEPPER_ROOT;11636;17;11632;16;;;11642;11;11644;28;;;11639.0;0.0
yf_ZW=F_d8;22300;ASH_COATED_OSMIUM;9962;15;9959;25;;;9968;11;9971;8;;;9965.0;0.0
yf_ZW=F_d8;22300;INTARIAN_PEPPER_ROOT;11633;14;11629;18;;;11645;15;11649;15;;;11639.0;0.0
yf_ZW=F_d8;22400;ASH_COATED_OSMIUM;9960;12;9957;17;;;9969;12;9971;22;;;9964.5;0.0
yf_ZW=F_d8;22400;INTARIAN_PEPPER_ROOT;11635;5;11632;17;;;11641;8;11645;15;;;11638.0;0.0
yf_ZW=F_d8;22500;ASH_COATED_OSMIUM;9960;11;9957;12;;;9970;13;9973;15;;;9965.0;0.0
yf_ZW=F_d8;22500;INTARIAN_PEPPER_ROOT;11635;11;11633;30;;;11641;15;11643;20;;;11638.0;0.0
yf_ZW=F_d8;22600;ASH_COATED_OSMIUM;9962;15;9960;27;;;9968;10;9971;19;;;9965.0;0.0
yf_ZW=F_d8;22600;INTARIAN_PEPPER_ROOT;11634;21;11630;20;;;11640;9;11642;25;;;11637.0;0.0
yf_ZW=F_d8;22700;ASH_COATED_OSMIUM;9958;14;9956;24;;;9972;22;9975;11;;;9965.0;0.0
yf_ZW=F_d8;22700;INTARIAN_PEPPER_ROOT;11634;14;11632;18;;;11641;9;11645;18;;;11637.5;0.0
yf_ZW=F_d8;22800;ASH_COATED_OSMIUM;9952;7;9950;25;;;9976;6;9978;16;;;9964.0;0.0
yf_ZW=F_d8;22800;INTARIAN_PEPPER_ROOT;11619;18;11615;30;;;11655;5;11658;17;;;11637.0;0.0
yf_ZW=F_d8;22900;ASH_COATED_OSMIUM;9962;19;9958;13;;;9968;9;9971;18;;;9965.0;0.0
yf_ZW=F_d8;22900;INTARIAN_PEPPER_ROOT;11631;6;11627;19;;;11642;13;11644;21;;;11636.5;0.0
yf_ZW=F_d8;23000;ASH_COATED_OSMIUM;9955;21;9952;29;;;9973;16;9977;14;;;9964.0;0.0
yf_ZW=F_d8;23000;INTARIAN_PEPPER_ROOT;11628;14;11624;24;;;11646;17;11648;19;;;11637.0;0.0
yf_ZW=F_d8;23100;ASH_COATED_OSMIUM;9949;9;9946;14;;;9979;14;9982;10;;;9964.0;0.0
yf_ZW=F_d8;23100;INTARIAN_PEPPER_ROOT;11626;5;11623;18;;;11646;17;11650;17;;;11636.0;0.0
yf_ZW=F_d8;23200;ASH_COATED_OSMIUM;9961;11;9959;21;;;9967;16;9970;27;;;9964.0;0.0
yf_ZW=F_d8;23200;INTARIAN_PEPPER_ROOT;11633;21;11631;21;;;11639;5;11641;12;;;11636.0;0.0
yf_ZW=F_d8;23300;ASH_COATED_OSMIUM;9961;10;9959;28;;;9967;13;9969;18;;;9964.0;0.0
yf_ZW=F_d8;23300;INTARIAN_PEPPER_ROOT;11629;11;11626;16;;;11641;10;11645;26;;;11635.0;0.0
yf_ZW=F_d8;23400;ASH_COATED_OSMIUM;9961;15;9957;22;;;9967;18;9970;21;;;9964.0;0.0
yf_ZW=F_d8;23400;INTARIAN_PEPPER_ROOT;11632;12;11628;15;;;11638;10;11641;22;;;11635.0;0.0
yf_ZW=F_d8;23500;ASH_COATED_OSMIUM;9957;12;9954;21;;;9972;22;9974;17;;;9964.5;0.0
yf_ZW=F_d8;23500;INTARIAN_PEPPER_ROOT;11625;17;11621;17;;;11646;13;11649;20;;;11635.5;0.0
yf_ZW=F_d8;23600;ASH_COATED_OSMIUM;9962;10;9960;30;;;9968;16;9970;12;;;9965.0;0.0
yf_ZW=F_d8;23600;INTARIAN_PEPPER_ROOT;11630;13;11627;10;;;11639;24;11643;17;;;11634.5;0.0
yf_ZW=F_d8;23700;ASH_COATED_OSMIUM;9961;8;9959;14;;;9967;15;9970;21;;;9964.0;0.0
yf_ZW=F_d8;23700;INTARIAN_PEPPER_ROOT;11628;19;11626;20;;;11641;18;11643;23;;;11634.5;0.0
yf_ZW=F_d8;23800;ASH_COATED_OSMIUM;9961;14;9957;21;;;9967;14;9970;24;;;9964.0;0.0
yf_ZW=F_d8;23800;INTARIAN_PEPPER_ROOT;11631;11;11627;18;;;11637;19;11640;20;;;11634.0;0.0
yf_ZW=F_d8;23900;ASH_COATED_OSMIUM;9961;10;9958;10;;;9967;13;9970;18;;;9964.0;0.0
yf_ZW=F_d8;23900;INTARIAN_PEPPER_ROOT;11631;25;11628;11;;;11637;14;11639;20;;;11634.0;0.0
yf_ZW=F_d8;24000;ASH_COATED_OSMIUM;9961;11;9957;18;;;9967;24;9970;21;;;9964.0;0.0
yf_ZW=F_d8;24000;INTARIAN_PEPPER_ROOT;11619;12;11615;25;;;11647;12;11650;19;;;11633.0;0.0
yf_ZW=F_d8;24100;ASH_COATED_OSMIUM;9950;21;9948;21;;;9979;17;9982;19;;;9964.5;0.0
yf_ZW=F_d8;24100;INTARIAN_PEPPER_ROOT;11630;7;11628;23;;;11636;25;11638;15;;;11633.0;0.0
yf_ZW=F_d8;24200;ASH_COATED_OSMIUM;9960;16;9958;21;;;9967;11;9969;27;;;9963.5;0.0
yf_ZW=F_d8;24200;INTARIAN_PEPPER_ROOT;11630;16;11628;13;;;11636;13;11638;16;;;11633.0;0.0
yf_ZW=F_d8;24300;ASH_COATED_OSMIUM;9960;14;9957;18;;;9966;14;9968;24;;;9963.0;0.0
yf_ZW=F_d8;24300;INTARIAN_PEPPER_ROOT;11629;9;11625;12;;;11637;11;11640;16;;;11633.0;0.0
yf_ZW=F_d8;24400;ASH_COATED_OSMIUM;9961;12;9958;13;;;9967;19;9970;15;;;9964.0;0.0
yf_ZW=F_d8;24400;INTARIAN_PEPPER_ROOT;11630;19;11627;9;;;11636;8;11638;14;;;11633.0;0.0
yf_ZW=F_d8;24500;ASH_COATED_OSMIUM;9956;15;9954;17;;;9972;12;9976;19;;;9964.0;0.0
yf_ZW=F_d8;24500;INTARIAN_PEPPER_ROOT;11625;12;11622;17;;;11639;13;11641;29;;;11632.0;0.0
yf_ZW=F_d8;24600;ASH_COATED_OSMIUM;9960;15;9958;23;;;9966;25;9970;19;;;9963.0;0.0
yf_ZW=F_d8;24600;INTARIAN_PEPPER_ROOT;11629;15;11626;14;;;11635;23;11637;21;;;11632.0;0.0
yf_ZW=F_d8;24700;ASH_COATED_OSMIUM;9958;10;9954;30;;;9970;22;9972;19;;;9964.0;0.0
yf_ZW=F_d8;24700;INTARIAN_PEPPER_ROOT;11628;13;11625;17;;;11634;13;11638;15;;;11631.0;0.0
yf_ZW=F_d8;24800;ASH_COATED_OSMIUM;9960;11;9958;17;;;9966;17;9969;21;;;9963.0;0.0
yf_ZW=F_d8;24800;INTARIAN_PEPPER_ROOT;11628;13;11625;24;;;11634;13;11636;27;;;11631.0;0.0
yf_ZW=F_d8;24900;ASH_COATED_OSMIUM;9961;13;9957;20;;;9967;9;9970;16;;;9964.0;0.0
yf_ZW=F_d8;24900;INTARIAN_PEPPER_ROOT;11628;18;11624;28;;;11634;17;11638;26;;;11631.0;0.0
yf_ZW=F_d8;25000;ASH_COATED_OSMIUM;9960;10;9958;18;;;9966;13;9968;19;;;9963.0;0.0
yf_ZW=F_d8;25000;INTARIAN_PEPPER_ROOT;11619;13;11615;21;;;11642;12;11644;25;;;11630.5;0.0
yf_ZW=F_d8;25100;ASH_COATED_OSMIUM;9958;14;9955;30;;;9969;12;9971;20;;;9963.5;0.0
yf_ZW=F_d8;25100;INTARIAN_PEPPER_ROOT;11627;17;11625;22;;;11633;18;11635;12;;;11630.0;0.0
yf_ZW=F_d8;25200;ASH_COATED_OSMIUM;9960;14;9956;10;;;9966;10;9970;13;;;9963.0;0.0
yf_ZW=F_d8;25200;INTARIAN_PEPPER_ROOT;11626;13;11624;26;;;11632;17;11634;27;;;11629.0;0.0
yf_ZW=F_d8;25300;ASH_COATED_OSMIUM;9957;19;9953;19;;;9970;5;9973;35;;;9963.5;0.0
yf_ZW=F_d8;25300;INTARIAN_PEPPER_ROOT;11627;22;11623;25;;;11633;13;11636;25;;;11630.0;0.0
yf_ZW=F_d8;25400;ASH_COATED_OSMIUM;9961;11;9959;9;;;9967;25;9971;26;;;9964.0;0.0
yf_ZW=F_d8;25400;INTARIAN_PEPPER_ROOT;11626;10;11624;23;;;11632;14;11634;27;;;11629.0;0.0
yf_ZW=F_d8;25500;ASH_COATED_OSMIUM;9960;17;9957;12;;;9966;5;9970;26;;;9963.0;0.0
yf_ZW=F_d8;25500;INTARIAN_PEPPER_ROOT;11618;15;11614;20;;;11640;10;11642;16;;;11629.0;0.0
yf_ZW=F_d8;25600;ASH_COATED_OSMIUM;9960;23;9956;20;;;9966;13;9970;18;;;9963.0;0.0
yf_ZW=F_d8;25600;INTARIAN_PEPPER_ROOT;11625;12;11621;28;;;11632;5;11635;16;;;11628.5;0.0
yf_ZW=F_d8;25700;ASH_COATED_OSMIUM;9960;5;9957;8;;;9966;15;9969;17;;;9963.0;0.0
yf_ZW=F_d8;25700;INTARIAN_PEPPER_ROOT;11625;14;11621;20;;;11634;11;11637;20;;;11629.5;0.0
yf_ZW=F_d8;25800;ASH_COATED_OSMIUM;9954;11;9951;19;;;9972;13;9974;25;;;9963.0;0.0
yf_ZW=F_d8;25800;INTARIAN_PEPPER_ROOT;11620;13;11616;21;;;11636;10;11640;30;;;11628.0;0.0
yf_ZW=F_d8;25900;ASH_COATED_OSMIUM;9959;14;9955;20;;;9967;17;9971;18;;;9963.0;0.0
yf_ZW=F_d8;25900;INTARIAN_PEPPER_ROOT;11624;16;11620;14;;;11630;24;11633;20;;;11627.0;0.0
yf_ZW=F_d8;26000;ASH_COATED_OSMIUM;9959;13;9957;11;;;9969;17;9972;21;;;9964.0;0.0
yf_ZW=F_d8;26000;INTARIAN_PEPPER_ROOT;11624;25;11622;22;;;11630;14;11632;24;;;11627.0;0.0
yf_ZW=F_d8;26100;ASH_COATED_OSMIUM;9958;20;9954;8;;;9969;16;9973;19;;;9963.5;0.0
yf_ZW=F_d8;26100;INTARIAN_PEPPER_ROOT;11624;14;11622;25;;;11630;22;11633;14;;;11627.0;0.0
yf_ZW=F_d8;26200;ASH_COATED_OSMIUM;9960;5;9957;16;;;9966;17;9969;12;;;9963.0;0.0
yf_ZW=F_d8;26200;INTARIAN_PEPPER_ROOT;11624;11;11622;12;;;11630;10;11633;12;;;11627.0;0.0
yf_ZW=F_d8;26300;ASH_COATED_OSMIUM;9960;19;9956;23;;;9966;7;9970;18;;;9963.0;0.0
yf_ZW=F_d8;26300;INTARIAN_PEPPER_ROOT;11622;21;11618;24;;;11631;19;11634;28;;;11626.5;0.0
yf_ZW=F_d8;26400;ASH_COATED_OSMIUM;9960;15;9957;16;;;9966;13;9970;14;;;9963.0;0.0
yf_ZW=F_d8;26400;INTARIAN_PEPPER_ROOT;11622;13;11619;30;;;11632;18;11634;19;;;11627.0;0.0
yf_ZW=F_d8;26500;ASH_COATED_OSMIUM;9958;14;9954;23;;;9968;15;9972;22;;;9963.0;0.0
yf_ZW=F_d8;26500;INTARIAN_PEPPER_ROOT;11620;18;11617;12;;;11632;23;11636;30;;;11626.0;0.0
yf_ZW=F_d8;26600;ASH_COATED_OSMIUM;9960;5;9956;16;;;9966;12;9968;21;;;9963.0;0.0
yf_ZW=F_d8;26600;INTARIAN_PEPPER_ROOT;11622;16;11620;21;;;11628;14;11630;17;;;11625.0;0.0
yf_ZW=F_d8;26700;ASH_COATED_OSMIUM;9960;19;9957;21;;;9966;22;9968;27;;;9963.0;0.0
yf_ZW=F_d8;26700;INTARIAN_PEPPER_ROOT;11623;20;11620;14;;;11629;21;11633;19;;;11626.0;0.0
yf_ZW=F_d8;26800;ASH_COATED_OSMIUM;9960;22;9956;26;;;9966;10;9969;13;;;9963.0;0.0
yf_ZW=F_d8;26800;INTARIAN_PEPPER_ROOT;11617;10;11614;13;;;11633;22;11637;16;;;11625.0;0.0
yf_ZW=F_d8;26900;ASH_COATED_OSMIUM;9959;21;9955;19;;;9965;10;9967;19;;;9962.0;0.0
yf_ZW=F_d8;26900;INTARIAN_PEPPER_ROOT;11622;14;11619;10;;;11628;19;11630;12;;;11625.0;0.0
yf_ZW=F_d8;27000;ASH_COATED_OSMIUM;9949;12;9946;26;;;9977;15;9979;32;;;9963.0;0.0
yf_ZW=F_d8;27000;INTARIAN_PEPPER_ROOT;11622;13;11619;17;;;11628;12;11631;25;;;11625.0;0.0
yf_ZW=F_d8;27100;ASH_COATED_OSMIUM;9959;20;9957;18;;;9965;12;9968;19;;;9962.0;0.0
yf_ZW=F_d8;27100;INTARIAN_PEPPER_ROOT;11621;11;11618;23;;;11627;13;11629;16;;;11624.0;0.0
yf_ZW=F_d8;27200;ASH_COATED_OSMIUM;9959;25;9955;14;;;9966;25;9969;18;;;9962.5;0.0
yf_ZW=F_d8;27200;INTARIAN_PEPPER_ROOT;11617;8;11614;18;;;11632;16;11635;20;;;11624.5;0.0
yf_ZW=F_d8;27300;ASH_COATED_OSMIUM;9959;15;9955;21;;;9965;21;9968;15;;;9962.0;0.0
yf_ZW=F_d8;27300;INTARIAN_PEPPER_ROOT;11619;12;11615;22;;;11628;25;11630;16;;;11623.5;0.0
yf_ZW=F_d8;27400;ASH_COATED_OSMIUM;9959;16;9957;18;;;9965;27;9967;22;;;9962.0;0.0
yf_ZW=F_d8;27400;INTARIAN_PEPPER_ROOT;11621;22;11618;23;;;11627;8;11631;27;;;11624.0;0.0
yf_ZW=F_d8;27500;ASH_COATED_OSMIUM;9959;13;9955;18;;;9965;7;9969;8;;;9962.0;0.0
yf_ZW=F_d8;27500;INTARIAN_PEPPER_ROOT;11621;15;11618;28;;;11627;15;11629;27;;;11624.0;0.0
yf_ZW=F_d8;27600;ASH_COATED_OSMIUM;9954;8;9952;11;;;9970;14;9972;23;;;9962.0;0.0
yf_ZW=F_d8;27600;INTARIAN_PEPPER_ROOT;11620;23;11617;29;;;11626;19;11630;22;;;11623.0;0.0
yf_ZW=F_d8;27700;ASH_COATED_OSMIUM;9956;17;9952;28;;;9969;16;9973;18;;;9962.5;0.0
yf_ZW=F_d8;27700;INTARIAN_PEPPER_ROOT;11620;12;11616;17;;;11626;17;11628;23;;;11623.0;0.0
yf_ZW=F_d8;27800;ASH_COATED_OSMIUM;9959;8;9957;17;;;9966;19;9968;16;;;9962.5;0.0
yf_ZW=F_d8;27800;INTARIAN_PEPPER_ROOT;11619;16;11617;12;;;11625;13;11629;27;;;11622.0;0.0
yf_ZW=F_d8;27900;ASH_COATED_OSMIUM;9959;15;9957;16;;;9965;8;9967;12;;;9962.0;0.0
yf_ZW=F_d8;27900;INTARIAN_PEPPER_ROOT;11617;13;11613;15;;;11628;12;11631;13;;;11622.5;0.0
yf_ZW=F_d8;28000;ASH_COATED_OSMIUM;9952;19;9949;20;;;9973;11;9977;28;;;9962.5;0.0
yf_ZW=F_d8;28000;INTARIAN_PEPPER_ROOT;11618;5;11615;27;;;11625;24;11628;18;;;11621.5;0.0
yf_ZW=F_d8;28100;ASH_COATED_OSMIUM;9959;13;9955;18;;;9965;14;9969;22;;;9962.0;0.0
yf_ZW=F_d8;28100;INTARIAN_PEPPER_ROOT;11616;20;11612;21;;;11626;16;11630;22;;;11621.0;0.0
yf_ZW=F_d8;28200;ASH_COATED_OSMIUM;9958;16;9955;25;;;9965;9;9967;23;;;9961.5;0.0
yf_ZW=F_d8;28200;INTARIAN_PEPPER_ROOT;11606;9;11602;20;;;11635;5;11638;16;;;11620.5;0.0
yf_ZW=F_d8;28300;ASH_COATED_OSMIUM;9958;13;9954;21;;;9966;5;9969;19;;;9962.0;0.0
yf_ZW=F_d8;28300;INTARIAN_PEPPER_ROOT;11618;11;11615;24;;;11624;17;11626;22;;;11621.0;0.0
yf_ZW=F_d8;28400;ASH_COATED_OSMIUM;9956;16;9954;27;;;9967;11;9970;23;;;9961.5;0.0
yf_ZW=F_d8;28400;INTARIAN_PEPPER_ROOT;11618;5;11614;23;;;11624;5;11626;20;;;11621.0;0.0
yf_ZW=F_d8;28500;ASH_COATED_OSMIUM;9959;18;9956;19;;;9965;13;9969;14;;;9962.0;0.0
yf_ZW=F_d8;28500;INTARIAN_PEPPER_ROOT;11609;13;11605;16;;;11632;23;11635;22;;;11620.5;0.0
yf_ZW=F_d8;28600;ASH_COATED_OSMIUM;9959;8;9957;24;;;9965;18;9968;21;;;9962.0;0.0
yf_ZW=F_d8;28600;INTARIAN_PEPPER_ROOT;11617;14;11613;28;;;11623;7;11625;16;;;11620.0;0.0
yf_ZW=F_d8;28700;ASH_COATED_OSMIUM;9958;10;9956;22;;;9964;18;9966;17;;;9961.0;0.0
yf_ZW=F_d8;28700;INTARIAN_PEPPER_ROOT;11617;14;11613;14;;;11623;8;11627;15;;;11620.0;0.0
yf_ZW=F_d8;28800;ASH_COATED_OSMIUM;9959;14;9957;19;;;9965;22;9967;21;;;9962.0;0.0
yf_ZW=F_d8;28800;INTARIAN_PEPPER_ROOT;11616;16;11612;20;;;11622;9;11625;18;;;11619.0;0.0
yf_ZW=F_d8;28900;ASH_COATED_OSMIUM;9956;18;9952;26;;;9967;15;9969;16;;;9961.5;0.0
yf_ZW=F_d8;28900;INTARIAN_PEPPER_ROOT;11616;17;11613;20;;;11622;12;11625;12;;;11619.0;0.0
yf_ZW=F_d8;29000;ASH_COATED_OSMIUM;9959;16;9955;16;;;9965;9;9968;13;;;9962.0;0.0
yf_ZW=F_d8;29000;INTARIAN_PEPPER_ROOT;11615;14;11611;17;;;11624;14;11627;17;;;11619.5;0.0
yf_ZW=F_d8;29100;ASH_COATED_OSMIUM;9958;15;9955;20;;;9964;21;9967;10;;;9961.0;0.0
yf_ZW=F_d8;29100;INTARIAN_PEPPER_ROOT;11616;11;11613;19;;;11622;26;11625;27;;;11619.0;0.0
yf_ZW=F_d8;29200;ASH_COATED_OSMIUM;9957;12;9954;24;;;9965;18;9969;18;;;9961.0;0.0
yf_ZW=F_d8;29200;INTARIAN_PEPPER_ROOT;11612;16;11608;16;;;11625;14;11628;19;;;11618.5;0.0
yf_ZW=F_d8;29300;ASH_COATED_OSMIUM;9959;13;9956;23;;;9965;9;9968;23;;;9962.0;0.0
yf_ZW=F_d8;29300;INTARIAN_PEPPER_ROOT;11612;23;11609;21;;;11624;25;11628;28;;;11618.0;0.0
yf_ZW=F_d8;29400;ASH_COATED_OSMIUM;9958;19;9955;17;;;9964;13;9966;11;;;9961.0;0.0
yf_ZW=F_d8;29400;INTARIAN_PEPPER_ROOT;11600;21;11596;10;;;11636;15;11640;25;;;11618.0;0.0
yf_ZW=F_d8;29500;ASH_COATED_OSMIUM;9959;12;9956;26;;;9965;15;9969;19;;;9962.0;0.0
yf_ZW=F_d8;29500;INTARIAN_PEPPER_ROOT;11614;11;11611;15;;;11620;21;11623;15;;;11617.0;0.0
yf_ZW=F_d8;29600;ASH_COATED_OSMIUM;9947;16;9945;28;;;9974;16;9976;12;;;9960.5;0.0
yf_ZW=F_d8;29600;INTARIAN_PEPPER_ROOT;11613;16;11611;23;;;11621;12;11625;22;;;11617.0;0.0
yf_ZW=F_d8;29700;ASH_COATED_OSMIUM;9958;19;9956;26;;;9964;9;9966;28;;;9961.0;0.0
yf_ZW=F_d8;29700;INTARIAN_PEPPER_ROOT;11610;5;11606;20;;;11623;11;11627;25;;;11616.5;0.0
yf_ZW=F_d8;29800;ASH_COATED_OSMIUM;9956;20;9954;21;;;9967;22;9969;21;;;9961.5;0.0
yf_ZW=F_d8;29800;INTARIAN_PEPPER_ROOT;11613;7;11610;26;;;11619;25;11622;24;;;11616.0;0.0
yf_ZW=F_d8;29900;ASH_COATED_OSMIUM;9956;13;9952;19;;;9966;15;9970;15;;;9961.0;0.0
yf_ZW=F_d8;29900;INTARIAN_PEPPER_ROOT;11607;11;11605;21;;;11625;5;11628;23;;;11616.0;0.0
yf_ZW=F_d8;30000;ASH_COATED_OSMIUM;9958;7;9954;25;;;9964;11;9968;21;;;9961.0;0.0
yf_ZW=F_d8;30000;INTARIAN_PEPPER_ROOT;11609;10;11605;21;;;11623;24;11626;8;;;11616.0;0.0
yf_ZW=F_d8;30100;ASH_COATED_OSMIUM;9958;15;9954;19;;;9964;11;9966;24;;;9961.0;0.0
yf_ZW=F_d8;30100;INTARIAN_PEPPER_ROOT;11610;18;11607;8;;;11622;20;11625;24;;;11616.0;0.0
yf_ZW=F_d8;30200;ASH_COATED_OSMIUM;9939;12;9937;17;;;9982;10;9985;19;;;9960.5;0.0
yf_ZW=F_d8;30200;INTARIAN_PEPPER_ROOT;11612;11;11609;21;;;11619;13;11622;23;;;11615.5;0.0
yf_ZW=F_d8;30300;ASH_COATED_OSMIUM;9958;7;9954;19;;;9964;19;9968;21;;;9961.0;0.0
yf_ZW=F_d8;30300;INTARIAN_PEPPER_ROOT;11612;13;11609;18;;;11618;12;11621;16;;;11615.0;0.0
yf_ZW=F_d8;30400;ASH_COATED_OSMIUM;9958;17;9955;26;;;9964;13;9967;20;;;9961.0;0.0
yf_ZW=F_d8;30400;INTARIAN_PEPPER_ROOT;11607;17;11603;19;;;11622;10;11624;11;;;11614.5;0.0
yf_ZW=F_d8;30500;ASH_COATED_OSMIUM;9958;15;9955;16;;;9964;9;9968;21;;;9961.0;0.0
yf_ZW=F_d8;30500;INTARIAN_PEPPER_ROOT;11610;13;11607;12;;;11618;9;11621;12;;;11614.0;0.0
yf_ZW=F_d8;30600;ASH_COATED_OSMIUM;9958;12;9954;24;;;9964;17;9966;27;;;9961.0;0.0
yf_ZW=F_d8;30600;INTARIAN_PEPPER_ROOT;11611;10;11607;8;;;11617;18;11621;24;;;11614.0;0.0
yf_ZW=F_d8;30700;ASH_COATED_OSMIUM;9957;10;9955;25;;;9965;23;9967;16;;;9961.0;0.0
yf_ZW=F_d8;30700;INTARIAN_PEPPER_ROOT;11611;25;11607;19;;;11617;16;11620;15;;;11614.0;0.0
yf_ZW=F_d8;30800;ASH_COATED_OSMIUM;9958;7;9955;20;;;9964;13;9968;17;;;9961.0;0.0
yf_ZW=F_d8;30800;INTARIAN_PEPPER_ROOT;11610;15;11607;17;;;11616;20;11619;25;;;11613.0;0.0
yf_ZW=F_d8;30900;ASH_COATED_OSMIUM;9957;13;9953;17;;;9963;19;9967;14;;;9960.0;0.0
yf_ZW=F_d8;30900;INTARIAN_PEPPER_ROOT;11610;17;11608;12;;;11616;12;11620;17;;;11613.0;0.0
yf_ZW=F_d8;31000;ASH_COATED_OSMIUM;9956;11;9954;23;;;9965;16;9968;23;;;9960.5;0.0
yf_ZW=F_d8;31000;INTARIAN_PEPPER_ROOT;11610;13;11607;19;;;11616;18;11618;25;;;11613.0;0.0
yf_ZW=F_d8;31100;ASH_COATED_OSMIUM;9950;21;9946;24;;;9971;7;9973;33;;;9960.5;0.0
yf_ZW=F_d8;31100;INTARIAN_PEPPER_ROOT;11602;19;11600;16;;;11623;13;11625;21;;;11612.5;0.0
yf_ZW=F_d8;31200;ASH_COATED_OSMIUM;9957;21;9954;23;;;9963;14;9967;22;;;9960.0;0.0
yf_ZW=F_d8;31200;INTARIAN_PEPPER_ROOT;11607;15;11604;22;;;11618;17;11620;19;;;11612.5;0.0
yf_ZW=F_d8;31300;ASH_COATED_OSMIUM;9957;14;9955;18;;;9963;11;9965;28;;;9960.0;0.0
yf_ZW=F_d8;31300;INTARIAN_PEPPER_ROOT;11603;11;11601;27;;;11620;17;11622;12;;;11611.5;0.0
yf_ZW=F_d8;31400;ASH_COATED_OSMIUM;9957;5;9954;17;;;9965;13;9969;17;;;9961.0;0.0
yf_ZW=F_d8;31400;INTARIAN_PEPPER_ROOT;11609;16;11605;22;;;11615;13;11617;15;;;11612.0;0.0
yf_ZW=F_d8;31500;ASH_COATED_OSMIUM;9957;14;9954;18;;;9963;11;9966;20;;;9960.0;0.0
yf_ZW=F_d8;31500;INTARIAN_PEPPER_ROOT;11604;12;11602;21;;;11618;16;11621;31;;;11611.0;0.0
yf_ZW=F_d8;31600;ASH_COATED_OSMIUM;9955;17;9951;22;;;9965;20;9968;30;;;9960.0;0.0
yf_ZW=F_d8;31600;INTARIAN_PEPPER_ROOT;11608;16;11606;24;;;11614;18;11617;13;;;11611.0;0.0
yf_ZW=F_d8;31700;ASH_COATED_OSMIUM;9958;16;9955;25;;;9964;14;9967;16;;;9961.0;0.0
yf_ZW=F_d8;31700;INTARIAN_PEPPER_ROOT;11601;10;11597;17;;;11621;18;11625;12;;;11611.0;0.0
yf_ZW=F_d8;31800;ASH_COATED_OSMIUM;9957;7;9954;19;;;9963;18;9965;15;;;9960.0;0.0
yf_ZW=F_d8;31800;INTARIAN_PEPPER_ROOT;11602;18;11600;20;;;11619;11;11622;17;;;11610.5;0.0
yf_ZW=F_d8;31900;ASH_COATED_OSMIUM;9957;22;9953;8;;;9963;11;9967;27;;;9960.0;0.0
yf_ZW=F_d8;31900;INTARIAN_PEPPER_ROOT;11605;16;11601;31;;;11615;16;11618;20;;;11610.0;0.0
yf_ZW=F_d8;32000;ASH_COATED_OSMIUM;9956;23;9953;19;;;9965;21;9968;21;;;9960.5;0.0
yf_ZW=F_d8;32000;INTARIAN_PEPPER_ROOT;11607;15;11605;17;;;11613;8;11615;24;;;11610.0;0.0
yf_ZW=F_d8;32100;ASH_COATED_OSMIUM;9955;17;9953;26;;;9965;14;9967;16;;;9960.0;0.0
yf_ZW=F_d8;32100;INTARIAN_PEPPER_ROOT;11607;15;11605;15;;;11613;8;11617;25;;;11610.0;0.0
yf_ZW=F_d8;32200;ASH_COATED_OSMIUM;9957;10;9955;28;;;9963;23;9966;14;;;9960.0;0.0
yf_ZW=F_d8;32200;INTARIAN_PEPPER_ROOT;11597;14;11593;16;;;11622;14;11625;23;;;11609.5;0.0
yf_ZW=F_d8;32300;ASH_COATED_OSMIUM;9956;16;9953;16;;;9965;9;9968;24;;;9960.5;0.0
yf_ZW=F_d8;32300;INTARIAN_PEPPER_ROOT;11606;21;11602;24;;;11612;20;11615;16;;;11609.0;0.0
yf_ZW=F_d8;32400;ASH_COATED_OSMIUM;9951;20;9947;20;;;9968;15;9970;12;;;9959.5;0.0
yf_ZW=F_d8;32400;INTARIAN_PEPPER_ROOT;11606;11;11602;25;;;11612;16;11616;26;;;11609.0;0.0
yf_ZW=F_d8;32500;ASH_COATED_OSMIUM;9957;9;9954;20;;;9963;15;9966;18;;;9960.0;0.0
yf_ZW=F_d8;32500;INTARIAN_PEPPER_ROOT;11601;16;11597;17;;;11616;13;11619;20;;;11608.5;0.0
yf_ZW=F_d8;32600;ASH_COATED_OSMIUM;9956;11;9953;11;;;9962;12;9965;18;;;9959.0;0.0
yf_ZW=F_d8;32600;INTARIAN_PEPPER_ROOT;11605;8;11603;22;;;11611;24;11615;16;;;11608.0;0.0
yf_ZW=F_d8;32700;ASH_COATED_OSMIUM;9957;19;9953;8;;;9963;27;9967;19;;;9960.0;0.0
yf_ZW=F_d8;32700;INTARIAN_PEPPER_ROOT;11604;19;11600;14;;;11612;18;11615;22;;;11608.0;0.0
yf_ZW=F_d8;32800;ASH_COATED_OSMIUM;9956;5;9953;19;;;9962;16;9966;10;;;9959.0;0.0
yf_ZW=F_d8;32800;INTARIAN_PEPPER_ROOT;11604;10;11602;23;;;11611;20;11613;16;;;11607.5;0.0
yf_ZW=F_d8;32900;ASH_COATED_OSMIUM;9957;20;9955;25;;;9963;9;9967;18;;;9960.0;0.0
yf_ZW=F_d8;32900;INTARIAN_PEPPER_ROOT;11603;5;11601;11;;;11612;15;11616;18;;;11607.5;0.0
yf_ZW=F_d8;33000;ASH_COATED_OSMIUM;9954;23;9952;19;;;9965;18;9967;10;;;9959.5;0.0
yf_ZW=F_d8;33000;INTARIAN_PEPPER_ROOT;11604;21;11602;22;;;11610;20;11613;26;;;11607.0;0.0
yf_ZW=F_d8;33100;ASH_COATED_OSMIUM;9956;15;9953;21;;;9962;15;9966;18;;;9959.0;0.0
yf_ZW=F_d8;33100;INTARIAN_PEPPER_ROOT;11604;14;11602;26;;;11610;12;11613;19;;;11607.0;0.0
yf_ZW=F_d8;33200;ASH_COATED_OSMIUM;9956;20;9952;22;;;9963;9;9965;22;;;9959.5;0.0
yf_ZW=F_d8;33200;INTARIAN_PEPPER_ROOT;11602;21;11599;23;;;11610;12;11613;19;;;11606.0;0.0
yf_ZW=F_d8;33300;ASH_COATED_OSMIUM;9946;5;9944;23;;;9973;16;9977;11;;;9959.5;0.0
yf_ZW=F_d8;33300;INTARIAN_PEPPER_ROOT;11601;19;11597;18;;;11613;9;11617;28;;;11607.0;0.0
yf_ZW=F_d8;33400;ASH_COATED_OSMIUM;9951;8;9949;24;;;9968;18;9970;15;;;9959.5;0.0
yf_ZW=F_d8;33400;INTARIAN_PEPPER_ROOT;11603;18;11599;22;;;11609;12;11611;24;;;11606.0;0.0
yf_ZW=F_d8;33500;ASH_COATED_OSMIUM;9955;13;9952;23;;;9964;21;9966;9;;;9959.5;0.0
yf_ZW=F_d8;33500;INTARIAN_PEPPER_ROOT;11603;5;11600;29;;;11609;24;11612;10;;;11606.0;0.0
yf_ZW=F_d8;33600;ASH_COATED_OSMIUM;9951;18;9949;19;;;9968;17;9971;23;;;9959.5;0.0
yf_ZW=F_d8;33600;INTARIAN_PEPPER_ROOT;11592;14;11588;16;;;11617;14;11619;27;;;11604.5;0.0
yf_ZW=F_d8;33700;ASH_COATED_OSMIUM;9956;15;9952;18;;;9962;20;9966;24;;;9959.0;0.0
yf_ZW=F_d8;33700;INTARIAN_PEPPER_ROOT;11602;10;11599;19;;;11608;9;11610;22;;;11605.0;0.0
yf_ZW=F_d8;33800;ASH_COATED_OSMIUM;9954;15;9951;11;;;9965;17;9969;23;;;9959.5;0.0
yf_ZW=F_d8;33800;INTARIAN_PEPPER_ROOT;11602;15;11600;24;;;11608;15;11612;17;;;11605.0;0.0
yf_ZW=F_d8;33900;ASH_COATED_OSMIUM;9952;18;9948;12;;;9967;8;9971;22;;;9959.5;0.0
yf_ZW=F_d8;33900;INTARIAN_PEPPER_ROOT;11602;10;11599;8;;;11608;24;11610;25;;;11605.0;0.0
yf_ZW=F_d8;34000;ASH_COATED_OSMIUM;9956;5;9953;22;;;9962;13;9964;21;;;9959.0;0.0
yf_ZW=F_d8;34000;INTARIAN_PEPPER_ROOT;11595;18;11593;17;;;11612;8;11616;25;;;11603.5;0.0
yf_ZW=F_d8;34100;ASH_COATED_OSMIUM;9956;16;9952;17;;;9962;18;9965;24;;;9959.0;0.0
yf_ZW=F_d8;34100;INTARIAN_PEPPER_ROOT;11599;15;11596;27;;;11607;16;11610;18;;;11603.0;0.0
yf_ZW=F_d8;34200;ASH_COATED_OSMIUM;9956;15;9953;24;;;9962;14;9966;12;;;9959.0;0.0
yf_ZW=F_d8;34200;INTARIAN_PEPPER_ROOT;11599;18;11596;24;;;11605;22;11609;18;;;11602.0;0.0
yf_ZW=F_d8;34300;ASH_COATED_OSMIUM;9955;18;9951;21;;;9961;24;9964;21;;;9958.0;0.0
yf_ZW=F_d8;34300;INTARIAN_PEPPER_ROOT;11597;11;11593;30;;;11605;19;11607;16;;;11601.0;0.0
yf_ZW=F_d8;34400;ASH_COATED_OSMIUM;9955;15;9952;24;;;9961;7;9963;17;;;9958.0;0.0
yf_ZW=F_d8;34400;INTARIAN_PEPPER_ROOT;11598;11;11595;11;;;11604;12;11607;19;;;11601.0;0.0
yf_ZW=F_d8;34500;ASH_COATED_OSMIUM;9955;9;9953;21;;;9961;19;9965;20;;;9958.0;0.0
yf_ZW=F_d8;34500;INTARIAN_PEPPER_ROOT;11597;15;11593;17;;;11603;22;11606;22;;;11600.0;0.0
yf_ZW=F_d8;34600;ASH_COATED_OSMIUM;9955;21;9951;26;;;9961;10;9964;12;;;9958.0;0.0
yf_ZW=F_d8;34600;INTARIAN_PEPPER_ROOT;11587;10;11585;22;;;11612;14;11615;14;;;11599.5;0.0
yf_ZW=F_d8;34700;ASH_COATED_OSMIUM;9950;22;9946;15;;;9965;22;9968;19;;;9957.5;0.0
yf_ZW=F_d8;34700;INTARIAN_PEPPER_ROOT;11587;20;11583;20;;;11610;16;11612;21;;;11598.5;0.0
yf_ZW=F_d8;34800;ASH_COATED_OSMIUM;9952;13;9950;23;;;9964;9;9968;17;;;9958.0;0.0
yf_ZW=F_d8;34800;INTARIAN_PEPPER_ROOT;11595;16;11592;20;;;11601;22;11604;22;;;11598.0;0.0
yf_ZW=F_d8;34900;ASH_COATED_OSMIUM;9951;19;9949;17;;;9964;19;9968;24;;;9957.5;0.0
yf_ZW=F_d8;34900;INTARIAN_PEPPER_ROOT;11594;25;11591;22;;;11600;9;11604;14;;;11597.0;0.0
yf_ZW=F_d8;35000;ASH_COATED_OSMIUM;9953;11;9949;21;;;9960;20;9964;15;;;9956.5;0.0
yf_ZW=F_d8;35000;INTARIAN_PEPPER_ROOT;11593;18;11589;18;;;11599;11;11602;8;;;11596.0;0.0
yf_ZW=F_d8;35100;ASH_COATED_OSMIUM;9947;18;9945;21;;;9967;16;9970;18;;;9957.0;0.0
yf_ZW=F_d8;35100;INTARIAN_PEPPER_ROOT;11590;11;11586;14;;;11601;11;11603;32;;;11595.5;0.0
yf_ZW=F_d8;35200;ASH_COATED_OSMIUM;9954;19;9952;15;;;9960;16;9964;14;;;9957.0;0.0
yf_ZW=F_d8;35200;INTARIAN_PEPPER_ROOT;11591;19;11587;23;;;11598;17;11600;25;;;11594.5;0.0
yf_ZW=F_d8;35300;ASH_COATED_OSMIUM;9953;9;9950;28;;;9960;11;9962;26;;;9956.5;0.0
yf_ZW=F_d8;35300;INTARIAN_PEPPER_ROOT;11590;16;11587;17;;;11596;10;11598;16;;;11593.0;0.0
yf_ZW=F_d8;35400;ASH_COATED_OSMIUM;9952;14;9949;27;;;9961;14;9963;27;;;9956.5;0.0
yf_ZW=F_d8;35400;INTARIAN_PEPPER_ROOT;11590;23;11586;16;;;11596;17;11598;24;;;11593.0;0.0
yf_ZW=F_d8;35500;ASH_COATED_OSMIUM;9950;19;9947;30;;;9961;18;9963;16;;;9955.5;0.0
yf_ZW=F_d8;35500;INTARIAN_PEPPER_ROOT;11589;18;11585;25;;;11595;11;11597;22;;;11592.0;0.0
yf_ZW=F_d8;35600;ASH_COATED_OSMIUM;9953;16;9951;24;;;9959;11;9961;23;;;9956.0;0.0
yf_ZW=F_d8;35600;INTARIAN_PEPPER_ROOT;11585;17;11582;8;;;11599;25;11601;22;;;11592.0;0.0
yf_ZW=F_d8;35700;ASH_COATED_OSMIUM;9950;15;9946;27;;;9961;15;9965;21;;;9955.5;0.0
yf_ZW=F_d8;35700;INTARIAN_PEPPER_ROOT;11586;18;11583;15;;;11595;7;11598;16;;;11590.5;0.0
yf_ZW=F_d8;35800;ASH_COATED_OSMIUM;9953;16;9950;20;;;9959;12;9961;21;;;9956.0;0.0
yf_ZW=F_d8;35800;INTARIAN_PEPPER_ROOT;11581;15;11577;19;;;11599;16;11603;17;;;11590.0;0.0
yf_ZW=F_d8;35900;ASH_COATED_OSMIUM;9950;15;9946;23;;;9961;11;9963;27;;;9955.5;0.0
yf_ZW=F_d8;35900;INTARIAN_PEPPER_ROOT;11586;11;11584;14;;;11592;18;11596;14;;;11589.0;0.0
yf_ZW=F_d8;36000;ASH_COATED_OSMIUM;9939;18;9937;16;;;9972;9;9976;23;;;9955.5;0.0
yf_ZW=F_d8;36000;INTARIAN_PEPPER_ROOT;11575;16;11573;27;;;11600;21;11602;21;;;11587.5;0.0
yf_ZW=F_d8;36100;ASH_COATED_OSMIUM;9952;13;9950;22;;;9958;5;9961;28;;;9955.0;0.0
yf_ZW=F_d8;36100;INTARIAN_PEPPER_ROOT;11583;5;11580;10;;;11593;22;11595;20;;;11588.0;0.0
yf_ZW=F_d8;36200;ASH_COATED_OSMIUM;9952;10;9948;18;;;9958;12;9961;20;;;9955.0;0.0
yf_ZW=F_d8;36200;INTARIAN_PEPPER_ROOT;11583;15;11579;18;;;11589;15;11591;20;;;11586.0;0.0
yf_ZW=F_d8;36300;ASH_COATED_OSMIUM;9951;19;9947;23;;;9958;11;9960;20;;;9954.5;0.0
yf_ZW=F_d8;36300;INTARIAN_PEPPER_ROOT;11583;16;11579;18;;;11589;16;11593;21;;;11586.0;0.0
yf_ZW=F_d8;36400;ASH_COATED_OSMIUM;9952;14;9949;11;;;9958;13;9961;18;;;9955.0;0.0
yf_ZW=F_d8;36400;INTARIAN_PEPPER_ROOT;11575;11;11573;15;;;11595;20;11598;18;;;11585.0;0.0
yf_ZW=F_d8;36500;ASH_COATED_OSMIUM;9952;17;9948;30;;;9958;13;9962;18;;;9955.0;0.0
yf_ZW=F_d8;36500;INTARIAN_PEPPER_ROOT;11582;18;11580;24;;;11588;5;11591;19;;;11585.0;0.0
yf_ZW=F_d8;36600;ASH_COATED_OSMIUM;9951;9;9949;16;;;9957;21;9960;21;;;9954.0;0.0
yf_ZW=F_d8;36600;INTARIAN_PEPPER_ROOT;11581;11;11577;15;;;11587;14;11590;14;;;11584.0;0.0
yf_ZW=F_d8;36700;ASH_COATED_OSMIUM;9951;12;9947;20;;;9957;14;9960;22;;;9954.0;0.0
yf_ZW=F_d8;36700;INTARIAN_PEPPER_ROOT;11576;15;11574;30;;;11590;12;11594;32;;;11583.0;0.0
yf_ZW=F_d8;36800;ASH_COATED_OSMIUM;9946;18;9943;23;;;9961;16;9965;23;;;9953.5;0.0
yf_ZW=F_d8;36800;INTARIAN_PEPPER_ROOT;11579;17;11577;17;;;11585;20;11588;19;;;11582.0;0.0
yf_ZW=F_d8;36900;ASH_COATED_OSMIUM;9951;6;9948;22;;;9957;18;9959;19;;;9954.0;0.0
yf_ZW=F_d8;36900;INTARIAN_PEPPER_ROOT;11579;10;11576;22;;;11586;24;11590;15;;;11582.5;0.0
yf_ZW=F_d8;37000;ASH_COATED_OSMIUM;9943;10;9939;25;;;9964;8;9966;27;;;9953.5;0.0
yf_ZW=F_d8;37000;INTARIAN_PEPPER_ROOT;11578;14;11576;16;;;11584;14;11588;19;;;11581.0;0.0
yf_ZW=F_d8;37100;ASH_COATED_OSMIUM;9951;6;9949;12;;;9957;13;9960;23;;;9954.0;0.0
yf_ZW=F_d8;37100;INTARIAN_PEPPER_ROOT;11573;16;11570;14;;;11587;15;11590;18;;;11580.0;0.0
yf_ZW=F_d8;37200;ASH_COATED_OSMIUM;9945;12;9943;17;;;9961;12;9965;23;;;9953.0;0.0
yf_ZW=F_d8;37200;INTARIAN_PEPPER_ROOT;11574;13;11570;23;;;11583;15;11585;27;;;11578.5;0.0
yf_ZW=F_d8;37300;ASH_COATED_OSMIUM;9947;15;9944;22;;;9958;15;9962;16;;;9952.5;0.0
yf_ZW=F_d8;37300;INTARIAN_PEPPER_ROOT;11575;16;11573;15;;;11581;20;11585;23;;;11578.0;0.0
yf_ZW=F_d8;37400;ASH_COATED_OSMIUM;9950;20;9946;23;;;9956;17;9960;27;;;9953.0;0.0
yf_ZW=F_d8;37400;INTARIAN_PEPPER_ROOT;11567;5;11563;26;;;11589;19;11592;26;;;11578.0;0.0
yf_ZW=F_d8;37500;ASH_COATED_OSMIUM;9947;19;9944;20;;;9957;9;9960;26;;;9952.0;0.0
yf_ZW=F_d8;37500;INTARIAN_PEPPER_ROOT;11574;9;11570;14;;;11580;15;11583;18;;;11577.0;0.0
yf_ZW=F_d8;37600;ASH_COATED_OSMIUM;9939;16;9937;13;;;9966;9;9969;27;;;9952.5;0.0
yf_ZW=F_d8;37600;INTARIAN_PEPPER_ROOT;11573;19;11570;11;;;11579;5;11581;24;;;11576.0;0.0
yf_ZW=F_d8;37700;ASH_COATED_OSMIUM;9949;15;9947;16;;;9956;13;9959;15;;;9952.5;0.0
yf_ZW=F_d8;37700;INTARIAN_PEPPER_ROOT;11572;17;11570;24;;;11578;19;11581;22;;;11575.0;0.0
yf_ZW=F_d8;37800;ASH_COATED_OSMIUM;9949;14;9945;25;;;9955;23;9959;27;;;9952.0;0.0
yf_ZW=F_d8;37800;INTARIAN_PEPPER_ROOT;11572;18;11568;24;;;11578;16;11580;18;;;11575.0;0.0
yf_ZW=F_d8;37900;ASH_COATED_OSMIUM;9942;18;9939;17;;;9960;14;9962;23;;;9951.0;0.0
yf_ZW=F_d8;37900;INTARIAN_PEPPER_ROOT;11570;19;11566;20;;;11576;10;11580;29;;;11573.0;0.0
yf_ZW=F_d8;38000;ASH_COATED_OSMIUM;9949;14;9947;23;;;9955;10;9959;24;;;9952.0;0.0
yf_ZW=F_d8;38000;INTARIAN_PEPPER_ROOT;11568;15;11566;29;;;11578;19;11581;24;;;11573.0;0.0
yf_ZW=F_d8;38100;ASH_COATED_OSMIUM;9949;16;9947;27;;;9955;10;9959;11;;;9952.0;0.0
yf_ZW=F_d8;38100;INTARIAN_PEPPER_ROOT;11569;10;11565;17;;;11575;9;11579;20;;;11572.0;0.0
yf_ZW=F_d8;38200;ASH_COATED_OSMIUM;9948;16;9945;24;;;9954;16;9957;15;;;9951.0;0.0
yf_ZW=F_d8;38200;INTARIAN_PEPPER_ROOT;11569;10;11565;21;;;11575;20;11579;19;;;11572.0;0.0
yf_ZW=F_d8;38300;ASH_COATED_OSMIUM;9948;14;9946;13;;;9954;6;9956;22;;;9951.0;0.0
yf_ZW=F_d8;38300;INTARIAN_PEPPER_ROOT;11568;16;11565;19;;;11574;19;11576;18;;;11571.0;0.0
yf_ZW=F_d8;38400;ASH_COATED_OSMIUM;9948;10;9946;24;;;9954;7;9957;25;;;9951.0;0.0
yf_ZW=F_d8;38400;INTARIAN_PEPPER_ROOT;11565;12;11561;23;;;11577;18;11581;17;;;11571.0;0.0
yf_ZW=F_d8;38500;ASH_COATED_OSMIUM;9947;14;9943;21;;;9953;15;9957;24;;;9950.0;0.0
yf_ZW=F_d8;38500;INTARIAN_PEPPER_ROOT;11567;12;11564;14;;;11573;16;11575;23;;;11570.0;0.0
yf_ZW=F_d8;38600;ASH_COATED_OSMIUM;9934;15;9932;14;;;9966;14;9969;24;;;9950.0;0.0
yf_ZW=F_d8;38600;INTARIAN_PEPPER_ROOT;11565;12;11562;18;;;11572;12;11576;22;;;11568.5;0.0
yf_ZW=F_d8;38700;ASH_COATED_OSMIUM;9945;15;9941;9;;;9956;14;9960;20;;;9950.5;0.0
yf_ZW=F_d8;38700;INTARIAN_PEPPER_ROOT;11565;17;11562;24;;;11571;16;11574;23;;;11568.0;0.0
yf_ZW=F_d8;38800;ASH_COATED_OSMIUM;9947;9;9943;14;;;9953;17;9956;28;;;9950.0;0.0
yf_ZW=F_d8;38800;INTARIAN_PEPPER_ROOT;11564;21;11561;18;;;11570;20;11573;19;;;11567.0;0.0
yf_ZW=F_d8;38900;ASH_COATED_OSMIUM;9938;8;9934;22;;;9961;14;9965;22;;;9949.5;0.0
yf_ZW=F_d8;38900;INTARIAN_PEPPER_ROOT;11563;11;11561;19;;;11569;24;11573;26;;;11566.0;0.0
yf_ZW=F_d8;39000;ASH_COATED_OSMIUM;9947;10;9944;23;;;9953;19;9956;16;;;9950.0;0.0
yf_ZW=F_d8;39000;INTARIAN_PEPPER_ROOT;11561;11;11559;16;;;11569;8;11571;18;;;11565.0;0.0
yf_ZW=F_d8;39100;ASH_COATED_OSMIUM;9947;14;9943;17;;;9953;23;9957;17;;;9950.0;0.0
yf_ZW=F_d8;39100;INTARIAN_PEPPER_ROOT;11561;10;11558;22;;;11567;17;11570;18;;;11564.0;0.0
yf_ZW=F_d8;39200;ASH_COATED_OSMIUM;9946;12;9942;19;;;9952;8;9955;18;;;9949.0;0.0
yf_ZW=F_d8;39200;INTARIAN_PEPPER_ROOT;11556;16;11552;18;;;11571;16;11575;17;;;11563.5;0.0
yf_ZW=F_d8;39300;ASH_COATED_OSMIUM;9941;26;9939;17;;;9957;6;9961;16;;;9949.0;0.0
yf_ZW=F_d8;39300;INTARIAN_PEPPER_ROOT;11558;13;11556;20;;;11567;13;11569;16;;;11562.5;0.0
yf_ZW=F_d8;39400;ASH_COATED_OSMIUM;9946;7;9942;22;;;9952;11;9955;15;;;9949.0;0.0
yf_ZW=F_d8;39400;INTARIAN_PEPPER_ROOT;11560;12;11556;26;;;11566;22;11568;18;;;11563.0;0.0
yf_ZW=F_d8;39500;ASH_COATED_OSMIUM;9946;22;9944;16;;;9952;13;9955;20;;;9949.0;0.0
yf_ZW=F_d8;39500;INTARIAN_PEPPER_ROOT;11559;11;11557;18;;;11565;15;11569;15;;;11562.0;0.0
yf_ZW=F_d8;39600;ASH_COATED_OSMIUM;9945;15;9942;24;;;9951;18;9955;19;;;9948.0;0.0
yf_ZW=F_d8;39600;INTARIAN_PEPPER_ROOT;11558;19;11554;25;;;11564;19;11566;16;;;11561.0;0.0
yf_ZW=F_d8;39700;ASH_COATED_OSMIUM;9944;16;9942;23;;;9952;18;9956;10;;;9948.0;0.0
yf_ZW=F_d8;39700;INTARIAN_PEPPER_ROOT;11557;11;11554;23;;;11563;15;11565;26;;;11560.0;0.0
yf_ZW=F_d8;39800;ASH_COATED_OSMIUM;9941;19;9937;13;;;9956;17;9959;18;;;9948.5;0.0
yf_ZW=F_d8;39800;INTARIAN_PEPPER_ROOT;11556;15;11554;23;;;11562;15;11565;21;;;11559.0;0.0
yf_ZW=F_d8;39900;ASH_COATED_OSMIUM;9945;15;9943;21;;;9951;8;9953;17;;;9948.0;0.0
yf_ZW=F_d8;39900;INTARIAN_PEPPER_ROOT;11555;12;11551;20;;;11561;12;11565;12;;;11558.0;0.0
yf_ZW=F_d8;40000;ASH_COATED_OSMIUM;9924;12;9920;17;;;9971;11;9974;8;;;9947.5;0.0
yf_ZW=F_d8;40000;INTARIAN_PEPPER_ROOT;11554;16;11550;22;;;11561;15;11563;21;;;11557.5;0.0
yf_ZW=F_d8;40100;ASH_COATED_OSMIUM;9945;15;9942;22;;;9951;19;9955;17;;;9948.0;0.0
yf_ZW=F_d8;40100;INTARIAN_PEPPER_ROOT;11554;20;11552;22;;;11560;6;11563;8;;;11557.0;0.0
yf_ZW=F_d8;40200;ASH_COATED_OSMIUM;9945;18;9941;18;;;9951;16;9955;22;;;9948.0;0.0
yf_ZW=F_d8;40200;INTARIAN_PEPPER_ROOT;11541;15;11539;18;;;11572;19;11575;27;;;11556.5;0.0
yf_ZW=F_d8;40300;ASH_COATED_OSMIUM;9944;20;9940;23;;;9950;22;9953;22;;;9947.0;0.0
yf_ZW=F_d8;40300;INTARIAN_PEPPER_ROOT;11553;10;11549;21;;;11559;20;11562;24;;;11556.0;0.0
yf_ZW=F_d8;40400;ASH_COATED_OSMIUM;9945;11;9942;18;;;9951;13;9953;26;;;9948.0;0.0
yf_ZW=F_d8;40400;INTARIAN_PEPPER_ROOT;11552;10;11549;21;;;11558;13;11560;9;;;11555.0;0.0
yf_ZW=F_d8;40500;ASH_COATED_OSMIUM;9944;14;9942;26;;;9950;13;9953;24;;;9947.0;0.0
yf_ZW=F_d8;40500;INTARIAN_PEPPER_ROOT;11551;28;11548;24;;;11557;15;11560;17;;;11554.0;0.0
yf_ZW=F_d8;40600;ASH_COATED_OSMIUM;9944;12;9942;20;;;9950;9;9952;16;;;9947.0;0.0
yf_ZW=F_d8;40600;INTARIAN_PEPPER_ROOT;11547;17;11544;16;;;11560;16;11563;15;;;11553.5;0.0
yf_ZW=F_d8;40700;ASH_COATED_OSMIUM;9940;20;9937;19;;;9954;13;9956;21;;;9947.0;0.0
yf_ZW=F_d8;40700;INTARIAN_PEPPER_ROOT;11543;14;11539;18;;;11561;21;11565;33;;;11552.0;0.0
yf_ZW=F_d8;40800;ASH_COATED_OSMIUM;9943;21;9941;19;;;9949;14;9952;23;;;9946.0;0.0
yf_ZW=F_d8;40800;INTARIAN_PEPPER_ROOT;11548;23;11546;15;;;11554;8;11556;18;;;11551.0;0.0
yf_ZW=F_d8;40900;ASH_COATED_OSMIUM;9938;20;9934;20;;;9955;8;9959;22;;;9946.5;0.0
yf_ZW=F_d8;40900;INTARIAN_PEPPER_ROOT;11547;20;11544;16;;;11554;15;11556;13;;;11550.5;0.0
yf_ZW=F_d8;41000;ASH_COATED_OSMIUM;9940;5;9938;22;;;9952;9;9955;19;;;9946.0;0.0
yf_ZW=F_d8;41000;INTARIAN_PEPPER_ROOT;11547;16;11543;20;;;11553;12;11557;24;;;11550.0;0.0
yf_ZW=F_d8;41100;ASH_COATED_OSMIUM;9939;13;9935;19;;;9952;13;9955;15;;;9945.5;0.0
yf_ZW=F_d8;41100;INTARIAN_PEPPER_ROOT;11546;12;11544;22;;;11552;13;11556;23;;;11549.0;0.0
yf_ZW=F_d8;41200;ASH_COATED_OSMIUM;9939;19;9935;20;;;9954;16;9957;13;;;9946.5;0.0
yf_ZW=F_d8;41200;INTARIAN_PEPPER_ROOT;11546;14;11543;21;;;11552;20;11554;17;;;11549.0;0.0
yf_ZW=F_d8;41300;ASH_COATED_OSMIUM;9936;19;9932;20;;;9955;16;9958;15;;;9945.5;0.0
yf_ZW=F_d8;41300;INTARIAN_PEPPER_ROOT;11537;18;11534;31;;;11560;10;11564;23;;;11548.5;0.0
yf_ZW=F_d8;41400;ASH_COATED_OSMIUM;9942;17;9938;24;;;9948;11;9951;23;;;9945.0;0.0
yf_ZW=F_d8;41400;INTARIAN_PEPPER_ROOT;11544;19;11540;15;;;11551;14;11553;10;;;11547.5;0.0
yf_ZW=F_d8;41500;ASH_COATED_OSMIUM;9942;9;9938;28;;;9948;14;9952;28;;;9945.0;0.0
yf_ZW=F_d8;41500;INTARIAN_PEPPER_ROOT;11543;15;11540;21;;;11549;17;11553;21;;;11546.0;0.0
yf_ZW=F_d8;41600;ASH_COATED_OSMIUM;9942;21;9940;27;;;9948;19;9951;27;;;9945.0;0.0
yf_ZW=F_d8;41600;INTARIAN_PEPPER_ROOT;11542;7;11539;20;;;11549;8;11551;18;;;11545.5;0.0
yf_ZW=F_d8;41700;ASH_COATED_OSMIUM;9940;21;9936;24;;;9949;9;9951;27;;;9944.5;0.0
yf_ZW=F_d8;41700;INTARIAN_PEPPER_ROOT;11541;20;11537;13;;;11549;22;11552;23;;;11545.0;0.0
yf_ZW=F_d8;41800;ASH_COATED_OSMIUM;9941;22;9939;18;;;9949;12;9952;25;;;9945.0;0.0
yf_ZW=F_d8;41800;INTARIAN_PEPPER_ROOT;11541;18;11539;17;;;11547;19;11551;22;;;11544.0;0.0
yf_ZW=F_d8;41900;ASH_COATED_OSMIUM;9942;9;9938;21;;;9948;12;9950;19;;;9945.0;0.0
yf_ZW=F_d8;41900;INTARIAN_PEPPER_ROOT;11538;5;11535;20;;;11548;14;11550;18;;;11543.0;0.0
yf_ZW=F_d8;42000;ASH_COATED_OSMIUM;9937;16;9933;24;;;9951;12;9953;20;;;9944.0;0.0
yf_ZW=F_d8;42000;INTARIAN_PEPPER_ROOT;11539;13;11536;30;;;11545;20;11547;21;;;11542.0;0.0
yf_ZW=F_d8;42100;ASH_COATED_OSMIUM;9940;10;9936;23;;;9948;8;9950;19;;;9944.0;0.0
yf_ZW=F_d8;42100;INTARIAN_PEPPER_ROOT;11538;24;11536;13;;;11545;11;11549;14;;;11541.5;0.0
yf_ZW=F_d8;42200;ASH_COATED_OSMIUM;9941;14;9939;23;;;9947;30;9950;26;;;9944.0;0.0
yf_ZW=F_d8;42200;INTARIAN_PEPPER_ROOT;11537;13;11535;16;;;11545;17;11547;14;;;11541.0;0.0
yf_ZW=F_d8;42300;ASH_COATED_OSMIUM;9939;14;9935;21;;;9948;10;9950;20;;;9943.5;0.0
yf_ZW=F_d8;42300;INTARIAN_PEPPER_ROOT;11535;20;11533;21;;;11546;25;11550;21;;;11540.5;0.0
yf_ZW=F_d8;42400;ASH_COATED_OSMIUM;9941;15;9938;22;;;9947;8;9951;10;;;9944.0;0.0
yf_ZW=F_d8;42400;INTARIAN_PEPPER_ROOT;11522;13;11518;16;;;11555;17;11557;26;;;11538.5;0.0
yf_ZW=F_d8;42500;ASH_COATED_OSMIUM;9940;28;9938;18;;;9947;15;9949;30;;;9943.5;0.0
yf_ZW=F_d8;42500;INTARIAN_PEPPER_ROOT;11533;12;11531;17;;;11545;21;11547;19;;;11539.0;0.0
yf_ZW=F_d8;42600;ASH_COATED_OSMIUM;9931;20;9929;27;;;9953;16;9957;23;;;9942.0;0.0
yf_ZW=F_d8;42600;INTARIAN_PEPPER_ROOT;11535;14;11532;13;;;11541;19;11545;19;;;11538.0;0.0
yf_ZW=F_d8;42700;ASH_COATED_OSMIUM;9940;15;9938;15;;;9946;14;9948;18;;;9943.0;0.0
yf_ZW=F_d8;42700;INTARIAN_PEPPER_ROOT;11534;18;11530;17;;;11540;16;11544;14;;;11537.0;0.0
yf_ZW=F_d8;42800;ASH_COATED_OSMIUM;9940;16;9938;15;;;9946;8;9950;20;;;9943.0;0.0
yf_ZW=F_d8;42800;INTARIAN_PEPPER_ROOT;11533;12;11529;24;;;11539;6;11541;26;;;11536.0;0.0
yf_ZW=F_d8;42900;ASH_COATED_OSMIUM;9939;20;9935;17;;;9946;21;9948;15;;;9942.5;0.0
yf_ZW=F_d8;42900;INTARIAN_PEPPER_ROOT;11533;19;11530;27;;;11539;7;11541;19;;;11536.0;0.0
yf_ZW=F_d8;43000;ASH_COATED_OSMIUM;9939;12;9935;13;;;9945;14;9947;17;;;9942.0;0.0
yf_ZW=F_d8;43000;INTARIAN_PEPPER_ROOT;11527;14;11523;17;;;11542;18;11544;18;;;11534.5;0.0
yf_ZW=F_d8;43100;ASH_COATED_OSMIUM;9939;5;9935;18;;;9946;20;9948;28;;;9942.5;0.0
yf_ZW=F_d8;43100;INTARIAN_PEPPER_ROOT;11531;13;11529;17;;;11537;13;11541;19;;;11534.0;0.0
yf_ZW=F_d8;43200;ASH_COATED_OSMIUM;9938;16;9935;18;;;9947;18;9951;26;;;9942.5;0.0
yf_ZW=F_d8;43200;INTARIAN_PEPPER_ROOT;11528;11;11524;14;;;11537;20;11539;22;;;11532.5;0.0
yf_ZW=F_d8;43300;ASH_COATED_OSMIUM;9932;16;9929;19;;;9952;13;9955;16;;;9942.0;0.0
yf_ZW=F_d8;43300;INTARIAN_PEPPER_ROOT;11528;5;11525;12;;;11538;16;11542;19;;;11533.0;0.0
yf_ZW=F_d8;43400;ASH_COATED_OSMIUM;9939;16;9937;19;;;9945;19;9949;25;;;9942.0;0.0
yf_ZW=F_d8;43400;INTARIAN_PEPPER_ROOT;11529;5;11526;13;;;11535;20;11539;25;;;11532.0;0.0
yf_ZW=F_d8;43500;ASH_COATED_OSMIUM;9934;9;9932;17;;;9950;23;9954;29;;;9942.0;0.0
yf_ZW=F_d8;43500;INTARIAN_PEPPER_ROOT;11523;15;11520;25;;;11539;23;11542;18;;;11531.0;0.0
yf_ZW=F_d8;43600;ASH_COATED_OSMIUM;9939;21;9936;15;;;9945;12;9948;22;;;9942.0;0.0
yf_ZW=F_d8;43600;INTARIAN_PEPPER_ROOT;11526;13;11522;16;;;11534;5;11536;28;;;11530.0;0.0
yf_ZW=F_d8;43700;ASH_COATED_OSMIUM;9938;9;9935;24;;;9944;11;9947;20;;;9941.0;0.0
yf_ZW=F_d8;43700;INTARIAN_PEPPER_ROOT;11521;9;11518;22;;;11537;13;11539;23;;;11529.0;0.0
yf_ZW=F_d8;43800;ASH_COATED_OSMIUM;9934;17;9932;24;;;9947;7;9951;12;;;9940.5;0.0
yf_ZW=F_d8;43800;INTARIAN_PEPPER_ROOT;11518;5;11516;21;;;11539;12;11541;25;;;11528.5;0.0
yf_ZW=F_d8;43900;ASH_COATED_OSMIUM;9933;14;9931;25;;;9948;15;9952;13;;;9940.5;0.0
yf_ZW=F_d8;43900;INTARIAN_PEPPER_ROOT;11513;7;11511;18;;;11542;17;11546;19;;;11527.5;0.0
yf_ZW=F_d8;44000;ASH_COATED_OSMIUM;9931;21;9928;15;;;9951;18;9955;24;;;9941.0;0.0
yf_ZW=F_d8;44000;INTARIAN_PEPPER_ROOT;11524;8;11521;14;;;11530;12;11533;8;;;11527.0;0.0
yf_ZW=F_d8;44100;ASH_COATED_OSMIUM;9937;18;9933;19;;;9943;14;9947;28;;;9940.0;0.0
yf_ZW=F_d8;44100;INTARIAN_PEPPER_ROOT;11516;21;11512;30;;;11536;9;11539;33;;;11526.0;0.0
yf_ZW=F_d8;44200;ASH_COATED_OSMIUM;9937;18;9935;24;;;9943;9;9945;30;;;9940.0;0.0
yf_ZW=F_d8;44200;INTARIAN_PEPPER_ROOT;11523;13;11521;16;;;11530;13;11532;16;;;11526.5;0.0
yf_ZW=F_d8;44300;ASH_COATED_OSMIUM;9937;8;9934;24;;;9943;8;9947;17;;;9940.0;0.0
yf_ZW=F_d8;44300;INTARIAN_PEPPER_ROOT;11522;20;11520;19;;;11528;5;11531;15;;;11525.0;0.0
yf_ZW=F_d8;44400;ASH_COATED_OSMIUM;9937;17;9933;26;;;9943;16;9947;24;;;9940.0;0.0
yf_ZW=F_d8;44400;INTARIAN_PEPPER_ROOT;11519;18;11516;12;;;11529;5;11533;22;;;11524.0;0.0
yf_ZW=F_d8;44500;ASH_COATED_OSMIUM;9937;14;9935;24;;;9943;26;9945;17;;;9940.0;0.0
yf_ZW=F_d8;44500;INTARIAN_PEPPER_ROOT;11507;16;11505;17;;;11541;10;11543;18;;;11524.0;0.0
yf_ZW=F_d8;44600;ASH_COATED_OSMIUM;9936;14;9933;27;;;9942;13;9944;21;;;9939.0;0.0
yf_ZW=F_d8;44600;INTARIAN_PEPPER_ROOT;11500;18;11498;18;;;11545;16;11547;17;;;11522.5;0.0
yf_ZW=F_d8;44700;ASH_COATED_OSMIUM;9936;12;9932;29;;;9942;22;9944;22;;;9939.0;0.0
yf_ZW=F_d8;44700;INTARIAN_PEPPER_ROOT;11512;17;11509;19;;;11532;5;11534;22;;;11522.0;0.0
yf_ZW=F_d8;44800;ASH_COATED_OSMIUM;9933;20;9929;17;;;9944;21;9947;16;;;9938.5;0.0
yf_ZW=F_d8;44800;INTARIAN_PEPPER_ROOT;11518;21;11516;14;;;11524;11;11526;19;;;11521.0;0.0
yf_ZW=F_d8;44900;ASH_COATED_OSMIUM;9935;18;9931;24;;;9943;11;9947;25;;;9939.0;0.0
yf_ZW=F_d8;44900;INTARIAN_PEPPER_ROOT;11518;20;11514;17;;;11524;20;11528;27;;;11521.0;0.0
yf_ZW=F_d8;45000;ASH_COATED_OSMIUM;9934;24;9931;13;;;9942;12;9944;16;;;9938.0;0.0
yf_ZW=F_d8;45000;INTARIAN_PEPPER_ROOT;11516;15;11512;14;;;11522;13;11526;25;;;11519.0;0.0
yf_ZW=F_d8;45100;ASH_COATED_OSMIUM;9935;24;9932;19;;;9941;22;9943;22;;;9938.0;0.0
yf_ZW=F_d8;45100;INTARIAN_PEPPER_ROOT;11513;14;11511;22;;;11525;24;11527;25;;;11519.0;0.0
yf_ZW=F_d8;45200;ASH_COATED_OSMIUM;9927;9;9923;23;;;9948;25;9952;21;;;9937.5;0.0
yf_ZW=F_d8;45200;INTARIAN_PEPPER_ROOT;11515;15;11512;21;;;11521;15;11525;21;;;11518.0;0.0
yf_ZW=F_d8;45300;ASH_COATED_OSMIUM;9935;17;9932;8;;;9943;21;9945;20;;;9939.0;0.0
yf_ZW=F_d8;45300;INTARIAN_PEPPER_ROOT;11514;15;11510;18;;;11520;12;11522;33;;;11517.0;0.0
yf_ZW=F_d8;45400;ASH_COATED_OSMIUM;9935;12;9931;19;;;9941;17;9943;27;;;9938.0;0.0
yf_ZW=F_d8;45400;INTARIAN_PEPPER_ROOT;11513;14;11510;18;;;11519;15;11522;17;;;11516.0;0.0
yf_ZW=F_d8;45500;ASH_COATED_OSMIUM;9935;5;9932;16;;;9941;16;9944;22;;;9938.0;0.0
yf_ZW=F_d8;45500;INTARIAN_PEPPER_ROOT;11513;12;11509;10;;;11519;8;11522;24;;;11516.0;0.0
yf_ZW=F_d8;45600;ASH_COATED_OSMIUM;9935;23;9933;22;;;9941;10;9943;19;;;9938.0;0.0
yf_ZW=F_d8;45600;INTARIAN_PEPPER_ROOT;11512;6;11508;16;;;11518;21;11520;21;;;11515.0;0.0
yf_ZW=F_d8;45700;ASH_COATED_OSMIUM;9934;19;9930;18;;;9940;12;9944;24;;;9937.0;0.0
yf_ZW=F_d8;45700;INTARIAN_PEPPER_ROOT;11512;20;11508;15;;;11518;19;11522;13;;;11515.0;0.0
yf_ZW=F_d8;45800;ASH_COATED_OSMIUM;9934;14;9930;21;;;9940;17;9944;15;;;9937.0;0.0
yf_ZW=F_d8;45800;INTARIAN_PEPPER_ROOT;11506;20;11503;21;;;11521;6;11524;29;;;11513.5;0.0
yf_ZW=F_d8;45900;ASH_COATED_OSMIUM;9934;18;9930;19;;;9940;17;9944;19;;;9937.0;0.0
yf_ZW=F_d8;45900;INTARIAN_PEPPER_ROOT;11503;16;11501;19;;;11522;9;11524;25;;;11512.5;0.0
yf_ZW=F_d8;46000;ASH_COATED_OSMIUM;9934;5;9932;17;;;9940;25;9943;18;;;9937.0;0.0
yf_ZW=F_d8;46000;INTARIAN_PEPPER_ROOT;11509;25;11506;17;;;11515;16;11519;21;;;11512.0;0.0
yf_ZW=F_d8;46100;ASH_COATED_OSMIUM;9925;10;9922;9;;;9947;19;9951;20;;;9936.0;0.0
yf_ZW=F_d8;46100;INTARIAN_PEPPER_ROOT;11505;18;11501;22;;;11519;20;11522;24;;;11512.0;0.0
yf_ZW=F_d8;46200;ASH_COATED_OSMIUM;9931;18;9927;28;;;9940;12;9942;25;;;9935.5;0.0
yf_ZW=F_d8;46200;INTARIAN_PEPPER_ROOT;11508;18;11505;19;;;11514;14;11517;25;;;11511.0;0.0
yf_ZW=F_d8;46300;ASH_COATED_OSMIUM;9934;12;9930;10;;;9940;15;9944;13;;;9937.0;0.0
yf_ZW=F_d8;46300;INTARIAN_PEPPER_ROOT;11506;19;11504;19;;;11512;15;11515;24;;;11509.0;0.0
yf_ZW=F_d8;46400;ASH_COATED_OSMIUM;9929;15;9925;21;;;9943;18;9945;22;;;9936.0;0.0
yf_ZW=F_d8;46400;INTARIAN_PEPPER_ROOT;11505;11;11501;12;;;11513;16;11515;15;;;11509.0;0.0
yf_ZW=F_d8;46500;ASH_COATED_OSMIUM;9932;19;9928;15;;;9938;17;9940;21;;;9935.0;0.0
yf_ZW=F_d8;46500;INTARIAN_PEPPER_ROOT;11502;11;11500;15;;;11513;14;11515;29;;;11507.5;0.0
yf_ZW=F_d8;46600;ASH_COATED_OSMIUM;9931;18;9928;16;;;9940;15;9943;20;;;9935.5;0.0
yf_ZW=F_d8;46600;INTARIAN_PEPPER_ROOT;11501;11;11499;18;;;11513;16;11517;20;;;11507.0;0.0
yf_ZW=F_d8;46700;ASH_COATED_OSMIUM;9932;21;9929;23;;;9938;11;9942;22;;;9935.0;0.0
yf_ZW=F_d8;46700;INTARIAN_PEPPER_ROOT;11504;12;11500;21;;;11510;11;11514;19;;;11507.0;0.0
yf_ZW=F_d8;46800;ASH_COATED_OSMIUM;9932;19;9928;22;;;9938;13;9941;16;;;9935.0;0.0
yf_ZW=F_d8;46800;INTARIAN_PEPPER_ROOT;11502;16;11499;15;;;11510;13;11513;19;;;11506.0;0.0
yf_ZW=F_d8;46900;ASH_COATED_OSMIUM;9928;5;9926;19;;;9942;14;9946;25;;;9935.0;0.0
yf_ZW=F_d8;46900;INTARIAN_PEPPER_ROOT;11500;9;11496;19;;;11509;16;11511;19;;;11504.5;0.0
yf_ZW=F_d8;47000;ASH_COATED_OSMIUM;9931;10;9928;25;;;9938;9;9942;19;;;9934.5;0.0
yf_ZW=F_d8;47000;INTARIAN_PEPPER_ROOT;11501;17;11499;20;;;11507;14;11510;14;;;11504.0;0.0
yf_ZW=F_d8;47100;ASH_COATED_OSMIUM;9931;5;9929;19;;;9937;14;9940;24;;;9934.0;0.0
yf_ZW=F_d8;47100;INTARIAN_PEPPER_ROOT;11498;5;11494;16;;;11508;7;11512;14;;;11503.0;0.0
yf_ZW=F_d8;47200;ASH_COATED_OSMIUM;9931;16;9929;15;;;9937;11;9940;22;;;9934.0;0.0
yf_ZW=F_d8;47200;INTARIAN_PEPPER_ROOT;11499;18;11497;17;;;11505;19;11508;14;;;11502.0;0.0
yf_ZW=F_d8;47300;ASH_COATED_OSMIUM;9931;21;9929;16;;;9937;12;9941;14;;;9934.0;0.0
yf_ZW=F_d8;47300;INTARIAN_PEPPER_ROOT;11498;17;11496;26;;;11507;14;11509;18;;;11502.5;0.0
yf_ZW=F_d8;47400;ASH_COATED_OSMIUM;9931;5;9929;25;;;9937;25;9939;26;;;9934.0;0.0
yf_ZW=F_d8;47400;INTARIAN_PEPPER_ROOT;11495;23;11492;13;;;11508;10;11512;27;;;11501.5;0.0
yf_ZW=F_d8;47500;ASH_COATED_OSMIUM;9930;9;9926;19;;;9937;19;9941;15;;;9933.5;0.0
yf_ZW=F_d8;47500;INTARIAN_PEPPER_ROOT;11498;13;11496;14;;;11504;24;11506;20;;;11501.0;0.0
yf_ZW=F_d8;47600;ASH_COATED_OSMIUM;9930;21;9926;18;;;9937;15;9939;19;;;9933.5;0.0
yf_ZW=F_d8;47600;INTARIAN_PEPPER_ROOT;11497;7;11493;8;;;11503;13;11505;21;;;11500.0;0.0
yf_ZW=F_d8;47700;ASH_COATED_OSMIUM;9923;15;9920;20;;;9944;9;9946;21;;;9933.5;0.0
yf_ZW=F_d8;47700;INTARIAN_PEPPER_ROOT;11496;5;11493;15;;;11502;16;11506;19;;;11499.0;0.0
yf_ZW=F_d8;47800;ASH_COATED_OSMIUM;9926;15;9923;17;;;9939;16;9941;27;;;9932.5;0.0
yf_ZW=F_d8;47800;INTARIAN_PEPPER_ROOT;11495;17;11491;18;;;11501;13;11504;30;;;11498.0;0.0
yf_ZW=F_d8;47900;ASH_COATED_OSMIUM;9924;16;9920;28;;;9942;18;9946;24;;;9933.0;0.0
yf_ZW=F_d8;47900;INTARIAN_PEPPER_ROOT;11494;13;11491;34;;;11500;10;11504;13;;;11497.0;0.0
yf_ZW=F_d8;48000;ASH_COATED_OSMIUM;9929;22;9925;27;;;9936;17;9940;21;;;9932.5;0.0
yf_ZW=F_d8;48000;INTARIAN_PEPPER_ROOT;11493;9;11491;10;;;11499;25;11501;11;;;11496.0;0.0
yf_ZW=F_d8;48100;ASH_COATED_OSMIUM;9930;13;9928;12;;;9936;10;9940;25;;;9933.0;0.0
yf_ZW=F_d8;48100;INTARIAN_PEPPER_ROOT;11492;21;11489;23;;;11498;17;11502;20;;;11495.0;0.0
yf_ZW=F_d8;48200;ASH_COATED_OSMIUM;9929;19;9926;26;;;9935;14;9937;18;;;9932.0;0.0
yf_ZW=F_d8;48200;INTARIAN_PEPPER_ROOT;11492;14;11488;18;;;11498;10;11500;13;;;11495.0;0.0
yf_ZW=F_d8;48300;ASH_COATED_OSMIUM;9924;27;9920;8;;;9941;11;9943;22;;;9932.5;0.0
yf_ZW=F_d8;48300;INTARIAN_PEPPER_ROOT;11492;8;11489;13;;;11498;24;11502;18;;;11495.0;0.0
yf_ZW=F_d8;48400;ASH_COATED_OSMIUM;9929;17;9925;19;;;9935;17;9938;20;;;9932.0;0.0
yf_ZW=F_d8;48400;INTARIAN_PEPPER_ROOT;11490;16;11486;20;;;11496;13;11499;21;;;11493.0;0.0
yf_ZW=F_d8;48500;ASH_COATED_OSMIUM;9929;13;9926;29;;;9935;15;9937;21;;;9932.0;0.0
yf_ZW=F_d8;48500;INTARIAN_PEPPER_ROOT;11488;13;11485;23;;;11497;7;11501;14;;;11492.5;0.0
yf_ZW=F_d8;48600;ASH_COATED_OSMIUM;9929;12;9925;20;;;9935;9;9939;22;;;9932.0;0.0
yf_ZW=F_d8;48600;INTARIAN_PEPPER_ROOT;11484;16;11481;21;;;11499;13;11503;26;;;11491.5;0.0
yf_ZW=F_d8;48700;ASH_COATED_OSMIUM;9929;20;9926;23;;;9935;14;9939;14;;;9932.0;0.0
yf_ZW=F_d8;48700;INTARIAN_PEPPER_ROOT;11488;11;11485;17;;;11494;14;11496;21;;;11491.0;0.0
yf_ZW=F_d8;48800;ASH_COATED_OSMIUM;9928;21;9926;10;;;9935;10;9939;13;;;9931.5;0.0
yf_ZW=F_d8;48800;INTARIAN_PEPPER_ROOT;11487;12;11485;26;;;11493;14;11495;19;;;11490.0;0.0
yf_ZW=F_d8;48900;ASH_COATED_OSMIUM;9926;15;9923;19;;;9937;18;9940;11;;;9931.5;0.0
yf_ZW=F_d8;48900;INTARIAN_PEPPER_ROOT;11487;5;11484;14;;;11493;14;11495;20;;;11490.0;0.0
yf_ZW=F_d8;49000;ASH_COATED_OSMIUM;9927;14;9925;21;;;9935;17;9938;14;;;9931.0;0.0
yf_ZW=F_d8;49000;INTARIAN_PEPPER_ROOT;11486;7;11483;15;;;11492;17;11494;17;;;11489.0;0.0
yf_ZW=F_d8;49100;ASH_COATED_OSMIUM;9928;5;9924;19;;;9934;6;9938;13;;;9931.0;0.0
yf_ZW=F_d8;49100;INTARIAN_PEPPER_ROOT;11485;14;11481;21;;;11491;12;11493;9;;;11488.0;0.0
yf_ZW=F_d8;49200;ASH_COATED_OSMIUM;9928;24;9926;18;;;9934;11;9938;16;;;9931.0;0.0
yf_ZW=F_d8;49200;INTARIAN_PEPPER_ROOT;11485;19;11483;21;;;11491;15;11493;19;;;11488.0;0.0
yf_ZW=F_d8;49300;ASH_COATED_OSMIUM;9926;21;9922;14;;;9935;17;9937;25;;;9930.5;0.0
yf_ZW=F_d8;49300;INTARIAN_PEPPER_ROOT;11483;6;11481;19;;;11489;15;11493;23;;;11486.0;0.0
yf_ZW=F_d8;49400;ASH_COATED_OSMIUM;9927;14;9925;15;;;9933;16;9935;23;;;9930.0;0.0
yf_ZW=F_d8;49400;INTARIAN_PEPPER_ROOT;11483;15;11480;21;;;11489;7;11493;26;;;11486.0;0.0
yf_ZW=F_d8;49500;ASH_COATED_OSMIUM;9928;11;9925;26;;;9934;16;9937;19;;;9931.0;0.0
yf_ZW=F_d8;49500;INTARIAN_PEPPER_ROOT;11469;27;11465;19;;;11500;11;11504;12;;;11484.5;0.0
yf_ZW=F_d8;49600;ASH_COATED_OSMIUM;9927;9;9923;20;;;9933;14;9937;28;;;9930.0;0.0
yf_ZW=F_d8;49600;INTARIAN_PEPPER_ROOT;11481;20;11478;16;;;11489;16;11493;19;;;11485.0;0.0
yf_ZW=F_d8;49700;ASH_COATED_OSMIUM;9927;16;9925;19;;;9933;21;9937;23;;;9930.0;0.0
yf_ZW=F_d8;49700;INTARIAN_PEPPER_ROOT;11480;22;11477;15;;;11487;13;11491;16;;;11483.5;0.0
yf_ZW=F_d8;49800;ASH_COATED_OSMIUM;9927;22;9925;23;;;9933;24;9937;25;;;9930.0;0.0
yf_ZW=F_d8;49800;INTARIAN_PEPPER_ROOT;11479;9;11477;12;;;11485;9;11487;24;;;11482.0;0.0
yf_ZW=F_d8;49900;ASH_COATED_OSMIUM;9926;15;9922;27;;;9932;17;9936;24;;;9929.0;0.0
yf_ZW=F_d8;49900;INTARIAN_PEPPER_ROOT;11479;21;11476;20;;;11485;11;11489;22;;;11482.0;0.0
yf_ZW=F_d8;50000;ASH_COATED_OSMIUM;9926;15;9924;24;;;9932;16;9935;12;;;9929.0;0.0
yf_ZW=F_d8;50000;INTARIAN_PEPPER_ROOT;11478;19;11476;27;;;11484;9;11486;16;;;11481.0;0.0
yf_ZW=F_d8;50100;ASH_COATED_OSMIUM;9926;12;9922;20;;;9932;14;9935;22;;;9929.0;0.0
yf_ZW=F_d8;50100;INTARIAN_PEPPER_ROOT;11477;17;11473;10;;;11483;14;11486;21;;;11480.0;0.0
yf_ZW=F_d8;50200;ASH_COATED_OSMIUM;9925;18;9921;25;;;9933;12;9936;20;;;9929.0;0.0
yf_ZW=F_d8;50200;INTARIAN_PEPPER_ROOT;11477;13;11475;23;;;11483;9;11485;25;;;11480.0;0.0
yf_ZW=F_d8;50300;ASH_COATED_OSMIUM;9925;22;9921;28;;;9931;11;9933;23;;;9928.0;0.0
yf_ZW=F_d8;50300;INTARIAN_PEPPER_ROOT;11474;5;11472;21;;;11485;15;11487;17;;;11479.5;0.0
yf_ZW=F_d8;50400;ASH_COATED_OSMIUM;9926;9;9924;17;;;9932;12;9935;19;;;9929.0;0.0
yf_ZW=F_d8;50400;INTARIAN_PEPPER_ROOT;11475;10;11473;14;;;11481;11;11483;15;;;11478.0;0.0
yf_ZW=F_d8;50500;ASH_COATED_OSMIUM;9925;14;9921;14;;;9931;17;9935;14;;;9928.0;0.0
yf_ZW=F_d8;50500;INTARIAN_PEPPER_ROOT;11474;14;11472;16;;;11480;7;11482;23;;;11477.0;0.0
yf_ZW=F_d8;50600;ASH_COATED_OSMIUM;9925;20;9922;18;;;9931;17;9934;25;;;9928.0;0.0
yf_ZW=F_d8;50600;INTARIAN_PEPPER_ROOT;11467;18;11465;11;;;11487;16;11490;18;;;11477.0;0.0
yf_ZW=F_d8;50700;ASH_COATED_OSMIUM;9921;20;9918;21;;;9936;5;9938;20;;;9928.5;0.0
yf_ZW=F_d8;50700;INTARIAN_PEPPER_ROOT;11473;12;11469;22;;;11479;7;11482;15;;;11476.0;0.0
yf_ZW=F_d8;50800;ASH_COATED_OSMIUM;9921;20;9918;27;;;9934;14;9936;20;;;9927.5;0.0
yf_ZW=F_d8;50800;INTARIAN_PEPPER_ROOT;11472;10;11470;28;;;11478;12;11481;15;;;11475.0;0.0
yf_ZW=F_d8;50900;ASH_COATED_OSMIUM;9917;21;9915;23;;;9937;13;9941;17;;;9927.0;0.0
yf_ZW=F_d8;50900;INTARIAN_PEPPER_ROOT;11468;19;11464;25;;;11479;9;11481;16;;;11473.5;0.0
yf_ZW=F_d8;51000;ASH_COATED_OSMIUM;9914;16;9912;19;;;9940;18;9942;13;;;9927.0;0.0
yf_ZW=F_d8;51000;INTARIAN_PEPPER_ROOT;11469;21;11467;20;;;11475;24;11477;23;;;11472.0;0.0
yf_ZW=F_d8;51100;ASH_COATED_OSMIUM;9924;21;9922;19;;;9930;18;9933;20;;;9927.0;0.0
yf_ZW=F_d8;51100;INTARIAN_PEPPER_ROOT;11467;11;11463;25;;;11473;22;11477;8;;;11470.0;0.0
yf_ZW=F_d8;51200;ASH_COATED_OSMIUM;9924;14;9921;17;;;9930;13;9933;18;;;9927.0;0.0
yf_ZW=F_d8;51200;INTARIAN_PEPPER_ROOT;11463;18;11461;23;;;11475;12;11477;19;;;11469.0;0.0
yf_ZW=F_d8;51300;ASH_COATED_OSMIUM;9923;16;9919;11;;;9932;19;9935;21;;;9927.5;0.0
yf_ZW=F_d8;51300;INTARIAN_PEPPER_ROOT;11465;12;11463;17;;;11471;22;11473;15;;;11468.0;0.0
yf_ZW=F_d8;51400;ASH_COATED_OSMIUM;9924;5;9922;18;;;9930;6;9933;13;;;9927.0;0.0
yf_ZW=F_d8;51400;INTARIAN_PEPPER_ROOT;11455;14;11453;14;;;11475;16;11477;21;;;11465.0;0.0
yf_ZW=F_d8;51500;ASH_COATED_OSMIUM;9924;13;9922;20;;;9930;8;9932;16;;;9927.0;0.0
yf_ZW=F_d8;51500;INTARIAN_PEPPER_ROOT;11449;10;11447;17;;;11479;19;11481;22;;;11464.0;0.0
yf_ZW=F_d8;51600;ASH_COATED_OSMIUM;9920;18;9916;23;;;9934;18;9936;22;;;9927.0;0.0
yf_ZW=F_d8;51600;INTARIAN_PEPPER_ROOT;11450;8;11448;16;;;11475;15;11477;12;;;11462.5;0.0
yf_ZW=F_d8;51700;ASH_COATED_OSMIUM;9923;16;9919;19;;;9929;18;9932;13;;;9926.0;0.0
yf_ZW=F_d8;51700;INTARIAN_PEPPER_ROOT;11458;25;11454;16;;;11464;18;11467;21;;;11461.0;0.0
yf_ZW=F_d8;51800;ASH_COATED_OSMIUM;9923;6;9921;18;;;9929;13;9932;22;;;9926.0;0.0
yf_ZW=F_d8;51800;INTARIAN_PEPPER_ROOT;11456;12;11454;23;;;11462;19;11465;22;;;11459.0;0.0
yf_ZW=F_d8;51900;ASH_COATED_OSMIUM;9923;14;9919;19;;;9929;11;9931;17;;;9926.0;0.0
yf_ZW=F_d8;51900;INTARIAN_PEPPER_ROOT;11454;17;11450;17;;;11460;14;11463;18;;;11457.0;0.0
yf_ZW=F_d8;52000;ASH_COATED_OSMIUM;9918;12;9914;27;;;9933;12;9935;24;;;9925.5;0.0
yf_ZW=F_d8;52000;INTARIAN_PEPPER_ROOT;11450;17;11446;16;;;11462;11;11466;17;;;11456.0;0.0
yf_ZW=F_d8;52100;ASH_COATED_OSMIUM;9922;12;9920;18;;;9930;21;9932;14;;;9926.0;0.0
yf_ZW=F_d8;52100;INTARIAN_PEPPER_ROOT;11451;12;11449;18;;;11457;8;11461;20;;;11454.0;0.0
yf_ZW=F_d8;52200;ASH_COATED_OSMIUM;9922;10;9920;27;;;9928;11;9931;30;;;9925.0;0.0
yf_ZW=F_d8;52200;INTARIAN_PEPPER_ROOT;11446;8;11444;17;;;11458;13;11461;16;;;11452.0;0.0
yf_ZW=F_d8;52300;ASH_COATED_OSMIUM;9922;22;9919;17;;;9928;9;9931;15;;;9925.0;0.0
yf_ZW=F_d8;52300;INTARIAN_PEPPER_ROOT;11433;12;11431;25;;;11469;22;11472;22;;;11451.0;0.0
yf_ZW=F_d8;52400;ASH_COATED_OSMIUM;9922;10;9920;20;;;9928;17;9930;8;;;9925.0;0.0
yf_ZW=F_d8;52400;INTARIAN_PEPPER_ROOT;11443;12;11440;24;;;11455;21;11457;27;;;11449.0;0.0
yf_ZW=F_d8;52500;ASH_COATED_OSMIUM;9922;16;9919;18;;;9928;18;9932;13;;;9925.0;0.0
yf_ZW=F_d8;52500;INTARIAN_PEPPER_ROOT;11444;16;11442;26;;;11450;10;11452;24;;;11447.0;0.0
yf_ZW=F_d8;52600;ASH_COATED_OSMIUM;9921;14;9917;11;;;9927;17;9929;8;;;9924.0;0.0
yf_ZW=F_d8;52600;INTARIAN_PEPPER_ROOT;11443;9;11441;19;;;11449;10;11451;25;;;11446.0;0.0
yf_ZW=F_d8;52700;ASH_COATED_OSMIUM;9922;15;9920;8;;;9928;14;9932;14;;;9925.0;0.0
yf_ZW=F_d8;52700;INTARIAN_PEPPER_ROOT;11438;8;11434;19;;;11450;10;11452;20;;;11444.0;0.0
yf_ZW=F_d8;52800;ASH_COATED_OSMIUM;9920;13;9916;21;;;9927;8;9930;13;;;9923.5;0.0
yf_ZW=F_d8;52800;INTARIAN_PEPPER_ROOT;11428;10;11425;31;;;11457;10;11460;17;;;11442.5;0.0
yf_ZW=F_d8;52900;ASH_COATED_OSMIUM;9921;17;9918;18;;;9927;14;9931;25;;;9924.0;0.0
yf_ZW=F_d8;52900;INTARIAN_PEPPER_ROOT;11438;7;11435;25;;;11444;19;11446;10;;;11441.0;0.0
yf_ZW=F_d8;53000;ASH_COATED_OSMIUM;9921;5;9918;24;;;9927;10;9930;27;;;9924.0;0.0
yf_ZW=F_d8;53000;INTARIAN_PEPPER_ROOT;11437;8;11434;22;;;11443;13;11447;23;;;11440.0;0.0
yf_ZW=F_d8;53100;ASH_COATED_OSMIUM;9918;14;9916;23;;;9930;27;9934;19;;;9924.0;0.0
yf_ZW=F_d8;53100;INTARIAN_PEPPER_ROOT;11434;17;11430;28;;;11440;15;11443;18;;;11437.0;0.0
yf_ZW=F_d8;53200;ASH_COATED_OSMIUM;9917;24;9915;21;;;9930;12;9933;13;;;9923.5;0.0
yf_ZW=F_d8;53200;INTARIAN_PEPPER_ROOT;11433;16;11430;18;;;11439;24;11441;23;;;11436.0;0.0
yf_ZW=F_d8;53300;ASH_COATED_OSMIUM;9921;13;9917;18;;;9927;11;9930;18;;;9924.0;0.0
yf_ZW=F_d8;53300;INTARIAN_PEPPER_ROOT;11431;5;11428;23;;;11437;11;11439;21;;;11434.0;0.0
yf_ZW=F_d8;53400;ASH_COATED_OSMIUM;9921;12;9917;21;;;9927;18;9930;15;;;9924.0;0.0
yf_ZW=F_d8;53400;INTARIAN_PEPPER_ROOT;11430;14;11428;14;;;11436;7;11440;26;;;11433.0;0.0
yf_ZW=F_d8;53500;ASH_COATED_OSMIUM;9918;17;9914;18;;;9929;25;9932;14;;;9923.5;0.0
yf_ZW=F_d8;53500;INTARIAN_PEPPER_ROOT;11427;21;11424;23;;;11435;6;11438;19;;;11431.0;0.0
yf_ZW=F_d8;53600;ASH_COATED_OSMIUM;9920;20;9918;23;;;9926;11;9930;19;;;9923.0;0.0
yf_ZW=F_d8;53600;INTARIAN_PEPPER_ROOT;11427;5;11424;15;;;11433;9;11435;17;;;11430.0;0.0
yf_ZW=F_d8;53700;ASH_COATED_OSMIUM;9920;11;9916;19;;;9926;6;9929;17;;;9923.0;0.0
yf_ZW=F_d8;53700;INTARIAN_PEPPER_ROOT;11424;11;11422;16;;;11433;17;11437;15;;;11428.5;0.0
yf_ZW=F_d8;53800;ASH_COATED_OSMIUM;9918;11;9914;16;;;9929;19;9932;17;;;9923.5;0.0
yf_ZW=F_d8;53800;INTARIAN_PEPPER_ROOT;11423;5;11421;25;;;11429;6;11431;23;;;11426.0;0.0
yf_ZW=F_d8;53900;ASH_COATED_OSMIUM;9918;14;9914;12;;;9928;5;9931;17;;;9923.0;0.0
yf_ZW=F_d8;53900;INTARIAN_PEPPER_ROOT;11421;20;11419;18;;;11428;26;11430;15;;;11424.5;0.0
yf_ZW=F_d8;54000;ASH_COATED_OSMIUM;9920;19;9917;19;;;9926;17;9929;23;;;9923.0;0.0
yf_ZW=F_d8;54000;INTARIAN_PEPPER_ROOT;11420;17;11416;20;;;11426;11;11428;13;;;11423.0;0.0
yf_ZW=F_d8;54100;ASH_COATED_OSMIUM;9909;14;9907;20;;;9935;8;9939;23;;;9922.0;0.0
yf_ZW=F_d8;54100;INTARIAN_PEPPER_ROOT;11418;13;11414;16;;;11424;16;11428;11;;;11421.0;0.0
yf_ZW=F_d8;54200;ASH_COATED_OSMIUM;9919;10;9917;18;;;9925;16;9928;22;;;9922.0;0.0
yf_ZW=F_d8;54200;INTARIAN_PEPPER_ROOT;11412;25;11409;24;;;11426;16;11428;28;;;11419.0;0.0
yf_ZW=F_d8;54300;ASH_COATED_OSMIUM;9919;7;9917;23;;;9925;16;9928;18;;;9922.0;0.0
yf_ZW=F_d8;54300;INTARIAN_PEPPER_ROOT;11415;8;11413;20;;;11421;11;11424;14;;;11418.0;0.0
yf_ZW=F_d8;54400;ASH_COATED_OSMIUM;9919;15;9917;13;;;9925;11;9929;22;;;9922.0;0.0
yf_ZW=F_d8;54400;INTARIAN_PEPPER_ROOT;11413;9;11411;19;;;11419;16;11422;27;;;11416.0;0.0
yf_ZW=F_d8;54500;ASH_COATED_OSMIUM;9918;18;9914;21;;;9924;9;9926;24;;;9921.0;0.0
yf_ZW=F_d8;54500;INTARIAN_PEPPER_ROOT;11412;14;11409;33;;;11418;15;11420;17;;;11415.0;0.0
yf_ZW=F_d8;54600;ASH_COATED_OSMIUM;9918;28;9916;18;;;9925;12;9928;25;;;9921.5;0.0
yf_ZW=F_d8;54600;INTARIAN_PEPPER_ROOT;11410;17;11406;17;;;11416;17;11419;28;;;11413.0;0.0
yf_ZW=F_d8;54700;ASH_COATED_OSMIUM;9918;13;9915;16;;;9924;16;9928;15;;;9921.0;0.0
yf_ZW=F_d8;54700;INTARIAN_PEPPER_ROOT;11408;18;11405;21;;;11414;17;11417;20;;;11411.0;0.0
yf_ZW=F_d8;54800;ASH_COATED_OSMIUM;9918;16;9914;18;;;9924;12;9926;20;;;9921.0;0.0
yf_ZW=F_d8;54800;INTARIAN_PEPPER_ROOT;11404;20;11400;14;;;11414;11;11418;19;;;11409.0;0.0
yf_ZW=F_d8;54900;ASH_COATED_OSMIUM;9916;16;9914;18;;;9926;12;9928;25;;;9921.0;0.0
yf_ZW=F_d8;54900;INTARIAN_PEPPER_ROOT;11405;22;11403;10;;;11411;14;11415;14;;;11408.0;0.0
yf_ZW=F_d8;55000;ASH_COATED_OSMIUM;9918;18;9916;9;;;9924;10;9928;15;;;9921.0;0.0
yf_ZW=F_d8;55000;INTARIAN_PEPPER_ROOT;11403;19;11401;23;;;11409;19;11412;20;;;11406.0;0.0
yf_ZW=F_d8;55100;ASH_COATED_OSMIUM;9915;15;9911;14;;;9926;5;9928;12;;;9920.5;0.0
yf_ZW=F_d8;55100;INTARIAN_PEPPER_ROOT;11402;16;11398;25;;;11408;21;11410;16;;;11405.0;0.0
yf_ZW=F_d8;55200;ASH_COATED_OSMIUM;9918;21;9914;17;;;9924;12;9927;15;;;9921.0;0.0
yf_ZW=F_d8;55200;INTARIAN_PEPPER_ROOT;11398;13;11394;8;;;11410;5;11413;8;;;11404.0;0.0
yf_ZW=F_d8;55300;ASH_COATED_OSMIUM;9917;18;9913;23;;;9923;13;9926;11;;;9920.0;0.0
yf_ZW=F_d8;55300;INTARIAN_PEPPER_ROOT;11398;14;11394;14;;;11404;16;11407;23;;;11401.0;0.0
yf_ZW=F_d8;55400;ASH_COATED_OSMIUM;9917;20;9913;26;;;9923;14;9927;19;;;9920.0;0.0
yf_ZW=F_d8;55400;INTARIAN_PEPPER_ROOT;11395;17;11391;19;;;11404;14;11407;11;;;11399.5;0.0
yf_ZW=F_d8;55500;ASH_COATED_OSMIUM;9916;19;9914;16;;;9922;10;9926;20;;;9919.0;0.0
yf_ZW=F_d8;55500;INTARIAN_PEPPER_ROOT;11396;5;11392;18;;;11402;15;11405;21;;;11399.0;0.0
yf_ZW=F_d8;55600;ASH_COATED_OSMIUM;9914;19;9910;17;;;9925;15;9928;20;;;9919.5;0.0
yf_ZW=F_d8;55600;INTARIAN_PEPPER_ROOT;11393;16;11391;22;;;11399;12;11402;14;;;11396.0;0.0
yf_ZW=F_d8;55700;ASH_COATED_OSMIUM;9916;10;9914;17;;;9922;13;9924;13;;;9919.0;0.0
yf_ZW=F_d8;55700;INTARIAN_PEPPER_ROOT;11388;17;11386;27;;;11401;17;11405;15;;;11394.5;0.0
yf_ZW=F_d8;55800;ASH_COATED_OSMIUM;9914;16;9911;13;;;9925;13;9928;17;;;9919.5;0.0
yf_ZW=F_d8;55800;INTARIAN_PEPPER_ROOT;11390;8;11388;21;;;11396;10;11398;26;;;11393.0;0.0
yf_ZW=F_d8;55900;ASH_COATED_OSMIUM;9916;21;9913;22;;;9922;7;9926;12;;;9919.0;0.0
yf_ZW=F_d8;55900;INTARIAN_PEPPER_ROOT;11389;12;11385;24;;;11395;19;11399;20;;;11392.0;0.0
yf_ZW=F_d8;56000;ASH_COATED_OSMIUM;9916;20;9912;23;;;9922;13;9924;23;;;9919.0;0.0
yf_ZW=F_d8;56000;INTARIAN_PEPPER_ROOT;11387;10;11384;22;;;11393;10;11395;21;;;11390.0;0.0
yf_ZW=F_d8;56100;ASH_COATED_OSMIUM;9904;21;9900;24;;;9934;14;9938;16;;;9919.0;0.0
yf_ZW=F_d8;56100;INTARIAN_PEPPER_ROOT;11384;5;11382;16;;;11393;12;11397;12;;;11388.5;0.0
yf_ZW=F_d8;56200;ASH_COATED_OSMIUM;9910;12;9908;12;;;9926;6;9930;17;;;9918.0;0.0
yf_ZW=F_d8;56200;INTARIAN_PEPPER_ROOT;11384;12;11382;15;;;11390;10;11394;17;;;11387.0;0.0
yf_ZW=F_d8;56300;ASH_COATED_OSMIUM;9915;12;9913;12;;;9924;5;9926;17;;;9919.5;0.0
yf_ZW=F_d8;56300;INTARIAN_PEPPER_ROOT;11381;5;11378;14;;;11390;21;11394;20;;;11385.5;0.0
yf_ZW=F_d8;56400;ASH_COATED_OSMIUM;9915;16;9911;23;;;9921;19;9924;9;;;9918.0;0.0
yf_ZW=F_d8;56400;INTARIAN_PEPPER_ROOT;11380;16;11378;19;;;11386;5;11389;13;;;11383.0;0.0
yf_ZW=F_d8;56500;ASH_COATED_OSMIUM;9915;7;9911;13;;;9921;17;9925;16;;;9918.0;0.0
yf_ZW=F_d8;56500;INTARIAN_PEPPER_ROOT;11378;19;11374;21;;;11384;16;11387;19;;;11381.0;0.0
yf_ZW=F_d8;56600;ASH_COATED_OSMIUM;9915;11;9911;18;;;9921;12;9924;16;;;9918.0;0.0
yf_ZW=F_d8;56600;INTARIAN_PEPPER_ROOT;11377;23;11374;20;;;11383;24;11386;20;;;11380.0;0.0
yf_ZW=F_d8;56700;ASH_COATED_OSMIUM;9915;11;9912;14;;;9921;15;9923;14;;;9918.0;0.0
yf_ZW=F_d8;56700;INTARIAN_PEPPER_ROOT;11367;22;11363;17;;;11390;5;11393;23;;;11378.5;0.0
yf_ZW=F_d8;56800;ASH_COATED_OSMIUM;9915;6;9911;27;;;9921;11;9924;27;;;9918.0;0.0
yf_ZW=F_d8;56800;INTARIAN_PEPPER_ROOT;11373;21;11370;15;;;11379;12;11382;15;;;11376.0;0.0
yf_ZW=F_d8;56900;ASH_COATED_OSMIUM;9914;13;9910;31;;;9920;18;9923;24;;;9917.0;0.0
yf_ZW=F_d8;56900;INTARIAN_PEPPER_ROOT;11371;22;11368;18;;;11378;14;11380;16;;;11374.5;0.0
yf_ZW=F_d8;57000;ASH_COATED_OSMIUM;9914;15;9911;11;;;9920;10;9924;15;;;9917.0;0.0
yf_ZW=F_d8;57000;INTARIAN_PEPPER_ROOT;11371;12;11369;20;;;11377;13;11380;27;;;11374.0;0.0
yf_ZW=F_d8;57100;ASH_COATED_OSMIUM;9914;11;9911;24;;;9922;11;9926;13;;;9918.0;0.0
yf_ZW=F_d8;57100;INTARIAN_PEPPER_ROOT;11367;16;11363;16;;;11375;17;11378;17;;;11371.0;0.0
yf_ZW=F_d8;57200;ASH_COATED_OSMIUM;9903;10;9900;20;;;9930;16;9934;23;;;9916.5;0.0
yf_ZW=F_d8;57200;INTARIAN_PEPPER_ROOT;11366;23;11363;8;;;11372;15;11374;21;;;11369.0;0.0
yf_ZW=F_d8;57300;ASH_COATED_OSMIUM;9910;12;9907;17;;;9925;23;9929;17;;;9917.5;0.0
yf_ZW=F_d8;57300;INTARIAN_PEPPER_ROOT;11366;15;11362;19;;;11372;11;11376;16;;;11369.0;0.0
yf_ZW=F_d8;57400;ASH_COATED_OSMIUM;9914;17;9911;18;;;9920;10;9924;10;;;9917.0;0.0
yf_ZW=F_d8;57400;INTARIAN_PEPPER_ROOT;11364;7;11362;12;;;11370;18;11372;21;;;11367.0;0.0
yf_ZW=F_d8;57500;ASH_COATED_OSMIUM;9914;16;9912;19;;;9920;14;9924;26;;;9917.0;0.0
yf_ZW=F_d8;57500;INTARIAN_PEPPER_ROOT;11356;8;11353;19;;;11374;13;11378;18;;;11365.0;0.0
yf_ZW=F_d8;57600;ASH_COATED_OSMIUM;9912;19;9910;27;;;9920;21;9922;13;;;9916.0;0.0
yf_ZW=F_d8;57600;INTARIAN_PEPPER_ROOT;11356;9;11354;13;;;11371;10;11374;24;;;11363.5;0.0
yf_ZW=F_d8;57700;ASH_COATED_OSMIUM;9909;12;9906;18;;;9924;17;9926;21;;;9916.5;0.0
yf_ZW=F_d8;57700;INTARIAN_PEPPER_ROOT;11359;12;11357;9;;;11365;15;11367;19;;;11362.0;0.0
yf_ZW=F_d8;57800;ASH_COATED_OSMIUM;9912;19;9910;24;;;9920;8;9924;21;;;9916.0;0.0
yf_ZW=F_d8;57800;INTARIAN_PEPPER_ROOT;11356;13;11353;22;;;11364;19;11367;28;;;11360.0;0.0
yf_ZW=F_d8;57900;ASH_COATED_OSMIUM;9911;19;9907;25;;;9921;21;9925;11;;;9916.0;0.0
yf_ZW=F_d8;57900;INTARIAN_PEPPER_ROOT;11355;5;11351;20;;;11361;16;11365;23;;;11358.0;0.0
yf_ZW=F_d8;58000;ASH_COATED_OSMIUM;9913;17;9909;18;;;9919;13;9923;21;;;9916.0;0.0
yf_ZW=F_d8;58000;INTARIAN_PEPPER_ROOT;11354;12;11350;8;;;11360;10;11364;17;;;11357.0;0.0
yf_ZW=F_d8;58100;ASH_COATED_OSMIUM;9912;14;9909;22;;;9919;15;9923;17;;;9915.5;0.0
yf_ZW=F_d8;58100;INTARIAN_PEPPER_ROOT;11352;16;11349;22;;;11358;9;11361;21;;;11355.0;0.0
yf_ZW=F_d8;58200;ASH_COATED_OSMIUM;9913;17;9909;21;;;9919;19;9923;17;;;9916.0;0.0
yf_ZW=F_d8;58200;INTARIAN_PEPPER_ROOT;11350;20;11347;17;;;11358;11;11362;20;;;11354.0;0.0
yf_ZW=F_d8;58300;ASH_COATED_OSMIUM;9912;28;9908;18;;;9918;12;9921;23;;;9915.0;0.0
yf_ZW=F_d8;58300;INTARIAN_PEPPER_ROOT;11349;15;11345;18;;;11355;8;11359;18;;;11352.0;0.0
