day;timestamp;product;bid_price_1;bid_volume_1;bid_price_2;bid_volume_2;bid_price_3;bid_volume_3;ask_price_1;ask_volume_1;ask_price_2;ask_volume_2;ask_price_3;ask_volume_3;mid_price;profit_and_loss
av_SUGAR_d3;0;ASH_COATED_OSMIUM;9904;16;9902;15;;;9914;12;9916;16;;;9909.0;0.0
av_SUGAR_d3;0;INTARIAN_PEPPER_ROOT;10143;16;10139;20;;;10149;9;10151;19;;;10146.0;0.0
av_SUGAR_d3;100;ASH_COATED_OSMIUM;9907;21;9905;11;;;9913;9;9917;18;;;9910.0;0.0
av_SUGAR_d3;100;INTARIAN_PEPPER_ROOT;10138;14;10135;33;;;10155;11;10158;13;;;10146.5;0.0
av_SUGAR_d3;200;ASH_COATED_OSMIUM;9906;6;9902;19;;;9912;18;9914;19;;;9909.0;0.0
av_SUGAR_d3;200;INTARIAN_PEPPER_ROOT;10143;15;10141;18;;;10149;15;10151;10;;;10146.0;0.0
av_SUGAR_d3;300;ASH_COATED_OSMIUM;9906;11;9903;23;;;9912;19;9916;20;;;9909.0;0.0
av_SUGAR_d3;300;INTARIAN_PEPPER_ROOT;10145;22;10143;18;;;10151;18;10155;16;;;10148.0;0.0
av_SUGAR_d3;400;ASH_COATED_OSMIUM;9906;13;9903;20;;;9912;13;9915;31;;;9909.0;0.0
av_SUGAR_d3;400;INTARIAN_PEPPER_ROOT;10146;13;10144;22;;;10152;13;10155;20;;;10149.0;0.0
av_SUGAR_d3;500;ASH_COATED_OSMIUM;9901;10;9898;19;;;9918;17;9921;22;;;9909.5;0.0
av_SUGAR_d3;500;INTARIAN_PEPPER_ROOT;10147;5;10144;23;;;10153;7;10157;21;;;10150.0;0.0
av_SUGAR_d3;600;ASH_COATED_OSMIUM;9904;13;9900;26;;;9915;17;9917;17;;;9909.5;0.0
av_SUGAR_d3;600;INTARIAN_PEPPER_ROOT;10149;5;10147;17;;;10155;19;10159;14;;;10152.0;0.0
av_SUGAR_d3;700;ASH_COATED_OSMIUM;9901;10;9899;8;;;9916;15;9918;10;;;9908.5;0.0
av_SUGAR_d3;700;INTARIAN_PEPPER_ROOT;10150;23;10147;16;;;10156;11;10158;15;;;10153.0;0.0
av_SUGAR_d3;800;ASH_COATED_OSMIUM;9905;13;9902;15;;;9913;13;9916;25;;;9909.0;0.0
av_SUGAR_d3;800;INTARIAN_PEPPER_ROOT;10150;13;10147;14;;;10157;12;10160;16;;;10153.5;0.0
av_SUGAR_d3;900;ASH_COATED_OSMIUM;9906;9;9903;19;;;9912;19;9916;19;;;9909.0;0.0
av_SUGAR_d3;900;INTARIAN_PEPPER_ROOT;10152;20;10149;19;;;10158;13;10160;23;;;10155.0;0.0
av_SUGAR_d3;1000;ASH_COATED_OSMIUM;9896;10;9893;18;;;9922;21;9926;16;;;9909.0;0.0
av_SUGAR_d3;1000;INTARIAN_PEPPER_ROOT;10153;14;10151;18;;;10159;20;10163;21;;;10156.0;0.0
av_SUGAR_d3;1100;ASH_COATED_OSMIUM;9906;9;9904;25;;;9912;21;9916;19;;;9909.0;0.0
av_SUGAR_d3;1100;INTARIAN_PEPPER_ROOT;10154;15;10152;8;;;10160;17;10163;14;;;10157.0;0.0
av_SUGAR_d3;1200;ASH_COATED_OSMIUM;9906;9;9902;23;;;9912;23;9915;23;;;9909.0;0.0
av_SUGAR_d3;1200;INTARIAN_PEPPER_ROOT;10155;18;10152;15;;;10161;10;10163;30;;;10158.0;0.0
av_SUGAR_d3;1300;ASH_COATED_OSMIUM;9906;19;9904;24;;;9912;24;9916;18;;;9909.0;0.0
av_SUGAR_d3;1300;INTARIAN_PEPPER_ROOT;10156;11;10153;16;;;10163;21;10166;21;;;10159.5;0.0
av_SUGAR_d3;1400;ASH_COATED_OSMIUM;9902;10;9898;12;;;9914;17;9916;13;;;9908.0;0.0
av_SUGAR_d3;1400;INTARIAN_PEPPER_ROOT;10154;13;10152;15;;;10168;11;10172;20;;;10161.0;0.0
av_SUGAR_d3;1500;ASH_COATED_OSMIUM;9906;9;9904;29;;;9912;11;9914;9;;;9909.0;0.0
av_SUGAR_d3;1500;INTARIAN_PEPPER_ROOT;10159;12;10157;23;;;10165;25;10167;24;;;10162.0;0.0
av_SUGAR_d3;1600;ASH_COATED_OSMIUM;9905;19;9902;11;;;9913;8;9916;20;;;9909.0;0.0
av_SUGAR_d3;1600;INTARIAN_PEPPER_ROOT;10158;13;10154;11;;;10167;12;10170;28;;;10162.5;0.0
av_SUGAR_d3;1700;ASH_COATED_OSMIUM;9905;15;9901;22;;;9911;11;9914;16;;;9908.0;0.0
av_SUGAR_d3;1700;INTARIAN_PEPPER_ROOT;10160;14;10158;15;;;10169;14;10171;20;;;10164.5;0.0
av_SUGAR_d3;1800;ASH_COATED_OSMIUM;9901;18;9898;24;;;9916;12;9918;8;;;9908.5;0.0
av_SUGAR_d3;1800;INTARIAN_PEPPER_ROOT;10162;13;10158;23;;;10169;10;10172;13;;;10165.5;0.0
av_SUGAR_d3;1900;ASH_COATED_OSMIUM;9895;14;9893;25;;;9921;14;9925;26;;;9908.0;0.0
av_SUGAR_d3;1900;INTARIAN_PEPPER_ROOT;10163;14;10161;21;;;10169;13;10171;19;;;10166.0;0.0
av_SUGAR_d3;2000;ASH_COATED_OSMIUM;9904;5;9901;23;;;9911;14;9913;12;;;9907.5;0.0
av_SUGAR_d3;2000;INTARIAN_PEPPER_ROOT;10164;14;10162;24;;;10170;10;10173;25;;;10167.0;0.0
av_SUGAR_d3;2100;ASH_COATED_OSMIUM;9905;10;9901;18;;;9911;9;9915;23;;;9908.0;0.0
av_SUGAR_d3;2100;INTARIAN_PEPPER_ROOT;10165;15;10163;16;;;10171;17;10173;26;;;10168.0;0.0
av_SUGAR_d3;2200;ASH_COATED_OSMIUM;9905;14;9902;25;;;9911;18;9913;19;;;9908.0;0.0
av_SUGAR_d3;2200;INTARIAN_PEPPER_ROOT;10158;16;10155;21;;;10180;14;10184;21;;;10169.0;0.0
av_SUGAR_d3;2300;ASH_COATED_OSMIUM;9905;5;9902;10;;;9911;11;9913;14;;;9908.0;0.0
av_SUGAR_d3;2300;INTARIAN_PEPPER_ROOT;10153;12;10150;25;;;10187;13;10191;19;;;10170.0;0.0
av_SUGAR_d3;2400;ASH_COATED_OSMIUM;9905;11;9901;11;;;9911;5;9914;20;;;9908.0;0.0
av_SUGAR_d3;2400;INTARIAN_PEPPER_ROOT;10162;9;10159;21;;;10181;19;10185;20;;;10171.5;0.0
av_SUGAR_d3;2500;ASH_COATED_OSMIUM;9906;13;9904;23;;;9912;5;9915;22;;;9909.0;0.0
av_SUGAR_d3;2500;INTARIAN_PEPPER_ROOT;10164;14;10160;19;;;10183;17;10187;23;;;10173.5;0.0
av_SUGAR_d3;2600;ASH_COATED_OSMIUM;9905;14;9902;23;;;9911;22;9914;11;;;9908.0;0.0
av_SUGAR_d3;2600;INTARIAN_PEPPER_ROOT;10171;20;10167;17;;;10178;18;10181;20;;;10174.5;0.0
av_SUGAR_d3;2700;ASH_COATED_OSMIUM;9901;19;9899;12;;;9914;14;9916;17;;;9907.5;0.0
av_SUGAR_d3;2700;INTARIAN_PEPPER_ROOT;10165;14;10161;25;;;10185;16;10188;29;;;10175.0;0.0
av_SUGAR_d3;2800;ASH_COATED_OSMIUM;9906;5;9903;16;;;9912;28;9915;20;;;9909.0;0.0
av_SUGAR_d3;2800;INTARIAN_PEPPER_ROOT;10152;5;10149;20;;;10201;24;10203;15;;;10176.5;0.0
av_SUGAR_d3;2900;ASH_COATED_OSMIUM;9903;22;9901;16;;;9913;14;9915;20;;;9908.0;0.0
av_SUGAR_d3;2900;INTARIAN_PEPPER_ROOT;10174;6;10170;25;;;10180;13;10183;27;;;10177.0;0.0
av_SUGAR_d3;3000;ASH_COATED_OSMIUM;9904;24;9900;16;;;9913;20;9917;20;;;9908.5;0.0
av_SUGAR_d3;3000;INTARIAN_PEPPER_ROOT;10176;14;10172;15;;;10182;13;10185;14;;;10179.0;0.0
av_SUGAR_d3;3100;ASH_COATED_OSMIUM;9904;15;9902;20;;;9912;11;9914;18;;;9908.0;0.0
av_SUGAR_d3;3100;INTARIAN_PEPPER_ROOT;10177;14;10173;15;;;10183;17;10185;22;;;10180.0;0.0
av_SUGAR_d3;3200;ASH_COATED_OSMIUM;9895;23;9891;22;;;9920;14;9922;16;;;9907.5;0.0
av_SUGAR_d3;3200;INTARIAN_PEPPER_ROOT;10178;14;10174;17;;;10184;10;10187;8;;;10181.0;0.0
av_SUGAR_d3;3300;ASH_COATED_OSMIUM;9905;18;9902;8;;;9911;19;9914;16;;;9908.0;0.0
av_SUGAR_d3;3300;INTARIAN_PEPPER_ROOT;10161;12;10157;19;;;10202;18;10204;15;;;10181.5;0.0
av_SUGAR_d3;3400;ASH_COATED_OSMIUM;9903;8;9899;23;;;9914;26;9917;27;;;9908.5;0.0
av_SUGAR_d3;3400;INTARIAN_PEPPER_ROOT;10181;10;10179;27;;;10187;20;10191;21;;;10184.0;0.0
av_SUGAR_d3;3500;ASH_COATED_OSMIUM;9904;18;9900;25;;;9910;15;9913;17;;;9907.0;0.0
av_SUGAR_d3;3500;INTARIAN_PEPPER_ROOT;10181;6;10179;20;;;10187;22;10191;13;;;10184.0;0.0
av_SUGAR_d3;3600;ASH_COATED_OSMIUM;9905;6;9901;10;;;9911;14;9915;23;;;9908.0;0.0
av_SUGAR_d3;3600;INTARIAN_PEPPER_ROOT;10182;19;10180;16;;;10188;13;10192;15;;;10185.0;0.0
av_SUGAR_d3;3700;ASH_COATED_OSMIUM;9905;14;9901;22;;;9911;12;9915;23;;;9908.0;0.0
av_SUGAR_d3;3700;INTARIAN_PEPPER_ROOT;10182;5;10178;17;;;10190;8;10194;15;;;10186.0;0.0
av_SUGAR_d3;3800;ASH_COATED_OSMIUM;9905;18;9903;16;;;9911;13;9913;15;;;9908.0;0.0
av_SUGAR_d3;3800;INTARIAN_PEPPER_ROOT;10184;18;10181;26;;;10191;10;10194;10;;;10187.5;0.0
av_SUGAR_d3;3900;ASH_COATED_OSMIUM;9904;15;9901;23;;;9910;20;9914;17;;;9907.0;0.0
av_SUGAR_d3;3900;INTARIAN_PEPPER_ROOT;10173;16;10171;19;;;10203;21;10207;17;;;10188.0;0.0
av_SUGAR_d3;4000;ASH_COATED_OSMIUM;9904;8;9901;14;;;9911;19;9913;16;;;9907.5;0.0
av_SUGAR_d3;4000;INTARIAN_PEPPER_ROOT;10186;13;10184;19;;;10192;13;10196;24;;;10189.0;0.0
av_SUGAR_d3;4100;ASH_COATED_OSMIUM;9905;11;9902;16;;;9911;16;9914;26;;;9908.0;0.0
av_SUGAR_d3;4100;INTARIAN_PEPPER_ROOT;10187;15;10185;17;;;10193;9;10196;21;;;10190.0;0.0
av_SUGAR_d3;4200;ASH_COATED_OSMIUM;9899;5;9897;14;;;9916;17;9919;22;;;9907.5;0.0
av_SUGAR_d3;4200;INTARIAN_PEPPER_ROOT;10189;12;10187;14;;;10195;12;10199;18;;;10192.0;0.0
av_SUGAR_d3;4300;ASH_COATED_OSMIUM;9904;9;9901;17;;;9910;20;9912;15;;;9907.0;0.0
av_SUGAR_d3;4300;INTARIAN_PEPPER_ROOT;10186;10;10184;25;;;10200;14;10204;19;;;10193.0;0.0
av_SUGAR_d3;4400;ASH_COATED_OSMIUM;9904;6;9902;15;;;9910;11;9912;22;;;9907.0;0.0
av_SUGAR_d3;4400;INTARIAN_PEPPER_ROOT;10191;14;10188;21;;;10197;8;10201;16;;;10194.0;0.0
av_SUGAR_d3;4500;ASH_COATED_OSMIUM;9901;10;9897;19;;;9912;22;9916;26;;;9906.5;0.0
av_SUGAR_d3;4500;INTARIAN_PEPPER_ROOT;10186;9;10183;10;;;10205;20;10209;14;;;10195.5;0.0
av_SUGAR_d3;4600;ASH_COATED_OSMIUM;9888;17;9884;14;;;9925;9;9928;23;;;9906.5;0.0
av_SUGAR_d3;4600;INTARIAN_PEPPER_ROOT;10193;13;10190;19;;;10199;20;10203;16;;;10196.0;0.0
av_SUGAR_d3;4700;ASH_COATED_OSMIUM;9901;16;9898;17;;;9914;15;9918;23;;;9907.5;0.0
av_SUGAR_d3;4700;INTARIAN_PEPPER_ROOT;10188;5;10184;14;;;10206;15;10210;17;;;10197.0;0.0
av_SUGAR_d3;4800;ASH_COATED_OSMIUM;9904;6;9901;19;;;9910;11;9912;8;;;9907.0;0.0
av_SUGAR_d3;4800;INTARIAN_PEPPER_ROOT;10195;6;10192;22;;;10201;19;10204;21;;;10198.0;0.0
av_SUGAR_d3;4900;ASH_COATED_OSMIUM;9898;24;9896;22;;;9915;6;9919;24;;;9906.5;0.0
av_SUGAR_d3;4900;INTARIAN_PEPPER_ROOT;10197;18;10194;22;;;10203;8;10205;15;;;10200.0;0.0
av_SUGAR_d3;5000;ASH_COATED_OSMIUM;9904;15;9900;27;;;9910;12;9913;18;;;9907.0;0.0
av_SUGAR_d3;5000;INTARIAN_PEPPER_ROOT;10197;8;10193;17;;;10205;14;10207;15;;;10201.0;0.0
av_SUGAR_d3;5100;ASH_COATED_OSMIUM;9901;20;9898;20;;;9913;23;9916;26;;;9907.0;0.0
av_SUGAR_d3;5100;INTARIAN_PEPPER_ROOT;10199;15;10195;19;;;10205;20;10207;24;;;10202.0;0.0
av_SUGAR_d3;5200;ASH_COATED_OSMIUM;9895;19;9892;30;;;9919;14;9923;31;;;9907.0;0.0
av_SUGAR_d3;5200;INTARIAN_PEPPER_ROOT;10194;23;10192;13;;;10212;12;10216;13;;;10203.0;0.0
av_SUGAR_d3;5300;ASH_COATED_OSMIUM;9904;5;9901;22;;;9910;16;9913;31;;;9907.0;0.0
av_SUGAR_d3;5300;INTARIAN_PEPPER_ROOT;10201;21;10198;13;;;10207;16;10211;23;;;10204.0;0.0
av_SUGAR_d3;5400;ASH_COATED_OSMIUM;9903;20;9899;22;;;9909;10;9913;24;;;9906.0;0.0
av_SUGAR_d3;5400;INTARIAN_PEPPER_ROOT;10201;19;10197;19;;;10210;12;10212;20;;;10205.5;0.0
av_SUGAR_d3;5500;ASH_COATED_OSMIUM;9901;13;9897;15;;;9911;16;9913;28;;;9906.0;0.0
av_SUGAR_d3;5500;INTARIAN_PEPPER_ROOT;10203;20;10199;17;;;10209;14;10211;27;;;10206.0;0.0
av_SUGAR_d3;5600;ASH_COATED_OSMIUM;9902;17;9899;28;;;9911;15;9915;29;;;9906.5;0.0
av_SUGAR_d3;5600;INTARIAN_PEPPER_ROOT;10204;22;10201;12;;;10210;10;10213;25;;;10207.0;0.0
av_SUGAR_d3;5700;ASH_COATED_OSMIUM;9902;16;9900;26;;;9910;9;9914;24;;;9906.0;0.0
av_SUGAR_d3;5700;INTARIAN_PEPPER_ROOT;10206;23;10203;17;;;10212;15;10214;24;;;10209.0;0.0
av_SUGAR_d3;5800;ASH_COATED_OSMIUM;9904;6;9900;22;;;9910;16;9914;16;;;9907.0;0.0
av_SUGAR_d3;5800;INTARIAN_PEPPER_ROOT;10196;19;10194;20;;;10222;20;10225;12;;;10209.0;0.0
av_SUGAR_d3;5900;ASH_COATED_OSMIUM;9904;13;9900;27;;;9910;14;9912;12;;;9907.0;0.0
av_SUGAR_d3;5900;INTARIAN_PEPPER_ROOT;10202;9;10199;15;;;10219;9;10221;21;;;10210.5;0.0
av_SUGAR_d3;6000;ASH_COATED_OSMIUM;9904;18;9900;23;;;9910;10;9914;27;;;9907.0;0.0
av_SUGAR_d3;6000;INTARIAN_PEPPER_ROOT;10209;11;10207;20;;;10215;17;10219;19;;;10212.0;0.0
av_SUGAR_d3;6100;ASH_COATED_OSMIUM;9903;11;9900;17;;;9909;10;9911;8;;;9906.0;0.0
av_SUGAR_d3;6100;INTARIAN_PEPPER_ROOT;10209;17;10206;18;;;10215;15;10218;25;;;10212.0;0.0
av_SUGAR_d3;6200;ASH_COATED_OSMIUM;9903;10;9901;17;;;9909;14;9911;20;;;9906.0;0.0
av_SUGAR_d3;6200;INTARIAN_PEPPER_ROOT;10211;14;10207;15;;;10218;18;10221;17;;;10214.5;0.0
av_SUGAR_d3;6300;ASH_COATED_OSMIUM;9903;11;9900;21;;;9909;20;9911;21;;;9906.0;0.0
av_SUGAR_d3;6300;INTARIAN_PEPPER_ROOT;10209;17;10207;11;;;10222;7;10226;29;;;10215.5;0.0
av_SUGAR_d3;6400;ASH_COATED_OSMIUM;9900;20;9897;10;;;9912;23;9915;18;;;9906.0;0.0
av_SUGAR_d3;6400;INTARIAN_PEPPER_ROOT;10209;15;10206;19;;;10223;16;10226;10;;;10216.0;0.0
av_SUGAR_d3;6500;ASH_COATED_OSMIUM;9903;12;9900;17;;;9909;18;9913;19;;;9906.0;0.0
av_SUGAR_d3;6500;INTARIAN_PEPPER_ROOT;10214;17;10210;9;;;10220;17;10224;28;;;10217.0;0.0
av_SUGAR_d3;6600;ASH_COATED_OSMIUM;9903;22;9900;19;;;9909;10;9913;13;;;9906.0;0.0
av_SUGAR_d3;6600;INTARIAN_PEPPER_ROOT;10215;17;10212;17;;;10221;16;10223;23;;;10218.0;0.0
av_SUGAR_d3;6700;ASH_COATED_OSMIUM;9903;21;9900;19;;;9909;20;9913;14;;;9906.0;0.0
av_SUGAR_d3;6700;INTARIAN_PEPPER_ROOT;10214;16;10210;21;;;10226;15;10230;25;;;10220.0;0.0
av_SUGAR_d3;6800;ASH_COATED_OSMIUM;9903;9;9900;18;;;9909;15;9913;11;;;9906.0;0.0
av_SUGAR_d3;6800;INTARIAN_PEPPER_ROOT;10217;12;10215;24;;;10225;21;10228;21;;;10221.0;0.0
av_SUGAR_d3;6900;ASH_COATED_OSMIUM;9903;10;9899;18;;;9909;15;9913;18;;;9906.0;0.0
av_SUGAR_d3;6900;INTARIAN_PEPPER_ROOT;10218;12;10215;16;;;10226;19;10229;18;;;10222.0;0.0
av_SUGAR_d3;7000;ASH_COATED_OSMIUM;9903;7;9901;25;;;9909;5;9911;13;;;9906.0;0.0
av_SUGAR_d3;7000;INTARIAN_PEPPER_ROOT;10213;16;10210;27;;;10232;10;10236;22;;;10222.5;0.0
av_SUGAR_d3;7100;ASH_COATED_OSMIUM;9903;12;9900;18;;;9909;20;9913;20;;;9906.0;0.0
av_SUGAR_d3;7100;INTARIAN_PEPPER_ROOT;10221;17;10218;19;;;10227;9;10231;18;;;10224.0;0.0
av_SUGAR_d3;7200;ASH_COATED_OSMIUM;9900;14;9897;20;;;9910;14;9913;17;;;9905.0;0.0
av_SUGAR_d3;7200;INTARIAN_PEPPER_ROOT;10220;14;10217;18;;;10230;20;10232;22;;;10225.0;0.0
av_SUGAR_d3;7300;ASH_COATED_OSMIUM;9902;19;9899;18;;;9910;15;9913;25;;;9906.0;0.0
av_SUGAR_d3;7300;INTARIAN_PEPPER_ROOT;10223;5;10219;11;;;10229;22;10231;19;;;10226.0;0.0
av_SUGAR_d3;7400;ASH_COATED_OSMIUM;9903;19;9900;18;;;9910;14;9913;13;;;9906.5;0.0
av_SUGAR_d3;7400;INTARIAN_PEPPER_ROOT;10224;18;10221;23;;;10230;5;10232;16;;;10227.0;0.0
av_SUGAR_d3;7500;ASH_COATED_OSMIUM;9903;11;9900;19;;;9909;13;9912;16;;;9906.0;0.0
av_SUGAR_d3;7500;INTARIAN_PEPPER_ROOT;10220;19;10216;30;;;10236;12;10240;16;;;10228.0;0.0
av_SUGAR_d3;7600;ASH_COATED_OSMIUM;9900;14;9896;18;;;9912;20;9916;15;;;9906.0;0.0
av_SUGAR_d3;7600;INTARIAN_PEPPER_ROOT;10227;20;10225;24;;;10233;11;10235;10;;;10230.0;0.0
av_SUGAR_d3;7700;ASH_COATED_OSMIUM;9901;15;9897;25;;;9910;19;9913;29;;;9905.5;0.0
av_SUGAR_d3;7700;INTARIAN_PEPPER_ROOT;10225;16;10222;9;;;10236;9;10238;20;;;10230.5;0.0
av_SUGAR_d3;7800;ASH_COATED_OSMIUM;9902;11;9899;23;;;9908;14;9911;22;;;9905.0;0.0
av_SUGAR_d3;7800;INTARIAN_PEPPER_ROOT;10229;17;10227;28;;;10235;9;10239;15;;;10232.0;0.0
av_SUGAR_d3;7900;ASH_COATED_OSMIUM;9899;23;9897;15;;;9911;14;9914;24;;;9905.0;0.0
av_SUGAR_d3;7900;INTARIAN_PEPPER_ROOT;10230;19;10227;17;;;10236;14;10239;21;;;10233.0;0.0
av_SUGAR_d3;8000;ASH_COATED_OSMIUM;9902;7;9899;15;;;9908;10;9911;31;;;9905.0;0.0
av_SUGAR_d3;8000;INTARIAN_PEPPER_ROOT;10225;10;10222;19;;;10243;9;10247;19;;;10234.0;0.0
av_SUGAR_d3;8100;ASH_COATED_OSMIUM;9903;15;9899;21;;;9909;9;9911;18;;;9906.0;0.0
av_SUGAR_d3;8100;INTARIAN_PEPPER_ROOT;10225;14;10223;21;;;10245;9;10249;25;;;10235.0;0.0
av_SUGAR_d3;8200;ASH_COATED_OSMIUM;9900;15;9896;23;;;9912;25;9916;27;;;9906.0;0.0
av_SUGAR_d3;8200;INTARIAN_PEPPER_ROOT;10229;16;10227;21;;;10245;8;10249;16;;;10237.0;0.0
av_SUGAR_d3;8300;ASH_COATED_OSMIUM;9902;19;9899;20;;;9908;17;9911;21;;;9905.0;0.0
av_SUGAR_d3;8300;INTARIAN_PEPPER_ROOT;10235;8;10233;23;;;10241;7;10244;12;;;10238.0;0.0
av_SUGAR_d3;8400;ASH_COATED_OSMIUM;9892;15;9889;24;;;9919;14;9921;18;;;9905.5;0.0
av_SUGAR_d3;8400;INTARIAN_PEPPER_ROOT;10233;8;10229;17;;;10243;19;10245;24;;;10238.0;0.0
av_SUGAR_d3;8500;ASH_COATED_OSMIUM;9891;11;9888;15;;;9919;24;9922;19;;;9905.0;0.0
av_SUGAR_d3;8500;INTARIAN_PEPPER_ROOT;10237;19;10233;15;;;10243;13;10245;25;;;10240.0;0.0
av_SUGAR_d3;8600;ASH_COATED_OSMIUM;9903;12;9901;11;;;9909;14;9911;19;;;9906.0;0.0
av_SUGAR_d3;8600;INTARIAN_PEPPER_ROOT;10237;10;10233;10;;;10243;5;10247;19;;;10240.0;0.0
av_SUGAR_d3;8700;ASH_COATED_OSMIUM;9902;10;9899;23;;;9908;18;9911;19;;;9905.0;0.0
av_SUGAR_d3;8700;INTARIAN_PEPPER_ROOT;10237;18;10233;25;;;10247;15;10250;22;;;10242.0;0.0
av_SUGAR_d3;8800;ASH_COATED_OSMIUM;9902;9;9898;24;;;9908;15;9910;14;;;9905.0;0.0
av_SUGAR_d3;8800;INTARIAN_PEPPER_ROOT;10234;19;10232;21;;;10252;13;10255;15;;;10243.0;0.0
av_SUGAR_d3;8900;ASH_COATED_OSMIUM;9900;19;9898;29;;;9909;7;9911;21;;;9904.5;0.0
av_SUGAR_d3;8900;INTARIAN_PEPPER_ROOT;10225;22;10223;19;;;10264;15;10266;16;;;10244.5;0.0
av_SUGAR_d3;9000;ASH_COATED_OSMIUM;9900;11;9898;17;;;9909;20;9911;12;;;9904.5;0.0
av_SUGAR_d3;9000;INTARIAN_PEPPER_ROOT;10243;17;10239;27;;;10249;8;10253;23;;;10246.0;0.0
av_SUGAR_d3;9100;ASH_COATED_OSMIUM;9901;15;9899;20;;;9907;21;9909;16;;;9904.0;0.0
av_SUGAR_d3;9100;INTARIAN_PEPPER_ROOT;10243;16;10241;29;;;10249;7;10251;16;;;10246.0;0.0
av_SUGAR_d3;9200;ASH_COATED_OSMIUM;9900;13;9898;24;;;9910;14;9913;17;;;9905.0;0.0
av_SUGAR_d3;9200;INTARIAN_PEPPER_ROOT;10223;22;10220;8;;;10271;19;10274;22;;;10247.0;0.0
av_SUGAR_d3;9300;ASH_COATED_OSMIUM;9902;8;9899;35;;;9908;20;9912;17;;;9905.0;0.0
av_SUGAR_d3;9300;INTARIAN_PEPPER_ROOT;10246;15;10243;19;;;10252;14;10256;14;;;10249.0;0.0
av_SUGAR_d3;9400;ASH_COATED_OSMIUM;9902;11;9898;20;;;9908;14;9912;17;;;9905.0;0.0
av_SUGAR_d3;9400;INTARIAN_PEPPER_ROOT;10245;22;10243;23;;;10253;14;10255;22;;;10249.0;0.0
av_SUGAR_d3;9500;ASH_COATED_OSMIUM;9896;11;9892;27;;;9913;11;9916;23;;;9904.5;0.0
av_SUGAR_d3;9500;INTARIAN_PEPPER_ROOT;10248;17;10245;20;;;10254;18;10256;17;;;10251.0;0.0
av_SUGAR_d3;9600;ASH_COATED_OSMIUM;9892;19;9888;17;;;9916;13;9919;24;;;9904.0;0.0
av_SUGAR_d3;9600;INTARIAN_PEPPER_ROOT;10249;23;10247;18;;;10255;19;10259;25;;;10252.0;0.0
av_SUGAR_d3;9700;ASH_COATED_OSMIUM;9902;16;9898;15;;;9908;10;9911;24;;;9905.0;0.0
av_SUGAR_d3;9700;INTARIAN_PEPPER_ROOT;10247;7;10245;30;;;10260;14;10264;20;;;10253.5;0.0
av_SUGAR_d3;9800;ASH_COATED_OSMIUM;9902;8;9898;14;;;9908;24;9912;22;;;9905.0;0.0
av_SUGAR_d3;9800;INTARIAN_PEPPER_ROOT;10248;18;10245;8;;;10260;11;10264;12;;;10254.0;0.0
av_SUGAR_d3;9900;ASH_COATED_OSMIUM;9901;21;9898;29;;;9908;14;9911;18;;;9904.5;0.0
av_SUGAR_d3;9900;INTARIAN_PEPPER_ROOT;10253;18;10251;22;;;10259;9;10263;20;;;10256.0;0.0
av_SUGAR_d3;10000;ASH_COATED_OSMIUM;9900;11;9897;27;;;9909;17;9911;25;;;9904.5;0.0
av_SUGAR_d3;10000;INTARIAN_PEPPER_ROOT;10248;16;10245;10;;;10265;9;10268;21;;;10256.5;0.0
av_SUGAR_d3;10100;ASH_COATED_OSMIUM;9901;24;9899;22;;;9907;26;9911;20;;;9904.0;0.0
av_SUGAR_d3;10100;INTARIAN_PEPPER_ROOT;10254;5;10250;8;;;10261;12;10263;16;;;10257.5;0.0
av_SUGAR_d3;10200;ASH_COATED_OSMIUM;9901;15;9897;28;;;9908;17;9910;18;;;9904.5;0.0
av_SUGAR_d3;10200;INTARIAN_PEPPER_ROOT;10248;5;10246;17;;;10270;13;10274;23;;;10259.0;0.0
av_SUGAR_d3;10300;ASH_COATED_OSMIUM;9901;8;9898;29;;;9907;12;9911;27;;;9904.0;0.0
av_SUGAR_d3;10300;INTARIAN_PEPPER_ROOT;10257;18;10254;13;;;10263;9;10266;12;;;10260.0;0.0
av_SUGAR_d3;10400;ASH_COATED_OSMIUM;9899;16;9897;19;;;9908;10;9912;12;;;9903.5;0.0
av_SUGAR_d3;10400;INTARIAN_PEPPER_ROOT;10255;25;10253;11;;;10266;21;10270;15;;;10260.5;0.0
av_SUGAR_d3;10500;ASH_COATED_OSMIUM;9901;20;9897;17;;;9907;17;9910;22;;;9904.0;0.0
av_SUGAR_d3;10500;INTARIAN_PEPPER_ROOT;10257;11;10255;21;;;10267;10;10271;21;;;10262.0;0.0
av_SUGAR_d3;10600;ASH_COATED_OSMIUM;9896;17;9892;14;;;9911;8;9914;9;;;9903.5;0.0
av_SUGAR_d3;10600;INTARIAN_PEPPER_ROOT;10258;25;10255;18;;;10269;26;10271;28;;;10263.5;0.0
av_SUGAR_d3;10700;ASH_COATED_OSMIUM;9901;17;9899;14;;;9907;20;9909;13;;;9904.0;0.0
av_SUGAR_d3;10700;INTARIAN_PEPPER_ROOT;10260;5;10257;19;;;10267;15;10270;30;;;10263.5;0.0
av_SUGAR_d3;10800;ASH_COATED_OSMIUM;9901;21;9897;15;;;9907;13;9911;12;;;9904.0;0.0
av_SUGAR_d3;10800;INTARIAN_PEPPER_ROOT;10262;9;10260;28;;;10268;13;10270;24;;;10265.0;0.0
av_SUGAR_d3;10900;ASH_COATED_OSMIUM;9901;5;9897;17;;;9907;17;9910;23;;;9904.0;0.0
av_SUGAR_d3;10900;INTARIAN_PEPPER_ROOT;10263;21;10259;16;;;10269;18;10273;15;;;10266.0;0.0
av_SUGAR_d3;11000;ASH_COATED_OSMIUM;9899;5;9896;24;;;9909;12;9911;24;;;9904.0;0.0
av_SUGAR_d3;11000;INTARIAN_PEPPER_ROOT;10263;14;10260;19;;;10273;15;10276;32;;;10268.0;0.0
av_SUGAR_d3;11100;ASH_COATED_OSMIUM;9901;9;9898;21;;;9907;12;9910;12;;;9904.0;0.0
av_SUGAR_d3;11100;INTARIAN_PEPPER_ROOT;10254;13;10250;19;;;10283;13;10286;16;;;10268.5;0.0
av_SUGAR_d3;11200;ASH_COATED_OSMIUM;9898;14;9894;16;;;9909;18;9913;24;;;9903.5;0.0
av_SUGAR_d3;11200;INTARIAN_PEPPER_ROOT;10247;16;10245;25;;;10292;11;10295;20;;;10269.5;0.0
av_SUGAR_d3;11300;ASH_COATED_OSMIUM;9900;15;9897;16;;;9907;17;9909;8;;;9903.5;0.0
av_SUGAR_d3;11300;INTARIAN_PEPPER_ROOT;10264;14;10261;23;;;10277;12;10281;18;;;10270.5;0.0
av_SUGAR_d3;11400;ASH_COATED_OSMIUM;9901;11;9898;26;;;9907;14;9909;20;;;9904.0;0.0
av_SUGAR_d3;11400;INTARIAN_PEPPER_ROOT;10269;18;10266;19;;;10275;17;10278;13;;;10272.0;0.0
av_SUGAR_d3;11500;ASH_COATED_OSMIUM;9900;12;9898;16;;;9906;11;9908;23;;;9903.0;0.0
av_SUGAR_d3;11500;INTARIAN_PEPPER_ROOT;10269;13;10265;21;;;10277;19;10281;22;;;10273.0;0.0
av_SUGAR_d3;11600;ASH_COATED_OSMIUM;9895;16;9891;16;;;9913;13;9917;18;;;9904.0;0.0
av_SUGAR_d3;11600;INTARIAN_PEPPER_ROOT;10271;7;10267;14;;;10277;14;10280;17;;;10274.0;0.0
av_SUGAR_d3;11700;ASH_COATED_OSMIUM;9900;13;9896;26;;;9906;13;9910;18;;;9903.0;0.0
av_SUGAR_d3;11700;INTARIAN_PEPPER_ROOT;10273;16;10270;22;;;10279;19;10281;15;;;10276.0;0.0
av_SUGAR_d3;11800;ASH_COATED_OSMIUM;9900;26;9896;9;;;9906;16;9908;23;;;9903.0;0.0
av_SUGAR_d3;11800;INTARIAN_PEPPER_ROOT;10274;26;10270;11;;;10280;19;10282;20;;;10277.0;0.0
av_SUGAR_d3;11900;ASH_COATED_OSMIUM;9901;10;9898;16;;;9907;13;9911;28;;;9904.0;0.0
av_SUGAR_d3;11900;INTARIAN_PEPPER_ROOT;10273;13;10269;21;;;10282;17;10284;18;;;10277.5;0.0
av_SUGAR_d3;12000;ASH_COATED_OSMIUM;9901;21;9897;15;;;9907;20;9910;15;;;9904.0;0.0
av_SUGAR_d3;12000;INTARIAN_PEPPER_ROOT;10275;6;10271;17;;;10281;12;10283;22;;;10278.0;0.0
av_SUGAR_d3;12100;ASH_COATED_OSMIUM;9901;18;9899;16;;;9907;9;9911;11;;;9904.0;0.0
av_SUGAR_d3;12100;INTARIAN_PEPPER_ROOT;10273;20;10271;25;;;10286;19;10289;18;;;10279.5;0.0
av_SUGAR_d3;12200;ASH_COATED_OSMIUM;9899;15;9896;21;;;9907;12;9911;22;;;9903.0;0.0
av_SUGAR_d3;12200;INTARIAN_PEPPER_ROOT;10278;9;10274;27;;;10284;23;10288;23;;;10281.0;0.0
av_SUGAR_d3;12300;ASH_COATED_OSMIUM;9900;13;9897;18;;;9906;10;9909;21;;;9903.0;0.0
av_SUGAR_d3;12300;INTARIAN_PEPPER_ROOT;10279;23;10277;13;;;10285;9;10288;21;;;10282.0;0.0
av_SUGAR_d3;12400;ASH_COATED_OSMIUM;9899;20;9897;20;;;9905;10;9908;19;;;9902.0;0.0
av_SUGAR_d3;12400;INTARIAN_PEPPER_ROOT;10278;14;10275;14;;;10287;13;10289;18;;;10282.5;0.0
av_SUGAR_d3;12500;ASH_COATED_OSMIUM;9900;14;9897;18;;;9907;18;9910;15;;;9903.5;0.0
av_SUGAR_d3;12500;INTARIAN_PEPPER_ROOT;10278;10;10275;23;;;10292;21;10295;18;;;10285.0;0.0
av_SUGAR_d3;12600;ASH_COATED_OSMIUM;9900;27;9896;17;;;9906;5;9910;21;;;9903.0;0.0
av_SUGAR_d3;12600;INTARIAN_PEPPER_ROOT;10280;19;10276;24;;;10290;15;10294;14;;;10285.0;0.0
av_SUGAR_d3;12700;ASH_COATED_OSMIUM;9900;11;9897;16;;;9906;16;9910;16;;;9903.0;0.0
av_SUGAR_d3;12700;INTARIAN_PEPPER_ROOT;10283;15;10280;16;;;10289;22;10292;24;;;10286.0;0.0
av_SUGAR_d3;12800;ASH_COATED_OSMIUM;9893;18;9891;25;;;9913;11;9917;26;;;9903.0;0.0
av_SUGAR_d3;12800;INTARIAN_PEPPER_ROOT;10284;15;10281;33;;;10291;13;10295;27;;;10287.5;0.0
av_SUGAR_d3;12900;ASH_COATED_OSMIUM;9896;16;9893;20;;;9911;25;9915;21;;;9903.5;0.0
av_SUGAR_d3;12900;INTARIAN_PEPPER_ROOT;10285;30;10283;17;;;10291;18;10294;24;;;10288.0;0.0
av_SUGAR_d3;13000;ASH_COATED_OSMIUM;9900;6;9896;23;;;9906;6;9909;22;;;9903.0;0.0
av_SUGAR_d3;13000;INTARIAN_PEPPER_ROOT;10283;19;10279;19;;;10296;14;10298;17;;;10289.5;0.0
av_SUGAR_d3;13100;ASH_COATED_OSMIUM;9889;18;9887;11;;;9917;6;9920;25;;;9903.0;0.0
av_SUGAR_d3;13100;INTARIAN_PEPPER_ROOT;10287;21;10285;17;;;10294;12;10298;17;;;10290.5;0.0
av_SUGAR_d3;13200;ASH_COATED_OSMIUM;9897;11;9893;20;;;9907;20;9911;18;;;9902.0;0.0
av_SUGAR_d3;13200;INTARIAN_PEPPER_ROOT;10288;5;10285;22;;;10297;9;10299;18;;;10292.5;0.0
av_SUGAR_d3;13300;ASH_COATED_OSMIUM;9900;9;9897;25;;;9907;7;9910;20;;;9903.5;0.0
av_SUGAR_d3;13300;INTARIAN_PEPPER_ROOT;10290;14;10288;15;;;10296;11;10298;18;;;10293.0;0.0
av_SUGAR_d3;13400;ASH_COATED_OSMIUM;9896;12;9893;24;;;9910;13;9914;15;;;9903.0;0.0
av_SUGAR_d3;13400;INTARIAN_PEPPER_ROOT;10291;16;10288;21;;;10297;13;10301;23;;;10294.0;0.0
av_SUGAR_d3;13500;ASH_COATED_OSMIUM;9900;18;9896;22;;;9906;5;9908;20;;;9903.0;0.0
av_SUGAR_d3;13500;INTARIAN_PEPPER_ROOT;10285;12;10282;17;;;10306;14;10309;24;;;10295.5;0.0
av_SUGAR_d3;13600;ASH_COATED_OSMIUM;9900;24;9897;24;;;9906;10;9910;18;;;9903.0;0.0
av_SUGAR_d3;13600;INTARIAN_PEPPER_ROOT;10289;21;10287;23;;;10303;14;10305;24;;;10296.0;0.0
av_SUGAR_d3;13700;ASH_COATED_OSMIUM;9899;16;9895;22;;;9905;15;9908;23;;;9902.0;0.0
av_SUGAR_d3;13700;INTARIAN_PEPPER_ROOT;10295;15;10292;14;;;10301;14;10304;29;;;10298.0;0.0
av_SUGAR_d3;13800;ASH_COATED_OSMIUM;9899;22;9895;15;;;9905;13;9908;19;;;9902.0;0.0
av_SUGAR_d3;13800;INTARIAN_PEPPER_ROOT;10296;17;10292;21;;;10302;20;10306;17;;;10299.0;0.0
av_SUGAR_d3;13900;ASH_COATED_OSMIUM;9883;19;9881;19;;;9922;13;9924;15;;;9902.5;0.0
av_SUGAR_d3;13900;INTARIAN_PEPPER_ROOT;10288;20;10284;22;;;10312;15;10315;16;;;10300.0;0.0
av_SUGAR_d3;14000;ASH_COATED_OSMIUM;9890;13;9887;21;;;9915;22;9917;18;;;9902.5;0.0
av_SUGAR_d3;14000;INTARIAN_PEPPER_ROOT;10291;22;10287;23;;;10312;16;10316;17;;;10301.5;0.0
av_SUGAR_d3;14100;ASH_COATED_OSMIUM;9899;19;9895;17;;;9905;14;9908;20;;;9902.0;0.0
av_SUGAR_d3;14100;INTARIAN_PEPPER_ROOT;10299;11;10297;15;;;10305;13;10309;22;;;10302.0;0.0
av_SUGAR_d3;14200;ASH_COATED_OSMIUM;9898;14;9896;22;;;9906;18;9909;28;;;9902.0;0.0
av_SUGAR_d3;14200;INTARIAN_PEPPER_ROOT;10298;18;10296;17;;;10310;12;10313;19;;;10304.0;0.0
av_SUGAR_d3;14300;ASH_COATED_OSMIUM;9899;17;9895;17;;;9905;17;9909;16;;;9902.0;0.0
av_SUGAR_d3;14300;INTARIAN_PEPPER_ROOT;10301;12;10297;22;;;10308;16;10310;12;;;10304.5;0.0
av_SUGAR_d3;14400;ASH_COATED_OSMIUM;9895;8;9891;18;;;9910;6;9913;14;;;9902.5;0.0
av_SUGAR_d3;14400;INTARIAN_PEPPER_ROOT;10302;17;10299;24;;;10308;5;10312;19;;;10305.0;0.0
av_SUGAR_d3;14500;ASH_COATED_OSMIUM;9898;16;9894;25;;;9907;25;9909;22;;;9902.5;0.0
av_SUGAR_d3;14500;INTARIAN_PEPPER_ROOT;10301;21;10298;18;;;10312;8;10316;25;;;10306.5;0.0
av_SUGAR_d3;14600;ASH_COATED_OSMIUM;9898;13;9896;19;;;9904;17;9906;25;;;9901.0;0.0
av_SUGAR_d3;14600;INTARIAN_PEPPER_ROOT;10305;11;10302;28;;;10311;12;10314;12;;;10308.0;0.0
av_SUGAR_d3;14700;ASH_COATED_OSMIUM;9898;10;9896;27;;;9907;15;9911;22;;;9902.5;0.0
av_SUGAR_d3;14700;INTARIAN_PEPPER_ROOT;10306;17;10304;15;;;10312;12;10314;16;;;10309.0;0.0
av_SUGAR_d3;14800;ASH_COATED_OSMIUM;9899;17;9895;14;;;9905;5;9909;14;;;9902.0;0.0
av_SUGAR_d3;14800;INTARIAN_PEPPER_ROOT;10307;9;10303;18;;;10313;20;10315;23;;;10310.0;0.0
av_SUGAR_d3;14900;ASH_COATED_OSMIUM;9899;18;9896;21;;;9905;15;9908;10;;;9902.0;0.0
av_SUGAR_d3;14900;INTARIAN_PEPPER_ROOT;10308;11;10304;12;;;10314;14;10316;15;;;10311.0;0.0
av_SUGAR_d3;15000;ASH_COATED_OSMIUM;9898;12;9895;15;;;9904;5;9906;21;;;9901.0;0.0
av_SUGAR_d3;15000;INTARIAN_PEPPER_ROOT;10309;12;10307;12;;;10315;18;10317;15;;;10312.0;0.0
av_SUGAR_d3;15100;ASH_COATED_OSMIUM;9896;12;9894;20;;;9907;16;9910;15;;;9901.5;0.0
av_SUGAR_d3;15100;INTARIAN_PEPPER_ROOT;10308;15;10304;17;;;10318;19;10320;19;;;10313.0;0.0
av_SUGAR_d3;15200;ASH_COATED_OSMIUM;9896;16;9894;19;;;9907;7;9911;27;;;9901.5;0.0
av_SUGAR_d3;15200;INTARIAN_PEPPER_ROOT;10311;25;10308;17;;;10317;18;10319;20;;;10314.0;0.0
av_SUGAR_d3;15300;ASH_COATED_OSMIUM;9892;14;9890;18;;;9910;14;9913;11;;;9901.0;0.0
av_SUGAR_d3;15300;INTARIAN_PEPPER_ROOT;10312;16;10308;21;;;10318;17;10321;21;;;10315.0;0.0
av_SUGAR_d3;15400;ASH_COATED_OSMIUM;9899;14;9896;21;;;9905;18;9908;15;;;9902.0;0.0
av_SUGAR_d3;15400;INTARIAN_PEPPER_ROOT;10314;8;10310;29;;;10320;22;10322;22;;;10317.0;0.0
av_SUGAR_d3;15500;ASH_COATED_OSMIUM;9898;18;9895;14;;;9904;20;9906;14;;;9901.0;0.0
av_SUGAR_d3;15500;INTARIAN_PEPPER_ROOT;10312;6;10309;27;;;10323;14;10326;24;;;10317.5;0.0
av_SUGAR_d3;15600;ASH_COATED_OSMIUM;9899;7;9896;16;;;9905;7;9909;26;;;9902.0;0.0
av_SUGAR_d3;15600;INTARIAN_PEPPER_ROOT;10315;15;10311;17;;;10322;22;10326;8;;;10318.5;0.0
av_SUGAR_d3;15700;ASH_COATED_OSMIUM;9898;15;9896;16;;;9904;14;9907;18;;;9901.0;0.0
av_SUGAR_d3;15700;INTARIAN_PEPPER_ROOT;10313;16;10309;19;;;10326;23;10328;16;;;10319.5;0.0
av_SUGAR_d3;15800;ASH_COATED_OSMIUM;9899;8;9896;27;;;9905;10;9907;20;;;9902.0;0.0
av_SUGAR_d3;15800;INTARIAN_PEPPER_ROOT;10318;14;10316;16;;;10324;24;10326;16;;;10321.0;0.0
av_SUGAR_d3;15900;ASH_COATED_OSMIUM;9898;17;9894;21;;;9904;27;9906;24;;;9901.0;0.0
av_SUGAR_d3;15900;INTARIAN_PEPPER_ROOT;10312;13;10309;8;;;10332;18;10336;17;;;10322.0;0.0
av_SUGAR_d3;16000;ASH_COATED_OSMIUM;9899;16;9897;27;;;9905;16;9909;11;;;9902.0;0.0
av_SUGAR_d3;16000;INTARIAN_PEPPER_ROOT;10320;16;10318;10;;;10326;10;10329;25;;;10323.0;0.0
av_SUGAR_d3;16100;ASH_COATED_OSMIUM;9898;17;9894;24;;;9904;15;9906;21;;;9901.0;0.0
av_SUGAR_d3;16100;INTARIAN_PEPPER_ROOT;10319;16;10315;24;;;10330;11;10334;18;;;10324.5;0.0
av_SUGAR_d3;16200;ASH_COATED_OSMIUM;9898;15;9894;18;;;9904;17;9908;16;;;9901.0;0.0
av_SUGAR_d3;16200;INTARIAN_PEPPER_ROOT;10322;9;10318;19;;;10328;9;10331;16;;;10325.0;0.0
av_SUGAR_d3;16300;ASH_COATED_OSMIUM;9898;18;9896;20;;;9904;16;9907;19;;;9901.0;0.0
av_SUGAR_d3;16300;INTARIAN_PEPPER_ROOT;10322;12;10318;17;;;10332;10;10335;16;;;10327.0;0.0
av_SUGAR_d3;16400;ASH_COATED_OSMIUM;9897;12;9893;22;;;9903;14;9905;19;;;9900.0;0.0
av_SUGAR_d3;16400;INTARIAN_PEPPER_ROOT;10322;21;10318;19;;;10333;12;10335;26;;;10327.5;0.0
av_SUGAR_d3;16500;ASH_COATED_OSMIUM;9898;14;9896;18;;;9904;9;9907;14;;;9901.0;0.0
av_SUGAR_d3;16500;INTARIAN_PEPPER_ROOT;10319;20;10315;25;;;10338;16;10342;17;;;10328.5;0.0
av_SUGAR_d3;16600;ASH_COATED_OSMIUM;9880;7;9876;19;;;9923;12;9927;18;;;9901.5;0.0
av_SUGAR_d3;16600;INTARIAN_PEPPER_ROOT;10318;12;10315;23;;;10341;20;10345;25;;;10329.5;0.0
av_SUGAR_d3;16700;ASH_COATED_OSMIUM;9898;26;9894;16;;;9904;14;9906;9;;;9901.0;0.0
av_SUGAR_d3;16700;INTARIAN_PEPPER_ROOT;10328;14;10326;25;;;10334;18;10338;20;;;10331.0;0.0
av_SUGAR_d3;16800;ASH_COATED_OSMIUM;9898;20;9896;27;;;9904;14;9906;21;;;9901.0;0.0
av_SUGAR_d3;16800;INTARIAN_PEPPER_ROOT;10329;10;10326;23;;;10335;10;10339;13;;;10332.0;0.0
av_SUGAR_d3;16900;ASH_COATED_OSMIUM;9898;21;9895;16;;;9904;18;9908;23;;;9901.0;0.0
av_SUGAR_d3;16900;INTARIAN_PEPPER_ROOT;10330;5;10327;19;;;10336;5;10338;23;;;10333.0;0.0
av_SUGAR_d3;17000;ASH_COATED_OSMIUM;9898;16;9896;20;;;9904;11;9907;13;;;9901.0;0.0
av_SUGAR_d3;17000;INTARIAN_PEPPER_ROOT;10332;10;10329;13;;;10338;13;10340;23;;;10335.0;0.0
av_SUGAR_d3;17100;ASH_COATED_OSMIUM;9895;19;9891;17;;;9906;15;9910;16;;;9900.5;0.0
av_SUGAR_d3;17100;INTARIAN_PEPPER_ROOT;10336;12;10332;20;;;10342;25;10344;24;;;10339.0;0.0
av_SUGAR_d3;17200;ASH_COATED_OSMIUM;9898;9;9894;13;;;9904;15;9907;21;;;9901.0;0.0
av_SUGAR_d3;17200;INTARIAN_PEPPER_ROOT;10336;12;10334;22;;;10348;14;10351;11;;;10342.0;0.0
av_SUGAR_d3;17300;ASH_COATED_OSMIUM;9893;15;9890;26;;;9909;16;9912;16;;;9901.0;0.0
av_SUGAR_d3;17300;INTARIAN_PEPPER_ROOT;10342;20;10339;16;;;10348;25;10352;21;;;10345.0;0.0
av_SUGAR_d3;17400;ASH_COATED_OSMIUM;9898;15;9895;26;;;9904;17;9907;21;;;9901.0;0.0
av_SUGAR_d3;17400;INTARIAN_PEPPER_ROOT;10340;15;10336;18;;;10356;15;10358;20;;;10348.0;0.0
av_SUGAR_d3;17500;ASH_COATED_OSMIUM;9893;22;9890;14;;;9908;10;9910;15;;;9900.5;0.0
av_SUGAR_d3;17500;INTARIAN_PEPPER_ROOT;10347;20;10345;17;;;10353;23;10357;14;;;10350.0;0.0
av_SUGAR_d3;17600;ASH_COATED_OSMIUM;9898;14;9896;23;;;9904;26;9908;15;;;9901.0;0.0
av_SUGAR_d3;17600;INTARIAN_PEPPER_ROOT;10351;18;10349;17;;;10357;15;10361;12;;;10354.0;0.0
av_SUGAR_d3;17700;ASH_COATED_OSMIUM;9898;12;9895;15;;;9904;14;9906;19;;;9901.0;0.0
av_SUGAR_d3;17700;INTARIAN_PEPPER_ROOT;10335;15;10332;29;;;10380;16;10383;22;;;10357.5;0.0
av_SUGAR_d3;17800;ASH_COATED_OSMIUM;9892;16;9888;28;;;9911;11;9914;30;;;9901.5;0.0
av_SUGAR_d3;17800;INTARIAN_PEPPER_ROOT;10357;17;10354;18;;;10363;14;10366;20;;;10360.0;0.0
av_SUGAR_d3;17900;ASH_COATED_OSMIUM;9892;13;9889;19;;;9910;17;9913;22;;;9901.0;0.0
av_SUGAR_d3;17900;INTARIAN_PEPPER_ROOT;10360;19;10358;23;;;10366;19;10370;22;;;10363.0;0.0
av_SUGAR_d3;18000;ASH_COATED_OSMIUM;9897;11;9893;8;;;9903;25;9907;8;;;9900.0;0.0
av_SUGAR_d3;18000;INTARIAN_PEPPER_ROOT;10354;17;10352;20;;;10378;21;10380;25;;;10366.0;0.0
av_SUGAR_d3;18100;ASH_COATED_OSMIUM;9898;16;9895;24;;;9904;12;9908;20;;;9901.0;0.0
av_SUGAR_d3;18100;INTARIAN_PEPPER_ROOT;10358;14;10354;12;;;10380;17;10382;24;;;10369.0;0.0
av_SUGAR_d3;18200;ASH_COATED_OSMIUM;9898;8;9896;19;;;9904;13;9907;19;;;9901.0;0.0
av_SUGAR_d3;18200;INTARIAN_PEPPER_ROOT;10369;7;10365;20;;;10375;9;10377;19;;;10372.0;0.0
av_SUGAR_d3;18300;ASH_COATED_OSMIUM;9898;17;9895;28;;;9904;18;9906;17;;;9901.0;0.0
av_SUGAR_d3;18300;INTARIAN_PEPPER_ROOT;10373;17;10371;24;;;10379;11;10381;8;;;10376.0;0.0
av_SUGAR_d3;18400;ASH_COATED_OSMIUM;9893;12;9891;17;;;9908;21;9911;23;;;9900.5;0.0
av_SUGAR_d3;18400;INTARIAN_PEPPER_ROOT;10376;10;10374;25;;;10382;14;10384;14;;;10379.0;0.0
av_SUGAR_d3;18500;ASH_COATED_OSMIUM;9898;13;9896;20;;;9904;21;9906;21;;;9901.0;0.0
av_SUGAR_d3;18500;INTARIAN_PEPPER_ROOT;10378;6;10376;15;;;10385;17;10387;10;;;10381.5;0.0
av_SUGAR_d3;18600;ASH_COATED_OSMIUM;9897;10;9895;15;;;9903;22;9906;28;;;9900.0;0.0
av_SUGAR_d3;18600;INTARIAN_PEPPER_ROOT;10382;16;10378;19;;;10388;16;10390;23;;;10385.0;0.0
av_SUGAR_d3;18700;ASH_COATED_OSMIUM;9887;14;9883;26;;;9915;7;9917;21;;;9901.0;0.0
av_SUGAR_d3;18700;INTARIAN_PEPPER_ROOT;10385;10;10383;15;;;10391;15;10394;15;;;10388.0;0.0
av_SUGAR_d3;18800;ASH_COATED_OSMIUM;9896;7;9893;19;;;9906;14;9910;28;;;9901.0;0.0
av_SUGAR_d3;18800;INTARIAN_PEPPER_ROOT;10382;9;10380;15;;;10399;25;10401;20;;;10390.5;0.0
av_SUGAR_d3;18900;ASH_COATED_OSMIUM;9893;18;9890;23;;;9908;10;9911;14;;;9900.5;0.0
av_SUGAR_d3;18900;INTARIAN_PEPPER_ROOT;10391;23;10388;21;;;10397;9;10399;26;;;10394.0;0.0
av_SUGAR_d3;19000;ASH_COATED_OSMIUM;9897;19;9895;16;;;9905;11;9907;25;;;9901.0;0.0
av_SUGAR_d3;19000;INTARIAN_PEPPER_ROOT;10394;15;10390;14;;;10400;13;10402;24;;;10397.0;0.0
av_SUGAR_d3;19100;ASH_COATED_OSMIUM;9898;14;9894;16;;;9904;10;9908;18;;;9901.0;0.0
av_SUGAR_d3;19100;INTARIAN_PEPPER_ROOT;10397;13;10394;22;;;10403;10;10407;31;;;10400.0;0.0
av_SUGAR_d3;19200;ASH_COATED_OSMIUM;9892;20;9888;13;;;9910;15;9914;17;;;9901.0;0.0
av_SUGAR_d3;19200;INTARIAN_PEPPER_ROOT;10398;12;10394;15;;;10409;10;10412;20;;;10403.5;0.0
av_SUGAR_d3;19300;ASH_COATED_OSMIUM;9888;30;9885;18;;;9913;17;9916;26;;;9900.5;0.0
av_SUGAR_d3;19300;INTARIAN_PEPPER_ROOT;10403;24;10399;15;;;10409;18;10413;17;;;10406.0;0.0
av_SUGAR_d3;19400;ASH_COATED_OSMIUM;9895;15;9893;23;;;9906;10;9908;22;;;9900.5;0.0
av_SUGAR_d3;19400;INTARIAN_PEPPER_ROOT;10407;12;10403;30;;;10413;17;10416;26;;;10410.0;0.0
av_SUGAR_d3;19500;ASH_COATED_OSMIUM;9898;17;9894;26;;;9904;5;9908;16;;;9901.0;0.0
av_SUGAR_d3;19500;INTARIAN_PEPPER_ROOT;10406;15;10404;26;;;10419;8;10421;18;;;10412.5;0.0
av_SUGAR_d3;19600;ASH_COATED_OSMIUM;9898;13;9895;16;;;9904;15;9906;23;;;9901.0;0.0
av_SUGAR_d3;19600;INTARIAN_PEPPER_ROOT;10412;14;10410;32;;;10418;19;10420;21;;;10415.0;0.0
av_SUGAR_d3;19700;ASH_COATED_OSMIUM;9888;17;9884;21;;;9914;5;9916;13;;;9901.0;0.0
av_SUGAR_d3;19700;INTARIAN_PEPPER_ROOT;10415;7;10413;16;;;10421;10;10424;18;;;10418.0;0.0
av_SUGAR_d3;19800;ASH_COATED_OSMIUM;9898;12;9895;23;;;9904;8;9907;14;;;9901.0;0.0
av_SUGAR_d3;19800;INTARIAN_PEPPER_ROOT;10419;16;10416;16;;;10425;9;10429;16;;;10422.0;0.0
av_SUGAR_d3;19900;ASH_COATED_OSMIUM;9897;9;9894;21;;;9903;12;9905;17;;;9900.0;0.0
av_SUGAR_d3;19900;INTARIAN_PEPPER_ROOT;10421;6;10418;28;;;10427;18;10430;17;;;10424.0;0.0
av_SUGAR_d3;20000;ASH_COATED_OSMIUM;9886;6;9882;19;;;9916;21;9919;24;;;9901.0;0.0
av_SUGAR_d3;20000;INTARIAN_PEPPER_ROOT;10422;10;10419;22;;;10433;18;10437;24;;;10427.5;0.0
av_SUGAR_d3;20100;ASH_COATED_OSMIUM;9889;9;9887;19;;;9912;20;9915;29;;;9900.5;0.0
av_SUGAR_d3;20100;INTARIAN_PEPPER_ROOT;10428;15;10424;26;;;10434;20;10436;24;;;10431.0;0.0
av_SUGAR_d3;20200;ASH_COATED_OSMIUM;9897;19;9894;27;;;9904;15;9907;11;;;9900.5;0.0
av_SUGAR_d3;20200;INTARIAN_PEPPER_ROOT;10424;15;10420;16;;;10444;14;10447;14;;;10434.0;0.0
av_SUGAR_d3;20300;ASH_COATED_OSMIUM;9897;22;9895;18;;;9903;13;9905;16;;;9900.0;0.0
av_SUGAR_d3;20300;INTARIAN_PEPPER_ROOT;10432;19;10430;18;;;10441;14;10445;22;;;10436.5;0.0
av_SUGAR_d3;20400;ASH_COATED_OSMIUM;9897;22;9893;23;;;9903;11;9907;25;;;9900.0;0.0
av_SUGAR_d3;20400;INTARIAN_PEPPER_ROOT;10437;9;10434;15;;;10443;17;10445;15;;;10440.0;0.0
av_SUGAR_d3;20500;ASH_COATED_OSMIUM;9890;26;9886;22;;;9912;17;9915;21;;;9901.0;0.0
av_SUGAR_d3;20500;INTARIAN_PEPPER_ROOT;10440;16;10436;25;;;10446;9;10449;18;;;10443.0;0.0
av_SUGAR_d3;20600;ASH_COATED_OSMIUM;9897;17;9894;13;;;9903;16;9906;12;;;9900.0;0.0
av_SUGAR_d3;20600;INTARIAN_PEPPER_ROOT;10443;17;10439;24;;;10449;21;10452;8;;;10446.0;0.0
av_SUGAR_d3;20700;ASH_COATED_OSMIUM;9897;7;9893;23;;;9903;18;9907;15;;;9900.0;0.0
av_SUGAR_d3;20700;INTARIAN_PEPPER_ROOT;10443;12;10440;14;;;10456;22;10459;26;;;10449.5;0.0
av_SUGAR_d3;20800;ASH_COATED_OSMIUM;9896;17;9894;20;;;9905;9;9909;23;;;9900.5;0.0
av_SUGAR_d3;20800;INTARIAN_PEPPER_ROOT;10450;6;10448;16;;;10456;19;10460;27;;;10453.0;0.0
av_SUGAR_d3;20900;ASH_COATED_OSMIUM;9895;10;9892;14;;;9906;16;9909;23;;;9900.5;0.0
av_SUGAR_d3;20900;INTARIAN_PEPPER_ROOT;10452;8;10450;14;;;10458;5;10462;21;;;10455.0;0.0
av_SUGAR_d3;21000;ASH_COATED_OSMIUM;9898;10;9895;17;;;9904;15;9908;22;;;9901.0;0.0
av_SUGAR_d3;21000;INTARIAN_PEPPER_ROOT;10453;10;10451;14;;;10464;14;10468;15;;;10458.5;0.0
av_SUGAR_d3;21100;ASH_COATED_OSMIUM;9898;11;9894;22;;;9904;18;9907;13;;;9901.0;0.0
av_SUGAR_d3;21100;INTARIAN_PEPPER_ROOT;10454;17;10452;20;;;10469;19;10473;18;;;10461.5;0.0
av_SUGAR_d3;21200;ASH_COATED_OSMIUM;9897;19;9894;11;;;9903;21;9906;21;;;9900.0;0.0
av_SUGAR_d3;21200;INTARIAN_PEPPER_ROOT;10461;14;10458;19;;;10467;16;10469;17;;;10464.0;0.0
av_SUGAR_d3;21300;ASH_COATED_OSMIUM;9897;13;9894;22;;;9904;5;9906;26;;;9900.5;0.0
av_SUGAR_d3;21300;INTARIAN_PEPPER_ROOT;10461;13;10458;22;;;10474;13;10476;23;;;10467.5;0.0
av_SUGAR_d3;21400;ASH_COATED_OSMIUM;9896;13;9893;18;;;9905;13;9907;16;;;9900.5;0.0
av_SUGAR_d3;21400;INTARIAN_PEPPER_ROOT;10466;16;10462;18;;;10475;17;10479;30;;;10470.5;0.0
av_SUGAR_d3;21500;ASH_COATED_OSMIUM;9897;19;9895;19;;;9903;12;9905;17;;;9900.0;0.0
av_SUGAR_d3;21500;INTARIAN_PEPPER_ROOT;10470;16;10467;24;;;10476;24;10478;22;;;10473.0;0.0
av_SUGAR_d3;21600;ASH_COATED_OSMIUM;9898;12;9894;23;;;9904;17;9908;26;;;9901.0;0.0
av_SUGAR_d3;21600;INTARIAN_PEPPER_ROOT;10474;12;10471;25;;;10480;13;10484;18;;;10477.0;0.0
av_SUGAR_d3;21700;ASH_COATED_OSMIUM;9898;5;9895;18;;;9904;29;9907;23;;;9901.0;0.0
av_SUGAR_d3;21700;INTARIAN_PEPPER_ROOT;10468;15;10465;15;;;10491;8;10495;17;;;10479.5;0.0
av_SUGAR_d3;21800;ASH_COATED_OSMIUM;9896;17;9892;22;;;9904;19;9906;23;;;9900.0;0.0
av_SUGAR_d3;21800;INTARIAN_PEPPER_ROOT;10479;10;10475;27;;;10485;11;10489;12;;;10482.0;0.0
av_SUGAR_d3;21900;ASH_COATED_OSMIUM;9893;13;9891;20;;;9908;21;9910;19;;;9900.5;0.0
av_SUGAR_d3;21900;INTARIAN_PEPPER_ROOT;10482;15;10480;19;;;10491;16;10495;22;;;10486.5;0.0
av_SUGAR_d3;22000;ASH_COATED_OSMIUM;9898;9;9894;22;;;9904;17;9908;19;;;9901.0;0.0
av_SUGAR_d3;22000;INTARIAN_PEPPER_ROOT;10486;23;10482;20;;;10492;16;10496;17;;;10489.0;0.0
av_SUGAR_d3;22100;ASH_COATED_OSMIUM;9893;15;9889;32;;;9907;22;9910;18;;;9900.0;0.0
av_SUGAR_d3;22100;INTARIAN_PEPPER_ROOT;10485;13;10482;21;;;10500;15;10504;17;;;10492.5;0.0
av_SUGAR_d3;22200;ASH_COATED_OSMIUM;9891;10;9889;17;;;9911;15;9913;19;;;9901.0;0.0
av_SUGAR_d3;22200;INTARIAN_PEPPER_ROOT;10492;11;10490;16;;;10498;16;10500;19;;;10495.0;0.0
av_SUGAR_d3;22300;ASH_COATED_OSMIUM;9897;14;9894;16;;;9903;26;9905;22;;;9900.0;0.0
av_SUGAR_d3;22300;INTARIAN_PEPPER_ROOT;10495;21;10491;28;;;10501;13;10505;18;;;10498.0;0.0
av_SUGAR_d3;22400;ASH_COATED_OSMIUM;9892;27;9888;16;;;9909;17;9913;19;;;9900.5;0.0
av_SUGAR_d3;22400;INTARIAN_PEPPER_ROOT;10498;17;10495;11;;;10504;19;10506;15;;;10501.0;0.0
av_SUGAR_d3;22500;ASH_COATED_OSMIUM;9897;14;9893;10;;;9903;12;9907;23;;;9900.0;0.0
av_SUGAR_d3;22500;INTARIAN_PEPPER_ROOT;10501;17;10498;23;;;10507;17;10511;21;;;10504.0;0.0
av_SUGAR_d3;22600;ASH_COATED_OSMIUM;9896;17;9892;22;;;9905;11;9908;26;;;9900.5;0.0
av_SUGAR_d3;22600;INTARIAN_PEPPER_ROOT;10497;5;10493;20;;;10517;12;10520;25;;;10507.0;0.0
av_SUGAR_d3;22700;ASH_COATED_OSMIUM;9897;10;9895;24;;;9903;17;9906;15;;;9900.0;0.0
av_SUGAR_d3;22700;INTARIAN_PEPPER_ROOT;10507;19;10503;10;;;10513;16;10515;15;;;10510.0;0.0
av_SUGAR_d3;22800;ASH_COATED_OSMIUM;9897;22;9893;17;;;9903;17;9906;25;;;9900.0;0.0
av_SUGAR_d3;22800;INTARIAN_PEPPER_ROOT;10500;17;10497;26;;;10527;14;10530;24;;;10513.5;0.0
av_SUGAR_d3;22900;ASH_COATED_OSMIUM;9897;17;9893;16;;;9904;12;9906;21;;;9900.5;0.0
av_SUGAR_d3;22900;INTARIAN_PEPPER_ROOT;10511;9;10507;25;;;10523;12;10526;22;;;10517.0;0.0
av_SUGAR_d3;23000;ASH_COATED_OSMIUM;9898;14;9895;17;;;9904;5;9908;25;;;9901.0;0.0
av_SUGAR_d3;23000;INTARIAN_PEPPER_ROOT;10516;19;10512;22;;;10522;22;10524;22;;;10519.0;0.0
av_SUGAR_d3;23100;ASH_COATED_OSMIUM;9897;16;9894;25;;;9903;14;9907;20;;;9900.0;0.0
av_SUGAR_d3;23100;INTARIAN_PEPPER_ROOT;10520;10;10517;15;;;10526;23;10529;23;;;10523.0;0.0
av_SUGAR_d3;23200;ASH_COATED_OSMIUM;9897;19;9895;15;;;9903;25;9906;16;;;9900.0;0.0
av_SUGAR_d3;23200;INTARIAN_PEPPER_ROOT;10523;16;10521;15;;;10529;7;10531;13;;;10526.0;0.0
av_SUGAR_d3;23300;ASH_COATED_OSMIUM;9897;10;9894;17;;;9904;10;9906;21;;;9900.5;0.0
av_SUGAR_d3;23300;INTARIAN_PEPPER_ROOT;10526;14;10522;29;;;10532;14;10536;20;;;10529.0;0.0
av_SUGAR_d3;23400;ASH_COATED_OSMIUM;9897;16;9895;16;;;9903;17;9906;18;;;9900.0;0.0
av_SUGAR_d3;23400;INTARIAN_PEPPER_ROOT;10523;13;10520;22;;;10540;15;10542;11;;;10531.5;0.0
av_SUGAR_d3;23500;ASH_COATED_OSMIUM;9879;6;9877;18;;;9922;21;9924;22;;;9900.5;0.0
av_SUGAR_d3;23500;INTARIAN_PEPPER_ROOT;10532;15;10530;22;;;10538;20;10541;14;;;10535.0;0.0
av_SUGAR_d3;23600;ASH_COATED_OSMIUM;9898;13;9894;22;;;9904;11;9908;20;;;9901.0;0.0
av_SUGAR_d3;23600;INTARIAN_PEPPER_ROOT;10535;21;10532;17;;;10541;18;10545;16;;;10538.0;0.0
av_SUGAR_d3;23700;ASH_COATED_OSMIUM;9897;21;9895;19;;;9903;6;9905;18;;;9900.0;0.0
av_SUGAR_d3;23700;INTARIAN_PEPPER_ROOT;10536;13;10532;21;;;10545;13;10549;24;;;10540.5;0.0
av_SUGAR_d3;23800;ASH_COATED_OSMIUM;9890;9;9888;15;;;9910;11;9912;14;;;9900.0;0.0
av_SUGAR_d3;23800;INTARIAN_PEPPER_ROOT;10541;5;10538;15;;;10547;19;10551;15;;;10544.0;0.0
av_SUGAR_d3;23900;ASH_COATED_OSMIUM;9876;16;9874;23;;;9924;7;9927;22;;;9900.0;0.0
av_SUGAR_d3;23900;INTARIAN_PEPPER_ROOT;10544;16;10542;18;;;10550;14;10553;15;;;10547.0;0.0
av_SUGAR_d3;24000;ASH_COATED_OSMIUM;9897;13;9895;23;;;9903;13;9906;20;;;9900.0;0.0
av_SUGAR_d3;24000;INTARIAN_PEPPER_ROOT;10548;14;10545;18;;;10554;26;10557;14;;;10551.0;0.0
av_SUGAR_d3;24100;ASH_COATED_OSMIUM;9898;18;9896;18;;;9904;16;9908;25;;;9901.0;0.0
av_SUGAR_d3;24100;INTARIAN_PEPPER_ROOT;10550;16;10546;19;;;10557;13;10561;21;;;10553.5;0.0
av_SUGAR_d3;24200;ASH_COATED_OSMIUM;9892;12;9890;22;;;9908;15;9912;8;;;9900.0;0.0
av_SUGAR_d3;24200;INTARIAN_PEPPER_ROOT;10554;6;10551;21;;;10560;13;10562;14;;;10557.0;0.0
av_SUGAR_d3;24300;ASH_COATED_OSMIUM;9897;14;9895;21;;;9903;11;9906;16;;;9900.0;0.0
av_SUGAR_d3;24300;INTARIAN_PEPPER_ROOT;10557;21;10554;20;;;10563;18;10567;19;;;10560.0;0.0
av_SUGAR_d3;24400;ASH_COATED_OSMIUM;9897;11;9895;21;;;9903;19;9905;14;;;9900.0;0.0
av_SUGAR_d3;24400;INTARIAN_PEPPER_ROOT;10560;12;10556;17;;;10566;10;10570;20;;;10563.0;0.0
av_SUGAR_d3;24500;ASH_COATED_OSMIUM;9897;17;9895;19;;;9904;17;9906;20;;;9900.5;0.0
av_SUGAR_d3;24500;INTARIAN_PEPPER_ROOT;10562;17;10559;13;;;10568;11;10571;21;;;10565.0;0.0
av_SUGAR_d3;24600;ASH_COATED_OSMIUM;9897;9;9893;14;;;9904;16;9907;26;;;9900.5;0.0
av_SUGAR_d3;24600;INTARIAN_PEPPER_ROOT;10566;21;10562;20;;;10572;10;10576;10;;;10569.0;0.0
av_SUGAR_d3;24700;ASH_COATED_OSMIUM;9898;24;9894;20;;;9904;18;9907;20;;;9901.0;0.0
av_SUGAR_d3;24700;INTARIAN_PEPPER_ROOT;10569;9;10566;11;;;10575;10;10577;18;;;10572.0;0.0
av_SUGAR_d3;24800;ASH_COATED_OSMIUM;9897;16;9895;33;;;9903;13;9906;22;;;9900.0;0.0
av_SUGAR_d3;24800;INTARIAN_PEPPER_ROOT;10569;14;10567;21;;;10579;15;10583;23;;;10574.0;0.0
av_SUGAR_d3;24900;ASH_COATED_OSMIUM;9887;24;9885;18;;;9913;11;9917;16;;;9900.0;0.0
av_SUGAR_d3;24900;INTARIAN_PEPPER_ROOT;10574;7;10570;25;;;10583;15;10586;21;;;10578.5;0.0
av_SUGAR_d3;25000;ASH_COATED_OSMIUM;9897;12;9893;24;;;9903;14;9907;30;;;9900.0;0.0
av_SUGAR_d3;25000;INTARIAN_PEPPER_ROOT;10578;24;10576;16;;;10584;9;10588;22;;;10581.0;0.0
av_SUGAR_d3;25100;ASH_COATED_OSMIUM;9897;13;9893;18;;;9904;13;9906;21;;;9900.5;0.0
av_SUGAR_d3;25100;INTARIAN_PEPPER_ROOT;10581;18;10577;10;;;10587;17;10591;20;;;10584.0;0.0
av_SUGAR_d3;25200;ASH_COATED_OSMIUM;9894;17;9891;25;;;9906;12;9908;22;;;9900.0;0.0
av_SUGAR_d3;25200;INTARIAN_PEPPER_ROOT;10580;21;10577;21;;;10595;10;10597;12;;;10587.5;0.0
av_SUGAR_d3;25300;ASH_COATED_OSMIUM;9897;20;9895;15;;;9903;15;9905;19;;;9900.0;0.0
av_SUGAR_d3;25300;INTARIAN_PEPPER_ROOT;10587;18;10585;12;;;10593;8;10597;15;;;10590.0;0.0
av_SUGAR_d3;25400;ASH_COATED_OSMIUM;9892;17;9888;16;;;9908;9;9911;16;;;9900.0;0.0
av_SUGAR_d3;25400;INTARIAN_PEPPER_ROOT;10591;12;10588;15;;;10597;13;10601;25;;;10594.0;0.0
av_SUGAR_d3;25500;ASH_COATED_OSMIUM;9897;17;9894;12;;;9903;20;9907;21;;;9900.0;0.0
av_SUGAR_d3;25500;INTARIAN_PEPPER_ROOT;10593;8;10591;22;;;10599;13;10601;15;;;10596.0;0.0
av_SUGAR_d3;25600;ASH_COATED_OSMIUM;9890;14;9888;23;;;9909;18;9912;20;;;9899.5;0.0
av_SUGAR_d3;25600;INTARIAN_PEPPER_ROOT;10596;10;10594;9;;;10602;11;10605;16;;;10599.0;0.0
av_SUGAR_d3;25700;ASH_COATED_OSMIUM;9895;13;9891;28;;;9906;17;9909;19;;;9900.5;0.0
av_SUGAR_d3;25700;INTARIAN_PEPPER_ROOT;10600;11;10598;22;;;10606;25;10610;19;;;10603.0;0.0
av_SUGAR_d3;25800;ASH_COATED_OSMIUM;9897;20;9895;23;;;9903;5;9906;19;;;9900.0;0.0
av_SUGAR_d3;25800;INTARIAN_PEPPER_ROOT;10603;9;10600;22;;;10609;20;10611;22;;;10606.0;0.0
av_SUGAR_d3;25900;ASH_COATED_OSMIUM;9894;20;9890;29;;;9906;11;9909;17;;;9900.0;0.0
av_SUGAR_d3;25900;INTARIAN_PEPPER_ROOT;10606;5;10602;18;;;10612;19;10616;18;;;10609.0;0.0
av_SUGAR_d3;26000;ASH_COATED_OSMIUM;9897;11;9893;15;;;9903;22;9906;14;;;9900.0;0.0
av_SUGAR_d3;26000;INTARIAN_PEPPER_ROOT;10608;5;10604;29;;;10614;19;10616;19;;;10611.0;0.0
av_SUGAR_d3;26100;ASH_COATED_OSMIUM;9897;15;9894;25;;;9903;11;9906;16;;;9900.0;0.0
av_SUGAR_d3;26100;INTARIAN_PEPPER_ROOT;10610;11;10607;13;;;10619;14;10622;19;;;10614.5;0.0
av_SUGAR_d3;26200;ASH_COATED_OSMIUM;9897;14;9893;19;;;9903;21;9907;17;;;9900.0;0.0
av_SUGAR_d3;26200;INTARIAN_PEPPER_ROOT;10609;20;10606;18;;;10627;16;10630;19;;;10618.0;0.0
av_SUGAR_d3;26300;ASH_COATED_OSMIUM;9897;14;9895;19;;;9903;16;9905;16;;;9900.0;0.0
av_SUGAR_d3;26300;INTARIAN_PEPPER_ROOT;10611;9;10608;17;;;10631;11;10633;19;;;10621.0;0.0
av_SUGAR_d3;26400;ASH_COATED_OSMIUM;9893;8;9890;21;;;9907;15;9911;19;;;9900.0;0.0
av_SUGAR_d3;26400;INTARIAN_PEPPER_ROOT;10618;10;10614;10;;;10631;15;10635;12;;;10624.5;0.0
av_SUGAR_d3;26500;ASH_COATED_OSMIUM;9897;24;9894;20;;;9903;17;9905;17;;;9900.0;0.0
av_SUGAR_d3;26500;INTARIAN_PEPPER_ROOT;10624;19;10620;20;;;10630;12;10634;23;;;10627.0;0.0
av_SUGAR_d3;26600;ASH_COATED_OSMIUM;9897;14;9894;21;;;9903;18;9907;18;;;9900.0;0.0
av_SUGAR_d3;26600;INTARIAN_PEPPER_ROOT;10627;11;10625;22;;;10633;18;10636;16;;;10630.0;0.0
av_SUGAR_d3;26700;ASH_COATED_OSMIUM;9885;24;9881;20;;;9913;12;9915;22;;;9899.0;0.0
av_SUGAR_d3;26700;INTARIAN_PEPPER_ROOT;10630;14;10626;21;;;10636;11;10639;18;;;10633.0;0.0
av_SUGAR_d3;26800;ASH_COATED_OSMIUM;9891;6;9889;17;;;9909;17;9913;25;;;9900.0;0.0
av_SUGAR_d3;26800;INTARIAN_PEPPER_ROOT;10633;9;10630;16;;;10639;12;10643;17;;;10636.0;0.0
av_SUGAR_d3;26900;ASH_COATED_OSMIUM;9893;18;9889;22;;;9906;15;9909;21;;;9899.5;0.0
av_SUGAR_d3;26900;INTARIAN_PEPPER_ROOT;10629;21;10626;21;;;10650;12;10653;16;;;10639.5;0.0
av_SUGAR_d3;27000;ASH_COATED_OSMIUM;9897;19;9894;18;;;9903;10;9905;15;;;9900.0;0.0
av_SUGAR_d3;27000;INTARIAN_PEPPER_ROOT;10629;15;10626;19;;;10655;10;10657;14;;;10642.0;0.0
av_SUGAR_d3;27100;ASH_COATED_OSMIUM;9897;17;9893;8;;;9903;19;9905;18;;;9900.0;0.0
av_SUGAR_d3;27100;INTARIAN_PEPPER_ROOT;10641;16;10637;15;;;10648;16;10652;17;;;10644.5;0.0
av_SUGAR_d3;27200;ASH_COATED_OSMIUM;9893;17;9891;13;;;9908;9;9912;16;;;9900.5;0.0
av_SUGAR_d3;27200;INTARIAN_PEPPER_ROOT;10645;13;10643;23;;;10651;21;10653;20;;;10648.0;0.0
av_SUGAR_d3;27300;ASH_COATED_OSMIUM;9892;14;9890;17;;;9907;10;9909;18;;;9899.5;0.0
av_SUGAR_d3;27300;INTARIAN_PEPPER_ROOT;10649;18;10646;22;;;10655;18;10658;23;;;10652.0;0.0
av_SUGAR_d3;27400;ASH_COATED_OSMIUM;9897;12;9894;27;;;9903;21;9906;14;;;9900.0;0.0
av_SUGAR_d3;27400;INTARIAN_PEPPER_ROOT;10652;16;10649;23;;;10658;15;10661;12;;;10655.0;0.0
av_SUGAR_d3;27500;ASH_COATED_OSMIUM;9895;12;9893;14;;;9905;5;9909;18;;;9900.0;0.0
av_SUGAR_d3;27500;INTARIAN_PEPPER_ROOT;10654;13;10650;25;;;10660;21;10663;19;;;10657.0;0.0
av_SUGAR_d3;27600;ASH_COATED_OSMIUM;9897;8;9893;25;;;9903;22;9906;25;;;9900.0;0.0
av_SUGAR_d3;27600;INTARIAN_PEPPER_ROOT;10651;15;10648;26;;;10670;16;10673;20;;;10660.5;0.0
av_SUGAR_d3;27700;ASH_COATED_OSMIUM;9898;15;9896;17;;;9904;20;9907;15;;;9901.0;0.0
av_SUGAR_d3;27700;INTARIAN_PEPPER_ROOT;10661;9;10657;19;;;10668;15;10672;22;;;10664.5;0.0
av_SUGAR_d3;27800;ASH_COATED_OSMIUM;9897;11;9893;21;;;9903;7;9905;20;;;9900.0;0.0
av_SUGAR_d3;27800;INTARIAN_PEPPER_ROOT;10664;18;10662;15;;;10670;14;10672;23;;;10667.0;0.0
av_SUGAR_d3;27900;ASH_COATED_OSMIUM;9897;10;9895;16;;;9903;15;9906;23;;;9900.0;0.0
av_SUGAR_d3;27900;INTARIAN_PEPPER_ROOT;10649;8;10646;18;;;10690;21;10693;31;;;10669.5;0.0
av_SUGAR_d3;28000;ASH_COATED_OSMIUM;9897;12;9895;20;;;9903;9;9907;21;;;9900.0;0.0
av_SUGAR_d3;28000;INTARIAN_PEPPER_ROOT;10667;13;10663;14;;;10680;16;10683;21;;;10673.5;0.0
av_SUGAR_d3;28100;ASH_COATED_OSMIUM;9897;15;9894;24;;;9904;15;9908;11;;;9900.5;0.0
av_SUGAR_d3;28100;INTARIAN_PEPPER_ROOT;10668;13;10666;20;;;10684;8;10687;26;;;10676.0;0.0
av_SUGAR_d3;28200;ASH_COATED_OSMIUM;9897;19;9895;22;;;9903;20;9906;26;;;9900.0;0.0
av_SUGAR_d3;28200;INTARIAN_PEPPER_ROOT;10677;5;10673;22;;;10683;21;10686;20;;;10680.0;0.0
av_SUGAR_d3;28300;ASH_COATED_OSMIUM;9894;26;9891;20;;;9905;12;9908;15;;;9899.5;0.0
av_SUGAR_d3;28300;INTARIAN_PEPPER_ROOT;10677;11;10673;21;;;10688;17;10690;14;;;10682.5;0.0
av_SUGAR_d3;28400;ASH_COATED_OSMIUM;9897;12;9895;18;;;9903;12;9907;34;;;9900.0;0.0
av_SUGAR_d3;28400;INTARIAN_PEPPER_ROOT;10682;8;10680;20;;;10688;12;10691;15;;;10685.0;0.0
av_SUGAR_d3;28500;ASH_COATED_OSMIUM;9896;5;9894;18;;;9904;9;9906;10;;;9900.0;0.0
av_SUGAR_d3;28500;INTARIAN_PEPPER_ROOT;10686;12;10684;30;;;10692;17;10696;27;;;10689.0;0.0
av_SUGAR_d3;28600;ASH_COATED_OSMIUM;9895;17;9891;20;;;9906;22;9908;20;;;9900.5;0.0
av_SUGAR_d3;28600;INTARIAN_PEPPER_ROOT;10689;5;10687;31;;;10695;13;10697;20;;;10692.0;0.0
av_SUGAR_d3;28700;ASH_COATED_OSMIUM;9894;8;9890;16;;;9906;15;9910;18;;;9900.0;0.0
av_SUGAR_d3;28700;INTARIAN_PEPPER_ROOT;10690;11;10686;12;;;10701;12;10704;21;;;10695.5;0.0
av_SUGAR_d3;28800;ASH_COATED_OSMIUM;9897;17;9893;17;;;9903;12;9907;22;;;9900.0;0.0
av_SUGAR_d3;28800;INTARIAN_PEPPER_ROOT;10694;16;10690;21;;;10700;21;10703;12;;;10697.0;0.0
av_SUGAR_d3;28900;ASH_COATED_OSMIUM;9896;19;9892;26;;;9902;15;9906;22;;;9899.0;0.0
av_SUGAR_d3;28900;INTARIAN_PEPPER_ROOT;10698;9;10695;14;;;10704;17;10708;17;;;10701.0;0.0
av_SUGAR_d3;29000;ASH_COATED_OSMIUM;9896;13;9894;23;;;9903;13;9906;15;;;9899.5;0.0
av_SUGAR_d3;29000;INTARIAN_PEPPER_ROOT;10699;12;10695;10;;;10707;11;10709;23;;;10703.0;0.0
av_SUGAR_d3;29100;ASH_COATED_OSMIUM;9895;16;9893;14;;;9905;17;9907;18;;;9900.0;0.0
av_SUGAR_d3;29100;INTARIAN_PEPPER_ROOT;10703;17;10699;27;;;10709;13;10712;21;;;10706.0;0.0
av_SUGAR_d3;29200;ASH_COATED_OSMIUM;9895;15;9893;24;;;9904;15;9908;16;;;9899.5;0.0
av_SUGAR_d3;29200;INTARIAN_PEPPER_ROOT;10707;14;10705;26;;;10713;10;10717;14;;;10710.0;0.0
av_SUGAR_d3;29300;ASH_COATED_OSMIUM;9897;12;9895;20;;;9903;16;9906;12;;;9900.0;0.0
av_SUGAR_d3;29300;INTARIAN_PEPPER_ROOT;10698;16;10694;23;;;10729;8;10733;17;;;10713.5;0.0
av_SUGAR_d3;29400;ASH_COATED_OSMIUM;9896;20;9893;24;;;9902;18;9906;19;;;9899.0;0.0
av_SUGAR_d3;29400;INTARIAN_PEPPER_ROOT;10712;8;10708;12;;;10718;19;10721;24;;;10715.0;0.0
av_SUGAR_d3;29500;ASH_COATED_OSMIUM;9897;14;9895;15;;;9903;14;9907;15;;;9900.0;0.0
av_SUGAR_d3;29500;INTARIAN_PEPPER_ROOT;10717;5;10713;30;;;10723;18;10726;20;;;10720.0;0.0
av_SUGAR_d3;29600;ASH_COATED_OSMIUM;9897;13;9893;25;;;9903;10;9907;22;;;9900.0;0.0
av_SUGAR_d3;29600;INTARIAN_PEPPER_ROOT;10712;15;10709;19;;;10731;15;10734;19;;;10721.5;0.0
av_SUGAR_d3;29700;ASH_COATED_OSMIUM;9896;15;9892;13;;;9904;12;9907;11;;;9900.0;0.0
av_SUGAR_d3;29700;INTARIAN_PEPPER_ROOT;10723;6;10721;16;;;10729;17;10732;8;;;10726.0;0.0
av_SUGAR_d3;29800;ASH_COATED_OSMIUM;9897;10;9895;11;;;9903;7;9905;20;;;9900.0;0.0
av_SUGAR_d3;29800;INTARIAN_PEPPER_ROOT;10725;13;10721;22;;;10731;17;10734;22;;;10728.0;0.0
av_SUGAR_d3;29900;ASH_COATED_OSMIUM;9877;21;9874;31;;;9921;19;9923;18;;;9899.0;0.0
av_SUGAR_d3;29900;INTARIAN_PEPPER_ROOT;10723;12;10720;14;;;10740;16;10744;16;;;10731.5;0.0
av_SUGAR_d3;30000;ASH_COATED_OSMIUM;9896;6;9893;21;;;9903;11;9907;16;;;9899.5;0.0
av_SUGAR_d3;30000;INTARIAN_PEPPER_ROOT;10732;14;10729;11;;;10738;20;10742;22;;;10735.0;0.0
av_SUGAR_d3;30100;ASH_COATED_OSMIUM;9894;18;9891;14;;;9905;15;9908;26;;;9899.5;0.0
av_SUGAR_d3;30100;INTARIAN_PEPPER_ROOT;10731;9;10729;17;;;10744;8;10747;14;;;10737.5;0.0
av_SUGAR_d3;30200;ASH_COATED_OSMIUM;9897;14;9893;21;;;9903;19;9905;13;;;9900.0;0.0
av_SUGAR_d3;30200;INTARIAN_PEPPER_ROOT;10735;10;10733;19;;;10745;10;10749;24;;;10740.0;0.0
av_SUGAR_d3;30300;ASH_COATED_OSMIUM;9896;7;9893;21;;;9903;11;9906;30;;;9899.5;0.0
av_SUGAR_d3;30300;INTARIAN_PEPPER_ROOT;10735;13;10732;22;;;10752;27;10755;23;;;10743.5;0.0
av_SUGAR_d3;30400;ASH_COATED_OSMIUM;9897;19;9893;15;;;9903;16;9906;27;;;9900.0;0.0
av_SUGAR_d3;30400;INTARIAN_PEPPER_ROOT;10742;17;10739;26;;;10751;9;10753;22;;;10746.5;0.0
av_SUGAR_d3;30500;ASH_COATED_OSMIUM;9897;11;9894;28;;;9903;17;9905;20;;;9900.0;0.0
av_SUGAR_d3;30500;INTARIAN_PEPPER_ROOT;10730;13;10728;23;;;10770;23;10772;11;;;10750.0;0.0
av_SUGAR_d3;30600;ASH_COATED_OSMIUM;9893;15;9890;17;;;9906;22;9910;28;;;9899.5;0.0
av_SUGAR_d3;30600;INTARIAN_PEPPER_ROOT;10750;18;10748;20;;;10756;9;10760;24;;;10753.0;0.0
av_SUGAR_d3;30700;ASH_COATED_OSMIUM;9897;11;9895;25;;;9903;18;9905;18;;;9900.0;0.0
av_SUGAR_d3;30700;INTARIAN_PEPPER_ROOT;10753;20;10749;16;;;10759;19;10762;19;;;10756.0;0.0
av_SUGAR_d3;30800;ASH_COATED_OSMIUM;9897;23;9894;21;;;9903;12;9905;15;;;9900.0;0.0
av_SUGAR_d3;30800;INTARIAN_PEPPER_ROOT;10756;6;10752;25;;;10762;19;10764;23;;;10759.0;0.0
av_SUGAR_d3;30900;ASH_COATED_OSMIUM;9894;6;9891;16;;;9905;15;9907;22;;;9899.5;0.0
av_SUGAR_d3;30900;INTARIAN_PEPPER_ROOT;10754;20;10751;15;;;10769;10;10773;29;;;10761.5;0.0
av_SUGAR_d3;31000;ASH_COATED_OSMIUM;9895;17;9892;13;;;9904;18;9908;28;;;9899.5;0.0
av_SUGAR_d3;31000;INTARIAN_PEPPER_ROOT;10762;13;10759;17;;;10768;19;10772;29;;;10765.0;0.0
av_SUGAR_d3;31100;ASH_COATED_OSMIUM;9870;19;9867;11;;;9929;24;9933;20;;;9899.5;0.0
av_SUGAR_d3;31100;INTARIAN_PEPPER_ROOT;10765;5;10761;18;;;10771;13;10773;10;;;10768.0;0.0
av_SUGAR_d3;31200;ASH_COATED_OSMIUM;9897;10;9894;27;;;9903;11;9907;14;;;9900.0;0.0
av_SUGAR_d3;31200;INTARIAN_PEPPER_ROOT;10764;14;10762;17;;;10778;10;10780;24;;;10771.0;0.0
av_SUGAR_d3;31300;ASH_COATED_OSMIUM;9896;12;9893;17;;;9903;12;9907;28;;;9899.5;0.0
av_SUGAR_d3;31300;INTARIAN_PEPPER_ROOT;10771;23;10769;29;;;10777;8;10781;23;;;10774.0;0.0
av_SUGAR_d3;31400;ASH_COATED_OSMIUM;9896;17;9893;22;;;9903;11;9906;26;;;9899.5;0.0
av_SUGAR_d3;31400;INTARIAN_PEPPER_ROOT;10775;6;10771;23;;;10781;27;10785;18;;;10778.0;0.0
av_SUGAR_d3;31500;ASH_COATED_OSMIUM;9895;13;9891;21;;;9905;11;9908;21;;;9900.0;0.0
av_SUGAR_d3;31500;INTARIAN_PEPPER_ROOT;10755;14;10752;21;;;10807;7;10810;23;;;10781.0;0.0
av_SUGAR_d3;31600;ASH_COATED_OSMIUM;9890;11;9888;26;;;9910;11;9913;19;;;9900.0;0.0
av_SUGAR_d3;31600;INTARIAN_PEPPER_ROOT;10780;25;10777;18;;;10787;19;10789;22;;;10783.5;0.0
av_SUGAR_d3;31700;ASH_COATED_OSMIUM;9897;19;9894;16;;;9903;17;9907;32;;;9900.0;0.0
av_SUGAR_d3;31700;INTARIAN_PEPPER_ROOT;10777;16;10773;23;;;10795;28;10798;20;;;10786.0;0.0
av_SUGAR_d3;31800;ASH_COATED_OSMIUM;9897;10;9893;27;;;9903;12;9905;22;;;9900.0;0.0
av_SUGAR_d3;31800;INTARIAN_PEPPER_ROOT;10787;7;10785;15;;;10793;23;10796;13;;;10790.0;0.0
av_SUGAR_d3;31900;ASH_COATED_OSMIUM;9890;6;9888;23;;;9908;18;9912;13;;;9899.0;0.0
av_SUGAR_d3;31900;INTARIAN_PEPPER_ROOT;10790;7;10787;15;;;10796;15;10798;23;;;10793.0;0.0
av_SUGAR_d3;32000;ASH_COATED_OSMIUM;9897;17;9894;18;;;9903;10;9905;19;;;9900.0;0.0
av_SUGAR_d3;32000;INTARIAN_PEPPER_ROOT;10793;17;10791;17;;;10799;29;10803;12;;;10796.0;0.0
av_SUGAR_d3;32100;ASH_COATED_OSMIUM;9897;11;9895;19;;;9903;8;9906;26;;;9900.0;0.0
av_SUGAR_d3;32100;INTARIAN_PEPPER_ROOT;10790;25;10787;17;;;10809;9;10813;16;;;10799.5;0.0
av_SUGAR_d3;32200;ASH_COATED_OSMIUM;9897;18;9895;21;;;9903;15;9905;17;;;9900.0;0.0
av_SUGAR_d3;32200;INTARIAN_PEPPER_ROOT;10788;16;10785;16;;;10816;15;10819;19;;;10802.0;0.0
av_SUGAR_d3;32300;ASH_COATED_OSMIUM;9897;18;9894;15;;;9903;13;9907;19;;;9900.0;0.0
av_SUGAR_d3;32300;INTARIAN_PEPPER_ROOT;10802;16;10799;22;;;10808;12;10812;17;;;10805.0;0.0
av_SUGAR_d3;32400;ASH_COATED_OSMIUM;9896;12;9893;28;;;9902;19;9905;19;;;9899.0;0.0
av_SUGAR_d3;32400;INTARIAN_PEPPER_ROOT;10784;22;10781;13;;;10832;18;10835;24;;;10808.0;0.0
av_SUGAR_d3;32500;ASH_COATED_OSMIUM;9897;8;9894;15;;;9903;23;9906;9;;;9900.0;0.0
av_SUGAR_d3;32500;INTARIAN_PEPPER_ROOT;10808;15;10806;28;;;10814;15;10817;29;;;10811.0;0.0
av_SUGAR_d3;32600;ASH_COATED_OSMIUM;9884;12;9881;23;;;9913;23;9917;17;;;9898.5;0.0
av_SUGAR_d3;32600;INTARIAN_PEPPER_ROOT;10812;18;10810;18;;;10818;10;10821;24;;;10815.0;0.0
av_SUGAR_d3;32700;ASH_COATED_OSMIUM;9884;14;9881;19;;;9914;16;9918;16;;;9899.0;0.0
av_SUGAR_d3;32700;INTARIAN_PEPPER_ROOT;10813;25;10811;19;;;10822;9;10824;16;;;10817.5;0.0
av_SUGAR_d3;32800;ASH_COATED_OSMIUM;9897;16;9894;24;;;9903;16;9907;21;;;9900.0;0.0
av_SUGAR_d3;32800;INTARIAN_PEPPER_ROOT;10817;6;10813;16;;;10824;10;10826;15;;;10820.5;0.0
av_SUGAR_d3;32900;ASH_COATED_OSMIUM;9897;16;9895;14;;;9903;8;9907;19;;;9900.0;0.0
av_SUGAR_d3;32900;INTARIAN_PEPPER_ROOT;10819;9;10817;11;;;10829;16;10832;8;;;10824.0;0.0
av_SUGAR_d3;33000;ASH_COATED_OSMIUM;9886;19;9884;27;;;9913;15;9916;20;;;9899.5;0.0
av_SUGAR_d3;33000;INTARIAN_PEPPER_ROOT;10823;21;10821;16;;;10829;17;10832;12;;;10826.0;0.0
av_SUGAR_d3;33100;ASH_COATED_OSMIUM;9893;14;9890;20;;;9907;15;9909;13;;;9900.0;0.0
av_SUGAR_d3;33100;INTARIAN_PEPPER_ROOT;10826;10;10824;21;;;10832;8;10835;19;;;10829.0;0.0
av_SUGAR_d3;33200;ASH_COATED_OSMIUM;9894;18;9892;13;;;9905;22;9908;27;;;9899.5;0.0
av_SUGAR_d3;33200;INTARIAN_PEPPER_ROOT;10818;12;10815;11;;;10847;21;10851;14;;;10832.5;0.0
av_SUGAR_d3;33300;ASH_COATED_OSMIUM;9896;19;9892;18;;;9903;10;9906;26;;;9899.5;0.0
av_SUGAR_d3;33300;INTARIAN_PEPPER_ROOT;10828;18;10824;18;;;10843;16;10845;16;;;10835.5;0.0
av_SUGAR_d3;33400;ASH_COATED_OSMIUM;9897;23;9893;9;;;9903;14;9906;23;;;9900.0;0.0
av_SUGAR_d3;33400;INTARIAN_PEPPER_ROOT;10836;22;10833;26;;;10842;21;10844;20;;;10839.0;0.0
av_SUGAR_d3;33500;ASH_COATED_OSMIUM;9895;22;9893;13;;;9904;15;9908;15;;;9899.5;0.0
av_SUGAR_d3;33500;INTARIAN_PEPPER_ROOT;10839;5;10836;12;;;10845;15;10849;18;;;10842.0;0.0
av_SUGAR_d3;33600;ASH_COATED_OSMIUM;9891;12;9889;21;;;9907;14;9909;26;;;9899.0;0.0
av_SUGAR_d3;33600;INTARIAN_PEPPER_ROOT;10842;15;10838;23;;;10848;14;10850;15;;;10845.0;0.0
av_SUGAR_d3;33700;ASH_COATED_OSMIUM;9896;19;9894;18;;;9903;10;9907;15;;;9899.5;0.0
av_SUGAR_d3;33700;INTARIAN_PEPPER_ROOT;10846;15;10842;22;;;10852;13;10854;21;;;10849.0;0.0
av_SUGAR_d3;33800;ASH_COATED_OSMIUM;9895;18;9893;14;;;9904;16;9908;12;;;9899.5;0.0
av_SUGAR_d3;33800;INTARIAN_PEPPER_ROOT;10841;15;10838;18;;;10860;8;10862;14;;;10850.5;0.0
av_SUGAR_d3;33900;ASH_COATED_OSMIUM;9894;12;9891;17;;;9904;18;9908;9;;;9899.0;0.0
av_SUGAR_d3;33900;INTARIAN_PEPPER_ROOT;10848;13;10844;21;;;10860;20;10862;21;;;10854.0;0.0
av_SUGAR_d3;34000;ASH_COATED_OSMIUM;9894;9;9891;21;;;9906;15;9908;15;;;9900.0;0.0
av_SUGAR_d3;34000;INTARIAN_PEPPER_ROOT;10851;13;10847;27;;;10857;17;10859;8;;;10854.0;0.0
av_SUGAR_d3;34100;ASH_COATED_OSMIUM;9892;10;9890;17;;;9907;17;9909;20;;;9899.5;0.0
av_SUGAR_d3;34100;INTARIAN_PEPPER_ROOT;10852;10;10848;14;;;10858;14;10861;14;;;10855.0;0.0
av_SUGAR_d3;34200;ASH_COATED_OSMIUM;9897;13;9894;19;;;9903;17;9905;14;;;9900.0;0.0
av_SUGAR_d3;34200;INTARIAN_PEPPER_ROOT;10846;12;10843;20;;;10865;19;10868;25;;;10855.5;0.0
av_SUGAR_d3;34300;ASH_COATED_OSMIUM;9896;13;9894;32;;;9902;15;9905;14;;;9899.0;0.0
av_SUGAR_d3;34300;INTARIAN_PEPPER_ROOT;10852;9;10849;27;;;10858;16;10861;18;;;10855.0;0.0
av_SUGAR_d3;34400;ASH_COATED_OSMIUM;9895;9;9891;21;;;9903;19;9905;24;;;9899.0;0.0
av_SUGAR_d3;34400;INTARIAN_PEPPER_ROOT;10851;18;10847;27;;;10860;12;10863;23;;;10855.5;0.0
av_SUGAR_d3;34500;ASH_COATED_OSMIUM;9891;16;9888;19;;;9909;16;9913;17;;;9900.0;0.0
av_SUGAR_d3;34500;INTARIAN_PEPPER_ROOT;10849;9;10846;18;;;10862;17;10866;17;;;10855.5;0.0
av_SUGAR_d3;34600;ASH_COATED_OSMIUM;9897;10;9894;20;;;9903;9;9907;17;;;9900.0;0.0
av_SUGAR_d3;34600;INTARIAN_PEPPER_ROOT;10852;20;10848;22;;;10858;15;10862;25;;;10855.0;0.0
av_SUGAR_d3;34700;ASH_COATED_OSMIUM;9897;11;9894;15;;;9904;18;9906;14;;;9900.5;0.0
av_SUGAR_d3;34700;INTARIAN_PEPPER_ROOT;10853;14;10849;17;;;10859;21;10863;15;;;10856.0;0.0
av_SUGAR_d3;34800;ASH_COATED_OSMIUM;9897;21;9895;29;;;9903;15;9907;30;;;9900.0;0.0
av_SUGAR_d3;34800;INTARIAN_PEPPER_ROOT;10853;12;10850;28;;;10860;16;10863;16;;;10856.5;0.0
av_SUGAR_d3;34900;ASH_COATED_OSMIUM;9897;12;9895;20;;;9903;15;9907;17;;;9900.0;0.0
av_SUGAR_d3;34900;INTARIAN_PEPPER_ROOT;10852;24;10850;25;;;10861;11;10863;21;;;10856.5;0.0
av_SUGAR_d3;35000;ASH_COATED_OSMIUM;9896;18;9894;21;;;9902;11;9905;13;;;9899.0;0.0
av_SUGAR_d3;35000;INTARIAN_PEPPER_ROOT;10854;10;10852;14;;;10860;5;10863;23;;;10857.0;0.0
av_SUGAR_d3;35100;ASH_COATED_OSMIUM;9889;13;9885;18;;;9910;12;9912;29;;;9899.5;0.0
av_SUGAR_d3;35100;INTARIAN_PEPPER_ROOT;10855;13;10853;34;;;10861;12;10863;26;;;10858.0;0.0
av_SUGAR_d3;35200;ASH_COATED_OSMIUM;9897;13;9893;18;;;9903;24;9907;18;;;9900.0;0.0
av_SUGAR_d3;35200;INTARIAN_PEPPER_ROOT;10854;12;10851;22;;;10860;10;10862;15;;;10857.0;0.0
av_SUGAR_d3;35300;ASH_COATED_OSMIUM;9895;18;9893;14;;;9906;14;9908;18;;;9900.5;0.0
av_SUGAR_d3;35300;INTARIAN_PEPPER_ROOT;10848;14;10846;13;;;10867;9;10871;19;;;10857.5;0.0
av_SUGAR_d3;35400;ASH_COATED_OSMIUM;9897;7;9894;10;;;9903;14;9906;15;;;9900.0;0.0
av_SUGAR_d3;35400;INTARIAN_PEPPER_ROOT;10852;7;10850;21;;;10863;12;10866;26;;;10857.5;0.0
av_SUGAR_d3;35500;ASH_COATED_OSMIUM;9897;8;9894;19;;;9903;23;9907;17;;;9900.0;0.0
av_SUGAR_d3;35500;INTARIAN_PEPPER_ROOT;10855;21;10851;18;;;10861;22;10864;24;;;10858.0;0.0
av_SUGAR_d3;35600;ASH_COATED_OSMIUM;9897;20;9895;16;;;9903;19;9907;20;;;9900.0;0.0
av_SUGAR_d3;35600;INTARIAN_PEPPER_ROOT;10855;21;10851;20;;;10861;16;10865;20;;;10858.0;0.0
av_SUGAR_d3;35700;ASH_COATED_OSMIUM;9897;15;9895;21;;;9903;21;9907;19;;;9900.0;0.0
av_SUGAR_d3;35700;INTARIAN_PEPPER_ROOT;10849;17;10847;15;;;10868;28;10870;19;;;10858.5;0.0
av_SUGAR_d3;35800;ASH_COATED_OSMIUM;9897;9;9893;17;;;9903;15;9906;8;;;9900.0;0.0
av_SUGAR_d3;35800;INTARIAN_PEPPER_ROOT;10857;12;10855;25;;;10863;14;10865;9;;;10860.0;0.0
av_SUGAR_d3;35900;ASH_COATED_OSMIUM;9897;19;9894;25;;;9903;22;9907;13;;;9900.0;0.0
av_SUGAR_d3;35900;INTARIAN_PEPPER_ROOT;10854;11;10851;21;;;10864;9;10866;13;;;10859.0;0.0
av_SUGAR_d3;36000;ASH_COATED_OSMIUM;9894;10;9892;22;;;9906;17;9909;20;;;9900.0;0.0
av_SUGAR_d3;36000;INTARIAN_PEPPER_ROOT;10855;18;10851;14;;;10863;21;10865;15;;;10859.0;0.0
av_SUGAR_d3;36100;ASH_COATED_OSMIUM;9897;7;9895;17;;;9903;8;9905;19;;;9900.0;0.0
av_SUGAR_d3;36100;INTARIAN_PEPPER_ROOT;10855;11;10852;18;;;10867;11;10871;15;;;10861.0;0.0
av_SUGAR_d3;36200;ASH_COATED_OSMIUM;9895;8;9893;13;;;9905;15;9908;16;;;9900.0;0.0
av_SUGAR_d3;36200;INTARIAN_PEPPER_ROOT;10857;17;10855;8;;;10863;15;10867;19;;;10860.0;0.0
av_SUGAR_d3;36300;ASH_COATED_OSMIUM;9896;19;9893;10;;;9905;20;9908;16;;;9900.5;0.0
av_SUGAR_d3;36300;INTARIAN_PEPPER_ROOT;10857;12;10854;26;;;10863;11;10865;11;;;10860.0;0.0
av_SUGAR_d3;36400;ASH_COATED_OSMIUM;9897;12;9893;13;;;9904;10;9906;27;;;9900.5;0.0
av_SUGAR_d3;36400;INTARIAN_PEPPER_ROOT;10858;19;10854;17;;;10864;14;10867;21;;;10861.0;0.0
av_SUGAR_d3;36500;ASH_COATED_OSMIUM;9898;15;9895;13;;;9904;6;9908;23;;;9901.0;0.0
av_SUGAR_d3;36500;INTARIAN_PEPPER_ROOT;10858;28;10855;13;;;10864;24;10866;22;;;10861.0;0.0
av_SUGAR_d3;36600;ASH_COATED_OSMIUM;9894;17;9892;25;;;9906;16;9908;23;;;9900.0;0.0
av_SUGAR_d3;36600;INTARIAN_PEPPER_ROOT;10847;20;10845;28;;;10875;22;10878;19;;;10861.0;0.0
av_SUGAR_d3;36700;ASH_COATED_OSMIUM;9898;8;9895;12;;;9904;19;9906;16;;;9901.0;0.0
av_SUGAR_d3;36700;INTARIAN_PEPPER_ROOT;10858;10;10856;21;;;10864;19;10866;22;;;10861.0;0.0
av_SUGAR_d3;36800;ASH_COATED_OSMIUM;9898;17;9894;8;;;9904;16;9907;11;;;9901.0;0.0
av_SUGAR_d3;36800;INTARIAN_PEPPER_ROOT;10859;12;10855;14;;;10865;18;10867;20;;;10862.0;0.0
av_SUGAR_d3;36900;ASH_COATED_OSMIUM;9898;24;9896;16;;;9904;9;9907;26;;;9901.0;0.0
av_SUGAR_d3;36900;INTARIAN_PEPPER_ROOT;10850;17;10846;22;;;10873;12;10877;22;;;10861.5;0.0
av_SUGAR_d3;37000;ASH_COATED_OSMIUM;9898;19;9894;19;;;9904;15;9907;18;;;9901.0;0.0
av_SUGAR_d3;37000;INTARIAN_PEPPER_ROOT;10860;25;10856;23;;;10866;17;10870;25;;;10863.0;0.0
av_SUGAR_d3;37100;ASH_COATED_OSMIUM;9894;20;9890;16;;;9907;15;9909;25;;;9900.5;0.0
av_SUGAR_d3;37100;INTARIAN_PEPPER_ROOT;10856;10;10854;19;;;10869;16;10871;25;;;10862.5;0.0
av_SUGAR_d3;37200;ASH_COATED_OSMIUM;9886;15;9882;14;;;9915;21;9918;21;;;9900.5;0.0
av_SUGAR_d3;37200;INTARIAN_PEPPER_ROOT;10860;13;10858;18;;;10866;16;10870;22;;;10863.0;0.0
av_SUGAR_d3;37300;ASH_COATED_OSMIUM;9898;10;9894;15;;;9904;16;9906;20;;;9901.0;0.0
av_SUGAR_d3;37300;INTARIAN_PEPPER_ROOT;10860;9;10856;12;;;10866;12;10868;9;;;10863.0;0.0
av_SUGAR_d3;37400;ASH_COATED_OSMIUM;9898;5;9895;19;;;9904;11;9907;15;;;9901.0;0.0
av_SUGAR_d3;37400;INTARIAN_PEPPER_ROOT;10860;20;10858;16;;;10866;15;10870;20;;;10863.0;0.0
av_SUGAR_d3;37500;ASH_COATED_OSMIUM;9897;19;9895;27;;;9905;13;9907;24;;;9901.0;0.0
av_SUGAR_d3;37500;INTARIAN_PEPPER_ROOT;10853;14;10849;18;;;10874;18;10877;20;;;10863.5;0.0
av_SUGAR_d3;37600;ASH_COATED_OSMIUM;9896;13;9893;15;;;9905;11;9907;15;;;9900.5;0.0
av_SUGAR_d3;37600;INTARIAN_PEPPER_ROOT;10861;6;10857;18;;;10867;15;10869;16;;;10864.0;0.0
av_SUGAR_d3;37700;ASH_COATED_OSMIUM;9898;8;9894;24;;;9904;17;9907;23;;;9901.0;0.0
av_SUGAR_d3;37700;INTARIAN_PEPPER_ROOT;10860;17;10856;14;;;10867;14;10871;19;;;10863.5;0.0
av_SUGAR_d3;37800;ASH_COATED_OSMIUM;9898;5;9894;14;;;9904;7;9908;8;;;9901.0;0.0
av_SUGAR_d3;37800;INTARIAN_PEPPER_ROOT;10861;17;10857;17;;;10867;20;10869;27;;;10864.0;0.0
av_SUGAR_d3;37900;ASH_COATED_OSMIUM;9889;20;9887;24;;;9915;9;9917;26;;;9902.0;0.0
av_SUGAR_d3;37900;INTARIAN_PEPPER_ROOT;10861;16;10857;22;;;10867;25;10870;23;;;10864.0;0.0
av_SUGAR_d3;38000;ASH_COATED_OSMIUM;9898;8;9894;14;;;9904;18;9907;8;;;9901.0;0.0
av_SUGAR_d3;38000;INTARIAN_PEPPER_ROOT;10861;5;10859;12;;;10867;11;10870;17;;;10864.0;0.0
av_SUGAR_d3;38100;ASH_COATED_OSMIUM;9898;13;9895;18;;;9904;14;9908;23;;;9901.0;0.0
av_SUGAR_d3;38100;INTARIAN_PEPPER_ROOT;10861;13;10857;25;;;10870;23;10873;22;;;10865.5;0.0
av_SUGAR_d3;38200;ASH_COATED_OSMIUM;9898;14;9895;21;;;9904;24;9906;22;;;9901.0;0.0
av_SUGAR_d3;38200;INTARIAN_PEPPER_ROOT;10857;19;10854;9;;;10873;8;10877;22;;;10865.0;0.0
av_SUGAR_d3;38300;ASH_COATED_OSMIUM;9892;12;9888;19;;;9911;14;9913;22;;;9901.5;0.0
av_SUGAR_d3;38300;INTARIAN_PEPPER_ROOT;10862;16;10858;17;;;10868;17;10870;19;;;10865.0;0.0
av_SUGAR_d3;38400;ASH_COATED_OSMIUM;9899;12;9896;13;;;9905;21;9909;20;;;9902.0;0.0
av_SUGAR_d3;38400;INTARIAN_PEPPER_ROOT;10853;13;10849;22;;;10879;18;10883;11;;;10866.0;0.0
av_SUGAR_d3;38500;ASH_COATED_OSMIUM;9898;5;9895;21;;;9904;18;9908;18;;;9901.0;0.0
av_SUGAR_d3;38500;INTARIAN_PEPPER_ROOT;10863;10;10860;17;;;10869;15;10873;18;;;10866.0;0.0
av_SUGAR_d3;38600;ASH_COATED_OSMIUM;9898;21;9896;23;;;9904;12;9906;26;;;9901.0;0.0
av_SUGAR_d3;38600;INTARIAN_PEPPER_ROOT;10863;12;10860;28;;;10869;15;10871;23;;;10866.0;0.0
av_SUGAR_d3;38700;ASH_COATED_OSMIUM;9898;13;9894;15;;;9904;9;9908;20;;;9901.0;0.0
av_SUGAR_d3;38700;INTARIAN_PEPPER_ROOT;10861;11;10858;19;;;10871;17;10875;20;;;10866.0;0.0
av_SUGAR_d3;38800;ASH_COATED_OSMIUM;9894;14;9890;19;;;9910;7;9914;16;;;9902.0;0.0
av_SUGAR_d3;38800;INTARIAN_PEPPER_ROOT;10864;8;10860;20;;;10870;8;10874;17;;;10867.0;0.0
av_SUGAR_d3;38900;ASH_COATED_OSMIUM;9898;5;9896;20;;;9904;6;9907;18;;;9901.0;0.0
av_SUGAR_d3;38900;INTARIAN_PEPPER_ROOT;10864;22;10862;23;;;10870;16;10874;26;;;10867.0;0.0
av_SUGAR_d3;39000;ASH_COATED_OSMIUM;9895;16;9893;14;;;9908;14;9911;15;;;9901.5;0.0
av_SUGAR_d3;39000;INTARIAN_PEPPER_ROOT;10863;21;10861;19;;;10872;20;10874;29;;;10867.5;0.0
av_SUGAR_d3;39100;ASH_COATED_OSMIUM;9894;8;9892;21;;;9908;27;9912;23;;;9901.0;0.0
av_SUGAR_d3;39100;INTARIAN_PEPPER_ROOT;10864;17;10862;18;;;10871;18;10874;24;;;10867.5;0.0
av_SUGAR_d3;39200;ASH_COATED_OSMIUM;9899;18;9896;12;;;9905;14;9908;22;;;9902.0;0.0
av_SUGAR_d3;39200;INTARIAN_PEPPER_ROOT;10864;18;10862;28;;;10870;12;10873;25;;;10867.0;0.0
av_SUGAR_d3;39300;ASH_COATED_OSMIUM;9899;17;9895;21;;;9905;13;9908;18;;;9902.0;0.0
av_SUGAR_d3;39300;INTARIAN_PEPPER_ROOT;10864;10;10860;19;;;10870;15;10874;17;;;10867.0;0.0
av_SUGAR_d3;39400;ASH_COATED_OSMIUM;9898;9;9896;20;;;9904;17;9908;8;;;9901.0;0.0
av_SUGAR_d3;39400;INTARIAN_PEPPER_ROOT;10865;16;10862;19;;;10871;12;10873;20;;;10868.0;0.0
av_SUGAR_d3;39500;ASH_COATED_OSMIUM;9889;8;9885;15;;;9914;12;9918;23;;;9901.5;0.0
av_SUGAR_d3;39500;INTARIAN_PEPPER_ROOT;10865;12;10861;24;;;10871;22;10875;14;;;10868.0;0.0
av_SUGAR_d3;39600;ASH_COATED_OSMIUM;9899;19;9896;19;;;9905;8;9907;8;;;9902.0;0.0
av_SUGAR_d3;39600;INTARIAN_PEPPER_ROOT;10864;14;10860;22;;;10874;11;10876;23;;;10869.0;0.0
av_SUGAR_d3;39700;ASH_COATED_OSMIUM;9892;18;9890;21;;;9911;13;9914;20;;;9901.5;0.0
av_SUGAR_d3;39700;INTARIAN_PEPPER_ROOT;10866;7;10864;20;;;10872;16;10874;29;;;10869.0;0.0
av_SUGAR_d3;39800;ASH_COATED_OSMIUM;9899;19;9897;12;;;9905;10;9908;24;;;9902.0;0.0
av_SUGAR_d3;39800;INTARIAN_PEPPER_ROOT;10863;8;10861;23;;;10877;15;10879;14;;;10870.0;0.0
av_SUGAR_d3;39900;ASH_COATED_OSMIUM;9899;13;9895;14;;;9905;10;9907;15;;;9902.0;0.0
av_SUGAR_d3;39900;INTARIAN_PEPPER_ROOT;10867;12;10863;24;;;10873;14;10877;15;;;10870.0;0.0
av_SUGAR_d3;40000;ASH_COATED_OSMIUM;9895;18;9891;26;;;9908;13;9912;16;;;9901.5;0.0
av_SUGAR_d3;40000;INTARIAN_PEPPER_ROOT;10864;14;10862;23;;;10875;15;10878;20;;;10869.5;0.0
av_SUGAR_d3;40100;ASH_COATED_OSMIUM;9899;18;9897;10;;;9905;17;9909;20;;;9902.0;0.0
av_SUGAR_d3;40100;INTARIAN_PEPPER_ROOT;10867;14;10865;22;;;10873;15;10875;16;;;10870.0;0.0
av_SUGAR_d3;40200;ASH_COATED_OSMIUM;9892;11;9888;24;;;9912;10;9914;13;;;9902.0;0.0
av_SUGAR_d3;40200;INTARIAN_PEPPER_ROOT;10861;15;10858;17;;;10878;12;10882;15;;;10869.5;0.0
av_SUGAR_d3;40300;ASH_COATED_OSMIUM;9892;10;9890;18;;;9912;19;9916;10;;;9902.0;0.0
av_SUGAR_d3;40300;INTARIAN_PEPPER_ROOT;10867;10;10864;19;;;10873;19;10877;16;;;10870.0;0.0
av_SUGAR_d3;40400;ASH_COATED_OSMIUM;9899;17;9896;17;;;9906;5;9908;16;;;9902.5;0.0
av_SUGAR_d3;40400;INTARIAN_PEPPER_ROOT;10868;22;10864;25;;;10874;20;10876;16;;;10871.0;0.0
av_SUGAR_d3;40500;ASH_COATED_OSMIUM;9899;13;9895;8;;;9905;18;9907;19;;;9902.0;0.0
av_SUGAR_d3;40500;INTARIAN_PEPPER_ROOT;10867;20;10865;20;;;10875;9;10877;13;;;10871.0;0.0
av_SUGAR_d3;40600;ASH_COATED_OSMIUM;9899;19;9896;21;;;9905;10;9909;13;;;9902.0;0.0
av_SUGAR_d3;40600;INTARIAN_PEPPER_ROOT;10868;14;10866;17;;;10875;16;10878;11;;;10871.5;0.0
av_SUGAR_d3;40700;ASH_COATED_OSMIUM;9899;16;9897;19;;;9905;14;9908;19;;;9902.0;0.0
av_SUGAR_d3;40700;INTARIAN_PEPPER_ROOT;10868;21;10864;12;;;10875;21;10878;24;;;10871.5;0.0
av_SUGAR_d3;40800;ASH_COATED_OSMIUM;9891;6;9889;13;;;9913;13;9917;23;;;9902.0;0.0
av_SUGAR_d3;40800;INTARIAN_PEPPER_ROOT;10869;17;10865;20;;;10875;5;10877;18;;;10872.0;0.0
av_SUGAR_d3;40900;ASH_COATED_OSMIUM;9900;19;9897;15;;;9906;16;9910;23;;;9903.0;0.0
av_SUGAR_d3;40900;INTARIAN_PEPPER_ROOT;10869;7;10865;22;;;10875;14;10877;26;;;10872.0;0.0
av_SUGAR_d3;41000;ASH_COATED_OSMIUM;9896;5;9893;14;;;9907;19;9909;23;;;9901.5;0.0
av_SUGAR_d3;41000;INTARIAN_PEPPER_ROOT;10862;5;10860;12;;;10883;10;10885;15;;;10872.5;0.0
av_SUGAR_d3;41100;ASH_COATED_OSMIUM;9898;22;9894;29;;;9907;23;9910;19;;;9902.5;0.0
av_SUGAR_d3;41100;INTARIAN_PEPPER_ROOT;10869;13;10865;21;;;10875;8;10878;24;;;10872.0;0.0
av_SUGAR_d3;41200;ASH_COATED_OSMIUM;9899;8;9896;15;;;9905;15;9908;24;;;9902.0;0.0
av_SUGAR_d3;41200;INTARIAN_PEPPER_ROOT;10870;20;10866;15;;;10876;21;10879;24;;;10873.0;0.0
av_SUGAR_d3;41300;ASH_COATED_OSMIUM;9900;18;9897;19;;;9906;26;9908;17;;;9903.0;0.0
av_SUGAR_d3;41300;INTARIAN_PEPPER_ROOT;10869;14;10867;17;;;10877;13;10879;17;;;10873.0;0.0
av_SUGAR_d3;41400;ASH_COATED_OSMIUM;9896;15;9893;15;;;9908;12;9911;24;;;9902.0;0.0
av_SUGAR_d3;41400;INTARIAN_PEPPER_ROOT;10871;15;10867;20;;;10877;13;10881;21;;;10874.0;0.0
av_SUGAR_d3;41500;ASH_COATED_OSMIUM;9898;21;9894;11;;;9907;18;9910;21;;;9902.5;0.0
av_SUGAR_d3;41500;INTARIAN_PEPPER_ROOT;10871;9;10867;19;;;10877;10;10880;13;;;10874.0;0.0
av_SUGAR_d3;41600;ASH_COATED_OSMIUM;9899;13;9895;20;;;9905;14;9909;14;;;9902.0;0.0
av_SUGAR_d3;41600;INTARIAN_PEPPER_ROOT;10871;19;10867;19;;;10877;14;10881;15;;;10874.0;0.0
av_SUGAR_d3;41700;ASH_COATED_OSMIUM;9898;5;9894;24;;;9907;9;9910;27;;;9902.5;0.0
av_SUGAR_d3;41700;INTARIAN_PEPPER_ROOT;10869;6;10866;24;;;10880;13;10882;18;;;10874.5;0.0
av_SUGAR_d3;41800;ASH_COATED_OSMIUM;9899;16;9897;26;;;9905;21;9908;20;;;9902.0;0.0
av_SUGAR_d3;41800;INTARIAN_PEPPER_ROOT;10864;21;10861;16;;;10885;15;10887;25;;;10874.5;0.0
av_SUGAR_d3;41900;ASH_COATED_OSMIUM;9894;10;9890;23;;;9911;9;9915;18;;;9902.5;0.0
av_SUGAR_d3;41900;INTARIAN_PEPPER_ROOT;10872;24;10870;30;;;10878;11;10880;8;;;10875.0;0.0
av_SUGAR_d3;42000;ASH_COATED_OSMIUM;9899;18;9895;21;;;9905;22;9909;23;;;9902.0;0.0
av_SUGAR_d3;42000;INTARIAN_PEPPER_ROOT;10872;8;10868;16;;;10878;18;10880;20;;;10875.0;0.0
av_SUGAR_d3;42100;ASH_COATED_OSMIUM;9899;18;9895;20;;;9905;10;9908;31;;;9902.0;0.0
av_SUGAR_d3;42100;INTARIAN_PEPPER_ROOT;10869;21;10867;22;;;10881;14;10885;15;;;10875.0;0.0
av_SUGAR_d3;42200;ASH_COATED_OSMIUM;9899;9;9896;13;;;9905;19;9907;20;;;9902.0;0.0
av_SUGAR_d3;42200;INTARIAN_PEPPER_ROOT;10872;19;10869;18;;;10879;10;10881;16;;;10875.5;0.0
av_SUGAR_d3;42300;ASH_COATED_OSMIUM;9899;10;9895;20;;;9905;18;9908;28;;;9902.0;0.0
av_SUGAR_d3;42300;INTARIAN_PEPPER_ROOT;10873;10;10871;22;;;10879;16;10883;10;;;10876.0;0.0
av_SUGAR_d3;42400;ASH_COATED_OSMIUM;9876;13;9874;14;;;9930;14;9933;13;;;9903.0;0.0
av_SUGAR_d3;42400;INTARIAN_PEPPER_ROOT;10873;14;10870;22;;;10879;11;10881;19;;;10876.0;0.0
av_SUGAR_d3;42500;ASH_COATED_OSMIUM;9900;17;9896;14;;;9906;22;9908;24;;;9903.0;0.0
av_SUGAR_d3;42500;INTARIAN_PEPPER_ROOT;10869;11;10867;19;;;10883;11;10885;16;;;10876.0;0.0
av_SUGAR_d3;42600;ASH_COATED_OSMIUM;9900;10;9898;14;;;9906;14;9908;19;;;9903.0;0.0
av_SUGAR_d3;42600;INTARIAN_PEPPER_ROOT;10873;15;10870;21;;;10879;11;10881;15;;;10876.0;0.0
av_SUGAR_d3;42700;ASH_COATED_OSMIUM;9899;14;9897;18;;;9905;21;9909;22;;;9902.0;0.0
av_SUGAR_d3;42700;INTARIAN_PEPPER_ROOT;10861;15;10857;23;;;10893;17;10896;17;;;10877.0;0.0
av_SUGAR_d3;42800;ASH_COATED_OSMIUM;9889;17;9885;17;;;9917;7;9921;21;;;9903.0;0.0
av_SUGAR_d3;42800;INTARIAN_PEPPER_ROOT;10868;24;10864;28;;;10885;16;10887;22;;;10876.5;0.0
av_SUGAR_d3;42900;ASH_COATED_OSMIUM;9899;21;9896;21;;;9906;16;9909;16;;;9902.5;0.0
av_SUGAR_d3;42900;INTARIAN_PEPPER_ROOT;10873;22;10870;13;;;10880;11;10883;17;;;10876.5;0.0
av_SUGAR_d3;43000;ASH_COATED_OSMIUM;9899;26;9897;22;;;9905;21;9909;18;;;9902.0;0.0
av_SUGAR_d3;43000;INTARIAN_PEPPER_ROOT;10871;20;10869;8;;;10884;18;10886;21;;;10877.5;0.0
av_SUGAR_d3;43100;ASH_COATED_OSMIUM;9900;5;9896;16;;;9906;16;9909;18;;;9903.0;0.0
av_SUGAR_d3;43100;INTARIAN_PEPPER_ROOT;10870;18;10866;24;;;10885;21;10888;19;;;10877.5;0.0
av_SUGAR_d3;43200;ASH_COATED_OSMIUM;9890;5;9887;20;;;9915;19;9917;27;;;9902.5;0.0
av_SUGAR_d3;43200;INTARIAN_PEPPER_ROOT;10875;10;10873;19;;;10881;18;10885;28;;;10878.0;0.0
av_SUGAR_d3;43300;ASH_COATED_OSMIUM;9897;11;9894;18;;;9908;21;9912;29;;;9902.5;0.0
av_SUGAR_d3;43300;INTARIAN_PEPPER_ROOT;10875;7;10871;12;;;10883;18;10885;18;;;10879.0;0.0
av_SUGAR_d3;43400;ASH_COATED_OSMIUM;9892;21;9889;23;;;9914;10;9918;24;;;9903.0;0.0
av_SUGAR_d3;43400;INTARIAN_PEPPER_ROOT;10876;19;10873;34;;;10882;16;10885;20;;;10879.0;0.0
av_SUGAR_d3;43500;ASH_COATED_OSMIUM;9900;11;9898;26;;;9906;9;9908;20;;;9903.0;0.0
av_SUGAR_d3;43500;INTARIAN_PEPPER_ROOT;10876;15;10873;20;;;10882;10;10884;22;;;10879.0;0.0
av_SUGAR_d3;43600;ASH_COATED_OSMIUM;9900;10;9897;19;;;9906;14;9908;15;;;9903.0;0.0
av_SUGAR_d3;43600;INTARIAN_PEPPER_ROOT;10873;12;10871;20;;;10884;17;10886;12;;;10878.5;0.0
av_SUGAR_d3;43700;ASH_COATED_OSMIUM;9898;10;9896;15;;;9909;15;9913;20;;;9903.5;0.0
av_SUGAR_d3;43700;INTARIAN_PEPPER_ROOT;10876;16;10873;20;;;10882;18;10886;30;;;10879.0;0.0
av_SUGAR_d3;43800;ASH_COATED_OSMIUM;9900;21;9896;19;;;9906;18;9909;11;;;9903.0;0.0
av_SUGAR_d3;43800;INTARIAN_PEPPER_ROOT;10872;17;10869;18;;;10886;10;10889;17;;;10879.0;0.0
av_SUGAR_d3;43900;ASH_COATED_OSMIUM;9900;11;9897;21;;;9906;10;9909;20;;;9903.0;0.0
av_SUGAR_d3;43900;INTARIAN_PEPPER_ROOT;10877;13;10875;27;;;10883;5;10885;22;;;10880.0;0.0
av_SUGAR_d3;44000;ASH_COATED_OSMIUM;9895;5;9893;18;;;9911;12;9915;19;;;9903.0;0.0
av_SUGAR_d3;44000;INTARIAN_PEPPER_ROOT;10877;8;10873;22;;;10883;16;10886;9;;;10880.0;0.0
av_SUGAR_d3;44100;ASH_COATED_OSMIUM;9900;11;9897;30;;;9906;24;9910;17;;;9903.0;0.0
av_SUGAR_d3;44100;INTARIAN_PEPPER_ROOT;10877;16;10873;18;;;10883;16;10885;8;;;10880.0;0.0
av_SUGAR_d3;44200;ASH_COATED_OSMIUM;9899;16;9895;23;;;9908;14;9911;19;;;9903.5;0.0
av_SUGAR_d3;44200;INTARIAN_PEPPER_ROOT;10870;18;10868;11;;;10890;19;10892;21;;;10880.0;0.0
av_SUGAR_d3;44300;ASH_COATED_OSMIUM;9892;16;9888;22;;;9914;15;9917;18;;;9903.0;0.0
av_SUGAR_d3;44300;INTARIAN_PEPPER_ROOT;10878;23;10876;15;;;10884;8;10888;19;;;10881.0;0.0
av_SUGAR_d3;44400;ASH_COATED_OSMIUM;9900;15;9896;23;;;9906;10;9908;23;;;9903.0;0.0
av_SUGAR_d3;44400;INTARIAN_PEPPER_ROOT;10878;12;10876;10;;;10884;11;10888;24;;;10881.0;0.0
av_SUGAR_d3;44500;ASH_COATED_OSMIUM;9900;19;9898;20;;;9906;21;9908;11;;;9903.0;0.0
av_SUGAR_d3;44500;INTARIAN_PEPPER_ROOT;10875;19;10873;23;;;10887;18;10889;18;;;10881.0;0.0
av_SUGAR_d3;44600;ASH_COATED_OSMIUM;9899;17;9896;22;;;9908;10;9911;18;;;9903.5;0.0
av_SUGAR_d3;44600;INTARIAN_PEPPER_ROOT;10875;19;10873;14;;;10888;24;10891;16;;;10881.5;0.0
av_SUGAR_d3;44700;ASH_COATED_OSMIUM;9901;11;9898;24;;;9907;23;9909;10;;;9904.0;0.0
av_SUGAR_d3;44700;INTARIAN_PEPPER_ROOT;10879;15;10875;23;;;10885;9;10887;14;;;10882.0;0.0
av_SUGAR_d3;44800;ASH_COATED_OSMIUM;9901;15;9899;24;;;9907;12;9911;14;;;9904.0;0.0
av_SUGAR_d3;44800;INTARIAN_PEPPER_ROOT;10878;15;10875;13;;;10886;18;10890;20;;;10882.0;0.0
av_SUGAR_d3;44900;ASH_COATED_OSMIUM;9900;11;9897;25;;;9908;19;9912;24;;;9904.0;0.0
av_SUGAR_d3;44900;INTARIAN_PEPPER_ROOT;10879;25;10877;19;;;10886;17;10889;21;;;10882.5;0.0
av_SUGAR_d3;45000;ASH_COATED_OSMIUM;9900;19;9898;10;;;9907;6;9909;28;;;9903.5;0.0
av_SUGAR_d3;45000;INTARIAN_PEPPER_ROOT;10880;8;10876;20;;;10886;17;10890;11;;;10883.0;0.0
av_SUGAR_d3;45100;ASH_COATED_OSMIUM;9900;13;9896;26;;;9906;13;9908;15;;;9903.0;0.0
av_SUGAR_d3;45100;INTARIAN_PEPPER_ROOT;10880;12;10876;20;;;10886;5;10889;12;;;10883.0;0.0
av_SUGAR_d3;45200;ASH_COATED_OSMIUM;9899;16;9896;10;;;9908;17;9912;19;;;9903.5;0.0
av_SUGAR_d3;45200;INTARIAN_PEPPER_ROOT;10880;15;10878;22;;;10886;7;10890;24;;;10883.0;0.0
av_SUGAR_d3;45300;ASH_COATED_OSMIUM;9899;12;9896;10;;;9908;12;9910;14;;;9903.5;0.0
av_SUGAR_d3;45300;INTARIAN_PEPPER_ROOT;10880;21;10877;18;;;10886;16;10888;22;;;10883.0;0.0
av_SUGAR_d3;45400;ASH_COATED_OSMIUM;9901;13;9897;23;;;9907;8;9911;15;;;9904.0;0.0
av_SUGAR_d3;45400;INTARIAN_PEPPER_ROOT;10881;19;10878;13;;;10887;13;10889;33;;;10884.0;0.0
av_SUGAR_d3;45500;ASH_COATED_OSMIUM;9901;16;9899;20;;;9907;5;9910;26;;;9904.0;0.0
av_SUGAR_d3;45500;INTARIAN_PEPPER_ROOT;10874;17;10870;23;;;10894;11;10897;17;;;10884.0;0.0
av_SUGAR_d3;45600;ASH_COATED_OSMIUM;9895;12;9891;16;;;9913;20;9917;24;;;9904.0;0.0
av_SUGAR_d3;45600;INTARIAN_PEPPER_ROOT;10881;16;10878;20;;;10887;24;10890;14;;;10884.0;0.0
av_SUGAR_d3;45700;ASH_COATED_OSMIUM;9901;20;9897;24;;;9907;12;9911;24;;;9904.0;0.0
av_SUGAR_d3;45700;INTARIAN_PEPPER_ROOT;10881;15;10879;21;;;10887;20;10891;12;;;10884.0;0.0
av_SUGAR_d3;45800;ASH_COATED_OSMIUM;9901;9;9897;24;;;9907;20;9911;17;;;9904.0;0.0
av_SUGAR_d3;45800;INTARIAN_PEPPER_ROOT;10878;13;10874;18;;;10892;13;10896;18;;;10885.0;0.0
av_SUGAR_d3;45900;ASH_COATED_OSMIUM;9901;15;9898;22;;;9907;18;9911;24;;;9904.0;0.0
av_SUGAR_d3;45900;INTARIAN_PEPPER_ROOT;10882;12;10878;24;;;10888;18;10892;22;;;10885.0;0.0
av_SUGAR_d3;46000;ASH_COATED_OSMIUM;9900;24;9898;8;;;9909;8;9911;21;;;9904.5;0.0
av_SUGAR_d3;46000;INTARIAN_PEPPER_ROOT;10880;13;10878;11;;;10890;12;10894;21;;;10885.0;0.0
av_SUGAR_d3;46100;ASH_COATED_OSMIUM;9889;6;9885;17;;;9918;12;9922;22;;;9903.5;0.0
av_SUGAR_d3;46100;INTARIAN_PEPPER_ROOT;10883;10;10881;23;;;10889;9;10892;24;;;10886.0;0.0
av_SUGAR_d3;46200;ASH_COATED_OSMIUM;9895;20;9891;22;;;9912;20;9915;15;;;9903.5;0.0
av_SUGAR_d3;46200;INTARIAN_PEPPER_ROOT;10881;27;10877;22;;;10891;11;10893;19;;;10886.0;0.0
av_SUGAR_d3;46300;ASH_COATED_OSMIUM;9901;6;9899;18;;;9907;10;9909;21;;;9904.0;0.0
av_SUGAR_d3;46300;INTARIAN_PEPPER_ROOT;10883;14;10881;10;;;10890;12;10892;12;;;10886.5;0.0
av_SUGAR_d3;46400;ASH_COATED_OSMIUM;9901;5;9899;25;;;9907;22;9909;27;;;9904.0;0.0
av_SUGAR_d3;46400;INTARIAN_PEPPER_ROOT;10875;14;10871;21;;;10897;25;10899;24;;;10886.0;0.0
av_SUGAR_d3;46500;ASH_COATED_OSMIUM;9899;17;9897;21;;;9909;16;9911;8;;;9904.0;0.0
av_SUGAR_d3;46500;INTARIAN_PEPPER_ROOT;10882;14;10878;22;;;10890;15;10894;29;;;10886.0;0.0
av_SUGAR_d3;46600;ASH_COATED_OSMIUM;9901;15;9898;25;;;9907;18;9910;18;;;9904.0;0.0
av_SUGAR_d3;46600;INTARIAN_PEPPER_ROOT;10874;15;10870;24;;;10901;24;10903;17;;;10887.5;0.0
av_SUGAR_d3;46700;ASH_COATED_OSMIUM;9901;14;9898;27;;;9907;7;9910;8;;;9904.0;0.0
av_SUGAR_d3;46700;INTARIAN_PEPPER_ROOT;10884;10;10880;15;;;10890;14;10892;19;;;10887.0;0.0
av_SUGAR_d3;46800;ASH_COATED_OSMIUM;9901;11;9899;20;;;9907;10;9911;17;;;9904.0;0.0
av_SUGAR_d3;46800;INTARIAN_PEPPER_ROOT;10884;17;10882;25;;;10890;16;10894;17;;;10887.0;0.0
av_SUGAR_d3;46900;ASH_COATED_OSMIUM;9902;16;9900;18;;;9908;5;9912;27;;;9905.0;0.0
av_SUGAR_d3;46900;INTARIAN_PEPPER_ROOT;10885;14;10882;15;;;10891;11;10894;19;;;10888.0;0.0
av_SUGAR_d3;47000;ASH_COATED_OSMIUM;9902;14;9900;17;;;9908;9;9911;26;;;9905.0;0.0
av_SUGAR_d3;47000;INTARIAN_PEPPER_ROOT;10879;17;10875;16;;;10896;14;10898;21;;;10887.5;0.0
av_SUGAR_d3;47100;ASH_COATED_OSMIUM;9891;27;9889;15;;;9918;13;9921;27;;;9904.5;0.0
av_SUGAR_d3;47100;INTARIAN_PEPPER_ROOT;10885;18;10882;22;;;10892;11;10896;25;;;10888.5;0.0
av_SUGAR_d3;47200;ASH_COATED_OSMIUM;9901;15;9897;20;;;9907;12;9909;15;;;9904.0;0.0
av_SUGAR_d3;47200;INTARIAN_PEPPER_ROOT;10876;18;10872;20;;;10900;23;10903;17;;;10888.0;0.0
av_SUGAR_d3;47300;ASH_COATED_OSMIUM;9902;8;9900;19;;;9908;15;9910;15;;;9905.0;0.0
av_SUGAR_d3;47300;INTARIAN_PEPPER_ROOT;10874;12;10872;19;;;10902;11;10906;15;;;10888.0;0.0
av_SUGAR_d3;47400;ASH_COATED_OSMIUM;9901;15;9898;13;;;9907;5;9909;31;;;9904.0;0.0
av_SUGAR_d3;47400;INTARIAN_PEPPER_ROOT;10884;14;10880;15;;;10893;15;10895;13;;;10888.5;0.0
av_SUGAR_d3;47500;ASH_COATED_OSMIUM;9901;16;9898;15;;;9907;18;9911;17;;;9904.0;0.0
av_SUGAR_d3;47500;INTARIAN_PEPPER_ROOT;10882;11;10878;17;;;10898;15;10901;15;;;10890.0;0.0
av_SUGAR_d3;47600;ASH_COATED_OSMIUM;9901;23;9899;18;;;9907;13;9910;23;;;9904.0;0.0
av_SUGAR_d3;47600;INTARIAN_PEPPER_ROOT;10885;13;10882;17;;;10893;13;10896;16;;;10889.0;0.0
av_SUGAR_d3;47700;ASH_COATED_OSMIUM;9901;16;9899;27;;;9907;9;9909;24;;;9904.0;0.0
av_SUGAR_d3;47700;INTARIAN_PEPPER_ROOT;10886;18;10883;20;;;10894;15;10897;15;;;10890.0;0.0
av_SUGAR_d3;47800;ASH_COATED_OSMIUM;9901;19;9898;9;;;9907;5;9910;23;;;9904.0;0.0
av_SUGAR_d3;47800;INTARIAN_PEPPER_ROOT;10884;8;10882;19;;;10895;21;10898;16;;;10889.5;0.0
av_SUGAR_d3;47900;ASH_COATED_OSMIUM;9899;24;9897;16;;;9909;14;9913;18;;;9904.0;0.0
av_SUGAR_d3;47900;INTARIAN_PEPPER_ROOT;10887;16;10883;23;;;10893;21;10896;18;;;10890.0;0.0
av_SUGAR_d3;48000;ASH_COATED_OSMIUM;9902;16;9900;25;;;9908;11;9910;22;;;9905.0;0.0
av_SUGAR_d3;48000;INTARIAN_PEPPER_ROOT;10887;23;10884;20;;;10893;9;10897;22;;;10890.0;0.0
av_SUGAR_d3;48100;ASH_COATED_OSMIUM;9902;17;9900;17;;;9908;16;9910;15;;;9905.0;0.0
av_SUGAR_d3;48100;INTARIAN_PEPPER_ROOT;10888;14;10884;19;;;10894;9;10896;17;;;10891.0;0.0
av_SUGAR_d3;48200;ASH_COATED_OSMIUM;9889;18;9885;20;;;9921;20;9924;10;;;9905.0;0.0
av_SUGAR_d3;48200;INTARIAN_PEPPER_ROOT;10887;18;10884;15;;;10894;9;10896;20;;;10890.5;0.0
av_SUGAR_d3;48300;ASH_COATED_OSMIUM;9902;19;9900;15;;;9908;17;9911;17;;;9905.0;0.0
av_SUGAR_d3;48300;INTARIAN_PEPPER_ROOT;10888;17;10884;22;;;10894;18;10898;17;;;10891.0;0.0
av_SUGAR_d3;48400;ASH_COATED_OSMIUM;9896;27;9894;14;;;9914;15;9917;22;;;9905.0;0.0
av_SUGAR_d3;48400;INTARIAN_PEPPER_ROOT;10889;5;10885;23;;;10895;7;10897;28;;;10892.0;0.0
av_SUGAR_d3;48500;ASH_COATED_OSMIUM;9901;13;9899;18;;;9907;26;9910;23;;;9904.0;0.0
av_SUGAR_d3;48500;INTARIAN_PEPPER_ROOT;10888;9;10885;9;;;10895;5;10898;19;;;10891.5;0.0
av_SUGAR_d3;48600;ASH_COATED_OSMIUM;9900;20;9898;20;;;9910;9;9912;18;;;9905.0;0.0
av_SUGAR_d3;48600;INTARIAN_PEPPER_ROOT;10889;14;10887;14;;;10895;25;10899;25;;;10892.0;0.0
av_SUGAR_d3;48700;ASH_COATED_OSMIUM;9887;9;9883;23;;;9924;19;9927;13;;;9905.5;0.0
av_SUGAR_d3;48700;INTARIAN_PEPPER_ROOT;10889;20;10887;13;;;10895;11;10898;21;;;10892.0;0.0
av_SUGAR_d3;48800;ASH_COATED_OSMIUM;9901;27;9897;13;;;9907;10;9909;17;;;9904.0;0.0
av_SUGAR_d3;48800;INTARIAN_PEPPER_ROOT;10888;11;10885;21;;;10898;20;10901;14;;;10893.0;0.0
av_SUGAR_d3;48900;ASH_COATED_OSMIUM;9901;20;9899;10;;;9909;13;9911;19;;;9905.0;0.0
av_SUGAR_d3;48900;INTARIAN_PEPPER_ROOT;10890;15;10887;16;;;10896;14;10898;16;;;10893.0;0.0
av_SUGAR_d3;49000;ASH_COATED_OSMIUM;9901;15;9899;22;;;9907;10;9910;17;;;9904.0;0.0
av_SUGAR_d3;49000;INTARIAN_PEPPER_ROOT;10889;14;10886;19;;;10895;18;10897;17;;;10892.0;0.0
av_SUGAR_d3;49100;ASH_COATED_OSMIUM;9900;13;9898;15;;;9911;23;9913;16;;;9905.5;0.0
av_SUGAR_d3;49100;INTARIAN_PEPPER_ROOT;10891;18;10887;15;;;10897;5;10900;15;;;10894.0;0.0
av_SUGAR_d3;49200;ASH_COATED_OSMIUM;9901;13;9898;19;;;9910;17;9912;20;;;9905.5;0.0
av_SUGAR_d3;49200;INTARIAN_PEPPER_ROOT;10890;14;10886;19;;;10896;18;10898;19;;;10893.0;0.0
av_SUGAR_d3;49300;ASH_COATED_OSMIUM;9900;18;9896;18;;;9910;22;9913;22;;;9905.0;0.0
av_SUGAR_d3;49300;INTARIAN_PEPPER_ROOT;10891;14;10889;16;;;10897;14;10900;25;;;10894.0;0.0
av_SUGAR_d3;49400;ASH_COATED_OSMIUM;9902;12;9898;29;;;9908;14;9912;19;;;9905.0;0.0
av_SUGAR_d3;49400;INTARIAN_PEPPER_ROOT;10891;16;10887;17;;;10897;14;10901;24;;;10894.0;0.0
av_SUGAR_d3;49500;ASH_COATED_OSMIUM;9896;16;9893;20;;;9915;10;9919;25;;;9905.5;0.0
av_SUGAR_d3;49500;INTARIAN_PEPPER_ROOT;10891;17;10887;17;;;10897;20;10899;18;;;10894.0;0.0
av_SUGAR_d3;49600;ASH_COATED_OSMIUM;9902;17;9898;24;;;9908;19;9910;13;;;9905.0;0.0
av_SUGAR_d3;49600;INTARIAN_PEPPER_ROOT;10888;15;10884;22;;;10903;21;10907;17;;;10895.5;0.0
av_SUGAR_d3;49700;ASH_COATED_OSMIUM;9902;17;9899;26;;;9908;16;9910;11;;;9905.0;0.0
av_SUGAR_d3;49700;INTARIAN_PEPPER_ROOT;10885;15;10881;24;;;10905;13;10909;19;;;10895.0;0.0
av_SUGAR_d3;49800;ASH_COATED_OSMIUM;9902;15;9899;17;;;9908;17;9910;16;;;9905.0;0.0
av_SUGAR_d3;49800;INTARIAN_PEPPER_ROOT;10885;14;10881;19;;;10905;22;10907;24;;;10895.0;0.0
av_SUGAR_d3;49900;ASH_COATED_OSMIUM;9900;22;9897;32;;;9910;16;9912;29;;;9905.0;0.0
av_SUGAR_d3;49900;INTARIAN_PEPPER_ROOT;10892;10;10890;21;;;10898;17;10901;17;;;10895.0;0.0
av_SUGAR_d3;50000;ASH_COATED_OSMIUM;9897;21;9895;13;;;9914;15;9918;16;;;9905.5;0.0
av_SUGAR_d3;50000;INTARIAN_PEPPER_ROOT;10891;13;10887;23;;;10900;13;10904;19;;;10895.5;0.0
av_SUGAR_d3;50100;ASH_COATED_OSMIUM;9903;20;9901;29;;;9909;14;9912;19;;;9906.0;0.0
av_SUGAR_d3;50100;INTARIAN_PEPPER_ROOT;10892;12;10890;18;;;10898;14;10902;22;;;10895.0;0.0
av_SUGAR_d3;50200;ASH_COATED_OSMIUM;9892;18;9889;28;;;9920;10;9924;21;;;9906.0;0.0
av_SUGAR_d3;50200;INTARIAN_PEPPER_ROOT;10893;11;10890;24;;;10899;14;10903;16;;;10896.0;0.0
av_SUGAR_d3;50300;ASH_COATED_OSMIUM;9903;21;9901;23;;;9909;23;9912;23;;;9906.0;0.0
av_SUGAR_d3;50300;INTARIAN_PEPPER_ROOT;10893;23;10889;17;;;10900;11;10904;17;;;10896.5;0.0
av_SUGAR_d3;50400;ASH_COATED_OSMIUM;9902;25;9898;27;;;9908;9;9910;14;;;9905.0;0.0
av_SUGAR_d3;50400;INTARIAN_PEPPER_ROOT;10893;8;10891;23;;;10899;12;10902;18;;;10896.0;0.0
av_SUGAR_d3;50500;ASH_COATED_OSMIUM;9899;9;9895;22;;;9912;16;9916;16;;;9905.5;0.0
av_SUGAR_d3;50500;INTARIAN_PEPPER_ROOT;10894;10;10892;24;;;10900;19;10903;21;;;10897.0;0.0
av_SUGAR_d3;50600;ASH_COATED_OSMIUM;9903;18;9901;15;;;9909;5;9912;19;;;9906.0;0.0
av_SUGAR_d3;50600;INTARIAN_PEPPER_ROOT;10891;11;10889;19;;;10903;13;10906;26;;;10897.0;0.0
av_SUGAR_d3;50700;ASH_COATED_OSMIUM;9902;17;9899;28;;;9908;19;9910;14;;;9905.0;0.0
av_SUGAR_d3;50700;INTARIAN_PEPPER_ROOT;10893;20;10889;8;;;10903;10;10905;21;;;10898.0;0.0
av_SUGAR_d3;50800;ASH_COATED_OSMIUM;9903;10;9899;20;;;9909;11;9913;16;;;9906.0;0.0
av_SUGAR_d3;50800;INTARIAN_PEPPER_ROOT;10895;14;10891;18;;;10901;12;10903;22;;;10898.0;0.0
av_SUGAR_d3;50900;ASH_COATED_OSMIUM;9902;15;9900;12;;;9908;13;9910;27;;;9905.0;0.0
av_SUGAR_d3;50900;INTARIAN_PEPPER_ROOT;10893;15;10890;23;;;10902;24;10906;19;;;10897.5;0.0
av_SUGAR_d3;51000;ASH_COATED_OSMIUM;9903;15;9900;18;;;9909;18;9911;11;;;9906.0;0.0
av_SUGAR_d3;51000;INTARIAN_PEPPER_ROOT;10889;19;10885;15;;;10904;21;10908;22;;;10896.5;0.0
av_SUGAR_d3;51100;ASH_COATED_OSMIUM;9892;11;9889;14;;;9920;18;9923;12;;;9906.0;0.0
av_SUGAR_d3;51100;INTARIAN_PEPPER_ROOT;10887;13;10884;20;;;10904;18;10906;15;;;10895.5;0.0
av_SUGAR_d3;51200;ASH_COATED_OSMIUM;9903;19;9900;10;;;9909;15;9911;18;;;9906.0;0.0
av_SUGAR_d3;51200;INTARIAN_PEPPER_ROOT;10891;12;10888;25;;;10897;13;10899;16;;;10894.0;0.0
av_SUGAR_d3;51300;ASH_COATED_OSMIUM;9903;7;9899;14;;;9909;15;9911;19;;;9906.0;0.0
av_SUGAR_d3;51300;INTARIAN_PEPPER_ROOT;10886;19;10882;12;;;10900;13;10903;26;;;10893.0;0.0
av_SUGAR_d3;51400;ASH_COATED_OSMIUM;9897;11;9895;17;;;9916;14;9918;16;;;9906.5;0.0
av_SUGAR_d3;51400;INTARIAN_PEPPER_ROOT;10889;16;10886;18;;;10897;17;10900;12;;;10893.0;0.0
av_SUGAR_d3;51500;ASH_COATED_OSMIUM;9891;13;9887;26;;;9921;11;9923;22;;;9906.0;0.0
av_SUGAR_d3;51500;INTARIAN_PEPPER_ROOT;10889;15;10887;14;;;10895;22;10898;11;;;10892.0;0.0
av_SUGAR_d3;51600;ASH_COATED_OSMIUM;9903;16;9901;24;;;9909;20;9912;23;;;9906.0;0.0
av_SUGAR_d3;51600;INTARIAN_PEPPER_ROOT;10886;18;10882;11;;;10897;6;10901;14;;;10891.5;0.0
av_SUGAR_d3;51700;ASH_COATED_OSMIUM;9900;23;9897;18;;;9911;13;9915;21;;;9905.5;0.0
av_SUGAR_d3;51700;INTARIAN_PEPPER_ROOT;10887;11;10883;28;;;10893;17;10897;26;;;10890.0;0.0
av_SUGAR_d3;51800;ASH_COATED_OSMIUM;9903;27;9899;24;;;9909;17;9913;21;;;9906.0;0.0
av_SUGAR_d3;51800;INTARIAN_PEPPER_ROOT;10885;19;10881;21;;;10894;10;10898;14;;;10889.5;0.0
av_SUGAR_d3;51900;ASH_COATED_OSMIUM;9903;12;9901;19;;;9909;18;9913;30;;;9906.0;0.0
av_SUGAR_d3;51900;INTARIAN_PEPPER_ROOT;10886;15;10883;30;;;10892;14;10895;21;;;10889.0;0.0
av_SUGAR_d3;52000;ASH_COATED_OSMIUM;9903;15;9900;20;;;9909;9;9912;15;;;9906.0;0.0
av_SUGAR_d3;52000;INTARIAN_PEPPER_ROOT;10874;5;10871;18;;;10902;16;10904;11;;;10888.0;0.0
av_SUGAR_d3;52100;ASH_COATED_OSMIUM;9903;23;9901;26;;;9909;16;9911;18;;;9906.0;0.0
av_SUGAR_d3;52100;INTARIAN_PEPPER_ROOT;10885;20;10881;20;;;10891;11;10893;23;;;10888.0;0.0
av_SUGAR_d3;52200;ASH_COATED_OSMIUM;9903;17;9900;16;;;9909;23;9911;17;;;9906.0;0.0
av_SUGAR_d3;52200;INTARIAN_PEPPER_ROOT;10878;22;10875;25;;;10895;15;10898;25;;;10886.5;0.0
av_SUGAR_d3;52300;ASH_COATED_OSMIUM;9898;12;9894;33;;;9913;15;9916;24;;;9905.5;0.0
av_SUGAR_d3;52300;INTARIAN_PEPPER_ROOT;10882;20;10880;18;;;10889;16;10891;23;;;10885.5;0.0
av_SUGAR_d3;52400;ASH_COATED_OSMIUM;9903;17;9901;19;;;9909;11;9911;29;;;9906.0;0.0
av_SUGAR_d3;52400;INTARIAN_PEPPER_ROOT;10882;8;10880;23;;;10888;8;10891;23;;;10885.0;0.0
av_SUGAR_d3;52500;ASH_COATED_OSMIUM;9897;8;9894;16;;;9915;9;9917;20;;;9906.0;0.0
av_SUGAR_d3;52500;INTARIAN_PEPPER_ROOT;10881;7;10878;16;;;10887;21;10891;12;;;10884.0;0.0
av_SUGAR_d3;52600;ASH_COATED_OSMIUM;9895;6;9891;20;;;9918;12;9920;23;;;9906.5;0.0
av_SUGAR_d3;52600;INTARIAN_PEPPER_ROOT;10880;19;10876;26;;;10887;19;10889;16;;;10883.5;0.0
av_SUGAR_d3;52700;ASH_COATED_OSMIUM;9900;23;9897;8;;;9913;14;9916;19;;;9906.5;0.0
av_SUGAR_d3;52700;INTARIAN_PEPPER_ROOT;10880;13;10877;18;;;10886;19;10890;26;;;10883.0;0.0
av_SUGAR_d3;52800;ASH_COATED_OSMIUM;9903;5;9899;9;;;9909;19;9911;26;;;9906.0;0.0
av_SUGAR_d3;52800;INTARIAN_PEPPER_ROOT;10878;12;10875;25;;;10884;5;10888;21;;;10881.0;0.0
av_SUGAR_d3;52900;ASH_COATED_OSMIUM;9898;14;9895;18;;;9914;10;9917;21;;;9906.0;0.0
av_SUGAR_d3;52900;INTARIAN_PEPPER_ROOT;10877;5;10873;8;;;10883;12;10886;22;;;10880.0;0.0
av_SUGAR_d3;53000;ASH_COATED_OSMIUM;9904;17;9900;15;;;9910;18;9912;17;;;9907.0;0.0
av_SUGAR_d3;53000;INTARIAN_PEPPER_ROOT;10871;14;10869;13;;;10890;23;10894;21;;;10880.5;0.0
av_SUGAR_d3;53100;ASH_COATED_OSMIUM;9903;5;9899;15;;;9909;19;9911;13;;;9906.0;0.0
av_SUGAR_d3;53100;INTARIAN_PEPPER_ROOT;10876;5;10872;17;;;10882;13;10885;14;;;10879.0;0.0
av_SUGAR_d3;53200;ASH_COATED_OSMIUM;9899;16;9897;20;;;9916;18;9918;17;;;9907.5;0.0
av_SUGAR_d3;53200;INTARIAN_PEPPER_ROOT;10876;21;10873;17;;;10882;26;10884;22;;;10879.0;0.0
av_SUGAR_d3;53300;ASH_COATED_OSMIUM;9897;5;9895;21;;;9915;13;9917;26;;;9906.0;0.0
av_SUGAR_d3;53300;INTARIAN_PEPPER_ROOT;10872;16;10869;8;;;10884;6;10886;16;;;10878.0;0.0
av_SUGAR_d3;53400;ASH_COATED_OSMIUM;9903;16;9899;19;;;9909;15;9912;22;;;9906.0;0.0
av_SUGAR_d3;53400;INTARIAN_PEPPER_ROOT;10874;12;10872;24;;;10880;10;10882;23;;;10877.0;0.0
av_SUGAR_d3;53500;ASH_COATED_OSMIUM;9902;15;9900;22;;;9912;12;9916;26;;;9907.0;0.0
av_SUGAR_d3;53500;INTARIAN_PEPPER_ROOT;10873;18;10871;13;;;10879;17;10883;22;;;10876.0;0.0
av_SUGAR_d3;53600;ASH_COATED_OSMIUM;9904;17;9901;21;;;9910;13;9912;32;;;9907.0;0.0
av_SUGAR_d3;53600;INTARIAN_PEPPER_ROOT;10868;8;10866;8;;;10883;18;10885;23;;;10875.5;0.0
av_SUGAR_d3;53700;ASH_COATED_OSMIUM;9904;23;9900;8;;;9910;10;9913;17;;;9907.0;0.0
av_SUGAR_d3;53700;INTARIAN_PEPPER_ROOT;10871;25;10868;23;;;10877;18;10880;19;;;10874.0;0.0
av_SUGAR_d3;53800;ASH_COATED_OSMIUM;9901;13;9899;13;;;9912;11;9916;16;;;9906.5;0.0
av_SUGAR_d3;53800;INTARIAN_PEPPER_ROOT;10871;14;10869;19;;;10877;13;10879;19;;;10874.0;0.0
av_SUGAR_d3;53900;ASH_COATED_OSMIUM;9904;14;9900;29;;;9910;17;9912;14;;;9907.0;0.0
av_SUGAR_d3;53900;INTARIAN_PEPPER_ROOT;10867;18;10865;14;;;10878;15;10880;15;;;10872.5;0.0
av_SUGAR_d3;54000;ASH_COATED_OSMIUM;9893;23;9889;32;;;9921;13;9925;16;;;9907.0;0.0
av_SUGAR_d3;54000;INTARIAN_PEPPER_ROOT;10865;14;10861;17;;;10880;15;10884;24;;;10872.5;0.0
av_SUGAR_d3;54100;ASH_COATED_OSMIUM;9893;10;9891;12;;;9921;18;9925;9;;;9907.0;0.0
av_SUGAR_d3;54100;INTARIAN_PEPPER_ROOT;10865;14;10862;21;;;10877;26;10881;26;;;10871.0;0.0
av_SUGAR_d3;54200;ASH_COATED_OSMIUM;9903;11;9901;27;;;9909;13;9911;26;;;9906.0;0.0
av_SUGAR_d3;54200;INTARIAN_PEPPER_ROOT;10868;21;10865;23;;;10874;10;10877;17;;;10871.0;0.0
av_SUGAR_d3;54300;ASH_COATED_OSMIUM;9904;17;9900;23;;;9910;21;9912;20;;;9907.0;0.0
av_SUGAR_d3;54300;INTARIAN_PEPPER_ROOT;10867;16;10865;19;;;10873;5;10875;26;;;10870.0;0.0
av_SUGAR_d3;54400;ASH_COATED_OSMIUM;9889;8;9886;20;;;9924;5;9926;11;;;9906.5;0.0
av_SUGAR_d3;54400;INTARIAN_PEPPER_ROOT;10866;16;10862;19;;;10872;13;10876;12;;;10869.0;0.0
av_SUGAR_d3;54500;ASH_COATED_OSMIUM;9902;10;9900;20;;;9912;14;9914;22;;;9907.0;0.0
av_SUGAR_d3;54500;INTARIAN_PEPPER_ROOT;10863;17;10860;15;;;10873;13;10875;19;;;10868.0;0.0
av_SUGAR_d3;54600;ASH_COATED_OSMIUM;9899;12;9896;20;;;9915;19;9918;21;;;9907.0;0.0
av_SUGAR_d3;54600;INTARIAN_PEPPER_ROOT;10856;13;10853;25;;;10880;21;10883;21;;;10868.0;0.0
av_SUGAR_d3;54700;ASH_COATED_OSMIUM;9904;7;9900;17;;;9910;21;9913;15;;;9907.0;0.0
av_SUGAR_d3;54700;INTARIAN_PEPPER_ROOT;10863;18;10859;20;;;10869;11;10873;26;;;10866.0;0.0
av_SUGAR_d3;54800;ASH_COATED_OSMIUM;9902;14;9899;18;;;9911;16;9913;22;;;9906.5;0.0
av_SUGAR_d3;54800;INTARIAN_PEPPER_ROOT;10857;13;10853;31;;;10875;17;10879;23;;;10866.0;0.0
av_SUGAR_d3;54900;ASH_COATED_OSMIUM;9895;13;9892;23;;;9918;8;9921;20;;;9906.5;0.0
av_SUGAR_d3;54900;INTARIAN_PEPPER_ROOT;10862;14;10859;18;;;10868;8;10870;11;;;10865.0;0.0
av_SUGAR_d3;55000;ASH_COATED_OSMIUM;9904;8;9901;20;;;9910;14;9912;17;;;9907.0;0.0
av_SUGAR_d3;55000;INTARIAN_PEPPER_ROOT;10861;26;10858;18;;;10868;14;10872;23;;;10864.5;0.0
av_SUGAR_d3;55100;ASH_COATED_OSMIUM;9897;16;9893;24;;;9917;16;9919;25;;;9907.0;0.0
av_SUGAR_d3;55100;INTARIAN_PEPPER_ROOT;10861;14;10857;18;;;10867;21;10869;19;;;10864.0;0.0
av_SUGAR_d3;55200;ASH_COATED_OSMIUM;9904;20;9900;25;;;9910;10;9913;17;;;9907.0;0.0
av_SUGAR_d3;55200;INTARIAN_PEPPER_ROOT;10857;13;10854;35;;;10868;13;10871;22;;;10862.5;0.0
av_SUGAR_d3;55300;ASH_COATED_OSMIUM;9904;11;9902;23;;;9910;7;9912;24;;;9907.0;0.0
av_SUGAR_d3;55300;INTARIAN_PEPPER_ROOT;10858;8;10854;14;;;10865;20;10869;25;;;10861.5;0.0
av_SUGAR_d3;55400;ASH_COATED_OSMIUM;9904;19;9900;21;;;9910;12;9914;28;;;9907.0;0.0
av_SUGAR_d3;55400;INTARIAN_PEPPER_ROOT;10858;19;10854;16;;;10864;17;10866;24;;;10861.0;0.0
av_SUGAR_d3;55500;ASH_COATED_OSMIUM;9905;17;9903;23;;;9911;10;9915;23;;;9908.0;0.0
av_SUGAR_d3;55500;INTARIAN_PEPPER_ROOT;10857;17;10853;22;;;10864;18;10866;16;;;10860.5;0.0
av_SUGAR_d3;55600;ASH_COATED_OSMIUM;9904;21;9900;14;;;9910;18;9913;21;;;9907.0;0.0
av_SUGAR_d3;55600;INTARIAN_PEPPER_ROOT;10857;18;10855;14;;;10863;16;10866;22;;;10860.0;0.0
av_SUGAR_d3;55700;ASH_COATED_OSMIUM;9904;13;9902;10;;;9911;12;9915;20;;;9907.5;0.0
av_SUGAR_d3;55700;INTARIAN_PEPPER_ROOT;10856;19;10854;15;;;10862;18;10864;9;;;10859.0;0.0
av_SUGAR_d3;55800;ASH_COATED_OSMIUM;9905;18;9903;28;;;9911;11;9913;21;;;9908.0;0.0
av_SUGAR_d3;55800;INTARIAN_PEPPER_ROOT;10855;21;10852;14;;;10861;15;10863;25;;;10858.0;0.0
av_SUGAR_d3;55900;ASH_COATED_OSMIUM;9905;14;9903;18;;;9911;21;9915;15;;;9908.0;0.0
av_SUGAR_d3;55900;INTARIAN_PEPPER_ROOT;10854;15;10851;21;;;10860;9;10862;12;;;10857.0;0.0
av_SUGAR_d3;56000;ASH_COATED_OSMIUM;9904;15;9900;21;;;9910;15;9913;20;;;9907.0;0.0
av_SUGAR_d3;56000;INTARIAN_PEPPER_ROOT;10853;15;10850;18;;;10859;20;10863;21;;;10856.0;0.0
av_SUGAR_d3;56100;ASH_COATED_OSMIUM;9902;15;9898;15;;;9911;5;9913;20;;;9906.5;0.0
av_SUGAR_d3;56100;INTARIAN_PEPPER_ROOT;10852;23;10850;18;;;10858;20;10861;20;;;10855.0;0.0
av_SUGAR_d3;56200;ASH_COATED_OSMIUM;9903;9;9900;15;;;9911;19;9915;15;;;9907.0;0.0
av_SUGAR_d3;56200;INTARIAN_PEPPER_ROOT;10852;19;10849;17;;;10858;12;10861;23;;;10855.0;0.0
av_SUGAR_d3;56300;ASH_COATED_OSMIUM;9905;13;9902;22;;;9911;11;9914;30;;;9908.0;0.0
av_SUGAR_d3;56300;INTARIAN_PEPPER_ROOT;10851;21;10847;17;;;10857;22;10861;15;;;10854.0;0.0
av_SUGAR_d3;56400;ASH_COATED_OSMIUM;9901;22;9897;29;;;9913;12;9916;27;;;9907.0;0.0
av_SUGAR_d3;56400;INTARIAN_PEPPER_ROOT;10850;5;10848;21;;;10856;20;10859;22;;;10853.0;0.0
av_SUGAR_d3;56500;ASH_COATED_OSMIUM;9905;11;9901;23;;;9911;11;9915;16;;;9908.0;0.0
av_SUGAR_d3;56500;INTARIAN_PEPPER_ROOT;10849;7;10845;11;;;10855;10;10858;20;;;10852.0;0.0
av_SUGAR_d3;56600;ASH_COATED_OSMIUM;9901;15;9899;15;;;9914;14;9916;22;;;9907.5;0.0
av_SUGAR_d3;56600;INTARIAN_PEPPER_ROOT;10848;12;10845;17;;;10854;16;10857;16;;;10851.0;0.0
av_SUGAR_d3;56700;ASH_COATED_OSMIUM;9905;17;9901;24;;;9911;9;9915;21;;;9908.0;0.0
av_SUGAR_d3;56700;INTARIAN_PEPPER_ROOT;10847;18;10843;22;;;10853;20;10855;17;;;10850.0;0.0
av_SUGAR_d3;56800;ASH_COATED_OSMIUM;9905;9;9902;14;;;9911;22;9915;12;;;9908.0;0.0
av_SUGAR_d3;56800;INTARIAN_PEPPER_ROOT;10845;15;10843;19;;;10855;20;10857;21;;;10850.0;0.0
av_SUGAR_d3;56900;ASH_COATED_OSMIUM;9904;18;9902;18;;;9911;18;9913;24;;;9907.5;0.0
av_SUGAR_d3;56900;INTARIAN_PEPPER_ROOT;10844;12;10841;16;;;10854;21;10856;21;;;10849.0;0.0
av_SUGAR_d3;57000;ASH_COATED_OSMIUM;9905;19;9902;14;;;9911;11;9914;23;;;9908.0;0.0
av_SUGAR_d3;57000;INTARIAN_PEPPER_ROOT;10845;10;10841;20;;;10851;18;10854;25;;;10848.0;0.0
av_SUGAR_d3;57100;ASH_COATED_OSMIUM;9898;5;9895;12;;;9917;15;9919;21;;;9907.5;0.0
av_SUGAR_d3;57100;INTARIAN_PEPPER_ROOT;10844;8;10841;17;;;10851;16;10854;30;;;10847.5;0.0
av_SUGAR_d3;57200;ASH_COATED_OSMIUM;9905;25;9902;23;;;9911;14;9913;8;;;9908.0;0.0
av_SUGAR_d3;57200;INTARIAN_PEPPER_ROOT;10840;8;10836;27;;;10853;17;10855;29;;;10846.5;0.0
av_SUGAR_d3;57300;ASH_COATED_OSMIUM;9899;16;9896;20;;;9916;13;9919;18;;;9907.5;0.0
av_SUGAR_d3;57300;INTARIAN_PEPPER_ROOT;10842;7;10839;24;;;10850;14;10853;20;;;10846.0;0.0
av_SUGAR_d3;57400;ASH_COATED_OSMIUM;9905;19;9903;18;;;9911;21;9913;17;;;9908.0;0.0
av_SUGAR_d3;57400;INTARIAN_PEPPER_ROOT;10838;10;10836;26;;;10851;17;10854;26;;;10844.5;0.0
av_SUGAR_d3;57500;ASH_COATED_OSMIUM;9904;19;9901;23;;;9910;13;9913;18;;;9907.0;0.0
av_SUGAR_d3;57500;INTARIAN_PEPPER_ROOT;10826;12;10823;18;;;10862;7;10866;21;;;10844.0;0.0
av_SUGAR_d3;57600;ASH_COATED_OSMIUM;9905;8;9902;17;;;9911;8;9913;16;;;9908.0;0.0
av_SUGAR_d3;57600;INTARIAN_PEPPER_ROOT;10840;5;10838;20;;;10846;11;10849;18;;;10843.0;0.0
