day;timestamp;product;bid_price_1;bid_volume_1;bid_price_2;bid_volume_2;bid_price_3;bid_volume_3;ask_price_1;ask_volume_1;ask_price_2;ask_volume_2;ask_price_3;ask_volume_3;mid_price;profit_and_loss
yf_MKC_d9;0;ASH_COATED_OSMIUM;10036;15;10033;27;;;10042;19;10044;18;;;10039.0;0.0
yf_MKC_d9;0;INTARIAN_PEPPER_ROOT;11439;21;11435;15;;;11445;16;11448;29;;;11442.0;0.0
yf_MKC_d9;100;ASH_COATED_OSMIUM;10036;17;10033;22;;;10042;23;10046;19;;;10039.0;0.0
yf_MKC_d9;100;INTARIAN_PEPPER_ROOT;11441;12;11437;20;;;11447;14;11449;27;;;11444.0;0.0
yf_MKC_d9;200;ASH_COATED_OSMIUM;10018;12;10016;12;;;10059;20;10061;13;;;10038.5;0.0
yf_MKC_d9;200;INTARIAN_PEPPER_ROOT;11437;11;11434;16;;;11457;11;11461;15;;;11447.0;0.0
yf_MKC_d9;300;ASH_COATED_OSMIUM;10036;11;10032;31;;;10042;19;10044;9;;;10039.0;0.0
yf_MKC_d9;300;INTARIAN_PEPPER_ROOT;11442;19;11440;19;;;11458;18;11462;25;;;11450.0;0.0
yf_MKC_d9;400;ASH_COATED_OSMIUM;10035;5;10033;19;;;10041;15;10044;11;;;10038.0;0.0
yf_MKC_d9;400;INTARIAN_PEPPER_ROOT;11450;25;11447;17;;;11456;12;11459;19;;;11453.0;0.0
yf_MKC_d9;500;ASH_COATED_OSMIUM;10035;15;10031;13;;;10042;20;10045;14;;;10038.5;0.0
yf_MKC_d9;500;INTARIAN_PEPPER_ROOT;11452;18;11448;29;;;11458;11;11460;17;;;11455.0;0.0
yf_MKC_d9;600;ASH_COATED_OSMIUM;10032;21;10028;21;;;10044;22;10047;16;;;10038.0;0.0
yf_MKC_d9;600;INTARIAN_PEPPER_ROOT;11455;16;11451;23;;;11461;11;11465;24;;;11458.0;0.0
yf_MKC_d9;700;ASH_COATED_OSMIUM;10035;16;10033;11;;;10041;19;10043;22;;;10038.0;0.0
yf_MKC_d9;700;INTARIAN_PEPPER_ROOT;11458;11;11455;20;;;11464;21;11466;15;;;11461.0;0.0
yf_MKC_d9;800;ASH_COATED_OSMIUM;10022;5;10019;21;;;10053;15;10057;15;;;10037.5;0.0
yf_MKC_d9;800;INTARIAN_PEPPER_ROOT;11461;9;11458;19;;;11467;26;11471;21;;;11464.0;0.0
yf_MKC_d9;900;ASH_COATED_OSMIUM;10035;10;10033;17;;;10041;18;10043;15;;;10038.0;0.0
yf_MKC_d9;900;INTARIAN_PEPPER_ROOT;11463;9;11460;29;;;11469;15;11471;18;;;11466.0;0.0
yf_MKC_d9;1000;ASH_COATED_OSMIUM;10035;13;10031;11;;;10041;16;10043;27;;;10038.0;0.0
yf_MKC_d9;1000;INTARIAN_PEPPER_ROOT;11459;12;11455;14;;;11479;13;11483;13;;;11469.0;0.0
yf_MKC_d9;1100;ASH_COATED_OSMIUM;10034;6;10032;11;;;10040;10;10044;14;;;10037.0;0.0
yf_MKC_d9;1100;INTARIAN_PEPPER_ROOT;11468;15;11465;17;;;11474;13;11477;16;;;11471.0;0.0
yf_MKC_d9;1200;ASH_COATED_OSMIUM;10034;5;10032;23;;;10040;15;10044;19;;;10037.0;0.0
yf_MKC_d9;1200;INTARIAN_PEPPER_ROOT;11471;22;11469;22;;;11477;14;11481;23;;;11474.0;0.0
yf_MKC_d9;1300;ASH_COATED_OSMIUM;10034;10;10032;11;;;10040;10;10043;18;;;10037.0;0.0
yf_MKC_d9;1300;INTARIAN_PEPPER_ROOT;11471;9;11468;21;;;11482;19;11485;21;;;11476.5;0.0
yf_MKC_d9;1400;ASH_COATED_OSMIUM;10034;22;10031;9;;;10040;16;10042;23;;;10037.0;0.0
yf_MKC_d9;1400;INTARIAN_PEPPER_ROOT;11477;11;11473;20;;;11483;19;11487;14;;;11480.0;0.0
yf_MKC_d9;1500;ASH_COATED_OSMIUM;10033;14;10029;24;;;10039;12;10041;29;;;10036.0;0.0
yf_MKC_d9;1500;INTARIAN_PEPPER_ROOT;11475;11;11472;18;;;11488;13;11491;23;;;11481.5;0.0
yf_MKC_d9;1600;ASH_COATED_OSMIUM;10033;13;10031;32;;;10039;14;10042;18;;;10036.0;0.0
yf_MKC_d9;1600;INTARIAN_PEPPER_ROOT;11483;14;11479;18;;;11489;8;11493;14;;;11486.0;0.0
yf_MKC_d9;1700;ASH_COATED_OSMIUM;10033;8;10029;27;;;10039;12;10041;18;;;10036.0;0.0
yf_MKC_d9;1700;INTARIAN_PEPPER_ROOT;11485;20;11482;18;;;11491;7;11495;29;;;11488.0;0.0
yf_MKC_d9;1800;ASH_COATED_OSMIUM;10032;20;10030;25;;;10040;15;10043;18;;;10036.0;0.0
yf_MKC_d9;1800;INTARIAN_PEPPER_ROOT;11487;11;11484;22;;;11494;17;11496;13;;;11490.5;0.0
yf_MKC_d9;1900;ASH_COATED_OSMIUM;10033;15;10030;14;;;10039;10;10041;18;;;10036.0;0.0
yf_MKC_d9;1900;INTARIAN_PEPPER_ROOT;11487;13;11484;16;;;11500;16;11504;11;;;11493.5;0.0
yf_MKC_d9;2000;ASH_COATED_OSMIUM;10031;19;10029;15;;;10040;18;10043;30;;;10035.5;0.0
yf_MKC_d9;2000;INTARIAN_PEPPER_ROOT;11481;14;11477;15;;;11511;18;11513;15;;;11496.0;0.0
yf_MKC_d9;2100;ASH_COATED_OSMIUM;10033;8;10030;16;;;10039;16;10042;20;;;10036.0;0.0
yf_MKC_d9;2100;INTARIAN_PEPPER_ROOT;11494;17;11491;14;;;11503;27;11506;25;;;11498.5;0.0
yf_MKC_d9;2200;ASH_COATED_OSMIUM;10033;18;10029;23;;;10039;13;10043;19;;;10036.0;0.0
yf_MKC_d9;2200;INTARIAN_PEPPER_ROOT;11499;14;11497;11;;;11505;5;11508;17;;;11502.0;0.0
yf_MKC_d9;2300;ASH_COATED_OSMIUM;10031;22;10027;20;;;10040;19;10044;20;;;10035.5;0.0
yf_MKC_d9;2300;INTARIAN_PEPPER_ROOT;11501;17;11497;21;;;11507;19;11509;18;;;11504.0;0.0
yf_MKC_d9;2400;ASH_COATED_OSMIUM;10029;20;10026;17;;;10042;18;10045;26;;;10035.5;0.0
yf_MKC_d9;2400;INTARIAN_PEPPER_ROOT;11504;15;11500;17;;;11510;13;11512;29;;;11507.0;0.0
yf_MKC_d9;2500;ASH_COATED_OSMIUM;10032;20;10028;24;;;10038;18;10041;31;;;10035.0;0.0
yf_MKC_d9;2500;INTARIAN_PEPPER_ROOT;11507;11;11503;26;;;11513;14;11515;19;;;11510.0;0.0
yf_MKC_d9;2600;ASH_COATED_OSMIUM;10032;10;10030;30;;;10038;18;10040;16;;;10035.0;0.0
yf_MKC_d9;2600;INTARIAN_PEPPER_ROOT;11497;12;11493;11;;;11527;15;11529;22;;;11512.0;0.0
yf_MKC_d9;2700;ASH_COATED_OSMIUM;10032;13;10028;20;;;10038;21;10041;20;;;10035.0;0.0
yf_MKC_d9;2700;INTARIAN_PEPPER_ROOT;11507;15;11504;14;;;11523;11;11526;12;;;11515.0;0.0
yf_MKC_d9;2800;ASH_COATED_OSMIUM;10031;23;10027;16;;;10037;16;10040;21;;;10034.0;0.0
yf_MKC_d9;2800;INTARIAN_PEPPER_ROOT;11515;18;11512;15;;;11521;18;11523;19;;;11518.0;0.0
yf_MKC_d9;2900;ASH_COATED_OSMIUM;10021;13;10018;14;;;10048;19;10052;29;;;10034.5;0.0
yf_MKC_d9;2900;INTARIAN_PEPPER_ROOT;11510;12;11507;14;;;11530;19;11534;25;;;11520.0;0.0
yf_MKC_d9;3000;ASH_COATED_OSMIUM;10030;13;10026;31;;;10039;19;10043;20;;;10034.5;0.0
yf_MKC_d9;3000;INTARIAN_PEPPER_ROOT;11520;13;11516;10;;;11526;10;11530;14;;;11523.0;0.0
yf_MKC_d9;3100;ASH_COATED_OSMIUM;10027;14;10025;17;;;10041;14;10045;18;;;10034.0;0.0
yf_MKC_d9;3100;INTARIAN_PEPPER_ROOT;11523;13;11521;22;;;11529;14;11531;19;;;11526.0;0.0
yf_MKC_d9;3200;ASH_COATED_OSMIUM;10009;18;10005;24;;;10059;18;10061;14;;;10034.0;0.0
yf_MKC_d9;3200;INTARIAN_PEPPER_ROOT;11525;19;11521;23;;;11531;20;11534;15;;;11528.0;0.0
yf_MKC_d9;3300;ASH_COATED_OSMIUM;10028;12;10026;10;;;10038;16;10041;20;;;10033.0;0.0
yf_MKC_d9;3300;INTARIAN_PEPPER_ROOT;11521;20;11519;15;;;11541;11;11544;19;;;11531.0;0.0
yf_MKC_d9;3400;ASH_COATED_OSMIUM;10027;13;10023;9;;;10039;15;10041;21;;;10033.0;0.0
yf_MKC_d9;3400;INTARIAN_PEPPER_ROOT;11531;18;11528;20;;;11537;17;11540;12;;;11534.0;0.0
yf_MKC_d9;3500;ASH_COATED_OSMIUM;10026;14;10023;12;;;10041;19;10044;17;;;10033.5;0.0
yf_MKC_d9;3500;INTARIAN_PEPPER_ROOT;11534;11;11530;14;;;11540;8;11544;17;;;11537.0;0.0
yf_MKC_d9;3600;ASH_COATED_OSMIUM;10030;14;10027;18;;;10036;14;10038;26;;;10033.0;0.0
yf_MKC_d9;3600;INTARIAN_PEPPER_ROOT;11536;20;11534;19;;;11542;15;11545;23;;;11539.0;0.0
yf_MKC_d9;3700;ASH_COATED_OSMIUM;10030;18;10026;17;;;10036;13;10040;11;;;10033.0;0.0
yf_MKC_d9;3700;INTARIAN_PEPPER_ROOT;11538;9;11534;22;;;11547;13;11550;18;;;11542.5;0.0
yf_MKC_d9;3800;ASH_COATED_OSMIUM;10029;6;10027;14;;;10035;9;10039;15;;;10032.0;0.0
yf_MKC_d9;3800;INTARIAN_PEPPER_ROOT;11534;23;11531;13;;;11555;20;11559;17;;;11544.5;0.0
yf_MKC_d9;3900;ASH_COATED_OSMIUM;10030;20;10028;20;;;10036;15;10040;15;;;10033.0;0.0
yf_MKC_d9;3900;INTARIAN_PEPPER_ROOT;11544;8;11541;30;;;11551;13;11555;12;;;11547.5;0.0
yf_MKC_d9;4000;ASH_COATED_OSMIUM;10030;17;10027;18;;;10036;20;10040;23;;;10033.0;0.0
yf_MKC_d9;4000;INTARIAN_PEPPER_ROOT;11547;10;11545;16;;;11553;9;11556;18;;;11550.0;0.0
yf_MKC_d9;4100;ASH_COATED_OSMIUM;10028;5;10026;19;;;10037;11;10040;14;;;10032.5;0.0
yf_MKC_d9;4100;INTARIAN_PEPPER_ROOT;11550;10;11546;21;;;11556;10;11559;18;;;11553.0;0.0
yf_MKC_d9;4200;ASH_COATED_OSMIUM;10030;18;10027;21;;;10036;21;10039;21;;;10033.0;0.0
yf_MKC_d9;4200;INTARIAN_PEPPER_ROOT;11547;17;11543;17;;;11565;6;11567;24;;;11556.0;0.0
yf_MKC_d9;4300;ASH_COATED_OSMIUM;10024;14;10021;25;;;10040;14;10043;21;;;10032.0;0.0
yf_MKC_d9;4300;INTARIAN_PEPPER_ROOT;11555;8;11553;16;;;11561;24;11564;24;;;11558.0;0.0
yf_MKC_d9;4400;ASH_COATED_OSMIUM;10029;14;10027;14;;;10035;15;10038;22;;;10032.0;0.0
yf_MKC_d9;4400;INTARIAN_PEPPER_ROOT;11552;15;11550;10;;;11572;11;11574;21;;;11562.0;0.0
yf_MKC_d9;4500;ASH_COATED_OSMIUM;10010;11;10006;21;;;10054;11;10057;26;;;10032.0;0.0
yf_MKC_d9;4500;INTARIAN_PEPPER_ROOT;11551;16;11548;24;;;11576;10;11580;21;;;11563.5;0.0
yf_MKC_d9;4600;ASH_COATED_OSMIUM;10029;10;10027;23;;;10035;17;10038;8;;;10032.0;0.0
yf_MKC_d9;4600;INTARIAN_PEPPER_ROOT;11533;12;11530;20;;;11598;17;11600;18;;;11565.5;0.0
yf_MKC_d9;4700;ASH_COATED_OSMIUM;10029;17;10026;16;;;10035;18;10037;16;;;10032.0;0.0
yf_MKC_d9;4700;INTARIAN_PEPPER_ROOT;11567;19;11563;21;;;11573;21;11575;8;;;11570.0;0.0
yf_MKC_d9;4800;ASH_COATED_OSMIUM;10023;9;10021;18;;;10040;12;10044;30;;;10031.5;0.0
yf_MKC_d9;4800;INTARIAN_PEPPER_ROOT;11568;13;11565;20;;;11576;18;11578;19;;;11572.0;0.0
yf_MKC_d9;4900;ASH_COATED_OSMIUM;10019;13;10015;22;;;10043;14;10045;14;;;10031.0;0.0
yf_MKC_d9;4900;INTARIAN_PEPPER_ROOT;11571;13;11567;22;;;11577;6;11580;25;;;11574.0;0.0
yf_MKC_d9;5000;ASH_COATED_OSMIUM;10029;15;10027;20;;;10035;5;10039;20;;;10032.0;0.0
yf_MKC_d9;5000;INTARIAN_PEPPER_ROOT;11574;15;11571;28;;;11580;5;11583;24;;;11577.0;0.0
yf_MKC_d9;5100;ASH_COATED_OSMIUM;10028;7;10026;15;;;10034;21;10037;21;;;10031.0;0.0
yf_MKC_d9;5100;INTARIAN_PEPPER_ROOT;11577;5;11575;13;;;11584;24;11588;19;;;11580.5;0.0
yf_MKC_d9;5200;ASH_COATED_OSMIUM;10028;9;10025;25;;;10034;14;10037;23;;;10031.0;0.0
yf_MKC_d9;5200;INTARIAN_PEPPER_ROOT;11580;11;11577;26;;;11586;13;11589;15;;;11583.0;0.0
yf_MKC_d9;5300;ASH_COATED_OSMIUM;10025;12;10021;23;;;10037;11;10039;11;;;10031.0;0.0
yf_MKC_d9;5300;INTARIAN_PEPPER_ROOT;11581;11;11577;9;;;11590;18;11592;11;;;11585.5;0.0
yf_MKC_d9;5400;ASH_COATED_OSMIUM;10028;24;10026;27;;;10034;18;10037;17;;;10031.0;0.0
yf_MKC_d9;5400;INTARIAN_PEPPER_ROOT;11584;14;11580;9;;;11590;12;11593;13;;;11587.0;0.0
yf_MKC_d9;5500;ASH_COATED_OSMIUM;10027;14;10024;22;;;10033;10;10037;11;;;10030.0;0.0
yf_MKC_d9;5500;INTARIAN_PEPPER_ROOT;11588;10;11585;14;;;11594;12;11596;23;;;11591.0;0.0
yf_MKC_d9;5600;ASH_COATED_OSMIUM;10025;14;10021;13;;;10036;23;10039;10;;;10030.5;0.0
yf_MKC_d9;5600;INTARIAN_PEPPER_ROOT;11580;18;11578;19;;;11606;15;11608;14;;;11593.0;0.0
yf_MKC_d9;5700;ASH_COATED_OSMIUM;10027;18;10024;27;;;10033;17;10037;17;;;10030.0;0.0
yf_MKC_d9;5700;INTARIAN_PEPPER_ROOT;11592;18;11590;16;;;11601;14;11604;30;;;11596.5;0.0
yf_MKC_d9;5800;ASH_COATED_OSMIUM;10027;22;10025;11;;;10033;13;10036;27;;;10030.0;0.0
yf_MKC_d9;5800;INTARIAN_PEPPER_ROOT;11596;18;11592;18;;;11602;20;11605;20;;;11599.0;0.0
yf_MKC_d9;5900;ASH_COATED_OSMIUM;10027;10;10023;23;;;10033;20;10035;9;;;10030.0;0.0
yf_MKC_d9;5900;INTARIAN_PEPPER_ROOT;11599;19;11596;20;;;11605;17;11608;27;;;11602.0;0.0
yf_MKC_d9;6000;ASH_COATED_OSMIUM;10025;12;10021;27;;;10033;25;10036;15;;;10029.0;0.0
yf_MKC_d9;6000;INTARIAN_PEPPER_ROOT;11590;12;11586;21;;;11618;20;11621;16;;;11604.0;0.0
yf_MKC_d9;6100;ASH_COATED_OSMIUM;10027;14;10024;16;;;10033;21;10036;8;;;10030.0;0.0
yf_MKC_d9;6100;INTARIAN_PEPPER_ROOT;11603;19;11599;19;;;11612;19;11615;25;;;11607.5;0.0
yf_MKC_d9;6200;ASH_COATED_OSMIUM;10015;23;10012;17;;;10045;11;10049;10;;;10030.0;0.0
yf_MKC_d9;6200;INTARIAN_PEPPER_ROOT;11603;14;11601;19;;;11617;30;11619;19;;;11610.0;0.0
yf_MKC_d9;6300;ASH_COATED_OSMIUM;10022;14;10020;24;;;10035;14;10037;20;;;10028.5;0.0
yf_MKC_d9;6300;INTARIAN_PEPPER_ROOT;11605;13;11602;21;;;11619;13;11622;21;;;11612.0;0.0
yf_MKC_d9;6400;ASH_COATED_OSMIUM;10017;16;10013;17;;;10042;14;10045;29;;;10029.5;0.0
yf_MKC_d9;6400;INTARIAN_PEPPER_ROOT;11613;17;11611;17;;;11619;9;11623;18;;;11616.0;0.0
yf_MKC_d9;6500;ASH_COATED_OSMIUM;10018;15;10014;11;;;10038;14;10041;22;;;10028.0;0.0
yf_MKC_d9;6500;INTARIAN_PEPPER_ROOT;11614;11;11610;18;;;11620;16;11622;17;;;11617.0;0.0
yf_MKC_d9;6600;ASH_COATED_OSMIUM;10025;20;10022;20;;;10031;5;10035;15;;;10028.0;0.0
yf_MKC_d9;6600;INTARIAN_PEPPER_ROOT;11617;19;11613;20;;;11624;16;11626;23;;;11620.5;0.0
yf_MKC_d9;6700;ASH_COATED_OSMIUM;10025;23;10023;16;;;10031;16;10034;21;;;10028.0;0.0
yf_MKC_d9;6700;INTARIAN_PEPPER_ROOT;11620;11;11618;23;;;11626;14;11630;30;;;11623.0;0.0
yf_MKC_d9;6800;ASH_COATED_OSMIUM;10022;18;10020;12;;;10034;12;10038;30;;;10028.0;0.0
yf_MKC_d9;6800;INTARIAN_PEPPER_ROOT;11621;19;11619;17;;;11630;9;11633;21;;;11625.5;0.0
yf_MKC_d9;6900;ASH_COATED_OSMIUM;10025;12;10023;15;;;10031;22;10034;20;;;10028.0;0.0
yf_MKC_d9;6900;INTARIAN_PEPPER_ROOT;11621;13;11618;21;;;11635;15;11637;17;;;11628.0;0.0
yf_MKC_d9;7000;ASH_COATED_OSMIUM;10025;18;10022;24;;;10031;14;10033;12;;;10028.0;0.0
yf_MKC_d9;7000;INTARIAN_PEPPER_ROOT;11622;17;11620;21;;;11641;15;11645;19;;;11631.5;0.0
yf_MKC_d9;7100;ASH_COATED_OSMIUM;10025;16;10021;15;;;10031;21;10033;16;;;10028.0;0.0
yf_MKC_d9;7100;INTARIAN_PEPPER_ROOT;11631;10;11627;22;;;11637;17;11641;20;;;11634.0;0.0
yf_MKC_d9;7200;ASH_COATED_OSMIUM;10024;14;10022;24;;;10031;5;10033;21;;;10027.5;0.0
yf_MKC_d9;7200;INTARIAN_PEPPER_ROOT;11633;16;11629;25;;;11639;18;11642;22;;;11636.0;0.0
yf_MKC_d9;7300;ASH_COATED_OSMIUM;10025;19;10021;14;;;10031;18;10035;18;;;10028.0;0.0
yf_MKC_d9;7300;INTARIAN_PEPPER_ROOT;11636;18;11633;21;;;11642;14;11646;21;;;11639.0;0.0
yf_MKC_d9;7400;ASH_COATED_OSMIUM;10024;11;10021;13;;;10030;7;10034;25;;;10027.0;0.0
yf_MKC_d9;7400;INTARIAN_PEPPER_ROOT;11639;17;11636;15;;;11645;16;11647;21;;;11642.0;0.0
yf_MKC_d9;7500;ASH_COATED_OSMIUM;10024;17;10021;24;;;10030;8;10032;11;;;10027.0;0.0
yf_MKC_d9;7500;INTARIAN_PEPPER_ROOT;11641;11;11639;24;;;11650;15;11653;9;;;11645.5;0.0
yf_MKC_d9;7600;ASH_COATED_OSMIUM;10024;13;10022;25;;;10030;12;10033;10;;;10027.0;0.0
yf_MKC_d9;7600;INTARIAN_PEPPER_ROOT;11641;14;11638;14;;;11655;15;11658;24;;;11648.0;0.0
yf_MKC_d9;7700;ASH_COATED_OSMIUM;10023;12;10020;20;;;10030;21;10033;21;;;10026.5;0.0
yf_MKC_d9;7700;INTARIAN_PEPPER_ROOT;11647;8;11645;30;;;11655;17;11659;22;;;11651.0;0.0
yf_MKC_d9;7800;ASH_COATED_OSMIUM;10023;13;10019;25;;;10029;19;10033;28;;;10026.0;0.0
yf_MKC_d9;7800;INTARIAN_PEPPER_ROOT;11646;23;11644;19;;;11660;11;11663;20;;;11653.0;0.0
yf_MKC_d9;7900;ASH_COATED_OSMIUM;10024;13;10020;24;;;10030;15;10034;18;;;10027.0;0.0
yf_MKC_d9;7900;INTARIAN_PEPPER_ROOT;11652;20;11650;21;;;11658;18;11660;18;;;11655.0;0.0
yf_MKC_d9;8000;ASH_COATED_OSMIUM;10023;18;10019;16;;;10029;14;10033;19;;;10026.0;0.0
yf_MKC_d9;8000;INTARIAN_PEPPER_ROOT;11655;23;11652;18;;;11661;20;11663;15;;;11658.0;0.0
yf_MKC_d9;8100;ASH_COATED_OSMIUM;10019;14;10016;14;;;10034;16;10036;20;;;10026.5;0.0
yf_MKC_d9;8100;INTARIAN_PEPPER_ROOT;11658;16;11655;26;;;11664;8;11668;19;;;11661.0;0.0
yf_MKC_d9;8200;ASH_COATED_OSMIUM;10020;9;10017;15;;;10033;14;10037;22;;;10026.5;0.0
yf_MKC_d9;8200;INTARIAN_PEPPER_ROOT;11661;18;11657;17;;;11667;20;11669;22;;;11664.0;0.0
yf_MKC_d9;8300;ASH_COATED_OSMIUM;10023;16;10021;20;;;10029;21;10031;16;;;10026.0;0.0
yf_MKC_d9;8300;INTARIAN_PEPPER_ROOT;11664;20;11662;19;;;11670;10;11674;16;;;11667.0;0.0
yf_MKC_d9;8400;ASH_COATED_OSMIUM;10022;12;10018;21;;;10028;20;10031;24;;;10025.0;0.0
yf_MKC_d9;8400;INTARIAN_PEPPER_ROOT;11663;13;11660;20;;;11676;18;11680;24;;;11669.5;0.0
yf_MKC_d9;8500;ASH_COATED_OSMIUM;10023;13;10021;13;;;10029;12;10032;16;;;10026.0;0.0
yf_MKC_d9;8500;INTARIAN_PEPPER_ROOT;11665;16;11661;21;;;11679;12;11682;24;;;11672.0;0.0
yf_MKC_d9;8600;ASH_COATED_OSMIUM;10019;8;10016;20;;;10032;16;10035;19;;;10025.5;0.0
yf_MKC_d9;8600;INTARIAN_PEPPER_ROOT;11671;17;11667;22;;;11677;19;11681;22;;;11674.0;0.0
yf_MKC_d9;8700;ASH_COATED_OSMIUM;10022;6;10020;13;;;10028;12;10030;20;;;10025.0;0.0
yf_MKC_d9;8700;INTARIAN_PEPPER_ROOT;11674;24;11671;15;;;11680;18;11684;20;;;11677.0;0.0
yf_MKC_d9;8800;ASH_COATED_OSMIUM;10022;13;10019;25;;;10028;14;10031;16;;;10025.0;0.0
yf_MKC_d9;8800;INTARIAN_PEPPER_ROOT;11677;6;11675;24;;;11683;9;11685;25;;;11680.0;0.0
yf_MKC_d9;8900;ASH_COATED_OSMIUM;10022;16;10020;16;;;10028;13;10030;19;;;10025.0;0.0
yf_MKC_d9;8900;INTARIAN_PEPPER_ROOT;11679;13;11676;19;;;11685;14;11687;20;;;11682.0;0.0
yf_MKC_d9;9000;ASH_COATED_OSMIUM;10022;12;10020;18;;;10028;29;10030;17;;;10025.0;0.0
yf_MKC_d9;9000;INTARIAN_PEPPER_ROOT;11681;21;11678;19;;;11691;20;11695;27;;;11686.0;0.0
yf_MKC_d9;9100;ASH_COATED_OSMIUM;10020;11;10017;19;;;10028;5;10032;24;;;10024.0;0.0
yf_MKC_d9;9100;INTARIAN_PEPPER_ROOT;11682;11;11678;31;;;11695;11;11699;15;;;11688.5;0.0
yf_MKC_d9;9200;ASH_COATED_OSMIUM;10020;5;10018;25;;;10029;18;10031;19;;;10024.5;0.0
yf_MKC_d9;9200;INTARIAN_PEPPER_ROOT;11687;5;11685;21;;;11694;12;11696;15;;;11690.5;0.0
yf_MKC_d9;9300;ASH_COATED_OSMIUM;10021;20;10017;18;;;10027;17;10031;22;;;10024.0;0.0
yf_MKC_d9;9300;INTARIAN_PEPPER_ROOT;11690;22;11687;21;;;11696;13;11699;24;;;11693.0;0.0
yf_MKC_d9;9400;ASH_COATED_OSMIUM;10020;5;10018;12;;;10029;12;10032;18;;;10024.5;0.0
yf_MKC_d9;9400;INTARIAN_PEPPER_ROOT;11693;18;11690;8;;;11699;17;11703;11;;;11696.0;0.0
yf_MKC_d9;9500;ASH_COATED_OSMIUM;10021;18;10018;22;;;10027;17;10030;13;;;10024.0;0.0
yf_MKC_d9;9500;INTARIAN_PEPPER_ROOT;11696;10;11694;24;;;11702;14;11706;19;;;11699.0;0.0
yf_MKC_d9;9600;ASH_COATED_OSMIUM;10021;18;10018;10;;;10027;12;10030;26;;;10024.0;0.0
yf_MKC_d9;9600;INTARIAN_PEPPER_ROOT;11698;15;11696;15;;;11704;18;11706;19;;;11701.0;0.0
yf_MKC_d9;9700;ASH_COATED_OSMIUM;10021;9;10017;19;;;10027;14;10031;18;;;10024.0;0.0
yf_MKC_d9;9700;INTARIAN_PEPPER_ROOT;11701;15;11697;8;;;11707;19;11709;16;;;11704.0;0.0
yf_MKC_d9;9800;ASH_COATED_OSMIUM;10021;17;10017;26;;;10027;14;10031;9;;;10024.0;0.0
yf_MKC_d9;9800;INTARIAN_PEPPER_ROOT;11703;11;11701;13;;;11712;15;11716;15;;;11707.5;0.0
yf_MKC_d9;9900;ASH_COATED_OSMIUM;10021;16;10018;17;;;10027;19;10031;20;;;10024.0;0.0
yf_MKC_d9;9900;INTARIAN_PEPPER_ROOT;11707;18;11704;21;;;11713;14;11717;23;;;11710.0;0.0
yf_MKC_d9;10000;ASH_COATED_OSMIUM;10011;11;10008;14;;;10035;20;10037;14;;;10023.0;0.0
yf_MKC_d9;10000;INTARIAN_PEPPER_ROOT;11709;17;11707;22;;;11715;12;11717;16;;;11712.0;0.0
yf_MKC_d9;10100;ASH_COATED_OSMIUM;10020;11;10017;18;;;10026;8;10030;29;;;10023.0;0.0
yf_MKC_d9;10100;INTARIAN_PEPPER_ROOT;11698;17;11695;13;;;11733;20;11736;29;;;11715.5;0.0
yf_MKC_d9;10200;ASH_COATED_OSMIUM;10020;14;10017;20;;;10026;16;10030;18;;;10023.0;0.0
yf_MKC_d9;10200;INTARIAN_PEPPER_ROOT;11715;11;11711;26;;;11721;21;11723;20;;;11718.0;0.0
yf_MKC_d9;10300;ASH_COATED_OSMIUM;10020;16;10017;11;;;10026;18;10030;21;;;10023.0;0.0
yf_MKC_d9;10300;INTARIAN_PEPPER_ROOT;11718;18;11716;19;;;11724;16;11727;17;;;11721.0;0.0
yf_MKC_d9;10400;ASH_COATED_OSMIUM;10019;22;10017;24;;;10025;14;10027;16;;;10022.0;0.0
yf_MKC_d9;10400;INTARIAN_PEPPER_ROOT;11721;21;11718;14;;;11727;13;11729;14;;;11724.0;0.0
yf_MKC_d9;10500;ASH_COATED_OSMIUM;10020;17;10018;35;;;10026;13;10028;28;;;10023.0;0.0
yf_MKC_d9;10500;INTARIAN_PEPPER_ROOT;11723;16;11720;25;;;11729;19;11731;20;;;11726.0;0.0
yf_MKC_d9;10600;ASH_COATED_OSMIUM;10017;21;10013;19;;;10027;19;10029;21;;;10022.0;0.0
yf_MKC_d9;10600;INTARIAN_PEPPER_ROOT;11725;24;11723;25;;;11731;17;11735;21;;;11728.0;0.0
yf_MKC_d9;10700;ASH_COATED_OSMIUM;10019;9;10015;12;;;10025;16;10027;23;;;10022.0;0.0
yf_MKC_d9;10700;INTARIAN_PEPPER_ROOT;11728;5;11726;14;;;11734;18;11738;13;;;11731.0;0.0
yf_MKC_d9;10800;ASH_COATED_OSMIUM;10019;12;10017;18;;;10025;10;10028;14;;;10022.0;0.0
yf_MKC_d9;10800;INTARIAN_PEPPER_ROOT;11731;18;11727;15;;;11737;22;11741;16;;;11734.0;0.0
yf_MKC_d9;10900;ASH_COATED_OSMIUM;10019;22;10017;19;;;10025;14;10029;18;;;10022.0;0.0
yf_MKC_d9;10900;INTARIAN_PEPPER_ROOT;11734;8;11730;15;;;11740;12;11743;13;;;11737.0;0.0
yf_MKC_d9;11000;ASH_COATED_OSMIUM;10018;11;10014;22;;;10024;21;10026;14;;;10021.0;0.0
yf_MKC_d9;11000;INTARIAN_PEPPER_ROOT;11737;6;11733;16;;;11743;6;11747;23;;;11740.0;0.0
yf_MKC_d9;11100;ASH_COATED_OSMIUM;10017;18;10014;26;;;10025;17;10027;14;;;10021.0;0.0
yf_MKC_d9;11100;INTARIAN_PEPPER_ROOT;11739;16;11735;18;;;11745;16;11749;26;;;11742.0;0.0
yf_MKC_d9;11200;ASH_COATED_OSMIUM;10014;5;10011;20;;;10029;15;10031;17;;;10021.5;0.0
yf_MKC_d9;11200;INTARIAN_PEPPER_ROOT;11742;13;11740;19;;;11748;23;11751;12;;;11745.0;0.0
yf_MKC_d9;11300;ASH_COATED_OSMIUM;10016;14;10014;26;;;10029;17;10031;25;;;10022.5;0.0
yf_MKC_d9;11300;INTARIAN_PEPPER_ROOT;11743;15;11740;12;;;11753;18;11756;14;;;11748.0;0.0
yf_MKC_d9;11400;ASH_COATED_OSMIUM;10018;20;10015;20;;;10024;18;10027;24;;;10021.0;0.0
yf_MKC_d9;11400;INTARIAN_PEPPER_ROOT;11747;10;11743;30;;;11753;10;11755;27;;;11750.0;0.0
yf_MKC_d9;11500;ASH_COATED_OSMIUM;10018;13;10015;13;;;10024;15;10028;10;;;10021.0;0.0
yf_MKC_d9;11500;INTARIAN_PEPPER_ROOT;11741;15;11737;16;;;11765;7;11767;22;;;11753.0;0.0
yf_MKC_d9;11600;ASH_COATED_OSMIUM;10018;15;10016;22;;;10024;14;10026;16;;;10021.0;0.0
yf_MKC_d9;11600;INTARIAN_PEPPER_ROOT;11747;13;11745;20;;;11763;15;11765;20;;;11755.0;0.0
yf_MKC_d9;11700;ASH_COATED_OSMIUM;10017;18;10014;21;;;10023;11;10027;29;;;10020.0;0.0
yf_MKC_d9;11700;INTARIAN_PEPPER_ROOT;11748;17;11745;18;;;11769;7;11771;20;;;11758.5;0.0
yf_MKC_d9;11800;ASH_COATED_OSMIUM;10008;13;10004;19;;;10032;15;10034;27;;;10020.0;0.0
yf_MKC_d9;11800;INTARIAN_PEPPER_ROOT;11758;16;11755;18;;;11764;11;11768;21;;;11761.0;0.0
yf_MKC_d9;11900;ASH_COATED_OSMIUM;10009;13;10006;15;;;10033;25;10035;27;;;10021.0;0.0
yf_MKC_d9;11900;INTARIAN_PEPPER_ROOT;11762;12;11758;24;;;11768;15;11772;21;;;11765.0;0.0
yf_MKC_d9;12000;ASH_COATED_OSMIUM;10014;25;10010;21;;;10026;11;10028;13;;;10020.0;0.0
yf_MKC_d9;12000;INTARIAN_PEPPER_ROOT;11752;22;11750;19;;;11782;22;11786;20;;;11767.0;0.0
yf_MKC_d9;12100;ASH_COATED_OSMIUM;10017;12;10015;25;;;10023;7;10026;21;;;10020.0;0.0
yf_MKC_d9;12100;INTARIAN_PEPPER_ROOT;11763;13;11761;25;;;11776;6;11779;11;;;11769.5;0.0
yf_MKC_d9;12200;ASH_COATED_OSMIUM;10017;17;10015;23;;;10023;15;10027;12;;;10020.0;0.0
yf_MKC_d9;12200;INTARIAN_PEPPER_ROOT;11769;20;11765;8;;;11775;12;11779;12;;;11772.0;0.0
yf_MKC_d9;12300;ASH_COATED_OSMIUM;10009;11;10007;16;;;10030;15;10034;22;;;10019.5;0.0
yf_MKC_d9;12300;INTARIAN_PEPPER_ROOT;11772;10;11769;15;;;11778;26;11780;9;;;11775.0;0.0
yf_MKC_d9;12400;ASH_COATED_OSMIUM;10017;11;10013;12;;;10023;21;10027;19;;;10020.0;0.0
yf_MKC_d9;12400;INTARIAN_PEPPER_ROOT;11775;13;11773;17;;;11781;17;11785;30;;;11778.0;0.0
yf_MKC_d9;12500;ASH_COATED_OSMIUM;10016;19;10012;21;;;10022;14;10026;21;;;10019.0;0.0
yf_MKC_d9;12500;INTARIAN_PEPPER_ROOT;11777;15;11773;20;;;11783;14;11786;21;;;11780.0;0.0
yf_MKC_d9;12600;ASH_COATED_OSMIUM;10016;20;10013;14;;;10022;22;10024;16;;;10019.0;0.0
yf_MKC_d9;12600;INTARIAN_PEPPER_ROOT;11777;19;11773;29;;;11790;22;11792;22;;;11783.5;0.0
yf_MKC_d9;12700;ASH_COATED_OSMIUM;10012;19;10009;14;;;10024;16;10028;18;;;10018.0;0.0
yf_MKC_d9;12700;INTARIAN_PEPPER_ROOT;11782;19;11779;20;;;11789;11;11793;22;;;11785.5;0.0
yf_MKC_d9;12800;ASH_COATED_OSMIUM;10015;11;10013;22;;;10021;19;10023;25;;;10018.0;0.0
yf_MKC_d9;12800;INTARIAN_PEPPER_ROOT;11785;16;11783;20;;;11791;22;11795;15;;;11788.0;0.0
yf_MKC_d9;12900;ASH_COATED_OSMIUM;10014;13;10010;16;;;10024;17;10026;14;;;10019.0;0.0
yf_MKC_d9;12900;INTARIAN_PEPPER_ROOT;11784;16;11782;21;;;11798;16;11802;17;;;11791.0;0.0
yf_MKC_d9;13000;ASH_COATED_OSMIUM;10015;19;10013;25;;;10021;26;10023;23;;;10018.0;0.0
yf_MKC_d9;13000;INTARIAN_PEPPER_ROOT;11791;21;11789;22;;;11797;29;11800;17;;;11794.0;0.0
yf_MKC_d9;13100;ASH_COATED_OSMIUM;10012;6;10009;19;;;10024;16;10028;17;;;10018.0;0.0
yf_MKC_d9;13100;INTARIAN_PEPPER_ROOT;11793;15;11791;18;;;11799;16;11801;22;;;11796.0;0.0
yf_MKC_d9;13200;ASH_COATED_OSMIUM;10011;9;10007;23;;;10025;15;10027;18;;;10018.0;0.0
yf_MKC_d9;13200;INTARIAN_PEPPER_ROOT;11793;13;11791;10;;;11804;6;11806;23;;;11798.5;0.0
yf_MKC_d9;13300;ASH_COATED_OSMIUM;10015;12;10013;20;;;10021;10;10023;13;;;10018.0;0.0
yf_MKC_d9;13300;INTARIAN_PEPPER_ROOT;11794;11;11790;20;;;11809;16;11812;24;;;11801.5;0.0
yf_MKC_d9;13400;ASH_COATED_OSMIUM;10012;23;10009;19;;;10024;14;10026;22;;;10018.0;0.0
yf_MKC_d9;13400;INTARIAN_PEPPER_ROOT;11801;20;11797;19;;;11807;16;11810;11;;;11804.0;0.0
yf_MKC_d9;13500;ASH_COATED_OSMIUM;9996;14;9993;24;;;10039;7;10043;21;;;10017.5;0.0
yf_MKC_d9;13500;INTARIAN_PEPPER_ROOT;11804;24;11802;14;;;11810;12;11813;14;;;11807.0;0.0
yf_MKC_d9;13600;ASH_COATED_OSMIUM;10015;8;10013;22;;;10021;7;10025;17;;;10018.0;0.0
yf_MKC_d9;13600;INTARIAN_PEPPER_ROOT;11799;12;11796;17;;;11821;13;11825;14;;;11810.0;0.0
yf_MKC_d9;13700;ASH_COATED_OSMIUM;10015;13;10013;24;;;10021;6;10024;11;;;10018.0;0.0
yf_MKC_d9;13700;INTARIAN_PEPPER_ROOT;11809;25;11806;12;;;11815;18;11818;23;;;11812.0;0.0
yf_MKC_d9;13800;ASH_COATED_OSMIUM;10012;20;10010;16;;;10022;16;10026;21;;;10017.0;0.0
yf_MKC_d9;13800;INTARIAN_PEPPER_ROOT;11811;17;11807;24;;;11819;17;11822;15;;;11815.0;0.0
yf_MKC_d9;13900;ASH_COATED_OSMIUM;10014;23;10011;16;;;10020;19;10022;10;;;10017.0;0.0
yf_MKC_d9;13900;INTARIAN_PEPPER_ROOT;11815;21;11811;17;;;11821;13;11824;12;;;11818.0;0.0
yf_MKC_d9;14000;ASH_COATED_OSMIUM;10006;22;10002;24;;;10028;17;10030;29;;;10017.0;0.0
yf_MKC_d9;14000;INTARIAN_PEPPER_ROOT;11817;18;11813;17;;;11823;14;11827;15;;;11820.0;0.0
yf_MKC_d9;14100;ASH_COATED_OSMIUM;10014;19;10010;12;;;10020;12;10023;14;;;10017.0;0.0
yf_MKC_d9;14100;INTARIAN_PEPPER_ROOT;11814;11;11810;19;;;11833;15;11837;25;;;11823.5;0.0
yf_MKC_d9;14200;ASH_COATED_OSMIUM;10014;15;10010;21;;;10020;16;10022;19;;;10017.0;0.0
yf_MKC_d9;14200;INTARIAN_PEPPER_ROOT;11821;15;11819;19;;;11832;18;11836;24;;;11826.5;0.0
yf_MKC_d9;14300;ASH_COATED_OSMIUM;10013;11;10011;20;;;10019;16;10023;23;;;10016.0;0.0
yf_MKC_d9;14300;INTARIAN_PEPPER_ROOT;11826;10;11822;27;;;11832;19;11836;20;;;11829.0;0.0
yf_MKC_d9;14400;ASH_COATED_OSMIUM;10013;15;10010;16;;;10022;9;10026;17;;;10017.5;0.0
yf_MKC_d9;14400;INTARIAN_PEPPER_ROOT;11828;14;11825;17;;;11834;15;11836;28;;;11831.0;0.0
yf_MKC_d9;14500;ASH_COATED_OSMIUM;10013;20;10011;15;;;10019;11;10023;24;;;10016.0;0.0
yf_MKC_d9;14500;INTARIAN_PEPPER_ROOT;11828;23;11824;29;;;11840;14;11842;21;;;11834.0;0.0
yf_MKC_d9;14600;ASH_COATED_OSMIUM;10012;15;10009;12;;;10021;15;10024;17;;;10016.5;0.0
yf_MKC_d9;14600;INTARIAN_PEPPER_ROOT;11834;13;11830;23;;;11840;14;11842;29;;;11837.0;0.0
yf_MKC_d9;14700;ASH_COATED_OSMIUM;10013;15;10011;15;;;10019;9;10021;16;;;10016.0;0.0
yf_MKC_d9;14700;INTARIAN_PEPPER_ROOT;11837;13;11835;18;;;11843;12;11847;22;;;11840.0;0.0
yf_MKC_d9;14800;ASH_COATED_OSMIUM;10013;13;10009;15;;;10019;14;10021;22;;;10016.0;0.0
yf_MKC_d9;14800;INTARIAN_PEPPER_ROOT;11838;14;11834;19;;;11847;20;11850;16;;;11842.5;0.0
yf_MKC_d9;14900;ASH_COATED_OSMIUM;10012;5;10009;22;;;10018;11;10021;22;;;10015.0;0.0
yf_MKC_d9;14900;INTARIAN_PEPPER_ROOT;11842;13;11838;21;;;11848;11;11850;23;;;11845.0;0.0
yf_MKC_d9;15000;ASH_COATED_OSMIUM;10000;19;9998;12;;;10032;14;10036;25;;;10016.0;0.0
yf_MKC_d9;15000;INTARIAN_PEPPER_ROOT;11845;12;11842;11;;;11851;9;11853;29;;;11848.0;0.0
yf_MKC_d9;15100;ASH_COATED_OSMIUM;10011;14;10009;8;;;10020;22;10022;17;;;10015.5;0.0
yf_MKC_d9;15100;INTARIAN_PEPPER_ROOT;11846;27;11844;31;;;11855;10;11857;14;;;11850.5;0.0
yf_MKC_d9;15200;ASH_COATED_OSMIUM;10012;14;10009;17;;;10018;7;10022;19;;;10015.0;0.0
yf_MKC_d9;15200;INTARIAN_PEPPER_ROOT;11850;13;11846;21;;;11856;5;11860;24;;;11853.0;0.0
yf_MKC_d9;15300;ASH_COATED_OSMIUM;10011;16;10008;21;;;10017;15;10019;18;;;10014.0;0.0
yf_MKC_d9;15300;INTARIAN_PEPPER_ROOT;11852;14;11848;22;;;11860;9;11863;19;;;11856.0;0.0
yf_MKC_d9;15400;ASH_COATED_OSMIUM;10012;13;10010;17;;;10018;17;10021;28;;;10015.0;0.0
yf_MKC_d9;15400;INTARIAN_PEPPER_ROOT;11853;17;11850;17;;;11864;11;11866;18;;;11858.5;0.0
yf_MKC_d9;15500;ASH_COATED_OSMIUM;10008;14;10004;18;;;10020;14;10024;15;;;10014.0;0.0
yf_MKC_d9;15500;INTARIAN_PEPPER_ROOT;11859;14;11856;12;;;11865;15;11867;22;;;11862.0;0.0
yf_MKC_d9;15600;ASH_COATED_OSMIUM;10011;8;10007;16;;;10017;13;10020;27;;;10014.0;0.0
yf_MKC_d9;15600;INTARIAN_PEPPER_ROOT;11861;7;11859;11;;;11867;15;11869;25;;;11864.0;0.0
yf_MKC_d9;15700;ASH_COATED_OSMIUM;10011;10;10009;18;;;10018;13;10020;21;;;10014.5;0.0
yf_MKC_d9;15700;INTARIAN_PEPPER_ROOT;11855;5;11853;22;;;11878;12;11880;22;;;11866.5;0.0
yf_MKC_d9;15800;ASH_COATED_OSMIUM;10004;18;10001;26;;;10024;15;10027;20;;;10014.0;0.0
yf_MKC_d9;15800;INTARIAN_PEPPER_ROOT;11866;13;11862;21;;;11872;14;11876;11;;;11869.0;0.0
yf_MKC_d9;15900;ASH_COATED_OSMIUM;10006;20;10003;13;;;10023;7;10026;34;;;10014.5;0.0
yf_MKC_d9;15900;INTARIAN_PEPPER_ROOT;11867;21;11864;20;;;11876;13;11878;19;;;11871.5;0.0
yf_MKC_d9;16000;ASH_COATED_OSMIUM;10011;16;10009;14;;;10017;7;10020;12;;;10014.0;0.0
yf_MKC_d9;16000;INTARIAN_PEPPER_ROOT;11866;18;11863;15;;;11884;12;11887;9;;;11875.0;0.0
yf_MKC_d9;16100;ASH_COATED_OSMIUM;10010;11;10006;25;;;10016;9;10018;18;;;10013.0;0.0
yf_MKC_d9;16100;INTARIAN_PEPPER_ROOT;11875;18;11872;20;;;11881;19;11884;24;;;11878.0;0.0
yf_MKC_d9;16200;ASH_COATED_OSMIUM;10011;11;10008;28;;;10017;8;10021;29;;;10014.0;0.0
yf_MKC_d9;16200;INTARIAN_PEPPER_ROOT;11877;17;11873;24;;;11883;25;11887;34;;;11880.0;0.0
yf_MKC_d9;16300;ASH_COATED_OSMIUM;10010;18;10007;13;;;10016;10;10020;20;;;10013.0;0.0
yf_MKC_d9;16300;INTARIAN_PEPPER_ROOT;11866;15;11862;29;;;11900;9;11904;21;;;11883.0;0.0
yf_MKC_d9;16400;ASH_COATED_OSMIUM;10003;12;9999;16;;;10023;8;10026;18;;;10013.0;0.0
yf_MKC_d9;16400;INTARIAN_PEPPER_ROOT;11877;27;11874;17;;;11895;20;11899;10;;;11886.0;0.0
yf_MKC_d9;16500;ASH_COATED_OSMIUM;10010;17;10007;23;;;10016;11;10020;20;;;10013.0;0.0
yf_MKC_d9;16500;INTARIAN_PEPPER_ROOT;11885;25;11883;21;;;11891;24;11895;18;;;11888.0;0.0
yf_MKC_d9;16600;ASH_COATED_OSMIUM;10000;11;9998;24;;;10026;17;10030;20;;;10013.0;0.0
yf_MKC_d9;16600;INTARIAN_PEPPER_ROOT;11881;13;11879;18;;;11900;26;11902;24;;;11890.5;0.0
yf_MKC_d9;16700;ASH_COATED_OSMIUM;10007;5;10005;11;;;10018;10;10021;25;;;10012.5;0.0
yf_MKC_d9;16700;INTARIAN_PEPPER_ROOT;11891;5;11888;17;;;11897;24;11901;15;;;11894.0;0.0
yf_MKC_d9;16800;ASH_COATED_OSMIUM;10009;16;10007;26;;;10015;20;10019;25;;;10012.0;0.0
yf_MKC_d9;16800;INTARIAN_PEPPER_ROOT;11893;16;11889;15;;;11899;23;11903;14;;;11896.0;0.0
yf_MKC_d9;16900;ASH_COATED_OSMIUM;10008;12;10004;27;;;10016;9;10019;23;;;10012.0;0.0
yf_MKC_d9;16900;INTARIAN_PEPPER_ROOT;11894;14;11890;20;;;11903;12;11907;22;;;11898.5;0.0
yf_MKC_d9;17000;ASH_COATED_OSMIUM;9993;18;9989;20;;;10031;21;10034;16;;;10012.0;0.0
yf_MKC_d9;17000;INTARIAN_PEPPER_ROOT;11898;13;11894;29;;;11904;18;11906;27;;;11901.0;0.0
yf_MKC_d9;17100;ASH_COATED_OSMIUM;10009;10;10006;29;;;10015;15;10018;15;;;10012.0;0.0
yf_MKC_d9;17100;INTARIAN_PEPPER_ROOT;11899;13;11897;19;;;11905;6;11907;16;;;11902.0;0.0
yf_MKC_d9;17200;ASH_COATED_OSMIUM;10001;13;9998;18;;;10024;18;10028;12;;;10012.5;0.0
yf_MKC_d9;17200;INTARIAN_PEPPER_ROOT;11901;21;11898;15;;;11908;17;11912;16;;;11904.5;0.0
yf_MKC_d9;17300;ASH_COATED_OSMIUM;10009;28;10007;26;;;10017;19;10021;13;;;10013.0;0.0
yf_MKC_d9;17300;INTARIAN_PEPPER_ROOT;11903;12;11901;17;;;11909;21;11913;21;;;11906.0;0.0
yf_MKC_d9;17400;ASH_COATED_OSMIUM;10006;20;10003;17;;;10018;17;10022;19;;;10012.0;0.0
yf_MKC_d9;17400;INTARIAN_PEPPER_ROOT;11900;7;11897;17;;;11914;17;11917;8;;;11907.0;0.0
yf_MKC_d9;17500;ASH_COATED_OSMIUM;10010;16;10006;19;;;10016;9;10020;20;;;10013.0;0.0
yf_MKC_d9;17500;INTARIAN_PEPPER_ROOT;11901;15;11897;19;;;11915;16;11919;23;;;11908.0;0.0
yf_MKC_d9;17600;ASH_COATED_OSMIUM;10010;12;10007;12;;;10016;17;10020;17;;;10013.0;0.0
yf_MKC_d9;17600;INTARIAN_PEPPER_ROOT;11906;17;11904;21;;;11912;24;11914;17;;;11909.0;0.0
yf_MKC_d9;17700;ASH_COATED_OSMIUM;10006;15;10004;24;;;10019;5;10022;28;;;10012.5;0.0
yf_MKC_d9;17700;INTARIAN_PEPPER_ROOT;11909;18;11906;25;;;11915;6;11919;19;;;11912.0;0.0
yf_MKC_d9;17800;ASH_COATED_OSMIUM;10007;24;10005;17;;;10018;13;10022;24;;;10012.5;0.0
yf_MKC_d9;17800;INTARIAN_PEPPER_ROOT;11908;7;11905;29;;;11919;16;11922;21;;;11913.5;0.0
yf_MKC_d9;17900;ASH_COATED_OSMIUM;10010;7;10007;14;;;10016;6;10019;23;;;10013.0;0.0
yf_MKC_d9;17900;INTARIAN_PEPPER_ROOT;11912;12;11909;18;;;11918;13;11922;20;;;11915.0;0.0
yf_MKC_d9;18000;ASH_COATED_OSMIUM;10010;22;10007;18;;;10016;20;10018;20;;;10013.0;0.0
yf_MKC_d9;18000;INTARIAN_PEPPER_ROOT;11910;10;11906;19;;;11921;21;11925;20;;;11915.5;0.0
yf_MKC_d9;18100;ASH_COATED_OSMIUM;10010;17;10008;23;;;10016;15;10018;21;;;10013.0;0.0
yf_MKC_d9;18100;INTARIAN_PEPPER_ROOT;11914;21;11912;25;;;11920;11;11922;17;;;11917.0;0.0
yf_MKC_d9;18200;ASH_COATED_OSMIUM;10004;11;10002;25;;;10022;19;10026;12;;;10013.0;0.0
yf_MKC_d9;18200;INTARIAN_PEPPER_ROOT;11917;18;11914;18;;;11923;18;11927;29;;;11920.0;0.0
yf_MKC_d9;18300;ASH_COATED_OSMIUM;10010;15;10007;16;;;10016;15;10019;15;;;10013.0;0.0
yf_MKC_d9;18300;INTARIAN_PEPPER_ROOT;11917;17;11914;21;;;11925;10;11928;19;;;11921.0;0.0
yf_MKC_d9;18400;ASH_COATED_OSMIUM;10011;12;10008;19;;;10017;18;10020;24;;;10014.0;0.0
yf_MKC_d9;18400;INTARIAN_PEPPER_ROOT;11919;13;11916;22;;;11925;21;11927;17;;;11922.0;0.0
yf_MKC_d9;18500;ASH_COATED_OSMIUM;10003;16;10000;20;;;10024;8;10027;25;;;10013.5;0.0
yf_MKC_d9;18500;INTARIAN_PEPPER_ROOT;11919;13;11916;20;;;11930;14;11934;22;;;11924.5;0.0
yf_MKC_d9;18600;ASH_COATED_OSMIUM;10011;22;10008;27;;;10017;15;10019;16;;;10014.0;0.0
yf_MKC_d9;18600;INTARIAN_PEPPER_ROOT;11922;8;11920;21;;;11928;17;11930;21;;;11925.0;0.0
yf_MKC_d9;18700;ASH_COATED_OSMIUM;10006;5;10003;17;;;10020;19;10023;19;;;10013.0;0.0
yf_MKC_d9;18700;INTARIAN_PEPPER_ROOT;11924;10;11922;23;;;11930;27;11932;29;;;11927.0;0.0
yf_MKC_d9;18800;ASH_COATED_OSMIUM;10009;14;10005;27;;;10019;10;10022;20;;;10014.0;0.0
yf_MKC_d9;18800;INTARIAN_PEPPER_ROOT;11922;13;11918;26;;;11934;18;11937;22;;;11928.0;0.0
yf_MKC_d9;18900;ASH_COATED_OSMIUM;10009;8;10007;19;;;10019;16;10023;22;;;10014.0;0.0
yf_MKC_d9;18900;INTARIAN_PEPPER_ROOT;11925;9;11923;30;;;11936;16;11940;14;;;11930.5;0.0
yf_MKC_d9;19000;ASH_COATED_OSMIUM;10011;7;10007;17;;;10017;16;10021;19;;;10014.0;0.0
yf_MKC_d9;19000;INTARIAN_PEPPER_ROOT;11928;18;11926;20;;;11934;9;11936;18;;;11931.0;0.0
yf_MKC_d9;19100;ASH_COATED_OSMIUM;9998;22;9994;21;;;10029;6;10033;18;;;10013.5;0.0
yf_MKC_d9;19100;INTARIAN_PEPPER_ROOT;11930;8;11928;20;;;11936;10;11938;12;;;11933.0;0.0
yf_MKC_d9;19200;ASH_COATED_OSMIUM;10006;14;10003;31;;;10024;17;10026;24;;;10015.0;0.0
yf_MKC_d9;19200;INTARIAN_PEPPER_ROOT;11925;12;11921;24;;;11945;14;11947;15;;;11935.0;0.0
yf_MKC_d9;19300;ASH_COATED_OSMIUM;10011;16;10009;24;;;10017;5;10021;8;;;10014.0;0.0
yf_MKC_d9;19300;INTARIAN_PEPPER_ROOT;11933;16;11929;21;;;11939;19;11942;19;;;11936.0;0.0
yf_MKC_d9;19400;ASH_COATED_OSMIUM;10012;11;10008;18;;;10018;20;10020;22;;;10015.0;0.0
yf_MKC_d9;19400;INTARIAN_PEPPER_ROOT;11935;22;11931;18;;;11941;17;11945;20;;;11938.0;0.0
yf_MKC_d9;19500;ASH_COATED_OSMIUM;10006;10;10004;21;;;10024;16;10028;21;;;10015.0;0.0
yf_MKC_d9;19500;INTARIAN_PEPPER_ROOT;11935;22;11932;20;;;11943;17;11946;20;;;11939.0;0.0
yf_MKC_d9;19600;ASH_COATED_OSMIUM;10012;18;10008;20;;;10018;21;10021;24;;;10015.0;0.0
yf_MKC_d9;19600;INTARIAN_PEPPER_ROOT;11938;12;11936;15;;;11944;15;11946;10;;;11941.0;0.0
yf_MKC_d9;19700;ASH_COATED_OSMIUM;10010;9;10007;16;;;10019;17;10022;12;;;10014.5;0.0
yf_MKC_d9;19700;INTARIAN_PEPPER_ROOT;11939;15;11936;13;;;11945;11;11948;27;;;11942.0;0.0
yf_MKC_d9;19800;ASH_COATED_OSMIUM;10011;11;10007;30;;;10017;19;10019;9;;;10014.0;0.0
yf_MKC_d9;19800;INTARIAN_PEPPER_ROOT;11940;11;11937;14;;;11946;18;11949;20;;;11943.0;0.0
yf_MKC_d9;19900;ASH_COATED_OSMIUM;10011;6;10008;21;;;10018;24;10020;19;;;10014.5;0.0
yf_MKC_d9;19900;INTARIAN_PEPPER_ROOT;11942;12;11938;17;;;11948;21;11952;20;;;11945.0;0.0
yf_MKC_d9;20000;ASH_COATED_OSMIUM;10012;5;10009;30;;;10018;14;10020;23;;;10015.0;0.0
yf_MKC_d9;20000;INTARIAN_PEPPER_ROOT;11943;19;11941;16;;;11949;7;11952;24;;;11946.0;0.0
yf_MKC_d9;20100;ASH_COATED_OSMIUM;10012;11;10010;20;;;10018;16;10022;9;;;10015.0;0.0
yf_MKC_d9;20100;INTARIAN_PEPPER_ROOT;11945;16;11941;24;;;11951;10;11953;22;;;11948.0;0.0
yf_MKC_d9;20200;ASH_COATED_OSMIUM;10007;19;10003;16;;;10022;12;10024;27;;;10014.5;0.0
yf_MKC_d9;20200;INTARIAN_PEPPER_ROOT;11944;14;11941;17;;;11955;11;11958;20;;;11949.5;0.0
yf_MKC_d9;20300;ASH_COATED_OSMIUM;10012;17;10008;20;;;10018;14;10020;16;;;10015.0;0.0
yf_MKC_d9;20300;INTARIAN_PEPPER_ROOT;11949;17;11945;26;;;11955;15;11957;29;;;11952.0;0.0
yf_MKC_d9;20400;ASH_COATED_OSMIUM;10010;11;10008;25;;;10021;24;10023;21;;;10015.5;0.0
yf_MKC_d9;20400;INTARIAN_PEPPER_ROOT;11950;17;11948;24;;;11956;21;11958;13;;;11953.0;0.0
yf_MKC_d9;20500;ASH_COATED_OSMIUM;10010;14;10008;20;;;10021;18;10024;20;;;10015.5;0.0
yf_MKC_d9;20500;INTARIAN_PEPPER_ROOT;11951;21;11947;17;;;11957;15;11961;18;;;11954.0;0.0
yf_MKC_d9;20600;ASH_COATED_OSMIUM;10013;12;10009;16;;;10019;13;10021;13;;;10016.0;0.0
yf_MKC_d9;20600;INTARIAN_PEPPER_ROOT;11952;15;11950;22;;;11958;16;11962;23;;;11955.0;0.0
yf_MKC_d9;20700;ASH_COATED_OSMIUM;10011;17;10008;28;;;10020;13;10023;17;;;10015.5;0.0
yf_MKC_d9;20700;INTARIAN_PEPPER_ROOT;11952;20;11950;27;;;11962;13;11964;15;;;11957.0;0.0
yf_MKC_d9;20800;ASH_COATED_OSMIUM;10011;17;10008;20;;;10020;16;10024;12;;;10015.5;0.0
yf_MKC_d9;20800;INTARIAN_PEPPER_ROOT;11948;21;11944;11;;;11971;14;11975;20;;;11959.5;0.0
yf_MKC_d9;20900;ASH_COATED_OSMIUM;10010;18;10008;23;;;10022;13;10025;23;;;10016.0;0.0
yf_MKC_d9;20900;INTARIAN_PEPPER_ROOT;11958;28;11955;11;;;11964;20;11967;19;;;11961.0;0.0
yf_MKC_d9;21000;ASH_COATED_OSMIUM;10013;12;10010;29;;;10019;10;10023;34;;;10016.0;0.0
yf_MKC_d9;21000;INTARIAN_PEPPER_ROOT;11959;26;11956;21;;;11965;15;11968;26;;;11962.0;0.0
yf_MKC_d9;21100;ASH_COATED_OSMIUM;10013;18;10009;20;;;10019;14;10022;32;;;10016.0;0.0
yf_MKC_d9;21100;INTARIAN_PEPPER_ROOT;11960;15;11958;13;;;11966;15;11970;28;;;11963.0;0.0
yf_MKC_d9;21200;ASH_COATED_OSMIUM;10007;12;10004;29;;;10026;11;10028;11;;;10016.5;0.0
yf_MKC_d9;21200;INTARIAN_PEPPER_ROOT;11956;14;11952;24;;;11973;12;11977;9;;;11964.5;0.0
yf_MKC_d9;21300;ASH_COATED_OSMIUM;10010;20;10008;22;;;10022;10;10024;14;;;10016.0;0.0
yf_MKC_d9;21300;INTARIAN_PEPPER_ROOT;11963;13;11960;22;;;11969;26;11972;23;;;11966.0;0.0
yf_MKC_d9;21400;ASH_COATED_OSMIUM;10012;20;10008;22;;;10021;5;10025;13;;;10016.5;0.0
yf_MKC_d9;21400;INTARIAN_PEPPER_ROOT;11961;15;11958;16;;;11975;6;11977;8;;;11968.0;0.0
yf_MKC_d9;21500;ASH_COATED_OSMIUM;10013;15;10011;23;;;10019;6;10023;24;;;10016.0;0.0
yf_MKC_d9;21500;INTARIAN_PEPPER_ROOT;11966;24;11963;16;;;11972;18;11975;9;;;11969.0;0.0
yf_MKC_d9;21600;ASH_COATED_OSMIUM;10014;10;10011;21;;;10020;15;10023;26;;;10017.0;0.0
yf_MKC_d9;21600;INTARIAN_PEPPER_ROOT;11959;10;11957;12;;;11982;21;11984;24;;;11970.5;0.0
yf_MKC_d9;21700;ASH_COATED_OSMIUM;10013;11;10011;20;;;10019;12;10021;25;;;10016.0;0.0
yf_MKC_d9;21700;INTARIAN_PEPPER_ROOT;11969;17;11966;24;;;11975;11;11978;17;;;11972.0;0.0
yf_MKC_d9;21800;ASH_COATED_OSMIUM;10005;17;10003;8;;;10028;10;10032;21;;;10016.5;0.0
yf_MKC_d9;21800;INTARIAN_PEPPER_ROOT;11971;10;11967;28;;;11977;10;11981;24;;;11974.0;0.0
yf_MKC_d9;21900;ASH_COATED_OSMIUM;10013;22;10011;23;;;10019;30;10021;15;;;10016.0;0.0
yf_MKC_d9;21900;INTARIAN_PEPPER_ROOT;11973;16;11971;25;;;11979;25;11982;19;;;11976.0;0.0
yf_MKC_d9;22000;ASH_COATED_OSMIUM;10014;10;10011;23;;;10020;8;10023;20;;;10017.0;0.0
yf_MKC_d9;22000;INTARIAN_PEPPER_ROOT;11974;16;11970;15;;;11980;12;11983;21;;;11977.0;0.0
yf_MKC_d9;22100;ASH_COATED_OSMIUM;10014;12;10010;18;;;10020;11;10023;13;;;10017.0;0.0
yf_MKC_d9;22100;INTARIAN_PEPPER_ROOT;11976;9;11972;19;;;11982;17;11985;18;;;11979.0;0.0
yf_MKC_d9;22200;ASH_COATED_OSMIUM;10014;16;10012;20;;;10020;22;10024;18;;;10017.0;0.0
yf_MKC_d9;22200;INTARIAN_PEPPER_ROOT;11968;14;11964;20;;;11991;15;11994;23;;;11979.5;0.0
yf_MKC_d9;22300;ASH_COATED_OSMIUM;10014;22;10011;23;;;10020;6;10022;21;;;10017.0;0.0
yf_MKC_d9;22300;INTARIAN_PEPPER_ROOT;11978;13;11976;20;;;11984;10;11986;16;;;11981.0;0.0
yf_MKC_d9;22400;ASH_COATED_OSMIUM;10011;15;10007;24;;;10024;13;10027;23;;;10017.5;0.0
yf_MKC_d9;22400;INTARIAN_PEPPER_ROOT;11980;11;11976;16;;;11986;17;11988;15;;;11983.0;0.0
yf_MKC_d9;22500;ASH_COATED_OSMIUM;10014;15;10010;19;;;10020;14;10022;18;;;10017.0;0.0
yf_MKC_d9;22500;INTARIAN_PEPPER_ROOT;11982;12;11979;19;;;11988;12;11991;24;;;11985.0;0.0
yf_MKC_d9;22600;ASH_COATED_OSMIUM;10011;17;10008;23;;;10022;11;10024;8;;;10016.5;0.0
yf_MKC_d9;22600;INTARIAN_PEPPER_ROOT;11982;14;11980;14;;;11991;16;11993;19;;;11986.5;0.0
yf_MKC_d9;22700;ASH_COATED_OSMIUM;10012;11;10009;16;;;10022;12;10024;19;;;10017.0;0.0
yf_MKC_d9;22700;INTARIAN_PEPPER_ROOT;11976;19;11972;15;;;11999;20;12001;22;;;11987.5;0.0
yf_MKC_d9;22800;ASH_COATED_OSMIUM;10011;14;10009;17;;;10024;8;10028;21;;;10017.5;0.0
yf_MKC_d9;22800;INTARIAN_PEPPER_ROOT;11985;17;11983;25;;;11991;23;11994;22;;;11988.0;0.0
yf_MKC_d9;22900;ASH_COATED_OSMIUM;10014;21;10012;27;;;10020;12;10022;26;;;10017.0;0.0
yf_MKC_d9;22900;INTARIAN_PEPPER_ROOT;11983;16;11980;19;;;11997;16;12000;14;;;11990.0;0.0
yf_MKC_d9;23000;ASH_COATED_OSMIUM;10015;20;10012;22;;;10021;11;10024;16;;;10018.0;0.0
yf_MKC_d9;23000;INTARIAN_PEPPER_ROOT;11989;13;11987;25;;;11995;14;11999;28;;;11992.0;0.0
yf_MKC_d9;23100;ASH_COATED_OSMIUM;10015;16;10012;15;;;10021;15;10025;14;;;10018.0;0.0
yf_MKC_d9;23100;INTARIAN_PEPPER_ROOT;11991;16;11988;21;;;11997;11;12000;23;;;11994.0;0.0
yf_MKC_d9;23200;ASH_COATED_OSMIUM;10014;18;10011;25;;;10020;7;10022;19;;;10017.0;0.0
yf_MKC_d9;23200;INTARIAN_PEPPER_ROOT;11990;16;11987;23;;;12000;9;12004;29;;;11995.0;0.0
yf_MKC_d9;23300;ASH_COATED_OSMIUM;10014;10;10012;13;;;10021;13;10023;22;;;10017.5;0.0
yf_MKC_d9;23300;INTARIAN_PEPPER_ROOT;11994;22;11991;9;;;12000;22;12003;20;;;11997.0;0.0
yf_MKC_d9;23400;ASH_COATED_OSMIUM;10012;19;10010;13;;;10024;20;10028;13;;;10018.0;0.0
yf_MKC_d9;23400;INTARIAN_PEPPER_ROOT;11995;17;11991;29;;;12001;10;12004;16;;;11998.0;0.0
yf_MKC_d9;23500;ASH_COATED_OSMIUM;10015;18;10011;23;;;10021;14;10024;28;;;10018.0;0.0
yf_MKC_d9;23500;INTARIAN_PEPPER_ROOT;11992;16;11988;25;;;12007;16;12011;15;;;11999.5;0.0
yf_MKC_d9;23600;ASH_COATED_OSMIUM;10015;14;10013;19;;;10021;14;10024;12;;;10018.0;0.0
yf_MKC_d9;23600;INTARIAN_PEPPER_ROOT;11998;15;11995;20;;;12004;11;12006;8;;;12001.0;0.0
yf_MKC_d9;23700;ASH_COATED_OSMIUM;10009;10;10006;14;;;10027;14;10031;20;;;10018.0;0.0
yf_MKC_d9;23700;INTARIAN_PEPPER_ROOT;11996;18;11993;20;;;12009;9;12013;23;;;12002.5;0.0
yf_MKC_d9;23800;ASH_COATED_OSMIUM;10008;17;10005;16;;;10028;15;10030;16;;;10018.0;0.0
yf_MKC_d9;23800;INTARIAN_PEPPER_ROOT;11997;5;11993;19;;;12011;18;12014;35;;;12004.0;0.0
yf_MKC_d9;23900;ASH_COATED_OSMIUM;10015;19;10013;14;;;10021;20;10025;14;;;10018.0;0.0
yf_MKC_d9;23900;INTARIAN_PEPPER_ROOT;12003;5;11999;19;;;12009;11;12013;22;;;12006.0;0.0
yf_MKC_d9;24000;ASH_COATED_OSMIUM;10015;14;10012;8;;;10021;10;10025;19;;;10018.0;0.0
yf_MKC_d9;24000;INTARIAN_PEPPER_ROOT;12000;13;11996;15;;;12014;20;12018;14;;;12007.0;0.0
yf_MKC_d9;24100;ASH_COATED_OSMIUM;10016;5;10012;23;;;10022;9;10024;25;;;10019.0;0.0
yf_MKC_d9;24100;INTARIAN_PEPPER_ROOT;11994;15;11992;19;;;12022;21;12024;16;;;12008.0;0.0
yf_MKC_d9;24200;ASH_COATED_OSMIUM;10015;19;10012;22;;;10023;19;10026;21;;;10019.0;0.0
yf_MKC_d9;24200;INTARIAN_PEPPER_ROOT;12007;9;12004;22;;;12013;14;12016;19;;;12010.0;0.0
yf_MKC_d9;24300;ASH_COATED_OSMIUM;10016;13;10014;15;;;10022;9;10026;15;;;10019.0;0.0
yf_MKC_d9;24300;INTARIAN_PEPPER_ROOT;12009;9;12006;16;;;12015;7;12019;14;;;12012.0;0.0
yf_MKC_d9;24400;ASH_COATED_OSMIUM;10016;20;10013;17;;;10022;30;10026;24;;;10019.0;0.0
yf_MKC_d9;24400;INTARIAN_PEPPER_ROOT;12011;12;12007;14;;;12017;6;12020;19;;;12014.0;0.0
yf_MKC_d9;24500;ASH_COATED_OSMIUM;10015;8;10012;26;;;10023;8;10025;12;;;10019.0;0.0
yf_MKC_d9;24500;INTARIAN_PEPPER_ROOT;12009;14;12005;21;;;12020;10;12024;24;;;12014.5;0.0
yf_MKC_d9;24600;ASH_COATED_OSMIUM;10009;17;10005;32;;;10029;20;10032;16;;;10019.0;0.0
yf_MKC_d9;24600;INTARIAN_PEPPER_ROOT;12013;22;12011;20;;;12019;14;12021;23;;;12016.0;0.0
yf_MKC_d9;24700;ASH_COATED_OSMIUM;10007;14;10003;14;;;10031;9;10034;21;;;10019.0;0.0
yf_MKC_d9;24700;INTARIAN_PEPPER_ROOT;12008;9;12006;17;;;12027;14;12031;25;;;12017.5;0.0
yf_MKC_d9;24800;ASH_COATED_OSMIUM;10016;14;10012;17;;;10022;10;10024;20;;;10019.0;0.0
yf_MKC_d9;24800;INTARIAN_PEPPER_ROOT;12009;16;12005;29;;;12030;19;12033;22;;;12019.5;0.0
yf_MKC_d9;24900;ASH_COATED_OSMIUM;10011;12;10009;15;;;10028;19;10032;15;;;10019.5;0.0
yf_MKC_d9;24900;INTARIAN_PEPPER_ROOT;12017;5;12015;20;;;12023;11;12027;24;;;12020.0;0.0
yf_MKC_d9;25000;ASH_COATED_OSMIUM;10016;8;10013;14;;;10022;10;10025;19;;;10019.0;0.0
yf_MKC_d9;25000;INTARIAN_PEPPER_ROOT;12017;8;12013;20;;;12027;9;12029;24;;;12022.0;0.0
yf_MKC_d9;25100;ASH_COATED_OSMIUM;10017;23;10015;24;;;10023;12;10025;21;;;10020.0;0.0
yf_MKC_d9;25100;INTARIAN_PEPPER_ROOT;12020;19;12018;18;;;12028;18;12030;11;;;12024.0;0.0
yf_MKC_d9;25200;ASH_COATED_OSMIUM;10016;17;10014;12;;;10022;11;10026;22;;;10019.0;0.0
yf_MKC_d9;25200;INTARIAN_PEPPER_ROOT;12023;20;12020;26;;;12029;5;12033;18;;;12026.0;0.0
yf_MKC_d9;25300;ASH_COATED_OSMIUM;10013;11;10010;10;;;10026;10;10028;15;;;10019.5;0.0
yf_MKC_d9;25300;INTARIAN_PEPPER_ROOT;12024;21;12020;17;;;12030;11;12034;22;;;12027.0;0.0
yf_MKC_d9;25400;ASH_COATED_OSMIUM;10006;15;10003;18;;;10033;10;10036;17;;;10019.5;0.0
yf_MKC_d9;25400;INTARIAN_PEPPER_ROOT;12015;12;12012;25;;;12042;15;12045;22;;;12028.5;0.0
yf_MKC_d9;25500;ASH_COATED_OSMIUM;10007;13;10004;22;;;10032;17;10035;15;;;10019.5;0.0
yf_MKC_d9;25500;INTARIAN_PEPPER_ROOT;12027;9;12025;19;;;12033;15;12035;17;;;12030.0;0.0
yf_MKC_d9;25600;ASH_COATED_OSMIUM;10013;7;10010;15;;;10025;25;10028;18;;;10019.0;0.0
yf_MKC_d9;25600;INTARIAN_PEPPER_ROOT;12028;17;12025;18;;;12034;16;12036;24;;;12031.0;0.0
yf_MKC_d9;25700;ASH_COATED_OSMIUM;10017;18;10015;19;;;10023;23;10025;12;;;10020.0;0.0
yf_MKC_d9;25700;INTARIAN_PEPPER_ROOT;12027;18;12024;23;;;12039;12;12041;18;;;12033.0;0.0
yf_MKC_d9;25800;ASH_COATED_OSMIUM;10017;9;10013;26;;;10023;15;10026;28;;;10020.0;0.0
yf_MKC_d9;25800;INTARIAN_PEPPER_ROOT;12031;13;12027;18;;;12037;11;12041;28;;;12034.0;0.0
yf_MKC_d9;25900;ASH_COATED_OSMIUM;10017;14;10015;22;;;10023;13;10026;24;;;10020.0;0.0
yf_MKC_d9;25900;INTARIAN_PEPPER_ROOT;12033;19;12031;21;;;12039;8;12043;17;;;12036.0;0.0
yf_MKC_d9;26000;ASH_COATED_OSMIUM;10017;9;10014;15;;;10023;17;10027;14;;;10020.0;0.0
yf_MKC_d9;26000;INTARIAN_PEPPER_ROOT;12033;8;12030;13;;;12042;5;12045;20;;;12037.5;0.0
yf_MKC_d9;26100;ASH_COATED_OSMIUM;10017;13;10015;25;;;10023;22;10027;24;;;10020.0;0.0
yf_MKC_d9;26100;INTARIAN_PEPPER_ROOT;12036;11;12033;20;;;12042;11;12044;25;;;12039.0;0.0
yf_MKC_d9;26200;ASH_COATED_OSMIUM;10017;21;10013;16;;;10023;13;10027;21;;;10020.0;0.0
yf_MKC_d9;26200;INTARIAN_PEPPER_ROOT;12037;18;12035;20;;;12044;15;12047;22;;;12040.5;0.0
yf_MKC_d9;26300;ASH_COATED_OSMIUM;10017;8;10013;18;;;10023;10;10026;21;;;10020.0;0.0
yf_MKC_d9;26300;INTARIAN_PEPPER_ROOT;12034;10;12032;31;;;12049;11;12051;22;;;12041.5;0.0
yf_MKC_d9;26400;ASH_COATED_OSMIUM;10017;17;10015;25;;;10023;9;10026;12;;;10020.0;0.0
yf_MKC_d9;26400;INTARIAN_PEPPER_ROOT;12041;11;12037;16;;;12047;19;12051;20;;;12044.0;0.0
yf_MKC_d9;26500;ASH_COATED_OSMIUM;10014;13;10012;13;;;10027;20;10029;18;;;10020.5;0.0
yf_MKC_d9;26500;INTARIAN_PEPPER_ROOT;12042;16;12038;20;;;12049;16;12051;23;;;12045.5;0.0
yf_MKC_d9;26600;ASH_COATED_OSMIUM;10010;16;10008;21;;;10032;17;10034;16;;;10021.0;0.0
yf_MKC_d9;26600;INTARIAN_PEPPER_ROOT;12044;11;12041;24;;;12050;11;12054;18;;;12047.0;0.0
yf_MKC_d9;26700;ASH_COATED_OSMIUM;10018;5;10015;22;;;10024;15;10026;19;;;10021.0;0.0
yf_MKC_d9;26700;INTARIAN_PEPPER_ROOT;12043;23;12040;22;;;12053;18;12057;20;;;12048.0;0.0
yf_MKC_d9;26800;ASH_COATED_OSMIUM;10018;12;10016;30;;;10024;10;10028;12;;;10021.0;0.0
yf_MKC_d9;26800;INTARIAN_PEPPER_ROOT;12045;12;12041;23;;;12055;9;12057;18;;;12050.0;0.0
yf_MKC_d9;26900;ASH_COATED_OSMIUM;10016;13;10013;11;;;10026;15;10029;27;;;10021.0;0.0
yf_MKC_d9;26900;INTARIAN_PEPPER_ROOT;12047;15;12044;23;;;12054;13;12058;17;;;12050.5;0.0
yf_MKC_d9;27000;ASH_COATED_OSMIUM;10016;12;10014;24;;;10027;11;10030;26;;;10021.5;0.0
yf_MKC_d9;27000;INTARIAN_PEPPER_ROOT;12049;13;12046;9;;;12056;17;12060;25;;;12052.5;0.0
yf_MKC_d9;27100;ASH_COATED_OSMIUM;10018;7;10016;28;;;10025;13;10028;23;;;10021.5;0.0
yf_MKC_d9;27100;INTARIAN_PEPPER_ROOT;12047;15;12044;25;;;12061;17;12064;20;;;12054.0;0.0
yf_MKC_d9;27200;ASH_COATED_OSMIUM;10019;7;10015;22;;;10025;8;10027;18;;;10022.0;0.0
yf_MKC_d9;27200;INTARIAN_PEPPER_ROOT;12053;16;12050;18;;;12059;17;12063;19;;;12056.0;0.0
yf_MKC_d9;27300;ASH_COATED_OSMIUM;10015;5;10011;19;;;10028;23;10031;18;;;10021.5;0.0
yf_MKC_d9;27300;INTARIAN_PEPPER_ROOT;12054;15;12050;17;;;12060;10;12063;16;;;12057.0;0.0
yf_MKC_d9;27400;ASH_COATED_OSMIUM;10018;20;10016;17;;;10024;19;10027;21;;;10021.0;0.0
yf_MKC_d9;27400;INTARIAN_PEPPER_ROOT;12055;17;12052;15;;;12061;18;12064;18;;;12058.0;0.0
yf_MKC_d9;27500;ASH_COATED_OSMIUM;10019;19;10017;26;;;10025;17;10027;13;;;10022.0;0.0
yf_MKC_d9;27500;INTARIAN_PEPPER_ROOT;12057;16;12053;10;;;12063;18;12067;21;;;12060.0;0.0
yf_MKC_d9;27600;ASH_COATED_OSMIUM;10013;9;10011;12;;;10031;8;10034;16;;;10022.0;0.0
yf_MKC_d9;27600;INTARIAN_PEPPER_ROOT;12056;15;12054;16;;;12066;12;12069;22;;;12061.0;0.0
yf_MKC_d9;27700;ASH_COATED_OSMIUM;10019;14;10017;10;;;10025;13;10029;13;;;10022.0;0.0
yf_MKC_d9;27700;INTARIAN_PEPPER_ROOT;12060;20;12058;23;;;12066;19;12069;23;;;12063.0;0.0
yf_MKC_d9;27800;ASH_COATED_OSMIUM;10019;14;10015;24;;;10025;21;10027;30;;;10022.0;0.0
yf_MKC_d9;27800;INTARIAN_PEPPER_ROOT;12062;16;12060;14;;;12068;12;12070;24;;;12065.0;0.0
yf_MKC_d9;27900;ASH_COATED_OSMIUM;10019;18;10015;19;;;10025;23;10029;16;;;10022.0;0.0
yf_MKC_d9;27900;INTARIAN_PEPPER_ROOT;12063;25;12061;32;;;12069;14;12072;10;;;12066.0;0.0
yf_MKC_d9;28000;ASH_COATED_OSMIUM;10019;19;10015;24;;;10025;10;10028;24;;;10022.0;0.0
yf_MKC_d9;28000;INTARIAN_PEPPER_ROOT;12055;12;12051;14;;;12079;17;12082;15;;;12067.0;0.0
yf_MKC_d9;28100;ASH_COATED_OSMIUM;10017;10;10015;8;;;10028;5;10031;17;;;10022.5;0.0
yf_MKC_d9;28100;INTARIAN_PEPPER_ROOT;12066;21;12063;28;;;12072;13;12074;22;;;12069.0;0.0
yf_MKC_d9;28200;ASH_COATED_OSMIUM;10019;15;10017;19;;;10026;12;10030;11;;;10022.5;0.0
yf_MKC_d9;28200;INTARIAN_PEPPER_ROOT;12068;12;12066;20;;;12074;11;12078;26;;;12071.0;0.0
yf_MKC_d9;28300;ASH_COATED_OSMIUM;10019;14;10015;19;;;10025;16;10029;20;;;10022.0;0.0
yf_MKC_d9;28300;INTARIAN_PEPPER_ROOT;12056;19;12052;19;;;12088;13;12091;14;;;12072.0;0.0
yf_MKC_d9;28400;ASH_COATED_OSMIUM;10019;17;10016;18;;;10025;20;10027;11;;;10022.0;0.0
yf_MKC_d9;28400;INTARIAN_PEPPER_ROOT;12071;16;12068;26;;;12077;7;12079;15;;;12074.0;0.0
yf_MKC_d9;28500;ASH_COATED_OSMIUM;10019;30;10015;21;;;10025;23;10028;15;;;10022.0;0.0
yf_MKC_d9;28500;INTARIAN_PEPPER_ROOT;12060;13;12058;20;;;12091;14;12094;16;;;12075.5;0.0
yf_MKC_d9;28600;ASH_COATED_OSMIUM;10019;16;10015;25;;;10025;22;10028;29;;;10022.0;0.0
yf_MKC_d9;28600;INTARIAN_PEPPER_ROOT;12072;13;12069;15;;;12081;25;12084;27;;;12076.5;0.0
yf_MKC_d9;28700;ASH_COATED_OSMIUM;10020;13;10017;17;;;10026;19;10028;22;;;10023.0;0.0
yf_MKC_d9;28700;INTARIAN_PEPPER_ROOT;12071;5;12067;29;;;12087;14;12090;19;;;12079.0;0.0
yf_MKC_d9;28800;ASH_COATED_OSMIUM;10019;20;10017;24;;;10025;20;10028;20;;;10022.0;0.0
yf_MKC_d9;28800;INTARIAN_PEPPER_ROOT;12077;11;12075;14;;;12083;18;12085;11;;;12080.0;0.0
yf_MKC_d9;28900;ASH_COATED_OSMIUM;10014;13;10010;25;;;10031;19;10033;17;;;10022.5;0.0
yf_MKC_d9;28900;INTARIAN_PEPPER_ROOT;12077;19;12073;11;;;12086;13;12089;23;;;12081.5;0.0
yf_MKC_d9;29000;ASH_COATED_OSMIUM;10020;11;10017;20;;;10026;14;10030;13;;;10023.0;0.0
yf_MKC_d9;29000;INTARIAN_PEPPER_ROOT;12080;29;12078;27;;;12086;5;12089;12;;;12083.0;0.0
yf_MKC_d9;29100;ASH_COATED_OSMIUM;10020;17;10018;23;;;10026;11;10030;14;;;10023.0;0.0
yf_MKC_d9;29100;INTARIAN_PEPPER_ROOT;12082;20;12078;11;;;12088;10;12092;23;;;12085.0;0.0
yf_MKC_d9;29200;ASH_COATED_OSMIUM;10020;9;10016;21;;;10026;6;10030;22;;;10023.0;0.0
yf_MKC_d9;29200;INTARIAN_PEPPER_ROOT;12082;24;12080;16;;;12089;14;12092;18;;;12085.5;0.0
yf_MKC_d9;29300;ASH_COATED_OSMIUM;10007;14;10004;18;;;10040;14;10042;20;;;10023.5;0.0
yf_MKC_d9;29300;INTARIAN_PEPPER_ROOT;12084;17;12081;18;;;12091;10;12093;24;;;12087.5;0.0
yf_MKC_d9;29400;ASH_COATED_OSMIUM;10020;8;10018;20;;;10026;8;10028;26;;;10023.0;0.0
yf_MKC_d9;29400;INTARIAN_PEPPER_ROOT;12086;21;12084;19;;;12092;14;12094;17;;;12089.0;0.0
yf_MKC_d9;29500;ASH_COATED_OSMIUM;10016;22;10013;29;;;10031;18;10035;20;;;10023.5;0.0
yf_MKC_d9;29500;INTARIAN_PEPPER_ROOT;12087;12;12084;22;;;12093;11;12097;21;;;12090.0;0.0
yf_MKC_d9;29600;ASH_COATED_OSMIUM;10020;8;10017;23;;;10028;13;10032;21;;;10024.0;0.0
yf_MKC_d9;29600;INTARIAN_PEPPER_ROOT;12085;20;12083;18;;;12099;5;12103;19;;;12092.0;0.0
yf_MKC_d9;29700;ASH_COATED_OSMIUM;10020;11;10016;29;;;10026;12;10028;17;;;10023.0;0.0
yf_MKC_d9;29700;INTARIAN_PEPPER_ROOT;12090;16;12088;16;;;12096;10;12099;19;;;12093.0;0.0
yf_MKC_d9;29800;ASH_COATED_OSMIUM;10021;15;10018;28;;;10027;12;10031;17;;;10024.0;0.0
yf_MKC_d9;29800;INTARIAN_PEPPER_ROOT;12092;12;12088;14;;;12098;13;12101;30;;;12095.0;0.0
yf_MKC_d9;29900;ASH_COATED_OSMIUM;10022;13;10019;12;;;10028;18;10032;21;;;10025.0;0.0
yf_MKC_d9;29900;INTARIAN_PEPPER_ROOT;12094;25;12091;13;;;12100;28;12102;16;;;12097.0;0.0
yf_MKC_d9;30000;ASH_COATED_OSMIUM;10020;24;10017;20;;;10026;15;10029;19;;;10023.0;0.0
yf_MKC_d9;30000;INTARIAN_PEPPER_ROOT;12090;12;12087;15;;;12105;19;12107;17;;;12097.5;0.0
yf_MKC_d9;30100;ASH_COATED_OSMIUM;10020;12;10017;17;;;10029;17;10032;19;;;10024.5;0.0
yf_MKC_d9;30100;INTARIAN_PEPPER_ROOT;12094;11;12090;18;;;12104;10;12107;22;;;12099.0;0.0
yf_MKC_d9;30200;ASH_COATED_OSMIUM;10021;19;10017;24;;;10027;12;10029;32;;;10024.0;0.0
yf_MKC_d9;30200;INTARIAN_PEPPER_ROOT;12098;23;12096;28;;;12104;20;12106;15;;;12101.0;0.0
yf_MKC_d9;30300;ASH_COATED_OSMIUM;10018;16;10016;21;;;10030;19;10032;13;;;10024.0;0.0
yf_MKC_d9;30300;INTARIAN_PEPPER_ROOT;12099;13;12097;31;;;12107;8;12109;26;;;12103.0;0.0
yf_MKC_d9;30400;ASH_COATED_OSMIUM;10019;15;10016;18;;;10028;13;10031;21;;;10023.5;0.0
yf_MKC_d9;30400;INTARIAN_PEPPER_ROOT;12101;14;12097;22;;;12107;11;12111;19;;;12104.0;0.0
yf_MKC_d9;30500;ASH_COATED_OSMIUM;10018;10;10016;11;;;10029;22;10031;25;;;10023.5;0.0
yf_MKC_d9;30500;INTARIAN_PEPPER_ROOT;12098;12;12096;16;;;12113;14;12116;20;;;12105.5;0.0
yf_MKC_d9;30600;ASH_COATED_OSMIUM;10021;16;10018;14;;;10027;17;10031;23;;;10024.0;0.0
yf_MKC_d9;30600;INTARIAN_PEPPER_ROOT;12104;14;12100;23;;;12110;14;12112;24;;;12107.0;0.0
yf_MKC_d9;30700;ASH_COATED_OSMIUM;10018;16;10014;15;;;10031;21;10033;27;;;10024.5;0.0
yf_MKC_d9;30700;INTARIAN_PEPPER_ROOT;12105;11;12101;14;;;12111;11;12114;18;;;12108.0;0.0
yf_MKC_d9;30800;ASH_COATED_OSMIUM;10021;14;10019;24;;;10027;5;10031;22;;;10024.0;0.0
yf_MKC_d9;30800;INTARIAN_PEPPER_ROOT;12107;14;12105;23;;;12113;16;12115;23;;;12110.0;0.0
yf_MKC_d9;30900;ASH_COATED_OSMIUM;10011;13;10007;13;;;10037;5;10041;19;;;10024.0;0.0
yf_MKC_d9;30900;INTARIAN_PEPPER_ROOT;12109;15;12106;17;;;12115;15;12118;17;;;12112.0;0.0
yf_MKC_d9;31000;ASH_COATED_OSMIUM;10021;13;10019;18;;;10028;6;10030;20;;;10024.5;0.0
yf_MKC_d9;31000;INTARIAN_PEPPER_ROOT;12110;15;12108;10;;;12116;10;12120;15;;;12113.0;0.0
yf_MKC_d9;31100;ASH_COATED_OSMIUM;10022;13;10019;18;;;10028;14;10030;14;;;10025.0;0.0
yf_MKC_d9;31100;INTARIAN_PEPPER_ROOT;12111;18;12108;8;;;12117;9;12119;19;;;12114.0;0.0
yf_MKC_d9;31200;ASH_COATED_OSMIUM;10018;7;10016;16;;;10031;19;10033;26;;;10024.5;0.0
yf_MKC_d9;31200;INTARIAN_PEPPER_ROOT;12104;14;12101;15;;;12128;22;12132;16;;;12116.0;0.0
yf_MKC_d9;31300;ASH_COATED_OSMIUM;10022;14;10020;11;;;10028;12;10031;18;;;10025.0;0.0
yf_MKC_d9;31300;INTARIAN_PEPPER_ROOT;12107;12;12105;8;;;12127;11;12130;23;;;12117.0;0.0
yf_MKC_d9;31400;ASH_COATED_OSMIUM;10022;17;10020;17;;;10029;13;10032;32;;;10025.5;0.0
yf_MKC_d9;31400;INTARIAN_PEPPER_ROOT;12107;25;12105;16;;;12131;17;12133;19;;;12119.0;0.0
yf_MKC_d9;31500;ASH_COATED_OSMIUM;10017;18;10014;13;;;10033;15;10036;25;;;10025.0;0.0
yf_MKC_d9;31500;INTARIAN_PEPPER_ROOT;12117;21;12114;12;;;12123;5;12125;10;;;12120.0;0.0
yf_MKC_d9;31600;ASH_COATED_OSMIUM;10022;8;10019;14;;;10028;6;10032;17;;;10025.0;0.0
yf_MKC_d9;31600;INTARIAN_PEPPER_ROOT;12108;17;12106;18;;;12136;25;12138;14;;;12122.0;0.0
yf_MKC_d9;31700;ASH_COATED_OSMIUM;10021;9;10018;24;;;10031;17;10033;23;;;10026.0;0.0
yf_MKC_d9;31700;INTARIAN_PEPPER_ROOT;12121;13;12117;10;;;12127;22;12129;8;;;12124.0;0.0
yf_MKC_d9;31800;ASH_COATED_OSMIUM;10022;8;10019;18;;;10028;10;10030;19;;;10025.0;0.0
yf_MKC_d9;31800;INTARIAN_PEPPER_ROOT;12123;17;12120;20;;;12129;11;12132;14;;;12126.0;0.0
yf_MKC_d9;31900;ASH_COATED_OSMIUM;10012;10;10008;17;;;10039;18;10041;24;;;10025.5;0.0
yf_MKC_d9;31900;INTARIAN_PEPPER_ROOT;12124;9;12122;20;;;12130;17;12132;25;;;12127.0;0.0
yf_MKC_d9;32000;ASH_COATED_OSMIUM;10022;14;10018;21;;;10028;18;10030;28;;;10025.0;0.0
yf_MKC_d9;32000;INTARIAN_PEPPER_ROOT;12122;7;12119;16;;;12136;9;12139;20;;;12129.0;0.0
yf_MKC_d9;32100;ASH_COATED_OSMIUM;10022;10;10018;22;;;10028;16;10030;16;;;10025.0;0.0
yf_MKC_d9;32100;INTARIAN_PEPPER_ROOT;12125;6;12122;13;;;12134;17;12136;14;;;12129.5;0.0
yf_MKC_d9;32200;ASH_COATED_OSMIUM;10015;12;10013;27;;;10036;20;10038;27;;;10025.5;0.0
yf_MKC_d9;32200;INTARIAN_PEPPER_ROOT;12128;14;12124;17;;;12134;21;12136;20;;;12131.0;0.0
yf_MKC_d9;32300;ASH_COATED_OSMIUM;10023;20;10020;17;;;10029;19;10031;26;;;10026.0;0.0
yf_MKC_d9;32300;INTARIAN_PEPPER_ROOT;12130;19;12126;23;;;12136;14;12140;19;;;12133.0;0.0
yf_MKC_d9;32400;ASH_COATED_OSMIUM;10022;15;10018;13;;;10031;14;10033;18;;;10026.5;0.0
yf_MKC_d9;32400;INTARIAN_PEPPER_ROOT;12130;19;12127;14;;;12139;13;12142;26;;;12134.5;0.0
yf_MKC_d9;32500;ASH_COATED_OSMIUM;10023;15;10021;18;;;10030;12;10032;13;;;10026.5;0.0
yf_MKC_d9;32500;INTARIAN_PEPPER_ROOT;12133;23;12129;26;;;12139;17;12143;19;;;12136.0;0.0
yf_MKC_d9;32600;ASH_COATED_OSMIUM;10022;18;10020;23;;;10030;21;10033;27;;;10026.0;0.0
yf_MKC_d9;32600;INTARIAN_PEPPER_ROOT;12132;9;12128;16;;;12143;15;12145;24;;;12137.5;0.0
yf_MKC_d9;32700;ASH_COATED_OSMIUM;10022;15;10020;17;;;10031;15;10035;18;;;10026.5;0.0
yf_MKC_d9;32700;INTARIAN_PEPPER_ROOT;12136;11;12133;24;;;12142;8;12145;18;;;12139.0;0.0
yf_MKC_d9;32800;ASH_COATED_OSMIUM;10023;9;10021;16;;;10029;12;10033;9;;;10026.0;0.0
yf_MKC_d9;32800;INTARIAN_PEPPER_ROOT;12138;28;12135;20;;;12144;18;12147;13;;;12141.0;0.0
yf_MKC_d9;32900;ASH_COATED_OSMIUM;10023;12;10021;23;;;10029;14;10033;23;;;10026.0;0.0
yf_MKC_d9;32900;INTARIAN_PEPPER_ROOT;12138;10;12134;13;;;12144;14;12146;26;;;12141.0;0.0
yf_MKC_d9;33000;ASH_COATED_OSMIUM;10021;7;10018;19;;;10032;6;10035;19;;;10026.5;0.0
yf_MKC_d9;33000;INTARIAN_PEPPER_ROOT;12140;15;12137;22;;;12146;10;12150;24;;;12143.0;0.0
yf_MKC_d9;33100;ASH_COATED_OSMIUM;10023;10;10021;15;;;10029;16;10031;25;;;10026.0;0.0
yf_MKC_d9;33100;INTARIAN_PEPPER_ROOT;12142;5;12139;27;;;12148;12;12151;17;;;12145.0;0.0
yf_MKC_d9;33200;ASH_COATED_OSMIUM;10022;10;10018;22;;;10031;15;10033;24;;;10026.5;0.0
yf_MKC_d9;33200;INTARIAN_PEPPER_ROOT;12143;19;12141;14;;;12149;13;12153;21;;;12146.0;0.0
yf_MKC_d9;33300;ASH_COATED_OSMIUM;10023;9;10019;24;;;10029;10;10031;8;;;10026.0;0.0
yf_MKC_d9;33300;INTARIAN_PEPPER_ROOT;12145;16;12143;28;;;12151;13;12154;20;;;12148.0;0.0
yf_MKC_d9;33400;ASH_COATED_OSMIUM;10024;17;10020;18;;;10030;16;10033;26;;;10027.0;0.0
yf_MKC_d9;33400;INTARIAN_PEPPER_ROOT;12147;16;12144;17;;;12153;18;12156;19;;;12150.0;0.0
yf_MKC_d9;33500;ASH_COATED_OSMIUM;10009;9;10005;16;;;10044;7;10048;21;;;10026.5;0.0
yf_MKC_d9;33500;INTARIAN_PEPPER_ROOT;12144;10;12140;11;;;12158;13;12160;19;;;12151.0;0.0
yf_MKC_d9;33600;ASH_COATED_OSMIUM;10025;15;10022;27;;;10031;14;10033;13;;;10028.0;0.0
yf_MKC_d9;33600;INTARIAN_PEPPER_ROOT;12150;19;12148;26;;;12156;5;12159;13;;;12153.0;0.0
yf_MKC_d9;33700;ASH_COATED_OSMIUM;10024;21;10020;28;;;10030;19;10032;11;;;10027.0;0.0
yf_MKC_d9;33700;INTARIAN_PEPPER_ROOT;12151;15;12149;19;;;12157;15;12161;17;;;12154.0;0.0
yf_MKC_d9;33800;ASH_COATED_OSMIUM;10024;8;10020;26;;;10030;21;10033;16;;;10027.0;0.0
yf_MKC_d9;33800;INTARIAN_PEPPER_ROOT;12153;20;12149;19;;;12159;8;12161;28;;;12156.0;0.0
yf_MKC_d9;33900;ASH_COATED_OSMIUM;10021;14;10018;15;;;10032;14;10034;18;;;10026.5;0.0
yf_MKC_d9;33900;INTARIAN_PEPPER_ROOT;12152;18;12148;12;;;12162;5;12166;22;;;12157.0;0.0
yf_MKC_d9;34000;ASH_COATED_OSMIUM;10017;9;10014;17;;;10039;22;10043;18;;;10028.0;0.0
yf_MKC_d9;34000;INTARIAN_PEPPER_ROOT;12149;14;12146;10;;;12160;13;12164;20;;;12154.5;0.0
yf_MKC_d9;34100;ASH_COATED_OSMIUM;10024;13;10021;20;;;10030;17;10034;25;;;10027.0;0.0
yf_MKC_d9;34100;INTARIAN_PEPPER_ROOT;12145;24;12141;15;;;12160;25;12162;22;;;12152.5;0.0
yf_MKC_d9;34200;ASH_COATED_OSMIUM;10024;7;10022;12;;;10030;11;10034;27;;;10027.0;0.0
yf_MKC_d9;34200;INTARIAN_PEPPER_ROOT;12146;20;12142;20;;;12153;8;12157;25;;;12149.5;0.0
yf_MKC_d9;34300;ASH_COATED_OSMIUM;10025;15;10022;31;;;10031;10;10034;35;;;10028.0;0.0
yf_MKC_d9;34300;INTARIAN_PEPPER_ROOT;12145;14;12143;28;;;12151;13;12153;19;;;12148.0;0.0
yf_MKC_d9;34400;ASH_COATED_OSMIUM;10025;17;10021;8;;;10031;12;10034;21;;;10028.0;0.0
yf_MKC_d9;34400;INTARIAN_PEPPER_ROOT;12135;19;12131;8;;;12155;21;12159;12;;;12145.0;0.0
yf_MKC_d9;34500;ASH_COATED_OSMIUM;10025;18;10021;14;;;10031;14;10034;13;;;10028.0;0.0
yf_MKC_d9;34500;INTARIAN_PEPPER_ROOT;12136;15;12132;20;;;12150;17;12154;22;;;12143.0;0.0
yf_MKC_d9;34600;ASH_COATED_OSMIUM;10014;17;10012;26;;;10043;9;10047;20;;;10028.5;0.0
yf_MKC_d9;34600;INTARIAN_PEPPER_ROOT;12137;12;12134;13;;;12144;7;12146;25;;;12140.5;0.0
yf_MKC_d9;34700;ASH_COATED_OSMIUM;10019;11;10016;14;;;10038;18;10041;22;;;10028.5;0.0
yf_MKC_d9;34700;INTARIAN_PEPPER_ROOT;12136;11;12132;17;;;12142;10;12146;16;;;12139.0;0.0
yf_MKC_d9;34800;ASH_COATED_OSMIUM;10024;10;10021;21;;;10032;13;10035;19;;;10028.0;0.0
yf_MKC_d9;34800;INTARIAN_PEPPER_ROOT;12133;11;12130;20;;;12139;19;12142;23;;;12136.0;0.0
yf_MKC_d9;34900;ASH_COATED_OSMIUM;10024;14;10021;14;;;10034;6;10037;15;;;10029.0;0.0
yf_MKC_d9;34900;INTARIAN_PEPPER_ROOT;12131;16;12128;21;;;12137;12;12139;18;;;12134.0;0.0
yf_MKC_d9;35000;ASH_COATED_OSMIUM;10023;17;10019;18;;;10035;6;10039;23;;;10029.0;0.0
yf_MKC_d9;35000;INTARIAN_PEPPER_ROOT;12123;13;12121;18;;;12141;9;12143;29;;;12132.0;0.0
yf_MKC_d9;35100;ASH_COATED_OSMIUM;10026;13;10022;11;;;10032;10;10034;21;;;10029.0;0.0
yf_MKC_d9;35100;INTARIAN_PEPPER_ROOT;12127;10;12124;24;;;12133;15;12136;20;;;12130.0;0.0
yf_MKC_d9;35200;ASH_COATED_OSMIUM;10025;9;10023;16;;;10032;9;10034;18;;;10028.5;0.0
yf_MKC_d9;35200;INTARIAN_PEPPER_ROOT;12123;13;12121;27;;;12131;16;12135;32;;;12127.0;0.0
yf_MKC_d9;35300;ASH_COATED_OSMIUM;10026;10;10022;18;;;10032;27;10034;30;;;10029.0;0.0
yf_MKC_d9;35300;INTARIAN_PEPPER_ROOT;12116;16;12114;24;;;12133;23;12135;25;;;12124.5;0.0
yf_MKC_d9;35400;ASH_COATED_OSMIUM;10025;19;10021;13;;;10032;15;10034;10;;;10028.5;0.0
yf_MKC_d9;35400;INTARIAN_PEPPER_ROOT;12120;22;12118;16;;;12126;13;12130;22;;;12123.0;0.0
yf_MKC_d9;35500;ASH_COATED_OSMIUM;10026;12;10023;23;;;10033;13;10035;20;;;10029.5;0.0
yf_MKC_d9;35500;INTARIAN_PEPPER_ROOT;12114;24;12112;20;;;12125;6;12127;19;;;12119.5;0.0
yf_MKC_d9;35600;ASH_COATED_OSMIUM;10026;9;10022;19;;;10032;12;10036;18;;;10029.0;0.0
yf_MKC_d9;35600;INTARIAN_PEPPER_ROOT;12115;5;12111;25;;;12121;13;12124;16;;;12118.0;0.0
yf_MKC_d9;35700;ASH_COATED_OSMIUM;10026;15;10023;14;;;10032;15;10036;14;;;10029.0;0.0
yf_MKC_d9;35700;INTARIAN_PEPPER_ROOT;12113;23;12110;14;;;12119;15;12123;24;;;12116.0;0.0
yf_MKC_d9;35800;ASH_COATED_OSMIUM;10027;13;10024;27;;;10033;16;10037;29;;;10030.0;0.0
yf_MKC_d9;35800;INTARIAN_PEPPER_ROOT;12110;17;12106;15;;;12116;6;12119;12;;;12113.0;0.0
yf_MKC_d9;35900;ASH_COATED_OSMIUM;10014;19;10010;23;;;10047;13;10049;17;;;10030.5;0.0
yf_MKC_d9;35900;INTARIAN_PEPPER_ROOT;12099;8;12095;22;;;12123;14;12127;21;;;12111.0;0.0
yf_MKC_d9;36000;ASH_COATED_OSMIUM;10026;15;10022;20;;;10035;20;10037;17;;;10030.5;0.0
yf_MKC_d9;36000;INTARIAN_PEPPER_ROOT;12103;14;12100;24;;;12115;18;12117;15;;;12109.0;0.0
yf_MKC_d9;36100;ASH_COATED_OSMIUM;10027;18;10023;20;;;10033;10;10035;16;;;10030.0;0.0
yf_MKC_d9;36100;INTARIAN_PEPPER_ROOT;12102;18;12099;22;;;12110;21;12114;28;;;12106.0;0.0
yf_MKC_d9;36200;ASH_COATED_OSMIUM;10027;18;10024;18;;;10033;15;10036;19;;;10030.0;0.0
yf_MKC_d9;36200;INTARIAN_PEPPER_ROOT;12088;21;12086;15;;;12120;14;12123;25;;;12104.0;0.0
yf_MKC_d9;36300;ASH_COATED_OSMIUM;10024;19;10022;9;;;10036;14;10038;13;;;10030.0;0.0
yf_MKC_d9;36300;INTARIAN_PEPPER_ROOT;12096;22;12092;26;;;12109;10;12112;25;;;12102.5;0.0
yf_MKC_d9;36400;ASH_COATED_OSMIUM;10026;23;10022;22;;;10035;25;10038;26;;;10030.5;0.0
yf_MKC_d9;36400;INTARIAN_PEPPER_ROOT;12095;9;12092;19;;;12103;9;12107;19;;;12099.0;0.0
yf_MKC_d9;36500;ASH_COATED_OSMIUM;10028;22;10026;23;;;10034;19;10036;10;;;10031.0;0.0
yf_MKC_d9;36500;INTARIAN_PEPPER_ROOT;12094;13;12092;20;;;12100;13;12102;25;;;12097.0;0.0
yf_MKC_d9;36600;ASH_COATED_OSMIUM;10028;15;10026;22;;;10034;16;10036;26;;;10031.0;0.0
yf_MKC_d9;36600;INTARIAN_PEPPER_ROOT;12092;11;12090;16;;;12099;11;12103;16;;;12095.5;0.0
yf_MKC_d9;36700;ASH_COATED_OSMIUM;10028;18;10024;24;;;10034;11;10037;28;;;10031.0;0.0
yf_MKC_d9;36700;INTARIAN_PEPPER_ROOT;12079;14;12075;21;;;12105;17;12109;18;;;12092.0;0.0
yf_MKC_d9;36800;ASH_COATED_OSMIUM;10028;13;10026;29;;;10034;11;10038;25;;;10031.0;0.0
yf_MKC_d9;36800;INTARIAN_PEPPER_ROOT;12083;5;12079;23;;;12097;18;12100;21;;;12090.0;0.0
yf_MKC_d9;36900;ASH_COATED_OSMIUM;10026;18;10022;8;;;10037;14;10041;26;;;10031.5;0.0
yf_MKC_d9;36900;INTARIAN_PEPPER_ROOT;12085;22;12082;23;;;12091;18;12094;11;;;12088.0;0.0
yf_MKC_d9;37000;ASH_COATED_OSMIUM;10026;14;10023;14;;;10038;20;10042;23;;;10032.0;0.0
yf_MKC_d9;37000;INTARIAN_PEPPER_ROOT;12077;19;12075;14;;;12094;17;12096;13;;;12085.5;0.0
yf_MKC_d9;37100;ASH_COATED_OSMIUM;10028;12;10025;8;;;10034;17;10037;16;;;10031.0;0.0
yf_MKC_d9;37100;INTARIAN_PEPPER_ROOT;12080;19;12078;13;;;12086;11;12090;23;;;12083.0;0.0
yf_MKC_d9;37200;ASH_COATED_OSMIUM;10029;13;10025;23;;;10035;24;10037;17;;;10032.0;0.0
yf_MKC_d9;37200;INTARIAN_PEPPER_ROOT;12078;13;12076;17;;;12084;16;12086;23;;;12081.0;0.0
yf_MKC_d9;37300;ASH_COATED_OSMIUM;10028;14;10025;13;;;10034;12;10038;19;;;10031.0;0.0
yf_MKC_d9;37300;INTARIAN_PEPPER_ROOT;12070;22;12068;22;;;12088;12;12092;16;;;12079.0;0.0
yf_MKC_d9;37400;ASH_COATED_OSMIUM;10029;18;10027;14;;;10035;19;10038;24;;;10032.0;0.0
yf_MKC_d9;37400;INTARIAN_PEPPER_ROOT;12073;9;12069;14;;;12079;16;12083;27;;;12076.0;0.0
yf_MKC_d9;37500;ASH_COATED_OSMIUM;10026;5;10024;21;;;10038;5;10040;26;;;10032.0;0.0
yf_MKC_d9;37500;INTARIAN_PEPPER_ROOT;12069;22;12067;23;;;12079;10;12083;23;;;12074.0;0.0
yf_MKC_d9;37600;ASH_COATED_OSMIUM;10030;13;10026;24;;;10036;14;10040;23;;;10033.0;0.0
yf_MKC_d9;37600;INTARIAN_PEPPER_ROOT;12069;15;12067;18;;;12075;16;12078;12;;;12072.0;0.0
yf_MKC_d9;37700;ASH_COATED_OSMIUM;10028;7;10025;16;;;10037;14;10040;19;;;10032.5;0.0
yf_MKC_d9;37700;INTARIAN_PEPPER_ROOT;12067;20;12063;17;;;12073;18;12075;22;;;12070.0;0.0
yf_MKC_d9;37800;ASH_COATED_OSMIUM;10026;15;10024;20;;;10040;21;10044;17;;;10033.0;0.0
yf_MKC_d9;37800;INTARIAN_PEPPER_ROOT;12060;20;12057;11;;;12074;13;12078;19;;;12067.0;0.0
yf_MKC_d9;37900;ASH_COATED_OSMIUM;10030;18;10028;22;;;10036;22;10040;17;;;10033.0;0.0
yf_MKC_d9;37900;INTARIAN_PEPPER_ROOT;12062;26;12059;25;;;12068;12;12071;26;;;12065.0;0.0
yf_MKC_d9;38000;ASH_COATED_OSMIUM;10030;13;10028;15;;;10036;10;10040;17;;;10033.0;0.0
yf_MKC_d9;38000;INTARIAN_PEPPER_ROOT;12060;12;12056;9;;;12066;13;12068;26;;;12063.0;0.0
yf_MKC_d9;38100;ASH_COATED_OSMIUM;10030;16;10026;19;;;10036;14;10038;25;;;10033.0;0.0
yf_MKC_d9;38100;INTARIAN_PEPPER_ROOT;12047;15;12043;12;;;12074;15;12077;21;;;12060.5;0.0
yf_MKC_d9;38200;ASH_COATED_OSMIUM;10025;16;10021;22;;;10040;9;10042;29;;;10032.5;0.0
yf_MKC_d9;38200;INTARIAN_PEPPER_ROOT;12055;18;12052;21;;;12061;14;12065;20;;;12058.0;0.0
yf_MKC_d9;38300;ASH_COATED_OSMIUM;10030;12;10028;20;;;10036;17;10039;17;;;10033.0;0.0
yf_MKC_d9;38300;INTARIAN_PEPPER_ROOT;12051;11;12048;13;;;12060;5;12063;18;;;12055.5;0.0
yf_MKC_d9;38400;ASH_COATED_OSMIUM;10030;16;10027;21;;;10036;14;10039;20;;;10033.0;0.0
yf_MKC_d9;38400;INTARIAN_PEPPER_ROOT;12049;15;12045;19;;;12057;14;12061;27;;;12053.0;0.0
yf_MKC_d9;38500;ASH_COATED_OSMIUM;10031;15;10029;18;;;10037;20;10041;17;;;10034.0;0.0
yf_MKC_d9;38500;INTARIAN_PEPPER_ROOT;12048;18;12044;27;;;12054;20;12057;21;;;12051.0;0.0
yf_MKC_d9;38600;ASH_COATED_OSMIUM;10029;12;10026;23;;;10037;21;10040;17;;;10033.0;0.0
yf_MKC_d9;38600;INTARIAN_PEPPER_ROOT;12046;11;12043;22;;;12052;9;12054;20;;;12049.0;0.0
yf_MKC_d9;38700;ASH_COATED_OSMIUM;10030;22;10027;26;;;10036;18;10038;23;;;10033.0;0.0
yf_MKC_d9;38700;INTARIAN_PEPPER_ROOT;12044;20;12040;8;;;12050;17;12054;23;;;12047.0;0.0
yf_MKC_d9;38800;ASH_COATED_OSMIUM;10030;11;10026;32;;;10036;13;10040;16;;;10033.0;0.0
yf_MKC_d9;38800;INTARIAN_PEPPER_ROOT;12038;18;12034;19;;;12051;12;12053;23;;;12044.5;0.0
yf_MKC_d9;38900;ASH_COATED_OSMIUM;10031;24;10027;19;;;10037;13;10041;20;;;10034.0;0.0
yf_MKC_d9;38900;INTARIAN_PEPPER_ROOT;12039;19;12036;26;;;12045;17;12049;25;;;12042.0;0.0
yf_MKC_d9;39000;ASH_COATED_OSMIUM;10030;13;10028;26;;;10037;14;10039;22;;;10033.5;0.0
yf_MKC_d9;39000;INTARIAN_PEPPER_ROOT;12037;12;12035;20;;;12043;24;12047;25;;;12040.0;0.0
yf_MKC_d9;39100;ASH_COATED_OSMIUM;10031;20;10028;15;;;10037;16;10041;19;;;10034.0;0.0
yf_MKC_d9;39100;INTARIAN_PEPPER_ROOT;12034;13;12032;21;;;12040;19;12042;24;;;12037.0;0.0
yf_MKC_d9;39200;ASH_COATED_OSMIUM;10031;15;10029;15;;;10037;17;10039;24;;;10034.0;0.0
yf_MKC_d9;39200;INTARIAN_PEPPER_ROOT;12031;9;12029;18;;;12040;8;12042;27;;;12035.5;0.0
yf_MKC_d9;39300;ASH_COATED_OSMIUM;10030;19;10028;18;;;10039;17;10041;23;;;10034.5;0.0
yf_MKC_d9;39300;INTARIAN_PEPPER_ROOT;12028;8;12025;27;;;12037;9;12040;11;;;12032.5;0.0
yf_MKC_d9;39400;ASH_COATED_OSMIUM;10029;15;10026;18;;;10040;19;10042;22;;;10034.5;0.0
yf_MKC_d9;39400;INTARIAN_PEPPER_ROOT;12019;16;12016;23;;;12042;10;12044;23;;;12030.5;0.0
yf_MKC_d9;39500;ASH_COATED_OSMIUM;10029;21;10025;20;;;10039;11;10043;18;;;10034.0;0.0
yf_MKC_d9;39500;INTARIAN_PEPPER_ROOT;12025;16;12023;24;;;12031;12;12035;28;;;12028.0;0.0
yf_MKC_d9;39600;ASH_COATED_OSMIUM;10032;23;10030;22;;;10038;14;10040;25;;;10035.0;0.0
yf_MKC_d9;39600;INTARIAN_PEPPER_ROOT;12022;11;12020;12;;;12028;18;12030;26;;;12025.0;0.0
yf_MKC_d9;39700;ASH_COATED_OSMIUM;10032;5;10029;18;;;10038;20;10041;20;;;10035.0;0.0
yf_MKC_d9;39700;INTARIAN_PEPPER_ROOT;12020;13;12018;18;;;12027;18;12031;17;;;12023.5;0.0
yf_MKC_d9;39800;ASH_COATED_OSMIUM;10028;14;10026;23;;;10043;17;10047;18;;;10035.5;0.0
yf_MKC_d9;39800;INTARIAN_PEPPER_ROOT;12017;20;12013;26;;;12026;13;12030;18;;;12021.5;0.0
yf_MKC_d9;39900;ASH_COATED_OSMIUM;10032;20;10030;12;;;10038;14;10041;12;;;10035.0;0.0
yf_MKC_d9;39900;INTARIAN_PEPPER_ROOT;12013;11;12009;23;;;12025;23;12027;17;;;12019.0;0.0
yf_MKC_d9;40000;ASH_COATED_OSMIUM;10032;18;10030;14;;;10039;5;10042;22;;;10035.5;0.0
yf_MKC_d9;40000;INTARIAN_PEPPER_ROOT;12014;24;12011;28;;;12020;12;12024;16;;;12017.0;0.0
yf_MKC_d9;40100;ASH_COATED_OSMIUM;10028;15;10026;15;;;10042;11;10045;21;;;10035.0;0.0
yf_MKC_d9;40100;INTARIAN_PEPPER_ROOT;12012;13;12010;25;;;12018;11;12021;22;;;12015.0;0.0
yf_MKC_d9;40200;ASH_COATED_OSMIUM;10021;19;10017;21;;;10049;13;10053;20;;;10035.0;0.0
yf_MKC_d9;40200;INTARIAN_PEPPER_ROOT;12009;14;12005;24;;;12016;20;12018;29;;;12012.5;0.0
yf_MKC_d9;40300;ASH_COATED_OSMIUM;10029;18;10026;17;;;10042;14;10046;24;;;10035.5;0.0
yf_MKC_d9;40300;INTARIAN_PEPPER_ROOT;12007;17;12005;22;;;12013;8;12016;17;;;12010.0;0.0
yf_MKC_d9;40400;ASH_COATED_OSMIUM;10032;17;10030;27;;;10038;9;10041;22;;;10035.0;0.0
yf_MKC_d9;40400;INTARIAN_PEPPER_ROOT;12003;8;12000;17;;;12011;13;12014;14;;;12007.0;0.0
yf_MKC_d9;40500;ASH_COATED_OSMIUM;10033;16;10030;16;;;10039;25;10043;13;;;10036.0;0.0
yf_MKC_d9;40500;INTARIAN_PEPPER_ROOT;12003;18;11999;19;;;12009;13;12013;19;;;12006.0;0.0
yf_MKC_d9;40600;ASH_COATED_OSMIUM;10033;24;10029;23;;;10039;24;10042;30;;;10036.0;0.0
yf_MKC_d9;40600;INTARIAN_PEPPER_ROOT;11993;17;11989;19;;;12015;5;12018;22;;;12004.0;0.0
yf_MKC_d9;40700;ASH_COATED_OSMIUM;10033;9;10029;23;;;10040;20;10042;20;;;10036.5;0.0
yf_MKC_d9;40700;INTARIAN_PEPPER_ROOT;11998;6;11996;28;;;12004;20;12006;11;;;12001.0;0.0
yf_MKC_d9;40800;ASH_COATED_OSMIUM;10026;13;10024;20;;;10046;11;10050;19;;;10036.0;0.0
yf_MKC_d9;40800;INTARIAN_PEPPER_ROOT;11996;15;11992;25;;;12002;17;12004;26;;;11999.0;0.0
yf_MKC_d9;40900;ASH_COATED_OSMIUM;10034;13;10031;20;;;10040;16;10043;19;;;10037.0;0.0
yf_MKC_d9;40900;INTARIAN_PEPPER_ROOT;11991;20;11987;15;;;12001;13;12003;16;;;11996.0;0.0
yf_MKC_d9;41000;ASH_COATED_OSMIUM;10032;19;10030;22;;;10041;10;10045;22;;;10036.5;0.0
yf_MKC_d9;41000;INTARIAN_PEPPER_ROOT;11977;15;11974;20;;;12011;8;12014;18;;;11994.0;0.0
yf_MKC_d9;41100;ASH_COATED_OSMIUM;10026;8;10023;29;;;10046;16;10050;16;;;10036.0;0.0
yf_MKC_d9;41100;INTARIAN_PEPPER_ROOT;11987;21;11985;25;;;11998;18;12002;10;;;11992.5;0.0
yf_MKC_d9;41200;ASH_COATED_OSMIUM;10028;15;10026;12;;;10045;10;10049;23;;;10036.5;0.0
yf_MKC_d9;41200;INTARIAN_PEPPER_ROOT;11987;15;11984;24;;;11993;10;11996;13;;;11990.0;0.0
yf_MKC_d9;41300;ASH_COATED_OSMIUM;10010;12;10008;10;;;10064;21;10068;14;;;10037.0;0.0
yf_MKC_d9;41300;INTARIAN_PEPPER_ROOT;11984;20;11980;26;;;11990;11;11993;20;;;11987.0;0.0
yf_MKC_d9;41400;ASH_COATED_OSMIUM;10034;18;10032;15;;;10040;11;10043;20;;;10037.0;0.0
yf_MKC_d9;41400;INTARIAN_PEPPER_ROOT;11981;12;11977;20;;;11988;7;11990;27;;;11984.5;0.0
yf_MKC_d9;41500;ASH_COATED_OSMIUM;10035;5;10033;22;;;10041;14;10044;29;;;10038.0;0.0
yf_MKC_d9;41500;INTARIAN_PEPPER_ROOT;11980;12;11977;19;;;11986;8;11988;18;;;11983.0;0.0
yf_MKC_d9;41600;ASH_COATED_OSMIUM;10034;9;10031;15;;;10040;17;10043;30;;;10037.0;0.0
yf_MKC_d9;41600;INTARIAN_PEPPER_ROOT;11961;12;11958;19;;;11999;10;12002;31;;;11980.0;0.0
yf_MKC_d9;41700;ASH_COATED_OSMIUM;10034;11;10032;17;;;10040;15;10044;21;;;10037.0;0.0
yf_MKC_d9;41700;INTARIAN_PEPPER_ROOT;11975;18;11973;16;;;11981;14;11984;14;;;11978.0;0.0
yf_MKC_d9;41800;ASH_COATED_OSMIUM;10034;17;10031;16;;;10041;9;10044;19;;;10037.5;0.0
yf_MKC_d9;41800;INTARIAN_PEPPER_ROOT;11972;17;11970;13;;;11978;18;11982;23;;;11975.0;0.0
yf_MKC_d9;41900;ASH_COATED_OSMIUM;10035;13;10032;17;;;10041;13;10043;18;;;10038.0;0.0
yf_MKC_d9;41900;INTARIAN_PEPPER_ROOT;11970;20;11966;11;;;11976;20;11978;20;;;11973.0;0.0
yf_MKC_d9;42000;ASH_COATED_OSMIUM;10035;9;10031;20;;;10041;11;10045;21;;;10038.0;0.0
yf_MKC_d9;42000;INTARIAN_PEPPER_ROOT;11967;16;11965;14;;;11974;16;11977;19;;;11970.5;0.0
yf_MKC_d9;42100;ASH_COATED_OSMIUM;10035;13;10031;17;;;10041;13;10044;27;;;10038.0;0.0
yf_MKC_d9;42100;INTARIAN_PEPPER_ROOT;11966;14;11964;16;;;11972;13;11974;22;;;11969.0;0.0
yf_MKC_d9;42200;ASH_COATED_OSMIUM;10034;5;10031;20;;;10042;8;10044;17;;;10038.0;0.0
yf_MKC_d9;42200;INTARIAN_PEPPER_ROOT;11963;13;11959;22;;;11969;5;11971;33;;;11966.0;0.0
yf_MKC_d9;42300;ASH_COATED_OSMIUM;10035;15;10031;21;;;10041;20;10044;10;;;10038.0;0.0
yf_MKC_d9;42300;INTARIAN_PEPPER_ROOT;11961;15;11959;23;;;11967;14;11970;16;;;11964.0;0.0
yf_MKC_d9;42400;ASH_COATED_OSMIUM;10035;13;10031;28;;;10041;24;10043;26;;;10038.0;0.0
yf_MKC_d9;42400;INTARIAN_PEPPER_ROOT;11959;17;11955;23;;;11965;14;11969;24;;;11962.0;0.0
yf_MKC_d9;42500;ASH_COATED_OSMIUM;10036;13;10033;25;;;10042;18;10046;22;;;10039.0;0.0
yf_MKC_d9;42500;INTARIAN_PEPPER_ROOT;11957;17;11955;25;;;11963;18;11966;30;;;11960.0;0.0
yf_MKC_d9;42600;ASH_COATED_OSMIUM;10031;19;10029;20;;;10045;24;10047;29;;;10038.0;0.0
yf_MKC_d9;42600;INTARIAN_PEPPER_ROOT;11951;20;11947;31;;;11963;21;11967;15;;;11957.0;0.0
yf_MKC_d9;42700;ASH_COATED_OSMIUM;10036;19;10033;22;;;10042;18;10044;19;;;10039.0;0.0
yf_MKC_d9;42700;INTARIAN_PEPPER_ROOT;11953;21;11951;24;;;11959;8;11962;18;;;11956.0;0.0
yf_MKC_d9;42800;ASH_COATED_OSMIUM;10035;10;10031;20;;;10041;20;10044;25;;;10038.0;0.0
yf_MKC_d9;42800;INTARIAN_PEPPER_ROOT;11950;14;11947;20;;;11956;11;11959;21;;;11953.0;0.0
yf_MKC_d9;42900;ASH_COATED_OSMIUM;10036;12;10032;17;;;10042;19;10044;12;;;10039.0;0.0
yf_MKC_d9;42900;INTARIAN_PEPPER_ROOT;11947;17;11943;18;;;11953;17;11955;19;;;11950.0;0.0
yf_MKC_d9;43000;ASH_COATED_OSMIUM;10036;12;10034;8;;;10042;6;10045;20;;;10039.0;0.0
yf_MKC_d9;43000;INTARIAN_PEPPER_ROOT;11942;7;11940;22;;;11954;7;11956;25;;;11948.0;0.0
yf_MKC_d9;43100;ASH_COATED_OSMIUM;10019;10;10016;22;;;10060;13;10062;19;;;10039.5;0.0
yf_MKC_d9;43100;INTARIAN_PEPPER_ROOT;11943;8;11941;24;;;11949;13;11951;23;;;11946.0;0.0
yf_MKC_d9;43200;ASH_COATED_OSMIUM;10035;8;10032;13;;;10045;18;10047;30;;;10040.0;0.0
yf_MKC_d9;43200;INTARIAN_PEPPER_ROOT;11941;21;11939;31;;;11947;15;11951;23;;;11944.0;0.0
yf_MKC_d9;43300;ASH_COATED_OSMIUM;10030;13;10026;25;;;10050;18;10053;19;;;10040.0;0.0
yf_MKC_d9;43300;INTARIAN_PEPPER_ROOT;11938;17;11935;18;;;11944;8;11947;15;;;11941.0;0.0
yf_MKC_d9;43400;ASH_COATED_OSMIUM;10037;11;10035;23;;;10043;22;10046;22;;;10040.0;0.0
yf_MKC_d9;43400;INTARIAN_PEPPER_ROOT;11936;23;11933;21;;;11942;9;11945;20;;;11939.0;0.0
yf_MKC_d9;43500;ASH_COATED_OSMIUM;10036;5;10033;15;;;10044;7;10047;27;;;10040.0;0.0
yf_MKC_d9;43500;INTARIAN_PEPPER_ROOT;11929;18;11926;20;;;11944;17;11948;21;;;11936.5;0.0
yf_MKC_d9;43600;ASH_COATED_OSMIUM;10037;15;10034;25;;;10043;7;10046;15;;;10040.0;0.0
yf_MKC_d9;43600;INTARIAN_PEPPER_ROOT;11929;15;11925;11;;;11939;18;11942;25;;;11934.0;0.0
yf_MKC_d9;43700;ASH_COATED_OSMIUM;10037;12;10034;22;;;10043;16;10047;21;;;10040.0;0.0
yf_MKC_d9;43700;INTARIAN_PEPPER_ROOT;11927;10;11925;14;;;11938;19;11940;21;;;11932.5;0.0
yf_MKC_d9;43800;ASH_COATED_OSMIUM;10037;24;10034;21;;;10043;25;10045;22;;;10040.0;0.0
yf_MKC_d9;43800;INTARIAN_PEPPER_ROOT;11927;16;11925;20;;;11933;15;11937;16;;;11930.0;0.0
yf_MKC_d9;43900;ASH_COATED_OSMIUM;10037;8;10034;14;;;10043;13;10046;17;;;10040.0;0.0
yf_MKC_d9;43900;INTARIAN_PEPPER_ROOT;11923;12;11919;25;;;11933;7;11936;26;;;11928.0;0.0
yf_MKC_d9;44000;ASH_COATED_OSMIUM;10036;12;10034;26;;;10044;15;10046;17;;;10040.0;0.0
yf_MKC_d9;44000;INTARIAN_PEPPER_ROOT;11916;11;11913;16;;;11934;21;11937;14;;;11925.0;0.0
yf_MKC_d9;44100;ASH_COATED_OSMIUM;10034;21;10031;22;;;10048;11;10050;11;;;10041.0;0.0
yf_MKC_d9;44100;INTARIAN_PEPPER_ROOT;11920;19;11917;28;;;11926;17;11929;18;;;11923.0;0.0
yf_MKC_d9;44200;ASH_COATED_OSMIUM;10038;21;10035;15;;;10044;7;10048;19;;;10041.0;0.0
yf_MKC_d9;44200;INTARIAN_PEPPER_ROOT;11912;16;11909;21;;;11929;19;11931;17;;;11920.5;0.0
yf_MKC_d9;44300;ASH_COATED_OSMIUM;10037;13;10035;18;;;10046;15;10048;15;;;10041.5;0.0
yf_MKC_d9;44300;INTARIAN_PEPPER_ROOT;11913;18;11910;8;;;11924;16;11927;25;;;11918.5;0.0
yf_MKC_d9;44400;ASH_COATED_OSMIUM;10035;5;10032;23;;;10048;15;10050;21;;;10041.5;0.0
yf_MKC_d9;44400;INTARIAN_PEPPER_ROOT;11913;5;11910;19;;;11919;20;11923;17;;;11916.0;0.0
yf_MKC_d9;44500;ASH_COATED_OSMIUM;10039;13;10036;33;;;10045;16;10048;16;;;10042.0;0.0
yf_MKC_d9;44500;INTARIAN_PEPPER_ROOT;11911;8;11909;22;;;11917;16;11919;9;;;11914.0;0.0
yf_MKC_d9;44600;ASH_COATED_OSMIUM;10038;22;10036;22;;;10044;22;10046;20;;;10041.0;0.0
yf_MKC_d9;44600;INTARIAN_PEPPER_ROOT;11908;7;11905;19;;;11915;13;11918;21;;;11911.5;0.0
yf_MKC_d9;44700;ASH_COATED_OSMIUM;10038;15;10036;16;;;10044;5;10047;10;;;10041.0;0.0
yf_MKC_d9;44700;INTARIAN_PEPPER_ROOT;11906;15;11903;23;;;11912;16;11916;17;;;11909.0;0.0
yf_MKC_d9;44800;ASH_COATED_OSMIUM;10039;13;10037;15;;;10045;17;10049;21;;;10042.0;0.0
yf_MKC_d9;44800;INTARIAN_PEPPER_ROOT;11903;15;11901;25;;;11909;19;11911;23;;;11906.0;0.0
yf_MKC_d9;44900;ASH_COATED_OSMIUM;10025;8;10021;17;;;10057;20;10059;18;;;10041.0;0.0
yf_MKC_d9;44900;INTARIAN_PEPPER_ROOT;11898;10;11896;20;;;11912;13;11914;26;;;11905.0;0.0
yf_MKC_d9;45000;ASH_COATED_OSMIUM;10028;15;10026;20;;;10055;14;10058;25;;;10041.5;0.0
yf_MKC_d9;45000;INTARIAN_PEPPER_ROOT;11900;10;11897;32;;;11906;17;11910;12;;;11903.0;0.0
yf_MKC_d9;45100;ASH_COATED_OSMIUM;10023;15;10020;16;;;10063;24;10067;23;;;10043.0;0.0
yf_MKC_d9;45100;INTARIAN_PEPPER_ROOT;11897;14;11895;22;;;11903;12;11907;20;;;11900.0;0.0
yf_MKC_d9;45200;ASH_COATED_OSMIUM;10037;11;10035;17;;;10048;15;10051;18;;;10042.5;0.0
yf_MKC_d9;45200;INTARIAN_PEPPER_ROOT;11894;17;11890;8;;;11900;10;11902;20;;;11897.0;0.0
yf_MKC_d9;45300;ASH_COATED_OSMIUM;10040;25;10037;8;;;10046;13;10048;14;;;10043.0;0.0
yf_MKC_d9;45300;INTARIAN_PEPPER_ROOT;11893;12;11889;13;;;11899;13;11902;23;;;11896.0;0.0
yf_MKC_d9;45400;ASH_COATED_OSMIUM;10040;8;10038;18;;;10046;11;10050;20;;;10043.0;0.0
yf_MKC_d9;45400;INTARIAN_PEPPER_ROOT;11889;14;11885;16;;;11897;22;11900;18;;;11893.0;0.0
yf_MKC_d9;45500;ASH_COATED_OSMIUM;10040;27;10036;16;;;10046;15;10050;17;;;10043.0;0.0
yf_MKC_d9;45500;INTARIAN_PEPPER_ROOT;11880;5;11877;19;;;11901;10;11903;24;;;11890.5;0.0
yf_MKC_d9;45600;ASH_COATED_OSMIUM;10038;15;10035;24;;;10048;15;10050;23;;;10043.0;0.0
yf_MKC_d9;45600;INTARIAN_PEPPER_ROOT;11885;12;11882;26;;;11893;19;11897;28;;;11889.0;0.0
yf_MKC_d9;45700;ASH_COATED_OSMIUM;10032;17;10030;18;;;10054;10;10058;28;;;10043.0;0.0
yf_MKC_d9;45700;INTARIAN_PEPPER_ROOT;11883;12;11879;21;;;11889;15;11891;12;;;11886.0;0.0
yf_MKC_d9;45800;ASH_COATED_OSMIUM;10040;15;10037;12;;;10046;17;10049;26;;;10043.0;0.0
yf_MKC_d9;45800;INTARIAN_PEPPER_ROOT;11881;8;11877;17;;;11887;11;11890;17;;;11884.0;0.0
yf_MKC_d9;45900;ASH_COATED_OSMIUM;10037;17;10033;22;;;10049;20;10053;22;;;10043.0;0.0
yf_MKC_d9;45900;INTARIAN_PEPPER_ROOT;11879;8;11876;25;;;11885;17;11888;18;;;11882.0;0.0
yf_MKC_d9;46000;ASH_COATED_OSMIUM;10041;5;10039;19;;;10047;22;10051;24;;;10044.0;0.0
yf_MKC_d9;46000;INTARIAN_PEPPER_ROOT;11875;9;11872;20;;;11884;11;11888;15;;;11879.5;0.0
yf_MKC_d9;46100;ASH_COATED_OSMIUM;10035;13;10032;23;;;10050;9;10053;23;;;10042.5;0.0
yf_MKC_d9;46100;INTARIAN_PEPPER_ROOT;11871;18;11868;19;;;11883;13;11885;16;;;11877.0;0.0
yf_MKC_d9;46200;ASH_COATED_OSMIUM;10040;14;10038;18;;;10046;15;10049;13;;;10043.0;0.0
yf_MKC_d9;46200;INTARIAN_PEPPER_ROOT;11872;11;11870;22;;;11878;19;11880;25;;;11875.0;0.0
yf_MKC_d9;46300;ASH_COATED_OSMIUM;10039;19;10035;15;;;10048;18;10050;31;;;10043.5;0.0
yf_MKC_d9;46300;INTARIAN_PEPPER_ROOT;11870;16;11868;26;;;11876;5;11878;22;;;11873.0;0.0
yf_MKC_d9;46400;ASH_COATED_OSMIUM;10039;12;10036;26;;;10049;13;10053;15;;;10044.0;0.0
yf_MKC_d9;46400;INTARIAN_PEPPER_ROOT;11865;21;11863;13;;;11876;12;11880;17;;;11870.5;0.0
yf_MKC_d9;46500;ASH_COATED_OSMIUM;10040;26;10036;21;;;10046;18;10049;15;;;10043.0;0.0
yf_MKC_d9;46500;INTARIAN_PEPPER_ROOT;11865;14;11862;16;;;11871;12;11873;16;;;11868.0;0.0
yf_MKC_d9;46600;ASH_COATED_OSMIUM;10029;9;10026;15;;;10058;15;10060;17;;;10043.5;0.0
yf_MKC_d9;46600;INTARIAN_PEPPER_ROOT;11862;12;11860;28;;;11868;19;11870;27;;;11865.0;0.0
yf_MKC_d9;46700;ASH_COATED_OSMIUM;10041;15;10037;20;;;10047;15;10051;19;;;10044.0;0.0
yf_MKC_d9;46700;INTARIAN_PEPPER_ROOT;11859;15;11855;18;;;11867;15;11869;14;;;11863.0;0.0
yf_MKC_d9;46800;ASH_COATED_OSMIUM;10035;7;10033;20;;;10054;16;10057;13;;;10044.5;0.0
yf_MKC_d9;46800;INTARIAN_PEPPER_ROOT;11858;14;11855;13;;;11864;11;11868;23;;;11861.0;0.0
yf_MKC_d9;46900;ASH_COATED_OSMIUM;10039;12;10035;18;;;10051;18;10054;26;;;10045.0;0.0
yf_MKC_d9;46900;INTARIAN_PEPPER_ROOT;11856;10;11853;25;;;11862;13;11866;21;;;11859.0;0.0
yf_MKC_d9;47000;ASH_COATED_OSMIUM;10037;10;10033;23;;;10051;17;10055;22;;;10044.0;0.0
yf_MKC_d9;47000;INTARIAN_PEPPER_ROOT;11854;15;11850;22;;;11860;11;11862;25;;;11857.0;0.0
yf_MKC_d9;47100;ASH_COATED_OSMIUM;10040;19;10038;16;;;10049;15;10053;26;;;10044.5;0.0
yf_MKC_d9;47100;INTARIAN_PEPPER_ROOT;11851;16;11847;19;;;11857;16;11861;15;;;11854.0;0.0
yf_MKC_d9;47200;ASH_COATED_OSMIUM;10023;14;10020;22;;;10067;8;10070;14;;;10045.0;0.0
yf_MKC_d9;47200;INTARIAN_PEPPER_ROOT;11848;14;11844;14;;;11854;15;11858;18;;;11851.0;0.0
yf_MKC_d9;47300;ASH_COATED_OSMIUM;10029;11;10026;16;;;10060;20;10063;23;;;10044.5;0.0
yf_MKC_d9;47300;INTARIAN_PEPPER_ROOT;11847;11;11843;24;;;11853;16;11857;19;;;11850.0;0.0
yf_MKC_d9;47400;ASH_COATED_OSMIUM;10042;5;10040;19;;;10049;19;10051;20;;;10045.5;0.0
yf_MKC_d9;47400;INTARIAN_PEPPER_ROOT;11840;8;11838;16;;;11852;12;11855;21;;;11846.0;0.0
yf_MKC_d9;47500;ASH_COATED_OSMIUM;10042;15;10039;22;;;10048;20;10051;25;;;10045.0;0.0
yf_MKC_d9;47500;INTARIAN_PEPPER_ROOT;11833;14;11831;15;;;11856;17;11860;16;;;11844.5;0.0
yf_MKC_d9;47600;ASH_COATED_OSMIUM;10043;15;10041;22;;;10049;13;10053;18;;;10046.0;0.0
yf_MKC_d9;47600;INTARIAN_PEPPER_ROOT;11836;16;11833;19;;;11849;10;11852;21;;;11842.5;0.0
yf_MKC_d9;47700;ASH_COATED_OSMIUM;10042;24;10038;14;;;10048;16;10050;24;;;10045.0;0.0
yf_MKC_d9;47700;INTARIAN_PEPPER_ROOT;11836;13;11833;21;;;11845;9;11847;14;;;11840.5;0.0
yf_MKC_d9;47800;ASH_COATED_OSMIUM;10041;16;10038;28;;;10050;19;10054;23;;;10045.5;0.0
yf_MKC_d9;47800;INTARIAN_PEPPER_ROOT;11826;17;11822;25;;;11850;12;11854;19;;;11838.0;0.0
yf_MKC_d9;47900;ASH_COATED_OSMIUM;10043;16;10040;12;;;10049;10;10051;21;;;10046.0;0.0
yf_MKC_d9;47900;INTARIAN_PEPPER_ROOT;11831;16;11829;23;;;11840;16;11843;28;;;11835.5;0.0
yf_MKC_d9;48000;ASH_COATED_OSMIUM;10043;15;10039;19;;;10049;15;10053;18;;;10046.0;0.0
yf_MKC_d9;48000;INTARIAN_PEPPER_ROOT;11830;15;11827;18;;;11836;21;11840;23;;;11833.0;0.0
yf_MKC_d9;48100;ASH_COATED_OSMIUM;10043;23;10040;13;;;10049;5;10052;21;;;10046.0;0.0
yf_MKC_d9;48100;INTARIAN_PEPPER_ROOT;11828;16;11826;21;;;11834;15;11838;31;;;11831.0;0.0
yf_MKC_d9;48200;ASH_COATED_OSMIUM;10043;14;10041;14;;;10050;10;10053;19;;;10046.5;0.0
yf_MKC_d9;48200;INTARIAN_PEPPER_ROOT;11816;15;11813;24;;;11843;10;11845;26;;;11829.5;0.0
yf_MKC_d9;48300;ASH_COATED_OSMIUM;10043;16;10040;22;;;10049;16;10052;21;;;10046.0;0.0
yf_MKC_d9;48300;INTARIAN_PEPPER_ROOT;11821;14;11817;19;;;11833;16;11836;18;;;11827.0;0.0
yf_MKC_d9;48400;ASH_COATED_OSMIUM;10044;10;10040;17;;;10050;19;10052;23;;;10047.0;0.0
yf_MKC_d9;48400;INTARIAN_PEPPER_ROOT;11814;9;11810;8;;;11835;12;11839;15;;;11824.5;0.0
yf_MKC_d9;48500;ASH_COATED_OSMIUM;10041;17;10039;14;;;10052;16;10056;21;;;10046.5;0.0
yf_MKC_d9;48500;INTARIAN_PEPPER_ROOT;11810;9;11808;13;;;11835;9;11837;23;;;11822.5;0.0
yf_MKC_d9;48600;ASH_COATED_OSMIUM;10043;11;10039;20;;;10049;11;10052;17;;;10046.0;0.0
yf_MKC_d9;48600;INTARIAN_PEPPER_ROOT;11816;19;11813;24;;;11822;9;11824;26;;;11819.0;0.0
yf_MKC_d9;48700;ASH_COATED_OSMIUM;10044;21;10040;16;;;10050;13;10053;18;;;10047.0;0.0
yf_MKC_d9;48700;INTARIAN_PEPPER_ROOT;11814;8;11811;12;;;11822;15;11826;21;;;11818.0;0.0
yf_MKC_d9;48800;ASH_COATED_OSMIUM;10041;22;10039;30;;;10053;13;10056;31;;;10047.0;0.0
yf_MKC_d9;48800;INTARIAN_PEPPER_ROOT;11812;14;11809;18;;;11818;17;11822;24;;;11815.0;0.0
yf_MKC_d9;48900;ASH_COATED_OSMIUM;10044;19;10041;20;;;10050;12;10052;22;;;10047.0;0.0
yf_MKC_d9;48900;INTARIAN_PEPPER_ROOT;11807;15;11805;19;;;11817;13;11821;30;;;11812.0;0.0
yf_MKC_d9;49000;ASH_COATED_OSMIUM;10044;15;10042;14;;;10050;21;10054;26;;;10047.0;0.0
yf_MKC_d9;49000;INTARIAN_PEPPER_ROOT;11808;22;11804;22;;;11814;12;11816;25;;;11811.0;0.0
yf_MKC_d9;49100;ASH_COATED_OSMIUM;10044;9;10041;18;;;10050;19;10053;28;;;10047.0;0.0
yf_MKC_d9;49100;INTARIAN_PEPPER_ROOT;11805;18;11801;16;;;11811;23;11813;22;;;11808.0;0.0
yf_MKC_d9;49200;ASH_COATED_OSMIUM;10044;20;10040;15;;;10051;14;10053;25;;;10047.5;0.0
yf_MKC_d9;49200;INTARIAN_PEPPER_ROOT;11803;18;11800;18;;;11809;25;11812;22;;;11806.0;0.0
yf_MKC_d9;49300;ASH_COATED_OSMIUM;10044;5;10042;25;;;10050;8;10054;20;;;10047.0;0.0
yf_MKC_d9;49300;INTARIAN_PEPPER_ROOT;11800;16;11796;27;;;11806;27;11809;22;;;11803.0;0.0
yf_MKC_d9;49400;ASH_COATED_OSMIUM;10038;20;10036;14;;;10058;18;10062;19;;;10048.0;0.0
yf_MKC_d9;49400;INTARIAN_PEPPER_ROOT;11798;16;11795;8;;;11804;14;11808;17;;;11801.0;0.0
yf_MKC_d9;49500;ASH_COATED_OSMIUM;10045;24;10043;21;;;10051;10;10055;11;;;10048.0;0.0
yf_MKC_d9;49500;INTARIAN_PEPPER_ROOT;11795;17;11791;12;;;11803;20;11807;24;;;11799.0;0.0
yf_MKC_d9;49600;ASH_COATED_OSMIUM;10045;24;10043;19;;;10051;11;10055;20;;;10048.0;0.0
yf_MKC_d9;49600;INTARIAN_PEPPER_ROOT;11791;8;11788;12;;;11803;20;11806;19;;;11797.0;0.0
yf_MKC_d9;49700;ASH_COATED_OSMIUM;10045;11;10043;19;;;10051;19;10055;18;;;10048.0;0.0
yf_MKC_d9;49700;INTARIAN_PEPPER_ROOT;11791;9;11789;15;;;11797;8;11801;25;;;11794.0;0.0
yf_MKC_d9;49800;ASH_COATED_OSMIUM;10045;16;10041;20;;;10051;5;10055;26;;;10048.0;0.0
yf_MKC_d9;49800;INTARIAN_PEPPER_ROOT;11783;14;11781;16;;;11800;19;11802;14;;;11791.5;0.0
yf_MKC_d9;49900;ASH_COATED_OSMIUM;10042;11;10040;26;;;10055;17;10059;22;;;10048.5;0.0
yf_MKC_d9;49900;INTARIAN_PEPPER_ROOT;11787;25;11785;18;;;11794;19;11797;8;;;11790.5;0.0
yf_MKC_d9;50000;ASH_COATED_OSMIUM;10045;10;10042;12;;;10051;9;10055;17;;;10048.0;0.0
yf_MKC_d9;50000;INTARIAN_PEPPER_ROOT;11785;15;11783;24;;;11791;12;11793;20;;;11788.0;0.0
yf_MKC_d9;50100;ASH_COATED_OSMIUM;10046;20;10043;12;;;10052;14;10056;19;;;10049.0;0.0
yf_MKC_d9;50100;INTARIAN_PEPPER_ROOT;11780;21;11778;20;;;11789;10;11791;15;;;11784.5;0.0
yf_MKC_d9;50200;ASH_COATED_OSMIUM;10046;7;10042;16;;;10052;8;10054;24;;;10049.0;0.0
yf_MKC_d9;50200;INTARIAN_PEPPER_ROOT;11780;10;11778;34;;;11786;18;11790;19;;;11783.0;0.0
yf_MKC_d9;50300;ASH_COATED_OSMIUM;10044;19;10041;19;;;10053;14;10055;22;;;10048.5;0.0
yf_MKC_d9;50300;INTARIAN_PEPPER_ROOT;11778;11;11774;13;;;11784;5;11788;16;;;11781.0;0.0
yf_MKC_d9;50400;ASH_COATED_OSMIUM;10046;10;10044;23;;;10052;19;10056;21;;;10049.0;0.0
yf_MKC_d9;50400;INTARIAN_PEPPER_ROOT;11774;17;11772;21;;;11782;13;11786;18;;;11778.0;0.0
yf_MKC_d9;50500;ASH_COATED_OSMIUM;10046;15;10044;22;;;10054;11;10057;17;;;10050.0;0.0
yf_MKC_d9;50500;INTARIAN_PEPPER_ROOT;11772;13;11769;13;;;11780;7;11783;13;;;11776.0;0.0
yf_MKC_d9;50600;ASH_COATED_OSMIUM;10046;19;10042;18;;;10052;9;10054;21;;;10049.0;0.0
yf_MKC_d9;50600;INTARIAN_PEPPER_ROOT;11771;26;11769;15;;;11777;17;11779;20;;;11774.0;0.0
yf_MKC_d9;50700;ASH_COATED_OSMIUM;10044;5;10040;25;;;10055;18;10058;12;;;10049.5;0.0
yf_MKC_d9;50700;INTARIAN_PEPPER_ROOT;11769;10;11765;22;;;11775;11;11778;20;;;11772.0;0.0
yf_MKC_d9;50800;ASH_COATED_OSMIUM;10047;14;10043;21;;;10053;7;10056;17;;;10050.0;0.0
yf_MKC_d9;50800;INTARIAN_PEPPER_ROOT;11761;19;11759;20;;;11777;14;11781;14;;;11769.0;0.0
yf_MKC_d9;50900;ASH_COATED_OSMIUM;10047;8;10045;18;;;10053;13;10055;17;;;10050.0;0.0
yf_MKC_d9;50900;INTARIAN_PEPPER_ROOT;11765;20;11761;9;;;11771;9;11775;19;;;11768.0;0.0
yf_MKC_d9;51000;ASH_COATED_OSMIUM;10042;7;10038;14;;;10056;14;10060;12;;;10049.0;0.0
yf_MKC_d9;51000;INTARIAN_PEPPER_ROOT;11759;23;11757;19;;;11777;14;11780;24;;;11768.0;0.0
yf_MKC_d9;51100;ASH_COATED_OSMIUM;10045;5;10043;19;;;10051;10;10054;17;;;10048.0;0.0
yf_MKC_d9;51100;INTARIAN_PEPPER_ROOT;11764;10;11762;13;;;11770;5;11773;20;;;11767.0;0.0
yf_MKC_d9;51200;ASH_COATED_OSMIUM;10036;13;10034;25;;;10059;13;10062;20;;;10047.5;0.0
yf_MKC_d9;51200;INTARIAN_PEPPER_ROOT;11764;16;11762;11;;;11770;18;11773;26;;;11767.0;0.0
yf_MKC_d9;51300;ASH_COATED_OSMIUM;10044;12;10042;16;;;10051;9;10055;20;;;10047.5;0.0
yf_MKC_d9;51300;INTARIAN_PEPPER_ROOT;11764;21;11760;20;;;11770;24;11772;18;;;11767.0;0.0
yf_MKC_d9;51400;ASH_COATED_OSMIUM;10042;18;10039;14;;;10052;17;10056;20;;;10047.0;0.0
yf_MKC_d9;51400;INTARIAN_PEPPER_ROOT;11763;21;11760;13;;;11770;13;11773;17;;;11766.5;0.0
yf_MKC_d9;51500;ASH_COATED_OSMIUM;10027;20;10024;17;;;10064;17;10067;21;;;10045.5;0.0
yf_MKC_d9;51500;INTARIAN_PEPPER_ROOT;11758;13;11756;15;;;11772;12;11774;15;;;11765.0;0.0
yf_MKC_d9;51600;ASH_COATED_OSMIUM;10034;9;10030;19;;;10056;18;10059;11;;;10045.0;0.0
yf_MKC_d9;51600;INTARIAN_PEPPER_ROOT;11762;18;11758;25;;;11768;9;11770;21;;;11765.0;0.0
yf_MKC_d9;51700;ASH_COATED_OSMIUM;10041;20;10038;16;;;10047;15;10050;22;;;10044.0;0.0
yf_MKC_d9;51700;INTARIAN_PEPPER_ROOT;11758;16;11754;15;;;11770;23;11772;17;;;11764.0;0.0
yf_MKC_d9;51800;ASH_COATED_OSMIUM;10041;20;10037;16;;;10047;21;10050;16;;;10044.0;0.0
yf_MKC_d9;51800;INTARIAN_PEPPER_ROOT;11761;8;11758;16;;;11767;13;11770;19;;;11764.0;0.0
yf_MKC_d9;51900;ASH_COATED_OSMIUM;10041;9;10039;9;;;10047;12;10050;21;;;10044.0;0.0
yf_MKC_d9;51900;INTARIAN_PEPPER_ROOT;11761;8;11758;16;;;11767;19;11769;22;;;11764.0;0.0
yf_MKC_d9;52000;ASH_COATED_OSMIUM;10041;11;10038;17;;;10047;19;10050;22;;;10044.0;0.0
yf_MKC_d9;52000;INTARIAN_PEPPER_ROOT;11760;12;11757;18;;;11766;15;11768;26;;;11763.0;0.0
yf_MKC_d9;52100;ASH_COATED_OSMIUM;10040;25;10036;18;;;10046;9;10048;23;;;10043.0;0.0
yf_MKC_d9;52100;INTARIAN_PEPPER_ROOT;11759;19;11755;19;;;11765;15;11769;19;;;11762.0;0.0
yf_MKC_d9;52200;ASH_COATED_OSMIUM;10039;14;10037;8;;;10045;14;10047;20;;;10042.0;0.0
yf_MKC_d9;52200;INTARIAN_PEPPER_ROOT;11759;17;11757;24;;;11765;11;11768;18;;;11762.0;0.0
yf_MKC_d9;52300;ASH_COATED_OSMIUM;10039;11;10035;9;;;10045;13;10048;23;;;10042.0;0.0
yf_MKC_d9;52300;INTARIAN_PEPPER_ROOT;11748;14;11744;22;;;11774;9;11778;22;;;11761.0;0.0
yf_MKC_d9;52400;ASH_COATED_OSMIUM;10036;10;10034;8;;;10047;10;10051;16;;;10041.5;0.0
yf_MKC_d9;52400;INTARIAN_PEPPER_ROOT;11759;24;11756;20;;;11765;12;11767;19;;;11762.0;0.0
yf_MKC_d9;52500;ASH_COATED_OSMIUM;10037;17;10033;29;;;10043;23;10045;17;;;10040.0;0.0
yf_MKC_d9;52500;INTARIAN_PEPPER_ROOT;11758;13;11755;19;;;11764;13;11768;22;;;11761.0;0.0
yf_MKC_d9;52600;ASH_COATED_OSMIUM;10037;10;10034;19;;;10043;19;10045;18;;;10040.0;0.0
yf_MKC_d9;52600;INTARIAN_PEPPER_ROOT;11758;11;11755;18;;;11764;17;11768;22;;;11761.0;0.0
yf_MKC_d9;52700;ASH_COATED_OSMIUM;10037;9;10033;24;;;10043;11;10046;18;;;10040.0;0.0
yf_MKC_d9;52700;INTARIAN_PEPPER_ROOT;11758;14;11754;28;;;11764;15;11767;23;;;11761.0;0.0
yf_MKC_d9;52800;ASH_COATED_OSMIUM;10036;11;10032;20;;;10042;19;10044;24;;;10039.0;0.0
yf_MKC_d9;52800;INTARIAN_PEPPER_ROOT;11752;10;11749;24;;;11768;14;11772;19;;;11760.0;0.0
yf_MKC_d9;52900;ASH_COATED_OSMIUM;10035;15;10032;14;;;10041;18;10044;14;;;10038.0;0.0
yf_MKC_d9;52900;INTARIAN_PEPPER_ROOT;11739;23;11736;18;;;11779;16;11781;18;;;11759.0;0.0
yf_MKC_d9;53000;ASH_COATED_OSMIUM;10030;12;10026;20;;;10047;18;10050;21;;;10038.5;0.0
yf_MKC_d9;53000;INTARIAN_PEPPER_ROOT;11756;10;11754;22;;;11762;14;11764;26;;;11759.0;0.0
yf_MKC_d9;53100;ASH_COATED_OSMIUM;10032;10;10028;19;;;10043;8;10045;22;;;10037.5;0.0
yf_MKC_d9;53100;INTARIAN_PEPPER_ROOT;11756;30;11752;25;;;11762;17;11766;12;;;11759.0;0.0
yf_MKC_d9;53200;ASH_COATED_OSMIUM;10030;13;10027;16;;;10044;13;10048;17;;;10037.0;0.0
yf_MKC_d9;53200;INTARIAN_PEPPER_ROOT;11754;18;11752;19;;;11760;14;11763;20;;;11757.0;0.0
yf_MKC_d9;53300;ASH_COATED_OSMIUM;10033;7;10029;15;;;10039;12;10043;22;;;10036.0;0.0
yf_MKC_d9;53300;INTARIAN_PEPPER_ROOT;11755;10;11751;18;;;11761;13;11764;18;;;11758.0;0.0
yf_MKC_d9;53400;ASH_COATED_OSMIUM;10032;22;10028;29;;;10040;13;10042;22;;;10036.0;0.0
yf_MKC_d9;53400;INTARIAN_PEPPER_ROOT;11727;22;11724;29;;;11788;13;11790;14;;;11757.5;0.0
yf_MKC_d9;53500;ASH_COATED_OSMIUM;10028;14;10024;17;;;10042;15;10045;9;;;10035.0;0.0
yf_MKC_d9;53500;INTARIAN_PEPPER_ROOT;11751;18;11749;27;;;11763;21;11766;22;;;11757.0;0.0
yf_MKC_d9;53600;ASH_COATED_OSMIUM;10032;13;10030;14;;;10038;18;10042;23;;;10035.0;0.0
yf_MKC_d9;53600;INTARIAN_PEPPER_ROOT;11753;10;11751;23;;;11759;21;11763;24;;;11756.0;0.0
yf_MKC_d9;53700;ASH_COATED_OSMIUM;10031;15;10027;14;;;10037;15;10039;18;;;10034.0;0.0
yf_MKC_d9;53700;INTARIAN_PEPPER_ROOT;11753;12;11750;23;;;11759;14;11762;22;;;11756.0;0.0
yf_MKC_d9;53800;ASH_COATED_OSMIUM;10030;19;10027;28;;;10036;12;10040;23;;;10033.0;0.0
yf_MKC_d9;53800;INTARIAN_PEPPER_ROOT;11752;5;11750;19;;;11758;13;11760;23;;;11755.0;0.0
yf_MKC_d9;53900;ASH_COATED_OSMIUM;10029;13;10026;21;;;10035;24;10037;11;;;10032.0;0.0
yf_MKC_d9;53900;INTARIAN_PEPPER_ROOT;11752;20;11748;22;;;11758;21;11760;10;;;11755.0;0.0
yf_MKC_d9;54000;ASH_COATED_OSMIUM;10030;13;10028;17;;;10036;11;10038;27;;;10033.0;0.0
yf_MKC_d9;54000;INTARIAN_PEPPER_ROOT;11751;18;11748;26;;;11758;13;11762;13;;;11754.5;0.0
yf_MKC_d9;54100;ASH_COATED_OSMIUM;10025;13;10023;26;;;10039;19;10042;28;;;10032.0;0.0
yf_MKC_d9;54100;INTARIAN_PEPPER_ROOT;11749;11;11747;14;;;11760;16;11763;21;;;11754.5;0.0
yf_MKC_d9;54200;ASH_COATED_OSMIUM;10028;17;10024;24;;;10036;9;10039;15;;;10032.0;0.0
yf_MKC_d9;54200;INTARIAN_PEPPER_ROOT;11748;17;11745;13;;;11758;11;11761;19;;;11753.0;0.0
yf_MKC_d9;54300;ASH_COATED_OSMIUM;10023;10;10021;22;;;10039;25;10042;17;;;10031.0;0.0
yf_MKC_d9;54300;INTARIAN_PEPPER_ROOT;11748;15;11744;24;;;11758;8;11762;21;;;11753.0;0.0
yf_MKC_d9;54400;ASH_COATED_OSMIUM;10025;16;10023;20;;;10035;10;10037;25;;;10030.0;0.0
yf_MKC_d9;54400;INTARIAN_PEPPER_ROOT;11750;14;11748;14;;;11756;8;11760;31;;;11753.0;0.0
yf_MKC_d9;54500;ASH_COATED_OSMIUM;10024;14;10021;22;;;10034;14;10036;24;;;10029.0;0.0
yf_MKC_d9;54500;INTARIAN_PEPPER_ROOT;11749;12;11746;21;;;11755;23;11757;15;;;11752.0;0.0
yf_MKC_d9;54600;ASH_COATED_OSMIUM;10026;7;10024;16;;;10033;20;10035;24;;;10029.5;0.0
yf_MKC_d9;54600;INTARIAN_PEPPER_ROOT;11746;21;11742;21;;;11757;16;11759;10;;;11751.5;0.0
yf_MKC_d9;54700;ASH_COATED_OSMIUM;10010;19;10008;11;;;10048;13;10051;19;;;10029.0;0.0
yf_MKC_d9;54700;INTARIAN_PEPPER_ROOT;11745;13;11743;15;;;11757;19;11759;21;;;11751.0;0.0
yf_MKC_d9;54800;ASH_COATED_OSMIUM;10025;7;10023;16;;;10032;21;10036;12;;;10028.5;0.0
yf_MKC_d9;54800;INTARIAN_PEPPER_ROOT;11743;10;11739;20;;;11761;20;11764;28;;;11752.0;0.0
yf_MKC_d9;54900;ASH_COATED_OSMIUM;10024;11;10022;15;;;10030;12;10032;22;;;10027.0;0.0
yf_MKC_d9;54900;INTARIAN_PEPPER_ROOT;11742;14;11740;23;;;11760;12;11764;15;;;11751.0;0.0
yf_MKC_d9;55000;ASH_COATED_OSMIUM;10015;5;10011;16;;;10040;15;10042;11;;;10027.5;0.0
yf_MKC_d9;55000;INTARIAN_PEPPER_ROOT;11747;6;11743;24;;;11753;14;11755;22;;;11750.0;0.0
yf_MKC_d9;55100;ASH_COATED_OSMIUM;10023;13;10019;23;;;10031;11;10033;21;;;10027.0;0.0
yf_MKC_d9;55100;INTARIAN_PEPPER_ROOT;11747;19;11743;20;;;11753;8;11755;19;;;11750.0;0.0
yf_MKC_d9;55200;ASH_COATED_OSMIUM;10021;11;10018;22;;;10031;14;10035;21;;;10026.0;0.0
yf_MKC_d9;55200;INTARIAN_PEPPER_ROOT;11744;12;11740;21;;;11756;29;11759;12;;;11750.0;0.0
yf_MKC_d9;55300;ASH_COATED_OSMIUM;10022;7;10020;20;;;10029;13;10033;21;;;10025.5;0.0
yf_MKC_d9;55300;INTARIAN_PEPPER_ROOT;11746;15;11742;20;;;11752;13;11756;12;;;11749.0;0.0
yf_MKC_d9;55400;ASH_COATED_OSMIUM;10021;24;10017;8;;;10027;17;10030;10;;;10024.0;0.0
yf_MKC_d9;55400;INTARIAN_PEPPER_ROOT;11744;14;11741;30;;;11753;12;11756;25;;;11748.5;0.0
yf_MKC_d9;55500;ASH_COATED_OSMIUM;10021;16;10018;20;;;10027;26;10030;27;;;10024.0;0.0
yf_MKC_d9;55500;INTARIAN_PEPPER_ROOT;11745;9;11741;19;;;11751;14;11754;24;;;11748.0;0.0
yf_MKC_d9;55600;ASH_COATED_OSMIUM;10021;22;10019;9;;;10027;5;10030;27;;;10024.0;0.0
yf_MKC_d9;55600;INTARIAN_PEPPER_ROOT;11743;14;11741;11;;;11753;12;11757;23;;;11748.0;0.0
yf_MKC_d9;55700;ASH_COATED_OSMIUM;10020;10;10018;20;;;10026;13;10029;21;;;10023.0;0.0
yf_MKC_d9;55700;INTARIAN_PEPPER_ROOT;11744;17;11741;14;;;11750;13;11753;14;;;11747.0;0.0
yf_MKC_d9;55800;ASH_COATED_OSMIUM;10020;12;10016;16;;;10026;15;10029;23;;;10023.0;0.0
yf_MKC_d9;55800;INTARIAN_PEPPER_ROOT;11743;6;11741;16;;;11750;12;11752;18;;;11746.5;0.0
yf_MKC_d9;55900;ASH_COATED_OSMIUM;10019;19;10017;15;;;10025;17;10029;8;;;10022.0;0.0
yf_MKC_d9;55900;INTARIAN_PEPPER_ROOT;11744;7;11740;18;;;11750;18;11754;24;;;11747.0;0.0
yf_MKC_d9;56000;ASH_COATED_OSMIUM;10019;17;10016;19;;;10025;13;10029;21;;;10022.0;0.0
yf_MKC_d9;56000;INTARIAN_PEPPER_ROOT;11743;26;11741;30;;;11749;19;11751;28;;;11746.0;0.0
yf_MKC_d9;56100;ASH_COATED_OSMIUM;10017;9;10013;24;;;10025;17;10027;18;;;10021.0;0.0
yf_MKC_d9;56100;INTARIAN_PEPPER_ROOT;11743;11;11740;17;;;11749;17;11753;24;;;11746.0;0.0
yf_MKC_d9;56200;ASH_COATED_OSMIUM;10017;14;10015;29;;;10023;17;10027;23;;;10020.0;0.0
yf_MKC_d9;56200;INTARIAN_PEPPER_ROOT;11741;19;11738;16;;;11747;18;11751;16;;;11744.0;0.0
yf_MKC_d9;56300;ASH_COATED_OSMIUM;10004;24;10002;15;;;10035;16;10038;24;;;10019.5;0.0
yf_MKC_d9;56300;INTARIAN_PEPPER_ROOT;11742;8;11738;17;;;11748;13;11750;18;;;11745.0;0.0
yf_MKC_d9;56400;ASH_COATED_OSMIUM;10011;17;10008;17;;;10027;14;10029;29;;;10019.0;0.0
yf_MKC_d9;56400;INTARIAN_PEPPER_ROOT;11739;14;11736;22;;;11747;11;11750;18;;;11743.0;0.0
yf_MKC_d9;56500;ASH_COATED_OSMIUM;10015;10;10013;20;;;10023;16;10025;19;;;10019.0;0.0
yf_MKC_d9;56500;INTARIAN_PEPPER_ROOT;11741;13;11739;20;;;11747;15;11750;10;;;11744.0;0.0
yf_MKC_d9;56600;ASH_COATED_OSMIUM;10015;22;10012;25;;;10021;15;10025;8;;;10018.0;0.0
yf_MKC_d9;56600;INTARIAN_PEPPER_ROOT;11737;8;11733;22;;;11750;8;11752;23;;;11743.5;0.0
yf_MKC_d9;56700;ASH_COATED_OSMIUM;10013;11;10009;23;;;10022;5;10024;20;;;10017.5;0.0
yf_MKC_d9;56700;INTARIAN_PEPPER_ROOT;11740;11;11736;22;;;11746;20;11750;26;;;11743.0;0.0
yf_MKC_d9;56800;ASH_COATED_OSMIUM;10015;18;10011;25;;;10021;21;10024;13;;;10018.0;0.0
yf_MKC_d9;56800;INTARIAN_PEPPER_ROOT;11739;20;11737;25;;;11746;15;11750;23;;;11742.5;0.0
yf_MKC_d9;56900;ASH_COATED_OSMIUM;10012;6;10010;16;;;10021;11;10024;17;;;10016.5;0.0
yf_MKC_d9;56900;INTARIAN_PEPPER_ROOT;11737;16;11733;18;;;11747;18;11750;13;;;11742.0;0.0
yf_MKC_d9;57000;ASH_COATED_OSMIUM;10013;10;10010;22;;;10019;5;10022;18;;;10016.0;0.0
yf_MKC_d9;57000;INTARIAN_PEPPER_ROOT;11738;17;11736;26;;;11746;19;11748;16;;;11742.0;0.0
yf_MKC_d9;57100;ASH_COATED_OSMIUM;10012;10;10009;26;;;10018;19;10020;9;;;10015.0;0.0
yf_MKC_d9;57100;INTARIAN_PEPPER_ROOT;11713;5;11709;17;;;11771;17;11774;28;;;11742.0;0.0
yf_MKC_d9;57200;ASH_COATED_OSMIUM;10012;20;10010;18;;;10018;21;10021;24;;;10015.0;0.0
yf_MKC_d9;57200;INTARIAN_PEPPER_ROOT;11737;11;11734;25;;;11743;21;11746;21;;;11740.0;0.0
yf_MKC_d9;57300;ASH_COATED_OSMIUM;10012;21;10010;27;;;10018;15;10022;24;;;10015.0;0.0
