day;timestamp;product;bid_price_1;bid_volume_1;bid_price_2;bid_volume_2;bid_price_3;bid_volume_3;ask_price_1;ask_volume_1;ask_price_2;ask_volume_2;ask_price_3;ask_volume_3;mid_price;profit_and_loss
yf_ZW=F_d5;0;ASH_COATED_OSMIUM;9904;10;9901;8;;;9917;7;9920;18;;;9910.5;0.0
yf_ZW=F_d5;0;INTARIAN_PEPPER_ROOT;11009;19;11005;22;;;11020;13;11022;28;;;11014.5;0.0
yf_ZW=F_d5;100;ASH_COATED_OSMIUM;9907;8;9904;20;;;9913;22;9917;20;;;9910.0;0.0
yf_ZW=F_d5;100;INTARIAN_PEPPER_ROOT;11009;12;11005;17;;;11022;9;11025;23;;;11015.5;0.0
yf_ZW=F_d5;200;ASH_COATED_OSMIUM;9905;17;9901;21;;;9916;18;9918;15;;;9910.5;0.0
yf_ZW=F_d5;200;INTARIAN_PEPPER_ROOT;11012;11;11010;15;;;11021;7;11025;23;;;11016.5;0.0
yf_ZW=F_d5;300;ASH_COATED_OSMIUM;9896;19;9894;21;;;9926;13;9928;24;;;9911.0;0.0
yf_ZW=F_d5;300;INTARIAN_PEPPER_ROOT;11013;9;11011;19;;;11020;9;11024;22;;;11016.5;0.0
yf_ZW=F_d5;400;ASH_COATED_OSMIUM;9905;7;9902;9;;;9917;19;9920;21;;;9911.0;0.0
yf_ZW=F_d5;400;INTARIAN_PEPPER_ROOT;11014;20;11010;20;;;11022;23;11025;26;;;11018.0;0.0
yf_ZW=F_d5;500;ASH_COATED_OSMIUM;9908;27;9904;25;;;9914;20;9918;20;;;9911.0;0.0
yf_ZW=F_d5;500;INTARIAN_PEPPER_ROOT;11016;24;11012;23;;;11022;13;11025;20;;;11019.0;0.0
yf_ZW=F_d5;600;ASH_COATED_OSMIUM;9908;17;9905;23;;;9914;8;9917;16;;;9911.0;0.0
yf_ZW=F_d5;600;INTARIAN_PEPPER_ROOT;11016;13;11013;13;;;11022;15;11025;24;;;11019.0;0.0
yf_ZW=F_d5;700;ASH_COATED_OSMIUM;9908;19;9905;15;;;9914;20;9916;20;;;9911.0;0.0
yf_ZW=F_d5;700;INTARIAN_PEPPER_ROOT;11017;13;11013;22;;;11023;14;11025;23;;;11020.0;0.0
yf_ZW=F_d5;800;ASH_COATED_OSMIUM;9908;17;9905;16;;;9914;15;9918;18;;;9911.0;0.0
yf_ZW=F_d5;800;INTARIAN_PEPPER_ROOT;11018;14;11016;13;;;11025;11;11028;17;;;11021.5;0.0
yf_ZW=F_d5;900;ASH_COATED_OSMIUM;9904;10;9901;18;;;9918;19;9921;18;;;9911.0;0.0
yf_ZW=F_d5;900;INTARIAN_PEPPER_ROOT;11019;5;11016;10;;;11025;18;11027;22;;;11022.0;0.0
yf_ZW=F_d5;1000;ASH_COATED_OSMIUM;9908;16;9905;21;;;9914;5;9916;17;;;9911.0;0.0
yf_ZW=F_d5;1000;INTARIAN_PEPPER_ROOT;11019;13;11015;18;;;11025;20;11027;15;;;11022.0;0.0
yf_ZW=F_d5;1100;ASH_COATED_OSMIUM;9908;12;9905;14;;;9914;17;9918;29;;;9911.0;0.0
yf_ZW=F_d5;1100;INTARIAN_PEPPER_ROOT;11014;18;11010;22;;;11032;5;11036;15;;;11023.0;0.0
yf_ZW=F_d5;1200;ASH_COATED_OSMIUM;9908;20;9904;16;;;9915;18;9918;14;;;9911.5;0.0
yf_ZW=F_d5;1200;INTARIAN_PEPPER_ROOT;11021;12;11019;16;;;11027;12;11029;23;;;11024.0;0.0
yf_ZW=F_d5;1300;ASH_COATED_OSMIUM;9908;13;9905;21;;;9914;22;9918;18;;;9911.0;0.0
yf_ZW=F_d5;1300;INTARIAN_PEPPER_ROOT;11021;9;11017;16;;;11027;13;11029;19;;;11024.0;0.0
yf_ZW=F_d5;1400;ASH_COATED_OSMIUM;9908;16;9906;22;;;9914;12;9917;17;;;9911.0;0.0
yf_ZW=F_d5;1400;INTARIAN_PEPPER_ROOT;11022;13;11020;14;;;11028;19;11032;21;;;11025.0;0.0
yf_ZW=F_d5;1500;ASH_COATED_OSMIUM;9908;21;9906;17;;;9914;13;9918;21;;;9911.0;0.0
yf_ZW=F_d5;1500;INTARIAN_PEPPER_ROOT;11013;9;11010;17;;;11038;11;11041;13;;;11025.5;0.0
yf_ZW=F_d5;1600;ASH_COATED_OSMIUM;9906;15;9902;18;;;9918;13;9921;11;;;9912.0;0.0
yf_ZW=F_d5;1600;INTARIAN_PEPPER_ROOT;11023;14;11021;19;;;11029;7;11031;15;;;11026.0;0.0
yf_ZW=F_d5;1700;ASH_COATED_OSMIUM;9909;10;9906;18;;;9915;21;9918;22;;;9912.0;0.0
yf_ZW=F_d5;1700;INTARIAN_PEPPER_ROOT;11021;13;11019;13;;;11032;17;11034;21;;;11026.5;0.0
yf_ZW=F_d5;1800;ASH_COATED_OSMIUM;9909;24;9905;28;;;9915;10;9919;19;;;9912.0;0.0
yf_ZW=F_d5;1800;INTARIAN_PEPPER_ROOT;11022;21;11020;25;;;11033;10;11036;21;;;11027.5;0.0
yf_ZW=F_d5;1900;ASH_COATED_OSMIUM;9907;7;9903;21;;;9916;11;9919;20;;;9911.5;0.0
yf_ZW=F_d5;1900;INTARIAN_PEPPER_ROOT;11022;23;11018;32;;;11034;15;11036;20;;;11028.0;0.0
yf_ZW=F_d5;2000;ASH_COATED_OSMIUM;9909;22;9906;23;;;9915;6;9917;12;;;9912.0;0.0
yf_ZW=F_d5;2000;INTARIAN_PEPPER_ROOT;11026;14;11023;20;;;11032;15;11034;18;;;11029.0;0.0
yf_ZW=F_d5;2100;ASH_COATED_OSMIUM;9909;12;9906;12;;;9915;23;9917;17;;;9912.0;0.0
yf_ZW=F_d5;2100;INTARIAN_PEPPER_ROOT;11023;20;11020;22;;;11037;12;11039;26;;;11030.0;0.0
yf_ZW=F_d5;2200;ASH_COATED_OSMIUM;9909;9;9907;26;;;9915;5;9918;23;;;9912.0;0.0
yf_ZW=F_d5;2200;INTARIAN_PEPPER_ROOT;11028;13;11024;12;;;11034;8;11036;18;;;11031.0;0.0
yf_ZW=F_d5;2300;ASH_COATED_OSMIUM;9909;10;9907;21;;;9915;25;9918;25;;;9912.0;0.0
yf_ZW=F_d5;2300;INTARIAN_PEPPER_ROOT;11021;18;11018;20;;;11042;7;11044;14;;;11031.5;0.0
yf_ZW=F_d5;2400;ASH_COATED_OSMIUM;9909;12;9905;19;;;9915;12;9917;13;;;9912.0;0.0
yf_ZW=F_d5;2400;INTARIAN_PEPPER_ROOT;11022;22;11018;16;;;11042;16;11046;21;;;11032.0;0.0
yf_ZW=F_d5;2500;ASH_COATED_OSMIUM;9909;13;9905;17;;;9915;8;9919;24;;;9912.0;0.0
yf_ZW=F_d5;2500;INTARIAN_PEPPER_ROOT;11029;11;11027;17;;;11035;9;11039;26;;;11032.0;0.0
yf_ZW=F_d5;2600;ASH_COATED_OSMIUM;9905;11;9901;22;;;9918;12;9922;23;;;9911.5;0.0
yf_ZW=F_d5;2600;INTARIAN_PEPPER_ROOT;11031;6;11029;21;;;11037;14;11040;22;;;11034.0;0.0
yf_ZW=F_d5;2700;ASH_COATED_OSMIUM;9909;14;9907;8;;;9915;21;9917;25;;;9912.0;0.0
yf_ZW=F_d5;2700;INTARIAN_PEPPER_ROOT;11031;13;11028;15;;;11037;5;11041;17;;;11034.0;0.0
yf_ZW=F_d5;2800;ASH_COATED_OSMIUM;9905;13;9903;21;;;9920;15;9923;15;;;9912.5;0.0
yf_ZW=F_d5;2800;INTARIAN_PEPPER_ROOT;11032;7;11028;21;;;11038;18;11042;21;;;11035.0;0.0
yf_ZW=F_d5;2900;ASH_COATED_OSMIUM;9908;22;9905;13;;;9915;11;9918;16;;;9911.5;0.0
yf_ZW=F_d5;2900;INTARIAN_PEPPER_ROOT;11030;26;11026;10;;;11041;11;11043;13;;;11035.5;0.0
yf_ZW=F_d5;3000;ASH_COATED_OSMIUM;9909;13;9906;13;;;9915;22;9917;32;;;9912.0;0.0
yf_ZW=F_d5;3000;INTARIAN_PEPPER_ROOT;11031;6;11028;23;;;11042;12;11046;19;;;11036.5;0.0
yf_ZW=F_d5;3100;ASH_COATED_OSMIUM;9910;13;9907;22;;;9916;15;9918;12;;;9913.0;0.0
yf_ZW=F_d5;3100;INTARIAN_PEPPER_ROOT;11033;9;11030;18;;;11041;18;11043;13;;;11037.0;0.0
yf_ZW=F_d5;3200;ASH_COATED_OSMIUM;9910;21;9906;19;;;9916;15;9919;26;;;9913.0;0.0
yf_ZW=F_d5;3200;INTARIAN_PEPPER_ROOT;11034;5;11031;21;;;11041;11;11045;17;;;11037.5;0.0
yf_ZW=F_d5;3300;ASH_COATED_OSMIUM;9909;16;9905;24;;;9915;19;9919;20;;;9912.0;0.0
yf_ZW=F_d5;3300;INTARIAN_PEPPER_ROOT;11018;9;11014;15;;;11059;18;11063;25;;;11038.5;0.0
yf_ZW=F_d5;3400;ASH_COATED_OSMIUM;9910;10;9907;28;;;9916;18;9920;14;;;9913.0;0.0
yf_ZW=F_d5;3400;INTARIAN_PEPPER_ROOT;11036;5;11033;20;;;11042;23;11045;20;;;11039.0;0.0
yf_ZW=F_d5;3500;ASH_COATED_OSMIUM;9910;11;9908;21;;;9916;6;9919;23;;;9913.0;0.0
yf_ZW=F_d5;3500;INTARIAN_PEPPER_ROOT;11035;16;11031;19;;;11045;10;11049;24;;;11040.0;0.0
yf_ZW=F_d5;3600;ASH_COATED_OSMIUM;9910;17;9907;18;;;9916;8;9918;22;;;9913.0;0.0
yf_ZW=F_d5;3600;INTARIAN_PEPPER_ROOT;11036;17;11032;18;;;11044;30;11047;25;;;11040.0;0.0
yf_ZW=F_d5;3700;ASH_COATED_OSMIUM;9910;24;9907;23;;;9917;23;9920;28;;;9913.5;0.0
yf_ZW=F_d5;3700;INTARIAN_PEPPER_ROOT;11038;14;11036;15;;;11044;14;11047;24;;;11041.0;0.0
yf_ZW=F_d5;3800;ASH_COATED_OSMIUM;9910;22;9906;20;;;9916;17;9920;17;;;9913.0;0.0
yf_ZW=F_d5;3800;INTARIAN_PEPPER_ROOT;11039;23;11035;20;;;11045;19;11048;16;;;11042.0;0.0
yf_ZW=F_d5;3900;ASH_COATED_OSMIUM;9910;14;9908;26;;;9916;15;9919;12;;;9913.0;0.0
yf_ZW=F_d5;3900;INTARIAN_PEPPER_ROOT;11040;23;11037;22;;;11046;18;11049;22;;;11043.0;0.0
yf_ZW=F_d5;4000;ASH_COATED_OSMIUM;9909;18;9907;20;;;9917;15;9921;19;;;9913.0;0.0
yf_ZW=F_d5;4000;INTARIAN_PEPPER_ROOT;11033;5;11031;25;;;11054;7;11058;15;;;11043.5;0.0
yf_ZW=F_d5;4100;ASH_COATED_OSMIUM;9904;20;9902;14;;;9921;19;9925;19;;;9912.5;0.0
yf_ZW=F_d5;4100;INTARIAN_PEPPER_ROOT;11041;21;11038;17;;;11047;12;11051;22;;;11044.0;0.0
yf_ZW=F_d5;4200;ASH_COATED_OSMIUM;9910;18;9908;14;;;9916;14;9919;22;;;9913.0;0.0
yf_ZW=F_d5;4200;INTARIAN_PEPPER_ROOT;11041;12;11039;27;;;11049;17;11053;19;;;11045.0;0.0
yf_ZW=F_d5;4300;ASH_COATED_OSMIUM;9906;10;9902;17;;;9919;15;9923;19;;;9912.5;0.0
yf_ZW=F_d5;4300;INTARIAN_PEPPER_ROOT;11043;17;11039;16;;;11049;19;11052;18;;;11046.0;0.0
yf_ZW=F_d5;4400;ASH_COATED_OSMIUM;9910;12;9908;22;;;9916;11;9918;20;;;9913.0;0.0
yf_ZW=F_d5;4400;INTARIAN_PEPPER_ROOT;11034;16;11032;19;;;11059;5;11062;25;;;11046.5;0.0
yf_ZW=F_d5;4500;ASH_COATED_OSMIUM;9910;13;9906;23;;;9916;22;9918;16;;;9913.0;0.0
yf_ZW=F_d5;4500;INTARIAN_PEPPER_ROOT;11044;21;11041;8;;;11050;15;11053;24;;;11047.0;0.0
yf_ZW=F_d5;4600;ASH_COATED_OSMIUM;9910;17;9908;17;;;9916;11;9919;23;;;9913.0;0.0
yf_ZW=F_d5;4600;INTARIAN_PEPPER_ROOT;11044;17;11040;16;;;11052;16;11056;16;;;11048.0;0.0
yf_ZW=F_d5;4700;ASH_COATED_OSMIUM;9910;15;9907;23;;;9916;16;9918;23;;;9913.0;0.0
yf_ZW=F_d5;4700;INTARIAN_PEPPER_ROOT;11039;10;11036;29;;;11058;7;11062;22;;;11048.5;0.0
yf_ZW=F_d5;4800;ASH_COATED_OSMIUM;9910;8;9908;26;;;9916;10;9918;23;;;9913.0;0.0
yf_ZW=F_d5;4800;INTARIAN_PEPPER_ROOT;11046;21;11044;14;;;11052;18;11055;22;;;11049.0;0.0
yf_ZW=F_d5;4900;ASH_COATED_OSMIUM;9910;23;9908;16;;;9916;12;9918;19;;;9913.0;0.0
yf_ZW=F_d5;4900;INTARIAN_PEPPER_ROOT;11048;19;11046;23;;;11054;16;11058;19;;;11051.0;0.0
yf_ZW=F_d5;5000;ASH_COATED_OSMIUM;9901;18;9897;22;;;9927;17;9931;21;;;9914.0;0.0
yf_ZW=F_d5;5000;INTARIAN_PEPPER_ROOT;11046;17;11043;23;;;11055;14;11059;28;;;11050.5;0.0
yf_ZW=F_d5;5100;ASH_COATED_OSMIUM;9903;12;9901;23;;;9923;13;9927;27;;;9913.0;0.0
yf_ZW=F_d5;5100;INTARIAN_PEPPER_ROOT;11049;5;11047;16;;;11055;15;11057;20;;;11052.0;0.0
yf_ZW=F_d5;5200;ASH_COATED_OSMIUM;9910;11;9907;17;;;9916;14;9918;19;;;9913.0;0.0
yf_ZW=F_d5;5200;INTARIAN_PEPPER_ROOT;11049;12;11045;15;;;11056;22;11059;12;;;11052.5;0.0
yf_ZW=F_d5;5300;ASH_COATED_OSMIUM;9909;15;9905;20;;;9918;12;9921;16;;;9913.5;0.0
yf_ZW=F_d5;5300;INTARIAN_PEPPER_ROOT;11050;18;11046;20;;;11056;15;11059;17;;;11053.0;0.0
yf_ZW=F_d5;5400;ASH_COATED_OSMIUM;9911;14;9907;24;;;9917;13;9919;10;;;9914.0;0.0
yf_ZW=F_d5;5400;INTARIAN_PEPPER_ROOT;11051;9;11049;22;;;11057;5;11061;19;;;11054.0;0.0
yf_ZW=F_d5;5500;ASH_COATED_OSMIUM;9908;18;9905;29;;;9920;10;9922;24;;;9914.0;0.0
yf_ZW=F_d5;5500;INTARIAN_PEPPER_ROOT;11051;15;11049;14;;;11057;21;11060;16;;;11054.0;0.0
yf_ZW=F_d5;5600;ASH_COATED_OSMIUM;9908;18;9904;21;;;9919;16;9923;19;;;9913.5;0.0
yf_ZW=F_d5;5600;INTARIAN_PEPPER_ROOT;11051;21;11048;20;;;11060;12;11063;23;;;11055.5;0.0
yf_ZW=F_d5;5700;ASH_COATED_OSMIUM;9908;14;9905;20;;;9921;16;9924;26;;;9914.5;0.0
yf_ZW=F_d5;5700;INTARIAN_PEPPER_ROOT;11053;20;11050;18;;;11059;21;11061;26;;;11056.0;0.0
yf_ZW=F_d5;5800;ASH_COATED_OSMIUM;9911;7;9908;25;;;9917;13;9919;20;;;9914.0;0.0
yf_ZW=F_d5;5800;INTARIAN_PEPPER_ROOT;11054;13;11050;22;;;11060;19;11064;30;;;11057.0;0.0
yf_ZW=F_d5;5900;ASH_COATED_OSMIUM;9911;14;9908;20;;;9917;13;9920;28;;;9914.0;0.0
yf_ZW=F_d5;5900;INTARIAN_PEPPER_ROOT;11055;19;11051;16;;;11061;16;11065;23;;;11058.0;0.0
yf_ZW=F_d5;6000;ASH_COATED_OSMIUM;9903;16;9901;27;;;9926;14;9929;17;;;9914.5;0.0
yf_ZW=F_d5;6000;INTARIAN_PEPPER_ROOT;11051;16;11049;19;;;11066;11;11069;21;;;11058.5;0.0
yf_ZW=F_d5;6100;ASH_COATED_OSMIUM;9911;16;9907;21;;;9917;8;9920;23;;;9914.0;0.0
yf_ZW=F_d5;6100;INTARIAN_PEPPER_ROOT;11054;22;11052;18;;;11063;16;11067;18;;;11058.5;0.0
yf_ZW=F_d5;6200;ASH_COATED_OSMIUM;9911;17;9909;16;;;9917;22;9921;19;;;9914.0;0.0
yf_ZW=F_d5;6200;INTARIAN_PEPPER_ROOT;11055;9;11051;13;;;11064;12;11066;15;;;11059.5;0.0
yf_ZW=F_d5;6300;ASH_COATED_OSMIUM;9908;19;9904;13;;;9921;10;9925;22;;;9914.5;0.0
yf_ZW=F_d5;6300;INTARIAN_PEPPER_ROOT;11057;20;11054;21;;;11063;6;11065;24;;;11060.0;0.0
yf_ZW=F_d5;6400;ASH_COATED_OSMIUM;9911;20;9907;12;;;9917;13;9920;20;;;9914.0;0.0
yf_ZW=F_d5;6400;INTARIAN_PEPPER_ROOT;11058;10;11055;29;;;11064;21;11068;20;;;11061.0;0.0
yf_ZW=F_d5;6500;ASH_COATED_OSMIUM;9909;17;9907;15;;;9919;20;9922;25;;;9914.0;0.0
yf_ZW=F_d5;6500;INTARIAN_PEPPER_ROOT;11055;21;11053;17;;;11069;15;11073;15;;;11062.0;0.0
yf_ZW=F_d5;6600;ASH_COATED_OSMIUM;9911;25;9907;18;;;9917;16;9921;21;;;9914.0;0.0
yf_ZW=F_d5;6600;INTARIAN_PEPPER_ROOT;11056;19;11053;12;;;11069;11;11071;15;;;11062.5;0.0
yf_ZW=F_d5;6700;ASH_COATED_OSMIUM;9912;16;9910;18;;;9918;21;9922;26;;;9915.0;0.0
yf_ZW=F_d5;6700;INTARIAN_PEPPER_ROOT;11058;11;11056;18;;;11070;14;11072;18;;;11064.0;0.0
yf_ZW=F_d5;6800;ASH_COATED_OSMIUM;9909;21;9906;13;;;9921;17;9923;16;;;9915.0;0.0
yf_ZW=F_d5;6800;INTARIAN_PEPPER_ROOT;11059;17;11055;18;;;11068;30;11072;21;;;11063.5;0.0
yf_ZW=F_d5;6900;ASH_COATED_OSMIUM;9912;18;9908;23;;;9918;8;9921;27;;;9915.0;0.0
yf_ZW=F_d5;6900;INTARIAN_PEPPER_ROOT;11059;12;11055;16;;;11070;12;11072;20;;;11064.5;0.0
yf_ZW=F_d5;7000;ASH_COATED_OSMIUM;9911;5;9907;25;;;9919;19;9922;21;;;9915.0;0.0
yf_ZW=F_d5;7000;INTARIAN_PEPPER_ROOT;11062;11;11060;20;;;11068;19;11070;26;;;11065.0;0.0
yf_ZW=F_d5;7100;ASH_COATED_OSMIUM;9906;5;9902;17;;;9925;6;9928;15;;;9915.5;0.0
yf_ZW=F_d5;7100;INTARIAN_PEPPER_ROOT;11063;13;11061;12;;;11069;11;11071;17;;;11066.0;0.0
yf_ZW=F_d5;7200;ASH_COATED_OSMIUM;9911;22;9908;26;;;9917;17;9921;20;;;9914.0;0.0
yf_ZW=F_d5;7200;INTARIAN_PEPPER_ROOT;11064;5;11061;21;;;11070;13;11072;22;;;11067.0;0.0
yf_ZW=F_d5;7300;ASH_COATED_OSMIUM;9912;10;9909;24;;;9918;9;9921;22;;;9915.0;0.0
yf_ZW=F_d5;7300;INTARIAN_PEPPER_ROOT;11058;9;11056;21;;;11078;16;11080;24;;;11068.0;0.0
yf_ZW=F_d5;7400;ASH_COATED_OSMIUM;9912;17;9908;22;;;9918;11;9921;25;;;9915.0;0.0
yf_ZW=F_d5;7400;INTARIAN_PEPPER_ROOT;11062;23;11058;19;;;11074;15;11078;18;;;11068.0;0.0
yf_ZW=F_d5;7500;ASH_COATED_OSMIUM;9912;21;9909;18;;;9918;20;9921;18;;;9915.0;0.0
yf_ZW=F_d5;7500;INTARIAN_PEPPER_ROOT;11066;12;11064;15;;;11072;18;11075;22;;;11069.0;0.0
yf_ZW=F_d5;7600;ASH_COATED_OSMIUM;9912;12;9908;16;;;9918;19;9920;14;;;9915.0;0.0
yf_ZW=F_d5;7600;INTARIAN_PEPPER_ROOT;11067;18;11065;18;;;11073;29;11077;12;;;11070.0;0.0
yf_ZW=F_d5;7700;ASH_COATED_OSMIUM;9912;18;9909;20;;;9918;13;9920;23;;;9915.0;0.0
yf_ZW=F_d5;7700;INTARIAN_PEPPER_ROOT;11067;18;11065;18;;;11073;14;11077;18;;;11070.0;0.0
yf_ZW=F_d5;7800;ASH_COATED_OSMIUM;9905;11;9902;17;;;9926;10;9928;21;;;9915.5;0.0
yf_ZW=F_d5;7800;INTARIAN_PEPPER_ROOT;11068;18;11065;11;;;11074;15;11076;16;;;11071.0;0.0
yf_ZW=F_d5;7900;ASH_COATED_OSMIUM;9912;11;9910;12;;;9918;10;9921;19;;;9915.0;0.0
yf_ZW=F_d5;7900;INTARIAN_PEPPER_ROOT;11067;15;11065;20;;;11076;14;11078;29;;;11071.5;0.0
yf_ZW=F_d5;8000;ASH_COATED_OSMIUM;9911;10;9907;16;;;9921;16;9924;15;;;9916.0;0.0
yf_ZW=F_d5;8000;INTARIAN_PEPPER_ROOT;11069;10;11066;21;;;11075;12;11078;23;;;11072.0;0.0
yf_ZW=F_d5;8100;ASH_COATED_OSMIUM;9912;20;9908;18;;;9918;20;9922;18;;;9915.0;0.0
yf_ZW=F_d5;8100;INTARIAN_PEPPER_ROOT;11066;22;11062;17;;;11081;23;11084;22;;;11073.5;0.0
yf_ZW=F_d5;8200;ASH_COATED_OSMIUM;9908;8;9906;15;;;9922;13;9926;17;;;9915.0;0.0
yf_ZW=F_d5;8200;INTARIAN_PEPPER_ROOT;11071;22;11067;17;;;11077;19;11081;22;;;11074.0;0.0
yf_ZW=F_d5;8300;ASH_COATED_OSMIUM;9912;16;9910;19;;;9918;10;9922;25;;;9915.0;0.0
yf_ZW=F_d5;8300;INTARIAN_PEPPER_ROOT;11070;30;11068;25;;;11078;19;11081;24;;;11074.0;0.0
yf_ZW=F_d5;8400;ASH_COATED_OSMIUM;9901;12;9898;20;;;9929;9;9932;19;;;9915.0;0.0
yf_ZW=F_d5;8400;INTARIAN_PEPPER_ROOT;11073;8;11070;29;;;11079;15;11081;23;;;11076.0;0.0
yf_ZW=F_d5;8500;ASH_COATED_OSMIUM;9910;7;9908;11;;;9920;14;9922;29;;;9915.0;0.0
yf_ZW=F_d5;8500;INTARIAN_PEPPER_ROOT;11073;10;11070;16;;;11079;15;11083;15;;;11076.0;0.0
yf_ZW=F_d5;8600;ASH_COATED_OSMIUM;9913;15;9909;15;;;9919;14;9921;23;;;9916.0;0.0
yf_ZW=F_d5;8600;INTARIAN_PEPPER_ROOT;11074;13;11072;32;;;11080;10;11083;24;;;11077.0;0.0
yf_ZW=F_d5;8700;ASH_COATED_OSMIUM;9913;16;9909;23;;;9919;28;9922;22;;;9916.0;0.0
yf_ZW=F_d5;8700;INTARIAN_PEPPER_ROOT;11074;5;11072;14;;;11080;8;11082;20;;;11077.0;0.0
yf_ZW=F_d5;8800;ASH_COATED_OSMIUM;9901;24;9899;18;;;9930;8;9932;13;;;9915.5;0.0
yf_ZW=F_d5;8800;INTARIAN_PEPPER_ROOT;11075;13;11072;12;;;11081;18;11083;29;;;11078.0;0.0
yf_ZW=F_d5;8900;ASH_COATED_OSMIUM;9911;12;9907;27;;;9920;14;9922;15;;;9915.5;0.0
yf_ZW=F_d5;8900;INTARIAN_PEPPER_ROOT;11059;6;11055;24;;;11099;21;11101;29;;;11079.0;0.0
yf_ZW=F_d5;9000;ASH_COATED_OSMIUM;9913;9;9909;23;;;9919;18;9921;11;;;9916.0;0.0
yf_ZW=F_d5;9000;INTARIAN_PEPPER_ROOT;11077;11;11074;11;;;11083;16;11085;34;;;11080.0;0.0
yf_ZW=F_d5;9100;ASH_COATED_OSMIUM;9913;19;9911;25;;;9919;16;9921;13;;;9916.0;0.0
yf_ZW=F_d5;9100;INTARIAN_PEPPER_ROOT;11077;27;11075;10;;;11084;21;11087;21;;;11080.5;0.0
yf_ZW=F_d5;9200;ASH_COATED_OSMIUM;9911;16;9907;20;;;9921;11;9924;21;;;9916.0;0.0
yf_ZW=F_d5;9200;INTARIAN_PEPPER_ROOT;11078;15;11076;11;;;11084;21;11086;19;;;11081.0;0.0
yf_ZW=F_d5;9300;ASH_COATED_OSMIUM;9913;11;9910;22;;;9919;12;9921;27;;;9916.0;0.0
yf_ZW=F_d5;9300;INTARIAN_PEPPER_ROOT;11079;15;11076;16;;;11085;23;11088;27;;;11082.0;0.0
yf_ZW=F_d5;9400;ASH_COATED_OSMIUM;9912;16;9908;19;;;9918;13;9922;22;;;9915.0;0.0
yf_ZW=F_d5;9400;INTARIAN_PEPPER_ROOT;11068;17;11066;16;;;11099;9;11103;17;;;11083.5;0.0
yf_ZW=F_d5;9500;ASH_COATED_OSMIUM;9911;17;9907;27;;;9920;17;9923;8;;;9915.5;0.0
yf_ZW=F_d5;9500;INTARIAN_PEPPER_ROOT;11076;6;11074;19;;;11090;6;11094;14;;;11083.0;0.0
yf_ZW=F_d5;9600;ASH_COATED_OSMIUM;9909;16;9907;23;;;9923;14;9927;17;;;9916.0;0.0
yf_ZW=F_d5;9600;INTARIAN_PEPPER_ROOT;11081;14;11077;19;;;11087;23;11089;17;;;11084.0;0.0
yf_ZW=F_d5;9700;ASH_COATED_OSMIUM;9913;11;9911;16;;;9919;9;9923;20;;;9916.0;0.0
yf_ZW=F_d5;9700;INTARIAN_PEPPER_ROOT;11082;12;11079;22;;;11088;10;11090;15;;;11085.0;0.0
yf_ZW=F_d5;9800;ASH_COATED_OSMIUM;9913;12;9911;17;;;9919;16;9921;20;;;9916.0;0.0
yf_ZW=F_d5;9800;INTARIAN_PEPPER_ROOT;11082;14;11078;22;;;11088;17;11091;10;;;11085.0;0.0
yf_ZW=F_d5;9900;ASH_COATED_OSMIUM;9913;22;9910;18;;;9919;12;9923;16;;;9916.0;0.0
yf_ZW=F_d5;9900;INTARIAN_PEPPER_ROOT;11083;11;11080;23;;;11089;13;11093;27;;;11086.0;0.0
yf_ZW=F_d5;10000;ASH_COATED_OSMIUM;9910;18;9907;22;;;9922;18;9924;20;;;9916.0;0.0
yf_ZW=F_d5;10000;INTARIAN_PEPPER_ROOT;11072;6;11069;20;;;11102;11;11104;26;;;11087.0;0.0
yf_ZW=F_d5;10100;ASH_COATED_OSMIUM;9913;14;9911;11;;;9919;15;9923;8;;;9916.0;0.0
yf_ZW=F_d5;10100;INTARIAN_PEPPER_ROOT;11084;16;11082;16;;;11090;11;11092;23;;;11087.0;0.0
yf_ZW=F_d5;10200;ASH_COATED_OSMIUM;9912;16;9910;29;;;9922;14;9924;24;;;9917.0;0.0
yf_ZW=F_d5;10200;INTARIAN_PEPPER_ROOT;11079;17;11075;22;;;11100;7;11102;19;;;11089.5;0.0
yf_ZW=F_d5;10300;ASH_COATED_OSMIUM;9912;21;9909;17;;;9921;11;9923;17;;;9916.5;0.0
yf_ZW=F_d5;10300;INTARIAN_PEPPER_ROOT;11086;12;11083;24;;;11092;14;11096;20;;;11089.0;0.0
yf_ZW=F_d5;10400;ASH_COATED_OSMIUM;9914;22;9912;22;;;9920;11;9922;20;;;9917.0;0.0
yf_ZW=F_d5;10400;INTARIAN_PEPPER_ROOT;11086;20;11082;8;;;11095;27;11099;20;;;11090.5;0.0
yf_ZW=F_d5;10500;ASH_COATED_OSMIUM;9909;12;9906;15;;;9925;12;9927;12;;;9917.0;0.0
yf_ZW=F_d5;10500;INTARIAN_PEPPER_ROOT;11087;10;11084;22;;;11095;16;11098;13;;;11091.0;0.0
yf_ZW=F_d5;10600;ASH_COATED_OSMIUM;9908;24;9904;12;;;9925;12;9929;31;;;9916.5;0.0
yf_ZW=F_d5;10600;INTARIAN_PEPPER_ROOT;11086;19;11084;14;;;11097;15;11100;23;;;11091.5;0.0
yf_ZW=F_d5;10700;ASH_COATED_OSMIUM;9911;22;9909;17;;;9923;14;9925;17;;;9917.0;0.0
yf_ZW=F_d5;10700;INTARIAN_PEPPER_ROOT;11089;11;11086;16;;;11095;19;11099;24;;;11092.0;0.0
yf_ZW=F_d5;10800;ASH_COATED_OSMIUM;9914;5;9911;25;;;9920;7;9923;17;;;9917.0;0.0
yf_ZW=F_d5;10800;INTARIAN_PEPPER_ROOT;11090;15;11087;20;;;11096;15;11100;16;;;11093.0;0.0
yf_ZW=F_d5;10900;ASH_COATED_OSMIUM;9914;12;9910;24;;;9920;18;9922;20;;;9917.0;0.0
yf_ZW=F_d5;10900;INTARIAN_PEPPER_ROOT;11082;10;11078;15;;;11103;16;11105;20;;;11092.5;0.0
yf_ZW=F_d5;11000;ASH_COATED_OSMIUM;9914;14;9910;26;;;9920;17;9924;19;;;9917.0;0.0
yf_ZW=F_d5;11000;INTARIAN_PEPPER_ROOT;11092;13;11090;27;;;11098;16;11100;27;;;11095.0;0.0
yf_ZW=F_d5;11100;ASH_COATED_OSMIUM;9911;21;9907;16;;;9923;14;9925;16;;;9917.0;0.0
yf_ZW=F_d5;11100;INTARIAN_PEPPER_ROOT;11092;13;11089;8;;;11098;14;11100;21;;;11095.0;0.0
yf_ZW=F_d5;11200;ASH_COATED_OSMIUM;9914;21;9911;23;;;9920;10;9923;20;;;9917.0;0.0
yf_ZW=F_d5;11200;INTARIAN_PEPPER_ROOT;11085;19;11083;16;;;11108;22;11111;13;;;11096.5;0.0
yf_ZW=F_d5;11300;ASH_COATED_OSMIUM;9914;12;9911;24;;;9920;18;9923;27;;;9917.0;0.0
yf_ZW=F_d5;11300;INTARIAN_PEPPER_ROOT;11092;9;11090;14;;;11102;13;11104;17;;;11097.0;0.0
yf_ZW=F_d5;11400;ASH_COATED_OSMIUM;9906;13;9903;25;;;9928;18;9932;22;;;9917.0;0.0
yf_ZW=F_d5;11400;INTARIAN_PEPPER_ROOT;11075;24;11071;14;;;11119;12;11121;27;;;11097.0;0.0
yf_ZW=F_d5;11500;ASH_COATED_OSMIUM;9914;20;9912;27;;;9920;12;9923;19;;;9917.0;0.0
yf_ZW=F_d5;11500;INTARIAN_PEPPER_ROOT;11095;17;11092;26;;;11101;12;11103;23;;;11098.0;0.0
yf_ZW=F_d5;11600;ASH_COATED_OSMIUM;9914;20;9912;23;;;9920;13;9924;16;;;9917.0;0.0
yf_ZW=F_d5;11600;INTARIAN_PEPPER_ROOT;11089;15;11085;16;;;11106;5;11110;21;;;11097.5;0.0
yf_ZW=F_d5;11700;ASH_COATED_OSMIUM;9914;17;9912;11;;;9920;13;9923;19;;;9917.0;0.0
yf_ZW=F_d5;11700;INTARIAN_PEPPER_ROOT;11096;20;11092;17;;;11102;5;11105;13;;;11099.0;0.0
yf_ZW=F_d5;11800;ASH_COATED_OSMIUM;9914;17;9910;24;;;9920;13;9924;10;;;9917.0;0.0
yf_ZW=F_d5;11800;INTARIAN_PEPPER_ROOT;11097;17;11094;21;;;11103;12;11105;13;;;11100.0;0.0
yf_ZW=F_d5;11900;ASH_COATED_OSMIUM;9913;13;9911;18;;;9921;17;9925;18;;;9917.0;0.0
yf_ZW=F_d5;11900;INTARIAN_PEPPER_ROOT;11098;11;11094;18;;;11104;11;11106;24;;;11101.0;0.0
yf_ZW=F_d5;12000;ASH_COATED_OSMIUM;9915;11;9911;28;;;9921;14;9924;24;;;9918.0;0.0
yf_ZW=F_d5;12000;INTARIAN_PEPPER_ROOT;11098;14;11095;24;;;11105;15;11108;23;;;11101.5;0.0
yf_ZW=F_d5;12100;ASH_COATED_OSMIUM;9915;24;9911;8;;;9921;16;9924;14;;;9918.0;0.0
yf_ZW=F_d5;12100;INTARIAN_PEPPER_ROOT;11097;18;11093;25;;;11107;10;11111;21;;;11102.0;0.0
yf_ZW=F_d5;12200;ASH_COATED_OSMIUM;9913;14;9909;25;;;9921;13;9925;29;;;9917.0;0.0
yf_ZW=F_d5;12200;INTARIAN_PEPPER_ROOT;11100;17;11098;8;;;11106;16;11108;18;;;11103.0;0.0
yf_ZW=F_d5;12300;ASH_COATED_OSMIUM;9915;5;9913;13;;;9921;20;9924;18;;;9918.0;0.0
yf_ZW=F_d5;12300;INTARIAN_PEPPER_ROOT;11101;9;11098;20;;;11107;11;11111;20;;;11104.0;0.0
yf_ZW=F_d5;12400;ASH_COATED_OSMIUM;9914;18;9911;25;;;9920;8;9923;19;;;9917.0;0.0
yf_ZW=F_d5;12400;INTARIAN_PEPPER_ROOT;11098;16;11094;17;;;11111;19;11113;17;;;11104.5;0.0
yf_ZW=F_d5;12500;ASH_COATED_OSMIUM;9915;15;9912;17;;;9921;18;9925;8;;;9918.0;0.0
yf_ZW=F_d5;12500;INTARIAN_PEPPER_ROOT;11101;17;11097;22;;;11109;14;11111;20;;;11105.0;0.0
yf_ZW=F_d5;12600;ASH_COATED_OSMIUM;9910;17;9906;16;;;9927;15;9929;20;;;9918.5;0.0
yf_ZW=F_d5;12600;INTARIAN_PEPPER_ROOT;11101;23;11099;18;;;11111;22;11113;28;;;11106.0;0.0
yf_ZW=F_d5;12700;ASH_COATED_OSMIUM;9913;23;9911;16;;;9922;14;9924;10;;;9917.5;0.0
yf_ZW=F_d5;12700;INTARIAN_PEPPER_ROOT;11100;20;11097;15;;;11113;16;11115;30;;;11106.5;0.0
yf_ZW=F_d5;12800;ASH_COATED_OSMIUM;9915;21;9913;19;;;9921;10;9924;20;;;9918.0;0.0
yf_ZW=F_d5;12800;INTARIAN_PEPPER_ROOT;11104;15;11102;25;;;11110;10;11112;27;;;11107.0;0.0
yf_ZW=F_d5;12900;ASH_COATED_OSMIUM;9914;7;9912;21;;;9923;15;9927;14;;;9918.5;0.0
yf_ZW=F_d5;12900;INTARIAN_PEPPER_ROOT;11105;14;11102;21;;;11111;12;11114;23;;;11108.0;0.0
yf_ZW=F_d5;13000;ASH_COATED_OSMIUM;9915;20;9913;24;;;9921;9;9924;18;;;9918.0;0.0
yf_ZW=F_d5;13000;INTARIAN_PEPPER_ROOT;11106;16;11103;18;;;11112;15;11114;17;;;11109.0;0.0
yf_ZW=F_d5;13100;ASH_COATED_OSMIUM;9915;15;9913;25;;;9921;13;9924;19;;;9918.0;0.0
yf_ZW=F_d5;13100;INTARIAN_PEPPER_ROOT;11104;11;11102;12;;;11115;17;11118;23;;;11109.5;0.0
yf_ZW=F_d5;13200;ASH_COATED_OSMIUM;9915;21;9911;17;;;9921;16;9924;14;;;9918.0;0.0
yf_ZW=F_d5;13200;INTARIAN_PEPPER_ROOT;11107;14;11103;19;;;11113;24;11116;21;;;11110.0;0.0
yf_ZW=F_d5;13300;ASH_COATED_OSMIUM;9912;10;9909;20;;;9924;13;9927;14;;;9918.0;0.0
yf_ZW=F_d5;13300;INTARIAN_PEPPER_ROOT;11107;19;11105;19;;;11115;8;11118;27;;;11111.0;0.0
yf_ZW=F_d5;13400;ASH_COATED_OSMIUM;9916;14;9912;28;;;9922;18;9924;19;;;9919.0;0.0
yf_ZW=F_d5;13400;INTARIAN_PEPPER_ROOT;11108;9;11105;20;;;11114;16;11116;18;;;11111.0;0.0
yf_ZW=F_d5;13500;ASH_COATED_OSMIUM;9916;12;9912;27;;;9922;13;9925;21;;;9919.0;0.0
yf_ZW=F_d5;13500;INTARIAN_PEPPER_ROOT;11105;10;11102;18;;;11121;15;11124;23;;;11113.0;0.0
yf_ZW=F_d5;13600;ASH_COATED_OSMIUM;9916;17;9914;24;;;9922;14;9924;25;;;9919.0;0.0
yf_ZW=F_d5;13600;INTARIAN_PEPPER_ROOT;11110;22;11107;19;;;11116;21;11118;24;;;11113.0;0.0
yf_ZW=F_d5;13700;ASH_COATED_OSMIUM;9915;9;9912;8;;;9921;12;9923;15;;;9918.0;0.0
yf_ZW=F_d5;13700;INTARIAN_PEPPER_ROOT;11111;17;11108;29;;;11117;18;11120;20;;;11114.0;0.0
yf_ZW=F_d5;13800;ASH_COATED_OSMIUM;9915;13;9913;21;;;9921;15;9924;27;;;9918.0;0.0
yf_ZW=F_d5;13800;INTARIAN_PEPPER_ROOT;11112;15;11109;20;;;11118;23;11120;11;;;11115.0;0.0
yf_ZW=F_d5;13900;ASH_COATED_OSMIUM;9916;10;9914;15;;;9922;19;9924;19;;;9919.0;0.0
yf_ZW=F_d5;13900;INTARIAN_PEPPER_ROOT;11112;9;11108;20;;;11118;24;11121;15;;;11115.0;0.0
yf_ZW=F_d5;14000;ASH_COATED_OSMIUM;9909;8;9907;33;;;9929;17;9931;22;;;9919.0;0.0
yf_ZW=F_d5;14000;INTARIAN_PEPPER_ROOT;11110;8;11107;15;;;11122;14;11124;29;;;11116.0;0.0
yf_ZW=F_d5;14100;ASH_COATED_OSMIUM;9914;7;9911;23;;;9925;10;9927;15;;;9919.5;0.0
yf_ZW=F_d5;14100;INTARIAN_PEPPER_ROOT;11113;11;11109;19;;;11119;8;11122;22;;;11116.0;0.0
yf_ZW=F_d5;14200;ASH_COATED_OSMIUM;9916;10;9913;15;;;9922;9;9925;21;;;9919.0;0.0
yf_ZW=F_d5;14200;INTARIAN_PEPPER_ROOT;11092;8;11090;25;;;11144;14;11147;11;;;11118.0;0.0
yf_ZW=F_d5;14300;ASH_COATED_OSMIUM;9916;10;9912;20;;;9922;11;9925;28;;;9919.0;0.0
yf_ZW=F_d5;14300;INTARIAN_PEPPER_ROOT;11115;10;11111;25;;;11121;10;11123;20;;;11118.0;0.0
yf_ZW=F_d5;14400;ASH_COATED_OSMIUM;9916;20;9912;22;;;9922;10;9924;23;;;9919.0;0.0
yf_ZW=F_d5;14400;INTARIAN_PEPPER_ROOT;11115;11;11113;23;;;11123;14;11127;13;;;11119.0;0.0
yf_ZW=F_d5;14500;ASH_COATED_OSMIUM;9915;16;9911;18;;;9921;18;9923;29;;;9918.0;0.0
yf_ZW=F_d5;14500;INTARIAN_PEPPER_ROOT;11105;11;11102;16;;;11135;21;11138;11;;;11120.0;0.0
yf_ZW=F_d5;14600;ASH_COATED_OSMIUM;9916;27;9912;17;;;9922;10;9925;15;;;9919.0;0.0
yf_ZW=F_d5;14600;INTARIAN_PEPPER_ROOT;11117;10;11113;18;;;11124;19;11126;19;;;11120.5;0.0
yf_ZW=F_d5;14700;ASH_COATED_OSMIUM;9916;5;9914;22;;;9922;5;9924;23;;;9919.0;0.0
yf_ZW=F_d5;14700;INTARIAN_PEPPER_ROOT;11115;15;11111;21;;;11127;17;11131;8;;;11121.0;0.0
yf_ZW=F_d5;14800;ASH_COATED_OSMIUM;9912;16;9910;24;;;9925;15;9927;17;;;9918.5;0.0
yf_ZW=F_d5;14800;INTARIAN_PEPPER_ROOT;11119;12;11115;29;;;11125;10;11127;23;;;11122.0;0.0
yf_ZW=F_d5;14900;ASH_COATED_OSMIUM;9916;17;9912;16;;;9922;15;9925;26;;;9919.0;0.0
yf_ZW=F_d5;14900;INTARIAN_PEPPER_ROOT;11111;15;11109;17;;;11135;14;11137;10;;;11123.0;0.0
yf_ZW=F_d5;15000;ASH_COATED_OSMIUM;9916;20;9914;23;;;9922;11;9924;35;;;9919.0;0.0
yf_ZW=F_d5;15000;INTARIAN_PEPPER_ROOT;11115;14;11113;15;;;11132;10;11136;16;;;11123.5;0.0
yf_ZW=F_d5;15100;ASH_COATED_OSMIUM;9916;11;9914;20;;;9922;12;9924;21;;;9919.0;0.0
yf_ZW=F_d5;15100;INTARIAN_PEPPER_ROOT;11121;7;11119;23;;;11127;8;11131;12;;;11124.0;0.0
yf_ZW=F_d5;15200;ASH_COATED_OSMIUM;9916;24;9912;19;;;9922;14;9926;15;;;9919.0;0.0
yf_ZW=F_d5;15200;INTARIAN_PEPPER_ROOT;11120;10;11118;9;;;11129;14;11131;27;;;11124.5;0.0
yf_ZW=F_d5;15300;ASH_COATED_OSMIUM;9915;13;9913;21;;;9924;12;9926;31;;;9919.5;0.0
yf_ZW=F_d5;15300;INTARIAN_PEPPER_ROOT;11123;16;11121;35;;;11129;10;11132;22;;;11126.0;0.0
yf_ZW=F_d5;15400;ASH_COATED_OSMIUM;9916;8;9914;25;;;9922;22;9924;20;;;9919.0;0.0
yf_ZW=F_d5;15400;INTARIAN_PEPPER_ROOT;11123;14;11119;17;;;11129;8;11131;17;;;11126.0;0.0
yf_ZW=F_d5;15500;ASH_COATED_OSMIUM;9911;5;9907;21;;;9929;18;9933;17;;;9920.0;0.0
yf_ZW=F_d5;15500;INTARIAN_PEPPER_ROOT;11121;5;11119;23;;;11132;18;11136;25;;;11126.5;0.0
yf_ZW=F_d5;15600;ASH_COATED_OSMIUM;9917;21;9914;22;;;9923;9;9927;17;;;9920.0;0.0
yf_ZW=F_d5;15600;INTARIAN_PEPPER_ROOT;11124;10;11120;22;;;11131;14;11134;22;;;11127.5;0.0
yf_ZW=F_d5;15700;ASH_COATED_OSMIUM;9916;16;9913;17;;;9922;25;9924;21;;;9919.0;0.0
yf_ZW=F_d5;15700;INTARIAN_PEPPER_ROOT;11125;19;11121;21;;;11131;16;11135;22;;;11128.0;0.0
yf_ZW=F_d5;15800;ASH_COATED_OSMIUM;9917;18;9914;19;;;9923;12;9927;19;;;9920.0;0.0
yf_ZW=F_d5;15800;INTARIAN_PEPPER_ROOT;11126;21;11123;17;;;11132;19;11135;24;;;11129.0;0.0
yf_ZW=F_d5;15900;ASH_COATED_OSMIUM;9908;7;9904;18;;;9930;5;9934;13;;;9919.0;0.0
yf_ZW=F_d5;15900;INTARIAN_PEPPER_ROOT;11126;14;11123;23;;;11132;10;11136;23;;;11129.0;0.0
yf_ZW=F_d5;16000;ASH_COATED_OSMIUM;9917;8;9914;29;;;9923;14;9926;20;;;9920.0;0.0
yf_ZW=F_d5;16000;INTARIAN_PEPPER_ROOT;11128;14;11125;19;;;11134;19;11136;31;;;11131.0;0.0
yf_ZW=F_d5;16100;ASH_COATED_OSMIUM;9917;16;9914;22;;;9923;14;9926;26;;;9920.0;0.0
yf_ZW=F_d5;16100;INTARIAN_PEPPER_ROOT;11128;16;11124;10;;;11134;22;11137;23;;;11131.0;0.0
yf_ZW=F_d5;16200;ASH_COATED_OSMIUM;9917;5;9913;24;;;9923;19;9927;28;;;9920.0;0.0
yf_ZW=F_d5;16200;INTARIAN_PEPPER_ROOT;11127;13;11124;21;;;11137;11;11140;14;;;11132.0;0.0
yf_ZW=F_d5;16300;ASH_COATED_OSMIUM;9917;19;9914;27;;;9923;10;9925;21;;;9920.0;0.0
yf_ZW=F_d5;16300;INTARIAN_PEPPER_ROOT;11130;12;11127;16;;;11136;22;11140;29;;;11133.0;0.0
yf_ZW=F_d5;16400;ASH_COATED_OSMIUM;9916;11;9913;17;;;9925;12;9928;21;;;9920.5;0.0
yf_ZW=F_d5;16400;INTARIAN_PEPPER_ROOT;11130;9;11127;12;;;11136;18;11140;16;;;11133.0;0.0
yf_ZW=F_d5;16500;ASH_COATED_OSMIUM;9917;12;9914;18;;;9923;23;9926;24;;;9920.0;0.0
yf_ZW=F_d5;16500;INTARIAN_PEPPER_ROOT;11131;22;11128;11;;;11137;14;11139;17;;;11134.0;0.0
yf_ZW=F_d5;16600;ASH_COATED_OSMIUM;9917;15;9913;11;;;9923;15;9926;14;;;9920.0;0.0
yf_ZW=F_d5;16600;INTARIAN_PEPPER_ROOT;11132;17;11130;17;;;11138;14;11140;12;;;11135.0;0.0
yf_ZW=F_d5;16700;ASH_COATED_OSMIUM;9912;20;9910;28;;;9928;10;9932;17;;;9920.0;0.0
yf_ZW=F_d5;16700;INTARIAN_PEPPER_ROOT;11132;14;11129;21;;;11138;18;11140;20;;;11135.0;0.0
yf_ZW=F_d5;16800;ASH_COATED_OSMIUM;9916;20;9912;20;;;9922;15;9924;14;;;9919.0;0.0
yf_ZW=F_d5;16800;INTARIAN_PEPPER_ROOT;11130;18;11127;18;;;11141;17;11143;21;;;11135.5;0.0
yf_ZW=F_d5;16900;ASH_COATED_OSMIUM;9917;11;9914;21;;;9923;13;9925;24;;;9920.0;0.0
yf_ZW=F_d5;16900;INTARIAN_PEPPER_ROOT;11131;18;11129;24;;;11142;9;11144;18;;;11136.5;0.0
yf_ZW=F_d5;17000;ASH_COATED_OSMIUM;9917;13;9915;21;;;9923;13;9925;22;;;9920.0;0.0
yf_ZW=F_d5;17000;INTARIAN_PEPPER_ROOT;11128;14;11124;23;;;11149;9;11152;14;;;11138.5;0.0
yf_ZW=F_d5;17100;ASH_COATED_OSMIUM;9918;20;9916;26;;;9924;13;9926;22;;;9921.0;0.0
yf_ZW=F_d5;17100;INTARIAN_PEPPER_ROOT;11135;8;11133;14;;;11143;17;11145;21;;;11139.0;0.0
yf_ZW=F_d5;17200;ASH_COATED_OSMIUM;9917;5;9915;27;;;9923;8;9925;22;;;9920.0;0.0
yf_ZW=F_d5;17200;INTARIAN_PEPPER_ROOT;11133;10;11131;29;;;11146;28;11150;24;;;11139.5;0.0
yf_ZW=F_d5;17300;ASH_COATED_OSMIUM;9917;5;9915;22;;;9923;7;9926;17;;;9920.0;0.0
yf_ZW=F_d5;17300;INTARIAN_PEPPER_ROOT;11134;18;11132;16;;;11146;11;11148;21;;;11140.0;0.0
yf_ZW=F_d5;17400;ASH_COATED_OSMIUM;9911;19;9908;14;;;9929;9;9932;21;;;9920.0;0.0
yf_ZW=F_d5;17400;INTARIAN_PEPPER_ROOT;11137;10;11135;17;;;11145;7;11149;23;;;11141.0;0.0
yf_ZW=F_d5;17500;ASH_COATED_OSMIUM;9918;5;9915;13;;;9925;23;9927;21;;;9921.5;0.0
yf_ZW=F_d5;17500;INTARIAN_PEPPER_ROOT;11137;18;11133;21;;;11146;16;11148;8;;;11141.5;0.0
yf_ZW=F_d5;17600;ASH_COATED_OSMIUM;9916;15;9913;19;;;9926;13;9928;23;;;9921.0;0.0
yf_ZW=F_d5;17600;INTARIAN_PEPPER_ROOT;11135;16;11133;15;;;11149;15;11151;14;;;11142.0;0.0
yf_ZW=F_d5;17700;ASH_COATED_OSMIUM;9916;6;9914;29;;;9927;20;9931;22;;;9921.5;0.0
yf_ZW=F_d5;17700;INTARIAN_PEPPER_ROOT;11136;12;11134;25;;;11151;17;11154;13;;;11143.5;0.0
yf_ZW=F_d5;17800;ASH_COATED_OSMIUM;9918;9;9915;19;;;9924;27;9928;11;;;9921.0;0.0
yf_ZW=F_d5;17800;INTARIAN_PEPPER_ROOT;11141;14;11138;10;;;11147;13;11150;19;;;11144.0;0.0
yf_ZW=F_d5;17900;ASH_COATED_OSMIUM;9919;14;9915;19;;;9925;22;9927;18;;;9922.0;0.0
yf_ZW=F_d5;17900;INTARIAN_PEPPER_ROOT;11142;24;11138;28;;;11148;19;11151;27;;;11145.0;0.0
yf_ZW=F_d5;18000;ASH_COATED_OSMIUM;9918;14;9914;18;;;9924;17;9926;22;;;9921.0;0.0
yf_ZW=F_d5;18000;INTARIAN_PEPPER_ROOT;11142;14;11138;22;;;11149;11;11152;15;;;11145.5;0.0
yf_ZW=F_d5;18100;ASH_COATED_OSMIUM;9916;14;9914;21;;;9927;13;9929;19;;;9921.5;0.0
yf_ZW=F_d5;18100;INTARIAN_PEPPER_ROOT;11132;11;11128;29;;;11162;14;11164;11;;;11147.0;0.0
yf_ZW=F_d5;18200;ASH_COATED_OSMIUM;9916;6;9913;19;;;9925;10;9929;23;;;9920.5;0.0
yf_ZW=F_d5;18200;INTARIAN_PEPPER_ROOT;11143;12;11139;21;;;11151;18;11154;21;;;11147.0;0.0
yf_ZW=F_d5;18300;ASH_COATED_OSMIUM;9917;25;9913;14;;;9927;14;9931;18;;;9922.0;0.0
yf_ZW=F_d5;18300;INTARIAN_PEPPER_ROOT;11145;10;11141;22;;;11151;6;11155;9;;;11148.0;0.0
yf_ZW=F_d5;18400;ASH_COATED_OSMIUM;9916;10;9914;15;;;9927;14;9930;22;;;9921.5;0.0
yf_ZW=F_d5;18400;INTARIAN_PEPPER_ROOT;11146;15;11144;24;;;11152;13;11154;14;;;11149.0;0.0
yf_ZW=F_d5;18500;ASH_COATED_OSMIUM;9919;26;9917;29;;;9925;14;9927;20;;;9922.0;0.0
yf_ZW=F_d5;18500;INTARIAN_PEPPER_ROOT;11138;17;11135;25;;;11160;5;11163;24;;;11149.0;0.0
yf_ZW=F_d5;18600;ASH_COATED_OSMIUM;9919;10;9917;19;;;9925;15;9929;22;;;9922.0;0.0
yf_ZW=F_d5;18600;INTARIAN_PEPPER_ROOT;11145;17;11142;15;;;11155;20;11157;19;;;11150.0;0.0
yf_ZW=F_d5;18700;ASH_COATED_OSMIUM;9919;8;9915;18;;;9925;15;9929;27;;;9922.0;0.0
yf_ZW=F_d5;18700;INTARIAN_PEPPER_ROOT;11148;20;11144;11;;;11154;7;11157;17;;;11151.0;0.0
yf_ZW=F_d5;18800;ASH_COATED_OSMIUM;9919;20;9915;21;;;9925;6;9927;19;;;9922.0;0.0
yf_ZW=F_d5;18800;INTARIAN_PEPPER_ROOT;11149;22;11147;25;;;11155;12;11158;22;;;11152.0;0.0
yf_ZW=F_d5;18900;ASH_COATED_OSMIUM;9919;6;9915;16;;;9925;12;9928;9;;;9922.0;0.0
yf_ZW=F_d5;18900;INTARIAN_PEPPER_ROOT;11146;11;11142;14;;;11158;15;11162;26;;;11152.0;0.0
yf_ZW=F_d5;19000;ASH_COATED_OSMIUM;9919;14;9916;18;;;9925;13;9928;14;;;9922.0;0.0
yf_ZW=F_d5;19000;INTARIAN_PEPPER_ROOT;11150;16;11148;20;;;11158;14;11162;19;;;11154.0;0.0
yf_ZW=F_d5;19100;ASH_COATED_OSMIUM;9916;16;9912;27;;;9927;10;9930;23;;;9921.5;0.0
yf_ZW=F_d5;19100;INTARIAN_PEPPER_ROOT;11152;16;11149;19;;;11158;16;11161;17;;;11155.0;0.0
yf_ZW=F_d5;19200;ASH_COATED_OSMIUM;9918;17;9915;24;;;9924;7;9927;23;;;9921.0;0.0
yf_ZW=F_d5;19200;INTARIAN_PEPPER_ROOT;11152;10;11149;11;;;11158;17;11161;17;;;11155.0;0.0
yf_ZW=F_d5;19300;ASH_COATED_OSMIUM;9919;30;9915;22;;;9925;14;9927;21;;;9922.0;0.0
yf_ZW=F_d5;19300;INTARIAN_PEPPER_ROOT;11150;12;11146;17;;;11161;23;11165;11;;;11155.5;0.0
yf_ZW=F_d5;19400;ASH_COATED_OSMIUM;9919;12;9915;11;;;9926;22;9928;22;;;9922.5;0.0
yf_ZW=F_d5;19400;INTARIAN_PEPPER_ROOT;11153;13;11149;23;;;11161;15;11165;15;;;11157.0;0.0
yf_ZW=F_d5;19500;ASH_COATED_OSMIUM;9919;23;9917;26;;;9925;17;9928;25;;;9922.0;0.0
yf_ZW=F_d5;19500;INTARIAN_PEPPER_ROOT;11153;14;11151;21;;;11162;14;11165;26;;;11157.5;0.0
yf_ZW=F_d5;19600;ASH_COATED_OSMIUM;9899;22;9896;21;;;9945;21;9949;12;;;9922.0;0.0
yf_ZW=F_d5;19600;INTARIAN_PEPPER_ROOT;11151;14;11149;19;;;11166;13;11170;25;;;11158.5;0.0
yf_ZW=F_d5;19700;ASH_COATED_OSMIUM;9920;22;9916;16;;;9926;9;9928;17;;;9923.0;0.0
yf_ZW=F_d5;19700;INTARIAN_PEPPER_ROOT;11156;8;11154;29;;;11162;14;11164;23;;;11159.0;0.0
yf_ZW=F_d5;19800;ASH_COATED_OSMIUM;9920;19;9917;20;;;9926;11;9930;12;;;9923.0;0.0
yf_ZW=F_d5;19800;INTARIAN_PEPPER_ROOT;11156;19;11153;24;;;11164;16;11167;20;;;11160.0;0.0
yf_ZW=F_d5;19900;ASH_COATED_OSMIUM;9920;16;9918;33;;;9926;12;9928;22;;;9923.0;0.0
yf_ZW=F_d5;19900;INTARIAN_PEPPER_ROOT;11158;17;11155;20;;;11164;16;11168;20;;;11161.0;0.0
yf_ZW=F_d5;20000;ASH_COATED_OSMIUM;9917;16;9913;12;;;9928;12;9932;25;;;9922.5;0.0
yf_ZW=F_d5;20000;INTARIAN_PEPPER_ROOT;11158;14;11155;9;;;11164;9;11167;27;;;11161.0;0.0
yf_ZW=F_d5;20100;ASH_COATED_OSMIUM;9920;15;9916;18;;;9926;9;9930;18;;;9923.0;0.0
yf_ZW=F_d5;20100;INTARIAN_PEPPER_ROOT;11160;13;11157;18;;;11166;11;11169;11;;;11163.0;0.0
yf_ZW=F_d5;20200;ASH_COATED_OSMIUM;9920;20;9916;11;;;9926;8;9929;23;;;9923.0;0.0
yf_ZW=F_d5;20200;INTARIAN_PEPPER_ROOT;11158;9;11155;18;;;11167;19;11171;19;;;11162.5;0.0
yf_ZW=F_d5;20300;ASH_COATED_OSMIUM;9906;9;9902;15;;;9941;17;9945;22;;;9923.5;0.0
yf_ZW=F_d5;20300;INTARIAN_PEPPER_ROOT;11161;5;11158;28;;;11167;12;11171;17;;;11164.0;0.0
yf_ZW=F_d5;20400;ASH_COATED_OSMIUM;9902;20;9900;20;;;9944;15;9946;20;;;9923.0;0.0
yf_ZW=F_d5;20400;INTARIAN_PEPPER_ROOT;11162;17;11158;18;;;11168;23;11170;19;;;11165.0;0.0
yf_ZW=F_d5;20500;ASH_COATED_OSMIUM;9920;9;9918;18;;;9926;18;9930;18;;;9923.0;0.0
yf_ZW=F_d5;20500;INTARIAN_PEPPER_ROOT;11161;13;11159;19;;;11169;15;11172;22;;;11165.0;0.0
yf_ZW=F_d5;20600;ASH_COATED_OSMIUM;9920;12;9918;23;;;9926;8;9928;9;;;9923.0;0.0
yf_ZW=F_d5;20600;INTARIAN_PEPPER_ROOT;11162;15;11159;17;;;11172;8;11176;14;;;11167.0;0.0
yf_ZW=F_d5;20700;ASH_COATED_OSMIUM;9920;10;9917;8;;;9926;13;9930;18;;;9923.0;0.0
yf_ZW=F_d5;20700;INTARIAN_PEPPER_ROOT;11164;20;11161;17;;;11170;16;11172;14;;;11167.0;0.0
yf_ZW=F_d5;20800;ASH_COATED_OSMIUM;9920;8;9916;23;;;9926;8;9929;18;;;9923.0;0.0
yf_ZW=F_d5;20800;INTARIAN_PEPPER_ROOT;11165;16;11162;21;;;11171;12;11175;20;;;11168.0;0.0
yf_ZW=F_d5;20900;ASH_COATED_OSMIUM;9920;18;9918;21;;;9927;17;9930;25;;;9923.5;0.0
yf_ZW=F_d5;20900;INTARIAN_PEPPER_ROOT;11166;23;11163;24;;;11172;7;11176;25;;;11169.0;0.0
yf_ZW=F_d5;21000;ASH_COATED_OSMIUM;9911;22;9908;15;;;9936;15;9940;10;;;9923.5;0.0
yf_ZW=F_d5;21000;INTARIAN_PEPPER_ROOT;11160;12;11156;15;;;11178;15;11182;26;;;11169.0;0.0
yf_ZW=F_d5;21100;ASH_COATED_OSMIUM;9920;20;9918;24;;;9926;13;9930;25;;;9923.0;0.0
yf_ZW=F_d5;21100;INTARIAN_PEPPER_ROOT;11168;10;11165;10;;;11174;17;11177;8;;;11171.0;0.0
yf_ZW=F_d5;21200;ASH_COATED_OSMIUM;9920;16;9918;29;;;9926;13;9928;18;;;9923.0;0.0
yf_ZW=F_d5;21200;INTARIAN_PEPPER_ROOT;11168;14;11165;15;;;11174;15;11177;19;;;11171.0;0.0
yf_ZW=F_d5;21300;ASH_COATED_OSMIUM;9920;14;9917;16;;;9926;11;9930;26;;;9923.0;0.0
yf_ZW=F_d5;21300;INTARIAN_PEPPER_ROOT;11168;11;11165;12;;;11176;10;11178;19;;;11172.0;0.0
yf_ZW=F_d5;21400;ASH_COATED_OSMIUM;9917;13;9915;10;;;9930;5;9933;15;;;9923.5;0.0
yf_ZW=F_d5;21400;INTARIAN_PEPPER_ROOT;11170;22;11167;20;;;11176;12;11179;20;;;11173.0;0.0
yf_ZW=F_d5;21500;ASH_COATED_OSMIUM;9914;9;9911;15;;;9933;8;9937;16;;;9923.5;0.0
yf_ZW=F_d5;21500;INTARIAN_PEPPER_ROOT;11168;12;11164;20;;;11180;12;11183;11;;;11174.0;0.0
yf_ZW=F_d5;21600;ASH_COATED_OSMIUM;9921;17;9917;27;;;9927;11;9929;17;;;9924.0;0.0
yf_ZW=F_d5;21600;INTARIAN_PEPPER_ROOT;11171;15;11167;28;;;11177;15;11179;29;;;11174.0;0.0
yf_ZW=F_d5;21700;ASH_COATED_OSMIUM;9921;14;9918;21;;;9927;7;9929;22;;;9924.0;0.0
yf_ZW=F_d5;21700;INTARIAN_PEPPER_ROOT;11172;11;11170;24;;;11178;10;11181;12;;;11175.0;0.0
yf_ZW=F_d5;21800;ASH_COATED_OSMIUM;9921;15;9918;23;;;9927;16;9930;27;;;9924.0;0.0
yf_ZW=F_d5;21800;INTARIAN_PEPPER_ROOT;11172;14;11168;26;;;11181;18;11184;14;;;11176.5;0.0
yf_ZW=F_d5;21900;ASH_COATED_OSMIUM;9921;17;9917;21;;;9927;13;9931;18;;;9924.0;0.0
yf_ZW=F_d5;21900;INTARIAN_PEPPER_ROOT;11173;16;11170;17;;;11180;19;11184;20;;;11176.5;0.0
yf_ZW=F_d5;22000;ASH_COATED_OSMIUM;9917;19;9914;17;;;9931;19;9935;20;;;9924.0;0.0
yf_ZW=F_d5;22000;INTARIAN_PEPPER_ROOT;11173;19;11169;20;;;11182;15;11186;15;;;11177.5;0.0
yf_ZW=F_d5;22100;ASH_COATED_OSMIUM;9920;18;9917;11;;;9929;14;9932;23;;;9924.5;0.0
yf_ZW=F_d5;22100;INTARIAN_PEPPER_ROOT;11176;5;11174;14;;;11182;12;11185;29;;;11179.0;0.0
yf_ZW=F_d5;22200;ASH_COATED_OSMIUM;9921;17;9917;21;;;9927;18;9930;21;;;9924.0;0.0
yf_ZW=F_d5;22200;INTARIAN_PEPPER_ROOT;11173;10;11171;14;;;11186;15;11190;18;;;11179.5;0.0
yf_ZW=F_d5;22300;ASH_COATED_OSMIUM;9921;20;9918;25;;;9927;18;9931;22;;;9924.0;0.0
yf_ZW=F_d5;22300;INTARIAN_PEPPER_ROOT;11177;15;11175;22;;;11183;7;11186;23;;;11180.0;0.0
yf_ZW=F_d5;22400;ASH_COATED_OSMIUM;9919;14;9917;20;;;9929;20;9933;11;;;9924.0;0.0
yf_ZW=F_d5;22400;INTARIAN_PEPPER_ROOT;11170;11;11168;12;;;11191;13;11195;13;;;11180.5;0.0
yf_ZW=F_d5;22500;ASH_COATED_OSMIUM;9909;14;9906;17;;;9941;13;9945;20;;;9925.0;0.0
yf_ZW=F_d5;22500;INTARIAN_PEPPER_ROOT;11178;20;11175;24;;;11185;11;11188;12;;;11181.5;0.0
yf_ZW=F_d5;22600;ASH_COATED_OSMIUM;9922;16;9919;25;;;9928;20;9931;30;;;9925.0;0.0
yf_ZW=F_d5;22600;INTARIAN_PEPPER_ROOT;11180;19;11176;9;;;11186;22;11189;8;;;11183.0;0.0
yf_ZW=F_d5;22700;ASH_COATED_OSMIUM;9916;17;9912;22;;;9934;12;9938;19;;;9925.0;0.0
yf_ZW=F_d5;22700;INTARIAN_PEPPER_ROOT;11180;8;11177;18;;;11186;15;11189;18;;;11183.0;0.0
yf_ZW=F_d5;22800;ASH_COATED_OSMIUM;9921;12;9917;19;;;9928;12;9931;29;;;9924.5;0.0
yf_ZW=F_d5;22800;INTARIAN_PEPPER_ROOT;11173;14;11171;23;;;11193;12;11195;22;;;11183.0;0.0
yf_ZW=F_d5;22900;ASH_COATED_OSMIUM;9922;17;9920;19;;;9928;15;9932;19;;;9925.0;0.0
yf_ZW=F_d5;22900;INTARIAN_PEPPER_ROOT;11182;13;11178;16;;;11188;17;11191;27;;;11185.0;0.0
yf_ZW=F_d5;23000;ASH_COATED_OSMIUM;9918;13;9914;17;;;9933;16;9936;18;;;9925.5;0.0
yf_ZW=F_d5;23000;INTARIAN_PEPPER_ROOT;11183;20;11179;30;;;11189;19;11191;12;;;11186.0;0.0
yf_ZW=F_d5;23100;ASH_COATED_OSMIUM;9918;24;9914;11;;;9930;16;9934;23;;;9924.0;0.0
yf_ZW=F_d5;23100;INTARIAN_PEPPER_ROOT;11180;25;11178;13;;;11191;11;11195;16;;;11185.5;0.0
yf_ZW=F_d5;23200;ASH_COATED_OSMIUM;9922;17;9919;26;;;9928;20;9930;30;;;9925.0;0.0
yf_ZW=F_d5;23200;INTARIAN_PEPPER_ROOT;11184;15;11180;19;;;11190;15;11192;11;;;11187.0;0.0
yf_ZW=F_d5;23300;ASH_COATED_OSMIUM;9922;14;9920;13;;;9928;16;9930;18;;;9925.0;0.0
yf_ZW=F_d5;23300;INTARIAN_PEPPER_ROOT;11184;22;11181;19;;;11191;21;11195;19;;;11187.5;0.0
yf_ZW=F_d5;23400;ASH_COATED_OSMIUM;9922;6;9919;16;;;9928;22;9932;16;;;9925.0;0.0
yf_ZW=F_d5;23400;INTARIAN_PEPPER_ROOT;11185;17;11181;23;;;11191;10;11194;15;;;11188.0;0.0
yf_ZW=F_d5;23500;ASH_COATED_OSMIUM;9915;14;9913;16;;;9934;16;9937;26;;;9924.5;0.0
yf_ZW=F_d5;23500;INTARIAN_PEPPER_ROOT;11186;19;11184;25;;;11193;12;11197;21;;;11189.5;0.0
yf_ZW=F_d5;23600;ASH_COATED_OSMIUM;9922;17;9919;21;;;9930;13;9932;25;;;9926.0;0.0
yf_ZW=F_d5;23600;INTARIAN_PEPPER_ROOT;11187;13;11185;16;;;11193;24;11197;20;;;11190.0;0.0
yf_ZW=F_d5;23700;ASH_COATED_OSMIUM;9920;12;9916;12;;;9930;8;9933;22;;;9925.0;0.0
yf_ZW=F_d5;23700;INTARIAN_PEPPER_ROOT;11188;7;11186;15;;;11196;13;11200;12;;;11192.0;0.0
yf_ZW=F_d5;23800;ASH_COATED_OSMIUM;9923;5;9921;22;;;9929;26;9932;33;;;9926.0;0.0
yf_ZW=F_d5;23800;INTARIAN_PEPPER_ROOT;11184;9;11180;25;;;11198;19;11202;24;;;11191.0;0.0
yf_ZW=F_d5;23900;ASH_COATED_OSMIUM;9921;10;9918;13;;;9929;18;9933;32;;;9925.0;0.0
yf_ZW=F_d5;23900;INTARIAN_PEPPER_ROOT;11184;17;11182;26;;;11201;17;11203;28;;;11192.5;0.0
yf_ZW=F_d5;24000;ASH_COATED_OSMIUM;9923;15;9920;24;;;9929;23;9932;25;;;9926.0;0.0
yf_ZW=F_d5;24000;INTARIAN_PEPPER_ROOT;11186;11;11183;18;;;11201;7;11205;23;;;11193.5;0.0
yf_ZW=F_d5;24100;ASH_COATED_OSMIUM;9922;15;9918;25;;;9928;11;9931;12;;;9925.0;0.0
yf_ZW=F_d5;24100;INTARIAN_PEPPER_ROOT;11191;21;11189;19;;;11197;19;11201;19;;;11194.0;0.0
yf_ZW=F_d5;24200;ASH_COATED_OSMIUM;9920;13;9916;18;;;9931;5;9933;20;;;9925.5;0.0
yf_ZW=F_d5;24200;INTARIAN_PEPPER_ROOT;11191;5;11188;14;;;11198;19;11202;19;;;11194.5;0.0
yf_ZW=F_d5;24300;ASH_COATED_OSMIUM;9923;15;9920;19;;;9929;5;9932;31;;;9926.0;0.0
yf_ZW=F_d5;24300;INTARIAN_PEPPER_ROOT;11193;12;11189;11;;;11199;11;11203;20;;;11196.0;0.0
yf_ZW=F_d5;24400;ASH_COATED_OSMIUM;9923;17;9919;20;;;9929;21;9931;21;;;9926.0;0.0
yf_ZW=F_d5;24400;INTARIAN_PEPPER_ROOT;11193;13;11189;26;;;11201;15;11204;19;;;11197.0;0.0
yf_ZW=F_d5;24500;ASH_COATED_OSMIUM;9924;23;9922;21;;;9930;18;9932;18;;;9927.0;0.0
yf_ZW=F_d5;24500;INTARIAN_PEPPER_ROOT;11194;12;11192;17;;;11200;13;11203;18;;;11197.0;0.0
yf_ZW=F_d5;24600;ASH_COATED_OSMIUM;9923;15;9921;25;;;9930;17;9934;18;;;9926.5;0.0
yf_ZW=F_d5;24600;INTARIAN_PEPPER_ROOT;11191;17;11187;22;;;11204;11;11208;19;;;11197.5;0.0
yf_ZW=F_d5;24700;ASH_COATED_OSMIUM;9923;7;9921;21;;;9929;13;9932;20;;;9926.0;0.0
yf_ZW=F_d5;24700;INTARIAN_PEPPER_ROOT;11195;20;11192;20;;;11202;13;11204;18;;;11198.5;0.0
yf_ZW=F_d5;24800;ASH_COATED_OSMIUM;9923;18;9920;19;;;9929;16;9932;22;;;9926.0;0.0
yf_ZW=F_d5;24800;INTARIAN_PEPPER_ROOT;11191;8;11188;11;;;11208;12;11212;17;;;11199.5;0.0
yf_ZW=F_d5;24900;ASH_COATED_OSMIUM;9922;17;9919;25;;;9931;14;9934;21;;;9926.5;0.0
yf_ZW=F_d5;24900;INTARIAN_PEPPER_ROOT;11195;21;11192;21;;;11206;19;11208;23;;;11200.5;0.0
yf_ZW=F_d5;25000;ASH_COATED_OSMIUM;9923;13;9920;16;;;9930;14;9933;13;;;9926.5;0.0
yf_ZW=F_d5;25000;INTARIAN_PEPPER_ROOT;11199;12;11195;22;;;11205;5;11207;20;;;11202.0;0.0
yf_ZW=F_d5;25100;ASH_COATED_OSMIUM;9920;15;9918;15;;;9932;19;9936;13;;;9926.0;0.0
yf_ZW=F_d5;25100;INTARIAN_PEPPER_ROOT;11199;10;11195;22;;;11205;15;11209;19;;;11202.0;0.0
yf_ZW=F_d5;25200;ASH_COATED_OSMIUM;9918;11;9916;19;;;9934;20;9936;16;;;9926.0;0.0
yf_ZW=F_d5;25200;INTARIAN_PEPPER_ROOT;11200;17;11197;28;;;11206;17;11209;15;;;11203.0;0.0
yf_ZW=F_d5;25300;ASH_COATED_OSMIUM;9923;12;9919;17;;;9929;5;9932;21;;;9926.0;0.0
yf_ZW=F_d5;25300;INTARIAN_PEPPER_ROOT;11200;8;11198;21;;;11206;6;11210;23;;;11203.0;0.0
yf_ZW=F_d5;25400;ASH_COATED_OSMIUM;9918;5;9915;8;;;9937;10;9941;15;;;9927.5;0.0
yf_ZW=F_d5;25400;INTARIAN_PEPPER_ROOT;11202;15;11200;14;;;11208;18;11212;15;;;11205.0;0.0
yf_ZW=F_d5;25500;ASH_COATED_OSMIUM;9924;14;9920;17;;;9930;10;9932;21;;;9927.0;0.0
yf_ZW=F_d5;25500;INTARIAN_PEPPER_ROOT;11198;10;11195;22;;;11213;13;11216;16;;;11205.5;0.0
yf_ZW=F_d5;25600;ASH_COATED_OSMIUM;9922;19;9918;16;;;9932;13;9934;14;;;9927.0;0.0
yf_ZW=F_d5;25600;INTARIAN_PEPPER_ROOT;11203;12;11199;18;;;11209;13;11212;22;;;11206.0;0.0
yf_ZW=F_d5;25700;ASH_COATED_OSMIUM;9922;17;9918;21;;;9931;5;9935;26;;;9926.5;0.0
yf_ZW=F_d5;25700;INTARIAN_PEPPER_ROOT;11204;8;11200;18;;;11210;7;11213;27;;;11207.0;0.0
yf_ZW=F_d5;25800;ASH_COATED_OSMIUM;9924;18;9922;23;;;9930;16;9932;23;;;9927.0;0.0
yf_ZW=F_d5;25800;INTARIAN_PEPPER_ROOT;11204;14;11200;16;;;11210;17;11212;23;;;11207.0;0.0
yf_ZW=F_d5;25900;ASH_COATED_OSMIUM;9924;20;9922;18;;;9930;21;9932;18;;;9927.0;0.0
yf_ZW=F_d5;25900;INTARIAN_PEPPER_ROOT;11206;21;11204;19;;;11212;12;11214;21;;;11209.0;0.0
yf_ZW=F_d5;26000;ASH_COATED_OSMIUM;9924;12;9922;13;;;9931;7;9933;22;;;9927.5;0.0
yf_ZW=F_d5;26000;INTARIAN_PEPPER_ROOT;11206;19;11202;8;;;11212;14;11216;17;;;11209.0;0.0
yf_ZW=F_d5;26100;ASH_COATED_OSMIUM;9920;9;9918;32;;;9935;15;9938;24;;;9927.5;0.0
yf_ZW=F_d5;26100;INTARIAN_PEPPER_ROOT;11184;6;11182;28;;;11236;19;11239;13;;;11210.0;0.0
yf_ZW=F_d5;26200;ASH_COATED_OSMIUM;9923;13;9921;19;;;9932;11;9934;20;;;9927.5;0.0
yf_ZW=F_d5;26200;INTARIAN_PEPPER_ROOT;11207;18;11203;22;;;11215;7;11217;26;;;11211.0;0.0
yf_ZW=F_d5;26300;ASH_COATED_OSMIUM;9925;12;9921;20;;;9931;17;9933;19;;;9928.0;0.0
yf_ZW=F_d5;26300;INTARIAN_PEPPER_ROOT;11209;22;11207;18;;;11215;20;11217;12;;;11212.0;0.0
yf_ZW=F_d5;26400;ASH_COATED_OSMIUM;9925;22;9923;15;;;9931;16;9934;15;;;9928.0;0.0
yf_ZW=F_d5;26400;INTARIAN_PEPPER_ROOT;11209;14;11207;20;;;11215;21;11217;22;;;11212.0;0.0
yf_ZW=F_d5;26500;ASH_COATED_OSMIUM;9925;8;9923;25;;;9931;9;9935;20;;;9928.0;0.0
yf_ZW=F_d5;26500;INTARIAN_PEPPER_ROOT;11204;16;11200;13;;;11222;14;11226;21;;;11213.0;0.0
yf_ZW=F_d5;26600;ASH_COATED_OSMIUM;9923;20;9920;29;;;9933;14;9936;13;;;9928.0;0.0
yf_ZW=F_d5;26600;INTARIAN_PEPPER_ROOT;11211;14;11208;15;;;11218;22;11222;19;;;11214.5;0.0
yf_ZW=F_d5;26700;ASH_COATED_OSMIUM;9922;17;9920;29;;;9932;12;9934;12;;;9927.0;0.0
yf_ZW=F_d5;26700;INTARIAN_PEPPER_ROOT;11211;19;11208;23;;;11218;16;11221;21;;;11214.5;0.0
yf_ZW=F_d5;26800;ASH_COATED_OSMIUM;9925;13;9921;25;;;9931;13;9934;14;;;9928.0;0.0
yf_ZW=F_d5;26800;INTARIAN_PEPPER_ROOT;11212;19;11210;15;;;11218;10;11222;17;;;11215.0;0.0
yf_ZW=F_d5;26900;ASH_COATED_OSMIUM;9925;14;9922;14;;;9931;18;9935;18;;;9928.0;0.0
yf_ZW=F_d5;26900;INTARIAN_PEPPER_ROOT;11214;11;11212;19;;;11220;14;11223;16;;;11217.0;0.0
yf_ZW=F_d5;27000;ASH_COATED_OSMIUM;9925;16;9922;11;;;9931;19;9935;25;;;9928.0;0.0
yf_ZW=F_d5;27000;INTARIAN_PEPPER_ROOT;11215;16;11212;18;;;11221;21;11224;18;;;11218.0;0.0
yf_ZW=F_d5;27100;ASH_COATED_OSMIUM;9915;20;9911;20;;;9941;9;9945;16;;;9928.0;0.0
yf_ZW=F_d5;27100;INTARIAN_PEPPER_ROOT;11209;13;11207;24;;;11227;13;11229;21;;;11218.0;0.0
yf_ZW=F_d5;27200;ASH_COATED_OSMIUM;9925;6;9922;24;;;9931;15;9933;26;;;9928.0;0.0
yf_ZW=F_d5;27200;INTARIAN_PEPPER_ROOT;11216;16;11213;18;;;11222;18;11226;20;;;11219.0;0.0
yf_ZW=F_d5;27300;ASH_COATED_OSMIUM;9925;12;9921;16;;;9931;16;9934;18;;;9928.0;0.0
yf_ZW=F_d5;27300;INTARIAN_PEPPER_ROOT;11214;13;11212;22;;;11227;10;11229;16;;;11220.5;0.0
yf_ZW=F_d5;27400;ASH_COATED_OSMIUM;9925;19;9923;11;;;9931;11;9935;13;;;9928.0;0.0
yf_ZW=F_d5;27400;INTARIAN_PEPPER_ROOT;11217;7;11213;18;;;11223;21;11227;19;;;11220.0;0.0
yf_ZW=F_d5;27500;ASH_COATED_OSMIUM;9925;22;9923;31;;;9931;13;9934;23;;;9928.0;0.0
yf_ZW=F_d5;27500;INTARIAN_PEPPER_ROOT;11218;15;11216;19;;;11224;12;11228;19;;;11221.0;0.0
yf_ZW=F_d5;27600;ASH_COATED_OSMIUM;9925;12;9923;18;;;9931;19;9933;14;;;9928.0;0.0
yf_ZW=F_d5;27600;INTARIAN_PEPPER_ROOT;11219;22;11215;16;;;11225;15;11229;11;;;11222.0;0.0
yf_ZW=F_d5;27700;ASH_COATED_OSMIUM;9925;10;9921;26;;;9931;19;9935;24;;;9928.0;0.0
yf_ZW=F_d5;27700;INTARIAN_PEPPER_ROOT;11220;22;11216;23;;;11226;18;11228;20;;;11223.0;0.0
yf_ZW=F_d5;27800;ASH_COATED_OSMIUM;9917;18;9915;11;;;9941;15;9945;22;;;9929.0;0.0
yf_ZW=F_d5;27800;INTARIAN_PEPPER_ROOT;11221;19;11218;18;;;11227;21;11231;20;;;11224.0;0.0
yf_ZW=F_d5;27900;ASH_COATED_OSMIUM;9924;17;9922;20;;;9934;13;9938;16;;;9929.0;0.0
yf_ZW=F_d5;27900;INTARIAN_PEPPER_ROOT;11222;12;11220;12;;;11228;10;11232;14;;;11225.0;0.0
yf_ZW=F_d5;28000;ASH_COATED_OSMIUM;9924;13;9922;14;;;9933;18;9935;20;;;9928.5;0.0
yf_ZW=F_d5;28000;INTARIAN_PEPPER_ROOT;11222;8;11220;22;;;11228;7;11230;22;;;11225.0;0.0
yf_ZW=F_d5;28100;ASH_COATED_OSMIUM;9926;13;9922;25;;;9932;5;9934;18;;;9929.0;0.0
yf_ZW=F_d5;28100;INTARIAN_PEPPER_ROOT;11206;17;11204;20;;;11247;16;11251;21;;;11226.5;0.0
yf_ZW=F_d5;28200;ASH_COATED_OSMIUM;9926;16;9923;16;;;9932;17;9934;18;;;9929.0;0.0
yf_ZW=F_d5;28200;INTARIAN_PEPPER_ROOT;11223;16;11221;22;;;11229;15;11232;20;;;11226.0;0.0
yf_ZW=F_d5;28300;ASH_COATED_OSMIUM;9926;16;9922;20;;;9932;21;9934;17;;;9929.0;0.0
yf_ZW=F_d5;28300;INTARIAN_PEPPER_ROOT;11225;5;11221;25;;;11231;11;11234;18;;;11228.0;0.0
yf_ZW=F_d5;28400;ASH_COATED_OSMIUM;9926;15;9923;8;;;9932;15;9934;24;;;9929.0;0.0
yf_ZW=F_d5;28400;INTARIAN_PEPPER_ROOT;11203;8;11199;12;;;11253;8;11255;17;;;11228.0;0.0
yf_ZW=F_d5;28500;ASH_COATED_OSMIUM;9926;8;9922;25;;;9932;21;9936;22;;;9929.0;0.0
yf_ZW=F_d5;28500;INTARIAN_PEPPER_ROOT;11221;11;11217;17;;;11238;13;11242;21;;;11229.5;0.0
yf_ZW=F_d5;28600;ASH_COATED_OSMIUM;9926;13;9923;16;;;9932;13;9935;19;;;9929.0;0.0
yf_ZW=F_d5;28600;INTARIAN_PEPPER_ROOT;11228;5;11225;23;;;11234;10;11238;22;;;11231.0;0.0
yf_ZW=F_d5;28700;ASH_COATED_OSMIUM;9926;14;9924;27;;;9932;19;9935;20;;;9929.0;0.0
yf_ZW=F_d5;28700;INTARIAN_PEPPER_ROOT;11227;17;11223;21;;;11235;21;11239;23;;;11231.0;0.0
yf_ZW=F_d5;28800;ASH_COATED_OSMIUM;9927;10;9923;13;;;9933;21;9935;14;;;9930.0;0.0
yf_ZW=F_d5;28800;INTARIAN_PEPPER_ROOT;11227;10;11225;12;;;11235;12;11238;21;;;11231.0;0.0
yf_ZW=F_d5;28900;ASH_COATED_OSMIUM;9927;26;9925;19;;;9933;11;9935;23;;;9930.0;0.0
yf_ZW=F_d5;28900;INTARIAN_PEPPER_ROOT;11229;18;11227;27;;;11236;21;11240;13;;;11232.5;0.0
yf_ZW=F_d5;29000;ASH_COATED_OSMIUM;9927;11;9923;14;;;9933;10;9936;21;;;9930.0;0.0
yf_ZW=F_d5;29000;INTARIAN_PEPPER_ROOT;11226;9;11222;21;;;11241;17;11245;23;;;11233.5;0.0
yf_ZW=F_d5;29100;ASH_COATED_OSMIUM;9925;12;9922;12;;;9935;16;9937;25;;;9930.0;0.0
yf_ZW=F_d5;29100;INTARIAN_PEPPER_ROOT;11228;15;11226;10;;;11240;16;11244;28;;;11234.0;0.0
yf_ZW=F_d5;29200;ASH_COATED_OSMIUM;9927;10;9924;21;;;9933;16;9936;17;;;9930.0;0.0
yf_ZW=F_d5;29200;INTARIAN_PEPPER_ROOT;11232;18;11230;23;;;11238;16;11241;16;;;11235.0;0.0
yf_ZW=F_d5;29300;ASH_COATED_OSMIUM;9926;6;9922;16;;;9932;22;9934;21;;;9929.0;0.0
yf_ZW=F_d5;29300;INTARIAN_PEPPER_ROOT;11228;18;11225;22;;;11243;13;11247;17;;;11235.5;0.0
yf_ZW=F_d5;29400;ASH_COATED_OSMIUM;9925;5;9921;17;;;9934;15;9937;18;;;9929.5;0.0
yf_ZW=F_d5;29400;INTARIAN_PEPPER_ROOT;11230;9;11228;12;;;11242;12;11245;20;;;11236.0;0.0
yf_ZW=F_d5;29500;ASH_COATED_OSMIUM;9927;16;9923;19;;;9933;21;9937;19;;;9930.0;0.0
yf_ZW=F_d5;29500;INTARIAN_PEPPER_ROOT;11234;13;11230;28;;;11240;16;11244;20;;;11237.0;0.0
yf_ZW=F_d5;29600;ASH_COATED_OSMIUM;9924;23;9922;23;;;9936;6;9938;22;;;9930.0;0.0
yf_ZW=F_d5;29600;INTARIAN_PEPPER_ROOT;11235;16;11231;16;;;11241;8;11244;18;;;11238.0;0.0
yf_ZW=F_d5;29700;ASH_COATED_OSMIUM;9916;9;9912;13;;;9943;12;9946;19;;;9929.5;0.0
yf_ZW=F_d5;29700;INTARIAN_PEPPER_ROOT;11235;16;11231;27;;;11241;24;11245;14;;;11238.0;0.0
yf_ZW=F_d5;29800;ASH_COATED_OSMIUM;9927;16;9923;20;;;9933;27;9935;29;;;9930.0;0.0
yf_ZW=F_d5;29800;INTARIAN_PEPPER_ROOT;11236;15;11233;26;;;11242;14;11246;21;;;11239.0;0.0
yf_ZW=F_d5;29900;ASH_COATED_OSMIUM;9910;16;9908;14;;;9950;14;9954;15;;;9930.0;0.0
yf_ZW=F_d5;29900;INTARIAN_PEPPER_ROOT;11232;9;11229;29;;;11249;14;11253;10;;;11240.5;0.0
yf_ZW=F_d5;30000;ASH_COATED_OSMIUM;9927;20;9923;20;;;9933;10;9937;15;;;9930.0;0.0
yf_ZW=F_d5;30000;INTARIAN_PEPPER_ROOT;11238;11;11235;16;;;11244;13;11248;16;;;11241.0;0.0
yf_ZW=F_d5;30100;ASH_COATED_OSMIUM;9927;10;9924;15;;;9933;14;9935;22;;;9930.0;0.0
yf_ZW=F_d5;30100;INTARIAN_PEPPER_ROOT;11236;7;11232;14;;;11247;15;11249;19;;;11241.5;0.0
yf_ZW=F_d5;30200;ASH_COATED_OSMIUM;9927;8;9925;25;;;9933;24;9937;13;;;9930.0;0.0
yf_ZW=F_d5;30200;INTARIAN_PEPPER_ROOT;11238;18;11234;21;;;11248;16;11250;21;;;11243.0;0.0
yf_ZW=F_d5;30300;ASH_COATED_OSMIUM;9928;28;9924;25;;;9934;15;9938;21;;;9931.0;0.0
yf_ZW=F_d5;30300;INTARIAN_PEPPER_ROOT;11238;12;11234;18;;;11249;17;11252;25;;;11243.5;0.0
yf_ZW=F_d5;30400;ASH_COATED_OSMIUM;9927;13;9923;13;;;9934;23;9937;19;;;9930.5;0.0
yf_ZW=F_d5;30400;INTARIAN_PEPPER_ROOT;11237;14;11235;22;;;11252;10;11255;10;;;11244.5;0.0
yf_ZW=F_d5;30500;ASH_COATED_OSMIUM;9927;16;9924;14;;;9934;17;9937;21;;;9930.5;0.0
yf_ZW=F_d5;30500;INTARIAN_PEPPER_ROOT;11238;17;11235;22;;;11251;14;11255;14;;;11244.5;0.0
yf_ZW=F_d5;30600;ASH_COATED_OSMIUM;9922;22;9919;26;;;9940;19;9942;17;;;9931.0;0.0
yf_ZW=F_d5;30600;INTARIAN_PEPPER_ROOT;11243;13;11240;22;;;11250;12;11254;19;;;11246.5;0.0
yf_ZW=F_d5;30700;ASH_COATED_OSMIUM;9928;17;9925;20;;;9934;15;9936;18;;;9931.0;0.0
yf_ZW=F_d5;30700;INTARIAN_PEPPER_ROOT;11243;21;11239;13;;;11249;16;11252;13;;;11246.0;0.0
yf_ZW=F_d5;30800;ASH_COATED_OSMIUM;9928;7;9924;23;;;9934;10;9937;21;;;9931.0;0.0
yf_ZW=F_d5;30800;INTARIAN_PEPPER_ROOT;11241;13;11237;14;;;11255;11;11259;23;;;11248.0;0.0
yf_ZW=F_d5;30900;ASH_COATED_OSMIUM;9928;12;9924;24;;;9934;11;9937;24;;;9931.0;0.0
yf_ZW=F_d5;30900;INTARIAN_PEPPER_ROOT;11246;18;11243;29;;;11252;9;11255;10;;;11249.0;0.0
yf_ZW=F_d5;31000;ASH_COATED_OSMIUM;9927;16;9925;16;;;9933;22;9937;15;;;9930.0;0.0
yf_ZW=F_d5;31000;INTARIAN_PEPPER_ROOT;11242;18;11240;16;;;11256;14;11259;27;;;11249.0;0.0
yf_ZW=F_d5;31100;ASH_COATED_OSMIUM;9927;20;9924;15;;;9935;20;9938;19;;;9931.0;0.0
yf_ZW=F_d5;31100;INTARIAN_PEPPER_ROOT;11246;19;11242;20;;;11252;14;11256;22;;;11249.0;0.0
yf_ZW=F_d5;31200;ASH_COATED_OSMIUM;9915;17;9913;15;;;9948;17;9950;17;;;9931.5;0.0
yf_ZW=F_d5;31200;INTARIAN_PEPPER_ROOT;11247;21;11245;16;;;11253;15;11257;21;;;11250.0;0.0
yf_ZW=F_d5;31300;ASH_COATED_OSMIUM;9928;15;9926;22;;;9934;17;9938;24;;;9931.0;0.0
yf_ZW=F_d5;31300;INTARIAN_PEPPER_ROOT;11247;15;11245;16;;;11257;8;11260;25;;;11252.0;0.0
yf_ZW=F_d5;31400;ASH_COATED_OSMIUM;9922;26;9920;13;;;9942;15;9946;20;;;9932.0;0.0
yf_ZW=F_d5;31400;INTARIAN_PEPPER_ROOT;11249;11;11246;12;;;11255;9;11259;20;;;11252.0;0.0
yf_ZW=F_d5;31500;ASH_COATED_OSMIUM;9928;8;9925;20;;;9934;5;9937;17;;;9931.0;0.0
yf_ZW=F_d5;31500;INTARIAN_PEPPER_ROOT;11245;10;11241;16;;;11261;8;11265;25;;;11253.0;0.0
yf_ZW=F_d5;31600;ASH_COATED_OSMIUM;9924;10;9921;21;;;9940;15;9943;22;;;9932.0;0.0
yf_ZW=F_d5;31600;INTARIAN_PEPPER_ROOT;11251;16;11247;24;;;11257;14;11261;16;;;11254.0;0.0
yf_ZW=F_d5;31700;ASH_COATED_OSMIUM;9928;13;9926;20;;;9934;7;9937;21;;;9931.0;0.0
yf_ZW=F_d5;31700;INTARIAN_PEPPER_ROOT;11252;15;11249;21;;;11258;18;11261;19;;;11255.0;0.0
yf_ZW=F_d5;31800;ASH_COATED_OSMIUM;9928;15;9926;21;;;9934;17;9937;20;;;9931.0;0.0
yf_ZW=F_d5;31800;INTARIAN_PEPPER_ROOT;11253;18;11249;12;;;11259;10;11261;26;;;11256.0;0.0
yf_ZW=F_d5;31900;ASH_COATED_OSMIUM;9923;20;9919;13;;;9942;14;9945;21;;;9932.5;0.0
yf_ZW=F_d5;31900;INTARIAN_PEPPER_ROOT;11252;5;11248;13;;;11260;10;11262;19;;;11256.0;0.0
yf_ZW=F_d5;32000;ASH_COATED_OSMIUM;9928;19;9924;12;;;9934;20;9938;15;;;9931.0;0.0
yf_ZW=F_d5;32000;INTARIAN_PEPPER_ROOT;11254;15;11252;30;;;11260;16;11263;11;;;11257.0;0.0
yf_ZW=F_d5;32100;ASH_COATED_OSMIUM;9928;15;9925;24;;;9934;11;9937;27;;;9931.0;0.0
yf_ZW=F_d5;32100;INTARIAN_PEPPER_ROOT;11241;15;11237;24;;;11274;22;11278;15;;;11257.5;0.0
yf_ZW=F_d5;32200;ASH_COATED_OSMIUM;9923;16;9919;19;;;9941;8;9943;22;;;9932.0;0.0
yf_ZW=F_d5;32200;INTARIAN_PEPPER_ROOT;11255;18;11251;17;;;11261;30;11265;17;;;11258.0;0.0
yf_ZW=F_d5;32300;ASH_COATED_OSMIUM;9918;11;9916;18;;;9945;17;9948;30;;;9931.5;0.0
yf_ZW=F_d5;32300;INTARIAN_PEPPER_ROOT;11249;19;11246;14;;;11269;16;11273;18;;;11259.0;0.0
yf_ZW=F_d5;32400;ASH_COATED_OSMIUM;9929;12;9926;20;;;9935;15;9938;21;;;9932.0;0.0
yf_ZW=F_d5;32400;INTARIAN_PEPPER_ROOT;11257;27;11253;12;;;11263;15;11265;12;;;11260.0;0.0
yf_ZW=F_d5;32500;ASH_COATED_OSMIUM;9928;18;9926;14;;;9936;19;9938;17;;;9932.0;0.0
yf_ZW=F_d5;32500;INTARIAN_PEPPER_ROOT;11256;18;11254;24;;;11266;12;11269;27;;;11261.0;0.0
yf_ZW=F_d5;32600;ASH_COATED_OSMIUM;9928;10;9926;18;;;9936;23;9940;17;;;9932.0;0.0
yf_ZW=F_d5;32600;INTARIAN_PEPPER_ROOT;11258;10;11256;20;;;11266;16;11270;17;;;11262.0;0.0
yf_ZW=F_d5;32700;ASH_COATED_OSMIUM;9929;25;9927;32;;;9935;17;9939;20;;;9932.0;0.0
yf_ZW=F_d5;32700;INTARIAN_PEPPER_ROOT;11260;9;11258;20;;;11266;18;11269;19;;;11263.0;0.0
yf_ZW=F_d5;32800;ASH_COATED_OSMIUM;9924;17;9922;21;;;9940;13;9942;24;;;9932.0;0.0
yf_ZW=F_d5;32800;INTARIAN_PEPPER_ROOT;11260;6;11256;27;;;11266;11;11268;28;;;11263.0;0.0
yf_ZW=F_d5;32900;ASH_COATED_OSMIUM;9929;5;9927;22;;;9937;12;9940;32;;;9933.0;0.0
yf_ZW=F_d5;32900;INTARIAN_PEPPER_ROOT;11261;5;11259;11;;;11267;13;11271;14;;;11264.0;0.0
yf_ZW=F_d5;33000;ASH_COATED_OSMIUM;9930;13;9926;14;;;9936;15;9938;13;;;9933.0;0.0
yf_ZW=F_d5;33000;INTARIAN_PEPPER_ROOT;11262;19;11259;17;;;11268;12;11272;21;;;11265.0;0.0
yf_ZW=F_d5;33100;ASH_COATED_OSMIUM;9924;11;9921;18;;;9941;16;9943;21;;;9932.5;0.0
yf_ZW=F_d5;33100;INTARIAN_PEPPER_ROOT;11262;20;11258;16;;;11268;16;11272;19;;;11265.0;0.0
yf_ZW=F_d5;33200;ASH_COATED_OSMIUM;9930;8;9926;12;;;9936;9;9939;17;;;9933.0;0.0
yf_ZW=F_d5;33200;INTARIAN_PEPPER_ROOT;11263;5;11259;35;;;11272;14;11274;13;;;11267.5;0.0
yf_ZW=F_d5;33300;ASH_COATED_OSMIUM;9929;21;9925;15;;;9935;14;9937;19;;;9932.0;0.0
yf_ZW=F_d5;33300;INTARIAN_PEPPER_ROOT;11264;14;11262;19;;;11270;22;11273;17;;;11267.0;0.0
yf_ZW=F_d5;33400;ASH_COATED_OSMIUM;9928;5;9925;30;;;9938;18;9941;22;;;9933.0;0.0
yf_ZW=F_d5;33400;INTARIAN_PEPPER_ROOT;11263;18;11261;17;;;11274;19;11276;28;;;11268.5;0.0
yf_ZW=F_d5;33500;ASH_COATED_OSMIUM;9930;16;9928;8;;;9936;15;9938;21;;;9933.0;0.0
yf_ZW=F_d5;33500;INTARIAN_PEPPER_ROOT;11264;18;11260;21;;;11274;14;11277;24;;;11269.0;0.0
yf_ZW=F_d5;33600;ASH_COATED_OSMIUM;9929;23;9927;17;;;9937;15;9939;23;;;9933.0;0.0
yf_ZW=F_d5;33600;INTARIAN_PEPPER_ROOT;11266;15;11264;17;;;11274;5;11277;12;;;11270.0;0.0
yf_ZW=F_d5;33700;ASH_COATED_OSMIUM;9930;14;9926;13;;;9936;23;9938;22;;;9933.0;0.0
yf_ZW=F_d5;33700;INTARIAN_PEPPER_ROOT;11268;13;11266;15;;;11274;22;11276;23;;;11271.0;0.0
yf_ZW=F_d5;33800;ASH_COATED_OSMIUM;9929;12;9925;16;;;9936;17;9938;27;;;9932.5;0.0
yf_ZW=F_d5;33800;INTARIAN_PEPPER_ROOT;11268;11;11266;20;;;11275;17;11278;26;;;11271.5;0.0
yf_ZW=F_d5;33900;ASH_COATED_OSMIUM;9926;15;9924;13;;;9941;24;9943;22;;;9933.5;0.0
yf_ZW=F_d5;33900;INTARIAN_PEPPER_ROOT;11260;13;11256;25;;;11284;13;11288;14;;;11272.0;0.0
yf_ZW=F_d5;34000;ASH_COATED_OSMIUM;9929;12;9926;22;;;9935;10;9938;14;;;9932.0;0.0
yf_ZW=F_d5;34000;INTARIAN_PEPPER_ROOT;11268;21;11264;16;;;11274;18;11278;27;;;11271.0;0.0
yf_ZW=F_d5;34100;ASH_COATED_OSMIUM;9930;13;9927;15;;;9936;13;9940;19;;;9933.0;0.0
yf_ZW=F_d5;34100;INTARIAN_PEPPER_ROOT;11265;15;11263;23;;;11274;12;11277;23;;;11269.5;0.0
yf_ZW=F_d5;34200;ASH_COATED_OSMIUM;9930;11;9927;17;;;9936;21;9938;20;;;9933.0;0.0
yf_ZW=F_d5;34200;INTARIAN_PEPPER_ROOT;11265;17;11261;22;;;11271;8;11273;19;;;11268.0;0.0
yf_ZW=F_d5;34300;ASH_COATED_OSMIUM;9931;17;9927;19;;;9937;20;9941;27;;;9934.0;0.0
yf_ZW=F_d5;34300;INTARIAN_PEPPER_ROOT;11265;12;11263;17;;;11271;13;11275;26;;;11268.0;0.0
yf_ZW=F_d5;34400;ASH_COATED_OSMIUM;9930;13;9928;17;;;9936;14;9939;24;;;9933.0;0.0
yf_ZW=F_d5;34400;INTARIAN_PEPPER_ROOT;11264;11;11261;23;;;11270;13;11274;27;;;11267.0;0.0
yf_ZW=F_d5;34500;ASH_COATED_OSMIUM;9929;7;9927;15;;;9938;20;9942;8;;;9933.5;0.0
yf_ZW=F_d5;34500;INTARIAN_PEPPER_ROOT;11263;14;11260;19;;;11269;19;11271;20;;;11266.0;0.0
yf_ZW=F_d5;34600;ASH_COATED_OSMIUM;9930;15;9927;28;;;9936;19;9938;20;;;9933.0;0.0
yf_ZW=F_d5;34600;INTARIAN_PEPPER_ROOT;11262;20;11259;8;;;11268;14;11270;20;;;11265.0;0.0
yf_ZW=F_d5;34700;ASH_COATED_OSMIUM;9931;19;9928;27;;;9937;12;9941;15;;;9934.0;0.0
yf_ZW=F_d5;34700;INTARIAN_PEPPER_ROOT;11260;14;11258;30;;;11266;19;11268;28;;;11263.0;0.0
yf_ZW=F_d5;34800;ASH_COATED_OSMIUM;9930;10;9926;13;;;9936;19;9938;17;;;9933.0;0.0
yf_ZW=F_d5;34800;INTARIAN_PEPPER_ROOT;11255;6;11253;15;;;11268;10;11272;15;;;11261.5;0.0
yf_ZW=F_d5;34900;ASH_COATED_OSMIUM;9930;15;9927;27;;;9936;13;9940;21;;;9933.0;0.0
yf_ZW=F_d5;34900;INTARIAN_PEPPER_ROOT;11258;13;11255;13;;;11264;21;11266;20;;;11261.0;0.0
yf_ZW=F_d5;35000;ASH_COATED_OSMIUM;9929;14;9926;17;;;9940;12;9943;20;;;9934.5;0.0
yf_ZW=F_d5;35000;INTARIAN_PEPPER_ROOT;11257;9;11255;27;;;11263;9;11266;25;;;11260.0;0.0
yf_ZW=F_d5;35100;ASH_COATED_OSMIUM;9931;19;9929;15;;;9937;14;9940;8;;;9934.0;0.0
yf_ZW=F_d5;35100;INTARIAN_PEPPER_ROOT;11254;9;11252;11;;;11264;10;11268;22;;;11259.0;0.0
yf_ZW=F_d5;35200;ASH_COATED_OSMIUM;9931;18;9927;8;;;9937;10;9939;19;;;9934.0;0.0
yf_ZW=F_d5;35200;INTARIAN_PEPPER_ROOT;11255;15;11253;31;;;11261;25;11264;15;;;11258.0;0.0
yf_ZW=F_d5;35300;ASH_COATED_OSMIUM;9932;16;9928;20;;;9938;17;9940;24;;;9935.0;0.0
yf_ZW=F_d5;35300;INTARIAN_PEPPER_ROOT;11238;21;11236;16;;;11276;8;11278;25;;;11257.0;0.0
yf_ZW=F_d5;35400;ASH_COATED_OSMIUM;9930;22;9927;23;;;9940;7;9942;17;;;9935.0;0.0
yf_ZW=F_d5;35400;INTARIAN_PEPPER_ROOT;11251;15;11248;10;;;11259;8;11261;8;;;11255.0;0.0
yf_ZW=F_d5;35500;ASH_COATED_OSMIUM;9931;13;9927;15;;;9937;26;9939;24;;;9934.0;0.0
yf_ZW=F_d5;35500;INTARIAN_PEPPER_ROOT;11237;13;11233;14;;;11271;16;11274;8;;;11254.0;0.0
yf_ZW=F_d5;35600;ASH_COATED_OSMIUM;9925;8;9921;17;;;9944;18;9948;20;;;9934.5;0.0
yf_ZW=F_d5;35600;INTARIAN_PEPPER_ROOT;11250;15;11247;17;;;11257;17;11260;18;;;11253.5;0.0
yf_ZW=F_d5;35700;ASH_COATED_OSMIUM;9929;14;9925;10;;;9941;16;9943;8;;;9935.0;0.0
yf_ZW=F_d5;35700;INTARIAN_PEPPER_ROOT;11223;20;11221;25;;;11282;17;11285;23;;;11252.5;0.0
yf_ZW=F_d5;35800;ASH_COATED_OSMIUM;9932;17;9929;29;;;9938;15;9941;25;;;9935.0;0.0
yf_ZW=F_d5;35800;INTARIAN_PEPPER_ROOT;11249;18;11246;11;;;11255;18;11258;15;;;11252.0;0.0
yf_ZW=F_d5;35900;ASH_COATED_OSMIUM;9922;19;9919;19;;;9947;18;9949;17;;;9934.5;0.0
yf_ZW=F_d5;35900;INTARIAN_PEPPER_ROOT;11247;8;11244;23;;;11253;11;11256;23;;;11250.0;0.0
yf_ZW=F_d5;36000;ASH_COATED_OSMIUM;9930;18;9926;24;;;9939;19;9941;21;;;9934.5;0.0
yf_ZW=F_d5;36000;INTARIAN_PEPPER_ROOT;11241;15;11237;19;;;11258;16;11261;23;;;11249.5;0.0
yf_ZW=F_d5;36100;ASH_COATED_OSMIUM;9922;19;9919;27;;;9948;11;9951;20;;;9935.0;0.0
yf_ZW=F_d5;36100;INTARIAN_PEPPER_ROOT;11244;22;11242;18;;;11253;12;11257;26;;;11248.5;0.0
yf_ZW=F_d5;36200;ASH_COATED_OSMIUM;9932;12;9930;30;;;9938;16;9940;19;;;9935.0;0.0
yf_ZW=F_d5;36200;INTARIAN_PEPPER_ROOT;11244;10;11241;18;;;11250;17;11254;32;;;11247.0;0.0
yf_ZW=F_d5;36300;ASH_COATED_OSMIUM;9932;25;9930;22;;;9938;20;9940;15;;;9935.0;0.0
yf_ZW=F_d5;36300;INTARIAN_PEPPER_ROOT;11241;13;11238;21;;;11250;16;11254;20;;;11245.5;0.0
yf_ZW=F_d5;36400;ASH_COATED_OSMIUM;9930;7;9927;16;;;9940;16;9944;21;;;9935.0;0.0
yf_ZW=F_d5;36400;INTARIAN_PEPPER_ROOT;11242;10;11238;14;;;11248;16;11250;20;;;11245.0;0.0
yf_ZW=F_d5;36500;ASH_COATED_OSMIUM;9931;15;9927;16;;;9940;13;9943;15;;;9935.5;0.0
yf_ZW=F_d5;36500;INTARIAN_PEPPER_ROOT;11240;5;11237;23;;;11246;18;11249;13;;;11243.0;0.0
yf_ZW=F_d5;36600;ASH_COATED_OSMIUM;9932;12;9928;19;;;9938;20;9941;19;;;9935.0;0.0
yf_ZW=F_d5;36600;INTARIAN_PEPPER_ROOT;11240;16;11237;26;;;11247;18;11251;20;;;11243.5;0.0
yf_ZW=F_d5;36700;ASH_COATED_OSMIUM;9932;11;9929;28;;;9940;16;9942;24;;;9936.0;0.0
yf_ZW=F_d5;36700;INTARIAN_PEPPER_ROOT;11238;17;11236;21;;;11246;13;11248;15;;;11242.0;0.0
yf_ZW=F_d5;36800;ASH_COATED_OSMIUM;9932;27;9929;19;;;9938;14;9942;15;;;9935.0;0.0
yf_ZW=F_d5;36800;INTARIAN_PEPPER_ROOT;11228;16;11224;21;;;11253;10;11255;20;;;11240.5;0.0
yf_ZW=F_d5;36900;ASH_COATED_OSMIUM;9933;16;9929;26;;;9939;22;9942;22;;;9936.0;0.0
yf_ZW=F_d5;36900;INTARIAN_PEPPER_ROOT;11237;20;11235;27;;;11243;7;11247;19;;;11240.0;0.0
yf_ZW=F_d5;37000;ASH_COATED_OSMIUM;9932;17;9928;15;;;9938;5;9942;22;;;9935.0;0.0
yf_ZW=F_d5;37000;INTARIAN_PEPPER_ROOT;11236;23;11234;25;;;11242;12;11245;17;;;11239.0;0.0
yf_ZW=F_d5;37100;ASH_COATED_OSMIUM;9925;13;9922;16;;;9947;16;9950;18;;;9936.0;0.0
yf_ZW=F_d5;37100;INTARIAN_PEPPER_ROOT;11230;17;11228;22;;;11244;13;11247;34;;;11237.0;0.0
yf_ZW=F_d5;37200;ASH_COATED_OSMIUM;9932;6;9930;18;;;9938;19;9942;12;;;9935.0;0.0
yf_ZW=F_d5;37200;INTARIAN_PEPPER_ROOT;11234;17;11231;8;;;11240;18;11244;17;;;11237.0;0.0
yf_ZW=F_d5;37300;ASH_COATED_OSMIUM;9932;6;9929;22;;;9939;14;9943;22;;;9935.5;0.0
yf_ZW=F_d5;37300;INTARIAN_PEPPER_ROOT;11232;17;11228;31;;;11238;17;11240;24;;;11235.0;0.0
yf_ZW=F_d5;37400;ASH_COATED_OSMIUM;9933;5;9929;28;;;9939;21;9941;10;;;9936.0;0.0
yf_ZW=F_d5;37400;INTARIAN_PEPPER_ROOT;11231;17;11227;28;;;11237;6;11240;19;;;11234.0;0.0
yf_ZW=F_d5;37500;ASH_COATED_OSMIUM;9933;5;9930;19;;;9939;7;9942;19;;;9936.0;0.0
yf_ZW=F_d5;37500;INTARIAN_PEPPER_ROOT;11230;13;11227;22;;;11236;11;11238;22;;;11233.0;0.0
yf_ZW=F_d5;37600;ASH_COATED_OSMIUM;9927;17;9923;17;;;9945;16;9947;9;;;9936.0;0.0
yf_ZW=F_d5;37600;INTARIAN_PEPPER_ROOT;11229;13;11225;10;;;11235;16;11237;16;;;11232.0;0.0
yf_ZW=F_d5;37700;ASH_COATED_OSMIUM;9933;24;9929;13;;;9939;14;9943;18;;;9936.0;0.0
yf_ZW=F_d5;37700;INTARIAN_PEPPER_ROOT;11228;16;11225;15;;;11234;6;11236;26;;;11231.0;0.0
yf_ZW=F_d5;37800;ASH_COATED_OSMIUM;9933;11;9931;23;;;9940;10;9942;14;;;9936.5;0.0
yf_ZW=F_d5;37800;INTARIAN_PEPPER_ROOT;11226;7;11223;8;;;11232;7;11235;21;;;11229.0;0.0
yf_ZW=F_d5;37900;ASH_COATED_OSMIUM;9931;15;9927;23;;;9942;22;9944;18;;;9936.5;0.0
yf_ZW=F_d5;37900;INTARIAN_PEPPER_ROOT;11223;11;11221;26;;;11236;14;11240;21;;;11229.5;0.0
yf_ZW=F_d5;38000;ASH_COATED_OSMIUM;9934;18;9931;20;;;9940;18;9942;18;;;9937.0;0.0
yf_ZW=F_d5;38000;INTARIAN_PEPPER_ROOT;11222;19;11218;29;;;11233;24;11236;12;;;11227.5;0.0
yf_ZW=F_d5;38100;ASH_COATED_OSMIUM;9934;10;9931;31;;;9940;13;9943;20;;;9937.0;0.0
yf_ZW=F_d5;38100;INTARIAN_PEPPER_ROOT;11222;18;11220;8;;;11231;10;11233;13;;;11226.5;0.0
yf_ZW=F_d5;38200;ASH_COATED_OSMIUM;9933;16;9931;26;;;9939;9;9942;27;;;9936.0;0.0
yf_ZW=F_d5;38200;INTARIAN_PEPPER_ROOT;11223;7;11219;15;;;11229;13;11231;14;;;11226.0;0.0
yf_ZW=F_d5;38300;ASH_COATED_OSMIUM;9928;15;9925;10;;;9945;11;9947;22;;;9936.5;0.0
yf_ZW=F_d5;38300;INTARIAN_PEPPER_ROOT;11217;14;11213;26;;;11232;17;11234;21;;;11224.5;0.0
yf_ZW=F_d5;38400;ASH_COATED_OSMIUM;9934;14;9930;17;;;9940;5;9943;18;;;9937.0;0.0
yf_ZW=F_d5;38400;INTARIAN_PEPPER_ROOT;11220;9;11217;23;;;11226;11;11229;16;;;11223.0;0.0
yf_ZW=F_d5;38500;ASH_COATED_OSMIUM;9933;17;9930;18;;;9941;18;9943;27;;;9937.0;0.0
yf_ZW=F_d5;38500;INTARIAN_PEPPER_ROOT;11219;20;11217;14;;;11225;9;11228;24;;;11222.0;0.0
yf_ZW=F_d5;38600;ASH_COATED_OSMIUM;9929;9;9927;23;;;9945;21;9949;27;;;9937.0;0.0
yf_ZW=F_d5;38600;INTARIAN_PEPPER_ROOT;11218;11;11215;18;;;11224;24;11228;19;;;11221.0;0.0
yf_ZW=F_d5;38700;ASH_COATED_OSMIUM;9932;11;9928;17;;;9943;21;9945;15;;;9937.5;0.0
yf_ZW=F_d5;38700;INTARIAN_PEPPER_ROOT;11212;17;11208;15;;;11227;19;11229;8;;;11219.5;0.0
yf_ZW=F_d5;38800;ASH_COATED_OSMIUM;9930;15;9928;16;;;9944;8;9946;20;;;9937.0;0.0
yf_ZW=F_d5;38800;INTARIAN_PEPPER_ROOT;11213;15;11209;19;;;11223;18;11226;18;;;11218.0;0.0
yf_ZW=F_d5;38900;ASH_COATED_OSMIUM;9934;21;9932;16;;;9940;22;9942;22;;;9937.0;0.0
yf_ZW=F_d5;38900;INTARIAN_PEPPER_ROOT;11215;19;11212;26;;;11221;17;11223;25;;;11218.0;0.0
yf_ZW=F_d5;39000;ASH_COATED_OSMIUM;9933;15;9931;24;;;9942;18;9944;16;;;9937.5;0.0
yf_ZW=F_d5;39000;INTARIAN_PEPPER_ROOT;11214;14;11210;21;;;11220;14;11223;12;;;11217.0;0.0
yf_ZW=F_d5;39100;ASH_COATED_OSMIUM;9935;11;9932;27;;;9941;7;9945;20;;;9938.0;0.0
yf_ZW=F_d5;39100;INTARIAN_PEPPER_ROOT;11212;18;11209;25;;;11220;18;11224;18;;;11216.0;0.0
yf_ZW=F_d5;39200;ASH_COATED_OSMIUM;9930;12;9926;15;;;9945;16;9949;21;;;9937.5;0.0
yf_ZW=F_d5;39200;INTARIAN_PEPPER_ROOT;11210;11;11207;23;;;11219;8;11223;26;;;11214.5;0.0
yf_ZW=F_d5;39300;ASH_COATED_OSMIUM;9930;11;9928;18;;;9946;11;9948;17;;;9938.0;0.0
yf_ZW=F_d5;39300;INTARIAN_PEPPER_ROOT;11208;16;11204;21;;;11218;19;11222;20;;;11213.0;0.0
yf_ZW=F_d5;39400;ASH_COATED_OSMIUM;9930;9;9927;14;;;9943;12;9947;20;;;9936.5;0.0
yf_ZW=F_d5;39400;INTARIAN_PEPPER_ROOT;11210;12;11207;21;;;11216;7;11219;19;;;11213.0;0.0
yf_ZW=F_d5;39500;ASH_COATED_OSMIUM;9933;8;9930;25;;;9942;11;9945;15;;;9937.5;0.0
yf_ZW=F_d5;39500;INTARIAN_PEPPER_ROOT;11205;7;11201;20;;;11217;10;11221;19;;;11211.0;0.0
yf_ZW=F_d5;39600;ASH_COATED_OSMIUM;9928;17;9924;21;;;9948;11;9951;26;;;9938.0;0.0
yf_ZW=F_d5;39600;INTARIAN_PEPPER_ROOT;11207;21;11203;21;;;11213;16;11215;26;;;11210.0;0.0
yf_ZW=F_d5;39700;ASH_COATED_OSMIUM;9935;20;9933;23;;;9941;11;9944;18;;;9938.0;0.0
yf_ZW=F_d5;39700;INTARIAN_PEPPER_ROOT;11197;5;11194;28;;;11222;15;11224;19;;;11209.5;0.0
yf_ZW=F_d5;39800;ASH_COATED_OSMIUM;9934;20;9931;24;;;9942;14;9946;14;;;9938.0;0.0
yf_ZW=F_d5;39800;INTARIAN_PEPPER_ROOT;11199;13;11196;15;;;11218;15;11222;28;;;11208.5;0.0
yf_ZW=F_d5;39900;ASH_COATED_OSMIUM;9923;18;9921;19;;;9952;16;9954;19;;;9937.5;0.0
yf_ZW=F_d5;39900;INTARIAN_PEPPER_ROOT;11204;13;11202;26;;;11210;9;11214;24;;;11207.0;0.0
yf_ZW=F_d5;40000;ASH_COATED_OSMIUM;9935;16;9931;18;;;9941;13;9944;15;;;9938.0;0.0
yf_ZW=F_d5;40000;INTARIAN_PEPPER_ROOT;11198;21;11194;23;;;11213;5;11217;18;;;11205.5;0.0
yf_ZW=F_d5;40100;ASH_COATED_OSMIUM;9935;22;9931;17;;;9941;8;9945;15;;;9938.0;0.0
yf_ZW=F_d5;40100;INTARIAN_PEPPER_ROOT;11202;9;11200;18;;;11208;10;11211;21;;;11205.0;0.0
yf_ZW=F_d5;40200;ASH_COATED_OSMIUM;9923;15;9921;20;;;9952;16;9956;18;;;9937.5;0.0
yf_ZW=F_d5;40200;INTARIAN_PEPPER_ROOT;11201;14;11198;17;;;11207;14;11209;24;;;11204.0;0.0
yf_ZW=F_d5;40300;ASH_COATED_OSMIUM;9935;11;9933;20;;;9941;7;9944;29;;;9938.0;0.0
yf_ZW=F_d5;40300;INTARIAN_PEPPER_ROOT;11199;16;11195;16;;;11205;11;11209;18;;;11202.0;0.0
yf_ZW=F_d5;40400;ASH_COATED_OSMIUM;9935;13;9933;22;;;9941;18;9944;25;;;9938.0;0.0
yf_ZW=F_d5;40400;INTARIAN_PEPPER_ROOT;11199;9;11197;23;;;11205;22;11208;14;;;11202.0;0.0
yf_ZW=F_d5;40500;ASH_COATED_OSMIUM;9935;19;9932;26;;;9941;15;9945;26;;;9938.0;0.0
yf_ZW=F_d5;40500;INTARIAN_PEPPER_ROOT;11197;23;11195;20;;;11204;14;11208;13;;;11200.5;0.0
yf_ZW=F_d5;40600;ASH_COATED_OSMIUM;9935;20;9931;22;;;9941;12;9944;19;;;9938.0;0.0
yf_ZW=F_d5;40600;INTARIAN_PEPPER_ROOT;11197;16;11193;21;;;11203;17;11207;19;;;11200.0;0.0
yf_ZW=F_d5;40700;ASH_COATED_OSMIUM;9935;5;9932;16;;;9942;11;9945;17;;;9938.5;0.0
yf_ZW=F_d5;40700;INTARIAN_PEPPER_ROOT;11195;11;11191;18;;;11201;12;11205;18;;;11198.0;0.0
yf_ZW=F_d5;40800;ASH_COATED_OSMIUM;9934;16;9930;11;;;9944;19;9946;26;;;9939.0;0.0
yf_ZW=F_d5;40800;INTARIAN_PEPPER_ROOT;11193;12;11190;16;;;11202;20;11204;18;;;11197.5;0.0
yf_ZW=F_d5;40900;ASH_COATED_OSMIUM;9935;12;9932;16;;;9942;9;9945;18;;;9938.5;0.0
yf_ZW=F_d5;40900;INTARIAN_PEPPER_ROOT;11194;9;11190;13;;;11200;12;11202;27;;;11197.0;0.0
yf_ZW=F_d5;41000;ASH_COATED_OSMIUM;9936;16;9933;17;;;9942;11;9944;17;;;9939.0;0.0
yf_ZW=F_d5;41000;INTARIAN_PEPPER_ROOT;11192;21;11188;29;;;11198;11;11202;20;;;11195.0;0.0
yf_ZW=F_d5;41100;ASH_COATED_OSMIUM;9935;8;9931;22;;;9943;12;9945;15;;;9939.0;0.0
yf_ZW=F_d5;41100;INTARIAN_PEPPER_ROOT;11190;16;11188;19;;;11198;18;11202;16;;;11194.0;0.0
yf_ZW=F_d5;41200;ASH_COATED_OSMIUM;9936;17;9932;11;;;9942;11;9945;15;;;9939.0;0.0
yf_ZW=F_d5;41200;INTARIAN_PEPPER_ROOT;11190;9;11188;11;;;11196;11;11199;12;;;11193.0;0.0
yf_ZW=F_d5;41300;ASH_COATED_OSMIUM;9935;11;9931;30;;;9944;16;9946;13;;;9939.5;0.0
yf_ZW=F_d5;41300;INTARIAN_PEPPER_ROOT;11190;19;11186;11;;;11196;9;11200;25;;;11193.0;0.0
yf_ZW=F_d5;41400;ASH_COATED_OSMIUM;9936;9;9934;20;;;9942;19;9944;11;;;9939.0;0.0
yf_ZW=F_d5;41400;INTARIAN_PEPPER_ROOT;11188;18;11186;25;;;11194;9;11198;17;;;11191.0;0.0
yf_ZW=F_d5;41500;ASH_COATED_OSMIUM;9936;12;9932;21;;;9942;9;9946;26;;;9939.0;0.0
yf_ZW=F_d5;41500;INTARIAN_PEPPER_ROOT;11187;8;11185;17;;;11193;12;11195;26;;;11190.0;0.0
yf_ZW=F_d5;41600;ASH_COATED_OSMIUM;9934;17;9931;24;;;9945;21;9947;23;;;9939.5;0.0
yf_ZW=F_d5;41600;INTARIAN_PEPPER_ROOT;11185;18;11182;27;;;11191;12;11193;22;;;11188.0;0.0
yf_ZW=F_d5;41700;ASH_COATED_OSMIUM;9937;16;9933;18;;;9943;16;9945;17;;;9940.0;0.0
yf_ZW=F_d5;41700;INTARIAN_PEPPER_ROOT;11184;12;11180;21;;;11192;15;11194;24;;;11188.0;0.0
yf_ZW=F_d5;41800;ASH_COATED_OSMIUM;9935;14;9931;9;;;9945;14;9947;26;;;9940.0;0.0
yf_ZW=F_d5;41800;INTARIAN_PEPPER_ROOT;11178;15;11174;18;;;11194;14;11198;18;;;11186.0;0.0
yf_ZW=F_d5;41900;ASH_COATED_OSMIUM;9937;17;9933;32;;;9943;16;9945;26;;;9940.0;0.0
yf_ZW=F_d5;41900;INTARIAN_PEPPER_ROOT;11182;14;11178;24;;;11188;19;11190;26;;;11185.0;0.0
yf_ZW=F_d5;42000;ASH_COATED_OSMIUM;9936;8;9934;20;;;9945;22;9949;27;;;9940.5;0.0
yf_ZW=F_d5;42000;INTARIAN_PEPPER_ROOT;11181;5;11178;19;;;11187;21;11191;23;;;11184.0;0.0
yf_ZW=F_d5;42100;ASH_COATED_OSMIUM;9937;10;9935;14;;;9943;5;9947;18;;;9940.0;0.0
yf_ZW=F_d5;42100;INTARIAN_PEPPER_ROOT;11175;21;11173;16;;;11191;23;11194;22;;;11183.0;0.0
yf_ZW=F_d5;42200;ASH_COATED_OSMIUM;9936;20;9934;22;;;9942;19;9946;18;;;9939.0;0.0
yf_ZW=F_d5;42200;INTARIAN_PEPPER_ROOT;11179;25;11177;19;;;11185;10;11187;20;;;11182.0;0.0
yf_ZW=F_d5;42300;ASH_COATED_OSMIUM;9937;11;9933;18;;;9943;13;9947;26;;;9940.0;0.0
yf_ZW=F_d5;42300;INTARIAN_PEPPER_ROOT;11178;10;11175;22;;;11184;19;11187;19;;;11181.0;0.0
yf_ZW=F_d5;42400;ASH_COATED_OSMIUM;9934;20;9932;19;;;9946;11;9949;8;;;9940.0;0.0
yf_ZW=F_d5;42400;INTARIAN_PEPPER_ROOT;11177;9;11175;31;;;11183;21;11187;15;;;11180.0;0.0
yf_ZW=F_d5;42500;ASH_COATED_OSMIUM;9934;9;9931;21;;;9946;11;9950;21;;;9940.0;0.0
yf_ZW=F_d5;42500;INTARIAN_PEPPER_ROOT;11176;18;11173;19;;;11182;14;11186;17;;;11179.0;0.0
yf_ZW=F_d5;42600;ASH_COATED_OSMIUM;9937;11;9933;15;;;9943;17;9945;19;;;9940.0;0.0
yf_ZW=F_d5;42600;INTARIAN_PEPPER_ROOT;11173;17;11170;22;;;11183;10;11187;19;;;11178.0;0.0
yf_ZW=F_d5;42700;ASH_COATED_OSMIUM;9937;19;9933;23;;;9945;14;9948;15;;;9941.0;0.0
yf_ZW=F_d5;42700;INTARIAN_PEPPER_ROOT;11170;18;11168;17;;;11184;14;11187;21;;;11177.0;0.0
yf_ZW=F_d5;42800;ASH_COATED_OSMIUM;9937;18;9934;19;;;9943;12;9945;18;;;9940.0;0.0
yf_ZW=F_d5;42800;INTARIAN_PEPPER_ROOT;11173;14;11170;20;;;11179;7;11182;20;;;11176.0;0.0
yf_ZW=F_d5;42900;ASH_COATED_OSMIUM;9928;8;9924;25;;;9954;24;9958;15;;;9941.0;0.0
yf_ZW=F_d5;42900;INTARIAN_PEPPER_ROOT;11171;13;11168;10;;;11177;20;11181;15;;;11174.0;0.0
yf_ZW=F_d5;43000;ASH_COATED_OSMIUM;9938;14;9934;19;;;9944;17;9948;19;;;9941.0;0.0
yf_ZW=F_d5;43000;INTARIAN_PEPPER_ROOT;11170;24;11166;21;;;11176;17;11179;29;;;11173.0;0.0
yf_ZW=F_d5;43100;ASH_COATED_OSMIUM;9928;20;9924;16;;;9953;13;9956;23;;;9940.5;0.0
yf_ZW=F_d5;43100;INTARIAN_PEPPER_ROOT;11169;14;11165;12;;;11175;19;11179;10;;;11172.0;0.0
yf_ZW=F_d5;43200;ASH_COATED_OSMIUM;9936;18;9934;15;;;9945;18;9947;19;;;9940.5;0.0
yf_ZW=F_d5;43200;INTARIAN_PEPPER_ROOT;11163;8;11161;26;;;11178;19;11182;19;;;11170.5;0.0
yf_ZW=F_d5;43300;ASH_COATED_OSMIUM;9937;14;9934;26;;;9944;28;9946;30;;;9940.5;0.0
yf_ZW=F_d5;43300;INTARIAN_PEPPER_ROOT;11168;11;11166;24;;;11174;12;11177;22;;;11171.0;0.0
yf_ZW=F_d5;43400;ASH_COATED_OSMIUM;9938;15;9934;15;;;9945;16;9948;26;;;9941.5;0.0
yf_ZW=F_d5;43400;INTARIAN_PEPPER_ROOT;11166;14;11163;28;;;11172;13;11176;13;;;11169.0;0.0
yf_ZW=F_d5;43500;ASH_COATED_OSMIUM;9927;17;9923;26;;;9954;17;9956;16;;;9940.5;0.0
yf_ZW=F_d5;43500;INTARIAN_PEPPER_ROOT;11164;19;11160;17;;;11171;15;11174;16;;;11167.5;0.0
yf_ZW=F_d5;43600;ASH_COATED_OSMIUM;9938;14;9934;8;;;9944;15;9947;14;;;9941.0;0.0
yf_ZW=F_d5;43600;INTARIAN_PEPPER_ROOT;11164;17;11160;22;;;11170;11;11173;13;;;11167.0;0.0
yf_ZW=F_d5;43700;ASH_COATED_OSMIUM;9938;8;9936;24;;;9944;20;9947;26;;;9941.0;0.0
yf_ZW=F_d5;43700;INTARIAN_PEPPER_ROOT;11162;24;11160;18;;;11169;13;11173;14;;;11165.5;0.0
yf_ZW=F_d5;43800;ASH_COATED_OSMIUM;9938;18;9934;19;;;9944;19;9946;25;;;9941.0;0.0
yf_ZW=F_d5;43800;INTARIAN_PEPPER_ROOT;11151;7;11149;19;;;11177;16;11179;15;;;11164.0;0.0
yf_ZW=F_d5;43900;ASH_COATED_OSMIUM;9934;10;9931;10;;;9949;9;9952;20;;;9941.5;0.0
yf_ZW=F_d5;43900;INTARIAN_PEPPER_ROOT;11151;13;11148;13;;;11176;20;11179;16;;;11163.5;0.0
yf_ZW=F_d5;44000;ASH_COATED_OSMIUM;9936;14;9934;17;;;9946;13;9949;13;;;9941.0;0.0
yf_ZW=F_d5;44000;INTARIAN_PEPPER_ROOT;11160;8;11157;17;;;11166;10;11168;25;;;11163.0;0.0
yf_ZW=F_d5;44100;ASH_COATED_OSMIUM;9939;20;9937;10;;;9945;5;9947;26;;;9942.0;0.0
yf_ZW=F_d5;44100;INTARIAN_PEPPER_ROOT;11158;5;11155;18;;;11165;14;11167;21;;;11161.5;0.0
yf_ZW=F_d5;44200;ASH_COATED_OSMIUM;9939;10;9937;21;;;9945;15;9947;26;;;9942.0;0.0
yf_ZW=F_d5;44200;INTARIAN_PEPPER_ROOT;11157;16;11155;30;;;11163;6;11166;21;;;11160.0;0.0
yf_ZW=F_d5;44300;ASH_COATED_OSMIUM;9939;12;9935;20;;;9945;18;9949;16;;;9942.0;0.0
yf_ZW=F_d5;44300;INTARIAN_PEPPER_ROOT;11155;11;11153;18;;;11163;17;11166;13;;;11159.0;0.0
yf_ZW=F_d5;44400;ASH_COATED_OSMIUM;9939;21;9936;17;;;9945;14;9948;18;;;9942.0;0.0
yf_ZW=F_d5;44400;INTARIAN_PEPPER_ROOT;11155;22;11152;12;;;11161;14;11164;29;;;11158.0;0.0
yf_ZW=F_d5;44500;ASH_COATED_OSMIUM;9935;11;9931;19;;;9950;6;9953;20;;;9942.5;0.0
yf_ZW=F_d5;44500;INTARIAN_PEPPER_ROOT;11154;18;11150;17;;;11160;15;11163;13;;;11157.0;0.0
yf_ZW=F_d5;44600;ASH_COATED_OSMIUM;9939;14;9936;15;;;9945;17;9947;20;;;9942.0;0.0
yf_ZW=F_d5;44600;INTARIAN_PEPPER_ROOT;11149;20;11147;31;;;11163;14;11167;22;;;11156.0;0.0
yf_ZW=F_d5;44700;ASH_COATED_OSMIUM;9939;5;9937;20;;;9945;21;9947;23;;;9942.0;0.0
yf_ZW=F_d5;44700;INTARIAN_PEPPER_ROOT;11152;10;11148;16;;;11158;19;11161;14;;;11155.0;0.0
yf_ZW=F_d5;44800;ASH_COATED_OSMIUM;9934;20;9930;14;;;9950;11;9954;32;;;9942.0;0.0
yf_ZW=F_d5;44800;INTARIAN_PEPPER_ROOT;11151;11;11148;23;;;11157;5;11160;20;;;11154.0;0.0
yf_ZW=F_d5;44900;ASH_COATED_OSMIUM;9940;22;9937;24;;;9946;19;9950;15;;;9943.0;0.0
yf_ZW=F_d5;44900;INTARIAN_PEPPER_ROOT;11139;19;11136;22;;;11166;10;11169;18;;;11152.5;0.0
yf_ZW=F_d5;45000;ASH_COATED_OSMIUM;9939;16;9937;25;;;9945;20;9948;12;;;9942.0;0.0
yf_ZW=F_d5;45000;INTARIAN_PEPPER_ROOT;11147;22;11144;21;;;11156;20;11158;8;;;11151.5;0.0
yf_ZW=F_d5;45100;ASH_COATED_OSMIUM;9939;9;9935;19;;;9945;15;9949;15;;;9942.0;0.0
yf_ZW=F_d5;45100;INTARIAN_PEPPER_ROOT;11147;8;11143;15;;;11153;15;11157;23;;;11150.0;0.0
yf_ZW=F_d5;45200;ASH_COATED_OSMIUM;9940;19;9938;20;;;9946;22;9949;8;;;9943.0;0.0
yf_ZW=F_d5;45200;INTARIAN_PEPPER_ROOT;11147;11;11143;30;;;11153;5;11157;23;;;11150.0;0.0
yf_ZW=F_d5;45300;ASH_COATED_OSMIUM;9940;19;9938;19;;;9946;16;9950;22;;;9943.0;0.0
yf_ZW=F_d5;45300;INTARIAN_PEPPER_ROOT;11138;14;11135;21;;;11158;12;11160;17;;;11148.0;0.0
yf_ZW=F_d5;45400;ASH_COATED_OSMIUM;9938;11;9934;17;;;9948;21;9951;16;;;9943.0;0.0
yf_ZW=F_d5;45400;INTARIAN_PEPPER_ROOT;11144;9;11141;21;;;11150;16;11153;27;;;11147.0;0.0
yf_ZW=F_d5;45500;ASH_COATED_OSMIUM;9940;12;9938;17;;;9946;14;9949;25;;;9943.0;0.0
yf_ZW=F_d5;45500;INTARIAN_PEPPER_ROOT;11143;15;11139;13;;;11149;7;11151;8;;;11146.0;0.0
yf_ZW=F_d5;45600;ASH_COATED_OSMIUM;9929;11;9925;18;;;9956;13;9960;9;;;9942.5;0.0
yf_ZW=F_d5;45600;INTARIAN_PEPPER_ROOT;11131;11;11129;21;;;11159;11;11161;27;;;11145.0;0.0
yf_ZW=F_d5;45700;ASH_COATED_OSMIUM;9939;13;9937;21;;;9947;13;9949;18;;;9943.0;0.0
yf_ZW=F_d5;45700;INTARIAN_PEPPER_ROOT;11139;12;11136;29;;;11149;9;11153;15;;;11144.0;0.0
yf_ZW=F_d5;45800;ASH_COATED_OSMIUM;9937;7;9933;24;;;9950;10;9954;28;;;9943.5;0.0
yf_ZW=F_d5;45800;INTARIAN_PEPPER_ROOT;11140;7;11138;13;;;11146;15;11150;24;;;11143.0;0.0
yf_ZW=F_d5;45900;ASH_COATED_OSMIUM;9936;12;9932;16;;;9951;17;9953;10;;;9943.5;0.0
yf_ZW=F_d5;45900;INTARIAN_PEPPER_ROOT;11127;13;11125;24;;;11156;13;11160;19;;;11141.5;0.0
yf_ZW=F_d5;46000;ASH_COATED_OSMIUM;9939;18;9935;21;;;9948;15;9952;19;;;9943.5;0.0
yf_ZW=F_d5;46000;INTARIAN_PEPPER_ROOT;11138;22;11134;21;;;11144;5;11146;20;;;11141.0;0.0
yf_ZW=F_d5;46100;ASH_COATED_OSMIUM;9940;13;9937;28;;;9946;23;9948;17;;;9943.0;0.0
yf_ZW=F_d5;46100;INTARIAN_PEPPER_ROOT;11137;9;11135;16;;;11143;24;11147;22;;;11140.0;0.0
yf_ZW=F_d5;46200;ASH_COATED_OSMIUM;9935;12;9932;22;;;9953;12;9955;24;;;9944.0;0.0
yf_ZW=F_d5;46200;INTARIAN_PEPPER_ROOT;11136;17;11133;21;;;11142;13;11146;24;;;11139.0;0.0
yf_ZW=F_d5;46300;ASH_COATED_OSMIUM;9940;22;9938;19;;;9946;11;9949;23;;;9943.0;0.0
yf_ZW=F_d5;46300;INTARIAN_PEPPER_ROOT;11135;14;11133;20;;;11141;20;11145;24;;;11138.0;0.0
yf_ZW=F_d5;46400;ASH_COATED_OSMIUM;9939;25;9937;26;;;9947;9;9949;23;;;9943.0;0.0
yf_ZW=F_d5;46400;INTARIAN_PEPPER_ROOT;11133;15;11131;16;;;11139;15;11143;25;;;11136.0;0.0
yf_ZW=F_d5;46500;ASH_COATED_OSMIUM;9941;14;9937;25;;;9947;16;9949;13;;;9944.0;0.0
yf_ZW=F_d5;46500;INTARIAN_PEPPER_ROOT;11130;15;11128;25;;;11141;16;11144;13;;;11135.5;0.0
yf_ZW=F_d5;46600;ASH_COATED_OSMIUM;9941;23;9938;18;;;9947;11;9949;20;;;9944.0;0.0
yf_ZW=F_d5;46600;INTARIAN_PEPPER_ROOT;11131;7;11127;14;;;11137;21;11140;25;;;11134.0;0.0
yf_ZW=F_d5;46700;ASH_COATED_OSMIUM;9941;17;9937;24;;;9947;18;9949;22;;;9944.0;0.0
yf_ZW=F_d5;46700;INTARIAN_PEPPER_ROOT;11130;15;11126;23;;;11136;14;11139;24;;;11133.0;0.0
yf_ZW=F_d5;46800;ASH_COATED_OSMIUM;9941;16;9938;20;;;9947;11;9949;18;;;9944.0;0.0
yf_ZW=F_d5;46800;INTARIAN_PEPPER_ROOT;11130;10;11128;18;;;11136;11;11138;27;;;11133.0;0.0
yf_ZW=F_d5;46900;ASH_COATED_OSMIUM;9941;20;9937;26;;;9947;16;9950;20;;;9944.0;0.0
yf_ZW=F_d5;46900;INTARIAN_PEPPER_ROOT;11128;15;11126;20;;;11134;10;11136;20;;;11131.0;0.0
yf_ZW=F_d5;47000;ASH_COATED_OSMIUM;9935;10;9931;8;;;9953;13;9957;20;;;9944.0;0.0
yf_ZW=F_d5;47000;INTARIAN_PEPPER_ROOT;11127;10;11124;26;;;11133;25;11136;24;;;11130.0;0.0
yf_ZW=F_d5;47100;ASH_COATED_OSMIUM;9940;17;9937;25;;;9949;15;9953;27;;;9944.5;0.0
yf_ZW=F_d5;47100;INTARIAN_PEPPER_ROOT;11125;18;11123;21;;;11131;15;11133;19;;;11128.0;0.0
yf_ZW=F_d5;47200;ASH_COATED_OSMIUM;9941;10;9938;31;;;9948;14;9950;23;;;9944.5;0.0
yf_ZW=F_d5;47200;INTARIAN_PEPPER_ROOT;11124;18;11120;23;;;11132;16;11134;18;;;11128.0;0.0
yf_ZW=F_d5;47300;ASH_COATED_OSMIUM;9941;9;9937;21;;;9949;10;9953;33;;;9945.0;0.0
yf_ZW=F_d5;47300;INTARIAN_PEPPER_ROOT;11123;7;11121;20;;;11131;17;11135;18;;;11127.0;0.0
yf_ZW=F_d5;47400;ASH_COATED_OSMIUM;9941;16;9937;31;;;9947;17;9951;17;;;9944.0;0.0
yf_ZW=F_d5;47400;INTARIAN_PEPPER_ROOT;11123;10;11119;16;;;11129;24;11133;22;;;11126.0;0.0
yf_ZW=F_d5;47500;ASH_COATED_OSMIUM;9942;13;9939;16;;;9948;19;9950;13;;;9945.0;0.0
yf_ZW=F_d5;47500;INTARIAN_PEPPER_ROOT;11122;19;11119;15;;;11128;22;11130;16;;;11125.0;0.0
yf_ZW=F_d5;47600;ASH_COATED_OSMIUM;9942;19;9939;23;;;9948;24;9952;23;;;9945.0;0.0
yf_ZW=F_d5;47600;INTARIAN_PEPPER_ROOT;11121;5;11118;17;;;11127;15;11130;14;;;11124.0;0.0
yf_ZW=F_d5;47700;ASH_COATED_OSMIUM;9942;13;9938;25;;;9948;16;9952;16;;;9945.0;0.0
yf_ZW=F_d5;47700;INTARIAN_PEPPER_ROOT;11119;17;11116;21;;;11126;5;11130;20;;;11122.5;0.0
yf_ZW=F_d5;47800;ASH_COATED_OSMIUM;9933;18;9929;20;;;9958;9;9960;22;;;9945.5;0.0
yf_ZW=F_d5;47800;INTARIAN_PEPPER_ROOT;11117;16;11114;17;;;11124;21;11127;21;;;11120.5;0.0
yf_ZW=F_d5;47900;ASH_COATED_OSMIUM;9942;11;9939;23;;;9948;16;9952;15;;;9945.0;0.0
yf_ZW=F_d5;47900;INTARIAN_PEPPER_ROOT;11117;23;11115;22;;;11123;12;11125;20;;;11120.0;0.0
yf_ZW=F_d5;48000;ASH_COATED_OSMIUM;9942;8;9939;18;;;9948;19;9952;22;;;9945.0;0.0
yf_ZW=F_d5;48000;INTARIAN_PEPPER_ROOT;11116;12;11113;25;;;11122;17;11125;23;;;11119.0;0.0
yf_ZW=F_d5;48100;ASH_COATED_OSMIUM;9942;8;9940;25;;;9948;10;9950;20;;;9945.0;0.0
yf_ZW=F_d5;48100;INTARIAN_PEPPER_ROOT;11115;22;11112;17;;;11121;13;11125;21;;;11118.0;0.0
yf_ZW=F_d5;48200;ASH_COATED_OSMIUM;9942;23;9940;20;;;9948;13;9950;11;;;9945.0;0.0
yf_ZW=F_d5;48200;INTARIAN_PEPPER_ROOT;11106;16;11103;23;;;11128;23;11132;17;;;11117.0;0.0
yf_ZW=F_d5;48300;ASH_COATED_OSMIUM;9943;20;9939;25;;;9949;21;9951;17;;;9946.0;0.0
yf_ZW=F_d5;48300;INTARIAN_PEPPER_ROOT;11110;14;11107;18;;;11123;13;11126;18;;;11116.5;0.0
yf_ZW=F_d5;48400;ASH_COATED_OSMIUM;9942;19;9940;15;;;9948;9;9952;24;;;9945.0;0.0
yf_ZW=F_d5;48400;INTARIAN_PEPPER_ROOT;11112;9;11108;21;;;11118;8;11122;18;;;11115.0;0.0
yf_ZW=F_d5;48500;ASH_COATED_OSMIUM;9941;16;9938;22;;;9948;13;9952;25;;;9944.5;0.0
yf_ZW=F_d5;48500;INTARIAN_PEPPER_ROOT;11108;16;11106;18;;;11119;11;11123;16;;;11113.5;0.0
yf_ZW=F_d5;48600;ASH_COATED_OSMIUM;9942;29;9939;15;;;9948;14;9951;23;;;9945.0;0.0
yf_ZW=F_d5;48600;INTARIAN_PEPPER_ROOT;11098;18;11095;12;;;11126;14;11129;19;;;11112.0;0.0
yf_ZW=F_d5;48700;ASH_COATED_OSMIUM;9943;18;9940;21;;;9949;19;9951;8;;;9946.0;0.0
yf_ZW=F_d5;48700;INTARIAN_PEPPER_ROOT;11108;11;11105;24;;;11114;15;11116;18;;;11111.0;0.0
yf_ZW=F_d5;48800;ASH_COATED_OSMIUM;9943;19;9941;25;;;9949;10;9952;22;;;9946.0;0.0
yf_ZW=F_d5;48800;INTARIAN_PEPPER_ROOT;11107;22;11105;19;;;11113;27;11116;25;;;11110.0;0.0
yf_ZW=F_d5;48900;ASH_COATED_OSMIUM;9943;9;9941;21;;;9949;7;9952;18;;;9946.0;0.0
yf_ZW=F_d5;48900;INTARIAN_PEPPER_ROOT;11106;25;11104;8;;;11112;13;11114;21;;;11109.0;0.0
yf_ZW=F_d5;49000;ASH_COATED_OSMIUM;9941;15;9938;18;;;9951;5;9953;18;;;9946.0;0.0
yf_ZW=F_d5;49000;INTARIAN_PEPPER_ROOT;11105;19;11103;16;;;11111;19;11115;12;;;11108.0;0.0
yf_ZW=F_d5;49100;ASH_COATED_OSMIUM;9943;15;9940;16;;;9949;17;9952;17;;;9946.0;0.0
yf_ZW=F_d5;49100;INTARIAN_PEPPER_ROOT;11104;11;11100;24;;;11110;8;11114;21;;;11107.0;0.0
yf_ZW=F_d5;49200;ASH_COATED_OSMIUM;9943;16;9940;23;;;9949;12;9951;22;;;9946.0;0.0
yf_ZW=F_d5;49200;INTARIAN_PEPPER_ROOT;11091;17;11089;17;;;11120;23;11122;20;;;11105.5;0.0
yf_ZW=F_d5;49300;ASH_COATED_OSMIUM;9943;12;9941;17;;;9949;12;9953;27;;;9946.0;0.0
yf_ZW=F_d5;49300;INTARIAN_PEPPER_ROOT;11102;13;11100;24;;;11108;27;11112;26;;;11105.0;0.0
yf_ZW=F_d5;49400;ASH_COATED_OSMIUM;9943;13;9941;25;;;9949;14;9951;19;;;9946.0;0.0
yf_ZW=F_d5;49400;INTARIAN_PEPPER_ROOT;11100;6;11098;15;;;11108;10;11110;14;;;11104.0;0.0
yf_ZW=F_d5;49500;ASH_COATED_OSMIUM;9943;19;9941;15;;;9949;9;9951;21;;;9946.0;0.0
yf_ZW=F_d5;49500;INTARIAN_PEPPER_ROOT;11091;12;11088;13;;;11114;22;11117;19;;;11102.5;0.0
yf_ZW=F_d5;49600;ASH_COATED_OSMIUM;9935;15;9933;11;;;9958;18;9960;26;;;9946.5;0.0
yf_ZW=F_d5;49600;INTARIAN_PEPPER_ROOT;11098;14;11096;22;;;11104;15;11108;21;;;11101.0;0.0
yf_ZW=F_d5;49700;ASH_COATED_OSMIUM;9943;19;9941;25;;;9949;13;9953;18;;;9946.0;0.0
yf_ZW=F_d5;49700;INTARIAN_PEPPER_ROOT;11097;14;11094;21;;;11103;16;11107;18;;;11100.0;0.0
yf_ZW=F_d5;49800;ASH_COATED_OSMIUM;9941;11;9939;18;;;9954;16;9956;16;;;9947.5;0.0
yf_ZW=F_d5;49800;INTARIAN_PEPPER_ROOT;11096;17;11093;19;;;11104;16;11107;29;;;11100.0;0.0
yf_ZW=F_d5;49900;ASH_COATED_OSMIUM;9943;19;9940;19;;;9949;25;9952;15;;;9946.0;0.0
yf_ZW=F_d5;49900;INTARIAN_PEPPER_ROOT;11095;11;11093;19;;;11101;11;11104;9;;;11098.0;0.0
yf_ZW=F_d5;50000;ASH_COATED_OSMIUM;9943;10;9940;18;;;9949;15;9953;25;;;9946.0;0.0
yf_ZW=F_d5;50000;INTARIAN_PEPPER_ROOT;11094;17;11090;24;;;11100;13;11103;14;;;11097.0;0.0
yf_ZW=F_d5;50100;ASH_COATED_OSMIUM;9943;16;9939;22;;;9949;12;9952;16;;;9946.0;0.0
yf_ZW=F_d5;50100;INTARIAN_PEPPER_ROOT;11093;14;11090;16;;;11099;15;11103;18;;;11096.0;0.0
yf_ZW=F_d5;50200;ASH_COATED_OSMIUM;9944;21;9942;20;;;9950;17;9952;22;;;9947.0;0.0
yf_ZW=F_d5;50200;INTARIAN_PEPPER_ROOT;11092;23;11090;24;;;11098;17;11102;25;;;11095.0;0.0
yf_ZW=F_d5;50300;ASH_COATED_OSMIUM;9943;16;9939;32;;;9950;10;9954;8;;;9946.5;0.0
yf_ZW=F_d5;50300;INTARIAN_PEPPER_ROOT;11091;15;11089;27;;;11097;16;11101;27;;;11094.0;0.0
yf_ZW=F_d5;50400;ASH_COATED_OSMIUM;9941;13;9937;25;;;9953;10;9955;27;;;9947.0;0.0
yf_ZW=F_d5;50400;INTARIAN_PEPPER_ROOT;11090;17;11086;20;;;11096;18;11099;15;;;11093.0;0.0
yf_ZW=F_d5;50500;ASH_COATED_OSMIUM;9944;18;9942;24;;;9950;14;9954;20;;;9947.0;0.0
yf_ZW=F_d5;50500;INTARIAN_PEPPER_ROOT;11089;16;11087;15;;;11095;6;11098;25;;;11092.0;0.0
yf_ZW=F_d5;50600;ASH_COATED_OSMIUM;9944;20;9942;20;;;9950;15;9954;15;;;9947.0;0.0
yf_ZW=F_d5;50600;INTARIAN_PEPPER_ROOT;11088;16;11085;23;;;11094;11;11096;27;;;11091.0;0.0
yf_ZW=F_d5;50700;ASH_COATED_OSMIUM;9944;14;9941;20;;;9950;9;9952;21;;;9947.0;0.0
yf_ZW=F_d5;50700;INTARIAN_PEPPER_ROOT;11086;16;11083;22;;;11092;16;11094;19;;;11089.0;0.0
yf_ZW=F_d5;50800;ASH_COATED_OSMIUM;9945;17;9941;24;;;9951;16;9954;25;;;9948.0;0.0
yf_ZW=F_d5;50800;INTARIAN_PEPPER_ROOT;11085;10;11081;18;;;11091;16;11093;11;;;11088.0;0.0
yf_ZW=F_d5;50900;ASH_COATED_OSMIUM;9941;22;9937;25;;;9953;11;9956;17;;;9947.0;0.0
yf_ZW=F_d5;50900;INTARIAN_PEPPER_ROOT;11084;18;11081;16;;;11090;8;11093;21;;;11087.0;0.0
yf_ZW=F_d5;51000;ASH_COATED_OSMIUM;9945;19;9942;19;;;9951;10;9955;19;;;9948.0;0.0
yf_ZW=F_d5;51000;INTARIAN_PEPPER_ROOT;11083;17;11080;13;;;11089;16;11091;15;;;11086.0;0.0
yf_ZW=F_d5;51100;ASH_COATED_OSMIUM;9940;14;9937;14;;;9954;11;9956;22;;;9947.0;0.0
yf_ZW=F_d5;51100;INTARIAN_PEPPER_ROOT;11076;10;11074;29;;;11094;14;11097;14;;;11085.0;0.0
yf_ZW=F_d5;51200;ASH_COATED_OSMIUM;9944;11;9942;18;;;9951;13;9954;20;;;9947.5;0.0
yf_ZW=F_d5;51200;INTARIAN_PEPPER_ROOT;11077;9;11075;24;;;11091;8;11095;16;;;11084.0;0.0
yf_ZW=F_d5;51300;ASH_COATED_OSMIUM;9945;12;9941;22;;;9951;16;9955;14;;;9948.0;0.0
yf_ZW=F_d5;51300;INTARIAN_PEPPER_ROOT;11072;10;11069;16;;;11091;15;11094;24;;;11081.5;0.0
yf_ZW=F_d5;51400;ASH_COATED_OSMIUM;9945;21;9941;23;;;9951;20;9954;9;;;9948.0;0.0
yf_ZW=F_d5;51400;INTARIAN_PEPPER_ROOT;11071;15;11068;17;;;11091;13;11095;11;;;11081.0;0.0
yf_ZW=F_d5;51500;ASH_COATED_OSMIUM;9944;11;9940;16;;;9952;18;9955;23;;;9948.0;0.0
yf_ZW=F_d5;51500;INTARIAN_PEPPER_ROOT;11077;6;11074;28;;;11083;18;11087;20;;;11080.0;0.0
yf_ZW=F_d5;51600;ASH_COATED_OSMIUM;9944;12;9940;17;;;9952;12;9954;12;;;9948.0;0.0
yf_ZW=F_d5;51600;INTARIAN_PEPPER_ROOT;11075;9;11073;21;;;11082;11;11086;20;;;11078.5;0.0
yf_ZW=F_d5;51700;ASH_COATED_OSMIUM;9937;7;9934;17;;;9960;18;9964;20;;;9948.5;0.0
yf_ZW=F_d5;51700;INTARIAN_PEPPER_ROOT;11074;16;11071;19;;;11080;9;11084;10;;;11077.0;0.0
yf_ZW=F_d5;51800;ASH_COATED_OSMIUM;9945;13;9942;9;;;9953;13;9956;12;;;9949.0;0.0
yf_ZW=F_d5;51800;INTARIAN_PEPPER_ROOT;11068;9;11065;13;;;11084;12;11086;14;;;11076.0;0.0
yf_ZW=F_d5;51900;ASH_COATED_OSMIUM;9945;17;9943;20;;;9951;19;9953;24;;;9948.0;0.0
yf_ZW=F_d5;51900;INTARIAN_PEPPER_ROOT;11068;20;11066;13;;;11081;10;11085;20;;;11074.5;0.0
yf_ZW=F_d5;52000;ASH_COATED_OSMIUM;9938;5;9936;21;;;9961;13;9963;19;;;9949.5;0.0
yf_ZW=F_d5;52000;INTARIAN_PEPPER_ROOT;11070;16;11066;13;;;11076;12;11080;20;;;11073.0;0.0
yf_ZW=F_d5;52100;ASH_COATED_OSMIUM;9946;18;9943;23;;;9952;13;9955;18;;;9949.0;0.0
yf_ZW=F_d5;52100;INTARIAN_PEPPER_ROOT;11068;14;11065;23;;;11074;9;11077;19;;;11071.0;0.0
yf_ZW=F_d5;52200;ASH_COATED_OSMIUM;9946;15;9942;19;;;9952;21;9956;8;;;9949.0;0.0
yf_ZW=F_d5;52200;INTARIAN_PEPPER_ROOT;11067;25;11064;25;;;11075;5;11078;31;;;11071.0;0.0
yf_ZW=F_d5;52300;ASH_COATED_OSMIUM;9946;24;9944;16;;;9953;5;9955;17;;;9949.5;0.0
yf_ZW=F_d5;52300;INTARIAN_PEPPER_ROOT;11064;12;11060;25;;;11074;12;11077;24;;;11069.0;0.0
yf_ZW=F_d5;52400;ASH_COATED_OSMIUM;9947;9;9943;19;;;9953;12;9957;17;;;9950.0;0.0
yf_ZW=F_d5;52400;INTARIAN_PEPPER_ROOT;11056;17;11052;21;;;11079;20;11082;18;;;11067.5;0.0
yf_ZW=F_d5;52500;ASH_COATED_OSMIUM;9946;12;9942;20;;;9952;12;9954;16;;;9949.0;0.0
yf_ZW=F_d5;52500;INTARIAN_PEPPER_ROOT;11059;12;11056;23;;;11073;15;11075;20;;;11066.0;0.0
yf_ZW=F_d5;52600;ASH_COATED_OSMIUM;9946;15;9942;20;;;9952;16;9956;16;;;9949.0;0.0
yf_ZW=F_d5;52600;INTARIAN_PEPPER_ROOT;11062;16;11058;23;;;11068;7;11071;17;;;11065.0;0.0
yf_ZW=F_d5;52700;ASH_COATED_OSMIUM;9947;15;9943;18;;;9953;20;9956;14;;;9950.0;0.0
yf_ZW=F_d5;52700;INTARIAN_PEPPER_ROOT;11062;8;11060;19;;;11068;22;11071;19;;;11065.0;0.0
yf_ZW=F_d5;52800;ASH_COATED_OSMIUM;9944;8;9940;16;;;9956;23;9960;16;;;9950.0;0.0
yf_ZW=F_d5;52800;INTARIAN_PEPPER_ROOT;11060;10;11057;27;;;11066;8;11069;26;;;11063.0;0.0
yf_ZW=F_d5;52900;ASH_COATED_OSMIUM;9929;11;9927;18;;;9970;11;9972;15;;;9949.5;0.0
yf_ZW=F_d5;52900;INTARIAN_PEPPER_ROOT;11059;15;11057;17;;;11065;9;11067;23;;;11062.0;0.0
yf_ZW=F_d5;53000;ASH_COATED_OSMIUM;9947;17;9943;23;;;9953;21;9956;22;;;9950.0;0.0
yf_ZW=F_d5;53000;INTARIAN_PEPPER_ROOT;11057;10;11053;12;;;11064;6;11066;8;;;11060.5;0.0
yf_ZW=F_d5;53100;ASH_COATED_OSMIUM;9947;7;9945;25;;;9953;23;9957;22;;;9950.0;0.0
yf_ZW=F_d5;53100;INTARIAN_PEPPER_ROOT;11056;12;11054;9;;;11062;5;11064;23;;;11059.0;0.0
yf_ZW=F_d5;53200;ASH_COATED_OSMIUM;9948;16;9946;28;;;9954;11;9956;18;;;9951.0;0.0
yf_ZW=F_d5;53200;INTARIAN_PEPPER_ROOT;11054;7;11050;23;;;11060;12;11064;18;;;11057.0;0.0
yf_ZW=F_d5;53300;ASH_COATED_OSMIUM;9947;11;9944;11;;;9953;18;9957;20;;;9950.0;0.0
yf_ZW=F_d5;53300;INTARIAN_PEPPER_ROOT;11053;12;11049;24;;;11059;19;11063;12;;;11056.0;0.0
yf_ZW=F_d5;53400;ASH_COATED_OSMIUM;9948;21;9944;18;;;9954;24;9956;31;;;9951.0;0.0
yf_ZW=F_d5;53400;INTARIAN_PEPPER_ROOT;11053;14;11049;20;;;11059;11;11061;18;;;11056.0;0.0
yf_ZW=F_d5;53500;ASH_COATED_OSMIUM;9930;16;9927;13;;;9972;12;9975;20;;;9951.0;0.0
yf_ZW=F_d5;53500;INTARIAN_PEPPER_ROOT;11050;17;11046;17;;;11059;11;11062;16;;;11054.5;0.0
yf_ZW=F_d5;53600;ASH_COATED_OSMIUM;9948;17;9946;29;;;9954;15;9958;22;;;9951.0;0.0
yf_ZW=F_d5;53600;INTARIAN_PEPPER_ROOT;11049;16;11047;27;;;11055;16;11058;23;;;11052.0;0.0
yf_ZW=F_d5;53700;ASH_COATED_OSMIUM;9948;11;9946;15;;;9955;11;9957;23;;;9951.5;0.0
yf_ZW=F_d5;53700;INTARIAN_PEPPER_ROOT;11048;21;11045;22;;;11054;16;11056;16;;;11051.0;0.0
yf_ZW=F_d5;53800;ASH_COATED_OSMIUM;9943;17;9939;23;;;9959;10;9962;19;;;9951.0;0.0
yf_ZW=F_d5;53800;INTARIAN_PEPPER_ROOT;11047;19;11043;23;;;11053;21;11057;18;;;11050.0;0.0
yf_ZW=F_d5;53900;ASH_COATED_OSMIUM;9939;15;9936;23;;;9964;7;9967;18;;;9951.5;0.0
yf_ZW=F_d5;53900;INTARIAN_PEPPER_ROOT;11046;12;11043;20;;;11052;16;11054;24;;;11049.0;0.0
yf_ZW=F_d5;54000;ASH_COATED_OSMIUM;9948;16;9946;11;;;9955;12;9958;20;;;9951.5;0.0
yf_ZW=F_d5;54000;INTARIAN_PEPPER_ROOT;11041;15;11037;21;;;11053;5;11056;16;;;11047.0;0.0
yf_ZW=F_d5;54100;ASH_COATED_OSMIUM;9949;11;9945;13;;;9955;16;9959;12;;;9952.0;0.0
yf_ZW=F_d5;54100;INTARIAN_PEPPER_ROOT;11035;8;11033;31;;;11056;9;11060;22;;;11045.5;0.0
yf_ZW=F_d5;54200;ASH_COATED_OSMIUM;9948;23;9946;23;;;9956;19;9959;28;;;9952.0;0.0
yf_ZW=F_d5;54200;INTARIAN_PEPPER_ROOT;11042;10;11038;15;;;11048;20;11050;21;;;11045.0;0.0
yf_ZW=F_d5;54300;ASH_COATED_OSMIUM;9949;13;9946;23;;;9955;21;9958;21;;;9952.0;0.0
yf_ZW=F_d5;54300;INTARIAN_PEPPER_ROOT;11035;18;11033;17;;;11051;23;11053;23;;;11043.0;0.0
yf_ZW=F_d5;54400;ASH_COATED_OSMIUM;9948;8;9944;19;;;9956;14;9958;17;;;9952.0;0.0
yf_ZW=F_d5;54400;INTARIAN_PEPPER_ROOT;11036;19;11032;22;;;11046;7;11048;25;;;11041.0;0.0
yf_ZW=F_d5;54500;ASH_COATED_OSMIUM;9949;7;9945;11;;;9955;16;9959;27;;;9952.0;0.0
yf_ZW=F_d5;54500;INTARIAN_PEPPER_ROOT;11038;7;11035;24;;;11044;19;11047;15;;;11041.0;0.0
yf_ZW=F_d5;54600;ASH_COATED_OSMIUM;9950;17;9948;26;;;9956;16;9960;14;;;9953.0;0.0
yf_ZW=F_d5;54600;INTARIAN_PEPPER_ROOT;11036;21;11034;15;;;11044;10;11046;15;;;11040.0;0.0
yf_ZW=F_d5;54700;ASH_COATED_OSMIUM;9950;23;9947;24;;;9956;19;9960;15;;;9953.0;0.0
yf_ZW=F_d5;54700;INTARIAN_PEPPER_ROOT;11035;13;11031;21;;;11041;14;11045;16;;;11038.0;0.0
yf_ZW=F_d5;54800;ASH_COATED_OSMIUM;9950;25;9948;19;;;9956;11;9959;13;;;9953.0;0.0
yf_ZW=F_d5;54800;INTARIAN_PEPPER_ROOT;11033;17;11031;11;;;11039;13;11043;14;;;11036.0;0.0
yf_ZW=F_d5;54900;ASH_COATED_OSMIUM;9950;11;9948;23;;;9956;20;9958;17;;;9953.0;0.0
yf_ZW=F_d5;54900;INTARIAN_PEPPER_ROOT;11032;5;11028;19;;;11038;22;11042;21;;;11035.0;0.0
yf_ZW=F_d5;55000;ASH_COATED_OSMIUM;9943;5;9939;21;;;9964;21;9967;19;;;9953.5;0.0
yf_ZW=F_d5;55000;INTARIAN_PEPPER_ROOT;11031;13;11028;13;;;11037;19;11040;14;;;11034.0;0.0
yf_ZW=F_d5;55100;ASH_COATED_OSMIUM;9950;18;9948;16;;;9956;12;9960;14;;;9953.0;0.0
yf_ZW=F_d5;55100;INTARIAN_PEPPER_ROOT;11027;14;11025;13;;;11040;13;11044;20;;;11033.5;0.0
yf_ZW=F_d5;55200;ASH_COATED_OSMIUM;9950;9;9947;18;;;9956;7;9960;21;;;9953.0;0.0
yf_ZW=F_d5;55200;INTARIAN_PEPPER_ROOT;11029;18;11026;13;;;11035;12;11038;8;;;11032.0;0.0
yf_ZW=F_d5;55300;ASH_COATED_OSMIUM;9950;15;9946;25;;;9956;18;9959;28;;;9953.0;0.0
yf_ZW=F_d5;55300;INTARIAN_PEPPER_ROOT;11027;16;11023;24;;;11033;11;11037;28;;;11030.0;0.0
yf_ZW=F_d5;55400;ASH_COATED_OSMIUM;9950;8;9946;15;;;9956;19;9958;17;;;9953.0;0.0
yf_ZW=F_d5;55400;INTARIAN_PEPPER_ROOT;11025;15;11023;11;;;11034;22;11036;12;;;11029.5;0.0
yf_ZW=F_d5;55500;ASH_COATED_OSMIUM;9945;21;9941;16;;;9962;10;9966;24;;;9953.5;0.0
yf_ZW=F_d5;55500;INTARIAN_PEPPER_ROOT;11024;9;11022;12;;;11032;14;11034;17;;;11028.0;0.0
yf_ZW=F_d5;55600;ASH_COATED_OSMIUM;9950;17;9946;11;;;9957;11;9959;20;;;9953.5;0.0
yf_ZW=F_d5;55600;INTARIAN_PEPPER_ROOT;11019;21;11015;18;;;11033;14;11037;11;;;11026.0;0.0
yf_ZW=F_d5;55700;ASH_COATED_OSMIUM;9951;17;9947;21;;;9957;14;9960;18;;;9954.0;0.0
yf_ZW=F_d5;55700;INTARIAN_PEPPER_ROOT;11022;16;11018;25;;;11028;21;11032;28;;;11025.0;0.0
yf_ZW=F_d5;55800;ASH_COATED_OSMIUM;9951;11;9947;23;;;9958;9;9960;22;;;9954.5;0.0
yf_ZW=F_d5;55800;INTARIAN_PEPPER_ROOT;11021;6;11019;18;;;11027;14;11031;16;;;11024.0;0.0
yf_ZW=F_d5;55900;ASH_COATED_OSMIUM;9948;10;9946;14;;;9960;14;9964;17;;;9954.0;0.0
yf_ZW=F_d5;55900;INTARIAN_PEPPER_ROOT;11019;12;11017;22;;;11026;12;11028;20;;;11022.5;0.0
yf_ZW=F_d5;56000;ASH_COATED_OSMIUM;9951;18;9949;18;;;9957;19;9959;13;;;9954.0;0.0
yf_ZW=F_d5;56000;INTARIAN_PEPPER_ROOT;11018;19;11016;19;;;11024;10;11027;21;;;11021.0;0.0
yf_ZW=F_d5;56100;ASH_COATED_OSMIUM;9941;8;9937;21;;;9967;15;9971;8;;;9954.0;0.0
yf_ZW=F_d5;56100;INTARIAN_PEPPER_ROOT;11017;16;11015;28;;;11023;13;11025;31;;;11020.0;0.0
yf_ZW=F_d5;56200;ASH_COATED_OSMIUM;9951;19;9949;19;;;9957;5;9961;21;;;9954.0;0.0
yf_ZW=F_d5;56200;INTARIAN_PEPPER_ROOT;11016;9;11014;19;;;11022;16;11025;29;;;11019.0;0.0
yf_ZW=F_d5;56300;ASH_COATED_OSMIUM;9952;21;9950;17;;;9958;6;9960;24;;;9955.0;0.0
yf_ZW=F_d5;56300;INTARIAN_PEPPER_ROOT;11014;11;11011;20;;;11020;10;11023;17;;;11017.0;0.0
yf_ZW=F_d5;56400;ASH_COATED_OSMIUM;9952;6;9950;17;;;9958;17;9960;23;;;9955.0;0.0
yf_ZW=F_d5;56400;INTARIAN_PEPPER_ROOT;11011;14;11007;9;;;11020;10;11024;16;;;11015.5;0.0
yf_ZW=F_d5;56500;ASH_COATED_OSMIUM;9949;16;9946;8;;;9959;18;9961;26;;;9954.0;0.0
yf_ZW=F_d5;56500;INTARIAN_PEPPER_ROOT;11012;6;11008;18;;;11018;11;11022;15;;;11015.0;0.0
yf_ZW=F_d5;56600;ASH_COATED_OSMIUM;9951;13;9947;27;;;9958;16;9960;19;;;9954.5;0.0
yf_ZW=F_d5;56600;INTARIAN_PEPPER_ROOT;11010;16;11006;19;;;11016;5;11020;24;;;11013.0;0.0
yf_ZW=F_d5;56700;ASH_COATED_OSMIUM;9952;17;9950;15;;;9958;13;9960;24;;;9955.0;0.0
yf_ZW=F_d5;56700;INTARIAN_PEPPER_ROOT;11008;8;11004;30;;;11016;18;11019;24;;;11012.0;0.0
yf_ZW=F_d5;56800;ASH_COATED_OSMIUM;9953;16;9951;22;;;9959;14;9963;29;;;9956.0;0.0
yf_ZW=F_d5;56800;INTARIAN_PEPPER_ROOT;11004;19;11002;16;;;11017;20;11020;14;;;11010.5;0.0
yf_ZW=F_d5;56900;ASH_COATED_OSMIUM;9952;18;9948;24;;;9958;12;9961;23;;;9955.0;0.0
yf_ZW=F_d5;56900;INTARIAN_PEPPER_ROOT;11007;19;11005;27;;;11013;16;11017;17;;;11010.0;0.0
yf_ZW=F_d5;57000;ASH_COATED_OSMIUM;9953;24;9949;26;;;9959;14;9962;19;;;9956.0;0.0
yf_ZW=F_d5;57000;INTARIAN_PEPPER_ROOT;11005;12;11001;23;;;11011;13;11014;22;;;11008.0;0.0
yf_ZW=F_d5;57100;ASH_COATED_OSMIUM;9952;6;9950;17;;;9958;22;9962;21;;;9955.0;0.0
yf_ZW=F_d5;57100;INTARIAN_PEPPER_ROOT;11004;17;11002;23;;;11010;21;11014;18;;;11007.0;0.0
yf_ZW=F_d5;57200;ASH_COATED_OSMIUM;9953;13;9950;17;;;9959;9;9963;19;;;9956.0;0.0
yf_ZW=F_d5;57200;INTARIAN_PEPPER_ROOT;11003;13;11000;22;;;11009;19;11012;26;;;11006.0;0.0
yf_ZW=F_d5;57300;ASH_COATED_OSMIUM;9952;13;9948;24;;;9958;9;9960;22;;;9955.0;0.0
yf_ZW=F_d5;57300;INTARIAN_PEPPER_ROOT;11002;13;11000;27;;;11008;23;11012;21;;;11005.0;0.0
yf_ZW=F_d5;57400;ASH_COATED_OSMIUM;9953;20;9949;25;;;9960;7;9964;8;;;9956.5;0.0
yf_ZW=F_d5;57400;INTARIAN_PEPPER_ROOT;10996;11;10992;19;;;11010;23;11014;18;;;11003.0;0.0
yf_ZW=F_d5;57500;ASH_COATED_OSMIUM;9953;12;9950;23;;;9959;10;9963;21;;;9956.0;0.0
yf_ZW=F_d5;57500;INTARIAN_PEPPER_ROOT;10998;7;10995;20;;;11004;9;11006;16;;;11001.0;0.0
yf_ZW=F_d5;57600;ASH_COATED_OSMIUM;9954;12;9952;17;;;9960;16;9962;26;;;9957.0;0.0
yf_ZW=F_d5;57600;INTARIAN_PEPPER_ROOT;10996;19;10993;21;;;11006;12;11010;13;;;11001.0;0.0
yf_ZW=F_d5;57700;ASH_COATED_OSMIUM;9952;7;9950;21;;;9962;11;9964;20;;;9957.0;0.0
yf_ZW=F_d5;57700;INTARIAN_PEPPER_ROOT;10996;21;10992;14;;;11002;17;11004;17;;;10999.0;0.0
yf_ZW=F_d5;57800;ASH_COATED_OSMIUM;9953;16;9951;18;;;9960;11;9963;19;;;9956.5;0.0
yf_ZW=F_d5;57800;INTARIAN_PEPPER_ROOT;10994;12;10992;25;;;11000;11;11004;15;;;10997.0;0.0
yf_ZW=F_d5;57900;ASH_COATED_OSMIUM;9954;21;9952;16;;;9960;16;9962;30;;;9957.0;0.0
yf_ZW=F_d5;57900;INTARIAN_PEPPER_ROOT;10993;7;10989;28;;;10999;17;11001;20;;;10996.0;0.0
yf_ZW=F_d5;58000;ASH_COATED_OSMIUM;9954;23;9952;26;;;9960;5;9964;31;;;9957.0;0.0
yf_ZW=F_d5;58000;INTARIAN_PEPPER_ROOT;10985;22;10982;17;;;11006;27;11008;16;;;10995.5;0.0
yf_ZW=F_d5;58100;ASH_COATED_OSMIUM;9954;11;9951;13;;;9960;24;9964;17;;;9957.0;0.0
yf_ZW=F_d5;58100;INTARIAN_PEPPER_ROOT;10990;15;10988;19;;;10998;9;11001;26;;;10994.0;0.0
yf_ZW=F_d5;58200;ASH_COATED_OSMIUM;9954;12;9952;15;;;9960;16;9962;19;;;9957.0;0.0
yf_ZW=F_d5;58200;INTARIAN_PEPPER_ROOT;10989;19;10987;20;;;10995;8;10998;23;;;10992.0;0.0
yf_ZW=F_d5;58300;ASH_COATED_OSMIUM;9955;9;9953;18;;;9961;25;9963;24;;;9958.0;0.0
yf_ZW=F_d5;58300;INTARIAN_PEPPER_ROOT;10988;15;10986;23;;;10994;13;10997;17;;;10991.0;0.0
