day;timestamp;product;bid_price_1;bid_volume_1;bid_price_2;bid_volume_2;bid_price_3;bid_volume_3;ask_price_1;ask_volume_1;ask_price_2;ask_volume_2;ask_price_3;ask_volume_3;mid_price;profit_and_loss
yf_ZW=F_d3;0;ASH_COATED_OSMIUM;9908;15;9906;17;;;9915;5;9917;16;;;9911.5;0.0
yf_ZW=F_d3;0;INTARIAN_PEPPER_ROOT;10106;22;10104;22;;;10112;13;10116;17;;;10109.0;0.0
yf_ZW=F_d3;100;ASH_COATED_OSMIUM;9909;10;9906;19;;;9915;12;9918;13;;;9912.0;0.0
yf_ZW=F_d3;100;INTARIAN_PEPPER_ROOT;10105;12;10103;24;;;10111;21;10114;18;;;10108.0;0.0
yf_ZW=F_d3;200;ASH_COATED_OSMIUM;9909;11;9906;26;;;9915;13;9919;25;;;9912.0;0.0
yf_ZW=F_d3;200;INTARIAN_PEPPER_ROOT;10103;15;10100;21;;;10109;24;10113;17;;;10106.0;0.0
yf_ZW=F_d3;300;ASH_COATED_OSMIUM;9903;10;9899;24;;;9921;11;9923;23;;;9912.0;0.0
yf_ZW=F_d3;300;INTARIAN_PEPPER_ROOT;10103;10;10100;9;;;10109;12;10113;21;;;10106.0;0.0
yf_ZW=F_d3;400;ASH_COATED_OSMIUM;9909;12;9907;26;;;9915;19;9917;22;;;9912.0;0.0
yf_ZW=F_d3;400;INTARIAN_PEPPER_ROOT;10103;13;10100;25;;;10109;9;10111;12;;;10106.0;0.0
yf_ZW=F_d3;500;ASH_COATED_OSMIUM;9909;8;9905;18;;;9915;7;9919;20;;;9912.0;0.0
yf_ZW=F_d3;500;INTARIAN_PEPPER_ROOT;10102;21;10099;24;;;10108;17;10110;12;;;10105.0;0.0
yf_ZW=F_d3;600;ASH_COATED_OSMIUM;9909;13;9907;25;;;9915;18;9917;21;;;9912.0;0.0
yf_ZW=F_d3;600;INTARIAN_PEPPER_ROOT;10101;18;10097;11;;;10107;9;10110;28;;;10104.0;0.0
yf_ZW=F_d3;700;ASH_COATED_OSMIUM;9909;10;9907;24;;;9915;8;9918;25;;;9912.0;0.0
yf_ZW=F_d3;700;INTARIAN_PEPPER_ROOT;10098;14;10096;17;;;10108;12;10110;19;;;10103.0;0.0
yf_ZW=F_d3;800;ASH_COATED_OSMIUM;9907;18;9903;15;;;9918;13;9921;15;;;9912.5;0.0
yf_ZW=F_d3;800;INTARIAN_PEPPER_ROOT;10100;21;10097;22;;;10106;14;10109;14;;;10103.0;0.0
yf_ZW=F_d3;900;ASH_COATED_OSMIUM;9904;15;9901;19;;;9919;20;9923;16;;;9911.5;0.0
yf_ZW=F_d3;900;INTARIAN_PEPPER_ROOT;10091;13;10089;25;;;10113;19;10115;17;;;10102.0;0.0
yf_ZW=F_d3;1000;ASH_COATED_OSMIUM;9901;9;9899;17;;;9924;15;9926;13;;;9912.5;0.0
yf_ZW=F_d3;1000;INTARIAN_PEPPER_ROOT;10084;18;10082;22;;;10120;11;10122;12;;;10102.0;0.0
yf_ZW=F_d3;1100;ASH_COATED_OSMIUM;9905;14;9901;19;;;9919;14;9921;24;;;9912.0;0.0
yf_ZW=F_d3;1100;INTARIAN_PEPPER_ROOT;10098;13;10094;13;;;10104;10;10107;26;;;10101.0;0.0
yf_ZW=F_d3;1200;ASH_COATED_OSMIUM;9908;7;9906;30;;;9915;5;9918;25;;;9911.5;0.0
yf_ZW=F_d3;1200;INTARIAN_PEPPER_ROOT;10097;18;10095;18;;;10103;5;10106;15;;;10100.0;0.0
yf_ZW=F_d3;1300;ASH_COATED_OSMIUM;9909;12;9907;19;;;9915;13;9917;30;;;9912.0;0.0
yf_ZW=F_d3;1300;INTARIAN_PEPPER_ROOT;10097;21;10095;22;;;10103;11;10107;22;;;10100.0;0.0
yf_ZW=F_d3;1400;ASH_COATED_OSMIUM;9906;18;9902;22;;;9919;15;9922;24;;;9912.5;0.0
yf_ZW=F_d3;1400;INTARIAN_PEPPER_ROOT;10096;15;10094;15;;;10102;12;10106;23;;;10099.0;0.0
yf_ZW=F_d3;1500;ASH_COATED_OSMIUM;9910;17;9906;25;;;9916;20;9919;12;;;9913.0;0.0
yf_ZW=F_d3;1500;INTARIAN_PEPPER_ROOT;10096;15;10093;26;;;10102;17;10106;22;;;10099.0;0.0
yf_ZW=F_d3;1600;ASH_COATED_OSMIUM;9910;12;9906;18;;;9916;17;9919;9;;;9913.0;0.0
yf_ZW=F_d3;1600;INTARIAN_PEPPER_ROOT;10095;19;10092;8;;;10101;12;10103;21;;;10098.0;0.0
yf_ZW=F_d3;1700;ASH_COATED_OSMIUM;9909;9;9906;18;;;9915;16;9918;16;;;9912.0;0.0
yf_ZW=F_d3;1700;INTARIAN_PEPPER_ROOT;10090;8;10086;16;;;10103;28;10106;17;;;10096.5;0.0
yf_ZW=F_d3;1800;ASH_COATED_OSMIUM;9910;15;9907;20;;;9916;14;9920;19;;;9913.0;0.0
yf_ZW=F_d3;1800;INTARIAN_PEPPER_ROOT;10093;18;10091;21;;;10099;22;10103;31;;;10096.0;0.0
yf_ZW=F_d3;1900;ASH_COATED_OSMIUM;9909;13;9905;19;;;9915;8;9919;15;;;9912.0;0.0
yf_ZW=F_d3;1900;INTARIAN_PEPPER_ROOT;10093;15;10091;20;;;10099;12;10101;22;;;10096.0;0.0
yf_ZW=F_d3;2000;ASH_COATED_OSMIUM;9910;12;9907;23;;;9916;13;9920;22;;;9913.0;0.0
yf_ZW=F_d3;2000;INTARIAN_PEPPER_ROOT;10092;16;10090;22;;;10098;6;10102;24;;;10095.0;0.0
yf_ZW=F_d3;2100;ASH_COATED_OSMIUM;9909;16;9907;20;;;9915;24;9917;21;;;9912.0;0.0
yf_ZW=F_d3;2100;INTARIAN_PEPPER_ROOT;10091;15;10089;26;;;10098;17;10100;20;;;10094.5;0.0
yf_ZW=F_d3;2200;ASH_COATED_OSMIUM;9910;5;9907;11;;;9916;6;9918;25;;;9913.0;0.0
yf_ZW=F_d3;2200;INTARIAN_PEPPER_ROOT;10090;8;10086;20;;;10098;13;10102;18;;;10094.0;0.0
yf_ZW=F_d3;2300;ASH_COATED_OSMIUM;9910;13;9906;17;;;9916;13;9919;17;;;9913.0;0.0
yf_ZW=F_d3;2300;INTARIAN_PEPPER_ROOT;10088;7;10084;21;;;10100;5;10103;20;;;10094.0;0.0
yf_ZW=F_d3;2400;ASH_COATED_OSMIUM;9906;10;9904;20;;;9919;20;9923;29;;;9912.5;0.0
yf_ZW=F_d3;2400;INTARIAN_PEPPER_ROOT;10089;13;10086;19;;;10095;25;10098;18;;;10092.0;0.0
yf_ZW=F_d3;2500;ASH_COATED_OSMIUM;9910;11;9907;23;;;9916;15;9920;12;;;9913.0;0.0
yf_ZW=F_d3;2500;INTARIAN_PEPPER_ROOT;10089;13;10085;26;;;10095;16;10099;13;;;10092.0;0.0
yf_ZW=F_d3;2600;ASH_COATED_OSMIUM;9910;5;9908;22;;;9916;19;9918;20;;;9913.0;0.0
yf_ZW=F_d3;2600;INTARIAN_PEPPER_ROOT;10088;16;10086;15;;;10094;5;10097;17;;;10091.0;0.0
yf_ZW=F_d3;2700;ASH_COATED_OSMIUM;9906;19;9903;16;;;9921;23;9925;20;;;9913.5;0.0
yf_ZW=F_d3;2700;INTARIAN_PEPPER_ROOT;10088;12;10085;23;;;10094;14;10096;23;;;10091.0;0.0
yf_ZW=F_d3;2800;ASH_COATED_OSMIUM;9910;15;9908;15;;;9916;10;9919;17;;;9913.0;0.0
yf_ZW=F_d3;2800;INTARIAN_PEPPER_ROOT;10081;10;10079;24;;;10100;12;10104;24;;;10090.5;0.0
yf_ZW=F_d3;2900;ASH_COATED_OSMIUM;9902;23;9899;19;;;9925;26;9927;15;;;9913.5;0.0
yf_ZW=F_d3;2900;INTARIAN_PEPPER_ROOT;10085;8;10083;14;;;10095;21;10097;10;;;10090.0;0.0
yf_ZW=F_d3;3000;ASH_COATED_OSMIUM;9903;17;9901;17;;;9922;15;9925;17;;;9912.5;0.0
yf_ZW=F_d3;3000;INTARIAN_PEPPER_ROOT;10085;15;10082;22;;;10091;25;10095;24;;;10088.0;0.0
yf_ZW=F_d3;3100;ASH_COATED_OSMIUM;9908;22;9906;24;;;9918;16;9920;25;;;9913.0;0.0
yf_ZW=F_d3;3100;INTARIAN_PEPPER_ROOT;10085;13;10083;10;;;10091;16;10095;22;;;10088.0;0.0
yf_ZW=F_d3;3200;ASH_COATED_OSMIUM;9908;18;9904;24;;;9918;14;9920;19;;;9913.0;0.0
yf_ZW=F_d3;3200;INTARIAN_PEPPER_ROOT;10084;13;10080;19;;;10090;7;10094;24;;;10087.0;0.0
yf_ZW=F_d3;3300;ASH_COATED_OSMIUM;9903;18;9899;17;;;9922;14;9924;29;;;9912.5;0.0
yf_ZW=F_d3;3300;INTARIAN_PEPPER_ROOT;10084;6;10081;12;;;10090;14;10092;19;;;10087.0;0.0
yf_ZW=F_d3;3400;ASH_COATED_OSMIUM;9910;16;9907;21;;;9916;21;9920;22;;;9913.0;0.0
yf_ZW=F_d3;3400;INTARIAN_PEPPER_ROOT;10083;15;10081;19;;;10089;9;10091;33;;;10086.0;0.0
yf_ZW=F_d3;3500;ASH_COATED_OSMIUM;9909;20;9907;20;;;9916;23;9918;14;;;9912.5;0.0
yf_ZW=F_d3;3500;INTARIAN_PEPPER_ROOT;10083;20;10081;17;;;10089;14;10093;16;;;10086.0;0.0
yf_ZW=F_d3;3600;ASH_COATED_OSMIUM;9906;22;9902;16;;;9921;14;9924;14;;;9913.5;0.0
yf_ZW=F_d3;3600;INTARIAN_PEPPER_ROOT;10082;13;10080;17;;;10088;22;10090;24;;;10085.0;0.0
yf_ZW=F_d3;3700;ASH_COATED_OSMIUM;9910;10;9908;21;;;9916;20;9919;20;;;9913.0;0.0
yf_ZW=F_d3;3700;INTARIAN_PEPPER_ROOT;10081;7;10078;24;;;10087;14;10091;12;;;10084.0;0.0
yf_ZW=F_d3;3800;ASH_COATED_OSMIUM;9910;19;9907;20;;;9917;20;9920;15;;;9913.5;0.0
yf_ZW=F_d3;3800;INTARIAN_PEPPER_ROOT;10080;23;10078;15;;;10087;17;10091;15;;;10083.5;0.0
yf_ZW=F_d3;3900;ASH_COATED_OSMIUM;9910;16;9908;17;;;9916;9;9919;21;;;9913.0;0.0
yf_ZW=F_d3;3900;INTARIAN_PEPPER_ROOT;10080;14;10077;20;;;10086;23;10088;23;;;10083.0;0.0
yf_ZW=F_d3;4000;ASH_COATED_OSMIUM;9910;17;9908;29;;;9916;13;9919;23;;;9913.0;0.0
yf_ZW=F_d3;4000;INTARIAN_PEPPER_ROOT;10075;6;10071;26;;;10090;17;10093;22;;;10082.5;0.0
yf_ZW=F_d3;4100;ASH_COATED_OSMIUM;9911;18;9909;21;;;9917;17;9919;19;;;9914.0;0.0
yf_ZW=F_d3;4100;INTARIAN_PEPPER_ROOT;10077;15;10074;23;;;10086;19;10089;21;;;10081.5;0.0
yf_ZW=F_d3;4200;ASH_COATED_OSMIUM;9908;15;9906;21;;;9919;23;9923;23;;;9913.5;0.0
yf_ZW=F_d3;4200;INTARIAN_PEPPER_ROOT;10079;16;10076;21;;;10085;13;10087;25;;;10082.0;0.0
yf_ZW=F_d3;4300;ASH_COATED_OSMIUM;9908;19;9906;20;;;9919;14;9922;17;;;9913.5;0.0
yf_ZW=F_d3;4300;INTARIAN_PEPPER_ROOT;10076;9;10074;22;;;10085;16;10088;18;;;10080.5;0.0
yf_ZW=F_d3;4400;ASH_COATED_OSMIUM;9911;9;9909;22;;;9917;12;9919;17;;;9914.0;0.0
yf_ZW=F_d3;4400;INTARIAN_PEPPER_ROOT;10077;16;10073;17;;;10083;22;10087;24;;;10080.0;0.0
yf_ZW=F_d3;4500;ASH_COATED_OSMIUM;9907;14;9905;26;;;9920;10;9924;21;;;9913.5;0.0
yf_ZW=F_d3;4500;INTARIAN_PEPPER_ROOT;10076;17;10073;10;;;10082;12;10086;22;;;10079.0;0.0
yf_ZW=F_d3;4600;ASH_COATED_OSMIUM;9905;11;9903;16;;;9923;13;9925;20;;;9914.0;0.0
yf_ZW=F_d3;4600;INTARIAN_PEPPER_ROOT;10072;14;10070;18;;;10086;16;10089;16;;;10079.0;0.0
yf_ZW=F_d3;4700;ASH_COATED_OSMIUM;9911;12;9908;25;;;9917;14;9921;22;;;9914.0;0.0
yf_ZW=F_d3;4700;INTARIAN_PEPPER_ROOT;10074;20;10072;18;;;10080;17;10083;13;;;10077.0;0.0
yf_ZW=F_d3;4800;ASH_COATED_OSMIUM;9911;9;9909;12;;;9917;17;9921;19;;;9914.0;0.0
yf_ZW=F_d3;4800;INTARIAN_PEPPER_ROOT;10074;12;10071;28;;;10080;8;10083;24;;;10077.0;0.0
yf_ZW=F_d3;4900;ASH_COATED_OSMIUM;9906;9;9904;19;;;9921;18;9923;20;;;9913.5;0.0
yf_ZW=F_d3;4900;INTARIAN_PEPPER_ROOT;10073;17;10071;15;;;10079;20;10083;15;;;10076.0;0.0
yf_ZW=F_d3;5000;ASH_COATED_OSMIUM;9911;18;9908;28;;;9917;12;9920;16;;;9914.0;0.0
yf_ZW=F_d3;5000;INTARIAN_PEPPER_ROOT;10072;15;10070;23;;;10079;24;10081;17;;;10075.5;0.0
yf_ZW=F_d3;5100;ASH_COATED_OSMIUM;9910;17;9908;24;;;9916;11;9919;9;;;9913.0;0.0
yf_ZW=F_d3;5100;INTARIAN_PEPPER_ROOT;10072;16;10068;21;;;10078;9;10082;21;;;10075.0;0.0
yf_ZW=F_d3;5200;ASH_COATED_OSMIUM;9910;17;9908;24;;;9919;16;9922;29;;;9914.5;0.0
yf_ZW=F_d3;5200;INTARIAN_PEPPER_ROOT;10072;16;10070;18;;;10078;5;10082;19;;;10075.0;0.0
yf_ZW=F_d3;5300;ASH_COATED_OSMIUM;9907;13;9903;23;;;9921;20;9925;14;;;9914.0;0.0
yf_ZW=F_d3;5300;INTARIAN_PEPPER_ROOT;10072;20;10070;15;;;10078;11;10081;23;;;10075.0;0.0
yf_ZW=F_d3;5400;ASH_COATED_OSMIUM;9911;18;9907;13;;;9917;16;9919;16;;;9914.0;0.0
yf_ZW=F_d3;5400;INTARIAN_PEPPER_ROOT;10065;10;10063;19;;;10081;5;10084;14;;;10073.0;0.0
yf_ZW=F_d3;5500;ASH_COATED_OSMIUM;9911;14;9909;11;;;9917;16;9921;27;;;9914.0;0.0
yf_ZW=F_d3;5500;INTARIAN_PEPPER_ROOT;10068;11;10066;23;;;10077;17;10079;24;;;10072.5;0.0
yf_ZW=F_d3;5600;ASH_COATED_OSMIUM;9911;10;9908;17;;;9917;16;9921;22;;;9914.0;0.0
yf_ZW=F_d3;5600;INTARIAN_PEPPER_ROOT;10069;11;10067;19;;;10075;21;10078;21;;;10072.0;0.0
yf_ZW=F_d3;5700;ASH_COATED_OSMIUM;9909;24;9906;20;;;9920;12;9923;24;;;9914.5;0.0
yf_ZW=F_d3;5700;INTARIAN_PEPPER_ROOT;10069;9;10065;20;;;10075;15;10079;18;;;10072.0;0.0
yf_ZW=F_d3;5800;ASH_COATED_OSMIUM;9911;7;9909;13;;;9917;20;9920;20;;;9914.0;0.0
yf_ZW=F_d3;5800;INTARIAN_PEPPER_ROOT;10067;13;10063;24;;;10073;7;10076;22;;;10070.0;0.0
yf_ZW=F_d3;5900;ASH_COATED_OSMIUM;9911;8;9908;29;;;9917;20;9920;15;;;9914.0;0.0
yf_ZW=F_d3;5900;INTARIAN_PEPPER_ROOT;10064;14;10062;26;;;10075;19;10078;18;;;10069.5;0.0
yf_ZW=F_d3;6000;ASH_COATED_OSMIUM;9912;15;9910;25;;;9918;13;9921;24;;;9915.0;0.0
yf_ZW=F_d3;6000;INTARIAN_PEPPER_ROOT;10066;21;10064;26;;;10072;18;10074;11;;;10069.0;0.0
yf_ZW=F_d3;6100;ASH_COATED_OSMIUM;9911;9;9908;21;;;9917;10;9921;13;;;9914.0;0.0
yf_ZW=F_d3;6100;INTARIAN_PEPPER_ROOT;10066;6;10063;19;;;10072;13;10076;24;;;10069.0;0.0
yf_ZW=F_d3;6200;ASH_COATED_OSMIUM;9912;15;9910;15;;;9918;9;9921;22;;;9915.0;0.0
yf_ZW=F_d3;6200;INTARIAN_PEPPER_ROOT;10063;16;10059;21;;;10074;21;10077;15;;;10068.5;0.0
yf_ZW=F_d3;6300;ASH_COATED_OSMIUM;9911;14;9907;17;;;9917;13;9920;13;;;9914.0;0.0
yf_ZW=F_d3;6300;INTARIAN_PEPPER_ROOT;10062;8;10059;26;;;10074;10;10076;19;;;10068.0;0.0
yf_ZW=F_d3;6400;ASH_COATED_OSMIUM;9909;15;9906;15;;;9919;23;9921;18;;;9914.0;0.0
yf_ZW=F_d3;6400;INTARIAN_PEPPER_ROOT;10064;9;10062;27;;;10070;8;10073;19;;;10067.0;0.0
yf_ZW=F_d3;6500;ASH_COATED_OSMIUM;9911;9;9907;23;;;9917;8;9920;21;;;9914.0;0.0
yf_ZW=F_d3;6500;INTARIAN_PEPPER_ROOT;10064;17;10061;27;;;10070;11;10072;14;;;10067.0;0.0
yf_ZW=F_d3;6600;ASH_COATED_OSMIUM;9911;19;9909;19;;;9917;15;9921;20;;;9914.0;0.0
yf_ZW=F_d3;6600;INTARIAN_PEPPER_ROOT;10062;10;10058;17;;;10068;12;10071;24;;;10065.0;0.0
yf_ZW=F_d3;6700;ASH_COATED_OSMIUM;9911;7;9907;33;;;9917;10;9919;19;;;9914.0;0.0
yf_ZW=F_d3;6700;INTARIAN_PEPPER_ROOT;10062;19;10059;18;;;10068;21;10070;21;;;10065.0;0.0
yf_ZW=F_d3;6800;ASH_COATED_OSMIUM;9911;6;9909;26;;;9918;16;9922;17;;;9914.5;0.0
yf_ZW=F_d3;6800;INTARIAN_PEPPER_ROOT;10060;18;10057;21;;;10066;10;10068;17;;;10063.0;0.0
yf_ZW=F_d3;6900;ASH_COATED_OSMIUM;9912;17;9908;11;;;9918;18;9920;11;;;9915.0;0.0
yf_ZW=F_d3;6900;INTARIAN_PEPPER_ROOT;10060;5;10057;27;;;10066;22;10070;27;;;10063.0;0.0
yf_ZW=F_d3;7000;ASH_COATED_OSMIUM;9902;9;9900;25;;;9926;17;9929;16;;;9914.0;0.0
yf_ZW=F_d3;7000;INTARIAN_PEPPER_ROOT;10058;17;10056;17;;;10070;26;10073;20;;;10064.0;0.0
yf_ZW=F_d3;7100;ASH_COATED_OSMIUM;9900;11;9898;19;;;9928;20;9932;28;;;9914.0;0.0
yf_ZW=F_d3;7100;INTARIAN_PEPPER_ROOT;10060;7;10057;18;;;10066;20;10068;19;;;10063.0;0.0
yf_ZW=F_d3;7200;ASH_COATED_OSMIUM;9912;5;9910;11;;;9918;12;9922;35;;;9915.0;0.0
yf_ZW=F_d3;7200;INTARIAN_PEPPER_ROOT;10059;19;10055;21;;;10065;21;10069;20;;;10062.0;0.0
yf_ZW=F_d3;7300;ASH_COATED_OSMIUM;9912;12;9909;17;;;9918;24;9922;22;;;9915.0;0.0
yf_ZW=F_d3;7300;INTARIAN_PEPPER_ROOT;10058;17;10055;26;;;10064;14;10068;23;;;10061.0;0.0
yf_ZW=F_d3;7400;ASH_COATED_OSMIUM;9911;16;9908;17;;;9917;22;9920;16;;;9914.0;0.0
yf_ZW=F_d3;7400;INTARIAN_PEPPER_ROOT;10056;8;10052;20;;;10065;15;10067;20;;;10060.5;0.0
yf_ZW=F_d3;7500;ASH_COATED_OSMIUM;9912;6;9910;19;;;9918;18;9922;20;;;9915.0;0.0
yf_ZW=F_d3;7500;INTARIAN_PEPPER_ROOT;10055;12;10051;23;;;10063;20;10067;16;;;10059.0;0.0
yf_ZW=F_d3;7600;ASH_COATED_OSMIUM;9907;22;9905;21;;;9921;6;9923;14;;;9914.0;0.0
yf_ZW=F_d3;7600;INTARIAN_PEPPER_ROOT;10051;5;10049;13;;;10068;9;10072;19;;;10059.5;0.0
yf_ZW=F_d3;7700;ASH_COATED_OSMIUM;9911;24;9907;25;;;9917;8;9920;20;;;9914.0;0.0
yf_ZW=F_d3;7700;INTARIAN_PEPPER_ROOT;10051;10;10049;20;;;10066;7;10069;18;;;10058.5;0.0
yf_ZW=F_d3;7800;ASH_COATED_OSMIUM;9911;17;9907;29;;;9920;16;9924;23;;;9915.5;0.0
yf_ZW=F_d3;7800;INTARIAN_PEPPER_ROOT;10055;11;10051;29;;;10061;20;10063;18;;;10058.0;0.0
yf_ZW=F_d3;7900;ASH_COATED_OSMIUM;9904;15;9901;23;;;9925;20;9928;16;;;9914.5;0.0
yf_ZW=F_d3;7900;INTARIAN_PEPPER_ROOT;10054;10;10051;9;;;10060;16;10063;24;;;10057.0;0.0
yf_ZW=F_d3;8000;ASH_COATED_OSMIUM;9907;14;9905;19;;;9922;12;9925;16;;;9914.5;0.0
yf_ZW=F_d3;8000;INTARIAN_PEPPER_ROOT;10054;21;10050;23;;;10060;14;10063;17;;;10057.0;0.0
yf_ZW=F_d3;8100;ASH_COATED_OSMIUM;9912;19;9908;9;;;9918;9;9922;24;;;9915.0;0.0
yf_ZW=F_d3;8100;INTARIAN_PEPPER_ROOT;10053;7;10049;22;;;10059;15;10063;16;;;10056.0;0.0
yf_ZW=F_d3;8200;ASH_COATED_OSMIUM;9912;13;9910;10;;;9918;17;9921;11;;;9915.0;0.0
yf_ZW=F_d3;8200;INTARIAN_PEPPER_ROOT;10042;18;10039;19;;;10068;15;10072;14;;;10055.0;0.0
yf_ZW=F_d3;8300;ASH_COATED_OSMIUM;9909;20;9906;17;;;9921;19;9923;31;;;9915.0;0.0
yf_ZW=F_d3;8300;INTARIAN_PEPPER_ROOT;10052;23;10048;15;;;10058;13;10060;26;;;10055.0;0.0
yf_ZW=F_d3;8400;ASH_COATED_OSMIUM;9907;22;9905;29;;;9924;17;9926;19;;;9915.5;0.0
yf_ZW=F_d3;8400;INTARIAN_PEPPER_ROOT;10051;15;10049;20;;;10057;10;10059;21;;;10054.0;0.0
yf_ZW=F_d3;8500;ASH_COATED_OSMIUM;9912;19;9908;19;;;9918;14;9921;22;;;9915.0;0.0
yf_ZW=F_d3;8500;INTARIAN_PEPPER_ROOT;10051;12;10049;27;;;10057;15;10059;22;;;10054.0;0.0
yf_ZW=F_d3;8600;ASH_COATED_OSMIUM;9909;5;9907;24;;;9921;13;9923;14;;;9915.0;0.0
yf_ZW=F_d3;8600;INTARIAN_PEPPER_ROOT;10050;9;10046;15;;;10056;19;10060;17;;;10053.0;0.0
yf_ZW=F_d3;8700;ASH_COATED_OSMIUM;9912;17;9910;19;;;9918;5;9920;28;;;9915.0;0.0
yf_ZW=F_d3;8700;INTARIAN_PEPPER_ROOT;10050;13;10047;22;;;10056;15;10058;16;;;10053.0;0.0
yf_ZW=F_d3;8800;ASH_COATED_OSMIUM;9908;12;9904;19;;;9923;10;9926;20;;;9915.5;0.0
yf_ZW=F_d3;8800;INTARIAN_PEPPER_ROOT;10049;12;10046;20;;;10055;14;10059;20;;;10052.0;0.0
yf_ZW=F_d3;8900;ASH_COATED_OSMIUM;9913;14;9911;19;;;9919;9;9923;18;;;9916.0;0.0
yf_ZW=F_d3;8900;INTARIAN_PEPPER_ROOT;10048;14;10046;18;;;10054;16;10058;23;;;10051.0;0.0
yf_ZW=F_d3;9000;ASH_COATED_OSMIUM;9912;16;9909;21;;;9918;12;9921;25;;;9915.0;0.0
yf_ZW=F_d3;9000;INTARIAN_PEPPER_ROOT;10046;16;10042;22;;;10054;21;10057;18;;;10050.0;0.0
yf_ZW=F_d3;9100;ASH_COATED_OSMIUM;9912;15;9909;11;;;9918;21;9922;25;;;9915.0;0.0
yf_ZW=F_d3;9100;INTARIAN_PEPPER_ROOT;10047;23;10045;14;;;10053;9;10057;22;;;10050.0;0.0
yf_ZW=F_d3;9200;ASH_COATED_OSMIUM;9912;18;9910;20;;;9918;10;9921;26;;;9915.0;0.0
yf_ZW=F_d3;9200;INTARIAN_PEPPER_ROOT;10046;17;10042;12;;;10052;15;10055;25;;;10049.0;0.0
yf_ZW=F_d3;9300;ASH_COATED_OSMIUM;9908;18;9904;16;;;9922;21;9925;19;;;9915.0;0.0
yf_ZW=F_d3;9300;INTARIAN_PEPPER_ROOT;10045;18;10043;18;;;10051;15;10054;24;;;10048.0;0.0
yf_ZW=F_d3;9400;ASH_COATED_OSMIUM;9912;13;9909;19;;;9918;27;9922;21;;;9915.0;0.0
yf_ZW=F_d3;9400;INTARIAN_PEPPER_ROOT;10045;14;10042;17;;;10051;7;10054;21;;;10048.0;0.0
yf_ZW=F_d3;9500;ASH_COATED_OSMIUM;9908;16;9906;8;;;9924;16;9926;17;;;9916.0;0.0
yf_ZW=F_d3;9500;INTARIAN_PEPPER_ROOT;10044;11;10041;29;;;10050;20;10054;17;;;10047.0;0.0
yf_ZW=F_d3;9600;ASH_COATED_OSMIUM;9913;17;9909;18;;;9919;16;9923;21;;;9916.0;0.0
yf_ZW=F_d3;9600;INTARIAN_PEPPER_ROOT;10040;22;10038;19;;;10053;17;10055;21;;;10046.5;0.0
yf_ZW=F_d3;9700;ASH_COATED_OSMIUM;9912;10;9908;21;;;9918;20;9921;24;;;9915.0;0.0
yf_ZW=F_d3;9700;INTARIAN_PEPPER_ROOT;10041;20;10038;24;;;10051;13;10054;8;;;10046.0;0.0
yf_ZW=F_d3;9800;ASH_COATED_OSMIUM;9913;14;9909;17;;;9919;18;9922;24;;;9916.0;0.0
yf_ZW=F_d3;9800;INTARIAN_PEPPER_ROOT;10038;12;10036;31;;;10052;15;10055;8;;;10045.0;0.0
yf_ZW=F_d3;9900;ASH_COATED_OSMIUM;9900;9;9897;20;;;9931;19;9933;21;;;9915.5;0.0
yf_ZW=F_d3;9900;INTARIAN_PEPPER_ROOT;10042;11;10040;16;;;10048;10;10051;22;;;10045.0;0.0
yf_ZW=F_d3;10000;ASH_COATED_OSMIUM;9912;15;9909;13;;;9919;12;9922;14;;;9915.5;0.0
yf_ZW=F_d3;10000;INTARIAN_PEPPER_ROOT;10035;12;10033;21;;;10053;21;10057;24;;;10044.0;0.0
yf_ZW=F_d3;10100;ASH_COATED_OSMIUM;9912;21;9909;13;;;9919;18;9923;18;;;9915.5;0.0
yf_ZW=F_d3;10100;INTARIAN_PEPPER_ROOT;10040;16;10037;17;;;10046;21;10049;22;;;10043.0;0.0
yf_ZW=F_d3;10200;ASH_COATED_OSMIUM;9909;8;9907;14;;;9923;10;9927;19;;;9916.0;0.0
yf_ZW=F_d3;10200;INTARIAN_PEPPER_ROOT;10035;7;10033;10;;;10049;6;10051;22;;;10042.0;0.0
yf_ZW=F_d3;10300;ASH_COATED_OSMIUM;9903;19;9899;17;;;9927;5;9930;25;;;9915.0;0.0
yf_ZW=F_d3;10300;INTARIAN_PEPPER_ROOT;10039;7;10035;16;;;10045;13;10049;26;;;10042.0;0.0
yf_ZW=F_d3;10400;ASH_COATED_OSMIUM;9913;12;9911;20;;;9919;14;9921;18;;;9916.0;0.0
yf_ZW=F_d3;10400;INTARIAN_PEPPER_ROOT;10039;19;10037;16;;;10045;13;10048;9;;;10042.0;0.0
yf_ZW=F_d3;10500;ASH_COATED_OSMIUM;9902;18;9899;15;;;9930;17;9934;18;;;9916.0;0.0
yf_ZW=F_d3;10500;INTARIAN_PEPPER_ROOT;10025;19;10023;19;;;10055;16;10059;14;;;10040.0;0.0
yf_ZW=F_d3;10600;ASH_COATED_OSMIUM;9913;11;9910;24;;;9919;18;9921;12;;;9916.0;0.0
yf_ZW=F_d3;10600;INTARIAN_PEPPER_ROOT;10037;12;10035;20;;;10043;16;10045;21;;;10040.0;0.0
yf_ZW=F_d3;10700;ASH_COATED_OSMIUM;9910;8;9906;22;;;9922;19;9926;19;;;9916.0;0.0
yf_ZW=F_d3;10700;INTARIAN_PEPPER_ROOT;10036;15;10033;13;;;10042;5;10046;31;;;10039.0;0.0
yf_ZW=F_d3;10800;ASH_COATED_OSMIUM;9913;5;9910;8;;;9919;10;9921;21;;;9916.0;0.0
yf_ZW=F_d3;10800;INTARIAN_PEPPER_ROOT;10035;11;10031;28;;;10041;22;10044;24;;;10038.0;0.0
yf_ZW=F_d3;10900;ASH_COATED_OSMIUM;9913;6;9909;24;;;9919;12;9921;19;;;9916.0;0.0
yf_ZW=F_d3;10900;INTARIAN_PEPPER_ROOT;10035;12;10032;29;;;10041;18;10043;14;;;10038.0;0.0
yf_ZW=F_d3;11000;ASH_COATED_OSMIUM;9910;13;9906;23;;;9922;9;9925;26;;;9916.0;0.0
yf_ZW=F_d3;11000;INTARIAN_PEPPER_ROOT;10034;20;10030;16;;;10040;17;10044;10;;;10037.0;0.0
yf_ZW=F_d3;11100;ASH_COATED_OSMIUM;9901;11;9897;24;;;9932;10;9935;18;;;9916.5;0.0
yf_ZW=F_d3;11100;INTARIAN_PEPPER_ROOT;10034;21;10032;23;;;10040;19;10042;21;;;10037.0;0.0
yf_ZW=F_d3;11200;ASH_COATED_OSMIUM;9913;10;9909;10;;;9919;9;9923;20;;;9916.0;0.0
yf_ZW=F_d3;11200;INTARIAN_PEPPER_ROOT;10031;16;10029;21;;;10042;15;10045;11;;;10036.5;0.0
yf_ZW=F_d3;11300;ASH_COATED_OSMIUM;9913;17;9910;11;;;9919;20;9922;19;;;9916.0;0.0
yf_ZW=F_d3;11300;INTARIAN_PEPPER_ROOT;10033;17;10030;16;;;10039;15;10041;25;;;10036.0;0.0
yf_ZW=F_d3;11400;ASH_COATED_OSMIUM;9913;7;9909;21;;;9919;23;9923;28;;;9916.0;0.0
yf_ZW=F_d3;11400;INTARIAN_PEPPER_ROOT;10026;16;10022;23;;;10044;12;10047;20;;;10035.0;0.0
yf_ZW=F_d3;11500;ASH_COATED_OSMIUM;9913;14;9910;17;;;9919;13;9921;22;;;9916.0;0.0
yf_ZW=F_d3;11500;INTARIAN_PEPPER_ROOT;10031;21;10029;22;;;10037;12;10039;22;;;10034.0;0.0
yf_ZW=F_d3;11600;ASH_COATED_OSMIUM;9906;11;9904;16;;;9927;20;9930;14;;;9916.5;0.0
yf_ZW=F_d3;11600;INTARIAN_PEPPER_ROOT;10031;16;10027;22;;;10037;17;10039;18;;;10034.0;0.0
yf_ZW=F_d3;11700;ASH_COATED_OSMIUM;9913;5;9909;21;;;9919;17;9922;17;;;9916.0;0.0
yf_ZW=F_d3;11700;INTARIAN_PEPPER_ROOT;10030;14;10027;22;;;10037;18;10039;23;;;10033.5;0.0
yf_ZW=F_d3;11800;ASH_COATED_OSMIUM;9913;9;9910;14;;;9919;19;9922;20;;;9916.0;0.0
yf_ZW=F_d3;11800;INTARIAN_PEPPER_ROOT;10029;17;10025;13;;;10035;5;10039;11;;;10032.0;0.0
yf_ZW=F_d3;11900;ASH_COATED_OSMIUM;9914;16;9911;25;;;9920;19;9924;21;;;9917.0;0.0
yf_ZW=F_d3;11900;INTARIAN_PEPPER_ROOT;10022;17;10020;16;;;10040;22;10044;15;;;10031.0;0.0
yf_ZW=F_d3;12000;ASH_COATED_OSMIUM;9913;5;9911;16;;;9919;9;9922;18;;;9916.0;0.0
yf_ZW=F_d3;12000;INTARIAN_PEPPER_ROOT;10028;10;10024;15;;;10034;14;10038;24;;;10031.0;0.0
yf_ZW=F_d3;12100;ASH_COATED_OSMIUM;9913;16;9909;11;;;9919;15;9921;27;;;9916.0;0.0
yf_ZW=F_d3;12100;INTARIAN_PEPPER_ROOT;10027;14;10024;22;;;10033;16;10035;19;;;10030.0;0.0
yf_ZW=F_d3;12200;ASH_COATED_OSMIUM;9911;23;9907;24;;;9921;8;9925;18;;;9916.0;0.0
yf_ZW=F_d3;12200;INTARIAN_PEPPER_ROOT;9993;19;9991;28;;;10066;18;10069;26;;;10029.5;0.0
yf_ZW=F_d3;12300;ASH_COATED_OSMIUM;9913;18;9910;14;;;9919;16;9923;18;;;9916.0;0.0
yf_ZW=F_d3;12300;INTARIAN_PEPPER_ROOT;10026;14;10022;24;;;10032;12;10036;15;;;10029.0;0.0
yf_ZW=F_d3;12400;ASH_COATED_OSMIUM;9913;10;9911;19;;;9920;12;9923;23;;;9916.5;0.0
yf_ZW=F_d3;12400;INTARIAN_PEPPER_ROOT;10025;16;10021;21;;;10031;8;10035;24;;;10028.0;0.0
yf_ZW=F_d3;12500;ASH_COATED_OSMIUM;9910;20;9906;22;;;9922;25;9924;20;;;9916.0;0.0
yf_ZW=F_d3;12500;INTARIAN_PEPPER_ROOT;10025;14;10021;20;;;10031;11;10034;21;;;10028.0;0.0
yf_ZW=F_d3;12600;ASH_COATED_OSMIUM;9914;7;9912;9;;;9920;17;9922;21;;;9917.0;0.0
yf_ZW=F_d3;12600;INTARIAN_PEPPER_ROOT;10024;13;10022;16;;;10030;18;10032;14;;;10027.0;0.0
yf_ZW=F_d3;12700;ASH_COATED_OSMIUM;9914;17;9910;10;;;9920;13;9922;15;;;9917.0;0.0
yf_ZW=F_d3;12700;INTARIAN_PEPPER_ROOT;10023;9;10019;23;;;10029;16;10032;17;;;10026.0;0.0
yf_ZW=F_d3;12800;ASH_COATED_OSMIUM;9914;11;9911;21;;;9920;11;9924;22;;;9917.0;0.0
yf_ZW=F_d3;12800;INTARIAN_PEPPER_ROOT;10023;21;10019;22;;;10029;21;10033;16;;;10026.0;0.0
yf_ZW=F_d3;12900;ASH_COATED_OSMIUM;9913;11;9911;22;;;9919;5;9923;23;;;9916.0;0.0
yf_ZW=F_d3;12900;INTARIAN_PEPPER_ROOT;10022;18;10019;20;;;10028;7;10032;23;;;10025.0;0.0
yf_ZW=F_d3;13000;ASH_COATED_OSMIUM;9913;14;9910;24;;;9921;20;9925;28;;;9917.0;0.0
yf_ZW=F_d3;13000;INTARIAN_PEPPER_ROOT;10022;25;10020;21;;;10028;10;10031;15;;;10025.0;0.0
yf_ZW=F_d3;13100;ASH_COATED_OSMIUM;9914;22;9911;16;;;9921;13;9923;18;;;9917.5;0.0
yf_ZW=F_d3;13100;INTARIAN_PEPPER_ROOT;10022;14;10020;22;;;10028;5;10031;16;;;10025.0;0.0
yf_ZW=F_d3;13200;ASH_COATED_OSMIUM;9914;9;9912;22;;;9920;21;9924;18;;;9917.0;0.0
yf_ZW=F_d3;13200;INTARIAN_PEPPER_ROOT;10019;13;10017;23;;;10026;18;10028;27;;;10022.5;0.0
yf_ZW=F_d3;13300;ASH_COATED_OSMIUM;9914;20;9910;10;;;9920;11;9924;19;;;9917.0;0.0
yf_ZW=F_d3;13300;INTARIAN_PEPPER_ROOT;10020;14;10017;23;;;10026;17;10029;26;;;10023.0;0.0
yf_ZW=F_d3;13400;ASH_COATED_OSMIUM;9912;15;9909;14;;;9921;22;9925;22;;;9916.5;0.0
yf_ZW=F_d3;13400;INTARIAN_PEPPER_ROOT;10019;14;10016;18;;;10025;11;10029;20;;;10022.0;0.0
yf_ZW=F_d3;13500;ASH_COATED_OSMIUM;9914;20;9911;9;;;9920;12;9924;18;;;9917.0;0.0
yf_ZW=F_d3;13500;INTARIAN_PEPPER_ROOT;10019;21;10017;12;;;10025;18;10029;18;;;10022.0;0.0
yf_ZW=F_d3;13600;ASH_COATED_OSMIUM;9914;11;9911;21;;;9920;12;9923;21;;;9917.0;0.0
yf_ZW=F_d3;13600;INTARIAN_PEPPER_ROOT;10018;7;10014;18;;;10024;14;10026;18;;;10021.0;0.0
yf_ZW=F_d3;13700;ASH_COATED_OSMIUM;9914;17;9911;22;;;9920;21;9923;20;;;9917.0;0.0
yf_ZW=F_d3;13700;INTARIAN_PEPPER_ROOT;10017;7;10015;26;;;10023;7;10027;13;;;10020.0;0.0
yf_ZW=F_d3;13800;ASH_COATED_OSMIUM;9914;7;9911;20;;;9920;10;9923;21;;;9917.0;0.0
yf_ZW=F_d3;13800;INTARIAN_PEPPER_ROOT;10016;14;10012;24;;;10022;14;10024;22;;;10019.0;0.0
yf_ZW=F_d3;13900;ASH_COATED_OSMIUM;9908;17;9906;27;;;9926;12;9929;13;;;9917.0;0.0
yf_ZW=F_d3;13900;INTARIAN_PEPPER_ROOT;10016;12;10012;23;;;10022;14;10026;27;;;10019.0;0.0
yf_ZW=F_d3;14000;ASH_COATED_OSMIUM;9914;21;9912;27;;;9920;17;9924;14;;;9917.0;0.0
yf_ZW=F_d3;14000;INTARIAN_PEPPER_ROOT;10004;9;10000;20;;;10033;15;10035;21;;;10018.5;0.0
yf_ZW=F_d3;14100;ASH_COATED_OSMIUM;9914;17;9912;22;;;9920;20;9922;14;;;9917.0;0.0
yf_ZW=F_d3;14100;INTARIAN_PEPPER_ROOT;10013;11;10011;19;;;10021;7;10025;19;;;10017.0;0.0
yf_ZW=F_d3;14200;ASH_COATED_OSMIUM;9914;20;9910;24;;;9920;17;9923;22;;;9917.0;0.0
yf_ZW=F_d3;14200;INTARIAN_PEPPER_ROOT;10013;18;10011;22;;;10019;15;10022;20;;;10016.0;0.0
yf_ZW=F_d3;14300;ASH_COATED_OSMIUM;9911;10;9909;14;;;9923;15;9926;22;;;9917.0;0.0
yf_ZW=F_d3;14300;INTARIAN_PEPPER_ROOT;10010;11;10008;13;;;10022;17;10026;11;;;10016.0;0.0
yf_ZW=F_d3;14400;ASH_COATED_OSMIUM;9914;13;9910;14;;;9920;7;9922;13;;;9917.0;0.0
yf_ZW=F_d3;14400;INTARIAN_PEPPER_ROOT;10012;7;10009;18;;;10018;9;10021;25;;;10015.0;0.0
yf_ZW=F_d3;14500;ASH_COATED_OSMIUM;9913;5;9910;23;;;9921;15;9924;27;;;9917.0;0.0
yf_ZW=F_d3;14500;INTARIAN_PEPPER_ROOT;10012;5;10008;20;;;10018;19;10020;20;;;10015.0;0.0
yf_ZW=F_d3;14600;ASH_COATED_OSMIUM;9914;10;9910;17;;;9920;26;9922;25;;;9917.0;0.0
yf_ZW=F_d3;14600;INTARIAN_PEPPER_ROOT;10011;13;10007;15;;;10017;30;10019;25;;;10014.0;0.0
yf_ZW=F_d3;14700;ASH_COATED_OSMIUM;9913;9;9911;19;;;9923;13;9925;18;;;9918.0;0.0
yf_ZW=F_d3;14700;INTARIAN_PEPPER_ROOT;10011;12;10008;14;;;10017;18;10021;21;;;10014.0;0.0
yf_ZW=F_d3;14800;ASH_COATED_OSMIUM;9910;12;9906;26;;;9925;11;9929;17;;;9917.5;0.0
yf_ZW=F_d3;14800;INTARIAN_PEPPER_ROOT;10010;12;10008;18;;;10017;11;10021;10;;;10013.5;0.0
yf_ZW=F_d3;14900;ASH_COATED_OSMIUM;9915;11;9912;20;;;9921;16;9923;17;;;9918.0;0.0
yf_ZW=F_d3;14900;INTARIAN_PEPPER_ROOT;10009;22;10006;27;;;10015;9;10019;12;;;10012.0;0.0
yf_ZW=F_d3;15000;ASH_COATED_OSMIUM;9914;24;9911;12;;;9920;16;9924;17;;;9917.0;0.0
yf_ZW=F_d3;15000;INTARIAN_PEPPER_ROOT;10009;12;10006;25;;;10015;15;10019;25;;;10012.0;0.0
yf_ZW=F_d3;15100;ASH_COATED_OSMIUM;9914;15;9912;26;;;9921;25;9923;18;;;9917.5;0.0
yf_ZW=F_d3;15100;INTARIAN_PEPPER_ROOT;10006;13;10003;13;;;10016;21;10019;26;;;10011.0;0.0
yf_ZW=F_d3;15200;ASH_COATED_OSMIUM;9915;14;9912;20;;;9921;15;9925;16;;;9918.0;0.0
yf_ZW=F_d3;15200;INTARIAN_PEPPER_ROOT;10002;6;10000;16;;;10018;20;10021;13;;;10010.0;0.0
yf_ZW=F_d3;15300;ASH_COATED_OSMIUM;9914;14;9911;16;;;9920;15;9924;22;;;9917.0;0.0
yf_ZW=F_d3;15300;INTARIAN_PEPPER_ROOT;10007;17;10004;16;;;10013;15;10017;20;;;10010.0;0.0
yf_ZW=F_d3;15400;ASH_COATED_OSMIUM;9915;10;9912;21;;;9921;15;9924;21;;;9918.0;0.0
yf_ZW=F_d3;15400;INTARIAN_PEPPER_ROOT;10002;7;9998;22;;;10017;13;10021;21;;;10009.5;0.0
yf_ZW=F_d3;15500;ASH_COATED_OSMIUM;9913;7;9911;18;;;9923;19;9927;13;;;9918.0;0.0
yf_ZW=F_d3;15500;INTARIAN_PEPPER_ROOT;10002;5;9998;15;;;10014;21;10016;14;;;10008.0;0.0
yf_ZW=F_d3;15600;ASH_COATED_OSMIUM;9911;15;9907;17;;;9924;13;9926;13;;;9917.5;0.0
yf_ZW=F_d3;15600;INTARIAN_PEPPER_ROOT;9998;21;9994;16;;;10017;11;10019;17;;;10007.5;0.0
yf_ZW=F_d3;15700;ASH_COATED_OSMIUM;9909;14;9905;10;;;9927;17;9930;19;;;9918.0;0.0
yf_ZW=F_d3;15700;INTARIAN_PEPPER_ROOT;10005;11;10003;22;;;10011;21;10013;24;;;10008.0;0.0
yf_ZW=F_d3;15800;ASH_COATED_OSMIUM;9913;21;9910;24;;;9921;7;9924;23;;;9917.0;0.0
yf_ZW=F_d3;15800;INTARIAN_PEPPER_ROOT;10001;19;9998;23;;;10011;15;10015;26;;;10006.0;0.0
yf_ZW=F_d3;15900;ASH_COATED_OSMIUM;9915;13;9911;23;;;9921;14;9923;29;;;9918.0;0.0
yf_ZW=F_d3;15900;INTARIAN_PEPPER_ROOT;9999;12;9995;24;;;10012;10;10015;24;;;10005.5;0.0
yf_ZW=F_d3;16000;ASH_COATED_OSMIUM;9900;9;9898;22;;;9935;13;9938;22;;;9917.5;0.0
yf_ZW=F_d3;16000;INTARIAN_PEPPER_ROOT;10002;23;9998;16;;;10008;13;10012;20;;;10005.0;0.0
yf_ZW=F_d3;16100;ASH_COATED_OSMIUM;9915;17;9912;26;;;9921;12;9925;16;;;9918.0;0.0
yf_ZW=F_d3;16100;INTARIAN_PEPPER_ROOT;9983;14;9979;15;;;10026;15;10030;17;;;10004.5;0.0
yf_ZW=F_d3;16200;ASH_COATED_OSMIUM;9909;12;9907;26;;;9927;13;9930;18;;;9918.0;0.0
yf_ZW=F_d3;16200;INTARIAN_PEPPER_ROOT;10000;14;9997;24;;;10008;15;10011;16;;;10004.0;0.0
yf_ZW=F_d3;16300;ASH_COATED_OSMIUM;9914;25;9912;20;;;9923;12;9925;18;;;9918.5;0.0
yf_ZW=F_d3;16300;INTARIAN_PEPPER_ROOT;10000;11;9996;18;;;10006;12;10008;21;;;10003.0;0.0
yf_ZW=F_d3;16400;ASH_COATED_OSMIUM;9905;7;9901;15;;;9930;13;9932;19;;;9917.5;0.0
yf_ZW=F_d3;16400;INTARIAN_PEPPER_ROOT;9996;17;9994;20;;;10010;15;10014;16;;;10003.0;0.0
yf_ZW=F_d3;16500;ASH_COATED_OSMIUM;9915;16;9913;15;;;9921;12;9924;18;;;9918.0;0.0
yf_ZW=F_d3;16500;INTARIAN_PEPPER_ROOT;9999;22;9997;20;;;10005;23;10007;25;;;10002.0;0.0
yf_ZW=F_d3;16600;ASH_COATED_OSMIUM;9916;16;9914;16;;;9922;20;9925;9;;;9919.0;0.0
yf_ZW=F_d3;16600;INTARIAN_PEPPER_ROOT;9998;19;9995;22;;;10004;22;10008;18;;;10001.0;0.0
yf_ZW=F_d3;16700;ASH_COATED_OSMIUM;9891;10;9888;15;;;9944;21;9947;17;;;9917.5;0.0
yf_ZW=F_d3;16700;INTARIAN_PEPPER_ROOT;9997;22;9994;22;;;10003;14;10007;24;;;10000.0;0.0
yf_ZW=F_d3;16800;ASH_COATED_OSMIUM;9913;18;9911;16;;;9922;7;9924;27;;;9917.5;0.0
yf_ZW=F_d3;16800;INTARIAN_PEPPER_ROOT;9989;11;9985;17;;;10011;6;10015;18;;;10000.0;0.0
yf_ZW=F_d3;16900;ASH_COATED_OSMIUM;9913;15;9909;11;;;9921;9;9923;15;;;9917.0;0.0
yf_ZW=F_d3;16900;INTARIAN_PEPPER_ROOT;9996;18;9992;17;;;10002;14;10006;24;;;9999.0;0.0
yf_ZW=F_d3;17000;ASH_COATED_OSMIUM;9914;5;9911;16;;;9921;21;9923;18;;;9917.5;0.0
yf_ZW=F_d3;17000;INTARIAN_PEPPER_ROOT;9997;23;9994;14;;;10003;15;10006;17;;;10000.0;0.0
yf_ZW=F_d3;17100;ASH_COATED_OSMIUM;9913;26;9909;18;;;9924;18;9926;16;;;9918.5;0.0
yf_ZW=F_d3;17100;INTARIAN_PEPPER_ROOT;9991;8;9987;20;;;10013;17;10016;23;;;10002.0;0.0
yf_ZW=F_d3;17200;ASH_COATED_OSMIUM;9913;20;9910;15;;;9924;14;9927;16;;;9918.5;0.0
yf_ZW=F_d3;17200;INTARIAN_PEPPER_ROOT;10000;14;9996;18;;;10006;17;10010;19;;;10003.0;0.0
yf_ZW=F_d3;17300;ASH_COATED_OSMIUM;9913;11;9911;30;;;9922;19;9926;18;;;9917.5;0.0
yf_ZW=F_d3;17300;INTARIAN_PEPPER_ROOT;10002;16;9999;20;;;10008;7;10011;29;;;10005.0;0.0
yf_ZW=F_d3;17400;ASH_COATED_OSMIUM;9914;17;9911;19;;;9922;19;9925;27;;;9918.0;0.0
yf_ZW=F_d3;17400;INTARIAN_PEPPER_ROOT;10003;10;10001;15;;;10009;17;10013;17;;;10006.0;0.0
yf_ZW=F_d3;17500;ASH_COATED_OSMIUM;9914;13;9910;11;;;9921;12;9923;12;;;9917.5;0.0
yf_ZW=F_d3;17500;INTARIAN_PEPPER_ROOT;10004;21;10001;18;;;10010;19;10014;9;;;10007.0;0.0
yf_ZW=F_d3;17600;ASH_COATED_OSMIUM;9909;14;9906;21;;;9928;5;9931;25;;;9918.5;0.0
yf_ZW=F_d3;17600;INTARIAN_PEPPER_ROOT;10001;5;9998;20;;;10019;10;10022;22;;;10010.0;0.0
yf_ZW=F_d3;17700;ASH_COATED_OSMIUM;9915;15;9913;8;;;9921;9;9924;18;;;9918.0;0.0
yf_ZW=F_d3;17700;INTARIAN_PEPPER_ROOT;10008;11;10004;15;;;10014;15;10018;24;;;10011.0;0.0
yf_ZW=F_d3;17800;ASH_COATED_OSMIUM;9916;20;9914;16;;;9922;19;9924;21;;;9919.0;0.0
yf_ZW=F_d3;17800;INTARIAN_PEPPER_ROOT;10010;12;10008;19;;;10016;10;10020;22;;;10013.0;0.0
yf_ZW=F_d3;17900;ASH_COATED_OSMIUM;9913;19;9911;25;;;9923;16;9925;17;;;9918.0;0.0
yf_ZW=F_d3;17900;INTARIAN_PEPPER_ROOT;10011;19;10009;19;;;10017;20;10021;26;;;10014.0;0.0
yf_ZW=F_d3;18000;ASH_COATED_OSMIUM;9914;24;9910;20;;;9920;18;9923;16;;;9917.0;0.0
yf_ZW=F_d3;18000;INTARIAN_PEPPER_ROOT;10012;12;10009;25;;;10019;11;10023;15;;;10015.5;0.0
yf_ZW=F_d3;18100;ASH_COATED_OSMIUM;9909;18;9905;15;;;9926;10;9930;23;;;9917.5;0.0
yf_ZW=F_d3;18100;INTARIAN_PEPPER_ROOT;10014;27;10010;8;;;10020;12;10023;19;;;10017.0;0.0
yf_ZW=F_d3;18200;ASH_COATED_OSMIUM;9915;13;9913;19;;;9921;11;9925;16;;;9918.0;0.0
yf_ZW=F_d3;18200;INTARIAN_PEPPER_ROOT;10013;5;10010;11;;;10025;16;10028;16;;;10019.0;0.0
yf_ZW=F_d3;18300;ASH_COATED_OSMIUM;9915;15;9913;17;;;9921;15;9924;13;;;9918.0;0.0
yf_ZW=F_d3;18300;INTARIAN_PEPPER_ROOT;10017;20;10015;19;;;10023;15;10025;10;;;10020.0;0.0
yf_ZW=F_d3;18400;ASH_COATED_OSMIUM;9915;11;9912;14;;;9921;15;9925;21;;;9918.0;0.0
yf_ZW=F_d3;18400;INTARIAN_PEPPER_ROOT;10016;6;10014;16;;;10027;21;10030;21;;;10021.5;0.0
yf_ZW=F_d3;18500;ASH_COATED_OSMIUM;9915;15;9913;19;;;9921;21;9923;17;;;9918.0;0.0
yf_ZW=F_d3;18500;INTARIAN_PEPPER_ROOT;10020;14;10017;24;;;10026;12;10029;29;;;10023.0;0.0
yf_ZW=F_d3;18600;ASH_COATED_OSMIUM;9915;13;9913;16;;;9921;17;9923;14;;;9918.0;0.0
yf_ZW=F_d3;18600;INTARIAN_PEPPER_ROOT;10022;20;10019;17;;;10028;22;10031;23;;;10025.0;0.0
yf_ZW=F_d3;18700;ASH_COATED_OSMIUM;9914;8;9911;24;;;9921;11;9925;24;;;9917.5;0.0
yf_ZW=F_d3;18700;INTARIAN_PEPPER_ROOT;10015;16;10013;19;;;10037;6;10040;25;;;10026.0;0.0
yf_ZW=F_d3;18800;ASH_COATED_OSMIUM;9913;8;9910;12;;;9922;9;9926;20;;;9917.5;0.0
yf_ZW=F_d3;18800;INTARIAN_PEPPER_ROOT;10025;17;10021;30;;;10031;23;10033;20;;;10028.0;0.0
yf_ZW=F_d3;18900;ASH_COATED_OSMIUM;9903;9;9900;20;;;9933;15;9937;14;;;9918.0;0.0
yf_ZW=F_d3;18900;INTARIAN_PEPPER_ROOT;10026;19;10023;14;;;10032;14;10034;17;;;10029.0;0.0
yf_ZW=F_d3;19000;ASH_COATED_OSMIUM;9915;21;9913;10;;;9921;14;9925;16;;;9918.0;0.0
yf_ZW=F_d3;19000;INTARIAN_PEPPER_ROOT;10028;11;10026;11;;;10035;5;10039;18;;;10031.5;0.0
yf_ZW=F_d3;19100;ASH_COATED_OSMIUM;9915;17;9911;22;;;9921;10;9925;18;;;9918.0;0.0
yf_ZW=F_d3;19100;INTARIAN_PEPPER_ROOT;10029;29;10025;24;;;10035;11;10038;23;;;10032.0;0.0
yf_ZW=F_d3;19200;ASH_COATED_OSMIUM;9915;24;9911;25;;;9921;10;9923;15;;;9918.0;0.0
yf_ZW=F_d3;19200;INTARIAN_PEPPER_ROOT;10030;13;10026;23;;;10038;13;10040;14;;;10034.0;0.0
yf_ZW=F_d3;19300;ASH_COATED_OSMIUM;9915;18;9912;23;;;9921;22;9923;33;;;9918.0;0.0
yf_ZW=F_d3;19300;INTARIAN_PEPPER_ROOT;10033;22;10029;14;;;10039;9;10041;20;;;10036.0;0.0
yf_ZW=F_d3;19400;ASH_COATED_OSMIUM;9907;16;9904;16;;;9929;9;9932;27;;;9918.0;0.0
yf_ZW=F_d3;19400;INTARIAN_PEPPER_ROOT;10034;21;10032;15;;;10040;18;10042;22;;;10037.0;0.0
yf_ZW=F_d3;19500;ASH_COATED_OSMIUM;9915;10;9913;21;;;9921;5;9923;24;;;9918.0;0.0
yf_ZW=F_d3;19500;INTARIAN_PEPPER_ROOT;10035;12;10033;29;;;10042;13;10044;22;;;10038.5;0.0
yf_ZW=F_d3;19600;ASH_COATED_OSMIUM;9915;11;9912;19;;;9922;18;9926;21;;;9918.5;0.0
yf_ZW=F_d3;19600;INTARIAN_PEPPER_ROOT;10037;19;10033;20;;;10043;10;10045;26;;;10040.0;0.0
yf_ZW=F_d3;19700;ASH_COATED_OSMIUM;9915;22;9911;21;;;9921;9;9924;17;;;9918.0;0.0
yf_ZW=F_d3;19700;INTARIAN_PEPPER_ROOT;10038;11;10036;29;;;10045;17;10047;17;;;10041.5;0.0
yf_ZW=F_d3;19800;ASH_COATED_OSMIUM;9915;19;9912;27;;;9921;16;9923;14;;;9918.0;0.0
yf_ZW=F_d3;19800;INTARIAN_PEPPER_ROOT;10040;14;10037;15;;;10046;17;10049;17;;;10043.0;0.0
yf_ZW=F_d3;19900;ASH_COATED_OSMIUM;9915;20;9912;19;;;9921;10;9924;21;;;9918.0;0.0
yf_ZW=F_d3;19900;INTARIAN_PEPPER_ROOT;10042;8;10038;17;;;10048;8;10051;24;;;10045.0;0.0
yf_ZW=F_d3;20000;ASH_COATED_OSMIUM;9915;9;9913;28;;;9922;7;9925;22;;;9918.5;0.0
yf_ZW=F_d3;20000;INTARIAN_PEPPER_ROOT;10044;14;10040;23;;;10050;11;10052;23;;;10047.0;0.0
yf_ZW=F_d3;20100;ASH_COATED_OSMIUM;9911;16;9907;19;;;9924;21;9926;14;;;9917.5;0.0
yf_ZW=F_d3;20100;INTARIAN_PEPPER_ROOT;10045;13;10043;20;;;10051;22;10054;16;;;10048.0;0.0
yf_ZW=F_d3;20200;ASH_COATED_OSMIUM;9915;6;9912;22;;;9921;14;9925;26;;;9918.0;0.0
yf_ZW=F_d3;20200;INTARIAN_PEPPER_ROOT;10040;7;10036;23;;;10059;8;10063;17;;;10049.5;0.0
yf_ZW=F_d3;20300;ASH_COATED_OSMIUM;9913;23;9910;9;;;9923;8;9927;15;;;9918.0;0.0
yf_ZW=F_d3;20300;INTARIAN_PEPPER_ROOT;10037;20;10035;19;;;10066;19;10068;16;;;10051.5;0.0
yf_ZW=F_d3;20400;ASH_COATED_OSMIUM;9915;11;9913;19;;;9921;14;9923;22;;;9918.0;0.0
yf_ZW=F_d3;20400;INTARIAN_PEPPER_ROOT;10050;26;10047;22;;;10056;10;10058;22;;;10053.0;0.0
yf_ZW=F_d3;20500;ASH_COATED_OSMIUM;9915;16;9912;17;;;9921;18;9925;17;;;9918.0;0.0
yf_ZW=F_d3;20500;INTARIAN_PEPPER_ROOT;10039;24;10035;23;;;10070;27;10073;10;;;10054.5;0.0
yf_ZW=F_d3;20600;ASH_COATED_OSMIUM;9915;7;9911;20;;;9921;20;9924;19;;;9918.0;0.0
yf_ZW=F_d3;20600;INTARIAN_PEPPER_ROOT;10053;20;10051;21;;;10059;12;10062;21;;;10056.0;0.0
yf_ZW=F_d3;20700;ASH_COATED_OSMIUM;9915;13;9912;16;;;9921;15;9923;21;;;9918.0;0.0
yf_ZW=F_d3;20700;INTARIAN_PEPPER_ROOT;10053;15;10050;14;;;10061;15;10063;22;;;10057.0;0.0
yf_ZW=F_d3;20800;ASH_COATED_OSMIUM;9911;11;9909;15;;;9924;13;9928;24;;;9917.5;0.0
yf_ZW=F_d3;20800;INTARIAN_PEPPER_ROOT;10057;17;10053;19;;;10063;19;10065;31;;;10060.0;0.0
yf_ZW=F_d3;20900;ASH_COATED_OSMIUM;9905;14;9903;20;;;9931;15;9934;19;;;9918.0;0.0
yf_ZW=F_d3;20900;INTARIAN_PEPPER_ROOT;10053;11;10049;18;;;10067;21;10069;24;;;10060.0;0.0
yf_ZW=F_d3;21000;ASH_COATED_OSMIUM;9915;21;9912;26;;;9921;17;9923;17;;;9918.0;0.0
yf_ZW=F_d3;21000;INTARIAN_PEPPER_ROOT;10059;11;10055;22;;;10065;15;10068;10;;;10062.0;0.0
yf_ZW=F_d3;21100;ASH_COATED_OSMIUM;9911;17;9908;19;;;9924;15;9927;13;;;9917.5;0.0
yf_ZW=F_d3;21100;INTARIAN_PEPPER_ROOT;10060;22;10057;21;;;10066;17;10068;22;;;10063.0;0.0
yf_ZW=F_d3;21200;ASH_COATED_OSMIUM;9915;14;9912;20;;;9921;12;9925;19;;;9918.0;0.0
yf_ZW=F_d3;21200;INTARIAN_PEPPER_ROOT;10062;19;10060;24;;;10068;16;10071;23;;;10065.0;0.0
yf_ZW=F_d3;21300;ASH_COATED_OSMIUM;9915;15;9913;21;;;9921;12;9925;13;;;9918.0;0.0
yf_ZW=F_d3;21300;INTARIAN_PEPPER_ROOT;10057;12;10054;22;;;10077;25;10079;18;;;10067.0;0.0
yf_ZW=F_d3;21400;ASH_COATED_OSMIUM;9912;8;9910;16;;;9922;13;9926;22;;;9917.0;0.0
yf_ZW=F_d3;21400;INTARIAN_PEPPER_ROOT;10064;16;10062;17;;;10073;24;10077;23;;;10068.5;0.0
yf_ZW=F_d3;21500;ASH_COATED_OSMIUM;9912;20;9910;18;;;9924;24;9926;18;;;9918.0;0.0
yf_ZW=F_d3;21500;INTARIAN_PEPPER_ROOT;10061;5;10057;19;;;10078;17;10082;15;;;10069.5;0.0
yf_ZW=F_d3;21600;ASH_COATED_OSMIUM;9915;15;9911;19;;;9921;11;9924;17;;;9918.0;0.0
yf_ZW=F_d3;21600;INTARIAN_PEPPER_ROOT;10067;14;10063;22;;;10075;18;10079;25;;;10071.0;0.0
yf_ZW=F_d3;21700;ASH_COATED_OSMIUM;9903;11;9900;19;;;9934;12;9937;17;;;9918.5;0.0
yf_ZW=F_d3;21700;INTARIAN_PEPPER_ROOT;10070;13;10066;17;;;10076;14;10078;26;;;10073.0;0.0
yf_ZW=F_d3;21800;ASH_COATED_OSMIUM;9915;6;9912;20;;;9922;14;9924;17;;;9918.5;0.0
yf_ZW=F_d3;21800;INTARIAN_PEPPER_ROOT;10071;8;10069;9;;;10077;19;10080;17;;;10074.0;0.0
yf_ZW=F_d3;21900;ASH_COATED_OSMIUM;9911;11;9907;22;;;9924;6;9926;22;;;9917.5;0.0
yf_ZW=F_d3;21900;INTARIAN_PEPPER_ROOT;10073;28;10071;15;;;10079;11;10083;15;;;10076.0;0.0
yf_ZW=F_d3;22000;ASH_COATED_OSMIUM;9915;9;9913;27;;;9921;20;9924;22;;;9918.0;0.0
yf_ZW=F_d3;22000;INTARIAN_PEPPER_ROOT;10075;19;10071;13;;;10081;15;10085;15;;;10078.0;0.0
yf_ZW=F_d3;22100;ASH_COATED_OSMIUM;9915;11;9913;32;;;9921;11;9924;11;;;9918.0;0.0
yf_ZW=F_d3;22100;INTARIAN_PEPPER_ROOT;10076;17;10074;14;;;10082;7;10086;12;;;10079.0;0.0
yf_ZW=F_d3;22200;ASH_COATED_OSMIUM;9909;11;9905;17;;;9927;13;9930;19;;;9918.0;0.0
yf_ZW=F_d3;22200;INTARIAN_PEPPER_ROOT;10077;14;10073;16;;;10083;14;10086;20;;;10080.0;0.0
yf_ZW=F_d3;22300;ASH_COATED_OSMIUM;9913;18;9910;33;;;9923;8;9925;25;;;9918.0;0.0
yf_ZW=F_d3;22300;INTARIAN_PEPPER_ROOT;10079;13;10075;17;;;10085;19;10088;27;;;10082.0;0.0
yf_ZW=F_d3;22400;ASH_COATED_OSMIUM;9914;13;9912;20;;;9920;10;9922;19;;;9917.0;0.0
yf_ZW=F_d3;22400;INTARIAN_PEPPER_ROOT;10080;15;10078;20;;;10086;9;10089;25;;;10083.0;0.0
yf_ZW=F_d3;22500;ASH_COATED_OSMIUM;9913;17;9909;24;;;9922;20;9926;24;;;9917.5;0.0
yf_ZW=F_d3;22500;INTARIAN_PEPPER_ROOT;10076;17;10073;18;;;10094;12;10098;20;;;10085.0;0.0
yf_ZW=F_d3;22600;ASH_COATED_OSMIUM;9915;19;9913;18;;;9921;21;9925;31;;;9918.0;0.0
yf_ZW=F_d3;22600;INTARIAN_PEPPER_ROOT;10083;15;10081;24;;;10089;12;10092;15;;;10086.0;0.0
yf_ZW=F_d3;22700;ASH_COATED_OSMIUM;9915;18;9911;20;;;9921;19;9925;24;;;9918.0;0.0
yf_ZW=F_d3;22700;INTARIAN_PEPPER_ROOT;10085;11;10083;18;;;10091;15;10094;28;;;10088.0;0.0
yf_ZW=F_d3;22800;ASH_COATED_OSMIUM;9915;9;9913;21;;;9921;20;9924;29;;;9918.0;0.0
yf_ZW=F_d3;22800;INTARIAN_PEPPER_ROOT;10070;15;10067;8;;;10109;18;10111;21;;;10089.5;0.0
yf_ZW=F_d3;22900;ASH_COATED_OSMIUM;9915;14;9913;21;;;9921;28;9923;20;;;9918.0;0.0
yf_ZW=F_d3;22900;INTARIAN_PEPPER_ROOT;10074;19;10070;19;;;10108;17;10111;20;;;10091.0;0.0
yf_ZW=F_d3;23000;ASH_COATED_OSMIUM;9912;22;9909;12;;;9924;5;9926;19;;;9918.0;0.0
yf_ZW=F_d3;23000;INTARIAN_PEPPER_ROOT;10088;13;10086;15;;;10098;17;10101;15;;;10093.0;0.0
yf_ZW=F_d3;23100;ASH_COATED_OSMIUM;9915;16;9913;21;;;9921;12;9925;25;;;9918.0;0.0
yf_ZW=F_d3;23100;INTARIAN_PEPPER_ROOT;10092;10;10089;19;;;10098;23;10102;18;;;10095.0;0.0
yf_ZW=F_d3;23200;ASH_COATED_OSMIUM;9912;14;9909;15;;;9923;18;9926;18;;;9917.5;0.0
yf_ZW=F_d3;23200;INTARIAN_PEPPER_ROOT;10093;9;10091;26;;;10099;14;10103;19;;;10096.0;0.0
yf_ZW=F_d3;23300;ASH_COATED_OSMIUM;9913;14;9909;19;;;9921;15;9923;17;;;9917.0;0.0
yf_ZW=F_d3;23300;INTARIAN_PEPPER_ROOT;10094;20;10091;21;;;10102;19;10106;25;;;10098.0;0.0
yf_ZW=F_d3;23400;ASH_COATED_OSMIUM;9902;7;9900;17;;;9934;18;9936;17;;;9918.0;0.0
yf_ZW=F_d3;23400;INTARIAN_PEPPER_ROOT;10096;15;10093;22;;;10102;19;10105;23;;;10099.0;0.0
yf_ZW=F_d3;23500;ASH_COATED_OSMIUM;9914;13;9910;23;;;9920;17;9922;20;;;9917.0;0.0
yf_ZW=F_d3;23500;INTARIAN_PEPPER_ROOT;10096;17;10093;19;;;10104;19;10108;12;;;10100.0;0.0
yf_ZW=F_d3;23600;ASH_COATED_OSMIUM;9910;16;9907;15;;;9924;10;9928;30;;;9917.0;0.0
yf_ZW=F_d3;23600;INTARIAN_PEPPER_ROOT;10097;19;10094;23;;;10108;10;10111;15;;;10102.5;0.0
yf_ZW=F_d3;23700;ASH_COATED_OSMIUM;9914;17;9910;18;;;9920;19;9922;12;;;9917.0;0.0
yf_ZW=F_d3;23700;INTARIAN_PEPPER_ROOT;10101;21;10097;17;;;10107;11;10111;24;;;10104.0;0.0
yf_ZW=F_d3;23800;ASH_COATED_OSMIUM;9914;9;9912;22;;;9922;17;9924;21;;;9918.0;0.0
yf_ZW=F_d3;23800;INTARIAN_PEPPER_ROOT;10103;12;10100;26;;;10109;5;10113;10;;;10106.0;0.0
yf_ZW=F_d3;23900;ASH_COATED_OSMIUM;9901;24;9899;24;;;9934;22;9938;19;;;9917.5;0.0
yf_ZW=F_d3;23900;INTARIAN_PEPPER_ROOT;10103;20;10099;17;;;10109;18;10111;22;;;10106.0;0.0
yf_ZW=F_d3;24000;ASH_COATED_OSMIUM;9915;18;9912;8;;;9921;16;9923;17;;;9918.0;0.0
yf_ZW=F_d3;24000;INTARIAN_PEPPER_ROOT;10105;14;10103;13;;;10111;17;10114;26;;;10108.0;0.0
yf_ZW=F_d3;24100;ASH_COATED_OSMIUM;9915;24;9912;16;;;9921;8;9923;21;;;9918.0;0.0
yf_ZW=F_d3;24100;INTARIAN_PEPPER_ROOT;10103;10;10099;28;;;10117;15;10121;16;;;10110.0;0.0
yf_ZW=F_d3;24200;ASH_COATED_OSMIUM;9915;15;9913;23;;;9921;22;9923;17;;;9918.0;0.0
yf_ZW=F_d3;24200;INTARIAN_PEPPER_ROOT;10109;20;10107;16;;;10115;16;10119;25;;;10112.0;0.0
yf_ZW=F_d3;24300;ASH_COATED_OSMIUM;9914;16;9912;20;;;9920;12;9923;19;;;9917.0;0.0
yf_ZW=F_d3;24300;INTARIAN_PEPPER_ROOT;10106;8;10104;24;;;10119;27;10122;24;;;10112.5;0.0
yf_ZW=F_d3;24400;ASH_COATED_OSMIUM;9907;9;9904;24;;;9929;12;9931;16;;;9918.0;0.0
yf_ZW=F_d3;24400;INTARIAN_PEPPER_ROOT;10112;12;10109;13;;;10118;26;10120;28;;;10115.0;0.0
yf_ZW=F_d3;24500;ASH_COATED_OSMIUM;9915;12;9912;22;;;9921;10;9925;19;;;9918.0;0.0
yf_ZW=F_d3;24500;INTARIAN_PEPPER_ROOT;10113;16;10109;22;;;10119;17;10122;14;;;10116.0;0.0
yf_ZW=F_d3;24600;ASH_COATED_OSMIUM;9915;17;9911;29;;;9921;19;9924;16;;;9918.0;0.0
yf_ZW=F_d3;24600;INTARIAN_PEPPER_ROOT;10114;7;10112;20;;;10120;18;10124;22;;;10117.0;0.0
yf_ZW=F_d3;24700;ASH_COATED_OSMIUM;9915;15;9913;17;;;9921;10;9924;17;;;9918.0;0.0
yf_ZW=F_d3;24700;INTARIAN_PEPPER_ROOT;10116;10;10113;17;;;10122;14;10125;20;;;10119.0;0.0
yf_ZW=F_d3;24800;ASH_COATED_OSMIUM;9915;14;9911;22;;;9921;6;9923;27;;;9918.0;0.0
yf_ZW=F_d3;24800;INTARIAN_PEPPER_ROOT;10117;14;10115;22;;;10124;10;10126;8;;;10120.5;0.0
yf_ZW=F_d3;24900;ASH_COATED_OSMIUM;9915;15;9911;13;;;9921;12;9923;19;;;9918.0;0.0
yf_ZW=F_d3;24900;INTARIAN_PEPPER_ROOT;10119;14;10117;20;;;10126;11;10129;20;;;10122.5;0.0
yf_ZW=F_d3;25000;ASH_COATED_OSMIUM;9915;17;9912;14;;;9921;10;9924;15;;;9918.0;0.0
yf_ZW=F_d3;25000;INTARIAN_PEPPER_ROOT;10114;18;10111;18;;;10133;15;10135;18;;;10123.5;0.0
yf_ZW=F_d3;25100;ASH_COATED_OSMIUM;9915;19;9913;31;;;9921;16;9925;27;;;9918.0;0.0
yf_ZW=F_d3;25100;INTARIAN_PEPPER_ROOT;10123;5;10121;25;;;10129;16;10132;13;;;10126.0;0.0
yf_ZW=F_d3;25200;ASH_COATED_OSMIUM;9907;17;9904;26;;;9928;11;9931;21;;;9917.5;0.0
yf_ZW=F_d3;25200;INTARIAN_PEPPER_ROOT;10124;11;10122;24;;;10130;21;10133;16;;;10127.0;0.0
yf_ZW=F_d3;25300;ASH_COATED_OSMIUM;9915;16;9911;24;;;9921;19;9925;19;;;9918.0;0.0
yf_ZW=F_d3;25300;INTARIAN_PEPPER_ROOT;10126;17;10124;30;;;10132;5;10134;20;;;10129.0;0.0
yf_ZW=F_d3;25400;ASH_COATED_OSMIUM;9912;19;9909;14;;;9923;16;9927;14;;;9917.5;0.0
yf_ZW=F_d3;25400;INTARIAN_PEPPER_ROOT;10128;16;10126;19;;;10134;18;10136;23;;;10131.0;0.0
yf_ZW=F_d3;25500;ASH_COATED_OSMIUM;9915;10;9911;20;;;9921;5;9924;19;;;9918.0;0.0
yf_ZW=F_d3;25500;INTARIAN_PEPPER_ROOT;10129;14;10126;16;;;10135;10;10138;31;;;10132.0;0.0
yf_ZW=F_d3;25600;ASH_COATED_OSMIUM;9915;20;9911;16;;;9921;15;9925;24;;;9918.0;0.0
yf_ZW=F_d3;25600;INTARIAN_PEPPER_ROOT;10125;19;10123;24;;;10141;13;10144;15;;;10133.0;0.0
yf_ZW=F_d3;25700;ASH_COATED_OSMIUM;9914;12;9910;24;;;9920;22;9922;21;;;9917.0;0.0
yf_ZW=F_d3;25700;INTARIAN_PEPPER_ROOT;10126;16;10124;16;;;10144;8;10146;22;;;10135.0;0.0
yf_ZW=F_d3;25800;ASH_COATED_OSMIUM;9915;11;9912;25;;;9921;13;9925;17;;;9918.0;0.0
yf_ZW=F_d3;25800;INTARIAN_PEPPER_ROOT;10133;15;10129;17;;;10139;16;10141;14;;;10136.0;0.0
yf_ZW=F_d3;25900;ASH_COATED_OSMIUM;9906;19;9904;30;;;9930;15;9933;19;;;9918.0;0.0
yf_ZW=F_d3;25900;INTARIAN_PEPPER_ROOT;10135;20;10131;24;;;10141;19;10144;12;;;10138.0;0.0
yf_ZW=F_d3;26000;ASH_COATED_OSMIUM;9914;15;9911;12;;;9920;23;9924;26;;;9917.0;0.0
yf_ZW=F_d3;26000;INTARIAN_PEPPER_ROOT;10136;12;10134;18;;;10142;7;10144;28;;;10139.0;0.0
yf_ZW=F_d3;26100;ASH_COATED_OSMIUM;9915;17;9912;27;;;9921;10;9924;13;;;9918.0;0.0
yf_ZW=F_d3;26100;INTARIAN_PEPPER_ROOT;10135;16;10133;23;;;10147;5;10151;17;;;10141.0;0.0
yf_ZW=F_d3;26200;ASH_COATED_OSMIUM;9914;13;9910;19;;;9920;17;9924;25;;;9917.0;0.0
yf_ZW=F_d3;26200;INTARIAN_PEPPER_ROOT;10140;20;10136;15;;;10146;14;10150;21;;;10143.0;0.0
yf_ZW=F_d3;26300;ASH_COATED_OSMIUM;9905;14;9902;17;;;9930;7;9933;22;;;9917.5;0.0
yf_ZW=F_d3;26300;INTARIAN_PEPPER_ROOT;10136;8;10134;24;;;10151;15;10153;9;;;10143.5;0.0
yf_ZW=F_d3;26400;ASH_COATED_OSMIUM;9914;9;9912;25;;;9920;18;9923;22;;;9917.0;0.0
yf_ZW=F_d3;26400;INTARIAN_PEPPER_ROOT;10130;10;10128;16;;;10161;18;10163;24;;;10145.5;0.0
yf_ZW=F_d3;26500;ASH_COATED_OSMIUM;9915;14;9913;18;;;9921;15;9923;24;;;9918.0;0.0
yf_ZW=F_d3;26500;INTARIAN_PEPPER_ROOT;10144;14;10142;24;;;10150;13;10153;16;;;10147.0;0.0
yf_ZW=F_d3;26600;ASH_COATED_OSMIUM;9915;18;9913;16;;;9922;15;9924;21;;;9918.5;0.0
yf_ZW=F_d3;26600;INTARIAN_PEPPER_ROOT;10136;18;10132;18;;;10160;20;10164;24;;;10148.0;0.0
yf_ZW=F_d3;26700;ASH_COATED_OSMIUM;9914;15;9911;16;;;9920;21;9924;26;;;9917.0;0.0
yf_ZW=F_d3;26700;INTARIAN_PEPPER_ROOT;10147;28;10143;21;;;10153;16;10156;21;;;10150.0;0.0
yf_ZW=F_d3;26800;ASH_COATED_OSMIUM;9913;11;9910;23;;;9921;20;9925;12;;;9917.0;0.0
yf_ZW=F_d3;26800;INTARIAN_PEPPER_ROOT;10149;16;10146;18;;;10155;18;10159;24;;;10152.0;0.0
yf_ZW=F_d3;26900;ASH_COATED_OSMIUM;9914;15;9910;14;;;9920;12;9922;19;;;9917.0;0.0
yf_ZW=F_d3;26900;INTARIAN_PEPPER_ROOT;10149;18;10145;20;;;10157;9;10161;15;;;10153.0;0.0
yf_ZW=F_d3;27000;ASH_COATED_OSMIUM;9915;14;9912;17;;;9921;6;9923;34;;;9918.0;0.0
yf_ZW=F_d3;27000;INTARIAN_PEPPER_ROOT;10152;13;10149;17;;;10158;18;10161;14;;;10155.0;0.0
yf_ZW=F_d3;27100;ASH_COATED_OSMIUM;9903;21;9900;19;;;9932;22;9935;22;;;9917.5;0.0
yf_ZW=F_d3;27100;INTARIAN_PEPPER_ROOT;10148;16;10144;27;;;10164;18;10166;19;;;10156.0;0.0
yf_ZW=F_d3;27200;ASH_COATED_OSMIUM;9914;6;9912;17;;;9920;9;9922;22;;;9917.0;0.0
yf_ZW=F_d3;27200;INTARIAN_PEPPER_ROOT;10154;14;10150;22;;;10160;7;10162;12;;;10157.0;0.0
yf_ZW=F_d3;27300;ASH_COATED_OSMIUM;9906;21;9903;27;;;9928;11;9931;19;;;9917.0;0.0
yf_ZW=F_d3;27300;INTARIAN_PEPPER_ROOT;10157;5;10153;25;;;10163;20;10167;22;;;10160.0;0.0
yf_ZW=F_d3;27400;ASH_COATED_OSMIUM;9912;10;9910;21;;;9923;20;9925;22;;;9917.5;0.0
yf_ZW=F_d3;27400;INTARIAN_PEPPER_ROOT;10158;16;10155;23;;;10164;11;10168;28;;;10161.0;0.0
yf_ZW=F_d3;27500;ASH_COATED_OSMIUM;9914;13;9912;25;;;9920;14;9923;21;;;9917.0;0.0
yf_ZW=F_d3;27500;INTARIAN_PEPPER_ROOT;10160;11;10156;19;;;10166;14;10169;16;;;10163.0;0.0
yf_ZW=F_d3;27600;ASH_COATED_OSMIUM;9914;19;9910;15;;;9922;20;9924;18;;;9918.0;0.0
yf_ZW=F_d3;27600;INTARIAN_PEPPER_ROOT;10161;20;10159;19;;;10167;15;10171;26;;;10164.0;0.0
yf_ZW=F_d3;27700;ASH_COATED_OSMIUM;9915;15;9911;8;;;9921;19;9924;17;;;9918.0;0.0
yf_ZW=F_d3;27700;INTARIAN_PEPPER_ROOT;10158;11;10154;11;;;10173;14;10175;27;;;10165.5;0.0
yf_ZW=F_d3;27800;ASH_COATED_OSMIUM;9914;13;9910;20;;;9920;5;9923;19;;;9917.0;0.0
yf_ZW=F_d3;27800;INTARIAN_PEPPER_ROOT;10161;15;10157;26;;;10173;9;10177;22;;;10167.0;0.0
yf_ZW=F_d3;27900;ASH_COATED_OSMIUM;9913;10;9911;15;;;9921;23;9925;20;;;9917.0;0.0
yf_ZW=F_d3;27900;INTARIAN_PEPPER_ROOT;10166;5;10163;14;;;10172;15;10174;25;;;10169.0;0.0
yf_ZW=F_d3;28000;ASH_COATED_OSMIUM;9915;17;9912;17;;;9921;13;9925;22;;;9918.0;0.0
yf_ZW=F_d3;28000;INTARIAN_PEPPER_ROOT;10167;22;10164;23;;;10175;12;10178;26;;;10171.0;0.0
yf_ZW=F_d3;28100;ASH_COATED_OSMIUM;9913;14;9910;26;;;9920;15;9924;16;;;9916.5;0.0
yf_ZW=F_d3;28100;INTARIAN_PEPPER_ROOT;10156;15;10154;13;;;10188;20;10192;22;;;10172.0;0.0
yf_ZW=F_d3;28200;ASH_COATED_OSMIUM;9912;13;9908;30;;;9922;10;9926;20;;;9917.0;0.0
yf_ZW=F_d3;28200;INTARIAN_PEPPER_ROOT;10168;20;10164;24;;;10177;13;10180;20;;;10172.5;0.0
yf_ZW=F_d3;28300;ASH_COATED_OSMIUM;9914;11;9910;18;;;9920;18;9923;23;;;9917.0;0.0
yf_ZW=F_d3;28300;INTARIAN_PEPPER_ROOT;10171;8;10169;20;;;10178;10;10181;18;;;10174.5;0.0
yf_ZW=F_d3;28400;ASH_COATED_OSMIUM;9914;19;9911;17;;;9920;8;9922;21;;;9917.0;0.0
yf_ZW=F_d3;28400;INTARIAN_PEPPER_ROOT;10173;9;10170;26;;;10179;18;10182;23;;;10176.0;0.0
yf_ZW=F_d3;28500;ASH_COATED_OSMIUM;9912;10;9908;14;;;9923;13;9925;19;;;9917.5;0.0
yf_ZW=F_d3;28500;INTARIAN_PEPPER_ROOT;10175;23;10173;14;;;10181;12;10183;21;;;10178.0;0.0
yf_ZW=F_d3;28600;ASH_COATED_OSMIUM;9911;30;9909;17;;;9924;21;9928;19;;;9917.5;0.0
yf_ZW=F_d3;28600;INTARIAN_PEPPER_ROOT;10168;10;10165;23;;;10191;13;10194;18;;;10179.5;0.0
yf_ZW=F_d3;28700;ASH_COATED_OSMIUM;9914;24;9910;19;;;9920;6;9924;16;;;9917.0;0.0
yf_ZW=F_d3;28700;INTARIAN_PEPPER_ROOT;10178;11;10175;18;;;10185;19;10188;18;;;10181.5;0.0
yf_ZW=F_d3;28800;ASH_COATED_OSMIUM;9914;12;9910;17;;;9920;17;9923;17;;;9917.0;0.0
yf_ZW=F_d3;28800;INTARIAN_PEPPER_ROOT;10180;20;10176;19;;;10186;5;10190;16;;;10183.0;0.0
yf_ZW=F_d3;28900;ASH_COATED_OSMIUM;9906;20;9904;23;;;9928;9;9930;13;;;9917.0;0.0
yf_ZW=F_d3;28900;INTARIAN_PEPPER_ROOT;10181;20;10178;18;;;10187;21;10190;10;;;10184.0;0.0
yf_ZW=F_d3;29000;ASH_COATED_OSMIUM;9914;15;9912;29;;;9920;9;9924;15;;;9917.0;0.0
yf_ZW=F_d3;29000;INTARIAN_PEPPER_ROOT;10180;15;10177;16;;;10191;17;10195;29;;;10185.5;0.0
yf_ZW=F_d3;29100;ASH_COATED_OSMIUM;9914;15;9910;20;;;9920;14;9922;14;;;9917.0;0.0
yf_ZW=F_d3;29100;INTARIAN_PEPPER_ROOT;10184;6;10181;16;;;10190;17;10194;21;;;10187.0;0.0
yf_ZW=F_d3;29200;ASH_COATED_OSMIUM;9915;10;9911;27;;;9921;14;9923;14;;;9918.0;0.0
yf_ZW=F_d3;29200;INTARIAN_PEPPER_ROOT;10186;12;10183;31;;;10192;18;10194;13;;;10189.0;0.0
yf_ZW=F_d3;29300;ASH_COATED_OSMIUM;9912;17;9909;16;;;9922;9;9924;19;;;9917.0;0.0
yf_ZW=F_d3;29300;INTARIAN_PEPPER_ROOT;10178;17;10175;12;;;10204;11;10207;27;;;10191.0;0.0
yf_ZW=F_d3;29400;ASH_COATED_OSMIUM;9914;13;9911;21;;;9921;16;9925;14;;;9917.5;0.0
yf_ZW=F_d3;29400;INTARIAN_PEPPER_ROOT;10189;24;10185;25;;;10195;15;10199;22;;;10192.0;0.0
yf_ZW=F_d3;29500;ASH_COATED_OSMIUM;9914;20;9911;25;;;9920;12;9922;18;;;9917.0;0.0
yf_ZW=F_d3;29500;INTARIAN_PEPPER_ROOT;10189;18;10187;28;;;10199;8;10203;17;;;10194.0;0.0
yf_ZW=F_d3;29600;ASH_COATED_OSMIUM;9914;14;9911;22;;;9920;14;9922;15;;;9917.0;0.0
yf_ZW=F_d3;29600;INTARIAN_PEPPER_ROOT;10192;13;10190;17;;;10198;18;10202;11;;;10195.0;0.0
yf_ZW=F_d3;29700;ASH_COATED_OSMIUM;9914;21;9911;22;;;9920;5;9923;28;;;9917.0;0.0
yf_ZW=F_d3;29700;INTARIAN_PEPPER_ROOT;10187;14;10184;13;;;10206;8;10210;21;;;10196.5;0.0
yf_ZW=F_d3;29800;ASH_COATED_OSMIUM;9915;17;9911;15;;;9921;8;9923;8;;;9918.0;0.0
yf_ZW=F_d3;29800;INTARIAN_PEPPER_ROOT;10194;13;10191;17;;;10202;9;10206;23;;;10198.0;0.0
yf_ZW=F_d3;29900;ASH_COATED_OSMIUM;9910;11;9908;24;;;9924;5;9926;20;;;9917.0;0.0
yf_ZW=F_d3;29900;INTARIAN_PEPPER_ROOT;10194;18;10192;16;;;10206;15;10210;17;;;10200.0;0.0
yf_ZW=F_d3;30000;ASH_COATED_OSMIUM;9915;12;9911;26;;;9921;11;9924;30;;;9918.0;0.0
yf_ZW=F_d3;30000;INTARIAN_PEPPER_ROOT;10195;7;10192;21;;;10208;15;10212;21;;;10201.5;0.0
yf_ZW=F_d3;30100;ASH_COATED_OSMIUM;9913;8;9911;14;;;9922;9;9926;22;;;9917.5;0.0
yf_ZW=F_d3;30100;INTARIAN_PEPPER_ROOT;10198;10;10195;17;;;10208;14;10210;19;;;10203.0;0.0
yf_ZW=F_d3;30200;ASH_COATED_OSMIUM;9914;9;9910;13;;;9920;20;9923;22;;;9917.0;0.0
yf_ZW=F_d3;30200;INTARIAN_PEPPER_ROOT;10198;12;10194;10;;;10211;12;10215;28;;;10204.5;0.0
yf_ZW=F_d3;30300;ASH_COATED_OSMIUM;9914;10;9911;27;;;9920;24;9923;22;;;9917.0;0.0
yf_ZW=F_d3;30300;INTARIAN_PEPPER_ROOT;10199;9;10197;14;;;10214;21;10216;20;;;10206.5;0.0
yf_ZW=F_d3;30400;ASH_COATED_OSMIUM;9908;14;9906;30;;;9926;8;9930;17;;;9917.0;0.0
yf_ZW=F_d3;30400;INTARIAN_PEPPER_ROOT;10204;20;10201;33;;;10210;16;10213;15;;;10207.0;0.0
yf_ZW=F_d3;30500;ASH_COATED_OSMIUM;9914;13;9910;19;;;9920;5;9924;28;;;9917.0;0.0
yf_ZW=F_d3;30500;INTARIAN_PEPPER_ROOT;10206;14;10202;21;;;10212;18;10214;16;;;10209.0;0.0
yf_ZW=F_d3;30600;ASH_COATED_OSMIUM;9915;17;9911;18;;;9921;15;9925;11;;;9918.0;0.0
yf_ZW=F_d3;30600;INTARIAN_PEPPER_ROOT;10207;15;10205;19;;;10213;11;10216;15;;;10210.0;0.0
yf_ZW=F_d3;30700;ASH_COATED_OSMIUM;9914;14;9912;27;;;9921;5;9925;29;;;9917.5;0.0
yf_ZW=F_d3;30700;INTARIAN_PEPPER_ROOT;10209;10;10205;23;;;10215;25;10218;23;;;10212.0;0.0
yf_ZW=F_d3;30800;ASH_COATED_OSMIUM;9915;23;9912;18;;;9921;16;9923;19;;;9918.0;0.0
yf_ZW=F_d3;30800;INTARIAN_PEPPER_ROOT;10210;16;10206;17;;;10216;5;10220;18;;;10213.0;0.0
yf_ZW=F_d3;30900;ASH_COATED_OSMIUM;9914;22;9912;18;;;9920;14;9922;23;;;9917.0;0.0
yf_ZW=F_d3;30900;INTARIAN_PEPPER_ROOT;10212;17;10208;20;;;10218;19;10222;15;;;10215.0;0.0
yf_ZW=F_d3;31000;ASH_COATED_OSMIUM;9914;10;9910;25;;;9920;14;9924;19;;;9917.0;0.0
yf_ZW=F_d3;31000;INTARIAN_PEPPER_ROOT;10214;12;10212;21;;;10220;11;10222;19;;;10217.0;0.0
yf_ZW=F_d3;31100;ASH_COATED_OSMIUM;9913;20;9911;24;;;9922;11;9924;17;;;9917.5;0.0
yf_ZW=F_d3;31100;INTARIAN_PEPPER_ROOT;10211;27;10209;25;;;10225;11;10229;28;;;10218.0;0.0
yf_ZW=F_d3;31200;ASH_COATED_OSMIUM;9913;17;9909;14;;;9921;15;9924;19;;;9917.0;0.0
yf_ZW=F_d3;31200;INTARIAN_PEPPER_ROOT;10217;14;10214;24;;;10223;11;10225;23;;;10220.0;0.0
yf_ZW=F_d3;31300;ASH_COATED_OSMIUM;9914;12;9911;19;;;9920;18;9924;18;;;9917.0;0.0
yf_ZW=F_d3;31300;INTARIAN_PEPPER_ROOT;10218;17;10216;19;;;10224;20;10226;27;;;10221.0;0.0
yf_ZW=F_d3;31400;ASH_COATED_OSMIUM;9914;5;9910;9;;;9920;15;9923;25;;;9917.0;0.0
yf_ZW=F_d3;31400;INTARIAN_PEPPER_ROOT;10218;9;10216;21;;;10227;7;10231;22;;;10222.5;0.0
yf_ZW=F_d3;31500;ASH_COATED_OSMIUM;9914;5;9910;18;;;9920;12;9923;22;;;9917.0;0.0
yf_ZW=F_d3;31500;INTARIAN_PEPPER_ROOT;10221;11;10217;16;;;10227;16;10229;17;;;10224.0;0.0
yf_ZW=F_d3;31600;ASH_COATED_OSMIUM;9913;8;9910;19;;;9922;8;9924;27;;;9917.5;0.0
yf_ZW=F_d3;31600;INTARIAN_PEPPER_ROOT;10222;11;10218;20;;;10230;14;10234;21;;;10226.0;0.0
yf_ZW=F_d3;31700;ASH_COATED_OSMIUM;9914;5;9912;13;;;9920;16;9923;23;;;9917.0;0.0
yf_ZW=F_d3;31700;INTARIAN_PEPPER_ROOT;10221;23;10217;13;;;10234;16;10238;14;;;10227.5;0.0
yf_ZW=F_d3;31800;ASH_COATED_OSMIUM;9914;14;9910;21;;;9920;10;9924;12;;;9917.0;0.0
yf_ZW=F_d3;31800;INTARIAN_PEPPER_ROOT;10226;14;10222;12;;;10232;10;10236;13;;;10229.0;0.0
yf_ZW=F_d3;31900;ASH_COATED_OSMIUM;9914;14;9912;14;;;9920;8;9922;22;;;9917.0;0.0
yf_ZW=F_d3;31900;INTARIAN_PEPPER_ROOT;10224;6;10222;14;;;10237;12;10239;16;;;10230.5;0.0
yf_ZW=F_d3;32000;ASH_COATED_OSMIUM;9914;19;9912;18;;;9920;16;9924;23;;;9917.0;0.0
yf_ZW=F_d3;32000;INTARIAN_PEPPER_ROOT;10229;13;10227;14;;;10235;8;10239;15;;;10232.0;0.0
yf_ZW=F_d3;32100;ASH_COATED_OSMIUM;9914;15;9912;18;;;9920;20;9924;10;;;9917.0;0.0
yf_ZW=F_d3;32100;INTARIAN_PEPPER_ROOT;10227;10;10225;20;;;10240;19;10242;21;;;10233.5;0.0
yf_ZW=F_d3;32200;ASH_COATED_OSMIUM;9914;9;9910;20;;;9920;20;9924;17;;;9917.0;0.0
yf_ZW=F_d3;32200;INTARIAN_PEPPER_ROOT;10232;16;10228;26;;;10238;10;10242;25;;;10235.0;0.0
yf_ZW=F_d3;32300;ASH_COATED_OSMIUM;9907;16;9903;14;;;9927;20;9931;30;;;9917.0;0.0
yf_ZW=F_d3;32300;INTARIAN_PEPPER_ROOT;10234;18;10232;27;;;10240;5;10243;15;;;10237.0;0.0
yf_ZW=F_d3;32400;ASH_COATED_OSMIUM;9914;13;9911;20;;;9920;9;9922;20;;;9917.0;0.0
yf_ZW=F_d3;32400;INTARIAN_PEPPER_ROOT;10234;9;10231;19;;;10243;5;10247;19;;;10238.5;0.0
yf_ZW=F_d3;32500;ASH_COATED_OSMIUM;9914;7;9912;23;;;9920;12;9922;35;;;9917.0;0.0
yf_ZW=F_d3;32500;INTARIAN_PEPPER_ROOT;10229;21;10227;26;;;10252;11;10256;18;;;10240.5;0.0
yf_ZW=F_d3;32600;ASH_COATED_OSMIUM;9907;12;9903;32;;;9927;26;9929;18;;;9917.0;0.0
yf_ZW=F_d3;32600;INTARIAN_PEPPER_ROOT;10239;5;10237;27;;;10245;13;10249;12;;;10242.0;0.0
yf_ZW=F_d3;32700;ASH_COATED_OSMIUM;9913;17;9911;13;;;9921;18;9924;11;;;9917.0;0.0
yf_ZW=F_d3;32700;INTARIAN_PEPPER_ROOT;10240;9;10237;15;;;10246;7;10249;22;;;10243.0;0.0
yf_ZW=F_d3;32800;ASH_COATED_OSMIUM;9913;17;9910;17;;;9919;15;9921;18;;;9916.0;0.0
yf_ZW=F_d3;32800;INTARIAN_PEPPER_ROOT;10241;13;10237;31;;;10247;18;10251;26;;;10244.0;0.0
yf_ZW=F_d3;32900;ASH_COATED_OSMIUM;9914;9;9910;12;;;9920;12;9923;27;;;9917.0;0.0
yf_ZW=F_d3;32900;INTARIAN_PEPPER_ROOT;10240;20;10237;21;;;10252;9;10256;16;;;10246.0;0.0
yf_ZW=F_d3;33000;ASH_COATED_OSMIUM;9914;15;9911;22;;;9920;14;9923;25;;;9917.0;0.0
yf_ZW=F_d3;33000;INTARIAN_PEPPER_ROOT;10241;15;10237;15;;;10254;20;10258;30;;;10247.5;0.0
yf_ZW=F_d3;33100;ASH_COATED_OSMIUM;9912;12;9910;20;;;9923;7;9926;15;;;9917.5;0.0
yf_ZW=F_d3;33100;INTARIAN_PEPPER_ROOT;10246;15;10242;17;;;10252;17;10256;17;;;10249.0;0.0
yf_ZW=F_d3;33200;ASH_COATED_OSMIUM;9910;18;9906;22;;;9924;14;9926;23;;;9917.0;0.0
yf_ZW=F_d3;33200;INTARIAN_PEPPER_ROOT;10248;10;10245;12;;;10254;13;10257;18;;;10251.0;0.0
yf_ZW=F_d3;33300;ASH_COATED_OSMIUM;9905;15;9903;15;;;9928;9;9932;25;;;9916.5;0.0
yf_ZW=F_d3;33300;INTARIAN_PEPPER_ROOT;10249;8;10245;23;;;10255;10;10258;13;;;10252.0;0.0
yf_ZW=F_d3;33400;ASH_COATED_OSMIUM;9906;6;9902;13;;;9926;5;9928;22;;;9916.0;0.0
yf_ZW=F_d3;33400;INTARIAN_PEPPER_ROOT;10243;15;10241;14;;;10265;9;10267;11;;;10254.0;0.0
yf_ZW=F_d3;33500;ASH_COATED_OSMIUM;9909;11;9907;24;;;9924;15;9928;20;;;9916.5;0.0
yf_ZW=F_d3;33500;INTARIAN_PEPPER_ROOT;10238;12;10236;16;;;10273;11;10277;9;;;10255.5;0.0
yf_ZW=F_d3;33600;ASH_COATED_OSMIUM;9915;15;9912;21;;;9921;12;9923;18;;;9918.0;0.0
yf_ZW=F_d3;33600;INTARIAN_PEPPER_ROOT;10247;15;10244;19;;;10267;26;10269;24;;;10257.0;0.0
yf_ZW=F_d3;33700;ASH_COATED_OSMIUM;9914;11;9911;23;;;9920;5;9922;22;;;9917.0;0.0
yf_ZW=F_d3;33700;INTARIAN_PEPPER_ROOT;10253;12;10249;18;;;10265;6;10267;20;;;10259.0;0.0
yf_ZW=F_d3;33800;ASH_COATED_OSMIUM;9914;10;9912;15;;;9920;8;9924;24;;;9917.0;0.0
yf_ZW=F_d3;33800;INTARIAN_PEPPER_ROOT;10256;5;10252;11;;;10262;8;10265;18;;;10259.0;0.0
yf_ZW=F_d3;33900;ASH_COATED_OSMIUM;9914;12;9912;18;;;9920;15;9922;17;;;9917.0;0.0
yf_ZW=F_d3;33900;INTARIAN_PEPPER_ROOT;10259;16;10255;18;;;10265;19;10267;25;;;10262.0;0.0
yf_ZW=F_d3;34000;ASH_COATED_OSMIUM;9914;16;9912;23;;;9920;14;9924;21;;;9917.0;0.0
yf_ZW=F_d3;34000;INTARIAN_PEPPER_ROOT;10259;19;10257;25;;;10265;13;10267;24;;;10262.0;0.0
yf_ZW=F_d3;34100;ASH_COATED_OSMIUM;9914;22;9911;22;;;9920;18;9922;32;;;9917.0;0.0
yf_ZW=F_d3;34100;INTARIAN_PEPPER_ROOT;10260;20;10256;18;;;10266;5;10268;22;;;10263.0;0.0
yf_ZW=F_d3;34200;ASH_COATED_OSMIUM;9914;16;9910;22;;;9920;20;9922;11;;;9917.0;0.0
yf_ZW=F_d3;34200;INTARIAN_PEPPER_ROOT;10261;17;10258;20;;;10268;15;10272;16;;;10264.5;0.0
yf_ZW=F_d3;34300;ASH_COATED_OSMIUM;9914;20;9912;26;;;9920;12;9922;14;;;9917.0;0.0
yf_ZW=F_d3;34300;INTARIAN_PEPPER_ROOT;10262;20;10260;27;;;10268;16;10272;27;;;10265.0;0.0
yf_ZW=F_d3;34400;ASH_COATED_OSMIUM;9914;8;9910;19;;;9920;23;9922;14;;;9917.0;0.0
yf_ZW=F_d3;34400;INTARIAN_PEPPER_ROOT;10263;22;10259;8;;;10269;15;10271;16;;;10266.0;0.0
yf_ZW=F_d3;34500;ASH_COATED_OSMIUM;9914;21;9912;20;;;9920;28;9922;19;;;9917.0;0.0
yf_ZW=F_d3;34500;INTARIAN_PEPPER_ROOT;10262;15;10258;18;;;10271;9;10275;12;;;10266.5;0.0
yf_ZW=F_d3;34600;ASH_COATED_OSMIUM;9909;20;9907;11;;;9924;8;9927;13;;;9916.5;0.0
yf_ZW=F_d3;34600;INTARIAN_PEPPER_ROOT;10265;19;10262;16;;;10271;13;10275;29;;;10268.0;0.0
yf_ZW=F_d3;34700;ASH_COATED_OSMIUM;9905;11;9901;20;;;9928;18;9932;23;;;9916.5;0.0
yf_ZW=F_d3;34700;INTARIAN_PEPPER_ROOT;10266;15;10264;20;;;10272;14;10275;11;;;10269.0;0.0
yf_ZW=F_d3;34800;ASH_COATED_OSMIUM;9910;11;9907;12;;;9922;9;9924;21;;;9916.0;0.0
yf_ZW=F_d3;34800;INTARIAN_PEPPER_ROOT;10266;13;10263;23;;;10272;13;10274;18;;;10269.0;0.0
yf_ZW=F_d3;34900;ASH_COATED_OSMIUM;9913;12;9910;22;;;9919;19;9922;20;;;9916.0;0.0
yf_ZW=F_d3;34900;INTARIAN_PEPPER_ROOT;10267;20;10263;15;;;10273;9;10276;20;;;10270.0;0.0
yf_ZW=F_d3;35000;ASH_COATED_OSMIUM;9913;11;9910;21;;;9919;8;9923;23;;;9916.0;0.0
yf_ZW=F_d3;35000;INTARIAN_PEPPER_ROOT;10267;14;10264;23;;;10276;12;10279;16;;;10271.5;0.0
yf_ZW=F_d3;35100;ASH_COATED_OSMIUM;9913;22;9910;22;;;9919;17;9921;16;;;9916.0;0.0
yf_ZW=F_d3;35100;INTARIAN_PEPPER_ROOT;10269;14;10265;21;;;10275;21;10277;18;;;10272.0;0.0
yf_ZW=F_d3;35200;ASH_COATED_OSMIUM;9911;18;9909;13;;;9921;12;9924;24;;;9916.0;0.0
yf_ZW=F_d3;35200;INTARIAN_PEPPER_ROOT;10269;7;10267;15;;;10277;18;10280;26;;;10273.0;0.0
yf_ZW=F_d3;35300;ASH_COATED_OSMIUM;9913;5;9911;21;;;9921;14;9924;20;;;9917.0;0.0
yf_ZW=F_d3;35300;INTARIAN_PEPPER_ROOT;10265;15;10262;14;;;10282;6;10286;19;;;10273.5;0.0
yf_ZW=F_d3;35400;ASH_COATED_OSMIUM;9904;15;9901;17;;;9929;20;9931;19;;;9916.5;0.0
yf_ZW=F_d3;35400;INTARIAN_PEPPER_ROOT;10272;12;10269;20;;;10278;17;10281;13;;;10275.0;0.0
yf_ZW=F_d3;35500;ASH_COATED_OSMIUM;9913;18;9910;18;;;9919;13;9922;15;;;9916.0;0.0
yf_ZW=F_d3;35500;INTARIAN_PEPPER_ROOT;10273;10;10269;20;;;10279;16;10281;27;;;10276.0;0.0
yf_ZW=F_d3;35600;ASH_COATED_OSMIUM;9913;21;9910;18;;;9919;9;9921;24;;;9916.0;0.0
yf_ZW=F_d3;35600;INTARIAN_PEPPER_ROOT;10274;24;10271;23;;;10280;17;10282;18;;;10277.0;0.0
yf_ZW=F_d3;35700;ASH_COATED_OSMIUM;9913;14;9911;17;;;9919;14;9921;16;;;9916.0;0.0
yf_ZW=F_d3;35700;INTARIAN_PEPPER_ROOT;10248;16;10245;26;;;10308;10;10312;22;;;10278.0;0.0
yf_ZW=F_d3;35800;ASH_COATED_OSMIUM;9913;26;9909;22;;;9919;23;9922;17;;;9916.0;0.0
yf_ZW=F_d3;35800;INTARIAN_PEPPER_ROOT;10276;21;10272;21;;;10282;15;10285;23;;;10279.0;0.0
yf_ZW=F_d3;35900;ASH_COATED_OSMIUM;9912;18;9909;11;;;9919;20;9921;13;;;9915.5;0.0
yf_ZW=F_d3;35900;INTARIAN_PEPPER_ROOT;10277;10;10274;18;;;10283;8;10285;19;;;10280.0;0.0
yf_ZW=F_d3;36000;ASH_COATED_OSMIUM;9913;19;9911;20;;;9919;16;9921;24;;;9916.0;0.0
yf_ZW=F_d3;36000;INTARIAN_PEPPER_ROOT;10277;17;10273;25;;;10285;21;10288;24;;;10281.0;0.0
yf_ZW=F_d3;36100;ASH_COATED_OSMIUM;9912;8;9910;18;;;9918;14;9921;18;;;9915.0;0.0
yf_ZW=F_d3;36100;INTARIAN_PEPPER_ROOT;10279;14;10277;10;;;10285;11;10287;12;;;10282.0;0.0
yf_ZW=F_d3;36200;ASH_COATED_OSMIUM;9899;28;9895;24;;;9932;7;9936;24;;;9915.5;0.0
yf_ZW=F_d3;36200;INTARIAN_PEPPER_ROOT;10277;14;10273;30;;;10288;15;10291;18;;;10282.5;0.0
yf_ZW=F_d3;36300;ASH_COATED_OSMIUM;9909;16;9906;12;;;9923;13;9925;19;;;9916.0;0.0
yf_ZW=F_d3;36300;INTARIAN_PEPPER_ROOT;10280;16;10277;20;;;10286;12;10289;13;;;10283.0;0.0
yf_ZW=F_d3;36400;ASH_COATED_OSMIUM;9904;9;9901;20;;;9927;15;9929;25;;;9915.5;0.0
yf_ZW=F_d3;36400;INTARIAN_PEPPER_ROOT;10276;15;10273;15;;;10292;5;10295;21;;;10284.0;0.0
yf_ZW=F_d3;36500;ASH_COATED_OSMIUM;9912;19;9910;24;;;9918;11;9920;26;;;9915.0;0.0
yf_ZW=F_d3;36500;INTARIAN_PEPPER_ROOT;10283;18;10281;17;;;10289;11;10293;14;;;10286.0;0.0
yf_ZW=F_d3;36600;ASH_COATED_OSMIUM;9911;19;9908;18;;;9920;12;9924;20;;;9915.5;0.0
yf_ZW=F_d3;36600;INTARIAN_PEPPER_ROOT;10283;10;10281;22;;;10289;22;10293;20;;;10286.0;0.0
yf_ZW=F_d3;36700;ASH_COATED_OSMIUM;9912;12;9910;20;;;9918;18;9921;17;;;9915.0;0.0
yf_ZW=F_d3;36700;INTARIAN_PEPPER_ROOT;10284;19;10281;15;;;10290;22;10292;15;;;10287.0;0.0
yf_ZW=F_d3;36800;ASH_COATED_OSMIUM;9912;17;9909;28;;;9918;10;9921;24;;;9915.0;0.0
yf_ZW=F_d3;36800;INTARIAN_PEPPER_ROOT;10284;11;10282;26;;;10294;17;10298;25;;;10289.0;0.0
yf_ZW=F_d3;36900;ASH_COATED_OSMIUM;9912;14;9909;14;;;9918;20;9920;11;;;9915.0;0.0
yf_ZW=F_d3;36900;INTARIAN_PEPPER_ROOT;10286;10;10282;27;;;10292;11;10294;23;;;10289.0;0.0
yf_ZW=F_d3;37000;ASH_COATED_OSMIUM;9912;14;9910;20;;;9918;17;9920;12;;;9915.0;0.0
yf_ZW=F_d3;37000;INTARIAN_PEPPER_ROOT;10287;16;10284;20;;;10293;7;10297;10;;;10290.0;0.0
yf_ZW=F_d3;37100;ASH_COATED_OSMIUM;9909;8;9906;28;;;9922;16;9925;22;;;9915.5;0.0
yf_ZW=F_d3;37100;INTARIAN_PEPPER_ROOT;10287;13;10284;27;;;10295;13;10298;14;;;10291.0;0.0
yf_ZW=F_d3;37200;ASH_COATED_OSMIUM;9908;8;9904;23;;;9922;18;9926;30;;;9915.0;0.0
yf_ZW=F_d3;37200;INTARIAN_PEPPER_ROOT;10288;5;10285;12;;;10294;12;10297;24;;;10291.0;0.0
yf_ZW=F_d3;37300;ASH_COATED_OSMIUM;9912;11;9908;19;;;9918;19;9921;9;;;9915.0;0.0
yf_ZW=F_d3;37300;INTARIAN_PEPPER_ROOT;10289;15;10285;9;;;10295;20;10298;20;;;10292.0;0.0
yf_ZW=F_d3;37400;ASH_COATED_OSMIUM;9912;27;9908;20;;;9918;14;9922;28;;;9915.0;0.0
yf_ZW=F_d3;37400;INTARIAN_PEPPER_ROOT;10290;21;10287;20;;;10296;13;10299;16;;;10293.0;0.0
yf_ZW=F_d3;37500;ASH_COATED_OSMIUM;9912;14;9910;24;;;9918;22;9921;22;;;9915.0;0.0
yf_ZW=F_d3;37500;INTARIAN_PEPPER_ROOT;10291;8;10287;21;;;10297;14;10300;23;;;10294.0;0.0
yf_ZW=F_d3;37600;ASH_COATED_OSMIUM;9912;18;9908;28;;;9918;13;9922;21;;;9915.0;0.0
yf_ZW=F_d3;37600;INTARIAN_PEPPER_ROOT;10292;14;10290;18;;;10298;10;10301;27;;;10295.0;0.0
yf_ZW=F_d3;37700;ASH_COATED_OSMIUM;9912;18;9909;15;;;9918;19;9922;17;;;9915.0;0.0
yf_ZW=F_d3;37700;INTARIAN_PEPPER_ROOT;10293;22;10290;25;;;10299;13;10303;26;;;10296.0;0.0
yf_ZW=F_d3;37800;ASH_COATED_OSMIUM;9911;20;9909;14;;;9917;5;9919;20;;;9914.0;0.0
yf_ZW=F_d3;37800;INTARIAN_PEPPER_ROOT;10291;22;10289;26;;;10302;20;10304;14;;;10296.5;0.0
yf_ZW=F_d3;37900;ASH_COATED_OSMIUM;9911;18;9909;23;;;9917;15;9919;19;;;9914.0;0.0
yf_ZW=F_d3;37900;INTARIAN_PEPPER_ROOT;10295;6;10293;14;;;10301;9;10304;27;;;10298.0;0.0
yf_ZW=F_d3;38000;ASH_COATED_OSMIUM;9906;11;9902;19;;;9922;15;9924;21;;;9914.0;0.0
yf_ZW=F_d3;38000;INTARIAN_PEPPER_ROOT;10291;15;10288;12;;;10307;17;10311;18;;;10299.0;0.0
yf_ZW=F_d3;38100;ASH_COATED_OSMIUM;9909;20;9905;22;;;9922;25;9925;24;;;9915.5;0.0
yf_ZW=F_d3;38100;INTARIAN_PEPPER_ROOT;10288;7;10285;17;;;10311;9;10315;20;;;10299.5;0.0
yf_ZW=F_d3;38200;ASH_COATED_OSMIUM;9912;10;9908;23;;;9918;18;9920;17;;;9915.0;0.0
yf_ZW=F_d3;38200;INTARIAN_PEPPER_ROOT;10297;14;10293;27;;;10303;8;10305;21;;;10300.0;0.0
yf_ZW=F_d3;38300;ASH_COATED_OSMIUM;9911;17;9909;10;;;9917;27;9920;15;;;9914.0;0.0
yf_ZW=F_d3;38300;INTARIAN_PEPPER_ROOT;10293;18;10289;9;;;10310;17;10313;14;;;10301.5;0.0
yf_ZW=F_d3;38400;ASH_COATED_OSMIUM;9912;24;9910;29;;;9918;7;9922;25;;;9915.0;0.0
yf_ZW=F_d3;38400;INTARIAN_PEPPER_ROOT;10297;10;10295;19;;;10309;10;10312;15;;;10303.0;0.0
yf_ZW=F_d3;38500;ASH_COATED_OSMIUM;9911;18;9909;15;;;9918;28;9921;14;;;9914.5;0.0
yf_ZW=F_d3;38500;INTARIAN_PEPPER_ROOT;10295;13;10292;25;;;10312;15;10316;18;;;10303.5;0.0
yf_ZW=F_d3;38600;ASH_COATED_OSMIUM;9911;16;9909;31;;;9917;11;9920;19;;;9914.0;0.0
yf_ZW=F_d3;38600;INTARIAN_PEPPER_ROOT;10301;16;10298;10;;;10307;14;10311;21;;;10304.0;0.0
yf_ZW=F_d3;38700;ASH_COATED_OSMIUM;9911;10;9907;20;;;9917;20;9920;16;;;9914.0;0.0
yf_ZW=F_d3;38700;INTARIAN_PEPPER_ROOT;10302;22;10298;18;;;10308;7;10312;17;;;10305.0;0.0
yf_ZW=F_d3;38800;ASH_COATED_OSMIUM;9910;7;9906;18;;;9919;20;9921;13;;;9914.5;0.0
yf_ZW=F_d3;38800;INTARIAN_PEPPER_ROOT;10299;24;10296;14;;;10314;18;10318;22;;;10306.5;0.0
yf_ZW=F_d3;38900;ASH_COATED_OSMIUM;9911;13;9907;20;;;9917;18;9920;17;;;9914.0;0.0
yf_ZW=F_d3;38900;INTARIAN_PEPPER_ROOT;10302;18;10300;22;;;10311;7;10314;24;;;10306.5;0.0
yf_ZW=F_d3;39000;ASH_COATED_OSMIUM;9911;29;9907;18;;;9917;18;9921;20;;;9914.0;0.0
yf_ZW=F_d3;39000;INTARIAN_PEPPER_ROOT;10305;8;10303;18;;;10311;16;10315;13;;;10308.0;0.0
yf_ZW=F_d3;39100;ASH_COATED_OSMIUM;9907;22;9905;24;;;9920;12;9923;23;;;9913.5;0.0
yf_ZW=F_d3;39100;INTARIAN_PEPPER_ROOT;10305;11;10302;19;;;10311;10;10314;27;;;10308.0;0.0
yf_ZW=F_d3;39200;ASH_COATED_OSMIUM;9903;9;9901;21;;;9924;21;9926;27;;;9913.5;0.0
yf_ZW=F_d3;39200;INTARIAN_PEPPER_ROOT;10306;21;10302;31;;;10312;19;10315;16;;;10309.0;0.0
yf_ZW=F_d3;39300;ASH_COATED_OSMIUM;9911;14;9908;10;;;9917;7;9920;20;;;9914.0;0.0
yf_ZW=F_d3;39300;INTARIAN_PEPPER_ROOT;10299;9;10295;17;;;10322;5;10325;17;;;10310.5;0.0
yf_ZW=F_d3;39400;ASH_COATED_OSMIUM;9911;14;9908;21;;;9917;14;9921;22;;;9914.0;0.0
yf_ZW=F_d3;39400;INTARIAN_PEPPER_ROOT;10309;15;10305;14;;;10315;18;10318;21;;;10312.0;0.0
yf_ZW=F_d3;39500;ASH_COATED_OSMIUM;9912;14;9908;17;;;9918;25;9921;29;;;9915.0;0.0
yf_ZW=F_d3;39500;INTARIAN_PEPPER_ROOT;10309;8;10306;15;;;10315;12;10318;16;;;10312.0;0.0
yf_ZW=F_d3;39600;ASH_COATED_OSMIUM;9910;11;9906;14;;;9916;9;9919;19;;;9913.0;0.0
yf_ZW=F_d3;39600;INTARIAN_PEPPER_ROOT;10310;16;10306;21;;;10316;16;10320;22;;;10313.0;0.0
yf_ZW=F_d3;39700;ASH_COATED_OSMIUM;9908;11;9905;16;;;9918;9;9921;26;;;9913.0;0.0
yf_ZW=F_d3;39700;INTARIAN_PEPPER_ROOT;10311;17;10307;29;;;10317;9;10321;29;;;10314.0;0.0
yf_ZW=F_d3;39800;ASH_COATED_OSMIUM;9911;12;9909;21;;;9917;15;9920;23;;;9914.0;0.0
yf_ZW=F_d3;39800;INTARIAN_PEPPER_ROOT;10312;18;10308;19;;;10318;15;10322;11;;;10315.0;0.0
yf_ZW=F_d3;39900;ASH_COATED_OSMIUM;9910;10;9907;23;;;9916;17;9918;21;;;9913.0;0.0
yf_ZW=F_d3;39900;INTARIAN_PEPPER_ROOT;10312;15;10310;13;;;10318;7;10320;24;;;10315.0;0.0
yf_ZW=F_d3;40000;ASH_COATED_OSMIUM;9910;5;9907;21;;;9916;17;9918;22;;;9913.0;0.0
yf_ZW=F_d3;40000;INTARIAN_PEPPER_ROOT;10312;21;10310;16;;;10323;9;10325;24;;;10317.5;0.0
yf_ZW=F_d3;40100;ASH_COATED_OSMIUM;9910;7;9907;21;;;9916;9;9918;27;;;9913.0;0.0
yf_ZW=F_d3;40100;INTARIAN_PEPPER_ROOT;10315;20;10313;17;;;10321;15;10324;25;;;10318.0;0.0
yf_ZW=F_d3;40200;ASH_COATED_OSMIUM;9910;15;9908;14;;;9916;13;9919;20;;;9913.0;0.0
yf_ZW=F_d3;40200;INTARIAN_PEPPER_ROOT;10315;7;10312;23;;;10321;10;10324;25;;;10318.0;0.0
yf_ZW=F_d3;40300;ASH_COATED_OSMIUM;9910;18;9908;20;;;9916;17;9920;17;;;9913.0;0.0
yf_ZW=F_d3;40300;INTARIAN_PEPPER_ROOT;10316;16;10314;20;;;10322;22;10324;13;;;10319.0;0.0
yf_ZW=F_d3;40400;ASH_COATED_OSMIUM;9910;30;9907;19;;;9916;17;9918;11;;;9913.0;0.0
yf_ZW=F_d3;40400;INTARIAN_PEPPER_ROOT;10318;17;10314;18;;;10324;12;10326;14;;;10321.0;0.0
yf_ZW=F_d3;40500;ASH_COATED_OSMIUM;9910;17;9907;19;;;9916;18;9918;26;;;9913.0;0.0
yf_ZW=F_d3;40500;INTARIAN_PEPPER_ROOT;10317;8;10314;17;;;10326;17;10329;19;;;10321.5;0.0
yf_ZW=F_d3;40600;ASH_COATED_OSMIUM;9910;13;9907;21;;;9916;17;9919;20;;;9913.0;0.0
yf_ZW=F_d3;40600;INTARIAN_PEPPER_ROOT;10311;19;10307;19;;;10334;24;10337;21;;;10322.5;0.0
yf_ZW=F_d3;40700;ASH_COATED_OSMIUM;9910;11;9907;22;;;9916;13;9920;18;;;9913.0;0.0
yf_ZW=F_d3;40700;INTARIAN_PEPPER_ROOT;10318;20;10316;23;;;10327;15;10329;21;;;10322.5;0.0
yf_ZW=F_d3;40800;ASH_COATED_OSMIUM;9908;18;9905;19;;;9918;12;9922;21;;;9913.0;0.0
yf_ZW=F_d3;40800;INTARIAN_PEPPER_ROOT;10321;14;10317;20;;;10327;18;10330;12;;;10324.0;0.0
yf_ZW=F_d3;40900;ASH_COATED_OSMIUM;9907;12;9903;23;;;9918;16;9921;29;;;9912.5;0.0
yf_ZW=F_d3;40900;INTARIAN_PEPPER_ROOT;10322;11;10318;17;;;10328;21;10330;23;;;10325.0;0.0
yf_ZW=F_d3;41000;ASH_COATED_OSMIUM;9909;10;9905;21;;;9915;19;9918;13;;;9912.0;0.0
yf_ZW=F_d3;41000;INTARIAN_PEPPER_ROOT;10320;7;10317;21;;;10331;11;10335;21;;;10325.5;0.0
yf_ZW=F_d3;41100;ASH_COATED_OSMIUM;9910;22;9908;19;;;9916;19;9918;14;;;9913.0;0.0
yf_ZW=F_d3;41100;INTARIAN_PEPPER_ROOT;10316;19;10312;19;;;10338;14;10340;20;;;10327.0;0.0
yf_ZW=F_d3;41200;ASH_COATED_OSMIUM;9909;11;9907;15;;;9915;26;9918;10;;;9912.0;0.0
yf_ZW=F_d3;41200;INTARIAN_PEPPER_ROOT;10322;20;10318;20;;;10333;10;10337;26;;;10327.5;0.0
yf_ZW=F_d3;41300;ASH_COATED_OSMIUM;9907;7;9903;13;;;9918;15;9922;17;;;9912.5;0.0
yf_ZW=F_d3;41300;INTARIAN_PEPPER_ROOT;10325;12;10323;15;;;10331;9;10333;20;;;10328.0;0.0
yf_ZW=F_d3;41400;ASH_COATED_OSMIUM;9907;8;9904;23;;;9919;9;9922;13;;;9913.0;0.0
yf_ZW=F_d3;41400;INTARIAN_PEPPER_ROOT;10327;18;10324;11;;;10333;11;10337;22;;;10330.0;0.0
yf_ZW=F_d3;41500;ASH_COATED_OSMIUM;9909;14;9907;20;;;9915;10;9918;21;;;9912.0;0.0
yf_ZW=F_d3;41500;INTARIAN_PEPPER_ROOT;10328;16;10325;21;;;10334;24;10338;14;;;10331.0;0.0
yf_ZW=F_d3;41600;ASH_COATED_OSMIUM;9909;21;9907;15;;;9915;8;9919;23;;;9912.0;0.0
yf_ZW=F_d3;41600;INTARIAN_PEPPER_ROOT;10324;25;10320;18;;;10340;13;10342;25;;;10332.0;0.0
yf_ZW=F_d3;41700;ASH_COATED_OSMIUM;9909;10;9905;17;;;9915;8;9919;26;;;9912.0;0.0
yf_ZW=F_d3;41700;INTARIAN_PEPPER_ROOT;10324;19;10322;13;;;10341;8;10345;23;;;10332.5;0.0
yf_ZW=F_d3;41800;ASH_COATED_OSMIUM;9908;5;9905;18;;;9916;20;9919;27;;;9912.0;0.0
yf_ZW=F_d3;41800;INTARIAN_PEPPER_ROOT;10327;15;10324;23;;;10339;8;10341;19;;;10333.0;0.0
yf_ZW=F_d3;41900;ASH_COATED_OSMIUM;9909;14;9906;20;;;9915;18;9917;16;;;9912.0;0.0
yf_ZW=F_d3;41900;INTARIAN_PEPPER_ROOT;10331;5;10328;14;;;10337;14;10341;28;;;10334.0;0.0
yf_ZW=F_d3;42000;ASH_COATED_OSMIUM;9909;16;9907;23;;;9915;6;9918;16;;;9912.0;0.0
yf_ZW=F_d3;42000;INTARIAN_PEPPER_ROOT;10332;14;10329;15;;;10339;18;10343;18;;;10335.5;0.0
yf_ZW=F_d3;42100;ASH_COATED_OSMIUM;9908;14;9905;18;;;9916;16;9919;18;;;9912.0;0.0
yf_ZW=F_d3;42100;INTARIAN_PEPPER_ROOT;10333;16;10329;19;;;10339;13;10342;14;;;10336.0;0.0
yf_ZW=F_d3;42200;ASH_COATED_OSMIUM;9909;13;9906;20;;;9915;12;9918;8;;;9912.0;0.0
yf_ZW=F_d3;42200;INTARIAN_PEPPER_ROOT;10334;12;10330;12;;;10340;18;10343;28;;;10337.0;0.0
yf_ZW=F_d3;42300;ASH_COATED_OSMIUM;9903;22;9901;23;;;9919;10;9922;26;;;9911.0;0.0
yf_ZW=F_d3;42300;INTARIAN_PEPPER_ROOT;10325;12;10321;12;;;10351;15;10355;21;;;10338.0;0.0
yf_ZW=F_d3;42400;ASH_COATED_OSMIUM;9908;12;9906;22;;;9917;10;9920;26;;;9912.5;0.0
yf_ZW=F_d3;42400;INTARIAN_PEPPER_ROOT;10336;10;10334;19;;;10342;21;10345;23;;;10339.0;0.0
yf_ZW=F_d3;42500;ASH_COATED_OSMIUM;9909;16;9905;20;;;9915;16;9919;22;;;9912.0;0.0
yf_ZW=F_d3;42500;INTARIAN_PEPPER_ROOT;10336;11;10333;23;;;10344;11;10346;18;;;10340.0;0.0
yf_ZW=F_d3;42600;ASH_COATED_OSMIUM;9902;17;9899;9;;;9920;8;9922;22;;;9911.0;0.0
yf_ZW=F_d3;42600;INTARIAN_PEPPER_ROOT;10332;18;10330;25;;;10348;16;10352;19;;;10340.0;0.0
yf_ZW=F_d3;42700;ASH_COATED_OSMIUM;9909;11;9907;10;;;9915;12;9918;17;;;9912.0;0.0
yf_ZW=F_d3;42700;INTARIAN_PEPPER_ROOT;10337;16;10335;26;;;10345;14;10347;17;;;10341.0;0.0
yf_ZW=F_d3;42800;ASH_COATED_OSMIUM;9909;18;9905;27;;;9915;11;9917;21;;;9912.0;0.0
yf_ZW=F_d3;42800;INTARIAN_PEPPER_ROOT;10339;12;10337;29;;;10345;5;10348;18;;;10342.0;0.0
yf_ZW=F_d3;42900;ASH_COATED_OSMIUM;9908;17;9905;22;;;9914;22;9917;23;;;9911.0;0.0
yf_ZW=F_d3;42900;INTARIAN_PEPPER_ROOT;10317;10;10313;22;;;10369;14;10371;27;;;10343.0;0.0
yf_ZW=F_d3;43000;ASH_COATED_OSMIUM;9904;8;9901;19;;;9920;12;9924;13;;;9912.0;0.0
yf_ZW=F_d3;43000;INTARIAN_PEPPER_ROOT;10338;17;10336;17;;;10351;17;10355;15;;;10344.5;0.0
yf_ZW=F_d3;43100;ASH_COATED_OSMIUM;9908;11;9906;19;;;9914;22;9917;18;;;9911.0;0.0
yf_ZW=F_d3;43100;INTARIAN_PEPPER_ROOT;10342;13;10340;19;;;10348;22;10350;21;;;10345.0;0.0
yf_ZW=F_d3;43200;ASH_COATED_OSMIUM;9908;16;9906;23;;;9915;17;9918;15;;;9911.5;0.0
yf_ZW=F_d3;43200;INTARIAN_PEPPER_ROOT;10333;10;10329;17;;;10359;18;10363;12;;;10346.0;0.0
yf_ZW=F_d3;43300;ASH_COATED_OSMIUM;9906;7;9903;20;;;9917;20;9919;13;;;9911.5;0.0
yf_ZW=F_d3;43300;INTARIAN_PEPPER_ROOT;10342;23;10340;22;;;10351;15;10354;21;;;10346.5;0.0
yf_ZW=F_d3;43400;ASH_COATED_OSMIUM;9908;22;9906;18;;;9914;14;9916;22;;;9911.0;0.0
yf_ZW=F_d3;43400;INTARIAN_PEPPER_ROOT;10343;16;10340;16;;;10353;15;10355;20;;;10348.0;0.0
yf_ZW=F_d3;43500;ASH_COATED_OSMIUM;9901;20;9898;23;;;9922;14;9926;27;;;9911.5;0.0
yf_ZW=F_d3;43500;INTARIAN_PEPPER_ROOT;10342;17;10340;20;;;10356;18;10360;26;;;10349.0;0.0
yf_ZW=F_d3;43600;ASH_COATED_OSMIUM;9908;14;9906;21;;;9915;21;9918;22;;;9911.5;0.0
yf_ZW=F_d3;43600;INTARIAN_PEPPER_ROOT;10346;7;10342;22;;;10352;12;10354;16;;;10349.0;0.0
yf_ZW=F_d3;43700;ASH_COATED_OSMIUM;9908;20;9905;17;;;9914;17;9918;20;;;9911.0;0.0
yf_ZW=F_d3;43700;INTARIAN_PEPPER_ROOT;10347;14;10344;15;;;10353;14;10355;20;;;10350.0;0.0
yf_ZW=F_d3;43800;ASH_COATED_OSMIUM;9908;20;9906;19;;;9914;13;9917;19;;;9911.0;0.0
yf_ZW=F_d3;43800;INTARIAN_PEPPER_ROOT;10348;25;10344;16;;;10355;16;10357;13;;;10351.5;0.0
yf_ZW=F_d3;43900;ASH_COATED_OSMIUM;9908;20;9904;24;;;9914;20;9917;16;;;9911.0;0.0
yf_ZW=F_d3;43900;INTARIAN_PEPPER_ROOT;10347;10;10344;15;;;10358;25;10362;13;;;10352.5;0.0
yf_ZW=F_d3;44000;ASH_COATED_OSMIUM;9907;21;9903;21;;;9916;21;9919;25;;;9911.5;0.0
yf_ZW=F_d3;44000;INTARIAN_PEPPER_ROOT;10350;10;10347;21;;;10356;19;10360;31;;;10353.0;0.0
yf_ZW=F_d3;44100;ASH_COATED_OSMIUM;9908;20;9905;20;;;9914;18;9916;22;;;9911.0;0.0
yf_ZW=F_d3;44100;INTARIAN_PEPPER_ROOT;10345;14;10343;19;;;10363;15;10365;17;;;10354.0;0.0
yf_ZW=F_d3;44200;ASH_COATED_OSMIUM;9908;5;9906;17;;;9914;12;9916;17;;;9911.0;0.0
yf_ZW=F_d3;44200;INTARIAN_PEPPER_ROOT;10349;5;10347;21;;;10362;15;10364;33;;;10355.5;0.0
yf_ZW=F_d3;44300;ASH_COATED_OSMIUM;9908;11;9904;20;;;9914;10;9917;13;;;9911.0;0.0
yf_ZW=F_d3;44300;INTARIAN_PEPPER_ROOT;10351;9;10348;24;;;10361;19;10364;17;;;10356.0;0.0
yf_ZW=F_d3;44400;ASH_COATED_OSMIUM;9908;11;9904;20;;;9914;14;9916;18;;;9911.0;0.0
yf_ZW=F_d3;44400;INTARIAN_PEPPER_ROOT;10354;13;10352;16;;;10360;11;10364;13;;;10357.0;0.0
yf_ZW=F_d3;44500;ASH_COATED_OSMIUM;9908;10;9906;25;;;9914;14;9918;23;;;9911.0;0.0
yf_ZW=F_d3;44500;INTARIAN_PEPPER_ROOT;10345;18;10341;25;;;10371;15;10373;27;;;10358.0;0.0
yf_ZW=F_d3;44600;ASH_COATED_OSMIUM;9903;13;9900;19;;;9918;18;9921;17;;;9910.5;0.0
yf_ZW=F_d3;44600;INTARIAN_PEPPER_ROOT;10355;14;10353;21;;;10361;20;10364;22;;;10358.0;0.0
yf_ZW=F_d3;44700;ASH_COATED_OSMIUM;9898;17;9896;19;;;9923;9;9926;26;;;9910.5;0.0
yf_ZW=F_d3;44700;INTARIAN_PEPPER_ROOT;10356;13;10354;20;;;10362;13;10365;19;;;10359.0;0.0
yf_ZW=F_d3;44800;ASH_COATED_OSMIUM;9908;14;9906;16;;;9914;15;9918;23;;;9911.0;0.0
yf_ZW=F_d3;44800;INTARIAN_PEPPER_ROOT;10357;17;10355;16;;;10364;16;10368;27;;;10360.5;0.0
yf_ZW=F_d3;44900;ASH_COATED_OSMIUM;9903;14;9899;16;;;9917;15;9919;20;;;9910.0;0.0
yf_ZW=F_d3;44900;INTARIAN_PEPPER_ROOT;10352;21;10350;27;;;10369;20;10372;20;;;10360.5;0.0
yf_ZW=F_d3;45000;ASH_COATED_OSMIUM;9894;10;9891;17;;;9927;23;9929;30;;;9910.5;0.0
yf_ZW=F_d3;45000;INTARIAN_PEPPER_ROOT;10355;16;10351;33;;;10369;15;10371;21;;;10362.0;0.0
yf_ZW=F_d3;45100;ASH_COATED_OSMIUM;9907;19;9903;16;;;9913;11;9917;19;;;9910.0;0.0
yf_ZW=F_d3;45100;INTARIAN_PEPPER_ROOT;10359;14;10357;23;;;10365;15;10369;23;;;10362.0;0.0
yf_ZW=F_d3;45200;ASH_COATED_OSMIUM;9907;18;9903;19;;;9913;18;9917;20;;;9910.0;0.0
yf_ZW=F_d3;45200;INTARIAN_PEPPER_ROOT;10359;17;10355;24;;;10368;16;10371;20;;;10363.5;0.0
yf_ZW=F_d3;45300;ASH_COATED_OSMIUM;9898;16;9895;23;;;9923;23;9927;20;;;9910.5;0.0
yf_ZW=F_d3;45300;INTARIAN_PEPPER_ROOT;10358;11;10356;8;;;10372;14;10374;24;;;10365.0;0.0
yf_ZW=F_d3;45400;ASH_COATED_OSMIUM;9907;27;9905;27;;;9914;14;9918;17;;;9910.5;0.0
yf_ZW=F_d3;45400;INTARIAN_PEPPER_ROOT;10363;18;10360;18;;;10369;20;10373;28;;;10366.0;0.0
yf_ZW=F_d3;45500;ASH_COATED_OSMIUM;9904;13;9901;12;;;9918;13;9921;17;;;9911.0;0.0
yf_ZW=F_d3;45500;INTARIAN_PEPPER_ROOT;10352;16;10350;14;;;10381;23;10383;21;;;10366.5;0.0
yf_ZW=F_d3;45600;ASH_COATED_OSMIUM;9906;11;9904;15;;;9914;10;9916;16;;;9910.0;0.0
yf_ZW=F_d3;45600;INTARIAN_PEPPER_ROOT;10364;16;10361;25;;;10370;10;10372;28;;;10367.0;0.0
yf_ZW=F_d3;45700;ASH_COATED_OSMIUM;9905;7;9901;20;;;9915;9;9919;15;;;9910.0;0.0
yf_ZW=F_d3;45700;INTARIAN_PEPPER_ROOT;10366;13;10362;24;;;10372;20;10376;16;;;10369.0;0.0
yf_ZW=F_d3;45800;ASH_COATED_OSMIUM;9903;15;9899;24;;;9917;14;9921;26;;;9910.0;0.0
yf_ZW=F_d3;45800;INTARIAN_PEPPER_ROOT;10367;19;10365;23;;;10373;5;10376;16;;;10370.0;0.0
yf_ZW=F_d3;45900;ASH_COATED_OSMIUM;9904;12;9901;21;;;9916;14;9918;16;;;9910.0;0.0
yf_ZW=F_d3;45900;INTARIAN_PEPPER_ROOT;10353;25;10351;16;;;10387;14;10391;21;;;10370.0;0.0
yf_ZW=F_d3;46000;ASH_COATED_OSMIUM;9907;17;9903;16;;;9913;17;9917;22;;;9910.0;0.0
yf_ZW=F_d3;46000;INTARIAN_PEPPER_ROOT;10369;7;10367;17;;;10375;19;10378;23;;;10372.0;0.0
yf_ZW=F_d3;46100;ASH_COATED_OSMIUM;9906;15;9903;20;;;9912;20;9915;25;;;9909.0;0.0
yf_ZW=F_d3;46100;INTARIAN_PEPPER_ROOT;10364;20;10361;12;;;10382;12;10386;15;;;10373.0;0.0
yf_ZW=F_d3;46200;ASH_COATED_OSMIUM;9907;12;9904;20;;;9913;19;9917;23;;;9910.0;0.0
yf_ZW=F_d3;46200;INTARIAN_PEPPER_ROOT;10369;23;10367;24;;;10377;23;10380;16;;;10373.0;0.0
yf_ZW=F_d3;46300;ASH_COATED_OSMIUM;9906;20;9903;11;;;9912;21;9914;15;;;9909.0;0.0
yf_ZW=F_d3;46300;INTARIAN_PEPPER_ROOT;10351;16;10348;16;;;10398;10;10400;18;;;10374.5;0.0
yf_ZW=F_d3;46400;ASH_COATED_OSMIUM;9907;8;9903;26;;;9913;11;9915;18;;;9910.0;0.0
yf_ZW=F_d3;46400;INTARIAN_PEPPER_ROOT;10372;18;10368;24;;;10378;22;10382;26;;;10375.0;0.0
yf_ZW=F_d3;46500;ASH_COATED_OSMIUM;9906;8;9902;19;;;9912;20;9914;23;;;9909.0;0.0
yf_ZW=F_d3;46500;INTARIAN_PEPPER_ROOT;10373;15;10371;13;;;10379;11;10382;23;;;10376.0;0.0
yf_ZW=F_d3;46600;ASH_COATED_OSMIUM;9906;7;9904;19;;;9912;30;9916;24;;;9909.0;0.0
yf_ZW=F_d3;46600;INTARIAN_PEPPER_ROOT;10367;14;10364;17;;;10388;19;10390;28;;;10377.5;0.0
yf_ZW=F_d3;46700;ASH_COATED_OSMIUM;9896;17;9892;10;;;9922;22;9924;32;;;9909.0;0.0
yf_ZW=F_d3;46700;INTARIAN_PEPPER_ROOT;10371;20;10367;18;;;10384;12;10387;11;;;10377.5;0.0
yf_ZW=F_d3;46800;ASH_COATED_OSMIUM;9904;12;9901;17;;;9914;14;9918;18;;;9909.0;0.0
yf_ZW=F_d3;46800;INTARIAN_PEPPER_ROOT;10374;14;10372;19;;;10384;16;10387;22;;;10379.0;0.0
yf_ZW=F_d3;46900;ASH_COATED_OSMIUM;9906;5;9902;23;;;9912;20;9914;21;;;9909.0;0.0
yf_ZW=F_d3;46900;INTARIAN_PEPPER_ROOT;10376;9;10372;12;;;10382;15;10384;11;;;10379.0;0.0
yf_ZW=F_d3;47000;ASH_COATED_OSMIUM;9900;21;9896;27;;;9917;9;9920;23;;;9908.5;0.0
yf_ZW=F_d3;47000;INTARIAN_PEPPER_ROOT;10377;21;10374;14;;;10383;9;10387;15;;;10380.0;0.0
yf_ZW=F_d3;47100;ASH_COATED_OSMIUM;9905;8;9901;20;;;9913;14;9915;18;;;9909.0;0.0
yf_ZW=F_d3;47100;INTARIAN_PEPPER_ROOT;10365;18;10363;21;;;10399;15;10402;20;;;10382.0;0.0
yf_ZW=F_d3;47200;ASH_COATED_OSMIUM;9905;25;9902;28;;;9912;11;9915;18;;;9908.5;0.0
yf_ZW=F_d3;47200;INTARIAN_PEPPER_ROOT;10372;17;10370;21;;;10392;12;10394;13;;;10382.0;0.0
yf_ZW=F_d3;47300;ASH_COATED_OSMIUM;9906;22;9902;17;;;9912;17;9916;20;;;9909.0;0.0
yf_ZW=F_d3;47300;INTARIAN_PEPPER_ROOT;10380;22;10378;16;;;10386;24;10390;19;;;10383.0;0.0
yf_ZW=F_d3;47400;ASH_COATED_OSMIUM;9906;18;9902;15;;;9912;22;9916;18;;;9909.0;0.0
yf_ZW=F_d3;47400;INTARIAN_PEPPER_ROOT;10381;22;10377;26;;;10387;17;10391;23;;;10384.0;0.0
yf_ZW=F_d3;47500;ASH_COATED_OSMIUM;9906;8;9904;14;;;9912;17;9915;24;;;9909.0;0.0
yf_ZW=F_d3;47500;INTARIAN_PEPPER_ROOT;10382;12;10378;31;;;10388;19;10390;26;;;10385.0;0.0
yf_ZW=F_d3;47600;ASH_COATED_OSMIUM;9906;5;9902;17;;;9913;12;9917;23;;;9909.5;0.0
yf_ZW=F_d3;47600;INTARIAN_PEPPER_ROOT;10378;15;10374;23;;;10393;20;10396;25;;;10385.5;0.0
yf_ZW=F_d3;47700;ASH_COATED_OSMIUM;9905;18;9902;20;;;9911;13;9913;25;;;9908.0;0.0
yf_ZW=F_d3;47700;INTARIAN_PEPPER_ROOT;10383;14;10379;23;;;10389;15;10393;12;;;10386.0;0.0
yf_ZW=F_d3;47800;ASH_COATED_OSMIUM;9906;12;9902;14;;;9912;16;9915;22;;;9909.0;0.0
yf_ZW=F_d3;47800;INTARIAN_PEPPER_ROOT;10384;25;10380;16;;;10390;5;10394;24;;;10387.0;0.0
yf_ZW=F_d3;47900;ASH_COATED_OSMIUM;9906;14;9903;20;;;9912;17;9915;21;;;9909.0;0.0
yf_ZW=F_d3;47900;INTARIAN_PEPPER_ROOT;10385;9;10381;17;;;10391;8;10393;17;;;10388.0;0.0
yf_ZW=F_d3;48000;ASH_COATED_OSMIUM;9905;11;9903;23;;;9911;18;9914;24;;;9908.0;0.0
yf_ZW=F_d3;48000;INTARIAN_PEPPER_ROOT;10387;14;10384;27;;;10393;21;10395;17;;;10390.0;0.0
yf_ZW=F_d3;48100;ASH_COATED_OSMIUM;9904;15;9901;21;;;9913;18;9916;18;;;9908.5;0.0
yf_ZW=F_d3;48100;INTARIAN_PEPPER_ROOT;10377;16;10373;26;;;10402;14;10404;27;;;10389.5;0.0
yf_ZW=F_d3;48200;ASH_COATED_OSMIUM;9905;16;9903;13;;;9911;23;9914;25;;;9908.0;0.0
yf_ZW=F_d3;48200;INTARIAN_PEPPER_ROOT;10388;14;10386;23;;;10394;25;10398;27;;;10391.0;0.0
yf_ZW=F_d3;48300;ASH_COATED_OSMIUM;9905;15;9901;27;;;9911;18;9915;19;;;9908.0;0.0
yf_ZW=F_d3;48300;INTARIAN_PEPPER_ROOT;10389;12;10387;15;;;10395;21;10398;21;;;10392.0;0.0
yf_ZW=F_d3;48400;ASH_COATED_OSMIUM;9905;13;9902;22;;;9911;20;9913;23;;;9908.0;0.0
yf_ZW=F_d3;48400;INTARIAN_PEPPER_ROOT;10390;17;10386;16;;;10396;12;10400;12;;;10393.0;0.0
yf_ZW=F_d3;48500;ASH_COATED_OSMIUM;9905;15;9902;15;;;9911;16;9914;13;;;9908.0;0.0
yf_ZW=F_d3;48500;INTARIAN_PEPPER_ROOT;10391;15;10387;15;;;10397;19;10401;18;;;10394.0;0.0
yf_ZW=F_d3;48600;ASH_COATED_OSMIUM;9905;14;9903;20;;;9911;11;9914;17;;;9908.0;0.0
yf_ZW=F_d3;48600;INTARIAN_PEPPER_ROOT;10391;18;10388;20;;;10397;11;10399;22;;;10394.0;0.0
yf_ZW=F_d3;48700;ASH_COATED_OSMIUM;9902;22;9898;18;;;9913;8;9916;21;;;9907.5;0.0
yf_ZW=F_d3;48700;INTARIAN_PEPPER_ROOT;10392;5;10388;26;;;10398;11;10401;22;;;10395.0;0.0
yf_ZW=F_d3;48800;ASH_COATED_OSMIUM;9905;14;9902;22;;;9911;14;9914;21;;;9908.0;0.0
yf_ZW=F_d3;48800;INTARIAN_PEPPER_ROOT;10391;11;10389;8;;;10402;15;10404;21;;;10396.5;0.0
yf_ZW=F_d3;48900;ASH_COATED_OSMIUM;9905;26;9903;16;;;9912;12;9916;18;;;9908.5;0.0
yf_ZW=F_d3;48900;INTARIAN_PEPPER_ROOT;10395;16;10392;22;;;10401;16;10404;16;;;10398.0;0.0
yf_ZW=F_d3;49000;ASH_COATED_OSMIUM;9905;9;9901;11;;;9911;16;9914;14;;;9908.0;0.0
yf_ZW=F_d3;49000;INTARIAN_PEPPER_ROOT;10389;17;10386;23;;;10408;13;10411;17;;;10398.5;0.0
yf_ZW=F_d3;49100;ASH_COATED_OSMIUM;9904;16;9900;20;;;9911;13;9915;16;;;9907.5;0.0
yf_ZW=F_d3;49100;INTARIAN_PEPPER_ROOT;10396;19;10392;21;;;10402;13;10405;14;;;10399.0;0.0
yf_ZW=F_d3;49200;ASH_COATED_OSMIUM;9905;15;9901;21;;;9911;24;9914;17;;;9908.0;0.0
yf_ZW=F_d3;49200;INTARIAN_PEPPER_ROOT;10398;21;10394;15;;;10404;23;10407;18;;;10401.0;0.0
yf_ZW=F_d3;49300;ASH_COATED_OSMIUM;9902;18;9898;14;;;9913;14;9916;26;;;9907.5;0.0
yf_ZW=F_d3;49300;INTARIAN_PEPPER_ROOT;10396;11;10392;8;;;10406;13;10409;27;;;10401.0;0.0
yf_ZW=F_d3;49400;ASH_COATED_OSMIUM;9905;5;9903;18;;;9911;16;9913;20;;;9908.0;0.0
yf_ZW=F_d3;49400;INTARIAN_PEPPER_ROOT;10399;15;10396;20;;;10405;11;10407;25;;;10402.0;0.0
yf_ZW=F_d3;49500;ASH_COATED_OSMIUM;9894;17;9891;13;;;9921;12;9925;18;;;9907.5;0.0
yf_ZW=F_d3;49500;INTARIAN_PEPPER_ROOT;10396;18;10394;9;;;10410;25;10413;15;;;10403.0;0.0
yf_ZW=F_d3;49600;ASH_COATED_OSMIUM;9905;12;9902;18;;;9911;18;9913;15;;;9908.0;0.0
yf_ZW=F_d3;49600;INTARIAN_PEPPER_ROOT;10400;14;10398;18;;;10406;19;10408;22;;;10403.0;0.0
yf_ZW=F_d3;49700;ASH_COATED_OSMIUM;9905;12;9903;23;;;9911;19;9913;17;;;9908.0;0.0
yf_ZW=F_d3;49700;INTARIAN_PEPPER_ROOT;10402;18;10398;22;;;10408;14;10412;9;;;10405.0;0.0
yf_ZW=F_d3;49800;ASH_COATED_OSMIUM;9905;11;9902;14;;;9911;18;9913;12;;;9908.0;0.0
yf_ZW=F_d3;49800;INTARIAN_PEPPER_ROOT;10401;22;10399;20;;;10411;12;10413;30;;;10406.0;0.0
yf_ZW=F_d3;49900;ASH_COATED_OSMIUM;9905;19;9902;25;;;9911;5;9913;21;;;9908.0;0.0
yf_ZW=F_d3;49900;INTARIAN_PEPPER_ROOT;10402;17;10399;11;;;10412;16;10416;26;;;10407.0;0.0
yf_ZW=F_d3;50000;ASH_COATED_OSMIUM;9890;18;9888;23;;;9926;15;9930;24;;;9908.0;0.0
yf_ZW=F_d3;50000;INTARIAN_PEPPER_ROOT;10404;22;10402;17;;;10410;29;10413;13;;;10407.0;0.0
yf_ZW=F_d3;50100;ASH_COATED_OSMIUM;9904;21;9902;15;;;9910;17;9913;19;;;9907.0;0.0
yf_ZW=F_d3;50100;INTARIAN_PEPPER_ROOT;10405;18;10403;21;;;10411;21;10415;17;;;10408.0;0.0
yf_ZW=F_d3;50200;ASH_COATED_OSMIUM;9904;19;9901;22;;;9910;21;9914;25;;;9907.0;0.0
yf_ZW=F_d3;50200;INTARIAN_PEPPER_ROOT;10406;20;10404;18;;;10412;15;10416;19;;;10409.0;0.0
yf_ZW=F_d3;50300;ASH_COATED_OSMIUM;9900;19;9897;17;;;9914;14;9918;22;;;9907.0;0.0
yf_ZW=F_d3;50300;INTARIAN_PEPPER_ROOT;10405;11;10401;23;;;10415;9;10419;15;;;10410.0;0.0
yf_ZW=F_d3;50400;ASH_COATED_OSMIUM;9904;13;9902;11;;;9910;20;9912;18;;;9907.0;0.0
yf_ZW=F_d3;50400;INTARIAN_PEPPER_ROOT;10406;17;10404;18;;;10416;14;10419;14;;;10411.0;0.0
yf_ZW=F_d3;50500;ASH_COATED_OSMIUM;9904;11;9901;18;;;9910;17;9913;21;;;9907.0;0.0
yf_ZW=F_d3;50500;INTARIAN_PEPPER_ROOT;10408;5;10404;17;;;10414;8;10418;25;;;10411.0;0.0
yf_ZW=F_d3;50600;ASH_COATED_OSMIUM;9903;16;9901;13;;;9911;11;9915;17;;;9907.0;0.0
yf_ZW=F_d3;50600;INTARIAN_PEPPER_ROOT;10410;11;10406;26;;;10416;16;10418;19;;;10413.0;0.0
yf_ZW=F_d3;50700;ASH_COATED_OSMIUM;9904;22;9902;22;;;9910;11;9912;18;;;9907.0;0.0
yf_ZW=F_d3;50700;INTARIAN_PEPPER_ROOT;10411;14;10407;12;;;10417;12;10420;13;;;10414.0;0.0
yf_ZW=F_d3;50800;ASH_COATED_OSMIUM;9902;8;9900;15;;;9912;15;9916;31;;;9907.0;0.0
yf_ZW=F_d3;50800;INTARIAN_PEPPER_ROOT;10412;14;10408;25;;;10418;12;10420;25;;;10415.0;0.0
yf_ZW=F_d3;50900;ASH_COATED_OSMIUM;9902;17;9898;16;;;9912;15;9915;14;;;9907.0;0.0
yf_ZW=F_d3;50900;INTARIAN_PEPPER_ROOT;10413;20;10410;21;;;10419;12;10423;20;;;10416.0;0.0
yf_ZW=F_d3;51000;ASH_COATED_OSMIUM;9899;5;9896;17;;;9916;20;9918;25;;;9907.5;0.0
yf_ZW=F_d3;51000;INTARIAN_PEPPER_ROOT;10407;12;10405;19;;;10427;7;10431;19;;;10417.0;0.0
yf_ZW=F_d3;51100;ASH_COATED_OSMIUM;9902;22;9898;18;;;9913;22;9917;18;;;9907.5;0.0
yf_ZW=F_d3;51100;INTARIAN_PEPPER_ROOT;10416;25;10413;18;;;10422;14;10425;21;;;10419.0;0.0
yf_ZW=F_d3;51200;ASH_COATED_OSMIUM;9894;10;9890;28;;;9920;24;9924;17;;;9907.0;0.0
yf_ZW=F_d3;51200;INTARIAN_PEPPER_ROOT;10417;14;10414;21;;;10423;13;10426;15;;;10420.0;0.0
yf_ZW=F_d3;51300;ASH_COATED_OSMIUM;9905;18;9902;16;;;9911;9;9914;16;;;9908.0;0.0
yf_ZW=F_d3;51300;INTARIAN_PEPPER_ROOT;10419;16;10415;21;;;10425;17;10429;18;;;10422.0;0.0
yf_ZW=F_d3;51400;ASH_COATED_OSMIUM;9901;18;9898;19;;;9913;11;9917;17;;;9907.0;0.0
yf_ZW=F_d3;51400;INTARIAN_PEPPER_ROOT;10421;16;10419;15;;;10427;9;10429;25;;;10424.0;0.0
yf_ZW=F_d3;51500;ASH_COATED_OSMIUM;9905;11;9902;34;;;9911;12;9913;8;;;9908.0;0.0
yf_ZW=F_d3;51500;INTARIAN_PEPPER_ROOT;10403;13;10400;15;;;10448;18;10450;16;;;10425.5;0.0
yf_ZW=F_d3;51600;ASH_COATED_OSMIUM;9900;8;9896;21;;;9915;8;9917;18;;;9907.5;0.0
yf_ZW=F_d3;51600;INTARIAN_PEPPER_ROOT;10424;10;10420;14;;;10430;5;10432;15;;;10427.0;0.0
yf_ZW=F_d3;51700;ASH_COATED_OSMIUM;9904;18;9900;16;;;9910;11;9913;13;;;9907.0;0.0
yf_ZW=F_d3;51700;INTARIAN_PEPPER_ROOT;10426;11;10424;18;;;10432;21;10436;18;;;10429.0;0.0
yf_ZW=F_d3;51800;ASH_COATED_OSMIUM;9901;14;9897;24;;;9915;15;9917;11;;;9908.0;0.0
yf_ZW=F_d3;51800;INTARIAN_PEPPER_ROOT;10427;9;10423;17;;;10434;14;10437;28;;;10430.5;0.0
yf_ZW=F_d3;51900;ASH_COATED_OSMIUM;9904;5;9902;26;;;9911;6;9913;16;;;9907.5;0.0
yf_ZW=F_d3;51900;INTARIAN_PEPPER_ROOT;10430;13;10427;24;;;10436;13;10440;25;;;10433.0;0.0
yf_ZW=F_d3;52000;ASH_COATED_OSMIUM;9898;11;9894;14;;;9917;16;9919;26;;;9907.5;0.0
yf_ZW=F_d3;52000;INTARIAN_PEPPER_ROOT;10431;17;10429;29;;;10437;9;10440;24;;;10434.0;0.0
yf_ZW=F_d3;52100;ASH_COATED_OSMIUM;9905;14;9901;25;;;9911;15;9913;18;;;9908.0;0.0
yf_ZW=F_d3;52100;INTARIAN_PEPPER_ROOT;10430;19;10426;14;;;10440;19;10444;13;;;10435.0;0.0
yf_ZW=F_d3;52200;ASH_COATED_OSMIUM;9905;18;9903;16;;;9911;12;9913;19;;;9908.0;0.0
yf_ZW=F_d3;52200;INTARIAN_PEPPER_ROOT;10429;14;10426;17;;;10445;18;10447;9;;;10437.0;0.0
yf_ZW=F_d3;52300;ASH_COATED_OSMIUM;9906;18;9904;19;;;9912;17;9915;13;;;9909.0;0.0
yf_ZW=F_d3;52300;INTARIAN_PEPPER_ROOT;10436;18;10432;13;;;10442;9;10444;17;;;10439.0;0.0
yf_ZW=F_d3;52400;ASH_COATED_OSMIUM;9905;16;9902;12;;;9911;19;9914;21;;;9908.0;0.0
yf_ZW=F_d3;52400;INTARIAN_PEPPER_ROOT;10434;22;10430;22;;;10446;16;10449;12;;;10440.0;0.0
yf_ZW=F_d3;52500;ASH_COATED_OSMIUM;9901;21;9899;21;;;9918;23;9921;22;;;9909.5;0.0
yf_ZW=F_d3;52500;INTARIAN_PEPPER_ROOT;10438;14;10436;19;;;10445;9;10447;17;;;10441.5;0.0
yf_ZW=F_d3;52600;ASH_COATED_OSMIUM;9904;23;9902;17;;;9914;23;9917;23;;;9909.0;0.0
yf_ZW=F_d3;52600;INTARIAN_PEPPER_ROOT;10439;15;10437;17;;;10448;17;10450;19;;;10443.5;0.0
yf_ZW=F_d3;52700;ASH_COATED_OSMIUM;9906;10;9902;26;;;9912;11;9915;19;;;9909.0;0.0
yf_ZW=F_d3;52700;INTARIAN_PEPPER_ROOT;10442;9;10438;20;;;10448;14;10452;18;;;10445.0;0.0
yf_ZW=F_d3;52800;ASH_COATED_OSMIUM;9906;13;9902;27;;;9912;18;9915;29;;;9909.0;0.0
yf_ZW=F_d3;52800;INTARIAN_PEPPER_ROOT;10441;23;10438;21;;;10453;15;10455;19;;;10447.0;0.0
yf_ZW=F_d3;52900;ASH_COATED_OSMIUM;9905;19;9903;16;;;9912;25;9914;26;;;9908.5;0.0
yf_ZW=F_d3;52900;INTARIAN_PEPPER_ROOT;10445;20;10441;21;;;10451;5;10454;13;;;10448.0;0.0
yf_ZW=F_d3;53000;ASH_COATED_OSMIUM;9900;16;9898;20;;;9919;21;9922;14;;;9909.5;0.0
yf_ZW=F_d3;53000;INTARIAN_PEPPER_ROOT;10444;14;10441;22;;;10456;6;10458;20;;;10450.0;0.0
yf_ZW=F_d3;53100;ASH_COATED_OSMIUM;9906;16;9902;21;;;9913;19;9917;22;;;9909.5;0.0
yf_ZW=F_d3;53100;INTARIAN_PEPPER_ROOT;10449;10;10447;18;;;10455;10;10458;22;;;10452.0;0.0
yf_ZW=F_d3;53200;ASH_COATED_OSMIUM;9907;15;9905;22;;;9913;19;9916;14;;;9910.0;0.0
yf_ZW=F_d3;53200;INTARIAN_PEPPER_ROOT;10450;13;10447;16;;;10456;8;10460;17;;;10453.0;0.0
yf_ZW=F_d3;53300;ASH_COATED_OSMIUM;9906;9;9903;22;;;9912;21;9915;16;;;9909.0;0.0
yf_ZW=F_d3;53300;INTARIAN_PEPPER_ROOT;10452;22;10448;15;;;10458;13;10460;18;;;10455.0;0.0
yf_ZW=F_d3;53400;ASH_COATED_OSMIUM;9906;5;9902;24;;;9912;27;9915;35;;;9909.0;0.0
yf_ZW=F_d3;53400;INTARIAN_PEPPER_ROOT;10453;10;10451;33;;;10459;14;10461;17;;;10456.0;0.0
yf_ZW=F_d3;53500;ASH_COATED_OSMIUM;9907;16;9905;21;;;9913;9;9915;24;;;9910.0;0.0
yf_ZW=F_d3;53500;INTARIAN_PEPPER_ROOT;10451;10;10449;19;;;10466;10;10470;20;;;10458.5;0.0
yf_ZW=F_d3;53600;ASH_COATED_OSMIUM;9907;15;9905;16;;;9913;14;9916;25;;;9910.0;0.0
yf_ZW=F_d3;53600;INTARIAN_PEPPER_ROOT;10456;25;10452;18;;;10462;9;10464;20;;;10459.0;0.0
yf_ZW=F_d3;53700;ASH_COATED_OSMIUM;9902;15;9899;24;;;9917;5;9921;19;;;9909.5;0.0
yf_ZW=F_d3;53700;INTARIAN_PEPPER_ROOT;10458;19;10456;20;;;10464;22;10468;19;;;10461.0;0.0
yf_ZW=F_d3;53800;ASH_COATED_OSMIUM;9903;11;9899;13;;;9916;24;9920;24;;;9909.5;0.0
yf_ZW=F_d3;53800;INTARIAN_PEPPER_ROOT;10460;24;10456;22;;;10466;7;10470;15;;;10463.0;0.0
yf_ZW=F_d3;53900;ASH_COATED_OSMIUM;9906;20;9904;17;;;9914;7;9916;15;;;9910.0;0.0
yf_ZW=F_d3;53900;INTARIAN_PEPPER_ROOT;10461;19;10459;24;;;10469;10;10471;20;;;10465.0;0.0
yf_ZW=F_d3;54000;ASH_COATED_OSMIUM;9907;14;9905;18;;;9913;12;9916;15;;;9910.0;0.0
yf_ZW=F_d3;54000;INTARIAN_PEPPER_ROOT;10463;9;10460;29;;;10469;10;10473;14;;;10466.0;0.0
yf_ZW=F_d3;54100;ASH_COATED_OSMIUM;9907;17;9905;26;;;9913;11;9915;21;;;9910.0;0.0
yf_ZW=F_d3;54100;INTARIAN_PEPPER_ROOT;10456;24;10453;16;;;10480;12;10482;21;;;10468.0;0.0
yf_ZW=F_d3;54200;ASH_COATED_OSMIUM;9907;26;9904;17;;;9913;8;9917;21;;;9910.0;0.0
yf_ZW=F_d3;54200;INTARIAN_PEPPER_ROOT;10457;16;10455;22;;;10481;18;10483;27;;;10469.0;0.0
yf_ZW=F_d3;54300;ASH_COATED_OSMIUM;9907;8;9904;20;;;9913;15;9915;22;;;9910.0;0.0
yf_ZW=F_d3;54300;INTARIAN_PEPPER_ROOT;10468;24;10465;23;;;10474;12;10478;21;;;10471.0;0.0
yf_ZW=F_d3;54400;ASH_COATED_OSMIUM;9906;20;9904;20;;;9914;13;9916;26;;;9910.0;0.0
yf_ZW=F_d3;54400;INTARIAN_PEPPER_ROOT;10470;17;10466;19;;;10476;18;10480;19;;;10473.0;0.0
yf_ZW=F_d3;54500;ASH_COATED_OSMIUM;9907;22;9903;22;;;9913;12;9915;17;;;9910.0;0.0
yf_ZW=F_d3;54500;INTARIAN_PEPPER_ROOT;10471;12;10467;18;;;10477;13;10480;11;;;10474.0;0.0
yf_ZW=F_d3;54600;ASH_COATED_OSMIUM;9907;13;9905;18;;;9913;19;9915;24;;;9910.0;0.0
yf_ZW=F_d3;54600;INTARIAN_PEPPER_ROOT;10473;16;10471;23;;;10479;11;10481;18;;;10476.0;0.0
yf_ZW=F_d3;54700;ASH_COATED_OSMIUM;9907;6;9904;27;;;9913;13;9917;21;;;9910.0;0.0
yf_ZW=F_d3;54700;INTARIAN_PEPPER_ROOT;10475;6;10471;20;;;10481;16;10484;22;;;10478.0;0.0
yf_ZW=F_d3;54800;ASH_COATED_OSMIUM;9903;18;9901;16;;;9918;18;9921;23;;;9910.5;0.0
yf_ZW=F_d3;54800;INTARIAN_PEPPER_ROOT;10476;13;10474;22;;;10482;15;10484;12;;;10479.0;0.0
yf_ZW=F_d3;54900;ASH_COATED_OSMIUM;9907;5;9903;17;;;9915;13;9918;20;;;9911.0;0.0
yf_ZW=F_d3;54900;INTARIAN_PEPPER_ROOT;10478;22;10475;13;;;10484;24;10486;14;;;10481.0;0.0
yf_ZW=F_d3;55000;ASH_COATED_OSMIUM;9907;16;9904;14;;;9913;18;9916;20;;;9910.0;0.0
yf_ZW=F_d3;55000;INTARIAN_PEPPER_ROOT;10480;16;10476;8;;;10486;20;10488;16;;;10483.0;0.0
yf_ZW=F_d3;55100;ASH_COATED_OSMIUM;9908;20;9906;15;;;9914;9;9918;35;;;9911.0;0.0
yf_ZW=F_d3;55100;INTARIAN_PEPPER_ROOT;10481;12;10478;28;;;10487;15;10490;19;;;10484.0;0.0
yf_ZW=F_d3;55200;ASH_COATED_OSMIUM;9909;11;9906;16;;;9915;24;9919;20;;;9912.0;0.0
yf_ZW=F_d3;55200;INTARIAN_PEPPER_ROOT;10483;14;10481;16;;;10490;15;10494;15;;;10486.5;0.0
yf_ZW=F_d3;55300;ASH_COATED_OSMIUM;9908;6;9906;31;;;9914;18;9917;17;;;9911.0;0.0
yf_ZW=F_d3;55300;INTARIAN_PEPPER_ROOT;10478;5;10475;17;;;10497;20;10500;13;;;10487.5;0.0
yf_ZW=F_d3;55400;ASH_COATED_OSMIUM;9908;5;9904;24;;;9914;12;9917;26;;;9911.0;0.0
yf_ZW=F_d3;55400;INTARIAN_PEPPER_ROOT;10483;19;10480;18;;;10496;5;10499;22;;;10489.5;0.0
yf_ZW=F_d3;55500;ASH_COATED_OSMIUM;9908;8;9904;21;;;9914;9;9918;25;;;9911.0;0.0
yf_ZW=F_d3;55500;INTARIAN_PEPPER_ROOT;10488;11;10484;22;;;10494;17;10496;22;;;10491.0;0.0
yf_ZW=F_d3;55600;ASH_COATED_OSMIUM;9908;17;9906;21;;;9914;13;9916;14;;;9911.0;0.0
yf_ZW=F_d3;55600;INTARIAN_PEPPER_ROOT;10489;24;10487;15;;;10496;15;10499;20;;;10492.5;0.0
yf_ZW=F_d3;55700;ASH_COATED_OSMIUM;9908;5;9904;13;;;9914;8;9916;23;;;9911.0;0.0
yf_ZW=F_d3;55700;INTARIAN_PEPPER_ROOT;10485;14;10483;14;;;10503;19;10505;20;;;10494.0;0.0
yf_ZW=F_d3;55800;ASH_COATED_OSMIUM;9909;20;9905;24;;;9915;21;9917;18;;;9912.0;0.0
yf_ZW=F_d3;55800;INTARIAN_PEPPER_ROOT;10492;13;10488;16;;;10499;13;10503;25;;;10495.5;0.0
yf_ZW=F_d3;55900;ASH_COATED_OSMIUM;9909;18;9906;19;;;9915;17;9918;19;;;9912.0;0.0
yf_ZW=F_d3;55900;INTARIAN_PEPPER_ROOT;10482;15;10478;27;;;10512;18;10514;25;;;10497.0;0.0
yf_ZW=F_d3;56000;ASH_COATED_OSMIUM;9909;22;9906;16;;;9915;17;9917;15;;;9912.0;0.0
yf_ZW=F_d3;56000;INTARIAN_PEPPER_ROOT;10495;21;10492;25;;;10501;17;10505;14;;;10498.0;0.0
yf_ZW=F_d3;56100;ASH_COATED_OSMIUM;9905;16;9901;16;;;9918;11;9921;13;;;9911.5;0.0
yf_ZW=F_d3;56100;INTARIAN_PEPPER_ROOT;10497;9;10495;19;;;10504;15;10506;21;;;10500.5;0.0
yf_ZW=F_d3;56200;ASH_COATED_OSMIUM;9909;12;9907;20;;;9915;12;9919;17;;;9912.0;0.0
yf_ZW=F_d3;56200;INTARIAN_PEPPER_ROOT;10495;9;10491;30;;;10509;16;10512;26;;;10502.0;0.0
yf_ZW=F_d3;56300;ASH_COATED_OSMIUM;9909;19;9907;14;;;9915;19;9919;21;;;9912.0;0.0
yf_ZW=F_d3;56300;INTARIAN_PEPPER_ROOT;10500;6;10498;16;;;10506;17;10510;16;;;10503.0;0.0
yf_ZW=F_d3;56400;ASH_COATED_OSMIUM;9909;18;9907;21;;;9915;12;9917;13;;;9912.0;0.0
yf_ZW=F_d3;56400;INTARIAN_PEPPER_ROOT;10500;10;10498;27;;;10511;12;10514;22;;;10505.5;0.0
yf_ZW=F_d3;56500;ASH_COATED_OSMIUM;9909;5;9906;18;;;9915;12;9917;16;;;9912.0;0.0
yf_ZW=F_d3;56500;INTARIAN_PEPPER_ROOT;10496;12;10492;10;;;10519;20;10522;11;;;10507.5;0.0
yf_ZW=F_d3;56600;ASH_COATED_OSMIUM;9909;5;9905;10;;;9915;19;9919;21;;;9912.0;0.0
yf_ZW=F_d3;56600;INTARIAN_PEPPER_ROOT;10505;10;10503;15;;;10511;12;10513;26;;;10508.0;0.0
yf_ZW=F_d3;56700;ASH_COATED_OSMIUM;9910;26;9906;21;;;9916;13;9920;18;;;9913.0;0.0
yf_ZW=F_d3;56700;INTARIAN_PEPPER_ROOT;10501;13;10497;19;;;10520;11;10523;17;;;10510.5;0.0
yf_ZW=F_d3;56800;ASH_COATED_OSMIUM;9910;13;9907;14;;;9916;15;9919;25;;;9913.0;0.0
yf_ZW=F_d3;56800;INTARIAN_PEPPER_ROOT;10509;13;10507;17;;;10515;19;10518;25;;;10512.0;0.0
yf_ZW=F_d3;56900;ASH_COATED_OSMIUM;9910;25;9906;21;;;9916;19;9919;18;;;9913.0;0.0
yf_ZW=F_d3;56900;INTARIAN_PEPPER_ROOT;10509;22;10507;14;;;10518;17;10521;17;;;10513.5;0.0
yf_ZW=F_d3;57000;ASH_COATED_OSMIUM;9904;21;9900;19;;;9920;11;9923;21;;;9912.0;0.0
yf_ZW=F_d3;57000;INTARIAN_PEPPER_ROOT;10512;10;10509;23;;;10518;25;10522;26;;;10515.0;0.0
yf_ZW=F_d3;57100;ASH_COATED_OSMIUM;9899;12;9895;20;;;9927;8;9929;15;;;9913.0;0.0
yf_ZW=F_d3;57100;INTARIAN_PEPPER_ROOT;10513;11;10510;30;;;10519;13;10523;19;;;10516.0;0.0
yf_ZW=F_d3;57200;ASH_COATED_OSMIUM;9910;15;9907;28;;;9916;13;9919;21;;;9913.0;0.0
yf_ZW=F_d3;57200;INTARIAN_PEPPER_ROOT;10515;20;10513;23;;;10521;19;10525;24;;;10518.0;0.0
yf_ZW=F_d3;57300;ASH_COATED_OSMIUM;9907;22;9905;15;;;9921;9;9925;23;;;9914.0;0.0
yf_ZW=F_d3;57300;INTARIAN_PEPPER_ROOT;10517;13;10514;17;;;10524;5;10527;15;;;10520.5;0.0
yf_ZW=F_d3;57400;ASH_COATED_OSMIUM;9910;16;9907;16;;;9916;15;9919;20;;;9913.0;0.0
yf_ZW=F_d3;57400;INTARIAN_PEPPER_ROOT;10519;27;10517;26;;;10525;21;10528;25;;;10522.0;0.0
yf_ZW=F_d3;57500;ASH_COATED_OSMIUM;9911;23;9907;26;;;9917;13;9920;17;;;9914.0;0.0
yf_ZW=F_d3;57500;INTARIAN_PEPPER_ROOT;10517;19;10513;29;;;10529;5;10533;12;;;10523.0;0.0
yf_ZW=F_d3;57600;ASH_COATED_OSMIUM;9906;19;9903;20;;;9921;17;9925;21;;;9913.5;0.0
yf_ZW=F_d3;57600;INTARIAN_PEPPER_ROOT;10522;14;10518;21;;;10528;17;10531;15;;;10525.0;0.0
yf_ZW=F_d3;57700;ASH_COATED_OSMIUM;9903;18;9899;24;;;9925;19;9927;21;;;9914.0;0.0
yf_ZW=F_d3;57700;INTARIAN_PEPPER_ROOT;10523;18;10519;15;;;10530;12;10534;15;;;10526.5;0.0
yf_ZW=F_d3;57800;ASH_COATED_OSMIUM;9911;11;9908;19;;;9917;20;9919;21;;;9914.0;0.0
yf_ZW=F_d3;57800;INTARIAN_PEPPER_ROOT;10525;13;10521;17;;;10531;14;10534;17;;;10528.0;0.0
yf_ZW=F_d3;57900;ASH_COATED_OSMIUM;9911;15;9908;13;;;9917;16;9921;17;;;9914.0;0.0
yf_ZW=F_d3;57900;INTARIAN_PEPPER_ROOT;10527;18;10523;17;;;10533;19;10535;19;;;10530.0;0.0
yf_ZW=F_d3;58000;ASH_COATED_OSMIUM;9910;5;9908;22;;;9916;15;9920;21;;;9913.0;0.0
yf_ZW=F_d3;58000;INTARIAN_PEPPER_ROOT;10528;13;10526;24;;;10535;13;10537;23;;;10531.5;0.0
yf_ZW=F_d3;58100;ASH_COATED_OSMIUM;9911;5;9909;15;;;9917;15;9920;22;;;9914.0;0.0
yf_ZW=F_d3;58100;INTARIAN_PEPPER_ROOT;10530;12;10527;21;;;10536;18;10539;28;;;10533.0;0.0
yf_ZW=F_d3;58200;ASH_COATED_OSMIUM;9911;13;9907;27;;;9917;20;9920;22;;;9914.0;0.0
yf_ZW=F_d3;58200;INTARIAN_PEPPER_ROOT;10531;14;10529;14;;;10537;10;10539;13;;;10534.0;0.0
yf_ZW=F_d3;58300;ASH_COATED_OSMIUM;9905;19;9902;20;;;9924;14;9926;26;;;9914.5;0.0
yf_ZW=F_d3;58300;INTARIAN_PEPPER_ROOT;10533;12;10530;20;;;10539;22;10542;18;;;10536.0;0.0
