day;timestamp;product;bid_price_1;bid_volume_1;bid_price_2;bid_volume_2;bid_price_3;bid_volume_3;ask_price_1;ask_volume_1;ask_price_2;ask_volume_2;ask_price_3;ask_volume_3;mid_price;profit_and_loss
yf_ZS=F_d10;0;ASH_COATED_OSMIUM;9898;13;9895;16;;;9904;15;9906;26;;;9901.0;0.0
yf_ZS=F_d10;0;INTARIAN_PEPPER_ROOT;11933;18;11930;9;;;11945;12;11948;20;;;11939.0;0.0
yf_ZS=F_d10;100;ASH_COATED_OSMIUM;9898;15;9894;21;;;9904;16;9907;15;;;9901.0;0.0
yf_ZS=F_d10;100;INTARIAN_PEPPER_ROOT;11936;16;11932;25;;;11942;12;11945;25;;;11939.0;0.0
yf_ZS=F_d10;200;ASH_COATED_OSMIUM;9898;10;9896;15;;;9904;10;9906;19;;;9901.0;0.0
yf_ZS=F_d10;200;INTARIAN_PEPPER_ROOT;11938;24;11934;22;;;11944;16;11948;22;;;11941.0;0.0
yf_ZS=F_d10;300;ASH_COATED_OSMIUM;9891;24;9888;29;;;9912;9;9915;21;;;9901.5;0.0
yf_ZS=F_d10;300;INTARIAN_PEPPER_ROOT;11939;20;11935;27;;;11945;22;11949;29;;;11942.0;0.0
yf_ZS=F_d10;400;ASH_COATED_OSMIUM;9898;18;9895;23;;;9904;11;9907;21;;;9901.0;0.0
yf_ZS=F_d10;400;INTARIAN_PEPPER_ROOT;11936;16;11933;18;;;11949;18;11953;19;;;11942.5;0.0
yf_ZS=F_d10;500;ASH_COATED_OSMIUM;9892;10;9888;13;;;9910;8;9914;21;;;9901.0;0.0
yf_ZS=F_d10;500;INTARIAN_PEPPER_ROOT;11940;22;11936;17;;;11946;13;11950;25;;;11943.0;0.0
yf_ZS=F_d10;600;ASH_COATED_OSMIUM;9898;26;9895;17;;;9904;13;9908;24;;;9901.0;0.0
yf_ZS=F_d10;600;INTARIAN_PEPPER_ROOT;11941;8;11939;19;;;11947;19;11949;27;;;11944.0;0.0
yf_ZS=F_d10;700;ASH_COATED_OSMIUM;9898;12;9895;16;;;9904;20;9908;17;;;9901.0;0.0
yf_ZS=F_d10;700;INTARIAN_PEPPER_ROOT;11943;11;11941;24;;;11949;17;11951;25;;;11946.0;0.0
yf_ZS=F_d10;800;ASH_COATED_OSMIUM;9898;20;9895;20;;;9904;15;9906;22;;;9901.0;0.0
yf_ZS=F_d10;800;INTARIAN_PEPPER_ROOT;11943;15;11939;18;;;11951;18;11953;18;;;11947.0;0.0
yf_ZS=F_d10;900;ASH_COATED_OSMIUM;9899;14;9895;24;;;9905;11;9908;24;;;9902.0;0.0
yf_ZS=F_d10;900;INTARIAN_PEPPER_ROOT;11944;17;11940;17;;;11950;12;11953;16;;;11947.0;0.0
yf_ZS=F_d10;1000;ASH_COATED_OSMIUM;9898;14;9894;23;;;9904;17;9908;24;;;9901.0;0.0
yf_ZS=F_d10;1000;INTARIAN_PEPPER_ROOT;11939;10;11937;21;;;11958;20;11960;11;;;11948.5;0.0
yf_ZS=F_d10;1100;ASH_COATED_OSMIUM;9896;17;9893;16;;;9907;12;9911;19;;;9901.5;0.0
yf_ZS=F_d10;1100;INTARIAN_PEPPER_ROOT;11946;11;11944;20;;;11952;12;11954;20;;;11949.0;0.0
yf_ZS=F_d10;1200;ASH_COATED_OSMIUM;9899;9;9896;18;;;9905;14;9908;29;;;9902.0;0.0
yf_ZS=F_d10;1200;INTARIAN_PEPPER_ROOT;11945;19;11943;24;;;11956;14;11960;25;;;11950.5;0.0
yf_ZS=F_d10;1300;ASH_COATED_OSMIUM;9899;5;9895;25;;;9905;25;9908;9;;;9902.0;0.0
yf_ZS=F_d10;1300;INTARIAN_PEPPER_ROOT;11948;12;11945;27;;;11955;11;11958;23;;;11951.5;0.0
yf_ZS=F_d10;1400;ASH_COATED_OSMIUM;9899;19;9897;14;;;9905;19;9908;13;;;9902.0;0.0
yf_ZS=F_d10;1400;INTARIAN_PEPPER_ROOT;11949;14;11945;16;;;11955;21;11959;15;;;11952.0;0.0
yf_ZS=F_d10;1500;ASH_COATED_OSMIUM;9895;17;9893;14;;;9909;16;9911;22;;;9902.0;0.0
yf_ZS=F_d10;1500;INTARIAN_PEPPER_ROOT;11950;12;11947;21;;;11956;11;11959;18;;;11953.0;0.0
yf_ZS=F_d10;1600;ASH_COATED_OSMIUM;9900;21;9898;17;;;9906;5;9908;21;;;9903.0;0.0
yf_ZS=F_d10;1600;INTARIAN_PEPPER_ROOT;11951;21;11947;21;;;11958;20;11961;20;;;11954.5;0.0
yf_ZS=F_d10;1700;ASH_COATED_OSMIUM;9896;17;9892;15;;;9909;20;9913;20;;;9902.5;0.0
yf_ZS=F_d10;1700;INTARIAN_PEPPER_ROOT;11952;14;11949;20;;;11958;19;11962;21;;;11955.0;0.0
yf_ZS=F_d10;1800;ASH_COATED_OSMIUM;9889;9;9886;8;;;9916;5;9920;22;;;9902.5;0.0
yf_ZS=F_d10;1800;INTARIAN_PEPPER_ROOT;11953;15;11950;20;;;11959;15;11961;17;;;11956.0;0.0
yf_ZS=F_d10;1900;ASH_COATED_OSMIUM;9899;15;9896;21;;;9906;6;9909;21;;;9902.5;0.0
yf_ZS=F_d10;1900;INTARIAN_PEPPER_ROOT;11953;18;11951;20;;;11959;18;11961;15;;;11956.0;0.0
yf_ZS=F_d10;2000;ASH_COATED_OSMIUM;9892;17;9890;15;;;9914;15;9916;14;;;9903.0;0.0
yf_ZS=F_d10;2000;INTARIAN_PEPPER_ROOT;11953;11;11950;19;;;11960;19;11964;15;;;11956.5;0.0
yf_ZS=F_d10;2100;ASH_COATED_OSMIUM;9900;18;9898;28;;;9906;15;9910;13;;;9903.0;0.0
yf_ZS=F_d10;2100;INTARIAN_PEPPER_ROOT;11955;13;11953;25;;;11961;23;11964;26;;;11958.0;0.0
yf_ZS=F_d10;2200;ASH_COATED_OSMIUM;9900;21;9898;18;;;9906;5;9909;18;;;9903.0;0.0
yf_ZS=F_d10;2200;INTARIAN_PEPPER_ROOT;11952;20;11948;21;;;11968;21;11972;19;;;11960.0;0.0
yf_ZS=F_d10;2300;ASH_COATED_OSMIUM;9899;19;9895;19;;;9905;13;9909;17;;;9902.0;0.0
yf_ZS=F_d10;2300;INTARIAN_PEPPER_ROOT;11957;6;11955;16;;;11964;24;11967;21;;;11960.5;0.0
yf_ZS=F_d10;2400;ASH_COATED_OSMIUM;9896;5;9894;20;;;9910;10;9914;18;;;9903.0;0.0
yf_ZS=F_d10;2400;INTARIAN_PEPPER_ROOT;11958;13;11954;20;;;11964;17;11966;21;;;11961.0;0.0
yf_ZS=F_d10;2500;ASH_COATED_OSMIUM;9900;12;9896;21;;;9906;9;9908;19;;;9903.0;0.0
yf_ZS=F_d10;2500;INTARIAN_PEPPER_ROOT;11959;11;11957;21;;;11965;15;11967;19;;;11962.0;0.0
yf_ZS=F_d10;2600;ASH_COATED_OSMIUM;9900;13;9897;20;;;9906;15;9909;12;;;9903.0;0.0
yf_ZS=F_d10;2600;INTARIAN_PEPPER_ROOT;11959;16;11957;22;;;11967;12;11971;20;;;11963.0;0.0
yf_ZS=F_d10;2700;ASH_COATED_OSMIUM;9898;10;9894;28;;;9908;17;9910;16;;;9903.0;0.0
yf_ZS=F_d10;2700;INTARIAN_PEPPER_ROOT;11961;18;11957;22;;;11967;10;11970;23;;;11964.0;0.0
yf_ZS=F_d10;2800;ASH_COATED_OSMIUM;9899;14;9895;20;;;9906;15;9909;20;;;9902.5;0.0
yf_ZS=F_d10;2800;INTARIAN_PEPPER_ROOT;11961;21;11958;20;;;11969;5;11972;16;;;11965.0;0.0
yf_ZS=F_d10;2900;ASH_COATED_OSMIUM;9901;19;9897;20;;;9907;19;9910;24;;;9904.0;0.0
yf_ZS=F_d10;2900;INTARIAN_PEPPER_ROOT;11963;17;11960;22;;;11969;13;11972;21;;;11966.0;0.0
yf_ZS=F_d10;3000;ASH_COATED_OSMIUM;9899;14;9897;20;;;9907;9;9910;26;;;9903.0;0.0
yf_ZS=F_d10;3000;INTARIAN_PEPPER_ROOT;11964;16;11961;19;;;11970;20;11972;21;;;11967.0;0.0
yf_ZS=F_d10;3100;ASH_COATED_OSMIUM;9901;13;9897;20;;;9907;19;9911;26;;;9904.0;0.0
yf_ZS=F_d10;3100;INTARIAN_PEPPER_ROOT;11963;20;11961;27;;;11973;21;11976;30;;;11968.0;0.0
yf_ZS=F_d10;3200;ASH_COATED_OSMIUM;9885;12;9883;16;;;9922;23;9924;18;;;9903.5;0.0
yf_ZS=F_d10;3200;INTARIAN_PEPPER_ROOT;11966;5;11963;21;;;11972;19;11975;14;;;11969.0;0.0
yf_ZS=F_d10;3300;ASH_COATED_OSMIUM;9900;11;9898;16;;;9906;20;9910;27;;;9903.0;0.0
yf_ZS=F_d10;3300;INTARIAN_PEPPER_ROOT;11960;23;11957;25;;;11980;21;11983;17;;;11970.0;0.0
yf_ZS=F_d10;3400;ASH_COATED_OSMIUM;9901;6;9898;28;;;9907;11;9911;24;;;9904.0;0.0
yf_ZS=F_d10;3400;INTARIAN_PEPPER_ROOT;11967;17;11964;19;;;11974;11;11977;12;;;11970.5;0.0
yf_ZS=F_d10;3500;ASH_COATED_OSMIUM;9901;13;9899;8;;;9907;18;9910;11;;;9904.0;0.0
yf_ZS=F_d10;3500;INTARIAN_PEPPER_ROOT;11966;8;11962;19;;;11978;17;11981;24;;;11972.0;0.0
yf_ZS=F_d10;3600;ASH_COATED_OSMIUM;9901;18;9898;16;;;9907;19;9909;20;;;9904.0;0.0
yf_ZS=F_d10;3600;INTARIAN_PEPPER_ROOT;11970;10;11967;23;;;11976;9;11980;19;;;11973.0;0.0
yf_ZS=F_d10;3700;ASH_COATED_OSMIUM;9901;11;9897;13;;;9907;19;9910;18;;;9904.0;0.0
yf_ZS=F_d10;3700;INTARIAN_PEPPER_ROOT;11967;5;11964;14;;;11978;23;11980;17;;;11972.5;0.0
yf_ZS=F_d10;3800;ASH_COATED_OSMIUM;9901;13;9898;14;;;9907;28;9911;28;;;9904.0;0.0
yf_ZS=F_d10;3800;INTARIAN_PEPPER_ROOT;11964;15;11962;25;;;11985;9;11988;19;;;11974.5;0.0
yf_ZS=F_d10;3900;ASH_COATED_OSMIUM;9901;11;9899;9;;;9907;9;9909;20;;;9904.0;0.0
yf_ZS=F_d10;3900;INTARIAN_PEPPER_ROOT;11972;10;11969;17;;;11978;19;11981;25;;;11975.0;0.0
yf_ZS=F_d10;4000;ASH_COATED_OSMIUM;9897;5;9894;11;;;9912;17;9916;19;;;9904.5;0.0
yf_ZS=F_d10;4000;INTARIAN_PEPPER_ROOT;11973;19;11969;19;;;11979;14;11982;17;;;11976.0;0.0
yf_ZS=F_d10;4100;ASH_COATED_OSMIUM;9901;14;9898;20;;;9909;29;9912;9;;;9905.0;0.0
yf_ZS=F_d10;4100;INTARIAN_PEPPER_ROOT;11974;11;11970;20;;;11980;14;11984;17;;;11977.0;0.0
yf_ZS=F_d10;4200;ASH_COATED_OSMIUM;9901;16;9897;17;;;9907;17;9910;23;;;9904.0;0.0
yf_ZS=F_d10;4200;INTARIAN_PEPPER_ROOT;11976;16;11974;25;;;11982;18;11984;23;;;11979.0;0.0
yf_ZS=F_d10;4300;ASH_COATED_OSMIUM;9902;18;9899;20;;;9908;9;9910;30;;;9905.0;0.0
yf_ZS=F_d10;4300;INTARIAN_PEPPER_ROOT;11976;18;11972;11;;;11982;15;11984;15;;;11979.0;0.0
yf_ZS=F_d10;4400;ASH_COATED_OSMIUM;9902;13;9899;8;;;9908;14;9912;26;;;9905.0;0.0
yf_ZS=F_d10;4400;INTARIAN_PEPPER_ROOT;11977;20;11974;22;;;11983;12;11985;16;;;11980.0;0.0
yf_ZS=F_d10;4500;ASH_COATED_OSMIUM;9901;11;9899;25;;;9908;8;9912;24;;;9904.5;0.0
yf_ZS=F_d10;4500;INTARIAN_PEPPER_ROOT;11978;5;11975;22;;;11984;13;11987;14;;;11981.0;0.0
yf_ZS=F_d10;4600;ASH_COATED_OSMIUM;9902;14;9900;26;;;9908;11;9912;14;;;9905.0;0.0
yf_ZS=F_d10;4600;INTARIAN_PEPPER_ROOT;11979;20;11977;21;;;11985;10;11989;13;;;11982.0;0.0
yf_ZS=F_d10;4700;ASH_COATED_OSMIUM;9901;17;9898;27;;;9907;9;9911;12;;;9904.0;0.0
yf_ZS=F_d10;4700;INTARIAN_PEPPER_ROOT;11980;11;11978;10;;;11986;19;11988;17;;;11983.0;0.0
yf_ZS=F_d10;4800;ASH_COATED_OSMIUM;9902;19;9900;21;;;9908;9;9911;27;;;9905.0;0.0
yf_ZS=F_d10;4800;INTARIAN_PEPPER_ROOT;11981;18;11977;15;;;11987;7;11989;23;;;11984.0;0.0
yf_ZS=F_d10;4900;ASH_COATED_OSMIUM;9903;23;9900;20;;;9909;17;9911;20;;;9906.0;0.0
yf_ZS=F_d10;4900;INTARIAN_PEPPER_ROOT;11977;13;11973;20;;;11993;9;11997;19;;;11985.0;0.0
yf_ZS=F_d10;5000;ASH_COATED_OSMIUM;9903;22;9901;18;;;9909;16;9911;24;;;9906.0;0.0
yf_ZS=F_d10;5000;INTARIAN_PEPPER_ROOT;11982;16;11978;22;;;11988;19;11991;19;;;11985.0;0.0
yf_ZS=F_d10;5100;ASH_COATED_OSMIUM;9903;19;9899;25;;;9909;18;9912;25;;;9906.0;0.0
yf_ZS=F_d10;5100;INTARIAN_PEPPER_ROOT;11983;5;11980;13;;;11989;17;11992;19;;;11986.0;0.0
yf_ZS=F_d10;5200;ASH_COATED_OSMIUM;9903;12;9899;21;;;9909;19;9912;16;;;9906.0;0.0
yf_ZS=F_d10;5200;INTARIAN_PEPPER_ROOT;11985;16;11981;19;;;11991;12;11995;12;;;11988.0;0.0
yf_ZS=F_d10;5300;ASH_COATED_OSMIUM;9897;15;9895;22;;;9915;18;9919;17;;;9906.0;0.0
yf_ZS=F_d10;5300;INTARIAN_PEPPER_ROOT;11985;5;11981;25;;;11991;17;11995;21;;;11988.0;0.0
yf_ZS=F_d10;5400;ASH_COATED_OSMIUM;9903;9;9901;26;;;9909;13;9911;21;;;9906.0;0.0
yf_ZS=F_d10;5400;INTARIAN_PEPPER_ROOT;11986;16;11982;17;;;11992;12;11994;20;;;11989.0;0.0
yf_ZS=F_d10;5500;ASH_COATED_OSMIUM;9895;15;9893;27;;;9917;11;9920;18;;;9906.0;0.0
yf_ZS=F_d10;5500;INTARIAN_PEPPER_ROOT;11987;13;11985;20;;;11993;14;11995;17;;;11990.0;0.0
yf_ZS=F_d10;5600;ASH_COATED_OSMIUM;9895;18;9892;22;;;9918;19;9921;17;;;9906.5;0.0
yf_ZS=F_d10;5600;INTARIAN_PEPPER_ROOT;11988;18;11985;23;;;11995;23;11997;26;;;11991.5;0.0
yf_ZS=F_d10;5700;ASH_COATED_OSMIUM;9902;13;9900;19;;;9908;10;9912;13;;;9905.0;0.0
yf_ZS=F_d10;5700;INTARIAN_PEPPER_ROOT;11988;23;11984;25;;;11994;14;11998;16;;;11991.0;0.0
yf_ZS=F_d10;5800;ASH_COATED_OSMIUM;9904;7;9901;15;;;9910;14;9912;10;;;9907.0;0.0
yf_ZS=F_d10;5800;INTARIAN_PEPPER_ROOT;11990;15;11987;14;;;11996;10;11998;17;;;11993.0;0.0
yf_ZS=F_d10;5900;ASH_COATED_OSMIUM;9903;22;9901;20;;;9909;11;9913;15;;;9906.0;0.0
yf_ZS=F_d10;5900;INTARIAN_PEPPER_ROOT;11989;7;11985;13;;;11999;18;12002;18;;;11994.0;0.0
yf_ZS=F_d10;6000;ASH_COATED_OSMIUM;9903;14;9899;23;;;9909;15;9913;23;;;9906.0;0.0
yf_ZS=F_d10;6000;INTARIAN_PEPPER_ROOT;11992;11;11988;12;;;11998;8;12002;16;;;11995.0;0.0
yf_ZS=F_d10;6100;ASH_COATED_OSMIUM;9901;16;9899;16;;;9912;21;9914;19;;;9906.5;0.0
yf_ZS=F_d10;6100;INTARIAN_PEPPER_ROOT;11993;19;11989;20;;;11999;18;12001;13;;;11996.0;0.0
yf_ZS=F_d10;6200;ASH_COATED_OSMIUM;9903;12;9901;21;;;9909;20;9913;24;;;9906.0;0.0
yf_ZS=F_d10;6200;INTARIAN_PEPPER_ROOT;11993;15;11991;11;;;12001;24;12003;23;;;11997.0;0.0
yf_ZS=F_d10;6300;ASH_COATED_OSMIUM;9900;8;9898;23;;;9913;11;9917;14;;;9906.5;0.0
yf_ZS=F_d10;6300;INTARIAN_PEPPER_ROOT;11995;11;11992;22;;;12001;16;12003;15;;;11998.0;0.0
yf_ZS=F_d10;6400;ASH_COATED_OSMIUM;9900;11;9897;14;;;9913;11;9917;27;;;9906.5;0.0
yf_ZS=F_d10;6400;INTARIAN_PEPPER_ROOT;11996;10;11994;22;;;12002;11;12004;26;;;11999.0;0.0
yf_ZS=F_d10;6500;ASH_COATED_OSMIUM;9904;30;9902;17;;;9910;16;9914;15;;;9907.0;0.0
yf_ZS=F_d10;6500;INTARIAN_PEPPER_ROOT;11997;15;11994;22;;;12003;17;12005;23;;;12000.0;0.0
yf_ZS=F_d10;6600;ASH_COATED_OSMIUM;9904;11;9902;25;;;9910;13;9912;18;;;9907.0;0.0
yf_ZS=F_d10;6600;INTARIAN_PEPPER_ROOT;11997;21;11993;25;;;12003;9;12006;23;;;12000.0;0.0
yf_ZS=F_d10;6700;ASH_COATED_OSMIUM;9902;11;9900;27;;;9911;23;9915;21;;;9906.5;0.0
yf_ZS=F_d10;6700;INTARIAN_PEPPER_ROOT;11995;21;11992;21;;;12008;14;12011;19;;;12001.5;0.0
yf_ZS=F_d10;6800;ASH_COATED_OSMIUM;9898;26;9896;14;;;9917;18;9921;18;;;9907.5;0.0
yf_ZS=F_d10;6800;INTARIAN_PEPPER_ROOT;11999;20;11997;22;;;12006;17;12008;17;;;12002.5;0.0
yf_ZS=F_d10;6900;ASH_COATED_OSMIUM;9901;12;9897;23;;;9913;19;9917;11;;;9907.0;0.0
yf_ZS=F_d10;6900;INTARIAN_PEPPER_ROOT;11997;9;11994;24;;;12009;20;12011;22;;;12003.0;0.0
yf_ZS=F_d10;7000;ASH_COATED_OSMIUM;9902;16;9898;21;;;9913;18;9916;26;;;9907.5;0.0
yf_ZS=F_d10;7000;INTARIAN_PEPPER_ROOT;12000;17;11998;17;;;12008;15;12012;16;;;12004.0;0.0
yf_ZS=F_d10;7100;ASH_COATED_OSMIUM;9905;7;9903;22;;;9911;19;9915;12;;;9908.0;0.0
yf_ZS=F_d10;7100;INTARIAN_PEPPER_ROOT;12001;7;11998;19;;;12010;18;12012;22;;;12005.5;0.0
yf_ZS=F_d10;7200;ASH_COATED_OSMIUM;9905;9;9902;21;;;9911;15;9915;18;;;9908.0;0.0
yf_ZS=F_d10;7200;INTARIAN_PEPPER_ROOT;12003;17;11999;22;;;12009;10;12012;15;;;12006.0;0.0
yf_ZS=F_d10;7300;ASH_COATED_OSMIUM;9903;18;9901;33;;;9911;22;9915;13;;;9907.0;0.0
yf_ZS=F_d10;7300;INTARIAN_PEPPER_ROOT;12004;13;12000;18;;;12010;11;12014;17;;;12007.0;0.0
yf_ZS=F_d10;7400;ASH_COATED_OSMIUM;9904;13;9902;17;;;9910;23;9912;13;;;9907.0;0.0
yf_ZS=F_d10;7400;INTARIAN_PEPPER_ROOT;12005;18;12003;19;;;12011;16;12014;24;;;12008.0;0.0
yf_ZS=F_d10;7500;ASH_COATED_OSMIUM;9901;14;9898;23;;;9915;17;9919;17;;;9908.0;0.0
yf_ZS=F_d10;7500;INTARIAN_PEPPER_ROOT;11998;16;11994;20;;;12020;12;12023;20;;;12009.0;0.0
yf_ZS=F_d10;7600;ASH_COATED_OSMIUM;9905;13;9903;17;;;9911;18;9913;23;;;9908.0;0.0
yf_ZS=F_d10;7600;INTARIAN_PEPPER_ROOT;12007;10;12003;23;;;12013;19;12015;19;;;12010.0;0.0
yf_ZS=F_d10;7700;ASH_COATED_OSMIUM;9905;19;9901;21;;;9911;12;9913;19;;;9908.0;0.0
yf_ZS=F_d10;7700;INTARIAN_PEPPER_ROOT;12008;14;12004;18;;;12014;19;12018;23;;;12011.0;0.0
yf_ZS=F_d10;7800;ASH_COATED_OSMIUM;9905;9;9902;23;;;9911;19;9915;19;;;9908.0;0.0
yf_ZS=F_d10;7800;INTARIAN_PEPPER_ROOT;12006;16;12003;21;;;12017;14;12019;21;;;12011.5;0.0
yf_ZS=F_d10;7900;ASH_COATED_OSMIUM;9904;23;9901;13;;;9912;9;9916;20;;;9908.0;0.0
yf_ZS=F_d10;7900;INTARIAN_PEPPER_ROOT;12004;18;12001;28;;;12021;9;12025;27;;;12012.5;0.0
yf_ZS=F_d10;8000;ASH_COATED_OSMIUM;9902;15;9899;9;;;9915;22;9919;23;;;9908.5;0.0
yf_ZS=F_d10;8000;INTARIAN_PEPPER_ROOT;12011;11;12008;16;;;12017;13;12021;15;;;12014.0;0.0
yf_ZS=F_d10;8100;ASH_COATED_OSMIUM;9906;8;9904;25;;;9912;13;9916;17;;;9909.0;0.0
yf_ZS=F_d10;8100;INTARIAN_PEPPER_ROOT;12008;14;12006;8;;;12020;15;12022;9;;;12014.0;0.0
yf_ZS=F_d10;8200;ASH_COATED_OSMIUM;9905;11;9901;20;;;9911;9;9915;19;;;9908.0;0.0
yf_ZS=F_d10;8200;INTARIAN_PEPPER_ROOT;12012;14;12008;15;;;12018;23;12020;19;;;12015.0;0.0
yf_ZS=F_d10;8300;ASH_COATED_OSMIUM;9902;21;9898;19;;;9915;10;9917;22;;;9908.5;0.0
yf_ZS=F_d10;8300;INTARIAN_PEPPER_ROOT;12013;9;12010;18;;;12021;18;12023;22;;;12017.0;0.0
yf_ZS=F_d10;8400;ASH_COATED_OSMIUM;9905;18;9902;24;;;9911;6;9914;25;;;9908.0;0.0
yf_ZS=F_d10;8400;INTARIAN_PEPPER_ROOT;12014;18;12010;24;;;12020;15;12024;16;;;12017.0;0.0
yf_ZS=F_d10;8500;ASH_COATED_OSMIUM;9906;14;9903;24;;;9912;19;9914;12;;;9909.0;0.0
yf_ZS=F_d10;8500;INTARIAN_PEPPER_ROOT;12016;9;12012;27;;;12022;6;12025;19;;;12019.0;0.0
yf_ZS=F_d10;8600;ASH_COATED_OSMIUM;9906;15;9903;14;;;9912;17;9916;20;;;9909.0;0.0
yf_ZS=F_d10;8600;INTARIAN_PEPPER_ROOT;12016;14;12014;15;;;12022;15;12025;25;;;12019.0;0.0
yf_ZS=F_d10;8700;ASH_COATED_OSMIUM;9906;8;9904;22;;;9912;6;9916;24;;;9909.0;0.0
yf_ZS=F_d10;8700;INTARIAN_PEPPER_ROOT;12017;16;12015;23;;;12025;7;12029;21;;;12021.0;0.0
yf_ZS=F_d10;8800;ASH_COATED_OSMIUM;9906;20;9904;25;;;9912;13;9916;26;;;9909.0;0.0
yf_ZS=F_d10;8800;INTARIAN_PEPPER_ROOT;12008;15;12004;10;;;12035;24;12039;14;;;12021.5;0.0
yf_ZS=F_d10;8900;ASH_COATED_OSMIUM;9906;23;9902;15;;;9912;26;9914;18;;;9909.0;0.0
yf_ZS=F_d10;8900;INTARIAN_PEPPER_ROOT;12018;14;12014;20;;;12026;17;12028;21;;;12022.0;0.0
yf_ZS=F_d10;9000;ASH_COATED_OSMIUM;9904;15;9901;17;;;9916;11;9919;20;;;9910.0;0.0
yf_ZS=F_d10;9000;INTARIAN_PEPPER_ROOT;12020;20;12017;14;;;12027;19;12030;23;;;12023.5;0.0
yf_ZS=F_d10;9100;ASH_COATED_OSMIUM;9906;7;9904;19;;;9912;14;9914;15;;;9909.0;0.0
yf_ZS=F_d10;9100;INTARIAN_PEPPER_ROOT;12021;23;12017;15;;;12027;11;12030;13;;;12024.0;0.0
yf_ZS=F_d10;9200;ASH_COATED_OSMIUM;9906;11;9904;22;;;9912;22;9916;19;;;9909.0;0.0
yf_ZS=F_d10;9200;INTARIAN_PEPPER_ROOT;12022;15;12019;22;;;12028;7;12032;25;;;12025.0;0.0
yf_ZS=F_d10;9300;ASH_COATED_OSMIUM;9907;19;9905;10;;;9913;16;9915;32;;;9910.0;0.0
yf_ZS=F_d10;9300;INTARIAN_PEPPER_ROOT;12018;19;12014;17;;;12034;20;12037;15;;;12026.0;0.0
yf_ZS=F_d10;9400;ASH_COATED_OSMIUM;9905;12;9902;26;;;9914;12;9916;15;;;9909.5;0.0
yf_ZS=F_d10;9400;INTARIAN_PEPPER_ROOT;12024;16;12020;17;;;12030;5;12034;20;;;12027.0;0.0
yf_ZS=F_d10;9500;ASH_COATED_OSMIUM;9907;17;9905;17;;;9913;23;9916;18;;;9910.0;0.0
yf_ZS=F_d10;9500;INTARIAN_PEPPER_ROOT;12010;19;12008;11;;;12045;13;12049;16;;;12027.5;0.0
yf_ZS=F_d10;9600;ASH_COATED_OSMIUM;9907;13;9904;19;;;9913;13;9917;16;;;9910.0;0.0
yf_ZS=F_d10;9600;INTARIAN_PEPPER_ROOT;12025;14;12023;18;;;12031;20;12034;25;;;12028.0;0.0
yf_ZS=F_d10;9700;ASH_COATED_OSMIUM;9907;18;9904;23;;;9913;11;9917;20;;;9910.0;0.0
yf_ZS=F_d10;9700;INTARIAN_PEPPER_ROOT;12026;13;12022;18;;;12033;10;12037;8;;;12029.5;0.0
yf_ZS=F_d10;9800;ASH_COATED_OSMIUM;9900;12;9898;20;;;9920;14;9922;29;;;9910.0;0.0
yf_ZS=F_d10;9800;INTARIAN_PEPPER_ROOT;12027;18;12023;10;;;12033;23;12036;24;;;12030.0;0.0
yf_ZS=F_d10;9900;ASH_COATED_OSMIUM;9905;11;9902;24;;;9914;14;9918;15;;;9909.5;0.0
yf_ZS=F_d10;9900;INTARIAN_PEPPER_ROOT;12026;15;12024;19;;;12036;12;12038;20;;;12031.0;0.0
yf_ZS=F_d10;10000;ASH_COATED_OSMIUM;9908;7;9905;16;;;9914;17;9917;16;;;9911.0;0.0
yf_ZS=F_d10;10000;INTARIAN_PEPPER_ROOT;12030;24;12027;11;;;12036;16;12040;15;;;12033.0;0.0
yf_ZS=F_d10;10100;ASH_COATED_OSMIUM;9907;12;9904;26;;;9913;13;9915;27;;;9910.0;0.0
yf_ZS=F_d10;10100;INTARIAN_PEPPER_ROOT;12026;11;12024;26;;;12039;9;12043;19;;;12032.5;0.0
yf_ZS=F_d10;10200;ASH_COATED_OSMIUM;9907;15;9905;23;;;9915;23;9918;22;;;9911.0;0.0
yf_ZS=F_d10;10200;INTARIAN_PEPPER_ROOT;12031;13;12027;23;;;12037;14;12041;20;;;12034.0;0.0
yf_ZS=F_d10;10300;ASH_COATED_OSMIUM;9907;17;9903;32;;;9915;7;9917;21;;;9911.0;0.0
yf_ZS=F_d10;10300;INTARIAN_PEPPER_ROOT;12025;15;12021;21;;;12045;19;12047;17;;;12035.0;0.0
yf_ZS=F_d10;10400;ASH_COATED_OSMIUM;9908;9;9906;17;;;9914;7;9916;21;;;9911.0;0.0
yf_ZS=F_d10;10400;INTARIAN_PEPPER_ROOT;12033;9;12031;21;;;12039;22;12042;17;;;12036.0;0.0
yf_ZS=F_d10;10500;ASH_COATED_OSMIUM;9908;8;9905;17;;;9914;15;9917;16;;;9911.0;0.0
yf_ZS=F_d10;10500;INTARIAN_PEPPER_ROOT;12033;19;12031;20;;;12040;14;12042;22;;;12036.5;0.0
yf_ZS=F_d10;10600;ASH_COATED_OSMIUM;9908;8;9905;18;;;9914;19;9918;11;;;9911.0;0.0
yf_ZS=F_d10;10600;INTARIAN_PEPPER_ROOT;12025;13;12023;20;;;12052;10;12055;18;;;12038.5;0.0
yf_ZS=F_d10;10700;ASH_COATED_OSMIUM;9905;14;9902;12;;;9918;12;9920;12;;;9911.5;0.0
yf_ZS=F_d10;10700;INTARIAN_PEPPER_ROOT;12032;17;12029;20;;;12047;17;12050;22;;;12039.5;0.0
yf_ZS=F_d10;10800;ASH_COATED_OSMIUM;9905;9;9901;18;;;9916;13;9920;21;;;9910.5;0.0
yf_ZS=F_d10;10800;INTARIAN_PEPPER_ROOT;12037;11;12033;29;;;12043;10;12047;24;;;12040.0;0.0
yf_ZS=F_d10;10900;ASH_COATED_OSMIUM;9909;18;9906;24;;;9915;11;9919;17;;;9912.0;0.0
yf_ZS=F_d10;10900;INTARIAN_PEPPER_ROOT;12037;15;12035;17;;;12043;15;12047;12;;;12040.0;0.0
yf_ZS=F_d10;11000;ASH_COATED_OSMIUM;9906;16;9902;15;;;9916;16;9919;24;;;9911.0;0.0
yf_ZS=F_d10;11000;INTARIAN_PEPPER_ROOT;12039;17;12036;20;;;12045;5;12047;27;;;12042.0;0.0
yf_ZS=F_d10;11100;ASH_COATED_OSMIUM;9908;12;9905;19;;;9914;16;9916;22;;;9911.0;0.0
yf_ZS=F_d10;11100;INTARIAN_PEPPER_ROOT;12036;8;12032;18;;;12049;20;12052;21;;;12042.5;0.0
yf_ZS=F_d10;11200;ASH_COATED_OSMIUM;9909;26;9907;22;;;9915;18;9918;29;;;9912.0;0.0
yf_ZS=F_d10;11200;INTARIAN_PEPPER_ROOT;12039;21;12036;27;;;12049;17;12053;23;;;12044.0;0.0
yf_ZS=F_d10;11300;ASH_COATED_OSMIUM;9895;12;9891;20;;;9929;14;9931;25;;;9912.0;0.0
yf_ZS=F_d10;11300;INTARIAN_PEPPER_ROOT;12042;11;12039;19;;;12048;15;12052;24;;;12045.0;0.0
yf_ZS=F_d10;11400;ASH_COATED_OSMIUM;9908;16;9904;12;;;9916;9;9920;20;;;9912.0;0.0
yf_ZS=F_d10;11400;INTARIAN_PEPPER_ROOT;12043;19;12041;19;;;12049;13;12051;8;;;12046.0;0.0
yf_ZS=F_d10;11500;ASH_COATED_OSMIUM;9909;18;9905;21;;;9915;12;9919;28;;;9912.0;0.0
yf_ZS=F_d10;11500;INTARIAN_PEPPER_ROOT;12043;19;12039;23;;;12050;19;12054;20;;;12046.5;0.0
yf_ZS=F_d10;11600;ASH_COATED_OSMIUM;9906;21;9904;20;;;9918;16;9922;21;;;9912.0;0.0
yf_ZS=F_d10;11600;INTARIAN_PEPPER_ROOT;12044;21;12040;19;;;12050;18;12054;18;;;12047.0;0.0
yf_ZS=F_d10;11700;ASH_COATED_OSMIUM;9909;20;9905;23;;;9915;19;9919;20;;;9912.0;0.0
yf_ZS=F_d10;11700;INTARIAN_PEPPER_ROOT;12046;22;12044;14;;;12052;18;12056;26;;;12049.0;0.0
yf_ZS=F_d10;11800;ASH_COATED_OSMIUM;9905;12;9902;19;;;9919;14;9923;21;;;9912.0;0.0
yf_ZS=F_d10;11800;INTARIAN_PEPPER_ROOT;12046;10;12042;28;;;12052;16;12056;20;;;12049.0;0.0
yf_ZS=F_d10;11900;ASH_COATED_OSMIUM;9909;9;9907;19;;;9915;6;9918;16;;;9912.0;0.0
yf_ZS=F_d10;11900;INTARIAN_PEPPER_ROOT;12043;12;12039;20;;;12057;14;12061;17;;;12050.0;0.0
yf_ZS=F_d10;12000;ASH_COATED_OSMIUM;9909;7;9905;21;;;9915;24;9919;8;;;9912.0;0.0
yf_ZS=F_d10;12000;INTARIAN_PEPPER_ROOT;12048;18;12045;24;;;12054;9;12058;15;;;12051.0;0.0
yf_ZS=F_d10;12100;ASH_COATED_OSMIUM;9908;12;9905;18;;;9914;12;9917;20;;;9911.0;0.0
yf_ZS=F_d10;12100;INTARIAN_PEPPER_ROOT;12048;13;12046;18;;;12054;21;12056;24;;;12051.0;0.0
yf_ZS=F_d10;12200;ASH_COATED_OSMIUM;9909;6;9907;25;;;9915;9;9919;21;;;9912.0;0.0
yf_ZS=F_d10;12200;INTARIAN_PEPPER_ROOT;12034;11;12030;24;;;12072;11;12076;19;;;12053.0;0.0
yf_ZS=F_d10;12300;ASH_COATED_OSMIUM;9910;15;9908;14;;;9916;15;9920;23;;;9913.0;0.0
yf_ZS=F_d10;12300;INTARIAN_PEPPER_ROOT;12051;20;12049;13;;;12057;14;12059;20;;;12054.0;0.0
yf_ZS=F_d10;12400;ASH_COATED_OSMIUM;9906;17;9902;18;;;9918;10;9921;16;;;9912.0;0.0
yf_ZS=F_d10;12400;INTARIAN_PEPPER_ROOT;12052;10;12050;20;;;12058;24;12060;17;;;12055.0;0.0
yf_ZS=F_d10;12500;ASH_COATED_OSMIUM;9901;11;9899;28;;;9926;11;9929;21;;;9913.5;0.0
yf_ZS=F_d10;12500;INTARIAN_PEPPER_ROOT;12049;10;12047;21;;;12064;13;12067;18;;;12056.5;0.0
yf_ZS=F_d10;12600;ASH_COATED_OSMIUM;9909;20;9905;23;;;9916;15;9920;12;;;9912.5;0.0
yf_ZS=F_d10;12600;INTARIAN_PEPPER_ROOT;12048;16;12045;21;;;12064;14;12067;21;;;12056.0;0.0
yf_ZS=F_d10;12700;ASH_COATED_OSMIUM;9907;13;9903;21;;;9920;18;9924;26;;;9913.5;0.0
yf_ZS=F_d10;12700;INTARIAN_PEPPER_ROOT;12054;14;12052;29;;;12060;16;12064;16;;;12057.0;0.0
yf_ZS=F_d10;12800;ASH_COATED_OSMIUM;9909;15;9906;23;;;9917;16;9921;23;;;9913.0;0.0
yf_ZS=F_d10;12800;INTARIAN_PEPPER_ROOT;12052;22;12048;24;;;12066;18;12070;20;;;12059.0;0.0
yf_ZS=F_d10;12900;ASH_COATED_OSMIUM;9910;16;9907;27;;;9917;18;9921;19;;;9913.5;0.0
yf_ZS=F_d10;12900;INTARIAN_PEPPER_ROOT;12053;14;12050;17;;;12066;12;12068;21;;;12059.5;0.0
yf_ZS=F_d10;13000;ASH_COATED_OSMIUM;9910;17;9906;14;;;9916;13;9918;25;;;9913.0;0.0
yf_ZS=F_d10;13000;INTARIAN_PEPPER_ROOT;12054;12;12050;14;;;12066;8;12070;25;;;12060.0;0.0
yf_ZS=F_d10;13100;ASH_COATED_OSMIUM;9891;12;9887;15;;;9937;25;9939;14;;;9914.0;0.0
yf_ZS=F_d10;13100;INTARIAN_PEPPER_ROOT;12058;7;12056;15;;;12064;11;12068;23;;;12061.0;0.0
yf_ZS=F_d10;13200;ASH_COATED_OSMIUM;9894;21;9891;24;;;9934;27;9938;24;;;9914.0;0.0
yf_ZS=F_d10;13200;INTARIAN_PEPPER_ROOT;12056;12;12052;18;;;12068;9;12070;14;;;12062.0;0.0
yf_ZS=F_d10;13300;ASH_COATED_OSMIUM;9910;11;9907;20;;;9916;10;9918;9;;;9913.0;0.0
yf_ZS=F_d10;13300;INTARIAN_PEPPER_ROOT;12059;12;12057;18;;;12067;18;12071;16;;;12063.0;0.0
yf_ZS=F_d10;13400;ASH_COATED_OSMIUM;9911;5;9908;31;;;9917;15;9920;21;;;9914.0;0.0
yf_ZS=F_d10;13400;INTARIAN_PEPPER_ROOT;12055;10;12052;24;;;12073;24;12075;13;;;12064.0;0.0
yf_ZS=F_d10;13500;ASH_COATED_OSMIUM;9911;17;9909;13;;;9917;16;9921;10;;;9914.0;0.0
yf_ZS=F_d10;13500;INTARIAN_PEPPER_ROOT;12056;7;12054;23;;;12075;10;12077;24;;;12065.5;0.0
yf_ZS=F_d10;13600;ASH_COATED_OSMIUM;9905;11;9901;17;;;9923;16;9926;23;;;9914.0;0.0
yf_ZS=F_d10;13600;INTARIAN_PEPPER_ROOT;12062;16;12058;18;;;12069;17;12071;19;;;12065.5;0.0
yf_ZS=F_d10;13700;ASH_COATED_OSMIUM;9911;16;9908;18;;;9917;8;9921;8;;;9914.0;0.0
yf_ZS=F_d10;13700;INTARIAN_PEPPER_ROOT;12064;10;12062;13;;;12070;5;12074;14;;;12067.0;0.0
yf_ZS=F_d10;13800;ASH_COATED_OSMIUM;9909;20;9905;24;;;9919;13;9923;8;;;9914.0;0.0
yf_ZS=F_d10;13800;INTARIAN_PEPPER_ROOT;12064;10;12061;21;;;12070;12;12072;21;;;12067.0;0.0
yf_ZS=F_d10;13900;ASH_COATED_OSMIUM;9911;8;9907;14;;;9917;5;9921;15;;;9914.0;0.0
yf_ZS=F_d10;13900;INTARIAN_PEPPER_ROOT;12064;14;12061;20;;;12073;16;12075;19;;;12068.5;0.0
yf_ZS=F_d10;14000;ASH_COATED_OSMIUM;9911;5;9909;19;;;9917;16;9919;24;;;9914.0;0.0
yf_ZS=F_d10;14000;INTARIAN_PEPPER_ROOT;12063;15;12060;16;;;12076;21;12079;20;;;12069.5;0.0
yf_ZS=F_d10;14100;ASH_COATED_OSMIUM;9900;12;9896;23;;;9928;15;9930;20;;;9914.0;0.0
yf_ZS=F_d10;14100;INTARIAN_PEPPER_ROOT;12067;19;12063;23;;;12074;10;12076;23;;;12070.5;0.0
yf_ZS=F_d10;14200;ASH_COATED_OSMIUM;9909;8;9907;17;;;9920;10;9924;28;;;9914.5;0.0
yf_ZS=F_d10;14200;INTARIAN_PEPPER_ROOT;12067;8;12063;18;;;12076;20;12080;16;;;12071.5;0.0
yf_ZS=F_d10;14300;ASH_COATED_OSMIUM;9910;20;9906;19;;;9918;7;9920;17;;;9914.0;0.0
yf_ZS=F_d10;14300;INTARIAN_PEPPER_ROOT;12066;10;12062;21;;;12080;13;12083;9;;;12073.0;0.0
yf_ZS=F_d10;14400;ASH_COATED_OSMIUM;9911;13;9909;16;;;9917;20;9921;17;;;9914.0;0.0
yf_ZS=F_d10;14400;INTARIAN_PEPPER_ROOT;12071;14;12069;14;;;12077;12;12080;18;;;12074.0;0.0
yf_ZS=F_d10;14500;ASH_COATED_OSMIUM;9908;23;9904;19;;;9921;15;9924;19;;;9914.5;0.0
yf_ZS=F_d10;14500;INTARIAN_PEPPER_ROOT;12066;14;12062;18;;;12082;5;12084;22;;;12074.0;0.0
yf_ZS=F_d10;14600;ASH_COATED_OSMIUM;9911;20;9908;18;;;9919;9;9923;20;;;9915.0;0.0
yf_ZS=F_d10;14600;INTARIAN_PEPPER_ROOT;12071;17;12068;23;;;12081;19;12085;17;;;12076.0;0.0
yf_ZS=F_d10;14700;ASH_COATED_OSMIUM;9912;22;9910;21;;;9918;8;9922;16;;;9915.0;0.0
yf_ZS=F_d10;14700;INTARIAN_PEPPER_ROOT;12065;14;12062;9;;;12088;14;12091;9;;;12076.5;0.0
yf_ZS=F_d10;14800;ASH_COATED_OSMIUM;9913;16;9909;25;;;9919;22;9922;9;;;9916.0;0.0
yf_ZS=F_d10;14800;INTARIAN_PEPPER_ROOT;12072;22;12070;24;;;12083;20;12087;20;;;12077.5;0.0
yf_ZS=F_d10;14900;ASH_COATED_OSMIUM;9912;15;9910;22;;;9918;16;9920;23;;;9915.0;0.0
yf_ZS=F_d10;14900;INTARIAN_PEPPER_ROOT;12075;12;12071;20;;;12081;16;12083;22;;;12078.0;0.0
yf_ZS=F_d10;15000;ASH_COATED_OSMIUM;9902;13;9900;19;;;9927;18;9930;24;;;9914.5;0.0
yf_ZS=F_d10;15000;INTARIAN_PEPPER_ROOT;12076;23;12072;20;;;12082;16;12084;15;;;12079.0;0.0
yf_ZS=F_d10;15100;ASH_COATED_OSMIUM;9912;22;9910;23;;;9918;14;9920;21;;;9915.0;0.0
yf_ZS=F_d10;15100;INTARIAN_PEPPER_ROOT;12073;14;12070;16;;;12085;12;12088;12;;;12079.0;0.0
yf_ZS=F_d10;15200;ASH_COATED_OSMIUM;9912;12;9908;16;;;9919;29;9923;19;;;9915.5;0.0
yf_ZS=F_d10;15200;INTARIAN_PEPPER_ROOT;12078;5;12074;29;;;12084;18;12087;15;;;12081.0;0.0
yf_ZS=F_d10;15300;ASH_COATED_OSMIUM;9913;18;9909;15;;;9919;20;9921;24;;;9916.0;0.0
yf_ZS=F_d10;15300;INTARIAN_PEPPER_ROOT;12075;11;12071;28;;;12089;15;12092;25;;;12082.0;0.0
yf_ZS=F_d10;15400;ASH_COATED_OSMIUM;9911;17;9908;21;;;9919;21;9923;29;;;9915.0;0.0
yf_ZS=F_d10;15400;INTARIAN_PEPPER_ROOT;12080;17;12076;19;;;12086;13;12088;20;;;12083.0;0.0
yf_ZS=F_d10;15500;ASH_COATED_OSMIUM;9910;13;9906;25;;;9922;15;9924;21;;;9916.0;0.0
yf_ZS=F_d10;15500;INTARIAN_PEPPER_ROOT;12081;11;12079;24;;;12087;10;12091;18;;;12084.0;0.0
yf_ZS=F_d10;15600;ASH_COATED_OSMIUM;9913;12;9910;21;;;9919;19;9922;22;;;9916.0;0.0
yf_ZS=F_d10;15600;INTARIAN_PEPPER_ROOT;12082;13;12078;19;;;12088;21;12092;30;;;12085.0;0.0
yf_ZS=F_d10;15700;ASH_COATED_OSMIUM;9913;19;9910;19;;;9919;15;9921;17;;;9916.0;0.0
yf_ZS=F_d10;15700;INTARIAN_PEPPER_ROOT;12082;7;12078;22;;;12088;23;12091;15;;;12085.0;0.0
yf_ZS=F_d10;15800;ASH_COATED_OSMIUM;9913;8;9911;13;;;9920;9;9923;21;;;9916.5;0.0
yf_ZS=F_d10;15800;INTARIAN_PEPPER_ROOT;12078;17;12074;19;;;12095;20;12098;20;;;12086.5;0.0
yf_ZS=F_d10;15900;ASH_COATED_OSMIUM;9913;13;9909;20;;;9919;16;9923;13;;;9916.0;0.0
yf_ZS=F_d10;15900;INTARIAN_PEPPER_ROOT;12084;22;12082;13;;;12090;16;12094;18;;;12087.0;0.0
yf_ZS=F_d10;16000;ASH_COATED_OSMIUM;9894;14;9891;14;;;9937;23;9941;15;;;9915.5;0.0
yf_ZS=F_d10;16000;INTARIAN_PEPPER_ROOT;12086;19;12084;11;;;12092;17;12095;23;;;12089.0;0.0
yf_ZS=F_d10;16100;ASH_COATED_OSMIUM;9909;11;9906;17;;;9924;11;9928;22;;;9916.5;0.0
yf_ZS=F_d10;16100;INTARIAN_PEPPER_ROOT;12084;12;12080;19;;;12095;14;12098;24;;;12089.5;0.0
yf_ZS=F_d10;16200;ASH_COATED_OSMIUM;9912;12;9909;22;;;9920;17;9923;15;;;9916.0;0.0
yf_ZS=F_d10;16200;INTARIAN_PEPPER_ROOT;12087;24;12083;23;;;12094;17;12097;23;;;12090.5;0.0
yf_ZS=F_d10;16300;ASH_COATED_OSMIUM;9900;9;9896;16;;;9933;12;9937;13;;;9916.5;0.0
yf_ZS=F_d10;16300;INTARIAN_PEPPER_ROOT;12087;19;12085;17;;;12094;15;12098;11;;;12090.5;0.0
yf_ZS=F_d10;16400;ASH_COATED_OSMIUM;9911;10;9907;17;;;9922;12;9924;25;;;9916.5;0.0
yf_ZS=F_d10;16400;INTARIAN_PEPPER_ROOT;12089;10;12087;23;;;12095;8;12099;22;;;12092.0;0.0
yf_ZS=F_d10;16500;ASH_COATED_OSMIUM;9913;21;9911;8;;;9919;21;9923;20;;;9916.0;0.0
yf_ZS=F_d10;16500;INTARIAN_PEPPER_ROOT;12090;7;12087;10;;;12096;16;12098;16;;;12093.0;0.0
yf_ZS=F_d10;16600;ASH_COATED_OSMIUM;9914;11;9910;15;;;9920;13;9924;14;;;9917.0;0.0
yf_ZS=F_d10;16600;INTARIAN_PEPPER_ROOT;12091;18;12089;17;;;12097;13;12101;22;;;12094.0;0.0
yf_ZS=F_d10;16700;ASH_COATED_OSMIUM;9912;9;9909;15;;;9921;20;9925;21;;;9916.5;0.0
yf_ZS=F_d10;16700;INTARIAN_PEPPER_ROOT;12092;10;12090;22;;;12098;12;12101;27;;;12095.0;0.0
yf_ZS=F_d10;16800;ASH_COATED_OSMIUM;9914;12;9912;33;;;9920;13;9924;13;;;9917.0;0.0
yf_ZS=F_d10;16800;INTARIAN_PEPPER_ROOT;12089;9;12085;20;;;12102;10;12106;25;;;12095.5;0.0
yf_ZS=F_d10;16900;ASH_COATED_OSMIUM;9914;12;9912;14;;;9920;11;9923;20;;;9917.0;0.0
yf_ZS=F_d10;16900;INTARIAN_PEPPER_ROOT;12091;20;12087;15;;;12104;22;12107;23;;;12097.5;0.0
yf_ZS=F_d10;17000;ASH_COATED_OSMIUM;9906;10;9904;19;;;9928;18;9930;11;;;9917.0;0.0
yf_ZS=F_d10;17000;INTARIAN_PEPPER_ROOT;12094;6;12092;16;;;12100;9;12104;26;;;12097.0;0.0
yf_ZS=F_d10;17100;ASH_COATED_OSMIUM;9914;21;9910;10;;;9920;14;9923;20;;;9917.0;0.0
yf_ZS=F_d10;17100;INTARIAN_PEPPER_ROOT;12093;11;12090;25;;;12100;16;12103;18;;;12096.5;0.0
yf_ZS=F_d10;17200;ASH_COATED_OSMIUM;9908;12;9905;16;;;9927;21;9929;25;;;9917.5;0.0
yf_ZS=F_d10;17200;INTARIAN_PEPPER_ROOT;12093;12;12089;18;;;12099;6;12103;23;;;12096.0;0.0
yf_ZS=F_d10;17300;ASH_COATED_OSMIUM;9915;8;9913;23;;;9921;18;9925;17;;;9918.0;0.0
yf_ZS=F_d10;17300;INTARIAN_PEPPER_ROOT;12082;15;12080;30;;;12108;14;12112;14;;;12095.0;0.0
yf_ZS=F_d10;17400;ASH_COATED_OSMIUM;9912;14;9908;16;;;9921;10;9923;25;;;9916.5;0.0
yf_ZS=F_d10;17400;INTARIAN_PEPPER_ROOT;12090;11;12088;12;;;12099;5;12102;23;;;12094.5;0.0
yf_ZS=F_d10;17500;ASH_COATED_OSMIUM;9914;17;9911;15;;;9920;8;9923;21;;;9917.0;0.0
yf_ZS=F_d10;17500;INTARIAN_PEPPER_ROOT;12091;8;12089;24;;;12097;26;12100;26;;;12094.0;0.0
yf_ZS=F_d10;17600;ASH_COATED_OSMIUM;9914;22;9911;18;;;9920;12;9922;21;;;9917.0;0.0
yf_ZS=F_d10;17600;INTARIAN_PEPPER_ROOT;12090;19;12088;21;;;12096;5;12098;27;;;12093.0;0.0
yf_ZS=F_d10;17700;ASH_COATED_OSMIUM;9913;7;9911;14;;;9921;14;9923;15;;;9917.0;0.0
yf_ZS=F_d10;17700;INTARIAN_PEPPER_ROOT;12089;19;12085;24;;;12095;21;12098;23;;;12092.0;0.0
yf_ZS=F_d10;17800;ASH_COATED_OSMIUM;9915;13;9911;20;;;9921;15;9925;22;;;9918.0;0.0
yf_ZS=F_d10;17800;INTARIAN_PEPPER_ROOT;12088;17;12086;10;;;12094;9;12098;23;;;12091.0;0.0
yf_ZS=F_d10;17900;ASH_COATED_OSMIUM;9915;12;9911;13;;;9921;19;9924;26;;;9918.0;0.0
yf_ZS=F_d10;17900;INTARIAN_PEPPER_ROOT;12088;17;12085;17;;;12094;5;12096;15;;;12091.0;0.0
yf_ZS=F_d10;18000;ASH_COATED_OSMIUM;9915;12;9912;20;;;9921;20;9923;24;;;9918.0;0.0
yf_ZS=F_d10;18000;INTARIAN_PEPPER_ROOT;12087;21;12085;30;;;12093;14;12097;18;;;12090.0;0.0
yf_ZS=F_d10;18100;ASH_COATED_OSMIUM;9915;9;9912;18;;;9921;16;9923;20;;;9918.0;0.0
yf_ZS=F_d10;18100;INTARIAN_PEPPER_ROOT;12081;18;12078;27;;;12100;16;12104;18;;;12090.5;0.0
yf_ZS=F_d10;18200;ASH_COATED_OSMIUM;9915;17;9913;24;;;9921;11;9925;22;;;9918.0;0.0
yf_ZS=F_d10;18200;INTARIAN_PEPPER_ROOT;12086;13;12082;28;;;12092;15;12094;17;;;12089.0;0.0
yf_ZS=F_d10;18300;ASH_COATED_OSMIUM;9914;16;9910;19;;;9921;9;9923;25;;;9917.5;0.0
yf_ZS=F_d10;18300;INTARIAN_PEPPER_ROOT;12085;8;12081;28;;;12091;5;12094;24;;;12088.0;0.0
yf_ZS=F_d10;18400;ASH_COATED_OSMIUM;9915;19;9912;21;;;9921;13;9925;14;;;9918.0;0.0
yf_ZS=F_d10;18400;INTARIAN_PEPPER_ROOT;12077;14;12075;13;;;12099;16;12101;16;;;12088.0;0.0
yf_ZS=F_d10;18500;ASH_COATED_OSMIUM;9915;18;9912;10;;;9921;15;9924;25;;;9918.0;0.0
yf_ZS=F_d10;18500;INTARIAN_PEPPER_ROOT;12084;10;12080;20;;;12092;12;12094;8;;;12088.0;0.0
yf_ZS=F_d10;18600;ASH_COATED_OSMIUM;9914;9;9910;17;;;9922;11;9925;25;;;9918.0;0.0
yf_ZS=F_d10;18600;INTARIAN_PEPPER_ROOT;12076;19;12074;27;;;12096;14;12100;8;;;12086.0;0.0
yf_ZS=F_d10;18700;ASH_COATED_OSMIUM;9916;7;9913;18;;;9922;11;9925;29;;;9919.0;0.0
yf_ZS=F_d10;18700;INTARIAN_PEPPER_ROOT;12081;11;12079;13;;;12091;19;12093;27;;;12086.0;0.0
yf_ZS=F_d10;18800;ASH_COATED_OSMIUM;9915;15;9911;25;;;9921;21;9923;15;;;9918.0;0.0
yf_ZS=F_d10;18800;INTARIAN_PEPPER_ROOT;12082;19;12080;24;;;12088;18;12091;25;;;12085.0;0.0
yf_ZS=F_d10;18900;ASH_COATED_OSMIUM;9911;13;9907;14;;;9926;9;9929;29;;;9918.5;0.0
yf_ZS=F_d10;18900;INTARIAN_PEPPER_ROOT;12081;17;12079;20;;;12087;6;12091;25;;;12084.0;0.0
yf_ZS=F_d10;19000;ASH_COATED_OSMIUM;9911;29;9909;22;;;9927;11;9930;15;;;9919.0;0.0
yf_ZS=F_d10;19000;INTARIAN_PEPPER_ROOT;12081;15;12079;21;;;12087;15;12089;19;;;12084.0;0.0
yf_ZS=F_d10;19100;ASH_COATED_OSMIUM;9915;20;9913;9;;;9922;12;9926;19;;;9918.5;0.0
yf_ZS=F_d10;19100;INTARIAN_PEPPER_ROOT;12080;20;12076;22;;;12086;19;12088;26;;;12083.0;0.0
yf_ZS=F_d10;19200;ASH_COATED_OSMIUM;9916;13;9913;20;;;9922;12;9925;17;;;9919.0;0.0
yf_ZS=F_d10;19200;INTARIAN_PEPPER_ROOT;12079;21;12076;23;;;12085;11;12089;22;;;12082.0;0.0
yf_ZS=F_d10;19300;ASH_COATED_OSMIUM;9916;7;9914;25;;;9922;18;9925;21;;;9919.0;0.0
yf_ZS=F_d10;19300;INTARIAN_PEPPER_ROOT;12079;20;12076;23;;;12085;18;12089;20;;;12082.0;0.0
yf_ZS=F_d10;19400;ASH_COATED_OSMIUM;9910;16;9906;19;;;9928;22;9932;28;;;9919.0;0.0
yf_ZS=F_d10;19400;INTARIAN_PEPPER_ROOT;12079;26;12075;16;;;12085;20;12087;15;;;12082.0;0.0
yf_ZS=F_d10;19500;ASH_COATED_OSMIUM;9916;17;9913;16;;;9922;20;9925;19;;;9919.0;0.0
yf_ZS=F_d10;19500;INTARIAN_PEPPER_ROOT;12078;12;12075;22;;;12084;11;12086;18;;;12081.0;0.0
yf_ZS=F_d10;19600;ASH_COATED_OSMIUM;9916;21;9914;26;;;9922;17;9925;22;;;9919.0;0.0
yf_ZS=F_d10;19600;INTARIAN_PEPPER_ROOT;12069;9;12065;19;;;12091;10;12095;22;;;12080.0;0.0
yf_ZS=F_d10;19700;ASH_COATED_OSMIUM;9916;16;9912;20;;;9922;15;9924;25;;;9919.0;0.0
yf_ZS=F_d10;19700;INTARIAN_PEPPER_ROOT;12076;12;12072;18;;;12082;21;12085;13;;;12079.0;0.0
yf_ZS=F_d10;19800;ASH_COATED_OSMIUM;9917;12;9914;17;;;9923;14;9926;19;;;9920.0;0.0
yf_ZS=F_d10;19800;INTARIAN_PEPPER_ROOT;12075;21;12072;23;;;12081;22;12085;15;;;12078.0;0.0
yf_ZS=F_d10;19900;ASH_COATED_OSMIUM;9916;21;9912;16;;;9922;12;9926;19;;;9919.0;0.0
yf_ZS=F_d10;19900;INTARIAN_PEPPER_ROOT;12075;11;12071;19;;;12081;6;12083;21;;;12078.0;0.0
yf_ZS=F_d10;20000;ASH_COATED_OSMIUM;9916;9;9912;22;;;9922;17;9925;11;;;9919.0;0.0
yf_ZS=F_d10;20000;INTARIAN_PEPPER_ROOT;12071;6;12068;24;;;12083;18;12087;26;;;12077.0;0.0
yf_ZS=F_d10;20100;ASH_COATED_OSMIUM;9916;16;9913;23;;;9922;10;9925;14;;;9919.0;0.0
yf_ZS=F_d10;20100;INTARIAN_PEPPER_ROOT;12074;16;12072;20;;;12080;5;12082;16;;;12077.0;0.0
yf_ZS=F_d10;20200;ASH_COATED_OSMIUM;9916;10;9912;8;;;9922;15;9926;18;;;9919.0;0.0
yf_ZS=F_d10;20200;INTARIAN_PEPPER_ROOT;12073;16;12069;22;;;12079;13;12082;16;;;12076.0;0.0
yf_ZS=F_d10;20300;ASH_COATED_OSMIUM;9917;14;9914;16;;;9923;18;9927;13;;;9920.0;0.0
yf_ZS=F_d10;20300;INTARIAN_PEPPER_ROOT;12072;16;12068;16;;;12078;17;12080;25;;;12075.0;0.0
yf_ZS=F_d10;20400;ASH_COATED_OSMIUM;9916;9;9914;23;;;9922;11;9926;12;;;9919.0;0.0
yf_ZS=F_d10;20400;INTARIAN_PEPPER_ROOT;12069;16;12065;20;;;12080;13;12082;19;;;12074.5;0.0
yf_ZS=F_d10;20500;ASH_COATED_OSMIUM;9916;12;9914;16;;;9924;18;9926;29;;;9920.0;0.0
yf_ZS=F_d10;20500;INTARIAN_PEPPER_ROOT;12071;9;12067;22;;;12077;10;12081;20;;;12074.0;0.0
yf_ZS=F_d10;20600;ASH_COATED_OSMIUM;9916;14;9912;31;;;9922;24;9926;17;;;9919.0;0.0
yf_ZS=F_d10;20600;INTARIAN_PEPPER_ROOT;12071;11;12067;24;;;12077;12;12080;23;;;12074.0;0.0
yf_ZS=F_d10;20700;ASH_COATED_OSMIUM;9917;20;9914;18;;;9923;14;9926;16;;;9920.0;0.0
yf_ZS=F_d10;20700;INTARIAN_PEPPER_ROOT;12069;23;12065;26;;;12075;18;12077;16;;;12072.0;0.0
yf_ZS=F_d10;20800;ASH_COATED_OSMIUM;9917;20;9913;21;;;9923;17;9927;23;;;9920.0;0.0
yf_ZS=F_d10;20800;INTARIAN_PEPPER_ROOT;12069;22;12066;23;;;12075;21;12077;12;;;12072.0;0.0
yf_ZS=F_d10;20900;ASH_COATED_OSMIUM;9917;8;9915;11;;;9923;22;9926;15;;;9920.0;0.0
yf_ZS=F_d10;20900;INTARIAN_PEPPER_ROOT;12068;18;12065;15;;;12074;16;12078;21;;;12071.0;0.0
yf_ZS=F_d10;21000;ASH_COATED_OSMIUM;9916;18;9912;20;;;9924;15;9926;19;;;9920.0;0.0
yf_ZS=F_d10;21000;INTARIAN_PEPPER_ROOT;12067;22;12064;21;;;12076;12;12079;11;;;12071.5;0.0
yf_ZS=F_d10;21100;ASH_COATED_OSMIUM;9917;8;9915;25;;;9923;12;9926;26;;;9920.0;0.0
yf_ZS=F_d10;21100;INTARIAN_PEPPER_ROOT;12067;29;12065;19;;;12073;16;12076;25;;;12070.0;0.0
yf_ZS=F_d10;21200;ASH_COATED_OSMIUM;9917;10;9915;14;;;9923;16;9925;22;;;9920.0;0.0
yf_ZS=F_d10;21200;INTARIAN_PEPPER_ROOT;12065;11;12062;15;;;12073;7;12076;8;;;12069.0;0.0
yf_ZS=F_d10;21300;ASH_COATED_OSMIUM;9917;6;9914;22;;;9923;14;9926;19;;;9920.0;0.0
yf_ZS=F_d10;21300;INTARIAN_PEPPER_ROOT;12059;11;12055;17;;;12078;5;12082;19;;;12068.5;0.0
yf_ZS=F_d10;21400;ASH_COATED_OSMIUM;9912;15;9910;17;;;9929;13;9932;20;;;9920.5;0.0
yf_ZS=F_d10;21400;INTARIAN_PEPPER_ROOT;12065;11;12063;20;;;12071;7;12075;20;;;12068.0;0.0
yf_ZS=F_d10;21500;ASH_COATED_OSMIUM;9917;6;9914;13;;;9923;8;9927;11;;;9920.0;0.0
yf_ZS=F_d10;21500;INTARIAN_PEPPER_ROOT;12061;10;12057;19;;;12074;22;12076;15;;;12067.5;0.0
yf_ZS=F_d10;21600;ASH_COATED_OSMIUM;9917;17;9915;17;;;9923;8;9927;21;;;9920.0;0.0
yf_ZS=F_d10;21600;INTARIAN_PEPPER_ROOT;12060;14;12057;18;;;12073;13;12076;20;;;12066.5;0.0
yf_ZS=F_d10;21700;ASH_COATED_OSMIUM;9917;10;9915;27;;;9923;15;9925;20;;;9920.0;0.0
yf_ZS=F_d10;21700;INTARIAN_PEPPER_ROOT;12063;13;12060;27;;;12069;11;12072;18;;;12066.0;0.0
yf_ZS=F_d10;21800;ASH_COATED_OSMIUM;9917;15;9913;24;;;9924;25;9927;16;;;9920.5;0.0
yf_ZS=F_d10;21800;INTARIAN_PEPPER_ROOT;12059;16;12055;19;;;12071;12;12073;27;;;12065.0;0.0
yf_ZS=F_d10;21900;ASH_COATED_OSMIUM;9913;6;9910;21;;;9929;15;9933;15;;;9921.0;0.0
yf_ZS=F_d10;21900;INTARIAN_PEPPER_ROOT;12062;10;12059;17;;;12068;12;12071;20;;;12065.0;0.0
yf_ZS=F_d10;22000;ASH_COATED_OSMIUM;9918;13;9916;25;;;9924;11;9928;16;;;9921.0;0.0
yf_ZS=F_d10;22000;INTARIAN_PEPPER_ROOT;12061;18;12059;20;;;12067;15;12069;18;;;12064.0;0.0
yf_ZS=F_d10;22100;ASH_COATED_OSMIUM;9917;20;9915;19;;;9924;6;9928;14;;;9920.5;0.0
yf_ZS=F_d10;22100;INTARIAN_PEPPER_ROOT;12058;12;12056;22;;;12069;15;12073;18;;;12063.5;0.0
yf_ZS=F_d10;22200;ASH_COATED_OSMIUM;9918;20;9914;20;;;9924;9;9928;15;;;9921.0;0.0
yf_ZS=F_d10;22200;INTARIAN_PEPPER_ROOT;12060;20;12057;24;;;12066;17;12069;20;;;12063.0;0.0
yf_ZS=F_d10;22300;ASH_COATED_OSMIUM;9918;16;9915;16;;;9924;12;9928;15;;;9921.0;0.0
yf_ZS=F_d10;22300;INTARIAN_PEPPER_ROOT;12060;16;12058;25;;;12066;18;12069;25;;;12063.0;0.0
yf_ZS=F_d10;22400;ASH_COATED_OSMIUM;9914;25;9911;20;;;9927;15;9930;22;;;9920.5;0.0
yf_ZS=F_d10;22400;INTARIAN_PEPPER_ROOT;12056;8;12053;14;;;12066;12;12068;15;;;12061.0;0.0
yf_ZS=F_d10;22500;ASH_COATED_OSMIUM;9918;14;9916;11;;;9924;17;9928;25;;;9921.0;0.0
yf_ZS=F_d10;22500;INTARIAN_PEPPER_ROOT;12058;21;12054;13;;;12064;16;12067;15;;;12061.0;0.0
yf_ZS=F_d10;22600;ASH_COATED_OSMIUM;9918;17;9914;19;;;9924;15;9928;18;;;9921.0;0.0
yf_ZS=F_d10;22600;INTARIAN_PEPPER_ROOT;12057;7;12054;28;;;12063;5;12065;16;;;12060.0;0.0
yf_ZS=F_d10;22700;ASH_COATED_OSMIUM;9918;7;9914;24;;;9924;15;9926;17;;;9921.0;0.0
yf_ZS=F_d10;22700;INTARIAN_PEPPER_ROOT;12055;5;12053;20;;;12063;9;12067;30;;;12059.0;0.0
yf_ZS=F_d10;22800;ASH_COATED_OSMIUM;9918;15;9914;19;;;9924;28;9927;26;;;9921.0;0.0
yf_ZS=F_d10;22800;INTARIAN_PEPPER_ROOT;12052;13;12048;19;;;12067;16;12070;15;;;12059.5;0.0
yf_ZS=F_d10;22900;ASH_COATED_OSMIUM;9918;13;9914;19;;;9926;19;9929;21;;;9922.0;0.0
yf_ZS=F_d10;22900;INTARIAN_PEPPER_ROOT;12055;10;12052;19;;;12061;16;12065;16;;;12058.0;0.0
yf_ZS=F_d10;23000;ASH_COATED_OSMIUM;9917;13;9914;13;;;9924;20;9928;23;;;9920.5;0.0
yf_ZS=F_d10;23000;INTARIAN_PEPPER_ROOT;12055;19;12052;27;;;12061;21;12063;27;;;12058.0;0.0
yf_ZS=F_d10;23100;ASH_COATED_OSMIUM;9916;15;9913;21;;;9928;19;9930;20;;;9922.0;0.0
yf_ZS=F_d10;23100;INTARIAN_PEPPER_ROOT;12054;12;12052;20;;;12060;11;12062;22;;;12057.0;0.0
yf_ZS=F_d10;23200;ASH_COATED_OSMIUM;9919;16;9916;16;;;9925;16;9927;27;;;9922.0;0.0
yf_ZS=F_d10;23200;INTARIAN_PEPPER_ROOT;12053;16;12049;15;;;12059;18;12061;25;;;12056.0;0.0
yf_ZS=F_d10;23300;ASH_COATED_OSMIUM;9914;14;9912;21;;;9928;9;9932;8;;;9921.0;0.0
yf_ZS=F_d10;23300;INTARIAN_PEPPER_ROOT;12053;12;12051;11;;;12059;16;12061;17;;;12056.0;0.0
yf_ZS=F_d10;23400;ASH_COATED_OSMIUM;9918;19;9916;23;;;9924;14;9926;8;;;9921.0;0.0
yf_ZS=F_d10;23400;INTARIAN_PEPPER_ROOT;12052;17;12050;14;;;12058;14;12061;19;;;12055.0;0.0
yf_ZS=F_d10;23500;ASH_COATED_OSMIUM;9919;18;9916;15;;;9925;24;9927;21;;;9922.0;0.0
yf_ZS=F_d10;23500;INTARIAN_PEPPER_ROOT;12051;15;12049;19;;;12057;13;12060;17;;;12054.0;0.0
yf_ZS=F_d10;23600;ASH_COATED_OSMIUM;9919;5;9916;22;;;9925;16;9929;18;;;9922.0;0.0
yf_ZS=F_d10;23600;INTARIAN_PEPPER_ROOT;12048;13;12046;10;;;12060;8;12062;17;;;12054.0;0.0
yf_ZS=F_d10;23700;ASH_COATED_OSMIUM;9919;20;9916;24;;;9925;20;9927;27;;;9922.0;0.0
yf_ZS=F_d10;23700;INTARIAN_PEPPER_ROOT;12051;15;12049;15;;;12057;28;12060;26;;;12054.0;0.0
yf_ZS=F_d10;23800;ASH_COATED_OSMIUM;9919;14;9916;20;;;9925;15;9927;14;;;9922.0;0.0
yf_ZS=F_d10;23800;INTARIAN_PEPPER_ROOT;12050;14;12046;19;;;12056;20;12058;30;;;12053.0;0.0
yf_ZS=F_d10;23900;ASH_COATED_OSMIUM;9917;16;9913;24;;;9928;17;9930;24;;;9922.5;0.0
yf_ZS=F_d10;23900;INTARIAN_PEPPER_ROOT;12048;24;12046;24;;;12054;12;12056;16;;;12051.0;0.0
yf_ZS=F_d10;24000;ASH_COATED_OSMIUM;9919;16;9917;20;;;9925;16;9928;23;;;9922.0;0.0
yf_ZS=F_d10;24000;INTARIAN_PEPPER_ROOT;12039;14;12035;20;;;12063;24;12065;22;;;12051.0;0.0
yf_ZS=F_d10;24100;ASH_COATED_OSMIUM;9919;8;9915;22;;;9925;14;9929;17;;;9922.0;0.0
yf_ZS=F_d10;24100;INTARIAN_PEPPER_ROOT;12041;26;12039;16;;;12061;14;12064;16;;;12051.0;0.0
yf_ZS=F_d10;24200;ASH_COATED_OSMIUM;9914;11;9912;19;;;9931;14;9934;18;;;9922.5;0.0
yf_ZS=F_d10;24200;INTARIAN_PEPPER_ROOT;12047;11;12045;24;;;12053;5;12056;30;;;12050.0;0.0
yf_ZS=F_d10;24300;ASH_COATED_OSMIUM;9919;12;9917;17;;;9925;19;9927;20;;;9922.0;0.0
yf_ZS=F_d10;24300;INTARIAN_PEPPER_ROOT;12045;5;12042;22;;;12053;19;12055;24;;;12049.0;0.0
yf_ZS=F_d10;24400;ASH_COATED_OSMIUM;9920;23;9917;14;;;9926;10;9928;13;;;9923.0;0.0
yf_ZS=F_d10;24400;INTARIAN_PEPPER_ROOT;12042;18;12039;23;;;12055;21;12057;11;;;12048.5;0.0
yf_ZS=F_d10;24500;ASH_COATED_OSMIUM;9909;10;9906;27;;;9936;5;9940;14;;;9922.5;0.0
yf_ZS=F_d10;24500;INTARIAN_PEPPER_ROOT;12045;8;12042;15;;;12051;20;12054;22;;;12048.0;0.0
yf_ZS=F_d10;24600;ASH_COATED_OSMIUM;9920;13;9917;8;;;9926;14;9930;20;;;9923.0;0.0
yf_ZS=F_d10;24600;INTARIAN_PEPPER_ROOT;12041;19;12037;26;;;12053;22;12055;28;;;12047.0;0.0
yf_ZS=F_d10;24700;ASH_COATED_OSMIUM;9920;13;9917;10;;;9926;11;9930;15;;;9923.0;0.0
yf_ZS=F_d10;24700;INTARIAN_PEPPER_ROOT;12044;16;12041;24;;;12050;11;12052;17;;;12047.0;0.0
yf_ZS=F_d10;24800;ASH_COATED_OSMIUM;9919;9;9916;23;;;9927;19;9929;14;;;9923.0;0.0
yf_ZS=F_d10;24800;INTARIAN_PEPPER_ROOT;12043;7;12041;20;;;12049;18;12052;13;;;12046.0;0.0
yf_ZS=F_d10;24900;ASH_COATED_OSMIUM;9915;18;9913;22;;;9931;14;9935;18;;;9923.0;0.0
yf_ZS=F_d10;24900;INTARIAN_PEPPER_ROOT;12041;11;12037;19;;;12049;15;12052;21;;;12045.0;0.0
yf_ZS=F_d10;25000;ASH_COATED_OSMIUM;9918;10;9914;13;;;9928;17;9932;16;;;9923.0;0.0
yf_ZS=F_d10;25000;INTARIAN_PEPPER_ROOT;12036;17;12034;16;;;12055;7;12059;18;;;12045.5;0.0
yf_ZS=F_d10;25100;ASH_COATED_OSMIUM;9916;15;9913;20;;;9930;15;9932;26;;;9923.0;0.0
yf_ZS=F_d10;25100;INTARIAN_PEPPER_ROOT;12035;12;12032;22;;;12054;11;12056;16;;;12044.5;0.0
yf_ZS=F_d10;25200;ASH_COATED_OSMIUM;9920;5;9917;21;;;9926;8;9929;15;;;9923.0;0.0
yf_ZS=F_d10;25200;INTARIAN_PEPPER_ROOT;12030;9;12027;26;;;12057;21;12060;18;;;12043.5;0.0
yf_ZS=F_d10;25300;ASH_COATED_OSMIUM;9920;18;9918;17;;;9927;14;9931;24;;;9923.5;0.0
yf_ZS=F_d10;25300;INTARIAN_PEPPER_ROOT;12039;14;12035;22;;;12045;9;12049;15;;;12042.0;0.0
yf_ZS=F_d10;25400;ASH_COATED_OSMIUM;9920;13;9917;20;;;9926;19;9928;23;;;9923.0;0.0
yf_ZS=F_d10;25400;INTARIAN_PEPPER_ROOT;12015;14;12012;28;;;12070;15;12073;26;;;12042.5;0.0
yf_ZS=F_d10;25500;ASH_COATED_OSMIUM;9917;14;9915;20;;;9928;14;9931;27;;;9922.5;0.0
yf_ZS=F_d10;25500;INTARIAN_PEPPER_ROOT;12027;11;12025;26;;;12055;18;12058;14;;;12041.0;0.0
yf_ZS=F_d10;25600;ASH_COATED_OSMIUM;9920;10;9918;25;;;9926;10;9930;20;;;9923.0;0.0
yf_ZS=F_d10;25600;INTARIAN_PEPPER_ROOT;12038;11;12034;25;;;12044;11;12047;25;;;12041.0;0.0
yf_ZS=F_d10;25700;ASH_COATED_OSMIUM;9919;13;9917;24;;;9929;13;9933;16;;;9924.0;0.0
yf_ZS=F_d10;25700;INTARIAN_PEPPER_ROOT;12034;12;12031;23;;;12046;8;12048;26;;;12040.0;0.0
yf_ZS=F_d10;25800;ASH_COATED_OSMIUM;9913;11;9909;17;;;9934;9;9937;10;;;9923.5;0.0
yf_ZS=F_d10;25800;INTARIAN_PEPPER_ROOT;12026;18;12022;19;;;12052;11;12055;15;;;12039.0;0.0
yf_ZS=F_d10;25900;ASH_COATED_OSMIUM;9921;17;9917;26;;;9927;17;9930;17;;;9924.0;0.0
yf_ZS=F_d10;25900;INTARIAN_PEPPER_ROOT;12036;17;12034;17;;;12043;9;12046;16;;;12039.5;0.0
yf_ZS=F_d10;26000;ASH_COATED_OSMIUM;9921;17;9917;17;;;9927;18;9931;13;;;9924.0;0.0
yf_ZS=F_d10;26000;INTARIAN_PEPPER_ROOT;12035;12;12031;22;;;12042;20;12046;15;;;12038.5;0.0
yf_ZS=F_d10;26100;ASH_COATED_OSMIUM;9919;9;9916;20;;;9929;20;9932;22;;;9924.0;0.0
yf_ZS=F_d10;26100;INTARIAN_PEPPER_ROOT;12034;16;12032;16;;;12042;17;12044;20;;;12038.0;0.0
yf_ZS=F_d10;26200;ASH_COATED_OSMIUM;9921;15;9918;23;;;9927;14;9931;16;;;9924.0;0.0
yf_ZS=F_d10;26200;INTARIAN_PEPPER_ROOT;12033;13;12030;23;;;12041;17;12045;26;;;12037.0;0.0
yf_ZS=F_d10;26300;ASH_COATED_OSMIUM;9920;9;9917;16;;;9926;14;9930;15;;;9923.0;0.0
yf_ZS=F_d10;26300;INTARIAN_PEPPER_ROOT;12030;28;12028;16;;;12042;19;12046;17;;;12036.0;0.0
yf_ZS=F_d10;26400;ASH_COATED_OSMIUM;9920;17;9918;17;;;9928;5;9932;18;;;9924.0;0.0
yf_ZS=F_d10;26400;INTARIAN_PEPPER_ROOT;12031;14;12029;12;;;12039;14;12042;30;;;12035.0;0.0
yf_ZS=F_d10;26500;ASH_COATED_OSMIUM;9913;14;9910;21;;;9935;15;9938;21;;;9924.0;0.0
yf_ZS=F_d10;26500;INTARIAN_PEPPER_ROOT;12032;16;12029;25;;;12038;15;12042;21;;;12035.0;0.0
yf_ZS=F_d10;26600;ASH_COATED_OSMIUM;9918;14;9916;17;;;9930;13;9934;12;;;9924.0;0.0
yf_ZS=F_d10;26600;INTARIAN_PEPPER_ROOT;12031;13;12027;26;;;12037;13;12040;21;;;12034.0;0.0
yf_ZS=F_d10;26700;ASH_COATED_OSMIUM;9920;19;9917;26;;;9926;17;9928;22;;;9923.0;0.0
yf_ZS=F_d10;26700;INTARIAN_PEPPER_ROOT;12030;9;12028;21;;;12036;17;12038;24;;;12033.0;0.0
yf_ZS=F_d10;26800;ASH_COATED_OSMIUM;9899;9;9895;24;;;9950;16;9952;14;;;9924.5;0.0
yf_ZS=F_d10;26800;INTARIAN_PEPPER_ROOT;12023;12;12021;26;;;12042;23;12044;22;;;12032.5;0.0
yf_ZS=F_d10;26900;ASH_COATED_OSMIUM;9921;13;9917;19;;;9927;13;9929;18;;;9924.0;0.0
yf_ZS=F_d10;26900;INTARIAN_PEPPER_ROOT;12023;13;12020;17;;;12042;12;12045;26;;;12032.5;0.0
yf_ZS=F_d10;27000;ASH_COATED_OSMIUM;9919;12;9916;21;;;9929;17;9933;25;;;9924.0;0.0
yf_ZS=F_d10;27000;INTARIAN_PEPPER_ROOT;12029;18;12026;27;;;12035;18;12038;20;;;12032.0;0.0
yf_ZS=F_d10;27100;ASH_COATED_OSMIUM;9922;14;9920;23;;;9928;18;9931;20;;;9925.0;0.0
yf_ZS=F_d10;27100;INTARIAN_PEPPER_ROOT;12027;16;12024;15;;;12034;22;12038;21;;;12030.5;0.0
yf_ZS=F_d10;27200;ASH_COATED_OSMIUM;9920;10;9917;23;;;9929;22;9933;20;;;9924.5;0.0
yf_ZS=F_d10;27200;INTARIAN_PEPPER_ROOT;12020;11;12018;23;;;12039;8;12043;11;;;12029.5;0.0
yf_ZS=F_d10;27300;ASH_COATED_OSMIUM;9922;22;9920;24;;;9928;20;9932;12;;;9925.0;0.0
yf_ZS=F_d10;27300;INTARIAN_PEPPER_ROOT;12026;14;12024;16;;;12032;7;12036;18;;;12029.0;0.0
yf_ZS=F_d10;27400;ASH_COATED_OSMIUM;9921;14;9919;17;;;9927;9;9930;16;;;9924.0;0.0
yf_ZS=F_d10;27400;INTARIAN_PEPPER_ROOT;12012;19;12010;17;;;12047;16;12050;19;;;12029.5;0.0
yf_ZS=F_d10;27500;ASH_COATED_OSMIUM;9922;23;9920;16;;;9928;13;9932;27;;;9925.0;0.0
yf_ZS=F_d10;27500;INTARIAN_PEPPER_ROOT;12025;13;12023;24;;;12031;18;12034;20;;;12028.0;0.0
yf_ZS=F_d10;27600;ASH_COATED_OSMIUM;9922;13;9920;23;;;9928;26;9931;20;;;9925.0;0.0
yf_ZS=F_d10;27600;INTARIAN_PEPPER_ROOT;12021;15;12017;10;;;12034;8;12036;19;;;12027.5;0.0
yf_ZS=F_d10;27700;ASH_COATED_OSMIUM;9922;12;9918;22;;;9929;11;9933;20;;;9925.5;0.0
yf_ZS=F_d10;27700;INTARIAN_PEPPER_ROOT;12016;19;12012;10;;;12037;25;12039;20;;;12026.5;0.0
yf_ZS=F_d10;27800;ASH_COATED_OSMIUM;9918;16;9915;21;;;9933;13;9937;25;;;9925.5;0.0
yf_ZS=F_d10;27800;INTARIAN_PEPPER_ROOT;12023;16;12020;23;;;12029;19;12033;17;;;12026.0;0.0
yf_ZS=F_d10;27900;ASH_COATED_OSMIUM;9922;5;9920;21;;;9928;6;9930;18;;;9925.0;0.0
yf_ZS=F_d10;27900;INTARIAN_PEPPER_ROOT;12023;20;12019;17;;;12029;16;12031;23;;;12026.0;0.0
yf_ZS=F_d10;28000;ASH_COATED_OSMIUM;9922;15;9920;20;;;9928;25;9931;15;;;9925.0;0.0
yf_ZS=F_d10;28000;INTARIAN_PEPPER_ROOT;12022;9;12019;21;;;12028;9;12032;19;;;12025.0;0.0
yf_ZS=F_d10;28100;ASH_COATED_OSMIUM;9913;16;9911;34;;;9936;13;9940;20;;;9924.5;0.0
yf_ZS=F_d10;28100;INTARIAN_PEPPER_ROOT;12021;20;12019;18;;;12027;18;12031;28;;;12024.0;0.0
yf_ZS=F_d10;28200;ASH_COATED_OSMIUM;9918;23;9914;18;;;9932;15;9935;9;;;9925.0;0.0
yf_ZS=F_d10;28200;INTARIAN_PEPPER_ROOT;12021;16;12018;23;;;12027;21;12029;14;;;12024.0;0.0
yf_ZS=F_d10;28300;ASH_COATED_OSMIUM;9922;17;9919;26;;;9929;10;9932;16;;;9925.5;0.0
yf_ZS=F_d10;28300;INTARIAN_PEPPER_ROOT;12020;5;12017;14;;;12026;11;12030;15;;;12023.0;0.0
yf_ZS=F_d10;28400;ASH_COATED_OSMIUM;9922;9;9920;19;;;9929;11;9931;26;;;9925.5;0.0
yf_ZS=F_d10;28400;INTARIAN_PEPPER_ROOT;12019;9;12017;18;;;12025;9;12028;21;;;12022.0;0.0
yf_ZS=F_d10;28500;ASH_COATED_OSMIUM;9919;14;9915;20;;;9931;14;9935;25;;;9925.0;0.0
yf_ZS=F_d10;28500;INTARIAN_PEPPER_ROOT;12019;5;12016;25;;;12025;5;12028;25;;;12022.0;0.0
yf_ZS=F_d10;28600;ASH_COATED_OSMIUM;9919;20;9916;20;;;9934;17;9937;22;;;9926.5;0.0
yf_ZS=F_d10;28600;INTARIAN_PEPPER_ROOT;12018;9;12015;20;;;12024;12;12027;25;;;12021.0;0.0
yf_ZS=F_d10;28700;ASH_COATED_OSMIUM;9922;11;9920;24;;;9928;15;9932;26;;;9925.0;0.0
yf_ZS=F_d10;28700;INTARIAN_PEPPER_ROOT;12017;18;12013;34;;;12024;20;12027;24;;;12020.5;0.0
yf_ZS=F_d10;28800;ASH_COATED_OSMIUM;9923;11;9921;13;;;9929;18;9932;13;;;9926.0;0.0
yf_ZS=F_d10;28800;INTARIAN_PEPPER_ROOT;12015;16;12012;11;;;12025;22;12028;25;;;12020.0;0.0
yf_ZS=F_d10;28900;ASH_COATED_OSMIUM;9920;17;9918;20;;;9931;13;9934;10;;;9925.5;0.0
yf_ZS=F_d10;28900;INTARIAN_PEPPER_ROOT;12016;20;12013;20;;;12022;12;12026;23;;;12019.0;0.0
yf_ZS=F_d10;29000;ASH_COATED_OSMIUM;9923;12;9919;16;;;9929;23;9933;27;;;9926.0;0.0
yf_ZS=F_d10;29000;INTARIAN_PEPPER_ROOT;12015;12;12011;26;;;12021;10;12024;19;;;12018.0;0.0
yf_ZS=F_d10;29100;ASH_COATED_OSMIUM;9923;18;9920;15;;;9929;14;9932;25;;;9926.0;0.0
yf_ZS=F_d10;29100;INTARIAN_PEPPER_ROOT;12014;11;12010;17;;;12020;8;12024;20;;;12017.0;0.0
yf_ZS=F_d10;29200;ASH_COATED_OSMIUM;9922;5;9919;26;;;9930;11;9932;14;;;9926.0;0.0
yf_ZS=F_d10;29200;INTARIAN_PEPPER_ROOT;12014;22;12012;21;;;12020;15;12023;11;;;12017.0;0.0
yf_ZS=F_d10;29300;ASH_COATED_OSMIUM;9921;21;9918;21;;;9931;10;9933;23;;;9926.0;0.0
yf_ZS=F_d10;29300;INTARIAN_PEPPER_ROOT;12014;16;12010;20;;;12020;17;12022;12;;;12017.0;0.0
yf_ZS=F_d10;29400;ASH_COATED_OSMIUM;9923;12;9920;8;;;9929;21;9931;24;;;9926.0;0.0
yf_ZS=F_d10;29400;INTARIAN_PEPPER_ROOT;12012;11;12008;18;;;12020;8;12024;19;;;12016.0;0.0
yf_ZS=F_d10;29500;ASH_COATED_OSMIUM;9923;12;9920;24;;;9929;11;9933;18;;;9926.0;0.0
yf_ZS=F_d10;29500;INTARIAN_PEPPER_ROOT;12012;5;12010;13;;;12018;10;12020;18;;;12015.0;0.0
yf_ZS=F_d10;29600;ASH_COATED_OSMIUM;9923;20;9921;12;;;9929;10;9931;18;;;9926.0;0.0
yf_ZS=F_d10;29600;INTARIAN_PEPPER_ROOT;12012;13;12008;20;;;12018;19;12022;22;;;12015.0;0.0
yf_ZS=F_d10;29700;ASH_COATED_OSMIUM;9916;16;9914;16;;;9937;14;9941;24;;;9926.5;0.0
yf_ZS=F_d10;29700;INTARIAN_PEPPER_ROOT;12002;10;11998;25;;;12026;16;12030;13;;;12014.0;0.0
yf_ZS=F_d10;29800;ASH_COATED_OSMIUM;9916;13;9913;20;;;9937;11;9939;15;;;9926.5;0.0
yf_ZS=F_d10;29800;INTARIAN_PEPPER_ROOT;12002;18;11998;18;;;12025;5;12027;24;;;12013.5;0.0
yf_ZS=F_d10;29900;ASH_COATED_OSMIUM;9921;10;9919;20;;;9932;22;9936;26;;;9926.5;0.0
yf_ZS=F_d10;29900;INTARIAN_PEPPER_ROOT;12009;11;12007;21;;;12015;14;12017;18;;;12012.0;0.0
yf_ZS=F_d10;30000;ASH_COATED_OSMIUM;9913;20;9910;25;;;9940;13;9944;18;;;9926.5;0.0
yf_ZS=F_d10;30000;INTARIAN_PEPPER_ROOT;12007;12;12004;23;;;12017;12;12019;23;;;12012.0;0.0
yf_ZS=F_d10;30100;ASH_COATED_OSMIUM;9912;14;9909;12;;;9941;23;9943;20;;;9926.5;0.0
yf_ZS=F_d10;30100;INTARIAN_PEPPER_ROOT;12008;23;12005;24;;;12014;14;12016;21;;;12011.0;0.0
yf_ZS=F_d10;30200;ASH_COATED_OSMIUM;9924;18;9920;22;;;9930;14;9934;10;;;9927.0;0.0
yf_ZS=F_d10;30200;INTARIAN_PEPPER_ROOT;12006;21;12004;16;;;12015;16;12018;18;;;12010.5;0.0
yf_ZS=F_d10;30300;ASH_COATED_OSMIUM;9923;15;9919;24;;;9930;8;9932;20;;;9926.5;0.0
yf_ZS=F_d10;30300;INTARIAN_PEPPER_ROOT;12006;9;12002;18;;;12015;20;12018;17;;;12010.5;0.0
yf_ZS=F_d10;30400;ASH_COATED_OSMIUM;9924;19;9921;23;;;9930;13;9934;22;;;9927.0;0.0
yf_ZS=F_d10;30400;INTARIAN_PEPPER_ROOT;12006;23;12003;14;;;12012;18;12016;25;;;12009.0;0.0
yf_ZS=F_d10;30500;ASH_COATED_OSMIUM;9909;15;9906;17;;;9945;13;9947;22;;;9927.0;0.0
yf_ZS=F_d10;30500;INTARIAN_PEPPER_ROOT;12001;14;11998;15;;;12018;18;12022;10;;;12009.5;0.0
yf_ZS=F_d10;30600;ASH_COATED_OSMIUM;9924;13;9921;21;;;9930;13;9932;18;;;9927.0;0.0
yf_ZS=F_d10;30600;INTARIAN_PEPPER_ROOT;12005;9;12003;21;;;12011;8;12014;20;;;12008.0;0.0
yf_ZS=F_d10;30700;ASH_COATED_OSMIUM;9923;14;9920;22;;;9931;22;9935;21;;;9927.0;0.0
yf_ZS=F_d10;30700;INTARIAN_PEPPER_ROOT;12005;11;12003;11;;;12011;24;12014;20;;;12008.0;0.0
yf_ZS=F_d10;30800;ASH_COATED_OSMIUM;9924;18;9920;29;;;9930;27;9933;26;;;9927.0;0.0
yf_ZS=F_d10;30800;INTARIAN_PEPPER_ROOT;12004;8;12002;14;;;12010;19;12013;10;;;12007.0;0.0
yf_ZS=F_d10;30900;ASH_COATED_OSMIUM;9924;23;9922;14;;;9930;18;9932;14;;;9927.0;0.0
yf_ZS=F_d10;30900;INTARIAN_PEPPER_ROOT;12001;10;11997;20;;;12010;13;12013;23;;;12005.5;0.0
yf_ZS=F_d10;31000;ASH_COATED_OSMIUM;9924;23;9922;18;;;9930;12;9932;24;;;9927.0;0.0
yf_ZS=F_d10;31000;INTARIAN_PEPPER_ROOT;11998;15;11995;24;;;12013;17;12017;21;;;12005.5;0.0
yf_ZS=F_d10;31100;ASH_COATED_OSMIUM;9925;17;9922;20;;;9931;18;9934;21;;;9928.0;0.0
yf_ZS=F_d10;31100;INTARIAN_PEPPER_ROOT;12002;22;12000;18;;;12008;11;12011;24;;;12005.0;0.0
yf_ZS=F_d10;31200;ASH_COATED_OSMIUM;9915;24;9912;11;;;9940;19;9943;19;;;9927.5;0.0
yf_ZS=F_d10;31200;INTARIAN_PEPPER_ROOT;12000;5;11996;10;;;12008;9;12012;14;;;12004.0;0.0
yf_ZS=F_d10;31300;ASH_COATED_OSMIUM;9918;12;9914;17;;;9937;21;9941;22;;;9927.5;0.0
yf_ZS=F_d10;31300;INTARIAN_PEPPER_ROOT;12000;13;11996;25;;;12006;19;12008;20;;;12003.0;0.0
yf_ZS=F_d10;31400;ASH_COATED_OSMIUM;9924;15;9920;15;;;9930;14;9932;10;;;9927.0;0.0
yf_ZS=F_d10;31400;INTARIAN_PEPPER_ROOT;12000;14;11996;26;;;12006;20;12008;11;;;12003.0;0.0
yf_ZS=F_d10;31500;ASH_COATED_OSMIUM;9925;17;9922;27;;;9931;20;9933;17;;;9928.0;0.0
yf_ZS=F_d10;31500;INTARIAN_PEPPER_ROOT;11997;12;11995;21;;;12007;10;12010;14;;;12002.0;0.0
yf_ZS=F_d10;31600;ASH_COATED_OSMIUM;9925;9;9921;26;;;9931;16;9935;12;;;9928.0;0.0
yf_ZS=F_d10;31600;INTARIAN_PEPPER_ROOT;11998;18;11996;20;;;12005;13;12008;15;;;12001.5;0.0
yf_ZS=F_d10;31700;ASH_COATED_OSMIUM;9925;21;9921;31;;;9931;19;9933;16;;;9928.0;0.0
yf_ZS=F_d10;31700;INTARIAN_PEPPER_ROOT;11998;10;11996;18;;;12004;14;12006;19;;;12001.0;0.0
yf_ZS=F_d10;31800;ASH_COATED_OSMIUM;9925;17;9923;19;;;9931;24;9935;22;;;9928.0;0.0
yf_ZS=F_d10;31800;INTARIAN_PEPPER_ROOT;11997;15;11995;14;;;12003;19;12007;26;;;12000.0;0.0
yf_ZS=F_d10;31900;ASH_COATED_OSMIUM;9925;9;9922;17;;;9931;17;9933;12;;;9928.0;0.0
yf_ZS=F_d10;31900;INTARIAN_PEPPER_ROOT;11996;18;11994;21;;;12004;13;12007;21;;;12000.0;0.0
yf_ZS=F_d10;32000;ASH_COATED_OSMIUM;9925;6;9923;27;;;9931;13;9934;22;;;9928.0;0.0
yf_ZS=F_d10;32000;INTARIAN_PEPPER_ROOT;11996;8;11992;19;;;12002;18;12004;17;;;11999.0;0.0
yf_ZS=F_d10;32100;ASH_COATED_OSMIUM;9918;11;9914;20;;;9938;14;9942;27;;;9928.0;0.0
yf_ZS=F_d10;32100;INTARIAN_PEPPER_ROOT;11996;19;11993;8;;;12002;17;12005;16;;;11999.0;0.0
yf_ZS=F_d10;32200;ASH_COATED_OSMIUM;9918;16;9914;21;;;9938;17;9942;22;;;9928.0;0.0
yf_ZS=F_d10;32200;INTARIAN_PEPPER_ROOT;11995;18;11993;18;;;12001;25;12003;20;;;11998.0;0.0
yf_ZS=F_d10;32300;ASH_COATED_OSMIUM;9925;9;9922;13;;;9931;18;9934;20;;;9928.0;0.0
yf_ZS=F_d10;32300;INTARIAN_PEPPER_ROOT;11990;6;11987;22;;;12004;22;12006;18;;;11997.0;0.0
yf_ZS=F_d10;32400;ASH_COATED_OSMIUM;9911;12;9907;20;;;9945;11;9949;23;;;9928.0;0.0
yf_ZS=F_d10;32400;INTARIAN_PEPPER_ROOT;11994;6;11991;16;;;12000;11;12002;19;;;11997.0;0.0
yf_ZS=F_d10;32500;ASH_COATED_OSMIUM;9922;13;9919;18;;;9934;9;9937;25;;;9928.0;0.0
yf_ZS=F_d10;32500;INTARIAN_PEPPER_ROOT;11993;7;11991;15;;;11999;16;12003;17;;;11996.0;0.0
yf_ZS=F_d10;32600;ASH_COATED_OSMIUM;9926;19;9923;21;;;9932;6;9935;14;;;9929.0;0.0
yf_ZS=F_d10;32600;INTARIAN_PEPPER_ROOT;11989;18;11985;19;;;12001;17;12004;19;;;11995.0;0.0
yf_ZS=F_d10;32700;ASH_COATED_OSMIUM;9925;23;9923;29;;;9931;17;9934;29;;;9928.0;0.0
yf_ZS=F_d10;32700;INTARIAN_PEPPER_ROOT;11982;24;11979;10;;;12006;12;12009;17;;;11994.0;0.0
yf_ZS=F_d10;32800;ASH_COATED_OSMIUM;9925;17;9922;23;;;9931;8;9935;19;;;9928.0;0.0
yf_ZS=F_d10;32800;INTARIAN_PEPPER_ROOT;11990;13;11986;24;;;11996;19;11999;21;;;11993.0;0.0
yf_ZS=F_d10;32900;ASH_COATED_OSMIUM;9925;15;9922;19;;;9931;16;9934;18;;;9928.0;0.0
yf_ZS=F_d10;32900;INTARIAN_PEPPER_ROOT;11990;15;11986;30;;;11996;15;11999;23;;;11993.0;0.0
yf_ZS=F_d10;33000;ASH_COATED_OSMIUM;9926;17;9924;19;;;9932;21;9934;15;;;9929.0;0.0
yf_ZS=F_d10;33000;INTARIAN_PEPPER_ROOT;11989;13;11985;24;;;11995;16;11999;19;;;11992.0;0.0
yf_ZS=F_d10;33100;ASH_COATED_OSMIUM;9924;15;9920;23;;;9933;13;9937;21;;;9928.5;0.0
yf_ZS=F_d10;33100;INTARIAN_PEPPER_ROOT;11987;26;11983;20;;;11997;25;11999;25;;;11992.0;0.0
yf_ZS=F_d10;33200;ASH_COATED_OSMIUM;9924;10;9921;17;;;9933;22;9937;30;;;9928.5;0.0
yf_ZS=F_d10;33200;INTARIAN_PEPPER_ROOT;11988;10;11984;13;;;11994;19;11997;15;;;11991.0;0.0
yf_ZS=F_d10;33300;ASH_COATED_OSMIUM;9922;23;9920;25;;;9936;21;9939;23;;;9929.0;0.0
yf_ZS=F_d10;33300;INTARIAN_PEPPER_ROOT;11987;14;11984;25;;;11994;7;11997;22;;;11990.5;0.0
yf_ZS=F_d10;33400;ASH_COATED_OSMIUM;9926;20;9923;26;;;9932;14;9934;23;;;9929.0;0.0
yf_ZS=F_d10;33400;INTARIAN_PEPPER_ROOT;11985;24;11981;20;;;11993;14;11995;11;;;11989.0;0.0
yf_ZS=F_d10;33500;ASH_COATED_OSMIUM;9926;14;9923;20;;;9932;10;9935;14;;;9929.0;0.0
yf_ZS=F_d10;33500;INTARIAN_PEPPER_ROOT;11986;12;11984;24;;;11992;17;11995;24;;;11989.0;0.0
yf_ZS=F_d10;33600;ASH_COATED_OSMIUM;9914;15;9910;15;;;9945;21;9948;25;;;9929.5;0.0
yf_ZS=F_d10;33600;INTARIAN_PEPPER_ROOT;11984;13;11982;18;;;11991;10;11993;11;;;11987.5;0.0
yf_ZS=F_d10;33700;ASH_COATED_OSMIUM;9923;15;9921;18;;;9936;13;9939;14;;;9929.5;0.0
yf_ZS=F_d10;33700;INTARIAN_PEPPER_ROOT;11985;14;11982;23;;;11991;9;11993;12;;;11988.0;0.0
yf_ZS=F_d10;33800;ASH_COATED_OSMIUM;9926;11;9924;19;;;9932;19;9936;12;;;9929.0;0.0
yf_ZS=F_d10;33800;INTARIAN_PEPPER_ROOT;11982;20;11980;24;;;11991;8;11995;25;;;11986.5;0.0
yf_ZS=F_d10;33900;ASH_COATED_OSMIUM;9926;16;9922;25;;;9932;16;9935;21;;;9929.0;0.0
yf_ZS=F_d10;33900;INTARIAN_PEPPER_ROOT;11972;8;11969;18;;;12001;20;12005;11;;;11986.5;0.0
yf_ZS=F_d10;34000;ASH_COATED_OSMIUM;9926;9;9923;12;;;9932;20;9934;14;;;9929.0;0.0
yf_ZS=F_d10;34000;INTARIAN_PEPPER_ROOT;11984;15;11981;16;;;11990;17;11992;25;;;11987.0;0.0
yf_ZS=F_d10;34100;ASH_COATED_OSMIUM;9926;18;9923;15;;;9932;10;9934;20;;;9929.0;0.0
yf_ZS=F_d10;34100;INTARIAN_PEPPER_ROOT;11984;17;11980;21;;;11990;16;11993;21;;;11987.0;0.0
yf_ZS=F_d10;34200;ASH_COATED_OSMIUM;9926;25;9923;14;;;9932;20;9936;18;;;9929.0;0.0
yf_ZS=F_d10;34200;INTARIAN_PEPPER_ROOT;11983;15;11980;25;;;11989;10;11992;27;;;11986.0;0.0
yf_ZS=F_d10;34300;ASH_COATED_OSMIUM;9918;19;9914;20;;;9942;18;9946;16;;;9930.0;0.0
yf_ZS=F_d10;34300;INTARIAN_PEPPER_ROOT;11982;20;11978;15;;;11991;15;11994;18;;;11986.5;0.0
yf_ZS=F_d10;34400;ASH_COATED_OSMIUM;9926;12;9924;20;;;9932;17;9935;15;;;9929.0;0.0
yf_ZS=F_d10;34400;INTARIAN_PEPPER_ROOT;11983;14;11979;20;;;11991;25;11994;20;;;11987.0;0.0
yf_ZS=F_d10;34500;ASH_COATED_OSMIUM;9926;9;9924;22;;;9932;13;9935;35;;;9929.0;0.0
yf_ZS=F_d10;34500;INTARIAN_PEPPER_ROOT;11984;13;11982;16;;;11990;17;11994;23;;;11987.0;0.0
yf_ZS=F_d10;34600;ASH_COATED_OSMIUM;9926;13;9923;19;;;9933;14;9936;18;;;9929.5;0.0
yf_ZS=F_d10;34600;INTARIAN_PEPPER_ROOT;11977;22;11973;34;;;11997;18;11999;15;;;11987.0;0.0
yf_ZS=F_d10;34700;ASH_COATED_OSMIUM;9927;23;9924;17;;;9933;17;9937;20;;;9930.0;0.0
yf_ZS=F_d10;34700;INTARIAN_PEPPER_ROOT;11981;13;11979;20;;;11994;9;11996;15;;;11987.5;0.0
yf_ZS=F_d10;34800;ASH_COATED_OSMIUM;9927;14;9923;21;;;9933;9;9935;28;;;9930.0;0.0
yf_ZS=F_d10;34800;INTARIAN_PEPPER_ROOT;11984;12;11982;8;;;11990;13;11994;14;;;11987.0;0.0
yf_ZS=F_d10;34900;ASH_COATED_OSMIUM;9927;19;9924;8;;;9933;20;9937;16;;;9930.0;0.0
yf_ZS=F_d10;34900;INTARIAN_PEPPER_ROOT;11984;12;11980;26;;;11990;14;11993;15;;;11987.0;0.0
yf_ZS=F_d10;35000;ASH_COATED_OSMIUM;9927;23;9925;17;;;9933;14;9937;22;;;9930.0;0.0
yf_ZS=F_d10;35000;INTARIAN_PEPPER_ROOT;11984;11;11982;22;;;11990;17;11992;15;;;11987.0;0.0
yf_ZS=F_d10;35100;ASH_COATED_OSMIUM;9927;12;9925;19;;;9933;10;9935;18;;;9930.0;0.0
yf_ZS=F_d10;35100;INTARIAN_PEPPER_ROOT;11981;21;11979;10;;;11995;14;11997;20;;;11988.0;0.0
yf_ZS=F_d10;35200;ASH_COATED_OSMIUM;9918;21;9914;12;;;9942;13;9945;14;;;9930.0;0.0
yf_ZS=F_d10;35200;INTARIAN_PEPPER_ROOT;11985;5;11982;16;;;11991;22;11995;16;;;11988.0;0.0
yf_ZS=F_d10;35300;ASH_COATED_OSMIUM;9927;21;9925;21;;;9933;5;9937;28;;;9930.0;0.0
yf_ZS=F_d10;35300;INTARIAN_PEPPER_ROOT;11982;15;11980;17;;;11994;18;11996;19;;;11988.0;0.0
yf_ZS=F_d10;35400;ASH_COATED_OSMIUM;9927;8;9924;28;;;9933;17;9937;30;;;9930.0;0.0
yf_ZS=F_d10;35400;INTARIAN_PEPPER_ROOT;11979;16;11976;17;;;11997;13;11999;17;;;11988.0;0.0
yf_ZS=F_d10;35500;ASH_COATED_OSMIUM;9927;10;9924;18;;;9933;12;9936;20;;;9930.0;0.0
yf_ZS=F_d10;35500;INTARIAN_PEPPER_ROOT;11984;11;11980;17;;;11992;18;11994;15;;;11988.0;0.0
yf_ZS=F_d10;35600;ASH_COATED_OSMIUM;9926;16;9923;25;;;9935;10;9937;16;;;9930.5;0.0
yf_ZS=F_d10;35600;INTARIAN_PEPPER_ROOT;11982;9;11978;20;;;11995;12;11999;14;;;11988.5;0.0
yf_ZS=F_d10;35700;ASH_COATED_OSMIUM;9925;23;9921;22;;;9935;10;9939;27;;;9930.0;0.0
yf_ZS=F_d10;35700;INTARIAN_PEPPER_ROOT;11983;19;11979;14;;;11993;5;11996;20;;;11988.0;0.0
yf_ZS=F_d10;35800;ASH_COATED_OSMIUM;9927;12;9924;24;;;9933;8;9937;30;;;9930.0;0.0
yf_ZS=F_d10;35800;INTARIAN_PEPPER_ROOT;11981;16;11977;19;;;11996;11;11998;12;;;11988.5;0.0
yf_ZS=F_d10;35900;ASH_COATED_OSMIUM;9927;5;9925;20;;;9933;8;9937;20;;;9930.0;0.0
yf_ZS=F_d10;35900;INTARIAN_PEPPER_ROOT;11984;16;11981;21;;;11993;8;11996;17;;;11988.5;0.0
yf_ZS=F_d10;36000;ASH_COATED_OSMIUM;9925;16;9921;13;;;9936;17;9940;8;;;9930.5;0.0
yf_ZS=F_d10;36000;INTARIAN_PEPPER_ROOT;11985;14;11982;26;;;11991;18;11993;18;;;11988.0;0.0
yf_ZS=F_d10;36100;ASH_COATED_OSMIUM;9927;12;9924;20;;;9933;17;9936;21;;;9930.0;0.0
yf_ZS=F_d10;36100;INTARIAN_PEPPER_ROOT;11985;22;11982;12;;;11991;13;11995;13;;;11988.0;0.0
yf_ZS=F_d10;36200;ASH_COATED_OSMIUM;9928;10;9925;19;;;9934;9;9936;26;;;9931.0;0.0
yf_ZS=F_d10;36200;INTARIAN_PEPPER_ROOT;11984;15;11981;26;;;11993;16;11995;21;;;11988.5;0.0
yf_ZS=F_d10;36300;ASH_COATED_OSMIUM;9920;5;9917;24;;;9941;15;9943;8;;;9930.5;0.0
yf_ZS=F_d10;36300;INTARIAN_PEPPER_ROOT;11984;8;11981;10;;;11993;14;11995;25;;;11988.5;0.0
yf_ZS=F_d10;36400;ASH_COATED_OSMIUM;9927;17;9924;20;;;9933;12;9937;15;;;9930.0;0.0
yf_ZS=F_d10;36400;INTARIAN_PEPPER_ROOT;11976;18;11972;18;;;12002;21;12006;15;;;11989.0;0.0
yf_ZS=F_d10;36500;ASH_COATED_OSMIUM;9927;21;9923;21;;;9933;16;9937;22;;;9930.0;0.0
yf_ZS=F_d10;36500;INTARIAN_PEPPER_ROOT;11985;12;11981;20;;;11993;18;11996;14;;;11989.0;0.0
yf_ZS=F_d10;36600;ASH_COATED_OSMIUM;9927;17;9925;13;;;9933;22;9937;20;;;9930.0;0.0
yf_ZS=F_d10;36600;INTARIAN_PEPPER_ROOT;11979;12;11976;16;;;11999;18;12002;20;;;11989.0;0.0
yf_ZS=F_d10;36700;ASH_COATED_OSMIUM;9928;19;9924;24;;;9934;9;9936;15;;;9931.0;0.0
yf_ZS=F_d10;36700;INTARIAN_PEPPER_ROOT;11985;5;11982;19;;;11993;17;11997;22;;;11989.0;0.0
yf_ZS=F_d10;36800;ASH_COATED_OSMIUM;9924;20;9920;28;;;9939;18;9942;15;;;9931.5;0.0
yf_ZS=F_d10;36800;INTARIAN_PEPPER_ROOT;11987;14;11985;8;;;11993;17;11997;22;;;11990.0;0.0
yf_ZS=F_d10;36900;ASH_COATED_OSMIUM;9928;21;9926;25;;;9934;16;9937;18;;;9931.0;0.0
yf_ZS=F_d10;36900;INTARIAN_PEPPER_ROOT;11984;6;11981;13;;;11994;19;11996;19;;;11989.0;0.0
yf_ZS=F_d10;37000;ASH_COATED_OSMIUM;9927;12;9925;21;;;9935;12;9939;18;;;9931.0;0.0
yf_ZS=F_d10;37000;INTARIAN_PEPPER_ROOT;11978;14;11974;18;;;12000;10;12002;18;;;11989.0;0.0
yf_ZS=F_d10;37100;ASH_COATED_OSMIUM;9928;14;9926;26;;;9934;11;9937;26;;;9931.0;0.0
yf_ZS=F_d10;37100;INTARIAN_PEPPER_ROOT;11984;23;11980;12;;;11995;5;11997;21;;;11989.5;0.0
yf_ZS=F_d10;37200;ASH_COATED_OSMIUM;9925;18;9921;18;;;9936;13;9939;21;;;9930.5;0.0
yf_ZS=F_d10;37200;INTARIAN_PEPPER_ROOT;11986;24;11983;16;;;11992;13;11996;22;;;11989.0;0.0
yf_ZS=F_d10;37300;ASH_COATED_OSMIUM;9928;8;9926;19;;;9934;11;9937;13;;;9931.0;0.0
yf_ZS=F_d10;37300;INTARIAN_PEPPER_ROOT;11986;17;11982;10;;;11992;16;11996;20;;;11989.0;0.0
yf_ZS=F_d10;37400;ASH_COATED_OSMIUM;9928;14;9925;17;;;9935;16;9937;17;;;9931.5;0.0
yf_ZS=F_d10;37400;INTARIAN_PEPPER_ROOT;11982;14;11979;30;;;11998;17;12002;18;;;11990.0;0.0
yf_ZS=F_d10;37500;ASH_COATED_OSMIUM;9928;12;9925;31;;;9934;7;9938;25;;;9931.0;0.0
yf_ZS=F_d10;37500;INTARIAN_PEPPER_ROOT;11986;18;11983;21;;;11994;20;11997;21;;;11990.0;0.0
yf_ZS=F_d10;37600;ASH_COATED_OSMIUM;9926;16;9924;23;;;9936;19;9938;20;;;9931.0;0.0
yf_ZS=F_d10;37600;INTARIAN_PEPPER_ROOT;11982;24;11978;19;;;11998;7;12000;20;;;11990.0;0.0
yf_ZS=F_d10;37700;ASH_COATED_OSMIUM;9928;20;9924;11;;;9934;17;9938;9;;;9931.0;0.0
yf_ZS=F_d10;37700;INTARIAN_PEPPER_ROOT;11987;15;11983;20;;;11993;7;11997;23;;;11990.0;0.0
yf_ZS=F_d10;37800;ASH_COATED_OSMIUM;9922;12;9918;25;;;9940;20;9942;24;;;9931.0;0.0
yf_ZS=F_d10;37800;INTARIAN_PEPPER_ROOT;11987;16;11983;22;;;11993;6;11995;19;;;11990.0;0.0
yf_ZS=F_d10;37900;ASH_COATED_OSMIUM;9928;14;9924;21;;;9934;15;9937;23;;;9931.0;0.0
yf_ZS=F_d10;37900;INTARIAN_PEPPER_ROOT;11986;9;11982;19;;;11994;15;11998;22;;;11990.0;0.0
yf_ZS=F_d10;38000;ASH_COATED_OSMIUM;9928;21;9926;18;;;9934;11;9936;11;;;9931.0;0.0
yf_ZS=F_d10;38000;INTARIAN_PEPPER_ROOT;11985;15;11982;20;;;11995;14;11999;25;;;11990.0;0.0
yf_ZS=F_d10;38100;ASH_COATED_OSMIUM;9929;10;9927;18;;;9935;16;9938;23;;;9932.0;0.0
yf_ZS=F_d10;38100;INTARIAN_PEPPER_ROOT;11980;19;11977;10;;;12001;20;12004;16;;;11990.5;0.0
yf_ZS=F_d10;38200;ASH_COATED_OSMIUM;9928;23;9924;16;;;9934;14;9937;24;;;9931.0;0.0
yf_ZS=F_d10;38200;INTARIAN_PEPPER_ROOT;11988;15;11984;17;;;11994;8;11997;20;;;11991.0;0.0
yf_ZS=F_d10;38300;ASH_COATED_OSMIUM;9926;19;9922;11;;;9936;11;9938;19;;;9931.0;0.0
yf_ZS=F_d10;38300;INTARIAN_PEPPER_ROOT;11987;20;11984;18;;;11994;14;11997;22;;;11990.5;0.0
yf_ZS=F_d10;38400;ASH_COATED_OSMIUM;9924;12;9921;20;;;9938;12;9940;12;;;9931.0;0.0
yf_ZS=F_d10;38400;INTARIAN_PEPPER_ROOT;11986;16;11983;23;;;11995;11;11997;20;;;11990.5;0.0
yf_ZS=F_d10;38500;ASH_COATED_OSMIUM;9928;12;9925;10;;;9936;8;9940;22;;;9932.0;0.0
yf_ZS=F_d10;38500;INTARIAN_PEPPER_ROOT;11988;5;11984;15;;;11994;12;11998;23;;;11991.0;0.0
yf_ZS=F_d10;38600;ASH_COATED_OSMIUM;9928;23;9925;23;;;9934;25;9936;18;;;9931.0;0.0
yf_ZS=F_d10;38600;INTARIAN_PEPPER_ROOT;11984;10;11982;16;;;11998;12;12001;26;;;11991.0;0.0
yf_ZS=F_d10;38700;ASH_COATED_OSMIUM;9924;17;9922;32;;;9940;9;9943;20;;;9932.0;0.0
yf_ZS=F_d10;38700;INTARIAN_PEPPER_ROOT;11988;11;11986;24;;;11994;18;11996;13;;;11991.0;0.0
yf_ZS=F_d10;38800;ASH_COATED_OSMIUM;9929;15;9925;15;;;9935;9;9937;11;;;9932.0;0.0
yf_ZS=F_d10;38800;INTARIAN_PEPPER_ROOT;11987;19;11983;11;;;11995;14;11998;19;;;11991.0;0.0
yf_ZS=F_d10;38900;ASH_COATED_OSMIUM;9929;28;9925;10;;;9935;11;9939;21;;;9932.0;0.0
yf_ZS=F_d10;38900;INTARIAN_PEPPER_ROOT;11989;11;11987;20;;;11995;16;11999;15;;;11992.0;0.0
yf_ZS=F_d10;39000;ASH_COATED_OSMIUM;9930;15;9928;17;;;9936;11;9938;23;;;9933.0;0.0
yf_ZS=F_d10;39000;INTARIAN_PEPPER_ROOT;11981;22;11978;26;;;12002;19;12004;18;;;11991.5;0.0
yf_ZS=F_d10;39100;ASH_COATED_OSMIUM;9929;19;9925;15;;;9935;14;9938;18;;;9932.0;0.0
yf_ZS=F_d10;39100;INTARIAN_PEPPER_ROOT;11981;22;11977;21;;;12002;16;12006;14;;;11991.5;0.0
yf_ZS=F_d10;39200;ASH_COATED_OSMIUM;9929;20;9927;30;;;9935;17;9939;12;;;9932.0;0.0
yf_ZS=F_d10;39200;INTARIAN_PEPPER_ROOT;11984;17;11980;18;;;11998;16;12001;14;;;11991.0;0.0
yf_ZS=F_d10;39300;ASH_COATED_OSMIUM;9929;15;9926;16;;;9935;17;9937;11;;;9932.0;0.0
yf_ZS=F_d10;39300;INTARIAN_PEPPER_ROOT;11989;10;11987;20;;;11995;19;11997;23;;;11992.0;0.0
yf_ZS=F_d10;39400;ASH_COATED_OSMIUM;9923;10;9921;25;;;9941;15;9945;20;;;9932.0;0.0
yf_ZS=F_d10;39400;INTARIAN_PEPPER_ROOT;11988;5;11984;22;;;11994;12;11998;21;;;11991.0;0.0
yf_ZS=F_d10;39500;ASH_COATED_OSMIUM;9929;8;9927;20;;;9935;13;9937;20;;;9932.0;0.0
yf_ZS=F_d10;39500;INTARIAN_PEPPER_ROOT;11989;14;11987;21;;;11995;16;11997;13;;;11992.0;0.0
yf_ZS=F_d10;39600;ASH_COATED_OSMIUM;9929;13;9926;25;;;9935;16;9937;18;;;9932.0;0.0
yf_ZS=F_d10;39600;INTARIAN_PEPPER_ROOT;11980;18;11976;24;;;12004;13;12007;25;;;11992.0;0.0
yf_ZS=F_d10;39700;ASH_COATED_OSMIUM;9926;13;9922;25;;;9938;14;9942;12;;;9932.0;0.0
yf_ZS=F_d10;39700;INTARIAN_PEPPER_ROOT;11990;19;11987;19;;;11996;23;11998;13;;;11993.0;0.0
yf_ZS=F_d10;39800;ASH_COATED_OSMIUM;9929;10;9926;21;;;9935;12;9938;23;;;9932.0;0.0
yf_ZS=F_d10;39800;INTARIAN_PEPPER_ROOT;11984;16;11981;24;;;11999;16;12003;19;;;11991.5;0.0
yf_ZS=F_d10;39900;ASH_COATED_OSMIUM;9925;9;9922;9;;;9938;15;9941;26;;;9931.5;0.0
yf_ZS=F_d10;39900;INTARIAN_PEPPER_ROOT;11989;13;11987;23;;;11996;21;11999;26;;;11992.5;0.0
yf_ZS=F_d10;40000;ASH_COATED_OSMIUM;9929;12;9926;18;;;9935;15;9939;19;;;9932.0;0.0
yf_ZS=F_d10;40000;INTARIAN_PEPPER_ROOT;11987;11;11983;23;;;11996;7;11999;18;;;11991.5;0.0
yf_ZS=F_d10;40100;ASH_COATED_OSMIUM;9929;18;9926;18;;;9935;10;9938;25;;;9932.0;0.0
yf_ZS=F_d10;40100;INTARIAN_PEPPER_ROOT;11989;17;11987;18;;;11995;22;11997;14;;;11992.0;0.0
yf_ZS=F_d10;40200;ASH_COATED_OSMIUM;9929;8;9925;14;;;9936;14;9939;13;;;9932.5;0.0
yf_ZS=F_d10;40200;INTARIAN_PEPPER_ROOT;11990;19;11988;11;;;11996;14;11998;12;;;11993.0;0.0
yf_ZS=F_d10;40300;ASH_COATED_OSMIUM;9929;6;9926;10;;;9935;23;9939;20;;;9932.0;0.0
yf_ZS=F_d10;40300;INTARIAN_PEPPER_ROOT;11989;12;11985;24;;;11995;8;11999;20;;;11992.0;0.0
yf_ZS=F_d10;40400;ASH_COATED_OSMIUM;9930;14;9928;26;;;9936;18;9938;19;;;9933.0;0.0
yf_ZS=F_d10;40400;INTARIAN_PEPPER_ROOT;11987;14;11983;21;;;11999;15;12003;17;;;11993.0;0.0
yf_ZS=F_d10;40500;ASH_COATED_OSMIUM;9929;14;9927;27;;;9935;25;9939;14;;;9932.0;0.0
yf_ZS=F_d10;40500;INTARIAN_PEPPER_ROOT;11990;19;11986;23;;;11996;24;11999;17;;;11993.0;0.0
yf_ZS=F_d10;40600;ASH_COATED_OSMIUM;9925;13;9922;26;;;9941;6;9943;25;;;9933.0;0.0
yf_ZS=F_d10;40600;INTARIAN_PEPPER_ROOT;11990;12;11987;18;;;11996;12;11999;18;;;11993.0;0.0
yf_ZS=F_d10;40700;ASH_COATED_OSMIUM;9930;8;9928;16;;;9936;15;9940;16;;;9933.0;0.0
yf_ZS=F_d10;40700;INTARIAN_PEPPER_ROOT;11988;15;11984;24;;;11998;11;12002;16;;;11993.0;0.0
yf_ZS=F_d10;40800;ASH_COATED_OSMIUM;9930;17;9926;14;;;9936;21;9938;24;;;9933.0;0.0
yf_ZS=F_d10;40800;INTARIAN_PEPPER_ROOT;11989;21;11987;20;;;11995;19;11998;10;;;11992.0;0.0
yf_ZS=F_d10;40900;ASH_COATED_OSMIUM;9930;12;9926;15;;;9936;19;9940;16;;;9933.0;0.0
yf_ZS=F_d10;40900;INTARIAN_PEPPER_ROOT;11990;9;11988;29;;;11996;11;11999;25;;;11993.0;0.0
yf_ZS=F_d10;41000;ASH_COATED_OSMIUM;9930;22;9926;18;;;9936;14;9938;27;;;9933.0;0.0
yf_ZS=F_d10;41000;INTARIAN_PEPPER_ROOT;11990;14;11986;22;;;11996;15;11999;14;;;11993.0;0.0
yf_ZS=F_d10;41100;ASH_COATED_OSMIUM;9930;15;9928;27;;;9936;9;9938;25;;;9933.0;0.0
yf_ZS=F_d10;41100;INTARIAN_PEPPER_ROOT;11990;14;11986;20;;;11997;10;12000;23;;;11993.5;0.0
yf_ZS=F_d10;41200;ASH_COATED_OSMIUM;9930;16;9926;15;;;9936;14;9940;27;;;9933.0;0.0
yf_ZS=F_d10;41200;INTARIAN_PEPPER_ROOT;11990;18;11986;23;;;11997;20;12001;23;;;11993.5;0.0
yf_ZS=F_d10;41300;ASH_COATED_OSMIUM;9929;18;9926;21;;;9935;9;9938;17;;;9932.0;0.0
yf_ZS=F_d10;41300;INTARIAN_PEPPER_ROOT;11980;15;11978;24;;;12006;11;12008;22;;;11993.0;0.0
yf_ZS=F_d10;41400;ASH_COATED_OSMIUM;9929;23;9927;8;;;9935;7;9939;24;;;9932.0;0.0
yf_ZS=F_d10;41400;INTARIAN_PEPPER_ROOT;11990;12;11988;24;;;11996;26;12000;18;;;11993.0;0.0
yf_ZS=F_d10;41500;ASH_COATED_OSMIUM;9928;12;9925;19;;;9937;18;9939;11;;;9932.5;0.0
yf_ZS=F_d10;41500;INTARIAN_PEPPER_ROOT;11985;13;11982;26;;;12002;24;12004;16;;;11993.5;0.0
yf_ZS=F_d10;41600;ASH_COATED_OSMIUM;9930;12;9926;25;;;9936;12;9939;16;;;9933.0;0.0
yf_ZS=F_d10;41600;INTARIAN_PEPPER_ROOT;11988;8;11985;18;;;12000;5;12002;23;;;11994.0;0.0
yf_ZS=F_d10;41700;ASH_COATED_OSMIUM;9930;9;9928;24;;;9936;9;9939;19;;;9933.0;0.0
yf_ZS=F_d10;41700;INTARIAN_PEPPER_ROOT;11991;21;11987;16;;;11997;22;12001;23;;;11994.0;0.0
yf_ZS=F_d10;41800;ASH_COATED_OSMIUM;9924;18;9920;14;;;9941;10;9943;15;;;9932.5;0.0
yf_ZS=F_d10;41800;INTARIAN_PEPPER_ROOT;11991;21;11987;14;;;11997;12;12000;27;;;11994.0;0.0
yf_ZS=F_d10;41900;ASH_COATED_OSMIUM;9923;7;9919;19;;;9942;15;9946;17;;;9932.5;0.0
yf_ZS=F_d10;41900;INTARIAN_PEPPER_ROOT;11991;21;11989;11;;;11997;6;12000;21;;;11994.0;0.0
yf_ZS=F_d10;42000;ASH_COATED_OSMIUM;9930;15;9928;20;;;9936;24;9939;20;;;9933.0;0.0
yf_ZS=F_d10;42000;INTARIAN_PEPPER_ROOT;11991;17;11988;11;;;11997;10;11999;20;;;11994.0;0.0
yf_ZS=F_d10;42100;ASH_COATED_OSMIUM;9930;9;9927;25;;;9936;22;9940;12;;;9933.0;0.0
yf_ZS=F_d10;42100;INTARIAN_PEPPER_ROOT;11989;20;11986;28;;;12000;19;12003;21;;;11994.5;0.0
yf_ZS=F_d10;42200;ASH_COATED_OSMIUM;9928;13;9925;22;;;9939;24;9942;15;;;9933.5;0.0
yf_ZS=F_d10;42200;INTARIAN_PEPPER_ROOT;11992;24;11988;17;;;11998;18;12000;22;;;11995.0;0.0
yf_ZS=F_d10;42300;ASH_COATED_OSMIUM;9927;13;9925;11;;;9941;19;9943;23;;;9934.0;0.0
yf_ZS=F_d10;42300;INTARIAN_PEPPER_ROOT;11992;22;11988;20;;;11998;7;12000;23;;;11995.0;0.0
yf_ZS=F_d10;42400;ASH_COATED_OSMIUM;9930;16;9927;13;;;9936;11;9939;25;;;9933.0;0.0
yf_ZS=F_d10;42400;INTARIAN_PEPPER_ROOT;11991;21;11987;25;;;11997;6;11999;21;;;11994.0;0.0
yf_ZS=F_d10;42500;ASH_COATED_OSMIUM;9930;11;9928;13;;;9938;20;9942;10;;;9934.0;0.0
yf_ZS=F_d10;42500;INTARIAN_PEPPER_ROOT;11991;17;11987;16;;;11997;19;12001;20;;;11994.0;0.0
yf_ZS=F_d10;42600;ASH_COATED_OSMIUM;9930;15;9926;18;;;9936;15;9939;17;;;9933.0;0.0
yf_ZS=F_d10;42600;INTARIAN_PEPPER_ROOT;11990;5;11988;22;;;11999;14;12001;15;;;11994.5;0.0
yf_ZS=F_d10;42700;ASH_COATED_OSMIUM;9930;30;9928;21;;;9936;19;9938;14;;;9933.0;0.0
yf_ZS=F_d10;42700;INTARIAN_PEPPER_ROOT;11991;16;11988;11;;;11997;5;11999;22;;;11994.0;0.0
yf_ZS=F_d10;42800;ASH_COATED_OSMIUM;9930;17;9926;27;;;9936;18;9940;19;;;9933.0;0.0
yf_ZS=F_d10;42800;INTARIAN_PEPPER_ROOT;11992;6;11990;24;;;11998;15;12001;21;;;11995.0;0.0
yf_ZS=F_d10;42900;ASH_COATED_OSMIUM;9931;13;9928;29;;;9937;15;9939;13;;;9934.0;0.0
yf_ZS=F_d10;42900;INTARIAN_PEPPER_ROOT;11992;24;11989;20;;;11998;18;12000;17;;;11995.0;0.0
yf_ZS=F_d10;43000;ASH_COATED_OSMIUM;9931;19;9929;20;;;9937;22;9939;18;;;9934.0;0.0
yf_ZS=F_d10;43000;INTARIAN_PEPPER_ROOT;11987;14;11984;24;;;12003;22;12005;20;;;11995.0;0.0
yf_ZS=F_d10;43100;ASH_COATED_OSMIUM;9931;13;9927;32;;;9937;5;9939;8;;;9934.0;0.0
yf_ZS=F_d10;43100;INTARIAN_PEPPER_ROOT;11990;9;11987;8;;;12001;21;12005;16;;;11995.5;0.0
yf_ZS=F_d10;43200;ASH_COATED_OSMIUM;9931;12;9927;18;;;9937;13;9941;16;;;9934.0;0.0
yf_ZS=F_d10;43200;INTARIAN_PEPPER_ROOT;11989;18;11987;28;;;12002;22;12005;26;;;11995.5;0.0
yf_ZS=F_d10;43300;ASH_COATED_OSMIUM;9928;20;9925;13;;;9939;16;9942;17;;;9933.5;0.0
yf_ZS=F_d10;43300;INTARIAN_PEPPER_ROOT;11992;17;11988;20;;;11998;9;12000;16;;;11995.0;0.0
yf_ZS=F_d10;43400;ASH_COATED_OSMIUM;9930;13;9927;10;;;9936;8;9939;18;;;9933.0;0.0
yf_ZS=F_d10;43400;INTARIAN_PEPPER_ROOT;11992;22;11989;15;;;11998;7;12002;25;;;11995.0;0.0
yf_ZS=F_d10;43500;ASH_COATED_OSMIUM;9931;20;9928;17;;;9937;19;9939;17;;;9934.0;0.0
yf_ZS=F_d10;43500;INTARIAN_PEPPER_ROOT;11989;17;11987;22;;;12002;16;12006;18;;;11995.5;0.0
yf_ZS=F_d10;43600;ASH_COATED_OSMIUM;9930;15;9927;20;;;9938;19;9940;18;;;9934.0;0.0
yf_ZS=F_d10;43600;INTARIAN_PEPPER_ROOT;11992;22;11989;14;;;11998;13;12002;22;;;11995.0;0.0
yf_ZS=F_d10;43700;ASH_COATED_OSMIUM;9927;27;9925;17;;;9940;16;9942;21;;;9933.5;0.0
yf_ZS=F_d10;43700;INTARIAN_PEPPER_ROOT;11991;18;11987;22;;;11999;26;12003;23;;;11995.0;0.0
yf_ZS=F_d10;43800;ASH_COATED_OSMIUM;9928;18;9924;12;;;9940;10;9944;13;;;9934.0;0.0
yf_ZS=F_d10;43800;INTARIAN_PEPPER_ROOT;11990;9;11988;20;;;12001;17;12004;20;;;11995.5;0.0
yf_ZS=F_d10;43900;ASH_COATED_OSMIUM;9929;18;9927;13;;;9941;18;9945;16;;;9935.0;0.0
yf_ZS=F_d10;43900;INTARIAN_PEPPER_ROOT;11993;5;11990;21;;;11999;17;12001;29;;;11996.0;0.0
yf_ZS=F_d10;44000;ASH_COATED_OSMIUM;9922;6;9919;25;;;9945;15;9948;17;;;9933.5;0.0
yf_ZS=F_d10;44000;INTARIAN_PEPPER_ROOT;11992;22;11990;16;;;12000;19;12003;27;;;11996.0;0.0
yf_ZS=F_d10;44100;ASH_COATED_OSMIUM;9931;16;9929;13;;;9937;20;9940;18;;;9934.0;0.0
yf_ZS=F_d10;44100;INTARIAN_PEPPER_ROOT;11990;11;11987;20;;;12002;11;12006;19;;;11996.0;0.0
yf_ZS=F_d10;44200;ASH_COATED_OSMIUM;9931;19;9927;15;;;9937;13;9941;20;;;9934.0;0.0
yf_ZS=F_d10;44200;INTARIAN_PEPPER_ROOT;11991;21;11987;19;;;12002;16;12005;14;;;11996.5;0.0
yf_ZS=F_d10;44300;ASH_COATED_OSMIUM;9929;14;9926;8;;;9942;15;9945;25;;;9935.5;0.0
yf_ZS=F_d10;44300;INTARIAN_PEPPER_ROOT;11986;15;11983;17;;;12007;23;12009;13;;;11996.5;0.0
yf_ZS=F_d10;44400;ASH_COATED_OSMIUM;9931;16;9927;20;;;9937;13;9940;20;;;9934.0;0.0
yf_ZS=F_d10;44400;INTARIAN_PEPPER_ROOT;11993;20;11989;18;;;11999;13;12002;13;;;11996.0;0.0
yf_ZS=F_d10;44500;ASH_COATED_OSMIUM;9932;8;9929;15;;;9938;20;9940;19;;;9935.0;0.0
yf_ZS=F_d10;44500;INTARIAN_PEPPER_ROOT;11992;10;11989;22;;;12001;13;12004;20;;;11996.5;0.0
yf_ZS=F_d10;44600;ASH_COATED_OSMIUM;9930;8;9927;28;;;9938;19;9940;21;;;9934.0;0.0
yf_ZS=F_d10;44600;INTARIAN_PEPPER_ROOT;11993;19;11989;15;;;11999;25;12002;20;;;11996.0;0.0
yf_ZS=F_d10;44700;ASH_COATED_OSMIUM;9932;19;9928;19;;;9938;21;9940;17;;;9935.0;0.0
yf_ZS=F_d10;44700;INTARIAN_PEPPER_ROOT;11994;19;11990;15;;;12000;14;12002;22;;;11997.0;0.0
yf_ZS=F_d10;44800;ASH_COATED_OSMIUM;9927;18;9924;25;;;9942;13;9946;26;;;9934.5;0.0
yf_ZS=F_d10;44800;INTARIAN_PEPPER_ROOT;11989;16;11985;17;;;12005;20;12009;11;;;11997.0;0.0
yf_ZS=F_d10;44900;ASH_COATED_OSMIUM;9931;10;9928;11;;;9938;19;9941;20;;;9934.5;0.0
yf_ZS=F_d10;44900;INTARIAN_PEPPER_ROOT;11986;20;11982;10;;;12007;21;12009;21;;;11996.5;0.0
yf_ZS=F_d10;45000;ASH_COATED_OSMIUM;9918;14;9916;17;;;9951;16;9955;17;;;9934.5;0.0
yf_ZS=F_d10;45000;INTARIAN_PEPPER_ROOT;11994;20;11990;15;;;12000;13;12003;25;;;11997.0;0.0
yf_ZS=F_d10;45100;ASH_COATED_OSMIUM;9927;16;9923;18;;;9942;18;9945;16;;;9934.5;0.0
yf_ZS=F_d10;45100;INTARIAN_PEPPER_ROOT;11987;10;11983;12;;;12007;6;12010;23;;;11997.0;0.0
yf_ZS=F_d10;45200;ASH_COATED_OSMIUM;9931;5;9927;24;;;9937;16;9941;23;;;9934.0;0.0
yf_ZS=F_d10;45200;INTARIAN_PEPPER_ROOT;11994;21;11992;14;;;12000;15;12004;15;;;11997.0;0.0
yf_ZS=F_d10;45300;ASH_COATED_OSMIUM;9931;15;9929;15;;;9937;9;9941;18;;;9934.0;0.0
yf_ZS=F_d10;45300;INTARIAN_PEPPER_ROOT;11994;5;11992;21;;;12000;19;12004;31;;;11997.0;0.0
yf_ZS=F_d10;45400;ASH_COATED_OSMIUM;9932;24;9930;15;;;9938;9;9940;15;;;9935.0;0.0
yf_ZS=F_d10;45400;INTARIAN_PEPPER_ROOT;11994;14;11991;24;;;12000;12;12004;27;;;11997.0;0.0
yf_ZS=F_d10;45500;ASH_COATED_OSMIUM;9931;10;9928;25;;;9937;12;9939;20;;;9934.0;0.0
yf_ZS=F_d10;45500;INTARIAN_PEPPER_ROOT;11994;5;11992;18;;;12000;11;12004;26;;;11997.0;0.0
yf_ZS=F_d10;45600;ASH_COATED_OSMIUM;9932;17;9928;23;;;9938;7;9941;22;;;9935.0;0.0
yf_ZS=F_d10;45600;INTARIAN_PEPPER_ROOT;11994;11;11990;23;;;12000;14;12004;25;;;11997.0;0.0
yf_ZS=F_d10;45700;ASH_COATED_OSMIUM;9932;17;9928;20;;;9938;7;9942;28;;;9935.0;0.0
yf_ZS=F_d10;45700;INTARIAN_PEPPER_ROOT;11995;6;11993;23;;;12001;10;12003;23;;;11998.0;0.0
yf_ZS=F_d10;45800;ASH_COATED_OSMIUM;9932;5;9930;25;;;9938;18;9940;17;;;9935.0;0.0
yf_ZS=F_d10;45800;INTARIAN_PEPPER_ROOT;11995;22;11992;20;;;12001;22;12003;9;;;11998.0;0.0
yf_ZS=F_d10;45900;ASH_COATED_OSMIUM;9923;21;9921;20;;;9949;12;9951;16;;;9936.0;0.0
yf_ZS=F_d10;45900;INTARIAN_PEPPER_ROOT;11985;19;11982;23;;;12010;20;12014;15;;;11997.5;0.0
yf_ZS=F_d10;46000;ASH_COATED_OSMIUM;9932;17;9930;24;;;9938;18;9942;28;;;9935.0;0.0
yf_ZS=F_d10;46000;INTARIAN_PEPPER_ROOT;11990;23;11987;34;;;12005;19;12009;20;;;11997.5;0.0
yf_ZS=F_d10;46100;ASH_COATED_OSMIUM;9931;17;9928;26;;;9938;16;9940;28;;;9934.5;0.0
yf_ZS=F_d10;46100;INTARIAN_PEPPER_ROOT;11992;7;11989;23;;;12003;22;12005;22;;;11997.5;0.0
yf_ZS=F_d10;46200;ASH_COATED_OSMIUM;9925;19;9923;8;;;9946;10;9949;16;;;9935.5;0.0
yf_ZS=F_d10;46200;INTARIAN_PEPPER_ROOT;11995;5;11992;24;;;12001;5;12005;18;;;11998.0;0.0
yf_ZS=F_d10;46300;ASH_COATED_OSMIUM;9932;15;9930;15;;;9938;19;9942;26;;;9935.0;0.0
yf_ZS=F_d10;46300;INTARIAN_PEPPER_ROOT;11995;15;11991;15;;;12001;23;12003;20;;;11998.0;0.0
yf_ZS=F_d10;46400;ASH_COATED_OSMIUM;9932;18;9929;32;;;9938;25;9940;14;;;9935.0;0.0
yf_ZS=F_d10;46400;INTARIAN_PEPPER_ROOT;11995;18;11993;19;;;12001;8;12003;9;;;11998.0;0.0
yf_ZS=F_d10;46500;ASH_COATED_OSMIUM;9921;11;9919;13;;;9949;9;9951;21;;;9935.0;0.0
yf_ZS=F_d10;46500;INTARIAN_PEPPER_ROOT;11992;11;11990;18;;;12006;15;12009;26;;;11999.0;0.0
yf_ZS=F_d10;46600;ASH_COATED_OSMIUM;9932;14;9928;21;;;9938;14;9941;22;;;9935.0;0.0
yf_ZS=F_d10;46600;INTARIAN_PEPPER_ROOT;11995;18;11992;30;;;12001;11;12003;24;;;11998.0;0.0
yf_ZS=F_d10;46700;ASH_COATED_OSMIUM;9932;14;9930;13;;;9938;20;9940;20;;;9935.0;0.0
yf_ZS=F_d10;46700;INTARIAN_PEPPER_ROOT;11995;10;11991;26;;;12001;16;12003;13;;;11998.0;0.0
yf_ZS=F_d10;46800;ASH_COATED_OSMIUM;9931;19;9929;23;;;9939;21;9943;23;;;9935.0;0.0
yf_ZS=F_d10;46800;INTARIAN_PEPPER_ROOT;11996;19;11992;16;;;12002;18;12004;22;;;11999.0;0.0
yf_ZS=F_d10;46900;ASH_COATED_OSMIUM;9932;19;9929;22;;;9938;6;9942;19;;;9935.0;0.0
yf_ZS=F_d10;46900;INTARIAN_PEPPER_ROOT;11996;8;11993;20;;;12002;17;12004;13;;;11999.0;0.0
yf_ZS=F_d10;47000;ASH_COATED_OSMIUM;9932;14;9930;24;;;9938;13;9942;18;;;9935.0;0.0
yf_ZS=F_d10;47000;INTARIAN_PEPPER_ROOT;11995;10;11992;23;;;12001;16;12005;17;;;11998.0;0.0
yf_ZS=F_d10;47100;ASH_COATED_OSMIUM;9931;21;9928;16;;;9940;20;9942;23;;;9935.5;0.0
yf_ZS=F_d10;47100;INTARIAN_PEPPER_ROOT;11991;14;11989;22;;;12006;11;12009;18;;;11998.5;0.0
yf_ZS=F_d10;47200;ASH_COATED_OSMIUM;9932;6;9930;23;;;9938;26;9940;22;;;9935.0;0.0
yf_ZS=F_d10;47200;INTARIAN_PEPPER_ROOT;11994;16;11991;17;;;12002;17;12005;25;;;11998.0;0.0
yf_ZS=F_d10;47300;ASH_COATED_OSMIUM;9933;25;9931;28;;;9939;15;9942;22;;;9936.0;0.0
yf_ZS=F_d10;47300;INTARIAN_PEPPER_ROOT;11996;18;11994;15;;;12002;17;12006;12;;;11999.0;0.0
yf_ZS=F_d10;47400;ASH_COATED_OSMIUM;9921;11;9919;19;;;9951;12;9954;28;;;9936.0;0.0
yf_ZS=F_d10;47400;INTARIAN_PEPPER_ROOT;11993;17;11991;11;;;12004;12;12008;20;;;11998.5;0.0
yf_ZS=F_d10;47500;ASH_COATED_OSMIUM;9928;13;9926;16;;;9944;17;9947;12;;;9936.0;0.0
yf_ZS=F_d10;47500;INTARIAN_PEPPER_ROOT;11990;5;11986;24;;;12009;5;12011;22;;;11999.5;0.0
yf_ZS=F_d10;47600;ASH_COATED_OSMIUM;9933;16;9930;21;;;9939;14;9943;22;;;9936.0;0.0
yf_ZS=F_d10;47600;INTARIAN_PEPPER_ROOT;11995;17;11993;26;;;12005;17;12008;22;;;12000.0;0.0
yf_ZS=F_d10;47700;ASH_COATED_OSMIUM;9929;12;9926;28;;;9942;22;9945;18;;;9935.5;0.0
yf_ZS=F_d10;47700;INTARIAN_PEPPER_ROOT;11992;21;11988;16;;;12006;9;12010;24;;;11999.0;0.0
yf_ZS=F_d10;47800;ASH_COATED_OSMIUM;9932;9;9928;21;;;9938;15;9941;16;;;9935.0;0.0
yf_ZS=F_d10;47800;INTARIAN_PEPPER_ROOT;11994;13;11990;17;;;12004;10;12008;20;;;11999.0;0.0
yf_ZS=F_d10;47900;ASH_COATED_OSMIUM;9930;16;9928;24;;;9941;13;9943;17;;;9935.5;0.0
yf_ZS=F_d10;47900;INTARIAN_PEPPER_ROOT;11997;18;11995;23;;;12003;10;12007;19;;;12000.0;0.0
yf_ZS=F_d10;48000;ASH_COATED_OSMIUM;9933;21;9930;14;;;9939;24;9941;24;;;9936.0;0.0
yf_ZS=F_d10;48000;INTARIAN_PEPPER_ROOT;11983;11;11981;14;;;12016;18;12018;12;;;11999.5;0.0
yf_ZS=F_d10;48100;ASH_COATED_OSMIUM;9933;15;9929;26;;;9939;17;9942;17;;;9936.0;0.0
yf_ZS=F_d10;48100;INTARIAN_PEPPER_ROOT;11997;7;11995;14;;;12003;13;12006;19;;;12000.0;0.0
yf_ZS=F_d10;48200;ASH_COATED_OSMIUM;9931;21;9928;16;;;9940;16;9943;26;;;9935.5;0.0
yf_ZS=F_d10;48200;INTARIAN_PEPPER_ROOT;11977;7;11975;23;;;12022;21;12024;10;;;11999.5;0.0
yf_ZS=F_d10;48300;ASH_COATED_OSMIUM;9929;24;9925;20;;;9942;20;9944;8;;;9935.5;0.0
yf_ZS=F_d10;48300;INTARIAN_PEPPER_ROOT;11997;16;11995;18;;;12003;11;12006;26;;;12000.0;0.0
yf_ZS=F_d10;48400;ASH_COATED_OSMIUM;9931;16;9929;24;;;9941;13;9944;31;;;9936.0;0.0
yf_ZS=F_d10;48400;INTARIAN_PEPPER_ROOT;11994;11;11991;24;;;12006;19;12009;14;;;12000.0;0.0
yf_ZS=F_d10;48500;ASH_COATED_OSMIUM;9933;22;9930;14;;;9939;14;9941;20;;;9936.0;0.0
yf_ZS=F_d10;48500;INTARIAN_PEPPER_ROOT;11997;17;11993;16;;;12003;16;12005;22;;;12000.0;0.0
yf_ZS=F_d10;48600;ASH_COATED_OSMIUM;9933;15;9930;13;;;9939;15;9941;25;;;9936.0;0.0
yf_ZS=F_d10;48600;INTARIAN_PEPPER_ROOT;11990;8;11986;20;;;12010;5;12013;26;;;12000.0;0.0
yf_ZS=F_d10;48700;ASH_COATED_OSMIUM;9934;19;9932;24;;;9940;5;9942;25;;;9937.0;0.0
yf_ZS=F_d10;48700;INTARIAN_PEPPER_ROOT;11997;22;11993;25;;;12003;21;12005;18;;;12000.0;0.0
yf_ZS=F_d10;48800;ASH_COATED_OSMIUM;9933;18;9931;16;;;9939;8;9942;16;;;9936.0;0.0
yf_ZS=F_d10;48800;INTARIAN_PEPPER_ROOT;11998;6;11994;24;;;12004;17;12007;20;;;12001.0;0.0
yf_ZS=F_d10;48900;ASH_COATED_OSMIUM;9930;12;9926;21;;;9942;11;9946;21;;;9936.0;0.0
yf_ZS=F_d10;48900;INTARIAN_PEPPER_ROOT;11997;15;11993;17;;;12003;24;12005;18;;;12000.0;0.0
yf_ZS=F_d10;49000;ASH_COATED_OSMIUM;9928;12;9925;14;;;9945;25;9949;25;;;9936.5;0.0
yf_ZS=F_d10;49000;INTARIAN_PEPPER_ROOT;11993;16;11990;15;;;12006;8;12008;20;;;11999.5;0.0
yf_ZS=F_d10;49100;ASH_COATED_OSMIUM;9932;11;9930;21;;;9941;13;9945;21;;;9936.5;0.0
yf_ZS=F_d10;49100;INTARIAN_PEPPER_ROOT;11998;16;11996;22;;;12004;9;12006;20;;;12001.0;0.0
yf_ZS=F_d10;49200;ASH_COATED_OSMIUM;9933;9;9931;17;;;9939;16;9941;15;;;9936.0;0.0
yf_ZS=F_d10;49200;INTARIAN_PEPPER_ROOT;11995;14;11991;15;;;12008;15;12011;13;;;12001.5;0.0
yf_ZS=F_d10;49300;ASH_COATED_OSMIUM;9932;26;9929;20;;;9940;23;9943;19;;;9936.0;0.0
yf_ZS=F_d10;49300;INTARIAN_PEPPER_ROOT;11997;20;11993;20;;;12004;14;12006;18;;;12000.5;0.0
yf_ZS=F_d10;49400;ASH_COATED_OSMIUM;9933;5;9930;26;;;9939;8;9942;17;;;9936.0;0.0
yf_ZS=F_d10;49400;INTARIAN_PEPPER_ROOT;11997;14;11995;26;;;12004;10;12007;20;;;12000.5;0.0
yf_ZS=F_d10;49500;ASH_COATED_OSMIUM;9934;8;9932;21;;;9940;19;9944;19;;;9937.0;0.0
yf_ZS=F_d10;49500;INTARIAN_PEPPER_ROOT;11998;13;11995;20;;;12004;8;12006;16;;;12001.0;0.0
yf_ZS=F_d10;49600;ASH_COATED_OSMIUM;9925;15;9922;20;;;9948;12;9951;12;;;9936.5;0.0
yf_ZS=F_d10;49600;INTARIAN_PEPPER_ROOT;11997;12;11995;22;;;12005;14;12009;23;;;12001.0;0.0
yf_ZS=F_d10;49700;ASH_COATED_OSMIUM;9931;8;9929;15;;;9943;16;9947;19;;;9937.0;0.0
yf_ZS=F_d10;49700;INTARIAN_PEPPER_ROOT;11993;14;11989;20;;;12010;13;12013;14;;;12001.5;0.0
yf_ZS=F_d10;49800;ASH_COATED_OSMIUM;9934;16;9931;18;;;9940;15;9944;22;;;9937.0;0.0
yf_ZS=F_d10;49800;INTARIAN_PEPPER_ROOT;11999;24;11996;26;;;12005;5;12008;23;;;12002.0;0.0
yf_ZS=F_d10;49900;ASH_COATED_OSMIUM;9933;13;9930;14;;;9939;8;9941;20;;;9936.0;0.0
yf_ZS=F_d10;49900;INTARIAN_PEPPER_ROOT;11998;13;11995;24;;;12004;18;12008;29;;;12001.0;0.0
yf_ZS=F_d10;50000;ASH_COATED_OSMIUM;9933;16;9929;12;;;9941;11;9945;22;;;9937.0;0.0
yf_ZS=F_d10;50000;INTARIAN_PEPPER_ROOT;11988;12;11985;22;;;12015;14;12018;19;;;12001.5;0.0
yf_ZS=F_d10;50100;ASH_COATED_OSMIUM;9933;17;9929;19;;;9939;29;9942;25;;;9936.0;0.0
yf_ZS=F_d10;50100;INTARIAN_PEPPER_ROOT;11998;14;11996;13;;;12004;13;12006;17;;;12001.0;0.0
yf_ZS=F_d10;50200;ASH_COATED_OSMIUM;9933;14;9931;22;;;9940;16;9942;21;;;9936.5;0.0
yf_ZS=F_d10;50200;INTARIAN_PEPPER_ROOT;11997;25;11993;15;;;12007;13;12011;16;;;12002.0;0.0
yf_ZS=F_d10;50300;ASH_COATED_OSMIUM;9934;17;9931;25;;;9940;7;9942;26;;;9937.0;0.0
yf_ZS=F_d10;50300;INTARIAN_PEPPER_ROOT;11997;14;11994;18;;;12009;15;12012;27;;;12003.0;0.0
yf_ZS=F_d10;50400;ASH_COATED_OSMIUM;9931;9;9929;13;;;9943;9;9946;12;;;9937.0;0.0
yf_ZS=F_d10;50400;INTARIAN_PEPPER_ROOT;11999;7;11996;18;;;12005;14;12009;24;;;12002.0;0.0
yf_ZS=F_d10;50500;ASH_COATED_OSMIUM;9934;23;9932;20;;;9940;10;9943;19;;;9937.0;0.0
yf_ZS=F_d10;50500;INTARIAN_PEPPER_ROOT;11997;21;11995;21;;;12007;25;12010;32;;;12002.0;0.0
yf_ZS=F_d10;50600;ASH_COATED_OSMIUM;9933;13;9931;10;;;9939;14;9941;25;;;9936.0;0.0
yf_ZS=F_d10;50600;INTARIAN_PEPPER_ROOT;11999;10;11995;17;;;12005;9;12009;19;;;12002.0;0.0
yf_ZS=F_d10;50700;ASH_COATED_OSMIUM;9934;28;9930;26;;;9940;11;9943;19;;;9937.0;0.0
yf_ZS=F_d10;50700;INTARIAN_PEPPER_ROOT;11996;13;11994;23;;;12009;22;12012;20;;;12002.5;0.0
yf_ZS=F_d10;50800;ASH_COATED_OSMIUM;9932;22;9928;24;;;9942;21;9946;16;;;9937.0;0.0
yf_ZS=F_d10;50800;INTARIAN_PEPPER_ROOT;11995;14;11991;13;;;12011;17;12014;22;;;12003.0;0.0
yf_ZS=F_d10;50900;ASH_COATED_OSMIUM;9917;15;9915;20;;;9956;17;9960;22;;;9936.5;0.0
yf_ZS=F_d10;50900;INTARIAN_PEPPER_ROOT;12002;17;11999;23;;;12008;16;12011;25;;;12005.0;0.0
yf_ZS=F_d10;51000;ASH_COATED_OSMIUM;9934;14;9930;17;;;9940;14;9944;21;;;9937.0;0.0
yf_ZS=F_d10;51000;INTARIAN_PEPPER_ROOT;12007;13;12005;20;;;12013;8;12016;18;;;12010.0;0.0
yf_ZS=F_d10;51100;ASH_COATED_OSMIUM;9923;12;9919;17;;;9951;16;9953;24;;;9937.0;0.0
yf_ZS=F_d10;51100;INTARIAN_PEPPER_ROOT;12002;20;11999;18;;;12028;14;12031;26;;;12015.0;0.0
yf_ZS=F_d10;51200;ASH_COATED_OSMIUM;9930;15;9928;16;;;9944;25;9946;26;;;9937.0;0.0
yf_ZS=F_d10;51200;INTARIAN_PEPPER_ROOT;12009;7;12006;23;;;12029;16;12032;9;;;12019.0;0.0
yf_ZS=F_d10;51300;ASH_COATED_OSMIUM;9933;11;9930;21;;;9942;11;9945;12;;;9937.5;0.0
yf_ZS=F_d10;51300;INTARIAN_PEPPER_ROOT;12021;15;12017;14;;;12027;15;12030;25;;;12024.0;0.0
yf_ZS=F_d10;51400;ASH_COATED_OSMIUM;9932;17;9930;32;;;9943;21;9946;23;;;9937.5;0.0
yf_ZS=F_d10;51400;INTARIAN_PEPPER_ROOT;12026;14;12024;16;;;12033;11;12035;32;;;12029.5;0.0
yf_ZS=F_d10;51500;ASH_COATED_OSMIUM;9930;20;9928;24;;;9943;14;9947;13;;;9936.5;0.0
yf_ZS=F_d10;51500;INTARIAN_PEPPER_ROOT;12028;20;12026;16;;;12040;20;12042;28;;;12034.0;0.0
yf_ZS=F_d10;51600;ASH_COATED_OSMIUM;9934;12;9932;16;;;9940;10;9943;25;;;9937.0;0.0
yf_ZS=F_d10;51600;INTARIAN_PEPPER_ROOT;12036;13;12033;19;;;12042;18;12045;19;;;12039.0;0.0
yf_ZS=F_d10;51700;ASH_COATED_OSMIUM;9933;9;9929;21;;;9939;14;9942;20;;;9936.0;0.0
yf_ZS=F_d10;51700;INTARIAN_PEPPER_ROOT;12040;13;12036;26;;;12046;13;12049;24;;;12043.0;0.0
yf_ZS=F_d10;51800;ASH_COATED_OSMIUM;9931;17;9928;16;;;9942;13;9945;24;;;9936.5;0.0
yf_ZS=F_d10;51800;INTARIAN_PEPPER_ROOT;12044;17;12040;17;;;12051;15;12054;20;;;12047.5;0.0
yf_ZS=F_d10;51900;ASH_COATED_OSMIUM;9933;19;9929;28;;;9939;16;9941;12;;;9936.0;0.0
yf_ZS=F_d10;51900;INTARIAN_PEPPER_ROOT;12050;13;12046;13;;;12056;11;12058;20;;;12053.0;0.0
yf_ZS=F_d10;52000;ASH_COATED_OSMIUM;9928;18;9924;20;;;9944;21;9947;20;;;9936.0;0.0
yf_ZS=F_d10;52000;INTARIAN_PEPPER_ROOT;12049;16;12045;25;;;12066;26;12068;14;;;12057.5;0.0
yf_ZS=F_d10;52100;ASH_COATED_OSMIUM;9932;13;9929;14;;;9940;12;9944;24;;;9936.0;0.0
yf_ZS=F_d10;52100;INTARIAN_PEPPER_ROOT;12058;14;12054;22;;;12067;17;12071;27;;;12062.5;0.0
yf_ZS=F_d10;52200;ASH_COATED_OSMIUM;9933;15;9931;12;;;9941;21;9945;20;;;9937.0;0.0
yf_ZS=F_d10;52200;INTARIAN_PEPPER_ROOT;12064;15;12062;19;;;12070;10;12072;26;;;12067.0;0.0
yf_ZS=F_d10;52300;ASH_COATED_OSMIUM;9922;19;9920;26;;;9950;12;9953;17;;;9936.0;0.0
yf_ZS=F_d10;52300;INTARIAN_PEPPER_ROOT;12069;17;12066;19;;;12075;16;12077;21;;;12072.0;0.0
yf_ZS=F_d10;52400;ASH_COATED_OSMIUM;9932;15;9929;13;;;9939;18;9941;21;;;9935.5;0.0
yf_ZS=F_d10;52400;INTARIAN_PEPPER_ROOT;12070;9;12066;9;;;12086;13;12090;26;;;12078.0;0.0
yf_ZS=F_d10;52500;ASH_COATED_OSMIUM;9933;12;9929;10;;;9939;18;9941;23;;;9936.0;0.0
yf_ZS=F_d10;52500;INTARIAN_PEPPER_ROOT;12078;15;12074;19;;;12086;16;12090;23;;;12082.0;0.0
yf_ZS=F_d10;52600;ASH_COATED_OSMIUM;9933;5;9929;19;;;9939;19;9943;19;;;9936.0;0.0
yf_ZS=F_d10;52600;INTARIAN_PEPPER_ROOT;12083;8;12081;20;;;12090;7;12092;17;;;12086.5;0.0
yf_ZS=F_d10;52700;ASH_COATED_OSMIUM;9933;7;9931;21;;;9939;13;9941;22;;;9936.0;0.0
yf_ZS=F_d10;52700;INTARIAN_PEPPER_ROOT;12089;5;12086;14;;;12095;20;12099;19;;;12092.0;0.0
yf_ZS=F_d10;52800;ASH_COATED_OSMIUM;9933;10;9930;21;;;9939;18;9941;29;;;9936.0;0.0
yf_ZS=F_d10;52800;INTARIAN_PEPPER_ROOT;12094;11;12092;16;;;12100;12;12104;17;;;12097.0;0.0
yf_ZS=F_d10;52900;ASH_COATED_OSMIUM;9933;13;9931;17;;;9939;14;9942;19;;;9936.0;0.0
yf_ZS=F_d10;52900;INTARIAN_PEPPER_ROOT;12098;17;12096;19;;;12104;18;12107;21;;;12101.0;0.0
yf_ZS=F_d10;53000;ASH_COATED_OSMIUM;9929;8;9925;13;;;9942;14;9946;23;;;9935.5;0.0
yf_ZS=F_d10;53000;INTARIAN_PEPPER_ROOT;12103;19;12099;19;;;12109;23;12111;23;;;12106.0;0.0
yf_ZS=F_d10;53100;ASH_COATED_OSMIUM;9933;10;9931;24;;;9939;21;9941;13;;;9936.0;0.0
yf_ZS=F_d10;53100;INTARIAN_PEPPER_ROOT;12108;6;12105;31;;;12114;16;12117;24;;;12111.0;0.0
yf_ZS=F_d10;53200;ASH_COATED_OSMIUM;9928;12;9925;18;;;9943;6;9947;20;;;9935.5;0.0
yf_ZS=F_d10;53200;INTARIAN_PEPPER_ROOT;12109;13;12106;25;;;12121;14;12125;22;;;12115.0;0.0
yf_ZS=F_d10;53300;ASH_COATED_OSMIUM;9933;20;9929;18;;;9939;18;9942;19;;;9936.0;0.0
yf_ZS=F_d10;53300;INTARIAN_PEPPER_ROOT;12115;14;12113;22;;;12127;5;12131;23;;;12121.0;0.0
yf_ZS=F_d10;53400;ASH_COATED_OSMIUM;9933;16;9931;24;;;9939;10;9943;13;;;9936.0;0.0
yf_ZS=F_d10;53400;INTARIAN_PEPPER_ROOT;12118;13;12116;23;;;12132;6;12134;17;;;12125.0;0.0
yf_ZS=F_d10;53500;ASH_COATED_OSMIUM;9933;12;9929;23;;;9939;26;9942;24;;;9936.0;0.0
yf_ZS=F_d10;53500;INTARIAN_PEPPER_ROOT;12128;11;12124;26;;;12134;10;12136;22;;;12131.0;0.0
yf_ZS=F_d10;53600;ASH_COATED_OSMIUM;9932;10;9928;22;;;9938;8;9942;26;;;9935.0;0.0
yf_ZS=F_d10;53600;INTARIAN_PEPPER_ROOT;12132;15;12128;14;;;12138;27;12140;24;;;12135.0;0.0
yf_ZS=F_d10;53700;ASH_COATED_OSMIUM;9927;12;9925;11;;;9945;17;9949;25;;;9936.0;0.0
yf_ZS=F_d10;53700;INTARIAN_PEPPER_ROOT;12136;9;12133;18;;;12143;22;12145;33;;;12139.5;0.0
yf_ZS=F_d10;53800;ASH_COATED_OSMIUM;9923;14;9920;16;;;9948;14;9952;23;;;9935.5;0.0
yf_ZS=F_d10;53800;INTARIAN_PEPPER_ROOT;12142;12;12139;18;;;12148;15;12152;22;;;12145.0;0.0
yf_ZS=F_d10;53900;ASH_COATED_OSMIUM;9933;10;9931;21;;;9939;16;9942;20;;;9936.0;0.0
yf_ZS=F_d10;53900;INTARIAN_PEPPER_ROOT;12146;15;12142;18;;;12152;13;12156;23;;;12149.0;0.0
yf_ZS=F_d10;54000;ASH_COATED_OSMIUM;9933;17;9931;21;;;9939;10;9942;22;;;9936.0;0.0
yf_ZS=F_d10;54000;INTARIAN_PEPPER_ROOT;12152;11;12148;22;;;12158;7;12161;24;;;12155.0;0.0
yf_ZS=F_d10;54100;ASH_COATED_OSMIUM;9932;13;9929;19;;;9938;23;9940;21;;;9935.0;0.0
yf_ZS=F_d10;54100;INTARIAN_PEPPER_ROOT;12156;12;12152;31;;;12162;5;12166;14;;;12159.0;0.0
yf_ZS=F_d10;54200;ASH_COATED_OSMIUM;9930;5;9926;15;;;9940;20;9943;14;;;9935.0;0.0
yf_ZS=F_d10;54200;INTARIAN_PEPPER_ROOT;12155;18;12151;21;;;12171;13;12174;16;;;12163.0;0.0
yf_ZS=F_d10;54300;ASH_COATED_OSMIUM;9932;18;9930;15;;;9938;15;9942;19;;;9935.0;0.0
yf_ZS=F_d10;54300;INTARIAN_PEPPER_ROOT;12166;15;12162;21;;;12172;16;12176;14;;;12169.0;0.0
yf_ZS=F_d10;54400;ASH_COATED_OSMIUM;9924;15;9920;16;;;9948;19;9950;25;;;9936.0;0.0
yf_ZS=F_d10;54400;INTARIAN_PEPPER_ROOT;12171;5;12169;17;;;12177;5;12181;20;;;12174.0;0.0
yf_ZS=F_d10;54500;ASH_COATED_OSMIUM;9932;10;9928;15;;;9939;8;9943;22;;;9935.5;0.0
yf_ZS=F_d10;54500;INTARIAN_PEPPER_ROOT;12175;16;12172;24;;;12181;15;12185;12;;;12178.0;0.0
yf_ZS=F_d10;54600;ASH_COATED_OSMIUM;9932;19;9930;16;;;9938;19;9942;20;;;9935.0;0.0
yf_ZS=F_d10;54600;INTARIAN_PEPPER_ROOT;12180;11;12178;22;;;12186;10;12188;18;;;12183.0;0.0
yf_ZS=F_d10;54700;ASH_COATED_OSMIUM;9932;15;9929;17;;;9938;20;9940;12;;;9935.0;0.0
yf_ZS=F_d10;54700;INTARIAN_PEPPER_ROOT;12186;13;12182;27;;;12192;18;12194;22;;;12189.0;0.0
yf_ZS=F_d10;54800;ASH_COATED_OSMIUM;9932;24;9930;18;;;9938;16;9941;23;;;9935.0;0.0
yf_ZS=F_d10;54800;INTARIAN_PEPPER_ROOT;12190;15;12186;20;;;12196;15;12200;23;;;12193.0;0.0
yf_ZS=F_d10;54900;ASH_COATED_OSMIUM;9932;13;9928;18;;;9938;22;9942;26;;;9935.0;0.0
yf_ZS=F_d10;54900;INTARIAN_PEPPER_ROOT;12195;14;12193;24;;;12201;12;12203;19;;;12198.0;0.0
yf_ZS=F_d10;55000;ASH_COATED_OSMIUM;9932;15;9929;22;;;9938;16;9942;16;;;9935.0;0.0
yf_ZS=F_d10;55000;INTARIAN_PEPPER_ROOT;12199;8;12195;22;;;12205;10;12207;18;;;12202.0;0.0
yf_ZS=F_d10;55100;ASH_COATED_OSMIUM;9928;8;9925;16;;;9942;26;9946;20;;;9935.0;0.0
yf_ZS=F_d10;55100;INTARIAN_PEPPER_ROOT;12199;14;12196;19;;;12215;16;12219;24;;;12207.0;0.0
yf_ZS=F_d10;55200;ASH_COATED_OSMIUM;9932;9;9929;18;;;9938;17;9940;21;;;9935.0;0.0
yf_ZS=F_d10;55200;INTARIAN_PEPPER_ROOT;12198;9;12194;29;;;12226;10;12228;20;;;12212.0;0.0
yf_ZS=F_d10;55300;ASH_COATED_OSMIUM;9924;16;9922;21;;;9944;8;9948;15;;;9934.0;0.0
yf_ZS=F_d10;55300;INTARIAN_PEPPER_ROOT;12210;11;12208;18;;;12223;18;12226;27;;;12216.5;0.0
yf_ZS=F_d10;55400;ASH_COATED_OSMIUM;9929;16;9927;26;;;9940;17;9944;18;;;9934.5;0.0
yf_ZS=F_d10;55400;INTARIAN_PEPPER_ROOT;12219;19;12217;20;;;12225;11;12229;22;;;12222.0;0.0
yf_ZS=F_d10;55500;ASH_COATED_OSMIUM;9928;12;9924;20;;;9941;24;9944;21;;;9934.5;0.0
yf_ZS=F_d10;55500;INTARIAN_PEPPER_ROOT;12224;8;12222;20;;;12230;19;12234;22;;;12227.0;0.0
yf_ZS=F_d10;55600;ASH_COATED_OSMIUM;9931;11;9927;25;;;9937;10;9940;13;;;9934.0;0.0
yf_ZS=F_d10;55600;INTARIAN_PEPPER_ROOT;12226;12;12223;21;;;12237;15;12240;20;;;12231.5;0.0
yf_ZS=F_d10;55700;ASH_COATED_OSMIUM;9931;8;9928;17;;;9937;11;9940;13;;;9934.0;0.0
yf_ZS=F_d10;55700;INTARIAN_PEPPER_ROOT;12222;15;12218;20;;;12249;13;12252;31;;;12235.5;0.0
yf_ZS=F_d10;55800;ASH_COATED_OSMIUM;9923;23;9921;13;;;9946;15;9948;26;;;9934.5;0.0
yf_ZS=F_d10;55800;INTARIAN_PEPPER_ROOT;12227;14;12225;16;;;12255;25;12258;23;;;12241.0;0.0
yf_ZS=F_d10;55900;ASH_COATED_OSMIUM;9931;5;9927;20;;;9937;13;9940;23;;;9934.0;0.0
yf_ZS=F_d10;55900;INTARIAN_PEPPER_ROOT;12239;21;12236;19;;;12251;10;12255;20;;;12245.0;0.0
yf_ZS=F_d10;56000;ASH_COATED_OSMIUM;9931;9;9927;23;;;9937;8;9939;24;;;9934.0;0.0
yf_ZS=F_d10;56000;INTARIAN_PEPPER_ROOT;12247;27;12244;18;;;12253;12;12255;21;;;12250.0;0.0
yf_ZS=F_d10;56100;ASH_COATED_OSMIUM;9930;14;9926;14;;;9937;19;9939;24;;;9933.5;0.0
yf_ZS=F_d10;56100;INTARIAN_PEPPER_ROOT;12242;19;12239;20;;;12269;12;12273;22;;;12255.5;0.0
yf_ZS=F_d10;56200;ASH_COATED_OSMIUM;9927;12;9923;14;;;9941;14;9945;23;;;9934.0;0.0
yf_ZS=F_d10;56200;INTARIAN_PEPPER_ROOT;12257;18;12253;18;;;12263;7;12266;19;;;12260.0;0.0
yf_ZS=F_d10;56300;ASH_COATED_OSMIUM;9928;15;9925;11;;;9940;26;9942;25;;;9934.0;0.0
yf_ZS=F_d10;56300;INTARIAN_PEPPER_ROOT;12240;12;12237;20;;;12290;14;12292;16;;;12265.0;0.0
yf_ZS=F_d10;56400;ASH_COATED_OSMIUM;9927;12;9923;19;;;9940;11;9944;17;;;9933.5;0.0
yf_ZS=F_d10;56400;INTARIAN_PEPPER_ROOT;12267;17;12263;13;;;12273;13;12276;13;;;12270.0;0.0
yf_ZS=F_d10;56500;ASH_COATED_OSMIUM;9915;5;9911;27;;;9952;13;9954;22;;;9933.5;0.0
yf_ZS=F_d10;56500;INTARIAN_PEPPER_ROOT;12271;16;12267;10;;;12277;23;12280;13;;;12274.0;0.0
yf_ZS=F_d10;56600;ASH_COATED_OSMIUM;9931;10;9927;13;;;9937;5;9939;19;;;9934.0;0.0
yf_ZS=F_d10;56600;INTARIAN_PEPPER_ROOT;12277;15;12274;16;;;12283;5;12285;23;;;12280.0;0.0
yf_ZS=F_d10;56700;ASH_COATED_OSMIUM;9931;15;9929;14;;;9937;17;9941;9;;;9934.0;0.0
yf_ZS=F_d10;56700;INTARIAN_PEPPER_ROOT;12280;7;12276;19;;;12289;8;12292;16;;;12284.5;0.0
yf_ZS=F_d10;56800;ASH_COATED_OSMIUM;9927;5;9923;18;;;9940;14;9942;21;;;9933.5;0.0
yf_ZS=F_d10;56800;INTARIAN_PEPPER_ROOT;12285;12;12283;17;;;12292;18;12295;15;;;12288.5;0.0
yf_ZS=F_d10;56900;ASH_COATED_OSMIUM;9930;17;9926;10;;;9936;12;9938;22;;;9933.0;0.0
yf_ZS=F_d10;56900;INTARIAN_PEPPER_ROOT;12291;14;12289;24;;;12297;12;12300;23;;;12294.0;0.0
yf_ZS=F_d10;57000;ASH_COATED_OSMIUM;9927;22;9925;25;;;9941;8;9943;29;;;9934.0;0.0
yf_ZS=F_d10;57000;INTARIAN_PEPPER_ROOT;12295;6;12293;16;;;12301;15;12303;16;;;12298.0;0.0
yf_ZS=F_d10;57100;ASH_COATED_OSMIUM;9930;22;9927;19;;;9936;18;9939;22;;;9933.0;0.0
yf_ZS=F_d10;57100;INTARIAN_PEPPER_ROOT;12301;8;12298;19;;;12307;5;12309;14;;;12304.0;0.0
yf_ZS=F_d10;57200;ASH_COATED_OSMIUM;9924;16;9920;12;;;9944;11;9948;14;;;9934.0;0.0
yf_ZS=F_d10;57200;INTARIAN_PEPPER_ROOT;12305;10;12303;21;;;12311;12;12314;16;;;12308.0;0.0
yf_ZS=F_d10;57300;ASH_COATED_OSMIUM;9927;14;9925;15;;;9940;18;9944;18;;;9933.5;0.0
yf_ZS=F_d10;57300;INTARIAN_PEPPER_ROOT;12310;8;12307;23;;;12316;5;12319;19;;;12313.0;0.0
yf_ZS=F_d10;57400;ASH_COATED_OSMIUM;9930;29;9927;15;;;9936;10;9940;17;;;9933.0;0.0
yf_ZS=F_d10;57400;INTARIAN_PEPPER_ROOT;12315;15;12313;16;;;12321;21;12323;19;;;12318.0;0.0
yf_ZS=F_d10;57500;ASH_COATED_OSMIUM;9930;14;9928;14;;;9936;8;9939;11;;;9933.0;0.0
yf_ZS=F_d10;57500;INTARIAN_PEPPER_ROOT;12310;21;12308;15;;;12334;14;12337;22;;;12322.0;0.0
yf_ZS=F_d10;57600;ASH_COATED_OSMIUM;9930;24;9926;11;;;9936;20;9940;17;;;9933.0;0.0
yf_ZS=F_d10;57600;INTARIAN_PEPPER_ROOT;12321;12;12318;22;;;12334;20;12338;18;;;12327.5;0.0
