day;timestamp;product;bid_price_1;bid_volume_1;bid_price_2;bid_volume_2;bid_price_3;bid_volume_3;ask_price_1;ask_volume_1;ask_price_2;ask_volume_2;ask_price_3;ask_volume_3;mid_price;profit_and_loss
yf_MKC_d11;0;ASH_COATED_OSMIUM;9936;18;9933;14;;;9942;19;9945;29;;;9939.0;0.0
yf_MKC_d11;0;INTARIAN_PEPPER_ROOT;12024;5;12021;16;;;12030;14;12032;21;;;12027.0;0.0
yf_MKC_d11;100;ASH_COATED_OSMIUM;9936;14;9933;26;;;9942;16;9944;19;;;9939.0;0.0
yf_MKC_d11;100;INTARIAN_PEPPER_ROOT;12022;8;12019;27;;;12028;16;12032;20;;;12025.0;0.0
yf_MKC_d11;200;ASH_COATED_OSMIUM;9935;13;9931;12;;;9941;11;9945;21;;;9938.0;0.0
yf_MKC_d11;200;INTARIAN_PEPPER_ROOT;12011;26;12007;33;;;12040;20;12044;18;;;12025.5;0.0
yf_MKC_d11;300;ASH_COATED_OSMIUM;9923;6;9919;26;;;9955;8;9957;20;;;9939.0;0.0
yf_MKC_d11;300;INTARIAN_PEPPER_ROOT;12020;18;12018;29;;;12026;14;12030;18;;;12023.0;0.0
yf_MKC_d11;400;ASH_COATED_OSMIUM;9936;15;9934;27;;;9942;15;9944;17;;;9939.0;0.0
yf_MKC_d11;400;INTARIAN_PEPPER_ROOT;12010;17;12007;8;;;12033;22;12035;17;;;12021.5;0.0
yf_MKC_d11;500;ASH_COATED_OSMIUM;9934;16;9932;21;;;9944;9;9948;16;;;9939.0;0.0
yf_MKC_d11;500;INTARIAN_PEPPER_ROOT;12018;19;12014;23;;;12024;9;12028;8;;;12021.0;0.0
yf_MKC_d11;600;ASH_COATED_OSMIUM;9936;17;9934;15;;;9942;17;9945;13;;;9939.0;0.0
yf_MKC_d11;600;INTARIAN_PEPPER_ROOT;12014;17;12010;23;;;12024;17;12026;17;;;12019.0;0.0
yf_MKC_d11;700;ASH_COATED_OSMIUM;9936;8;9932;26;;;9942;14;9944;10;;;9939.0;0.0
yf_MKC_d11;700;INTARIAN_PEPPER_ROOT;12008;14;12006;13;;;12027;14;12029;18;;;12017.5;0.0
yf_MKC_d11;800;ASH_COATED_OSMIUM;9935;9;9932;14;;;9941;18;9943;17;;;9938.0;0.0
yf_MKC_d11;800;INTARIAN_PEPPER_ROOT;12014;11;12012;23;;;12020;8;12022;17;;;12017.0;0.0
yf_MKC_d11;900;ASH_COATED_OSMIUM;9936;18;9932;13;;;9942;19;9944;25;;;9939.0;0.0
yf_MKC_d11;900;INTARIAN_PEPPER_ROOT;12013;10;12011;20;;;12019;16;12023;19;;;12016.0;0.0
yf_MKC_d11;1000;ASH_COATED_OSMIUM;9936;5;9933;13;;;9942;14;9944;19;;;9939.0;0.0
yf_MKC_d11;1000;INTARIAN_PEPPER_ROOT;12007;10;12003;18;;;12022;5;12024;26;;;12014.5;0.0
yf_MKC_d11;1100;ASH_COATED_OSMIUM;9934;17;9932;17;;;9943;15;9946;12;;;9938.5;0.0
yf_MKC_d11;1100;INTARIAN_PEPPER_ROOT;12010;17;12007;27;;;12016;12;12019;25;;;12013.0;0.0
yf_MKC_d11;1200;ASH_COATED_OSMIUM;9931;21;9928;20;;;9947;22;9949;24;;;9939.0;0.0
yf_MKC_d11;1200;INTARIAN_PEPPER_ROOT;12008;20;12006;22;;;12014;14;12016;15;;;12011.0;0.0
yf_MKC_d11;1300;ASH_COATED_OSMIUM;9931;9;9928;18;;;9947;20;9951;13;;;9939.0;0.0
yf_MKC_d11;1300;INTARIAN_PEPPER_ROOT;12008;21;12005;20;;;12014;13;12018;19;;;12011.0;0.0
yf_MKC_d11;1400;ASH_COATED_OSMIUM;9934;11;9931;14;;;9944;20;9947;19;;;9939.0;0.0
yf_MKC_d11;1400;INTARIAN_PEPPER_ROOT;12007;21;12004;22;;;12013;12;12017;12;;;12010.0;0.0
yf_MKC_d11;1500;ASH_COATED_OSMIUM;9935;9;9931;25;;;9941;18;9943;10;;;9938.0;0.0
yf_MKC_d11;1500;INTARIAN_PEPPER_ROOT;12004;21;12002;17;;;12010;23;12012;19;;;12007.0;0.0
yf_MKC_d11;1600;ASH_COATED_OSMIUM;9936;12;9934;19;;;9942;19;9946;33;;;9939.0;0.0
yf_MKC_d11;1600;INTARIAN_PEPPER_ROOT;12003;19;12001;21;;;12009;17;12011;21;;;12006.0;0.0
yf_MKC_d11;1700;ASH_COATED_OSMIUM;9922;6;9920;25;;;9956;11;9958;14;;;9939.0;0.0
yf_MKC_d11;1700;INTARIAN_PEPPER_ROOT;11999;13;11995;13;;;12013;17;12015;19;;;12006.0;0.0
yf_MKC_d11;1800;ASH_COATED_OSMIUM;9929;21;9927;20;;;9949;22;9953;24;;;9939.0;0.0
yf_MKC_d11;1800;INTARIAN_PEPPER_ROOT;11997;12;11995;18;;;12011;9;12013;20;;;12004.0;0.0
yf_MKC_d11;1900;ASH_COATED_OSMIUM;9936;19;9934;18;;;9942;13;9946;19;;;9939.0;0.0
yf_MKC_d11;1900;INTARIAN_PEPPER_ROOT;12000;22;11997;25;;;12006;8;12010;18;;;12003.0;0.0
yf_MKC_d11;2000;ASH_COATED_OSMIUM;9936;22;9932;20;;;9942;25;9946;15;;;9939.0;0.0
yf_MKC_d11;2000;INTARIAN_PEPPER_ROOT;11994;18;11990;20;;;12009;11;12013;24;;;12001.5;0.0
yf_MKC_d11;2100;ASH_COATED_OSMIUM;9936;24;9934;27;;;9942;12;9945;8;;;9939.0;0.0
yf_MKC_d11;2100;INTARIAN_PEPPER_ROOT;11997;7;11993;29;;;12003;10;12007;23;;;12000.0;0.0
yf_MKC_d11;2200;ASH_COATED_OSMIUM;9936;18;9933;26;;;9942;8;9944;22;;;9939.0;0.0
yf_MKC_d11;2200;INTARIAN_PEPPER_ROOT;11990;7;11988;18;;;12008;8;12011;13;;;11999.0;0.0
yf_MKC_d11;2300;ASH_COATED_OSMIUM;9935;10;9932;14;;;9944;13;9946;21;;;9939.5;0.0
yf_MKC_d11;2300;INTARIAN_PEPPER_ROOT;11995;18;11991;24;;;12001;13;12003;18;;;11998.0;0.0
yf_MKC_d11;2400;ASH_COATED_OSMIUM;9936;5;9932;12;;;9943;13;9946;16;;;9939.5;0.0
yf_MKC_d11;2400;INTARIAN_PEPPER_ROOT;11993;27;11990;22;;;11999;14;12001;15;;;11996.0;0.0
yf_MKC_d11;2500;ASH_COATED_OSMIUM;9929;12;9926;18;;;9949;18;9952;13;;;9939.0;0.0
yf_MKC_d11;2500;INTARIAN_PEPPER_ROOT;11991;11;11988;15;;;11998;19;12001;24;;;11994.5;0.0
yf_MKC_d11;2600;ASH_COATED_OSMIUM;9934;13;9932;18;;;9946;18;9950;22;;;9940.0;0.0
yf_MKC_d11;2600;INTARIAN_PEPPER_ROOT;11990;22;11987;19;;;11996;10;11998;15;;;11993.0;0.0
yf_MKC_d11;2700;ASH_COATED_OSMIUM;9922;17;9920;20;;;9956;8;9960;30;;;9939.0;0.0
yf_MKC_d11;2700;INTARIAN_PEPPER_ROOT;11990;15;11988;17;;;11996;14;11998;26;;;11993.0;0.0
yf_MKC_d11;2800;ASH_COATED_OSMIUM;9928;26;9924;26;;;9950;19;9953;16;;;9939.0;0.0
yf_MKC_d11;2800;INTARIAN_PEPPER_ROOT;11988;16;11984;12;;;11994;6;11998;25;;;11991.0;0.0
yf_MKC_d11;2900;ASH_COATED_OSMIUM;9936;24;9934;20;;;9942;12;9945;17;;;9939.0;0.0
yf_MKC_d11;2900;INTARIAN_PEPPER_ROOT;11970;11;11966;20;;;12010;19;12013;14;;;11990.0;0.0
yf_MKC_d11;3000;ASH_COATED_OSMIUM;9930;18;9928;14;;;9949;17;9951;17;;;9939.5;0.0
yf_MKC_d11;3000;INTARIAN_PEPPER_ROOT;11985;12;11982;22;;;11993;21;11996;24;;;11989.0;0.0
yf_MKC_d11;3100;ASH_COATED_OSMIUM;9930;11;9928;27;;;9948;20;9951;18;;;9939.0;0.0
yf_MKC_d11;3100;INTARIAN_PEPPER_ROOT;11973;17;11971;22;;;12003;16;12007;22;;;11988.0;0.0
yf_MKC_d11;3200;ASH_COATED_OSMIUM;9934;19;9931;25;;;9944;16;9947;16;;;9939.0;0.0
yf_MKC_d11;3200;INTARIAN_PEPPER_ROOT;11978;21;11975;22;;;11995;22;11997;16;;;11986.5;0.0
yf_MKC_d11;3300;ASH_COATED_OSMIUM;9937;9;9933;16;;;9943;15;9945;17;;;9940.0;0.0
yf_MKC_d11;3300;INTARIAN_PEPPER_ROOT;11967;15;11963;24;;;12002;20;12006;11;;;11984.5;0.0
yf_MKC_d11;3400;ASH_COATED_OSMIUM;9937;19;9935;12;;;9943;18;9947;16;;;9940.0;0.0
yf_MKC_d11;3400;INTARIAN_PEPPER_ROOT;11979;7;11975;27;;;11987;20;11989;23;;;11983.0;0.0
yf_MKC_d11;3500;ASH_COATED_OSMIUM;9937;14;9933;28;;;9943;19;9947;30;;;9940.0;0.0
yf_MKC_d11;3500;INTARIAN_PEPPER_ROOT;11979;21;11976;29;;;11985;11;11989;19;;;11982.0;0.0
yf_MKC_d11;3600;ASH_COATED_OSMIUM;9936;22;9934;17;;;9942;16;9945;13;;;9939.0;0.0
yf_MKC_d11;3600;INTARIAN_PEPPER_ROOT;11978;5;11976;21;;;11984;18;11988;11;;;11981.0;0.0
yf_MKC_d11;3700;ASH_COATED_OSMIUM;9937;7;9935;13;;;9943;12;9945;25;;;9940.0;0.0
yf_MKC_d11;3700;INTARIAN_PEPPER_ROOT;11977;16;11975;12;;;11983;20;11986;24;;;11980.0;0.0
yf_MKC_d11;3800;ASH_COATED_OSMIUM;9936;16;9932;19;;;9943;19;9945;20;;;9939.5;0.0
yf_MKC_d11;3800;INTARIAN_PEPPER_ROOT;11972;15;11969;9;;;11985;8;11988;24;;;11978.5;0.0
yf_MKC_d11;3900;ASH_COATED_OSMIUM;9936;18;9932;21;;;9944;15;9946;14;;;9940.0;0.0
yf_MKC_d11;3900;INTARIAN_PEPPER_ROOT;11974;18;11970;16;;;11980;5;11982;26;;;11977.0;0.0
yf_MKC_d11;4000;ASH_COATED_OSMIUM;9937;24;9934;13;;;9943;18;9947;26;;;9940.0;0.0
yf_MKC_d11;4000;INTARIAN_PEPPER_ROOT;11972;11;11968;16;;;11978;26;11982;26;;;11975.0;0.0
yf_MKC_d11;4100;ASH_COATED_OSMIUM;9936;10;9934;25;;;9944;12;9947;21;;;9940.0;0.0
yf_MKC_d11;4100;INTARIAN_PEPPER_ROOT;11971;27;11969;15;;;11977;11;11981;26;;;11974.0;0.0
yf_MKC_d11;4200;ASH_COATED_OSMIUM;9937;14;9935;9;;;9943;8;9946;21;;;9940.0;0.0
yf_MKC_d11;4200;INTARIAN_PEPPER_ROOT;11963;14;11959;27;;;11985;18;11989;19;;;11974.0;0.0
yf_MKC_d11;4300;ASH_COATED_OSMIUM;9936;21;9934;15;;;9943;18;9946;19;;;9939.5;0.0
yf_MKC_d11;4300;INTARIAN_PEPPER_ROOT;11969;20;11966;15;;;11975;13;11977;23;;;11972.0;0.0
yf_MKC_d11;4400;ASH_COATED_OSMIUM;9931;23;9929;17;;;9948;20;9951;23;;;9939.5;0.0
yf_MKC_d11;4400;INTARIAN_PEPPER_ROOT;11968;7;11964;13;;;11974;13;11978;19;;;11971.0;0.0
yf_MKC_d11;4500;ASH_COATED_OSMIUM;9937;13;9935;18;;;9943;16;9947;26;;;9940.0;0.0
yf_MKC_d11;4500;INTARIAN_PEPPER_ROOT;11961;17;11957;14;;;11978;21;11982;11;;;11969.5;0.0
yf_MKC_d11;4600;ASH_COATED_OSMIUM;9938;18;9934;20;;;9944;11;9948;17;;;9941.0;0.0
yf_MKC_d11;4600;INTARIAN_PEPPER_ROOT;11965;21;11962;24;;;11971;14;11975;23;;;11968.0;0.0
yf_MKC_d11;4700;ASH_COATED_OSMIUM;9936;11;9933;21;;;9943;15;9945;22;;;9939.5;0.0
yf_MKC_d11;4700;INTARIAN_PEPPER_ROOT;11964;21;11962;28;;;11970;17;11972;8;;;11967.0;0.0
yf_MKC_d11;4800;ASH_COATED_OSMIUM;9937;16;9933;15;;;9943;7;9947;23;;;9940.0;0.0
yf_MKC_d11;4800;INTARIAN_PEPPER_ROOT;11955;19;11953;16;;;11975;17;11977;31;;;11965.0;0.0
yf_MKC_d11;4900;ASH_COATED_OSMIUM;9937;20;9934;19;;;9943;16;9946;15;;;9940.0;0.0
yf_MKC_d11;4900;INTARIAN_PEPPER_ROOT;11952;17;11949;29;;;11976;5;11980;32;;;11964.0;0.0
yf_MKC_d11;5000;ASH_COATED_OSMIUM;9934;12;9931;20;;;9946;9;9948;16;;;9940.0;0.0
yf_MKC_d11;5000;INTARIAN_PEPPER_ROOT;11959;12;11955;29;;;11965;15;11968;22;;;11962.0;0.0
yf_MKC_d11;5100;ASH_COATED_OSMIUM;9937;13;9935;19;;;9943;17;9945;22;;;9940.0;0.0
yf_MKC_d11;5100;INTARIAN_PEPPER_ROOT;11957;23;11953;24;;;11966;17;11968;15;;;11961.5;0.0
yf_MKC_d11;5200;ASH_COATED_OSMIUM;9935;23;9932;23;;;9946;8;9948;18;;;9940.5;0.0
yf_MKC_d11;5200;INTARIAN_PEPPER_ROOT;11957;15;11955;24;;;11963;6;11967;16;;;11960.0;0.0
yf_MKC_d11;5300;ASH_COATED_OSMIUM;9933;20;9930;15;;;9949;17;9952;18;;;9941.0;0.0
yf_MKC_d11;5300;INTARIAN_PEPPER_ROOT;11956;7;11954;12;;;11962;22;11965;25;;;11959.0;0.0
yf_MKC_d11;5400;ASH_COATED_OSMIUM;9937;16;9933;12;;;9943;15;9947;26;;;9940.0;0.0
yf_MKC_d11;5400;INTARIAN_PEPPER_ROOT;11955;17;11953;21;;;11961;19;11963;24;;;11958.0;0.0
yf_MKC_d11;5500;ASH_COATED_OSMIUM;9937;8;9934;15;;;9943;14;9945;22;;;9940.0;0.0
yf_MKC_d11;5500;INTARIAN_PEPPER_ROOT;11952;11;11949;22;;;11962;12;11966;17;;;11957.0;0.0
yf_MKC_d11;5600;ASH_COATED_OSMIUM;9935;24;9932;29;;;9947;8;9950;19;;;9941.0;0.0
yf_MKC_d11;5600;INTARIAN_PEPPER_ROOT;11950;21;11946;16;;;11959;13;11962;11;;;11954.5;0.0
yf_MKC_d11;5700;ASH_COATED_OSMIUM;9935;14;9933;24;;;9945;18;9949;20;;;9940.0;0.0
yf_MKC_d11;5700;INTARIAN_PEPPER_ROOT;11951;22;11948;34;;;11957;10;11959;12;;;11954.0;0.0
yf_MKC_d11;5800;ASH_COATED_OSMIUM;9937;13;9935;22;;;9943;12;9946;16;;;9940.0;0.0
yf_MKC_d11;5800;INTARIAN_PEPPER_ROOT;11947;18;11945;11;;;11957;21;11959;19;;;11952.0;0.0
yf_MKC_d11;5900;ASH_COATED_OSMIUM;9933;16;9931;10;;;9948;6;9951;21;;;9940.5;0.0
yf_MKC_d11;5900;INTARIAN_PEPPER_ROOT;11948;27;11944;16;;;11954;15;11958;19;;;11951.0;0.0
yf_MKC_d11;6000;ASH_COATED_OSMIUM;9929;14;9927;25;;;9951;13;9954;25;;;9940.0;0.0
yf_MKC_d11;6000;INTARIAN_PEPPER_ROOT;11947;17;11944;16;;;11955;18;11957;20;;;11951.0;0.0
yf_MKC_d11;6100;ASH_COATED_OSMIUM;9929;11;9927;21;;;9952;7;9956;23;;;9940.5;0.0
yf_MKC_d11;6100;INTARIAN_PEPPER_ROOT;11938;13;11936;17;;;11960;17;11962;30;;;11949.0;0.0
yf_MKC_d11;6200;ASH_COATED_OSMIUM;9938;9;9936;25;;;9944;8;9946;21;;;9941.0;0.0
yf_MKC_d11;6200;INTARIAN_PEPPER_ROOT;11942;18;11940;25;;;11953;21;11957;24;;;11947.5;0.0
yf_MKC_d11;6300;ASH_COATED_OSMIUM;9938;13;9935;14;;;9944;6;9948;24;;;9941.0;0.0
yf_MKC_d11;6300;INTARIAN_PEPPER_ROOT;11942;14;11939;12;;;11949;27;11951;25;;;11945.5;0.0
yf_MKC_d11;6400;ASH_COATED_OSMIUM;9937;20;9935;29;;;9943;17;9945;27;;;9940.0;0.0
yf_MKC_d11;6400;INTARIAN_PEPPER_ROOT;11942;14;11939;23;;;11948;24;11950;13;;;11945.0;0.0
yf_MKC_d11;6500;ASH_COATED_OSMIUM;9937;7;9935;9;;;9943;5;9946;20;;;9940.0;0.0
yf_MKC_d11;6500;INTARIAN_PEPPER_ROOT;11941;21;11938;20;;;11947;19;11949;19;;;11944.0;0.0
yf_MKC_d11;6600;ASH_COATED_OSMIUM;9935;23;9931;21;;;9946;18;9949;21;;;9940.5;0.0
yf_MKC_d11;6600;INTARIAN_PEPPER_ROOT;11939;16;11935;20;;;11945;17;11949;22;;;11942.0;0.0
yf_MKC_d11;6700;ASH_COATED_OSMIUM;9933;18;9931;28;;;9948;13;9950;8;;;9940.5;0.0
yf_MKC_d11;6700;INTARIAN_PEPPER_ROOT;11934;15;11931;20;;;11949;10;11952;24;;;11941.5;0.0
yf_MKC_d11;6800;ASH_COATED_OSMIUM;9937;22;9933;25;;;9943;5;9946;19;;;9940.0;0.0
yf_MKC_d11;6800;INTARIAN_PEPPER_ROOT;11937;16;11935;22;;;11943;12;11947;21;;;11940.0;0.0
yf_MKC_d11;6900;ASH_COATED_OSMIUM;9937;10;9935;19;;;9944;16;9946;12;;;9940.5;0.0
yf_MKC_d11;6900;INTARIAN_PEPPER_ROOT;11933;15;11929;22;;;11944;18;11946;22;;;11938.5;0.0
yf_MKC_d11;7000;ASH_COATED_OSMIUM;9938;13;9936;24;;;9944;23;9947;22;;;9941.0;0.0
yf_MKC_d11;7000;INTARIAN_PEPPER_ROOT;11933;10;11930;12;;;11942;10;11944;19;;;11937.5;0.0
yf_MKC_d11;7100;ASH_COATED_OSMIUM;9938;20;9936;14;;;9944;12;9948;24;;;9941.0;0.0
yf_MKC_d11;7100;INTARIAN_PEPPER_ROOT;11928;12;11926;22;;;11944;8;11948;31;;;11936.0;0.0
yf_MKC_d11;7200;ASH_COATED_OSMIUM;9938;19;9934;17;;;9944;5;9948;16;;;9941.0;0.0
yf_MKC_d11;7200;INTARIAN_PEPPER_ROOT;11931;10;11927;14;;;11937;16;11941;19;;;11934.0;0.0
yf_MKC_d11;7300;ASH_COATED_OSMIUM;9938;14;9935;17;;;9945;10;9949;22;;;9941.5;0.0
yf_MKC_d11;7300;INTARIAN_PEPPER_ROOT;11918;12;11916;16;;;11949;16;11952;16;;;11933.5;0.0
yf_MKC_d11;7400;ASH_COATED_OSMIUM;9938;11;9934;17;;;9944;20;9948;25;;;9941.0;0.0
yf_MKC_d11;7400;INTARIAN_PEPPER_ROOT;11929;7;11927;14;;;11935;5;11937;25;;;11932.0;0.0
yf_MKC_d11;7500;ASH_COATED_OSMIUM;9934;18;9930;26;;;9947;15;9951;25;;;9940.5;0.0
yf_MKC_d11;7500;INTARIAN_PEPPER_ROOT;11928;14;11924;17;;;11934;14;11936;22;;;11931.0;0.0
yf_MKC_d11;7600;ASH_COATED_OSMIUM;9938;15;9936;25;;;9945;16;9947;20;;;9941.5;0.0
yf_MKC_d11;7600;INTARIAN_PEPPER_ROOT;11926;16;11922;20;;;11932;15;11934;25;;;11929.0;0.0
yf_MKC_d11;7700;ASH_COATED_OSMIUM;9935;16;9933;12;;;9946;8;9949;21;;;9940.5;0.0
yf_MKC_d11;7700;INTARIAN_PEPPER_ROOT;11921;19;11918;13;;;11934;18;11936;20;;;11927.5;0.0
yf_MKC_d11;7800;ASH_COATED_OSMIUM;9938;13;9934;17;;;9945;17;9947;14;;;9941.5;0.0
yf_MKC_d11;7800;INTARIAN_PEPPER_ROOT;11924;15;11921;22;;;11930;17;11933;29;;;11927.0;0.0
yf_MKC_d11;7900;ASH_COATED_OSMIUM;9938;17;9934;17;;;9944;14;9947;16;;;9941.0;0.0
yf_MKC_d11;7900;INTARIAN_PEPPER_ROOT;11921;7;11919;13;;;11931;12;11935;23;;;11926.0;0.0
yf_MKC_d11;8000;ASH_COATED_OSMIUM;9938;17;9936;25;;;9944;15;9948;19;;;9941.0;0.0
yf_MKC_d11;8000;INTARIAN_PEPPER_ROOT;11921;6;11918;18;;;11928;8;11931;11;;;11924.5;0.0
yf_MKC_d11;8100;ASH_COATED_OSMIUM;9938;21;9935;21;;;9944;14;9947;17;;;9941.0;0.0
yf_MKC_d11;8100;INTARIAN_PEPPER_ROOT;11917;18;11913;20;;;11928;22;11932;20;;;11922.5;0.0
yf_MKC_d11;8200;ASH_COATED_OSMIUM;9939;21;9937;19;;;9945;11;9949;16;;;9942.0;0.0
yf_MKC_d11;8200;INTARIAN_PEPPER_ROOT;11919;16;11915;15;;;11925;10;11929;21;;;11922.0;0.0
yf_MKC_d11;8300;ASH_COATED_OSMIUM;9934;16;9931;28;;;9948;16;9950;18;;;9941.0;0.0
yf_MKC_d11;8300;INTARIAN_PEPPER_ROOT;11917;25;11914;17;;;11923;12;11927;20;;;11920.0;0.0
yf_MKC_d11;8400;ASH_COATED_OSMIUM;9938;14;9936;18;;;9944;16;9947;13;;;9941.0;0.0
yf_MKC_d11;8400;INTARIAN_PEPPER_ROOT;11916;18;11913;25;;;11922;14;11924;15;;;11919.0;0.0
yf_MKC_d11;8500;ASH_COATED_OSMIUM;9938;10;9935;22;;;9944;14;9946;17;;;9941.0;0.0
yf_MKC_d11;8500;INTARIAN_PEPPER_ROOT;11911;5;11907;13;;;11924;22;11926;12;;;11917.5;0.0
yf_MKC_d11;8600;ASH_COATED_OSMIUM;9938;16;9935;24;;;9944;12;9948;12;;;9941.0;0.0
yf_MKC_d11;8600;INTARIAN_PEPPER_ROOT;11913;25;11911;23;;;11919;8;11922;19;;;11916.0;0.0
yf_MKC_d11;8700;ASH_COATED_OSMIUM;9938;13;9934;18;;;9944;5;9946;20;;;9941.0;0.0
yf_MKC_d11;8700;INTARIAN_PEPPER_ROOT;11910;8;11908;23;;;11919;16;11923;15;;;11914.5;0.0
yf_MKC_d11;8800;ASH_COATED_OSMIUM;9931;18;9929;23;;;9953;15;9956;17;;;9942.0;0.0
yf_MKC_d11;8800;INTARIAN_PEPPER_ROOT;11907;12;11905;19;;;11921;13;11923;20;;;11914.0;0.0
yf_MKC_d11;8900;ASH_COATED_OSMIUM;9937;15;9935;13;;;9946;14;9949;22;;;9941.5;0.0
yf_MKC_d11;8900;INTARIAN_PEPPER_ROOT;11909;8;11906;14;;;11915;16;11919;23;;;11912.0;0.0
yf_MKC_d11;9000;ASH_COATED_OSMIUM;9936;15;9934;29;;;9948;15;9950;24;;;9942.0;0.0
yf_MKC_d11;9000;INTARIAN_PEPPER_ROOT;11909;20;11905;22;;;11915;17;11917;28;;;11912.0;0.0
yf_MKC_d11;9100;ASH_COATED_OSMIUM;9935;15;9933;16;;;9948;16;9951;22;;;9941.5;0.0
yf_MKC_d11;9100;INTARIAN_PEPPER_ROOT;11903;14;11900;28;;;11917;16;11921;23;;;11910.0;0.0
yf_MKC_d11;9200;ASH_COATED_OSMIUM;9939;15;9935;27;;;9945;17;9947;16;;;9942.0;0.0
yf_MKC_d11;9200;INTARIAN_PEPPER_ROOT;11903;21;11900;17;;;11914;16;11917;18;;;11908.5;0.0
yf_MKC_d11;9300;ASH_COATED_OSMIUM;9932;13;9928;15;;;9951;7;9954;22;;;9941.5;0.0
yf_MKC_d11;9300;INTARIAN_PEPPER_ROOT;11905;10;11903;19;;;11911;11;11913;19;;;11908.0;0.0
yf_MKC_d11;9400;ASH_COATED_OSMIUM;9937;12;9934;18;;;9947;9;9949;24;;;9942.0;0.0
yf_MKC_d11;9400;INTARIAN_PEPPER_ROOT;11903;10;11901;25;;;11909;12;11913;27;;;11906.0;0.0
yf_MKC_d11;9500;ASH_COATED_OSMIUM;9939;21;9936;29;;;9945;14;9948;11;;;9942.0;0.0
yf_MKC_d11;9500;INTARIAN_PEPPER_ROOT;11879;6;11876;20;;;11930;15;11933;8;;;11904.5;0.0
yf_MKC_d11;9600;ASH_COATED_OSMIUM;9939;11;9937;18;;;9945;20;9949;27;;;9942.0;0.0
yf_MKC_d11;9600;INTARIAN_PEPPER_ROOT;11901;17;11897;8;;;11907;13;11911;11;;;11904.0;0.0
yf_MKC_d11;9700;ASH_COATED_OSMIUM;9938;5;9934;22;;;9944;11;9948;29;;;9941.0;0.0
yf_MKC_d11;9700;INTARIAN_PEPPER_ROOT;11899;16;11895;22;;;11905;23;11908;16;;;11902.0;0.0
yf_MKC_d11;9800;ASH_COATED_OSMIUM;9938;13;9936;29;;;9944;8;9948;21;;;9941.0;0.0
yf_MKC_d11;9800;INTARIAN_PEPPER_ROOT;11893;22;11889;15;;;11910;19;11913;18;;;11901.5;0.0
yf_MKC_d11;9900;ASH_COATED_OSMIUM;9937;12;9935;18;;;9946;10;9950;15;;;9941.5;0.0
yf_MKC_d11;9900;INTARIAN_PEPPER_ROOT;11897;11;11894;17;;;11903;11;11906;21;;;11900.0;0.0
yf_MKC_d11;10000;ASH_COATED_OSMIUM;9931;12;9929;18;;;9953;18;9955;23;;;9942.0;0.0
yf_MKC_d11;10000;INTARIAN_PEPPER_ROOT;11895;12;11893;13;;;11901;16;11905;23;;;11898.0;0.0
yf_MKC_d11;10100;ASH_COATED_OSMIUM;9938;20;9934;25;;;9947;20;9950;25;;;9942.5;0.0
yf_MKC_d11;10100;INTARIAN_PEPPER_ROOT;11895;19;11893;24;;;11901;11;11904;16;;;11898.0;0.0
yf_MKC_d11;10200;ASH_COATED_OSMIUM;9939;13;9937;10;;;9945;10;9949;14;;;9942.0;0.0
yf_MKC_d11;10200;INTARIAN_PEPPER_ROOT;11888;12;11886;20;;;11905;12;11907;8;;;11896.5;0.0
yf_MKC_d11;10300;ASH_COATED_OSMIUM;9939;18;9936;27;;;9945;5;9947;22;;;9942.0;0.0
yf_MKC_d11;10300;INTARIAN_PEPPER_ROOT;11891;5;11889;21;;;11897;19;11899;14;;;11894.0;0.0
yf_MKC_d11;10400;ASH_COATED_OSMIUM;9939;23;9936;21;;;9945;6;9947;23;;;9942.0;0.0
yf_MKC_d11;10400;INTARIAN_PEPPER_ROOT;11890;5;11888;17;;;11896;14;11899;20;;;11893.0;0.0
yf_MKC_d11;10500;ASH_COATED_OSMIUM;9937;18;9933;17;;;9947;15;9950;16;;;9942.0;0.0
yf_MKC_d11;10500;INTARIAN_PEPPER_ROOT;11887;24;11884;19;;;11898;8;11901;20;;;11892.5;0.0
yf_MKC_d11;10600;ASH_COATED_OSMIUM;9939;13;9936;14;;;9945;17;9947;20;;;9942.0;0.0
yf_MKC_d11;10600;INTARIAN_PEPPER_ROOT;11888;6;11884;18;;;11894;13;11898;18;;;11891.0;0.0
yf_MKC_d11;10700;ASH_COATED_OSMIUM;9939;8;9935;13;;;9945;14;9949;13;;;9942.0;0.0
yf_MKC_d11;10700;INTARIAN_PEPPER_ROOT;11887;9;11885;13;;;11893;14;11897;23;;;11890.0;0.0
yf_MKC_d11;10800;ASH_COATED_OSMIUM;9939;17;9937;19;;;9945;9;9949;18;;;9942.0;0.0
yf_MKC_d11;10800;INTARIAN_PEPPER_ROOT;11873;13;11870;19;;;11903;18;11906;21;;;11888.0;0.0
yf_MKC_d11;10900;ASH_COATED_OSMIUM;9939;13;9936;15;;;9945;7;9948;22;;;9942.0;0.0
yf_MKC_d11;10900;INTARIAN_PEPPER_ROOT;11884;17;11882;17;;;11890;9;11893;18;;;11887.0;0.0
yf_MKC_d11;11000;ASH_COATED_OSMIUM;9932;11;9929;22;;;9952;17;9954;25;;;9942.0;0.0
yf_MKC_d11;11000;INTARIAN_PEPPER_ROOT;11879;16;11876;22;;;11892;10;11896;23;;;11885.5;0.0
yf_MKC_d11;11100;ASH_COATED_OSMIUM;9938;20;9936;18;;;9948;21;9951;21;;;9943.0;0.0
yf_MKC_d11;11100;INTARIAN_PEPPER_ROOT;11882;11;11880;10;;;11888;23;11892;18;;;11885.0;0.0
yf_MKC_d11;11200;ASH_COATED_OSMIUM;9933;8;9930;20;;;9952;12;9956;26;;;9942.5;0.0
yf_MKC_d11;11200;INTARIAN_PEPPER_ROOT;11877;14;11873;13;;;11889;8;11892;17;;;11883.0;0.0
yf_MKC_d11;11300;ASH_COATED_OSMIUM;9940;27;9937;22;;;9946;18;9948;20;;;9943.0;0.0
yf_MKC_d11;11300;INTARIAN_PEPPER_ROOT;11874;18;11871;21;;;11890;20;11892;18;;;11882.0;0.0
yf_MKC_d11;11400;ASH_COATED_OSMIUM;9938;11;9936;24;;;9945;13;9947;22;;;9941.5;0.0
yf_MKC_d11;11400;INTARIAN_PEPPER_ROOT;11878;18;11875;18;;;11884;11;11888;26;;;11881.0;0.0
yf_MKC_d11;11500;ASH_COATED_OSMIUM;9939;16;9936;19;;;9945;15;9947;19;;;9942.0;0.0
yf_MKC_d11;11500;INTARIAN_PEPPER_ROOT;11876;9;11874;23;;;11884;15;11887;31;;;11880.0;0.0
yf_MKC_d11;11600;ASH_COATED_OSMIUM;9939;16;9935;22;;;9945;13;9948;11;;;9942.0;0.0
yf_MKC_d11;11600;INTARIAN_PEPPER_ROOT;11875;11;11872;23;;;11881;20;11884;19;;;11878.0;0.0
yf_MKC_d11;11700;ASH_COATED_OSMIUM;9940;12;9937;23;;;9946;15;9950;32;;;9943.0;0.0
yf_MKC_d11;11700;INTARIAN_PEPPER_ROOT;11873;14;11871;17;;;11879;24;11881;19;;;11876.0;0.0
yf_MKC_d11;11800;ASH_COATED_OSMIUM;9940;21;9937;21;;;9946;19;9950;25;;;9943.0;0.0
yf_MKC_d11;11800;INTARIAN_PEPPER_ROOT;11871;11;11869;23;;;11879;20;11883;30;;;11875.0;0.0
yf_MKC_d11;11900;ASH_COATED_OSMIUM;9935;5;9931;23;;;9950;18;9952;19;;;9942.5;0.0
yf_MKC_d11;11900;INTARIAN_PEPPER_ROOT;11871;17;11868;19;;;11877;13;11881;17;;;11874.0;0.0
yf_MKC_d11;12000;ASH_COATED_OSMIUM;9939;10;9935;29;;;9945;21;9948;19;;;9942.0;0.0
yf_MKC_d11;12000;INTARIAN_PEPPER_ROOT;11868;8;11866;17;;;11877;9;11881;25;;;11872.5;0.0
yf_MKC_d11;12100;ASH_COATED_OSMIUM;9940;12;9937;24;;;9946;14;9948;21;;;9943.0;0.0
yf_MKC_d11;12100;INTARIAN_PEPPER_ROOT;11866;21;11863;12;;;11878;20;11880;23;;;11872.0;0.0
yf_MKC_d11;12200;ASH_COATED_OSMIUM;9938;14;9935;21;;;9948;16;9952;31;;;9943.0;0.0
yf_MKC_d11;12200;INTARIAN_PEPPER_ROOT;11863;14;11859;12;;;11878;15;11880;23;;;11870.5;0.0
yf_MKC_d11;12300;ASH_COATED_OSMIUM;9939;17;9936;13;;;9946;21;9948;20;;;9942.5;0.0
yf_MKC_d11;12300;INTARIAN_PEPPER_ROOT;11862;8;11859;16;;;11875;16;11878;8;;;11868.5;0.0
yf_MKC_d11;12400;ASH_COATED_OSMIUM;9940;13;9936;17;;;9946;13;9948;24;;;9943.0;0.0
yf_MKC_d11;12400;INTARIAN_PEPPER_ROOT;11864;19;11862;25;;;11871;25;11874;30;;;11867.5;0.0
yf_MKC_d11;12500;ASH_COATED_OSMIUM;9937;11;9933;21;;;9947;7;9949;19;;;9942.0;0.0
yf_MKC_d11;12500;INTARIAN_PEPPER_ROOT;11862;15;11860;17;;;11870;18;11872;14;;;11866.0;0.0
yf_MKC_d11;12600;ASH_COATED_OSMIUM;9940;15;9937;12;;;9946;12;9948;18;;;9943.0;0.0
yf_MKC_d11;12600;INTARIAN_PEPPER_ROOT;11862;16;11860;19;;;11868;17;11871;23;;;11865.0;0.0
yf_MKC_d11;12700;ASH_COATED_OSMIUM;9939;14;9935;18;;;9945;16;9947;16;;;9942.0;0.0
yf_MKC_d11;12700;INTARIAN_PEPPER_ROOT;11852;18;11849;22;;;11876;15;11880;20;;;11864.0;0.0
yf_MKC_d11;12800;ASH_COATED_OSMIUM;9939;8;9935;14;;;9947;13;9949;19;;;9943.0;0.0
yf_MKC_d11;12800;INTARIAN_PEPPER_ROOT;11859;25;11856;23;;;11866;14;11870;25;;;11862.5;0.0
yf_MKC_d11;12900;ASH_COATED_OSMIUM;9939;16;9936;20;;;9948;8;9951;20;;;9943.5;0.0
yf_MKC_d11;12900;INTARIAN_PEPPER_ROOT;11857;8;11853;14;;;11865;21;11867;15;;;11861.0;0.0
yf_MKC_d11;13000;ASH_COATED_OSMIUM;9940;16;9936;8;;;9947;13;9951;17;;;9943.5;0.0
yf_MKC_d11;13000;INTARIAN_PEPPER_ROOT;11855;17;11853;21;;;11865;13;11869;32;;;11860.0;0.0
yf_MKC_d11;13100;ASH_COATED_OSMIUM;9940;14;9937;25;;;9946;15;9950;20;;;9943.0;0.0
yf_MKC_d11;13100;INTARIAN_PEPPER_ROOT;11856;11;11852;15;;;11862;10;11864;16;;;11859.0;0.0
yf_MKC_d11;13200;ASH_COATED_OSMIUM;9938;15;9936;26;;;9948;13;9950;26;;;9943.0;0.0
yf_MKC_d11;13200;INTARIAN_PEPPER_ROOT;11853;15;11851;24;;;11862;24;11864;23;;;11857.5;0.0
yf_MKC_d11;13300;ASH_COATED_OSMIUM;9940;5;9938;16;;;9946;15;9949;23;;;9943.0;0.0
yf_MKC_d11;13300;INTARIAN_PEPPER_ROOT;11853;17;11850;19;;;11859;9;11861;17;;;11856.0;0.0
yf_MKC_d11;13400;ASH_COATED_OSMIUM;9941;13;9939;25;;;9947;16;9951;20;;;9944.0;0.0
yf_MKC_d11;13400;INTARIAN_PEPPER_ROOT;11852;14;11848;20;;;11858;9;11861;14;;;11855.0;0.0
yf_MKC_d11;13500;ASH_COATED_OSMIUM;9940;16;9936;18;;;9946;13;9950;18;;;9943.0;0.0
yf_MKC_d11;13500;INTARIAN_PEPPER_ROOT;11832;17;11829;18;;;11874;16;11878;10;;;11853.0;0.0
yf_MKC_d11;13600;ASH_COATED_OSMIUM;9935;14;9933;23;;;9952;13;9954;28;;;9943.5;0.0
yf_MKC_d11;13600;INTARIAN_PEPPER_ROOT;11849;5;11847;8;;;11855;22;11857;28;;;11852.0;0.0
yf_MKC_d11;13700;ASH_COATED_OSMIUM;9940;10;9938;13;;;9946;17;9948;17;;;9943.0;0.0
yf_MKC_d11;13700;INTARIAN_PEPPER_ROOT;11848;7;11845;25;;;11856;17;11859;21;;;11852.0;0.0
yf_MKC_d11;13800;ASH_COATED_OSMIUM;9940;11;9937;12;;;9946;15;9948;17;;;9943.0;0.0
yf_MKC_d11;13800;INTARIAN_PEPPER_ROOT;11846;15;11843;15;;;11852;13;11856;20;;;11849.0;0.0
yf_MKC_d11;13900;ASH_COATED_OSMIUM;9939;10;9937;19;;;9947;23;9951;22;;;9943.0;0.0
yf_MKC_d11;13900;INTARIAN_PEPPER_ROOT;11845;12;11842;28;;;11851;16;11853;13;;;11848.0;0.0
yf_MKC_d11;14000;ASH_COATED_OSMIUM;9940;10;9936;19;;;9946;18;9949;23;;;9943.0;0.0
yf_MKC_d11;14000;INTARIAN_PEPPER_ROOT;11844;8;11841;16;;;11850;12;11853;8;;;11847.0;0.0
yf_MKC_d11;14100;ASH_COATED_OSMIUM;9939;5;9935;13;;;9948;9;9952;13;;;9943.5;0.0
yf_MKC_d11;14100;INTARIAN_PEPPER_ROOT;11843;7;11840;21;;;11849;13;11852;22;;;11846.0;0.0
yf_MKC_d11;14200;ASH_COATED_OSMIUM;9940;12;9937;28;;;9946;22;9950;28;;;9943.0;0.0
yf_MKC_d11;14200;INTARIAN_PEPPER_ROOT;11841;12;11839;19;;;11848;10;11850;17;;;11844.5;0.0
yf_MKC_d11;14300;ASH_COATED_OSMIUM;9940;12;9937;15;;;9946;15;9949;19;;;9943.0;0.0
yf_MKC_d11;14300;INTARIAN_PEPPER_ROOT;11840;13;11838;19;;;11846;17;11849;19;;;11843.0;0.0
yf_MKC_d11;14400;ASH_COATED_OSMIUM;9939;10;9935;21;;;9947;20;9950;19;;;9943.0;0.0
yf_MKC_d11;14400;INTARIAN_PEPPER_ROOT;11838;10;11834;14;;;11846;5;11849;11;;;11842.0;0.0
yf_MKC_d11;14500;ASH_COATED_OSMIUM;9941;13;9937;20;;;9947;13;9951;30;;;9944.0;0.0
yf_MKC_d11;14500;INTARIAN_PEPPER_ROOT;11837;14;11835;22;;;11843;9;11845;24;;;11840.0;0.0
yf_MKC_d11;14600;ASH_COATED_OSMIUM;9940;12;9936;21;;;9946;14;9949;17;;;9943.0;0.0
yf_MKC_d11;14600;INTARIAN_PEPPER_ROOT;11836;7;11834;12;;;11842;18;11845;18;;;11839.0;0.0
yf_MKC_d11;14700;ASH_COATED_OSMIUM;9939;11;9937;13;;;9947;7;9950;22;;;9943.0;0.0
yf_MKC_d11;14700;INTARIAN_PEPPER_ROOT;11834;10;11830;18;;;11842;14;11846;12;;;11838.0;0.0
yf_MKC_d11;14800;ASH_COATED_OSMIUM;9940;8;9936;16;;;9946;11;9949;22;;;9943.0;0.0
yf_MKC_d11;14800;INTARIAN_PEPPER_ROOT;11834;14;11831;17;;;11840;15;11843;23;;;11837.0;0.0
yf_MKC_d11;14900;ASH_COATED_OSMIUM;9941;19;9938;19;;;9947;12;9951;16;;;9944.0;0.0
yf_MKC_d11;14900;INTARIAN_PEPPER_ROOT;11833;11;11831;23;;;11839;10;11842;13;;;11836.0;0.0
yf_MKC_d11;15000;ASH_COATED_OSMIUM;9940;16;9936;20;;;9948;6;9951;19;;;9944.0;0.0
yf_MKC_d11;15000;INTARIAN_PEPPER_ROOT;11831;18;11829;16;;;11838;9;11841;23;;;11834.5;0.0
yf_MKC_d11;15100;ASH_COATED_OSMIUM;9940;17;9936;22;;;9946;17;9949;11;;;9943.0;0.0
yf_MKC_d11;15100;INTARIAN_PEPPER_ROOT;11830;7;11828;18;;;11836;14;11840;19;;;11833.0;0.0
yf_MKC_d11;15200;ASH_COATED_OSMIUM;9940;8;9937;22;;;9946;5;9949;14;;;9943.0;0.0
yf_MKC_d11;15200;INTARIAN_PEPPER_ROOT;11829;14;11826;27;;;11835;19;11837;23;;;11832.0;0.0
yf_MKC_d11;15300;ASH_COATED_OSMIUM;9941;15;9937;15;;;9947;16;9951;15;;;9944.0;0.0
yf_MKC_d11;15300;INTARIAN_PEPPER_ROOT;11822;14;11818;15;;;11838;13;11841;14;;;11830.0;0.0
yf_MKC_d11;15400;ASH_COATED_OSMIUM;9941;13;9937;21;;;9947;19;9951;24;;;9944.0;0.0
yf_MKC_d11;15400;INTARIAN_PEPPER_ROOT;11825;13;11823;12;;;11831;13;11834;21;;;11828.0;0.0
yf_MKC_d11;15500;ASH_COATED_OSMIUM;9932;17;9928;20;;;9955;17;9958;28;;;9943.5;0.0
yf_MKC_d11;15500;INTARIAN_PEPPER_ROOT;11825;14;11822;27;;;11831;19;11834;21;;;11828.0;0.0
yf_MKC_d11;15600;ASH_COATED_OSMIUM;9940;8;9938;11;;;9946;11;9950;27;;;9943.0;0.0
yf_MKC_d11;15600;INTARIAN_PEPPER_ROOT;11810;19;11806;21;;;11844;16;11848;30;;;11827.0;0.0
yf_MKC_d11;15700;ASH_COATED_OSMIUM;9941;23;9938;8;;;9947;18;9949;8;;;9944.0;0.0
yf_MKC_d11;15700;INTARIAN_PEPPER_ROOT;11818;21;11814;20;;;11831;16;11835;20;;;11824.5;0.0
yf_MKC_d11;15800;ASH_COATED_OSMIUM;9941;18;9939;18;;;9947;16;9950;24;;;9944.0;0.0
yf_MKC_d11;15800;INTARIAN_PEPPER_ROOT;11821;22;11817;24;;;11827;20;11829;18;;;11824.0;0.0
yf_MKC_d11;15900;ASH_COATED_OSMIUM;9937;9;9933;25;;;9950;24;9952;22;;;9943.5;0.0
yf_MKC_d11;15900;INTARIAN_PEPPER_ROOT;11819;9;11815;15;;;11825;24;11828;10;;;11822.0;0.0
yf_MKC_d11;16000;ASH_COATED_OSMIUM;9940;15;9936;22;;;9946;12;9950;20;;;9943.0;0.0
yf_MKC_d11;16000;INTARIAN_PEPPER_ROOT;11818;14;11816;22;;;11824;16;11826;24;;;11821.0;0.0
yf_MKC_d11;16100;ASH_COATED_OSMIUM;9941;18;9938;18;;;9947;17;9951;13;;;9944.0;0.0
yf_MKC_d11;16100;INTARIAN_PEPPER_ROOT;11817;24;11815;27;;;11823;9;11826;15;;;11820.0;0.0
yf_MKC_d11;16200;ASH_COATED_OSMIUM;9941;14;9939;25;;;9947;17;9950;22;;;9944.0;0.0
yf_MKC_d11;16200;INTARIAN_PEPPER_ROOT;11816;11;11813;21;;;11822;26;11825;20;;;11819.0;0.0
yf_MKC_d11;16300;ASH_COATED_OSMIUM;9940;15;9936;23;;;9947;14;9949;21;;;9943.5;0.0
yf_MKC_d11;16300;INTARIAN_PEPPER_ROOT;11814;10;11812;19;;;11821;16;11825;23;;;11817.5;0.0
yf_MKC_d11;16400;ASH_COATED_OSMIUM;9939;5;9935;9;;;9948;15;9952;13;;;9943.5;0.0
yf_MKC_d11;16400;INTARIAN_PEPPER_ROOT;11799;11;11797;27;;;11834;15;11838;21;;;11816.5;0.0
yf_MKC_d11;16500;ASH_COATED_OSMIUM;9940;6;9937;19;;;9947;10;9950;22;;;9943.5;0.0
yf_MKC_d11;16500;INTARIAN_PEPPER_ROOT;11798;15;11795;25;;;11831;13;11835;26;;;11814.5;0.0
yf_MKC_d11;16600;ASH_COATED_OSMIUM;9939;7;9935;23;;;9948;28;9951;15;;;9943.5;0.0
yf_MKC_d11;16600;INTARIAN_PEPPER_ROOT;11808;21;11804;24;;;11820;15;11824;21;;;11814.0;0.0
yf_MKC_d11;16700;ASH_COATED_OSMIUM;9941;5;9938;25;;;9947;17;9949;14;;;9944.0;0.0
yf_MKC_d11;16700;INTARIAN_PEPPER_ROOT;11799;11;11795;19;;;11827;14;11830;11;;;11813.0;0.0
yf_MKC_d11;16800;ASH_COATED_OSMIUM;9939;19;9935;18;;;9950;21;9954;18;;;9944.5;0.0
yf_MKC_d11;16800;INTARIAN_PEPPER_ROOT;11808;21;11805;10;;;11814;13;11818;19;;;11811.0;0.0
yf_MKC_d11;16900;ASH_COATED_OSMIUM;9941;18;9939;22;;;9947;8;9950;8;;;9944.0;0.0
yf_MKC_d11;16900;INTARIAN_PEPPER_ROOT;11800;26;11797;23;;;11818;14;11821;16;;;11809.0;0.0
yf_MKC_d11;17000;ASH_COATED_OSMIUM;9941;16;9938;21;;;9947;9;9951;17;;;9944.0;0.0
yf_MKC_d11;17000;INTARIAN_PEPPER_ROOT;11808;24;11805;18;;;11814;17;11816;17;;;11811.0;0.0
yf_MKC_d11;17100;ASH_COATED_OSMIUM;9925;20;9923;23;;;9963;10;9967;25;;;9944.0;0.0
yf_MKC_d11;17100;INTARIAN_PEPPER_ROOT;11812;16;11809;20;;;11818;19;11821;28;;;11815.0;0.0
yf_MKC_d11;17200;ASH_COATED_OSMIUM;9942;8;9939;20;;;9948;16;9952;15;;;9945.0;0.0
yf_MKC_d11;17200;INTARIAN_PEPPER_ROOT;11815;7;11811;19;;;11821;18;11824;18;;;11818.0;0.0
yf_MKC_d11;17300;ASH_COATED_OSMIUM;9940;16;9938;28;;;9949;8;9951;29;;;9944.5;0.0
yf_MKC_d11;17300;INTARIAN_PEPPER_ROOT;11818;9;11816;22;;;11825;16;11827;22;;;11821.5;0.0
yf_MKC_d11;17400;ASH_COATED_OSMIUM;9929;18;9925;13;;;9961;14;9963;17;;;9945.0;0.0
yf_MKC_d11;17400;INTARIAN_PEPPER_ROOT;11822;18;11819;12;;;11828;18;11832;26;;;11825.0;0.0
yf_MKC_d11;17500;ASH_COATED_OSMIUM;9942;11;9939;15;;;9948;14;9950;28;;;9945.0;0.0
yf_MKC_d11;17500;INTARIAN_PEPPER_ROOT;11825;14;11822;17;;;11831;21;11833;14;;;11828.0;0.0
yf_MKC_d11;17600;ASH_COATED_OSMIUM;9940;20;9936;20;;;9950;9;9952;15;;;9945.0;0.0
yf_MKC_d11;17600;INTARIAN_PEPPER_ROOT;11827;16;11825;27;;;11836;20;11839;25;;;11831.5;0.0
yf_MKC_d11;17700;ASH_COATED_OSMIUM;9939;8;9936;15;;;9952;15;9955;20;;;9945.5;0.0
yf_MKC_d11;17700;INTARIAN_PEPPER_ROOT;11832;9;11830;17;;;11838;5;11841;18;;;11835.0;0.0
yf_MKC_d11;17800;ASH_COATED_OSMIUM;9942;6;9940;22;;;9948;15;9952;9;;;9945.0;0.0
yf_MKC_d11;17800;INTARIAN_PEPPER_ROOT;11825;19;11823;16;;;11852;13;11856;19;;;11838.5;0.0
yf_MKC_d11;17900;ASH_COATED_OSMIUM;9943;25;9940;19;;;9949;17;9952;20;;;9946.0;0.0
yf_MKC_d11;17900;INTARIAN_PEPPER_ROOT;11835;16;11833;16;;;11848;18;11852;23;;;11841.5;0.0
yf_MKC_d11;18000;ASH_COATED_OSMIUM;9943;16;9940;21;;;9949;11;9952;22;;;9946.0;0.0
yf_MKC_d11;18000;INTARIAN_PEPPER_ROOT;11842;11;11839;13;;;11848;24;11850;21;;;11845.0;0.0
yf_MKC_d11;18100;ASH_COATED_OSMIUM;9940;5;9936;26;;;9953;8;9956;20;;;9946.5;0.0
yf_MKC_d11;18100;INTARIAN_PEPPER_ROOT;11843;12;11839;27;;;11853;18;11856;19;;;11848.0;0.0
yf_MKC_d11;18200;ASH_COATED_OSMIUM;9943;13;9939;12;;;9949;17;9953;13;;;9946.0;0.0
yf_MKC_d11;18200;INTARIAN_PEPPER_ROOT;11849;5;11847;20;;;11855;18;11857;21;;;11852.0;0.0
yf_MKC_d11;18300;ASH_COATED_OSMIUM;9937;11;9934;22;;;9954;11;9956;12;;;9945.5;0.0
yf_MKC_d11;18300;INTARIAN_PEPPER_ROOT;11851;14;11849;11;;;11861;16;11865;12;;;11856.0;0.0
yf_MKC_d11;18400;ASH_COATED_OSMIUM;9944;10;9941;19;;;9950;18;9952;24;;;9947.0;0.0
yf_MKC_d11;18400;INTARIAN_PEPPER_ROOT;11853;13;11849;20;;;11864;12;11868;17;;;11858.5;0.0
yf_MKC_d11;18500;ASH_COATED_OSMIUM;9941;6;9938;19;;;9952;18;9956;14;;;9946.5;0.0
yf_MKC_d11;18500;INTARIAN_PEPPER_ROOT;11859;16;11856;20;;;11865;15;11867;28;;;11862.0;0.0
yf_MKC_d11;18600;ASH_COATED_OSMIUM;9938;9;9936;19;;;9955;17;9957;28;;;9946.5;0.0
yf_MKC_d11;18600;INTARIAN_PEPPER_ROOT;11862;22;11859;22;;;11868;18;11872;24;;;11865.0;0.0
yf_MKC_d11;18700;ASH_COATED_OSMIUM;9944;10;9941;17;;;9950;18;9952;8;;;9947.0;0.0
yf_MKC_d11;18700;INTARIAN_PEPPER_ROOT;11863;12;11860;24;;;11874;7;11878;17;;;11868.5;0.0
yf_MKC_d11;18800;ASH_COATED_OSMIUM;9943;14;9939;13;;;9950;16;9952;22;;;9946.5;0.0
yf_MKC_d11;18800;INTARIAN_PEPPER_ROOT;11869;15;11867;25;;;11875;14;11878;11;;;11872.0;0.0
yf_MKC_d11;18900;ASH_COATED_OSMIUM;9936;14;9933;13;;;9957;7;9960;21;;;9946.5;0.0
yf_MKC_d11;18900;INTARIAN_PEPPER_ROOT;11869;14;11865;20;;;11883;14;11887;20;;;11876.0;0.0
yf_MKC_d11;19000;ASH_COATED_OSMIUM;9942;10;9939;20;;;9952;12;9956;15;;;9947.0;0.0
yf_MKC_d11;19000;INTARIAN_PEPPER_ROOT;11874;13;11872;15;;;11883;10;11887;20;;;11878.5;0.0
yf_MKC_d11;19100;ASH_COATED_OSMIUM;9944;5;9941;16;;;9950;12;9952;25;;;9947.0;0.0
yf_MKC_d11;19100;INTARIAN_PEPPER_ROOT;11874;10;11870;16;;;11890;8;11893;24;;;11882.0;0.0
yf_MKC_d11;19200;ASH_COATED_OSMIUM;9944;14;9942;20;;;9950;19;9953;27;;;9947.0;0.0
yf_MKC_d11;19200;INTARIAN_PEPPER_ROOT;11880;15;11877;20;;;11891;6;11893;16;;;11885.5;0.0
yf_MKC_d11;19300;ASH_COATED_OSMIUM;9939;20;9936;22;;;9956;14;9960;12;;;9947.5;0.0
yf_MKC_d11;19300;INTARIAN_PEPPER_ROOT;11882;12;11880;19;;;11895;13;11897;23;;;11888.5;0.0
yf_MKC_d11;19400;ASH_COATED_OSMIUM;9945;22;9942;22;;;9951;17;9955;33;;;9948.0;0.0
yf_MKC_d11;19400;INTARIAN_PEPPER_ROOT;11888;10;11885;11;;;11898;16;11900;17;;;11893.0;0.0
yf_MKC_d11;19500;ASH_COATED_OSMIUM;9945;19;9941;16;;;9951;19;9953;23;;;9948.0;0.0
yf_MKC_d11;19500;INTARIAN_PEPPER_ROOT;11893;20;11891;14;;;11899;8;11902;17;;;11896.0;0.0
yf_MKC_d11;19600;ASH_COATED_OSMIUM;9943;8;9941;25;;;9952;9;9954;8;;;9947.5;0.0
yf_MKC_d11;19600;INTARIAN_PEPPER_ROOT;11895;12;11893;25;;;11902;5;11905;24;;;11898.5;0.0
yf_MKC_d11;19700;ASH_COATED_OSMIUM;9944;18;9940;15;;;9952;5;9954;19;;;9948.0;0.0
yf_MKC_d11;19700;INTARIAN_PEPPER_ROOT;11900;15;11897;18;;;11906;15;11909;19;;;11903.0;0.0
yf_MKC_d11;19800;ASH_COATED_OSMIUM;9943;18;9939;9;;;9954;11;9958;8;;;9948.5;0.0
yf_MKC_d11;19800;INTARIAN_PEPPER_ROOT;11901;16;11898;16;;;11911;11;11914;28;;;11906.0;0.0
yf_MKC_d11;19900;ASH_COATED_OSMIUM;9945;21;9941;21;;;9951;18;9954;16;;;9948.0;0.0
yf_MKC_d11;19900;INTARIAN_PEPPER_ROOT;11907;13;11904;22;;;11913;15;11916;25;;;11910.0;0.0
yf_MKC_d11;20000;ASH_COATED_OSMIUM;9945;7;9942;26;;;9951;9;9955;20;;;9948.0;0.0
yf_MKC_d11;20000;INTARIAN_PEPPER_ROOT;11909;20;11905;26;;;11917;23;11920;17;;;11913.0;0.0
yf_MKC_d11;20100;ASH_COATED_OSMIUM;9946;9;9944;20;;;9952;13;9954;12;;;9949.0;0.0
yf_MKC_d11;20100;INTARIAN_PEPPER_ROOT;11913;11;11909;17;;;11919;16;11923;23;;;11916.0;0.0
yf_MKC_d11;20200;ASH_COATED_OSMIUM;9937;14;9935;19;;;9960;12;9964;25;;;9948.5;0.0
yf_MKC_d11;20200;INTARIAN_PEPPER_ROOT;11915;15;11913;15;;;11925;18;11929;23;;;11920.0;0.0
yf_MKC_d11;20300;ASH_COATED_OSMIUM;9938;14;9936;26;;;9961;19;9964;23;;;9949.5;0.0
yf_MKC_d11;20300;INTARIAN_PEPPER_ROOT;11920;17;11918;23;;;11926;18;11928;19;;;11923.0;0.0
yf_MKC_d11;20400;ASH_COATED_OSMIUM;9944;14;9940;22;;;9955;23;9957;28;;;9949.5;0.0
yf_MKC_d11;20400;INTARIAN_PEPPER_ROOT;11921;13;11917;24;;;11933;11;11935;24;;;11927.0;0.0
yf_MKC_d11;20500;ASH_COATED_OSMIUM;9947;9;9945;23;;;9953;13;9956;16;;;9950.0;0.0
yf_MKC_d11;20500;INTARIAN_PEPPER_ROOT;11927;11;11923;26;;;11933;13;11936;21;;;11930.0;0.0
yf_MKC_d11;20600;ASH_COATED_OSMIUM;9946;22;9942;12;;;9952;18;9956;20;;;9949.0;0.0
yf_MKC_d11;20600;INTARIAN_PEPPER_ROOT;11930;19;11926;18;;;11936;12;11938;22;;;11933.0;0.0
yf_MKC_d11;20700;ASH_COATED_OSMIUM;9937;15;9934;18;;;9962;19;9965;18;;;9949.5;0.0
yf_MKC_d11;20700;INTARIAN_PEPPER_ROOT;11931;18;11928;22;;;11940;9;11943;21;;;11935.5;0.0
yf_MKC_d11;20800;ASH_COATED_OSMIUM;9942;21;9940;16;;;9958;13;9962;21;;;9950.0;0.0
yf_MKC_d11;20800;INTARIAN_PEPPER_ROOT;11936;13;11934;19;;;11942;9;11944;18;;;11939.0;0.0
yf_MKC_d11;20900;ASH_COATED_OSMIUM;9942;15;9938;15;;;9957;6;9959;22;;;9949.5;0.0
yf_MKC_d11;20900;INTARIAN_PEPPER_ROOT;11934;14;11930;21;;;11953;14;11955;11;;;11943.5;0.0
yf_MKC_d11;21000;ASH_COATED_OSMIUM;9947;6;9945;12;;;9954;13;9956;24;;;9950.5;0.0
yf_MKC_d11;21000;INTARIAN_PEPPER_ROOT;11944;21;11940;23;;;11950;9;11952;20;;;11947.0;0.0
yf_MKC_d11;21100;ASH_COATED_OSMIUM;9942;11;9939;22;;;9957;21;9960;21;;;9949.5;0.0
yf_MKC_d11;21100;INTARIAN_PEPPER_ROOT;11944;9;11942;8;;;11957;24;11961;15;;;11950.5;0.0
yf_MKC_d11;21200;ASH_COATED_OSMIUM;9937;16;9934;24;;;9964;13;9967;14;;;9950.5;0.0
yf_MKC_d11;21200;INTARIAN_PEPPER_ROOT;11950;17;11947;12;;;11956;18;11959;23;;;11953.0;0.0
yf_MKC_d11;21300;ASH_COATED_OSMIUM;9948;18;9945;21;;;9954;16;9956;27;;;9951.0;0.0
yf_MKC_d11;21300;INTARIAN_PEPPER_ROOT;11953;20;11949;22;;;11961;23;11963;19;;;11957.0;0.0
yf_MKC_d11;21400;ASH_COATED_OSMIUM;9944;19;9940;18;;;9957;16;9960;19;;;9950.5;0.0
yf_MKC_d11;21400;INTARIAN_PEPPER_ROOT;11953;12;11949;18;;;11967;24;11971;25;;;11960.0;0.0
yf_MKC_d11;21500;ASH_COATED_OSMIUM;9947;16;9945;21;;;9953;15;9955;20;;;9950.0;0.0
yf_MKC_d11;21500;INTARIAN_PEPPER_ROOT;11961;21;11957;21;;;11967;5;11969;30;;;11964.0;0.0
yf_MKC_d11;21600;ASH_COATED_OSMIUM;9948;8;9944;15;;;9954;11;9957;28;;;9951.0;0.0
yf_MKC_d11;21600;INTARIAN_PEPPER_ROOT;11962;8;11960;19;;;11972;11;11975;20;;;11967.0;0.0
yf_MKC_d11;21700;ASH_COATED_OSMIUM;9948;14;9945;18;;;9954;21;9957;10;;;9951.0;0.0
yf_MKC_d11;21700;INTARIAN_PEPPER_ROOT;11961;16;11959;17;;;11980;20;11982;13;;;11970.5;0.0
yf_MKC_d11;21800;ASH_COATED_OSMIUM;9947;9;9945;19;;;9955;16;9959;23;;;9951.0;0.0
yf_MKC_d11;21800;INTARIAN_PEPPER_ROOT;11969;10;11967;17;;;11979;22;11983;9;;;11974.0;0.0
yf_MKC_d11;21900;ASH_COATED_OSMIUM;9946;15;9942;20;;;9956;14;9958;21;;;9951.0;0.0
yf_MKC_d11;21900;INTARIAN_PEPPER_ROOT;11974;10;11970;25;;;11980;18;11982;14;;;11977.0;0.0
yf_MKC_d11;22000;ASH_COATED_OSMIUM;9948;11;9946;27;;;9954;23;9956;17;;;9951.0;0.0
yf_MKC_d11;22000;INTARIAN_PEPPER_ROOT;11978;16;11975;20;;;11984;12;11988;23;;;11981.0;0.0
yf_MKC_d11;22100;ASH_COATED_OSMIUM;9948;7;9944;20;;;9955;17;9958;26;;;9951.5;0.0
yf_MKC_d11;22100;INTARIAN_PEPPER_ROOT;11981;10;11977;18;;;11987;8;11991;15;;;11984.0;0.0
yf_MKC_d11;22200;ASH_COATED_OSMIUM;9949;12;9947;18;;;9955;6;9957;24;;;9952.0;0.0
yf_MKC_d11;22200;INTARIAN_PEPPER_ROOT;11984;6;11982;18;;;11990;21;11994;18;;;11987.0;0.0
yf_MKC_d11;22300;ASH_COATED_OSMIUM;9949;21;9945;20;;;9955;5;9958;21;;;9952.0;0.0
yf_MKC_d11;22300;INTARIAN_PEPPER_ROOT;11988;18;11986;11;;;11994;16;11997;9;;;11991.0;0.0
yf_MKC_d11;22400;ASH_COATED_OSMIUM;9949;7;9946;18;;;9955;14;9958;9;;;9952.0;0.0
yf_MKC_d11;22400;INTARIAN_PEPPER_ROOT;11991;5;11988;23;;;11997;5;11999;21;;;11994.0;0.0
yf_MKC_d11;22500;ASH_COATED_OSMIUM;9949;18;9947;19;;;9955;8;9957;24;;;9952.0;0.0
yf_MKC_d11;22500;INTARIAN_PEPPER_ROOT;11995;21;11992;18;;;12001;6;12005;14;;;11998.0;0.0
yf_MKC_d11;22600;ASH_COATED_OSMIUM;9950;18;9948;17;;;9956;18;9960;10;;;9953.0;0.0
yf_MKC_d11;22600;INTARIAN_PEPPER_ROOT;11998;6;11994;18;;;12004;9;12008;21;;;12001.0;0.0
yf_MKC_d11;22700;ASH_COATED_OSMIUM;9950;18;9946;24;;;9956;16;9960;28;;;9953.0;0.0
yf_MKC_d11;22700;INTARIAN_PEPPER_ROOT;12001;17;11998;17;;;12007;16;12011;20;;;12004.0;0.0
yf_MKC_d11;22800;ASH_COATED_OSMIUM;9950;17;9948;21;;;9956;21;9958;17;;;9953.0;0.0
yf_MKC_d11;22800;INTARIAN_PEPPER_ROOT;11997;14;11995;22;;;12018;14;12020;20;;;12007.5;0.0
yf_MKC_d11;22900;ASH_COATED_OSMIUM;9949;8;9945;20;;;9956;5;9960;23;;;9952.5;0.0
yf_MKC_d11;22900;INTARIAN_PEPPER_ROOT;12001;10;11997;24;;;12022;14;12024;28;;;12011.5;0.0
yf_MKC_d11;23000;ASH_COATED_OSMIUM;9950;24;9948;17;;;9956;18;9959;18;;;9953.0;0.0
yf_MKC_d11;23000;INTARIAN_PEPPER_ROOT;12012;18;12008;17;;;12018;12;12020;16;;;12015.0;0.0
yf_MKC_d11;23100;ASH_COATED_OSMIUM;9948;16;9944;24;;;9959;20;9963;13;;;9953.5;0.0
yf_MKC_d11;23100;INTARIAN_PEPPER_ROOT;12015;23;12011;17;;;12021;14;12023;26;;;12018.0;0.0
yf_MKC_d11;23200;ASH_COATED_OSMIUM;9948;18;9945;27;;;9959;23;9963;23;;;9953.5;0.0
yf_MKC_d11;23200;INTARIAN_PEPPER_ROOT;12018;17;12016;14;;;12024;18;12027;24;;;12021.0;0.0
yf_MKC_d11;23300;ASH_COATED_OSMIUM;9951;17;9949;21;;;9957;11;9959;16;;;9954.0;0.0
yf_MKC_d11;23300;INTARIAN_PEPPER_ROOT;12017;7;12014;21;;;12032;13;12034;15;;;12024.5;0.0
yf_MKC_d11;23400;ASH_COATED_OSMIUM;9950;12;9947;14;;;9956;18;9958;19;;;9953.0;0.0
yf_MKC_d11;23400;INTARIAN_PEPPER_ROOT;12024;8;12021;24;;;12030;10;12033;13;;;12027.0;0.0
yf_MKC_d11;23500;ASH_COATED_OSMIUM;9951;17;9948;14;;;9958;14;9962;19;;;9954.5;0.0
yf_MKC_d11;23500;INTARIAN_PEPPER_ROOT;12028;16;12026;17;;;12035;17;12037;19;;;12031.5;0.0
yf_MKC_d11;23600;ASH_COATED_OSMIUM;9950;11;9947;15;;;9956;11;9958;16;;;9953.0;0.0
yf_MKC_d11;23600;INTARIAN_PEPPER_ROOT;12032;14;12028;12;;;12038;21;12042;26;;;12035.0;0.0
yf_MKC_d11;23700;ASH_COATED_OSMIUM;9951;22;9949;32;;;9957;12;9959;25;;;9954.0;0.0
yf_MKC_d11;23700;INTARIAN_PEPPER_ROOT;12036;20;12033;21;;;12042;11;12044;18;;;12039.0;0.0
yf_MKC_d11;23800;ASH_COATED_OSMIUM;9951;16;9947;14;;;9957;10;9959;13;;;9954.0;0.0
yf_MKC_d11;23800;INTARIAN_PEPPER_ROOT;12039;15;12036;27;;;12045;22;12048;24;;;12042.0;0.0
yf_MKC_d11;23900;ASH_COATED_OSMIUM;9951;14;9948;20;;;9958;11;9960;23;;;9954.5;0.0
yf_MKC_d11;23900;INTARIAN_PEPPER_ROOT;12037;7;12035;26;;;12053;16;12057;13;;;12045.0;0.0
yf_MKC_d11;24000;ASH_COATED_OSMIUM;9950;9;9946;22;;;9959;15;9962;18;;;9954.5;0.0
yf_MKC_d11;24000;INTARIAN_PEPPER_ROOT;12042;20;12040;11;;;12055;11;12059;14;;;12048.5;0.0
yf_MKC_d11;24100;ASH_COATED_OSMIUM;9944;18;9940;18;;;9965;11;9967;20;;;9954.5;0.0
yf_MKC_d11;24100;INTARIAN_PEPPER_ROOT;12037;16;12033;16;;;12066;12;12068;19;;;12051.5;0.0
yf_MKC_d11;24200;ASH_COATED_OSMIUM;9949;20;9946;16;;;9960;10;9962;20;;;9954.5;0.0
yf_MKC_d11;24200;INTARIAN_PEPPER_ROOT;12052;8;12050;20;;;12058;16;12061;23;;;12055.0;0.0
yf_MKC_d11;24300;ASH_COATED_OSMIUM;9952;9;9950;18;;;9958;23;9962;21;;;9955.0;0.0
yf_MKC_d11;24300;INTARIAN_PEPPER_ROOT;12052;18;12048;26;;;12066;20;12069;16;;;12059.0;0.0
yf_MKC_d11;24400;ASH_COATED_OSMIUM;9952;5;9950;22;;;9958;15;9961;14;;;9955.0;0.0
yf_MKC_d11;24400;INTARIAN_PEPPER_ROOT;12059;14;12057;17;;;12065;28;12069;26;;;12062.0;0.0
yf_MKC_d11;24500;ASH_COATED_OSMIUM;9952;8;9948;30;;;9958;20;9962;19;;;9955.0;0.0
yf_MKC_d11;24500;INTARIAN_PEPPER_ROOT;12056;14;12054;19;;;12077;5;12081;19;;;12066.5;0.0
yf_MKC_d11;24600;ASH_COATED_OSMIUM;9952;18;9949;20;;;9959;14;9962;23;;;9955.5;0.0
yf_MKC_d11;24600;INTARIAN_PEPPER_ROOT;12066;15;12063;25;;;12072;21;12076;27;;;12069.0;0.0
yf_MKC_d11;24700;ASH_COATED_OSMIUM;9950;13;9947;21;;;9960;14;9962;21;;;9955.0;0.0
yf_MKC_d11;24700;INTARIAN_PEPPER_ROOT;12069;16;12066;18;;;12075;29;12078;14;;;12072.0;0.0
yf_MKC_d11;24800;ASH_COATED_OSMIUM;9953;19;9950;11;;;9959;13;9962;21;;;9956.0;0.0
yf_MKC_d11;24800;INTARIAN_PEPPER_ROOT;12073;19;12071;17;;;12079;16;12083;23;;;12076.0;0.0
yf_MKC_d11;24900;ASH_COATED_OSMIUM;9953;15;9950;20;;;9959;21;9962;13;;;9956.0;0.0
yf_MKC_d11;24900;INTARIAN_PEPPER_ROOT;12074;16;12072;19;;;12084;22;12088;16;;;12079.0;0.0
yf_MKC_d11;25000;ASH_COATED_OSMIUM;9953;12;9949;22;;;9959;18;9963;20;;;9956.0;0.0
yf_MKC_d11;25000;INTARIAN_PEPPER_ROOT;12079;11;12076;16;;;12085;20;12088;24;;;12082.0;0.0
yf_MKC_d11;25100;ASH_COATED_OSMIUM;9931;18;9928;17;;;9981;13;9983;21;;;9956.0;0.0
yf_MKC_d11;25100;INTARIAN_PEPPER_ROOT;12083;14;12079;22;;;12089;18;12093;17;;;12086.0;0.0
yf_MKC_d11;25200;ASH_COATED_OSMIUM;9954;15;9950;29;;;9960;17;9963;20;;;9957.0;0.0
yf_MKC_d11;25200;INTARIAN_PEPPER_ROOT;12086;21;12084;23;;;12092;22;12096;22;;;12089.0;0.0
yf_MKC_d11;25300;ASH_COATED_OSMIUM;9953;16;9950;20;;;9959;14;9963;11;;;9956.0;0.0
yf_MKC_d11;25300;INTARIAN_PEPPER_ROOT;12087;14;12085;15;;;12098;6;12102;15;;;12092.5;0.0
yf_MKC_d11;25400;ASH_COATED_OSMIUM;9953;14;9950;22;;;9959;12;9961;20;;;9956.0;0.0
yf_MKC_d11;25400;INTARIAN_PEPPER_ROOT;12093;11;12089;21;;;12099;14;12103;11;;;12096.0;0.0
yf_MKC_d11;25500;ASH_COATED_OSMIUM;9948;14;9946;15;;;9964;19;9967;22;;;9956.0;0.0
yf_MKC_d11;25500;INTARIAN_PEPPER_ROOT;12089;13;12087;17;;;12110;20;12114;22;;;12099.5;0.0
yf_MKC_d11;25600;ASH_COATED_OSMIUM;9951;15;9947;20;;;9962;20;9965;15;;;9956.5;0.0
yf_MKC_d11;25600;INTARIAN_PEPPER_ROOT;12099;5;12096;11;;;12105;14;12107;26;;;12102.0;0.0
yf_MKC_d11;25700;ASH_COATED_OSMIUM;9954;9;9950;26;;;9960;18;9962;22;;;9957.0;0.0
yf_MKC_d11;25700;INTARIAN_PEPPER_ROOT;12102;14;12099;23;;;12108;18;12112;16;;;12105.0;0.0
yf_MKC_d11;25800;ASH_COATED_OSMIUM;9954;16;9950;18;;;9960;13;9962;16;;;9957.0;0.0
yf_MKC_d11;25800;INTARIAN_PEPPER_ROOT;12106;11;12104;18;;;12112;12;12114;27;;;12109.0;0.0
yf_MKC_d11;25900;ASH_COATED_OSMIUM;9954;16;9951;19;;;9960;18;9962;21;;;9957.0;0.0
yf_MKC_d11;25900;INTARIAN_PEPPER_ROOT;12101;12;12097;11;;;12125;9;12127;16;;;12113.0;0.0
yf_MKC_d11;26000;ASH_COATED_OSMIUM;9942;9;9940;21;;;9972;18;9976;22;;;9957.0;0.0
yf_MKC_d11;26000;INTARIAN_PEPPER_ROOT;12113;15;12110;22;;;12119;8;12123;15;;;12116.0;0.0
yf_MKC_d11;26100;ASH_COATED_OSMIUM;9954;15;9952;23;;;9961;19;9964;19;;;9957.5;0.0
yf_MKC_d11;26100;INTARIAN_PEPPER_ROOT;12117;16;12113;15;;;12123;19;12127;22;;;12120.0;0.0
yf_MKC_d11;26200;ASH_COATED_OSMIUM;9952;19;9948;16;;;9964;6;9966;14;;;9958.0;0.0
yf_MKC_d11;26200;INTARIAN_PEPPER_ROOT;12118;11;12114;17;;;12129;13;12132;23;;;12123.5;0.0
yf_MKC_d11;26300;ASH_COATED_OSMIUM;9955;12;9951;16;;;9961;15;9965;24;;;9958.0;0.0
yf_MKC_d11;26300;INTARIAN_PEPPER_ROOT;12123;21;12120;20;;;12129;12;12132;18;;;12126.0;0.0
yf_MKC_d11;26400;ASH_COATED_OSMIUM;9947;5;9945;14;;;9968;14;9972;23;;;9957.5;0.0
yf_MKC_d11;26400;INTARIAN_PEPPER_ROOT;12127;16;12124;25;;;12133;18;12136;16;;;12130.0;0.0
yf_MKC_d11;26500;ASH_COATED_OSMIUM;9955;17;9951;16;;;9961;11;9965;20;;;9958.0;0.0
yf_MKC_d11;26500;INTARIAN_PEPPER_ROOT;12130;22;12127;14;;;12136;11;12140;21;;;12133.0;0.0
yf_MKC_d11;26600;ASH_COATED_OSMIUM;9955;18;9953;18;;;9961;16;9964;16;;;9958.0;0.0
yf_MKC_d11;26600;INTARIAN_PEPPER_ROOT;12134;19;12132;17;;;12140;10;12144;20;;;12137.0;0.0
yf_MKC_d11;26700;ASH_COATED_OSMIUM;9955;27;9953;17;;;9961;9;9963;25;;;9958.0;0.0
yf_MKC_d11;26700;INTARIAN_PEPPER_ROOT;12136;17;12134;28;;;12144;15;12146;15;;;12140.0;0.0
yf_MKC_d11;26800;ASH_COATED_OSMIUM;9955;10;9953;23;;;9961;7;9963;16;;;9958.0;0.0
yf_MKC_d11;26800;INTARIAN_PEPPER_ROOT;12139;15;12135;15;;;12147;13;12150;22;;;12143.0;0.0
yf_MKC_d11;26900;ASH_COATED_OSMIUM;9955;17;9951;10;;;9961;10;9963;19;;;9958.0;0.0
yf_MKC_d11;26900;INTARIAN_PEPPER_ROOT;12143;10;12140;23;;;12149;16;12151;27;;;12146.0;0.0
yf_MKC_d11;27000;ASH_COATED_OSMIUM;9955;16;9953;24;;;9963;18;9967;23;;;9959.0;0.0
yf_MKC_d11;27000;INTARIAN_PEPPER_ROOT;12146;13;12144;21;;;12154;17;12156;15;;;12150.0;0.0
yf_MKC_d11;27100;ASH_COATED_OSMIUM;9951;13;9949;21;;;9968;10;9970;24;;;9959.5;0.0
yf_MKC_d11;27100;INTARIAN_PEPPER_ROOT;12151;27;12149;21;;;12157;18;12160;11;;;12154.0;0.0
yf_MKC_d11;27200;ASH_COATED_OSMIUM;9957;16;9955;17;;;9963;18;9965;16;;;9960.0;0.0
yf_MKC_d11;27200;INTARIAN_PEPPER_ROOT;12140;13;12136;18;;;12174;5;12176;22;;;12157.0;0.0
yf_MKC_d11;27300;ASH_COATED_OSMIUM;9956;13;9954;24;;;9962;19;9964;14;;;9959.0;0.0
yf_MKC_d11;27300;INTARIAN_PEPPER_ROOT;12155;7;12153;12;;;12165;16;12169;17;;;12160.0;0.0
yf_MKC_d11;27400;ASH_COATED_OSMIUM;9957;16;9955;16;;;9963;18;9965;17;;;9960.0;0.0
yf_MKC_d11;27400;INTARIAN_PEPPER_ROOT;12159;20;12156;21;;;12168;9;12170;21;;;12163.5;0.0
yf_MKC_d11;27500;ASH_COATED_OSMIUM;9957;23;9953;34;;;9963;22;9965;15;;;9960.0;0.0
yf_MKC_d11;27500;INTARIAN_PEPPER_ROOT;12163;14;12160;16;;;12170;8;12172;19;;;12166.5;0.0
yf_MKC_d11;27600;ASH_COATED_OSMIUM;9942;16;9940;18;;;9976;9;9979;18;;;9959.0;0.0
yf_MKC_d11;27600;INTARIAN_PEPPER_ROOT;12164;14;12162;18;;;12178;17;12182;25;;;12171.0;0.0
yf_MKC_d11;27700;ASH_COATED_OSMIUM;9954;14;9951;22;;;9965;14;9969;12;;;9959.5;0.0
yf_MKC_d11;27700;INTARIAN_PEPPER_ROOT;12162;13;12158;18;;;12185;11;12188;30;;;12173.5;0.0
yf_MKC_d11;27800;ASH_COATED_OSMIUM;9953;18;9949;16;;;9967;19;9971;18;;;9960.0;0.0
yf_MKC_d11;27800;INTARIAN_PEPPER_ROOT;12172;12;12170;25;;;12182;19;12184;15;;;12177.0;0.0
yf_MKC_d11;27900;ASH_COATED_OSMIUM;9955;16;9951;25;;;9966;13;9969;25;;;9960.5;0.0
yf_MKC_d11;27900;INTARIAN_PEPPER_ROOT;12177;9;12173;19;;;12183;15;12186;17;;;12180.0;0.0
yf_MKC_d11;28000;ASH_COATED_OSMIUM;9957;8;9953;12;;;9963;13;9965;24;;;9960.0;0.0
yf_MKC_d11;28000;INTARIAN_PEPPER_ROOT;12180;16;12177;19;;;12188;16;12192;15;;;12184.0;0.0
yf_MKC_d11;28100;ASH_COATED_OSMIUM;9958;13;9955;17;;;9964;17;9968;28;;;9961.0;0.0
yf_MKC_d11;28100;INTARIAN_PEPPER_ROOT;12184;22;12181;18;;;12190;12;12192;24;;;12187.0;0.0
yf_MKC_d11;28200;ASH_COATED_OSMIUM;9956;8;9952;22;;;9966;5;9968;21;;;9961.0;0.0
yf_MKC_d11;28200;INTARIAN_PEPPER_ROOT;12179;11;12175;23;;;12203;12;12206;24;;;12191.0;0.0
yf_MKC_d11;28300;ASH_COATED_OSMIUM;9954;17;9951;16;;;9967;20;9971;18;;;9960.5;0.0
yf_MKC_d11;28300;INTARIAN_PEPPER_ROOT;12191;18;12189;21;;;12197;10;12200;26;;;12194.0;0.0
yf_MKC_d11;28400;ASH_COATED_OSMIUM;9949;20;9947;18;;;9973;12;9976;18;;;9961.0;0.0
yf_MKC_d11;28400;INTARIAN_PEPPER_ROOT;12192;11;12188;10;;;12204;11;12207;13;;;12198.0;0.0
yf_MKC_d11;28500;ASH_COATED_OSMIUM;9956;13;9953;17;;;9967;20;9971;19;;;9961.5;0.0
yf_MKC_d11;28500;INTARIAN_PEPPER_ROOT;12198;13;12196;12;;;12204;10;12206;23;;;12201.0;0.0
yf_MKC_d11;28600;ASH_COATED_OSMIUM;9946;11;9942;24;;;9977;14;9980;18;;;9961.5;0.0
yf_MKC_d11;28600;INTARIAN_PEPPER_ROOT;12202;7;12200;20;;;12208;13;12211;16;;;12205.0;0.0
yf_MKC_d11;28700;ASH_COATED_OSMIUM;9959;18;9957;15;;;9965;22;9967;26;;;9962.0;0.0
yf_MKC_d11;28700;INTARIAN_PEPPER_ROOT;12205;10;12202;18;;;12211;24;12214;17;;;12208.0;0.0
yf_MKC_d11;28800;ASH_COATED_OSMIUM;9955;9;9952;21;;;9968;16;9970;18;;;9961.5;0.0
yf_MKC_d11;28800;INTARIAN_PEPPER_ROOT;12201;11;12199;15;;;12221;13;12223;21;;;12211.0;0.0
yf_MKC_d11;28900;ASH_COATED_OSMIUM;9958;27;9954;14;;;9964;17;9967;13;;;9961.0;0.0
yf_MKC_d11;28900;INTARIAN_PEPPER_ROOT;12212;8;12208;17;;;12218;14;12222;15;;;12215.0;0.0
yf_MKC_d11;29000;ASH_COATED_OSMIUM;9959;18;9955;31;;;9965;11;9968;27;;;9962.0;0.0
yf_MKC_d11;29000;INTARIAN_PEPPER_ROOT;12215;12;12212;30;;;12221;14;12223;9;;;12218.0;0.0
yf_MKC_d11;29100;ASH_COATED_OSMIUM;9959;15;9956;23;;;9965;14;9969;19;;;9962.0;0.0
yf_MKC_d11;29100;INTARIAN_PEPPER_ROOT;12215;28;12212;11;;;12228;16;12232;27;;;12221.5;0.0
yf_MKC_d11;29200;ASH_COATED_OSMIUM;9959;11;9955;16;;;9965;5;9967;24;;;9962.0;0.0
yf_MKC_d11;29200;INTARIAN_PEPPER_ROOT;12222;5;12220;25;;;12228;20;12232;21;;;12225.0;0.0
yf_MKC_d11;29300;ASH_COATED_OSMIUM;9958;12;9956;19;;;9968;17;9971;16;;;9963.0;0.0
yf_MKC_d11;29300;INTARIAN_PEPPER_ROOT;12225;23;12222;18;;;12231;12;12233;21;;;12228.0;0.0
yf_MKC_d11;29400;ASH_COATED_OSMIUM;9959;12;9955;19;;;9967;18;9969;17;;;9963.0;0.0
yf_MKC_d11;29400;INTARIAN_PEPPER_ROOT;12228;10;12225;15;;;12236;17;12240;26;;;12232.0;0.0
yf_MKC_d11;29500;ASH_COATED_OSMIUM;9958;16;9956;19;;;9968;9;9970;16;;;9963.0;0.0
yf_MKC_d11;29500;INTARIAN_PEPPER_ROOT;12231;15;12229;25;;;12240;13;12242;22;;;12235.5;0.0
yf_MKC_d11;29600;ASH_COATED_OSMIUM;9960;9;9956;24;;;9966;19;9969;21;;;9963.0;0.0
yf_MKC_d11;29600;INTARIAN_PEPPER_ROOT;12235;8;12232;23;;;12243;11;12246;17;;;12239.0;0.0
yf_MKC_d11;29700;ASH_COATED_OSMIUM;9960;10;9956;15;;;9966;19;9970;18;;;9963.0;0.0
yf_MKC_d11;29700;INTARIAN_PEPPER_ROOT;12238;14;12235;11;;;12244;8;12248;16;;;12241.0;0.0
yf_MKC_d11;29800;ASH_COATED_OSMIUM;9960;6;9958;24;;;9966;7;9970;21;;;9963.0;0.0
yf_MKC_d11;29800;INTARIAN_PEPPER_ROOT;12241;17;12237;20;;;12249;17;12253;21;;;12245.0;0.0
yf_MKC_d11;29900;ASH_COATED_OSMIUM;9960;24;9957;26;;;9966;12;9969;20;;;9963.0;0.0
yf_MKC_d11;29900;INTARIAN_PEPPER_ROOT;12245;22;12243;17;;;12251;15;12254;8;;;12248.0;0.0
yf_MKC_d11;30000;ASH_COATED_OSMIUM;9960;17;9957;23;;;9966;19;9970;23;;;9963.0;0.0
yf_MKC_d11;30000;INTARIAN_PEPPER_ROOT;12248;19;12245;19;;;12256;12;12259;23;;;12252.0;0.0
yf_MKC_d11;30100;ASH_COATED_OSMIUM;9958;9;9955;16;;;9968;15;9971;15;;;9963.0;0.0
yf_MKC_d11;30100;INTARIAN_PEPPER_ROOT;12246;11;12243;17;;;12265;8;12268;26;;;12255.5;0.0
yf_MKC_d11;30200;ASH_COATED_OSMIUM;9961;5;9959;18;;;9967;13;9970;21;;;9964.0;0.0
yf_MKC_d11;30200;INTARIAN_PEPPER_ROOT;12256;20;12253;11;;;12262;17;12265;16;;;12259.0;0.0
yf_MKC_d11;30300;ASH_COATED_OSMIUM;9961;9;9958;21;;;9967;11;9969;20;;;9964.0;0.0
yf_MKC_d11;30300;INTARIAN_PEPPER_ROOT;12260;21;12258;16;;;12266;8;12268;12;;;12263.0;0.0
yf_MKC_d11;30400;ASH_COATED_OSMIUM;9960;10;9958;29;;;9967;5;9971;24;;;9963.5;0.0
yf_MKC_d11;30400;INTARIAN_PEPPER_ROOT;12262;6;12258;20;;;12268;16;12270;17;;;12265.0;0.0
yf_MKC_d11;30500;ASH_COATED_OSMIUM;9959;12;9957;18;;;9970;19;9973;12;;;9964.5;0.0
yf_MKC_d11;30500;INTARIAN_PEPPER_ROOT;12266;19;12263;19;;;12272;15;12275;25;;;12269.0;0.0
yf_MKC_d11;30600;ASH_COATED_OSMIUM;9961;8;9958;16;;;9968;16;9972;12;;;9964.5;0.0
yf_MKC_d11;30600;INTARIAN_PEPPER_ROOT;12270;17;12268;20;;;12276;13;12279;22;;;12273.0;0.0
yf_MKC_d11;30700;ASH_COATED_OSMIUM;9952;14;9949;25;;;9977;15;9979;20;;;9964.5;0.0
yf_MKC_d11;30700;INTARIAN_PEPPER_ROOT;12273;18;12271;23;;;12279;8;12281;15;;;12276.0;0.0
yf_MKC_d11;30800;ASH_COATED_OSMIUM;9954;14;9952;18;;;9974;7;9976;22;;;9964.0;0.0
yf_MKC_d11;30800;INTARIAN_PEPPER_ROOT;12268;5;12264;24;;;12289;17;12291;9;;;12278.5;0.0
yf_MKC_d11;30900;ASH_COATED_OSMIUM;9959;18;9957;19;;;9970;15;9974;35;;;9964.5;0.0
yf_MKC_d11;30900;INTARIAN_PEPPER_ROOT;12257;14;12254;12;;;12308;11;12310;15;;;12282.5;0.0
yf_MKC_d11;31000;ASH_COATED_OSMIUM;9952;13;9948;21;;;9978;17;9980;18;;;9965.0;0.0
yf_MKC_d11;31000;INTARIAN_PEPPER_ROOT;12283;13;12281;20;;;12289;13;12293;8;;;12286.0;0.0
yf_MKC_d11;31100;ASH_COATED_OSMIUM;9962;13;9959;18;;;9968;25;9970;24;;;9965.0;0.0
yf_MKC_d11;31100;INTARIAN_PEPPER_ROOT;12282;17;12278;25;;;12295;20;12298;19;;;12288.5;0.0
yf_MKC_d11;31200;ASH_COATED_OSMIUM;9962;16;9958;14;;;9968;17;9971;21;;;9965.0;0.0
yf_MKC_d11;31200;INTARIAN_PEPPER_ROOT;12287;15;12284;16;;;12296;9;12300;23;;;12291.5;0.0
yf_MKC_d11;31300;ASH_COATED_OSMIUM;9963;20;9960;17;;;9969;19;9972;8;;;9966.0;0.0
yf_MKC_d11;31300;INTARIAN_PEPPER_ROOT;12293;18;12289;18;;;12299;14;12302;20;;;12296.0;0.0
yf_MKC_d11;31400;ASH_COATED_OSMIUM;9962;15;9958;23;;;9968;17;9970;13;;;9965.0;0.0
yf_MKC_d11;31400;INTARIAN_PEPPER_ROOT;12297;11;12295;21;;;12303;13;12305;19;;;12300.0;0.0
yf_MKC_d11;31500;ASH_COATED_OSMIUM;9954;11;9951;22;;;9977;18;9980;11;;;9965.5;0.0
yf_MKC_d11;31500;INTARIAN_PEPPER_ROOT;12299;20;12295;23;;;12305;17;12308;22;;;12302.0;0.0
yf_MKC_d11;31600;ASH_COATED_OSMIUM;9961;13;9957;27;;;9970;9;9972;19;;;9965.5;0.0
yf_MKC_d11;31600;INTARIAN_PEPPER_ROOT;12304;21;12301;17;;;12310;20;12312;27;;;12307.0;0.0
yf_MKC_d11;31700;ASH_COATED_OSMIUM;9963;13;9960;26;;;9969;17;9971;24;;;9966.0;0.0
yf_MKC_d11;31700;INTARIAN_PEPPER_ROOT;12305;10;12303;17;;;12313;12;12315;15;;;12309.0;0.0
yf_MKC_d11;31800;ASH_COATED_OSMIUM;9963;8;9959;26;;;9969;22;9971;18;;;9966.0;0.0
yf_MKC_d11;31800;INTARIAN_PEPPER_ROOT;12310;17;12308;22;;;12316;9;12320;19;;;12313.0;0.0
yf_MKC_d11;31900;ASH_COATED_OSMIUM;9952;9;9949;14;;;9980;6;9984;25;;;9966.0;0.0
yf_MKC_d11;31900;INTARIAN_PEPPER_ROOT;12314;23;12311;20;;;12320;16;12322;19;;;12317.0;0.0
yf_MKC_d11;32000;ASH_COATED_OSMIUM;9964;21;9961;20;;;9970;9;9974;25;;;9967.0;0.0
yf_MKC_d11;32000;INTARIAN_PEPPER_ROOT;12317;9;12315;14;;;12323;15;12326;22;;;12320.0;0.0
yf_MKC_d11;32100;ASH_COATED_OSMIUM;9963;19;9960;25;;;9969;19;9972;22;;;9966.0;0.0
yf_MKC_d11;32100;INTARIAN_PEPPER_ROOT;12320;20;12318;21;;;12326;19;12330;17;;;12323.0;0.0
yf_MKC_d11;32200;ASH_COATED_OSMIUM;9964;5;9961;17;;;9970;13;9972;17;;;9967.0;0.0
yf_MKC_d11;32200;INTARIAN_PEPPER_ROOT;12322;23;12318;12;;;12332;15;12334;26;;;12327.0;0.0
yf_MKC_d11;32300;ASH_COATED_OSMIUM;9961;23;9957;26;;;9971;13;9975;21;;;9966.0;0.0
yf_MKC_d11;32300;INTARIAN_PEPPER_ROOT;12327;8;12325;10;;;12333;11;12336;12;;;12330.0;0.0
yf_MKC_d11;32400;ASH_COATED_OSMIUM;9964;10;9961;24;;;9970;19;9973;20;;;9967.0;0.0
yf_MKC_d11;32400;INTARIAN_PEPPER_ROOT;12330;18;12326;25;;;12336;10;12340;19;;;12333.0;0.0
yf_MKC_d11;32500;ASH_COATED_OSMIUM;9963;12;9959;21;;;9970;18;9973;15;;;9966.5;0.0
yf_MKC_d11;32500;INTARIAN_PEPPER_ROOT;12334;13;12330;23;;;12340;16;12344;15;;;12337.0;0.0
yf_MKC_d11;32600;ASH_COATED_OSMIUM;9964;19;9961;13;;;9970;10;9973;12;;;9967.0;0.0
yf_MKC_d11;32600;INTARIAN_PEPPER_ROOT;12337;11;12335;20;;;12343;11;12346;23;;;12340.0;0.0
yf_MKC_d11;32700;ASH_COATED_OSMIUM;9964;16;9960;22;;;9970;12;9974;15;;;9967.0;0.0
yf_MKC_d11;32700;INTARIAN_PEPPER_ROOT;12341;18;12337;28;;;12347;14;12351;21;;;12344.0;0.0
yf_MKC_d11;32800;ASH_COATED_OSMIUM;9963;17;9961;21;;;9972;18;9975;23;;;9967.5;0.0
yf_MKC_d11;32800;INTARIAN_PEPPER_ROOT;12339;16;12336;19;;;12354;16;12356;8;;;12346.5;0.0
yf_MKC_d11;32900;ASH_COATED_OSMIUM;9964;17;9962;16;;;9970;27;9972;26;;;9967.0;0.0
yf_MKC_d11;32900;INTARIAN_PEPPER_ROOT;12337;6;12335;11;;;12365;5;12368;10;;;12351.0;0.0
yf_MKC_d11;33000;ASH_COATED_OSMIUM;9965;19;9961;15;;;9971;15;9975;17;;;9968.0;0.0
yf_MKC_d11;33000;INTARIAN_PEPPER_ROOT;12342;10;12340;20;;;12366;5;12369;30;;;12354.0;0.0
yf_MKC_d11;33100;ASH_COATED_OSMIUM;9965;14;9963;21;;;9971;10;9973;18;;;9968.0;0.0
yf_MKC_d11;33100;INTARIAN_PEPPER_ROOT;12353;14;12350;21;;;12359;13;12361;19;;;12356.0;0.0
yf_MKC_d11;33200;ASH_COATED_OSMIUM;9965;21;9962;18;;;9971;9;9973;19;;;9968.0;0.0
yf_MKC_d11;33200;INTARIAN_PEPPER_ROOT;12357;13;12354;20;;;12363;17;12365;18;;;12360.0;0.0
yf_MKC_d11;33300;ASH_COATED_OSMIUM;9965;18;9963;9;;;9971;15;9975;15;;;9968.0;0.0
yf_MKC_d11;33300;INTARIAN_PEPPER_ROOT;12361;10;12357;18;;;12367;20;12369;30;;;12364.0;0.0
yf_MKC_d11;33400;ASH_COATED_OSMIUM;9965;17;9963;17;;;9971;15;9973;16;;;9968.0;0.0
yf_MKC_d11;33400;INTARIAN_PEPPER_ROOT;12364;21;12360;29;;;12370;11;12374;20;;;12367.0;0.0
yf_MKC_d11;33500;ASH_COATED_OSMIUM;9964;12;9960;20;;;9974;7;9976;21;;;9969.0;0.0
yf_MKC_d11;33500;INTARIAN_PEPPER_ROOT;12364;23;12362;12;;;12377;16;12381;23;;;12370.5;0.0
yf_MKC_d11;33600;ASH_COATED_OSMIUM;9966;7;9963;15;;;9972;5;9976;24;;;9969.0;0.0
yf_MKC_d11;33600;INTARIAN_PEPPER_ROOT;12361;22;12357;17;;;12387;7;12390;24;;;12374.0;0.0
yf_MKC_d11;33700;ASH_COATED_OSMIUM;9964;14;9962;17;;;9972;18;9976;20;;;9968.0;0.0
yf_MKC_d11;33700;INTARIAN_PEPPER_ROOT;12374;19;12372;21;;;12380;10;12383;19;;;12377.0;0.0
yf_MKC_d11;33800;ASH_COATED_OSMIUM;9960;25;9956;16;;;9976;16;9980;20;;;9968.0;0.0
yf_MKC_d11;33800;INTARIAN_PEPPER_ROOT;12364;10;12360;20;;;12398;15;12401;28;;;12381.0;0.0
yf_MKC_d11;33900;ASH_COATED_OSMIUM;9965;19;9962;17;;;9974;14;9978;20;;;9969.5;0.0
yf_MKC_d11;33900;INTARIAN_PEPPER_ROOT;12381;18;12378;29;;;12387;16;12390;23;;;12384.0;0.0
yf_MKC_d11;34000;ASH_COATED_OSMIUM;9965;20;9963;16;;;9971;14;9974;25;;;9968.0;0.0
yf_MKC_d11;34000;INTARIAN_PEPPER_ROOT;12368;18;12365;25;;;12398;16;12400;29;;;12383.0;0.0
yf_MKC_d11;34100;ASH_COATED_OSMIUM;9965;14;9963;21;;;9971;11;9973;18;;;9968.0;0.0
yf_MKC_d11;34100;INTARIAN_PEPPER_ROOT;12379;15;12376;24;;;12385;18;12388;16;;;12382.0;0.0
yf_MKC_d11;34200;ASH_COATED_OSMIUM;9966;13;9962;21;;;9972;9;9976;27;;;9969.0;0.0
yf_MKC_d11;34200;INTARIAN_PEPPER_ROOT;12377;17;12373;25;;;12384;9;12386;22;;;12380.5;0.0
yf_MKC_d11;34300;ASH_COATED_OSMIUM;9965;11;9963;17;;;9973;12;9977;18;;;9969.0;0.0
yf_MKC_d11;34300;INTARIAN_PEPPER_ROOT;12378;5;12376;13;;;12384;17;12387;15;;;12381.0;0.0
yf_MKC_d11;34400;ASH_COATED_OSMIUM;9965;25;9961;10;;;9973;17;9977;27;;;9969.0;0.0
yf_MKC_d11;34400;INTARIAN_PEPPER_ROOT;12376;12;12372;19;;;12382;8;12386;21;;;12379.0;0.0
yf_MKC_d11;34500;ASH_COATED_OSMIUM;9966;19;9962;14;;;9972;18;9974;12;;;9969.0;0.0
yf_MKC_d11;34500;INTARIAN_PEPPER_ROOT;12375;21;12373;28;;;12381;19;12385;9;;;12378.0;0.0
yf_MKC_d11;34600;ASH_COATED_OSMIUM;9966;19;9964;15;;;9972;5;9976;24;;;9969.0;0.0
yf_MKC_d11;34600;INTARIAN_PEPPER_ROOT;12372;9;12368;17;;;12381;15;12384;17;;;12376.5;0.0
yf_MKC_d11;34700;ASH_COATED_OSMIUM;9963;22;9960;9;;;9973;11;9975;20;;;9968.0;0.0
yf_MKC_d11;34700;INTARIAN_PEPPER_ROOT;12373;6;12371;21;;;12379;15;12383;19;;;12376.0;0.0
yf_MKC_d11;34800;ASH_COATED_OSMIUM;9966;8;9962;19;;;9972;10;9976;21;;;9969.0;0.0
yf_MKC_d11;34800;INTARIAN_PEPPER_ROOT;12369;19;12365;23;;;12381;14;12384;18;;;12375.0;0.0
yf_MKC_d11;34900;ASH_COATED_OSMIUM;9966;5;9962;20;;;9972;26;9974;20;;;9969.0;0.0
yf_MKC_d11;34900;INTARIAN_PEPPER_ROOT;12367;16;12365;19;;;12382;14;12384;14;;;12374.5;0.0
yf_MKC_d11;35000;ASH_COATED_OSMIUM;9966;12;9962;18;;;9972;19;9974;17;;;9969.0;0.0
yf_MKC_d11;35000;INTARIAN_PEPPER_ROOT;12362;19;12359;11;;;12385;22;12388;15;;;12373.5;0.0
yf_MKC_d11;35100;ASH_COATED_OSMIUM;9966;18;9964;13;;;9972;11;9974;12;;;9969.0;0.0
yf_MKC_d11;35100;INTARIAN_PEPPER_ROOT;12370;12;12368;21;;;12376;19;12380;22;;;12373.0;0.0
yf_MKC_d11;35200;ASH_COATED_OSMIUM;9962;16;9958;25;;;9974;11;9976;15;;;9968.0;0.0
yf_MKC_d11;35200;INTARIAN_PEPPER_ROOT;12369;7;12365;17;;;12375;15;12379;19;;;12372.0;0.0
yf_MKC_d11;35300;ASH_COATED_OSMIUM;9966;13;9963;13;;;9972;13;9976;18;;;9969.0;0.0
yf_MKC_d11;35300;INTARIAN_PEPPER_ROOT;12368;15;12366;18;;;12374;19;12378;26;;;12371.0;0.0
yf_MKC_d11;35400;ASH_COATED_OSMIUM;9965;14;9963;25;;;9971;13;9975;18;;;9968.0;0.0
yf_MKC_d11;35400;INTARIAN_PEPPER_ROOT;12363;9;12361;19;;;12376;16;12378;19;;;12369.5;0.0
yf_MKC_d11;35500;ASH_COATED_OSMIUM;9966;19;9963;26;;;9972;7;9976;20;;;9969.0;0.0
yf_MKC_d11;35500;INTARIAN_PEPPER_ROOT;12366;11;12362;19;;;12372;9;12374;26;;;12369.0;0.0
yf_MKC_d11;35600;ASH_COATED_OSMIUM;9965;13;9962;18;;;9971;12;9975;20;;;9968.0;0.0
yf_MKC_d11;35600;INTARIAN_PEPPER_ROOT;12365;9;12362;24;;;12371;5;12373;15;;;12368.0;0.0
yf_MKC_d11;35700;ASH_COATED_OSMIUM;9965;6;9961;13;;;9972;12;9975;16;;;9968.5;0.0
yf_MKC_d11;35700;INTARIAN_PEPPER_ROOT;12364;17;12361;17;;;12370;20;12373;26;;;12367.0;0.0
yf_MKC_d11;35800;ASH_COATED_OSMIUM;9965;14;9962;23;;;9971;10;9973;22;;;9968.0;0.0
yf_MKC_d11;35800;INTARIAN_PEPPER_ROOT;12362;11;12359;17;;;12370;8;12372;17;;;12366.0;0.0
yf_MKC_d11;35900;ASH_COATED_OSMIUM;9962;14;9958;27;;;9975;20;9979;23;;;9968.5;0.0
yf_MKC_d11;35900;INTARIAN_PEPPER_ROOT;12360;8;12358;20;;;12371;13;12373;25;;;12365.5;0.0
yf_MKC_d11;36000;ASH_COATED_OSMIUM;9966;10;9962;12;;;9972;25;9976;19;;;9969.0;0.0
yf_MKC_d11;36000;INTARIAN_PEPPER_ROOT;12361;13;12359;17;;;12367;17;12370;27;;;12364.0;0.0
yf_MKC_d11;36100;ASH_COATED_OSMIUM;9965;15;9962;22;;;9971;6;9974;22;;;9968.0;0.0
yf_MKC_d11;36100;INTARIAN_PEPPER_ROOT;12360;15;12357;22;;;12367;17;12369;26;;;12363.5;0.0
yf_MKC_d11;36200;ASH_COATED_OSMIUM;9956;9;9952;30;;;9980;5;9984;22;;;9968.0;0.0
yf_MKC_d11;36200;INTARIAN_PEPPER_ROOT;12359;18;12357;16;;;12365;22;12369;22;;;12362.0;0.0
yf_MKC_d11;36300;ASH_COATED_OSMIUM;9965;14;9961;14;;;9971;14;9974;20;;;9968.0;0.0
yf_MKC_d11;36300;INTARIAN_PEPPER_ROOT;12358;22;12354;16;;;12364;14;12367;17;;;12361.0;0.0
yf_MKC_d11;36400;ASH_COATED_OSMIUM;9965;13;9962;23;;;9971;5;9973;15;;;9968.0;0.0
yf_MKC_d11;36400;INTARIAN_PEPPER_ROOT;12354;11;12352;24;;;12366;12;12368;13;;;12360.0;0.0
yf_MKC_d11;36500;ASH_COATED_OSMIUM;9963;20;9961;16;;;9974;18;9976;15;;;9968.5;0.0
yf_MKC_d11;36500;INTARIAN_PEPPER_ROOT;12356;12;12353;22;;;12362;13;12366;17;;;12359.0;0.0
yf_MKC_d11;36600;ASH_COATED_OSMIUM;9965;11;9961;22;;;9971;7;9975;11;;;9968.0;0.0
yf_MKC_d11;36600;INTARIAN_PEPPER_ROOT;12355;20;12351;18;;;12362;15;12365;13;;;12358.5;0.0
yf_MKC_d11;36700;ASH_COATED_OSMIUM;9952;7;9950;18;;;9985;12;9988;16;;;9968.5;0.0
yf_MKC_d11;36700;INTARIAN_PEPPER_ROOT;12348;12;12344;25;;;12365;8;12367;18;;;12356.5;0.0
yf_MKC_d11;36800;ASH_COATED_OSMIUM;9964;8;9961;24;;;9974;18;9978;26;;;9969.0;0.0
yf_MKC_d11;36800;INTARIAN_PEPPER_ROOT;12348;20;12346;21;;;12365;14;12369;18;;;12356.5;0.0
yf_MKC_d11;36900;ASH_COATED_OSMIUM;9966;11;9962;15;;;9972;18;9974;23;;;9969.0;0.0
yf_MKC_d11;36900;INTARIAN_PEPPER_ROOT;12353;24;12350;26;;;12359;15;12362;16;;;12356.0;0.0
yf_MKC_d11;37000;ASH_COATED_OSMIUM;9965;18;9962;22;;;9971;16;9975;21;;;9968.0;0.0
yf_MKC_d11;37000;INTARIAN_PEPPER_ROOT;12351;13;12348;15;;;12358;15;12361;25;;;12354.5;0.0
yf_MKC_d11;37100;ASH_COATED_OSMIUM;9965;8;9963;19;;;9971;18;9974;11;;;9968.0;0.0
yf_MKC_d11;37100;INTARIAN_PEPPER_ROOT;12350;13;12347;15;;;12356;15;12359;12;;;12353.0;0.0
yf_MKC_d11;37200;ASH_COATED_OSMIUM;9965;16;9963;17;;;9971;7;9975;12;;;9968.0;0.0
yf_MKC_d11;37200;INTARIAN_PEPPER_ROOT;12347;16;12344;18;;;12359;17;12363;13;;;12353.0;0.0
yf_MKC_d11;37300;ASH_COATED_OSMIUM;9962;17;9960;18;;;9974;15;9976;21;;;9968.0;0.0
yf_MKC_d11;37300;INTARIAN_PEPPER_ROOT;12349;14;12346;24;;;12355;19;12359;8;;;12352.0;0.0
yf_MKC_d11;37400;ASH_COATED_OSMIUM;9955;12;9953;15;;;9981;20;9984;18;;;9968.0;0.0
yf_MKC_d11;37400;INTARIAN_PEPPER_ROOT;12348;18;12346;22;;;12354;13;12358;21;;;12351.0;0.0
yf_MKC_d11;37500;ASH_COATED_OSMIUM;9965;15;9962;24;;;9971;6;9975;22;;;9968.0;0.0
yf_MKC_d11;37500;INTARIAN_PEPPER_ROOT;12347;15;12343;17;;;12353;26;12357;12;;;12350.0;0.0
yf_MKC_d11;37600;ASH_COATED_OSMIUM;9955;15;9953;20;;;9981;19;9984;33;;;9968.0;0.0
yf_MKC_d11;37600;INTARIAN_PEPPER_ROOT;12346;8;12344;14;;;12352;22;12356;14;;;12349.0;0.0
yf_MKC_d11;37700;ASH_COATED_OSMIUM;9965;12;9963;20;;;9971;20;9975;19;;;9968.0;0.0
yf_MKC_d11;37700;INTARIAN_PEPPER_ROOT;12345;19;12342;24;;;12351;10;12354;28;;;12348.0;0.0
yf_MKC_d11;37800;ASH_COATED_OSMIUM;9966;6;9962;26;;;9972;13;9976;16;;;9969.0;0.0
yf_MKC_d11;37800;INTARIAN_PEPPER_ROOT;12344;8;12341;22;;;12350;10;12352;22;;;12347.0;0.0
yf_MKC_d11;37900;ASH_COATED_OSMIUM;9965;15;9963;22;;;9971;9;9974;17;;;9968.0;0.0
yf_MKC_d11;37900;INTARIAN_PEPPER_ROOT;12341;18;12339;17;;;12351;24;12354;28;;;12346.0;0.0
yf_MKC_d11;38000;ASH_COATED_OSMIUM;9965;16;9963;19;;;9971;5;9973;29;;;9968.0;0.0
yf_MKC_d11;38000;INTARIAN_PEPPER_ROOT;12340;22;12338;21;;;12349;5;12353;19;;;12344.5;0.0
yf_MKC_d11;38100;ASH_COATED_OSMIUM;9965;15;9963;24;;;9971;13;9975;22;;;9968.0;0.0
yf_MKC_d11;38100;INTARIAN_PEPPER_ROOT;12340;19;12336;15;;;12348;20;12352;14;;;12344.0;0.0
yf_MKC_d11;38200;ASH_COATED_OSMIUM;9964;18;9960;26;;;9971;17;9973;21;;;9967.5;0.0
yf_MKC_d11;38200;INTARIAN_PEPPER_ROOT;12340;5;12336;21;;;12346;16;12349;18;;;12343.0;0.0
yf_MKC_d11;38300;ASH_COATED_OSMIUM;9965;12;9963;23;;;9971;19;9975;25;;;9968.0;0.0
yf_MKC_d11;38300;INTARIAN_PEPPER_ROOT;12338;14;12334;23;;;12344;5;12347;33;;;12341.0;0.0
yf_MKC_d11;38400;ASH_COATED_OSMIUM;9965;5;9962;21;;;9971;13;9974;18;;;9968.0;0.0
yf_MKC_d11;38400;INTARIAN_PEPPER_ROOT;12338;16;12335;16;;;12344;9;12346;13;;;12341.0;0.0
yf_MKC_d11;38500;ASH_COATED_OSMIUM;9964;23;9962;23;;;9973;15;9976;20;;;9968.5;0.0
yf_MKC_d11;38500;INTARIAN_PEPPER_ROOT;12337;13;12334;11;;;12343;19;12345;23;;;12340.0;0.0
yf_MKC_d11;38600;ASH_COATED_OSMIUM;9964;19;9960;31;;;9970;17;9972;21;;;9967.0;0.0
yf_MKC_d11;38600;INTARIAN_PEPPER_ROOT;12336;15;12332;19;;;12342;21;12344;20;;;12339.0;0.0
yf_MKC_d11;38700;ASH_COATED_OSMIUM;9960;6;9957;21;;;9976;10;9980;19;;;9968.0;0.0
yf_MKC_d11;38700;INTARIAN_PEPPER_ROOT;12335;22;12333;16;;;12341;16;12344;19;;;12338.0;0.0
yf_MKC_d11;38800;ASH_COATED_OSMIUM;9964;20;9962;17;;;9970;13;9972;31;;;9967.0;0.0
yf_MKC_d11;38800;INTARIAN_PEPPER_ROOT;12333;5;12330;22;;;12342;14;12345;21;;;12337.5;0.0
yf_MKC_d11;38900;ASH_COATED_OSMIUM;9965;20;9961;27;;;9971;9;9975;19;;;9968.0;0.0
yf_MKC_d11;38900;INTARIAN_PEPPER_ROOT;12331;8;12328;10;;;12343;5;12346;22;;;12337.0;0.0
yf_MKC_d11;39000;ASH_COATED_OSMIUM;9960;18;9956;29;;;9974;16;9978;25;;;9967.0;0.0
yf_MKC_d11;39000;INTARIAN_PEPPER_ROOT;12332;12;12328;16;;;12338;15;12341;28;;;12335.0;0.0
yf_MKC_d11;39100;ASH_COATED_OSMIUM;9965;18;9963;14;;;9971;17;9973;17;;;9968.0;0.0
yf_MKC_d11;39100;INTARIAN_PEPPER_ROOT;12324;11;12320;24;;;12344;8;12346;29;;;12334.0;0.0
yf_MKC_d11;39200;ASH_COATED_OSMIUM;9964;17;9961;24;;;9971;11;9974;18;;;9967.5;0.0
yf_MKC_d11;39200;INTARIAN_PEPPER_ROOT;12330;17;12328;19;;;12336;12;12338;13;;;12333.0;0.0
yf_MKC_d11;39300;ASH_COATED_OSMIUM;9962;11;9959;9;;;9973;21;9977;17;;;9967.5;0.0
yf_MKC_d11;39300;INTARIAN_PEPPER_ROOT;12330;26;12328;19;;;12336;11;12339;19;;;12333.0;0.0
yf_MKC_d11;39400;ASH_COATED_OSMIUM;9960;18;9957;19;;;9974;12;9976;9;;;9967.0;0.0
yf_MKC_d11;39400;INTARIAN_PEPPER_ROOT;12325;19;12323;16;;;12338;23;12340;15;;;12331.5;0.0
yf_MKC_d11;39500;ASH_COATED_OSMIUM;9964;17;9962;21;;;9972;9;9974;21;;;9968.0;0.0
yf_MKC_d11;39500;INTARIAN_PEPPER_ROOT;12327;15;12324;18;;;12334;20;12338;16;;;12330.5;0.0
yf_MKC_d11;39600;ASH_COATED_OSMIUM;9963;25;9959;18;;;9972;13;9976;19;;;9967.5;0.0
yf_MKC_d11;39600;INTARIAN_PEPPER_ROOT;12327;15;12323;24;;;12333;7;12335;20;;;12330.0;0.0
yf_MKC_d11;39700;ASH_COATED_OSMIUM;9964;15;9960;20;;;9970;15;9973;23;;;9967.0;0.0
yf_MKC_d11;39700;INTARIAN_PEPPER_ROOT;12326;13;12323;22;;;12332;23;12335;21;;;12329.0;0.0
yf_MKC_d11;39800;ASH_COATED_OSMIUM;9964;12;9961;23;;;9970;13;9973;28;;;9967.0;0.0
yf_MKC_d11;39800;INTARIAN_PEPPER_ROOT;12325;17;12321;22;;;12331;10;12334;19;;;12328.0;0.0
yf_MKC_d11;39900;ASH_COATED_OSMIUM;9964;11;9960;25;;;9970;19;9973;19;;;9967.0;0.0
yf_MKC_d11;39900;INTARIAN_PEPPER_ROOT;12324;17;12321;29;;;12330;16;12332;16;;;12327.0;0.0
yf_MKC_d11;40000;ASH_COATED_OSMIUM;9964;8;9960;18;;;9970;15;9972;19;;;9967.0;0.0
yf_MKC_d11;40000;INTARIAN_PEPPER_ROOT;12323;19;12319;18;;;12329;9;12332;17;;;12326.0;0.0
yf_MKC_d11;40100;ASH_COATED_OSMIUM;9956;14;9952;20;;;9978;15;9982;18;;;9967.0;0.0
yf_MKC_d11;40100;INTARIAN_PEPPER_ROOT;12322;14;12318;20;;;12328;10;12331;19;;;12325.0;0.0
yf_MKC_d11;40200;ASH_COATED_OSMIUM;9964;17;9960;17;;;9970;16;9973;14;;;9967.0;0.0
yf_MKC_d11;40200;INTARIAN_PEPPER_ROOT;12321;12;12318;20;;;12327;24;12329;19;;;12324.0;0.0
yf_MKC_d11;40300;ASH_COATED_OSMIUM;9960;23;9957;30;;;9973;13;9977;16;;;9966.5;0.0
yf_MKC_d11;40300;INTARIAN_PEPPER_ROOT;12320;24;12318;12;;;12326;12;12330;25;;;12323.0;0.0
yf_MKC_d11;40400;ASH_COATED_OSMIUM;9964;22;9961;23;;;9970;8;9973;22;;;9967.0;0.0
yf_MKC_d11;40400;INTARIAN_PEPPER_ROOT;12317;10;12314;16;;;12326;12;12330;23;;;12321.5;0.0
yf_MKC_d11;40500;ASH_COATED_OSMIUM;9964;22;9960;16;;;9970;19;9972;19;;;9967.0;0.0
yf_MKC_d11;40500;INTARIAN_PEPPER_ROOT;12315;11;12311;19;;;12327;14;12329;21;;;12321.0;0.0
yf_MKC_d11;40600;ASH_COATED_OSMIUM;9964;14;9961;12;;;9970;22;9972;21;;;9967.0;0.0
yf_MKC_d11;40600;INTARIAN_PEPPER_ROOT;12318;7;12315;16;;;12324;6;12328;26;;;12321.0;0.0
yf_MKC_d11;40700;ASH_COATED_OSMIUM;9964;15;9962;21;;;9970;23;9972;23;;;9967.0;0.0
yf_MKC_d11;40700;INTARIAN_PEPPER_ROOT;12316;20;12314;22;;;12322;13;12324;20;;;12319.0;0.0
yf_MKC_d11;40800;ASH_COATED_OSMIUM;9940;15;9938;14;;;9994;17;9997;15;;;9967.0;0.0
yf_MKC_d11;40800;INTARIAN_PEPPER_ROOT;12316;17;12312;29;;;12322;13;12325;19;;;12319.0;0.0
yf_MKC_d11;40900;ASH_COATED_OSMIUM;9954;15;9952;20;;;9979;10;9982;16;;;9966.5;0.0
yf_MKC_d11;40900;INTARIAN_PEPPER_ROOT;12314;13;12312;14;;;12320;14;12324;22;;;12317.0;0.0
yf_MKC_d11;41000;ASH_COATED_OSMIUM;9964;12;9962;17;;;9970;14;9974;9;;;9967.0;0.0
yf_MKC_d11;41000;INTARIAN_PEPPER_ROOT;12313;11;12311;15;;;12319;16;12322;19;;;12316.0;0.0
yf_MKC_d11;41100;ASH_COATED_OSMIUM;9964;18;9962;17;;;9970;17;9974;21;;;9967.0;0.0
yf_MKC_d11;41100;INTARIAN_PEPPER_ROOT;12312;18;12309;19;;;12318;16;12322;23;;;12315.0;0.0
yf_MKC_d11;41200;ASH_COATED_OSMIUM;9963;24;9959;12;;;9969;16;9971;21;;;9966.0;0.0
yf_MKC_d11;41200;INTARIAN_PEPPER_ROOT;12311;25;12308;19;;;12318;16;12322;20;;;12314.5;0.0
yf_MKC_d11;41300;ASH_COATED_OSMIUM;9964;17;9961;18;;;9970;17;9972;19;;;9967.0;0.0
yf_MKC_d11;41300;INTARIAN_PEPPER_ROOT;12311;22;12307;21;;;12317;17;12320;20;;;12314.0;0.0
yf_MKC_d11;41400;ASH_COATED_OSMIUM;9955;8;9951;27;;;9979;11;9983;14;;;9967.0;0.0
yf_MKC_d11;41400;INTARIAN_PEPPER_ROOT;12310;18;12308;16;;;12316;13;12318;21;;;12313.0;0.0
yf_MKC_d11;41500;ASH_COATED_OSMIUM;9961;14;9957;19;;;9972;14;9975;12;;;9966.5;0.0
yf_MKC_d11;41500;INTARIAN_PEPPER_ROOT;12299;13;12297;18;;;12324;7;12328;24;;;12311.5;0.0
yf_MKC_d11;41600;ASH_COATED_OSMIUM;9964;5;9962;33;;;9970;10;9973;8;;;9967.0;0.0
yf_MKC_d11;41600;INTARIAN_PEPPER_ROOT;12307;13;12303;21;;;12313;18;12315;24;;;12310.0;0.0
yf_MKC_d11;41700;ASH_COATED_OSMIUM;9964;18;9961;19;;;9970;18;9972;21;;;9967.0;0.0
yf_MKC_d11;41700;INTARIAN_PEPPER_ROOT;12299;17;12295;27;;;12320;18;12322;27;;;12309.5;0.0
yf_MKC_d11;41800;ASH_COATED_OSMIUM;9965;11;9963;21;;;9971;18;9975;23;;;9968.0;0.0
yf_MKC_d11;41800;INTARIAN_PEPPER_ROOT;12306;18;12304;16;;;12312;16;12316;12;;;12309.0;0.0
yf_MKC_d11;41900;ASH_COATED_OSMIUM;9963;16;9959;14;;;9969;17;9973;19;;;9966.0;0.0
yf_MKC_d11;41900;INTARIAN_PEPPER_ROOT;12300;8;12298;20;;;12315;20;12318;14;;;12307.5;0.0
yf_MKC_d11;42000;ASH_COATED_OSMIUM;9964;19;9960;17;;;9970;11;9972;26;;;9967.0;0.0
yf_MKC_d11;42000;INTARIAN_PEPPER_ROOT;12303;23;12301;21;;;12312;15;12316;15;;;12307.5;0.0
yf_MKC_d11;42100;ASH_COATED_OSMIUM;9964;20;9960;18;;;9970;20;9973;18;;;9967.0;0.0
yf_MKC_d11;42100;INTARIAN_PEPPER_ROOT;12303;13;12299;17;;;12309;16;12313;19;;;12306.0;0.0
yf_MKC_d11;42200;ASH_COATED_OSMIUM;9964;24;9962;23;;;9970;15;9974;19;;;9967.0;0.0
yf_MKC_d11;42200;INTARIAN_PEPPER_ROOT;12295;10;12293;18;;;12316;15;12319;20;;;12305.5;0.0
yf_MKC_d11;42300;ASH_COATED_OSMIUM;9963;20;9961;22;;;9969;19;9972;27;;;9966.0;0.0
yf_MKC_d11;42300;INTARIAN_PEPPER_ROOT;12301;9;12299;8;;;12307;16;12310;16;;;12304.0;0.0
yf_MKC_d11;42400;ASH_COATED_OSMIUM;9963;17;9960;19;;;9969;20;9971;22;;;9966.0;0.0
yf_MKC_d11;42400;INTARIAN_PEPPER_ROOT;12300;14;12296;23;;;12306;11;12309;28;;;12303.0;0.0
yf_MKC_d11;42500;ASH_COATED_OSMIUM;9964;14;9961;16;;;9970;19;9972;31;;;9967.0;0.0
yf_MKC_d11;42500;INTARIAN_PEPPER_ROOT;12294;11;12292;29;;;12310;9;12314;25;;;12302.0;0.0
yf_MKC_d11;42600;ASH_COATED_OSMIUM;9962;18;9959;15;;;9972;14;9975;16;;;9967.0;0.0
yf_MKC_d11;42600;INTARIAN_PEPPER_ROOT;12297;12;12293;18;;;12306;20;12308;17;;;12301.5;0.0
yf_MKC_d11;42700;ASH_COATED_OSMIUM;9964;13;9962;9;;;9970;8;9973;22;;;9967.0;0.0
yf_MKC_d11;42700;INTARIAN_PEPPER_ROOT;12297;13;12294;12;;;12303;15;12307;28;;;12300.0;0.0
yf_MKC_d11;42800;ASH_COATED_OSMIUM;9959;21;9956;24;;;9974;21;9978;16;;;9966.5;0.0
yf_MKC_d11;42800;INTARIAN_PEPPER_ROOT;12296;6;12292;20;;;12302;5;12304;15;;;12299.0;0.0
yf_MKC_d11;42900;ASH_COATED_OSMIUM;9963;11;9959;26;;;9969;17;9971;14;;;9966.0;0.0
yf_MKC_d11;42900;INTARIAN_PEPPER_ROOT;12295;13;12293;16;;;12301;19;12303;19;;;12298.0;0.0
yf_MKC_d11;43000;ASH_COATED_OSMIUM;9961;16;9957;18;;;9973;17;9977;25;;;9967.0;0.0
yf_MKC_d11;43000;INTARIAN_PEPPER_ROOT;12291;14;12287;23;;;12303;10;12307;18;;;12297.0;0.0
yf_MKC_d11;43100;ASH_COATED_OSMIUM;9963;19;9959;18;;;9969;19;9971;17;;;9966.0;0.0
yf_MKC_d11;43100;INTARIAN_PEPPER_ROOT;12290;15;12287;17;;;12303;8;12305;15;;;12296.5;0.0
yf_MKC_d11;43200;ASH_COATED_OSMIUM;9962;22;9959;14;;;9971;25;9974;21;;;9966.5;0.0
yf_MKC_d11;43200;INTARIAN_PEPPER_ROOT;12286;13;12282;25;;;12305;14;12308;28;;;12295.5;0.0
yf_MKC_d11;43300;ASH_COATED_OSMIUM;9963;20;9960;32;;;9969;16;9973;20;;;9966.0;0.0
yf_MKC_d11;43300;INTARIAN_PEPPER_ROOT;12292;9;12290;18;;;12298;10;12301;21;;;12295.0;0.0
yf_MKC_d11;43400;ASH_COATED_OSMIUM;9955;12;9953;10;;;9977;13;9980;20;;;9966.0;0.0
yf_MKC_d11;43400;INTARIAN_PEPPER_ROOT;12290;16;12288;20;;;12296;8;12298;24;;;12293.0;0.0
yf_MKC_d11;43500;ASH_COATED_OSMIUM;9963;20;9960;17;;;9969;10;9971;17;;;9966.0;0.0
yf_MKC_d11;43500;INTARIAN_PEPPER_ROOT;12290;10;12287;20;;;12296;13;12300;20;;;12293.0;0.0
yf_MKC_d11;43600;ASH_COATED_OSMIUM;9960;19;9957;12;;;9971;10;9973;19;;;9965.5;0.0
yf_MKC_d11;43600;INTARIAN_PEPPER_ROOT;12287;15;12283;17;;;12296;14;12300;17;;;12291.5;0.0
yf_MKC_d11;43700;ASH_COATED_OSMIUM;9963;20;9960;22;;;9969;17;9971;18;;;9966.0;0.0
yf_MKC_d11;43700;INTARIAN_PEPPER_ROOT;12288;21;12286;9;;;12294;20;12298;19;;;12291.0;0.0
yf_MKC_d11;43800;ASH_COATED_OSMIUM;9960;21;9956;22;;;9973;15;9977;14;;;9966.5;0.0
yf_MKC_d11;43800;INTARIAN_PEPPER_ROOT;12286;27;12283;21;;;12292;13;12294;15;;;12289.0;0.0
yf_MKC_d11;43900;ASH_COATED_OSMIUM;9963;21;9960;13;;;9969;20;9973;19;;;9966.0;0.0
yf_MKC_d11;43900;INTARIAN_PEPPER_ROOT;12286;18;12284;16;;;12292;7;12296;14;;;12289.0;0.0
yf_MKC_d11;44000;ASH_COATED_OSMIUM;9961;19;9957;17;;;9972;9;9974;12;;;9966.5;0.0
yf_MKC_d11;44000;INTARIAN_PEPPER_ROOT;12284;11;12282;19;;;12290;5;12293;8;;;12287.0;0.0
yf_MKC_d11;44100;ASH_COATED_OSMIUM;9963;20;9960;23;;;9969;5;9971;24;;;9966.0;0.0
yf_MKC_d11;44100;INTARIAN_PEPPER_ROOT;12281;24;12278;21;;;12291;11;12293;17;;;12286.0;0.0
yf_MKC_d11;44200;ASH_COATED_OSMIUM;9955;13;9951;17;;;9976;9;9980;15;;;9965.5;0.0
yf_MKC_d11;44200;INTARIAN_PEPPER_ROOT;12283;12;12280;22;;;12289;5;12291;19;;;12286.0;0.0
yf_MKC_d11;44300;ASH_COATED_OSMIUM;9962;9;9960;22;;;9971;18;9974;21;;;9966.5;0.0
yf_MKC_d11;44300;INTARIAN_PEPPER_ROOT;12281;21;12277;19;;;12287;17;12289;24;;;12284.0;0.0
yf_MKC_d11;44400;ASH_COATED_OSMIUM;9963;14;9961;18;;;9969;20;9973;26;;;9966.0;0.0
yf_MKC_d11;44400;INTARIAN_PEPPER_ROOT;12275;21;12273;26;;;12293;15;12295;25;;;12284.0;0.0
yf_MKC_d11;44500;ASH_COATED_OSMIUM;9963;15;9961;25;;;9970;12;9974;31;;;9966.5;0.0
yf_MKC_d11;44500;INTARIAN_PEPPER_ROOT;12265;23;12262;18;;;12301;14;12304;22;;;12283.0;0.0
yf_MKC_d11;44600;ASH_COATED_OSMIUM;9952;15;9948;21;;;9980;11;9983;14;;;9966.0;0.0
yf_MKC_d11;44600;INTARIAN_PEPPER_ROOT;12277;9;12275;33;;;12288;18;12292;20;;;12282.5;0.0
yf_MKC_d11;44700;ASH_COATED_OSMIUM;9963;13;9959;26;;;9969;20;9971;24;;;9966.0;0.0
yf_MKC_d11;44700;INTARIAN_PEPPER_ROOT;12278;10;12276;24;;;12284;13;12286;8;;;12281.0;0.0
yf_MKC_d11;44800;ASH_COATED_OSMIUM;9963;21;9961;12;;;9969;17;9973;26;;;9966.0;0.0
yf_MKC_d11;44800;INTARIAN_PEPPER_ROOT;12277;8;12275;18;;;12283;13;12286;17;;;12280.0;0.0
yf_MKC_d11;44900;ASH_COATED_OSMIUM;9962;24;9958;27;;;9968;11;9970;17;;;9965.0;0.0
yf_MKC_d11;44900;INTARIAN_PEPPER_ROOT;12264;15;12261;26;;;12294;18;12297;21;;;12279.0;0.0
yf_MKC_d11;45000;ASH_COATED_OSMIUM;9962;17;9960;21;;;9968;7;9971;21;;;9965.0;0.0
yf_MKC_d11;45000;INTARIAN_PEPPER_ROOT;12273;14;12271;23;;;12283;16;12286;17;;;12278.0;0.0
yf_MKC_d11;45100;ASH_COATED_OSMIUM;9961;24;9957;21;;;9970;16;9974;28;;;9965.5;0.0
yf_MKC_d11;45100;INTARIAN_PEPPER_ROOT;12274;16;12270;26;;;12280;16;12282;23;;;12277.0;0.0
yf_MKC_d11;45200;ASH_COATED_OSMIUM;9961;12;9957;15;;;9971;16;9973;24;;;9966.0;0.0
yf_MKC_d11;45200;INTARIAN_PEPPER_ROOT;12273;13;12270;8;;;12279;12;12281;13;;;12276.0;0.0
yf_MKC_d11;45300;ASH_COATED_OSMIUM;9962;17;9960;17;;;9968;11;9972;24;;;9965.0;0.0
yf_MKC_d11;45300;INTARIAN_PEPPER_ROOT;12272;16;12268;21;;;12279;20;12282;28;;;12275.5;0.0
yf_MKC_d11;45400;ASH_COATED_OSMIUM;9961;18;9957;25;;;9972;9;9975;17;;;9966.5;0.0
yf_MKC_d11;45400;INTARIAN_PEPPER_ROOT;12271;12;12267;14;;;12277;9;12280;16;;;12274.0;0.0
yf_MKC_d11;45500;ASH_COATED_OSMIUM;9962;17;9960;21;;;9968;19;9971;26;;;9965.0;0.0
yf_MKC_d11;45500;INTARIAN_PEPPER_ROOT;12271;15;12268;22;;;12277;19;12280;15;;;12274.0;0.0
yf_MKC_d11;45600;ASH_COATED_OSMIUM;9962;17;9959;14;;;9968;17;9970;21;;;9965.0;0.0
yf_MKC_d11;45600;INTARIAN_PEPPER_ROOT;12270;11;12266;23;;;12276;14;12279;22;;;12273.0;0.0
yf_MKC_d11;45700;ASH_COATED_OSMIUM;9963;11;9960;23;;;9969;16;9971;23;;;9966.0;0.0
yf_MKC_d11;45700;INTARIAN_PEPPER_ROOT;12268;19;12266;22;;;12274;13;12278;15;;;12271.0;0.0
yf_MKC_d11;45800;ASH_COATED_OSMIUM;9962;21;9960;14;;;9968;13;9971;27;;;9965.0;0.0
yf_MKC_d11;45800;INTARIAN_PEPPER_ROOT;12267;6;12263;20;;;12273;17;12275;13;;;12270.0;0.0
yf_MKC_d11;45900;ASH_COATED_OSMIUM;9955;13;9951;18;;;9977;19;9979;16;;;9966.0;0.0
yf_MKC_d11;45900;INTARIAN_PEPPER_ROOT;12267;15;12263;16;;;12273;19;12275;33;;;12270.0;0.0
yf_MKC_d11;46000;ASH_COATED_OSMIUM;9960;16;9958;28;;;9970;18;9972;19;;;9965.0;0.0
yf_MKC_d11;46000;INTARIAN_PEPPER_ROOT;12264;29;12261;10;;;12273;13;12276;13;;;12268.5;0.0
yf_MKC_d11;46100;ASH_COATED_OSMIUM;9952;9;9950;19;;;9980;14;9984;25;;;9966.0;0.0
yf_MKC_d11;46100;INTARIAN_PEPPER_ROOT;12262;19;12258;9;;;12273;9;12276;16;;;12267.5;0.0
yf_MKC_d11;46200;ASH_COATED_OSMIUM;9963;9;9961;20;;;9969;11;9973;20;;;9966.0;0.0
yf_MKC_d11;46200;INTARIAN_PEPPER_ROOT;12263;8;12259;31;;;12269;22;12271;15;;;12266.0;0.0
yf_MKC_d11;46300;ASH_COATED_OSMIUM;9962;18;9959;14;;;9968;13;9972;34;;;9965.0;0.0
yf_MKC_d11;46300;INTARIAN_PEPPER_ROOT;12263;10;12259;32;;;12269;13;12271;22;;;12266.0;0.0
yf_MKC_d11;46400;ASH_COATED_OSMIUM;9957;18;9953;19;;;9974;11;9977;12;;;9965.5;0.0
yf_MKC_d11;46400;INTARIAN_PEPPER_ROOT;12262;13;12260;19;;;12268;7;12272;14;;;12265.0;0.0
yf_MKC_d11;46500;ASH_COATED_OSMIUM;9958;12;9954;11;;;9972;21;9976;12;;;9965.0;0.0
yf_MKC_d11;46500;INTARIAN_PEPPER_ROOT;12259;21;12255;22;;;12269;13;12273;20;;;12264.0;0.0
yf_MKC_d11;46600;ASH_COATED_OSMIUM;9959;12;9956;19;;;9972;19;9976;19;;;9965.5;0.0
yf_MKC_d11;46600;INTARIAN_PEPPER_ROOT;12258;13;12255;14;;;12267;16;12271;27;;;12262.5;0.0
yf_MKC_d11;46700;ASH_COATED_OSMIUM;9961;13;9959;14;;;9970;20;9973;24;;;9965.5;0.0
yf_MKC_d11;46700;INTARIAN_PEPPER_ROOT;12259;13;12257;20;;;12265;12;12267;17;;;12262.0;0.0
yf_MKC_d11;46800;ASH_COATED_OSMIUM;9962;21;9959;26;;;9968;18;9971;14;;;9965.0;0.0
yf_MKC_d11;46800;INTARIAN_PEPPER_ROOT;12257;14;12254;25;;;12266;14;12268;26;;;12261.5;0.0
yf_MKC_d11;46900;ASH_COATED_OSMIUM;9960;15;9957;17;;;9971;24;9973;21;;;9965.5;0.0
yf_MKC_d11;46900;INTARIAN_PEPPER_ROOT;12255;17;12251;20;;;12265;18;12267;17;;;12260.0;0.0
yf_MKC_d11;47000;ASH_COATED_OSMIUM;9955;17;9952;23;;;9976;11;9979;26;;;9965.5;0.0
yf_MKC_d11;47000;INTARIAN_PEPPER_ROOT;12256;11;12254;8;;;12262;15;12266;26;;;12259.0;0.0
yf_MKC_d11;47100;ASH_COATED_OSMIUM;9958;15;9956;12;;;9973;12;9977;18;;;9965.5;0.0
yf_MKC_d11;47100;INTARIAN_PEPPER_ROOT;12255;12;12252;29;;;12261;21;12265;21;;;12258.0;0.0
yf_MKC_d11;47200;ASH_COATED_OSMIUM;9962;7;9960;22;;;9968;20;9972;28;;;9965.0;0.0
yf_MKC_d11;47200;INTARIAN_PEPPER_ROOT;12254;9;12251;13;;;12260;8;12264;12;;;12257.0;0.0
yf_MKC_d11;47300;ASH_COATED_OSMIUM;9962;13;9959;22;;;9968;10;9970;26;;;9965.0;0.0
yf_MKC_d11;47300;INTARIAN_PEPPER_ROOT;12254;11;12250;12;;;12260;14;12262;23;;;12257.0;0.0
yf_MKC_d11;47400;ASH_COATED_OSMIUM;9962;13;9958;23;;;9968;18;9970;24;;;9965.0;0.0
yf_MKC_d11;47400;INTARIAN_PEPPER_ROOT;12252;11;12249;8;;;12258;7;12261;19;;;12255.0;0.0
yf_MKC_d11;47500;ASH_COATED_OSMIUM;9962;22;9960;21;;;9968;11;9970;22;;;9965.0;0.0
yf_MKC_d11;47500;INTARIAN_PEPPER_ROOT;12251;26;12249;22;;;12257;15;12261;24;;;12254.0;0.0
yf_MKC_d11;47600;ASH_COATED_OSMIUM;9959;10;9957;24;;;9970;18;9972;16;;;9964.5;0.0
yf_MKC_d11;47600;INTARIAN_PEPPER_ROOT;12251;5;12249;18;;;12257;17;12261;8;;;12254.0;0.0
yf_MKC_d11;47700;ASH_COATED_OSMIUM;9962;15;9958;30;;;9968;13;9971;19;;;9965.0;0.0
yf_MKC_d11;47700;INTARIAN_PEPPER_ROOT;12249;20;12247;19;;;12255;14;12257;25;;;12252.0;0.0
yf_MKC_d11;47800;ASH_COATED_OSMIUM;9960;9;9958;24;;;9972;9;9976;22;;;9966.0;0.0
yf_MKC_d11;47800;INTARIAN_PEPPER_ROOT;12249;11;12247;25;;;12255;18;12257;8;;;12252.0;0.0
yf_MKC_d11;47900;ASH_COATED_OSMIUM;9959;15;9956;23;;;9970;11;9973;16;;;9964.5;0.0
yf_MKC_d11;47900;INTARIAN_PEPPER_ROOT;12247;5;12244;24;;;12255;17;12259;21;;;12251.0;0.0
yf_MKC_d11;48000;ASH_COATED_OSMIUM;9962;8;9960;15;;;9968;20;9971;23;;;9965.0;0.0
yf_MKC_d11;48000;INTARIAN_PEPPER_ROOT;12246;21;12243;15;;;12252;17;12254;19;;;12249.0;0.0
yf_MKC_d11;48100;ASH_COATED_OSMIUM;9962;15;9959;20;;;9968;17;9972;21;;;9965.0;0.0
yf_MKC_d11;48100;INTARIAN_PEPPER_ROOT;12246;14;12243;17;;;12252;18;12255;16;;;12249.0;0.0
yf_MKC_d11;48200;ASH_COATED_OSMIUM;9960;14;9956;28;;;9970;24;9974;11;;;9965.0;0.0
yf_MKC_d11;48200;INTARIAN_PEPPER_ROOT;12241;16;12237;9;;;12253;19;12257;16;;;12247.0;0.0
yf_MKC_d11;48300;ASH_COATED_OSMIUM;9962;13;9959;23;;;9968;17;9971;18;;;9965.0;0.0
yf_MKC_d11;48300;INTARIAN_PEPPER_ROOT;12233;10;12231;22;;;12262;7;12266;19;;;12247.5;0.0
yf_MKC_d11;48400;ASH_COATED_OSMIUM;9962;11;9960;23;;;9968;13;9971;27;;;9965.0;0.0
yf_MKC_d11;48400;INTARIAN_PEPPER_ROOT;12243;16;12239;18;;;12249;14;12252;20;;;12246.0;0.0
yf_MKC_d11;48500;ASH_COATED_OSMIUM;9960;15;9957;15;;;9970;20;9974;28;;;9965.0;0.0
yf_MKC_d11;48500;INTARIAN_PEPPER_ROOT;12233;12;12231;20;;;12257;24;12260;17;;;12245.0;0.0
yf_MKC_d11;48600;ASH_COATED_OSMIUM;9962;7;9958;23;;;9968;14;9972;15;;;9965.0;0.0
yf_MKC_d11;48600;INTARIAN_PEPPER_ROOT;12241;15;12239;16;;;12247;14;12249;27;;;12244.0;0.0
yf_MKC_d11;48700;ASH_COATED_OSMIUM;9958;12;9955;18;;;9972;11;9976;10;;;9965.0;0.0
yf_MKC_d11;48700;INTARIAN_PEPPER_ROOT;12237;18;12235;25;;;12249;10;12252;21;;;12243.0;0.0
yf_MKC_d11;48800;ASH_COATED_OSMIUM;9957;12;9954;23;;;9972;11;9975;19;;;9964.5;0.0
yf_MKC_d11;48800;INTARIAN_PEPPER_ROOT;12239;19;12236;18;;;12245;8;12249;27;;;12242.0;0.0
yf_MKC_d11;48900;ASH_COATED_OSMIUM;9957;5;9955;24;;;9972;9;9975;24;;;9964.5;0.0
yf_MKC_d11;48900;INTARIAN_PEPPER_ROOT;12239;15;12236;27;;;12245;15;12247;19;;;12242.0;0.0
yf_MKC_d11;49000;ASH_COATED_OSMIUM;9959;8;9955;8;;;9971;17;9973;16;;;9965.0;0.0
yf_MKC_d11;49000;INTARIAN_PEPPER_ROOT;12237;16;12234;28;;;12243;8;12247;27;;;12240.0;0.0
yf_MKC_d11;49100;ASH_COATED_OSMIUM;9958;25;9956;18;;;9972;22;9975;9;;;9965.0;0.0
yf_MKC_d11;49100;INTARIAN_PEPPER_ROOT;12236;20;12233;21;;;12242;15;12246;23;;;12239.0;0.0
yf_MKC_d11;49200;ASH_COATED_OSMIUM;9962;12;9960;17;;;9968;14;9970;28;;;9965.0;0.0
yf_MKC_d11;49200;INTARIAN_PEPPER_ROOT;12235;15;12233;17;;;12241;15;12245;22;;;12238.0;0.0
yf_MKC_d11;49300;ASH_COATED_OSMIUM;9962;12;9959;16;;;9968;10;9970;10;;;9965.0;0.0
yf_MKC_d11;49300;INTARIAN_PEPPER_ROOT;12234;18;12230;17;;;12240;21;12244;22;;;12237.0;0.0
yf_MKC_d11;49400;ASH_COATED_OSMIUM;9962;17;9960;26;;;9968;16;9971;23;;;9965.0;0.0
yf_MKC_d11;49400;INTARIAN_PEPPER_ROOT;12233;11;12229;25;;;12239;5;12241;21;;;12236.0;0.0
yf_MKC_d11;49500;ASH_COATED_OSMIUM;9960;6;9957;27;;;9970;17;9974;15;;;9965.0;0.0
yf_MKC_d11;49500;INTARIAN_PEPPER_ROOT;12232;18;12230;15;;;12238;17;12241;26;;;12235.0;0.0
yf_MKC_d11;49600;ASH_COATED_OSMIUM;9959;13;9957;22;;;9970;13;9973;19;;;9964.5;0.0
yf_MKC_d11;49600;INTARIAN_PEPPER_ROOT;12231;19;12229;20;;;12237;15;12241;16;;;12234.0;0.0
yf_MKC_d11;49700;ASH_COATED_OSMIUM;9961;13;9958;8;;;9967;10;9971;18;;;9964.0;0.0
yf_MKC_d11;49700;INTARIAN_PEPPER_ROOT;12230;14;12226;16;;;12236;11;12239;22;;;12233.0;0.0
yf_MKC_d11;49800;ASH_COATED_OSMIUM;9962;14;9958;16;;;9968;11;9972;25;;;9965.0;0.0
yf_MKC_d11;49800;INTARIAN_PEPPER_ROOT;12228;17;12224;17;;;12236;17;12238;16;;;12232.0;0.0
yf_MKC_d11;49900;ASH_COATED_OSMIUM;9953;16;9951;9;;;9975;20;9978;12;;;9964.0;0.0
yf_MKC_d11;49900;INTARIAN_PEPPER_ROOT;12229;13;12226;22;;;12235;17;12239;17;;;12232.0;0.0
yf_MKC_d11;50000;ASH_COATED_OSMIUM;9961;17;9957;21;;;9967;10;9971;24;;;9964.0;0.0
yf_MKC_d11;50000;INTARIAN_PEPPER_ROOT;12227;11;12223;12;;;12234;16;12237;22;;;12230.5;0.0
yf_MKC_d11;50100;ASH_COATED_OSMIUM;9962;19;9960;23;;;9968;9;9970;14;;;9965.0;0.0
yf_MKC_d11;50100;INTARIAN_PEPPER_ROOT;12225;15;12222;12;;;12233;14;12235;15;;;12229.0;0.0
yf_MKC_d11;50200;ASH_COATED_OSMIUM;9953;17;9951;20;;;9975;14;9979;18;;;9964.0;0.0
yf_MKC_d11;50200;INTARIAN_PEPPER_ROOT;12226;23;12222;20;;;12232;19;12236;19;;;12229.0;0.0
yf_MKC_d11;50300;ASH_COATED_OSMIUM;9958;10;9955;23;;;9970;18;9974;17;;;9964.0;0.0
yf_MKC_d11;50300;INTARIAN_PEPPER_ROOT;12223;17;12219;25;;;12231;9;12233;30;;;12227.0;0.0
yf_MKC_d11;50400;ASH_COATED_OSMIUM;9951;19;9947;13;;;9979;6;9981;26;;;9965.0;0.0
yf_MKC_d11;50400;INTARIAN_PEPPER_ROOT;12222;23;12218;32;;;12232;16;12235;28;;;12227.0;0.0
yf_MKC_d11;50500;ASH_COATED_OSMIUM;9961;17;9959;15;;;9967;21;9970;26;;;9964.0;0.0
yf_MKC_d11;50500;INTARIAN_PEPPER_ROOT;12223;18;12221;12;;;12229;14;12233;20;;;12226.0;0.0
yf_MKC_d11;50600;ASH_COATED_OSMIUM;9959;14;9956;13;;;9968;7;9972;16;;;9963.5;0.0
yf_MKC_d11;50600;INTARIAN_PEPPER_ROOT;12221;26;12218;21;;;12228;13;12230;22;;;12224.5;0.0
yf_MKC_d11;50700;ASH_COATED_OSMIUM;9962;22;9960;20;;;9968;13;9972;19;;;9965.0;0.0
yf_MKC_d11;50700;INTARIAN_PEPPER_ROOT;12221;30;12219;16;;;12227;17;12229;15;;;12224.0;0.0
yf_MKC_d11;50800;ASH_COATED_OSMIUM;9962;9;9960;23;;;9968;14;9972;20;;;9965.0;0.0
yf_MKC_d11;50800;INTARIAN_PEPPER_ROOT;12220;12;12217;11;;;12226;14;12229;24;;;12223.0;0.0
yf_MKC_d11;50900;ASH_COATED_OSMIUM;9957;6;9955;17;;;9972;5;9976;13;;;9964.5;0.0
yf_MKC_d11;50900;INTARIAN_PEPPER_ROOT;12210;9;12206;23;;;12233;17;12237;20;;;12221.5;0.0
yf_MKC_d11;51000;ASH_COATED_OSMIUM;9952;19;9948;17;;;9978;20;9980;19;;;9965.0;0.0
yf_MKC_d11;51000;INTARIAN_PEPPER_ROOT;12218;22;12214;23;;;12224;25;12228;32;;;12221.0;0.0
yf_MKC_d11;51100;ASH_COATED_OSMIUM;9961;6;9959;26;;;9968;8;9970;19;;;9964.5;0.0
yf_MKC_d11;51100;INTARIAN_PEPPER_ROOT;12213;17;12209;11;;;12226;12;12229;27;;;12219.5;0.0
yf_MKC_d11;51200;ASH_COATED_OSMIUM;9959;24;9956;23;;;9970;17;9974;14;;;9964.5;0.0
yf_MKC_d11;51200;INTARIAN_PEPPER_ROOT;12216;16;12214;16;;;12222;15;12226;21;;;12219.0;0.0
yf_MKC_d11;51300;ASH_COATED_OSMIUM;9953;15;9951;19;;;9973;7;9977;22;;;9963.0;0.0
yf_MKC_d11;51300;INTARIAN_PEPPER_ROOT;12212;22;12208;18;;;12223;19;12227;28;;;12217.5;0.0
yf_MKC_d11;51400;ASH_COATED_OSMIUM;9961;15;9959;23;;;9967;8;9969;21;;;9964.0;0.0
yf_MKC_d11;51400;INTARIAN_PEPPER_ROOT;12211;14;12207;14;;;12222;13;12225;20;;;12216.5;0.0
yf_MKC_d11;51500;ASH_COATED_OSMIUM;9947;11;9945;21;;;9982;25;9984;24;;;9964.5;0.0
yf_MKC_d11;51500;INTARIAN_PEPPER_ROOT;12212;23;12208;20;;;12218;22;12220;20;;;12215.0;0.0
yf_MKC_d11;51600;ASH_COATED_OSMIUM;9958;10;9956;20;;;9970;13;9972;18;;;9964.0;0.0
yf_MKC_d11;51600;INTARIAN_PEPPER_ROOT;12211;13;12208;13;;;12217;17;12221;11;;;12214.0;0.0
yf_MKC_d11;51700;ASH_COATED_OSMIUM;9959;18;9955;19;;;9969;6;9972;23;;;9964.0;0.0
yf_MKC_d11;51700;INTARIAN_PEPPER_ROOT;12211;12;12208;23;;;12217;7;12220;15;;;12214.0;0.0
yf_MKC_d11;51800;ASH_COATED_OSMIUM;9960;8;9956;24;;;9966;9;9970;31;;;9963.0;0.0
yf_MKC_d11;51800;INTARIAN_PEPPER_ROOT;12209;11;12206;26;;;12215;12;12219;17;;;12212.0;0.0
yf_MKC_d11;51900;ASH_COATED_OSMIUM;9961;15;9957;27;;;9967;23;9971;20;;;9964.0;0.0
yf_MKC_d11;51900;INTARIAN_PEPPER_ROOT;12206;15;12202;20;;;12215;26;12219;23;;;12210.5;0.0
yf_MKC_d11;52000;ASH_COATED_OSMIUM;9961;16;9959;13;;;9967;19;9969;11;;;9964.0;0.0
yf_MKC_d11;52000;INTARIAN_PEPPER_ROOT;12207;20;12205;19;;;12213;7;12215;13;;;12210.0;0.0
yf_MKC_d11;52100;ASH_COATED_OSMIUM;9957;17;9953;23;;;9972;14;9976;22;;;9964.5;0.0
yf_MKC_d11;52100;INTARIAN_PEPPER_ROOT;12203;21;12200;19;;;12215;10;12217;28;;;12209.0;0.0
yf_MKC_d11;52200;ASH_COATED_OSMIUM;9961;9;9959;19;;;9968;5;9971;16;;;9964.5;0.0
yf_MKC_d11;52200;INTARIAN_PEPPER_ROOT;12204;10;12200;27;;;12211;14;12215;20;;;12207.5;0.0
yf_MKC_d11;52300;ASH_COATED_OSMIUM;9959;19;9957;15;;;9970;13;9972;15;;;9964.5;0.0
yf_MKC_d11;52300;INTARIAN_PEPPER_ROOT;12193;22;12191;20;;;12220;17;12224;14;;;12206.5;0.0
yf_MKC_d11;52400;ASH_COATED_OSMIUM;9962;17;9958;11;;;9968;18;9971;22;;;9965.0;0.0
yf_MKC_d11;52400;INTARIAN_PEPPER_ROOT;12201;11;12199;19;;;12210;14;12213;19;;;12205.5;0.0
yf_MKC_d11;52500;ASH_COATED_OSMIUM;9961;10;9958;30;;;9967;16;9970;15;;;9964.0;0.0
yf_MKC_d11;52500;INTARIAN_PEPPER_ROOT;12201;25;12197;19;;;12207;15;12211;26;;;12204.0;0.0
yf_MKC_d11;52600;ASH_COATED_OSMIUM;9961;15;9959;20;;;9967;15;9970;15;;;9964.0;0.0
yf_MKC_d11;52600;INTARIAN_PEPPER_ROOT;12191;7;12188;12;;;12215;5;12217;16;;;12203.0;0.0
yf_MKC_d11;52700;ASH_COATED_OSMIUM;9961;13;9957;25;;;9967;19;9970;15;;;9964.0;0.0
yf_MKC_d11;52700;INTARIAN_PEPPER_ROOT;12199;16;12197;25;;;12205;10;12207;23;;;12202.0;0.0
yf_MKC_d11;52800;ASH_COATED_OSMIUM;9960;6;9957;23;;;9968;15;9970;16;;;9964.0;0.0
yf_MKC_d11;52800;INTARIAN_PEPPER_ROOT;12197;16;12195;19;;;12206;18;12208;29;;;12201.5;0.0
yf_MKC_d11;52900;ASH_COATED_OSMIUM;9961;22;9957;22;;;9967;20;9969;18;;;9964.0;0.0
yf_MKC_d11;52900;INTARIAN_PEPPER_ROOT;12197;6;12194;16;;;12203;19;12205;29;;;12200.0;0.0
yf_MKC_d11;53000;ASH_COATED_OSMIUM;9960;6;9957;14;;;9968;17;9971;31;;;9964.0;0.0
yf_MKC_d11;53000;INTARIAN_PEPPER_ROOT;12196;26;12194;18;;;12202;13;12204;26;;;12199.0;0.0
yf_MKC_d11;53100;ASH_COATED_OSMIUM;9961;23;9958;21;;;9967;14;9971;24;;;9964.0;0.0
yf_MKC_d11;53100;INTARIAN_PEPPER_ROOT;12195;13;12193;20;;;12201;11;12203;23;;;12198.0;0.0
yf_MKC_d11;53200;ASH_COATED_OSMIUM;9945;11;9943;14;;;9983;18;9986;16;;;9964.0;0.0
yf_MKC_d11;53200;INTARIAN_PEPPER_ROOT;12194;18;12192;25;;;12200;15;12203;23;;;12197.0;0.0
yf_MKC_d11;53300;ASH_COATED_OSMIUM;9958;14;9954;19;;;9969;19;9972;18;;;9963.5;0.0
yf_MKC_d11;53300;INTARIAN_PEPPER_ROOT;12193;16;12189;20;;;12199;20;12201;14;;;12196.0;0.0
yf_MKC_d11;53400;ASH_COATED_OSMIUM;9960;13;9956;23;;;9967;15;9970;21;;;9963.5;0.0
yf_MKC_d11;53400;INTARIAN_PEPPER_ROOT;12192;6;12190;24;;;12198;19;12201;21;;;12195.0;0.0
yf_MKC_d11;53500;ASH_COATED_OSMIUM;9961;14;9959;23;;;9967;5;9971;26;;;9964.0;0.0
yf_MKC_d11;53500;INTARIAN_PEPPER_ROOT;12190;5;12186;15;;;12196;15;12198;23;;;12193.0;0.0
yf_MKC_d11;53600;ASH_COATED_OSMIUM;9955;17;9952;9;;;9973;16;9977;12;;;9964.0;0.0
yf_MKC_d11;53600;INTARIAN_PEPPER_ROOT;12190;14;12186;23;;;12196;17;12199;13;;;12193.0;0.0
yf_MKC_d11;53700;ASH_COATED_OSMIUM;9961;9;9957;14;;;9967;17;9970;15;;;9964.0;0.0
yf_MKC_d11;53700;INTARIAN_PEPPER_ROOT;12188;8;12184;19;;;12194;14;12197;10;;;12191.0;0.0
yf_MKC_d11;53800;ASH_COATED_OSMIUM;9961;5;9958;22;;;9967;20;9970;22;;;9964.0;0.0
yf_MKC_d11;53800;INTARIAN_PEPPER_ROOT;12187;9;12185;14;;;12193;13;12195;23;;;12190.0;0.0
yf_MKC_d11;53900;ASH_COATED_OSMIUM;9955;24;9953;22;;;9973;14;9975;15;;;9964.0;0.0
yf_MKC_d11;53900;INTARIAN_PEPPER_ROOT;12187;5;12184;20;;;12193;13;12196;21;;;12190.0;0.0
yf_MKC_d11;54000;ASH_COATED_OSMIUM;9960;10;9956;22;;;9967;14;9969;21;;;9963.5;0.0
yf_MKC_d11;54000;INTARIAN_PEPPER_ROOT;12185;16;12181;15;;;12191;22;12193;15;;;12188.0;0.0
yf_MKC_d11;54100;ASH_COATED_OSMIUM;9957;16;9953;21;;;9970;20;9973;15;;;9963.5;0.0
yf_MKC_d11;54100;INTARIAN_PEPPER_ROOT;12184;20;12181;20;;;12190;19;12193;25;;;12187.0;0.0
yf_MKC_d11;54200;ASH_COATED_OSMIUM;9961;17;9957;23;;;9967;15;9969;25;;;9964.0;0.0
yf_MKC_d11;54200;INTARIAN_PEPPER_ROOT;12182;16;12179;22;;;12189;12;12193;10;;;12185.5;0.0
yf_MKC_d11;54300;ASH_COATED_OSMIUM;9955;12;9951;23;;;9973;20;9977;15;;;9964.0;0.0
yf_MKC_d11;54300;INTARIAN_PEPPER_ROOT;12181;15;12177;25;;;12187;18;12190;22;;;12184.0;0.0
yf_MKC_d11;54400;ASH_COATED_OSMIUM;9960;18;9957;14;;;9966;15;9970;26;;;9963.0;0.0
yf_MKC_d11;54400;INTARIAN_PEPPER_ROOT;12175;14;12171;17;;;12193;13;12197;24;;;12184.0;0.0
yf_MKC_d11;54500;ASH_COATED_OSMIUM;9961;18;9957;21;;;9967;25;9971;17;;;9964.0;0.0
yf_MKC_d11;54500;INTARIAN_PEPPER_ROOT;12178;7;12176;18;;;12187;13;12191;9;;;12182.5;0.0
yf_MKC_d11;54600;ASH_COATED_OSMIUM;9961;12;9957;18;;;9967;20;9969;21;;;9964.0;0.0
yf_MKC_d11;54600;INTARIAN_PEPPER_ROOT;12179;16;12175;17;;;12185;19;12189;17;;;12182.0;0.0
yf_MKC_d11;54700;ASH_COATED_OSMIUM;9961;11;9959;15;;;9967;16;9969;19;;;9964.0;0.0
yf_MKC_d11;54700;INTARIAN_PEPPER_ROOT;12178;10;12176;19;;;12184;17;12188;15;;;12181.0;0.0
yf_MKC_d11;54800;ASH_COATED_OSMIUM;9961;10;9958;28;;;9967;18;9971;16;;;9964.0;0.0
yf_MKC_d11;54800;INTARIAN_PEPPER_ROOT;12172;21;12170;17;;;12186;11;12189;19;;;12179.0;0.0
yf_MKC_d11;54900;ASH_COATED_OSMIUM;9961;18;9957;22;;;9967;23;9970;16;;;9964.0;0.0
yf_MKC_d11;54900;INTARIAN_PEPPER_ROOT;12174;19;12170;28;;;12183;18;12185;20;;;12178.5;0.0
yf_MKC_d11;55000;ASH_COATED_OSMIUM;9955;13;9951;20;;;9972;20;9974;20;;;9963.5;0.0
yf_MKC_d11;55000;INTARIAN_PEPPER_ROOT;12169;10;12166;20;;;12185;15;12187;13;;;12177.0;0.0
yf_MKC_d11;55100;ASH_COATED_OSMIUM;9961;21;9957;9;;;9967;21;9970;23;;;9964.0;0.0
yf_MKC_d11;55100;INTARIAN_PEPPER_ROOT;12173;12;12171;9;;;12179;15;12182;23;;;12176.0;0.0
yf_MKC_d11;55200;ASH_COATED_OSMIUM;9961;16;9957;25;;;9967;19;9970;20;;;9964.0;0.0
yf_MKC_d11;55200;INTARIAN_PEPPER_ROOT;12170;10;12166;26;;;12180;14;12184;22;;;12175.0;0.0
yf_MKC_d11;55300;ASH_COATED_OSMIUM;9960;19;9958;25;;;9966;17;9969;17;;;9963.0;0.0
yf_MKC_d11;55300;INTARIAN_PEPPER_ROOT;12165;5;12162;17;;;12185;10;12189;20;;;12175.0;0.0
yf_MKC_d11;55400;ASH_COATED_OSMIUM;9961;10;9957;20;;;9967;23;9970;15;;;9964.0;0.0
yf_MKC_d11;55400;INTARIAN_PEPPER_ROOT;12170;7;12166;10;;;12176;18;12178;22;;;12173.0;0.0
yf_MKC_d11;55500;ASH_COATED_OSMIUM;9952;11;9950;21;;;9976;16;9980;16;;;9964.0;0.0
yf_MKC_d11;55500;INTARIAN_PEPPER_ROOT;12169;21;12166;15;;;12175;23;12179;17;;;12172.0;0.0
yf_MKC_d11;55600;ASH_COATED_OSMIUM;9956;14;9952;15;;;9973;18;9977;14;;;9964.5;0.0
yf_MKC_d11;55600;INTARIAN_PEPPER_ROOT;12168;16;12165;12;;;12174;17;12176;14;;;12171.0;0.0
yf_MKC_d11;55700;ASH_COATED_OSMIUM;9960;17;9958;26;;;9967;10;9971;20;;;9963.5;0.0
yf_MKC_d11;55700;INTARIAN_PEPPER_ROOT;12166;16;12163;22;;;12173;16;12177;20;;;12169.5;0.0
yf_MKC_d11;55800;ASH_COATED_OSMIUM;9961;8;9957;22;;;9967;18;9971;27;;;9964.0;0.0
yf_MKC_d11;55800;INTARIAN_PEPPER_ROOT;12161;13;12157;21;;;12176;10;12180;24;;;12168.5;0.0
yf_MKC_d11;55900;ASH_COATED_OSMIUM;9945;14;9941;12;;;9981;19;9983;24;;;9963.0;0.0
yf_MKC_d11;55900;INTARIAN_PEPPER_ROOT;12164;8;12161;13;;;12170;9;12173;28;;;12167.0;0.0
yf_MKC_d11;56000;ASH_COATED_OSMIUM;9961;16;9957;11;;;9967;8;9969;22;;;9964.0;0.0
yf_MKC_d11;56000;INTARIAN_PEPPER_ROOT;12162;14;12159;20;;;12170;17;12172;22;;;12166.0;0.0
yf_MKC_d11;56100;ASH_COATED_OSMIUM;9960;9;9957;19;;;9966;12;9968;18;;;9963.0;0.0
yf_MKC_d11;56100;INTARIAN_PEPPER_ROOT;12140;14;12137;15;;;12190;21;12194;24;;;12165.0;0.0
yf_MKC_d11;56200;ASH_COATED_OSMIUM;9961;21;9958;8;;;9967;24;9971;19;;;9964.0;0.0
yf_MKC_d11;56200;INTARIAN_PEPPER_ROOT;12158;14;12156;20;;;12170;19;12172;16;;;12164.0;0.0
yf_MKC_d11;56300;ASH_COATED_OSMIUM;9960;11;9958;22;;;9966;18;9969;22;;;9963.0;0.0
yf_MKC_d11;56300;INTARIAN_PEPPER_ROOT;12154;24;12151;21;;;12172;5;12176;16;;;12163.0;0.0
yf_MKC_d11;56400;ASH_COATED_OSMIUM;9960;17;9957;24;;;9966;16;9968;24;;;9963.0;0.0
yf_MKC_d11;56400;INTARIAN_PEPPER_ROOT;12159;17;12156;15;;;12165;15;12168;23;;;12162.0;0.0
yf_MKC_d11;56500;ASH_COATED_OSMIUM;9961;12;9958;18;;;9967;14;9969;15;;;9964.0;0.0
yf_MKC_d11;56500;INTARIAN_PEPPER_ROOT;12157;16;12153;19;;;12163;15;12167;19;;;12160.0;0.0
yf_MKC_d11;56600;ASH_COATED_OSMIUM;9956;20;9953;10;;;9973;18;9975;27;;;9964.5;0.0
yf_MKC_d11;56600;INTARIAN_PEPPER_ROOT;12157;13;12153;24;;;12163;16;12165;21;;;12160.0;0.0
yf_MKC_d11;56700;ASH_COATED_OSMIUM;9956;16;9954;16;;;9971;6;9974;32;;;9963.5;0.0
yf_MKC_d11;56700;INTARIAN_PEPPER_ROOT;12156;17;12153;24;;;12162;12;12164;16;;;12159.0;0.0
yf_MKC_d11;56800;ASH_COATED_OSMIUM;9960;13;9958;11;;;9966;11;9968;11;;;9963.0;0.0
yf_MKC_d11;56800;INTARIAN_PEPPER_ROOT;12154;15;12152;28;;;12160;10;12164;18;;;12157.0;0.0
yf_MKC_d11;56900;ASH_COATED_OSMIUM;9961;16;9957;23;;;9967;16;9969;24;;;9964.0;0.0
yf_MKC_d11;56900;INTARIAN_PEPPER_ROOT;12153;28;12151;24;;;12159;10;12162;24;;;12156.0;0.0
yf_MKC_d11;57000;ASH_COATED_OSMIUM;9956;7;9954;21;;;9969;7;9973;15;;;9962.5;0.0
yf_MKC_d11;57000;INTARIAN_PEPPER_ROOT;12152;12;12150;14;;;12158;10;12160;15;;;12155.0;0.0
yf_MKC_d11;57100;ASH_COATED_OSMIUM;9960;5;9957;20;;;9966;18;9968;15;;;9963.0;0.0
yf_MKC_d11;57100;INTARIAN_PEPPER_ROOT;12151;11;12149;16;;;12157;15;12160;19;;;12154.0;0.0
yf_MKC_d11;57200;ASH_COATED_OSMIUM;9941;17;9937;18;;;9985;20;9989;25;;;9963.0;0.0
yf_MKC_d11;57200;INTARIAN_PEPPER_ROOT;12150;5;12147;23;;;12156;23;12158;19;;;12153.0;0.0
yf_MKC_d11;57300;ASH_COATED_OSMIUM;9960;14;9958;20;;;9966;22;9969;25;;;9963.0;0.0
yf_MKC_d11;57300;INTARIAN_PEPPER_ROOT;12146;16;12143;19;;;12158;19;12162;19;;;12152.0;0.0
yf_MKC_d11;57400;ASH_COATED_OSMIUM;9956;16;9954;20;;;9969;15;9972;19;;;9962.5;0.0
yf_MKC_d11;57400;INTARIAN_PEPPER_ROOT;12148;14;12146;24;;;12154;15;12157;14;;;12151.0;0.0
yf_MKC_d11;57500;ASH_COATED_OSMIUM;9960;16;9956;20;;;9966;8;9968;23;;;9963.0;0.0
yf_MKC_d11;57500;INTARIAN_PEPPER_ROOT;12147;14;12144;14;;;12153;13;12155;15;;;12150.0;0.0
yf_MKC_d11;57600;ASH_COATED_OSMIUM;9961;14;9958;21;;;9967;6;9969;27;;;9964.0;0.0
yf_MKC_d11;57600;INTARIAN_PEPPER_ROOT;12146;6;12144;11;;;12152;10;12156;20;;;12149.0;0.0
yf_MKC_d11;57700;ASH_COATED_OSMIUM;9947;14;9945;20;;;9980;23;9984;19;;;9963.5;0.0
yf_MKC_d11;57700;INTARIAN_PEPPER_ROOT;12145;13;12143;20;;;12151;13;12154;24;;;12148.0;0.0
yf_MKC_d11;57800;ASH_COATED_OSMIUM;9946;17;9944;12;;;9981;5;9983;22;;;9963.5;0.0
yf_MKC_d11;57800;INTARIAN_PEPPER_ROOT;12144;16;12142;22;;;12150;9;12153;18;;;12147.0;0.0
yf_MKC_d11;57900;ASH_COATED_OSMIUM;9959;18;9955;17;;;9967;20;9970;18;;;9963.0;0.0
yf_MKC_d11;57900;INTARIAN_PEPPER_ROOT;12140;10;12136;22;;;12151;6;12154;9;;;12145.5;0.0
yf_MKC_d11;58000;ASH_COATED_OSMIUM;9961;15;9958;32;;;9967;17;9970;19;;;9964.0;0.0
yf_MKC_d11;58000;INTARIAN_PEPPER_ROOT;12142;18;12139;20;;;12148;18;12152;20;;;12145.0;0.0
yf_MKC_d11;58100;ASH_COATED_OSMIUM;9956;15;9952;30;;;9970;10;9973;26;;;9963.0;0.0
yf_MKC_d11;58100;INTARIAN_PEPPER_ROOT;12139;12;12137;8;;;12149;20;12152;21;;;12144.0;0.0
yf_MKC_d11;58200;ASH_COATED_OSMIUM;9957;17;9955;22;;;9969;15;9972;23;;;9963.0;0.0
yf_MKC_d11;58200;INTARIAN_PEPPER_ROOT;12140;21;12136;16;;;12146;12;12150;19;;;12143.0;0.0
yf_MKC_d11;58300;ASH_COATED_OSMIUM;9961;13;9959;15;;;9967;8;9971;18;;;9964.0;0.0
yf_MKC_d11;58300;INTARIAN_PEPPER_ROOT;12138;8;12136;24;;;12144;14;12147;18;;;12141.0;0.0
