day;timestamp;product;bid_price_1;bid_volume_1;bid_price_2;bid_volume_2;bid_price_3;bid_volume_3;ask_price_1;ask_volume_1;ask_price_2;ask_volume_2;ask_price_3;ask_volume_3;mid_price;profit_and_loss
av_COTTON_d1;0;ASH_COATED_OSMIUM;10022;23;10020;21;;;10029;9;10033;19;;;10025.5;0.0
av_COTTON_d1;0;INTARIAN_PEPPER_ROOT;11308;14;11305;35;;;11314;13;11316;21;;;11311.0;0.0
av_COTTON_d1;100;ASH_COATED_OSMIUM;10022;15;10020;27;;;10028;18;10030;18;;;10025.0;0.0
av_COTTON_d1;100;INTARIAN_PEPPER_ROOT;11304;16;11301;24;;;11314;9;11316;25;;;11309.0;0.0
av_COTTON_d1;200;ASH_COATED_OSMIUM;10022;11;10018;20;;;10028;15;10030;14;;;10025.0;0.0
av_COTTON_d1;200;INTARIAN_PEPPER_ROOT;11303;13;11299;26;;;11312;18;11314;13;;;11307.5;0.0
av_COTTON_d1;300;ASH_COATED_OSMIUM;10022;12;10020;21;;;10028;16;10030;21;;;10025.0;0.0
av_COTTON_d1;300;INTARIAN_PEPPER_ROOT;11302;18;11298;30;;;11309;19;11312;10;;;11305.5;0.0
av_COTTON_d1;400;ASH_COATED_OSMIUM;10022;16;10019;16;;;10028;21;10031;12;;;10025.0;0.0
av_COTTON_d1;400;INTARIAN_PEPPER_ROOT;11300;9;11296;12;;;11308;17;11312;26;;;11304.0;0.0
av_COTTON_d1;500;ASH_COATED_OSMIUM;10023;15;10020;19;;;10029;19;10033;22;;;10026.0;0.0
av_COTTON_d1;500;INTARIAN_PEPPER_ROOT;11298;19;11295;22;;;11307;16;11309;14;;;11302.5;0.0
av_COTTON_d1;600;ASH_COATED_OSMIUM;10022;8;10020;20;;;10028;23;10032;22;;;10025.0;0.0
av_COTTON_d1;600;INTARIAN_PEPPER_ROOT;11299;12;11295;20;;;11305;21;11309;13;;;11302.0;0.0
av_COTTON_d1;700;ASH_COATED_OSMIUM;10022;14;10018;25;;;10028;17;10031;19;;;10025.0;0.0
av_COTTON_d1;700;INTARIAN_PEPPER_ROOT;11297;19;11295;12;;;11303;18;11305;17;;;11300.0;0.0
av_COTTON_d1;800;ASH_COATED_OSMIUM;10022;16;10018;10;;;10028;20;10032;17;;;10025.0;0.0
av_COTTON_d1;800;INTARIAN_PEPPER_ROOT;11295;18;11291;13;;;11301;16;11305;26;;;11298.0;0.0
av_COTTON_d1;900;ASH_COATED_OSMIUM;10022;14;10020;27;;;10028;16;10031;19;;;10025.0;0.0
av_COTTON_d1;900;INTARIAN_PEPPER_ROOT;11285;10;11281;21;;;11308;17;11311;23;;;11296.5;0.0
av_COTTON_d1;1000;ASH_COATED_OSMIUM;10021;13;10017;25;;;10027;11;10031;18;;;10024.0;0.0
av_COTTON_d1;1000;INTARIAN_PEPPER_ROOT;11292;20;11288;20;;;11298;18;11302;17;;;11295.0;0.0
av_COTTON_d1;1100;ASH_COATED_OSMIUM;10021;5;10017;12;;;10029;6;10031;12;;;10025.0;0.0
av_COTTON_d1;1100;INTARIAN_PEPPER_ROOT;11290;12;11288;19;;;11298;9;11302;18;;;11294.0;0.0
av_COTTON_d1;1200;ASH_COATED_OSMIUM;10022;16;10019;19;;;10028;18;10030;18;;;10025.0;0.0
av_COTTON_d1;1200;INTARIAN_PEPPER_ROOT;11282;20;11279;16;;;11302;6;11304;29;;;11292.0;0.0
av_COTTON_d1;1300;ASH_COATED_OSMIUM;10022;17;10020;16;;;10028;20;10031;25;;;10025.0;0.0
av_COTTON_d1;1300;INTARIAN_PEPPER_ROOT;11288;10;11286;18;;;11294;9;11297;17;;;11291.0;0.0
av_COTTON_d1;1400;ASH_COATED_OSMIUM;10016;9;10012;16;;;10033;24;10036;13;;;10024.5;0.0
av_COTTON_d1;1400;INTARIAN_PEPPER_ROOT;11286;14;11284;29;;;11292;25;11294;20;;;11289.0;0.0
av_COTTON_d1;1500;ASH_COATED_OSMIUM;10019;17;10016;20;;;10031;5;10034;23;;;10025.0;0.0
av_COTTON_d1;1500;INTARIAN_PEPPER_ROOT;11285;14;11282;10;;;11291;12;11295;10;;;11288.0;0.0
av_COTTON_d1;1600;ASH_COATED_OSMIUM;10018;7;10014;12;;;10033;27;10036;20;;;10025.5;0.0
av_COTTON_d1;1600;INTARIAN_PEPPER_ROOT;11283;8;11280;14;;;11289;9;11292;21;;;11286.0;0.0
av_COTTON_d1;1700;ASH_COATED_OSMIUM;10022;17;10019;22;;;10028;9;10031;21;;;10025.0;0.0
av_COTTON_d1;1700;INTARIAN_PEPPER_ROOT;11282;13;11279;28;;;11288;17;11292;23;;;11285.0;0.0
av_COTTON_d1;1800;ASH_COATED_OSMIUM;10022;10;10020;22;;;10028;18;10032;31;;;10025.0;0.0
av_COTTON_d1;1800;INTARIAN_PEPPER_ROOT;11279;12;11276;18;;;11287;5;11290;21;;;11283.0;0.0
av_COTTON_d1;1900;ASH_COATED_OSMIUM;10019;10;10017;20;;;10030;15;10032;18;;;10024.5;0.0
av_COTTON_d1;1900;INTARIAN_PEPPER_ROOT;11279;5;11275;19;;;11285;14;11289;17;;;11282.0;0.0
av_COTTON_d1;2000;ASH_COATED_OSMIUM;10022;15;10019;28;;;10028;22;10031;18;;;10025.0;0.0
av_COTTON_d1;2000;INTARIAN_PEPPER_ROOT;11278;16;11274;16;;;11284;12;11286;21;;;11281.0;0.0
av_COTTON_d1;2100;ASH_COATED_OSMIUM;10020;12;10018;21;;;10029;10;10031;16;;;10024.5;0.0
av_COTTON_d1;2100;INTARIAN_PEPPER_ROOT;11276;20;11273;26;;;11282;17;11286;18;;;11279.0;0.0
av_COTTON_d1;2200;ASH_COATED_OSMIUM;10021;14;10019;16;;;10027;6;10029;16;;;10024.0;0.0
av_COTTON_d1;2200;INTARIAN_PEPPER_ROOT;11275;19;11273;19;;;11281;14;11283;22;;;11278.0;0.0
av_COTTON_d1;2300;ASH_COATED_OSMIUM;10021;12;10018;8;;;10027;14;10031;26;;;10024.0;0.0
av_COTTON_d1;2300;INTARIAN_PEPPER_ROOT;11272;12;11269;24;;;11278;11;11281;19;;;11275.0;0.0
av_COTTON_d1;2400;ASH_COATED_OSMIUM;10022;6;10020;15;;;10028;23;10030;26;;;10025.0;0.0
av_COTTON_d1;2400;INTARIAN_PEPPER_ROOT;11271;5;11268;20;;;11277;23;11280;26;;;11274.0;0.0
av_COTTON_d1;2500;ASH_COATED_OSMIUM;10022;13;10018;21;;;10028;15;10030;22;;;10025.0;0.0
av_COTTON_d1;2500;INTARIAN_PEPPER_ROOT;11269;20;11266;20;;;11275;17;11279;25;;;11272.0;0.0
av_COTTON_d1;2600;ASH_COATED_OSMIUM;10022;15;10019;23;;;10029;15;10032;22;;;10025.5;0.0
av_COTTON_d1;2600;INTARIAN_PEPPER_ROOT;11269;17;11265;21;;;11275;14;11278;21;;;11272.0;0.0
av_COTTON_d1;2700;ASH_COATED_OSMIUM;10021;19;10018;25;;;10027;17;10030;21;;;10024.0;0.0
av_COTTON_d1;2700;INTARIAN_PEPPER_ROOT;11257;17;11254;19;;;11283;10;11285;16;;;11270.0;0.0
av_COTTON_d1;2800;ASH_COATED_OSMIUM;10021;14;10017;22;;;10030;22;10034;25;;;10025.5;0.0
av_COTTON_d1;2800;INTARIAN_PEPPER_ROOT;11253;11;11251;29;;;11284;12;11288;14;;;11268.5;0.0
av_COTTON_d1;2900;ASH_COATED_OSMIUM;10020;16;10017;22;;;10028;11;10030;21;;;10024.0;0.0
av_COTTON_d1;2900;INTARIAN_PEPPER_ROOT;11264;13;11261;18;;;11270;16;11272;15;;;11267.0;0.0
av_COTTON_d1;3000;ASH_COATED_OSMIUM;10020;19;10017;16;;;10030;9;10032;30;;;10025.0;0.0
av_COTTON_d1;3000;INTARIAN_PEPPER_ROOT;11263;11;11260;12;;;11269;11;11272;16;;;11266.0;0.0
av_COTTON_d1;3100;ASH_COATED_OSMIUM;10022;16;10020;14;;;10028;20;10030;20;;;10025.0;0.0
av_COTTON_d1;3100;INTARIAN_PEPPER_ROOT;11261;13;11257;19;;;11268;27;11270;22;;;11264.5;0.0
av_COTTON_d1;3200;ASH_COATED_OSMIUM;10022;18;10018;19;;;10028;10;10032;24;;;10025.0;0.0
av_COTTON_d1;3200;INTARIAN_PEPPER_ROOT;11258;21;11255;17;;;11266;15;11268;19;;;11262.0;0.0
av_COTTON_d1;3300;ASH_COATED_OSMIUM;10014;11;10010;20;;;10035;19;10039;12;;;10024.5;0.0
av_COTTON_d1;3300;INTARIAN_PEPPER_ROOT;11258;15;11254;20;;;11264;17;11268;16;;;11261.0;0.0
av_COTTON_d1;3400;ASH_COATED_OSMIUM;10010;11;10007;26;;;10038;10;10041;19;;;10024.0;0.0
av_COTTON_d1;3400;INTARIAN_PEPPER_ROOT;11253;17;11251;28;;;11265;11;11269;19;;;11259.0;0.0
av_COTTON_d1;3500;ASH_COATED_OSMIUM;10021;16;10019;17;;;10027;12;10029;19;;;10024.0;0.0
av_COTTON_d1;3500;INTARIAN_PEPPER_ROOT;11255;20;11251;19;;;11261;15;11264;27;;;11258.0;0.0
av_COTTON_d1;3600;ASH_COATED_OSMIUM;10022;15;10020;16;;;10028;12;10032;24;;;10025.0;0.0
av_COTTON_d1;3600;INTARIAN_PEPPER_ROOT;11247;9;11244;14;;;11267;16;11269;24;;;11257.0;0.0
av_COTTON_d1;3700;ASH_COATED_OSMIUM;10021;11;10017;17;;;10027;14;10029;25;;;10024.0;0.0
av_COTTON_d1;3700;INTARIAN_PEPPER_ROOT;11252;24;11250;27;;;11258;10;11261;19;;;11255.0;0.0
av_COTTON_d1;3800;ASH_COATED_OSMIUM;10016;21;10013;23;;;10034;25;10037;20;;;10025.0;0.0
av_COTTON_d1;3800;INTARIAN_PEPPER_ROOT;11250;13;11247;23;;;11256;27;11260;14;;;11253.0;0.0
av_COTTON_d1;3900;ASH_COATED_OSMIUM;10019;21;10015;24;;;10030;22;10034;16;;;10024.5;0.0
av_COTTON_d1;3900;INTARIAN_PEPPER_ROOT;11246;14;11243;19;;;11258;12;11261;26;;;11252.0;0.0
av_COTTON_d1;4000;ASH_COATED_OSMIUM;10021;16;10019;13;;;10027;7;10030;12;;;10024.0;0.0
av_COTTON_d1;4000;INTARIAN_PEPPER_ROOT;11247;23;11244;24;;;11253;18;11255;22;;;11250.0;0.0
av_COTTON_d1;4100;ASH_COATED_OSMIUM;10021;19;10019;23;;;10027;11;10031;27;;;10024.0;0.0
av_COTTON_d1;4100;INTARIAN_PEPPER_ROOT;11245;16;11241;15;;;11251;13;11254;20;;;11248.0;0.0
av_COTTON_d1;4200;ASH_COATED_OSMIUM;10010;11;10007;28;;;10038;14;10042;13;;;10024.0;0.0
av_COTTON_d1;4200;INTARIAN_PEPPER_ROOT;11244;12;11241;16;;;11250;18;11253;18;;;11247.0;0.0
av_COTTON_d1;4300;ASH_COATED_OSMIUM;10012;19;10009;20;;;10036;16;10040;22;;;10024.0;0.0
av_COTTON_d1;4300;INTARIAN_PEPPER_ROOT;11228;12;11224;20;;;11265;9;11269;19;;;11246.5;0.0
av_COTTON_d1;4400;ASH_COATED_OSMIUM;10021;21;10017;20;;;10027;12;10030;21;;;10024.0;0.0
av_COTTON_d1;4400;INTARIAN_PEPPER_ROOT;11242;21;11239;25;;;11248;8;11250;26;;;11245.0;0.0
av_COTTON_d1;4500;ASH_COATED_OSMIUM;10021;19;10018;23;;;10027;9;10029;17;;;10024.0;0.0
av_COTTON_d1;4500;INTARIAN_PEPPER_ROOT;11240;15;11237;26;;;11246;23;11249;20;;;11243.0;0.0
av_COTTON_d1;4600;ASH_COATED_OSMIUM;10014;9;10011;14;;;10035;14;10038;22;;;10024.5;0.0
av_COTTON_d1;4600;INTARIAN_PEPPER_ROOT;11239;17;11235;12;;;11245;13;11249;23;;;11242.0;0.0
av_COTTON_d1;4700;ASH_COATED_OSMIUM;10021;15;10018;20;;;10027;9;10030;29;;;10024.0;0.0
av_COTTON_d1;4700;INTARIAN_PEPPER_ROOT;11237;6;11234;19;;;11243;16;11246;10;;;11240.0;0.0
av_COTTON_d1;4800;ASH_COATED_OSMIUM;10021;19;10018;25;;;10027;7;10031;24;;;10024.0;0.0
av_COTTON_d1;4800;INTARIAN_PEPPER_ROOT;11234;12;11232;13;;;11242;17;11246;23;;;11238.0;0.0
av_COTTON_d1;4900;ASH_COATED_OSMIUM;10019;18;10016;22;;;10028;17;10030;17;;;10023.5;0.0
av_COTTON_d1;4900;INTARIAN_PEPPER_ROOT;11233;10;11229;22;;;11239;26;11241;16;;;11236.0;0.0
av_COTTON_d1;5000;ASH_COATED_OSMIUM;10021;16;10017;17;;;10027;5;10030;19;;;10024.0;0.0
av_COTTON_d1;5000;INTARIAN_PEPPER_ROOT;11230;14;11227;19;;;11239;16;11241;9;;;11234.5;0.0
av_COTTON_d1;5100;ASH_COATED_OSMIUM;10021;11;10018;18;;;10027;20;10031;25;;;10024.0;0.0
av_COTTON_d1;5100;INTARIAN_PEPPER_ROOT;11230;13;11228;27;;;11238;15;11242;21;;;11234.0;0.0
av_COTTON_d1;5200;ASH_COATED_OSMIUM;10021;17;10019;21;;;10027;22;10029;10;;;10024.0;0.0
av_COTTON_d1;5200;INTARIAN_PEPPER_ROOT;11229;15;11225;12;;;11235;15;11238;21;;;11232.0;0.0
av_COTTON_d1;5300;ASH_COATED_OSMIUM;10020;17;10017;21;;;10026;18;10030;23;;;10023.0;0.0
av_COTTON_d1;5300;INTARIAN_PEPPER_ROOT;11226;11;11222;22;;;11237;16;11239;19;;;11231.5;0.0
av_COTTON_d1;5400;ASH_COATED_OSMIUM;10020;18;10018;21;;;10027;12;10029;22;;;10023.5;0.0
av_COTTON_d1;5400;INTARIAN_PEPPER_ROOT;11226;11;11222;15;;;11232;15;11235;25;;;11229.0;0.0
av_COTTON_d1;5500;ASH_COATED_OSMIUM;10021;19;10019;24;;;10027;14;10030;25;;;10024.0;0.0
av_COTTON_d1;5500;INTARIAN_PEPPER_ROOT;11225;12;11223;21;;;11231;10;11233;22;;;11228.0;0.0
av_COTTON_d1;5600;ASH_COATED_OSMIUM;10021;16;10017;21;;;10027;12;10029;26;;;10024.0;0.0
av_COTTON_d1;5600;INTARIAN_PEPPER_ROOT;11223;18;11220;13;;;11229;9;11233;26;;;11226.0;0.0
av_COTTON_d1;5700;ASH_COATED_OSMIUM;10020;16;10018;21;;;10029;11;10031;18;;;10024.5;0.0
av_COTTON_d1;5700;INTARIAN_PEPPER_ROOT;11222;14;11220;23;;;11228;6;11231;17;;;11225.0;0.0
av_COTTON_d1;5800;ASH_COATED_OSMIUM;10018;7;10015;18;;;10028;16;10032;26;;;10023.0;0.0
av_COTTON_d1;5800;INTARIAN_PEPPER_ROOT;11220;12;11216;28;;;11226;23;11229;9;;;11223.0;0.0
av_COTTON_d1;5900;ASH_COATED_OSMIUM;10015;19;10011;20;;;10032;13;10035;13;;;10023.5;0.0
av_COTTON_d1;5900;INTARIAN_PEPPER_ROOT;11217;19;11214;15;;;11226;13;11229;18;;;11221.5;0.0
av_COTTON_d1;6000;ASH_COATED_OSMIUM;10017;5;10013;18;;;10031;18;10033;18;;;10024.0;0.0
av_COTTON_d1;6000;INTARIAN_PEPPER_ROOT;11218;11;11214;21;;;11224;8;11226;16;;;11221.0;0.0
av_COTTON_d1;6100;ASH_COATED_OSMIUM;10012;21;10009;11;;;10035;15;10037;32;;;10023.5;0.0
av_COTTON_d1;6100;INTARIAN_PEPPER_ROOT;11214;20;11210;13;;;11224;14;11226;14;;;11219.0;0.0
av_COTTON_d1;6200;ASH_COATED_OSMIUM;10021;13;10018;19;;;10027;11;10029;17;;;10024.0;0.0
av_COTTON_d1;6200;INTARIAN_PEPPER_ROOT;11214;14;11211;21;;;11220;13;11223;17;;;11217.0;0.0
av_COTTON_d1;6300;ASH_COATED_OSMIUM;10020;15;10017;25;;;10028;10;10032;17;;;10024.0;0.0
av_COTTON_d1;6300;INTARIAN_PEPPER_ROOT;11212;17;11209;21;;;11219;10;11223;27;;;11215.5;0.0
av_COTTON_d1;6400;ASH_COATED_OSMIUM;10021;20;10017;26;;;10027;5;10030;22;;;10024.0;0.0
av_COTTON_d1;6400;INTARIAN_PEPPER_ROOT;11212;10;11208;21;;;11218;13;11220;21;;;11215.0;0.0
av_COTTON_d1;6500;ASH_COATED_OSMIUM;10021;11;10017;20;;;10027;7;10031;26;;;10024.0;0.0
av_COTTON_d1;6500;INTARIAN_PEPPER_ROOT;11210;17;11208;18;;;11216;21;11219;14;;;11213.0;0.0
av_COTTON_d1;6600;ASH_COATED_OSMIUM;10019;15;10015;27;;;10028;18;10032;17;;;10023.5;0.0
av_COTTON_d1;6600;INTARIAN_PEPPER_ROOT;11207;5;11205;25;;;11217;17;11220;9;;;11212.0;0.0
av_COTTON_d1;6700;ASH_COATED_OSMIUM;10020;7;10018;18;;;10026;9;10029;15;;;10023.0;0.0
av_COTTON_d1;6700;INTARIAN_PEPPER_ROOT;11207;13;11205;15;;;11213;15;11216;17;;;11210.0;0.0
av_COTTON_d1;6800;ASH_COATED_OSMIUM;10021;23;10019;15;;;10027;18;10030;8;;;10024.0;0.0
av_COTTON_d1;6800;INTARIAN_PEPPER_ROOT;11204;13;11200;11;;;11212;11;11216;18;;;11208.0;0.0
av_COTTON_d1;6900;ASH_COATED_OSMIUM;10018;17;10014;18;;;10031;14;10034;17;;;10024.5;0.0
av_COTTON_d1;6900;INTARIAN_PEPPER_ROOT;11203;17;11200;18;;;11211;22;11215;22;;;11207.0;0.0
av_COTTON_d1;7000;ASH_COATED_OSMIUM;10015;24;10011;14;;;10033;12;10035;13;;;10024.0;0.0
av_COTTON_d1;7000;INTARIAN_PEPPER_ROOT;11202;7;11198;17;;;11208;21;11211;27;;;11205.0;0.0
av_COTTON_d1;7100;ASH_COATED_OSMIUM;10020;19;10017;18;;;10026;5;10029;25;;;10023.0;0.0
av_COTTON_d1;7100;INTARIAN_PEPPER_ROOT;11201;20;11197;14;;;11207;17;11210;31;;;11204.0;0.0
av_COTTON_d1;7200;ASH_COATED_OSMIUM;10020;15;10018;26;;;10027;21;10030;18;;;10023.5;0.0
av_COTTON_d1;7200;INTARIAN_PEPPER_ROOT;11195;13;11192;24;;;11209;13;11212;29;;;11202.0;0.0
av_COTTON_d1;7300;ASH_COATED_OSMIUM;10020;13;10018;11;;;10028;11;10031;17;;;10024.0;0.0
av_COTTON_d1;7300;INTARIAN_PEPPER_ROOT;11198;17;11196;11;;;11204;15;11206;12;;;11201.0;0.0
av_COTTON_d1;7400;ASH_COATED_OSMIUM;10018;11;10015;23;;;10029;13;10033;11;;;10023.5;0.0
av_COTTON_d1;7400;INTARIAN_PEPPER_ROOT;11197;9;11194;19;;;11203;13;11206;21;;;11200.0;0.0
av_COTTON_d1;7500;ASH_COATED_OSMIUM;10019;10;10015;18;;;10028;5;10030;8;;;10023.5;0.0
av_COTTON_d1;7500;INTARIAN_PEPPER_ROOT;11195;18;11191;16;;;11201;17;11204;16;;;11198.0;0.0
av_COTTON_d1;7600;ASH_COATED_OSMIUM;10018;13;10014;18;;;10028;10;10030;10;;;10023.0;0.0
av_COTTON_d1;7600;INTARIAN_PEPPER_ROOT;11194;5;11192;21;;;11200;13;11202;23;;;11197.0;0.0
av_COTTON_d1;7700;ASH_COATED_OSMIUM;10020;18;10016;17;;;10026;10;10030;16;;;10023.0;0.0
av_COTTON_d1;7700;INTARIAN_PEPPER_ROOT;11192;16;11188;14;;;11198;20;11200;8;;;11195.0;0.0
av_COTTON_d1;7800;ASH_COATED_OSMIUM;10018;25;10014;17;;;10030;8;10034;14;;;10024.0;0.0
av_COTTON_d1;7800;INTARIAN_PEPPER_ROOT;11191;22;11189;19;;;11197;22;11201;18;;;11194.0;0.0
av_COTTON_d1;7900;ASH_COATED_OSMIUM;10020;9;10017;9;;;10026;11;10030;27;;;10023.0;0.0
av_COTTON_d1;7900;INTARIAN_PEPPER_ROOT;11188;24;11184;30;;;11194;13;11196;16;;;11191.0;0.0
av_COTTON_d1;8000;ASH_COATED_OSMIUM;10021;12;10019;23;;;10027;11;10031;24;;;10024.0;0.0
av_COTTON_d1;8000;INTARIAN_PEPPER_ROOT;11188;12;11185;19;;;11194;16;11196;23;;;11191.0;0.0
av_COTTON_d1;8100;ASH_COATED_OSMIUM;10020;12;10016;17;;;10027;16;10029;19;;;10023.5;0.0
av_COTTON_d1;8100;INTARIAN_PEPPER_ROOT;11183;14;11180;19;;;11195;12;11197;10;;;11189.0;0.0
av_COTTON_d1;8200;ASH_COATED_OSMIUM;10005;12;10002;18;;;10042;16;10044;21;;;10023.5;0.0
av_COTTON_d1;8200;INTARIAN_PEPPER_ROOT;11184;19;11181;13;;;11190;11;11192;14;;;11187.0;0.0
av_COTTON_d1;8300;ASH_COATED_OSMIUM;10020;22;10017;13;;;10026;16;10028;18;;;10023.0;0.0
av_COTTON_d1;8300;INTARIAN_PEPPER_ROOT;11183;17;11179;17;;;11190;13;11192;27;;;11186.5;0.0
av_COTTON_d1;8400;ASH_COATED_OSMIUM;10020;16;10018;19;;;10026;12;10030;24;;;10023.0;0.0
av_COTTON_d1;8400;INTARIAN_PEPPER_ROOT;11182;14;11178;19;;;11188;15;11192;13;;;11185.0;0.0
av_COTTON_d1;8500;ASH_COATED_OSMIUM;10020;11;10018;13;;;10026;20;10028;22;;;10023.0;0.0
av_COTTON_d1;8500;INTARIAN_PEPPER_ROOT;11175;13;11172;12;;;11191;13;11193;11;;;11183.0;0.0
av_COTTON_d1;8600;ASH_COATED_OSMIUM;10020;16;10016;22;;;10026;13;10030;25;;;10023.0;0.0
av_COTTON_d1;8600;INTARIAN_PEPPER_ROOT;11179;12;11177;22;;;11185;16;11189;16;;;11182.0;0.0
av_COTTON_d1;8700;ASH_COATED_OSMIUM;10020;6;10016;22;;;10026;11;10029;24;;;10023.0;0.0
av_COTTON_d1;8700;INTARIAN_PEPPER_ROOT;11175;12;11171;14;;;11185;15;11188;20;;;11180.0;0.0
av_COTTON_d1;8800;ASH_COATED_OSMIUM;10020;20;10016;24;;;10026;5;10030;23;;;10023.0;0.0
av_COTTON_d1;8800;INTARIAN_PEPPER_ROOT;11171;5;11167;16;;;11185;15;11187;19;;;11178.0;0.0
av_COTTON_d1;8900;ASH_COATED_OSMIUM;10017;30;10013;22;;;10029;12;10032;13;;;10023.0;0.0
av_COTTON_d1;8900;INTARIAN_PEPPER_ROOT;11174;15;11172;13;;;11180;21;11182;18;;;11177.0;0.0
av_COTTON_d1;9000;ASH_COATED_OSMIUM;10020;11;10017;22;;;10026;9;10029;16;;;10023.0;0.0
av_COTTON_d1;9000;INTARIAN_PEPPER_ROOT;11163;7;11160;20;;;11188;11;11191;21;;;11175.5;0.0
av_COTTON_d1;9100;ASH_COATED_OSMIUM;10020;5;10016;13;;;10026;12;10030;19;;;10023.0;0.0
av_COTTON_d1;9100;INTARIAN_PEPPER_ROOT;11172;10;11170;27;;;11178;18;11180;25;;;11175.0;0.0
av_COTTON_d1;9200;ASH_COATED_OSMIUM;10020;12;10018;12;;;10026;14;10029;24;;;10023.0;0.0
av_COTTON_d1;9200;INTARIAN_PEPPER_ROOT;11168;11;11164;16;;;11178;15;11182;27;;;11173.0;0.0
av_COTTON_d1;9300;ASH_COATED_OSMIUM;10020;11;10018;21;;;10026;16;10030;23;;;10023.0;0.0
av_COTTON_d1;9300;INTARIAN_PEPPER_ROOT;11168;20;11166;33;;;11174;14;11178;10;;;11171.0;0.0
av_COTTON_d1;9400;ASH_COATED_OSMIUM;10019;22;10015;21;;;10025;11;10029;8;;;10022.0;0.0
av_COTTON_d1;9400;INTARIAN_PEPPER_ROOT;11167;6;11164;19;;;11173;16;11175;20;;;11170.0;0.0
av_COTTON_d1;9500;ASH_COATED_OSMIUM;10020;18;10018;24;;;10026;18;10028;16;;;10023.0;0.0
av_COTTON_d1;9500;INTARIAN_PEPPER_ROOT;11165;20;11161;9;;;11172;13;11174;22;;;11168.5;0.0
av_COTTON_d1;9600;ASH_COATED_OSMIUM;10020;12;10016;22;;;10026;20;10030;22;;;10023.0;0.0
av_COTTON_d1;9600;INTARIAN_PEPPER_ROOT;11160;14;11156;22;;;11174;14;11177;13;;;11167.0;0.0
av_COTTON_d1;9700;ASH_COATED_OSMIUM;10020;19;10016;15;;;10026;8;10030;14;;;10023.0;0.0
av_COTTON_d1;9700;INTARIAN_PEPPER_ROOT;11162;11;11159;21;;;11168;20;11172;16;;;11165.0;0.0
av_COTTON_d1;9800;ASH_COATED_OSMIUM;10020;15;10016;24;;;10026;23;10030;24;;;10023.0;0.0
av_COTTON_d1;9800;INTARIAN_PEPPER_ROOT;11142;14;11140;22;;;11185;13;11189;14;;;11163.5;0.0
av_COTTON_d1;9900;ASH_COATED_OSMIUM;10020;18;10016;21;;;10026;20;10029;19;;;10023.0;0.0
av_COTTON_d1;9900;INTARIAN_PEPPER_ROOT;11158;10;11156;14;;;11164;11;11168;17;;;11161.0;0.0
av_COTTON_d1;10000;ASH_COATED_OSMIUM;10019;10;10016;24;;;10025;13;10029;16;;;10022.0;0.0
av_COTTON_d1;10000;INTARIAN_PEPPER_ROOT;11157;18;11155;15;;;11163;18;11166;22;;;11160.0;0.0
av_COTTON_d1;10100;ASH_COATED_OSMIUM;10011;13;10009;18;;;10036;19;10040;17;;;10023.5;0.0
av_COTTON_d1;10100;INTARIAN_PEPPER_ROOT;11156;9;11152;15;;;11162;13;11165;16;;;11159.0;0.0
av_COTTON_d1;10200;ASH_COATED_OSMIUM;10020;14;10016;12;;;10026;24;10028;34;;;10023.0;0.0
av_COTTON_d1;10200;INTARIAN_PEPPER_ROOT;11155;19;11153;16;;;11161;9;11163;17;;;11158.0;0.0
av_COTTON_d1;10300;ASH_COATED_OSMIUM;10014;16;10010;17;;;10032;12;10035;25;;;10023.0;0.0
av_COTTON_d1;10300;INTARIAN_PEPPER_ROOT;11153;5;11150;19;;;11159;16;11162;16;;;11156.0;0.0
av_COTTON_d1;10400;ASH_COATED_OSMIUM;10019;5;10015;17;;;10025;10;10027;19;;;10022.0;0.0
av_COTTON_d1;10400;INTARIAN_PEPPER_ROOT;11151;16;11147;21;;;11157;11;11159;17;;;11154.0;0.0
av_COTTON_d1;10500;ASH_COATED_OSMIUM;10020;19;10017;11;;;10026;20;10030;24;;;10023.0;0.0
av_COTTON_d1;10500;INTARIAN_PEPPER_ROOT;11150;6;11146;23;;;11156;21;11159;21;;;11153.0;0.0
av_COTTON_d1;10600;ASH_COATED_OSMIUM;10019;13;10016;16;;;10025;19;10029;16;;;10022.0;0.0
av_COTTON_d1;10600;INTARIAN_PEPPER_ROOT;11145;15;11143;25;;;11158;9;11160;18;;;11151.5;0.0
av_COTTON_d1;10700;ASH_COATED_OSMIUM;10018;15;10014;23;;;10028;5;10031;16;;;10023.0;0.0
av_COTTON_d1;10700;INTARIAN_PEPPER_ROOT;11147;15;11145;21;;;11153;5;11157;22;;;11150.0;0.0
av_COTTON_d1;10800;ASH_COATED_OSMIUM;10020;14;10017;19;;;10026;11;10030;14;;;10023.0;0.0
av_COTTON_d1;10800;INTARIAN_PEPPER_ROOT;11145;15;11141;16;;;11151;5;11154;12;;;11148.0;0.0
av_COTTON_d1;10900;ASH_COATED_OSMIUM;10008;18;10005;24;;;10036;26;10038;21;;;10022.0;0.0
av_COTTON_d1;10900;INTARIAN_PEPPER_ROOT;11144;7;11141;27;;;11150;14;11153;19;;;11147.0;0.0
av_COTTON_d1;11000;ASH_COATED_OSMIUM;10017;13;10013;20;;;10028;19;10031;18;;;10022.5;0.0
av_COTTON_d1;11000;INTARIAN_PEPPER_ROOT;11143;16;11141;29;;;11149;14;11153;26;;;11146.0;0.0
av_COTTON_d1;11100;ASH_COATED_OSMIUM;10020;15;10016;20;;;10026;10;10029;16;;;10023.0;0.0
av_COTTON_d1;11100;INTARIAN_PEPPER_ROOT;11138;14;11135;17;;;11150;16;11154;22;;;11144.0;0.0
av_COTTON_d1;11200;ASH_COATED_OSMIUM;10019;11;10016;24;;;10025;18;10028;17;;;10022.0;0.0
av_COTTON_d1;11200;INTARIAN_PEPPER_ROOT;11139;9;11137;22;;;11145;7;11147;19;;;11142.0;0.0
av_COTTON_d1;11300;ASH_COATED_OSMIUM;10015;9;10012;23;;;10029;16;10033;22;;;10022.0;0.0
av_COTTON_d1;11300;INTARIAN_PEPPER_ROOT;11135;8;11133;19;;;11147;21;11150;19;;;11141.0;0.0
av_COTTON_d1;11400;ASH_COATED_OSMIUM;10020;16;10018;15;;;10026;23;10028;18;;;10023.0;0.0
av_COTTON_d1;11400;INTARIAN_PEPPER_ROOT;11124;17;11122;30;;;11155;23;11157;21;;;11139.5;0.0
av_COTTON_d1;11500;ASH_COATED_OSMIUM;10018;8;10016;26;;;10028;12;10031;31;;;10023.0;0.0
av_COTTON_d1;11500;INTARIAN_PEPPER_ROOT;11134;13;11131;21;;;11142;12;11144;16;;;11138.0;0.0
av_COTTON_d1;11600;ASH_COATED_OSMIUM;10017;13;10015;20;;;10027;13;10029;23;;;10022.0;0.0
av_COTTON_d1;11600;INTARIAN_PEPPER_ROOT;11133;14;11131;19;;;11139;15;11143;25;;;11136.0;0.0
av_COTTON_d1;11700;ASH_COATED_OSMIUM;10019;15;10017;22;;;10025;9;10029;16;;;10022.0;0.0
av_COTTON_d1;11700;INTARIAN_PEPPER_ROOT;11131;16;11128;20;;;11138;7;11142;13;;;11134.5;0.0
av_COTTON_d1;11800;ASH_COATED_OSMIUM;10019;14;10015;16;;;10026;19;10030;20;;;10022.5;0.0
av_COTTON_d1;11800;INTARIAN_PEPPER_ROOT;11130;11;11128;12;;;11136;19;11139;18;;;11133.0;0.0
av_COTTON_d1;11900;ASH_COATED_OSMIUM;10019;17;10017;24;;;10025;15;10029;15;;;10022.0;0.0
av_COTTON_d1;11900;INTARIAN_PEPPER_ROOT;11123;5;11120;28;;;11140;5;11143;14;;;11131.5;0.0
av_COTTON_d1;12000;ASH_COATED_OSMIUM;10019;22;10015;12;;;10026;15;10028;12;;;10022.5;0.0
av_COTTON_d1;12000;INTARIAN_PEPPER_ROOT;11128;13;11125;18;;;11135;19;11138;16;;;11131.5;0.0
av_COTTON_d1;12100;ASH_COATED_OSMIUM;10019;14;10015;15;;;10025;15;10028;25;;;10022.0;0.0
av_COTTON_d1;12100;INTARIAN_PEPPER_ROOT;11126;8;11124;10;;;11132;17;11134;16;;;11129.0;0.0
av_COTTON_d1;12200;ASH_COATED_OSMIUM;10020;13;10017;21;;;10026;13;10030;20;;;10023.0;0.0
av_COTTON_d1;12200;INTARIAN_PEPPER_ROOT;11125;19;11123;18;;;11131;16;11134;8;;;11128.0;0.0
av_COTTON_d1;12300;ASH_COATED_OSMIUM;10019;11;10015;15;;;10025;24;10027;8;;;10022.0;0.0
av_COTTON_d1;12300;INTARIAN_PEPPER_ROOT;11123;18;11120;20;;;11129;14;11133;17;;;11126.0;0.0
av_COTTON_d1;12400;ASH_COATED_OSMIUM;10019;24;10016;18;;;10025;11;10028;16;;;10022.0;0.0
av_COTTON_d1;12400;INTARIAN_PEPPER_ROOT;11118;18;11114;13;;;11132;20;11134;14;;;11125.0;0.0
av_COTTON_d1;12500;ASH_COATED_OSMIUM;10019;12;10017;11;;;10025;17;10027;16;;;10022.0;0.0
av_COTTON_d1;12500;INTARIAN_PEPPER_ROOT;11120;19;11118;22;;;11126;7;11130;19;;;11123.0;0.0
av_COTTON_d1;12600;ASH_COATED_OSMIUM;10019;15;10017;15;;;10025;17;10028;13;;;10022.0;0.0
av_COTTON_d1;12600;INTARIAN_PEPPER_ROOT;11112;21;11110;12;;;11131;12;11133;22;;;11121.5;0.0
av_COTTON_d1;12700;ASH_COATED_OSMIUM;10018;20;10014;14;;;10026;17;10029;15;;;10022.0;0.0
av_COTTON_d1;12700;INTARIAN_PEPPER_ROOT;11118;12;11115;20;;;11124;17;11127;14;;;11121.0;0.0
av_COTTON_d1;12800;ASH_COATED_OSMIUM;10011;13;10008;22;;;10033;11;10035;16;;;10022.0;0.0
av_COTTON_d1;12800;INTARIAN_PEPPER_ROOT;11113;12;11110;16;;;11125;16;11129;17;;;11119.0;0.0
av_COTTON_d1;12900;ASH_COATED_OSMIUM;10015;5;10012;30;;;10029;18;10032;12;;;10022.0;0.0
av_COTTON_d1;12900;INTARIAN_PEPPER_ROOT;11114;18;11112;26;;;11120;17;11124;14;;;11117.0;0.0
av_COTTON_d1;13000;ASH_COATED_OSMIUM;10019;19;10015;20;;;10025;9;10027;20;;;10022.0;0.0
av_COTTON_d1;13000;INTARIAN_PEPPER_ROOT;11112;21;11108;20;;;11118;11;11122;20;;;11115.0;0.0
av_COTTON_d1;13100;ASH_COATED_OSMIUM;10020;5;10016;21;;;10026;10;10029;15;;;10023.0;0.0
av_COTTON_d1;13100;INTARIAN_PEPPER_ROOT;11110;9;11107;14;;;11117;5;11120;29;;;11113.5;0.0
av_COTTON_d1;13200;ASH_COATED_OSMIUM;10018;11;10015;17;;;10024;18;10027;8;;;10021.0;0.0
av_COTTON_d1;13200;INTARIAN_PEPPER_ROOT;11109;22;11107;22;;;11115;13;11117;14;;;11112.0;0.0
av_COTTON_d1;13300;ASH_COATED_OSMIUM;10019;10;10016;18;;;10025;18;10028;10;;;10022.0;0.0
av_COTTON_d1;13300;INTARIAN_PEPPER_ROOT;11108;9;11106;18;;;11114;17;11116;20;;;11111.0;0.0
av_COTTON_d1;13400;ASH_COATED_OSMIUM;10018;16;10015;19;;;10027;15;10029;13;;;10022.5;0.0
av_COTTON_d1;13400;INTARIAN_PEPPER_ROOT;11107;20;11104;19;;;11113;17;11115;22;;;11110.0;0.0
av_COTTON_d1;13500;ASH_COATED_OSMIUM;10015;15;10011;18;;;10029;15;10032;29;;;10022.0;0.0
av_COTTON_d1;13500;INTARIAN_PEPPER_ROOT;11105;8;11101;12;;;11111;16;11114;8;;;11108.0;0.0
av_COTTON_d1;13600;ASH_COATED_OSMIUM;10019;13;10016;26;;;10025;19;10028;26;;;10022.0;0.0
av_COTTON_d1;13600;INTARIAN_PEPPER_ROOT;11102;15;11099;22;;;11111;19;11113;19;;;11106.5;0.0
av_COTTON_d1;13700;ASH_COATED_OSMIUM;10018;10;10014;9;;;10026;16;10030;13;;;10022.0;0.0
av_COTTON_d1;13700;INTARIAN_PEPPER_ROOT;11102;17;11100;10;;;11108;9;11110;23;;;11105.0;0.0
av_COTTON_d1;13800;ASH_COATED_OSMIUM;10019;22;10015;19;;;10025;9;10028;19;;;10022.0;0.0
av_COTTON_d1;13800;INTARIAN_PEPPER_ROOT;11100;15;11097;14;;;11106;7;11108;23;;;11103.0;0.0
av_COTTON_d1;13900;ASH_COATED_OSMIUM;10017;24;10014;16;;;10026;13;10030;19;;;10021.5;0.0
av_COTTON_d1;13900;INTARIAN_PEPPER_ROOT;11099;22;11096;25;;;11105;19;11107;26;;;11102.0;0.0
av_COTTON_d1;14000;ASH_COATED_OSMIUM;10019;18;10016;16;;;10025;21;10029;23;;;10022.0;0.0
av_COTTON_d1;14000;INTARIAN_PEPPER_ROOT;11098;11;11096;22;;;11104;22;11106;19;;;11101.0;0.0
av_COTTON_d1;14100;ASH_COATED_OSMIUM;10014;18;10012;17;;;10030;19;10032;10;;;10022.0;0.0
av_COTTON_d1;14100;INTARIAN_PEPPER_ROOT;11090;8;11088;25;;;11109;15;11112;23;;;11099.5;0.0
av_COTTON_d1;14200;ASH_COATED_OSMIUM;10019;11;10016;20;;;10025;16;10028;13;;;10022.0;0.0
av_COTTON_d1;14200;INTARIAN_PEPPER_ROOT;11094;6;11092;12;;;11100;18;11103;26;;;11097.0;0.0
av_COTTON_d1;14300;ASH_COATED_OSMIUM;10013;13;10009;23;;;10031;22;10035;21;;;10022.0;0.0
av_COTTON_d1;14300;INTARIAN_PEPPER_ROOT;11093;13;11089;24;;;11099;5;11103;16;;;11096.0;0.0
av_COTTON_d1;14400;ASH_COATED_OSMIUM;10018;21;10016;21;;;10024;26;10026;16;;;10021.0;0.0
av_COTTON_d1;14400;INTARIAN_PEPPER_ROOT;11088;7;11086;9;;;11101;16;11105;28;;;11094.5;0.0
av_COTTON_d1;14500;ASH_COATED_OSMIUM;10010;9;10008;20;;;10034;15;10038;19;;;10022.0;0.0
av_COTTON_d1;14500;INTARIAN_PEPPER_ROOT;11091;12;11087;24;;;11097;11;11100;24;;;11094.0;0.0
av_COTTON_d1;14600;ASH_COATED_OSMIUM;10019;27;10015;20;;;10025;13;10028;24;;;10022.0;0.0
av_COTTON_d1;14600;INTARIAN_PEPPER_ROOT;11088;7;11084;23;;;11094;6;11098;26;;;11091.0;0.0
av_COTTON_d1;14700;ASH_COATED_OSMIUM;10015;13;10011;13;;;10027;16;10031;13;;;10021.0;0.0
av_COTTON_d1;14700;INTARIAN_PEPPER_ROOT;11087;10;11083;19;;;11093;5;11097;21;;;11090.0;0.0
av_COTTON_d1;14800;ASH_COATED_OSMIUM;10019;5;10017;21;;;10025;8;10027;12;;;10022.0;0.0
av_COTTON_d1;14800;INTARIAN_PEPPER_ROOT;11086;10;11082;21;;;11092;7;11094;21;;;11089.0;0.0
av_COTTON_d1;14900;ASH_COATED_OSMIUM;10018;15;10015;13;;;10024;5;10028;8;;;10021.0;0.0
av_COTTON_d1;14900;INTARIAN_PEPPER_ROOT;11083;13;11079;19;;;11090;20;11092;21;;;11086.5;0.0
av_COTTON_d1;15000;ASH_COATED_OSMIUM;10019;6;10016;18;;;10025;24;10028;17;;;10022.0;0.0
av_COTTON_d1;15000;INTARIAN_PEPPER_ROOT;11082;17;11080;19;;;11088;18;11092;27;;;11085.0;0.0
av_COTTON_d1;15100;ASH_COATED_OSMIUM;10018;24;10015;24;;;10024;9;10028;21;;;10021.0;0.0
av_COTTON_d1;15100;INTARIAN_PEPPER_ROOT;11081;20;11078;19;;;11087;6;11090;17;;;11084.0;0.0
av_COTTON_d1;15200;ASH_COATED_OSMIUM;10017;16;10015;20;;;10026;5;10029;20;;;10021.5;0.0
av_COTTON_d1;15200;INTARIAN_PEPPER_ROOT;11071;15;11067;18;;;11095;10;11099;17;;;11083.0;0.0
av_COTTON_d1;15300;ASH_COATED_OSMIUM;10018;14;10014;20;;;10027;24;10029;24;;;10022.5;0.0
av_COTTON_d1;15300;INTARIAN_PEPPER_ROOT;11076;17;11074;16;;;11086;16;11090;20;;;11081.0;0.0
av_COTTON_d1;15400;ASH_COATED_OSMIUM;10019;13;10016;20;;;10025;14;10027;23;;;10022.0;0.0
av_COTTON_d1;15400;INTARIAN_PEPPER_ROOT;11077;12;11074;23;;;11083;18;11085;20;;;11080.0;0.0
av_COTTON_d1;15500;ASH_COATED_OSMIUM;10010;24;10008;19;;;10032;18;10036;20;;;10021.0;0.0
av_COTTON_d1;15500;INTARIAN_PEPPER_ROOT;11065;13;11061;14;;;11090;6;11093;19;;;11077.5;0.0
av_COTTON_d1;15600;ASH_COATED_OSMIUM;10018;22;10014;8;;;10024;7;10027;20;;;10021.0;0.0
av_COTTON_d1;15600;INTARIAN_PEPPER_ROOT;11068;18;11066;22;;;11086;18;11090;20;;;11077.0;0.0
av_COTTON_d1;15700;ASH_COATED_OSMIUM;10017;5;10015;17;;;10025;23;10027;26;;;10021.0;0.0
av_COTTON_d1;15700;INTARIAN_PEPPER_ROOT;11069;6;11065;13;;;11082;28;11086;21;;;11075.5;0.0
av_COTTON_d1;15800;ASH_COATED_OSMIUM;10013;22;10010;22;;;10029;9;10032;20;;;10021.0;0.0
av_COTTON_d1;15800;INTARIAN_PEPPER_ROOT;11071;11;11068;32;;;11077;14;11080;18;;;11074.0;0.0
av_COTTON_d1;15900;ASH_COATED_OSMIUM;10014;24;10011;16;;;10028;22;10030;23;;;10021.0;0.0
av_COTTON_d1;15900;INTARIAN_PEPPER_ROOT;11068;9;11065;21;;;11076;12;11080;19;;;11072.0;0.0
av_COTTON_d1;16000;ASH_COATED_OSMIUM;10016;10;10012;24;;;10027;14;10029;11;;;10021.5;0.0
av_COTTON_d1;16000;INTARIAN_PEPPER_ROOT;11066;11;11064;10;;;11075;20;11077;20;;;11070.5;0.0
av_COTTON_d1;16100;ASH_COATED_OSMIUM;10018;8;10014;16;;;10024;7;10026;21;;;10021.0;0.0
av_COTTON_d1;16100;INTARIAN_PEPPER_ROOT;11066;19;11064;23;;;11072;19;11075;18;;;11069.0;0.0
av_COTTON_d1;16200;ASH_COATED_OSMIUM;10013;9;10009;19;;;10030;9;10034;21;;;10021.5;0.0
av_COTTON_d1;16200;INTARIAN_PEPPER_ROOT;11061;18;11057;18;;;11074;15;11078;18;;;11067.5;0.0
av_COTTON_d1;16300;ASH_COATED_OSMIUM;10019;15;10017;27;;;10025;9;10027;18;;;10022.0;0.0
av_COTTON_d1;16300;INTARIAN_PEPPER_ROOT;11062;18;11060;24;;;11069;13;11072;12;;;11065.5;0.0
av_COTTON_d1;16400;ASH_COATED_OSMIUM;10018;15;10016;22;;;10025;11;10029;11;;;10021.5;0.0
av_COTTON_d1;16400;INTARIAN_PEPPER_ROOT;11062;14;11058;15;;;11068;22;11071;24;;;11065.0;0.0
av_COTTON_d1;16500;ASH_COATED_OSMIUM;10018;15;10016;21;;;10024;18;10027;26;;;10021.0;0.0
av_COTTON_d1;16500;INTARIAN_PEPPER_ROOT;11059;10;11057;29;;;11066;17;11070;19;;;11062.5;0.0
av_COTTON_d1;16600;ASH_COATED_OSMIUM;10013;17;10010;22;;;10029;7;10031;25;;;10021.0;0.0
av_COTTON_d1;16600;INTARIAN_PEPPER_ROOT;11059;17;11057;29;;;11065;19;11068;21;;;11062.0;0.0
av_COTTON_d1;16700;ASH_COATED_OSMIUM;10013;30;10010;21;;;10030;5;10034;11;;;10021.5;0.0
av_COTTON_d1;16700;INTARIAN_PEPPER_ROOT;11052;22;11050;28;;;11069;11;11072;22;;;11060.5;0.0
av_COTTON_d1;16800;ASH_COATED_OSMIUM;10019;5;10016;20;;;10025;18;10029;19;;;10022.0;0.0
av_COTTON_d1;16800;INTARIAN_PEPPER_ROOT;11043;14;11039;18;;;11075;17;11078;20;;;11059.0;0.0
av_COTTON_d1;16900;ASH_COATED_OSMIUM;10018;21;10016;17;;;10024;22;10028;23;;;10021.0;0.0
av_COTTON_d1;16900;INTARIAN_PEPPER_ROOT;11055;9;11053;22;;;11061;13;11064;15;;;11058.0;0.0
av_COTTON_d1;17000;ASH_COATED_OSMIUM;10018;22;10015;22;;;10024;22;10028;15;;;10021.0;0.0
av_COTTON_d1;17000;INTARIAN_PEPPER_ROOT;11054;9;11050;27;;;11060;19;11062;13;;;11057.0;0.0
av_COTTON_d1;17100;ASH_COATED_OSMIUM;10012;14;10008;17;;;10029;5;10031;22;;;10020.5;0.0
av_COTTON_d1;17100;INTARIAN_PEPPER_ROOT;11052;14;11048;17;;;11060;13;11063;15;;;11056.0;0.0
av_COTTON_d1;17200;ASH_COATED_OSMIUM;10018;12;10016;11;;;10024;13;10028;24;;;10021.0;0.0
av_COTTON_d1;17200;INTARIAN_PEPPER_ROOT;11052;5;11048;22;;;11058;25;11060;26;;;11055.0;0.0
av_COTTON_d1;17300;ASH_COATED_OSMIUM;10016;12;10012;8;;;10027;12;10031;27;;;10021.5;0.0
av_COTTON_d1;17300;INTARIAN_PEPPER_ROOT;11052;11;11050;8;;;11058;17;11062;23;;;11055.0;0.0
av_COTTON_d1;17400;ASH_COATED_OSMIUM;10017;11;10014;21;;;10025;14;10029;22;;;10021.0;0.0
av_COTTON_d1;17400;INTARIAN_PEPPER_ROOT;11051;16;11049;15;;;11057;15;11061;23;;;11054.0;0.0
av_COTTON_d1;17500;ASH_COATED_OSMIUM;10016;5;10012;27;;;10027;10;10029;21;;;10021.5;0.0
av_COTTON_d1;17500;INTARIAN_PEPPER_ROOT;11051;13;11047;18;;;11057;11;11060;22;;;11054.0;0.0
av_COTTON_d1;17600;ASH_COATED_OSMIUM;10018;19;10014;17;;;10024;13;10026;14;;;10021.0;0.0
av_COTTON_d1;17600;INTARIAN_PEPPER_ROOT;11047;11;11045;25;;;11059;14;11062;15;;;11053.0;0.0
av_COTTON_d1;17700;ASH_COATED_OSMIUM;10018;18;10015;28;;;10024;21;10027;12;;;10021.0;0.0
av_COTTON_d1;17700;INTARIAN_PEPPER_ROOT;11049;12;11047;13;;;11058;21;11060;22;;;11053.5;0.0
av_COTTON_d1;17800;ASH_COATED_OSMIUM;10019;7;10015;21;;;10025;20;10028;19;;;10022.0;0.0
av_COTTON_d1;17800;INTARIAN_PEPPER_ROOT;11049;8;11046;17;;;11055;15;11058;23;;;11052.0;0.0
av_COTTON_d1;17900;ASH_COATED_OSMIUM;10018;11;10014;22;;;10024;11;10028;28;;;10021.0;0.0
av_COTTON_d1;17900;INTARIAN_PEPPER_ROOT;11049;13;11045;20;;;11055;15;11058;17;;;11052.0;0.0
av_COTTON_d1;18000;ASH_COATED_OSMIUM;10019;12;10015;18;;;10025;26;10029;32;;;10022.0;0.0
av_COTTON_d1;18000;INTARIAN_PEPPER_ROOT;11048;9;11045;16;;;11054;5;11058;8;;;11051.0;0.0
av_COTTON_d1;18100;ASH_COATED_OSMIUM;10016;14;10013;10;;;10026;16;10029;20;;;10021.0;0.0
av_COTTON_d1;18100;INTARIAN_PEPPER_ROOT;11045;15;11043;19;;;11057;16;11060;22;;;11051.0;0.0
av_COTTON_d1;18200;ASH_COATED_OSMIUM;10018;28;10014;25;;;10024;23;10028;19;;;10021.0;0.0
av_COTTON_d1;18200;INTARIAN_PEPPER_ROOT;11042;12;11038;18;;;11060;17;11063;15;;;11051.0;0.0
av_COTTON_d1;18300;ASH_COATED_OSMIUM;10018;13;10014;18;;;10024;19;10028;22;;;10021.0;0.0
av_COTTON_d1;18300;INTARIAN_PEPPER_ROOT;11047;9;11043;21;;;11053;16;11057;17;;;11050.0;0.0
av_COTTON_d1;18400;ASH_COATED_OSMIUM;10016;12;10012;25;;;10027;19;10031;27;;;10021.5;0.0
av_COTTON_d1;18400;INTARIAN_PEPPER_ROOT;11047;7;11043;20;;;11053;10;11055;13;;;11050.0;0.0
av_COTTON_d1;18500;ASH_COATED_OSMIUM;10018;11;10015;18;;;10024;16;10026;27;;;10021.0;0.0
av_COTTON_d1;18500;INTARIAN_PEPPER_ROOT;11046;13;11043;24;;;11052;12;11054;8;;;11049.0;0.0
av_COTTON_d1;18600;ASH_COATED_OSMIUM;10011;15;10007;25;;;10034;12;10037;22;;;10022.5;0.0
av_COTTON_d1;18600;INTARIAN_PEPPER_ROOT;11044;12;11041;19;;;11054;13;11057;19;;;11049.0;0.0
av_COTTON_d1;18700;ASH_COATED_OSMIUM;10019;10;10016;19;;;10025;17;10027;14;;;10022.0;0.0
av_COTTON_d1;18700;INTARIAN_PEPPER_ROOT;11045;17;11041;15;;;11051;17;11053;26;;;11048.0;0.0
av_COTTON_d1;18800;ASH_COATED_OSMIUM;10019;14;10015;23;;;10025;17;10029;16;;;10022.0;0.0
av_COTTON_d1;18800;INTARIAN_PEPPER_ROOT;11045;10;11043;25;;;11051;12;11053;16;;;11048.0;0.0
av_COTTON_d1;18900;ASH_COATED_OSMIUM;10019;14;10017;17;;;10027;19;10030;14;;;10023.0;0.0
av_COTTON_d1;18900;INTARIAN_PEPPER_ROOT;11044;18;11042;23;;;11050;15;11053;30;;;11047.0;0.0
av_COTTON_d1;19000;ASH_COATED_OSMIUM;10017;9;10015;21;;;10027;9;10031;27;;;10022.0;0.0
av_COTTON_d1;19000;INTARIAN_PEPPER_ROOT;11044;9;11042;13;;;11050;20;11052;15;;;11047.0;0.0
av_COTTON_d1;19100;ASH_COATED_OSMIUM;10019;14;10017;23;;;10025;17;10028;13;;;10022.0;0.0
av_COTTON_d1;19100;INTARIAN_PEPPER_ROOT;11039;18;11037;17;;;11052;8;11056;21;;;11045.5;0.0
av_COTTON_d1;19200;ASH_COATED_OSMIUM;10015;10;10012;23;;;10029;8;10031;21;;;10022.0;0.0
av_COTTON_d1;19200;INTARIAN_PEPPER_ROOT;11041;7;11037;19;;;11049;7;11052;21;;;11045.0;0.0
av_COTTON_d1;19300;ASH_COATED_OSMIUM;10019;10;10015;21;;;10025;11;10028;19;;;10022.0;0.0
av_COTTON_d1;19300;INTARIAN_PEPPER_ROOT;11037;18;11033;20;;;11054;12;11056;24;;;11045.5;0.0
av_COTTON_d1;19400;ASH_COATED_OSMIUM;10020;8;10016;15;;;10026;16;10029;18;;;10023.0;0.0
av_COTTON_d1;19400;INTARIAN_PEPPER_ROOT;11039;21;11037;23;;;11050;20;11054;8;;;11044.5;0.0
av_COTTON_d1;19500;ASH_COATED_OSMIUM;10020;21;10018;17;;;10026;17;10030;23;;;10023.0;0.0
av_COTTON_d1;19500;INTARIAN_PEPPER_ROOT;11041;18;11037;18;;;11047;21;11050;23;;;11044.0;0.0
av_COTTON_d1;19600;ASH_COATED_OSMIUM;10020;6;10016;20;;;10026;11;10029;23;;;10023.0;0.0
av_COTTON_d1;19600;INTARIAN_PEPPER_ROOT;11038;16;11034;19;;;11047;18;11051;18;;;11042.5;0.0
av_COTTON_d1;19700;ASH_COATED_OSMIUM;10019;18;10015;8;;;10028;18;10030;23;;;10023.5;0.0
av_COTTON_d1;19700;INTARIAN_PEPPER_ROOT;11037;7;11034;18;;;11048;13;11052;24;;;11042.5;0.0
av_COTTON_d1;19800;ASH_COATED_OSMIUM;10019;24;10016;15;;;10025;13;10027;15;;;10022.0;0.0
av_COTTON_d1;19800;INTARIAN_PEPPER_ROOT;11039;21;11035;22;;;11045;21;11049;20;;;11042.0;0.0
av_COTTON_d1;19900;ASH_COATED_OSMIUM;10018;7;10015;9;;;10028;5;10031;14;;;10023.0;0.0
av_COTTON_d1;19900;INTARIAN_PEPPER_ROOT;11035;13;11031;29;;;11049;15;11052;21;;;11042.0;0.0
av_COTTON_d1;20000;ASH_COATED_OSMIUM;10020;14;10018;13;;;10026;14;10030;21;;;10023.0;0.0
av_COTTON_d1;20000;INTARIAN_PEPPER_ROOT;11036;16;11032;26;;;11048;11;11050;22;;;11042.0;0.0
av_COTTON_d1;20100;ASH_COATED_OSMIUM;10019;18;10015;13;;;10027;12;10029;19;;;10023.0;0.0
av_COTTON_d1;20100;INTARIAN_PEPPER_ROOT;11031;20;11029;28;;;11052;17;11055;20;;;11041.5;0.0
av_COTTON_d1;20200;ASH_COATED_OSMIUM;10016;13;10014;17;;;10031;17;10033;22;;;10023.5;0.0
av_COTTON_d1;20200;INTARIAN_PEPPER_ROOT;11030;16;11027;21;;;11051;12;11055;16;;;11040.5;0.0
av_COTTON_d1;20300;ASH_COATED_OSMIUM;10020;9;10017;20;;;10026;16;10029;15;;;10023.0;0.0
av_COTTON_d1;20300;INTARIAN_PEPPER_ROOT;11034;16;11032;23;;;11045;18;11049;17;;;11039.5;0.0
av_COTTON_d1;20400;ASH_COATED_OSMIUM;10020;18;10017;23;;;10026;8;10029;28;;;10023.0;0.0
av_COTTON_d1;20400;INTARIAN_PEPPER_ROOT;11026;11;11022;11;;;11053;15;11055;21;;;11039.5;0.0
av_COTTON_d1;20500;ASH_COATED_OSMIUM;10020;5;10018;25;;;10026;6;10028;12;;;10023.0;0.0
av_COTTON_d1;20500;INTARIAN_PEPPER_ROOT;11037;10;11035;24;;;11043;10;11045;22;;;11040.0;0.0
av_COTTON_d1;20600;ASH_COATED_OSMIUM;10020;16;10016;24;;;10026;17;10028;23;;;10023.0;0.0
av_COTTON_d1;20600;INTARIAN_PEPPER_ROOT;11023;19;11019;12;;;11054;19;11057;27;;;11038.5;0.0
av_COTTON_d1;20700;ASH_COATED_OSMIUM;10020;10;10016;25;;;10026;17;10029;19;;;10023.0;0.0
av_COTTON_d1;20700;INTARIAN_PEPPER_ROOT;11034;13;11031;25;;;11043;12;11047;16;;;11038.5;0.0
av_COTTON_d1;20800;ASH_COATED_OSMIUM;10020;25;10018;31;;;10026;17;10029;22;;;10023.0;0.0
av_COTTON_d1;20800;INTARIAN_PEPPER_ROOT;11033;22;11031;14;;;11042;13;11046;16;;;11037.5;0.0
av_COTTON_d1;20900;ASH_COATED_OSMIUM;10015;8;10012;20;;;10032;7;10035;19;;;10023.5;0.0
av_COTTON_d1;20900;INTARIAN_PEPPER_ROOT;11034;20;11032;23;;;11040;8;11042;19;;;11037.0;0.0
av_COTTON_d1;21000;ASH_COATED_OSMIUM;10021;18;10018;16;;;10027;18;10030;18;;;10024.0;0.0
av_COTTON_d1;21000;INTARIAN_PEPPER_ROOT;11034;19;11032;24;;;11040;12;11044;20;;;11037.0;0.0
av_COTTON_d1;21100;ASH_COATED_OSMIUM;10021;9;10017;14;;;10027;15;10029;19;;;10024.0;0.0
av_COTTON_d1;21100;INTARIAN_PEPPER_ROOT;11030;5;11026;21;;;11042;22;11044;16;;;11036.0;0.0
av_COTTON_d1;21200;ASH_COATED_OSMIUM;10021;7;10019;8;;;10027;25;10030;9;;;10024.0;0.0
av_COTTON_d1;21200;INTARIAN_PEPPER_ROOT;11026;23;11022;14;;;11045;9;11049;25;;;11035.5;0.0
av_COTTON_d1;21300;ASH_COATED_OSMIUM;10021;19;10018;14;;;10027;24;10029;24;;;10024.0;0.0
av_COTTON_d1;21300;INTARIAN_PEPPER_ROOT;11033;12;11030;19;;;11039;15;11041;20;;;11036.0;0.0
av_COTTON_d1;21400;ASH_COATED_OSMIUM;10021;9;10017;29;;;10027;17;10030;28;;;10024.0;0.0
av_COTTON_d1;21400;INTARIAN_PEPPER_ROOT;11026;11;11022;15;;;11043;11;11047;26;;;11034.5;0.0
av_COTTON_d1;21500;ASH_COATED_OSMIUM;10017;12;10014;19;;;10032;11;10034;20;;;10024.5;0.0
av_COTTON_d1;21500;INTARIAN_PEPPER_ROOT;11031;17;11029;17;;;11037;10;11039;20;;;11034.0;0.0
av_COTTON_d1;21600;ASH_COATED_OSMIUM;10021;6;10019;23;;;10027;13;10030;19;;;10024.0;0.0
av_COTTON_d1;21600;INTARIAN_PEPPER_ROOT;11027;5;11025;19;;;11039;9;11043;22;;;11033.0;0.0
av_COTTON_d1;21700;ASH_COATED_OSMIUM;10021;9;10018;13;;;10028;18;10031;17;;;10024.5;0.0
av_COTTON_d1;21700;INTARIAN_PEPPER_ROOT;11030;19;11027;15;;;11037;15;11039;17;;;11033.5;0.0
av_COTTON_d1;21800;ASH_COATED_OSMIUM;10021;17;10017;24;;;10027;15;10029;15;;;10024.0;0.0
av_COTTON_d1;21800;INTARIAN_PEPPER_ROOT;11026;12;11023;16;;;11039;22;11041;15;;;11032.5;0.0
av_COTTON_d1;21900;ASH_COATED_OSMIUM;10021;14;10017;24;;;10027;13;10029;21;;;10024.0;0.0
av_COTTON_d1;21900;INTARIAN_PEPPER_ROOT;11023;13;11021;14;;;11044;16;11047;17;;;11033.5;0.0
av_COTTON_d1;22000;ASH_COATED_OSMIUM;10021;9;10018;21;;;10027;10;10031;21;;;10024.0;0.0
av_COTTON_d1;22000;INTARIAN_PEPPER_ROOT;11029;12;11026;18;;;11035;13;11039;25;;;11032.0;0.0
av_COTTON_d1;22100;ASH_COATED_OSMIUM;10021;9;10019;21;;;10027;9;10029;19;;;10024.0;0.0
av_COTTON_d1;22100;INTARIAN_PEPPER_ROOT;11024;8;11020;19;;;11039;16;11043;14;;;11031.5;0.0
av_COTTON_d1;22200;ASH_COATED_OSMIUM;10022;11;10020;20;;;10028;23;10030;15;;;10025.0;0.0
av_COTTON_d1;22200;INTARIAN_PEPPER_ROOT;11028;17;11024;22;;;11035;19;11039;25;;;11031.5;0.0
av_COTTON_d1;22300;ASH_COATED_OSMIUM;10020;30;10018;20;;;10029;12;10032;24;;;10024.5;0.0
av_COTTON_d1;22300;INTARIAN_PEPPER_ROOT;11019;18;11016;19;;;11041;20;11045;11;;;11030.0;0.0
av_COTTON_d1;22400;ASH_COATED_OSMIUM;10017;19;10014;16;;;10032;17;10036;17;;;10024.5;0.0
av_COTTON_d1;22400;INTARIAN_PEPPER_ROOT;11027;15;11025;28;;;11033;24;11036;20;;;11030.0;0.0
av_COTTON_d1;22500;ASH_COATED_OSMIUM;10022;16;10019;13;;;10028;8;10030;23;;;10025.0;0.0
av_COTTON_d1;22500;INTARIAN_PEPPER_ROOT;11025;13;11023;23;;;11033;16;11035;20;;;11029.0;0.0
av_COTTON_d1;22600;ASH_COATED_OSMIUM;10016;20;10013;21;;;10033;16;10036;21;;;10024.5;0.0
av_COTTON_d1;22600;INTARIAN_PEPPER_ROOT;11026;5;11022;17;;;11032;13;11036;18;;;11029.0;0.0
av_COTTON_d1;22700;ASH_COATED_OSMIUM;10017;13;10014;21;;;10034;15;10037;16;;;10025.5;0.0
av_COTTON_d1;22700;INTARIAN_PEPPER_ROOT;11025;12;11022;11;;;11031;10;11034;17;;;11028.0;0.0
av_COTTON_d1;22800;ASH_COATED_OSMIUM;10020;13;10016;24;;;10031;19;10035;28;;;10025.5;0.0
av_COTTON_d1;22800;INTARIAN_PEPPER_ROOT;11017;13;11014;21;;;11038;12;11040;26;;;11027.5;0.0
av_COTTON_d1;22900;ASH_COATED_OSMIUM;10022;17;10019;19;;;10029;17;10032;19;;;10025.5;0.0
av_COTTON_d1;22900;INTARIAN_PEPPER_ROOT;11025;5;11023;30;;;11031;17;11034;28;;;11028.0;0.0
av_COTTON_d1;23000;ASH_COATED_OSMIUM;10018;14;10014;20;;;10031;19;10033;15;;;10024.5;0.0
av_COTTON_d1;23000;INTARIAN_PEPPER_ROOT;11024;12;11020;21;;;11030;19;11034;13;;;11027.0;0.0
av_COTTON_d1;23100;ASH_COATED_OSMIUM;10022;13;10020;18;;;10028;12;10030;20;;;10025.0;0.0
av_COTTON_d1;23100;INTARIAN_PEPPER_ROOT;11023;7;11021;21;;;11029;13;11032;24;;;11026.0;0.0
av_COTTON_d1;23200;ASH_COATED_OSMIUM;10022;11;10020;15;;;10028;16;10032;17;;;10025.0;0.0
av_COTTON_d1;23200;INTARIAN_PEPPER_ROOT;11023;11;11019;25;;;11029;21;11031;10;;;11026.0;0.0
av_COTTON_d1;23300;ASH_COATED_OSMIUM;10023;12;10019;31;;;10029;5;10031;17;;;10026.0;0.0
av_COTTON_d1;23300;INTARIAN_PEPPER_ROOT;11023;16;11019;12;;;11029;11;11032;17;;;11026.0;0.0
av_COTTON_d1;23400;ASH_COATED_OSMIUM;10022;15;10018;17;;;10028;15;10030;19;;;10025.0;0.0
av_COTTON_d1;23400;INTARIAN_PEPPER_ROOT;11022;11;11020;22;;;11028;10;11030;13;;;11025.0;0.0
av_COTTON_d1;23500;ASH_COATED_OSMIUM;10014;15;10010;8;;;10036;13;10040;15;;;10025.0;0.0
av_COTTON_d1;23500;INTARIAN_PEPPER_ROOT;11022;12;11018;24;;;11028;17;11030;16;;;11025.0;0.0
av_COTTON_d1;23600;ASH_COATED_OSMIUM;10022;9;10020;15;;;10028;13;10030;17;;;10025.0;0.0
av_COTTON_d1;23600;INTARIAN_PEPPER_ROOT;10994;17;10991;18;;;11053;15;11056;13;;;11023.5;0.0
av_COTTON_d1;23700;ASH_COATED_OSMIUM;10020;10;10016;26;;;10031;19;10033;31;;;10025.5;0.0
av_COTTON_d1;23700;INTARIAN_PEPPER_ROOT;11020;18;11017;19;;;11026;14;11029;10;;;11023.0;0.0
av_COTTON_d1;23800;ASH_COATED_OSMIUM;10023;13;10019;16;;;10030;15;10034;13;;;10026.5;0.0
av_COTTON_d1;23800;INTARIAN_PEPPER_ROOT;11019;14;11016;24;;;11027;15;11031;12;;;11023.0;0.0
av_COTTON_d1;23900;ASH_COATED_OSMIUM;10022;14;10019;8;;;10028;22;10031;13;;;10025.0;0.0
av_COTTON_d1;23900;INTARIAN_PEPPER_ROOT;11020;17;11017;22;;;11026;11;11030;21;;;11023.0;0.0
av_COTTON_d1;24000;ASH_COATED_OSMIUM;10023;11;10019;22;;;10029;17;10031;25;;;10026.0;0.0
av_COTTON_d1;24000;INTARIAN_PEPPER_ROOT;11017;13;11015;10;;;11027;22;11029;21;;;11022.0;0.0
av_COTTON_d1;24100;ASH_COATED_OSMIUM;10023;13;10020;18;;;10029;9;10031;17;;;10026.0;0.0
av_COTTON_d1;24100;INTARIAN_PEPPER_ROOT;11019;18;11017;16;;;11025;14;11028;20;;;11022.0;0.0
av_COTTON_d1;24200;ASH_COATED_OSMIUM;10023;11;10019;16;;;10029;10;10031;21;;;10026.0;0.0
av_COTTON_d1;24200;INTARIAN_PEPPER_ROOT;11017;15;11013;24;;;11027;8;11030;20;;;11022.0;0.0
av_COTTON_d1;24300;ASH_COATED_OSMIUM;10023;26;10020;22;;;10029;6;10032;19;;;10026.0;0.0
av_COTTON_d1;24300;INTARIAN_PEPPER_ROOT;11018;10;11014;21;;;11024;13;11027;25;;;11021.0;0.0
av_COTTON_d1;24400;ASH_COATED_OSMIUM;10022;24;10018;24;;;10029;5;10033;27;;;10025.5;0.0
av_COTTON_d1;24400;INTARIAN_PEPPER_ROOT;11017;11;11014;16;;;11023;20;11026;15;;;11020.0;0.0
av_COTTON_d1;24500;ASH_COATED_OSMIUM;10023;18;10019;20;;;10029;9;10032;26;;;10026.0;0.0
av_COTTON_d1;24500;INTARIAN_PEPPER_ROOT;11016;13;11014;23;;;11022;10;11026;27;;;11019.0;0.0
av_COTTON_d1;24600;ASH_COATED_OSMIUM;10018;18;10015;21;;;10032;8;10036;12;;;10025.0;0.0
av_COTTON_d1;24600;INTARIAN_PEPPER_ROOT;11016;17;11013;17;;;11022;14;11024;18;;;11019.0;0.0
av_COTTON_d1;24700;ASH_COATED_OSMIUM;10022;8;10020;25;;;10028;13;10032;26;;;10025.0;0.0
av_COTTON_d1;24700;INTARIAN_PEPPER_ROOT;11016;7;11013;17;;;11022;19;11026;20;;;11019.0;0.0
av_COTTON_d1;24800;ASH_COATED_OSMIUM;10023;10;10019;33;;;10029;10;10031;27;;;10026.0;0.0
av_COTTON_d1;24800;INTARIAN_PEPPER_ROOT;11015;7;11012;24;;;11021;10;11023;14;;;11018.0;0.0
av_COTTON_d1;24900;ASH_COATED_OSMIUM;10023;20;10019;16;;;10029;18;10031;14;;;10026.0;0.0
av_COTTON_d1;24900;INTARIAN_PEPPER_ROOT;11015;18;11011;19;;;11021;20;11024;17;;;11018.0;0.0
av_COTTON_d1;25000;ASH_COATED_OSMIUM;10023;19;10020;21;;;10029;14;10032;11;;;10026.0;0.0
av_COTTON_d1;25000;INTARIAN_PEPPER_ROOT;11014;10;11011;21;;;11020;17;11023;21;;;11017.0;0.0
av_COTTON_d1;25100;ASH_COATED_OSMIUM;10023;7;10020;25;;;10029;10;10031;16;;;10026.0;0.0
av_COTTON_d1;25100;INTARIAN_PEPPER_ROOT;11013;10;11011;20;;;11019;9;11022;15;;;11016.0;0.0
av_COTTON_d1;25200;ASH_COATED_OSMIUM;10023;12;10021;24;;;10029;15;10032;19;;;10026.0;0.0
av_COTTON_d1;25200;INTARIAN_PEPPER_ROOT;11013;17;11009;23;;;11019;11;11023;26;;;11016.0;0.0
av_COTTON_d1;25300;ASH_COATED_OSMIUM;10023;22;10021;14;;;10029;17;10033;16;;;10026.0;0.0
av_COTTON_d1;25300;INTARIAN_PEPPER_ROOT;11006;15;11002;21;;;11026;19;11029;19;;;11016.0;0.0
av_COTTON_d1;25400;ASH_COATED_OSMIUM;10024;10;10020;23;;;10030;15;10032;22;;;10027.0;0.0
av_COTTON_d1;25400;INTARIAN_PEPPER_ROOT;11012;16;11009;22;;;11018;16;11021;29;;;11015.0;0.0
av_COTTON_d1;25500;ASH_COATED_OSMIUM;10023;23;10020;14;;;10029;13;10031;12;;;10026.0;0.0
av_COTTON_d1;25500;INTARIAN_PEPPER_ROOT;11009;19;11006;24;;;11021;18;11024;16;;;11015.0;0.0
av_COTTON_d1;25600;ASH_COATED_OSMIUM;10021;11;10017;27;;;10032;17;10035;20;;;10026.5;0.0
av_COTTON_d1;25600;INTARIAN_PEPPER_ROOT;11007;9;11004;15;;;11022;12;11026;22;;;11014.5;0.0
av_COTTON_d1;25700;ASH_COATED_OSMIUM;10024;19;10022;27;;;10030;17;10034;23;;;10027.0;0.0
av_COTTON_d1;25700;INTARIAN_PEPPER_ROOT;11011;17;11007;23;;;11017;5;11020;19;;;11014.0;0.0
av_COTTON_d1;25800;ASH_COATED_OSMIUM;10024;13;10022;12;;;10030;20;10033;13;;;10027.0;0.0
av_COTTON_d1;25800;INTARIAN_PEPPER_ROOT;11005;19;11003;30;;;11021;10;11023;22;;;11013.0;0.0
av_COTTON_d1;25900;ASH_COATED_OSMIUM;10015;16;10013;18;;;10039;14;10043;26;;;10027.0;0.0
av_COTTON_d1;25900;INTARIAN_PEPPER_ROOT;11010;18;11006;31;;;11016;13;11019;25;;;11013.0;0.0
av_COTTON_d1;26000;ASH_COATED_OSMIUM;10024;19;10021;23;;;10030;26;10033;30;;;10027.0;0.0
av_COTTON_d1;26000;INTARIAN_PEPPER_ROOT;11009;12;11006;18;;;11016;16;11020;19;;;11012.5;0.0
av_COTTON_d1;26100;ASH_COATED_OSMIUM;10023;16;10020;20;;;10030;13;10032;23;;;10026.5;0.0
av_COTTON_d1;26100;INTARIAN_PEPPER_ROOT;11009;14;11007;30;;;11015;12;11018;14;;;11012.0;0.0
av_COTTON_d1;26200;ASH_COATED_OSMIUM;10024;15;10020;10;;;10030;14;10034;24;;;10027.0;0.0
av_COTTON_d1;26200;INTARIAN_PEPPER_ROOT;10999;18;10996;27;;;11024;15;11027;30;;;11011.5;0.0
av_COTTON_d1;26300;ASH_COATED_OSMIUM;10020;16;10017;29;;;10033;18;10037;26;;;10026.5;0.0
av_COTTON_d1;26300;INTARIAN_PEPPER_ROOT;11002;5;10999;24;;;11020;9;11022;20;;;11011.0;0.0
av_COTTON_d1;26400;ASH_COATED_OSMIUM;10025;14;10022;28;;;10031;18;10034;21;;;10028.0;0.0
av_COTTON_d1;26400;INTARIAN_PEPPER_ROOT;11001;14;10998;23;;;11020;18;11023;10;;;11010.5;0.0
av_COTTON_d1;26500;ASH_COATED_OSMIUM;10021;19;10017;23;;;10033;17;10036;22;;;10027.0;0.0
av_COTTON_d1;26500;INTARIAN_PEPPER_ROOT;11004;9;11002;12;;;11016;11;11020;20;;;11010.0;0.0
av_COTTON_d1;26600;ASH_COATED_OSMIUM;10024;10;10022;22;;;10030;12;10033;25;;;10027.0;0.0
av_COTTON_d1;26600;INTARIAN_PEPPER_ROOT;11005;22;11002;11;;;11014;11;11018;22;;;11009.5;0.0
av_COTTON_d1;26700;ASH_COATED_OSMIUM;10022;12;10020;22;;;10034;11;10038;19;;;10028.0;0.0
av_COTTON_d1;26700;INTARIAN_PEPPER_ROOT;11006;11;11003;19;;;11012;18;11015;24;;;11009.0;0.0
av_COTTON_d1;26800;ASH_COATED_OSMIUM;10020;14;10018;17;;;10035;16;10037;16;;;10027.5;0.0
av_COTTON_d1;26800;INTARIAN_PEPPER_ROOT;11006;18;11002;28;;;11012;15;11014;20;;;11009.0;0.0
av_COTTON_d1;26900;ASH_COATED_OSMIUM;10025;5;10023;21;;;10031;8;10035;16;;;10028.0;0.0
av_COTTON_d1;26900;INTARIAN_PEPPER_ROOT;11005;19;11001;26;;;11011;18;11015;19;;;11008.0;0.0
av_COTTON_d1;27000;ASH_COATED_OSMIUM;10023;14;10020;16;;;10033;18;10036;24;;;10028.0;0.0
av_COTTON_d1;27000;INTARIAN_PEPPER_ROOT;11005;17;11003;21;;;11011;16;11015;14;;;11008.0;0.0
av_COTTON_d1;27100;ASH_COATED_OSMIUM;10024;12;10020;19;;;10032;17;10036;28;;;10028.0;0.0
av_COTTON_d1;27100;INTARIAN_PEPPER_ROOT;11004;17;11000;19;;;11010;12;11012;13;;;11007.0;0.0
av_COTTON_d1;27200;ASH_COATED_OSMIUM;10024;15;10022;24;;;10032;17;10035;18;;;10028.0;0.0
av_COTTON_d1;27200;INTARIAN_PEPPER_ROOT;11003;13;11001;17;;;11011;14;11013;14;;;11007.0;0.0
av_COTTON_d1;27300;ASH_COATED_OSMIUM;10010;18;10007;16;;;10046;15;10050;19;;;10028.0;0.0
av_COTTON_d1;27300;INTARIAN_PEPPER_ROOT;11003;8;11001;18;;;11009;9;11012;22;;;11006.0;0.0
av_COTTON_d1;27400;ASH_COATED_OSMIUM;10025;17;10022;15;;;10031;15;10034;16;;;10028.0;0.0
av_COTTON_d1;27400;INTARIAN_PEPPER_ROOT;10998;16;10995;24;;;11014;13;11018;12;;;11006.0;0.0
av_COTTON_d1;27500;ASH_COATED_OSMIUM;10025;16;10021;23;;;10032;15;10034;24;;;10028.5;0.0
av_COTTON_d1;27500;INTARIAN_PEPPER_ROOT;11000;13;10996;25;;;11010;14;11012;27;;;11005.0;0.0
av_COTTON_d1;27600;ASH_COATED_OSMIUM;10021;9;10017;21;;;10035;13;10039;8;;;10028.0;0.0
av_COTTON_d1;27600;INTARIAN_PEPPER_ROOT;11002;11;10998;14;;;11009;16;11012;24;;;11005.5;0.0
av_COTTON_d1;27700;ASH_COATED_OSMIUM;10025;17;10022;16;;;10031;19;10035;21;;;10028.0;0.0
av_COTTON_d1;27700;INTARIAN_PEPPER_ROOT;11001;14;10998;22;;;11007;15;11011;28;;;11004.0;0.0
av_COTTON_d1;27800;ASH_COATED_OSMIUM;10020;21;10017;21;;;10037;15;10039;15;;;10028.5;0.0
av_COTTON_d1;27800;INTARIAN_PEPPER_ROOT;11001;13;10998;29;;;11007;16;11011;17;;;11004.0;0.0
av_COTTON_d1;27900;ASH_COATED_OSMIUM;10025;15;10021;22;;;10031;13;10035;15;;;10028.0;0.0
av_COTTON_d1;27900;INTARIAN_PEPPER_ROOT;11001;23;10998;19;;;11007;22;11011;20;;;11004.0;0.0
av_COTTON_d1;28000;ASH_COATED_OSMIUM;10025;19;10023;25;;;10031;18;10033;18;;;10028.0;0.0
av_COTTON_d1;28000;INTARIAN_PEPPER_ROOT;10999;13;10996;21;;;11006;13;11010;25;;;11002.5;0.0
av_COTTON_d1;28100;ASH_COATED_OSMIUM;10025;17;10021;19;;;10031;12;10034;13;;;10028.0;0.0
av_COTTON_d1;28100;INTARIAN_PEPPER_ROOT;11000;18;10998;19;;;11006;9;11008;23;;;11003.0;0.0
av_COTTON_d1;28200;ASH_COATED_OSMIUM;10023;14;10020;17;;;10035;16;10037;19;;;10029.0;0.0
av_COTTON_d1;28200;INTARIAN_PEPPER_ROOT;10981;14;10978;27;;;11022;6;11024;21;;;11001.5;0.0
av_COTTON_d1;28300;ASH_COATED_OSMIUM;10026;18;10024;12;;;10032;24;10034;28;;;10029.0;0.0
av_COTTON_d1;28300;INTARIAN_PEPPER_ROOT;10998;15;10995;17;;;11004;16;11007;20;;;11001.0;0.0
av_COTTON_d1;28400;ASH_COATED_OSMIUM;10026;13;10023;26;;;10033;9;10036;18;;;10029.5;0.0
av_COTTON_d1;28400;INTARIAN_PEPPER_ROOT;10998;10;10996;16;;;11004;17;11007;22;;;11001.0;0.0
av_COTTON_d1;28500;ASH_COATED_OSMIUM;10023;13;10021;29;;;10035;14;10038;18;;;10029.0;0.0
av_COTTON_d1;28500;INTARIAN_PEPPER_ROOT;10998;15;10996;24;;;11004;16;11008;17;;;11001.0;0.0
av_COTTON_d1;28600;ASH_COATED_OSMIUM;10025;12;10022;9;;;10033;14;10035;22;;;10029.0;0.0
av_COTTON_d1;28600;INTARIAN_PEPPER_ROOT;10997;18;10995;19;;;11003;11;11007;15;;;11000.0;0.0
av_COTTON_d1;28700;ASH_COATED_OSMIUM;10025;15;10023;25;;;10031;22;10033;17;;;10028.0;0.0
av_COTTON_d1;28700;INTARIAN_PEPPER_ROOT;10986;6;10983;22;;;11013;5;11016;21;;;10999.5;0.0
av_COTTON_d1;28800;ASH_COATED_OSMIUM;10026;19;10023;22;;;10032;27;10035;18;;;10029.0;0.0
av_COTTON_d1;28800;INTARIAN_PEPPER_ROOT;10996;24;10992;14;;;11002;15;11006;13;;;10999.0;0.0
av_COTTON_d1;28900;ASH_COATED_OSMIUM;10026;29;10022;25;;;10032;18;10036;15;;;10029.0;0.0
av_COTTON_d1;28900;INTARIAN_PEPPER_ROOT;10995;17;10991;25;;;11001;11;11003;8;;;10998.0;0.0
av_COTTON_d1;29000;ASH_COATED_OSMIUM;10026;19;10023;27;;;10032;14;10036;28;;;10029.0;0.0
av_COTTON_d1;29000;INTARIAN_PEPPER_ROOT;10995;22;10991;31;;;11001;14;11003;29;;;10998.0;0.0
av_COTTON_d1;29100;ASH_COATED_OSMIUM;10017;11;10015;23;;;10041;17;10045;17;;;10029.0;0.0
av_COTTON_d1;29100;INTARIAN_PEPPER_ROOT;10992;13;10988;8;;;11004;19;11008;14;;;10998.0;0.0
av_COTTON_d1;29200;ASH_COATED_OSMIUM;10026;20;10024;24;;;10032;11;10036;32;;;10029.0;0.0
av_COTTON_d1;29200;INTARIAN_PEPPER_ROOT;10994;11;10992;18;;;11000;7;11003;9;;;10997.0;0.0
av_COTTON_d1;29300;ASH_COATED_OSMIUM;10026;14;10023;15;;;10032;17;10034;14;;;10029.0;0.0
av_COTTON_d1;29300;INTARIAN_PEPPER_ROOT;10994;17;10990;18;;;11000;18;11002;28;;;10997.0;0.0
av_COTTON_d1;29400;ASH_COATED_OSMIUM;10026;20;10022;18;;;10032;19;10036;20;;;10029.0;0.0
av_COTTON_d1;29400;INTARIAN_PEPPER_ROOT;10988;18;10984;16;;;11005;12;11008;8;;;10996.5;0.0
av_COTTON_d1;29500;ASH_COATED_OSMIUM;10025;13;10021;30;;;10033;11;10036;18;;;10029.0;0.0
av_COTTON_d1;29500;INTARIAN_PEPPER_ROOT;10980;13;10976;28;;;11010;11;11014;23;;;10995.0;0.0
av_COTTON_d1;29600;ASH_COATED_OSMIUM;10024;16;10021;17;;;10033;8;10036;26;;;10028.5;0.0
av_COTTON_d1;29600;INTARIAN_PEPPER_ROOT;10992;15;10989;26;;;10998;14;11000;23;;;10995.0;0.0
av_COTTON_d1;29700;ASH_COATED_OSMIUM;10025;22;10021;22;;;10031;5;10033;18;;;10028.0;0.0
av_COTTON_d1;29700;INTARIAN_PEPPER_ROOT;10991;19;10989;25;;;10997;17;11000;14;;;10994.0;0.0
av_COTTON_d1;29800;ASH_COATED_OSMIUM;10026;16;10023;12;;;10032;17;10036;14;;;10029.0;0.0
av_COTTON_d1;29800;INTARIAN_PEPPER_ROOT;10982;9;10980;12;;;11006;13;11010;15;;;10994.0;0.0
av_COTTON_d1;29900;ASH_COATED_OSMIUM;10026;21;10024;10;;;10032;11;10034;21;;;10029.0;0.0
av_COTTON_d1;29900;INTARIAN_PEPPER_ROOT;10987;17;10985;22;;;10999;20;11003;19;;;10993.0;0.0
av_COTTON_d1;30000;ASH_COATED_OSMIUM;10027;12;10023;24;;;10033;10;10036;17;;;10030.0;0.0
av_COTTON_d1;30000;INTARIAN_PEPPER_ROOT;10990;9;10988;28;;;10996;20;10998;16;;;10993.0;0.0
av_COTTON_d1;30100;ASH_COATED_OSMIUM;10026;16;10022;30;;;10032;15;10034;18;;;10029.0;0.0
av_COTTON_d1;30100;INTARIAN_PEPPER_ROOT;10982;11;10979;15;;;11002;22;11005;16;;;10992.0;0.0
av_COTTON_d1;30200;ASH_COATED_OSMIUM;10027;10;10023;18;;;10033;21;10036;14;;;10030.0;0.0
av_COTTON_d1;30200;INTARIAN_PEPPER_ROOT;10986;14;10984;13;;;10999;11;11001;16;;;10992.5;0.0
av_COTTON_d1;30300;ASH_COATED_OSMIUM;10026;13;10024;14;;;10034;16;10036;24;;;10030.0;0.0
av_COTTON_d1;30300;INTARIAN_PEPPER_ROOT;10989;11;10986;18;;;10995;11;10998;22;;;10992.0;0.0
av_COTTON_d1;30400;ASH_COATED_OSMIUM;10027;9;10023;23;;;10033;11;10036;17;;;10030.0;0.0
av_COTTON_d1;30400;INTARIAN_PEPPER_ROOT;10988;15;10985;21;;;10994;11;10998;24;;;10991.0;0.0
av_COTTON_d1;30500;ASH_COATED_OSMIUM;10027;11;10024;12;;;10033;5;10035;23;;;10030.0;0.0
av_COTTON_d1;30500;INTARIAN_PEPPER_ROOT;10988;9;10985;18;;;10994;14;10997;19;;;10991.0;0.0
av_COTTON_d1;30600;ASH_COATED_OSMIUM;10027;10;10023;26;;;10033;16;10035;19;;;10030.0;0.0
av_COTTON_d1;30600;INTARIAN_PEPPER_ROOT;10988;22;10984;19;;;10994;10;10998;13;;;10991.0;0.0
av_COTTON_d1;30700;ASH_COATED_OSMIUM;10006;17;10003;8;;;10055;19;10059;14;;;10030.5;0.0
av_COTTON_d1;30700;INTARIAN_PEPPER_ROOT;10978;23;10976;18;;;11000;25;11003;18;;;10989.0;0.0
av_COTTON_d1;30800;ASH_COATED_OSMIUM;10027;16;10024;23;;;10033;11;10036;11;;;10030.0;0.0
av_COTTON_d1;30800;INTARIAN_PEPPER_ROOT;10980;12;10977;26;;;10998;21;11001;26;;;10989.0;0.0
av_COTTON_d1;30900;ASH_COATED_OSMIUM;10021;24;10017;28;;;10039;17;10043;15;;;10030.0;0.0
av_COTTON_d1;30900;INTARIAN_PEPPER_ROOT;10986;16;10982;22;;;10992;16;10996;21;;;10989.0;0.0
av_COTTON_d1;31000;ASH_COATED_OSMIUM;10028;17;10026;21;;;10034;14;10038;12;;;10031.0;0.0
av_COTTON_d1;31000;INTARIAN_PEPPER_ROOT;10985;14;10983;25;;;10991;20;10993;25;;;10988.0;0.0
av_COTTON_d1;31100;ASH_COATED_OSMIUM;10027;23;10023;12;;;10033;12;10036;29;;;10030.0;0.0
av_COTTON_d1;31100;INTARIAN_PEPPER_ROOT;10985;16;10981;22;;;10991;20;10994;28;;;10988.0;0.0
av_COTTON_d1;31200;ASH_COATED_OSMIUM;10022;16;10020;10;;;10039;17;10041;10;;;10030.5;0.0
av_COTTON_d1;31200;INTARIAN_PEPPER_ROOT;10980;14;10977;28;;;10994;14;10998;12;;;10987.0;0.0
av_COTTON_d1;31300;ASH_COATED_OSMIUM;10028;21;10026;11;;;10034;14;10038;9;;;10031.0;0.0
av_COTTON_d1;31300;INTARIAN_PEPPER_ROOT;10984;10;10981;24;;;10990;5;10993;19;;;10987.0;0.0
av_COTTON_d1;31400;ASH_COATED_OSMIUM;10028;15;10024;20;;;10034;11;10037;23;;;10031.0;0.0
av_COTTON_d1;31400;INTARIAN_PEPPER_ROOT;10984;13;10982;19;;;10990;15;10993;29;;;10987.0;0.0
av_COTTON_d1;31500;ASH_COATED_OSMIUM;10028;26;10024;20;;;10034;21;10038;14;;;10031.0;0.0
av_COTTON_d1;31500;INTARIAN_PEPPER_ROOT;10983;8;10979;23;;;10989;14;10993;16;;;10986.0;0.0
av_COTTON_d1;31600;ASH_COATED_OSMIUM;10028;16;10026;22;;;10034;16;10036;20;;;10031.0;0.0
av_COTTON_d1;31600;INTARIAN_PEPPER_ROOT;10983;17;10979;14;;;10989;23;10992;21;;;10986.0;0.0
av_COTTON_d1;31700;ASH_COATED_OSMIUM;10024;9;10020;8;;;10038;11;10041;26;;;10031.0;0.0
av_COTTON_d1;31700;INTARIAN_PEPPER_ROOT;10982;12;10979;23;;;10988;18;10990;13;;;10985.0;0.0
av_COTTON_d1;31800;ASH_COATED_OSMIUM;10028;17;10025;20;;;10034;12;10036;18;;;10031.0;0.0
av_COTTON_d1;31800;INTARIAN_PEPPER_ROOT;10982;15;10980;25;;;10988;13;10992;16;;;10985.0;0.0
av_COTTON_d1;31900;ASH_COATED_OSMIUM;10017;17;10014;25;;;10044;17;10046;18;;;10030.5;0.0
av_COTTON_d1;31900;INTARIAN_PEPPER_ROOT;10977;5;10973;25;;;10990;8;10994;19;;;10983.5;0.0
av_COTTON_d1;32000;ASH_COATED_OSMIUM;10027;12;10025;23;;;10033;20;10035;11;;;10030.0;0.0
av_COTTON_d1;32000;INTARIAN_PEPPER_ROOT;10981;8;10977;24;;;10987;23;10989;18;;;10984.0;0.0
av_COTTON_d1;32100;ASH_COATED_OSMIUM;10028;15;10024;27;;;10034;9;10038;28;;;10031.0;0.0
av_COTTON_d1;32100;INTARIAN_PEPPER_ROOT;10980;14;10976;19;;;10986;22;10989;19;;;10983.0;0.0
av_COTTON_d1;32200;ASH_COATED_OSMIUM;10027;14;10025;20;;;10036;17;10038;21;;;10031.5;0.0
av_COTTON_d1;32200;INTARIAN_PEPPER_ROOT;10979;8;10976;17;;;10985;23;10989;16;;;10982.0;0.0
av_COTTON_d1;32300;ASH_COATED_OSMIUM;10026;6;10022;19;;;10037;5;10039;11;;;10031.5;0.0
av_COTTON_d1;32300;INTARIAN_PEPPER_ROOT;10979;21;10977;25;;;10986;15;10989;15;;;10982.5;0.0
av_COTTON_d1;32400;ASH_COATED_OSMIUM;10025;22;10021;25;;;10038;12;10042;22;;;10031.5;0.0
av_COTTON_d1;32400;INTARIAN_PEPPER_ROOT;10977;5;10975;18;;;10987;19;10991;13;;;10982.0;0.0
av_COTTON_d1;32500;ASH_COATED_OSMIUM;10028;15;10025;16;;;10034;17;10038;15;;;10031.0;0.0
av_COTTON_d1;32500;INTARIAN_PEPPER_ROOT;10978;22;10976;10;;;10985;5;10988;23;;;10981.5;0.0
av_COTTON_d1;32600;ASH_COATED_OSMIUM;10029;14;10026;25;;;10035;16;10038;21;;;10032.0;0.0
av_COTTON_d1;32600;INTARIAN_PEPPER_ROOT;10975;9;10972;16;;;10987;13;10990;19;;;10981.0;0.0
av_COTTON_d1;32700;ASH_COATED_OSMIUM;10029;19;10025;19;;;10035;11;10037;22;;;10032.0;0.0
av_COTTON_d1;32700;INTARIAN_PEPPER_ROOT;10977;5;10973;20;;;10983;30;10987;22;;;10980.0;0.0
av_COTTON_d1;32800;ASH_COATED_OSMIUM;10029;14;10025;16;;;10035;15;10039;10;;;10032.0;0.0
av_COTTON_d1;32800;INTARIAN_PEPPER_ROOT;10977;19;10974;14;;;10983;8;10986;18;;;10980.0;0.0
av_COTTON_d1;32900;ASH_COATED_OSMIUM;10029;14;10027;14;;;10035;15;10037;18;;;10032.0;0.0
av_COTTON_d1;32900;INTARIAN_PEPPER_ROOT;10976;14;10972;30;;;10982;15;10985;20;;;10979.0;0.0
av_COTTON_d1;33000;ASH_COATED_OSMIUM;10019;9;10016;10;;;10044;18;10048;22;;;10031.5;0.0
av_COTTON_d1;33000;INTARIAN_PEPPER_ROOT;10975;15;10971;19;;;10982;15;10985;22;;;10978.5;0.0
av_COTTON_d1;33100;ASH_COATED_OSMIUM;10029;10;10026;13;;;10035;19;10038;15;;;10032.0;0.0
av_COTTON_d1;33100;INTARIAN_PEPPER_ROOT;10975;7;10972;23;;;10981;11;10984;21;;;10978.0;0.0
av_COTTON_d1;33200;ASH_COATED_OSMIUM;10028;10;10026;23;;;10036;18;10040;25;;;10032.0;0.0
av_COTTON_d1;33200;INTARIAN_PEPPER_ROOT;10975;20;10972;13;;;10981;19;10983;14;;;10978.0;0.0
av_COTTON_d1;33300;ASH_COATED_OSMIUM;10030;8;10028;18;;;10036;16;10039;8;;;10033.0;0.0
av_COTTON_d1;33300;INTARIAN_PEPPER_ROOT;10973;16;10969;26;;;10980;12;10984;19;;;10976.5;0.0
av_COTTON_d1;33400;ASH_COATED_OSMIUM;10025;14;10021;19;;;10038;20;10040;22;;;10031.5;0.0
av_COTTON_d1;33400;INTARIAN_PEPPER_ROOT;10974;9;10970;19;;;10980;19;10983;23;;;10977.0;0.0
av_COTTON_d1;33500;ASH_COATED_OSMIUM;10029;23;10026;16;;;10036;27;10040;25;;;10032.5;0.0
av_COTTON_d1;33500;INTARIAN_PEPPER_ROOT;10972;11;10969;15;;;10980;19;10983;13;;;10976.0;0.0
av_COTTON_d1;33600;ASH_COATED_OSMIUM;10029;24;10025;23;;;10035;13;10037;18;;;10032.0;0.0
av_COTTON_d1;33600;INTARIAN_PEPPER_ROOT;10972;23;10970;21;;;10978;9;10981;25;;;10975.0;0.0
av_COTTON_d1;33700;ASH_COATED_OSMIUM;10029;16;10027;21;;;10035;20;10039;22;;;10032.0;0.0
av_COTTON_d1;33700;INTARIAN_PEPPER_ROOT;10972;10;10969;17;;;10978;20;10980;22;;;10975.0;0.0
av_COTTON_d1;33800;ASH_COATED_OSMIUM;10022;5;10018;25;;;10042;16;10044;24;;;10032.0;0.0
av_COTTON_d1;33800;INTARIAN_PEPPER_ROOT;10972;20;10969;9;;;10978;14;10980;16;;;10975.0;0.0
av_COTTON_d1;33900;ASH_COATED_OSMIUM;10029;11;10025;28;;;10036;12;10040;14;;;10032.5;0.0
av_COTTON_d1;33900;INTARIAN_PEPPER_ROOT;10971;12;10969;8;;;10977;11;10979;20;;;10974.0;0.0
av_COTTON_d1;34000;ASH_COATED_OSMIUM;10029;18;10027;17;;;10035;18;10038;18;;;10032.0;0.0
av_COTTON_d1;34000;INTARIAN_PEPPER_ROOT;10971;5;10968;12;;;10977;25;10981;22;;;10974.0;0.0
av_COTTON_d1;34100;ASH_COATED_OSMIUM;10030;18;10026;15;;;10036;18;10038;23;;;10033.0;0.0
av_COTTON_d1;34100;INTARIAN_PEPPER_ROOT;10970;14;10968;13;;;10976;15;10978;16;;;10973.0;0.0
av_COTTON_d1;34200;ASH_COATED_OSMIUM;10027;12;10023;25;;;10036;17;10039;21;;;10031.5;0.0
av_COTTON_d1;34200;INTARIAN_PEPPER_ROOT;10970;18;10968;16;;;10976;12;10979;24;;;10973.0;0.0
av_COTTON_d1;34300;ASH_COATED_OSMIUM;10029;20;10027;15;;;10035;17;10037;15;;;10032.0;0.0
av_COTTON_d1;34300;INTARIAN_PEPPER_ROOT;10969;13;10965;8;;;10975;7;10978;18;;;10972.0;0.0
av_COTTON_d1;34400;ASH_COATED_OSMIUM;10024;16;10022;14;;;10041;13;10045;19;;;10032.5;0.0
av_COTTON_d1;34400;INTARIAN_PEPPER_ROOT;10968;14;10966;11;;;10976;11;10978;26;;;10972.0;0.0
av_COTTON_d1;34500;ASH_COATED_OSMIUM;10028;11;10024;30;;;10036;18;10038;19;;;10032.0;0.0
av_COTTON_d1;34500;INTARIAN_PEPPER_ROOT;10968;25;10964;14;;;10974;14;10976;25;;;10971.0;0.0
av_COTTON_d1;34600;ASH_COATED_OSMIUM;10029;12;10026;29;;;10035;13;10039;19;;;10032.0;0.0
av_COTTON_d1;34600;INTARIAN_PEPPER_ROOT;10968;7;10965;19;;;10974;15;10977;18;;;10971.0;0.0
av_COTTON_d1;34700;ASH_COATED_OSMIUM;10029;13;10025;16;;;10036;23;10038;18;;;10032.5;0.0
av_COTTON_d1;34700;INTARIAN_PEPPER_ROOT;10968;21;10965;17;;;10975;14;10978;20;;;10971.5;0.0
av_COTTON_d1;34800;ASH_COATED_OSMIUM;10029;20;10027;8;;;10035;21;10038;22;;;10032.0;0.0
av_COTTON_d1;34800;INTARIAN_PEPPER_ROOT;10967;26;10963;17;;;10973;15;10976;19;;;10970.0;0.0
av_COTTON_d1;34900;ASH_COATED_OSMIUM;10027;27;10025;27;;;10037;18;10041;16;;;10032.0;0.0
av_COTTON_d1;34900;INTARIAN_PEPPER_ROOT;10967;12;10963;22;;;10973;18;10976;27;;;10970.0;0.0
av_COTTON_d1;35000;ASH_COATED_OSMIUM;10030;22;10028;14;;;10036;13;10038;15;;;10033.0;0.0
av_COTTON_d1;35000;INTARIAN_PEPPER_ROOT;10967;15;10964;21;;;10973;16;10977;15;;;10970.0;0.0
av_COTTON_d1;35100;ASH_COATED_OSMIUM;10024;11;10021;22;;;10041;16;10044;11;;;10032.5;0.0
av_COTTON_d1;35100;INTARIAN_PEPPER_ROOT;10963;11;10961;17;;;10976;13;10978;35;;;10969.5;0.0
av_COTTON_d1;35200;ASH_COATED_OSMIUM;10030;10;10028;19;;;10036;23;10040;24;;;10033.0;0.0
av_COTTON_d1;35200;INTARIAN_PEPPER_ROOT;10963;13;10961;15;;;10974;11;10977;13;;;10968.5;0.0
av_COTTON_d1;35300;ASH_COATED_OSMIUM;10030;14;10026;17;;;10036;14;10040;10;;;10033.0;0.0
av_COTTON_d1;35300;INTARIAN_PEPPER_ROOT;10964;15;10960;17;;;10973;5;10975;21;;;10968.5;0.0
av_COTTON_d1;35400;ASH_COATED_OSMIUM;10029;18;10025;21;;;10035;14;10039;25;;;10032.0;0.0
av_COTTON_d1;35400;INTARIAN_PEPPER_ROOT;10965;14;10962;13;;;10971;13;10973;14;;;10968.0;0.0
av_COTTON_d1;35500;ASH_COATED_OSMIUM;10028;17;10026;15;;;10036;13;10039;27;;;10032.0;0.0
av_COTTON_d1;35500;INTARIAN_PEPPER_ROOT;10963;25;10959;14;;;10972;18;10974;17;;;10967.5;0.0
av_COTTON_d1;35600;ASH_COATED_OSMIUM;10029;11;10026;18;;;10035;13;10039;21;;;10032.0;0.0
av_COTTON_d1;35600;INTARIAN_PEPPER_ROOT;10964;23;10962;22;;;10970;12;10972;13;;;10967.0;0.0
av_COTTON_d1;35700;ASH_COATED_OSMIUM;10028;12;10026;19;;;10036;14;10040;21;;;10032.0;0.0
av_COTTON_d1;35700;INTARIAN_PEPPER_ROOT;10964;16;10960;27;;;10970;10;10973;23;;;10967.0;0.0
av_COTTON_d1;35800;ASH_COATED_OSMIUM;10029;17;10027;11;;;10037;19;10039;16;;;10033.0;0.0
av_COTTON_d1;35800;INTARIAN_PEPPER_ROOT;10963;13;10960;19;;;10969;19;10971;10;;;10966.0;0.0
av_COTTON_d1;35900;ASH_COATED_OSMIUM;10028;23;10025;23;;;10038;16;10041;25;;;10033.0;0.0
av_COTTON_d1;35900;INTARIAN_PEPPER_ROOT;10963;13;10959;22;;;10969;18;10971;17;;;10966.0;0.0
av_COTTON_d1;36000;ASH_COATED_OSMIUM;10030;8;10027;26;;;10036;16;10040;18;;;10033.0;0.0
av_COTTON_d1;36000;INTARIAN_PEPPER_ROOT;10962;25;10958;15;;;10968;13;10972;10;;;10965.0;0.0
av_COTTON_d1;36100;ASH_COATED_OSMIUM;10030;16;10027;22;;;10036;15;10040;24;;;10033.0;0.0
av_COTTON_d1;36100;INTARIAN_PEPPER_ROOT;10962;12;10960;18;;;10968;7;10970;27;;;10965.0;0.0
av_COTTON_d1;36200;ASH_COATED_OSMIUM;10030;14;10028;21;;;10036;15;10040;18;;;10033.0;0.0
av_COTTON_d1;36200;INTARIAN_PEPPER_ROOT;10954;15;10951;16;;;10976;9;10979;17;;;10965.0;0.0
av_COTTON_d1;36300;ASH_COATED_OSMIUM;10030;13;10028;22;;;10036;15;10040;16;;;10033.0;0.0
av_COTTON_d1;36300;INTARIAN_PEPPER_ROOT;10959;6;10957;21;;;10969;15;10973;19;;;10964.0;0.0
av_COTTON_d1;36400;ASH_COATED_OSMIUM;10030;7;10028;20;;;10036;7;10039;24;;;10033.0;0.0
av_COTTON_d1;36400;INTARIAN_PEPPER_ROOT;10955;7;10952;13;;;10972;16;10975;26;;;10963.5;0.0
av_COTTON_d1;36500;ASH_COATED_OSMIUM;10029;19;10027;24;;;10035;18;10038;13;;;10032.0;0.0
av_COTTON_d1;36500;INTARIAN_PEPPER_ROOT;10958;8;10955;31;;;10969;16;10972;30;;;10963.5;0.0
av_COTTON_d1;36600;ASH_COATED_OSMIUM;10030;22;10026;13;;;10036;13;10040;25;;;10033.0;0.0
av_COTTON_d1;36600;INTARIAN_PEPPER_ROOT;10959;12;10957;18;;;10966;12;10970;15;;;10962.5;0.0
av_COTTON_d1;36700;ASH_COATED_OSMIUM;10030;14;10028;20;;;10036;14;10040;22;;;10033.0;0.0
av_COTTON_d1;36700;INTARIAN_PEPPER_ROOT;10959;10;10956;14;;;10965;27;10967;18;;;10962.0;0.0
av_COTTON_d1;36800;ASH_COATED_OSMIUM;10030;17;10026;28;;;10036;17;10039;23;;;10033.0;0.0
av_COTTON_d1;36800;INTARIAN_PEPPER_ROOT;10955;11;10953;24;;;10969;13;10972;29;;;10962.0;0.0
av_COTTON_d1;36900;ASH_COATED_OSMIUM;10023;14;10021;11;;;10044;11;10047;22;;;10033.5;0.0
av_COTTON_d1;36900;INTARIAN_PEPPER_ROOT;10959;19;10955;16;;;10965;16;10968;21;;;10962.0;0.0
av_COTTON_d1;37000;ASH_COATED_OSMIUM;10030;14;10026;26;;;10036;15;10039;23;;;10033.0;0.0
av_COTTON_d1;37000;INTARIAN_PEPPER_ROOT;10955;16;10952;21;;;10968;10;10972;21;;;10961.5;0.0
av_COTTON_d1;37100;ASH_COATED_OSMIUM;10030;22;10027;28;;;10036;22;10038;25;;;10033.0;0.0
av_COTTON_d1;37100;INTARIAN_PEPPER_ROOT;10957;20;10953;13;;;10963;9;10965;19;;;10960.0;0.0
av_COTTON_d1;37200;ASH_COATED_OSMIUM;10031;17;10029;19;;;10037;6;10041;11;;;10034.0;0.0
av_COTTON_d1;37200;INTARIAN_PEPPER_ROOT;10957;22;10955;31;;;10963;8;10966;17;;;10960.0;0.0
av_COTTON_d1;37300;ASH_COATED_OSMIUM;10031;15;10028;22;;;10037;15;10039;19;;;10034.0;0.0
av_COTTON_d1;37300;INTARIAN_PEPPER_ROOT;10957;15;10955;21;;;10963;15;10965;19;;;10960.0;0.0
av_COTTON_d1;37400;ASH_COATED_OSMIUM;10027;14;10024;29;;;10039;19;10042;20;;;10033.0;0.0
av_COTTON_d1;37400;INTARIAN_PEPPER_ROOT;10956;5;10953;29;;;10962;12;10965;20;;;10959.0;0.0
av_COTTON_d1;37500;ASH_COATED_OSMIUM;10025;18;10021;17;;;10041;14;10044;23;;;10033.0;0.0
av_COTTON_d1;37500;INTARIAN_PEPPER_ROOT;10956;13;10953;20;;;10962;11;10964;19;;;10959.0;0.0
av_COTTON_d1;37600;ASH_COATED_OSMIUM;10028;12;10024;24;;;10039;19;10042;17;;;10033.5;0.0
av_COTTON_d1;37600;INTARIAN_PEPPER_ROOT;10955;19;10953;10;;;10962;17;10964;13;;;10958.5;0.0
av_COTTON_d1;37700;ASH_COATED_OSMIUM;10031;17;10028;17;;;10037;17;10041;18;;;10034.0;0.0
av_COTTON_d1;37700;INTARIAN_PEPPER_ROOT;10956;15;10953;15;;;10962;16;10965;18;;;10959.0;0.0
av_COTTON_d1;37800;ASH_COATED_OSMIUM;10030;13;10027;20;;;10036;20;10038;26;;;10033.0;0.0
av_COTTON_d1;37800;INTARIAN_PEPPER_ROOT;10954;9;10951;20;;;10962;11;10964;22;;;10958.0;0.0
av_COTTON_d1;37900;ASH_COATED_OSMIUM;10031;13;10029;25;;;10037;22;10040;16;;;10034.0;0.0
av_COTTON_d1;37900;INTARIAN_PEPPER_ROOT;10950;19;10946;15;;;10965;19;10969;27;;;10957.5;0.0
av_COTTON_d1;38000;ASH_COATED_OSMIUM;10030;12;10028;23;;;10036;25;10039;21;;;10033.0;0.0
av_COTTON_d1;38000;INTARIAN_PEPPER_ROOT;10954;9;10950;19;;;10960;25;10964;17;;;10957.0;0.0
av_COTTON_d1;38100;ASH_COATED_OSMIUM;10022;6;10019;15;;;10044;12;10048;14;;;10033.0;0.0
av_COTTON_d1;38100;INTARIAN_PEPPER_ROOT;10954;17;10952;13;;;10960;17;10963;16;;;10957.0;0.0
av_COTTON_d1;38200;ASH_COATED_OSMIUM;10031;18;10028;14;;;10037;14;10039;17;;;10034.0;0.0
av_COTTON_d1;38200;INTARIAN_PEPPER_ROOT;10953;10;10950;22;;;10959;14;10963;13;;;10956.0;0.0
av_COTTON_d1;38300;ASH_COATED_OSMIUM;10030;5;10027;18;;;10036;16;10040;17;;;10033.0;0.0
av_COTTON_d1;38300;INTARIAN_PEPPER_ROOT;10951;16;10947;24;;;10960;9;10963;19;;;10955.5;0.0
av_COTTON_d1;38400;ASH_COATED_OSMIUM;10030;14;10027;16;;;10036;16;10039;21;;;10033.0;0.0
av_COTTON_d1;38400;INTARIAN_PEPPER_ROOT;10952;17;10950;14;;;10958;13;10961;15;;;10955.0;0.0
av_COTTON_d1;38500;ASH_COATED_OSMIUM;10027;8;10025;26;;;10040;13;10042;22;;;10033.5;0.0
av_COTTON_d1;38500;INTARIAN_PEPPER_ROOT;10952;5;10948;13;;;10958;14;10961;23;;;10955.0;0.0
av_COTTON_d1;38600;ASH_COATED_OSMIUM;10031;17;10027;21;;;10037;15;10041;22;;;10034.0;0.0
av_COTTON_d1;38600;INTARIAN_PEPPER_ROOT;10952;5;10949;17;;;10958;8;10962;25;;;10955.0;0.0
av_COTTON_d1;38700;ASH_COATED_OSMIUM;10031;22;10028;25;;;10037;29;10039;24;;;10034.0;0.0
av_COTTON_d1;38700;INTARIAN_PEPPER_ROOT;10947;15;10944;27;;;10961;18;10965;23;;;10954.0;0.0
av_COTTON_d1;38800;ASH_COATED_OSMIUM;10028;14;10026;24;;;10037;19;10039;26;;;10032.5;0.0
av_COTTON_d1;38800;INTARIAN_PEPPER_ROOT;10947;12;10944;22;;;10959;17;10962;17;;;10953.0;0.0
av_COTTON_d1;38900;ASH_COATED_OSMIUM;10030;19;10028;30;;;10036;24;10040;12;;;10033.0;0.0
av_COTTON_d1;38900;INTARIAN_PEPPER_ROOT;10950;22;10946;19;;;10957;12;10961;27;;;10953.5;0.0
av_COTTON_d1;39000;ASH_COATED_OSMIUM;10030;6;10026;17;;;10036;19;10039;11;;;10033.0;0.0
av_COTTON_d1;39000;INTARIAN_PEPPER_ROOT;10948;21;10946;20;;;10957;17;10959;24;;;10952.5;0.0
av_COTTON_d1;39100;ASH_COATED_OSMIUM;10025;16;10023;18;;;10042;19;10046;26;;;10033.5;0.0
av_COTTON_d1;39100;INTARIAN_PEPPER_ROOT;10950;10;10946;13;;;10956;20;10959;16;;;10953.0;0.0
av_COTTON_d1;39200;ASH_COATED_OSMIUM;10030;12;10027;23;;;10036;18;10038;23;;;10033.0;0.0
av_COTTON_d1;39200;INTARIAN_PEPPER_ROOT;10949;6;10945;10;;;10955;18;10959;21;;;10952.0;0.0
av_COTTON_d1;39300;ASH_COATED_OSMIUM;10012;16;10008;18;;;10056;14;10060;24;;;10034.0;0.0
av_COTTON_d1;39300;INTARIAN_PEPPER_ROOT;10948;14;10944;16;;;10954;18;10956;15;;;10951.0;0.0
av_COTTON_d1;39400;ASH_COATED_OSMIUM;10025;11;10021;19;;;10042;15;10044;23;;;10033.5;0.0
av_COTTON_d1;39400;INTARIAN_PEPPER_ROOT;10948;14;10946;8;;;10954;17;10958;31;;;10951.0;0.0
av_COTTON_d1;39500;ASH_COATED_OSMIUM;10026;13;10024;18;;;10042;13;10045;23;;;10034.0;0.0
av_COTTON_d1;39500;INTARIAN_PEPPER_ROOT;10947;18;10943;17;;;10955;14;10959;26;;;10951.0;0.0
av_COTTON_d1;39600;ASH_COATED_OSMIUM;10031;8;10027;10;;;10037;21;10040;20;;;10034.0;0.0
av_COTTON_d1;39600;INTARIAN_PEPPER_ROOT;10948;13;10946;19;;;10954;12;10956;11;;;10951.0;0.0
av_COTTON_d1;39700;ASH_COATED_OSMIUM;10025;9;10023;11;;;10042;15;10044;17;;;10033.5;0.0
av_COTTON_d1;39700;INTARIAN_PEPPER_ROOT;10947;16;10943;24;;;10953;10;10957;20;;;10950.0;0.0
av_COTTON_d1;39800;ASH_COATED_OSMIUM;10031;14;10028;15;;;10037;24;10041;22;;;10034.0;0.0
av_COTTON_d1;39800;INTARIAN_PEPPER_ROOT;10944;16;10942;15;;;10955;14;10959;15;;;10949.5;0.0
av_COTTON_d1;39900;ASH_COATED_OSMIUM;10030;5;10028;24;;;10037;12;10039;14;;;10033.5;0.0
av_COTTON_d1;39900;INTARIAN_PEPPER_ROOT;10946;16;10943;20;;;10952;8;10956;27;;;10949.0;0.0
av_COTTON_d1;40000;ASH_COATED_OSMIUM;10026;12;10022;20;;;10043;8;10046;34;;;10034.5;0.0
av_COTTON_d1;40000;INTARIAN_PEPPER_ROOT;10943;11;10941;21;;;10955;13;10958;9;;;10949.0;0.0
av_COTTON_d1;40100;ASH_COATED_OSMIUM;10029;10;10025;23;;;10040;13;10042;24;;;10034.5;0.0
av_COTTON_d1;40100;INTARIAN_PEPPER_ROOT;10945;15;10941;26;;;10951;13;10953;17;;;10948.0;0.0
av_COTTON_d1;40200;ASH_COATED_OSMIUM;10031;18;10027;20;;;10037;19;10039;15;;;10034.0;0.0
av_COTTON_d1;40200;INTARIAN_PEPPER_ROOT;10943;17;10941;23;;;10954;17;10958;8;;;10948.5;0.0
av_COTTON_d1;40300;ASH_COATED_OSMIUM;10029;9;10025;25;;;10039;17;10042;20;;;10034.0;0.0
av_COTTON_d1;40300;INTARIAN_PEPPER_ROOT;10940;16;10937;19;;;10954;15;10958;21;;;10947.0;0.0
av_COTTON_d1;40400;ASH_COATED_OSMIUM;10031;9;10028;19;;;10037;8;10039;16;;;10034.0;0.0
av_COTTON_d1;40400;INTARIAN_PEPPER_ROOT;10944;11;10940;16;;;10950;10;10954;26;;;10947.0;0.0
av_COTTON_d1;40500;ASH_COATED_OSMIUM;10026;10;10024;16;;;10042;12;10044;22;;;10034.0;0.0
av_COTTON_d1;40500;INTARIAN_PEPPER_ROOT;10943;14;10941;20;;;10949;21;10953;17;;;10946.0;0.0
av_COTTON_d1;40600;ASH_COATED_OSMIUM;10031;9;10028;18;;;10037;18;10041;13;;;10034.0;0.0
av_COTTON_d1;40600;INTARIAN_PEPPER_ROOT;10944;18;10942;23;;;10950;26;10952;16;;;10947.0;0.0
av_COTTON_d1;40700;ASH_COATED_OSMIUM;10031;17;10028;16;;;10037;5;10040;23;;;10034.0;0.0
av_COTTON_d1;40700;INTARIAN_PEPPER_ROOT;10934;8;10930;12;;;10958;11;10960;18;;;10946.0;0.0
av_COTTON_d1;40800;ASH_COATED_OSMIUM;10024;16;10020;19;;;10045;17;10048;13;;;10034.5;0.0
av_COTTON_d1;40800;INTARIAN_PEPPER_ROOT;10941;14;10938;24;;;10950;13;10954;17;;;10945.5;0.0
av_COTTON_d1;40900;ASH_COATED_OSMIUM;10030;20;10026;20;;;10039;21;10041;20;;;10034.5;0.0
av_COTTON_d1;40900;INTARIAN_PEPPER_ROOT;10942;25;10939;13;;;10948;14;10950;14;;;10945.0;0.0
av_COTTON_d1;41000;ASH_COATED_OSMIUM;10031;15;10027;15;;;10037;17;10039;20;;;10034.0;0.0
av_COTTON_d1;41000;INTARIAN_PEPPER_ROOT;10942;23;10939;21;;;10948;5;10950;30;;;10945.0;0.0
av_COTTON_d1;41100;ASH_COATED_OSMIUM;10030;14;10028;17;;;10039;10;10043;20;;;10034.5;0.0
av_COTTON_d1;41100;INTARIAN_PEPPER_ROOT;10941;6;10939;24;;;10947;8;10950;23;;;10944.0;0.0
av_COTTON_d1;41200;ASH_COATED_OSMIUM;10032;20;10030;25;;;10038;16;10041;23;;;10035.0;0.0
av_COTTON_d1;41200;INTARIAN_PEPPER_ROOT;10940;9;10936;15;;;10946;12;10948;18;;;10943.0;0.0
av_COTTON_d1;41300;ASH_COATED_OSMIUM;10032;5;10029;14;;;10038;15;10041;27;;;10035.0;0.0
av_COTTON_d1;41300;INTARIAN_PEPPER_ROOT;10938;7;10936;13;;;10948;17;10952;13;;;10943.0;0.0
av_COTTON_d1;41400;ASH_COATED_OSMIUM;10030;22;10028;26;;;10040;17;10044;18;;;10035.0;0.0
av_COTTON_d1;41400;INTARIAN_PEPPER_ROOT;10939;11;10935;17;;;10945;14;10949;22;;;10942.0;0.0
av_COTTON_d1;41500;ASH_COATED_OSMIUM;10028;17;10024;18;;;10040;16;10044;22;;;10034.0;0.0
av_COTTON_d1;41500;INTARIAN_PEPPER_ROOT;10938;10;10935;25;;;10947;12;10949;20;;;10942.5;0.0
av_COTTON_d1;41600;ASH_COATED_OSMIUM;10031;10;10029;27;;;10037;19;10041;32;;;10034.0;0.0
av_COTTON_d1;41600;INTARIAN_PEPPER_ROOT;10939;11;10937;25;;;10945;8;10949;14;;;10942.0;0.0
av_COTTON_d1;41700;ASH_COATED_OSMIUM;10032;19;10028;23;;;10038;22;10042;25;;;10035.0;0.0
av_COTTON_d1;41700;INTARIAN_PEPPER_ROOT;10938;21;10934;20;;;10946;13;10950;23;;;10942.0;0.0
av_COTTON_d1;41800;ASH_COATED_OSMIUM;10031;22;10029;23;;;10037;17;10040;22;;;10034.0;0.0
av_COTTON_d1;41800;INTARIAN_PEPPER_ROOT;10939;16;10935;25;;;10945;17;10947;14;;;10942.0;0.0
av_COTTON_d1;41900;ASH_COATED_OSMIUM;10032;13;10028;12;;;10038;18;10041;8;;;10035.0;0.0
av_COTTON_d1;41900;INTARIAN_PEPPER_ROOT;10935;15;10931;23;;;10947;23;10949;20;;;10941.0;0.0
av_COTTON_d1;42000;ASH_COATED_OSMIUM;10029;24;10026;22;;;10039;23;10043;14;;;10034.0;0.0
av_COTTON_d1;42000;INTARIAN_PEPPER_ROOT;10936;9;10933;19;;;10945;14;10947;22;;;10940.5;0.0
av_COTTON_d1;42100;ASH_COATED_OSMIUM;10030;9;10027;23;;;10040;8;10042;15;;;10035.0;0.0
av_COTTON_d1;42100;INTARIAN_PEPPER_ROOT;10929;19;10925;21;;;10949;15;10953;27;;;10939.0;0.0
av_COTTON_d1;42200;ASH_COATED_OSMIUM;10032;22;10028;21;;;10038;16;10040;23;;;10035.0;0.0
av_COTTON_d1;42200;INTARIAN_PEPPER_ROOT;10937;18;10934;33;;;10943;13;10945;12;;;10940.0;0.0
av_COTTON_d1;42300;ASH_COATED_OSMIUM;10031;11;10029;23;;;10037;10;10040;22;;;10034.0;0.0
av_COTTON_d1;42300;INTARIAN_PEPPER_ROOT;10929;20;10926;23;;;10949;12;10951;27;;;10939.0;0.0
av_COTTON_d1;42400;ASH_COATED_OSMIUM;10032;22;10029;20;;;10038;24;10040;21;;;10035.0;0.0
av_COTTON_d1;42400;INTARIAN_PEPPER_ROOT;10935;10;10932;24;;;10941;24;10943;17;;;10938.0;0.0
av_COTTON_d1;42500;ASH_COATED_OSMIUM;10032;12;10030;24;;;10038;5;10041;21;;;10035.0;0.0
av_COTTON_d1;42500;INTARIAN_PEPPER_ROOT;10935;19;10931;21;;;10941;12;10945;20;;;10938.0;0.0
av_COTTON_d1;42600;ASH_COATED_OSMIUM;10030;11;10028;24;;;10039;6;10043;17;;;10034.5;0.0
av_COTTON_d1;42600;INTARIAN_PEPPER_ROOT;10935;17;10932;17;;;10941;26;10945;25;;;10938.0;0.0
av_COTTON_d1;42700;ASH_COATED_OSMIUM;10032;8;10029;22;;;10038;8;10041;14;;;10035.0;0.0
av_COTTON_d1;42700;INTARIAN_PEPPER_ROOT;10935;25;10932;17;;;10941;17;10945;20;;;10938.0;0.0
av_COTTON_d1;42800;ASH_COATED_OSMIUM;10032;16;10028;23;;;10038;20;10042;19;;;10035.0;0.0
av_COTTON_d1;42800;INTARIAN_PEPPER_ROOT;10934;13;10932;15;;;10940;21;10943;22;;;10937.0;0.0
av_COTTON_d1;42900;ASH_COATED_OSMIUM;10032;22;10030;17;;;10038;20;10040;18;;;10035.0;0.0
av_COTTON_d1;42900;INTARIAN_PEPPER_ROOT;10934;7;10932;22;;;10940;12;10944;26;;;10937.0;0.0
av_COTTON_d1;43000;ASH_COATED_OSMIUM;10032;20;10029;11;;;10038;6;10040;20;;;10035.0;0.0
av_COTTON_d1;43000;INTARIAN_PEPPER_ROOT;10929;14;10925;16;;;10942;6;10944;14;;;10935.5;0.0
av_COTTON_d1;43100;ASH_COATED_OSMIUM;10032;17;10029;27;;;10038;12;10042;12;;;10035.0;0.0
av_COTTON_d1;43100;INTARIAN_PEPPER_ROOT;10932;9;10928;19;;;10938;12;10941;9;;;10935.0;0.0
av_COTTON_d1;43200;ASH_COATED_OSMIUM;10032;21;10029;20;;;10038;19;10041;14;;;10035.0;0.0
av_COTTON_d1;43200;INTARIAN_PEPPER_ROOT;10932;18;10930;25;;;10940;18;10942;20;;;10936.0;0.0
av_COTTON_d1;43300;ASH_COATED_OSMIUM;10032;21;10030;12;;;10038;17;10041;25;;;10035.0;0.0
av_COTTON_d1;43300;INTARIAN_PEPPER_ROOT;10924;5;10922;14;;;10947;17;10951;26;;;10935.5;0.0
av_COTTON_d1;43400;ASH_COATED_OSMIUM;10032;21;10030;24;;;10038;5;10040;18;;;10035.0;0.0
av_COTTON_d1;43400;INTARIAN_PEPPER_ROOT;10930;12;10927;20;;;10939;19;10943;25;;;10934.5;0.0
av_COTTON_d1;43500;ASH_COATED_OSMIUM;10032;16;10029;25;;;10038;15;10041;19;;;10035.0;0.0
av_COTTON_d1;43500;INTARIAN_PEPPER_ROOT;10928;16;10924;16;;;10939;24;10941;30;;;10933.5;0.0
av_COTTON_d1;43600;ASH_COATED_OSMIUM;10032;15;10030;21;;;10038;14;10040;19;;;10035.0;0.0
av_COTTON_d1;43600;INTARIAN_PEPPER_ROOT;10931;17;10927;19;;;10937;16;10940;13;;;10934.0;0.0
av_COTTON_d1;43700;ASH_COATED_OSMIUM;10032;12;10028;14;;;10038;22;10042;23;;;10035.0;0.0
av_COTTON_d1;43700;INTARIAN_PEPPER_ROOT;10930;14;10927;25;;;10936;6;10938;10;;;10933.0;0.0
av_COTTON_d1;43800;ASH_COATED_OSMIUM;10031;8;10027;18;;;10039;16;10042;19;;;10035.0;0.0
av_COTTON_d1;43800;INTARIAN_PEPPER_ROOT;10927;7;10924;21;;;10938;22;10942;23;;;10932.5;0.0
av_COTTON_d1;43900;ASH_COATED_OSMIUM;10020;7;10018;17;;;10050;17;10052;25;;;10035.0;0.0
av_COTTON_d1;43900;INTARIAN_PEPPER_ROOT;10926;16;10923;16;;;10939;19;10942;30;;;10932.5;0.0
av_COTTON_d1;44000;ASH_COATED_OSMIUM;10023;21;10021;21;;;10047;15;10050;22;;;10035.0;0.0
av_COTTON_d1;44000;INTARIAN_PEPPER_ROOT;10929;5;10926;18;;;10935;12;10938;24;;;10932.0;0.0
av_COTTON_d1;44100;ASH_COATED_OSMIUM;10032;18;10030;25;;;10038;12;10040;25;;;10035.0;0.0
av_COTTON_d1;44100;INTARIAN_PEPPER_ROOT;10929;9;10926;27;;;10935;12;10938;10;;;10932.0;0.0
av_COTTON_d1;44200;ASH_COATED_OSMIUM;10032;5;10028;19;;;10038;10;10041;23;;;10035.0;0.0
av_COTTON_d1;44200;INTARIAN_PEPPER_ROOT;10928;14;10924;20;;;10934;15;10938;15;;;10931.0;0.0
av_COTTON_d1;44300;ASH_COATED_OSMIUM;10032;14;10028;9;;;10038;10;10041;20;;;10035.0;0.0
av_COTTON_d1;44300;INTARIAN_PEPPER_ROOT;10928;13;10925;27;;;10935;18;10939;13;;;10931.5;0.0
av_COTTON_d1;44400;ASH_COATED_OSMIUM;10032;13;10030;21;;;10038;16;10040;25;;;10035.0;0.0
av_COTTON_d1;44400;INTARIAN_PEPPER_ROOT;10927;20;10925;13;;;10933;19;10935;19;;;10930.0;0.0
av_COTTON_d1;44500;ASH_COATED_OSMIUM;10027;8;10023;19;;;10043;17;10047;17;;;10035.0;0.0
av_COTTON_d1;44500;INTARIAN_PEPPER_ROOT;10926;18;10922;15;;;10934;9;10938;18;;;10930.0;0.0
av_COTTON_d1;44600;ASH_COATED_OSMIUM;10033;5;10029;19;;;10039;19;10042;27;;;10036.0;0.0
av_COTTON_d1;44600;INTARIAN_PEPPER_ROOT;10927;11;10924;21;;;10933;11;10936;17;;;10930.0;0.0
av_COTTON_d1;44700;ASH_COATED_OSMIUM;10032;17;10029;22;;;10038;23;10042;14;;;10035.0;0.0
av_COTTON_d1;44700;INTARIAN_PEPPER_ROOT;10923;17;10919;20;;;10935;9;10939;20;;;10929.0;0.0
av_COTTON_d1;44800;ASH_COATED_OSMIUM;10033;8;10031;23;;;10039;15;10041;21;;;10036.0;0.0
av_COTTON_d1;44800;INTARIAN_PEPPER_ROOT;10926;19;10923;15;;;10932;10;10936;24;;;10929.0;0.0
av_COTTON_d1;44900;ASH_COATED_OSMIUM;10033;25;10030;13;;;10039;19;10041;20;;;10036.0;0.0
av_COTTON_d1;44900;INTARIAN_PEPPER_ROOT;10925;15;10923;18;;;10931;16;10933;18;;;10928.0;0.0
av_COTTON_d1;45000;ASH_COATED_OSMIUM;10033;6;10030;23;;;10039;10;10041;24;;;10036.0;0.0
av_COTTON_d1;45000;INTARIAN_PEPPER_ROOT;10917;13;10913;20;;;10939;16;10941;20;;;10928.0;0.0
av_COTTON_d1;45100;ASH_COATED_OSMIUM;10032;9;10028;12;;;10038;12;10042;18;;;10035.0;0.0
av_COTTON_d1;45100;INTARIAN_PEPPER_ROOT;10925;15;10921;21;;;10931;24;10933;20;;;10928.0;0.0
av_COTTON_d1;45200;ASH_COATED_OSMIUM;10033;16;10029;21;;;10039;5;10043;19;;;10036.0;0.0
av_COTTON_d1;45200;INTARIAN_PEPPER_ROOT;10924;18;10920;14;;;10930;10;10934;17;;;10927.0;0.0
av_COTTON_d1;45300;ASH_COATED_OSMIUM;10032;14;10030;15;;;10038;13;10040;11;;;10035.0;0.0
av_COTTON_d1;45300;INTARIAN_PEPPER_ROOT;10924;20;10921;18;;;10930;15;10933;17;;;10927.0;0.0
av_COTTON_d1;45400;ASH_COATED_OSMIUM;10032;13;10028;24;;;10038;15;10040;21;;;10035.0;0.0
av_COTTON_d1;45400;INTARIAN_PEPPER_ROOT;10923;12;10919;24;;;10929;12;10933;24;;;10926.0;0.0
av_COTTON_d1;45500;ASH_COATED_OSMIUM;10033;17;10031;21;;;10039;25;10043;17;;;10036.0;0.0
av_COTTON_d1;45500;INTARIAN_PEPPER_ROOT;10923;17;10921;15;;;10929;14;10933;18;;;10926.0;0.0
av_COTTON_d1;45600;ASH_COATED_OSMIUM;10033;15;10030;11;;;10039;8;10042;27;;;10036.0;0.0
av_COTTON_d1;45600;INTARIAN_PEPPER_ROOT;10922;13;10919;28;;;10928;14;10930;15;;;10925.0;0.0
av_COTTON_d1;45700;ASH_COATED_OSMIUM;10028;13;10024;20;;;10043;10;10047;22;;;10035.5;0.0
av_COTTON_d1;45700;INTARIAN_PEPPER_ROOT;10917;22;10915;12;;;10933;6;10935;11;;;10925.0;0.0
av_COTTON_d1;45800;ASH_COATED_OSMIUM;10033;7;10031;20;;;10039;16;10043;22;;;10036.0;0.0
av_COTTON_d1;45800;INTARIAN_PEPPER_ROOT;10921;17;10917;18;;;10928;15;10930;28;;;10924.5;0.0
av_COTTON_d1;45900;ASH_COATED_OSMIUM;10032;18;10029;21;;;10038;17;10041;24;;;10035.0;0.0
av_COTTON_d1;45900;INTARIAN_PEPPER_ROOT;10918;18;10914;20;;;10931;12;10935;26;;;10924.5;0.0
av_COTTON_d1;46000;ASH_COATED_OSMIUM;10033;12;10030;15;;;10039;8;10043;13;;;10036.0;0.0
av_COTTON_d1;46000;INTARIAN_PEPPER_ROOT;10915;10;10913;18;;;10932;17;10935;15;;;10923.5;0.0
av_COTTON_d1;46100;ASH_COATED_OSMIUM;10032;10;10028;19;;;10038;23;10041;21;;;10035.0;0.0
av_COTTON_d1;46100;INTARIAN_PEPPER_ROOT;10920;18;10917;17;;;10926;5;10928;25;;;10923.0;0.0
av_COTTON_d1;46200;ASH_COATED_OSMIUM;10027;5;10025;20;;;10044;9;10048;16;;;10035.5;0.0
av_COTTON_d1;46200;INTARIAN_PEPPER_ROOT;10920;15;10918;21;;;10926;21;10929;12;;;10923.0;0.0
av_COTTON_d1;46300;ASH_COATED_OSMIUM;10027;17;10024;23;;;10044;14;10047;18;;;10035.5;0.0
av_COTTON_d1;46300;INTARIAN_PEPPER_ROOT;10919;13;10916;16;;;10925;15;10928;11;;;10922.0;0.0
av_COTTON_d1;46400;ASH_COATED_OSMIUM;10033;5;10029;11;;;10039;11;10042;23;;;10036.0;0.0
av_COTTON_d1;46400;INTARIAN_PEPPER_ROOT;10919;15;10917;22;;;10925;7;10929;11;;;10922.0;0.0
av_COTTON_d1;46500;ASH_COATED_OSMIUM;10033;17;10029;23;;;10039;14;10042;14;;;10036.0;0.0
av_COTTON_d1;46500;INTARIAN_PEPPER_ROOT;10919;18;10915;24;;;10925;17;10929;27;;;10922.0;0.0
av_COTTON_d1;46600;ASH_COATED_OSMIUM;10032;19;10029;16;;;10040;15;10044;18;;;10036.0;0.0
av_COTTON_d1;46600;INTARIAN_PEPPER_ROOT;10910;18;10908;21;;;10932;15;10936;19;;;10921.0;0.0
av_COTTON_d1;46700;ASH_COATED_OSMIUM;10033;11;10030;21;;;10039;18;10041;14;;;10036.0;0.0
av_COTTON_d1;46700;INTARIAN_PEPPER_ROOT;10918;22;10916;20;;;10924;13;10928;18;;;10921.0;0.0
av_COTTON_d1;46800;ASH_COATED_OSMIUM;10030;17;10027;15;;;10041;16;10045;14;;;10035.5;0.0
av_COTTON_d1;46800;INTARIAN_PEPPER_ROOT;10916;6;10913;13;;;10923;5;10926;23;;;10919.5;0.0
av_COTTON_d1;46900;ASH_COATED_OSMIUM;10033;15;10030;20;;;10039;15;10042;20;;;10036.0;0.0
av_COTTON_d1;46900;INTARIAN_PEPPER_ROOT;10916;17;10912;24;;;10922;17;10926;19;;;10919.0;0.0
av_COTTON_d1;47000;ASH_COATED_OSMIUM;10033;21;10030;23;;;10039;10;10041;16;;;10036.0;0.0
av_COTTON_d1;47000;INTARIAN_PEPPER_ROOT;10915;20;10911;21;;;10925;9;10927;15;;;10920.0;0.0
av_COTTON_d1;47100;ASH_COATED_OSMIUM;10032;22;10030;17;;;10039;14;10042;16;;;10035.5;0.0
av_COTTON_d1;47100;INTARIAN_PEPPER_ROOT;10912;16;10909;21;;;10926;18;10929;15;;;10919.0;0.0
av_COTTON_d1;47200;ASH_COATED_OSMIUM;10027;12;10023;16;;;10044;16;10046;16;;;10035.5;0.0
av_COTTON_d1;47200;INTARIAN_PEPPER_ROOT;10912;16;10909;17;;;10926;13;10928;14;;;10919.0;0.0
av_COTTON_d1;47300;ASH_COATED_OSMIUM;10030;15;10028;19;;;10041;18;10043;23;;;10035.5;0.0
av_COTTON_d1;47300;INTARIAN_PEPPER_ROOT;10914;15;10912;21;;;10923;15;10927;16;;;10918.5;0.0
av_COTTON_d1;47400;ASH_COATED_OSMIUM;10033;18;10029;15;;;10039;13;10042;20;;;10036.0;0.0
av_COTTON_d1;47400;INTARIAN_PEPPER_ROOT;10915;12;10911;18;;;10921;8;10924;20;;;10918.0;0.0
av_COTTON_d1;47500;ASH_COATED_OSMIUM;10034;10;10030;26;;;10040;19;10044;18;;;10037.0;0.0
av_COTTON_d1;47500;INTARIAN_PEPPER_ROOT;10915;14;10911;23;;;10921;13;10924;16;;;10918.0;0.0
av_COTTON_d1;47600;ASH_COATED_OSMIUM;10033;18;10030;8;;;10039;20;10041;22;;;10036.0;0.0
av_COTTON_d1;47600;INTARIAN_PEPPER_ROOT;10903;16;10901;21;;;10930;17;10934;26;;;10916.5;0.0
av_COTTON_d1;47700;ASH_COATED_OSMIUM;10033;10;10031;25;;;10039;11;10042;16;;;10036.0;0.0
av_COTTON_d1;47700;INTARIAN_PEPPER_ROOT;10913;20;10910;16;;;10919;17;10922;16;;;10916.0;0.0
av_COTTON_d1;47800;ASH_COATED_OSMIUM;10033;10;10031;13;;;10039;14;10042;21;;;10036.0;0.0
av_COTTON_d1;47800;INTARIAN_PEPPER_ROOT;10908;8;10905;30;;;10924;13;10928;21;;;10916.0;0.0
av_COTTON_d1;47900;ASH_COATED_OSMIUM;10032;18;10030;30;;;10041;22;10045;17;;;10036.5;0.0
av_COTTON_d1;47900;INTARIAN_PEPPER_ROOT;10913;20;10910;30;;;10919;14;10921;21;;;10916.0;0.0
av_COTTON_d1;48000;ASH_COATED_OSMIUM;10027;11;10025;15;;;10045;13;10049;16;;;10036.0;0.0
av_COTTON_d1;48000;INTARIAN_PEPPER_ROOT;10912;26;10910;19;;;10918;19;10922;11;;;10915.0;0.0
av_COTTON_d1;48100;ASH_COATED_OSMIUM;10028;20;10026;22;;;10044;10;10047;27;;;10036.0;0.0
av_COTTON_d1;48100;INTARIAN_PEPPER_ROOT;10908;21;10904;28;;;10922;10;10926;22;;;10915.0;0.0
av_COTTON_d1;48200;ASH_COATED_OSMIUM;10031;14;10028;19;;;10041;9;10043;17;;;10036.0;0.0
av_COTTON_d1;48200;INTARIAN_PEPPER_ROOT;10912;17;10908;19;;;10918;14;10921;25;;;10915.0;0.0
av_COTTON_d1;48300;ASH_COATED_OSMIUM;10033;15;10031;16;;;10040;13;10044;27;;;10036.5;0.0
av_COTTON_d1;48300;INTARIAN_PEPPER_ROOT;10911;11;10909;25;;;10917;12;10919;21;;;10914.0;0.0
av_COTTON_d1;48400;ASH_COATED_OSMIUM;10034;12;10032;14;;;10040;17;10043;18;;;10037.0;0.0
av_COTTON_d1;48400;INTARIAN_PEPPER_ROOT;10911;16;10908;29;;;10917;10;10920;19;;;10914.0;0.0
av_COTTON_d1;48500;ASH_COATED_OSMIUM;10034;16;10031;16;;;10040;7;10044;30;;;10037.0;0.0
av_COTTON_d1;48500;INTARIAN_PEPPER_ROOT;10909;22;10907;21;;;10918;11;10922;19;;;10913.5;0.0
av_COTTON_d1;48600;ASH_COATED_OSMIUM;10033;5;10031;14;;;10039;17;10043;19;;;10036.0;0.0
av_COTTON_d1;48600;INTARIAN_PEPPER_ROOT;10910;20;10906;23;;;10916;17;10919;31;;;10913.0;0.0
av_COTTON_d1;48700;ASH_COATED_OSMIUM;10033;18;10031;20;;;10039;9;10041;19;;;10036.0;0.0
av_COTTON_d1;48700;INTARIAN_PEPPER_ROOT;10910;13;10906;27;;;10916;15;10920;13;;;10913.0;0.0
av_COTTON_d1;48800;ASH_COATED_OSMIUM;10033;23;10030;26;;;10039;7;10042;8;;;10036.0;0.0
av_COTTON_d1;48800;INTARIAN_PEPPER_ROOT;10906;5;10904;27;;;10918;14;10920;24;;;10912.0;0.0
av_COTTON_d1;48900;ASH_COATED_OSMIUM;10022;18;10019;26;;;10051;14;10053;8;;;10036.5;0.0
av_COTTON_d1;48900;INTARIAN_PEPPER_ROOT;10908;9;10905;24;;;10914;11;10918;8;;;10911.0;0.0
av_COTTON_d1;49000;ASH_COATED_OSMIUM;10033;22;10031;16;;;10039;12;10041;14;;;10036.0;0.0
av_COTTON_d1;49000;INTARIAN_PEPPER_ROOT;10901;16;10897;20;;;10920;14;10922;18;;;10910.5;0.0
av_COTTON_d1;49100;ASH_COATED_OSMIUM;10032;7;10029;13;;;10041;6;10045;21;;;10036.5;0.0
av_COTTON_d1;49100;INTARIAN_PEPPER_ROOT;10908;17;10904;13;;;10914;16;10917;18;;;10911.0;0.0
av_COTTON_d1;49200;ASH_COATED_OSMIUM;10022;15;10020;23;;;10050;21;10054;20;;;10036.0;0.0
av_COTTON_d1;49200;INTARIAN_PEPPER_ROOT;10907;19;10904;28;;;10913;13;10917;19;;;10910.0;0.0
av_COTTON_d1;49300;ASH_COATED_OSMIUM;10032;14;10028;27;;;10042;13;10046;22;;;10037.0;0.0
av_COTTON_d1;49300;INTARIAN_PEPPER_ROOT;10905;14;10903;26;;;10915;16;10917;16;;;10910.0;0.0
av_COTTON_d1;49400;ASH_COATED_OSMIUM;10033;8;10031;11;;;10039;17;10042;21;;;10036.0;0.0
av_COTTON_d1;49400;INTARIAN_PEPPER_ROOT;10903;22;10899;22;;;10916;24;10918;18;;;10909.5;0.0
av_COTTON_d1;49500;ASH_COATED_OSMIUM;10034;14;10032;25;;;10040;18;10044;17;;;10037.0;0.0
av_COTTON_d1;49500;INTARIAN_PEPPER_ROOT;10906;17;10902;22;;;10912;22;10915;25;;;10909.0;0.0
av_COTTON_d1;49600;ASH_COATED_OSMIUM;10034;17;10031;23;;;10040;17;10042;24;;;10037.0;0.0
av_COTTON_d1;49600;INTARIAN_PEPPER_ROOT;10905;14;10902;18;;;10911;16;10915;24;;;10908.0;0.0
av_COTTON_d1;49700;ASH_COATED_OSMIUM;10032;18;10030;12;;;10042;15;10046;23;;;10037.0;0.0
av_COTTON_d1;49700;INTARIAN_PEPPER_ROOT;10905;12;10903;20;;;10911;19;10915;20;;;10908.0;0.0
av_COTTON_d1;49800;ASH_COATED_OSMIUM;10034;14;10030;27;;;10040;16;10042;13;;;10037.0;0.0
av_COTTON_d1;49800;INTARIAN_PEPPER_ROOT;10905;15;10901;15;;;10911;16;10913;17;;;10908.0;0.0
av_COTTON_d1;49900;ASH_COATED_OSMIUM;10033;14;10029;18;;;10039;23;10043;30;;;10036.0;0.0
av_COTTON_d1;49900;INTARIAN_PEPPER_ROOT;10905;11;10901;17;;;10911;11;10915;33;;;10908.0;0.0
av_COTTON_d1;50000;ASH_COATED_OSMIUM;10034;8;10030;18;;;10040;13;10044;22;;;10037.0;0.0
av_COTTON_d1;50000;INTARIAN_PEPPER_ROOT;10898;15;10896;19;;;10916;13;10918;23;;;10907.0;0.0
av_COTTON_d1;50100;ASH_COATED_OSMIUM;10034;11;10031;29;;;10040;10;10043;24;;;10037.0;0.0
av_COTTON_d1;50100;INTARIAN_PEPPER_ROOT;10904;26;10902;18;;;10910;17;10912;21;;;10907.0;0.0
av_COTTON_d1;50200;ASH_COATED_OSMIUM;10034;9;10030;17;;;10040;5;10043;21;;;10037.0;0.0
av_COTTON_d1;50200;INTARIAN_PEPPER_ROOT;10903;6;10899;25;;;10909;10;10911;15;;;10906.0;0.0
av_COTTON_d1;50300;ASH_COATED_OSMIUM;10034;21;10030;32;;;10040;29;10044;16;;;10037.0;0.0
av_COTTON_d1;50300;INTARIAN_PEPPER_ROOT;10903;10;10900;26;;;10909;14;10911;19;;;10906.0;0.0
av_COTTON_d1;50400;ASH_COATED_OSMIUM;10028;9;10025;25;;;10045;11;10049;14;;;10036.5;0.0
av_COTTON_d1;50400;INTARIAN_PEPPER_ROOT;10899;7;10897;23;;;10911;16;10913;19;;;10905.0;0.0
av_COTTON_d1;50500;ASH_COATED_OSMIUM;10034;10;10031;18;;;10040;12;10042;15;;;10037.0;0.0
av_COTTON_d1;50500;INTARIAN_PEPPER_ROOT;10902;8;10898;22;;;10908;14;10910;23;;;10905.0;0.0
av_COTTON_d1;50600;ASH_COATED_OSMIUM;10033;8;10031;27;;;10039;21;10042;9;;;10036.0;0.0
av_COTTON_d1;50600;INTARIAN_PEPPER_ROOT;10902;13;10898;22;;;10908;7;10910;20;;;10905.0;0.0
av_COTTON_d1;50700;ASH_COATED_OSMIUM;10030;21;10028;18;;;10043;17;10047;13;;;10036.5;0.0
av_COTTON_d1;50700;INTARIAN_PEPPER_ROOT;10901;15;10898;21;;;10907;18;10911;27;;;10904.0;0.0
av_COTTON_d1;50800;ASH_COATED_OSMIUM;10030;22;10026;23;;;10043;11;10045;26;;;10036.5;0.0
av_COTTON_d1;50800;INTARIAN_PEPPER_ROOT;10899;14;10897;12;;;10907;14;10909;9;;;10903.0;0.0
av_COTTON_d1;50900;ASH_COATED_OSMIUM;10032;5;10030;22;;;10043;17;10047;22;;;10037.5;0.0
av_COTTON_d1;50900;INTARIAN_PEPPER_ROOT;10900;19;10898;21;;;10907;11;10911;15;;;10903.5;0.0
av_COTTON_d1;51000;ASH_COATED_OSMIUM;10032;11;10028;20;;;10042;14;10046;19;;;10037.0;0.0
av_COTTON_d1;51000;INTARIAN_PEPPER_ROOT;10900;14;10898;16;;;10909;9;10912;15;;;10904.5;0.0
av_COTTON_d1;51100;ASH_COATED_OSMIUM;10034;19;10032;18;;;10040;5;10042;19;;;10037.0;0.0
av_COTTON_d1;51100;INTARIAN_PEPPER_ROOT;10900;14;10896;14;;;10911;5;10914;17;;;10905.5;0.0
av_COTTON_d1;51200;ASH_COATED_OSMIUM;10034;5;10031;20;;;10040;19;10044;19;;;10037.0;0.0
av_COTTON_d1;51200;INTARIAN_PEPPER_ROOT;10895;11;10892;8;;;10918;21;10921;13;;;10906.5;0.0
av_COTTON_d1;51300;ASH_COATED_OSMIUM;10035;16;10033;20;;;10041;26;10043;23;;;10038.0;0.0
av_COTTON_d1;51300;INTARIAN_PEPPER_ROOT;10903;13;10901;15;;;10911;21;10914;24;;;10907.0;0.0
av_COTTON_d1;51400;ASH_COATED_OSMIUM;10035;5;10032;22;;;10041;16;10044;15;;;10038.0;0.0
av_COTTON_d1;51400;INTARIAN_PEPPER_ROOT;10906;11;10904;23;;;10912;16;10915;30;;;10909.0;0.0
av_COTTON_d1;51500;ASH_COATED_OSMIUM;10035;8;10032;20;;;10041;24;10044;20;;;10038.0;0.0
av_COTTON_d1;51500;INTARIAN_PEPPER_ROOT;10906;13;10904;18;;;10912;19;10915;23;;;10909.0;0.0
av_COTTON_d1;51600;ASH_COATED_OSMIUM;10035;14;10032;16;;;10041;21;10045;28;;;10038.0;0.0
av_COTTON_d1;51600;INTARIAN_PEPPER_ROOT;10907;9;10904;23;;;10913;14;10916;17;;;10910.0;0.0
av_COTTON_d1;51700;ASH_COATED_OSMIUM;10034;19;10032;23;;;10045;17;10047;18;;;10039.5;0.0
av_COTTON_d1;51700;INTARIAN_PEPPER_ROOT;10905;10;10903;20;;;10917;8;10919;9;;;10911.0;0.0
av_COTTON_d1;51800;ASH_COATED_OSMIUM;10036;5;10032;18;;;10042;12;10044;20;;;10039.0;0.0
av_COTTON_d1;51800;INTARIAN_PEPPER_ROOT;10909;5;10906;14;;;10915;11;10918;31;;;10912.0;0.0
av_COTTON_d1;51900;ASH_COATED_OSMIUM;10028;13;10025;15;;;10050;19;10052;20;;;10039.0;0.0
av_COTTON_d1;51900;INTARIAN_PEPPER_ROOT;10909;16;10906;8;;;10917;27;10921;18;;;10913.0;0.0
av_COTTON_d1;52000;ASH_COATED_OSMIUM;10030;5;10028;9;;;10048;11;10050;18;;;10039.0;0.0
av_COTTON_d1;52000;INTARIAN_PEPPER_ROOT;10905;23;10901;19;;;10923;17;10925;13;;;10914.0;0.0
av_COTTON_d1;52100;ASH_COATED_OSMIUM;10031;13;10028;14;;;10047;19;10050;23;;;10039.0;0.0
av_COTTON_d1;52100;INTARIAN_PEPPER_ROOT;10912;20;10908;17;;;10918;18;10922;21;;;10915.0;0.0
av_COTTON_d1;52200;ASH_COATED_OSMIUM;10037;14;10033;14;;;10043;22;10047;20;;;10040.0;0.0
av_COTTON_d1;52200;INTARIAN_PEPPER_ROOT;10913;13;10911;25;;;10919;13;10923;25;;;10916.0;0.0
av_COTTON_d1;52300;ASH_COATED_OSMIUM;10037;11;10034;16;;;10044;12;10048;22;;;10040.5;0.0
av_COTTON_d1;52300;INTARIAN_PEPPER_ROOT;10914;10;10911;14;;;10920;14;10922;20;;;10917.0;0.0
av_COTTON_d1;52400;ASH_COATED_OSMIUM;10037;18;10034;25;;;10043;5;10046;15;;;10040.0;0.0
av_COTTON_d1;52400;INTARIAN_PEPPER_ROOT;10914;10;10910;22;;;10921;18;10923;15;;;10917.5;0.0
av_COTTON_d1;52500;ASH_COATED_OSMIUM;10023;14;10021;26;;;10058;18;10061;8;;;10040.5;0.0
av_COTTON_d1;52500;INTARIAN_PEPPER_ROOT;10911;5;10907;26;;;10926;15;10930;25;;;10918.5;0.0
av_COTTON_d1;52600;ASH_COATED_OSMIUM;10037;22;10034;8;;;10043;15;10047;31;;;10040.0;0.0
av_COTTON_d1;52600;INTARIAN_PEPPER_ROOT;10909;16;10907;12;;;10931;14;10935;22;;;10920.0;0.0
av_COTTON_d1;52700;ASH_COATED_OSMIUM;10037;22;10035;19;;;10043;21;10045;16;;;10040.0;0.0
av_COTTON_d1;52700;INTARIAN_PEPPER_ROOT;10917;13;10913;8;;;10923;16;10926;18;;;10920.0;0.0
av_COTTON_d1;52800;ASH_COATED_OSMIUM;10037;17;10034;8;;;10043;17;10046;19;;;10040.0;0.0
av_COTTON_d1;52800;INTARIAN_PEPPER_ROOT;10918;7;10916;22;;;10924;21;10928;19;;;10921.0;0.0
av_COTTON_d1;52900;ASH_COATED_OSMIUM;10029;15;10027;21;;;10053;25;10055;28;;;10041.0;0.0
av_COTTON_d1;52900;INTARIAN_PEPPER_ROOT;10919;18;10916;12;;;10925;25;10927;21;;;10922.0;0.0
av_COTTON_d1;53000;ASH_COATED_OSMIUM;10037;14;10033;13;;;10045;23;10048;18;;;10041.0;0.0
av_COTTON_d1;53000;INTARIAN_PEPPER_ROOT;10919;13;10916;21;;;10925;20;10927;19;;;10922.0;0.0
av_COTTON_d1;53100;ASH_COATED_OSMIUM;10038;20;10035;16;;;10044;5;10047;19;;;10041.0;0.0
av_COTTON_d1;53100;INTARIAN_PEPPER_ROOT;10920;16;10917;21;;;10926;20;10930;28;;;10923.0;0.0
av_COTTON_d1;53200;ASH_COATED_OSMIUM;10036;16;10034;23;;;10046;17;10048;26;;;10041.0;0.0
av_COTTON_d1;53200;INTARIAN_PEPPER_ROOT;10921;13;10918;9;;;10927;16;10930;23;;;10924.0;0.0
av_COTTON_d1;53300;ASH_COATED_OSMIUM;10039;11;10035;24;;;10045;16;10047;20;;;10042.0;0.0
av_COTTON_d1;53300;INTARIAN_PEPPER_ROOT;10920;12;10917;17;;;10931;14;10933;14;;;10925.5;0.0
av_COTTON_d1;53400;ASH_COATED_OSMIUM;10039;7;10037;13;;;10045;15;10047;19;;;10042.0;0.0
av_COTTON_d1;53400;INTARIAN_PEPPER_ROOT;10912;19;10910;23;;;10942;20;10945;16;;;10927.0;0.0
av_COTTON_d1;53500;ASH_COATED_OSMIUM;10039;14;10035;19;;;10045;10;10047;13;;;10042.0;0.0
av_COTTON_d1;53500;INTARIAN_PEPPER_ROOT;10924;16;10920;21;;;10930;14;10933;18;;;10927.0;0.0
av_COTTON_d1;53600;ASH_COATED_OSMIUM;10038;12;10034;16;;;10046;10;10049;14;;;10042.0;0.0
av_COTTON_d1;53600;INTARIAN_PEPPER_ROOT;10920;11;10918;18;;;10935;18;10939;23;;;10927.5;0.0
av_COTTON_d1;53700;ASH_COATED_OSMIUM;10039;20;10037;11;;;10045;21;10048;10;;;10042.0;0.0
av_COTTON_d1;53700;INTARIAN_PEPPER_ROOT;10921;19;10918;19;;;10938;7;10940;20;;;10929.5;0.0
av_COTTON_d1;53800;ASH_COATED_OSMIUM;10040;19;10036;26;;;10046;11;10050;23;;;10043.0;0.0
av_COTTON_d1;53800;INTARIAN_PEPPER_ROOT;10927;12;10925;17;;;10933;5;10936;15;;;10930.0;0.0
av_COTTON_d1;53900;ASH_COATED_OSMIUM;10040;17;10037;19;;;10046;12;10048;31;;;10043.0;0.0
av_COTTON_d1;53900;INTARIAN_PEPPER_ROOT;10925;16;10921;22;;;10937;7;10939;13;;;10931.0;0.0
av_COTTON_d1;54000;ASH_COATED_OSMIUM;10030;17;10028;23;;;10055;14;10059;20;;;10042.5;0.0
av_COTTON_d1;54000;INTARIAN_PEPPER_ROOT;10928;8;10926;13;;;10934;16;10938;16;;;10931.0;0.0
av_COTTON_d1;54100;ASH_COATED_OSMIUM;10027;20;10023;19;;;10058;13;10062;30;;;10042.5;0.0
av_COTTON_d1;54100;INTARIAN_PEPPER_ROOT;10924;19;10921;19;;;10941;15;10944;21;;;10932.5;0.0
av_COTTON_d1;54200;ASH_COATED_OSMIUM;10036;17;10033;15;;;10049;23;10053;11;;;10042.5;0.0
av_COTTON_d1;54200;INTARIAN_PEPPER_ROOT;10931;10;10928;18;;;10937;12;10939;12;;;10934.0;0.0
av_COTTON_d1;54300;ASH_COATED_OSMIUM;10037;20;10033;26;;;10049;5;10052;23;;;10043.0;0.0
av_COTTON_d1;54300;INTARIAN_PEPPER_ROOT;10932;16;10930;25;;;10938;11;10940;28;;;10935.0;0.0
av_COTTON_d1;54400;ASH_COATED_OSMIUM;10041;18;10037;25;;;10047;14;10051;24;;;10044.0;0.0
av_COTTON_d1;54400;INTARIAN_PEPPER_ROOT;10932;11;10930;19;;;10938;12;10940;23;;;10935.0;0.0
av_COTTON_d1;54500;ASH_COATED_OSMIUM;10036;20;10034;21;;;10052;17;10056;23;;;10044.0;0.0
av_COTTON_d1;54500;INTARIAN_PEPPER_ROOT;10933;12;10931;19;;;10939;17;10942;24;;;10936.0;0.0
av_COTTON_d1;54600;ASH_COATED_OSMIUM;10040;5;10036;20;;;10046;18;10049;24;;;10043.0;0.0
av_COTTON_d1;54600;INTARIAN_PEPPER_ROOT;10934;7;10931;22;;;10940;19;10944;16;;;10937.0;0.0
av_COTTON_d1;54700;ASH_COATED_OSMIUM;10041;18;10039;8;;;10047;18;10050;16;;;10044.0;0.0
av_COTTON_d1;54700;INTARIAN_PEPPER_ROOT;10935;12;10931;16;;;10941;12;10945;25;;;10938.0;0.0
av_COTTON_d1;54800;ASH_COATED_OSMIUM;10034;13;10030;25;;;10054;8;10058;26;;;10044.0;0.0
av_COTTON_d1;54800;INTARIAN_PEPPER_ROOT;10930;13;10926;26;;;10949;24;10952;19;;;10939.5;0.0
av_COTTON_d1;54900;ASH_COATED_OSMIUM;10034;13;10031;12;;;10054;15;10058;30;;;10044.0;0.0
av_COTTON_d1;54900;INTARIAN_PEPPER_ROOT;10936;12;10934;33;;;10943;17;10946;26;;;10939.5;0.0
av_COTTON_d1;55000;ASH_COATED_OSMIUM;10041;18;10038;25;;;10047;12;10051;23;;;10044.0;0.0
av_COTTON_d1;55000;INTARIAN_PEPPER_ROOT;10936;16;10934;18;;;10945;19;10947;17;;;10940.5;0.0
av_COTTON_d1;55100;ASH_COATED_OSMIUM;10038;23;10034;21;;;10052;12;10054;23;;;10045.0;0.0
av_COTTON_d1;55100;INTARIAN_PEPPER_ROOT;10939;14;10937;24;;;10945;16;10948;18;;;10942.0;0.0
av_COTTON_d1;55200;ASH_COATED_OSMIUM;10031;17;10028;19;;;10059;9;10061;24;;;10045.0;0.0
av_COTTON_d1;55200;INTARIAN_PEPPER_ROOT;10938;16;10935;23;;;10947;13;10951;18;;;10942.5;0.0
av_COTTON_d1;55300;ASH_COATED_OSMIUM;10042;13;10039;18;;;10048;16;10052;22;;;10045.0;0.0
av_COTTON_d1;55300;INTARIAN_PEPPER_ROOT;10941;8;10937;17;;;10947;19;10951;27;;;10944.0;0.0
av_COTTON_d1;55400;ASH_COATED_OSMIUM;10042;6;10038;15;;;10048;18;10050;17;;;10045.0;0.0
