day;timestamp;product;bid_price_1;bid_volume_1;bid_price_2;bid_volume_2;bid_price_3;bid_volume_3;ask_price_1;ask_volume_1;ask_price_2;ask_volume_2;ask_price_3;ask_volume_3;mid_price;profit_and_loss
yf_ZW=F_d10;0;ASH_COATED_OSMIUM;9925;17;9922;23;;;9931;7;9933;23;;;9928.0;0.0
yf_ZW=F_d10;0;INTARIAN_PEPPER_ROOT;11275;20;11272;19;;;11281;19;11283;11;;;11278.0;0.0
yf_ZW=F_d10;100;ASH_COATED_OSMIUM;9925;12;9921;18;;;9931;16;9934;12;;;9928.0;0.0
yf_ZW=F_d10;100;INTARIAN_PEPPER_ROOT;11276;25;11272;12;;;11282;13;11285;22;;;11279.0;0.0
yf_ZW=F_d10;200;ASH_COATED_OSMIUM;9922;11;9919;20;;;9934;12;9937;10;;;9928.0;0.0
yf_ZW=F_d10;200;INTARIAN_PEPPER_ROOT;11277;11;11274;17;;;11283;28;11287;25;;;11280.0;0.0
yf_ZW=F_d10;300;ASH_COATED_OSMIUM;9925;14;9921;19;;;9931;18;9933;23;;;9928.0;0.0
yf_ZW=F_d10;300;INTARIAN_PEPPER_ROOT;11278;14;11274;16;;;11284;22;11287;19;;;11281.0;0.0
yf_ZW=F_d10;400;ASH_COATED_OSMIUM;9925;19;9921;20;;;9931;20;9935;21;;;9928.0;0.0
yf_ZW=F_d10;400;INTARIAN_PEPPER_ROOT;11273;7;11271;24;;;11291;14;11293;24;;;11282.0;0.0
yf_ZW=F_d10;500;ASH_COATED_OSMIUM;9924;12;9921;29;;;9930;12;9933;26;;;9927.0;0.0
yf_ZW=F_d10;500;INTARIAN_PEPPER_ROOT;11280;14;11276;11;;;11286;16;11289;8;;;11283.0;0.0
yf_ZW=F_d10;600;ASH_COATED_OSMIUM;9924;13;9920;16;;;9930;12;9932;17;;;9927.0;0.0
yf_ZW=F_d10;600;INTARIAN_PEPPER_ROOT;11268;15;11266;26;;;11300;13;11304;16;;;11284.0;0.0
yf_ZW=F_d10;700;ASH_COATED_OSMIUM;9924;19;9922;18;;;9930;9;9934;11;;;9927.0;0.0
yf_ZW=F_d10;700;INTARIAN_PEPPER_ROOT;11282;19;11280;17;;;11288;6;11292;22;;;11285.0;0.0
yf_ZW=F_d10;800;ASH_COATED_OSMIUM;9923;19;9919;22;;;9929;15;9933;16;;;9926.0;0.0
yf_ZW=F_d10;800;INTARIAN_PEPPER_ROOT;11284;20;11281;14;;;11290;22;11294;26;;;11287.0;0.0
yf_ZW=F_d10;900;ASH_COATED_OSMIUM;9924;19;9921;21;;;9930;15;9934;17;;;9927.0;0.0
yf_ZW=F_d10;900;INTARIAN_PEPPER_ROOT;11273;17;11269;23;;;11303;7;11306;19;;;11288.0;0.0
yf_ZW=F_d10;1000;ASH_COATED_OSMIUM;9924;7;9920;16;;;9930;5;9933;23;;;9927.0;0.0
yf_ZW=F_d10;1000;INTARIAN_PEPPER_ROOT;11284;9;11281;19;;;11294;13;11298;19;;;11289.0;0.0
yf_ZW=F_d10;1100;ASH_COATED_OSMIUM;9916;23;9913;8;;;9938;17;9942;12;;;9927.0;0.0
yf_ZW=F_d10;1100;INTARIAN_PEPPER_ROOT;11287;10;11285;13;;;11293;21;11297;20;;;11290.0;0.0
yf_ZW=F_d10;1200;ASH_COATED_OSMIUM;9923;5;9921;15;;;9929;14;9931;21;;;9926.0;0.0
yf_ZW=F_d10;1200;INTARIAN_PEPPER_ROOT;11286;15;11282;26;;;11296;7;11300;16;;;11291.0;0.0
yf_ZW=F_d10;1300;ASH_COATED_OSMIUM;9921;17;9919;19;;;9930;19;9934;26;;;9925.5;0.0
yf_ZW=F_d10;1300;INTARIAN_PEPPER_ROOT;11289;12;11286;13;;;11295;17;11297;8;;;11292.0;0.0
yf_ZW=F_d10;1400;ASH_COATED_OSMIUM;9923;5;9919;16;;;9929;11;9931;28;;;9926.0;0.0
yf_ZW=F_d10;1400;INTARIAN_PEPPER_ROOT;11290;17;11288;26;;;11297;12;11300;23;;;11293.5;0.0
yf_ZW=F_d10;1500;ASH_COATED_OSMIUM;9918;11;9916;20;;;9934;17;9937;18;;;9926.0;0.0
yf_ZW=F_d10;1500;INTARIAN_PEPPER_ROOT;11291;15;11289;17;;;11297;15;11301;22;;;11294.0;0.0
yf_ZW=F_d10;1600;ASH_COATED_OSMIUM;9921;15;9917;13;;;9930;15;9934;11;;;9925.5;0.0
yf_ZW=F_d10;1600;INTARIAN_PEPPER_ROOT;11293;12;11291;23;;;11299;17;11301;19;;;11296.0;0.0
yf_ZW=F_d10;1700;ASH_COATED_OSMIUM;9920;19;9917;24;;;9930;22;9934;20;;;9925.0;0.0
yf_ZW=F_d10;1700;INTARIAN_PEPPER_ROOT;11293;18;11290;24;;;11299;20;11301;16;;;11296.0;0.0
yf_ZW=F_d10;1800;ASH_COATED_OSMIUM;9916;15;9913;26;;;9933;14;9935;20;;;9924.5;0.0
yf_ZW=F_d10;1800;INTARIAN_PEPPER_ROOT;11294;15;11291;16;;;11300;10;11304;26;;;11297.0;0.0
yf_ZW=F_d10;1900;ASH_COATED_OSMIUM;9922;12;9920;12;;;9928;12;9930;23;;;9925.0;0.0
yf_ZW=F_d10;1900;INTARIAN_PEPPER_ROOT;11295;22;11292;20;;;11301;8;11303;18;;;11298.0;0.0
yf_ZW=F_d10;2000;ASH_COATED_OSMIUM;9922;14;9920;21;;;9928;19;9932;20;;;9925.0;0.0
yf_ZW=F_d10;2000;INTARIAN_PEPPER_ROOT;11295;12;11293;19;;;11304;9;11306;21;;;11299.5;0.0
yf_ZW=F_d10;2100;ASH_COATED_OSMIUM;9911;15;9908;16;;;9940;7;9944;17;;;9925.5;0.0
yf_ZW=F_d10;2100;INTARIAN_PEPPER_ROOT;11297;22;11295;18;;;11303;15;11306;12;;;11300.0;0.0
yf_ZW=F_d10;2200;ASH_COATED_OSMIUM;9922;13;9920;23;;;9928;14;9932;24;;;9925.0;0.0
yf_ZW=F_d10;2200;INTARIAN_PEPPER_ROOT;11299;14;11296;21;;;11305;22;11308;28;;;11302.0;0.0
yf_ZW=F_d10;2300;ASH_COATED_OSMIUM;9922;24;9920;23;;;9928;17;9932;12;;;9925.0;0.0
yf_ZW=F_d10;2300;INTARIAN_PEPPER_ROOT;11300;9;11297;26;;;11306;24;11310;20;;;11303.0;0.0
yf_ZW=F_d10;2400;ASH_COATED_OSMIUM;9920;16;9916;19;;;9927;8;9929;20;;;9923.5;0.0
yf_ZW=F_d10;2400;INTARIAN_PEPPER_ROOT;11293;10;11290;24;;;11316;16;11320;25;;;11304.5;0.0
yf_ZW=F_d10;2500;ASH_COATED_OSMIUM;9918;6;9914;13;;;9930;14;9934;18;;;9924.0;0.0
yf_ZW=F_d10;2500;INTARIAN_PEPPER_ROOT;11302;15;11298;26;;;11308;12;11312;16;;;11305.0;0.0
yf_ZW=F_d10;2600;ASH_COATED_OSMIUM;9916;17;9913;19;;;9930;20;9934;20;;;9923.0;0.0
yf_ZW=F_d10;2600;INTARIAN_PEPPER_ROOT;11304;6;11300;14;;;11310;6;11312;17;;;11307.0;0.0
yf_ZW=F_d10;2700;ASH_COATED_OSMIUM;9917;11;9915;18;;;9931;5;9935;21;;;9924.0;0.0
yf_ZW=F_d10;2700;INTARIAN_PEPPER_ROOT;11304;19;11302;19;;;11311;17;11313;19;;;11307.5;0.0
yf_ZW=F_d10;2800;ASH_COATED_OSMIUM;9920;11;9918;11;;;9926;13;9929;15;;;9923.0;0.0
yf_ZW=F_d10;2800;INTARIAN_PEPPER_ROOT;11302;21;11298;22;;;11315;18;11319;29;;;11308.5;0.0
yf_ZW=F_d10;2900;ASH_COATED_OSMIUM;9920;21;9918;20;;;9927;22;9930;24;;;9923.5;0.0
yf_ZW=F_d10;2900;INTARIAN_PEPPER_ROOT;11307;13;11305;16;;;11313;20;11317;15;;;11310.0;0.0
yf_ZW=F_d10;3000;ASH_COATED_OSMIUM;9920;22;9918;19;;;9926;13;9928;24;;;9923.0;0.0
yf_ZW=F_d10;3000;INTARIAN_PEPPER_ROOT;11307;16;11305;14;;;11314;22;11318;10;;;11310.5;0.0
yf_ZW=F_d10;3100;ASH_COATED_OSMIUM;9920;21;9917;13;;;9926;19;9930;16;;;9923.0;0.0
yf_ZW=F_d10;3100;INTARIAN_PEPPER_ROOT;11309;13;11305;10;;;11315;11;11317;18;;;11312.0;0.0
yf_ZW=F_d10;3200;ASH_COATED_OSMIUM;9919;11;9917;21;;;9927;26;9929;17;;;9923.0;0.0
yf_ZW=F_d10;3200;INTARIAN_PEPPER_ROOT;11301;25;11297;11;;;11325;20;11328;20;;;11313.0;0.0
yf_ZW=F_d10;3300;ASH_COATED_OSMIUM;9920;23;9917;23;;;9926;16;9928;16;;;9923.0;0.0
yf_ZW=F_d10;3300;INTARIAN_PEPPER_ROOT;11311;15;11309;20;;;11317;28;11320;28;;;11314.0;0.0
yf_ZW=F_d10;3400;ASH_COATED_OSMIUM;9920;11;9917;21;;;9926;19;9930;20;;;9923.0;0.0
yf_ZW=F_d10;3400;INTARIAN_PEPPER_ROOT;11305;14;11303;24;;;11323;24;11325;25;;;11314.0;0.0
yf_ZW=F_d10;3500;ASH_COATED_OSMIUM;9919;8;9917;18;;;9925;14;9928;22;;;9922.0;0.0
yf_ZW=F_d10;3500;INTARIAN_PEPPER_ROOT;11313;17;11311;21;;;11319;14;11323;12;;;11316.0;0.0
yf_ZW=F_d10;3600;ASH_COATED_OSMIUM;9919;16;9915;16;;;9925;14;9929;14;;;9922.0;0.0
yf_ZW=F_d10;3600;INTARIAN_PEPPER_ROOT;11314;16;11310;15;;;11320;11;11322;23;;;11317.0;0.0
yf_ZW=F_d10;3700;ASH_COATED_OSMIUM;9918;13;9915;20;;;9927;19;9930;22;;;9922.5;0.0
yf_ZW=F_d10;3700;INTARIAN_PEPPER_ROOT;11315;12;11311;19;;;11321;11;11324;24;;;11318.0;0.0
yf_ZW=F_d10;3800;ASH_COATED_OSMIUM;9919;20;9915;23;;;9925;9;9927;19;;;9922.0;0.0
yf_ZW=F_d10;3800;INTARIAN_PEPPER_ROOT;11312;14;11310;17;;;11325;28;11329;14;;;11318.5;0.0
yf_ZW=F_d10;3900;ASH_COATED_OSMIUM;9918;15;9915;26;;;9925;14;9928;24;;;9921.5;0.0
yf_ZW=F_d10;3900;INTARIAN_PEPPER_ROOT;11315;24;11311;23;;;11325;5;11329;11;;;11320.0;0.0
yf_ZW=F_d10;4000;ASH_COATED_OSMIUM;9918;12;9915;14;;;9924;13;9928;11;;;9921.0;0.0
yf_ZW=F_d10;4000;INTARIAN_PEPPER_ROOT;11315;9;11312;19;;;11327;16;11331;16;;;11321.0;0.0
yf_ZW=F_d10;4100;ASH_COATED_OSMIUM;9918;8;9915;18;;;9924;11;9928;19;;;9921.0;0.0
yf_ZW=F_d10;4100;INTARIAN_PEPPER_ROOT;11320;5;11317;17;;;11326;19;11328;15;;;11323.0;0.0
yf_ZW=F_d10;4200;ASH_COATED_OSMIUM;9905;15;9902;11;;;9937;17;9941;30;;;9921.0;0.0
yf_ZW=F_d10;4200;INTARIAN_PEPPER_ROOT;11317;12;11315;19;;;11331;13;11335;14;;;11324.0;0.0
yf_ZW=F_d10;4300;ASH_COATED_OSMIUM;9909;10;9907;27;;;9933;23;9936;12;;;9921.0;0.0
yf_ZW=F_d10;4300;INTARIAN_PEPPER_ROOT;11321;15;11318;28;;;11328;13;11332;24;;;11324.5;0.0
yf_ZW=F_d10;4400;ASH_COATED_OSMIUM;9918;23;9916;12;;;9925;12;9928;24;;;9921.5;0.0
yf_ZW=F_d10;4400;INTARIAN_PEPPER_ROOT;11323;17;11320;23;;;11329;13;11333;17;;;11326.0;0.0
yf_ZW=F_d10;4500;ASH_COATED_OSMIUM;9918;12;9914;26;;;9924;13;9928;17;;;9921.0;0.0
yf_ZW=F_d10;4500;INTARIAN_PEPPER_ROOT;11324;9;11321;31;;;11330;9;11333;14;;;11327.0;0.0
yf_ZW=F_d10;4600;ASH_COATED_OSMIUM;9918;11;9916;17;;;9924;22;9926;18;;;9921.0;0.0
yf_ZW=F_d10;4600;INTARIAN_PEPPER_ROOT;11325;23;11322;27;;;11331;11;11333;22;;;11328.0;0.0
yf_ZW=F_d10;4700;ASH_COATED_OSMIUM;9917;25;9915;11;;;9923;20;9926;22;;;9920.0;0.0
yf_ZW=F_d10;4700;INTARIAN_PEPPER_ROOT;11326;13;11322;20;;;11332;16;11335;15;;;11329.0;0.0
yf_ZW=F_d10;4800;ASH_COATED_OSMIUM;9917;20;9913;17;;;9923;17;9927;10;;;9920.0;0.0
yf_ZW=F_d10;4800;INTARIAN_PEPPER_ROOT;11327;21;11324;26;;;11333;25;11337;18;;;11330.0;0.0
yf_ZW=F_d10;4900;ASH_COATED_OSMIUM;9917;12;9915;9;;;9923;10;9927;19;;;9920.0;0.0
yf_ZW=F_d10;4900;INTARIAN_PEPPER_ROOT;11322;17;11318;22;;;11339;16;11342;22;;;11330.5;0.0
yf_ZW=F_d10;5000;ASH_COATED_OSMIUM;9917;15;9915;20;;;9923;10;9927;19;;;9920.0;0.0
yf_ZW=F_d10;5000;INTARIAN_PEPPER_ROOT;11329;14;11327;27;;;11335;19;11339;15;;;11332.0;0.0
yf_ZW=F_d10;5100;ASH_COATED_OSMIUM;9917;18;9914;19;;;9923;13;9925;12;;;9920.0;0.0
yf_ZW=F_d10;5100;INTARIAN_PEPPER_ROOT;11326;12;11324;27;;;11340;14;11342;23;;;11333.0;0.0
yf_ZW=F_d10;5200;ASH_COATED_OSMIUM;9908;21;9904;19;;;9931;11;9934;21;;;9919.5;0.0
yf_ZW=F_d10;5200;INTARIAN_PEPPER_ROOT;11331;10;11327;17;;;11339;20;11343;35;;;11335.0;0.0
yf_ZW=F_d10;5300;ASH_COATED_OSMIUM;9909;10;9905;15;;;9930;6;9933;23;;;9919.5;0.0
yf_ZW=F_d10;5300;INTARIAN_PEPPER_ROOT;11332;9;11329;12;;;11338;15;11340;22;;;11335.0;0.0
yf_ZW=F_d10;5400;ASH_COATED_OSMIUM;9916;7;9913;18;;;9922;19;9925;21;;;9919.0;0.0
yf_ZW=F_d10;5400;INTARIAN_PEPPER_ROOT;11326;15;11323;24;;;11347;7;11350;20;;;11336.5;0.0
yf_ZW=F_d10;5500;ASH_COATED_OSMIUM;9911;10;9907;24;;;9927;15;9929;25;;;9919.0;0.0
yf_ZW=F_d10;5500;INTARIAN_PEPPER_ROOT;11331;13;11327;18;;;11345;17;11347;23;;;11338.0;0.0
yf_ZW=F_d10;5600;ASH_COATED_OSMIUM;9916;11;9912;22;;;9922;26;9924;19;;;9919.0;0.0
yf_ZW=F_d10;5600;INTARIAN_PEPPER_ROOT;11336;8;11332;20;;;11342;18;11344;18;;;11339.0;0.0
yf_ZW=F_d10;5700;ASH_COATED_OSMIUM;9915;13;9913;21;;;9921;8;9925;21;;;9918.0;0.0
yf_ZW=F_d10;5700;INTARIAN_PEPPER_ROOT;11337;16;11335;15;;;11343;20;11345;21;;;11340.0;0.0
yf_ZW=F_d10;5800;ASH_COATED_OSMIUM;9915;10;9912;19;;;9921;13;9923;22;;;9918.0;0.0
yf_ZW=F_d10;5800;INTARIAN_PEPPER_ROOT;11338;15;11336;15;;;11344;5;11348;20;;;11341.0;0.0
yf_ZW=F_d10;5900;ASH_COATED_OSMIUM;9916;5;9914;22;;;9922;19;9925;21;;;9919.0;0.0
yf_ZW=F_d10;5900;INTARIAN_PEPPER_ROOT;11339;14;11335;21;;;11345;8;11347;18;;;11342.0;0.0
yf_ZW=F_d10;6000;ASH_COATED_OSMIUM;9902;10;9898;22;;;9935;15;9937;18;;;9918.5;0.0
yf_ZW=F_d10;6000;INTARIAN_PEPPER_ROOT;11340;16;11337;14;;;11346;17;11350;19;;;11343.0;0.0
yf_ZW=F_d10;6100;ASH_COATED_OSMIUM;9913;15;9911;20;;;9924;10;9927;22;;;9918.5;0.0
yf_ZW=F_d10;6100;INTARIAN_PEPPER_ROOT;11341;18;11337;20;;;11347;15;11350;14;;;11344.0;0.0
yf_ZW=F_d10;6200;ASH_COATED_OSMIUM;9915;16;9913;21;;;9921;11;9924;24;;;9918.0;0.0
yf_ZW=F_d10;6200;INTARIAN_PEPPER_ROOT;11343;14;11340;12;;;11349;17;11352;16;;;11346.0;0.0
yf_ZW=F_d10;6300;ASH_COATED_OSMIUM;9915;25;9911;16;;;9921;15;9925;18;;;9918.0;0.0
yf_ZW=F_d10;6300;INTARIAN_PEPPER_ROOT;11342;15;11339;18;;;11351;16;11353;18;;;11346.5;0.0
yf_ZW=F_d10;6400;ASH_COATED_OSMIUM;9912;16;9908;24;;;9923;19;9927;20;;;9917.5;0.0
yf_ZW=F_d10;6400;INTARIAN_PEPPER_ROOT;11344;20;11340;13;;;11350;18;11354;20;;;11347.0;0.0
yf_ZW=F_d10;6500;ASH_COATED_OSMIUM;9914;16;9911;13;;;9920;16;9924;13;;;9917.0;0.0
yf_ZW=F_d10;6500;INTARIAN_PEPPER_ROOT;11346;14;11343;20;;;11352;18;11354;19;;;11349.0;0.0
yf_ZW=F_d10;6600;ASH_COATED_OSMIUM;9914;9;9911;20;;;9920;6;9922;15;;;9917.0;0.0
yf_ZW=F_d10;6600;INTARIAN_PEPPER_ROOT;11347;17;11344;17;;;11353;9;11357;23;;;11350.0;0.0
yf_ZW=F_d10;6700;ASH_COATED_OSMIUM;9914;19;9910;19;;;9920;13;9923;17;;;9917.0;0.0
yf_ZW=F_d10;6700;INTARIAN_PEPPER_ROOT;11334;21;11330;12;;;11368;8;11370;13;;;11351.0;0.0
yf_ZW=F_d10;6800;ASH_COATED_OSMIUM;9914;12;9912;24;;;9920;25;9923;20;;;9917.0;0.0
yf_ZW=F_d10;6800;INTARIAN_PEPPER_ROOT;11349;11;11345;29;;;11355;15;11357;23;;;11352.0;0.0
yf_ZW=F_d10;6900;ASH_COATED_OSMIUM;9914;17;9912;21;;;9920;16;9922;13;;;9917.0;0.0
yf_ZW=F_d10;6900;INTARIAN_PEPPER_ROOT;11348;16;11344;21;;;11359;18;11362;23;;;11353.5;0.0
yf_ZW=F_d10;7000;ASH_COATED_OSMIUM;9913;19;9909;20;;;9919;7;9923;27;;;9916.0;0.0
yf_ZW=F_d10;7000;INTARIAN_PEPPER_ROOT;11352;13;11349;23;;;11358;18;11360;18;;;11355.0;0.0
yf_ZW=F_d10;7100;ASH_COATED_OSMIUM;9913;19;9911;13;;;9919;22;9922;21;;;9916.0;0.0
yf_ZW=F_d10;7100;INTARIAN_PEPPER_ROOT;11353;17;11349;12;;;11359;24;11363;11;;;11356.0;0.0
yf_ZW=F_d10;7200;ASH_COATED_OSMIUM;9910;18;9906;26;;;9922;13;9924;22;;;9916.0;0.0
yf_ZW=F_d10;7200;INTARIAN_PEPPER_ROOT;11349;18;11347;18;;;11363;13;11365;20;;;11356.0;0.0
yf_ZW=F_d10;7300;ASH_COATED_OSMIUM;9913;22;9911;26;;;9919;6;9921;21;;;9916.0;0.0
yf_ZW=F_d10;7300;INTARIAN_PEPPER_ROOT;11353;14;11350;21;;;11361;15;11365;26;;;11357.0;0.0
yf_ZW=F_d10;7400;ASH_COATED_OSMIUM;9913;17;9911;24;;;9919;16;9923;12;;;9916.0;0.0
yf_ZW=F_d10;7400;INTARIAN_PEPPER_ROOT;11350;18;11347;20;;;11366;15;11368;21;;;11358.0;0.0
yf_ZW=F_d10;7500;ASH_COATED_OSMIUM;9913;11;9911;19;;;9919;15;9922;20;;;9916.0;0.0
yf_ZW=F_d10;7500;INTARIAN_PEPPER_ROOT;11357;19;11355;16;;;11363;21;11367;19;;;11360.0;0.0
yf_ZW=F_d10;7600;ASH_COATED_OSMIUM;9901;18;9898;8;;;9930;15;9932;17;;;9915.5;0.0
yf_ZW=F_d10;7600;INTARIAN_PEPPER_ROOT;11357;19;11353;24;;;11363;11;11367;22;;;11360.0;0.0
yf_ZW=F_d10;7700;ASH_COATED_OSMIUM;9908;9;9904;22;;;9920;8;9922;13;;;9914.0;0.0
yf_ZW=F_d10;7700;INTARIAN_PEPPER_ROOT;11358;8;11356;20;;;11364;12;11368;10;;;11361.0;0.0
yf_ZW=F_d10;7800;ASH_COATED_OSMIUM;9899;15;9896;17;;;9931;16;9935;14;;;9915.0;0.0
yf_ZW=F_d10;7800;INTARIAN_PEPPER_ROOT;11360;16;11357;21;;;11366;20;11369;16;;;11363.0;0.0
yf_ZW=F_d10;7900;ASH_COATED_OSMIUM;9912;8;9908;27;;;9918;12;9921;14;;;9915.0;0.0
yf_ZW=F_d10;7900;INTARIAN_PEPPER_ROOT;11357;7;11353;21;;;11371;17;11373;26;;;11364.0;0.0
yf_ZW=F_d10;8000;ASH_COATED_OSMIUM;9911;9;9909;13;;;9919;9;9921;23;;;9915.0;0.0
yf_ZW=F_d10;8000;INTARIAN_PEPPER_ROOT;11362;20;11359;15;;;11368;14;11370;24;;;11365.0;0.0
yf_ZW=F_d10;8100;ASH_COATED_OSMIUM;9911;8;9909;13;;;9917;14;9919;16;;;9914.0;0.0
yf_ZW=F_d10;8100;INTARIAN_PEPPER_ROOT;11363;5;11359;20;;;11369;8;11371;16;;;11366.0;0.0
yf_ZW=F_d10;8200;ASH_COATED_OSMIUM;9909;9;9905;13;;;9921;30;9924;22;;;9915.0;0.0
yf_ZW=F_d10;8200;INTARIAN_PEPPER_ROOT;11365;15;11361;16;;;11371;9;11373;18;;;11368.0;0.0
yf_ZW=F_d10;8300;ASH_COATED_OSMIUM;9912;18;9910;21;;;9918;14;9921;23;;;9915.0;0.0
yf_ZW=F_d10;8300;INTARIAN_PEPPER_ROOT;11364;18;11360;21;;;11372;6;11374;22;;;11368.0;0.0
yf_ZW=F_d10;8400;ASH_COATED_OSMIUM;9911;14;9909;23;;;9917;13;9919;22;;;9914.0;0.0
yf_ZW=F_d10;8400;INTARIAN_PEPPER_ROOT;11363;16;11361;21;;;11375;16;11378;10;;;11369.0;0.0
yf_ZW=F_d10;8500;ASH_COATED_OSMIUM;9911;9;9907;11;;;9917;12;9921;19;;;9914.0;0.0
yf_ZW=F_d10;8500;INTARIAN_PEPPER_ROOT;11363;15;11359;19;;;11377;15;11380;21;;;11370.0;0.0
yf_ZW=F_d10;8600;ASH_COATED_OSMIUM;9910;18;9908;17;;;9916;17;9919;16;;;9913.0;0.0
yf_ZW=F_d10;8600;INTARIAN_PEPPER_ROOT;11368;6;11366;29;;;11375;11;11379;18;;;11371.5;0.0
yf_ZW=F_d10;8700;ASH_COATED_OSMIUM;9910;25;9908;16;;;9918;21;9921;16;;;9914.0;0.0
yf_ZW=F_d10;8700;INTARIAN_PEPPER_ROOT;11359;10;11355;17;;;11386;11;11390;16;;;11372.5;0.0
yf_ZW=F_d10;8800;ASH_COATED_OSMIUM;9911;20;9909;29;;;9917;10;9920;21;;;9914.0;0.0
yf_ZW=F_d10;8800;INTARIAN_PEPPER_ROOT;11370;9;11367;26;;;11376;9;11378;16;;;11373.0;0.0
yf_ZW=F_d10;8900;ASH_COATED_OSMIUM;9910;15;9906;25;;;9916;22;9920;23;;;9913.0;0.0
yf_ZW=F_d10;8900;INTARIAN_PEPPER_ROOT;11372;12;11370;17;;;11378;7;11381;29;;;11375.0;0.0
yf_ZW=F_d10;9000;ASH_COATED_OSMIUM;9910;19;9907;11;;;9916;5;9918;11;;;9913.0;0.0
yf_ZW=F_d10;9000;INTARIAN_PEPPER_ROOT;11371;21;11367;18;;;11381;20;11385;11;;;11376.0;0.0
yf_ZW=F_d10;9100;ASH_COATED_OSMIUM;9909;12;9906;29;;;9917;21;9920;20;;;9913.0;0.0
yf_ZW=F_d10;9100;INTARIAN_PEPPER_ROOT;11374;14;11370;11;;;11380;15;11383;14;;;11377.0;0.0
yf_ZW=F_d10;9200;ASH_COATED_OSMIUM;9909;11;9905;23;;;9916;23;9918;18;;;9912.5;0.0
yf_ZW=F_d10;9200;INTARIAN_PEPPER_ROOT;11370;16;11368;21;;;11386;5;11389;23;;;11378.0;0.0
yf_ZW=F_d10;9300;ASH_COATED_OSMIUM;9909;5;9905;17;;;9915;11;9917;17;;;9912.0;0.0
yf_ZW=F_d10;9300;INTARIAN_PEPPER_ROOT;11376;29;11374;23;;;11382;11;11386;19;;;11379.0;0.0
yf_ZW=F_d10;9400;ASH_COATED_OSMIUM;9910;15;9907;25;;;9916;12;9919;19;;;9913.0;0.0
yf_ZW=F_d10;9400;INTARIAN_PEPPER_ROOT;11378;10;11376;14;;;11384;8;11387;27;;;11381.0;0.0
yf_ZW=F_d10;9500;ASH_COATED_OSMIUM;9907;9;9903;19;;;9917;15;9919;29;;;9912.0;0.0
yf_ZW=F_d10;9500;INTARIAN_PEPPER_ROOT;11376;9;11373;21;;;11387;22;11389;22;;;11381.5;0.0
yf_ZW=F_d10;9600;ASH_COATED_OSMIUM;9907;16;9905;20;;;9918;22;9921;15;;;9912.5;0.0
yf_ZW=F_d10;9600;INTARIAN_PEPPER_ROOT;11375;18;11371;21;;;11388;18;11392;23;;;11381.5;0.0
yf_ZW=F_d10;9700;ASH_COATED_OSMIUM;9909;15;9907;17;;;9915;11;9918;21;;;9912.0;0.0
yf_ZW=F_d10;9700;INTARIAN_PEPPER_ROOT;11381;22;11377;9;;;11387;8;11389;20;;;11384.0;0.0
yf_ZW=F_d10;9800;ASH_COATED_OSMIUM;9908;17;9906;16;;;9914;16;9916;18;;;9911.0;0.0
yf_ZW=F_d10;9800;INTARIAN_PEPPER_ROOT;11381;11;11378;20;;;11388;19;11392;22;;;11384.5;0.0
yf_ZW=F_d10;9900;ASH_COATED_OSMIUM;9909;8;9907;18;;;9915;17;9917;13;;;9912.0;0.0
yf_ZW=F_d10;9900;INTARIAN_PEPPER_ROOT;11380;12;11378;21;;;11391;15;11395;24;;;11385.5;0.0
yf_ZW=F_d10;10000;ASH_COATED_OSMIUM;9901;17;9899;15;;;9921;8;9923;14;;;9911.0;0.0
yf_ZW=F_d10;10000;INTARIAN_PEPPER_ROOT;11382;22;11378;22;;;11390;11;11393;26;;;11386.0;0.0
yf_ZW=F_d10;10100;ASH_COATED_OSMIUM;9908;18;9906;17;;;9914;15;9918;21;;;9911.0;0.0
yf_ZW=F_d10;10100;INTARIAN_PEPPER_ROOT;11384;11;11380;18;;;11391;22;11395;21;;;11387.5;0.0
yf_ZW=F_d10;10200;ASH_COATED_OSMIUM;9903;15;9900;21;;;9918;15;9920;8;;;9910.5;0.0
yf_ZW=F_d10;10200;INTARIAN_PEPPER_ROOT;11382;14;11379;21;;;11395;17;11397;28;;;11388.5;0.0
yf_ZW=F_d10;10300;ASH_COATED_OSMIUM;9905;20;9901;22;;;9917;17;9919;26;;;9911.0;0.0
yf_ZW=F_d10;10300;INTARIAN_PEPPER_ROOT;11387;25;11385;21;;;11393;14;11396;25;;;11390.0;0.0
yf_ZW=F_d10;10400;ASH_COATED_OSMIUM;9907;26;9903;14;;;9913;14;9915;20;;;9910.0;0.0
yf_ZW=F_d10;10400;INTARIAN_PEPPER_ROOT;11388;17;11386;16;;;11394;14;11398;18;;;11391.0;0.0
yf_ZW=F_d10;10500;ASH_COATED_OSMIUM;9907;5;9904;27;;;9915;24;9919;19;;;9911.0;0.0
yf_ZW=F_d10;10500;INTARIAN_PEPPER_ROOT;11382;18;11380;20;;;11403;23;11407;22;;;11392.5;0.0
yf_ZW=F_d10;10600;ASH_COATED_OSMIUM;9898;12;9896;18;;;9923;20;9925;22;;;9910.5;0.0
yf_ZW=F_d10;10600;INTARIAN_PEPPER_ROOT;11383;16;11381;21;;;11403;5;11407;14;;;11393.0;0.0
yf_ZW=F_d10;10700;ASH_COATED_OSMIUM;9907;15;9903;18;;;9913;21;9915;23;;;9910.0;0.0
yf_ZW=F_d10;10700;INTARIAN_PEPPER_ROOT;11391;15;11389;19;;;11399;24;11401;21;;;11395.0;0.0
yf_ZW=F_d10;10800;ASH_COATED_OSMIUM;9907;14;9905;24;;;9913;13;9915;27;;;9910.0;0.0
yf_ZW=F_d10;10800;INTARIAN_PEPPER_ROOT;11392;14;11388;23;;;11398;15;11402;24;;;11395.0;0.0
yf_ZW=F_d10;10900;ASH_COATED_OSMIUM;9902;11;9899;35;;;9918;24;9920;18;;;9910.0;0.0
yf_ZW=F_d10;10900;INTARIAN_PEPPER_ROOT;11392;15;11389;21;;;11402;15;11405;11;;;11397.0;0.0
yf_ZW=F_d10;11000;ASH_COATED_OSMIUM;9905;17;9901;29;;;9913;16;9915;13;;;9909.0;0.0
yf_ZW=F_d10;11000;INTARIAN_PEPPER_ROOT;11394;6;11392;24;;;11400;14;11402;20;;;11397.0;0.0
yf_ZW=F_d10;11100;ASH_COATED_OSMIUM;9907;16;9903;22;;;9913;17;9916;23;;;9910.0;0.0
yf_ZW=F_d10;11100;INTARIAN_PEPPER_ROOT;11395;15;11391;17;;;11401;11;11405;21;;;11398.0;0.0
yf_ZW=F_d10;11200;ASH_COATED_OSMIUM;9904;20;9901;28;;;9913;24;9916;14;;;9908.5;0.0
yf_ZW=F_d10;11200;INTARIAN_PEPPER_ROOT;11397;16;11394;29;;;11403;17;11407;19;;;11400.0;0.0
yf_ZW=F_d10;11300;ASH_COATED_OSMIUM;9906;6;9902;13;;;9912;12;9916;19;;;9909.0;0.0
yf_ZW=F_d10;11300;INTARIAN_PEPPER_ROOT;11395;16;11391;20;;;11407;23;11409;18;;;11401.0;0.0
yf_ZW=F_d10;11400;ASH_COATED_OSMIUM;9906;10;9902;20;;;9912;14;9914;23;;;9909.0;0.0
yf_ZW=F_d10;11400;INTARIAN_PEPPER_ROOT;11399;15;11397;26;;;11405;21;11407;14;;;11402.0;0.0
yf_ZW=F_d10;11500;ASH_COATED_OSMIUM;9906;9;9903;21;;;9912;10;9916;24;;;9909.0;0.0
yf_ZW=F_d10;11500;INTARIAN_PEPPER_ROOT;11400;8;11396;18;;;11406;5;11408;10;;;11403.0;0.0
yf_ZW=F_d10;11600;ASH_COATED_OSMIUM;9905;13;9903;21;;;9911;11;9914;18;;;9908.0;0.0
yf_ZW=F_d10;11600;INTARIAN_PEPPER_ROOT;11401;16;11398;21;;;11407;16;11411;20;;;11404.0;0.0
yf_ZW=F_d10;11700;ASH_COATED_OSMIUM;9902;17;9900;11;;;9916;14;9919;17;;;9909.0;0.0
yf_ZW=F_d10;11700;INTARIAN_PEPPER_ROOT;11403;19;11400;15;;;11409;21;11413;23;;;11406.0;0.0
yf_ZW=F_d10;11800;ASH_COATED_OSMIUM;9904;16;9902;11;;;9913;14;9915;21;;;9908.5;0.0
yf_ZW=F_d10;11800;INTARIAN_PEPPER_ROOT;11403;18;11401;16;;;11409;16;11412;13;;;11406.0;0.0
yf_ZW=F_d10;11900;ASH_COATED_OSMIUM;9906;21;9903;14;;;9912;13;9914;28;;;9909.0;0.0
yf_ZW=F_d10;11900;INTARIAN_PEPPER_ROOT;11404;17;11400;19;;;11410;20;11413;25;;;11407.0;0.0
yf_ZW=F_d10;12000;ASH_COATED_OSMIUM;9905;13;9901;33;;;9911;14;9915;24;;;9908.0;0.0
yf_ZW=F_d10;12000;INTARIAN_PEPPER_ROOT;11401;8;11399;13;;;11415;18;11417;15;;;11408.0;0.0
yf_ZW=F_d10;12100;ASH_COATED_OSMIUM;9898;13;9896;15;;;9917;12;9921;19;;;9907.5;0.0
yf_ZW=F_d10;12100;INTARIAN_PEPPER_ROOT;11407;15;11405;12;;;11413;15;11415;20;;;11410.0;0.0
yf_ZW=F_d10;12200;ASH_COATED_OSMIUM;9900;5;9897;17;;;9913;20;9916;18;;;9906.5;0.0
yf_ZW=F_d10;12200;INTARIAN_PEPPER_ROOT;11402;16;11399;23;;;11418;13;11420;19;;;11410.0;0.0
yf_ZW=F_d10;12300;ASH_COATED_OSMIUM;9904;12;9900;21;;;9910;8;9912;10;;;9907.0;0.0
yf_ZW=F_d10;12300;INTARIAN_PEPPER_ROOT;11409;25;11406;19;;;11415;13;11418;22;;;11412.0;0.0
yf_ZW=F_d10;12400;ASH_COATED_OSMIUM;9890;24;9888;20;;;9924;16;9926;12;;;9907.0;0.0
yf_ZW=F_d10;12400;INTARIAN_PEPPER_ROOT;11410;24;11407;16;;;11416;18;11419;20;;;11413.0;0.0
yf_ZW=F_d10;12500;ASH_COATED_OSMIUM;9904;17;9901;21;;;9910;23;9913;16;;;9907.0;0.0
yf_ZW=F_d10;12500;INTARIAN_PEPPER_ROOT;11408;16;11406;25;;;11419;25;11423;11;;;11413.5;0.0
yf_ZW=F_d10;12600;ASH_COATED_OSMIUM;9903;17;9900;19;;;9909;15;9911;22;;;9906.0;0.0
yf_ZW=F_d10;12600;INTARIAN_PEPPER_ROOT;11412;15;11408;12;;;11418;21;11421;21;;;11415.0;0.0
yf_ZW=F_d10;12700;ASH_COATED_OSMIUM;9904;23;9900;16;;;9910;7;9912;11;;;9907.0;0.0
yf_ZW=F_d10;12700;INTARIAN_PEPPER_ROOT;11413;22;11410;20;;;11419;15;11421;27;;;11416.0;0.0
yf_ZW=F_d10;12800;ASH_COATED_OSMIUM;9904;11;9902;12;;;9910;13;9914;17;;;9907.0;0.0
yf_ZW=F_d10;12800;INTARIAN_PEPPER_ROOT;11407;25;11405;25;;;11427;10;11429;24;;;11417.0;0.0
yf_ZW=F_d10;12900;ASH_COATED_OSMIUM;9904;16;9900;17;;;9910;16;9914;19;;;9907.0;0.0
yf_ZW=F_d10;12900;INTARIAN_PEPPER_ROOT;11413;6;11409;20;;;11424;9;11426;8;;;11418.5;0.0
yf_ZW=F_d10;13000;ASH_COATED_OSMIUM;9903;12;9900;24;;;9909;8;9911;19;;;9906.0;0.0
yf_ZW=F_d10;13000;INTARIAN_PEPPER_ROOT;11416;15;11413;19;;;11424;16;11428;27;;;11420.0;0.0
yf_ZW=F_d10;13100;ASH_COATED_OSMIUM;9903;13;9899;20;;;9909;13;9911;14;;;9906.0;0.0
yf_ZW=F_d10;13100;INTARIAN_PEPPER_ROOT;11418;5;11415;20;;;11424;5;11428;22;;;11421.0;0.0
yf_ZW=F_d10;13200;ASH_COATED_OSMIUM;9902;18;9899;32;;;9908;11;9912;20;;;9905.0;0.0
yf_ZW=F_d10;13200;INTARIAN_PEPPER_ROOT;11418;21;11415;24;;;11424;22;11427;26;;;11421.0;0.0
yf_ZW=F_d10;13300;ASH_COATED_OSMIUM;9900;24;9896;25;;;9913;13;9917;26;;;9906.5;0.0
yf_ZW=F_d10;13300;INTARIAN_PEPPER_ROOT;11420;5;11418;19;;;11426;8;11429;19;;;11423.0;0.0
yf_ZW=F_d10;13400;ASH_COATED_OSMIUM;9902;9;9898;30;;;9908;13;9910;19;;;9905.0;0.0
yf_ZW=F_d10;13400;INTARIAN_PEPPER_ROOT;11421;17;11418;22;;;11427;17;11431;23;;;11424.0;0.0
yf_ZW=F_d10;13500;ASH_COATED_OSMIUM;9901;17;9898;12;;;9910;18;9913;13;;;9905.5;0.0
yf_ZW=F_d10;13500;INTARIAN_PEPPER_ROOT;11418;15;11414;11;;;11432;19;11436;28;;;11425.0;0.0
yf_ZW=F_d10;13600;ASH_COATED_OSMIUM;9902;6;9898;11;;;9909;10;9911;16;;;9905.5;0.0
yf_ZW=F_d10;13600;INTARIAN_PEPPER_ROOT;11419;14;11415;22;;;11433;13;11435;34;;;11426.0;0.0
yf_ZW=F_d10;13700;ASH_COATED_OSMIUM;9902;12;9899;18;;;9908;11;9910;23;;;9905.0;0.0
yf_ZW=F_d10;13700;INTARIAN_PEPPER_ROOT;11420;8;11416;23;;;11435;9;11438;13;;;11427.5;0.0
yf_ZW=F_d10;13800;ASH_COATED_OSMIUM;9902;23;9898;20;;;9908;9;9910;20;;;9905.0;0.0
yf_ZW=F_d10;13800;INTARIAN_PEPPER_ROOT;11425;18;11421;18;;;11431;12;11434;23;;;11428.0;0.0
yf_ZW=F_d10;13900;ASH_COATED_OSMIUM;9902;10;9899;14;;;9908;10;9910;24;;;9905.0;0.0
yf_ZW=F_d10;13900;INTARIAN_PEPPER_ROOT;11426;16;11423;17;;;11432;5;11434;15;;;11429.0;0.0
yf_ZW=F_d10;14000;ASH_COATED_OSMIUM;9901;16;9897;15;;;9907;14;9910;19;;;9904.0;0.0
yf_ZW=F_d10;14000;INTARIAN_PEPPER_ROOT;11425;15;11422;19;;;11437;19;11439;25;;;11431.0;0.0
yf_ZW=F_d10;14100;ASH_COATED_OSMIUM;9901;14;9898;12;;;9907;5;9911;24;;;9904.0;0.0
yf_ZW=F_d10;14100;INTARIAN_PEPPER_ROOT;11428;18;11424;20;;;11434;17;11437;19;;;11431.0;0.0
yf_ZW=F_d10;14200;ASH_COATED_OSMIUM;9901;24;9899;16;;;9907;13;9911;17;;;9904.0;0.0
yf_ZW=F_d10;14200;INTARIAN_PEPPER_ROOT;11427;10;11424;17;;;11438;16;11442;26;;;11432.5;0.0
yf_ZW=F_d10;14300;ASH_COATED_OSMIUM;9901;21;9899;23;;;9907;21;9911;30;;;9904.0;0.0
yf_ZW=F_d10;14300;INTARIAN_PEPPER_ROOT;11431;11;11429;28;;;11437;17;11441;14;;;11434.0;0.0
yf_ZW=F_d10;14400;ASH_COATED_OSMIUM;9897;10;9893;21;;;9910;11;9914;18;;;9903.5;0.0
yf_ZW=F_d10;14400;INTARIAN_PEPPER_ROOT;11428;7;11426;21;;;11441;13;11444;19;;;11434.5;0.0
yf_ZW=F_d10;14500;ASH_COATED_OSMIUM;9901;14;9898;20;;;9907;10;9909;16;;;9904.0;0.0
yf_ZW=F_d10;14500;INTARIAN_PEPPER_ROOT;11433;16;11431;22;;;11439;13;11443;22;;;11436.0;0.0
yf_ZW=F_d10;14600;ASH_COATED_OSMIUM;9895;5;9892;23;;;9912;6;9915;15;;;9903.5;0.0
yf_ZW=F_d10;14600;INTARIAN_PEPPER_ROOT;11423;18;11420;22;;;11449;18;11453;18;;;11436.0;0.0
yf_ZW=F_d10;14700;ASH_COATED_OSMIUM;9900;18;9896;17;;;9907;22;9910;22;;;9903.5;0.0
yf_ZW=F_d10;14700;INTARIAN_PEPPER_ROOT;11434;9;11430;18;;;11443;14;11447;15;;;11438.5;0.0
yf_ZW=F_d10;14800;ASH_COATED_OSMIUM;9899;21;9896;16;;;9906;14;9910;21;;;9902.5;0.0
yf_ZW=F_d10;14800;INTARIAN_PEPPER_ROOT;11435;7;11432;23;;;11441;11;11444;29;;;11438.0;0.0
yf_ZW=F_d10;14900;ASH_COATED_OSMIUM;9900;21;9898;15;;;9906;21;9910;19;;;9903.0;0.0
yf_ZW=F_d10;14900;INTARIAN_PEPPER_ROOT;11435;13;11431;15;;;11447;14;11450;15;;;11441.0;0.0
yf_ZW=F_d10;15000;ASH_COATED_OSMIUM;9900;14;9898;23;;;9906;10;9908;12;;;9903.0;0.0
yf_ZW=F_d10;15000;INTARIAN_PEPPER_ROOT;11438;16;11434;17;;;11444;19;11446;21;;;11441.0;0.0
yf_ZW=F_d10;15100;ASH_COATED_OSMIUM;9900;5;9898;24;;;9906;11;9909;18;;;9903.0;0.0
yf_ZW=F_d10;15100;INTARIAN_PEPPER_ROOT;11424;12;11422;20;;;11461;24;11465;16;;;11442.5;0.0
yf_ZW=F_d10;15200;ASH_COATED_OSMIUM;9896;8;9893;24;;;9909;23;9911;12;;;9902.5;0.0
yf_ZW=F_d10;15200;INTARIAN_PEPPER_ROOT;11440;23;11437;21;;;11446;13;11450;24;;;11443.0;0.0
yf_ZW=F_d10;15300;ASH_COATED_OSMIUM;9899;22;9896;28;;;9905;11;9909;20;;;9902.0;0.0
yf_ZW=F_d10;15300;INTARIAN_PEPPER_ROOT;11441;14;11437;22;;;11447;10;11451;18;;;11444.0;0.0
yf_ZW=F_d10;15400;ASH_COATED_OSMIUM;9891;11;9887;24;;;9913;16;9915;14;;;9902.0;0.0
yf_ZW=F_d10;15400;INTARIAN_PEPPER_ROOT;11442;20;11438;23;;;11448;8;11452;32;;;11445.0;0.0
yf_ZW=F_d10;15500;ASH_COATED_OSMIUM;9899;10;9895;14;;;9905;21;9907;23;;;9902.0;0.0
yf_ZW=F_d10;15500;INTARIAN_PEPPER_ROOT;11436;17;11434;16;;;11457;8;11459;23;;;11446.5;0.0
yf_ZW=F_d10;15600;ASH_COATED_OSMIUM;9899;13;9897;15;;;9905;18;9909;27;;;9902.0;0.0
yf_ZW=F_d10;15600;INTARIAN_PEPPER_ROOT;11444;23;11440;23;;;11451;22;11454;14;;;11447.5;0.0
yf_ZW=F_d10;15700;ASH_COATED_OSMIUM;9898;14;9894;28;;;9904;14;9908;28;;;9901.0;0.0
yf_ZW=F_d10;15700;INTARIAN_PEPPER_ROOT;11446;7;11442;15;;;11452;12;11456;23;;;11449.0;0.0
yf_ZW=F_d10;15800;ASH_COATED_OSMIUM;9894;17;9892;17;;;9909;17;9912;28;;;9901.5;0.0
yf_ZW=F_d10;15800;INTARIAN_PEPPER_ROOT;11447;8;11444;17;;;11453;9;11456;24;;;11450.0;0.0
yf_ZW=F_d10;15900;ASH_COATED_OSMIUM;9898;18;9894;14;;;9904;13;9907;21;;;9901.0;0.0
yf_ZW=F_d10;15900;INTARIAN_PEPPER_ROOT;11448;27;11444;20;;;11454;13;11457;20;;;11451.0;0.0
yf_ZW=F_d10;16000;ASH_COATED_OSMIUM;9892;12;9890;18;;;9911;19;9914;8;;;9901.5;0.0
yf_ZW=F_d10;16000;INTARIAN_PEPPER_ROOT;11449;14;11445;24;;;11455;19;11458;14;;;11452.0;0.0
yf_ZW=F_d10;16100;ASH_COATED_OSMIUM;9898;10;9896;23;;;9904;8;9907;25;;;9901.0;0.0
yf_ZW=F_d10;16100;INTARIAN_PEPPER_ROOT;11450;15;11447;23;;;11456;13;11459;15;;;11453.0;0.0
yf_ZW=F_d10;16200;ASH_COATED_OSMIUM;9895;13;9892;15;;;9907;8;9909;18;;;9901.0;0.0
yf_ZW=F_d10;16200;INTARIAN_PEPPER_ROOT;11451;12;11448;24;;;11457;8;11460;30;;;11454.0;0.0
yf_ZW=F_d10;16300;ASH_COATED_OSMIUM;9897;17;9895;21;;;9904;14;9908;19;;;9900.5;0.0
yf_ZW=F_d10;16300;INTARIAN_PEPPER_ROOT;11453;22;11450;25;;;11459;16;11462;16;;;11456.0;0.0
yf_ZW=F_d10;16400;ASH_COATED_OSMIUM;9897;6;9894;8;;;9903;8;9905;23;;;9900.0;0.0
yf_ZW=F_d10;16400;INTARIAN_PEPPER_ROOT;11454;9;11450;16;;;11460;18;11464;22;;;11457.0;0.0
yf_ZW=F_d10;16500;ASH_COATED_OSMIUM;9897;17;9894;32;;;9903;20;9906;23;;;9900.0;0.0
yf_ZW=F_d10;16500;INTARIAN_PEPPER_ROOT;11454;11;11450;8;;;11460;9;11462;22;;;11457.0;0.0
yf_ZW=F_d10;16600;ASH_COATED_OSMIUM;9894;17;9891;16;;;9905;21;9907;24;;;9899.5;0.0
yf_ZW=F_d10;16600;INTARIAN_PEPPER_ROOT;11456;15;11454;9;;;11462;20;11466;24;;;11459.0;0.0
yf_ZW=F_d10;16700;ASH_COATED_OSMIUM;9898;16;9894;24;;;9904;8;9908;16;;;9901.0;0.0
yf_ZW=F_d10;16700;INTARIAN_PEPPER_ROOT;11456;10;11452;21;;;11462;16;11466;26;;;11459.0;0.0
yf_ZW=F_d10;16800;ASH_COATED_OSMIUM;9897;19;9894;24;;;9903;18;9905;20;;;9900.0;0.0
yf_ZW=F_d10;16800;INTARIAN_PEPPER_ROOT;11457;14;11453;19;;;11466;18;11469;23;;;11461.5;0.0
yf_ZW=F_d10;16900;ASH_COATED_OSMIUM;9889;11;9887;19;;;9911;24;9915;20;;;9900.0;0.0
yf_ZW=F_d10;16900;INTARIAN_PEPPER_ROOT;11459;21;11455;12;;;11465;9;11469;28;;;11462.0;0.0
yf_ZW=F_d10;17000;ASH_COATED_OSMIUM;9886;19;9882;19;;;9912;13;9914;31;;;9899.0;0.0
yf_ZW=F_d10;17000;INTARIAN_PEPPER_ROOT;11459;11;11456;25;;;11465;12;11467;25;;;11462.0;0.0
yf_ZW=F_d10;17100;ASH_COATED_OSMIUM;9882;11;9880;17;;;9917;14;9921;22;;;9899.5;0.0
yf_ZW=F_d10;17100;INTARIAN_PEPPER_ROOT;11461;9;11458;25;;;11467;16;11471;21;;;11464.0;0.0
yf_ZW=F_d10;17200;ASH_COATED_OSMIUM;9897;11;9895;10;;;9903;12;9905;23;;;9900.0;0.0
yf_ZW=F_d10;17200;INTARIAN_PEPPER_ROOT;11462;17;11458;24;;;11469;12;11472;22;;;11465.5;0.0
yf_ZW=F_d10;17300;ASH_COATED_OSMIUM;9894;25;9890;12;;;9906;12;9909;16;;;9900.0;0.0
yf_ZW=F_d10;17300;INTARIAN_PEPPER_ROOT;11463;9;11459;27;;;11469;15;11471;26;;;11466.0;0.0
yf_ZW=F_d10;17400;ASH_COATED_OSMIUM;9897;14;9893;27;;;9903;20;9906;23;;;9900.0;0.0
yf_ZW=F_d10;17400;INTARIAN_PEPPER_ROOT;11458;19;11455;20;;;11476;18;11478;15;;;11467.0;0.0
yf_ZW=F_d10;17500;ASH_COATED_OSMIUM;9896;18;9894;21;;;9902;14;9904;23;;;9899.0;0.0
yf_ZW=F_d10;17500;INTARIAN_PEPPER_ROOT;11464;20;11460;24;;;11473;17;11476;20;;;11468.5;0.0
yf_ZW=F_d10;17600;ASH_COATED_OSMIUM;9892;15;9890;21;;;9907;22;9910;24;;;9899.5;0.0
yf_ZW=F_d10;17600;INTARIAN_PEPPER_ROOT;11461;12;11459;15;;;11479;16;11482;23;;;11470.0;0.0
yf_ZW=F_d10;17700;ASH_COATED_OSMIUM;9897;14;9894;13;;;9903;13;9906;17;;;9900.0;0.0
yf_ZW=F_d10;17700;INTARIAN_PEPPER_ROOT;11468;18;11466;28;;;11474;10;11476;20;;;11471.0;0.0
yf_ZW=F_d10;17800;ASH_COATED_OSMIUM;9896;17;9893;25;;;9904;14;9906;27;;;9900.0;0.0
yf_ZW=F_d10;17800;INTARIAN_PEPPER_ROOT;11465;15;11463;15;;;11478;14;11480;16;;;11471.5;0.0
yf_ZW=F_d10;17900;ASH_COATED_OSMIUM;9897;8;9893;23;;;9903;14;9906;26;;;9900.0;0.0
yf_ZW=F_d10;17900;INTARIAN_PEPPER_ROOT;11470;15;11468;12;;;11476;7;11479;12;;;11473.0;0.0
yf_ZW=F_d10;18000;ASH_COATED_OSMIUM;9897;11;9894;22;;;9903;12;9906;16;;;9900.0;0.0
yf_ZW=F_d10;18000;INTARIAN_PEPPER_ROOT;11467;12;11463;29;;;11483;18;11485;18;;;11475.0;0.0
yf_ZW=F_d10;18100;ASH_COATED_OSMIUM;9897;13;9895;12;;;9904;21;9906;19;;;9900.5;0.0
yf_ZW=F_d10;18100;INTARIAN_PEPPER_ROOT;11468;23;11466;34;;;11484;16;11486;23;;;11476.0;0.0
yf_ZW=F_d10;18200;ASH_COATED_OSMIUM;9897;20;9893;26;;;9903;13;9906;23;;;9900.0;0.0
yf_ZW=F_d10;18200;INTARIAN_PEPPER_ROOT;11473;13;11470;20;;;11479;19;11481;26;;;11476.0;0.0
yf_ZW=F_d10;18300;ASH_COATED_OSMIUM;9898;26;9894;18;;;9904;7;9906;28;;;9901.0;0.0
yf_ZW=F_d10;18300;INTARIAN_PEPPER_ROOT;11475;15;11472;26;;;11481;16;11484;23;;;11478.0;0.0
yf_ZW=F_d10;18400;ASH_COATED_OSMIUM;9897;15;9893;21;;;9903;18;9906;18;;;9900.0;0.0
yf_ZW=F_d10;18400;INTARIAN_PEPPER_ROOT;11464;9;11460;19;;;11495;14;11498;25;;;11479.5;0.0
yf_ZW=F_d10;18500;ASH_COATED_OSMIUM;9897;16;9893;24;;;9904;13;9908;21;;;9900.5;0.0
yf_ZW=F_d10;18500;INTARIAN_PEPPER_ROOT;11477;13;11474;25;;;11483;16;11487;13;;;11480.0;0.0
yf_ZW=F_d10;18600;ASH_COATED_OSMIUM;9895;20;9891;12;;;9906;5;9908;15;;;9900.5;0.0
yf_ZW=F_d10;18600;INTARIAN_PEPPER_ROOT;11479;13;11476;19;;;11485;19;11487;15;;;11482.0;0.0
yf_ZW=F_d10;18700;ASH_COATED_OSMIUM;9896;24;9893;24;;;9905;16;9909;21;;;9900.5;0.0
yf_ZW=F_d10;18700;INTARIAN_PEPPER_ROOT;11476;20;11473;17;;;11489;5;11491;20;;;11482.5;0.0
yf_ZW=F_d10;18800;ASH_COATED_OSMIUM;9898;22;9894;8;;;9904;10;9906;26;;;9901.0;0.0
yf_ZW=F_d10;18800;INTARIAN_PEPPER_ROOT;11481;20;11477;16;;;11487;13;11489;16;;;11484.0;0.0
yf_ZW=F_d10;18900;ASH_COATED_OSMIUM;9897;16;9893;21;;;9903;19;9905;26;;;9900.0;0.0
yf_ZW=F_d10;18900;INTARIAN_PEPPER_ROOT;11482;9;11479;23;;;11488;20;11490;23;;;11485.0;0.0
yf_ZW=F_d10;19000;ASH_COATED_OSMIUM;9897;21;9894;20;;;9904;12;9906;22;;;9900.5;0.0
yf_ZW=F_d10;19000;INTARIAN_PEPPER_ROOT;11483;13;11481;21;;;11489;19;11493;24;;;11486.0;0.0
yf_ZW=F_d10;19100;ASH_COATED_OSMIUM;9897;16;9895;18;;;9903;19;9906;20;;;9900.0;0.0
yf_ZW=F_d10;19100;INTARIAN_PEPPER_ROOT;11484;18;11481;18;;;11490;15;11494;23;;;11487.0;0.0
yf_ZW=F_d10;19200;ASH_COATED_OSMIUM;9896;14;9892;16;;;9906;15;9910;14;;;9901.0;0.0
yf_ZW=F_d10;19200;INTARIAN_PEPPER_ROOT;11482;14;11479;29;;;11495;9;11497;25;;;11488.5;0.0
yf_ZW=F_d10;19300;ASH_COATED_OSMIUM;9894;7;9890;29;;;9909;15;9911;29;;;9901.5;0.0
yf_ZW=F_d10;19300;INTARIAN_PEPPER_ROOT;11486;16;11482;20;;;11494;11;11496;21;;;11490.0;0.0
yf_ZW=F_d10;19400;ASH_COATED_OSMIUM;9896;16;9894;20;;;9907;5;9909;32;;;9901.5;0.0
yf_ZW=F_d10;19400;INTARIAN_PEPPER_ROOT;11488;15;11484;24;;;11494;16;11496;13;;;11491.0;0.0
yf_ZW=F_d10;19500;ASH_COATED_OSMIUM;9896;5;9892;12;;;9906;16;9910;20;;;9901.0;0.0
yf_ZW=F_d10;19500;INTARIAN_PEPPER_ROOT;11488;11;11484;16;;;11495;17;11499;20;;;11491.5;0.0
yf_ZW=F_d10;19600;ASH_COATED_OSMIUM;9898;11;9894;16;;;9904;8;9908;25;;;9901.0;0.0
yf_ZW=F_d10;19600;INTARIAN_PEPPER_ROOT;11490;14;11488;25;;;11496;13;11500;13;;;11493.0;0.0
yf_ZW=F_d10;19700;ASH_COATED_OSMIUM;9898;17;9895;20;;;9904;22;9906;8;;;9901.0;0.0
yf_ZW=F_d10;19700;INTARIAN_PEPPER_ROOT;11492;14;11489;15;;;11498;18;11500;18;;;11495.0;0.0
yf_ZW=F_d10;19800;ASH_COATED_OSMIUM;9899;15;9895;20;;;9905;12;9908;32;;;9902.0;0.0
yf_ZW=F_d10;19800;INTARIAN_PEPPER_ROOT;11487;9;11485;20;;;11504;19;11506;23;;;11495.5;0.0
yf_ZW=F_d10;19900;ASH_COATED_OSMIUM;9893;16;9891;25;;;9909;10;9911;13;;;9901.0;0.0
yf_ZW=F_d10;19900;INTARIAN_PEPPER_ROOT;11493;17;11489;8;;;11501;11;11504;21;;;11497.0;0.0
yf_ZW=F_d10;20000;ASH_COATED_OSMIUM;9884;14;9882;22;;;9919;8;9921;15;;;9901.5;0.0
yf_ZW=F_d10;20000;INTARIAN_PEPPER_ROOT;11494;9;11491;27;;;11500;18;11504;22;;;11497.0;0.0
yf_ZW=F_d10;20100;ASH_COATED_OSMIUM;9894;17;9891;21;;;9909;9;9911;21;;;9901.5;0.0
yf_ZW=F_d10;20100;INTARIAN_PEPPER_ROOT;11496;19;11493;14;;;11502;15;11505;17;;;11499.0;0.0
yf_ZW=F_d10;20200;ASH_COATED_OSMIUM;9898;17;9895;22;;;9904;11;9906;20;;;9901.0;0.0
yf_ZW=F_d10;20200;INTARIAN_PEPPER_ROOT;11497;9;11493;29;;;11503;12;11505;19;;;11500.0;0.0
yf_ZW=F_d10;20300;ASH_COATED_OSMIUM;9899;5;9897;22;;;9905;9;9909;22;;;9902.0;0.0
yf_ZW=F_d10;20300;INTARIAN_PEPPER_ROOT;11492;11;11490;15;;;11510;19;11512;24;;;11501.0;0.0
yf_ZW=F_d10;20400;ASH_COATED_OSMIUM;9896;6;9894;21;;;9907;17;9911;16;;;9901.5;0.0
yf_ZW=F_d10;20400;INTARIAN_PEPPER_ROOT;11495;18;11491;24;;;11510;9;11514;12;;;11502.5;0.0
yf_ZW=F_d10;20500;ASH_COATED_OSMIUM;9895;15;9893;25;;;9908;7;9910;19;;;9901.5;0.0
yf_ZW=F_d10;20500;INTARIAN_PEPPER_ROOT;11500;12;11498;22;;;11506;18;11509;12;;;11503.0;0.0
yf_ZW=F_d10;20600;ASH_COATED_OSMIUM;9899;11;9895;25;;;9905;16;9908;13;;;9902.0;0.0
yf_ZW=F_d10;20600;INTARIAN_PEPPER_ROOT;11502;5;11498;17;;;11508;24;11510;20;;;11505.0;0.0
yf_ZW=F_d10;20700;ASH_COATED_OSMIUM;9899;17;9895;17;;;9905;15;9908;16;;;9902.0;0.0
yf_ZW=F_d10;20700;INTARIAN_PEPPER_ROOT;11503;5;11500;22;;;11509;22;11513;21;;;11506.0;0.0
yf_ZW=F_d10;20800;ASH_COATED_OSMIUM;9899;21;9897;24;;;9905;12;9907;15;;;9902.0;0.0
yf_ZW=F_d10;20800;INTARIAN_PEPPER_ROOT;11504;24;11500;16;;;11510;9;11514;19;;;11507.0;0.0
yf_ZW=F_d10;20900;ASH_COATED_OSMIUM;9888;14;9884;13;;;9917;19;9921;19;;;9902.5;0.0
yf_ZW=F_d10;20900;INTARIAN_PEPPER_ROOT;11501;15;11499;18;;;11516;11;11518;22;;;11508.5;0.0
yf_ZW=F_d10;21000;ASH_COATED_OSMIUM;9898;14;9894;19;;;9906;23;9910;26;;;9902.0;0.0
yf_ZW=F_d10;21000;INTARIAN_PEPPER_ROOT;11506;19;11504;23;;;11512;18;11515;21;;;11509.0;0.0
yf_ZW=F_d10;21100;ASH_COATED_OSMIUM;9899;8;9896;20;;;9905;14;9909;18;;;9902.0;0.0
yf_ZW=F_d10;21100;INTARIAN_PEPPER_ROOT;11507;12;11503;15;;;11513;10;11515;15;;;11510.0;0.0
yf_ZW=F_d10;21200;ASH_COATED_OSMIUM;9893;16;9889;22;;;9911;11;9915;21;;;9902.0;0.0
yf_ZW=F_d10;21200;INTARIAN_PEPPER_ROOT;11501;12;11497;17;;;11522;15;11525;22;;;11511.5;0.0
yf_ZW=F_d10;21300;ASH_COATED_OSMIUM;9899;18;9897;23;;;9905;17;9909;21;;;9902.0;0.0
yf_ZW=F_d10;21300;INTARIAN_PEPPER_ROOT;11510;16;11506;20;;;11516;23;11518;14;;;11513.0;0.0
yf_ZW=F_d10;21400;ASH_COATED_OSMIUM;9899;11;9895;16;;;9905;10;9908;14;;;9902.0;0.0
yf_ZW=F_d10;21400;INTARIAN_PEPPER_ROOT;11511;12;11507;15;;;11517;20;11519;25;;;11514.0;0.0
yf_ZW=F_d10;21500;ASH_COATED_OSMIUM;9896;16;9892;19;;;9909;5;9911;22;;;9902.5;0.0
yf_ZW=F_d10;21500;INTARIAN_PEPPER_ROOT;11513;5;11510;26;;;11519;15;11522;25;;;11516.0;0.0
yf_ZW=F_d10;21600;ASH_COATED_OSMIUM;9899;15;9897;25;;;9905;7;9909;19;;;9902.0;0.0
yf_ZW=F_d10;21600;INTARIAN_PEPPER_ROOT;11512;9;11509;17;;;11522;7;11524;20;;;11517.0;0.0
yf_ZW=F_d10;21700;ASH_COATED_OSMIUM;9899;14;9895;22;;;9905;5;9909;18;;;9902.0;0.0
yf_ZW=F_d10;21700;INTARIAN_PEPPER_ROOT;11513;16;11509;18;;;11522;13;11524;23;;;11517.5;0.0
yf_ZW=F_d10;21800;ASH_COATED_OSMIUM;9899;22;9895;19;;;9905;12;9907;22;;;9902.0;0.0
yf_ZW=F_d10;21800;INTARIAN_PEPPER_ROOT;11516;5;11514;19;;;11522;14;11525;17;;;11519.0;0.0
yf_ZW=F_d10;21900;ASH_COATED_OSMIUM;9899;19;9897;21;;;9905;16;9907;19;;;9902.0;0.0
yf_ZW=F_d10;21900;INTARIAN_PEPPER_ROOT;11517;20;11515;28;;;11523;23;11526;20;;;11520.0;0.0
yf_ZW=F_d10;22000;ASH_COATED_OSMIUM;9892;15;9889;29;;;9914;5;9916;21;;;9903.0;0.0
yf_ZW=F_d10;22000;INTARIAN_PEPPER_ROOT;11518;18;11515;14;;;11524;17;11528;24;;;11521.0;0.0
yf_ZW=F_d10;22100;ASH_COATED_OSMIUM;9900;18;9896;19;;;9906;21;9910;14;;;9903.0;0.0
yf_ZW=F_d10;22100;INTARIAN_PEPPER_ROOT;11519;14;11516;20;;;11525;17;11528;18;;;11522.0;0.0
yf_ZW=F_d10;22200;ASH_COATED_OSMIUM;9899;23;9897;21;;;9905;16;9909;24;;;9902.0;0.0
yf_ZW=F_d10;22200;INTARIAN_PEPPER_ROOT;11521;17;11519;15;;;11527;23;11530;10;;;11524.0;0.0
yf_ZW=F_d10;22300;ASH_COATED_OSMIUM;9900;15;9898;20;;;9907;12;9909;15;;;9903.5;0.0
yf_ZW=F_d10;22300;INTARIAN_PEPPER_ROOT;11521;7;11517;17;;;11527;9;11529;30;;;11524.0;0.0
yf_ZW=F_d10;22400;ASH_COATED_OSMIUM;9900;16;9897;25;;;9906;17;9908;19;;;9903.0;0.0
yf_ZW=F_d10;22400;INTARIAN_PEPPER_ROOT;11523;23;11519;25;;;11529;13;11532;19;;;11526.0;0.0
yf_ZW=F_d10;22500;ASH_COATED_OSMIUM;9900;5;9898;21;;;9906;25;9910;11;;;9903.0;0.0
yf_ZW=F_d10;22500;INTARIAN_PEPPER_ROOT;11523;11;11520;25;;;11530;20;11533;22;;;11526.5;0.0
yf_ZW=F_d10;22600;ASH_COATED_OSMIUM;9900;17;9896;18;;;9906;16;9909;18;;;9903.0;0.0
yf_ZW=F_d10;22600;INTARIAN_PEPPER_ROOT;11525;14;11521;21;;;11531;13;11534;8;;;11528.0;0.0
yf_ZW=F_d10;22700;ASH_COATED_OSMIUM;9895;21;9892;24;;;9912;11;9916;22;;;9903.5;0.0
yf_ZW=F_d10;22700;INTARIAN_PEPPER_ROOT;11525;18;11522;22;;;11531;18;11534;18;;;11528.0;0.0
yf_ZW=F_d10;22800;ASH_COATED_OSMIUM;9900;16;9897;20;;;9906;14;9910;20;;;9903.0;0.0
yf_ZW=F_d10;22800;INTARIAN_PEPPER_ROOT;11527;18;11523;16;;;11534;19;11537;27;;;11530.5;0.0
yf_ZW=F_d10;22900;ASH_COATED_OSMIUM;9900;6;9896;15;;;9907;19;9910;23;;;9903.5;0.0
yf_ZW=F_d10;22900;INTARIAN_PEPPER_ROOT;11529;14;11525;14;;;11535;11;11539;16;;;11532.0;0.0
yf_ZW=F_d10;23000;ASH_COATED_OSMIUM;9899;17;9895;17;;;9909;10;9912;21;;;9904.0;0.0
yf_ZW=F_d10;23000;INTARIAN_PEPPER_ROOT;11529;13;11527;21;;;11535;17;11537;14;;;11532.0;0.0
yf_ZW=F_d10;23100;ASH_COATED_OSMIUM;9900;10;9897;18;;;9906;12;9910;20;;;9903.0;0.0
yf_ZW=F_d10;23100;INTARIAN_PEPPER_ROOT;11531;18;11528;22;;;11537;22;11541;23;;;11534.0;0.0
yf_ZW=F_d10;23200;ASH_COATED_OSMIUM;9900;17;9896;24;;;9906;10;9909;17;;;9903.0;0.0
yf_ZW=F_d10;23200;INTARIAN_PEPPER_ROOT;11531;9;11527;27;;;11537;8;11539;17;;;11534.0;0.0
yf_ZW=F_d10;23300;ASH_COATED_OSMIUM;9898;22;9896;20;;;9908;8;9912;20;;;9903.0;0.0
yf_ZW=F_d10;23300;INTARIAN_PEPPER_ROOT;11531;15;11529;19;;;11541;18;11543;13;;;11536.0;0.0
yf_ZW=F_d10;23400;ASH_COATED_OSMIUM;9900;16;9897;12;;;9906;12;9909;16;;;9903.0;0.0
yf_ZW=F_d10;23400;INTARIAN_PEPPER_ROOT;11533;7;11531;13;;;11541;12;11544;13;;;11537.0;0.0
yf_ZW=F_d10;23500;ASH_COATED_OSMIUM;9900;20;9898;17;;;9906;12;9909;20;;;9903.0;0.0
yf_ZW=F_d10;23500;INTARIAN_PEPPER_ROOT;11536;11;11533;26;;;11542;6;11544;24;;;11539.0;0.0
yf_ZW=F_d10;23600;ASH_COATED_OSMIUM;9897;6;9894;11;;;9909;14;9913;20;;;9903.0;0.0
yf_ZW=F_d10;23600;INTARIAN_PEPPER_ROOT;11534;13;11532;20;;;11545;21;11547;24;;;11539.5;0.0
yf_ZW=F_d10;23700;ASH_COATED_OSMIUM;9899;20;9895;20;;;9908;12;9910;19;;;9903.5;0.0
yf_ZW=F_d10;23700;INTARIAN_PEPPER_ROOT;11538;9;11536;19;;;11544;18;11548;23;;;11541.0;0.0
yf_ZW=F_d10;23800;ASH_COATED_OSMIUM;9900;12;9896;18;;;9906;12;9910;13;;;9903.0;0.0
yf_ZW=F_d10;23800;INTARIAN_PEPPER_ROOT;11539;18;11537;21;;;11545;21;11548;16;;;11542.0;0.0
yf_ZW=F_d10;23900;ASH_COATED_OSMIUM;9896;14;9892;21;;;9911;11;9915;12;;;9903.5;0.0
yf_ZW=F_d10;23900;INTARIAN_PEPPER_ROOT;11541;6;11537;16;;;11547;10;11549;20;;;11544.0;0.0
yf_ZW=F_d10;24000;ASH_COATED_OSMIUM;9896;12;9892;16;;;9912;15;9914;18;;;9904.0;0.0
yf_ZW=F_d10;24000;INTARIAN_PEPPER_ROOT;11540;14;11537;19;;;11549;17;11552;13;;;11544.5;0.0
yf_ZW=F_d10;24100;ASH_COATED_OSMIUM;9901;17;9897;16;;;9907;13;9910;11;;;9904.0;0.0
yf_ZW=F_d10;24100;INTARIAN_PEPPER_ROOT;11539;16;11537;10;;;11551;19;11554;27;;;11545.0;0.0
yf_ZW=F_d10;24200;ASH_COATED_OSMIUM;9898;24;9896;15;;;9909;13;9911;22;;;9903.5;0.0
yf_ZW=F_d10;24200;INTARIAN_PEPPER_ROOT;11543;18;11541;15;;;11549;15;11553;19;;;11546.0;0.0
yf_ZW=F_d10;24300;ASH_COATED_OSMIUM;9901;5;9898;17;;;9907;12;9911;9;;;9904.0;0.0
yf_ZW=F_d10;24300;INTARIAN_PEPPER_ROOT;11544;14;11541;20;;;11552;10;11556;18;;;11548.0;0.0
yf_ZW=F_d10;24400;ASH_COATED_OSMIUM;9901;18;9899;24;;;9907;17;9910;15;;;9904.0;0.0
yf_ZW=F_d10;24400;INTARIAN_PEPPER_ROOT;11546;9;11544;25;;;11552;18;11554;25;;;11549.0;0.0
yf_ZW=F_d10;24500;ASH_COATED_OSMIUM;9901;13;9898;11;;;9907;14;9910;17;;;9904.0;0.0
yf_ZW=F_d10;24500;INTARIAN_PEPPER_ROOT;11546;18;11542;20;;;11555;15;11559;14;;;11550.5;0.0
yf_ZW=F_d10;24600;ASH_COATED_OSMIUM;9897;13;9893;11;;;9911;15;9914;18;;;9904.0;0.0
yf_ZW=F_d10;24600;INTARIAN_PEPPER_ROOT;11548;20;11544;24;;;11554;12;11557;21;;;11551.0;0.0
yf_ZW=F_d10;24700;ASH_COATED_OSMIUM;9901;14;9897;22;;;9907;24;9909;22;;;9904.0;0.0
yf_ZW=F_d10;24700;INTARIAN_PEPPER_ROOT;11549;5;11547;22;;;11555;9;11558;16;;;11552.0;0.0
yf_ZW=F_d10;24800;ASH_COATED_OSMIUM;9901;17;9899;18;;;9907;15;9911;12;;;9904.0;0.0
yf_ZW=F_d10;24800;INTARIAN_PEPPER_ROOT;11551;12;11547;12;;;11557;17;11559;22;;;11554.0;0.0
yf_ZW=F_d10;24900;ASH_COATED_OSMIUM;9898;22;9895;12;;;9909;10;9912;21;;;9903.5;0.0
yf_ZW=F_d10;24900;INTARIAN_PEPPER_ROOT;11551;11;11548;18;;;11559;25;11563;28;;;11555.0;0.0
yf_ZW=F_d10;25000;ASH_COATED_OSMIUM;9901;12;9897;14;;;9907;7;9909;28;;;9904.0;0.0
yf_ZW=F_d10;25000;INTARIAN_PEPPER_ROOT;11553;17;11551;22;;;11561;17;11565;20;;;11557.0;0.0
yf_ZW=F_d10;25100;ASH_COATED_OSMIUM;9901;11;9899;21;;;9907;15;9911;22;;;9904.0;0.0
yf_ZW=F_d10;25100;INTARIAN_PEPPER_ROOT;11554;7;11551;13;;;11560;9;11562;12;;;11557.0;0.0
yf_ZW=F_d10;25200;ASH_COATED_OSMIUM;9899;16;9896;16;;;9909;20;9913;19;;;9904.0;0.0
yf_ZW=F_d10;25200;INTARIAN_PEPPER_ROOT;11555;8;11553;16;;;11561;14;11565;21;;;11558.0;0.0
yf_ZW=F_d10;25300;ASH_COATED_OSMIUM;9902;12;9900;23;;;9908;13;9912;20;;;9905.0;0.0
yf_ZW=F_d10;25300;INTARIAN_PEPPER_ROOT;11556;10;11552;20;;;11562;15;11564;20;;;11559.0;0.0
yf_ZW=F_d10;25400;ASH_COATED_OSMIUM;9902;21;9899;19;;;9908;12;9910;21;;;9905.0;0.0
yf_ZW=F_d10;25400;INTARIAN_PEPPER_ROOT;11557;11;11555;26;;;11563;18;11566;24;;;11560.0;0.0
yf_ZW=F_d10;25500;ASH_COATED_OSMIUM;9901;5;9898;23;;;9907;5;9911;12;;;9904.0;0.0
yf_ZW=F_d10;25500;INTARIAN_PEPPER_ROOT;11558;13;11555;20;;;11564;17;11566;26;;;11561.0;0.0
yf_ZW=F_d10;25600;ASH_COATED_OSMIUM;9901;13;9897;20;;;9907;14;9910;17;;;9904.0;0.0
yf_ZW=F_d10;25600;INTARIAN_PEPPER_ROOT;11560;16;11556;19;;;11566;16;11569;23;;;11563.0;0.0
yf_ZW=F_d10;25700;ASH_COATED_OSMIUM;9891;22;9887;14;;;9918;5;9922;12;;;9904.5;0.0
yf_ZW=F_d10;25700;INTARIAN_PEPPER_ROOT;11561;13;11559;22;;;11567;16;11570;21;;;11564.0;0.0
yf_ZW=F_d10;25800;ASH_COATED_OSMIUM;9901;12;9897;11;;;9907;9;9909;12;;;9904.0;0.0
yf_ZW=F_d10;25800;INTARIAN_PEPPER_ROOT;11562;10;11560;20;;;11569;11;11571;20;;;11565.5;0.0
yf_ZW=F_d10;25900;ASH_COATED_OSMIUM;9902;16;9898;27;;;9908;5;9910;23;;;9905.0;0.0
yf_ZW=F_d10;25900;INTARIAN_PEPPER_ROOT;11563;13;11561;16;;;11569;10;11573;23;;;11566.0;0.0
yf_ZW=F_d10;26000;ASH_COATED_OSMIUM;9901;9;9898;11;;;9909;15;9912;29;;;9905.0;0.0
yf_ZW=F_d10;26000;INTARIAN_PEPPER_ROOT;11564;15;11560;25;;;11570;13;11574;22;;;11567.0;0.0
yf_ZW=F_d10;26100;ASH_COATED_OSMIUM;9899;18;9896;17;;;9911;8;9913;32;;;9905.0;0.0
yf_ZW=F_d10;26100;INTARIAN_PEPPER_ROOT;11565;12;11562;18;;;11571;16;11574;14;;;11568.0;0.0
yf_ZW=F_d10;26200;ASH_COATED_OSMIUM;9902;14;9898;16;;;9908;12;9911;19;;;9905.0;0.0
yf_ZW=F_d10;26200;INTARIAN_PEPPER_ROOT;11565;12;11563;24;;;11575;11;11579;26;;;11570.0;0.0
yf_ZW=F_d10;26300;ASH_COATED_OSMIUM;9902;18;9898;13;;;9908;12;9911;19;;;9905.0;0.0
yf_ZW=F_d10;26300;INTARIAN_PEPPER_ROOT;11561;17;11558;24;;;11580;12;11583;18;;;11570.5;0.0
yf_ZW=F_d10;26400;ASH_COATED_OSMIUM;9902;18;9899;26;;;9908;19;9911;29;;;9905.0;0.0
yf_ZW=F_d10;26400;INTARIAN_PEPPER_ROOT;11569;15;11566;14;;;11575;13;11578;23;;;11572.0;0.0
yf_ZW=F_d10;26500;ASH_COATED_OSMIUM;9902;22;9899;23;;;9908;17;9911;8;;;9905.0;0.0
yf_ZW=F_d10;26500;INTARIAN_PEPPER_ROOT;11570;16;11568;8;;;11577;9;11579;21;;;11573.5;0.0
yf_ZW=F_d10;26600;ASH_COATED_OSMIUM;9899;15;9896;14;;;9911;15;9915;18;;;9905.0;0.0
yf_ZW=F_d10;26600;INTARIAN_PEPPER_ROOT;11571;24;11569;31;;;11577;8;11581;19;;;11574.0;0.0
yf_ZW=F_d10;26700;ASH_COATED_OSMIUM;9902;16;9899;25;;;9908;14;9910;23;;;9905.0;0.0
yf_ZW=F_d10;26700;INTARIAN_PEPPER_ROOT;11572;15;11569;19;;;11578;12;11580;25;;;11575.0;0.0
yf_ZW=F_d10;26800;ASH_COATED_OSMIUM;9902;18;9898;11;;;9911;11;9914;18;;;9906.5;0.0
yf_ZW=F_d10;26800;INTARIAN_PEPPER_ROOT;11573;15;11571;21;;;11580;23;11584;24;;;11576.5;0.0
yf_ZW=F_d10;26900;ASH_COATED_OSMIUM;9903;17;9901;15;;;9909;13;9911;20;;;9906.0;0.0
yf_ZW=F_d10;26900;INTARIAN_PEPPER_ROOT;11575;7;11573;22;;;11581;22;11585;17;;;11578.0;0.0
yf_ZW=F_d10;27000;ASH_COATED_OSMIUM;9899;5;9897;19;;;9912;21;9915;29;;;9905.5;0.0
yf_ZW=F_d10;27000;INTARIAN_PEPPER_ROOT;11576;13;11574;27;;;11582;20;11585;18;;;11579.0;0.0
yf_ZW=F_d10;27100;ASH_COATED_OSMIUM;9902;17;9900;16;;;9908;13;9910;18;;;9905.0;0.0
yf_ZW=F_d10;27100;INTARIAN_PEPPER_ROOT;11570;11;11568;15;;;11590;9;11592;19;;;11580.0;0.0
yf_ZW=F_d10;27200;ASH_COATED_OSMIUM;9901;16;9897;27;;;9910;10;9913;18;;;9905.5;0.0
yf_ZW=F_d10;27200;INTARIAN_PEPPER_ROOT;11578;19;11574;28;;;11584;10;11587;18;;;11581.0;0.0
yf_ZW=F_d10;27300;ASH_COATED_OSMIUM;9901;15;9899;23;;;9909;17;9912;22;;;9905.0;0.0
yf_ZW=F_d10;27300;INTARIAN_PEPPER_ROOT;11578;21;11574;23;;;11587;17;11590;23;;;11582.5;0.0
yf_ZW=F_d10;27400;ASH_COATED_OSMIUM;9903;20;9901;26;;;9909;15;9911;24;;;9906.0;0.0
yf_ZW=F_d10;27400;INTARIAN_PEPPER_ROOT;11574;18;11570;25;;;11594;11;11597;14;;;11584.0;0.0
yf_ZW=F_d10;27500;ASH_COATED_OSMIUM;9901;27;9899;13;;;9911;13;9914;25;;;9906.0;0.0
yf_ZW=F_d10;27500;INTARIAN_PEPPER_ROOT;11581;19;11579;23;;;11590;14;11593;25;;;11585.5;0.0
yf_ZW=F_d10;27600;ASH_COATED_OSMIUM;9900;16;9897;13;;;9911;14;9914;20;;;9905.5;0.0
yf_ZW=F_d10;27600;INTARIAN_PEPPER_ROOT;11578;18;11575;32;;;11595;11;11599;22;;;11586.5;0.0
yf_ZW=F_d10;27700;ASH_COATED_OSMIUM;9903;5;9900;24;;;9909;13;9913;13;;;9906.0;0.0
yf_ZW=F_d10;27700;INTARIAN_PEPPER_ROOT;11584;13;11582;19;;;11590;11;11592;26;;;11587.0;0.0
yf_ZW=F_d10;27800;ASH_COATED_OSMIUM;9895;16;9892;23;;;9916;15;9920;22;;;9905.5;0.0
yf_ZW=F_d10;27800;INTARIAN_PEPPER_ROOT;11585;14;11583;23;;;11591;15;11593;14;;;11588.0;0.0
yf_ZW=F_d10;27900;ASH_COATED_OSMIUM;9902;18;9899;25;;;9908;14;9910;19;;;9905.0;0.0
yf_ZW=F_d10;27900;INTARIAN_PEPPER_ROOT;11581;12;11577;22;;;11597;10;11599;9;;;11589.0;0.0
yf_ZW=F_d10;28000;ASH_COATED_OSMIUM;9901;22;9899;18;;;9912;11;9916;16;;;9906.5;0.0
yf_ZW=F_d10;28000;INTARIAN_PEPPER_ROOT;11586;21;11582;18;;;11595;12;11598;18;;;11590.5;0.0
yf_ZW=F_d10;28100;ASH_COATED_OSMIUM;9892;14;9889;12;;;9920;14;9923;16;;;9906.0;0.0
yf_ZW=F_d10;28100;INTARIAN_PEPPER_ROOT;11588;11;11584;21;;;11594;18;11598;14;;;11591.0;0.0
yf_ZW=F_d10;28200;ASH_COATED_OSMIUM;9903;17;9899;22;;;9910;19;9912;25;;;9906.5;0.0
yf_ZW=F_d10;28200;INTARIAN_PEPPER_ROOT;11583;6;11581;11;;;11603;13;11605;10;;;11593.0;0.0
yf_ZW=F_d10;28300;ASH_COATED_OSMIUM;9903;16;9900;21;;;9909;17;9911;9;;;9906.0;0.0
yf_ZW=F_d10;28300;INTARIAN_PEPPER_ROOT;11592;16;11590;13;;;11598;11;11602;13;;;11595.0;0.0
yf_ZW=F_d10;28400;ASH_COATED_OSMIUM;9903;6;9901;19;;;9909;17;9912;27;;;9906.0;0.0
yf_ZW=F_d10;28400;INTARIAN_PEPPER_ROOT;11592;15;11589;22;;;11598;14;11600;25;;;11595.0;0.0
yf_ZW=F_d10;28500;ASH_COATED_OSMIUM;9901;10;9897;29;;;9911;15;9914;24;;;9906.0;0.0
yf_ZW=F_d10;28500;INTARIAN_PEPPER_ROOT;11594;17;11590;18;;;11600;18;11602;21;;;11597.0;0.0
yf_ZW=F_d10;28600;ASH_COATED_OSMIUM;9898;13;9896;31;;;9913;8;9916;23;;;9905.5;0.0
yf_ZW=F_d10;28600;INTARIAN_PEPPER_ROOT;11589;10;11587;18;;;11607;17;11609;16;;;11598.0;0.0
yf_ZW=F_d10;28700;ASH_COATED_OSMIUM;9903;16;9901;18;;;9909;16;9911;17;;;9906.0;0.0
yf_ZW=F_d10;28700;INTARIAN_PEPPER_ROOT;11596;15;11594;24;;;11602;13;11605;17;;;11599.0;0.0
yf_ZW=F_d10;28800;ASH_COATED_OSMIUM;9898;20;9895;22;;;9915;28;9918;19;;;9906.5;0.0
yf_ZW=F_d10;28800;INTARIAN_PEPPER_ROOT;11594;5;11592;17;;;11605;24;11609;26;;;11599.5;0.0
yf_ZW=F_d10;28900;ASH_COATED_OSMIUM;9903;19;9899;20;;;9909;6;9912;16;;;9906.0;0.0
yf_ZW=F_d10;28900;INTARIAN_PEPPER_ROOT;11598;10;11595;21;;;11604;17;11607;19;;;11601.0;0.0
yf_ZW=F_d10;29000;ASH_COATED_OSMIUM;9903;25;9901;19;;;9909;22;9913;24;;;9906.0;0.0
yf_ZW=F_d10;29000;INTARIAN_PEPPER_ROOT;11590;29;11587;23;;;11614;14;11618;15;;;11602.0;0.0
yf_ZW=F_d10;29100;ASH_COATED_OSMIUM;9903;10;9899;28;;;9910;11;9912;14;;;9906.5;0.0
yf_ZW=F_d10;29100;INTARIAN_PEPPER_ROOT;11600;11;11597;15;;;11606;9;11610;25;;;11603.0;0.0
yf_ZW=F_d10;29200;ASH_COATED_OSMIUM;9904;12;9902;21;;;9910;10;9913;21;;;9907.0;0.0
yf_ZW=F_d10;29200;INTARIAN_PEPPER_ROOT;11597;20;11594;24;;;11612;17;11615;21;;;11604.5;0.0
yf_ZW=F_d10;29300;ASH_COATED_OSMIUM;9899;22;9895;15;;;9914;6;9916;23;;;9906.5;0.0
yf_ZW=F_d10;29300;INTARIAN_PEPPER_ROOT;11603;13;11599;8;;;11609;20;11611;15;;;11606.0;0.0
yf_ZW=F_d10;29400;ASH_COATED_OSMIUM;9904;9;9902;12;;;9910;10;9913;19;;;9907.0;0.0
yf_ZW=F_d10;29400;INTARIAN_PEPPER_ROOT;11600;10;11597;20;;;11614;18;11616;11;;;11607.0;0.0
yf_ZW=F_d10;29500;ASH_COATED_OSMIUM;9904;16;9902;17;;;9910;18;9912;27;;;9907.0;0.0
yf_ZW=F_d10;29500;INTARIAN_PEPPER_ROOT;11605;18;11603;24;;;11611;18;11613;23;;;11608.0;0.0
yf_ZW=F_d10;29600;ASH_COATED_OSMIUM;9898;13;9895;31;;;9916;18;9919;23;;;9907.0;0.0
yf_ZW=F_d10;29600;INTARIAN_PEPPER_ROOT;11606;15;11603;13;;;11612;19;11615;17;;;11609.0;0.0
yf_ZW=F_d10;29700;ASH_COATED_OSMIUM;9904;15;9900;15;;;9911;14;9913;23;;;9907.5;0.0
yf_ZW=F_d10;29700;INTARIAN_PEPPER_ROOT;11608;7;11606;14;;;11614;11;11618;26;;;11611.0;0.0
yf_ZW=F_d10;29800;ASH_COATED_OSMIUM;9895;15;9892;17;;;9919;13;9922;14;;;9907.0;0.0
yf_ZW=F_d10;29800;INTARIAN_PEPPER_ROOT;11609;19;11605;11;;;11615;17;11617;11;;;11612.0;0.0
yf_ZW=F_d10;29900;ASH_COATED_OSMIUM;9904;14;9900;15;;;9910;14;9912;22;;;9907.0;0.0
yf_ZW=F_d10;29900;INTARIAN_PEPPER_ROOT;11610;15;11608;16;;;11616;21;11620;14;;;11613.0;0.0
yf_ZW=F_d10;30000;ASH_COATED_OSMIUM;9902;16;9900;18;;;9913;5;9917;14;;;9907.5;0.0
yf_ZW=F_d10;30000;INTARIAN_PEPPER_ROOT;11610;20;11606;16;;;11618;11;11620;16;;;11614.0;0.0
yf_ZW=F_d10;30100;ASH_COATED_OSMIUM;9904;16;9902;22;;;9910;12;9912;26;;;9907.0;0.0
yf_ZW=F_d10;30100;INTARIAN_PEPPER_ROOT;11612;17;11608;24;;;11618;18;11620;24;;;11615.0;0.0
yf_ZW=F_d10;30200;ASH_COATED_OSMIUM;9904;10;9900;10;;;9910;8;9914;27;;;9907.0;0.0
yf_ZW=F_d10;30200;INTARIAN_PEPPER_ROOT;11611;15;11608;27;;;11623;16;11627;11;;;11617.0;0.0
yf_ZW=F_d10;30300;ASH_COATED_OSMIUM;9899;9;9896;25;;;9916;13;9919;25;;;9907.5;0.0
yf_ZW=F_d10;30300;INTARIAN_PEPPER_ROOT;11614;18;11612;16;;;11620;7;11622;20;;;11617.0;0.0
yf_ZW=F_d10;30400;ASH_COATED_OSMIUM;9898;18;9896;22;;;9917;18;9920;23;;;9907.5;0.0
yf_ZW=F_d10;30400;INTARIAN_PEPPER_ROOT;11616;13;11613;27;;;11622;16;11624;20;;;11619.0;0.0
yf_ZW=F_d10;30500;ASH_COATED_OSMIUM;9905;14;9902;15;;;9911;16;9915;15;;;9908.0;0.0
yf_ZW=F_d10;30500;INTARIAN_PEPPER_ROOT;11617;17;11615;28;;;11623;17;11625;18;;;11620.0;0.0
yf_ZW=F_d10;30600;ASH_COATED_OSMIUM;9905;30;9903;25;;;9911;16;9913;23;;;9908.0;0.0
yf_ZW=F_d10;30600;INTARIAN_PEPPER_ROOT;11618;22;11615;17;;;11624;22;11627;19;;;11621.0;0.0
yf_ZW=F_d10;30700;ASH_COATED_OSMIUM;9905;9;9903;12;;;9911;23;9915;20;;;9908.0;0.0
yf_ZW=F_d10;30700;INTARIAN_PEPPER_ROOT;11619;19;11617;21;;;11625;5;11629;8;;;11622.0;0.0
yf_ZW=F_d10;30800;ASH_COATED_OSMIUM;9905;11;9901;25;;;9911;21;9915;12;;;9908.0;0.0
yf_ZW=F_d10;30800;INTARIAN_PEPPER_ROOT;11611;11;11608;23;;;11636;16;11640;18;;;11623.5;0.0
yf_ZW=F_d10;30900;ASH_COATED_OSMIUM;9905;11;9901;14;;;9911;18;9914;25;;;9908.0;0.0
yf_ZW=F_d10;30900;INTARIAN_PEPPER_ROOT;11621;15;11618;17;;;11627;18;11630;25;;;11624.0;0.0
yf_ZW=F_d10;31000;ASH_COATED_OSMIUM;9904;13;9902;24;;;9910;22;9914;15;;;9907.0;0.0
yf_ZW=F_d10;31000;INTARIAN_PEPPER_ROOT;11617;17;11614;17;;;11634;9;11637;14;;;11625.5;0.0
yf_ZW=F_d10;31100;ASH_COATED_OSMIUM;9905;10;9901;26;;;9911;21;9915;21;;;9908.0;0.0
yf_ZW=F_d10;31100;INTARIAN_PEPPER_ROOT;11621;13;11617;20;;;11633;10;11636;17;;;11627.0;0.0
yf_ZW=F_d10;31200;ASH_COATED_OSMIUM;9905;8;9901;26;;;9911;21;9913;14;;;9908.0;0.0
yf_ZW=F_d10;31200;INTARIAN_PEPPER_ROOT;11621;12;11617;16;;;11634;17;11637;19;;;11627.5;0.0
yf_ZW=F_d10;31300;ASH_COATED_OSMIUM;9904;8;9900;22;;;9910;9;9912;18;;;9907.0;0.0
yf_ZW=F_d10;31300;INTARIAN_PEPPER_ROOT;11623;25;11620;25;;;11635;11;11637;18;;;11629.0;0.0
yf_ZW=F_d10;31400;ASH_COATED_OSMIUM;9905;15;9901;16;;;9911;14;9913;20;;;9908.0;0.0
yf_ZW=F_d10;31400;INTARIAN_PEPPER_ROOT;11627;18;11624;21;;;11633;15;11636;26;;;11630.0;0.0
yf_ZW=F_d10;31500;ASH_COATED_OSMIUM;9903;15;9901;11;;;9914;13;9918;24;;;9908.5;0.0
yf_ZW=F_d10;31500;INTARIAN_PEPPER_ROOT;11614;15;11611;13;;;11647;17;11651;19;;;11630.5;0.0
yf_ZW=F_d10;31600;ASH_COATED_OSMIUM;9904;16;9900;18;;;9911;22;9913;18;;;9907.5;0.0
yf_ZW=F_d10;31600;INTARIAN_PEPPER_ROOT;11630;12;11626;26;;;11636;9;11640;23;;;11633.0;0.0
yf_ZW=F_d10;31700;ASH_COATED_OSMIUM;9905;13;9902;24;;;9911;22;9914;13;;;9908.0;0.0
yf_ZW=F_d10;31700;INTARIAN_PEPPER_ROOT;11625;8;11621;19;;;11644;15;11646;16;;;11634.5;0.0
yf_ZW=F_d10;31800;ASH_COATED_OSMIUM;9905;21;9902;20;;;9911;16;9915;17;;;9908.0;0.0
yf_ZW=F_d10;31800;INTARIAN_PEPPER_ROOT;11625;17;11622;21;;;11643;19;11646;15;;;11634.0;0.0
yf_ZW=F_d10;31900;ASH_COATED_OSMIUM;9905;17;9902;17;;;9911;5;9914;17;;;9908.0;0.0
yf_ZW=F_d10;31900;INTARIAN_PEPPER_ROOT;11633;15;11629;27;;;11639;11;11641;17;;;11636.0;0.0
yf_ZW=F_d10;32000;ASH_COATED_OSMIUM;9904;19;9902;25;;;9914;10;9916;10;;;9909.0;0.0
yf_ZW=F_d10;32000;INTARIAN_PEPPER_ROOT;11625;17;11623;17;;;11650;18;11654;28;;;11637.5;0.0
yf_ZW=F_d10;32100;ASH_COATED_OSMIUM;9904;14;9900;9;;;9912;17;9916;18;;;9908.0;0.0
yf_ZW=F_d10;32100;INTARIAN_PEPPER_ROOT;11635;26;11633;21;;;11641;18;11644;21;;;11638.0;0.0
yf_ZW=F_d10;32200;ASH_COATED_OSMIUM;9903;16;9901;19;;;9914;21;9917;23;;;9908.5;0.0
yf_ZW=F_d10;32200;INTARIAN_PEPPER_ROOT;11636;5;11632;22;;;11642;21;11645;18;;;11639.0;0.0
yf_ZW=F_d10;32300;ASH_COATED_OSMIUM;9906;13;9903;23;;;9912;13;9916;18;;;9909.0;0.0
yf_ZW=F_d10;32300;INTARIAN_PEPPER_ROOT;11637;19;11635;19;;;11643;24;11645;24;;;11640.0;0.0
yf_ZW=F_d10;32400;ASH_COATED_OSMIUM;9906;12;9904;23;;;9912;24;9916;32;;;9909.0;0.0
yf_ZW=F_d10;32400;INTARIAN_PEPPER_ROOT;11639;17;11635;16;;;11645;18;11648;19;;;11642.0;0.0
yf_ZW=F_d10;32500;ASH_COATED_OSMIUM;9902;19;9898;18;;;9915;18;9917;25;;;9908.5;0.0
yf_ZW=F_d10;32500;INTARIAN_PEPPER_ROOT;11639;19;11636;23;;;11647;17;11651;23;;;11643.0;0.0
yf_ZW=F_d10;32600;ASH_COATED_OSMIUM;9906;6;9903;12;;;9912;15;9914;21;;;9909.0;0.0
yf_ZW=F_d10;32600;INTARIAN_PEPPER_ROOT;11638;5;11636;23;;;11651;5;11653;11;;;11644.5;0.0
yf_ZW=F_d10;32700;ASH_COATED_OSMIUM;9905;14;9902;19;;;9911;14;9913;23;;;9908.0;0.0
yf_ZW=F_d10;32700;INTARIAN_PEPPER_ROOT;11642;5;11640;9;;;11648;18;11651;19;;;11645.0;0.0
yf_ZW=F_d10;32800;ASH_COATED_OSMIUM;9905;23;9901;13;;;9911;15;9913;22;;;9908.0;0.0
yf_ZW=F_d10;32800;INTARIAN_PEPPER_ROOT;11640;22;11636;24;;;11655;14;11657;22;;;11647.5;0.0
yf_ZW=F_d10;32900;ASH_COATED_OSMIUM;9894;17;9890;18;;;9924;11;9926;24;;;9909.0;0.0
yf_ZW=F_d10;32900;INTARIAN_PEPPER_ROOT;11644;12;11640;10;;;11650;10;11653;19;;;11647.0;0.0
yf_ZW=F_d10;33000;ASH_COATED_OSMIUM;9896;16;9893;15;;;9923;22;9925;25;;;9909.5;0.0
yf_ZW=F_d10;33000;INTARIAN_PEPPER_ROOT;11646;17;11644;32;;;11652;22;11654;20;;;11649.0;0.0
yf_ZW=F_d10;33100;ASH_COATED_OSMIUM;9893;14;9889;20;;;9925;5;9928;17;;;9909.0;0.0
yf_ZW=F_d10;33100;INTARIAN_PEPPER_ROOT;11647;26;11644;17;;;11653;5;11657;8;;;11650.0;0.0
yf_ZW=F_d10;33200;ASH_COATED_OSMIUM;9906;5;9904;13;;;9913;5;9917;20;;;9909.5;0.0
yf_ZW=F_d10;33200;INTARIAN_PEPPER_ROOT;11648;15;11646;16;;;11654;16;11656;16;;;11651.0;0.0
yf_ZW=F_d10;33300;ASH_COATED_OSMIUM;9906;17;9902;15;;;9912;8;9916;19;;;9909.0;0.0
yf_ZW=F_d10;33300;INTARIAN_PEPPER_ROOT;11641;17;11639;21;;;11662;13;11665;15;;;11651.5;0.0
yf_ZW=F_d10;33400;ASH_COATED_OSMIUM;9905;11;9902;21;;;9912;7;9915;22;;;9908.5;0.0
yf_ZW=F_d10;33400;INTARIAN_PEPPER_ROOT;11639;7;11635;13;;;11668;14;11672;19;;;11653.5;0.0
yf_ZW=F_d10;33500;ASH_COATED_OSMIUM;9906;15;9902;17;;;9912;15;9916;14;;;9909.0;0.0
yf_ZW=F_d10;33500;INTARIAN_PEPPER_ROOT;11651;29;11649;18;;;11657;17;11661;28;;;11654.0;0.0
yf_ZW=F_d10;33600;ASH_COATED_OSMIUM;9906;11;9904;23;;;9913;9;9916;12;;;9909.5;0.0
yf_ZW=F_d10;33600;INTARIAN_PEPPER_ROOT;11653;14;11651;20;;;11659;5;11661;14;;;11656.0;0.0
yf_ZW=F_d10;33700;ASH_COATED_OSMIUM;9906;16;9902;27;;;9912;14;9914;22;;;9909.0;0.0
yf_ZW=F_d10;33700;INTARIAN_PEPPER_ROOT;11653;20;11650;24;;;11659;21;11663;22;;;11656.0;0.0
yf_ZW=F_d10;33800;ASH_COATED_OSMIUM;9907;16;9904;11;;;9913;22;9915;21;;;9910.0;0.0
yf_ZW=F_d10;33800;INTARIAN_PEPPER_ROOT;11655;14;11653;19;;;11661;15;11663;23;;;11658.0;0.0
yf_ZW=F_d10;33900;ASH_COATED_OSMIUM;9906;16;9903;21;;;9912;12;9914;19;;;9909.0;0.0
yf_ZW=F_d10;33900;INTARIAN_PEPPER_ROOT;11655;15;11653;9;;;11664;19;11667;16;;;11659.5;0.0
yf_ZW=F_d10;34000;ASH_COATED_OSMIUM;9905;11;9902;18;;;9914;24;9916;27;;;9909.5;0.0
yf_ZW=F_d10;34000;INTARIAN_PEPPER_ROOT;11658;11;11655;16;;;11666;19;11668;25;;;11662.0;0.0
yf_ZW=F_d10;34100;ASH_COATED_OSMIUM;9907;13;9905;26;;;9913;13;9915;25;;;9910.0;0.0
yf_ZW=F_d10;34100;INTARIAN_PEPPER_ROOT;11661;8;11657;21;;;11667;13;11671;14;;;11664.0;0.0
yf_ZW=F_d10;34200;ASH_COATED_OSMIUM;9907;18;9905;16;;;9913;15;9916;22;;;9910.0;0.0
yf_ZW=F_d10;34200;INTARIAN_PEPPER_ROOT;11664;5;11660;16;;;11670;5;11673;11;;;11667.0;0.0
yf_ZW=F_d10;34300;ASH_COATED_OSMIUM;9907;9;9903;19;;;9913;11;9916;29;;;9910.0;0.0
yf_ZW=F_d10;34300;INTARIAN_PEPPER_ROOT;11666;21;11664;24;;;11672;16;11675;21;;;11669.0;0.0
yf_ZW=F_d10;34400;ASH_COATED_OSMIUM;9901;15;9898;22;;;9920;5;9922;19;;;9910.5;0.0
yf_ZW=F_d10;34400;INTARIAN_PEPPER_ROOT;11664;16;11662;16;;;11679;18;11682;14;;;11671.5;0.0
yf_ZW=F_d10;34500;ASH_COATED_OSMIUM;9907;18;9904;14;;;9913;20;9917;24;;;9910.0;0.0
yf_ZW=F_d10;34500;INTARIAN_PEPPER_ROOT;11666;16;11664;13;;;11682;10;11685;20;;;11674.0;0.0
yf_ZW=F_d10;34600;ASH_COATED_OSMIUM;9907;12;9904;23;;;9913;10;9917;10;;;9910.0;0.0
yf_ZW=F_d10;34600;INTARIAN_PEPPER_ROOT;11674;15;11670;26;;;11680;13;11683;24;;;11677.0;0.0
yf_ZW=F_d10;34700;ASH_COATED_OSMIUM;9906;19;9902;23;;;9916;16;9919;24;;;9911.0;0.0
yf_ZW=F_d10;34700;INTARIAN_PEPPER_ROOT;11676;5;11672;24;;;11682;14;11684;20;;;11679.0;0.0
yf_ZW=F_d10;34800;ASH_COATED_OSMIUM;9908;19;9905;26;;;9914;13;9917;10;;;9911.0;0.0
yf_ZW=F_d10;34800;INTARIAN_PEPPER_ROOT;11678;18;11676;20;;;11684;15;11687;25;;;11681.0;0.0
yf_ZW=F_d10;34900;ASH_COATED_OSMIUM;9904;15;9901;29;;;9917;20;9921;23;;;9910.5;0.0
yf_ZW=F_d10;34900;INTARIAN_PEPPER_ROOT;11681;17;11677;14;;;11687;13;11689;23;;;11684.0;0.0
yf_ZW=F_d10;35000;ASH_COATED_OSMIUM;9906;12;9903;23;;;9916;9;9919;29;;;9911.0;0.0
yf_ZW=F_d10;35000;INTARIAN_PEPPER_ROOT;11683;19;11681;18;;;11689;11;11693;21;;;11686.0;0.0
yf_ZW=F_d10;35100;ASH_COATED_OSMIUM;9903;19;9900;23;;;9919;12;9922;17;;;9911.0;0.0
yf_ZW=F_d10;35100;INTARIAN_PEPPER_ROOT;11686;10;11684;23;;;11692;9;11695;25;;;11689.0;0.0
yf_ZW=F_d10;35200;ASH_COATED_OSMIUM;9906;5;9903;20;;;9916;19;9920;24;;;9911.0;0.0
yf_ZW=F_d10;35200;INTARIAN_PEPPER_ROOT;11686;12;11684;8;;;11698;12;11701;18;;;11692.0;0.0
yf_ZW=F_d10;35300;ASH_COATED_OSMIUM;9908;10;9906;18;;;9914;5;9917;21;;;9911.0;0.0
yf_ZW=F_d10;35300;INTARIAN_PEPPER_ROOT;11687;21;11685;19;;;11701;7;11703;25;;;11694.0;0.0
yf_ZW=F_d10;35400;ASH_COATED_OSMIUM;9909;13;9906;16;;;9915;7;9919;15;;;9912.0;0.0
yf_ZW=F_d10;35400;INTARIAN_PEPPER_ROOT;11687;24;11683;30;;;11706;18;11709;16;;;11696.5;0.0
yf_ZW=F_d10;35500;ASH_COATED_OSMIUM;9908;18;9904;24;;;9914;11;9916;22;;;9911.0;0.0
yf_ZW=F_d10;35500;INTARIAN_PEPPER_ROOT;11696;23;11693;25;;;11702;26;11706;19;;;11699.0;0.0
yf_ZW=F_d10;35600;ASH_COATED_OSMIUM;9909;20;9906;25;;;9915;16;9917;21;;;9912.0;0.0
yf_ZW=F_d10;35600;INTARIAN_PEPPER_ROOT;11698;15;11695;14;;;11704;16;11708;13;;;11701.0;0.0
yf_ZW=F_d10;35700;ASH_COATED_OSMIUM;9907;12;9904;16;;;9916;16;9919;17;;;9911.5;0.0
yf_ZW=F_d10;35700;INTARIAN_PEPPER_ROOT;11688;14;11685;21;;;11720;7;11723;24;;;11704.0;0.0
yf_ZW=F_d10;35800;ASH_COATED_OSMIUM;9909;17;9907;30;;;9915;8;9918;25;;;9912.0;0.0
yf_ZW=F_d10;35800;INTARIAN_PEPPER_ROOT;11703;11;11700;27;;;11709;21;11711;20;;;11706.0;0.0
yf_ZW=F_d10;35900;ASH_COATED_OSMIUM;9909;14;9906;21;;;9915;22;9918;19;;;9912.0;0.0
yf_ZW=F_d10;35900;INTARIAN_PEPPER_ROOT;11705;18;11702;16;;;11711;15;11714;18;;;11708.0;0.0
yf_ZW=F_d10;36000;ASH_COATED_OSMIUM;9909;15;9905;30;;;9915;20;9917;28;;;9912.0;0.0
yf_ZW=F_d10;36000;INTARIAN_PEPPER_ROOT;11705;17;11703;18;;;11717;12;11721;21;;;11711.0;0.0
yf_ZW=F_d10;36100;ASH_COATED_OSMIUM;9909;14;9905;26;;;9915;7;9917;16;;;9912.0;0.0
yf_ZW=F_d10;36100;INTARIAN_PEPPER_ROOT;11710;13;11706;17;;;11716;12;11720;18;;;11713.0;0.0
yf_ZW=F_d10;36200;ASH_COATED_OSMIUM;9909;18;9906;24;;;9916;15;9918;23;;;9912.5;0.0
yf_ZW=F_d10;36200;INTARIAN_PEPPER_ROOT;11713;19;11711;17;;;11719;16;11721;18;;;11716.0;0.0
yf_ZW=F_d10;36300;ASH_COATED_OSMIUM;9908;18;9906;20;;;9916;23;9920;18;;;9912.0;0.0
yf_ZW=F_d10;36300;INTARIAN_PEPPER_ROOT;11715;15;11713;10;;;11721;16;11724;22;;;11718.0;0.0
yf_ZW=F_d10;36400;ASH_COATED_OSMIUM;9909;14;9907;28;;;9916;17;9918;21;;;9912.5;0.0
yf_ZW=F_d10;36400;INTARIAN_PEPPER_ROOT;11718;12;11714;22;;;11725;23;11728;20;;;11721.5;0.0
yf_ZW=F_d10;36500;ASH_COATED_OSMIUM;9910;17;9908;35;;;9916;12;9920;20;;;9913.0;0.0
yf_ZW=F_d10;36500;INTARIAN_PEPPER_ROOT;11721;15;11718;22;;;11727;10;11729;14;;;11724.0;0.0
yf_ZW=F_d10;36600;ASH_COATED_OSMIUM;9910;20;9908;26;;;9916;9;9919;19;;;9913.0;0.0
yf_ZW=F_d10;36600;INTARIAN_PEPPER_ROOT;11723;16;11719;8;;;11729;5;11733;23;;;11726.0;0.0
yf_ZW=F_d10;36700;ASH_COATED_OSMIUM;9910;12;9906;17;;;9916;20;9918;21;;;9913.0;0.0
yf_ZW=F_d10;36700;INTARIAN_PEPPER_ROOT;11725;5;11723;13;;;11731;19;11733;20;;;11728.0;0.0
yf_ZW=F_d10;36800;ASH_COATED_OSMIUM;9910;10;9908;10;;;9916;10;9919;22;;;9913.0;0.0
yf_ZW=F_d10;36800;INTARIAN_PEPPER_ROOT;11728;15;11725;12;;;11735;5;11739;23;;;11731.5;0.0
yf_ZW=F_d10;36900;ASH_COATED_OSMIUM;9903;13;9900;26;;;9923;13;9926;19;;;9913.0;0.0
yf_ZW=F_d10;36900;INTARIAN_PEPPER_ROOT;11730;5;11728;21;;;11736;10;11738;11;;;11733.0;0.0
yf_ZW=F_d10;37000;ASH_COATED_OSMIUM;9910;19;9906;13;;;9916;14;9918;27;;;9913.0;0.0
yf_ZW=F_d10;37000;INTARIAN_PEPPER_ROOT;11733;21;11729;15;;;11739;9;11743;18;;;11736.0;0.0
yf_ZW=F_d10;37100;ASH_COATED_OSMIUM;9909;16;9905;16;;;9918;14;9920;16;;;9913.5;0.0
yf_ZW=F_d10;37100;INTARIAN_PEPPER_ROOT;11734;11;11731;18;;;11744;13;11747;19;;;11739.0;0.0
yf_ZW=F_d10;37200;ASH_COATED_OSMIUM;9909;7;9906;15;;;9919;12;9922;28;;;9914.0;0.0
yf_ZW=F_d10;37200;INTARIAN_PEPPER_ROOT;11736;14;11734;20;;;11745;20;11747;19;;;11740.5;0.0
yf_ZW=F_d10;37300;ASH_COATED_OSMIUM;9911;20;9908;18;;;9917;13;9919;17;;;9914.0;0.0
yf_ZW=F_d10;37300;INTARIAN_PEPPER_ROOT;11740;11;11736;23;;;11746;19;11749;29;;;11743.0;0.0
yf_ZW=F_d10;37400;ASH_COATED_OSMIUM;9910;8;9906;16;;;9916;8;9918;21;;;9913.0;0.0
yf_ZW=F_d10;37400;INTARIAN_PEPPER_ROOT;11743;5;11741;16;;;11749;12;11752;23;;;11746.0;0.0
yf_ZW=F_d10;37500;ASH_COATED_OSMIUM;9911;17;9907;8;;;9917;17;9921;17;;;9914.0;0.0
yf_ZW=F_d10;37500;INTARIAN_PEPPER_ROOT;11746;11;11742;14;;;11752;18;11756;20;;;11749.0;0.0
yf_ZW=F_d10;37600;ASH_COATED_OSMIUM;9911;16;9907;14;;;9917;17;9921;16;;;9914.0;0.0
yf_ZW=F_d10;37600;INTARIAN_PEPPER_ROOT;11740;14;11736;21;;;11762;17;11764;18;;;11751.0;0.0
yf_ZW=F_d10;37700;ASH_COATED_OSMIUM;9906;24;9902;24;;;9922;7;9926;20;;;9914.0;0.0
yf_ZW=F_d10;37700;INTARIAN_PEPPER_ROOT;11750;11;11746;25;;;11756;21;11760;16;;;11753.0;0.0
yf_ZW=F_d10;37800;ASH_COATED_OSMIUM;9903;18;9900;23;;;9925;6;9929;18;;;9914.0;0.0
yf_ZW=F_d10;37800;INTARIAN_PEPPER_ROOT;11749;12;11745;16;;;11762;13;11766;23;;;11755.5;0.0
yf_ZW=F_d10;37900;ASH_COATED_OSMIUM;9905;12;9903;25;;;9923;8;9926;19;;;9914.0;0.0
yf_ZW=F_d10;37900;INTARIAN_PEPPER_ROOT;11744;13;11741;27;;;11771;18;11773;20;;;11757.5;0.0
yf_ZW=F_d10;38000;ASH_COATED_OSMIUM;9911;14;9908;14;;;9917;14;9920;19;;;9914.0;0.0
yf_ZW=F_d10;38000;INTARIAN_PEPPER_ROOT;11754;17;11750;18;;;11766;19;11770;17;;;11760.0;0.0
yf_ZW=F_d10;38100;ASH_COATED_OSMIUM;9910;18;9907;22;;;9919;12;9923;20;;;9914.5;0.0
yf_ZW=F_d10;38100;INTARIAN_PEPPER_ROOT;11760;9;11757;26;;;11766;17;11770;29;;;11763.0;0.0
yf_ZW=F_d10;38200;ASH_COATED_OSMIUM;9911;9;9909;24;;;9917;16;9920;16;;;9914.0;0.0
yf_ZW=F_d10;38200;INTARIAN_PEPPER_ROOT;11762;10;11760;15;;;11768;6;11771;18;;;11765.0;0.0
yf_ZW=F_d10;38300;ASH_COATED_OSMIUM;9912;25;9908;21;;;9918;14;9920;21;;;9915.0;0.0
yf_ZW=F_d10;38300;INTARIAN_PEPPER_ROOT;11765;19;11762;22;;;11771;10;11775;14;;;11768.0;0.0
yf_ZW=F_d10;38400;ASH_COATED_OSMIUM;9912;10;9909;18;;;9918;12;9920;23;;;9915.0;0.0
yf_ZW=F_d10;38400;INTARIAN_PEPPER_ROOT;11767;13;11763;21;;;11773;23;11776;15;;;11770.0;0.0
yf_ZW=F_d10;38500;ASH_COATED_OSMIUM;9912;18;9909;11;;;9918;19;9920;18;;;9915.0;0.0
yf_ZW=F_d10;38500;INTARIAN_PEPPER_ROOT;11770;16;11766;14;;;11776;11;11778;23;;;11773.0;0.0
yf_ZW=F_d10;38600;ASH_COATED_OSMIUM;9912;9;9909;14;;;9918;27;9922;23;;;9915.0;0.0
yf_ZW=F_d10;38600;INTARIAN_PEPPER_ROOT;11772;18;11770;23;;;11778;20;11781;15;;;11775.0;0.0
yf_ZW=F_d10;38700;ASH_COATED_OSMIUM;9905;10;9903;23;;;9926;11;9930;22;;;9915.5;0.0
yf_ZW=F_d10;38700;INTARIAN_PEPPER_ROOT;11771;17;11768;20;;;11785;16;11789;24;;;11778.0;0.0
yf_ZW=F_d10;38800;ASH_COATED_OSMIUM;9912;7;9909;12;;;9918;22;9920;25;;;9915.0;0.0
yf_ZW=F_d10;38800;INTARIAN_PEPPER_ROOT;11776;16;11773;26;;;11786;19;11788;24;;;11781.0;0.0
yf_ZW=F_d10;38900;ASH_COATED_OSMIUM;9912;15;9908;32;;;9918;12;9920;17;;;9915.0;0.0
yf_ZW=F_d10;38900;INTARIAN_PEPPER_ROOT;11776;10;11772;21;;;11789;9;11791;11;;;11782.5;0.0
yf_ZW=F_d10;39000;ASH_COATED_OSMIUM;9904;17;9902;17;;;9928;17;9932;13;;;9916.0;0.0
yf_ZW=F_d10;39000;INTARIAN_PEPPER_ROOT;11782;13;11778;20;;;11788;24;11792;15;;;11785.0;0.0
yf_ZW=F_d10;39100;ASH_COATED_OSMIUM;9911;9;9909;22;;;9921;24;9924;21;;;9916.0;0.0
yf_ZW=F_d10;39100;INTARIAN_PEPPER_ROOT;11780;14;11776;19;;;11794;15;11797;25;;;11787.0;0.0
yf_ZW=F_d10;39200;ASH_COATED_OSMIUM;9913;14;9909;19;;;9919;14;9921;26;;;9916.0;0.0
yf_ZW=F_d10;39200;INTARIAN_PEPPER_ROOT;11787;12;11784;22;;;11793;12;11796;16;;;11790.0;0.0
yf_ZW=F_d10;39300;ASH_COATED_OSMIUM;9913;18;9911;15;;;9919;27;9921;18;;;9916.0;0.0
yf_ZW=F_d10;39300;INTARIAN_PEPPER_ROOT;11789;18;11785;27;;;11795;7;11799;21;;;11792.0;0.0
yf_ZW=F_d10;39400;ASH_COATED_OSMIUM;9914;18;9912;22;;;9920;22;9923;16;;;9917.0;0.0
yf_ZW=F_d10;39400;INTARIAN_PEPPER_ROOT;11779;14;11777;25;;;11811;12;11815;15;;;11795.0;0.0
yf_ZW=F_d10;39500;ASH_COATED_OSMIUM;9911;16;9908;19;;;9920;12;9923;17;;;9915.5;0.0
yf_ZW=F_d10;39500;INTARIAN_PEPPER_ROOT;11784;10;11780;24;;;11813;9;11816;16;;;11798.5;0.0
yf_ZW=F_d10;39600;ASH_COATED_OSMIUM;9913;15;9909;18;;;9919;17;9923;21;;;9916.0;0.0
yf_ZW=F_d10;39600;INTARIAN_PEPPER_ROOT;11797;15;11794;24;;;11803;12;11807;27;;;11800.0;0.0
yf_ZW=F_d10;39700;ASH_COATED_OSMIUM;9913;14;9910;29;;;9919;19;9923;22;;;9916.0;0.0
yf_ZW=F_d10;39700;INTARIAN_PEPPER_ROOT;11782;14;11778;24;;;11823;14;11825;19;;;11802.5;0.0
yf_ZW=F_d10;39800;ASH_COATED_OSMIUM;9909;11;9905;16;;;9925;10;9927;15;;;9917.0;0.0
yf_ZW=F_d10;39800;INTARIAN_PEPPER_ROOT;11802;10;11799;17;;;11808;22;11810;24;;;11805.0;0.0
yf_ZW=F_d10;39900;ASH_COATED_OSMIUM;9908;9;9906;26;;;9925;10;9927;24;;;9916.5;0.0
yf_ZW=F_d10;39900;INTARIAN_PEPPER_ROOT;11804;19;11800;21;;;11810;13;11812;27;;;11807.0;0.0
yf_ZW=F_d10;40000;ASH_COATED_OSMIUM;9913;13;9910;22;;;9919;16;9923;19;;;9916.0;0.0
yf_ZW=F_d10;40000;INTARIAN_PEPPER_ROOT;11807;11;11803;22;;;11813;8;11815;18;;;11810.0;0.0
yf_ZW=F_d10;40100;ASH_COATED_OSMIUM;9914;19;9912;16;;;9920;11;9922;32;;;9917.0;0.0
yf_ZW=F_d10;40100;INTARIAN_PEPPER_ROOT;11805;20;11803;18;;;11821;8;11825;18;;;11813.0;0.0
yf_ZW=F_d10;40200;ASH_COATED_OSMIUM;9914;22;9910;20;;;9920;14;9922;17;;;9917.0;0.0
yf_ZW=F_d10;40200;INTARIAN_PEPPER_ROOT;11799;13;11796;31;;;11829;15;11831;16;;;11814.0;0.0
yf_ZW=F_d10;40300;ASH_COATED_OSMIUM;9910;17;9907;23;;;9924;16;9928;12;;;9917.0;0.0
yf_ZW=F_d10;40300;INTARIAN_PEPPER_ROOT;11814;6;11810;12;;;11820;12;11824;28;;;11817.0;0.0
yf_ZW=F_d10;40400;ASH_COATED_OSMIUM;9915;22;9911;26;;;9921;20;9924;31;;;9918.0;0.0
yf_ZW=F_d10;40400;INTARIAN_PEPPER_ROOT;11816;14;11814;23;;;11822;11;11826;15;;;11819.0;0.0
yf_ZW=F_d10;40500;ASH_COATED_OSMIUM;9910;16;9908;20;;;9925;21;9928;17;;;9917.5;0.0
yf_ZW=F_d10;40500;INTARIAN_PEPPER_ROOT;11815;14;11813;8;;;11828;16;11830;15;;;11821.5;0.0
yf_ZW=F_d10;40600;ASH_COATED_OSMIUM;9912;21;9910;27;;;9923;14;9926;23;;;9917.5;0.0
yf_ZW=F_d10;40600;INTARIAN_PEPPER_ROOT;11822;9;11820;20;;;11828;16;11830;14;;;11825.0;0.0
yf_ZW=F_d10;40700;ASH_COATED_OSMIUM;9915;23;9913;23;;;9921;15;9924;28;;;9918.0;0.0
yf_ZW=F_d10;40700;INTARIAN_PEPPER_ROOT;11824;13;11820;19;;;11830;23;11832;22;;;11827.0;0.0
yf_ZW=F_d10;40800;ASH_COATED_OSMIUM;9915;24;9911;18;;;9921;22;9923;20;;;9918.0;0.0
yf_ZW=F_d10;40800;INTARIAN_PEPPER_ROOT;11826;10;11822;19;;;11832;6;11834;13;;;11829.0;0.0
yf_ZW=F_d10;40900;ASH_COATED_OSMIUM;9915;10;9913;17;;;9921;16;9924;23;;;9918.0;0.0
yf_ZW=F_d10;40900;INTARIAN_PEPPER_ROOT;11829;9;11827;9;;;11835;12;11837;23;;;11832.0;0.0
yf_ZW=F_d10;41000;ASH_COATED_OSMIUM;9908;18;9906;17;;;9929;8;9932;14;;;9918.5;0.0
yf_ZW=F_d10;41000;INTARIAN_PEPPER_ROOT;11827;20;11823;22;;;11842;16;11846;25;;;11834.5;0.0
yf_ZW=F_d10;41100;ASH_COATED_OSMIUM;9909;12;9905;23;;;9927;19;9930;29;;;9918.0;0.0
yf_ZW=F_d10;41100;INTARIAN_PEPPER_ROOT;11826;14;11823;23;;;11848;25;11852;20;;;11837.0;0.0
yf_ZW=F_d10;41200;ASH_COATED_OSMIUM;9915;14;9913;19;;;9921;18;9923;21;;;9918.0;0.0
yf_ZW=F_d10;41200;INTARIAN_PEPPER_ROOT;11833;12;11830;17;;;11846;10;11848;14;;;11839.5;0.0
yf_ZW=F_d10;41300;ASH_COATED_OSMIUM;9895;12;9893;24;;;9941;15;9945;28;;;9918.0;0.0
yf_ZW=F_d10;41300;INTARIAN_PEPPER_ROOT;11828;21;11824;26;;;11856;9;11860;8;;;11842.0;0.0
yf_ZW=F_d10;41400;ASH_COATED_OSMIUM;9910;11;9908;35;;;9926;13;9929;21;;;9918.0;0.0
yf_ZW=F_d10;41400;INTARIAN_PEPPER_ROOT;11841;23;11839;17;;;11847;15;11851;23;;;11844.0;0.0
yf_ZW=F_d10;41500;ASH_COATED_OSMIUM;9913;15;9910;14;;;9923;17;9926;18;;;9918.0;0.0
yf_ZW=F_d10;41500;INTARIAN_PEPPER_ROOT;11844;11;11841;19;;;11850;21;11854;22;;;11847.0;0.0
yf_ZW=F_d10;41600;ASH_COATED_OSMIUM;9916;20;9913;23;;;9922;17;9926;16;;;9919.0;0.0
yf_ZW=F_d10;41600;INTARIAN_PEPPER_ROOT;11842;13;11840;20;;;11857;12;11859;16;;;11849.5;0.0
yf_ZW=F_d10;41700;ASH_COATED_OSMIUM;9906;16;9904;17;;;9932;18;9936;21;;;9919.0;0.0
yf_ZW=F_d10;41700;INTARIAN_PEPPER_ROOT;11848;16;11846;15;;;11854;18;11857;20;;;11851.0;0.0
yf_ZW=F_d10;41800;ASH_COATED_OSMIUM;9916;23;9914;18;;;9922;17;9924;14;;;9919.0;0.0
yf_ZW=F_d10;41800;INTARIAN_PEPPER_ROOT;11851;22;11849;19;;;11857;7;11859;24;;;11854.0;0.0
yf_ZW=F_d10;41900;ASH_COATED_OSMIUM;9916;8;9912;18;;;9922;10;9926;21;;;9919.0;0.0
yf_ZW=F_d10;41900;INTARIAN_PEPPER_ROOT;11854;6;11850;20;;;11860;16;11863;24;;;11857.0;0.0
yf_ZW=F_d10;42000;ASH_COATED_OSMIUM;9917;16;9914;15;;;9923;13;9926;16;;;9920.0;0.0
yf_ZW=F_d10;42000;INTARIAN_PEPPER_ROOT;11856;14;11852;25;;;11862;11;11864;17;;;11859.0;0.0
yf_ZW=F_d10;42100;ASH_COATED_OSMIUM;9911;8;9908;17;;;9927;13;9930;18;;;9919.0;0.0
yf_ZW=F_d10;42100;INTARIAN_PEPPER_ROOT;11834;18;11832;21;;;11889;13;11892;21;;;11861.5;0.0
yf_ZW=F_d10;42200;ASH_COATED_OSMIUM;9915;15;9911;12;;;9926;11;9930;21;;;9920.5;0.0
yf_ZW=F_d10;42200;INTARIAN_PEPPER_ROOT;11861;17;11858;20;;;11867;17;11871;18;;;11864.0;0.0
yf_ZW=F_d10;42300;ASH_COATED_OSMIUM;9916;14;9914;26;;;9923;20;9927;19;;;9919.5;0.0
yf_ZW=F_d10;42300;INTARIAN_PEPPER_ROOT;11853;13;11849;22;;;11879;10;11883;23;;;11866.0;0.0
yf_ZW=F_d10;42400;ASH_COATED_OSMIUM;9917;14;9913;21;;;9923;21;9925;17;;;9920.0;0.0
yf_ZW=F_d10;42400;INTARIAN_PEPPER_ROOT;11866;27;11864;20;;;11872;14;11875;17;;;11869.0;0.0
yf_ZW=F_d10;42500;ASH_COATED_OSMIUM;9915;12;9911;11;;;9926;22;9930;13;;;9920.5;0.0
yf_ZW=F_d10;42500;INTARIAN_PEPPER_ROOT;11869;18;11867;26;;;11875;15;11877;17;;;11872.0;0.0
yf_ZW=F_d10;42600;ASH_COATED_OSMIUM;9910;14;9906;26;;;9930;6;9933;21;;;9920.0;0.0
yf_ZW=F_d10;42600;INTARIAN_PEPPER_ROOT;11871;14;11867;17;;;11877;16;11879;20;;;11874.0;0.0
yf_ZW=F_d10;42700;ASH_COATED_OSMIUM;9917;22;9913;12;;;9923;10;9926;22;;;9920.0;0.0
yf_ZW=F_d10;42700;INTARIAN_PEPPER_ROOT;11873;15;11870;16;;;11879;17;11881;30;;;11876.0;0.0
yf_ZW=F_d10;42800;ASH_COATED_OSMIUM;9917;15;9915;15;;;9924;23;9928;19;;;9920.5;0.0
yf_ZW=F_d10;42800;INTARIAN_PEPPER_ROOT;11872;12;11868;13;;;11885;12;11889;20;;;11878.5;0.0
yf_ZW=F_d10;42900;ASH_COATED_OSMIUM;9910;14;9908;18;;;9930;9;9933;25;;;9920.0;0.0
yf_ZW=F_d10;42900;INTARIAN_PEPPER_ROOT;11878;17;11876;23;;;11884;13;11886;24;;;11881.0;0.0
yf_ZW=F_d10;43000;ASH_COATED_OSMIUM;9918;10;9914;15;;;9924;17;9926;20;;;9921.0;0.0
yf_ZW=F_d10;43000;INTARIAN_PEPPER_ROOT;11881;18;11878;16;;;11887;10;11890;20;;;11884.0;0.0
yf_ZW=F_d10;43100;ASH_COATED_OSMIUM;9918;19;9916;11;;;9924;17;9928;15;;;9921.0;0.0
yf_ZW=F_d10;43100;INTARIAN_PEPPER_ROOT;11883;12;11881;21;;;11889;16;11893;19;;;11886.0;0.0
yf_ZW=F_d10;43200;ASH_COATED_OSMIUM;9917;16;9913;25;;;9923;16;9925;21;;;9920.0;0.0
yf_ZW=F_d10;43200;INTARIAN_PEPPER_ROOT;11886;16;11883;23;;;11892;12;11895;16;;;11889.0;0.0
yf_ZW=F_d10;43300;ASH_COATED_OSMIUM;9918;13;9916;12;;;9924;14;9927;22;;;9921.0;0.0
yf_ZW=F_d10;43300;INTARIAN_PEPPER_ROOT;11887;15;11883;15;;;11895;6;11899;22;;;11891.0;0.0
yf_ZW=F_d10;43400;ASH_COATED_OSMIUM;9918;11;9916;16;;;9924;13;9926;27;;;9921.0;0.0
yf_ZW=F_d10;43400;INTARIAN_PEPPER_ROOT;11888;7;11885;31;;;11901;9;11905;17;;;11894.5;0.0
yf_ZW=F_d10;43500;ASH_COATED_OSMIUM;9918;23;9916;17;;;9924;19;9926;30;;;9921.0;0.0
yf_ZW=F_d10;43500;INTARIAN_PEPPER_ROOT;11890;20;11888;25;;;11903;11;11906;15;;;11896.5;0.0
yf_ZW=F_d10;43600;ASH_COATED_OSMIUM;9918;16;9915;16;;;9924;17;9927;18;;;9921.0;0.0
yf_ZW=F_d10;43600;INTARIAN_PEPPER_ROOT;11893;13;11891;21;;;11904;7;11907;20;;;11898.5;0.0
yf_ZW=F_d10;43700;ASH_COATED_OSMIUM;9919;16;9916;26;;;9925;11;9928;20;;;9922.0;0.0
yf_ZW=F_d10;43700;INTARIAN_PEPPER_ROOT;11895;13;11891;25;;;11908;22;11910;27;;;11901.5;0.0
yf_ZW=F_d10;43800;ASH_COATED_OSMIUM;9910;11;9908;18;;;9932;16;9934;20;;;9921.0;0.0
yf_ZW=F_d10;43800;INTARIAN_PEPPER_ROOT;11900;16;11896;12;;;11906;16;11908;21;;;11903.0;0.0
yf_ZW=F_d10;43900;ASH_COATED_OSMIUM;9918;18;9914;15;;;9924;27;9927;16;;;9921.0;0.0
yf_ZW=F_d10;43900;INTARIAN_PEPPER_ROOT;11903;23;11899;19;;;11909;16;11911;8;;;11906.0;0.0
yf_ZW=F_d10;44000;ASH_COATED_OSMIUM;9905;6;9901;14;;;9939;6;9941;12;;;9922.0;0.0
yf_ZW=F_d10;44000;INTARIAN_PEPPER_ROOT;11894;11;11892;16;;;11924;10;11928;25;;;11909.0;0.0
yf_ZW=F_d10;44100;ASH_COATED_OSMIUM;9919;15;9917;19;;;9925;14;9929;16;;;9922.0;0.0
yf_ZW=F_d10;44100;INTARIAN_PEPPER_ROOT;11908;8;11905;17;;;11915;15;11918;17;;;11911.5;0.0
yf_ZW=F_d10;44200;ASH_COATED_OSMIUM;9919;17;9916;20;;;9925;12;9928;25;;;9922.0;0.0
yf_ZW=F_d10;44200;INTARIAN_PEPPER_ROOT;11910;20;11908;21;;;11916;17;11919;13;;;11913.0;0.0
yf_ZW=F_d10;44300;ASH_COATED_OSMIUM;9919;21;9916;17;;;9925;5;9928;27;;;9922.0;0.0
yf_ZW=F_d10;44300;INTARIAN_PEPPER_ROOT;11909;7;11905;22;;;11923;13;11927;16;;;11916.0;0.0
yf_ZW=F_d10;44400;ASH_COATED_OSMIUM;9919;12;9917;9;;;9925;16;9929;25;;;9922.0;0.0
yf_ZW=F_d10;44400;INTARIAN_PEPPER_ROOT;11915;11;11912;13;;;11921;12;11925;16;;;11918.0;0.0
yf_ZW=F_d10;44500;ASH_COATED_OSMIUM;9912;10;9910;12;;;9933;24;9936;23;;;9922.5;0.0
yf_ZW=F_d10;44500;INTARIAN_PEPPER_ROOT;11918;11;11914;25;;;11924;20;11926;21;;;11921.0;0.0
yf_ZW=F_d10;44600;ASH_COATED_OSMIUM;9919;24;9916;29;;;9925;16;9929;22;;;9922.0;0.0
yf_ZW=F_d10;44600;INTARIAN_PEPPER_ROOT;11920;13;11918;21;;;11926;13;11928;13;;;11923.0;0.0
yf_ZW=F_d10;44700;ASH_COATED_OSMIUM;9917;20;9914;23;;;9929;15;9932;26;;;9923.0;0.0
yf_ZW=F_d10;44700;INTARIAN_PEPPER_ROOT;11923;19;11920;21;;;11929;21;11933;18;;;11926.0;0.0
yf_ZW=F_d10;44800;ASH_COATED_OSMIUM;9919;10;9917;26;;;9925;11;9929;8;;;9922.0;0.0
yf_ZW=F_d10;44800;INTARIAN_PEPPER_ROOT;11925;13;11922;14;;;11931;19;11935;20;;;11928.0;0.0
yf_ZW=F_d10;44900;ASH_COATED_OSMIUM;9919;16;9917;22;;;9925;17;9928;20;;;9922.0;0.0
yf_ZW=F_d10;44900;INTARIAN_PEPPER_ROOT;11928;15;11925;21;;;11934;13;11937;15;;;11931.0;0.0
yf_ZW=F_d10;45000;ASH_COATED_OSMIUM;9920;14;9916;30;;;9926;14;9928;17;;;9923.0;0.0
yf_ZW=F_d10;45000;INTARIAN_PEPPER_ROOT;11930;9;11926;14;;;11936;7;11940;20;;;11933.0;0.0
yf_ZW=F_d10;45100;ASH_COATED_OSMIUM;9905;14;9901;18;;;9940;14;9943;27;;;9922.5;0.0
yf_ZW=F_d10;45100;INTARIAN_PEPPER_ROOT;11928;10;11925;28;;;11943;9;11947;17;;;11935.5;0.0
yf_ZW=F_d10;45200;ASH_COATED_OSMIUM;9920;21;9918;15;;;9926;10;9929;30;;;9923.0;0.0
yf_ZW=F_d10;45200;INTARIAN_PEPPER_ROOT;11931;16;11928;16;;;11946;15;11949;18;;;11938.5;0.0
yf_ZW=F_d10;45300;ASH_COATED_OSMIUM;9920;15;9917;17;;;9926;18;9928;26;;;9923.0;0.0
yf_ZW=F_d10;45300;INTARIAN_PEPPER_ROOT;11938;15;11936;17;;;11944;21;11948;12;;;11941.0;0.0
yf_ZW=F_d10;45400;ASH_COATED_OSMIUM;9920;20;9918;19;;;9926;19;9930;11;;;9923.0;0.0
yf_ZW=F_d10;45400;INTARIAN_PEPPER_ROOT;11934;21;11932;17;;;11952;21;11955;18;;;11943.0;0.0
yf_ZW=F_d10;45500;ASH_COATED_OSMIUM;9921;16;9917;20;;;9927;19;9930;19;;;9924.0;0.0
yf_ZW=F_d10;45500;INTARIAN_PEPPER_ROOT;11936;17;11934;12;;;11953;13;11957;23;;;11944.5;0.0
yf_ZW=F_d10;45600;ASH_COATED_OSMIUM;9921;5;9917;27;;;9927;17;9930;25;;;9924.0;0.0
yf_ZW=F_d10;45600;INTARIAN_PEPPER_ROOT;11945;18;11943;19;;;11952;16;11954;15;;;11948.5;0.0
yf_ZW=F_d10;45700;ASH_COATED_OSMIUM;9921;19;9918;20;;;9927;5;9929;24;;;9924.0;0.0
yf_ZW=F_d10;45700;INTARIAN_PEPPER_ROOT;11947;12;11945;19;;;11953;10;11955;21;;;11950.0;0.0
yf_ZW=F_d10;45800;ASH_COATED_OSMIUM;9907;17;9905;14;;;9941;18;9944;13;;;9924.0;0.0
yf_ZW=F_d10;45800;INTARIAN_PEPPER_ROOT;11943;13;11939;24;;;11963;8;11967;20;;;11953.0;0.0
yf_ZW=F_d10;45900;ASH_COATED_OSMIUM;9920;18;9916;17;;;9926;14;9929;15;;;9923.0;0.0
yf_ZW=F_d10;45900;INTARIAN_PEPPER_ROOT;11953;15;11950;24;;;11959;5;11963;24;;;11956.0;0.0
yf_ZW=F_d10;46000;ASH_COATED_OSMIUM;9921;11;9917;19;;;9927;6;9929;19;;;9924.0;0.0
yf_ZW=F_d10;46000;INTARIAN_PEPPER_ROOT;11955;7;11952;17;;;11961;24;11963;24;;;11958.0;0.0
yf_ZW=F_d10;46100;ASH_COATED_OSMIUM;9920;13;9918;23;;;9928;24;9930;16;;;9924.0;0.0
yf_ZW=F_d10;46100;INTARIAN_PEPPER_ROOT;11957;10;11953;27;;;11963;11;11965;13;;;11960.0;0.0
yf_ZW=F_d10;46200;ASH_COATED_OSMIUM;9918;13;9915;22;;;9930;14;9933;20;;;9924.0;0.0
yf_ZW=F_d10;46200;INTARIAN_PEPPER_ROOT;11958;14;11954;10;;;11968;9;11971;25;;;11963.0;0.0
yf_ZW=F_d10;46300;ASH_COATED_OSMIUM;9917;14;9913;16;;;9932;16;9936;18;;;9924.5;0.0
yf_ZW=F_d10;46300;INTARIAN_PEPPER_ROOT;11962;16;11959;20;;;11968;17;11972;21;;;11965.0;0.0
yf_ZW=F_d10;46400;ASH_COATED_OSMIUM;9914;21;9912;14;;;9935;14;9939;15;;;9924.5;0.0
yf_ZW=F_d10;46400;INTARIAN_PEPPER_ROOT;11965;15;11963;19;;;11971;12;11975;8;;;11968.0;0.0
yf_ZW=F_d10;46500;ASH_COATED_OSMIUM;9919;6;9916;24;;;9929;20;9933;23;;;9924.0;0.0
yf_ZW=F_d10;46500;INTARIAN_PEPPER_ROOT;11967;6;11964;23;;;11973;13;11977;18;;;11970.0;0.0
yf_ZW=F_d10;46600;ASH_COATED_OSMIUM;9922;20;9920;11;;;9928;16;9930;23;;;9925.0;0.0
yf_ZW=F_d10;46600;INTARIAN_PEPPER_ROOT;11964;20;11962;18;;;11981;17;11985;15;;;11972.5;0.0
yf_ZW=F_d10;46700;ASH_COATED_OSMIUM;9922;19;9919;12;;;9928;19;9932;11;;;9925.0;0.0
yf_ZW=F_d10;46700;INTARIAN_PEPPER_ROOT;11971;11;11969;22;;;11979;16;11982;24;;;11975.0;0.0
yf_ZW=F_d10;46800;ASH_COATED_OSMIUM;9922;10;9918;15;;;9928;13;9931;28;;;9925.0;0.0
yf_ZW=F_d10;46800;INTARIAN_PEPPER_ROOT;11974;17;11972;23;;;11980;20;11984;23;;;11977.0;0.0
yf_ZW=F_d10;46900;ASH_COATED_OSMIUM;9911;5;9908;20;;;9938;12;9942;19;;;9924.5;0.0
yf_ZW=F_d10;46900;INTARIAN_PEPPER_ROOT;11963;13;11960;23;;;11997;17;12000;23;;;11980.0;0.0
yf_ZW=F_d10;47000;ASH_COATED_OSMIUM;9915;7;9911;18;;;9934;9;9936;23;;;9924.5;0.0
yf_ZW=F_d10;47000;INTARIAN_PEPPER_ROOT;11978;15;11974;17;;;11987;12;11989;11;;;11982.5;0.0
yf_ZW=F_d10;47100;ASH_COATED_OSMIUM;9922;25;9918;30;;;9929;16;9931;31;;;9925.5;0.0
yf_ZW=F_d10;47100;INTARIAN_PEPPER_ROOT;11980;19;11976;21;;;11990;18;11993;12;;;11985.0;0.0
yf_ZW=F_d10;47200;ASH_COATED_OSMIUM;9921;18;9917;20;;;9929;22;9932;14;;;9925.0;0.0
yf_ZW=F_d10;47200;INTARIAN_PEPPER_ROOT;11982;10;11979;22;;;11993;11;11997;22;;;11987.5;0.0
yf_ZW=F_d10;47300;ASH_COATED_OSMIUM;9922;17;9920;17;;;9928;23;9932;19;;;9925.0;0.0
yf_ZW=F_d10;47300;INTARIAN_PEPPER_ROOT;11984;12;11980;23;;;11997;5;11999;9;;;11990.5;0.0
yf_ZW=F_d10;47400;ASH_COATED_OSMIUM;9912;19;9909;14;;;9940;12;9944;16;;;9926.0;0.0
yf_ZW=F_d10;47400;INTARIAN_PEPPER_ROOT;11989;18;11986;20;;;11995;11;11997;21;;;11992.0;0.0
yf_ZW=F_d10;47500;ASH_COATED_OSMIUM;9923;11;9919;16;;;9929;8;9932;18;;;9926.0;0.0
yf_ZW=F_d10;47500;INTARIAN_PEPPER_ROOT;11992;16;11989;21;;;11998;16;12002;22;;;11995.0;0.0
yf_ZW=F_d10;47600;ASH_COATED_OSMIUM;9923;13;9919;16;;;9930;17;9934;8;;;9926.5;0.0
yf_ZW=F_d10;47600;INTARIAN_PEPPER_ROOT;11991;14;11989;19;;;12005;19;12008;11;;;11998.0;0.0
yf_ZW=F_d10;47700;ASH_COATED_OSMIUM;9923;26;9921;23;;;9929;16;9933;13;;;9926.0;0.0
yf_ZW=F_d10;47700;INTARIAN_PEPPER_ROOT;11997;7;11995;22;;;12003;20;12005;22;;;12000.0;0.0
yf_ZW=F_d10;47800;ASH_COATED_OSMIUM;9924;24;9922;26;;;9930;13;9933;21;;;9927.0;0.0
yf_ZW=F_d10;47800;INTARIAN_PEPPER_ROOT;11999;5;11997;20;;;12005;17;12007;20;;;12002.0;0.0
yf_ZW=F_d10;47900;ASH_COATED_OSMIUM;9923;14;9921;14;;;9929;21;9932;20;;;9926.0;0.0
yf_ZW=F_d10;47900;INTARIAN_PEPPER_ROOT;11993;12;11990;33;;;12017;10;12020;22;;;12005.0;0.0
yf_ZW=F_d10;48000;ASH_COATED_OSMIUM;9924;8;9922;22;;;9930;12;9934;13;;;9927.0;0.0
yf_ZW=F_d10;48000;INTARIAN_PEPPER_ROOT;12004;17;12000;15;;;12011;22;12014;19;;;12007.5;0.0
yf_ZW=F_d10;48100;ASH_COATED_OSMIUM;9924;14;9921;23;;;9930;6;9934;20;;;9927.0;0.0
yf_ZW=F_d10;48100;INTARIAN_PEPPER_ROOT;12007;15;12003;24;;;12013;10;12017;20;;;12010.0;0.0
yf_ZW=F_d10;48200;ASH_COATED_OSMIUM;9924;10;9920;21;;;9930;14;9933;21;;;9927.0;0.0
yf_ZW=F_d10;48200;INTARIAN_PEPPER_ROOT;12009;22;12006;21;;;12015;17;12017;12;;;12012.0;0.0
yf_ZW=F_d10;48300;ASH_COATED_OSMIUM;9917;20;9914;25;;;9937;10;9939;15;;;9927.0;0.0
yf_ZW=F_d10;48300;INTARIAN_PEPPER_ROOT;12012;13;12009;15;;;12018;23;12020;20;;;12015.0;0.0
yf_ZW=F_d10;48400;ASH_COATED_OSMIUM;9922;9;9918;29;;;9931;19;9934;18;;;9926.5;0.0
yf_ZW=F_d10;48400;INTARIAN_PEPPER_ROOT;12014;18;12010;20;;;12020;16;12023;14;;;12017.0;0.0
yf_ZW=F_d10;48500;ASH_COATED_OSMIUM;9924;16;9922;20;;;9930;12;9934;18;;;9927.0;0.0
yf_ZW=F_d10;48500;INTARIAN_PEPPER_ROOT;12017;17;12015;21;;;12023;11;12026;25;;;12020.0;0.0
yf_ZW=F_d10;48600;ASH_COATED_OSMIUM;9924;16;9921;21;;;9930;20;9933;20;;;9927.0;0.0
yf_ZW=F_d10;48600;INTARIAN_PEPPER_ROOT;12019;7;12017;21;;;12025;14;12029;15;;;12022.0;0.0
yf_ZW=F_d10;48700;ASH_COATED_OSMIUM;9924;23;9922;22;;;9931;18;9935;28;;;9927.5;0.0
yf_ZW=F_d10;48700;INTARIAN_PEPPER_ROOT;12020;7;12018;22;;;12028;10;12032;24;;;12024.0;0.0
yf_ZW=F_d10;48800;ASH_COATED_OSMIUM;9924;10;9922;22;;;9930;20;9933;25;;;9927.0;0.0
yf_ZW=F_d10;48800;INTARIAN_PEPPER_ROOT;12024;12;12020;25;;;12030;13;12032;13;;;12027.0;0.0
yf_ZW=F_d10;48900;ASH_COATED_OSMIUM;9921;22;9917;20;;;9933;23;9935;16;;;9927.0;0.0
yf_ZW=F_d10;48900;INTARIAN_PEPPER_ROOT;12027;8;12023;20;;;12033;18;12037;17;;;12030.0;0.0
yf_ZW=F_d10;49000;ASH_COATED_OSMIUM;9920;13;9916;21;;;9936;9;9939;20;;;9928.0;0.0
yf_ZW=F_d10;49000;INTARIAN_PEPPER_ROOT;12026;12;12024;28;;;12037;13;12040;18;;;12031.5;0.0
yf_ZW=F_d10;49100;ASH_COATED_OSMIUM;9925;21;9922;17;;;9932;15;9935;18;;;9928.5;0.0
yf_ZW=F_d10;49100;INTARIAN_PEPPER_ROOT;12032;21;12030;22;;;12038;19;12040;13;;;12035.0;0.0
yf_ZW=F_d10;49200;ASH_COATED_OSMIUM;9924;12;9921;21;;;9930;10;9933;19;;;9927.0;0.0
yf_ZW=F_d10;49200;INTARIAN_PEPPER_ROOT;12034;20;12030;11;;;12040;12;12042;18;;;12037.0;0.0
yf_ZW=F_d10;49300;ASH_COATED_OSMIUM;9925;12;9923;17;;;9931;13;9934;21;;;9928.0;0.0
yf_ZW=F_d10;49300;INTARIAN_PEPPER_ROOT;12035;5;12031;8;;;12043;13;12045;12;;;12039.0;0.0
yf_ZW=F_d10;49400;ASH_COATED_OSMIUM;9921;10;9917;22;;;9934;17;9937;22;;;9927.5;0.0
yf_ZW=F_d10;49400;INTARIAN_PEPPER_ROOT;12038;17;12034;21;;;12046;5;12049;15;;;12042.0;0.0
yf_ZW=F_d10;49500;ASH_COATED_OSMIUM;9925;15;9922;20;;;9931;11;9934;14;;;9928.0;0.0
yf_ZW=F_d10;49500;INTARIAN_PEPPER_ROOT;12040;8;12036;13;;;12046;14;12050;18;;;12043.0;0.0
yf_ZW=F_d10;49600;ASH_COATED_OSMIUM;9925;13;9921;16;;;9931;18;9933;23;;;9928.0;0.0
yf_ZW=F_d10;49600;INTARIAN_PEPPER_ROOT;12043;12;12041;16;;;12050;23;12053;8;;;12046.5;0.0
yf_ZW=F_d10;49700;ASH_COATED_OSMIUM;9900;11;9896;19;;;9956;19;9958;14;;;9928.0;0.0
yf_ZW=F_d10;49700;INTARIAN_PEPPER_ROOT;12038;13;12034;12;;;12061;20;12063;21;;;12049.5;0.0
yf_ZW=F_d10;49800;ASH_COATED_OSMIUM;9926;17;9923;23;;;9932;17;9936;22;;;9929.0;0.0
yf_ZW=F_d10;49800;INTARIAN_PEPPER_ROOT;12049;16;12045;26;;;12055;19;12057;22;;;12052.0;0.0
yf_ZW=F_d10;49900;ASH_COATED_OSMIUM;9926;11;9923;22;;;9932;15;9935;18;;;9929.0;0.0
yf_ZW=F_d10;49900;INTARIAN_PEPPER_ROOT;12049;7;12045;16;;;12058;7;12060;21;;;12053.5;0.0
yf_ZW=F_d10;50000;ASH_COATED_OSMIUM;9926;15;9924;11;;;9932;21;9934;10;;;9929.0;0.0
yf_ZW=F_d10;50000;INTARIAN_PEPPER_ROOT;12054;12;12050;22;;;12060;13;12062;12;;;12057.0;0.0
yf_ZW=F_d10;50100;ASH_COATED_OSMIUM;9919;19;9916;21;;;9940;12;9943;28;;;9929.5;0.0
yf_ZW=F_d10;50100;INTARIAN_PEPPER_ROOT;12056;9;12053;22;;;12062;14;12065;9;;;12059.0;0.0
yf_ZW=F_d10;50200;ASH_COATED_OSMIUM;9926;7;9924;22;;;9932;13;9936;16;;;9929.0;0.0
yf_ZW=F_d10;50200;INTARIAN_PEPPER_ROOT;12057;12;12053;31;;;12065;15;12069;10;;;12061.0;0.0
yf_ZW=F_d10;50300;ASH_COATED_OSMIUM;9925;23;9921;22;;;9934;21;9937;23;;;9929.5;0.0
yf_ZW=F_d10;50300;INTARIAN_PEPPER_ROOT;12060;16;12058;15;;;12066;5;12070;20;;;12063.0;0.0
yf_ZW=F_d10;50400;ASH_COATED_OSMIUM;9923;19;9921;15;;;9936;16;9939;23;;;9929.5;0.0
yf_ZW=F_d10;50400;INTARIAN_PEPPER_ROOT;12063;19;12061;14;;;12069;7;12071;16;;;12066.0;0.0
yf_ZW=F_d10;50500;ASH_COATED_OSMIUM;9926;14;9924;16;;;9932;5;9935;26;;;9929.0;0.0
yf_ZW=F_d10;50500;INTARIAN_PEPPER_ROOT;12054;11;12050;17;;;12082;15;12085;27;;;12068.0;0.0
yf_ZW=F_d10;50600;ASH_COATED_OSMIUM;9924;14;9921;16;;;9937;16;9940;21;;;9930.5;0.0
yf_ZW=F_d10;50600;INTARIAN_PEPPER_ROOT;12064;20;12061;17;;;12079;9;12081;20;;;12071.5;0.0
yf_ZW=F_d10;50700;ASH_COATED_OSMIUM;9923;15;9919;28;;;9936;22;9938;16;;;9929.5;0.0
yf_ZW=F_d10;50700;INTARIAN_PEPPER_ROOT;12071;11;12068;20;;;12077;16;12080;27;;;12074.0;0.0
yf_ZW=F_d10;50800;ASH_COATED_OSMIUM;9927;15;9925;23;;;9933;10;9937;18;;;9930.0;0.0
yf_ZW=F_d10;50800;INTARIAN_PEPPER_ROOT;12073;9;12071;8;;;12079;14;12082;24;;;12076.0;0.0
yf_ZW=F_d10;50900;ASH_COATED_OSMIUM;9927;5;9923;27;;;9933;14;9935;26;;;9930.0;0.0
yf_ZW=F_d10;50900;INTARIAN_PEPPER_ROOT;12077;7;12073;14;;;12083;18;12085;11;;;12080.0;0.0
yf_ZW=F_d10;51000;ASH_COATED_OSMIUM;9916;10;9912;28;;;9944;15;9946;17;;;9930.0;0.0
yf_ZW=F_d10;51000;INTARIAN_PEPPER_ROOT;12083;6;12080;15;;;12089;12;12091;22;;;12086.0;0.0
yf_ZW=F_d10;51100;ASH_COATED_OSMIUM;9923;5;9921;8;;;9936;27;9939;22;;;9929.5;0.0
yf_ZW=F_d10;51100;INTARIAN_PEPPER_ROOT;12088;17;12086;13;;;12095;20;12097;22;;;12091.5;0.0
yf_ZW=F_d10;51200;ASH_COATED_OSMIUM;9921;17;9919;24;;;9938;8;9940;33;;;9929.5;0.0
yf_ZW=F_d10;51200;INTARIAN_PEPPER_ROOT;12092;15;12090;20;;;12102;10;12104;20;;;12097.0;0.0
yf_ZW=F_d10;51300;ASH_COATED_OSMIUM;9927;11;9925;17;;;9933;14;9935;17;;;9930.0;0.0
yf_ZW=F_d10;51300;INTARIAN_PEPPER_ROOT;12097;5;12093;11;;;12107;5;12110;27;;;12102.0;0.0
yf_ZW=F_d10;51400;ASH_COATED_OSMIUM;9924;20;9920;22;;;9935;18;9938;16;;;9929.5;0.0
yf_ZW=F_d10;51400;INTARIAN_PEPPER_ROOT;12096;16;12092;25;;;12118;11;12120;15;;;12107.0;0.0
yf_ZW=F_d10;51500;ASH_COATED_OSMIUM;9927;16;9925;14;;;9933;16;9936;14;;;9930.0;0.0
yf_ZW=F_d10;51500;INTARIAN_PEPPER_ROOT;12110;5;12107;19;;;12116;30;12120;25;;;12113.0;0.0
yf_ZW=F_d10;51600;ASH_COATED_OSMIUM;9926;9;9923;25;;;9934;9;9938;14;;;9930.0;0.0
yf_ZW=F_d10;51600;INTARIAN_PEPPER_ROOT;12115;14;12111;17;;;12123;16;12125;19;;;12119.0;0.0
yf_ZW=F_d10;51700;ASH_COATED_OSMIUM;9926;15;9922;20;;;9935;17;9937;21;;;9930.5;0.0
yf_ZW=F_d10;51700;INTARIAN_PEPPER_ROOT;12121;7;12119;16;;;12127;10;12131;21;;;12124.0;0.0
yf_ZW=F_d10;51800;ASH_COATED_OSMIUM;9924;19;9921;26;;;9936;23;9940;25;;;9930.0;0.0
yf_ZW=F_d10;51800;INTARIAN_PEPPER_ROOT;12125;19;12121;15;;;12134;26;12136;24;;;12129.5;0.0
yf_ZW=F_d10;51900;ASH_COATED_OSMIUM;9928;16;9925;20;;;9934;5;9937;26;;;9931.0;0.0
yf_ZW=F_d10;51900;INTARIAN_PEPPER_ROOT;12129;20;12126;20;;;12140;12;12143;21;;;12134.5;0.0
yf_ZW=F_d10;52000;ASH_COATED_OSMIUM;9918;13;9916;15;;;9941;15;9943;19;;;9929.5;0.0
yf_ZW=F_d10;52000;INTARIAN_PEPPER_ROOT;12138;9;12134;16;;;12144;14;12148;20;;;12141.0;0.0
yf_ZW=F_d10;52100;ASH_COATED_OSMIUM;9927;15;9924;14;;;9933;26;9936;23;;;9930.0;0.0
yf_ZW=F_d10;52100;INTARIAN_PEPPER_ROOT;12142;12;12139;21;;;12148;13;12152;18;;;12145.0;0.0
yf_ZW=F_d10;52200;ASH_COATED_OSMIUM;9924;18;9920;20;;;9936;26;9939;19;;;9930.0;0.0
yf_ZW=F_d10;52200;INTARIAN_PEPPER_ROOT;12149;10;12147;27;;;12155;16;12159;25;;;12152.0;0.0
yf_ZW=F_d10;52300;ASH_COATED_OSMIUM;9928;16;9926;25;;;9934;18;9937;10;;;9931.0;0.0
yf_ZW=F_d10;52300;INTARIAN_PEPPER_ROOT;12154;16;12151;14;;;12160;13;12164;19;;;12157.0;0.0
yf_ZW=F_d10;52400;ASH_COATED_OSMIUM;9928;14;9924;28;;;9934;16;9938;21;;;9931.0;0.0
yf_ZW=F_d10;52400;INTARIAN_PEPPER_ROOT;12160;16;12157;19;;;12166;5;12168;20;;;12163.0;0.0
yf_ZW=F_d10;52500;ASH_COATED_OSMIUM;9927;12;9923;28;;;9933;5;9937;9;;;9930.0;0.0
yf_ZW=F_d10;52500;INTARIAN_PEPPER_ROOT;12163;13;12159;27;;;12171;11;12173;18;;;12167.0;0.0
yf_ZW=F_d10;52600;ASH_COATED_OSMIUM;9926;5;9923;27;;;9934;20;9937;18;;;9930.0;0.0
yf_ZW=F_d10;52600;INTARIAN_PEPPER_ROOT;12170;13;12167;19;;;12176;9;12178;21;;;12173.0;0.0
yf_ZW=F_d10;52700;ASH_COATED_OSMIUM;9928;7;9924;25;;;9934;14;9937;17;;;9931.0;0.0
yf_ZW=F_d10;52700;INTARIAN_PEPPER_ROOT;12176;10;12173;17;;;12182;14;12185;26;;;12179.0;0.0
yf_ZW=F_d10;52800;ASH_COATED_OSMIUM;9927;17;9924;18;;;9933;10;9935;16;;;9930.0;0.0
yf_ZW=F_d10;52800;INTARIAN_PEPPER_ROOT;12180;20;12177;17;;;12187;10;12189;14;;;12183.5;0.0
yf_ZW=F_d10;52900;ASH_COATED_OSMIUM;9928;19;9924;16;;;9934;21;9938;19;;;9931.0;0.0
yf_ZW=F_d10;52900;INTARIAN_PEPPER_ROOT;12180;9;12178;17;;;12198;13;12201;17;;;12189.0;0.0
yf_ZW=F_d10;53000;ASH_COATED_OSMIUM;9928;15;9925;21;;;9934;15;9937;19;;;9931.0;0.0
yf_ZW=F_d10;53000;INTARIAN_PEPPER_ROOT;12192;7;12190;9;;;12198;18;12202;19;;;12195.0;0.0
yf_ZW=F_d10;53100;ASH_COATED_OSMIUM;9924;17;9922;16;;;9937;18;9940;19;;;9930.5;0.0
yf_ZW=F_d10;53100;INTARIAN_PEPPER_ROOT;12194;16;12190;17;;;12207;15;12211;12;;;12200.5;0.0
yf_ZW=F_d10;53200;ASH_COATED_OSMIUM;9924;11;9921;12;;;9937;15;9939;13;;;9930.5;0.0
yf_ZW=F_d10;53200;INTARIAN_PEPPER_ROOT;12201;15;12197;9;;;12210;11;12214;8;;;12205.5;0.0
yf_ZW=F_d10;53300;ASH_COATED_OSMIUM;9927;18;9924;24;;;9933;5;9937;15;;;9930.0;0.0
yf_ZW=F_d10;53300;INTARIAN_PEPPER_ROOT;12207;15;12203;18;;;12213;12;12217;22;;;12210.0;0.0
yf_ZW=F_d10;53400;ASH_COATED_OSMIUM;9920;23;9916;18;;;9941;9;9943;25;;;9930.5;0.0
yf_ZW=F_d10;53400;INTARIAN_PEPPER_ROOT;12213;15;12210;19;;;12219;19;12222;23;;;12216.0;0.0
yf_ZW=F_d10;53500;ASH_COATED_OSMIUM;9927;10;9923;15;;;9934;14;9937;18;;;9930.5;0.0
yf_ZW=F_d10;53500;INTARIAN_PEPPER_ROOT;12219;18;12216;28;;;12225;18;12229;27;;;12222.0;0.0
yf_ZW=F_d10;53600;ASH_COATED_OSMIUM;9928;7;9924;9;;;9934;16;9936;22;;;9931.0;0.0
yf_ZW=F_d10;53600;INTARIAN_PEPPER_ROOT;12225;19;12221;26;;;12231;11;12235;24;;;12228.0;0.0
yf_ZW=F_d10;53700;ASH_COATED_OSMIUM;9928;19;9924;20;;;9934;9;9937;23;;;9931.0;0.0
yf_ZW=F_d10;53700;INTARIAN_PEPPER_ROOT;12228;14;12225;20;;;12237;18;12239;20;;;12232.5;0.0
yf_ZW=F_d10;53800;ASH_COATED_OSMIUM;9924;19;9922;24;;;9937;16;9939;23;;;9930.5;0.0
yf_ZW=F_d10;53800;INTARIAN_PEPPER_ROOT;12236;17;12232;24;;;12242;18;12246;24;;;12239.0;0.0
yf_ZW=F_d10;53900;ASH_COATED_OSMIUM;9929;17;9925;17;;;9935;16;9938;14;;;9932.0;0.0
yf_ZW=F_d10;53900;INTARIAN_PEPPER_ROOT;12240;15;12238;29;;;12246;10;12249;12;;;12243.0;0.0
yf_ZW=F_d10;54000;ASH_COATED_OSMIUM;9928;7;9925;12;;;9934;14;9937;29;;;9931.0;0.0
yf_ZW=F_d10;54000;INTARIAN_PEPPER_ROOT;12246;11;12244;17;;;12252;22;12255;24;;;12249.0;0.0
yf_ZW=F_d10;54100;ASH_COATED_OSMIUM;9928;12;9925;19;;;9934;16;9937;20;;;9931.0;0.0
yf_ZW=F_d10;54100;INTARIAN_PEPPER_ROOT;12247;15;12244;19;;;12260;21;12263;21;;;12253.5;0.0
yf_ZW=F_d10;54200;ASH_COATED_OSMIUM;9927;12;9924;24;;;9936;5;9940;30;;;9931.5;0.0
yf_ZW=F_d10;54200;INTARIAN_PEPPER_ROOT;12257;19;12254;16;;;12263;10;12265;19;;;12260.0;0.0
yf_ZW=F_d10;54300;ASH_COATED_OSMIUM;9928;22;9925;17;;;9934;25;9936;16;;;9931.0;0.0
yf_ZW=F_d10;54300;INTARIAN_PEPPER_ROOT;12263;16;12261;18;;;12269;12;12273;23;;;12266.0;0.0
yf_ZW=F_d10;54400;ASH_COATED_OSMIUM;9928;23;9926;23;;;9934;20;9936;12;;;9931.0;0.0
yf_ZW=F_d10;54400;INTARIAN_PEPPER_ROOT;12266;11;12263;21;;;12277;6;12279;24;;;12271.5;0.0
yf_ZW=F_d10;54500;ASH_COATED_OSMIUM;9928;19;9924;22;;;9934;9;9937;13;;;9931.0;0.0
yf_ZW=F_d10;54500;INTARIAN_PEPPER_ROOT;12268;22;12266;18;;;12285;10;12288;13;;;12276.5;0.0
yf_ZW=F_d10;54600;ASH_COATED_OSMIUM;9917;11;9915;17;;;9944;14;9948;26;;;9930.5;0.0
yf_ZW=F_d10;54600;INTARIAN_PEPPER_ROOT;12279;20;12277;20;;;12285;19;12288;16;;;12282.0;0.0
yf_ZW=F_d10;54700;ASH_COATED_OSMIUM;9928;23;9924;19;;;9934;9;9936;16;;;9931.0;0.0
yf_ZW=F_d10;54700;INTARIAN_PEPPER_ROOT;12278;20;12274;20;;;12297;9;12301;18;;;12287.5;0.0
yf_ZW=F_d10;54800;ASH_COATED_OSMIUM;9928;15;9924;12;;;9934;17;9938;19;;;9931.0;0.0
yf_ZW=F_d10;54800;INTARIAN_PEPPER_ROOT;12274;21;12271;16;;;12311;25;12314;24;;;12292.5;0.0
yf_ZW=F_d10;54900;ASH_COATED_OSMIUM;9928;12;9924;8;;;9934;15;9938;22;;;9931.0;0.0
yf_ZW=F_d10;54900;INTARIAN_PEPPER_ROOT;12292;8;12290;21;;;12303;13;12305;19;;;12297.5;0.0
yf_ZW=F_d10;55000;ASH_COATED_OSMIUM;9928;12;9926;18;;;9934;14;9938;20;;;9931.0;0.0
yf_ZW=F_d10;55000;INTARIAN_PEPPER_ROOT;12295;14;12292;23;;;12314;16;12318;24;;;12304.5;0.0
yf_ZW=F_d10;55100;ASH_COATED_OSMIUM;9928;16;9925;19;;;9934;8;9936;10;;;9931.0;0.0
yf_ZW=F_d10;55100;INTARIAN_PEPPER_ROOT;12305;14;12301;20;;;12315;23;12317;20;;;12310.0;0.0
yf_ZW=F_d10;55200;ASH_COATED_OSMIUM;9926;15;9924;15;;;9936;19;9938;20;;;9931.0;0.0
yf_ZW=F_d10;55200;INTARIAN_PEPPER_ROOT;12311;11;12307;24;;;12319;22;12323;19;;;12315.0;0.0
yf_ZW=F_d10;55300;ASH_COATED_OSMIUM;9927;16;9923;17;;;9937;16;9941;30;;;9932.0;0.0
yf_ZW=F_d10;55300;INTARIAN_PEPPER_ROOT;12315;13;12312;21;;;12324;9;12327;26;;;12319.5;0.0
yf_ZW=F_d10;55400;ASH_COATED_OSMIUM;9928;12;9926;25;;;9934;19;9936;18;;;9931.0;0.0
yf_ZW=F_d10;55400;INTARIAN_PEPPER_ROOT;12322;5;12320;13;;;12328;12;12332;20;;;12325.0;0.0
yf_ZW=F_d10;55500;ASH_COATED_OSMIUM;9929;5;9925;10;;;9935;12;9939;17;;;9932.0;0.0
yf_ZW=F_d10;55500;INTARIAN_PEPPER_ROOT;12308;27;12306;22;;;12355;11;12357;20;;;12331.5;0.0
yf_ZW=F_d10;55600;ASH_COATED_OSMIUM;9928;15;9925;24;;;9934;12;9937;23;;;9931.0;0.0
yf_ZW=F_d10;55600;INTARIAN_PEPPER_ROOT;12333;12;12331;19;;;12339;19;12342;31;;;12336.0;0.0
yf_ZW=F_d10;55700;ASH_COATED_OSMIUM;9926;13;9924;10;;;9937;22;9939;22;;;9931.5;0.0
yf_ZW=F_d10;55700;INTARIAN_PEPPER_ROOT;12339;12;12337;19;;;12345;15;12347;16;;;12342.0;0.0
yf_ZW=F_d10;55800;ASH_COATED_OSMIUM;9928;17;9926;19;;;9934;15;9937;22;;;9931.0;0.0
yf_ZW=F_d10;55800;INTARIAN_PEPPER_ROOT;12344;19;12341;19;;;12350;10;12354;14;;;12347.0;0.0
yf_ZW=F_d10;55900;ASH_COATED_OSMIUM;9920;16;9918;35;;;9943;8;9946;23;;;9931.5;0.0
yf_ZW=F_d10;55900;INTARIAN_PEPPER_ROOT;12350;16;12347;17;;;12356;20;12360;12;;;12353.0;0.0
yf_ZW=F_d10;56000;ASH_COATED_OSMIUM;9929;14;9927;15;;;9935;9;9938;13;;;9932.0;0.0
yf_ZW=F_d10;56000;INTARIAN_PEPPER_ROOT;12352;5;12349;17;;;12365;17;12369;14;;;12358.5;0.0
yf_ZW=F_d10;56100;ASH_COATED_OSMIUM;9928;15;9925;28;;;9935;13;9939;22;;;9931.5;0.0
yf_ZW=F_d10;56100;INTARIAN_PEPPER_ROOT;12344;13;12342;24;;;12382;16;12385;15;;;12363.0;0.0
yf_ZW=F_d10;56200;ASH_COATED_OSMIUM;9929;9;9926;30;;;9935;17;9938;21;;;9932.0;0.0
yf_ZW=F_d10;56200;INTARIAN_PEPPER_ROOT;12358;18;12354;26;;;12380;19;12383;21;;;12369.0;0.0
yf_ZW=F_d10;56300;ASH_COATED_OSMIUM;9929;12;9927;13;;;9935;19;9938;19;;;9932.0;0.0
yf_ZW=F_d10;56300;INTARIAN_PEPPER_ROOT;12365;11;12362;18;;;12384;8;12387;21;;;12374.5;0.0
yf_ZW=F_d10;56400;ASH_COATED_OSMIUM;9929;15;9926;22;;;9935;13;9938;18;;;9932.0;0.0
yf_ZW=F_d10;56400;INTARIAN_PEPPER_ROOT;12372;13;12368;21;;;12389;19;12393;20;;;12380.5;0.0
yf_ZW=F_d10;56500;ASH_COATED_OSMIUM;9927;14;9925;26;;;9937;11;9940;13;;;9932.0;0.0
yf_ZW=F_d10;56500;INTARIAN_PEPPER_ROOT;12373;11;12371;26;;;12397;12;12401;12;;;12385.0;0.0
yf_ZW=F_d10;56600;ASH_COATED_OSMIUM;9927;10;9923;24;;;9936;16;9938;13;;;9931.5;0.0
yf_ZW=F_d10;56600;INTARIAN_PEPPER_ROOT;12387;18;12385;23;;;12394;12;12398;19;;;12390.5;0.0
yf_ZW=F_d10;56700;ASH_COATED_OSMIUM;9919;14;9917;24;;;9944;15;9947;24;;;9931.5;0.0
yf_ZW=F_d10;56700;INTARIAN_PEPPER_ROOT;12393;18;12391;20;;;12399;17;12402;10;;;12396.0;0.0
yf_ZW=F_d10;56800;ASH_COATED_OSMIUM;9929;22;9925;18;;;9935;19;9939;23;;;9932.0;0.0
yf_ZW=F_d10;56800;INTARIAN_PEPPER_ROOT;12398;22;12394;15;;;12404;17;12406;20;;;12401.0;0.0
yf_ZW=F_d10;56900;ASH_COATED_OSMIUM;9929;5;9927;9;;;9935;13;9939;20;;;9932.0;0.0
yf_ZW=F_d10;56900;INTARIAN_PEPPER_ROOT;12397;7;12395;16;;;12417;6;12420;22;;;12407.0;0.0
yf_ZW=F_d10;57000;ASH_COATED_OSMIUM;9928;21;9925;15;;;9934;18;9938;20;;;9931.0;0.0
yf_ZW=F_d10;57000;INTARIAN_PEPPER_ROOT;12410;15;12406;14;;;12416;15;12419;17;;;12413.0;0.0
yf_ZW=F_d10;57100;ASH_COATED_OSMIUM;9922;7;9919;17;;;9940;18;9944;19;;;9931.0;0.0
yf_ZW=F_d10;57100;INTARIAN_PEPPER_ROOT;12415;12;12411;31;;;12421;15;12425;13;;;12418.0;0.0
yf_ZW=F_d10;57200;ASH_COATED_OSMIUM;9929;17;9926;17;;;9935;12;9939;20;;;9932.0;0.0
yf_ZW=F_d10;57200;INTARIAN_PEPPER_ROOT;12421;17;12419;15;;;12427;12;12431;18;;;12424.0;0.0
yf_ZW=F_d10;57300;ASH_COATED_OSMIUM;9929;8;9926;20;;;9935;10;9939;22;;;9932.0;0.0
yf_ZW=F_d10;57300;INTARIAN_PEPPER_ROOT;12425;10;12422;19;;;12431;15;12434;15;;;12428.0;0.0
yf_ZW=F_d10;57400;ASH_COATED_OSMIUM;9929;16;9925;19;;;9935;14;9938;26;;;9932.0;0.0
yf_ZW=F_d10;57400;INTARIAN_PEPPER_ROOT;12431;7;12428;17;;;12437;22;12440;18;;;12434.0;0.0
yf_ZW=F_d10;57500;ASH_COATED_OSMIUM;9929;20;9925;16;;;9935;12;9937;18;;;9932.0;0.0
yf_ZW=F_d10;57500;INTARIAN_PEPPER_ROOT;12437;10;12433;20;;;12443;17;12445;21;;;12440.0;0.0
yf_ZW=F_d10;57600;ASH_COATED_OSMIUM;9929;17;9927;18;;;9935;8;9938;24;;;9932.0;0.0
yf_ZW=F_d10;57600;INTARIAN_PEPPER_ROOT;12442;11;12438;15;;;12448;17;12450;18;;;12445.0;0.0
