day;timestamp;product;bid_price_1;bid_volume_1;bid_price_2;bid_volume_2;bid_price_3;bid_volume_3;ask_price_1;ask_volume_1;ask_price_2;ask_volume_2;ask_price_3;ask_volume_3;mid_price;profit_and_loss
yf_ZS=F_d1;0;ASH_COATED_OSMIUM;9940;20;9938;21;;;9946;16;9950;25;;;9943.0;0.0
yf_ZS=F_d1;0;INTARIAN_PEPPER_ROOT;12997;11;12993;17;;;13003;16;13007;19;;;13000.0;0.0
yf_ZS=F_d1;100;ASH_COATED_OSMIUM;9939;11;9935;20;;;9948;11;9950;19;;;9943.5;0.0
yf_ZS=F_d1;100;INTARIAN_PEPPER_ROOT;12996;11;12993;10;;;13002;18;13004;26;;;12999.0;0.0
yf_ZS=F_d1;200;ASH_COATED_OSMIUM;9940;14;9938;26;;;9947;10;9950;18;;;9943.5;0.0
yf_ZS=F_d1;200;INTARIAN_PEPPER_ROOT;12996;13;12993;15;;;13002;16;13006;20;;;12999.0;0.0
yf_ZS=F_d1;300;ASH_COATED_OSMIUM;9939;10;9937;18;;;9948;13;9952;18;;;9943.5;0.0
yf_ZS=F_d1;300;INTARIAN_PEPPER_ROOT;12996;14;12992;25;;;13002;11;13005;21;;;12999.0;0.0
yf_ZS=F_d1;400;ASH_COATED_OSMIUM;9940;17;9936;8;;;9946;10;9950;13;;;9943.0;0.0
yf_ZS=F_d1;400;INTARIAN_PEPPER_ROOT;12983;9;12981;21;;;13014;19;13018;14;;;12998.5;0.0
yf_ZS=F_d1;500;ASH_COATED_OSMIUM;9940;17;9938;13;;;9946;18;9949;24;;;9943.0;0.0
yf_ZS=F_d1;500;INTARIAN_PEPPER_ROOT;12995;15;12993;17;;;13001;9;13005;22;;;12998.0;0.0
yf_ZS=F_d1;600;ASH_COATED_OSMIUM;9940;8;9937;21;;;9946;16;9949;30;;;9943.0;0.0
yf_ZS=F_d1;600;INTARIAN_PEPPER_ROOT;12993;16;12991;15;;;13003;13;13006;21;;;12998.0;0.0
yf_ZS=F_d1;700;ASH_COATED_OSMIUM;9939;17;9935;24;;;9947;13;9951;15;;;9943.0;0.0
yf_ZS=F_d1;700;INTARIAN_PEPPER_ROOT;12995;22;12991;16;;;13001;12;13003;24;;;12998.0;0.0
yf_ZS=F_d1;800;ASH_COATED_OSMIUM;9940;14;9938;14;;;9946;10;9949;19;;;9943.0;0.0
yf_ZS=F_d1;800;INTARIAN_PEPPER_ROOT;12994;8;12990;15;;;13000;9;13003;17;;;12997.0;0.0
yf_ZS=F_d1;900;ASH_COATED_OSMIUM;9940;18;9936;17;;;9946;15;9950;15;;;9943.0;0.0
yf_ZS=F_d1;900;INTARIAN_PEPPER_ROOT;12994;5;12991;21;;;13001;14;13005;27;;;12997.5;0.0
yf_ZS=F_d1;1000;ASH_COATED_OSMIUM;9941;19;9938;15;;;9947;7;9949;9;;;9944.0;0.0
yf_ZS=F_d1;1000;INTARIAN_PEPPER_ROOT;12994;22;12991;18;;;13000;20;13004;24;;;12997.0;0.0
yf_ZS=F_d1;1100;ASH_COATED_OSMIUM;9939;14;9936;16;;;9948;11;9951;22;;;9943.5;0.0
yf_ZS=F_d1;1100;INTARIAN_PEPPER_ROOT;12991;11;12989;24;;;13002;15;13004;19;;;12996.5;0.0
yf_ZS=F_d1;1200;ASH_COATED_OSMIUM;9940;15;9936;20;;;9946;10;9949;15;;;9943.0;0.0
yf_ZS=F_d1;1200;INTARIAN_PEPPER_ROOT;12991;21;12987;12;;;13002;14;13004;14;;;12996.5;0.0
yf_ZS=F_d1;1300;ASH_COATED_OSMIUM;9940;13;9938;27;;;9946;8;9949;26;;;9943.0;0.0
yf_ZS=F_d1;1300;INTARIAN_PEPPER_ROOT;12993;11;12991;28;;;12999;6;13001;31;;;12996.0;0.0
yf_ZS=F_d1;1400;ASH_COATED_OSMIUM;9940;17;9937;12;;;9947;12;9950;25;;;9943.5;0.0
yf_ZS=F_d1;1400;INTARIAN_PEPPER_ROOT;12992;26;12990;12;;;12998;14;13001;24;;;12995.0;0.0
yf_ZS=F_d1;1500;ASH_COATED_OSMIUM;9941;17;9937;21;;;9947;15;9950;21;;;9944.0;0.0
yf_ZS=F_d1;1500;INTARIAN_PEPPER_ROOT;12990;11;12988;16;;;13001;14;13003;10;;;12995.5;0.0
yf_ZS=F_d1;1600;ASH_COATED_OSMIUM;9941;27;9937;26;;;9947;13;9949;17;;;9944.0;0.0
yf_ZS=F_d1;1600;INTARIAN_PEPPER_ROOT;12992;11;12989;20;;;12998;17;13000;9;;;12995.0;0.0
yf_ZS=F_d1;1700;ASH_COATED_OSMIUM;9941;13;9938;16;;;9947;30;9951;20;;;9944.0;0.0
yf_ZS=F_d1;1700;INTARIAN_PEPPER_ROOT;12992;11;12990;14;;;12998;9;13000;18;;;12995.0;0.0
yf_ZS=F_d1;1800;ASH_COATED_OSMIUM;9940;13;9936;19;;;9948;13;9950;22;;;9944.0;0.0
yf_ZS=F_d1;1800;INTARIAN_PEPPER_ROOT;12991;5;12989;19;;;12997;15;13000;19;;;12994.0;0.0
yf_ZS=F_d1;1900;ASH_COATED_OSMIUM;9924;23;9922;23;;;9962;23;9964;26;;;9943.0;0.0
yf_ZS=F_d1;1900;INTARIAN_PEPPER_ROOT;12987;19;12985;12;;;13001;9;13005;17;;;12994.0;0.0
yf_ZS=F_d1;2000;ASH_COATED_OSMIUM;9940;13;9938;25;;;9946;10;9950;12;;;9943.0;0.0
yf_ZS=F_d1;2000;INTARIAN_PEPPER_ROOT;12982;26;12978;21;;;13007;16;13009;19;;;12994.5;0.0
yf_ZS=F_d1;2100;ASH_COATED_OSMIUM;9941;19;9939;18;;;9947;14;9949;14;;;9944.0;0.0
yf_ZS=F_d1;2100;INTARIAN_PEPPER_ROOT;12990;10;12986;9;;;12996;16;12998;28;;;12993.0;0.0
yf_ZS=F_d1;2200;ASH_COATED_OSMIUM;9941;15;9939;21;;;9947;17;9951;14;;;9944.0;0.0
yf_ZS=F_d1;2200;INTARIAN_PEPPER_ROOT;12990;5;12988;23;;;12996;9;12999;14;;;12993.0;0.0
yf_ZS=F_d1;2300;ASH_COATED_OSMIUM;9934;12;9932;19;;;9954;14;9957;19;;;9944.0;0.0
yf_ZS=F_d1;2300;INTARIAN_PEPPER_ROOT;12990;18;12987;15;;;12996;24;12999;15;;;12993.0;0.0
yf_ZS=F_d1;2400;ASH_COATED_OSMIUM;9941;14;9939;16;;;9947;11;9950;15;;;9944.0;0.0
yf_ZS=F_d1;2400;INTARIAN_PEPPER_ROOT;12990;13;12987;27;;;12996;25;12998;25;;;12993.0;0.0
yf_ZS=F_d1;2500;ASH_COATED_OSMIUM;9940;19;9938;19;;;9946;26;9950;15;;;9943.0;0.0
yf_ZS=F_d1;2500;INTARIAN_PEPPER_ROOT;12988;15;12984;21;;;12998;10;13000;19;;;12993.0;0.0
yf_ZS=F_d1;2600;ASH_COATED_OSMIUM;9933;10;9929;27;;;9956;14;9960;18;;;9944.5;0.0
yf_ZS=F_d1;2600;INTARIAN_PEPPER_ROOT;12989;5;12986;30;;;12995;16;12998;16;;;12992.0;0.0
yf_ZS=F_d1;2700;ASH_COATED_OSMIUM;9941;11;9938;16;;;9947;14;9951;14;;;9944.0;0.0
yf_ZS=F_d1;2700;INTARIAN_PEPPER_ROOT;12989;16;12987;18;;;12995;14;12998;13;;;12992.0;0.0
yf_ZS=F_d1;2800;ASH_COATED_OSMIUM;9941;12;9937;15;;;9947;26;9949;10;;;9944.0;0.0
yf_ZS=F_d1;2800;INTARIAN_PEPPER_ROOT;12988;12;12984;11;;;12994;15;12996;23;;;12991.0;0.0
yf_ZS=F_d1;2900;ASH_COATED_OSMIUM;9941;17;9939;8;;;9947;13;9951;27;;;9944.0;0.0
yf_ZS=F_d1;2900;INTARIAN_PEPPER_ROOT;12988;21;12986;25;;;12995;16;12998;19;;;12991.5;0.0
yf_ZS=F_d1;3000;ASH_COATED_OSMIUM;9936;11;9932;24;;;9952;5;9956;22;;;9944.0;0.0
yf_ZS=F_d1;3000;INTARIAN_PEPPER_ROOT;12988;19;12986;23;;;12994;17;12996;10;;;12991.0;0.0
yf_ZS=F_d1;3100;ASH_COATED_OSMIUM;9939;16;9935;30;;;9948;15;9952;24;;;9943.5;0.0
yf_ZS=F_d1;3100;INTARIAN_PEPPER_ROOT;12978;21;12975;16;;;13003;15;13005;17;;;12990.5;0.0
yf_ZS=F_d1;3200;ASH_COATED_OSMIUM;9939;19;9936;27;;;9949;15;9952;24;;;9944.0;0.0
yf_ZS=F_d1;3200;INTARIAN_PEPPER_ROOT;12988;17;12985;22;;;12994;13;12997;26;;;12991.0;0.0
yf_ZS=F_d1;3300;ASH_COATED_OSMIUM;9941;11;9937;28;;;9947;11;9950;23;;;9944.0;0.0
yf_ZS=F_d1;3300;INTARIAN_PEPPER_ROOT;12987;24;12984;20;;;12993;12;12996;23;;;12990.0;0.0
yf_ZS=F_d1;3400;ASH_COATED_OSMIUM;9941;16;9938;12;;;9947;18;9949;15;;;9944.0;0.0
yf_ZS=F_d1;3400;INTARIAN_PEPPER_ROOT;12987;20;12983;8;;;12993;13;12995;12;;;12990.0;0.0
yf_ZS=F_d1;3500;ASH_COATED_OSMIUM;9941;11;9939;25;;;9948;5;9951;17;;;9944.5;0.0
yf_ZS=F_d1;3500;INTARIAN_PEPPER_ROOT;12987;15;12985;15;;;12993;5;12997;11;;;12990.0;0.0
yf_ZS=F_d1;3600;ASH_COATED_OSMIUM;9935;5;9932;19;;;9952;12;9954;14;;;9943.5;0.0
yf_ZS=F_d1;3600;INTARIAN_PEPPER_ROOT;12985;23;12982;17;;;12993;20;12997;27;;;12989.0;0.0
yf_ZS=F_d1;3700;ASH_COATED_OSMIUM;9941;19;9938;28;;;9947;27;9951;17;;;9944.0;0.0
yf_ZS=F_d1;3700;INTARIAN_PEPPER_ROOT;12984;6;12980;16;;;12994;15;12997;20;;;12989.0;0.0
yf_ZS=F_d1;3800;ASH_COATED_OSMIUM;9941;11;9938;27;;;9947;19;9949;22;;;9944.0;0.0
yf_ZS=F_d1;3800;INTARIAN_PEPPER_ROOT;12986;16;12982;9;;;12992;15;12994;20;;;12989.0;0.0
yf_ZS=F_d1;3900;ASH_COATED_OSMIUM;9939;8;9937;21;;;9949;13;9953;18;;;9944.0;0.0
yf_ZS=F_d1;3900;INTARIAN_PEPPER_ROOT;12986;12;12983;18;;;12992;20;12996;23;;;12989.0;0.0
yf_ZS=F_d1;4000;ASH_COATED_OSMIUM;9941;16;9939;21;;;9947;24;9951;22;;;9944.0;0.0
yf_ZS=F_d1;4000;INTARIAN_PEPPER_ROOT;12986;16;12982;25;;;12992;21;12994;22;;;12989.0;0.0
yf_ZS=F_d1;4100;ASH_COATED_OSMIUM;9941;9;9938;20;;;9948;16;9951;24;;;9944.5;0.0
yf_ZS=F_d1;4100;INTARIAN_PEPPER_ROOT;12985;17;12982;19;;;12992;21;12994;18;;;12988.5;0.0
yf_ZS=F_d1;4200;ASH_COATED_OSMIUM;9941;14;9938;18;;;9947;15;9951;24;;;9944.0;0.0
yf_ZS=F_d1;4200;INTARIAN_PEPPER_ROOT;12983;19;12980;20;;;12992;14;12996;18;;;12987.5;0.0
yf_ZS=F_d1;4300;ASH_COATED_OSMIUM;9933;17;9929;10;;;9955;9;9958;10;;;9944.0;0.0
yf_ZS=F_d1;4300;INTARIAN_PEPPER_ROOT;12981;13;12979;27;;;12995;15;12997;8;;;12988.0;0.0
yf_ZS=F_d1;4400;ASH_COATED_OSMIUM;9941;22;9939;20;;;9947;14;9950;25;;;9944.0;0.0
yf_ZS=F_d1;4400;INTARIAN_PEPPER_ROOT;12981;13;12978;18;;;12993;24;12995;15;;;12987.0;0.0
yf_ZS=F_d1;4500;ASH_COATED_OSMIUM;9941;10;9938;25;;;9947;23;9950;24;;;9944.0;0.0
yf_ZS=F_d1;4500;INTARIAN_PEPPER_ROOT;12984;5;12981;13;;;12990;10;12992;13;;;12987.0;0.0
yf_ZS=F_d1;4600;ASH_COATED_OSMIUM;9940;20;9936;15;;;9948;11;9951;13;;;9944.0;0.0
yf_ZS=F_d1;4600;INTARIAN_PEPPER_ROOT;12985;6;12983;18;;;12991;6;12994;21;;;12988.0;0.0
yf_ZS=F_d1;4700;ASH_COATED_OSMIUM;9941;21;9938;19;;;9947;13;9950;14;;;9944.0;0.0
yf_ZS=F_d1;4700;INTARIAN_PEPPER_ROOT;12980;8;12977;15;;;12994;19;12998;27;;;12987.0;0.0
yf_ZS=F_d1;4800;ASH_COATED_OSMIUM;9942;5;9939;23;;;9948;10;9952;27;;;9945.0;0.0
yf_ZS=F_d1;4800;INTARIAN_PEPPER_ROOT;12984;10;12981;23;;;12990;11;12994;16;;;12987.0;0.0
yf_ZS=F_d1;4900;ASH_COATED_OSMIUM;9941;20;9938;20;;;9947;21;9951;32;;;9944.0;0.0
yf_ZS=F_d1;4900;INTARIAN_PEPPER_ROOT;12979;12;12976;11;;;12994;11;12998;21;;;12986.5;0.0
yf_ZS=F_d1;5000;ASH_COATED_OSMIUM;9941;18;9938;23;;;9947;8;9950;16;;;9944.0;0.0
yf_ZS=F_d1;5000;INTARIAN_PEPPER_ROOT;12982;5;12979;23;;;12988;18;12992;15;;;12985.0;0.0
yf_ZS=F_d1;5100;ASH_COATED_OSMIUM;9935;14;9931;23;;;9954;19;9957;17;;;9944.5;0.0
yf_ZS=F_d1;5100;INTARIAN_PEPPER_ROOT;12974;10;12970;16;;;12997;17;13000;23;;;12985.5;0.0
yf_ZS=F_d1;5200;ASH_COATED_OSMIUM;9941;9;9938;11;;;9947;7;9951;24;;;9944.0;0.0
yf_ZS=F_d1;5200;INTARIAN_PEPPER_ROOT;12981;20;12978;16;;;12990;14;12994;18;;;12985.5;0.0
yf_ZS=F_d1;5300;ASH_COATED_OSMIUM;9941;17;9939;23;;;9947;5;9951;10;;;9944.0;0.0
yf_ZS=F_d1;5300;INTARIAN_PEPPER_ROOT;12982;18;12979;27;;;12988;18;12990;12;;;12985.0;0.0
yf_ZS=F_d1;5400;ASH_COATED_OSMIUM;9940;7;9938;20;;;9950;14;9954;17;;;9945.0;0.0
yf_ZS=F_d1;5400;INTARIAN_PEPPER_ROOT;12982;15;12979;19;;;12988;12;12992;19;;;12985.0;0.0
yf_ZS=F_d1;5500;ASH_COATED_OSMIUM;9941;12;9938;16;;;9947;11;9951;21;;;9944.0;0.0
yf_ZS=F_d1;5500;INTARIAN_PEPPER_ROOT;12982;6;12978;30;;;12988;20;12991;16;;;12985.0;0.0
yf_ZS=F_d1;5600;ASH_COATED_OSMIUM;9942;10;9940;14;;;9948;18;9950;16;;;9945.0;0.0
yf_ZS=F_d1;5600;INTARIAN_PEPPER_ROOT;12977;12;12975;18;;;12992;17;12995;19;;;12984.5;0.0
yf_ZS=F_d1;5700;ASH_COATED_OSMIUM;9941;15;9938;15;;;9947;15;9949;17;;;9944.0;0.0
yf_ZS=F_d1;5700;INTARIAN_PEPPER_ROOT;12981;16;12979;17;;;12987;11;12989;14;;;12984.0;0.0
yf_ZS=F_d1;5800;ASH_COATED_OSMIUM;9941;15;9939;21;;;9947;18;9950;15;;;9944.0;0.0
yf_ZS=F_d1;5800;INTARIAN_PEPPER_ROOT;12981;26;12977;17;;;12987;10;12991;25;;;12984.0;0.0
yf_ZS=F_d1;5900;ASH_COATED_OSMIUM;9938;21;9936;18;;;9951;10;9953;16;;;9944.5;0.0
yf_ZS=F_d1;5900;INTARIAN_PEPPER_ROOT;12981;16;12977;16;;;12987;10;12990;28;;;12984.0;0.0
yf_ZS=F_d1;6000;ASH_COATED_OSMIUM;9941;10;9939;26;;;9947;5;9950;13;;;9944.0;0.0
yf_ZS=F_d1;6000;INTARIAN_PEPPER_ROOT;12980;16;12977;11;;;12986;25;12988;32;;;12983.0;0.0
yf_ZS=F_d1;6100;ASH_COATED_OSMIUM;9936;23;9933;15;;;9953;16;9957;25;;;9944.5;0.0
yf_ZS=F_d1;6100;INTARIAN_PEPPER_ROOT;12980;6;12976;28;;;12986;8;12989;26;;;12983.0;0.0
yf_ZS=F_d1;6200;ASH_COATED_OSMIUM;9937;5;9934;18;;;9952;25;9954;23;;;9944.5;0.0
yf_ZS=F_d1;6200;INTARIAN_PEPPER_ROOT;12977;16;12973;19;;;12988;11;12991;15;;;12982.5;0.0
yf_ZS=F_d1;6300;ASH_COATED_OSMIUM;9928;10;9926;29;;;9961;16;9965;13;;;9944.5;0.0
yf_ZS=F_d1;6300;INTARIAN_PEPPER_ROOT;12979;12;12977;25;;;12985;14;12988;19;;;12982.0;0.0
yf_ZS=F_d1;6400;ASH_COATED_OSMIUM;9941;8;9939;18;;;9948;14;9951;14;;;9944.5;0.0
yf_ZS=F_d1;6400;INTARIAN_PEPPER_ROOT;12976;10;12973;13;;;12987;22;12990;22;;;12981.5;0.0
yf_ZS=F_d1;6500;ASH_COATED_OSMIUM;9941;18;9937;16;;;9947;14;9949;21;;;9944.0;0.0
yf_ZS=F_d1;6500;INTARIAN_PEPPER_ROOT;12979;16;12977;20;;;12985;9;12989;15;;;12982.0;0.0
yf_ZS=F_d1;6600;ASH_COATED_OSMIUM;9940;21;9938;18;;;9949;7;9953;14;;;9944.5;0.0
yf_ZS=F_d1;6600;INTARIAN_PEPPER_ROOT;12979;16;12977;21;;;12985;18;12988;18;;;12982.0;0.0
yf_ZS=F_d1;6700;ASH_COATED_OSMIUM;9942;18;9939;24;;;9948;16;9951;22;;;9945.0;0.0
yf_ZS=F_d1;6700;INTARIAN_PEPPER_ROOT;12975;15;12971;13;;;12989;7;12993;17;;;12982.0;0.0
yf_ZS=F_d1;6800;ASH_COATED_OSMIUM;9942;13;9939;18;;;9948;22;9952;22;;;9945.0;0.0
yf_ZS=F_d1;6800;INTARIAN_PEPPER_ROOT;12971;18;12967;13;;;12990;9;12994;19;;;12980.5;0.0
yf_ZS=F_d1;6900;ASH_COATED_OSMIUM;9940;7;9938;25;;;9949;9;9953;19;;;9944.5;0.0
yf_ZS=F_d1;6900;INTARIAN_PEPPER_ROOT;12971;9;12968;19;;;12992;8;12994;15;;;12981.5;0.0
yf_ZS=F_d1;7000;ASH_COATED_OSMIUM;9941;16;9939;25;;;9950;19;9952;26;;;9945.5;0.0
yf_ZS=F_d1;7000;INTARIAN_PEPPER_ROOT;12978;20;12975;20;;;12984;5;12987;17;;;12981.0;0.0
yf_ZS=F_d1;7100;ASH_COATED_OSMIUM;9940;15;9938;17;;;9949;26;9951;17;;;9944.5;0.0
yf_ZS=F_d1;7100;INTARIAN_PEPPER_ROOT;12974;12;12972;20;;;12986;14;12989;18;;;12980.0;0.0
yf_ZS=F_d1;7200;ASH_COATED_OSMIUM;9937;8;9934;25;;;9953;16;9956;26;;;9945.0;0.0
yf_ZS=F_d1;7200;INTARIAN_PEPPER_ROOT;12977;6;12975;17;;;12983;10;12987;18;;;12980.0;0.0
yf_ZS=F_d1;7300;ASH_COATED_OSMIUM;9941;9;9939;8;;;9948;13;9950;18;;;9944.5;0.0
yf_ZS=F_d1;7300;INTARIAN_PEPPER_ROOT;12976;21;12973;13;;;12982;14;12984;23;;;12979.0;0.0
yf_ZS=F_d1;7400;ASH_COATED_OSMIUM;9935;10;9931;27;;;9954;13;9957;21;;;9944.5;0.0
yf_ZS=F_d1;7400;INTARIAN_PEPPER_ROOT;12977;16;12975;20;;;12983;13;12985;20;;;12980.0;0.0
yf_ZS=F_d1;7500;ASH_COATED_OSMIUM;9942;19;9940;17;;;9948;8;9952;28;;;9945.0;0.0
yf_ZS=F_d1;7500;INTARIAN_PEPPER_ROOT;12965;16;12963;19;;;12992;18;12996;20;;;12978.5;0.0
yf_ZS=F_d1;7600;ASH_COATED_OSMIUM;9934;12;9932;14;;;9956;20;9958;23;;;9945.0;0.0
yf_ZS=F_d1;7600;INTARIAN_PEPPER_ROOT;12976;11;12972;26;;;12982;19;12984;15;;;12979.0;0.0
yf_ZS=F_d1;7700;ASH_COATED_OSMIUM;9943;23;9939;16;;;9949;17;9952;17;;;9946.0;0.0
yf_ZS=F_d1;7700;INTARIAN_PEPPER_ROOT;12975;8;12973;19;;;12981;20;12985;27;;;12978.0;0.0
yf_ZS=F_d1;7800;ASH_COATED_OSMIUM;9942;12;9938;22;;;9948;11;9951;18;;;9945.0;0.0
yf_ZS=F_d1;7800;INTARIAN_PEPPER_ROOT;12975;17;12972;17;;;12981;18;12984;19;;;12978.0;0.0
yf_ZS=F_d1;7900;ASH_COATED_OSMIUM;9940;26;9936;11;;;9951;13;9953;19;;;9945.5;0.0
yf_ZS=F_d1;7900;INTARIAN_PEPPER_ROOT;12975;13;12973;19;;;12981;10;12984;10;;;12978.0;0.0
yf_ZS=F_d1;8000;ASH_COATED_OSMIUM;9941;10;9937;25;;;9949;25;9951;18;;;9945.0;0.0
yf_ZS=F_d1;8000;INTARIAN_PEPPER_ROOT;12974;11;12970;12;;;12980;16;12983;24;;;12977.0;0.0
yf_ZS=F_d1;8100;ASH_COATED_OSMIUM;9939;12;9935;17;;;9952;13;9954;17;;;9945.5;0.0
yf_ZS=F_d1;8100;INTARIAN_PEPPER_ROOT;12974;21;12970;14;;;12980;11;12984;14;;;12977.0;0.0
yf_ZS=F_d1;8200;ASH_COATED_OSMIUM;9942;12;9940;16;;;9948;15;9951;23;;;9945.0;0.0
yf_ZS=F_d1;8200;INTARIAN_PEPPER_ROOT;12974;18;12971;19;;;12980;19;12982;14;;;12977.0;0.0
yf_ZS=F_d1;8300;ASH_COATED_OSMIUM;9940;15;9937;20;;;9950;11;9954;19;;;9945.0;0.0
yf_ZS=F_d1;8300;INTARIAN_PEPPER_ROOT;12970;24;12967;21;;;12983;10;12986;25;;;12976.5;0.0
yf_ZS=F_d1;8400;ASH_COATED_OSMIUM;9935;11;9931;25;;;9954;15;9957;20;;;9944.5;0.0
yf_ZS=F_d1;8400;INTARIAN_PEPPER_ROOT;12973;16;12971;16;;;12979;5;12983;24;;;12976.0;0.0
yf_ZS=F_d1;8500;ASH_COATED_OSMIUM;9940;15;9936;19;;;9950;21;9954;20;;;9945.0;0.0
yf_ZS=F_d1;8500;INTARIAN_PEPPER_ROOT;12973;17;12970;14;;;12979;14;12982;18;;;12976.0;0.0
yf_ZS=F_d1;8600;ASH_COATED_OSMIUM;9940;15;9936;18;;;9951;17;9953;12;;;9945.5;0.0
yf_ZS=F_d1;8600;INTARIAN_PEPPER_ROOT;12974;14;12970;26;;;12980;12;12984;16;;;12977.0;0.0
yf_ZS=F_d1;8700;ASH_COATED_OSMIUM;9942;16;9940;21;;;9948;14;9951;23;;;9945.0;0.0
yf_ZS=F_d1;8700;INTARIAN_PEPPER_ROOT;12972;8;12970;27;;;12979;13;12982;16;;;12975.5;0.0
yf_ZS=F_d1;8800;ASH_COATED_OSMIUM;9941;14;9938;15;;;9949;7;9953;17;;;9945.0;0.0
yf_ZS=F_d1;8800;INTARIAN_PEPPER_ROOT;12973;12;12971;22;;;12979;13;12982;25;;;12976.0;0.0
yf_ZS=F_d1;8900;ASH_COATED_OSMIUM;9936;11;9934;18;;;9955;14;9959;22;;;9945.5;0.0
yf_ZS=F_d1;8900;INTARIAN_PEPPER_ROOT;12972;21;12968;20;;;12978;5;12980;14;;;12975.0;0.0
yf_ZS=F_d1;9000;ASH_COATED_OSMIUM;9941;21;9939;26;;;9950;6;9952;19;;;9945.5;0.0
yf_ZS=F_d1;9000;INTARIAN_PEPPER_ROOT;12972;14;12968;20;;;12978;5;12982;16;;;12975.0;0.0
yf_ZS=F_d1;9100;ASH_COATED_OSMIUM;9942;16;9938;21;;;9948;5;9950;19;;;9945.0;0.0
yf_ZS=F_d1;9100;INTARIAN_PEPPER_ROOT;12972;14;12970;19;;;12978;15;12982;22;;;12975.0;0.0
yf_ZS=F_d1;9200;ASH_COATED_OSMIUM;9942;12;9939;13;;;9948;5;9952;15;;;9945.0;0.0
yf_ZS=F_d1;9200;INTARIAN_PEPPER_ROOT;12971;13;12967;22;;;12977;13;12980;18;;;12974.0;0.0
yf_ZS=F_d1;9300;ASH_COATED_OSMIUM;9943;14;9940;18;;;9949;16;9953;13;;;9946.0;0.0
yf_ZS=F_d1;9300;INTARIAN_PEPPER_ROOT;12971;11;12968;20;;;12977;12;12979;17;;;12974.0;0.0
yf_ZS=F_d1;9400;ASH_COATED_OSMIUM;9943;16;9941;21;;;9949;14;9951;22;;;9946.0;0.0
yf_ZS=F_d1;9400;INTARIAN_PEPPER_ROOT;12969;18;12965;12;;;12977;14;12981;9;;;12973.0;0.0
yf_ZS=F_d1;9500;ASH_COATED_OSMIUM;9942;15;9940;10;;;9948;13;9951;11;;;9945.0;0.0
yf_ZS=F_d1;9500;INTARIAN_PEPPER_ROOT;12970;17;12968;18;;;12976;16;12979;24;;;12973.0;0.0
yf_ZS=F_d1;9600;ASH_COATED_OSMIUM;9940;21;9936;16;;;9950;6;9952;22;;;9945.0;0.0
yf_ZS=F_d1;9600;INTARIAN_PEPPER_ROOT;12970;10;12966;21;;;12976;15;12980;19;;;12973.0;0.0
yf_ZS=F_d1;9700;ASH_COATED_OSMIUM;9936;16;9934;18;;;9953;17;9956;21;;;9944.5;0.0
yf_ZS=F_d1;9700;INTARIAN_PEPPER_ROOT;12969;18;12966;14;;;12977;18;12980;16;;;12973.0;0.0
yf_ZS=F_d1;9800;ASH_COATED_OSMIUM;9934;15;9931;18;;;9956;17;9958;19;;;9945.0;0.0
yf_ZS=F_d1;9800;INTARIAN_PEPPER_ROOT;12970;18;12966;19;;;12976;12;12978;25;;;12973.0;0.0
yf_ZS=F_d1;9900;ASH_COATED_OSMIUM;9942;11;9940;24;;;9948;20;9952;22;;;9945.0;0.0
yf_ZS=F_d1;9900;INTARIAN_PEPPER_ROOT;12970;23;12967;17;;;12976;15;12978;16;;;12973.0;0.0
yf_ZS=F_d1;10000;ASH_COATED_OSMIUM;9943;23;9939;16;;;9949;12;9951;17;;;9946.0;0.0
yf_ZS=F_d1;10000;INTARIAN_PEPPER_ROOT;12970;24;12968;25;;;12976;16;12978;17;;;12973.0;0.0
yf_ZS=F_d1;10100;ASH_COATED_OSMIUM;9943;15;9939;26;;;9949;21;9953;18;;;9946.0;0.0
yf_ZS=F_d1;10100;INTARIAN_PEPPER_ROOT;12969;17;12967;25;;;12975;16;12977;23;;;12972.0;0.0
yf_ZS=F_d1;10200;ASH_COATED_OSMIUM;9941;15;9939;26;;;9950;17;9954;23;;;9945.5;0.0
yf_ZS=F_d1;10200;INTARIAN_PEPPER_ROOT;12969;19;12965;14;;;12975;7;12979;22;;;12972.0;0.0
yf_ZS=F_d1;10300;ASH_COATED_OSMIUM;9940;12;9937;18;;;9952;14;9955;14;;;9946.0;0.0
yf_ZS=F_d1;10300;INTARIAN_PEPPER_ROOT;12969;11;12966;15;;;12975;10;12977;29;;;12972.0;0.0
yf_ZS=F_d1;10400;ASH_COATED_OSMIUM;9943;20;9940;15;;;9949;22;9952;11;;;9946.0;0.0
yf_ZS=F_d1;10400;INTARIAN_PEPPER_ROOT;12968;6;12966;18;;;12974;18;12977;15;;;12971.0;0.0
yf_ZS=F_d1;10500;ASH_COATED_OSMIUM;9943;17;9940;21;;;9949;17;9952;17;;;9946.0;0.0
yf_ZS=F_d1;10500;INTARIAN_PEPPER_ROOT;12967;19;12963;20;;;12973;14;12976;23;;;12970.0;0.0
yf_ZS=F_d1;10600;ASH_COATED_OSMIUM;9943;9;9941;9;;;9949;10;9951;26;;;9946.0;0.0
yf_ZS=F_d1;10600;INTARIAN_PEPPER_ROOT;12967;13;12964;21;;;12973;18;12977;20;;;12970.0;0.0
yf_ZS=F_d1;10700;ASH_COATED_OSMIUM;9942;17;9938;13;;;9948;9;9951;23;;;9945.0;0.0
yf_ZS=F_d1;10700;INTARIAN_PEPPER_ROOT;12967;9;12965;17;;;12973;18;12975;8;;;12970.0;0.0
yf_ZS=F_d1;10800;ASH_COATED_OSMIUM;9943;10;9940;21;;;9949;13;9953;12;;;9946.0;0.0
yf_ZS=F_d1;10800;INTARIAN_PEPPER_ROOT;12964;15;12960;18;;;12976;17;12979;18;;;12970.0;0.0
yf_ZS=F_d1;10900;ASH_COATED_OSMIUM;9942;15;9940;18;;;9949;16;9952;15;;;9945.5;0.0
yf_ZS=F_d1;10900;INTARIAN_PEPPER_ROOT;12967;19;12964;19;;;12973;8;12977;21;;;12970.0;0.0
yf_ZS=F_d1;11000;ASH_COATED_OSMIUM;9943;11;9940;22;;;9949;8;9951;18;;;9946.0;0.0
yf_ZS=F_d1;11000;INTARIAN_PEPPER_ROOT;12966;9;12964;17;;;12972;13;12974;22;;;12969.0;0.0
yf_ZS=F_d1;11100;ASH_COATED_OSMIUM;9943;15;9940;23;;;9949;12;9951;20;;;9946.0;0.0
yf_ZS=F_d1;11100;INTARIAN_PEPPER_ROOT;12966;20;12963;23;;;12972;18;12976;17;;;12969.0;0.0
yf_ZS=F_d1;11200;ASH_COATED_OSMIUM;9939;18;9935;14;;;9952;12;9956;14;;;9945.5;0.0
yf_ZS=F_d1;11200;INTARIAN_PEPPER_ROOT;12966;23;12964;19;;;12972;8;12976;20;;;12969.0;0.0
yf_ZS=F_d1;11300;ASH_COATED_OSMIUM;9942;12;9940;26;;;9948;10;9950;15;;;9945.0;0.0
yf_ZS=F_d1;11300;INTARIAN_PEPPER_ROOT;12966;14;12962;17;;;12972;12;12974;26;;;12969.0;0.0
yf_ZS=F_d1;11400;ASH_COATED_OSMIUM;9942;10;9938;19;;;9950;19;9952;27;;;9946.0;0.0
yf_ZS=F_d1;11400;INTARIAN_PEPPER_ROOT;12959;19;12957;16;;;12978;10;12980;19;;;12968.5;0.0
yf_ZS=F_d1;11500;ASH_COATED_OSMIUM;9943;14;9941;15;;;9949;18;9953;19;;;9946.0;0.0
yf_ZS=F_d1;11500;INTARIAN_PEPPER_ROOT;12957;12;12954;23;;;12979;9;12981;23;;;12968.0;0.0
yf_ZS=F_d1;11600;ASH_COATED_OSMIUM;9943;15;9939;29;;;9949;14;9953;18;;;9946.0;0.0
yf_ZS=F_d1;11600;INTARIAN_PEPPER_ROOT;12964;21;12962;10;;;12971;20;12973;14;;;12967.5;0.0
yf_ZS=F_d1;11700;ASH_COATED_OSMIUM;9930;17;9926;15;;;9961;16;9963;21;;;9945.5;0.0
yf_ZS=F_d1;11700;INTARIAN_PEPPER_ROOT;12965;6;12961;26;;;12971;16;12973;19;;;12968.0;0.0
yf_ZS=F_d1;11800;ASH_COATED_OSMIUM;9939;16;9937;22;;;9953;14;9956;23;;;9946.0;0.0
yf_ZS=F_d1;11800;INTARIAN_PEPPER_ROOT;12964;11;12960;22;;;12970;16;12973;8;;;12967.0;0.0
yf_ZS=F_d1;11900;ASH_COATED_OSMIUM;9943;12;9940;9;;;9949;15;9952;26;;;9946.0;0.0
yf_ZS=F_d1;11900;INTARIAN_PEPPER_ROOT;12964;19;12960;16;;;12970;17;12972;13;;;12967.0;0.0
yf_ZS=F_d1;12000;ASH_COATED_OSMIUM;9939;9;9935;14;;;9953;11;9956;10;;;9946.0;0.0
yf_ZS=F_d1;12000;INTARIAN_PEPPER_ROOT;12964;18;12960;18;;;12970;17;12974;20;;;12967.0;0.0
yf_ZS=F_d1;12100;ASH_COATED_OSMIUM;9943;18;9939;23;;;9949;10;9951;14;;;9946.0;0.0
yf_ZS=F_d1;12100;INTARIAN_PEPPER_ROOT;12958;11;12955;23;;;12974;22;12978;16;;;12966.0;0.0
yf_ZS=F_d1;12200;ASH_COATED_OSMIUM;9941;19;9939;21;;;9950;16;9953;15;;;9945.5;0.0
yf_ZS=F_d1;12200;INTARIAN_PEPPER_ROOT;12963;13;12961;21;;;12969;16;12973;20;;;12966.0;0.0
yf_ZS=F_d1;12300;ASH_COATED_OSMIUM;9943;14;9941;11;;;9949;17;9951;23;;;9946.0;0.0
yf_ZS=F_d1;12300;INTARIAN_PEPPER_ROOT;12962;14;12959;11;;;12970;14;12972;28;;;12966.0;0.0
yf_ZS=F_d1;12400;ASH_COATED_OSMIUM;9938;16;9934;21;;;9955;12;9957;20;;;9946.5;0.0
yf_ZS=F_d1;12400;INTARIAN_PEPPER_ROOT;12962;13;12959;8;;;12968;15;12972;17;;;12965.0;0.0
yf_ZS=F_d1;12500;ASH_COATED_OSMIUM;9942;10;9939;20;;;9949;19;9953;22;;;9945.5;0.0
yf_ZS=F_d1;12500;INTARIAN_PEPPER_ROOT;12962;21;12959;24;;;12968;18;12972;32;;;12965.0;0.0
yf_ZS=F_d1;12600;ASH_COATED_OSMIUM;9943;16;9940;12;;;9949;16;9952;19;;;9946.0;0.0
yf_ZS=F_d1;12600;INTARIAN_PEPPER_ROOT;12953;20;12951;20;;;12979;9;12982;25;;;12966.0;0.0
yf_ZS=F_d1;12700;ASH_COATED_OSMIUM;9943;9;9941;15;;;9949;13;9953;16;;;9946.0;0.0
yf_ZS=F_d1;12700;INTARIAN_PEPPER_ROOT;12958;23;12954;18;;;12972;15;12974;18;;;12965.0;0.0
yf_ZS=F_d1;12800;ASH_COATED_OSMIUM;9944;25;9940;11;;;9950;22;9954;19;;;9947.0;0.0
yf_ZS=F_d1;12800;INTARIAN_PEPPER_ROOT;12956;10;12954;25;;;12972;30;12974;28;;;12964.0;0.0
yf_ZS=F_d1;12900;ASH_COATED_OSMIUM;9943;14;9940;14;;;9949;13;9951;23;;;9946.0;0.0
yf_ZS=F_d1;12900;INTARIAN_PEPPER_ROOT;12962;18;12960;24;;;12968;16;12970;16;;;12965.0;0.0
yf_ZS=F_d1;13000;ASH_COATED_OSMIUM;9943;9;9941;15;;;9949;19;9951;18;;;9946.0;0.0
yf_ZS=F_d1;13000;INTARIAN_PEPPER_ROOT;12960;14;12956;21;;;12968;19;12970;13;;;12964.0;0.0
yf_ZS=F_d1;13100;ASH_COATED_OSMIUM;9943;16;9940;16;;;9949;9;9951;18;;;9946.0;0.0
yf_ZS=F_d1;13100;INTARIAN_PEPPER_ROOT;12953;16;12949;14;;;12975;14;12978;21;;;12964.0;0.0
yf_ZS=F_d1;13200;ASH_COATED_OSMIUM;9938;13;9936;30;;;9956;13;9959;14;;;9947.0;0.0
yf_ZS=F_d1;13200;INTARIAN_PEPPER_ROOT;12960;19;12957;27;;;12966;9;12970;13;;;12963.0;0.0
yf_ZS=F_d1;13300;ASH_COATED_OSMIUM;9939;19;9937;21;;;9954;19;9957;21;;;9946.5;0.0
yf_ZS=F_d1;13300;INTARIAN_PEPPER_ROOT;12960;18;12958;17;;;12966;5;12970;16;;;12963.0;0.0
yf_ZS=F_d1;13400;ASH_COATED_OSMIUM;9944;17;9942;13;;;9950;13;9954;11;;;9947.0;0.0
yf_ZS=F_d1;13400;INTARIAN_PEPPER_ROOT;12959;15;12957;17;;;12967;22;12970;22;;;12963.0;0.0
yf_ZS=F_d1;13500;ASH_COATED_OSMIUM;9943;15;9940;8;;;9949;7;9953;24;;;9946.0;0.0
yf_ZS=F_d1;13500;INTARIAN_PEPPER_ROOT;12959;14;12956;21;;;12965;19;12968;15;;;12962.0;0.0
yf_ZS=F_d1;13600;ASH_COATED_OSMIUM;9941;22;9939;15;;;9952;18;9956;20;;;9946.5;0.0
yf_ZS=F_d1;13600;INTARIAN_PEPPER_ROOT;12958;11;12954;29;;;12966;12;12968;27;;;12962.0;0.0
yf_ZS=F_d1;13700;ASH_COATED_OSMIUM;9943;12;9940;17;;;9949;18;9952;21;;;9946.0;0.0
yf_ZS=F_d1;13700;INTARIAN_PEPPER_ROOT;12959;29;12955;24;;;12965;16;12969;18;;;12962.0;0.0
yf_ZS=F_d1;13800;ASH_COATED_OSMIUM;9943;18;9939;19;;;9949;11;9953;13;;;9946.0;0.0
yf_ZS=F_d1;13800;INTARIAN_PEPPER_ROOT;12956;17;12952;17;;;12968;16;12971;29;;;12962.0;0.0
yf_ZS=F_d1;13900;ASH_COATED_OSMIUM;9943;11;9939;32;;;9949;20;9951;19;;;9946.0;0.0
yf_ZS=F_d1;13900;INTARIAN_PEPPER_ROOT;12958;13;12956;18;;;12964;8;12966;18;;;12961.0;0.0
yf_ZS=F_d1;14000;ASH_COATED_OSMIUM;9944;19;9942;21;;;9950;9;9953;20;;;9947.0;0.0
yf_ZS=F_d1;14000;INTARIAN_PEPPER_ROOT;12958;13;12954;25;;;12964;25;12968;20;;;12961.0;0.0
yf_ZS=F_d1;14100;ASH_COATED_OSMIUM;9943;7;9940;22;;;9949;11;9953;11;;;9946.0;0.0
yf_ZS=F_d1;14100;INTARIAN_PEPPER_ROOT;12958;19;12956;18;;;12964;8;12968;12;;;12961.0;0.0
yf_ZS=F_d1;14200;ASH_COATED_OSMIUM;9944;17;9940;18;;;9950;14;9953;23;;;9947.0;0.0
yf_ZS=F_d1;14200;INTARIAN_PEPPER_ROOT;12958;19;12954;20;;;12964;15;12967;24;;;12961.0;0.0
yf_ZS=F_d1;14300;ASH_COATED_OSMIUM;9943;10;9940;11;;;9949;14;9953;22;;;9946.0;0.0
yf_ZS=F_d1;14300;INTARIAN_PEPPER_ROOT;12954;12;12952;9;;;12966;14;12969;18;;;12960.0;0.0
yf_ZS=F_d1;14400;ASH_COATED_OSMIUM;9943;9;9939;19;;;9949;13;9952;23;;;9946.0;0.0
yf_ZS=F_d1;14400;INTARIAN_PEPPER_ROOT;12957;7;12954;18;;;12963;17;12967;22;;;12960.0;0.0
yf_ZS=F_d1;14500;ASH_COATED_OSMIUM;9944;21;9942;26;;;9950;10;9953;27;;;9947.0;0.0
yf_ZS=F_d1;14500;INTARIAN_PEPPER_ROOT;12957;12;12954;17;;;12963;5;12966;22;;;12960.0;0.0
yf_ZS=F_d1;14600;ASH_COATED_OSMIUM;9943;16;9941;17;;;9949;12;9953;20;;;9946.0;0.0
yf_ZS=F_d1;14600;INTARIAN_PEPPER_ROOT;12956;18;12954;13;;;12962;19;12964;22;;;12959.0;0.0
yf_ZS=F_d1;14700;ASH_COATED_OSMIUM;9943;13;9940;20;;;9949;6;9953;19;;;9946.0;0.0
yf_ZS=F_d1;14700;INTARIAN_PEPPER_ROOT;12956;12;12952;17;;;12962;20;12966;15;;;12959.0;0.0
yf_ZS=F_d1;14800;ASH_COATED_OSMIUM;9942;13;9939;28;;;9950;10;9953;22;;;9946.0;0.0
yf_ZS=F_d1;14800;INTARIAN_PEPPER_ROOT;12956;17;12952;17;;;12962;12;12966;26;;;12959.0;0.0
yf_ZS=F_d1;14900;ASH_COATED_OSMIUM;9938;19;9935;13;;;9955;6;9957;24;;;9946.5;0.0
yf_ZS=F_d1;14900;INTARIAN_PEPPER_ROOT;12956;19;12953;20;;;12962;11;12966;16;;;12959.0;0.0
yf_ZS=F_d1;15000;ASH_COATED_OSMIUM;9942;7;9940;25;;;9951;17;9954;17;;;9946.5;0.0
yf_ZS=F_d1;15000;INTARIAN_PEPPER_ROOT;12955;14;12951;12;;;12962;22;12965;22;;;12958.5;0.0
yf_ZS=F_d1;15100;ASH_COATED_OSMIUM;9944;14;9942;29;;;9950;16;9953;15;;;9947.0;0.0
yf_ZS=F_d1;15100;INTARIAN_PEPPER_ROOT;12955;5;12952;15;;;12961;14;12965;19;;;12958.0;0.0
yf_ZS=F_d1;15200;ASH_COATED_OSMIUM;9936;17;9934;30;;;9956;13;9960;20;;;9946.0;0.0
yf_ZS=F_d1;15200;INTARIAN_PEPPER_ROOT;12953;17;12950;10;;;12962;10;12966;24;;;12957.5;0.0
yf_ZS=F_d1;15300;ASH_COATED_OSMIUM;9944;23;9942;20;;;9950;18;9952;19;;;9947.0;0.0
yf_ZS=F_d1;15300;INTARIAN_PEPPER_ROOT;12954;13;12951;20;;;12960;21;12962;16;;;12957.0;0.0
yf_ZS=F_d1;15400;ASH_COATED_OSMIUM;9941;18;9938;24;;;9952;8;9955;16;;;9946.5;0.0
yf_ZS=F_d1;15400;INTARIAN_PEPPER_ROOT;12954;13;12952;14;;;12960;16;12962;23;;;12957.0;0.0
yf_ZS=F_d1;15500;ASH_COATED_OSMIUM;9944;10;9940;26;;;9950;17;9952;15;;;9947.0;0.0
yf_ZS=F_d1;15500;INTARIAN_PEPPER_ROOT;12954;17;12950;18;;;12962;21;12964;15;;;12958.0;0.0
yf_ZS=F_d1;15600;ASH_COATED_OSMIUM;9944;17;9941;20;;;9950;12;9953;19;;;9947.0;0.0
yf_ZS=F_d1;15600;INTARIAN_PEPPER_ROOT;12954;17;12952;19;;;12960;10;12963;16;;;12957.0;0.0
yf_ZS=F_d1;15700;ASH_COATED_OSMIUM;9935;18;9931;23;;;9958;19;9961;25;;;9946.5;0.0
yf_ZS=F_d1;15700;INTARIAN_PEPPER_ROOT;12954;10;12952;18;;;12960;12;12964;25;;;12957.0;0.0
yf_ZS=F_d1;15800;ASH_COATED_OSMIUM;9942;19;9939;34;;;9952;12;9954;13;;;9947.0;0.0
yf_ZS=F_d1;15800;INTARIAN_PEPPER_ROOT;12953;18;12950;20;;;12959;17;12963;25;;;12956.0;0.0
yf_ZS=F_d1;15900;ASH_COATED_OSMIUM;9941;7;9937;22;;;9954;17;9956;20;;;9947.5;0.0
yf_ZS=F_d1;15900;INTARIAN_PEPPER_ROOT;12953;12;12949;22;;;12959;23;12963;20;;;12956.0;0.0
yf_ZS=F_d1;16000;ASH_COATED_OSMIUM;9944;20;9942;21;;;9950;23;9954;22;;;9947.0;0.0
yf_ZS=F_d1;16000;INTARIAN_PEPPER_ROOT;12951;10;12947;27;;;12961;15;12963;22;;;12956.0;0.0
yf_ZS=F_d1;16100;ASH_COATED_OSMIUM;9944;11;9942;17;;;9950;14;9954;28;;;9947.0;0.0
yf_ZS=F_d1;16100;INTARIAN_PEPPER_ROOT;12952;13;12949;19;;;12959;5;12961;20;;;12955.5;0.0
yf_ZS=F_d1;16200;ASH_COATED_OSMIUM;9938;15;9936;19;;;9956;15;9958;19;;;9947.0;0.0
yf_ZS=F_d1;16200;INTARIAN_PEPPER_ROOT;12952;11;12948;17;;;12958;20;12962;12;;;12955.0;0.0
yf_ZS=F_d1;16300;ASH_COATED_OSMIUM;9944;11;9940;29;;;9950;21;9953;19;;;9947.0;0.0
yf_ZS=F_d1;16300;INTARIAN_PEPPER_ROOT;12952;9;12950;23;;;12958;11;12962;20;;;12955.0;0.0
yf_ZS=F_d1;16400;ASH_COATED_OSMIUM;9942;11;9939;18;;;9951;17;9955;15;;;9946.5;0.0
yf_ZS=F_d1;16400;INTARIAN_PEPPER_ROOT;12952;18;12949;21;;;12958;18;12962;22;;;12955.0;0.0
yf_ZS=F_d1;16500;ASH_COATED_OSMIUM;9941;12;9938;20;;;9953;21;9957;22;;;9947.0;0.0
yf_ZS=F_d1;16500;INTARIAN_PEPPER_ROOT;12951;18;12949;25;;;12957;24;12961;17;;;12954.0;0.0
yf_ZS=F_d1;16600;ASH_COATED_OSMIUM;9944;20;9940;16;;;9950;21;9954;20;;;9947.0;0.0
yf_ZS=F_d1;16600;INTARIAN_PEPPER_ROOT;12951;12;12949;29;;;12957;11;12959;15;;;12954.0;0.0
yf_ZS=F_d1;16700;ASH_COATED_OSMIUM;9944;16;9940;26;;;9950;12;9952;23;;;9947.0;0.0
yf_ZS=F_d1;16700;INTARIAN_PEPPER_ROOT;12951;15;12948;17;;;12957;15;12959;10;;;12954.0;0.0
yf_ZS=F_d1;16800;ASH_COATED_OSMIUM;9944;9;9941;21;;;9950;14;9952;19;;;9947.0;0.0
yf_ZS=F_d1;16800;INTARIAN_PEPPER_ROOT;12951;11;12947;17;;;12957;14;12959;17;;;12954.0;0.0
yf_ZS=F_d1;16900;ASH_COATED_OSMIUM;9944;5;9941;14;;;9950;15;9954;28;;;9947.0;0.0
yf_ZS=F_d1;16900;INTARIAN_PEPPER_ROOT;12945;23;12943;26;;;12963;15;12966;17;;;12954.0;0.0
yf_ZS=F_d1;17000;ASH_COATED_OSMIUM;9944;16;9940;18;;;9951;26;9953;17;;;9947.5;0.0
yf_ZS=F_d1;17000;INTARIAN_PEPPER_ROOT;12950;5;12946;14;;;12956;19;12958;27;;;12953.0;0.0
yf_ZS=F_d1;17100;ASH_COATED_OSMIUM;9940;19;9936;19;;;9955;18;9957;24;;;9947.5;0.0
yf_ZS=F_d1;17100;INTARIAN_PEPPER_ROOT;12950;14;12947;17;;;12956;13;12960;26;;;12953.0;0.0
yf_ZS=F_d1;17200;ASH_COATED_OSMIUM;9944;12;9940;8;;;9950;19;9953;20;;;9947.0;0.0
yf_ZS=F_d1;17200;INTARIAN_PEPPER_ROOT;12942;14;12938;24;;;12962;21;12966;22;;;12952.0;0.0
yf_ZS=F_d1;17300;ASH_COATED_OSMIUM;9944;11;9940;26;;;9950;11;9954;19;;;9947.0;0.0
yf_ZS=F_d1;17300;INTARIAN_PEPPER_ROOT;12949;13;12947;17;;;12955;7;12959;8;;;12952.0;0.0
yf_ZS=F_d1;17400;ASH_COATED_OSMIUM;9939;17;9937;22;;;9955;14;9959;9;;;9947.0;0.0
yf_ZS=F_d1;17400;INTARIAN_PEPPER_ROOT;12948;14;12946;19;;;12955;20;12958;20;;;12951.5;0.0
yf_ZS=F_d1;17500;ASH_COATED_OSMIUM;9944;18;9942;12;;;9950;18;9953;20;;;9947.0;0.0
yf_ZS=F_d1;17500;INTARIAN_PEPPER_ROOT;12949;15;12947;26;;;12955;10;12959;20;;;12952.0;0.0
yf_ZS=F_d1;17600;ASH_COATED_OSMIUM;9944;9;9942;26;;;9950;17;9954;21;;;9947.0;0.0
yf_ZS=F_d1;17600;INTARIAN_PEPPER_ROOT;12948;17;12945;21;;;12954;10;12956;20;;;12951.0;0.0
yf_ZS=F_d1;17700;ASH_COATED_OSMIUM;9943;16;9939;15;;;9949;13;9953;20;;;9946.0;0.0
yf_ZS=F_d1;17700;INTARIAN_PEPPER_ROOT;12948;20;12946;21;;;12954;17;12956;19;;;12951.0;0.0
yf_ZS=F_d1;17800;ASH_COATED_OSMIUM;9944;20;9941;25;;;9950;17;9954;22;;;9947.0;0.0
yf_ZS=F_d1;17800;INTARIAN_PEPPER_ROOT;12946;19;12944;26;;;12955;10;12957;21;;;12950.5;0.0
yf_ZS=F_d1;17900;ASH_COATED_OSMIUM;9943;17;9939;19;;;9950;18;9952;28;;;9946.5;0.0
yf_ZS=F_d1;17900;INTARIAN_PEPPER_ROOT;12947;14;12944;21;;;12953;26;12956;21;;;12950.0;0.0
yf_ZS=F_d1;18000;ASH_COATED_OSMIUM;9940;13;9936;23;;;9952;14;9955;25;;;9946.0;0.0
yf_ZS=F_d1;18000;INTARIAN_PEPPER_ROOT;12946;16;12944;17;;;12952;16;12955;18;;;12949.0;0.0
yf_ZS=F_d1;18100;ASH_COATED_OSMIUM;9942;25;9940;13;;;9952;11;9956;13;;;9947.0;0.0
yf_ZS=F_d1;18100;INTARIAN_PEPPER_ROOT;12947;8;12944;22;;;12953;6;12957;22;;;12950.0;0.0
yf_ZS=F_d1;18200;ASH_COATED_OSMIUM;9943;7;9939;26;;;9949;13;9952;14;;;9946.0;0.0
yf_ZS=F_d1;18200;INTARIAN_PEPPER_ROOT;12946;12;12943;21;;;12952;19;12955;24;;;12949.0;0.0
yf_ZS=F_d1;18300;ASH_COATED_OSMIUM;9940;13;9938;22;;;9951;17;9955;21;;;9945.5;0.0
yf_ZS=F_d1;18300;INTARIAN_PEPPER_ROOT;12945;7;12943;13;;;12953;15;12955;22;;;12949.0;0.0
yf_ZS=F_d1;18400;ASH_COATED_OSMIUM;9943;19;9941;18;;;9949;14;9951;14;;;9946.0;0.0
yf_ZS=F_d1;18400;INTARIAN_PEPPER_ROOT;12946;23;12944;18;;;12952;9;12954;20;;;12949.0;0.0
yf_ZS=F_d1;18500;ASH_COATED_OSMIUM;9943;25;9940;20;;;9949;10;9951;24;;;9946.0;0.0
yf_ZS=F_d1;18500;INTARIAN_PEPPER_ROOT;12945;13;12942;23;;;12951;14;12953;17;;;12948.0;0.0
yf_ZS=F_d1;18600;ASH_COATED_OSMIUM;9943;20;9939;24;;;9949;20;9953;25;;;9946.0;0.0
yf_ZS=F_d1;18600;INTARIAN_PEPPER_ROOT;12945;14;12941;19;;;12951;12;12953;17;;;12948.0;0.0
yf_ZS=F_d1;18700;ASH_COATED_OSMIUM;9933;17;9930;22;;;9958;16;9962;16;;;9945.5;0.0
yf_ZS=F_d1;18700;INTARIAN_PEPPER_ROOT;12945;17;12942;20;;;12951;13;12954;13;;;12948.0;0.0
yf_ZS=F_d1;18800;ASH_COATED_OSMIUM;9943;15;9939;15;;;9949;10;9952;15;;;9946.0;0.0
yf_ZS=F_d1;18800;INTARIAN_PEPPER_ROOT;12944;21;12940;10;;;12950;13;12952;23;;;12947.0;0.0
yf_ZS=F_d1;18900;ASH_COATED_OSMIUM;9943;15;9940;18;;;9949;22;9953;22;;;9946.0;0.0
yf_ZS=F_d1;18900;INTARIAN_PEPPER_ROOT;12944;12;12941;16;;;12950;22;12952;21;;;12947.0;0.0
yf_ZS=F_d1;19000;ASH_COATED_OSMIUM;9942;17;9940;21;;;9948;12;9951;23;;;9945.0;0.0
yf_ZS=F_d1;19000;INTARIAN_PEPPER_ROOT;12944;20;12942;22;;;12950;14;12953;23;;;12947.0;0.0
yf_ZS=F_d1;19100;ASH_COATED_OSMIUM;9933;20;9930;26;;;9958;15;9961;29;;;9945.5;0.0
yf_ZS=F_d1;19100;INTARIAN_PEPPER_ROOT;12943;22;12939;27;;;12949;5;12952;20;;;12946.0;0.0
yf_ZS=F_d1;19200;ASH_COATED_OSMIUM;9943;9;9940;21;;;9949;13;9951;18;;;9946.0;0.0
yf_ZS=F_d1;19200;INTARIAN_PEPPER_ROOT;12943;11;12941;12;;;12949;11;12951;24;;;12946.0;0.0
yf_ZS=F_d1;19300;ASH_COATED_OSMIUM;9942;12;9938;15;;;9948;10;9950;22;;;9945.0;0.0
yf_ZS=F_d1;19300;INTARIAN_PEPPER_ROOT;12940;22;12938;27;;;12953;16;12955;23;;;12946.5;0.0
yf_ZS=F_d1;19400;ASH_COATED_OSMIUM;9942;13;9939;26;;;9948;17;9950;30;;;9945.0;0.0
yf_ZS=F_d1;19400;INTARIAN_PEPPER_ROOT;12943;18;12939;27;;;12949;12;12952;25;;;12946.0;0.0
yf_ZS=F_d1;19500;ASH_COATED_OSMIUM;9942;20;9939;21;;;9948;14;9951;13;;;9945.0;0.0
yf_ZS=F_d1;19500;INTARIAN_PEPPER_ROOT;12939;15;12935;19;;;12951;24;12954;16;;;12945.0;0.0
yf_ZS=F_d1;19600;ASH_COATED_OSMIUM;9939;20;9936;22;;;9951;24;9955;11;;;9945.0;0.0
yf_ZS=F_d1;19600;INTARIAN_PEPPER_ROOT;12941;14;12937;15;;;12950;25;12952;13;;;12945.5;0.0
yf_ZS=F_d1;19700;ASH_COATED_OSMIUM;9942;6;9939;26;;;9948;19;9951;17;;;9945.0;0.0
yf_ZS=F_d1;19700;INTARIAN_PEPPER_ROOT;12942;18;12940;17;;;12948;13;12951;24;;;12945.0;0.0
yf_ZS=F_d1;19800;ASH_COATED_OSMIUM;9942;10;9940;25;;;9948;18;9951;18;;;9945.0;0.0
yf_ZS=F_d1;19800;INTARIAN_PEPPER_ROOT;12939;10;12935;12;;;12950;10;12954;26;;;12944.5;0.0
yf_ZS=F_d1;19900;ASH_COATED_OSMIUM;9942;18;9939;20;;;9948;15;9950;27;;;9945.0;0.0
yf_ZS=F_d1;19900;INTARIAN_PEPPER_ROOT;12941;5;12937;22;;;12947;18;12949;13;;;12944.0;0.0
yf_ZS=F_d1;20000;ASH_COATED_OSMIUM;9941;14;9939;11;;;9948;9;9950;13;;;9944.5;0.0
yf_ZS=F_d1;20000;INTARIAN_PEPPER_ROOT;12933;15;12930;18;;;12956;17;12959;14;;;12944.5;0.0
yf_ZS=F_d1;20100;ASH_COATED_OSMIUM;9942;22;9939;26;;;9948;11;9952;18;;;9945.0;0.0
yf_ZS=F_d1;20100;INTARIAN_PEPPER_ROOT;12940;11;12938;22;;;12946;20;12949;23;;;12943.0;0.0
yf_ZS=F_d1;20200;ASH_COATED_OSMIUM;9942;14;9938;17;;;9948;16;9950;31;;;9945.0;0.0
yf_ZS=F_d1;20200;INTARIAN_PEPPER_ROOT;12941;13;12939;27;;;12947;7;12950;13;;;12944.0;0.0
yf_ZS=F_d1;20300;ASH_COATED_OSMIUM;9941;19;9938;21;;;9947;14;9951;21;;;9944.0;0.0
yf_ZS=F_d1;20300;INTARIAN_PEPPER_ROOT;12939;21;12937;20;;;12947;19;12949;14;;;12943.0;0.0
yf_ZS=F_d1;20400;ASH_COATED_OSMIUM;9940;22;9936;25;;;9950;15;9953;13;;;9945.0;0.0
yf_ZS=F_d1;20400;INTARIAN_PEPPER_ROOT;12940;14;12937;20;;;12946;8;12949;26;;;12943.0;0.0
yf_ZS=F_d1;20500;ASH_COATED_OSMIUM;9942;19;9940;11;;;9948;16;9952;19;;;9945.0;0.0
yf_ZS=F_d1;20500;INTARIAN_PEPPER_ROOT;12938;13;12934;20;;;12947;21;12951;16;;;12942.5;0.0
yf_ZS=F_d1;20600;ASH_COATED_OSMIUM;9942;14;9940;12;;;9948;14;9950;17;;;9945.0;0.0
yf_ZS=F_d1;20600;INTARIAN_PEPPER_ROOT;12939;10;12935;23;;;12945;14;12949;27;;;12942.0;0.0
yf_ZS=F_d1;20700;ASH_COATED_OSMIUM;9942;20;9940;10;;;9948;14;9950;21;;;9945.0;0.0
yf_ZS=F_d1;20700;INTARIAN_PEPPER_ROOT;12938;7;12936;16;;;12944;11;12946;25;;;12941.0;0.0
yf_ZS=F_d1;20800;ASH_COATED_OSMIUM;9941;11;9939;25;;;9947;5;9949;8;;;9944.0;0.0
yf_ZS=F_d1;20800;INTARIAN_PEPPER_ROOT;12935;6;12932;23;;;12947;20;12949;17;;;12941.0;0.0
yf_ZS=F_d1;20900;ASH_COATED_OSMIUM;9941;20;9937;22;;;9947;30;9951;24;;;9944.0;0.0
yf_ZS=F_d1;20900;INTARIAN_PEPPER_ROOT;12934;24;12930;20;;;12949;24;12952;20;;;12941.5;0.0
yf_ZS=F_d1;21000;ASH_COATED_OSMIUM;9941;12;9938;20;;;9947;13;9949;27;;;9944.0;0.0
yf_ZS=F_d1;21000;INTARIAN_PEPPER_ROOT;12932;17;12929;17;;;12949;17;12953;21;;;12940.5;0.0
yf_ZS=F_d1;21100;ASH_COATED_OSMIUM;9941;23;9939;26;;;9947;21;9949;23;;;9944.0;0.0
yf_ZS=F_d1;21100;INTARIAN_PEPPER_ROOT;12936;15;12934;21;;;12945;17;12947;19;;;12940.5;0.0
yf_ZS=F_d1;21200;ASH_COATED_OSMIUM;9942;13;9938;16;;;9948;16;9950;13;;;9945.0;0.0
yf_ZS=F_d1;21200;INTARIAN_PEPPER_ROOT;12928;8;12924;21;;;12953;20;12955;18;;;12940.5;0.0
yf_ZS=F_d1;21300;ASH_COATED_OSMIUM;9939;17;9937;19;;;9951;28;9953;17;;;9945.0;0.0
yf_ZS=F_d1;21300;INTARIAN_PEPPER_ROOT;12933;22;12929;23;;;12947;12;12949;18;;;12940.0;0.0
yf_ZS=F_d1;21400;ASH_COATED_OSMIUM;9941;17;9937;17;;;9947;20;9951;19;;;9944.0;0.0
yf_ZS=F_d1;21400;INTARIAN_PEPPER_ROOT;12937;15;12934;19;;;12943;12;12946;13;;;12940.0;0.0
yf_ZS=F_d1;21500;ASH_COATED_OSMIUM;9941;16;9937;24;;;9947;9;9951;24;;;9944.0;0.0
yf_ZS=F_d1;21500;INTARIAN_PEPPER_ROOT;12936;10;12932;9;;;12943;13;12946;29;;;12939.5;0.0
yf_ZS=F_d1;21600;ASH_COATED_OSMIUM;9940;22;9938;25;;;9947;21;9950;16;;;9943.5;0.0
yf_ZS=F_d1;21600;INTARIAN_PEPPER_ROOT;12935;9;12932;24;;;12943;5;12947;25;;;12939.0;0.0
yf_ZS=F_d1;21700;ASH_COATED_OSMIUM;9940;18;9936;21;;;9948;15;9950;20;;;9944.0;0.0
yf_ZS=F_d1;21700;INTARIAN_PEPPER_ROOT;12935;17;12933;26;;;12941;21;12945;17;;;12938.0;0.0
yf_ZS=F_d1;21800;ASH_COATED_OSMIUM;9932;12;9929;28;;;9955;15;9958;14;;;9943.5;0.0
yf_ZS=F_d1;21800;INTARIAN_PEPPER_ROOT;12933;15;12930;17;;;12944;13;12948;9;;;12938.5;0.0
yf_ZS=F_d1;21900;ASH_COATED_OSMIUM;9938;11;9935;10;;;9950;15;9953;18;;;9944.0;0.0
yf_ZS=F_d1;21900;INTARIAN_PEPPER_ROOT;12935;15;12931;31;;;12941;12;12944;25;;;12938.0;0.0
yf_ZS=F_d1;22000;ASH_COATED_OSMIUM;9940;14;9938;28;;;9947;23;9951;29;;;9943.5;0.0
yf_ZS=F_d1;22000;INTARIAN_PEPPER_ROOT;12935;12;12932;17;;;12941;15;12945;24;;;12938.0;0.0
yf_ZS=F_d1;22100;ASH_COATED_OSMIUM;9934;5;9930;17;;;9952;17;9955;24;;;9943.0;0.0
yf_ZS=F_d1;22100;INTARIAN_PEPPER_ROOT;12929;16;12926;15;;;12945;14;12949;24;;;12937.0;0.0
yf_ZS=F_d1;22200;ASH_COATED_OSMIUM;9932;13;9928;29;;;9954;20;9956;18;;;9943.0;0.0
yf_ZS=F_d1;22200;INTARIAN_PEPPER_ROOT;12928;26;12924;20;;;12947;11;12951;20;;;12937.5;0.0
yf_ZS=F_d1;22300;ASH_COATED_OSMIUM;9940;13;9938;21;;;9946;9;9948;21;;;9943.0;0.0
yf_ZS=F_d1;22300;INTARIAN_PEPPER_ROOT;12934;24;12930;18;;;12940;17;12943;21;;;12937.0;0.0
yf_ZS=F_d1;22400;ASH_COATED_OSMIUM;9940;21;9936;28;;;9946;18;9950;17;;;9943.0;0.0
yf_ZS=F_d1;22400;INTARIAN_PEPPER_ROOT;12934;11;12932;29;;;12940;8;12943;28;;;12937.0;0.0
yf_ZS=F_d1;22500;ASH_COATED_OSMIUM;9940;13;9937;16;;;9946;13;9949;23;;;9943.0;0.0
yf_ZS=F_d1;22500;INTARIAN_PEPPER_ROOT;12929;19;12926;27;;;12943;18;12946;16;;;12936.0;0.0
yf_ZS=F_d1;22600;ASH_COATED_OSMIUM;9940;16;9937;25;;;9946;13;9948;19;;;9943.0;0.0
yf_ZS=F_d1;22600;INTARIAN_PEPPER_ROOT;12928;16;12926;28;;;12943;9;12947;16;;;12935.5;0.0
yf_ZS=F_d1;22700;ASH_COATED_OSMIUM;9940;14;9937;24;;;9946;15;9948;22;;;9943.0;0.0
yf_ZS=F_d1;22700;INTARIAN_PEPPER_ROOT;12930;10;12927;20;;;12941;6;12943;18;;;12935.5;0.0
yf_ZS=F_d1;22800;ASH_COATED_OSMIUM;9938;23;9934;19;;;9949;18;9953;29;;;9943.5;0.0
yf_ZS=F_d1;22800;INTARIAN_PEPPER_ROOT;12932;30;12928;25;;;12938;12;12942;13;;;12935.0;0.0
yf_ZS=F_d1;22900;ASH_COATED_OSMIUM;9940;7;9936;12;;;9946;11;9948;18;;;9943.0;0.0
yf_ZS=F_d1;22900;INTARIAN_PEPPER_ROOT;12931;20;12928;28;;;12937;17;12939;14;;;12934.0;0.0
yf_ZS=F_d1;23000;ASH_COATED_OSMIUM;9933;11;9929;19;;;9951;13;9955;13;;;9942.0;0.0
yf_ZS=F_d1;23000;INTARIAN_PEPPER_ROOT;12932;15;12930;22;;;12938;17;12942;10;;;12935.0;0.0
yf_ZS=F_d1;23100;ASH_COATED_OSMIUM;9939;16;9935;16;;;9945;9;9948;20;;;9942.0;0.0
yf_ZS=F_d1;23100;INTARIAN_PEPPER_ROOT;12932;16;12930;17;;;12938;5;12940;15;;;12935.0;0.0
yf_ZS=F_d1;23200;ASH_COATED_OSMIUM;9937;13;9933;22;;;9948;5;9950;14;;;9942.5;0.0
yf_ZS=F_d1;23200;INTARIAN_PEPPER_ROOT;12931;9;12927;10;;;12937;15;12939;23;;;12934.0;0.0
yf_ZS=F_d1;23300;ASH_COATED_OSMIUM;9935;15;9931;23;;;9949;12;9952;13;;;9942.0;0.0
yf_ZS=F_d1;23300;INTARIAN_PEPPER_ROOT;12931;15;12929;15;;;12937;10;12941;21;;;12934.0;0.0
yf_ZS=F_d1;23400;ASH_COATED_OSMIUM;9939;15;9937;25;;;9945;11;9948;17;;;9942.0;0.0
yf_ZS=F_d1;23400;INTARIAN_PEPPER_ROOT;12930;22;12926;23;;;12936;11;12939;14;;;12933.0;0.0
yf_ZS=F_d1;23500;ASH_COATED_OSMIUM;9940;21;9937;21;;;9946;10;9950;20;;;9943.0;0.0
yf_ZS=F_d1;23500;INTARIAN_PEPPER_ROOT;12930;14;12926;22;;;12936;15;12939;19;;;12933.0;0.0
yf_ZS=F_d1;23600;ASH_COATED_OSMIUM;9937;12;9934;18;;;9948;8;9951;20;;;9942.5;0.0
yf_ZS=F_d1;23600;INTARIAN_PEPPER_ROOT;12928;17;12924;17;;;12937;10;12941;16;;;12932.5;0.0
yf_ZS=F_d1;23700;ASH_COATED_OSMIUM;9939;20;9937;16;;;9945;11;9949;13;;;9942.0;0.0
yf_ZS=F_d1;23700;INTARIAN_PEPPER_ROOT;12929;15;12925;22;;;12937;21;12941;19;;;12933.0;0.0
yf_ZS=F_d1;23800;ASH_COATED_OSMIUM;9939;14;9937;18;;;9945;12;9949;18;;;9942.0;0.0
yf_ZS=F_d1;23800;INTARIAN_PEPPER_ROOT;12925;15;12921;12;;;12941;15;12944;14;;;12933.0;0.0
yf_ZS=F_d1;23900;ASH_COATED_OSMIUM;9939;23;9937;23;;;9945;13;9949;25;;;9942.0;0.0
yf_ZS=F_d1;23900;INTARIAN_PEPPER_ROOT;12928;19;12925;18;;;12934;15;12937;16;;;12931.0;0.0
yf_ZS=F_d1;24000;ASH_COATED_OSMIUM;9939;14;9936;20;;;9945;19;9949;22;;;9942.0;0.0
yf_ZS=F_d1;24000;INTARIAN_PEPPER_ROOT;12929;5;12926;12;;;12935;8;12938;23;;;12932.0;0.0
yf_ZS=F_d1;24100;ASH_COATED_OSMIUM;9936;21;9932;21;;;9949;20;9951;20;;;9942.5;0.0
yf_ZS=F_d1;24100;INTARIAN_PEPPER_ROOT;12928;16;12926;12;;;12934;20;12936;21;;;12931.0;0.0
yf_ZS=F_d1;24200;ASH_COATED_OSMIUM;9939;22;9937;22;;;9945;6;9947;12;;;9942.0;0.0
yf_ZS=F_d1;24200;INTARIAN_PEPPER_ROOT;12928;13;12924;19;;;12934;19;12937;20;;;12931.0;0.0
yf_ZS=F_d1;24300;ASH_COATED_OSMIUM;9939;10;9935;20;;;9945;15;9948;21;;;9942.0;0.0
yf_ZS=F_d1;24300;INTARIAN_PEPPER_ROOT;12922;20;12919;18;;;12939;12;12941;20;;;12930.5;0.0
yf_ZS=F_d1;24400;ASH_COATED_OSMIUM;9929;9;9927;19;;;9955;23;9957;21;;;9942.0;0.0
yf_ZS=F_d1;24400;INTARIAN_PEPPER_ROOT;12914;21;12912;16;;;12945;7;12947;22;;;12929.5;0.0
yf_ZS=F_d1;24500;ASH_COATED_OSMIUM;9939;17;9935;28;;;9945;5;9947;32;;;9942.0;0.0
yf_ZS=F_d1;24500;INTARIAN_PEPPER_ROOT;12927;10;12923;15;;;12933;6;12935;20;;;12930.0;0.0
yf_ZS=F_d1;24600;ASH_COATED_OSMIUM;9938;12;9935;19;;;9944;19;9948;26;;;9941.0;0.0
yf_ZS=F_d1;24600;INTARIAN_PEPPER_ROOT;12923;11;12920;20;;;12936;13;12938;19;;;12929.5;0.0
yf_ZS=F_d1;24700;ASH_COATED_OSMIUM;9939;15;9936;20;;;9945;11;9947;22;;;9942.0;0.0
yf_ZS=F_d1;24700;INTARIAN_PEPPER_ROOT;12926;16;12923;29;;;12932;15;12935;17;;;12929.0;0.0
yf_ZS=F_d1;24800;ASH_COATED_OSMIUM;9938;15;9934;15;;;9944;18;9948;26;;;9941.0;0.0
yf_ZS=F_d1;24800;INTARIAN_PEPPER_ROOT;12926;12;12923;17;;;12932;15;12935;23;;;12929.0;0.0
yf_ZS=F_d1;24900;ASH_COATED_OSMIUM;9938;18;9936;28;;;9944;10;9946;31;;;9941.0;0.0
yf_ZS=F_d1;24900;INTARIAN_PEPPER_ROOT;12922;8;12919;15;;;12936;25;12939;30;;;12929.0;0.0
yf_ZS=F_d1;25000;ASH_COATED_OSMIUM;9938;19;9934;22;;;9944;20;9947;23;;;9941.0;0.0
yf_ZS=F_d1;25000;INTARIAN_PEPPER_ROOT;12923;13;12919;14;;;12934;11;12937;22;;;12928.5;0.0
yf_ZS=F_d1;25100;ASH_COATED_OSMIUM;9937;23;9935;10;;;9944;13;9946;19;;;9940.5;0.0
yf_ZS=F_d1;25100;INTARIAN_PEPPER_ROOT;12924;10;12921;16;;;12933;20;12935;11;;;12928.5;0.0
yf_ZS=F_d1;25200;ASH_COATED_OSMIUM;9938;15;9935;8;;;9944;21;9946;26;;;9941.0;0.0
yf_ZS=F_d1;25200;INTARIAN_PEPPER_ROOT;12925;15;12921;17;;;12931;26;12935;15;;;12928.0;0.0
yf_ZS=F_d1;25300;ASH_COATED_OSMIUM;9938;24;9936;22;;;9944;19;9948;29;;;9941.0;0.0
yf_ZS=F_d1;25300;INTARIAN_PEPPER_ROOT;12925;8;12922;15;;;12931;12;12934;19;;;12928.0;0.0
yf_ZS=F_d1;25400;ASH_COATED_OSMIUM;9935;20;9933;13;;;9947;21;9949;14;;;9941.0;0.0
yf_ZS=F_d1;25400;INTARIAN_PEPPER_ROOT;12916;17;12914;13;;;12937;20;12940;25;;;12926.5;0.0
yf_ZS=F_d1;25500;ASH_COATED_OSMIUM;9938;12;9934;24;;;9945;15;9948;9;;;9941.5;0.0
yf_ZS=F_d1;25500;INTARIAN_PEPPER_ROOT;12922;12;12918;22;;;12931;17;12933;25;;;12926.5;0.0
yf_ZS=F_d1;25600;ASH_COATED_OSMIUM;9938;18;9935;21;;;9944;11;9947;15;;;9941.0;0.0
yf_ZS=F_d1;25600;INTARIAN_PEPPER_ROOT;12923;10;12920;22;;;12929;19;12931;19;;;12926.0;0.0
yf_ZS=F_d1;25700;ASH_COATED_OSMIUM;9927;20;9924;17;;;9955;12;9959;13;;;9941.0;0.0
yf_ZS=F_d1;25700;INTARIAN_PEPPER_ROOT;12917;16;12913;27;;;12936;16;12938;12;;;12926.5;0.0
yf_ZS=F_d1;25800;ASH_COATED_OSMIUM;9924;13;9921;13;;;9957;9;9960;19;;;9940.5;0.0
yf_ZS=F_d1;25800;INTARIAN_PEPPER_ROOT;12923;7;12920;18;;;12929;18;12932;11;;;12926.0;0.0
yf_ZS=F_d1;25900;ASH_COATED_OSMIUM;9927;16;9924;18;;;9954;13;9956;17;;;9940.5;0.0
yf_ZS=F_d1;25900;INTARIAN_PEPPER_ROOT;12923;15;12920;18;;;12929;16;12932;17;;;12926.0;0.0
yf_ZS=F_d1;26000;ASH_COATED_OSMIUM;9938;13;9935;32;;;9944;19;9947;20;;;9941.0;0.0
yf_ZS=F_d1;26000;INTARIAN_PEPPER_ROOT;12908;8;12906;22;;;12943;14;12946;21;;;12925.5;0.0
yf_ZS=F_d1;26100;ASH_COATED_OSMIUM;9936;13;9934;25;;;9944;5;9948;20;;;9940.0;0.0
yf_ZS=F_d1;26100;INTARIAN_PEPPER_ROOT;12922;13;12919;20;;;12928;6;12931;21;;;12925.0;0.0
yf_ZS=F_d1;26200;ASH_COATED_OSMIUM;9933;22;9930;12;;;9947;18;9951;10;;;9940.0;0.0
yf_ZS=F_d1;26200;INTARIAN_PEPPER_ROOT;12915;22;12912;29;;;12935;14;12937;14;;;12925.0;0.0
yf_ZS=F_d1;26300;ASH_COATED_OSMIUM;9935;10;9933;16;;;9946;8;9949;17;;;9940.5;0.0
yf_ZS=F_d1;26300;INTARIAN_PEPPER_ROOT;12921;14;12917;17;;;12927;12;12930;15;;;12924.0;0.0
yf_ZS=F_d1;26400;ASH_COATED_OSMIUM;9937;17;9934;12;;;9943;20;9945;14;;;9940.0;0.0
yf_ZS=F_d1;26400;INTARIAN_PEPPER_ROOT;12922;14;12920;19;;;12928;13;12930;19;;;12925.0;0.0
yf_ZS=F_d1;26500;ASH_COATED_OSMIUM;9921;15;9919;23;;;9959;5;9962;23;;;9940.0;0.0
yf_ZS=F_d1;26500;INTARIAN_PEPPER_ROOT;12921;15;12919;13;;;12927;13;12931;11;;;12924.0;0.0
yf_ZS=F_d1;26600;ASH_COATED_OSMIUM;9937;14;9933;13;;;9943;10;9947;13;;;9940.0;0.0
yf_ZS=F_d1;26600;INTARIAN_PEPPER_ROOT;12921;20;12919;18;;;12927;11;12929;15;;;12924.0;0.0
yf_ZS=F_d1;26700;ASH_COATED_OSMIUM;9930;8;9927;12;;;9951;16;9953;27;;;9940.5;0.0
yf_ZS=F_d1;26700;INTARIAN_PEPPER_ROOT;12920;14;12916;15;;;12926;11;12929;27;;;12923.0;0.0
yf_ZS=F_d1;26800;ASH_COATED_OSMIUM;9937;6;9933;26;;;9943;25;9946;14;;;9940.0;0.0
yf_ZS=F_d1;26800;INTARIAN_PEPPER_ROOT;12920;19;12918;25;;;12926;12;12930;16;;;12923.0;0.0
yf_ZS=F_d1;26900;ASH_COATED_OSMIUM;9932;14;9928;14;;;9948;14;9950;18;;;9940.0;0.0
yf_ZS=F_d1;26900;INTARIAN_PEPPER_ROOT;12917;9;12915;23;;;12927;8;12929;23;;;12922.0;0.0
yf_ZS=F_d1;27000;ASH_COATED_OSMIUM;9936;20;9933;22;;;9942;13;9945;14;;;9939.0;0.0
yf_ZS=F_d1;27000;INTARIAN_PEPPER_ROOT;12920;5;12916;15;;;12926;13;12929;24;;;12923.0;0.0
yf_ZS=F_d1;27100;ASH_COATED_OSMIUM;9936;14;9933;21;;;9942;11;9945;13;;;9939.0;0.0
yf_ZS=F_d1;27100;INTARIAN_PEPPER_ROOT;12919;5;12916;25;;;12925;20;12929;25;;;12922.0;0.0
yf_ZS=F_d1;27200;ASH_COATED_OSMIUM;9928;24;9924;27;;;9951;18;9954;17;;;9939.5;0.0
yf_ZS=F_d1;27200;INTARIAN_PEPPER_ROOT;12918;16;12914;19;;;12926;11;12929;24;;;12922.0;0.0
yf_ZS=F_d1;27300;ASH_COATED_OSMIUM;9925;11;9923;17;;;9956;21;9959;19;;;9940.5;0.0
yf_ZS=F_d1;27300;INTARIAN_PEPPER_ROOT;12917;11;12913;20;;;12926;17;12930;30;;;12921.5;0.0
yf_ZS=F_d1;27400;ASH_COATED_OSMIUM;9937;15;9933;23;;;9943;11;9947;30;;;9940.0;0.0
yf_ZS=F_d1;27400;INTARIAN_PEPPER_ROOT;12919;11;12916;20;;;12925;15;12927;13;;;12922.0;0.0
yf_ZS=F_d1;27500;ASH_COATED_OSMIUM;9930;7;9927;19;;;9948;11;9950;24;;;9939.0;0.0
yf_ZS=F_d1;27500;INTARIAN_PEPPER_ROOT;12918;14;12916;9;;;12924;8;12926;11;;;12921.0;0.0
yf_ZS=F_d1;27600;ASH_COATED_OSMIUM;9936;24;9932;18;;;9942;22;9946;24;;;9939.0;0.0
yf_ZS=F_d1;27600;INTARIAN_PEPPER_ROOT;12915;10;12912;14;;;12926;13;12929;13;;;12920.5;0.0
yf_ZS=F_d1;27700;ASH_COATED_OSMIUM;9937;16;9935;22;;;9943;18;9947;11;;;9940.0;0.0
yf_ZS=F_d1;27700;INTARIAN_PEPPER_ROOT;12917;11;12913;23;;;12923;11;12927;14;;;12920.0;0.0
yf_ZS=F_d1;27800;ASH_COATED_OSMIUM;9936;8;9933;18;;;9942;8;9944;15;;;9939.0;0.0
yf_ZS=F_d1;27800;INTARIAN_PEPPER_ROOT;12917;14;12913;8;;;12923;14;12926;28;;;12920.0;0.0
yf_ZS=F_d1;27900;ASH_COATED_OSMIUM;9936;21;9934;23;;;9942;13;9945;22;;;9939.0;0.0
yf_ZS=F_d1;27900;INTARIAN_PEPPER_ROOT;12916;22;12914;19;;;12924;17;12928;24;;;12920.0;0.0
yf_ZS=F_d1;28000;ASH_COATED_OSMIUM;9933;25;9929;20;;;9944;18;9948;25;;;9938.5;0.0
yf_ZS=F_d1;28000;INTARIAN_PEPPER_ROOT;12915;18;12911;12;;;12924;21;12927;18;;;12919.5;0.0
yf_ZS=F_d1;28100;ASH_COATED_OSMIUM;9928;15;9924;22;;;9949;21;9953;15;;;9938.5;0.0
yf_ZS=F_d1;28100;INTARIAN_PEPPER_ROOT;12909;11;12907;17;;;12928;10;12931;22;;;12918.5;0.0
yf_ZS=F_d1;28200;ASH_COATED_OSMIUM;9934;13;9930;13;;;9944;14;9948;17;;;9939.0;0.0
yf_ZS=F_d1;28200;INTARIAN_PEPPER_ROOT;12912;9;12910;21;;;12925;13;12927;15;;;12918.5;0.0
yf_ZS=F_d1;28300;ASH_COATED_OSMIUM;9936;22;9933;26;;;9942;22;9946;24;;;9939.0;0.0
yf_ZS=F_d1;28300;INTARIAN_PEPPER_ROOT;12915;18;12912;13;;;12921;14;12924;25;;;12918.0;0.0
yf_ZS=F_d1;28400;ASH_COATED_OSMIUM;9931;28;9929;12;;;9946;11;9948;12;;;9938.5;0.0
yf_ZS=F_d1;28400;INTARIAN_PEPPER_ROOT;12915;18;12912;16;;;12922;12;12926;20;;;12918.5;0.0
yf_ZS=F_d1;28500;ASH_COATED_OSMIUM;9936;12;9933;25;;;9942;18;9944;20;;;9939.0;0.0
yf_ZS=F_d1;28500;INTARIAN_PEPPER_ROOT;12915;14;12913;12;;;12921;15;12925;12;;;12918.0;0.0
yf_ZS=F_d1;28600;ASH_COATED_OSMIUM;9936;20;9934;27;;;9942;11;9946;20;;;9939.0;0.0
yf_ZS=F_d1;28600;INTARIAN_PEPPER_ROOT;12915;19;12912;16;;;12921;18;12923;16;;;12918.0;0.0
yf_ZS=F_d1;28700;ASH_COATED_OSMIUM;9935;8;9933;17;;;9942;10;9946;24;;;9938.5;0.0
yf_ZS=F_d1;28700;INTARIAN_PEPPER_ROOT;12914;14;12910;23;;;12920;18;12922;16;;;12917.0;0.0
yf_ZS=F_d1;28800;ASH_COATED_OSMIUM;9931;13;9927;23;;;9945;10;9948;26;;;9938.0;0.0
yf_ZS=F_d1;28800;INTARIAN_PEPPER_ROOT;12913;14;12910;18;;;12922;5;12925;22;;;12917.5;0.0
yf_ZS=F_d1;28900;ASH_COATED_OSMIUM;9936;9;9932;21;;;9942;20;9946;16;;;9939.0;0.0
yf_ZS=F_d1;28900;INTARIAN_PEPPER_ROOT;12914;18;12910;20;;;12920;6;12922;19;;;12917.0;0.0
yf_ZS=F_d1;29000;ASH_COATED_OSMIUM;9935;13;9932;27;;;9941;22;9944;19;;;9938.0;0.0
yf_ZS=F_d1;29000;INTARIAN_PEPPER_ROOT;12909;22;12906;20;;;12924;11;12926;16;;;12916.5;0.0
yf_ZS=F_d1;29100;ASH_COATED_OSMIUM;9935;11;9931;21;;;9941;18;9943;17;;;9938.0;0.0
yf_ZS=F_d1;29100;INTARIAN_PEPPER_ROOT;12913;15;12910;25;;;12919;16;12922;16;;;12916.0;0.0
yf_ZS=F_d1;29200;ASH_COATED_OSMIUM;9935;18;9931;16;;;9941;15;9944;16;;;9938.0;0.0
yf_ZS=F_d1;29200;INTARIAN_PEPPER_ROOT;12913;17;12909;20;;;12919;22;12922;22;;;12916.0;0.0
yf_ZS=F_d1;29300;ASH_COATED_OSMIUM;9934;18;9931;20;;;9943;22;9947;20;;;9938.5;0.0
yf_ZS=F_d1;29300;INTARIAN_PEPPER_ROOT;12912;11;12908;18;;;12918;16;12921;13;;;12915.0;0.0
yf_ZS=F_d1;29400;ASH_COATED_OSMIUM;9935;7;9932;17;;;9941;10;9943;16;;;9938.0;0.0
yf_ZS=F_d1;29400;INTARIAN_PEPPER_ROOT;12907;22;12903;15;;;12922;14;12924;18;;;12914.5;0.0
yf_ZS=F_d1;29500;ASH_COATED_OSMIUM;9935;15;9933;20;;;9941;16;9945;24;;;9938.0;0.0
yf_ZS=F_d1;29500;INTARIAN_PEPPER_ROOT;12912;15;12909;29;;;12918;9;12921;9;;;12915.0;0.0
yf_ZS=F_d1;29600;ASH_COATED_OSMIUM;9924;12;9922;22;;;9951;26;9954;13;;;9937.5;0.0
yf_ZS=F_d1;29600;INTARIAN_PEPPER_ROOT;12909;10;12905;25;;;12920;18;12923;21;;;12914.5;0.0
yf_ZS=F_d1;29700;ASH_COATED_OSMIUM;9932;11;9928;16;;;9944;6;9947;14;;;9938.0;0.0
yf_ZS=F_d1;29700;INTARIAN_PEPPER_ROOT;12911;17;12908;16;;;12917;18;12921;21;;;12914.0;0.0
yf_ZS=F_d1;29800;ASH_COATED_OSMIUM;9935;8;9931;21;;;9941;5;9943;22;;;9938.0;0.0
yf_ZS=F_d1;29800;INTARIAN_PEPPER_ROOT;12911;14;12908;15;;;12917;17;12920;27;;;12914.0;0.0
yf_ZS=F_d1;29900;ASH_COATED_OSMIUM;9925;11;9921;17;;;9951;16;9955;15;;;9938.0;0.0
yf_ZS=F_d1;29900;INTARIAN_PEPPER_ROOT;12910;19;12907;14;;;12917;10;12920;10;;;12913.5;0.0
yf_ZS=F_d1;30000;ASH_COATED_OSMIUM;9934;22;9930;16;;;9941;16;9945;18;;;9937.5;0.0
yf_ZS=F_d1;30000;INTARIAN_PEPPER_ROOT;12898;14;12895;8;;;12928;21;12932;19;;;12913.0;0.0
yf_ZS=F_d1;30100;ASH_COATED_OSMIUM;9935;11;9932;21;;;9941;5;9945;25;;;9938.0;0.0
yf_ZS=F_d1;30100;INTARIAN_PEPPER_ROOT;12910;12;12906;14;;;12916;13;12919;18;;;12913.0;0.0
yf_ZS=F_d1;30200;ASH_COATED_OSMIUM;9935;21;9933;12;;;9941;16;9944;25;;;9938.0;0.0
yf_ZS=F_d1;30200;INTARIAN_PEPPER_ROOT;12910;12;12906;21;;;12916;23;12919;15;;;12913.0;0.0
yf_ZS=F_d1;30300;ASH_COATED_OSMIUM;9935;15;9931;18;;;9941;11;9944;26;;;9938.0;0.0
yf_ZS=F_d1;30300;INTARIAN_PEPPER_ROOT;12906;14;12903;21;;;12919;5;12923;15;;;12912.5;0.0
yf_ZS=F_d1;30400;ASH_COATED_OSMIUM;9934;10;9930;23;;;9940;21;9944;23;;;9937.0;0.0
yf_ZS=F_d1;30400;INTARIAN_PEPPER_ROOT;12909;11;12907;17;;;12915;18;12918;23;;;12912.0;0.0
yf_ZS=F_d1;30500;ASH_COATED_OSMIUM;9934;14;9930;14;;;9940;13;9943;17;;;9937.0;0.0
yf_ZS=F_d1;30500;INTARIAN_PEPPER_ROOT;12906;12;12904;8;;;12918;20;12920;21;;;12912.0;0.0
yf_ZS=F_d1;30600;ASH_COATED_OSMIUM;9934;16;9932;20;;;9940;24;9944;14;;;9937.0;0.0
yf_ZS=F_d1;30600;INTARIAN_PEPPER_ROOT;12904;20;12900;19;;;12918;26;12921;28;;;12911.0;0.0
yf_ZS=F_d1;30700;ASH_COATED_OSMIUM;9933;20;9931;16;;;9941;14;9943;12;;;9937.0;0.0
yf_ZS=F_d1;30700;INTARIAN_PEPPER_ROOT;12900;18;12896;28;;;12922;21;12925;15;;;12911.0;0.0
yf_ZS=F_d1;30800;ASH_COATED_OSMIUM;9934;21;9931;23;;;9941;13;9943;9;;;9937.5;0.0
yf_ZS=F_d1;30800;INTARIAN_PEPPER_ROOT;12907;16;12904;16;;;12913;17;12915;16;;;12910.0;0.0
yf_ZS=F_d1;30900;ASH_COATED_OSMIUM;9931;14;9928;21;;;9944;14;9946;17;;;9937.5;0.0
yf_ZS=F_d1;30900;INTARIAN_PEPPER_ROOT;12905;9;12902;17;;;12916;17;12920;25;;;12910.5;0.0
yf_ZS=F_d1;31000;ASH_COATED_OSMIUM;9932;12;9930;17;;;9942;6;9946;17;;;9937.0;0.0
yf_ZS=F_d1;31000;INTARIAN_PEPPER_ROOT;12908;24;12904;23;;;12914;11;12917;26;;;12911.0;0.0
yf_ZS=F_d1;31100;ASH_COATED_OSMIUM;9934;19;9932;21;;;9940;16;9943;21;;;9937.0;0.0
yf_ZS=F_d1;31100;INTARIAN_PEPPER_ROOT;12908;11;12905;11;;;12914;8;12916;22;;;12911.0;0.0
yf_ZS=F_d1;31200;ASH_COATED_OSMIUM;9934;5;9931;25;;;9940;22;9942;21;;;9937.0;0.0
yf_ZS=F_d1;31200;INTARIAN_PEPPER_ROOT;12907;20;12905;21;;;12913;16;12917;28;;;12910.0;0.0
yf_ZS=F_d1;31300;ASH_COATED_OSMIUM;9934;25;9930;19;;;9940;14;9944;13;;;9937.0;0.0
yf_ZS=F_d1;31300;INTARIAN_PEPPER_ROOT;12907;17;12905;24;;;12913;9;12915;12;;;12910.0;0.0
yf_ZS=F_d1;31400;ASH_COATED_OSMIUM;9932;16;9928;18;;;9941;12;9944;23;;;9936.5;0.0
yf_ZS=F_d1;31400;INTARIAN_PEPPER_ROOT;12906;13;12902;22;;;12912;15;12914;17;;;12909.0;0.0
yf_ZS=F_d1;31500;ASH_COATED_OSMIUM;9932;5;9929;21;;;9940;10;9944;25;;;9936.0;0.0
yf_ZS=F_d1;31500;INTARIAN_PEPPER_ROOT;12905;17;12903;8;;;12913;21;12915;21;;;12909.0;0.0
yf_ZS=F_d1;31600;ASH_COATED_OSMIUM;9923;18;9919;11;;;9950;12;9954;23;;;9936.5;0.0
yf_ZS=F_d1;31600;INTARIAN_PEPPER_ROOT;12900;17;12897;29;;;12916;15;12919;23;;;12908.0;0.0
yf_ZS=F_d1;31700;ASH_COATED_OSMIUM;9924;13;9922;17;;;9948;10;9950;20;;;9936.0;0.0
yf_ZS=F_d1;31700;INTARIAN_PEPPER_ROOT;12905;10;12901;23;;;12911;14;12913;21;;;12908.0;0.0
yf_ZS=F_d1;31800;ASH_COATED_OSMIUM;9934;21;9931;26;;;9940;19;9942;22;;;9937.0;0.0
yf_ZS=F_d1;31800;INTARIAN_PEPPER_ROOT;12897;21;12895;18;;;12918;21;12922;28;;;12907.5;0.0
yf_ZS=F_d1;31900;ASH_COATED_OSMIUM;9933;21;9931;21;;;9939;15;9941;18;;;9936.0;0.0
yf_ZS=F_d1;31900;INTARIAN_PEPPER_ROOT;12905;8;12901;26;;;12911;11;12915;21;;;12908.0;0.0
yf_ZS=F_d1;32000;ASH_COATED_OSMIUM;9933;11;9930;12;;;9939;18;9942;27;;;9936.0;0.0
yf_ZS=F_d1;32000;INTARIAN_PEPPER_ROOT;12903;20;12901;22;;;12912;17;12914;21;;;12907.5;0.0
yf_ZS=F_d1;32100;ASH_COATED_OSMIUM;9933;15;9931;16;;;9939;14;9941;15;;;9936.0;0.0
yf_ZS=F_d1;32100;INTARIAN_PEPPER_ROOT;12904;7;12902;18;;;12910;10;12913;23;;;12907.0;0.0
yf_ZS=F_d1;32200;ASH_COATED_OSMIUM;9933;5;9930;18;;;9939;16;9942;25;;;9936.0;0.0
yf_ZS=F_d1;32200;INTARIAN_PEPPER_ROOT;12890;10;12887;17;;;12923;13;12925;33;;;12906.5;0.0
yf_ZS=F_d1;32300;ASH_COATED_OSMIUM;9932;23;9929;26;;;9939;16;9942;18;;;9935.5;0.0
yf_ZS=F_d1;32300;INTARIAN_PEPPER_ROOT;12903;8;12899;21;;;12909;10;12911;20;;;12906.0;0.0
yf_ZS=F_d1;32400;ASH_COATED_OSMIUM;9933;5;9930;22;;;9939;13;9942;22;;;9936.0;0.0
yf_ZS=F_d1;32400;INTARIAN_PEPPER_ROOT;12901;19;12897;21;;;12911;18;12913;18;;;12906.0;0.0
yf_ZS=F_d1;32500;ASH_COATED_OSMIUM;9923;22;9921;17;;;9948;7;9951;19;;;9935.5;0.0
yf_ZS=F_d1;32500;INTARIAN_PEPPER_ROOT;12903;14;12900;22;;;12909;15;12911;20;;;12906.0;0.0
yf_ZS=F_d1;32600;ASH_COATED_OSMIUM;9933;13;9930;23;;;9939;25;9943;21;;;9936.0;0.0
yf_ZS=F_d1;32600;INTARIAN_PEPPER_ROOT;12902;9;12899;16;;;12908;9;12912;28;;;12905.0;0.0
yf_ZS=F_d1;32700;ASH_COATED_OSMIUM;9933;17;9931;12;;;9939;14;9941;23;;;9936.0;0.0
yf_ZS=F_d1;32700;INTARIAN_PEPPER_ROOT;12901;17;12899;19;;;12910;5;12912;17;;;12905.5;0.0
yf_ZS=F_d1;32800;ASH_COATED_OSMIUM;9933;13;9931;26;;;9939;16;9943;19;;;9936.0;0.0
yf_ZS=F_d1;32800;INTARIAN_PEPPER_ROOT;12902;19;12898;17;;;12908;13;12911;13;;;12905.0;0.0
yf_ZS=F_d1;32900;ASH_COATED_OSMIUM;9924;14;9920;17;;;9946;15;9948;17;;;9935.0;0.0
yf_ZS=F_d1;32900;INTARIAN_PEPPER_ROOT;12891;5;12887;15;;;12918;9;12922;20;;;12904.5;0.0
yf_ZS=F_d1;33000;ASH_COATED_OSMIUM;9931;12;9928;16;;;9941;18;9944;16;;;9936.0;0.0
yf_ZS=F_d1;33000;INTARIAN_PEPPER_ROOT;12901;14;12899;23;;;12907;14;12910;16;;;12904.0;0.0
yf_ZS=F_d1;33100;ASH_COATED_OSMIUM;9930;14;9927;12;;;9942;11;9944;20;;;9936.0;0.0
yf_ZS=F_d1;33100;INTARIAN_PEPPER_ROOT;12901;19;12898;20;;;12907;10;12911;17;;;12904.0;0.0
yf_ZS=F_d1;33200;ASH_COATED_OSMIUM;9933;27;9931;22;;;9939;23;9943;22;;;9936.0;0.0
yf_ZS=F_d1;33200;INTARIAN_PEPPER_ROOT;12890;12;12888;10;;;12918;21;12922;26;;;12904.0;0.0
yf_ZS=F_d1;33300;ASH_COATED_OSMIUM;9933;16;9931;27;;;9939;5;9941;21;;;9936.0;0.0
yf_ZS=F_d1;33300;INTARIAN_PEPPER_ROOT;12887;10;12885;20;;;12919;5;12921;21;;;12903.0;0.0
yf_ZS=F_d1;33400;ASH_COATED_OSMIUM;9921;14;9919;16;;;9949;17;9953;15;;;9935.0;0.0
yf_ZS=F_d1;33400;INTARIAN_PEPPER_ROOT;12897;8;12894;14;;;12909;11;12913;21;;;12903.0;0.0
yf_ZS=F_d1;33500;ASH_COATED_OSMIUM;9932;14;9929;21;;;9938;9;9941;21;;;9935.0;0.0
yf_ZS=F_d1;33500;INTARIAN_PEPPER_ROOT;12897;20;12893;21;;;12908;18;12910;13;;;12902.5;0.0
yf_ZS=F_d1;33600;ASH_COATED_OSMIUM;9932;18;9928;17;;;9938;14;9942;15;;;9935.0;0.0
yf_ZS=F_d1;33600;INTARIAN_PEPPER_ROOT;12898;20;12895;13;;;12907;22;12909;18;;;12902.5;0.0
yf_ZS=F_d1;33700;ASH_COATED_OSMIUM;9932;13;9929;18;;;9938;24;9940;13;;;9935.0;0.0
yf_ZS=F_d1;33700;INTARIAN_PEPPER_ROOT;12889;8;12886;27;;;12912;19;12914;24;;;12900.5;0.0
yf_ZS=F_d1;33800;ASH_COATED_OSMIUM;9932;17;9928;22;;;9938;13;9940;21;;;9935.0;0.0
yf_ZS=F_d1;33800;INTARIAN_PEPPER_ROOT;12892;18;12890;26;;;12912;15;12915;23;;;12902.0;0.0
yf_ZS=F_d1;33900;ASH_COATED_OSMIUM;9932;22;9928;16;;;9938;17;9940;26;;;9935.0;0.0
yf_ZS=F_d1;33900;INTARIAN_PEPPER_ROOT;12893;9;12890;18;;;12910;13;12912;28;;;12901.5;0.0
yf_ZS=F_d1;34000;ASH_COATED_OSMIUM;9929;11;9925;24;;;9943;14;9947;24;;;9936.0;0.0
yf_ZS=F_d1;34000;INTARIAN_PEPPER_ROOT;12897;21;12893;24;;;12903;12;12907;18;;;12900.0;0.0
yf_ZS=F_d1;34100;ASH_COATED_OSMIUM;9928;11;9926;25;;;9943;20;9947;16;;;9935.5;0.0
yf_ZS=F_d1;34100;INTARIAN_PEPPER_ROOT;12896;22;12894;8;;;12902;12;12904;28;;;12899.0;0.0
yf_ZS=F_d1;34200;ASH_COATED_OSMIUM;9932;12;9930;16;;;9938;8;9940;20;;;9935.0;0.0
yf_ZS=F_d1;34200;INTARIAN_PEPPER_ROOT;12894;6;12892;10;;;12900;5;12902;20;;;12897.0;0.0
yf_ZS=F_d1;34300;ASH_COATED_OSMIUM;9931;21;9929;15;;;9939;15;9943;18;;;9935.0;0.0
yf_ZS=F_d1;34300;INTARIAN_PEPPER_ROOT;12892;15;12888;12;;;12898;18;12901;13;;;12895.0;0.0
yf_ZS=F_d1;34400;ASH_COATED_OSMIUM;9932;17;9929;19;;;9939;16;9942;14;;;9935.5;0.0
yf_ZS=F_d1;34400;INTARIAN_PEPPER_ROOT;12891;17;12887;19;;;12898;18;12902;21;;;12894.5;0.0
yf_ZS=F_d1;34500;ASH_COATED_OSMIUM;9930;7;9927;23;;;9940;9;9942;20;;;9935.0;0.0
yf_ZS=F_d1;34500;INTARIAN_PEPPER_ROOT;12890;20;12886;25;;;12896;10;12898;25;;;12893.0;0.0
yf_ZS=F_d1;34600;ASH_COATED_OSMIUM;9932;15;9930;24;;;9938;20;9940;20;;;9935.0;0.0
yf_ZS=F_d1;34600;INTARIAN_PEPPER_ROOT;12889;9;12886;19;;;12895;21;12898;22;;;12892.0;0.0
yf_ZS=F_d1;34700;ASH_COATED_OSMIUM;9930;21;9926;23;;;9941;15;9945;20;;;9935.5;0.0
yf_ZS=F_d1;34700;INTARIAN_PEPPER_ROOT;12888;12;12885;14;;;12894;13;12898;15;;;12891.0;0.0
yf_ZS=F_d1;34800;ASH_COATED_OSMIUM;9930;16;9928;21;;;9942;18;9946;18;;;9936.0;0.0
yf_ZS=F_d1;34800;INTARIAN_PEPPER_ROOT;12887;8;12883;17;;;12893;13;12897;15;;;12890.0;0.0
yf_ZS=F_d1;34900;ASH_COATED_OSMIUM;9933;12;9929;25;;;9939;18;9941;17;;;9936.0;0.0
yf_ZS=F_d1;34900;INTARIAN_PEPPER_ROOT;12885;22;12881;27;;;12891;6;12893;17;;;12888.0;0.0
yf_ZS=F_d1;35000;ASH_COATED_OSMIUM;9933;10;9930;16;;;9939;11;9943;22;;;9936.0;0.0
yf_ZS=F_d1;35000;INTARIAN_PEPPER_ROOT;12873;19;12871;16;;;12901;11;12904;12;;;12887.0;0.0
yf_ZS=F_d1;35100;ASH_COATED_OSMIUM;9933;9;9930;25;;;9939;11;9942;16;;;9936.0;0.0
yf_ZS=F_d1;35100;INTARIAN_PEPPER_ROOT;12879;5;12876;19;;;12892;23;12896;26;;;12885.5;0.0
yf_ZS=F_d1;35200;ASH_COATED_OSMIUM;9924;21;9921;25;;;9948;18;9950;24;;;9936.0;0.0
yf_ZS=F_d1;35200;INTARIAN_PEPPER_ROOT;12881;20;12878;27;;;12887;13;12891;18;;;12884.0;0.0
yf_ZS=F_d1;35300;ASH_COATED_OSMIUM;9933;16;9929;16;;;9939;16;9943;16;;;9936.0;0.0
yf_ZS=F_d1;35300;INTARIAN_PEPPER_ROOT;12878;5;12876;16;;;12888;14;12891;23;;;12883.0;0.0
yf_ZS=F_d1;35400;ASH_COATED_OSMIUM;9934;12;9931;20;;;9940;10;9944;34;;;9937.0;0.0
yf_ZS=F_d1;35400;INTARIAN_PEPPER_ROOT;12877;18;12875;15;;;12887;8;12890;16;;;12882.0;0.0
yf_ZS=F_d1;35500;ASH_COATED_OSMIUM;9927;25;9925;13;;;9946;12;9949;20;;;9936.5;0.0
yf_ZS=F_d1;35500;INTARIAN_PEPPER_ROOT;12877;12;12874;22;;;12883;14;12886;9;;;12880.0;0.0
yf_ZS=F_d1;35600;ASH_COATED_OSMIUM;9934;21;9930;21;;;9940;24;9944;24;;;9937.0;0.0
yf_ZS=F_d1;35600;INTARIAN_PEPPER_ROOT;12871;11;12869;18;;;12886;17;12888;19;;;12878.5;0.0
yf_ZS=F_d1;35700;ASH_COATED_OSMIUM;9934;20;9931;17;;;9940;17;9942;13;;;9937.0;0.0
yf_ZS=F_d1;35700;INTARIAN_PEPPER_ROOT;12875;24;12872;26;;;12881;5;12885;20;;;12878.0;0.0
yf_ZS=F_d1;35800;ASH_COATED_OSMIUM;9928;17;9926;25;;;9945;15;9947;28;;;9936.5;0.0
yf_ZS=F_d1;35800;INTARIAN_PEPPER_ROOT;12873;13;12871;24;;;12879;19;12881;11;;;12876.0;0.0
yf_ZS=F_d1;35900;ASH_COATED_OSMIUM;9934;16;9930;28;;;9940;19;9944;16;;;9937.0;0.0
yf_ZS=F_d1;35900;INTARIAN_PEPPER_ROOT;12872;27;12869;20;;;12878;17;12881;14;;;12875.0;0.0
yf_ZS=F_d1;36000;ASH_COATED_OSMIUM;9934;9;9930;22;;;9940;22;9943;16;;;9937.0;0.0
yf_ZS=F_d1;36000;INTARIAN_PEPPER_ROOT;12871;10;12867;26;;;12877;19;12879;14;;;12874.0;0.0
yf_ZS=F_d1;36100;ASH_COATED_OSMIUM;9934;18;9931;25;;;9941;9;9945;18;;;9937.5;0.0
yf_ZS=F_d1;36100;INTARIAN_PEPPER_ROOT;12869;24;12866;20;;;12875;13;12877;29;;;12872.0;0.0
yf_ZS=F_d1;36200;ASH_COATED_OSMIUM;9935;19;9931;12;;;9941;16;9945;26;;;9938.0;0.0
yf_ZS=F_d1;36200;INTARIAN_PEPPER_ROOT;12868;14;12866;18;;;12874;8;12877;22;;;12871.0;0.0
yf_ZS=F_d1;36300;ASH_COATED_OSMIUM;9935;8;9931;14;;;9941;6;9943;17;;;9938.0;0.0
yf_ZS=F_d1;36300;INTARIAN_PEPPER_ROOT;12865;11;12861;23;;;12876;5;12879;21;;;12870.5;0.0
yf_ZS=F_d1;36400;ASH_COATED_OSMIUM;9934;6;9932;16;;;9940;13;9942;19;;;9937.0;0.0
yf_ZS=F_d1;36400;INTARIAN_PEPPER_ROOT;12863;5;12860;20;;;12875;19;12878;21;;;12869.0;0.0
yf_ZS=F_d1;36500;ASH_COATED_OSMIUM;9934;23;9932;25;;;9940;19;9942;21;;;9937.0;0.0
yf_ZS=F_d1;36500;INTARIAN_PEPPER_ROOT;12864;11;12860;27;;;12870;18;12874;20;;;12867.0;0.0
yf_ZS=F_d1;36600;ASH_COATED_OSMIUM;9930;17;9927;18;;;9945;19;9948;27;;;9937.5;0.0
yf_ZS=F_d1;36600;INTARIAN_PEPPER_ROOT;12862;12;12859;21;;;12870;16;12873;20;;;12866.0;0.0
yf_ZS=F_d1;36700;ASH_COATED_OSMIUM;9936;16;9932;22;;;9942;22;9946;20;;;9939.0;0.0
yf_ZS=F_d1;36700;INTARIAN_PEPPER_ROOT;12861;16;12857;35;;;12867;22;12871;22;;;12864.0;0.0
yf_ZS=F_d1;36800;ASH_COATED_OSMIUM;9932;12;9928;21;;;9944;13;9946;16;;;9938.0;0.0
yf_ZS=F_d1;36800;INTARIAN_PEPPER_ROOT;12860;17;12857;17;;;12866;19;12870;19;;;12863.0;0.0
yf_ZS=F_d1;36900;ASH_COATED_OSMIUM;9935;11;9932;27;;;9941;13;9945;18;;;9938.0;0.0
yf_ZS=F_d1;36900;INTARIAN_PEPPER_ROOT;12856;10;12853;20;;;12868;19;12871;20;;;12862.0;0.0
yf_ZS=F_d1;37000;ASH_COATED_OSMIUM;9935;12;9932;23;;;9941;19;9945;21;;;9938.0;0.0
yf_ZS=F_d1;37000;INTARIAN_PEPPER_ROOT;12853;13;12849;23;;;12868;11;12871;24;;;12860.5;0.0
yf_ZS=F_d1;37100;ASH_COATED_OSMIUM;9936;14;9932;23;;;9942;12;9944;31;;;9939.0;0.0
yf_ZS=F_d1;37100;INTARIAN_PEPPER_ROOT;12856;14;12852;28;;;12862;16;12866;27;;;12859.0;0.0
yf_ZS=F_d1;37200;ASH_COATED_OSMIUM;9918;13;9916;13;;;9960;14;9963;23;;;9939.0;0.0
yf_ZS=F_d1;37200;INTARIAN_PEPPER_ROOT;12855;13;12852;23;;;12861;13;12863;17;;;12858.0;0.0
yf_ZS=F_d1;37300;ASH_COATED_OSMIUM;9936;15;9933;18;;;9942;16;9944;21;;;9939.0;0.0
yf_ZS=F_d1;37300;INTARIAN_PEPPER_ROOT;12854;7;12851;23;;;12860;18;12862;30;;;12857.0;0.0
yf_ZS=F_d1;37400;ASH_COATED_OSMIUM;9936;19;9933;21;;;9942;9;9946;24;;;9939.0;0.0
yf_ZS=F_d1;37400;INTARIAN_PEPPER_ROOT;12852;19;12849;22;;;12858;9;12862;24;;;12855.0;0.0
yf_ZS=F_d1;37500;ASH_COATED_OSMIUM;9936;24;9934;21;;;9942;12;9945;17;;;9939.0;0.0
yf_ZS=F_d1;37500;INTARIAN_PEPPER_ROOT;12849;17;12846;22;;;12858;9;12862;26;;;12853.5;0.0
yf_ZS=F_d1;37600;ASH_COATED_OSMIUM;9927;13;9925;27;;;9952;12;9954;12;;;9939.5;0.0
yf_ZS=F_d1;37600;INTARIAN_PEPPER_ROOT;12847;16;12845;21;;;12858;5;12861;17;;;12852.5;0.0
yf_ZS=F_d1;37700;ASH_COATED_OSMIUM;9936;6;9933;22;;;9942;10;9946;16;;;9939.0;0.0
yf_ZS=F_d1;37700;INTARIAN_PEPPER_ROOT;12839;14;12835;16;;;12863;8;12867;18;;;12851.0;0.0
yf_ZS=F_d1;37800;ASH_COATED_OSMIUM;9934;25;9932;16;;;9944;21;9946;33;;;9939.0;0.0
yf_ZS=F_d1;37800;INTARIAN_PEPPER_ROOT;12847;15;12844;11;;;12853;11;12855;18;;;12850.0;0.0
yf_ZS=F_d1;37900;ASH_COATED_OSMIUM;9934;5;9931;15;;;9945;11;9947;18;;;9939.5;0.0
yf_ZS=F_d1;37900;INTARIAN_PEPPER_ROOT;12846;18;12842;24;;;12852;14;12854;23;;;12849.0;0.0
yf_ZS=F_d1;38000;ASH_COATED_OSMIUM;9936;15;9934;17;;;9942;16;9945;24;;;9939.0;0.0
yf_ZS=F_d1;38000;INTARIAN_PEPPER_ROOT;12842;19;12839;19;;;12853;7;12857;21;;;12847.5;0.0
yf_ZS=F_d1;38100;ASH_COATED_OSMIUM;9936;12;9934;21;;;9942;7;9945;20;;;9939.0;0.0
yf_ZS=F_d1;38100;INTARIAN_PEPPER_ROOT;12843;12;12840;18;;;12849;19;12851;17;;;12846.0;0.0
yf_ZS=F_d1;38200;ASH_COATED_OSMIUM;9932;10;9928;20;;;9947;18;9949;27;;;9939.5;0.0
yf_ZS=F_d1;38200;INTARIAN_PEPPER_ROOT;12840;7;12836;15;;;12848;20;12851;25;;;12844.0;0.0
yf_ZS=F_d1;38300;ASH_COATED_OSMIUM;9932;17;9930;16;;;9947;13;9950;20;;;9939.5;0.0
yf_ZS=F_d1;38300;INTARIAN_PEPPER_ROOT;12840;11;12837;23;;;12846;13;12848;31;;;12843.0;0.0
yf_ZS=F_d1;38400;ASH_COATED_OSMIUM;9936;11;9934;18;;;9942;16;9944;24;;;9939.0;0.0
yf_ZS=F_d1;38400;INTARIAN_PEPPER_ROOT;12830;11;12827;13;;;12854;12;12857;22;;;12842.0;0.0
yf_ZS=F_d1;38500;ASH_COATED_OSMIUM;9937;8;9934;8;;;9943;22;9945;24;;;9940.0;0.0
yf_ZS=F_d1;38500;INTARIAN_PEPPER_ROOT;12835;14;12831;12;;;12846;21;12849;18;;;12840.5;0.0
yf_ZS=F_d1;38600;ASH_COATED_OSMIUM;9937;14;9933;17;;;9943;11;9946;25;;;9940.0;0.0
yf_ZS=F_d1;38600;INTARIAN_PEPPER_ROOT;12837;8;12833;11;;;12843;21;12845;21;;;12840.0;0.0
yf_ZS=F_d1;38700;ASH_COATED_OSMIUM;9936;10;9933;19;;;9946;9;9949;24;;;9941.0;0.0
yf_ZS=F_d1;38700;INTARIAN_PEPPER_ROOT;12834;16;12830;22;;;12843;12;12845;20;;;12838.5;0.0
yf_ZS=F_d1;38800;ASH_COATED_OSMIUM;9938;13;9934;8;;;9944;15;9947;18;;;9941.0;0.0
yf_ZS=F_d1;38800;INTARIAN_PEPPER_ROOT;12834;15;12830;14;;;12840;20;12844;14;;;12837.0;0.0
yf_ZS=F_d1;38900;ASH_COATED_OSMIUM;9938;21;9934;18;;;9944;10;9946;18;;;9941.0;0.0
yf_ZS=F_d1;38900;INTARIAN_PEPPER_ROOT;12832;19;12830;24;;;12838;9;12841;20;;;12835.0;0.0
yf_ZS=F_d1;39000;ASH_COATED_OSMIUM;9935;23;9933;13;;;9945;15;9949;19;;;9940.0;0.0
yf_ZS=F_d1;39000;INTARIAN_PEPPER_ROOT;12828;13;12825;24;;;12840;16;12844;17;;;12834.0;0.0
yf_ZS=F_d1;39100;ASH_COATED_OSMIUM;9934;7;9932;21;;;9947;5;9951;17;;;9940.5;0.0
yf_ZS=F_d1;39100;INTARIAN_PEPPER_ROOT;12830;21;12827;26;;;12836;24;12838;24;;;12833.0;0.0
yf_ZS=F_d1;39200;ASH_COATED_OSMIUM;9938;10;9936;18;;;9944;8;9947;21;;;9941.0;0.0
yf_ZS=F_d1;39200;INTARIAN_PEPPER_ROOT;12826;17;12824;13;;;12837;9;12840;20;;;12831.5;0.0
yf_ZS=F_d1;39300;ASH_COATED_OSMIUM;9931;24;9927;15;;;9951;17;9954;15;;;9941.0;0.0
yf_ZS=F_d1;39300;INTARIAN_PEPPER_ROOT;12827;14;12823;23;;;12833;14;12837;23;;;12830.0;0.0
yf_ZS=F_d1;39400;ASH_COATED_OSMIUM;9937;22;9933;16;;;9945;12;9948;21;;;9941.0;0.0
yf_ZS=F_d1;39400;INTARIAN_PEPPER_ROOT;12826;9;12823;16;;;12832;8;12835;25;;;12829.0;0.0
yf_ZS=F_d1;39500;ASH_COATED_OSMIUM;9938;13;9934;16;;;9945;11;9947;15;;;9941.5;0.0
yf_ZS=F_d1;39500;INTARIAN_PEPPER_ROOT;12825;10;12823;19;;;12831;18;12834;15;;;12828.0;0.0
yf_ZS=F_d1;39600;ASH_COATED_OSMIUM;9933;30;9930;14;;;9948;14;9951;20;;;9940.5;0.0
yf_ZS=F_d1;39600;INTARIAN_PEPPER_ROOT;12823;9;12820;26;;;12829;15;12831;23;;;12826.0;0.0
yf_ZS=F_d1;39700;ASH_COATED_OSMIUM;9938;16;9934;17;;;9944;5;9947;23;;;9941.0;0.0
yf_ZS=F_d1;39700;INTARIAN_PEPPER_ROOT;12822;23;12818;10;;;12828;15;12831;20;;;12825.0;0.0
yf_ZS=F_d1;39800;ASH_COATED_OSMIUM;9939;12;9935;18;;;9945;19;9947;17;;;9942.0;0.0
yf_ZS=F_d1;39800;INTARIAN_PEPPER_ROOT;12812;10;12809;23;;;12835;15;12837;18;;;12823.5;0.0
yf_ZS=F_d1;39900;ASH_COATED_OSMIUM;9939;15;9936;16;;;9945;7;9948;25;;;9942.0;0.0
yf_ZS=F_d1;39900;INTARIAN_PEPPER_ROOT;12813;14;12811;26;;;12832;13;12835;20;;;12822.5;0.0
yf_ZS=F_d1;40000;ASH_COATED_OSMIUM;9935;12;9931;22;;;9948;7;9951;15;;;9941.5;0.0
yf_ZS=F_d1;40000;INTARIAN_PEPPER_ROOT;12818;15;12814;24;;;12824;17;12826;20;;;12821.0;0.0
yf_ZS=F_d1;40100;ASH_COATED_OSMIUM;9937;9;9933;26;;;9945;10;9949;19;;;9941.0;0.0
yf_ZS=F_d1;40100;INTARIAN_PEPPER_ROOT;12813;15;12810;19;;;12825;16;12828;24;;;12819.0;0.0
yf_ZS=F_d1;40200;ASH_COATED_OSMIUM;9937;19;9935;29;;;9947;14;9950;24;;;9942.0;0.0
yf_ZS=F_d1;40200;INTARIAN_PEPPER_ROOT;12814;17;12812;23;;;12823;16;12825;12;;;12818.5;0.0
yf_ZS=F_d1;40300;ASH_COATED_OSMIUM;9939;15;9935;19;;;9945;25;9948;25;;;9942.0;0.0
yf_ZS=F_d1;40300;INTARIAN_PEPPER_ROOT;12811;5;12807;24;;;12823;19;12826;22;;;12817.0;0.0
yf_ZS=F_d1;40400;ASH_COATED_OSMIUM;9939;25;9937;25;;;9945;6;9947;21;;;9942.0;0.0
yf_ZS=F_d1;40400;INTARIAN_PEPPER_ROOT;12813;15;12809;19;;;12819;11;12823;9;;;12816.0;0.0
yf_ZS=F_d1;40500;ASH_COATED_OSMIUM;9939;13;9936;19;;;9945;6;9949;31;;;9942.0;0.0
yf_ZS=F_d1;40500;INTARIAN_PEPPER_ROOT;12809;5;12807;13;;;12819;19;12823;19;;;12814.0;0.0
yf_ZS=F_d1;40600;ASH_COATED_OSMIUM;9939;17;9936;26;;;9945;25;9949;27;;;9942.0;0.0
yf_ZS=F_d1;40600;INTARIAN_PEPPER_ROOT;12810;15;12807;25;;;12816;10;12820;21;;;12813.0;0.0
yf_ZS=F_d1;40700;ASH_COATED_OSMIUM;9940;13;9937;18;;;9946;24;9948;19;;;9943.0;0.0
yf_ZS=F_d1;40700;INTARIAN_PEPPER_ROOT;12809;13;12805;22;;;12815;16;12819;19;;;12812.0;0.0
yf_ZS=F_d1;40800;ASH_COATED_OSMIUM;9933;16;9929;11;;;9953;22;9957;27;;;9943.0;0.0
yf_ZS=F_d1;40800;INTARIAN_PEPPER_ROOT;12805;14;12803;23;;;12814;21;12817;20;;;12809.5;0.0
yf_ZS=F_d1;40900;ASH_COATED_OSMIUM;9939;15;9937;17;;;9945;21;9948;13;;;9942.0;0.0
yf_ZS=F_d1;40900;INTARIAN_PEPPER_ROOT;12795;13;12792;16;;;12824;13;12826;20;;;12809.5;0.0
yf_ZS=F_d1;41000;ASH_COATED_OSMIUM;9932;18;9929;18;;;9953;14;9957;21;;;9942.5;0.0
yf_ZS=F_d1;41000;INTARIAN_PEPPER_ROOT;12794;12;12792;23;;;12822;13;12826;22;;;12808.0;0.0
yf_ZS=F_d1;41100;ASH_COATED_OSMIUM;9940;16;9936;19;;;9946;17;9948;19;;;9943.0;0.0
yf_ZS=F_d1;41100;INTARIAN_PEPPER_ROOT;12803;16;12799;16;;;12810;13;12812;21;;;12806.5;0.0
yf_ZS=F_d1;41200;ASH_COATED_OSMIUM;9940;5;9938;24;;;9946;9;9950;23;;;9943.0;0.0
yf_ZS=F_d1;41200;INTARIAN_PEPPER_ROOT;12802;12;12800;24;;;12808;23;12810;17;;;12805.0;0.0
yf_ZS=F_d1;41300;ASH_COATED_OSMIUM;9941;19;9938;21;;;9947;16;9951;18;;;9944.0;0.0
yf_ZS=F_d1;41300;INTARIAN_PEPPER_ROOT;12801;14;12798;23;;;12808;6;12812;21;;;12804.5;0.0
yf_ZS=F_d1;41400;ASH_COATED_OSMIUM;9940;11;9937;25;;;9946;16;9950;26;;;9943.0;0.0
yf_ZS=F_d1;41400;INTARIAN_PEPPER_ROOT;12799;15;12795;13;;;12807;7;12811;18;;;12803.0;0.0
yf_ZS=F_d1;41500;ASH_COATED_OSMIUM;9940;23;9937;18;;;9946;13;9950;13;;;9943.0;0.0
yf_ZS=F_d1;41500;INTARIAN_PEPPER_ROOT;12791;17;12787;10;;;12811;11;12813;25;;;12801.0;0.0
yf_ZS=F_d1;41600;ASH_COATED_OSMIUM;9939;12;9935;27;;;9948;21;9950;10;;;9943.5;0.0
yf_ZS=F_d1;41600;INTARIAN_PEPPER_ROOT;12797;7;12795;12;;;12804;19;12808;20;;;12800.5;0.0
yf_ZS=F_d1;41700;ASH_COATED_OSMIUM;9941;17;9939;19;;;9947;8;9951;18;;;9944.0;0.0
yf_ZS=F_d1;41700;INTARIAN_PEPPER_ROOT;12796;10;12794;25;;;12802;12;12805;13;;;12799.0;0.0
yf_ZS=F_d1;41800;ASH_COATED_OSMIUM;9938;11;9935;18;;;9950;8;9953;19;;;9944.0;0.0
yf_ZS=F_d1;41800;INTARIAN_PEPPER_ROOT;12794;9;12792;16;;;12800;18;12803;13;;;12797.0;0.0
yf_ZS=F_d1;41900;ASH_COATED_OSMIUM;9940;9;9938;13;;;9946;14;9948;11;;;9943.0;0.0
yf_ZS=F_d1;41900;INTARIAN_PEPPER_ROOT;12792;12;12788;26;;;12798;24;12800;23;;;12795.0;0.0
yf_ZS=F_d1;42000;ASH_COATED_OSMIUM;9935;11;9932;18;;;9953;13;9956;15;;;9944.0;0.0
yf_ZS=F_d1;42000;INTARIAN_PEPPER_ROOT;12791;19;12787;19;;;12797;11;12799;12;;;12794.0;0.0
yf_ZS=F_d1;42100;ASH_COATED_OSMIUM;9940;7;9936;20;;;9947;19;9951;18;;;9943.5;0.0
yf_ZS=F_d1;42100;INTARIAN_PEPPER_ROOT;12790;13;12786;18;;;12796;18;12799;28;;;12793.0;0.0
yf_ZS=F_d1;42200;ASH_COATED_OSMIUM;9931;12;9927;19;;;9957;22;9959;19;;;9944.0;0.0
yf_ZS=F_d1;42200;INTARIAN_PEPPER_ROOT;12789;5;12785;16;;;12795;17;12798;14;;;12792.0;0.0
yf_ZS=F_d1;42300;ASH_COATED_OSMIUM;9937;18;9933;14;;;9951;15;9953;20;;;9944.0;0.0
yf_ZS=F_d1;42300;INTARIAN_PEPPER_ROOT;12783;12;12781;18;;;12798;12;12800;16;;;12790.5;0.0
yf_ZS=F_d1;42400;ASH_COATED_OSMIUM;9941;11;9938;25;;;9947;19;9950;18;;;9944.0;0.0
yf_ZS=F_d1;42400;INTARIAN_PEPPER_ROOT;12786;13;12784;21;;;12792;11;12795;27;;;12789.0;0.0
yf_ZS=F_d1;42500;ASH_COATED_OSMIUM;9940;17;9936;24;;;9949;11;9951;21;;;9944.5;0.0
yf_ZS=F_d1;42500;INTARIAN_PEPPER_ROOT;12785;20;12781;18;;;12791;12;12794;20;;;12788.0;0.0
yf_ZS=F_d1;42600;ASH_COATED_OSMIUM;9941;22;9937;23;;;9947;9;9950;18;;;9944.0;0.0
yf_ZS=F_d1;42600;INTARIAN_PEPPER_ROOT;12779;5;12777;23;;;12794;16;12797;29;;;12786.5;0.0
yf_ZS=F_d1;42700;ASH_COATED_OSMIUM;9928;13;9926;16;;;9961;5;9963;14;;;9944.5;0.0
yf_ZS=F_d1;42700;INTARIAN_PEPPER_ROOT;12783;14;12780;26;;;12789;11;12791;16;;;12786.0;0.0
yf_ZS=F_d1;42800;ASH_COATED_OSMIUM;9941;7;9938;20;;;9947;11;9949;19;;;9944.0;0.0
yf_ZS=F_d1;42800;INTARIAN_PEPPER_ROOT;12781;11;12777;16;;;12787;8;12791;25;;;12784.0;0.0
yf_ZS=F_d1;42900;ASH_COATED_OSMIUM;9942;13;9939;13;;;9948;15;9952;11;;;9945.0;0.0
yf_ZS=F_d1;42900;INTARIAN_PEPPER_ROOT;12774;26;12772;24;;;12790;11;12793;10;;;12782.0;0.0
yf_ZS=F_d1;43000;ASH_COATED_OSMIUM;9941;20;9937;22;;;9949;9;9951;18;;;9945.0;0.0
yf_ZS=F_d1;43000;INTARIAN_PEPPER_ROOT;12778;14;12775;26;;;12784;14;12788;17;;;12781.0;0.0
yf_ZS=F_d1;43100;ASH_COATED_OSMIUM;9941;15;9937;27;;;9949;24;9951;32;;;9945.0;0.0
yf_ZS=F_d1;43100;INTARIAN_PEPPER_ROOT;12777;22;12774;25;;;12783;16;12787;15;;;12780.0;0.0
yf_ZS=F_d1;43200;ASH_COATED_OSMIUM;9938;17;9934;17;;;9951;17;9955;22;;;9944.5;0.0
yf_ZS=F_d1;43200;INTARIAN_PEPPER_ROOT;12775;21;12771;26;;;12782;21;12785;8;;;12778.5;0.0
yf_ZS=F_d1;43300;ASH_COATED_OSMIUM;9942;15;9940;23;;;9948;17;9951;25;;;9945.0;0.0
yf_ZS=F_d1;43300;INTARIAN_PEPPER_ROOT;12771;14;12769;20;;;12784;10;12787;25;;;12777.5;0.0
yf_ZS=F_d1;43400;ASH_COATED_OSMIUM;9941;15;9939;26;;;9950;12;9953;26;;;9945.5;0.0
yf_ZS=F_d1;43400;INTARIAN_PEPPER_ROOT;12773;23;12771;24;;;12779;14;12783;26;;;12776.0;0.0
yf_ZS=F_d1;43500;ASH_COATED_OSMIUM;9941;17;9937;33;;;9949;16;9951;26;;;9945.0;0.0
yf_ZS=F_d1;43500;INTARIAN_PEPPER_ROOT;12770;9;12767;13;;;12779;14;12781;23;;;12774.5;0.0
yf_ZS=F_d1;43600;ASH_COATED_OSMIUM;9943;6;9939;18;;;9949;13;9951;17;;;9946.0;0.0
yf_ZS=F_d1;43600;INTARIAN_PEPPER_ROOT;12771;18;12769;19;;;12777;10;12780;13;;;12774.0;0.0
yf_ZS=F_d1;43700;ASH_COATED_OSMIUM;9942;6;9939;24;;;9948;20;9950;24;;;9945.0;0.0
yf_ZS=F_d1;43700;INTARIAN_PEPPER_ROOT;12764;22;12762;17;;;12779;12;12782;15;;;12771.5;0.0
yf_ZS=F_d1;43800;ASH_COATED_OSMIUM;9943;16;9941;15;;;9949;12;9951;27;;;9946.0;0.0
yf_ZS=F_d1;43800;INTARIAN_PEPPER_ROOT;12758;17;12755;22;;;12782;25;12786;17;;;12770.0;0.0
yf_ZS=F_d1;43900;ASH_COATED_OSMIUM;9943;18;9941;8;;;9949;18;9951;17;;;9946.0;0.0
yf_ZS=F_d1;43900;INTARIAN_PEPPER_ROOT;12764;11;12760;19;;;12775;8;12779;22;;;12769.5;0.0
yf_ZS=F_d1;44000;ASH_COATED_OSMIUM;9939;17;9936;13;;;9952;21;9956;24;;;9945.5;0.0
yf_ZS=F_d1;44000;INTARIAN_PEPPER_ROOT;12762;12;12759;27;;;12775;16;12778;19;;;12768.5;0.0
yf_ZS=F_d1;44100;ASH_COATED_OSMIUM;9943;11;9940;27;;;9949;11;9951;17;;;9946.0;0.0
yf_ZS=F_d1;44100;INTARIAN_PEPPER_ROOT;12763;21;12759;27;;;12772;25;12775;22;;;12767.5;0.0
yf_ZS=F_d1;44200;ASH_COATED_OSMIUM;9943;11;9939;13;;;9949;10;9953;15;;;9946.0;0.0
yf_ZS=F_d1;44200;INTARIAN_PEPPER_ROOT;12762;11;12758;25;;;12769;9;12772;17;;;12765.5;0.0
yf_ZS=F_d1;44300;ASH_COATED_OSMIUM;9941;17;9939;17;;;9951;18;9955;22;;;9946.0;0.0
yf_ZS=F_d1;44300;INTARIAN_PEPPER_ROOT;12761;10;12759;19;;;12767;11;12769;22;;;12764.0;0.0
yf_ZS=F_d1;44400;ASH_COATED_OSMIUM;9944;17;9942;24;;;9950;16;9954;13;;;9947.0;0.0
yf_ZS=F_d1;44400;INTARIAN_PEPPER_ROOT;12758;14;12756;23;;;12767;14;12770;15;;;12762.5;0.0
yf_ZS=F_d1;44500;ASH_COATED_OSMIUM;9942;16;9939;31;;;9948;10;9951;21;;;9945.0;0.0
yf_ZS=F_d1;44500;INTARIAN_PEPPER_ROOT;12758;19;12754;21;;;12764;10;12768;20;;;12761.0;0.0
yf_ZS=F_d1;44600;ASH_COATED_OSMIUM;9940;12;9937;19;;;9952;18;9955;18;;;9946.0;0.0
yf_ZS=F_d1;44600;INTARIAN_PEPPER_ROOT;12757;14;12753;15;;;12763;17;12767;29;;;12760.0;0.0
yf_ZS=F_d1;44700;ASH_COATED_OSMIUM;9944;26;9941;19;;;9950;10;9954;19;;;9947.0;0.0
yf_ZS=F_d1;44700;INTARIAN_PEPPER_ROOT;12756;10;12754;25;;;12762;5;12766;22;;;12759.0;0.0
yf_ZS=F_d1;44800;ASH_COATED_OSMIUM;9941;11;9937;19;;;9953;25;9956;19;;;9947.0;0.0
yf_ZS=F_d1;44800;INTARIAN_PEPPER_ROOT;12753;15;12751;19;;;12763;15;12765;11;;;12758.0;0.0
yf_ZS=F_d1;44900;ASH_COATED_OSMIUM;9944;9;9940;20;;;9950;6;9953;17;;;9947.0;0.0
yf_ZS=F_d1;44900;INTARIAN_PEPPER_ROOT;12753;10;12751;20;;;12759;8;12761;19;;;12756.0;0.0
yf_ZS=F_d1;45000;ASH_COATED_OSMIUM;9945;18;9942;11;;;9951;16;9954;16;;;9948.0;0.0
yf_ZS=F_d1;45000;INTARIAN_PEPPER_ROOT;12745;16;12743;22;;;12764;14;12768;19;;;12754.5;0.0
yf_ZS=F_d1;45100;ASH_COATED_OSMIUM;9944;13;9941;20;;;9950;17;9953;28;;;9947.0;0.0
yf_ZS=F_d1;45100;INTARIAN_PEPPER_ROOT;12751;12;12747;14;;;12757;20;12761;29;;;12754.0;0.0
yf_ZS=F_d1;45200;ASH_COATED_OSMIUM;9927;14;9924;22;;;9968;20;9970;20;;;9947.5;0.0
yf_ZS=F_d1;45200;INTARIAN_PEPPER_ROOT;12749;15;12747;23;;;12756;25;12760;22;;;12752.5;0.0
yf_ZS=F_d1;45300;ASH_COATED_OSMIUM;9943;8;9941;16;;;9949;15;9952;17;;;9946.0;0.0
yf_ZS=F_d1;45300;INTARIAN_PEPPER_ROOT;12748;14;12746;22;;;12754;18;12756;19;;;12751.0;0.0
yf_ZS=F_d1;45400;ASH_COATED_OSMIUM;9944;15;9941;19;;;9950;17;9953;24;;;9947.0;0.0
yf_ZS=F_d1;45400;INTARIAN_PEPPER_ROOT;12747;8;12743;12;;;12753;13;12757;12;;;12750.0;0.0
yf_ZS=F_d1;45500;ASH_COATED_OSMIUM;9944;13;9942;21;;;9950;18;9954;24;;;9947.0;0.0
yf_ZS=F_d1;45500;INTARIAN_PEPPER_ROOT;12745;8;12742;21;;;12751;15;12755;22;;;12748.0;0.0
yf_ZS=F_d1;45600;ASH_COATED_OSMIUM;9945;9;9941;23;;;9951;12;9954;16;;;9948.0;0.0
yf_ZS=F_d1;45600;INTARIAN_PEPPER_ROOT;12744;21;12740;29;;;12750;14;12753;14;;;12747.0;0.0
yf_ZS=F_d1;45700;ASH_COATED_OSMIUM;9943;14;9940;21;;;9953;12;9955;20;;;9948.0;0.0
yf_ZS=F_d1;45700;INTARIAN_PEPPER_ROOT;12741;25;12739;12;;;12751;12;12755;13;;;12746.0;0.0
yf_ZS=F_d1;45800;ASH_COATED_OSMIUM;9945;20;9942;11;;;9951;24;9954;8;;;9948.0;0.0
yf_ZS=F_d1;45800;INTARIAN_PEPPER_ROOT;12742;14;12739;20;;;12748;13;12751;22;;;12745.0;0.0
yf_ZS=F_d1;45900;ASH_COATED_OSMIUM;9945;13;9943;19;;;9951;16;9955;24;;;9948.0;0.0
yf_ZS=F_d1;45900;INTARIAN_PEPPER_ROOT;12735;15;12733;27;;;12750;11;12752;15;;;12742.5;0.0
yf_ZS=F_d1;46000;ASH_COATED_OSMIUM;9945;13;9941;21;;;9951;16;9954;8;;;9948.0;0.0
yf_ZS=F_d1;46000;INTARIAN_PEPPER_ROOT;12739;13;12735;15;;;12745;14;12748;12;;;12742.0;0.0
yf_ZS=F_d1;46100;ASH_COATED_OSMIUM;9945;11;9941;25;;;9951;14;9955;17;;;9948.0;0.0
yf_ZS=F_d1;46100;INTARIAN_PEPPER_ROOT;12738;19;12735;19;;;12744;12;12748;13;;;12741.0;0.0
yf_ZS=F_d1;46200;ASH_COATED_OSMIUM;9946;12;9944;22;;;9952;15;9956;21;;;9949.0;0.0
yf_ZS=F_d1;46200;INTARIAN_PEPPER_ROOT;12737;18;12735;20;;;12743;12;12745;21;;;12740.0;0.0
yf_ZS=F_d1;46300;ASH_COATED_OSMIUM;9945;17;9943;21;;;9951;27;9955;17;;;9948.0;0.0
yf_ZS=F_d1;46300;INTARIAN_PEPPER_ROOT;12734;18;12732;23;;;12743;13;12747;19;;;12738.5;0.0
yf_ZS=F_d1;46400;ASH_COATED_OSMIUM;9946;17;9942;24;;;9952;23;9956;17;;;9949.0;0.0
yf_ZS=F_d1;46400;INTARIAN_PEPPER_ROOT;12726;11;12724;23;;;12748;15;12751;23;;;12737.0;0.0
yf_ZS=F_d1;46500;ASH_COATED_OSMIUM;9938;21;9936;12;;;9958;19;9960;14;;;9948.0;0.0
yf_ZS=F_d1;46500;INTARIAN_PEPPER_ROOT;12731;16;12729;19;;;12739;8;12742;25;;;12735.0;0.0
yf_ZS=F_d1;46600;ASH_COATED_OSMIUM;9942;19;9938;18;;;9956;21;9960;27;;;9949.0;0.0
yf_ZS=F_d1;46600;INTARIAN_PEPPER_ROOT;12731;23;12728;22;;;12737;8;12741;20;;;12734.0;0.0
yf_ZS=F_d1;46700;ASH_COATED_OSMIUM;9939;5;9935;21;;;9957;12;9959;27;;;9948.0;0.0
yf_ZS=F_d1;46700;INTARIAN_PEPPER_ROOT;12717;9;12714;18;;;12749;10;12751;14;;;12733.0;0.0
yf_ZS=F_d1;46800;ASH_COATED_OSMIUM;9945;14;9941;13;;;9953;21;9955;26;;;9949.0;0.0
yf_ZS=F_d1;46800;INTARIAN_PEPPER_ROOT;12729;13;12726;15;;;12735;9;12738;22;;;12732.0;0.0
yf_ZS=F_d1;46900;ASH_COATED_OSMIUM;9946;7;9942;14;;;9954;10;9958;17;;;9950.0;0.0
yf_ZS=F_d1;46900;INTARIAN_PEPPER_ROOT;12727;15;12725;20;;;12733;19;12736;21;;;12730.0;0.0
yf_ZS=F_d1;47000;ASH_COATED_OSMIUM;9945;10;9941;14;;;9955;15;9957;20;;;9950.0;0.0
yf_ZS=F_d1;47000;INTARIAN_PEPPER_ROOT;12722;6;12719;12;;;12734;8;12736;12;;;12728.0;0.0
yf_ZS=F_d1;47100;ASH_COATED_OSMIUM;9946;12;9944;20;;;9952;14;9956;22;;;9949.0;0.0
yf_ZS=F_d1;47100;INTARIAN_PEPPER_ROOT;12724;11;12720;21;;;12730;15;12734;23;;;12727.0;0.0
yf_ZS=F_d1;47200;ASH_COATED_OSMIUM;9946;28;9942;12;;;9952;13;9956;15;;;9949.0;0.0
yf_ZS=F_d1;47200;INTARIAN_PEPPER_ROOT;12723;8;12719;18;;;12729;14;12733;30;;;12726.0;0.0
yf_ZS=F_d1;47300;ASH_COATED_OSMIUM;9946;16;9944;21;;;9952;5;9955;11;;;9949.0;0.0
yf_ZS=F_d1;47300;INTARIAN_PEPPER_ROOT;12722;12;12718;23;;;12728;10;12732;19;;;12725.0;0.0
yf_ZS=F_d1;47400;ASH_COATED_OSMIUM;9946;13;9944;16;;;9952;18;9955;17;;;9949.0;0.0
yf_ZS=F_d1;47400;INTARIAN_PEPPER_ROOT;12716;12;12712;16;;;12730;18;12732;15;;;12723.0;0.0
yf_ZS=F_d1;47500;ASH_COATED_OSMIUM;9945;5;9941;23;;;9955;18;9957;15;;;9950.0;0.0
yf_ZS=F_d1;47500;INTARIAN_PEPPER_ROOT;12719;16;12715;26;;;12725;11;12727;15;;;12722.0;0.0
yf_ZS=F_d1;47600;ASH_COATED_OSMIUM;9948;25;9945;12;;;9954;24;9958;20;;;9951.0;0.0
yf_ZS=F_d1;47600;INTARIAN_PEPPER_ROOT;12718;21;12716;20;;;12724;14;12728;9;;;12721.0;0.0
yf_ZS=F_d1;47700;ASH_COATED_OSMIUM;9947;10;9945;24;;;9953;13;9957;14;;;9950.0;0.0
yf_ZS=F_d1;47700;INTARIAN_PEPPER_ROOT;12717;16;12714;26;;;12723;15;12725;20;;;12720.0;0.0
yf_ZS=F_d1;47800;ASH_COATED_OSMIUM;9947;14;9944;15;;;9953;13;9956;18;;;9950.0;0.0
yf_ZS=F_d1;47800;INTARIAN_PEPPER_ROOT;12715;13;12713;17;;;12721;14;12723;29;;;12718.0;0.0
yf_ZS=F_d1;47900;ASH_COATED_OSMIUM;9947;16;9944;15;;;9953;8;9957;11;;;9950.0;0.0
yf_ZS=F_d1;47900;INTARIAN_PEPPER_ROOT;12714;17;12711;18;;;12720;22;12722;18;;;12717.0;0.0
yf_ZS=F_d1;48000;ASH_COATED_OSMIUM;9943;15;9939;27;;;9958;14;9960;18;;;9950.5;0.0
yf_ZS=F_d1;48000;INTARIAN_PEPPER_ROOT;12713;19;12710;13;;;12719;9;12721;21;;;12716.0;0.0
yf_ZS=F_d1;48100;ASH_COATED_OSMIUM;9948;15;9945;8;;;9954;14;9957;17;;;9951.0;0.0
yf_ZS=F_d1;48100;INTARIAN_PEPPER_ROOT;12711;19;12709;23;;;12717;23;12721;18;;;12714.0;0.0
yf_ZS=F_d1;48200;ASH_COATED_OSMIUM;9947;14;9943;19;;;9953;6;9957;21;;;9950.0;0.0
yf_ZS=F_d1;48200;INTARIAN_PEPPER_ROOT;12709;6;12707;17;;;12715;14;12717;19;;;12712.0;0.0
yf_ZS=F_d1;48300;ASH_COATED_OSMIUM;9945;7;9942;25;;;9955;19;9958;23;;;9950.0;0.0
yf_ZS=F_d1;48300;INTARIAN_PEPPER_ROOT;12708;18;12706;12;;;12716;25;12718;15;;;12712.0;0.0
yf_ZS=F_d1;48400;ASH_COATED_OSMIUM;9947;19;9944;19;;;9954;10;9958;14;;;9950.5;0.0
yf_ZS=F_d1;48400;INTARIAN_PEPPER_ROOT;12697;10;12693;24;;;12722;6;12724;20;;;12709.5;0.0
yf_ZS=F_d1;48500;ASH_COATED_OSMIUM;9949;17;9947;16;;;9955;15;9957;24;;;9952.0;0.0
yf_ZS=F_d1;48500;INTARIAN_PEPPER_ROOT;12705;12;12701;20;;;12713;22;12716;11;;;12709.0;0.0
yf_ZS=F_d1;48600;ASH_COATED_OSMIUM;9948;11;9946;16;;;9954;12;9957;20;;;9951.0;0.0
yf_ZS=F_d1;48600;INTARIAN_PEPPER_ROOT;12703;14;12700;13;;;12712;19;12714;16;;;12707.5;0.0
yf_ZS=F_d1;48700;ASH_COATED_OSMIUM;9948;16;9945;8;;;9954;13;9958;24;;;9951.0;0.0
yf_ZS=F_d1;48700;INTARIAN_PEPPER_ROOT;12703;8;12700;30;;;12710;11;12714;20;;;12706.5;0.0
yf_ZS=F_d1;48800;ASH_COATED_OSMIUM;9945;8;9943;12;;;9958;27;9961;13;;;9951.5;0.0
yf_ZS=F_d1;48800;INTARIAN_PEPPER_ROOT;12697;24;12694;20;;;12713;20;12717;21;;;12705.0;0.0
yf_ZS=F_d1;48900;ASH_COATED_OSMIUM;9948;11;9946;12;;;9954;13;9958;28;;;9951.0;0.0
yf_ZS=F_d1;48900;INTARIAN_PEPPER_ROOT;12701;14;12699;22;;;12707;13;12710;24;;;12704.0;0.0
yf_ZS=F_d1;49000;ASH_COATED_OSMIUM;9948;14;9946;21;;;9954;11;9956;16;;;9951.0;0.0
yf_ZS=F_d1;49000;INTARIAN_PEPPER_ROOT;12699;16;12697;18;;;12705;17;12707;21;;;12702.0;0.0
yf_ZS=F_d1;49100;ASH_COATED_OSMIUM;9940;23;9936;26;;;9963;11;9967;19;;;9951.5;0.0
yf_ZS=F_d1;49100;INTARIAN_PEPPER_ROOT;12698;20;12695;22;;;12704;16;12708;26;;;12701.0;0.0
yf_ZS=F_d1;49200;ASH_COATED_OSMIUM;9949;10;9946;24;;;9955;10;9957;28;;;9952.0;0.0
yf_ZS=F_d1;49200;INTARIAN_PEPPER_ROOT;12694;12;12690;29;;;12705;13;12708;21;;;12699.5;0.0
yf_ZS=F_d1;49300;ASH_COATED_OSMIUM;9944;20;9941;12;;;9959;6;9962;22;;;9951.5;0.0
yf_ZS=F_d1;49300;INTARIAN_PEPPER_ROOT;12696;7;12694;8;;;12702;24;12705;18;;;12699.0;0.0
yf_ZS=F_d1;49400;ASH_COATED_OSMIUM;9947;12;9943;20;;;9955;14;9957;10;;;9951.0;0.0
yf_ZS=F_d1;49400;INTARIAN_PEPPER_ROOT;12694;19;12690;18;;;12700;14;12704;14;;;12697.0;0.0
yf_ZS=F_d1;49500;ASH_COATED_OSMIUM;9949;19;9946;23;;;9955;13;9957;12;;;9952.0;0.0
yf_ZS=F_d1;49500;INTARIAN_PEPPER_ROOT;12692;18;12690;26;;;12700;23;12704;15;;;12696.0;0.0
yf_ZS=F_d1;49600;ASH_COATED_OSMIUM;9949;6;9946;21;;;9955;18;9957;20;;;9952.0;0.0
yf_ZS=F_d1;49600;INTARIAN_PEPPER_ROOT;12692;16;12688;14;;;12698;24;12701;22;;;12695.0;0.0
yf_ZS=F_d1;49700;ASH_COATED_OSMIUM;9949;18;9945;16;;;9955;6;9959;23;;;9952.0;0.0
yf_ZS=F_d1;49700;INTARIAN_PEPPER_ROOT;12690;17;12686;23;;;12696;10;12698;24;;;12693.0;0.0
yf_ZS=F_d1;49800;ASH_COATED_OSMIUM;9944;23;9942;15;;;9961;14;9963;20;;;9952.5;0.0
yf_ZS=F_d1;49800;INTARIAN_PEPPER_ROOT;12689;12;12686;8;;;12695;11;12699;16;;;12692.0;0.0
yf_ZS=F_d1;49900;ASH_COATED_OSMIUM;9949;17;9945;27;;;9955;14;9959;16;;;9952.0;0.0
yf_ZS=F_d1;49900;INTARIAN_PEPPER_ROOT;12688;13;12684;20;;;12694;22;12696;25;;;12691.0;0.0
yf_ZS=F_d1;50000;ASH_COATED_OSMIUM;9949;17;9946;21;;;9955;20;9958;16;;;9952.0;0.0
yf_ZS=F_d1;50000;INTARIAN_PEPPER_ROOT;12682;18;12680;18;;;12695;15;12698;21;;;12688.5;0.0
yf_ZS=F_d1;50100;ASH_COATED_OSMIUM;9949;12;9947;19;;;9955;20;9959;23;;;9952.0;0.0
yf_ZS=F_d1;50100;INTARIAN_PEPPER_ROOT;12685;16;12681;21;;;12691;15;12693;18;;;12688.0;0.0
yf_ZS=F_d1;50200;ASH_COATED_OSMIUM;9950;21;9947;26;;;9956;10;9958;20;;;9953.0;0.0
yf_ZS=F_d1;50200;INTARIAN_PEPPER_ROOT;12671;13;12667;8;;;12702;12;12706;15;;;12686.5;0.0
yf_ZS=F_d1;50300;ASH_COATED_OSMIUM;9950;8;9946;19;;;9956;11;9958;27;;;9953.0;0.0
yf_ZS=F_d1;50300;INTARIAN_PEPPER_ROOT;12682;13;12678;24;;;12688;7;12692;22;;;12685.0;0.0
yf_ZS=F_d1;50400;ASH_COATED_OSMIUM;9950;30;9947;27;;;9956;24;9960;15;;;9953.0;0.0
yf_ZS=F_d1;50400;INTARIAN_PEPPER_ROOT;12679;16;12676;21;;;12687;14;12690;20;;;12683.0;0.0
yf_ZS=F_d1;50500;ASH_COATED_OSMIUM;9950;12;9947;15;;;9956;18;9958;23;;;9953.0;0.0
yf_ZS=F_d1;50500;INTARIAN_PEPPER_ROOT;12673;10;12670;12;;;12691;8;12695;27;;;12682.0;0.0
yf_ZS=F_d1;50600;ASH_COATED_OSMIUM;9950;16;9946;19;;;9956;11;9960;24;;;9953.0;0.0
yf_ZS=F_d1;50600;INTARIAN_PEPPER_ROOT;12678;5;12675;23;;;12684;12;12688;18;;;12681.0;0.0
yf_ZS=F_d1;50700;ASH_COATED_OSMIUM;9950;5;9946;19;;;9956;14;9958;27;;;9953.0;0.0
yf_ZS=F_d1;50700;INTARIAN_PEPPER_ROOT;12663;9;12659;22;;;12696;20;12700;20;;;12679.5;0.0
yf_ZS=F_d1;50800;ASH_COATED_OSMIUM;9949;16;9945;20;;;9958;13;9961;19;;;9953.5;0.0
yf_ZS=F_d1;50800;INTARIAN_PEPPER_ROOT;12675;12;12672;15;;;12683;13;12686;23;;;12679.0;0.0
yf_ZS=F_d1;50900;ASH_COATED_OSMIUM;9950;18;9948;11;;;9956;12;9959;23;;;9953.0;0.0
yf_ZS=F_d1;50900;INTARIAN_PEPPER_ROOT;12670;21;12666;18;;;12687;22;12690;17;;;12678.5;0.0
yf_ZS=F_d1;51000;ASH_COATED_OSMIUM;9950;14;9946;15;;;9956;20;9958;16;;;9953.0;0.0
yf_ZS=F_d1;51000;INTARIAN_PEPPER_ROOT;12671;9;12668;26;;;12683;15;12687;15;;;12677.0;0.0
yf_ZS=F_d1;51100;ASH_COATED_OSMIUM;9950;13;9946;21;;;9956;24;9959;15;;;9953.0;0.0
yf_ZS=F_d1;51100;INTARIAN_PEPPER_ROOT;12666;21;12663;18;;;12688;22;12692;20;;;12677.0;0.0
yf_ZS=F_d1;51200;ASH_COATED_OSMIUM;9950;15;9946;12;;;9956;8;9958;18;;;9953.0;0.0
yf_ZS=F_d1;51200;INTARIAN_PEPPER_ROOT;12662;17;12658;20;;;12691;21;12695;23;;;12676.5;0.0
yf_ZS=F_d1;51300;ASH_COATED_OSMIUM;9950;16;9948;19;;;9956;10;9959;24;;;9953.0;0.0
yf_ZS=F_d1;51300;INTARIAN_PEPPER_ROOT;12673;14;12669;25;;;12679;21;12682;23;;;12676.0;0.0
yf_ZS=F_d1;51400;ASH_COATED_OSMIUM;9948;5;9945;24;;;9957;24;9960;15;;;9952.5;0.0
yf_ZS=F_d1;51400;INTARIAN_PEPPER_ROOT;12673;13;12671;17;;;12679;10;12682;22;;;12676.0;0.0
yf_ZS=F_d1;51500;ASH_COATED_OSMIUM;9950;16;9946;8;;;9956;17;9958;18;;;9953.0;0.0
yf_ZS=F_d1;51500;INTARIAN_PEPPER_ROOT;12672;19;12669;19;;;12678;15;12681;10;;;12675.0;0.0
yf_ZS=F_d1;51600;ASH_COATED_OSMIUM;9949;11;9946;14;;;9955;16;9957;16;;;9952.0;0.0
yf_ZS=F_d1;51600;INTARIAN_PEPPER_ROOT;12668;16;12664;23;;;12684;8;12688;17;;;12676.0;0.0
yf_ZS=F_d1;51700;ASH_COATED_OSMIUM;9950;11;9947;14;;;9956;14;9959;21;;;9953.0;0.0
yf_ZS=F_d1;51700;INTARIAN_PEPPER_ROOT;12672;8;12670;17;;;12678;17;12682;15;;;12675.0;0.0
yf_ZS=F_d1;51800;ASH_COATED_OSMIUM;9949;20;9946;23;;;9955;16;9958;22;;;9952.0;0.0
yf_ZS=F_d1;51800;INTARIAN_PEPPER_ROOT;12659;13;12657;14;;;12690;22;12694;17;;;12674.5;0.0
yf_ZS=F_d1;51900;ASH_COATED_OSMIUM;9948;8;9945;16;;;9954;20;9957;22;;;9951.0;0.0
yf_ZS=F_d1;51900;INTARIAN_PEPPER_ROOT;12670;11;12666;28;;;12680;16;12682;25;;;12675.0;0.0
yf_ZS=F_d1;52000;ASH_COATED_OSMIUM;9946;29;9944;29;;;9958;13;9960;23;;;9952.0;0.0
yf_ZS=F_d1;52000;INTARIAN_PEPPER_ROOT;12671;13;12667;8;;;12677;10;12681;28;;;12674.0;0.0
yf_ZS=F_d1;52100;ASH_COATED_OSMIUM;9949;14;9945;21;;;9955;16;9958;16;;;9952.0;0.0
yf_ZS=F_d1;52100;INTARIAN_PEPPER_ROOT;12670;10;12667;22;;;12679;12;12682;29;;;12674.5;0.0
yf_ZS=F_d1;52200;ASH_COATED_OSMIUM;9942;5;9938;24;;;9961;14;9965;14;;;9951.5;0.0
yf_ZS=F_d1;52200;INTARIAN_PEPPER_ROOT;12668;16;12665;18;;;12679;12;12681;25;;;12673.5;0.0
yf_ZS=F_d1;52300;ASH_COATED_OSMIUM;9949;18;9945;23;;;9955;10;9958;10;;;9952.0;0.0
yf_ZS=F_d1;52300;INTARIAN_PEPPER_ROOT;12670;17;12667;24;;;12676;14;12678;12;;;12673.0;0.0
yf_ZS=F_d1;52400;ASH_COATED_OSMIUM;9949;6;9947;20;;;9956;9;9959;24;;;9952.5;0.0
yf_ZS=F_d1;52400;INTARIAN_PEPPER_ROOT;12664;12;12661;15;;;12682;9;12685;17;;;12673.0;0.0
yf_ZS=F_d1;52500;ASH_COATED_OSMIUM;9948;14;9944;22;;;9954;9;9957;16;;;9951.0;0.0
yf_ZS=F_d1;52500;INTARIAN_PEPPER_ROOT;12658;7;12655;16;;;12685;7;12688;9;;;12671.5;0.0
yf_ZS=F_d1;52600;ASH_COATED_OSMIUM;9948;23;9944;21;;;9954;18;9958;25;;;9951.0;0.0
yf_ZS=F_d1;52600;INTARIAN_PEPPER_ROOT;12668;13;12665;13;;;12675;20;12679;24;;;12671.5;0.0
yf_ZS=F_d1;52700;ASH_COATED_OSMIUM;9944;17;9940;20;;;9960;17;9962;19;;;9952.0;0.0
yf_ZS=F_d1;52700;INTARIAN_PEPPER_ROOT;12668;21;12665;19;;;12674;12;12677;21;;;12671.0;0.0
yf_ZS=F_d1;52800;ASH_COATED_OSMIUM;9940;14;9937;25;;;9961;13;9965;15;;;9950.5;0.0
yf_ZS=F_d1;52800;INTARIAN_PEPPER_ROOT;12666;23;12663;20;;;12676;24;12678;18;;;12671.0;0.0
yf_ZS=F_d1;52900;ASH_COATED_OSMIUM;9948;19;9944;15;;;9954;21;9958;18;;;9951.0;0.0
yf_ZS=F_d1;52900;INTARIAN_PEPPER_ROOT;12667;15;12665;23;;;12673;9;12675;18;;;12670.0;0.0
yf_ZS=F_d1;53000;ASH_COATED_OSMIUM;9943;16;9939;15;;;9960;18;9964;13;;;9951.5;0.0
yf_ZS=F_d1;53000;INTARIAN_PEPPER_ROOT;12667;15;12664;11;;;12673;10;12677;13;;;12670.0;0.0
yf_ZS=F_d1;53100;ASH_COATED_OSMIUM;9948;17;9946;14;;;9954;16;9956;25;;;9951.0;0.0
yf_ZS=F_d1;53100;INTARIAN_PEPPER_ROOT;12667;25;12663;14;;;12673;14;12676;18;;;12670.0;0.0
yf_ZS=F_d1;53200;ASH_COATED_OSMIUM;9940;14;9936;19;;;9961;10;9964;18;;;9950.5;0.0
yf_ZS=F_d1;53200;INTARIAN_PEPPER_ROOT;12663;10;12659;21;;;12677;21;12679;15;;;12670.0;0.0
yf_ZS=F_d1;53300;ASH_COATED_OSMIUM;9948;14;9944;25;;;9954;17;9956;25;;;9951.0;0.0
yf_ZS=F_d1;53300;INTARIAN_PEPPER_ROOT;12666;8;12663;21;;;12672;10;12676;14;;;12669.0;0.0
yf_ZS=F_d1;53400;ASH_COATED_OSMIUM;9944;17;9940;22;;;9957;13;9961;23;;;9950.5;0.0
yf_ZS=F_d1;53400;INTARIAN_PEPPER_ROOT;12665;14;12661;23;;;12673;15;12676;18;;;12669.0;0.0
yf_ZS=F_d1;53500;ASH_COATED_OSMIUM;9946;15;9942;18;;;9955;12;9959;14;;;9950.5;0.0
yf_ZS=F_d1;53500;INTARIAN_PEPPER_ROOT;12663;14;12661;22;;;12672;7;12676;18;;;12667.5;0.0
yf_ZS=F_d1;53600;ASH_COATED_OSMIUM;9947;10;9943;25;;;9953;19;9955;13;;;9950.0;0.0
yf_ZS=F_d1;53600;INTARIAN_PEPPER_ROOT;12665;20;12663;20;;;12671;10;12674;17;;;12668.0;0.0
yf_ZS=F_d1;53700;ASH_COATED_OSMIUM;9947;15;9943;25;;;9953;13;9956;19;;;9950.0;0.0
yf_ZS=F_d1;53700;INTARIAN_PEPPER_ROOT;12665;16;12663;12;;;12671;15;12674;17;;;12668.0;0.0
yf_ZS=F_d1;53800;ASH_COATED_OSMIUM;9947;22;9945;19;;;9953;15;9955;21;;;9950.0;0.0
yf_ZS=F_d1;53800;INTARIAN_PEPPER_ROOT;12651;19;12648;22;;;12684;10;12686;15;;;12667.5;0.0
yf_ZS=F_d1;53900;ASH_COATED_OSMIUM;9947;14;9944;21;;;9953;11;9956;23;;;9950.0;0.0
yf_ZS=F_d1;53900;INTARIAN_PEPPER_ROOT;12664;14;12660;21;;;12670;9;12672;21;;;12667.0;0.0
yf_ZS=F_d1;54000;ASH_COATED_OSMIUM;9946;5;9944;18;;;9952;11;9954;23;;;9949.0;0.0
yf_ZS=F_d1;54000;INTARIAN_PEPPER_ROOT;12662;5;12658;18;;;12672;15;12675;13;;;12667.0;0.0
yf_ZS=F_d1;54100;ASH_COATED_OSMIUM;9946;13;9943;17;;;9954;21;9956;21;;;9950.0;0.0
yf_ZS=F_d1;54100;INTARIAN_PEPPER_ROOT;12655;17;12651;21;;;12679;11;12681;11;;;12667.0;0.0
yf_ZS=F_d1;54200;ASH_COATED_OSMIUM;9936;20;9932;18;;;9964;20;9968;19;;;9950.0;0.0
yf_ZS=F_d1;54200;INTARIAN_PEPPER_ROOT;12656;24;12654;16;;;12676;14;12679;20;;;12666.0;0.0
yf_ZS=F_d1;54300;ASH_COATED_OSMIUM;9946;18;9943;21;;;9952;10;9955;30;;;9949.0;0.0
yf_ZS=F_d1;54300;INTARIAN_PEPPER_ROOT;12663;20;12659;18;;;12669;17;12673;23;;;12666.0;0.0
yf_ZS=F_d1;54400;ASH_COATED_OSMIUM;9946;26;9943;14;;;9952;17;9955;28;;;9949.0;0.0
yf_ZS=F_d1;54400;INTARIAN_PEPPER_ROOT;12662;15;12659;18;;;12668;9;12671;12;;;12665.0;0.0
yf_ZS=F_d1;54500;ASH_COATED_OSMIUM;9944;19;9942;22;;;9955;19;9959;25;;;9949.5;0.0
yf_ZS=F_d1;54500;INTARIAN_PEPPER_ROOT;12662;15;12660;21;;;12668;18;12672;25;;;12665.0;0.0
yf_ZS=F_d1;54600;ASH_COATED_OSMIUM;9946;18;9943;19;;;9952;9;9954;28;;;9949.0;0.0
yf_ZS=F_d1;54600;INTARIAN_PEPPER_ROOT;12658;11;12655;26;;;12672;26;12674;24;;;12665.0;0.0
yf_ZS=F_d1;54700;ASH_COATED_OSMIUM;9945;6;9942;17;;;9951;14;9955;19;;;9948.0;0.0
yf_ZS=F_d1;54700;INTARIAN_PEPPER_ROOT;12661;21;12658;28;;;12667;13;12670;26;;;12664.0;0.0
yf_ZS=F_d1;54800;ASH_COATED_OSMIUM;9942;16;9939;13;;;9956;21;9958;14;;;9949.0;0.0
yf_ZS=F_d1;54800;INTARIAN_PEPPER_ROOT;12661;15;12658;8;;;12667;7;12671;18;;;12664.0;0.0
yf_ZS=F_d1;54900;ASH_COATED_OSMIUM;9946;7;9942;8;;;9952;18;9955;18;;;9949.0;0.0
yf_ZS=F_d1;54900;INTARIAN_PEPPER_ROOT;12656;6;12653;22;;;12672;10;12674;13;;;12664.0;0.0
yf_ZS=F_d1;55000;ASH_COATED_OSMIUM;9943;10;9939;18;;;9955;21;9958;17;;;9949.0;0.0
yf_ZS=F_d1;55000;INTARIAN_PEPPER_ROOT;12644;22;12641;13;;;12682;14;12686;24;;;12663.0;0.0
yf_ZS=F_d1;55100;ASH_COATED_OSMIUM;9944;8;9941;16;;;9954;14;9958;20;;;9949.0;0.0
yf_ZS=F_d1;55100;INTARIAN_PEPPER_ROOT;12660;17;12657;14;;;12666;13;12669;11;;;12663.0;0.0
yf_ZS=F_d1;55200;ASH_COATED_OSMIUM;9943;8;9939;16;;;9955;12;9958;17;;;9949.0;0.0
yf_ZS=F_d1;55200;INTARIAN_PEPPER_ROOT;12659;12;12657;17;;;12665;12;12667;17;;;12662.0;0.0
yf_ZS=F_d1;55300;ASH_COATED_OSMIUM;9945;19;9943;20;;;9951;17;9954;21;;;9948.0;0.0
yf_ZS=F_d1;55300;INTARIAN_PEPPER_ROOT;12659;8;12656;24;;;12665;23;12668;24;;;12662.0;0.0
yf_ZS=F_d1;55400;ASH_COATED_OSMIUM;9946;15;9944;10;;;9952;19;9954;16;;;9949.0;0.0
yf_ZS=F_d1;55400;INTARIAN_PEPPER_ROOT;12658;20;12656;16;;;12664;14;12668;14;;;12661.0;0.0
yf_ZS=F_d1;55500;ASH_COATED_OSMIUM;9945;10;9941;25;;;9951;11;9953;21;;;9948.0;0.0
yf_ZS=F_d1;55500;INTARIAN_PEPPER_ROOT;12654;19;12652;17;;;12668;18;12672;24;;;12661.0;0.0
yf_ZS=F_d1;55600;ASH_COATED_OSMIUM;9945;15;9943;15;;;9951;15;9955;26;;;9948.0;0.0
yf_ZS=F_d1;55600;INTARIAN_PEPPER_ROOT;12658;13;12654;22;;;12664;12;12666;19;;;12661.0;0.0
yf_ZS=F_d1;55700;ASH_COATED_OSMIUM;9945;5;9943;20;;;9951;12;9953;8;;;9948.0;0.0
yf_ZS=F_d1;55700;INTARIAN_PEPPER_ROOT;12656;14;12652;17;;;12664;17;12667;16;;;12660.0;0.0
yf_ZS=F_d1;55800;ASH_COATED_OSMIUM;9943;15;9939;16;;;9954;17;9956;20;;;9948.5;0.0
yf_ZS=F_d1;55800;INTARIAN_PEPPER_ROOT;12657;11;12653;11;;;12664;16;12666;8;;;12660.5;0.0
yf_ZS=F_d1;55900;ASH_COATED_OSMIUM;9945;25;9941;20;;;9951;8;9954;13;;;9948.0;0.0
yf_ZS=F_d1;55900;INTARIAN_PEPPER_ROOT;12654;12;12650;17;;;12666;17;12669;18;;;12660.0;0.0
yf_ZS=F_d1;56000;ASH_COATED_OSMIUM;9945;20;9942;23;;;9952;10;9956;24;;;9948.5;0.0
yf_ZS=F_d1;56000;INTARIAN_PEPPER_ROOT;12656;11;12652;29;;;12662;23;12666;20;;;12659.0;0.0
yf_ZS=F_d1;56100;ASH_COATED_OSMIUM;9932;8;9929;20;;;9961;16;9963;20;;;9946.5;0.0
yf_ZS=F_d1;56100;INTARIAN_PEPPER_ROOT;12657;15;12653;14;;;12663;10;12666;20;;;12660.0;0.0
yf_ZS=F_d1;56200;ASH_COATED_OSMIUM;9943;13;9939;19;;;9951;14;9955;20;;;9947.0;0.0
yf_ZS=F_d1;56200;INTARIAN_PEPPER_ROOT;12651;16;12648;18;;;12667;12;12671;15;;;12659.0;0.0
yf_ZS=F_d1;56300;ASH_COATED_OSMIUM;9944;14;9941;16;;;9950;7;9953;23;;;9947.0;0.0
yf_ZS=F_d1;56300;INTARIAN_PEPPER_ROOT;12655;13;12652;19;;;12664;26;12666;21;;;12659.5;0.0
yf_ZS=F_d1;56400;ASH_COATED_OSMIUM;9944;13;9940;21;;;9950;12;9954;20;;;9947.0;0.0
yf_ZS=F_d1;56400;INTARIAN_PEPPER_ROOT;12655;10;12653;21;;;12661;24;12665;28;;;12658.0;0.0
yf_ZS=F_d1;56500;ASH_COATED_OSMIUM;9944;10;9941;14;;;9950;18;9953;15;;;9947.0;0.0
yf_ZS=F_d1;56500;INTARIAN_PEPPER_ROOT;12654;15;12652;12;;;12662;24;12664;21;;;12658.0;0.0
yf_ZS=F_d1;56600;ASH_COATED_OSMIUM;9944;9;9940;16;;;9951;17;9954;22;;;9947.5;0.0
yf_ZS=F_d1;56600;INTARIAN_PEPPER_ROOT;12653;20;12651;19;;;12663;17;12666;16;;;12658.0;0.0
yf_ZS=F_d1;56700;ASH_COATED_OSMIUM;9944;5;9942;16;;;9950;14;9954;23;;;9947.0;0.0
yf_ZS=F_d1;56700;INTARIAN_PEPPER_ROOT;12654;14;12651;24;;;12660;16;12664;21;;;12657.0;0.0
yf_ZS=F_d1;56800;ASH_COATED_OSMIUM;9929;8;9925;21;;;9966;20;9970;14;;;9947.5;0.0
yf_ZS=F_d1;56800;INTARIAN_PEPPER_ROOT;12654;9;12650;28;;;12660;11;12663;13;;;12657.0;0.0
yf_ZS=F_d1;56900;ASH_COATED_OSMIUM;9940;7;9936;18;;;9952;12;9955;18;;;9946.0;0.0
yf_ZS=F_d1;56900;INTARIAN_PEPPER_ROOT;12652;16;12650;16;;;12659;14;12662;16;;;12655.5;0.0
yf_ZS=F_d1;57000;ASH_COATED_OSMIUM;9944;15;9942;23;;;9950;22;9953;26;;;9947.0;0.0
yf_ZS=F_d1;57000;INTARIAN_PEPPER_ROOT;12654;7;12652;19;;;12660;21;12664;20;;;12657.0;0.0
yf_ZS=F_d1;57100;ASH_COATED_OSMIUM;9938;18;9934;35;;;9955;14;9959;18;;;9946.5;0.0
yf_ZS=F_d1;57100;INTARIAN_PEPPER_ROOT;12653;22;12650;20;;;12659;15;12663;25;;;12656.0;0.0
yf_ZS=F_d1;57200;ASH_COATED_OSMIUM;9944;20;9940;9;;;9950;13;9953;19;;;9947.0;0.0
yf_ZS=F_d1;57200;INTARIAN_PEPPER_ROOT;12653;23;12650;25;;;12659;10;12661;17;;;12656.0;0.0
yf_ZS=F_d1;57300;ASH_COATED_OSMIUM;9944;17;9942;31;;;9950;15;9954;19;;;9947.0;0.0
yf_ZS=F_d1;57300;INTARIAN_PEPPER_ROOT;12652;6;12648;23;;;12659;7;12661;12;;;12655.5;0.0
yf_ZS=F_d1;57400;ASH_COATED_OSMIUM;9943;12;9939;8;;;9949;15;9952;11;;;9946.0;0.0
yf_ZS=F_d1;57400;INTARIAN_PEPPER_ROOT;12652;7;12648;26;;;12658;6;12661;28;;;12655.0;0.0
yf_ZS=F_d1;57500;ASH_COATED_OSMIUM;9933;12;9931;12;;;9958;17;9961;16;;;9945.5;0.0
yf_ZS=F_d1;57500;INTARIAN_PEPPER_ROOT;12646;21;12644;15;;;12663;19;12665;23;;;12654.5;0.0
yf_ZS=F_d1;57600;ASH_COATED_OSMIUM;9943;14;9941;17;;;9949;16;9951;10;;;9946.0;0.0
yf_ZS=F_d1;57600;INTARIAN_PEPPER_ROOT;12650;18;12646;20;;;12660;20;12664;15;;;12655.0;0.0
yf_ZS=F_d1;57700;ASH_COATED_OSMIUM;9942;16;9938;23;;;9948;11;9951;14;;;9945.0;0.0
yf_ZS=F_d1;57700;INTARIAN_PEPPER_ROOT;12649;12;12646;17;;;12660;14;12664;10;;;12654.5;0.0
yf_ZS=F_d1;57800;ASH_COATED_OSMIUM;9943;15;9941;23;;;9949;21;9952;24;;;9946.0;0.0
yf_ZS=F_d1;57800;INTARIAN_PEPPER_ROOT;12650;16;12646;19;;;12656;14;12660;17;;;12653.0;0.0
yf_ZS=F_d1;57900;ASH_COATED_OSMIUM;9941;13;9937;12;;;9951;14;9955;20;;;9946.0;0.0
yf_ZS=F_d1;57900;INTARIAN_PEPPER_ROOT;12650;9;12646;28;;;12656;10;12658;20;;;12653.0;0.0
yf_ZS=F_d1;58000;ASH_COATED_OSMIUM;9943;14;9941;23;;;9949;23;9951;25;;;9946.0;0.0
yf_ZS=F_d1;58000;INTARIAN_PEPPER_ROOT;12649;14;12646;21;;;12657;10;12659;12;;;12653.0;0.0
yf_ZS=F_d1;58100;ASH_COATED_OSMIUM;9943;12;9940;25;;;9949;15;9952;11;;;9946.0;0.0
yf_ZS=F_d1;58100;INTARIAN_PEPPER_ROOT;12647;11;12645;24;;;12658;5;12661;19;;;12652.5;0.0
yf_ZS=F_d1;58200;ASH_COATED_OSMIUM;9936;7;9934;23;;;9953;14;9955;21;;;9944.5;0.0
yf_ZS=F_d1;58200;INTARIAN_PEPPER_ROOT;12649;14;12647;21;;;12655;12;12657;25;;;12652.0;0.0
yf_ZS=F_d1;58300;ASH_COATED_OSMIUM;9941;12;9938;17;;;9950;10;9953;21;;;9945.5;0.0
