day;timestamp;product;bid_price_1;bid_volume_1;bid_price_2;bid_volume_2;bid_price_3;bid_volume_3;ask_price_1;ask_volume_1;ask_price_2;ask_volume_2;ask_price_3;ask_volume_3;mid_price;profit_and_loss
yf_BGS_d5;0;ASH_COATED_OSMIUM;9908;23;9905;22;;;9914;15;9918;18;;;9911.0;0.0
yf_BGS_d5;0;INTARIAN_PEPPER_ROOT;10687;17;10684;20;;;10693;12;10697;18;;;10690.0;0.0
yf_BGS_d5;100;ASH_COATED_OSMIUM;9908;9;9906;26;;;9914;8;9917;28;;;9911.0;0.0
yf_BGS_d5;100;INTARIAN_PEPPER_ROOT;10687;13;10684;13;;;10693;20;10697;28;;;10690.0;0.0
yf_BGS_d5;200;ASH_COATED_OSMIUM;9903;5;9900;17;;;9920;15;9923;19;;;9911.5;0.0
yf_BGS_d5;200;INTARIAN_PEPPER_ROOT;10686;10;10683;20;;;10697;9;10700;19;;;10691.5;0.0
yf_BGS_d5;300;ASH_COATED_OSMIUM;9909;13;9905;23;;;9915;19;9917;24;;;9912.0;0.0
yf_BGS_d5;300;INTARIAN_PEPPER_ROOT;10689;10;10687;27;;;10696;14;10700;31;;;10692.5;0.0
yf_BGS_d5;400;ASH_COATED_OSMIUM;9901;5;9899;28;;;9923;14;9927;21;;;9912.0;0.0
yf_BGS_d5;400;INTARIAN_PEPPER_ROOT;10690;9;10686;22;;;10696;16;10698;18;;;10693.0;0.0
yf_BGS_d5;500;ASH_COATED_OSMIUM;9909;8;9905;22;;;9915;15;9918;23;;;9912.0;0.0
yf_BGS_d5;500;INTARIAN_PEPPER_ROOT;10691;13;10689;24;;;10697;17;10700;17;;;10694.0;0.0
yf_BGS_d5;600;ASH_COATED_OSMIUM;9909;17;9906;31;;;9915;20;9919;19;;;9912.0;0.0
yf_BGS_d5;600;INTARIAN_PEPPER_ROOT;10692;12;10690;26;;;10698;22;10701;22;;;10695.0;0.0
yf_BGS_d5;700;ASH_COATED_OSMIUM;9909;18;9905;30;;;9915;8;9919;15;;;9912.0;0.0
yf_BGS_d5;700;INTARIAN_PEPPER_ROOT;10693;12;10690;16;;;10699;21;10703;9;;;10696.0;0.0
yf_BGS_d5;800;ASH_COATED_OSMIUM;9905;16;9901;29;;;9918;10;9921;19;;;9911.5;0.0
yf_BGS_d5;800;INTARIAN_PEPPER_ROOT;10694;19;10690;10;;;10700;10;10704;14;;;10697.0;0.0
yf_BGS_d5;900;ASH_COATED_OSMIUM;9909;19;9907;25;;;9915;18;9919;19;;;9912.0;0.0
yf_BGS_d5;900;INTARIAN_PEPPER_ROOT;10695;15;10692;20;;;10701;15;10705;14;;;10698.0;0.0
yf_BGS_d5;1000;ASH_COATED_OSMIUM;9909;5;9906;17;;;9915;14;9919;20;;;9912.0;0.0
yf_BGS_d5;1000;INTARIAN_PEPPER_ROOT;10687;23;10683;24;;;10711;24;10715;15;;;10699.0;0.0
yf_BGS_d5;1100;ASH_COATED_OSMIUM;9907;22;9904;25;;;9918;17;9920;14;;;9912.5;0.0
yf_BGS_d5;1100;INTARIAN_PEPPER_ROOT;10691;15;10689;22;;;10709;22;10712;12;;;10700.0;0.0
yf_BGS_d5;1200;ASH_COATED_OSMIUM;9893;23;9889;20;;;9931;10;9933;26;;;9912.0;0.0
yf_BGS_d5;1200;INTARIAN_PEPPER_ROOT;10698;14;10694;26;;;10704;7;10706;26;;;10701.0;0.0
yf_BGS_d5;1300;ASH_COATED_OSMIUM;9908;18;9905;19;;;9917;5;9920;30;;;9912.5;0.0
yf_BGS_d5;1300;INTARIAN_PEPPER_ROOT;10699;10;10697;16;;;10705;5;10707;25;;;10702.0;0.0
yf_BGS_d5;1400;ASH_COATED_OSMIUM;9910;9;9907;20;;;9916;20;9919;18;;;9913.0;0.0
yf_BGS_d5;1400;INTARIAN_PEPPER_ROOT;10700;23;10697;16;;;10706;12;10710;19;;;10703.0;0.0
yf_BGS_d5;1500;ASH_COATED_OSMIUM;9909;16;9907;14;;;9917;13;9919;18;;;9913.0;0.0
yf_BGS_d5;1500;INTARIAN_PEPPER_ROOT;10696;19;10694;25;;;10712;13;10714;19;;;10704.0;0.0
yf_BGS_d5;1600;ASH_COATED_OSMIUM;9909;11;9906;28;;;9915;18;9919;22;;;9912.0;0.0
yf_BGS_d5;1600;INTARIAN_PEPPER_ROOT;10690;18;10686;20;;;10719;12;10723;11;;;10704.5;0.0
yf_BGS_d5;1700;ASH_COATED_OSMIUM;9910;9;9906;22;;;9916;16;9918;20;;;9913.0;0.0
yf_BGS_d5;1700;INTARIAN_PEPPER_ROOT;10703;13;10701;14;;;10709;18;10712;17;;;10706.0;0.0
yf_BGS_d5;1800;ASH_COATED_OSMIUM;9903;21;9899;24;;;9922;11;9924;14;;;9912.5;0.0
yf_BGS_d5;1800;INTARIAN_PEPPER_ROOT;10701;17;10698;19;;;10712;25;10715;24;;;10706.5;0.0
yf_BGS_d5;1900;ASH_COATED_OSMIUM;9910;12;9907;23;;;9916;9;9919;27;;;9913.0;0.0
yf_BGS_d5;1900;INTARIAN_PEPPER_ROOT;10699;12;10696;16;;;10716;15;10718;16;;;10707.5;0.0
yf_BGS_d5;2000;ASH_COATED_OSMIUM;9909;18;9905;21;;;9917;20;9920;22;;;9913.0;0.0
yf_BGS_d5;2000;INTARIAN_PEPPER_ROOT;10706;19;10704;16;;;10712;12;10716;26;;;10709.0;0.0
yf_BGS_d5;2100;ASH_COATED_OSMIUM;9910;13;9907;17;;;9916;21;9920;14;;;9913.0;0.0
yf_BGS_d5;2100;INTARIAN_PEPPER_ROOT;10706;9;10702;21;;;10712;18;10714;24;;;10709.0;0.0
yf_BGS_d5;2200;ASH_COATED_OSMIUM;9910;13;9907;19;;;9916;12;9919;26;;;9913.0;0.0
yf_BGS_d5;2200;INTARIAN_PEPPER_ROOT;10708;13;10704;21;;;10714;10;10718;27;;;10711.0;0.0
yf_BGS_d5;2300;ASH_COATED_OSMIUM;9910;13;9907;26;;;9916;8;9920;14;;;9913.0;0.0
yf_BGS_d5;2300;INTARIAN_PEPPER_ROOT;10698;15;10695;19;;;10724;13;10727;17;;;10711.0;0.0
yf_BGS_d5;2400;ASH_COATED_OSMIUM;9910;10;9908;22;;;9916;13;9918;18;;;9913.0;0.0
yf_BGS_d5;2400;INTARIAN_PEPPER_ROOT;10708;15;10704;19;;;10716;12;10718;9;;;10712.0;0.0
yf_BGS_d5;2500;ASH_COATED_OSMIUM;9910;20;9907;21;;;9916;23;9919;19;;;9913.0;0.0
yf_BGS_d5;2500;INTARIAN_PEPPER_ROOT;10708;16;10706;16;;;10718;9;10720;19;;;10713.0;0.0
yf_BGS_d5;2600;ASH_COATED_OSMIUM;9902;14;9899;24;;;9925;5;9927;8;;;9913.5;0.0
yf_BGS_d5;2600;INTARIAN_PEPPER_ROOT;10711;9;10708;23;;;10717;7;10719;11;;;10714.0;0.0
yf_BGS_d5;2700;ASH_COATED_OSMIUM;9911;18;9907;15;;;9917;25;9919;23;;;9914.0;0.0
yf_BGS_d5;2700;INTARIAN_PEPPER_ROOT;10712;13;10708;19;;;10718;13;10721;20;;;10715.0;0.0
yf_BGS_d5;2800;ASH_COATED_OSMIUM;9911;19;9909;14;;;9917;13;9920;16;;;9914.0;0.0
yf_BGS_d5;2800;INTARIAN_PEPPER_ROOT;10713;5;10710;22;;;10719;17;10721;26;;;10716.0;0.0
yf_BGS_d5;2900;ASH_COATED_OSMIUM;9910;17;9907;21;;;9916;10;9918;18;;;9913.0;0.0
yf_BGS_d5;2900;INTARIAN_PEPPER_ROOT;10714;10;10710;15;;;10720;5;10722;16;;;10717.0;0.0
yf_BGS_d5;3000;ASH_COATED_OSMIUM;9911;9;9908;15;;;9917;14;9920;12;;;9914.0;0.0
yf_BGS_d5;3000;INTARIAN_PEPPER_ROOT;10715;17;10712;26;;;10721;19;10724;16;;;10718.0;0.0
yf_BGS_d5;3100;ASH_COATED_OSMIUM;9910;8;9907;21;;;9917;25;9919;23;;;9913.5;0.0
yf_BGS_d5;3100;INTARIAN_PEPPER_ROOT;10709;13;10705;12;;;10728;17;10730;19;;;10718.5;0.0
yf_BGS_d5;3200;ASH_COATED_OSMIUM;9909;15;9907;18;;;9920;7;9922;32;;;9914.5;0.0
yf_BGS_d5;3200;INTARIAN_PEPPER_ROOT;10717;18;10713;14;;;10723;6;10725;16;;;10720.0;0.0
yf_BGS_d5;3300;ASH_COATED_OSMIUM;9911;11;9909;16;;;9917;11;9919;21;;;9914.0;0.0
yf_BGS_d5;3300;INTARIAN_PEPPER_ROOT;10710;9;10706;29;;;10732;13;10735;19;;;10721.0;0.0
yf_BGS_d5;3400;ASH_COATED_OSMIUM;9911;21;9907;23;;;9917;14;9921;12;;;9914.0;0.0
yf_BGS_d5;3400;INTARIAN_PEPPER_ROOT;10718;14;10715;20;;;10724;12;10726;17;;;10721.0;0.0
yf_BGS_d5;3500;ASH_COATED_OSMIUM;9909;6;9907;15;;;9918;19;9922;11;;;9913.5;0.0
yf_BGS_d5;3500;INTARIAN_PEPPER_ROOT;10719;12;10716;23;;;10725;13;10727;10;;;10722.0;0.0
yf_BGS_d5;3600;ASH_COATED_OSMIUM;9911;14;9909;22;;;9917;14;9919;12;;;9914.0;0.0
yf_BGS_d5;3600;INTARIAN_PEPPER_ROOT;10713;9;10709;22;;;10733;23;10736;23;;;10723.0;0.0
yf_BGS_d5;3700;ASH_COATED_OSMIUM;9911;13;9909;12;;;9917;22;9920;9;;;9914.0;0.0
yf_BGS_d5;3700;INTARIAN_PEPPER_ROOT;10722;12;10720;8;;;10728;12;10731;25;;;10725.0;0.0
yf_BGS_d5;3800;ASH_COATED_OSMIUM;9891;11;9888;17;;;9937;14;9941;21;;;9914.0;0.0
yf_BGS_d5;3800;INTARIAN_PEPPER_ROOT;10722;12;10719;14;;;10731;17;10734;19;;;10726.5;0.0
yf_BGS_d5;3900;ASH_COATED_OSMIUM;9912;16;9910;13;;;9918;15;9920;24;;;9915.0;0.0
yf_BGS_d5;3900;INTARIAN_PEPPER_ROOT;10723;20;10721;22;;;10729;7;10732;15;;;10726.0;0.0
yf_BGS_d5;4000;ASH_COATED_OSMIUM;9909;19;9906;22;;;9921;16;9923;20;;;9915.0;0.0
yf_BGS_d5;4000;INTARIAN_PEPPER_ROOT;10725;19;10723;25;;;10731;20;10733;16;;;10728.0;0.0
yf_BGS_d5;4100;ASH_COATED_OSMIUM;9912;18;9908;26;;;9918;13;9921;15;;;9915.0;0.0
yf_BGS_d5;4100;INTARIAN_PEPPER_ROOT;10725;14;10723;30;;;10731;22;10733;19;;;10728.0;0.0
yf_BGS_d5;4200;ASH_COATED_OSMIUM;9912;9;9910;10;;;9918;11;9922;11;;;9915.0;0.0
yf_BGS_d5;4200;INTARIAN_PEPPER_ROOT;10720;25;10716;18;;;10739;5;10743;31;;;10729.5;0.0
yf_BGS_d5;4300;ASH_COATED_OSMIUM;9912;15;9910;19;;;9918;15;9921;17;;;9915.0;0.0
yf_BGS_d5;4300;INTARIAN_PEPPER_ROOT;10727;15;10723;17;;;10733;13;10736;16;;;10730.0;0.0
yf_BGS_d5;4400;ASH_COATED_OSMIUM;9902;19;9898;26;;;9928;12;9931;15;;;9915.0;0.0
yf_BGS_d5;4400;INTARIAN_PEPPER_ROOT;10719;10;10716;20;;;10744;12;10747;26;;;10731.5;0.0
yf_BGS_d5;4500;ASH_COATED_OSMIUM;9913;20;9910;13;;;9919;11;9921;18;;;9916.0;0.0
yf_BGS_d5;4500;INTARIAN_PEPPER_ROOT;10729;13;10725;18;;;10735;10;10738;16;;;10732.0;0.0
yf_BGS_d5;4600;ASH_COATED_OSMIUM;9911;15;9907;24;;;9920;10;9923;21;;;9915.5;0.0
yf_BGS_d5;4600;INTARIAN_PEPPER_ROOT;10730;17;10727;24;;;10737;20;10740;19;;;10733.5;0.0
yf_BGS_d5;4700;ASH_COATED_OSMIUM;9911;16;9907;20;;;9918;10;9920;25;;;9914.5;0.0
yf_BGS_d5;4700;INTARIAN_PEPPER_ROOT;10731;8;10729;16;;;10737;22;10739;18;;;10734.0;0.0
yf_BGS_d5;4800;ASH_COATED_OSMIUM;9910;10;9906;22;;;9921;5;9925;18;;;9915.5;0.0
yf_BGS_d5;4800;INTARIAN_PEPPER_ROOT;10733;12;10730;23;;;10739;21;10743;20;;;10736.0;0.0
yf_BGS_d5;4900;ASH_COATED_OSMIUM;9912;8;9908;19;;;9918;15;9920;19;;;9915.0;0.0
yf_BGS_d5;4900;INTARIAN_PEPPER_ROOT;10733;22;10729;14;;;10739;18;10741;25;;;10736.0;0.0
yf_BGS_d5;5000;ASH_COATED_OSMIUM;9910;17;9906;19;;;9921;14;9923;21;;;9915.5;0.0
yf_BGS_d5;5000;INTARIAN_PEPPER_ROOT;10734;12;10730;32;;;10740;15;10742;27;;;10737.0;0.0
yf_BGS_d5;5100;ASH_COATED_OSMIUM;9911;12;9907;20;;;9919;15;9923;15;;;9915.0;0.0
yf_BGS_d5;5100;INTARIAN_PEPPER_ROOT;10733;10;10731;23;;;10744;16;10748;18;;;10738.5;0.0
yf_BGS_d5;5200;ASH_COATED_OSMIUM;9912;15;9910;18;;;9918;22;9920;22;;;9915.0;0.0
yf_BGS_d5;5200;INTARIAN_PEPPER_ROOT;10735;13;10731;15;;;10744;15;10748;24;;;10739.5;0.0
yf_BGS_d5;5300;ASH_COATED_OSMIUM;9913;6;9909;18;;;9919;17;9922;19;;;9916.0;0.0
yf_BGS_d5;5300;INTARIAN_PEPPER_ROOT;10737;24;10735;14;;;10743;13;10746;22;;;10740.0;0.0
yf_BGS_d5;5400;ASH_COATED_OSMIUM;9912;19;9909;21;;;9918;13;9922;23;;;9915.0;0.0
yf_BGS_d5;5400;INTARIAN_PEPPER_ROOT;10737;9;10734;26;;;10746;11;10749;19;;;10741.5;0.0
yf_BGS_d5;5500;ASH_COATED_OSMIUM;9912;16;9910;23;;;9918;8;9920;18;;;9915.0;0.0
yf_BGS_d5;5500;INTARIAN_PEPPER_ROOT;10734;13;10732;18;;;10749;17;10753;27;;;10741.5;0.0
yf_BGS_d5;5600;ASH_COATED_OSMIUM;9913;7;9909;20;;;9919;16;9923;20;;;9916.0;0.0
yf_BGS_d5;5600;INTARIAN_PEPPER_ROOT;10740;14;10737;23;;;10746;17;10749;19;;;10743.0;0.0
yf_BGS_d5;5700;ASH_COATED_OSMIUM;9914;20;9910;20;;;9920;12;9923;13;;;9917.0;0.0
yf_BGS_d5;5700;INTARIAN_PEPPER_ROOT;10741;17;10737;23;;;10747;9;10749;17;;;10744.0;0.0
yf_BGS_d5;5800;ASH_COATED_OSMIUM;9913;9;9911;18;;;9919;22;9923;20;;;9916.0;0.0
yf_BGS_d5;5800;INTARIAN_PEPPER_ROOT;10742;12;10740;18;;;10748;15;10750;22;;;10745.0;0.0
yf_BGS_d5;5900;ASH_COATED_OSMIUM;9913;14;9909;25;;;9919;13;9921;19;;;9916.0;0.0
yf_BGS_d5;5900;INTARIAN_PEPPER_ROOT;10741;14;10737;11;;;10751;14;10754;21;;;10746.0;0.0
yf_BGS_d5;6000;ASH_COATED_OSMIUM;9913;13;9911;15;;;9919;11;9923;17;;;9916.0;0.0
yf_BGS_d5;6000;INTARIAN_PEPPER_ROOT;10743;10;10740;17;;;10749;13;10752;25;;;10746.0;0.0
yf_BGS_d5;6100;ASH_COATED_OSMIUM;9913;18;9910;20;;;9919;16;9921;21;;;9916.0;0.0
yf_BGS_d5;6100;INTARIAN_PEPPER_ROOT;10736;15;10732;17;;;10758;16;10760;22;;;10747.0;0.0
yf_BGS_d5;6200;ASH_COATED_OSMIUM;9914;23;9912;19;;;9920;14;9923;17;;;9917.0;0.0
yf_BGS_d5;6200;INTARIAN_PEPPER_ROOT;10746;11;10744;22;;;10752;12;10756;24;;;10749.0;0.0
yf_BGS_d5;6300;ASH_COATED_OSMIUM;9914;20;9910;15;;;9920;11;9924;20;;;9917.0;0.0
yf_BGS_d5;6300;INTARIAN_PEPPER_ROOT;10744;5;10741;22;;;10753;13;10755;25;;;10748.5;0.0
yf_BGS_d5;6400;ASH_COATED_OSMIUM;9910;14;9906;19;;;9922;12;9926;19;;;9916.0;0.0
yf_BGS_d5;6400;INTARIAN_PEPPER_ROOT;10745;15;10742;11;;;10757;19;10759;32;;;10751.0;0.0
yf_BGS_d5;6500;ASH_COATED_OSMIUM;9912;24;9908;28;;;9922;14;9925;22;;;9917.0;0.0
yf_BGS_d5;6500;INTARIAN_PEPPER_ROOT;10748;11;10745;22;;;10754;16;10757;17;;;10751.0;0.0
yf_BGS_d5;6600;ASH_COATED_OSMIUM;9915;8;9912;19;;;9921;18;9925;9;;;9918.0;0.0
yf_BGS_d5;6600;INTARIAN_PEPPER_ROOT;10747;14;10744;18;;;10757;21;10760;15;;;10752.0;0.0
yf_BGS_d5;6700;ASH_COATED_OSMIUM;9913;15;9909;21;;;9919;13;9922;17;;;9916.0;0.0
yf_BGS_d5;6700;INTARIAN_PEPPER_ROOT;10750;21;10746;14;;;10756;14;10760;21;;;10753.0;0.0
yf_BGS_d5;6800;ASH_COATED_OSMIUM;9914;18;9912;20;;;9920;15;9924;16;;;9917.0;0.0
yf_BGS_d5;6800;INTARIAN_PEPPER_ROOT;10752;19;10750;18;;;10758;11;10761;29;;;10755.0;0.0
yf_BGS_d5;6900;ASH_COATED_OSMIUM;9910;18;9908;21;;;9923;14;9927;20;;;9916.5;0.0
yf_BGS_d5;6900;INTARIAN_PEPPER_ROOT;10752;10;10750;11;;;10758;26;10761;18;;;10755.0;0.0
yf_BGS_d5;7000;ASH_COATED_OSMIUM;9907;19;9903;25;;;9926;10;9930;30;;;9916.5;0.0
yf_BGS_d5;7000;INTARIAN_PEPPER_ROOT;10753;21;10751;22;;;10759;18;10763;24;;;10756.0;0.0
yf_BGS_d5;7100;ASH_COATED_OSMIUM;9914;15;9911;16;;;9920;8;9922;24;;;9917.0;0.0
yf_BGS_d5;7100;INTARIAN_PEPPER_ROOT;10754;15;10752;31;;;10761;16;10765;21;;;10757.5;0.0
yf_BGS_d5;7200;ASH_COATED_OSMIUM;9914;8;9912;17;;;9920;13;9922;20;;;9917.0;0.0
yf_BGS_d5;7200;INTARIAN_PEPPER_ROOT;10755;17;10751;13;;;10761;7;10765;14;;;10758.0;0.0
yf_BGS_d5;7300;ASH_COATED_OSMIUM;9914;9;9911;28;;;9920;10;9924;22;;;9917.0;0.0
yf_BGS_d5;7300;INTARIAN_PEPPER_ROOT;10756;12;10752;32;;;10762;12;10765;19;;;10759.0;0.0
yf_BGS_d5;7400;ASH_COATED_OSMIUM;9914;10;9911;12;;;9920;15;9924;13;;;9917.0;0.0
yf_BGS_d5;7400;INTARIAN_PEPPER_ROOT;10756;21;10753;19;;;10764;18;10767;20;;;10760.0;0.0
yf_BGS_d5;7500;ASH_COATED_OSMIUM;9911;19;9909;25;;;9925;18;9928;23;;;9918.0;0.0
yf_BGS_d5;7500;INTARIAN_PEPPER_ROOT;10755;13;10751;11;;;10766;20;10769;10;;;10760.5;0.0
yf_BGS_d5;7600;ASH_COATED_OSMIUM;9914;15;9912;29;;;9920;22;9923;11;;;9917.0;0.0
yf_BGS_d5;7600;INTARIAN_PEPPER_ROOT;10759;15;10756;14;;;10765;13;10767;21;;;10762.0;0.0
yf_BGS_d5;7700;ASH_COATED_OSMIUM;9913;14;9909;21;;;9922;22;9926;13;;;9917.5;0.0
yf_BGS_d5;7700;INTARIAN_PEPPER_ROOT;10759;5;10757;22;;;10765;12;10768;10;;;10762.0;0.0
yf_BGS_d5;7800;ASH_COATED_OSMIUM;9907;7;9905;17;;;9929;17;9931;14;;;9918.0;0.0
yf_BGS_d5;7800;INTARIAN_PEPPER_ROOT;10761;14;10757;19;;;10767;16;10769;19;;;10764.0;0.0
yf_BGS_d5;7900;ASH_COATED_OSMIUM;9914;11;9910;17;;;9920;7;9924;11;;;9917.0;0.0
yf_BGS_d5;7900;INTARIAN_PEPPER_ROOT;10762;23;10760;22;;;10768;13;10772;18;;;10765.0;0.0
yf_BGS_d5;8000;ASH_COATED_OSMIUM;9914;11;9911;18;;;9920;19;9924;15;;;9917.0;0.0
yf_BGS_d5;8000;INTARIAN_PEPPER_ROOT;10763;13;10760;14;;;10769;11;10771;19;;;10766.0;0.0
yf_BGS_d5;8100;ASH_COATED_OSMIUM;9915;24;9912;15;;;9921;16;9925;12;;;9918.0;0.0
yf_BGS_d5;8100;INTARIAN_PEPPER_ROOT;10761;7;10757;22;;;10773;10;10777;19;;;10767.0;0.0
yf_BGS_d5;8200;ASH_COATED_OSMIUM;9914;18;9910;12;;;9921;11;9925;12;;;9917.5;0.0
yf_BGS_d5;8200;INTARIAN_PEPPER_ROOT;10757;6;10755;22;;;10778;10;10781;19;;;10767.5;0.0
yf_BGS_d5;8300;ASH_COATED_OSMIUM;9902;13;9900;12;;;9933;16;9935;27;;;9917.5;0.0
yf_BGS_d5;8300;INTARIAN_PEPPER_ROOT;10765;17;10761;19;;;10771;20;10774;22;;;10768.0;0.0
yf_BGS_d5;8400;ASH_COATED_OSMIUM;9916;11;9912;22;;;9922;15;9926;25;;;9919.0;0.0
yf_BGS_d5;8400;INTARIAN_PEPPER_ROOT;10763;7;10759;13;;;10775;16;10779;17;;;10769.0;0.0
yf_BGS_d5;8500;ASH_COATED_OSMIUM;9912;13;9910;26;;;9925;9;9928;26;;;9918.5;0.0
yf_BGS_d5;8500;INTARIAN_PEPPER_ROOT;10768;13;10764;24;;;10774;13;10778;20;;;10771.0;0.0
yf_BGS_d5;8600;ASH_COATED_OSMIUM;9912;17;9910;21;;;9925;13;9927;16;;;9918.5;0.0
yf_BGS_d5;8600;INTARIAN_PEPPER_ROOT;10768;12;10765;17;;;10774;20;10777;13;;;10771.0;0.0
yf_BGS_d5;8700;ASH_COATED_OSMIUM;9916;21;9914;11;;;9923;22;9926;22;;;9919.5;0.0
yf_BGS_d5;8700;INTARIAN_PEPPER_ROOT;10765;29;10762;25;;;10778;21;10782;24;;;10771.5;0.0
yf_BGS_d5;8800;ASH_COATED_OSMIUM;9916;13;9914;19;;;9922;16;9924;24;;;9919.0;0.0
yf_BGS_d5;8800;INTARIAN_PEPPER_ROOT;10769;18;10766;23;;;10777;15;10779;13;;;10773.0;0.0
yf_BGS_d5;8900;ASH_COATED_OSMIUM;9916;13;9913;23;;;9922;7;9924;11;;;9919.0;0.0
yf_BGS_d5;8900;INTARIAN_PEPPER_ROOT;10771;8;10769;21;;;10777;22;10780;19;;;10774.0;0.0
yf_BGS_d5;9000;ASH_COATED_OSMIUM;9911;11;9908;22;;;9926;18;9929;17;;;9918.5;0.0
yf_BGS_d5;9000;INTARIAN_PEPPER_ROOT;10765;12;10763;16;;;10785;16;10789;18;;;10775.0;0.0
yf_BGS_d5;9100;ASH_COATED_OSMIUM;9911;14;9909;14;;;9925;13;9927;23;;;9918.0;0.0
yf_BGS_d5;9100;INTARIAN_PEPPER_ROOT;10773;19;10769;19;;;10779;5;10781;15;;;10776.0;0.0
yf_BGS_d5;9200;ASH_COATED_OSMIUM;9915;24;9912;26;;;9921;21;9923;18;;;9918.0;0.0
yf_BGS_d5;9200;INTARIAN_PEPPER_ROOT;10774;17;10772;22;;;10780;18;10784;15;;;10777.0;0.0
yf_BGS_d5;9300;ASH_COATED_OSMIUM;9916;11;9912;29;;;9922;19;9926;16;;;9919.0;0.0
yf_BGS_d5;9300;INTARIAN_PEPPER_ROOT;10761;22;10759;24;;;10795;13;10799;25;;;10778.0;0.0
yf_BGS_d5;9400;ASH_COATED_OSMIUM;9916;9;9913;17;;;9922;14;9924;22;;;9919.0;0.0
yf_BGS_d5;9400;INTARIAN_PEPPER_ROOT;10775;6;10771;19;;;10782;9;10785;27;;;10778.5;0.0
yf_BGS_d5;9500;ASH_COATED_OSMIUM;9916;18;9912;15;;;9922;22;9924;27;;;9919.0;0.0
yf_BGS_d5;9500;INTARIAN_PEPPER_ROOT;10776;20;10772;14;;;10785;19;10789;16;;;10780.5;0.0
yf_BGS_d5;9600;ASH_COATED_OSMIUM;9916;19;9913;15;;;9922;15;9925;29;;;9919.0;0.0
yf_BGS_d5;9600;INTARIAN_PEPPER_ROOT;10778;13;10775;14;;;10784;17;10788;22;;;10781.0;0.0
yf_BGS_d5;9700;ASH_COATED_OSMIUM;9915;16;9912;17;;;9924;19;9927;17;;;9919.5;0.0
yf_BGS_d5;9700;INTARIAN_PEPPER_ROOT;10768;6;10766;27;;;10796;18;10800;26;;;10782.0;0.0
yf_BGS_d5;9800;ASH_COATED_OSMIUM;9915;8;9911;16;;;9924;9;9928;16;;;9919.5;0.0
yf_BGS_d5;9800;INTARIAN_PEPPER_ROOT;10779;15;10777;23;;;10785;5;10788;18;;;10782.0;0.0
yf_BGS_d5;9900;ASH_COATED_OSMIUM;9916;9;9913;21;;;9922;18;9925;14;;;9919.0;0.0
yf_BGS_d5;9900;INTARIAN_PEPPER_ROOT;10772;16;10769;18;;;10796;15;10798;15;;;10784.0;0.0
yf_BGS_d5;10000;ASH_COATED_OSMIUM;9917;19;9914;28;;;9923;10;9926;17;;;9920.0;0.0
yf_BGS_d5;10000;INTARIAN_PEPPER_ROOT;10782;20;10779;17;;;10788;7;10791;28;;;10785.0;0.0
yf_BGS_d5;10100;ASH_COATED_OSMIUM;9916;23;9912;20;;;9922;15;9925;27;;;9919.0;0.0
yf_BGS_d5;10100;INTARIAN_PEPPER_ROOT;10777;15;10774;16;;;10795;20;10798;9;;;10786.0;0.0
yf_BGS_d5;10200;ASH_COATED_OSMIUM;9915;17;9913;21;;;9924;23;9928;25;;;9919.5;0.0
yf_BGS_d5;10200;INTARIAN_PEPPER_ROOT;10783;15;10780;14;;;10789;5;10792;22;;;10786.0;0.0
yf_BGS_d5;10300;ASH_COATED_OSMIUM;9917;7;9914;12;;;9923;15;9925;15;;;9920.0;0.0
yf_BGS_d5;10300;INTARIAN_PEPPER_ROOT;10783;12;10779;8;;;10793;13;10797;16;;;10788.0;0.0
yf_BGS_d5;10400;ASH_COATED_OSMIUM;9916;16;9913;24;;;9923;8;9927;22;;;9919.5;0.0
yf_BGS_d5;10400;INTARIAN_PEPPER_ROOT;10785;13;10783;18;;;10791;20;10794;11;;;10788.0;0.0
yf_BGS_d5;10500;ASH_COATED_OSMIUM;9916;12;9912;15;;;9922;14;9925;17;;;9919.0;0.0
yf_BGS_d5;10500;INTARIAN_PEPPER_ROOT;10786;15;10782;8;;;10792;20;10794;18;;;10789.0;0.0
yf_BGS_d5;10600;ASH_COATED_OSMIUM;9914;17;9911;16;;;9926;18;9930;28;;;9920.0;0.0
yf_BGS_d5;10600;INTARIAN_PEPPER_ROOT;10787;14;10784;10;;;10793;8;10795;15;;;10790.0;0.0
yf_BGS_d5;10700;ASH_COATED_OSMIUM;9917;18;9913;23;;;9923;15;9927;15;;;9920.0;0.0
yf_BGS_d5;10700;INTARIAN_PEPPER_ROOT;10786;5;10784;12;;;10795;13;10797;25;;;10790.5;0.0
yf_BGS_d5;10800;ASH_COATED_OSMIUM;9917;8;9915;26;;;9923;17;9925;26;;;9920.0;0.0
yf_BGS_d5;10800;INTARIAN_PEPPER_ROOT;10789;6;10785;18;;;10795;14;10797;13;;;10792.0;0.0
yf_BGS_d5;10900;ASH_COATED_OSMIUM;9917;5;9915;24;;;9923;14;9927;23;;;9920.0;0.0
yf_BGS_d5;10900;INTARIAN_PEPPER_ROOT;10790;30;10787;26;;;10796;17;10800;14;;;10793.0;0.0
yf_BGS_d5;11000;ASH_COATED_OSMIUM;9914;17;9912;16;;;9925;12;9929;16;;;9919.5;0.0
yf_BGS_d5;11000;INTARIAN_PEPPER_ROOT;10791;25;10788;23;;;10798;15;10800;21;;;10794.5;0.0
yf_BGS_d5;11100;ASH_COATED_OSMIUM;9915;10;9913;16;;;9926;22;9929;14;;;9920.5;0.0
yf_BGS_d5;11100;INTARIAN_PEPPER_ROOT;10792;7;10789;20;;;10798;15;10802;8;;;10795.0;0.0
yf_BGS_d5;11200;ASH_COATED_OSMIUM;9918;10;9914;11;;;9924;16;9928;20;;;9921.0;0.0
yf_BGS_d5;11200;INTARIAN_PEPPER_ROOT;10793;14;10789;20;;;10799;8;10802;14;;;10796.0;0.0
yf_BGS_d5;11300;ASH_COATED_OSMIUM;9917;8;9913;23;;;9923;15;9925;23;;;9920.0;0.0
yf_BGS_d5;11300;INTARIAN_PEPPER_ROOT;10789;16;10787;15;;;10804;5;10806;14;;;10796.5;0.0
yf_BGS_d5;11400;ASH_COATED_OSMIUM;9918;17;9916;15;;;9924;9;9928;16;;;9921.0;0.0
yf_BGS_d5;11400;INTARIAN_PEPPER_ROOT;10794;16;10792;18;;;10800;22;10803;20;;;10797.0;0.0
yf_BGS_d5;11500;ASH_COATED_OSMIUM;9918;21;9914;16;;;9924;16;9928;14;;;9921.0;0.0
yf_BGS_d5;11500;INTARIAN_PEPPER_ROOT;10794;10;10792;19;;;10804;17;10808;23;;;10799.0;0.0
yf_BGS_d5;11600;ASH_COATED_OSMIUM;9918;8;9915;20;;;9924;16;9926;16;;;9921.0;0.0
yf_BGS_d5;11600;INTARIAN_PEPPER_ROOT;10797;19;10795;21;;;10803;14;10806;23;;;10800.0;0.0
yf_BGS_d5;11700;ASH_COATED_OSMIUM;9918;19;9914;19;;;9924;15;9927;29;;;9921.0;0.0
yf_BGS_d5;11700;INTARIAN_PEPPER_ROOT;10794;19;10791;19;;;10807;11;10809;27;;;10800.5;0.0
yf_BGS_d5;11800;ASH_COATED_OSMIUM;9917;10;9913;14;;;9925;18;9929;15;;;9921.0;0.0
yf_BGS_d5;11800;INTARIAN_PEPPER_ROOT;10799;9;10795;15;;;10805;16;10809;19;;;10802.0;0.0
yf_BGS_d5;11900;ASH_COATED_OSMIUM;9918;15;9914;21;;;9924;15;9927;18;;;9921.0;0.0
yf_BGS_d5;11900;INTARIAN_PEPPER_ROOT;10799;20;10795;13;;;10805;16;10809;21;;;10802.0;0.0
yf_BGS_d5;12000;ASH_COATED_OSMIUM;9918;15;9916;20;;;9924;12;9927;22;;;9921.0;0.0
yf_BGS_d5;12000;INTARIAN_PEPPER_ROOT;10800;16;10796;22;;;10808;12;10810;14;;;10804.0;0.0
yf_BGS_d5;12100;ASH_COATED_OSMIUM;9918;18;9915;17;;;9924;9;9926;16;;;9921.0;0.0
yf_BGS_d5;12100;INTARIAN_PEPPER_ROOT;10798;14;10794;12;;;10811;12;10813;17;;;10804.5;0.0
yf_BGS_d5;12200;ASH_COATED_OSMIUM;9918;12;9914;21;;;9924;14;9926;19;;;9921.0;0.0
yf_BGS_d5;12200;INTARIAN_PEPPER_ROOT;10790;15;10787;21;;;10822;14;10825;21;;;10806.0;0.0
yf_BGS_d5;12300;ASH_COATED_OSMIUM;9915;26;9913;16;;;9927;11;9929;15;;;9921.0;0.0
yf_BGS_d5;12300;INTARIAN_PEPPER_ROOT;10803;17;10800;16;;;10809;19;10811;15;;;10806.0;0.0
yf_BGS_d5;12400;ASH_COATED_OSMIUM;9919;12;9917;25;;;9925;8;9928;15;;;9922.0;0.0
yf_BGS_d5;12400;INTARIAN_PEPPER_ROOT;10804;14;10802;19;;;10810;18;10812;11;;;10807.0;0.0
yf_BGS_d5;12500;ASH_COATED_OSMIUM;9918;23;9915;17;;;9924;9;9928;8;;;9921.0;0.0
yf_BGS_d5;12500;INTARIAN_PEPPER_ROOT;10805;16;10803;21;;;10811;11;10813;29;;;10808.0;0.0
yf_BGS_d5;12600;ASH_COATED_OSMIUM;9919;12;9915;23;;;9925;19;9927;17;;;9922.0;0.0
yf_BGS_d5;12600;INTARIAN_PEPPER_ROOT;10806;20;10803;17;;;10812;6;10814;30;;;10809.0;0.0
yf_BGS_d5;12700;ASH_COATED_OSMIUM;9919;15;9915;17;;;9925;19;9928;25;;;9922.0;0.0
yf_BGS_d5;12700;INTARIAN_PEPPER_ROOT;10807;16;10803;17;;;10813;9;10816;24;;;10810.0;0.0
yf_BGS_d5;12800;ASH_COATED_OSMIUM;9917;11;9913;26;;;9927;18;9931;13;;;9922.0;0.0
yf_BGS_d5;12800;INTARIAN_PEPPER_ROOT;10803;11;10801;22;;;10821;17;10823;14;;;10812.0;0.0
yf_BGS_d5;12900;ASH_COATED_OSMIUM;9917;5;9913;24;;;9927;17;9931;28;;;9922.0;0.0
yf_BGS_d5;12900;INTARIAN_PEPPER_ROOT;10809;16;10807;21;;;10815;14;10818;21;;;10812.0;0.0
yf_BGS_d5;13000;ASH_COATED_OSMIUM;9913;18;9911;26;;;9931;14;9933;24;;;9922.0;0.0
yf_BGS_d5;13000;INTARIAN_PEPPER_ROOT;10809;8;10806;22;;;10817;8;10819;20;;;10813.0;0.0
yf_BGS_d5;13100;ASH_COATED_OSMIUM;9919;7;9917;13;;;9925;13;9927;17;;;9922.0;0.0
yf_BGS_d5;13100;INTARIAN_PEPPER_ROOT;10811;22;10808;21;;;10817;14;10820;14;;;10814.0;0.0
yf_BGS_d5;13200;ASH_COATED_OSMIUM;9917;7;9914;23;;;9926;18;9930;20;;;9921.5;0.0
yf_BGS_d5;13200;INTARIAN_PEPPER_ROOT;10812;15;10809;25;;;10818;11;10821;19;;;10815.0;0.0
yf_BGS_d5;13300;ASH_COATED_OSMIUM;9919;14;9915;17;;;9925;19;9928;21;;;9922.0;0.0
yf_BGS_d5;13300;INTARIAN_PEPPER_ROOT;10813;17;10809;23;;;10819;14;10822;23;;;10816.0;0.0
yf_BGS_d5;13400;ASH_COATED_OSMIUM;9919;7;9915;24;;;9925;13;9929;22;;;9922.0;0.0
yf_BGS_d5;13400;INTARIAN_PEPPER_ROOT;10813;16;10810;15;;;10820;16;10824;20;;;10816.5;0.0
yf_BGS_d5;13500;ASH_COATED_OSMIUM;9919;17;9916;17;;;9925;5;9928;12;;;9922.0;0.0
yf_BGS_d5;13500;INTARIAN_PEPPER_ROOT;10815;15;10812;23;;;10821;19;10824;17;;;10818.0;0.0
yf_BGS_d5;13600;ASH_COATED_OSMIUM;9919;13;9917;18;;;9925;8;9927;17;;;9922.0;0.0
yf_BGS_d5;13600;INTARIAN_PEPPER_ROOT;10814;8;10810;17;;;10824;13;10827;29;;;10819.0;0.0
yf_BGS_d5;13700;ASH_COATED_OSMIUM;9918;7;9915;30;;;9928;19;9930;26;;;9923.0;0.0
yf_BGS_d5;13700;INTARIAN_PEPPER_ROOT;10817;14;10813;20;;;10823;9;10825;16;;;10820.0;0.0
yf_BGS_d5;13800;ASH_COATED_OSMIUM;9920;11;9917;19;;;9926;14;9928;19;;;9923.0;0.0
yf_BGS_d5;13800;INTARIAN_PEPPER_ROOT;10808;5;10804;11;;;10833;12;10835;15;;;10820.5;0.0
yf_BGS_d5;13900;ASH_COATED_OSMIUM;9920;18;9917;19;;;9926;17;9930;19;;;9923.0;0.0
yf_BGS_d5;13900;INTARIAN_PEPPER_ROOT;10818;5;10816;16;;;10824;6;10828;20;;;10821.0;0.0
yf_BGS_d5;14000;ASH_COATED_OSMIUM;9920;16;9916;26;;;9926;12;9928;18;;;9923.0;0.0
yf_BGS_d5;14000;INTARIAN_PEPPER_ROOT;10815;26;10812;14;;;10830;11;10834;16;;;10822.5;0.0
yf_BGS_d5;14100;ASH_COATED_OSMIUM;9920;11;9916;24;;;9926;16;9929;29;;;9923.0;0.0
yf_BGS_d5;14100;INTARIAN_PEPPER_ROOT;10814;15;10811;10;;;10832;9;10834;17;;;10823.0;0.0
yf_BGS_d5;14200;ASH_COATED_OSMIUM;9915;11;9911;13;;;9930;17;9933;12;;;9922.5;0.0
yf_BGS_d5;14200;INTARIAN_PEPPER_ROOT;10821;10;10819;26;;;10827;17;10831;23;;;10824.0;0.0
yf_BGS_d5;14300;ASH_COATED_OSMIUM;9910;12;9907;13;;;9936;8;9939;12;;;9923.0;0.0
yf_BGS_d5;14300;INTARIAN_PEPPER_ROOT;10822;11;10818;20;;;10828;20;10832;17;;;10825.0;0.0
yf_BGS_d5;14400;ASH_COATED_OSMIUM;9916;5;9914;12;;;9930;16;9933;19;;;9923.0;0.0
yf_BGS_d5;14400;INTARIAN_PEPPER_ROOT;10823;15;10819;22;;;10829;12;10831;20;;;10826.0;0.0
yf_BGS_d5;14500;ASH_COATED_OSMIUM;9919;20;9916;21;;;9927;12;9929;20;;;9923.0;0.0
yf_BGS_d5;14500;INTARIAN_PEPPER_ROOT;10819;16;10816;15;;;10835;25;10838;21;;;10827.0;0.0
yf_BGS_d5;14600;ASH_COATED_OSMIUM;9920;12;9918;19;;;9926;11;9929;21;;;9923.0;0.0
yf_BGS_d5;14600;INTARIAN_PEPPER_ROOT;10824;15;10820;20;;;10831;13;10833;17;;;10827.5;0.0
yf_BGS_d5;14700;ASH_COATED_OSMIUM;9919;11;9917;29;;;9927;14;9931;15;;;9923.0;0.0
yf_BGS_d5;14700;INTARIAN_PEPPER_ROOT;10826;10;10823;17;;;10832;18;10835;18;;;10829.0;0.0
yf_BGS_d5;14800;ASH_COATED_OSMIUM;9920;12;9918;17;;;9926;19;9930;17;;;9923.0;0.0
yf_BGS_d5;14800;INTARIAN_PEPPER_ROOT;10811;5;10807;12;;;10848;19;10850;23;;;10829.5;0.0
yf_BGS_d5;14900;ASH_COATED_OSMIUM;9921;13;9919;27;;;9927;9;9931;27;;;9924.0;0.0
yf_BGS_d5;14900;INTARIAN_PEPPER_ROOT;10828;17;10825;24;;;10834;13;10837;18;;;10831.0;0.0
yf_BGS_d5;15000;ASH_COATED_OSMIUM;9919;22;9916;19;;;9928;13;9930;24;;;9923.5;0.0
yf_BGS_d5;15000;INTARIAN_PEPPER_ROOT;10829;14;10825;16;;;10835;13;10837;15;;;10832.0;0.0
yf_BGS_d5;15100;ASH_COATED_OSMIUM;9921;18;9918;21;;;9927;14;9930;20;;;9924.0;0.0
yf_BGS_d5;15100;INTARIAN_PEPPER_ROOT;10822;11;10818;20;;;10843;14;10847;18;;;10832.5;0.0
yf_BGS_d5;15200;ASH_COATED_OSMIUM;9918;9;9914;17;;;9929;19;9932;19;;;9923.5;0.0
yf_BGS_d5;15200;INTARIAN_PEPPER_ROOT;10831;11;10827;18;;;10837;19;10841;17;;;10834.0;0.0
yf_BGS_d5;15300;ASH_COATED_OSMIUM;9920;15;9917;27;;;9926;9;9930;21;;;9923.0;0.0
yf_BGS_d5;15300;INTARIAN_PEPPER_ROOT;10832;19;10828;21;;;10838;16;10842;17;;;10835.0;0.0
yf_BGS_d5;15400;ASH_COATED_OSMIUM;9920;17;9917;19;;;9927;23;9930;20;;;9923.5;0.0
yf_BGS_d5;15400;INTARIAN_PEPPER_ROOT;10832;17;10828;19;;;10841;13;10843;23;;;10836.5;0.0
yf_BGS_d5;15500;ASH_COATED_OSMIUM;9920;13;9918;20;;;9928;24;9932;15;;;9924.0;0.0
yf_BGS_d5;15500;INTARIAN_PEPPER_ROOT;10823;12;10821;19;;;10850;11;10854;21;;;10836.5;0.0
yf_BGS_d5;15600;ASH_COATED_OSMIUM;9921;12;9917;16;;;9927;10;9931;12;;;9924.0;0.0
yf_BGS_d5;15600;INTARIAN_PEPPER_ROOT;10835;14;10833;17;;;10841;19;10845;16;;;10838.0;0.0
yf_BGS_d5;15700;ASH_COATED_OSMIUM;9920;19;9917;19;;;9927;8;9931;24;;;9923.5;0.0
yf_BGS_d5;15700;INTARIAN_PEPPER_ROOT;10834;17;10831;8;;;10844;9;10847;13;;;10839.0;0.0
yf_BGS_d5;15800;ASH_COATED_OSMIUM;9914;15;9912;21;;;9933;20;9936;11;;;9923.5;0.0
yf_BGS_d5;15800;INTARIAN_PEPPER_ROOT;10836;7;10833;16;;;10843;13;10845;19;;;10839.5;0.0
yf_BGS_d5;15900;ASH_COATED_OSMIUM;9921;13;9919;21;;;9927;13;9930;20;;;9924.0;0.0
yf_BGS_d5;15900;INTARIAN_PEPPER_ROOT;10838;18;10834;22;;;10844;27;10848;20;;;10841.0;0.0
yf_BGS_d5;16000;ASH_COATED_OSMIUM;9920;16;9916;20;;;9930;19;9932;20;;;9925.0;0.0
yf_BGS_d5;16000;INTARIAN_PEPPER_ROOT;10839;13;10836;17;;;10845;18;10847;20;;;10842.0;0.0
yf_BGS_d5;16100;ASH_COATED_OSMIUM;9920;12;9918;21;;;9929;10;9933;18;;;9924.5;0.0
yf_BGS_d5;16100;INTARIAN_PEPPER_ROOT;10839;12;10835;14;;;10845;18;10848;22;;;10842.0;0.0
yf_BGS_d5;16200;ASH_COATED_OSMIUM;9916;11;9913;19;;;9933;11;9937;17;;;9924.5;0.0
yf_BGS_d5;16200;INTARIAN_PEPPER_ROOT;10841;8;10838;21;;;10847;16;10849;17;;;10844.0;0.0
yf_BGS_d5;16300;ASH_COATED_OSMIUM;9921;16;9919;20;;;9927;22;9930;18;;;9924.0;0.0
yf_BGS_d5;16300;INTARIAN_PEPPER_ROOT;10838;21;10834;24;;;10851;19;10853;22;;;10844.5;0.0
yf_BGS_d5;16400;ASH_COATED_OSMIUM;9921;14;9917;19;;;9927;19;9930;19;;;9924.0;0.0
yf_BGS_d5;16400;INTARIAN_PEPPER_ROOT;10840;10;10836;14;;;10851;20;10855;22;;;10845.5;0.0
yf_BGS_d5;16500;ASH_COATED_OSMIUM;9915;5;9913;20;;;9936;11;9940;18;;;9925.5;0.0
yf_BGS_d5;16500;INTARIAN_PEPPER_ROOT;10843;8;10841;21;;;10849;27;10852;15;;;10846.0;0.0
yf_BGS_d5;16600;ASH_COATED_OSMIUM;9922;23;9919;22;;;9928;21;9931;24;;;9925.0;0.0
yf_BGS_d5;16600;INTARIAN_PEPPER_ROOT;10833;8;10831;23;;;10861;8;10864;29;;;10847.0;0.0
yf_BGS_d5;16700;ASH_COATED_OSMIUM;9920;11;9917;9;;;9929;12;9932;29;;;9924.5;0.0
yf_BGS_d5;16700;INTARIAN_PEPPER_ROOT;10845;16;10843;17;;;10851;12;10853;17;;;10848.0;0.0
yf_BGS_d5;16800;ASH_COATED_OSMIUM;9922;15;9918;23;;;9928;7;9930;13;;;9925.0;0.0
yf_BGS_d5;16800;INTARIAN_PEPPER_ROOT;10846;11;10844;21;;;10852;14;10855;12;;;10849.0;0.0
yf_BGS_d5;16900;ASH_COATED_OSMIUM;9922;7;9919;23;;;9929;9;9932;16;;;9925.5;0.0
yf_BGS_d5;16900;INTARIAN_PEPPER_ROOT;10845;14;10841;18;;;10854;7;10857;12;;;10849.5;0.0
yf_BGS_d5;17000;ASH_COATED_OSMIUM;9919;27;9915;32;;;9932;19;9936;24;;;9925.5;0.0
yf_BGS_d5;17000;INTARIAN_PEPPER_ROOT;10847;14;10845;20;;;10853;25;10856;22;;;10850.0;0.0
yf_BGS_d5;17100;ASH_COATED_OSMIUM;9915;16;9911;21;;;9936;9;9940;18;;;9925.5;0.0
yf_BGS_d5;17100;INTARIAN_PEPPER_ROOT;10845;10;10841;18;;;10854;14;10857;10;;;10849.5;0.0
yf_BGS_d5;17200;ASH_COATED_OSMIUM;9919;12;9917;24;;;9933;12;9936;24;;;9926.0;0.0
yf_BGS_d5;17200;INTARIAN_PEPPER_ROOT;10844;22;10842;8;;;10853;16;10856;21;;;10848.5;0.0
yf_BGS_d5;17300;ASH_COATED_OSMIUM;9923;8;9921;24;;;9929;13;9932;14;;;9926.0;0.0
yf_BGS_d5;17300;INTARIAN_PEPPER_ROOT;10845;17;10842;28;;;10851;20;10855;28;;;10848.0;0.0
yf_BGS_d5;17400;ASH_COATED_OSMIUM;9917;7;9915;16;;;9933;16;9935;18;;;9925.0;0.0
yf_BGS_d5;17400;INTARIAN_PEPPER_ROOT;10845;9;10841;12;;;10851;20;10853;21;;;10848.0;0.0
yf_BGS_d5;17500;ASH_COATED_OSMIUM;9922;18;9920;16;;;9928;19;9931;15;;;9925.0;0.0
yf_BGS_d5;17500;INTARIAN_PEPPER_ROOT;10843;14;10839;31;;;10849;23;10851;13;;;10846.0;0.0
yf_BGS_d5;17600;ASH_COATED_OSMIUM;9922;14;9920;21;;;9929;18;9931;18;;;9925.5;0.0
yf_BGS_d5;17600;INTARIAN_PEPPER_ROOT;10843;13;10839;17;;;10849;11;10852;24;;;10846.0;0.0
yf_BGS_d5;17700;ASH_COATED_OSMIUM;9922;13;9919;23;;;9928;13;9932;18;;;9925.0;0.0
yf_BGS_d5;17700;INTARIAN_PEPPER_ROOT;10842;17;10839;25;;;10848;19;10851;18;;;10845.0;0.0
yf_BGS_d5;17800;ASH_COATED_OSMIUM;9923;5;9919;21;;;9929;19;9931;20;;;9926.0;0.0
yf_BGS_d5;17800;INTARIAN_PEPPER_ROOT;10841;16;10838;12;;;10847;16;10850;23;;;10844.0;0.0
yf_BGS_d5;17900;ASH_COATED_OSMIUM;9922;9;9918;11;;;9928;8;9930;21;;;9925.0;0.0
yf_BGS_d5;17900;INTARIAN_PEPPER_ROOT;10839;19;10836;24;;;10846;9;10850;25;;;10842.5;0.0
yf_BGS_d5;18000;ASH_COATED_OSMIUM;9923;19;9921;18;;;9929;6;9933;24;;;9926.0;0.0
yf_BGS_d5;18000;INTARIAN_PEPPER_ROOT;10839;15;10835;25;;;10845;16;10847;24;;;10842.0;0.0
yf_BGS_d5;18100;ASH_COATED_OSMIUM;9915;10;9911;16;;;9937;20;9940;17;;;9926.0;0.0
yf_BGS_d5;18100;INTARIAN_PEPPER_ROOT;10839;12;10837;28;;;10845;21;10849;12;;;10842.0;0.0
yf_BGS_d5;18200;ASH_COATED_OSMIUM;9923;14;9921;24;;;9929;18;9932;24;;;9926.0;0.0
yf_BGS_d5;18200;INTARIAN_PEPPER_ROOT;10833;13;10829;20;;;10848;14;10851;21;;;10840.5;0.0
yf_BGS_d5;18300;ASH_COATED_OSMIUM;9923;12;9919;18;;;9929;25;9933;15;;;9926.0;0.0
yf_BGS_d5;18300;INTARIAN_PEPPER_ROOT;10833;17;10831;15;;;10845;5;10847;16;;;10839.0;0.0
yf_BGS_d5;18400;ASH_COATED_OSMIUM;9922;15;9919;14;;;9930;11;9932;25;;;9926.0;0.0
yf_BGS_d5;18400;INTARIAN_PEPPER_ROOT;10837;13;10834;19;;;10843;9;10847;22;;;10840.0;0.0
yf_BGS_d5;18500;ASH_COATED_OSMIUM;9923;13;9919;25;;;9929;16;9931;19;;;9926.0;0.0
yf_BGS_d5;18500;INTARIAN_PEPPER_ROOT;10835;18;10832;22;;;10842;7;10845;23;;;10838.5;0.0
yf_BGS_d5;18600;ASH_COATED_OSMIUM;9923;5;9921;17;;;9929;8;9932;21;;;9926.0;0.0
yf_BGS_d5;18600;INTARIAN_PEPPER_ROOT;10835;8;10831;23;;;10841;18;10845;26;;;10838.0;0.0
yf_BGS_d5;18700;ASH_COATED_OSMIUM;9923;13;9919;14;;;9929;22;9932;19;;;9926.0;0.0
yf_BGS_d5;18700;INTARIAN_PEPPER_ROOT;10833;8;10831;26;;;10839;22;10842;20;;;10836.0;0.0
yf_BGS_d5;18800;ASH_COATED_OSMIUM;9918;15;9915;23;;;9934;21;9937;19;;;9926.0;0.0
yf_BGS_d5;18800;INTARIAN_PEPPER_ROOT;10834;10;10832;18;;;10840;11;10842;19;;;10837.0;0.0
yf_BGS_d5;18900;ASH_COATED_OSMIUM;9914;8;9912;19;;;9939;14;9943;13;;;9926.5;0.0
yf_BGS_d5;18900;INTARIAN_PEPPER_ROOT;10832;20;10830;23;;;10838;19;10840;16;;;10835.0;0.0
yf_BGS_d5;19000;ASH_COATED_OSMIUM;9924;11;9921;23;;;9930;22;9933;19;;;9927.0;0.0
yf_BGS_d5;19000;INTARIAN_PEPPER_ROOT;10832;14;10828;16;;;10838;19;10840;12;;;10835.0;0.0
yf_BGS_d5;19100;ASH_COATED_OSMIUM;9923;11;9919;17;;;9929;8;9932;23;;;9926.0;0.0
yf_BGS_d5;19100;INTARIAN_PEPPER_ROOT;10831;6;10829;20;;;10837;17;10840;26;;;10834.0;0.0
yf_BGS_d5;19200;ASH_COATED_OSMIUM;9924;11;9920;28;;;9930;12;9932;23;;;9927.0;0.0
yf_BGS_d5;19200;INTARIAN_PEPPER_ROOT;10830;16;10826;14;;;10836;22;10840;12;;;10833.0;0.0
yf_BGS_d5;19300;ASH_COATED_OSMIUM;9924;10;9922;15;;;9930;20;9932;22;;;9927.0;0.0
yf_BGS_d5;19300;INTARIAN_PEPPER_ROOT;10829;15;10826;21;;;10835;26;10838;21;;;10832.0;0.0
yf_BGS_d5;19400;ASH_COATED_OSMIUM;9924;16;9922;14;;;9931;15;9934;20;;;9927.5;0.0
yf_BGS_d5;19400;INTARIAN_PEPPER_ROOT;10822;13;10820;13;;;10840;20;10843;10;;;10831.0;0.0
yf_BGS_d5;19500;ASH_COATED_OSMIUM;9923;20;9920;17;;;9931;15;9935;26;;;9927.0;0.0
yf_BGS_d5;19500;INTARIAN_PEPPER_ROOT;10822;9;10818;24;;;10838;9;10842;15;;;10830.0;0.0
yf_BGS_d5;19600;ASH_COATED_OSMIUM;9924;8;9920;18;;;9930;17;9933;27;;;9927.0;0.0
yf_BGS_d5;19600;INTARIAN_PEPPER_ROOT;10821;7;10817;18;;;10838;19;10840;12;;;10829.5;0.0
yf_BGS_d5;19700;ASH_COATED_OSMIUM;9922;12;9920;21;;;9931;17;9934;22;;;9926.5;0.0
yf_BGS_d5;19700;INTARIAN_PEPPER_ROOT;10826;15;10823;20;;;10832;18;10836;21;;;10829.0;0.0
yf_BGS_d5;19800;ASH_COATED_OSMIUM;9924;19;9920;21;;;9930;12;9934;23;;;9927.0;0.0
yf_BGS_d5;19800;INTARIAN_PEPPER_ROOT;10825;11;10822;18;;;10831;8;10834;17;;;10828.0;0.0
yf_BGS_d5;19900;ASH_COATED_OSMIUM;9924;18;9922;14;;;9930;10;9933;22;;;9927.0;0.0
yf_BGS_d5;19900;INTARIAN_PEPPER_ROOT;10825;15;10823;13;;;10831;19;10833;15;;;10828.0;0.0
yf_BGS_d5;20000;ASH_COATED_OSMIUM;9923;6;9919;20;;;9931;8;9935;19;;;9927.0;0.0
yf_BGS_d5;20000;INTARIAN_PEPPER_ROOT;10824;22;10822;15;;;10830;19;10832;26;;;10827.0;0.0
yf_BGS_d5;20100;ASH_COATED_OSMIUM;9921;13;9919;16;;;9933;20;9937;28;;;9927.0;0.0
yf_BGS_d5;20100;INTARIAN_PEPPER_ROOT;10823;10;10819;20;;;10829;10;10831;19;;;10826.0;0.0
yf_BGS_d5;20200;ASH_COATED_OSMIUM;9923;21;9919;17;;;9929;12;9932;20;;;9926.0;0.0
yf_BGS_d5;20200;INTARIAN_PEPPER_ROOT;10816;9;10814;22;;;10835;15;10839;16;;;10825.5;0.0
yf_BGS_d5;20300;ASH_COATED_OSMIUM;9919;8;9915;25;;;9934;22;9938;20;;;9926.5;0.0
yf_BGS_d5;20300;INTARIAN_PEPPER_ROOT;10821;14;10818;22;;;10827;14;10829;18;;;10824.0;0.0
yf_BGS_d5;20400;ASH_COATED_OSMIUM;9924;16;9921;22;;;9930;18;9934;31;;;9927.0;0.0
yf_BGS_d5;20400;INTARIAN_PEPPER_ROOT;10821;13;10817;24;;;10828;19;10831;15;;;10824.5;0.0
yf_BGS_d5;20500;ASH_COATED_OSMIUM;9924;9;9921;25;;;9930;13;9934;20;;;9927.0;0.0
yf_BGS_d5;20500;INTARIAN_PEPPER_ROOT;10820;19;10816;25;;;10826;11;10829;14;;;10823.0;0.0
yf_BGS_d5;20600;ASH_COATED_OSMIUM;9912;23;9909;17;;;9942;16;9946;27;;;9927.0;0.0
yf_BGS_d5;20600;INTARIAN_PEPPER_ROOT;10816;18;10812;19;;;10829;16;10833;16;;;10822.5;0.0
yf_BGS_d5;20700;ASH_COATED_OSMIUM;9924;16;9922;19;;;9930;13;9933;21;;;9927.0;0.0
yf_BGS_d5;20700;INTARIAN_PEPPER_ROOT;10819;18;10815;20;;;10825;23;10828;20;;;10822.0;0.0
yf_BGS_d5;20800;ASH_COATED_OSMIUM;9924;11;9921;12;;;9930;10;9934;31;;;9927.0;0.0
yf_BGS_d5;20800;INTARIAN_PEPPER_ROOT;10817;16;10813;17;;;10823;5;10825;22;;;10820.0;0.0
yf_BGS_d5;20900;ASH_COATED_OSMIUM;9924;14;9921;10;;;9930;11;9932;18;;;9927.0;0.0
yf_BGS_d5;20900;INTARIAN_PEPPER_ROOT;10816;14;10814;26;;;10822;18;10826;21;;;10819.0;0.0
yf_BGS_d5;21000;ASH_COATED_OSMIUM;9922;24;9918;17;;;9933;15;9935;15;;;9927.5;0.0
yf_BGS_d5;21000;INTARIAN_PEPPER_ROOT;10816;21;10814;22;;;10822;26;10826;20;;;10819.0;0.0
yf_BGS_d5;21100;ASH_COATED_OSMIUM;9924;12;9922;19;;;9930;12;9932;14;;;9927.0;0.0
yf_BGS_d5;21100;INTARIAN_PEPPER_ROOT;10814;15;10811;11;;;10824;20;10827;14;;;10819.0;0.0
yf_BGS_d5;21200;ASH_COATED_OSMIUM;9924;22;9921;25;;;9930;9;9932;20;;;9927.0;0.0
yf_BGS_d5;21200;INTARIAN_PEPPER_ROOT;10815;16;10813;18;;;10821;5;10825;24;;;10818.0;0.0
yf_BGS_d5;21300;ASH_COATED_OSMIUM;9924;18;9921;19;;;9930;13;9933;29;;;9927.0;0.0
yf_BGS_d5;21300;INTARIAN_PEPPER_ROOT;10803;18;10799;14;;;10830;10;10832;12;;;10816.5;0.0
yf_BGS_d5;21400;ASH_COATED_OSMIUM;9919;12;9917;20;;;9935;23;9937;18;;;9927.0;0.0
yf_BGS_d5;21400;INTARIAN_PEPPER_ROOT;10813;13;10811;19;;;10819;10;10822;32;;;10816.0;0.0
yf_BGS_d5;21500;ASH_COATED_OSMIUM;9920;14;9917;16;;;9936;5;9940;17;;;9928.0;0.0
yf_BGS_d5;21500;INTARIAN_PEPPER_ROOT;10812;14;10808;18;;;10818;25;10821;17;;;10815.0;0.0
yf_BGS_d5;21600;ASH_COATED_OSMIUM;9918;18;9915;8;;;9936;12;9939;21;;;9927.0;0.0
yf_BGS_d5;21600;INTARIAN_PEPPER_ROOT;10811;17;10809;19;;;10817;8;10821;19;;;10814.0;0.0
yf_BGS_d5;21700;ASH_COATED_OSMIUM;9919;6;9916;21;;;9936;14;9940;24;;;9927.5;0.0
yf_BGS_d5;21700;INTARIAN_PEPPER_ROOT;10810;16;10807;23;;;10816;13;10820;18;;;10813.0;0.0
yf_BGS_d5;21800;ASH_COATED_OSMIUM;9925;22;9921;20;;;9931;7;9933;15;;;9928.0;0.0
yf_BGS_d5;21800;INTARIAN_PEPPER_ROOT;10810;14;10808;16;;;10816;11;10819;23;;;10813.0;0.0
yf_BGS_d5;21900;ASH_COATED_OSMIUM;9922;14;9920;18;;;9934;12;9938;20;;;9928.0;0.0
yf_BGS_d5;21900;INTARIAN_PEPPER_ROOT;10808;15;10806;16;;;10814;10;10816;21;;;10811.0;0.0
yf_BGS_d5;22000;ASH_COATED_OSMIUM;9925;16;9921;18;;;9931;20;9933;8;;;9928.0;0.0
yf_BGS_d5;22000;INTARIAN_PEPPER_ROOT;10808;13;10804;27;;;10814;21;10818;21;;;10811.0;0.0
yf_BGS_d5;22100;ASH_COATED_OSMIUM;9924;16;9921;22;;;9933;11;9936;17;;;9928.5;0.0
yf_BGS_d5;22100;INTARIAN_PEPPER_ROOT;10805;18;10801;26;;;10816;24;10818;14;;;10810.5;0.0
yf_BGS_d5;22200;ASH_COATED_OSMIUM;9925;15;9922;18;;;9931;15;9933;19;;;9928.0;0.0
yf_BGS_d5;22200;INTARIAN_PEPPER_ROOT;10798;13;10795;18;;;10821;11;10825;13;;;10809.5;0.0
yf_BGS_d5;22300;ASH_COATED_OSMIUM;9925;11;9921;13;;;9931;18;9935;16;;;9928.0;0.0
yf_BGS_d5;22300;INTARIAN_PEPPER_ROOT;10806;5;10804;20;;;10812;21;10816;23;;;10809.0;0.0
yf_BGS_d5;22400;ASH_COATED_OSMIUM;9925;17;9922;14;;;9932;8;9936;12;;;9928.5;0.0
yf_BGS_d5;22400;INTARIAN_PEPPER_ROOT;10801;20;10797;19;;;10815;16;10819;22;;;10808.0;0.0
yf_BGS_d5;22500;ASH_COATED_OSMIUM;9925;14;9922;25;;;9931;20;9935;22;;;9928.0;0.0
yf_BGS_d5;22500;INTARIAN_PEPPER_ROOT;10803;17;10800;18;;;10812;18;10815;11;;;10807.5;0.0
yf_BGS_d5;22600;ASH_COATED_OSMIUM;9919;9;9916;21;;;9935;9;9937;27;;;9927.0;0.0
yf_BGS_d5;22600;INTARIAN_PEPPER_ROOT;10804;11;10801;19;;;10810;12;10813;21;;;10807.0;0.0
yf_BGS_d5;22700;ASH_COATED_OSMIUM;9925;19;9921;17;;;9931;20;9934;16;;;9928.0;0.0
yf_BGS_d5;22700;INTARIAN_PEPPER_ROOT;10803;12;10801;16;;;10809;17;10811;18;;;10806.0;0.0
yf_BGS_d5;22800;ASH_COATED_OSMIUM;9925;19;9923;17;;;9931;8;9935;25;;;9928.0;0.0
yf_BGS_d5;22800;INTARIAN_PEPPER_ROOT;10798;12;10794;20;;;10811;15;10813;20;;;10804.5;0.0
yf_BGS_d5;22900;ASH_COATED_OSMIUM;9925;18;9921;15;;;9931;14;9935;20;;;9928.0;0.0
yf_BGS_d5;22900;INTARIAN_PEPPER_ROOT;10801;11;10799;21;;;10807;26;10810;14;;;10804.0;0.0
yf_BGS_d5;23000;ASH_COATED_OSMIUM;9923;18;9919;26;;;9933;13;9936;22;;;9928.0;0.0
yf_BGS_d5;23000;INTARIAN_PEPPER_ROOT;10801;10;10798;16;;;10807;15;10809;19;;;10804.0;0.0
yf_BGS_d5;23100;ASH_COATED_OSMIUM;9915;20;9912;22;;;9942;18;9946;18;;;9928.5;0.0
yf_BGS_d5;23100;INTARIAN_PEPPER_ROOT;10799;13;10796;18;;;10807;8;10810;15;;;10803.0;0.0
yf_BGS_d5;23200;ASH_COATED_OSMIUM;9925;25;9921;22;;;9931;11;9934;13;;;9928.0;0.0
yf_BGS_d5;23200;INTARIAN_PEPPER_ROOT;10799;21;10797;15;;;10805;17;10809;16;;;10802.0;0.0
yf_BGS_d5;23300;ASH_COATED_OSMIUM;9924;16;9922;8;;;9933;17;9936;22;;;9928.5;0.0
yf_BGS_d5;23300;INTARIAN_PEPPER_ROOT;10792;11;10789;21;;;10809;14;10812;22;;;10800.5;0.0
yf_BGS_d5;23400;ASH_COATED_OSMIUM;9925;20;9921;22;;;9931;12;9935;12;;;9928.0;0.0
yf_BGS_d5;23400;INTARIAN_PEPPER_ROOT;10790;13;10787;16;;;10810;16;10814;12;;;10800.0;0.0
yf_BGS_d5;23500;ASH_COATED_OSMIUM;9925;16;9922;23;;;9933;11;9936;12;;;9929.0;0.0
yf_BGS_d5;23500;INTARIAN_PEPPER_ROOT;10797;22;10795;20;;;10803;17;10805;21;;;10800.0;0.0
yf_BGS_d5;23600;ASH_COATED_OSMIUM;9925;11;9923;13;;;9932;7;9934;19;;;9928.5;0.0
yf_BGS_d5;23600;INTARIAN_PEPPER_ROOT;10796;16;10793;19;;;10802;9;10804;18;;;10799.0;0.0
yf_BGS_d5;23700;ASH_COATED_OSMIUM;9920;19;9918;8;;;9938;19;9941;20;;;9929.0;0.0
yf_BGS_d5;23700;INTARIAN_PEPPER_ROOT;10795;17;10791;16;;;10801;5;10805;20;;;10798.0;0.0
yf_BGS_d5;23800;ASH_COATED_OSMIUM;9924;10;9920;25;;;9934;16;9936;23;;;9929.0;0.0
yf_BGS_d5;23800;INTARIAN_PEPPER_ROOT;10794;16;10791;22;;;10800;5;10802;15;;;10797.0;0.0
yf_BGS_d5;23900;ASH_COATED_OSMIUM;9926;21;9924;17;;;9932;19;9935;21;;;9929.0;0.0
yf_BGS_d5;23900;INTARIAN_PEPPER_ROOT;10793;14;10790;19;;;10799;5;10801;8;;;10796.0;0.0
yf_BGS_d5;24000;ASH_COATED_OSMIUM;9927;11;9924;21;;;9933;9;9937;20;;;9930.0;0.0
yf_BGS_d5;24000;INTARIAN_PEPPER_ROOT;10782;17;10780;25;;;10809;15;10812;20;;;10795.5;0.0
yf_BGS_d5;24100;ASH_COATED_OSMIUM;9915;16;9911;21;;;9942;19;9944;12;;;9928.5;0.0
yf_BGS_d5;24100;INTARIAN_PEPPER_ROOT;10791;17;10789;15;;;10798;15;10801;14;;;10794.5;0.0
yf_BGS_d5;24200;ASH_COATED_OSMIUM;9924;5;9922;26;;;9934;19;9936;17;;;9929.0;0.0
yf_BGS_d5;24200;INTARIAN_PEPPER_ROOT;10791;18;10787;20;;;10797;26;10800;24;;;10794.0;0.0
yf_BGS_d5;24300;ASH_COATED_OSMIUM;9918;13;9916;17;;;9941;18;9943;20;;;9929.5;0.0
yf_BGS_d5;24300;INTARIAN_PEPPER_ROOT;10790;13;10787;14;;;10796;12;10799;20;;;10793.0;0.0
yf_BGS_d5;24400;ASH_COATED_OSMIUM;9925;25;9923;17;;;9931;14;9933;19;;;9928.0;0.0
yf_BGS_d5;24400;INTARIAN_PEPPER_ROOT;10789;16;10787;17;;;10796;13;10798;15;;;10792.5;0.0
yf_BGS_d5;24500;ASH_COATED_OSMIUM;9926;11;9922;27;;;9932;17;9935;16;;;9929.0;0.0
yf_BGS_d5;24500;INTARIAN_PEPPER_ROOT;10789;7;10787;22;;;10795;7;10799;8;;;10792.0;0.0
yf_BGS_d5;24600;ASH_COATED_OSMIUM;9926;15;9924;25;;;9932;13;9935;17;;;9929.0;0.0
yf_BGS_d5;24600;INTARIAN_PEPPER_ROOT;10787;16;10783;21;;;10793;8;10796;20;;;10790.0;0.0
yf_BGS_d5;24700;ASH_COATED_OSMIUM;9926;10;9924;16;;;9932;11;9934;17;;;9929.0;0.0
yf_BGS_d5;24700;INTARIAN_PEPPER_ROOT;10787;16;10785;17;;;10793;14;10796;30;;;10790.0;0.0
yf_BGS_d5;24800;ASH_COATED_OSMIUM;9926;14;9924;18;;;9932;5;9934;20;;;9929.0;0.0
yf_BGS_d5;24800;INTARIAN_PEPPER_ROOT;10786;13;10782;16;;;10792;14;10795;10;;;10789.0;0.0
yf_BGS_d5;24900;ASH_COATED_OSMIUM;9926;12;9923;17;;;9932;7;9934;17;;;9929.0;0.0
yf_BGS_d5;24900;INTARIAN_PEPPER_ROOT;10785;16;10781;27;;;10793;18;10797;15;;;10789.0;0.0
yf_BGS_d5;25000;ASH_COATED_OSMIUM;9923;10;9920;12;;;9935;21;9937;21;;;9929.0;0.0
yf_BGS_d5;25000;INTARIAN_PEPPER_ROOT;10776;15;10772;11;;;10800;12;10803;23;;;10788.0;0.0
yf_BGS_d5;25100;ASH_COATED_OSMIUM;9926;11;9923;21;;;9932;19;9936;18;;;9929.0;0.0
yf_BGS_d5;25100;INTARIAN_PEPPER_ROOT;10784;11;10782;18;;;10790;8;10792;15;;;10787.0;0.0
yf_BGS_d5;25200;ASH_COATED_OSMIUM;9926;27;9922;17;;;9932;22;9934;17;;;9929.0;0.0
yf_BGS_d5;25200;INTARIAN_PEPPER_ROOT;10783;10;10781;23;;;10789;6;10792;18;;;10786.0;0.0
yf_BGS_d5;25300;ASH_COATED_OSMIUM;9926;10;9924;29;;;9932;12;9934;21;;;9929.0;0.0
yf_BGS_d5;25300;INTARIAN_PEPPER_ROOT;10783;23;10779;21;;;10789;17;10791;28;;;10786.0;0.0
yf_BGS_d5;25400;ASH_COATED_OSMIUM;9924;6;9922;24;;;9935;17;9938;17;;;9929.5;0.0
yf_BGS_d5;25400;INTARIAN_PEPPER_ROOT;10782;10;10778;8;;;10788;18;10791;23;;;10785.0;0.0
yf_BGS_d5;25500;ASH_COATED_OSMIUM;9927;20;9923;21;;;9933;11;9936;13;;;9930.0;0.0
yf_BGS_d5;25500;INTARIAN_PEPPER_ROOT;10781;11;10779;12;;;10787;11;10791;12;;;10784.0;0.0
yf_BGS_d5;25600;ASH_COATED_OSMIUM;9927;24;9923;22;;;9933;13;9937;20;;;9930.0;0.0
yf_BGS_d5;25600;INTARIAN_PEPPER_ROOT;10780;22;10776;13;;;10786;22;10789;21;;;10783.0;0.0
yf_BGS_d5;25700;ASH_COATED_OSMIUM;9923;5;9919;18;;;9938;18;9942;15;;;9930.5;0.0
yf_BGS_d5;25700;INTARIAN_PEPPER_ROOT;10779;9;10777;20;;;10785;12;10789;19;;;10782.0;0.0
yf_BGS_d5;25800;ASH_COATED_OSMIUM;9927;15;9924;18;;;9933;15;9936;26;;;9930.0;0.0
yf_BGS_d5;25800;INTARIAN_PEPPER_ROOT;10778;22;10774;15;;;10784;24;10786;16;;;10781.0;0.0
yf_BGS_d5;25900;ASH_COATED_OSMIUM;9927;19;9925;25;;;9933;13;9936;24;;;9930.0;0.0
yf_BGS_d5;25900;INTARIAN_PEPPER_ROOT;10778;12;10774;21;;;10784;14;10786;28;;;10781.0;0.0
yf_BGS_d5;26000;ASH_COATED_OSMIUM;9925;14;9922;17;;;9934;18;9938;12;;;9929.5;0.0
yf_BGS_d5;26000;INTARIAN_PEPPER_ROOT;10777;20;10774;27;;;10783;26;10786;13;;;10780.0;0.0
yf_BGS_d5;26100;ASH_COATED_OSMIUM;9926;17;9924;27;;;9935;16;9939;29;;;9930.5;0.0
yf_BGS_d5;26100;INTARIAN_PEPPER_ROOT;10773;17;10770;17;;;10786;12;10790;22;;;10779.5;0.0
yf_BGS_d5;26200;ASH_COATED_OSMIUM;9927;18;9923;19;;;9933;10;9937;22;;;9930.0;0.0
yf_BGS_d5;26200;INTARIAN_PEPPER_ROOT;10776;9;10774;16;;;10782;15;10786;16;;;10779.0;0.0
yf_BGS_d5;26300;ASH_COATED_OSMIUM;9927;20;9923;26;;;9933;12;9935;24;;;9930.0;0.0
yf_BGS_d5;26300;INTARIAN_PEPPER_ROOT;10771;18;10769;19;;;10785;24;10788;10;;;10778.0;0.0
yf_BGS_d5;26400;ASH_COATED_OSMIUM;9923;17;9920;21;;;9938;17;9941;19;;;9930.5;0.0
yf_BGS_d5;26400;INTARIAN_PEPPER_ROOT;10774;14;10771;19;;;10780;28;10784;15;;;10777.0;0.0
yf_BGS_d5;26500;ASH_COATED_OSMIUM;9927;5;9925;25;;;9933;15;9937;15;;;9930.0;0.0
yf_BGS_d5;26500;INTARIAN_PEPPER_ROOT;10773;5;10769;24;;;10779;11;10783;21;;;10776.0;0.0
yf_BGS_d5;26600;ASH_COATED_OSMIUM;9926;15;9923;22;;;9934;13;9938;19;;;9930.0;0.0
yf_BGS_d5;26600;INTARIAN_PEPPER_ROOT;10772;11;10769;20;;;10778;14;10782;16;;;10775.0;0.0
yf_BGS_d5;26700;ASH_COATED_OSMIUM;9927;21;9925;24;;;9933;10;9937;12;;;9930.0;0.0
yf_BGS_d5;26700;INTARIAN_PEPPER_ROOT;10764;14;10760;17;;;10786;16;10789;13;;;10775.0;0.0
yf_BGS_d5;26800;ASH_COATED_OSMIUM;9928;9;9924;22;;;9934;17;9936;11;;;9931.0;0.0
yf_BGS_d5;26800;INTARIAN_PEPPER_ROOT;10770;14;10767;17;;;10778;15;10781;18;;;10774.0;0.0
yf_BGS_d5;26900;ASH_COATED_OSMIUM;9927;5;9923;17;;;9933;18;9936;29;;;9930.0;0.0
yf_BGS_d5;26900;INTARIAN_PEPPER_ROOT;10770;16;10768;21;;;10776;16;10779;27;;;10773.0;0.0
yf_BGS_d5;27000;ASH_COATED_OSMIUM;9928;6;9924;17;;;9934;12;9936;17;;;9931.0;0.0
yf_BGS_d5;27000;INTARIAN_PEPPER_ROOT;10769;10;10766;23;;;10776;10;10778;21;;;10772.5;0.0
yf_BGS_d5;27100;ASH_COATED_OSMIUM;9927;14;9924;24;;;9933;16;9937;16;;;9930.0;0.0
yf_BGS_d5;27100;INTARIAN_PEPPER_ROOT;10765;16;10761;21;;;10778;21;10780;8;;;10771.5;0.0
yf_BGS_d5;27200;ASH_COATED_OSMIUM;9927;15;9923;14;;;9933;8;9937;17;;;9930.0;0.0
yf_BGS_d5;27200;INTARIAN_PEPPER_ROOT;10762;12;10760;15;;;10780;17;10782;26;;;10771.0;0.0
yf_BGS_d5;27300;ASH_COATED_OSMIUM;9928;11;9925;21;;;9934;16;9938;11;;;9931.0;0.0
yf_BGS_d5;27300;INTARIAN_PEPPER_ROOT;10765;13;10762;17;;;10775;13;10777;19;;;10770.0;0.0
yf_BGS_d5;27400;ASH_COATED_OSMIUM;9928;17;9925;19;;;9934;13;9938;25;;;9931.0;0.0
yf_BGS_d5;27400;INTARIAN_PEPPER_ROOT;10762;11;10758;16;;;10775;14;10779;15;;;10768.5;0.0
yf_BGS_d5;27500;ASH_COATED_OSMIUM;9926;10;9924;17;;;9936;15;9940;23;;;9931.0;0.0
yf_BGS_d5;27500;INTARIAN_PEPPER_ROOT;10766;12;10762;16;;;10772;26;10775;21;;;10769.0;0.0
yf_BGS_d5;27600;ASH_COATED_OSMIUM;9927;14;9925;26;;;9933;5;9936;24;;;9930.0;0.0
yf_BGS_d5;27600;INTARIAN_PEPPER_ROOT;10762;21;10758;17;;;10773;16;10775;20;;;10767.5;0.0
yf_BGS_d5;27700;ASH_COATED_OSMIUM;9928;20;9924;16;;;9934;13;9937;12;;;9931.0;0.0
yf_BGS_d5;27700;INTARIAN_PEPPER_ROOT;10763;23;10761;20;;;10769;21;10773;11;;;10766.0;0.0
yf_BGS_d5;27800;ASH_COATED_OSMIUM;9925;8;9921;18;;;9937;17;9939;10;;;9931.0;0.0
yf_BGS_d5;27800;INTARIAN_PEPPER_ROOT;10763;8;10761;24;;;10769;17;10771;18;;;10766.0;0.0
yf_BGS_d5;27900;ASH_COATED_OSMIUM;9914;16;9912;21;;;9947;16;9950;13;;;9930.5;0.0
yf_BGS_d5;27900;INTARIAN_PEPPER_ROOT;10762;15;10758;21;;;10768;13;10772;14;;;10765.0;0.0
yf_BGS_d5;28000;ASH_COATED_OSMIUM;9928;14;9925;19;;;9934;17;9936;25;;;9931.0;0.0
yf_BGS_d5;28000;INTARIAN_PEPPER_ROOT;10759;21;10756;16;;;10771;11;10775;13;;;10765.0;0.0
yf_BGS_d5;28100;ASH_COATED_OSMIUM;9928;17;9924;15;;;9934;11;9938;27;;;9931.0;0.0
yf_BGS_d5;28100;INTARIAN_PEPPER_ROOT;10761;16;10759;21;;;10767;10;10771;21;;;10764.0;0.0
yf_BGS_d5;28200;ASH_COATED_OSMIUM;9927;14;9923;17;;;9933;11;9937;21;;;9930.0;0.0
yf_BGS_d5;28200;INTARIAN_PEPPER_ROOT;10757;10;10754;13;;;10768;24;10771;13;;;10762.5;0.0
yf_BGS_d5;28300;ASH_COATED_OSMIUM;9927;12;9924;17;;;9935;15;9939;25;;;9931.0;0.0
yf_BGS_d5;28300;INTARIAN_PEPPER_ROOT;10759;16;10755;18;;;10765;5;10769;22;;;10762.0;0.0
yf_BGS_d5;28400;ASH_COATED_OSMIUM;9928;18;9925;24;;;9934;22;9937;15;;;9931.0;0.0
yf_BGS_d5;28400;INTARIAN_PEPPER_ROOT;10758;12;10754;17;;;10764;7;10767;17;;;10761.0;0.0
yf_BGS_d5;28500;ASH_COATED_OSMIUM;9918;12;9915;12;;;9946;19;9948;16;;;9932.0;0.0
yf_BGS_d5;28500;INTARIAN_PEPPER_ROOT;10758;19;10756;13;;;10764;21;10767;12;;;10761.0;0.0
yf_BGS_d5;28600;ASH_COATED_OSMIUM;9928;12;9926;21;;;9934;15;9937;17;;;9931.0;0.0
yf_BGS_d5;28600;INTARIAN_PEPPER_ROOT;10752;21;10748;22;;;10767;9;10770;14;;;10759.5;0.0
yf_BGS_d5;28700;ASH_COATED_OSMIUM;9929;7;9925;24;;;9935;14;9938;24;;;9932.0;0.0
yf_BGS_d5;28700;INTARIAN_PEPPER_ROOT;10755;13;10753;19;;;10761;12;10764;25;;;10758.0;0.0
yf_BGS_d5;28800;ASH_COATED_OSMIUM;9925;9;9922;14;;;9938;12;9940;20;;;9931.5;0.0
yf_BGS_d5;28800;INTARIAN_PEPPER_ROOT;10752;18;10749;23;;;10765;18;10769;18;;;10758.5;0.0
yf_BGS_d5;28900;ASH_COATED_OSMIUM;9929;18;9925;31;;;9935;11;9938;15;;;9932.0;0.0
yf_BGS_d5;28900;INTARIAN_PEPPER_ROOT;10755;10;10753;19;;;10761;17;10764;20;;;10758.0;0.0
yf_BGS_d5;29000;ASH_COATED_OSMIUM;9929;10;9925;15;;;9935;19;9938;16;;;9932.0;0.0
yf_BGS_d5;29000;INTARIAN_PEPPER_ROOT;10754;8;10752;19;;;10760;15;10764;18;;;10757.0;0.0
yf_BGS_d5;29100;ASH_COATED_OSMIUM;9928;14;9925;24;;;9934;12;9937;15;;;9931.0;0.0
yf_BGS_d5;29100;INTARIAN_PEPPER_ROOT;10750;19;10748;25;;;10761;21;10765;19;;;10755.5;0.0
yf_BGS_d5;29200;ASH_COATED_OSMIUM;9928;25;9926;11;;;9934;10;9937;25;;;9931.0;0.0
yf_BGS_d5;29200;INTARIAN_PEPPER_ROOT;10749;15;10747;22;;;10761;14;10763;10;;;10755.0;0.0
yf_BGS_d5;29300;ASH_COATED_OSMIUM;9928;15;9924;23;;;9934;16;9938;15;;;9931.0;0.0
yf_BGS_d5;29300;INTARIAN_PEPPER_ROOT;10751;9;10748;13;;;10757;13;10761;14;;;10754.0;0.0
yf_BGS_d5;29400;ASH_COATED_OSMIUM;9929;18;9926;14;;;9935;7;9938;15;;;9932.0;0.0
yf_BGS_d5;29400;INTARIAN_PEPPER_ROOT;10751;11;10749;22;;;10757;10;10759;22;;;10754.0;0.0
yf_BGS_d5;29500;ASH_COATED_OSMIUM;9929;11;9926;18;;;9935;11;9937;18;;;9932.0;0.0
yf_BGS_d5;29500;INTARIAN_PEPPER_ROOT;10744;7;10741;16;;;10761;17;10765;20;;;10752.5;0.0
yf_BGS_d5;29600;ASH_COATED_OSMIUM;9923;21;9920;12;;;9940;12;9942;21;;;9931.5;0.0
yf_BGS_d5;29600;INTARIAN_PEPPER_ROOT;10750;14;10748;14;;;10756;14;10760;26;;;10753.0;0.0
yf_BGS_d5;29700;ASH_COATED_OSMIUM;9929;13;9926;22;;;9935;14;9939;19;;;9932.0;0.0
yf_BGS_d5;29700;INTARIAN_PEPPER_ROOT;10749;8;10747;22;;;10755;22;10759;19;;;10752.0;0.0
yf_BGS_d5;29800;ASH_COATED_OSMIUM;9928;15;9925;18;;;9934;19;9937;16;;;9931.0;0.0
yf_BGS_d5;29800;INTARIAN_PEPPER_ROOT;10747;12;10744;20;;;10753;21;10755;18;;;10750.0;0.0
yf_BGS_d5;29900;ASH_COATED_OSMIUM;9929;16;9925;23;;;9936;16;9938;20;;;9932.5;0.0
yf_BGS_d5;29900;INTARIAN_PEPPER_ROOT;10745;18;10743;11;;;10755;6;10759;16;;;10750.0;0.0
yf_BGS_d5;30000;ASH_COATED_OSMIUM;9929;8;9926;14;;;9935;20;9939;19;;;9932.0;0.0
yf_BGS_d5;30000;INTARIAN_PEPPER_ROOT;10744;16;10742;13;;;10754;26;10758;16;;;10749.0;0.0
yf_BGS_d5;30100;ASH_COATED_OSMIUM;9914;19;9912;24;;;9950;14;9952;27;;;9932.0;0.0
yf_BGS_d5;30100;INTARIAN_PEPPER_ROOT;10746;12;10742;26;;;10752;10;10756;12;;;10749.0;0.0
yf_BGS_d5;30200;ASH_COATED_OSMIUM;9929;15;9926;16;;;9935;20;9937;18;;;9932.0;0.0
yf_BGS_d5;30200;INTARIAN_PEPPER_ROOT;10744;5;10742;23;;;10750;7;10753;17;;;10747.0;0.0
yf_BGS_d5;30300;ASH_COATED_OSMIUM;9929;17;9925;22;;;9935;22;9938;12;;;9932.0;0.0
yf_BGS_d5;30300;INTARIAN_PEPPER_ROOT;10742;19;10738;14;;;10752;16;10754;23;;;10747.0;0.0
yf_BGS_d5;30400;ASH_COATED_OSMIUM;9929;17;9927;19;;;9937;8;9940;18;;;9933.0;0.0
yf_BGS_d5;30400;INTARIAN_PEPPER_ROOT;10738;15;10734;24;;;10755;9;10759;8;;;10746.5;0.0
yf_BGS_d5;30500;ASH_COATED_OSMIUM;9924;14;9922;19;;;9941;18;9944;20;;;9932.5;0.0
yf_BGS_d5;30500;INTARIAN_PEPPER_ROOT;10742;11;10739;24;;;10749;13;10753;27;;;10745.5;0.0
yf_BGS_d5;30600;ASH_COATED_OSMIUM;9926;16;9924;12;;;9939;13;9943;9;;;9932.5;0.0
yf_BGS_d5;30600;INTARIAN_PEPPER_ROOT;10740;15;10736;14;;;10749;6;10751;17;;;10744.5;0.0
yf_BGS_d5;30700;ASH_COATED_OSMIUM;9929;25;9927;25;;;9935;11;9938;24;;;9932.0;0.0
yf_BGS_d5;30700;INTARIAN_PEPPER_ROOT;10740;11;10737;18;;;10749;12;10753;21;;;10744.5;0.0
yf_BGS_d5;30800;ASH_COATED_OSMIUM;9930;5;9928;27;;;9936;18;9939;27;;;9933.0;0.0
yf_BGS_d5;30800;INTARIAN_PEPPER_ROOT;10740;14;10737;21;;;10746;15;10749;28;;;10743.0;0.0
yf_BGS_d5;30900;ASH_COATED_OSMIUM;9929;19;9925;14;;;9935;5;9938;18;;;9932.0;0.0
yf_BGS_d5;30900;INTARIAN_PEPPER_ROOT;10737;12;10733;25;;;10748;10;10750;20;;;10742.5;0.0
yf_BGS_d5;31000;ASH_COATED_OSMIUM;9929;21;9927;26;;;9935;8;9939;14;;;9932.0;0.0
yf_BGS_d5;31000;INTARIAN_PEPPER_ROOT;10738;14;10735;19;;;10744;7;10748;12;;;10741.0;0.0
yf_BGS_d5;31100;ASH_COATED_OSMIUM;9929;11;9927;17;;;9935;9;9939;19;;;9932.0;0.0
yf_BGS_d5;31100;INTARIAN_PEPPER_ROOT;10724;16;10720;26;;;10756;16;10758;19;;;10740.0;0.0
yf_BGS_d5;31200;ASH_COATED_OSMIUM;9918;14;9916;20;;;9948;21;9952;29;;;9933.0;0.0
yf_BGS_d5;31200;INTARIAN_PEPPER_ROOT;10730;18;10727;20;;;10749;9;10751;14;;;10739.5;0.0
yf_BGS_d5;31300;ASH_COATED_OSMIUM;9929;18;9926;17;;;9936;11;9938;17;;;9932.5;0.0
yf_BGS_d5;31300;INTARIAN_PEPPER_ROOT;10736;13;10734;28;;;10742;13;10745;18;;;10739.0;0.0
yf_BGS_d5;31400;ASH_COATED_OSMIUM;9930;9;9926;24;;;9936;13;9938;13;;;9933.0;0.0
yf_BGS_d5;31400;INTARIAN_PEPPER_ROOT;10735;18;10732;16;;;10741;25;10745;17;;;10738.0;0.0
yf_BGS_d5;31500;ASH_COATED_OSMIUM;9930;17;9927;20;;;9937;20;9940;27;;;9933.5;0.0
yf_BGS_d5;31500;INTARIAN_PEPPER_ROOT;10734;19;10731;23;;;10741;9;10745;13;;;10737.5;0.0
yf_BGS_d5;31600;ASH_COATED_OSMIUM;9927;19;9924;16;;;9937;10;9939;28;;;9932.0;0.0
yf_BGS_d5;31600;INTARIAN_PEPPER_ROOT;10734;19;10731;21;;;10740;13;10743;28;;;10737.0;0.0
yf_BGS_d5;31700;ASH_COATED_OSMIUM;9928;11;9926;13;;;9938;19;9941;22;;;9933.0;0.0
yf_BGS_d5;31700;INTARIAN_PEPPER_ROOT;10732;12;10729;19;;;10740;16;10742;31;;;10736.0;0.0
yf_BGS_d5;31800;ASH_COATED_OSMIUM;9930;7;9928;22;;;9936;26;9938;19;;;9933.0;0.0
yf_BGS_d5;31800;INTARIAN_PEPPER_ROOT;10732;14;10730;16;;;10738;17;10741;19;;;10735.0;0.0
yf_BGS_d5;31900;ASH_COATED_OSMIUM;9931;7;9929;21;;;9937;14;9940;22;;;9934.0;0.0
yf_BGS_d5;31900;INTARIAN_PEPPER_ROOT;10731;18;10727;19;;;10737;12;10739;18;;;10734.0;0.0
yf_BGS_d5;32000;ASH_COATED_OSMIUM;9928;20;9924;15;;;9938;10;9942;19;;;9933.0;0.0
yf_BGS_d5;32000;INTARIAN_PEPPER_ROOT;10731;16;10727;16;;;10737;15;10739;13;;;10734.0;0.0
yf_BGS_d5;32100;ASH_COATED_OSMIUM;9930;18;9927;21;;;9936;19;9940;17;;;9933.0;0.0
yf_BGS_d5;32100;INTARIAN_PEPPER_ROOT;10713;16;10709;23;;;10753;15;10756;21;;;10733.0;0.0
yf_BGS_d5;32200;ASH_COATED_OSMIUM;9930;13;9926;21;;;9936;10;9940;18;;;9933.0;0.0
yf_BGS_d5;32200;INTARIAN_PEPPER_ROOT;10729;19;10725;16;;;10735;11;10737;27;;;10732.0;0.0
yf_BGS_d5;32300;ASH_COATED_OSMIUM;9930;5;9926;15;;;9936;16;9938;22;;;9933.0;0.0
yf_BGS_d5;32300;INTARIAN_PEPPER_ROOT;10721;5;10718;17;;;10742;17;10746;15;;;10731.5;0.0
yf_BGS_d5;32400;ASH_COATED_OSMIUM;9921;9;9918;19;;;9946;16;9948;11;;;9933.5;0.0
yf_BGS_d5;32400;INTARIAN_PEPPER_ROOT;10727;17;10725;32;;;10733;12;10737;28;;;10730.0;0.0
yf_BGS_d5;32500;ASH_COATED_OSMIUM;9923;12;9920;24;;;9942;18;9944;14;;;9932.5;0.0
yf_BGS_d5;32500;INTARIAN_PEPPER_ROOT;10727;9;10723;22;;;10733;11;10736;16;;;10730.0;0.0
yf_BGS_d5;32600;ASH_COATED_OSMIUM;9931;12;9927;29;;;9937;13;9939;23;;;9934.0;0.0
yf_BGS_d5;32600;INTARIAN_PEPPER_ROOT;10723;11;10721;19;;;10736;18;10739;16;;;10729.5;0.0
yf_BGS_d5;32700;ASH_COATED_OSMIUM;9931;18;9928;20;;;9937;10;9940;24;;;9934.0;0.0
yf_BGS_d5;32700;INTARIAN_PEPPER_ROOT;10723;15;10720;26;;;10733;14;10737;8;;;10728.0;0.0
yf_BGS_d5;32800;ASH_COATED_OSMIUM;9929;25;9925;24;;;9939;18;9941;17;;;9934.0;0.0
yf_BGS_d5;32800;INTARIAN_PEPPER_ROOT;10725;10;10723;14;;;10731;27;10734;28;;;10728.0;0.0
yf_BGS_d5;32900;ASH_COATED_OSMIUM;9924;8;9922;17;;;9944;11;9948;18;;;9934.0;0.0
yf_BGS_d5;32900;INTARIAN_PEPPER_ROOT;10720;13;10717;21;;;10734;22;10737;12;;;10727.0;0.0
yf_BGS_d5;33000;ASH_COATED_OSMIUM;9931;7;9927;18;;;9937;16;9939;17;;;9934.0;0.0
yf_BGS_d5;33000;INTARIAN_PEPPER_ROOT;10709;18;10707;24;;;10743;21;10746;23;;;10726.0;0.0
yf_BGS_d5;33100;ASH_COATED_OSMIUM;9923;13;9921;17;;;9944;11;9946;22;;;9933.5;0.0
yf_BGS_d5;33100;INTARIAN_PEPPER_ROOT;10720;12;10718;19;;;10729;16;10731;21;;;10724.5;0.0
yf_BGS_d5;33200;ASH_COATED_OSMIUM;9930;15;9926;21;;;9936;5;9938;13;;;9933.0;0.0
yf_BGS_d5;33200;INTARIAN_PEPPER_ROOT;10721;17;10718;19;;;10727;19;10731;19;;;10724.0;0.0
yf_BGS_d5;33300;ASH_COATED_OSMIUM;9931;22;9928;19;;;9937;13;9941;24;;;9934.0;0.0
yf_BGS_d5;33300;INTARIAN_PEPPER_ROOT;10719;11;10716;22;;;10728;18;10730;19;;;10723.5;0.0
yf_BGS_d5;33400;ASH_COATED_OSMIUM;9931;14;9927;15;;;9937;19;9939;27;;;9934.0;0.0
yf_BGS_d5;33400;INTARIAN_PEPPER_ROOT;10719;18;10716;24;;;10725;14;10728;19;;;10722.0;0.0
yf_BGS_d5;33500;ASH_COATED_OSMIUM;9931;5;9928;16;;;9937;12;9941;14;;;9934.0;0.0
yf_BGS_d5;33500;INTARIAN_PEPPER_ROOT;10719;12;10716;32;;;10725;23;10729;28;;;10722.0;0.0
yf_BGS_d5;33600;ASH_COATED_OSMIUM;9930;17;9927;19;;;9938;17;9941;26;;;9934.0;0.0
yf_BGS_d5;33600;INTARIAN_PEPPER_ROOT;10713;10;10711;24;;;10730;16;10732;19;;;10721.5;0.0
yf_BGS_d5;33700;ASH_COATED_OSMIUM;9931;23;9927;14;;;9937;16;9940;16;;;9934.0;0.0
yf_BGS_d5;33700;INTARIAN_PEPPER_ROOT;10717;8;10713;19;;;10723;15;10727;19;;;10720.0;0.0
yf_BGS_d5;33800;ASH_COATED_OSMIUM;9931;12;9928;21;;;9937;11;9940;10;;;9934.0;0.0
yf_BGS_d5;33800;INTARIAN_PEPPER_ROOT;10710;23;10707;25;;;10729;12;10732;17;;;10719.5;0.0
yf_BGS_d5;33900;ASH_COATED_OSMIUM;9930;13;9926;23;;;9939;6;9942;21;;;9934.5;0.0
yf_BGS_d5;33900;INTARIAN_PEPPER_ROOT;10716;11;10714;21;;;10722;18;10724;13;;;10719.0;0.0
yf_BGS_d5;34000;ASH_COATED_OSMIUM;9931;13;9928;27;;;9937;11;9939;17;;;9934.0;0.0
yf_BGS_d5;34000;INTARIAN_PEPPER_ROOT;10717;18;10714;18;;;10723;6;10725;23;;;10720.0;0.0
yf_BGS_d5;34100;ASH_COATED_OSMIUM;9927;20;9923;21;;;9941;7;9943;16;;;9934.0;0.0
yf_BGS_d5;34100;INTARIAN_PEPPER_ROOT;10718;23;10715;21;;;10724;14;10728;19;;;10721.0;0.0
yf_BGS_d5;34200;ASH_COATED_OSMIUM;9921;15;9917;18;;;9948;15;9950;24;;;9934.5;0.0
yf_BGS_d5;34200;INTARIAN_PEPPER_ROOT;10719;11;10716;27;;;10725;10;10729;20;;;10722.0;0.0
yf_BGS_d5;34300;ASH_COATED_OSMIUM;9932;19;9929;15;;;9938;19;9940;17;;;9935.0;0.0
yf_BGS_d5;34300;INTARIAN_PEPPER_ROOT;10720;8;10718;26;;;10726;15;10728;21;;;10723.0;0.0
yf_BGS_d5;34400;ASH_COATED_OSMIUM;9931;10;9929;20;;;9937;17;9939;22;;;9934.0;0.0
yf_BGS_d5;34400;INTARIAN_PEPPER_ROOT;10714;12;10710;14;;;10734;13;10736;27;;;10724.0;0.0
yf_BGS_d5;34500;ASH_COATED_OSMIUM;9932;5;9928;24;;;9938;19;9942;14;;;9935.0;0.0
yf_BGS_d5;34500;INTARIAN_PEPPER_ROOT;10722;14;10720;17;;;10728;16;10730;23;;;10725.0;0.0
yf_BGS_d5;34600;ASH_COATED_OSMIUM;9915;12;9912;18;;;9955;17;9958;16;;;9935.0;0.0
yf_BGS_d5;34600;INTARIAN_PEPPER_ROOT;10722;10;10718;23;;;10728;11;10731;24;;;10725.0;0.0
yf_BGS_d5;34700;ASH_COATED_OSMIUM;9927;10;9923;17;;;9942;12;9945;23;;;9934.5;0.0
yf_BGS_d5;34700;INTARIAN_PEPPER_ROOT;10724;19;10720;17;;;10730;16;10732;10;;;10727.0;0.0
yf_BGS_d5;34800;ASH_COATED_OSMIUM;9932;24;9929;17;;;9938;18;9941;17;;;9935.0;0.0
yf_BGS_d5;34800;INTARIAN_PEPPER_ROOT;10717;6;10713;25;;;10739;6;10742;13;;;10728.0;0.0
yf_BGS_d5;34900;ASH_COATED_OSMIUM;9932;23;9930;18;;;9938;14;9942;21;;;9935.0;0.0
yf_BGS_d5;34900;INTARIAN_PEPPER_ROOT;10725;21;10722;19;;;10732;16;10736;10;;;10728.5;0.0
yf_BGS_d5;35000;ASH_COATED_OSMIUM;9927;17;9924;21;;;9943;12;9945;14;;;9935.0;0.0
yf_BGS_d5;35000;INTARIAN_PEPPER_ROOT;10726;21;10723;24;;;10732;10;10734;24;;;10729.0;0.0
yf_BGS_d5;35100;ASH_COATED_OSMIUM;9932;18;9929;19;;;9938;18;9941;22;;;9935.0;0.0
yf_BGS_d5;35100;INTARIAN_PEPPER_ROOT;10723;18;10721;18;;;10736;13;10738;21;;;10729.5;0.0
yf_BGS_d5;35200;ASH_COATED_OSMIUM;9931;17;9929;21;;;9940;14;9944;21;;;9935.5;0.0
yf_BGS_d5;35200;INTARIAN_PEPPER_ROOT;10723;18;10721;21;;;10740;25;10743;15;;;10731.5;0.0
yf_BGS_d5;35300;ASH_COATED_OSMIUM;9927;15;9923;16;;;9942;11;9944;15;;;9934.5;0.0
yf_BGS_d5;35300;INTARIAN_PEPPER_ROOT;10728;7;10726;18;;;10737;7;10741;23;;;10732.5;0.0
yf_BGS_d5;35400;ASH_COATED_OSMIUM;9932;12;9928;27;;;9938;11;9940;23;;;9935.0;0.0
yf_BGS_d5;35400;INTARIAN_PEPPER_ROOT;10730;21;10728;15;;;10736;13;10738;23;;;10733.0;0.0
yf_BGS_d5;35500;ASH_COATED_OSMIUM;9931;17;9928;20;;;9940;25;9944;15;;;9935.5;0.0
yf_BGS_d5;35500;INTARIAN_PEPPER_ROOT;10732;18;10730;18;;;10738;19;10740;15;;;10735.0;0.0
yf_BGS_d5;35600;ASH_COATED_OSMIUM;9933;15;9929;18;;;9939;13;9941;30;;;9936.0;0.0
yf_BGS_d5;35600;INTARIAN_PEPPER_ROOT;10732;12;10728;18;;;10738;18;10740;20;;;10735.0;0.0
yf_BGS_d5;35700;ASH_COATED_OSMIUM;9932;21;9928;15;;;9938;18;9941;21;;;9935.0;0.0
yf_BGS_d5;35700;INTARIAN_PEPPER_ROOT;10733;19;10729;18;;;10739;21;10742;27;;;10736.0;0.0
yf_BGS_d5;35800;ASH_COATED_OSMIUM;9933;23;9931;20;;;9939;16;9941;20;;;9936.0;0.0
yf_BGS_d5;35800;INTARIAN_PEPPER_ROOT;10720;15;10717;18;;;10754;27;10758;22;;;10737.0;0.0
yf_BGS_d5;35900;ASH_COATED_OSMIUM;9927;20;9924;23;;;9944;11;9948;18;;;9935.5;0.0
yf_BGS_d5;35900;INTARIAN_PEPPER_ROOT;10735;7;10733;29;;;10741;13;10745;22;;;10738.0;0.0
yf_BGS_d5;36000;ASH_COATED_OSMIUM;9931;11;9928;15;;;9940;9;9942;11;;;9935.5;0.0
yf_BGS_d5;36000;INTARIAN_PEPPER_ROOT;10734;13;10730;16;;;10744;19;10747;20;;;10739.0;0.0
yf_BGS_d5;36100;ASH_COATED_OSMIUM;9933;17;9929;20;;;9939;7;9943;25;;;9936.0;0.0
yf_BGS_d5;36100;INTARIAN_PEPPER_ROOT;10730;14;10726;20;;;10748;11;10751;14;;;10739.0;0.0
yf_BGS_d5;36200;ASH_COATED_OSMIUM;9930;15;9926;15;;;9943;5;9946;20;;;9936.5;0.0
yf_BGS_d5;36200;INTARIAN_PEPPER_ROOT;10734;18;10732;14;;;10747;19;10749;20;;;10740.5;0.0
yf_BGS_d5;36300;ASH_COATED_OSMIUM;9932;20;9930;16;;;9940;21;9942;14;;;9936.0;0.0
yf_BGS_d5;36300;INTARIAN_PEPPER_ROOT;10738;15;10736;16;;;10744;6;10747;18;;;10741.0;0.0
yf_BGS_d5;36400;ASH_COATED_OSMIUM;9933;30;9929;20;;;9939;20;9941;22;;;9936.0;0.0
yf_BGS_d5;36400;INTARIAN_PEPPER_ROOT;10735;19;10733;20;;;10751;17;10754;15;;;10743.0;0.0
yf_BGS_d5;36500;ASH_COATED_OSMIUM;9925;11;9923;25;;;9947;11;9951;17;;;9936.0;0.0
yf_BGS_d5;36500;INTARIAN_PEPPER_ROOT;10727;7;10724;27;;;10760;19;10764;23;;;10743.5;0.0
yf_BGS_d5;36600;ASH_COATED_OSMIUM;9922;24;9920;11;;;9951;10;9955;13;;;9936.5;0.0
yf_BGS_d5;36600;INTARIAN_PEPPER_ROOT;10741;6;10739;16;;;10747;10;10751;23;;;10744.0;0.0
yf_BGS_d5;36700;ASH_COATED_OSMIUM;9932;10;9929;20;;;9938;8;9941;15;;;9935.0;0.0
yf_BGS_d5;36700;INTARIAN_PEPPER_ROOT;10742;13;10739;13;;;10748;27;10751;15;;;10745.0;0.0
yf_BGS_d5;36800;ASH_COATED_OSMIUM;9923;5;9921;22;;;9948;24;9950;13;;;9935.5;0.0
yf_BGS_d5;36800;INTARIAN_PEPPER_ROOT;10743;15;10741;12;;;10749;17;10752;17;;;10746.0;0.0
yf_BGS_d5;36900;ASH_COATED_OSMIUM;9934;5;9930;20;;;9940;5;9942;11;;;9937.0;0.0
yf_BGS_d5;36900;INTARIAN_PEPPER_ROOT;10744;11;10741;23;;;10750;18;10754;13;;;10747.0;0.0
yf_BGS_d5;37000;ASH_COATED_OSMIUM;9934;10;9930;18;;;9940;11;9944;26;;;9937.0;0.0
yf_BGS_d5;37000;INTARIAN_PEPPER_ROOT;10745;12;10741;22;;;10751;15;10755;27;;;10748.0;0.0
yf_BGS_d5;37100;ASH_COATED_OSMIUM;9934;13;9930;14;;;9940;13;9943;12;;;9937.0;0.0
yf_BGS_d5;37100;INTARIAN_PEPPER_ROOT;10745;10;10743;24;;;10752;13;10755;19;;;10748.5;0.0
yf_BGS_d5;37200;ASH_COATED_OSMIUM;9932;19;9929;26;;;9941;9;9943;18;;;9936.5;0.0
yf_BGS_d5;37200;INTARIAN_PEPPER_ROOT;10746;16;10744;27;;;10752;16;10755;30;;;10749.0;0.0
yf_BGS_d5;37300;ASH_COATED_OSMIUM;9934;14;9932;28;;;9940;18;9944;12;;;9937.0;0.0
yf_BGS_d5;37300;INTARIAN_PEPPER_ROOT;10748;14;10745;20;;;10754;12;10756;30;;;10751.0;0.0
yf_BGS_d5;37400;ASH_COATED_OSMIUM;9933;18;9929;8;;;9941;14;9945;21;;;9937.0;0.0
yf_BGS_d5;37400;INTARIAN_PEPPER_ROOT;10749;17;10747;28;;;10756;12;10759;19;;;10752.5;0.0
yf_BGS_d5;37500;ASH_COATED_OSMIUM;9934;13;9932;21;;;9940;24;9944;18;;;9937.0;0.0
yf_BGS_d5;37500;INTARIAN_PEPPER_ROOT;10750;13;10746;22;;;10756;22;10759;21;;;10753.0;0.0
yf_BGS_d5;37600;ASH_COATED_OSMIUM;9934;15;9931;22;;;9940;18;9944;23;;;9937.0;0.0
yf_BGS_d5;37600;INTARIAN_PEPPER_ROOT;10751;14;10748;27;;;10757;19;10761;25;;;10754.0;0.0
yf_BGS_d5;37700;ASH_COATED_OSMIUM;9934;16;9930;13;;;9940;13;9944;16;;;9937.0;0.0
yf_BGS_d5;37700;INTARIAN_PEPPER_ROOT;10750;21;10748;23;;;10760;17;10762;11;;;10755.0;0.0
yf_BGS_d5;37800;ASH_COATED_OSMIUM;9934;12;9932;14;;;9940;13;9942;16;;;9937.0;0.0
yf_BGS_d5;37800;INTARIAN_PEPPER_ROOT;10753;20;10749;15;;;10759;16;10761;20;;;10756.0;0.0
yf_BGS_d5;37900;ASH_COATED_OSMIUM;9934;7;9932;12;;;9940;12;9943;15;;;9937.0;0.0
yf_BGS_d5;37900;INTARIAN_PEPPER_ROOT;10743;15;10740;21;;;10769;11;10771;27;;;10756.0;0.0
yf_BGS_d5;38000;ASH_COATED_OSMIUM;9928;22;9924;17;;;9946;22;9949;14;;;9937.0;0.0
yf_BGS_d5;38000;INTARIAN_PEPPER_ROOT;10755;20;10753;20;;;10761;8;10765;21;;;10758.0;0.0
yf_BGS_d5;38100;ASH_COATED_OSMIUM;9934;15;9930;24;;;9941;18;9943;22;;;9937.5;0.0
yf_BGS_d5;38100;INTARIAN_PEPPER_ROOT;10756;15;10754;10;;;10762;24;10766;17;;;10759.0;0.0
yf_BGS_d5;38200;ASH_COATED_OSMIUM;9931;22;9929;23;;;9944;18;9947;9;;;9937.5;0.0
yf_BGS_d5;38200;INTARIAN_PEPPER_ROOT;10740;10;10737;22;;;10779;17;10782;13;;;10759.5;0.0
yf_BGS_d5;38300;ASH_COATED_OSMIUM;9935;15;9933;22;;;9941;21;9944;22;;;9938.0;0.0
yf_BGS_d5;38300;INTARIAN_PEPPER_ROOT;10758;28;10756;19;;;10764;9;10768;20;;;10761.0;0.0
yf_BGS_d5;38400;ASH_COATED_OSMIUM;9931;7;9928;20;;;9943;10;9946;14;;;9937.0;0.0
yf_BGS_d5;38400;INTARIAN_PEPPER_ROOT;10759;20;10757;20;;;10765;24;10768;21;;;10762.0;0.0
yf_BGS_d5;38500;ASH_COATED_OSMIUM;9931;17;9927;18;;;9944;12;9947;15;;;9937.5;0.0
yf_BGS_d5;38500;INTARIAN_PEPPER_ROOT;10760;23;10757;22;;;10766;11;10768;26;;;10763.0;0.0
yf_BGS_d5;38600;ASH_COATED_OSMIUM;9934;10;9931;12;;;9942;6;9946;22;;;9938.0;0.0
yf_BGS_d5;38600;INTARIAN_PEPPER_ROOT;10761;15;10758;15;;;10767;12;10771;26;;;10764.0;0.0
yf_BGS_d5;38700;ASH_COATED_OSMIUM;9934;15;9931;19;;;9940;12;9942;23;;;9937.0;0.0
yf_BGS_d5;38700;INTARIAN_PEPPER_ROOT;10761;16;10758;10;;;10767;19;10769;25;;;10764.0;0.0
yf_BGS_d5;38800;ASH_COATED_OSMIUM;9932;20;9930;17;;;9944;15;9946;17;;;9938.0;0.0
yf_BGS_d5;38800;INTARIAN_PEPPER_ROOT;10762;13;10759;28;;;10768;12;10771;22;;;10765.0;0.0
yf_BGS_d5;38900;ASH_COATED_OSMIUM;9935;21;9932;10;;;9941;23;9943;23;;;9938.0;0.0
yf_BGS_d5;38900;INTARIAN_PEPPER_ROOT;10755;19;10751;16;;;10777;20;10781;25;;;10766.0;0.0
yf_BGS_d5;39000;ASH_COATED_OSMIUM;9934;17;9931;15;;;9941;21;9944;26;;;9937.5;0.0
yf_BGS_d5;39000;INTARIAN_PEPPER_ROOT;10760;8;10757;16;;;10775;16;10777;14;;;10767.5;0.0
yf_BGS_d5;39100;ASH_COATED_OSMIUM;9933;19;9930;20;;;9944;11;9947;22;;;9938.5;0.0
yf_BGS_d5;39100;INTARIAN_PEPPER_ROOT;10763;6;10760;21;;;10773;21;10777;16;;;10768.0;0.0
yf_BGS_d5;39200;ASH_COATED_OSMIUM;9935;18;9933;18;;;9941;11;9945;24;;;9938.0;0.0
yf_BGS_d5;39200;INTARIAN_PEPPER_ROOT;10767;11;10763;22;;;10773;14;10775;18;;;10770.0;0.0
yf_BGS_d5;39300;ASH_COATED_OSMIUM;9935;13;9933;13;;;9941;15;9945;14;;;9938.0;0.0
yf_BGS_d5;39300;INTARIAN_PEPPER_ROOT;10767;22;10763;12;;;10773;12;10777;20;;;10770.0;0.0
yf_BGS_d5;39400;ASH_COATED_OSMIUM;9935;5;9931;17;;;9941;7;9943;20;;;9938.0;0.0
yf_BGS_d5;39400;INTARIAN_PEPPER_ROOT;10765;15;10761;17;;;10776;24;10779;9;;;10770.5;0.0
yf_BGS_d5;39500;ASH_COATED_OSMIUM;9935;10;9932;22;;;9941;22;9944;24;;;9938.0;0.0
yf_BGS_d5;39500;INTARIAN_PEPPER_ROOT;10767;16;10763;25;;;10777;17;10779;20;;;10772.0;0.0
yf_BGS_d5;39600;ASH_COATED_OSMIUM;9935;9;9931;13;;;9942;7;9944;10;;;9938.5;0.0
yf_BGS_d5;39600;INTARIAN_PEPPER_ROOT;10770;19;10768;14;;;10776;11;10780;18;;;10773.0;0.0
yf_BGS_d5;39700;ASH_COATED_OSMIUM;9935;15;9932;28;;;9941;10;9945;17;;;9938.0;0.0
yf_BGS_d5;39700;INTARIAN_PEPPER_ROOT;10771;17;10768;22;;;10777;14;10780;23;;;10774.0;0.0
yf_BGS_d5;39800;ASH_COATED_OSMIUM;9935;6;9932;24;;;9941;11;9945;15;;;9938.0;0.0
yf_BGS_d5;39800;INTARIAN_PEPPER_ROOT;10770;13;10768;18;;;10780;15;10783;24;;;10775.0;0.0
yf_BGS_d5;39900;ASH_COATED_OSMIUM;9935;17;9932;9;;;9941;8;9943;21;;;9938.0;0.0
yf_BGS_d5;39900;INTARIAN_PEPPER_ROOT;10773;6;10771;19;;;10779;12;10781;33;;;10776.0;0.0
yf_BGS_d5;40000;ASH_COATED_OSMIUM;9936;10;9934;16;;;9942;19;9945;19;;;9939.0;0.0
yf_BGS_d5;40000;INTARIAN_PEPPER_ROOT;10755;17;10753;21;;;10799;18;10803;20;;;10777.0;0.0
yf_BGS_d5;40100;ASH_COATED_OSMIUM;9936;21;9934;15;;;9942;27;9945;16;;;9939.0;0.0
yf_BGS_d5;40100;INTARIAN_PEPPER_ROOT;10775;7;10773;32;;;10781;16;10783;20;;;10778.0;0.0
yf_BGS_d5;40200;ASH_COATED_OSMIUM;9936;11;9932;13;;;9942;7;9946;25;;;9939.0;0.0
yf_BGS_d5;40200;INTARIAN_PEPPER_ROOT;10771;16;10767;22;;;10785;27;10787;14;;;10778.0;0.0
yf_BGS_d5;40300;ASH_COATED_OSMIUM;9937;12;9934;15;;;9943;11;9947;24;;;9940.0;0.0
yf_BGS_d5;40300;INTARIAN_PEPPER_ROOT;10777;12;10773;21;;;10783;16;10786;16;;;10780.0;0.0
yf_BGS_d5;40400;ASH_COATED_OSMIUM;9936;16;9933;27;;;9942;14;9946;24;;;9939.0;0.0
yf_BGS_d5;40400;INTARIAN_PEPPER_ROOT;10778;7;10776;19;;;10784;20;10786;15;;;10781.0;0.0
yf_BGS_d5;40500;ASH_COATED_OSMIUM;9936;22;9933;17;;;9942;11;9944;25;;;9939.0;0.0
yf_BGS_d5;40500;INTARIAN_PEPPER_ROOT;10778;17;10776;12;;;10784;22;10786;24;;;10781.0;0.0
yf_BGS_d5;40600;ASH_COATED_OSMIUM;9936;11;9932;11;;;9942;14;9944;25;;;9939.0;0.0
yf_BGS_d5;40600;INTARIAN_PEPPER_ROOT;10779;22;10775;8;;;10785;21;10789;22;;;10782.0;0.0
yf_BGS_d5;40700;ASH_COATED_OSMIUM;9937;13;9935;30;;;9943;26;9945;20;;;9940.0;0.0
yf_BGS_d5;40700;INTARIAN_PEPPER_ROOT;10780;15;10777;11;;;10786;15;10790;22;;;10783.0;0.0
yf_BGS_d5;40800;ASH_COATED_OSMIUM;9935;13;9931;18;;;9944;15;9946;14;;;9939.5;0.0
yf_BGS_d5;40800;INTARIAN_PEPPER_ROOT;10774;11;10772;26;;;10794;23;10796;23;;;10784.0;0.0
yf_BGS_d5;40900;ASH_COATED_OSMIUM;9935;19;9933;17;;;9945;12;9948;31;;;9940.0;0.0
yf_BGS_d5;40900;INTARIAN_PEPPER_ROOT;10781;16;10777;25;;;10788;15;10791;14;;;10784.5;0.0
yf_BGS_d5;41000;ASH_COATED_OSMIUM;9935;12;9932;18;;;9943;20;9945;20;;;9939.0;0.0
yf_BGS_d5;41000;INTARIAN_PEPPER_ROOT;10782;17;10779;16;;;10791;17;10794;13;;;10786.5;0.0
yf_BGS_d5;41100;ASH_COATED_OSMIUM;9937;13;9933;27;;;9943;21;9947;31;;;9940.0;0.0
yf_BGS_d5;41100;INTARIAN_PEPPER_ROOT;10783;15;10781;23;;;10791;15;10794;19;;;10787.0;0.0
yf_BGS_d5;41200;ASH_COATED_OSMIUM;9932;12;9929;19;;;9947;15;9950;25;;;9939.5;0.0
yf_BGS_d5;41200;INTARIAN_PEPPER_ROOT;10785;26;10783;21;;;10792;27;10796;16;;;10788.5;0.0
yf_BGS_d5;41300;ASH_COATED_OSMIUM;9937;9;9935;17;;;9943;14;9945;13;;;9940.0;0.0
yf_BGS_d5;41300;INTARIAN_PEPPER_ROOT;10786;10;10783;15;;;10792;20;10796;21;;;10789.0;0.0
yf_BGS_d5;41400;ASH_COATED_OSMIUM;9933;19;9930;23;;;9947;14;9949;19;;;9940.0;0.0
yf_BGS_d5;41400;INTARIAN_PEPPER_ROOT;10787;16;10785;16;;;10793;23;10796;19;;;10790.0;0.0
yf_BGS_d5;41500;ASH_COATED_OSMIUM;9936;22;9933;19;;;9943;18;9945;12;;;9939.5;0.0
yf_BGS_d5;41500;INTARIAN_PEPPER_ROOT;10788;17;10786;28;;;10794;17;10797;28;;;10791.0;0.0
yf_BGS_d5;41600;ASH_COATED_OSMIUM;9925;10;9921;14;;;9955;11;9958;23;;;9940.0;0.0
yf_BGS_d5;41600;INTARIAN_PEPPER_ROOT;10789;10;10785;18;;;10795;16;10799;24;;;10792.0;0.0
yf_BGS_d5;41700;ASH_COATED_OSMIUM;9937;17;9934;22;;;9943;13;9947;21;;;9940.0;0.0
yf_BGS_d5;41700;INTARIAN_PEPPER_ROOT;10785;5;10781;24;;;10801;8;10805;20;;;10793.0;0.0
yf_BGS_d5;41800;ASH_COATED_OSMIUM;9937;15;9934;15;;;9944;5;9946;17;;;9940.5;0.0
yf_BGS_d5;41800;INTARIAN_PEPPER_ROOT;10791;23;10788;17;;;10797;20;10801;21;;;10794.0;0.0
yf_BGS_d5;41900;ASH_COATED_OSMIUM;9938;14;9934;14;;;9944;21;9947;13;;;9941.0;0.0
yf_BGS_d5;41900;INTARIAN_PEPPER_ROOT;10792;22;10788;24;;;10798;18;10802;23;;;10795.0;0.0
yf_BGS_d5;42000;ASH_COATED_OSMIUM;9934;22;9932;14;;;9946;5;9948;26;;;9940.0;0.0
yf_BGS_d5;42000;INTARIAN_PEPPER_ROOT;10791;5;10789;15;;;10800;13;10804;14;;;10795.5;0.0
yf_BGS_d5;42100;ASH_COATED_OSMIUM;9937;14;9933;20;;;9944;22;9947;18;;;9940.5;0.0
yf_BGS_d5;42100;INTARIAN_PEPPER_ROOT;10793;10;10790;12;;;10799;13;10803;12;;;10796.0;0.0
yf_BGS_d5;42200;ASH_COATED_OSMIUM;9922;5;9919;18;;;9960;22;9963;19;;;9941.0;0.0
yf_BGS_d5;42200;INTARIAN_PEPPER_ROOT;10788;16;10784;14;;;10808;16;10811;19;;;10798.0;0.0
yf_BGS_d5;42300;ASH_COATED_OSMIUM;9938;11;9936;21;;;9944;5;9947;32;;;9941.0;0.0
yf_BGS_d5;42300;INTARIAN_PEPPER_ROOT;10795;12;10792;19;;;10803;12;10806;20;;;10799.0;0.0
yf_BGS_d5;42400;ASH_COATED_OSMIUM;9938;13;9936;14;;;9944;15;9948;10;;;9941.0;0.0
yf_BGS_d5;42400;INTARIAN_PEPPER_ROOT;10797;15;10794;19;;;10803;13;10807;19;;;10800.0;0.0
yf_BGS_d5;42500;ASH_COATED_OSMIUM;9939;22;9936;27;;;9945;20;9947;16;;;9942.0;0.0
yf_BGS_d5;42500;INTARIAN_PEPPER_ROOT;10797;12;10793;26;;;10804;15;10808;13;;;10800.5;0.0
yf_BGS_d5;42600;ASH_COATED_OSMIUM;9935;19;9931;17;;;9945;16;9948;23;;;9940.0;0.0
yf_BGS_d5;42600;INTARIAN_PEPPER_ROOT;10792;17;10789;17;;;10810;17;10812;12;;;10801.0;0.0
yf_BGS_d5;42700;ASH_COATED_OSMIUM;9929;13;9925;25;;;9953;24;9955;24;;;9941.0;0.0
yf_BGS_d5;42700;INTARIAN_PEPPER_ROOT;10800;17;10796;26;;;10806;8;10810;17;;;10803.0;0.0
yf_BGS_d5;42800;ASH_COATED_OSMIUM;9938;13;9935;22;;;9944;8;9948;18;;;9941.0;0.0
yf_BGS_d5;42800;INTARIAN_PEPPER_ROOT;10800;19;10796;16;;;10806;14;10809;17;;;10803.0;0.0
yf_BGS_d5;42900;ASH_COATED_OSMIUM;9939;16;9936;21;;;9945;14;9948;15;;;9942.0;0.0
yf_BGS_d5;42900;INTARIAN_PEPPER_ROOT;10801;10;10797;18;;;10807;17;10809;16;;;10804.0;0.0
yf_BGS_d5;43000;ASH_COATED_OSMIUM;9938;11;9935;23;;;9944;16;9947;31;;;9941.0;0.0
yf_BGS_d5;43000;INTARIAN_PEPPER_ROOT;10802;11;10798;23;;;10809;21;10813;28;;;10805.5;0.0
yf_BGS_d5;43100;ASH_COATED_OSMIUM;9932;18;9929;27;;;9950;25;9952;14;;;9941.0;0.0
yf_BGS_d5;43100;INTARIAN_PEPPER_ROOT;10803;11;10799;22;;;10809;9;10813;20;;;10806.0;0.0
yf_BGS_d5;43200;ASH_COATED_OSMIUM;9934;19;9930;18;;;9947;12;9951;9;;;9940.5;0.0
yf_BGS_d5;43200;INTARIAN_PEPPER_ROOT;10802;13;10798;29;;;10812;10;10815;23;;;10807.0;0.0
yf_BGS_d5;43300;ASH_COATED_OSMIUM;9938;25;9934;19;;;9944;7;9947;12;;;9941.0;0.0
yf_BGS_d5;43300;INTARIAN_PEPPER_ROOT;10805;15;10803;18;;;10811;24;10813;19;;;10808.0;0.0
yf_BGS_d5;43400;ASH_COATED_OSMIUM;9935;19;9932;13;;;9947;19;9950;18;;;9941.0;0.0
yf_BGS_d5;43400;INTARIAN_PEPPER_ROOT;10806;5;10802;12;;;10812;14;10814;17;;;10809.0;0.0
yf_BGS_d5;43500;ASH_COATED_OSMIUM;9938;21;9934;27;;;9945;13;9949;11;;;9941.5;0.0
yf_BGS_d5;43500;INTARIAN_PEPPER_ROOT;10804;26;10802;14;;;10815;17;10817;22;;;10809.5;0.0
yf_BGS_d5;43600;ASH_COATED_OSMIUM;9933;19;9929;23;;;9951;10;9955;17;;;9942.0;0.0
yf_BGS_d5;43600;INTARIAN_PEPPER_ROOT;10808;22;10804;17;;;10814;13;10818;18;;;10811.0;0.0
yf_BGS_d5;43700;ASH_COATED_OSMIUM;9938;19;9935;29;;;9946;14;9950;23;;;9942.0;0.0
yf_BGS_d5;43700;INTARIAN_PEPPER_ROOT;10809;14;10806;26;;;10815;10;10817;25;;;10812.0;0.0
yf_BGS_d5;43800;ASH_COATED_OSMIUM;9938;14;9935;14;;;9944;10;9946;12;;;9941.0;0.0
yf_BGS_d5;43800;INTARIAN_PEPPER_ROOT;10808;19;10804;20;;;10818;25;10822;13;;;10813.0;0.0
yf_BGS_d5;43900;ASH_COATED_OSMIUM;9938;18;9934;17;;;9946;20;9948;10;;;9942.0;0.0
yf_BGS_d5;43900;INTARIAN_PEPPER_ROOT;10811;14;10809;21;;;10817;10;10819;22;;;10814.0;0.0
yf_BGS_d5;44000;ASH_COATED_OSMIUM;9938;20;9936;20;;;9946;10;9948;24;;;9942.0;0.0
yf_BGS_d5;44000;INTARIAN_PEPPER_ROOT;10812;9;10809;11;;;10818;13;10821;15;;;10815.0;0.0
yf_BGS_d5;44100;ASH_COATED_OSMIUM;9939;18;9936;15;;;9945;21;9948;23;;;9942.0;0.0
yf_BGS_d5;44100;INTARIAN_PEPPER_ROOT;10809;16;10807;19;;;10823;14;10827;24;;;10816.0;0.0
yf_BGS_d5;44200;ASH_COATED_OSMIUM;9939;17;9937;29;;;9945;15;9947;23;;;9942.0;0.0
yf_BGS_d5;44200;INTARIAN_PEPPER_ROOT;10809;15;10807;23;;;10824;18;10827;22;;;10816.5;0.0
yf_BGS_d5;44300;ASH_COATED_OSMIUM;9937;16;9935;20;;;9946;5;9949;15;;;9941.5;0.0
yf_BGS_d5;44300;INTARIAN_PEPPER_ROOT;10811;14;10809;18;;;10823;9;10825;20;;;10817.0;0.0
yf_BGS_d5;44400;ASH_COATED_OSMIUM;9940;18;9937;21;;;9946;12;9949;16;;;9943.0;0.0
yf_BGS_d5;44400;INTARIAN_PEPPER_ROOT;10816;6;10812;20;;;10822;14;10826;19;;;10819.0;0.0
yf_BGS_d5;44500;ASH_COATED_OSMIUM;9939;16;9937;18;;;9945;22;9949;13;;;9942.0;0.0
yf_BGS_d5;44500;INTARIAN_PEPPER_ROOT;10816;13;10814;20;;;10822;10;10824;18;;;10819.0;0.0
yf_BGS_d5;44600;ASH_COATED_OSMIUM;9935;12;9931;18;;;9950;14;9952;13;;;9942.5;0.0
yf_BGS_d5;44600;INTARIAN_PEPPER_ROOT;10817;19;10814;29;;;10823;19;10825;12;;;10820.0;0.0
yf_BGS_d5;44700;ASH_COATED_OSMIUM;9939;22;9936;14;;;9945;10;9947;17;;;9942.0;0.0
yf_BGS_d5;44700;INTARIAN_PEPPER_ROOT;10812;20;10808;26;;;10829;19;10832;16;;;10820.5;0.0
yf_BGS_d5;44800;ASH_COATED_OSMIUM;9938;18;9934;19;;;9949;12;9953;16;;;9943.5;0.0
yf_BGS_d5;44800;INTARIAN_PEPPER_ROOT;10817;17;10813;26;;;10828;13;10832;13;;;10822.5;0.0
yf_BGS_d5;44900;ASH_COATED_OSMIUM;9938;19;9935;12;;;9948;21;9950;20;;;9943.0;0.0
yf_BGS_d5;44900;INTARIAN_PEPPER_ROOT;10820;12;10818;21;;;10828;14;10830;17;;;10824.0;0.0
yf_BGS_d5;45000;ASH_COATED_OSMIUM;9940;6;9936;10;;;9946;12;9948;13;;;9943.0;0.0
yf_BGS_d5;45000;INTARIAN_PEPPER_ROOT;10821;18;10817;27;;;10827;9;10831;19;;;10824.0;0.0
yf_BGS_d5;45100;ASH_COATED_OSMIUM;9940;27;9937;20;;;9946;9;9950;18;;;9943.0;0.0
yf_BGS_d5;45100;INTARIAN_PEPPER_ROOT;10822;12;10818;26;;;10828;11;10831;29;;;10825.0;0.0
yf_BGS_d5;45200;ASH_COATED_OSMIUM;9939;13;9936;16;;;9946;9;9948;15;;;9942.5;0.0
yf_BGS_d5;45200;INTARIAN_PEPPER_ROOT;10821;16;10818;23;;;10830;8;10833;31;;;10825.5;0.0
yf_BGS_d5;45300;ASH_COATED_OSMIUM;9941;18;9938;22;;;9947;21;9949;11;;;9944.0;0.0
yf_BGS_d5;45300;INTARIAN_PEPPER_ROOT;10822;9;10819;18;;;10831;11;10835;20;;;10826.5;0.0
yf_BGS_d5;45400;ASH_COATED_OSMIUM;9938;13;9936;17;;;9948;13;9951;21;;;9943.0;0.0
yf_BGS_d5;45400;INTARIAN_PEPPER_ROOT;10817;5;10814;26;;;10839;18;10841;17;;;10828.0;0.0
yf_BGS_d5;45500;ASH_COATED_OSMIUM;9940;15;9937;14;;;9946;15;9950;25;;;9943.0;0.0
yf_BGS_d5;45500;INTARIAN_PEPPER_ROOT;10826;19;10823;24;;;10832;12;10836;21;;;10829.0;0.0
yf_BGS_d5;45600;ASH_COATED_OSMIUM;9939;22;9937;21;;;9947;9;9950;17;;;9943.0;0.0
yf_BGS_d5;45600;INTARIAN_PEPPER_ROOT;10826;14;10824;21;;;10832;13;10836;25;;;10829.0;0.0
yf_BGS_d5;45700;ASH_COATED_OSMIUM;9940;15;9936;18;;;9946;20;9950;22;;;9943.0;0.0
yf_BGS_d5;45700;INTARIAN_PEPPER_ROOT;10826;14;10822;14;;;10835;16;10839;16;;;10830.5;0.0
yf_BGS_d5;45800;ASH_COATED_OSMIUM;9941;11;9939;15;;;9947;18;9950;25;;;9944.0;0.0
yf_BGS_d5;45800;INTARIAN_PEPPER_ROOT;10829;19;10825;17;;;10835;18;10839;28;;;10832.0;0.0
yf_BGS_d5;45900;ASH_COATED_OSMIUM;9938;18;9934;12;;;9948;12;9952;22;;;9943.0;0.0
yf_BGS_d5;45900;INTARIAN_PEPPER_ROOT;10829;21;10826;26;;;10835;8;10837;24;;;10832.0;0.0
yf_BGS_d5;46000;ASH_COATED_OSMIUM;9940;15;9936;21;;;9947;13;9949;28;;;9943.5;0.0
yf_BGS_d5;46000;INTARIAN_PEPPER_ROOT;10831;15;10829;12;;;10837;12;10841;11;;;10834.0;0.0
yf_BGS_d5;46100;ASH_COATED_OSMIUM;9941;15;9939;20;;;9947;22;9951;26;;;9944.0;0.0
yf_BGS_d5;46100;INTARIAN_PEPPER_ROOT;10819;13;10817;20;;;10850;13;10854;19;;;10834.5;0.0
yf_BGS_d5;46200;ASH_COATED_OSMIUM;9935;14;9933;25;;;9952;13;9955;23;;;9943.5;0.0
yf_BGS_d5;46200;INTARIAN_PEPPER_ROOT;10833;11;10830;21;;;10839;11;10841;12;;;10836.0;0.0
yf_BGS_d5;46300;ASH_COATED_OSMIUM;9939;20;9936;16;;;9949;5;9953;15;;;9944.0;0.0
yf_BGS_d5;46300;INTARIAN_PEPPER_ROOT;10820;10;10818;26;;;10853;15;10856;22;;;10836.5;0.0
yf_BGS_d5;46400;ASH_COATED_OSMIUM;9931;11;9929;22;;;9956;10;9958;15;;;9943.5;0.0
yf_BGS_d5;46400;INTARIAN_PEPPER_ROOT;10826;11;10823;15;;;10849;22;10851;25;;;10837.5;0.0
yf_BGS_d5;46500;ASH_COATED_OSMIUM;9941;19;9938;14;;;9947;15;9951;28;;;9944.0;0.0
yf_BGS_d5;46500;INTARIAN_PEPPER_ROOT;10833;9;10830;21;;;10845;12;10848;29;;;10839.0;0.0
yf_BGS_d5;46600;ASH_COATED_OSMIUM;9941;9;9939;11;;;9947;12;9951;18;;;9944.0;0.0
yf_BGS_d5;46600;INTARIAN_PEPPER_ROOT;10836;10;10832;19;;;10842;6;10844;20;;;10839.0;0.0
yf_BGS_d5;46700;ASH_COATED_OSMIUM;9940;18;9938;11;;;9947;21;9951;23;;;9943.5;0.0
yf_BGS_d5;46700;INTARIAN_PEPPER_ROOT;10837;7;10835;14;;;10843;14;10847;17;;;10840.0;0.0
yf_BGS_d5;46800;ASH_COATED_OSMIUM;9936;23;9932;15;;;9952;20;9956;23;;;9944.0;0.0
yf_BGS_d5;46800;INTARIAN_PEPPER_ROOT;10838;22;10834;18;;;10844;12;10847;28;;;10841.0;0.0
yf_BGS_d5;46900;ASH_COATED_OSMIUM;9941;18;9937;17;;;9947;21;9951;25;;;9944.0;0.0
yf_BGS_d5;46900;INTARIAN_PEPPER_ROOT;10839;15;10837;17;;;10845;18;10849;19;;;10842.0;0.0
yf_BGS_d5;47000;ASH_COATED_OSMIUM;9940;12;9937;23;;;9950;12;9954;19;;;9945.0;0.0
yf_BGS_d5;47000;INTARIAN_PEPPER_ROOT;10836;18;10833;8;;;10850;14;10852;19;;;10843.0;0.0
yf_BGS_d5;47100;ASH_COATED_OSMIUM;9941;5;9938;23;;;9948;15;9950;20;;;9944.5;0.0
yf_BGS_d5;47100;INTARIAN_PEPPER_ROOT;10842;16;10840;15;;;10848;18;10851;21;;;10845.0;0.0
yf_BGS_d5;47200;ASH_COATED_OSMIUM;9941;11;9938;25;;;9947;24;9949;21;;;9944.0;0.0
yf_BGS_d5;47200;INTARIAN_PEPPER_ROOT;10842;6;10839;15;;;10848;5;10852;15;;;10845.0;0.0
yf_BGS_d5;47300;ASH_COATED_OSMIUM;9941;10;9938;19;;;9947;15;9949;23;;;9944.0;0.0
yf_BGS_d5;47300;INTARIAN_PEPPER_ROOT;10843;8;10841;20;;;10849;18;10851;26;;;10846.0;0.0
yf_BGS_d5;47400;ASH_COATED_OSMIUM;9942;23;9939;18;;;9948;12;9952;9;;;9945.0;0.0
yf_BGS_d5;47400;INTARIAN_PEPPER_ROOT;10844;9;10840;15;;;10850;5;10852;23;;;10847.0;0.0
yf_BGS_d5;47500;ASH_COATED_OSMIUM;9941;14;9937;16;;;9947;18;9951;21;;;9944.0;0.0
yf_BGS_d5;47500;INTARIAN_PEPPER_ROOT;10845;11;10841;23;;;10851;17;10854;25;;;10848.0;0.0
yf_BGS_d5;47600;ASH_COATED_OSMIUM;9941;10;9939;23;;;9947;5;9950;22;;;9944.0;0.0
yf_BGS_d5;47600;INTARIAN_PEPPER_ROOT;10846;5;10844;12;;;10852;17;10856;24;;;10849.0;0.0
yf_BGS_d5;47700;ASH_COATED_OSMIUM;9942;22;9940;12;;;9949;11;9951;31;;;9945.5;0.0
yf_BGS_d5;47700;INTARIAN_PEPPER_ROOT;10847;19;10845;14;;;10853;12;10855;29;;;10850.0;0.0
yf_BGS_d5;47800;ASH_COATED_OSMIUM;9942;16;9938;15;;;9948;13;9952;13;;;9945.0;0.0
yf_BGS_d5;47800;INTARIAN_PEPPER_ROOT;10846;5;10842;23;;;10855;14;10858;16;;;10850.5;0.0
yf_BGS_d5;47900;ASH_COATED_OSMIUM;9942;10;9940;19;;;9948;10;9952;14;;;9945.0;0.0
yf_BGS_d5;47900;INTARIAN_PEPPER_ROOT;10842;14;10838;16;;;10862;19;10864;16;;;10852.0;0.0
yf_BGS_d5;48000;ASH_COATED_OSMIUM;9940;18;9936;17;;;9951;25;9954;21;;;9945.5;0.0
yf_BGS_d5;48000;INTARIAN_PEPPER_ROOT;10847;10;10843;15;;;10859;17;10862;18;;;10853.0;0.0
yf_BGS_d5;48100;ASH_COATED_OSMIUM;9941;19;9939;21;;;9948;19;9950;19;;;9944.5;0.0
yf_BGS_d5;48100;INTARIAN_PEPPER_ROOT;10843;14;10839;17;;;10864;13;10868;24;;;10853.5;0.0
yf_BGS_d5;48200;ASH_COATED_OSMIUM;9942;14;9940;22;;;9948;12;9952;13;;;9945.0;0.0
yf_BGS_d5;48200;INTARIAN_PEPPER_ROOT;10852;19;10849;20;;;10858;15;10860;18;;;10855.0;0.0
yf_BGS_d5;48300;ASH_COATED_OSMIUM;9924;13;9921;22;;;9968;14;9971;16;;;9946.0;0.0
yf_BGS_d5;48300;INTARIAN_PEPPER_ROOT;10853;18;10851;19;;;10859;17;10863;19;;;10856.0;0.0
yf_BGS_d5;48400;ASH_COATED_OSMIUM;9942;13;9939;13;;;9948;9;9951;23;;;9945.0;0.0
yf_BGS_d5;48400;INTARIAN_PEPPER_ROOT;10854;9;10852;19;;;10860;12;10862;19;;;10857.0;0.0
yf_BGS_d5;48500;ASH_COATED_OSMIUM;9943;18;9940;20;;;9949;19;9952;14;;;9946.0;0.0
yf_BGS_d5;48500;INTARIAN_PEPPER_ROOT;10854;16;10852;17;;;10860;16;10862;18;;;10857.0;0.0
yf_BGS_d5;48600;ASH_COATED_OSMIUM;9943;12;9941;20;;;9949;14;9953;15;;;9946.0;0.0
yf_BGS_d5;48600;INTARIAN_PEPPER_ROOT;10855;14;10852;20;;;10861;18;10863;17;;;10858.0;0.0
yf_BGS_d5;48700;ASH_COATED_OSMIUM;9940;9;9937;19;;;9952;9;9955;22;;;9946.0;0.0
yf_BGS_d5;48700;INTARIAN_PEPPER_ROOT;10856;12;10852;18;;;10862;17;10865;10;;;10859.0;0.0
yf_BGS_d5;48800;ASH_COATED_OSMIUM;9943;15;9939;27;;;9949;10;9951;26;;;9946.0;0.0
yf_BGS_d5;48800;INTARIAN_PEPPER_ROOT;10857;18;10854;11;;;10863;12;10865;21;;;10860.0;0.0
yf_BGS_d5;48900;ASH_COATED_OSMIUM;9940;14;9937;22;;;9951;15;9954;23;;;9945.5;0.0
yf_BGS_d5;48900;INTARIAN_PEPPER_ROOT;10858;12;10855;17;;;10864;16;10867;17;;;10861.0;0.0
yf_BGS_d5;49000;ASH_COATED_OSMIUM;9943;16;9941;16;;;9949;11;9952;20;;;9946.0;0.0
yf_BGS_d5;49000;INTARIAN_PEPPER_ROOT;10859;20;10857;11;;;10865;16;10867;20;;;10862.0;0.0
yf_BGS_d5;49100;ASH_COATED_OSMIUM;9929;20;9926;14;;;9963;11;9965;14;;;9946.0;0.0
yf_BGS_d5;49100;INTARIAN_PEPPER_ROOT;10855;8;10853;20;;;10870;20;10872;25;;;10862.5;0.0
yf_BGS_d5;49200;ASH_COATED_OSMIUM;9939;21;9935;23;;;9952;9;9956;19;;;9945.5;0.0
yf_BGS_d5;49200;INTARIAN_PEPPER_ROOT;10861;20;10857;27;;;10867;21;10869;16;;;10864.0;0.0
yf_BGS_d5;49300;ASH_COATED_OSMIUM;9942;8;9940;16;;;9951;9;9955;22;;;9946.5;0.0
yf_BGS_d5;49300;INTARIAN_PEPPER_ROOT;10856;18;10854;21;;;10873;7;10876;20;;;10864.5;0.0
yf_BGS_d5;49400;ASH_COATED_OSMIUM;9943;19;9939;12;;;9949;15;9952;25;;;9946.0;0.0
yf_BGS_d5;49400;INTARIAN_PEPPER_ROOT;10860;21;10857;27;;;10872;13;10876;23;;;10866.0;0.0
yf_BGS_d5;49500;ASH_COATED_OSMIUM;9943;16;9940;20;;;9949;16;9951;20;;;9946.0;0.0
yf_BGS_d5;49500;INTARIAN_PEPPER_ROOT;10864;18;10860;22;;;10870;21;10873;13;;;10867.0;0.0
yf_BGS_d5;49600;ASH_COATED_OSMIUM;9943;19;9941;12;;;9949;13;9953;16;;;9946.0;0.0
yf_BGS_d5;49600;INTARIAN_PEPPER_ROOT;10865;13;10863;22;;;10871;15;10873;21;;;10868.0;0.0
yf_BGS_d5;49700;ASH_COATED_OSMIUM;9943;19;9941;26;;;9949;11;9951;17;;;9946.0;0.0
yf_BGS_d5;49700;INTARIAN_PEPPER_ROOT;10865;17;10863;27;;;10871;14;10873;25;;;10868.0;0.0
yf_BGS_d5;49800;ASH_COATED_OSMIUM;9943;10;9940;19;;;9949;9;9953;12;;;9946.0;0.0
yf_BGS_d5;49800;INTARIAN_PEPPER_ROOT;10868;20;10866;21;;;10874;13;10876;16;;;10871.0;0.0
yf_BGS_d5;49900;ASH_COATED_OSMIUM;9939;15;9937;17;;;9954;18;9958;15;;;9946.5;0.0
yf_BGS_d5;49900;INTARIAN_PEPPER_ROOT;10867;10;10864;20;;;10876;15;10880;24;;;10871.5;0.0
yf_BGS_d5;50000;ASH_COATED_OSMIUM;9943;6;9941;27;;;9949;19;9953;24;;;9946.0;0.0
yf_BGS_d5;50000;INTARIAN_PEPPER_ROOT;10863;9;10861;17;;;10880;20;10882;10;;;10871.5;0.0
yf_BGS_d5;50100;ASH_COATED_OSMIUM;9940;19;9937;27;;;9953;18;9955;21;;;9946.5;0.0
yf_BGS_d5;50100;INTARIAN_PEPPER_ROOT;10861;14;10857;13;;;10884;11;10888;20;;;10872.5;0.0
yf_BGS_d5;50200;ASH_COATED_OSMIUM;9944;13;9942;14;;;9950;14;9954;22;;;9947.0;0.0
yf_BGS_d5;50200;INTARIAN_PEPPER_ROOT;10870;15;10866;22;;;10877;7;10879;16;;;10873.5;0.0
yf_BGS_d5;50300;ASH_COATED_OSMIUM;9943;13;9941;19;;;9949;11;9952;18;;;9946.0;0.0
yf_BGS_d5;50300;INTARIAN_PEPPER_ROOT;10872;10;10870;24;;;10878;19;10880;8;;;10875.0;0.0
yf_BGS_d5;50400;ASH_COATED_OSMIUM;9944;11;9941;18;;;9950;15;9952;24;;;9947.0;0.0
yf_BGS_d5;50400;INTARIAN_PEPPER_ROOT;10872;13;10870;24;;;10878;14;10880;24;;;10875.0;0.0
yf_BGS_d5;50500;ASH_COATED_OSMIUM;9943;13;9939;18;;;9951;21;9953;18;;;9947.0;0.0
yf_BGS_d5;50500;INTARIAN_PEPPER_ROOT;10863;21;10859;17;;;10889;19;10892;15;;;10876.0;0.0
yf_BGS_d5;50600;ASH_COATED_OSMIUM;9944;12;9940;13;;;9950;9;9952;18;;;9947.0;0.0
yf_BGS_d5;50600;INTARIAN_PEPPER_ROOT;10873;23;10870;26;;;10881;12;10884;16;;;10877.0;0.0
yf_BGS_d5;50700;ASH_COATED_OSMIUM;9944;13;9941;21;;;9950;9;9952;22;;;9947.0;0.0
yf_BGS_d5;50700;INTARIAN_PEPPER_ROOT;10875;14;10872;30;;;10881;17;10884;24;;;10878.0;0.0
yf_BGS_d5;50800;ASH_COATED_OSMIUM;9944;15;9941;15;;;9950;12;9952;16;;;9947.0;0.0
yf_BGS_d5;50800;INTARIAN_PEPPER_ROOT;10876;19;10873;18;;;10882;13;10884;16;;;10879.0;0.0
yf_BGS_d5;50900;ASH_COATED_OSMIUM;9944;16;9940;24;;;9950;19;9954;15;;;9947.0;0.0
yf_BGS_d5;50900;INTARIAN_PEPPER_ROOT;10876;8;10874;24;;;10883;11;10887;20;;;10879.5;0.0
yf_BGS_d5;51000;ASH_COATED_OSMIUM;9944;19;9942;10;;;9950;7;9953;26;;;9947.0;0.0
yf_BGS_d5;51000;INTARIAN_PEPPER_ROOT;10874;18;10872;18;;;10891;14;10894;26;;;10882.5;0.0
yf_BGS_d5;51100;ASH_COATED_OSMIUM;9945;12;9941;26;;;9951;12;9955;19;;;9948.0;0.0
yf_BGS_d5;51100;INTARIAN_PEPPER_ROOT;10879;14;10877;17;;;10888;25;10892;19;;;10883.5;0.0
yf_BGS_d5;51200;ASH_COATED_OSMIUM;9945;13;9941;11;;;9952;18;9956;23;;;9948.5;0.0
yf_BGS_d5;51200;INTARIAN_PEPPER_ROOT;10882;7;10879;17;;;10888;14;10890;29;;;10885.0;0.0
yf_BGS_d5;51300;ASH_COATED_OSMIUM;9946;22;9943;12;;;9952;17;9956;22;;;9949.0;0.0
yf_BGS_d5;51300;INTARIAN_PEPPER_ROOT;10883;12;10879;14;;;10889;15;10891;14;;;10886.0;0.0
yf_BGS_d5;51400;ASH_COATED_OSMIUM;9945;11;9942;24;;;9951;9;9953;23;;;9948.0;0.0
yf_BGS_d5;51400;INTARIAN_PEPPER_ROOT;10884;11;10880;22;;;10890;19;10892;22;;;10887.0;0.0
yf_BGS_d5;51500;ASH_COATED_OSMIUM;9944;16;9941;23;;;9952;14;9955;18;;;9948.0;0.0
yf_BGS_d5;51500;INTARIAN_PEPPER_ROOT;10884;17;10880;31;;;10895;13;10899;20;;;10889.5;0.0
yf_BGS_d5;51600;ASH_COATED_OSMIUM;9945;14;9942;15;;;9951;11;9955;17;;;9948.0;0.0
yf_BGS_d5;51600;INTARIAN_PEPPER_ROOT;10887;14;10885;20;;;10894;11;10898;20;;;10890.5;0.0
yf_BGS_d5;51700;ASH_COATED_OSMIUM;9945;11;9941;15;;;9951;18;9953;19;;;9948.0;0.0
yf_BGS_d5;51700;INTARIAN_PEPPER_ROOT;10888;5;10885;20;;;10895;9;10899;18;;;10891.5;0.0
yf_BGS_d5;51800;ASH_COATED_OSMIUM;9946;22;9943;12;;;9952;18;9955;18;;;9949.0;0.0
yf_BGS_d5;51800;INTARIAN_PEPPER_ROOT;10886;5;10884;14;;;10899;15;10901;20;;;10892.5;0.0
yf_BGS_d5;51900;ASH_COATED_OSMIUM;9946;22;9944;14;;;9952;13;9955;14;;;9949.0;0.0
yf_BGS_d5;51900;INTARIAN_PEPPER_ROOT;10890;18;10887;24;;;10898;14;10902;24;;;10894.0;0.0
yf_BGS_d5;52000;ASH_COATED_OSMIUM;9942;9;9939;16;;;9955;19;9958;15;;;9948.5;0.0
yf_BGS_d5;52000;INTARIAN_PEPPER_ROOT;10893;12;10891;18;;;10899;15;10902;12;;;10896.0;0.0
yf_BGS_d5;52100;ASH_COATED_OSMIUM;9939;5;9937;20;;;9957;21;9960;8;;;9948.0;0.0
yf_BGS_d5;52100;INTARIAN_PEPPER_ROOT;10888;10;10886;20;;;10906;11;10910;22;;;10897.0;0.0
yf_BGS_d5;52200;ASH_COATED_OSMIUM;9946;5;9942;30;;;9952;16;9954;20;;;9949.0;0.0
yf_BGS_d5;52200;INTARIAN_PEPPER_ROOT;10894;19;10892;11;;;10904;10;10906;18;;;10899.0;0.0
yf_BGS_d5;52300;ASH_COATED_OSMIUM;9946;12;9943;24;;;9952;20;9955;16;;;9949.0;0.0
yf_BGS_d5;52300;INTARIAN_PEPPER_ROOT;10892;14;10888;16;;;10909;8;10912;24;;;10900.5;0.0
yf_BGS_d5;52400;ASH_COATED_OSMIUM;9947;13;9945;23;;;9953;13;9955;19;;;9950.0;0.0
yf_BGS_d5;52400;INTARIAN_PEPPER_ROOT;10898;12;10896;19;;;10904;12;10907;20;;;10901.0;0.0
yf_BGS_d5;52500;ASH_COATED_OSMIUM;9942;7;9938;18;;;9956;22;9958;23;;;9949.0;0.0
yf_BGS_d5;52500;INTARIAN_PEPPER_ROOT;10899;14;10897;19;;;10905;13;10908;21;;;10902.0;0.0
yf_BGS_d5;52600;ASH_COATED_OSMIUM;9936;8;9932;19;;;9963;22;9966;20;;;9949.5;0.0
yf_BGS_d5;52600;INTARIAN_PEPPER_ROOT;10902;14;10900;21;;;10908;5;10910;8;;;10905.0;0.0
yf_BGS_d5;52700;ASH_COATED_OSMIUM;9943;6;9940;13;;;9955;19;9958;28;;;9949.0;0.0
yf_BGS_d5;52700;INTARIAN_PEPPER_ROOT;10902;9;10900;20;;;10908;10;10912;24;;;10905.0;0.0
yf_BGS_d5;52800;ASH_COATED_OSMIUM;9946;9;9942;16;;;9953;18;9956;17;;;9949.5;0.0
yf_BGS_d5;52800;INTARIAN_PEPPER_ROOT;10895;15;10891;21;;;10920;14;10922;21;;;10907.5;0.0
yf_BGS_d5;52900;ASH_COATED_OSMIUM;9947;10;9944;22;;;9953;16;9955;10;;;9950.0;0.0
yf_BGS_d5;52900;INTARIAN_PEPPER_ROOT;10895;8;10892;23;;;10920;22;10924;23;;;10907.5;0.0
yf_BGS_d5;53000;ASH_COATED_OSMIUM;9947;19;9945;17;;;9953;19;9956;23;;;9950.0;0.0
yf_BGS_d5;53000;INTARIAN_PEPPER_ROOT;10906;17;10904;14;;;10912;15;10915;21;;;10909.0;0.0
yf_BGS_d5;53100;ASH_COATED_OSMIUM;9947;18;9944;18;;;9953;17;9955;28;;;9950.0;0.0
yf_BGS_d5;53100;INTARIAN_PEPPER_ROOT;10908;13;10906;28;;;10914;14;10917;16;;;10911.0;0.0
yf_BGS_d5;53200;ASH_COATED_OSMIUM;9947;19;9944;19;;;9953;19;9957;20;;;9950.0;0.0
yf_BGS_d5;53200;INTARIAN_PEPPER_ROOT;10909;17;10907;27;;;10915;14;10919;18;;;10912.0;0.0
yf_BGS_d5;53300;ASH_COATED_OSMIUM;9946;18;9944;13;;;9955;14;9958;13;;;9950.5;0.0
yf_BGS_d5;53300;INTARIAN_PEPPER_ROOT;10911;19;10908;18;;;10917;16;10920;18;;;10914.0;0.0
yf_BGS_d5;53400;ASH_COATED_OSMIUM;9947;15;9943;17;;;9953;22;9955;21;;;9950.0;0.0
yf_BGS_d5;53400;INTARIAN_PEPPER_ROOT;10912;18;10910;23;;;10918;17;10921;8;;;10915.0;0.0
yf_BGS_d5;53500;ASH_COATED_OSMIUM;9947;15;9943;20;;;9953;11;9956;9;;;9950.0;0.0
yf_BGS_d5;53500;INTARIAN_PEPPER_ROOT;10913;11;10911;10;;;10919;13;10921;31;;;10916.0;0.0
yf_BGS_d5;53600;ASH_COATED_OSMIUM;9948;23;9944;18;;;9954;6;9958;18;;;9951.0;0.0
yf_BGS_d5;53600;INTARIAN_PEPPER_ROOT;10914;9;10912;19;;;10920;12;10922;19;;;10917.0;0.0
yf_BGS_d5;53700;ASH_COATED_OSMIUM;9948;10;9946;24;;;9954;20;9957;12;;;9951.0;0.0
yf_BGS_d5;53700;INTARIAN_PEPPER_ROOT;10916;11;10914;19;;;10922;10;10924;21;;;10919.0;0.0
yf_BGS_d5;53800;ASH_COATED_OSMIUM;9947;13;9943;33;;;9953;9;9955;14;;;9950.0;0.0
yf_BGS_d5;53800;INTARIAN_PEPPER_ROOT;10909;5;10906;14;;;10932;15;10936;22;;;10920.5;0.0
yf_BGS_d5;53900;ASH_COATED_OSMIUM;9948;15;9944;17;;;9954;12;9956;23;;;9951.0;0.0
yf_BGS_d5;53900;INTARIAN_PEPPER_ROOT;10919;9;10916;11;;;10925;8;10927;14;;;10922.0;0.0
yf_BGS_d5;54000;ASH_COATED_OSMIUM;9948;9;9945;26;;;9955;20;9957;21;;;9951.5;0.0
yf_BGS_d5;54000;INTARIAN_PEPPER_ROOT;10920;11;10918;14;;;10926;13;10930;23;;;10923.0;0.0
yf_BGS_d5;54100;ASH_COATED_OSMIUM;9947;19;9943;20;;;9954;10;9957;22;;;9950.5;0.0
yf_BGS_d5;54100;INTARIAN_PEPPER_ROOT;10922;14;10919;26;;;10928;13;10930;18;;;10925.0;0.0
yf_BGS_d5;54200;ASH_COATED_OSMIUM;9949;11;9947;22;;;9955;10;9958;17;;;9952.0;0.0
yf_BGS_d5;54200;INTARIAN_PEPPER_ROOT;10918;5;10916;19;;;10934;22;10937;28;;;10926.0;0.0
yf_BGS_d5;54300;ASH_COATED_OSMIUM;9949;12;9947;17;;;9955;16;9959;22;;;9952.0;0.0
yf_BGS_d5;54300;INTARIAN_PEPPER_ROOT;10924;20;10921;20;;;10930;11;10933;18;;;10927.0;0.0
yf_BGS_d5;54400;ASH_COATED_OSMIUM;9948;11;9945;24;;;9956;12;9958;26;;;9952.0;0.0
yf_BGS_d5;54400;INTARIAN_PEPPER_ROOT;10926;21;10923;17;;;10932;17;10936;13;;;10929.0;0.0
yf_BGS_d5;54500;ASH_COATED_OSMIUM;9948;14;9946;15;;;9954;18;9957;8;;;9951.0;0.0
yf_BGS_d5;54500;INTARIAN_PEPPER_ROOT;10927;11;10923;20;;;10933;18;10937;19;;;10930.0;0.0
yf_BGS_d5;54600;ASH_COATED_OSMIUM;9949;12;9946;18;;;9955;21;9957;20;;;9952.0;0.0
yf_BGS_d5;54600;INTARIAN_PEPPER_ROOT;10925;19;10923;21;;;10937;17;10940;26;;;10931.0;0.0
yf_BGS_d5;54700;ASH_COATED_OSMIUM;9947;11;9943;15;;;9956;10;9960;27;;;9951.5;0.0
yf_BGS_d5;54700;INTARIAN_PEPPER_ROOT;10930;14;10927;14;;;10936;20;10940;14;;;10933.0;0.0
yf_BGS_d5;54800;ASH_COATED_OSMIUM;9947;8;9944;13;;;9956;5;9959;15;;;9951.5;0.0
yf_BGS_d5;54800;INTARIAN_PEPPER_ROOT;10931;15;10927;14;;;10937;17;10941;28;;;10934.0;0.0
yf_BGS_d5;54900;ASH_COATED_OSMIUM;9948;16;9944;8;;;9956;18;9959;24;;;9952.0;0.0
yf_BGS_d5;54900;INTARIAN_PEPPER_ROOT;10932;18;10930;21;;;10938;13;10940;17;;;10935.0;0.0
yf_BGS_d5;55000;ASH_COATED_OSMIUM;9949;21;9945;14;;;9955;5;9957;25;;;9952.0;0.0
yf_BGS_d5;55000;INTARIAN_PEPPER_ROOT;10934;7;10931;26;;;10940;14;10943;17;;;10937.0;0.0
yf_BGS_d5;55100;ASH_COATED_OSMIUM;9949;15;9946;22;;;9955;9;9959;15;;;9952.0;0.0
yf_BGS_d5;55100;INTARIAN_PEPPER_ROOT;10935;10;10931;13;;;10941;10;10944;28;;;10938.0;0.0
yf_BGS_d5;55200;ASH_COATED_OSMIUM;9947;8;9944;22;;;9959;27;9962;11;;;9953.0;0.0
yf_BGS_d5;55200;INTARIAN_PEPPER_ROOT;10936;14;10933;24;;;10943;15;10947;27;;;10939.5;0.0
yf_BGS_d5;55300;ASH_COATED_OSMIUM;9947;10;9944;21;;;9958;17;9960;22;;;9952.5;0.0
yf_BGS_d5;55300;INTARIAN_PEPPER_ROOT;10938;20;10934;28;;;10944;13;10946;18;;;10941.0;0.0
yf_BGS_d5;55400;ASH_COATED_OSMIUM;9950;12;9946;23;;;9956;20;9960;21;;;9953.0;0.0
yf_BGS_d5;55400;INTARIAN_PEPPER_ROOT;10940;9;10938;16;;;10946;8;10949;23;;;10943.0;0.0
yf_BGS_d5;55500;ASH_COATED_OSMIUM;9950;10;9947;29;;;9956;8;9960;18;;;9953.0;0.0
yf_BGS_d5;55500;INTARIAN_PEPPER_ROOT;10939;20;10936;22;;;10950;17;10954;10;;;10944.5;0.0
yf_BGS_d5;55600;ASH_COATED_OSMIUM;9950;25;9947;17;;;9956;12;9960;21;;;9953.0;0.0
yf_BGS_d5;55600;INTARIAN_PEPPER_ROOT;10942;8;10940;20;;;10948;17;10950;14;;;10945.0;0.0
yf_BGS_d5;55700;ASH_COATED_OSMIUM;9939;7;9937;9;;;9967;9;9969;15;;;9953.0;0.0
yf_BGS_d5;55700;INTARIAN_PEPPER_ROOT;10943;12;10939;22;;;10949;15;10952;20;;;10946.0;0.0
yf_BGS_d5;55800;ASH_COATED_OSMIUM;9949;13;9945;17;;;9957;18;9961;23;;;9953.0;0.0
yf_BGS_d5;55800;INTARIAN_PEPPER_ROOT;10940;12;10937;25;;;10957;23;10960;14;;;10948.5;0.0
yf_BGS_d5;55900;ASH_COATED_OSMIUM;9950;14;9948;24;;;9956;15;9959;20;;;9953.0;0.0
yf_BGS_d5;55900;INTARIAN_PEPPER_ROOT;10946;18;10944;14;;;10952;8;10954;15;;;10949.0;0.0
yf_BGS_d5;56000;ASH_COATED_OSMIUM;9951;12;9947;19;;;9957;17;9961;17;;;9954.0;0.0
yf_BGS_d5;56000;INTARIAN_PEPPER_ROOT;10948;20;10944;13;;;10954;15;10958;19;;;10951.0;0.0
yf_BGS_d5;56100;ASH_COATED_OSMIUM;9951;16;9947;22;;;9957;5;9961;25;;;9954.0;0.0
yf_BGS_d5;56100;INTARIAN_PEPPER_ROOT;10944;11;10940;20;;;10961;12;10965;21;;;10952.5;0.0
yf_BGS_d5;56200;ASH_COATED_OSMIUM;9950;11;9948;23;;;9956;9;9958;24;;;9953.0;0.0
yf_BGS_d5;56200;INTARIAN_PEPPER_ROOT;10950;15;10948;27;;;10956;14;10960;19;;;10953.0;0.0
yf_BGS_d5;56300;ASH_COATED_OSMIUM;9951;21;9948;20;;;9957;14;9961;15;;;9954.0;0.0
yf_BGS_d5;56300;INTARIAN_PEPPER_ROOT;10952;8;10949;22;;;10958;16;10962;19;;;10955.0;0.0
yf_BGS_d5;56400;ASH_COATED_OSMIUM;9941;19;9939;12;;;9967;16;9969;14;;;9954.0;0.0
yf_BGS_d5;56400;INTARIAN_PEPPER_ROOT;10953;20;10951;20;;;10959;13;10961;21;;;10956.0;0.0
yf_BGS_d5;56500;ASH_COATED_OSMIUM;9949;5;9947;20;;;9959;21;9963;25;;;9954.0;0.0
yf_BGS_d5;56500;INTARIAN_PEPPER_ROOT;10955;17;10952;17;;;10961;18;10964;25;;;10958.0;0.0
yf_BGS_d5;56600;ASH_COATED_OSMIUM;9948;12;9946;13;;;9959;19;9962;28;;;9953.5;0.0
yf_BGS_d5;56600;INTARIAN_PEPPER_ROOT;10957;17;10953;19;;;10963;15;10966;13;;;10960.0;0.0
yf_BGS_d5;56700;ASH_COATED_OSMIUM;9935;8;9931;14;;;9973;13;9977;21;;;9954.0;0.0
yf_BGS_d5;56700;INTARIAN_PEPPER_ROOT;10957;11;10953;14;;;10965;11;10968;13;;;10961.0;0.0
yf_BGS_d5;56800;ASH_COATED_OSMIUM;9952;24;9948;25;;;9958;13;9961;18;;;9955.0;0.0
yf_BGS_d5;56800;INTARIAN_PEPPER_ROOT;10955;18;10951;17;;;10969;12;10972;13;;;10962.0;0.0
yf_BGS_d5;56900;ASH_COATED_OSMIUM;9945;16;9942;18;;;9965;19;9969;22;;;9955.0;0.0
yf_BGS_d5;56900;INTARIAN_PEPPER_ROOT;10960;5;10958;17;;;10966;11;10970;12;;;10963.0;0.0
yf_BGS_d5;57000;ASH_COATED_OSMIUM;9952;8;9950;18;;;9958;17;9962;16;;;9955.0;0.0
yf_BGS_d5;57000;INTARIAN_PEPPER_ROOT;10962;14;10958;19;;;10968;11;10972;21;;;10965.0;0.0
yf_BGS_d5;57100;ASH_COATED_OSMIUM;9952;10;9948;18;;;9958;19;9960;19;;;9955.0;0.0
yf_BGS_d5;57100;INTARIAN_PEPPER_ROOT;10963;16;10959;16;;;10969;17;10972;15;;;10966.0;0.0
yf_BGS_d5;57200;ASH_COATED_OSMIUM;9940;21;9938;23;;;9969;16;9972;24;;;9954.5;0.0
yf_BGS_d5;57200;INTARIAN_PEPPER_ROOT;10965;7;10962;22;;;10971;17;10974;16;;;10968.0;0.0
yf_BGS_d5;57300;ASH_COATED_OSMIUM;9952;13;9948;24;;;9958;15;9962;13;;;9955.0;0.0
yf_BGS_d5;57300;INTARIAN_PEPPER_ROOT;10966;16;10963;14;;;10972;20;10974;26;;;10969.0;0.0
yf_BGS_d5;57400;ASH_COATED_OSMIUM;9946;23;9943;26;;;9964;23;9967;26;;;9955.0;0.0
yf_BGS_d5;57400;INTARIAN_PEPPER_ROOT;10963;17;10960;11;;;10977;16;10979;26;;;10970.0;0.0
yf_BGS_d5;57500;ASH_COATED_OSMIUM;9952;8;9948;13;;;9958;10;9961;13;;;9955.0;0.0
yf_BGS_d5;57500;INTARIAN_PEPPER_ROOT;10962;16;10958;30;;;10982;19;10985;17;;;10972.0;0.0
yf_BGS_d5;57600;ASH_COATED_OSMIUM;9947;20;9943;8;;;9964;14;9966;15;;;9955.5;0.0
yf_BGS_d5;57600;INTARIAN_PEPPER_ROOT;10970;18;10967;24;;;10976;17;10978;15;;;10973.0;0.0
yf_BGS_d5;57700;ASH_COATED_OSMIUM;9953;14;9950;9;;;9959;16;9963;19;;;9956.0;0.0
yf_BGS_d5;57700;INTARIAN_PEPPER_ROOT;10969;12;10966;17;;;10979;18;10982;12;;;10974.0;0.0
yf_BGS_d5;57800;ASH_COATED_OSMIUM;9946;12;9943;21;;;9964;11;9968;30;;;9955.0;0.0
yf_BGS_d5;57800;INTARIAN_PEPPER_ROOT;10973;14;10969;20;;;10979;6;10983;14;;;10976.0;0.0
yf_BGS_d5;57900;ASH_COATED_OSMIUM;9952;13;9949;15;;;9958;13;9962;16;;;9955.0;0.0
yf_BGS_d5;57900;INTARIAN_PEPPER_ROOT;10968;15;10966;16;;;10987;14;10989;25;;;10977.5;0.0
yf_BGS_d5;58000;ASH_COATED_OSMIUM;9953;16;9951;25;;;9959;22;9962;12;;;9956.0;0.0
yf_BGS_d5;58000;INTARIAN_PEPPER_ROOT;10975;12;10973;20;;;10981;10;10985;21;;;10978.0;0.0
yf_BGS_d5;58100;ASH_COATED_OSMIUM;9945;15;9941;22;;;9966;10;9968;8;;;9955.5;0.0
yf_BGS_d5;58100;INTARIAN_PEPPER_ROOT;10977;9;10975;20;;;10983;9;10987;22;;;10980.0;0.0
yf_BGS_d5;58200;ASH_COATED_OSMIUM;9951;12;9948;29;;;9962;20;9964;18;;;9956.5;0.0
yf_BGS_d5;58200;INTARIAN_PEPPER_ROOT;10978;18;10975;35;;;10984;22;10988;13;;;10981.0;0.0
yf_BGS_d5;58300;ASH_COATED_OSMIUM;9953;16;9950;21;;;9959;12;9963;15;;;9956.0;0.0
yf_BGS_d5;58300;INTARIAN_PEPPER_ROOT;10979;22;10975;15;;;10985;12;10988;20;;;10982.0;0.0
yf_BGS_d5;58400;ASH_COATED_OSMIUM;9951;7;9947;24;;;9962;14;9965;22;;;9956.5;0.0
yf_BGS_d5;58400;INTARIAN_PEPPER_ROOT;10981;13;10977;23;;;10987;11;10989;19;;;10984.0;0.0
yf_BGS_d5;58500;ASH_COATED_OSMIUM;9953;11;9949;30;;;9959;23;9962;25;;;9956.0;0.0
yf_BGS_d5;58500;INTARIAN_PEPPER_ROOT;10978;16;10975;20;;;10993;19;10995;16;;;10985.5;0.0
yf_BGS_d5;58600;ASH_COATED_OSMIUM;9954;11;9951;19;;;9960;16;9963;20;;;9957.0;0.0
yf_BGS_d5;58600;INTARIAN_PEPPER_ROOT;10981;6;10979;21;;;10990;11;10992;27;;;10985.5;0.0
yf_BGS_d5;58700;ASH_COATED_OSMIUM;9954;13;9951;24;;;9960;7;9963;17;;;9957.0;0.0
yf_BGS_d5;58700;INTARIAN_PEPPER_ROOT;10984;6;10981;19;;;10991;14;10994;21;;;10987.5;0.0
yf_BGS_d5;58800;ASH_COATED_OSMIUM;9943;15;9939;19;;;9970;15;9972;17;;;9956.5;0.0
yf_BGS_d5;58800;INTARIAN_PEPPER_ROOT;10986;16;10984;17;;;10993;13;10995;18;;;10989.5;0.0
yf_BGS_d5;58900;ASH_COATED_OSMIUM;9950;10;9946;11;;;9965;16;9969;15;;;9957.5;0.0
yf_BGS_d5;58900;INTARIAN_PEPPER_ROOT;10989;7;10985;22;;;10995;19;10997;15;;;10992.0;0.0
yf_BGS_d5;59000;ASH_COATED_OSMIUM;9951;16;9947;18;;;9963;18;9967;15;;;9957.0;0.0
