day;timestamp;product;bid_price_1;bid_volume_1;bid_price_2;bid_volume_2;bid_price_3;bid_volume_3;ask_price_1;ask_volume_1;ask_price_2;ask_volume_2;ask_price_3;ask_volume_3;mid_price;profit_and_loss
yf_ZW=F_d6;0;ASH_COATED_OSMIUM;9899;14;9895;15;;;9919;17;9921;16;;;9909.0;0.0
yf_ZW=F_d6;0;INTARIAN_PEPPER_ROOT;10938;22;10935;9;;;10955;9;10958;24;;;10946.5;0.0
yf_ZW=F_d6;100;ASH_COATED_OSMIUM;9902;18;9900;16;;;9915;6;9918;24;;;9908.5;0.0
yf_ZW=F_d6;100;INTARIAN_PEPPER_ROOT;10920;22;10918;19;;;10967;6;10970;30;;;10943.5;0.0
yf_ZW=F_d6;200;ASH_COATED_OSMIUM;9906;20;9902;25;;;9912;18;9916;21;;;9909.0;0.0
yf_ZW=F_d6;200;INTARIAN_PEPPER_ROOT;10937;20;10934;22;;;10943;18;10946;15;;;10940.0;0.0
yf_ZW=F_d6;300;ASH_COATED_OSMIUM;9906;8;9903;24;;;9912;13;9914;8;;;9909.0;0.0
yf_ZW=F_d6;300;INTARIAN_PEPPER_ROOT;10933;12;10930;18;;;10939;16;10942;20;;;10936.0;0.0
yf_ZW=F_d6;400;ASH_COATED_OSMIUM;9897;10;9893;21;;;9921;17;9924;14;;;9909.0;0.0
yf_ZW=F_d6;400;INTARIAN_PEPPER_ROOT;10930;17;10926;16;;;10936;11;10939;20;;;10933.0;0.0
yf_ZW=F_d6;500;ASH_COATED_OSMIUM;9905;12;9901;16;;;9911;19;9915;16;;;9908.0;0.0
yf_ZW=F_d6;500;INTARIAN_PEPPER_ROOT;10911;15;10908;26;;;10949;16;10951;25;;;10930.0;0.0
yf_ZW=F_d6;600;ASH_COATED_OSMIUM;9900;19;9898;23;;;9918;10;9921;23;;;9909.0;0.0
yf_ZW=F_d6;600;INTARIAN_PEPPER_ROOT;10920;17;10916;21;;;10932;12;10935;23;;;10926.0;0.0
yf_ZW=F_d6;700;ASH_COATED_OSMIUM;9902;13;9900;18;;;9914;14;9917;25;;;9908.0;0.0
yf_ZW=F_d6;700;INTARIAN_PEPPER_ROOT;10918;19;10914;24;;;10927;17;10930;27;;;10922.5;0.0
yf_ZW=F_d6;800;ASH_COATED_OSMIUM;9906;9;9903;27;;;9912;9;9915;13;;;9909.0;0.0
yf_ZW=F_d6;800;INTARIAN_PEPPER_ROOT;10913;21;10909;12;;;10927;9;10930;28;;;10920.0;0.0
yf_ZW=F_d6;900;ASH_COATED_OSMIUM;9906;25;9904;18;;;9912;19;9915;24;;;9909.0;0.0
yf_ZW=F_d6;900;INTARIAN_PEPPER_ROOT;10913;9;10910;19;;;10919;14;10923;13;;;10916.0;0.0
yf_ZW=F_d6;1000;ASH_COATED_OSMIUM;9905;20;9903;24;;;9911;13;9913;16;;;9908.0;0.0
yf_ZW=F_d6;1000;INTARIAN_PEPPER_ROOT;10909;13;10907;22;;;10917;10;10920;26;;;10913.0;0.0
yf_ZW=F_d6;1100;ASH_COATED_OSMIUM;9905;13;9901;27;;;9911;14;9915;25;;;9908.0;0.0
yf_ZW=F_d6;1100;INTARIAN_PEPPER_ROOT;10904;18;10901;18;;;10914;9;10917;24;;;10909.0;0.0
yf_ZW=F_d6;1200;ASH_COATED_OSMIUM;9906;11;9904;26;;;9912;16;9916;17;;;9909.0;0.0
yf_ZW=F_d6;1200;INTARIAN_PEPPER_ROOT;10903;8;10899;14;;;10909;17;10912;21;;;10906.0;0.0
yf_ZW=F_d6;1300;ASH_COATED_OSMIUM;9905;12;9903;19;;;9911;18;9915;27;;;9908.0;0.0
yf_ZW=F_d6;1300;INTARIAN_PEPPER_ROOT;10900;9;10897;17;;;10906;11;10910;22;;;10903.0;0.0
yf_ZW=F_d6;1400;ASH_COATED_OSMIUM;9903;21;9899;22;;;9912;19;9915;21;;;9907.5;0.0
yf_ZW=F_d6;1400;INTARIAN_PEPPER_ROOT;10896;9;10893;16;;;10902;15;10906;22;;;10899.0;0.0
yf_ZW=F_d6;1500;ASH_COATED_OSMIUM;9905;12;9903;26;;;9911;25;9914;17;;;9908.0;0.0
yf_ZW=F_d6;1500;INTARIAN_PEPPER_ROOT;10892;19;10889;20;;;10898;8;10900;17;;;10895.0;0.0
yf_ZW=F_d6;1600;ASH_COATED_OSMIUM;9905;18;9903;18;;;9911;17;9913;17;;;9908.0;0.0
yf_ZW=F_d6;1600;INTARIAN_PEPPER_ROOT;10888;14;10884;12;;;10896;20;10898;24;;;10892.0;0.0
yf_ZW=F_d6;1700;ASH_COATED_OSMIUM;9899;11;9897;10;;;9916;23;9920;9;;;9907.5;0.0
yf_ZW=F_d6;1700;INTARIAN_PEPPER_ROOT;10883;27;10881;24;;;10895;21;10899;19;;;10889.0;0.0
yf_ZW=F_d6;1800;ASH_COATED_OSMIUM;9905;15;9902;14;;;9911;17;9914;12;;;9908.0;0.0
yf_ZW=F_d6;1800;INTARIAN_PEPPER_ROOT;10882;7;10878;26;;;10889;8;10891;17;;;10885.5;0.0
yf_ZW=F_d6;1900;ASH_COATED_OSMIUM;9902;18;9899;24;;;9914;20;9917;16;;;9908.0;0.0
yf_ZW=F_d6;1900;INTARIAN_PEPPER_ROOT;10880;21;10877;27;;;10886;20;10889;21;;;10883.0;0.0
yf_ZW=F_d6;2000;ASH_COATED_OSMIUM;9905;10;9901;21;;;9911;16;9913;25;;;9908.0;0.0
yf_ZW=F_d6;2000;INTARIAN_PEPPER_ROOT;10876;17;10874;9;;;10882;11;10886;13;;;10879.0;0.0
yf_ZW=F_d6;2100;ASH_COATED_OSMIUM;9904;21;9901;17;;;9912;16;9915;16;;;9908.0;0.0
yf_ZW=F_d6;2100;INTARIAN_PEPPER_ROOT;10873;14;10870;16;;;10879;14;10882;21;;;10876.0;0.0
yf_ZW=F_d6;2200;ASH_COATED_OSMIUM;9901;17;9899;13;;;9916;20;9919;17;;;9908.5;0.0
yf_ZW=F_d6;2200;INTARIAN_PEPPER_ROOT;10869;15;10867;20;;;10875;11;10877;20;;;10872.0;0.0
yf_ZW=F_d6;2300;ASH_COATED_OSMIUM;9905;15;9903;20;;;9911;26;9914;20;;;9908.0;0.0
yf_ZW=F_d6;2300;INTARIAN_PEPPER_ROOT;10865;19;10862;23;;;10871;17;10874;16;;;10868.0;0.0
yf_ZW=F_d6;2400;ASH_COATED_OSMIUM;9895;16;9891;27;;;9920;13;9923;15;;;9907.5;0.0
yf_ZW=F_d6;2400;INTARIAN_PEPPER_ROOT;10862;11;10860;17;;;10868;18;10870;28;;;10865.0;0.0
yf_ZW=F_d6;2500;ASH_COATED_OSMIUM;9905;9;9903;18;;;9911;14;9915;10;;;9908.0;0.0
yf_ZW=F_d6;2500;INTARIAN_PEPPER_ROOT;10858;9;10855;26;;;10864;19;10868;28;;;10861.0;0.0
yf_ZW=F_d6;2600;ASH_COATED_OSMIUM;9897;17;9894;24;;;9919;23;9923;22;;;9908.0;0.0
yf_ZW=F_d6;2600;INTARIAN_PEPPER_ROOT;10852;16;10848;15;;;10866;6;10870;18;;;10859.0;0.0
yf_ZW=F_d6;2700;ASH_COATED_OSMIUM;9904;16;9902;17;;;9910;16;9914;12;;;9907.0;0.0
yf_ZW=F_d6;2700;INTARIAN_PEPPER_ROOT;10852;10;10848;21;;;10858;19;10860;15;;;10855.0;0.0
yf_ZW=F_d6;2800;ASH_COATED_OSMIUM;9905;17;9903;21;;;9911;9;9915;19;;;9908.0;0.0
yf_ZW=F_d6;2800;INTARIAN_PEPPER_ROOT;10849;16;10846;21;;;10855;13;10858;19;;;10852.0;0.0
yf_ZW=F_d6;2900;ASH_COATED_OSMIUM;9905;9;9902;29;;;9911;18;9914;8;;;9908.0;0.0
yf_ZW=F_d6;2900;INTARIAN_PEPPER_ROOT;10843;19;10839;21;;;10854;9;10856;29;;;10848.5;0.0
yf_ZW=F_d6;3000;ASH_COATED_OSMIUM;9904;5;9902;18;;;9910;12;9913;20;;;9907.0;0.0
yf_ZW=F_d6;3000;INTARIAN_PEPPER_ROOT;10842;17;10840;17;;;10848;26;10852;19;;;10845.0;0.0
yf_ZW=F_d6;3100;ASH_COATED_OSMIUM;9900;12;9898;20;;;9914;10;9917;25;;;9907.0;0.0
yf_ZW=F_d6;3100;INTARIAN_PEPPER_ROOT;10836;13;10833;25;;;10847;20;10849;21;;;10841.5;0.0
yf_ZW=F_d6;3200;ASH_COATED_OSMIUM;9904;14;9900;27;;;9910;20;9913;24;;;9907.0;0.0
yf_ZW=F_d6;3200;INTARIAN_PEPPER_ROOT;10834;8;10831;19;;;10841;20;10845;19;;;10837.5;0.0
yf_ZW=F_d6;3300;ASH_COATED_OSMIUM;9904;25;9902;17;;;9911;17;9913;28;;;9907.5;0.0
yf_ZW=F_d6;3300;INTARIAN_PEPPER_ROOT;10832;14;10828;25;;;10838;15;10840;18;;;10835.0;0.0
yf_ZW=F_d6;3400;ASH_COATED_OSMIUM;9905;9;9902;8;;;9911;8;9914;16;;;9908.0;0.0
yf_ZW=F_d6;3400;INTARIAN_PEPPER_ROOT;10829;9;10827;24;;;10835;20;10837;15;;;10832.0;0.0
yf_ZW=F_d6;3500;ASH_COATED_OSMIUM;9904;8;9902;19;;;9910;17;9914;8;;;9907.0;0.0
yf_ZW=F_d6;3500;INTARIAN_PEPPER_ROOT;10825;16;10822;16;;;10831;5;10835;20;;;10828.0;0.0
yf_ZW=F_d6;3600;ASH_COATED_OSMIUM;9904;22;9901;20;;;9910;5;9912;25;;;9907.0;0.0
yf_ZW=F_d6;3600;INTARIAN_PEPPER_ROOT;10821;13;10817;23;;;10829;13;10833;8;;;10825.0;0.0
yf_ZW=F_d6;3700;ASH_COATED_OSMIUM;9894;20;9892;31;;;9922;10;9925;17;;;9908.0;0.0
yf_ZW=F_d6;3700;INTARIAN_PEPPER_ROOT;10806;15;10802;22;;;10836;12;10840;20;;;10821.0;0.0
yf_ZW=F_d6;3800;ASH_COATED_OSMIUM;9904;11;9900;27;;;9910;15;9912;24;;;9907.0;0.0
yf_ZW=F_d6;3800;INTARIAN_PEPPER_ROOT;10812;17;10810;25;;;10824;17;10826;16;;;10818.0;0.0
yf_ZW=F_d6;3900;ASH_COATED_OSMIUM;9905;14;9901;22;;;9911;5;9915;25;;;9908.0;0.0
yf_ZW=F_d6;3900;INTARIAN_PEPPER_ROOT;10812;16;10810;14;;;10818;11;10822;25;;;10815.0;0.0
yf_ZW=F_d6;4000;ASH_COATED_OSMIUM;9897;22;9895;26;;;9919;23;9922;13;;;9908.0;0.0
yf_ZW=F_d6;4000;INTARIAN_PEPPER_ROOT;10808;22;10805;25;;;10814;8;10816;13;;;10811.0;0.0
yf_ZW=F_d6;4100;ASH_COATED_OSMIUM;9904;15;9902;12;;;9912;5;9916;20;;;9908.0;0.0
yf_ZW=F_d6;4100;INTARIAN_PEPPER_ROOT;10804;21;10800;13;;;10810;14;10813;29;;;10807.0;0.0
yf_ZW=F_d6;4200;ASH_COATED_OSMIUM;9904;20;9900;14;;;9910;12;9914;23;;;9907.0;0.0
yf_ZW=F_d6;4200;INTARIAN_PEPPER_ROOT;10797;15;10795;25;;;10812;5;10816;17;;;10804.5;0.0
yf_ZW=F_d6;4300;ASH_COATED_OSMIUM;9904;13;9900;14;;;9910;15;9914;22;;;9907.0;0.0
yf_ZW=F_d6;4300;INTARIAN_PEPPER_ROOT;10781;10;10778;11;;;10821;17;10824;20;;;10801.0;0.0
yf_ZW=F_d6;4400;ASH_COATED_OSMIUM;9902;14;9898;28;;;9914;15;9916;19;;;9908.0;0.0
yf_ZW=F_d6;4400;INTARIAN_PEPPER_ROOT;10795;11;10791;23;;;10801;5;10803;17;;;10798.0;0.0
yf_ZW=F_d6;4500;ASH_COATED_OSMIUM;9904;10;9901;10;;;9910;25;9914;30;;;9907.0;0.0
yf_ZW=F_d6;4500;INTARIAN_PEPPER_ROOT;10791;19;10787;21;;;10797;15;10799;13;;;10794.0;0.0
yf_ZW=F_d6;4600;ASH_COATED_OSMIUM;9898;13;9895;23;;;9915;11;9918;23;;;9906.5;0.0
yf_ZW=F_d6;4600;INTARIAN_PEPPER_ROOT;10780;14;10777;11;;;10802;7;10806;19;;;10791.0;0.0
yf_ZW=F_d6;4700;ASH_COATED_OSMIUM;9895;14;9893;16;;;9918;15;9922;23;;;9906.5;0.0
yf_ZW=F_d6;4700;INTARIAN_PEPPER_ROOT;10780;12;10776;21;;;10794;23;10796;14;;;10787.0;0.0
yf_ZW=F_d6;4800;ASH_COATED_OSMIUM;9902;20;9899;26;;;9911;18;9913;15;;;9906.5;0.0
yf_ZW=F_d6;4800;INTARIAN_PEPPER_ROOT;10778;17;10776;26;;;10790;10;10794;21;;;10784.0;0.0
yf_ZW=F_d6;4900;ASH_COATED_OSMIUM;9889;13;9885;17;;;9924;16;9926;17;;;9906.5;0.0
yf_ZW=F_d6;4900;INTARIAN_PEPPER_ROOT;10777;18;10775;17;;;10783;21;10787;21;;;10780.0;0.0
yf_ZW=F_d6;5000;ASH_COATED_OSMIUM;9903;9;9899;15;;;9911;15;9914;17;;;9907.0;0.0
yf_ZW=F_d6;5000;INTARIAN_PEPPER_ROOT;10764;11;10761;28;;;10790;19;10793;28;;;10777.0;0.0
yf_ZW=F_d6;5100;ASH_COATED_OSMIUM;9904;9;9902;15;;;9910;9;9914;17;;;9907.0;0.0
yf_ZW=F_d6;5100;INTARIAN_PEPPER_ROOT;10763;12;10760;21;;;10785;9;10788;25;;;10774.0;0.0
yf_ZW=F_d6;5200;ASH_COATED_OSMIUM;9902;16;9900;11;;;9912;28;9915;29;;;9907.0;0.0
yf_ZW=F_d6;5200;INTARIAN_PEPPER_ROOT;10767;17;10763;14;;;10773;16;10775;16;;;10770.0;0.0
yf_ZW=F_d6;5300;ASH_COATED_OSMIUM;9903;17;9900;23;;;9911;18;9914;18;;;9907.0;0.0
yf_ZW=F_d6;5300;INTARIAN_PEPPER_ROOT;10764;9;10762;23;;;10770;16;10773;24;;;10767.0;0.0
yf_ZW=F_d6;5400;ASH_COATED_OSMIUM;9904;20;9902;28;;;9910;14;9914;29;;;9907.0;0.0
yf_ZW=F_d6;5400;INTARIAN_PEPPER_ROOT;10761;12;10758;14;;;10767;12;10769;26;;;10764.0;0.0
yf_ZW=F_d6;5500;ASH_COATED_OSMIUM;9904;14;9900;22;;;9910;18;9912;21;;;9907.0;0.0
yf_ZW=F_d6;5500;INTARIAN_PEPPER_ROOT;10757;26;10753;22;;;10763;14;10766;18;;;10760.0;0.0
yf_ZW=F_d6;5600;ASH_COATED_OSMIUM;9895;5;9892;20;;;9918;10;9921;20;;;9906.5;0.0
yf_ZW=F_d6;5600;INTARIAN_PEPPER_ROOT;10744;13;10742;21;;;10771;10;10774;23;;;10757.5;0.0
yf_ZW=F_d6;5700;ASH_COATED_OSMIUM;9902;21;9900;21;;;9912;15;9915;26;;;9907.0;0.0
yf_ZW=F_d6;5700;INTARIAN_PEPPER_ROOT;10746;18;10743;19;;;10762;25;10764;23;;;10754.0;0.0
yf_ZW=F_d6;5800;ASH_COATED_OSMIUM;9904;28;9900;25;;;9910;18;9913;14;;;9907.0;0.0
yf_ZW=F_d6;5800;INTARIAN_PEPPER_ROOT;10747;14;10744;22;;;10754;15;10757;24;;;10750.5;0.0
yf_ZW=F_d6;5900;ASH_COATED_OSMIUM;9903;11;9901;20;;;9909;12;9912;18;;;9906.0;0.0
yf_ZW=F_d6;5900;INTARIAN_PEPPER_ROOT;10735;13;10731;12;;;10757;14;10759;21;;;10746.0;0.0
yf_ZW=F_d6;6000;ASH_COATED_OSMIUM;9889;5;9885;15;;;9922;16;9925;22;;;9905.5;0.0
yf_ZW=F_d6;6000;INTARIAN_PEPPER_ROOT;10738;11;10735;24;;;10750;19;10754;12;;;10744.0;0.0
yf_ZW=F_d6;6100;ASH_COATED_OSMIUM;9904;10;9901;25;;;9910;18;9912;24;;;9907.0;0.0
yf_ZW=F_d6;6100;INTARIAN_PEPPER_ROOT;10737;9;10734;19;;;10743;28;10746;15;;;10740.0;0.0
yf_ZW=F_d6;6200;ASH_COATED_OSMIUM;9903;10;9899;27;;;9909;12;9911;24;;;9906.0;0.0
yf_ZW=F_d6;6200;INTARIAN_PEPPER_ROOT;10734;16;10730;12;;;10740;16;10742;12;;;10737.0;0.0
yf_ZW=F_d6;6300;ASH_COATED_OSMIUM;9903;18;9899;20;;;9909;14;9913;16;;;9906.0;0.0
yf_ZW=F_d6;6300;INTARIAN_PEPPER_ROOT;10725;10;10721;22;;;10741;13;10743;13;;;10733.0;0.0
yf_ZW=F_d6;6400;ASH_COATED_OSMIUM;9903;7;9899;20;;;9909;24;9913;18;;;9906.0;0.0
yf_ZW=F_d6;6400;INTARIAN_PEPPER_ROOT;10727;13;10725;21;;;10733;12;10735;24;;;10730.0;0.0
yf_ZW=F_d6;6500;ASH_COATED_OSMIUM;9904;19;9900;14;;;9910;9;9914;21;;;9907.0;0.0
yf_ZW=F_d6;6500;INTARIAN_PEPPER_ROOT;10723;15;10721;12;;;10729;10;10733;13;;;10726.0;0.0
yf_ZW=F_d6;6600;ASH_COATED_OSMIUM;9904;13;9902;20;;;9910;13;9914;20;;;9907.0;0.0
yf_ZW=F_d6;6600;INTARIAN_PEPPER_ROOT;10709;12;10707;21;;;10737;27;10740;20;;;10723.0;0.0
yf_ZW=F_d6;6700;ASH_COATED_OSMIUM;9898;13;9896;23;;;9915;20;9917;12;;;9906.5;0.0
yf_ZW=F_d6;6700;INTARIAN_PEPPER_ROOT;10717;16;10714;22;;;10723;13;10726;19;;;10720.0;0.0
yf_ZW=F_d6;6800;ASH_COATED_OSMIUM;9903;9;9901;22;;;9909;16;9911;18;;;9906.0;0.0
yf_ZW=F_d6;6800;INTARIAN_PEPPER_ROOT;10714;10;10711;14;;;10720;26;10723;19;;;10717.0;0.0
yf_ZW=F_d6;6900;ASH_COATED_OSMIUM;9900;15;9896;15;;;9911;18;9915;20;;;9905.5;0.0
yf_ZW=F_d6;6900;INTARIAN_PEPPER_ROOT;10710;20;10707;25;;;10716;15;10719;25;;;10713.0;0.0
yf_ZW=F_d6;7000;ASH_COATED_OSMIUM;9893;23;9889;28;;;9919;6;9921;25;;;9906.0;0.0
yf_ZW=F_d6;7000;INTARIAN_PEPPER_ROOT;10706;17;10704;27;;;10712;19;10715;22;;;10709.0;0.0
yf_ZW=F_d6;7100;ASH_COATED_OSMIUM;9903;21;9900;13;;;9909;17;9912;15;;;9906.0;0.0
yf_ZW=F_d6;7100;INTARIAN_PEPPER_ROOT;10703;12;10699;22;;;10709;12;10712;16;;;10706.0;0.0
yf_ZW=F_d6;7200;ASH_COATED_OSMIUM;9903;11;9899;9;;;9909;18;9913;17;;;9906.0;0.0
yf_ZW=F_d6;7200;INTARIAN_PEPPER_ROOT;10700;11;10698;19;;;10706;9;10708;15;;;10703.0;0.0
yf_ZW=F_d6;7300;ASH_COATED_OSMIUM;9896;9;9894;26;;;9917;17;9920;17;;;9906.5;0.0
yf_ZW=F_d6;7300;INTARIAN_PEPPER_ROOT;10690;11;10687;22;;;10708;9;10710;11;;;10699.0;0.0
yf_ZW=F_d6;7400;ASH_COATED_OSMIUM;9903;23;9901;15;;;9909;19;9913;18;;;9906.0;0.0
yf_ZW=F_d6;7400;INTARIAN_PEPPER_ROOT;10693;13;10689;19;;;10699;13;10703;20;;;10696.0;0.0
yf_ZW=F_d6;7500;ASH_COATED_OSMIUM;9900;26;9896;16;;;9911;15;9914;15;;;9905.5;0.0
yf_ZW=F_d6;7500;INTARIAN_PEPPER_ROOT;10690;20;10687;13;;;10696;9;10698;27;;;10693.0;0.0
yf_ZW=F_d6;7600;ASH_COATED_OSMIUM;9903;15;9901;23;;;9909;19;9912;19;;;9906.0;0.0
yf_ZW=F_d6;7600;INTARIAN_PEPPER_ROOT;10686;15;10682;24;;;10692;17;10694;13;;;10689.0;0.0
yf_ZW=F_d6;7700;ASH_COATED_OSMIUM;9903;13;9899;25;;;9909;14;9912;22;;;9906.0;0.0
yf_ZW=F_d6;7700;INTARIAN_PEPPER_ROOT;10683;19;10679;26;;;10689;16;10692;17;;;10686.0;0.0
yf_ZW=F_d6;7800;ASH_COATED_OSMIUM;9901;16;9898;30;;;9911;21;9914;12;;;9906.0;0.0
yf_ZW=F_d6;7800;INTARIAN_PEPPER_ROOT;10678;11;10675;24;;;10687;22;10689;21;;;10682.5;0.0
yf_ZW=F_d6;7900;ASH_COATED_OSMIUM;9902;18;9899;8;;;9910;13;9913;23;;;9906.0;0.0
yf_ZW=F_d6;7900;INTARIAN_PEPPER_ROOT;10676;14;10674;24;;;10682;17;10685;19;;;10679.0;0.0
yf_ZW=F_d6;8000;ASH_COATED_OSMIUM;9902;17;9900;19;;;9908;10;9910;27;;;9905.0;0.0
yf_ZW=F_d6;8000;INTARIAN_PEPPER_ROOT;10660;15;10657;19;;;10691;23;10693;15;;;10675.5;0.0
yf_ZW=F_d6;8100;ASH_COATED_OSMIUM;9892;10;9888;17;;;9921;11;9923;20;;;9906.5;0.0
yf_ZW=F_d6;8100;INTARIAN_PEPPER_ROOT;10661;18;10657;21;;;10683;9;10685;22;;;10672.0;0.0
yf_ZW=F_d6;8200;ASH_COATED_OSMIUM;9902;8;9900;18;;;9908;23;9911;23;;;9905.0;0.0
yf_ZW=F_d6;8200;INTARIAN_PEPPER_ROOT;10665;5;10661;18;;;10671;16;10673;17;;;10668.0;0.0
yf_ZW=F_d6;8300;ASH_COATED_OSMIUM;9896;16;9893;18;;;9915;6;9919;10;;;9905.5;0.0
yf_ZW=F_d6;8300;INTARIAN_PEPPER_ROOT;10658;11;10655;20;;;10673;15;10677;27;;;10665.5;0.0
yf_ZW=F_d6;8400;ASH_COATED_OSMIUM;9903;16;9901;17;;;9909;21;9911;15;;;9906.0;0.0
yf_ZW=F_d6;8400;INTARIAN_PEPPER_ROOT;10659;16;10655;28;;;10665;12;10668;19;;;10662.0;0.0
yf_ZW=F_d6;8500;ASH_COATED_OSMIUM;9903;5;9899;11;;;9909;12;9911;23;;;9906.0;0.0
yf_ZW=F_d6;8500;INTARIAN_PEPPER_ROOT;10654;11;10650;11;;;10663;20;10666;14;;;10658.5;0.0
yf_ZW=F_d6;8600;ASH_COATED_OSMIUM;9902;14;9900;15;;;9908;17;9910;16;;;9905.0;0.0
yf_ZW=F_d6;8600;INTARIAN_PEPPER_ROOT;10652;13;10649;25;;;10658;24;10661;10;;;10655.0;0.0
yf_ZW=F_d6;8700;ASH_COATED_OSMIUM;9903;17;9901;17;;;9909;12;9912;17;;;9906.0;0.0
yf_ZW=F_d6;8700;INTARIAN_PEPPER_ROOT;10644;17;10641;10;;;10661;10;10663;19;;;10652.5;0.0
yf_ZW=F_d6;8800;ASH_COATED_OSMIUM;9902;16;9899;19;;;9908;17;9912;19;;;9905.0;0.0
yf_ZW=F_d6;8800;INTARIAN_PEPPER_ROOT;10645;9;10643;25;;;10651;17;10653;17;;;10648.0;0.0
yf_ZW=F_d6;8900;ASH_COATED_OSMIUM;9898;5;9895;18;;;9914;8;9918;21;;;9906.0;0.0
yf_ZW=F_d6;8900;INTARIAN_PEPPER_ROOT;10642;20;10640;18;;;10649;19;10651;30;;;10645.5;0.0
yf_ZW=F_d6;9000;ASH_COATED_OSMIUM;9897;18;9894;21;;;9914;16;9918;23;;;9905.5;0.0
yf_ZW=F_d6;9000;INTARIAN_PEPPER_ROOT;10638;19;10636;19;;;10644;20;10648;14;;;10641.0;0.0
yf_ZW=F_d6;9100;ASH_COATED_OSMIUM;9902;10;9900;8;;;9908;15;9911;10;;;9905.0;0.0
yf_ZW=F_d6;9100;INTARIAN_PEPPER_ROOT;10631;17;10629;32;;;10645;16;10649;21;;;10638.0;0.0
yf_ZW=F_d6;9200;ASH_COATED_OSMIUM;9902;15;9899;22;;;9908;20;9910;14;;;9905.0;0.0
yf_ZW=F_d6;9200;INTARIAN_PEPPER_ROOT;10631;30;10627;23;;;10639;11;10642;28;;;10635.0;0.0
yf_ZW=F_d6;9300;ASH_COATED_OSMIUM;9902;15;9898;15;;;9908;10;9911;23;;;9905.0;0.0
yf_ZW=F_d6;9300;INTARIAN_PEPPER_ROOT;10628;10;10625;16;;;10634;20;10636;11;;;10631.0;0.0
yf_ZW=F_d6;9400;ASH_COATED_OSMIUM;9902;24;9898;19;;;9908;17;9910;12;;;9905.0;0.0
yf_ZW=F_d6;9400;INTARIAN_PEPPER_ROOT;10625;18;10623;19;;;10631;17;10633;24;;;10628.0;0.0
yf_ZW=F_d6;9500;ASH_COATED_OSMIUM;9902;20;9900;14;;;9908;20;9912;14;;;9905.0;0.0
yf_ZW=F_d6;9500;INTARIAN_PEPPER_ROOT;10622;16;10619;20;;;10628;14;10630;16;;;10625.0;0.0
yf_ZW=F_d6;9600;ASH_COATED_OSMIUM;9902;11;9898;17;;;9908;13;9912;22;;;9905.0;0.0
yf_ZW=F_d6;9600;INTARIAN_PEPPER_ROOT;10619;24;10615;12;;;10625;13;10629;19;;;10622.0;0.0
yf_ZW=F_d6;9700;ASH_COATED_OSMIUM;9901;20;9899;28;;;9909;12;9913;23;;;9905.0;0.0
yf_ZW=F_d6;9700;INTARIAN_PEPPER_ROOT;10616;11;10612;22;;;10622;15;10626;26;;;10619.0;0.0
yf_ZW=F_d6;9800;ASH_COATED_OSMIUM;9902;11;9899;23;;;9908;20;9910;31;;;9905.0;0.0
yf_ZW=F_d6;9800;INTARIAN_PEPPER_ROOT;10597;12;10594;29;;;10632;21;10636;19;;;10614.5;0.0
yf_ZW=F_d6;9900;ASH_COATED_OSMIUM;9902;8;9900;17;;;9908;23;9911;18;;;9905.0;0.0
yf_ZW=F_d6;9900;INTARIAN_PEPPER_ROOT;10608;16;10604;21;;;10614;12;10617;19;;;10611.0;0.0
yf_ZW=F_d6;10000;ASH_COATED_OSMIUM;9902;11;9898;14;;;9908;6;9912;9;;;9905.0;0.0
yf_ZW=F_d6;10000;INTARIAN_PEPPER_ROOT;10603;18;10600;19;;;10612;23;10615;24;;;10607.5;0.0
yf_ZW=F_d6;10100;ASH_COATED_OSMIUM;9902;11;9899;27;;;9908;10;9912;14;;;9905.0;0.0
yf_ZW=F_d6;10100;INTARIAN_PEPPER_ROOT;10601;8;10598;21;;;10607;15;10610;16;;;10604.0;0.0
yf_ZW=F_d6;10200;ASH_COATED_OSMIUM;9902;15;9899;29;;;9908;12;9911;19;;;9905.0;0.0
yf_ZW=F_d6;10200;INTARIAN_PEPPER_ROOT;10598;13;10594;20;;;10604;13;10607;22;;;10601.0;0.0
yf_ZW=F_d6;10300;ASH_COATED_OSMIUM;9895;21;9893;11;;;9914;12;9918;14;;;9904.5;0.0
yf_ZW=F_d6;10300;INTARIAN_PEPPER_ROOT;10594;13;10590;19;;;10600;27;10603;27;;;10597.0;0.0
yf_ZW=F_d6;10400;ASH_COATED_OSMIUM;9902;16;9898;19;;;9908;18;9912;20;;;9905.0;0.0
yf_ZW=F_d6;10400;INTARIAN_PEPPER_ROOT;10591;16;10587;18;;;10598;18;10601;21;;;10594.5;0.0
yf_ZW=F_d6;10500;ASH_COATED_OSMIUM;9901;11;9897;18;;;9909;23;9911;15;;;9905.0;0.0
yf_ZW=F_d6;10500;INTARIAN_PEPPER_ROOT;10579;18;10577;15;;;10602;11;10604;20;;;10590.5;0.0
yf_ZW=F_d6;10600;ASH_COATED_OSMIUM;9898;13;9894;18;;;9911;12;9914;18;;;9904.5;0.0
yf_ZW=F_d6;10600;INTARIAN_PEPPER_ROOT;10584;21;10580;11;;;10590;20;10594;16;;;10587.0;0.0
yf_ZW=F_d6;10700;ASH_COATED_OSMIUM;9902;14;9898;19;;;9908;16;9910;20;;;9905.0;0.0
yf_ZW=F_d6;10700;INTARIAN_PEPPER_ROOT;10581;11;10579;20;;;10587;15;10589;27;;;10584.0;0.0
yf_ZW=F_d6;10800;ASH_COATED_OSMIUM;9901;10;9898;16;;;9907;19;9910;9;;;9904.0;0.0
yf_ZW=F_d6;10800;INTARIAN_PEPPER_ROOT;10569;9;10566;18;;;10592;18;10596;23;;;10580.5;0.0
yf_ZW=F_d6;10900;ASH_COATED_OSMIUM;9901;22;9897;23;;;9908;15;9912;14;;;9904.5;0.0
yf_ZW=F_d6;10900;INTARIAN_PEPPER_ROOT;10570;17;10568;20;;;10584;17;10586;16;;;10577.0;0.0
yf_ZW=F_d6;11000;ASH_COATED_OSMIUM;9902;16;9900;18;;;9908;13;9912;16;;;9905.0;0.0
yf_ZW=F_d6;11000;INTARIAN_PEPPER_ROOT;10571;26;10569;27;;;10577;13;10581;20;;;10574.0;0.0
yf_ZW=F_d6;11100;ASH_COATED_OSMIUM;9902;15;9899;18;;;9908;18;9911;18;;;9905.0;0.0
yf_ZW=F_d6;11100;INTARIAN_PEPPER_ROOT;10566;13;10564;25;;;10574;12;10577;25;;;10570.0;0.0
yf_ZW=F_d6;11200;ASH_COATED_OSMIUM;9900;13;9898;16;;;9909;25;9912;22;;;9904.5;0.0
yf_ZW=F_d6;11200;INTARIAN_PEPPER_ROOT;10564;19;10562;19;;;10570;12;10572;12;;;10567.0;0.0
yf_ZW=F_d6;11300;ASH_COATED_OSMIUM;9891;22;9887;12;;;9918;12;9921;25;;;9904.5;0.0
yf_ZW=F_d6;11300;INTARIAN_PEPPER_ROOT;10561;14;10559;17;;;10567;18;10569;25;;;10564.0;0.0
yf_ZW=F_d6;11400;ASH_COATED_OSMIUM;9897;8;9893;20;;;9913;5;9917;24;;;9905.0;0.0
yf_ZW=F_d6;11400;INTARIAN_PEPPER_ROOT;10556;13;10554;15;;;10565;12;10569;14;;;10560.5;0.0
yf_ZW=F_d6;11500;ASH_COATED_OSMIUM;9902;24;9900;14;;;9908;22;9912;24;;;9905.0;0.0
yf_ZW=F_d6;11500;INTARIAN_PEPPER_ROOT;10546;11;10544;18;;;10568;14;10571;14;;;10557.0;0.0
yf_ZW=F_d6;11600;ASH_COATED_OSMIUM;9901;9;9899;23;;;9909;10;9913;16;;;9905.0;0.0
yf_ZW=F_d6;11600;INTARIAN_PEPPER_ROOT;10542;19;10540;17;;;10565;11;10568;21;;;10553.5;0.0
yf_ZW=F_d6;11700;ASH_COATED_OSMIUM;9898;10;9894;22;;;9910;13;9914;21;;;9904.0;0.0
yf_ZW=F_d6;11700;INTARIAN_PEPPER_ROOT;10545;25;10541;19;;;10556;17;10558;15;;;10550.5;0.0
yf_ZW=F_d6;11800;ASH_COATED_OSMIUM;9899;10;9895;29;;;9909;16;9911;20;;;9904.0;0.0
yf_ZW=F_d6;11800;INTARIAN_PEPPER_ROOT;10539;22;10536;20;;;10555;14;10557;23;;;10547.0;0.0
yf_ZW=F_d6;11900;ASH_COATED_OSMIUM;9901;12;9898;20;;;9908;12;9912;23;;;9904.5;0.0
yf_ZW=F_d6;11900;INTARIAN_PEPPER_ROOT;10540;13;10537;15;;;10546;14;10549;30;;;10543.0;0.0
yf_ZW=F_d6;12000;ASH_COATED_OSMIUM;9902;7;9898;31;;;9908;8;9910;21;;;9905.0;0.0
yf_ZW=F_d6;12000;INTARIAN_PEPPER_ROOT;10532;7;10530;16;;;10549;12;10551;21;;;10540.5;0.0
yf_ZW=F_d6;12100;ASH_COATED_OSMIUM;9901;16;9899;22;;;9907;12;9911;24;;;9904.0;0.0
yf_ZW=F_d6;12100;INTARIAN_PEPPER_ROOT;10534;17;10531;27;;;10540;21;10544;11;;;10537.0;0.0
yf_ZW=F_d6;12200;ASH_COATED_OSMIUM;9901;8;9899;19;;;9907;19;9909;19;;;9904.0;0.0
yf_ZW=F_d6;12200;INTARIAN_PEPPER_ROOT;10525;18;10521;24;;;10542;16;10544;18;;;10533.5;0.0
yf_ZW=F_d6;12300;ASH_COATED_OSMIUM;9901;14;9899;28;;;9907;12;9911;8;;;9904.0;0.0
yf_ZW=F_d6;12300;INTARIAN_PEPPER_ROOT;10527;5;10525;8;;;10533;15;10536;15;;;10530.0;0.0
yf_ZW=F_d6;12400;ASH_COATED_OSMIUM;9898;20;9895;23;;;9910;21;9912;22;;;9904.0;0.0
yf_ZW=F_d6;12400;INTARIAN_PEPPER_ROOT;10523;21;10521;11;;;10529;13;10533;20;;;10526.0;0.0
yf_ZW=F_d6;12500;ASH_COATED_OSMIUM;9901;20;9897;20;;;9907;23;9911;18;;;9904.0;0.0
yf_ZW=F_d6;12500;INTARIAN_PEPPER_ROOT;10520;20;10517;15;;;10526;15;10529;16;;;10523.0;0.0
yf_ZW=F_d6;12600;ASH_COATED_OSMIUM;9901;10;9897;10;;;9907;19;9910;19;;;9904.0;0.0
yf_ZW=F_d6;12600;INTARIAN_PEPPER_ROOT;10517;24;10514;16;;;10523;24;10526;18;;;10520.0;0.0
yf_ZW=F_d6;12700;ASH_COATED_OSMIUM;9887;12;9885;25;;;9923;18;9927;22;;;9905.0;0.0
yf_ZW=F_d6;12700;INTARIAN_PEPPER_ROOT;10506;14;10504;14;;;10525;8;10529;23;;;10515.5;0.0
yf_ZW=F_d6;12800;ASH_COATED_OSMIUM;9898;15;9894;21;;;9910;22;9913;21;;;9904.0;0.0
yf_ZW=F_d6;12800;INTARIAN_PEPPER_ROOT;10503;6;10501;18;;;10524;18;10526;17;;;10513.5;0.0
yf_ZW=F_d6;12900;ASH_COATED_OSMIUM;9901;15;9899;17;;;9907;5;9911;14;;;9904.0;0.0
yf_ZW=F_d6;12900;INTARIAN_PEPPER_ROOT;10506;9;10504;22;;;10512;9;10514;22;;;10509.0;0.0
yf_ZW=F_d6;13000;ASH_COATED_OSMIUM;9900;9;9897;12;;;9907;20;9910;22;;;9903.5;0.0
yf_ZW=F_d6;13000;INTARIAN_PEPPER_ROOT;10501;9;10499;22;;;10510;10;10514;13;;;10505.5;0.0
yf_ZW=F_d6;13100;ASH_COATED_OSMIUM;9891;16;9887;14;;;9916;28;9919;24;;;9903.5;0.0
yf_ZW=F_d6;13100;INTARIAN_PEPPER_ROOT;10500;19;10498;22;;;10506;20;10510;15;;;10503.0;0.0
yf_ZW=F_d6;13200;ASH_COATED_OSMIUM;9897;20;9894;14;;;9910;15;9913;30;;;9903.5;0.0
yf_ZW=F_d6;13200;INTARIAN_PEPPER_ROOT;10494;26;10491;28;;;10506;23;10509;15;;;10500.0;0.0
yf_ZW=F_d6;13300;ASH_COATED_OSMIUM;9901;14;9897;21;;;9907;21;9910;24;;;9904.0;0.0
yf_ZW=F_d6;13300;INTARIAN_PEPPER_ROOT;10493;14;10489;14;;;10499;11;10502;22;;;10496.0;0.0
yf_ZW=F_d6;13400;ASH_COATED_OSMIUM;9900;13;9898;17;;;9906;17;9908;18;;;9903.0;0.0
yf_ZW=F_d6;13400;INTARIAN_PEPPER_ROOT;10490;8;10488;25;;;10496;19;10498;26;;;10493.0;0.0
yf_ZW=F_d6;13500;ASH_COATED_OSMIUM;9900;18;9898;15;;;9906;6;9910;19;;;9903.0;0.0
yf_ZW=F_d6;13500;INTARIAN_PEPPER_ROOT;10483;9;10479;24;;;10494;16;10498;12;;;10488.5;0.0
yf_ZW=F_d6;13600;ASH_COATED_OSMIUM;9901;16;9899;20;;;9907;11;9910;17;;;9904.0;0.0
yf_ZW=F_d6;13600;INTARIAN_PEPPER_ROOT;10483;13;10480;21;;;10490;13;10494;25;;;10486.5;0.0
yf_ZW=F_d6;13700;ASH_COATED_OSMIUM;9892;15;9888;22;;;9915;13;9919;19;;;9903.5;0.0
yf_ZW=F_d6;13700;INTARIAN_PEPPER_ROOT;10479;12;10475;13;;;10485;22;10488;20;;;10482.0;0.0
yf_ZW=F_d6;13800;ASH_COATED_OSMIUM;9901;14;9898;25;;;9907;20;9909;16;;;9904.0;0.0
yf_ZW=F_d6;13800;INTARIAN_PEPPER_ROOT;10476;15;10473;14;;;10482;9;10485;13;;;10479.0;0.0
yf_ZW=F_d6;13900;ASH_COATED_OSMIUM;9901;19;9897;18;;;9907;15;9910;18;;;9904.0;0.0
yf_ZW=F_d6;13900;INTARIAN_PEPPER_ROOT;10473;10;10470;15;;;10479;16;10483;24;;;10476.0;0.0
yf_ZW=F_d6;14000;ASH_COATED_OSMIUM;9895;18;9891;18;;;9911;10;9914;20;;;9903.0;0.0
yf_ZW=F_d6;14000;INTARIAN_PEPPER_ROOT;10470;19;10467;14;;;10476;21;10478;22;;;10473.0;0.0
yf_ZW=F_d6;14100;ASH_COATED_OSMIUM;9901;15;9897;21;;;9907;14;9911;18;;;9904.0;0.0
yf_ZW=F_d6;14100;INTARIAN_PEPPER_ROOT;10466;12;10463;16;;;10472;12;10475;33;;;10469.0;0.0
yf_ZW=F_d6;14200;ASH_COATED_OSMIUM;9901;10;9899;14;;;9907;6;9910;18;;;9904.0;0.0
yf_ZW=F_d6;14200;INTARIAN_PEPPER_ROOT;10459;10;10455;12;;;10471;18;10473;24;;;10465.0;0.0
yf_ZW=F_d6;14300;ASH_COATED_OSMIUM;9896;13;9892;14;;;9911;14;9913;9;;;9903.5;0.0
yf_ZW=F_d6;14300;INTARIAN_PEPPER_ROOT;10457;21;10455;20;;;10467;25;10469;9;;;10462.0;0.0
yf_ZW=F_d6;14400;ASH_COATED_OSMIUM;9894;16;9890;24;;;9912;13;9915;18;;;9903.0;0.0
yf_ZW=F_d6;14400;INTARIAN_PEPPER_ROOT;10452;15;10450;22;;;10464;13;10466;18;;;10458.0;0.0
yf_ZW=F_d6;14500;ASH_COATED_OSMIUM;9901;17;9897;24;;;9907;20;9911;18;;;9904.0;0.0
yf_ZW=F_d6;14500;INTARIAN_PEPPER_ROOT;10452;11;10448;22;;;10458;23;10462;23;;;10455.0;0.0
yf_ZW=F_d6;14600;ASH_COATED_OSMIUM;9900;5;9896;15;;;9907;12;9911;22;;;9903.5;0.0
yf_ZW=F_d6;14600;INTARIAN_PEPPER_ROOT;10449;22;10445;26;;;10455;22;10458;23;;;10452.0;0.0
yf_ZW=F_d6;14700;ASH_COATED_OSMIUM;9900;13;9898;25;;;9906;24;9910;18;;;9903.0;0.0
yf_ZW=F_d6;14700;INTARIAN_PEPPER_ROOT;10446;7;10442;14;;;10452;17;10456;17;;;10449.0;0.0
yf_ZW=F_d6;14800;ASH_COATED_OSMIUM;9898;13;9895;23;;;9909;5;9913;15;;;9903.5;0.0
yf_ZW=F_d6;14800;INTARIAN_PEPPER_ROOT;10442;12;10438;20;;;10448;9;10450;23;;;10445.0;0.0
yf_ZW=F_d6;14900;ASH_COATED_OSMIUM;9897;11;9895;13;;;9910;17;9912;24;;;9903.5;0.0
yf_ZW=F_d6;14900;INTARIAN_PEPPER_ROOT;10430;17;10428;25;;;10454;23;10456;24;;;10442.0;0.0
yf_ZW=F_d6;15000;ASH_COATED_OSMIUM;9900;18;9897;20;;;9906;13;9909;16;;;9903.0;0.0
yf_ZW=F_d6;15000;INTARIAN_PEPPER_ROOT;10435;23;10432;17;;;10443;17;10446;28;;;10439.0;0.0
yf_ZW=F_d6;15100;ASH_COATED_OSMIUM;9900;19;9896;14;;;9906;21;9910;21;;;9903.0;0.0
yf_ZW=F_d6;15100;INTARIAN_PEPPER_ROOT;10432;21;10428;14;;;10438;19;10442;20;;;10435.0;0.0
yf_ZW=F_d6;15200;ASH_COATED_OSMIUM;9895;20;9892;15;;;9909;11;9913;26;;;9902.0;0.0
yf_ZW=F_d6;15200;INTARIAN_PEPPER_ROOT;10419;5;10415;11;;;10443;17;10447;14;;;10431.0;0.0
yf_ZW=F_d6;15300;ASH_COATED_OSMIUM;9901;10;9899;17;;;9907;15;9910;21;;;9904.0;0.0
yf_ZW=F_d6;15300;INTARIAN_PEPPER_ROOT;10425;17;10422;16;;;10431;20;10434;28;;;10428.0;0.0
yf_ZW=F_d6;15400;ASH_COATED_OSMIUM;9900;18;9896;22;;;9906;15;9910;14;;;9903.0;0.0
yf_ZW=F_d6;15400;INTARIAN_PEPPER_ROOT;10422;7;10418;29;;;10428;13;10430;15;;;10425.0;0.0
yf_ZW=F_d6;15500;ASH_COATED_OSMIUM;9899;16;9897;21;;;9908;10;9912;19;;;9903.5;0.0
yf_ZW=F_d6;15500;INTARIAN_PEPPER_ROOT;10415;16;10413;16;;;10429;16;10433;17;;;10422.0;0.0
yf_ZW=F_d6;15600;ASH_COATED_OSMIUM;9898;5;9894;14;;;9907;11;9909;13;;;9902.5;0.0
yf_ZW=F_d6;15600;INTARIAN_PEPPER_ROOT;10415;23;10411;21;;;10421;10;10423;18;;;10418.0;0.0
yf_ZW=F_d6;15700;ASH_COATED_OSMIUM;9897;7;9895;15;;;9907;16;9909;23;;;9902.0;0.0
yf_ZW=F_d6;15700;INTARIAN_PEPPER_ROOT;10405;21;10401;25;;;10425;19;10427;18;;;10415.0;0.0
yf_ZW=F_d6;15800;ASH_COATED_OSMIUM;9901;15;9897;19;;;9907;19;9910;19;;;9904.0;0.0
yf_ZW=F_d6;15800;INTARIAN_PEPPER_ROOT;10409;8;10406;33;;;10415;13;10417;21;;;10412.0;0.0
yf_ZW=F_d6;15900;ASH_COATED_OSMIUM;9900;14;9898;17;;;9906;9;9910;25;;;9903.0;0.0
yf_ZW=F_d6;15900;INTARIAN_PEPPER_ROOT;10403;26;10401;20;;;10413;20;10417;18;;;10408.0;0.0
yf_ZW=F_d6;16000;ASH_COATED_OSMIUM;9900;7;9897;21;;;9906;18;9910;24;;;9903.0;0.0
yf_ZW=F_d6;16000;INTARIAN_PEPPER_ROOT;10402;22;10399;20;;;10408;8;10412;18;;;10405.0;0.0
yf_ZW=F_d6;16100;ASH_COATED_OSMIUM;9896;6;9892;19;;;9910;23;9913;16;;;9903.0;0.0
yf_ZW=F_d6;16100;INTARIAN_PEPPER_ROOT;10395;16;10393;27;;;10406;11;10409;13;;;10400.5;0.0
yf_ZW=F_d6;16200;ASH_COATED_OSMIUM;9899;11;9895;15;;;9906;16;9910;19;;;9902.5;0.0
yf_ZW=F_d6;16200;INTARIAN_PEPPER_ROOT;10394;19;10391;13;;;10402;21;10404;22;;;10398.0;0.0
yf_ZW=F_d6;16300;ASH_COATED_OSMIUM;9897;15;9893;22;;;9909;15;9912;15;;;9903.0;0.0
yf_ZW=F_d6;16300;INTARIAN_PEPPER_ROOT;10391;21;10389;20;;;10397;13;10399;23;;;10394.0;0.0
yf_ZW=F_d6;16400;ASH_COATED_OSMIUM;9887;23;9884;14;;;9917;8;9919;19;;;9902.0;0.0
yf_ZW=F_d6;16400;INTARIAN_PEPPER_ROOT;10385;18;10383;24;;;10397;9;10399;23;;;10391.0;0.0
yf_ZW=F_d6;16500;ASH_COATED_OSMIUM;9899;8;9897;20;;;9905;6;9908;14;;;9902.0;0.0
yf_ZW=F_d6;16500;INTARIAN_PEPPER_ROOT;10384;11;10381;23;;;10390;21;10393;16;;;10387.0;0.0
yf_ZW=F_d6;16600;ASH_COATED_OSMIUM;9899;8;9896;19;;;9905;16;9907;19;;;9902.0;0.0
yf_ZW=F_d6;16600;INTARIAN_PEPPER_ROOT;10381;10;10378;21;;;10387;14;10391;18;;;10384.0;0.0
yf_ZW=F_d6;16700;ASH_COATED_OSMIUM;9899;13;9895;20;;;9905;15;9909;16;;;9902.0;0.0
yf_ZW=F_d6;16700;INTARIAN_PEPPER_ROOT;10378;10;10375;26;;;10384;19;10387;19;;;10381.0;0.0
yf_ZW=F_d6;16800;ASH_COATED_OSMIUM;9899;23;9895;21;;;9905;12;9907;22;;;9902.0;0.0
yf_ZW=F_d6;16800;INTARIAN_PEPPER_ROOT;10375;10;10373;25;;;10381;15;10383;16;;;10378.0;0.0
yf_ZW=F_d6;16900;ASH_COATED_OSMIUM;9900;19;9896;21;;;9906;10;9910;25;;;9903.0;0.0
yf_ZW=F_d6;16900;INTARIAN_PEPPER_ROOT;10371;19;10367;20;;;10377;5;10379;13;;;10374.0;0.0
yf_ZW=F_d6;17000;ASH_COATED_OSMIUM;9897;18;9894;30;;;9908;10;9911;20;;;9902.5;0.0
yf_ZW=F_d6;17000;INTARIAN_PEPPER_ROOT;10370;5;10366;24;;;10376;5;10380;17;;;10373.0;0.0
yf_ZW=F_d6;17100;ASH_COATED_OSMIUM;9899;18;9895;20;;;9905;18;9907;20;;;9902.0;0.0
yf_ZW=F_d6;17100;INTARIAN_PEPPER_ROOT;10373;12;10369;18;;;10379;13;10383;12;;;10376.0;0.0
yf_ZW=F_d6;17200;ASH_COATED_OSMIUM;9899;15;9897;14;;;9905;18;9909;24;;;9902.0;0.0
yf_ZW=F_d6;17200;INTARIAN_PEPPER_ROOT;10376;16;10373;21;;;10382;20;10386;24;;;10379.0;0.0
yf_ZW=F_d6;17300;ASH_COATED_OSMIUM;9897;5;9893;12;;;9909;18;9913;14;;;9903.0;0.0
yf_ZW=F_d6;17300;INTARIAN_PEPPER_ROOT;10378;20;10374;25;;;10384;20;10388;14;;;10381.0;0.0
yf_ZW=F_d6;17400;ASH_COATED_OSMIUM;9899;19;9897;16;;;9905;12;9908;23;;;9902.0;0.0
yf_ZW=F_d6;17400;INTARIAN_PEPPER_ROOT;10380;17;10377;30;;;10386;12;10388;25;;;10383.0;0.0
yf_ZW=F_d6;17500;ASH_COATED_OSMIUM;9899;21;9897;23;;;9905;12;9908;26;;;9902.0;0.0
yf_ZW=F_d6;17500;INTARIAN_PEPPER_ROOT;10382;19;10378;28;;;10388;21;10392;15;;;10385.0;0.0
yf_ZW=F_d6;17600;ASH_COATED_OSMIUM;9897;15;9895;25;;;9908;23;9910;21;;;9902.5;0.0
yf_ZW=F_d6;17600;INTARIAN_PEPPER_ROOT;10384;11;10380;20;;;10390;14;10394;15;;;10387.0;0.0
yf_ZW=F_d6;17700;ASH_COATED_OSMIUM;9899;7;9895;25;;;9905;12;9907;20;;;9902.0;0.0
yf_ZW=F_d6;17700;INTARIAN_PEPPER_ROOT;10379;10;10376;27;;;10400;9;10403;19;;;10389.5;0.0
yf_ZW=F_d6;17800;ASH_COATED_OSMIUM;9900;22;9898;18;;;9906;13;9908;17;;;9903.0;0.0
yf_ZW=F_d6;17800;INTARIAN_PEPPER_ROOT;10390;21;10387;19;;;10396;12;10399;28;;;10393.0;0.0
yf_ZW=F_d6;17900;ASH_COATED_OSMIUM;9894;14;9890;20;;;9911;17;9913;19;;;9902.5;0.0
yf_ZW=F_d6;17900;INTARIAN_PEPPER_ROOT;10385;15;10382;13;;;10406;9;10409;12;;;10395.5;0.0
yf_ZW=F_d6;18000;ASH_COATED_OSMIUM;9899;21;9896;19;;;9905;22;9907;26;;;9902.0;0.0
yf_ZW=F_d6;18000;INTARIAN_PEPPER_ROOT;10391;12;10389;19;;;10402;5;10405;18;;;10396.5;0.0
yf_ZW=F_d6;18100;ASH_COATED_OSMIUM;9899;11;9896;21;;;9905;17;9907;23;;;9902.0;0.0
yf_ZW=F_d6;18100;INTARIAN_PEPPER_ROOT;10396;13;10392;23;;;10402;5;10406;24;;;10399.0;0.0
yf_ZW=F_d6;18200;ASH_COATED_OSMIUM;9899;5;9896;20;;;9905;17;9909;26;;;9902.0;0.0
yf_ZW=F_d6;18200;INTARIAN_PEPPER_ROOT;10399;15;10396;10;;;10405;13;10407;16;;;10402.0;0.0
yf_ZW=F_d6;18300;ASH_COATED_OSMIUM;9899;10;9897;21;;;9905;26;9909;30;;;9902.0;0.0
yf_ZW=F_d6;18300;INTARIAN_PEPPER_ROOT;10400;14;10397;26;;;10406;17;10408;19;;;10403.0;0.0
yf_ZW=F_d6;18400;ASH_COATED_OSMIUM;9900;15;9896;22;;;9906;11;9908;21;;;9903.0;0.0
yf_ZW=F_d6;18400;INTARIAN_PEPPER_ROOT;10403;8;10400;12;;;10410;14;10412;15;;;10406.5;0.0
yf_ZW=F_d6;18500;ASH_COATED_OSMIUM;9899;7;9895;24;;;9905;5;9908;20;;;9902.0;0.0
yf_ZW=F_d6;18500;INTARIAN_PEPPER_ROOT;10405;22;10401;16;;;10411;13;10414;19;;;10408.0;0.0
yf_ZW=F_d6;18600;ASH_COATED_OSMIUM;9899;13;9897;23;;;9905;11;9907;26;;;9902.0;0.0
yf_ZW=F_d6;18600;INTARIAN_PEPPER_ROOT;10408;15;10405;15;;;10414;24;10418;16;;;10411.0;0.0
yf_ZW=F_d6;18700;ASH_COATED_OSMIUM;9899;27;9897;18;;;9905;27;9909;25;;;9902.0;0.0
yf_ZW=F_d6;18700;INTARIAN_PEPPER_ROOT;10410;8;10407;22;;;10416;15;10418;15;;;10413.0;0.0
yf_ZW=F_d6;18800;ASH_COATED_OSMIUM;9899;17;9897;20;;;9905;12;9907;26;;;9902.0;0.0
yf_ZW=F_d6;18800;INTARIAN_PEPPER_ROOT;10411;12;10408;20;;;10420;23;10422;20;;;10415.5;0.0
yf_ZW=F_d6;18900;ASH_COATED_OSMIUM;9889;17;9886;27;;;9915;16;9918;15;;;9902.0;0.0
yf_ZW=F_d6;18900;INTARIAN_PEPPER_ROOT;10414;19;10412;21;;;10420;23;10424;17;;;10417.0;0.0
yf_ZW=F_d6;19000;ASH_COATED_OSMIUM;9895;11;9891;31;;;9909;11;9911;26;;;9902.0;0.0
yf_ZW=F_d6;19000;INTARIAN_PEPPER_ROOT;10413;22;10410;15;;;10428;17;10432;17;;;10420.5;0.0
yf_ZW=F_d6;19100;ASH_COATED_OSMIUM;9899;16;9895;19;;;9905;18;9908;15;;;9902.0;0.0
yf_ZW=F_d6;19100;INTARIAN_PEPPER_ROOT;10417;12;10414;19;;;10428;8;10432;8;;;10422.5;0.0
yf_ZW=F_d6;19200;ASH_COATED_OSMIUM;9899;8;9895;29;;;9905;15;9907;21;;;9902.0;0.0
yf_ZW=F_d6;19200;INTARIAN_PEPPER_ROOT;10418;18;10414;27;;;10431;5;10434;16;;;10424.5;0.0
yf_ZW=F_d6;19300;ASH_COATED_OSMIUM;9898;21;9894;17;;;9907;16;9909;18;;;9902.5;0.0
yf_ZW=F_d6;19300;INTARIAN_PEPPER_ROOT;10423;23;10419;27;;;10429;5;10433;16;;;10426.0;0.0
yf_ZW=F_d6;19400;ASH_COATED_OSMIUM;9899;18;9897;27;;;9905;5;9908;23;;;9902.0;0.0
yf_ZW=F_d6;19400;INTARIAN_PEPPER_ROOT;10425;18;10421;19;;;10432;17;10435;20;;;10428.5;0.0
yf_ZW=F_d6;19500;ASH_COATED_OSMIUM;9896;17;9893;28;;;9909;12;9911;12;;;9902.5;0.0
yf_ZW=F_d6;19500;INTARIAN_PEPPER_ROOT;10428;15;10425;8;;;10434;20;10436;26;;;10431.0;0.0
yf_ZW=F_d6;19600;ASH_COATED_OSMIUM;9899;20;9895;19;;;9905;16;9909;24;;;9902.0;0.0
yf_ZW=F_d6;19600;INTARIAN_PEPPER_ROOT;10431;20;10427;15;;;10437;18;10440;21;;;10434.0;0.0
yf_ZW=F_d6;19700;ASH_COATED_OSMIUM;9899;20;9896;17;;;9905;15;9907;20;;;9902.0;0.0
yf_ZW=F_d6;19700;INTARIAN_PEPPER_ROOT;10429;10;10427;20;;;10442;19;10445;25;;;10435.5;0.0
yf_ZW=F_d6;19800;ASH_COATED_OSMIUM;9899;27;9896;18;;;9905;16;9907;22;;;9902.0;0.0
yf_ZW=F_d6;19800;INTARIAN_PEPPER_ROOT;10436;14;10434;30;;;10442;14;10444;12;;;10439.0;0.0
yf_ZW=F_d6;19900;ASH_COATED_OSMIUM;9899;15;9897;17;;;9905;14;9907;19;;;9902.0;0.0
yf_ZW=F_d6;19900;INTARIAN_PEPPER_ROOT;10429;19;10425;18;;;10450;22;10453;18;;;10439.5;0.0
yf_ZW=F_d6;20000;ASH_COATED_OSMIUM;9898;18;9895;15;;;9905;21;9909;29;;;9901.5;0.0
yf_ZW=F_d6;20000;INTARIAN_PEPPER_ROOT;10436;17;10434;19;;;10450;18;10453;23;;;10443.0;0.0
yf_ZW=F_d6;20100;ASH_COATED_OSMIUM;9898;28;9896;21;;;9906;17;9908;10;;;9902.0;0.0
yf_ZW=F_d6;20100;INTARIAN_PEPPER_ROOT;10442;14;10438;27;;;10448;14;10451;23;;;10445.0;0.0
yf_ZW=F_d6;20200;ASH_COATED_OSMIUM;9900;12;9897;21;;;9906;12;9910;30;;;9903.0;0.0
yf_ZW=F_d6;20200;INTARIAN_PEPPER_ROOT;10444;17;10441;23;;;10451;18;10455;21;;;10447.5;0.0
yf_ZW=F_d6;20300;ASH_COATED_OSMIUM;9899;10;9895;25;;;9905;14;9908;19;;;9902.0;0.0
yf_ZW=F_d6;20300;INTARIAN_PEPPER_ROOT;10447;21;10443;10;;;10453;12;10457;22;;;10450.0;0.0
yf_ZW=F_d6;20400;ASH_COATED_OSMIUM;9899;14;9895;21;;;9905;14;9907;25;;;9902.0;0.0
yf_ZW=F_d6;20400;INTARIAN_PEPPER_ROOT;10449;14;10446;20;;;10456;14;10458;20;;;10452.5;0.0
yf_ZW=F_d6;20500;ASH_COATED_OSMIUM;9898;24;9896;27;;;9904;14;9907;24;;;9901.0;0.0
yf_ZW=F_d6;20500;INTARIAN_PEPPER_ROOT;10452;14;10450;22;;;10458;16;10460;18;;;10455.0;0.0
yf_ZW=F_d6;20600;ASH_COATED_OSMIUM;9899;16;9897;11;;;9905;12;9907;21;;;9902.0;0.0
yf_ZW=F_d6;20600;INTARIAN_PEPPER_ROOT;10447;17;10445;18;;;10466;16;10470;23;;;10456.5;0.0
yf_ZW=F_d6;20700;ASH_COATED_OSMIUM;9898;16;9896;17;;;9904;13;9906;17;;;9901.0;0.0
yf_ZW=F_d6;20700;INTARIAN_PEPPER_ROOT;10455;10;10453;21;;;10464;9;10468;15;;;10459.5;0.0
yf_ZW=F_d6;20800;ASH_COATED_OSMIUM;9898;13;9895;16;;;9904;13;9908;21;;;9901.0;0.0
yf_ZW=F_d6;20800;INTARIAN_PEPPER_ROOT;10455;14;10451;27;;;10467;12;10471;17;;;10461.0;0.0
yf_ZW=F_d6;20900;ASH_COATED_OSMIUM;9899;19;9897;24;;;9905;24;9908;17;;;9902.0;0.0
yf_ZW=F_d6;20900;INTARIAN_PEPPER_ROOT;10460;12;10457;20;;;10466;23;10470;25;;;10463.0;0.0
yf_ZW=F_d6;21000;ASH_COATED_OSMIUM;9900;21;9898;26;;;9906;14;9908;19;;;9903.0;0.0
yf_ZW=F_d6;21000;INTARIAN_PEPPER_ROOT;10463;19;10459;31;;;10469;19;10473;21;;;10466.0;0.0
yf_ZW=F_d6;21100;ASH_COATED_OSMIUM;9898;15;9894;25;;;9904;15;9907;13;;;9901.0;0.0
yf_ZW=F_d6;21100;INTARIAN_PEPPER_ROOT;10465;23;10461;16;;;10471;16;10475;18;;;10468.0;0.0
yf_ZW=F_d6;21200;ASH_COATED_OSMIUM;9898;9;9894;22;;;9904;19;9907;15;;;9901.0;0.0
yf_ZW=F_d6;21200;INTARIAN_PEPPER_ROOT;10468;17;10464;11;;;10474;21;10478;25;;;10471.0;0.0
yf_ZW=F_d6;21300;ASH_COATED_OSMIUM;9899;16;9895;12;;;9905;18;9908;22;;;9902.0;0.0
yf_ZW=F_d6;21300;INTARIAN_PEPPER_ROOT;10470;16;10467;11;;;10476;20;10478;22;;;10473.0;0.0
yf_ZW=F_d6;21400;ASH_COATED_OSMIUM;9898;19;9894;21;;;9906;18;9908;20;;;9902.0;0.0
yf_ZW=F_d6;21400;INTARIAN_PEPPER_ROOT;10472;12;10469;11;;;10478;23;10482;22;;;10475.0;0.0
yf_ZW=F_d6;21500;ASH_COATED_OSMIUM;9890;15;9887;8;;;9914;16;9918;17;;;9902.0;0.0
yf_ZW=F_d6;21500;INTARIAN_PEPPER_ROOT;10471;16;10467;28;;;10484;17;10487;24;;;10477.5;0.0
yf_ZW=F_d6;21600;ASH_COATED_OSMIUM;9899;22;9896;23;;;9905;15;9909;27;;;9902.0;0.0
yf_ZW=F_d6;21600;INTARIAN_PEPPER_ROOT;10477;7;10473;22;;;10483;16;10487;18;;;10480.0;0.0
yf_ZW=F_d6;21700;ASH_COATED_OSMIUM;9897;19;9895;15;;;9907;19;9909;18;;;9902.0;0.0
yf_ZW=F_d6;21700;INTARIAN_PEPPER_ROOT;10479;16;10477;17;;;10485;26;10488;19;;;10482.0;0.0
yf_ZW=F_d6;21800;ASH_COATED_OSMIUM;9898;15;9896;17;;;9905;11;9908;19;;;9901.5;0.0
yf_ZW=F_d6;21800;INTARIAN_PEPPER_ROOT;10482;24;10479;14;;;10488;19;10492;19;;;10485.0;0.0
yf_ZW=F_d6;21900;ASH_COATED_OSMIUM;9898;9;9895;24;;;9904;17;9906;35;;;9901.0;0.0
yf_ZW=F_d6;21900;INTARIAN_PEPPER_ROOT;10484;9;10482;25;;;10490;10;10493;13;;;10487.0;0.0
yf_ZW=F_d6;22000;ASH_COATED_OSMIUM;9891;16;9889;16;;;9913;18;9917;20;;;9902.0;0.0
yf_ZW=F_d6;22000;INTARIAN_PEPPER_ROOT;10486;11;10484;28;;;10492;18;10495;28;;;10489.0;0.0
yf_ZW=F_d6;22100;ASH_COATED_OSMIUM;9898;18;9896;18;;;9904;19;9906;21;;;9901.0;0.0
yf_ZW=F_d6;22100;INTARIAN_PEPPER_ROOT;10485;13;10482;21;;;10498;14;10500;21;;;10491.5;0.0
yf_ZW=F_d6;22200;ASH_COATED_OSMIUM;9899;20;9895;22;;;9905;7;9907;25;;;9902.0;0.0
yf_ZW=F_d6;22200;INTARIAN_PEPPER_ROOT;10490;19;10486;24;;;10498;9;10502;22;;;10494.0;0.0
yf_ZW=F_d6;22300;ASH_COATED_OSMIUM;9892;7;9889;24;;;9912;6;9914;24;;;9902.0;0.0
yf_ZW=F_d6;22300;INTARIAN_PEPPER_ROOT;10487;19;10485;16;;;10507;12;10511;20;;;10497.0;0.0
yf_ZW=F_d6;22400;ASH_COATED_OSMIUM;9899;13;9896;19;;;9905;9;9909;19;;;9902.0;0.0
yf_ZW=F_d6;22400;INTARIAN_PEPPER_ROOT;10494;16;10490;18;;;10505;17;10507;27;;;10499.5;0.0
yf_ZW=F_d6;22500;ASH_COATED_OSMIUM;9898;19;9895;15;;;9904;16;9908;17;;;9901.0;0.0
yf_ZW=F_d6;22500;INTARIAN_PEPPER_ROOT;10482;14;10479;17;;;10520;13;10522;19;;;10501.0;0.0
yf_ZW=F_d6;22600;ASH_COATED_OSMIUM;9898;8;9894;20;;;9904;13;9908;15;;;9901.0;0.0
yf_ZW=F_d6;22600;INTARIAN_PEPPER_ROOT;10500;16;10497;21;;;10506;13;10508;16;;;10503.0;0.0
yf_ZW=F_d6;22700;ASH_COATED_OSMIUM;9899;7;9897;9;;;9905;10;9907;17;;;9902.0;0.0
yf_ZW=F_d6;22700;INTARIAN_PEPPER_ROOT;10497;16;10494;8;;;10513;13;10517;28;;;10505.0;0.0
yf_ZW=F_d6;22800;ASH_COATED_OSMIUM;9898;14;9896;22;;;9904;17;9907;23;;;9901.0;0.0
yf_ZW=F_d6;22800;INTARIAN_PEPPER_ROOT;10501;17;10499;11;;;10514;17;10517;19;;;10507.5;0.0
yf_ZW=F_d6;22900;ASH_COATED_OSMIUM;9899;18;9896;16;;;9905;17;9909;21;;;9902.0;0.0
yf_ZW=F_d6;22900;INTARIAN_PEPPER_ROOT;10501;21;10497;21;;;10519;8;10522;21;;;10510.0;0.0
yf_ZW=F_d6;23000;ASH_COATED_OSMIUM;9890;13;9888;17;;;9914;12;9918;15;;;9902.0;0.0
yf_ZW=F_d6;23000;INTARIAN_PEPPER_ROOT;10508;22;10506;14;;;10517;16;10519;24;;;10512.5;0.0
yf_ZW=F_d6;23100;ASH_COATED_OSMIUM;9898;19;9896;25;;;9905;20;9909;14;;;9901.5;0.0
yf_ZW=F_d6;23100;INTARIAN_PEPPER_ROOT;10509;12;10505;16;;;10518;23;10520;31;;;10513.5;0.0
yf_ZW=F_d6;23200;ASH_COATED_OSMIUM;9899;13;9896;8;;;9905;15;9907;22;;;9902.0;0.0
yf_ZW=F_d6;23200;INTARIAN_PEPPER_ROOT;10513;16;10509;19;;;10520;12;10522;17;;;10516.5;0.0
yf_ZW=F_d6;23300;ASH_COATED_OSMIUM;9896;17;9892;26;;;9907;12;9911;10;;;9901.5;0.0
yf_ZW=F_d6;23300;INTARIAN_PEPPER_ROOT;10509;9;10505;12;;;10530;13;10533;24;;;10519.5;0.0
yf_ZW=F_d6;23400;ASH_COATED_OSMIUM;9898;16;9894;14;;;9904;13;9907;19;;;9901.0;0.0
yf_ZW=F_d6;23400;INTARIAN_PEPPER_ROOT;10518;19;10515;24;;;10524;16;10527;26;;;10521.0;0.0
yf_ZW=F_d6;23500;ASH_COATED_OSMIUM;9892;17;9889;21;;;9910;24;9913;21;;;9901.0;0.0
yf_ZW=F_d6;23500;INTARIAN_PEPPER_ROOT;10521;21;10518;17;;;10527;6;10529;16;;;10524.0;0.0
yf_ZW=F_d6;23600;ASH_COATED_OSMIUM;9898;13;9894;16;;;9904;12;9907;20;;;9901.0;0.0
yf_ZW=F_d6;23600;INTARIAN_PEPPER_ROOT;10524;16;10520;21;;;10530;13;10533;16;;;10527.0;0.0
yf_ZW=F_d6;23700;ASH_COATED_OSMIUM;9898;18;9896;26;;;9904;11;9908;23;;;9901.0;0.0
yf_ZW=F_d6;23700;INTARIAN_PEPPER_ROOT;10525;15;10521;26;;;10531;16;10535;16;;;10528.0;0.0
yf_ZW=F_d6;23800;ASH_COATED_OSMIUM;9898;21;9894;19;;;9904;12;9906;11;;;9901.0;0.0
yf_ZW=F_d6;23800;INTARIAN_PEPPER_ROOT;10528;23;10526;21;;;10534;11;10536;13;;;10531.0;0.0
yf_ZW=F_d6;23900;ASH_COATED_OSMIUM;9891;15;9888;22;;;9912;18;9914;32;;;9901.5;0.0
yf_ZW=F_d6;23900;INTARIAN_PEPPER_ROOT;10530;22;10527;16;;;10536;24;10540;21;;;10533.0;0.0
yf_ZW=F_d6;24000;ASH_COATED_OSMIUM;9898;9;9895;20;;;9904;8;9908;16;;;9901.0;0.0
yf_ZW=F_d6;24000;INTARIAN_PEPPER_ROOT;10532;17;10530;24;;;10538;10;10542;20;;;10535.0;0.0
yf_ZW=F_d6;24100;ASH_COATED_OSMIUM;9898;9;9895;28;;;9904;10;9907;19;;;9901.0;0.0
yf_ZW=F_d6;24100;INTARIAN_PEPPER_ROOT;10531;12;10528;20;;;10544;9;10548;23;;;10537.5;0.0
yf_ZW=F_d6;24200;ASH_COATED_OSMIUM;9899;16;9895;16;;;9905;14;9908;14;;;9902.0;0.0
yf_ZW=F_d6;24200;INTARIAN_PEPPER_ROOT;10537;14;10534;17;;;10543;15;10547;24;;;10540.0;0.0
yf_ZW=F_d6;24300;ASH_COATED_OSMIUM;9898;20;9894;20;;;9904;20;9908;25;;;9901.0;0.0
yf_ZW=F_d6;24300;INTARIAN_PEPPER_ROOT;10539;13;10536;20;;;10545;13;10549;22;;;10542.0;0.0
yf_ZW=F_d6;24400;ASH_COATED_OSMIUM;9887;12;9884;17;;;9917;19;9920;20;;;9902.0;0.0
yf_ZW=F_d6;24400;INTARIAN_PEPPER_ROOT;10541;13;10537;9;;;10547;14;10550;21;;;10544.0;0.0
yf_ZW=F_d6;24500;ASH_COATED_OSMIUM;9899;17;9896;19;;;9905;15;9907;25;;;9902.0;0.0
yf_ZW=F_d6;24500;INTARIAN_PEPPER_ROOT;10544;12;10541;26;;;10550;15;10553;23;;;10547.0;0.0
yf_ZW=F_d6;24600;ASH_COATED_OSMIUM;9898;19;9894;12;;;9904;9;9906;16;;;9901.0;0.0
yf_ZW=F_d6;24600;INTARIAN_PEPPER_ROOT;10546;18;10544;15;;;10552;13;10555;13;;;10549.0;0.0
yf_ZW=F_d6;24700;ASH_COATED_OSMIUM;9891;18;9888;29;;;9911;17;9913;30;;;9901.0;0.0
yf_ZW=F_d6;24700;INTARIAN_PEPPER_ROOT;10548;13;10546;11;;;10555;12;10558;21;;;10551.5;0.0
yf_ZW=F_d6;24800;ASH_COATED_OSMIUM;9898;20;9894;21;;;9904;13;9907;25;;;9901.0;0.0
yf_ZW=F_d6;24800;INTARIAN_PEPPER_ROOT;10544;12;10542;14;;;10564;20;10566;26;;;10554.0;0.0
yf_ZW=F_d6;24900;ASH_COATED_OSMIUM;9898;20;9894;24;;;9904;25;9907;9;;;9901.0;0.0
yf_ZW=F_d6;24900;INTARIAN_PEPPER_ROOT;10554;16;10552;24;;;10560;24;10563;10;;;10557.0;0.0
yf_ZW=F_d6;25000;ASH_COATED_OSMIUM;9898;20;9894;19;;;9904;16;9906;24;;;9901.0;0.0
yf_ZW=F_d6;25000;INTARIAN_PEPPER_ROOT;10556;10;10554;15;;;10562;14;10566;16;;;10559.0;0.0
yf_ZW=F_d6;25100;ASH_COATED_OSMIUM;9896;17;9893;27;;;9906;14;9909;28;;;9901.0;0.0
yf_ZW=F_d6;25100;INTARIAN_PEPPER_ROOT;10555;16;10552;21;;;10566;21;10570;25;;;10560.5;0.0
yf_ZW=F_d6;25200;ASH_COATED_OSMIUM;9898;12;9894;21;;;9904;16;9908;19;;;9901.0;0.0
yf_ZW=F_d6;25200;INTARIAN_PEPPER_ROOT;10560;15;10557;10;;;10566;16;10568;23;;;10563.0;0.0
yf_ZW=F_d6;25300;ASH_COATED_OSMIUM;9898;13;9896;16;;;9904;9;9907;22;;;9901.0;0.0
yf_ZW=F_d6;25300;INTARIAN_PEPPER_ROOT;10562;21;10560;20;;;10568;11;10570;25;;;10565.0;0.0
yf_ZW=F_d6;25400;ASH_COATED_OSMIUM;9897;23;9894;11;;;9906;11;9908;17;;;9901.5;0.0
yf_ZW=F_d6;25400;INTARIAN_PEPPER_ROOT;10552;15;10550;23;;;10583;11;10586;22;;;10567.5;0.0
yf_ZW=F_d6;25500;ASH_COATED_OSMIUM;9898;5;9894;20;;;9904;14;9908;8;;;9901.0;0.0
yf_ZW=F_d6;25500;INTARIAN_PEPPER_ROOT;10567;13;10563;9;;;10573;11;10576;25;;;10570.0;0.0
yf_ZW=F_d6;25600;ASH_COATED_OSMIUM;9898;20;9896;16;;;9904;15;9906;22;;;9901.0;0.0
yf_ZW=F_d6;25600;INTARIAN_PEPPER_ROOT;10568;7;10566;20;;;10577;14;10581;24;;;10572.5;0.0
yf_ZW=F_d6;25700;ASH_COATED_OSMIUM;9897;13;9895;15;;;9905;19;9908;11;;;9901.0;0.0
yf_ZW=F_d6;25700;INTARIAN_PEPPER_ROOT;10572;11;10569;23;;;10578;18;10581;11;;;10575.0;0.0
yf_ZW=F_d6;25800;ASH_COATED_OSMIUM;9898;15;9894;12;;;9904;15;9908;24;;;9901.0;0.0
yf_ZW=F_d6;25800;INTARIAN_PEPPER_ROOT;10574;11;10571;18;;;10580;15;10584;23;;;10577.0;0.0
yf_ZW=F_d6;25900;ASH_COATED_OSMIUM;9898;12;9895;16;;;9904;6;9907;13;;;9901.0;0.0
yf_ZW=F_d6;25900;INTARIAN_PEPPER_ROOT;10577;7;10575;29;;;10583;5;10585;19;;;10580.0;0.0
yf_ZW=F_d6;26000;ASH_COATED_OSMIUM;9897;16;9894;19;;;9903;18;9906;24;;;9900.0;0.0
yf_ZW=F_d6;26000;INTARIAN_PEPPER_ROOT;10579;17;10576;22;;;10585;16;10587;30;;;10582.0;0.0
yf_ZW=F_d6;26100;ASH_COATED_OSMIUM;9898;9;9896;28;;;9904;18;9906;18;;;9901.0;0.0
yf_ZW=F_d6;26100;INTARIAN_PEPPER_ROOT;10581;24;10578;25;;;10587;17;10590;19;;;10584.0;0.0
yf_ZW=F_d6;26200;ASH_COATED_OSMIUM;9898;13;9894;14;;;9904;10;9908;26;;;9901.0;0.0
yf_ZW=F_d6;26200;INTARIAN_PEPPER_ROOT;10582;12;10580;17;;;10590;13;10593;26;;;10586.0;0.0
yf_ZW=F_d6;26300;ASH_COATED_OSMIUM;9897;19;9895;16;;;9903;7;9905;24;;;9900.0;0.0
yf_ZW=F_d6;26300;INTARIAN_PEPPER_ROOT;10575;19;10571;20;;;10602;25;10605;21;;;10588.5;0.0
yf_ZW=F_d6;26400;ASH_COATED_OSMIUM;9895;18;9891;12;;;9906;11;9909;20;;;9900.5;0.0
yf_ZW=F_d6;26400;INTARIAN_PEPPER_ROOT;10588;15;10586;16;;;10594;20;10596;27;;;10591.0;0.0
yf_ZW=F_d6;26500;ASH_COATED_OSMIUM;9898;5;9895;16;;;9904;9;9906;25;;;9901.0;0.0
yf_ZW=F_d6;26500;INTARIAN_PEPPER_ROOT;10589;20;10585;21;;;10597;17;10600;21;;;10593.0;0.0
yf_ZW=F_d6;26600;ASH_COATED_OSMIUM;9898;12;9896;15;;;9904;15;9908;21;;;9901.0;0.0
yf_ZW=F_d6;26600;INTARIAN_PEPPER_ROOT;10590;9;10587;25;;;10602;12;10605;16;;;10596.0;0.0
yf_ZW=F_d6;26700;ASH_COATED_OSMIUM;9898;16;9894;9;;;9904;12;9908;15;;;9901.0;0.0
yf_ZW=F_d6;26700;INTARIAN_PEPPER_ROOT;10595;18;10591;30;;;10601;9;10605;12;;;10598.0;0.0
yf_ZW=F_d6;26800;ASH_COATED_OSMIUM;9898;24;9895;20;;;9904;12;9907;25;;;9901.0;0.0
yf_ZW=F_d6;26800;INTARIAN_PEPPER_ROOT;10597;16;10594;19;;;10603;17;10605;18;;;10600.0;0.0
yf_ZW=F_d6;26900;ASH_COATED_OSMIUM;9898;25;9896;27;;;9904;14;9906;17;;;9901.0;0.0
yf_ZW=F_d6;26900;INTARIAN_PEPPER_ROOT;10600;5;10596;20;;;10606;8;10608;14;;;10603.0;0.0
yf_ZW=F_d6;27000;ASH_COATED_OSMIUM;9886;17;9882;28;;;9916;13;9920;12;;;9901.0;0.0
yf_ZW=F_d6;27000;INTARIAN_PEPPER_ROOT;10601;16;10597;23;;;10607;24;10610;20;;;10604.0;0.0
yf_ZW=F_d6;27100;ASH_COATED_OSMIUM;9889;10;9886;26;;;9911;6;9914;14;;;9900.0;0.0
yf_ZW=F_d6;27100;INTARIAN_PEPPER_ROOT;10599;15;10595;15;;;10614;19;10616;14;;;10606.5;0.0
yf_ZW=F_d6;27200;ASH_COATED_OSMIUM;9897;17;9895;21;;;9904;15;9907;27;;;9900.5;0.0
yf_ZW=F_d6;27200;INTARIAN_PEPPER_ROOT;10606;18;10602;16;;;10612;10;10614;20;;;10609.0;0.0
yf_ZW=F_d6;27300;ASH_COATED_OSMIUM;9888;9;9885;11;;;9912;17;9916;12;;;9900.0;0.0
yf_ZW=F_d6;27300;INTARIAN_PEPPER_ROOT;10606;12;10602;20;;;10618;12;10621;20;;;10612.0;0.0
yf_ZW=F_d6;27400;ASH_COATED_OSMIUM;9892;8;9889;17;;;9910;13;9914;19;;;9901.0;0.0
yf_ZW=F_d6;27400;INTARIAN_PEPPER_ROOT;10610;14;10606;11;;;10618;13;10622;29;;;10614.0;0.0
yf_ZW=F_d6;27500;ASH_COATED_OSMIUM;9898;19;9896;13;;;9904;16;9907;21;;;9901.0;0.0
yf_ZW=F_d6;27500;INTARIAN_PEPPER_ROOT;10611;13;10609;17;;;10622;14;10626;25;;;10616.5;0.0
yf_ZW=F_d6;27600;ASH_COATED_OSMIUM;9895;13;9891;9;;;9906;14;9908;20;;;9900.5;0.0
yf_ZW=F_d6;27600;INTARIAN_PEPPER_ROOT;10609;13;10605;12;;;10629;11;10632;20;;;10619.0;0.0
yf_ZW=F_d6;27700;ASH_COATED_OSMIUM;9898;22;9896;18;;;9904;12;9907;20;;;9901.0;0.0
yf_ZW=F_d6;27700;INTARIAN_PEPPER_ROOT;10618;8;10615;22;;;10624;11;10628;26;;;10621.0;0.0
yf_ZW=F_d6;27800;ASH_COATED_OSMIUM;9897;18;9894;23;;;9903;16;9905;24;;;9900.0;0.0
yf_ZW=F_d6;27800;INTARIAN_PEPPER_ROOT;10620;13;10618;18;;;10626;12;10629;9;;;10623.0;0.0
yf_ZW=F_d6;27900;ASH_COATED_OSMIUM;9891;16;9888;16;;;9909;22;9912;13;;;9900.0;0.0
yf_ZW=F_d6;27900;INTARIAN_PEPPER_ROOT;10617;15;10615;16;;;10634;15;10638;17;;;10625.5;0.0
yf_ZW=F_d6;28000;ASH_COATED_OSMIUM;9897;24;9893;22;;;9903;14;9906;19;;;9900.0;0.0
yf_ZW=F_d6;28000;INTARIAN_PEPPER_ROOT;10625;12;10621;8;;;10631;12;10635;20;;;10628.0;0.0
yf_ZW=F_d6;28100;ASH_COATED_OSMIUM;9896;16;9892;22;;;9906;10;9910;16;;;9901.0;0.0
yf_ZW=F_d6;28100;INTARIAN_PEPPER_ROOT;10627;12;10625;17;;;10633;12;10636;20;;;10630.0;0.0
yf_ZW=F_d6;28200;ASH_COATED_OSMIUM;9896;13;9893;18;;;9907;28;9910;17;;;9901.5;0.0
yf_ZW=F_d6;28200;INTARIAN_PEPPER_ROOT;10629;5;10625;20;;;10635;17;10638;15;;;10632.0;0.0
yf_ZW=F_d6;28300;ASH_COATED_OSMIUM;9896;17;9892;22;;;9904;22;9907;18;;;9900.0;0.0
yf_ZW=F_d6;28300;INTARIAN_PEPPER_ROOT;10632;14;10629;14;;;10638;12;10640;13;;;10635.0;0.0
yf_ZW=F_d6;28400;ASH_COATED_OSMIUM;9892;15;9889;18;;;9910;19;9912;21;;;9901.0;0.0
yf_ZW=F_d6;28400;INTARIAN_PEPPER_ROOT;10635;21;10631;22;;;10641;8;10644;19;;;10638.0;0.0
yf_ZW=F_d6;28500;ASH_COATED_OSMIUM;9897;15;9894;20;;;9903;21;9906;18;;;9900.0;0.0
yf_ZW=F_d6;28500;INTARIAN_PEPPER_ROOT;10636;18;10632;14;;;10642;24;10645;21;;;10639.0;0.0
yf_ZW=F_d6;28600;ASH_COATED_OSMIUM;9894;16;9892;18;;;9907;22;9909;18;;;9900.5;0.0
yf_ZW=F_d6;28600;INTARIAN_PEPPER_ROOT;10638;6;10634;22;;;10646;19;10650;13;;;10642.0;0.0
yf_ZW=F_d6;28700;ASH_COATED_OSMIUM;9897;11;9894;14;;;9903;7;9906;20;;;9900.0;0.0
yf_ZW=F_d6;28700;INTARIAN_PEPPER_ROOT;10640;16;10638;15;;;10649;23;10653;9;;;10644.5;0.0
yf_ZW=F_d6;28800;ASH_COATED_OSMIUM;9897;18;9893;22;;;9903;16;9906;23;;;9900.0;0.0
yf_ZW=F_d6;28800;INTARIAN_PEPPER_ROOT;10644;19;10640;23;;;10650;9;10653;18;;;10647.0;0.0
yf_ZW=F_d6;28900;ASH_COATED_OSMIUM;9887;17;9885;20;;;9914;10;9917;25;;;9900.5;0.0
yf_ZW=F_d6;28900;INTARIAN_PEPPER_ROOT;10645;6;10641;20;;;10651;18;10654;16;;;10648.0;0.0
yf_ZW=F_d6;29000;ASH_COATED_OSMIUM;9897;12;9895;27;;;9903;17;9907;24;;;9900.0;0.0
yf_ZW=F_d6;29000;INTARIAN_PEPPER_ROOT;10648;17;10646;22;;;10654;8;10658;17;;;10651.0;0.0
yf_ZW=F_d6;29100;ASH_COATED_OSMIUM;9898;21;9894;25;;;9904;12;9908;21;;;9901.0;0.0
yf_ZW=F_d6;29100;INTARIAN_PEPPER_ROOT;10644;18;10642;18;;;10663;12;10665;19;;;10653.5;0.0
yf_ZW=F_d6;29200;ASH_COATED_OSMIUM;9898;12;9896;22;;;9904;6;9908;21;;;9901.0;0.0
yf_ZW=F_d6;29200;INTARIAN_PEPPER_ROOT;10653;9;10651;19;;;10659;19;10661;20;;;10656.0;0.0
yf_ZW=F_d6;29300;ASH_COATED_OSMIUM;9897;8;9893;16;;;9903;15;9906;13;;;9900.0;0.0
yf_ZW=F_d6;29300;INTARIAN_PEPPER_ROOT;10655;10;10652;12;;;10661;14;10663;16;;;10658.0;0.0
yf_ZW=F_d6;29400;ASH_COATED_OSMIUM;9897;10;9894;18;;;9903;16;9906;31;;;9900.0;0.0
yf_ZW=F_d6;29400;INTARIAN_PEPPER_ROOT;10657;15;10655;25;;;10663;18;10667;20;;;10660.0;0.0
yf_ZW=F_d6;29500;ASH_COATED_OSMIUM;9897;5;9895;22;;;9903;10;9907;15;;;9900.0;0.0
yf_ZW=F_d6;29500;INTARIAN_PEPPER_ROOT;10659;8;10656;14;;;10665;17;10669;26;;;10662.0;0.0
yf_ZW=F_d6;29600;ASH_COATED_OSMIUM;9897;20;9895;18;;;9903;19;9905;15;;;9900.0;0.0
yf_ZW=F_d6;29600;INTARIAN_PEPPER_ROOT;10661;8;10657;8;;;10669;6;10673;22;;;10665.0;0.0
yf_ZW=F_d6;29700;ASH_COATED_OSMIUM;9897;21;9894;23;;;9903;17;9905;17;;;9900.0;0.0
yf_ZW=F_d6;29700;INTARIAN_PEPPER_ROOT;10664;11;10662;12;;;10670;17;10674;15;;;10667.0;0.0
yf_ZW=F_d6;29800;ASH_COATED_OSMIUM;9897;11;9895;23;;;9903;16;9906;19;;;9900.0;0.0
yf_ZW=F_d6;29800;INTARIAN_PEPPER_ROOT;10666;13;10662;29;;;10672;16;10674;29;;;10669.0;0.0
yf_ZW=F_d6;29900;ASH_COATED_OSMIUM;9897;16;9893;14;;;9903;14;9905;11;;;9900.0;0.0
yf_ZW=F_d6;29900;INTARIAN_PEPPER_ROOT;10668;14;10664;20;;;10674;23;10678;26;;;10671.0;0.0
yf_ZW=F_d6;30000;ASH_COATED_OSMIUM;9895;13;9892;31;;;9906;18;9909;23;;;9900.5;0.0
yf_ZW=F_d6;30000;INTARIAN_PEPPER_ROOT;10669;27;10665;28;;;10678;15;10680;28;;;10673.5;0.0
yf_ZW=F_d6;30100;ASH_COATED_OSMIUM;9898;9;9894;22;;;9904;20;9907;19;;;9901.0;0.0
yf_ZW=F_d6;30100;INTARIAN_PEPPER_ROOT;10673;21;10670;18;;;10679;10;10683;20;;;10676.0;0.0
yf_ZW=F_d6;30200;ASH_COATED_OSMIUM;9891;22;9889;20;;;9909;19;9911;18;;;9900.0;0.0
yf_ZW=F_d6;30200;INTARIAN_PEPPER_ROOT;10676;9;10672;11;;;10682;12;10684;20;;;10679.0;0.0
yf_ZW=F_d6;30300;ASH_COATED_OSMIUM;9895;9;9892;23;;;9905;10;9908;16;;;9900.0;0.0
yf_ZW=F_d6;30300;INTARIAN_PEPPER_ROOT;10678;21;10674;24;;;10684;17;10686;8;;;10681.0;0.0
yf_ZW=F_d6;30400;ASH_COATED_OSMIUM;9894;28;9890;13;;;9906;10;9908;14;;;9900.0;0.0
yf_ZW=F_d6;30400;INTARIAN_PEPPER_ROOT;10678;21;10676;21;;;10688;22;10690;8;;;10683.0;0.0
yf_ZW=F_d6;30500;ASH_COATED_OSMIUM;9896;17;9893;20;;;9902;9;9905;17;;;9899.0;0.0
yf_ZW=F_d6;30500;INTARIAN_PEPPER_ROOT;10682;14;10680;17;;;10689;9;10692;14;;;10685.5;0.0
yf_ZW=F_d6;30600;ASH_COATED_OSMIUM;9897;18;9893;21;;;9903;12;9905;20;;;9900.0;0.0
yf_ZW=F_d6;30600;INTARIAN_PEPPER_ROOT;10685;16;10681;10;;;10691;5;10693;18;;;10688.0;0.0
yf_ZW=F_d6;30700;ASH_COATED_OSMIUM;9887;18;9884;20;;;9913;18;9915;26;;;9900.0;0.0
yf_ZW=F_d6;30700;INTARIAN_PEPPER_ROOT;10684;23;10681;21;;;10695;16;10697;25;;;10689.5;0.0
yf_ZW=F_d6;30800;ASH_COATED_OSMIUM;9890;14;9888;29;;;9911;11;9915;23;;;9900.5;0.0
yf_ZW=F_d6;30800;INTARIAN_PEPPER_ROOT;10689;9;10685;12;;;10695;16;10699;19;;;10692.0;0.0
yf_ZW=F_d6;30900;ASH_COATED_OSMIUM;9894;9;9891;23;;;9907;17;9910;33;;;9900.5;0.0
yf_ZW=F_d6;30900;INTARIAN_PEPPER_ROOT;10692;9;10688;10;;;10698;25;10701;12;;;10695.0;0.0
yf_ZW=F_d6;31000;ASH_COATED_OSMIUM;9897;16;9893;21;;;9903;17;9905;30;;;9900.0;0.0
yf_ZW=F_d6;31000;INTARIAN_PEPPER_ROOT;10694;17;10690;16;;;10700;19;10704;17;;;10697.0;0.0
yf_ZW=F_d6;31100;ASH_COATED_OSMIUM;9897;9;9894;20;;;9903;22;9905;12;;;9900.0;0.0
yf_ZW=F_d6;31100;INTARIAN_PEPPER_ROOT;10696;5;10693;25;;;10704;21;10707;20;;;10700.0;0.0
yf_ZW=F_d6;31200;ASH_COATED_OSMIUM;9897;10;9893;25;;;9904;23;9908;25;;;9900.5;0.0
yf_ZW=F_d6;31200;INTARIAN_PEPPER_ROOT;10699;21;10696;22;;;10705;16;10707;20;;;10702.0;0.0
yf_ZW=F_d6;31300;ASH_COATED_OSMIUM;9897;27;9894;20;;;9903;11;9906;25;;;9900.0;0.0
yf_ZW=F_d6;31300;INTARIAN_PEPPER_ROOT;10696;14;10692;13;;;10711;18;10714;19;;;10703.5;0.0
yf_ZW=F_d6;31400;ASH_COATED_OSMIUM;9897;11;9893;14;;;9903;16;9906;23;;;9900.0;0.0
yf_ZW=F_d6;31400;INTARIAN_PEPPER_ROOT;10701;13;10697;15;;;10711;15;10713;17;;;10706.0;0.0
yf_ZW=F_d6;31500;ASH_COATED_OSMIUM;9894;10;9892;20;;;9907;14;9910;21;;;9900.5;0.0
yf_ZW=F_d6;31500;INTARIAN_PEPPER_ROOT;10705;23;10701;21;;;10714;13;10716;26;;;10709.5;0.0
yf_ZW=F_d6;31600;ASH_COATED_OSMIUM;9897;30;9893;20;;;9903;22;9905;12;;;9900.0;0.0
yf_ZW=F_d6;31600;INTARIAN_PEPPER_ROOT;10708;14;10704;20;;;10714;19;10717;18;;;10711.0;0.0
yf_ZW=F_d6;31700;ASH_COATED_OSMIUM;9897;20;9895;23;;;9903;11;9905;23;;;9900.0;0.0
yf_ZW=F_d6;31700;INTARIAN_PEPPER_ROOT;10710;21;10706;15;;;10716;15;10720;22;;;10713.0;0.0
yf_ZW=F_d6;31800;ASH_COATED_OSMIUM;9897;20;9894;25;;;9903;15;9905;18;;;9900.0;0.0
yf_ZW=F_d6;31800;INTARIAN_PEPPER_ROOT;10713;9;10709;22;;;10719;15;10723;18;;;10716.0;0.0
yf_ZW=F_d6;31900;ASH_COATED_OSMIUM;9897;16;9895;24;;;9903;13;9905;28;;;9900.0;0.0
yf_ZW=F_d6;31900;INTARIAN_PEPPER_ROOT;10714;18;10710;26;;;10722;19;10725;23;;;10718.0;0.0
yf_ZW=F_d6;32000;ASH_COATED_OSMIUM;9896;5;9893;21;;;9902;16;9904;11;;;9899.0;0.0
yf_ZW=F_d6;32000;INTARIAN_PEPPER_ROOT;10716;13;10712;14;;;10725;13;10728;27;;;10720.5;0.0
yf_ZW=F_d6;32100;ASH_COATED_OSMIUM;9883;18;9880;19;;;9916;16;9920;20;;;9899.5;0.0
yf_ZW=F_d6;32100;INTARIAN_PEPPER_ROOT;10716;8;10714;20;;;10728;15;10732;29;;;10722.0;0.0
yf_ZW=F_d6;32200;ASH_COATED_OSMIUM;9897;6;9894;22;;;9903;13;9907;18;;;9900.0;0.0
yf_ZW=F_d6;32200;INTARIAN_PEPPER_ROOT;10721;16;10717;19;;;10727;10;10730;15;;;10724.0;0.0
yf_ZW=F_d6;32300;ASH_COATED_OSMIUM;9897;16;9894;20;;;9903;22;9906;24;;;9900.0;0.0
yf_ZW=F_d6;32300;INTARIAN_PEPPER_ROOT;10723;12;10720;14;;;10730;20;10732;10;;;10726.5;0.0
yf_ZW=F_d6;32400;ASH_COATED_OSMIUM;9889;5;9885;22;;;9912;10;9916;19;;;9900.5;0.0
yf_ZW=F_d6;32400;INTARIAN_PEPPER_ROOT;10718;11;10715;25;;;10740;9;10744;20;;;10729.0;0.0
yf_ZW=F_d6;32500;ASH_COATED_OSMIUM;9895;20;9891;18;;;9904;12;9908;15;;;9899.5;0.0
yf_ZW=F_d6;32500;INTARIAN_PEPPER_ROOT;10705;10;10703;23;;;10759;9;10763;17;;;10732.0;0.0
yf_ZW=F_d6;32600;ASH_COATED_OSMIUM;9877;9;9873;14;;;9924;18;9928;20;;;9900.5;0.0
yf_ZW=F_d6;32600;INTARIAN_PEPPER_ROOT;10726;8;10724;16;;;10742;11;10745;19;;;10734.0;0.0
yf_ZW=F_d6;32700;ASH_COATED_OSMIUM;9897;14;9893;19;;;9903;20;9905;21;;;9900.0;0.0
yf_ZW=F_d6;32700;INTARIAN_PEPPER_ROOT;10733;15;10729;18;;;10739;18;10743;27;;;10736.0;0.0
yf_ZW=F_d6;32800;ASH_COATED_OSMIUM;9882;15;9880;26;;;9917;25;9920;16;;;9899.5;0.0
yf_ZW=F_d6;32800;INTARIAN_PEPPER_ROOT;10734;20;10731;20;;;10744;19;10747;17;;;10739.0;0.0
yf_ZW=F_d6;32900;ASH_COATED_OSMIUM;9895;17;9892;18;;;9904;13;9908;21;;;9899.5;0.0
yf_ZW=F_d6;32900;INTARIAN_PEPPER_ROOT;10738;17;10734;15;;;10744;17;10747;20;;;10741.0;0.0
yf_ZW=F_d6;33000;ASH_COATED_OSMIUM;9898;18;9894;31;;;9904;12;9906;28;;;9901.0;0.0
yf_ZW=F_d6;33000;INTARIAN_PEPPER_ROOT;10740;14;10736;23;;;10746;5;10750;12;;;10743.0;0.0
yf_ZW=F_d6;33100;ASH_COATED_OSMIUM;9897;24;9894;24;;;9903;12;9906;15;;;9900.0;0.0
yf_ZW=F_d6;33100;INTARIAN_PEPPER_ROOT;10741;6;10738;21;;;10751;20;10755;15;;;10746.0;0.0
yf_ZW=F_d6;33200;ASH_COATED_OSMIUM;9894;5;9892;29;;;9905;24;9909;21;;;9899.5;0.0
yf_ZW=F_d6;33200;INTARIAN_PEPPER_ROOT;10743;16;10740;19;;;10753;5;10755;27;;;10748.0;0.0
yf_ZW=F_d6;33300;ASH_COATED_OSMIUM;9896;18;9893;13;;;9902;9;9905;16;;;9899.0;0.0
yf_ZW=F_d6;33300;INTARIAN_PEPPER_ROOT;10748;5;10744;20;;;10754;15;10757;17;;;10751.0;0.0
yf_ZW=F_d6;33400;ASH_COATED_OSMIUM;9897;16;9894;28;;;9903;11;9906;27;;;9900.0;0.0
yf_ZW=F_d6;33400;INTARIAN_PEPPER_ROOT;10745;7;10743;18;;;10760;23;10763;17;;;10752.5;0.0
yf_ZW=F_d6;33500;ASH_COATED_OSMIUM;9891;18;9889;18;;;9907;16;9910;8;;;9899.0;0.0
yf_ZW=F_d6;33500;INTARIAN_PEPPER_ROOT;10751;17;10747;20;;;10757;21;10759;20;;;10754.0;0.0
yf_ZW=F_d6;33600;ASH_COATED_OSMIUM;9897;16;9894;16;;;9903;23;9905;19;;;9900.0;0.0
yf_ZW=F_d6;33600;INTARIAN_PEPPER_ROOT;10754;19;10751;21;;;10760;5;10763;17;;;10757.0;0.0
yf_ZW=F_d6;33700;ASH_COATED_OSMIUM;9897;24;9895;14;;;9903;16;9907;15;;;9900.0;0.0
yf_ZW=F_d6;33700;INTARIAN_PEPPER_ROOT;10754;16;10752;15;;;10766;14;10770;22;;;10760.0;0.0
yf_ZW=F_d6;33800;ASH_COATED_OSMIUM;9896;18;9893;15;;;9903;14;9906;22;;;9899.5;0.0
yf_ZW=F_d6;33800;INTARIAN_PEPPER_ROOT;10758;19;10755;23;;;10764;16;10766;19;;;10761.0;0.0
yf_ZW=F_d6;33900;ASH_COATED_OSMIUM;9897;25;9893;22;;;9903;14;9907;22;;;9900.0;0.0
yf_ZW=F_d6;33900;INTARIAN_PEPPER_ROOT;10760;14;10756;12;;;10768;17;10772;17;;;10764.0;0.0
yf_ZW=F_d6;34000;ASH_COATED_OSMIUM;9896;20;9894;11;;;9902;11;9905;22;;;9899.0;0.0
yf_ZW=F_d6;34000;INTARIAN_PEPPER_ROOT;10761;15;10758;10;;;10767;15;10769;22;;;10764.0;0.0
yf_ZW=F_d6;34100;ASH_COATED_OSMIUM;9888;16;9884;21;;;9912;25;9914;21;;;9900.0;0.0
yf_ZW=F_d6;34100;INTARIAN_PEPPER_ROOT;10760;5;10757;23;;;10769;18;10772;11;;;10764.5;0.0
yf_ZW=F_d6;34200;ASH_COATED_OSMIUM;9897;18;9893;12;;;9903;25;9907;13;;;9900.0;0.0
yf_ZW=F_d6;34200;INTARIAN_PEPPER_ROOT;10762;20;10760;33;;;10768;18;10771;14;;;10765.0;0.0
yf_ZW=F_d6;34300;ASH_COATED_OSMIUM;9897;9;9894;23;;;9903;18;9906;26;;;9900.0;0.0
yf_ZW=F_d6;34300;INTARIAN_PEPPER_ROOT;10761;17;10757;22;;;10770;12;10772;12;;;10765.5;0.0
yf_ZW=F_d6;34400;ASH_COATED_OSMIUM;9887;14;9885;20;;;9913;5;9915;23;;;9900.0;0.0
yf_ZW=F_d6;34400;INTARIAN_PEPPER_ROOT;10763;15;10760;16;;;10769;17;10773;18;;;10766.0;0.0
yf_ZW=F_d6;34500;ASH_COATED_OSMIUM;9892;8;9888;18;;;9908;5;9912;18;;;9900.0;0.0
yf_ZW=F_d6;34500;INTARIAN_PEPPER_ROOT;10756;16;10754;19;;;10778;5;10782;19;;;10767.0;0.0
yf_ZW=F_d6;34600;ASH_COATED_OSMIUM;9897;10;9893;17;;;9903;19;9907;20;;;9900.0;0.0
yf_ZW=F_d6;34600;INTARIAN_PEPPER_ROOT;10763;12;10761;21;;;10771;17;10774;18;;;10767.0;0.0
yf_ZW=F_d6;34700;ASH_COATED_OSMIUM;9890;19;9886;15;;;9910;16;9914;14;;;9900.0;0.0
yf_ZW=F_d6;34700;INTARIAN_PEPPER_ROOT;10764;9;10761;18;;;10770;20;10773;16;;;10767.0;0.0
yf_ZW=F_d6;34800;ASH_COATED_OSMIUM;9896;11;9892;23;;;9902;15;9906;12;;;9899.0;0.0
yf_ZW=F_d6;34800;INTARIAN_PEPPER_ROOT;10765;17;10762;21;;;10771;21;10775;22;;;10768.0;0.0
yf_ZW=F_d6;34900;ASH_COATED_OSMIUM;9895;18;9891;25;;;9906;19;9908;13;;;9900.5;0.0
yf_ZW=F_d6;34900;INTARIAN_PEPPER_ROOT;10765;13;10762;21;;;10771;19;10774;20;;;10768.0;0.0
yf_ZW=F_d6;35000;ASH_COATED_OSMIUM;9897;14;9893;20;;;9903;12;9905;16;;;9900.0;0.0
yf_ZW=F_d6;35000;INTARIAN_PEPPER_ROOT;10753;15;10751;19;;;10786;16;10789;24;;;10769.5;0.0
yf_ZW=F_d6;35100;ASH_COATED_OSMIUM;9897;14;9894;23;;;9903;10;9905;20;;;9900.0;0.0
yf_ZW=F_d6;35100;INTARIAN_PEPPER_ROOT;10766;12;10762;18;;;10772;15;10775;18;;;10769.0;0.0
yf_ZW=F_d6;35200;ASH_COATED_OSMIUM;9897;17;9893;26;;;9903;10;9905;15;;;9900.0;0.0
yf_ZW=F_d6;35200;INTARIAN_PEPPER_ROOT;10766;15;10763;23;;;10773;25;10775;18;;;10769.5;0.0
yf_ZW=F_d6;35300;ASH_COATED_OSMIUM;9888;22;9886;11;;;9911;14;9914;20;;;9899.5;0.0
yf_ZW=F_d6;35300;INTARIAN_PEPPER_ROOT;10763;13;10759;18;;;10778;9;10781;22;;;10770.5;0.0
yf_ZW=F_d6;35400;ASH_COATED_OSMIUM;9892;15;9890;22;;;9909;12;9912;18;;;9900.5;0.0
yf_ZW=F_d6;35400;INTARIAN_PEPPER_ROOT;10767;13;10764;22;;;10773;18;10776;21;;;10770.0;0.0
yf_ZW=F_d6;35500;ASH_COATED_OSMIUM;9896;17;9892;20;;;9904;16;9908;22;;;9900.0;0.0
yf_ZW=F_d6;35500;INTARIAN_PEPPER_ROOT;10766;13;10764;21;;;10776;17;10778;10;;;10771.0;0.0
yf_ZW=F_d6;35600;ASH_COATED_OSMIUM;9897;9;9893;22;;;9903;8;9907;23;;;9900.0;0.0
yf_ZW=F_d6;35600;INTARIAN_PEPPER_ROOT;10767;15;10763;16;;;10775;5;10777;18;;;10771.0;0.0
yf_ZW=F_d6;35700;ASH_COATED_OSMIUM;9897;15;9894;13;;;9903;18;9906;21;;;9900.0;0.0
yf_ZW=F_d6;35700;INTARIAN_PEPPER_ROOT;10768;19;10765;22;;;10774;21;10778;33;;;10771.0;0.0
yf_ZW=F_d6;35800;ASH_COATED_OSMIUM;9898;26;9895;25;;;9904;11;9906;13;;;9901.0;0.0
yf_ZW=F_d6;35800;INTARIAN_PEPPER_ROOT;10769;16;10767;18;;;10775;21;10779;25;;;10772.0;0.0
yf_ZW=F_d6;35900;ASH_COATED_OSMIUM;9896;21;9893;9;;;9905;17;9909;19;;;9900.5;0.0
yf_ZW=F_d6;35900;INTARIAN_PEPPER_ROOT;10769;14;10766;23;;;10775;13;10778;24;;;10772.0;0.0
yf_ZW=F_d6;36000;ASH_COATED_OSMIUM;9898;30;9895;17;;;9904;10;9908;19;;;9901.0;0.0
yf_ZW=F_d6;36000;INTARIAN_PEPPER_ROOT;10769;10;10765;12;;;10775;15;10777;20;;;10772.0;0.0
yf_ZW=F_d6;36100;ASH_COATED_OSMIUM;9897;20;9894;14;;;9903;21;9907;19;;;9900.0;0.0
yf_ZW=F_d6;36100;INTARIAN_PEPPER_ROOT;10770;20;10766;25;;;10776;18;10778;20;;;10773.0;0.0
yf_ZW=F_d6;36200;ASH_COATED_OSMIUM;9894;19;9892;24;;;9907;21;9909;21;;;9900.5;0.0
yf_ZW=F_d6;36200;INTARIAN_PEPPER_ROOT;10771;15;10767;24;;;10777;6;10780;24;;;10774.0;0.0
yf_ZW=F_d6;36300;ASH_COATED_OSMIUM;9897;12;9893;19;;;9903;15;9907;23;;;9900.0;0.0
yf_ZW=F_d6;36300;INTARIAN_PEPPER_ROOT;10762;17;10760;31;;;10786;17;10789;24;;;10774.0;0.0
yf_ZW=F_d6;36400;ASH_COATED_OSMIUM;9896;14;9892;29;;;9905;15;9908;27;;;9900.5;0.0
yf_ZW=F_d6;36400;INTARIAN_PEPPER_ROOT;10771;12;10769;8;;;10777;16;10779;21;;;10774.0;0.0
yf_ZW=F_d6;36500;ASH_COATED_OSMIUM;9898;9;9894;23;;;9904;5;9906;22;;;9901.0;0.0
yf_ZW=F_d6;36500;INTARIAN_PEPPER_ROOT;10772;16;10768;16;;;10778;13;10780;17;;;10775.0;0.0
yf_ZW=F_d6;36600;ASH_COATED_OSMIUM;9898;6;9895;23;;;9904;14;9907;12;;;9901.0;0.0
yf_ZW=F_d6;36600;INTARIAN_PEPPER_ROOT;10770;20;10768;12;;;10780;17;10783;25;;;10775.0;0.0
yf_ZW=F_d6;36700;ASH_COATED_OSMIUM;9898;13;9894;27;;;9904;21;9908;14;;;9901.0;0.0
yf_ZW=F_d6;36700;INTARIAN_PEPPER_ROOT;10771;18;10768;18;;;10781;17;10785;25;;;10776.0;0.0
yf_ZW=F_d6;36800;ASH_COATED_OSMIUM;9898;27;9896;12;;;9904;15;9907;13;;;9901.0;0.0
yf_ZW=F_d6;36800;INTARIAN_PEPPER_ROOT;10773;13;10769;24;;;10779;13;10782;22;;;10776.0;0.0
yf_ZW=F_d6;36900;ASH_COATED_OSMIUM;9898;15;9896;20;;;9904;7;9906;17;;;9901.0;0.0
yf_ZW=F_d6;36900;INTARIAN_PEPPER_ROOT;10773;15;10771;27;;;10779;18;10783;20;;;10776.0;0.0
yf_ZW=F_d6;37000;ASH_COATED_OSMIUM;9898;15;9896;21;;;9904;17;9907;31;;;9901.0;0.0
yf_ZW=F_d6;37000;INTARIAN_PEPPER_ROOT;10774;16;10771;24;;;10780;16;10784;20;;;10777.0;0.0
yf_ZW=F_d6;37100;ASH_COATED_OSMIUM;9898;24;9894;24;;;9904;19;9906;19;;;9901.0;0.0
yf_ZW=F_d6;37100;INTARIAN_PEPPER_ROOT;10774;5;10772;15;;;10780;12;10784;29;;;10777.0;0.0
yf_ZW=F_d6;37200;ASH_COATED_OSMIUM;9894;24;9890;18;;;9908;5;9910;23;;;9901.0;0.0
yf_ZW=F_d6;37200;INTARIAN_PEPPER_ROOT;10767;16;10763;21;;;10788;19;10790;21;;;10777.5;0.0
yf_ZW=F_d6;37300;ASH_COATED_OSMIUM;9895;15;9892;19;;;9908;13;9910;27;;;9901.5;0.0
yf_ZW=F_d6;37300;INTARIAN_PEPPER_ROOT;10775;10;10773;8;;;10781;10;10785;25;;;10778.0;0.0
yf_ZW=F_d6;37400;ASH_COATED_OSMIUM;9898;24;9896;13;;;9904;19;9907;16;;;9901.0;0.0
yf_ZW=F_d6;37400;INTARIAN_PEPPER_ROOT;10771;18;10767;18;;;10786;13;10790;22;;;10778.5;0.0
yf_ZW=F_d6;37500;ASH_COATED_OSMIUM;9898;11;9895;34;;;9904;5;9906;18;;;9901.0;0.0
yf_ZW=F_d6;37500;INTARIAN_PEPPER_ROOT;10774;18;10772;17;;;10784;15;10788;25;;;10779.0;0.0
yf_ZW=F_d6;37600;ASH_COATED_OSMIUM;9898;15;9895;16;;;9904;21;9906;20;;;9901.0;0.0
yf_ZW=F_d6;37600;INTARIAN_PEPPER_ROOT;10777;18;10774;19;;;10783;12;10787;15;;;10780.0;0.0
yf_ZW=F_d6;37700;ASH_COATED_OSMIUM;9898;13;9896;20;;;9904;9;9907;22;;;9901.0;0.0
yf_ZW=F_d6;37700;INTARIAN_PEPPER_ROOT;10776;10;10773;18;;;10782;19;10786;16;;;10779.0;0.0
yf_ZW=F_d6;37800;ASH_COATED_OSMIUM;9897;12;9895;21;;;9906;16;9910;21;;;9901.5;0.0
yf_ZW=F_d6;37800;INTARIAN_PEPPER_ROOT;10773;16;10771;15;;;10788;12;10790;19;;;10780.5;0.0
yf_ZW=F_d6;37900;ASH_COATED_OSMIUM;9896;18;9893;24;;;9906;17;9910;14;;;9901.0;0.0
yf_ZW=F_d6;37900;INTARIAN_PEPPER_ROOT;10777;17;10774;17;;;10784;17;10787;23;;;10780.5;0.0
yf_ZW=F_d6;38000;ASH_COATED_OSMIUM;9898;18;9895;27;;;9906;5;9908;23;;;9902.0;0.0
yf_ZW=F_d6;38000;INTARIAN_PEPPER_ROOT;10774;19;10772;32;;;10786;7;10788;19;;;10780.0;0.0
yf_ZW=F_d6;38100;ASH_COATED_OSMIUM;9899;16;9895;29;;;9905;18;9908;15;;;9902.0;0.0
yf_ZW=F_d6;38100;INTARIAN_PEPPER_ROOT;10768;12;10766;26;;;10795;16;10799;24;;;10781.5;0.0
yf_ZW=F_d6;38200;ASH_COATED_OSMIUM;9899;11;9897;28;;;9905;12;9907;18;;;9902.0;0.0
yf_ZW=F_d6;38200;INTARIAN_PEPPER_ROOT;10779;10;10776;8;;;10785;22;10787;20;;;10782.0;0.0
yf_ZW=F_d6;38300;ASH_COATED_OSMIUM;9898;13;9895;25;;;9906;18;9909;22;;;9902.0;0.0
yf_ZW=F_d6;38300;INTARIAN_PEPPER_ROOT;10779;13;10777;18;;;10785;9;10787;17;;;10782.0;0.0
yf_ZW=F_d6;38400;ASH_COATED_OSMIUM;9893;10;9891;21;;;9910;6;9914;27;;;9901.5;0.0
yf_ZW=F_d6;38400;INTARIAN_PEPPER_ROOT;10778;5;10775;21;;;10786;5;10788;19;;;10782.0;0.0
yf_ZW=F_d6;38500;ASH_COATED_OSMIUM;9899;7;9895;25;;;9905;13;9908;25;;;9902.0;0.0
yf_ZW=F_d6;38500;INTARIAN_PEPPER_ROOT;10779;19;10775;22;;;10785;14;10789;17;;;10782.0;0.0
yf_ZW=F_d6;38600;ASH_COATED_OSMIUM;9899;20;9895;21;;;9905;20;9907;31;;;9902.0;0.0
yf_ZW=F_d6;38600;INTARIAN_PEPPER_ROOT;10768;18;10766;15;;;10799;17;10801;21;;;10783.5;0.0
yf_ZW=F_d6;38700;ASH_COATED_OSMIUM;9891;7;9887;18;;;9914;16;9918;17;;;9902.5;0.0
yf_ZW=F_d6;38700;INTARIAN_PEPPER_ROOT;10778;17;10774;24;;;10791;16;10795;19;;;10784.5;0.0
yf_ZW=F_d6;38800;ASH_COATED_OSMIUM;9895;7;9892;20;;;9908;22;9912;19;;;9901.5;0.0
yf_ZW=F_d6;38800;INTARIAN_PEPPER_ROOT;10779;12;10777;19;;;10789;8;10793;26;;;10784.0;0.0
yf_ZW=F_d6;38900;ASH_COATED_OSMIUM;9898;15;9894;10;;;9908;11;9911;23;;;9903.0;0.0
yf_ZW=F_d6;38900;INTARIAN_PEPPER_ROOT;10781;12;10778;20;;;10787;9;10789;19;;;10784.0;0.0
yf_ZW=F_d6;39000;ASH_COATED_OSMIUM;9895;16;9892;14;;;9908;14;9912;20;;;9901.5;0.0
yf_ZW=F_d6;39000;INTARIAN_PEPPER_ROOT;10781;10;10778;19;;;10790;9;10793;14;;;10785.5;0.0
yf_ZW=F_d6;39100;ASH_COATED_OSMIUM;9898;7;9896;13;;;9906;12;9910;8;;;9902.0;0.0
yf_ZW=F_d6;39100;INTARIAN_PEPPER_ROOT;10783;20;10781;17;;;10789;11;10792;8;;;10786.0;0.0
yf_ZW=F_d6;39200;ASH_COATED_OSMIUM;9899;14;9896;22;;;9905;21;9908;12;;;9902.0;0.0
yf_ZW=F_d6;39200;INTARIAN_PEPPER_ROOT;10783;18;10780;17;;;10789;30;10792;17;;;10786.0;0.0
yf_ZW=F_d6;39300;ASH_COATED_OSMIUM;9896;12;9892;19;;;9909;12;9913;17;;;9902.5;0.0
yf_ZW=F_d6;39300;INTARIAN_PEPPER_ROOT;10783;11;10781;24;;;10789;6;10791;18;;;10786.0;0.0
yf_ZW=F_d6;39400;ASH_COATED_OSMIUM;9894;20;9890;27;;;9909;16;9911;15;;;9901.5;0.0
yf_ZW=F_d6;39400;INTARIAN_PEPPER_ROOT;10783;13;10780;16;;;10789;17;10791;10;;;10786.0;0.0
yf_ZW=F_d6;39500;ASH_COATED_OSMIUM;9899;18;9897;29;;;9905;14;9908;19;;;9902.0;0.0
yf_ZW=F_d6;39500;INTARIAN_PEPPER_ROOT;10784;13;10780;20;;;10790;18;10794;19;;;10787.0;0.0
yf_ZW=F_d6;39600;ASH_COATED_OSMIUM;9899;15;9897;15;;;9905;19;9909;19;;;9902.0;0.0
yf_ZW=F_d6;39600;INTARIAN_PEPPER_ROOT;10785;13;10781;15;;;10791;13;10793;17;;;10788.0;0.0
yf_ZW=F_d6;39700;ASH_COATED_OSMIUM;9899;10;9896;25;;;9905;5;9907;28;;;9902.0;0.0
yf_ZW=F_d6;39700;INTARIAN_PEPPER_ROOT;10777;5;10773;22;;;10798;22;10800;16;;;10787.5;0.0
yf_ZW=F_d6;39800;ASH_COATED_OSMIUM;9899;18;9897;17;;;9905;13;9907;18;;;9902.0;0.0
yf_ZW=F_d6;39800;INTARIAN_PEPPER_ROOT;10768;13;10766;15;;;10808;22;10812;15;;;10788.0;0.0
yf_ZW=F_d6;39900;ASH_COATED_OSMIUM;9898;12;9894;12;;;9907;13;9909;23;;;9902.5;0.0
yf_ZW=F_d6;39900;INTARIAN_PEPPER_ROOT;10785;5;10783;27;;;10792;18;10796;26;;;10788.5;0.0
yf_ZW=F_d6;40000;ASH_COATED_OSMIUM;9894;21;9890;18;;;9911;20;9913;18;;;9902.5;0.0
yf_ZW=F_d6;40000;INTARIAN_PEPPER_ROOT;10785;17;10782;22;;;10791;13;10793;20;;;10788.0;0.0
yf_ZW=F_d6;40100;ASH_COATED_OSMIUM;9899;12;9896;21;;;9905;23;9909;12;;;9902.0;0.0
yf_ZW=F_d6;40100;INTARIAN_PEPPER_ROOT;10786;17;10784;12;;;10792;21;10794;22;;;10789.0;0.0
yf_ZW=F_d6;40200;ASH_COATED_OSMIUM;9900;9;9896;16;;;9906;17;9908;10;;;9903.0;0.0
yf_ZW=F_d6;40200;INTARIAN_PEPPER_ROOT;10783;24;10780;15;;;10795;12;10799;17;;;10789.0;0.0
yf_ZW=F_d6;40300;ASH_COATED_OSMIUM;9899;16;9896;13;;;9907;18;9910;28;;;9903.0;0.0
yf_ZW=F_d6;40300;INTARIAN_PEPPER_ROOT;10778;15;10776;15;;;10802;21;10806;23;;;10790.0;0.0
yf_ZW=F_d6;40400;ASH_COATED_OSMIUM;9892;11;9889;12;;;9913;13;9917;12;;;9902.5;0.0
yf_ZW=F_d6;40400;INTARIAN_PEPPER_ROOT;10788;19;10786;16;;;10794;17;10796;15;;;10791.0;0.0
yf_ZW=F_d6;40500;ASH_COATED_OSMIUM;9900;14;9896;30;;;9906;12;9909;21;;;9903.0;0.0
yf_ZW=F_d6;40500;INTARIAN_PEPPER_ROOT;10788;18;10786;17;;;10794;24;10796;26;;;10791.0;0.0
yf_ZW=F_d6;40600;ASH_COATED_OSMIUM;9900;18;9898;20;;;9906;25;9910;23;;;9903.0;0.0
yf_ZW=F_d6;40600;INTARIAN_PEPPER_ROOT;10782;23;10780;23;;;10802;9;10805;18;;;10792.0;0.0
yf_ZW=F_d6;40700;ASH_COATED_OSMIUM;9900;19;9897;14;;;9906;15;9908;24;;;9903.0;0.0
yf_ZW=F_d6;40700;INTARIAN_PEPPER_ROOT;10788;19;10785;15;;;10796;22;10799;17;;;10792.0;0.0
yf_ZW=F_d6;40800;ASH_COATED_OSMIUM;9900;7;9898;24;;;9906;16;9908;19;;;9903.0;0.0
yf_ZW=F_d6;40800;INTARIAN_PEPPER_ROOT;10786;10;10784;20;;;10798;11;10801;28;;;10792.0;0.0
yf_ZW=F_d6;40900;ASH_COATED_OSMIUM;9892;13;9889;17;;;9914;18;9918;20;;;9903.0;0.0
yf_ZW=F_d6;40900;INTARIAN_PEPPER_ROOT;10790;11;10787;21;;;10796;14;10799;13;;;10793.0;0.0
yf_ZW=F_d6;41000;ASH_COATED_OSMIUM;9896;16;9894;16;;;9908;17;9912;20;;;9902.0;0.0
yf_ZW=F_d6;41000;INTARIAN_PEPPER_ROOT;10790;18;10788;26;;;10796;19;10800;13;;;10793.0;0.0
yf_ZW=F_d6;41100;ASH_COATED_OSMIUM;9896;15;9894;27;;;9910;11;9913;18;;;9903.0;0.0
yf_ZW=F_d6;41100;INTARIAN_PEPPER_ROOT;10790;17;10788;22;;;10796;10;10799;17;;;10793.0;0.0
yf_ZW=F_d6;41200;ASH_COATED_OSMIUM;9894;18;9891;20;;;9913;19;9917;26;;;9903.5;0.0
yf_ZW=F_d6;41200;INTARIAN_PEPPER_ROOT;10791;8;10788;18;;;10797;22;10800;22;;;10794.0;0.0
yf_ZW=F_d6;41300;ASH_COATED_OSMIUM;9900;18;9898;15;;;9906;17;9909;17;;;9903.0;0.0
yf_ZW=F_d6;41300;INTARIAN_PEPPER_ROOT;10792;13;10789;25;;;10798;11;10800;19;;;10795.0;0.0
yf_ZW=F_d6;41400;ASH_COATED_OSMIUM;9899;16;9897;17;;;9906;19;9910;20;;;9902.5;0.0
yf_ZW=F_d6;41400;INTARIAN_PEPPER_ROOT;10792;19;10789;16;;;10798;21;10800;20;;;10795.0;0.0
yf_ZW=F_d6;41500;ASH_COATED_OSMIUM;9886;19;9883;24;;;9921;16;9925;23;;;9903.5;0.0
yf_ZW=F_d6;41500;INTARIAN_PEPPER_ROOT;10792;16;10788;22;;;10798;11;10800;24;;;10795.0;0.0
yf_ZW=F_d6;41600;ASH_COATED_OSMIUM;9897;17;9895;22;;;9910;11;9912;24;;;9903.5;0.0
yf_ZW=F_d6;41600;INTARIAN_PEPPER_ROOT;10793;13;10789;19;;;10799;25;10801;19;;;10796.0;0.0
yf_ZW=F_d6;41700;ASH_COATED_OSMIUM;9900;13;9898;21;;;9906;15;9909;18;;;9903.0;0.0
yf_ZW=F_d6;41700;INTARIAN_PEPPER_ROOT;10793;10;10791;16;;;10799;10;10803;18;;;10796.0;0.0
yf_ZW=F_d6;41800;ASH_COATED_OSMIUM;9899;12;9895;20;;;9907;17;9911;27;;;9903.0;0.0
yf_ZW=F_d6;41800;INTARIAN_PEPPER_ROOT;10794;16;10791;14;;;10800;17;10803;19;;;10797.0;0.0
yf_ZW=F_d6;41900;ASH_COATED_OSMIUM;9900;22;9898;17;;;9906;21;9910;21;;;9903.0;0.0
yf_ZW=F_d6;41900;INTARIAN_PEPPER_ROOT;10790;21;10788;19;;;10803;13;10805;23;;;10796.5;0.0
yf_ZW=F_d6;42000;ASH_COATED_OSMIUM;9896;16;9894;11;;;9911;15;9913;18;;;9903.5;0.0
yf_ZW=F_d6;42000;INTARIAN_PEPPER_ROOT;10790;13;10787;26;;;10805;7;10809;24;;;10797.5;0.0
yf_ZW=F_d6;42100;ASH_COATED_OSMIUM;9900;13;9897;25;;;9906;24;9909;11;;;9903.0;0.0
yf_ZW=F_d6;42100;INTARIAN_PEPPER_ROOT;10794;12;10790;24;;;10800;5;10804;22;;;10797.0;0.0
yf_ZW=F_d6;42200;ASH_COATED_OSMIUM;9901;17;9898;10;;;9907;12;9911;23;;;9904.0;0.0
yf_ZW=F_d6;42200;INTARIAN_PEPPER_ROOT;10791;23;10789;20;;;10805;14;10809;23;;;10798.0;0.0
yf_ZW=F_d6;42300;ASH_COATED_OSMIUM;9900;9;9896;18;;;9906;17;9910;20;;;9903.0;0.0
yf_ZW=F_d6;42300;INTARIAN_PEPPER_ROOT;10796;14;10792;17;;;10802;10;10806;23;;;10799.0;0.0
yf_ZW=F_d6;42400;ASH_COATED_OSMIUM;9897;10;9893;14;;;9910;17;9912;21;;;9903.5;0.0
yf_ZW=F_d6;42400;INTARIAN_PEPPER_ROOT;10793;13;10791;21;;;10804;14;10806;19;;;10798.5;0.0
yf_ZW=F_d6;42500;ASH_COATED_OSMIUM;9901;11;9897;30;;;9907;16;9911;21;;;9904.0;0.0
yf_ZW=F_d6;42500;INTARIAN_PEPPER_ROOT;10797;15;10794;17;;;10803;9;10805;28;;;10800.0;0.0
yf_ZW=F_d6;42600;ASH_COATED_OSMIUM;9901;18;9897;8;;;9907;9;9909;9;;;9904.0;0.0
yf_ZW=F_d6;42600;INTARIAN_PEPPER_ROOT;10796;16;10793;23;;;10802;8;10804;20;;;10799.0;0.0
yf_ZW=F_d6;42700;ASH_COATED_OSMIUM;9901;17;9898;27;;;9907;15;9911;20;;;9904.0;0.0
yf_ZW=F_d6;42700;INTARIAN_PEPPER_ROOT;10797;23;10794;16;;;10803;12;10805;20;;;10800.0;0.0
yf_ZW=F_d6;42800;ASH_COATED_OSMIUM;9897;13;9894;15;;;9909;18;9912;23;;;9903.0;0.0
yf_ZW=F_d6;42800;INTARIAN_PEPPER_ROOT;10797;9;10795;29;;;10804;8;10807;25;;;10800.5;0.0
yf_ZW=F_d6;42900;ASH_COATED_OSMIUM;9898;16;9896;13;;;9910;14;9912;11;;;9904.0;0.0
yf_ZW=F_d6;42900;INTARIAN_PEPPER_ROOT;10797;12;10795;25;;;10803;9;10806;32;;;10800.0;0.0
yf_ZW=F_d6;43000;ASH_COATED_OSMIUM;9897;17;9894;19;;;9910;5;9914;15;;;9903.5;0.0
yf_ZW=F_d6;43000;INTARIAN_PEPPER_ROOT;10796;16;10794;16;;;10806;19;10809;20;;;10801.0;0.0
yf_ZW=F_d6;43100;ASH_COATED_OSMIUM;9901;15;9898;26;;;9907;17;9909;19;;;9904.0;0.0
yf_ZW=F_d6;43100;INTARIAN_PEPPER_ROOT;10799;18;10796;23;;;10805;10;10809;20;;;10802.0;0.0
yf_ZW=F_d6;43200;ASH_COATED_OSMIUM;9901;17;9899;20;;;9907;18;9910;14;;;9904.0;0.0
yf_ZW=F_d6;43200;INTARIAN_PEPPER_ROOT;10799;9;10797;24;;;10805;21;10807;23;;;10802.0;0.0
yf_ZW=F_d6;43300;ASH_COATED_OSMIUM;9901;14;9897;18;;;9907;19;9911;14;;;9904.0;0.0
yf_ZW=F_d6;43300;INTARIAN_PEPPER_ROOT;10799;11;10795;10;;;10805;16;10809;21;;;10802.0;0.0
yf_ZW=F_d6;43400;ASH_COATED_OSMIUM;9899;13;9895;24;;;9909;16;9912;18;;;9904.0;0.0
yf_ZW=F_d6;43400;INTARIAN_PEPPER_ROOT;10800;17;10798;29;;;10806;10;10809;13;;;10803.0;0.0
yf_ZW=F_d6;43500;ASH_COATED_OSMIUM;9901;8;9899;17;;;9907;8;9911;15;;;9904.0;0.0
yf_ZW=F_d6;43500;INTARIAN_PEPPER_ROOT;10800;14;10798;15;;;10806;11;10808;17;;;10803.0;0.0
yf_ZW=F_d6;43600;ASH_COATED_OSMIUM;9901;20;9898;26;;;9908;21;9911;14;;;9904.5;0.0
yf_ZW=F_d6;43600;INTARIAN_PEPPER_ROOT;10801;14;10799;11;;;10807;15;10811;22;;;10804.0;0.0
yf_ZW=F_d6;43700;ASH_COATED_OSMIUM;9901;12;9897;22;;;9907;17;9910;20;;;9904.0;0.0
yf_ZW=F_d6;43700;INTARIAN_PEPPER_ROOT;10799;21;10797;21;;;10810;15;10812;14;;;10804.5;0.0
yf_ZW=F_d6;43800;ASH_COATED_OSMIUM;9901;22;9899;18;;;9907;19;9910;23;;;9904.0;0.0
yf_ZW=F_d6;43800;INTARIAN_PEPPER_ROOT;10802;13;10799;18;;;10808;17;10811;17;;;10805.0;0.0
yf_ZW=F_d6;43900;ASH_COATED_OSMIUM;9902;20;9898;18;;;9908;17;9912;19;;;9905.0;0.0
yf_ZW=F_d6;43900;INTARIAN_PEPPER_ROOT;10797;12;10793;19;;;10812;15;10815;18;;;10804.5;0.0
yf_ZW=F_d6;44000;ASH_COATED_OSMIUM;9901;8;9899;21;;;9907;8;9911;19;;;9904.0;0.0
yf_ZW=F_d6;44000;INTARIAN_PEPPER_ROOT;10796;22;10792;27;;;10815;21;10819;20;;;10805.5;0.0
yf_ZW=F_d6;44100;ASH_COATED_OSMIUM;9900;13;9896;17;;;9909;9;9911;24;;;9904.5;0.0
yf_ZW=F_d6;44100;INTARIAN_PEPPER_ROOT;10801;6;10799;23;;;10812;20;10816;28;;;10806.5;0.0
yf_ZW=F_d6;44200;ASH_COATED_OSMIUM;9897;19;9895;17;;;9912;14;9916;22;;;9904.5;0.0
yf_ZW=F_d6;44200;INTARIAN_PEPPER_ROOT;10800;16;10798;17;;;10811;16;10815;12;;;10805.5;0.0
yf_ZW=F_d6;44300;ASH_COATED_OSMIUM;9901;8;9897;18;;;9907;16;9909;22;;;9904.0;0.0
yf_ZW=F_d6;44300;INTARIAN_PEPPER_ROOT;10803;9;10799;26;;;10809;11;10811;26;;;10806.0;0.0
yf_ZW=F_d6;44400;ASH_COATED_OSMIUM;9900;15;9896;24;;;9909;12;9912;13;;;9904.5;0.0
yf_ZW=F_d6;44400;INTARIAN_PEPPER_ROOT;10804;9;10801;20;;;10810;8;10812;29;;;10807.0;0.0
yf_ZW=F_d6;44500;ASH_COATED_OSMIUM;9902;8;9900;9;;;9908;17;9911;24;;;9905.0;0.0
yf_ZW=F_d6;44500;INTARIAN_PEPPER_ROOT;10802;12;10800;21;;;10814;16;10818;17;;;10808.0;0.0
yf_ZW=F_d6;44600;ASH_COATED_OSMIUM;9897;10;9895;23;;;9912;9;9916;20;;;9904.5;0.0
yf_ZW=F_d6;44600;INTARIAN_PEPPER_ROOT;10805;15;10803;21;;;10811;12;10813;22;;;10808.0;0.0
yf_ZW=F_d6;44700;ASH_COATED_OSMIUM;9899;14;9895;18;;;9911;14;9913;14;;;9905.0;0.0
yf_ZW=F_d6;44700;INTARIAN_PEPPER_ROOT;10806;9;10804;15;;;10812;12;10814;9;;;10809.0;0.0
yf_ZW=F_d6;44800;ASH_COATED_OSMIUM;9902;12;9899;10;;;9908;9;9911;19;;;9905.0;0.0
yf_ZW=F_d6;44800;INTARIAN_PEPPER_ROOT;10805;21;10801;17;;;10812;7;10816;17;;;10808.5;0.0
yf_ZW=F_d6;44900;ASH_COATED_OSMIUM;9902;18;9899;21;;;9908;19;9910;22;;;9905.0;0.0
yf_ZW=F_d6;44900;INTARIAN_PEPPER_ROOT;10806;13;10802;17;;;10812;20;10816;23;;;10809.0;0.0
yf_ZW=F_d6;45000;ASH_COATED_OSMIUM;9899;19;9896;25;;;9911;13;9915;18;;;9905.0;0.0
yf_ZW=F_d6;45000;INTARIAN_PEPPER_ROOT;10806;16;10804;17;;;10812;18;10814;19;;;10809.0;0.0
yf_ZW=F_d6;45100;ASH_COATED_OSMIUM;9902;8;9899;22;;;9908;22;9911;25;;;9905.0;0.0
yf_ZW=F_d6;45100;INTARIAN_PEPPER_ROOT;10807;11;10805;29;;;10813;11;10817;9;;;10810.0;0.0
yf_ZW=F_d6;45200;ASH_COATED_OSMIUM;9899;13;9897;13;;;9910;14;9912;15;;;9904.5;0.0
yf_ZW=F_d6;45200;INTARIAN_PEPPER_ROOT;10803;10;10800;16;;;10817;12;10820;21;;;10810.0;0.0
yf_ZW=F_d6;45300;ASH_COATED_OSMIUM;9901;9;9898;17;;;9910;13;9914;24;;;9905.5;0.0
yf_ZW=F_d6;45300;INTARIAN_PEPPER_ROOT;10808;15;10804;23;;;10814;10;10816;20;;;10811.0;0.0
yf_ZW=F_d6;45400;ASH_COATED_OSMIUM;9903;21;9901;17;;;9909;8;9912;17;;;9906.0;0.0
yf_ZW=F_d6;45400;INTARIAN_PEPPER_ROOT;10808;14;10806;17;;;10814;17;10817;16;;;10811.0;0.0
yf_ZW=F_d6;45500;ASH_COATED_OSMIUM;9895;20;9893;19;;;9917;12;9921;18;;;9906.0;0.0
yf_ZW=F_d6;45500;INTARIAN_PEPPER_ROOT;10800;12;10796;15;;;10823;12;10826;22;;;10811.5;0.0
yf_ZW=F_d6;45600;ASH_COATED_OSMIUM;9902;12;9898;22;;;9908;17;9912;11;;;9905.0;0.0
yf_ZW=F_d6;45600;INTARIAN_PEPPER_ROOT;10808;13;10806;17;;;10815;12;10817;10;;;10811.5;0.0
yf_ZW=F_d6;45700;ASH_COATED_OSMIUM;9902;14;9898;13;;;9908;13;9912;24;;;9905.0;0.0
yf_ZW=F_d6;45700;INTARIAN_PEPPER_ROOT;10809;22;10805;32;;;10815;18;10817;22;;;10812.0;0.0
yf_ZW=F_d6;45800;ASH_COATED_OSMIUM;9902;7;9899;19;;;9908;5;9912;18;;;9905.0;0.0
yf_ZW=F_d6;45800;INTARIAN_PEPPER_ROOT;10810;12;10806;23;;;10816;7;10820;18;;;10813.0;0.0
yf_ZW=F_d6;45900;ASH_COATED_OSMIUM;9892;24;9888;17;;;9920;17;9922;27;;;9906.0;0.0
yf_ZW=F_d6;45900;INTARIAN_PEPPER_ROOT;10810;14;10808;18;;;10817;17;10820;11;;;10813.5;0.0
yf_ZW=F_d6;46000;ASH_COATED_OSMIUM;9903;17;9899;21;;;9909;10;9913;23;;;9906.0;0.0
yf_ZW=F_d6;46000;INTARIAN_PEPPER_ROOT;10811;9;10807;13;;;10817;27;10819;20;;;10814.0;0.0
yf_ZW=F_d6;46100;ASH_COATED_OSMIUM;9897;20;9894;26;;;9914;11;9916;29;;;9905.5;0.0
yf_ZW=F_d6;46100;INTARIAN_PEPPER_ROOT;10811;15;10809;25;;;10817;17;10821;16;;;10814.0;0.0
yf_ZW=F_d6;46200;ASH_COATED_OSMIUM;9900;15;9896;30;;;9911;8;9915;20;;;9905.5;0.0
yf_ZW=F_d6;46200;INTARIAN_PEPPER_ROOT;10811;9;10809;21;;;10817;16;10821;17;;;10814.0;0.0
yf_ZW=F_d6;46300;ASH_COATED_OSMIUM;9902;11;9900;26;;;9908;8;9911;14;;;9905.0;0.0
yf_ZW=F_d6;46300;INTARIAN_PEPPER_ROOT;10812;17;10808;17;;;10818;16;10820;18;;;10815.0;0.0
yf_ZW=F_d6;46400;ASH_COATED_OSMIUM;9894;12;9891;21;;;9918;8;9921;21;;;9906.0;0.0
yf_ZW=F_d6;46400;INTARIAN_PEPPER_ROOT;10788;20;10785;21;;;10842;14;10845;30;;;10815.0;0.0
yf_ZW=F_d6;46500;ASH_COATED_OSMIUM;9903;9;9901;24;;;9909;11;9913;17;;;9906.0;0.0
yf_ZW=F_d6;46500;INTARIAN_PEPPER_ROOT;10809;7;10806;13;;;10822;22;10825;26;;;10815.5;0.0
yf_ZW=F_d6;46600;ASH_COATED_OSMIUM;9903;12;9900;22;;;9909;13;9912;16;;;9906.0;0.0
yf_ZW=F_d6;46600;INTARIAN_PEPPER_ROOT;10806;19;10803;18;;;10828;18;10832;20;;;10817.0;0.0
yf_ZW=F_d6;46700;ASH_COATED_OSMIUM;9902;17;9898;12;;;9908;23;9910;16;;;9905.0;0.0
yf_ZW=F_d6;46700;INTARIAN_PEPPER_ROOT;10814;17;10811;22;;;10820;21;10823;15;;;10817.0;0.0
yf_ZW=F_d6;46800;ASH_COATED_OSMIUM;9902;16;9898;22;;;9908;18;9911;19;;;9905.0;0.0
yf_ZW=F_d6;46800;INTARIAN_PEPPER_ROOT;10814;17;10812;26;;;10820;14;10822;18;;;10817.0;0.0
yf_ZW=F_d6;46900;ASH_COATED_OSMIUM;9903;10;9900;15;;;9909;5;9913;21;;;9906.0;0.0
yf_ZW=F_d6;46900;INTARIAN_PEPPER_ROOT;10815;21;10811;22;;;10821;8;10824;16;;;10818.0;0.0
yf_ZW=F_d6;47000;ASH_COATED_OSMIUM;9903;17;9901;15;;;9909;13;9911;13;;;9906.0;0.0
yf_ZW=F_d6;47000;INTARIAN_PEPPER_ROOT;10815;11;10812;27;;;10821;11;10824;20;;;10818.0;0.0
yf_ZW=F_d6;47100;ASH_COATED_OSMIUM;9903;11;9900;15;;;9909;8;9912;24;;;9906.0;0.0
yf_ZW=F_d6;47100;INTARIAN_PEPPER_ROOT;10812;11;10809;29;;;10824;10;10827;28;;;10818.0;0.0
yf_ZW=F_d6;47200;ASH_COATED_OSMIUM;9903;18;9900;13;;;9909;25;9912;14;;;9906.0;0.0
yf_ZW=F_d6;47200;INTARIAN_PEPPER_ROOT;10816;17;10813;22;;;10822;11;10825;20;;;10819.0;0.0
yf_ZW=F_d6;47300;ASH_COATED_OSMIUM;9902;10;9898;21;;;9909;13;9911;17;;;9905.5;0.0
yf_ZW=F_d6;47300;INTARIAN_PEPPER_ROOT;10816;14;10814;18;;;10822;11;10826;15;;;10819.0;0.0
yf_ZW=F_d6;47400;ASH_COATED_OSMIUM;9900;16;9896;17;;;9912;16;9915;12;;;9906.0;0.0
yf_ZW=F_d6;47400;INTARIAN_PEPPER_ROOT;10817;11;10814;19;;;10823;12;10825;28;;;10820.0;0.0
yf_ZW=F_d6;47500;ASH_COATED_OSMIUM;9903;12;9901;28;;;9909;12;9911;17;;;9906.0;0.0
yf_ZW=F_d6;47500;INTARIAN_PEPPER_ROOT;10817;11;10814;17;;;10823;18;10827;19;;;10820.0;0.0
yf_ZW=F_d6;47600;ASH_COATED_OSMIUM;9902;12;9899;23;;;9911;5;9914;12;;;9906.5;0.0
yf_ZW=F_d6;47600;INTARIAN_PEPPER_ROOT;10817;10;10813;23;;;10825;15;10828;21;;;10821.0;0.0
yf_ZW=F_d6;47700;ASH_COATED_OSMIUM;9903;13;9900;20;;;9909;16;9912;19;;;9906.0;0.0
yf_ZW=F_d6;47700;INTARIAN_PEPPER_ROOT;10818;17;10814;19;;;10825;10;10828;20;;;10821.5;0.0
yf_ZW=F_d6;47800;ASH_COATED_OSMIUM;9903;23;9900;22;;;9909;10;9913;13;;;9906.0;0.0
yf_ZW=F_d6;47800;INTARIAN_PEPPER_ROOT;10818;18;10816;19;;;10824;12;10826;23;;;10821.0;0.0
yf_ZW=F_d6;47900;ASH_COATED_OSMIUM;9901;5;9897;21;;;9911;20;9915;12;;;9906.0;0.0
yf_ZW=F_d6;47900;INTARIAN_PEPPER_ROOT;10819;5;10817;31;;;10825;20;10828;16;;;10822.0;0.0
yf_ZW=F_d6;48000;ASH_COATED_OSMIUM;9903;22;9900;14;;;9909;17;9912;17;;;9906.0;0.0
yf_ZW=F_d6;48000;INTARIAN_PEPPER_ROOT;10819;14;10817;10;;;10825;30;10828;20;;;10822.0;0.0
yf_ZW=F_d6;48100;ASH_COATED_OSMIUM;9901;13;9898;20;;;9911;7;9915;21;;;9906.0;0.0
yf_ZW=F_d6;48100;INTARIAN_PEPPER_ROOT;10819;16;10816;19;;;10825;6;10828;22;;;10822.0;0.0
yf_ZW=F_d6;48200;ASH_COATED_OSMIUM;9903;10;9899;29;;;9909;17;9913;16;;;9906.0;0.0
yf_ZW=F_d6;48200;INTARIAN_PEPPER_ROOT;10817;10;10813;23;;;10828;10;10831;21;;;10822.5;0.0
yf_ZW=F_d6;48300;ASH_COATED_OSMIUM;9900;21;9897;30;;;9913;15;9915;19;;;9906.5;0.0
yf_ZW=F_d6;48300;INTARIAN_PEPPER_ROOT;10814;17;10812;15;;;10832;18;10836;19;;;10823.0;0.0
yf_ZW=F_d6;48400;ASH_COATED_OSMIUM;9892;12;9889;16;;;9920;21;9923;19;;;9906.0;0.0
yf_ZW=F_d6;48400;INTARIAN_PEPPER_ROOT;10821;24;10819;17;;;10827;21;10831;20;;;10824.0;0.0
yf_ZW=F_d6;48500;ASH_COATED_OSMIUM;9903;9;9901;21;;;9909;16;9912;25;;;9906.0;0.0
yf_ZW=F_d6;48500;INTARIAN_PEPPER_ROOT;10817;13;10813;18;;;10830;14;10833;15;;;10823.5;0.0
yf_ZW=F_d6;48600;ASH_COATED_OSMIUM;9904;14;9902;20;;;9910;8;9914;15;;;9907.0;0.0
yf_ZW=F_d6;48600;INTARIAN_PEPPER_ROOT;10818;11;10814;15;;;10831;19;10833;16;;;10824.5;0.0
yf_ZW=F_d6;48700;ASH_COATED_OSMIUM;9903;20;9899;24;;;9909;8;9913;15;;;9906.0;0.0
yf_ZW=F_d6;48700;INTARIAN_PEPPER_ROOT;10818;16;10815;23;;;10831;10;10834;24;;;10824.5;0.0
yf_ZW=F_d6;48800;ASH_COATED_OSMIUM;9904;14;9901;14;;;9910;24;9914;19;;;9907.0;0.0
yf_ZW=F_d6;48800;INTARIAN_PEPPER_ROOT;10822;7;10818;24;;;10828;7;10831;8;;;10825.0;0.0
yf_ZW=F_d6;48900;ASH_COATED_OSMIUM;9903;17;9899;14;;;9910;17;9912;30;;;9906.5;0.0
yf_ZW=F_d6;48900;INTARIAN_PEPPER_ROOT;10821;11;10817;26;;;10829;23;10833;14;;;10825.0;0.0
yf_ZW=F_d6;49000;ASH_COATED_OSMIUM;9899;12;9895;25;;;9917;17;9919;9;;;9908.0;0.0
yf_ZW=F_d6;49000;INTARIAN_PEPPER_ROOT;10811;12;10808;15;;;10842;10;10844;15;;;10826.5;0.0
yf_ZW=F_d6;49100;ASH_COATED_OSMIUM;9904;12;9901;20;;;9910;12;9914;15;;;9907.0;0.0
yf_ZW=F_d6;49100;INTARIAN_PEPPER_ROOT;10816;14;10814;29;;;10836;14;10839;21;;;10826.0;0.0
yf_ZW=F_d6;49200;ASH_COATED_OSMIUM;9898;15;9896;23;;;9915;17;9919;17;;;9906.5;0.0
yf_ZW=F_d6;49200;INTARIAN_PEPPER_ROOT;10823;16;10820;22;;;10829;8;10831;19;;;10826.0;0.0
yf_ZW=F_d6;49300;ASH_COATED_OSMIUM;9904;10;9902;13;;;9910;15;9913;19;;;9907.0;0.0
yf_ZW=F_d6;49300;INTARIAN_PEPPER_ROOT;10824;8;10821;15;;;10830;19;10833;23;;;10827.0;0.0
yf_ZW=F_d6;49400;ASH_COATED_OSMIUM;9904;15;9900;21;;;9910;20;9912;17;;;9907.0;0.0
yf_ZW=F_d6;49400;INTARIAN_PEPPER_ROOT;10825;20;10823;16;;;10831;14;10833;18;;;10828.0;0.0
yf_ZW=F_d6;49500;ASH_COATED_OSMIUM;9904;21;9902;20;;;9910;18;9912;20;;;9907.0;0.0
yf_ZW=F_d6;49500;INTARIAN_PEPPER_ROOT;10805;17;10802;19;;;10852;5;10856;15;;;10828.5;0.0
yf_ZW=F_d6;49600;ASH_COATED_OSMIUM;9904;14;9902;21;;;9910;20;9914;32;;;9907.0;0.0
yf_ZW=F_d6;49600;INTARIAN_PEPPER_ROOT;10825;14;10822;13;;;10831;20;10833;21;;;10828.0;0.0
yf_ZW=F_d6;49700;ASH_COATED_OSMIUM;9902;22;9899;15;;;9912;17;9914;23;;;9907.0;0.0
yf_ZW=F_d6;49700;INTARIAN_PEPPER_ROOT;10826;11;10824;21;;;10832;20;10834;15;;;10829.0;0.0
yf_ZW=F_d6;49800;ASH_COATED_OSMIUM;9904;21;9900;24;;;9910;14;9913;21;;;9907.0;0.0
yf_ZW=F_d6;49800;INTARIAN_PEPPER_ROOT;10826;18;10822;22;;;10832;10;10835;18;;;10829.0;0.0
yf_ZW=F_d6;49900;ASH_COATED_OSMIUM;9900;11;9896;13;;;9915;13;9918;21;;;9907.5;0.0
yf_ZW=F_d6;49900;INTARIAN_PEPPER_ROOT;10827;17;10825;27;;;10833;18;10836;19;;;10830.0;0.0
yf_ZW=F_d6;50000;ASH_COATED_OSMIUM;9900;14;9897;21;;;9915;14;9919;19;;;9907.5;0.0
yf_ZW=F_d6;50000;INTARIAN_PEPPER_ROOT;10814;8;10812;12;;;10847;14;10850;22;;;10830.5;0.0
yf_ZW=F_d6;50100;ASH_COATED_OSMIUM;9904;9;9901;22;;;9910;20;9912;29;;;9907.0;0.0
yf_ZW=F_d6;50100;INTARIAN_PEPPER_ROOT;10825;29;10821;19;;;10836;20;10839;14;;;10830.5;0.0
yf_ZW=F_d6;50200;ASH_COATED_OSMIUM;9904;13;9901;26;;;9910;19;9914;20;;;9907.0;0.0
yf_ZW=F_d6;50200;INTARIAN_PEPPER_ROOT;10822;18;10818;14;;;10840;16;10843;11;;;10831.0;0.0
yf_ZW=F_d6;50300;ASH_COATED_OSMIUM;9904;16;9902;19;;;9910;20;9914;21;;;9907.0;0.0
yf_ZW=F_d6;50300;INTARIAN_PEPPER_ROOT;10829;12;10825;20;;;10835;7;10839;17;;;10832.0;0.0
yf_ZW=F_d6;50400;ASH_COATED_OSMIUM;9904;17;9902;20;;;9910;16;9912;27;;;9907.0;0.0
yf_ZW=F_d6;50400;INTARIAN_PEPPER_ROOT;10809;15;10806;15;;;10855;13;10857;20;;;10832.0;0.0
yf_ZW=F_d6;50500;ASH_COATED_OSMIUM;9904;18;9901;20;;;9910;17;9912;24;;;9907.0;0.0
yf_ZW=F_d6;50500;INTARIAN_PEPPER_ROOT;10826;21;10822;15;;;10837;10;10841;14;;;10831.5;0.0
yf_ZW=F_d6;50600;ASH_COATED_OSMIUM;9898;8;9894;21;;;9916;17;9919;32;;;9907.0;0.0
yf_ZW=F_d6;50600;INTARIAN_PEPPER_ROOT;10830;19;10826;13;;;10836;10;10839;22;;;10833.0;0.0
yf_ZW=F_d6;50700;ASH_COATED_OSMIUM;9889;12;9885;17;;;9926;15;9928;22;;;9907.5;0.0
yf_ZW=F_d6;50700;INTARIAN_PEPPER_ROOT;10830;16;10827;20;;;10836;18;10840;15;;;10833.0;0.0
yf_ZW=F_d6;50800;ASH_COATED_OSMIUM;9905;13;9903;24;;;9911;10;9914;20;;;9908.0;0.0
yf_ZW=F_d6;50800;INTARIAN_PEPPER_ROOT;10831;5;10829;12;;;10837;15;10840;24;;;10834.0;0.0
yf_ZW=F_d6;50900;ASH_COATED_OSMIUM;9905;12;9902;23;;;9911;11;9915;21;;;9908.0;0.0
yf_ZW=F_d6;50900;INTARIAN_PEPPER_ROOT;10829;20;10825;12;;;10837;25;10840;9;;;10833.0;0.0
yf_ZW=F_d6;51000;ASH_COATED_OSMIUM;9905;16;9903;19;;;9911;16;9913;23;;;9908.0;0.0
yf_ZW=F_d6;51000;INTARIAN_PEPPER_ROOT;10829;5;10826;19;;;10835;19;10838;23;;;10832.0;0.0
yf_ZW=F_d6;51100;ASH_COATED_OSMIUM;9903;13;9900;15;;;9912;10;9916;19;;;9907.5;0.0
yf_ZW=F_d6;51100;INTARIAN_PEPPER_ROOT;10827;10;10825;17;;;10833;14;10836;15;;;10830.0;0.0
yf_ZW=F_d6;51200;ASH_COATED_OSMIUM;9902;10;9900;16;;;9915;14;9917;18;;;9908.5;0.0
yf_ZW=F_d6;51200;INTARIAN_PEPPER_ROOT;10826;14;10824;21;;;10832;25;10836;17;;;10829.0;0.0
yf_ZW=F_d6;51300;ASH_COATED_OSMIUM;9905;9;9903;11;;;9911;10;9915;15;;;9908.0;0.0
yf_ZW=F_d6;51300;INTARIAN_PEPPER_ROOT;10825;13;10823;15;;;10831;17;10835;17;;;10828.0;0.0
yf_ZW=F_d6;51400;ASH_COATED_OSMIUM;9903;25;9901;17;;;9912;16;9915;23;;;9907.5;0.0
yf_ZW=F_d6;51400;INTARIAN_PEPPER_ROOT;10824;16;10822;15;;;10830;20;10833;13;;;10827.0;0.0
yf_ZW=F_d6;51500;ASH_COATED_OSMIUM;9902;12;9899;16;;;9913;27;9917;14;;;9907.5;0.0
yf_ZW=F_d6;51500;INTARIAN_PEPPER_ROOT;10819;20;10817;18;;;10831;17;10834;15;;;10825.0;0.0
yf_ZW=F_d6;51600;ASH_COATED_OSMIUM;9904;5;9900;25;;;9913;16;9915;23;;;9908.5;0.0
yf_ZW=F_d6;51600;INTARIAN_PEPPER_ROOT;10821;17;10818;20;;;10827;28;10829;21;;;10824.0;0.0
yf_ZW=F_d6;51700;ASH_COATED_OSMIUM;9904;11;9902;24;;;9912;13;9914;23;;;9908.0;0.0
yf_ZW=F_d6;51700;INTARIAN_PEPPER_ROOT;10819;12;10816;11;;;10825;15;10828;27;;;10822.0;0.0
yf_ZW=F_d6;51800;ASH_COATED_OSMIUM;9904;18;9901;15;;;9912;10;9915;24;;;9908.0;0.0
yf_ZW=F_d6;51800;INTARIAN_PEPPER_ROOT;10819;16;10817;13;;;10825;14;10827;13;;;10822.0;0.0
yf_ZW=F_d6;51900;ASH_COATED_OSMIUM;9898;23;9895;27;;;9918;20;9922;16;;;9908.0;0.0
yf_ZW=F_d6;51900;INTARIAN_PEPPER_ROOT;10817;8;10814;22;;;10823;18;10827;10;;;10820.0;0.0
yf_ZW=F_d6;52000;ASH_COATED_OSMIUM;9895;12;9891;20;;;9920;19;9922;21;;;9907.5;0.0
yf_ZW=F_d6;52000;INTARIAN_PEPPER_ROOT;10814;16;10811;21;;;10822;12;10825;28;;;10818.0;0.0
yf_ZW=F_d6;52100;ASH_COATED_OSMIUM;9905;11;9901;20;;;9911;20;9913;9;;;9908.0;0.0
yf_ZW=F_d6;52100;INTARIAN_PEPPER_ROOT;10814;18;10812;21;;;10820;20;10823;8;;;10817.0;0.0
yf_ZW=F_d6;52200;ASH_COATED_OSMIUM;9905;16;9901;17;;;9911;17;9914;22;;;9908.0;0.0
yf_ZW=F_d6;52200;INTARIAN_PEPPER_ROOT;10814;17;10810;21;;;10820;12;10824;16;;;10817.0;0.0
yf_ZW=F_d6;52300;ASH_COATED_OSMIUM;9900;23;9897;12;;;9917;9;9920;18;;;9908.5;0.0
yf_ZW=F_d6;52300;INTARIAN_PEPPER_ROOT;10810;7;10806;19;;;10819;23;10821;34;;;10814.5;0.0
yf_ZW=F_d6;52400;ASH_COATED_OSMIUM;9898;14;9894;21;;;9918;14;9920;16;;;9908.0;0.0
yf_ZW=F_d6;52400;INTARIAN_PEPPER_ROOT;10810;18;10808;20;;;10816;16;10820;15;;;10813.0;0.0
yf_ZW=F_d6;52500;ASH_COATED_OSMIUM;9905;18;9901;29;;;9911;10;9913;17;;;9908.0;0.0
yf_ZW=F_d6;52500;INTARIAN_PEPPER_ROOT;10809;11;10807;23;;;10815;18;10818;23;;;10812.0;0.0
yf_ZW=F_d6;52600;ASH_COATED_OSMIUM;9905;23;9903;19;;;9911;19;9913;21;;;9908.0;0.0
yf_ZW=F_d6;52600;INTARIAN_PEPPER_ROOT;10808;6;10806;30;;;10814;18;10817;20;;;10811.0;0.0
yf_ZW=F_d6;52700;ASH_COATED_OSMIUM;9906;12;9904;16;;;9912;11;9916;17;;;9909.0;0.0
yf_ZW=F_d6;52700;INTARIAN_PEPPER_ROOT;10807;10;10803;19;;;10813;7;10815;20;;;10810.0;0.0
yf_ZW=F_d6;52800;ASH_COATED_OSMIUM;9905;15;9902;14;;;9911;17;9915;9;;;9908.0;0.0
yf_ZW=F_d6;52800;INTARIAN_PEPPER_ROOT;10805;11;10801;20;;;10811;18;10815;14;;;10808.0;0.0
yf_ZW=F_d6;52900;ASH_COATED_OSMIUM;9900;19;9898;13;;;9916;15;9919;15;;;9908.0;0.0
yf_ZW=F_d6;52900;INTARIAN_PEPPER_ROOT;10804;11;10801;19;;;10810;14;10812;19;;;10807.0;0.0
yf_ZW=F_d6;53000;ASH_COATED_OSMIUM;9903;14;9901;33;;;9913;15;9916;22;;;9908.0;0.0
yf_ZW=F_d6;53000;INTARIAN_PEPPER_ROOT;10803;14;10799;18;;;10809;15;10812;24;;;10806.0;0.0
yf_ZW=F_d6;53100;ASH_COATED_OSMIUM;9902;17;9900;22;;;9914;24;9916;15;;;9908.0;0.0
yf_ZW=F_d6;53100;INTARIAN_PEPPER_ROOT;10796;18;10793;12;;;10813;23;10816;27;;;10804.5;0.0
yf_ZW=F_d6;53200;ASH_COATED_OSMIUM;9903;15;9900;17;;;9914;11;9916;25;;;9908.5;0.0
yf_ZW=F_d6;53200;INTARIAN_PEPPER_ROOT;10800;19;10797;28;;;10806;15;10808;14;;;10803.0;0.0
yf_ZW=F_d6;53300;ASH_COATED_OSMIUM;9905;20;9901;24;;;9912;12;9916;14;;;9908.5;0.0
yf_ZW=F_d6;53300;INTARIAN_PEPPER_ROOT;10791;8;10788;12;;;10813;17;10817;24;;;10802.0;0.0
yf_ZW=F_d6;53400;ASH_COATED_OSMIUM;9894;7;9890;16;;;9922;15;9926;19;;;9908.0;0.0
yf_ZW=F_d6;53400;INTARIAN_PEPPER_ROOT;10798;18;10796;21;;;10804;18;10806;14;;;10801.0;0.0
yf_ZW=F_d6;53500;ASH_COATED_OSMIUM;9905;5;9902;14;;;9911;10;9913;15;;;9908.0;0.0
yf_ZW=F_d6;53500;INTARIAN_PEPPER_ROOT;10796;15;10792;19;;;10802;24;10804;21;;;10799.0;0.0
yf_ZW=F_d6;53600;ASH_COATED_OSMIUM;9905;23;9902;15;;;9911;19;9914;22;;;9908.0;0.0
yf_ZW=F_d6;53600;INTARIAN_PEPPER_ROOT;10794;14;10791;18;;;10800;16;10804;19;;;10797.0;0.0
yf_ZW=F_d6;53700;ASH_COATED_OSMIUM;9905;12;9901;15;;;9911;21;9913;16;;;9908.0;0.0
yf_ZW=F_d6;53700;INTARIAN_PEPPER_ROOT;10794;18;10791;21;;;10800;18;10804;20;;;10797.0;0.0
yf_ZW=F_d6;53800;ASH_COATED_OSMIUM;9905;17;9903;13;;;9911;24;9915;21;;;9908.0;0.0
yf_ZW=F_d6;53800;INTARIAN_PEPPER_ROOT;10793;11;10790;21;;;10799;12;10801;22;;;10796.0;0.0
yf_ZW=F_d6;53900;ASH_COATED_OSMIUM;9906;14;9902;17;;;9912;16;9916;19;;;9909.0;0.0
yf_ZW=F_d6;53900;INTARIAN_PEPPER_ROOT;10790;11;10786;29;;;10798;6;10802;22;;;10794.0;0.0
yf_ZW=F_d6;54000;ASH_COATED_OSMIUM;9905;5;9902;21;;;9911;11;9913;17;;;9908.0;0.0
yf_ZW=F_d6;54000;INTARIAN_PEPPER_ROOT;10789;15;10787;24;;;10797;23;10799;14;;;10793.0;0.0
yf_ZW=F_d6;54100;ASH_COATED_OSMIUM;9904;18;9900;28;;;9914;7;9918;19;;;9909.0;0.0
yf_ZW=F_d6;54100;INTARIAN_PEPPER_ROOT;10784;5;10780;18;;;10800;17;10802;24;;;10792.0;0.0
yf_ZW=F_d6;54200;ASH_COATED_OSMIUM;9906;19;9904;18;;;9912;27;9916;24;;;9909.0;0.0
yf_ZW=F_d6;54200;INTARIAN_PEPPER_ROOT;10775;17;10771;12;;;10806;11;10808;28;;;10790.5;0.0
yf_ZW=F_d6;54300;ASH_COATED_OSMIUM;9905;21;9902;21;;;9911;28;9913;24;;;9908.0;0.0
yf_ZW=F_d6;54300;INTARIAN_PEPPER_ROOT;10786;10;10784;12;;;10792;23;10794;19;;;10789.0;0.0
yf_ZW=F_d6;54400;ASH_COATED_OSMIUM;9905;12;9901;13;;;9911;13;9914;23;;;9908.0;0.0
yf_ZW=F_d6;54400;INTARIAN_PEPPER_ROOT;10785;18;10783;15;;;10791;15;10795;22;;;10788.0;0.0
yf_ZW=F_d6;54500;ASH_COATED_OSMIUM;9904;22;9902;20;;;9913;11;9917;21;;;9908.5;0.0
yf_ZW=F_d6;54500;INTARIAN_PEPPER_ROOT;10783;12;10779;25;;;10790;15;10792;15;;;10786.5;0.0
yf_ZW=F_d6;54600;ASH_COATED_OSMIUM;9905;9;9901;21;;;9911;8;9913;25;;;9908.0;0.0
yf_ZW=F_d6;54600;INTARIAN_PEPPER_ROOT;10782;16;10779;13;;;10788;20;10790;31;;;10785.0;0.0
yf_ZW=F_d6;54700;ASH_COATED_OSMIUM;9905;16;9902;26;;;9911;5;9914;8;;;9908.0;0.0
yf_ZW=F_d6;54700;INTARIAN_PEPPER_ROOT;10776;18;10772;18;;;10791;16;10793;23;;;10783.5;0.0
yf_ZW=F_d6;54800;ASH_COATED_OSMIUM;9905;17;9903;15;;;9911;15;9914;20;;;9908.0;0.0
yf_ZW=F_d6;54800;INTARIAN_PEPPER_ROOT;10780;11;10776;21;;;10786;19;10789;13;;;10783.0;0.0
yf_ZW=F_d6;54900;ASH_COATED_OSMIUM;9904;15;9902;21;;;9913;18;9917;26;;;9908.5;0.0
yf_ZW=F_d6;54900;INTARIAN_PEPPER_ROOT;10777;13;10775;28;;;10786;6;10789;11;;;10781.5;0.0
yf_ZW=F_d6;55000;ASH_COATED_OSMIUM;9906;18;9903;20;;;9913;12;9916;22;;;9909.5;0.0
yf_ZW=F_d6;55000;INTARIAN_PEPPER_ROOT;10775;19;10771;23;;;10785;20;10787;25;;;10780.0;0.0
yf_ZW=F_d6;55100;ASH_COATED_OSMIUM;9905;11;9902;14;;;9912;14;9916;18;;;9908.5;0.0
yf_ZW=F_d6;55100;INTARIAN_PEPPER_ROOT;10772;12;10770;26;;;10787;17;10790;14;;;10779.5;0.0
yf_ZW=F_d6;55200;ASH_COATED_OSMIUM;9906;7;9902;23;;;9912;28;9915;22;;;9909.0;0.0
yf_ZW=F_d6;55200;INTARIAN_PEPPER_ROOT;10775;9;10772;18;;;10781;10;10783;22;;;10778.0;0.0
yf_ZW=F_d6;55300;ASH_COATED_OSMIUM;9905;21;9902;18;;;9911;16;9915;13;;;9908.0;0.0
yf_ZW=F_d6;55300;INTARIAN_PEPPER_ROOT;10765;16;10762;27;;;10788;16;10790;32;;;10776.5;0.0
yf_ZW=F_d6;55400;ASH_COATED_OSMIUM;9906;15;9902;14;;;9912;17;9916;25;;;9909.0;0.0
yf_ZW=F_d6;55400;INTARIAN_PEPPER_ROOT;10772;20;10769;20;;;10778;21;10781;22;;;10775.0;0.0
yf_ZW=F_d6;55500;ASH_COATED_OSMIUM;9906;8;9902;23;;;9912;24;9915;21;;;9909.0;0.0
yf_ZW=F_d6;55500;INTARIAN_PEPPER_ROOT;10767;12;10765;17;;;10780;16;10783;24;;;10773.5;0.0
yf_ZW=F_d6;55600;ASH_COATED_OSMIUM;9906;15;9904;16;;;9912;26;9915;27;;;9909.0;0.0
yf_ZW=F_d6;55600;INTARIAN_PEPPER_ROOT;10770;5;10767;18;;;10776;13;10778;26;;;10773.0;0.0
yf_ZW=F_d6;55700;ASH_COATED_OSMIUM;9906;14;9903;17;;;9912;9;9916;19;;;9909.0;0.0
yf_ZW=F_d6;55700;INTARIAN_PEPPER_ROOT;10766;17;10763;16;;;10778;15;10782;21;;;10772.0;0.0
yf_ZW=F_d6;55800;ASH_COATED_OSMIUM;9905;16;9902;11;;;9911;15;9915;18;;;9908.0;0.0
yf_ZW=F_d6;55800;INTARIAN_PEPPER_ROOT;10767;17;10765;20;;;10773;14;10776;31;;;10770.0;0.0
yf_ZW=F_d6;55900;ASH_COATED_OSMIUM;9906;15;9904;11;;;9912;17;9916;9;;;9909.0;0.0
yf_ZW=F_d6;55900;INTARIAN_PEPPER_ROOT;10764;13;10761;20;;;10772;8;10776;13;;;10768.0;0.0
yf_ZW=F_d6;56000;ASH_COATED_OSMIUM;9906;15;9904;17;;;9912;13;9916;29;;;9909.0;0.0
yf_ZW=F_d6;56000;INTARIAN_PEPPER_ROOT;10761;16;10757;12;;;10774;16;10778;18;;;10767.5;0.0
yf_ZW=F_d6;56100;ASH_COATED_OSMIUM;9902;19;9899;8;;;9916;11;9920;23;;;9909.0;0.0
yf_ZW=F_d6;56100;INTARIAN_PEPPER_ROOT;10762;16;10758;12;;;10769;19;10772;20;;;10765.5;0.0
yf_ZW=F_d6;56200;ASH_COATED_OSMIUM;9906;14;9904;18;;;9912;14;9914;17;;;9909.0;0.0
yf_ZW=F_d6;56200;INTARIAN_PEPPER_ROOT;10762;12;10759;18;;;10768;15;10771;22;;;10765.0;0.0
yf_ZW=F_d6;56300;ASH_COATED_OSMIUM;9904;16;9902;24;;;9914;17;9918;14;;;9909.0;0.0
yf_ZW=F_d6;56300;INTARIAN_PEPPER_ROOT;10761;19;10757;25;;;10767;17;10769;21;;;10764.0;0.0
yf_ZW=F_d6;56400;ASH_COATED_OSMIUM;9906;10;9902;27;;;9912;12;9916;27;;;9909.0;0.0
yf_ZW=F_d6;56400;INTARIAN_PEPPER_ROOT;10756;12;10752;21;;;10770;9;10774;23;;;10763.0;0.0
yf_ZW=F_d6;56500;ASH_COATED_OSMIUM;9906;23;9903;25;;;9913;16;9917;21;;;9909.5;0.0
yf_ZW=F_d6;56500;INTARIAN_PEPPER_ROOT;10758;13;10755;19;;;10764;14;10768;26;;;10761.0;0.0
yf_ZW=F_d6;56600;ASH_COATED_OSMIUM;9906;18;9904;19;;;9912;21;9914;23;;;9909.0;0.0
yf_ZW=F_d6;56600;INTARIAN_PEPPER_ROOT;10749;24;10747;16;;;10770;15;10774;21;;;10759.5;0.0
yf_ZW=F_d6;56700;ASH_COATED_OSMIUM;9906;15;9902;15;;;9912;23;9916;27;;;9909.0;0.0
yf_ZW=F_d6;56700;INTARIAN_PEPPER_ROOT;10751;5;10749;26;;;10766;14;10768;16;;;10758.5;0.0
yf_ZW=F_d6;56800;ASH_COATED_OSMIUM;9901;16;9897;18;;;9917;14;9921;14;;;9909.0;0.0
yf_ZW=F_d6;56800;INTARIAN_PEPPER_ROOT;10754;18;10752;18;;;10760;16;10762;20;;;10757.0;0.0
yf_ZW=F_d6;56900;ASH_COATED_OSMIUM;9899;20;9897;24;;;9919;9;9922;19;;;9909.0;0.0
yf_ZW=F_d6;56900;INTARIAN_PEPPER_ROOT;10752;11;10748;18;;;10758;12;10760;12;;;10755.0;0.0
yf_ZW=F_d6;57000;ASH_COATED_OSMIUM;9894;15;9892;19;;;9923;15;9927;18;;;9908.5;0.0
yf_ZW=F_d6;57000;INTARIAN_PEPPER_ROOT;10749;15;10745;16;;;10759;15;10762;22;;;10754.0;0.0
yf_ZW=F_d6;57100;ASH_COATED_OSMIUM;9900;17;9897;18;;;9917;10;9919;21;;;9908.5;0.0
yf_ZW=F_d6;57100;INTARIAN_PEPPER_ROOT;10750;12;10746;19;;;10756;19;10760;30;;;10753.0;0.0
yf_ZW=F_d6;57200;ASH_COATED_OSMIUM;9906;7;9903;23;;;9912;16;9916;34;;;9909.0;0.0
yf_ZW=F_d6;57200;INTARIAN_PEPPER_ROOT;10749;8;10746;18;;;10755;14;10757;15;;;10752.0;0.0
yf_ZW=F_d6;57300;ASH_COATED_OSMIUM;9906;13;9903;13;;;9912;15;9915;10;;;9909.0;0.0
yf_ZW=F_d6;57300;INTARIAN_PEPPER_ROOT;10742;13;10739;13;;;10758;15;10760;23;;;10750.0;0.0
yf_ZW=F_d6;57400;ASH_COATED_OSMIUM;9906;5;9904;16;;;9912;20;9916;14;;;9909.0;0.0
yf_ZW=F_d6;57400;INTARIAN_PEPPER_ROOT;10746;18;10742;16;;;10752;18;10756;21;;;10749.0;0.0
yf_ZW=F_d6;57500;ASH_COATED_OSMIUM;9905;20;9901;20;;;9912;9;9916;18;;;9908.5;0.0
yf_ZW=F_d6;57500;INTARIAN_PEPPER_ROOT;10739;12;10737;13;;;10758;13;10761;12;;;10748.5;0.0
yf_ZW=F_d6;57600;ASH_COATED_OSMIUM;9906;12;9904;20;;;9912;13;9916;9;;;9909.0;0.0
yf_ZW=F_d6;57600;INTARIAN_PEPPER_ROOT;10743;19;10739;9;;;10752;22;10756;15;;;10747.5;0.0
yf_ZW=F_d6;57700;ASH_COATED_OSMIUM;9906;17;9902;15;;;9912;11;9916;23;;;9909.0;0.0
yf_ZW=F_d6;57700;INTARIAN_PEPPER_ROOT;10742;14;10738;21;;;10748;8;10751;23;;;10745.0;0.0
yf_ZW=F_d6;57800;ASH_COATED_OSMIUM;9907;20;9904;8;;;9913;5;9917;19;;;9910.0;0.0
yf_ZW=F_d6;57800;INTARIAN_PEPPER_ROOT;10741;15;10738;20;;;10747;16;10749;13;;;10744.0;0.0
yf_ZW=F_d6;57900;ASH_COATED_OSMIUM;9906;16;9903;22;;;9912;13;9916;20;;;9909.0;0.0
yf_ZW=F_d6;57900;INTARIAN_PEPPER_ROOT;10739;9;10737;12;;;10746;18;10750;22;;;10742.5;0.0
yf_ZW=F_d6;58000;ASH_COATED_OSMIUM;9907;8;9903;10;;;9913;18;9917;19;;;9910.0;0.0
yf_ZW=F_d6;58000;INTARIAN_PEPPER_ROOT;10738;13;10734;11;;;10744;20;10747;18;;;10741.0;0.0
yf_ZW=F_d6;58100;ASH_COATED_OSMIUM;9906;18;9902;15;;;9912;20;9916;23;;;9909.0;0.0
yf_ZW=F_d6;58100;INTARIAN_PEPPER_ROOT;10737;19;10733;27;;;10743;16;10745;23;;;10740.0;0.0
yf_ZW=F_d6;58200;ASH_COATED_OSMIUM;9902;20;9900;18;;;9918;11;9920;24;;;9910.0;0.0
yf_ZW=F_d6;58200;INTARIAN_PEPPER_ROOT;10734;16;10732;26;;;10743;19;10746;25;;;10738.5;0.0
yf_ZW=F_d6;58300;ASH_COATED_OSMIUM;9903;15;9901;15;;;9914;5;9918;18;;;9908.5;0.0
