day;timestamp;product;bid_price_1;bid_volume_1;bid_price_2;bid_volume_2;bid_price_3;bid_volume_3;ask_price_1;ask_volume_1;ask_price_2;ask_volume_2;ask_price_3;ask_volume_3;mid_price;profit_and_loss
yf_ADM_d9;0;ASH_COATED_OSMIUM;9968;9;9965;17;;;9974;24;9976;21;;;9971.0;0.0
yf_ADM_d9;0;INTARIAN_PEPPER_ROOT;10528;10;10525;9;;;10534;5;10536;14;;;10531.0;0.0
yf_ADM_d9;100;ASH_COATED_OSMIUM;9968;5;9966;27;;;9975;16;9978;22;;;9971.5;0.0
yf_ADM_d9;100;INTARIAN_PEPPER_ROOT;10526;8;10524;22;;;10532;14;10535;16;;;10529.0;0.0
yf_ADM_d9;200;ASH_COATED_OSMIUM;9969;11;9966;11;;;9975;12;9979;14;;;9972.0;0.0
yf_ADM_d9;200;INTARIAN_PEPPER_ROOT;10527;9;10525;25;;;10533;19;10535;19;;;10530.0;0.0
yf_ADM_d9;300;ASH_COATED_OSMIUM;9969;29;9965;29;;;9975;9;9978;18;;;9972.0;0.0
yf_ADM_d9;300;INTARIAN_PEPPER_ROOT;10525;18;10522;23;;;10531;12;10535;23;;;10528.0;0.0
yf_ADM_d9;400;ASH_COATED_OSMIUM;9968;12;9964;16;;;9974;16;9976;18;;;9971.0;0.0
yf_ADM_d9;400;INTARIAN_PEPPER_ROOT;10518;25;10515;17;;;10537;12;10540;14;;;10527.5;0.0
yf_ADM_d9;500;ASH_COATED_OSMIUM;9968;13;9964;24;;;9974;19;9978;18;;;9971.0;0.0
yf_ADM_d9;500;INTARIAN_PEPPER_ROOT;10523;18;10519;20;;;10530;9;10534;28;;;10526.5;0.0
yf_ADM_d9;600;ASH_COATED_OSMIUM;9969;24;9966;14;;;9975;10;9979;23;;;9972.0;0.0
yf_ADM_d9;600;INTARIAN_PEPPER_ROOT;10522;15;10520;12;;;10528;23;10531;23;;;10525.0;0.0
yf_ADM_d9;700;ASH_COATED_OSMIUM;9967;18;9963;13;;;9978;11;9980;29;;;9972.5;0.0
yf_ADM_d9;700;INTARIAN_PEPPER_ROOT;10522;24;10519;9;;;10528;11;10531;22;;;10525.0;0.0
yf_ADM_d9;800;ASH_COATED_OSMIUM;9962;18;9959;24;;;9982;12;9984;22;;;9972.0;0.0
yf_ADM_d9;800;INTARIAN_PEPPER_ROOT;10519;10;10516;22;;;10528;12;10532;15;;;10523.5;0.0
yf_ADM_d9;900;ASH_COATED_OSMIUM;9963;16;9961;24;;;9981;12;9984;28;;;9972.0;0.0
yf_ADM_d9;900;INTARIAN_PEPPER_ROOT;10520;9;10516;25;;;10526;14;10528;19;;;10523.0;0.0
yf_ADM_d9;1000;ASH_COATED_OSMIUM;9965;18;9961;23;;;9978;18;9981;23;;;9971.5;0.0
yf_ADM_d9;1000;INTARIAN_PEPPER_ROOT;10519;18;10515;21;;;10525;22;10529;18;;;10522.0;0.0
yf_ADM_d9;1100;ASH_COATED_OSMIUM;9969;22;9967;16;;;9975;11;9978;24;;;9972.0;0.0
yf_ADM_d9;1100;INTARIAN_PEPPER_ROOT;10518;6;10515;27;;;10524;12;10526;19;;;10521.0;0.0
yf_ADM_d9;1200;ASH_COATED_OSMIUM;9969;12;9967;21;;;9975;18;9977;14;;;9972.0;0.0
yf_ADM_d9;1200;INTARIAN_PEPPER_ROOT;10518;12;10514;16;;;10524;10;10527;29;;;10521.0;0.0
yf_ADM_d9;1300;ASH_COATED_OSMIUM;9965;25;9963;16;;;9978;17;9981;15;;;9971.5;0.0
yf_ADM_d9;1300;INTARIAN_PEPPER_ROOT;10516;17;10514;15;;;10523;17;10527;19;;;10519.5;0.0
yf_ADM_d9;1400;ASH_COATED_OSMIUM;9967;15;9964;19;;;9976;11;9979;20;;;9971.5;0.0
yf_ADM_d9;1400;INTARIAN_PEPPER_ROOT;10516;5;10514;15;;;10522;17;10524;17;;;10519.0;0.0
yf_ADM_d9;1500;ASH_COATED_OSMIUM;9970;6;9966;11;;;9976;22;9978;20;;;9973.0;0.0
yf_ADM_d9;1500;INTARIAN_PEPPER_ROOT;10515;17;10511;24;;;10521;9;10525;21;;;10518.0;0.0
yf_ADM_d9;1600;ASH_COATED_OSMIUM;9958;13;9956;20;;;9987;8;9989;26;;;9972.5;0.0
yf_ADM_d9;1600;INTARIAN_PEPPER_ROOT;10513;7;10511;19;;;10519;14;10521;8;;;10516.0;0.0
yf_ADM_d9;1700;ASH_COATED_OSMIUM;9966;19;9963;15;;;9977;12;9980;19;;;9971.5;0.0
yf_ADM_d9;1700;INTARIAN_PEPPER_ROOT;10513;15;10511;19;;;10519;16;10523;24;;;10516.0;0.0
yf_ADM_d9;1800;ASH_COATED_OSMIUM;9968;19;9966;25;;;9975;15;9979;26;;;9971.5;0.0
yf_ADM_d9;1800;INTARIAN_PEPPER_ROOT;10512;18;10510;12;;;10518;14;10520;17;;;10515.0;0.0
yf_ADM_d9;1900;ASH_COATED_OSMIUM;9967;12;9965;26;;;9976;21;9978;24;;;9971.5;0.0
yf_ADM_d9;1900;INTARIAN_PEPPER_ROOT;10511;13;10507;30;;;10517;13;10520;17;;;10514.0;0.0
yf_ADM_d9;2000;ASH_COATED_OSMIUM;9969;24;9967;23;;;9975;14;9978;21;;;9972.0;0.0
yf_ADM_d9;2000;INTARIAN_PEPPER_ROOT;10506;22;10502;16;;;10520;12;10524;20;;;10513.0;0.0
yf_ADM_d9;2100;ASH_COATED_OSMIUM;9967;15;9963;19;;;9979;12;9982;19;;;9973.0;0.0
yf_ADM_d9;2100;INTARIAN_PEPPER_ROOT;10510;14;10507;22;;;10516;20;10518;22;;;10513.0;0.0
yf_ADM_d9;2200;ASH_COATED_OSMIUM;9965;15;9962;18;;;9980;12;9982;25;;;9972.5;0.0
yf_ADM_d9;2200;INTARIAN_PEPPER_ROOT;10509;11;10506;19;;;10515;16;10518;27;;;10512.0;0.0
yf_ADM_d9;2300;ASH_COATED_OSMIUM;9970;11;9968;24;;;9976;22;9980;13;;;9973.0;0.0
yf_ADM_d9;2300;INTARIAN_PEPPER_ROOT;10508;11;10506;20;;;10514;18;10517;16;;;10511.0;0.0
yf_ADM_d9;2400;ASH_COATED_OSMIUM;9950;11;9948;13;;;9994;14;9996;33;;;9972.0;0.0
yf_ADM_d9;2400;INTARIAN_PEPPER_ROOT;10508;18;10506;21;;;10514;5;10516;27;;;10511.0;0.0
yf_ADM_d9;2500;ASH_COATED_OSMIUM;9966;17;9962;15;;;9980;18;9982;23;;;9973.0;0.0
yf_ADM_d9;2500;INTARIAN_PEPPER_ROOT;10505;19;10502;19;;;10514;18;10517;14;;;10509.5;0.0
yf_ADM_d9;2600;ASH_COATED_OSMIUM;9969;5;9966;22;;;9975;13;9978;19;;;9972.0;0.0
yf_ADM_d9;2600;INTARIAN_PEPPER_ROOT;10502;17;10500;18;;;10512;14;10514;19;;;10507.0;0.0
yf_ADM_d9;2700;ASH_COATED_OSMIUM;9969;10;9965;23;;;9975;18;9977;17;;;9972.0;0.0
yf_ADM_d9;2700;INTARIAN_PEPPER_ROOT;10498;21;10496;22;;;10516;7;10520;15;;;10507.0;0.0
yf_ADM_d9;2800;ASH_COATED_OSMIUM;9969;18;9966;22;;;9975;16;9977;18;;;9972.0;0.0
yf_ADM_d9;2800;INTARIAN_PEPPER_ROOT;10503;17;10501;20;;;10509;20;10513;21;;;10506.0;0.0
yf_ADM_d9;2900;ASH_COATED_OSMIUM;9970;19;9966;19;;;9976;16;9980;14;;;9973.0;0.0
yf_ADM_d9;2900;INTARIAN_PEPPER_ROOT;10490;19;10487;28;;;10521;9;10525;24;;;10505.5;0.0
yf_ADM_d9;3000;ASH_COATED_OSMIUM;9969;10;9966;11;;;9975;12;9977;28;;;9972.0;0.0
yf_ADM_d9;3000;INTARIAN_PEPPER_ROOT;10500;5;10497;21;;;10509;18;10512;24;;;10504.5;0.0
yf_ADM_d9;3100;ASH_COATED_OSMIUM;9970;12;9966;32;;;9976;18;9979;20;;;9973.0;0.0
yf_ADM_d9;3100;INTARIAN_PEPPER_ROOT;10500;14;10497;24;;;10507;11;10511;12;;;10503.5;0.0
yf_ADM_d9;3200;ASH_COATED_OSMIUM;9969;15;9966;8;;;9977;12;9981;19;;;9973.0;0.0
yf_ADM_d9;3200;INTARIAN_PEPPER_ROOT;10498;28;10494;22;;;10509;21;10512;16;;;10503.5;0.0
yf_ADM_d9;3300;ASH_COATED_OSMIUM;9951;7;9948;16;;;9993;14;9996;18;;;9972.0;0.0
yf_ADM_d9;3300;INTARIAN_PEPPER_ROOT;10485;21;10482;32;;;10520;18;10522;9;;;10502.5;0.0
yf_ADM_d9;3400;ASH_COATED_OSMIUM;9970;12;9967;19;;;9976;26;9978;23;;;9973.0;0.0
yf_ADM_d9;3400;INTARIAN_PEPPER_ROOT;10498;12;10494;19;;;10504;19;10506;21;;;10501.0;0.0
yf_ADM_d9;3500;ASH_COATED_OSMIUM;9970;17;9967;13;;;9976;15;9979;21;;;9973.0;0.0
yf_ADM_d9;3500;INTARIAN_PEPPER_ROOT;10494;9;10491;21;;;10506;13;10510;18;;;10500.0;0.0
yf_ADM_d9;3600;ASH_COATED_OSMIUM;9970;9;9967;21;;;9977;10;9979;23;;;9973.5;0.0
yf_ADM_d9;3600;INTARIAN_PEPPER_ROOT;10496;20;10492;21;;;10502;18;10504;16;;;10499.0;0.0
yf_ADM_d9;3700;ASH_COATED_OSMIUM;9970;11;9968;15;;;9976;16;9979;22;;;9973.0;0.0
yf_ADM_d9;3700;INTARIAN_PEPPER_ROOT;10488;14;10486;9;;;10508;10;10510;16;;;10498.0;0.0
yf_ADM_d9;3800;ASH_COATED_OSMIUM;9968;12;9966;17;;;9977;15;9979;18;;;9972.5;0.0
yf_ADM_d9;3800;INTARIAN_PEPPER_ROOT;10494;16;10490;18;;;10500;22;10503;16;;;10497.0;0.0
yf_ADM_d9;3900;ASH_COATED_OSMIUM;9967;19;9963;12;;;9979;18;9983;14;;;9973.0;0.0
yf_ADM_d9;3900;INTARIAN_PEPPER_ROOT;10492;13;10488;22;;;10500;16;10504;23;;;10496.0;0.0
yf_ADM_d9;4000;ASH_COATED_OSMIUM;9970;15;9968;22;;;9976;10;9979;20;;;9973.0;0.0
yf_ADM_d9;4000;INTARIAN_PEPPER_ROOT;10493;12;10491;21;;;10499;11;10501;22;;;10496.0;0.0
yf_ADM_d9;4100;ASH_COATED_OSMIUM;9970;14;9968;19;;;9976;7;9979;18;;;9973.0;0.0
yf_ADM_d9;4100;INTARIAN_PEPPER_ROOT;10482;5;10479;21;;;10506;24;10509;21;;;10494.0;0.0
yf_ADM_d9;4200;ASH_COATED_OSMIUM;9966;12;9962;18;;;9980;8;9982;16;;;9973.0;0.0
yf_ADM_d9;4200;INTARIAN_PEPPER_ROOT;10483;12;10481;22;;;10505;21;10507;21;;;10494.0;0.0
yf_ADM_d9;4300;ASH_COATED_OSMIUM;9962;10;9960;22;;;9985;16;9989;17;;;9973.5;0.0
yf_ADM_d9;4300;INTARIAN_PEPPER_ROOT;10490;9;10488;23;;;10496;6;10498;18;;;10493.0;0.0
yf_ADM_d9;4400;ASH_COATED_OSMIUM;9967;11;9963;26;;;9979;12;9983;26;;;9973.0;0.0
yf_ADM_d9;4400;INTARIAN_PEPPER_ROOT;10477;15;10475;21;;;10507;14;10509;14;;;10492.0;0.0
yf_ADM_d9;4500;ASH_COATED_OSMIUM;9971;16;9967;20;;;9977;12;9980;18;;;9974.0;0.0
yf_ADM_d9;4500;INTARIAN_PEPPER_ROOT;10488;10;10484;21;;;10494;14;10496;13;;;10491.0;0.0
yf_ADM_d9;4600;ASH_COATED_OSMIUM;9970;15;9968;26;;;9978;13;9982;17;;;9974.0;0.0
yf_ADM_d9;4600;INTARIAN_PEPPER_ROOT;10487;11;10483;16;;;10493;13;10495;24;;;10490.0;0.0
yf_ADM_d9;4700;ASH_COATED_OSMIUM;9971;18;9968;19;;;9977;18;9981;21;;;9974.0;0.0
yf_ADM_d9;4700;INTARIAN_PEPPER_ROOT;10487;5;10483;22;;;10493;15;10496;15;;;10490.0;0.0
yf_ADM_d9;4800;ASH_COATED_OSMIUM;9970;19;9968;26;;;9978;10;9980;16;;;9974.0;0.0
yf_ADM_d9;4800;INTARIAN_PEPPER_ROOT;10480;22;10477;23;;;10496;17;10499;22;;;10488.0;0.0
yf_ADM_d9;4900;ASH_COATED_OSMIUM;9970;8;9968;14;;;9976;12;9978;24;;;9973.0;0.0
yf_ADM_d9;4900;INTARIAN_PEPPER_ROOT;10483;19;10481;27;;;10492;17;10495;12;;;10487.5;0.0
yf_ADM_d9;5000;ASH_COATED_OSMIUM;9971;22;9967;27;;;9977;20;9979;23;;;9974.0;0.0
yf_ADM_d9;5000;INTARIAN_PEPPER_ROOT;10473;23;10469;26;;;10502;17;10506;13;;;10487.5;0.0
yf_ADM_d9;5100;ASH_COATED_OSMIUM;9970;17;9966;19;;;9976;8;9980;14;;;9973.0;0.0
yf_ADM_d9;5100;INTARIAN_PEPPER_ROOT;10478;13;10475;20;;;10493;18;10496;8;;;10485.5;0.0
yf_ADM_d9;5200;ASH_COATED_OSMIUM;9963;13;9960;14;;;9984;15;9986;22;;;9973.5;0.0
yf_ADM_d9;5200;INTARIAN_PEPPER_ROOT;10483;10;10479;8;;;10489;19;10492;18;;;10486.0;0.0
yf_ADM_d9;5300;ASH_COATED_OSMIUM;9970;16;9966;19;;;9976;15;9979;22;;;9973.0;0.0
yf_ADM_d9;5300;INTARIAN_PEPPER_ROOT;10481;12;10478;26;;;10487;16;10489;28;;;10484.0;0.0
yf_ADM_d9;5400;ASH_COATED_OSMIUM;9970;7;9968;14;;;9976;22;9978;22;;;9973.0;0.0
yf_ADM_d9;5400;INTARIAN_PEPPER_ROOT;10480;22;10477;16;;;10487;21;10491;15;;;10483.5;0.0
yf_ADM_d9;5500;ASH_COATED_OSMIUM;9971;17;9967;8;;;9977;17;9980;18;;;9974.0;0.0
yf_ADM_d9;5500;INTARIAN_PEPPER_ROOT;10479;22;10476;28;;;10485;15;10487;18;;;10482.0;0.0
yf_ADM_d9;5600;ASH_COATED_OSMIUM;9961;19;9957;19;;;9988;22;9990;24;;;9974.5;0.0
yf_ADM_d9;5600;INTARIAN_PEPPER_ROOT;10478;16;10475;17;;;10484;13;10488;20;;;10481.0;0.0
yf_ADM_d9;5700;ASH_COATED_OSMIUM;9971;14;9969;15;;;9977;22;9979;17;;;9974.0;0.0
yf_ADM_d9;5700;INTARIAN_PEPPER_ROOT;10475;18;10471;18;;;10485;10;10488;29;;;10480.0;0.0
yf_ADM_d9;5800;ASH_COATED_OSMIUM;9961;14;9959;16;;;9987;9;9991;22;;;9974.0;0.0
yf_ADM_d9;5800;INTARIAN_PEPPER_ROOT;10476;5;10472;19;;;10482;9;10486;8;;;10479.0;0.0
yf_ADM_d9;5900;ASH_COATED_OSMIUM;9961;10;9959;20;;;9987;14;9990;17;;;9974.0;0.0
yf_ADM_d9;5900;INTARIAN_PEPPER_ROOT;10474;16;10472;26;;;10484;14;10487;17;;;10479.0;0.0
yf_ADM_d9;6000;ASH_COATED_OSMIUM;9971;22;9967;15;;;9978;9;9980;17;;;9974.5;0.0
yf_ADM_d9;6000;INTARIAN_PEPPER_ROOT;10475;21;10473;16;;;10481;18;10485;12;;;10478.0;0.0
yf_ADM_d9;6100;ASH_COATED_OSMIUM;9971;17;9969;12;;;9977;17;9979;17;;;9974.0;0.0
yf_ADM_d9;6100;INTARIAN_PEPPER_ROOT;10474;9;10472;18;;;10480;18;10484;17;;;10477.0;0.0
yf_ADM_d9;6200;ASH_COATED_OSMIUM;9969;5;9967;17;;;9979;11;9982;19;;;9974.0;0.0
yf_ADM_d9;6200;INTARIAN_PEPPER_ROOT;10471;20;10469;19;;;10481;16;10485;26;;;10476.0;0.0
yf_ADM_d9;6300;ASH_COATED_OSMIUM;9972;7;9970;10;;;9978;10;9982;21;;;9975.0;0.0
yf_ADM_d9;6300;INTARIAN_PEPPER_ROOT;10466;11;10464;24;;;10483;9;10487;22;;;10474.5;0.0
yf_ADM_d9;6400;ASH_COATED_OSMIUM;9967;11;9964;11;;;9981;12;9983;24;;;9974.0;0.0
yf_ADM_d9;6400;INTARIAN_PEPPER_ROOT;10472;19;10469;24;;;10478;9;10482;30;;;10475.0;0.0
yf_ADM_d9;6500;ASH_COATED_OSMIUM;9967;10;9964;18;;;9982;13;9985;20;;;9974.5;0.0
yf_ADM_d9;6500;INTARIAN_PEPPER_ROOT;10456;19;10452;23;;;10492;10;10495;13;;;10474.0;0.0
yf_ADM_d9;6600;ASH_COATED_OSMIUM;9971;14;9967;23;;;9977;19;9979;25;;;9974.0;0.0
yf_ADM_d9;6600;INTARIAN_PEPPER_ROOT;10469;13;10466;19;;;10475;13;10478;19;;;10472.0;0.0
yf_ADM_d9;6700;ASH_COATED_OSMIUM;9971;15;9969;16;;;9977;7;9981;15;;;9974.0;0.0
yf_ADM_d9;6700;INTARIAN_PEPPER_ROOT;10458;15;10454;28;;;10484;17;10487;20;;;10471.0;0.0
yf_ADM_d9;6800;ASH_COATED_OSMIUM;9971;13;9968;28;;;9977;22;9980;17;;;9974.0;0.0
yf_ADM_d9;6800;INTARIAN_PEPPER_ROOT;10467;10;10463;14;;;10475;19;10478;13;;;10471.0;0.0
yf_ADM_d9;6900;ASH_COATED_OSMIUM;9967;14;9964;22;;;9982;5;9985;12;;;9974.5;0.0
yf_ADM_d9;6900;INTARIAN_PEPPER_ROOT;10467;22;10464;35;;;10473;15;10477;16;;;10470.0;0.0
yf_ADM_d9;7000;ASH_COATED_OSMIUM;9971;10;9967;27;;;9977;19;9980;15;;;9974.0;0.0
yf_ADM_d9;7000;INTARIAN_PEPPER_ROOT;10466;16;10463;18;;;10473;10;10476;20;;;10469.5;0.0
yf_ADM_d9;7100;ASH_COATED_OSMIUM;9971;18;9967;19;;;9977;20;9981;19;;;9974.0;0.0
yf_ADM_d9;7100;INTARIAN_PEPPER_ROOT;10461;19;10457;12;;;10475;11;10477;12;;;10468.0;0.0
yf_ADM_d9;7200;ASH_COATED_OSMIUM;9972;16;9970;20;;;9978;14;9981;22;;;9975.0;0.0
yf_ADM_d9;7200;INTARIAN_PEPPER_ROOT;10464;8;10460;11;;;10470;14;10473;15;;;10467.0;0.0
yf_ADM_d9;7300;ASH_COATED_OSMIUM;9972;17;9970;20;;;9978;21;9982;17;;;9975.0;0.0
yf_ADM_d9;7300;INTARIAN_PEPPER_ROOT;10463;7;10459;27;;;10469;17;10473;18;;;10466.0;0.0
yf_ADM_d9;7400;ASH_COATED_OSMIUM;9966;13;9964;25;;;9984;16;9987;19;;;9975.0;0.0
yf_ADM_d9;7400;INTARIAN_PEPPER_ROOT;10462;16;10458;12;;;10468;10;10470;19;;;10465.0;0.0
yf_ADM_d9;7500;ASH_COATED_OSMIUM;9972;17;9969;18;;;9978;18;9980;15;;;9975.0;0.0
yf_ADM_d9;7500;INTARIAN_PEPPER_ROOT;10462;15;10460;14;;;10468;14;10470;16;;;10465.0;0.0
yf_ADM_d9;7600;ASH_COATED_OSMIUM;9972;9;9969;14;;;9980;16;9983;16;;;9976.0;0.0
yf_ADM_d9;7600;INTARIAN_PEPPER_ROOT;10461;10;10458;18;;;10467;17;10469;15;;;10464.0;0.0
yf_ADM_d9;7700;ASH_COATED_OSMIUM;9972;16;9969;16;;;9978;7;9982;11;;;9975.0;0.0
yf_ADM_d9;7700;INTARIAN_PEPPER_ROOT;10460;11;10458;9;;;10466;12;10470;22;;;10463.0;0.0
yf_ADM_d9;7800;ASH_COATED_OSMIUM;9972;15;9970;20;;;9978;18;9980;25;;;9975.0;0.0
yf_ADM_d9;7800;INTARIAN_PEPPER_ROOT;10459;17;10455;19;;;10465;9;10467;17;;;10462.0;0.0
yf_ADM_d9;7900;ASH_COATED_OSMIUM;9972;20;9970;21;;;9978;16;9980;17;;;9975.0;0.0
yf_ADM_d9;7900;INTARIAN_PEPPER_ROOT;10451;5;10448;23;;;10471;21;10475;21;;;10461.0;0.0
yf_ADM_d9;8000;ASH_COATED_OSMIUM;9972;25;9969;28;;;9978;6;9981;22;;;9975.0;0.0
yf_ADM_d9;8000;INTARIAN_PEPPER_ROOT;10457;13;10453;22;;;10463;22;10466;16;;;10460.0;0.0
yf_ADM_d9;8100;ASH_COATED_OSMIUM;9972;13;9970;21;;;9978;6;9980;20;;;9975.0;0.0
yf_ADM_d9;8100;INTARIAN_PEPPER_ROOT;10456;27;10454;11;;;10462;17;10464;14;;;10459.0;0.0
yf_ADM_d9;8200;ASH_COATED_OSMIUM;9972;11;9968;25;;;9978;22;9982;12;;;9975.0;0.0
yf_ADM_d9;8200;INTARIAN_PEPPER_ROOT;10455;14;10451;14;;;10461;10;10464;21;;;10458.0;0.0
yf_ADM_d9;8300;ASH_COATED_OSMIUM;9971;23;9967;15;;;9977;18;9979;16;;;9974.0;0.0
yf_ADM_d9;8300;INTARIAN_PEPPER_ROOT;10455;19;10453;20;;;10461;10;10464;21;;;10458.0;0.0
yf_ADM_d9;8400;ASH_COATED_OSMIUM;9972;13;9968;19;;;9978;16;9982;16;;;9975.0;0.0
yf_ADM_d9;8400;INTARIAN_PEPPER_ROOT;10453;21;10451;20;;;10459;15;10461;14;;;10456.0;0.0
yf_ADM_d9;8500;ASH_COATED_OSMIUM;9961;8;9959;21;;;9989;21;9991;20;;;9975.0;0.0
yf_ADM_d9;8500;INTARIAN_PEPPER_ROOT;10449;8;10445;22;;;10463;12;10467;25;;;10456.0;0.0
yf_ADM_d9;8600;ASH_COATED_OSMIUM;9968;12;9965;27;;;9980;19;9983;23;;;9974.0;0.0
yf_ADM_d9;8600;INTARIAN_PEPPER_ROOT;10451;13;10447;24;;;10457;13;10459;19;;;10454.0;0.0
yf_ADM_d9;8700;ASH_COATED_OSMIUM;9972;17;9969;21;;;9978;19;9982;27;;;9975.0;0.0
yf_ADM_d9;8700;INTARIAN_PEPPER_ROOT;10446;7;10442;20;;;10462;14;10465;22;;;10454.0;0.0
yf_ADM_d9;8800;ASH_COATED_OSMIUM;9972;10;9968;20;;;9978;15;9981;21;;;9975.0;0.0
yf_ADM_d9;8800;INTARIAN_PEPPER_ROOT;10450;8;10446;27;;;10456;5;10458;29;;;10453.0;0.0
yf_ADM_d9;8900;ASH_COATED_OSMIUM;9973;14;9969;22;;;9979;15;9983;19;;;9976.0;0.0
yf_ADM_d9;8900;INTARIAN_PEPPER_ROOT;10449;21;10445;23;;;10455;14;10458;19;;;10452.0;0.0
yf_ADM_d9;9000;ASH_COATED_OSMIUM;9972;23;9969;25;;;9979;8;9982;26;;;9975.5;0.0
yf_ADM_d9;9000;INTARIAN_PEPPER_ROOT;10448;17;10445;11;;;10454;15;10457;20;;;10451.0;0.0
yf_ADM_d9;9100;ASH_COATED_OSMIUM;9973;18;9970;17;;;9979;11;9983;20;;;9976.0;0.0
yf_ADM_d9;9100;INTARIAN_PEPPER_ROOT;10447;21;10445;19;;;10455;11;10457;28;;;10451.0;0.0
yf_ADM_d9;9200;ASH_COATED_OSMIUM;9972;12;9969;12;;;9978;14;9980;19;;;9975.0;0.0
yf_ADM_d9;9200;INTARIAN_PEPPER_ROOT;10447;15;10444;18;;;10453;11;10456;13;;;10450.0;0.0
yf_ADM_d9;9300;ASH_COATED_OSMIUM;9973;11;9970;31;;;9979;13;9982;14;;;9976.0;0.0
yf_ADM_d9;9300;INTARIAN_PEPPER_ROOT;10446;21;10443;21;;;10452;14;10455;15;;;10449.0;0.0
yf_ADM_d9;9400;ASH_COATED_OSMIUM;9967;5;9964;21;;;9984;13;9988;25;;;9975.5;0.0
yf_ADM_d9;9400;INTARIAN_PEPPER_ROOT;10445;15;10442;26;;;10451;21;10454;17;;;10448.0;0.0
yf_ADM_d9;9500;ASH_COATED_OSMIUM;9972;17;9968;23;;;9978;18;9981;17;;;9975.0;0.0
yf_ADM_d9;9500;INTARIAN_PEPPER_ROOT;10435;17;10431;22;;;10458;5;10461;16;;;10446.5;0.0
yf_ADM_d9;9600;ASH_COATED_OSMIUM;9973;14;9971;23;;;9979;11;9983;28;;;9976.0;0.0
yf_ADM_d9;9600;INTARIAN_PEPPER_ROOT;10443;8;10439;22;;;10450;15;10452;25;;;10446.5;0.0
yf_ADM_d9;9700;ASH_COATED_OSMIUM;9972;18;9969;20;;;9980;19;9984;22;;;9976.0;0.0
yf_ADM_d9;9700;INTARIAN_PEPPER_ROOT;10442;14;10438;20;;;10448;18;10452;23;;;10445.0;0.0
yf_ADM_d9;9800;ASH_COATED_OSMIUM;9967;5;9964;21;;;9985;17;9987;18;;;9976.0;0.0
yf_ADM_d9;9800;INTARIAN_PEPPER_ROOT;10439;12;10436;13;;;10449;14;10452;16;;;10444.0;0.0
yf_ADM_d9;9900;ASH_COATED_OSMIUM;9963;19;9961;18;;;9990;19;9992;20;;;9976.5;0.0
yf_ADM_d9;9900;INTARIAN_PEPPER_ROOT;10437;13;10434;18;;;10450;15;10453;19;;;10443.5;0.0
yf_ADM_d9;10000;ASH_COATED_OSMIUM;9973;15;9970;25;;;9979;11;9982;26;;;9976.0;0.0
yf_ADM_d9;10000;INTARIAN_PEPPER_ROOT;10439;20;10436;22;;;10445;13;10448;16;;;10442.0;0.0
yf_ADM_d9;10100;ASH_COATED_OSMIUM;9973;11;9971;15;;;9979;19;9982;29;;;9976.0;0.0
yf_ADM_d9;10100;INTARIAN_PEPPER_ROOT;10439;21;10437;25;;;10445;10;10449;18;;;10442.0;0.0
yf_ADM_d9;10200;ASH_COATED_OSMIUM;9972;21;9970;16;;;9980;11;9984;26;;;9976.0;0.0
yf_ADM_d9;10200;INTARIAN_PEPPER_ROOT;10437;9;10435;20;;;10443;15;10447;16;;;10440.0;0.0
yf_ADM_d9;10300;ASH_COATED_OSMIUM;9973;7;9969;28;;;9979;7;9983;18;;;9976.0;0.0
yf_ADM_d9;10300;INTARIAN_PEPPER_ROOT;10430;13;10428;19;;;10450;15;10452;21;;;10440.0;0.0
yf_ADM_d9;10400;ASH_COATED_OSMIUM;9973;11;9970;18;;;9980;5;9983;25;;;9976.5;0.0
yf_ADM_d9;10400;INTARIAN_PEPPER_ROOT;10436;12;10433;17;;;10442;6;10446;19;;;10439.0;0.0
yf_ADM_d9;10500;ASH_COATED_OSMIUM;9973;19;9971;13;;;9979;14;9981;16;;;9976.0;0.0
yf_ADM_d9;10500;INTARIAN_PEPPER_ROOT;10435;19;10433;17;;;10441;17;10445;28;;;10438.0;0.0
yf_ADM_d9;10600;ASH_COATED_OSMIUM;9973;21;9969;16;;;9980;20;9983;22;;;9976.5;0.0
yf_ADM_d9;10600;INTARIAN_PEPPER_ROOT;10434;18;10432;19;;;10440;18;10444;17;;;10437.0;0.0
yf_ADM_d9;10700;ASH_COATED_OSMIUM;9971;30;9968;18;;;9983;20;9986;15;;;9977.0;0.0
yf_ADM_d9;10700;INTARIAN_PEPPER_ROOT;10432;22;10429;18;;;10438;16;10440;26;;;10435.0;0.0
yf_ADM_d9;10800;ASH_COATED_OSMIUM;9957;9;9955;12;;;9996;16;9998;19;;;9976.5;0.0
yf_ADM_d9;10800;INTARIAN_PEPPER_ROOT;10431;18;10429;28;;;10438;12;10442;25;;;10434.5;0.0
yf_ADM_d9;10900;ASH_COATED_OSMIUM;9973;11;9969;9;;;9980;13;9984;14;;;9976.5;0.0
yf_ADM_d9;10900;INTARIAN_PEPPER_ROOT;10431;22;10427;25;;;10437;19;10440;21;;;10434.0;0.0
yf_ADM_d9;11000;ASH_COATED_OSMIUM;9973;20;9971;19;;;9979;18;9983;18;;;9976.0;0.0
yf_ADM_d9;11000;INTARIAN_PEPPER_ROOT;10431;24;10428;15;;;10437;18;10440;28;;;10434.0;0.0
yf_ADM_d9;11100;ASH_COATED_OSMIUM;9971;6;9969;10;;;9981;9;9983;21;;;9976.0;0.0
yf_ADM_d9;11100;INTARIAN_PEPPER_ROOT;10430;11;10428;20;;;10436;19;10440;22;;;10433.0;0.0
yf_ADM_d9;11200;ASH_COATED_OSMIUM;9974;13;9971;20;;;9980;18;9984;12;;;9977.0;0.0
yf_ADM_d9;11200;INTARIAN_PEPPER_ROOT;10423;20;10419;19;;;10441;19;10445;12;;;10432.0;0.0
yf_ADM_d9;11300;ASH_COATED_OSMIUM;9973;18;9971;15;;;9979;22;9982;24;;;9976.0;0.0
yf_ADM_d9;11300;INTARIAN_PEPPER_ROOT;10428;15;10424;25;;;10434;5;10436;26;;;10431.0;0.0
yf_ADM_d9;11400;ASH_COATED_OSMIUM;9968;18;9966;18;;;9985;19;9988;22;;;9976.5;0.0
yf_ADM_d9;11400;INTARIAN_PEPPER_ROOT;10427;6;10425;28;;;10433;13;10435;18;;;10430.0;0.0
yf_ADM_d9;11500;ASH_COATED_OSMIUM;9974;16;9970;24;;;9980;15;9984;30;;;9977.0;0.0
yf_ADM_d9;11500;INTARIAN_PEPPER_ROOT;10426;25;10422;18;;;10432;13;10435;17;;;10429.0;0.0
yf_ADM_d9;11600;ASH_COATED_OSMIUM;9974;16;9970;20;;;9980;11;9982;19;;;9977.0;0.0
yf_ADM_d9;11600;INTARIAN_PEPPER_ROOT;10425;17;10421;19;;;10431;5;10433;29;;;10428.0;0.0
yf_ADM_d9;11700;ASH_COATED_OSMIUM;9974;7;9971;22;;;9980;17;9983;22;;;9977.0;0.0
yf_ADM_d9;11700;INTARIAN_PEPPER_ROOT;10420;20;10417;9;;;10434;6;10438;13;;;10427.0;0.0
yf_ADM_d9;11800;ASH_COATED_OSMIUM;9973;12;9969;17;;;9979;8;9983;21;;;9976.0;0.0
yf_ADM_d9;11800;INTARIAN_PEPPER_ROOT;10422;16;10420;26;;;10431;21;10435;19;;;10426.5;0.0
yf_ADM_d9;11900;ASH_COATED_OSMIUM;9973;14;9971;19;;;9979;8;9983;21;;;9976.0;0.0
yf_ADM_d9;11900;INTARIAN_PEPPER_ROOT;10423;5;10419;10;;;10429;10;10432;27;;;10426.0;0.0
yf_ADM_d9;12000;ASH_COATED_OSMIUM;9973;21;9971;14;;;9982;19;9984;12;;;9977.5;0.0
yf_ADM_d9;12000;INTARIAN_PEPPER_ROOT;10421;21;10419;21;;;10427;14;10431;14;;;10424.0;0.0
yf_ADM_d9;12100;ASH_COATED_OSMIUM;9966;20;9962;12;;;9989;13;9991;19;;;9977.5;0.0
yf_ADM_d9;12100;INTARIAN_PEPPER_ROOT;10420;15;10416;13;;;10427;9;10430;17;;;10423.5;0.0
yf_ADM_d9;12200;ASH_COATED_OSMIUM;9972;24;9969;22;;;9981;15;9984;17;;;9976.5;0.0
yf_ADM_d9;12200;INTARIAN_PEPPER_ROOT;10420;16;10417;17;;;10426;16;10429;15;;;10423.0;0.0
yf_ADM_d9;12300;ASH_COATED_OSMIUM;9974;20;9970;15;;;9980;18;9982;22;;;9977.0;0.0
yf_ADM_d9;12300;INTARIAN_PEPPER_ROOT;10419;8;10417;11;;;10425;8;10428;26;;;10422.0;0.0
yf_ADM_d9;12400;ASH_COATED_OSMIUM;9970;8;9967;21;;;9985;19;9989;22;;;9977.5;0.0
yf_ADM_d9;12400;INTARIAN_PEPPER_ROOT;10417;13;10414;25;;;10426;23;10428;20;;;10421.5;0.0
yf_ADM_d9;12500;ASH_COATED_OSMIUM;9972;8;9970;22;;;9982;13;9986;29;;;9977.0;0.0
yf_ADM_d9;12500;INTARIAN_PEPPER_ROOT;10417;16;10414;11;;;10423;16;10426;19;;;10420.0;0.0
yf_ADM_d9;12600;ASH_COATED_OSMIUM;9974;10;9971;15;;;9980;11;9984;19;;;9977.0;0.0
yf_ADM_d9;12600;INTARIAN_PEPPER_ROOT;10417;10;10413;24;;;10423;17;10425;19;;;10420.0;0.0
yf_ADM_d9;12700;ASH_COATED_OSMIUM;9974;13;9970;21;;;9980;15;9983;17;;;9977.0;0.0
yf_ADM_d9;12700;INTARIAN_PEPPER_ROOT;10415;25;10411;18;;;10421;21;10423;25;;;10418.0;0.0
yf_ADM_d9;12800;ASH_COATED_OSMIUM;9974;7;9972;15;;;9980;18;9982;17;;;9977.0;0.0
yf_ADM_d9;12800;INTARIAN_PEPPER_ROOT;10410;20;10407;28;;;10425;14;10428;17;;;10417.5;0.0
yf_ADM_d9;12900;ASH_COATED_OSMIUM;9974;21;9972;13;;;9980;16;9984;13;;;9977.0;0.0
yf_ADM_d9;12900;INTARIAN_PEPPER_ROOT;10403;12;10399;12;;;10431;26;10433;18;;;10417.0;0.0
yf_ADM_d9;13000;ASH_COATED_OSMIUM;9975;13;9973;27;;;9981;11;9985;18;;;9978.0;0.0
yf_ADM_d9;13000;INTARIAN_PEPPER_ROOT;10411;25;10408;17;;;10420;14;10424;16;;;10415.5;0.0
yf_ADM_d9;13100;ASH_COATED_OSMIUM;9975;6;9972;22;;;9981;19;9983;25;;;9978.0;0.0
yf_ADM_d9;13100;INTARIAN_PEPPER_ROOT;10412;17;10409;23;;;10418;18;10420;26;;;10415.0;0.0
yf_ADM_d9;13200;ASH_COATED_OSMIUM;9973;12;9970;18;;;9983;21;9987;19;;;9978.0;0.0
yf_ADM_d9;13200;INTARIAN_PEPPER_ROOT;10411;21;10409;19;;;10417;23;10420;15;;;10414.0;0.0
yf_ADM_d9;13300;ASH_COATED_OSMIUM;9967;12;9964;26;;;9989;21;9992;24;;;9978.0;0.0
yf_ADM_d9;13300;INTARIAN_PEPPER_ROOT;10410;12;10408;12;;;10416;22;10419;16;;;10413.0;0.0
yf_ADM_d9;13400;ASH_COATED_OSMIUM;9975;18;9971;15;;;9981;5;9984;15;;;9978.0;0.0
yf_ADM_d9;13400;INTARIAN_PEPPER_ROOT;10409;7;10406;22;;;10415;14;10419;20;;;10412.0;0.0
yf_ADM_d9;13500;ASH_COATED_OSMIUM;9974;23;9972;28;;;9981;18;9984;22;;;9977.5;0.0
yf_ADM_d9;13500;INTARIAN_PEPPER_ROOT;10408;23;10406;17;;;10415;21;10418;18;;;10411.5;0.0
yf_ADM_d9;13600;ASH_COATED_OSMIUM;9968;14;9965;28;;;9988;10;9990;29;;;9978.0;0.0
yf_ADM_d9;13600;INTARIAN_PEPPER_ROOT;10408;18;10406;23;;;10414;12;10416;23;;;10411.0;0.0
yf_ADM_d9;13700;ASH_COATED_OSMIUM;9975;8;9972;22;;;9981;19;9984;19;;;9978.0;0.0
yf_ADM_d9;13700;INTARIAN_PEPPER_ROOT;10404;22;10400;20;;;10414;11;10416;16;;;10409.0;0.0
yf_ADM_d9;13800;ASH_COATED_OSMIUM;9975;19;9972;8;;;9981;14;9984;27;;;9978.0;0.0
yf_ADM_d9;13800;INTARIAN_PEPPER_ROOT;10404;11;10402;22;;;10413;15;10415;20;;;10408.5;0.0
yf_ADM_d9;13900;ASH_COATED_OSMIUM;9974;15;9972;15;;;9982;15;9984;15;;;9978.0;0.0
yf_ADM_d9;13900;INTARIAN_PEPPER_ROOT;10400;5;10397;19;;;10417;15;10419;13;;;10408.5;0.0
yf_ADM_d9;14000;ASH_COATED_OSMIUM;9975;18;9972;17;;;9981;18;9983;21;;;9978.0;0.0
yf_ADM_d9;14000;INTARIAN_PEPPER_ROOT;10404;11;10401;23;;;10410;10;10412;16;;;10407.0;0.0
yf_ADM_d9;14100;ASH_COATED_OSMIUM;9964;12;9962;20;;;9990;19;9993;23;;;9977.0;0.0
yf_ADM_d9;14100;INTARIAN_PEPPER_ROOT;10390;20;10386;26;;;10422;12;10424;24;;;10406.0;0.0
yf_ADM_d9;14200;ASH_COATED_OSMIUM;9971;19;9968;17;;;9986;10;9989;22;;;9978.5;0.0
yf_ADM_d9;14200;INTARIAN_PEPPER_ROOT;10402;16;10399;16;;;10408;12;10410;21;;;10405.0;0.0
yf_ADM_d9;14300;ASH_COATED_OSMIUM;9973;18;9971;18;;;9983;6;9986;25;;;9978.0;0.0
yf_ADM_d9;14300;INTARIAN_PEPPER_ROOT;10401;15;10397;16;;;10407;12;10409;27;;;10404.0;0.0
yf_ADM_d9;14400;ASH_COATED_OSMIUM;9975;14;9973;21;;;9982;6;9986;18;;;9978.5;0.0
yf_ADM_d9;14400;INTARIAN_PEPPER_ROOT;10400;11;10396;17;;;10406;23;10409;19;;;10403.0;0.0
yf_ADM_d9;14500;ASH_COATED_OSMIUM;9974;7;9971;13;;;9982;23;9985;22;;;9978.0;0.0
yf_ADM_d9;14500;INTARIAN_PEPPER_ROOT;10400;13;10396;17;;;10406;8;10410;17;;;10403.0;0.0
yf_ADM_d9;14600;ASH_COATED_OSMIUM;9974;16;9972;22;;;9983;17;9985;13;;;9978.5;0.0
yf_ADM_d9;14600;INTARIAN_PEPPER_ROOT;10399;9;10396;18;;;10405;14;10407;18;;;10402.0;0.0
yf_ADM_d9;14700;ASH_COATED_OSMIUM;9975;5;9972;27;;;9981;17;9985;18;;;9978.0;0.0
yf_ADM_d9;14700;INTARIAN_PEPPER_ROOT;10397;17;10395;25;;;10404;15;10408;23;;;10400.5;0.0
yf_ADM_d9;14800;ASH_COATED_OSMIUM;9973;15;9971;19;;;9984;11;9986;21;;;9978.5;0.0
yf_ADM_d9;14800;INTARIAN_PEPPER_ROOT;10397;18;10394;20;;;10403;19;10406;8;;;10400.0;0.0
yf_ADM_d9;14900;ASH_COATED_OSMIUM;9976;8;9974;15;;;9982;25;9986;9;;;9979.0;0.0
yf_ADM_d9;14900;INTARIAN_PEPPER_ROOT;10396;16;10393;23;;;10403;17;10407;28;;;10399.5;0.0
yf_ADM_d9;15000;ASH_COATED_OSMIUM;9969;23;9967;24;;;9987;17;9989;13;;;9978.0;0.0
yf_ADM_d9;15000;INTARIAN_PEPPER_ROOT;10394;18;10390;16;;;10402;23;10404;25;;;10398.0;0.0
yf_ADM_d9;15100;ASH_COATED_OSMIUM;9971;15;9968;15;;;9985;15;9987;20;;;9978.0;0.0
yf_ADM_d9;15100;INTARIAN_PEPPER_ROOT;10395;21;10392;17;;;10401;17;10403;25;;;10398.0;0.0
yf_ADM_d9;15200;ASH_COATED_OSMIUM;9975;9;9972;12;;;9981;14;9984;20;;;9978.0;0.0
yf_ADM_d9;15200;INTARIAN_PEPPER_ROOT;10393;12;10389;15;;;10399;15;10401;23;;;10396.0;0.0
yf_ADM_d9;15300;ASH_COATED_OSMIUM;9971;16;9969;20;;;9987;13;9990;13;;;9979.0;0.0
yf_ADM_d9;15300;INTARIAN_PEPPER_ROOT;10390;6;10386;13;;;10400;27;10402;19;;;10395.0;0.0
yf_ADM_d9;15400;ASH_COATED_OSMIUM;9975;11;9971;14;;;9981;8;9985;13;;;9978.0;0.0
yf_ADM_d9;15400;INTARIAN_PEPPER_ROOT;10391;13;10389;18;;;10398;14;10402;10;;;10394.5;0.0
yf_ADM_d9;15500;ASH_COATED_OSMIUM;9963;17;9959;16;;;9994;13;9998;19;;;9978.5;0.0
yf_ADM_d9;15500;INTARIAN_PEPPER_ROOT;10391;23;10389;25;;;10397;19;10400;18;;;10394.0;0.0
yf_ADM_d9;15600;ASH_COATED_OSMIUM;9975;13;9972;30;;;9982;5;9985;26;;;9978.5;0.0
yf_ADM_d9;15600;INTARIAN_PEPPER_ROOT;10390;15;10388;20;;;10396;13;10398;18;;;10393.0;0.0
yf_ADM_d9;15700;ASH_COATED_OSMIUM;9975;21;9972;15;;;9983;17;9986;14;;;9979.0;0.0
yf_ADM_d9;15700;INTARIAN_PEPPER_ROOT;10389;17;10385;15;;;10395;23;10399;21;;;10392.0;0.0
yf_ADM_d9;15800;ASH_COATED_OSMIUM;9972;17;9970;15;;;9984;23;9988;13;;;9978.0;0.0
yf_ADM_d9;15800;INTARIAN_PEPPER_ROOT;10388;13;10386;16;;;10394;29;10396;22;;;10391.0;0.0
yf_ADM_d9;15900;ASH_COATED_OSMIUM;9976;9;9973;27;;;9982;25;9985;27;;;9979.0;0.0
yf_ADM_d9;15900;INTARIAN_PEPPER_ROOT;10387;16;10384;16;;;10393;13;10396;17;;;10390.0;0.0
yf_ADM_d9;16000;ASH_COATED_OSMIUM;9969;11;9966;13;;;9990;11;9994;20;;;9979.5;0.0
yf_ADM_d9;16000;INTARIAN_PEPPER_ROOT;10386;12;10384;21;;;10392;17;10395;26;;;10389.0;0.0
yf_ADM_d9;16100;ASH_COATED_OSMIUM;9976;17;9972;23;;;9982;6;9985;9;;;9979.0;0.0
yf_ADM_d9;16100;INTARIAN_PEPPER_ROOT;10385;13;10383;23;;;10391;16;10393;14;;;10388.0;0.0
yf_ADM_d9;16200;ASH_COATED_OSMIUM;9976;12;9972;25;;;9982;16;9986;8;;;9979.0;0.0
yf_ADM_d9;16200;INTARIAN_PEPPER_ROOT;10380;12;10376;11;;;10395;13;10397;24;;;10387.5;0.0
yf_ADM_d9;16300;ASH_COATED_OSMIUM;9973;16;9970;18;;;9984;18;9986;25;;;9978.5;0.0
yf_ADM_d9;16300;INTARIAN_PEPPER_ROOT;10383;13;10381;25;;;10389;14;10393;20;;;10386.0;0.0
yf_ADM_d9;16400;ASH_COATED_OSMIUM;9974;13;9970;35;;;9984;5;9986;15;;;9979.0;0.0
yf_ADM_d9;16400;INTARIAN_PEPPER_ROOT;10383;11;10381;15;;;10389;11;10391;14;;;10386.0;0.0
yf_ADM_d9;16500;ASH_COATED_OSMIUM;9976;18;9973;21;;;9982;11;9985;21;;;9979.0;0.0
yf_ADM_d9;16500;INTARIAN_PEPPER_ROOT;10381;18;10378;17;;;10387;20;10390;21;;;10384.0;0.0
yf_ADM_d9;16600;ASH_COATED_OSMIUM;9973;24;9970;30;;;9985;21;9989;22;;;9979.0;0.0
yf_ADM_d9;16600;INTARIAN_PEPPER_ROOT;10377;14;10373;19;;;10390;21;10394;13;;;10383.5;0.0
yf_ADM_d9;16700;ASH_COATED_OSMIUM;9976;14;9972;19;;;9982;7;9984;16;;;9979.0;0.0
yf_ADM_d9;16700;INTARIAN_PEPPER_ROOT;10378;11;10374;21;;;10387;9;10390;11;;;10382.5;0.0
yf_ADM_d9;16800;ASH_COATED_OSMIUM;9975;10;9972;11;;;9984;23;9988;18;;;9979.5;0.0
yf_ADM_d9;16800;INTARIAN_PEPPER_ROOT;10379;10;10376;18;;;10385;17;10389;16;;;10382.0;0.0
yf_ADM_d9;16900;ASH_COATED_OSMIUM;9976;15;9972;18;;;9982;13;9986;20;;;9979.0;0.0
yf_ADM_d9;16900;INTARIAN_PEPPER_ROOT;10379;13;10377;18;;;10386;14;10388;26;;;10382.5;0.0
yf_ADM_d9;17000;ASH_COATED_OSMIUM;9976;7;9973;29;;;9982;13;9985;21;;;9979.0;0.0
yf_ADM_d9;17000;INTARIAN_PEPPER_ROOT;10379;24;10375;17;;;10385;17;10387;13;;;10382.0;0.0
yf_ADM_d9;17100;ASH_COATED_OSMIUM;9973;16;9969;22;;;9984;10;9987;22;;;9978.5;0.0
yf_ADM_d9;17100;INTARIAN_PEPPER_ROOT;10381;15;10379;25;;;10387;8;10390;20;;;10384.0;0.0
yf_ADM_d9;17200;ASH_COATED_OSMIUM;9976;8;9973;18;;;9985;17;9988;24;;;9980.5;0.0
yf_ADM_d9;17200;INTARIAN_PEPPER_ROOT;10381;20;10378;22;;;10390;10;10394;20;;;10385.5;0.0
yf_ADM_d9;17300;ASH_COATED_OSMIUM;9977;5;9975;25;;;9983;20;9985;15;;;9980.0;0.0
yf_ADM_d9;17300;INTARIAN_PEPPER_ROOT;10385;12;10382;23;;;10391;18;10394;19;;;10388.0;0.0
yf_ADM_d9;17400;ASH_COATED_OSMIUM;9973;12;9970;21;;;9987;18;9989;12;;;9980.0;0.0
yf_ADM_d9;17400;INTARIAN_PEPPER_ROOT;10384;27;10382;27;;;10397;8;10401;21;;;10390.5;0.0
yf_ADM_d9;17500;ASH_COATED_OSMIUM;9976;11;9974;24;;;9982;11;9984;22;;;9979.0;0.0
yf_ADM_d9;17500;INTARIAN_PEPPER_ROOT;10389;20;10385;27;;;10395;8;10398;20;;;10392.0;0.0
yf_ADM_d9;17600;ASH_COATED_OSMIUM;9974;21;9970;22;;;9985;19;9989;23;;;9979.5;0.0
yf_ADM_d9;17600;INTARIAN_PEPPER_ROOT;10391;17;10389;21;;;10397;23;10399;19;;;10394.0;0.0
yf_ADM_d9;17700;ASH_COATED_OSMIUM;9976;12;9973;24;;;9982;18;9985;21;;;9979.0;0.0
yf_ADM_d9;17700;INTARIAN_PEPPER_ROOT;10394;7;10391;17;;;10400;27;10404;16;;;10397.0;0.0
yf_ADM_d9;17800;ASH_COATED_OSMIUM;9976;17;9972;15;;;9982;7;9986;22;;;9979.0;0.0
yf_ADM_d9;17800;INTARIAN_PEPPER_ROOT;10396;14;10394;22;;;10402;5;10405;17;;;10399.0;0.0
yf_ADM_d9;17900;ASH_COATED_OSMIUM;9976;22;9974;21;;;9982;15;9986;14;;;9979.0;0.0
yf_ADM_d9;17900;INTARIAN_PEPPER_ROOT;10391;15;10389;24;;;10409;12;10413;17;;;10400.0;0.0
yf_ADM_d9;18000;ASH_COATED_OSMIUM;9977;19;9973;14;;;9983;24;9987;10;;;9980.0;0.0
yf_ADM_d9;18000;INTARIAN_PEPPER_ROOT;10400;14;10397;19;;;10406;19;10410;18;;;10403.0;0.0
yf_ADM_d9;18100;ASH_COATED_OSMIUM;9976;15;9972;16;;;9982;16;9986;26;;;9979.0;0.0
yf_ADM_d9;18100;INTARIAN_PEPPER_ROOT;10401;13;10397;16;;;10408;19;10411;20;;;10404.5;0.0
yf_ADM_d9;18200;ASH_COATED_OSMIUM;9976;8;9974;15;;;9982;7;9986;23;;;9979.0;0.0
yf_ADM_d9;18200;INTARIAN_PEPPER_ROOT;10404;10;10401;23;;;10410;7;10412;15;;;10407.0;0.0
yf_ADM_d9;18300;ASH_COATED_OSMIUM;9970;11;9967;18;;;9989;13;9991;23;;;9979.5;0.0
yf_ADM_d9;18300;INTARIAN_PEPPER_ROOT;10406;18;10403;17;;;10412;10;10416;22;;;10409.0;0.0
yf_ADM_d9;18400;ASH_COATED_OSMIUM;9971;10;9968;18;;;9988;17;9991;13;;;9979.5;0.0
yf_ADM_d9;18400;INTARIAN_PEPPER_ROOT;10406;5;10403;19;;;10415;17;10418;21;;;10410.5;0.0
yf_ADM_d9;18500;ASH_COATED_OSMIUM;9977;25;9974;18;;;9983;17;9987;19;;;9980.0;0.0
yf_ADM_d9;18500;INTARIAN_PEPPER_ROOT;10409;17;10407;18;;;10415;20;10418;25;;;10412.0;0.0
yf_ADM_d9;18600;ASH_COATED_OSMIUM;9975;13;9972;19;;;9984;18;9987;32;;;9979.5;0.0
yf_ADM_d9;18600;INTARIAN_PEPPER_ROOT;10412;14;10409;20;;;10418;13;10420;16;;;10415.0;0.0
yf_ADM_d9;18700;ASH_COATED_OSMIUM;9977;12;9973;25;;;9983;15;9987;22;;;9980.0;0.0
yf_ADM_d9;18700;INTARIAN_PEPPER_ROOT;10408;30;10404;17;;;10426;22;10428;16;;;10417.0;0.0
yf_ADM_d9;18800;ASH_COATED_OSMIUM;9976;14;9974;23;;;9982;5;9986;30;;;9979.0;0.0
yf_ADM_d9;18800;INTARIAN_PEPPER_ROOT;10416;21;10414;20;;;10422;17;10425;24;;;10419.0;0.0
yf_ADM_d9;18900;ASH_COATED_OSMIUM;9977;15;9974;14;;;9983;7;9985;24;;;9980.0;0.0
yf_ADM_d9;18900;INTARIAN_PEPPER_ROOT;10417;12;10413;21;;;10423;22;10426;13;;;10420.0;0.0
yf_ADM_d9;19000;ASH_COATED_OSMIUM;9977;24;9974;29;;;9983;11;9985;22;;;9980.0;0.0
yf_ADM_d9;19000;INTARIAN_PEPPER_ROOT;10419;10;10416;13;;;10427;16;10430;9;;;10423.0;0.0
yf_ADM_d9;19100;ASH_COATED_OSMIUM;9977;11;9973;17;;;9983;9;9986;14;;;9980.0;0.0
yf_ADM_d9;19100;INTARIAN_PEPPER_ROOT;10422;19;10418;28;;;10428;14;10431;11;;;10425.0;0.0
yf_ADM_d9;19200;ASH_COATED_OSMIUM;9977;16;9974;22;;;9983;21;9987;10;;;9980.0;0.0
yf_ADM_d9;19200;INTARIAN_PEPPER_ROOT;10423;12;10421;17;;;10432;11;10436;17;;;10427.5;0.0
yf_ADM_d9;19300;ASH_COATED_OSMIUM;9977;5;9974;28;;;9983;29;9985;15;;;9980.0;0.0
yf_ADM_d9;19300;INTARIAN_PEPPER_ROOT;10425;18;10422;30;;;10431;25;10434;21;;;10428.0;0.0
yf_ADM_d9;19400;ASH_COATED_OSMIUM;9974;17;9972;20;;;9985;10;9988;24;;;9979.5;0.0
yf_ADM_d9;19400;INTARIAN_PEPPER_ROOT;10428;12;10425;14;;;10434;10;10437;18;;;10431.0;0.0
yf_ADM_d9;19500;ASH_COATED_OSMIUM;9974;15;9972;16;;;9987;21;9990;21;;;9980.5;0.0
yf_ADM_d9;19500;INTARIAN_PEPPER_ROOT;10424;19;10420;14;;;10442;13;10446;24;;;10433.0;0.0
yf_ADM_d9;19600;ASH_COATED_OSMIUM;9969;20;9967;18;;;9992;23;9995;28;;;9980.5;0.0
yf_ADM_d9;19600;INTARIAN_PEPPER_ROOT;10430;15;10427;19;;;10439;17;10441;14;;;10434.5;0.0
yf_ADM_d9;19700;ASH_COATED_OSMIUM;9977;16;9973;15;;;9983;14;9986;18;;;9980.0;0.0
yf_ADM_d9;19700;INTARIAN_PEPPER_ROOT;10434;17;10430;17;;;10440;14;10444;20;;;10437.0;0.0
yf_ADM_d9;19800;ASH_COATED_OSMIUM;9977;15;9974;19;;;9983;9;9985;19;;;9980.0;0.0
yf_ADM_d9;19800;INTARIAN_PEPPER_ROOT;10437;23;10435;21;;;10443;8;10446;16;;;10440.0;0.0
yf_ADM_d9;19900;ASH_COATED_OSMIUM;9974;15;9970;30;;;9986;9;9989;18;;;9980.0;0.0
yf_ADM_d9;19900;INTARIAN_PEPPER_ROOT;10432;20;10430;16;;;10450;11;10454;19;;;10441.0;0.0
yf_ADM_d9;20000;ASH_COATED_OSMIUM;9970;12;9967;16;;;9989;16;9992;13;;;9979.5;0.0
yf_ADM_d9;20000;INTARIAN_PEPPER_ROOT;10433;11;10430;16;;;10452;14;10456;14;;;10442.5;0.0
yf_ADM_d9;20100;ASH_COATED_OSMIUM;9971;12;9967;21;;;9988;5;9992;25;;;9979.5;0.0
yf_ADM_d9;20100;INTARIAN_PEPPER_ROOT;10442;12;10440;23;;;10448;24;10451;15;;;10445.0;0.0
yf_ADM_d9;20200;ASH_COATED_OSMIUM;9976;21;9974;26;;;9984;15;9987;12;;;9980.0;0.0
yf_ADM_d9;20200;INTARIAN_PEPPER_ROOT;10444;15;10440;16;;;10450;15;10453;25;;;10447.0;0.0
yf_ADM_d9;20300;ASH_COATED_OSMIUM;9977;20;9974;17;;;9983;15;9986;11;;;9980.0;0.0
yf_ADM_d9;20300;INTARIAN_PEPPER_ROOT;10445;13;10442;10;;;10453;14;10457;21;;;10449.0;0.0
yf_ADM_d9;20400;ASH_COATED_OSMIUM;9977;5;9975;21;;;9983;15;9986;23;;;9980.0;0.0
yf_ADM_d9;20400;INTARIAN_PEPPER_ROOT;10432;22;10430;21;;;10471;21;10473;18;;;10451.5;0.0
yf_ADM_d9;20500;ASH_COATED_OSMIUM;9977;18;9974;24;;;9983;10;9986;16;;;9980.0;0.0
yf_ADM_d9;20500;INTARIAN_PEPPER_ROOT;10451;16;10447;19;;;10457;23;10459;25;;;10454.0;0.0
yf_ADM_d9;20600;ASH_COATED_OSMIUM;9964;17;9960;14;;;9996;5;9999;17;;;9980.0;0.0
yf_ADM_d9;20600;INTARIAN_PEPPER_ROOT;10450;12;10447;10;;;10459;18;10461;14;;;10454.5;0.0
yf_ADM_d9;20700;ASH_COATED_OSMIUM;9978;19;9974;23;;;9984;10;9988;17;;;9981.0;0.0
yf_ADM_d9;20700;INTARIAN_PEPPER_ROOT;10449;12;10446;18;;;10466;13;10468;21;;;10457.5;0.0
yf_ADM_d9;20800;ASH_COATED_OSMIUM;9977;13;9973;30;;;9984;5;9987;23;;;9980.5;0.0
yf_ADM_d9;20800;INTARIAN_PEPPER_ROOT;10450;19;10448;12;;;10469;7;10471;24;;;10459.5;0.0
yf_ADM_d9;20900;ASH_COATED_OSMIUM;9977;12;9975;14;;;9983;21;9986;18;;;9980.0;0.0
yf_ADM_d9;20900;INTARIAN_PEPPER_ROOT;10459;15;10455;19;;;10465;17;10467;22;;;10462.0;0.0
yf_ADM_d9;21000;ASH_COATED_OSMIUM;9977;17;9974;22;;;9983;9;9986;18;;;9980.0;0.0
yf_ADM_d9;21000;INTARIAN_PEPPER_ROOT;10461;19;10459;12;;;10467;10;10469;19;;;10464.0;0.0
yf_ADM_d9;21100;ASH_COATED_OSMIUM;9977;12;9975;12;;;9983;11;9986;19;;;9980.0;0.0
yf_ADM_d9;21100;INTARIAN_PEPPER_ROOT;10463;14;10460;22;;;10469;10;10472;17;;;10466.0;0.0
yf_ADM_d9;21200;ASH_COATED_OSMIUM;9974;15;9970;15;;;9986;20;9989;17;;;9980.0;0.0
yf_ADM_d9;21200;INTARIAN_PEPPER_ROOT;10461;13;10457;22;;;10475;12;10477;19;;;10468.0;0.0
yf_ADM_d9;21300;ASH_COATED_OSMIUM;9977;28;9974;16;;;9983;15;9986;28;;;9980.0;0.0
yf_ADM_d9;21300;INTARIAN_PEPPER_ROOT;10467;8;10463;27;;;10473;21;10476;32;;;10470.0;0.0
yf_ADM_d9;21400;ASH_COATED_OSMIUM;9978;11;9974;20;;;9984;8;9986;17;;;9981.0;0.0
yf_ADM_d9;21400;INTARIAN_PEPPER_ROOT;10469;12;10465;20;;;10475;12;10479;11;;;10472.0;0.0
yf_ADM_d9;21500;ASH_COATED_OSMIUM;9977;15;9975;14;;;9983;14;9986;22;;;9980.0;0.0
yf_ADM_d9;21500;INTARIAN_PEPPER_ROOT;10471;22;10469;22;;;10477;15;10480;17;;;10474.0;0.0
yf_ADM_d9;21600;ASH_COATED_OSMIUM;9977;12;9973;25;;;9983;12;9986;18;;;9980.0;0.0
yf_ADM_d9;21600;INTARIAN_PEPPER_ROOT;10473;19;10471;23;;;10479;10;10481;16;;;10476.0;0.0
yf_ADM_d9;21700;ASH_COATED_OSMIUM;9977;12;9975;23;;;9983;9;9987;24;;;9980.0;0.0
yf_ADM_d9;21700;INTARIAN_PEPPER_ROOT;10470;11;10467;25;;;10486;20;10488;26;;;10478.0;0.0
yf_ADM_d9;21800;ASH_COATED_OSMIUM;9977;8;9974;13;;;9983;20;9985;25;;;9980.0;0.0
yf_ADM_d9;21800;INTARIAN_PEPPER_ROOT;10475;14;10471;18;;;10486;17;10488;16;;;10480.5;0.0
yf_ADM_d9;21900;ASH_COATED_OSMIUM;9971;6;9968;8;;;9990;19;9993;23;;;9980.5;0.0
yf_ADM_d9;21900;INTARIAN_PEPPER_ROOT;10475;20;10472;20;;;10489;14;10493;23;;;10482.0;0.0
yf_ADM_d9;22000;ASH_COATED_OSMIUM;9978;11;9976;21;;;9984;10;9988;10;;;9981.0;0.0
yf_ADM_d9;22000;INTARIAN_PEPPER_ROOT;10481;12;10477;11;;;10487;22;10491;24;;;10484.0;0.0
yf_ADM_d9;22100;ASH_COATED_OSMIUM;9977;8;9973;22;;;9983;17;9985;14;;;9980.0;0.0
yf_ADM_d9;22100;INTARIAN_PEPPER_ROOT;10484;7;10481;17;;;10490;10;10494;25;;;10487.0;0.0
yf_ADM_d9;22200;ASH_COATED_OSMIUM;9978;22;9975;19;;;9984;15;9987;25;;;9981.0;0.0
yf_ADM_d9;22200;INTARIAN_PEPPER_ROOT;10486;18;10482;14;;;10492;12;10495;19;;;10489.0;0.0
yf_ADM_d9;22300;ASH_COATED_OSMIUM;9972;12;9969;17;;;9988;5;9991;23;;;9980.0;0.0
yf_ADM_d9;22300;INTARIAN_PEPPER_ROOT;10487;7;10484;24;;;10495;14;10498;26;;;10491.0;0.0
yf_ADM_d9;22400;ASH_COATED_OSMIUM;9978;10;9976;22;;;9984;13;9987;20;;;9981.0;0.0
yf_ADM_d9;22400;INTARIAN_PEPPER_ROOT;10486;16;10484;21;;;10499;11;10502;16;;;10492.5;0.0
yf_ADM_d9;22500;ASH_COATED_OSMIUM;9977;22;9973;17;;;9983;13;9985;22;;;9980.0;0.0
yf_ADM_d9;22500;INTARIAN_PEPPER_ROOT;10491;15;10489;19;;;10497;15;10499;18;;;10494.0;0.0
yf_ADM_d9;22600;ASH_COATED_OSMIUM;9977;21;9974;22;;;9983;17;9986;25;;;9980.0;0.0
yf_ADM_d9;22600;INTARIAN_PEPPER_ROOT;10494;9;10491;17;;;10500;23;10503;27;;;10497.0;0.0
yf_ADM_d9;22700;ASH_COATED_OSMIUM;9977;21;9973;19;;;9983;12;9986;22;;;9980.0;0.0
yf_ADM_d9;22700;INTARIAN_PEPPER_ROOT;10496;11;10493;21;;;10502;13;10504;17;;;10499.0;0.0
yf_ADM_d9;22800;ASH_COATED_OSMIUM;9977;10;9975;20;;;9983;24;9985;19;;;9980.0;0.0
yf_ADM_d9;22800;INTARIAN_PEPPER_ROOT;10497;17;10494;17;;;10504;13;10507;18;;;10500.5;0.0
yf_ADM_d9;22900;ASH_COATED_OSMIUM;9978;19;9974;20;;;9984;7;9987;21;;;9981.0;0.0
yf_ADM_d9;22900;INTARIAN_PEPPER_ROOT;10494;10;10490;20;;;10512;12;10516;29;;;10503.0;0.0
yf_ADM_d9;23000;ASH_COATED_OSMIUM;9977;11;9974;11;;;9983;6;9985;26;;;9980.0;0.0
yf_ADM_d9;23000;INTARIAN_PEPPER_ROOT;10501;27;10499;27;;;10507;15;10509;10;;;10504.0;0.0
yf_ADM_d9;23100;ASH_COATED_OSMIUM;9977;21;9973;18;;;9983;11;9985;29;;;9980.0;0.0
yf_ADM_d9;23100;INTARIAN_PEPPER_ROOT;10503;9;10500;10;;;10509;10;10513;18;;;10506.0;0.0
yf_ADM_d9;23200;ASH_COATED_OSMIUM;9976;16;9974;24;;;9986;13;9990;8;;;9981.0;0.0
yf_ADM_d9;23200;INTARIAN_PEPPER_ROOT;10497;14;10495;16;;;10520;15;10523;23;;;10508.5;0.0
yf_ADM_d9;23300;ASH_COATED_OSMIUM;9978;10;9975;18;;;9984;15;9986;25;;;9981.0;0.0
yf_ADM_d9;23300;INTARIAN_PEPPER_ROOT;10492;17;10490;25;;;10530;18;10533;22;;;10511.0;0.0
yf_ADM_d9;23400;ASH_COATED_OSMIUM;9977;8;9975;22;;;9983;22;9985;24;;;9980.0;0.0
yf_ADM_d9;23400;INTARIAN_PEPPER_ROOT;10506;18;10502;20;;;10519;19;10523;15;;;10512.5;0.0
yf_ADM_d9;23500;ASH_COATED_OSMIUM;9978;22;9975;20;;;9984;15;9987;20;;;9981.0;0.0
yf_ADM_d9;23500;INTARIAN_PEPPER_ROOT;10506;11;10502;20;;;10524;15;10526;12;;;10515.0;0.0
yf_ADM_d9;23600;ASH_COATED_OSMIUM;9974;16;9970;10;;;9988;12;9991;20;;;9981.0;0.0
yf_ADM_d9;23600;INTARIAN_PEPPER_ROOT;10514;11;10511;25;;;10520;17;10523;21;;;10517.0;0.0
yf_ADM_d9;23700;ASH_COATED_OSMIUM;9963;16;9960;18;;;9998;17;10001;25;;;9980.5;0.0
yf_ADM_d9;23700;INTARIAN_PEPPER_ROOT;10516;13;10514;17;;;10522;11;10525;19;;;10519.0;0.0
yf_ADM_d9;23800;ASH_COATED_OSMIUM;9974;21;9971;16;;;9987;17;9989;18;;;9980.5;0.0
yf_ADM_d9;23800;INTARIAN_PEPPER_ROOT;10518;11;10516;17;;;10524;17;10527;21;;;10521.0;0.0
yf_ADM_d9;23900;ASH_COATED_OSMIUM;9975;15;9972;13;;;9987;19;9991;9;;;9981.0;0.0
yf_ADM_d9;23900;INTARIAN_PEPPER_ROOT;10520;9;10517;25;;;10526;15;10528;17;;;10523.0;0.0
yf_ADM_d9;24000;ASH_COATED_OSMIUM;9977;11;9975;24;;;9983;16;9986;17;;;9980.0;0.0
yf_ADM_d9;24000;INTARIAN_PEPPER_ROOT;10522;11;10520;16;;;10528;18;10532;20;;;10525.0;0.0
yf_ADM_d9;24100;ASH_COATED_OSMIUM;9977;22;9973;20;;;9983;19;9987;22;;;9980.0;0.0
yf_ADM_d9;24100;INTARIAN_PEPPER_ROOT;10524;10;10521;18;;;10532;18;10534;30;;;10528.0;0.0
yf_ADM_d9;24200;ASH_COATED_OSMIUM;9978;9;9976;16;;;9984;24;9986;22;;;9981.0;0.0
yf_ADM_d9;24200;INTARIAN_PEPPER_ROOT;10526;7;10523;19;;;10532;14;10535;19;;;10529.0;0.0
yf_ADM_d9;24300;ASH_COATED_OSMIUM;9978;13;9976;23;;;9984;8;9988;18;;;9981.0;0.0
yf_ADM_d9;24300;INTARIAN_PEPPER_ROOT;10522;23;10519;17;;;10542;17;10546;22;;;10532.0;0.0
yf_ADM_d9;24400;ASH_COATED_OSMIUM;9978;14;9976;8;;;9984;12;9987;26;;;9981.0;0.0
yf_ADM_d9;24400;INTARIAN_PEPPER_ROOT;10530;8;10528;26;;;10537;27;10539;25;;;10533.5;0.0
yf_ADM_d9;24500;ASH_COATED_OSMIUM;9976;14;9974;21;;;9985;20;9988;20;;;9980.5;0.0
yf_ADM_d9;24500;INTARIAN_PEPPER_ROOT;10522;20;10520;16;;;10548;14;10550;21;;;10535.0;0.0
yf_ADM_d9;24600;ASH_COATED_OSMIUM;9978;7;9974;12;;;9984;5;9986;19;;;9981.0;0.0
yf_ADM_d9;24600;INTARIAN_PEPPER_ROOT;10534;18;10530;19;;;10540;12;10542;16;;;10537.0;0.0
yf_ADM_d9;24700;ASH_COATED_OSMIUM;9978;22;9974;20;;;9984;11;9987;19;;;9981.0;0.0
yf_ADM_d9;24700;INTARIAN_PEPPER_ROOT;10537;16;10534;19;;;10543;21;10547;22;;;10540.0;0.0
yf_ADM_d9;24800;ASH_COATED_OSMIUM;9978;20;9975;16;;;9984;12;9988;23;;;9981.0;0.0
yf_ADM_d9;24800;INTARIAN_PEPPER_ROOT;10538;14;10534;10;;;10545;13;10547;26;;;10541.5;0.0
yf_ADM_d9;24900;ASH_COATED_OSMIUM;9978;15;9975;20;;;9984;12;9986;15;;;9981.0;0.0
yf_ADM_d9;24900;INTARIAN_PEPPER_ROOT;10541;14;10537;30;;;10547;13;10550;26;;;10544.0;0.0
yf_ADM_d9;25000;ASH_COATED_OSMIUM;9978;21;9976;19;;;9984;12;9988;24;;;9981.0;0.0
yf_ADM_d9;25000;INTARIAN_PEPPER_ROOT;10543;9;10541;28;;;10549;7;10552;15;;;10546.0;0.0
yf_ADM_d9;25100;ASH_COATED_OSMIUM;9975;11;9971;15;;;9987;18;9991;17;;;9981.0;0.0
yf_ADM_d9;25100;INTARIAN_PEPPER_ROOT;10544;14;10540;25;;;10550;17;10554;20;;;10547.0;0.0
yf_ADM_d9;25200;ASH_COATED_OSMIUM;9978;19;9975;8;;;9984;19;9987;15;;;9981.0;0.0
yf_ADM_d9;25200;INTARIAN_PEPPER_ROOT;10546;18;10542;27;;;10552;11;10555;27;;;10549.0;0.0
yf_ADM_d9;25300;ASH_COATED_OSMIUM;9979;11;9976;20;;;9985;11;9987;18;;;9982.0;0.0
yf_ADM_d9;25300;INTARIAN_PEPPER_ROOT;10549;25;10545;19;;;10556;15;10559;24;;;10552.5;0.0
yf_ADM_d9;25400;ASH_COATED_OSMIUM;9977;20;9975;21;;;9986;13;9988;17;;;9981.5;0.0
yf_ADM_d9;25400;INTARIAN_PEPPER_ROOT;10545;10;10542;19;;;10562;23;10566;17;;;10553.5;0.0
yf_ADM_d9;25500;ASH_COATED_OSMIUM;9967;12;9964;15;;;9994;10;9998;24;;;9980.5;0.0
yf_ADM_d9;25500;INTARIAN_PEPPER_ROOT;10552;17;10550;14;;;10559;17;10561;23;;;10555.5;0.0
yf_ADM_d9;25600;ASH_COATED_OSMIUM;9978;22;9976;29;;;9984;17;9988;16;;;9981.0;0.0
yf_ADM_d9;25600;INTARIAN_PEPPER_ROOT;10555;20;10552;24;;;10561;8;10563;10;;;10558.0;0.0
yf_ADM_d9;25700;ASH_COATED_OSMIUM;9972;17;9970;12;;;9989;18;9993;16;;;9980.5;0.0
yf_ADM_d9;25700;INTARIAN_PEPPER_ROOT;10557;16;10555;21;;;10563;6;10567;17;;;10560.0;0.0
yf_ADM_d9;25800;ASH_COATED_OSMIUM;9969;17;9967;24;;;9993;15;9996;29;;;9981.0;0.0
yf_ADM_d9;25800;INTARIAN_PEPPER_ROOT;10559;5;10557;15;;;10565;8;10569;13;;;10562.0;0.0
yf_ADM_d9;25900;ASH_COATED_OSMIUM;9978;7;9975;24;;;9984;16;9987;14;;;9981.0;0.0
yf_ADM_d9;25900;INTARIAN_PEPPER_ROOT;10561;9;10559;14;;;10567;15;10569;17;;;10564.0;0.0
yf_ADM_d9;26000;ASH_COATED_OSMIUM;9978;9;9974;13;;;9984;12;9986;17;;;9981.0;0.0
yf_ADM_d9;26000;INTARIAN_PEPPER_ROOT;10563;11;10561;27;;;10569;15;10573;31;;;10566.0;0.0
yf_ADM_d9;26100;ASH_COATED_OSMIUM;9975;9;9971;22;;;9988;22;9992;20;;;9981.5;0.0
yf_ADM_d9;26100;INTARIAN_PEPPER_ROOT;10563;12;10560;25;;;10575;9;10579;17;;;10569.0;0.0
yf_ADM_d9;26200;ASH_COATED_OSMIUM;9979;13;9977;23;;;9985;8;9989;15;;;9982.0;0.0
yf_ADM_d9;26200;INTARIAN_PEPPER_ROOT;10567;18;10564;24;;;10573;9;10576;27;;;10570.0;0.0
yf_ADM_d9;26300;ASH_COATED_OSMIUM;9979;9;9975;23;;;9985;18;9988;26;;;9982.0;0.0
yf_ADM_d9;26300;INTARIAN_PEPPER_ROOT;10570;13;10566;16;;;10576;25;10578;19;;;10573.0;0.0
yf_ADM_d9;26400;ASH_COATED_OSMIUM;9967;13;9963;19;;;9996;20;9999;22;;;9981.5;0.0
yf_ADM_d9;26400;INTARIAN_PEPPER_ROOT;10567;18;10564;13;;;10582;8;10585;9;;;10574.5;0.0
yf_ADM_d9;26500;ASH_COATED_OSMIUM;9977;11;9974;16;;;9987;12;9990;28;;;9982.0;0.0
yf_ADM_d9;26500;INTARIAN_PEPPER_ROOT;10572;12;10568;9;;;10581;8;10585;20;;;10576.5;0.0
yf_ADM_d9;26600;ASH_COATED_OSMIUM;9978;13;9974;20;;;9984;16;9987;21;;;9981.0;0.0
yf_ADM_d9;26600;INTARIAN_PEPPER_ROOT;10555;12;10551;21;;;10601;12;10604;33;;;10578.0;0.0
yf_ADM_d9;26700;ASH_COATED_OSMIUM;9969;15;9967;15;;;9993;21;9997;17;;;9981.0;0.0
yf_ADM_d9;26700;INTARIAN_PEPPER_ROOT;10574;17;10570;17;;;10587;9;10590;16;;;10580.5;0.0
yf_ADM_d9;26800;ASH_COATED_OSMIUM;9974;24;9972;30;;;9988;8;9992;22;;;9981.0;0.0
yf_ADM_d9;26800;INTARIAN_PEPPER_ROOT;10579;9;10575;21;;;10585;16;10587;17;;;10582.0;0.0
yf_ADM_d9;26900;ASH_COATED_OSMIUM;9976;22;9974;17;;;9987;17;9989;19;;;9981.5;0.0
yf_ADM_d9;26900;INTARIAN_PEPPER_ROOT;10579;18;10575;26;;;10590;12;10592;19;;;10584.5;0.0
yf_ADM_d9;27000;ASH_COATED_OSMIUM;9978;11;9975;13;;;9984;17;9987;19;;;9981.0;0.0
yf_ADM_d9;27000;INTARIAN_PEPPER_ROOT;10583;24;10579;19;;;10589;15;10592;13;;;10586.0;0.0
yf_ADM_d9;27100;ASH_COATED_OSMIUM;9976;11;9973;19;;;9985;10;9988;21;;;9980.5;0.0
yf_ADM_d9;27100;INTARIAN_PEPPER_ROOT;10586;9;10583;17;;;10592;15;10595;26;;;10589.0;0.0
yf_ADM_d9;27200;ASH_COATED_OSMIUM;9977;12;9975;25;;;9986;8;9990;24;;;9981.5;0.0
yf_ADM_d9;27200;INTARIAN_PEPPER_ROOT;10585;5;10581;14;;;10597;5;10601;20;;;10591.0;0.0
yf_ADM_d9;27300;ASH_COATED_OSMIUM;9979;24;9976;16;;;9985;21;9989;20;;;9982.0;0.0
yf_ADM_d9;27300;INTARIAN_PEPPER_ROOT;10590;11;10588;25;;;10596;13;10600;24;;;10593.0;0.0
yf_ADM_d9;27400;ASH_COATED_OSMIUM;9978;25;9974;19;;;9984;11;9987;19;;;9981.0;0.0
yf_ADM_d9;27400;INTARIAN_PEPPER_ROOT;10586;9;10582;23;;;10603;17;10606;24;;;10594.5;0.0
yf_ADM_d9;27500;ASH_COATED_OSMIUM;9969;6;9967;15;;;9995;20;9997;19;;;9982.0;0.0
yf_ADM_d9;27500;INTARIAN_PEPPER_ROOT;10584;5;10581;20;;;10610;16;10612;19;;;10597.0;0.0
yf_ADM_d9;27600;ASH_COATED_OSMIUM;9959;15;9957;21;;;10004;16;10006;29;;;9981.5;0.0
yf_ADM_d9;27600;INTARIAN_PEPPER_ROOT;10594;15;10590;19;;;10604;18;10606;23;;;10599.0;0.0
yf_ADM_d9;27700;ASH_COATED_OSMIUM;9962;19;9958;23;;;10001;10;10004;14;;;9981.5;0.0
yf_ADM_d9;27700;INTARIAN_PEPPER_ROOT;10598;15;10594;17;;;10604;22;10606;24;;;10601.0;0.0
yf_ADM_d9;27800;ASH_COATED_OSMIUM;9977;14;9974;11;;;9987;11;9989;20;;;9982.0;0.0
yf_ADM_d9;27800;INTARIAN_PEPPER_ROOT;10599;5;10597;20;;;10605;13;10607;26;;;10602.0;0.0
yf_ADM_d9;27900;ASH_COATED_OSMIUM;9978;9;9974;23;;;9985;10;9987;18;;;9981.5;0.0
yf_ADM_d9;27900;INTARIAN_PEPPER_ROOT;10600;20;10597;20;;;10609;13;10613;21;;;10604.5;0.0
yf_ADM_d9;28000;ASH_COATED_OSMIUM;9978;14;9975;25;;;9984;16;9986;22;;;9981.0;0.0
yf_ADM_d9;28000;INTARIAN_PEPPER_ROOT;10604;19;10600;13;;;10610;17;10613;24;;;10607.0;0.0
yf_ADM_d9;28100;ASH_COATED_OSMIUM;9978;19;9976;9;;;9985;10;9989;23;;;9981.5;0.0
yf_ADM_d9;28100;INTARIAN_PEPPER_ROOT;10606;21;10603;20;;;10612;10;10614;20;;;10609.0;0.0
yf_ADM_d9;28200;ASH_COATED_OSMIUM;9975;14;9972;20;;;9989;12;9991;23;;;9982.0;0.0
yf_ADM_d9;28200;INTARIAN_PEPPER_ROOT;10608;5;10606;21;;;10614;11;10617;8;;;10611.0;0.0
yf_ADM_d9;28300;ASH_COATED_OSMIUM;9978;12;9975;20;;;9984;16;9986;20;;;9981.0;0.0
yf_ADM_d9;28300;INTARIAN_PEPPER_ROOT;10610;11;10608;10;;;10616;15;10620;26;;;10613.0;0.0
yf_ADM_d9;28400;ASH_COATED_OSMIUM;9978;21;9974;23;;;9984;20;9988;14;;;9981.0;0.0
yf_ADM_d9;28400;INTARIAN_PEPPER_ROOT;10612;17;10608;27;;;10618;13;10622;27;;;10615.0;0.0
yf_ADM_d9;28500;ASH_COATED_OSMIUM;9978;17;9975;13;;;9986;18;9990;18;;;9982.0;0.0
yf_ADM_d9;28500;INTARIAN_PEPPER_ROOT;10614;27;10610;19;;;10620;18;10624;11;;;10617.0;0.0
yf_ADM_d9;28600;ASH_COATED_OSMIUM;9978;15;9976;22;;;9984;20;9986;17;;;9981.0;0.0
yf_ADM_d9;28600;INTARIAN_PEPPER_ROOT;10616;12;10612;14;;;10622;19;10625;17;;;10619.0;0.0
yf_ADM_d9;28700;ASH_COATED_OSMIUM;9976;19;9974;19;;;9987;7;9989;20;;;9981.5;0.0
yf_ADM_d9;28700;INTARIAN_PEPPER_ROOT;10616;9;10612;18;;;10626;11;10629;12;;;10621.0;0.0
yf_ADM_d9;28800;ASH_COATED_OSMIUM;9979;13;9977;18;;;9985;9;9987;17;;;9982.0;0.0
yf_ADM_d9;28800;INTARIAN_PEPPER_ROOT;10616;12;10613;19;;;10632;20;10635;16;;;10624.0;0.0
yf_ADM_d9;28900;ASH_COATED_OSMIUM;9980;10;9978;20;;;9986;16;9990;15;;;9983.0;0.0
yf_ADM_d9;28900;INTARIAN_PEPPER_ROOT;10623;14;10619;26;;;10629;16;10633;19;;;10626.0;0.0
yf_ADM_d9;29000;ASH_COATED_OSMIUM;9979;9;9975;15;;;9985;14;9987;25;;;9982.0;0.0
yf_ADM_d9;29000;INTARIAN_PEPPER_ROOT;10624;13;10621;18;;;10633;11;10636;24;;;10628.5;0.0
yf_ADM_d9;29100;ASH_COATED_OSMIUM;9979;10;9975;21;;;9985;13;9987;20;;;9982.0;0.0
yf_ADM_d9;29100;INTARIAN_PEPPER_ROOT;10627;15;10623;21;;;10633;12;10635;17;;;10630.0;0.0
yf_ADM_d9;29200;ASH_COATED_OSMIUM;9979;14;9976;22;;;9985;8;9988;27;;;9982.0;0.0
yf_ADM_d9;29200;INTARIAN_PEPPER_ROOT;10622;11;10619;21;;;10641;19;10643;26;;;10631.5;0.0
yf_ADM_d9;29300;ASH_COATED_OSMIUM;9978;15;9974;22;;;9984;19;9988;18;;;9981.0;0.0
yf_ADM_d9;29300;INTARIAN_PEPPER_ROOT;10627;15;10623;17;;;10639;15;10642;20;;;10633.0;0.0
yf_ADM_d9;29400;ASH_COATED_OSMIUM;9979;14;9975;20;;;9985;5;9988;15;;;9982.0;0.0
yf_ADM_d9;29400;INTARIAN_PEPPER_ROOT;10629;15;10626;24;;;10643;9;10647;14;;;10636.0;0.0
yf_ADM_d9;29500;ASH_COATED_OSMIUM;9975;19;9973;13;;;9987;16;9990;22;;;9981.0;0.0
yf_ADM_d9;29500;INTARIAN_PEPPER_ROOT;10630;9;10626;14;;;10645;30;10648;16;;;10637.5;0.0
yf_ADM_d9;29600;ASH_COATED_OSMIUM;9979;21;9976;16;;;9985;16;9988;23;;;9982.0;0.0
yf_ADM_d9;29600;INTARIAN_PEPPER_ROOT;10636;18;10634;30;;;10644;6;10648;22;;;10640.0;0.0
yf_ADM_d9;29700;ASH_COATED_OSMIUM;9978;16;9974;19;;;9984;9;9986;16;;;9981.0;0.0
yf_ADM_d9;29700;INTARIAN_PEPPER_ROOT;10639;8;10635;18;;;10645;20;10647;22;;;10642.0;0.0
yf_ADM_d9;29800;ASH_COATED_OSMIUM;9974;9;9972;13;;;9991;16;9994;21;;;9982.5;0.0
yf_ADM_d9;29800;INTARIAN_PEPPER_ROOT;10639;13;10637;18;;;10647;11;10651;20;;;10643.0;0.0
yf_ADM_d9;29900;ASH_COATED_OSMIUM;9976;15;9972;11;;;9988;10;9991;19;;;9982.0;0.0
yf_ADM_d9;29900;INTARIAN_PEPPER_ROOT;10641;18;10639;15;;;10650;14;10652;8;;;10645.5;0.0
yf_ADM_d9;30000;ASH_COATED_OSMIUM;9979;17;9975;16;;;9985;19;9987;24;;;9982.0;0.0
yf_ADM_d9;30000;INTARIAN_PEPPER_ROOT;10644;28;10641;21;;;10650;25;10653;15;;;10647.0;0.0
yf_ADM_d9;30100;ASH_COATED_OSMIUM;9978;21;9976;25;;;9986;16;9988;20;;;9982.0;0.0
yf_ADM_d9;30100;INTARIAN_PEPPER_ROOT;10647;8;10645;21;;;10653;12;10657;21;;;10650.0;0.0
yf_ADM_d9;30200;ASH_COATED_OSMIUM;9979;14;9975;17;;;9985;20;9987;24;;;9982.0;0.0
yf_ADM_d9;30200;INTARIAN_PEPPER_ROOT;10649;16;10647;17;;;10655;8;10657;26;;;10652.0;0.0
yf_ADM_d9;30300;ASH_COATED_OSMIUM;9976;17;9974;25;;;9989;14;9993;17;;;9982.5;0.0
yf_ADM_d9;30300;INTARIAN_PEPPER_ROOT;10651;24;10649;20;;;10658;15;10662;17;;;10654.5;0.0
yf_ADM_d9;30400;ASH_COATED_OSMIUM;9973;11;9969;23;;;9989;10;9991;22;;;9981.0;0.0
yf_ADM_d9;30400;INTARIAN_PEPPER_ROOT;10650;15;10646;25;;;10662;11;10666;20;;;10656.0;0.0
yf_ADM_d9;30500;ASH_COATED_OSMIUM;9978;13;9976;23;;;9984;13;9987;25;;;9981.0;0.0
yf_ADM_d9;30500;INTARIAN_PEPPER_ROOT;10654;17;10650;19;;;10663;12;10667;24;;;10658.5;0.0
yf_ADM_d9;30600;ASH_COATED_OSMIUM;9979;17;9975;24;;;9985;13;9988;24;;;9982.0;0.0
yf_ADM_d9;30600;INTARIAN_PEPPER_ROOT;10657;15;10654;19;;;10663;10;10667;19;;;10660.0;0.0
yf_ADM_d9;30700;ASH_COATED_OSMIUM;9973;28;9969;18;;;9990;12;9992;19;;;9981.5;0.0
yf_ADM_d9;30700;INTARIAN_PEPPER_ROOT;10657;15;10654;27;;;10667;9;10669;23;;;10662.0;0.0
yf_ADM_d9;30800;ASH_COATED_OSMIUM;9977;22;9975;18;;;9986;13;9988;26;;;9981.5;0.0
yf_ADM_d9;30800;INTARIAN_PEPPER_ROOT;10655;15;10651;25;;;10674;20;10676;17;;;10664.5;0.0
yf_ADM_d9;30900;ASH_COATED_OSMIUM;9975;23;9972;16;;;9988;16;9991;20;;;9981.5;0.0
yf_ADM_d9;30900;INTARIAN_PEPPER_ROOT;10663;15;10659;34;;;10669;11;10673;17;;;10666.0;0.0
yf_ADM_d9;31000;ASH_COATED_OSMIUM;9974;19;9972;16;;;9991;12;9995;14;;;9982.5;0.0
yf_ADM_d9;31000;INTARIAN_PEPPER_ROOT;10665;14;10662;23;;;10671;19;10674;15;;;10668.0;0.0
yf_ADM_d9;31100;ASH_COATED_OSMIUM;9977;16;9973;26;;;9986;15;9989;17;;;9981.5;0.0
yf_ADM_d9;31100;INTARIAN_PEPPER_ROOT;10662;17;10660;17;;;10678;13;10682;23;;;10670.0;0.0
yf_ADM_d9;31200;ASH_COATED_OSMIUM;9980;15;9976;21;;;9986;17;9988;25;;;9983.0;0.0
yf_ADM_d9;31200;INTARIAN_PEPPER_ROOT;10669;26;10667;20;;;10675;11;10679;26;;;10672.0;0.0
yf_ADM_d9;31300;ASH_COATED_OSMIUM;9979;21;9975;25;;;9985;14;9987;29;;;9982.0;0.0
yf_ADM_d9;31300;INTARIAN_PEPPER_ROOT;10671;19;10669;18;;;10677;16;10679;28;;;10674.0;0.0
yf_ADM_d9;31400;ASH_COATED_OSMIUM;9974;18;9971;16;;;9991;5;9994;24;;;9982.5;0.0
yf_ADM_d9;31400;INTARIAN_PEPPER_ROOT;10669;17;10666;15;;;10684;22;10687;26;;;10676.5;0.0
yf_ADM_d9;31500;ASH_COATED_OSMIUM;9978;18;9974;22;;;9985;25;9987;15;;;9981.5;0.0
yf_ADM_d9;31500;INTARIAN_PEPPER_ROOT;10676;9;10674;21;;;10682;21;10686;22;;;10679.0;0.0
yf_ADM_d9;31600;ASH_COATED_OSMIUM;9978;8;9976;19;;;9986;18;9988;18;;;9982.0;0.0
yf_ADM_d9;31600;INTARIAN_PEPPER_ROOT;10675;15;10672;13;;;10688;13;10691;16;;;10681.5;0.0
yf_ADM_d9;31700;ASH_COATED_OSMIUM;9969;15;9967;19;;;9995;7;9997;15;;;9982.0;0.0
yf_ADM_d9;31700;INTARIAN_PEPPER_ROOT;10680;19;10677;19;;;10686;21;10690;15;;;10683.0;0.0
yf_ADM_d9;31800;ASH_COATED_OSMIUM;9971;18;9968;17;;;9993;11;9995;12;;;9982.0;0.0
yf_ADM_d9;31800;INTARIAN_PEPPER_ROOT;10682;19;10680;27;;;10688;10;10690;24;;;10685.0;0.0
yf_ADM_d9;31900;ASH_COATED_OSMIUM;9974;14;9970;21;;;9990;15;9994;9;;;9982.0;0.0
yf_ADM_d9;31900;INTARIAN_PEPPER_ROOT;10683;14;10680;28;;;10689;9;10693;22;;;10686.0;0.0
yf_ADM_d9;32000;ASH_COATED_OSMIUM;9975;19;9971;22;;;9990;23;9994;11;;;9982.5;0.0
yf_ADM_d9;32000;INTARIAN_PEPPER_ROOT;10678;16;10675;12;;;10699;10;10703;23;;;10688.5;0.0
yf_ADM_d9;32100;ASH_COATED_OSMIUM;9978;19;9976;19;;;9986;10;9989;14;;;9982.0;0.0
yf_ADM_d9;32100;INTARIAN_PEPPER_ROOT;10688;16;10685;17;;;10694;20;10697;22;;;10691.0;0.0
yf_ADM_d9;32200;ASH_COATED_OSMIUM;9979;11;9976;19;;;9985;6;9988;28;;;9982.0;0.0
yf_ADM_d9;32200;INTARIAN_PEPPER_ROOT;10689;21;10685;27;;;10698;9;10701;35;;;10693.5;0.0
yf_ADM_d9;32300;ASH_COATED_OSMIUM;9978;20;9974;21;;;9985;14;9988;22;;;9981.5;0.0
yf_ADM_d9;32300;INTARIAN_PEPPER_ROOT;10692;13;10688;13;;;10699;17;10703;19;;;10695.5;0.0
yf_ADM_d9;32400;ASH_COATED_OSMIUM;9979;16;9975;25;;;9985;18;9989;24;;;9982.0;0.0
yf_ADM_d9;32400;INTARIAN_PEPPER_ROOT;10694;8;10692;11;;;10700;14;10702;25;;;10697.0;0.0
yf_ADM_d9;32500;ASH_COATED_OSMIUM;9971;14;9968;21;;;9992;5;9995;16;;;9981.5;0.0
yf_ADM_d9;32500;INTARIAN_PEPPER_ROOT;10695;15;10693;21;;;10703;17;10707;20;;;10699.0;0.0
yf_ADM_d9;32600;ASH_COATED_OSMIUM;9978;20;9974;21;;;9986;16;9990;19;;;9982.0;0.0
yf_ADM_d9;32600;INTARIAN_PEPPER_ROOT;10698;11;10696;26;;;10704;16;10706;14;;;10701.0;0.0
yf_ADM_d9;32700;ASH_COATED_OSMIUM;9979;12;9977;23;;;9985;14;9989;22;;;9982.0;0.0
yf_ADM_d9;32700;INTARIAN_PEPPER_ROOT;10700;18;10696;18;;;10706;20;10710;24;;;10703.0;0.0
yf_ADM_d9;32800;ASH_COATED_OSMIUM;9979;9;9976;18;;;9985;17;9988;16;;;9982.0;0.0
yf_ADM_d9;32800;INTARIAN_PEPPER_ROOT;10693;14;10689;16;;;10716;27;10720;24;;;10704.5;0.0
yf_ADM_d9;32900;ASH_COATED_OSMIUM;9980;17;9976;15;;;9986;15;9988;22;;;9983.0;0.0
yf_ADM_d9;32900;INTARIAN_PEPPER_ROOT;10703;19;10699;21;;;10711;11;10713;18;;;10707.0;0.0
yf_ADM_d9;33000;ASH_COATED_OSMIUM;9979;9;9976;20;;;9986;10;9990;16;;;9982.5;0.0
yf_ADM_d9;33000;INTARIAN_PEPPER_ROOT;10701;9;10697;25;;;10718;17;10720;28;;;10709.5;0.0
yf_ADM_d9;33100;ASH_COATED_OSMIUM;9974;21;9972;24;;;9992;18;9996;14;;;9983.0;0.0
yf_ADM_d9;33100;INTARIAN_PEPPER_ROOT;10708;23;10706;23;;;10714;17;10718;16;;;10711.0;0.0
yf_ADM_d9;33200;ASH_COATED_OSMIUM;9979;18;9977;22;;;9985;13;9987;17;;;9982.0;0.0
yf_ADM_d9;33200;INTARIAN_PEPPER_ROOT;10711;7;10707;24;;;10717;25;10721;20;;;10714.0;0.0
yf_ADM_d9;33300;ASH_COATED_OSMIUM;9979;14;9975;26;;;9985;23;9988;23;;;9982.0;0.0
yf_ADM_d9;33300;INTARIAN_PEPPER_ROOT;10703;10;10699;21;;;10729;5;10731;20;;;10716.0;0.0
yf_ADM_d9;33400;ASH_COATED_OSMIUM;9970;9;9966;20;;;9995;18;9998;11;;;9982.5;0.0
yf_ADM_d9;33400;INTARIAN_PEPPER_ROOT;10714;13;10712;31;;;10721;20;10723;25;;;10717.5;0.0
yf_ADM_d9;33500;ASH_COATED_OSMIUM;9968;10;9966;23;;;9996;21;10000;20;;;9982.0;0.0
yf_ADM_d9;33500;INTARIAN_PEPPER_ROOT;10716;17;10714;30;;;10723;17;10725;24;;;10719.5;0.0
yf_ADM_d9;33600;ASH_COATED_OSMIUM;9963;5;9959;28;;;10001;5;10003;17;;;9982.0;0.0
yf_ADM_d9;33600;INTARIAN_PEPPER_ROOT;10718;13;10715;21;;;10724;8;10727;25;;;10721.0;0.0
yf_ADM_d9;33700;ASH_COATED_OSMIUM;9979;22;9976;13;;;9987;10;9989;22;;;9983.0;0.0
yf_ADM_d9;33700;INTARIAN_PEPPER_ROOT;10720;9;10716;16;;;10728;11;10730;30;;;10724.0;0.0
yf_ADM_d9;33800;ASH_COATED_OSMIUM;9979;20;9976;32;;;9985;15;9987;23;;;9982.0;0.0
yf_ADM_d9;33800;INTARIAN_PEPPER_ROOT;10722;18;10718;16;;;10728;21;10731;22;;;10725.0;0.0
yf_ADM_d9;33900;ASH_COATED_OSMIUM;9972;14;9969;28;;;9994;19;9998;17;;;9983.0;0.0
yf_ADM_d9;33900;INTARIAN_PEPPER_ROOT;10725;17;10721;31;;;10731;20;10735;21;;;10728.0;0.0
yf_ADM_d9;34000;ASH_COATED_OSMIUM;9979;17;9975;18;;;9985;10;9988;21;;;9982.0;0.0
yf_ADM_d9;34000;INTARIAN_PEPPER_ROOT;10723;10;10720;24;;;10732;9;10736;17;;;10727.5;0.0
yf_ADM_d9;34100;ASH_COATED_OSMIUM;9979;11;9977;16;;;9985;21;9987;14;;;9982.0;0.0
yf_ADM_d9;34100;INTARIAN_PEPPER_ROOT;10725;21;10722;25;;;10731;7;10733;13;;;10728.0;0.0
yf_ADM_d9;34200;ASH_COATED_OSMIUM;9980;18;9977;17;;;9986;19;9988;12;;;9983.0;0.0
yf_ADM_d9;34200;INTARIAN_PEPPER_ROOT;10724;12;10721;17;;;10730;17;10733;15;;;10727.0;0.0
yf_ADM_d9;34300;ASH_COATED_OSMIUM;9980;19;9976;21;;;9986;16;9989;22;;;9983.0;0.0
yf_ADM_d9;34300;INTARIAN_PEPPER_ROOT;10724;15;10720;18;;;10730;14;10732;20;;;10727.0;0.0
yf_ADM_d9;34400;ASH_COATED_OSMIUM;9980;13;9976;8;;;9986;17;9989;27;;;9983.0;0.0
yf_ADM_d9;34400;INTARIAN_PEPPER_ROOT;10718;8;10714;26;;;10735;5;10739;13;;;10726.5;0.0
yf_ADM_d9;34500;ASH_COATED_OSMIUM;9979;23;9976;25;;;9985;7;9988;18;;;9982.0;0.0
yf_ADM_d9;34500;INTARIAN_PEPPER_ROOT;10714;15;10712;27;;;10739;9;10743;23;;;10726.5;0.0
yf_ADM_d9;34600;ASH_COATED_OSMIUM;9979;7;9977;24;;;9986;10;9990;13;;;9982.5;0.0
yf_ADM_d9;34600;INTARIAN_PEPPER_ROOT;10721;15;10718;17;;;10731;15;10734;19;;;10726.0;0.0
yf_ADM_d9;34700;ASH_COATED_OSMIUM;9978;13;9976;17;;;9987;12;9990;22;;;9982.5;0.0
yf_ADM_d9;34700;INTARIAN_PEPPER_ROOT;10723;16;10719;20;;;10729;14;10732;23;;;10726.0;0.0
yf_ADM_d9;34800;ASH_COATED_OSMIUM;9979;16;9975;20;;;9985;20;9989;16;;;9982.0;0.0
yf_ADM_d9;34800;INTARIAN_PEPPER_ROOT;10716;25;10713;20;;;10735;16;10738;10;;;10725.5;0.0
yf_ADM_d9;34900;ASH_COATED_OSMIUM;9979;19;9977;23;;;9985;11;9988;18;;;9982.0;0.0
yf_ADM_d9;34900;INTARIAN_PEPPER_ROOT;10723;12;10719;11;;;10729;23;10731;19;;;10726.0;0.0
yf_ADM_d9;35000;ASH_COATED_OSMIUM;9979;16;9976;19;;;9985;9;9987;24;;;9982.0;0.0
yf_ADM_d9;35000;INTARIAN_PEPPER_ROOT;10722;10;10719;23;;;10728;11;10730;15;;;10725.0;0.0
yf_ADM_d9;35100;ASH_COATED_OSMIUM;9979;12;9975;16;;;9987;11;9990;20;;;9983.0;0.0
yf_ADM_d9;35100;INTARIAN_PEPPER_ROOT;10722;23;10720;16;;;10728;17;10732;21;;;10725.0;0.0
yf_ADM_d9;35200;ASH_COATED_OSMIUM;9978;12;9975;24;;;9987;15;9990;8;;;9982.5;0.0
yf_ADM_d9;35200;INTARIAN_PEPPER_ROOT;10722;16;10719;16;;;10728;15;10730;18;;;10725.0;0.0
yf_ADM_d9;35300;ASH_COATED_OSMIUM;9979;26;9977;25;;;9985;8;9988;17;;;9982.0;0.0
yf_ADM_d9;35300;INTARIAN_PEPPER_ROOT;10722;14;10719;23;;;10728;14;10731;25;;;10725.0;0.0
yf_ADM_d9;35400;ASH_COATED_OSMIUM;9972;10;9968;15;;;9992;18;9996;18;;;9982.0;0.0
yf_ADM_d9;35400;INTARIAN_PEPPER_ROOT;10721;27;10717;22;;;10727;17;10730;28;;;10724.0;0.0
yf_ADM_d9;35500;ASH_COATED_OSMIUM;9979;10;9976;17;;;9985;24;9987;15;;;9982.0;0.0
yf_ADM_d9;35500;INTARIAN_PEPPER_ROOT;10716;10;10712;21;;;10733;16;10737;10;;;10724.5;0.0
yf_ADM_d9;35600;ASH_COATED_OSMIUM;9975;16;9971;15;;;9989;20;9993;19;;;9982.0;0.0
yf_ADM_d9;35600;INTARIAN_PEPPER_ROOT;10721;16;10717;24;;;10727;21;10730;21;;;10724.0;0.0
yf_ADM_d9;35700;ASH_COATED_OSMIUM;9979;8;9975;20;;;9985;13;9989;14;;;9982.0;0.0
yf_ADM_d9;35700;INTARIAN_PEPPER_ROOT;10721;24;10719;16;;;10727;25;10730;21;;;10724.0;0.0
yf_ADM_d9;35800;ASH_COATED_OSMIUM;9979;13;9975;24;;;9985;20;9989;8;;;9982.0;0.0
yf_ADM_d9;35800;INTARIAN_PEPPER_ROOT;10718;23;10714;12;;;10730;11;10733;19;;;10724.0;0.0
yf_ADM_d9;35900;ASH_COATED_OSMIUM;9979;17;9975;20;;;9985;9;9989;19;;;9982.0;0.0
yf_ADM_d9;35900;INTARIAN_PEPPER_ROOT;10720;20;10716;23;;;10726;18;10730;23;;;10723.0;0.0
yf_ADM_d9;36000;ASH_COATED_OSMIUM;9976;13;9974;15;;;9987;20;9990;27;;;9981.5;0.0
yf_ADM_d9;36000;INTARIAN_PEPPER_ROOT;10717;10;10715;20;;;10730;12;10734;23;;;10723.5;0.0
yf_ADM_d9;36100;ASH_COATED_OSMIUM;9979;25;9977;22;;;9985;27;9988;18;;;9982.0;0.0
yf_ADM_d9;36100;INTARIAN_PEPPER_ROOT;10712;12;10709;19;;;10736;19;10740;19;;;10724.0;0.0
yf_ADM_d9;36200;ASH_COATED_OSMIUM;9979;17;9977;20;;;9985;16;9989;22;;;9982.0;0.0
yf_ADM_d9;36200;INTARIAN_PEPPER_ROOT;10720;25;10717;15;;;10726;17;10730;18;;;10723.0;0.0
yf_ADM_d9;36300;ASH_COATED_OSMIUM;9979;23;9975;19;;;9985;8;9988;14;;;9982.0;0.0
yf_ADM_d9;36300;INTARIAN_PEPPER_ROOT;10719;16;10717;21;;;10726;12;10730;16;;;10722.5;0.0
yf_ADM_d9;36400;ASH_COATED_OSMIUM;9973;13;9970;27;;;9993;18;9996;23;;;9983.0;0.0
yf_ADM_d9;36400;INTARIAN_PEPPER_ROOT;10718;17;10715;24;;;10727;11;10731;22;;;10722.5;0.0
yf_ADM_d9;36500;ASH_COATED_OSMIUM;9979;17;9975;21;;;9985;14;9987;27;;;9982.0;0.0
yf_ADM_d9;36500;INTARIAN_PEPPER_ROOT;10720;11;10718;28;;;10726;17;10730;10;;;10723.0;0.0
yf_ADM_d9;36600;ASH_COATED_OSMIUM;9979;11;9976;24;;;9985;16;9988;17;;;9982.0;0.0
yf_ADM_d9;36600;INTARIAN_PEPPER_ROOT;10719;10;10715;18;;;10725;19;10727;13;;;10722.0;0.0
yf_ADM_d9;36700;ASH_COATED_OSMIUM;9976;18;9972;14;;;9989;20;9992;27;;;9982.5;0.0
yf_ADM_d9;36700;INTARIAN_PEPPER_ROOT;10718;5;10715;21;;;10726;12;10730;19;;;10722.0;0.0
yf_ADM_d9;36800;ASH_COATED_OSMIUM;9979;5;9975;8;;;9985;8;9988;26;;;9982.0;0.0
yf_ADM_d9;36800;INTARIAN_PEPPER_ROOT;10719;14;10717;21;;;10725;7;10728;24;;;10722.0;0.0
yf_ADM_d9;36900;ASH_COATED_OSMIUM;9978;11;9976;15;;;9986;11;9989;27;;;9982.0;0.0
yf_ADM_d9;36900;INTARIAN_PEPPER_ROOT;10719;23;10716;23;;;10725;5;10727;22;;;10722.0;0.0
yf_ADM_d9;37000;ASH_COATED_OSMIUM;9980;14;9978;22;;;9986;6;9990;29;;;9983.0;0.0
yf_ADM_d9;37000;INTARIAN_PEPPER_ROOT;10712;7;10708;27;;;10731;15;10735;21;;;10721.5;0.0
yf_ADM_d9;37100;ASH_COATED_OSMIUM;9970;26;9967;27;;;9994;13;9996;20;;;9982.0;0.0
yf_ADM_d9;37100;INTARIAN_PEPPER_ROOT;10717;17;10715;27;;;10724;10;10727;11;;;10720.5;0.0
yf_ADM_d9;37200;ASH_COATED_OSMIUM;9975;15;9972;14;;;9989;26;9991;29;;;9982.0;0.0
yf_ADM_d9;37200;INTARIAN_PEPPER_ROOT;10718;20;10716;17;;;10724;8;10727;13;;;10721.0;0.0
yf_ADM_d9;37300;ASH_COATED_OSMIUM;9979;17;9975;32;;;9985;10;9989;16;;;9982.0;0.0
yf_ADM_d9;37300;INTARIAN_PEPPER_ROOT;10718;18;10715;8;;;10724;10;10727;20;;;10721.0;0.0
yf_ADM_d9;37400;ASH_COATED_OSMIUM;9979;29;9977;15;;;9985;5;9988;21;;;9982.0;0.0
yf_ADM_d9;37400;INTARIAN_PEPPER_ROOT;10717;13;10713;17;;;10724;5;10728;17;;;10720.5;0.0
yf_ADM_d9;37500;ASH_COATED_OSMIUM;9978;24;9975;24;;;9986;9;9989;15;;;9982.0;0.0
yf_ADM_d9;37500;INTARIAN_PEPPER_ROOT;10718;18;10715;22;;;10724;12;10726;19;;;10721.0;0.0
yf_ADM_d9;37600;ASH_COATED_OSMIUM;9978;12;9974;19;;;9987;9;9990;18;;;9982.5;0.0
yf_ADM_d9;37600;INTARIAN_PEPPER_ROOT;10717;13;10713;27;;;10724;21;10728;22;;;10720.5;0.0
yf_ADM_d9;37700;ASH_COATED_OSMIUM;9979;13;9976;23;;;9985;16;9987;25;;;9982.0;0.0
yf_ADM_d9;37700;INTARIAN_PEPPER_ROOT;10717;9;10714;18;;;10723;10;10725;22;;;10720.0;0.0
yf_ADM_d9;37800;ASH_COATED_OSMIUM;9979;10;9976;23;;;9985;12;9989;26;;;9982.0;0.0
yf_ADM_d9;37800;INTARIAN_PEPPER_ROOT;10717;15;10714;24;;;10723;22;10726;19;;;10720.0;0.0
yf_ADM_d9;37900;ASH_COATED_OSMIUM;9979;17;9977;22;;;9985;20;9987;24;;;9982.0;0.0
yf_ADM_d9;37900;INTARIAN_PEPPER_ROOT;10715;17;10713;22;;;10724;21;10727;24;;;10719.5;0.0
yf_ADM_d9;38000;ASH_COATED_OSMIUM;9979;17;9976;17;;;9985;11;9987;21;;;9982.0;0.0
yf_ADM_d9;38000;INTARIAN_PEPPER_ROOT;10714;21;10712;17;;;10725;14;10727;21;;;10719.5;0.0
yf_ADM_d9;38100;ASH_COATED_OSMIUM;9979;20;9975;17;;;9986;11;9989;22;;;9982.5;0.0
yf_ADM_d9;38100;INTARIAN_PEPPER_ROOT;10707;18;10704;22;;;10732;15;10735;20;;;10719.5;0.0
yf_ADM_d9;38200;ASH_COATED_OSMIUM;9979;22;9975;21;;;9985;14;9989;15;;;9982.0;0.0
yf_ADM_d9;38200;INTARIAN_PEPPER_ROOT;10716;16;10713;19;;;10722;8;10726;16;;;10719.0;0.0
yf_ADM_d9;38300;ASH_COATED_OSMIUM;9979;14;9977;15;;;9985;16;9987;17;;;9982.0;0.0
yf_ADM_d9;38300;INTARIAN_PEPPER_ROOT;10710;11;10706;22;;;10728;7;10732;20;;;10719.0;0.0
yf_ADM_d9;38400;ASH_COATED_OSMIUM;9979;9;9975;29;;;9985;14;9989;11;;;9982.0;0.0
yf_ADM_d9;38400;INTARIAN_PEPPER_ROOT;10716;10;10712;11;;;10722;16;10724;24;;;10719.0;0.0
yf_ADM_d9;38500;ASH_COATED_OSMIUM;9979;13;9975;20;;;9985;10;9988;27;;;9982.0;0.0
yf_ADM_d9;38500;INTARIAN_PEPPER_ROOT;10714;14;10710;14;;;10722;12;10724;19;;;10718.0;0.0
yf_ADM_d9;38600;ASH_COATED_OSMIUM;9979;20;9976;20;;;9985;11;9987;15;;;9982.0;0.0
yf_ADM_d9;38600;INTARIAN_PEPPER_ROOT;10714;21;10711;12;;;10722;16;10725;20;;;10718.0;0.0
yf_ADM_d9;38700;ASH_COATED_OSMIUM;9979;15;9977;15;;;9985;25;9989;21;;;9982.0;0.0
yf_ADM_d9;38700;INTARIAN_PEPPER_ROOT;10715;18;10711;19;;;10721;18;10723;14;;;10718.0;0.0
yf_ADM_d9;38800;ASH_COATED_OSMIUM;9979;16;9977;20;;;9985;23;9988;23;;;9982.0;0.0
yf_ADM_d9;38800;INTARIAN_PEPPER_ROOT;10715;10;10712;23;;;10721;18;10723;12;;;10718.0;0.0
yf_ADM_d9;38900;ASH_COATED_OSMIUM;9979;19;9975;23;;;9985;13;9988;23;;;9982.0;0.0
yf_ADM_d9;38900;INTARIAN_PEPPER_ROOT;10713;21;10711;20;;;10722;17;10726;19;;;10717.5;0.0
yf_ADM_d9;39000;ASH_COATED_OSMIUM;9979;15;9977;18;;;9985;14;9989;21;;;9982.0;0.0
yf_ADM_d9;39000;INTARIAN_PEPPER_ROOT;10701;24;10698;13;;;10735;21;10739;20;;;10718.0;0.0
yf_ADM_d9;39100;ASH_COATED_OSMIUM;9979;13;9975;27;;;9985;9;9988;25;;;9982.0;0.0
yf_ADM_d9;39100;INTARIAN_PEPPER_ROOT;10715;15;10712;22;;;10721;11;10725;17;;;10718.0;0.0
yf_ADM_d9;39200;ASH_COATED_OSMIUM;9979;12;9977;29;;;9985;16;9989;27;;;9982.0;0.0
yf_ADM_d9;39200;INTARIAN_PEPPER_ROOT;10705;16;10701;23;;;10730;19;10733;25;;;10717.5;0.0
yf_ADM_d9;39300;ASH_COATED_OSMIUM;9975;19;9973;19;;;9988;19;9992;8;;;9981.5;0.0
yf_ADM_d9;39300;INTARIAN_PEPPER_ROOT;10707;17;10704;20;;;10726;8;10730;21;;;10716.5;0.0
yf_ADM_d9;39400;ASH_COATED_OSMIUM;9976;14;9973;29;;;9987;21;9990;26;;;9981.5;0.0
yf_ADM_d9;39400;INTARIAN_PEPPER_ROOT;10714;13;10710;16;;;10720;19;10723;19;;;10717.0;0.0
yf_ADM_d9;39500;ASH_COATED_OSMIUM;9978;10;9974;17;;;9984;10;9988;28;;;9981.0;0.0
yf_ADM_d9;39500;INTARIAN_PEPPER_ROOT;10713;15;10710;26;;;10719;15;10723;24;;;10716.0;0.0
yf_ADM_d9;39600;ASH_COATED_OSMIUM;9979;11;9976;20;;;9985;8;9987;28;;;9982.0;0.0
yf_ADM_d9;39600;INTARIAN_PEPPER_ROOT;10713;17;10711;9;;;10719;12;10722;21;;;10716.0;0.0
yf_ADM_d9;39700;ASH_COATED_OSMIUM;9979;6;9976;24;;;9985;15;9987;16;;;9982.0;0.0
yf_ADM_d9;39700;INTARIAN_PEPPER_ROOT;10713;13;10709;26;;;10719;9;10721;13;;;10716.0;0.0
yf_ADM_d9;39800;ASH_COATED_OSMIUM;9978;8;9976;25;;;9984;13;9987;20;;;9981.0;0.0
yf_ADM_d9;39800;INTARIAN_PEPPER_ROOT;10713;8;10709;8;;;10721;20;10723;22;;;10717.0;0.0
yf_ADM_d9;39900;ASH_COATED_OSMIUM;9977;5;9974;21;;;9986;15;9989;18;;;9981.5;0.0
yf_ADM_d9;39900;INTARIAN_PEPPER_ROOT;10713;12;10709;20;;;10719;17;10723;22;;;10716.0;0.0
yf_ADM_d9;40000;ASH_COATED_OSMIUM;9978;15;9974;13;;;9984;21;9987;15;;;9981.0;0.0
yf_ADM_d9;40000;INTARIAN_PEPPER_ROOT;10713;11;10711;16;;;10719;11;10721;15;;;10716.0;0.0
yf_ADM_d9;40100;ASH_COATED_OSMIUM;9979;11;9975;20;;;9985;15;9987;30;;;9982.0;0.0
yf_ADM_d9;40100;INTARIAN_PEPPER_ROOT;10712;16;10709;20;;;10718;5;10720;23;;;10715.0;0.0
yf_ADM_d9;40200;ASH_COATED_OSMIUM;9979;17;9977;23;;;9985;13;9988;19;;;9982.0;0.0
yf_ADM_d9;40200;INTARIAN_PEPPER_ROOT;10712;17;10708;17;;;10719;11;10723;13;;;10715.5;0.0
yf_ADM_d9;40300;ASH_COATED_OSMIUM;9978;16;9975;17;;;9985;19;9989;13;;;9981.5;0.0
yf_ADM_d9;40300;INTARIAN_PEPPER_ROOT;10712;24;10708;24;;;10718;11;10720;19;;;10715.0;0.0
yf_ADM_d9;40400;ASH_COATED_OSMIUM;9978;12;9975;25;;;9987;27;9989;12;;;9982.5;0.0
yf_ADM_d9;40400;INTARIAN_PEPPER_ROOT;10712;21;10709;15;;;10718;17;10722;18;;;10715.0;0.0
yf_ADM_d9;40500;ASH_COATED_OSMIUM;9978;15;9975;16;;;9985;25;9988;21;;;9981.5;0.0
yf_ADM_d9;40500;INTARIAN_PEPPER_ROOT;10712;13;10709;20;;;10718;18;10720;32;;;10715.0;0.0
yf_ADM_d9;40600;ASH_COATED_OSMIUM;9979;10;9977;24;;;9985;14;9988;18;;;9982.0;0.0
yf_ADM_d9;40600;INTARIAN_PEPPER_ROOT;10707;18;10704;19;;;10722;16;10726;22;;;10714.5;0.0
yf_ADM_d9;40700;ASH_COATED_OSMIUM;9979;13;9975;23;;;9985;13;9989;20;;;9982.0;0.0
yf_ADM_d9;40700;INTARIAN_PEPPER_ROOT;10711;8;10707;19;;;10717;12;10719;21;;;10714.0;0.0
yf_ADM_d9;40800;ASH_COATED_OSMIUM;9976;18;9972;21;;;9986;11;9989;14;;;9981.0;0.0
yf_ADM_d9;40800;INTARIAN_PEPPER_ROOT;10711;5;10708;22;;;10717;10;10720;21;;;10714.0;0.0
yf_ADM_d9;40900;ASH_COATED_OSMIUM;9977;13;9973;17;;;9986;7;9990;20;;;9981.5;0.0
yf_ADM_d9;40900;INTARIAN_PEPPER_ROOT;10711;16;10709;13;;;10718;5;10721;19;;;10714.5;0.0
yf_ADM_d9;41000;ASH_COATED_OSMIUM;9977;10;9975;15;;;9987;17;9991;20;;;9982.0;0.0
yf_ADM_d9;41000;INTARIAN_PEPPER_ROOT;10710;21;10708;21;;;10718;10;10721;24;;;10714.0;0.0
yf_ADM_d9;41100;ASH_COATED_OSMIUM;9979;16;9976;13;;;9985;20;9989;8;;;9982.0;0.0
yf_ADM_d9;41100;INTARIAN_PEPPER_ROOT;10711;18;10708;20;;;10717;13;10721;22;;;10714.0;0.0
yf_ADM_d9;41200;ASH_COATED_OSMIUM;9971;9;9968;17;;;9992;24;9995;18;;;9981.5;0.0
yf_ADM_d9;41200;INTARIAN_PEPPER_ROOT;10708;20;10704;25;;;10718;15;10722;18;;;10713.0;0.0
yf_ADM_d9;41300;ASH_COATED_OSMIUM;9975;13;9972;21;;;9989;18;9993;19;;;9982.0;0.0
yf_ADM_d9;41300;INTARIAN_PEPPER_ROOT;10710;10;10707;15;;;10717;14;10721;20;;;10713.5;0.0
yf_ADM_d9;41400;ASH_COATED_OSMIUM;9978;12;9975;20;;;9984;16;9986;22;;;9981.0;0.0
yf_ADM_d9;41400;INTARIAN_PEPPER_ROOT;10710;9;10708;28;;;10716;20;10718;20;;;10713.0;0.0
yf_ADM_d9;41500;ASH_COATED_OSMIUM;9979;9;9977;21;;;9985;7;9988;25;;;9982.0;0.0
yf_ADM_d9;41500;INTARIAN_PEPPER_ROOT;10707;11;10704;23;;;10718;20;10720;21;;;10712.5;0.0
yf_ADM_d9;41600;ASH_COATED_OSMIUM;9978;13;9976;24;;;9984;5;9988;18;;;9981.0;0.0
yf_ADM_d9;41600;INTARIAN_PEPPER_ROOT;10702;10;10698;17;;;10723;19;10726;21;;;10712.5;0.0
yf_ADM_d9;41700;ASH_COATED_OSMIUM;9975;13;9973;24;;;9986;9;9988;24;;;9980.5;0.0
yf_ADM_d9;41700;INTARIAN_PEPPER_ROOT;10708;17;10705;23;;;10716;16;10718;17;;;10712.0;0.0
yf_ADM_d9;41800;ASH_COATED_OSMIUM;9978;12;9976;29;;;9984;16;9986;24;;;9981.0;0.0
yf_ADM_d9;41800;INTARIAN_PEPPER_ROOT;10709;26;10707;17;;;10715;21;10719;22;;;10712.0;0.0
yf_ADM_d9;41900;ASH_COATED_OSMIUM;9966;5;9964;12;;;9996;18;9999;14;;;9981.0;0.0
yf_ADM_d9;41900;INTARIAN_PEPPER_ROOT;10709;20;10707;14;;;10715;11;10718;14;;;10712.0;0.0
yf_ADM_d9;42000;ASH_COATED_OSMIUM;9978;21;9974;21;;;9986;22;9988;14;;;9982.0;0.0
yf_ADM_d9;42000;INTARIAN_PEPPER_ROOT;10709;10;10705;18;;;10715;18;10719;15;;;10712.0;0.0
yf_ADM_d9;42100;ASH_COATED_OSMIUM;9978;10;9975;22;;;9984;19;9987;17;;;9981.0;0.0
yf_ADM_d9;42100;INTARIAN_PEPPER_ROOT;10709;23;10705;14;;;10715;26;10719;28;;;10712.0;0.0
yf_ADM_d9;42200;ASH_COATED_OSMIUM;9978;18;9975;13;;;9984;15;9986;27;;;9981.0;0.0
yf_ADM_d9;42200;INTARIAN_PEPPER_ROOT;10708;18;10704;13;;;10714;10;10718;14;;;10711.0;0.0
yf_ADM_d9;42300;ASH_COATED_OSMIUM;9971;15;9967;22;;;9992;7;9994;22;;;9981.5;0.0
yf_ADM_d9;42300;INTARIAN_PEPPER_ROOT;10708;5;10705;20;;;10714;13;10717;10;;;10711.0;0.0
yf_ADM_d9;42400;ASH_COATED_OSMIUM;9978;15;9976;11;;;9984;12;9988;18;;;9981.0;0.0
yf_ADM_d9;42400;INTARIAN_PEPPER_ROOT;10707;16;10703;8;;;10713;10;10716;16;;;10710.0;0.0
yf_ADM_d9;42500;ASH_COATED_OSMIUM;9973;14;9971;18;;;9990;7;9992;21;;;9981.5;0.0
yf_ADM_d9;42500;INTARIAN_PEPPER_ROOT;10708;13;10705;19;;;10714;19;10716;17;;;10711.0;0.0
yf_ADM_d9;42600;ASH_COATED_OSMIUM;9978;13;9974;18;;;9984;17;9988;17;;;9981.0;0.0
yf_ADM_d9;42600;INTARIAN_PEPPER_ROOT;10707;23;10704;17;;;10714;20;10716;25;;;10710.5;0.0
yf_ADM_d9;42700;ASH_COATED_OSMIUM;9978;5;9974;20;;;9984;20;9988;23;;;9981.0;0.0
yf_ADM_d9;42700;INTARIAN_PEPPER_ROOT;10705;14;10703;19;;;10715;18;10717;26;;;10710.0;0.0
yf_ADM_d9;42800;ASH_COATED_OSMIUM;9978;24;9974;27;;;9984;10;9987;21;;;9981.0;0.0
yf_ADM_d9;42800;INTARIAN_PEPPER_ROOT;10707;13;10705;17;;;10713;15;10717;20;;;10710.0;0.0
yf_ADM_d9;42900;ASH_COATED_OSMIUM;9978;8;9974;14;;;9984;13;9986;32;;;9981.0;0.0
yf_ADM_d9;42900;INTARIAN_PEPPER_ROOT;10706;18;10702;15;;;10714;10;10718;21;;;10710.0;0.0
yf_ADM_d9;43000;ASH_COATED_OSMIUM;9978;13;9976;25;;;9984;25;9988;19;;;9981.0;0.0
yf_ADM_d9;43000;INTARIAN_PEPPER_ROOT;10707;8;10705;19;;;10713;14;10717;17;;;10710.0;0.0
yf_ADM_d9;43100;ASH_COATED_OSMIUM;9975;25;9972;18;;;9986;10;9988;17;;;9980.5;0.0
yf_ADM_d9;43100;INTARIAN_PEPPER_ROOT;10707;12;10704;21;;;10713;19;10716;16;;;10710.0;0.0
yf_ADM_d9;43200;ASH_COATED_OSMIUM;9978;6;9974;20;;;9984;5;9988;16;;;9981.0;0.0
yf_ADM_d9;43200;INTARIAN_PEPPER_ROOT;10706;11;10704;23;;;10712;10;10714;17;;;10709.0;0.0
yf_ADM_d9;43300;ASH_COATED_OSMIUM;9973;15;9971;23;;;9988;14;9991;22;;;9980.5;0.0
yf_ADM_d9;43300;INTARIAN_PEPPER_ROOT;10705;8;10703;22;;;10715;12;10719;24;;;10710.0;0.0
yf_ADM_d9;43400;ASH_COATED_OSMIUM;9974;9;9972;11;;;9989;14;9993;18;;;9981.5;0.0
yf_ADM_d9;43400;INTARIAN_PEPPER_ROOT;10700;15;10696;23;;;10719;21;10722;13;;;10709.5;0.0
yf_ADM_d9;43500;ASH_COATED_OSMIUM;9978;13;9976;19;;;9984;5;9987;20;;;9981.0;0.0
yf_ADM_d9;43500;INTARIAN_PEPPER_ROOT;10706;8;10702;19;;;10712;15;10716;20;;;10709.0;0.0
yf_ADM_d9;43600;ASH_COATED_OSMIUM;9979;10;9975;25;;;9985;15;9989;24;;;9982.0;0.0
yf_ADM_d9;43600;INTARIAN_PEPPER_ROOT;10702;21;10699;8;;;10716;18;10718;17;;;10709.0;0.0
yf_ADM_d9;43700;ASH_COATED_OSMIUM;9970;13;9968;18;;;9991;17;9995;22;;;9980.5;0.0
yf_ADM_d9;43700;INTARIAN_PEPPER_ROOT;10705;9;10701;18;;;10713;10;10716;23;;;10709.0;0.0
yf_ADM_d9;43800;ASH_COATED_OSMIUM;9978;9;9975;17;;;9984;13;9988;29;;;9981.0;0.0
yf_ADM_d9;43800;INTARIAN_PEPPER_ROOT;10703;17;10701;22;;;10713;5;10715;15;;;10708.0;0.0
yf_ADM_d9;43900;ASH_COATED_OSMIUM;9969;6;9966;19;;;9994;15;9997;23;;;9981.5;0.0
yf_ADM_d9;43900;INTARIAN_PEPPER_ROOT;10705;13;10701;16;;;10711;15;10713;15;;;10708.0;0.0
yf_ADM_d9;44000;ASH_COATED_OSMIUM;9977;16;9974;22;;;9983;24;9987;25;;;9980.0;0.0
yf_ADM_d9;44000;INTARIAN_PEPPER_ROOT;10701;15;10697;13;;;10714;17;10716;21;;;10707.5;0.0
yf_ADM_d9;44100;ASH_COATED_OSMIUM;9969;10;9967;20;;;9993;18;9995;14;;;9981.0;0.0
yf_ADM_d9;44100;INTARIAN_PEPPER_ROOT;10705;17;10701;23;;;10711;18;10715;16;;;10708.0;0.0
yf_ADM_d9;44200;ASH_COATED_OSMIUM;9967;23;9963;24;;;9995;8;9998;23;;;9981.0;0.0
yf_ADM_d9;44200;INTARIAN_PEPPER_ROOT;10705;15;10702;16;;;10711;17;10713;17;;;10708.0;0.0
yf_ADM_d9;44300;ASH_COATED_OSMIUM;9978;13;9974;25;;;9984;12;9986;21;;;9981.0;0.0
yf_ADM_d9;44300;INTARIAN_PEPPER_ROOT;10703;18;10699;30;;;10709;19;10711;35;;;10706.0;0.0
yf_ADM_d9;44400;ASH_COATED_OSMIUM;9975;17;9973;25;;;9987;16;9991;27;;;9981.0;0.0
yf_ADM_d9;44400;INTARIAN_PEPPER_ROOT;10704;14;10701;19;;;10710;12;10713;8;;;10707.0;0.0
yf_ADM_d9;44500;ASH_COATED_OSMIUM;9978;16;9974;20;;;9984;18;9988;10;;;9981.0;0.0
yf_ADM_d9;44500;INTARIAN_PEPPER_ROOT;10698;9;10694;26;;;10717;21;10720;12;;;10707.5;0.0
yf_ADM_d9;44600;ASH_COATED_OSMIUM;9970;14;9966;29;;;9992;26;9996;22;;;9981.0;0.0
yf_ADM_d9;44600;INTARIAN_PEPPER_ROOT;10693;23;10689;16;;;10720;17;10723;19;;;10706.5;0.0
yf_ADM_d9;44700;ASH_COATED_OSMIUM;9972;21;9970;29;;;9990;5;9993;9;;;9981.0;0.0
yf_ADM_d9;44700;INTARIAN_PEPPER_ROOT;10700;10;10697;21;;;10712;8;10716;24;;;10706.0;0.0
yf_ADM_d9;44800;ASH_COATED_OSMIUM;9978;13;9976;27;;;9984;13;9988;22;;;9981.0;0.0
yf_ADM_d9;44800;INTARIAN_PEPPER_ROOT;10704;15;10702;21;;;10710;10;10713;21;;;10707.0;0.0
yf_ADM_d9;44900;ASH_COATED_OSMIUM;9978;21;9975;20;;;9985;16;9989;19;;;9981.5;0.0
yf_ADM_d9;44900;INTARIAN_PEPPER_ROOT;10703;18;10700;11;;;10709;12;10712;18;;;10706.0;0.0
yf_ADM_d9;45000;ASH_COATED_OSMIUM;9978;19;9974;22;;;9984;17;9987;19;;;9981.0;0.0
yf_ADM_d9;45000;INTARIAN_PEPPER_ROOT;10702;17;10699;25;;;10710;16;10712;17;;;10706.0;0.0
yf_ADM_d9;45100;ASH_COATED_OSMIUM;9977;13;9974;13;;;9984;24;9987;26;;;9980.5;0.0
yf_ADM_d9;45100;INTARIAN_PEPPER_ROOT;10696;14;10694;23;;;10715;18;10717;15;;;10705.5;0.0
yf_ADM_d9;45200;ASH_COATED_OSMIUM;9978;15;9975;23;;;9984;19;9987;11;;;9981.0;0.0
yf_ADM_d9;45200;INTARIAN_PEPPER_ROOT;10702;23;10698;18;;;10708;14;10710;23;;;10705.0;0.0
yf_ADM_d9;45300;ASH_COATED_OSMIUM;9964;20;9960;21;;;9998;16;10000;18;;;9981.0;0.0
yf_ADM_d9;45300;INTARIAN_PEPPER_ROOT;10703;18;10699;13;;;10709;10;10711;15;;;10706.0;0.0
yf_ADM_d9;45400;ASH_COATED_OSMIUM;9978;13;9974;18;;;9984;14;9987;17;;;9981.0;0.0
yf_ADM_d9;45400;INTARIAN_PEPPER_ROOT;10703;16;10700;23;;;10709;17;10713;18;;;10706.0;0.0
yf_ADM_d9;45500;ASH_COATED_OSMIUM;9977;11;9975;17;;;9984;14;9988;22;;;9980.5;0.0
yf_ADM_d9;45500;INTARIAN_PEPPER_ROOT;10702;6;10700;18;;;10709;18;10711;17;;;10705.5;0.0
yf_ADM_d9;45600;ASH_COATED_OSMIUM;9977;13;9975;17;;;9983;13;9985;13;;;9980.0;0.0
yf_ADM_d9;45600;INTARIAN_PEPPER_ROOT;10701;9;10697;15;;;10707;13;10711;20;;;10704.0;0.0
yf_ADM_d9;45700;ASH_COATED_OSMIUM;9978;11;9974;34;;;9984;13;9987;11;;;9981.0;0.0
yf_ADM_d9;45700;INTARIAN_PEPPER_ROOT;10702;24;10698;28;;;10708;5;10711;25;;;10705.0;0.0
yf_ADM_d9;45800;ASH_COATED_OSMIUM;9977;13;9974;28;;;9983;17;9985;28;;;9980.0;0.0
yf_ADM_d9;45800;INTARIAN_PEPPER_ROOT;10701;13;10697;26;;;10707;18;10710;26;;;10704.0;0.0
yf_ADM_d9;45900;ASH_COATED_OSMIUM;9977;14;9974;30;;;9984;14;9987;11;;;9980.5;0.0
yf_ADM_d9;45900;INTARIAN_PEPPER_ROOT;10700;18;10698;14;;;10709;13;10711;27;;;10704.5;0.0
yf_ADM_d9;46000;ASH_COATED_OSMIUM;9978;17;9974;28;;;9984;14;9986;20;;;9981.0;0.0
yf_ADM_d9;46000;INTARIAN_PEPPER_ROOT;10697;18;10695;23;;;10712;11;10715;20;;;10704.5;0.0
yf_ADM_d9;46100;ASH_COATED_OSMIUM;9978;21;9976;22;;;9985;13;9988;13;;;9981.5;0.0
yf_ADM_d9;46100;INTARIAN_PEPPER_ROOT;10701;11;10697;20;;;10707;9;10709;20;;;10704.0;0.0
yf_ADM_d9;46200;ASH_COATED_OSMIUM;9978;9;9976;21;;;9984;13;9987;21;;;9981.0;0.0
yf_ADM_d9;46200;INTARIAN_PEPPER_ROOT;10701;24;10697;12;;;10707;17;10710;19;;;10704.0;0.0
yf_ADM_d9;46300;ASH_COATED_OSMIUM;9977;5;9974;19;;;9985;14;9989;21;;;9981.0;0.0
yf_ADM_d9;46300;INTARIAN_PEPPER_ROOT;10700;17;10697;23;;;10706;19;10710;22;;;10703.0;0.0
yf_ADM_d9;46400;ASH_COATED_OSMIUM;9978;11;9976;16;;;9984;12;9986;13;;;9981.0;0.0
yf_ADM_d9;46400;INTARIAN_PEPPER_ROOT;10700;19;10698;25;;;10706;14;10710;21;;;10703.0;0.0
yf_ADM_d9;46500;ASH_COATED_OSMIUM;9977;14;9975;11;;;9983;18;9986;19;;;9980.0;0.0
yf_ADM_d9;46500;INTARIAN_PEPPER_ROOT;10697;11;10693;26;;;10710;19;10713;27;;;10703.5;0.0
yf_ADM_d9;46600;ASH_COATED_OSMIUM;9976;15;9973;18;;;9986;8;9989;16;;;9981.0;0.0
yf_ADM_d9;46600;INTARIAN_PEPPER_ROOT;10700;16;10696;21;;;10706;21;10709;17;;;10703.0;0.0
yf_ADM_d9;46700;ASH_COATED_OSMIUM;9976;21;9974;20;;;9986;18;9988;24;;;9981.0;0.0
yf_ADM_d9;46700;INTARIAN_PEPPER_ROOT;10695;25;10691;19;;;10712;24;10716;20;;;10703.5;0.0
yf_ADM_d9;46800;ASH_COATED_OSMIUM;9973;11;9970;29;;;9989;14;9993;25;;;9981.0;0.0
yf_ADM_d9;46800;INTARIAN_PEPPER_ROOT;10700;6;10697;25;;;10706;20;10709;21;;;10703.0;0.0
yf_ADM_d9;46900;ASH_COATED_OSMIUM;9978;7;9976;20;;;9984;17;9988;35;;;9981.0;0.0
yf_ADM_d9;46900;INTARIAN_PEPPER_ROOT;10700;23;10698;27;;;10706;17;10708;23;;;10703.0;0.0
yf_ADM_d9;47000;ASH_COATED_OSMIUM;9977;9;9974;23;;;9983;15;9985;22;;;9980.0;0.0
yf_ADM_d9;47000;INTARIAN_PEPPER_ROOT;10699;17;10695;21;;;10705;17;10707;17;;;10702.0;0.0
yf_ADM_d9;47100;ASH_COATED_OSMIUM;9978;20;9975;17;;;9984;19;9987;28;;;9981.0;0.0
yf_ADM_d9;47100;INTARIAN_PEPPER_ROOT;10699;19;10696;35;;;10705;13;10708;20;;;10702.0;0.0
yf_ADM_d9;47200;ASH_COATED_OSMIUM;9977;17;9974;15;;;9983;24;9985;25;;;9980.0;0.0
yf_ADM_d9;47200;INTARIAN_PEPPER_ROOT;10699;16;10695;19;;;10705;10;10707;18;;;10702.0;0.0
yf_ADM_d9;47300;ASH_COATED_OSMIUM;9977;11;9974;21;;;9983;9;9987;28;;;9980.0;0.0
yf_ADM_d9;47300;INTARIAN_PEPPER_ROOT;10697;16;10693;17;;;10707;19;10709;31;;;10702.0;0.0
yf_ADM_d9;47400;ASH_COATED_OSMIUM;9977;12;9973;18;;;9983;14;9987;27;;;9980.0;0.0
yf_ADM_d9;47400;INTARIAN_PEPPER_ROOT;10698;22;10696;24;;;10704;15;10706;23;;;10701.0;0.0
yf_ADM_d9;47500;ASH_COATED_OSMIUM;9978;19;9976;18;;;9984;9;9987;24;;;9981.0;0.0
yf_ADM_d9;47500;INTARIAN_PEPPER_ROOT;10699;20;10695;22;;;10705;24;10709;11;;;10702.0;0.0
yf_ADM_d9;47600;ASH_COATED_OSMIUM;9978;13;9975;25;;;9984;18;9987;26;;;9981.0;0.0
yf_ADM_d9;47600;INTARIAN_PEPPER_ROOT;10698;5;10695;26;;;10704;16;10708;15;;;10701.0;0.0
yf_ADM_d9;47700;ASH_COATED_OSMIUM;9977;17;9973;14;;;9984;20;9988;19;;;9980.5;0.0
yf_ADM_d9;47700;INTARIAN_PEPPER_ROOT;10696;25;10692;21;;;10705;14;10709;20;;;10700.5;0.0
yf_ADM_d9;47800;ASH_COATED_OSMIUM;9977;5;9975;14;;;9983;18;9985;17;;;9980.0;0.0
yf_ADM_d9;47800;INTARIAN_PEPPER_ROOT;10685;16;10682;32;;;10716;13;10719;16;;;10700.5;0.0
yf_ADM_d9;47900;ASH_COATED_OSMIUM;9976;10;9972;14;;;9985;6;9989;17;;;9980.5;0.0
yf_ADM_d9;47900;INTARIAN_PEPPER_ROOT;10698;20;10694;21;;;10704;12;10707;17;;;10701.0;0.0
yf_ADM_d9;48000;ASH_COATED_OSMIUM;9975;17;9971;24;;;9988;20;9991;23;;;9981.5;0.0
yf_ADM_d9;48000;INTARIAN_PEPPER_ROOT;10697;5;10695;24;;;10703;20;10707;15;;;10700.0;0.0
yf_ADM_d9;48100;ASH_COATED_OSMIUM;9978;16;9974;15;;;9984;28;9988;18;;;9981.0;0.0
yf_ADM_d9;48100;INTARIAN_PEPPER_ROOT;10697;20;10695;27;;;10703;12;10706;22;;;10700.0;0.0
yf_ADM_d9;48200;ASH_COATED_OSMIUM;9977;19;9974;24;;;9983;20;9985;19;;;9980.0;0.0
yf_ADM_d9;48200;INTARIAN_PEPPER_ROOT;10696;15;10693;18;;;10704;7;10707;20;;;10700.0;0.0
yf_ADM_d9;48300;ASH_COATED_OSMIUM;9976;13;9972;23;;;9986;17;9989;15;;;9981.0;0.0
yf_ADM_d9;48300;INTARIAN_PEPPER_ROOT;10696;13;10693;13;;;10702;12;10705;14;;;10699.0;0.0
yf_ADM_d9;48400;ASH_COATED_OSMIUM;9974;10;9970;19;;;9987;10;9990;17;;;9980.5;0.0
yf_ADM_d9;48400;INTARIAN_PEPPER_ROOT;10695;13;10692;25;;;10705;11;10707;21;;;10700.0;0.0
yf_ADM_d9;48500;ASH_COATED_OSMIUM;9977;13;9974;27;;;9983;9;9986;22;;;9980.0;0.0
yf_ADM_d9;48500;INTARIAN_PEPPER_ROOT;10693;12;10691;21;;;10704;15;10707;22;;;10698.5;0.0
yf_ADM_d9;48600;ASH_COATED_OSMIUM;9972;17;9969;18;;;9988;13;9991;18;;;9980.0;0.0
yf_ADM_d9;48600;INTARIAN_PEPPER_ROOT;10694;20;10692;15;;;10703;18;10707;26;;;10698.5;0.0
yf_ADM_d9;48700;ASH_COATED_OSMIUM;9977;13;9974;20;;;9984;10;9987;17;;;9980.5;0.0
yf_ADM_d9;48700;INTARIAN_PEPPER_ROOT;10696;24;10692;23;;;10702;19;10704;17;;;10699.0;0.0
yf_ADM_d9;48800;ASH_COATED_OSMIUM;9978;21;9976;23;;;9984;21;9986;22;;;9981.0;0.0
yf_ADM_d9;48800;INTARIAN_PEPPER_ROOT;10695;10;10692;26;;;10701;12;10703;15;;;10698.0;0.0
yf_ADM_d9;48900;ASH_COATED_OSMIUM;9977;15;9974;10;;;9983;14;9987;16;;;9980.0;0.0
yf_ADM_d9;48900;INTARIAN_PEPPER_ROOT;10696;10;10693;19;;;10702;14;10705;24;;;10699.0;0.0
yf_ADM_d9;49000;ASH_COATED_OSMIUM;9978;12;9975;16;;;9984;15;9986;28;;;9981.0;0.0
yf_ADM_d9;49000;INTARIAN_PEPPER_ROOT;10695;10;10693;25;;;10702;10;10704;16;;;10698.5;0.0
yf_ADM_d9;49100;ASH_COATED_OSMIUM;9977;8;9975;28;;;9983;11;9987;15;;;9980.0;0.0
yf_ADM_d9;49100;INTARIAN_PEPPER_ROOT;10696;13;10693;22;;;10702;23;10706;29;;;10699.0;0.0
yf_ADM_d9;49200;ASH_COATED_OSMIUM;9976;18;9974;31;;;9986;10;9989;22;;;9981.0;0.0
yf_ADM_d9;49200;INTARIAN_PEPPER_ROOT;10695;11;10691;31;;;10701;14;10704;15;;;10698.0;0.0
yf_ADM_d9;49300;ASH_COATED_OSMIUM;9975;19;9972;26;;;9985;10;9987;22;;;9980.0;0.0
yf_ADM_d9;49300;INTARIAN_PEPPER_ROOT;10692;10;10688;16;;;10703;15;10707;16;;;10697.5;0.0
yf_ADM_d9;49400;ASH_COATED_OSMIUM;9974;7;9971;14;;;9986;13;9988;16;;;9980.0;0.0
yf_ADM_d9;49400;INTARIAN_PEPPER_ROOT;10686;15;10682;17;;;10709;14;10712;22;;;10697.5;0.0
yf_ADM_d9;49500;ASH_COATED_OSMIUM;9972;8;9970;28;;;9988;10;9990;22;;;9980.0;0.0
yf_ADM_d9;49500;INTARIAN_PEPPER_ROOT;10694;18;10690;29;;;10700;19;10704;12;;;10697.0;0.0
yf_ADM_d9;49600;ASH_COATED_OSMIUM;9971;9;9967;23;;;9989;11;9993;31;;;9980.0;0.0
yf_ADM_d9;49600;INTARIAN_PEPPER_ROOT;10682;5;10678;26;;;10713;16;10715;26;;;10697.5;0.0
yf_ADM_d9;49700;ASH_COATED_OSMIUM;9975;11;9973;26;;;9986;10;9988;24;;;9980.5;0.0
yf_ADM_d9;49700;INTARIAN_PEPPER_ROOT;10690;11;10688;15;;;10704;9;10707;24;;;10697.0;0.0
yf_ADM_d9;49800;ASH_COATED_OSMIUM;9970;13;9966;25;;;9989;17;9993;14;;;9979.5;0.0
yf_ADM_d9;49800;INTARIAN_PEPPER_ROOT;10694;15;10690;12;;;10700;5;10702;26;;;10697.0;0.0
yf_ADM_d9;49900;ASH_COATED_OSMIUM;9976;14;9974;10;;;9985;12;9987;26;;;9980.5;0.0
yf_ADM_d9;49900;INTARIAN_PEPPER_ROOT;10691;9;10687;17;;;10703;22;10707;14;;;10697.0;0.0
yf_ADM_d9;50000;ASH_COATED_OSMIUM;9973;19;9969;18;;;9988;11;9992;10;;;9980.5;0.0
yf_ADM_d9;50000;INTARIAN_PEPPER_ROOT;10692;18;10688;18;;;10701;11;10703;24;;;10696.5;0.0
yf_ADM_d9;50100;ASH_COATED_OSMIUM;9977;20;9975;21;;;9984;20;9986;16;;;9980.5;0.0
yf_ADM_d9;50100;INTARIAN_PEPPER_ROOT;10693;8;10690;19;;;10699;11;10701;22;;;10696.0;0.0
yf_ADM_d9;50200;ASH_COATED_OSMIUM;9978;21;9974;18;;;9984;16;9988;22;;;9981.0;0.0
yf_ADM_d9;50200;INTARIAN_PEPPER_ROOT;10693;24;10691;25;;;10699;15;10702;18;;;10696.0;0.0
yf_ADM_d9;50300;ASH_COATED_OSMIUM;9977;18;9974;28;;;9983;16;9985;16;;;9980.0;0.0
yf_ADM_d9;50300;INTARIAN_PEPPER_ROOT;10693;5;10689;19;;;10699;11;10703;19;;;10696.0;0.0
yf_ADM_d9;50400;ASH_COATED_OSMIUM;9977;15;9975;16;;;9983;15;9986;27;;;9980.0;0.0
yf_ADM_d9;50400;INTARIAN_PEPPER_ROOT;10691;17;10688;21;;;10699;12;10703;21;;;10695.0;0.0
yf_ADM_d9;50500;ASH_COATED_OSMIUM;9977;13;9973;13;;;9983;20;9987;19;;;9980.0;0.0
yf_ADM_d9;50500;INTARIAN_PEPPER_ROOT;10692;19;10690;8;;;10698;22;10700;20;;;10695.0;0.0
yf_ADM_d9;50600;ASH_COATED_OSMIUM;9977;14;9973;19;;;9983;16;9985;23;;;9980.0;0.0
yf_ADM_d9;50600;INTARIAN_PEPPER_ROOT;10693;13;10691;27;;;10699;15;10701;30;;;10696.0;0.0
yf_ADM_d9;50700;ASH_COATED_OSMIUM;9977;19;9974;25;;;9983;25;9985;21;;;9980.0;0.0
yf_ADM_d9;50700;INTARIAN_PEPPER_ROOT;10692;19;10688;11;;;10698;14;10701;28;;;10695.0;0.0
yf_ADM_d9;50800;ASH_COATED_OSMIUM;9977;19;9973;18;;;9983;8;9986;17;;;9980.0;0.0
yf_ADM_d9;50800;INTARIAN_PEPPER_ROOT;10692;22;10688;20;;;10698;17;10702;24;;;10695.0;0.0
yf_ADM_d9;50900;ASH_COATED_OSMIUM;9977;7;9974;10;;;9983;15;9987;15;;;9980.0;0.0
yf_ADM_d9;50900;INTARIAN_PEPPER_ROOT;10692;23;10690;18;;;10698;15;10702;20;;;10695.0;0.0
yf_ADM_d9;51000;ASH_COATED_OSMIUM;9977;8;9974;35;;;9983;11;9986;27;;;9980.0;0.0
yf_ADM_d9;51000;INTARIAN_PEPPER_ROOT;10692;8;10690;20;;;10698;12;10700;21;;;10695.0;0.0
yf_ADM_d9;51100;ASH_COATED_OSMIUM;9976;12;9974;19;;;9984;17;9986;15;;;9980.0;0.0
yf_ADM_d9;51100;INTARIAN_PEPPER_ROOT;10690;5;10686;21;;;10701;13;10705;21;;;10695.5;0.0
yf_ADM_d9;51200;ASH_COATED_OSMIUM;9971;16;9967;16;;;9989;10;9993;19;;;9980.0;0.0
yf_ADM_d9;51200;INTARIAN_PEPPER_ROOT;10689;18;10687;15;;;10703;19;10707;16;;;10696.0;0.0
yf_ADM_d9;51300;ASH_COATED_OSMIUM;9977;13;9975;20;;;9983;11;9987;18;;;9980.0;0.0
yf_ADM_d9;51300;INTARIAN_PEPPER_ROOT;10687;15;10684;15;;;10705;16;10709;20;;;10696.0;0.0
yf_ADM_d9;51400;ASH_COATED_OSMIUM;9977;13;9973;15;;;9983;16;9985;15;;;9980.0;0.0
yf_ADM_d9;51400;INTARIAN_PEPPER_ROOT;10689;18;10687;13;;;10702;14;10704;23;;;10695.5;0.0
yf_ADM_d9;51500;ASH_COATED_OSMIUM;9976;13;9974;21;;;9985;13;9987;19;;;9980.5;0.0
yf_ADM_d9;51500;INTARIAN_PEPPER_ROOT;10693;15;10690;14;;;10699;18;10703;20;;;10696.0;0.0
yf_ADM_d9;51600;ASH_COATED_OSMIUM;9975;17;9973;18;;;9985;19;9989;10;;;9980.0;0.0
yf_ADM_d9;51600;INTARIAN_PEPPER_ROOT;10688;6;10686;21;;;10705;5;10709;22;;;10696.5;0.0
yf_ADM_d9;51700;ASH_COATED_OSMIUM;9976;12;9974;17;;;9984;18;9987;11;;;9980.0;0.0
yf_ADM_d9;51700;INTARIAN_PEPPER_ROOT;10694;16;10691;20;;;10700;13;10703;17;;;10697.0;0.0
yf_ADM_d9;51800;ASH_COATED_OSMIUM;9978;18;9976;22;;;9984;18;9986;14;;;9981.0;0.0
yf_ADM_d9;51800;INTARIAN_PEPPER_ROOT;10694;12;10692;21;;;10700;11;10702;16;;;10697.0;0.0
yf_ADM_d9;51900;ASH_COATED_OSMIUM;9977;11;9975;25;;;9983;14;9985;23;;;9980.0;0.0
yf_ADM_d9;51900;INTARIAN_PEPPER_ROOT;10690;21;10688;18;;;10704;6;10706;17;;;10697.0;0.0
yf_ADM_d9;52000;ASH_COATED_OSMIUM;9972;11;9969;28;;;9988;15;9991;24;;;9980.0;0.0
yf_ADM_d9;52000;INTARIAN_PEPPER_ROOT;10693;19;10689;18;;;10702;5;10706;17;;;10697.5;0.0
yf_ADM_d9;52100;ASH_COATED_OSMIUM;9977;17;9974;16;;;9983;19;9986;18;;;9980.0;0.0
yf_ADM_d9;52100;INTARIAN_PEPPER_ROOT;10694;16;10691;12;;;10700;7;10703;23;;;10697.0;0.0
yf_ADM_d9;52200;ASH_COATED_OSMIUM;9967;8;9965;17;;;9992;13;9994;22;;;9979.5;0.0
yf_ADM_d9;52200;INTARIAN_PEPPER_ROOT;10692;5;10688;22;;;10704;5;10708;23;;;10698.0;0.0
yf_ADM_d9;52300;ASH_COATED_OSMIUM;9975;13;9972;21;;;9985;12;9987;26;;;9980.0;0.0
yf_ADM_d9;52300;INTARIAN_PEPPER_ROOT;10694;14;10691;8;;;10703;21;10706;8;;;10698.5;0.0
yf_ADM_d9;52400;ASH_COATED_OSMIUM;9977;26;9975;22;;;9983;16;9986;13;;;9980.0;0.0
yf_ADM_d9;52400;INTARIAN_PEPPER_ROOT;10695;12;10691;30;;;10702;17;10705;16;;;10698.5;0.0
yf_ADM_d9;52500;ASH_COATED_OSMIUM;9975;18;9972;34;;;9985;17;9989;20;;;9980.0;0.0
yf_ADM_d9;52500;INTARIAN_PEPPER_ROOT;10696;11;10693;17;;;10702;6;10706;8;;;10699.0;0.0
yf_ADM_d9;52600;ASH_COATED_OSMIUM;9977;16;9974;27;;;9983;11;9987;15;;;9980.0;0.0
yf_ADM_d9;52600;INTARIAN_PEPPER_ROOT;10696;13;10693;19;;;10702;12;10704;14;;;10699.0;0.0
yf_ADM_d9;52700;ASH_COATED_OSMIUM;9976;11;9974;19;;;9984;13;9988;19;;;9980.0;0.0
yf_ADM_d9;52700;INTARIAN_PEPPER_ROOT;10692;23;10690;19;;;10706;15;10710;22;;;10699.0;0.0
yf_ADM_d9;52800;ASH_COATED_OSMIUM;9973;24;9969;17;;;9986;16;9990;22;;;9979.5;0.0
yf_ADM_d9;52800;INTARIAN_PEPPER_ROOT;10696;18;10692;19;;;10702;15;10705;15;;;10699.0;0.0
yf_ADM_d9;52900;ASH_COATED_OSMIUM;9977;21;9974;21;;;9983;14;9985;20;;;9980.0;0.0
yf_ADM_d9;52900;INTARIAN_PEPPER_ROOT;10697;22;10694;29;;;10703;8;10706;20;;;10700.0;0.0
yf_ADM_d9;53000;ASH_COATED_OSMIUM;9972;17;9968;19;;;9987;8;9991;21;;;9979.5;0.0
yf_ADM_d9;53000;INTARIAN_PEPPER_ROOT;10697;17;10694;21;;;10703;11;10707;20;;;10700.0;0.0
yf_ADM_d9;53100;ASH_COATED_OSMIUM;9975;5;9971;25;;;9986;16;9988;23;;;9980.5;0.0
yf_ADM_d9;53100;INTARIAN_PEPPER_ROOT;10694;15;10692;16;;;10706;9;10710;14;;;10700.0;0.0
yf_ADM_d9;53200;ASH_COATED_OSMIUM;9977;20;9975;20;;;9984;18;9987;28;;;9980.5;0.0
yf_ADM_d9;53200;INTARIAN_PEPPER_ROOT;10696;20;10692;22;;;10706;12;10708;20;;;10701.0;0.0
yf_ADM_d9;53300;ASH_COATED_OSMIUM;9977;21;9974;27;;;9983;13;9986;17;;;9980.0;0.0
yf_ADM_d9;53300;INTARIAN_PEPPER_ROOT;10697;16;10694;15;;;10703;14;10707;16;;;10700.0;0.0
yf_ADM_d9;53400;ASH_COATED_OSMIUM;9977;5;9973;28;;;9983;24;9985;14;;;9980.0;0.0
yf_ADM_d9;53400;INTARIAN_PEPPER_ROOT;10695;21;10693;22;;;10707;5;10709;13;;;10701.0;0.0
yf_ADM_d9;53500;ASH_COATED_OSMIUM;9977;23;9975;16;;;9983;22;9986;21;;;9980.0;0.0
yf_ADM_d9;53500;INTARIAN_PEPPER_ROOT;10699;17;10697;12;;;10705;19;10707;20;;;10702.0;0.0
yf_ADM_d9;53600;ASH_COATED_OSMIUM;9977;22;9973;18;;;9985;19;9987;26;;;9981.0;0.0
yf_ADM_d9;53600;INTARIAN_PEPPER_ROOT;10698;16;10694;25;;;10704;18;10708;16;;;10701.0;0.0
yf_ADM_d9;53700;ASH_COATED_OSMIUM;9977;14;9973;24;;;9983;18;9985;24;;;9980.0;0.0
yf_ADM_d9;53700;INTARIAN_PEPPER_ROOT;10699;12;10695;25;;;10705;21;10709;20;;;10702.0;0.0
yf_ADM_d9;53800;ASH_COATED_OSMIUM;9977;16;9973;23;;;9983;14;9987;14;;;9980.0;0.0
yf_ADM_d9;53800;INTARIAN_PEPPER_ROOT;10698;8;10695;22;;;10707;6;10709;26;;;10702.5;0.0
yf_ADM_d9;53900;ASH_COATED_OSMIUM;9977;19;9975;16;;;9983;6;9986;19;;;9980.0;0.0
yf_ADM_d9;53900;INTARIAN_PEPPER_ROOT;10699;18;10695;27;;;10705;16;10709;20;;;10702.0;0.0
yf_ADM_d9;54000;ASH_COATED_OSMIUM;9978;16;9974;20;;;9984;18;9988;20;;;9981.0;0.0
yf_ADM_d9;54000;INTARIAN_PEPPER_ROOT;10699;5;10695;20;;;10705;16;10708;25;;;10702.0;0.0
yf_ADM_d9;54100;ASH_COATED_OSMIUM;9976;11;9972;13;;;9983;14;9985;22;;;9979.5;0.0
yf_ADM_d9;54100;INTARIAN_PEPPER_ROOT;10690;15;10687;19;;;10714;11;10716;18;;;10702.0;0.0
yf_ADM_d9;54200;ASH_COATED_OSMIUM;9978;23;9976;25;;;9984;11;9986;8;;;9981.0;0.0
yf_ADM_d9;54200;INTARIAN_PEPPER_ROOT;10700;13;10698;16;;;10706;15;10709;21;;;10703.0;0.0
yf_ADM_d9;54300;ASH_COATED_OSMIUM;9976;5;9974;19;;;9985;17;9987;26;;;9980.5;0.0
yf_ADM_d9;54300;INTARIAN_PEPPER_ROOT;10700;8;10697;20;;;10706;16;10709;20;;;10703.0;0.0
yf_ADM_d9;54400;ASH_COATED_OSMIUM;9977;14;9974;18;;;9983;17;9987;11;;;9980.0;0.0
yf_ADM_d9;54400;INTARIAN_PEPPER_ROOT;10664;7;10662;18;;;10743;12;10745;21;;;10703.5;0.0
yf_ADM_d9;54500;ASH_COATED_OSMIUM;9977;9;9974;21;;;9984;13;9986;19;;;9980.5;0.0
yf_ADM_d9;54500;INTARIAN_PEPPER_ROOT;10698;11;10695;26;;;10709;14;10711;10;;;10703.5;0.0
yf_ADM_d9;54600;ASH_COATED_OSMIUM;9972;20;9969;23;;;9988;9;9990;18;;;9980.0;0.0
yf_ADM_d9;54600;INTARIAN_PEPPER_ROOT;10698;18;10696;17;;;10710;13;10712;22;;;10704.0;0.0
yf_ADM_d9;54700;ASH_COATED_OSMIUM;9977;13;9975;18;;;9983;8;9985;20;;;9980.0;0.0
yf_ADM_d9;54700;INTARIAN_PEPPER_ROOT;10701;11;10699;25;;;10709;21;10713;24;;;10705.0;0.0
yf_ADM_d9;54800;ASH_COATED_OSMIUM;9965;12;9963;14;;;9996;10;10000;35;;;9980.5;0.0
yf_ADM_d9;54800;INTARIAN_PEPPER_ROOT;10701;9;10697;24;;;10707;18;10711;15;;;10704.0;0.0
yf_ADM_d9;54900;ASH_COATED_OSMIUM;9978;12;9976;35;;;9984;21;9986;22;;;9981.0;0.0
yf_ADM_d9;54900;INTARIAN_PEPPER_ROOT;10702;20;10698;17;;;10708;24;10710;25;;;10705.0;0.0
yf_ADM_d9;55000;ASH_COATED_OSMIUM;9977;14;9975;24;;;9983;24;9985;16;;;9980.0;0.0
yf_ADM_d9;55000;INTARIAN_PEPPER_ROOT;10702;21;10698;22;;;10708;5;10712;13;;;10705.0;0.0
yf_ADM_d9;55100;ASH_COATED_OSMIUM;9977;20;9975;21;;;9983;19;9987;23;;;9980.0;0.0
yf_ADM_d9;55100;INTARIAN_PEPPER_ROOT;10698;16;10695;25;;;10711;5;10713;13;;;10704.5;0.0
yf_ADM_d9;55200;ASH_COATED_OSMIUM;9965;8;9962;21;;;9997;13;10000;13;;;9981.0;0.0
yf_ADM_d9;55200;INTARIAN_PEPPER_ROOT;10702;14;10698;15;;;10708;8;10710;19;;;10705.0;0.0
yf_ADM_d9;55300;ASH_COATED_OSMIUM;9977;13;9975;20;;;9983;23;9986;21;;;9980.0;0.0
yf_ADM_d9;55300;INTARIAN_PEPPER_ROOT;10703;13;10701;21;;;10709;5;10711;21;;;10706.0;0.0
yf_ADM_d9;55400;ASH_COATED_OSMIUM;9977;9;9975;27;;;9983;9;9985;20;;;9980.0;0.0
yf_ADM_d9;55400;INTARIAN_PEPPER_ROOT;10701;14;10697;17;;;10711;13;10715;15;;;10706.0;0.0
yf_ADM_d9;55500;ASH_COATED_OSMIUM;9977;21;9974;18;;;9983;27;9985;15;;;9980.0;0.0
yf_ADM_d9;55500;INTARIAN_PEPPER_ROOT;10703;15;10701;17;;;10709;14;10712;29;;;10706.0;0.0
yf_ADM_d9;55600;ASH_COATED_OSMIUM;9975;19;9973;23;;;9984;14;9987;18;;;9979.5;0.0
yf_ADM_d9;55600;INTARIAN_PEPPER_ROOT;10703;15;10699;18;;;10709;15;10713;24;;;10706.0;0.0
yf_ADM_d9;55700;ASH_COATED_OSMIUM;9960;16;9956;24;;;10000;14;10004;23;;;9980.0;0.0
yf_ADM_d9;55700;INTARIAN_PEPPER_ROOT;10703;12;10701;27;;;10709;18;10711;20;;;10706.0;0.0
yf_ADM_d9;55800;ASH_COATED_OSMIUM;9977;11;9973;21;;;9983;12;9985;23;;;9980.0;0.0
yf_ADM_d9;55800;INTARIAN_PEPPER_ROOT;10698;11;10694;20;;;10716;17;10718;17;;;10707.0;0.0
yf_ADM_d9;55900;ASH_COATED_OSMIUM;9975;12;9971;19;;;9985;16;9989;26;;;9980.0;0.0
yf_ADM_d9;55900;INTARIAN_PEPPER_ROOT;10704;6;10700;14;;;10710;10;10712;21;;;10707.0;0.0
yf_ADM_d9;56000;ASH_COATED_OSMIUM;9977;15;9973;24;;;9983;14;9985;21;;;9980.0;0.0
yf_ADM_d9;56000;INTARIAN_PEPPER_ROOT;10704;20;10700;20;;;10710;17;10712;21;;;10707.0;0.0
yf_ADM_d9;56100;ASH_COATED_OSMIUM;9975;18;9971;15;;;9984;15;9986;19;;;9979.5;0.0
yf_ADM_d9;56100;INTARIAN_PEPPER_ROOT;10703;21;10700;12;;;10712;14;10714;19;;;10707.5;0.0
yf_ADM_d9;56200;ASH_COATED_OSMIUM;9978;19;9976;22;;;9984;13;9986;18;;;9981.0;0.0
yf_ADM_d9;56200;INTARIAN_PEPPER_ROOT;10690;15;10688;21;;;10727;17;10731;23;;;10708.5;0.0
yf_ADM_d9;56300;ASH_COATED_OSMIUM;9977;15;9973;20;;;9983;5;9986;11;;;9980.0;0.0
yf_ADM_d9;56300;INTARIAN_PEPPER_ROOT;10701;12;10699;18;;;10714;15;10717;24;;;10707.5;0.0
yf_ADM_d9;56400;ASH_COATED_OSMIUM;9975;20;9972;23;;;9986;11;9990;14;;;9980.5;0.0
yf_ADM_d9;56400;INTARIAN_PEPPER_ROOT;10704;12;10701;19;;;10712;10;10714;20;;;10708.0;0.0
yf_ADM_d9;56500;ASH_COATED_OSMIUM;9974;5;9972;23;;;9987;11;9989;26;;;9980.5;0.0
yf_ADM_d9;56500;INTARIAN_PEPPER_ROOT;10706;20;10704;21;;;10712;15;10715;21;;;10709.0;0.0
yf_ADM_d9;56600;ASH_COATED_OSMIUM;9972;13;9970;10;;;9988;16;9991;22;;;9980.0;0.0
yf_ADM_d9;56600;INTARIAN_PEPPER_ROOT;10706;14;10704;19;;;10712;15;10714;17;;;10709.0;0.0
yf_ADM_d9;56700;ASH_COATED_OSMIUM;9961;20;9959;17;;;9999;13;10003;19;;;9980.0;0.0
yf_ADM_d9;56700;INTARIAN_PEPPER_ROOT;10706;19;10702;17;;;10712;11;10715;24;;;10709.0;0.0
yf_ADM_d9;56800;ASH_COATED_OSMIUM;9977;16;9973;8;;;9983;11;9987;25;;;9980.0;0.0
yf_ADM_d9;56800;INTARIAN_PEPPER_ROOT;10706;11;10703;20;;;10712;18;10716;21;;;10709.0;0.0
yf_ADM_d9;56900;ASH_COATED_OSMIUM;9976;7;9973;20;;;9985;11;9989;21;;;9980.5;0.0
yf_ADM_d9;56900;INTARIAN_PEPPER_ROOT;10703;14;10699;13;;;10715;9;10718;21;;;10709.0;0.0
yf_ADM_d9;57000;ASH_COATED_OSMIUM;9977;16;9973;22;;;9983;12;9985;25;;;9980.0;0.0
yf_ADM_d9;57000;INTARIAN_PEPPER_ROOT;10707;15;10703;16;;;10713;21;10717;20;;;10710.0;0.0
yf_ADM_d9;57100;ASH_COATED_OSMIUM;9975;9;9971;16;;;9985;14;9987;19;;;9980.0;0.0
yf_ADM_d9;57100;INTARIAN_PEPPER_ROOT;10704;15;10701;30;;;10715;11;10719;26;;;10709.5;0.0
yf_ADM_d9;57200;ASH_COATED_OSMIUM;9977;18;9974;12;;;9983;12;9986;26;;;9980.0;0.0
yf_ADM_d9;57200;INTARIAN_PEPPER_ROOT;10704;16;10700;22;;;10715;10;10717;18;;;10709.5;0.0
yf_ADM_d9;57300;ASH_COATED_OSMIUM;9973;9;9970;14;;;9988;13;9991;22;;;9980.5;0.0
yf_ADM_d9;57300;INTARIAN_PEPPER_ROOT;10707;22;10705;23;;;10713;8;10715;20;;;10710.0;0.0
yf_ADM_d9;57400;ASH_COATED_OSMIUM;9978;13;9976;26;;;9984;10;9986;16;;;9981.0;0.0
yf_ADM_d9;57400;INTARIAN_PEPPER_ROOT;10708;20;10705;26;;;10714;24;10717;11;;;10711.0;0.0
yf_ADM_d9;57500;ASH_COATED_OSMIUM;9977;16;9974;25;;;9983;9;9985;19;;;9980.0;0.0
yf_ADM_d9;57500;INTARIAN_PEPPER_ROOT;10708;6;10706;24;;;10714;16;10717;25;;;10711.0;0.0
yf_ADM_d9;57600;ASH_COATED_OSMIUM;9972;12;9970;15;;;9989;11;9992;29;;;9980.5;0.0
yf_ADM_d9;57600;INTARIAN_PEPPER_ROOT;10708;20;10704;17;;;10714;10;10716;20;;;10711.0;0.0
yf_ADM_d9;57700;ASH_COATED_OSMIUM;9975;14;9973;24;;;9985;29;9987;18;;;9980.0;0.0
yf_ADM_d9;57700;INTARIAN_PEPPER_ROOT;10703;16;10699;14;;;10718;9;10721;16;;;10710.5;0.0
yf_ADM_d9;57800;ASH_COATED_OSMIUM;9956;23;9954;32;;;10003;11;10005;16;;;9979.5;0.0
yf_ADM_d9;57800;INTARIAN_PEPPER_ROOT;10708;17;10705;17;;;10714;19;10717;16;;;10711.0;0.0
yf_ADM_d9;57900;ASH_COATED_OSMIUM;9978;15;9974;20;;;9984;7;9987;18;;;9981.0;0.0
yf_ADM_d9;57900;INTARIAN_PEPPER_ROOT;10709;9;10705;16;;;10715;21;10717;9;;;10712.0;0.0
yf_ADM_d9;58000;ASH_COATED_OSMIUM;9978;14;9974;22;;;9984;13;9986;21;;;9981.0;0.0
yf_ADM_d9;58000;INTARIAN_PEPPER_ROOT;10709;19;10707;32;;;10715;13;10717;12;;;10712.0;0.0
yf_ADM_d9;58100;ASH_COATED_OSMIUM;9977;23;9974;19;;;9983;20;9985;22;;;9980.0;0.0
yf_ADM_d9;58100;INTARIAN_PEPPER_ROOT;10709;9;10706;16;;;10715;17;10717;17;;;10712.0;0.0
yf_ADM_d9;58200;ASH_COATED_OSMIUM;9977;9;9973;27;;;9983;15;9985;13;;;9980.0;0.0
yf_ADM_d9;58200;INTARIAN_PEPPER_ROOT;10710;18;10707;26;;;10716;14;10719;18;;;10713.0;0.0
yf_ADM_d9;58300;ASH_COATED_OSMIUM;9977;18;9973;24;;;9983;19;9987;15;;;9980.0;0.0
yf_ADM_d9;58300;INTARIAN_PEPPER_ROOT;10710;14;10707;17;;;10716;22;10719;24;;;10713.0;0.0
yf_ADM_d9;58400;ASH_COATED_OSMIUM;9977;5;9973;20;;;9983;18;9987;12;;;9980.0;0.0
yf_ADM_d9;58400;INTARIAN_PEPPER_ROOT;10705;9;10703;12;;;10721;8;10723;19;;;10713.0;0.0
yf_ADM_d9;58500;ASH_COATED_OSMIUM;9977;19;9973;25;;;9983;15;9986;19;;;9980.0;0.0
yf_ADM_d9;58500;INTARIAN_PEPPER_ROOT;10710;13;10706;17;;;10716;14;10718;25;;;10713.0;0.0
yf_ADM_d9;58600;ASH_COATED_OSMIUM;9977;17;9973;16;;;9983;21;9985;21;;;9980.0;0.0
yf_ADM_d9;58600;INTARIAN_PEPPER_ROOT;10708;8;10706;16;;;10720;15;10723;26;;;10714.0;0.0
yf_ADM_d9;58700;ASH_COATED_OSMIUM;9974;17;9972;23;;;9986;19;9988;22;;;9980.0;0.0
yf_ADM_d9;58700;INTARIAN_PEPPER_ROOT;10706;18;10702;20;;;10721;14;10724;8;;;10713.5;0.0
yf_ADM_d9;58800;ASH_COATED_OSMIUM;9977;9;9973;23;;;9983;12;9986;14;;;9980.0;0.0
yf_ADM_d9;58800;INTARIAN_PEPPER_ROOT;10711;10;10707;29;;;10717;11;10721;25;;;10714.0;0.0
yf_ADM_d9;58900;ASH_COATED_OSMIUM;9963;18;9960;19;;;9998;17;10001;25;;;9980.5;0.0
yf_ADM_d9;58900;INTARIAN_PEPPER_ROOT;10711;15;10707;21;;;10717;11;10719;12;;;10714.0;0.0
yf_ADM_d9;59000;ASH_COATED_OSMIUM;9977;5;9973;16;;;9983;17;9985;10;;;9980.0;0.0
