day;timestamp;product;bid_price_1;bid_volume_1;bid_price_2;bid_volume_2;bid_price_3;bid_volume_3;ask_price_1;ask_volume_1;ask_price_2;ask_volume_2;ask_price_3;ask_volume_3;mid_price;profit_and_loss
yf_BGS_d14;0;ASH_COATED_OSMIUM;9900;13;9896;23;;;9910;17;9914;21;;;9905.0;0.0
yf_BGS_d14;0;INTARIAN_PEPPER_ROOT;10833;17;10829;13;;;10839;15;10843;17;;;10836.0;0.0
yf_BGS_d14;100;ASH_COATED_OSMIUM;9902;15;9898;20;;;9908;21;9911;21;;;9905.0;0.0
yf_BGS_d14;100;INTARIAN_PEPPER_ROOT;10831;18;10828;22;;;10840;17;10842;19;;;10835.5;0.0
yf_BGS_d14;200;ASH_COATED_OSMIUM;9902;14;9898;11;;;9908;16;9911;17;;;9905.0;0.0
yf_BGS_d14;200;INTARIAN_PEPPER_ROOT;10832;20;10830;22;;;10838;10;10841;19;;;10835.0;0.0
yf_BGS_d14;300;ASH_COATED_OSMIUM;9901;18;9897;30;;;9909;16;9911;33;;;9905.0;0.0
yf_BGS_d14;300;INTARIAN_PEPPER_ROOT;10829;12;10825;13;;;10842;8;10845;22;;;10835.5;0.0
yf_BGS_d14;400;ASH_COATED_OSMIUM;9902;17;9899;17;;;9908;18;9911;20;;;9905.0;0.0
yf_BGS_d14;400;INTARIAN_PEPPER_ROOT;10831;8;10828;17;;;10838;18;10840;13;;;10834.5;0.0
yf_BGS_d14;500;ASH_COATED_OSMIUM;9903;16;9900;17;;;9909;11;9913;25;;;9906.0;0.0
yf_BGS_d14;500;INTARIAN_PEPPER_ROOT;10832;12;10828;12;;;10838;18;10842;26;;;10835.0;0.0
yf_BGS_d14;600;ASH_COATED_OSMIUM;9902;14;9899;19;;;9908;18;9911;24;;;9905.0;0.0
yf_BGS_d14;600;INTARIAN_PEPPER_ROOT;10831;21;10827;19;;;10837;12;10841;20;;;10834.0;0.0
yf_BGS_d14;700;ASH_COATED_OSMIUM;9903;9;9900;15;;;9909;12;9912;22;;;9906.0;0.0
yf_BGS_d14;700;INTARIAN_PEPPER_ROOT;10831;12;10828;20;;;10837;20;10840;14;;;10834.0;0.0
yf_BGS_d14;800;ASH_COATED_OSMIUM;9902;16;9900;8;;;9909;14;9912;24;;;9905.5;0.0
yf_BGS_d14;800;INTARIAN_PEPPER_ROOT;10830;13;10826;16;;;10838;5;10840;16;;;10834.0;0.0
yf_BGS_d14;900;ASH_COATED_OSMIUM;9901;17;9897;21;;;9908;19;9912;19;;;9904.5;0.0
yf_BGS_d14;900;INTARIAN_PEPPER_ROOT;10831;17;10827;17;;;10837;10;10841;13;;;10834.0;0.0
yf_BGS_d14;1000;ASH_COATED_OSMIUM;9899;19;9897;21;;;9912;7;9915;24;;;9905.5;0.0
yf_BGS_d14;1000;INTARIAN_PEPPER_ROOT;10830;12;10828;21;;;10837;17;10839;20;;;10833.5;0.0
yf_BGS_d14;1100;ASH_COATED_OSMIUM;9903;20;9901;16;;;9909;21;9912;27;;;9906.0;0.0
yf_BGS_d14;1100;INTARIAN_PEPPER_ROOT;10830;17;10828;17;;;10836;16;10840;21;;;10833.0;0.0
yf_BGS_d14;1200;ASH_COATED_OSMIUM;9902;22;9900;21;;;9908;18;9912;27;;;9905.0;0.0
yf_BGS_d14;1200;INTARIAN_PEPPER_ROOT;10830;18;10828;20;;;10836;29;10840;20;;;10833.0;0.0
yf_BGS_d14;1300;ASH_COATED_OSMIUM;9903;22;9901;9;;;9909;18;9913;16;;;9906.0;0.0
yf_BGS_d14;1300;INTARIAN_PEPPER_ROOT;10829;21;10826;23;;;10835;14;10839;23;;;10832.0;0.0
yf_BGS_d14;1400;ASH_COATED_OSMIUM;9903;5;9900;18;;;9909;17;9913;8;;;9906.0;0.0
yf_BGS_d14;1400;INTARIAN_PEPPER_ROOT;10817;15;10814;15;;;10848;15;10852;26;;;10832.5;0.0
yf_BGS_d14;1500;ASH_COATED_OSMIUM;9903;13;9900;22;;;9909;9;9913;23;;;9906.0;0.0
yf_BGS_d14;1500;INTARIAN_PEPPER_ROOT;10829;16;10826;23;;;10835;18;10839;16;;;10832.0;0.0
yf_BGS_d14;1600;ASH_COATED_OSMIUM;9900;6;9897;22;;;9911;25;9914;26;;;9905.5;0.0
yf_BGS_d14;1600;INTARIAN_PEPPER_ROOT;10829;10;10825;16;;;10835;15;10839;22;;;10832.0;0.0
yf_BGS_d14;1700;ASH_COATED_OSMIUM;9902;11;9898;20;;;9908;17;9911;23;;;9905.0;0.0
yf_BGS_d14;1700;INTARIAN_PEPPER_ROOT;10828;9;10824;25;;;10834;14;10838;17;;;10831.0;0.0
yf_BGS_d14;1800;ASH_COATED_OSMIUM;9902;16;9898;24;;;9908;17;9912;14;;;9905.0;0.0
yf_BGS_d14;1800;INTARIAN_PEPPER_ROOT;10826;15;10823;22;;;10836;15;10838;17;;;10831.0;0.0
yf_BGS_d14;1900;ASH_COATED_OSMIUM;9902;16;9900;19;;;9908;13;9911;28;;;9905.0;0.0
yf_BGS_d14;1900;INTARIAN_PEPPER_ROOT;10828;22;10825;11;;;10835;8;10838;25;;;10831.5;0.0
yf_BGS_d14;2000;ASH_COATED_OSMIUM;9900;12;9898;21;;;9912;14;9916;29;;;9906.0;0.0
yf_BGS_d14;2000;INTARIAN_PEPPER_ROOT;10828;21;10824;30;;;10834;6;10837;19;;;10831.0;0.0
yf_BGS_d14;2100;ASH_COATED_OSMIUM;9896;19;9893;20;;;9913;20;9915;18;;;9904.5;0.0
yf_BGS_d14;2100;INTARIAN_PEPPER_ROOT;10823;16;10819;20;;;10837;14;10840;15;;;10830.0;0.0
yf_BGS_d14;2200;ASH_COATED_OSMIUM;9901;16;9897;22;;;9911;23;9914;23;;;9906.0;0.0
yf_BGS_d14;2200;INTARIAN_PEPPER_ROOT;10827;18;10824;14;;;10834;20;10837;24;;;10830.5;0.0
yf_BGS_d14;2300;ASH_COATED_OSMIUM;9902;6;9899;20;;;9908;10;9911;16;;;9905.0;0.0
yf_BGS_d14;2300;INTARIAN_PEPPER_ROOT;10827;13;10825;21;;;10833;14;10837;15;;;10830.0;0.0
yf_BGS_d14;2400;ASH_COATED_OSMIUM;9902;11;9900;18;;;9909;13;9911;18;;;9905.5;0.0
yf_BGS_d14;2400;INTARIAN_PEPPER_ROOT;10827;15;10825;19;;;10833;9;10835;17;;;10830.0;0.0
yf_BGS_d14;2500;ASH_COATED_OSMIUM;9898;12;9895;24;;;9910;12;9912;18;;;9904.0;0.0
yf_BGS_d14;2500;INTARIAN_PEPPER_ROOT;10822;11;10818;20;;;10836;16;10839;16;;;10829.0;0.0
yf_BGS_d14;2600;ASH_COATED_OSMIUM;9897;22;9894;32;;;9914;27;9917;29;;;9905.5;0.0
yf_BGS_d14;2600;INTARIAN_PEPPER_ROOT;10826;6;10823;20;;;10832;19;10834;22;;;10829.0;0.0
yf_BGS_d14;2700;ASH_COATED_OSMIUM;9902;18;9898;25;;;9908;11;9910;14;;;9905.0;0.0
yf_BGS_d14;2700;INTARIAN_PEPPER_ROOT;10826;13;10823;30;;;10832;22;10834;12;;;10829.0;0.0
yf_BGS_d14;2800;ASH_COATED_OSMIUM;9902;11;9900;25;;;9908;12;9910;22;;;9905.0;0.0
yf_BGS_d14;2800;INTARIAN_PEPPER_ROOT;10825;15;10821;25;;;10831;11;10834;15;;;10828.0;0.0
yf_BGS_d14;2900;ASH_COATED_OSMIUM;9899;16;9897;21;;;9912;20;9915;22;;;9905.5;0.0
yf_BGS_d14;2900;INTARIAN_PEPPER_ROOT;10825;10;10822;25;;;10831;11;10834;24;;;10828.0;0.0
yf_BGS_d14;3000;ASH_COATED_OSMIUM;9900;11;9896;18;;;9909;14;9912;20;;;9904.5;0.0
yf_BGS_d14;3000;INTARIAN_PEPPER_ROOT;10825;15;10823;23;;;10831;5;10833;20;;;10828.0;0.0
yf_BGS_d14;3100;ASH_COATED_OSMIUM;9896;26;9894;20;;;9915;21;9919;23;;;9905.5;0.0
yf_BGS_d14;3100;INTARIAN_PEPPER_ROOT;10824;13;10822;19;;;10832;19;10834;14;;;10828.0;0.0
yf_BGS_d14;3200;ASH_COATED_OSMIUM;9902;13;9898;24;;;9908;13;9912;19;;;9905.0;0.0
yf_BGS_d14;3200;INTARIAN_PEPPER_ROOT;10824;13;10821;20;;;10830;24;10833;17;;;10827.0;0.0
yf_BGS_d14;3300;ASH_COATED_OSMIUM;9901;16;9897;13;;;9909;10;9911;31;;;9905.0;0.0
yf_BGS_d14;3300;INTARIAN_PEPPER_ROOT;10822;12;10819;16;;;10832;17;10834;22;;;10827.0;0.0
yf_BGS_d14;3400;ASH_COATED_OSMIUM;9902;13;9899;27;;;9908;16;9911;21;;;9905.0;0.0
yf_BGS_d14;3400;INTARIAN_PEPPER_ROOT;10824;12;10821;20;;;10830;8;10832;17;;;10827.0;0.0
yf_BGS_d14;3500;ASH_COATED_OSMIUM;9902;7;9900;24;;;9909;11;9912;19;;;9905.5;0.0
yf_BGS_d14;3500;INTARIAN_PEPPER_ROOT;10818;21;10816;14;;;10836;15;10840;21;;;10827.0;0.0
yf_BGS_d14;3600;ASH_COATED_OSMIUM;9902;12;9899;24;;;9908;19;9910;17;;;9905.0;0.0
yf_BGS_d14;3600;INTARIAN_PEPPER_ROOT;10821;13;10817;11;;;10831;13;10834;18;;;10826.0;0.0
yf_BGS_d14;3700;ASH_COATED_OSMIUM;9902;14;9899;20;;;9908;12;9912;25;;;9905.0;0.0
yf_BGS_d14;3700;INTARIAN_PEPPER_ROOT;10823;12;10819;26;;;10829;14;10831;16;;;10826.0;0.0
yf_BGS_d14;3800;ASH_COATED_OSMIUM;9902;9;9900;28;;;9909;25;9913;17;;;9905.5;0.0
yf_BGS_d14;3800;INTARIAN_PEPPER_ROOT;10821;19;10818;18;;;10829;11;10833;24;;;10825.0;0.0
yf_BGS_d14;3900;ASH_COATED_OSMIUM;9902;22;9900;25;;;9908;8;9912;21;;;9905.0;0.0
yf_BGS_d14;3900;INTARIAN_PEPPER_ROOT;10822;6;10818;19;;;10828;17;10831;19;;;10825.0;0.0
yf_BGS_d14;4000;ASH_COATED_OSMIUM;9902;14;9899;20;;;9908;14;9912;26;;;9905.0;0.0
yf_BGS_d14;4000;INTARIAN_PEPPER_ROOT;10819;11;10815;18;;;10830;11;10834;16;;;10824.5;0.0
yf_BGS_d14;4100;ASH_COATED_OSMIUM;9902;15;9898;18;;;9908;22;9910;18;;;9905.0;0.0
yf_BGS_d14;4100;INTARIAN_PEPPER_ROOT;10821;19;10819;22;;;10828;26;10830;24;;;10824.5;0.0
yf_BGS_d14;4200;ASH_COATED_OSMIUM;9902;13;9899;17;;;9908;21;9912;14;;;9905.0;0.0
yf_BGS_d14;4200;INTARIAN_PEPPER_ROOT;10822;13;10818;22;;;10828;10;10830;11;;;10825.0;0.0
yf_BGS_d14;4300;ASH_COATED_OSMIUM;9902;20;9900;22;;;9908;18;9911;22;;;9905.0;0.0
yf_BGS_d14;4300;INTARIAN_PEPPER_ROOT;10819;13;10815;26;;;10830;18;10832;19;;;10824.5;0.0
yf_BGS_d14;4400;ASH_COATED_OSMIUM;9900;7;9896;15;;;9910;10;9913;20;;;9905.0;0.0
yf_BGS_d14;4400;INTARIAN_PEPPER_ROOT;10821;28;10817;20;;;10827;17;10831;23;;;10824.0;0.0
yf_BGS_d14;4500;ASH_COATED_OSMIUM;9902;13;9899;14;;;9908;20;9911;18;;;9905.0;0.0
yf_BGS_d14;4500;INTARIAN_PEPPER_ROOT;10820;9;10816;24;;;10827;15;10831;16;;;10823.5;0.0
yf_BGS_d14;4600;ASH_COATED_OSMIUM;9900;10;9896;24;;;9910;22;9912;8;;;9905.0;0.0
yf_BGS_d14;4600;INTARIAN_PEPPER_ROOT;10809;15;10806;17;;;10838;8;10840;21;;;10823.5;0.0
yf_BGS_d14;4700;ASH_COATED_OSMIUM;9902;19;9899;26;;;9908;16;9911;12;;;9905.0;0.0
yf_BGS_d14;4700;INTARIAN_PEPPER_ROOT;10815;16;10811;19;;;10830;16;10832;19;;;10822.5;0.0
yf_BGS_d14;4800;ASH_COATED_OSMIUM;9902;11;9899;25;;;9908;15;9910;16;;;9905.0;0.0
yf_BGS_d14;4800;INTARIAN_PEPPER_ROOT;10820;15;10817;18;;;10826;10;10829;17;;;10823.0;0.0
yf_BGS_d14;4900;ASH_COATED_OSMIUM;9883;9;9880;21;;;9927;13;9931;26;;;9905.0;0.0
yf_BGS_d14;4900;INTARIAN_PEPPER_ROOT;10819;18;10816;22;;;10825;11;10829;26;;;10822.0;0.0
yf_BGS_d14;5000;ASH_COATED_OSMIUM;9902;12;9898;21;;;9908;14;9911;24;;;9905.0;0.0
yf_BGS_d14;5000;INTARIAN_PEPPER_ROOT;10819;11;10816;25;;;10825;9;10829;15;;;10822.0;0.0
yf_BGS_d14;5100;ASH_COATED_OSMIUM;9899;8;9896;18;;;9911;7;9913;17;;;9905.0;0.0
yf_BGS_d14;5100;INTARIAN_PEPPER_ROOT;10819;16;10817;20;;;10825;18;10829;18;;;10822.0;0.0
yf_BGS_d14;5200;ASH_COATED_OSMIUM;9902;21;9900;19;;;9908;13;9910;18;;;9905.0;0.0
yf_BGS_d14;5200;INTARIAN_PEPPER_ROOT;10818;10;10814;28;;;10825;17;10827;24;;;10821.5;0.0
yf_BGS_d14;5300;ASH_COATED_OSMIUM;9902;20;9898;23;;;9908;6;9912;19;;;9905.0;0.0
yf_BGS_d14;5300;INTARIAN_PEPPER_ROOT;10818;8;10816;23;;;10824;18;10828;20;;;10821.0;0.0
yf_BGS_d14;5400;ASH_COATED_OSMIUM;9902;5;9899;26;;;9908;17;9910;16;;;9905.0;0.0
yf_BGS_d14;5400;INTARIAN_PEPPER_ROOT;10818;14;10816;22;;;10824;15;10827;24;;;10821.0;0.0
yf_BGS_d14;5500;ASH_COATED_OSMIUM;9902;19;9899;20;;;9908;16;9912;18;;;9905.0;0.0
yf_BGS_d14;5500;INTARIAN_PEPPER_ROOT;10807;13;10803;22;;;10834;18;10837;21;;;10820.5;0.0
yf_BGS_d14;5600;ASH_COATED_OSMIUM;9902;23;9899;17;;;9908;11;9911;19;;;9905.0;0.0
yf_BGS_d14;5600;INTARIAN_PEPPER_ROOT;10818;8;10815;23;;;10824;15;10827;19;;;10821.0;0.0
yf_BGS_d14;5700;ASH_COATED_OSMIUM;9902;20;9900;20;;;9908;19;9910;13;;;9905.0;0.0
yf_BGS_d14;5700;INTARIAN_PEPPER_ROOT;10813;23;10809;33;;;10828;10;10831;24;;;10820.5;0.0
yf_BGS_d14;5800;ASH_COATED_OSMIUM;9902;15;9900;11;;;9908;13;9911;21;;;9905.0;0.0
yf_BGS_d14;5800;INTARIAN_PEPPER_ROOT;10814;12;10811;20;;;10826;19;10830;17;;;10820.0;0.0
yf_BGS_d14;5900;ASH_COATED_OSMIUM;9898;21;9895;20;;;9911;10;9915;18;;;9904.5;0.0
yf_BGS_d14;5900;INTARIAN_PEPPER_ROOT;10817;15;10814;14;;;10823;14;10825;19;;;10820.0;0.0
yf_BGS_d14;6000;ASH_COATED_OSMIUM;9902;20;9898;18;;;9909;17;9913;27;;;9905.5;0.0
yf_BGS_d14;6000;INTARIAN_PEPPER_ROOT;10815;15;10812;25;;;10823;14;10826;21;;;10819.0;0.0
yf_BGS_d14;6100;ASH_COATED_OSMIUM;9902;18;9899;13;;;9908;18;9911;19;;;9905.0;0.0
yf_BGS_d14;6100;INTARIAN_PEPPER_ROOT;10813;18;10811;23;;;10825;5;10829;26;;;10819.0;0.0
yf_BGS_d14;6200;ASH_COATED_OSMIUM;9902;10;9900;9;;;9908;22;9910;17;;;9905.0;0.0
yf_BGS_d14;6200;INTARIAN_PEPPER_ROOT;10816;8;10813;10;;;10822;11;10826;21;;;10819.0;0.0
yf_BGS_d14;6300;ASH_COATED_OSMIUM;9895;10;9892;19;;;9914;15;9917;25;;;9904.5;0.0
yf_BGS_d14;6300;INTARIAN_PEPPER_ROOT;10816;11;10812;10;;;10822;11;10826;29;;;10819.0;0.0
yf_BGS_d14;6400;ASH_COATED_OSMIUM;9902;10;9900;26;;;9908;20;9911;16;;;9905.0;0.0
yf_BGS_d14;6400;INTARIAN_PEPPER_ROOT;10806;5;10803;13;;;10831;20;10835;15;;;10818.5;0.0
yf_BGS_d14;6500;ASH_COATED_OSMIUM;9902;16;9898;14;;;9908;14;9911;18;;;9905.0;0.0
yf_BGS_d14;6500;INTARIAN_PEPPER_ROOT;10815;13;10813;14;;;10821;17;10823;18;;;10818.0;0.0
yf_BGS_d14;6600;ASH_COATED_OSMIUM;9902;10;9898;27;;;9908;13;9910;12;;;9905.0;0.0
yf_BGS_d14;6600;INTARIAN_PEPPER_ROOT;10815;19;10813;21;;;10821;9;10825;12;;;10818.0;0.0
yf_BGS_d14;6700;ASH_COATED_OSMIUM;9901;9;9897;24;;;9908;7;9912;14;;;9904.5;0.0
yf_BGS_d14;6700;INTARIAN_PEPPER_ROOT;10815;12;10811;16;;;10821;5;10825;31;;;10818.0;0.0
yf_BGS_d14;6800;ASH_COATED_OSMIUM;9902;26;9898;15;;;9908;12;9910;25;;;9905.0;0.0
yf_BGS_d14;6800;INTARIAN_PEPPER_ROOT;10815;13;10811;21;;;10821;10;10823;15;;;10818.0;0.0
yf_BGS_d14;6900;ASH_COATED_OSMIUM;9898;19;9894;18;;;9911;18;9913;22;;;9904.5;0.0
yf_BGS_d14;6900;INTARIAN_PEPPER_ROOT;10808;16;10804;21;;;10826;12;10830;20;;;10817.0;0.0
yf_BGS_d14;7000;ASH_COATED_OSMIUM;9901;15;9899;28;;;9908;15;9910;11;;;9904.5;0.0
yf_BGS_d14;7000;INTARIAN_PEPPER_ROOT;10813;10;10810;12;;;10821;16;10825;24;;;10817.0;0.0
yf_BGS_d14;7100;ASH_COATED_OSMIUM;9902;14;9900;21;;;9908;15;9910;17;;;9905.0;0.0
yf_BGS_d14;7100;INTARIAN_PEPPER_ROOT;10814;18;10810;23;;;10820;14;10822;10;;;10817.0;0.0
yf_BGS_d14;7200;ASH_COATED_OSMIUM;9902;20;9900;21;;;9908;22;9910;21;;;9905.0;0.0
yf_BGS_d14;7200;INTARIAN_PEPPER_ROOT;10808;9;10805;17;;;10824;15;10828;22;;;10816.0;0.0
yf_BGS_d14;7300;ASH_COATED_OSMIUM;9901;15;9897;16;;;9910;15;9913;11;;;9905.5;0.0
yf_BGS_d14;7300;INTARIAN_PEPPER_ROOT;10811;15;10807;17;;;10821;7;10824;21;;;10816.0;0.0
yf_BGS_d14;7400;ASH_COATED_OSMIUM;9902;18;9899;22;;;9908;19;9912;22;;;9905.0;0.0
yf_BGS_d14;7400;INTARIAN_PEPPER_ROOT;10810;10;10807;22;;;10822;22;10825;12;;;10816.0;0.0
yf_BGS_d14;7500;ASH_COATED_OSMIUM;9898;21;9896;18;;;9912;14;9914;18;;;9905.0;0.0
yf_BGS_d14;7500;INTARIAN_PEPPER_ROOT;10813;20;10809;18;;;10819;12;10821;20;;;10816.0;0.0
yf_BGS_d14;7600;ASH_COATED_OSMIUM;9895;13;9893;23;;;9915;18;9918;15;;;9905.0;0.0
yf_BGS_d14;7600;INTARIAN_PEPPER_ROOT;10811;11;10807;24;;;10819;12;10822;15;;;10815.0;0.0
yf_BGS_d14;7700;ASH_COATED_OSMIUM;9902;13;9898;25;;;9909;8;9913;20;;;9905.5;0.0
yf_BGS_d14;7700;INTARIAN_PEPPER_ROOT;10809;21;10807;22;;;10820;6;10823;17;;;10814.5;0.0
yf_BGS_d14;7800;ASH_COATED_OSMIUM;9902;8;9900;16;;;9908;11;9910;26;;;9905.0;0.0
yf_BGS_d14;7800;INTARIAN_PEPPER_ROOT;10812;7;10808;26;;;10818;10;10821;21;;;10815.0;0.0
yf_BGS_d14;7900;ASH_COATED_OSMIUM;9902;17;9899;16;;;9908;6;9912;10;;;9905.0;0.0
yf_BGS_d14;7900;INTARIAN_PEPPER_ROOT;10812;15;10810;23;;;10818;26;10821;13;;;10815.0;0.0
yf_BGS_d14;8000;ASH_COATED_OSMIUM;9902;12;9898;20;;;9908;13;9911;25;;;9905.0;0.0
yf_BGS_d14;8000;INTARIAN_PEPPER_ROOT;10811;20;10809;16;;;10817;18;10819;10;;;10814.0;0.0
yf_BGS_d14;8100;ASH_COATED_OSMIUM;9902;20;9898;17;;;9908;14;9910;12;;;9905.0;0.0
yf_BGS_d14;8100;INTARIAN_PEPPER_ROOT;10810;22;10807;21;;;10817;12;10821;12;;;10813.5;0.0
yf_BGS_d14;8200;ASH_COATED_OSMIUM;9902;10;9898;17;;;9908;19;9911;24;;;9905.0;0.0
yf_BGS_d14;8200;INTARIAN_PEPPER_ROOT;10806;16;10803;17;;;10822;13;10824;24;;;10814.0;0.0
yf_BGS_d14;8300;ASH_COATED_OSMIUM;9902;18;9898;17;;;9908;12;9911;8;;;9905.0;0.0
yf_BGS_d14;8300;INTARIAN_PEPPER_ROOT;10804;18;10802;17;;;10824;17;10827;28;;;10814.0;0.0
yf_BGS_d14;8400;ASH_COATED_OSMIUM;9902;20;9898;28;;;9908;12;9912;22;;;9905.0;0.0
yf_BGS_d14;8400;INTARIAN_PEPPER_ROOT;10810;15;10808;11;;;10816;11;10820;17;;;10813.0;0.0
yf_BGS_d14;8500;ASH_COATED_OSMIUM;9901;12;9898;14;;;9909;14;9912;25;;;9905.0;0.0
yf_BGS_d14;8500;INTARIAN_PEPPER_ROOT;10810;11;10806;27;;;10816;19;10819;11;;;10813.0;0.0
yf_BGS_d14;8600;ASH_COATED_OSMIUM;9901;10;9898;13;;;9907;12;9911;30;;;9904.0;0.0
yf_BGS_d14;8600;INTARIAN_PEPPER_ROOT;10809;17;10805;15;;;10815;11;10818;19;;;10812.0;0.0
yf_BGS_d14;8700;ASH_COATED_OSMIUM;9900;9;9896;21;;;9909;11;9913;22;;;9904.5;0.0
yf_BGS_d14;8700;INTARIAN_PEPPER_ROOT;10799;5;10796;23;;;10827;16;10830;16;;;10813.0;0.0
yf_BGS_d14;8800;ASH_COATED_OSMIUM;9902;16;9898;21;;;9908;20;9912;18;;;9905.0;0.0
yf_BGS_d14;8800;INTARIAN_PEPPER_ROOT;10809;14;10806;26;;;10815;12;10819;23;;;10812.0;0.0
yf_BGS_d14;8900;ASH_COATED_OSMIUM;9901;22;9898;23;;;9908;16;9912;23;;;9904.5;0.0
yf_BGS_d14;8900;INTARIAN_PEPPER_ROOT;10809;12;10805;13;;;10815;15;10818;17;;;10812.0;0.0
yf_BGS_d14;9000;ASH_COATED_OSMIUM;9901;17;9899;18;;;9907;11;9910;22;;;9904.0;0.0
yf_BGS_d14;9000;INTARIAN_PEPPER_ROOT;10807;15;10803;14;;;10816;17;10820;23;;;10811.5;0.0
yf_BGS_d14;9100;ASH_COATED_OSMIUM;9902;18;9899;18;;;9908;15;9910;16;;;9905.0;0.0
yf_BGS_d14;9100;INTARIAN_PEPPER_ROOT;10806;24;10802;11;;;10817;14;10821;24;;;10811.5;0.0
yf_BGS_d14;9200;ASH_COATED_OSMIUM;9898;11;9896;15;;;9911;18;9914;19;;;9904.5;0.0
yf_BGS_d14;9200;INTARIAN_PEPPER_ROOT;10808;9;10805;30;;;10814;10;10817;19;;;10811.0;0.0
yf_BGS_d14;9300;ASH_COATED_OSMIUM;9902;5;9900;31;;;9908;20;9912;15;;;9905.0;0.0
yf_BGS_d14;9300;INTARIAN_PEPPER_ROOT;10808;12;10805;23;;;10814;14;10817;19;;;10811.0;0.0
yf_BGS_d14;9400;ASH_COATED_OSMIUM;9899;16;9896;22;;;9910;5;9912;26;;;9904.5;0.0
yf_BGS_d14;9400;INTARIAN_PEPPER_ROOT;10807;5;10803;17;;;10813;24;10816;26;;;10810.0;0.0
yf_BGS_d14;9500;ASH_COATED_OSMIUM;9892;16;9888;29;;;9917;15;9921;15;;;9904.5;0.0
yf_BGS_d14;9500;INTARIAN_PEPPER_ROOT;10806;11;10803;16;;;10814;13;10818;19;;;10810.0;0.0
yf_BGS_d14;9600;ASH_COATED_OSMIUM;9891;9;9889;24;;;9918;23;9922;13;;;9904.5;0.0
yf_BGS_d14;9600;INTARIAN_PEPPER_ROOT;10807;11;10804;26;;;10813;12;10817;22;;;10810.0;0.0
yf_BGS_d14;9700;ASH_COATED_OSMIUM;9902;15;9898;15;;;9908;13;9910;21;;;9905.0;0.0
yf_BGS_d14;9700;INTARIAN_PEPPER_ROOT;10805;12;10803;17;;;10813;21;10817;15;;;10809.0;0.0
yf_BGS_d14;9800;ASH_COATED_OSMIUM;9901;10;9898;18;;;9907;15;9909;20;;;9904.0;0.0
yf_BGS_d14;9800;INTARIAN_PEPPER_ROOT;10805;17;10801;21;;;10813;12;10815;14;;;10809.0;0.0
yf_BGS_d14;9900;ASH_COATED_OSMIUM;9902;19;9900;10;;;9908;5;9912;22;;;9905.0;0.0
yf_BGS_d14;9900;INTARIAN_PEPPER_ROOT;10806;18;10804;20;;;10812;18;10816;24;;;10809.0;0.0
yf_BGS_d14;10000;ASH_COATED_OSMIUM;9900;21;9896;22;;;9910;18;9913;13;;;9905.0;0.0
yf_BGS_d14;10000;INTARIAN_PEPPER_ROOT;10805;6;10802;24;;;10811;23;10814;14;;;10808.0;0.0
yf_BGS_d14;10100;ASH_COATED_OSMIUM;9902;17;9898;16;;;9908;8;9912;17;;;9905.0;0.0
yf_BGS_d14;10100;INTARIAN_PEPPER_ROOT;10802;8;10799;19;;;10815;10;10817;18;;;10808.5;0.0
yf_BGS_d14;10200;ASH_COATED_OSMIUM;9902;11;9899;23;;;9908;18;9910;19;;;9905.0;0.0
yf_BGS_d14;10200;INTARIAN_PEPPER_ROOT;10803;6;10800;25;;;10814;10;10817;17;;;10808.5;0.0
yf_BGS_d14;10300;ASH_COATED_OSMIUM;9901;24;9897;20;;;9908;23;9912;12;;;9904.5;0.0
yf_BGS_d14;10300;INTARIAN_PEPPER_ROOT;10804;11;10800;19;;;10810;28;10813;18;;;10807.0;0.0
yf_BGS_d14;10400;ASH_COATED_OSMIUM;9901;20;9899;20;;;9907;27;9910;20;;;9904.0;0.0
yf_BGS_d14;10400;INTARIAN_PEPPER_ROOT;10802;19;10800;22;;;10814;13;10816;14;;;10808.0;0.0
yf_BGS_d14;10500;ASH_COATED_OSMIUM;9902;20;9899;21;;;9908;14;9911;17;;;9905.0;0.0
yf_BGS_d14;10500;INTARIAN_PEPPER_ROOT;10805;17;10803;20;;;10811;15;10815;26;;;10808.0;0.0
yf_BGS_d14;10600;ASH_COATED_OSMIUM;9896;20;9894;18;;;9913;13;9915;16;;;9904.5;0.0
yf_BGS_d14;10600;INTARIAN_PEPPER_ROOT;10804;21;10801;19;;;10810;7;10813;14;;;10807.0;0.0
yf_BGS_d14;10700;ASH_COATED_OSMIUM;9897;22;9895;25;;;9913;17;9917;22;;;9905.0;0.0
yf_BGS_d14;10700;INTARIAN_PEPPER_ROOT;10804;20;10800;16;;;10810;5;10812;14;;;10807.0;0.0
yf_BGS_d14;10800;ASH_COATED_OSMIUM;9901;9;9897;19;;;9908;9;9911;20;;;9904.5;0.0
yf_BGS_d14;10800;INTARIAN_PEPPER_ROOT;10803;17;10799;18;;;10810;14;10814;24;;;10806.5;0.0
yf_BGS_d14;10900;ASH_COATED_OSMIUM;9900;5;9896;18;;;9908;16;9911;9;;;9904.0;0.0
yf_BGS_d14;10900;INTARIAN_PEPPER_ROOT;10801;27;10799;19;;;10811;22;10815;22;;;10806.0;0.0
yf_BGS_d14;11000;ASH_COATED_OSMIUM;9901;6;9899;15;;;9907;12;9911;22;;;9904.0;0.0
yf_BGS_d14;11000;INTARIAN_PEPPER_ROOT;10803;20;10799;12;;;10809;11;10812;30;;;10806.0;0.0
yf_BGS_d14;11100;ASH_COATED_OSMIUM;9902;11;9898;25;;;9908;19;9912;15;;;9905.0;0.0
yf_BGS_d14;11100;INTARIAN_PEPPER_ROOT;10803;15;10801;19;;;10809;14;10813;21;;;10806.0;0.0
yf_BGS_d14;11200;ASH_COATED_OSMIUM;9901;18;9897;14;;;9908;16;9910;13;;;9904.5;0.0
yf_BGS_d14;11200;INTARIAN_PEPPER_ROOT;10803;18;10801;23;;;10809;20;10813;20;;;10806.0;0.0
yf_BGS_d14;11300;ASH_COATED_OSMIUM;9901;13;9897;20;;;9907;14;9909;22;;;9904.0;0.0
yf_BGS_d14;11300;INTARIAN_PEPPER_ROOT;10802;17;10800;9;;;10808;8;10811;8;;;10805.0;0.0
yf_BGS_d14;11400;ASH_COATED_OSMIUM;9896;13;9892;20;;;9913;14;9916;20;;;9904.5;0.0
yf_BGS_d14;11400;INTARIAN_PEPPER_ROOT;10781;24;10779;15;;;10828;13;10830;21;;;10804.5;0.0
yf_BGS_d14;11500;ASH_COATED_OSMIUM;9902;10;9900;18;;;9908;13;9912;22;;;9905.0;0.0
yf_BGS_d14;11500;INTARIAN_PEPPER_ROOT;10797;19;10794;20;;;10812;21;10814;33;;;10804.5;0.0
yf_BGS_d14;11600;ASH_COATED_OSMIUM;9898;20;9894;24;;;9911;5;9914;24;;;9904.5;0.0
yf_BGS_d14;11600;INTARIAN_PEPPER_ROOT;10795;13;10791;8;;;10813;10;10817;17;;;10804.0;0.0
yf_BGS_d14;11700;ASH_COATED_OSMIUM;9902;16;9900;16;;;9908;12;9912;16;;;9905.0;0.0
yf_BGS_d14;11700;INTARIAN_PEPPER_ROOT;10801;12;10798;17;;;10807;19;10809;11;;;10804.0;0.0
yf_BGS_d14;11800;ASH_COATED_OSMIUM;9901;19;9897;17;;;9907;13;9910;22;;;9904.0;0.0
yf_BGS_d14;11800;INTARIAN_PEPPER_ROOT;10801;21;10798;14;;;10807;12;10810;22;;;10804.0;0.0
yf_BGS_d14;11900;ASH_COATED_OSMIUM;9897;21;9893;21;;;9911;21;9914;10;;;9904.0;0.0
yf_BGS_d14;11900;INTARIAN_PEPPER_ROOT;10801;14;10798;25;;;10807;9;10810;15;;;10804.0;0.0
yf_BGS_d14;12000;ASH_COATED_OSMIUM;9898;15;9896;25;;;9910;8;9914;24;;;9904.0;0.0
yf_BGS_d14;12000;INTARIAN_PEPPER_ROOT;10795;10;10793;8;;;10812;25;10814;9;;;10803.5;0.0
yf_BGS_d14;12100;ASH_COATED_OSMIUM;9901;12;9899;16;;;9907;13;9911;25;;;9904.0;0.0
yf_BGS_d14;12100;INTARIAN_PEPPER_ROOT;10796;14;10792;19;;;10810;10;10812;17;;;10803.0;0.0
yf_BGS_d14;12200;ASH_COATED_OSMIUM;9896;5;9894;22;;;9913;24;9917;20;;;9904.5;0.0
yf_BGS_d14;12200;INTARIAN_PEPPER_ROOT;10800;12;10796;22;;;10806;12;10808;16;;;10803.0;0.0
yf_BGS_d14;12300;ASH_COATED_OSMIUM;9897;13;9894;16;;;9912;23;9916;16;;;9904.5;0.0
yf_BGS_d14;12300;INTARIAN_PEPPER_ROOT;10800;15;10797;14;;;10806;13;10809;18;;;10803.0;0.0
yf_BGS_d14;12400;ASH_COATED_OSMIUM;9900;6;9898;26;;;9909;19;9912;17;;;9904.5;0.0
yf_BGS_d14;12400;INTARIAN_PEPPER_ROOT;10799;12;10796;11;;;10805;12;10808;18;;;10802.0;0.0
yf_BGS_d14;12500;ASH_COATED_OSMIUM;9902;18;9899;15;;;9908;8;9910;20;;;9905.0;0.0
yf_BGS_d14;12500;INTARIAN_PEPPER_ROOT;10795;15;10791;17;;;10808;21;10811;24;;;10801.5;0.0
yf_BGS_d14;12600;ASH_COATED_OSMIUM;9901;17;9897;15;;;9907;24;9910;23;;;9904.0;0.0
yf_BGS_d14;12600;INTARIAN_PEPPER_ROOT;10790;18;10787;22;;;10814;9;10817;20;;;10802.0;0.0
yf_BGS_d14;12700;ASH_COATED_OSMIUM;9900;9;9896;18;;;9909;16;9911;17;;;9904.5;0.0
yf_BGS_d14;12700;INTARIAN_PEPPER_ROOT;10797;18;10795;23;;;10805;19;10807;17;;;10801.0;0.0
yf_BGS_d14;12800;ASH_COATED_OSMIUM;9901;5;9897;20;;;9907;12;9909;31;;;9904.0;0.0
yf_BGS_d14;12800;INTARIAN_PEPPER_ROOT;10792;24;10788;29;;;10811;20;10815;20;;;10801.5;0.0
yf_BGS_d14;12900;ASH_COATED_OSMIUM;9892;18;9889;21;;;9916;17;9919;14;;;9904.0;0.0
yf_BGS_d14;12900;INTARIAN_PEPPER_ROOT;10797;11;10795;17;;;10806;15;10810;18;;;10801.5;0.0
yf_BGS_d14;13000;ASH_COATED_OSMIUM;9901;19;9899;17;;;9909;7;9911;14;;;9905.0;0.0
yf_BGS_d14;13000;INTARIAN_PEPPER_ROOT;10795;10;10792;16;;;10804;11;10807;27;;;10799.5;0.0
yf_BGS_d14;13100;ASH_COATED_OSMIUM;9902;19;9899;22;;;9908;14;9910;18;;;9905.0;0.0
yf_BGS_d14;13100;INTARIAN_PEPPER_ROOT;10795;23;10793;17;;;10804;13;10806;22;;;10799.5;0.0
yf_BGS_d14;13200;ASH_COATED_OSMIUM;9901;15;9899;18;;;9907;13;9911;22;;;9904.0;0.0
yf_BGS_d14;13200;INTARIAN_PEPPER_ROOT;10796;13;10793;16;;;10802;21;10804;25;;;10799.0;0.0
yf_BGS_d14;13300;ASH_COATED_OSMIUM;9900;14;9897;22;;;9909;18;9911;24;;;9904.5;0.0
yf_BGS_d14;13300;INTARIAN_PEPPER_ROOT;10797;11;10793;11;;;10803;22;10805;24;;;10800.0;0.0
yf_BGS_d14;13400;ASH_COATED_OSMIUM;9901;13;9899;20;;;9907;17;9910;21;;;9904.0;0.0
yf_BGS_d14;13400;INTARIAN_PEPPER_ROOT;10796;23;10794;15;;;10802;10;10804;21;;;10799.0;0.0
yf_BGS_d14;13500;ASH_COATED_OSMIUM;9896;21;9892;19;;;9913;19;9916;13;;;9904.5;0.0
yf_BGS_d14;13500;INTARIAN_PEPPER_ROOT;10771;11;10768;22;;;10827;23;10830;23;;;10799.0;0.0
yf_BGS_d14;13600;ASH_COATED_OSMIUM;9901;23;9899;19;;;9907;5;9910;18;;;9904.0;0.0
yf_BGS_d14;13600;INTARIAN_PEPPER_ROOT;10796;18;10793;14;;;10802;19;10806;11;;;10799.0;0.0
yf_BGS_d14;13700;ASH_COATED_OSMIUM;9891;23;9889;22;;;9918;20;9921;18;;;9904.5;0.0
yf_BGS_d14;13700;INTARIAN_PEPPER_ROOT;10796;14;10794;13;;;10802;13;10806;20;;;10799.0;0.0
yf_BGS_d14;13800;ASH_COATED_OSMIUM;9898;9;9895;23;;;9909;26;9912;14;;;9903.5;0.0
yf_BGS_d14;13800;INTARIAN_PEPPER_ROOT;10795;19;10793;28;;;10801;16;10804;21;;;10798.0;0.0
yf_BGS_d14;13900;ASH_COATED_OSMIUM;9902;21;9898;21;;;9908;12;9911;22;;;9905.0;0.0
yf_BGS_d14;13900;INTARIAN_PEPPER_ROOT;10795;18;10793;11;;;10801;17;10803;20;;;10798.0;0.0
yf_BGS_d14;14000;ASH_COATED_OSMIUM;9901;19;9899;21;;;9907;13;9909;23;;;9904.0;0.0
yf_BGS_d14;14000;INTARIAN_PEPPER_ROOT;10795;14;10792;16;;;10801;20;10805;22;;;10798.0;0.0
yf_BGS_d14;14100;ASH_COATED_OSMIUM;9901;6;9899;19;;;9907;15;9910;25;;;9904.0;0.0
yf_BGS_d14;14100;INTARIAN_PEPPER_ROOT;10791;20;10787;21;;;10805;11;10809;24;;;10798.0;0.0
yf_BGS_d14;14200;ASH_COATED_OSMIUM;9901;13;9897;17;;;9908;17;9912;22;;;9904.5;0.0
yf_BGS_d14;14200;INTARIAN_PEPPER_ROOT;10782;5;10779;19;;;10811;20;10814;16;;;10796.5;0.0
yf_BGS_d14;14300;ASH_COATED_OSMIUM;9901;18;9899;22;;;9907;16;9909;18;;;9904.0;0.0
yf_BGS_d14;14300;INTARIAN_PEPPER_ROOT;10794;7;10791;28;;;10800;14;10802;27;;;10797.0;0.0
yf_BGS_d14;14400;ASH_COATED_OSMIUM;9898;18;9895;27;;;9910;5;9913;17;;;9904.0;0.0
yf_BGS_d14;14400;INTARIAN_PEPPER_ROOT;10793;5;10790;16;;;10799;20;10802;21;;;10796.0;0.0
yf_BGS_d14;14500;ASH_COATED_OSMIUM;9898;16;9895;19;;;9911;15;9914;20;;;9904.5;0.0
yf_BGS_d14;14500;INTARIAN_PEPPER_ROOT;10791;11;10788;22;;;10802;12;10806;18;;;10796.5;0.0
yf_BGS_d14;14600;ASH_COATED_OSMIUM;9897;19;9893;11;;;9912;15;9914;23;;;9904.5;0.0
yf_BGS_d14;14600;INTARIAN_PEPPER_ROOT;10793;14;10791;17;;;10799;20;10803;23;;;10796.0;0.0
yf_BGS_d14;14700;ASH_COATED_OSMIUM;9890;24;9886;20;;;9918;10;9921;17;;;9904.0;0.0
yf_BGS_d14;14700;INTARIAN_PEPPER_ROOT;10787;20;10783;17;;;10806;18;10808;10;;;10796.5;0.0
yf_BGS_d14;14800;ASH_COATED_OSMIUM;9901;14;9899;28;;;9907;20;9911;18;;;9904.0;0.0
yf_BGS_d14;14800;INTARIAN_PEPPER_ROOT;10789;24;10785;20;;;10802;15;10804;26;;;10795.5;0.0
yf_BGS_d14;14900;ASH_COATED_OSMIUM;9901;8;9897;12;;;9907;11;9909;15;;;9904.0;0.0
yf_BGS_d14;14900;INTARIAN_PEPPER_ROOT;10792;13;10789;17;;;10798;6;10801;17;;;10795.0;0.0
yf_BGS_d14;15000;ASH_COATED_OSMIUM;9897;14;9894;9;;;9912;23;9914;16;;;9904.5;0.0
yf_BGS_d14;15000;INTARIAN_PEPPER_ROOT;10792;22;10790;16;;;10798;19;10802;18;;;10795.0;0.0
yf_BGS_d14;15100;ASH_COATED_OSMIUM;9900;16;9896;17;;;9910;12;9914;16;;;9905.0;0.0
yf_BGS_d14;15100;INTARIAN_PEPPER_ROOT;10788;19;10786;24;;;10800;9;10803;18;;;10794.0;0.0
yf_BGS_d14;15200;ASH_COATED_OSMIUM;9901;13;9899;17;;;9907;15;9911;17;;;9904.0;0.0
yf_BGS_d14;15200;INTARIAN_PEPPER_ROOT;10791;12;10787;17;;;10797;15;10801;15;;;10794.0;0.0
yf_BGS_d14;15300;ASH_COATED_OSMIUM;9901;21;9899;19;;;9907;22;9909;10;;;9904.0;0.0
yf_BGS_d14;15300;INTARIAN_PEPPER_ROOT;10782;20;10780;24;;;10806;13;10808;20;;;10794.0;0.0
yf_BGS_d14;15400;ASH_COATED_OSMIUM;9899;14;9896;25;;;9909;12;9913;12;;;9904.0;0.0
yf_BGS_d14;15400;INTARIAN_PEPPER_ROOT;10790;16;10786;23;;;10799;15;10801;20;;;10794.5;0.0
yf_BGS_d14;15500;ASH_COATED_OSMIUM;9901;9;9897;16;;;9907;13;9910;19;;;9904.0;0.0
yf_BGS_d14;15500;INTARIAN_PEPPER_ROOT;10790;6;10787;26;;;10796;23;10800;22;;;10793.0;0.0
yf_BGS_d14;15600;ASH_COATED_OSMIUM;9901;12;9897;23;;;9907;10;9910;24;;;9904.0;0.0
yf_BGS_d14;15600;INTARIAN_PEPPER_ROOT;10791;15;10789;19;;;10797;15;10800;25;;;10794.0;0.0
yf_BGS_d14;15700;ASH_COATED_OSMIUM;9896;19;9892;20;;;9912;18;9916;20;;;9904.0;0.0
yf_BGS_d14;15700;INTARIAN_PEPPER_ROOT;10790;8;10786;27;;;10796;18;10799;22;;;10793.0;0.0
yf_BGS_d14;15800;ASH_COATED_OSMIUM;9901;14;9899;13;;;9907;15;9911;22;;;9904.0;0.0
yf_BGS_d14;15800;INTARIAN_PEPPER_ROOT;10790;6;10786;22;;;10796;21;10800;16;;;10793.0;0.0
yf_BGS_d14;15900;ASH_COATED_OSMIUM;9901;20;9897;15;;;9907;18;9911;26;;;9904.0;0.0
yf_BGS_d14;15900;INTARIAN_PEPPER_ROOT;10790;19;10788;24;;;10796;11;10800;26;;;10793.0;0.0
yf_BGS_d14;16000;ASH_COATED_OSMIUM;9901;14;9898;26;;;9907;19;9911;25;;;9904.0;0.0
yf_BGS_d14;16000;INTARIAN_PEPPER_ROOT;10789;17;10785;17;;;10795;13;10797;8;;;10792.0;0.0
yf_BGS_d14;16100;ASH_COATED_OSMIUM;9901;13;9898;23;;;9907;14;9910;23;;;9904.0;0.0
yf_BGS_d14;16100;INTARIAN_PEPPER_ROOT;10787;24;10783;20;;;10798;9;10801;24;;;10792.5;0.0
yf_BGS_d14;16200;ASH_COATED_OSMIUM;9901;15;9897;24;;;9907;22;9910;8;;;9904.0;0.0
yf_BGS_d14;16200;INTARIAN_PEPPER_ROOT;10789;9;10787;13;;;10795;19;10799;23;;;10792.0;0.0
yf_BGS_d14;16300;ASH_COATED_OSMIUM;9891;18;9889;12;;;9918;17;9920;32;;;9904.5;0.0
yf_BGS_d14;16300;INTARIAN_PEPPER_ROOT;10789;12;10786;23;;;10795;15;10798;18;;;10792.0;0.0
yf_BGS_d14;16400;ASH_COATED_OSMIUM;9901;14;9897;25;;;9907;22;9909;18;;;9904.0;0.0
yf_BGS_d14;16400;INTARIAN_PEPPER_ROOT;10788;20;10785;12;;;10794;17;10797;13;;;10791.0;0.0
yf_BGS_d14;16500;ASH_COATED_OSMIUM;9901;16;9899;17;;;9907;16;9911;18;;;9904.0;0.0
yf_BGS_d14;16500;INTARIAN_PEPPER_ROOT;10786;18;10783;13;;;10796;19;10798;18;;;10791.0;0.0
yf_BGS_d14;16600;ASH_COATED_OSMIUM;9901;16;9897;23;;;9907;13;9910;8;;;9904.0;0.0
yf_BGS_d14;16600;INTARIAN_PEPPER_ROOT;10787;16;10784;15;;;10793;14;10795;21;;;10790.0;0.0
yf_BGS_d14;16700;ASH_COATED_OSMIUM;9901;20;9899;17;;;9907;23;9911;24;;;9904.0;0.0
yf_BGS_d14;16700;INTARIAN_PEPPER_ROOT;10784;9;10781;8;;;10797;18;10800;15;;;10790.5;0.0
yf_BGS_d14;16800;ASH_COATED_OSMIUM;9901;14;9899;25;;;9907;18;9911;13;;;9904.0;0.0
yf_BGS_d14;16800;INTARIAN_PEPPER_ROOT;10785;14;10781;25;;;10795;11;10797;15;;;10790.0;0.0
yf_BGS_d14;16900;ASH_COATED_OSMIUM;9900;18;9898;25;;;9908;15;9912;20;;;9904.0;0.0
yf_BGS_d14;16900;INTARIAN_PEPPER_ROOT;10784;5;10780;10;;;10795;10;10797;22;;;10789.5;0.0
yf_BGS_d14;17000;ASH_COATED_OSMIUM;9900;17;9897;23;;;9908;17;9912;18;;;9904.0;0.0
yf_BGS_d14;17000;INTARIAN_PEPPER_ROOT;10781;21;10779;25;;;10797;10;10801;18;;;10789.0;0.0
yf_BGS_d14;17100;ASH_COATED_OSMIUM;9900;19;9896;16;;;9909;18;9913;19;;;9904.5;0.0
yf_BGS_d14;17100;INTARIAN_PEPPER_ROOT;10785;7;10782;35;;;10791;13;10794;19;;;10788.0;0.0
yf_BGS_d14;17200;ASH_COATED_OSMIUM;9899;15;9896;20;;;9910;13;9913;17;;;9904.5;0.0
yf_BGS_d14;17200;INTARIAN_PEPPER_ROOT;10777;9;10773;25;;;10798;16;10800;21;;;10787.5;0.0
yf_BGS_d14;17300;ASH_COATED_OSMIUM;9897;17;9894;18;;;9911;11;9913;22;;;9904.0;0.0
yf_BGS_d14;17300;INTARIAN_PEPPER_ROOT;10783;18;10780;12;;;10790;12;10793;16;;;10786.5;0.0
yf_BGS_d14;17400;ASH_COATED_OSMIUM;9901;19;9898;18;;;9907;12;9911;15;;;9904.0;0.0
yf_BGS_d14;17400;INTARIAN_PEPPER_ROOT;10782;20;10778;19;;;10788;14;10790;15;;;10785.0;0.0
yf_BGS_d14;17500;ASH_COATED_OSMIUM;9901;5;9897;16;;;9907;24;9909;29;;;9904.0;0.0
yf_BGS_d14;17500;INTARIAN_PEPPER_ROOT;10781;18;10778;16;;;10787;14;10791;18;;;10784.0;0.0
yf_BGS_d14;17600;ASH_COATED_OSMIUM;9901;14;9899;14;;;9907;12;9911;15;;;9904.0;0.0
yf_BGS_d14;17600;INTARIAN_PEPPER_ROOT;10778;15;10774;19;;;10789;16;10791;18;;;10783.5;0.0
yf_BGS_d14;17700;ASH_COATED_OSMIUM;9901;15;9898;24;;;9907;22;9911;23;;;9904.0;0.0
yf_BGS_d14;17700;INTARIAN_PEPPER_ROOT;10780;16;10777;22;;;10786;13;10788;18;;;10783.0;0.0
yf_BGS_d14;17800;ASH_COATED_OSMIUM;9901;10;9897;9;;;9907;16;9910;16;;;9904.0;0.0
yf_BGS_d14;17800;INTARIAN_PEPPER_ROOT;10778;19;10776;24;;;10784;23;10788;19;;;10781.0;0.0
yf_BGS_d14;17900;ASH_COATED_OSMIUM;9897;7;9895;21;;;9910;18;9913;20;;;9903.5;0.0
yf_BGS_d14;17900;INTARIAN_PEPPER_ROOT;10777;10;10773;25;;;10783;17;10787;9;;;10780.0;0.0
yf_BGS_d14;18000;ASH_COATED_OSMIUM;9888;13;9885;24;;;9920;19;9922;14;;;9904.0;0.0
yf_BGS_d14;18000;INTARIAN_PEPPER_ROOT;10776;15;10772;19;;;10782;13;10786;20;;;10779.0;0.0
yf_BGS_d14;18100;ASH_COATED_OSMIUM;9901;22;9899;13;;;9907;13;9911;22;;;9904.0;0.0
yf_BGS_d14;18100;INTARIAN_PEPPER_ROOT;10775;18;10773;23;;;10781;13;10785;22;;;10778.0;0.0
yf_BGS_d14;18200;ASH_COATED_OSMIUM;9902;15;9900;18;;;9908;18;9912;14;;;9905.0;0.0
yf_BGS_d14;18200;INTARIAN_PEPPER_ROOT;10773;17;10770;15;;;10782;17;10786;21;;;10777.5;0.0
yf_BGS_d14;18300;ASH_COATED_OSMIUM;9901;16;9897;25;;;9907;23;9909;27;;;9904.0;0.0
yf_BGS_d14;18300;INTARIAN_PEPPER_ROOT;10771;7;10768;22;;;10783;14;10787;17;;;10777.0;0.0
yf_BGS_d14;18400;ASH_COATED_OSMIUM;9901;13;9898;21;;;9907;12;9910;25;;;9904.0;0.0
yf_BGS_d14;18400;INTARIAN_PEPPER_ROOT;10771;13;10768;15;;;10781;18;10785;17;;;10776.0;0.0
yf_BGS_d14;18500;ASH_COATED_OSMIUM;9900;21;9897;23;;;9908;11;9912;19;;;9904.0;0.0
yf_BGS_d14;18500;INTARIAN_PEPPER_ROOT;10772;22;10768;21;;;10778;11;10782;14;;;10775.0;0.0
yf_BGS_d14;18600;ASH_COATED_OSMIUM;9901;22;9898;24;;;9907;19;9910;14;;;9904.0;0.0
yf_BGS_d14;18600;INTARIAN_PEPPER_ROOT;10771;17;10767;26;;;10777;10;10779;20;;;10774.0;0.0
yf_BGS_d14;18700;ASH_COATED_OSMIUM;9901;5;9898;19;;;9907;17;9911;29;;;9904.0;0.0
yf_BGS_d14;18700;INTARIAN_PEPPER_ROOT;10770;12;10767;19;;;10776;16;10778;22;;;10773.0;0.0
yf_BGS_d14;18800;ASH_COATED_OSMIUM;9897;17;9894;18;;;9912;18;9915;24;;;9904.5;0.0
yf_BGS_d14;18800;INTARIAN_PEPPER_ROOT;10768;18;10766;17;;;10775;5;10777;24;;;10771.5;0.0
yf_BGS_d14;18900;ASH_COATED_OSMIUM;9901;11;9897;20;;;9907;21;9910;17;;;9904.0;0.0
yf_BGS_d14;18900;INTARIAN_PEPPER_ROOT;10767;19;10764;13;;;10773;12;10777;32;;;10770.0;0.0
yf_BGS_d14;19000;ASH_COATED_OSMIUM;9901;18;9898;17;;;9907;19;9910;22;;;9904.0;0.0
yf_BGS_d14;19000;INTARIAN_PEPPER_ROOT;10766;11;10764;27;;;10772;16;10776;22;;;10769.0;0.0
yf_BGS_d14;19100;ASH_COATED_OSMIUM;9901;5;9899;21;;;9909;9;9912;22;;;9905.0;0.0
yf_BGS_d14;19100;INTARIAN_PEPPER_ROOT;10765;14;10763;17;;;10771;19;10775;17;;;10768.0;0.0
yf_BGS_d14;19200;ASH_COATED_OSMIUM;9893;18;9889;26;;;9916;16;9920;22;;;9904.5;0.0
yf_BGS_d14;19200;INTARIAN_PEPPER_ROOT;10755;8;10751;30;;;10781;12;10785;29;;;10768.0;0.0
yf_BGS_d14;19300;ASH_COATED_OSMIUM;9901;18;9899;25;;;9907;8;9909;16;;;9904.0;0.0
yf_BGS_d14;19300;INTARIAN_PEPPER_ROOT;10763;20;10760;11;;;10769;22;10771;19;;;10766.0;0.0
yf_BGS_d14;19400;ASH_COATED_OSMIUM;9899;23;9897;20;;;9909;11;9912;24;;;9904.0;0.0
yf_BGS_d14;19400;INTARIAN_PEPPER_ROOT;10762;14;10759;26;;;10770;12;10772;18;;;10766.0;0.0
yf_BGS_d14;19500;ASH_COATED_OSMIUM;9900;9;9896;19;;;9908;19;9911;24;;;9904.0;0.0
yf_BGS_d14;19500;INTARIAN_PEPPER_ROOT;10762;11;10758;17;;;10768;11;10770;17;;;10765.0;0.0
yf_BGS_d14;19600;ASH_COATED_OSMIUM;9899;8;9896;20;;;9909;8;9912;19;;;9904.0;0.0
yf_BGS_d14;19600;INTARIAN_PEPPER_ROOT;10760;13;10756;31;;;10766;20;10769;21;;;10763.0;0.0
yf_BGS_d14;19700;ASH_COATED_OSMIUM;9901;25;9897;21;;;9907;12;9909;16;;;9904.0;0.0
yf_BGS_d14;19700;INTARIAN_PEPPER_ROOT;10749;12;10745;17;;;10775;17;10778;20;;;10762.0;0.0
yf_BGS_d14;19800;ASH_COATED_OSMIUM;9898;9;9895;22;;;9911;22;9915;24;;;9904.5;0.0
yf_BGS_d14;19800;INTARIAN_PEPPER_ROOT;10757;19;10754;26;;;10765;11;10768;8;;;10761.0;0.0
yf_BGS_d14;19900;ASH_COATED_OSMIUM;9901;12;9898;21;;;9907;19;9910;18;;;9904.0;0.0
yf_BGS_d14;19900;INTARIAN_PEPPER_ROOT;10750;7;10746;22;;;10770;18;10774;18;;;10760.0;0.0
yf_BGS_d14;20000;ASH_COATED_OSMIUM;9901;15;9897;17;;;9907;14;9910;17;;;9904.0;0.0
yf_BGS_d14;20000;INTARIAN_PEPPER_ROOT;10756;13;10752;18;;;10762;18;10765;19;;;10759.0;0.0
yf_BGS_d14;20100;ASH_COATED_OSMIUM;9901;15;9897;14;;;9907;12;9910;25;;;9904.0;0.0
yf_BGS_d14;20100;INTARIAN_PEPPER_ROOT;10753;19;10749;16;;;10764;14;10768;27;;;10758.5;0.0
yf_BGS_d14;20200;ASH_COATED_OSMIUM;9901;12;9899;20;;;9907;10;9909;19;;;9904.0;0.0
yf_BGS_d14;20200;INTARIAN_PEPPER_ROOT;10742;16;10739;25;;;10773;17;10776;25;;;10757.5;0.0
yf_BGS_d14;20300;ASH_COATED_OSMIUM;9901;16;9898;14;;;9907;7;9910;25;;;9904.0;0.0
yf_BGS_d14;20300;INTARIAN_PEPPER_ROOT;10749;7;10745;24;;;10763;13;10765;22;;;10756.0;0.0
yf_BGS_d14;20400;ASH_COATED_OSMIUM;9901;10;9897;16;;;9907;12;9910;20;;;9904.0;0.0
yf_BGS_d14;20400;INTARIAN_PEPPER_ROOT;10753;9;10750;20;;;10759;6;10763;25;;;10756.0;0.0
yf_BGS_d14;20500;ASH_COATED_OSMIUM;9902;23;9899;12;;;9908;22;9912;22;;;9905.0;0.0
yf_BGS_d14;20500;INTARIAN_PEPPER_ROOT;10751;14;10747;18;;;10757;15;10760;21;;;10754.0;0.0
yf_BGS_d14;20600;ASH_COATED_OSMIUM;9901;7;9897;21;;;9907;20;9910;15;;;9904.0;0.0
yf_BGS_d14;20600;INTARIAN_PEPPER_ROOT;10750;16;10748;21;;;10757;22;10759;11;;;10753.5;0.0
yf_BGS_d14;20700;ASH_COATED_OSMIUM;9900;19;9898;30;;;9909;14;9913;22;;;9904.5;0.0
yf_BGS_d14;20700;INTARIAN_PEPPER_ROOT;10740;21;10738;16;;;10766;8;10769;14;;;10753.0;0.0
yf_BGS_d14;20800;ASH_COATED_OSMIUM;9901;11;9898;14;;;9907;16;9911;25;;;9904.0;0.0
yf_BGS_d14;20800;INTARIAN_PEPPER_ROOT;10748;20;10746;17;;;10754;11;10756;18;;;10751.0;0.0
yf_BGS_d14;20900;ASH_COATED_OSMIUM;9901;20;9897;22;;;9907;19;9911;26;;;9904.0;0.0
yf_BGS_d14;20900;INTARIAN_PEPPER_ROOT;10747;20;10744;19;;;10753;11;10757;25;;;10750.0;0.0
yf_BGS_d14;21000;ASH_COATED_OSMIUM;9901;13;9897;19;;;9907;21;9909;21;;;9904.0;0.0
yf_BGS_d14;21000;INTARIAN_PEPPER_ROOT;10746;14;10744;17;;;10752;16;10756;20;;;10749.0;0.0
yf_BGS_d14;21100;ASH_COATED_OSMIUM;9901;7;9898;20;;;9907;13;9911;22;;;9904.0;0.0
yf_BGS_d14;21100;INTARIAN_PEPPER_ROOT;10744;28;10741;14;;;10753;14;10755;16;;;10748.5;0.0
yf_BGS_d14;21200;ASH_COATED_OSMIUM;9901;14;9898;24;;;9907;12;9911;17;;;9904.0;0.0
yf_BGS_d14;21200;INTARIAN_PEPPER_ROOT;10744;10;10742;21;;;10750;19;10754;15;;;10747.0;0.0
yf_BGS_d14;21300;ASH_COATED_OSMIUM;9896;9;9892;20;;;9911;13;9914;25;;;9903.5;0.0
yf_BGS_d14;21300;INTARIAN_PEPPER_ROOT;10736;11;10733;15;;;10757;7;10761;24;;;10746.5;0.0
yf_BGS_d14;21400;ASH_COATED_OSMIUM;9901;7;9897;22;;;9907;9;9909;17;;;9904.0;0.0
yf_BGS_d14;21400;INTARIAN_PEPPER_ROOT;10743;16;10740;19;;;10749;14;10753;25;;;10746.0;0.0
yf_BGS_d14;21500;ASH_COATED_OSMIUM;9901;8;9898;23;;;9908;17;9911;22;;;9904.5;0.0
yf_BGS_d14;21500;INTARIAN_PEPPER_ROOT;10741;16;10739;16;;;10747;19;10751;22;;;10744.0;0.0
yf_BGS_d14;21600;ASH_COATED_OSMIUM;9901;17;9898;22;;;9907;15;9910;16;;;9904.0;0.0
yf_BGS_d14;21600;INTARIAN_PEPPER_ROOT;10741;15;10739;29;;;10747;19;10750;16;;;10744.0;0.0
yf_BGS_d14;21700;ASH_COATED_OSMIUM;9901;13;9898;28;;;9907;16;9910;15;;;9904.0;0.0
yf_BGS_d14;21700;INTARIAN_PEPPER_ROOT;10734;12;10730;25;;;10752;15;10754;20;;;10743.0;0.0
yf_BGS_d14;21800;ASH_COATED_OSMIUM;9897;6;9895;18;;;9910;11;9913;23;;;9903.5;0.0
yf_BGS_d14;21800;INTARIAN_PEPPER_ROOT;10735;12;10731;15;;;10747;14;10749;16;;;10741.0;0.0
yf_BGS_d14;21900;ASH_COATED_OSMIUM;9901;21;9899;17;;;9907;19;9909;18;;;9904.0;0.0
yf_BGS_d14;21900;INTARIAN_PEPPER_ROOT;10737;13;10735;23;;;10745;9;10749;23;;;10741.0;0.0
yf_BGS_d14;22000;ASH_COATED_OSMIUM;9901;17;9899;24;;;9907;17;9910;19;;;9904.0;0.0
yf_BGS_d14;22000;INTARIAN_PEPPER_ROOT;10737;20;10734;15;;;10743;13;10745;20;;;10740.0;0.0
yf_BGS_d14;22100;ASH_COATED_OSMIUM;9899;22;9895;29;;;9910;15;9913;27;;;9904.5;0.0
yf_BGS_d14;22100;INTARIAN_PEPPER_ROOT;10715;12;10713;21;;;10761;18;10763;23;;;10738.0;0.0
yf_BGS_d14;22200;ASH_COATED_OSMIUM;9888;18;9885;18;;;9920;19;9924;20;;;9904.0;0.0
yf_BGS_d14;22200;INTARIAN_PEPPER_ROOT;10735;22;10733;22;;;10741;27;10745;16;;;10738.0;0.0
yf_BGS_d14;22300;ASH_COATED_OSMIUM;9898;19;9896;22;;;9912;19;9916;22;;;9905.0;0.0
yf_BGS_d14;22300;INTARIAN_PEPPER_ROOT;10733;10;10729;24;;;10740;16;10743;19;;;10736.5;0.0
yf_BGS_d14;22400;ASH_COATED_OSMIUM;9901;9;9899;16;;;9907;20;9911;18;;;9904.0;0.0
yf_BGS_d14;22400;INTARIAN_PEPPER_ROOT;10732;18;10729;18;;;10738;17;10742;15;;;10735.0;0.0
yf_BGS_d14;22500;ASH_COATED_OSMIUM;9901;8;9899;14;;;9907;23;9910;23;;;9904.0;0.0
yf_BGS_d14;22500;INTARIAN_PEPPER_ROOT;10727;21;10723;18;;;10742;17;10746;21;;;10734.5;0.0
yf_BGS_d14;22600;ASH_COATED_OSMIUM;9901;5;9899;18;;;9908;16;9910;15;;;9904.5;0.0
yf_BGS_d14;22600;INTARIAN_PEPPER_ROOT;10728;6;10724;18;;;10739;10;10743;19;;;10733.5;0.0
yf_BGS_d14;22700;ASH_COATED_OSMIUM;9895;8;9892;27;;;9914;24;9916;12;;;9904.5;0.0
yf_BGS_d14;22700;INTARIAN_PEPPER_ROOT;10730;26;10728;28;;;10736;23;10740;16;;;10733.0;0.0
yf_BGS_d14;22800;ASH_COATED_OSMIUM;9902;5;9900;18;;;9908;19;9912;29;;;9905.0;0.0
yf_BGS_d14;22800;INTARIAN_PEPPER_ROOT;10729;13;10726;21;;;10735;10;10739;26;;;10732.0;0.0
yf_BGS_d14;22900;ASH_COATED_OSMIUM;9902;16;9898;20;;;9908;9;9910;20;;;9905.0;0.0
yf_BGS_d14;22900;INTARIAN_PEPPER_ROOT;10727;27;10724;17;;;10733;18;10737;19;;;10730.0;0.0
yf_BGS_d14;23000;ASH_COATED_OSMIUM;9901;20;9899;18;;;9907;17;9909;23;;;9904.0;0.0
yf_BGS_d14;23000;INTARIAN_PEPPER_ROOT;10726;14;10723;15;;;10734;5;10737;21;;;10730.0;0.0
yf_BGS_d14;23100;ASH_COATED_OSMIUM;9902;15;9898;24;;;9908;13;9911;15;;;9905.0;0.0
yf_BGS_d14;23100;INTARIAN_PEPPER_ROOT;10725;10;10723;13;;;10731;21;10735;17;;;10728.0;0.0
yf_BGS_d14;23200;ASH_COATED_OSMIUM;9902;18;9898;26;;;9908;18;9911;26;;;9905.0;0.0
yf_BGS_d14;23200;INTARIAN_PEPPER_ROOT;10724;7;10720;14;;;10730;15;10733;19;;;10727.0;0.0
yf_BGS_d14;23300;ASH_COATED_OSMIUM;9902;15;9900;25;;;9908;15;9911;24;;;9905.0;0.0
yf_BGS_d14;23300;INTARIAN_PEPPER_ROOT;10723;7;10720;23;;;10729;10;10732;15;;;10726.0;0.0
yf_BGS_d14;23400;ASH_COATED_OSMIUM;9898;5;9895;26;;;9910;12;9912;21;;;9904.0;0.0
yf_BGS_d14;23400;INTARIAN_PEPPER_ROOT;10722;10;10719;26;;;10728;12;10731;16;;;10725.0;0.0
yf_BGS_d14;23500;ASH_COATED_OSMIUM;9900;19;9898;24;;;9908;22;9912;20;;;9904.0;0.0
yf_BGS_d14;23500;INTARIAN_PEPPER_ROOT;10721;23;10718;18;;;10727;14;10731;15;;;10724.0;0.0
yf_BGS_d14;23600;ASH_COATED_OSMIUM;9902;17;9898;29;;;9908;8;9910;20;;;9905.0;0.0
yf_BGS_d14;23600;INTARIAN_PEPPER_ROOT;10721;17;10717;19;;;10727;13;10729;17;;;10724.0;0.0
yf_BGS_d14;23700;ASH_COATED_OSMIUM;9902;23;9898;18;;;9908;15;9910;13;;;9905.0;0.0
yf_BGS_d14;23700;INTARIAN_PEPPER_ROOT;10719;13;10715;17;;;10725;24;10729;21;;;10722.0;0.0
yf_BGS_d14;23800;ASH_COATED_OSMIUM;9902;13;9900;21;;;9908;8;9912;21;;;9905.0;0.0
yf_BGS_d14;23800;INTARIAN_PEPPER_ROOT;10718;12;10716;17;;;10726;14;10730;22;;;10722.0;0.0
yf_BGS_d14;23900;ASH_COATED_OSMIUM;9902;17;9899;21;;;9908;17;9911;26;;;9905.0;0.0
yf_BGS_d14;23900;INTARIAN_PEPPER_ROOT;10717;18;10713;23;;;10723;22;10726;22;;;10720.0;0.0
yf_BGS_d14;24000;ASH_COATED_OSMIUM;9901;5;9899;18;;;9907;13;9909;15;;;9904.0;0.0
yf_BGS_d14;24000;INTARIAN_PEPPER_ROOT;10716;17;10712;16;;;10723;14;10726;33;;;10719.5;0.0
yf_BGS_d14;24100;ASH_COATED_OSMIUM;9899;10;9895;19;;;9910;12;9914;20;;;9904.5;0.0
yf_BGS_d14;24100;INTARIAN_PEPPER_ROOT;10715;15;10711;22;;;10721;15;10725;16;;;10718.0;0.0
yf_BGS_d14;24200;ASH_COATED_OSMIUM;9902;12;9899;22;;;9908;10;9912;26;;;9905.0;0.0
yf_BGS_d14;24200;INTARIAN_PEPPER_ROOT;10713;11;10711;31;;;10722;13;10725;21;;;10717.5;0.0
yf_BGS_d14;24300;ASH_COATED_OSMIUM;9897;12;9893;26;;;9912;15;9915;18;;;9904.5;0.0
yf_BGS_d14;24300;INTARIAN_PEPPER_ROOT;10714;12;10710;25;;;10720;17;10724;26;;;10717.0;0.0
yf_BGS_d14;24400;ASH_COATED_OSMIUM;9902;16;9899;11;;;9908;18;9910;17;;;9905.0;0.0
yf_BGS_d14;24400;INTARIAN_PEPPER_ROOT;10713;13;10711;18;;;10719;9;10721;21;;;10716.0;0.0
yf_BGS_d14;24500;ASH_COATED_OSMIUM;9898;11;9895;18;;;9911;20;9914;25;;;9904.5;0.0
yf_BGS_d14;24500;INTARIAN_PEPPER_ROOT;10708;14;10705;18;;;10721;9;10724;28;;;10714.5;0.0
yf_BGS_d14;24600;ASH_COATED_OSMIUM;9901;13;9899;28;;;9907;12;9911;13;;;9904.0;0.0
yf_BGS_d14;24600;INTARIAN_PEPPER_ROOT;10701;13;10699;25;;;10727;21;10730;15;;;10714.0;0.0
yf_BGS_d14;24700;ASH_COATED_OSMIUM;9888;17;9886;24;;;9920;10;9924;14;;;9904.0;0.0
yf_BGS_d14;24700;INTARIAN_PEPPER_ROOT;10709;15;10706;32;;;10716;16;10720;21;;;10712.5;0.0
yf_BGS_d14;24800;ASH_COATED_OSMIUM;9901;11;9898;13;;;9907;6;9909;16;;;9904.0;0.0
yf_BGS_d14;24800;INTARIAN_PEPPER_ROOT;10690;20;10687;15;;;10732;21;10734;19;;;10711.0;0.0
yf_BGS_d14;24900;ASH_COATED_OSMIUM;9879;19;9877;18;;;9930;11;9934;21;;;9904.5;0.0
yf_BGS_d14;24900;INTARIAN_PEPPER_ROOT;10702;19;10699;19;;;10718;18;10721;15;;;10710.0;0.0
yf_BGS_d14;25000;ASH_COATED_OSMIUM;9897;20;9893;11;;;9912;15;9916;10;;;9904.5;0.0
yf_BGS_d14;25000;INTARIAN_PEPPER_ROOT;10706;12;10704;23;;;10712;21;10715;27;;;10709.0;0.0
yf_BGS_d14;25100;ASH_COATED_OSMIUM;9902;16;9900;16;;;9908;13;9910;22;;;9905.0;0.0
yf_BGS_d14;25100;INTARIAN_PEPPER_ROOT;10698;12;10695;21;;;10719;15;10723;17;;;10708.5;0.0
yf_BGS_d14;25200;ASH_COATED_OSMIUM;9902;14;9898;17;;;9908;22;9912;23;;;9905.0;0.0
yf_BGS_d14;25200;INTARIAN_PEPPER_ROOT;10704;17;10700;23;;;10711;22;10714;24;;;10707.5;0.0
yf_BGS_d14;25300;ASH_COATED_OSMIUM;9899;17;9895;20;;;9910;10;9914;17;;;9904.5;0.0
yf_BGS_d14;25300;INTARIAN_PEPPER_ROOT;10701;21;10699;20;;;10710;24;10713;18;;;10705.5;0.0
yf_BGS_d14;25400;ASH_COATED_OSMIUM;9892;11;9890;20;;;9917;15;9920;20;;;9904.5;0.0
yf_BGS_d14;25400;INTARIAN_PEPPER_ROOT;10702;10;10700;12;;;10708;14;10712;24;;;10705.0;0.0
yf_BGS_d14;25500;ASH_COATED_OSMIUM;9902;20;9900;15;;;9908;13;9911;21;;;9905.0;0.0
yf_BGS_d14;25500;INTARIAN_PEPPER_ROOT;10702;14;10699;19;;;10708;17;10711;21;;;10705.0;0.0
yf_BGS_d14;25600;ASH_COATED_OSMIUM;9891;24;9889;12;;;9919;17;9921;17;;;9905.0;0.0
yf_BGS_d14;25600;INTARIAN_PEPPER_ROOT;10694;22;10692;17;;;10712;18;10714;12;;;10703.0;0.0
yf_BGS_d14;25700;ASH_COATED_OSMIUM;9901;26;9898;23;;;9907;19;9910;18;;;9904.0;0.0
yf_BGS_d14;25700;INTARIAN_PEPPER_ROOT;10700;8;10698;22;;;10706;11;10709;17;;;10703.0;0.0
yf_BGS_d14;25800;ASH_COATED_OSMIUM;9901;18;9897;18;;;9908;16;9912;24;;;9904.5;0.0
yf_BGS_d14;25800;INTARIAN_PEPPER_ROOT;10699;17;10697;17;;;10705;14;10707;26;;;10702.0;0.0
yf_BGS_d14;25900;ASH_COATED_OSMIUM;9901;10;9898;9;;;9907;20;9910;18;;;9904.0;0.0
yf_BGS_d14;25900;INTARIAN_PEPPER_ROOT;10693;8;10691;18;;;10706;21;10709;20;;;10699.5;0.0
yf_BGS_d14;26000;ASH_COATED_OSMIUM;9898;15;9894;16;;;9912;18;9915;28;;;9905.0;0.0
yf_BGS_d14;26000;INTARIAN_PEPPER_ROOT;10697;16;10693;24;;;10703;13;10705;14;;;10700.0;0.0
yf_BGS_d14;26100;ASH_COATED_OSMIUM;9894;15;9892;21;;;9915;14;9918;19;;;9904.5;0.0
yf_BGS_d14;26100;INTARIAN_PEPPER_ROOT;10683;12;10681;24;;;10715;18;10719;32;;;10699.0;0.0
yf_BGS_d14;26200;ASH_COATED_OSMIUM;9900;12;9896;24;;;9910;14;9914;16;;;9905.0;0.0
yf_BGS_d14;26200;INTARIAN_PEPPER_ROOT;10687;18;10683;19;;;10709;25;10712;23;;;10698.0;0.0
yf_BGS_d14;26300;ASH_COATED_OSMIUM;9898;7;9894;12;;;9910;23;9914;19;;;9904.0;0.0
yf_BGS_d14;26300;INTARIAN_PEPPER_ROOT;10692;14;10690;20;;;10701;8;10704;18;;;10696.5;0.0
yf_BGS_d14;26400;ASH_COATED_OSMIUM;9893;15;9889;9;;;9916;20;9920;19;;;9904.5;0.0
yf_BGS_d14;26400;INTARIAN_PEPPER_ROOT;10692;16;10688;27;;;10699;16;10702;26;;;10695.5;0.0
yf_BGS_d14;26500;ASH_COATED_OSMIUM;9897;15;9893;30;;;9913;15;9917;22;;;9905.0;0.0
yf_BGS_d14;26500;INTARIAN_PEPPER_ROOT;10690;16;10687;24;;;10699;11;10702;15;;;10694.5;0.0
yf_BGS_d14;26600;ASH_COATED_OSMIUM;9901;14;9898;22;;;9907;16;9909;17;;;9904.0;0.0
yf_BGS_d14;26600;INTARIAN_PEPPER_ROOT;10690;14;10687;21;;;10698;14;10702;24;;;10694.0;0.0
yf_BGS_d14;26700;ASH_COATED_OSMIUM;9896;15;9892;18;;;9914;21;9918;21;;;9905.0;0.0
yf_BGS_d14;26700;INTARIAN_PEPPER_ROOT;10690;13;10686;19;;;10696;10;10699;13;;;10693.0;0.0
yf_BGS_d14;26800;ASH_COATED_OSMIUM;9901;13;9899;18;;;9907;14;9911;20;;;9904.0;0.0
yf_BGS_d14;26800;INTARIAN_PEPPER_ROOT;10685;24;10683;16;;;10698;11;10700;26;;;10691.5;0.0
yf_BGS_d14;26900;ASH_COATED_OSMIUM;9901;5;9898;19;;;9907;18;9910;19;;;9904.0;0.0
yf_BGS_d14;26900;INTARIAN_PEPPER_ROOT;10685;9;10682;23;;;10696;15;10699;17;;;10690.5;0.0
yf_BGS_d14;27000;ASH_COATED_OSMIUM;9902;15;9898;18;;;9908;24;9911;23;;;9905.0;0.0
yf_BGS_d14;27000;INTARIAN_PEPPER_ROOT;10687;16;10685;22;;;10693;14;10695;10;;;10690.0;0.0
yf_BGS_d14;27100;ASH_COATED_OSMIUM;9902;8;9898;31;;;9908;10;9912;12;;;9905.0;0.0
yf_BGS_d14;27100;INTARIAN_PEPPER_ROOT;10686;17;10683;10;;;10692;13;10695;23;;;10689.0;0.0
yf_BGS_d14;27200;ASH_COATED_OSMIUM;9897;14;9893;30;;;9912;15;9915;21;;;9904.5;0.0
yf_BGS_d14;27200;INTARIAN_PEPPER_ROOT;10685;11;10681;22;;;10691;6;10695;21;;;10688.0;0.0
yf_BGS_d14;27300;ASH_COATED_OSMIUM;9902;13;9900;14;;;9908;13;9911;13;;;9905.0;0.0
yf_BGS_d14;27300;INTARIAN_PEPPER_ROOT;10683;13;10680;15;;;10689;21;10692;11;;;10686.0;0.0
yf_BGS_d14;27400;ASH_COATED_OSMIUM;9902;13;9898;14;;;9908;23;9910;16;;;9905.0;0.0
yf_BGS_d14;27400;INTARIAN_PEPPER_ROOT;10682;15;10678;19;;;10688;14;10691;13;;;10685.0;0.0
yf_BGS_d14;27500;ASH_COATED_OSMIUM;9900;12;9897;15;;;9909;24;9911;10;;;9904.5;0.0
yf_BGS_d14;27500;INTARIAN_PEPPER_ROOT;10681;21;10678;14;;;10688;16;10692;15;;;10684.5;0.0
yf_BGS_d14;27600;ASH_COATED_OSMIUM;9901;9;9898;22;;;9907;9;9911;25;;;9904.0;0.0
yf_BGS_d14;27600;INTARIAN_PEPPER_ROOT;10680;7;10678;19;;;10686;9;10689;17;;;10683.0;0.0
yf_BGS_d14;27700;ASH_COATED_OSMIUM;9902;18;9900;15;;;9908;20;9911;23;;;9905.0;0.0
yf_BGS_d14;27700;INTARIAN_PEPPER_ROOT;10679;19;10677;24;;;10685;10;10689;26;;;10682.0;0.0
yf_BGS_d14;27800;ASH_COATED_OSMIUM;9901;15;9898;25;;;9907;13;9910;17;;;9904.0;0.0
yf_BGS_d14;27800;INTARIAN_PEPPER_ROOT;10670;19;10668;18;;;10693;17;10697;26;;;10681.5;0.0
yf_BGS_d14;27900;ASH_COATED_OSMIUM;9901;14;9898;28;;;9908;18;9911;20;;;9904.5;0.0
yf_BGS_d14;27900;INTARIAN_PEPPER_ROOT;10678;14;10675;20;;;10684;13;10688;19;;;10681.0;0.0
yf_BGS_d14;28000;ASH_COATED_OSMIUM;9902;14;9900;18;;;9908;16;9911;8;;;9905.0;0.0
yf_BGS_d14;28000;INTARIAN_PEPPER_ROOT;10676;20;10673;20;;;10684;19;10687;17;;;10680.0;0.0
yf_BGS_d14;28100;ASH_COATED_OSMIUM;9900;12;9896;21;;;9909;24;9913;26;;;9904.5;0.0
yf_BGS_d14;28100;INTARIAN_PEPPER_ROOT;10675;18;10673;20;;;10681;11;10684;21;;;10678.0;0.0
yf_BGS_d14;28200;ASH_COATED_OSMIUM;9902;17;9899;25;;;9908;7;9912;22;;;9905.0;0.0
yf_BGS_d14;28200;INTARIAN_PEPPER_ROOT;10671;10;10667;18;;;10684;11;10688;17;;;10677.5;0.0
yf_BGS_d14;28300;ASH_COATED_OSMIUM;9901;26;9897;21;;;9907;19;9910;23;;;9904.0;0.0
yf_BGS_d14;28300;INTARIAN_PEPPER_ROOT;10672;14;10670;18;;;10681;8;10683;17;;;10676.5;0.0
yf_BGS_d14;28400;ASH_COATED_OSMIUM;9899;21;9897;24;;;9911;13;9915;21;;;9905.0;0.0
yf_BGS_d14;28400;INTARIAN_PEPPER_ROOT;10667;11;10664;18;;;10683;16;10687;28;;;10675.0;0.0
yf_BGS_d14;28500;ASH_COATED_OSMIUM;9902;7;9898;21;;;9908;19;9912;20;;;9905.0;0.0
yf_BGS_d14;28500;INTARIAN_PEPPER_ROOT;10668;8;10664;17;;;10680;14;10684;21;;;10674.0;0.0
yf_BGS_d14;28600;ASH_COATED_OSMIUM;9902;24;9898;14;;;9908;15;9911;21;;;9905.0;0.0
yf_BGS_d14;28600;INTARIAN_PEPPER_ROOT;10670;19;10668;15;;;10676;11;10680;16;;;10673.0;0.0
yf_BGS_d14;28700;ASH_COATED_OSMIUM;9888;7;9886;18;;;9921;11;9924;21;;;9904.5;0.0
yf_BGS_d14;28700;INTARIAN_PEPPER_ROOT;10664;15;10662;25;;;10681;8;10684;18;;;10672.5;0.0
yf_BGS_d14;28800;ASH_COATED_OSMIUM;9902;11;9899;19;;;9908;10;9911;21;;;9905.0;0.0
yf_BGS_d14;28800;INTARIAN_PEPPER_ROOT;10669;22;10665;19;;;10675;19;10679;17;;;10672.0;0.0
yf_BGS_d14;28900;ASH_COATED_OSMIUM;9892;17;9888;19;;;9917;13;9919;21;;;9904.5;0.0
yf_BGS_d14;28900;INTARIAN_PEPPER_ROOT;10667;27;10665;18;;;10676;19;10680;28;;;10671.5;0.0
yf_BGS_d14;29000;ASH_COATED_OSMIUM;9898;17;9894;18;;;9911;23;9913;18;;;9904.5;0.0
yf_BGS_d14;29000;INTARIAN_PEPPER_ROOT;10667;14;10663;27;;;10673;21;10675;17;;;10670.0;0.0
yf_BGS_d14;29100;ASH_COATED_OSMIUM;9902;17;9899;22;;;9908;14;9912;13;;;9905.0;0.0
yf_BGS_d14;29100;INTARIAN_PEPPER_ROOT;10661;17;10657;28;;;10675;19;10679;17;;;10668.0;0.0
yf_BGS_d14;29200;ASH_COATED_OSMIUM;9897;8;9893;13;;;9911;17;9915;22;;;9904.0;0.0
yf_BGS_d14;29200;INTARIAN_PEPPER_ROOT;10665;7;10663;34;;;10671;20;10673;15;;;10668.0;0.0
yf_BGS_d14;29300;ASH_COATED_OSMIUM;9902;13;9900;10;;;9908;9;9911;17;;;9905.0;0.0
yf_BGS_d14;29300;INTARIAN_PEPPER_ROOT;10664;15;10661;18;;;10670;14;10674;27;;;10667.0;0.0
yf_BGS_d14;29400;ASH_COATED_OSMIUM;9901;14;9898;16;;;9907;19;9911;19;;;9904.0;0.0
yf_BGS_d14;29400;INTARIAN_PEPPER_ROOT;10662;19;10658;18;;;10668;19;10671;20;;;10665.0;0.0
yf_BGS_d14;29500;ASH_COATED_OSMIUM;9902;9;9898;17;;;9908;12;9912;26;;;9905.0;0.0
yf_BGS_d14;29500;INTARIAN_PEPPER_ROOT;10660;18;10658;11;;;10668;12;10672;12;;;10664.0;0.0
yf_BGS_d14;29600;ASH_COATED_OSMIUM;9902;13;9898;20;;;9908;28;9911;17;;;9905.0;0.0
yf_BGS_d14;29600;INTARIAN_PEPPER_ROOT;10656;24;10652;25;;;10671;21;10673;23;;;10663.5;0.0
yf_BGS_d14;29700;ASH_COATED_OSMIUM;9901;15;9899;19;;;9907;17;9910;20;;;9904.0;0.0
yf_BGS_d14;29700;INTARIAN_PEPPER_ROOT;10659;7;10657;19;;;10665;22;10668;20;;;10662.0;0.0
yf_BGS_d14;29800;ASH_COATED_OSMIUM;9901;9;9897;20;;;9907;7;9909;21;;;9904.0;0.0
yf_BGS_d14;29800;INTARIAN_PEPPER_ROOT;10658;19;10656;27;;;10664;21;10668;21;;;10661.0;0.0
yf_BGS_d14;29900;ASH_COATED_OSMIUM;9902;19;9900;22;;;9908;14;9911;17;;;9905.0;0.0
yf_BGS_d14;29900;INTARIAN_PEPPER_ROOT;10656;21;10654;28;;;10664;10;10667;17;;;10660.0;0.0
yf_BGS_d14;30000;ASH_COATED_OSMIUM;9901;18;9897;23;;;9907;13;9911;28;;;9904.0;0.0
yf_BGS_d14;30000;INTARIAN_PEPPER_ROOT;10657;5;10654;14;;;10663;11;10666;23;;;10660.0;0.0
yf_BGS_d14;30100;ASH_COATED_OSMIUM;9902;19;9900;20;;;9908;14;9912;24;;;9905.0;0.0
yf_BGS_d14;30100;INTARIAN_PEPPER_ROOT;10656;7;10654;21;;;10662;16;10665;23;;;10659.0;0.0
yf_BGS_d14;30200;ASH_COATED_OSMIUM;9902;17;9898;17;;;9908;8;9912;21;;;9905.0;0.0
yf_BGS_d14;30200;INTARIAN_PEPPER_ROOT;10651;9;10649;12;;;10664;20;10666;9;;;10657.5;0.0
yf_BGS_d14;30300;ASH_COATED_OSMIUM;9902;11;9899;18;;;9908;22;9911;16;;;9905.0;0.0
yf_BGS_d14;30300;INTARIAN_PEPPER_ROOT;10653;18;10649;22;;;10660;22;10664;17;;;10656.5;0.0
yf_BGS_d14;30400;ASH_COATED_OSMIUM;9902;19;9900;25;;;9908;13;9911;13;;;9905.0;0.0
yf_BGS_d14;30400;INTARIAN_PEPPER_ROOT;10653;15;10649;23;;;10659;12;10663;23;;;10656.0;0.0
yf_BGS_d14;30500;ASH_COATED_OSMIUM;9899;17;9896;26;;;9910;7;9913;16;;;9904.5;0.0
yf_BGS_d14;30500;INTARIAN_PEPPER_ROOT;10651;11;10648;9;;;10657;14;10659;27;;;10654.0;0.0
yf_BGS_d14;30600;ASH_COATED_OSMIUM;9898;11;9895;21;;;9912;13;9914;16;;;9905.0;0.0
yf_BGS_d14;30600;INTARIAN_PEPPER_ROOT;10648;11;10646;25;;;10658;12;10661;24;;;10653.0;0.0
yf_BGS_d14;30700;ASH_COATED_OSMIUM;9902;19;9900;15;;;9908;16;9912;8;;;9905.0;0.0
yf_BGS_d14;30700;INTARIAN_PEPPER_ROOT;10649;17;10646;8;;;10655;18;10658;17;;;10652.0;0.0
yf_BGS_d14;30800;ASH_COATED_OSMIUM;9902;21;9899;20;;;9908;11;9911;16;;;9905.0;0.0
yf_BGS_d14;30800;INTARIAN_PEPPER_ROOT;10649;15;10647;14;;;10655;12;10658;27;;;10652.0;0.0
yf_BGS_d14;30900;ASH_COATED_OSMIUM;9902;13;9900;20;;;9908;13;9911;24;;;9905.0;0.0
yf_BGS_d14;30900;INTARIAN_PEPPER_ROOT;10647;18;10644;16;;;10653;20;10655;17;;;10650.0;0.0
yf_BGS_d14;31000;ASH_COATED_OSMIUM;9902;12;9898;25;;;9908;12;9910;25;;;9905.0;0.0
yf_BGS_d14;31000;INTARIAN_PEPPER_ROOT;10646;22;10642;21;;;10653;23;10656;15;;;10649.5;0.0
yf_BGS_d14;31100;ASH_COATED_OSMIUM;9897;18;9895;28;;;9913;15;9915;22;;;9905.0;0.0
yf_BGS_d14;31100;INTARIAN_PEPPER_ROOT;10645;10;10642;17;;;10651;12;10654;11;;;10648.0;0.0
yf_BGS_d14;31200;ASH_COATED_OSMIUM;9902;11;9899;18;;;9908;11;9910;24;;;9905.0;0.0
yf_BGS_d14;31200;INTARIAN_PEPPER_ROOT;10644;8;10640;26;;;10650;14;10652;20;;;10647.0;0.0
yf_BGS_d14;31300;ASH_COATED_OSMIUM;9902;16;9898;13;;;9908;19;9912;30;;;9905.0;0.0
yf_BGS_d14;31300;INTARIAN_PEPPER_ROOT;10642;18;10638;22;;;10650;19;10653;18;;;10646.0;0.0
yf_BGS_d14;31400;ASH_COATED_OSMIUM;9902;13;9899;19;;;9908;13;9910;19;;;9905.0;0.0
yf_BGS_d14;31400;INTARIAN_PEPPER_ROOT;10642;7;10639;25;;;10648;8;10651;12;;;10645.0;0.0
yf_BGS_d14;31500;ASH_COATED_OSMIUM;9902;17;9900;22;;;9908;14;9912;18;;;9905.0;0.0
yf_BGS_d14;31500;INTARIAN_PEPPER_ROOT;10641;15;10638;19;;;10647;14;10649;20;;;10644.0;0.0
yf_BGS_d14;31600;ASH_COATED_OSMIUM;9903;16;9899;20;;;9909;8;9913;16;;;9906.0;0.0
yf_BGS_d14;31600;INTARIAN_PEPPER_ROOT;10641;17;10637;16;;;10647;13;10649;22;;;10644.0;0.0
yf_BGS_d14;31700;ASH_COATED_OSMIUM;9902;19;9899;19;;;9908;5;9910;23;;;9905.0;0.0
yf_BGS_d14;31700;INTARIAN_PEPPER_ROOT;10640;16;10638;12;;;10646;18;10648;15;;;10643.0;0.0
yf_BGS_d14;31800;ASH_COATED_OSMIUM;9896;14;9894;20;;;9913;16;9917;17;;;9904.5;0.0
yf_BGS_d14;31800;INTARIAN_PEPPER_ROOT;10635;21;10633;15;;;10649;17;10652;24;;;10642.0;0.0
yf_BGS_d14;31900;ASH_COATED_OSMIUM;9901;13;9899;18;;;9909;19;9911;20;;;9905.0;0.0
yf_BGS_d14;31900;INTARIAN_PEPPER_ROOT;10638;16;10636;20;;;10644;13;10648;20;;;10641.0;0.0
yf_BGS_d14;32000;ASH_COATED_OSMIUM;9902;15;9900;22;;;9908;5;9910;31;;;9905.0;0.0
yf_BGS_d14;32000;INTARIAN_PEPPER_ROOT;10636;21;10633;26;;;10642;15;10646;19;;;10639.0;0.0
yf_BGS_d14;32100;ASH_COATED_OSMIUM;9902;15;9898;19;;;9908;18;9912;20;;;9905.0;0.0
yf_BGS_d14;32100;INTARIAN_PEPPER_ROOT;10628;19;10626;14;;;10649;20;10651;23;;;10638.5;0.0
yf_BGS_d14;32200;ASH_COATED_OSMIUM;9900;16;9897;21;;;9909;18;9911;18;;;9904.5;0.0
yf_BGS_d14;32200;INTARIAN_PEPPER_ROOT;10634;15;10630;18;;;10640;21;10643;19;;;10637.0;0.0
yf_BGS_d14;32300;ASH_COATED_OSMIUM;9902;18;9900;23;;;9908;10;9912;28;;;9905.0;0.0
yf_BGS_d14;32300;INTARIAN_PEPPER_ROOT;10634;9;10630;21;;;10640;19;10643;22;;;10637.0;0.0
yf_BGS_d14;32400;ASH_COATED_OSMIUM;9902;11;9899;14;;;9908;9;9911;26;;;9905.0;0.0
yf_BGS_d14;32400;INTARIAN_PEPPER_ROOT;10633;16;10630;15;;;10639;10;10642;15;;;10636.0;0.0
yf_BGS_d14;32500;ASH_COATED_OSMIUM;9901;12;9897;14;;;9907;19;9911;19;;;9904.0;0.0
yf_BGS_d14;32500;INTARIAN_PEPPER_ROOT;10632;16;10628;24;;;10638;12;10642;26;;;10635.0;0.0
yf_BGS_d14;32600;ASH_COATED_OSMIUM;9902;15;9899;16;;;9908;15;9911;25;;;9905.0;0.0
yf_BGS_d14;32600;INTARIAN_PEPPER_ROOT;10631;15;10629;23;;;10637;6;10639;21;;;10634.0;0.0
yf_BGS_d14;32700;ASH_COATED_OSMIUM;9902;9;9900;24;;;9908;19;9910;20;;;9905.0;0.0
yf_BGS_d14;32700;INTARIAN_PEPPER_ROOT;10623;12;10620;26;;;10642;14;10645;21;;;10632.5;0.0
yf_BGS_d14;32800;ASH_COATED_OSMIUM;9902;15;9899;21;;;9908;22;9910;19;;;9905.0;0.0
yf_BGS_d14;32800;INTARIAN_PEPPER_ROOT;10627;21;10624;25;;;10637;11;10639;10;;;10632.0;0.0
yf_BGS_d14;32900;ASH_COATED_OSMIUM;9901;10;9899;23;;;9907;15;9909;23;;;9904.0;0.0
yf_BGS_d14;32900;INTARIAN_PEPPER_ROOT;10626;18;10623;23;;;10634;17;10637;27;;;10630.0;0.0
yf_BGS_d14;33000;ASH_COATED_OSMIUM;9902;14;9900;23;;;9908;10;9912;24;;;9905.0;0.0
yf_BGS_d14;33000;INTARIAN_PEPPER_ROOT;10627;12;10623;18;;;10633;17;10637;14;;;10630.0;0.0
yf_BGS_d14;33100;ASH_COATED_OSMIUM;9893;17;9889;10;;;9916;11;9918;21;;;9904.5;0.0
yf_BGS_d14;33100;INTARIAN_PEPPER_ROOT;10624;16;10622;16;;;10634;20;10636;19;;;10629.0;0.0
yf_BGS_d14;33200;ASH_COATED_OSMIUM;9902;9;9900;31;;;9908;15;9910;21;;;9905.0;0.0
yf_BGS_d14;33200;INTARIAN_PEPPER_ROOT;10625;18;10623;23;;;10631;13;10633;23;;;10628.0;0.0
yf_BGS_d14;33300;ASH_COATED_OSMIUM;9902;14;9900;19;;;9909;12;9912;22;;;9905.5;0.0
yf_BGS_d14;33300;INTARIAN_PEPPER_ROOT;10624;9;10620;20;;;10630;17;10632;18;;;10627.0;0.0
yf_BGS_d14;33400;ASH_COATED_OSMIUM;9902;19;9898;15;;;9908;17;9911;28;;;9905.0;0.0
yf_BGS_d14;33400;INTARIAN_PEPPER_ROOT;10623;19;10619;19;;;10629;24;10633;22;;;10626.0;0.0
yf_BGS_d14;33500;ASH_COATED_OSMIUM;9902;18;9899;21;;;9908;13;9910;26;;;9905.0;0.0
yf_BGS_d14;33500;INTARIAN_PEPPER_ROOT;10621;5;10618;19;;;10627;18;10630;24;;;10624.0;0.0
yf_BGS_d14;33600;ASH_COATED_OSMIUM;9900;18;9898;20;;;9910;15;9914;14;;;9905.0;0.0
yf_BGS_d14;33600;INTARIAN_PEPPER_ROOT;10615;17;10612;18;;;10634;19;10638;15;;;10624.5;0.0
yf_BGS_d14;33700;ASH_COATED_OSMIUM;9902;8;9900;27;;;9908;13;9910;12;;;9905.0;0.0
yf_BGS_d14;33700;INTARIAN_PEPPER_ROOT;10619;16;10617;24;;;10625;25;10629;20;;;10622.0;0.0
yf_BGS_d14;33800;ASH_COATED_OSMIUM;9902;18;9900;18;;;9908;11;9912;21;;;9905.0;0.0
yf_BGS_d14;33800;INTARIAN_PEPPER_ROOT;10613;27;10609;15;;;10629;13;10633;24;;;10621.0;0.0
yf_BGS_d14;33900;ASH_COATED_OSMIUM;9902;14;9898;18;;;9908;8;9910;18;;;9905.0;0.0
yf_BGS_d14;33900;INTARIAN_PEPPER_ROOT;10617;12;10613;20;;;10623;25;10625;19;;;10620.0;0.0
yf_BGS_d14;34000;ASH_COATED_OSMIUM;9902;13;9898;22;;;9908;20;9910;15;;;9905.0;0.0
yf_BGS_d14;34000;INTARIAN_PEPPER_ROOT;10617;15;10615;19;;;10623;12;10626;19;;;10620.0;0.0
yf_BGS_d14;34100;ASH_COATED_OSMIUM;9902;13;9898;21;;;9909;18;9911;18;;;9905.5;0.0
yf_BGS_d14;34100;INTARIAN_PEPPER_ROOT;10617;15;10614;16;;;10623;15;10626;18;;;10620.0;0.0
yf_BGS_d14;34200;ASH_COATED_OSMIUM;9903;17;9899;13;;;9909;14;9912;25;;;9906.0;0.0
yf_BGS_d14;34200;INTARIAN_PEPPER_ROOT;10616;15;10614;27;;;10622;14;10626;18;;;10619.0;0.0
yf_BGS_d14;34300;ASH_COATED_OSMIUM;9899;10;9895;24;;;9911;19;9914;21;;;9905.0;0.0
yf_BGS_d14;34300;INTARIAN_PEPPER_ROOT;10614;20;10612;22;;;10622;6;10625;15;;;10618.0;0.0
yf_BGS_d14;34400;ASH_COATED_OSMIUM;9903;16;9899;19;;;9909;14;9911;20;;;9906.0;0.0
yf_BGS_d14;34400;INTARIAN_PEPPER_ROOT;10615;9;10611;15;;;10621;24;10625;26;;;10618.0;0.0
yf_BGS_d14;34500;ASH_COATED_OSMIUM;9902;10;9899;31;;;9908;9;9911;23;;;9905.0;0.0
yf_BGS_d14;34500;INTARIAN_PEPPER_ROOT;10614;18;10610;17;;;10620;13;10623;17;;;10617.0;0.0
yf_BGS_d14;34600;ASH_COATED_OSMIUM;9903;15;9901;18;;;9909;12;9911;31;;;9906.0;0.0
yf_BGS_d14;34600;INTARIAN_PEPPER_ROOT;10610;9;10607;24;;;10622;20;10624;20;;;10616.0;0.0
yf_BGS_d14;34700;ASH_COATED_OSMIUM;9902;12;9898;14;;;9908;16;9910;13;;;9905.0;0.0
yf_BGS_d14;34700;INTARIAN_PEPPER_ROOT;10605;15;10603;18;;;10627;14;10630;12;;;10616.0;0.0
yf_BGS_d14;34800;ASH_COATED_OSMIUM;9900;13;9898;24;;;9912;5;9915;11;;;9906.0;0.0
yf_BGS_d14;34800;INTARIAN_PEPPER_ROOT;10605;18;10601;26;;;10624;17;10628;16;;;10614.5;0.0
yf_BGS_d14;34900;ASH_COATED_OSMIUM;9893;16;9891;10;;;9920;12;9924;23;;;9906.5;0.0
yf_BGS_d14;34900;INTARIAN_PEPPER_ROOT;10611;14;10608;19;;;10617;13;10621;25;;;10614.0;0.0
yf_BGS_d14;35000;ASH_COATED_OSMIUM;9899;12;9896;11;;;9913;12;9916;27;;;9906.0;0.0
yf_BGS_d14;35000;INTARIAN_PEPPER_ROOT;10611;10;10609;15;;;10617;5;10621;17;;;10614.0;0.0
yf_BGS_d14;35100;ASH_COATED_OSMIUM;9899;20;9896;18;;;9914;8;9917;15;;;9906.5;0.0
yf_BGS_d14;35100;INTARIAN_PEPPER_ROOT;10610;15;10606;30;;;10616;11;10618;14;;;10613.0;0.0
yf_BGS_d14;35200;ASH_COATED_OSMIUM;9901;14;9898;21;;;9910;10;9914;16;;;9905.5;0.0
yf_BGS_d14;35200;INTARIAN_PEPPER_ROOT;10609;17;10607;24;;;10615;8;10619;22;;;10612.0;0.0
yf_BGS_d14;35300;ASH_COATED_OSMIUM;9903;20;9901;21;;;9909;19;9911;33;;;9906.0;0.0
yf_BGS_d14;35300;INTARIAN_PEPPER_ROOT;10609;14;10607;16;;;10615;13;10618;27;;;10612.0;0.0
yf_BGS_d14;35400;ASH_COATED_OSMIUM;9903;15;9900;24;;;9910;18;9913;24;;;9906.5;0.0
yf_BGS_d14;35400;INTARIAN_PEPPER_ROOT;10608;10;10604;28;;;10614;17;10617;25;;;10611.0;0.0
yf_BGS_d14;35500;ASH_COATED_OSMIUM;9903;18;9901;21;;;9909;11;9911;19;;;9906.0;0.0
yf_BGS_d14;35500;INTARIAN_PEPPER_ROOT;10607;25;10604;16;;;10613;16;10617;22;;;10610.0;0.0
yf_BGS_d14;35600;ASH_COATED_OSMIUM;9904;18;9900;26;;;9910;12;9913;16;;;9907.0;0.0
yf_BGS_d14;35600;INTARIAN_PEPPER_ROOT;10585;15;10583;21;;;10634;12;10636;14;;;10609.5;0.0
yf_BGS_d14;35700;ASH_COATED_OSMIUM;9903;8;9900;16;;;9910;11;9914;24;;;9906.5;0.0
yf_BGS_d14;35700;INTARIAN_PEPPER_ROOT;10606;5;10604;22;;;10612;14;10615;18;;;10609.0;0.0
yf_BGS_d14;35800;ASH_COATED_OSMIUM;9903;19;9899;16;;;9911;12;9913;14;;;9907.0;0.0
yf_BGS_d14;35800;INTARIAN_PEPPER_ROOT;10606;16;10603;15;;;10612;15;10614;19;;;10609.0;0.0
yf_BGS_d14;35900;ASH_COATED_OSMIUM;9904;15;9901;23;;;9910;15;9914;24;;;9907.0;0.0
yf_BGS_d14;35900;INTARIAN_PEPPER_ROOT;10605;12;10601;22;;;10611;10;10614;17;;;10608.0;0.0
yf_BGS_d14;36000;ASH_COATED_OSMIUM;9904;16;9902;17;;;9910;15;9913;15;;;9907.0;0.0
yf_BGS_d14;36000;INTARIAN_PEPPER_ROOT;10602;15;10600;17;;;10613;14;10616;17;;;10607.5;0.0
yf_BGS_d14;36100;ASH_COATED_OSMIUM;9904;24;9900;25;;;9910;11;9914;22;;;9907.0;0.0
yf_BGS_d14;36100;INTARIAN_PEPPER_ROOT;10604;5;10601;16;;;10610;21;10614;18;;;10607.0;0.0
yf_BGS_d14;36200;ASH_COATED_OSMIUM;9904;17;9901;16;;;9910;24;9912;18;;;9907.0;0.0
yf_BGS_d14;36200;INTARIAN_PEPPER_ROOT;10603;8;10601;30;;;10609;12;10612;23;;;10606.0;0.0
yf_BGS_d14;36300;ASH_COATED_OSMIUM;9902;11;9899;14;;;9912;13;9915;16;;;9907.0;0.0
yf_BGS_d14;36300;INTARIAN_PEPPER_ROOT;10602;10;10600;30;;;10608;20;10611;21;;;10605.0;0.0
yf_BGS_d14;36400;ASH_COATED_OSMIUM;9905;15;9903;17;;;9911;12;9913;25;;;9908.0;0.0
yf_BGS_d14;36400;INTARIAN_PEPPER_ROOT;10595;13;10593;20;;;10614;9;10617;22;;;10604.5;0.0
yf_BGS_d14;36500;ASH_COATED_OSMIUM;9905;13;9902;19;;;9911;11;9913;22;;;9908.0;0.0
yf_BGS_d14;36500;INTARIAN_PEPPER_ROOT;10599;11;10596;17;;;10609;24;10613;23;;;10604.0;0.0
yf_BGS_d14;36600;ASH_COATED_OSMIUM;9901;20;9899;16;;;9916;12;9920;19;;;9908.5;0.0
yf_BGS_d14;36600;INTARIAN_PEPPER_ROOT;10598;20;10595;32;;;10609;8;10613;18;;;10603.5;0.0
yf_BGS_d14;36700;ASH_COATED_OSMIUM;9899;21;9897;18;;;9918;11;9920;19;;;9908.5;0.0
yf_BGS_d14;36700;INTARIAN_PEPPER_ROOT;10600;18;10598;23;;;10606;10;10608;19;;;10603.0;0.0
yf_BGS_d14;36800;ASH_COATED_OSMIUM;9905;13;9903;21;;;9911;21;9913;16;;;9908.0;0.0
yf_BGS_d14;36800;INTARIAN_PEPPER_ROOT;10599;8;10597;17;;;10605;13;10609;21;;;10602.0;0.0
yf_BGS_d14;36900;ASH_COATED_OSMIUM;9905;8;9903;26;;;9911;10;9915;19;;;9908.0;0.0
yf_BGS_d14;36900;INTARIAN_PEPPER_ROOT;10599;10;10597;21;;;10605;10;10608;12;;;10602.0;0.0
yf_BGS_d14;37000;ASH_COATED_OSMIUM;9905;12;9903;25;;;9911;13;9913;13;;;9908.0;0.0
yf_BGS_d14;37000;INTARIAN_PEPPER_ROOT;10598;11;10594;26;;;10604;12;10606;15;;;10601.0;0.0
yf_BGS_d14;37100;ASH_COATED_OSMIUM;9906;21;9904;14;;;9912;8;9915;21;;;9909.0;0.0
yf_BGS_d14;37100;INTARIAN_PEPPER_ROOT;10593;13;10591;15;;;10608;21;10612;16;;;10600.5;0.0
yf_BGS_d14;37200;ASH_COATED_OSMIUM;9906;11;9902;18;;;9912;10;9914;18;;;9909.0;0.0
yf_BGS_d14;37200;INTARIAN_PEPPER_ROOT;10589;11;10585;20;;;10610;11;10614;23;;;10599.5;0.0
yf_BGS_d14;37300;ASH_COATED_OSMIUM;9906;9;9904;18;;;9912;21;9914;23;;;9909.0;0.0
yf_BGS_d14;37300;INTARIAN_PEPPER_ROOT;10596;10;10592;21;;;10602;10;10605;20;;;10599.0;0.0
yf_BGS_d14;37400;ASH_COATED_OSMIUM;9905;11;9902;23;;;9912;18;9914;24;;;9908.5;0.0
yf_BGS_d14;37400;INTARIAN_PEPPER_ROOT;10587;20;10584;24;;;10608;8;10610;26;;;10597.5;0.0
yf_BGS_d14;37500;ASH_COATED_OSMIUM;9906;17;9903;25;;;9912;7;9915;22;;;9909.0;0.0
yf_BGS_d14;37500;INTARIAN_PEPPER_ROOT;10595;16;10592;15;;;10601;17;10604;8;;;10598.0;0.0
yf_BGS_d14;37600;ASH_COATED_OSMIUM;9906;17;9903;16;;;9912;6;9915;22;;;9909.0;0.0
yf_BGS_d14;37600;INTARIAN_PEPPER_ROOT;10594;18;10591;10;;;10600;19;10604;25;;;10597.0;0.0
yf_BGS_d14;37700;ASH_COATED_OSMIUM;9906;18;9902;20;;;9912;18;9914;11;;;9909.0;0.0
yf_BGS_d14;37700;INTARIAN_PEPPER_ROOT;10585;5;10582;27;;;10606;13;10609;15;;;10595.5;0.0
yf_BGS_d14;37800;ASH_COATED_OSMIUM;9904;21;9900;12;;;9915;9;9918;17;;;9909.5;0.0
yf_BGS_d14;37800;INTARIAN_PEPPER_ROOT;10593;5;10590;21;;;10599;17;10603;20;;;10596.0;0.0
yf_BGS_d14;37900;ASH_COATED_OSMIUM;9906;5;9902;16;;;9912;9;9914;19;;;9909.0;0.0
yf_BGS_d14;37900;INTARIAN_PEPPER_ROOT;10592;17;10589;12;;;10598;13;10600;23;;;10595.0;0.0
yf_BGS_d14;38000;ASH_COATED_OSMIUM;9906;16;9902;11;;;9912;9;9914;12;;;9909.0;0.0
yf_BGS_d14;38000;INTARIAN_PEPPER_ROOT;10592;9;10588;28;;;10598;20;10600;11;;;10595.0;0.0
yf_BGS_d14;38100;ASH_COATED_OSMIUM;9906;16;9903;17;;;9912;14;9916;20;;;9909.0;0.0
yf_BGS_d14;38100;INTARIAN_PEPPER_ROOT;10590;13;10586;13;;;10598;16;10602;19;;;10594.0;0.0
yf_BGS_d14;38200;ASH_COATED_OSMIUM;9906;12;9902;14;;;9912;19;9915;14;;;9909.0;0.0
yf_BGS_d14;38200;INTARIAN_PEPPER_ROOT;10590;10;10586;15;;;10596;10;10598;17;;;10593.0;0.0
yf_BGS_d14;38300;ASH_COATED_OSMIUM;9907;8;9903;16;;;9913;16;9916;14;;;9910.0;0.0
yf_BGS_d14;38300;INTARIAN_PEPPER_ROOT;10587;16;10585;21;;;10598;10;10602;21;;;10592.5;0.0
yf_BGS_d14;38400;ASH_COATED_OSMIUM;9907;9;9904;14;;;9913;12;9917;20;;;9910.0;0.0
yf_BGS_d14;38400;INTARIAN_PEPPER_ROOT;10585;17;10582;24;;;10599;9;10603;8;;;10592.0;0.0
yf_BGS_d14;38500;ASH_COATED_OSMIUM;9907;22;9904;12;;;9913;17;9915;13;;;9910.0;0.0
yf_BGS_d14;38500;INTARIAN_PEPPER_ROOT;10578;15;10576;25;;;10606;20;10608;17;;;10592.0;0.0
yf_BGS_d14;38600;ASH_COATED_OSMIUM;9907;11;9904;20;;;9913;10;9917;15;;;9910.0;0.0
yf_BGS_d14;38600;INTARIAN_PEPPER_ROOT;10588;20;10584;28;;;10594;19;10596;14;;;10591.0;0.0
yf_BGS_d14;38700;ASH_COATED_OSMIUM;9907;15;9904;25;;;9914;15;9918;27;;;9910.5;0.0
yf_BGS_d14;38700;INTARIAN_PEPPER_ROOT;10587;16;10583;18;;;10593;18;10596;27;;;10590.0;0.0
yf_BGS_d14;38800;ASH_COATED_OSMIUM;9907;15;9905;16;;;9913;15;9915;16;;;9910.0;0.0
yf_BGS_d14;38800;INTARIAN_PEPPER_ROOT;10587;11;10583;16;;;10593;21;10595;15;;;10590.0;0.0
yf_BGS_d14;38900;ASH_COATED_OSMIUM;9905;16;9903;17;;;9916;14;9920;20;;;9910.5;0.0
yf_BGS_d14;38900;INTARIAN_PEPPER_ROOT;10580;18;10578;19;;;10599;5;10602;25;;;10589.5;0.0
yf_BGS_d14;39000;ASH_COATED_OSMIUM;9908;12;9905;20;;;9914;26;9916;29;;;9911.0;0.0
yf_BGS_d14;39000;INTARIAN_PEPPER_ROOT;10586;17;10584;19;;;10592;12;10596;18;;;10589.0;0.0
yf_BGS_d14;39100;ASH_COATED_OSMIUM;9908;10;9905;22;;;9914;14;9918;26;;;9911.0;0.0
yf_BGS_d14;39100;INTARIAN_PEPPER_ROOT;10585;14;10582;26;;;10591;14;10595;20;;;10588.0;0.0
yf_BGS_d14;39200;ASH_COATED_OSMIUM;9900;11;9898;16;;;9922;19;9926;17;;;9911.0;0.0
yf_BGS_d14;39200;INTARIAN_PEPPER_ROOT;10584;10;10582;15;;;10590;17;10593;23;;;10587.0;0.0
yf_BGS_d14;39300;ASH_COATED_OSMIUM;9908;15;9904;18;;;9914;20;9918;16;;;9911.0;0.0
yf_BGS_d14;39300;INTARIAN_PEPPER_ROOT;10583;15;10581;22;;;10589;22;10591;28;;;10586.0;0.0
yf_BGS_d14;39400;ASH_COATED_OSMIUM;9900;13;9898;11;;;9923;20;9925;23;;;9911.5;0.0
yf_BGS_d14;39400;INTARIAN_PEPPER_ROOT;10583;19;10580;19;;;10589;14;10592;26;;;10586.0;0.0
yf_BGS_d14;39500;ASH_COATED_OSMIUM;9908;11;9905;22;;;9914;18;9917;19;;;9911.0;0.0
yf_BGS_d14;39500;INTARIAN_PEPPER_ROOT;10581;12;10579;20;;;10590;7;10594;15;;;10585.5;0.0
yf_BGS_d14;39600;ASH_COATED_OSMIUM;9908;17;9906;21;;;9914;18;9918;18;;;9911.0;0.0
yf_BGS_d14;39600;INTARIAN_PEPPER_ROOT;10579;16;10575;20;;;10591;19;10593;21;;;10585.0;0.0
yf_BGS_d14;39700;ASH_COATED_OSMIUM;9909;20;9906;17;;;9915;14;9918;23;;;9912.0;0.0
yf_BGS_d14;39700;INTARIAN_PEPPER_ROOT;10581;17;10578;22;;;10587;15;10590;14;;;10584.0;0.0
yf_BGS_d14;39800;ASH_COATED_OSMIUM;9909;9;9905;16;;;9915;5;9919;17;;;9912.0;0.0
yf_BGS_d14;39800;INTARIAN_PEPPER_ROOT;10580;16;10577;19;;;10586;12;10589;17;;;10583.0;0.0
yf_BGS_d14;39900;ASH_COATED_OSMIUM;9901;10;9898;17;;;9921;20;9925;10;;;9911.0;0.0
yf_BGS_d14;39900;INTARIAN_PEPPER_ROOT;10579;19;10575;19;;;10585;11;10587;14;;;10582.0;0.0
yf_BGS_d14;40000;ASH_COATED_OSMIUM;9906;18;9902;21;;;9917;10;9921;23;;;9911.5;0.0
yf_BGS_d14;40000;INTARIAN_PEPPER_ROOT;10576;16;10574;19;;;10588;24;10591;11;;;10582.0;0.0
yf_BGS_d14;40100;ASH_COATED_OSMIUM;9906;17;9904;10;;;9919;5;9921;23;;;9912.5;0.0
yf_BGS_d14;40100;INTARIAN_PEPPER_ROOT;10578;7;10576;17;;;10584;18;10587;9;;;10581.0;0.0
yf_BGS_d14;40200;ASH_COATED_OSMIUM;9909;24;9907;19;;;9915;14;9919;28;;;9912.0;0.0
yf_BGS_d14;40200;INTARIAN_PEPPER_ROOT;10577;11;10575;11;;;10583;12;10586;20;;;10580.0;0.0
yf_BGS_d14;40300;ASH_COATED_OSMIUM;9907;18;9903;19;;;9917;18;9920;19;;;9912.0;0.0
yf_BGS_d14;40300;INTARIAN_PEPPER_ROOT;10577;10;10574;22;;;10584;12;10588;15;;;10580.5;0.0
yf_BGS_d14;40400;ASH_COATED_OSMIUM;9909;11;9907;14;;;9915;18;9917;24;;;9912.0;0.0
yf_BGS_d14;40400;INTARIAN_PEPPER_ROOT;10576;11;10572;21;;;10582;8;10585;30;;;10579.0;0.0
yf_BGS_d14;40500;ASH_COATED_OSMIUM;9909;13;9905;14;;;9915;23;9918;23;;;9912.0;0.0
yf_BGS_d14;40500;INTARIAN_PEPPER_ROOT;10576;8;10572;17;;;10582;13;10585;13;;;10579.0;0.0
yf_BGS_d14;40600;ASH_COATED_OSMIUM;9908;16;9905;22;;;9917;7;9919;20;;;9912.5;0.0
yf_BGS_d14;40600;INTARIAN_PEPPER_ROOT;10574;8;10570;21;;;10581;6;10583;23;;;10577.5;0.0
yf_BGS_d14;40700;ASH_COATED_OSMIUM;9909;14;9906;22;;;9915;12;9919;21;;;9912.0;0.0
yf_BGS_d14;40700;INTARIAN_PEPPER_ROOT;10574;14;10572;25;;;10581;16;10585;16;;;10577.5;0.0
yf_BGS_d14;40800;ASH_COATED_OSMIUM;9909;16;9906;12;;;9915;14;9918;17;;;9912.0;0.0
yf_BGS_d14;40800;INTARIAN_PEPPER_ROOT;10574;18;10572;23;;;10580;19;10582;14;;;10577.0;0.0
yf_BGS_d14;40900;ASH_COATED_OSMIUM;9910;12;9906;22;;;9916;20;9920;23;;;9913.0;0.0
yf_BGS_d14;40900;INTARIAN_PEPPER_ROOT;10573;11;10570;23;;;10579;14;10582;21;;;10576.0;0.0
yf_BGS_d14;41000;ASH_COATED_OSMIUM;9910;18;9906;23;;;9916;14;9919;30;;;9913.0;0.0
yf_BGS_d14;41000;INTARIAN_PEPPER_ROOT;10571;15;10569;21;;;10581;11;10585;19;;;10576.0;0.0
yf_BGS_d14;41100;ASH_COATED_OSMIUM;9910;18;9906;23;;;9916;16;9920;17;;;9913.0;0.0
yf_BGS_d14;41100;INTARIAN_PEPPER_ROOT;10572;16;10570;23;;;10578;18;10581;16;;;10575.0;0.0
yf_BGS_d14;41200;ASH_COATED_OSMIUM;9906;11;9903;18;;;9919;20;9921;14;;;9912.5;0.0
yf_BGS_d14;41200;INTARIAN_PEPPER_ROOT;10571;9;10568;18;;;10577;20;10579;23;;;10574.0;0.0
yf_BGS_d14;41300;ASH_COATED_OSMIUM;9908;6;9905;32;;;9919;19;9921;22;;;9913.5;0.0
yf_BGS_d14;41300;INTARIAN_PEPPER_ROOT;10566;19;10563;19;;;10582;17;10585;29;;;10574.0;0.0
yf_BGS_d14;41400;ASH_COATED_OSMIUM;9909;9;9906;15;;;9918;8;9920;15;;;9913.5;0.0
yf_BGS_d14;41400;INTARIAN_PEPPER_ROOT;10570;10;10566;19;;;10576;16;10580;22;;;10573.0;0.0
yf_BGS_d14;41500;ASH_COATED_OSMIUM;9910;25;9906;28;;;9916;13;9918;19;;;9913.0;0.0
yf_BGS_d14;41500;INTARIAN_PEPPER_ROOT;10569;7;10566;21;;;10575;12;10578;20;;;10572.0;0.0
yf_BGS_d14;41600;ASH_COATED_OSMIUM;9905;15;9902;23;;;9922;9;9926;17;;;9913.5;0.0
yf_BGS_d14;41600;INTARIAN_PEPPER_ROOT;10555;20;10551;17;;;10589;7;10593;16;;;10572.0;0.0
yf_BGS_d14;41700;ASH_COATED_OSMIUM;9910;22;9906;20;;;9916;13;9920;17;;;9913.0;0.0
yf_BGS_d14;41700;INTARIAN_PEPPER_ROOT;10568;20;10565;20;;;10574;18;10577;24;;;10571.0;0.0
yf_BGS_d14;41800;ASH_COATED_OSMIUM;9910;21;9907;15;;;9916;13;9920;20;;;9913.0;0.0
yf_BGS_d14;41800;INTARIAN_PEPPER_ROOT;10565;9;10561;11;;;10576;24;10578;18;;;10570.5;0.0
yf_BGS_d14;41900;ASH_COATED_OSMIUM;9911;15;9907;26;;;9918;16;9921;24;;;9914.5;0.0
yf_BGS_d14;41900;INTARIAN_PEPPER_ROOT;10564;9;10561;17;;;10575;6;10579;22;;;10569.5;0.0
yf_BGS_d14;42000;ASH_COATED_OSMIUM;9911;13;9907;12;;;9917;16;9919;20;;;9914.0;0.0
yf_BGS_d14;42000;INTARIAN_PEPPER_ROOT;10566;11;10564;16;;;10572;23;10575;15;;;10569.0;0.0
yf_BGS_d14;42100;ASH_COATED_OSMIUM;9911;17;9909;21;;;9917;15;9919;20;;;9914.0;0.0
yf_BGS_d14;42100;INTARIAN_PEPPER_ROOT;10565;9;10561;21;;;10571;17;10573;13;;;10568.0;0.0
yf_BGS_d14;42200;ASH_COATED_OSMIUM;9911;17;9909;20;;;9917;10;9919;20;;;9914.0;0.0
yf_BGS_d14;42200;INTARIAN_PEPPER_ROOT;10565;15;10562;15;;;10571;13;10574;12;;;10568.0;0.0
yf_BGS_d14;42300;ASH_COATED_OSMIUM;9911;9;9907;14;;;9917;5;9920;21;;;9914.0;0.0
yf_BGS_d14;42300;INTARIAN_PEPPER_ROOT;10565;17;10561;22;;;10571;17;10575;21;;;10568.0;0.0
yf_BGS_d14;42400;ASH_COATED_OSMIUM;9900;18;9897;23;;;9927;16;9930;19;;;9913.5;0.0
yf_BGS_d14;42400;INTARIAN_PEPPER_ROOT;10564;8;10562;11;;;10570;17;10574;17;;;10567.0;0.0
yf_BGS_d14;42500;ASH_COATED_OSMIUM;9911;19;9908;11;;;9917;13;9919;10;;;9914.0;0.0
yf_BGS_d14;42500;INTARIAN_PEPPER_ROOT;10561;11;10557;26;;;10570;14;10574;21;;;10565.5;0.0
yf_BGS_d14;42600;ASH_COATED_OSMIUM;9912;17;9909;21;;;9918;16;9922;20;;;9915.0;0.0
yf_BGS_d14;42600;INTARIAN_PEPPER_ROOT;10560;18;10556;13;;;10572;17;10574;16;;;10566.0;0.0
yf_BGS_d14;42700;ASH_COATED_OSMIUM;9909;16;9907;19;;;9920;18;9924;16;;;9914.5;0.0
yf_BGS_d14;42700;INTARIAN_PEPPER_ROOT;10562;10;10560;16;;;10568;22;10570;26;;;10565.0;0.0
yf_BGS_d14;42800;ASH_COATED_OSMIUM;9904;8;9900;21;;;9925;14;9928;16;;;9914.5;0.0
yf_BGS_d14;42800;INTARIAN_PEPPER_ROOT;10561;10;10557;21;;;10567;7;10569;21;;;10564.0;0.0
yf_BGS_d14;42900;ASH_COATED_OSMIUM;9911;25;9908;19;;;9917;21;9919;18;;;9914.0;0.0
yf_BGS_d14;42900;INTARIAN_PEPPER_ROOT;10560;15;10558;21;;;10566;13;10568;15;;;10563.0;0.0
yf_BGS_d14;43000;ASH_COATED_OSMIUM;9912;13;9908;18;;;9918;21;9920;18;;;9915.0;0.0
yf_BGS_d14;43000;INTARIAN_PEPPER_ROOT;10558;25;10555;17;;;10568;21;10570;10;;;10563.0;0.0
yf_BGS_d14;43100;ASH_COATED_OSMIUM;9912;7;9909;23;;;9918;5;9921;13;;;9915.0;0.0
yf_BGS_d14;43100;INTARIAN_PEPPER_ROOT;10559;21;10556;17;;;10565;11;10569;21;;;10562.0;0.0
yf_BGS_d14;43200;ASH_COATED_OSMIUM;9908;11;9905;24;;;9923;5;9926;12;;;9915.5;0.0
yf_BGS_d14;43200;INTARIAN_PEPPER_ROOT;10559;13;10555;24;;;10565;11;10569;19;;;10562.0;0.0
yf_BGS_d14;43300;ASH_COATED_OSMIUM;9909;14;9906;24;;;9921;18;9924;27;;;9915.0;0.0
yf_BGS_d14;43300;INTARIAN_PEPPER_ROOT;10557;16;10554;19;;;10563;8;10565;18;;;10560.0;0.0
yf_BGS_d14;43400;ASH_COATED_OSMIUM;9912;15;9908;13;;;9918;15;9922;20;;;9915.0;0.0
yf_BGS_d14;43400;INTARIAN_PEPPER_ROOT;10554;26;10552;24;;;10566;13;10569;15;;;10560.0;0.0
yf_BGS_d14;43500;ASH_COATED_OSMIUM;9913;17;9909;14;;;9919;13;9923;29;;;9916.0;0.0
yf_BGS_d14;43500;INTARIAN_PEPPER_ROOT;10548;16;10544;22;;;10570;10;10573;22;;;10559.0;0.0
yf_BGS_d14;43600;ASH_COATED_OSMIUM;9912;15;9908;29;;;9918;18;9920;29;;;9915.0;0.0
yf_BGS_d14;43600;INTARIAN_PEPPER_ROOT;10556;5;10554;23;;;10562;6;10564;21;;;10559.0;0.0
yf_BGS_d14;43700;ASH_COATED_OSMIUM;9911;18;9909;29;;;9921;14;9923;19;;;9916.0;0.0
yf_BGS_d14;43700;INTARIAN_PEPPER_ROOT;10555;11;10552;16;;;10561;9;10564;25;;;10558.0;0.0
yf_BGS_d14;43800;ASH_COATED_OSMIUM;9909;16;9906;17;;;9921;7;9924;20;;;9915.0;0.0
yf_BGS_d14;43800;INTARIAN_PEPPER_ROOT;10555;10;10551;20;;;10561;28;10565;29;;;10558.0;0.0
yf_BGS_d14;43900;ASH_COATED_OSMIUM;9907;8;9904;15;;;9925;13;9929;16;;;9916.0;0.0
yf_BGS_d14;43900;INTARIAN_PEPPER_ROOT;10553;17;10551;22;;;10559;21;10562;23;;;10556.0;0.0
yf_BGS_d14;44000;ASH_COATED_OSMIUM;9914;5;9911;14;;;9920;15;9923;18;;;9917.0;0.0
yf_BGS_d14;44000;INTARIAN_PEPPER_ROOT;10552;5;10549;21;;;10561;7;10564;18;;;10556.5;0.0
yf_BGS_d14;44100;ASH_COATED_OSMIUM;9913;8;9911;15;;;9919;13;9922;19;;;9916.0;0.0
yf_BGS_d14;44100;INTARIAN_PEPPER_ROOT;10553;8;10550;14;;;10559;17;10561;24;;;10556.0;0.0
yf_BGS_d14;44200;ASH_COATED_OSMIUM;9913;15;9911;16;;;9919;15;9921;22;;;9916.0;0.0
yf_BGS_d14;44200;INTARIAN_PEPPER_ROOT;10553;19;10551;21;;;10559;13;10561;22;;;10556.0;0.0
yf_BGS_d14;44300;ASH_COATED_OSMIUM;9913;13;9911;17;;;9921;11;9923;11;;;9917.0;0.0
yf_BGS_d14;44300;INTARIAN_PEPPER_ROOT;10551;13;10547;16;;;10557;14;10559;13;;;10554.0;0.0
yf_BGS_d14;44400;ASH_COATED_OSMIUM;9913;9;9910;11;;;9919;8;9921;24;;;9916.0;0.0
yf_BGS_d14;44400;INTARIAN_PEPPER_ROOT;10550;14;10547;24;;;10558;15;10561;14;;;10554.0;0.0
yf_BGS_d14;44500;ASH_COATED_OSMIUM;9914;6;9910;17;;;9920;11;9923;15;;;9917.0;0.0
yf_BGS_d14;44500;INTARIAN_PEPPER_ROOT;10549;22;10546;18;;;10558;7;10560;22;;;10553.5;0.0
yf_BGS_d14;44600;ASH_COATED_OSMIUM;9913;12;9909;12;;;9919;9;9921;15;;;9916.0;0.0
yf_BGS_d14;44600;INTARIAN_PEPPER_ROOT;10541;16;10539;22;;;10564;18;10568;21;;;10552.5;0.0
yf_BGS_d14;44700;ASH_COATED_OSMIUM;9909;8;9906;19;;;9924;11;9927;15;;;9916.5;0.0
yf_BGS_d14;44700;INTARIAN_PEPPER_ROOT;10549;15;10547;18;;;10555;15;10559;21;;;10552.0;0.0
yf_BGS_d14;44800;ASH_COATED_OSMIUM;9906;12;9904;17;;;9928;13;9932;28;;;9917.0;0.0
yf_BGS_d14;44800;INTARIAN_PEPPER_ROOT;10549;19;10546;20;;;10555;13;10558;16;;;10552.0;0.0
yf_BGS_d14;44900;ASH_COATED_OSMIUM;9909;7;9907;8;;;9926;21;9930;18;;;9917.5;0.0
yf_BGS_d14;44900;INTARIAN_PEPPER_ROOT;10545;21;10542;21;;;10557;16;10559;12;;;10551.0;0.0
yf_BGS_d14;45000;ASH_COATED_OSMIUM;9914;19;9912;22;;;9920;19;9924;28;;;9917.0;0.0
yf_BGS_d14;45000;INTARIAN_PEPPER_ROOT;10547;13;10543;16;;;10553;17;10557;23;;;10550.0;0.0
yf_BGS_d14;45100;ASH_COATED_OSMIUM;9912;9;9910;24;;;9924;8;9927;19;;;9918.0;0.0
yf_BGS_d14;45100;INTARIAN_PEPPER_ROOT;10544;10;10541;23;;;10556;19;10560;17;;;10550.0;0.0
yf_BGS_d14;45200;ASH_COATED_OSMIUM;9915;13;9913;19;;;9921;10;9923;11;;;9918.0;0.0
yf_BGS_d14;45200;INTARIAN_PEPPER_ROOT;10546;19;10542;20;;;10552;11;10554;21;;;10549.0;0.0
yf_BGS_d14;45300;ASH_COATED_OSMIUM;9913;19;9910;15;;;9921;18;9924;17;;;9917.0;0.0
yf_BGS_d14;45300;INTARIAN_PEPPER_ROOT;10545;18;10543;19;;;10552;20;10556;19;;;10548.5;0.0
yf_BGS_d14;45400;ASH_COATED_OSMIUM;9911;21;9907;25;;;9923;18;9927;24;;;9917.0;0.0
yf_BGS_d14;45400;INTARIAN_PEPPER_ROOT;10545;25;10542;25;;;10551;21;10554;15;;;10548.0;0.0
yf_BGS_d14;45500;ASH_COATED_OSMIUM;9915;15;9912;16;;;9921;12;9923;22;;;9918.0;0.0
yf_BGS_d14;45500;INTARIAN_PEPPER_ROOT;10538;11;10535;16;;;10556;18;10560;23;;;10547.0;0.0
yf_BGS_d14;45600;ASH_COATED_OSMIUM;9915;23;9911;16;;;9921;17;9924;15;;;9918.0;0.0
yf_BGS_d14;45600;INTARIAN_PEPPER_ROOT;10543;11;10539;26;;;10549;13;10551;18;;;10546.0;0.0
yf_BGS_d14;45700;ASH_COATED_OSMIUM;9915;24;9913;13;;;9921;21;9923;25;;;9918.0;0.0
yf_BGS_d14;45700;INTARIAN_PEPPER_ROOT;10529;5;10527;21;;;10562;8;10566;16;;;10545.5;0.0
yf_BGS_d14;45800;ASH_COATED_OSMIUM;9915;10;9911;19;;;9921;9;9924;18;;;9918.0;0.0
yf_BGS_d14;45800;INTARIAN_PEPPER_ROOT;10542;6;10538;15;;;10548;12;10551;17;;;10545.0;0.0
yf_BGS_d14;45900;ASH_COATED_OSMIUM;9913;10;9911;18;;;9924;10;9927;23;;;9918.5;0.0
yf_BGS_d14;45900;INTARIAN_PEPPER_ROOT;10537;14;10535;19;;;10552;16;10555;22;;;10544.5;0.0
yf_BGS_d14;46000;ASH_COATED_OSMIUM;9915;7;9913;23;;;9921;8;9924;19;;;9918.0;0.0
yf_BGS_d14;46000;INTARIAN_PEPPER_ROOT;10538;19;10536;16;;;10549;12;10552;18;;;10543.5;0.0
yf_BGS_d14;46100;ASH_COATED_OSMIUM;9916;17;9914;24;;;9922;8;9926;23;;;9919.0;0.0
yf_BGS_d14;46100;INTARIAN_PEPPER_ROOT;10540;15;10538;12;;;10546;11;10549;23;;;10543.0;0.0
yf_BGS_d14;46200;ASH_COATED_OSMIUM;9916;21;9913;13;;;9922;27;9925;21;;;9919.0;0.0
yf_BGS_d14;46200;INTARIAN_PEPPER_ROOT;10539;6;10536;10;;;10547;15;10550;15;;;10543.0;0.0
yf_BGS_d14;46300;ASH_COATED_OSMIUM;9915;10;9913;16;;;9921;17;9924;15;;;9918.0;0.0
yf_BGS_d14;46300;INTARIAN_PEPPER_ROOT;10539;9;10535;9;;;10545;19;10547;25;;;10542.0;0.0
yf_BGS_d14;46400;ASH_COATED_OSMIUM;9916;16;9914;15;;;9922;7;9924;13;;;9919.0;0.0
yf_BGS_d14;46400;INTARIAN_PEPPER_ROOT;10538;10;10534;21;;;10544;7;10547;26;;;10541.0;0.0
yf_BGS_d14;46500;ASH_COATED_OSMIUM;9916;9;9912;13;;;9922;16;9924;20;;;9919.0;0.0
yf_BGS_d14;46500;INTARIAN_PEPPER_ROOT;10535;15;10532;11;;;10545;13;10548;17;;;10540.0;0.0
yf_BGS_d14;46600;ASH_COATED_OSMIUM;9916;20;9913;18;;;9922;5;9925;24;;;9919.0;0.0
yf_BGS_d14;46600;INTARIAN_PEPPER_ROOT;10537;7;10535;15;;;10543;19;10547;19;;;10540.0;0.0
yf_BGS_d14;46700;ASH_COATED_OSMIUM;9904;5;9901;17;;;9934;5;9937;20;;;9919.0;0.0
yf_BGS_d14;46700;INTARIAN_PEPPER_ROOT;10528;18;10524;24;;;10550;9;10553;21;;;10539.0;0.0
yf_BGS_d14;46800;ASH_COATED_OSMIUM;9916;23;9913;20;;;9922;22;9925;25;;;9919.0;0.0
yf_BGS_d14;46800;INTARIAN_PEPPER_ROOT;10534;15;10531;29;;;10545;11;10549;18;;;10539.5;0.0
yf_BGS_d14;46900;ASH_COATED_OSMIUM;9916;16;9914;17;;;9922;10;9926;21;;;9919.0;0.0
yf_BGS_d14;46900;INTARIAN_PEPPER_ROOT;10536;14;10534;23;;;10542;9;10546;19;;;10539.0;0.0
yf_BGS_d14;47000;ASH_COATED_OSMIUM;9914;11;9912;19;;;9924;6;9927;25;;;9919.0;0.0
yf_BGS_d14;47000;INTARIAN_PEPPER_ROOT;10534;18;10531;19;;;10540;28;10543;22;;;10537.0;0.0
yf_BGS_d14;47100;ASH_COATED_OSMIUM;9916;13;9913;17;;;9922;15;9925;21;;;9919.0;0.0
yf_BGS_d14;47100;INTARIAN_PEPPER_ROOT;10532;26;10529;12;;;10542;13;10544;14;;;10537.0;0.0
yf_BGS_d14;47200;ASH_COATED_OSMIUM;9917;14;9914;22;;;9923;11;9926;19;;;9920.0;0.0
yf_BGS_d14;47200;INTARIAN_PEPPER_ROOT;10522;23;10518;31;;;10550;18;10553;12;;;10536.0;0.0
yf_BGS_d14;47300;ASH_COATED_OSMIUM;9912;18;9909;22;;;9927;15;9929;19;;;9919.5;0.0
yf_BGS_d14;47300;INTARIAN_PEPPER_ROOT;10527;8;10524;16;;;10544;23;10548;26;;;10535.5;0.0
yf_BGS_d14;47400;ASH_COATED_OSMIUM;9916;14;9913;18;;;9924;19;9928;20;;;9920.0;0.0
yf_BGS_d14;47400;INTARIAN_PEPPER_ROOT;10520;16;10516;23;;;10550;20;10553;19;;;10535.0;0.0
yf_BGS_d14;47500;ASH_COATED_OSMIUM;9917;11;9915;12;;;9923;5;9926;17;;;9920.0;0.0
yf_BGS_d14;47500;INTARIAN_PEPPER_ROOT;10531;11;10528;21;;;10537;18;10541;25;;;10534.0;0.0
yf_BGS_d14;47600;ASH_COATED_OSMIUM;9917;12;9913;10;;;9923;21;9926;16;;;9920.0;0.0
yf_BGS_d14;47600;INTARIAN_PEPPER_ROOT;10530;10;10526;12;;;10536;12;10540;18;;;10533.0;0.0
yf_BGS_d14;47700;ASH_COATED_OSMIUM;9917;16;9915;9;;;9923;10;9926;28;;;9920.0;0.0
yf_BGS_d14;47700;INTARIAN_PEPPER_ROOT;10530;15;10527;19;;;10536;13;10540;16;;;10533.0;0.0
yf_BGS_d14;47800;ASH_COATED_OSMIUM;9917;20;9914;20;;;9923;15;9925;13;;;9920.0;0.0
yf_BGS_d14;47800;INTARIAN_PEPPER_ROOT;10530;12;10528;16;;;10536;19;10540;18;;;10533.0;0.0
yf_BGS_d14;47900;ASH_COATED_OSMIUM;9916;10;9912;20;;;9925;18;9928;22;;;9920.5;0.0
yf_BGS_d14;47900;INTARIAN_PEPPER_ROOT;10528;10;10526;17;;;10534;17;10538;25;;;10531.0;0.0
yf_BGS_d14;48000;ASH_COATED_OSMIUM;9917;10;9915;23;;;9923;12;9925;24;;;9920.0;0.0
yf_BGS_d14;48000;INTARIAN_PEPPER_ROOT;10526;14;10522;15;;;10535;15;10538;23;;;10530.5;0.0
yf_BGS_d14;48100;ASH_COATED_OSMIUM;9918;14;9916;19;;;9924;21;9926;18;;;9921.0;0.0
yf_BGS_d14;48100;INTARIAN_PEPPER_ROOT;10528;14;10524;27;;;10534;23;10537;24;;;10531.0;0.0
yf_BGS_d14;48200;ASH_COATED_OSMIUM;9914;19;9912;19;;;9926;11;9930;22;;;9920.0;0.0
yf_BGS_d14;48200;INTARIAN_PEPPER_ROOT;10527;9;10523;8;;;10533;12;10537;24;;;10530.0;0.0
yf_BGS_d14;48300;ASH_COATED_OSMIUM;9901;14;9897;24;;;9939;11;9943;27;;;9920.0;0.0
yf_BGS_d14;48300;INTARIAN_PEPPER_ROOT;10526;17;10523;26;;;10532;12;10534;20;;;10529.0;0.0
yf_BGS_d14;48400;ASH_COATED_OSMIUM;9912;5;9910;26;;;9931;21;9933;22;;;9921.5;0.0
yf_BGS_d14;48400;INTARIAN_PEPPER_ROOT;10526;18;10524;8;;;10532;19;10536;23;;;10529.0;0.0
yf_BGS_d14;48500;ASH_COATED_OSMIUM;9918;12;9915;25;;;9924;13;9926;15;;;9921.0;0.0
yf_BGS_d14;48500;INTARIAN_PEPPER_ROOT;10525;22;10521;14;;;10531;16;10533;19;;;10528.0;0.0
yf_BGS_d14;48600;ASH_COATED_OSMIUM;9913;13;9911;25;;;9928;12;9931;15;;;9920.5;0.0
yf_BGS_d14;48600;INTARIAN_PEPPER_ROOT;10515;18;10511;28;;;10539;5;10542;17;;;10527.0;0.0
yf_BGS_d14;48700;ASH_COATED_OSMIUM;9912;19;9908;19;;;9930;12;9932;23;;;9921.0;0.0
yf_BGS_d14;48700;INTARIAN_PEPPER_ROOT;10522;9;10519;21;;;10531;20;10535;30;;;10526.5;0.0
yf_BGS_d14;48800;ASH_COATED_OSMIUM;9918;14;9916;20;;;9925;10;9929;30;;;9921.5;0.0
yf_BGS_d14;48800;INTARIAN_PEPPER_ROOT;10521;14;10517;27;;;10532;18;10534;25;;;10526.5;0.0
yf_BGS_d14;48900;ASH_COATED_OSMIUM;9914;19;9910;14;;;9929;12;9932;11;;;9921.5;0.0
yf_BGS_d14;48900;INTARIAN_PEPPER_ROOT;10510;23;10507;18;;;10541;9;10545;27;;;10525.5;0.0
yf_BGS_d14;49000;ASH_COATED_OSMIUM;9916;16;9914;19;;;9926;12;9928;24;;;9921.0;0.0
yf_BGS_d14;49000;INTARIAN_PEPPER_ROOT;10522;24;10520;23;;;10528;5;10530;19;;;10525.0;0.0
yf_BGS_d14;49100;ASH_COATED_OSMIUM;9919;10;9916;26;;;9925;12;9928;20;;;9922.0;0.0
yf_BGS_d14;49100;INTARIAN_PEPPER_ROOT;10517;17;10514;17;;;10530;12;10534;24;;;10523.5;0.0
yf_BGS_d14;49200;ASH_COATED_OSMIUM;9913;20;9911;12;;;9930;5;9933;20;;;9921.5;0.0
yf_BGS_d14;49200;INTARIAN_PEPPER_ROOT;10521;8;10517;18;;;10527;5;10529;21;;;10524.0;0.0
yf_BGS_d14;49300;ASH_COATED_OSMIUM;9918;16;9915;22;;;9924;26;9927;16;;;9921.0;0.0
yf_BGS_d14;49300;INTARIAN_PEPPER_ROOT;10519;18;10516;26;;;10527;12;10531;16;;;10523.0;0.0
yf_BGS_d14;49400;ASH_COATED_OSMIUM;9918;14;9916;19;;;9924;8;9928;11;;;9921.0;0.0
yf_BGS_d14;49400;INTARIAN_PEPPER_ROOT;10516;15;10513;27;;;10529;21;10533;21;;;10522.5;0.0
yf_BGS_d14;49500;ASH_COATED_OSMIUM;9918;19;9915;23;;;9926;9;9930;24;;;9922.0;0.0
yf_BGS_d14;49500;INTARIAN_PEPPER_ROOT;10518;18;10515;23;;;10526;10;10529;23;;;10522.0;0.0
yf_BGS_d14;49600;ASH_COATED_OSMIUM;9915;10;9912;9;;;9929;20;9931;21;;;9922.0;0.0
yf_BGS_d14;49600;INTARIAN_PEPPER_ROOT;10511;6;10508;25;;;10530;16;10533;12;;;10520.5;0.0
yf_BGS_d14;49700;ASH_COATED_OSMIUM;9919;15;9917;21;;;9925;14;9928;20;;;9922.0;0.0
yf_BGS_d14;49700;INTARIAN_PEPPER_ROOT;10516;14;10514;26;;;10526;14;10529;18;;;10521.0;0.0
yf_BGS_d14;49800;ASH_COATED_OSMIUM;9917;20;9914;24;;;9928;27;9930;19;;;9922.5;0.0
yf_BGS_d14;49800;INTARIAN_PEPPER_ROOT;10512;11;10508;20;;;10528;16;10530;22;;;10520.0;0.0
yf_BGS_d14;49900;ASH_COATED_OSMIUM;9919;10;9916;13;;;9925;11;9927;9;;;9922.0;0.0
yf_BGS_d14;49900;INTARIAN_PEPPER_ROOT;10516;15;10513;23;;;10522;8;10525;18;;;10519.0;0.0
yf_BGS_d14;50000;ASH_COATED_OSMIUM;9916;7;9913;24;;;9929;15;9931;27;;;9922.5;0.0
yf_BGS_d14;50000;INTARIAN_PEPPER_ROOT;10514;14;10511;26;;;10524;19;10528;20;;;10519.0;0.0
yf_BGS_d14;50100;ASH_COATED_OSMIUM;9919;22;9915;8;;;9925;13;9929;26;;;9922.0;0.0
yf_BGS_d14;50100;INTARIAN_PEPPER_ROOT;10515;12;10513;19;;;10521;13;10523;20;;;10518.0;0.0
yf_BGS_d14;50200;ASH_COATED_OSMIUM;9918;24;9915;18;;;9927;11;9930;22;;;9922.5;0.0
yf_BGS_d14;50200;INTARIAN_PEPPER_ROOT;10514;14;10511;23;;;10520;12;10522;13;;;10517.0;0.0
yf_BGS_d14;50300;ASH_COATED_OSMIUM;9920;20;9916;14;;;9926;16;9930;14;;;9923.0;0.0
yf_BGS_d14;50300;INTARIAN_PEPPER_ROOT;10514;10;10510;26;;;10520;14;10523;27;;;10517.0;0.0
yf_BGS_d14;50400;ASH_COATED_OSMIUM;9920;18;9917;24;;;9926;13;9930;18;;;9923.0;0.0
yf_BGS_d14;50400;INTARIAN_PEPPER_ROOT;10512;10;10510;20;;;10519;15;10523;21;;;10515.5;0.0
yf_BGS_d14;50500;ASH_COATED_OSMIUM;9917;5;9914;21;;;9928;8;9932;21;;;9922.5;0.0
yf_BGS_d14;50500;INTARIAN_PEPPER_ROOT;10510;21;10506;24;;;10522;18;10525;19;;;10516.0;0.0
yf_BGS_d14;50600;ASH_COATED_OSMIUM;9913;17;9910;24;;;9933;5;9937;16;;;9923.0;0.0
yf_BGS_d14;50600;INTARIAN_PEPPER_ROOT;10511;13;10507;20;;;10517;14;10521;24;;;10514.0;0.0
yf_BGS_d14;50700;ASH_COATED_OSMIUM;9920;8;9918;19;;;9926;5;9929;24;;;9923.0;0.0
yf_BGS_d14;50700;INTARIAN_PEPPER_ROOT;10511;11;10508;18;;;10517;12;10520;21;;;10514.0;0.0
yf_BGS_d14;50800;ASH_COATED_OSMIUM;9919;15;9916;16;;;9927;16;9930;17;;;9923.0;0.0
yf_BGS_d14;50800;INTARIAN_PEPPER_ROOT;10508;18;10506;14;;;10519;11;10521;26;;;10513.5;0.0
yf_BGS_d14;50900;ASH_COATED_OSMIUM;9919;9;9915;15;;;9927;12;9930;25;;;9923.0;0.0
yf_BGS_d14;50900;INTARIAN_PEPPER_ROOT;10510;12;10507;26;;;10516;19;10520;17;;;10513.0;0.0
yf_BGS_d14;51000;ASH_COATED_OSMIUM;9920;5;9917;14;;;9927;20;9930;19;;;9923.5;0.0
yf_BGS_d14;51000;INTARIAN_PEPPER_ROOT;10509;12;10506;14;;;10515;13;10517;18;;;10512.0;0.0
yf_BGS_d14;51100;ASH_COATED_OSMIUM;9920;15;9917;24;;;9926;22;9928;23;;;9923.0;0.0
yf_BGS_d14;51100;INTARIAN_PEPPER_ROOT;10508;20;10506;16;;;10515;18;10519;23;;;10511.5;0.0
yf_BGS_d14;51200;ASH_COATED_OSMIUM;9920;20;9917;15;;;9928;15;9931;28;;;9924.0;0.0
yf_BGS_d14;51200;INTARIAN_PEPPER_ROOT;10506;16;10503;22;;;10515;12;10517;25;;;10510.5;0.0
yf_BGS_d14;51300;ASH_COATED_OSMIUM;9915;28;9911;14;;;9931;21;9935;27;;;9923.0;0.0
yf_BGS_d14;51300;INTARIAN_PEPPER_ROOT;10507;12;10503;21;;;10513;18;10517;18;;;10510.0;0.0
yf_BGS_d14;51400;ASH_COATED_OSMIUM;9920;17;9917;24;;;9926;15;9930;11;;;9923.0;0.0
yf_BGS_d14;51400;INTARIAN_PEPPER_ROOT;10507;21;10503;19;;;10513;15;10517;18;;;10510.0;0.0
yf_BGS_d14;51500;ASH_COATED_OSMIUM;9921;9;9918;9;;;9927;10;9931;23;;;9924.0;0.0
yf_BGS_d14;51500;INTARIAN_PEPPER_ROOT;10506;20;10504;19;;;10512;15;10516;16;;;10509.0;0.0
yf_BGS_d14;51600;ASH_COATED_OSMIUM;9915;24;9911;22;;;9933;20;9935;21;;;9924.0;0.0
yf_BGS_d14;51600;INTARIAN_PEPPER_ROOT;10505;8;10502;21;;;10511;21;10514;16;;;10508.0;0.0
yf_BGS_d14;51700;ASH_COATED_OSMIUM;9921;8;9917;19;;;9927;15;9931;17;;;9924.0;0.0
yf_BGS_d14;51700;INTARIAN_PEPPER_ROOT;10502;18;10500;24;;;10513;14;10515;19;;;10507.5;0.0
yf_BGS_d14;51800;ASH_COATED_OSMIUM;9921;10;9919;24;;;9928;7;9932;11;;;9924.5;0.0
yf_BGS_d14;51800;INTARIAN_PEPPER_ROOT;10504;8;10500;18;;;10510;25;10514;15;;;10507.0;0.0
yf_BGS_d14;51900;ASH_COATED_OSMIUM;9920;14;9917;23;;;9928;5;9932;14;;;9924.0;0.0
yf_BGS_d14;51900;INTARIAN_PEPPER_ROOT;10503;5;10499;23;;;10509;6;10513;27;;;10506.0;0.0
yf_BGS_d14;52000;ASH_COATED_OSMIUM;9913;16;9911;18;;;9935;21;9939;20;;;9924.0;0.0
yf_BGS_d14;52000;INTARIAN_PEPPER_ROOT;10503;14;10499;23;;;10509;17;10513;21;;;10506.0;0.0
yf_BGS_d14;52100;ASH_COATED_OSMIUM;9921;5;9919;18;;;9927;7;9930;20;;;9924.0;0.0
yf_BGS_d14;52100;INTARIAN_PEPPER_ROOT;10502;11;10498;10;;;10508;18;10510;26;;;10505.0;0.0
yf_BGS_d14;52200;ASH_COATED_OSMIUM;9916;15;9913;13;;;9933;20;9935;20;;;9924.5;0.0
yf_BGS_d14;52200;INTARIAN_PEPPER_ROOT;10500;9;10498;19;;;10509;21;10512;14;;;10504.5;0.0
yf_BGS_d14;52300;ASH_COATED_OSMIUM;9921;20;9918;9;;;9927;17;9930;15;;;9924.0;0.0
yf_BGS_d14;52300;INTARIAN_PEPPER_ROOT;10495;14;10492;14;;;10513;11;10517;14;;;10504.0;0.0
yf_BGS_d14;52400;ASH_COATED_OSMIUM;9907;23;9903;8;;;9942;16;9944;20;;;9924.5;0.0
yf_BGS_d14;52400;INTARIAN_PEPPER_ROOT;10494;18;10490;17;;;10514;25;10516;15;;;10504.0;0.0
yf_BGS_d14;52500;ASH_COATED_OSMIUM;9920;9;9918;34;;;9929;20;9933;12;;;9924.5;0.0
yf_BGS_d14;52500;INTARIAN_PEPPER_ROOT;10499;9;10495;21;;;10505;5;10509;9;;;10502.0;0.0
yf_BGS_d14;52600;ASH_COATED_OSMIUM;9917;19;9913;20;;;9932;21;9934;14;;;9924.5;0.0
yf_BGS_d14;52600;INTARIAN_PEPPER_ROOT;10499;12;10496;26;;;10505;17;10509;15;;;10502.0;0.0
yf_BGS_d14;52700;ASH_COATED_OSMIUM;9920;15;9917;18;;;9930;9;9934;23;;;9925.0;0.0
yf_BGS_d14;52700;INTARIAN_PEPPER_ROOT;10497;14;10493;16;;;10506;20;10510;30;;;10501.5;0.0
yf_BGS_d14;52800;ASH_COATED_OSMIUM;9922;16;9918;23;;;9928;10;9931;11;;;9925.0;0.0
yf_BGS_d14;52800;INTARIAN_PEPPER_ROOT;10494;15;10491;14;;;10506;23;10510;18;;;10500.0;0.0
yf_BGS_d14;52900;ASH_COATED_OSMIUM;9919;13;9917;16;;;9931;15;9933;27;;;9925.0;0.0
yf_BGS_d14;52900;INTARIAN_PEPPER_ROOT;10497;12;10493;15;;;10503;8;10505;13;;;10500.0;0.0
yf_BGS_d14;53000;ASH_COATED_OSMIUM;9917;18;9915;20;;;9934;19;9938;22;;;9925.5;0.0
yf_BGS_d14;53000;INTARIAN_PEPPER_ROOT;10495;11;10493;19;;;10504;14;10506;19;;;10499.5;0.0
yf_BGS_d14;53100;ASH_COATED_OSMIUM;9922;19;9918;30;;;9928;19;9930;21;;;9925.0;0.0
yf_BGS_d14;53100;INTARIAN_PEPPER_ROOT;10496;8;10493;20;;;10502;13;10504;21;;;10499.0;0.0
yf_BGS_d14;53200;ASH_COATED_OSMIUM;9921;13;9919;25;;;9927;19;9929;22;;;9924.0;0.0
yf_BGS_d14;53200;INTARIAN_PEPPER_ROOT;10495;12;10492;13;;;10501;21;10505;31;;;10498.0;0.0
yf_BGS_d14;53300;ASH_COATED_OSMIUM;9919;24;9916;22;;;9931;15;9934;17;;;9925.0;0.0
yf_BGS_d14;53300;INTARIAN_PEPPER_ROOT;10494;7;10490;13;;;10500;10;10504;15;;;10497.0;0.0
yf_BGS_d14;53400;ASH_COATED_OSMIUM;9922;11;9920;17;;;9928;16;9931;16;;;9925.0;0.0
yf_BGS_d14;53400;INTARIAN_PEPPER_ROOT;10494;17;10490;18;;;10500;16;10504;22;;;10497.0;0.0
yf_BGS_d14;53500;ASH_COATED_OSMIUM;9922;15;9920;27;;;9928;8;9931;20;;;9925.0;0.0
yf_BGS_d14;53500;INTARIAN_PEPPER_ROOT;10492;5;10490;10;;;10502;5;10506;14;;;10497.0;0.0
yf_BGS_d14;53600;ASH_COATED_OSMIUM;9920;9;9916;12;;;9930;17;9934;24;;;9925.0;0.0
yf_BGS_d14;53600;INTARIAN_PEPPER_ROOT;10488;6;10484;19;;;10503;30;10507;15;;;10495.5;0.0
yf_BGS_d14;53700;ASH_COATED_OSMIUM;9919;22;9916;21;;;9931;9;9934;22;;;9925.0;0.0
yf_BGS_d14;53700;INTARIAN_PEPPER_ROOT;10492;21;10488;20;;;10498;22;10500;25;;;10495.0;0.0
yf_BGS_d14;53800;ASH_COATED_OSMIUM;9917;10;9915;19;;;9933;16;9936;19;;;9925.0;0.0
yf_BGS_d14;53800;INTARIAN_PEPPER_ROOT;10491;11;10487;13;;;10499;17;10501;25;;;10495.0;0.0
yf_BGS_d14;53900;ASH_COATED_OSMIUM;9922;10;9918;25;;;9928;13;9932;20;;;9925.0;0.0
yf_BGS_d14;53900;INTARIAN_PEPPER_ROOT;10491;13;10488;12;;;10497;17;10499;21;;;10494.0;0.0
yf_BGS_d14;54000;ASH_COATED_OSMIUM;9914;25;9912;17;;;9935;8;9938;14;;;9924.5;0.0
yf_BGS_d14;54000;INTARIAN_PEPPER_ROOT;10490;15;10488;23;;;10496;16;10500;26;;;10493.0;0.0
yf_BGS_d14;54100;ASH_COATED_OSMIUM;9922;16;9919;20;;;9928;7;9931;12;;;9925.0;0.0
yf_BGS_d14;54100;INTARIAN_PEPPER_ROOT;10489;5;10485;20;;;10495;22;10497;10;;;10492.0;0.0
yf_BGS_d14;54200;ASH_COATED_OSMIUM;9922;16;9920;22;;;9928;15;9932;12;;;9925.0;0.0
yf_BGS_d14;54200;INTARIAN_PEPPER_ROOT;10489;10;10486;19;;;10495;12;10497;18;;;10492.0;0.0
yf_BGS_d14;54300;ASH_COATED_OSMIUM;9914;16;9911;13;;;9938;18;9941;22;;;9926.0;0.0
yf_BGS_d14;54300;INTARIAN_PEPPER_ROOT;10488;11;10486;25;;;10494;11;10497;23;;;10491.0;0.0
yf_BGS_d14;54400;ASH_COATED_OSMIUM;9909;17;9907;28;;;9943;26;9947;20;;;9926.0;0.0
yf_BGS_d14;54400;INTARIAN_PEPPER_ROOT;10488;15;10484;14;;;10494;21;10496;16;;;10491.0;0.0
yf_BGS_d14;54500;ASH_COATED_OSMIUM;9923;10;9920;23;;;9929;13;9932;15;;;9926.0;0.0
yf_BGS_d14;54500;INTARIAN_PEPPER_ROOT;10487;15;10485;27;;;10493;13;10496;22;;;10490.0;0.0
yf_BGS_d14;54600;ASH_COATED_OSMIUM;9923;13;9919;18;;;9930;15;9932;18;;;9926.5;0.0
yf_BGS_d14;54600;INTARIAN_PEPPER_ROOT;10486;8;10484;29;;;10492;16;10494;19;;;10489.0;0.0
yf_BGS_d14;54700;ASH_COATED_OSMIUM;9916;13;9912;16;;;9935;20;9938;16;;;9925.5;0.0
yf_BGS_d14;54700;INTARIAN_PEPPER_ROOT;10485;22;10481;11;;;10491;12;10495;23;;;10488.0;0.0
yf_BGS_d14;54800;ASH_COATED_OSMIUM;9921;9;9917;22;;;9931;12;9934;14;;;9926.0;0.0
yf_BGS_d14;54800;INTARIAN_PEPPER_ROOT;10478;17;10475;15;;;10497;17;10500;23;;;10487.5;0.0
yf_BGS_d14;54900;ASH_COATED_OSMIUM;9923;19;9920;13;;;9929;13;9931;22;;;9926.0;0.0
yf_BGS_d14;54900;INTARIAN_PEPPER_ROOT;10484;23;10482;22;;;10491;15;10495;16;;;10487.5;0.0
yf_BGS_d14;55000;ASH_COATED_OSMIUM;9923;10;9919;26;;;9929;11;9932;16;;;9926.0;0.0
yf_BGS_d14;55000;INTARIAN_PEPPER_ROOT;10483;13;10481;20;;;10489;16;10491;22;;;10486.0;0.0
yf_BGS_d14;55100;ASH_COATED_OSMIUM;9923;15;9921;20;;;9929;21;9931;27;;;9926.0;0.0
yf_BGS_d14;55100;INTARIAN_PEPPER_ROOT;10480;8;10478;16;;;10492;10;10496;22;;;10486.0;0.0
yf_BGS_d14;55200;ASH_COATED_OSMIUM;9923;12;9919;15;;;9929;7;9933;24;;;9926.0;0.0
yf_BGS_d14;55200;INTARIAN_PEPPER_ROOT;10483;12;10479;23;;;10489;7;10493;24;;;10486.0;0.0
yf_BGS_d14;55300;ASH_COATED_OSMIUM;9915;20;9912;13;;;9939;22;9943;23;;;9927.0;0.0
yf_BGS_d14;55300;INTARIAN_PEPPER_ROOT;10482;14;10479;8;;;10488;14;10490;18;;;10485.0;0.0
yf_BGS_d14;55400;ASH_COATED_OSMIUM;9923;18;9921;23;;;9929;18;9931;15;;;9926.0;0.0
yf_BGS_d14;55400;INTARIAN_PEPPER_ROOT;10481;14;10479;18;;;10487;12;10490;8;;;10484.0;0.0
yf_BGS_d14;55500;ASH_COATED_OSMIUM;9923;15;9920;19;;;9929;18;9931;21;;;9926.0;0.0
yf_BGS_d14;55500;INTARIAN_PEPPER_ROOT;10480;22;10477;25;;;10486;15;10490;17;;;10483.0;0.0
yf_BGS_d14;55600;ASH_COATED_OSMIUM;9923;15;9920;14;;;9929;20;9931;20;;;9926.0;0.0
yf_BGS_d14;55600;INTARIAN_PEPPER_ROOT;10476;18;10473;23;;;10490;12;10494;19;;;10483.0;0.0
yf_BGS_d14;55700;ASH_COATED_OSMIUM;9923;24;9921;21;;;9929;27;9933;16;;;9926.0;0.0
yf_BGS_d14;55700;INTARIAN_PEPPER_ROOT;10479;22;10476;21;;;10485;18;10489;18;;;10482.0;0.0
yf_BGS_d14;55800;ASH_COATED_OSMIUM;9923;12;9921;18;;;9929;16;9933;21;;;9926.0;0.0
yf_BGS_d14;55800;INTARIAN_PEPPER_ROOT;10478;6;10474;20;;;10485;16;10487;18;;;10481.5;0.0
yf_BGS_d14;55900;ASH_COATED_OSMIUM;9923;16;9921;12;;;9931;16;9933;19;;;9927.0;0.0
yf_BGS_d14;55900;INTARIAN_PEPPER_ROOT;10476;16;10473;24;;;10487;19;10489;15;;;10481.5;0.0
yf_BGS_d14;56000;ASH_COATED_OSMIUM;9924;11;9922;16;;;9930;15;9932;22;;;9927.0;0.0
yf_BGS_d14;56000;INTARIAN_PEPPER_ROOT;10463;20;10460;24;;;10498;10;10500;19;;;10480.5;0.0
yf_BGS_d14;56100;ASH_COATED_OSMIUM;9924;14;9920;15;;;9930;17;9932;16;;;9927.0;0.0
yf_BGS_d14;56100;INTARIAN_PEPPER_ROOT;10476;20;10472;17;;;10482;15;10484;18;;;10479.0;0.0
yf_BGS_d14;56200;ASH_COATED_OSMIUM;9924;18;9922;23;;;9930;19;9932;26;;;9927.0;0.0
yf_BGS_d14;56200;INTARIAN_PEPPER_ROOT;10476;5;10472;18;;;10482;16;10486;26;;;10479.0;0.0
yf_BGS_d14;56300;ASH_COATED_OSMIUM;9924;14;9922;14;;;9930;16;9934;20;;;9927.0;0.0
yf_BGS_d14;56300;INTARIAN_PEPPER_ROOT;10475;14;10471;29;;;10481;15;10485;16;;;10478.0;0.0
yf_BGS_d14;56400;ASH_COATED_OSMIUM;9922;22;9920;15;;;9932;9;9936;18;;;9927.0;0.0
yf_BGS_d14;56400;INTARIAN_PEPPER_ROOT;10469;14;10467;14;;;10486;24;10490;19;;;10477.5;0.0
yf_BGS_d14;56500;ASH_COATED_OSMIUM;9924;11;9921;20;;;9930;5;9933;18;;;9927.0;0.0
yf_BGS_d14;56500;INTARIAN_PEPPER_ROOT;10474;22;10471;26;;;10480;20;10482;21;;;10477.0;0.0
yf_BGS_d14;56600;ASH_COATED_OSMIUM;9913;11;9909;12;;;9941;18;9944;23;;;9927.0;0.0
yf_BGS_d14;56600;INTARIAN_PEPPER_ROOT;10472;9;10468;23;;;10482;18;10485;19;;;10477.0;0.0
yf_BGS_d14;56700;ASH_COATED_OSMIUM;9922;11;9918;20;;;9932;21;9934;17;;;9927.0;0.0
yf_BGS_d14;56700;INTARIAN_PEPPER_ROOT;10460;15;10456;20;;;10492;10;10495;14;;;10476.0;0.0
yf_BGS_d14;56800;ASH_COATED_OSMIUM;9924;10;9922;18;;;9930;22;9933;26;;;9927.0;0.0
yf_BGS_d14;56800;INTARIAN_PEPPER_ROOT;10472;6;10470;22;;;10478;7;10481;22;;;10475.0;0.0
yf_BGS_d14;56900;ASH_COATED_OSMIUM;9924;15;9920;21;;;9931;16;9933;22;;;9927.5;0.0
yf_BGS_d14;56900;INTARIAN_PEPPER_ROOT;10470;19;10466;11;;;10479;14;10482;28;;;10474.5;0.0
yf_BGS_d14;57000;ASH_COATED_OSMIUM;9921;10;9919;25;;;9935;26;9938;19;;;9928.0;0.0
yf_BGS_d14;57000;INTARIAN_PEPPER_ROOT;10469;11;10465;21;;;10479;12;10482;17;;;10474.0;0.0
yf_BGS_d14;57100;ASH_COATED_OSMIUM;9924;12;9921;24;;;9930;21;9934;18;;;9927.0;0.0
yf_BGS_d14;57100;INTARIAN_PEPPER_ROOT;10471;16;10469;9;;;10477;12;10480;19;;;10474.0;0.0
yf_BGS_d14;57200;ASH_COATED_OSMIUM;9924;10;9921;13;;;9930;11;9934;19;;;9927.0;0.0
yf_BGS_d14;57200;INTARIAN_PEPPER_ROOT;10469;20;10466;15;;;10475;19;10477;22;;;10472.0;0.0
yf_BGS_d14;57300;ASH_COATED_OSMIUM;9923;10;9919;21;;;9932;9;9935;22;;;9927.5;0.0
yf_BGS_d14;57300;INTARIAN_PEPPER_ROOT;10458;10;10455;24;;;10486;11;10489;17;;;10472.0;0.0
yf_BGS_d14;57400;ASH_COATED_OSMIUM;9924;5;9920;16;;;9930;18;9934;14;;;9927.0;0.0
yf_BGS_d14;57400;INTARIAN_PEPPER_ROOT;10468;10;10465;19;;;10474;9;10476;24;;;10471.0;0.0
yf_BGS_d14;57500;ASH_COATED_OSMIUM;9917;19;9914;29;;;9937;15;9941;23;;;9927.0;0.0
yf_BGS_d14;57500;INTARIAN_PEPPER_ROOT;10468;12;10464;23;;;10474;19;10478;22;;;10471.0;0.0
yf_BGS_d14;57600;ASH_COATED_OSMIUM;9925;18;9922;16;;;9931;12;9933;27;;;9928.0;0.0
yf_BGS_d14;57600;INTARIAN_PEPPER_ROOT;10467;22;10465;29;;;10473;11;10475;13;;;10470.0;0.0
yf_BGS_d14;57700;ASH_COATED_OSMIUM;9925;8;9921;18;;;9931;26;9935;11;;;9928.0;0.0
yf_BGS_d14;57700;INTARIAN_PEPPER_ROOT;10467;23;10465;18;;;10473;18;10476;27;;;10470.0;0.0
yf_BGS_d14;57800;ASH_COATED_OSMIUM;9925;6;9922;24;;;9931;15;9935;31;;;9928.0;0.0
yf_BGS_d14;57800;INTARIAN_PEPPER_ROOT;10458;16;10456;22;;;10481;10;10484;19;;;10469.5;0.0
yf_BGS_d14;57900;ASH_COATED_OSMIUM;9925;8;9921;14;;;9931;5;9933;20;;;9928.0;0.0
yf_BGS_d14;57900;INTARIAN_PEPPER_ROOT;10466;10;10462;19;;;10472;21;10474;22;;;10469.0;0.0
yf_BGS_d14;58000;ASH_COATED_OSMIUM;9925;18;9922;16;;;9932;20;9935;26;;;9928.5;0.0
yf_BGS_d14;58000;INTARIAN_PEPPER_ROOT;10460;10;10457;23;;;10475;12;10478;17;;;10467.5;0.0
yf_BGS_d14;58100;ASH_COATED_OSMIUM;9925;18;9922;24;;;9931;16;9935;20;;;9928.0;0.0
yf_BGS_d14;58100;INTARIAN_PEPPER_ROOT;10451;19;10447;27;;;10483;6;10486;8;;;10467.0;0.0
yf_BGS_d14;58200;ASH_COATED_OSMIUM;9925;12;9923;25;;;9931;20;9933;17;;;9928.0;0.0
yf_BGS_d14;58200;INTARIAN_PEPPER_ROOT;10461;13;10457;28;;;10472;17;10474;19;;;10466.5;0.0
yf_BGS_d14;58300;ASH_COATED_OSMIUM;9925;16;9922;20;;;9932;8;9934;22;;;9928.5;0.0
