day;timestamp;product;bid_price_1;bid_volume_1;bid_price_2;bid_volume_2;bid_price_3;bid_volume_3;ask_price_1;ask_volume_1;ask_price_2;ask_volume_2;ask_price_3;ask_volume_3;mid_price;profit_and_loss
av_CORN_d7;0;ASH_COATED_OSMIUM;9961;8;9959;8;;;9979;16;9983;17;;;9970.0;0.0
av_CORN_d7;0;INTARIAN_PEPPER_ROOT;10016;14;10014;21;;;10022;18;10026;14;;;10019.0;0.0
av_CORN_d7;100;ASH_COATED_OSMIUM;9967;17;9964;14;;;9974;17;9977;19;;;9970.5;0.0
av_CORN_d7;100;INTARIAN_PEPPER_ROOT;10009;15;10005;16;;;10030;10;10033;26;;;10019.5;0.0
av_CORN_d7;200;ASH_COATED_OSMIUM;9965;17;9963;9;;;9977;19;9979;15;;;9971.0;0.0
av_CORN_d7;200;INTARIAN_PEPPER_ROOT;10016;14;10012;15;;;10022;20;10025;13;;;10019.0;0.0
av_CORN_d7;300;ASH_COATED_OSMIUM;9967;10;9964;17;;;9974;19;9978;17;;;9970.5;0.0
av_CORN_d7;300;INTARIAN_PEPPER_ROOT;10016;8;10012;19;;;10022;16;10025;20;;;10019.0;0.0
av_CORN_d7;400;ASH_COATED_OSMIUM;9967;22;9963;23;;;9973;22;9975;17;;;9970.0;0.0
av_CORN_d7;400;INTARIAN_PEPPER_ROOT;10016;18;10013;25;;;10022;8;10024;21;;;10019.0;0.0
av_CORN_d7;500;ASH_COATED_OSMIUM;9967;20;9965;26;;;9973;16;9976;13;;;9970.0;0.0
av_CORN_d7;500;INTARIAN_PEPPER_ROOT;10016;12;10014;17;;;10022;19;10026;22;;;10019.0;0.0
av_CORN_d7;600;ASH_COATED_OSMIUM;9967;14;9965;18;;;9973;5;9975;19;;;9970.0;0.0
av_CORN_d7;600;INTARIAN_PEPPER_ROOT;10017;15;10015;29;;;10023;11;10025;27;;;10020.0;0.0
av_CORN_d7;700;ASH_COATED_OSMIUM;9966;14;9962;23;;;9974;11;9978;20;;;9970.0;0.0
av_CORN_d7;700;INTARIAN_PEPPER_ROOT;10017;6;10015;10;;;10023;18;10026;20;;;10020.0;0.0
av_CORN_d7;800;ASH_COATED_OSMIUM;9963;21;9961;20;;;9977;15;9979;19;;;9970.0;0.0
av_CORN_d7;800;INTARIAN_PEPPER_ROOT;10017;19;10013;11;;;10023;20;10025;23;;;10020.0;0.0
av_CORN_d7;900;ASH_COATED_OSMIUM;9967;14;9963;13;;;9973;19;9977;22;;;9970.0;0.0
av_CORN_d7;900;INTARIAN_PEPPER_ROOT;10016;9;10012;23;;;10022;21;10025;26;;;10019.0;0.0
av_CORN_d7;1000;ASH_COATED_OSMIUM;9966;18;9964;24;;;9972;12;9974;20;;;9969.0;0.0
av_CORN_d7;1000;INTARIAN_PEPPER_ROOT;10003;14;9999;15;;;10037;11;10041;26;;;10020.0;0.0
av_CORN_d7;1100;ASH_COATED_OSMIUM;9967;20;9963;19;;;9973;18;9976;20;;;9970.0;0.0
av_CORN_d7;1100;INTARIAN_PEPPER_ROOT;10010;9;10007;18;;;10029;5;10031;10;;;10019.5;0.0
av_CORN_d7;1200;ASH_COATED_OSMIUM;9967;14;9965;8;;;9973;9;9975;23;;;9970.0;0.0
av_CORN_d7;1200;INTARIAN_PEPPER_ROOT;10017;15;10013;22;;;10023;13;10027;14;;;10020.0;0.0
av_CORN_d7;1300;ASH_COATED_OSMIUM;9958;11;9954;23;;;9981;13;9983;18;;;9969.5;0.0
av_CORN_d7;1300;INTARIAN_PEPPER_ROOT;10016;22;10014;13;;;10022;17;10025;20;;;10019.0;0.0
av_CORN_d7;1400;ASH_COATED_OSMIUM;9960;22;9957;20;;;9981;18;9985;21;;;9970.5;0.0
av_CORN_d7;1400;INTARIAN_PEPPER_ROOT;10005;14;10002;20;;;10034;17;10038;20;;;10019.5;0.0
av_CORN_d7;1500;ASH_COATED_OSMIUM;9964;22;9961;15;;;9977;17;9980;21;;;9970.5;0.0
av_CORN_d7;1500;INTARIAN_PEPPER_ROOT;10007;20;10004;29;;;10032;22;10035;27;;;10019.5;0.0
av_CORN_d7;1600;ASH_COATED_OSMIUM;9967;5;9963;16;;;9973;5;9977;28;;;9970.0;0.0
av_CORN_d7;1600;INTARIAN_PEPPER_ROOT;10016;14;10012;20;;;10022;23;10026;11;;;10019.0;0.0
av_CORN_d7;1700;ASH_COATED_OSMIUM;9962;17;9959;22;;;9976;14;9978;19;;;9969.0;0.0
av_CORN_d7;1700;INTARIAN_PEPPER_ROOT;10018;12;10014;23;;;10024;18;10028;19;;;10021.0;0.0
av_CORN_d7;1800;ASH_COATED_OSMIUM;9961;9;9959;12;;;9978;11;9982;25;;;9969.5;0.0
av_CORN_d7;1800;INTARIAN_PEPPER_ROOT;10011;11;10009;18;;;10029;10;10032;24;;;10020.0;0.0
av_CORN_d7;1900;ASH_COATED_OSMIUM;9967;17;9964;14;;;9973;9;9977;25;;;9970.0;0.0
av_CORN_d7;1900;INTARIAN_PEPPER_ROOT;10016;18;10012;22;;;10022;18;10025;21;;;10019.0;0.0
av_CORN_d7;2000;ASH_COATED_OSMIUM;9967;12;9965;23;;;9973;16;9977;20;;;9970.0;0.0
av_CORN_d7;2000;INTARIAN_PEPPER_ROOT;10009;7;10007;24;;;10029;11;10033;22;;;10019.0;0.0
av_CORN_d7;2100;ASH_COATED_OSMIUM;9965;5;9961;23;;;9974;22;9976;23;;;9969.5;0.0
av_CORN_d7;2100;INTARIAN_PEPPER_ROOT;10017;19;10013;21;;;10023;13;10027;23;;;10020.0;0.0
av_CORN_d7;2200;ASH_COATED_OSMIUM;9967;8;9964;18;;;9973;9;9976;12;;;9970.0;0.0
av_CORN_d7;2200;INTARIAN_PEPPER_ROOT;10016;7;10012;23;;;10023;13;10027;18;;;10019.5;0.0
av_CORN_d7;2300;ASH_COATED_OSMIUM;9964;8;9961;13;;;9975;20;9978;20;;;9969.5;0.0
av_CORN_d7;2300;INTARIAN_PEPPER_ROOT;10012;9;10010;15;;;10029;13;10032;23;;;10020.5;0.0
av_CORN_d7;2400;ASH_COATED_OSMIUM;9966;23;9963;24;;;9973;7;9976;21;;;9969.5;0.0
av_CORN_d7;2400;INTARIAN_PEPPER_ROOT;10017;12;10015;19;;;10023;8;10025;23;;;10020.0;0.0
av_CORN_d7;2500;ASH_COATED_OSMIUM;9961;9;9957;29;;;9978;23;9980;26;;;9969.5;0.0
av_CORN_d7;2500;INTARIAN_PEPPER_ROOT;10016;7;10014;29;;;10022;13;10026;23;;;10019.0;0.0
av_CORN_d7;2600;ASH_COATED_OSMIUM;9966;14;9963;18;;;9972;16;9974;18;;;9969.0;0.0
av_CORN_d7;2600;INTARIAN_PEPPER_ROOT;10016;11;10012;21;;;10022;19;10024;20;;;10019.0;0.0
av_CORN_d7;2700;ASH_COATED_OSMIUM;9967;8;9965;24;;;9973;17;9976;15;;;9970.0;0.0
av_CORN_d7;2700;INTARIAN_PEPPER_ROOT;10017;15;10015;18;;;10023;14;10025;26;;;10020.0;0.0
av_CORN_d7;2800;ASH_COATED_OSMIUM;9966;27;9962;18;;;9973;20;9975;21;;;9969.5;0.0
av_CORN_d7;2800;INTARIAN_PEPPER_ROOT;10013;8;10009;27;;;10028;10;10031;24;;;10020.5;0.0
av_CORN_d7;2900;ASH_COATED_OSMIUM;9965;11;9963;26;;;9971;15;9974;21;;;9968.0;0.0
av_CORN_d7;2900;INTARIAN_PEPPER_ROOT;10017;21;10013;19;;;10023;23;10027;22;;;10020.0;0.0
av_CORN_d7;3000;ASH_COATED_OSMIUM;9961;5;9959;19;;;9977;22;9980;23;;;9969.0;0.0
av_CORN_d7;3000;INTARIAN_PEPPER_ROOT;10007;18;10005;24;;;10032;12;10036;19;;;10019.5;0.0
av_CORN_d7;3100;ASH_COATED_OSMIUM;9962;21;9958;14;;;9977;22;9980;27;;;9969.5;0.0
av_CORN_d7;3100;INTARIAN_PEPPER_ROOT;10017;14;10013;25;;;10023;11;10027;25;;;10020.0;0.0
av_CORN_d7;3200;ASH_COATED_OSMIUM;9966;11;9962;14;;;9972;9;9975;19;;;9969.0;0.0
av_CORN_d7;3200;INTARIAN_PEPPER_ROOT;10018;11;10015;29;;;10024;17;10028;17;;;10021.0;0.0
av_CORN_d7;3300;ASH_COATED_OSMIUM;9963;19;9960;15;;;9974;19;9976;25;;;9968.5;0.0
av_CORN_d7;3300;INTARIAN_PEPPER_ROOT;10017;9;10013;15;;;10023;9;10025;19;;;10020.0;0.0
av_CORN_d7;3400;ASH_COATED_OSMIUM;9966;19;9964;20;;;9972;15;9976;21;;;9969.0;0.0
av_CORN_d7;3400;INTARIAN_PEPPER_ROOT;10013;14;10009;23;;;10026;22;10028;25;;;10019.5;0.0
av_CORN_d7;3500;ASH_COATED_OSMIUM;9965;10;9962;24;;;9974;9;9978;21;;;9969.5;0.0
av_CORN_d7;3500;INTARIAN_PEPPER_ROOT;10017;5;10013;18;;;10023;24;10027;23;;;10020.0;0.0
av_CORN_d7;3600;ASH_COATED_OSMIUM;9959;16;9955;20;;;9978;19;9982;30;;;9968.5;0.0
av_CORN_d7;3600;INTARIAN_PEPPER_ROOT;10016;20;10014;19;;;10022;5;10025;24;;;10019.0;0.0
av_CORN_d7;3700;ASH_COATED_OSMIUM;9966;13;9964;23;;;9972;11;9975;21;;;9969.0;0.0
av_CORN_d7;3700;INTARIAN_PEPPER_ROOT;10017;10;10014;19;;;10023;21;10026;16;;;10020.0;0.0
av_CORN_d7;3800;ASH_COATED_OSMIUM;9961;15;9957;15;;;9975;8;9979;15;;;9968.0;0.0
av_CORN_d7;3800;INTARIAN_PEPPER_ROOT;10015;16;10013;20;;;10025;13;10028;20;;;10020.0;0.0
av_CORN_d7;3900;ASH_COATED_OSMIUM;9965;10;9962;18;;;9972;19;9974;12;;;9968.5;0.0
av_CORN_d7;3900;INTARIAN_PEPPER_ROOT;10014;15;10010;21;;;10025;11;10028;23;;;10019.5;0.0
av_CORN_d7;4000;ASH_COATED_OSMIUM;9966;30;9962;23;;;9972;18;9974;24;;;9969.0;0.0
av_CORN_d7;4000;INTARIAN_PEPPER_ROOT;10017;14;10014;16;;;10023;5;10027;15;;;10020.0;0.0
av_CORN_d7;4100;ASH_COATED_OSMIUM;9966;16;9963;14;;;9972;23;9975;11;;;9969.0;0.0
av_CORN_d7;4100;INTARIAN_PEPPER_ROOT;10018;18;10016;16;;;10024;21;10026;22;;;10021.0;0.0
av_CORN_d7;4200;ASH_COATED_OSMIUM;9962;13;9959;17;;;9974;15;9976;27;;;9968.0;0.0
av_CORN_d7;4200;INTARIAN_PEPPER_ROOT;10017;22;10014;19;;;10023;16;10025;18;;;10020.0;0.0
av_CORN_d7;4300;ASH_COATED_OSMIUM;9962;15;9960;23;;;9974;16;9976;21;;;9968.0;0.0
av_CORN_d7;4300;INTARIAN_PEPPER_ROOT;10017;18;10014;20;;;10023;9;10026;27;;;10020.0;0.0
av_CORN_d7;4400;ASH_COATED_OSMIUM;9966;17;9964;23;;;9972;12;9976;25;;;9969.0;0.0
av_CORN_d7;4400;INTARIAN_PEPPER_ROOT;10018;14;10016;15;;;10024;14;10026;24;;;10021.0;0.0
av_CORN_d7;4500;ASH_COATED_OSMIUM;9965;12;9961;16;;;9971;11;9974;24;;;9968.0;0.0
av_CORN_d7;4500;INTARIAN_PEPPER_ROOT;10016;18;10014;17;;;10025;17;10029;17;;;10020.5;0.0
av_CORN_d7;4600;ASH_COATED_OSMIUM;9965;9;9961;20;;;9971;13;9974;23;;;9968.0;0.0
av_CORN_d7;4600;INTARIAN_PEPPER_ROOT;10017;9;10015;29;;;10023;22;10025;18;;;10020.0;0.0
av_CORN_d7;4700;ASH_COATED_OSMIUM;9965;12;9962;20;;;9971;20;9974;18;;;9968.0;0.0
av_CORN_d7;4700;INTARIAN_PEPPER_ROOT;10018;13;10015;10;;;10024;5;10027;21;;;10021.0;0.0
av_CORN_d7;4800;ASH_COATED_OSMIUM;9965;16;9963;18;;;9971;9;9975;27;;;9968.0;0.0
av_CORN_d7;4800;INTARIAN_PEPPER_ROOT;10018;20;10014;20;;;10024;27;10027;18;;;10021.0;0.0
av_CORN_d7;4900;ASH_COATED_OSMIUM;9965;8;9963;18;;;9972;24;9975;17;;;9968.5;0.0
av_CORN_d7;4900;INTARIAN_PEPPER_ROOT;10018;16;10016;23;;;10024;11;10027;17;;;10021.0;0.0
av_CORN_d7;5000;ASH_COATED_OSMIUM;9960;20;9958;23;;;9976;23;9979;19;;;9968.0;0.0
av_CORN_d7;5000;INTARIAN_PEPPER_ROOT;10017;12;10015;31;;;10023;22;10026;16;;;10020.0;0.0
av_CORN_d7;5100;ASH_COATED_OSMIUM;9960;22;9957;29;;;9975;17;9978;20;;;9967.5;0.0
av_CORN_d7;5100;INTARIAN_PEPPER_ROOT;10016;10;10013;23;;;10025;11;10029;28;;;10020.5;0.0
av_CORN_d7;5200;ASH_COATED_OSMIUM;9965;13;9963;21;;;9971;19;9973;20;;;9968.0;0.0
av_CORN_d7;5200;INTARIAN_PEPPER_ROOT;10016;18;10014;20;;;10025;7;10027;23;;;10020.5;0.0
av_CORN_d7;5300;ASH_COATED_OSMIUM;9965;5;9963;20;;;9971;20;9975;11;;;9968.0;0.0
av_CORN_d7;5300;INTARIAN_PEPPER_ROOT;10018;14;10015;19;;;10024;17;10026;13;;;10021.0;0.0
av_CORN_d7;5400;ASH_COATED_OSMIUM;9961;20;9958;16;;;9974;14;9978;20;;;9967.5;0.0
av_CORN_d7;5400;INTARIAN_PEPPER_ROOT;10005;20;10002;24;;;10036;11;10038;9;;;10020.5;0.0
av_CORN_d7;5500;ASH_COATED_OSMIUM;9960;18;9956;13;;;9976;7;9979;27;;;9968.0;0.0
av_CORN_d7;5500;INTARIAN_PEPPER_ROOT;10018;21;10015;15;;;10024;13;10028;17;;;10021.0;0.0
av_CORN_d7;5600;ASH_COATED_OSMIUM;9965;16;9961;22;;;9972;24;9975;8;;;9968.5;0.0
av_CORN_d7;5600;INTARIAN_PEPPER_ROOT;10013;19;10010;24;;;10029;14;10031;11;;;10021.0;0.0
av_CORN_d7;5700;ASH_COATED_OSMIUM;9960;25;9956;27;;;9975;9;9978;23;;;9967.5;0.0
av_CORN_d7;5700;INTARIAN_PEPPER_ROOT;10016;18;10012;15;;;10026;21;10028;24;;;10021.0;0.0
av_CORN_d7;5800;ASH_COATED_OSMIUM;9965;19;9961;29;;;9971;13;9975;15;;;9968.0;0.0
av_CORN_d7;5800;INTARIAN_PEPPER_ROOT;10017;22;10014;21;;;10023;18;10027;15;;;10020.0;0.0
av_CORN_d7;5900;ASH_COATED_OSMIUM;9964;19;9960;16;;;9970;13;9974;21;;;9967.0;0.0
av_CORN_d7;5900;INTARIAN_PEPPER_ROOT;10016;14;10014;22;;;10025;7;10029;20;;;10020.5;0.0
av_CORN_d7;6000;ASH_COATED_OSMIUM;9965;16;9961;12;;;9971;12;9973;8;;;9968.0;0.0
av_CORN_d7;6000;INTARIAN_PEPPER_ROOT;10005;12;10001;24;;;10036;8;10039;12;;;10020.5;0.0
av_CORN_d7;6100;ASH_COATED_OSMIUM;9964;13;9962;21;;;9972;21;9976;18;;;9968.0;0.0
av_CORN_d7;6100;INTARIAN_PEPPER_ROOT;10018;12;10014;26;;;10024;15;10027;26;;;10021.0;0.0
av_CORN_d7;6200;ASH_COATED_OSMIUM;9965;7;9961;18;;;9971;19;9975;25;;;9968.0;0.0
av_CORN_d7;6200;INTARIAN_PEPPER_ROOT;10011;10;10009;19;;;10030;22;10032;17;;;10020.5;0.0
av_CORN_d7;6300;ASH_COATED_OSMIUM;9961;13;9959;31;;;9975;13;9978;17;;;9968.0;0.0
av_CORN_d7;6300;INTARIAN_PEPPER_ROOT;10018;12;10016;22;;;10024;13;10027;24;;;10021.0;0.0
av_CORN_d7;6400;ASH_COATED_OSMIUM;9964;17;9961;21;;;9970;13;9973;23;;;9967.0;0.0
av_CORN_d7;6400;INTARIAN_PEPPER_ROOT;10017;11;10015;22;;;10024;20;10026;17;;;10020.5;0.0
av_CORN_d7;6500;ASH_COATED_OSMIUM;9964;15;9961;16;;;9970;9;9974;25;;;9967.0;0.0
av_CORN_d7;6500;INTARIAN_PEPPER_ROOT;10017;19;10014;19;;;10025;17;10028;16;;;10021.0;0.0
av_CORN_d7;6600;ASH_COATED_OSMIUM;9964;24;9962;23;;;9970;23;9972;20;;;9967.0;0.0
av_CORN_d7;6600;INTARIAN_PEPPER_ROOT;10018;17;10014;29;;;10024;12;10028;18;;;10021.0;0.0
av_CORN_d7;6700;ASH_COATED_OSMIUM;9957;12;9955;16;;;9977;17;9979;24;;;9967.0;0.0
av_CORN_d7;6700;INTARIAN_PEPPER_ROOT;10016;21;10014;27;;;10026;7;10030;19;;;10021.0;0.0
av_CORN_d7;6800;ASH_COATED_OSMIUM;9959;18;9956;17;;;9975;20;9979;13;;;9967.0;0.0
av_CORN_d7;6800;INTARIAN_PEPPER_ROOT;10011;25;10007;17;;;10030;8;10033;15;;;10020.5;0.0
av_CORN_d7;6900;ASH_COATED_OSMIUM;9964;12;9961;23;;;9970;23;9974;17;;;9967.0;0.0
av_CORN_d7;6900;INTARIAN_PEPPER_ROOT;10016;15;10013;35;;;10026;17;10028;18;;;10021.0;0.0
av_CORN_d7;7000;ASH_COATED_OSMIUM;9964;17;9961;18;;;9970;22;9973;17;;;9967.0;0.0
av_CORN_d7;7000;INTARIAN_PEPPER_ROOT;10000;11;9997;23;;;10041;15;10045;10;;;10020.5;0.0
av_CORN_d7;7100;ASH_COATED_OSMIUM;9938;13;9936;17;;;9997;12;10001;20;;;9967.5;0.0
av_CORN_d7;7100;INTARIAN_PEPPER_ROOT;10017;12;10013;10;;;10023;18;10025;17;;;10020.0;0.0
av_CORN_d7;7200;ASH_COATED_OSMIUM;9965;22;9961;8;;;9971;17;9973;26;;;9968.0;0.0
av_CORN_d7;7200;INTARIAN_PEPPER_ROOT;10009;19;10005;15;;;10032;11;10034;21;;;10020.5;0.0
av_CORN_d7;7300;ASH_COATED_OSMIUM;9952;12;9948;15;;;9981;17;9985;22;;;9966.5;0.0
av_CORN_d7;7300;INTARIAN_PEPPER_ROOT;10012;14;10009;27;;;10030;7;10032;20;;;10021.0;0.0
av_CORN_d7;7400;ASH_COATED_OSMIUM;9963;15;9961;25;;;9969;6;9972;13;;;9966.0;0.0
av_CORN_d7;7400;INTARIAN_PEPPER_ROOT;10018;14;10015;21;;;10024;12;10028;18;;;10021.0;0.0
av_CORN_d7;7500;ASH_COATED_OSMIUM;9953;18;9950;16;;;9980;21;9982;12;;;9966.5;0.0
av_CORN_d7;7500;INTARIAN_PEPPER_ROOT;10009;12;10006;20;;;10034;9;10037;16;;;10021.5;0.0
av_CORN_d7;7600;ASH_COATED_OSMIUM;9962;11;9960;10;;;9972;20;9974;23;;;9967.0;0.0
av_CORN_d7;7600;INTARIAN_PEPPER_ROOT;10018;7;10015;20;;;10024;12;10027;16;;;10021.0;0.0
av_CORN_d7;7700;ASH_COATED_OSMIUM;9961;12;9957;15;;;9972;17;9974;24;;;9966.5;0.0
av_CORN_d7;7700;INTARIAN_PEPPER_ROOT;10016;12;10012;22;;;10025;16;10028;20;;;10020.5;0.0
av_CORN_d7;7800;ASH_COATED_OSMIUM;9964;14;9960;15;;;9970;10;9972;17;;;9967.0;0.0
av_CORN_d7;7800;INTARIAN_PEPPER_ROOT;10018;14;10015;25;;;10024;18;10028;18;;;10021.0;0.0
av_CORN_d7;7900;ASH_COATED_OSMIUM;9964;17;9962;30;;;9970;15;9972;14;;;9967.0;0.0
av_CORN_d7;7900;INTARIAN_PEPPER_ROOT;10018;19;10016;18;;;10024;7;10027;14;;;10021.0;0.0
av_CORN_d7;8000;ASH_COATED_OSMIUM;9964;9;9962;16;;;9970;12;9974;25;;;9967.0;0.0
av_CORN_d7;8000;INTARIAN_PEPPER_ROOT;10018;11;10015;16;;;10024;15;10028;14;;;10021.0;0.0
av_CORN_d7;8100;ASH_COATED_OSMIUM;9964;12;9961;13;;;9970;14;9973;17;;;9967.0;0.0
av_CORN_d7;8100;INTARIAN_PEPPER_ROOT;10018;8;10016;22;;;10024;24;10028;20;;;10021.0;0.0
av_CORN_d7;8200;ASH_COATED_OSMIUM;9963;16;9960;15;;;9969;15;9971;22;;;9966.0;0.0
av_CORN_d7;8200;INTARIAN_PEPPER_ROOT;10013;18;10011;13;;;10029;19;10033;19;;;10021.0;0.0
av_CORN_d7;8300;ASH_COATED_OSMIUM;9963;9;9961;19;;;9969;8;9972;21;;;9966.0;0.0
av_CORN_d7;8300;INTARIAN_PEPPER_ROOT;10018;15;10014;16;;;10024;17;10026;20;;;10021.0;0.0
av_CORN_d7;8400;ASH_COATED_OSMIUM;9953;21;9950;26;;;9980;14;9983;9;;;9966.5;0.0
av_CORN_d7;8400;INTARIAN_PEPPER_ROOT;10018;9;10014;24;;;10024;7;10027;11;;;10021.0;0.0
av_CORN_d7;8500;ASH_COATED_OSMIUM;9964;21;9962;19;;;9970;6;9972;20;;;9967.0;0.0
av_CORN_d7;8500;INTARIAN_PEPPER_ROOT;10017;13;10013;16;;;10024;18;10027;28;;;10020.5;0.0
av_CORN_d7;8600;ASH_COATED_OSMIUM;9964;21;9961;24;;;9970;18;9973;19;;;9967.0;0.0
av_CORN_d7;8600;INTARIAN_PEPPER_ROOT;10018;21;10014;20;;;10024;13;10027;26;;;10021.0;0.0
av_CORN_d7;8700;ASH_COATED_OSMIUM;9963;16;9959;24;;;9970;15;9973;16;;;9966.5;0.0
av_CORN_d7;8700;INTARIAN_PEPPER_ROOT;10018;17;10015;20;;;10024;9;10026;21;;;10021.0;0.0
av_CORN_d7;8800;ASH_COATED_OSMIUM;9963;6;9960;11;;;9969;15;9972;21;;;9966.0;0.0
av_CORN_d7;8800;INTARIAN_PEPPER_ROOT;10015;16;10011;21;;;10028;16;10031;27;;;10021.5;0.0
av_CORN_d7;8900;ASH_COATED_OSMIUM;9963;12;9960;9;;;9969;9;9972;15;;;9966.0;0.0
av_CORN_d7;8900;INTARIAN_PEPPER_ROOT;10018;6;10015;21;;;10024;16;10028;16;;;10021.0;0.0
av_CORN_d7;9000;ASH_COATED_OSMIUM;9960;12;9958;23;;;9972;12;9974;22;;;9966.0;0.0
av_CORN_d7;9000;INTARIAN_PEPPER_ROOT;10013;14;10011;22;;;10029;15;10033;25;;;10021.0;0.0
av_CORN_d7;9100;ASH_COATED_OSMIUM;9950;13;9947;17;;;9983;13;9986;29;;;9966.5;0.0
av_CORN_d7;9100;INTARIAN_PEPPER_ROOT;10018;15;10016;20;;;10025;22;10028;23;;;10021.5;0.0
av_CORN_d7;9200;ASH_COATED_OSMIUM;9962;18;9959;18;;;9972;26;9975;30;;;9967.0;0.0
av_CORN_d7;9200;INTARIAN_PEPPER_ROOT;10018;14;10015;19;;;10026;10;10030;16;;;10022.0;0.0
av_CORN_d7;9300;ASH_COATED_OSMIUM;9963;10;9960;16;;;9969;22;9973;26;;;9966.0;0.0
av_CORN_d7;9300;INTARIAN_PEPPER_ROOT;10019;21;10017;16;;;10025;9;10027;18;;;10022.0;0.0
av_CORN_d7;9400;ASH_COATED_OSMIUM;9963;15;9961;15;;;9969;26;9972;15;;;9966.0;0.0
av_CORN_d7;9400;INTARIAN_PEPPER_ROOT;10019;19;10015;16;;;10025;11;10027;23;;;10022.0;0.0
av_CORN_d7;9500;ASH_COATED_OSMIUM;9963;15;9959;17;;;9969;16;9972;19;;;9966.0;0.0
av_CORN_d7;9500;INTARIAN_PEPPER_ROOT;10019;16;10017;20;;;10025;14;10029;16;;;10022.0;0.0
av_CORN_d7;9600;ASH_COATED_OSMIUM;9963;22;9959;18;;;9969;12;9972;20;;;9966.0;0.0
av_CORN_d7;9600;INTARIAN_PEPPER_ROOT;10018;16;10016;15;;;10024;18;10028;20;;;10021.0;0.0
av_CORN_d7;9700;ASH_COATED_OSMIUM;9963;17;9959;16;;;9969;9;9973;18;;;9966.0;0.0
av_CORN_d7;9700;INTARIAN_PEPPER_ROOT;10017;5;10013;15;;;10026;10;10029;23;;;10021.5;0.0
av_CORN_d7;9800;ASH_COATED_OSMIUM;9963;14;9960;20;;;9969;19;9973;21;;;9966.0;0.0
av_CORN_d7;9800;INTARIAN_PEPPER_ROOT;10012;10;10009;16;;;10030;5;10034;18;;;10021.0;0.0
av_CORN_d7;9900;ASH_COATED_OSMIUM;9963;18;9960;16;;;9969;10;9971;17;;;9966.0;0.0
av_CORN_d7;9900;INTARIAN_PEPPER_ROOT;10016;23;10013;18;;;10026;9;10030;15;;;10021.0;0.0
av_CORN_d7;10000;ASH_COATED_OSMIUM;9960;10;9956;10;;;9972;5;9976;14;;;9966.0;0.0
av_CORN_d7;10000;INTARIAN_PEPPER_ROOT;10019;17;10017;17;;;10025;17;10028;25;;;10022.0;0.0
av_CORN_d7;10100;ASH_COATED_OSMIUM;9952;12;9949;17;;;9979;18;9983;17;;;9965.5;0.0
av_CORN_d7;10100;INTARIAN_PEPPER_ROOT;10018;10;10016;28;;;10024;17;10028;10;;;10021.0;0.0
av_CORN_d7;10200;ASH_COATED_OSMIUM;9963;19;9961;20;;;9969;14;9971;16;;;9966.0;0.0
av_CORN_d7;10200;INTARIAN_PEPPER_ROOT;10017;16;10015;9;;;10028;9;10030;28;;;10022.5;0.0
av_CORN_d7;10300;ASH_COATED_OSMIUM;9963;18;9959;14;;;9969;17;9973;24;;;9966.0;0.0
av_CORN_d7;10300;INTARIAN_PEPPER_ROOT;10019;8;10015;26;;;10026;8;10028;10;;;10022.5;0.0
av_CORN_d7;10400;ASH_COATED_OSMIUM;9963;20;9960;22;;;9969;8;9971;23;;;9966.0;0.0
av_CORN_d7;10400;INTARIAN_PEPPER_ROOT;10012;16;10009;17;;;10031;16;10033;17;;;10021.5;0.0
av_CORN_d7;10500;ASH_COATED_OSMIUM;9962;10;9958;20;;;9968;14;9972;18;;;9965.0;0.0
av_CORN_d7;10500;INTARIAN_PEPPER_ROOT;10018;5;10016;19;;;10024;16;10027;23;;;10021.0;0.0
av_CORN_d7;10600;ASH_COATED_OSMIUM;9959;8;9957;19;;;9972;15;9975;18;;;9965.5;0.0
av_CORN_d7;10600;INTARIAN_PEPPER_ROOT;10014;11;10010;16;;;10030;19;10032;24;;;10022.0;0.0
av_CORN_d7;10700;ASH_COATED_OSMIUM;9962;14;9958;19;;;9968;19;9972;13;;;9965.0;0.0
av_CORN_d7;10700;INTARIAN_PEPPER_ROOT;10018;7;10014;20;;;10024;12;10028;21;;;10021.0;0.0
av_CORN_d7;10800;ASH_COATED_OSMIUM;9963;14;9961;21;;;9969;18;9973;13;;;9966.0;0.0
av_CORN_d7;10800;INTARIAN_PEPPER_ROOT;10019;10;10017;11;;;10025;10;10028;9;;;10022.0;0.0
av_CORN_d7;10900;ASH_COATED_OSMIUM;9961;19;9959;18;;;9970;20;9972;16;;;9965.5;0.0
av_CORN_d7;10900;INTARIAN_PEPPER_ROOT;10008;8;10006;19;;;10035;15;10039;19;;;10021.5;0.0
av_CORN_d7;11000;ASH_COATED_OSMIUM;9963;14;9960;16;;;9969;8;9971;16;;;9966.0;0.0
av_CORN_d7;11000;INTARIAN_PEPPER_ROOT;10019;12;10016;17;;;10025;19;10028;17;;;10022.0;0.0
av_CORN_d7;11100;ASH_COATED_OSMIUM;9959;13;9957;17;;;9971;12;9975;14;;;9965.0;0.0
av_CORN_d7;11100;INTARIAN_PEPPER_ROOT;10014;18;10010;15;;;10029;27;10032;16;;;10021.5;0.0
av_CORN_d7;11200;ASH_COATED_OSMIUM;9954;18;9951;18;;;9978;17;9980;20;;;9966.0;0.0
av_CORN_d7;11200;INTARIAN_PEPPER_ROOT;10003;20;10000;17;;;10041;8;10045;15;;;10022.0;0.0
av_CORN_d7;11300;ASH_COATED_OSMIUM;9962;6;9960;29;;;9968;12;9972;19;;;9965.0;0.0
av_CORN_d7;11300;INTARIAN_PEPPER_ROOT;10019;15;10016;16;;;10025;15;10028;27;;;10022.0;0.0
av_CORN_d7;11400;ASH_COATED_OSMIUM;9954;11;9950;12;;;9976;24;9980;27;;;9965.0;0.0
av_CORN_d7;11400;INTARIAN_PEPPER_ROOT;10019;6;10017;12;;;10025;7;10029;19;;;10022.0;0.0
av_CORN_d7;11500;ASH_COATED_OSMIUM;9957;16;9953;27;;;9973;15;9977;14;;;9965.0;0.0
av_CORN_d7;11500;INTARIAN_PEPPER_ROOT;10019;13;10017;15;;;10025;13;10027;25;;;10022.0;0.0
av_CORN_d7;11600;ASH_COATED_OSMIUM;9959;15;9957;23;;;9970;16;9974;15;;;9964.5;0.0
av_CORN_d7;11600;INTARIAN_PEPPER_ROOT;10019;17;10015;14;;;10025;10;10027;22;;;10022.0;0.0
av_CORN_d7;11700;ASH_COATED_OSMIUM;9963;13;9960;17;;;9969;9;9972;28;;;9966.0;0.0
av_CORN_d7;11700;INTARIAN_PEPPER_ROOT;10019;17;10015;9;;;10025;10;10028;22;;;10022.0;0.0
av_CORN_d7;11800;ASH_COATED_OSMIUM;9962;17;9959;22;;;9968;11;9970;15;;;9965.0;0.0
av_CORN_d7;11800;INTARIAN_PEPPER_ROOT;10019;19;10017;18;;;10025;21;10029;23;;;10022.0;0.0
av_CORN_d7;11900;ASH_COATED_OSMIUM;9961;25;9958;19;;;9969;12;9973;17;;;9965.0;0.0
av_CORN_d7;11900;INTARIAN_PEPPER_ROOT;10019;18;10015;23;;;10025;11;10027;25;;;10022.0;0.0
av_CORN_d7;12000;ASH_COATED_OSMIUM;9959;12;9955;19;;;9970;11;9972;22;;;9964.5;0.0
av_CORN_d7;12000;INTARIAN_PEPPER_ROOT;10019;6;10015;18;;;10025;7;10029;12;;;10022.0;0.0
av_CORN_d7;12100;ASH_COATED_OSMIUM;9957;5;9954;20;;;9973;16;9975;15;;;9965.0;0.0
av_CORN_d7;12100;INTARIAN_PEPPER_ROOT;10016;15;10014;20;;;10028;18;10032;26;;;10022.0;0.0
av_CORN_d7;12200;ASH_COATED_OSMIUM;9962;20;9958;27;;;9968;20;9970;18;;;9965.0;0.0
av_CORN_d7;12200;INTARIAN_PEPPER_ROOT;10019;15;10017;24;;;10025;15;10027;13;;;10022.0;0.0
av_CORN_d7;12300;ASH_COATED_OSMIUM;9962;13;9960;17;;;9968;9;9970;25;;;9965.0;0.0
av_CORN_d7;12300;INTARIAN_PEPPER_ROOT;10015;14;10013;24;;;10030;6;10032;18;;;10022.5;0.0
av_CORN_d7;12400;ASH_COATED_OSMIUM;9962;11;9959;24;;;9968;11;9971;23;;;9965.0;0.0
av_CORN_d7;12400;INTARIAN_PEPPER_ROOT;10019;13;10016;21;;;10025;23;10028;13;;;10022.0;0.0
av_CORN_d7;12500;ASH_COATED_OSMIUM;9962;21;9959;21;;;9968;9;9971;22;;;9965.0;0.0
av_CORN_d7;12500;INTARIAN_PEPPER_ROOT;10017;12;10013;22;;;10028;13;10030;25;;;10022.5;0.0
av_CORN_d7;12600;ASH_COATED_OSMIUM;9961;17;9957;12;;;9967;10;9971;21;;;9964.0;0.0
av_CORN_d7;12600;INTARIAN_PEPPER_ROOT;10020;17;10017;17;;;10026;7;10029;24;;;10023.0;0.0
av_CORN_d7;12700;ASH_COATED_OSMIUM;9961;9;9959;21;;;9968;19;9972;27;;;9964.5;0.0
av_CORN_d7;12700;INTARIAN_PEPPER_ROOT;10016;17;10014;24;;;10029;19;10033;15;;;10022.5;0.0
av_CORN_d7;12800;ASH_COATED_OSMIUM;9962;27;9958;23;;;9968;13;9970;13;;;9965.0;0.0
av_CORN_d7;12800;INTARIAN_PEPPER_ROOT;10019;15;10017;11;;;10025;11;10029;10;;;10022.0;0.0
av_CORN_d7;12900;ASH_COATED_OSMIUM;9961;10;9959;20;;;9968;22;9972;23;;;9964.5;0.0
av_CORN_d7;12900;INTARIAN_PEPPER_ROOT;10015;18;10011;17;;;10029;21;10031;19;;;10022.0;0.0
av_CORN_d7;13000;ASH_COATED_OSMIUM;9961;9;9959;10;;;9967;11;9970;14;;;9964.0;0.0
av_CORN_d7;13000;INTARIAN_PEPPER_ROOT;10017;21;10013;21;;;10027;9;10030;19;;;10022.0;0.0
av_CORN_d7;13100;ASH_COATED_OSMIUM;9961;15;9959;21;;;9969;12;9971;19;;;9965.0;0.0
av_CORN_d7;13100;INTARIAN_PEPPER_ROOT;10017;13;10015;23;;;10027;7;10029;16;;;10022.0;0.0
av_CORN_d7;13200;ASH_COATED_OSMIUM;9961;16;9959;22;;;9967;13;9970;19;;;9964.0;0.0
av_CORN_d7;13200;INTARIAN_PEPPER_ROOT;10020;16;10017;24;;;10026;15;10030;26;;;10023.0;0.0
av_CORN_d7;13300;ASH_COATED_OSMIUM;9959;10;9955;20;;;9967;13;9971;23;;;9963.0;0.0
av_CORN_d7;13300;INTARIAN_PEPPER_ROOT;10019;22;10017;17;;;10025;16;10027;27;;;10022.0;0.0
av_CORN_d7;13400;ASH_COATED_OSMIUM;9956;17;9953;24;;;9972;18;9975;24;;;9964.0;0.0
av_CORN_d7;13400;INTARIAN_PEPPER_ROOT;10019;23;10015;10;;;10025;16;10029;18;;;10022.0;0.0
av_CORN_d7;13500;ASH_COATED_OSMIUM;9961;11;9958;28;;;9967;14;9971;21;;;9964.0;0.0
av_CORN_d7;13500;INTARIAN_PEPPER_ROOT;10019;28;10015;26;;;10025;18;10029;18;;;10022.0;0.0
av_CORN_d7;13600;ASH_COATED_OSMIUM;9957;13;9953;20;;;9970;10;9974;20;;;9963.5;0.0
av_CORN_d7;13600;INTARIAN_PEPPER_ROOT;10020;20;10017;22;;;10026;10;10028;20;;;10023.0;0.0
av_CORN_d7;13700;ASH_COATED_OSMIUM;9956;9;9952;15;;;9971;14;9975;13;;;9963.5;0.0
av_CORN_d7;13700;INTARIAN_PEPPER_ROOT;10020;15;10018;17;;;10026;11;10028;17;;;10023.0;0.0
av_CORN_d7;13800;ASH_COATED_OSMIUM;9959;10;9956;13;;;9968;22;9971;22;;;9963.5;0.0
av_CORN_d7;13800;INTARIAN_PEPPER_ROOT;10019;17;10016;12;;;10025;7;10029;25;;;10022.0;0.0
av_CORN_d7;13900;ASH_COATED_OSMIUM;9961;16;9959;21;;;9967;11;9969;25;;;9964.0;0.0
av_CORN_d7;13900;INTARIAN_PEPPER_ROOT;10015;16;10011;19;;;10030;18;10034;19;;;10022.5;0.0
av_CORN_d7;14000;ASH_COATED_OSMIUM;9961;10;9957;26;;;9967;21;9969;22;;;9964.0;0.0
av_CORN_d7;14000;INTARIAN_PEPPER_ROOT;9996;12;9994;27;;;10048;20;10051;11;;;10022.0;0.0
av_CORN_d7;14100;ASH_COATED_OSMIUM;9961;12;9958;22;;;9967;16;9971;15;;;9964.0;0.0
av_CORN_d7;14100;INTARIAN_PEPPER_ROOT;10019;14;10015;23;;;10025;7;10028;24;;;10022.0;0.0
av_CORN_d7;14200;ASH_COATED_OSMIUM;9961;8;9957;19;;;9967;19;9969;25;;;9964.0;0.0
av_CORN_d7;14200;INTARIAN_PEPPER_ROOT;10020;12;10017;16;;;10026;8;10030;18;;;10023.0;0.0
av_CORN_d7;14300;ASH_COATED_OSMIUM;9961;11;9958;28;;;9967;20;9970;14;;;9964.0;0.0
av_CORN_d7;14300;INTARIAN_PEPPER_ROOT;10017;14;10014;19;;;10028;17;10032;18;;;10022.5;0.0
av_CORN_d7;14400;ASH_COATED_OSMIUM;9961;14;9957;28;;;9967;11;9971;20;;;9964.0;0.0
av_CORN_d7;14400;INTARIAN_PEPPER_ROOT;10020;12;10017;24;;;10026;11;10030;26;;;10023.0;0.0
av_CORN_d7;14500;ASH_COATED_OSMIUM;9959;15;9957;20;;;9967;14;9970;25;;;9963.0;0.0
av_CORN_d7;14500;INTARIAN_PEPPER_ROOT;10020;16;10018;15;;;10026;5;10028;11;;;10023.0;0.0
av_CORN_d7;14600;ASH_COATED_OSMIUM;9961;29;9959;15;;;9967;23;9969;14;;;9964.0;0.0
av_CORN_d7;14600;INTARIAN_PEPPER_ROOT;10009;27;10006;12;;;10036;12;10038;17;;;10022.5;0.0
av_CORN_d7;14700;ASH_COATED_OSMIUM;9953;12;9949;17;;;9974;5;9976;21;;;9963.5;0.0
av_CORN_d7;14700;INTARIAN_PEPPER_ROOT;10020;14;10016;22;;;10026;14;10030;20;;;10023.0;0.0
av_CORN_d7;14800;ASH_COATED_OSMIUM;9959;17;9955;20;;;9969;11;9972;25;;;9964.0;0.0
av_CORN_d7;14800;INTARIAN_PEPPER_ROOT;10020;10;10017;17;;;10026;22;10028;28;;;10023.0;0.0
av_CORN_d7;14900;ASH_COATED_OSMIUM;9961;14;9958;19;;;9967;18;9971;20;;;9964.0;0.0
av_CORN_d7;14900;INTARIAN_PEPPER_ROOT;10019;8;10017;23;;;10025;20;10028;9;;;10022.0;0.0
av_CORN_d7;15000;ASH_COATED_OSMIUM;9960;16;9956;18;;;9966;8;9970;17;;;9963.0;0.0
av_CORN_d7;15000;INTARIAN_PEPPER_ROOT;10020;20;10016;22;;;10026;21;10029;19;;;10023.0;0.0
av_CORN_d7;15100;ASH_COATED_OSMIUM;9959;12;9957;13;;;9967;9;9970;20;;;9963.0;0.0
av_CORN_d7;15100;INTARIAN_PEPPER_ROOT;10020;14;10018;8;;;10026;9;10029;11;;;10023.0;0.0
av_CORN_d7;15200;ASH_COATED_OSMIUM;9955;15;9951;16;;;9972;9;9974;19;;;9963.5;0.0
av_CORN_d7;15200;INTARIAN_PEPPER_ROOT;10020;19;10018;13;;;10026;20;10030;12;;;10023.0;0.0
av_CORN_d7;15300;ASH_COATED_OSMIUM;9955;15;9951;30;;;9971;12;9975;24;;;9963.0;0.0
av_CORN_d7;15300;INTARIAN_PEPPER_ROOT;10020;18;10017;28;;;10026;23;10028;12;;;10023.0;0.0
av_CORN_d7;15400;ASH_COATED_OSMIUM;9960;12;9958;18;;;9966;14;9969;18;;;9963.0;0.0
av_CORN_d7;15400;INTARIAN_PEPPER_ROOT;10018;14;10014;18;;;10028;18;10030;21;;;10023.0;0.0
av_CORN_d7;15500;ASH_COATED_OSMIUM;9960;18;9958;19;;;9966;15;9970;15;;;9963.0;0.0
av_CORN_d7;15500;INTARIAN_PEPPER_ROOT;10020;20;10018;15;;;10026;5;10030;14;;;10023.0;0.0
av_CORN_d7;15600;ASH_COATED_OSMIUM;9960;10;9958;18;;;9966;8;9970;18;;;9963.0;0.0
av_CORN_d7;15600;INTARIAN_PEPPER_ROOT;10020;21;10018;13;;;10026;28;10029;18;;;10023.0;0.0
av_CORN_d7;15700;ASH_COATED_OSMIUM;9959;7;9955;17;;;9968;21;9970;29;;;9963.5;0.0
av_CORN_d7;15700;INTARIAN_PEPPER_ROOT;10020;24;10017;19;;;10026;16;10030;19;;;10023.0;0.0
av_CORN_d7;15800;ASH_COATED_OSMIUM;9958;11;9955;9;;;9969;5;9973;23;;;9963.5;0.0
av_CORN_d7;15800;INTARIAN_PEPPER_ROOT;10013;20;10011;22;;;10032;7;10034;19;;;10022.5;0.0
av_CORN_d7;15900;ASH_COATED_OSMIUM;9960;16;9958;27;;;9966;22;9969;19;;;9963.0;0.0
av_CORN_d7;15900;INTARIAN_PEPPER_ROOT;10009;14;10007;22;;;10037;13;10040;17;;;10023.0;0.0
av_CORN_d7;16000;ASH_COATED_OSMIUM;9960;8;9956;25;;;9966;17;9970;21;;;9963.0;0.0
av_CORN_d7;16000;INTARIAN_PEPPER_ROOT;10011;12;10008;26;;;10035;15;10037;18;;;10023.0;0.0
av_CORN_d7;16100;ASH_COATED_OSMIUM;9956;17;9952;29;;;9969;17;9971;16;;;9962.5;0.0
av_CORN_d7;16100;INTARIAN_PEPPER_ROOT;10014;14;10012;21;;;10032;11;10035;15;;;10023.0;0.0
av_CORN_d7;16200;ASH_COATED_OSMIUM;9960;13;9956;22;;;9966;14;9968;26;;;9963.0;0.0
av_CORN_d7;16200;INTARIAN_PEPPER_ROOT;10020;16;10016;20;;;10026;22;10029;16;;;10023.0;0.0
av_CORN_d7;16300;ASH_COATED_OSMIUM;9960;12;9957;18;;;9966;28;9969;27;;;9963.0;0.0
av_CORN_d7;16300;INTARIAN_PEPPER_ROOT;10019;12;10016;24;;;10027;27;10031;15;;;10023.0;0.0
av_CORN_d7;16400;ASH_COATED_OSMIUM;9957;7;9954;12;;;9970;9;9972;24;;;9963.5;0.0
av_CORN_d7;16400;INTARIAN_PEPPER_ROOT;10020;18;10018;16;;;10026;11;10029;25;;;10023.0;0.0
av_CORN_d7;16500;ASH_COATED_OSMIUM;9960;9;9956;22;;;9966;12;9968;18;;;9963.0;0.0
av_CORN_d7;16500;INTARIAN_PEPPER_ROOT;10020;13;10017;17;;;10026;14;10030;18;;;10023.0;0.0
av_CORN_d7;16600;ASH_COATED_OSMIUM;9960;20;9957;17;;;9966;17;9970;23;;;9963.0;0.0
av_CORN_d7;16600;INTARIAN_PEPPER_ROOT;10019;22;10016;18;;;10027;17;10030;22;;;10023.0;0.0
av_CORN_d7;16700;ASH_COATED_OSMIUM;9959;14;9957;17;;;9965;23;9969;20;;;9962.0;0.0
av_CORN_d7;16700;INTARIAN_PEPPER_ROOT;10015;16;10011;19;;;10032;14;10036;20;;;10023.5;0.0
av_CORN_d7;16800;ASH_COATED_OSMIUM;9953;13;9951;15;;;9972;12;9974;20;;;9962.5;0.0
av_CORN_d7;16800;INTARIAN_PEPPER_ROOT;10016;19;10013;19;;;10031;13;10035;26;;;10023.5;0.0
av_CORN_d7;16900;ASH_COATED_OSMIUM;9959;13;9956;16;;;9965;7;9969;20;;;9962.0;0.0
av_CORN_d7;16900;INTARIAN_PEPPER_ROOT;10015;15;10012;10;;;10031;10;10033;30;;;10023.0;0.0
av_CORN_d7;17000;ASH_COATED_OSMIUM;9959;18;9955;20;;;9965;24;9967;16;;;9962.0;0.0
av_CORN_d7;17000;INTARIAN_PEPPER_ROOT;10020;13;10018;13;;;10026;9;10029;21;;;10023.0;0.0
av_CORN_d7;17100;ASH_COATED_OSMIUM;9956;17;9953;11;;;9969;19;9972;24;;;9962.5;0.0
av_CORN_d7;17100;INTARIAN_PEPPER_ROOT;10020;8;10017;17;;;10026;15;10029;24;;;10023.0;0.0
av_CORN_d7;17200;ASH_COATED_OSMIUM;9960;18;9956;22;;;9966;14;9968;23;;;9963.0;0.0
av_CORN_d7;17200;INTARIAN_PEPPER_ROOT;10020;9;10018;14;;;10026;18;10029;23;;;10023.0;0.0
av_CORN_d7;17300;ASH_COATED_OSMIUM;9961;16;9957;25;;;9967;19;9969;26;;;9964.0;0.0
av_CORN_d7;17300;INTARIAN_PEPPER_ROOT;10005;23;10002;22;;;10040;22;10043;14;;;10022.5;0.0
av_CORN_d7;17400;ASH_COATED_OSMIUM;9960;14;9956;16;;;9966;5;9968;8;;;9963.0;0.0
av_CORN_d7;17400;INTARIAN_PEPPER_ROOT;10019;14;10016;21;;;10025;18;10028;15;;;10022.0;0.0
av_CORN_d7;17500;ASH_COATED_OSMIUM;9960;19;9957;23;;;9966;17;9970;28;;;9963.0;0.0
av_CORN_d7;17500;INTARIAN_PEPPER_ROOT;10006;14;10003;18;;;10040;8;10044;28;;;10023.0;0.0
av_CORN_d7;17600;ASH_COATED_OSMIUM;9960;10;9957;21;;;9966;18;9970;27;;;9963.0;0.0
av_CORN_d7;17600;INTARIAN_PEPPER_ROOT;10019;25;10017;15;;;10025;12;10029;25;;;10022.0;0.0
av_CORN_d7;17700;ASH_COATED_OSMIUM;9953;12;9951;20;;;9975;22;9978;20;;;9964.0;0.0
av_CORN_d7;17700;INTARIAN_PEPPER_ROOT;10020;15;10016;20;;;10026;11;10029;16;;;10023.0;0.0
av_CORN_d7;17800;ASH_COATED_OSMIUM;9958;7;9955;18;;;9970;14;9974;23;;;9964.0;0.0
av_CORN_d7;17800;INTARIAN_PEPPER_ROOT;10019;9;10017;20;;;10025;19;10027;20;;;10022.0;0.0
av_CORN_d7;17900;ASH_COATED_OSMIUM;9957;16;9955;23;;;9971;12;9973;12;;;9964.0;0.0
av_CORN_d7;17900;INTARIAN_PEPPER_ROOT;10019;17;10017;18;;;10025;14;10027;21;;;10022.0;0.0
av_CORN_d7;18000;ASH_COATED_OSMIUM;9961;6;9957;20;;;9967;24;9969;11;;;9964.0;0.0
av_CORN_d7;18000;INTARIAN_PEPPER_ROOT;10016;7;10013;23;;;10027;14;10029;24;;;10021.5;0.0
av_CORN_d7;18100;ASH_COATED_OSMIUM;9961;18;9957;23;;;9968;15;9970;27;;;9964.5;0.0
av_CORN_d7;18100;INTARIAN_PEPPER_ROOT;10019;5;10016;19;;;10025;13;10028;16;;;10022.0;0.0
av_CORN_d7;18200;ASH_COATED_OSMIUM;9952;12;9949;16;;;9977;15;9981;26;;;9964.5;0.0
av_CORN_d7;18200;INTARIAN_PEPPER_ROOT;10018;13;10015;26;;;10025;13;10028;21;;;10021.5;0.0
av_CORN_d7;18300;ASH_COATED_OSMIUM;9961;21;9957;17;;;9967;5;9971;12;;;9964.0;0.0
av_CORN_d7;18300;INTARIAN_PEPPER_ROOT;10018;9;10014;29;;;10024;16;10026;21;;;10021.0;0.0
av_CORN_d7;18400;ASH_COATED_OSMIUM;9955;23;9951;22;;;9973;16;9975;18;;;9964.0;0.0
av_CORN_d7;18400;INTARIAN_PEPPER_ROOT;10018;18;10014;24;;;10024;27;10026;27;;;10021.0;0.0
av_CORN_d7;18500;ASH_COATED_OSMIUM;9962;11;9960;20;;;9968;6;9971;22;;;9965.0;0.0
av_CORN_d7;18500;INTARIAN_PEPPER_ROOT;10018;14;10014;22;;;10024;20;10026;22;;;10021.0;0.0
av_CORN_d7;18600;ASH_COATED_OSMIUM;9962;19;9960;22;;;9968;14;9972;18;;;9965.0;0.0
av_CORN_d7;18600;INTARIAN_PEPPER_ROOT;10017;16;10013;26;;;10024;15;10027;20;;;10020.5;0.0
av_CORN_d7;18700;ASH_COATED_OSMIUM;9962;15;9959;14;;;9968;16;9971;23;;;9965.0;0.0
av_CORN_d7;18700;INTARIAN_PEPPER_ROOT;10018;17;10014;24;;;10024;6;10028;26;;;10021.0;0.0
av_CORN_d7;18800;ASH_COATED_OSMIUM;9956;12;9952;34;;;9974;15;9978;15;;;9965.0;0.0
av_CORN_d7;18800;INTARIAN_PEPPER_ROOT;10010;18;10006;23;;;10031;17;10035;13;;;10020.5;0.0
av_CORN_d7;18900;ASH_COATED_OSMIUM;9957;15;9955;14;;;9974;12;9976;16;;;9965.5;0.0
av_CORN_d7;18900;INTARIAN_PEPPER_ROOT;10014;12;10010;23;;;10027;10;10031;16;;;10020.5;0.0
av_CORN_d7;19000;ASH_COATED_OSMIUM;9962;14;9958;25;;;9969;13;9973;18;;;9965.5;0.0
av_CORN_d7;19000;INTARIAN_PEPPER_ROOT;10017;13;10014;21;;;10023;18;10027;15;;;10020.0;0.0
av_CORN_d7;19100;ASH_COATED_OSMIUM;9959;22;9956;23;;;9972;10;9976;14;;;9965.5;0.0
av_CORN_d7;19100;INTARIAN_PEPPER_ROOT;10017;21;10013;22;;;10023;19;10026;13;;;10020.0;0.0
av_CORN_d7;19200;ASH_COATED_OSMIUM;9959;10;9957;28;;;9972;10;9974;23;;;9965.5;0.0
av_CORN_d7;19200;INTARIAN_PEPPER_ROOT;10014;16;10010;27;;;10027;17;10030;20;;;10020.5;0.0
av_CORN_d7;19300;ASH_COATED_OSMIUM;9963;6;9960;23;;;9969;20;9972;14;;;9966.0;0.0
av_CORN_d7;19300;INTARIAN_PEPPER_ROOT;10017;16;10013;18;;;10023;18;10026;17;;;10020.0;0.0
av_CORN_d7;19400;ASH_COATED_OSMIUM;9957;17;9954;16;;;9975;23;9977;21;;;9966.0;0.0
av_CORN_d7;19400;INTARIAN_PEPPER_ROOT;10012;11;10009;21;;;10029;25;10032;21;;;10020.5;0.0
av_CORN_d7;19500;ASH_COATED_OSMIUM;9961;10;9957;23;;;9972;13;9976;21;;;9966.5;0.0
av_CORN_d7;19500;INTARIAN_PEPPER_ROOT;10016;7;10014;15;;;10023;9;10025;29;;;10019.5;0.0
av_CORN_d7;19600;ASH_COATED_OSMIUM;9959;9;9956;23;;;9974;15;9976;20;;;9966.5;0.0
av_CORN_d7;19600;INTARIAN_PEPPER_ROOT;10016;18;10013;21;;;10022;14;10025;13;;;10019.0;0.0
av_CORN_d7;19700;ASH_COATED_OSMIUM;9962;17;9960;8;;;9972;16;9974;20;;;9967.0;0.0
av_CORN_d7;19700;INTARIAN_PEPPER_ROOT;10016;21;10012;19;;;10022;21;10026;16;;;10019.0;0.0
av_CORN_d7;19800;ASH_COATED_OSMIUM;9964;20;9962;24;;;9970;19;9974;16;;;9967.0;0.0
av_CORN_d7;19800;INTARIAN_PEPPER_ROOT;10015;10;10011;22;;;10025;20;10029;22;;;10020.0;0.0
av_CORN_d7;19900;ASH_COATED_OSMIUM;9963;21;9959;17;;;9972;19;9976;8;;;9967.5;0.0
av_CORN_d7;19900;INTARIAN_PEPPER_ROOT;10016;11;10014;26;;;10022;19;10024;18;;;10019.0;0.0
av_CORN_d7;20000;ASH_COATED_OSMIUM;9964;21;9960;22;;;9970;15;9974;27;;;9967.0;0.0
av_CORN_d7;20000;INTARIAN_PEPPER_ROOT;10016;13;10012;19;;;10022;16;10026;24;;;10019.0;0.0
av_CORN_d7;20100;ASH_COATED_OSMIUM;9964;15;9960;14;;;9970;12;9974;17;;;9967.0;0.0
av_CORN_d7;20100;INTARIAN_PEPPER_ROOT;10016;17;10012;28;;;10022;15;10025;22;;;10019.0;0.0
av_CORN_d7;20200;ASH_COATED_OSMIUM;9964;20;9961;15;;;9970;15;9972;19;;;9967.0;0.0
av_CORN_d7;20200;INTARIAN_PEPPER_ROOT;10016;20;10013;16;;;10022;11;10024;12;;;10019.0;0.0
av_CORN_d7;20300;ASH_COATED_OSMIUM;9957;11;9954;19;;;9978;17;9981;13;;;9967.5;0.0
av_CORN_d7;20300;INTARIAN_PEPPER_ROOT;10011;12;10009;21;;;10026;19;10030;26;;;10018.5;0.0
av_CORN_d7;20400;ASH_COATED_OSMIUM;9965;10;9963;20;;;9971;21;9973;11;;;9968.0;0.0
av_CORN_d7;20400;INTARIAN_PEPPER_ROOT;10015;15;10013;21;;;10021;20;10023;26;;;10018.0;0.0
av_CORN_d7;20500;ASH_COATED_OSMIUM;9965;12;9962;23;;;9971;13;9975;20;;;9968.0;0.0
av_CORN_d7;20500;INTARIAN_PEPPER_ROOT;10010;18;10006;20;;;10027;12;10029;26;;;10018.5;0.0
av_CORN_d7;20600;ASH_COATED_OSMIUM;9963;19;9959;22;;;9974;8;9977;22;;;9968.5;0.0
av_CORN_d7;20600;INTARIAN_PEPPER_ROOT;10014;18;10010;19;;;10022;11;10026;24;;;10018.0;0.0
av_CORN_d7;20700;ASH_COATED_OSMIUM;9965;13;9962;20;;;9972;7;9976;31;;;9968.5;0.0
av_CORN_d7;20700;INTARIAN_PEPPER_ROOT;10014;21;10010;19;;;10020;22;10023;17;;;10017.0;0.0
av_CORN_d7;20800;ASH_COATED_OSMIUM;9964;20;9960;19;;;9973;10;9976;25;;;9968.5;0.0
av_CORN_d7;20800;INTARIAN_PEPPER_ROOT;10015;15;10011;24;;;10021;16;10023;20;;;10018.0;0.0
av_CORN_d7;20900;ASH_COATED_OSMIUM;9966;8;9964;24;;;9972;10;9974;15;;;9969.0;0.0
av_CORN_d7;20900;INTARIAN_PEPPER_ROOT;10010;14;10007;23;;;10026;23;10030;23;;;10018.0;0.0
av_CORN_d7;21000;ASH_COATED_OSMIUM;9966;18;9962;13;;;9972;7;9974;25;;;9969.0;0.0
av_CORN_d7;21000;INTARIAN_PEPPER_ROOT;10014;15;10011;33;;;10021;22;10025;24;;;10017.5;0.0
av_CORN_d7;21100;ASH_COATED_OSMIUM;9963;12;9960;24;;;9974;15;9977;16;;;9968.5;0.0
av_CORN_d7;21100;INTARIAN_PEPPER_ROOT;10014;17;10012;16;;;10020;20;10024;18;;;10017.0;0.0
av_CORN_d7;21200;ASH_COATED_OSMIUM;9966;8;9963;20;;;9972;16;9976;15;;;9969.0;0.0
av_CORN_d7;21200;INTARIAN_PEPPER_ROOT;10014;19;10011;24;;;10020;12;10023;22;;;10017.0;0.0
av_CORN_d7;21300;ASH_COATED_OSMIUM;9966;8;9963;15;;;9972;17;9976;20;;;9969.0;0.0
av_CORN_d7;21300;INTARIAN_PEPPER_ROOT;10012;10;10009;18;;;10022;13;10026;15;;;10017.0;0.0
av_CORN_d7;21400;ASH_COATED_OSMIUM;9966;12;9963;14;;;9973;9;9977;20;;;9969.5;0.0
av_CORN_d7;21400;INTARIAN_PEPPER_ROOT;10014;13;10010;21;;;10020;19;10022;23;;;10017.0;0.0
av_CORN_d7;21500;ASH_COATED_OSMIUM;9961;16;9957;20;;;9979;16;9981;15;;;9970.0;0.0
av_CORN_d7;21500;INTARIAN_PEPPER_ROOT;10014;26;10011;23;;;10020;24;10022;20;;;10017.0;0.0
av_CORN_d7;21600;ASH_COATED_OSMIUM;9966;16;9962;10;;;9972;9;9975;23;;;9969.0;0.0
av_CORN_d7;21600;INTARIAN_PEPPER_ROOT;10013;16;10011;8;;;10019;15;10023;15;;;10016.0;0.0
av_CORN_d7;21700;ASH_COATED_OSMIUM;9960;7;9957;14;;;9979;14;9981;20;;;9969.5;0.0
av_CORN_d7;21700;INTARIAN_PEPPER_ROOT;10014;19;10012;18;;;10020;8;10024;20;;;10017.0;0.0
av_CORN_d7;21800;ASH_COATED_OSMIUM;9967;16;9965;24;;;9973;8;9975;16;;;9970.0;0.0
av_CORN_d7;21800;INTARIAN_PEPPER_ROOT;10013;16;10010;26;;;10019;19;10023;10;;;10016.0;0.0
av_CORN_d7;21900;ASH_COATED_OSMIUM;9967;8;9964;23;;;9974;9;9978;24;;;9970.5;0.0
av_CORN_d7;21900;INTARIAN_PEPPER_ROOT;10010;5;10007;16;;;10023;21;10025;27;;;10016.5;0.0
av_CORN_d7;22000;ASH_COATED_OSMIUM;9967;11;9964;26;;;9974;5;9976;18;;;9970.5;0.0
av_CORN_d7;22000;INTARIAN_PEPPER_ROOT;10013;13;10009;22;;;10019;19;10023;22;;;10016.0;0.0
av_CORN_d7;22100;ASH_COATED_OSMIUM;9967;16;9965;16;;;9973;17;9975;17;;;9970.0;0.0
av_CORN_d7;22100;INTARIAN_PEPPER_ROOT;10009;14;10006;22;;;10023;13;10027;23;;;10016.0;0.0
av_CORN_d7;22200;ASH_COATED_OSMIUM;9968;19;9966;26;;;9974;9;9977;15;;;9971.0;0.0
av_CORN_d7;22200;INTARIAN_PEPPER_ROOT;10012;17;10010;28;;;10018;12;10020;20;;;10015.0;0.0
av_CORN_d7;22300;ASH_COATED_OSMIUM;9968;18;9966;11;;;9974;12;9977;24;;;9971.0;0.0
av_CORN_d7;22300;INTARIAN_PEPPER_ROOT;10009;24;10007;25;;;10021;23;10025;22;;;10015.0;0.0
av_CORN_d7;22400;ASH_COATED_OSMIUM;9968;15;9965;14;;;9974;13;9978;22;;;9971.0;0.0
av_CORN_d7;22400;INTARIAN_PEPPER_ROOT;10013;22;10009;21;;;10019;20;10021;24;;;10016.0;0.0
av_CORN_d7;22500;ASH_COATED_OSMIUM;9962;9;9958;23;;;9981;10;9985;13;;;9971.5;0.0
av_CORN_d7;22500;INTARIAN_PEPPER_ROOT;10012;13;10008;25;;;10018;5;10022;17;;;10015.0;0.0
av_CORN_d7;22600;ASH_COATED_OSMIUM;9968;13;9966;23;;;9974;6;9976;25;;;9971.0;0.0
av_CORN_d7;22600;INTARIAN_PEPPER_ROOT;10010;11;10007;35;;;10022;14;10026;20;;;10016.0;0.0
av_CORN_d7;22700;ASH_COATED_OSMIUM;9962;15;9960;28;;;9982;5;9986;11;;;9972.0;0.0
av_CORN_d7;22700;INTARIAN_PEPPER_ROOT;10011;11;10008;16;;;10020;19;10024;9;;;10015.5;0.0
av_CORN_d7;22800;ASH_COATED_OSMIUM;9964;13;9960;24;;;9979;17;9981;22;;;9971.5;0.0
av_CORN_d7;22800;INTARIAN_PEPPER_ROOT;10011;19;10008;17;;;10017;14;10019;21;;;10014.0;0.0
av_CORN_d7;22900;ASH_COATED_OSMIUM;9956;16;9954;20;;;9986;5;9988;14;;;9971.0;0.0
av_CORN_d7;22900;INTARIAN_PEPPER_ROOT;10011;14;10009;29;;;10017;11;10021;20;;;10014.0;0.0
av_CORN_d7;23000;ASH_COATED_OSMIUM;9969;20;9965;21;;;9975;18;9979;19;;;9972.0;0.0
av_CORN_d7;23000;INTARIAN_PEPPER_ROOT;10012;17;10009;24;;;10018;16;10021;26;;;10015.0;0.0
av_CORN_d7;23100;ASH_COATED_OSMIUM;9969;5;9967;16;;;9975;16;9978;16;;;9972.0;0.0
av_CORN_d7;23100;INTARIAN_PEPPER_ROOT;10009;9;10007;23;;;10019;19;10022;20;;;10014.0;0.0
av_CORN_d7;23200;ASH_COATED_OSMIUM;9969;11;9965;29;;;9975;20;9977;20;;;9972.0;0.0
av_CORN_d7;23200;INTARIAN_PEPPER_ROOT;10012;15;10008;20;;;10018;16;10020;19;;;10015.0;0.0
av_CORN_d7;23300;ASH_COATED_OSMIUM;9970;20;9967;10;;;9976;13;9979;11;;;9973.0;0.0
av_CORN_d7;23300;INTARIAN_PEPPER_ROOT;10010;11;10007;16;;;10020;19;10024;27;;;10015.0;0.0
av_CORN_d7;23400;ASH_COATED_OSMIUM;9970;14;9966;18;;;9976;11;9978;16;;;9973.0;0.0
av_CORN_d7;23400;INTARIAN_PEPPER_ROOT;10011;13;10008;22;;;10017;16;10019;26;;;10014.0;0.0
av_CORN_d7;23500;ASH_COATED_OSMIUM;9969;5;9967;23;;;9976;7;9980;21;;;9972.5;0.0
av_CORN_d7;23500;INTARIAN_PEPPER_ROOT;10010;11;10008;22;;;10016;14;10020;33;;;10013.0;0.0
av_CORN_d7;23600;ASH_COATED_OSMIUM;9968;14;9966;17;;;9979;27;9983;21;;;9973.5;0.0
av_CORN_d7;23600;INTARIAN_PEPPER_ROOT;10006;29;10003;27;;;10022;12;10025;18;;;10014.0;0.0
av_CORN_d7;23700;ASH_COATED_OSMIUM;9970;16;9966;16;;;9976;12;9980;23;;;9973.0;0.0
av_CORN_d7;23700;INTARIAN_PEPPER_ROOT;10011;14;10009;15;;;10017;19;10019;17;;;10014.0;0.0
av_CORN_d7;23800;ASH_COATED_OSMIUM;9965;5;9963;23;;;9981;13;9983;18;;;9973.0;0.0
av_CORN_d7;23800;INTARIAN_PEPPER_ROOT;10004;16;10000;28;;;10023;20;10026;22;;;10013.5;0.0
av_CORN_d7;23900;ASH_COATED_OSMIUM;9970;19;9968;24;;;9976;12;9978;28;;;9973.0;0.0
av_CORN_d7;23900;INTARIAN_PEPPER_ROOT;10003;17;9999;18;;;10023;18;10026;15;;;10013.0;0.0
av_CORN_d7;24000;ASH_COATED_OSMIUM;9971;13;9969;9;;;9977;13;9980;20;;;9974.0;0.0
av_CORN_d7;24000;INTARIAN_PEPPER_ROOT;10009;14;10006;16;;;10017;16;10019;15;;;10013.0;0.0
av_CORN_d7;24100;ASH_COATED_OSMIUM;9970;21;9967;15;;;9976;12;9980;23;;;9973.0;0.0
av_CORN_d7;24100;INTARIAN_PEPPER_ROOT;10010;6;10007;14;;;10016;7;10020;16;;;10013.0;0.0
av_CORN_d7;24200;ASH_COATED_OSMIUM;9970;13;9966;19;;;9976;7;9980;16;;;9973.0;0.0
av_CORN_d7;24200;INTARIAN_PEPPER_ROOT;10004;8;10000;21;;;10022;14;10025;29;;;10013.0;0.0
av_CORN_d7;24300;ASH_COATED_OSMIUM;9971;13;9967;20;;;9977;16;9979;21;;;9974.0;0.0
av_CORN_d7;24300;INTARIAN_PEPPER_ROOT;10004;14;10002;19;;;10021;22;10024;15;;;10012.5;0.0
av_CORN_d7;24400;ASH_COATED_OSMIUM;9971;19;9969;23;;;9977;17;9981;27;;;9974.0;0.0
av_CORN_d7;24400;INTARIAN_PEPPER_ROOT;10008;16;10005;21;;;10018;16;10022;16;;;10013.0;0.0
av_CORN_d7;24500;ASH_COATED_OSMIUM;9971;8;9969;18;;;9977;5;9980;11;;;9974.0;0.0
av_CORN_d7;24500;INTARIAN_PEPPER_ROOT;10010;15;10006;19;;;10016;17;10018;21;;;10013.0;0.0
av_CORN_d7;24600;ASH_COATED_OSMIUM;9970;19;9966;11;;;9979;9;9983;17;;;9974.5;0.0
av_CORN_d7;24600;INTARIAN_PEPPER_ROOT;10009;15;10007;28;;;10015;16;10019;27;;;10012.0;0.0
av_CORN_d7;24700;ASH_COATED_OSMIUM;9962;6;9959;23;;;9986;5;9989;25;;;9974.0;0.0
av_CORN_d7;24700;INTARIAN_PEPPER_ROOT;10009;9;10007;23;;;10016;12;10019;17;;;10012.5;0.0
av_CORN_d7;24800;ASH_COATED_OSMIUM;9964;18;9961;17;;;9986;8;9989;30;;;9975.0;0.0
av_CORN_d7;24800;INTARIAN_PEPPER_ROOT;10010;13;10007;14;;;10016;13;10019;26;;;10013.0;0.0
av_CORN_d7;24900;ASH_COATED_OSMIUM;9967;5;9963;30;;;9983;17;9987;29;;;9975.0;0.0
av_CORN_d7;24900;INTARIAN_PEPPER_ROOT;10009;18;10007;20;;;10015;11;10017;16;;;10012.0;0.0
av_CORN_d7;25000;ASH_COATED_OSMIUM;9966;20;9963;21;;;9983;5;9987;15;;;9974.5;0.0
av_CORN_d7;25000;INTARIAN_PEPPER_ROOT;10009;12;10006;18;;;10015;13;10017;16;;;10012.0;0.0
av_CORN_d7;25100;ASH_COATED_OSMIUM;9972;5;9968;24;;;9978;9;9981;20;;;9975.0;0.0
av_CORN_d7;25100;INTARIAN_PEPPER_ROOT;10009;5;10006;24;;;10016;13;10018;23;;;10012.5;0.0
av_CORN_d7;25200;ASH_COATED_OSMIUM;9972;21;9969;15;;;9978;11;9981;18;;;9975.0;0.0
av_CORN_d7;25200;INTARIAN_PEPPER_ROOT;9994;20;9992;14;;;10029;19;10033;19;;;10011.5;0.0
av_CORN_d7;25300;ASH_COATED_OSMIUM;9968;17;9965;22;;;9983;15;9987;21;;;9975.5;0.0
av_CORN_d7;25300;INTARIAN_PEPPER_ROOT;10008;27;10004;19;;;10014;18;10018;19;;;10011.0;0.0
av_CORN_d7;25400;ASH_COATED_OSMIUM;9967;13;9963;23;;;9984;9;9987;24;;;9975.5;0.0
av_CORN_d7;25400;INTARIAN_PEPPER_ROOT;10004;19;10002;18;;;10018;23;10020;22;;;10011.0;0.0
av_CORN_d7;25500;ASH_COATED_OSMIUM;9972;14;9968;27;;;9979;18;9982;18;;;9975.5;0.0
av_CORN_d7;25500;INTARIAN_PEPPER_ROOT;10008;19;10004;21;;;10014;13;10017;26;;;10011.0;0.0
av_CORN_d7;25600;ASH_COATED_OSMIUM;9972;16;9968;23;;;9978;17;9981;17;;;9975.0;0.0
av_CORN_d7;25600;INTARIAN_PEPPER_ROOT;10008;18;10006;21;;;10014;5;10017;15;;;10011.0;0.0
av_CORN_d7;25700;ASH_COATED_OSMIUM;9971;15;9968;22;;;9982;14;9986;8;;;9976.5;0.0
av_CORN_d7;25700;INTARIAN_PEPPER_ROOT;10000;7;9997;29;;;10022;15;10025;22;;;10011.0;0.0
av_CORN_d7;25800;ASH_COATED_OSMIUM;9974;12;9970;9;;;9980;19;9982;27;;;9977.0;0.0
av_CORN_d7;25800;INTARIAN_PEPPER_ROOT;10008;19;10004;22;;;10014;15;10017;21;;;10011.0;0.0
av_CORN_d7;25900;ASH_COATED_OSMIUM;9973;13;9971;21;;;9979;7;9981;20;;;9976.0;0.0
av_CORN_d7;25900;INTARIAN_PEPPER_ROOT;10008;19;10004;20;;;10014;21;10016;25;;;10011.0;0.0
av_CORN_d7;26000;ASH_COATED_OSMIUM;9972;9;9969;15;;;9981;5;9985;12;;;9976.5;0.0
av_CORN_d7;26000;INTARIAN_PEPPER_ROOT;10007;20;10004;13;;;10013;23;10017;26;;;10010.0;0.0
av_CORN_d7;26100;ASH_COATED_OSMIUM;9969;12;9967;21;;;9985;20;9989;9;;;9977.0;0.0
av_CORN_d7;26100;INTARIAN_PEPPER_ROOT;10004;20;10000;26;;;10015;17;10018;14;;;10009.5;0.0
av_CORN_d7;26200;ASH_COATED_OSMIUM;9972;17;9969;23;;;9980;16;9982;16;;;9976.0;0.0
av_CORN_d7;26200;INTARIAN_PEPPER_ROOT;9999;14;9995;20;;;10021;17;10025;28;;;10010.0;0.0
av_CORN_d7;26300;ASH_COATED_OSMIUM;9974;22;9970;19;;;9980;14;9982;29;;;9977.0;0.0
av_CORN_d7;26300;INTARIAN_PEPPER_ROOT;10007;15;10004;28;;;10013;12;10015;19;;;10010.0;0.0
av_CORN_d7;26400;ASH_COATED_OSMIUM;9974;10;9972;27;;;9980;16;9983;16;;;9977.0;0.0
av_CORN_d7;26400;INTARIAN_PEPPER_ROOT;10007;16;10003;28;;;10013;20;10016;19;;;10010.0;0.0
av_CORN_d7;26500;ASH_COATED_OSMIUM;9973;10;9971;24;;;9981;16;9984;23;;;9977.0;0.0
av_CORN_d7;26500;INTARIAN_PEPPER_ROOT;10002;16;9998;23;;;10016;13;10018;13;;;10009.0;0.0
av_CORN_d7;26600;ASH_COATED_OSMIUM;9974;21;9971;16;;;9980;18;9983;19;;;9977.0;0.0
av_CORN_d7;26600;INTARIAN_PEPPER_ROOT;10007;19;10005;14;;;10013;19;10016;16;;;10010.0;0.0
av_CORN_d7;26700;ASH_COATED_OSMIUM;9975;12;9972;20;;;9981;20;9983;8;;;9978.0;0.0
av_CORN_d7;26700;INTARIAN_PEPPER_ROOT;9997;11;9994;13;;;10022;23;10025;24;;;10009.5;0.0
av_CORN_d7;26800;ASH_COATED_OSMIUM;9974;16;9970;24;;;9980;10;9983;15;;;9977.0;0.0
av_CORN_d7;26800;INTARIAN_PEPPER_ROOT;10004;18;10001;20;;;10013;21;10016;25;;;10008.5;0.0
av_CORN_d7;26900;ASH_COATED_OSMIUM;9975;8;9971;17;;;9981;9;9983;21;;;9978.0;0.0
av_CORN_d7;26900;INTARIAN_PEPPER_ROOT;10006;14;10003;24;;;10012;9;10015;22;;;10009.0;0.0
av_CORN_d7;27000;ASH_COATED_OSMIUM;9975;11;9973;25;;;9981;13;9985;14;;;9978.0;0.0
av_CORN_d7;27000;INTARIAN_PEPPER_ROOT;9999;21;9995;22;;;10019;22;10021;12;;;10009.0;0.0
av_CORN_d7;27100;ASH_COATED_OSMIUM;9975;19;9971;21;;;9981;15;9985;19;;;9978.0;0.0
av_CORN_d7;27100;INTARIAN_PEPPER_ROOT;10006;13;10002;13;;;10012;16;10015;22;;;10009.0;0.0
av_CORN_d7;27200;ASH_COATED_OSMIUM;9973;19;9970;26;;;9982;10;9986;13;;;9977.5;0.0
av_CORN_d7;27200;INTARIAN_PEPPER_ROOT;10006;13;10003;18;;;10012;23;10016;17;;;10009.0;0.0
av_CORN_d7;27300;ASH_COATED_OSMIUM;9971;18;9967;27;;;9985;7;9987;24;;;9978.0;0.0
av_CORN_d7;27300;INTARIAN_PEPPER_ROOT;10003;21;10000;19;;;10016;10;10018;22;;;10009.5;0.0
av_CORN_d7;27400;ASH_COATED_OSMIUM;9975;13;9972;18;;;9981;13;9984;17;;;9978.0;0.0
av_CORN_d7;27400;INTARIAN_PEPPER_ROOT;10001;13;9999;22;;;10017;13;10019;22;;;10009.0;0.0
av_CORN_d7;27500;ASH_COATED_OSMIUM;9976;29;9974;20;;;9982;11;9986;24;;;9979.0;0.0
av_CORN_d7;27500;INTARIAN_PEPPER_ROOT;10003;9;10001;28;;;10014;15;10016;14;;;10008.5;0.0
av_CORN_d7;27600;ASH_COATED_OSMIUM;9976;15;9974;20;;;9982;5;9985;20;;;9979.0;0.0
av_CORN_d7;27600;INTARIAN_PEPPER_ROOT;10001;17;9997;20;;;10015;11;10019;20;;;10008.0;0.0
av_CORN_d7;27700;ASH_COATED_OSMIUM;9968;14;9964;20;;;9990;14;9994;26;;;9979.0;0.0
av_CORN_d7;27700;INTARIAN_PEPPER_ROOT;10004;8;10001;19;;;10014;5;10016;23;;;10009.0;0.0
av_CORN_d7;27800;ASH_COATED_OSMIUM;9976;10;9972;27;;;9982;10;9985;26;;;9979.0;0.0
av_CORN_d7;27800;INTARIAN_PEPPER_ROOT;10003;20;10001;20;;;10012;10;10016;14;;;10007.5;0.0
av_CORN_d7;27900;ASH_COATED_OSMIUM;9976;12;9972;24;;;9982;16;9984;29;;;9979.0;0.0
av_CORN_d7;27900;INTARIAN_PEPPER_ROOT;10005;15;10002;29;;;10011;12;10013;21;;;10008.0;0.0
av_CORN_d7;28000;ASH_COATED_OSMIUM;9976;8;9973;13;;;9982;14;9986;15;;;9979.0;0.0
av_CORN_d7;28000;INTARIAN_PEPPER_ROOT;10005;11;10002;19;;;10011;30;10013;23;;;10008.0;0.0
av_CORN_d7;28100;ASH_COATED_OSMIUM;9965;20;9962;23;;;9993;19;9995;15;;;9979.0;0.0
av_CORN_d7;28100;INTARIAN_PEPPER_ROOT;10004;17;10000;25;;;10010;9;10014;15;;;10007.0;0.0
av_CORN_d7;28200;ASH_COATED_OSMIUM;9976;17;9973;15;;;9982;18;9986;15;;;9979.0;0.0
av_CORN_d7;28200;INTARIAN_PEPPER_ROOT;10005;15;10002;23;;;10011;27;10015;20;;;10008.0;0.0
av_CORN_d7;28300;ASH_COATED_OSMIUM;9974;14;9971;18;;;9987;16;9991;19;;;9980.5;0.0
av_CORN_d7;28300;INTARIAN_PEPPER_ROOT;10004;17;10000;23;;;10010;10;10013;19;;;10007.0;0.0
av_CORN_d7;28400;ASH_COATED_OSMIUM;9971;14;9968;20;;;9988;6;9990;25;;;9979.5;0.0
av_CORN_d7;28400;INTARIAN_PEPPER_ROOT;10003;7;10000;19;;;10011;18;10014;17;;;10007.0;0.0
av_CORN_d7;28500;ASH_COATED_OSMIUM;9977;22;9973;11;;;9983;8;9985;14;;;9980.0;0.0
av_CORN_d7;28500;INTARIAN_PEPPER_ROOT;9998;10;9995;18;;;10016;18;10020;19;;;10007.0;0.0
av_CORN_d7;28600;ASH_COATED_OSMIUM;9977;19;9975;21;;;9983;18;9986;22;;;9980.0;0.0
av_CORN_d7;28600;INTARIAN_PEPPER_ROOT;10004;23;10000;22;;;10010;10;10013;14;;;10007.0;0.0
av_CORN_d7;28700;ASH_COATED_OSMIUM;9977;20;9975;17;;;9983;8;9987;19;;;9980.0;0.0
av_CORN_d7;28700;INTARIAN_PEPPER_ROOT;10002;26;9998;19;;;10012;24;10015;24;;;10007.0;0.0
av_CORN_d7;28800;ASH_COATED_OSMIUM;9978;8;9974;16;;;9984;14;9986;19;;;9981.0;0.0
av_CORN_d7;28800;INTARIAN_PEPPER_ROOT;10002;15;9999;13;;;10010;21;10013;29;;;10006.0;0.0
av_CORN_d7;28900;ASH_COATED_OSMIUM;9978;14;9974;19;;;9984;15;9987;23;;;9981.0;0.0
av_CORN_d7;28900;INTARIAN_PEPPER_ROOT;9999;19;9996;20;;;10014;14;10016;10;;;10006.5;0.0
av_CORN_d7;29000;ASH_COATED_OSMIUM;9970;17;9968;24;;;9992;7;9995;10;;;9981.0;0.0
av_CORN_d7;29000;INTARIAN_PEPPER_ROOT;10003;21;10000;28;;;10010;18;10014;26;;;10006.5;0.0
av_CORN_d7;29100;ASH_COATED_OSMIUM;9977;13;9973;15;;;9986;22;9990;11;;;9981.5;0.0
av_CORN_d7;29100;INTARIAN_PEPPER_ROOT;9995;15;9993;17;;;10017;8;10020;18;;;10006.0;0.0
av_CORN_d7;29200;ASH_COATED_OSMIUM;9978;5;9974;15;;;9984;15;9986;24;;;9981.0;0.0
av_CORN_d7;29200;INTARIAN_PEPPER_ROOT;10003;11;9999;24;;;10009;10;10011;19;;;10006.0;0.0
av_CORN_d7;29300;ASH_COATED_OSMIUM;9976;20;9972;13;;;9990;17;9994;22;;;9983.0;0.0
av_CORN_d7;29300;INTARIAN_PEPPER_ROOT;10002;16;9999;22;;;10008;9;10012;13;;;10005.0;0.0
av_CORN_d7;29400;ASH_COATED_OSMIUM;9975;18;9971;23;;;9989;15;9992;15;;;9982.0;0.0
av_CORN_d7;29400;INTARIAN_PEPPER_ROOT;10002;7;10000;17;;;10009;9;10013;18;;;10005.5;0.0
av_CORN_d7;29500;ASH_COATED_OSMIUM;9977;15;9973;24;;;9987;14;9991;27;;;9982.0;0.0
av_CORN_d7;29500;INTARIAN_PEPPER_ROOT;10000;17;9997;24;;;10012;12;10014;9;;;10006.0;0.0
av_CORN_d7;29600;ASH_COATED_OSMIUM;9979;15;9975;20;;;9985;26;9989;27;;;9982.0;0.0
av_CORN_d7;29600;INTARIAN_PEPPER_ROOT;9994;20;9990;17;;;10017;5;10019;12;;;10005.5;0.0
av_CORN_d7;29700;ASH_COATED_OSMIUM;9979;16;9976;21;;;9985;15;9988;17;;;9982.0;0.0
av_CORN_d7;29700;INTARIAN_PEPPER_ROOT;10002;17;9999;9;;;10010;13;10012;19;;;10006.0;0.0
av_CORN_d7;29800;ASH_COATED_OSMIUM;9979;5;9975;31;;;9985;9;9987;8;;;9982.0;0.0
av_CORN_d7;29800;INTARIAN_PEPPER_ROOT;9999;13;9995;16;;;10010;15;10014;20;;;10004.5;0.0
av_CORN_d7;29900;ASH_COATED_OSMIUM;9979;15;9976;23;;;9985;12;9987;21;;;9982.0;0.0
av_CORN_d7;29900;INTARIAN_PEPPER_ROOT;9997;5;9993;15;;;10013;11;10016;16;;;10005.0;0.0
av_CORN_d7;30000;ASH_COATED_OSMIUM;9980;19;9978;17;;;9986;13;9989;21;;;9983.0;0.0
av_CORN_d7;30000;INTARIAN_PEPPER_ROOT;10002;16;9999;19;;;10008;9;10011;24;;;10005.0;0.0
av_CORN_d7;30100;ASH_COATED_OSMIUM;9980;18;9978;22;;;9986;11;9989;27;;;9983.0;0.0
av_CORN_d7;30100;INTARIAN_PEPPER_ROOT;9998;9;9995;15;;;10011;21;10013;26;;;10004.5;0.0
av_CORN_d7;30200;ASH_COATED_OSMIUM;9980;14;9976;15;;;9986;11;9990;14;;;9983.0;0.0
av_CORN_d7;30200;INTARIAN_PEPPER_ROOT;9999;16;9996;14;;;10009;15;10012;35;;;10004.0;0.0
av_CORN_d7;30300;ASH_COATED_OSMIUM;9979;5;9977;12;;;9987;10;9990;12;;;9983.0;0.0
av_CORN_d7;30300;INTARIAN_PEPPER_ROOT;10001;10;9999;25;;;10007;16;10009;14;;;10004.0;0.0
av_CORN_d7;30400;ASH_COATED_OSMIUM;9980;19;9977;18;;;9986;8;9988;15;;;9983.0;0.0
av_CORN_d7;30400;INTARIAN_PEPPER_ROOT;10000;14;9998;26;;;10007;18;10010;29;;;10003.5;0.0
av_CORN_d7;30500;ASH_COATED_OSMIUM;9978;15;9976;26;;;9989;16;9993;19;;;9983.5;0.0
av_CORN_d7;30500;INTARIAN_PEPPER_ROOT;10001;7;9999;27;;;10007;14;10011;23;;;10004.0;0.0
av_CORN_d7;30600;ASH_COATED_OSMIUM;9980;13;9978;16;;;9986;7;9988;28;;;9983.0;0.0
av_CORN_d7;30600;INTARIAN_PEPPER_ROOT;10001;20;9998;25;;;10007;18;10009;23;;;10004.0;0.0
av_CORN_d7;30700;ASH_COATED_OSMIUM;9976;18;9973;8;;;9990;9;9993;19;;;9983.0;0.0
av_CORN_d7;30700;INTARIAN_PEPPER_ROOT;10001;15;9997;23;;;10007;8;10009;14;;;10004.0;0.0
av_CORN_d7;30800;ASH_COATED_OSMIUM;9981;13;9977;20;;;9987;8;9990;18;;;9984.0;0.0
av_CORN_d7;30800;INTARIAN_PEPPER_ROOT;9989;14;9985;19;;;10019;16;10023;22;;;10004.0;0.0
av_CORN_d7;30900;ASH_COATED_OSMIUM;9981;17;9978;25;;;9987;11;9990;22;;;9984.0;0.0
av_CORN_d7;30900;INTARIAN_PEPPER_ROOT;9993;12;9989;23;;;10015;18;10018;21;;;10004.0;0.0
av_CORN_d7;31000;ASH_COATED_OSMIUM;9981;18;9978;16;;;9987;20;9989;19;;;9984.0;0.0
av_CORN_d7;31000;INTARIAN_PEPPER_ROOT;9998;16;9996;16;;;10008;13;10010;24;;;10003.0;0.0
av_CORN_d7;31100;ASH_COATED_OSMIUM;9981;6;9979;12;;;9987;20;9989;19;;;9984.0;0.0
av_CORN_d7;31100;INTARIAN_PEPPER_ROOT;10001;16;9998;16;;;10007;8;10010;20;;;10004.0;0.0
av_CORN_d7;31200;ASH_COATED_OSMIUM;9981;11;9979;23;;;9989;21;9991;20;;;9985.0;0.0
av_CORN_d7;31200;INTARIAN_PEPPER_ROOT;10000;23;9998;21;;;10006;13;10009;11;;;10003.0;0.0
av_CORN_d7;31300;ASH_COATED_OSMIUM;9982;19;9979;18;;;9988;14;9990;30;;;9985.0;0.0
av_CORN_d7;31300;INTARIAN_PEPPER_ROOT;10000;21;9997;18;;;10006;13;10009;22;;;10003.0;0.0
av_CORN_d7;31400;ASH_COATED_OSMIUM;9982;16;9979;13;;;9988;22;9990;20;;;9985.0;0.0
av_CORN_d7;31400;INTARIAN_PEPPER_ROOT;9998;15;9995;26;;;10009;16;10013;14;;;10003.5;0.0
av_CORN_d7;31500;ASH_COATED_OSMIUM;9982;20;9978;21;;;9988;19;9991;15;;;9985.0;0.0
av_CORN_d7;31500;INTARIAN_PEPPER_ROOT;9987;11;9983;24;;;10019;14;10023;17;;;10003.0;0.0
av_CORN_d7;31600;ASH_COATED_OSMIUM;9979;20;9975;20;;;9992;17;9995;23;;;9985.5;0.0
av_CORN_d7;31600;INTARIAN_PEPPER_ROOT;9995;14;9991;19;;;10011;12;10015;14;;;10003.0;0.0
av_CORN_d7;31700;ASH_COATED_OSMIUM;9982;12;9978;26;;;9988;19;9990;20;;;9985.0;0.0
av_CORN_d7;31700;INTARIAN_PEPPER_ROOT;9999;13;9997;20;;;10006;26;10009;23;;;10002.5;0.0
av_CORN_d7;31800;ASH_COATED_OSMIUM;9982;15;9979;25;;;9989;15;9991;17;;;9985.5;0.0
av_CORN_d7;31800;INTARIAN_PEPPER_ROOT;9991;24;9989;27;;;10014;5;10017;20;;;10002.5;0.0
av_CORN_d7;31900;ASH_COATED_OSMIUM;9983;12;9981;23;;;9989;13;9993;19;;;9986.0;0.0
av_CORN_d7;31900;INTARIAN_PEPPER_ROOT;9999;19;9997;22;;;10005;8;10007;25;;;10002.0;0.0
av_CORN_d7;32000;ASH_COATED_OSMIUM;9982;10;9978;15;;;9988;8;9992;12;;;9985.0;0.0
av_CORN_d7;32000;INTARIAN_PEPPER_ROOT;9983;15;9980;15;;;10020;18;10023;22;;;10001.5;0.0
av_CORN_d7;32100;ASH_COATED_OSMIUM;9982;8;9978;18;;;9989;15;9992;21;;;9985.5;0.0
av_CORN_d7;32100;INTARIAN_PEPPER_ROOT;9999;13;9996;19;;;10005;7;10009;17;;;10002.0;0.0
av_CORN_d7;32200;ASH_COATED_OSMIUM;9983;16;9981;20;;;9989;20;9991;12;;;9986.0;0.0
av_CORN_d7;32200;INTARIAN_PEPPER_ROOT;9999;18;9997;21;;;10005;20;10008;18;;;10002.0;0.0
av_CORN_d7;32300;ASH_COATED_OSMIUM;9975;9;9973;9;;;9997;22;10001;16;;;9986.0;0.0
av_CORN_d7;32300;INTARIAN_PEPPER_ROOT;9998;12;9996;21;;;10004;11;10007;16;;;10001.0;0.0
av_CORN_d7;32400;ASH_COATED_OSMIUM;9978;9;9976;17;;;9994;9;9996;18;;;9986.0;0.0
av_CORN_d7;32400;INTARIAN_PEPPER_ROOT;9991;16;9988;17;;;10012;11;10015;9;;;10001.5;0.0
av_CORN_d7;32500;ASH_COATED_OSMIUM;9983;16;9979;25;;;9989;19;9992;21;;;9986.0;0.0
av_CORN_d7;32500;INTARIAN_PEPPER_ROOT;9998;13;9995;22;;;10004;12;10007;17;;;10001.0;0.0
av_CORN_d7;32600;ASH_COATED_OSMIUM;9983;14;9980;20;;;9989;15;9993;17;;;9986.0;0.0
av_CORN_d7;32600;INTARIAN_PEPPER_ROOT;9998;6;9996;16;;;10004;12;10006;17;;;10001.0;0.0
av_CORN_d7;32700;ASH_COATED_OSMIUM;9984;21;9982;21;;;9990;10;9994;19;;;9987.0;0.0
av_CORN_d7;32700;INTARIAN_PEPPER_ROOT;9998;13;9994;20;;;10004;17;10006;19;;;10001.0;0.0
av_CORN_d7;32800;ASH_COATED_OSMIUM;9983;15;9980;16;;;9990;10;9994;17;;;9986.5;0.0
av_CORN_d7;32800;INTARIAN_PEPPER_ROOT;9997;10;9995;25;;;10005;12;10007;23;;;10001.0;0.0
av_CORN_d7;32900;ASH_COATED_OSMIUM;9982;17;9978;14;;;9992;10;9996;26;;;9987.0;0.0
av_CORN_d7;32900;INTARIAN_PEPPER_ROOT;9996;14;9993;19;;;10005;17;10008;24;;;10000.5;0.0
av_CORN_d7;33000;ASH_COATED_OSMIUM;9981;14;9977;23;;;9992;17;9996;25;;;9986.5;0.0
av_CORN_d7;33000;INTARIAN_PEPPER_ROOT;9998;11;9994;23;;;10004;24;10008;20;;;10001.0;0.0
av_CORN_d7;33100;ASH_COATED_OSMIUM;9984;11;9980;27;;;9990;10;9994;27;;;9987.0;0.0
av_CORN_d7;33100;INTARIAN_PEPPER_ROOT;9997;15;9994;20;;;10003;13;10007;22;;;10000.0;0.0
av_CORN_d7;33200;ASH_COATED_OSMIUM;9985;15;9981;22;;;9991;15;9994;12;;;9988.0;0.0
av_CORN_d7;33200;INTARIAN_PEPPER_ROOT;9995;12;9991;12;;;10005;11;10008;16;;;10000.0;0.0
av_CORN_d7;33300;ASH_COATED_OSMIUM;9983;11;9981;21;;;9991;16;9995;21;;;9987.0;0.0
av_CORN_d7;33300;INTARIAN_PEPPER_ROOT;9993;10;9991;8;;;10008;14;10012;20;;;10000.5;0.0
av_CORN_d7;33400;ASH_COATED_OSMIUM;9984;11;9980;20;;;9990;13;9994;20;;;9987.0;0.0
av_CORN_d7;33400;INTARIAN_PEPPER_ROOT;9997;8;9994;19;;;10003;14;10006;15;;;10000.0;0.0
av_CORN_d7;33500;ASH_COATED_OSMIUM;9982;23;9979;19;;;9993;8;9995;13;;;9987.5;0.0
av_CORN_d7;33500;INTARIAN_PEPPER_ROOT;9996;17;9994;16;;;10002;19;10004;25;;;9999.0;0.0
av_CORN_d7;33600;ASH_COATED_OSMIUM;9985;8;9982;15;;;9991;5;9993;27;;;9988.0;0.0
av_CORN_d7;33600;INTARIAN_PEPPER_ROOT;9997;9;9994;20;;;10003;15;10006;16;;;10000.0;0.0
av_CORN_d7;33700;ASH_COATED_OSMIUM;9985;15;9982;20;;;9991;14;9995;21;;;9988.0;0.0
av_CORN_d7;33700;INTARIAN_PEPPER_ROOT;9997;26;9994;18;;;10003;15;10006;14;;;10000.0;0.0
av_CORN_d7;33800;ASH_COATED_OSMIUM;9979;6;9977;23;;;9997;21;9999;18;;;9988.0;0.0
av_CORN_d7;33800;INTARIAN_PEPPER_ROOT;9996;21;9994;13;;;10003;22;10007;21;;;9999.5;0.0
av_CORN_d7;33900;ASH_COATED_OSMIUM;9986;18;9982;21;;;9992;5;9994;18;;;9989.0;0.0
av_CORN_d7;33900;INTARIAN_PEPPER_ROOT;9996;13;9992;26;;;10002;9;10004;11;;;9999.0;0.0
av_CORN_d7;34000;ASH_COATED_OSMIUM;9986;24;9982;9;;;9992;11;9996;23;;;9989.0;0.0
av_CORN_d7;34000;INTARIAN_PEPPER_ROOT;9998;9;9995;12;;;10004;16;10008;17;;;10001.0;0.0
av_CORN_d7;34100;ASH_COATED_OSMIUM;9986;11;9983;22;;;9992;12;9995;19;;;9989.0;0.0
av_CORN_d7;34100;INTARIAN_PEPPER_ROOT;10000;13;9998;20;;;10006;8;10008;15;;;10003.0;0.0
av_CORN_d7;34200;ASH_COATED_OSMIUM;9986;16;9983;12;;;9992;28;9996;13;;;9989.0;0.0
av_CORN_d7;34200;INTARIAN_PEPPER_ROOT;9979;16;9977;23;;;10030;9;10034;21;;;10004.5;0.0
av_CORN_d7;34300;ASH_COATED_OSMIUM;9986;19;9984;24;;;9992;8;9995;16;;;9989.0;0.0
av_CORN_d7;34300;INTARIAN_PEPPER_ROOT;9999;18;9997;17;;;10013;18;10017;19;;;10006.0;0.0
av_CORN_d7;34400;ASH_COATED_OSMIUM;9987;19;9983;12;;;9993;22;9996;19;;;9990.0;0.0
av_CORN_d7;34400;INTARIAN_PEPPER_ROOT;10005;9;10001;19;;;10011;8;10014;26;;;10008.0;0.0
av_CORN_d7;34500;ASH_COATED_OSMIUM;9986;16;9984;20;;;9992;14;9996;21;;;9989.0;0.0
av_CORN_d7;34500;INTARIAN_PEPPER_ROOT;10006;13;10002;19;;;10012;10;10015;26;;;10009.0;0.0
av_CORN_d7;34600;ASH_COATED_OSMIUM;9986;23;9983;12;;;9993;17;9997;16;;;9989.5;0.0
av_CORN_d7;34600;INTARIAN_PEPPER_ROOT;10008;11;10005;22;;;10014;20;10016;19;;;10011.0;0.0
av_CORN_d7;34700;ASH_COATED_OSMIUM;9980;15;9977;13;;;9999;13;10003;20;;;9989.5;0.0
av_CORN_d7;34700;INTARIAN_PEPPER_ROOT;10010;11;10007;16;;;10016;9;10018;18;;;10013.0;0.0
av_CORN_d7;34800;ASH_COATED_OSMIUM;9987;18;9983;10;;;9993;19;9996;24;;;9990.0;0.0
av_CORN_d7;34800;INTARIAN_PEPPER_ROOT;10008;9;10006;15;;;10019;14;10022;17;;;10013.5;0.0
av_CORN_d7;34900;ASH_COATED_OSMIUM;9982;16;9980;17;;;9997;19;10000;16;;;9989.5;0.0
av_CORN_d7;34900;INTARIAN_PEPPER_ROOT;10012;15;10010;11;;;10018;13;10022;13;;;10015.0;0.0
av_CORN_d7;35000;ASH_COATED_OSMIUM;9985;11;9983;22;;;9995;16;9997;23;;;9990.0;0.0
av_CORN_d7;35000;INTARIAN_PEPPER_ROOT;10015;21;10011;19;;;10021;17;10024;20;;;10018.0;0.0
av_CORN_d7;35100;ASH_COATED_OSMIUM;9975;12;9971;31;;;10008;19;10010;18;;;9991.5;0.0
av_CORN_d7;35100;INTARIAN_PEPPER_ROOT;10008;12;10004;20;;;10030;16;10034;9;;;10019.0;0.0
av_CORN_d7;35200;ASH_COATED_OSMIUM;9988;17;9986;17;;;9994;12;9998;16;;;9991.0;0.0
av_CORN_d7;35200;INTARIAN_PEPPER_ROOT;10018;11;10014;16;;;10024;14;10027;24;;;10021.0;0.0
av_CORN_d7;35300;ASH_COATED_OSMIUM;9988;23;9986;22;;;9994;12;9996;16;;;9991.0;0.0
av_CORN_d7;35300;INTARIAN_PEPPER_ROOT;10019;9;10016;34;;;10025;11;10027;24;;;10022.0;0.0
av_CORN_d7;35400;ASH_COATED_OSMIUM;9985;16;9983;21;;;9995;12;9997;22;;;9990.0;0.0
av_CORN_d7;35400;INTARIAN_PEPPER_ROOT;10021;14;10018;24;;;10027;15;10030;12;;;10024.0;0.0
av_CORN_d7;35500;ASH_COATED_OSMIUM;9986;12;9983;18;;;9996;23;9998;25;;;9991.0;0.0
av_CORN_d7;35500;INTARIAN_PEPPER_ROOT;10023;22;10019;15;;;10029;12;10032;12;;;10026.0;0.0
av_CORN_d7;35600;ASH_COATED_OSMIUM;9988;17;9986;22;;;9994;11;9996;16;;;9991.0;0.0
av_CORN_d7;35600;INTARIAN_PEPPER_ROOT;10024;8;10021;17;;;10030;6;10033;14;;;10027.0;0.0
av_CORN_d7;35700;ASH_COATED_OSMIUM;9988;20;9985;13;;;9995;7;9999;20;;;9991.5;0.0
av_CORN_d7;35700;INTARIAN_PEPPER_ROOT;10025;8;10022;20;;;10031;10;10035;19;;;10028.0;0.0
av_CORN_d7;35800;ASH_COATED_OSMIUM;9989;15;9986;18;;;9995;13;9999;12;;;9992.0;0.0
av_CORN_d7;35800;INTARIAN_PEPPER_ROOT;10027;14;10023;14;;;10033;20;10037;22;;;10030.0;0.0
av_CORN_d7;35900;ASH_COATED_OSMIUM;9989;17;9986;24;;;9996;15;9999;25;;;9992.5;0.0
av_CORN_d7;35900;INTARIAN_PEPPER_ROOT;10029;8;10027;18;;;10035;6;10039;14;;;10032.0;0.0
av_CORN_d7;36000;ASH_COATED_OSMIUM;9989;17;9987;19;;;9995;15;9998;21;;;9992.0;0.0
av_CORN_d7;36000;INTARIAN_PEPPER_ROOT;10030;23;10026;29;;;10036;9;10039;19;;;10033.0;0.0
av_CORN_d7;36100;ASH_COATED_OSMIUM;9989;18;9986;20;;;9995;18;9997;22;;;9992.0;0.0
av_CORN_d7;36100;INTARIAN_PEPPER_ROOT;10032;15;10030;21;;;10038;17;10042;17;;;10035.0;0.0
av_CORN_d7;36200;ASH_COATED_OSMIUM;9987;10;9983;21;;;9997;19;10000;26;;;9992.0;0.0
av_CORN_d7;36200;INTARIAN_PEPPER_ROOT;10026;20;10022;19;;;10048;15;10050;14;;;10037.0;0.0
av_CORN_d7;36300;ASH_COATED_OSMIUM;9990;9;9987;17;;;9996;11;9998;26;;;9993.0;0.0
av_CORN_d7;36300;INTARIAN_PEPPER_ROOT;10033;8;10029;12;;;10044;18;10048;18;;;10038.5;0.0
av_CORN_d7;36400;ASH_COATED_OSMIUM;9990;12;9986;23;;;9996;16;10000;19;;;9993.0;0.0
av_CORN_d7;36400;INTARIAN_PEPPER_ROOT;10034;23;10031;26;;;10047;16;10050;20;;;10040.5;0.0
av_CORN_d7;36500;ASH_COATED_OSMIUM;9990;16;9987;28;;;9996;13;9998;13;;;9993.0;0.0
av_CORN_d7;36500;INTARIAN_PEPPER_ROOT;10039;9;10035;16;;;10045;6;10049;18;;;10042.0;0.0
av_CORN_d7;36600;ASH_COATED_OSMIUM;9990;18;9986;19;;;9996;15;9998;20;;;9993.0;0.0
av_CORN_d7;36600;INTARIAN_PEPPER_ROOT;10040;19;10036;18;;;10046;19;10050;15;;;10043.0;0.0
av_CORN_d7;36700;ASH_COATED_OSMIUM;9988;17;9986;24;;;9998;16;10002;19;;;9993.0;0.0
av_CORN_d7;36700;INTARIAN_PEPPER_ROOT;10042;13;10039;28;;;10048;19;10050;12;;;10045.0;0.0
av_CORN_d7;36800;ASH_COATED_OSMIUM;9990;18;9986;22;;;9996;16;10000;12;;;9993.0;0.0
av_CORN_d7;36800;INTARIAN_PEPPER_ROOT;10043;18;10040;27;;;10049;11;10052;8;;;10046.0;0.0
av_CORN_d7;36900;ASH_COATED_OSMIUM;9988;12;9985;24;;;10000;14;10004;24;;;9994.0;0.0
av_CORN_d7;36900;INTARIAN_PEPPER_ROOT;10045;12;10041;20;;;10051;17;10054;20;;;10048.0;0.0
av_CORN_d7;37000;ASH_COATED_OSMIUM;9990;14;9988;22;;;9996;12;9998;13;;;9993.0;0.0
av_CORN_d7;37000;INTARIAN_PEPPER_ROOT;10047;20;10044;22;;;10053;14;10055;18;;;10050.0;0.0
av_CORN_d7;37100;ASH_COATED_OSMIUM;9979;23;9976;22;;;10008;16;10011;19;;;9993.5;0.0
av_CORN_d7;37100;INTARIAN_PEPPER_ROOT;10048;9;10044;23;;;10054;12;10057;13;;;10051.0;0.0
av_CORN_d7;37200;ASH_COATED_OSMIUM;9991;7;9987;15;;;9997;13;9999;24;;;9994.0;0.0
av_CORN_d7;37200;INTARIAN_PEPPER_ROOT;10049;7;10047;21;;;10057;8;10060;19;;;10053.0;0.0
av_CORN_d7;37300;ASH_COATED_OSMIUM;9991;7;9987;17;;;9997;20;10000;23;;;9994.0;0.0
av_CORN_d7;37300;INTARIAN_PEPPER_ROOT;10052;15;10048;21;;;10058;26;10061;13;;;10055.0;0.0
av_CORN_d7;37400;ASH_COATED_OSMIUM;9989;21;9986;17;;;9999;10;10002;25;;;9994.0;0.0
av_CORN_d7;37400;INTARIAN_PEPPER_ROOT;10052;22;10050;11;;;10060;22;10063;16;;;10056.0;0.0
av_CORN_d7;37500;ASH_COATED_OSMIUM;9992;11;9988;22;;;9998;22;10000;21;;;9995.0;0.0
av_CORN_d7;37500;INTARIAN_PEPPER_ROOT;10055;10;10052;20;;;10061;9;10065;24;;;10058.0;0.0
av_CORN_d7;37600;ASH_COATED_OSMIUM;9988;6;9984;18;;;10000;16;10004;25;;;9994.0;0.0
av_CORN_d7;37600;INTARIAN_PEPPER_ROOT;10057;13;10053;8;;;10063;15;10065;19;;;10060.0;0.0
av_CORN_d7;37700;ASH_COATED_OSMIUM;9992;12;9988;25;;;9998;13;10000;17;;;9995.0;0.0
av_CORN_d7;37700;INTARIAN_PEPPER_ROOT;10058;8;10054;23;;;10064;17;10067;24;;;10061.0;0.0
av_CORN_d7;37800;ASH_COATED_OSMIUM;9988;12;9985;16;;;10002;12;10004;22;;;9995.0;0.0
av_CORN_d7;37800;INTARIAN_PEPPER_ROOT;10053;13;10051;9;;;10073;11;10075;18;;;10063.0;0.0
av_CORN_d7;37900;ASH_COATED_OSMIUM;9991;10;9989;13;;;9998;15;10002;18;;;9994.5;0.0
av_CORN_d7;37900;INTARIAN_PEPPER_ROOT;10062;17;10060;20;;;10068;14;10071;30;;;10065.0;0.0
av_CORN_d7;38000;ASH_COATED_OSMIUM;9992;12;9989;32;;;9999;9;10001;14;;;9995.5;0.0
av_CORN_d7;38000;INTARIAN_PEPPER_ROOT;10063;18;10060;15;;;10069;15;10073;24;;;10066.0;0.0
av_CORN_d7;38100;ASH_COATED_OSMIUM;9993;12;9989;14;;;9999;13;10001;17;;;9996.0;0.0
av_CORN_d7;38100;INTARIAN_PEPPER_ROOT;10063;22;10059;22;;;10072;18;10076;20;;;10067.5;0.0
av_CORN_d7;38200;ASH_COATED_OSMIUM;9992;10;9988;20;;;9998;21;10001;26;;;9995.0;0.0
av_CORN_d7;38200;INTARIAN_PEPPER_ROOT;10062;13;10059;16;;;10076;7;10079;21;;;10069.0;0.0
av_CORN_d7;38300;ASH_COATED_OSMIUM;9991;13;9989;16;;;10000;14;10003;17;;;9995.5;0.0
av_CORN_d7;38300;INTARIAN_PEPPER_ROOT;10068;12;10064;10;;;10074;16;10078;13;;;10071.0;0.0
av_CORN_d7;38400;ASH_COATED_OSMIUM;9993;7;9990;17;;;9999;22;10001;25;;;9996.0;0.0
av_CORN_d7;38400;INTARIAN_PEPPER_ROOT;10066;13;10062;20;;;10078;13;10082;16;;;10072.0;0.0
av_CORN_d7;38500;ASH_COATED_OSMIUM;9994;17;9990;25;;;10000;12;10004;19;;;9997.0;0.0
av_CORN_d7;38500;INTARIAN_PEPPER_ROOT;10070;7;10067;24;;;10078;21;10081;18;;;10074.0;0.0
av_CORN_d7;38600;ASH_COATED_OSMIUM;9993;19;9990;19;;;9999;12;10003;24;;;9996.0;0.0
av_CORN_d7;38600;INTARIAN_PEPPER_ROOT;10073;5;10070;21;;;10079;13;10082;18;;;10076.0;0.0
av_CORN_d7;38700;ASH_COATED_OSMIUM;9993;18;9989;18;;;9999;16;10001;17;;;9996.0;0.0
av_CORN_d7;38700;INTARIAN_PEPPER_ROOT;10073;20;10071;23;;;10080;9;10084;13;;;10076.5;0.0
av_CORN_d7;38800;ASH_COATED_OSMIUM;9993;8;9989;23;;;9999;13;10002;15;;;9996.0;0.0
av_CORN_d7;38800;INTARIAN_PEPPER_ROOT;10075;11;10071;19;;;10081;14;10083;24;;;10078.0;0.0
av_CORN_d7;38900;ASH_COATED_OSMIUM;9994;30;9991;17;;;10000;16;10004;21;;;9997.0;0.0
av_CORN_d7;38900;INTARIAN_PEPPER_ROOT;10078;5;10074;16;;;10084;12;10088;18;;;10081.0;0.0
av_CORN_d7;39000;ASH_COATED_OSMIUM;9990;11;9986;24;;;10004;13;10008;24;;;9997.0;0.0
av_CORN_d7;39000;INTARIAN_PEPPER_ROOT;10079;15;10075;19;;;10085;18;10089;29;;;10082.0;0.0
av_CORN_d7;39100;ASH_COATED_OSMIUM;9994;13;9990;17;;;10000;20;10004;22;;;9997.0;0.0
av_CORN_d7;39100;INTARIAN_PEPPER_ROOT;10080;13;10077;15;;;10086;13;10090;17;;;10083.0;0.0
av_CORN_d7;39200;ASH_COATED_OSMIUM;9989;16;9986;24;;;10006;21;10008;24;;;9997.5;0.0
av_CORN_d7;39200;INTARIAN_PEPPER_ROOT;10083;11;10080;27;;;10089;15;10092;18;;;10086.0;0.0
av_CORN_d7;39300;ASH_COATED_OSMIUM;9990;10;9987;23;;;10005;11;10009;18;;;9997.5;0.0
av_CORN_d7;39300;INTARIAN_PEPPER_ROOT;10084;15;10082;15;;;10090;6;10093;10;;;10087.0;0.0
av_CORN_d7;39400;ASH_COATED_OSMIUM;9994;8;9992;16;;;10000;10;10003;20;;;9997.0;0.0
av_CORN_d7;39400;INTARIAN_PEPPER_ROOT;10086;18;10083;17;;;10092;13;10094;19;;;10089.0;0.0
av_CORN_d7;39500;ASH_COATED_OSMIUM;9989;20;9985;17;;;10006;6;10008;24;;;9997.5;0.0
av_CORN_d7;39500;INTARIAN_PEPPER_ROOT;10087;18;10085;15;;;10093;18;10096;30;;;10090.0;0.0
av_CORN_d7;39600;ASH_COATED_OSMIUM;9995;13;9991;13;;;10001;19;10003;14;;;9998.0;0.0
av_CORN_d7;39600;INTARIAN_PEPPER_ROOT;10089;10;10085;19;;;10095;11;10097;19;;;10092.0;0.0
av_CORN_d7;39700;ASH_COATED_OSMIUM;9986;17;9984;14;;;10010;5;10012;27;;;9998.0;0.0
av_CORN_d7;39700;INTARIAN_PEPPER_ROOT;10091;8;10089;25;;;10097;21;10099;9;;;10094.0;0.0
av_CORN_d7;39800;ASH_COATED_OSMIUM;9995;10;9993;21;;;10001;22;10004;12;;;9998.0;0.0
av_CORN_d7;39800;INTARIAN_PEPPER_ROOT;10092;18;10090;11;;;10098;17;10102;17;;;10095.0;0.0
av_CORN_d7;39900;ASH_COATED_OSMIUM;9989;13;9986;24;;;10007;9;10010;17;;;9998.0;0.0
av_CORN_d7;39900;INTARIAN_PEPPER_ROOT;10094;23;10092;24;;;10100;19;10103;24;;;10097.0;0.0
av_CORN_d7;40000;ASH_COATED_OSMIUM;9996;15;9992;15;;;10002;21;10005;23;;;9999.0;0.0
av_CORN_d7;40000;INTARIAN_PEPPER_ROOT;10095;22;10091;21;;;10101;25;10103;19;;;10098.0;0.0
av_CORN_d7;40100;ASH_COATED_OSMIUM;9996;14;9992;15;;;10002;14;10004;16;;;9999.0;0.0
av_CORN_d7;40100;INTARIAN_PEPPER_ROOT;10093;23;10091;25;;;10107;9;10109;26;;;10100.0;0.0
av_CORN_d7;40200;ASH_COATED_OSMIUM;9996;18;9993;24;;;10002;18;10004;21;;;9999.0;0.0
av_CORN_d7;40200;INTARIAN_PEPPER_ROOT;10098;15;10096;12;;;10106;18;10110;14;;;10102.0;0.0
av_CORN_d7;40300;ASH_COATED_OSMIUM;9995;9;9992;21;;;10001;12;10004;23;;;9998.0;0.0
av_CORN_d7;40300;INTARIAN_PEPPER_ROOT;10100;11;10097;15;;;10106;24;10109;24;;;10103.0;0.0
av_CORN_d7;40400;ASH_COATED_OSMIUM;9996;13;9992;19;;;10002;7;10004;26;;;9999.0;0.0
av_CORN_d7;40400;INTARIAN_PEPPER_ROOT;10102;18;10098;26;;;10108;11;10112;20;;;10105.0;0.0
av_CORN_d7;40500;ASH_COATED_OSMIUM;9987;9;9983;19;;;10011;19;10015;25;;;9999.0;0.0
av_CORN_d7;40500;INTARIAN_PEPPER_ROOT;10103;16;10099;25;;;10109;16;10113;19;;;10106.0;0.0
av_CORN_d7;40600;ASH_COATED_OSMIUM;9994;20;9991;22;;;10005;17;10009;21;;;9999.5;0.0
av_CORN_d7;40600;INTARIAN_PEPPER_ROOT;10105;15;10101;20;;;10111;10;10114;19;;;10108.0;0.0
av_CORN_d7;40700;ASH_COATED_OSMIUM;9994;11;9990;23;;;10006;23;10009;11;;;10000.0;0.0
av_CORN_d7;40700;INTARIAN_PEPPER_ROOT;10104;12;10100;17;;;10116;24;10120;19;;;10110.0;0.0
av_CORN_d7;40800;ASH_COATED_OSMIUM;9997;12;9993;16;;;10003;12;10005;15;;;10000.0;0.0
av_CORN_d7;40800;INTARIAN_PEPPER_ROOT;10109;17;10105;14;;;10115;16;10117;15;;;10112.0;0.0
av_CORN_d7;40900;ASH_COATED_OSMIUM;9997;14;9993;17;;;10003;15;10005;26;;;10000.0;0.0
av_CORN_d7;40900;INTARIAN_PEPPER_ROOT;10104;15;10101;21;;;10122;19;10124;24;;;10113.0;0.0
av_CORN_d7;41000;ASH_COATED_OSMIUM;9975;15;9972;8;;;10025;22;10029;20;;;10000.0;0.0
av_CORN_d7;41000;INTARIAN_PEPPER_ROOT;10112;8;10108;19;;;10118;10;10121;16;;;10115.0;0.0
av_CORN_d7;41100;ASH_COATED_OSMIUM;9997;12;9993;21;;;10003;26;10006;14;;;10000.0;0.0
av_CORN_d7;41100;INTARIAN_PEPPER_ROOT;10113;14;10111;16;;;10119;10;10122;18;;;10116.0;0.0
av_CORN_d7;41200;ASH_COATED_OSMIUM;9993;21;9991;21;;;10007;10;10009;15;;;10000.0;0.0
av_CORN_d7;41200;INTARIAN_PEPPER_ROOT;10113;14;10111;21;;;10122;15;10126;15;;;10117.5;0.0
av_CORN_d7;41300;ASH_COATED_OSMIUM;9998;16;9995;24;;;10004;16;10008;25;;;10001.0;0.0
av_CORN_d7;41300;INTARIAN_PEPPER_ROOT;10116;20;10114;19;;;10122;13;10124;25;;;10119.0;0.0
av_CORN_d7;41400;ASH_COATED_OSMIUM;9999;17;9997;27;;;10005;8;10008;21;;;10002.0;0.0
av_CORN_d7;41400;INTARIAN_PEPPER_ROOT;10118;13;10115;19;;;10124;15;10126;22;;;10121.0;0.0
av_CORN_d7;41500;ASH_COATED_OSMIUM;9998;6;9996;15;;;10004;5;10007;23;;;10001.0;0.0
av_CORN_d7;41500;INTARIAN_PEPPER_ROOT;10119;8;10117;22;;;10125;17;10129;8;;;10122.0;0.0
av_CORN_d7;41600;ASH_COATED_OSMIUM;9998;14;9995;21;;;10004;15;10006;8;;;10001.0;0.0
av_CORN_d7;41600;INTARIAN_PEPPER_ROOT;10121;19;10118;25;;;10128;10;10132;20;;;10124.5;0.0
av_CORN_d7;41700;ASH_COATED_OSMIUM;9995;13;9992;13;;;10007;8;10009;13;;;10001.0;0.0
av_CORN_d7;41700;INTARIAN_PEPPER_ROOT;10123;8;10120;31;;;10129;5;10133;29;;;10126.0;0.0
av_CORN_d7;41800;ASH_COATED_OSMIUM;9999;21;9995;18;;;10006;13;10008;17;;;10002.5;0.0
av_CORN_d7;41800;INTARIAN_PEPPER_ROOT;10123;11;10120;26;;;10132;17;10135;18;;;10127.5;0.0
av_CORN_d7;41900;ASH_COATED_OSMIUM;9999;15;9997;26;;;10005;15;10009;21;;;10002.0;0.0
av_CORN_d7;41900;INTARIAN_PEPPER_ROOT;10126;9;10124;23;;;10132;19;10134;19;;;10129.0;0.0
av_CORN_d7;42000;ASH_COATED_OSMIUM;9999;17;9995;20;;;10005;21;10008;28;;;10002.0;0.0
av_CORN_d7;42000;INTARIAN_PEPPER_ROOT;10128;14;10124;15;;;10134;15;10137;24;;;10131.0;0.0
av_CORN_d7;42100;ASH_COATED_OSMIUM;9994;17;9992;16;;;10010;5;10013;24;;;10002.0;0.0
av_CORN_d7;42100;INTARIAN_PEPPER_ROOT;10123;10;10119;12;;;10142;14;10146;21;;;10132.5;0.0
av_CORN_d7;42200;ASH_COATED_OSMIUM;9999;25;9997;14;;;10005;17;10008;19;;;10002.0;0.0
av_CORN_d7;42200;INTARIAN_PEPPER_ROOT;10127;11;10125;21;;;10140;17;10143;12;;;10133.5;0.0
av_CORN_d7;42300;ASH_COATED_OSMIUM;9999;13;9997;21;;;10005;9;10008;16;;;10002.0;0.0
av_CORN_d7;42300;INTARIAN_PEPPER_ROOT;10132;15;10129;18;;;10138;14;10141;15;;;10135.0;0.0
av_CORN_d7;42400;ASH_COATED_OSMIUM;10000;12;9997;10;;;10006;23;10008;21;;;10003.0;0.0
av_CORN_d7;42400;INTARIAN_PEPPER_ROOT;10134;12;10132;22;;;10140;16;10144;25;;;10137.0;0.0
av_CORN_d7;42500;ASH_COATED_OSMIUM;10000;17;9998;8;;;10006;10;10008;18;;;10003.0;0.0
av_CORN_d7;42500;INTARIAN_PEPPER_ROOT;10135;13;10132;17;;;10141;18;10143;23;;;10138.0;0.0
av_CORN_d7;42600;ASH_COATED_OSMIUM;9997;18;9993;21;;;10008;17;10011;19;;;10002.5;0.0
av_CORN_d7;42600;INTARIAN_PEPPER_ROOT;10137;9;10135;15;;;10143;19;10145;17;;;10140.0;0.0
av_CORN_d7;42700;ASH_COATED_OSMIUM;9995;5;9993;24;;;10010;14;10013;23;;;10002.5;0.0
av_CORN_d7;42700;INTARIAN_PEPPER_ROOT;10139;14;10136;23;;;10145;22;10149;21;;;10142.0;0.0
av_CORN_d7;42800;ASH_COATED_OSMIUM;9998;14;9995;16;;;10009;12;10013;23;;;10003.5;0.0
av_CORN_d7;42800;INTARIAN_PEPPER_ROOT;10138;9;10135;15;;;10149;20;10152;27;;;10143.5;0.0
av_CORN_d7;42900;ASH_COATED_OSMIUM;10000;16;9998;19;;;10008;8;10010;16;;;10004.0;0.0
av_CORN_d7;42900;INTARIAN_PEPPER_ROOT;10143;14;10140;10;;;10149;10;10152;24;;;10146.0;0.0
av_CORN_d7;43000;ASH_COATED_OSMIUM;10001;24;9999;13;;;10007;15;10009;15;;;10004.0;0.0
av_CORN_d7;43000;INTARIAN_PEPPER_ROOT;10137;13;10134;17;;;10156;13;10160;21;;;10146.5;0.0
av_CORN_d7;43100;ASH_COATED_OSMIUM;10000;8;9997;21;;;10006;9;10008;19;;;10003.0;0.0
av_CORN_d7;43100;INTARIAN_PEPPER_ROOT;10142;9;10138;14;;;10154;10;10158;20;;;10148.0;0.0
av_CORN_d7;43200;ASH_COATED_OSMIUM;10001;16;9997;28;;;10007;12;10011;19;;;10004.0;0.0
av_CORN_d7;43200;INTARIAN_PEPPER_ROOT;10146;5;10144;21;;;10153;13;10156;19;;;10149.5;0.0
av_CORN_d7;43300;ASH_COATED_OSMIUM;10001;18;9999;15;;;10007;13;10010;15;;;10004.0;0.0
av_CORN_d7;43300;INTARIAN_PEPPER_ROOT;10149;12;10147;25;;;10155;12;10158;27;;;10152.0;0.0
av_CORN_d7;43400;ASH_COATED_OSMIUM;9998;16;9996;24;;;10012;25;10014;18;;;10005.0;0.0
av_CORN_d7;43400;INTARIAN_PEPPER_ROOT;10151;26;10147;19;;;10157;5;10159;15;;;10154.0;0.0
av_CORN_d7;43500;ASH_COATED_OSMIUM;10001;10;9997;23;;;10007;17;10010;19;;;10004.0;0.0
av_CORN_d7;43500;INTARIAN_PEPPER_ROOT;10150;8;10147;23;;;10158;11;10161;22;;;10154.0;0.0
av_CORN_d7;43600;ASH_COATED_OSMIUM;9998;13;9995;14;;;10011;13;10013;17;;;10004.5;0.0
av_CORN_d7;43600;INTARIAN_PEPPER_ROOT;10153;14;10149;27;;;10160;9;10164;23;;;10156.5;0.0
av_CORN_d7;43700;ASH_COATED_OSMIUM;10002;10;9998;18;;;10008;19;10012;25;;;10005.0;0.0
av_CORN_d7;43700;INTARIAN_PEPPER_ROOT;10151;12;10147;12;;;10166;13;10168;8;;;10158.5;0.0
av_CORN_d7;43800;ASH_COATED_OSMIUM;10002;15;10000;28;;;10008;12;10011;26;;;10005.0;0.0
av_CORN_d7;43800;INTARIAN_PEPPER_ROOT;10157;17;10154;8;;;10163;19;10165;19;;;10160.0;0.0
av_CORN_d7;43900;ASH_COATED_OSMIUM;10001;14;9999;19;;;10009;20;10012;21;;;10005.0;0.0
av_CORN_d7;43900;INTARIAN_PEPPER_ROOT;10159;14;10156;16;;;10165;15;10168;15;;;10162.0;0.0
av_CORN_d7;44000;ASH_COATED_OSMIUM;10002;14;9998;17;;;10008;13;10012;15;;;10005.0;0.0
av_CORN_d7;44000;INTARIAN_PEPPER_ROOT;10160;19;10156;21;;;10166;13;10170;19;;;10163.0;0.0
av_CORN_d7;44100;ASH_COATED_OSMIUM;10000;13;9996;25;;;10011;19;10014;22;;;10005.5;0.0
av_CORN_d7;44100;INTARIAN_PEPPER_ROOT;10162;14;10158;15;;;10168;9;10171;17;;;10165.0;0.0
av_CORN_d7;44200;ASH_COATED_OSMIUM;10003;8;10000;27;;;10009;16;10013;12;;;10006.0;0.0
av_CORN_d7;44200;INTARIAN_PEPPER_ROOT;10163;15;10159;13;;;10169;17;10171;14;;;10166.0;0.0
av_CORN_d7;44300;ASH_COATED_OSMIUM;9999;5;9996;23;;;10011;10;10014;19;;;10005.0;0.0
av_CORN_d7;44300;INTARIAN_PEPPER_ROOT;10165;16;10161;15;;;10171;24;10174;11;;;10168.0;0.0
av_CORN_d7;44400;ASH_COATED_OSMIUM;9996;9;9993;16;;;10015;22;10019;25;;;10005.5;0.0
av_CORN_d7;44400;INTARIAN_PEPPER_ROOT;10164;22;10160;23;;;10175;6;10179;16;;;10169.5;0.0
av_CORN_d7;44500;ASH_COATED_OSMIUM;10003;9;9999;23;;;10009;12;10011;11;;;10006.0;0.0
av_CORN_d7;44500;INTARIAN_PEPPER_ROOT;10168;26;10166;22;;;10174;17;10176;15;;;10171.0;0.0
av_CORN_d7;44600;ASH_COATED_OSMIUM;10003;13;9999;22;;;10009;19;10013;23;;;10006.0;0.0
av_CORN_d7;44600;INTARIAN_PEPPER_ROOT;10168;14;10166;25;;;10177;5;10180;22;;;10172.5;0.0
av_CORN_d7;44700;ASH_COATED_OSMIUM;10004;5;10001;18;;;10010;13;10013;25;;;10007.0;0.0
av_CORN_d7;44700;INTARIAN_PEPPER_ROOT;10171;13;10169;21;;;10177;16;10181;25;;;10174.0;0.0
av_CORN_d7;44800;ASH_COATED_OSMIUM;10003;8;9999;20;;;10009;5;10011;23;;;10006.0;0.0
av_CORN_d7;44800;INTARIAN_PEPPER_ROOT;10173;22;10171;18;;;10179;13;10183;21;;;10176.0;0.0
av_CORN_d7;44900;ASH_COATED_OSMIUM;10003;19;10001;23;;;10009;17;10013;19;;;10006.0;0.0
av_CORN_d7;44900;INTARIAN_PEPPER_ROOT;10171;11;10169;16;;;10183;12;10186;23;;;10177.0;0.0
av_CORN_d7;45000;ASH_COATED_OSMIUM;10004;8;10001;20;;;10010;12;10012;14;;;10007.0;0.0
av_CORN_d7;45000;INTARIAN_PEPPER_ROOT;10176;5;10172;12;;;10182;9;10184;12;;;10179.0;0.0
av_CORN_d7;45100;ASH_COATED_OSMIUM;10004;10;10000;20;;;10010;16;10014;22;;;10007.0;0.0
av_CORN_d7;45100;INTARIAN_PEPPER_ROOT;10177;16;10174;21;;;10184;13;10187;15;;;10180.5;0.0
av_CORN_d7;45200;ASH_COATED_OSMIUM;10004;15;10001;20;;;10010;11;10013;13;;;10007.0;0.0
av_CORN_d7;45200;INTARIAN_PEPPER_ROOT;10180;10;10176;15;;;10186;7;10188;20;;;10183.0;0.0
av_CORN_d7;45300;ASH_COATED_OSMIUM;10002;20;9998;14;;;10013;16;10016;15;;;10007.5;0.0
av_CORN_d7;45300;INTARIAN_PEPPER_ROOT;10181;11;10179;20;;;10187;15;10190;25;;;10184.0;0.0
av_CORN_d7;45400;ASH_COATED_OSMIUM;10003;9;9999;10;;;10012;20;10015;14;;;10007.5;0.0
av_CORN_d7;45400;INTARIAN_PEPPER_ROOT;10183;16;10179;15;;;10189;11;10193;13;;;10186.0;0.0
av_CORN_d7;45500;ASH_COATED_OSMIUM;10003;13;9999;15;;;10013;11;10015;19;;;10008.0;0.0
av_CORN_d7;45500;INTARIAN_PEPPER_ROOT;10179;11;10175;12;;;10195;12;10199;14;;;10187.0;0.0
av_CORN_d7;45600;ASH_COATED_OSMIUM;10005;26;10002;15;;;10011;18;10014;24;;;10008.0;0.0
av_CORN_d7;45600;INTARIAN_PEPPER_ROOT;10183;11;10179;25;;;10195;15;10199;13;;;10189.0;0.0
av_CORN_d7;45700;ASH_COATED_OSMIUM;10003;19;10001;17;;;10013;14;10017;23;;;10008.0;0.0
av_CORN_d7;45700;INTARIAN_PEPPER_ROOT;10187;17;10184;18;;;10193;20;10196;18;;;10190.0;0.0
av_CORN_d7;45800;ASH_COATED_OSMIUM;9988;21;9984;22;;;10030;22;10033;14;;;10009.0;0.0
av_CORN_d7;45800;INTARIAN_PEPPER_ROOT;10189;8;10186;19;;;10195;21;10199;13;;;10192.0;0.0
av_CORN_d7;45900;ASH_COATED_OSMIUM;10005;16;10003;17;;;10011;21;10015;25;;;10008.0;0.0
av_CORN_d7;45900;INTARIAN_PEPPER_ROOT;10191;17;10189;32;;;10197;18;10200;24;;;10194.0;0.0
av_CORN_d7;46000;ASH_COATED_OSMIUM;10005;8;10003;14;;;10011;18;10014;21;;;10008.0;0.0
av_CORN_d7;46000;INTARIAN_PEPPER_ROOT;10193;9;10191;13;;;10199;15;10201;25;;;10196.0;0.0
av_CORN_d7;46100;ASH_COATED_OSMIUM;10005;18;10001;28;;;10013;19;10015;18;;;10009.0;0.0
av_CORN_d7;46100;INTARIAN_PEPPER_ROOT;10194;6;10191;14;;;10200;19;10204;32;;;10197.0;0.0
av_CORN_d7;46200;ASH_COATED_OSMIUM;9991;10;9987;18;;;10028;15;10032;10;;;10009.5;0.0
av_CORN_d7;46200;INTARIAN_PEPPER_ROOT;10196;8;10193;23;;;10202;12;10205;14;;;10199.0;0.0
av_CORN_d7;46300;ASH_COATED_OSMIUM;10003;16;9999;15;;;10014;23;10016;23;;;10008.5;0.0
av_CORN_d7;46300;INTARIAN_PEPPER_ROOT;10197;10;10195;16;;;10203;5;10205;10;;;10200.0;0.0
av_CORN_d7;46400;ASH_COATED_OSMIUM;10006;16;10003;17;;;10012;20;10014;23;;;10009.0;0.0
av_CORN_d7;46400;INTARIAN_PEPPER_ROOT;10192;9;10189;10;;;10212;13;10215;20;;;10202.0;0.0
av_CORN_d7;46500;ASH_COATED_OSMIUM;10004;18;10000;27;;;10015;20;10017;12;;;10009.5;0.0
av_CORN_d7;46500;INTARIAN_PEPPER_ROOT;10201;15;10197;17;;;10207;19;10211;19;;;10204.0;0.0
av_CORN_d7;46600;ASH_COATED_OSMIUM;10006;5;10002;24;;;10012;12;10014;18;;;10009.0;0.0
av_CORN_d7;46600;INTARIAN_PEPPER_ROOT;10199;8;10196;17;;;10211;7;10213;16;;;10205.0;0.0
av_CORN_d7;46700;ASH_COATED_OSMIUM;10007;18;10003;24;;;10013;18;10015;10;;;10010.0;0.0
av_CORN_d7;46700;INTARIAN_PEPPER_ROOT;10203;12;10201;16;;;10209;13;10211;21;;;10206.0;0.0
av_CORN_d7;46800;ASH_COATED_OSMIUM;10007;5;10003;27;;;10013;7;10016;22;;;10010.0;0.0
av_CORN_d7;46800;INTARIAN_PEPPER_ROOT;10202;13;10198;21;;;10216;21;10220;20;;;10209.0;0.0
av_CORN_d7;46900;ASH_COATED_OSMIUM;10006;22;10004;25;;;10013;16;10017;24;;;10009.5;0.0
av_CORN_d7;46900;INTARIAN_PEPPER_ROOT;10205;8;10201;22;;;10215;13;10217;16;;;10210.0;0.0
av_CORN_d7;47000;ASH_COATED_OSMIUM;10001;16;9999;11;;;10019;23;10023;27;;;10010.0;0.0
av_CORN_d7;47000;INTARIAN_PEPPER_ROOT;10205;11;10201;21;;;10217;20;10221;19;;;10211.0;0.0
av_CORN_d7;47100;ASH_COATED_OSMIUM;10001;14;9997;18;;;10020;16;10024;14;;;10010.5;0.0
av_CORN_d7;47100;INTARIAN_PEPPER_ROOT;10210;11;10206;13;;;10216;13;10218;8;;;10213.0;0.0
av_CORN_d7;47200;ASH_COATED_OSMIUM;10008;5;10006;16;;;10014;15;10018;25;;;10011.0;0.0
av_CORN_d7;47200;INTARIAN_PEPPER_ROOT;10204;10;10200;16;;;10225;7;10228;13;;;10214.5;0.0
av_CORN_d7;47300;ASH_COATED_OSMIUM;9997;11;9993;17;;;10024;17;10027;18;;;10010.5;0.0
av_CORN_d7;47300;INTARIAN_PEPPER_ROOT;10207;15;10204;20;;;10226;19;10230;18;;;10216.5;0.0
av_CORN_d7;47400;ASH_COATED_OSMIUM;10007;13;10003;23;;;10014;18;10018;25;;;10010.5;0.0
av_CORN_d7;47400;INTARIAN_PEPPER_ROOT;10201;17;10199;11;;;10236;8;10238;19;;;10218.5;0.0
av_CORN_d7;47500;ASH_COATED_OSMIUM;10004;7;10001;14;;;10018;14;10022;15;;;10011.0;0.0
av_CORN_d7;47500;INTARIAN_PEPPER_ROOT;10217;10;10215;22;;;10223;15;10225;27;;;10220.0;0.0
av_CORN_d7;47600;ASH_COATED_OSMIUM;9999;17;9996;24;;;10024;17;10028;21;;;10011.5;0.0
av_CORN_d7;47600;INTARIAN_PEPPER_ROOT;10211;10;10207;27;;;10232;16;10236;13;;;10221.5;0.0
av_CORN_d7;47700;ASH_COATED_OSMIUM;10008;8;10006;26;;;10014;21;10016;21;;;10011.0;0.0
av_CORN_d7;47700;INTARIAN_PEPPER_ROOT;10220;18;10218;13;;;10226;8;10228;12;;;10223.0;0.0
av_CORN_d7;47800;ASH_COATED_OSMIUM;10005;26;10002;16;;;10016;15;10020;25;;;10010.5;0.0
av_CORN_d7;47800;INTARIAN_PEPPER_ROOT;10214;20;10212;23;;;10236;18;10238;22;;;10225.0;0.0
av_CORN_d7;47900;ASH_COATED_OSMIUM;10010;17;10007;17;;;10016;11;10018;12;;;10013.0;0.0
av_CORN_d7;47900;INTARIAN_PEPPER_ROOT;10223;18;10221;24;;;10229;15;10232;26;;;10226.0;0.0
av_CORN_d7;48000;ASH_COATED_OSMIUM;10008;14;10004;24;;;10014;5;10017;16;;;10011.0;0.0
av_CORN_d7;48000;INTARIAN_PEPPER_ROOT;10220;17;10216;15;;;10235;10;10239;21;;;10227.5;0.0
av_CORN_d7;48100;ASH_COATED_OSMIUM;10009;10;10005;16;;;10015;18;10019;26;;;10012.0;0.0
av_CORN_d7;48100;INTARIAN_PEPPER_ROOT;10227;18;10225;20;;;10233;16;10237;16;;;10230.0;0.0
av_CORN_d7;48200;ASH_COATED_OSMIUM;10009;20;10006;17;;;10015;13;10019;17;;;10012.0;0.0
av_CORN_d7;48200;INTARIAN_PEPPER_ROOT;10227;14;10223;14;;;10233;9;10235;18;;;10230.0;0.0
av_CORN_d7;48300;ASH_COATED_OSMIUM;10009;8;10006;18;;;10015;11;10019;21;;;10012.0;0.0
av_CORN_d7;48300;INTARIAN_PEPPER_ROOT;10224;10;10221;16;;;10241;16;10243;12;;;10232.5;0.0
av_CORN_d7;48400;ASH_COATED_OSMIUM;10009;14;10006;20;;;10015;16;10017;17;;;10012.0;0.0
av_CORN_d7;48400;INTARIAN_PEPPER_ROOT;10231;14;10229;16;;;10237;20;10241;14;;;10234.0;0.0
av_CORN_d7;48500;ASH_COATED_OSMIUM;10010;8;10007;16;;;10016;5;10020;21;;;10013.0;0.0
av_CORN_d7;48500;INTARIAN_PEPPER_ROOT;10233;18;10231;17;;;10239;19;10243;18;;;10236.0;0.0
av_CORN_d7;48600;ASH_COATED_OSMIUM;10010;11;10006;19;;;10016;13;10019;27;;;10013.0;0.0
av_CORN_d7;48600;INTARIAN_PEPPER_ROOT;10234;16;10231;21;;;10240;17;10242;25;;;10237.0;0.0
av_CORN_d7;48700;ASH_COATED_OSMIUM;10010;8;10007;22;;;10016;13;10020;25;;;10013.0;0.0
av_CORN_d7;48700;INTARIAN_PEPPER_ROOT;10236;11;10234;12;;;10242;18;10245;18;;;10239.0;0.0
av_CORN_d7;48800;ASH_COATED_OSMIUM;10010;7;10008;18;;;10016;20;10018;21;;;10013.0;0.0
av_CORN_d7;48800;INTARIAN_PEPPER_ROOT;10238;21;10234;21;;;10244;19;10247;19;;;10241.0;0.0
av_CORN_d7;48900;ASH_COATED_OSMIUM;10010;13;10007;21;;;10016;13;10018;18;;;10013.0;0.0
av_CORN_d7;48900;INTARIAN_PEPPER_ROOT;10240;18;10236;17;;;10246;15;10248;22;;;10243.0;0.0
av_CORN_d7;49000;ASH_COATED_OSMIUM;10010;11;10007;22;;;10016;5;10019;19;;;10013.0;0.0
av_CORN_d7;49000;INTARIAN_PEPPER_ROOT;10241;14;10239;17;;;10247;17;10251;21;;;10244.0;0.0
av_CORN_d7;49100;ASH_COATED_OSMIUM;10010;8;10008;21;;;10017;6;10021;20;;;10013.5;0.0
av_CORN_d7;49100;INTARIAN_PEPPER_ROOT;10243;15;10241;22;;;10249;14;10253;16;;;10246.0;0.0
av_CORN_d7;49200;ASH_COATED_OSMIUM;10011;14;10008;21;;;10017;15;10019;12;;;10014.0;0.0
av_CORN_d7;49200;INTARIAN_PEPPER_ROOT;10232;5;10229;11;;;10263;18;10265;22;;;10247.5;0.0
av_CORN_d7;49300;ASH_COATED_OSMIUM;10011;16;10007;19;;;10017;14;10020;11;;;10014.0;0.0
av_CORN_d7;49300;INTARIAN_PEPPER_ROOT;10245;11;10243;17;;;10251;18;10255;25;;;10248.0;0.0
av_CORN_d7;49400;ASH_COATED_OSMIUM;10011;8;10009;18;;;10017;20;10020;18;;;10014.0;0.0
av_CORN_d7;49400;INTARIAN_PEPPER_ROOT;10247;12;10243;25;;;10253;19;10256;27;;;10250.0;0.0
av_CORN_d7;49500;ASH_COATED_OSMIUM;10012;23;10010;21;;;10018;14;10020;20;;;10015.0;0.0
av_CORN_d7;49500;INTARIAN_PEPPER_ROOT;10249;15;10247;9;;;10255;21;10257;19;;;10252.0;0.0
av_CORN_d7;49600;ASH_COATED_OSMIUM;10012;17;10009;15;;;10018;12;10022;22;;;10015.0;0.0
av_CORN_d7;49600;INTARIAN_PEPPER_ROOT;10244;12;10240;18;;;10263;11;10265;20;;;10253.5;0.0
av_CORN_d7;49700;ASH_COATED_OSMIUM;10012;12;10008;26;;;10018;14;10022;22;;;10015.0;0.0
av_CORN_d7;49700;INTARIAN_PEPPER_ROOT;10245;8;10241;23;;;10265;14;10268;26;;;10255.0;0.0
av_CORN_d7;49800;ASH_COATED_OSMIUM;10009;19;10006;17;;;10020;16;10024;11;;;10014.5;0.0
av_CORN_d7;49800;INTARIAN_PEPPER_ROOT;10254;9;10251;21;;;10260;22;10262;8;;;10257.0;0.0
av_CORN_d7;49900;ASH_COATED_OSMIUM;10010;21;10007;23;;;10021;16;10023;24;;;10015.5;0.0
av_CORN_d7;49900;INTARIAN_PEPPER_ROOT;10254;18;10252;8;;;10263;13;10267;15;;;10258.5;0.0
av_CORN_d7;50000;ASH_COATED_OSMIUM;10012;14;10008;26;;;10019;15;10021;10;;;10015.5;0.0
av_CORN_d7;50000;INTARIAN_PEPPER_ROOT;10257;10;10255;19;;;10263;14;10267;15;;;10260.0;0.0
av_CORN_d7;50100;ASH_COATED_OSMIUM;10012;6;10008;21;;;10020;9;10022;18;;;10016.0;0.0
av_CORN_d7;50100;INTARIAN_PEPPER_ROOT;10255;5;10253;26;;;10268;18;10270;19;;;10261.5;0.0
av_CORN_d7;50200;ASH_COATED_OSMIUM;10011;6;10009;27;;;10020;12;10024;8;;;10015.5;0.0
av_CORN_d7;50200;INTARIAN_PEPPER_ROOT;10260;12;10258;24;;;10266;30;10270;22;;;10263.0;0.0
av_CORN_d7;50300;ASH_COATED_OSMIUM;10012;14;10008;23;;;10018;14;10020;14;;;10015.0;0.0
av_CORN_d7;50300;INTARIAN_PEPPER_ROOT;10262;10;10260;23;;;10268;19;10271;14;;;10265.0;0.0
av_CORN_d7;50400;ASH_COATED_OSMIUM;10013;5;10011;19;;;10019;12;10021;21;;;10016.0;0.0
av_CORN_d7;50400;INTARIAN_PEPPER_ROOT;10264;19;10261;15;;;10270;11;10272;8;;;10267.0;0.0
av_CORN_d7;50500;ASH_COATED_OSMIUM;10012;15;10010;13;;;10020;14;10023;25;;;10016.0;0.0
av_CORN_d7;50500;INTARIAN_PEPPER_ROOT;10264;12;10262;19;;;10272;16;10274;26;;;10268.0;0.0
av_CORN_d7;50600;ASH_COATED_OSMIUM;10013;8;10010;23;;;10019;19;10023;18;;;10016.0;0.0
av_CORN_d7;50600;INTARIAN_PEPPER_ROOT;10267;6;10264;15;;;10273;18;10276;23;;;10270.0;0.0
av_CORN_d7;50700;ASH_COATED_OSMIUM;10010;5;10008;18;;;10023;13;10026;28;;;10016.5;0.0
av_CORN_d7;50700;INTARIAN_PEPPER_ROOT;10268;13;10264;18;;;10274;11;10278;24;;;10271.0;0.0
av_CORN_d7;50800;ASH_COATED_OSMIUM;10013;11;10009;18;;;10019;23;10021;22;;;10016.0;0.0
av_CORN_d7;50800;INTARIAN_PEPPER_ROOT;10261;11;10257;17;;;10285;12;10288;19;;;10273.0;0.0
av_CORN_d7;50900;ASH_COATED_OSMIUM;10014;13;10010;11;;;10020;16;10023;17;;;10017.0;0.0
av_CORN_d7;50900;INTARIAN_PEPPER_ROOT;10271;9;10267;28;;;10277;6;10280;12;;;10274.0;0.0
av_CORN_d7;51000;ASH_COATED_OSMIUM;10014;15;10011;8;;;10020;14;10024;24;;;10017.0;0.0
av_CORN_d7;51000;INTARIAN_PEPPER_ROOT;10272;21;10268;18;;;10278;17;10281;15;;;10275.0;0.0
av_CORN_d7;51100;ASH_COATED_OSMIUM;10009;17;10005;29;;;10026;13;10030;15;;;10017.5;0.0
av_CORN_d7;51100;INTARIAN_PEPPER_ROOT;10272;18;10268;27;;;10278;24;10280;25;;;10275.0;0.0
av_CORN_d7;51200;ASH_COATED_OSMIUM;10014;11;10012;28;;;10021;11;10024;17;;;10017.5;0.0
av_CORN_d7;51200;INTARIAN_PEPPER_ROOT;10269;12;10265;17;;;10281;21;10285;18;;;10275.0;0.0
av_CORN_d7;51300;ASH_COATED_OSMIUM;10012;5;10009;16;;;10023;8;10027;20;;;10017.5;0.0
av_CORN_d7;51300;INTARIAN_PEPPER_ROOT;10273;15;10270;22;;;10279;17;10281;29;;;10276.0;0.0
av_CORN_d7;51400;ASH_COATED_OSMIUM;10007;21;10003;16;;;10028;23;10030;11;;;10017.5;0.0
av_CORN_d7;51400;INTARIAN_PEPPER_ROOT;10273;9;10269;19;;;10279;24;10283;11;;;10276.0;0.0
av_CORN_d7;51500;ASH_COATED_OSMIUM;10016;9;10013;19;;;10022;15;10026;9;;;10019.0;0.0
av_CORN_d7;51500;INTARIAN_PEPPER_ROOT;10268;7;10266;25;;;10285;9;10287;19;;;10276.5;0.0
av_CORN_d7;51600;ASH_COATED_OSMIUM;10016;16;10012;14;;;10022;18;10024;16;;;10019.0;0.0
av_CORN_d7;51600;INTARIAN_PEPPER_ROOT;10273;11;10269;23;;;10282;25;10284;19;;;10277.5;0.0
av_CORN_d7;51700;ASH_COATED_OSMIUM;10015;5;10011;20;;;10022;13;10025;24;;;10018.5;0.0
av_CORN_d7;51700;INTARIAN_PEPPER_ROOT;10274;10;10270;20;;;10280;13;10283;9;;;10277.0;0.0
av_CORN_d7;51800;ASH_COATED_OSMIUM;10016;6;10013;20;;;10022;6;10024;17;;;10019.0;0.0
av_CORN_d7;51800;INTARIAN_PEPPER_ROOT;10271;11;10269;18;;;10284;21;10286;12;;;10277.5;0.0
av_CORN_d7;51900;ASH_COATED_OSMIUM;10016;14;10014;13;;;10022;18;10026;24;;;10019.0;0.0
av_CORN_d7;51900;INTARIAN_PEPPER_ROOT;10275;20;10272;21;;;10281;10;10283;16;;;10278.0;0.0
av_CORN_d7;52000;ASH_COATED_OSMIUM;10017;14;10014;17;;;10023;27;10027;18;;;10020.0;0.0
av_CORN_d7;52000;INTARIAN_PEPPER_ROOT;10276;5;10274;17;;;10282;12;10286;13;;;10279.0;0.0
av_CORN_d7;52100;ASH_COATED_OSMIUM;10016;15;10014;17;;;10022;19;10024;17;;;10019.0;0.0
av_CORN_d7;52100;INTARIAN_PEPPER_ROOT;10273;15;10270;23;;;10285;13;10289;15;;;10279.0;0.0
av_CORN_d7;52200;ASH_COATED_OSMIUM;10007;11;10004;27;;;10032;14;10034;29;;;10019.5;0.0
av_CORN_d7;52200;INTARIAN_PEPPER_ROOT;10277;18;10273;13;;;10283;15;10286;25;;;10280.0;0.0
av_CORN_d7;52300;ASH_COATED_OSMIUM;10017;15;10013;8;;;10023;18;10025;14;;;10020.0;0.0
av_CORN_d7;52300;INTARIAN_PEPPER_ROOT;10277;14;10273;17;;;10283;14;10287;14;;;10280.0;0.0
av_CORN_d7;52400;ASH_COATED_OSMIUM;10017;16;10013;18;;;10023;21;10027;21;;;10020.0;0.0
av_CORN_d7;52400;INTARIAN_PEPPER_ROOT;10278;25;10276;17;;;10284;13;10288;28;;;10281.0;0.0
av_CORN_d7;52500;ASH_COATED_OSMIUM;10015;10;10013;17;;;10024;12;10028;13;;;10019.5;0.0
av_CORN_d7;52500;INTARIAN_PEPPER_ROOT;10270;17;10266;27;;;10291;11;10294;22;;;10280.5;0.0
av_CORN_d7;52600;ASH_COATED_OSMIUM;10014;15;10010;18;;;10028;13;10032;21;;;10021.0;0.0
av_CORN_d7;52600;INTARIAN_PEPPER_ROOT;10279;18;10275;24;;;10285;14;10288;22;;;10282.0;0.0
av_CORN_d7;52700;ASH_COATED_OSMIUM;10018;13;10016;19;;;10024;23;10027;12;;;10021.0;0.0
av_CORN_d7;52700;INTARIAN_PEPPER_ROOT;10278;14;10275;25;;;10284;19;10286;27;;;10281.0;0.0
av_CORN_d7;52800;ASH_COATED_OSMIUM;10018;18;10014;20;;;10026;21;10028;14;;;10022.0;0.0
av_CORN_d7;52800;INTARIAN_PEPPER_ROOT;10277;11;10275;23;;;10287;18;10291;19;;;10282.0;0.0
av_CORN_d7;52900;ASH_COATED_OSMIUM;10018;14;10016;17;;;10024;10;10028;21;;;10021.0;0.0
av_CORN_d7;52900;INTARIAN_PEPPER_ROOT;10280;15;10277;21;;;10286;22;10289;22;;;10283.0;0.0
av_CORN_d7;53000;ASH_COATED_OSMIUM;10019;11;10016;15;;;10025;10;10028;15;;;10022.0;0.0
av_CORN_d7;53000;INTARIAN_PEPPER_ROOT;10280;15;10278;17;;;10286;16;10288;13;;;10283.0;0.0
av_CORN_d7;53100;ASH_COATED_OSMIUM;10020;7;10018;27;;;10026;13;10030;18;;;10023.0;0.0
av_CORN_d7;53100;INTARIAN_PEPPER_ROOT;10281;21;10277;16;;;10287;5;10291;23;;;10284.0;0.0
av_CORN_d7;53200;ASH_COATED_OSMIUM;10019;22;10017;24;;;10027;22;10029;12;;;10023.0;0.0
av_CORN_d7;53200;INTARIAN_PEPPER_ROOT;10278;11;10274;19;;;10290;14;10293;20;;;10284.0;0.0
av_CORN_d7;53300;ASH_COATED_OSMIUM;10015;17;10013;13;;;10030;13;10034;27;;;10022.5;0.0
av_CORN_d7;53300;INTARIAN_PEPPER_ROOT;10281;20;10279;25;;;10287;14;10289;27;;;10284.0;0.0
av_CORN_d7;53400;ASH_COATED_OSMIUM;10013;9;10011;27;;;10033;14;10035;12;;;10023.0;0.0
av_CORN_d7;53400;INTARIAN_PEPPER_ROOT;10282;12;10278;21;;;10288;21;10290;21;;;10285.0;0.0
av_CORN_d7;53500;ASH_COATED_OSMIUM;10020;14;10018;23;;;10026;12;10030;22;;;10023.0;0.0
av_CORN_d7;53500;INTARIAN_PEPPER_ROOT;10279;15;10275;21;;;10292;12;10296;13;;;10285.5;0.0
av_CORN_d7;53600;ASH_COATED_OSMIUM;10021;13;10017;21;;;10027;13;10030;20;;;10024.0;0.0
av_CORN_d7;53600;INTARIAN_PEPPER_ROOT;10276;10;10274;28;;;10296;13;10299;17;;;10286.0;0.0
av_CORN_d7;53700;ASH_COATED_OSMIUM;10021;12;10018;23;;;10027;17;10029;12;;;10024.0;0.0
av_CORN_d7;53700;INTARIAN_PEPPER_ROOT;10283;13;10281;33;;;10289;17;10293;22;;;10286.0;0.0
av_CORN_d7;53800;ASH_COATED_OSMIUM;10020;9;10016;17;;;10029;12;10031;18;;;10024.5;0.0
av_CORN_d7;53800;INTARIAN_PEPPER_ROOT;10284;14;10281;21;;;10290;5;10293;23;;;10287.0;0.0
av_CORN_d7;53900;ASH_COATED_OSMIUM;10021;12;10017;23;;;10027;7;10030;10;;;10024.0;0.0
av_CORN_d7;53900;INTARIAN_PEPPER_ROOT;10282;21;10280;24;;;10291;11;10293;13;;;10286.5;0.0
av_CORN_d7;54000;ASH_COATED_OSMIUM;10019;13;10016;15;;;10030;19;10034;12;;;10024.5;0.0
av_CORN_d7;54000;INTARIAN_PEPPER_ROOT;10285;10;10283;24;;;10291;12;10295;26;;;10288.0;0.0
av_CORN_d7;54100;ASH_COATED_OSMIUM;10022;12;10020;28;;;10028;16;10032;12;;;10025.0;0.0
av_CORN_d7;54100;INTARIAN_PEPPER_ROOT;10285;12;10281;14;;;10292;20;10294;16;;;10288.5;0.0
av_CORN_d7;54200;ASH_COATED_OSMIUM;10022;17;10018;25;;;10028;14;10030;21;;;10025.0;0.0
av_CORN_d7;54200;INTARIAN_PEPPER_ROOT;10284;9;10281;10;;;10294;17;10297;27;;;10289.0;0.0
av_CORN_d7;54300;ASH_COATED_OSMIUM;10012;21;10008;23;;;10039;21;10043;16;;;10025.5;0.0
av_CORN_d7;54300;INTARIAN_PEPPER_ROOT;10286;16;10284;24;;;10292;13;10296;20;;;10289.0;0.0
av_CORN_d7;54400;ASH_COATED_OSMIUM;10022;9;10018;14;;;10029;12;10033;25;;;10025.5;0.0
av_CORN_d7;54400;INTARIAN_PEPPER_ROOT;10286;9;10282;14;;;10293;16;10296;13;;;10289.5;0.0
av_CORN_d7;54500;ASH_COATED_OSMIUM;10022;12;10020;22;;;10030;7;10032;8;;;10026.0;0.0
av_CORN_d7;54500;INTARIAN_PEPPER_ROOT;10287;9;10285;14;;;10293;25;10295;12;;;10290.0;0.0
av_CORN_d7;54600;ASH_COATED_OSMIUM;10023;9;10020;21;;;10029;14;10031;18;;;10026.0;0.0
av_CORN_d7;54600;INTARIAN_PEPPER_ROOT;10287;13;10284;28;;;10293;5;10297;16;;;10290.0;0.0
av_CORN_d7;54700;ASH_COATED_OSMIUM;10018;16;10016;26;;;10035;15;10037;18;;;10026.5;0.0
av_CORN_d7;54700;INTARIAN_PEPPER_ROOT;10288;17;10286;16;;;10294;21;10297;18;;;10291.0;0.0
av_CORN_d7;54800;ASH_COATED_OSMIUM;10014;20;10010;20;;;10039;16;10041;19;;;10026.5;0.0
av_CORN_d7;54800;INTARIAN_PEPPER_ROOT;10287;8;10283;25;;;10294;14;10297;20;;;10290.5;0.0
av_CORN_d7;54900;ASH_COATED_OSMIUM;10023;12;10019;18;;;10030;14;10034;12;;;10026.5;0.0
av_CORN_d7;54900;INTARIAN_PEPPER_ROOT;10282;16;10280;9;;;10300;23;10302;19;;;10291.0;0.0
av_CORN_d7;55000;ASH_COATED_OSMIUM;10024;19;10020;13;;;10031;16;10035;12;;;10027.5;0.0
av_CORN_d7;55000;INTARIAN_PEPPER_ROOT;10284;17;10282;23;;;10300;10;10303;28;;;10292.0;0.0
av_CORN_d7;55100;ASH_COATED_OSMIUM;10025;15;10022;11;;;10031;15;10035;19;;;10028.0;0.0
av_CORN_d7;55100;INTARIAN_PEPPER_ROOT;10289;10;10285;24;;;10295;18;10298;11;;;10292.0;0.0
av_CORN_d7;55200;ASH_COATED_OSMIUM;10024;14;10022;15;;;10030;20;10032;12;;;10027.0;0.0
av_CORN_d7;55200;INTARIAN_PEPPER_ROOT;10289;15;10287;18;;;10296;14;10299;13;;;10292.5;0.0
av_CORN_d7;55300;ASH_COATED_OSMIUM;10023;12;10021;17;;;10032;7;10034;22;;;10027.5;0.0
av_CORN_d7;55300;INTARIAN_PEPPER_ROOT;10290;12;10287;28;;;10296;14;10299;21;;;10293.0;0.0
av_CORN_d7;55400;ASH_COATED_OSMIUM;10014;19;10012;14;;;10043;8;10046;20;;;10028.5;0.0
av_CORN_d7;55400;INTARIAN_PEPPER_ROOT;10290;16;10286;20;;;10297;21;10300;19;;;10293.5;0.0
av_CORN_d7;55500;ASH_COATED_OSMIUM;10021;19;10017;28;;;10036;15;10040;18;;;10028.5;0.0
av_CORN_d7;55500;INTARIAN_PEPPER_ROOT;10288;14;10284;24;;;10300;6;10304;21;;;10294.0;0.0
av_CORN_d7;55600;ASH_COATED_OSMIUM;10026;27;10022;19;;;10032;10;10036;23;;;10029.0;0.0
av_CORN_d7;55600;INTARIAN_PEPPER_ROOT;10291;18;10288;16;;;10297;8;10299;16;;;10294.0;0.0
av_CORN_d7;55700;ASH_COATED_OSMIUM;10027;23;10025;16;;;10033;7;10037;16;;;10030.0;0.0
av_CORN_d7;55700;INTARIAN_PEPPER_ROOT;10291;12;10288;23;;;10297;12;10300;13;;;10294.0;0.0
av_CORN_d7;55800;ASH_COATED_OSMIUM;10026;16;10023;22;;;10032;18;10034;17;;;10029.0;0.0
av_CORN_d7;55800;INTARIAN_PEPPER_ROOT;10281;19;10278;18;;;10309;6;10312;25;;;10295.0;0.0
av_CORN_d7;55900;ASH_COATED_OSMIUM;10027;14;10023;25;;;10033;19;10037;15;;;10030.0;0.0
av_CORN_d7;55900;INTARIAN_PEPPER_ROOT;10293;13;10290;19;;;10299;7;10301;24;;;10296.0;0.0
av_CORN_d7;56000;ASH_COATED_OSMIUM;10027;6;10023;19;;;10033;11;10037;23;;;10030.0;0.0
av_CORN_d7;56000;INTARIAN_PEPPER_ROOT;10289;25;10287;12;;;10302;18;10305;12;;;10295.5;0.0
av_CORN_d7;56100;ASH_COATED_OSMIUM;10023;17;10020;23;;;10036;14;10040;24;;;10029.5;0.0
av_CORN_d7;56100;INTARIAN_PEPPER_ROOT;10292;10;10290;21;;;10301;15;10305;25;;;10296.5;0.0
av_CORN_d7;56200;ASH_COATED_OSMIUM;10027;13;10025;25;;;10033;18;10035;11;;;10030.0;0.0
av_CORN_d7;56200;INTARIAN_PEPPER_ROOT;10294;8;10291;20;;;10300;14;10303;21;;;10297.0;0.0
av_CORN_d7;56300;ASH_COATED_OSMIUM;10027;17;10025;24;;;10033;19;10036;24;;;10030.0;0.0
av_CORN_d7;56300;INTARIAN_PEPPER_ROOT;10294;13;10292;20;;;10300;12;10302;19;;;10297.0;0.0
av_CORN_d7;56400;ASH_COATED_OSMIUM;10028;26;10024;15;;;10034;10;10037;15;;;10031.0;0.0
av_CORN_d7;56400;INTARIAN_PEPPER_ROOT;10294;5;10290;28;;;10300;17;10304;10;;;10297.0;0.0
av_CORN_d7;56500;ASH_COATED_OSMIUM;10028;15;10025;12;;;10034;27;10038;17;;;10031.0;0.0
av_CORN_d7;56500;INTARIAN_PEPPER_ROOT;10295;19;10292;19;;;10301;14;10303;16;;;10298.0;0.0
av_CORN_d7;56600;ASH_COATED_OSMIUM;10028;7;10025;26;;;10035;12;10038;17;;;10031.5;0.0
av_CORN_d7;56600;INTARIAN_PEPPER_ROOT;10295;22;10293;9;;;10302;11;10305;18;;;10298.5;0.0
av_CORN_d7;56700;ASH_COATED_OSMIUM;10029;15;10025;26;;;10035;15;10037;26;;;10032.0;0.0
av_CORN_d7;56700;INTARIAN_PEPPER_ROOT;10295;14;10293;21;;;10303;18;10305;18;;;10299.0;0.0
av_CORN_d7;56800;ASH_COATED_OSMIUM;10027;18;10024;19;;;10036;8;10040;21;;;10031.5;0.0
av_CORN_d7;56800;INTARIAN_PEPPER_ROOT;10294;19;10290;12;;;10303;16;10305;29;;;10298.5;0.0
av_CORN_d7;56900;ASH_COATED_OSMIUM;10029;20;10027;27;;;10035;9;10038;14;;;10032.0;0.0
av_CORN_d7;56900;INTARIAN_PEPPER_ROOT;10296;21;10293;28;;;10302;13;10306;22;;;10299.0;0.0
av_CORN_d7;57000;ASH_COATED_OSMIUM;10029;22;10026;28;;;10037;9;10040;17;;;10033.0;0.0
av_CORN_d7;57000;INTARIAN_PEPPER_ROOT;10296;12;10292;17;;;10305;18;10308;26;;;10300.5;0.0
av_CORN_d7;57100;ASH_COATED_OSMIUM;10029;16;10026;23;;;10035;19;10039;16;;;10032.0;0.0
av_CORN_d7;57100;INTARIAN_PEPPER_ROOT;10297;12;10293;18;;;10303;19;10305;20;;;10300.0;0.0
av_CORN_d7;57200;ASH_COATED_OSMIUM;10030;12;10028;17;;;10036;12;10038;22;;;10033.0;0.0
av_CORN_d7;57200;INTARIAN_PEPPER_ROOT;10298;17;10295;18;;;10304;13;10307;20;;;10301.0;0.0
av_CORN_d7;57300;ASH_COATED_OSMIUM;10030;19;10028;20;;;10036;10;10040;21;;;10033.0;0.0
av_CORN_d7;57300;INTARIAN_PEPPER_ROOT;10299;23;10296;17;;;10305;15;10309;22;;;10302.0;0.0
av_CORN_d7;57400;ASH_COATED_OSMIUM;10030;18;10026;16;;;10036;19;10039;28;;;10033.0;0.0
av_CORN_d7;57400;INTARIAN_PEPPER_ROOT;10297;13;10295;24;;;10306;5;10310;22;;;10301.5;0.0
av_CORN_d7;57500;ASH_COATED_OSMIUM;10026;5;10022;16;;;10042;18;10044;29;;;10034.0;0.0
av_CORN_d7;57500;INTARIAN_PEPPER_ROOT;10300;11;10296;18;;;10306;8;10308;21;;;10303.0;0.0
av_CORN_d7;57600;ASH_COATED_OSMIUM;10030;15;10028;23;;;10039;15;10043;22;;;10034.5;0.0
av_CORN_d7;57600;INTARIAN_PEPPER_ROOT;10300;19;10298;16;;;10306;14;10309;14;;;10303.0;0.0
av_CORN_d7;57700;ASH_COATED_OSMIUM;10031;14;10029;24;;;10037;13;10041;24;;;10034.0;0.0
av_CORN_d7;57700;INTARIAN_PEPPER_ROOT;10298;13;10296;23;;;10308;22;10310;21;;;10303.0;0.0
av_CORN_d7;57800;ASH_COATED_OSMIUM;10031;20;10029;26;;;10038;13;10040;12;;;10034.5;0.0
av_CORN_d7;57800;INTARIAN_PEPPER_ROOT;10301;9;10298;18;;;10307;8;10309;16;;;10304.0;0.0
av_CORN_d7;57900;ASH_COATED_OSMIUM;10031;19;10029;16;;;10037;5;10040;17;;;10034.0;0.0
