day;timestamp;product;bid_price_1;bid_volume_1;bid_price_2;bid_volume_2;bid_price_3;bid_volume_3;ask_price_1;ask_volume_1;ask_price_2;ask_volume_2;ask_price_3;ask_volume_3;mid_price;profit_and_loss
yf_ADM_d12;0;ASH_COATED_OSMIUM;9895;21;9891;14;;;9904;13;9908;20;;;9899.5;0.0
yf_ADM_d12;0;INTARIAN_PEPPER_ROOT;11907;19;11903;18;;;11913;19;11915;14;;;11910.0;0.0
yf_ADM_d12;100;ASH_COATED_OSMIUM;9897;14;9894;14;;;9903;18;9907;20;;;9900.0;0.0
yf_ADM_d12;100;INTARIAN_PEPPER_ROOT;11909;19;11907;29;;;11915;5;11917;16;;;11912.0;0.0
yf_ADM_d12;200;ASH_COATED_OSMIUM;9897;5;9894;21;;;9903;12;9906;16;;;9900.0;0.0
yf_ADM_d12;200;INTARIAN_PEPPER_ROOT;11910;21;11907;12;;;11918;20;11921;12;;;11914.0;0.0
yf_ADM_d12;300;ASH_COATED_OSMIUM;9895;17;9893;19;;;9905;12;9909;14;;;9900.0;0.0
yf_ADM_d12;300;INTARIAN_PEPPER_ROOT;11913;10;11911;24;;;11919;12;11921;18;;;11916.0;0.0
yf_ADM_d12;400;ASH_COATED_OSMIUM;9897;15;9893;21;;;9903;10;9906;14;;;9900.0;0.0
yf_ADM_d12;400;INTARIAN_PEPPER_ROOT;11915;24;11913;16;;;11921;15;11924;18;;;11918.0;0.0
yf_ADM_d12;500;ASH_COATED_OSMIUM;9897;20;9894;16;;;9903;17;9905;22;;;9900.0;0.0
yf_ADM_d12;500;INTARIAN_PEPPER_ROOT;11913;12;11911;20;;;11925;9;11929;15;;;11919.0;0.0
yf_ADM_d12;600;ASH_COATED_OSMIUM;9897;23;9893;25;;;9903;5;9905;23;;;9900.0;0.0
yf_ADM_d12;600;INTARIAN_PEPPER_ROOT;11918;13;11914;16;;;11924;11;11926;20;;;11921.0;0.0
yf_ADM_d12;700;ASH_COATED_OSMIUM;9897;12;9893;30;;;9905;24;9909;17;;;9901.0;0.0
yf_ADM_d12;700;INTARIAN_PEPPER_ROOT;11920;11;11917;16;;;11926;22;11929;13;;;11923.0;0.0
yf_ADM_d12;800;ASH_COATED_OSMIUM;9897;14;9893;23;;;9903;23;9905;30;;;9900.0;0.0
yf_ADM_d12;800;INTARIAN_PEPPER_ROOT;11922;14;11919;21;;;11928;13;11931;20;;;11925.0;0.0
yf_ADM_d12;900;ASH_COATED_OSMIUM;9891;19;9888;16;;;9911;20;9914;19;;;9901.0;0.0
yf_ADM_d12;900;INTARIAN_PEPPER_ROOT;11922;12;11920;21;;;11932;8;11936;15;;;11927.0;0.0
yf_ADM_d12;1000;ASH_COATED_OSMIUM;9897;17;9895;23;;;9905;5;9908;10;;;9901.0;0.0
yf_ADM_d12;1000;INTARIAN_PEPPER_ROOT;11925;9;11922;18;;;11931;24;11933;22;;;11928.0;0.0
yf_ADM_d12;1100;ASH_COATED_OSMIUM;9898;20;9894;20;;;9904;12;9907;25;;;9901.0;0.0
yf_ADM_d12;1100;INTARIAN_PEPPER_ROOT;11928;8;11926;17;;;11934;19;11938;16;;;11931.0;0.0
yf_ADM_d12;1200;ASH_COATED_OSMIUM;9897;10;9894;20;;;9905;7;9908;25;;;9901.0;0.0
yf_ADM_d12;1200;INTARIAN_PEPPER_ROOT;11930;18;11927;8;;;11936;9;11940;16;;;11933.0;0.0
yf_ADM_d12;1300;ASH_COATED_OSMIUM;9898;15;9895;22;;;9904;11;9908;17;;;9901.0;0.0
yf_ADM_d12;1300;INTARIAN_PEPPER_ROOT;11925;16;11922;15;;;11943;12;11946;21;;;11934.0;0.0
yf_ADM_d12;1400;ASH_COATED_OSMIUM;9899;17;9895;17;;;9905;21;9909;15;;;9902.0;0.0
yf_ADM_d12;1400;INTARIAN_PEPPER_ROOT;11933;13;11929;19;;;11939;10;11942;24;;;11936.0;0.0
yf_ADM_d12;1500;ASH_COATED_OSMIUM;9895;18;9893;24;;;9906;21;9908;20;;;9900.5;0.0
yf_ADM_d12;1500;INTARIAN_PEPPER_ROOT;11935;9;11933;14;;;11943;16;11945;14;;;11939.0;0.0
yf_ADM_d12;1600;ASH_COATED_OSMIUM;9898;13;9896;29;;;9905;15;9907;17;;;9901.5;0.0
yf_ADM_d12;1600;INTARIAN_PEPPER_ROOT;11938;18;11936;19;;;11944;20;11947;16;;;11941.0;0.0
yf_ADM_d12;1700;ASH_COATED_OSMIUM;9899;13;9896;9;;;9905;21;9908;16;;;9902.0;0.0
yf_ADM_d12;1700;INTARIAN_PEPPER_ROOT;11927;12;11923;19;;;11957;15;11961;16;;;11942.0;0.0
yf_ADM_d12;1800;ASH_COATED_OSMIUM;9899;21;9897;18;;;9905;10;9909;19;;;9902.0;0.0
yf_ADM_d12;1800;INTARIAN_PEPPER_ROOT;11941;20;11938;22;;;11947;14;11949;14;;;11944.0;0.0
yf_ADM_d12;1900;ASH_COATED_OSMIUM;9899;13;9897;17;;;9905;12;9908;25;;;9902.0;0.0
yf_ADM_d12;1900;INTARIAN_PEPPER_ROOT;11943;14;11941;17;;;11949;19;11953;28;;;11946.0;0.0
yf_ADM_d12;2000;ASH_COATED_OSMIUM;9899;14;9897;14;;;9905;18;9908;18;;;9902.0;0.0
yf_ADM_d12;2000;INTARIAN_PEPPER_ROOT;11945;16;11942;21;;;11951;12;11953;16;;;11948.0;0.0
yf_ADM_d12;2100;ASH_COATED_OSMIUM;9898;17;9895;18;;;9908;15;9910;19;;;9903.0;0.0
yf_ADM_d12;2100;INTARIAN_PEPPER_ROOT;11943;14;11939;17;;;11956;18;11960;20;;;11949.5;0.0
yf_ADM_d12;2200;ASH_COATED_OSMIUM;9896;15;9892;22;;;9908;9;9912;19;;;9902.0;0.0
yf_ADM_d12;2200;INTARIAN_PEPPER_ROOT;11948;5;11945;16;;;11954;18;11958;13;;;11951.0;0.0
yf_ADM_d12;2300;ASH_COATED_OSMIUM;9889;21;9885;15;;;9917;15;9921;22;;;9903.0;0.0
yf_ADM_d12;2300;INTARIAN_PEPPER_ROOT;11950;17;11947;21;;;11956;18;11959;25;;;11953.0;0.0
yf_ADM_d12;2400;ASH_COATED_OSMIUM;9899;21;9895;22;;;9905;23;9908;14;;;9902.0;0.0
yf_ADM_d12;2400;INTARIAN_PEPPER_ROOT;11952;16;11948;8;;;11958;16;11961;25;;;11955.0;0.0
yf_ADM_d12;2500;ASH_COATED_OSMIUM;9892;23;9889;17;;;9912;15;9916;18;;;9902.0;0.0
yf_ADM_d12;2500;INTARIAN_PEPPER_ROOT;11953;12;11950;17;;;11962;7;11965;22;;;11957.5;0.0
yf_ADM_d12;2600;ASH_COATED_OSMIUM;9899;21;9897;14;;;9905;12;9909;19;;;9902.0;0.0
yf_ADM_d12;2600;INTARIAN_PEPPER_ROOT;11956;14;11953;13;;;11962;7;11964;22;;;11959.0;0.0
yf_ADM_d12;2700;ASH_COATED_OSMIUM;9900;15;9897;16;;;9906;19;9910;14;;;9903.0;0.0
yf_ADM_d12;2700;INTARIAN_PEPPER_ROOT;11954;16;11950;15;;;11966;17;11970;20;;;11960.0;0.0
yf_ADM_d12;2800;ASH_COATED_OSMIUM;9900;9;9898;18;;;9907;5;9910;23;;;9903.5;0.0
yf_ADM_d12;2800;INTARIAN_PEPPER_ROOT;11959;7;11956;21;;;11967;9;11969;14;;;11963.0;0.0
yf_ADM_d12;2900;ASH_COATED_OSMIUM;9897;14;9893;12;;;9909;23;9912;15;;;9903.0;0.0
yf_ADM_d12;2900;INTARIAN_PEPPER_ROOT;11957;10;11953;27;;;11971;27;11974;17;;;11964.0;0.0
yf_ADM_d12;3000;ASH_COATED_OSMIUM;9900;8;9898;19;;;9906;14;9910;25;;;9903.0;0.0
yf_ADM_d12;3000;INTARIAN_PEPPER_ROOT;11963;16;11960;20;;;11971;15;11974;15;;;11967.0;0.0
yf_ADM_d12;3100;ASH_COATED_OSMIUM;9900;27;9898;26;;;9906;8;9909;20;;;9903.0;0.0
yf_ADM_d12;3100;INTARIAN_PEPPER_ROOT;11965;9;11962;21;;;11971;12;11973;8;;;11968.0;0.0
yf_ADM_d12;3200;ASH_COATED_OSMIUM;9900;13;9897;16;;;9906;20;9910;25;;;9903.0;0.0
yf_ADM_d12;3200;INTARIAN_PEPPER_ROOT;11962;9;11959;16;;;11977;13;11980;26;;;11969.5;0.0
yf_ADM_d12;3300;ASH_COATED_OSMIUM;9901;18;9899;16;;;9907;15;9911;14;;;9904.0;0.0
yf_ADM_d12;3300;INTARIAN_PEPPER_ROOT;11969;13;11967;11;;;11975;14;11977;12;;;11972.0;0.0
yf_ADM_d12;3400;ASH_COATED_OSMIUM;9901;14;9898;11;;;9907;21;9910;26;;;9904.0;0.0
yf_ADM_d12;3400;INTARIAN_PEPPER_ROOT;11970;18;11966;11;;;11978;10;11982;29;;;11974.0;0.0
yf_ADM_d12;3500;ASH_COATED_OSMIUM;9901;17;9899;16;;;9907;17;9910;8;;;9904.0;0.0
yf_ADM_d12;3500;INTARIAN_PEPPER_ROOT;11964;22;11960;25;;;11987;9;11991;22;;;11975.5;0.0
yf_ADM_d12;3600;ASH_COATED_OSMIUM;9878;25;9875;16;;;9929;5;9931;18;;;9903.5;0.0
yf_ADM_d12;3600;INTARIAN_PEPPER_ROOT;11974;9;11971;22;;;11983;8;11985;19;;;11978.5;0.0
yf_ADM_d12;3700;ASH_COATED_OSMIUM;9901;6;9898;35;;;9907;19;9910;24;;;9904.0;0.0
yf_ADM_d12;3700;INTARIAN_PEPPER_ROOT;11977;19;11973;10;;;11983;14;11986;19;;;11980.0;0.0
yf_ADM_d12;3800;ASH_COATED_OSMIUM;9900;11;9898;18;;;9906;12;9909;17;;;9903.0;0.0
yf_ADM_d12;3800;INTARIAN_PEPPER_ROOT;11978;11;11976;17;;;11984;16;11988;13;;;11981.0;0.0
yf_ADM_d12;3900;ASH_COATED_OSMIUM;9902;21;9900;26;;;9908;19;9912;22;;;9905.0;0.0
yf_ADM_d12;3900;INTARIAN_PEPPER_ROOT;11975;8;11972;18;;;11992;17;11996;21;;;11983.5;0.0
yf_ADM_d12;4000;ASH_COATED_OSMIUM;9899;14;9897;11;;;9909;13;9911;18;;;9904.0;0.0
yf_ADM_d12;4000;INTARIAN_PEPPER_ROOT;11980;10;11977;17;;;11989;12;11992;24;;;11984.5;0.0
yf_ADM_d12;4100;ASH_COATED_OSMIUM;9894;21;9890;28;;;9914;15;9918;21;;;9904.0;0.0
yf_ADM_d12;4100;INTARIAN_PEPPER_ROOT;11984;16;11982;15;;;11990;19;11994;20;;;11987.0;0.0
yf_ADM_d12;4200;ASH_COATED_OSMIUM;9902;15;9899;20;;;9908;20;9912;23;;;9905.0;0.0
yf_ADM_d12;4200;INTARIAN_PEPPER_ROOT;11980;13;11976;20;;;11997;11;12001;20;;;11988.5;0.0
yf_ADM_d12;4300;ASH_COATED_OSMIUM;9895;18;9893;13;;;9915;17;9917;15;;;9905.0;0.0
yf_ADM_d12;4300;INTARIAN_PEPPER_ROOT;11988;8;11986;18;;;11994;16;11998;18;;;11991.0;0.0
yf_ADM_d12;4400;ASH_COATED_OSMIUM;9900;15;9897;27;;;9909;18;9911;16;;;9904.5;0.0
yf_ADM_d12;4400;INTARIAN_PEPPER_ROOT;11988;12;11986;20;;;11997;8;12000;21;;;11992.5;0.0
yf_ADM_d12;4500;ASH_COATED_OSMIUM;9902;6;9898;13;;;9908;15;9912;22;;;9905.0;0.0
yf_ADM_d12;4500;INTARIAN_PEPPER_ROOT;11992;15;11988;17;;;11998;21;12000;28;;;11995.0;0.0
yf_ADM_d12;4600;ASH_COATED_OSMIUM;9900;11;9898;22;;;9910;19;9912;27;;;9905.0;0.0
yf_ADM_d12;4600;INTARIAN_PEPPER_ROOT;11991;18;11989;18;;;12002;18;12005;20;;;11996.5;0.0
yf_ADM_d12;4700;ASH_COATED_OSMIUM;9901;13;9897;14;;;9909;17;9911;25;;;9905.0;0.0
yf_ADM_d12;4700;INTARIAN_PEPPER_ROOT;11995;24;11991;20;;;12001;29;12003;12;;;11998.0;0.0
yf_ADM_d12;4800;ASH_COATED_OSMIUM;9901;20;9898;16;;;9909;13;9913;22;;;9905.0;0.0
yf_ADM_d12;4800;INTARIAN_PEPPER_ROOT;11997;11;11993;22;;;12003;13;12005;19;;;12000.0;0.0
yf_ADM_d12;4900;ASH_COATED_OSMIUM;9903;6;9901;22;;;9909;13;9912;20;;;9906.0;0.0
yf_ADM_d12;4900;INTARIAN_PEPPER_ROOT;11999;15;11996;26;;;12005;18;12008;17;;;12002.0;0.0
yf_ADM_d12;5000;ASH_COATED_OSMIUM;9902;5;9899;14;;;9908;12;9910;20;;;9905.0;0.0
yf_ADM_d12;5000;INTARIAN_PEPPER_ROOT;11996;14;11993;28;;;12011;14;12015;14;;;12003.5;0.0
yf_ADM_d12;5100;ASH_COATED_OSMIUM;9899;12;9895;19;;;9913;17;9915;21;;;9906.0;0.0
yf_ADM_d12;5100;INTARIAN_PEPPER_ROOT;12000;13;11996;26;;;12010;5;12012;22;;;12005.0;0.0
yf_ADM_d12;5200;ASH_COATED_OSMIUM;9902;11;9898;28;;;9908;14;9910;19;;;9905.0;0.0
yf_ADM_d12;5200;INTARIAN_PEPPER_ROOT;12005;13;12002;17;;;12011;6;12015;20;;;12008.0;0.0
yf_ADM_d12;5300;ASH_COATED_OSMIUM;9900;15;9898;21;;;9911;19;9913;30;;;9905.5;0.0
yf_ADM_d12;5300;INTARIAN_PEPPER_ROOT;12005;10;12002;15;;;12013;15;12017;17;;;12009.0;0.0
yf_ADM_d12;5400;ASH_COATED_OSMIUM;9903;26;9900;23;;;9909;10;9912;29;;;9906.0;0.0
yf_ADM_d12;5400;INTARIAN_PEPPER_ROOT;12007;14;12004;20;;;12016;8;12018;25;;;12011.5;0.0
yf_ADM_d12;5500;ASH_COATED_OSMIUM;9903;11;9899;29;;;9909;15;9912;21;;;9906.0;0.0
yf_ADM_d12;5500;INTARIAN_PEPPER_ROOT;12008;7;12005;15;;;12018;13;12022;25;;;12013.0;0.0
yf_ADM_d12;5600;ASH_COATED_OSMIUM;9901;8;9899;21;;;9912;11;9914;20;;;9906.5;0.0
yf_ADM_d12;5600;INTARIAN_PEPPER_ROOT;12012;13;12010;18;;;12019;17;12022;17;;;12015.5;0.0
yf_ADM_d12;5700;ASH_COATED_OSMIUM;9897;22;9894;9;;;9915;20;9918;21;;;9906.0;0.0
yf_ADM_d12;5700;INTARIAN_PEPPER_ROOT;12012;16;12008;22;;;12023;26;12027;14;;;12017.5;0.0
yf_ADM_d12;5800;ASH_COATED_OSMIUM;9903;19;9899;12;;;9909;15;9911;8;;;9906.0;0.0
yf_ADM_d12;5800;INTARIAN_PEPPER_ROOT;12015;12;12013;20;;;12023;16;12026;16;;;12019.0;0.0
yf_ADM_d12;5900;ASH_COATED_OSMIUM;9903;18;9901;12;;;9909;15;9912;23;;;9906.0;0.0
yf_ADM_d12;5900;INTARIAN_PEPPER_ROOT;12017;11;12014;19;;;12025;15;12028;13;;;12021.0;0.0
yf_ADM_d12;6000;ASH_COATED_OSMIUM;9904;12;9901;25;;;9911;17;9915;24;;;9907.5;0.0
yf_ADM_d12;6000;INTARIAN_PEPPER_ROOT;12020;16;12018;21;;;12026;15;12028;15;;;12023.0;0.0
yf_ADM_d12;6100;ASH_COATED_OSMIUM;9904;10;9900;18;;;9910;5;9913;20;;;9907.0;0.0
yf_ADM_d12;6100;INTARIAN_PEPPER_ROOT;12020;10;12016;28;;;12028;13;12030;14;;;12024.0;0.0
yf_ADM_d12;6200;ASH_COATED_OSMIUM;9905;18;9901;16;;;9911;5;9915;15;;;9908.0;0.0
yf_ADM_d12;6200;INTARIAN_PEPPER_ROOT;12022;19;12018;18;;;12030;16;12034;16;;;12026.0;0.0
yf_ADM_d12;6300;ASH_COATED_OSMIUM;9903;10;9899;16;;;9911;19;9913;16;;;9907.0;0.0
yf_ADM_d12;6300;INTARIAN_PEPPER_ROOT;12025;28;12021;14;;;12031;19;12034;15;;;12028.0;0.0
yf_ADM_d12;6400;ASH_COATED_OSMIUM;9903;5;9899;13;;;9911;8;9915;20;;;9907.0;0.0
yf_ADM_d12;6400;INTARIAN_PEPPER_ROOT;12027;19;12024;24;;;12033;19;12037;20;;;12030.0;0.0
yf_ADM_d12;6500;ASH_COATED_OSMIUM;9904;12;9901;19;;;9911;22;9913;14;;;9907.5;0.0
yf_ADM_d12;6500;INTARIAN_PEPPER_ROOT;12029;18;12026;22;;;12035;12;12039;19;;;12032.0;0.0
yf_ADM_d12;6600;ASH_COATED_OSMIUM;9905;15;9902;17;;;9911;11;9913;14;;;9908.0;0.0
yf_ADM_d12;6600;INTARIAN_PEPPER_ROOT;12023;19;12021;25;;;12045;9;12047;20;;;12034.0;0.0
yf_ADM_d12;6700;ASH_COATED_OSMIUM;9905;15;9902;20;;;9911;9;9914;26;;;9908.0;0.0
yf_ADM_d12;6700;INTARIAN_PEPPER_ROOT;12027;15;12025;15;;;12043;13;12046;26;;;12035.0;0.0
yf_ADM_d12;6800;ASH_COATED_OSMIUM;9905;13;9903;24;;;9911;17;9915;12;;;9908.0;0.0
yf_ADM_d12;6800;INTARIAN_PEPPER_ROOT;12035;11;12033;16;;;12041;24;12043;18;;;12038.0;0.0
yf_ADM_d12;6900;ASH_COATED_OSMIUM;9905;15;9901;30;;;9911;12;9914;20;;;9908.0;0.0
yf_ADM_d12;6900;INTARIAN_PEPPER_ROOT;12037;5;12035;15;;;12043;16;12046;22;;;12040.0;0.0
yf_ADM_d12;7000;ASH_COATED_OSMIUM;9902;15;9900;13;;;9914;14;9918;24;;;9908.0;0.0
yf_ADM_d12;7000;INTARIAN_PEPPER_ROOT;12023;15;12019;19;;;12059;13;12062;12;;;12041.0;0.0
yf_ADM_d12;7100;ASH_COATED_OSMIUM;9905;13;9902;16;;;9911;21;9915;17;;;9908.0;0.0
yf_ADM_d12;7100;INTARIAN_PEPPER_ROOT;12036;12;12034;21;;;12052;13;12056;26;;;12044.0;0.0
yf_ADM_d12;7200;ASH_COATED_OSMIUM;9905;13;9902;19;;;9912;20;9914;28;;;9908.5;0.0
yf_ADM_d12;7200;INTARIAN_PEPPER_ROOT;12042;20;12039;22;;;12048;27;12052;19;;;12045.0;0.0
yf_ADM_d12;7300;ASH_COATED_OSMIUM;9905;11;9901;28;;;9911;17;9913;19;;;9908.0;0.0
yf_ADM_d12;7300;INTARIAN_PEPPER_ROOT;12044;19;12041;19;;;12050;14;12054;18;;;12047.0;0.0
yf_ADM_d12;7400;ASH_COATED_OSMIUM;9906;13;9902;10;;;9912;23;9916;8;;;9909.0;0.0
yf_ADM_d12;7400;INTARIAN_PEPPER_ROOT;12037;14;12033;21;;;12060;21;12062;21;;;12048.5;0.0
yf_ADM_d12;7500;ASH_COATED_OSMIUM;9905;16;9901;24;;;9911;8;9913;24;;;9908.0;0.0
yf_ADM_d12;7500;INTARIAN_PEPPER_ROOT;12048;20;12045;19;;;12054;11;12056;23;;;12051.0;0.0
yf_ADM_d12;7600;ASH_COATED_OSMIUM;9892;6;9888;21;;;9924;15;9926;22;;;9908.0;0.0
yf_ADM_d12;7600;INTARIAN_PEPPER_ROOT;12048;18;12046;9;;;12057;7;12059;26;;;12052.5;0.0
yf_ADM_d12;7700;ASH_COATED_OSMIUM;9906;10;9902;23;;;9912;12;9914;15;;;9909.0;0.0
yf_ADM_d12;7700;INTARIAN_PEPPER_ROOT;12052;18;12049;16;;;12058;14;12061;16;;;12055.0;0.0
yf_ADM_d12;7800;ASH_COATED_OSMIUM;9906;16;9904;14;;;9912;11;9915;14;;;9909.0;0.0
yf_ADM_d12;7800;INTARIAN_PEPPER_ROOT;12047;16;12043;16;;;12065;13;12069;19;;;12056.0;0.0
yf_ADM_d12;7900;ASH_COATED_OSMIUM;9906;22;9903;19;;;9912;9;9916;23;;;9909.0;0.0
yf_ADM_d12;7900;INTARIAN_PEPPER_ROOT;12055;11;12053;17;;;12061;12;12064;18;;;12058.0;0.0
yf_ADM_d12;8000;ASH_COATED_OSMIUM;9906;13;9902;22;;;9913;10;9915;9;;;9909.5;0.0
yf_ADM_d12;8000;INTARIAN_PEPPER_ROOT;12057;14;12055;26;;;12063;5;12067;20;;;12060.0;0.0
yf_ADM_d12;8100;ASH_COATED_OSMIUM;9906;12;9902;24;;;9912;12;9916;20;;;9909.0;0.0
yf_ADM_d12;8100;INTARIAN_PEPPER_ROOT;12059;17;12055;12;;;12065;18;12067;24;;;12062.0;0.0
yf_ADM_d12;8200;ASH_COATED_OSMIUM;9899;12;9897;13;;;9921;15;9924;24;;;9910.0;0.0
yf_ADM_d12;8200;INTARIAN_PEPPER_ROOT;12061;6;12059;15;;;12067;16;12071;25;;;12064.0;0.0
yf_ADM_d12;8300;ASH_COATED_OSMIUM;9906;17;9904;20;;;9912;10;9914;17;;;9909.0;0.0
yf_ADM_d12;8300;INTARIAN_PEPPER_ROOT;12052;10;12049;19;;;12078;9;12080;17;;;12065.0;0.0
yf_ADM_d12;8400;ASH_COATED_OSMIUM;9906;17;9902;35;;;9912;9;9915;21;;;9909.0;0.0
yf_ADM_d12;8400;INTARIAN_PEPPER_ROOT;12064;15;12060;23;;;12070;14;12072;18;;;12067.0;0.0
yf_ADM_d12;8500;ASH_COATED_OSMIUM;9907;19;9903;16;;;9913;8;9917;23;;;9910.0;0.0
yf_ADM_d12;8500;INTARIAN_PEPPER_ROOT;12063;18;12061;29;;;12077;16;12079;14;;;12070.0;0.0
yf_ADM_d12;8600;ASH_COATED_OSMIUM;9907;22;9903;27;;;9913;17;9917;16;;;9910.0;0.0
yf_ADM_d12;8600;INTARIAN_PEPPER_ROOT;12068;10;12064;14;;;12074;15;12076;30;;;12071.0;0.0
yf_ADM_d12;8700;ASH_COATED_OSMIUM;9907;17;9904;23;;;9913;12;9916;26;;;9910.0;0.0
yf_ADM_d12;8700;INTARIAN_PEPPER_ROOT;12070;19;12068;9;;;12076;24;12079;17;;;12073.0;0.0
yf_ADM_d12;8800;ASH_COATED_OSMIUM;9903;15;9900;16;;;9917;17;9919;17;;;9910.0;0.0
yf_ADM_d12;8800;INTARIAN_PEPPER_ROOT;12071;16;12069;19;;;12077;13;12079;20;;;12074.0;0.0
yf_ADM_d12;8900;ASH_COATED_OSMIUM;9906;22;9903;21;;;9914;12;9918;24;;;9910.0;0.0
yf_ADM_d12;8900;INTARIAN_PEPPER_ROOT;12074;14;12071;19;;;12080;20;12082;22;;;12077.0;0.0
yf_ADM_d12;9000;ASH_COATED_OSMIUM;9908;21;9905;21;;;9914;11;9916;29;;;9911.0;0.0
yf_ADM_d12;9000;INTARIAN_PEPPER_ROOT;12075;14;12071;22;;;12082;14;12085;23;;;12078.5;0.0
yf_ADM_d12;9100;ASH_COATED_OSMIUM;9908;13;9904;20;;;9914;7;9916;26;;;9911.0;0.0
yf_ADM_d12;9100;INTARIAN_PEPPER_ROOT;12077;7;12073;24;;;12083;13;12085;11;;;12080.0;0.0
yf_ADM_d12;9200;ASH_COATED_OSMIUM;9908;11;9905;25;;;9914;16;9917;22;;;9911.0;0.0
yf_ADM_d12;9200;INTARIAN_PEPPER_ROOT;12080;18;12076;22;;;12086;12;12088;8;;;12083.0;0.0
yf_ADM_d12;9300;ASH_COATED_OSMIUM;9907;15;9903;17;;;9914;6;9917;22;;;9910.5;0.0
yf_ADM_d12;9300;INTARIAN_PEPPER_ROOT;12081;20;12079;23;;;12088;11;12091;25;;;12084.5;0.0
yf_ADM_d12;9400;ASH_COATED_OSMIUM;9908;18;9905;11;;;9914;5;9918;11;;;9911.0;0.0
yf_ADM_d12;9400;INTARIAN_PEPPER_ROOT;12080;12;12077;16;;;12092;9;12096;15;;;12086.0;0.0
yf_ADM_d12;9500;ASH_COATED_OSMIUM;9908;24;9906;22;;;9914;14;9917;24;;;9911.0;0.0
yf_ADM_d12;9500;INTARIAN_PEPPER_ROOT;12085;10;12082;15;;;12091;12;12094;21;;;12088.0;0.0
yf_ADM_d12;9600;ASH_COATED_OSMIUM;9908;16;9904;27;;;9914;24;9918;22;;;9911.0;0.0
yf_ADM_d12;9600;INTARIAN_PEPPER_ROOT;12087;25;12083;26;;;12094;18;12096;18;;;12090.5;0.0
yf_ADM_d12;9700;ASH_COATED_OSMIUM;9908;20;9905;17;;;9914;12;9916;16;;;9911.0;0.0
yf_ADM_d12;9700;INTARIAN_PEPPER_ROOT;12087;19;12085;20;;;12096;15;12098;20;;;12091.5;0.0
yf_ADM_d12;9800;ASH_COATED_OSMIUM;9908;11;9906;11;;;9914;11;9916;18;;;9911.0;0.0
yf_ADM_d12;9800;INTARIAN_PEPPER_ROOT;12085;21;12081;9;;;12103;17;12107;25;;;12094.0;0.0
yf_ADM_d12;9900;ASH_COATED_OSMIUM;9909;8;9906;8;;;9915;15;9917;23;;;9912.0;0.0
yf_ADM_d12;9900;INTARIAN_PEPPER_ROOT;12088;17;12086;15;;;12101;16;12104;22;;;12094.5;0.0
yf_ADM_d12;10000;ASH_COATED_OSMIUM;9902;15;9900;17;;;9922;6;9926;25;;;9912.0;0.0
yf_ADM_d12;10000;INTARIAN_PEPPER_ROOT;12095;18;12091;23;;;12101;7;12104;10;;;12098.0;0.0
yf_ADM_d12;10100;ASH_COATED_OSMIUM;9909;16;9906;21;;;9915;6;9917;13;;;9912.0;0.0
yf_ADM_d12;10100;INTARIAN_PEPPER_ROOT;12092;5;12088;17;;;12106;14;12109;12;;;12099.0;0.0
yf_ADM_d12;10200;ASH_COATED_OSMIUM;9909;20;9907;13;;;9915;15;9917;20;;;9912.0;0.0
yf_ADM_d12;10200;INTARIAN_PEPPER_ROOT;12098;14;12094;13;;;12104;20;12106;24;;;12101.0;0.0
yf_ADM_d12;10300;ASH_COATED_OSMIUM;9909;20;9905;25;;;9915;13;9917;20;;;9912.0;0.0
yf_ADM_d12;10300;INTARIAN_PEPPER_ROOT;12100;17;12096;9;;;12106;12;12108;18;;;12103.0;0.0
yf_ADM_d12;10400;ASH_COATED_OSMIUM;9905;11;9903;21;;;9920;14;9922;15;;;9912.5;0.0
yf_ADM_d12;10400;INTARIAN_PEPPER_ROOT;12102;20;12099;19;;;12108;18;12112;21;;;12105.0;0.0
yf_ADM_d12;10500;ASH_COATED_OSMIUM;9906;18;9904;19;;;9921;26;9925;23;;;9913.5;0.0
yf_ADM_d12;10500;INTARIAN_PEPPER_ROOT;12103;14;12100;21;;;12111;9;12114;16;;;12107.0;0.0
yf_ADM_d12;10600;ASH_COATED_OSMIUM;9910;20;9906;13;;;9916;20;9919;17;;;9913.0;0.0
yf_ADM_d12;10600;INTARIAN_PEPPER_ROOT;12106;14;12104;17;;;12112;12;12114;26;;;12109.0;0.0
yf_ADM_d12;10700;ASH_COATED_OSMIUM;9910;14;9908;23;;;9916;15;9919;22;;;9913.0;0.0
yf_ADM_d12;10700;INTARIAN_PEPPER_ROOT;12107;24;12105;21;;;12114;16;12117;28;;;12110.5;0.0
yf_ADM_d12;10800;ASH_COATED_OSMIUM;9910;5;9906;25;;;9916;16;9918;18;;;9913.0;0.0
yf_ADM_d12;10800;INTARIAN_PEPPER_ROOT;12109;22;12106;16;;;12115;10;12117;19;;;12112.0;0.0
yf_ADM_d12;10900;ASH_COATED_OSMIUM;9904;18;9901;17;;;9921;10;9924;9;;;9912.5;0.0
yf_ADM_d12;10900;INTARIAN_PEPPER_ROOT;12112;8;12110;15;;;12118;19;12121;16;;;12115.0;0.0
yf_ADM_d12;11000;ASH_COATED_OSMIUM;9910;22;9907;17;;;9916;28;9919;18;;;9913.0;0.0
yf_ADM_d12;11000;INTARIAN_PEPPER_ROOT;12113;10;12111;19;;;12119;11;12123;24;;;12116.0;0.0
yf_ADM_d12;11100;ASH_COATED_OSMIUM;9910;14;9907;18;;;9916;14;9918;20;;;9913.0;0.0
yf_ADM_d12;11100;INTARIAN_PEPPER_ROOT;12108;16;12104;14;;;12128;18;12130;23;;;12118.0;0.0
yf_ADM_d12;11200;ASH_COATED_OSMIUM;9910;13;9907;13;;;9916;16;9919;14;;;9913.0;0.0
yf_ADM_d12;11200;INTARIAN_PEPPER_ROOT;12117;28;12114;17;;;12123;10;12126;20;;;12120.0;0.0
yf_ADM_d12;11300;ASH_COATED_OSMIUM;9903;5;9899;30;;;9924;22;9926;18;;;9913.5;0.0
yf_ADM_d12;11300;INTARIAN_PEPPER_ROOT;12119;17;12116;21;;;12125;12;12127;22;;;12122.0;0.0
yf_ADM_d12;11400;ASH_COATED_OSMIUM;9909;16;9906;24;;;9916;15;9918;21;;;9912.5;0.0
yf_ADM_d12;11400;INTARIAN_PEPPER_ROOT;12120;22;12117;26;;;12126;12;12130;21;;;12123.0;0.0
yf_ADM_d12;11500;ASH_COATED_OSMIUM;9907;13;9905;17;;;9920;16;9923;22;;;9913.5;0.0
yf_ADM_d12;11500;INTARIAN_PEPPER_ROOT;12122;16;12119;22;;;12128;21;12132;15;;;12125.0;0.0
yf_ADM_d12;11600;ASH_COATED_OSMIUM;9911;18;9907;25;;;9917;26;9921;21;;;9914.0;0.0
yf_ADM_d12;11600;INTARIAN_PEPPER_ROOT;12125;20;12121;24;;;12131;19;12134;12;;;12128.0;0.0
yf_ADM_d12;11700;ASH_COATED_OSMIUM;9910;19;9907;18;;;9916;10;9920;27;;;9913.0;0.0
yf_ADM_d12;11700;INTARIAN_PEPPER_ROOT;12126;17;12123;10;;;12132;13;12135;16;;;12129.0;0.0
yf_ADM_d12;11800;ASH_COATED_OSMIUM;9912;11;9908;10;;;9918;23;9921;16;;;9915.0;0.0
yf_ADM_d12;11800;INTARIAN_PEPPER_ROOT;12128;12;12125;25;;;12134;15;12136;19;;;12131.0;0.0
yf_ADM_d12;11900;ASH_COATED_OSMIUM;9911;16;9907;27;;;9917;18;9919;20;;;9914.0;0.0
yf_ADM_d12;11900;INTARIAN_PEPPER_ROOT;12130;24;12127;22;;;12136;20;12139;24;;;12133.0;0.0
yf_ADM_d12;12000;ASH_COATED_OSMIUM;9908;18;9905;23;;;9920;14;9923;15;;;9914.0;0.0
yf_ADM_d12;12000;INTARIAN_PEPPER_ROOT;12132;14;12129;14;;;12138;8;12140;27;;;12135.0;0.0
yf_ADM_d12;12100;ASH_COATED_OSMIUM;9903;17;9900;19;;;9925;24;9928;26;;;9914.0;0.0
yf_ADM_d12;12100;INTARIAN_PEPPER_ROOT;12133;13;12130;21;;;12139;12;12143;20;;;12136.0;0.0
yf_ADM_d12;12200;ASH_COATED_OSMIUM;9911;17;9908;29;;;9919;10;9921;15;;;9915.0;0.0
yf_ADM_d12;12200;INTARIAN_PEPPER_ROOT;12130;12;12127;23;;;12147;23;12151;16;;;12138.5;0.0
yf_ADM_d12;12300;ASH_COATED_OSMIUM;9895;8;9893;18;;;9935;5;9937;16;;;9915.0;0.0
yf_ADM_d12;12300;INTARIAN_PEPPER_ROOT;12137;15;12134;10;;;12143;7;12147;16;;;12140.0;0.0
yf_ADM_d12;12400;ASH_COATED_OSMIUM;9911;8;9908;15;;;9917;14;9921;25;;;9914.0;0.0
yf_ADM_d12;12400;INTARIAN_PEPPER_ROOT;12138;20;12136;18;;;12147;14;12151;14;;;12142.5;0.0
yf_ADM_d12;12500;ASH_COATED_OSMIUM;9912;13;9910;24;;;9918;13;9921;20;;;9915.0;0.0
yf_ADM_d12;12500;INTARIAN_PEPPER_ROOT;12141;30;12139;22;;;12147;8;12150;29;;;12144.0;0.0
yf_ADM_d12;12600;ASH_COATED_OSMIUM;9912;14;9908;16;;;9918;17;9920;15;;;9915.0;0.0
yf_ADM_d12;12600;INTARIAN_PEPPER_ROOT;12143;12;12141;19;;;12149;25;12151;18;;;12146.0;0.0
yf_ADM_d12;12700;ASH_COATED_OSMIUM;9911;11;9907;22;;;9921;8;9925;26;;;9916.0;0.0
yf_ADM_d12;12700;INTARIAN_PEPPER_ROOT;12136;13;12132;25;;;12159;17;12163;29;;;12147.5;0.0
yf_ADM_d12;12800;ASH_COATED_OSMIUM;9912;14;9910;28;;;9918;9;9921;17;;;9915.0;0.0
yf_ADM_d12;12800;INTARIAN_PEPPER_ROOT;12146;20;12142;11;;;12154;27;12158;8;;;12150.0;0.0
yf_ADM_d12;12900;ASH_COATED_OSMIUM;9908;18;9904;25;;;9923;25;9926;25;;;9915.5;0.0
yf_ADM_d12;12900;INTARIAN_PEPPER_ROOT;12146;28;12143;26;;;12156;10;12160;18;;;12151.0;0.0
yf_ADM_d12;13000;ASH_COATED_OSMIUM;9912;13;9909;21;;;9918;12;9922;22;;;9915.0;0.0
yf_ADM_d12;13000;INTARIAN_PEPPER_ROOT;12151;21;12149;11;;;12157;13;12161;28;;;12154.0;0.0
yf_ADM_d12;13100;ASH_COATED_OSMIUM;9913;16;9910;24;;;9919;16;9921;20;;;9916.0;0.0
yf_ADM_d12;13100;INTARIAN_PEPPER_ROOT;12152;15;12150;26;;;12158;14;12160;18;;;12155.0;0.0
yf_ADM_d12;13200;ASH_COATED_OSMIUM;9912;18;9909;29;;;9919;18;9923;15;;;9915.5;0.0
yf_ADM_d12;13200;INTARIAN_PEPPER_ROOT;12154;20;12152;17;;;12160;13;12162;21;;;12157.0;0.0
yf_ADM_d12;13300;ASH_COATED_OSMIUM;9913;25;9910;25;;;9919;11;9923;19;;;9916.0;0.0
yf_ADM_d12;13300;INTARIAN_PEPPER_ROOT;12155;8;12152;27;;;12163;13;12167;19;;;12159.0;0.0
yf_ADM_d12;13400;ASH_COATED_OSMIUM;9913;18;9909;18;;;9919;20;9921;21;;;9916.0;0.0
yf_ADM_d12;13400;INTARIAN_PEPPER_ROOT;12148;7;12145;12;;;12174;17;12176;23;;;12161.0;0.0
yf_ADM_d12;13500;ASH_COATED_OSMIUM;9913;13;9911;20;;;9919;16;9921;24;;;9916.0;0.0
yf_ADM_d12;13500;INTARIAN_PEPPER_ROOT;12159;10;12157;15;;;12165;14;12169;8;;;12162.0;0.0
yf_ADM_d12;13600;ASH_COATED_OSMIUM;9913;16;9909;16;;;9919;12;9922;17;;;9916.0;0.0
yf_ADM_d12;13600;INTARIAN_PEPPER_ROOT;12162;16;12158;17;;;12168;5;12172;22;;;12165.0;0.0
yf_ADM_d12;13700;ASH_COATED_OSMIUM;9913;24;9909;12;;;9919;19;9921;17;;;9916.0;0.0
yf_ADM_d12;13700;INTARIAN_PEPPER_ROOT;12164;9;12161;12;;;12170;9;12174;15;;;12167.0;0.0
yf_ADM_d12;13800;ASH_COATED_OSMIUM;9914;14;9912;18;;;9920;24;9923;22;;;9917.0;0.0
yf_ADM_d12;13800;INTARIAN_PEPPER_ROOT;12166;14;12163;16;;;12172;14;12175;16;;;12169.0;0.0
yf_ADM_d12;13900;ASH_COATED_OSMIUM;9905;13;9903;8;;;9929;14;9931;19;;;9917.0;0.0
yf_ADM_d12;13900;INTARIAN_PEPPER_ROOT;12167;14;12165;23;;;12174;17;12176;23;;;12170.5;0.0
yf_ADM_d12;14000;ASH_COATED_OSMIUM;9913;13;9910;22;;;9919;5;9922;30;;;9916.0;0.0
yf_ADM_d12;14000;INTARIAN_PEPPER_ROOT;12169;16;12165;16;;;12175;10;12177;14;;;12172.0;0.0
yf_ADM_d12;14100;ASH_COATED_OSMIUM;9913;16;9909;20;;;9919;17;9923;25;;;9916.0;0.0
yf_ADM_d12;14100;INTARIAN_PEPPER_ROOT;12162;18;12159;16;;;12186;13;12190;18;;;12174.0;0.0
yf_ADM_d12;14200;ASH_COATED_OSMIUM;9914;13;9910;15;;;9920;13;9924;19;;;9917.0;0.0
yf_ADM_d12;14200;INTARIAN_PEPPER_ROOT;12157;11;12155;28;;;12196;13;12199;21;;;12176.5;0.0
yf_ADM_d12;14300;ASH_COATED_OSMIUM;9912;8;9910;16;;;9922;11;9925;16;;;9917.0;0.0
yf_ADM_d12;14300;INTARIAN_PEPPER_ROOT;12162;18;12159;16;;;12193;17;12196;20;;;12177.5;0.0
yf_ADM_d12;14400;ASH_COATED_OSMIUM;9915;18;9913;18;;;9921;20;9924;16;;;9918.0;0.0
yf_ADM_d12;14400;INTARIAN_PEPPER_ROOT;12172;10;12168;21;;;12188;14;12190;8;;;12180.0;0.0
yf_ADM_d12;14500;ASH_COATED_OSMIUM;9915;24;9911;24;;;9921;25;9925;10;;;9918.0;0.0
yf_ADM_d12;14500;INTARIAN_PEPPER_ROOT;12178;14;12176;27;;;12184;10;12187;24;;;12181.0;0.0
yf_ADM_d12;14600;ASH_COATED_OSMIUM;9914;15;9912;27;;;9920;12;9924;22;;;9917.0;0.0
yf_ADM_d12;14600;INTARIAN_PEPPER_ROOT;12180;14;12177;25;;;12186;21;12190;20;;;12183.0;0.0
yf_ADM_d12;14700;ASH_COATED_OSMIUM;9914;10;9910;19;;;9921;13;9924;12;;;9917.5;0.0
yf_ADM_d12;14700;INTARIAN_PEPPER_ROOT;12183;18;12179;21;;;12189;7;12191;25;;;12186.0;0.0
yf_ADM_d12;14800;ASH_COATED_OSMIUM;9914;16;9912;19;;;9922;13;9926;22;;;9918.0;0.0
yf_ADM_d12;14800;INTARIAN_PEPPER_ROOT;12184;19;12180;16;;;12190;11;12194;19;;;12187.0;0.0
yf_ADM_d12;14900;ASH_COATED_OSMIUM;9914;12;9912;22;;;9920;23;9922;13;;;9917.0;0.0
yf_ADM_d12;14900;INTARIAN_PEPPER_ROOT;12186;10;12183;24;;;12192;17;12194;27;;;12189.0;0.0
yf_ADM_d12;15000;ASH_COATED_OSMIUM;9915;19;9911;23;;;9921;17;9923;21;;;9918.0;0.0
yf_ADM_d12;15000;INTARIAN_PEPPER_ROOT;12188;22;12185;19;;;12194;25;12196;22;;;12191.0;0.0
yf_ADM_d12;15100;ASH_COATED_OSMIUM;9915;16;9911;14;;;9921;21;9924;13;;;9918.0;0.0
yf_ADM_d12;15100;INTARIAN_PEPPER_ROOT;12186;18;12184;32;;;12201;5;12203;20;;;12193.5;0.0
yf_ADM_d12;15200;ASH_COATED_OSMIUM;9915;19;9911;23;;;9921;12;9924;21;;;9918.0;0.0
yf_ADM_d12;15200;INTARIAN_PEPPER_ROOT;12191;25;12188;16;;;12197;11;12199;10;;;12194.0;0.0
yf_ADM_d12;15300;ASH_COATED_OSMIUM;9908;19;9905;19;;;9928;11;9931;15;;;9918.0;0.0
yf_ADM_d12;15300;INTARIAN_PEPPER_ROOT;12193;17;12190;28;;;12200;18;12204;8;;;12196.5;0.0
yf_ADM_d12;15400;ASH_COATED_OSMIUM;9910;12;9906;17;;;9928;5;9932;28;;;9919.0;0.0
yf_ADM_d12;15400;INTARIAN_PEPPER_ROOT;12196;18;12193;26;;;12202;24;12206;19;;;12199.0;0.0
yf_ADM_d12;15500;ASH_COATED_OSMIUM;9912;12;9908;26;;;9924;20;9928;13;;;9918.0;0.0
yf_ADM_d12;15500;INTARIAN_PEPPER_ROOT;12198;11;12196;16;;;12204;14;12207;28;;;12201.0;0.0
yf_ADM_d12;15600;ASH_COATED_OSMIUM;9915;21;9912;18;;;9921;15;9924;17;;;9918.0;0.0
yf_ADM_d12;15600;INTARIAN_PEPPER_ROOT;12193;20;12190;25;;;12211;7;12213;28;;;12202.0;0.0
yf_ADM_d12;15700;ASH_COATED_OSMIUM;9916;12;9913;22;;;9922;5;9926;21;;;9919.0;0.0
yf_ADM_d12;15700;INTARIAN_PEPPER_ROOT;12201;12;12197;16;;;12207;8;12211;12;;;12204.0;0.0
yf_ADM_d12;15800;ASH_COATED_OSMIUM;9913;14;9909;30;;;9926;18;9929;12;;;9919.5;0.0
yf_ADM_d12;15800;INTARIAN_PEPPER_ROOT;12189;13;12187;13;;;12223;14;12227;13;;;12206.0;0.0
yf_ADM_d12;15900;ASH_COATED_OSMIUM;9915;8;9913;31;;;9923;18;9925;27;;;9919.0;0.0
yf_ADM_d12;15900;INTARIAN_PEPPER_ROOT;12203;14;12201;17;;;12211;17;12214;18;;;12207.0;0.0
yf_ADM_d12;16000;ASH_COATED_OSMIUM;9916;13;9913;22;;;9922;17;9925;15;;;9919.0;0.0
yf_ADM_d12;16000;INTARIAN_PEPPER_ROOT;12206;11;12203;16;;;12212;9;12215;24;;;12209.0;0.0
yf_ADM_d12;16100;ASH_COATED_OSMIUM;9916;15;9912;23;;;9922;6;9926;10;;;9919.0;0.0
yf_ADM_d12;16100;INTARIAN_PEPPER_ROOT;12208;16;12206;19;;;12214;5;12217;15;;;12211.0;0.0
yf_ADM_d12;16200;ASH_COATED_OSMIUM;9916;14;9913;21;;;9922;13;9924;15;;;9919.0;0.0
yf_ADM_d12;16200;INTARIAN_PEPPER_ROOT;12211;17;12207;16;;;12217;12;12221;17;;;12214.0;0.0
yf_ADM_d12;16300;ASH_COATED_OSMIUM;9914;22;9912;14;;;9926;9;9929;24;;;9920.0;0.0
yf_ADM_d12;16300;INTARIAN_PEPPER_ROOT;12209;30;12205;16;;;12222;11;12226;24;;;12215.5;0.0
yf_ADM_d12;16400;ASH_COATED_OSMIUM;9915;13;9911;20;;;9925;8;9927;20;;;9920.0;0.0
yf_ADM_d12;16400;INTARIAN_PEPPER_ROOT;12213;15;12210;13;;;12221;15;12224;29;;;12217.0;0.0
yf_ADM_d12;16500;ASH_COATED_OSMIUM;9917;21;9914;20;;;9923;17;9927;28;;;9920.0;0.0
yf_ADM_d12;16500;INTARIAN_PEPPER_ROOT;12212;12;12210;22;;;12226;15;12228;21;;;12219.0;0.0
yf_ADM_d12;16600;ASH_COATED_OSMIUM;9917;5;9913;18;;;9923;16;9925;18;;;9920.0;0.0
yf_ADM_d12;16600;INTARIAN_PEPPER_ROOT;12218;19;12214;16;;;12224;10;12228;20;;;12221.0;0.0
yf_ADM_d12;16700;ASH_COATED_OSMIUM;9915;21;9913;22;;;9925;15;9928;15;;;9920.0;0.0
yf_ADM_d12;16700;INTARIAN_PEPPER_ROOT;12199;9;12195;13;;;12247;16;12249;19;;;12223.0;0.0
yf_ADM_d12;16800;ASH_COATED_OSMIUM;9915;20;9912;17;;;9926;13;9928;26;;;9920.5;0.0
yf_ADM_d12;16800;INTARIAN_PEPPER_ROOT;12222;13;12218;17;;;12228;13;12231;14;;;12225.0;0.0
yf_ADM_d12;16900;ASH_COATED_OSMIUM;9917;21;9914;17;;;9923;16;9925;30;;;9920.0;0.0
yf_ADM_d12;16900;INTARIAN_PEPPER_ROOT;12220;19;12216;28;;;12234;15;12236;13;;;12227.0;0.0
yf_ADM_d12;17000;ASH_COATED_OSMIUM;9918;14;9915;20;;;9924;23;9927;20;;;9921.0;0.0
yf_ADM_d12;17000;INTARIAN_PEPPER_ROOT;12224;18;12220;22;;;12230;15;12232;20;;;12227.0;0.0
yf_ADM_d12;17100;ASH_COATED_OSMIUM;9918;18;9915;24;;;9924;15;9927;22;;;9921.0;0.0
yf_ADM_d12;17100;INTARIAN_PEPPER_ROOT;12223;11;12219;16;;;12229;18;12233;29;;;12226.0;0.0
yf_ADM_d12;17200;ASH_COATED_OSMIUM;9918;17;9914;17;;;9924;11;9928;24;;;9921.0;0.0
yf_ADM_d12;17200;INTARIAN_PEPPER_ROOT;12212;16;12208;18;;;12237;8;12241;16;;;12224.5;0.0
yf_ADM_d12;17300;ASH_COATED_OSMIUM;9915;13;9913;21;;;9926;12;9928;12;;;9920.5;0.0
yf_ADM_d12;17300;INTARIAN_PEPPER_ROOT;12221;22;12218;8;;;12227;19;12230;16;;;12224.0;0.0
yf_ADM_d12;17400;ASH_COATED_OSMIUM;9918;10;9915;17;;;9925;18;9928;15;;;9921.5;0.0
yf_ADM_d12;17400;INTARIAN_PEPPER_ROOT;12220;14;12218;11;;;12226;18;12229;19;;;12223.0;0.0
yf_ADM_d12;17500;ASH_COATED_OSMIUM;9917;11;9914;27;;;9926;13;9930;19;;;9921.5;0.0
yf_ADM_d12;17500;INTARIAN_PEPPER_ROOT;12219;12;12217;27;;;12225;10;12229;24;;;12222.0;0.0
yf_ADM_d12;17600;ASH_COATED_OSMIUM;9916;19;9912;23;;;9925;14;9928;17;;;9920.5;0.0
yf_ADM_d12;17600;INTARIAN_PEPPER_ROOT;12218;12;12216;9;;;12224;5;12227;17;;;12221.0;0.0
yf_ADM_d12;17700;ASH_COATED_OSMIUM;9914;20;9911;18;;;9928;20;9932;18;;;9921.0;0.0
yf_ADM_d12;17700;INTARIAN_PEPPER_ROOT;12207;10;12205;21;;;12233;5;12236;14;;;12220.0;0.0
yf_ADM_d12;17800;ASH_COATED_OSMIUM;9918;7;9915;24;;;9924;17;9926;15;;;9921.0;0.0
yf_ADM_d12;17800;INTARIAN_PEPPER_ROOT;12209;16;12206;18;;;12230;13;12232;18;;;12219.5;0.0
yf_ADM_d12;17900;ASH_COATED_OSMIUM;9918;20;9914;15;;;9924;13;9926;26;;;9921.0;0.0
yf_ADM_d12;17900;INTARIAN_PEPPER_ROOT;12211;15;12207;24;;;12224;15;12228;20;;;12217.5;0.0
yf_ADM_d12;18000;ASH_COATED_OSMIUM;9911;14;9909;25;;;9931;20;9933;17;;;9921.0;0.0
yf_ADM_d12;18000;INTARIAN_PEPPER_ROOT;12202;9;12200;22;;;12232;20;12235;15;;;12217.0;0.0
yf_ADM_d12;18100;ASH_COATED_OSMIUM;9916;12;9912;16;;;9926;9;9930;8;;;9921.0;0.0
yf_ADM_d12;18100;INTARIAN_PEPPER_ROOT;12204;8;12200;24;;;12228;11;12232;23;;;12216.0;0.0
yf_ADM_d12;18200;ASH_COATED_OSMIUM;9917;11;9914;29;;;9926;18;9928;20;;;9921.5;0.0
yf_ADM_d12;18200;INTARIAN_PEPPER_ROOT;12212;19;12210;20;;;12218;15;12220;19;;;12215.0;0.0
yf_ADM_d12;18300;ASH_COATED_OSMIUM;9918;17;9914;18;;;9925;18;9927;25;;;9921.5;0.0
yf_ADM_d12;18300;INTARIAN_PEPPER_ROOT;12211;12;12209;14;;;12217;10;12221;14;;;12214.0;0.0
yf_ADM_d12;18400;ASH_COATED_OSMIUM;9917;5;9914;18;;;9927;15;9930;21;;;9922.0;0.0
yf_ADM_d12;18400;INTARIAN_PEPPER_ROOT;12210;18;12208;17;;;12216;13;12219;16;;;12213.0;0.0
yf_ADM_d12;18500;ASH_COATED_OSMIUM;9919;21;9916;20;;;9925;12;9928;16;;;9922.0;0.0
yf_ADM_d12;18500;INTARIAN_PEPPER_ROOT;12204;15;12202;19;;;12219;18;12222;27;;;12211.5;0.0
yf_ADM_d12;18600;ASH_COATED_OSMIUM;9919;19;9916;18;;;9925;24;9927;14;;;9922.0;0.0
yf_ADM_d12;18600;INTARIAN_PEPPER_ROOT;12208;14;12206;16;;;12215;24;12218;21;;;12211.5;0.0
yf_ADM_d12;18700;ASH_COATED_OSMIUM;9909;15;9905;23;;;9934;21;9938;19;;;9921.5;0.0
yf_ADM_d12;18700;INTARIAN_PEPPER_ROOT;12207;13;12205;15;;;12213;6;12216;12;;;12210.0;0.0
yf_ADM_d12;18800;ASH_COATED_OSMIUM;9916;21;9914;10;;;9927;17;9929;18;;;9921.5;0.0
yf_ADM_d12;18800;INTARIAN_PEPPER_ROOT;12206;19;12203;21;;;12212;19;12215;20;;;12209.0;0.0
yf_ADM_d12;18900;ASH_COATED_OSMIUM;9919;12;9917;15;;;9925;19;9928;12;;;9922.0;0.0
yf_ADM_d12;18900;INTARIAN_PEPPER_ROOT;12205;15;12202;19;;;12211;11;12214;23;;;12208.0;0.0
yf_ADM_d12;19000;ASH_COATED_OSMIUM;9918;17;9916;19;;;9924;12;9926;17;;;9921.0;0.0
yf_ADM_d12;19000;INTARIAN_PEPPER_ROOT;12204;12;12200;22;;;12210;12;12213;18;;;12207.0;0.0
yf_ADM_d12;19100;ASH_COATED_OSMIUM;9915;13;9911;30;;;9928;23;9930;22;;;9921.5;0.0
yf_ADM_d12;19100;INTARIAN_PEPPER_ROOT;12203;8;12201;14;;;12209;18;12212;20;;;12206.0;0.0
yf_ADM_d12;19200;ASH_COATED_OSMIUM;9919;14;9917;11;;;9925;23;9929;25;;;9922.0;0.0
yf_ADM_d12;19200;INTARIAN_PEPPER_ROOT;12203;13;12199;26;;;12209;15;12211;22;;;12206.0;0.0
yf_ADM_d12;19300;ASH_COATED_OSMIUM;9914;15;9910;10;;;9929;14;9931;26;;;9921.5;0.0
yf_ADM_d12;19300;INTARIAN_PEPPER_ROOT;12201;11;12198;21;;;12207;11;12211;15;;;12204.0;0.0
yf_ADM_d12;19400;ASH_COATED_OSMIUM;9917;12;9913;26;;;9927;12;9929;16;;;9922.0;0.0
yf_ADM_d12;19400;INTARIAN_PEPPER_ROOT;12199;9;12195;18;;;12207;20;12209;10;;;12203.0;0.0
yf_ADM_d12;19500;ASH_COATED_OSMIUM;9918;17;9914;14;;;9927;15;9930;8;;;9922.5;0.0
yf_ADM_d12;19500;INTARIAN_PEPPER_ROOT;12199;19;12195;22;;;12205;21;12207;14;;;12202.0;0.0
yf_ADM_d12;19600;ASH_COATED_OSMIUM;9919;16;9916;20;;;9925;14;9927;11;;;9922.0;0.0
yf_ADM_d12;19600;INTARIAN_PEPPER_ROOT;12198;13;12195;23;;;12204;15;12207;14;;;12201.0;0.0
yf_ADM_d12;19700;ASH_COATED_OSMIUM;9919;8;9917;21;;;9925;13;9929;19;;;9922.0;0.0
yf_ADM_d12;19700;INTARIAN_PEPPER_ROOT;12197;16;12195;22;;;12203;8;12205;20;;;12200.0;0.0
yf_ADM_d12;19800;ASH_COATED_OSMIUM;9915;16;9911;26;;;9928;17;9930;18;;;9921.5;0.0
yf_ADM_d12;19800;INTARIAN_PEPPER_ROOT;12196;8;12192;19;;;12202;15;12206;14;;;12199.0;0.0
yf_ADM_d12;19900;ASH_COATED_OSMIUM;9920;9;9917;24;;;9926;16;9929;16;;;9923.0;0.0
yf_ADM_d12;19900;INTARIAN_PEPPER_ROOT;12195;24;12192;22;;;12201;11;12205;17;;;12198.0;0.0
yf_ADM_d12;20000;ASH_COATED_OSMIUM;9919;14;9917;14;;;9926;20;9929;21;;;9922.5;0.0
yf_ADM_d12;20000;INTARIAN_PEPPER_ROOT;12194;9;12192;17;;;12200;18;12204;21;;;12197.0;0.0
yf_ADM_d12;20100;ASH_COATED_OSMIUM;9919;21;9916;10;;;9926;11;9930;16;;;9922.5;0.0
yf_ADM_d12;20100;INTARIAN_PEPPER_ROOT;12193;10;12191;19;;;12199;12;12203;15;;;12196.0;0.0
yf_ADM_d12;20200;ASH_COATED_OSMIUM;9920;15;9918;14;;;9926;6;9929;17;;;9923.0;0.0
yf_ADM_d12;20200;INTARIAN_PEPPER_ROOT;12192;17;12188;21;;;12198;11;12201;26;;;12195.0;0.0
yf_ADM_d12;20300;ASH_COATED_OSMIUM;9920;14;9918;18;;;9926;11;9929;23;;;9923.0;0.0
yf_ADM_d12;20300;INTARIAN_PEPPER_ROOT;12192;14;12190;20;;;12198;15;12202;19;;;12195.0;0.0
yf_ADM_d12;20400;ASH_COATED_OSMIUM;9920;18;9918;22;;;9926;5;9930;16;;;9923.0;0.0
yf_ADM_d12;20400;INTARIAN_PEPPER_ROOT;12188;7;12186;21;;;12198;17;12202;14;;;12193.0;0.0
yf_ADM_d12;20500;ASH_COATED_OSMIUM;9920;17;9916;16;;;9926;19;9928;16;;;9923.0;0.0
yf_ADM_d12;20500;INTARIAN_PEPPER_ROOT;12186;17;12182;24;;;12198;5;12200;20;;;12192.0;0.0
yf_ADM_d12;20600;ASH_COATED_OSMIUM;9918;10;9916;18;;;9929;12;9931;15;;;9923.5;0.0
yf_ADM_d12;20600;INTARIAN_PEPPER_ROOT;12186;14;12183;17;;;12197;10;12201;23;;;12191.5;0.0
yf_ADM_d12;20700;ASH_COATED_OSMIUM;9919;12;9916;21;;;9929;22;9932;16;;;9924.0;0.0
yf_ADM_d12;20700;INTARIAN_PEPPER_ROOT;12188;29;12186;22;;;12194;17;12197;22;;;12191.0;0.0
yf_ADM_d12;20800;ASH_COATED_OSMIUM;9917;6;9915;22;;;9929;5;9933;25;;;9923.0;0.0
yf_ADM_d12;20800;INTARIAN_PEPPER_ROOT;12187;13;12184;34;;;12193;20;12197;27;;;12190.0;0.0
yf_ADM_d12;20900;ASH_COATED_OSMIUM;9916;12;9913;18;;;9930;16;9932;18;;;9923.0;0.0
yf_ADM_d12;20900;INTARIAN_PEPPER_ROOT;12185;25;12182;19;;;12191;16;12193;32;;;12188.0;0.0
yf_ADM_d12;21000;ASH_COATED_OSMIUM;9920;15;9916;18;;;9926;12;9928;23;;;9923.0;0.0
yf_ADM_d12;21000;INTARIAN_PEPPER_ROOT;12183;16;12180;9;;;12192;18;12194;20;;;12187.5;0.0
yf_ADM_d12;21100;ASH_COATED_OSMIUM;9920;12;9917;8;;;9926;18;9928;18;;;9923.0;0.0
yf_ADM_d12;21100;INTARIAN_PEPPER_ROOT;12177;10;12175;21;;;12196;18;12200;12;;;12186.5;0.0
yf_ADM_d12;21200;ASH_COATED_OSMIUM;9916;22;9913;22;;;9931;17;9933;22;;;9923.5;0.0
yf_ADM_d12;21200;INTARIAN_PEPPER_ROOT;12183;16;12181;12;;;12189;19;12191;14;;;12186.0;0.0
yf_ADM_d12;21300;ASH_COATED_OSMIUM;9916;16;9913;17;;;9930;21;9934;21;;;9923.0;0.0
yf_ADM_d12;21300;INTARIAN_PEPPER_ROOT;12180;9;12177;15;;;12188;16;12192;27;;;12184.0;0.0
yf_ADM_d12;21400;ASH_COATED_OSMIUM;9916;14;9914;18;;;9929;17;9933;18;;;9922.5;0.0
yf_ADM_d12;21400;INTARIAN_PEPPER_ROOT;12180;22;12177;11;;;12188;18;12191;16;;;12184.0;0.0
yf_ADM_d12;21500;ASH_COATED_OSMIUM;9921;22;9918;25;;;9927;16;9929;18;;;9924.0;0.0
yf_ADM_d12;21500;INTARIAN_PEPPER_ROOT;12179;5;12176;24;;;12185;12;12189;29;;;12182.0;0.0
yf_ADM_d12;21600;ASH_COATED_OSMIUM;9920;18;9917;20;;;9926;17;9928;13;;;9923.0;0.0
yf_ADM_d12;21600;INTARIAN_PEPPER_ROOT;12179;14;12175;16;;;12186;18;12188;16;;;12182.5;0.0
yf_ADM_d12;21700;ASH_COATED_OSMIUM;9921;5;9917;17;;;9927;13;9929;25;;;9924.0;0.0
yf_ADM_d12;21700;INTARIAN_PEPPER_ROOT;12178;21;12175;18;;;12184;10;12188;18;;;12181.0;0.0
yf_ADM_d12;21800;ASH_COATED_OSMIUM;9921;12;9918;18;;;9927;21;9931;25;;;9924.0;0.0
yf_ADM_d12;21800;INTARIAN_PEPPER_ROOT;12176;23;12172;18;;;12182;15;12184;14;;;12179.0;0.0
yf_ADM_d12;21900;ASH_COATED_OSMIUM;9920;8;9916;19;;;9926;19;9930;14;;;9923.0;0.0
yf_ADM_d12;21900;INTARIAN_PEPPER_ROOT;12175;12;12172;10;;;12181;24;12183;29;;;12178.0;0.0
yf_ADM_d12;22000;ASH_COATED_OSMIUM;9902;8;9900;12;;;9946;16;9950;13;;;9924.0;0.0
yf_ADM_d12;22000;INTARIAN_PEPPER_ROOT;12173;26;12169;17;;;12182;21;12185;18;;;12177.5;0.0
yf_ADM_d12;22100;ASH_COATED_OSMIUM;9920;14;9917;16;;;9927;16;9931;18;;;9923.5;0.0
yf_ADM_d12;22100;INTARIAN_PEPPER_ROOT;12174;28;12170;19;;;12180;16;12183;29;;;12177.0;0.0
yf_ADM_d12;22200;ASH_COATED_OSMIUM;9922;20;9918;20;;;9928;13;9932;26;;;9925.0;0.0
yf_ADM_d12;22200;INTARIAN_PEPPER_ROOT;12168;13;12164;18;;;12183;18;12186;17;;;12175.5;0.0
yf_ADM_d12;22300;ASH_COATED_OSMIUM;9921;15;9918;31;;;9927;15;9931;14;;;9924.0;0.0
yf_ADM_d12;22300;INTARIAN_PEPPER_ROOT;12171;20;12168;25;;;12178;11;12180;27;;;12174.5;0.0
yf_ADM_d12;22400;ASH_COATED_OSMIUM;9912;21;9908;20;;;9937;10;9939;16;;;9924.5;0.0
yf_ADM_d12;22400;INTARIAN_PEPPER_ROOT;12171;21;12168;19;;;12177;9;12179;13;;;12174.0;0.0
yf_ADM_d12;22500;ASH_COATED_OSMIUM;9921;19;9918;25;;;9927;11;9929;8;;;9924.0;0.0
yf_ADM_d12;22500;INTARIAN_PEPPER_ROOT;12162;10;12160;19;;;12184;13;12186;17;;;12173.0;0.0
yf_ADM_d12;22600;ASH_COATED_OSMIUM;9922;11;9920;24;;;9928;21;9932;25;;;9925.0;0.0
yf_ADM_d12;22600;INTARIAN_PEPPER_ROOT;12168;15;12164;26;;;12174;23;12178;18;;;12171.0;0.0
yf_ADM_d12;22700;ASH_COATED_OSMIUM;9921;12;9917;23;;;9927;12;9929;16;;;9924.0;0.0
yf_ADM_d12;22700;INTARIAN_PEPPER_ROOT;12156;7;12152;18;;;12185;22;12187;26;;;12170.5;0.0
yf_ADM_d12;22800;ASH_COATED_OSMIUM;9921;14;9919;18;;;9928;18;9931;18;;;9924.5;0.0
yf_ADM_d12;22800;INTARIAN_PEPPER_ROOT;12167;26;12163;20;;;12173;17;12176;14;;;12170.0;0.0
yf_ADM_d12;22900;ASH_COATED_OSMIUM;9922;9;9920;21;;;9928;18;9932;9;;;9925.0;0.0
yf_ADM_d12;22900;INTARIAN_PEPPER_ROOT;12165;15;12162;24;;;12172;11;12176;21;;;12168.5;0.0
yf_ADM_d12;23000;ASH_COATED_OSMIUM;9922;9;9918;12;;;9928;27;9930;18;;;9925.0;0.0
yf_ADM_d12;23000;INTARIAN_PEPPER_ROOT;12161;17;12157;25;;;12174;15;12177;19;;;12167.5;0.0
yf_ADM_d12;23100;ASH_COATED_OSMIUM;9922;11;9920;21;;;9928;10;9931;21;;;9925.0;0.0
yf_ADM_d12;23100;INTARIAN_PEPPER_ROOT;12164;8;12161;27;;;12170;22;12172;28;;;12167.0;0.0
yf_ADM_d12;23200;ASH_COATED_OSMIUM;9921;21;9919;18;;;9929;26;9931;18;;;9925.0;0.0
yf_ADM_d12;23200;INTARIAN_PEPPER_ROOT;12163;9;12161;10;;;12169;15;12172;11;;;12166.0;0.0
yf_ADM_d12;23300;ASH_COATED_OSMIUM;9922;19;9919;14;;;9928;14;9930;18;;;9925.0;0.0
yf_ADM_d12;23300;INTARIAN_PEPPER_ROOT;12162;5;12159;19;;;12168;19;12172;19;;;12165.0;0.0
yf_ADM_d12;23400;ASH_COATED_OSMIUM;9922;12;9918;23;;;9928;18;9931;13;;;9925.0;0.0
yf_ADM_d12;23400;INTARIAN_PEPPER_ROOT;12158;8;12155;24;;;12171;17;12174;26;;;12164.5;0.0
yf_ADM_d12;23500;ASH_COATED_OSMIUM;9921;15;9917;21;;;9927;11;9931;9;;;9924.0;0.0
yf_ADM_d12;23500;INTARIAN_PEPPER_ROOT;12147;18;12143;20;;;12179;11;12182;22;;;12163.0;0.0
yf_ADM_d12;23600;ASH_COATED_OSMIUM;9922;18;9920;27;;;9928;10;9930;18;;;9925.0;0.0
yf_ADM_d12;23600;INTARIAN_PEPPER_ROOT;12159;10;12157;24;;;12165;20;12168;18;;;12162.0;0.0
yf_ADM_d12;23700;ASH_COATED_OSMIUM;9921;6;9917;24;;;9929;20;9933;9;;;9925.0;0.0
yf_ADM_d12;23700;INTARIAN_PEPPER_ROOT;12158;20;12156;12;;;12164;13;12167;16;;;12161.0;0.0
yf_ADM_d12;23800;ASH_COATED_OSMIUM;9918;9;9916;18;;;9932;14;9935;18;;;9925.0;0.0
yf_ADM_d12;23800;INTARIAN_PEPPER_ROOT;12157;21;12153;21;;;12163;13;12167;16;;;12160.0;0.0
yf_ADM_d12;23900;ASH_COATED_OSMIUM;9921;15;9918;16;;;9929;17;9932;23;;;9925.0;0.0
yf_ADM_d12;23900;INTARIAN_PEPPER_ROOT;12149;13;12145;19;;;12169;13;12172;26;;;12159.0;0.0
yf_ADM_d12;24000;ASH_COATED_OSMIUM;9922;18;9920;18;;;9928;22;9932;33;;;9925.0;0.0
yf_ADM_d12;24000;INTARIAN_PEPPER_ROOT;12155;11;12152;18;;;12161;14;12164;25;;;12158.0;0.0
yf_ADM_d12;24100;ASH_COATED_OSMIUM;9923;16;9920;16;;;9929;12;9932;11;;;9926.0;0.0
yf_ADM_d12;24100;INTARIAN_PEPPER_ROOT;12154;11;12150;16;;;12160;22;12163;18;;;12157.0;0.0
yf_ADM_d12;24200;ASH_COATED_OSMIUM;9917;6;9913;16;;;9934;11;9938;20;;;9925.5;0.0
yf_ADM_d12;24200;INTARIAN_PEPPER_ROOT;12151;16;12149;27;;;12162;21;12166;8;;;12156.5;0.0
yf_ADM_d12;24300;ASH_COATED_OSMIUM;9923;27;9920;23;;;9929;17;9931;27;;;9926.0;0.0
yf_ADM_d12;24300;INTARIAN_PEPPER_ROOT;12152;14;12150;9;;;12158;8;12161;24;;;12155.0;0.0
yf_ADM_d12;24400;ASH_COATED_OSMIUM;9922;16;9918;17;;;9929;5;9932;27;;;9925.5;0.0
yf_ADM_d12;24400;INTARIAN_PEPPER_ROOT;12151;17;12148;26;;;12157;10;12160;25;;;12154.0;0.0
yf_ADM_d12;24500;ASH_COATED_OSMIUM;9923;13;9919;26;;;9929;20;9932;20;;;9926.0;0.0
yf_ADM_d12;24500;INTARIAN_PEPPER_ROOT;12149;15;12145;20;;;12155;13;12159;24;;;12152.0;0.0
yf_ADM_d12;24600;ASH_COATED_OSMIUM;9923;15;9921;23;;;9929;5;9933;22;;;9926.0;0.0
yf_ADM_d12;24600;INTARIAN_PEPPER_ROOT;12150;6;12148;20;;;12156;16;12160;35;;;12153.0;0.0
yf_ADM_d12;24700;ASH_COATED_OSMIUM;9920;22;9917;17;;;9931;9;9934;26;;;9925.5;0.0
yf_ADM_d12;24700;INTARIAN_PEPPER_ROOT;12148;22;12145;21;;;12154;15;12156;21;;;12151.0;0.0
yf_ADM_d12;24800;ASH_COATED_OSMIUM;9917;18;9914;22;;;9934;19;9936;25;;;9925.5;0.0
yf_ADM_d12;24800;INTARIAN_PEPPER_ROOT;12147;9;12144;18;;;12153;19;12155;15;;;12150.0;0.0
yf_ADM_d12;24900;ASH_COATED_OSMIUM;9923;5;9921;9;;;9929;19;9933;28;;;9926.0;0.0
yf_ADM_d12;24900;INTARIAN_PEPPER_ROOT;12146;11;12143;16;;;12152;15;12155;21;;;12149.0;0.0
yf_ADM_d12;25000;ASH_COATED_OSMIUM;9921;17;9918;15;;;9931;14;9935;16;;;9926.0;0.0
yf_ADM_d12;25000;INTARIAN_PEPPER_ROOT;12145;5;12143;16;;;12151;9;12154;17;;;12148.0;0.0
yf_ADM_d12;25100;ASH_COATED_OSMIUM;9915;15;9913;14;;;9938;9;9940;24;;;9926.5;0.0
yf_ADM_d12;25100;INTARIAN_PEPPER_ROOT;12143;14;12139;20;;;12151;10;12153;14;;;12147.0;0.0
yf_ADM_d12;25200;ASH_COATED_OSMIUM;9919;10;9917;24;;;9934;23;9937;24;;;9926.5;0.0
yf_ADM_d12;25200;INTARIAN_PEPPER_ROOT;12144;18;12142;18;;;12150;19;12153;19;;;12147.0;0.0
yf_ADM_d12;25300;ASH_COATED_OSMIUM;9910;19;9908;23;;;9943;13;9946;19;;;9926.5;0.0
yf_ADM_d12;25300;INTARIAN_PEPPER_ROOT;12143;19;12141;27;;;12149;5;12153;22;;;12146.0;0.0
yf_ADM_d12;25400;ASH_COATED_OSMIUM;9923;13;9919;21;;;9929;5;9933;32;;;9926.0;0.0
yf_ADM_d12;25400;INTARIAN_PEPPER_ROOT;12135;16;12131;22;;;12153;26;12156;24;;;12144.0;0.0
yf_ADM_d12;25500;ASH_COATED_OSMIUM;9924;15;9921;19;;;9930;26;9934;14;;;9927.0;0.0
yf_ADM_d12;25500;INTARIAN_PEPPER_ROOT;12140;22;12136;24;;;12146;15;12150;12;;;12143.0;0.0
yf_ADM_d12;25600;ASH_COATED_OSMIUM;9922;13;9918;24;;;9932;9;9934;14;;;9927.0;0.0
yf_ADM_d12;25600;INTARIAN_PEPPER_ROOT;12139;18;12136;26;;;12145;22;12147;16;;;12142.0;0.0
yf_ADM_d12;25700;ASH_COATED_OSMIUM;9924;16;9922;21;;;9930;17;9932;20;;;9927.0;0.0
yf_ADM_d12;25700;INTARIAN_PEPPER_ROOT;12138;6;12134;24;;;12144;12;12148;26;;;12141.0;0.0
yf_ADM_d12;25800;ASH_COATED_OSMIUM;9924;15;9920;26;;;9930;11;9932;22;;;9927.0;0.0
yf_ADM_d12;25800;INTARIAN_PEPPER_ROOT;12134;15;12131;18;;;12147;11;12149;25;;;12140.5;0.0
yf_ADM_d12;25900;ASH_COATED_OSMIUM;9918;20;9915;19;;;9935;10;9939;21;;;9926.5;0.0
yf_ADM_d12;25900;INTARIAN_PEPPER_ROOT;12135;14;12132;15;;;12143;17;12145;22;;;12139.0;0.0
yf_ADM_d12;26000;ASH_COATED_OSMIUM;9924;14;9922;17;;;9930;15;9932;12;;;9927.0;0.0
yf_ADM_d12;26000;INTARIAN_PEPPER_ROOT;12129;13;12125;24;;;12147;16;12151;20;;;12138.0;0.0
yf_ADM_d12;26100;ASH_COATED_OSMIUM;9924;14;9920;21;;;9930;11;9934;11;;;9927.0;0.0
yf_ADM_d12;26100;INTARIAN_PEPPER_ROOT;12135;24;12132;17;;;12141;9;12144;19;;;12138.0;0.0
yf_ADM_d12;26200;ASH_COATED_OSMIUM;9924;14;9920;20;;;9930;20;9934;15;;;9927.0;0.0
yf_ADM_d12;26200;INTARIAN_PEPPER_ROOT;12133;18;12131;24;;;12139;14;12143;18;;;12136.0;0.0
yf_ADM_d12;26300;ASH_COATED_OSMIUM;9924;5;9920;23;;;9930;22;9934;23;;;9927.0;0.0
yf_ADM_d12;26300;INTARIAN_PEPPER_ROOT;12131;14;12127;18;;;12140;12;12142;19;;;12135.5;0.0
yf_ADM_d12;26400;ASH_COATED_OSMIUM;9924;8;9922;13;;;9930;18;9932;23;;;9927.0;0.0
yf_ADM_d12;26400;INTARIAN_PEPPER_ROOT;12130;10;12126;25;;;12138;19;12141;16;;;12134.0;0.0
yf_ADM_d12;26500;ASH_COATED_OSMIUM;9925;9;9921;20;;;9931;12;9934;15;;;9928.0;0.0
yf_ADM_d12;26500;INTARIAN_PEPPER_ROOT;12128;16;12126;13;;;12140;8;12143;17;;;12134.0;0.0
yf_ADM_d12;26600;ASH_COATED_OSMIUM;9924;20;9922;33;;;9930;5;9934;27;;;9927.0;0.0
yf_ADM_d12;26600;INTARIAN_PEPPER_ROOT;12130;21;12127;18;;;12136;20;12138;32;;;12133.0;0.0
yf_ADM_d12;26700;ASH_COATED_OSMIUM;9915;25;9913;15;;;9939;19;9943;19;;;9927.0;0.0
yf_ADM_d12;26700;INTARIAN_PEPPER_ROOT;12129;20;12126;14;;;12135;14;12139;28;;;12132.0;0.0
yf_ADM_d12;26800;ASH_COATED_OSMIUM;9925;8;9923;20;;;9931;20;9935;22;;;9928.0;0.0
yf_ADM_d12;26800;INTARIAN_PEPPER_ROOT;12128;18;12126;16;;;12134;18;12137;24;;;12131.0;0.0
yf_ADM_d12;26900;ASH_COATED_OSMIUM;9921;11;9918;19;;;9933;11;9935;24;;;9927.0;0.0
yf_ADM_d12;26900;INTARIAN_PEPPER_ROOT;12124;15;12120;13;;;12136;11;12140;9;;;12130.0;0.0
yf_ADM_d12;27000;ASH_COATED_OSMIUM;9924;11;9920;22;;;9930;30;9934;20;;;9927.0;0.0
yf_ADM_d12;27000;INTARIAN_PEPPER_ROOT;12125;13;12121;18;;;12131;26;12134;20;;;12128.0;0.0
yf_ADM_d12;27100;ASH_COATED_OSMIUM;9925;18;9921;29;;;9931;5;9934;25;;;9928.0;0.0
yf_ADM_d12;27100;INTARIAN_PEPPER_ROOT;12124;12;12120;14;;;12130;5;12134;21;;;12127.0;0.0
yf_ADM_d12;27200;ASH_COATED_OSMIUM;9925;12;9922;15;;;9931;19;9934;20;;;9928.0;0.0
yf_ADM_d12;27200;INTARIAN_PEPPER_ROOT;12123;24;12119;12;;;12131;6;12134;14;;;12127.0;0.0
yf_ADM_d12;27300;ASH_COATED_OSMIUM;9924;17;9922;18;;;9930;25;9934;29;;;9927.0;0.0
yf_ADM_d12;27300;INTARIAN_PEPPER_ROOT;12122;14;12119;18;;;12128;21;12130;8;;;12125.0;0.0
yf_ADM_d12;27400;ASH_COATED_OSMIUM;9924;15;9922;27;;;9931;17;9933;17;;;9927.5;0.0
yf_ADM_d12;27400;INTARIAN_PEPPER_ROOT;12121;16;12119;19;;;12127;13;12130;18;;;12124.0;0.0
yf_ADM_d12;27500;ASH_COATED_OSMIUM;9924;11;9922;18;;;9930;19;9934;13;;;9927.0;0.0
yf_ADM_d12;27500;INTARIAN_PEPPER_ROOT;12113;19;12109;29;;;12133;12;12137;26;;;12123.0;0.0
yf_ADM_d12;27600;ASH_COATED_OSMIUM;9914;14;9912;26;;;9943;15;9945;27;;;9928.5;0.0
yf_ADM_d12;27600;INTARIAN_PEPPER_ROOT;12114;17;12111;27;;;12131;6;12135;14;;;12122.5;0.0
yf_ADM_d12;27700;ASH_COATED_OSMIUM;9925;17;9922;20;;;9931;14;9933;19;;;9928.0;0.0
yf_ADM_d12;27700;INTARIAN_PEPPER_ROOT;12119;13;12116;22;;;12125;14;12127;17;;;12122.0;0.0
yf_ADM_d12;27800;ASH_COATED_OSMIUM;9924;18;9921;17;;;9932;12;9935;20;;;9928.0;0.0
yf_ADM_d12;27800;INTARIAN_PEPPER_ROOT;12111;5;12108;27;;;12131;14;12133;12;;;12121.0;0.0
yf_ADM_d12;27900;ASH_COATED_OSMIUM;9925;26;9922;21;;;9931;9;9933;21;;;9928.0;0.0
yf_ADM_d12;27900;INTARIAN_PEPPER_ROOT;12116;16;12113;15;;;12122;5;12124;19;;;12119.0;0.0
yf_ADM_d12;28000;ASH_COATED_OSMIUM;9926;15;9922;22;;;9932;12;9936;28;;;9929.0;0.0
yf_ADM_d12;28000;INTARIAN_PEPPER_ROOT;12114;10;12110;21;;;12123;14;12127;18;;;12118.5;0.0
yf_ADM_d12;28100;ASH_COATED_OSMIUM;9925;18;9923;8;;;9931;7;9935;13;;;9928.0;0.0
yf_ADM_d12;28100;INTARIAN_PEPPER_ROOT;12115;23;12111;28;;;12121;19;12125;19;;;12118.0;0.0
yf_ADM_d12;28200;ASH_COATED_OSMIUM;9926;13;9924;21;;;9932;7;9934;30;;;9929.0;0.0
yf_ADM_d12;28200;INTARIAN_PEPPER_ROOT;12114;11;12110;15;;;12120;5;12122;20;;;12117.0;0.0
yf_ADM_d12;28300;ASH_COATED_OSMIUM;9925;12;9921;17;;;9931;24;9935;14;;;9928.0;0.0
yf_ADM_d12;28300;INTARIAN_PEPPER_ROOT;12113;19;12111;16;;;12119;5;12123;30;;;12116.0;0.0
yf_ADM_d12;28400;ASH_COATED_OSMIUM;9921;19;9919;26;;;9935;10;9937;17;;;9928.0;0.0
yf_ADM_d12;28400;INTARIAN_PEPPER_ROOT;12112;18;12110;17;;;12118;13;12121;27;;;12115.0;0.0
yf_ADM_d12;28500;ASH_COATED_OSMIUM;9925;12;9923;23;;;9931;15;9935;22;;;9928.0;0.0
yf_ADM_d12;28500;INTARIAN_PEPPER_ROOT;12110;23;12107;19;;;12117;19;12120;15;;;12113.5;0.0
yf_ADM_d12;28600;ASH_COATED_OSMIUM;9925;5;9923;19;;;9931;11;9934;17;;;9928.0;0.0
yf_ADM_d12;28600;INTARIAN_PEPPER_ROOT;12110;11;12106;15;;;12116;11;12120;19;;;12113.0;0.0
yf_ADM_d12;28700;ASH_COATED_OSMIUM;9920;16;9918;18;;;9937;14;9940;23;;;9928.5;0.0
yf_ADM_d12;28700;INTARIAN_PEPPER_ROOT;12106;5;12102;23;;;12118;20;12121;24;;;12112.0;0.0
yf_ADM_d12;28800;ASH_COATED_OSMIUM;9925;7;9923;22;;;9931;14;9935;22;;;9928.0;0.0
yf_ADM_d12;28800;INTARIAN_PEPPER_ROOT;12107;11;12105;26;;;12113;17;12117;25;;;12110.0;0.0
yf_ADM_d12;28900;ASH_COATED_OSMIUM;9923;16;9919;16;;;9935;17;9937;17;;;9929.0;0.0
yf_ADM_d12;28900;INTARIAN_PEPPER_ROOT;12106;16;12102;12;;;12114;7;12118;20;;;12110.0;0.0
yf_ADM_d12;29000;ASH_COATED_OSMIUM;9922;7;9919;21;;;9935;17;9939;19;;;9928.5;0.0
yf_ADM_d12;29000;INTARIAN_PEPPER_ROOT;12107;7;12105;19;;;12113;14;12115;18;;;12110.0;0.0
yf_ADM_d12;29100;ASH_COATED_OSMIUM;9926;16;9924;27;;;9932;18;9935;21;;;9929.0;0.0
yf_ADM_d12;29100;INTARIAN_PEPPER_ROOT;12105;11;12103;18;;;12111;18;12115;24;;;12108.0;0.0
yf_ADM_d12;29200;ASH_COATED_OSMIUM;9926;22;9922;13;;;9932;8;9936;10;;;9929.0;0.0
yf_ADM_d12;29200;INTARIAN_PEPPER_ROOT;12093;16;12089;19;;;12121;5;12123;17;;;12107.0;0.0
yf_ADM_d12;29300;ASH_COATED_OSMIUM;9923;14;9919;24;;;9936;17;9939;19;;;9929.5;0.0
yf_ADM_d12;29300;INTARIAN_PEPPER_ROOT;12102;19;12100;19;;;12108;15;12110;22;;;12105.0;0.0
yf_ADM_d12;29400;ASH_COATED_OSMIUM;9921;16;9918;23;;;9937;16;9940;25;;;9929.0;0.0
yf_ADM_d12;29400;INTARIAN_PEPPER_ROOT;12102;15;12098;19;;;12108;5;12111;26;;;12105.0;0.0
yf_ADM_d12;29500;ASH_COATED_OSMIUM;9926;6;9923;23;;;9932;14;9934;17;;;9929.0;0.0
yf_ADM_d12;29500;INTARIAN_PEPPER_ROOT;12101;14;12099;15;;;12107;12;12109;25;;;12104.0;0.0
yf_ADM_d12;29600;ASH_COATED_OSMIUM;9926;23;9923;17;;;9933;17;9936;25;;;9929.5;0.0
yf_ADM_d12;29600;INTARIAN_PEPPER_ROOT;12100;15;12097;22;;;12106;15;12109;22;;;12103.0;0.0
yf_ADM_d12;29700;ASH_COATED_OSMIUM;9926;11;9924;16;;;9932;14;9934;18;;;9929.0;0.0
yf_ADM_d12;29700;INTARIAN_PEPPER_ROOT;12099;15;12095;24;;;12105;13;12109;21;;;12102.0;0.0
yf_ADM_d12;29800;ASH_COATED_OSMIUM;9923;25;9919;18;;;9936;24;9938;9;;;9929.5;0.0
yf_ADM_d12;29800;INTARIAN_PEPPER_ROOT;12097;11;12093;17;;;12105;12;12109;14;;;12101.0;0.0
yf_ADM_d12;29900;ASH_COATED_OSMIUM;9926;19;9922;18;;;9932;13;9935;14;;;9929.0;0.0
yf_ADM_d12;29900;INTARIAN_PEPPER_ROOT;12096;17;12093;22;;;12104;17;12106;17;;;12100.0;0.0
yf_ADM_d12;30000;ASH_COATED_OSMIUM;9926;20;9924;10;;;9934;19;9938;25;;;9930.0;0.0
yf_ADM_d12;30000;INTARIAN_PEPPER_ROOT;12092;19;12090;23;;;12104;13;12108;24;;;12098.0;0.0
yf_ADM_d12;30100;ASH_COATED_OSMIUM;9922;9;9919;18;;;9938;17;9942;15;;;9930.0;0.0
yf_ADM_d12;30100;INTARIAN_PEPPER_ROOT;12092;9;12089;19;;;12104;16;12107;9;;;12098.0;0.0
yf_ADM_d12;30200;ASH_COATED_OSMIUM;9921;13;9917;26;;;9938;14;9941;23;;;9929.5;0.0
yf_ADM_d12;30200;INTARIAN_PEPPER_ROOT;12087;10;12084;20;;;12106;17;12110;25;;;12096.5;0.0
yf_ADM_d12;30300;ASH_COATED_OSMIUM;9923;12;9921;18;;;9936;23;9939;20;;;9929.5;0.0
yf_ADM_d12;30300;INTARIAN_PEPPER_ROOT;12091;13;12089;19;;;12102;6;12104;19;;;12096.5;0.0
yf_ADM_d12;30400;ASH_COATED_OSMIUM;9924;9;9920;17;;;9936;21;9938;17;;;9930.0;0.0
yf_ADM_d12;30400;INTARIAN_PEPPER_ROOT;12090;13;12086;14;;;12100;18;12104;14;;;12095.0;0.0
yf_ADM_d12;30500;ASH_COATED_OSMIUM;9920;14;9916;23;;;9939;17;9943;22;;;9929.5;0.0
yf_ADM_d12;30500;INTARIAN_PEPPER_ROOT;12092;8;12088;21;;;12098;17;12102;20;;;12095.0;0.0
yf_ADM_d12;30600;ASH_COATED_OSMIUM;9927;25;9924;19;;;9933;14;9935;24;;;9930.0;0.0
yf_ADM_d12;30600;INTARIAN_PEPPER_ROOT;12090;18;12086;9;;;12096;17;12098;20;;;12093.0;0.0
yf_ADM_d12;30700;ASH_COATED_OSMIUM;9925;11;9921;21;;;9935;14;9939;22;;;9930.0;0.0
yf_ADM_d12;30700;INTARIAN_PEPPER_ROOT;12080;14;12076;18;;;12103;13;12105;24;;;12091.5;0.0
yf_ADM_d12;30800;ASH_COATED_OSMIUM;9926;11;9924;18;;;9933;17;9936;17;;;9929.5;0.0
yf_ADM_d12;30800;INTARIAN_PEPPER_ROOT;12083;21;12081;23;;;12099;21;12103;16;;;12091.0;0.0
yf_ADM_d12;30900;ASH_COATED_OSMIUM;9927;16;9925;13;;;9933;19;9935;24;;;9930.0;0.0
yf_ADM_d12;30900;INTARIAN_PEPPER_ROOT;12087;14;12083;24;;;12093;19;12095;15;;;12090.0;0.0
yf_ADM_d12;31000;ASH_COATED_OSMIUM;9927;17;9924;18;;;9933;17;9937;27;;;9930.0;0.0
yf_ADM_d12;31000;INTARIAN_PEPPER_ROOT;12075;7;12073;24;;;12103;23;12107;15;;;12089.0;0.0
yf_ADM_d12;31100;ASH_COATED_OSMIUM;9924;16;9920;13;;;9936;15;9940;28;;;9930.0;0.0
yf_ADM_d12;31100;INTARIAN_PEPPER_ROOT;12081;19;12079;17;;;12095;19;12097;20;;;12088.0;0.0
yf_ADM_d12;31200;ASH_COATED_OSMIUM;9927;7;9924;14;;;9933;15;9936;15;;;9930.0;0.0
yf_ADM_d12;31200;INTARIAN_PEPPER_ROOT;12084;10;12082;18;;;12090;10;12093;20;;;12087.0;0.0
yf_ADM_d12;31300;ASH_COATED_OSMIUM;9925;16;9921;13;;;9935;9;9937;23;;;9930.0;0.0
yf_ADM_d12;31300;INTARIAN_PEPPER_ROOT;12083;17;12080;19;;;12089;5;12092;20;;;12086.0;0.0
yf_ADM_d12;31400;ASH_COATED_OSMIUM;9928;25;9925;19;;;9934;19;9936;23;;;9931.0;0.0
yf_ADM_d12;31400;INTARIAN_PEPPER_ROOT;12077;10;12073;22;;;12093;13;12096;21;;;12085.0;0.0
yf_ADM_d12;31500;ASH_COATED_OSMIUM;9927;25;9924;14;;;9933;11;9935;15;;;9930.0;0.0
yf_ADM_d12;31500;INTARIAN_PEPPER_ROOT;12081;21;12077;26;;;12087;10;12091;8;;;12084.0;0.0
yf_ADM_d12;31600;ASH_COATED_OSMIUM;9928;13;9924;18;;;9934;18;9936;20;;;9931.0;0.0
yf_ADM_d12;31600;INTARIAN_PEPPER_ROOT;12080;15;12078;27;;;12087;19;12091;14;;;12083.5;0.0
yf_ADM_d12;31700;ASH_COATED_OSMIUM;9926;15;9924;16;;;9936;13;9940;26;;;9931.0;0.0
yf_ADM_d12;31700;INTARIAN_PEPPER_ROOT;12079;10;12075;25;;;12085;27;12087;17;;;12082.0;0.0
yf_ADM_d12;31800;ASH_COATED_OSMIUM;9928;16;9925;19;;;9934;19;9937;22;;;9931.0;0.0
yf_ADM_d12;31800;INTARIAN_PEPPER_ROOT;12079;5;12075;18;;;12085;14;12089;23;;;12082.0;0.0
yf_ADM_d12;31900;ASH_COATED_OSMIUM;9928;13;9925;21;;;9934;18;9936;29;;;9931.0;0.0
yf_ADM_d12;31900;INTARIAN_PEPPER_ROOT;12077;18;12074;21;;;12083;14;12086;17;;;12080.0;0.0
yf_ADM_d12;32000;ASH_COATED_OSMIUM;9928;9;9924;20;;;9934;18;9937;25;;;9931.0;0.0
yf_ADM_d12;32000;INTARIAN_PEPPER_ROOT;12077;19;12073;19;;;12083;16;12085;27;;;12080.0;0.0
yf_ADM_d12;32100;ASH_COATED_OSMIUM;9922;12;9920;13;;;9940;20;9943;12;;;9931.0;0.0
yf_ADM_d12;32100;INTARIAN_PEPPER_ROOT;12072;20;12069;18;;;12084;18;12088;18;;;12078.0;0.0
yf_ADM_d12;32200;ASH_COATED_OSMIUM;9923;13;9919;21;;;9939;5;9941;20;;;9931.0;0.0
yf_ADM_d12;32200;INTARIAN_PEPPER_ROOT;12075;13;12073;24;;;12081;17;12083;15;;;12078.0;0.0
yf_ADM_d12;32300;ASH_COATED_OSMIUM;9928;22;9926;22;;;9934;19;9938;22;;;9931.0;0.0
yf_ADM_d12;32300;INTARIAN_PEPPER_ROOT;12071;23;12068;17;;;12081;14;12085;22;;;12076.0;0.0
yf_ADM_d12;32400;ASH_COATED_OSMIUM;9928;21;9925;14;;;9934;15;9938;23;;;9931.0;0.0
yf_ADM_d12;32400;INTARIAN_PEPPER_ROOT;12072;7;12068;24;;;12078;14;12082;20;;;12075.0;0.0
yf_ADM_d12;32500;ASH_COATED_OSMIUM;9928;19;9925;21;;;9934;16;9936;24;;;9931.0;0.0
yf_ADM_d12;32500;INTARIAN_PEPPER_ROOT;12072;16;12070;23;;;12078;16;12081;15;;;12075.0;0.0
yf_ADM_d12;32600;ASH_COATED_OSMIUM;9926;20;9924;27;;;9937;20;9940;18;;;9931.5;0.0
yf_ADM_d12;32600;INTARIAN_PEPPER_ROOT;12071;15;12067;22;;;12077;7;12081;28;;;12074.0;0.0
yf_ADM_d12;32700;ASH_COATED_OSMIUM;9928;14;9924;21;;;9934;12;9937;18;;;9931.0;0.0
yf_ADM_d12;32700;INTARIAN_PEPPER_ROOT;12069;20;12067;30;;;12075;17;12078;20;;;12072.0;0.0
yf_ADM_d12;32800;ASH_COATED_OSMIUM;9928;17;9925;24;;;9934;14;9938;19;;;9931.0;0.0
yf_ADM_d12;32800;INTARIAN_PEPPER_ROOT;12067;15;12065;20;;;12077;22;12081;16;;;12072.0;0.0
yf_ADM_d12;32900;ASH_COATED_OSMIUM;9925;15;9922;23;;;9938;9;9941;17;;;9931.5;0.0
yf_ADM_d12;32900;INTARIAN_PEPPER_ROOT;12067;19;12064;16;;;12073;19;12077;20;;;12070.0;0.0
yf_ADM_d12;33000;ASH_COATED_OSMIUM;9920;10;9917;27;;;9944;20;9946;21;;;9932.0;0.0
yf_ADM_d12;33000;INTARIAN_PEPPER_ROOT;12065;14;12061;16;;;12075;8;12079;17;;;12070.0;0.0
yf_ADM_d12;33100;ASH_COATED_OSMIUM;9928;22;9924;21;;;9936;5;9939;18;;;9932.0;0.0
yf_ADM_d12;33100;INTARIAN_PEPPER_ROOT;12065;15;12063;23;;;12071;20;12074;18;;;12068.0;0.0
yf_ADM_d12;33200;ASH_COATED_OSMIUM;9921;17;9919;24;;;9943;19;9946;23;;;9932.0;0.0
yf_ADM_d12;33200;INTARIAN_PEPPER_ROOT;12062;22;12059;20;;;12072;6;12076;21;;;12067.0;0.0
yf_ADM_d12;33300;ASH_COATED_OSMIUM;9927;18;9923;11;;;9937;14;9941;31;;;9932.0;0.0
yf_ADM_d12;33300;INTARIAN_PEPPER_ROOT;12064;16;12060;8;;;12070;10;12074;26;;;12067.0;0.0
yf_ADM_d12;33400;ASH_COATED_OSMIUM;9929;16;9927;22;;;9935;20;9939;12;;;9932.0;0.0
yf_ADM_d12;33400;INTARIAN_PEPPER_ROOT;12063;19;12060;17;;;12069;13;12071;20;;;12066.0;0.0
yf_ADM_d12;33500;ASH_COATED_OSMIUM;9929;10;9925;28;;;9935;17;9938;18;;;9932.0;0.0
yf_ADM_d12;33500;INTARIAN_PEPPER_ROOT;12062;24;12058;23;;;12068;10;12072;15;;;12065.0;0.0
yf_ADM_d12;33600;ASH_COATED_OSMIUM;9929;20;9927;25;;;9935;17;9939;16;;;9932.0;0.0
yf_ADM_d12;33600;INTARIAN_PEPPER_ROOT;12060;22;12058;19;;;12066;25;12068;16;;;12063.0;0.0
yf_ADM_d12;33700;ASH_COATED_OSMIUM;9929;11;9927;22;;;9936;19;9940;26;;;9932.5;0.0
yf_ADM_d12;33700;INTARIAN_PEPPER_ROOT;12057;11;12054;17;;;12068;17;12070;12;;;12062.5;0.0
yf_ADM_d12;33800;ASH_COATED_OSMIUM;9929;13;9926;22;;;9936;13;9939;21;;;9932.5;0.0
yf_ADM_d12;33800;INTARIAN_PEPPER_ROOT;12059;12;12057;18;;;12066;9;12069;18;;;12062.5;0.0
yf_ADM_d12;33900;ASH_COATED_OSMIUM;9914;17;9912;20;;;9950;14;9954;32;;;9932.0;0.0
yf_ADM_d12;33900;INTARIAN_PEPPER_ROOT;12058;26;12054;28;;;12064;14;12066;15;;;12061.0;0.0
yf_ADM_d12;34000;ASH_COATED_OSMIUM;9924;16;9922;20;;;9941;16;9945;17;;;9932.5;0.0
yf_ADM_d12;34000;INTARIAN_PEPPER_ROOT;12054;13;12050;18;;;12066;10;12069;31;;;12060.0;0.0
yf_ADM_d12;34100;ASH_COATED_OSMIUM;9925;19;9921;21;;;9939;10;9941;23;;;9932.0;0.0
yf_ADM_d12;34100;INTARIAN_PEPPER_ROOT;12049;16;12047;23;;;12067;22;12071;25;;;12058.0;0.0
yf_ADM_d12;34200;ASH_COATED_OSMIUM;9929;17;9925;15;;;9935;13;9939;20;;;9932.0;0.0
yf_ADM_d12;34200;INTARIAN_PEPPER_ROOT;12052;14;12048;23;;;12062;14;12065;24;;;12057.0;0.0
yf_ADM_d12;34300;ASH_COATED_OSMIUM;9927;10;9923;11;;;9937;12;9939;19;;;9932.0;0.0
yf_ADM_d12;34300;INTARIAN_PEPPER_ROOT;12048;17;12044;10;;;12065;13;12067;22;;;12056.5;0.0
yf_ADM_d12;34400;ASH_COATED_OSMIUM;9929;17;9926;34;;;9935;23;9938;13;;;9932.0;0.0
yf_ADM_d12;34400;INTARIAN_PEPPER_ROOT;12049;19;12045;23;;;12061;15;12063;17;;;12055.0;0.0
yf_ADM_d12;34500;ASH_COATED_OSMIUM;9929;16;9925;14;;;9935;15;9938;17;;;9932.0;0.0
yf_ADM_d12;34500;INTARIAN_PEPPER_ROOT;12051;22;12047;20;;;12057;11;12060;22;;;12054.0;0.0
yf_ADM_d12;34600;ASH_COATED_OSMIUM;9929;12;9926;17;;;9935;17;9939;21;;;9932.0;0.0
yf_ADM_d12;34600;INTARIAN_PEPPER_ROOT;12050;5;12047;28;;;12056;20;12058;14;;;12053.0;0.0
yf_ADM_d12;34700;ASH_COATED_OSMIUM;9928;22;9926;15;;;9934;9;9938;17;;;9931.0;0.0
yf_ADM_d12;34700;INTARIAN_PEPPER_ROOT;12047;15;12044;17;;;12057;15;12059;27;;;12052.0;0.0
yf_ADM_d12;34800;ASH_COATED_OSMIUM;9929;22;9925;19;;;9935;5;9939;19;;;9932.0;0.0
yf_ADM_d12;34800;INTARIAN_PEPPER_ROOT;12045;14;12041;10;;;12055;10;12059;20;;;12050.0;0.0
yf_ADM_d12;34900;ASH_COATED_OSMIUM;9928;16;9925;22;;;9934;8;9937;24;;;9931.0;0.0
yf_ADM_d12;34900;INTARIAN_PEPPER_ROOT;12045;12;12042;31;;;12053;19;12057;14;;;12049.0;0.0
yf_ADM_d12;35000;ASH_COATED_OSMIUM;9928;6;9924;18;;;9934;18;9936;17;;;9931.0;0.0
yf_ADM_d12;35000;INTARIAN_PEPPER_ROOT;12039;15;12036;9;;;12058;12;12062;15;;;12048.5;0.0
yf_ADM_d12;35100;ASH_COATED_OSMIUM;9928;19;9926;20;;;9934;12;9938;24;;;9931.0;0.0
yf_ADM_d12;35100;INTARIAN_PEPPER_ROOT;12025;18;12022;21;;;12069;12;12073;23;;;12047.0;0.0
yf_ADM_d12;35200;ASH_COATED_OSMIUM;9922;24;9920;19;;;9939;15;9943;18;;;9930.5;0.0
yf_ADM_d12;35200;INTARIAN_PEPPER_ROOT;12042;9;12040;18;;;12049;5;12051;19;;;12045.5;0.0
yf_ADM_d12;35300;ASH_COATED_OSMIUM;9926;5;9923;16;;;9936;19;9939;19;;;9931.0;0.0
yf_ADM_d12;35300;INTARIAN_PEPPER_ROOT;12042;8;12040;27;;;12048;20;12052;29;;;12045.0;0.0
yf_ADM_d12;35400;ASH_COATED_OSMIUM;9928;17;9924;23;;;9934;18;9938;30;;;9931.0;0.0
yf_ADM_d12;35400;INTARIAN_PEPPER_ROOT;12039;16;12037;15;;;12048;17;12052;15;;;12043.5;0.0
yf_ADM_d12;35500;ASH_COATED_OSMIUM;9928;9;9924;25;;;9934;16;9936;18;;;9931.0;0.0
yf_ADM_d12;35500;INTARIAN_PEPPER_ROOT;12031;10;12027;23;;;12054;15;12056;21;;;12042.5;0.0
yf_ADM_d12;35600;ASH_COATED_OSMIUM;9927;18;9923;23;;;9935;15;9938;25;;;9931.0;0.0
yf_ADM_d12;35600;INTARIAN_PEPPER_ROOT;12039;18;12037;30;;;12045;13;12048;16;;;12042.0;0.0
yf_ADM_d12;35700;ASH_COATED_OSMIUM;9926;8;9922;29;;;9935;13;9937;26;;;9930.5;0.0
yf_ADM_d12;35700;INTARIAN_PEPPER_ROOT;12038;16;12036;29;;;12044;22;12046;21;;;12041.0;0.0
yf_ADM_d12;35800;ASH_COATED_OSMIUM;9923;20;9919;29;;;9937;10;9939;16;;;9930.0;0.0
yf_ADM_d12;35800;INTARIAN_PEPPER_ROOT;12036;18;12032;17;;;12042;8;12044;17;;;12039.0;0.0
yf_ADM_d12;35900;ASH_COATED_OSMIUM;9928;23;9925;19;;;9934;22;9936;31;;;9931.0;0.0
yf_ADM_d12;35900;INTARIAN_PEPPER_ROOT;12031;21;12028;16;;;12044;26;12048;23;;;12037.5;0.0
yf_ADM_d12;36000;ASH_COATED_OSMIUM;9927;14;9925;18;;;9933;17;9937;20;;;9930.0;0.0
yf_ADM_d12;36000;INTARIAN_PEPPER_ROOT;12034;13;12030;22;;;12040;22;12043;26;;;12037.0;0.0
yf_ADM_d12;36100;ASH_COATED_OSMIUM;9927;20;9925;22;;;9933;14;9936;17;;;9930.0;0.0
yf_ADM_d12;36100;INTARIAN_PEPPER_ROOT;12033;15;12030;26;;;12039;7;12041;22;;;12036.0;0.0
yf_ADM_d12;36200;ASH_COATED_OSMIUM;9924;11;9922;16;;;9935;11;9939;26;;;9929.5;0.0
yf_ADM_d12;36200;INTARIAN_PEPPER_ROOT;12032;17;12030;24;;;12038;13;12041;22;;;12035.0;0.0
yf_ADM_d12;36300;ASH_COATED_OSMIUM;9924;11;9921;20;;;9936;13;9939;21;;;9930.0;0.0
yf_ADM_d12;36300;INTARIAN_PEPPER_ROOT;12029;21;12027;15;;;12038;8;12042;25;;;12033.5;0.0
yf_ADM_d12;36400;ASH_COATED_OSMIUM;9927;10;9923;24;;;9933;7;9935;35;;;9930.0;0.0
yf_ADM_d12;36400;INTARIAN_PEPPER_ROOT;12029;16;12026;21;;;12035;18;12037;14;;;12032.0;0.0
yf_ADM_d12;36500;ASH_COATED_OSMIUM;9928;15;9926;17;;;9934;8;9936;17;;;9931.0;0.0
yf_ADM_d12;36500;INTARIAN_PEPPER_ROOT;12027;16;12024;35;;;12036;11;12040;25;;;12031.5;0.0
yf_ADM_d12;36600;ASH_COATED_OSMIUM;9927;18;9924;19;;;9933;9;9935;23;;;9930.0;0.0
yf_ADM_d12;36600;INTARIAN_PEPPER_ROOT;12027;13;12025;19;;;12033;10;12035;21;;;12030.0;0.0
yf_ADM_d12;36700;ASH_COATED_OSMIUM;9926;13;9922;31;;;9934;9;9936;20;;;9930.0;0.0
yf_ADM_d12;36700;INTARIAN_PEPPER_ROOT;12026;23;12023;20;;;12032;19;12035;17;;;12029.0;0.0
yf_ADM_d12;36800;ASH_COATED_OSMIUM;9927;11;9925;14;;;9933;18;9935;28;;;9930.0;0.0
yf_ADM_d12;36800;INTARIAN_PEPPER_ROOT;12025;21;12022;21;;;12031;22;12034;23;;;12028.0;0.0
yf_ADM_d12;36900;ASH_COATED_OSMIUM;9924;9;9921;18;;;9934;12;9936;20;;;9929.0;0.0
yf_ADM_d12;36900;INTARIAN_PEPPER_ROOT;12024;5;12022;25;;;12030;12;12032;21;;;12027.0;0.0
yf_ADM_d12;37000;ASH_COATED_OSMIUM;9924;9;9921;17;;;9935;22;9938;19;;;9929.5;0.0
yf_ADM_d12;37000;INTARIAN_PEPPER_ROOT;12022;19;12020;20;;;12028;14;12031;23;;;12025.0;0.0
yf_ADM_d12;37100;ASH_COATED_OSMIUM;9927;5;9925;21;;;9933;20;9936;14;;;9930.0;0.0
yf_ADM_d12;37100;INTARIAN_PEPPER_ROOT;12021;21;12018;21;;;12027;7;12029;15;;;12024.0;0.0
yf_ADM_d12;37200;ASH_COATED_OSMIUM;9926;17;9923;17;;;9932;23;9935;19;;;9929.0;0.0
yf_ADM_d12;37200;INTARIAN_PEPPER_ROOT;12019;18;12016;16;;;12028;16;12031;27;;;12023.5;0.0
yf_ADM_d12;37300;ASH_COATED_OSMIUM;9927;5;9923;22;;;9933;13;9937;20;;;9930.0;0.0
yf_ADM_d12;37300;INTARIAN_PEPPER_ROOT;12017;18;12014;15;;;12027;16;12031;18;;;12022.0;0.0
yf_ADM_d12;37400;ASH_COATED_OSMIUM;9926;7;9923;24;;;9932;5;9934;18;;;9929.0;0.0
yf_ADM_d12;37400;INTARIAN_PEPPER_ROOT;12013;12;12009;18;;;12030;15;12032;21;;;12021.5;0.0
yf_ADM_d12;37500;ASH_COATED_OSMIUM;9925;15;9922;24;;;9934;6;9936;25;;;9929.5;0.0
yf_ADM_d12;37500;INTARIAN_PEPPER_ROOT;12017;17;12014;22;;;12023;9;12025;28;;;12020.0;0.0
yf_ADM_d12;37600;ASH_COATED_OSMIUM;9926;10;9923;14;;;9932;20;9936;24;;;9929.0;0.0
yf_ADM_d12;37600;INTARIAN_PEPPER_ROOT;12016;21;12012;21;;;12022;12;12025;22;;;12019.0;0.0
yf_ADM_d12;37700;ASH_COATED_OSMIUM;9926;14;9922;14;;;9932;16;9936;18;;;9929.0;0.0
yf_ADM_d12;37700;INTARIAN_PEPPER_ROOT;12015;13;12013;22;;;12021;9;12025;14;;;12018.0;0.0
yf_ADM_d12;37800;ASH_COATED_OSMIUM;9926;12;9922;20;;;9932;15;9934;14;;;9929.0;0.0
yf_ADM_d12;37800;INTARIAN_PEPPER_ROOT;12013;17;12009;8;;;12019;13;12022;18;;;12016.0;0.0
yf_ADM_d12;37900;ASH_COATED_OSMIUM;9926;15;9922;22;;;9932;16;9935;18;;;9929.0;0.0
yf_ADM_d12;37900;INTARIAN_PEPPER_ROOT;12012;19;12009;30;;;12018;15;12021;28;;;12015.0;0.0
yf_ADM_d12;38000;ASH_COATED_OSMIUM;9918;15;9915;23;;;9940;14;9942;17;;;9929.0;0.0
yf_ADM_d12;38000;INTARIAN_PEPPER_ROOT;12012;14;12008;12;;;12018;11;12021;25;;;12015.0;0.0
yf_ADM_d12;38100;ASH_COATED_OSMIUM;9926;13;9922;20;;;9932;16;9936;11;;;9929.0;0.0
yf_ADM_d12;38100;INTARIAN_PEPPER_ROOT;12010;8;12006;24;;;12016;18;12020;21;;;12013.0;0.0
yf_ADM_d12;38200;ASH_COATED_OSMIUM;9925;12;9922;12;;;9931;17;9935;22;;;9928.0;0.0
yf_ADM_d12;38200;INTARIAN_PEPPER_ROOT;12003;20;12000;18;;;12021;14;12024;15;;;12012.0;0.0
yf_ADM_d12;38300;ASH_COATED_OSMIUM;9924;7;9922;17;;;9933;14;9936;20;;;9928.5;0.0
yf_ADM_d12;38300;INTARIAN_PEPPER_ROOT;12007;6;12005;12;;;12014;8;12016;23;;;12010.5;0.0
yf_ADM_d12;38400;ASH_COATED_OSMIUM;9925;17;9922;18;;;9931;14;9935;20;;;9928.0;0.0
yf_ADM_d12;38400;INTARIAN_PEPPER_ROOT;12007;12;12003;17;;;12013;18;12015;24;;;12010.0;0.0
yf_ADM_d12;38500;ASH_COATED_OSMIUM;9925;9;9921;26;;;9931;21;9934;19;;;9928.0;0.0
yf_ADM_d12;38500;INTARIAN_PEPPER_ROOT;12005;13;12001;17;;;12012;20;12014;18;;;12008.5;0.0
yf_ADM_d12;38600;ASH_COATED_OSMIUM;9917;9;9915;20;;;9939;12;9941;17;;;9928.0;0.0
yf_ADM_d12;38600;INTARIAN_PEPPER_ROOT;12005;16;12002;15;;;12011;15;12013;28;;;12008.0;0.0
yf_ADM_d12;38700;ASH_COATED_OSMIUM;9923;14;9921;20;;;9933;14;9935;8;;;9928.0;0.0
yf_ADM_d12;38700;INTARIAN_PEPPER_ROOT;12003;9;12000;13;;;12009;8;12011;21;;;12006.0;0.0
yf_ADM_d12;38800;ASH_COATED_OSMIUM;9925;21;9923;17;;;9931;11;9935;17;;;9928.0;0.0
yf_ADM_d12;38800;INTARIAN_PEPPER_ROOT;12003;11;12001;24;;;12009;12;12011;31;;;12006.0;0.0
yf_ADM_d12;38900;ASH_COATED_OSMIUM;9925;12;9922;28;;;9931;19;9934;23;;;9928.0;0.0
yf_ADM_d12;38900;INTARIAN_PEPPER_ROOT;11994;18;11991;10;;;12013;11;12016;29;;;12003.5;0.0
yf_ADM_d12;39000;ASH_COATED_OSMIUM;9925;10;9921;23;;;9931;20;9933;22;;;9928.0;0.0
yf_ADM_d12;39000;INTARIAN_PEPPER_ROOT;12000;14;11998;23;;;12006;19;12008;16;;;12003.0;0.0
yf_ADM_d12;39100;ASH_COATED_OSMIUM;9920;8;9918;19;;;9936;10;9938;20;;;9928.0;0.0
yf_ADM_d12;39100;INTARIAN_PEPPER_ROOT;11997;9;11993;27;;;12009;15;12013;13;;;12003.0;0.0
yf_ADM_d12;39200;ASH_COATED_OSMIUM;9925;14;9923;20;;;9931;10;9933;24;;;9928.0;0.0
yf_ADM_d12;39200;INTARIAN_PEPPER_ROOT;11989;11;11986;19;;;12014;16;12018;17;;;12001.5;0.0
yf_ADM_d12;39300;ASH_COATED_OSMIUM;9925;13;9922;25;;;9931;9;9934;34;;;9928.0;0.0
yf_ADM_d12;39300;INTARIAN_PEPPER_ROOT;11997;5;11994;10;;;12003;26;12006;18;;;12000.0;0.0
yf_ADM_d12;39400;ASH_COATED_OSMIUM;9924;25;9922;14;;;9930;15;9933;17;;;9927.0;0.0
yf_ADM_d12;39400;INTARIAN_PEPPER_ROOT;11996;12;11992;13;;;12002;13;12005;24;;;11999.0;0.0
yf_ADM_d12;39500;ASH_COATED_OSMIUM;9924;12;9920;26;;;9930;15;9932;22;;;9927.0;0.0
yf_ADM_d12;39500;INTARIAN_PEPPER_ROOT;11993;14;11990;20;;;12002;10;12004;21;;;11997.5;0.0
yf_ADM_d12;39600;ASH_COATED_OSMIUM;9920;10;9918;24;;;9936;13;9940;22;;;9928.0;0.0
yf_ADM_d12;39600;INTARIAN_PEPPER_ROOT;11994;15;11990;18;;;12000;15;12004;24;;;11997.0;0.0
yf_ADM_d12;39700;ASH_COATED_OSMIUM;9924;12;9920;17;;;9930;15;9933;19;;;9927.0;0.0
yf_ADM_d12;39700;INTARIAN_PEPPER_ROOT;11993;19;11990;21;;;11999;10;12001;24;;;11996.0;0.0
yf_ADM_d12;39800;ASH_COATED_OSMIUM;9923;9;9919;30;;;9930;10;9933;23;;;9926.5;0.0
yf_ADM_d12;39800;INTARIAN_PEPPER_ROOT;11991;17;11989;16;;;11997;12;12001;13;;;11994.0;0.0
yf_ADM_d12;39900;ASH_COATED_OSMIUM;9924;15;9920;30;;;9930;10;9934;21;;;9927.0;0.0
yf_ADM_d12;39900;INTARIAN_PEPPER_ROOT;11985;16;11983;19;;;12000;19;12002;26;;;11992.5;0.0
yf_ADM_d12;40000;ASH_COATED_OSMIUM;9924;15;9922;31;;;9930;10;9933;19;;;9927.0;0.0
yf_ADM_d12;40000;INTARIAN_PEPPER_ROOT;11989;18;11985;23;;;11995;16;11997;27;;;11992.0;0.0
yf_ADM_d12;40100;ASH_COATED_OSMIUM;9924;17;9920;25;;;9930;18;9932;22;;;9927.0;0.0
yf_ADM_d12;40100;INTARIAN_PEPPER_ROOT;11988;10;11984;22;;;11994;12;11996;16;;;11991.0;0.0
yf_ADM_d12;40200;ASH_COATED_OSMIUM;9924;11;9921;17;;;9930;22;9933;22;;;9927.0;0.0
yf_ADM_d12;40200;INTARIAN_PEPPER_ROOT;11987;11;11985;29;;;11993;18;11995;21;;;11990.0;0.0
yf_ADM_d12;40300;ASH_COATED_OSMIUM;9925;14;9922;22;;;9931;14;9934;16;;;9928.0;0.0
yf_ADM_d12;40300;INTARIAN_PEPPER_ROOT;11986;16;11984;24;;;11992;20;11994;18;;;11989.0;0.0
yf_ADM_d12;40400;ASH_COATED_OSMIUM;9924;19;9922;18;;;9930;13;9933;19;;;9927.0;0.0
yf_ADM_d12;40400;INTARIAN_PEPPER_ROOT;11984;13;11980;18;;;11990;15;11994;21;;;11987.0;0.0
yf_ADM_d12;40500;ASH_COATED_OSMIUM;9916;15;9913;17;;;9937;21;9940;15;;;9926.5;0.0
yf_ADM_d12;40500;INTARIAN_PEPPER_ROOT;11983;19;11981;14;;;11989;14;11991;12;;;11986.0;0.0
yf_ADM_d12;40600;ASH_COATED_OSMIUM;9924;15;9922;20;;;9930;6;9934;15;;;9927.0;0.0
yf_ADM_d12;40600;INTARIAN_PEPPER_ROOT;11981;10;11977;24;;;11988;16;11990;24;;;11984.5;0.0
yf_ADM_d12;40700;ASH_COATED_OSMIUM;9924;17;9920;19;;;9930;18;9932;31;;;9927.0;0.0
yf_ADM_d12;40700;INTARIAN_PEPPER_ROOT;11977;8;11974;15;;;11989;24;11992;18;;;11983.0;0.0
yf_ADM_d12;40800;ASH_COATED_OSMIUM;9923;16;9919;13;;;9930;14;9932;24;;;9926.5;0.0
yf_ADM_d12;40800;INTARIAN_PEPPER_ROOT;11975;19;11973;22;;;11990;6;11992;16;;;11982.5;0.0
yf_ADM_d12;40900;ASH_COATED_OSMIUM;9922;12;9918;15;;;9930;18;9932;24;;;9926.0;0.0
yf_ADM_d12;40900;INTARIAN_PEPPER_ROOT;11979;16;11977;25;;;11985;5;11989;12;;;11982.0;0.0
yf_ADM_d12;41000;ASH_COATED_OSMIUM;9921;14;9918;20;;;9930;17;9934;10;;;9925.5;0.0
yf_ADM_d12;41000;INTARIAN_PEPPER_ROOT;11978;13;11975;17;;;11984;17;11986;17;;;11981.0;0.0
yf_ADM_d12;41100;ASH_COATED_OSMIUM;9919;19;9916;20;;;9934;10;9937;23;;;9926.5;0.0
yf_ADM_d12;41100;INTARIAN_PEPPER_ROOT;11977;21;11974;23;;;11983;15;11987;16;;;11980.0;0.0
yf_ADM_d12;41200;ASH_COATED_OSMIUM;9915;17;9912;18;;;9937;12;9941;20;;;9926.0;0.0
yf_ADM_d12;41200;INTARIAN_PEPPER_ROOT;11976;11;11973;18;;;11982;17;11986;19;;;11979.0;0.0
yf_ADM_d12;41300;ASH_COATED_OSMIUM;9920;12;9916;17;;;9932;6;9935;23;;;9926.0;0.0
yf_ADM_d12;41300;INTARIAN_PEPPER_ROOT;11969;17;11967;21;;;11985;19;11988;20;;;11977.0;0.0
yf_ADM_d12;41400;ASH_COATED_OSMIUM;9922;13;9920;26;;;9929;14;9932;21;;;9925.5;0.0
yf_ADM_d12;41400;INTARIAN_PEPPER_ROOT;11963;21;11960;9;;;11991;11;11995;15;;;11977.0;0.0
yf_ADM_d12;41500;ASH_COATED_OSMIUM;9918;20;9915;19;;;9934;17;9938;25;;;9926.0;0.0
yf_ADM_d12;41500;INTARIAN_PEPPER_ROOT;11972;16;11968;16;;;11979;14;11983;15;;;11975.5;0.0
yf_ADM_d12;41600;ASH_COATED_OSMIUM;9922;12;9919;24;;;9928;12;9930;18;;;9925.0;0.0
yf_ADM_d12;41600;INTARIAN_PEPPER_ROOT;11971;10;11969;22;;;11977;5;11979;20;;;11974.0;0.0
yf_ADM_d12;41700;ASH_COATED_OSMIUM;9920;7;9918;21;;;9932;30;9934;15;;;9926.0;0.0
yf_ADM_d12;41700;INTARIAN_PEPPER_ROOT;11965;17;11963;25;;;11979;21;11981;16;;;11972.0;0.0
yf_ADM_d12;41800;ASH_COATED_OSMIUM;9919;5;9917;12;;;9931;12;9934;30;;;9925.0;0.0
yf_ADM_d12;41800;INTARIAN_PEPPER_ROOT;11968;26;11965;22;;;11974;10;11978;22;;;11971.0;0.0
yf_ADM_d12;41900;ASH_COATED_OSMIUM;9922;15;9920;22;;;9929;26;9932;14;;;9925.5;0.0
yf_ADM_d12;41900;INTARIAN_PEPPER_ROOT;11967;17;11963;16;;;11973;18;11977;21;;;11970.0;0.0
yf_ADM_d12;42000;ASH_COATED_OSMIUM;9922;17;9919;24;;;9928;17;9930;17;;;9925.0;0.0
yf_ADM_d12;42000;INTARIAN_PEPPER_ROOT;11966;5;11962;19;;;11973;14;11977;13;;;11969.5;0.0
yf_ADM_d12;42100;ASH_COATED_OSMIUM;9922;5;9919;14;;;9929;15;9932;17;;;9925.5;0.0
yf_ADM_d12;42100;INTARIAN_PEPPER_ROOT;11965;14;11961;24;;;11971;5;11973;10;;;11968.0;0.0
yf_ADM_d12;42200;ASH_COATED_OSMIUM;9922;16;9918;20;;;9928;8;9932;17;;;9925.0;0.0
yf_ADM_d12;42200;INTARIAN_PEPPER_ROOT;11964;11;11960;29;;;11970;7;11972;17;;;11967.0;0.0
yf_ADM_d12;42300;ASH_COATED_OSMIUM;9916;16;9912;22;;;9935;20;9939;24;;;9925.5;0.0
yf_ADM_d12;42300;INTARIAN_PEPPER_ROOT;11962;12;11958;25;;;11970;23;11972;20;;;11966.0;0.0
yf_ADM_d12;42400;ASH_COATED_OSMIUM;9918;22;9915;31;;;9932;21;9935;17;;;9925.0;0.0
yf_ADM_d12;42400;INTARIAN_PEPPER_ROOT;11962;8;11958;15;;;11968;19;11970;22;;;11965.0;0.0
yf_ADM_d12;42500;ASH_COATED_OSMIUM;9922;15;9919;21;;;9928;12;9931;26;;;9925.0;0.0
yf_ADM_d12;42500;INTARIAN_PEPPER_ROOT;11960;10;11957;18;;;11968;8;11970;14;;;11964.0;0.0
yf_ADM_d12;42600;ASH_COATED_OSMIUM;9915;12;9913;18;;;9935;19;9937;8;;;9925.0;0.0
yf_ADM_d12;42600;INTARIAN_PEPPER_ROOT;11960;27;11958;24;;;11966;18;11970;24;;;11963.0;0.0
yf_ADM_d12;42700;ASH_COATED_OSMIUM;9919;16;9916;30;;;9931;10;9935;23;;;9925.0;0.0
yf_ADM_d12;42700;INTARIAN_PEPPER_ROOT;11955;18;11952;15;;;11969;12;11971;18;;;11962.0;0.0
yf_ADM_d12;42800;ASH_COATED_OSMIUM;9920;24;9916;15;;;9929;9;9932;29;;;9924.5;0.0
yf_ADM_d12;42800;INTARIAN_PEPPER_ROOT;11955;13;11953;23;;;11965;12;11967;16;;;11960.0;0.0
yf_ADM_d12;42900;ASH_COATED_OSMIUM;9922;20;9919;24;;;9928;17;9930;19;;;9925.0;0.0
yf_ADM_d12;42900;INTARIAN_PEPPER_ROOT;11956;16;11954;16;;;11962;15;11966;20;;;11959.0;0.0
yf_ADM_d12;43000;ASH_COATED_OSMIUM;9922;13;9919;22;;;9928;12;9932;19;;;9925.0;0.0
yf_ADM_d12;43000;INTARIAN_PEPPER_ROOT;11955;15;11953;20;;;11961;15;11965;24;;;11958.0;0.0
yf_ADM_d12;43100;ASH_COATED_OSMIUM;9921;11;9917;22;;;9927;18;9930;9;;;9924.0;0.0
yf_ADM_d12;43100;INTARIAN_PEPPER_ROOT;11954;16;11951;8;;;11960;14;11963;17;;;11957.0;0.0
yf_ADM_d12;43200;ASH_COATED_OSMIUM;9921;8;9919;12;;;9927;12;9931;27;;;9924.0;0.0
yf_ADM_d12;43200;INTARIAN_PEPPER_ROOT;11950;14;11947;14;;;11961;8;11965;17;;;11955.5;0.0
yf_ADM_d12;43300;ASH_COATED_OSMIUM;9920;5;9917;15;;;9928;17;9930;21;;;9924.0;0.0
yf_ADM_d12;43300;INTARIAN_PEPPER_ROOT;11951;17;11947;24;;;11957;17;11961;20;;;11954.0;0.0
yf_ADM_d12;43400;ASH_COATED_OSMIUM;9921;17;9917;24;;;9927;18;9929;19;;;9924.0;0.0
yf_ADM_d12;43400;INTARIAN_PEPPER_ROOT;11950;19;11946;16;;;11956;14;11960;28;;;11953.0;0.0
yf_ADM_d12;43500;ASH_COATED_OSMIUM;9922;14;9918;21;;;9928;17;9931;11;;;9925.0;0.0
yf_ADM_d12;43500;INTARIAN_PEPPER_ROOT;11939;27;11935;21;;;11965;15;11968;22;;;11952.0;0.0
yf_ADM_d12;43600;ASH_COATED_OSMIUM;9921;19;9918;21;;;9927;12;9930;16;;;9924.0;0.0
yf_ADM_d12;43600;INTARIAN_PEPPER_ROOT;11948;14;11946;11;;;11954;9;11956;17;;;11951.0;0.0
yf_ADM_d12;43700;ASH_COATED_OSMIUM;9921;15;9917;23;;;9927;13;9929;9;;;9924.0;0.0
yf_ADM_d12;43700;INTARIAN_PEPPER_ROOT;11923;22;11919;30;;;11978;12;11982;17;;;11950.5;0.0
yf_ADM_d12;43800;ASH_COATED_OSMIUM;9921;14;9917;18;;;9927;18;9931;20;;;9924.0;0.0
yf_ADM_d12;43800;INTARIAN_PEPPER_ROOT;11946;19;11944;17;;;11952;14;11955;16;;;11949.0;0.0
yf_ADM_d12;43900;ASH_COATED_OSMIUM;9921;11;9918;28;;;9927;12;9931;19;;;9924.0;0.0
yf_ADM_d12;43900;INTARIAN_PEPPER_ROOT;11944;15;11941;23;;;11951;11;11954;23;;;11947.5;0.0
yf_ADM_d12;44000;ASH_COATED_OSMIUM;9917;15;9914;18;;;9931;19;9933;17;;;9924.0;0.0
yf_ADM_d12;44000;INTARIAN_PEPPER_ROOT;11944;12;11941;25;;;11950;17;11954;13;;;11947.0;0.0
yf_ADM_d12;44100;ASH_COATED_OSMIUM;9915;14;9912;17;;;9931;18;9933;17;;;9923.0;0.0
yf_ADM_d12;44100;INTARIAN_PEPPER_ROOT;11929;14;11926;18;;;11961;17;11964;21;;;11945.0;0.0
yf_ADM_d12;44200;ASH_COATED_OSMIUM;9918;22;9916;18;;;9928;14;9932;19;;;9923.0;0.0
yf_ADM_d12;44200;INTARIAN_PEPPER_ROOT;11942;11;11939;22;;;11948;14;11951;21;;;11945.0;0.0
yf_ADM_d12;44300;ASH_COATED_OSMIUM;9920;22;9917;18;;;9926;15;9929;24;;;9923.0;0.0
yf_ADM_d12;44300;INTARIAN_PEPPER_ROOT;11939;14;11935;23;;;11948;10;11951;21;;;11943.5;0.0
yf_ADM_d12;44400;ASH_COATED_OSMIUM;9921;20;9918;22;;;9927;16;9929;15;;;9924.0;0.0
yf_ADM_d12;44400;INTARIAN_PEPPER_ROOT;11939;12;11935;23;;;11945;11;11947;14;;;11942.0;0.0
yf_ADM_d12;44500;ASH_COATED_OSMIUM;9920;16;9918;24;;;9926;13;9930;16;;;9923.0;0.0
yf_ADM_d12;44500;INTARIAN_PEPPER_ROOT;11938;9;11936;27;;;11944;13;11948;18;;;11941.0;0.0
yf_ADM_d12;44600;ASH_COATED_OSMIUM;9920;15;9917;12;;;9926;14;9929;20;;;9923.0;0.0
yf_ADM_d12;44600;INTARIAN_PEPPER_ROOT;11937;15;11934;22;;;11943;10;11947;19;;;11940.0;0.0
yf_ADM_d12;44700;ASH_COATED_OSMIUM;9915;20;9911;18;;;9931;11;9933;8;;;9923.0;0.0
yf_ADM_d12;44700;INTARIAN_PEPPER_ROOT;11936;18;11934;17;;;11942;20;11944;8;;;11939.0;0.0
yf_ADM_d12;44800;ASH_COATED_OSMIUM;9920;11;9916;16;;;9926;19;9929;22;;;9923.0;0.0
yf_ADM_d12;44800;INTARIAN_PEPPER_ROOT;11928;14;11926;18;;;11948;12;11950;21;;;11938.0;0.0
yf_ADM_d12;44900;ASH_COATED_OSMIUM;9920;18;9917;19;;;9926;23;9930;23;;;9923.0;0.0
yf_ADM_d12;44900;INTARIAN_PEPPER_ROOT;11934;14;11931;19;;;11940;15;11942;11;;;11937.0;0.0
yf_ADM_d12;45000;ASH_COATED_OSMIUM;9920;18;9917;29;;;9926;17;9930;24;;;9923.0;0.0
yf_ADM_d12;45000;INTARIAN_PEPPER_ROOT;11932;12;11929;19;;;11938;18;11940;17;;;11935.0;0.0
yf_ADM_d12;45100;ASH_COATED_OSMIUM;9915;14;9913;16;;;9931;12;9933;14;;;9923.0;0.0
yf_ADM_d12;45100;INTARIAN_PEPPER_ROOT;11929;13;11926;16;;;11938;17;11940;22;;;11933.5;0.0
yf_ADM_d12;45200;ASH_COATED_OSMIUM;9904;6;9900;19;;;9940;18;9943;18;;;9922.0;0.0
yf_ADM_d12;45200;INTARIAN_PEPPER_ROOT;11930;27;11926;19;;;11936;14;11938;13;;;11933.0;0.0
yf_ADM_d12;45300;ASH_COATED_OSMIUM;9919;27;9917;20;;;9925;8;9927;21;;;9922.0;0.0
yf_ADM_d12;45300;INTARIAN_PEPPER_ROOT;11923;19;11919;18;;;11941;14;11943;28;;;11932.0;0.0
yf_ADM_d12;45400;ASH_COATED_OSMIUM;9919;9;9916;25;;;9925;14;9928;21;;;9922.0;0.0
yf_ADM_d12;45400;INTARIAN_PEPPER_ROOT;11928;25;11924;24;;;11934;6;11937;17;;;11931.0;0.0
yf_ADM_d12;45500;ASH_COATED_OSMIUM;9914;10;9911;15;;;9931;13;9934;25;;;9922.5;0.0
yf_ADM_d12;45500;INTARIAN_PEPPER_ROOT;11926;12;11922;19;;;11932;20;11934;17;;;11929.0;0.0
yf_ADM_d12;45600;ASH_COATED_OSMIUM;9919;15;9915;11;;;9925;8;9929;23;;;9922.0;0.0
yf_ADM_d12;45600;INTARIAN_PEPPER_ROOT;11923;18;11919;12;;;11934;16;11937;24;;;11928.5;0.0
yf_ADM_d12;45700;ASH_COATED_OSMIUM;9919;5;9917;23;;;9925;23;9929;26;;;9922.0;0.0
yf_ADM_d12;45700;INTARIAN_PEPPER_ROOT;11922;15;11920;12;;;11933;5;11935;13;;;11927.5;0.0
yf_ADM_d12;45800;ASH_COATED_OSMIUM;9918;22;9914;27;;;9927;14;9930;29;;;9922.5;0.0
yf_ADM_d12;45800;INTARIAN_PEPPER_ROOT;11922;16;11919;31;;;11932;15;11934;24;;;11927.0;0.0
yf_ADM_d12;45900;ASH_COATED_OSMIUM;9919;15;9917;26;;;9925;18;9928;16;;;9922.0;0.0
yf_ADM_d12;45900;INTARIAN_PEPPER_ROOT;11920;19;11916;17;;;11932;18;11935;26;;;11926.0;0.0
yf_ADM_d12;46000;ASH_COATED_OSMIUM;9916;15;9912;17;;;9928;17;9932;24;;;9922.0;0.0
yf_ADM_d12;46000;INTARIAN_PEPPER_ROOT;11921;13;11919;14;;;11927;14;11930;25;;;11924.0;0.0
yf_ADM_d12;46100;ASH_COATED_OSMIUM;9919;11;9915;22;;;9925;15;9927;24;;;9922.0;0.0
yf_ADM_d12;46100;INTARIAN_PEPPER_ROOT;11920;10;11918;27;;;11926;13;11930;30;;;11923.0;0.0
yf_ADM_d12;46200;ASH_COATED_OSMIUM;9918;19;9915;25;;;9924;16;9926;16;;;9921.0;0.0
yf_ADM_d12;46200;INTARIAN_PEPPER_ROOT;11919;20;11916;28;;;11925;14;11929;19;;;11922.0;0.0
yf_ADM_d12;46300;ASH_COATED_OSMIUM;9908;19;9906;23;;;9935;19;9938;27;;;9921.5;0.0
yf_ADM_d12;46300;INTARIAN_PEPPER_ROOT;11906;17;11904;22;;;11935;12;11939;22;;;11920.5;0.0
yf_ADM_d12;46400;ASH_COATED_OSMIUM;9918;9;9915;26;;;9924;15;9927;14;;;9921.0;0.0
yf_ADM_d12;46400;INTARIAN_PEPPER_ROOT;11916;9;11914;19;;;11924;21;11928;20;;;11920.0;0.0
yf_ADM_d12;46500;ASH_COATED_OSMIUM;9918;20;9916;23;;;9925;15;9927;23;;;9921.5;0.0
yf_ADM_d12;46500;INTARIAN_PEPPER_ROOT;11916;20;11913;19;;;11922;8;11925;23;;;11919.0;0.0
yf_ADM_d12;46600;ASH_COATED_OSMIUM;9918;23;9914;12;;;9925;14;9927;18;;;9921.5;0.0
yf_ADM_d12;46600;INTARIAN_PEPPER_ROOT;11906;23;11903;19;;;11929;8;11933;29;;;11917.5;0.0
yf_ADM_d12;46700;ASH_COATED_OSMIUM;9918;10;9914;19;;;9924;11;9928;25;;;9921.0;0.0
yf_ADM_d12;46700;INTARIAN_PEPPER_ROOT;11913;12;11909;26;;;11919;16;11921;22;;;11916.0;0.0
yf_ADM_d12;46800;ASH_COATED_OSMIUM;9916;25;9914;16;;;9926;6;9929;21;;;9921.0;0.0
yf_ADM_d12;46800;INTARIAN_PEPPER_ROOT;11912;14;11909;20;;;11918;23;11921;23;;;11915.0;0.0
yf_ADM_d12;46900;ASH_COATED_OSMIUM;9917;18;9913;10;;;9925;16;9927;18;;;9921.0;0.0
yf_ADM_d12;46900;INTARIAN_PEPPER_ROOT;11899;20;11897;17;;;11929;25;11932;23;;;11914.0;0.0
yf_ADM_d12;47000;ASH_COATED_OSMIUM;9916;8;9912;24;;;9925;19;9929;28;;;9920.5;0.0
yf_ADM_d12;47000;INTARIAN_PEPPER_ROOT;11906;9;11902;20;;;11920;12;11924;23;;;11913.0;0.0
yf_ADM_d12;47100;ASH_COATED_OSMIUM;9918;10;9915;19;;;9924;11;9928;18;;;9921.0;0.0
yf_ADM_d12;47100;INTARIAN_PEPPER_ROOT;11908;15;11905;21;;;11915;15;11919;20;;;11911.5;0.0
yf_ADM_d12;47200;ASH_COATED_OSMIUM;9918;14;9915;17;;;9924;12;9927;20;;;9921.0;0.0
yf_ADM_d12;47200;INTARIAN_PEPPER_ROOT;11908;16;11905;15;;;11914;9;11918;19;;;11911.0;0.0
yf_ADM_d12;47300;ASH_COATED_OSMIUM;9913;10;9910;25;;;9930;16;9934;24;;;9921.5;0.0
yf_ADM_d12;47300;INTARIAN_PEPPER_ROOT;11906;14;11903;22;;;11912;19;11914;19;;;11909.0;0.0
yf_ADM_d12;47400;ASH_COATED_OSMIUM;9918;8;9915;17;;;9924;15;9926;22;;;9921.0;0.0
yf_ADM_d12;47400;INTARIAN_PEPPER_ROOT;11906;5;11902;27;;;11912;14;11916;16;;;11909.0;0.0
yf_ADM_d12;47500;ASH_COATED_OSMIUM;9916;8;9913;17;;;9924;9;9927;8;;;9920.0;0.0
yf_ADM_d12;47500;INTARIAN_PEPPER_ROOT;11904;8;11902;12;;;11910;10;11913;22;;;11907.0;0.0
yf_ADM_d12;47600;ASH_COATED_OSMIUM;9917;23;9915;21;;;9923;15;9927;32;;;9920.0;0.0
yf_ADM_d12;47600;INTARIAN_PEPPER_ROOT;11903;6;11900;17;;;11909;15;11912;10;;;11906.0;0.0
yf_ADM_d12;47700;ASH_COATED_OSMIUM;9917;6;9913;17;;;9923;15;9926;20;;;9920.0;0.0
yf_ADM_d12;47700;INTARIAN_PEPPER_ROOT;11902;8;11898;8;;;11908;21;11911;25;;;11905.0;0.0
yf_ADM_d12;47800;ASH_COATED_OSMIUM;9917;16;9915;31;;;9923;6;9925;20;;;9920.0;0.0
yf_ADM_d12;47800;INTARIAN_PEPPER_ROOT;11901;13;11898;10;;;11907;8;11910;16;;;11904.0;0.0
yf_ADM_d12;47900;ASH_COATED_OSMIUM;9914;9;9910;27;;;9926;13;9929;16;;;9920.0;0.0
yf_ADM_d12;47900;INTARIAN_PEPPER_ROOT;11897;15;11895;21;;;11907;24;11909;30;;;11902.0;0.0
yf_ADM_d12;48000;ASH_COATED_OSMIUM;9915;6;9911;20;;;9924;15;9927;14;;;9919.5;0.0
yf_ADM_d12;48000;INTARIAN_PEPPER_ROOT;11897;16;11895;25;;;11907;12;11910;20;;;11902.0;0.0
yf_ADM_d12;48100;ASH_COATED_OSMIUM;9917;16;9915;26;;;9923;14;9927;13;;;9920.0;0.0
yf_ADM_d12;48100;INTARIAN_PEPPER_ROOT;11898;21;11894;23;;;11904;20;11906;20;;;11901.0;0.0
yf_ADM_d12;48200;ASH_COATED_OSMIUM;9918;18;9914;17;;;9924;15;9928;31;;;9921.0;0.0
yf_ADM_d12;48200;INTARIAN_PEPPER_ROOT;11886;16;11882;19;;;11914;19;11916;22;;;11900.0;0.0
yf_ADM_d12;48300;ASH_COATED_OSMIUM;9918;6;9915;23;;;9924;12;9926;21;;;9921.0;0.0
yf_ADM_d12;48300;INTARIAN_PEPPER_ROOT;11895;19;11892;18;;;11903;13;11905;11;;;11899.0;0.0
yf_ADM_d12;48400;ASH_COATED_OSMIUM;9916;15;9912;19;;;9924;6;9928;12;;;9920.0;0.0
yf_ADM_d12;48400;INTARIAN_PEPPER_ROOT;11889;17;11885;11;;;11905;20;11908;20;;;11897.0;0.0
yf_ADM_d12;48500;ASH_COATED_OSMIUM;9917;10;9915;12;;;9923;16;9927;21;;;9920.0;0.0
yf_ADM_d12;48500;INTARIAN_PEPPER_ROOT;11893;14;11890;24;;;11899;17;11901;22;;;11896.0;0.0
yf_ADM_d12;48600;ASH_COATED_OSMIUM;9916;15;9912;22;;;9922;16;9926;25;;;9919.0;0.0
yf_ADM_d12;48600;INTARIAN_PEPPER_ROOT;11887;18;11885;11;;;11902;18;11905;11;;;11894.5;0.0
yf_ADM_d12;48700;ASH_COATED_OSMIUM;9914;16;9912;16;;;9925;8;9929;23;;;9919.5;0.0
yf_ADM_d12;48700;INTARIAN_PEPPER_ROOT;11880;13;11877;20;;;11908;16;11910;20;;;11894.0;0.0
yf_ADM_d12;48800;ASH_COATED_OSMIUM;9905;10;9903;17;;;9933;17;9936;18;;;9919.0;0.0
yf_ADM_d12;48800;INTARIAN_PEPPER_ROOT;11889;8;11886;20;;;11896;16;11900;19;;;11892.5;0.0
yf_ADM_d12;48900;ASH_COATED_OSMIUM;9916;19;9914;22;;;9922;12;9924;24;;;9919.0;0.0
yf_ADM_d12;48900;INTARIAN_PEPPER_ROOT;11873;17;11871;22;;;11910;12;11912;16;;;11891.5;0.0
yf_ADM_d12;49000;ASH_COATED_OSMIUM;9910;11;9906;20;;;9928;12;9931;25;;;9919.0;0.0
yf_ADM_d12;49000;INTARIAN_PEPPER_ROOT;11885;5;11883;16;;;11895;16;11899;18;;;11890.0;0.0
yf_ADM_d12;49100;ASH_COATED_OSMIUM;9910;17;9907;10;;;9929;16;9932;19;;;9919.5;0.0
yf_ADM_d12;49100;INTARIAN_PEPPER_ROOT;11882;17;11879;26;;;11897;16;11899;24;;;11889.5;0.0
yf_ADM_d12;49200;ASH_COATED_OSMIUM;9914;23;9912;13;;;9925;11;9929;20;;;9919.5;0.0
yf_ADM_d12;49200;INTARIAN_PEPPER_ROOT;11885;19;11883;24;;;11891;16;11895;28;;;11888.0;0.0
yf_ADM_d12;49300;ASH_COATED_OSMIUM;9916;23;9912;22;;;9922;13;9924;15;;;9919.0;0.0
yf_ADM_d12;49300;INTARIAN_PEPPER_ROOT;11884;17;11881;28;;;11890;11;11894;16;;;11887.0;0.0
yf_ADM_d12;49400;ASH_COATED_OSMIUM;9916;10;9914;26;;;9922;12;9924;12;;;9919.0;0.0
yf_ADM_d12;49400;INTARIAN_PEPPER_ROOT;11883;20;11880;18;;;11889;16;11891;27;;;11886.0;0.0
yf_ADM_d12;49500;ASH_COATED_OSMIUM;9915;17;9913;20;;;9921;16;9923;22;;;9918.0;0.0
yf_ADM_d12;49500;INTARIAN_PEPPER_ROOT;11881;11;11878;20;;;11887;16;11890;20;;;11884.0;0.0
yf_ADM_d12;49600;ASH_COATED_OSMIUM;9916;18;9914;14;;;9922;11;9925;31;;;9919.0;0.0
yf_ADM_d12;49600;INTARIAN_PEPPER_ROOT;11881;9;11879;22;;;11887;11;11891;24;;;11884.0;0.0
yf_ADM_d12;49700;ASH_COATED_OSMIUM;9915;26;9913;31;;;9921;8;9924;24;;;9918.0;0.0
yf_ADM_d12;49700;INTARIAN_PEPPER_ROOT;11876;14;11872;9;;;11889;14;11891;22;;;11882.5;0.0
yf_ADM_d12;49800;ASH_COATED_OSMIUM;9913;17;9909;22;;;9925;11;9928;18;;;9919.0;0.0
yf_ADM_d12;49800;INTARIAN_PEPPER_ROOT;11879;15;11876;27;;;11885;17;11887;16;;;11882.0;0.0
yf_ADM_d12;49900;ASH_COATED_OSMIUM;9914;14;9910;15;;;9923;7;9926;22;;;9918.5;0.0
yf_ADM_d12;49900;INTARIAN_PEPPER_ROOT;11878;12;11875;21;;;11884;13;11888;10;;;11881.0;0.0
yf_ADM_d12;50000;ASH_COATED_OSMIUM;9911;17;9909;24;;;9926;6;9928;18;;;9918.5;0.0
yf_ADM_d12;50000;INTARIAN_PEPPER_ROOT;11876;23;11872;19;;;11882;24;11885;24;;;11879.0;0.0
yf_ADM_d12;50100;ASH_COATED_OSMIUM;9915;8;9913;11;;;9921;15;9925;10;;;9918.0;0.0
yf_ADM_d12;50100;INTARIAN_PEPPER_ROOT;11874;19;11872;21;;;11881;15;11884;19;;;11877.5;0.0
yf_ADM_d12;50200;ASH_COATED_OSMIUM;9914;15;9911;21;;;9920;12;9924;27;;;9917.0;0.0
yf_ADM_d12;50200;INTARIAN_PEPPER_ROOT;11874;6;11872;19;;;11880;19;11883;26;;;11877.0;0.0
yf_ADM_d12;50300;ASH_COATED_OSMIUM;9916;12;9912;22;;;9922;11;9926;21;;;9919.0;0.0
yf_ADM_d12;50300;INTARIAN_PEPPER_ROOT;11873;15;11871;25;;;11879;13;11881;18;;;11876.0;0.0
yf_ADM_d12;50400;ASH_COATED_OSMIUM;9916;19;9913;25;;;9922;12;9924;27;;;9919.0;0.0
yf_ADM_d12;50400;INTARIAN_PEPPER_ROOT;11870;9;11867;8;;;11880;5;11884;17;;;11875.0;0.0
yf_ADM_d12;50500;ASH_COATED_OSMIUM;9910;11;9907;17;;;9926;16;9929;8;;;9918.0;0.0
yf_ADM_d12;50500;INTARIAN_PEPPER_ROOT;11870;24;11868;23;;;11876;14;11878;19;;;11873.0;0.0
yf_ADM_d12;50600;ASH_COATED_OSMIUM;9915;9;9912;25;;;9921;21;9925;15;;;9918.0;0.0
yf_ADM_d12;50600;INTARIAN_PEPPER_ROOT;11869;5;11867;26;;;11875;6;11878;16;;;11872.0;0.0
yf_ADM_d12;50700;ASH_COATED_OSMIUM;9915;15;9912;30;;;9921;18;9924;15;;;9918.0;0.0
yf_ADM_d12;50700;INTARIAN_PEPPER_ROOT;11869;21;11866;26;;;11875;19;11877;20;;;11872.0;0.0
yf_ADM_d12;50800;ASH_COATED_OSMIUM;9911;21;9909;18;;;9926;14;9930;23;;;9918.5;0.0
yf_ADM_d12;50800;INTARIAN_PEPPER_ROOT;11865;21;11861;22;;;11874;15;11877;16;;;11869.5;0.0
yf_ADM_d12;50900;ASH_COATED_OSMIUM;9915;13;9912;24;;;9921;11;9925;22;;;9918.0;0.0
yf_ADM_d12;50900;INTARIAN_PEPPER_ROOT;11866;11;11863;24;;;11872;23;11876;26;;;11869.0;0.0
yf_ADM_d12;51000;ASH_COATED_OSMIUM;9915;14;9911;17;;;9921;26;9925;18;;;9918.0;0.0
yf_ADM_d12;51000;INTARIAN_PEPPER_ROOT;11856;22;11852;17;;;11881;11;11883;18;;;11868.5;0.0
yf_ADM_d12;51100;ASH_COATED_OSMIUM;9915;13;9912;23;;;9921;13;9923;19;;;9918.0;0.0
yf_ADM_d12;51100;INTARIAN_PEPPER_ROOT;11865;22;11862;13;;;11871;12;11873;10;;;11868.0;0.0
yf_ADM_d12;51200;ASH_COATED_OSMIUM;9910;28;9908;20;;;9926;18;9929;19;;;9918.0;0.0
yf_ADM_d12;51200;INTARIAN_PEPPER_ROOT;11864;11;11861;17;;;11870;17;11874;22;;;11867.0;0.0
yf_ADM_d12;51300;ASH_COATED_OSMIUM;9914;12;9911;23;;;9921;14;9924;27;;;9917.5;0.0
yf_ADM_d12;51300;INTARIAN_PEPPER_ROOT;11864;16;11862;19;;;11870;5;11873;16;;;11867.0;0.0
yf_ADM_d12;51400;ASH_COATED_OSMIUM;9914;13;9912;28;;;9920;12;9922;22;;;9917.0;0.0
yf_ADM_d12;51400;INTARIAN_PEPPER_ROOT;11848;18;11846;12;;;11884;17;11886;17;;;11866.0;0.0
yf_ADM_d12;51500;ASH_COATED_OSMIUM;9915;16;9912;19;;;9921;29;9923;23;;;9918.0;0.0
yf_ADM_d12;51500;INTARIAN_PEPPER_ROOT;11862;10;11859;14;;;11868;19;11871;26;;;11865.0;0.0
yf_ADM_d12;51600;ASH_COATED_OSMIUM;9914;12;9911;13;;;9922;22;9926;18;;;9918.0;0.0
yf_ADM_d12;51600;INTARIAN_PEPPER_ROOT;11861;21;11858;27;;;11867;18;11869;17;;;11864.0;0.0
yf_ADM_d12;51700;ASH_COATED_OSMIUM;9914;5;9912;17;;;9922;19;9926;23;;;9918.0;0.0
yf_ADM_d12;51700;INTARIAN_PEPPER_ROOT;11860;12;11857;15;;;11868;16;11870;10;;;11864.0;0.0
yf_ADM_d12;51800;ASH_COATED_OSMIUM;9915;18;9912;16;;;9921;13;9923;19;;;9918.0;0.0
yf_ADM_d12;51800;INTARIAN_PEPPER_ROOT;11860;12;11857;24;;;11866;15;11868;12;;;11863.0;0.0
yf_ADM_d12;51900;ASH_COATED_OSMIUM;9915;10;9913;16;;;9921;19;9925;21;;;9918.0;0.0
yf_ADM_d12;51900;INTARIAN_PEPPER_ROOT;11859;16;11855;27;;;11865;13;11867;21;;;11862.0;0.0
yf_ADM_d12;52000;ASH_COATED_OSMIUM;9914;17;9911;17;;;9922;11;9924;25;;;9918.0;0.0
yf_ADM_d12;52000;INTARIAN_PEPPER_ROOT;11856;6;11853;17;;;11867;7;11870;19;;;11861.5;0.0
yf_ADM_d12;52100;ASH_COATED_OSMIUM;9909;6;9905;22;;;9927;10;9931;17;;;9918.0;0.0
yf_ADM_d12;52100;INTARIAN_PEPPER_ROOT;11858;18;11854;17;;;11864;15;11867;21;;;11861.0;0.0
yf_ADM_d12;52200;ASH_COATED_OSMIUM;9915;11;9911;21;;;9921;22;9925;20;;;9918.0;0.0
yf_ADM_d12;52200;INTARIAN_PEPPER_ROOT;11855;21;11851;12;;;11866;11;11870;11;;;11860.5;0.0
yf_ADM_d12;52300;ASH_COATED_OSMIUM;9911;14;9907;15;;;9924;8;9926;25;;;9917.5;0.0
yf_ADM_d12;52300;INTARIAN_PEPPER_ROOT;11856;20;11853;14;;;11862;16;11864;27;;;11859.0;0.0
yf_ADM_d12;52400;ASH_COATED_OSMIUM;9915;12;9912;16;;;9921;12;9925;20;;;9918.0;0.0
yf_ADM_d12;52400;INTARIAN_PEPPER_ROOT;11854;14;11852;12;;;11863;6;11865;21;;;11858.5;0.0
yf_ADM_d12;52500;ASH_COATED_OSMIUM;9915;19;9911;12;;;9921;22;9925;20;;;9918.0;0.0
yf_ADM_d12;52500;INTARIAN_PEPPER_ROOT;11855;18;11853;25;;;11861;11;11864;24;;;11858.0;0.0
yf_ADM_d12;52600;ASH_COATED_OSMIUM;9915;9;9912;21;;;9921;13;9925;11;;;9918.0;0.0
yf_ADM_d12;52600;INTARIAN_PEPPER_ROOT;11854;18;11851;11;;;11860;15;11862;27;;;11857.0;0.0
yf_ADM_d12;52700;ASH_COATED_OSMIUM;9914;16;9910;16;;;9921;25;9925;21;;;9917.5;0.0
yf_ADM_d12;52700;INTARIAN_PEPPER_ROOT;11850;19;11847;20;;;11864;12;11866;17;;;11857.0;0.0
yf_ADM_d12;52800;ASH_COATED_OSMIUM;9915;14;9911;13;;;9921;9;9925;22;;;9918.0;0.0
yf_ADM_d12;52800;INTARIAN_PEPPER_ROOT;11853;5;11851;23;;;11859;19;11863;25;;;11856.0;0.0
yf_ADM_d12;52900;ASH_COATED_OSMIUM;9916;19;9913;20;;;9922;14;9926;20;;;9919.0;0.0
yf_ADM_d12;52900;INTARIAN_PEPPER_ROOT;11851;11;11848;15;;;11860;13;11862;17;;;11855.5;0.0
yf_ADM_d12;53000;ASH_COATED_OSMIUM;9914;12;9911;8;;;9920;19;9922;16;;;9917.0;0.0
yf_ADM_d12;53000;INTARIAN_PEPPER_ROOT;11847;13;11843;26;;;11862;6;11864;24;;;11854.5;0.0
yf_ADM_d12;53100;ASH_COATED_OSMIUM;9915;23;9911;18;;;9921;5;9923;15;;;9918.0;0.0
yf_ADM_d12;53100;INTARIAN_PEPPER_ROOT;11847;20;11843;25;;;11861;16;11865;16;;;11854.0;0.0
yf_ADM_d12;53200;ASH_COATED_OSMIUM;9901;13;9899;15;;;9935;14;9938;11;;;9918.0;0.0
yf_ADM_d12;53200;INTARIAN_PEPPER_ROOT;11851;13;11847;20;;;11857;5;11861;21;;;11854.0;0.0
yf_ADM_d12;53300;ASH_COATED_OSMIUM;9913;14;9911;14;;;9924;11;9926;25;;;9918.5;0.0
yf_ADM_d12;53300;INTARIAN_PEPPER_ROOT;11846;18;11844;14;;;11859;12;11863;21;;;11852.5;0.0
yf_ADM_d12;53400;ASH_COATED_OSMIUM;9915;12;9911;20;;;9921;16;9925;19;;;9918.0;0.0
yf_ADM_d12;53400;INTARIAN_PEPPER_ROOT;11849;18;11846;20;;;11855;12;11859;17;;;11852.0;0.0
yf_ADM_d12;53500;ASH_COATED_OSMIUM;9914;14;9912;18;;;9921;19;9923;12;;;9917.5;0.0
yf_ADM_d12;53500;INTARIAN_PEPPER_ROOT;11848;13;11845;19;;;11854;13;11856;28;;;11851.0;0.0
yf_ADM_d12;53600;ASH_COATED_OSMIUM;9915;12;9912;14;;;9921;16;9924;27;;;9918.0;0.0
yf_ADM_d12;53600;INTARIAN_PEPPER_ROOT;11837;11;11833;21;;;11864;13;11868;22;;;11850.5;0.0
yf_ADM_d12;53700;ASH_COATED_OSMIUM;9915;24;9912;22;;;9921;16;9925;23;;;9918.0;0.0
yf_ADM_d12;53700;INTARIAN_PEPPER_ROOT;11842;13;11838;24;;;11858;7;11862;22;;;11850.0;0.0
yf_ADM_d12;53800;ASH_COATED_OSMIUM;9915;21;9912;19;;;9921;21;9925;19;;;9918.0;0.0
yf_ADM_d12;53800;INTARIAN_PEPPER_ROOT;11846;25;11844;25;;;11852;8;11856;8;;;11849.0;0.0
yf_ADM_d12;53900;ASH_COATED_OSMIUM;9907;16;9904;26;;;9929;16;9933;19;;;9918.0;0.0
yf_ADM_d12;53900;INTARIAN_PEPPER_ROOT;11845;15;11843;13;;;11851;19;11854;20;;;11848.0;0.0
yf_ADM_d12;54000;ASH_COATED_OSMIUM;9915;22;9913;16;;;9921;18;9925;23;;;9918.0;0.0
yf_ADM_d12;54000;INTARIAN_PEPPER_ROOT;11845;25;11842;19;;;11851;20;11853;23;;;11848.0;0.0
yf_ADM_d12;54100;ASH_COATED_OSMIUM;9913;14;9909;19;;;9925;5;9927;20;;;9919.0;0.0
yf_ADM_d12;54100;INTARIAN_PEPPER_ROOT;11843;21;11840;8;;;11851;15;11855;11;;;11847.0;0.0
yf_ADM_d12;54200;ASH_COATED_OSMIUM;9915;9;9912;18;;;9921;17;9924;19;;;9918.0;0.0
yf_ADM_d12;54200;INTARIAN_PEPPER_ROOT;11837;17;11833;22;;;11855;15;11859;25;;;11846.0;0.0
yf_ADM_d12;54300;ASH_COATED_OSMIUM;9911;15;9907;20;;;9924;13;9927;20;;;9917.5;0.0
yf_ADM_d12;54300;INTARIAN_PEPPER_ROOT;11842;8;11840;22;;;11848;21;11852;20;;;11845.0;0.0
yf_ADM_d12;54400;ASH_COATED_OSMIUM;9914;11;9911;19;;;9921;30;9924;25;;;9917.5;0.0
yf_ADM_d12;54400;INTARIAN_PEPPER_ROOT;11842;19;11839;23;;;11848;14;11852;14;;;11845.0;0.0
yf_ADM_d12;54500;ASH_COATED_OSMIUM;9915;17;9913;22;;;9921;14;9923;13;;;9918.0;0.0
yf_ADM_d12;54500;INTARIAN_PEPPER_ROOT;11841;14;11838;19;;;11847;18;11851;17;;;11844.0;0.0
yf_ADM_d12;54600;ASH_COATED_OSMIUM;9915;12;9913;22;;;9921;17;9924;17;;;9918.0;0.0
yf_ADM_d12;54600;INTARIAN_PEPPER_ROOT;11840;10;11836;20;;;11846;19;11849;16;;;11843.0;0.0
yf_ADM_d12;54700;ASH_COATED_OSMIUM;9914;19;9911;26;;;9920;15;9922;20;;;9917.0;0.0
yf_ADM_d12;54700;INTARIAN_PEPPER_ROOT;11840;14;11837;25;;;11846;20;11849;22;;;11843.0;0.0
yf_ADM_d12;54800;ASH_COATED_OSMIUM;9908;16;9904;28;;;9929;11;9932;17;;;9918.5;0.0
yf_ADM_d12;54800;INTARIAN_PEPPER_ROOT;11839;10;11835;18;;;11845;15;11847;22;;;11842.0;0.0
yf_ADM_d12;54900;ASH_COATED_OSMIUM;9915;16;9911;20;;;9921;11;9924;25;;;9918.0;0.0
yf_ADM_d12;54900;INTARIAN_PEPPER_ROOT;11835;19;11832;19;;;11848;21;11852;21;;;11841.5;0.0
yf_ADM_d12;55000;ASH_COATED_OSMIUM;9915;24;9913;22;;;9921;10;9924;26;;;9918.0;0.0
yf_ADM_d12;55000;INTARIAN_PEPPER_ROOT;11837;5;11833;27;;;11844;15;11846;17;;;11840.5;0.0
yf_ADM_d12;55100;ASH_COATED_OSMIUM;9914;10;9911;17;;;9920;12;9922;17;;;9917.0;0.0
yf_ADM_d12;55100;INTARIAN_PEPPER_ROOT;11837;15;11835;11;;;11843;5;11847;21;;;11840.0;0.0
yf_ADM_d12;55200;ASH_COATED_OSMIUM;9915;13;9911;18;;;9921;21;9925;26;;;9918.0;0.0
yf_ADM_d12;55200;INTARIAN_PEPPER_ROOT;11835;22;11833;21;;;11843;20;11845;23;;;11839.0;0.0
yf_ADM_d12;55300;ASH_COATED_OSMIUM;9914;13;9910;25;;;9922;15;9924;22;;;9918.0;0.0
yf_ADM_d12;55300;INTARIAN_PEPPER_ROOT;11835;12;11831;19;;;11841;14;11845;21;;;11838.0;0.0
yf_ADM_d12;55400;ASH_COATED_OSMIUM;9913;18;9910;27;;;9922;26;9925;18;;;9917.5;0.0
yf_ADM_d12;55400;INTARIAN_PEPPER_ROOT;11835;16;11833;14;;;11841;15;11843;16;;;11838.0;0.0
yf_ADM_d12;55500;ASH_COATED_OSMIUM;9913;13;9910;22;;;9923;9;9927;23;;;9918.0;0.0
yf_ADM_d12;55500;INTARIAN_PEPPER_ROOT;11834;11;11832;12;;;11840;22;11843;20;;;11837.0;0.0
yf_ADM_d12;55600;ASH_COATED_OSMIUM;9915;17;9912;18;;;9921;7;9924;24;;;9918.0;0.0
yf_ADM_d12;55600;INTARIAN_PEPPER_ROOT;11833;15;11829;9;;;11839;18;11843;23;;;11836.0;0.0
yf_ADM_d12;55700;ASH_COATED_OSMIUM;9907;13;9904;15;;;9930;12;9932;14;;;9918.5;0.0
yf_ADM_d12;55700;INTARIAN_PEPPER_ROOT;11833;13;11830;19;;;11839;15;11843;18;;;11836.0;0.0
yf_ADM_d12;55800;ASH_COATED_OSMIUM;9916;21;9913;25;;;9922;12;9924;18;;;9919.0;0.0
yf_ADM_d12;55800;INTARIAN_PEPPER_ROOT;11832;20;11830;14;;;11838;21;11841;19;;;11835.0;0.0
yf_ADM_d12;55900;ASH_COATED_OSMIUM;9915;12;9911;14;;;9921;20;9924;24;;;9918.0;0.0
yf_ADM_d12;55900;INTARIAN_PEPPER_ROOT;11821;11;11819;11;;;11849;18;11851;16;;;11835.0;0.0
yf_ADM_d12;56000;ASH_COATED_OSMIUM;9915;13;9911;17;;;9921;16;9923;18;;;9918.0;0.0
yf_ADM_d12;56000;INTARIAN_PEPPER_ROOT;11826;14;11823;28;;;11843;14;11847;19;;;11834.5;0.0
yf_ADM_d12;56100;ASH_COATED_OSMIUM;9914;22;9911;17;;;9920;25;9923;17;;;9917.0;0.0
yf_ADM_d12;56100;INTARIAN_PEPPER_ROOT;11830;10;11827;27;;;11836;19;11839;23;;;11833.0;0.0
yf_ADM_d12;56200;ASH_COATED_OSMIUM;9911;19;9908;28;;;9925;14;9929;19;;;9918.0;0.0
yf_ADM_d12;56200;INTARIAN_PEPPER_ROOT;11829;13;11825;27;;;11835;10;11837;8;;;11832.0;0.0
yf_ADM_d12;56300;ASH_COATED_OSMIUM;9915;14;9912;15;;;9921;20;9923;25;;;9918.0;0.0
yf_ADM_d12;56300;INTARIAN_PEPPER_ROOT;11828;7;11824;16;;;11834;15;11836;27;;;11831.0;0.0
yf_ADM_d12;56400;ASH_COATED_OSMIUM;9915;20;9911;20;;;9921;5;9924;8;;;9918.0;0.0
yf_ADM_d12;56400;INTARIAN_PEPPER_ROOT;11819;12;11815;23;;;11843;21;11846;19;;;11831.0;0.0
yf_ADM_d12;56500;ASH_COATED_OSMIUM;9916;18;9913;19;;;9922;13;9926;13;;;9919.0;0.0
yf_ADM_d12;56500;INTARIAN_PEPPER_ROOT;11827;21;11824;23;;;11833;17;11836;25;;;11830.0;0.0
yf_ADM_d12;56600;ASH_COATED_OSMIUM;9915;17;9913;19;;;9921;13;9924;17;;;9918.0;0.0
yf_ADM_d12;56600;INTARIAN_PEPPER_ROOT;11822;13;11819;19;;;11838;14;11841;13;;;11830.0;0.0
yf_ADM_d12;56700;ASH_COATED_OSMIUM;9915;5;9911;17;;;9922;20;9925;18;;;9918.5;0.0
yf_ADM_d12;56700;INTARIAN_PEPPER_ROOT;11825;10;11822;19;;;11832;13;11834;27;;;11828.5;0.0
yf_ADM_d12;56800;ASH_COATED_OSMIUM;9913;13;9911;23;;;9924;24;9928;21;;;9918.5;0.0
yf_ADM_d12;56800;INTARIAN_PEPPER_ROOT;11826;26;11822;17;;;11832;15;11836;13;;;11829.0;0.0
yf_ADM_d12;56900;ASH_COATED_OSMIUM;9913;7;9910;20;;;9924;17;9928;23;;;9918.5;0.0
yf_ADM_d12;56900;INTARIAN_PEPPER_ROOT;11825;11;11823;17;;;11831;19;11834;11;;;11828.0;0.0
yf_ADM_d12;57000;ASH_COATED_OSMIUM;9913;16;9910;18;;;9923;9;9926;13;;;9918.0;0.0
yf_ADM_d12;57000;INTARIAN_PEPPER_ROOT;11822;11;11820;24;;;11832;13;11835;13;;;11827.0;0.0
yf_ADM_d12;57100;ASH_COATED_OSMIUM;9913;12;9911;23;;;9923;17;9925;29;;;9918.0;0.0
yf_ADM_d12;57100;INTARIAN_PEPPER_ROOT;11823;16;11819;21;;;11829;17;11831;13;;;11826.0;0.0
yf_ADM_d12;57200;ASH_COATED_OSMIUM;9916;23;9914;30;;;9922;17;9925;29;;;9919.0;0.0
yf_ADM_d12;57200;INTARIAN_PEPPER_ROOT;11822;14;11818;14;;;11828;6;11830;8;;;11825.0;0.0
yf_ADM_d12;57300;ASH_COATED_OSMIUM;9915;7;9911;21;;;9921;12;9924;25;;;9918.0;0.0
yf_ADM_d12;57300;INTARIAN_PEPPER_ROOT;11821;18;11818;9;;;11829;7;11833;16;;;11825.0;0.0
yf_ADM_d12;57400;ASH_COATED_OSMIUM;9916;13;9913;35;;;9922;19;9925;22;;;9919.0;0.0
yf_ADM_d12;57400;INTARIAN_PEPPER_ROOT;11816;23;11812;22;;;11832;10;11834;21;;;11824.0;0.0
yf_ADM_d12;57500;ASH_COATED_OSMIUM;9912;11;9908;14;;;9925;20;9929;26;;;9918.5;0.0
yf_ADM_d12;57500;INTARIAN_PEPPER_ROOT;11821;15;11819;31;;;11827;9;11831;15;;;11824.0;0.0
yf_ADM_d12;57600;ASH_COATED_OSMIUM;9915;15;9912;21;;;9921;7;9924;13;;;9918.0;0.0
yf_ADM_d12;57600;INTARIAN_PEPPER_ROOT;11811;9;11807;24;;;11833;8;11835;16;;;11822.0;0.0
yf_ADM_d12;57700;ASH_COATED_OSMIUM;9915;8;9913;18;;;9921;24;9925;31;;;9918.0;0.0
yf_ADM_d12;57700;INTARIAN_PEPPER_ROOT;11819;20;11817;11;;;11825;22;11829;26;;;11822.0;0.0
yf_ADM_d12;57800;ASH_COATED_OSMIUM;9916;16;9914;26;;;9922;11;9925;19;;;9919.0;0.0
yf_ADM_d12;57800;INTARIAN_PEPPER_ROOT;11818;8;11814;23;;;11824;11;11827;16;;;11821.0;0.0
yf_ADM_d12;57900;ASH_COATED_OSMIUM;9913;15;9911;15;;;9922;9;9926;18;;;9917.5;0.0
yf_ADM_d12;57900;INTARIAN_PEPPER_ROOT;11816;18;11814;22;;;11825;19;11828;23;;;11820.5;0.0
yf_ADM_d12;58000;ASH_COATED_OSMIUM;9915;7;9912;12;;;9921;10;9925;14;;;9918.0;0.0
yf_ADM_d12;58000;INTARIAN_PEPPER_ROOT;11816;11;11813;12;;;11824;18;11828;26;;;11820.0;0.0
yf_ADM_d12;58100;ASH_COATED_OSMIUM;9915;18;9912;22;;;9921;16;9925;20;;;9918.0;0.0
yf_ADM_d12;58100;INTARIAN_PEPPER_ROOT;11815;17;11813;29;;;11822;13;11826;24;;;11818.5;0.0
yf_ADM_d12;58200;ASH_COATED_OSMIUM;9915;11;9911;9;;;9921;11;9925;12;;;9918.0;0.0
yf_ADM_d12;58200;INTARIAN_PEPPER_ROOT;11805;16;11803;15;;;11832;15;11836;24;;;11818.5;0.0
yf_ADM_d12;58300;ASH_COATED_OSMIUM;9915;20;9913;26;;;9921;17;9925;12;;;9918.0;0.0
