day;timestamp;product;bid_price_1;bid_volume_1;bid_price_2;bid_volume_2;bid_price_3;bid_volume_3;ask_price_1;ask_volume_1;ask_price_2;ask_volume_2;ask_price_3;ask_volume_3;mid_price;profit_and_loss
av_CORN_d11;0;ASH_COATED_OSMIUM;9939;13;9937;25;;;9945;11;9949;16;;;9942.0;0.0
av_CORN_d11;0;INTARIAN_PEPPER_ROOT;10664;15;10661;25;;;10670;9;10673;13;;;10667.0;0.0
av_CORN_d11;100;ASH_COATED_OSMIUM;9939;9;9937;19;;;9945;14;9947;10;;;9942.0;0.0
av_CORN_d11;100;INTARIAN_PEPPER_ROOT;10659;23;10655;21;;;10671;11;10673;19;;;10665.0;0.0
av_CORN_d11;200;ASH_COATED_OSMIUM;9939;5;9935;25;;;9946;21;9949;22;;;9942.5;0.0
av_CORN_d11;200;INTARIAN_PEPPER_ROOT;10659;19;10657;19;;;10665;13;10667;12;;;10662.0;0.0
av_CORN_d11;300;ASH_COATED_OSMIUM;9939;19;9935;19;;;9945;12;9947;22;;;9942.0;0.0
av_CORN_d11;300;INTARIAN_PEPPER_ROOT;10658;14;10655;21;;;10664;8;10666;10;;;10661.0;0.0
av_CORN_d11;400;ASH_COATED_OSMIUM;9940;16;9936;27;;;9946;5;9948;18;;;9943.0;0.0
av_CORN_d11;400;INTARIAN_PEPPER_ROOT;10655;23;10653;21;;;10661;12;10663;21;;;10658.0;0.0
av_CORN_d11;500;ASH_COATED_OSMIUM;9939;17;9936;18;;;9945;8;9947;17;;;9942.0;0.0
av_CORN_d11;500;INTARIAN_PEPPER_ROOT;10651;13;10649;16;;;10660;12;10664;32;;;10655.5;0.0
av_CORN_d11;600;ASH_COATED_OSMIUM;9935;8;9931;29;;;9948;15;9951;25;;;9941.5;0.0
av_CORN_d11;600;INTARIAN_PEPPER_ROOT;10647;18;10645;21;;;10660;16;10664;25;;;10653.5;0.0
av_CORN_d11;700;ASH_COATED_OSMIUM;9939;12;9935;15;;;9945;20;9949;10;;;9942.0;0.0
av_CORN_d11;700;INTARIAN_PEPPER_ROOT;10648;11;10644;22;;;10654;18;10656;19;;;10651.0;0.0
av_CORN_d11;800;ASH_COATED_OSMIUM;9938;18;9935;19;;;9946;10;9950;17;;;9942.0;0.0
av_CORN_d11;800;INTARIAN_PEPPER_ROOT;10644;21;10640;20;;;10654;13;10656;29;;;10649.0;0.0
av_CORN_d11;900;ASH_COATED_OSMIUM;9937;17;9934;20;;;9948;17;9951;19;;;9942.5;0.0
av_CORN_d11;900;INTARIAN_PEPPER_ROOT;10644;18;10640;14;;;10650;5;10652;13;;;10647.0;0.0
av_CORN_d11;1000;ASH_COATED_OSMIUM;9939;10;9937;21;;;9945;21;9949;22;;;9942.0;0.0
av_CORN_d11;1000;INTARIAN_PEPPER_ROOT;10630;14;10628;15;;;10658;11;10661;26;;;10644.0;0.0
av_CORN_d11;1100;ASH_COATED_OSMIUM;9939;27;9937;15;;;9945;9;9947;23;;;9942.0;0.0
av_CORN_d11;1100;INTARIAN_PEPPER_ROOT;10638;19;10634;11;;;10646;22;10648;22;;;10642.0;0.0
av_CORN_d11;1200;ASH_COATED_OSMIUM;9939;12;9935;15;;;9945;11;9948;23;;;9942.0;0.0
av_CORN_d11;1200;INTARIAN_PEPPER_ROOT;10636;16;10632;17;;;10643;14;10646;26;;;10639.5;0.0
av_CORN_d11;1300;ASH_COATED_OSMIUM;9939;6;9937;29;;;9945;8;9948;12;;;9942.0;0.0
av_CORN_d11;1300;INTARIAN_PEPPER_ROOT;10632;18;10628;10;;;10643;17;10646;20;;;10637.5;0.0
av_CORN_d11;1400;ASH_COATED_OSMIUM;9936;17;9933;20;;;9948;15;9951;24;;;9942.0;0.0
av_CORN_d11;1400;INTARIAN_PEPPER_ROOT;10632;23;10629;21;;;10640;22;10642;19;;;10636.0;0.0
av_CORN_d11;1500;ASH_COATED_OSMIUM;9930;17;9928;15;;;9954;9;9958;17;;;9942.0;0.0
av_CORN_d11;1500;INTARIAN_PEPPER_ROOT;10630;5;10627;20;;;10636;15;10640;21;;;10633.0;0.0
av_CORN_d11;1600;ASH_COATED_OSMIUM;9934;8;9930;26;;;9951;15;9954;14;;;9942.5;0.0
av_CORN_d11;1600;INTARIAN_PEPPER_ROOT;10628;21;10624;23;;;10634;5;10636;11;;;10631.0;0.0
av_CORN_d11;1700;ASH_COATED_OSMIUM;9935;9;9932;13;;;9949;13;9952;13;;;9942.0;0.0
av_CORN_d11;1700;INTARIAN_PEPPER_ROOT;10626;10;10622;20;;;10632;10;10634;22;;;10629.0;0.0
av_CORN_d11;1800;ASH_COATED_OSMIUM;9939;10;9936;23;;;9945;28;9947;16;;;9942.0;0.0
av_CORN_d11;1800;INTARIAN_PEPPER_ROOT;10623;8;10621;21;;;10630;13;10632;15;;;10626.5;0.0
av_CORN_d11;1900;ASH_COATED_OSMIUM;9939;16;9935;19;;;9945;15;9947;28;;;9942.0;0.0
av_CORN_d11;1900;INTARIAN_PEPPER_ROOT;10621;19;10619;18;;;10627;19;10631;13;;;10624.0;0.0
av_CORN_d11;2000;ASH_COATED_OSMIUM;9939;15;9937;13;;;9945;15;9948;22;;;9942.0;0.0
av_CORN_d11;2000;INTARIAN_PEPPER_ROOT;10619;15;10615;18;;;10625;19;10629;15;;;10622.0;0.0
av_CORN_d11;2100;ASH_COATED_OSMIUM;9939;12;9937;11;;;9945;8;9948;24;;;9942.0;0.0
av_CORN_d11;2100;INTARIAN_PEPPER_ROOT;10617;11;10613;19;;;10623;15;10627;21;;;10620.0;0.0
av_CORN_d11;2200;ASH_COATED_OSMIUM;9939;10;9936;10;;;9945;13;9949;21;;;9942.0;0.0
av_CORN_d11;2200;INTARIAN_PEPPER_ROOT;10614;8;10610;16;;;10620;16;10623;12;;;10617.0;0.0
av_CORN_d11;2300;ASH_COATED_OSMIUM;9939;13;9935;23;;;9946;9;9950;20;;;9942.5;0.0
av_CORN_d11;2300;INTARIAN_PEPPER_ROOT;10612;20;10609;22;;;10618;18;10622;17;;;10615.0;0.0
av_CORN_d11;2400;ASH_COATED_OSMIUM;9940;9;9938;24;;;9946;22;9950;24;;;9943.0;0.0
av_CORN_d11;2400;INTARIAN_PEPPER_ROOT;10605;22;10603;20;;;10621;9;10624;26;;;10613.0;0.0
av_CORN_d11;2500;ASH_COATED_OSMIUM;9935;8;9933;24;;;9949;8;9952;20;;;9942.0;0.0
av_CORN_d11;2500;INTARIAN_PEPPER_ROOT;10608;23;10604;19;;;10614;20;10618;19;;;10611.0;0.0
av_CORN_d11;2600;ASH_COATED_OSMIUM;9939;19;9935;24;;;9945;12;9947;18;;;9942.0;0.0
av_CORN_d11;2600;INTARIAN_PEPPER_ROOT;10605;15;10603;15;;;10614;17;10617;10;;;10609.5;0.0
av_CORN_d11;2700;ASH_COATED_OSMIUM;9939;14;9937;31;;;9945;14;9947;17;;;9942.0;0.0
av_CORN_d11;2700;INTARIAN_PEPPER_ROOT;10595;24;10591;24;;;10617;14;10619;25;;;10606.0;0.0
av_CORN_d11;2800;ASH_COATED_OSMIUM;9936;13;9933;17;;;9948;10;9952;18;;;9942.0;0.0
av_CORN_d11;2800;INTARIAN_PEPPER_ROOT;10601;11;10599;26;;;10607;19;10611;16;;;10604.0;0.0
av_CORN_d11;2900;ASH_COATED_OSMIUM;9935;16;9933;22;;;9949;14;9951;23;;;9942.0;0.0
av_CORN_d11;2900;INTARIAN_PEPPER_ROOT;10598;10;10596;17;;;10607;11;10610;26;;;10602.5;0.0
av_CORN_d11;3000;ASH_COATED_OSMIUM;9939;18;9936;20;;;9945;13;9949;19;;;9942.0;0.0
av_CORN_d11;3000;INTARIAN_PEPPER_ROOT;10593;17;10591;26;;;10607;12;10611;19;;;10600.0;0.0
av_CORN_d11;3100;ASH_COATED_OSMIUM;9939;7;9937;16;;;9945;19;9947;16;;;9942.0;0.0
av_CORN_d11;3100;INTARIAN_PEPPER_ROOT;10595;13;10593;22;;;10601;15;10604;28;;;10598.0;0.0
av_CORN_d11;3200;ASH_COATED_OSMIUM;9936;18;9932;19;;;9948;16;9951;22;;;9942.0;0.0
av_CORN_d11;3200;INTARIAN_PEPPER_ROOT;10590;8;10588;19;;;10599;14;10603;19;;;10594.5;0.0
av_CORN_d11;3300;ASH_COATED_OSMIUM;9938;11;9936;13;;;9947;17;9949;23;;;9942.5;0.0
av_CORN_d11;3300;INTARIAN_PEPPER_ROOT;10580;17;10577;25;;;10606;19;10608;19;;;10593.0;0.0
av_CORN_d11;3400;ASH_COATED_OSMIUM;9939;20;9936;23;;;9945;14;9949;16;;;9942.0;0.0
av_CORN_d11;3400;INTARIAN_PEPPER_ROOT;10587;7;10584;21;;;10593;15;10596;25;;;10590.0;0.0
av_CORN_d11;3500;ASH_COATED_OSMIUM;9939;20;9937;21;;;9945;12;9947;22;;;9942.0;0.0
av_CORN_d11;3500;INTARIAN_PEPPER_ROOT;10583;25;10581;8;;;10595;13;10597;18;;;10589.0;0.0
av_CORN_d11;3600;ASH_COATED_OSMIUM;9937;17;9935;22;;;9947;13;9950;17;;;9942.0;0.0
av_CORN_d11;3600;INTARIAN_PEPPER_ROOT;10579;8;10577;17;;;10594;18;10598;15;;;10586.5;0.0
av_CORN_d11;3700;ASH_COATED_OSMIUM;9940;17;9938;20;;;9946;9;9948;15;;;9943.0;0.0
av_CORN_d11;3700;INTARIAN_PEPPER_ROOT;10581;19;10577;23;;;10587;18;10591;10;;;10584.0;0.0
av_CORN_d11;3800;ASH_COATED_OSMIUM;9938;11;9934;18;;;9946;5;9949;12;;;9942.0;0.0
av_CORN_d11;3800;INTARIAN_PEPPER_ROOT;10578;18;10575;15;;;10587;13;10589;21;;;10582.5;0.0
av_CORN_d11;3900;ASH_COATED_OSMIUM;9939;10;9937;30;;;9946;13;9950;20;;;9942.5;0.0
av_CORN_d11;3900;INTARIAN_PEPPER_ROOT;10577;12;10574;17;;;10583;6;10587;16;;;10580.0;0.0
av_CORN_d11;4000;ASH_COATED_OSMIUM;9939;12;9935;17;;;9945;21;9948;16;;;9942.0;0.0
av_CORN_d11;4000;INTARIAN_PEPPER_ROOT;10575;11;10573;15;;;10581;15;10585;21;;;10578.0;0.0
av_CORN_d11;4100;ASH_COATED_OSMIUM;9939;14;9937;16;;;9945;14;9948;25;;;9942.0;0.0
av_CORN_d11;4100;INTARIAN_PEPPER_ROOT;10572;5;10568;18;;;10578;14;10582;16;;;10575.0;0.0
av_CORN_d11;4200;ASH_COATED_OSMIUM;9938;20;9936;18;;;9944;14;9948;18;;;9941.0;0.0
av_CORN_d11;4200;INTARIAN_PEPPER_ROOT;10570;12;10566;20;;;10576;10;10580;10;;;10573.0;0.0
av_CORN_d11;4300;ASH_COATED_OSMIUM;9939;12;9936;15;;;9945;15;9947;14;;;9942.0;0.0
av_CORN_d11;4300;INTARIAN_PEPPER_ROOT;10567;23;10564;19;;;10573;15;10575;9;;;10570.0;0.0
av_CORN_d11;4400;ASH_COATED_OSMIUM;9933;14;9931;23;;;9952;23;9954;26;;;9942.5;0.0
av_CORN_d11;4400;INTARIAN_PEPPER_ROOT;10565;11;10561;21;;;10571;16;10574;15;;;10568.0;0.0
av_CORN_d11;4500;ASH_COATED_OSMIUM;9930;7;9927;21;;;9952;14;9955;17;;;9941.0;0.0
av_CORN_d11;4500;INTARIAN_PEPPER_ROOT;10561;19;10558;15;;;10571;10;10574;17;;;10566.0;0.0
av_CORN_d11;4600;ASH_COATED_OSMIUM;9938;8;9935;21;;;9944;14;9948;16;;;9941.0;0.0
av_CORN_d11;4600;INTARIAN_PEPPER_ROOT;10558;9;10554;16;;;10569;15;10572;25;;;10563.5;0.0
av_CORN_d11;4700;ASH_COATED_OSMIUM;9939;14;9935;14;;;9945;8;9949;20;;;9942.0;0.0
av_CORN_d11;4700;INTARIAN_PEPPER_ROOT;10559;6;10557;21;;;10565;16;10569;16;;;10562.0;0.0
av_CORN_d11;4800;ASH_COATED_OSMIUM;9939;18;9936;21;;;9945;9;9947;17;;;9942.0;0.0
av_CORN_d11;4800;INTARIAN_PEPPER_ROOT;10551;10;10547;22;;;10567;19;10570;17;;;10559.0;0.0
av_CORN_d11;4900;ASH_COATED_OSMIUM;9930;10;9926;15;;;9952;14;9954;27;;;9941.0;0.0
av_CORN_d11;4900;INTARIAN_PEPPER_ROOT;10554;13;10550;24;;;10560;16;10562;25;;;10557.0;0.0
av_CORN_d11;5000;ASH_COATED_OSMIUM;9939;7;9936;13;;;9945;21;9949;29;;;9942.0;0.0
av_CORN_d11;5000;INTARIAN_PEPPER_ROOT;10553;13;10550;9;;;10559;10;10561;23;;;10556.0;0.0
av_CORN_d11;5100;ASH_COATED_OSMIUM;9939;24;9935;17;;;9945;5;9948;35;;;9942.0;0.0
av_CORN_d11;5100;INTARIAN_PEPPER_ROOT;10550;18;10546;13;;;10556;13;10560;13;;;10553.0;0.0
av_CORN_d11;5200;ASH_COATED_OSMIUM;9939;17;9936;18;;;9945;15;9947;20;;;9942.0;0.0
av_CORN_d11;5200;INTARIAN_PEPPER_ROOT;10547;10;10544;17;;;10553;13;10557;13;;;10550.0;0.0
av_CORN_d11;5300;ASH_COATED_OSMIUM;9939;21;9936;21;;;9945;17;9948;13;;;9942.0;0.0
av_CORN_d11;5300;INTARIAN_PEPPER_ROOT;10545;17;10543;18;;;10551;5;10555;26;;;10548.0;0.0
av_CORN_d11;5400;ASH_COATED_OSMIUM;9938;19;9935;18;;;9945;11;9948;12;;;9941.5;0.0
av_CORN_d11;5400;INTARIAN_PEPPER_ROOT;10542;12;10538;28;;;10548;7;10552;24;;;10545.0;0.0
av_CORN_d11;5500;ASH_COATED_OSMIUM;9939;5;9936;21;;;9945;16;9947;16;;;9942.0;0.0
av_CORN_d11;5500;INTARIAN_PEPPER_ROOT;10540;6;10538;21;;;10546;17;10549;16;;;10543.0;0.0
av_CORN_d11;5600;ASH_COATED_OSMIUM;9939;10;9935;21;;;9945;19;9947;24;;;9942.0;0.0
av_CORN_d11;5600;INTARIAN_PEPPER_ROOT;10538;7;10535;14;;;10544;21;10546;20;;;10541.0;0.0
av_CORN_d11;5700;ASH_COATED_OSMIUM;9939;17;9935;17;;;9945;17;9949;10;;;9942.0;0.0
av_CORN_d11;5700;INTARIAN_PEPPER_ROOT;10526;21;10524;24;;;10554;23;10558;13;;;10540.0;0.0
av_CORN_d11;5800;ASH_COATED_OSMIUM;9939;15;9936;18;;;9945;12;9949;22;;;9942.0;0.0
av_CORN_d11;5800;INTARIAN_PEPPER_ROOT;10534;18;10532;21;;;10540;18;10542;10;;;10537.0;0.0
av_CORN_d11;5900;ASH_COATED_OSMIUM;9939;19;9936;21;;;9945;7;9948;17;;;9942.0;0.0
av_CORN_d11;5900;INTARIAN_PEPPER_ROOT;10532;15;10530;22;;;10538;16;10540;25;;;10535.0;0.0
av_CORN_d11;6000;ASH_COATED_OSMIUM;9935;9;9932;14;;;9947;11;9951;24;;;9941.0;0.0
av_CORN_d11;6000;INTARIAN_PEPPER_ROOT;10530;6;10527;18;;;10536;13;10540;11;;;10533.0;0.0
av_CORN_d11;6100;ASH_COATED_OSMIUM;9932;15;9930;25;;;9951;19;9955;21;;;9941.5;0.0
av_CORN_d11;6100;INTARIAN_PEPPER_ROOT;10527;6;10523;29;;;10533;25;10536;27;;;10530.0;0.0
av_CORN_d11;6200;ASH_COATED_OSMIUM;9936;13;9933;17;;;9948;15;9951;18;;;9942.0;0.0
av_CORN_d11;6200;INTARIAN_PEPPER_ROOT;10521;9;10519;15;;;10536;22;10539;24;;;10528.5;0.0
av_CORN_d11;6300;ASH_COATED_OSMIUM;9938;13;9936;8;;;9944;11;9948;21;;;9941.0;0.0
av_CORN_d11;6300;INTARIAN_PEPPER_ROOT;10516;19;10512;16;;;10535;15;10539;13;;;10525.5;0.0
av_CORN_d11;6400;ASH_COATED_OSMIUM;9938;12;9934;19;;;9944;9;9948;20;;;9941.0;0.0
av_CORN_d11;6400;INTARIAN_PEPPER_ROOT;10517;18;10513;13;;;10531;14;10535;24;;;10524.0;0.0
av_CORN_d11;6500;ASH_COATED_OSMIUM;9937;6;9934;16;;;9945;16;9947;18;;;9941.0;0.0
av_CORN_d11;6500;INTARIAN_PEPPER_ROOT;10518;14;10514;20;;;10525;12;10528;17;;;10521.5;0.0
av_CORN_d11;6600;ASH_COATED_OSMIUM;9930;12;9928;9;;;9952;12;9954;18;;;9941.0;0.0
av_CORN_d11;6600;INTARIAN_PEPPER_ROOT;10516;18;10513;15;;;10522;24;10524;21;;;10519.0;0.0
av_CORN_d11;6700;ASH_COATED_OSMIUM;9939;8;9936;16;;;9945;11;9947;15;;;9942.0;0.0
av_CORN_d11;6700;INTARIAN_PEPPER_ROOT;10513;15;10509;20;;;10522;10;10524;19;;;10517.5;0.0
av_CORN_d11;6800;ASH_COATED_OSMIUM;9938;17;9936;25;;;9944;17;9946;17;;;9941.0;0.0
av_CORN_d11;6800;INTARIAN_PEPPER_ROOT;10512;16;10509;25;;;10518;15;10522;14;;;10515.0;0.0
av_CORN_d11;6900;ASH_COATED_OSMIUM;9938;5;9934;18;;;9946;13;9949;25;;;9942.0;0.0
av_CORN_d11;6900;INTARIAN_PEPPER_ROOT;10509;20;10506;16;;;10515;17;10517;16;;;10512.0;0.0
av_CORN_d11;7000;ASH_COATED_OSMIUM;9938;14;9935;17;;;9944;6;9947;16;;;9941.0;0.0
av_CORN_d11;7000;INTARIAN_PEPPER_ROOT;10507;7;10505;28;;;10513;6;10515;17;;;10510.0;0.0
av_CORN_d11;7100;ASH_COATED_OSMIUM;9935;22;9933;17;;;9949;13;9952;29;;;9942.0;0.0
av_CORN_d11;7100;INTARIAN_PEPPER_ROOT;10505;18;10503;19;;;10511;19;10514;19;;;10508.0;0.0
av_CORN_d11;7200;ASH_COATED_OSMIUM;9937;7;9933;20;;;9945;16;9949;14;;;9941.0;0.0
av_CORN_d11;7200;INTARIAN_PEPPER_ROOT;10503;8;10500;11;;;10509;13;10512;29;;;10506.0;0.0
av_CORN_d11;7300;ASH_COATED_OSMIUM;9936;15;9933;22;;;9947;7;9949;17;;;9941.5;0.0
av_CORN_d11;7300;INTARIAN_PEPPER_ROOT;10500;16;10497;11;;;10506;17;10510;22;;;10503.0;0.0
av_CORN_d11;7400;ASH_COATED_OSMIUM;9937;12;9934;15;;;9945;13;9949;14;;;9941.0;0.0
av_CORN_d11;7400;INTARIAN_PEPPER_ROOT;10498;15;10494;18;;;10504;10;10506;18;;;10501.0;0.0
av_CORN_d11;7500;ASH_COATED_OSMIUM;9938;8;9936;23;;;9945;5;9947;24;;;9941.5;0.0
av_CORN_d11;7500;INTARIAN_PEPPER_ROOT;10493;5;10490;19;;;10505;8;10507;19;;;10499.0;0.0
av_CORN_d11;7600;ASH_COATED_OSMIUM;9938;24;9934;17;;;9945;13;9949;21;;;9941.5;0.0
av_CORN_d11;7600;INTARIAN_PEPPER_ROOT;10493;11;10491;25;;;10499;19;10501;8;;;10496.0;0.0
av_CORN_d11;7700;ASH_COATED_OSMIUM;9939;16;9937;14;;;9945;9;9948;19;;;9942.0;0.0
av_CORN_d11;7700;INTARIAN_PEPPER_ROOT;10492;7;10488;25;;;10498;16;10501;11;;;10495.0;0.0
av_CORN_d11;7800;ASH_COATED_OSMIUM;9933;26;9929;22;;;9950;14;9952;14;;;9941.5;0.0
av_CORN_d11;7800;INTARIAN_PEPPER_ROOT;10489;19;10487;12;;;10495;5;10499;16;;;10492.0;0.0
av_CORN_d11;7900;ASH_COATED_OSMIUM;9933;12;9929;30;;;9949;14;9953;25;;;9941.0;0.0
av_CORN_d11;7900;INTARIAN_PEPPER_ROOT;10485;20;10482;25;;;10496;18;10500;22;;;10490.5;0.0
av_CORN_d11;8000;ASH_COATED_OSMIUM;9937;18;9934;18;;;9947;11;9949;18;;;9942.0;0.0
av_CORN_d11;8000;INTARIAN_PEPPER_ROOT;10485;6;10481;16;;;10491;23;10494;18;;;10488.0;0.0
av_CORN_d11;8100;ASH_COATED_OSMIUM;9931;17;9927;13;;;9951;24;9955;19;;;9941.0;0.0
av_CORN_d11;8100;INTARIAN_PEPPER_ROOT;10483;18;10481;26;;;10489;13;10492;21;;;10486.0;0.0
av_CORN_d11;8200;ASH_COATED_OSMIUM;9938;25;9935;22;;;9944;5;9946;21;;;9941.0;0.0
av_CORN_d11;8200;INTARIAN_PEPPER_ROOT;10481;9;10479;18;;;10487;7;10490;28;;;10484.0;0.0
av_CORN_d11;8300;ASH_COATED_OSMIUM;9935;9;9931;20;;;9948;24;9951;22;;;9941.5;0.0
av_CORN_d11;8300;INTARIAN_PEPPER_ROOT;10476;9;10473;22;;;10487;17;10489;15;;;10481.5;0.0
av_CORN_d11;8400;ASH_COATED_OSMIUM;9936;10;9933;21;;;9946;7;9950;20;;;9941.0;0.0
av_CORN_d11;8400;INTARIAN_PEPPER_ROOT;10476;17;10474;20;;;10482;16;10486;22;;;10479.0;0.0
av_CORN_d11;8500;ASH_COATED_OSMIUM;9939;12;9936;19;;;9945;15;9947;23;;;9942.0;0.0
av_CORN_d11;8500;INTARIAN_PEPPER_ROOT;10467;19;10463;19;;;10486;8;10488;16;;;10476.5;0.0
av_CORN_d11;8600;ASH_COATED_OSMIUM;9938;8;9935;10;;;9944;11;9948;15;;;9941.0;0.0
av_CORN_d11;8600;INTARIAN_PEPPER_ROOT;10471;19;10468;14;;;10477;6;10480;17;;;10474.0;0.0
av_CORN_d11;8700;ASH_COATED_OSMIUM;9938;6;9934;14;;;9944;15;9948;23;;;9941.0;0.0
av_CORN_d11;8700;INTARIAN_PEPPER_ROOT;10469;14;10467;23;;;10475;11;10478;15;;;10472.0;0.0
av_CORN_d11;8800;ASH_COATED_OSMIUM;9938;11;9936;9;;;9944;6;9947;26;;;9941.0;0.0
av_CORN_d11;8800;INTARIAN_PEPPER_ROOT;10467;16;10464;19;;;10473;21;10477;26;;;10470.0;0.0
av_CORN_d11;8900;ASH_COATED_OSMIUM;9939;12;9935;11;;;9945;9;9947;16;;;9942.0;0.0
av_CORN_d11;8900;INTARIAN_PEPPER_ROOT;10465;12;10462;24;;;10471;16;10473;19;;;10468.0;0.0
av_CORN_d11;9000;ASH_COATED_OSMIUM;9939;24;9936;8;;;9945;20;9949;13;;;9942.0;0.0
av_CORN_d11;9000;INTARIAN_PEPPER_ROOT;10459;10;10457;12;;;10472;22;10474;19;;;10465.5;0.0
av_CORN_d11;9100;ASH_COATED_OSMIUM;9935;17;9931;21;;;9948;10;9952;11;;;9941.5;0.0
av_CORN_d11;9100;INTARIAN_PEPPER_ROOT;10460;12;10457;22;;;10466;19;10469;14;;;10463.0;0.0
av_CORN_d11;9200;ASH_COATED_OSMIUM;9938;17;9936;20;;;9944;9;9948;18;;;9941.0;0.0
av_CORN_d11;9200;INTARIAN_PEPPER_ROOT;10458;11;10455;22;;;10464;20;10466;20;;;10461.0;0.0
av_CORN_d11;9300;ASH_COATED_OSMIUM;9934;16;9932;22;;;9949;15;9951;19;;;9941.5;0.0
av_CORN_d11;9300;INTARIAN_PEPPER_ROOT;10455;5;10453;20;;;10463;14;10467;27;;;10459.0;0.0
av_CORN_d11;9400;ASH_COATED_OSMIUM;9937;14;9935;21;;;9947;7;9949;23;;;9942.0;0.0
av_CORN_d11;9400;INTARIAN_PEPPER_ROOT;10447;12;10444;8;;;10466;14;10470;16;;;10456.5;0.0
av_CORN_d11;9500;ASH_COATED_OSMIUM;9938;10;9935;12;;;9944;13;9948;22;;;9941.0;0.0
av_CORN_d11;9500;INTARIAN_PEPPER_ROOT;10447;13;10444;27;;;10462;21;10464;17;;;10454.5;0.0
av_CORN_d11;9600;ASH_COATED_OSMIUM;9938;12;9935;17;;;9944;15;9946;20;;;9941.0;0.0
av_CORN_d11;9600;INTARIAN_PEPPER_ROOT;10449;6;10447;25;;;10455;11;10459;9;;;10452.0;0.0
av_CORN_d11;9700;ASH_COATED_OSMIUM;9937;23;9934;15;;;9945;15;9949;23;;;9941.0;0.0
av_CORN_d11;9700;INTARIAN_PEPPER_ROOT;10437;7;10434;21;;;10462;10;10465;21;;;10449.5;0.0
av_CORN_d11;9800;ASH_COATED_OSMIUM;9938;12;9934;16;;;9944;9;9947;24;;;9941.0;0.0
av_CORN_d11;9800;INTARIAN_PEPPER_ROOT;10445;17;10441;26;;;10451;15;10454;21;;;10448.0;0.0
av_CORN_d11;9900;ASH_COATED_OSMIUM;9937;14;9933;17;;;9946;14;9948;28;;;9941.5;0.0
av_CORN_d11;9900;INTARIAN_PEPPER_ROOT;10440;16;10437;23;;;10450;15;10454;16;;;10445.0;0.0
av_CORN_d11;10000;ASH_COATED_OSMIUM;9938;8;9934;19;;;9944;11;9948;28;;;9941.0;0.0
av_CORN_d11;10000;INTARIAN_PEPPER_ROOT;10440;17;10438;23;;;10446;14;10449;26;;;10443.0;0.0
av_CORN_d11;10100;ASH_COATED_OSMIUM;9938;22;9934;19;;;9944;14;9946;18;;;9941.0;0.0
av_CORN_d11;10100;INTARIAN_PEPPER_ROOT;10433;5;10430;14;;;10448;7;10451;21;;;10440.5;0.0
av_CORN_d11;10200;ASH_COATED_OSMIUM;9939;12;9935;26;;;9945;15;9949;26;;;9942.0;0.0
av_CORN_d11;10200;INTARIAN_PEPPER_ROOT;10435;20;10433;11;;;10441;10;10444;8;;;10438.0;0.0
av_CORN_d11;10300;ASH_COATED_OSMIUM;9939;13;9936;25;;;9945;17;9948;14;;;9942.0;0.0
av_CORN_d11;10300;INTARIAN_PEPPER_ROOT;10431;16;10427;23;;;10441;19;10445;22;;;10436.0;0.0
av_CORN_d11;10400;ASH_COATED_OSMIUM;9938;9;9934;22;;;9944;15;9946;14;;;9941.0;0.0
av_CORN_d11;10400;INTARIAN_PEPPER_ROOT;10430;16;10427;17;;;10438;7;10441;21;;;10434.0;0.0
av_CORN_d11;10500;ASH_COATED_OSMIUM;9937;15;9933;15;;;9945;14;9947;11;;;9941.0;0.0
av_CORN_d11;10500;INTARIAN_PEPPER_ROOT;10429;8;10425;13;;;10435;17;10438;22;;;10432.0;0.0
av_CORN_d11;10600;ASH_COATED_OSMIUM;9936;22;9933;16;;;9946;20;9948;14;;;9941.0;0.0
av_CORN_d11;10600;INTARIAN_PEPPER_ROOT;10420;15;10417;14;;;10439;14;10441;21;;;10429.5;0.0
av_CORN_d11;10700;ASH_COATED_OSMIUM;9938;10;9935;16;;;9944;10;9948;23;;;9941.0;0.0
av_CORN_d11;10700;INTARIAN_PEPPER_ROOT;10424;12;10420;19;;;10430;10;10432;17;;;10427.0;0.0
av_CORN_d11;10800;ASH_COATED_OSMIUM;9936;20;9933;14;;;9947;17;9950;27;;;9941.5;0.0
av_CORN_d11;10800;INTARIAN_PEPPER_ROOT;10422;14;10418;12;;;10428;18;10431;18;;;10425.0;0.0
av_CORN_d11;10900;ASH_COATED_OSMIUM;9938;22;9935;12;;;9944;20;9948;24;;;9941.0;0.0
av_CORN_d11;10900;INTARIAN_PEPPER_ROOT;10420;13;10417;13;;;10426;15;10428;17;;;10423.0;0.0
av_CORN_d11;11000;ASH_COATED_OSMIUM;9938;17;9934;20;;;9944;21;9947;18;;;9941.0;0.0
av_CORN_d11;11000;INTARIAN_PEPPER_ROOT;10413;8;10410;21;;;10430;15;10433;18;;;10421.5;0.0
av_CORN_d11;11100;ASH_COATED_OSMIUM;9934;17;9932;22;;;9948;16;9951;24;;;9941.0;0.0
av_CORN_d11;11100;INTARIAN_PEPPER_ROOT;10416;5;10413;25;;;10422;19;10424;16;;;10419.0;0.0
av_CORN_d11;11200;ASH_COATED_OSMIUM;9938;12;9935;13;;;9944;23;9948;11;;;9941.0;0.0
av_CORN_d11;11200;INTARIAN_PEPPER_ROOT;10414;19;10411;27;;;10420;13;10422;10;;;10417.0;0.0
av_CORN_d11;11300;ASH_COATED_OSMIUM;9935;21;9932;19;;;9947;14;9951;17;;;9941.0;0.0
av_CORN_d11;11300;INTARIAN_PEPPER_ROOT;10411;16;10407;31;;;10417;19;10421;15;;;10414.0;0.0
av_CORN_d11;11400;ASH_COATED_OSMIUM;9937;11;9935;16;;;9946;9;9948;13;;;9941.5;0.0
av_CORN_d11;11400;INTARIAN_PEPPER_ROOT;10409;20;10405;25;;;10415;15;10417;24;;;10412.0;0.0
av_CORN_d11;11500;ASH_COATED_OSMIUM;9933;7;9931;17;;;9949;21;9951;13;;;9941.0;0.0
av_CORN_d11;11500;INTARIAN_PEPPER_ROOT;10407;10;10404;16;;;10413;17;10417;14;;;10410.0;0.0
av_CORN_d11;11600;ASH_COATED_OSMIUM;9937;19;9933;26;;;9944;8;9948;17;;;9940.5;0.0
av_CORN_d11;11600;INTARIAN_PEPPER_ROOT;10404;23;10402;23;;;10410;13;10414;26;;;10407.0;0.0
av_CORN_d11;11700;ASH_COATED_OSMIUM;9937;16;9934;25;;;9943;14;9947;17;;;9940.0;0.0
av_CORN_d11;11700;INTARIAN_PEPPER_ROOT;10402;10;10398;24;;;10408;11;10412;17;;;10405.0;0.0
av_CORN_d11;11800;ASH_COATED_OSMIUM;9930;9;9927;21;;;9951;18;9954;14;;;9940.5;0.0
av_CORN_d11;11800;INTARIAN_PEPPER_ROOT;10395;16;10391;21;;;10410;22;10413;20;;;10402.5;0.0
av_CORN_d11;11900;ASH_COATED_OSMIUM;9938;8;9935;18;;;9944;10;9946;23;;;9941.0;0.0
av_CORN_d11;11900;INTARIAN_PEPPER_ROOT;10398;18;10396;25;;;10404;14;10407;25;;;10401.0;0.0
av_CORN_d11;12000;ASH_COATED_OSMIUM;9938;16;9935;18;;;9944;16;9947;18;;;9941.0;0.0
av_CORN_d11;12000;INTARIAN_PEPPER_ROOT;10395;15;10393;17;;;10401;13;10404;10;;;10398.0;0.0
av_CORN_d11;12100;ASH_COATED_OSMIUM;9938;12;9934;17;;;9944;20;9947;29;;;9941.0;0.0
av_CORN_d11;12100;INTARIAN_PEPPER_ROOT;10389;6;10387;18;;;10403;9;10406;19;;;10396.0;0.0
av_CORN_d11;12200;ASH_COATED_OSMIUM;9934;12;9931;26;;;9947;17;9951;12;;;9940.5;0.0
av_CORN_d11;12200;INTARIAN_PEPPER_ROOT;10391;15;10389;26;;;10397;14;10401;25;;;10394.0;0.0
av_CORN_d11;12300;ASH_COATED_OSMIUM;9938;12;9935;19;;;9944;12;9948;21;;;9941.0;0.0
av_CORN_d11;12300;INTARIAN_PEPPER_ROOT;10382;8;10379;17;;;10400;16;10403;18;;;10391.0;0.0
av_CORN_d11;12400;ASH_COATED_OSMIUM;9938;6;9936;26;;;9944;17;9948;24;;;9941.0;0.0
av_CORN_d11;12400;INTARIAN_PEPPER_ROOT;10386;13;10384;18;;;10392;7;10396;23;;;10389.0;0.0
av_CORN_d11;12500;ASH_COATED_OSMIUM;9937;17;9933;23;;;9943;15;9946;14;;;9940.0;0.0
av_CORN_d11;12500;INTARIAN_PEPPER_ROOT;10384;17;10381;24;;;10390;26;10393;25;;;10387.0;0.0
av_CORN_d11;12600;ASH_COATED_OSMIUM;9926;7;9922;19;;;9956;23;9958;19;;;9941.0;0.0
av_CORN_d11;12600;INTARIAN_PEPPER_ROOT;10382;12;10380;24;;;10388;15;10391;23;;;10385.0;0.0
av_CORN_d11;12700;ASH_COATED_OSMIUM;9938;12;9935;15;;;9944;17;9947;12;;;9941.0;0.0
av_CORN_d11;12700;INTARIAN_PEPPER_ROOT;10376;13;10372;17;;;10388;9;10392;13;;;10382.0;0.0
av_CORN_d11;12800;ASH_COATED_OSMIUM;9938;27;9935;23;;;9944;21;9947;9;;;9941.0;0.0
av_CORN_d11;12800;INTARIAN_PEPPER_ROOT;10377;24;10373;24;;;10383;12;10385;12;;;10380.0;0.0
av_CORN_d11;12900;ASH_COATED_OSMIUM;9930;19;9927;19;;;9952;15;9955;14;;;9941.0;0.0
av_CORN_d11;12900;INTARIAN_PEPPER_ROOT;10369;7;10365;27;;;10388;20;10392;17;;;10378.5;0.0
av_CORN_d11;13000;ASH_COATED_OSMIUM;9938;15;9936;19;;;9944;23;9947;18;;;9941.0;0.0
av_CORN_d11;13000;INTARIAN_PEPPER_ROOT;10373;16;10370;15;;;10379;20;10381;10;;;10376.0;0.0
av_CORN_d11;13100;ASH_COATED_OSMIUM;9938;10;9936;12;;;9944;16;9946;14;;;9941.0;0.0
av_CORN_d11;13100;INTARIAN_PEPPER_ROOT;10368;19;10365;18;;;10379;22;10382;19;;;10373.5;0.0
av_CORN_d11;13200;ASH_COATED_OSMIUM;9938;9;9936;22;;;9944;19;9946;25;;;9941.0;0.0
av_CORN_d11;13200;INTARIAN_PEPPER_ROOT;10369;19;10365;25;;;10375;14;10379;16;;;10372.0;0.0
av_CORN_d11;13300;ASH_COATED_OSMIUM;9937;14;9933;13;;;9945;16;9949;21;;;9941.0;0.0
av_CORN_d11;13300;INTARIAN_PEPPER_ROOT;10366;18;10362;25;;;10372;11;10375;20;;;10369.0;0.0
av_CORN_d11;13400;ASH_COATED_OSMIUM;9935;24;9932;17;;;9946;13;9949;14;;;9940.5;0.0
av_CORN_d11;13400;INTARIAN_PEPPER_ROOT;10364;17;10360;21;;;10371;5;10375;29;;;10367.5;0.0
av_CORN_d11;13500;ASH_COATED_OSMIUM;9937;12;9933;25;;;9943;15;9946;22;;;9940.0;0.0
av_CORN_d11;13500;INTARIAN_PEPPER_ROOT;10361;19;10359;19;;;10367;13;10369;8;;;10364.0;0.0
av_CORN_d11;13600;ASH_COATED_OSMIUM;9936;17;9934;17;;;9947;15;9951;11;;;9941.5;0.0
av_CORN_d11;13600;INTARIAN_PEPPER_ROOT;10360;20;10357;19;;;10366;20;10368;18;;;10363.0;0.0
av_CORN_d11;13700;ASH_COATED_OSMIUM;9938;6;9935;14;;;9944;13;9946;17;;;9941.0;0.0
av_CORN_d11;13700;INTARIAN_PEPPER_ROOT;10357;13;10355;22;;;10363;22;10365;20;;;10360.0;0.0
av_CORN_d11;13800;ASH_COATED_OSMIUM;9938;6;9935;10;;;9945;15;9948;14;;;9941.5;0.0
av_CORN_d11;13800;INTARIAN_PEPPER_ROOT;10355;18;10352;19;;;10361;11;10363;24;;;10358.0;0.0
av_CORN_d11;13900;ASH_COATED_OSMIUM;9938;13;9936;20;;;9944;15;9947;26;;;9941.0;0.0
av_CORN_d11;13900;INTARIAN_PEPPER_ROOT;10349;14;10347;22;;;10363;16;10367;23;;;10356.0;0.0
av_CORN_d11;14000;ASH_COATED_OSMIUM;9938;8;9934;24;;;9944;15;9946;19;;;9941.0;0.0
av_CORN_d11;14000;INTARIAN_PEPPER_ROOT;10350;19;10348;22;;;10356;11;10359;19;;;10353.0;0.0
av_CORN_d11;14100;ASH_COATED_OSMIUM;9938;7;9935;20;;;9944;15;9947;22;;;9941.0;0.0
av_CORN_d11;14100;INTARIAN_PEPPER_ROOT;10341;16;10337;18;;;10361;10;10365;9;;;10351.0;0.0
av_CORN_d11;14200;ASH_COATED_OSMIUM;9938;18;9934;23;;;9944;14;9948;21;;;9941.0;0.0
av_CORN_d11;14200;INTARIAN_PEPPER_ROOT;10342;11;10340;17;;;10357;20;10359;24;;;10349.5;0.0
av_CORN_d11;14300;ASH_COATED_OSMIUM;9936;27;9932;22;;;9945;17;9947;21;;;9940.5;0.0
av_CORN_d11;14300;INTARIAN_PEPPER_ROOT;10338;13;10334;15;;;10356;18;10360;20;;;10347.0;0.0
av_CORN_d11;14400;ASH_COATED_OSMIUM;9938;17;9936;23;;;9944;14;9948;22;;;9941.0;0.0
av_CORN_d11;14400;INTARIAN_PEPPER_ROOT;10341;21;10338;22;;;10347;23;10350;13;;;10344.0;0.0
av_CORN_d11;14500;ASH_COATED_OSMIUM;9938;12;9934;19;;;9944;10;9947;23;;;9941.0;0.0
av_CORN_d11;14500;INTARIAN_PEPPER_ROOT;10336;24;10332;15;;;10348;10;10351;20;;;10342.0;0.0
av_CORN_d11;14600;ASH_COATED_OSMIUM;9937;9;9933;25;;;9943;22;9945;17;;;9940.0;0.0
av_CORN_d11;14600;INTARIAN_PEPPER_ROOT;10337;28;10333;32;;;10343;18;10346;17;;;10340.0;0.0
av_CORN_d11;14700;ASH_COATED_OSMIUM;9938;15;9935;21;;;9944;15;9948;22;;;9941.0;0.0
av_CORN_d11;14700;INTARIAN_PEPPER_ROOT;10330;14;10327;18;;;10345;5;10349;28;;;10337.5;0.0
av_CORN_d11;14800;ASH_COATED_OSMIUM;9938;9;9935;19;;;9944;14;9946;21;;;9941.0;0.0
av_CORN_d11;14800;INTARIAN_PEPPER_ROOT;10333;10;10329;18;;;10339;11;10343;15;;;10336.0;0.0
av_CORN_d11;14900;ASH_COATED_OSMIUM;9937;16;9935;23;;;9943;17;9946;28;;;9940.0;0.0
av_CORN_d11;14900;INTARIAN_PEPPER_ROOT;10330;20;10328;20;;;10336;18;10338;23;;;10333.0;0.0
av_CORN_d11;15000;ASH_COATED_OSMIUM;9938;13;9936;21;;;9944;5;9947;26;;;9941.0;0.0
av_CORN_d11;15000;INTARIAN_PEPPER_ROOT;10328;14;10326;15;;;10334;7;10336;19;;;10331.0;0.0
av_CORN_d11;15100;ASH_COATED_OSMIUM;9938;11;9934;15;;;9944;13;9947;20;;;9941.0;0.0
av_CORN_d11;15100;INTARIAN_PEPPER_ROOT;10326;18;10322;14;;;10332;15;10335;28;;;10329.0;0.0
av_CORN_d11;15200;ASH_COATED_OSMIUM;9936;12;9932;11;;;9944;17;9948;22;;;9940.0;0.0
av_CORN_d11;15200;INTARIAN_PEPPER_ROOT;10323;8;10321;16;;;10331;16;10335;19;;;10327.0;0.0
av_CORN_d11;15300;ASH_COATED_OSMIUM;9937;8;9934;17;;;9943;15;9945;18;;;9940.0;0.0
av_CORN_d11;15300;INTARIAN_PEPPER_ROOT;10315;14;10311;17;;;10335;24;10339;13;;;10325.0;0.0
av_CORN_d11;15400;ASH_COATED_OSMIUM;9937;9;9934;14;;;9943;8;9947;22;;;9940.0;0.0
av_CORN_d11;15400;INTARIAN_PEPPER_ROOT;10319;18;10316;14;;;10325;13;10328;27;;;10322.0;0.0
av_CORN_d11;15500;ASH_COATED_OSMIUM;9938;6;9935;15;;;9944;8;9948;18;;;9941.0;0.0
av_CORN_d11;15500;INTARIAN_PEPPER_ROOT;10307;5;10305;20;;;10333;14;10337;24;;;10320.0;0.0
av_CORN_d11;15600;ASH_COATED_OSMIUM;9934;12;9930;16;;;9948;14;9950;21;;;9941.0;0.0
av_CORN_d11;15600;INTARIAN_PEPPER_ROOT;10313;8;10309;24;;;10323;8;10325;20;;;10318.0;0.0
av_CORN_d11;15700;ASH_COATED_OSMIUM;9931;18;9928;22;;;9949;14;9952;23;;;9940.0;0.0
av_CORN_d11;15700;INTARIAN_PEPPER_ROOT;10312;17;10308;13;;;10318;9;10321;13;;;10315.0;0.0
av_CORN_d11;15800;ASH_COATED_OSMIUM;9924;6;9921;22;;;9957;13;9960;25;;;9940.5;0.0
av_CORN_d11;15800;INTARIAN_PEPPER_ROOT;10310;19;10307;25;;;10316;13;10319;29;;;10313.0;0.0
av_CORN_d11;15900;ASH_COATED_OSMIUM;9937;12;9933;8;;;9943;25;9946;18;;;9940.0;0.0
av_CORN_d11;15900;INTARIAN_PEPPER_ROOT;10304;11;10301;17;;;10317;18;10319;14;;;10310.5;0.0
av_CORN_d11;16000;ASH_COATED_OSMIUM;9938;12;9936;26;;;9944;20;9946;21;;;9941.0;0.0
av_CORN_d11;16000;INTARIAN_PEPPER_ROOT;10306;6;10303;11;;;10312;14;10315;23;;;10309.0;0.0
av_CORN_d11;16100;ASH_COATED_OSMIUM;9937;5;9933;32;;;9943;16;9945;29;;;9940.0;0.0
av_CORN_d11;16100;INTARIAN_PEPPER_ROOT;10304;19;10301;28;;;10310;16;10313;16;;;10307.0;0.0
av_CORN_d11;16200;ASH_COATED_OSMIUM;9933;10;9931;18;;;9949;21;9953;20;;;9941.0;0.0
av_CORN_d11;16200;INTARIAN_PEPPER_ROOT;10301;23;10297;25;;;10307;14;10309;18;;;10304.0;0.0
av_CORN_d11;16300;ASH_COATED_OSMIUM;9937;13;9934;14;;;9945;17;9948;26;;;9941.0;0.0
av_CORN_d11;16300;INTARIAN_PEPPER_ROOT;10299;22;10296;17;;;10305;19;10308;18;;;10302.0;0.0
av_CORN_d11;16400;ASH_COATED_OSMIUM;9937;13;9933;20;;;9943;5;9946;18;;;9940.0;0.0
av_CORN_d11;16400;INTARIAN_PEPPER_ROOT;10297;20;10294;16;;;10303;20;10305;26;;;10300.0;0.0
av_CORN_d11;16500;ASH_COATED_OSMIUM;9937;17;9934;19;;;9943;12;9945;16;;;9940.0;0.0
av_CORN_d11;16500;INTARIAN_PEPPER_ROOT;10291;13;10288;10;;;10304;16;10307;24;;;10297.5;0.0
av_CORN_d11;16600;ASH_COATED_OSMIUM;9932;9;9929;18;;;9950;17;9954;19;;;9941.0;0.0
av_CORN_d11;16600;INTARIAN_PEPPER_ROOT;10293;9;10290;19;;;10299;21;10301;26;;;10296.0;0.0
av_CORN_d11;16700;ASH_COATED_OSMIUM;9938;7;9934;25;;;9944;15;9947;20;;;9941.0;0.0
av_CORN_d11;16700;INTARIAN_PEPPER_ROOT;10289;13;10285;25;;;10296;18;10299;21;;;10292.5;0.0
av_CORN_d11;16800;ASH_COATED_OSMIUM;9933;19;9930;10;;;9946;13;9949;24;;;9939.5;0.0
av_CORN_d11;16800;INTARIAN_PEPPER_ROOT;10288;25;10285;14;;;10294;19;10298;9;;;10291.0;0.0
av_CORN_d11;16900;ASH_COATED_OSMIUM;9936;5;9934;11;;;9945;9;9947;10;;;9940.5;0.0
av_CORN_d11;16900;INTARIAN_PEPPER_ROOT;10285;30;10282;22;;;10291;12;10293;22;;;10288.0;0.0
av_CORN_d11;17000;ASH_COATED_OSMIUM;9938;11;9935;25;;;9944;10;9948;20;;;9941.0;0.0
av_CORN_d11;17000;INTARIAN_PEPPER_ROOT;10285;16;10282;19;;;10291;10;10294;18;;;10288.0;0.0
av_CORN_d11;17100;ASH_COATED_OSMIUM;9933;16;9929;10;;;9947;8;9951;20;;;9940.0;0.0
av_CORN_d11;17100;INTARIAN_PEPPER_ROOT;10283;14;10280;22;;;10289;10;10292;16;;;10286.0;0.0
av_CORN_d11;17200;ASH_COATED_OSMIUM;9935;13;9933;18;;;9945;14;9948;11;;;9940.0;0.0
av_CORN_d11;17200;INTARIAN_PEPPER_ROOT;10271;21;10269;19;;;10301;11;10304;27;;;10286.0;0.0
av_CORN_d11;17300;ASH_COATED_OSMIUM;9936;23;9934;20;;;9945;9;9949;23;;;9940.5;0.0
av_CORN_d11;17300;INTARIAN_PEPPER_ROOT;10281;17;10278;8;;;10291;18;10293;12;;;10286.0;0.0
av_CORN_d11;17400;ASH_COATED_OSMIUM;9932;17;9930;20;;;9949;20;9951;17;;;9940.5;0.0
av_CORN_d11;17400;INTARIAN_PEPPER_ROOT;10282;19;10278;19;;;10288;5;10291;22;;;10285.0;0.0
av_CORN_d11;17500;ASH_COATED_OSMIUM;9937;18;9934;16;;;9943;11;9945;20;;;9940.0;0.0
av_CORN_d11;17500;INTARIAN_PEPPER_ROOT;10282;20;10279;21;;;10288;17;10292;11;;;10285.0;0.0
av_CORN_d11;17600;ASH_COATED_OSMIUM;9936;18;9933;21;;;9945;13;9949;17;;;9940.5;0.0
av_CORN_d11;17600;INTARIAN_PEPPER_ROOT;10281;14;10278;15;;;10287;8;10290;10;;;10284.0;0.0
av_CORN_d11;17700;ASH_COATED_OSMIUM;9935;12;9932;18;;;9946;18;9949;28;;;9940.5;0.0
av_CORN_d11;17700;INTARIAN_PEPPER_ROOT;10276;20;10274;21;;;10291;14;10294;25;;;10283.5;0.0
av_CORN_d11;17800;ASH_COATED_OSMIUM;9931;22;9928;8;;;9951;18;9954;16;;;9941.0;0.0
av_CORN_d11;17800;INTARIAN_PEPPER_ROOT;10279;8;10275;17;;;10286;13;10290;17;;;10282.5;0.0
av_CORN_d11;17900;ASH_COATED_OSMIUM;9930;10;9926;13;;;9951;22;9955;16;;;9940.5;0.0
av_CORN_d11;17900;INTARIAN_PEPPER_ROOT;10279;5;10276;11;;;10285;14;10287;19;;;10282.0;0.0
av_CORN_d11;18000;ASH_COATED_OSMIUM;9937;19;9933;21;;;9945;15;9948;20;;;9941.0;0.0
av_CORN_d11;18000;INTARIAN_PEPPER_ROOT;10273;13;10271;17;;;10291;24;10293;10;;;10282.0;0.0
av_CORN_d11;18100;ASH_COATED_OSMIUM;9938;18;9934;28;;;9944;11;9946;15;;;9941.0;0.0
av_CORN_d11;18100;INTARIAN_PEPPER_ROOT;10278;14;10275;15;;;10284;18;10287;17;;;10281.0;0.0
av_CORN_d11;18200;ASH_COATED_OSMIUM;9938;5;9934;20;;;9944;19;9947;10;;;9941.0;0.0
av_CORN_d11;18200;INTARIAN_PEPPER_ROOT;10271;19;10269;21;;;10291;19;10295;15;;;10281.0;0.0
av_CORN_d11;18300;ASH_COATED_OSMIUM;9933;11;9931;25;;;9947;18;9949;31;;;9940.0;0.0
av_CORN_d11;18300;INTARIAN_PEPPER_ROOT;10278;17;10276;13;;;10284;15;10286;10;;;10281.0;0.0
av_CORN_d11;18400;ASH_COATED_OSMIUM;9938;13;9936;16;;;9944;22;9948;27;;;9941.0;0.0
av_CORN_d11;18400;INTARIAN_PEPPER_ROOT;10274;15;10272;19;;;10284;20;10287;21;;;10279.0;0.0
av_CORN_d11;18500;ASH_COATED_OSMIUM;9937;21;9935;20;;;9943;13;9947;19;;;9940.0;0.0
av_CORN_d11;18500;INTARIAN_PEPPER_ROOT;10276;10;10274;17;;;10282;12;10285;15;;;10279.0;0.0
av_CORN_d11;18600;ASH_COATED_OSMIUM;9937;27;9933;22;;;9944;15;9947;22;;;9940.5;0.0
av_CORN_d11;18600;INTARIAN_PEPPER_ROOT;10272;16;10270;15;;;10285;16;10288;24;;;10278.5;0.0
av_CORN_d11;18700;ASH_COATED_OSMIUM;9936;17;9934;17;;;9946;9;9949;15;;;9941.0;0.0
av_CORN_d11;18700;INTARIAN_PEPPER_ROOT;10274;14;10271;23;;;10282;17;10286;18;;;10278.0;0.0
av_CORN_d11;18800;ASH_COATED_OSMIUM;9938;15;9935;16;;;9944;5;9946;17;;;9941.0;0.0
av_CORN_d11;18800;INTARIAN_PEPPER_ROOT;10274;10;10271;30;;;10280;14;10284;27;;;10277.0;0.0
av_CORN_d11;18900;ASH_COATED_OSMIUM;9938;13;9935;17;;;9944;12;9948;19;;;9941.0;0.0
av_CORN_d11;18900;INTARIAN_PEPPER_ROOT;10274;22;10270;23;;;10280;11;10284;23;;;10277.0;0.0
av_CORN_d11;19000;ASH_COATED_OSMIUM;9938;13;9935;21;;;9944;11;9946;21;;;9941.0;0.0
av_CORN_d11;19000;INTARIAN_PEPPER_ROOT;10271;15;10267;18;;;10281;8;10283;21;;;10276.0;0.0
av_CORN_d11;19100;ASH_COATED_OSMIUM;9938;16;9935;16;;;9945;26;9949;8;;;9941.5;0.0
av_CORN_d11;19100;INTARIAN_PEPPER_ROOT;10273;16;10270;23;;;10279;18;10283;10;;;10276.0;0.0
av_CORN_d11;19200;ASH_COATED_OSMIUM;9939;13;9936;15;;;9945;18;9948;25;;;9942.0;0.0
av_CORN_d11;19200;INTARIAN_PEPPER_ROOT;10272;21;10270;22;;;10278;17;10280;18;;;10275.0;0.0
av_CORN_d11;19300;ASH_COATED_OSMIUM;9938;23;9935;17;;;9944;14;9948;14;;;9941.0;0.0
av_CORN_d11;19300;INTARIAN_PEPPER_ROOT;10272;9;10270;24;;;10278;11;10281;12;;;10275.0;0.0
av_CORN_d11;19400;ASH_COATED_OSMIUM;9938;12;9936;22;;;9944;14;9946;19;;;9941.0;0.0
av_CORN_d11;19400;INTARIAN_PEPPER_ROOT;10271;16;10268;14;;;10277;14;10281;25;;;10274.0;0.0
av_CORN_d11;19500;ASH_COATED_OSMIUM;9935;23;9933;20;;;9947;5;9951;17;;;9941.0;0.0
av_CORN_d11;19500;INTARIAN_PEPPER_ROOT;10271;18;10267;17;;;10277;22;10280;26;;;10274.0;0.0
av_CORN_d11;19600;ASH_COATED_OSMIUM;9936;6;9934;15;;;9945;21;9949;15;;;9940.5;0.0
av_CORN_d11;19600;INTARIAN_PEPPER_ROOT;10270;13;10266;22;;;10276;21;10278;29;;;10273.0;0.0
av_CORN_d11;19700;ASH_COATED_OSMIUM;9933;15;9931;21;;;9949;12;9951;17;;;9941.0;0.0
av_CORN_d11;19700;INTARIAN_PEPPER_ROOT;10269;9;10267;21;;;10275;15;10278;14;;;10272.0;0.0
av_CORN_d11;19800;ASH_COATED_OSMIUM;9937;11;9934;19;;;9946;15;9948;22;;;9941.5;0.0
av_CORN_d11;19800;INTARIAN_PEPPER_ROOT;10269;16;10267;24;;;10276;20;10279;22;;;10272.5;0.0
av_CORN_d11;19900;ASH_COATED_OSMIUM;9938;12;9934;14;;;9944;17;9948;18;;;9941.0;0.0
av_CORN_d11;19900;INTARIAN_PEPPER_ROOT;10269;12;10266;30;;;10275;15;10279;15;;;10272.0;0.0
av_CORN_d11;20000;ASH_COATED_OSMIUM;9938;14;9934;17;;;9944;5;9946;24;;;9941.0;0.0
av_CORN_d11;20000;INTARIAN_PEPPER_ROOT;10266;11;10264;13;;;10277;14;10280;21;;;10271.5;0.0
av_CORN_d11;20100;ASH_COATED_OSMIUM;9938;14;9936;14;;;9944;18;9947;20;;;9941.0;0.0
av_CORN_d11;20100;INTARIAN_PEPPER_ROOT;10267;20;10265;27;;;10273;14;10276;26;;;10270.0;0.0
av_CORN_d11;20200;ASH_COATED_OSMIUM;9938;16;9936;11;;;9944;18;9946;18;;;9941.0;0.0
av_CORN_d11;20200;INTARIAN_PEPPER_ROOT;10261;13;10259;16;;;10278;17;10282;18;;;10269.5;0.0
av_CORN_d11;20300;ASH_COATED_OSMIUM;9926;14;9924;13;;;9957;12;9959;20;;;9941.5;0.0
av_CORN_d11;20300;INTARIAN_PEPPER_ROOT;10266;16;10263;17;;;10272;11;10274;24;;;10269.0;0.0
av_CORN_d11;20400;ASH_COATED_OSMIUM;9938;10;9936;18;;;9945;10;9948;13;;;9941.5;0.0
av_CORN_d11;20400;INTARIAN_PEPPER_ROOT;10258;15;10256;28;;;10280;10;10283;16;;;10269.0;0.0
av_CORN_d11;20500;ASH_COATED_OSMIUM;9939;26;9936;17;;;9945;10;9948;20;;;9942.0;0.0
av_CORN_d11;20500;INTARIAN_PEPPER_ROOT;10265;8;10261;23;;;10271;12;10275;21;;;10268.0;0.0
av_CORN_d11;20600;ASH_COATED_OSMIUM;9932;20;9929;20;;;9952;12;9955;26;;;9942.0;0.0
av_CORN_d11;20600;INTARIAN_PEPPER_ROOT;10265;5;10263;19;;;10271;8;10274;11;;;10268.0;0.0
av_CORN_d11;20700;ASH_COATED_OSMIUM;9939;17;9936;24;;;9945;23;9947;22;;;9942.0;0.0
av_CORN_d11;20700;INTARIAN_PEPPER_ROOT;10261;5;10259;18;;;10273;19;10276;22;;;10267.0;0.0
av_CORN_d11;20800;ASH_COATED_OSMIUM;9939;25;9936;16;;;9945;10;9948;11;;;9942.0;0.0
av_CORN_d11;20800;INTARIAN_PEPPER_ROOT;10264;16;10261;26;;;10270;16;10272;21;;;10267.0;0.0
av_CORN_d11;20900;ASH_COATED_OSMIUM;9935;12;9933;13;;;9948;13;9951;15;;;9941.5;0.0
av_CORN_d11;20900;INTARIAN_PEPPER_ROOT;10262;20;10258;17;;;10269;16;10273;24;;;10265.5;0.0
av_CORN_d11;21000;ASH_COATED_OSMIUM;9938;15;9936;13;;;9944;19;9948;22;;;9941.0;0.0
av_CORN_d11;21000;INTARIAN_PEPPER_ROOT;10263;18;10260;23;;;10269;7;10271;17;;;10266.0;0.0
av_CORN_d11;21100;ASH_COATED_OSMIUM;9938;22;9934;18;;;9944;17;9947;32;;;9941.0;0.0
av_CORN_d11;21100;INTARIAN_PEPPER_ROOT;10262;8;10260;22;;;10268;11;10270;19;;;10265.0;0.0
av_CORN_d11;21200;ASH_COATED_OSMIUM;9938;11;9934;28;;;9944;12;9948;8;;;9941.0;0.0
av_CORN_d11;21200;INTARIAN_PEPPER_ROOT;10262;21;10260;18;;;10268;18;10270;14;;;10265.0;0.0
av_CORN_d11;21300;ASH_COATED_OSMIUM;9933;11;9930;14;;;9950;16;9953;19;;;9941.5;0.0
av_CORN_d11;21300;INTARIAN_PEPPER_ROOT;10261;12;10258;17;;;10267;7;10271;17;;;10264.0;0.0
av_CORN_d11;21400;ASH_COATED_OSMIUM;9939;13;9936;27;;;9945;14;9948;29;;;9942.0;0.0
av_CORN_d11;21400;INTARIAN_PEPPER_ROOT;10260;11;10257;21;;;10266;19;10268;21;;;10263.0;0.0
av_CORN_d11;21500;ASH_COATED_OSMIUM;9938;19;9936;21;;;9947;23;9951;26;;;9942.5;0.0
av_CORN_d11;21500;INTARIAN_PEPPER_ROOT;10260;15;10257;22;;;10266;21;10270;14;;;10263.0;0.0
av_CORN_d11;21600;ASH_COATED_OSMIUM;9939;12;9935;22;;;9945;14;9949;13;;;9942.0;0.0
av_CORN_d11;21600;INTARIAN_PEPPER_ROOT;10257;13;10254;26;;;10269;16;10272;14;;;10263.0;0.0
av_CORN_d11;21700;ASH_COATED_OSMIUM;9938;9;9936;17;;;9944;15;9946;22;;;9941.0;0.0
av_CORN_d11;21700;INTARIAN_PEPPER_ROOT;10254;11;10252;24;;;10269;7;10272;19;;;10261.5;0.0
av_CORN_d11;21800;ASH_COATED_OSMIUM;9939;19;9936;22;;;9945;20;9947;22;;;9942.0;0.0
av_CORN_d11;21800;INTARIAN_PEPPER_ROOT;10258;15;10254;29;;;10264;30;10268;20;;;10261.0;0.0
av_CORN_d11;21900;ASH_COATED_OSMIUM;9938;11;9936;25;;;9944;13;9948;22;;;9941.0;0.0
av_CORN_d11;21900;INTARIAN_PEPPER_ROOT;10255;15;10253;25;;;10265;20;10269;17;;;10260.0;0.0
av_CORN_d11;22000;ASH_COATED_OSMIUM;9939;21;9936;23;;;9945;17;9949;22;;;9942.0;0.0
av_CORN_d11;22000;INTARIAN_PEPPER_ROOT;10252;19;10249;24;;;10267;24;10269;19;;;10259.5;0.0
av_CORN_d11;22100;ASH_COATED_OSMIUM;9939;7;9937;23;;;9945;6;9949;16;;;9942.0;0.0
av_CORN_d11;22100;INTARIAN_PEPPER_ROOT;10251;12;10249;21;;;10270;12;10274;15;;;10260.5;0.0
av_CORN_d11;22200;ASH_COATED_OSMIUM;9933;11;9931;14;;;9952;17;9956;18;;;9942.5;0.0
av_CORN_d11;22200;INTARIAN_PEPPER_ROOT;10256;11;10254;26;;;10262;21;10266;10;;;10259.0;0.0
av_CORN_d11;22300;ASH_COATED_OSMIUM;9920;18;9916;14;;;9962;11;9965;17;;;9941.0;0.0
av_CORN_d11;22300;INTARIAN_PEPPER_ROOT;10255;18;10253;24;;;10261;17;10265;20;;;10258.0;0.0
av_CORN_d11;22400;ASH_COATED_OSMIUM;9939;5;9935;18;;;9945;5;9948;26;;;9942.0;0.0
av_CORN_d11;22400;INTARIAN_PEPPER_ROOT;10252;18;10249;21;;;10263;9;10265;11;;;10257.5;0.0
av_CORN_d11;22500;ASH_COATED_OSMIUM;9937;5;9933;17;;;9946;8;9948;28;;;9941.5;0.0
av_CORN_d11;22500;INTARIAN_PEPPER_ROOT;10254;22;10252;11;;;10260;17;10263;21;;;10257.0;0.0
av_CORN_d11;22600;ASH_COATED_OSMIUM;9936;13;9933;16;;;9947;20;9950;25;;;9941.5;0.0
av_CORN_d11;22600;INTARIAN_PEPPER_ROOT;10254;11;10250;13;;;10260;13;10264;22;;;10257.0;0.0
av_CORN_d11;22700;ASH_COATED_OSMIUM;9934;12;9930;27;;;9950;21;9954;26;;;9942.0;0.0
av_CORN_d11;22700;INTARIAN_PEPPER_ROOT;10254;22;10250;21;;;10260;8;10264;20;;;10257.0;0.0
av_CORN_d11;22800;ASH_COATED_OSMIUM;9936;16;9932;21;;;9948;14;9952;24;;;9942.0;0.0
av_CORN_d11;22800;INTARIAN_PEPPER_ROOT;10250;20;10246;11;;;10262;11;10266;17;;;10256.0;0.0
av_CORN_d11;22900;ASH_COATED_OSMIUM;9938;8;9935;23;;;9947;12;9951;15;;;9942.5;0.0
av_CORN_d11;22900;INTARIAN_PEPPER_ROOT;10252;18;10249;12;;;10258;9;10262;22;;;10255.0;0.0
av_CORN_d11;23000;ASH_COATED_OSMIUM;9926;22;9922;16;;;9959;14;9961;24;;;9942.5;0.0
av_CORN_d11;23000;INTARIAN_PEPPER_ROOT;10252;16;10249;16;;;10258;5;10262;22;;;10255.0;0.0
av_CORN_d11;23100;ASH_COATED_OSMIUM;9937;18;9934;15;;;9948;18;9950;21;;;9942.5;0.0
av_CORN_d11;23100;INTARIAN_PEPPER_ROOT;10252;18;10250;24;;;10258;9;10262;28;;;10255.0;0.0
av_CORN_d11;23200;ASH_COATED_OSMIUM;9939;15;9937;20;;;9945;28;9949;15;;;9942.0;0.0
av_CORN_d11;23200;INTARIAN_PEPPER_ROOT;10250;20;10247;22;;;10256;11;10260;10;;;10253.0;0.0
av_CORN_d11;23300;ASH_COATED_OSMIUM;9939;15;9935;13;;;9946;15;9949;29;;;9942.5;0.0
av_CORN_d11;23300;INTARIAN_PEPPER_ROOT;10246;12;10242;24;;;10261;14;10263;25;;;10253.5;0.0
av_CORN_d11;23400;ASH_COATED_OSMIUM;9939;19;9937;23;;;9945;15;9948;21;;;9942.0;0.0
av_CORN_d11;23400;INTARIAN_PEPPER_ROOT;10245;18;10242;25;;;10258;15;10262;22;;;10251.5;0.0
av_CORN_d11;23500;ASH_COATED_OSMIUM;9931;6;9927;21;;;9953;17;9955;21;;;9942.0;0.0
av_CORN_d11;23500;INTARIAN_PEPPER_ROOT;10249;16;10247;15;;;10255;10;10258;17;;;10252.0;0.0
av_CORN_d11;23600;ASH_COATED_OSMIUM;9938;16;9934;16;;;9946;10;9949;21;;;9942.0;0.0
av_CORN_d11;23600;INTARIAN_PEPPER_ROOT;10249;21;10246;20;;;10255;15;10258;26;;;10252.0;0.0
av_CORN_d11;23700;ASH_COATED_OSMIUM;9939;19;9935;26;;;9945;15;9947;24;;;9942.0;0.0
av_CORN_d11;23700;INTARIAN_PEPPER_ROOT;10238;20;10236;24;;;10264;13;10268;21;;;10251.0;0.0
av_CORN_d11;23800;ASH_COATED_OSMIUM;9939;11;9937;15;;;9945;19;9948;28;;;9942.0;0.0
av_CORN_d11;23800;INTARIAN_PEPPER_ROOT;10247;9;10245;19;;;10253;21;10257;21;;;10250.0;0.0
av_CORN_d11;23900;ASH_COATED_OSMIUM;9939;13;9937;12;;;9945;21;9948;22;;;9942.0;0.0
av_CORN_d11;23900;INTARIAN_PEPPER_ROOT;10247;16;10244;22;;;10253;7;10256;20;;;10250.0;0.0
av_CORN_d11;24000;ASH_COATED_OSMIUM;9917;20;9915;16;;;9968;11;9970;22;;;9942.5;0.0
av_CORN_d11;24000;INTARIAN_PEPPER_ROOT;10245;13;10241;23;;;10253;15;10257;11;;;10249.0;0.0
av_CORN_d11;24100;ASH_COATED_OSMIUM;9937;22;9934;16;;;9947;11;9949;14;;;9942.0;0.0
av_CORN_d11;24100;INTARIAN_PEPPER_ROOT;10246;5;10242;22;;;10252;20;10254;11;;;10249.0;0.0
av_CORN_d11;24200;ASH_COATED_OSMIUM;9938;13;9936;28;;;9946;21;9950;10;;;9942.0;0.0
av_CORN_d11;24200;INTARIAN_PEPPER_ROOT;10245;19;10243;24;;;10251;5;10253;25;;;10248.0;0.0
av_CORN_d11;24300;ASH_COATED_OSMIUM;9939;15;9935;19;;;9945;14;9947;16;;;9942.0;0.0
av_CORN_d11;24300;INTARIAN_PEPPER_ROOT;10237;14;10235;17;;;10258;19;10261;22;;;10247.5;0.0
av_CORN_d11;24400;ASH_COATED_OSMIUM;9939;21;9935;20;;;9945;12;9949;20;;;9942.0;0.0
av_CORN_d11;24400;INTARIAN_PEPPER_ROOT;10244;14;10240;10;;;10250;12;10254;13;;;10247.0;0.0
av_CORN_d11;24500;ASH_COATED_OSMIUM;9939;17;9937;23;;;9946;15;9950;15;;;9942.5;0.0
av_CORN_d11;24500;INTARIAN_PEPPER_ROOT;10242;19;10239;23;;;10251;11;10255;21;;;10246.5;0.0
av_CORN_d11;24600;ASH_COATED_OSMIUM;9937;25;9934;16;;;9948;20;9950;22;;;9942.5;0.0
av_CORN_d11;24600;INTARIAN_PEPPER_ROOT;10243;22;10241;12;;;10249;5;10253;15;;;10246.0;0.0
av_CORN_d11;24700;ASH_COATED_OSMIUM;9939;11;9937;8;;;9945;17;9949;21;;;9942.0;0.0
av_CORN_d11;24700;INTARIAN_PEPPER_ROOT;10240;23;10236;23;;;10251;24;10255;15;;;10245.5;0.0
av_CORN_d11;24800;ASH_COATED_OSMIUM;9940;16;9936;22;;;9946;13;9948;24;;;9943.0;0.0
av_CORN_d11;24800;INTARIAN_PEPPER_ROOT;10242;11;10239;32;;;10248;6;10251;19;;;10245.0;0.0
av_CORN_d11;24900;ASH_COATED_OSMIUM;9932;18;9930;17;;;9953;17;9955;16;;;9942.5;0.0
av_CORN_d11;24900;INTARIAN_PEPPER_ROOT;10242;14;10239;17;;;10248;16;10251;25;;;10245.0;0.0
av_CORN_d11;25000;ASH_COATED_OSMIUM;9939;27;9937;15;;;9945;24;9948;18;;;9942.0;0.0
av_CORN_d11;25000;INTARIAN_PEPPER_ROOT;10240;16;10238;18;;;10246;9;10248;20;;;10243.0;0.0
av_CORN_d11;25100;ASH_COATED_OSMIUM;9937;17;9934;10;;;9947;5;9951;31;;;9942.0;0.0
av_CORN_d11;25100;INTARIAN_PEPPER_ROOT;10240;10;10236;25;;;10246;5;10248;26;;;10243.0;0.0
av_CORN_d11;25200;ASH_COATED_OSMIUM;9940;12;9937;15;;;9946;14;9949;24;;;9943.0;0.0
av_CORN_d11;25200;INTARIAN_PEPPER_ROOT;10239;26;10237;21;;;10247;14;10251;20;;;10243.0;0.0
av_CORN_d11;25300;ASH_COATED_OSMIUM;9938;17;9934;22;;;9947;11;9949;14;;;9942.5;0.0
av_CORN_d11;25300;INTARIAN_PEPPER_ROOT;10239;14;10237;22;;;10245;17;10248;24;;;10242.0;0.0
av_CORN_d11;25400;ASH_COATED_OSMIUM;9940;23;9938;20;;;9946;5;9949;22;;;9943.0;0.0
av_CORN_d11;25400;INTARIAN_PEPPER_ROOT;10239;25;10236;18;;;10245;17;10249;21;;;10242.0;0.0
av_CORN_d11;25500;ASH_COATED_OSMIUM;9939;17;9936;20;;;9945;12;9949;26;;;9942.0;0.0
av_CORN_d11;25500;INTARIAN_PEPPER_ROOT;10238;17;10234;16;;;10244;16;10247;28;;;10241.0;0.0
av_CORN_d11;25600;ASH_COATED_OSMIUM;9940;17;9936;29;;;9946;19;9950;23;;;9943.0;0.0
av_CORN_d11;25600;INTARIAN_PEPPER_ROOT;10238;10;10235;20;;;10244;16;10246;13;;;10241.0;0.0
av_CORN_d11;25700;ASH_COATED_OSMIUM;9939;13;9937;22;;;9947;23;9951;23;;;9943.0;0.0
av_CORN_d11;25700;INTARIAN_PEPPER_ROOT;10228;20;10225;23;;;10252;11;10254;16;;;10240.0;0.0
av_CORN_d11;25800;ASH_COATED_OSMIUM;9940;13;9936;18;;;9946;14;9948;16;;;9943.0;0.0
av_CORN_d11;25800;INTARIAN_PEPPER_ROOT;10236;7;10232;23;;;10242;13;10245;22;;;10239.0;0.0
av_CORN_d11;25900;ASH_COATED_OSMIUM;9940;12;9938;23;;;9946;7;9949;27;;;9943.0;0.0
av_CORN_d11;25900;INTARIAN_PEPPER_ROOT;10217;11;10215;21;;;10260;17;10262;18;;;10238.5;0.0
av_CORN_d11;26000;ASH_COATED_OSMIUM;9941;23;9938;16;;;9947;17;9951;10;;;9944.0;0.0
av_CORN_d11;26000;INTARIAN_PEPPER_ROOT;10230;5;10227;17;;;10246;16;10248;23;;;10238.0;0.0
av_CORN_d11;26100;ASH_COATED_OSMIUM;9940;25;9938;16;;;9946;23;9948;16;;;9943.0;0.0
av_CORN_d11;26100;INTARIAN_PEPPER_ROOT;10232;24;10230;18;;;10243;7;10246;27;;;10237.5;0.0
av_CORN_d11;26200;ASH_COATED_OSMIUM;9928;8;9926;18;;;9957;19;9960;24;;;9942.5;0.0
av_CORN_d11;26200;INTARIAN_PEPPER_ROOT;10232;12;10228;18;;;10243;16;10245;11;;;10237.5;0.0
av_CORN_d11;26300;ASH_COATED_OSMIUM;9934;11;9932;25;;;9952;13;9955;18;;;9943.0;0.0
av_CORN_d11;26300;INTARIAN_PEPPER_ROOT;10234;19;10230;19;;;10240;19;10244;16;;;10237.0;0.0
av_CORN_d11;26400;ASH_COATED_OSMIUM;9940;20;9936;21;;;9946;18;9950;17;;;9943.0;0.0
av_CORN_d11;26400;INTARIAN_PEPPER_ROOT;10232;16;10228;19;;;10240;9;10242;21;;;10236.0;0.0
av_CORN_d11;26500;ASH_COATED_OSMIUM;9940;13;9937;24;;;9946;17;9949;17;;;9943.0;0.0
av_CORN_d11;26500;INTARIAN_PEPPER_ROOT;10233;11;10229;16;;;10239;10;10242;26;;;10236.0;0.0
av_CORN_d11;26600;ASH_COATED_OSMIUM;9940;14;9938;20;;;9946;19;9950;18;;;9943.0;0.0
av_CORN_d11;26600;INTARIAN_PEPPER_ROOT;10232;15;10229;22;;;10238;12;10241;24;;;10235.0;0.0
av_CORN_d11;26700;ASH_COATED_OSMIUM;9940;12;9937;18;;;9946;5;9950;16;;;9943.0;0.0
av_CORN_d11;26700;INTARIAN_PEPPER_ROOT;10217;13;10215;27;;;10253;18;10255;18;;;10235.0;0.0
av_CORN_d11;26800;ASH_COATED_OSMIUM;9940;20;9936;27;;;9946;10;9949;12;;;9943.0;0.0
av_CORN_d11;26800;INTARIAN_PEPPER_ROOT;10230;12;10228;24;;;10236;20;10238;24;;;10233.0;0.0
av_CORN_d11;26900;ASH_COATED_OSMIUM;9931;20;9928;15;;;9956;14;9958;21;;;9943.5;0.0
av_CORN_d11;26900;INTARIAN_PEPPER_ROOT;10231;11;10228;22;;;10237;7;10241;24;;;10234.0;0.0
av_CORN_d11;27000;ASH_COATED_OSMIUM;9941;19;9937;11;;;9947;14;9951;29;;;9944.0;0.0
av_CORN_d11;27000;INTARIAN_PEPPER_ROOT;10229;14;10226;19;;;10235;13;10238;20;;;10232.0;0.0
av_CORN_d11;27100;ASH_COATED_OSMIUM;9938;9;9934;19;;;9949;12;9952;23;;;9943.5;0.0
av_CORN_d11;27100;INTARIAN_PEPPER_ROOT;10229;14;10226;8;;;10235;15;10239;15;;;10232.0;0.0
av_CORN_d11;27200;ASH_COATED_OSMIUM;9940;19;9936;8;;;9946;23;9950;9;;;9943.0;0.0
av_CORN_d11;27200;INTARIAN_PEPPER_ROOT;10229;13;10226;29;;;10235;19;10239;24;;;10232.0;0.0
av_CORN_d11;27300;ASH_COATED_OSMIUM;9940;13;9937;14;;;9946;17;9948;21;;;9943.0;0.0
av_CORN_d11;27300;INTARIAN_PEPPER_ROOT;10226;19;10224;26;;;10238;22;10241;15;;;10232.0;0.0
av_CORN_d11;27400;ASH_COATED_OSMIUM;9940;12;9937;19;;;9946;23;9949;22;;;9943.0;0.0
av_CORN_d11;27400;INTARIAN_PEPPER_ROOT;10226;8;10224;24;;;10235;20;10239;24;;;10230.5;0.0
av_CORN_d11;27500;ASH_COATED_OSMIUM;9940;15;9936;16;;;9947;14;9949;11;;;9943.5;0.0
av_CORN_d11;27500;INTARIAN_PEPPER_ROOT;10227;30;10224;16;;;10233;15;10236;28;;;10230.0;0.0
av_CORN_d11;27600;ASH_COATED_OSMIUM;9940;8;9936;17;;;9946;20;9948;23;;;9943.0;0.0
av_CORN_d11;27600;INTARIAN_PEPPER_ROOT;10227;19;10223;22;;;10233;6;10237;14;;;10230.0;0.0
av_CORN_d11;27700;ASH_COATED_OSMIUM;9939;10;9936;17;;;9949;20;9952;21;;;9944.0;0.0
av_CORN_d11;27700;INTARIAN_PEPPER_ROOT;10220;8;10218;21;;;10239;20;10241;18;;;10229.5;0.0
av_CORN_d11;27800;ASH_COATED_OSMIUM;9940;6;9938;13;;;9946;14;9949;24;;;9943.0;0.0
av_CORN_d11;27800;INTARIAN_PEPPER_ROOT;10216;12;10212;21;;;10241;21;10243;25;;;10228.5;0.0
av_CORN_d11;27900;ASH_COATED_OSMIUM;9940;8;9938;18;;;9947;11;9949;24;;;9943.5;0.0
av_CORN_d11;27900;INTARIAN_PEPPER_ROOT;10225;19;10223;21;;;10231;5;10234;19;;;10228.0;0.0
av_CORN_d11;28000;ASH_COATED_OSMIUM;9940;23;9936;16;;;9946;19;9948;9;;;9943.0;0.0
av_CORN_d11;28000;INTARIAN_PEPPER_ROOT;10224;14;10222;21;;;10230;20;10232;21;;;10227.0;0.0
av_CORN_d11;28100;ASH_COATED_OSMIUM;9938;7;9935;20;;;9951;5;9955;28;;;9944.5;0.0
av_CORN_d11;28100;INTARIAN_PEPPER_ROOT;10224;11;10221;20;;;10230;13;10234;27;;;10227.0;0.0
av_CORN_d11;28200;ASH_COATED_OSMIUM;9933;19;9930;20;;;9955;16;9958;17;;;9944.0;0.0
av_CORN_d11;28200;INTARIAN_PEPPER_ROOT;10224;25;10221;16;;;10230;5;10232;22;;;10227.0;0.0
av_CORN_d11;28300;ASH_COATED_OSMIUM;9937;17;9933;23;;;9950;12;9954;30;;;9943.5;0.0
av_CORN_d11;28300;INTARIAN_PEPPER_ROOT;10214;13;10211;24;;;10240;23;10244;14;;;10227.0;0.0
av_CORN_d11;28400;ASH_COATED_OSMIUM;9941;13;9937;21;;;9947;11;9950;18;;;9944.0;0.0
av_CORN_d11;28400;INTARIAN_PEPPER_ROOT;10216;14;10213;25;;;10236;18;10240;28;;;10226.0;0.0
av_CORN_d11;28500;ASH_COATED_OSMIUM;9941;28;9937;23;;;9947;15;9950;24;;;9944.0;0.0
av_CORN_d11;28500;INTARIAN_PEPPER_ROOT;10222;14;10220;26;;;10228;10;10232;16;;;10225.0;0.0
av_CORN_d11;28600;ASH_COATED_OSMIUM;9938;15;9936;25;;;9950;21;9952;25;;;9944.0;0.0
av_CORN_d11;28600;INTARIAN_PEPPER_ROOT;10221;19;10219;21;;;10227;19;10231;27;;;10224.0;0.0
av_CORN_d11;28700;ASH_COATED_OSMIUM;9941;16;9938;28;;;9947;17;9951;17;;;9944.0;0.0
av_CORN_d11;28700;INTARIAN_PEPPER_ROOT;10219;10;10217;28;;;10228;12;10230;26;;;10223.5;0.0
av_CORN_d11;28800;ASH_COATED_OSMIUM;9937;14;9935;26;;;9951;15;9955;17;;;9944.0;0.0
av_CORN_d11;28800;INTARIAN_PEPPER_ROOT;10221;15;10219;22;;;10227;9;10230;19;;;10224.0;0.0
av_CORN_d11;28900;ASH_COATED_OSMIUM;9941;16;9939;20;;;9947;6;9950;18;;;9944.0;0.0
av_CORN_d11;28900;INTARIAN_PEPPER_ROOT;10217;16;10214;8;;;10228;18;10231;18;;;10222.5;0.0
av_CORN_d11;29000;ASH_COATED_OSMIUM;9941;17;9939;13;;;9947;13;9949;19;;;9944.0;0.0
av_CORN_d11;29000;INTARIAN_PEPPER_ROOT;10219;18;10215;18;;;10225;24;10229;24;;;10222.0;0.0
av_CORN_d11;29100;ASH_COATED_OSMIUM;9939;9;9937;16;;;9950;14;9953;25;;;9944.5;0.0
av_CORN_d11;29100;INTARIAN_PEPPER_ROOT;10207;7;10203;16;;;10236;5;10239;18;;;10221.5;0.0
av_CORN_d11;29200;ASH_COATED_OSMIUM;9941;15;9939;16;;;9947;19;9950;13;;;9944.0;0.0
av_CORN_d11;29200;INTARIAN_PEPPER_ROOT;10218;14;10215;19;;;10224;23;10226;22;;;10221.0;0.0
av_CORN_d11;29300;ASH_COATED_OSMIUM;9941;20;9938;20;;;9948;30;9950;16;;;9944.5;0.0
av_CORN_d11;29300;INTARIAN_PEPPER_ROOT;10214;14;10210;17;;;10227;5;10230;23;;;10220.5;0.0
av_CORN_d11;29400;ASH_COATED_OSMIUM;9933;14;9930;29;;;9954;13;9957;26;;;9943.5;0.0
av_CORN_d11;29400;INTARIAN_PEPPER_ROOT;10217;11;10214;20;;;10223;15;10227;30;;;10220.0;0.0
av_CORN_d11;29500;ASH_COATED_OSMIUM;9941;13;9937;24;;;9947;5;9949;20;;;9944.0;0.0
av_CORN_d11;29500;INTARIAN_PEPPER_ROOT;10203;20;10200;13;;;10237;20;10239;28;;;10220.0;0.0
av_CORN_d11;29600;ASH_COATED_OSMIUM;9940;16;9936;24;;;9948;18;9952;22;;;9944.0;0.0
av_CORN_d11;29600;INTARIAN_PEPPER_ROOT;10212;13;10210;19;;;10225;12;10228;27;;;10218.5;0.0
av_CORN_d11;29700;ASH_COATED_OSMIUM;9941;18;9937;17;;;9947;12;9951;16;;;9944.0;0.0
av_CORN_d11;29700;INTARIAN_PEPPER_ROOT;10216;15;10213;19;;;10222;19;10225;19;;;10219.0;0.0
av_CORN_d11;29800;ASH_COATED_OSMIUM;9936;18;9934;24;;;9952;19;9955;16;;;9944.0;0.0
av_CORN_d11;29800;INTARIAN_PEPPER_ROOT;10214;9;10211;21;;;10220;15;10222;24;;;10217.0;0.0
av_CORN_d11;29900;ASH_COATED_OSMIUM;9937;11;9933;24;;;9951;24;9953;18;;;9944.0;0.0
av_CORN_d11;29900;INTARIAN_PEPPER_ROOT;10214;13;10212;23;;;10221;16;10224;21;;;10217.5;0.0
av_CORN_d11;30000;ASH_COATED_OSMIUM;9941;8;9937;25;;;9947;18;9949;24;;;9944.0;0.0
av_CORN_d11;30000;INTARIAN_PEPPER_ROOT;10214;18;10212;15;;;10220;12;10222;24;;;10217.0;0.0
av_CORN_d11;30100;ASH_COATED_OSMIUM;9942;16;9940;17;;;9948;20;9952;13;;;9945.0;0.0
av_CORN_d11;30100;INTARIAN_PEPPER_ROOT;10213;13;10210;14;;;10219;9;10223;18;;;10216.0;0.0
av_CORN_d11;30200;ASH_COATED_OSMIUM;9929;12;9926;21;;;9960;15;9962;14;;;9944.5;0.0
av_CORN_d11;30200;INTARIAN_PEPPER_ROOT;10211;10;10208;24;;;10220;29;10222;23;;;10215.5;0.0
av_CORN_d11;30300;ASH_COATED_OSMIUM;9941;12;9939;13;;;9947;10;9949;21;;;9944.0;0.0
av_CORN_d11;30300;INTARIAN_PEPPER_ROOT;10212;13;10208;26;;;10218;5;10220;20;;;10215.0;0.0
av_CORN_d11;30400;ASH_COATED_OSMIUM;9941;12;9939;18;;;9947;13;9949;24;;;9944.0;0.0
av_CORN_d11;30400;INTARIAN_PEPPER_ROOT;10211;15;10207;19;;;10217;8;10219;22;;;10214.0;0.0
av_CORN_d11;30500;ASH_COATED_OSMIUM;9936;19;9933;14;;;9952;11;9956;23;;;9944.0;0.0
av_CORN_d11;30500;INTARIAN_PEPPER_ROOT;10211;17;10209;20;;;10218;15;10221;15;;;10214.5;0.0
av_CORN_d11;30600;ASH_COATED_OSMIUM;9941;17;9938;13;;;9947;19;9949;15;;;9944.0;0.0
av_CORN_d11;30600;INTARIAN_PEPPER_ROOT;10211;25;10207;18;;;10217;13;10219;26;;;10214.0;0.0
av_CORN_d11;30700;ASH_COATED_OSMIUM;9939;9;9936;23;;;9949;11;9951;18;;;9944.0;0.0
av_CORN_d11;30700;INTARIAN_PEPPER_ROOT;10207;19;10204;21;;;10219;13;10222;14;;;10213.0;0.0
av_CORN_d11;30800;ASH_COATED_OSMIUM;9941;15;9939;22;;;9947;15;9949;23;;;9944.0;0.0
av_CORN_d11;30800;INTARIAN_PEPPER_ROOT;10204;10;10202;21;;;10220;16;10222;15;;;10212.0;0.0
av_CORN_d11;30900;ASH_COATED_OSMIUM;9941;11;9938;17;;;9947;7;9949;19;;;9944.0;0.0
av_CORN_d11;30900;INTARIAN_PEPPER_ROOT;10208;10;10204;19;;;10217;19;10219;17;;;10212.5;0.0
av_CORN_d11;31000;ASH_COATED_OSMIUM;9937;14;9935;16;;;9951;16;9954;13;;;9944.0;0.0
av_CORN_d11;31000;INTARIAN_PEPPER_ROOT;10208;11;10206;22;;;10214;16;10218;15;;;10211.0;0.0
av_CORN_d11;31100;ASH_COATED_OSMIUM;9941;11;9939;21;;;9947;12;9951;14;;;9944.0;0.0
av_CORN_d11;31100;INTARIAN_PEPPER_ROOT;10202;26;10198;21;;;10220;10;10222;10;;;10211.0;0.0
av_CORN_d11;31200;ASH_COATED_OSMIUM;9941;19;9938;20;;;9947;13;9951;24;;;9944.0;0.0
av_CORN_d11;31200;INTARIAN_PEPPER_ROOT;10208;12;10205;12;;;10214;17;10218;15;;;10211.0;0.0
av_CORN_d11;31300;ASH_COATED_OSMIUM;9942;23;9938;22;;;9948;11;9952;18;;;9945.0;0.0
av_CORN_d11;31300;INTARIAN_PEPPER_ROOT;10204;18;10200;23;;;10216;10;10218;30;;;10210.0;0.0
av_CORN_d11;31400;ASH_COATED_OSMIUM;9940;14;9937;16;;;9949;11;9951;25;;;9944.5;0.0
av_CORN_d11;31400;INTARIAN_PEPPER_ROOT;10195;17;10192;15;;;10223;20;10227;24;;;10209.0;0.0
av_CORN_d11;31500;ASH_COATED_OSMIUM;9936;10;9933;26;;;9953;5;9956;19;;;9944.5;0.0
av_CORN_d11;31500;INTARIAN_PEPPER_ROOT;10206;15;10204;12;;;10212;8;10216;14;;;10209.0;0.0
av_CORN_d11;31600;ASH_COATED_OSMIUM;9930;16;9926;15;;;9958;13;9962;13;;;9944.0;0.0
av_CORN_d11;31600;INTARIAN_PEPPER_ROOT;10205;14;10201;13;;;10211;18;10213;27;;;10208.0;0.0
av_CORN_d11;31700;ASH_COATED_OSMIUM;9941;16;9938;17;;;9947;7;9949;15;;;9944.0;0.0
av_CORN_d11;31700;INTARIAN_PEPPER_ROOT;10203;12;10201;17;;;10212;12;10214;23;;;10207.5;0.0
av_CORN_d11;31800;ASH_COATED_OSMIUM;9942;13;9939;20;;;9948;13;9952;21;;;9945.0;0.0
av_CORN_d11;31800;INTARIAN_PEPPER_ROOT;10202;22;10198;18;;;10212;6;10216;23;;;10207.0;0.0
av_CORN_d11;31900;ASH_COATED_OSMIUM;9938;18;9936;31;;;9950;17;9953;18;;;9944.0;0.0
av_CORN_d11;31900;INTARIAN_PEPPER_ROOT;10204;18;10202;15;;;10210;17;10213;17;;;10207.0;0.0
av_CORN_d11;32000;ASH_COATED_OSMIUM;9942;12;9939;19;;;9948;5;9950;17;;;9945.0;0.0
av_CORN_d11;32000;INTARIAN_PEPPER_ROOT;10203;6;10199;22;;;10209;7;10212;24;;;10206.0;0.0
av_CORN_d11;32100;ASH_COATED_OSMIUM;9936;17;9933;15;;;9953;14;9957;18;;;9944.5;0.0
av_CORN_d11;32100;INTARIAN_PEPPER_ROOT;10202;13;10200;19;;;10208;14;10211;19;;;10205.0;0.0
av_CORN_d11;32200;ASH_COATED_OSMIUM;9939;13;9937;29;;;9950;14;9953;20;;;9944.5;0.0
av_CORN_d11;32200;INTARIAN_PEPPER_ROOT;10202;8;10200;14;;;10208;14;10212;24;;;10205.0;0.0
av_CORN_d11;32300;ASH_COATED_OSMIUM;9941;16;9939;19;;;9948;18;9952;13;;;9944.5;0.0
av_CORN_d11;32300;INTARIAN_PEPPER_ROOT;10198;8;10196;20;;;10212;5;10216;17;;;10205.0;0.0
av_CORN_d11;32400;ASH_COATED_OSMIUM;9941;23;9937;10;;;9947;15;9949;16;;;9944.0;0.0
av_CORN_d11;32400;INTARIAN_PEPPER_ROOT;10199;16;10195;10;;;10209;10;10213;16;;;10204.0;0.0
av_CORN_d11;32500;ASH_COATED_OSMIUM;9942;18;9940;15;;;9948;8;9951;23;;;9945.0;0.0
av_CORN_d11;32500;INTARIAN_PEPPER_ROOT;10201;7;10199;25;;;10207;21;10211;17;;;10204.0;0.0
av_CORN_d11;32600;ASH_COATED_OSMIUM;9935;14;9931;19;;;9954;16;9958;22;;;9944.5;0.0
av_CORN_d11;32600;INTARIAN_PEPPER_ROOT;10200;18;10197;20;;;10206;11;10209;21;;;10203.0;0.0
av_CORN_d11;32700;ASH_COATED_OSMIUM;9941;21;9939;18;;;9947;6;9949;23;;;9944.0;0.0
av_CORN_d11;32700;INTARIAN_PEPPER_ROOT;10198;14;10194;20;;;10207;16;10209;31;;;10202.5;0.0
av_CORN_d11;32800;ASH_COATED_OSMIUM;9931;13;9929;23;;;9958;19;9961;19;;;9944.5;0.0
av_CORN_d11;32800;INTARIAN_PEPPER_ROOT;10199;14;10196;23;;;10205;7;10209;17;;;10202.0;0.0
av_CORN_d11;32900;ASH_COATED_OSMIUM;9942;21;9938;23;;;9948;11;9951;18;;;9945.0;0.0
av_CORN_d11;32900;INTARIAN_PEPPER_ROOT;10194;12;10190;17;;;10210;16;10214;21;;;10202.0;0.0
av_CORN_d11;33000;ASH_COATED_OSMIUM;9942;14;9938;21;;;9948;11;9950;26;;;9945.0;0.0
av_CORN_d11;33000;INTARIAN_PEPPER_ROOT;10198;11;10196;18;;;10204;18;10208;19;;;10201.0;0.0
av_CORN_d11;33100;ASH_COATED_OSMIUM;9942;10;9938;18;;;9948;10;9950;17;;;9945.0;0.0
av_CORN_d11;33100;INTARIAN_PEPPER_ROOT;10196;16;10194;17;;;10205;18;10209;15;;;10200.5;0.0
av_CORN_d11;33200;ASH_COATED_OSMIUM;9942;10;9938;31;;;9948;6;9952;20;;;9945.0;0.0
av_CORN_d11;33200;INTARIAN_PEPPER_ROOT;10195;17;10193;22;;;10205;19;10209;16;;;10200.0;0.0
av_CORN_d11;33300;ASH_COATED_OSMIUM;9942;15;9939;23;;;9948;13;9950;18;;;9945.0;0.0
av_CORN_d11;33300;INTARIAN_PEPPER_ROOT;10195;15;10191;19;;;10203;14;10205;18;;;10199.0;0.0
av_CORN_d11;33400;ASH_COATED_OSMIUM;9940;11;9938;20;;;9950;12;9954;23;;;9945.0;0.0
av_CORN_d11;33400;INTARIAN_PEPPER_ROOT;10195;8;10192;14;;;10203;16;10207;27;;;10199.0;0.0
av_CORN_d11;33500;ASH_COATED_OSMIUM;9941;21;9938;25;;;9949;18;9952;12;;;9945.0;0.0
av_CORN_d11;33500;INTARIAN_PEPPER_ROOT;10195;13;10193;28;;;10201;8;10205;25;;;10198.0;0.0
av_CORN_d11;33600;ASH_COATED_OSMIUM;9942;12;9938;21;;;9948;10;9951;22;;;9945.0;0.0
av_CORN_d11;33600;INTARIAN_PEPPER_ROOT;10195;12;10193;21;;;10201;16;10204;24;;;10198.0;0.0
av_CORN_d11;33700;ASH_COATED_OSMIUM;9939;10;9937;18;;;9952;17;9954;21;;;9945.5;0.0
av_CORN_d11;33700;INTARIAN_PEPPER_ROOT;10194;24;10190;17;;;10200;18;10203;28;;;10197.0;0.0
av_CORN_d11;33800;ASH_COATED_OSMIUM;9942;15;9940;11;;;9948;20;9952;20;;;9945.0;0.0
av_CORN_d11;33800;INTARIAN_PEPPER_ROOT;10193;14;10190;24;;;10200;19;10202;24;;;10196.5;0.0
av_CORN_d11;33900;ASH_COATED_OSMIUM;9942;22;9940;18;;;9948;13;9952;20;;;9945.0;0.0
av_CORN_d11;33900;INTARIAN_PEPPER_ROOT;10179;16;10175;14;;;10213;16;10215;16;;;10196.0;0.0
av_CORN_d11;34000;ASH_COATED_OSMIUM;9942;18;9939;21;;;9948;8;9950;21;;;9945.0;0.0
av_CORN_d11;34000;INTARIAN_PEPPER_ROOT;10193;16;10189;15;;;10199;19;10202;19;;;10196.0;0.0
av_CORN_d11;34100;ASH_COATED_OSMIUM;9939;26;9937;19;;;9950;14;9952;22;;;9944.5;0.0
av_CORN_d11;34100;INTARIAN_PEPPER_ROOT;10195;12;10191;27;;;10201;15;10205;22;;;10198.0;0.0
av_CORN_d11;34200;ASH_COATED_OSMIUM;9940;8;9938;25;;;9950;12;9952;16;;;9945.0;0.0
av_CORN_d11;34200;INTARIAN_PEPPER_ROOT;10195;19;10191;23;;;10202;23;10204;20;;;10198.5;0.0
av_CORN_d11;34300;ASH_COATED_OSMIUM;9942;11;9940;20;;;9948;17;9951;23;;;9945.0;0.0
av_CORN_d11;34300;INTARIAN_PEPPER_ROOT;10196;5;10194;33;;;10202;22;10206;16;;;10199.0;0.0
av_CORN_d11;34400;ASH_COATED_OSMIUM;9943;17;9940;16;;;9949;28;9953;17;;;9946.0;0.0
av_CORN_d11;34400;INTARIAN_PEPPER_ROOT;10195;14;10192;28;;;10206;23;10208;21;;;10200.5;0.0
av_CORN_d11;34500;ASH_COATED_OSMIUM;9943;19;9939;17;;;9949;19;9951;12;;;9946.0;0.0
av_CORN_d11;34500;INTARIAN_PEPPER_ROOT;10198;23;10194;22;;;10204;18;10207;27;;;10201.0;0.0
av_CORN_d11;34600;ASH_COATED_OSMIUM;9942;29;9939;20;;;9948;10;9951;19;;;9945.0;0.0
av_CORN_d11;34600;INTARIAN_PEPPER_ROOT;10199;16;10195;22;;;10205;18;10209;21;;;10202.0;0.0
av_CORN_d11;34700;ASH_COATED_OSMIUM;9942;24;9938;24;;;9948;15;9952;22;;;9945.0;0.0
av_CORN_d11;34700;INTARIAN_PEPPER_ROOT;10200;21;10198;17;;;10206;16;10210;25;;;10203.0;0.0
av_CORN_d11;34800;ASH_COATED_OSMIUM;9942;9;9939;14;;;9948;11;9952;18;;;9945.0;0.0
av_CORN_d11;34800;INTARIAN_PEPPER_ROOT;10201;20;10197;19;;;10207;14;10210;28;;;10204.0;0.0
av_CORN_d11;34900;ASH_COATED_OSMIUM;9943;15;9939;25;;;9949;20;9952;23;;;9946.0;0.0
av_CORN_d11;34900;INTARIAN_PEPPER_ROOT;10202;17;10199;11;;;10208;17;10210;27;;;10205.0;0.0
av_CORN_d11;35000;ASH_COATED_OSMIUM;9939;5;9936;20;;;9950;12;9953;26;;;9944.5;0.0
av_CORN_d11;35000;INTARIAN_PEPPER_ROOT;10191;21;10187;14;;;10219;14;10223;18;;;10205.0;0.0
av_CORN_d11;35100;ASH_COATED_OSMIUM;9941;19;9938;14;;;9949;18;9953;15;;;9945.0;0.0
av_CORN_d11;35100;INTARIAN_PEPPER_ROOT;10203;12;10201;27;;;10209;10;10213;18;;;10206.0;0.0
av_CORN_d11;35200;ASH_COATED_OSMIUM;9942;16;9939;13;;;9950;10;9954;21;;;9946.0;0.0
av_CORN_d11;35200;INTARIAN_PEPPER_ROOT;10204;21;10201;18;;;10210;6;10213;16;;;10207.0;0.0
av_CORN_d11;35300;ASH_COATED_OSMIUM;9943;16;9939;17;;;9949;21;9953;14;;;9946.0;0.0
av_CORN_d11;35300;INTARIAN_PEPPER_ROOT;10205;10;10201;25;;;10211;13;10214;17;;;10208.0;0.0
av_CORN_d11;35400;ASH_COATED_OSMIUM;9943;8;9941;24;;;9950;17;9952;24;;;9946.5;0.0
av_CORN_d11;35400;INTARIAN_PEPPER_ROOT;10204;11;10201;23;;;10214;12;10218;24;;;10209.0;0.0
av_CORN_d11;35500;ASH_COATED_OSMIUM;9942;24;9938;29;;;9948;16;9952;20;;;9945.0;0.0
av_CORN_d11;35500;INTARIAN_PEPPER_ROOT;10207;5;10204;22;;;10213;7;10215;23;;;10210.0;0.0
av_CORN_d11;35600;ASH_COATED_OSMIUM;9943;7;9939;21;;;9949;9;9951;10;;;9946.0;0.0
av_CORN_d11;35600;INTARIAN_PEPPER_ROOT;10207;12;10203;14;;;10213;25;10217;25;;;10210.0;0.0
av_CORN_d11;35700;ASH_COATED_OSMIUM;9942;16;9940;20;;;9950;19;9953;21;;;9946.0;0.0
av_CORN_d11;35700;INTARIAN_PEPPER_ROOT;10202;22;10198;25;;;10220;9;10223;21;;;10211.0;0.0
av_CORN_d11;35800;ASH_COATED_OSMIUM;9943;18;9939;18;;;9949;21;9953;16;;;9946.0;0.0
av_CORN_d11;35800;INTARIAN_PEPPER_ROOT;10209;15;10207;26;;;10215;15;10217;14;;;10212.0;0.0
av_CORN_d11;35900;ASH_COATED_OSMIUM;9944;9;9940;17;;;9950;12;9954;24;;;9947.0;0.0
av_CORN_d11;35900;INTARIAN_PEPPER_ROOT;10205;16;10202;21;;;10220;6;10224;15;;;10212.5;0.0
av_CORN_d11;36000;ASH_COATED_OSMIUM;9941;8;9937;18;;;9952;12;9954;18;;;9946.5;0.0
av_CORN_d11;36000;INTARIAN_PEPPER_ROOT;10207;12;10205;18;;;10221;17;10223;25;;;10214.0;0.0
av_CORN_d11;36100;ASH_COATED_OSMIUM;9940;17;9937;18;;;9953;17;9955;25;;;9946.5;0.0
av_CORN_d11;36100;INTARIAN_PEPPER_ROOT;10210;14;10206;24;;;10220;18;10223;15;;;10215.0;0.0
av_CORN_d11;36200;ASH_COATED_OSMIUM;9940;8;9937;26;;;9953;14;9955;12;;;9946.5;0.0
av_CORN_d11;36200;INTARIAN_PEPPER_ROOT;10209;21;10205;15;;;10222;8;10225;21;;;10215.5;0.0
av_CORN_d11;36300;ASH_COATED_OSMIUM;9930;16;9928;25;;;9962;12;9965;16;;;9946.0;0.0
av_CORN_d11;36300;INTARIAN_PEPPER_ROOT;10213;7;10210;15;;;10219;30;10222;23;;;10216.0;0.0
av_CORN_d11;36400;ASH_COATED_OSMIUM;9939;21;9937;12;;;9954;19;9956;24;;;9946.5;0.0
av_CORN_d11;36400;INTARIAN_PEPPER_ROOT;10215;29;10213;28;;;10221;14;10224;25;;;10218.0;0.0
av_CORN_d11;36500;ASH_COATED_OSMIUM;9941;21;9937;9;;;9951;9;9955;27;;;9946.0;0.0
av_CORN_d11;36500;INTARIAN_PEPPER_ROOT;10215;20;10213;23;;;10221;13;10224;19;;;10218.0;0.0
av_CORN_d11;36600;ASH_COATED_OSMIUM;9939;14;9937;18;;;9955;16;9959;21;;;9947.0;0.0
av_CORN_d11;36600;INTARIAN_PEPPER_ROOT;10216;14;10212;22;;;10222;10;10224;24;;;10219.0;0.0
av_CORN_d11;36700;ASH_COATED_OSMIUM;9942;11;9940;14;;;9951;15;9953;14;;;9946.5;0.0
av_CORN_d11;36700;INTARIAN_PEPPER_ROOT;10214;11;10210;16;;;10225;15;10228;16;;;10219.5;0.0
av_CORN_d11;36800;ASH_COATED_OSMIUM;9944;19;9941;22;;;9950;7;9953;24;;;9947.0;0.0
av_CORN_d11;36800;INTARIAN_PEPPER_ROOT;10208;6;10206;24;;;10233;13;10237;18;;;10220.5;0.0
av_CORN_d11;36900;ASH_COATED_OSMIUM;9938;12;9934;23;;;9957;16;9960;12;;;9947.5;0.0
av_CORN_d11;36900;INTARIAN_PEPPER_ROOT;10218;22;10214;18;;;10224;21;10227;16;;;10221.0;0.0
av_CORN_d11;37000;ASH_COATED_OSMIUM;9944;20;9940;22;;;9950;17;9954;15;;;9947.0;0.0
av_CORN_d11;37000;INTARIAN_PEPPER_ROOT;10219;16;10217;17;;;10225;10;10229;29;;;10222.0;0.0
av_CORN_d11;37100;ASH_COATED_OSMIUM;9936;8;9934;15;;;9958;22;9960;20;;;9947.0;0.0
av_CORN_d11;37100;INTARIAN_PEPPER_ROOT;10221;9;10217;19;;;10227;13;10229;16;;;10224.0;0.0
av_CORN_d11;37200;ASH_COATED_OSMIUM;9942;14;9939;19;;;9952;11;9955;15;;;9947.0;0.0
av_CORN_d11;37200;INTARIAN_PEPPER_ROOT;10221;25;10218;24;;;10227;19;10229;21;;;10224.0;0.0
av_CORN_d11;37300;ASH_COATED_OSMIUM;9944;21;9942;28;;;9950;14;9953;8;;;9947.0;0.0
av_CORN_d11;37300;INTARIAN_PEPPER_ROOT;10222;11;10220;21;;;10228;9;10231;23;;;10225.0;0.0
av_CORN_d11;37400;ASH_COATED_OSMIUM;9941;5;9939;25;;;9954;6;9956;14;;;9947.5;0.0
av_CORN_d11;37400;INTARIAN_PEPPER_ROOT;10223;14;10220;27;;;10229;14;10231;22;;;10226.0;0.0
av_CORN_d11;37500;ASH_COATED_OSMIUM;9944;12;9941;15;;;9950;14;9952;18;;;9947.0;0.0
av_CORN_d11;37500;INTARIAN_PEPPER_ROOT;10219;19;10217;16;;;10235;22;10237;18;;;10227.0;0.0
av_CORN_d11;37600;ASH_COATED_OSMIUM;9944;16;9940;17;;;9950;8;9952;10;;;9947.0;0.0
av_CORN_d11;37600;INTARIAN_PEPPER_ROOT;10224;22;10221;14;;;10230;11;10232;19;;;10227.0;0.0
av_CORN_d11;37700;ASH_COATED_OSMIUM;9945;13;9941;22;;;9951;9;9954;17;;;9948.0;0.0
av_CORN_d11;37700;INTARIAN_PEPPER_ROOT;10225;10;10223;14;;;10231;21;10234;21;;;10228.0;0.0
av_CORN_d11;37800;ASH_COATED_OSMIUM;9940;17;9936;19;;;9956;24;9958;18;;;9948.0;0.0
av_CORN_d11;37800;INTARIAN_PEPPER_ROOT;10225;23;10221;27;;;10233;16;10236;30;;;10229.0;0.0
av_CORN_d11;37900;ASH_COATED_OSMIUM;9944;9;9940;21;;;9950;21;9952;23;;;9947.0;0.0
av_CORN_d11;37900;INTARIAN_PEPPER_ROOT;10211;22;10208;20;;;10250;16;10253;17;;;10230.5;0.0
av_CORN_d11;38000;ASH_COATED_OSMIUM;9945;11;9943;20;;;9951;16;9954;21;;;9948.0;0.0
av_CORN_d11;38000;INTARIAN_PEPPER_ROOT;10225;28;10221;24;;;10237;13;10240;16;;;10231.0;0.0
av_CORN_d11;38100;ASH_COATED_OSMIUM;9945;10;9941;24;;;9951;21;9953;10;;;9948.0;0.0
av_CORN_d11;38100;INTARIAN_PEPPER_ROOT;10229;16;10226;29;;;10235;10;10237;21;;;10232.0;0.0
av_CORN_d11;38200;ASH_COATED_OSMIUM;9944;15;9941;14;;;9952;14;9955;14;;;9948.0;0.0
av_CORN_d11;38200;INTARIAN_PEPPER_ROOT;10230;19;10228;15;;;10236;21;10240;21;;;10233.0;0.0
av_CORN_d11;38300;ASH_COATED_OSMIUM;9945;13;9942;19;;;9951;20;9955;17;;;9948.0;0.0
av_CORN_d11;38300;INTARIAN_PEPPER_ROOT;10231;21;10228;17;;;10237;19;10239;22;;;10234.0;0.0
av_CORN_d11;38400;ASH_COATED_OSMIUM;9944;6;9940;19;;;9950;12;9953;16;;;9947.0;0.0
av_CORN_d11;38400;INTARIAN_PEPPER_ROOT;10226;21;10223;20;;;10243;18;10247;26;;;10234.5;0.0
av_CORN_d11;38500;ASH_COATED_OSMIUM;9945;14;9942;18;;;9951;17;9953;21;;;9948.0;0.0
av_CORN_d11;38500;INTARIAN_PEPPER_ROOT;10232;19;10229;18;;;10238;7;10242;22;;;10235.0;0.0
av_CORN_d11;38600;ASH_COATED_OSMIUM;9935;5;9932;12;;;9961;9;9965;12;;;9948.0;0.0
av_CORN_d11;38600;INTARIAN_PEPPER_ROOT;10231;15;10229;22;;;10243;9;10245;17;;;10237.0;0.0
av_CORN_d11;38700;ASH_COATED_OSMIUM;9946;9;9942;25;;;9952;5;9956;16;;;9949.0;0.0
av_CORN_d11;38700;INTARIAN_PEPPER_ROOT;10226;16;10223;10;;;10249;8;10251;9;;;10237.5;0.0
av_CORN_d11;38800;ASH_COATED_OSMIUM;9945;16;9941;22;;;9951;19;9953;11;;;9948.0;0.0
av_CORN_d11;38800;INTARIAN_PEPPER_ROOT;10235;11;10232;22;;;10241;8;10244;14;;;10238.0;0.0
av_CORN_d11;38900;ASH_COATED_OSMIUM;9945;12;9943;29;;;9953;16;9956;23;;;9949.0;0.0
av_CORN_d11;38900;INTARIAN_PEPPER_ROOT;10236;20;10233;22;;;10242;24;10246;19;;;10239.0;0.0
av_CORN_d11;39000;ASH_COATED_OSMIUM;9946;18;9942;22;;;9952;16;9956;15;;;9949.0;0.0
av_CORN_d11;39000;INTARIAN_PEPPER_ROOT;10236;12;10232;24;;;10242;22;10244;21;;;10239.0;0.0
av_CORN_d11;39100;ASH_COATED_OSMIUM;9943;16;9941;19;;;9953;13;9957;29;;;9948.0;0.0
av_CORN_d11;39100;INTARIAN_PEPPER_ROOT;10236;14;10233;28;;;10244;13;10247;24;;;10240.0;0.0
av_CORN_d11;39200;ASH_COATED_OSMIUM;9946;11;9944;25;;;9952;12;9956;23;;;9949.0;0.0
av_CORN_d11;39200;INTARIAN_PEPPER_ROOT;10235;13;10232;17;;;10248;14;10252;18;;;10241.5;0.0
av_CORN_d11;39300;ASH_COATED_OSMIUM;9946;15;9944;23;;;9952;21;9956;19;;;9949.0;0.0
av_CORN_d11;39300;INTARIAN_PEPPER_ROOT;10237;17;10234;22;;;10248;19;10250;22;;;10242.5;0.0
av_CORN_d11;39400;ASH_COATED_OSMIUM;9946;16;9944;15;;;9952;15;9956;26;;;9949.0;0.0
av_CORN_d11;39400;INTARIAN_PEPPER_ROOT;10235;16;10233;32;;;10251;10;10255;20;;;10243.0;0.0
av_CORN_d11;39500;ASH_COATED_OSMIUM;9937;13;9935;26;;;9959;13;9961;23;;;9948.0;0.0
av_CORN_d11;39500;INTARIAN_PEPPER_ROOT;10241;17;10238;22;;;10247;7;10251;23;;;10244.0;0.0
av_CORN_d11;39600;ASH_COATED_OSMIUM;9946;13;9944;24;;;9952;24;9955;26;;;9949.0;0.0
av_CORN_d11;39600;INTARIAN_PEPPER_ROOT;10242;12;10240;14;;;10248;22;10250;15;;;10245.0;0.0
av_CORN_d11;39700;ASH_COATED_OSMIUM;9943;10;9941;20;;;9954;11;9958;19;;;9948.5;0.0
av_CORN_d11;39700;INTARIAN_PEPPER_ROOT;10242;14;10238;20;;;10248;10;10252;22;;;10245.0;0.0
av_CORN_d11;39800;ASH_COATED_OSMIUM;9946;16;9943;23;;;9952;13;9954;20;;;9949.0;0.0
av_CORN_d11;39800;INTARIAN_PEPPER_ROOT;10238;18;10235;19;;;10256;11;10259;16;;;10247.0;0.0
av_CORN_d11;39900;ASH_COATED_OSMIUM;9946;9;9942;17;;;9952;15;9955;21;;;9949.0;0.0
av_CORN_d11;39900;INTARIAN_PEPPER_ROOT;10244;9;10241;25;;;10250;21;10254;22;;;10247.0;0.0
av_CORN_d11;40000;ASH_COATED_OSMIUM;9946;22;9944;15;;;9952;19;9955;27;;;9949.0;0.0
av_CORN_d11;40000;INTARIAN_PEPPER_ROOT;10242;7;10238;18;;;10256;17;10260;21;;;10249.0;0.0
av_CORN_d11;40100;ASH_COATED_OSMIUM;9946;20;9944;27;;;9952;6;9956;20;;;9949.0;0.0
av_CORN_d11;40100;INTARIAN_PEPPER_ROOT;10241;28;10238;15;;;10255;10;10257;25;;;10248.0;0.0
av_CORN_d11;40200;ASH_COATED_OSMIUM;9946;19;9943;15;;;9952;13;9956;20;;;9949.0;0.0
av_CORN_d11;40200;INTARIAN_PEPPER_ROOT;10247;18;10243;13;;;10254;17;10258;20;;;10250.5;0.0
av_CORN_d11;40300;ASH_COATED_OSMIUM;9936;8;9933;18;;;9963;5;9966;15;;;9949.5;0.0
av_CORN_d11;40300;INTARIAN_PEPPER_ROOT;10247;13;10243;28;;;10254;18;10258;27;;;10250.5;0.0
av_CORN_d11;40400;ASH_COATED_OSMIUM;9946;14;9943;26;;;9952;20;9954;22;;;9949.0;0.0
av_CORN_d11;40400;INTARIAN_PEPPER_ROOT;10249;13;10245;27;;;10255;7;10259;15;;;10252.0;0.0
av_CORN_d11;40500;ASH_COATED_OSMIUM;9939;13;9937;27;;;9960;13;9964;16;;;9949.5;0.0
av_CORN_d11;40500;INTARIAN_PEPPER_ROOT;10248;5;10246;14;;;10256;23;10258;14;;;10252.0;0.0
av_CORN_d11;40600;ASH_COATED_OSMIUM;9947;13;9944;20;;;9953;14;9955;23;;;9950.0;0.0
av_CORN_d11;40600;INTARIAN_PEPPER_ROOT;10250;16;10246;20;;;10256;18;10258;19;;;10253.0;0.0
av_CORN_d11;40700;ASH_COATED_OSMIUM;9947;22;9945;22;;;9953;19;9956;22;;;9950.0;0.0
av_CORN_d11;40700;INTARIAN_PEPPER_ROOT;10238;13;10235;17;;;10270;17;10274;20;;;10254.0;0.0
av_CORN_d11;40800;ASH_COATED_OSMIUM;9946;19;9942;17;;;9952;8;9956;33;;;9949.0;0.0
av_CORN_d11;40800;INTARIAN_PEPPER_ROOT;10252;12;10248;22;;;10258;12;10262;19;;;10255.0;0.0
av_CORN_d11;40900;ASH_COATED_OSMIUM;9946;13;9944;20;;;9952;13;9955;24;;;9949.0;0.0
av_CORN_d11;40900;INTARIAN_PEPPER_ROOT;10253;20;10249;13;;;10259;18;10263;19;;;10256.0;0.0
av_CORN_d11;41000;ASH_COATED_OSMIUM;9932;15;9930;19;;;9966;21;9970;17;;;9949.0;0.0
av_CORN_d11;41000;INTARIAN_PEPPER_ROOT;10254;24;10250;26;;;10260;14;10263;16;;;10257.0;0.0
av_CORN_d11;41100;ASH_COATED_OSMIUM;9947;20;9943;25;;;9953;23;9956;19;;;9950.0;0.0
av_CORN_d11;41100;INTARIAN_PEPPER_ROOT;10249;24;10246;22;;;10268;17;10271;12;;;10258.5;0.0
av_CORN_d11;41200;ASH_COATED_OSMIUM;9946;9;9943;26;;;9954;5;9958;20;;;9950.0;0.0
av_CORN_d11;41200;INTARIAN_PEPPER_ROOT;10253;23;10250;22;;;10264;13;10267;22;;;10258.5;0.0
av_CORN_d11;41300;ASH_COATED_OSMIUM;9947;15;9943;14;;;9953;19;9955;17;;;9950.0;0.0
av_CORN_d11;41300;INTARIAN_PEPPER_ROOT;10247;19;10245;18;;;10271;16;10274;22;;;10259.0;0.0
av_CORN_d11;41400;ASH_COATED_OSMIUM;9947;12;9943;18;;;9953;14;9955;22;;;9950.0;0.0
av_CORN_d11;41400;INTARIAN_PEPPER_ROOT;10257;15;10255;20;;;10263;11;10267;16;;;10260.0;0.0
av_CORN_d11;41500;ASH_COATED_OSMIUM;9947;16;9943;19;;;9953;17;9955;22;;;9950.0;0.0
av_CORN_d11;41500;INTARIAN_PEPPER_ROOT;10258;13;10254;16;;;10264;11;10267;24;;;10261.0;0.0
av_CORN_d11;41600;ASH_COATED_OSMIUM;9940;15;9938;14;;;9959;12;9961;23;;;9949.5;0.0
av_CORN_d11;41600;INTARIAN_PEPPER_ROOT;10259;17;10255;21;;;10265;12;10269;21;;;10262.0;0.0
av_CORN_d11;41700;ASH_COATED_OSMIUM;9938;11;9936;20;;;9962;13;9964;19;;;9950.0;0.0
av_CORN_d11;41700;INTARIAN_PEPPER_ROOT;10258;19;10254;20;;;10268;9;10270;19;;;10263.0;0.0
av_CORN_d11;41800;ASH_COATED_OSMIUM;9925;11;9921;19;;;9975;13;9977;25;;;9950.0;0.0
av_CORN_d11;41800;INTARIAN_PEPPER_ROOT;10261;12;10259;26;;;10267;10;10269;17;;;10264.0;0.0
av_CORN_d11;41900;ASH_COATED_OSMIUM;9946;11;9943;15;;;9953;11;9957;24;;;9949.5;0.0
av_CORN_d11;41900;INTARIAN_PEPPER_ROOT;10251;21;10247;13;;;10279;12;10281;18;;;10265.0;0.0
av_CORN_d11;42000;ASH_COATED_OSMIUM;9948;16;9946;23;;;9954;13;9957;20;;;9951.0;0.0
av_CORN_d11;42000;INTARIAN_PEPPER_ROOT;10263;11;10259;12;;;10269;11;10271;21;;;10266.0;0.0
av_CORN_d11;42100;ASH_COATED_OSMIUM;9947;18;9944;19;;;9953;17;9956;14;;;9950.0;0.0
av_CORN_d11;42100;INTARIAN_PEPPER_ROOT;10262;18;10260;19;;;10270;19;10272;15;;;10266.0;0.0
av_CORN_d11;42200;ASH_COATED_OSMIUM;9947;19;9944;14;;;9953;24;9957;15;;;9950.0;0.0
av_CORN_d11;42200;INTARIAN_PEPPER_ROOT;10264;18;10261;22;;;10270;22;10274;20;;;10267.0;0.0
av_CORN_d11;42300;ASH_COATED_OSMIUM;9944;10;9940;23;;;9957;13;9959;25;;;9950.5;0.0
av_CORN_d11;42300;INTARIAN_PEPPER_ROOT;10265;26;10261;14;;;10271;10;10273;25;;;10268.0;0.0
av_CORN_d11;42400;ASH_COATED_OSMIUM;9945;8;9941;16;;;9958;20;9961;21;;;9951.5;0.0
av_CORN_d11;42400;INTARIAN_PEPPER_ROOT;10254;19;10252;19;;;10283;21;10285;20;;;10268.5;0.0
av_CORN_d11;42500;ASH_COATED_OSMIUM;9948;7;9944;16;;;9954;18;9957;18;;;9951.0;0.0
av_CORN_d11;42500;INTARIAN_PEPPER_ROOT;10266;22;10262;23;;;10272;17;10274;20;;;10269.0;0.0
av_CORN_d11;42600;ASH_COATED_OSMIUM;9946;12;9942;21;;;9955;5;9958;27;;;9950.5;0.0
av_CORN_d11;42600;INTARIAN_PEPPER_ROOT;10267;10;10265;25;;;10273;21;10275;22;;;10270.0;0.0
av_CORN_d11;42700;ASH_COATED_OSMIUM;9946;17;9943;27;;;9955;17;9959;20;;;9950.5;0.0
av_CORN_d11;42700;INTARIAN_PEPPER_ROOT;10268;11;10265;17;;;10274;14;10276;15;;;10271.0;0.0
av_CORN_d11;42800;ASH_COATED_OSMIUM;9947;6;9943;20;;;9955;12;9959;11;;;9951.0;0.0
av_CORN_d11;42800;INTARIAN_PEPPER_ROOT;10266;5;10263;19;;;10279;15;10283;16;;;10272.5;0.0
av_CORN_d11;42900;ASH_COATED_OSMIUM;9948;8;9944;13;;;9954;13;9957;27;;;9951.0;0.0
av_CORN_d11;42900;INTARIAN_PEPPER_ROOT;10270;16;10268;15;;;10276;12;10278;16;;;10273.0;0.0
av_CORN_d11;43000;ASH_COATED_OSMIUM;9948;10;9945;22;;;9954;9;9956;20;;;9951.0;0.0
av_CORN_d11;43000;INTARIAN_PEPPER_ROOT;10271;13;10269;34;;;10277;11;10280;20;;;10274.0;0.0
av_CORN_d11;43100;ASH_COATED_OSMIUM;9948;14;9946;24;;;9954;7;9958;17;;;9951.0;0.0
av_CORN_d11;43100;INTARIAN_PEPPER_ROOT;10272;20;10268;16;;;10278;21;10282;21;;;10275.0;0.0
av_CORN_d11;43200;ASH_COATED_OSMIUM;9945;20;9941;20;;;9958;17;9961;24;;;9951.5;0.0
av_CORN_d11;43200;INTARIAN_PEPPER_ROOT;10273;18;10270;20;;;10279;5;10282;23;;;10276.0;0.0
av_CORN_d11;43300;ASH_COATED_OSMIUM;9947;17;9943;27;;;9955;13;9958;18;;;9951.0;0.0
av_CORN_d11;43300;INTARIAN_PEPPER_ROOT;10273;15;10269;28;;;10279;22;10281;24;;;10276.0;0.0
av_CORN_d11;43400;ASH_COATED_OSMIUM;9948;19;9944;15;;;9954;12;9958;18;;;9951.0;0.0
av_CORN_d11;43400;INTARIAN_PEPPER_ROOT;10275;10;10273;9;;;10281;21;10283;13;;;10278.0;0.0
av_CORN_d11;43500;ASH_COATED_OSMIUM;9948;10;9945;24;;;9954;13;9956;9;;;9951.0;0.0
av_CORN_d11;43500;INTARIAN_PEPPER_ROOT;10275;18;10273;22;;;10281;29;10284;23;;;10278.0;0.0
av_CORN_d11;43600;ASH_COATED_OSMIUM;9948;22;9945;18;;;9954;10;9956;26;;;9951.0;0.0
av_CORN_d11;43600;INTARIAN_PEPPER_ROOT;10267;22;10265;14;;;10292;12;10294;18;;;10279.5;0.0
av_CORN_d11;43700;ASH_COATED_OSMIUM;9949;14;9945;21;;;9955;17;9959;20;;;9952.0;0.0
av_CORN_d11;43700;INTARIAN_PEPPER_ROOT;10277;5;10274;26;;;10283;14;10285;18;;;10280.0;0.0
av_CORN_d11;43800;ASH_COATED_OSMIUM;9946;12;9943;23;;;9957;5;9960;24;;;9951.5;0.0
av_CORN_d11;43800;INTARIAN_PEPPER_ROOT;10278;11;10275;18;;;10284;16;10286;21;;;10281.0;0.0
av_CORN_d11;43900;ASH_COATED_OSMIUM;9948;6;9946;22;;;9954;11;9957;13;;;9951.0;0.0
av_CORN_d11;43900;INTARIAN_PEPPER_ROOT;10279;15;10277;21;;;10285;12;10289;11;;;10282.0;0.0
av_CORN_d11;44000;ASH_COATED_OSMIUM;9949;27;9946;26;;;9955;16;9959;16;;;9952.0;0.0
av_CORN_d11;44000;INTARIAN_PEPPER_ROOT;10280;24;10278;15;;;10286;8;10290;28;;;10283.0;0.0
av_CORN_d11;44100;ASH_COATED_OSMIUM;9949;10;9946;10;;;9955;14;9957;21;;;9952.0;0.0
av_CORN_d11;44100;INTARIAN_PEPPER_ROOT;10280;20;10278;14;;;10286;19;10288;22;;;10283.0;0.0
av_CORN_d11;44200;ASH_COATED_OSMIUM;9949;7;9945;22;;;9955;14;9959;26;;;9952.0;0.0
av_CORN_d11;44200;INTARIAN_PEPPER_ROOT;10280;17;10276;24;;;10289;18;10293;14;;;10284.5;0.0
av_CORN_d11;44300;ASH_COATED_OSMIUM;9946;18;9942;18;;;9957;17;9960;15;;;9951.5;0.0
av_CORN_d11;44300;INTARIAN_PEPPER_ROOT;10281;7;10278;22;;;10290;24;10294;18;;;10285.5;0.0
av_CORN_d11;44400;ASH_COATED_OSMIUM;9949;11;9945;22;;;9955;20;9959;15;;;9952.0;0.0
av_CORN_d11;44400;INTARIAN_PEPPER_ROOT;10282;15;10279;24;;;10289;22;10293;20;;;10285.5;0.0
av_CORN_d11;44500;ASH_COATED_OSMIUM;9929;18;9925;15;;;9975;23;9977;13;;;9952.0;0.0
av_CORN_d11;44500;INTARIAN_PEPPER_ROOT;10278;5;10275;24;;;10297;10;10299;10;;;10287.5;0.0
av_CORN_d11;44600;ASH_COATED_OSMIUM;9942;5;9939;19;;;9962;9;9966;12;;;9952.0;0.0
av_CORN_d11;44600;INTARIAN_PEPPER_ROOT;10284;12;10280;16;;;10290;20;10292;16;;;10287.0;0.0
av_CORN_d11;44700;ASH_COATED_OSMIUM;9949;21;9945;8;;;9955;12;9958;21;;;9952.0;0.0
av_CORN_d11;44700;INTARIAN_PEPPER_ROOT;10285;20;10282;13;;;10291;23;10293;15;;;10288.0;0.0
av_CORN_d11;44800;ASH_COATED_OSMIUM;9950;16;9947;26;;;9956;8;9959;26;;;9953.0;0.0
av_CORN_d11;44800;INTARIAN_PEPPER_ROOT;10287;10;10284;20;;;10293;6;10296;12;;;10290.0;0.0
av_CORN_d11;44900;ASH_COATED_OSMIUM;9950;16;9946;16;;;9956;17;9959;20;;;9953.0;0.0
av_CORN_d11;44900;INTARIAN_PEPPER_ROOT;10286;9;10282;19;;;10294;5;10297;25;;;10290.0;0.0
av_CORN_d11;45000;ASH_COATED_OSMIUM;9949;20;9947;33;;;9955;6;9959;13;;;9952.0;0.0
av_CORN_d11;45000;INTARIAN_PEPPER_ROOT;10289;16;10287;19;;;10295;16;10299;22;;;10292.0;0.0
av_CORN_d11;45100;ASH_COATED_OSMIUM;9950;10;9946;16;;;9956;18;9959;18;;;9953.0;0.0
av_CORN_d11;45100;INTARIAN_PEPPER_ROOT;10289;10;10285;22;;;10295;10;10298;13;;;10292.0;0.0
av_CORN_d11;45200;ASH_COATED_OSMIUM;9947;16;9944;16;;;9959;10;9963;22;;;9953.0;0.0
av_CORN_d11;45200;INTARIAN_PEPPER_ROOT;10290;28;10286;15;;;10296;11;10300;22;;;10293.0;0.0
av_CORN_d11;45300;ASH_COATED_OSMIUM;9950;20;9946;21;;;9956;14;9960;22;;;9953.0;0.0
av_CORN_d11;45300;INTARIAN_PEPPER_ROOT;10291;14;10289;20;;;10297;23;10300;11;;;10294.0;0.0
av_CORN_d11;45400;ASH_COATED_OSMIUM;9949;20;9946;27;;;9957;16;9960;15;;;9953.0;0.0
av_CORN_d11;45400;INTARIAN_PEPPER_ROOT;10289;14;10285;22;;;10300;12;10304;23;;;10294.5;0.0
av_CORN_d11;45500;ASH_COATED_OSMIUM;9949;14;9945;19;;;9955;16;9957;16;;;9952.0;0.0
av_CORN_d11;45500;INTARIAN_PEPPER_ROOT;10284;8;10280;11;;;10306;9;10310;20;;;10295.0;0.0
av_CORN_d11;45600;ASH_COATED_OSMIUM;9949;13;9946;19;;;9957;11;9959;14;;;9953.0;0.0
av_CORN_d11;45600;INTARIAN_PEPPER_ROOT;10282;11;10278;16;;;10312;6;10314;19;;;10297.0;0.0
av_CORN_d11;45700;ASH_COATED_OSMIUM;9948;10;9944;19;;;9959;22;9962;27;;;9953.5;0.0
av_CORN_d11;45700;INTARIAN_PEPPER_ROOT;10294;8;10291;25;;;10300;24;10303;20;;;10297.0;0.0
av_CORN_d11;45800;ASH_COATED_OSMIUM;9948;5;9946;14;;;9957;22;9959;19;;;9952.5;0.0
av_CORN_d11;45800;INTARIAN_PEPPER_ROOT;10294;16;10291;18;;;10302;10;10306;13;;;10298.0;0.0
av_CORN_d11;45900;ASH_COATED_OSMIUM;9947;18;9943;19;;;9959;19;9962;22;;;9953.0;0.0
av_CORN_d11;45900;INTARIAN_PEPPER_ROOT;10296;21;10292;22;;;10302;12;10305;19;;;10299.0;0.0
av_CORN_d11;46000;ASH_COATED_OSMIUM;9940;8;9937;13;;;9964;12;9968;22;;;9952.0;0.0
av_CORN_d11;46000;INTARIAN_PEPPER_ROOT;10287;17;10285;11;;;10313;21;10315;19;;;10300.0;0.0
av_CORN_d11;46100;ASH_COATED_OSMIUM;9950;12;9948;28;;;9956;19;9959;19;;;9953.0;0.0
av_CORN_d11;46100;INTARIAN_PEPPER_ROOT;10294;16;10290;8;;;10308;18;10312;22;;;10301.0;0.0
av_CORN_d11;46200;ASH_COATED_OSMIUM;9951;15;9949;8;;;9957;17;9961;26;;;9954.0;0.0
av_CORN_d11;46200;INTARIAN_PEPPER_ROOT;10299;21;10295;28;;;10305;19;10308;22;;;10302.0;0.0
av_CORN_d11;46300;ASH_COATED_OSMIUM;9947;17;9944;8;;;9959;14;9962;17;;;9953.0;0.0
av_CORN_d11;46300;INTARIAN_PEPPER_ROOT;10295;14;10293;24;;;10309;12;10312;23;;;10302.0;0.0
av_CORN_d11;46400;ASH_COATED_OSMIUM;9951;12;9948;11;;;9957;19;9959;18;;;9954.0;0.0
av_CORN_d11;46400;INTARIAN_PEPPER_ROOT;10300;18;10298;24;;;10306;22;10310;14;;;10303.0;0.0
av_CORN_d11;46500;ASH_COATED_OSMIUM;9951;9;9947;15;;;9957;13;9961;20;;;9954.0;0.0
av_CORN_d11;46500;INTARIAN_PEPPER_ROOT;10301;16;10297;18;;;10307;6;10311;15;;;10304.0;0.0
av_CORN_d11;46600;ASH_COATED_OSMIUM;9950;21;9946;23;;;9956;14;9958;9;;;9953.0;0.0
av_CORN_d11;46600;INTARIAN_PEPPER_ROOT;10300;24;10298;14;;;10309;11;10311;23;;;10304.5;0.0
av_CORN_d11;46700;ASH_COATED_OSMIUM;9950;13;9946;22;;;9956;12;9958;19;;;9953.0;0.0
av_CORN_d11;46700;INTARIAN_PEPPER_ROOT;10302;10;10299;13;;;10308;9;10311;20;;;10305.0;0.0
av_CORN_d11;46800;ASH_COATED_OSMIUM;9951;18;9949;19;;;9957;18;9959;18;;;9954.0;0.0
av_CORN_d11;46800;INTARIAN_PEPPER_ROOT;10304;12;10302;20;;;10310;14;10312;30;;;10307.0;0.0
av_CORN_d11;46900;ASH_COATED_OSMIUM;9951;11;9949;17;;;9957;7;9960;21;;;9954.0;0.0
av_CORN_d11;46900;INTARIAN_PEPPER_ROOT;10305;21;10302;16;;;10311;21;10315;11;;;10308.0;0.0
av_CORN_d11;47000;ASH_COATED_OSMIUM;9951;17;9947;21;;;9957;14;9960;21;;;9954.0;0.0
av_CORN_d11;47000;INTARIAN_PEPPER_ROOT;10305;17;10302;8;;;10311;5;10313;19;;;10308.0;0.0
av_CORN_d11;47100;ASH_COATED_OSMIUM;9941;18;9938;18;;;9967;12;9970;23;;;9954.0;0.0
av_CORN_d11;47100;INTARIAN_PEPPER_ROOT;10306;17;10303;25;;;10312;22;10314;23;;;10309.0;0.0
av_CORN_d11;47200;ASH_COATED_OSMIUM;9951;14;9949;17;;;9957;10;9961;29;;;9954.0;0.0
av_CORN_d11;47200;INTARIAN_PEPPER_ROOT;10307;19;10304;18;;;10313;15;10316;20;;;10310.0;0.0
av_CORN_d11;47300;ASH_COATED_OSMIUM;9951;15;9949;22;;;9957;23;9960;22;;;9954.0;0.0
av_CORN_d11;47300;INTARIAN_PEPPER_ROOT;10308;14;10305;13;;;10314;17;10316;16;;;10311.0;0.0
av_CORN_d11;47400;ASH_COATED_OSMIUM;9949;5;9946;14;;;9959;19;9963;18;;;9954.0;0.0
av_CORN_d11;47400;INTARIAN_PEPPER_ROOT;10307;19;10304;18;;;10315;5;10317;16;;;10311.0;0.0
av_CORN_d11;47500;ASH_COATED_OSMIUM;9951;15;9947;16;;;9957;21;9960;22;;;9954.0;0.0
av_CORN_d11;47500;INTARIAN_PEPPER_ROOT;10309;12;10306;16;;;10317;19;10320;29;;;10313.0;0.0
av_CORN_d11;47600;ASH_COATED_OSMIUM;9945;20;9941;16;;;9963;18;9965;16;;;9954.0;0.0
av_CORN_d11;47600;INTARIAN_PEPPER_ROOT;10290;18;10287;26;;;10336;25;10340;24;;;10313.0;0.0
av_CORN_d11;47700;ASH_COATED_OSMIUM;9952;13;9950;20;;;9958;21;9961;14;;;9955.0;0.0
av_CORN_d11;47700;INTARIAN_PEPPER_ROOT;10310;17;10306;11;;;10318;19;10320;15;;;10314.0;0.0
av_CORN_d11;47800;ASH_COATED_OSMIUM;9946;19;9944;14;;;9962;15;9964;22;;;9954.0;0.0
av_CORN_d11;47800;INTARIAN_PEPPER_ROOT;10312;12;10309;23;;;10318;21;10322;19;;;10315.0;0.0
av_CORN_d11;47900;ASH_COATED_OSMIUM;9951;11;9947;26;;;9957;13;9961;21;;;9954.0;0.0
av_CORN_d11;47900;INTARIAN_PEPPER_ROOT;10309;14;10306;18;;;10323;13;10326;13;;;10316.0;0.0
av_CORN_d11;48000;ASH_COATED_OSMIUM;9951;5;9949;18;;;9957;9;9960;30;;;9954.0;0.0
av_CORN_d11;48000;INTARIAN_PEPPER_ROOT;10312;15;10309;22;;;10321;5;10324;16;;;10316.5;0.0
av_CORN_d11;48100;ASH_COATED_OSMIUM;9951;5;9947;11;;;9959;15;9963;11;;;9955.0;0.0
av_CORN_d11;48100;INTARIAN_PEPPER_ROOT;10315;11;10311;18;;;10321;11;10324;15;;;10318.0;0.0
av_CORN_d11;48200;ASH_COATED_OSMIUM;9951;7;9947;17;;;9958;15;9961;20;;;9954.5;0.0
av_CORN_d11;48200;INTARIAN_PEPPER_ROOT;10316;16;10312;22;;;10322;18;10325;31;;;10319.0;0.0
av_CORN_d11;48300;ASH_COATED_OSMIUM;9952;18;9949;15;;;9958;5;9960;14;;;9955.0;0.0
av_CORN_d11;48300;INTARIAN_PEPPER_ROOT;10316;6;10313;20;;;10322;8;10326;13;;;10319.0;0.0
av_CORN_d11;48400;ASH_COATED_OSMIUM;9953;17;9949;13;;;9959;20;9963;17;;;9956.0;0.0
av_CORN_d11;48400;INTARIAN_PEPPER_ROOT;10317;15;10313;20;;;10323;19;10327;27;;;10320.0;0.0
av_CORN_d11;48500;ASH_COATED_OSMIUM;9952;16;9949;17;;;9958;18;9960;27;;;9955.0;0.0
av_CORN_d11;48500;INTARIAN_PEPPER_ROOT;10319;13;10317;21;;;10325;18;10327;21;;;10322.0;0.0
av_CORN_d11;48600;ASH_COATED_OSMIUM;9952;8;9948;19;;;9958;16;9960;28;;;9955.0;0.0
av_CORN_d11;48600;INTARIAN_PEPPER_ROOT;10309;9;10306;25;;;10335;16;10337;30;;;10322.0;0.0
av_CORN_d11;48700;ASH_COATED_OSMIUM;9952;16;9950;15;;;9958;20;9960;21;;;9955.0;0.0
av_CORN_d11;48700;INTARIAN_PEPPER_ROOT;10316;9;10314;23;;;10330;11;10334;24;;;10323.0;0.0
av_CORN_d11;48800;ASH_COATED_OSMIUM;9952;15;9949;26;;;9958;18;9961;26;;;9955.0;0.0
av_CORN_d11;48800;INTARIAN_PEPPER_ROOT;10321;21;10319;25;;;10327;11;10330;16;;;10324.0;0.0
av_CORN_d11;48900;ASH_COATED_OSMIUM;9952;20;9948;12;;;9958;21;9961;15;;;9955.0;0.0
av_CORN_d11;48900;INTARIAN_PEPPER_ROOT;10321;16;10318;16;;;10329;16;10332;21;;;10325.0;0.0
av_CORN_d11;49000;ASH_COATED_OSMIUM;9951;14;9947;17;;;9961;21;9965;14;;;9956.0;0.0
av_CORN_d11;49000;INTARIAN_PEPPER_ROOT;10316;13;10314;15;;;10334;17;10336;16;;;10325.0;0.0
av_CORN_d11;49100;ASH_COATED_OSMIUM;9953;18;9951;26;;;9959;19;9962;22;;;9956.0;0.0
av_CORN_d11;49100;INTARIAN_PEPPER_ROOT;10321;15;10319;29;;;10331;12;10334;19;;;10326.0;0.0
av_CORN_d11;49200;ASH_COATED_OSMIUM;9951;25;9949;23;;;9960;21;9964;27;;;9955.5;0.0
av_CORN_d11;49200;INTARIAN_PEPPER_ROOT;10324;11;10321;29;;;10330;13;10333;23;;;10327.0;0.0
av_CORN_d11;49300;ASH_COATED_OSMIUM;9953;12;9951;23;;;9959;11;9962;27;;;9956.0;0.0
av_CORN_d11;49300;INTARIAN_PEPPER_ROOT;10325;18;10323;30;;;10331;21;10333;12;;;10328.0;0.0
av_CORN_d11;49400;ASH_COATED_OSMIUM;9953;16;9951;21;;;9959;15;9961;18;;;9956.0;0.0
av_CORN_d11;49400;INTARIAN_PEPPER_ROOT;10326;16;10323;18;;;10332;18;10336;16;;;10329.0;0.0
av_CORN_d11;49500;ASH_COATED_OSMIUM;9953;7;9950;14;;;9959;20;9963;18;;;9956.0;0.0
av_CORN_d11;49500;INTARIAN_PEPPER_ROOT;10325;19;10323;8;;;10334;11;10338;18;;;10329.5;0.0
av_CORN_d11;49600;ASH_COATED_OSMIUM;9953;8;9951;27;;;9959;8;9962;21;;;9956.0;0.0
av_CORN_d11;49600;INTARIAN_PEPPER_ROOT;10322;12;10320;12;;;10340;20;10342;8;;;10331.0;0.0
av_CORN_d11;49700;ASH_COATED_OSMIUM;9951;7;9948;27;;;9961;21;9964;20;;;9956.0;0.0
av_CORN_d11;49700;INTARIAN_PEPPER_ROOT;10328;18;10325;20;;;10336;17;10340;19;;;10332.0;0.0
av_CORN_d11;49800;ASH_COATED_OSMIUM;9951;16;9948;22;;;9960;17;9964;26;;;9955.5;0.0
av_CORN_d11;49800;INTARIAN_PEPPER_ROOT;10324;13;10321;15;;;10341;9;10345;22;;;10332.5;0.0
av_CORN_d11;49900;ASH_COATED_OSMIUM;9953;19;9950;18;;;9959;19;9961;15;;;9956.0;0.0
av_CORN_d11;49900;INTARIAN_PEPPER_ROOT;10330;17;10328;20;;;10337;16;10341;16;;;10333.5;0.0
av_CORN_d11;50000;ASH_COATED_OSMIUM;9952;20;9949;13;;;9959;12;9961;19;;;9955.5;0.0
av_CORN_d11;50000;INTARIAN_PEPPER_ROOT;10330;17;10328;21;;;10336;19;10339;19;;;10333.0;0.0
av_CORN_d11;50100;ASH_COATED_OSMIUM;9944;11;9940;31;;;9968;12;9970;20;;;9956.0;0.0
av_CORN_d11;50100;INTARIAN_PEPPER_ROOT;10332;13;10328;32;;;10338;13;10342;21;;;10335.0;0.0
av_CORN_d11;50200;ASH_COATED_OSMIUM;9953;13;9951;25;;;9959;14;9961;27;;;9956.0;0.0
av_CORN_d11;50200;INTARIAN_PEPPER_ROOT;10333;8;10329;16;;;10339;17;10343;19;;;10336.0;0.0
av_CORN_d11;50300;ASH_COATED_OSMIUM;9954;19;9950;21;;;9960;12;9964;22;;;9957.0;0.0
av_CORN_d11;50300;INTARIAN_PEPPER_ROOT;10327;9;10325;20;;;10348;18;10351;27;;;10337.5;0.0
av_CORN_d11;50400;ASH_COATED_OSMIUM;9953;14;9951;11;;;9959;11;9961;26;;;9956.0;0.0
av_CORN_d11;50400;INTARIAN_PEPPER_ROOT;10331;20;10329;19;;;10344;22;10347;22;;;10337.5;0.0
av_CORN_d11;50500;ASH_COATED_OSMIUM;9952;17;9948;17;;;9962;5;9964;21;;;9957.0;0.0
av_CORN_d11;50500;INTARIAN_PEPPER_ROOT;10329;12;10327;16;;;10346;17;10349;13;;;10337.5;0.0
av_CORN_d11;50600;ASH_COATED_OSMIUM;9953;13;9951;16;;;9959;15;9963;25;;;9956.0;0.0
av_CORN_d11;50600;INTARIAN_PEPPER_ROOT;10331;8;10327;17;;;10347;13;10349;22;;;10339.0;0.0
av_CORN_d11;50700;ASH_COATED_OSMIUM;9951;15;9947;15;;;9963;15;9966;28;;;9957.0;0.0
av_CORN_d11;50700;INTARIAN_PEPPER_ROOT;10337;19;10334;23;;;10343;17;10345;18;;;10340.0;0.0
av_CORN_d11;50800;ASH_COATED_OSMIUM;9954;12;9950;16;;;9960;22;9962;19;;;9957.0;0.0
av_CORN_d11;50800;INTARIAN_PEPPER_ROOT;10338;22;10334;20;;;10344;13;10346;14;;;10341.0;0.0
av_CORN_d11;50900;ASH_COATED_OSMIUM;9952;11;9949;23;;;9960;18;9963;17;;;9956.0;0.0
av_CORN_d11;50900;INTARIAN_PEPPER_ROOT;10332;12;10329;25;;;10350;20;10352;12;;;10341.0;0.0
av_CORN_d11;51000;ASH_COATED_OSMIUM;9953;19;9949;22;;;9961;21;9964;23;;;9957.0;0.0
av_CORN_d11;51000;INTARIAN_PEPPER_ROOT;10336;15;10332;22;;;10347;14;10351;24;;;10341.5;0.0
av_CORN_d11;51100;ASH_COATED_OSMIUM;9953;21;9949;19;;;9959;16;9962;21;;;9956.0;0.0
av_CORN_d11;51100;INTARIAN_PEPPER_ROOT;10338;7;10334;10;;;10344;11;10348;22;;;10341.0;0.0
av_CORN_d11;51200;ASH_COATED_OSMIUM;9953;14;9951;25;;;9959;27;9963;32;;;9956.0;0.0
av_CORN_d11;51200;INTARIAN_PEPPER_ROOT;10338;14;10336;14;;;10344;14;10348;29;;;10341.0;0.0
av_CORN_d11;51300;ASH_COATED_OSMIUM;9953;5;9950;27;;;9959;12;9962;22;;;9956.0;0.0
av_CORN_d11;51300;INTARIAN_PEPPER_ROOT;10337;14;10333;18;;;10343;8;10345;28;;;10340.0;0.0
av_CORN_d11;51400;ASH_COATED_OSMIUM;9953;14;9949;27;;;9959;19;9962;16;;;9956.0;0.0
av_CORN_d11;51400;INTARIAN_PEPPER_ROOT;10338;17;10335;14;;;10344;5;10347;14;;;10341.0;0.0
av_CORN_d11;51500;ASH_COATED_OSMIUM;9953;12;9949;12;;;9960;7;9964;9;;;9956.5;0.0
av_CORN_d11;51500;INTARIAN_PEPPER_ROOT;10336;12;10332;19;;;10346;13;10350;13;;;10341.0;0.0
av_CORN_d11;51600;ASH_COATED_OSMIUM;9952;14;9950;20;;;9962;18;9966;22;;;9957.0;0.0
av_CORN_d11;51600;INTARIAN_PEPPER_ROOT;10332;27;10329;29;;;10349;19;10351;23;;;10340.5;0.0
av_CORN_d11;51700;ASH_COATED_OSMIUM;9952;11;9949;23;;;9959;9;9961;16;;;9955.5;0.0
av_CORN_d11;51700;INTARIAN_PEPPER_ROOT;10319;17;10316;15;;;10362;15;10364;27;;;10340.5;0.0
av_CORN_d11;51800;ASH_COATED_OSMIUM;9953;14;9950;24;;;9959;14;9962;21;;;9956.0;0.0
av_CORN_d11;51800;INTARIAN_PEPPER_ROOT;10336;8;10333;18;;;10345;17;10347;27;;;10340.5;0.0
av_CORN_d11;51900;ASH_COATED_OSMIUM;9954;7;9950;17;;;9960;8;9962;23;;;9957.0;0.0
av_CORN_d11;51900;INTARIAN_PEPPER_ROOT;10337;8;10334;25;;;10343;12;10345;17;;;10340.0;0.0
av_CORN_d11;52000;ASH_COATED_OSMIUM;9952;16;9948;26;;;9962;11;9966;29;;;9957.0;0.0
av_CORN_d11;52000;INTARIAN_PEPPER_ROOT;10337;11;10333;21;;;10343;15;10347;20;;;10340.0;0.0
av_CORN_d11;52100;ASH_COATED_OSMIUM;9953;9;9950;15;;;9959;13;9962;21;;;9956.0;0.0
av_CORN_d11;52100;INTARIAN_PEPPER_ROOT;10338;9;10336;21;;;10344;14;10347;22;;;10341.0;0.0
av_CORN_d11;52200;ASH_COATED_OSMIUM;9947;5;9945;15;;;9966;14;9970;16;;;9956.5;0.0
av_CORN_d11;52200;INTARIAN_PEPPER_ROOT;10325;17;10322;16;;;10355;10;10358;29;;;10340.0;0.0
av_CORN_d11;52300;ASH_COATED_OSMIUM;9953;17;9949;19;;;9959;9;9961;14;;;9956.0;0.0
av_CORN_d11;52300;INTARIAN_PEPPER_ROOT;10334;10;10331;18;;;10346;11;10350;12;;;10340.0;0.0
av_CORN_d11;52400;ASH_COATED_OSMIUM;9953;6;9949;23;;;9959;16;9961;24;;;9956.0;0.0
av_CORN_d11;52400;INTARIAN_PEPPER_ROOT;10335;18;10331;18;;;10345;15;10347;22;;;10340.0;0.0
av_CORN_d11;52500;ASH_COATED_OSMIUM;9954;22;9950;27;;;9960;11;9962;14;;;9957.0;0.0
av_CORN_d11;52500;INTARIAN_PEPPER_ROOT;10333;20;10329;22;;;10347;23;10351;15;;;10340.0;0.0
av_CORN_d11;52600;ASH_COATED_OSMIUM;9950;14;9947;26;;;9963;23;9965;24;;;9956.5;0.0
av_CORN_d11;52600;INTARIAN_PEPPER_ROOT;10337;21;10335;22;;;10343;20;10345;20;;;10340.0;0.0
av_CORN_d11;52700;ASH_COATED_OSMIUM;9953;16;9950;20;;;9959;17;9961;15;;;9956.0;0.0
av_CORN_d11;52700;INTARIAN_PEPPER_ROOT;10335;16;10333;17;;;10345;14;10347;10;;;10340.0;0.0
av_CORN_d11;52800;ASH_COATED_OSMIUM;9952;19;9950;22;;;9961;6;9963;21;;;9956.5;0.0
av_CORN_d11;52800;INTARIAN_PEPPER_ROOT;10333;17;10331;24;;;10347;11;10350;24;;;10340.0;0.0
av_CORN_d11;52900;ASH_COATED_OSMIUM;9939;16;9937;15;;;9975;11;9979;18;;;9957.0;0.0
av_CORN_d11;52900;INTARIAN_PEPPER_ROOT;10336;11;10332;20;;;10342;9;10345;16;;;10339.0;0.0
av_CORN_d11;53000;ASH_COATED_OSMIUM;9952;28;9949;18;;;9960;22;9963;20;;;9956.0;0.0
av_CORN_d11;53000;INTARIAN_PEPPER_ROOT;10336;17;10334;11;;;10342;18;10346;19;;;10339.0;0.0
av_CORN_d11;53100;ASH_COATED_OSMIUM;9953;10;9949;13;;;9959;15;9961;16;;;9956.0;0.0
av_CORN_d11;53100;INTARIAN_PEPPER_ROOT;10336;19;10333;20;;;10342;17;10346;9;;;10339.0;0.0
av_CORN_d11;53200;ASH_COATED_OSMIUM;9949;19;9947;25;;;9964;13;9968;22;;;9956.5;0.0
av_CORN_d11;53200;INTARIAN_PEPPER_ROOT;10337;24;10335;26;;;10343;10;10345;19;;;10340.0;0.0
av_CORN_d11;53300;ASH_COATED_OSMIUM;9953;20;9951;17;;;9959;17;9961;17;;;9956.0;0.0
av_CORN_d11;53300;INTARIAN_PEPPER_ROOT;10334;10;10332;20;;;10346;15;10350;23;;;10340.0;0.0
av_CORN_d11;53400;ASH_COATED_OSMIUM;9953;5;9949;22;;;9959;24;9962;17;;;9956.0;0.0
av_CORN_d11;53400;INTARIAN_PEPPER_ROOT;10336;17;10332;25;;;10342;5;10344;18;;;10339.0;0.0
av_CORN_d11;53500;ASH_COATED_OSMIUM;9953;19;9951;25;;;9959;16;9963;10;;;9956.0;0.0
av_CORN_d11;53500;INTARIAN_PEPPER_ROOT;10337;10;10335;18;;;10343;14;10346;22;;;10340.0;0.0
av_CORN_d11;53600;ASH_COATED_OSMIUM;9953;24;9951;19;;;9959;11;9963;12;;;9956.0;0.0
av_CORN_d11;53600;INTARIAN_PEPPER_ROOT;10336;23;10332;10;;;10342;14;10346;13;;;10339.0;0.0
av_CORN_d11;53700;ASH_COATED_OSMIUM;9946;11;9943;8;;;9964;12;9967;26;;;9955.0;0.0
av_CORN_d11;53700;INTARIAN_PEPPER_ROOT;10331;9;10327;17;;;10348;18;10350;14;;;10339.5;0.0
av_CORN_d11;53800;ASH_COATED_OSMIUM;9953;20;9949;23;;;9959;19;9961;23;;;9956.0;0.0
av_CORN_d11;53800;INTARIAN_PEPPER_ROOT;10333;13;10329;18;;;10345;14;10349;17;;;10339.0;0.0
av_CORN_d11;53900;ASH_COATED_OSMIUM;9953;14;9949;23;;;9960;15;9962;23;;;9956.5;0.0
av_CORN_d11;53900;INTARIAN_PEPPER_ROOT;10333;13;10330;19;;;10344;12;10348;14;;;10338.5;0.0
av_CORN_d11;54000;ASH_COATED_OSMIUM;9951;10;9948;10;;;9961;12;9965;20;;;9956.0;0.0
av_CORN_d11;54000;INTARIAN_PEPPER_ROOT;10330;17;10328;25;;;10347;6;10351;18;;;10338.5;0.0
av_CORN_d11;54100;ASH_COATED_OSMIUM;9953;9;9949;24;;;9959;12;9963;22;;;9956.0;0.0
av_CORN_d11;54100;INTARIAN_PEPPER_ROOT;10336;11;10333;17;;;10342;21;10345;15;;;10339.0;0.0
av_CORN_d11;54200;ASH_COATED_OSMIUM;9953;16;9950;23;;;9959;20;9961;15;;;9956.0;0.0
av_CORN_d11;54200;INTARIAN_PEPPER_ROOT;10334;7;10331;26;;;10343;16;10347;27;;;10338.5;0.0
av_CORN_d11;54300;ASH_COATED_OSMIUM;9953;10;9951;16;;;9959;11;9963;22;;;9956.0;0.0
av_CORN_d11;54300;INTARIAN_PEPPER_ROOT;10335;9;10331;29;;;10341;16;10344;19;;;10338.0;0.0
av_CORN_d11;54400;ASH_COATED_OSMIUM;9936;14;9934;17;;;9976;13;9979;15;;;9956.0;0.0
av_CORN_d11;54400;INTARIAN_PEPPER_ROOT;10335;21;10332;20;;;10341;13;10345;19;;;10338.0;0.0
av_CORN_d11;54500;ASH_COATED_OSMIUM;9952;14;9948;13;;;9960;9;9962;30;;;9956.0;0.0
av_CORN_d11;54500;INTARIAN_PEPPER_ROOT;10336;19;10332;18;;;10342;21;10346;13;;;10339.0;0.0
av_CORN_d11;54600;ASH_COATED_OSMIUM;9946;8;9944;17;;;9966;24;9969;18;;;9956.0;0.0
av_CORN_d11;54600;INTARIAN_PEPPER_ROOT;10335;16;10332;12;;;10342;13;10345;22;;;10338.5;0.0
av_CORN_d11;54700;ASH_COATED_OSMIUM;9952;9;9950;10;;;9959;10;9963;24;;;9955.5;0.0
av_CORN_d11;54700;INTARIAN_PEPPER_ROOT;10335;22;10331;20;;;10341;19;10344;22;;;10338.0;0.0
av_CORN_d11;54800;ASH_COATED_OSMIUM;9953;18;9951;25;;;9959;5;9962;26;;;9956.0;0.0
av_CORN_d11;54800;INTARIAN_PEPPER_ROOT;10334;16;10331;18;;;10342;16;10345;19;;;10338.0;0.0
av_CORN_d11;54900;ASH_COATED_OSMIUM;9953;14;9949;20;;;9959;19;9963;17;;;9956.0;0.0
av_CORN_d11;54900;INTARIAN_PEPPER_ROOT;10332;16;10329;8;;;10342;6;10346;23;;;10337.0;0.0
av_CORN_d11;55000;ASH_COATED_OSMIUM;9951;13;9949;9;;;9961;20;9965;22;;;9956.0;0.0
av_CORN_d11;55000;INTARIAN_PEPPER_ROOT;10335;19;10332;23;;;10341;16;10344;13;;;10338.0;0.0
av_CORN_d11;55100;ASH_COATED_OSMIUM;9951;12;9948;24;;;9961;15;9965;26;;;9956.0;0.0
av_CORN_d11;55100;INTARIAN_PEPPER_ROOT;10335;18;10333;19;;;10341;15;10343;30;;;10338.0;0.0
av_CORN_d11;55200;ASH_COATED_OSMIUM;9950;19;9946;16;;;9961;11;9963;12;;;9955.5;0.0
av_CORN_d11;55200;INTARIAN_PEPPER_ROOT;10334;15;10331;17;;;10340;10;10343;24;;;10337.0;0.0
av_CORN_d11;55300;ASH_COATED_OSMIUM;9953;19;9950;15;;;9959;16;9962;15;;;9956.0;0.0
av_CORN_d11;55300;INTARIAN_PEPPER_ROOT;10332;12;10329;16;;;10344;18;10346;15;;;10338.0;0.0
av_CORN_d11;55400;ASH_COATED_OSMIUM;9951;5;9948;22;;;9963;17;9965;20;;;9957.0;0.0
av_CORN_d11;55400;INTARIAN_PEPPER_ROOT;10335;17;10331;19;;;10341;22;10343;27;;;10338.0;0.0
av_CORN_d11;55500;ASH_COATED_OSMIUM;9953;11;9951;23;;;9959;21;9961;17;;;9956.0;0.0
av_CORN_d11;55500;INTARIAN_PEPPER_ROOT;10334;20;10330;24;;;10340;16;10342;11;;;10337.0;0.0
av_CORN_d11;55600;ASH_COATED_OSMIUM;9953;12;9951;16;;;9959;11;9962;12;;;9956.0;0.0
av_CORN_d11;55600;INTARIAN_PEPPER_ROOT;10330;10;10326;25;;;10344;13;10347;33;;;10337.0;0.0
av_CORN_d11;55700;ASH_COATED_OSMIUM;9953;6;9950;20;;;9959;16;9963;28;;;9956.0;0.0
av_CORN_d11;55700;INTARIAN_PEPPER_ROOT;10335;17;10332;17;;;10341;10;10345;18;;;10338.0;0.0
av_CORN_d11;55800;ASH_COATED_OSMIUM;9953;10;9951;17;;;9959;20;9962;20;;;9956.0;0.0
av_CORN_d11;55800;INTARIAN_PEPPER_ROOT;10334;6;10331;15;;;10342;11;10345;19;;;10338.0;0.0
av_CORN_d11;55900;ASH_COATED_OSMIUM;9953;10;9949;22;;;9959;6;9963;21;;;9956.0;0.0
av_CORN_d11;55900;INTARIAN_PEPPER_ROOT;10334;25;10330;19;;;10340;16;10342;20;;;10337.0;0.0
av_CORN_d11;56000;ASH_COATED_OSMIUM;9950;7;9947;21;;;9962;18;9965;19;;;9956.0;0.0
av_CORN_d11;56000;INTARIAN_PEPPER_ROOT;10334;16;10332;25;;;10340;12;10344;21;;;10337.0;0.0
av_CORN_d11;56100;ASH_COATED_OSMIUM;9952;10;9949;16;;;9961;21;9964;12;;;9956.5;0.0
av_CORN_d11;56100;INTARIAN_PEPPER_ROOT;10334;16;10332;21;;;10340;9;10343;14;;;10337.0;0.0
av_CORN_d11;56200;ASH_COATED_OSMIUM;9951;26;9947;33;;;9961;17;9964;24;;;9956.0;0.0
av_CORN_d11;56200;INTARIAN_PEPPER_ROOT;10319;15;10317;21;;;10355;18;10357;21;;;10337.0;0.0
av_CORN_d11;56300;ASH_COATED_OSMIUM;9953;7;9951;23;;;9959;20;9961;14;;;9956.0;0.0
av_CORN_d11;56300;INTARIAN_PEPPER_ROOT;10333;18;10330;26;;;10342;19;10344;19;;;10337.5;0.0
av_CORN_d11;56400;ASH_COATED_OSMIUM;9953;15;9950;24;;;9959;12;9961;23;;;9956.0;0.0
av_CORN_d11;56400;INTARIAN_PEPPER_ROOT;10334;17;10330;16;;;10340;17;10342;24;;;10337.0;0.0
av_CORN_d11;56500;ASH_COATED_OSMIUM;9953;19;9950;15;;;9959;9;9961;28;;;9956.0;0.0
av_CORN_d11;56500;INTARIAN_PEPPER_ROOT;10332;11;10328;26;;;10341;17;10344;22;;;10336.5;0.0
av_CORN_d11;56600;ASH_COATED_OSMIUM;9953;18;9949;21;;;9959;6;9963;17;;;9956.0;0.0
av_CORN_d11;56600;INTARIAN_PEPPER_ROOT;10333;14;10331;15;;;10339;18;10341;21;;;10336.0;0.0
av_CORN_d11;56700;ASH_COATED_OSMIUM;9953;19;9950;11;;;9959;20;9963;12;;;9956.0;0.0
av_CORN_d11;56700;INTARIAN_PEPPER_ROOT;10327;8;10323;26;;;10348;13;10352;26;;;10337.5;0.0
av_CORN_d11;56800;ASH_COATED_OSMIUM;9953;18;9951;19;;;9959;14;9963;11;;;9956.0;0.0
av_CORN_d11;56800;INTARIAN_PEPPER_ROOT;10334;5;10331;23;;;10340;19;10344;20;;;10337.0;0.0
av_CORN_d11;56900;ASH_COATED_OSMIUM;9950;8;9948;29;;;9962;18;9965;16;;;9956.0;0.0
av_CORN_d11;56900;INTARIAN_PEPPER_ROOT;10334;15;10332;24;;;10340;10;10342;21;;;10337.0;0.0
av_CORN_d11;57000;ASH_COATED_OSMIUM;9953;20;9951;12;;;9959;8;9962;17;;;9956.0;0.0
av_CORN_d11;57000;INTARIAN_PEPPER_ROOT;10333;8;10330;16;;;10339;5;10343;22;;;10336.0;0.0
av_CORN_d11;57100;ASH_COATED_OSMIUM;9953;18;9949;20;;;9959;23;9961;18;;;9956.0;0.0
av_CORN_d11;57100;INTARIAN_PEPPER_ROOT;10332;12;10328;15;;;10340;13;10343;14;;;10336.0;0.0
av_CORN_d11;57200;ASH_COATED_OSMIUM;9953;10;9949;14;;;9959;18;9962;22;;;9956.0;0.0
av_CORN_d11;57200;INTARIAN_PEPPER_ROOT;10333;16;10330;21;;;10339;19;10342;20;;;10336.0;0.0
av_CORN_d11;57300;ASH_COATED_OSMIUM;9953;18;9951;18;;;9959;21;9963;20;;;9956.0;0.0
av_CORN_d11;57300;INTARIAN_PEPPER_ROOT;10323;14;10320;22;;;10348;13;10352;17;;;10335.5;0.0
av_CORN_d11;57400;ASH_COATED_OSMIUM;9953;17;9950;23;;;9959;18;9962;24;;;9956.0;0.0
av_CORN_d11;57400;INTARIAN_PEPPER_ROOT;10333;8;10330;21;;;10339;16;10341;19;;;10336.0;0.0
av_CORN_d11;57500;ASH_COATED_OSMIUM;9953;10;9949;28;;;9959;15;9961;25;;;9956.0;0.0
av_CORN_d11;57500;INTARIAN_PEPPER_ROOT;10333;12;10329;20;;;10339;15;10341;17;;;10336.0;0.0
av_CORN_d11;57600;ASH_COATED_OSMIUM;9950;13;9947;25;;;9962;11;9965;22;;;9956.0;0.0
av_CORN_d11;57600;INTARIAN_PEPPER_ROOT;10333;20;10330;13;;;10339;12;10341;17;;;10336.0;0.0
