day;timestamp;product;bid_price_1;bid_volume_1;bid_price_2;bid_volume_2;bid_price_3;bid_volume_3;ask_price_1;ask_volume_1;ask_price_2;ask_volume_2;ask_price_3;ask_volume_3;mid_price;profit_and_loss
yf_ZW=F_d7;0;ASH_COATED_OSMIUM;9925;17;9921;18;;;9931;18;9935;23;;;9928.0;0.0
yf_ZW=F_d7;0;INTARIAN_PEPPER_ROOT;12862;15;12858;15;;;12869;15;12873;9;;;12865.5;0.0
yf_ZW=F_d7;100;ASH_COATED_OSMIUM;9924;10;9920;30;;;9931;11;9933;17;;;9927.5;0.0
yf_ZW=F_d7;100;INTARIAN_PEPPER_ROOT;12863;9;12860;21;;;12869;13;12873;14;;;12866.0;0.0
yf_ZW=F_d7;200;ASH_COATED_OSMIUM;9925;22;9922;30;;;9931;14;9933;11;;;9928.0;0.0
yf_ZW=F_d7;200;INTARIAN_PEPPER_ROOT;12863;18;12861;24;;;12871;14;12874;21;;;12867.0;0.0
yf_ZW=F_d7;300;ASH_COATED_OSMIUM;9923;8;9921;19;;;9933;9;9936;20;;;9928.0;0.0
yf_ZW=F_d7;300;INTARIAN_PEPPER_ROOT;12864;14;12860;19;;;12870;6;12872;16;;;12867.0;0.0
yf_ZW=F_d7;400;ASH_COATED_OSMIUM;9923;20;9920;15;;;9933;16;9935;28;;;9928.0;0.0
yf_ZW=F_d7;400;INTARIAN_PEPPER_ROOT;12856;25;12854;13;;;12879;15;12883;22;;;12867.5;0.0
yf_ZW=F_d7;500;ASH_COATED_OSMIUM;9921;15;9919;18;;;9934;12;9937;11;;;9927.5;0.0
yf_ZW=F_d7;500;INTARIAN_PEPPER_ROOT;12866;9;12862;20;;;12873;15;12875;10;;;12869.5;0.0
yf_ZW=F_d7;600;ASH_COATED_OSMIUM;9925;15;9921;24;;;9931;5;9934;23;;;9928.0;0.0
yf_ZW=F_d7;600;INTARIAN_PEPPER_ROOT;12867;24;12865;24;;;12873;23;12875;19;;;12870.0;0.0
yf_ZW=F_d7;700;ASH_COATED_OSMIUM;9924;5;9920;11;;;9930;17;9934;12;;;9927.0;0.0
yf_ZW=F_d7;700;INTARIAN_PEPPER_ROOT;12868;18;12866;27;;;12874;20;12878;25;;;12871.0;0.0
yf_ZW=F_d7;800;ASH_COATED_OSMIUM;9921;19;9918;22;;;9936;17;9940;18;;;9928.5;0.0
yf_ZW=F_d7;800;INTARIAN_PEPPER_ROOT;12869;25;12866;16;;;12875;11;12877;20;;;12872.0;0.0
yf_ZW=F_d7;900;ASH_COATED_OSMIUM;9925;17;9923;21;;;9931;8;9934;21;;;9928.0;0.0
yf_ZW=F_d7;900;INTARIAN_PEPPER_ROOT;12869;18;12867;25;;;12875;10;12878;20;;;12872.0;0.0
yf_ZW=F_d7;1000;ASH_COATED_OSMIUM;9925;13;9921;24;;;9931;16;9934;26;;;9928.0;0.0
yf_ZW=F_d7;1000;INTARIAN_PEPPER_ROOT;12870;19;12867;19;;;12876;19;12880;20;;;12873.0;0.0
yf_ZW=F_d7;1100;ASH_COATED_OSMIUM;9925;10;9921;23;;;9931;5;9933;26;;;9928.0;0.0
yf_ZW=F_d7;1100;INTARIAN_PEPPER_ROOT;12871;20;12868;9;;;12877;9;12879;27;;;12874.0;0.0
yf_ZW=F_d7;1200;ASH_COATED_OSMIUM;9925;16;9921;15;;;9931;17;9935;12;;;9928.0;0.0
yf_ZW=F_d7;1200;INTARIAN_PEPPER_ROOT;12864;24;12862;12;;;12886;9;12888;22;;;12875.0;0.0
yf_ZW=F_d7;1300;ASH_COATED_OSMIUM;9925;17;9921;21;;;9931;10;9933;12;;;9928.0;0.0
yf_ZW=F_d7;1300;INTARIAN_PEPPER_ROOT;12873;19;12869;23;;;12879;18;12882;23;;;12876.0;0.0
yf_ZW=F_d7;1400;ASH_COATED_OSMIUM;9924;8;9921;21;;;9930;16;9934;9;;;9927.0;0.0
yf_ZW=F_d7;1400;INTARIAN_PEPPER_ROOT;12873;16;12871;16;;;12879;14;12883;21;;;12876.0;0.0
yf_ZW=F_d7;1500;ASH_COATED_OSMIUM;9918;19;9914;20;;;9937;21;9941;29;;;9927.5;0.0
yf_ZW=F_d7;1500;INTARIAN_PEPPER_ROOT;12874;23;12871;19;;;12880;19;12883;15;;;12877.0;0.0
yf_ZW=F_d7;1600;ASH_COATED_OSMIUM;9924;13;9920;16;;;9932;5;9934;19;;;9928.0;0.0
yf_ZW=F_d7;1600;INTARIAN_PEPPER_ROOT;12875;14;12871;8;;;12881;12;12883;11;;;12878.0;0.0
yf_ZW=F_d7;1700;ASH_COATED_OSMIUM;9923;12;9919;12;;;9932;18;9936;15;;;9927.5;0.0
yf_ZW=F_d7;1700;INTARIAN_PEPPER_ROOT;12875;5;12873;17;;;12881;19;12885;26;;;12878.0;0.0
yf_ZW=F_d7;1800;ASH_COATED_OSMIUM;9925;13;9921;17;;;9931;11;9935;23;;;9928.0;0.0
yf_ZW=F_d7;1800;INTARIAN_PEPPER_ROOT;12873;24;12870;19;;;12886;17;12888;16;;;12879.5;0.0
yf_ZW=F_d7;1900;ASH_COATED_OSMIUM;9920;11;9916;24;;;9936;22;9938;12;;;9928.0;0.0
yf_ZW=F_d7;1900;INTARIAN_PEPPER_ROOT;12878;19;12875;16;;;12884;5;12887;19;;;12881.0;0.0
yf_ZW=F_d7;2000;ASH_COATED_OSMIUM;9923;13;9919;27;;;9933;14;9935;21;;;9928.0;0.0
yf_ZW=F_d7;2000;INTARIAN_PEPPER_ROOT;12878;7;12876;17;;;12885;8;12887;18;;;12881.5;0.0
yf_ZW=F_d7;2100;ASH_COATED_OSMIUM;9925;18;9923;10;;;9931;13;9933;22;;;9928.0;0.0
yf_ZW=F_d7;2100;INTARIAN_PEPPER_ROOT;12878;15;12876;10;;;12885;16;12889;15;;;12881.5;0.0
yf_ZW=F_d7;2200;ASH_COATED_OSMIUM;9926;22;9924;23;;;9932;20;9934;19;;;9929.0;0.0
yf_ZW=F_d7;2200;INTARIAN_PEPPER_ROOT;12868;17;12865;15;;;12898;6;12902;23;;;12883.0;0.0
yf_ZW=F_d7;2300;ASH_COATED_OSMIUM;9925;17;9923;20;;;9931;15;9934;22;;;9928.0;0.0
yf_ZW=F_d7;2300;INTARIAN_PEPPER_ROOT;12881;11;12877;30;;;12887;7;12889;28;;;12884.0;0.0
yf_ZW=F_d7;2400;ASH_COATED_OSMIUM;9925;20;9923;17;;;9931;14;9935;24;;;9928.0;0.0
yf_ZW=F_d7;2400;INTARIAN_PEPPER_ROOT;12875;10;12871;19;;;12893;18;12896;18;;;12884.0;0.0
yf_ZW=F_d7;2500;ASH_COATED_OSMIUM;9917;9;9915;20;;;9938;8;9940;17;;;9927.5;0.0
yf_ZW=F_d7;2500;INTARIAN_PEPPER_ROOT;12877;17;12874;14;;;12893;9;12896;24;;;12885.0;0.0
yf_ZW=F_d7;2600;ASH_COATED_OSMIUM;9925;15;9923;20;;;9931;15;9933;17;;;9928.0;0.0
yf_ZW=F_d7;2600;INTARIAN_PEPPER_ROOT;12882;12;12878;28;;;12888;9;12891;22;;;12885.0;0.0
yf_ZW=F_d7;2700;ASH_COATED_OSMIUM;9925;10;9922;20;;;9931;9;9934;20;;;9928.0;0.0
yf_ZW=F_d7;2700;INTARIAN_PEPPER_ROOT;12883;21;12881;22;;;12890;24;12892;19;;;12886.5;0.0
yf_ZW=F_d7;2800;ASH_COATED_OSMIUM;9925;14;9921;26;;;9931;13;9935;24;;;9928.0;0.0
yf_ZW=F_d7;2800;INTARIAN_PEPPER_ROOT;12884;15;12880;18;;;12890;16;12893;24;;;12887.0;0.0
yf_ZW=F_d7;2900;ASH_COATED_OSMIUM;9919;19;9917;23;;;9938;18;9940;14;;;9928.5;0.0
yf_ZW=F_d7;2900;INTARIAN_PEPPER_ROOT;12883;10;12881;25;;;12892;16;12894;27;;;12887.5;0.0
yf_ZW=F_d7;3000;ASH_COATED_OSMIUM;9925;11;9922;22;;;9931;30;9934;22;;;9928.0;0.0
yf_ZW=F_d7;3000;INTARIAN_PEPPER_ROOT;12884;14;12880;20;;;12894;9;12896;33;;;12889.0;0.0
yf_ZW=F_d7;3100;ASH_COATED_OSMIUM;9926;18;9923;19;;;9932;18;9935;11;;;9929.0;0.0
yf_ZW=F_d7;3100;INTARIAN_PEPPER_ROOT;12885;12;12883;25;;;12894;14;12897;16;;;12889.5;0.0
yf_ZW=F_d7;3200;ASH_COATED_OSMIUM;9925;9;9923;22;;;9931;23;9933;17;;;9928.0;0.0
yf_ZW=F_d7;3200;INTARIAN_PEPPER_ROOT;12888;19;12885;19;;;12894;23;12896;17;;;12891.0;0.0
yf_ZW=F_d7;3300;ASH_COATED_OSMIUM;9909;15;9907;17;;;9948;20;9952;21;;;9928.5;0.0
yf_ZW=F_d7;3300;INTARIAN_PEPPER_ROOT;12888;14;12886;13;;;12894;13;12898;25;;;12891.0;0.0
yf_ZW=F_d7;3400;ASH_COATED_OSMIUM;9924;9;9922;18;;;9932;13;9935;31;;;9928.0;0.0
yf_ZW=F_d7;3400;INTARIAN_PEPPER_ROOT;12889;9;12886;9;;;12895;21;12897;13;;;12892.0;0.0
yf_ZW=F_d7;3500;ASH_COATED_OSMIUM;9920;5;9916;22;;;9936;15;9939;13;;;9928.0;0.0
yf_ZW=F_d7;3500;INTARIAN_PEPPER_ROOT;12890;9;12887;13;;;12896;19;12898;24;;;12893.0;0.0
yf_ZW=F_d7;3600;ASH_COATED_OSMIUM;9922;17;9920;19;;;9935;17;9938;17;;;9928.5;0.0
yf_ZW=F_d7;3600;INTARIAN_PEPPER_ROOT;12890;11;12887;21;;;12896;21;12899;17;;;12893.0;0.0
yf_ZW=F_d7;3700;ASH_COATED_OSMIUM;9925;9;9923;22;;;9931;5;9935;23;;;9928.0;0.0
yf_ZW=F_d7;3700;INTARIAN_PEPPER_ROOT;12891;20;12889;28;;;12897;16;12899;31;;;12894.0;0.0
yf_ZW=F_d7;3800;ASH_COATED_OSMIUM;9924;23;9922;20;;;9933;13;9936;12;;;9928.5;0.0
yf_ZW=F_d7;3800;INTARIAN_PEPPER_ROOT;12890;20;12886;22;;;12900;18;12904;23;;;12895.0;0.0
yf_ZW=F_d7;3900;ASH_COATED_OSMIUM;9925;10;9921;8;;;9931;19;9933;24;;;9928.0;0.0
yf_ZW=F_d7;3900;INTARIAN_PEPPER_ROOT;12889;13;12886;25;;;12904;15;12907;11;;;12896.5;0.0
yf_ZW=F_d7;4000;ASH_COATED_OSMIUM;9925;7;9922;24;;;9931;8;9933;16;;;9928.0;0.0
yf_ZW=F_d7;4000;INTARIAN_PEPPER_ROOT;12893;18;12891;17;;;12901;16;12905;18;;;12897.0;0.0
yf_ZW=F_d7;4100;ASH_COATED_OSMIUM;9925;14;9921;16;;;9931;11;9934;18;;;9928.0;0.0
yf_ZW=F_d7;4100;INTARIAN_PEPPER_ROOT;12895;17;12891;27;;;12901;15;12903;16;;;12898.0;0.0
yf_ZW=F_d7;4200;ASH_COATED_OSMIUM;9925;7;9923;18;;;9932;12;9935;15;;;9928.5;0.0
yf_ZW=F_d7;4200;INTARIAN_PEPPER_ROOT;12896;27;12892;21;;;12902;8;12906;17;;;12899.0;0.0
yf_ZW=F_d7;4300;ASH_COATED_OSMIUM;9925;18;9921;20;;;9931;10;9933;26;;;9928.0;0.0
yf_ZW=F_d7;4300;INTARIAN_PEPPER_ROOT;12896;19;12893;19;;;12904;10;12908;19;;;12900.0;0.0
yf_ZW=F_d7;4400;ASH_COATED_OSMIUM;9925;13;9923;8;;;9931;16;9934;22;;;9928.0;0.0
yf_ZW=F_d7;4400;INTARIAN_PEPPER_ROOT;12885;19;12883;16;;;12915;12;12918;19;;;12900.0;0.0
yf_ZW=F_d7;4500;ASH_COATED_OSMIUM;9925;13;9921;28;;;9931;15;9933;13;;;9928.0;0.0
yf_ZW=F_d7;4500;INTARIAN_PEPPER_ROOT;12898;17;12896;17;;;12904;21;12907;23;;;12901.0;0.0
yf_ZW=F_d7;4600;ASH_COATED_OSMIUM;9923;10;9921;17;;;9935;18;9938;15;;;9929.0;0.0
yf_ZW=F_d7;4600;INTARIAN_PEPPER_ROOT;12899;19;12895;12;;;12905;24;12907;21;;;12902.0;0.0
yf_ZW=F_d7;4700;ASH_COATED_OSMIUM;9925;7;9923;23;;;9931;14;9935;16;;;9928.0;0.0
yf_ZW=F_d7;4700;INTARIAN_PEPPER_ROOT;12896;16;12894;22;;;12909;18;12913;13;;;12902.5;0.0
yf_ZW=F_d7;4800;ASH_COATED_OSMIUM;9917;10;9915;12;;;9938;19;9942;19;;;9927.5;0.0
yf_ZW=F_d7;4800;INTARIAN_PEPPER_ROOT;12900;16;12898;21;;;12906;19;12909;21;;;12903.0;0.0
yf_ZW=F_d7;4900;ASH_COATED_OSMIUM;9924;16;9921;22;;;9933;18;9935;19;;;9928.5;0.0
yf_ZW=F_d7;4900;INTARIAN_PEPPER_ROOT;12897;19;12895;22;;;12910;7;12914;10;;;12903.5;0.0
yf_ZW=F_d7;5000;ASH_COATED_OSMIUM;9920;19;9918;15;;;9936;13;9939;18;;;9928.0;0.0
yf_ZW=F_d7;5000;INTARIAN_PEPPER_ROOT;12902;13;12899;30;;;12908;9;12912;12;;;12905.0;0.0
yf_ZW=F_d7;5100;ASH_COATED_OSMIUM;9924;17;9922;13;;;9933;13;9935;23;;;9928.5;0.0
yf_ZW=F_d7;5100;INTARIAN_PEPPER_ROOT;12901;16;12897;23;;;12910;12;12913;21;;;12905.5;0.0
yf_ZW=F_d7;5200;ASH_COATED_OSMIUM;9926;21;9924;14;;;9932;15;9936;20;;;9929.0;0.0
yf_ZW=F_d7;5200;INTARIAN_PEPPER_ROOT;12901;20;12898;15;;;12911;14;12913;21;;;12906.0;0.0
yf_ZW=F_d7;5300;ASH_COATED_OSMIUM;9925;7;9922;24;;;9931;16;9934;14;;;9928.0;0.0
yf_ZW=F_d7;5300;INTARIAN_PEPPER_ROOT;12904;10;12901;19;;;12910;6;12914;19;;;12907.0;0.0
yf_ZW=F_d7;5400;ASH_COATED_OSMIUM;9904;25;9900;16;;;9953;12;9957;28;;;9928.5;0.0
yf_ZW=F_d7;5400;INTARIAN_PEPPER_ROOT;12901;17;12899;13;;;12914;12;12918;29;;;12907.5;0.0
yf_ZW=F_d7;5500;ASH_COATED_OSMIUM;9925;12;9923;27;;;9932;14;9935;14;;;9928.5;0.0
yf_ZW=F_d7;5500;INTARIAN_PEPPER_ROOT;12906;20;12903;21;;;12912;21;12916;21;;;12909.0;0.0
yf_ZW=F_d7;5600;ASH_COATED_OSMIUM;9925;19;9922;9;;;9931;11;9933;16;;;9928.0;0.0
yf_ZW=F_d7;5600;INTARIAN_PEPPER_ROOT;12907;16;12904;12;;;12913;18;12917;13;;;12910.0;0.0
yf_ZW=F_d7;5700;ASH_COATED_OSMIUM;9919;6;9915;20;;;9938;15;9941;19;;;9928.5;0.0
yf_ZW=F_d7;5700;INTARIAN_PEPPER_ROOT;12908;11;12904;28;;;12914;9;12916;18;;;12911.0;0.0
yf_ZW=F_d7;5800;ASH_COATED_OSMIUM;9926;10;9924;15;;;9932;23;9935;19;;;9929.0;0.0
yf_ZW=F_d7;5800;INTARIAN_PEPPER_ROOT;12908;23;12905;18;;;12914;11;12916;21;;;12911.0;0.0
yf_ZW=F_d7;5900;ASH_COATED_OSMIUM;9921;14;9917;20;;;9934;15;9936;18;;;9927.5;0.0
yf_ZW=F_d7;5900;INTARIAN_PEPPER_ROOT;12908;21;12904;14;;;12914;8;12917;25;;;12911.0;0.0
yf_ZW=F_d7;6000;ASH_COATED_OSMIUM;9925;12;9923;22;;;9931;13;9935;17;;;9928.0;0.0
yf_ZW=F_d7;6000;INTARIAN_PEPPER_ROOT;12907;17;12905;16;;;12918;8;12921;18;;;12912.5;0.0
yf_ZW=F_d7;6100;ASH_COATED_OSMIUM;9921;12;9919;21;;;9935;22;9939;11;;;9928.0;0.0
yf_ZW=F_d7;6100;INTARIAN_PEPPER_ROOT;12910;13;12907;19;;;12917;13;12920;18;;;12913.5;0.0
yf_ZW=F_d7;6200;ASH_COATED_OSMIUM;9925;21;9923;11;;;9931;10;9935;18;;;9928.0;0.0
yf_ZW=F_d7;6200;INTARIAN_PEPPER_ROOT;12912;17;12910;23;;;12918;13;12921;24;;;12915.0;0.0
yf_ZW=F_d7;6300;ASH_COATED_OSMIUM;9925;19;9921;21;;;9931;5;9935;22;;;9928.0;0.0
yf_ZW=F_d7;6300;INTARIAN_PEPPER_ROOT;12911;5;12908;22;;;12921;13;12925;20;;;12916.0;0.0
yf_ZW=F_d7;6400;ASH_COATED_OSMIUM;9925;16;9922;24;;;9931;17;9934;16;;;9928.0;0.0
yf_ZW=F_d7;6400;INTARIAN_PEPPER_ROOT;12913;14;12911;19;;;12919;19;12922;26;;;12916.0;0.0
yf_ZW=F_d7;6500;ASH_COATED_OSMIUM;9925;7;9922;9;;;9931;12;9935;17;;;9928.0;0.0
yf_ZW=F_d7;6500;INTARIAN_PEPPER_ROOT;12914;12;12910;23;;;12920;23;12922;23;;;12917.0;0.0
yf_ZW=F_d7;6600;ASH_COATED_OSMIUM;9925;19;9922;19;;;9931;12;9933;29;;;9928.0;0.0
yf_ZW=F_d7;6600;INTARIAN_PEPPER_ROOT;12914;21;12910;27;;;12920;14;12923;11;;;12917.0;0.0
yf_ZW=F_d7;6700;ASH_COATED_OSMIUM;9922;12;9918;11;;;9933;7;9935;16;;;9927.5;0.0
yf_ZW=F_d7;6700;INTARIAN_PEPPER_ROOT;12913;13;12909;29;;;12923;16;12925;10;;;12918.0;0.0
yf_ZW=F_d7;6800;ASH_COATED_OSMIUM;9925;22;9922;9;;;9931;12;9935;20;;;9928.0;0.0
yf_ZW=F_d7;6800;INTARIAN_PEPPER_ROOT;12916;17;12913;25;;;12922;18;12925;18;;;12919.0;0.0
yf_ZW=F_d7;6900;ASH_COATED_OSMIUM;9925;19;9921;15;;;9931;13;9933;18;;;9928.0;0.0
yf_ZW=F_d7;6900;INTARIAN_PEPPER_ROOT;12906;9;12904;19;;;12933;5;12936;23;;;12919.5;0.0
yf_ZW=F_d7;7000;ASH_COATED_OSMIUM;9925;5;9921;22;;;9931;21;9933;14;;;9928.0;0.0
yf_ZW=F_d7;7000;INTARIAN_PEPPER_ROOT;12918;14;12916;27;;;12924;11;12926;27;;;12921.0;0.0
yf_ZW=F_d7;7100;ASH_COATED_OSMIUM;9925;15;9923;23;;;9931;14;9934;17;;;9928.0;0.0
yf_ZW=F_d7;7100;INTARIAN_PEPPER_ROOT;12917;10;12914;26;;;12926;13;12930;21;;;12921.5;0.0
yf_ZW=F_d7;7200;ASH_COATED_OSMIUM;9925;12;9921;23;;;9931;18;9934;15;;;9928.0;0.0
yf_ZW=F_d7;7200;INTARIAN_PEPPER_ROOT;12919;14;12916;15;;;12927;21;12931;24;;;12923.0;0.0
yf_ZW=F_d7;7300;ASH_COATED_OSMIUM;9925;6;9922;22;;;9931;16;9935;15;;;9928.0;0.0
yf_ZW=F_d7;7300;INTARIAN_PEPPER_ROOT;12919;16;12917;14;;;12927;14;12930;22;;;12923.0;0.0
yf_ZW=F_d7;7400;ASH_COATED_OSMIUM;9922;22;9919;23;;;9933;13;9937;24;;;9927.5;0.0
yf_ZW=F_d7;7400;INTARIAN_PEPPER_ROOT;12916;12;12914;24;;;12931;16;12934;15;;;12923.5;0.0
yf_ZW=F_d7;7500;ASH_COATED_OSMIUM;9915;16;9912;20;;;9941;17;9945;20;;;9928.0;0.0
yf_ZW=F_d7;7500;INTARIAN_PEPPER_ROOT;12922;17;12918;22;;;12928;13;12932;22;;;12925.0;0.0
yf_ZW=F_d7;7600;ASH_COATED_OSMIUM;9923;24;9920;24;;;9934;5;9936;19;;;9928.5;0.0
yf_ZW=F_d7;7600;INTARIAN_PEPPER_ROOT;12922;15;12918;18;;;12928;16;12930;25;;;12925.0;0.0
yf_ZW=F_d7;7700;ASH_COATED_OSMIUM;9924;15;9920;18;;;9932;12;9935;11;;;9928.0;0.0
yf_ZW=F_d7;7700;INTARIAN_PEPPER_ROOT;12923;26;12919;22;;;12929;17;12931;22;;;12926.0;0.0
yf_ZW=F_d7;7800;ASH_COATED_OSMIUM;9923;10;9921;28;;;9933;16;9937;15;;;9928.0;0.0
yf_ZW=F_d7;7800;INTARIAN_PEPPER_ROOT;12918;17;12915;21;;;12935;10;12938;14;;;12926.5;0.0
yf_ZW=F_d7;7900;ASH_COATED_OSMIUM;9924;11;9920;22;;;9930;14;9934;9;;;9927.0;0.0
yf_ZW=F_d7;7900;INTARIAN_PEPPER_ROOT;12925;11;12922;21;;;12931;15;12934;19;;;12928.0;0.0
yf_ZW=F_d7;8000;ASH_COATED_OSMIUM;9922;7;9919;19;;;9935;23;9939;22;;;9928.5;0.0
yf_ZW=F_d7;8000;INTARIAN_PEPPER_ROOT;12926;17;12923;25;;;12932;9;12935;23;;;12929.0;0.0
yf_ZW=F_d7;8100;ASH_COATED_OSMIUM;9925;13;9923;14;;;9932;13;9936;28;;;9928.5;0.0
yf_ZW=F_d7;8100;INTARIAN_PEPPER_ROOT;12926;15;12924;20;;;12932;21;12934;17;;;12929.0;0.0
yf_ZW=F_d7;8200;ASH_COATED_OSMIUM;9921;18;9919;21;;;9936;14;9938;20;;;9928.5;0.0
yf_ZW=F_d7;8200;INTARIAN_PEPPER_ROOT;12927;19;12923;8;;;12933;14;12937;24;;;12930.0;0.0
yf_ZW=F_d7;8300;ASH_COATED_OSMIUM;9925;13;9922;12;;;9931;9;9935;25;;;9928.0;0.0
yf_ZW=F_d7;8300;INTARIAN_PEPPER_ROOT;12928;14;12924;17;;;12934;18;12936;15;;;12931.0;0.0
yf_ZW=F_d7;8400;ASH_COATED_OSMIUM;9925;14;9922;15;;;9931;14;9934;20;;;9928.0;0.0
yf_ZW=F_d7;8400;INTARIAN_PEPPER_ROOT;12929;10;12925;23;;;12935;19;12938;12;;;12932.0;0.0
yf_ZW=F_d7;8500;ASH_COATED_OSMIUM;9917;13;9915;26;;;9940;9;9943;16;;;9928.5;0.0
yf_ZW=F_d7;8500;INTARIAN_PEPPER_ROOT;12930;18;12926;32;;;12936;5;12938;16;;;12933.0;0.0
yf_ZW=F_d7;8600;ASH_COATED_OSMIUM;9926;23;9923;21;;;9932;21;9934;23;;;9929.0;0.0
yf_ZW=F_d7;8600;INTARIAN_PEPPER_ROOT;12929;9;12927;20;;;12937;13;12940;26;;;12933.0;0.0
yf_ZW=F_d7;8700;ASH_COATED_OSMIUM;9925;15;9921;18;;;9931;19;9933;26;;;9928.0;0.0
yf_ZW=F_d7;8700;INTARIAN_PEPPER_ROOT;12931;25;12928;12;;;12937;7;12941;12;;;12934.0;0.0
yf_ZW=F_d7;8800;ASH_COATED_OSMIUM;9923;11;9920;32;;;9932;5;9934;20;;;9927.5;0.0
yf_ZW=F_d7;8800;INTARIAN_PEPPER_ROOT;12930;14;12927;16;;;12941;5;12945;23;;;12935.5;0.0
yf_ZW=F_d7;8900;ASH_COATED_OSMIUM;9921;14;9918;13;;;9936;13;9940;25;;;9928.5;0.0
yf_ZW=F_d7;8900;INTARIAN_PEPPER_ROOT;12933;26;12929;18;;;12939;15;12942;22;;;12936.0;0.0
yf_ZW=F_d7;9000;ASH_COATED_OSMIUM;9922;13;9920;21;;;9934;5;9938;15;;;9928.0;0.0
yf_ZW=F_d7;9000;INTARIAN_PEPPER_ROOT;12934;22;12931;21;;;12940;17;12943;19;;;12937.0;0.0
yf_ZW=F_d7;9100;ASH_COATED_OSMIUM;9925;22;9922;11;;;9931;11;9935;21;;;9928.0;0.0
yf_ZW=F_d7;9100;INTARIAN_PEPPER_ROOT;12935;11;12932;28;;;12941;15;12945;24;;;12938.0;0.0
yf_ZW=F_d7;9200;ASH_COATED_OSMIUM;9923;7;9920;16;;;9932;8;9936;23;;;9927.5;0.0
yf_ZW=F_d7;9200;INTARIAN_PEPPER_ROOT;12935;17;12932;14;;;12941;18;12944;24;;;12938.0;0.0
yf_ZW=F_d7;9300;ASH_COATED_OSMIUM;9922;14;9920;26;;;9934;11;9937;17;;;9928.0;0.0
yf_ZW=F_d7;9300;INTARIAN_PEPPER_ROOT;12936;14;12933;19;;;12942;18;12945;26;;;12939.0;0.0
yf_ZW=F_d7;9400;ASH_COATED_OSMIUM;9924;10;9920;23;;;9932;13;9934;22;;;9928.0;0.0
yf_ZW=F_d7;9400;INTARIAN_PEPPER_ROOT;12937;5;12935;25;;;12943;12;12947;29;;;12940.0;0.0
yf_ZW=F_d7;9500;ASH_COATED_OSMIUM;9925;20;9923;27;;;9932;8;9935;26;;;9928.5;0.0
yf_ZW=F_d7;9500;INTARIAN_PEPPER_ROOT;12935;8;12933;19;;;12948;18;12950;20;;;12941.5;0.0
yf_ZW=F_d7;9600;ASH_COATED_OSMIUM;9925;15;9921;23;;;9931;20;9934;17;;;9928.0;0.0
yf_ZW=F_d7;9600;INTARIAN_PEPPER_ROOT;12935;15;12933;15;;;12949;16;12951;10;;;12942.0;0.0
yf_ZW=F_d7;9700;ASH_COATED_OSMIUM;9925;12;9923;21;;;9931;14;9934;19;;;9928.0;0.0
yf_ZW=F_d7;9700;INTARIAN_PEPPER_ROOT;12940;11;12937;24;;;12946;16;12949;28;;;12943.0;0.0
yf_ZW=F_d7;9800;ASH_COATED_OSMIUM;9925;20;9921;27;;;9931;11;9935;25;;;9928.0;0.0
yf_ZW=F_d7;9800;INTARIAN_PEPPER_ROOT;12940;23;12937;28;;;12946;16;12948;27;;;12943.0;0.0
yf_ZW=F_d7;9900;ASH_COATED_OSMIUM;9922;17;9918;27;;;9935;14;9939;21;;;9928.5;0.0
yf_ZW=F_d7;9900;INTARIAN_PEPPER_ROOT;12937;23;12933;9;;;12952;22;12954;25;;;12944.5;0.0
yf_ZW=F_d7;10000;ASH_COATED_OSMIUM;9922;8;9918;24;;;9934;12;9938;20;;;9928.0;0.0
yf_ZW=F_d7;10000;INTARIAN_PEPPER_ROOT;12941;14;12937;20;;;12947;10;12950;25;;;12944.0;0.0
yf_ZW=F_d7;10100;ASH_COATED_OSMIUM;9926;14;9923;23;;;9932;12;9934;15;;;9929.0;0.0
yf_ZW=F_d7;10100;INTARIAN_PEPPER_ROOT;12942;23;12940;19;;;12948;22;12952;15;;;12945.0;0.0
yf_ZW=F_d7;10200;ASH_COATED_OSMIUM;9926;13;9924;28;;;9932;13;9935;17;;;9929.0;0.0
yf_ZW=F_d7;10200;INTARIAN_PEPPER_ROOT;12943;17;12941;20;;;12949;15;12953;20;;;12946.0;0.0
yf_ZW=F_d7;10300;ASH_COATED_OSMIUM;9915;11;9911;19;;;9940;21;9942;17;;;9927.5;0.0
yf_ZW=F_d7;10300;INTARIAN_PEPPER_ROOT;12944;14;12940;19;;;12950;17;12953;18;;;12947.0;0.0
yf_ZW=F_d7;10400;ASH_COATED_OSMIUM;9924;13;9921;23;;;9933;24;9936;13;;;9928.5;0.0
yf_ZW=F_d7;10400;INTARIAN_PEPPER_ROOT;12945;9;12942;27;;;12951;7;12953;22;;;12948.0;0.0
yf_ZW=F_d7;10500;ASH_COATED_OSMIUM;9922;13;9919;26;;;9935;20;9939;17;;;9928.5;0.0
yf_ZW=F_d7;10500;INTARIAN_PEPPER_ROOT;12946;13;12942;19;;;12952;18;12955;17;;;12949.0;0.0
yf_ZW=F_d7;10600;ASH_COATED_OSMIUM;9925;10;9921;23;;;9931;5;9934;15;;;9928.0;0.0
yf_ZW=F_d7;10600;INTARIAN_PEPPER_ROOT;12947;12;12944;30;;;12953;13;12955;20;;;12950.0;0.0
yf_ZW=F_d7;10700;ASH_COATED_OSMIUM;9926;19;9923;19;;;9932;18;9934;22;;;9929.0;0.0
yf_ZW=F_d7;10700;INTARIAN_PEPPER_ROOT;12936;26;12932;26;;;12964;17;12968;12;;;12950.0;0.0
yf_ZW=F_d7;10800;ASH_COATED_OSMIUM;9925;6;9922;19;;;9931;12;9934;19;;;9928.0;0.0
yf_ZW=F_d7;10800;INTARIAN_PEPPER_ROOT;12945;9;12943;19;;;12956;11;12959;11;;;12950.5;0.0
yf_ZW=F_d7;10900;ASH_COATED_OSMIUM;9925;11;9923;23;;;9931;16;9934;24;;;9928.0;0.0
yf_ZW=F_d7;10900;INTARIAN_PEPPER_ROOT;12949;7;12947;22;;;12955;11;12958;15;;;12952.0;0.0
yf_ZW=F_d7;11000;ASH_COATED_OSMIUM;9917;18;9913;14;;;9939;12;9943;18;;;9928.0;0.0
yf_ZW=F_d7;11000;INTARIAN_PEPPER_ROOT;12950;20;12948;18;;;12956;18;12958;21;;;12953.0;0.0
yf_ZW=F_d7;11100;ASH_COATED_OSMIUM;9926;15;9923;14;;;9932;18;9934;21;;;9929.0;0.0
yf_ZW=F_d7;11100;INTARIAN_PEPPER_ROOT;12948;14;12944;19;;;12958;14;12962;19;;;12953.0;0.0
yf_ZW=F_d7;11200;ASH_COATED_OSMIUM;9920;23;9916;22;;;9938;22;9941;32;;;9929.0;0.0
yf_ZW=F_d7;11200;INTARIAN_PEPPER_ROOT;12951;9;12949;17;;;12957;12;12960;27;;;12954.0;0.0
yf_ZW=F_d7;11300;ASH_COATED_OSMIUM;9925;17;9921;27;;;9931;18;9934;20;;;9928.0;0.0
yf_ZW=F_d7;11300;INTARIAN_PEPPER_ROOT;12952;15;12949;29;;;12958;19;12960;18;;;12955.0;0.0
yf_ZW=F_d7;11400;ASH_COATED_OSMIUM;9922;11;9919;10;;;9936;27;9938;18;;;9929.0;0.0
yf_ZW=F_d7;11400;INTARIAN_PEPPER_ROOT;12944;5;12940;26;;;12967;13;12969;20;;;12955.5;0.0
yf_ZW=F_d7;11500;ASH_COATED_OSMIUM;9924;5;9920;19;;;9932;5;9935;17;;;9928.0;0.0
yf_ZW=F_d7;11500;INTARIAN_PEPPER_ROOT;12953;17;12951;21;;;12960;15;12962;12;;;12956.5;0.0
yf_ZW=F_d7;11600;ASH_COATED_OSMIUM;9925;20;9922;12;;;9931;8;9935;20;;;9928.0;0.0
yf_ZW=F_d7;11600;INTARIAN_PEPPER_ROOT;12953;27;12949;25;;;12962;14;12964;21;;;12957.5;0.0
yf_ZW=F_d7;11700;ASH_COATED_OSMIUM;9925;15;9921;15;;;9931;8;9934;22;;;9928.0;0.0
yf_ZW=F_d7;11700;INTARIAN_PEPPER_ROOT;12954;5;12951;21;;;12960;6;12963;31;;;12957.0;0.0
yf_ZW=F_d7;11800;ASH_COATED_OSMIUM;9924;12;9920;20;;;9933;18;9937;26;;;9928.5;0.0
yf_ZW=F_d7;11800;INTARIAN_PEPPER_ROOT;12956;19;12952;19;;;12962;16;12965;15;;;12959.0;0.0
yf_ZW=F_d7;11900;ASH_COATED_OSMIUM;9926;21;9922;21;;;9932;17;9936;16;;;9929.0;0.0
yf_ZW=F_d7;11900;INTARIAN_PEPPER_ROOT;12957;17;12954;24;;;12963;14;12965;26;;;12960.0;0.0
yf_ZW=F_d7;12000;ASH_COATED_OSMIUM;9925;14;9923;25;;;9931;19;9934;20;;;9928.0;0.0
yf_ZW=F_d7;12000;INTARIAN_PEPPER_ROOT;12956;14;12953;18;;;12966;18;12969;26;;;12961.0;0.0
yf_ZW=F_d7;12100;ASH_COATED_OSMIUM;9925;8;9921;22;;;9931;13;9933;13;;;9928.0;0.0
yf_ZW=F_d7;12100;INTARIAN_PEPPER_ROOT;12958;16;12955;22;;;12964;16;12966;19;;;12961.0;0.0
yf_ZW=F_d7;12200;ASH_COATED_OSMIUM;9924;19;9921;13;;;9933;18;9937;23;;;9928.5;0.0
yf_ZW=F_d7;12200;INTARIAN_PEPPER_ROOT;12959;21;12956;25;;;12965;10;12969;25;;;12962.0;0.0
yf_ZW=F_d7;12300;ASH_COATED_OSMIUM;9925;10;9922;18;;;9931;8;9934;22;;;9928.0;0.0
yf_ZW=F_d7;12300;INTARIAN_PEPPER_ROOT;12939;20;12935;10;;;12988;14;12992;23;;;12963.5;0.0
yf_ZW=F_d7;12400;ASH_COATED_OSMIUM;9925;15;9923;17;;;9931;11;9933;18;;;9928.0;0.0
yf_ZW=F_d7;12400;INTARIAN_PEPPER_ROOT;12961;18;12958;9;;;12967;17;12970;23;;;12964.0;0.0
yf_ZW=F_d7;12500;ASH_COATED_OSMIUM;9926;10;9923;24;;;9932;15;9936;11;;;9929.0;0.0
yf_ZW=F_d7;12500;INTARIAN_PEPPER_ROOT;12957;15;12954;16;;;12972;22;12975;30;;;12964.5;0.0
yf_ZW=F_d7;12600;ASH_COATED_OSMIUM;9925;23;9921;17;;;9931;13;9935;21;;;9928.0;0.0
yf_ZW=F_d7;12600;INTARIAN_PEPPER_ROOT;12957;15;12954;18;;;12973;20;12977;15;;;12965.0;0.0
yf_ZW=F_d7;12700;ASH_COATED_OSMIUM;9925;17;9922;23;;;9931;17;9934;30;;;9928.0;0.0
yf_ZW=F_d7;12700;INTARIAN_PEPPER_ROOT;12963;15;12961;21;;;12969;6;12971;24;;;12966.0;0.0
yf_ZW=F_d7;12800;ASH_COATED_OSMIUM;9915;19;9911;21;;;9941;14;9945;19;;;9928.0;0.0
yf_ZW=F_d7;12800;INTARIAN_PEPPER_ROOT;12961;9;12958;14;;;12973;14;12975;22;;;12967.0;0.0
yf_ZW=F_d7;12900;ASH_COATED_OSMIUM;9925;8;9921;11;;;9931;16;9934;25;;;9928.0;0.0
yf_ZW=F_d7;12900;INTARIAN_PEPPER_ROOT;12964;5;12961;16;;;12971;22;12975;16;;;12967.5;0.0
yf_ZW=F_d7;13000;ASH_COATED_OSMIUM;9923;20;9921;21;;;9933;6;9936;15;;;9928.0;0.0
yf_ZW=F_d7;13000;INTARIAN_PEPPER_ROOT;12966;14;12962;22;;;12972;10;12976;18;;;12969.0;0.0
yf_ZW=F_d7;13100;ASH_COATED_OSMIUM;9925;14;9922;28;;;9931;19;9934;25;;;9928.0;0.0
yf_ZW=F_d7;13100;INTARIAN_PEPPER_ROOT;12965;6;12961;22;;;12972;11;12974;16;;;12968.5;0.0
yf_ZW=F_d7;13200;ASH_COATED_OSMIUM;9918;14;9914;19;;;9940;20;9944;19;;;9929.0;0.0
yf_ZW=F_d7;13200;INTARIAN_PEPPER_ROOT;12967;15;12965;19;;;12973;7;12975;18;;;12970.0;0.0
yf_ZW=F_d7;13300;ASH_COATED_OSMIUM;9925;10;9923;16;;;9931;12;9934;21;;;9928.0;0.0
yf_ZW=F_d7;13300;INTARIAN_PEPPER_ROOT;12966;17;12964;22;;;12976;5;12979;22;;;12971.0;0.0
yf_ZW=F_d7;13400;ASH_COATED_OSMIUM;9924;15;9920;12;;;9932;14;9935;19;;;9928.0;0.0
yf_ZW=F_d7;13400;INTARIAN_PEPPER_ROOT;12969;8;12966;16;;;12975;9;12979;17;;;12972.0;0.0
yf_ZW=F_d7;13500;ASH_COATED_OSMIUM;9926;6;9923;32;;;9932;12;9936;25;;;9929.0;0.0
yf_ZW=F_d7;13500;INTARIAN_PEPPER_ROOT;12969;15;12967;16;;;12975;7;12978;22;;;12972.0;0.0
yf_ZW=F_d7;13600;ASH_COATED_OSMIUM;9926;15;9924;32;;;9932;14;9935;14;;;9929.0;0.0
yf_ZW=F_d7;13600;INTARIAN_PEPPER_ROOT;12970;18;12967;20;;;12976;16;12979;26;;;12973.0;0.0
yf_ZW=F_d7;13700;ASH_COATED_OSMIUM;9925;14;9923;22;;;9932;13;9936;21;;;9928.5;0.0
yf_ZW=F_d7;13700;INTARIAN_PEPPER_ROOT;12971;15;12969;23;;;12977;15;12980;8;;;12974.0;0.0
yf_ZW=F_d7;13800;ASH_COATED_OSMIUM;9909;16;9905;21;;;9946;16;9950;13;;;9927.5;0.0
yf_ZW=F_d7;13800;INTARIAN_PEPPER_ROOT;12972;16;12970;14;;;12978;20;12982;12;;;12975.0;0.0
yf_ZW=F_d7;13900;ASH_COATED_OSMIUM;9926;8;9923;15;;;9932;13;9934;19;;;9929.0;0.0
yf_ZW=F_d7;13900;INTARIAN_PEPPER_ROOT;12972;12;12969;16;;;12980;15;12982;20;;;12976.0;0.0
yf_ZW=F_d7;14000;ASH_COATED_OSMIUM;9925;17;9923;15;;;9931;16;9935;24;;;9928.0;0.0
yf_ZW=F_d7;14000;INTARIAN_PEPPER_ROOT;12970;13;12966;21;;;12982;14;12984;22;;;12976.0;0.0
yf_ZW=F_d7;14100;ASH_COATED_OSMIUM;9921;16;9919;19;;;9936;21;9939;19;;;9928.5;0.0
yf_ZW=F_d7;14100;INTARIAN_PEPPER_ROOT;12974;17;12972;20;;;12980;13;12982;19;;;12977.0;0.0
yf_ZW=F_d7;14200;ASH_COATED_OSMIUM;9923;13;9920;20;;;9935;6;9939;18;;;9929.0;0.0
yf_ZW=F_d7;14200;INTARIAN_PEPPER_ROOT;12975;13;12973;25;;;12981;8;12983;20;;;12978.0;0.0
yf_ZW=F_d7;14300;ASH_COATED_OSMIUM;9925;17;9921;18;;;9931;12;9933;26;;;9928.0;0.0
yf_ZW=F_d7;14300;INTARIAN_PEPPER_ROOT;12975;22;12972;20;;;12981;19;12985;17;;;12978.0;0.0
yf_ZW=F_d7;14400;ASH_COATED_OSMIUM;9925;15;9923;13;;;9931;14;9935;19;;;9928.0;0.0
yf_ZW=F_d7;14400;INTARIAN_PEPPER_ROOT;12972;15;12969;21;;;12987;16;12989;22;;;12979.5;0.0
yf_ZW=F_d7;14500;ASH_COATED_OSMIUM;9925;28;9921;19;;;9931;15;9934;21;;;9928.0;0.0
yf_ZW=F_d7;14500;INTARIAN_PEPPER_ROOT;12977;21;12974;23;;;12985;15;12988;25;;;12981.0;0.0
yf_ZW=F_d7;14600;ASH_COATED_OSMIUM;9926;11;9923;11;;;9932;12;9936;16;;;9929.0;0.0
yf_ZW=F_d7;14600;INTARIAN_PEPPER_ROOT;12978;12;12976;18;;;12984;14;12988;23;;;12981.0;0.0
yf_ZW=F_d7;14700;ASH_COATED_OSMIUM;9925;12;9923;22;;;9931;14;9934;22;;;9928.0;0.0
yf_ZW=F_d7;14700;INTARIAN_PEPPER_ROOT;12978;11;12976;8;;;12985;17;12988;16;;;12981.5;0.0
yf_ZW=F_d7;14800;ASH_COATED_OSMIUM;9924;5;9920;17;;;9934;14;9937;20;;;9929.0;0.0
yf_ZW=F_d7;14800;INTARIAN_PEPPER_ROOT;12979;12;12976;18;;;12987;16;12989;19;;;12983.0;0.0
yf_ZW=F_d7;14900;ASH_COATED_OSMIUM;9926;12;9924;15;;;9932;5;9934;23;;;9929.0;0.0
yf_ZW=F_d7;14900;INTARIAN_PEPPER_ROOT;12980;11;12977;21;;;12986;18;12989;29;;;12983.0;0.0
yf_ZW=F_d7;15000;ASH_COATED_OSMIUM;9926;13;9923;18;;;9932;12;9936;10;;;9929.0;0.0
yf_ZW=F_d7;15000;INTARIAN_PEPPER_ROOT;12982;21;12980;23;;;12988;15;12991;16;;;12985.0;0.0
yf_ZW=F_d7;15100;ASH_COATED_OSMIUM;9925;7;9921;21;;;9931;10;9934;24;;;9928.0;0.0
yf_ZW=F_d7;15100;INTARIAN_PEPPER_ROOT;12982;21;12978;13;;;12988;19;12990;30;;;12985.0;0.0
yf_ZW=F_d7;15200;ASH_COATED_OSMIUM;9925;10;9921;16;;;9931;19;9935;24;;;9928.0;0.0
yf_ZW=F_d7;15200;INTARIAN_PEPPER_ROOT;12981;20;12978;22;;;12990;17;12992;22;;;12985.5;0.0
yf_ZW=F_d7;15300;ASH_COATED_OSMIUM;9920;18;9918;9;;;9938;8;9941;23;;;9929.0;0.0
yf_ZW=F_d7;15300;INTARIAN_PEPPER_ROOT;12984;12;12982;20;;;12990;13;12992;21;;;12987.0;0.0
yf_ZW=F_d7;15400;ASH_COATED_OSMIUM;9921;11;9918;21;;;9935;8;9939;23;;;9928.0;0.0
yf_ZW=F_d7;15400;INTARIAN_PEPPER_ROOT;12982;15;12978;22;;;12994;21;12996;21;;;12988.0;0.0
yf_ZW=F_d7;15500;ASH_COATED_OSMIUM;9925;15;9922;8;;;9931;16;9933;20;;;9928.0;0.0
yf_ZW=F_d7;15500;INTARIAN_PEPPER_ROOT;12985;13;12981;23;;;12991;10;12995;19;;;12988.0;0.0
yf_ZW=F_d7;15600;ASH_COATED_OSMIUM;9926;5;9923;25;;;9932;5;9934;22;;;9929.0;0.0
yf_ZW=F_d7;15600;INTARIAN_PEPPER_ROOT;12986;15;12984;14;;;12992;13;12995;25;;;12989.0;0.0
yf_ZW=F_d7;15700;ASH_COATED_OSMIUM;9925;15;9922;27;;;9931;16;9935;25;;;9928.0;0.0
yf_ZW=F_d7;15700;INTARIAN_PEPPER_ROOT;12984;14;12980;16;;;12996;10;12998;16;;;12990.0;0.0
yf_ZW=F_d7;15800;ASH_COATED_OSMIUM;9926;16;9924;11;;;9932;6;9935;15;;;9929.0;0.0
yf_ZW=F_d7;15800;INTARIAN_PEPPER_ROOT;12988;6;12985;16;;;12994;13;12996;21;;;12991.0;0.0
yf_ZW=F_d7;15900;ASH_COATED_OSMIUM;9921;11;9918;24;;;9936;16;9938;16;;;9928.5;0.0
yf_ZW=F_d7;15900;INTARIAN_PEPPER_ROOT;12988;17;12984;20;;;12994;11;12997;24;;;12991.0;0.0
yf_ZW=F_d7;16000;ASH_COATED_OSMIUM;9926;21;9924;19;;;9932;19;9934;18;;;9929.0;0.0
yf_ZW=F_d7;16000;INTARIAN_PEPPER_ROOT;12989;7;12985;22;;;12996;9;12999;27;;;12992.5;0.0
yf_ZW=F_d7;16100;ASH_COATED_OSMIUM;9926;14;9924;29;;;9932;24;9935;22;;;9929.0;0.0
yf_ZW=F_d7;16100;INTARIAN_PEPPER_ROOT;12988;17;12985;23;;;12999;13;13003;35;;;12993.5;0.0
yf_ZW=F_d7;16200;ASH_COATED_OSMIUM;9925;23;9923;23;;;9932;28;9936;19;;;9928.5;0.0
yf_ZW=F_d7;16200;INTARIAN_PEPPER_ROOT;12991;11;12988;15;;;12997;12;12999;24;;;12994.0;0.0
yf_ZW=F_d7;16300;ASH_COATED_OSMIUM;9926;13;9923;20;;;9932;19;9934;10;;;9929.0;0.0
yf_ZW=F_d7;16300;INTARIAN_PEPPER_ROOT;12992;12;12988;16;;;12998;10;13002;25;;;12995.0;0.0
yf_ZW=F_d7;16400;ASH_COATED_OSMIUM;9926;23;9924;14;;;9932;21;9936;33;;;9929.0;0.0
yf_ZW=F_d7;16400;INTARIAN_PEPPER_ROOT;12993;22;12991;23;;;12999;11;13001;18;;;12996.0;0.0
yf_ZW=F_d7;16500;ASH_COATED_OSMIUM;9925;18;9923;21;;;9932;6;9934;25;;;9928.5;0.0
yf_ZW=F_d7;16500;INTARIAN_PEPPER_ROOT;12990;9;12987;19;;;13003;19;13005;11;;;12996.5;0.0
yf_ZW=F_d7;16600;ASH_COATED_OSMIUM;9922;17;9919;19;;;9935;16;9937;28;;;9928.5;0.0
yf_ZW=F_d7;16600;INTARIAN_PEPPER_ROOT;12994;17;12990;21;;;13000;9;13002;25;;;12997.0;0.0
yf_ZW=F_d7;16700;ASH_COATED_OSMIUM;9926;12;9923;22;;;9932;13;9936;21;;;9929.0;0.0
yf_ZW=F_d7;16700;INTARIAN_PEPPER_ROOT;12995;10;12993;19;;;13001;16;13005;25;;;12998.0;0.0
yf_ZW=F_d7;16800;ASH_COATED_OSMIUM;9925;14;9922;12;;;9932;11;9934;28;;;9928.5;0.0
yf_ZW=F_d7;16800;INTARIAN_PEPPER_ROOT;12985;15;12981;21;;;13013;23;13017;21;;;12999.0;0.0
yf_ZW=F_d7;16900;ASH_COATED_OSMIUM;9926;13;9923;17;;;9932;15;9934;18;;;9929.0;0.0
yf_ZW=F_d7;16900;INTARIAN_PEPPER_ROOT;12995;17;12992;17;;;13005;16;13009;13;;;13000.0;0.0
yf_ZW=F_d7;17000;ASH_COATED_OSMIUM;9925;17;9923;27;;;9931;11;9934;13;;;9928.0;0.0
yf_ZW=F_d7;17000;INTARIAN_PEPPER_ROOT;12996;24;12992;18;;;13002;8;13006;17;;;12999.0;0.0
yf_ZW=F_d7;17100;ASH_COATED_OSMIUM;9925;6;9922;13;;;9931;17;9935;25;;;9928.0;0.0
yf_ZW=F_d7;17100;INTARIAN_PEPPER_ROOT;12994;24;12991;20;;;13000;20;13003;29;;;12997.0;0.0
yf_ZW=F_d7;17200;ASH_COATED_OSMIUM;9925;14;9922;20;;;9931;11;9934;27;;;9928.0;0.0
yf_ZW=F_d7;17200;INTARIAN_PEPPER_ROOT;12990;13;12987;23;;;12997;13;13000;20;;;12993.5;0.0
yf_ZW=F_d7;17300;ASH_COATED_OSMIUM;9925;12;9922;16;;;9931;17;9935;14;;;9928.0;0.0
yf_ZW=F_d7;17300;INTARIAN_PEPPER_ROOT;12989;17;12986;26;;;12995;11;12998;18;;;12992.0;0.0
yf_ZW=F_d7;17400;ASH_COATED_OSMIUM;9926;24;9922;18;;;9932;10;9936;17;;;9929.0;0.0
yf_ZW=F_d7;17400;INTARIAN_PEPPER_ROOT;12987;15;12985;14;;;12993;8;12995;25;;;12990.0;0.0
yf_ZW=F_d7;17500;ASH_COATED_OSMIUM;9920;18;9918;18;;;9936;16;9938;23;;;9928.0;0.0
yf_ZW=F_d7;17500;INTARIAN_PEPPER_ROOT;12980;17;12977;16;;;12996;22;13000;22;;;12988.0;0.0
yf_ZW=F_d7;17600;ASH_COATED_OSMIUM;9919;7;9916;22;;;9938;25;9941;26;;;9928.5;0.0
yf_ZW=F_d7;17600;INTARIAN_PEPPER_ROOT;12983;17;12979;26;;;12989;12;12993;19;;;12986.0;0.0
yf_ZW=F_d7;17700;ASH_COATED_OSMIUM;9925;5;9921;23;;;9931;14;9934;23;;;9928.0;0.0
yf_ZW=F_d7;17700;INTARIAN_PEPPER_ROOT;12981;5;12979;26;;;12987;15;12990;22;;;12984.0;0.0
yf_ZW=F_d7;17800;ASH_COATED_OSMIUM;9926;19;9923;21;;;9932;19;9934;15;;;9929.0;0.0
yf_ZW=F_d7;17800;INTARIAN_PEPPER_ROOT;12977;7;12973;26;;;12986;21;12988;22;;;12981.5;0.0
yf_ZW=F_d7;17900;ASH_COATED_OSMIUM;9926;16;9923;26;;;9932;16;9934;16;;;9929.0;0.0
yf_ZW=F_d7;17900;INTARIAN_PEPPER_ROOT;12976;17;12972;29;;;12982;11;12986;20;;;12979.0;0.0
yf_ZW=F_d7;18000;ASH_COATED_OSMIUM;9925;22;9922;19;;;9931;18;9934;15;;;9928.0;0.0
yf_ZW=F_d7;18000;INTARIAN_PEPPER_ROOT;12974;18;12970;9;;;12981;12;12984;26;;;12977.5;0.0
yf_ZW=F_d7;18100;ASH_COATED_OSMIUM;9920;23;9917;13;;;9938;12;9940;16;;;9929.0;0.0
yf_ZW=F_d7;18100;INTARIAN_PEPPER_ROOT;12966;22;12963;10;;;12985;5;12987;18;;;12975.5;0.0
yf_ZW=F_d7;18200;ASH_COATED_OSMIUM;9924;9;9920;12;;;9933;12;9935;15;;;9928.5;0.0
yf_ZW=F_d7;18200;INTARIAN_PEPPER_ROOT;12968;19;12964;9;;;12978;12;12982;22;;;12973.0;0.0
yf_ZW=F_d7;18300;ASH_COATED_OSMIUM;9925;5;9923;22;;;9932;22;9935;8;;;9928.5;0.0
yf_ZW=F_d7;18300;INTARIAN_PEPPER_ROOT;12968;16;12965;15;;;12974;19;12978;20;;;12971.0;0.0
yf_ZW=F_d7;18400;ASH_COATED_OSMIUM;9923;11;9919;18;;;9934;16;9938;22;;;9928.5;0.0
yf_ZW=F_d7;18400;INTARIAN_PEPPER_ROOT;12963;19;12959;23;;;12976;9;12979;24;;;12969.5;0.0
yf_ZW=F_d7;18500;ASH_COATED_OSMIUM;9923;23;9921;24;;;9934;24;9938;17;;;9928.5;0.0
yf_ZW=F_d7;18500;INTARIAN_PEPPER_ROOT;12964;14;12960;19;;;12970;14;12973;19;;;12967.0;0.0
yf_ZW=F_d7;18600;ASH_COATED_OSMIUM;9925;17;9923;23;;;9932;20;9934;29;;;9928.5;0.0
yf_ZW=F_d7;18600;INTARIAN_PEPPER_ROOT;12962;9;12960;21;;;12968;7;12970;17;;;12965.0;0.0
yf_ZW=F_d7;18700;ASH_COATED_OSMIUM;9924;14;9921;19;;;9932;14;9935;20;;;9928.0;0.0
yf_ZW=F_d7;18700;INTARIAN_PEPPER_ROOT;12959;10;12957;15;;;12965;21;12967;26;;;12962.0;0.0
yf_ZW=F_d7;18800;ASH_COATED_OSMIUM;9926;17;9922;18;;;9932;11;9936;21;;;9929.0;0.0
yf_ZW=F_d7;18800;INTARIAN_PEPPER_ROOT;12958;15;12956;23;;;12964;17;12967;29;;;12961.0;0.0
yf_ZW=F_d7;18900;ASH_COATED_OSMIUM;9925;5;9921;26;;;9931;13;9935;19;;;9928.0;0.0
yf_ZW=F_d7;18900;INTARIAN_PEPPER_ROOT;12956;18;12954;9;;;12962;15;12965;19;;;12959.0;0.0
yf_ZW=F_d7;19000;ASH_COATED_OSMIUM;9914;17;9910;17;;;9943;8;9946;13;;;9928.5;0.0
yf_ZW=F_d7;19000;INTARIAN_PEPPER_ROOT;12953;20;12949;16;;;12959;14;12962;14;;;12956.0;0.0
yf_ZW=F_d7;19100;ASH_COATED_OSMIUM;9919;18;9915;24;;;9937;13;9940;13;;;9928.0;0.0
yf_ZW=F_d7;19100;INTARIAN_PEPPER_ROOT;12951;5;12948;14;;;12957;14;12960;21;;;12954.0;0.0
yf_ZW=F_d7;19200;ASH_COATED_OSMIUM;9925;14;9921;16;;;9931;16;9935;10;;;9928.0;0.0
yf_ZW=F_d7;19200;INTARIAN_PEPPER_ROOT;12949;17;12947;22;;;12955;12;12957;28;;;12952.0;0.0
yf_ZW=F_d7;19300;ASH_COATED_OSMIUM;9925;20;9921;15;;;9931;19;9934;21;;;9928.0;0.0
yf_ZW=F_d7;19300;INTARIAN_PEPPER_ROOT;12937;15;12935;17;;;12962;13;12964;8;;;12949.5;0.0
yf_ZW=F_d7;19400;ASH_COATED_OSMIUM;9920;14;9916;20;;;9937;9;9939;17;;;9928.5;0.0
yf_ZW=F_d7;19400;INTARIAN_PEPPER_ROOT;12942;17;12938;22;;;12953;23;12955;30;;;12947.5;0.0
yf_ZW=F_d7;19500;ASH_COATED_OSMIUM;9923;17;9921;24;;;9935;23;9938;12;;;9929.0;0.0
yf_ZW=F_d7;19500;INTARIAN_PEPPER_ROOT;12940;13;12936;33;;;12950;9;12952;18;;;12945.0;0.0
yf_ZW=F_d7;19600;ASH_COATED_OSMIUM;9922;17;9920;21;;;9934;19;9937;22;;;9928.0;0.0
yf_ZW=F_d7;19600;INTARIAN_PEPPER_ROOT;12940;7;12938;18;;;12946;29;12948;16;;;12943.0;0.0
yf_ZW=F_d7;19700;ASH_COATED_OSMIUM;9926;19;9924;13;;;9932;8;9934;23;;;9929.0;0.0
yf_ZW=F_d7;19700;INTARIAN_PEPPER_ROOT;12938;12;12936;23;;;12944;24;12948;18;;;12941.0;0.0
yf_ZW=F_d7;19800;ASH_COATED_OSMIUM;9926;23;9922;23;;;9932;12;9935;18;;;9929.0;0.0
yf_ZW=F_d7;19800;INTARIAN_PEPPER_ROOT;12936;13;12934;15;;;12942;10;12944;23;;;12939.0;0.0
yf_ZW=F_d7;19900;ASH_COATED_OSMIUM;9923;12;9920;17;;;9933;17;9935;22;;;9928.0;0.0
yf_ZW=F_d7;19900;INTARIAN_PEPPER_ROOT;12935;27;12932;16;;;12941;25;12943;14;;;12938.0;0.0
yf_ZW=F_d7;20000;ASH_COATED_OSMIUM;9926;18;9922;20;;;9932;11;9936;26;;;9929.0;0.0
yf_ZW=F_d7;20000;INTARIAN_PEPPER_ROOT;12932;12;12929;8;;;12938;18;12941;21;;;12935.0;0.0
yf_ZW=F_d7;20100;ASH_COATED_OSMIUM;9926;18;9922;16;;;9932;13;9934;21;;;9929.0;0.0
yf_ZW=F_d7;20100;INTARIAN_PEPPER_ROOT;12930;18;12927;17;;;12936;14;12940;26;;;12933.0;0.0
yf_ZW=F_d7;20200;ASH_COATED_OSMIUM;9925;9;9922;22;;;9931;17;9933;25;;;9928.0;0.0
yf_ZW=F_d7;20200;INTARIAN_PEPPER_ROOT;12927;15;12923;12;;;12933;15;12935;29;;;12930.0;0.0
yf_ZW=F_d7;20300;ASH_COATED_OSMIUM;9920;10;9917;22;;;9938;10;9941;19;;;9929.0;0.0
yf_ZW=F_d7;20300;INTARIAN_PEPPER_ROOT;12925;9;12922;22;;;12931;13;12933;18;;;12928.0;0.0
yf_ZW=F_d7;20400;ASH_COATED_OSMIUM;9926;11;9923;8;;;9932;5;9934;16;;;9929.0;0.0
yf_ZW=F_d7;20400;INTARIAN_PEPPER_ROOT;12905;17;12902;22;;;12947;10;12951;14;;;12926.0;0.0
yf_ZW=F_d7;20500;ASH_COATED_OSMIUM;9923;16;9920;15;;;9934;19;9936;15;;;9928.5;0.0
yf_ZW=F_d7;20500;INTARIAN_PEPPER_ROOT;12918;17;12914;16;;;12929;20;12931;21;;;12923.5;0.0
yf_ZW=F_d7;20600;ASH_COATED_OSMIUM;9921;11;9919;8;;;9937;10;9939;23;;;9929.0;0.0
yf_ZW=F_d7;20600;INTARIAN_PEPPER_ROOT;12915;13;12912;19;;;12928;5;12932;16;;;12921.5;0.0
yf_ZW=F_d7;20700;ASH_COATED_OSMIUM;9926;17;9924;21;;;9932;18;9934;22;;;9929.0;0.0
yf_ZW=F_d7;20700;INTARIAN_PEPPER_ROOT;12917;14;12913;18;;;12923;14;12927;21;;;12920.0;0.0
yf_ZW=F_d7;20800;ASH_COATED_OSMIUM;9921;18;9918;10;;;9936;12;9940;11;;;9928.5;0.0
yf_ZW=F_d7;20800;INTARIAN_PEPPER_ROOT;12915;22;12913;21;;;12921;17;12925;25;;;12918.0;0.0
yf_ZW=F_d7;20900;ASH_COATED_OSMIUM;9921;12;9919;22;;;9935;6;9938;21;;;9928.0;0.0
yf_ZW=F_d7;20900;INTARIAN_PEPPER_ROOT;12912;12;12909;17;;;12918;14;12921;14;;;12915.0;0.0
yf_ZW=F_d7;21000;ASH_COATED_OSMIUM;9925;5;9923;24;;;9933;17;9936;19;;;9929.0;0.0
yf_ZW=F_d7;21000;INTARIAN_PEPPER_ROOT;12888;17;12884;16;;;12939;5;12943;17;;;12913.5;0.0
yf_ZW=F_d7;21100;ASH_COATED_OSMIUM;9925;18;9923;18;;;9931;12;9933;18;;;9928.0;0.0
yf_ZW=F_d7;21100;INTARIAN_PEPPER_ROOT;12908;17;12904;14;;;12914;15;12918;30;;;12911.0;0.0
yf_ZW=F_d7;21200;ASH_COATED_OSMIUM;9924;14;9920;25;;;9934;14;9936;21;;;9929.0;0.0
yf_ZW=F_d7;21200;INTARIAN_PEPPER_ROOT;12905;17;12903;11;;;12912;14;12914;15;;;12908.5;0.0
yf_ZW=F_d7;21300;ASH_COATED_OSMIUM;9926;14;9922;22;;;9932;11;9935;20;;;9929.0;0.0
yf_ZW=F_d7;21300;INTARIAN_PEPPER_ROOT;12904;21;12900;20;;;12911;11;12914;19;;;12907.5;0.0
yf_ZW=F_d7;21400;ASH_COATED_OSMIUM;9923;14;9921;26;;;9935;26;9938;26;;;9929.0;0.0
yf_ZW=F_d7;21400;INTARIAN_PEPPER_ROOT;12899;12;12895;25;;;12911;19;12914;21;;;12905.0;0.0
yf_ZW=F_d7;21500;ASH_COATED_OSMIUM;9926;19;9924;20;;;9932;17;9935;17;;;9929.0;0.0
yf_ZW=F_d7;21500;INTARIAN_PEPPER_ROOT;12900;10;12896;22;;;12906;24;12910;13;;;12903.0;0.0
yf_ZW=F_d7;21600;ASH_COATED_OSMIUM;9922;14;9919;16;;;9934;10;9937;19;;;9928.0;0.0
yf_ZW=F_d7;21600;INTARIAN_PEPPER_ROOT;12888;12;12884;14;;;12914;13;12918;16;;;12901.0;0.0
yf_ZW=F_d7;21700;ASH_COATED_OSMIUM;9926;19;9924;21;;;9933;7;9937;18;;;9929.5;0.0
yf_ZW=F_d7;21700;INTARIAN_PEPPER_ROOT;12888;14;12885;15;;;12910;5;12914;16;;;12899.0;0.0
yf_ZW=F_d7;21800;ASH_COATED_OSMIUM;9925;8;9923;16;;;9931;21;9935;24;;;9928.0;0.0
yf_ZW=F_d7;21800;INTARIAN_PEPPER_ROOT;12894;16;12892;21;;;12900;21;12903;22;;;12897.0;0.0
yf_ZW=F_d7;21900;ASH_COATED_OSMIUM;9926;9;9923;20;;;9932;24;9934;15;;;9929.0;0.0
yf_ZW=F_d7;21900;INTARIAN_PEPPER_ROOT;12888;23;12886;23;;;12900;14;12902;15;;;12894.0;0.0
yf_ZW=F_d7;22000;ASH_COATED_OSMIUM;9925;21;9922;26;;;9931;14;9935;24;;;9928.0;0.0
yf_ZW=F_d7;22000;INTARIAN_PEPPER_ROOT;12885;20;12882;24;;;12899;11;12902;19;;;12892.0;0.0
yf_ZW=F_d7;22100;ASH_COATED_OSMIUM;9926;5;9923;25;;;9932;19;9934;14;;;9929.0;0.0
yf_ZW=F_d7;22100;INTARIAN_PEPPER_ROOT;12887;13;12885;10;;;12893;14;12896;17;;;12890.0;0.0
yf_ZW=F_d7;22200;ASH_COATED_OSMIUM;9926;13;9922;23;;;9932;19;9936;20;;;9929.0;0.0
yf_ZW=F_d7;22200;INTARIAN_PEPPER_ROOT;12885;16;12883;21;;;12891;16;12895;21;;;12888.0;0.0
yf_ZW=F_d7;22300;ASH_COATED_OSMIUM;9923;10;9920;21;;;9935;14;9938;22;;;9929.0;0.0
yf_ZW=F_d7;22300;INTARIAN_PEPPER_ROOT;12882;18;12879;14;;;12888;13;12890;14;;;12885.0;0.0
yf_ZW=F_d7;22400;ASH_COATED_OSMIUM;9922;12;9919;20;;;9936;11;9938;13;;;9929.0;0.0
yf_ZW=F_d7;22400;INTARIAN_PEPPER_ROOT;12880;20;12876;23;;;12886;14;12888;10;;;12883.0;0.0
yf_ZW=F_d7;22500;ASH_COATED_OSMIUM;9926;12;9923;14;;;9932;17;9935;26;;;9929.0;0.0
yf_ZW=F_d7;22500;INTARIAN_PEPPER_ROOT;12878;16;12875;19;;;12884;16;12887;14;;;12881.0;0.0
yf_ZW=F_d7;22600;ASH_COATED_OSMIUM;9925;11;9923;20;;;9932;10;9936;17;;;9928.5;0.0
yf_ZW=F_d7;22600;INTARIAN_PEPPER_ROOT;12876;18;12872;26;;;12882;18;12885;20;;;12879.0;0.0
yf_ZW=F_d7;22700;ASH_COATED_OSMIUM;9926;29;9923;12;;;9932;15;9935;15;;;9929.0;0.0
yf_ZW=F_d7;22700;INTARIAN_PEPPER_ROOT;12874;13;12870;25;;;12880;17;12882;21;;;12877.0;0.0
yf_ZW=F_d7;22800;ASH_COATED_OSMIUM;9923;11;9921;13;;;9934;26;9937;21;;;9928.5;0.0
yf_ZW=F_d7;22800;INTARIAN_PEPPER_ROOT;12872;17;12869;21;;;12878;10;12882;18;;;12875.0;0.0
yf_ZW=F_d7;22900;ASH_COATED_OSMIUM;9925;12;9922;22;;;9932;11;9935;19;;;9928.5;0.0
yf_ZW=F_d7;22900;INTARIAN_PEPPER_ROOT;12869;15;12866;19;;;12876;11;12878;18;;;12872.5;0.0
yf_ZW=F_d7;23000;ASH_COATED_OSMIUM;9926;9;9922;27;;;9932;15;9935;20;;;9929.0;0.0
yf_ZW=F_d7;23000;INTARIAN_PEPPER_ROOT;12868;14;12866;11;;;12874;15;12876;15;;;12871.0;0.0
yf_ZW=F_d7;23100;ASH_COATED_OSMIUM;9925;11;9923;29;;;9931;13;9933;23;;;9928.0;0.0
yf_ZW=F_d7;23100;INTARIAN_PEPPER_ROOT;12863;20;12860;25;;;12875;7;12877;14;;;12869.0;0.0
yf_ZW=F_d7;23200;ASH_COATED_OSMIUM;9919;17;9915;16;;;9938;19;9941;19;;;9928.5;0.0
yf_ZW=F_d7;23200;INTARIAN_PEPPER_ROOT;12855;24;12853;30;;;12877;9;12880;12;;;12866.0;0.0
yf_ZW=F_d7;23300;ASH_COATED_OSMIUM;9926;7;9924;20;;;9932;11;9935;23;;;9929.0;0.0
yf_ZW=F_d7;23300;INTARIAN_PEPPER_ROOT;12861;7;12859;18;;;12867;11;12869;18;;;12864.0;0.0
yf_ZW=F_d7;23400;ASH_COATED_OSMIUM;9925;14;9923;23;;;9931;21;9934;15;;;9928.0;0.0
yf_ZW=F_d7;23400;INTARIAN_PEPPER_ROOT;12859;15;12856;18;;;12865;21;12869;18;;;12862.0;0.0
yf_ZW=F_d7;23500;ASH_COATED_OSMIUM;9921;13;9919;17;;;9936;18;9938;22;;;9928.5;0.0
yf_ZW=F_d7;23500;INTARIAN_PEPPER_ROOT;12855;15;12853;22;;;12864;20;12868;28;;;12859.5;0.0
yf_ZW=F_d7;23600;ASH_COATED_OSMIUM;9925;18;9921;18;;;9933;9;9936;27;;;9929.0;0.0
yf_ZW=F_d7;23600;INTARIAN_PEPPER_ROOT;12855;23;12853;19;;;12861;14;12864;19;;;12858.0;0.0
yf_ZW=F_d7;23700;ASH_COATED_OSMIUM;9925;14;9922;25;;;9931;16;9933;22;;;9928.0;0.0
yf_ZW=F_d7;23700;INTARIAN_PEPPER_ROOT;12852;15;12849;22;;;12858;22;12860;22;;;12855.0;0.0
yf_ZW=F_d7;23800;ASH_COATED_OSMIUM;9924;13;9921;19;;;9933;14;9937;19;;;9928.5;0.0
yf_ZW=F_d7;23800;INTARIAN_PEPPER_ROOT;12851;16;12847;29;;;12857;11;12859;14;;;12854.0;0.0
yf_ZW=F_d7;23900;ASH_COATED_OSMIUM;9924;23;9920;23;;;9934;18;9938;25;;;9929.0;0.0
yf_ZW=F_d7;23900;INTARIAN_PEPPER_ROOT;12849;21;12845;14;;;12855;20;12859;24;;;12852.0;0.0
yf_ZW=F_d7;24000;ASH_COATED_OSMIUM;9924;22;9920;16;;;9933;18;9937;20;;;9928.5;0.0
yf_ZW=F_d7;24000;INTARIAN_PEPPER_ROOT;12846;24;12844;12;;;12854;16;12857;27;;;12850.0;0.0
yf_ZW=F_d7;24100;ASH_COATED_OSMIUM;9926;14;9924;28;;;9932;8;9934;29;;;9929.0;0.0
yf_ZW=F_d7;24100;INTARIAN_PEPPER_ROOT;12837;22;12835;19;;;12858;6;12860;22;;;12847.5;0.0
yf_ZW=F_d7;24200;ASH_COATED_OSMIUM;9926;16;9922;21;;;9932;11;9935;19;;;9929.0;0.0
yf_ZW=F_d7;24200;INTARIAN_PEPPER_ROOT;12841;17;12839;19;;;12847;18;12850;18;;;12844.0;0.0
yf_ZW=F_d7;24300;ASH_COATED_OSMIUM;9926;11;9922;19;;;9932;9;9934;18;;;9929.0;0.0
yf_ZW=F_d7;24300;INTARIAN_PEPPER_ROOT;12840;14;12836;19;;;12846;13;12849;22;;;12843.0;0.0
yf_ZW=F_d7;24400;ASH_COATED_OSMIUM;9921;18;9919;24;;;9937;11;9939;13;;;9929.0;0.0
yf_ZW=F_d7;24400;INTARIAN_PEPPER_ROOT;12835;10;12833;24;;;12846;14;12850;16;;;12840.5;0.0
yf_ZW=F_d7;24500;ASH_COATED_OSMIUM;9925;9;9921;11;;;9932;16;9935;24;;;9928.5;0.0
yf_ZW=F_d7;24500;INTARIAN_PEPPER_ROOT;12836;19;12832;25;;;12842;5;12846;20;;;12839.0;0.0
yf_ZW=F_d7;24600;ASH_COATED_OSMIUM;9925;9;9921;22;;;9931;21;9934;23;;;9928.0;0.0
yf_ZW=F_d7;24600;INTARIAN_PEPPER_ROOT;12834;24;12830;16;;;12840;15;12844;22;;;12837.0;0.0
yf_ZW=F_d7;24700;ASH_COATED_OSMIUM;9926;11;9922;16;;;9932;9;9936;19;;;9929.0;0.0
yf_ZW=F_d7;24700;INTARIAN_PEPPER_ROOT;12831;10;12827;26;;;12837;10;12841;18;;;12834.0;0.0
yf_ZW=F_d7;24800;ASH_COATED_OSMIUM;9926;13;9924;22;;;9932;9;9934;23;;;9929.0;0.0
yf_ZW=F_d7;24800;INTARIAN_PEPPER_ROOT;12829;25;12826;14;;;12835;10;12839;19;;;12832.0;0.0
yf_ZW=F_d7;24900;ASH_COATED_OSMIUM;9926;20;9924;27;;;9932;21;9936;26;;;9929.0;0.0
yf_ZW=F_d7;24900;INTARIAN_PEPPER_ROOT;12827;8;12824;20;;;12833;23;12835;27;;;12830.0;0.0
yf_ZW=F_d7;25000;ASH_COATED_OSMIUM;9926;12;9924;34;;;9932;15;9934;15;;;9929.0;0.0
yf_ZW=F_d7;25000;INTARIAN_PEPPER_ROOT;12825;15;12822;9;;;12831;16;12834;26;;;12828.0;0.0
yf_ZW=F_d7;25100;ASH_COATED_OSMIUM;9926;13;9923;12;;;9932;5;9935;18;;;9929.0;0.0
yf_ZW=F_d7;25100;INTARIAN_PEPPER_ROOT;12819;10;12817;14;;;12832;19;12834;25;;;12825.5;0.0
yf_ZW=F_d7;25200;ASH_COATED_OSMIUM;9925;19;9921;8;;;9931;14;9934;16;;;9928.0;0.0
yf_ZW=F_d7;25200;INTARIAN_PEPPER_ROOT;12821;11;12819;21;;;12827;15;12831;9;;;12824.0;0.0
yf_ZW=F_d7;25300;ASH_COATED_OSMIUM;9926;14;9922;15;;;9932;7;9936;23;;;9929.0;0.0
yf_ZW=F_d7;25300;INTARIAN_PEPPER_ROOT;12818;16;12814;27;;;12824;16;12828;16;;;12821.0;0.0
yf_ZW=F_d7;25400;ASH_COATED_OSMIUM;9926;13;9923;20;;;9932;14;9936;12;;;9929.0;0.0
yf_ZW=F_d7;25400;INTARIAN_PEPPER_ROOT;12816;19;12814;11;;;12822;14;12824;13;;;12819.0;0.0
yf_ZW=F_d7;25500;ASH_COATED_OSMIUM;9925;10;9922;20;;;9931;14;9935;19;;;9928.0;0.0
yf_ZW=F_d7;25500;INTARIAN_PEPPER_ROOT;12811;16;12809;22;;;12822;27;12826;25;;;12816.5;0.0
yf_ZW=F_d7;25600;ASH_COATED_OSMIUM;9926;15;9923;16;;;9932;10;9934;16;;;9929.0;0.0
yf_ZW=F_d7;25600;INTARIAN_PEPPER_ROOT;12803;21;12799;22;;;12827;23;12831;11;;;12815.0;0.0
yf_ZW=F_d7;25700;ASH_COATED_OSMIUM;9925;13;9923;24;;;9933;11;9937;23;;;9929.0;0.0
yf_ZW=F_d7;25700;INTARIAN_PEPPER_ROOT;12810;5;12808;16;;;12816;17;12818;20;;;12813.0;0.0
yf_ZW=F_d7;25800;ASH_COATED_OSMIUM;9923;9;9919;25;;;9934;22;9937;18;;;9928.5;0.0
yf_ZW=F_d7;25800;INTARIAN_PEPPER_ROOT;12806;12;12804;19;;;12816;19;12819;25;;;12811.0;0.0
yf_ZW=F_d7;25900;ASH_COATED_OSMIUM;9925;17;9922;12;;;9931;14;9933;15;;;9928.0;0.0
yf_ZW=F_d7;25900;INTARIAN_PEPPER_ROOT;12797;25;12795;26;;;12821;14;12824;19;;;12809.0;0.0
yf_ZW=F_d7;26000;ASH_COATED_OSMIUM;9925;13;9921;24;;;9932;6;9936;13;;;9928.5;0.0
yf_ZW=F_d7;26000;INTARIAN_PEPPER_ROOT;12804;11;12801;26;;;12810;12;12812;22;;;12807.0;0.0
yf_ZW=F_d7;26100;ASH_COATED_OSMIUM;9926;16;9922;26;;;9932;15;9935;14;;;9929.0;0.0
yf_ZW=F_d7;26100;INTARIAN_PEPPER_ROOT;12798;15;12796;27;;;12812;19;12814;23;;;12805.0;0.0
yf_ZW=F_d7;26200;ASH_COATED_OSMIUM;9925;14;9921;26;;;9931;15;9935;23;;;9928.0;0.0
yf_ZW=F_d7;26200;INTARIAN_PEPPER_ROOT;12799;11;12797;14;;;12806;9;12810;12;;;12802.5;0.0
yf_ZW=F_d7;26300;ASH_COATED_OSMIUM;9926;10;9923;21;;;9932;5;9935;30;;;9929.0;0.0
yf_ZW=F_d7;26300;INTARIAN_PEPPER_ROOT;12793;5;12791;18;;;12807;9;12810;15;;;12800.0;0.0
yf_ZW=F_d7;26400;ASH_COATED_OSMIUM;9925;11;9923;24;;;9932;21;9936;31;;;9928.5;0.0
yf_ZW=F_d7;26400;INTARIAN_PEPPER_ROOT;12795;25;12793;19;;;12801;16;12804;18;;;12798.0;0.0
yf_ZW=F_d7;26500;ASH_COATED_OSMIUM;9926;16;9924;18;;;9932;19;9936;16;;;9929.0;0.0
yf_ZW=F_d7;26500;INTARIAN_PEPPER_ROOT;12792;13;12790;27;;;12798;12;12801;20;;;12795.0;0.0
yf_ZW=F_d7;26600;ASH_COATED_OSMIUM;9926;12;9924;22;;;9932;20;9934;23;;;9929.0;0.0
yf_ZW=F_d7;26600;INTARIAN_PEPPER_ROOT;12784;6;12781;15;;;12803;13;12805;15;;;12793.5;0.0
yf_ZW=F_d7;26700;ASH_COATED_OSMIUM;9926;14;9922;10;;;9932;12;9935;27;;;9929.0;0.0
yf_ZW=F_d7;26700;INTARIAN_PEPPER_ROOT;12784;13;12782;30;;;12801;12;12804;20;;;12792.5;0.0
yf_ZW=F_d7;26800;ASH_COATED_OSMIUM;9926;13;9922;26;;;9932;18;9936;22;;;9929.0;0.0
yf_ZW=F_d7;26800;INTARIAN_PEPPER_ROOT;12778;9;12775;19;;;12802;11;12805;22;;;12790.0;0.0
yf_ZW=F_d7;26900;ASH_COATED_OSMIUM;9925;15;9923;21;;;9931;16;9935;28;;;9928.0;0.0
yf_ZW=F_d7;26900;INTARIAN_PEPPER_ROOT;12784;6;12780;28;;;12790;7;12792;20;;;12787.0;0.0
yf_ZW=F_d7;27000;ASH_COATED_OSMIUM;9926;5;9922;21;;;9932;20;9936;23;;;9929.0;0.0
yf_ZW=F_d7;27000;INTARIAN_PEPPER_ROOT;12782;10;12780;10;;;12788;25;12792;25;;;12785.0;0.0
yf_ZW=F_d7;27100;ASH_COATED_OSMIUM;9922;23;9918;20;;;9936;5;9939;24;;;9929.0;0.0
yf_ZW=F_d7;27100;INTARIAN_PEPPER_ROOT;12778;9;12774;18;;;12788;14;12792;19;;;12783.0;0.0
yf_ZW=F_d7;27200;ASH_COATED_OSMIUM;9925;6;9921;22;;;9931;13;9934;14;;;9928.0;0.0
yf_ZW=F_d7;27200;INTARIAN_PEPPER_ROOT;12778;6;12774;24;;;12785;19;12788;24;;;12781.5;0.0
yf_ZW=F_d7;27300;ASH_COATED_OSMIUM;9926;17;9923;23;;;9932;15;9935;21;;;9929.0;0.0
yf_ZW=F_d7;27300;INTARIAN_PEPPER_ROOT;12776;17;12774;11;;;12782;18;12786;23;;;12779.0;0.0
yf_ZW=F_d7;27400;ASH_COATED_OSMIUM;9926;15;9922;22;;;9932;5;9936;22;;;9929.0;0.0
yf_ZW=F_d7;27400;INTARIAN_PEPPER_ROOT;12774;20;12772;15;;;12780;18;12783;18;;;12777.0;0.0
yf_ZW=F_d7;27500;ASH_COATED_OSMIUM;9921;20;9919;25;;;9937;15;9940;11;;;9929.0;0.0
yf_ZW=F_d7;27500;INTARIAN_PEPPER_ROOT;12772;25;12769;17;;;12778;9;12780;17;;;12775.0;0.0
yf_ZW=F_d7;27600;ASH_COATED_OSMIUM;9926;17;9924;14;;;9932;15;9935;19;;;9929.0;0.0
yf_ZW=F_d7;27600;INTARIAN_PEPPER_ROOT;12769;14;12765;18;;;12775;15;12777;17;;;12772.0;0.0
yf_ZW=F_d7;27700;ASH_COATED_OSMIUM;9925;9;9923;17;;;9931;16;9935;19;;;9928.0;0.0
yf_ZW=F_d7;27700;INTARIAN_PEPPER_ROOT;12767;13;12764;13;;;12773;9;12777;23;;;12770.0;0.0
yf_ZW=F_d7;27800;ASH_COATED_OSMIUM;9925;16;9922;12;;;9931;19;9934;13;;;9928.0;0.0
yf_ZW=F_d7;27800;INTARIAN_PEPPER_ROOT;12765;17;12762;23;;;12771;11;12775;23;;;12768.0;0.0
yf_ZW=F_d7;27900;ASH_COATED_OSMIUM;9926;14;9922;25;;;9932;20;9935;20;;;9929.0;0.0
yf_ZW=F_d7;27900;INTARIAN_PEPPER_ROOT;12761;5;12757;16;;;12770;13;12772;19;;;12765.5;0.0
yf_ZW=F_d7;28000;ASH_COATED_OSMIUM;9926;16;9924;16;;;9932;14;9934;21;;;9929.0;0.0
yf_ZW=F_d7;28000;INTARIAN_PEPPER_ROOT;12761;15;12758;19;;;12767;5;12770;19;;;12764.0;0.0
yf_ZW=F_d7;28100;ASH_COATED_OSMIUM;9923;12;9919;22;;;9935;9;9939;21;;;9929.0;0.0
yf_ZW=F_d7;28100;INTARIAN_PEPPER_ROOT;12751;15;12749;30;;;12772;11;12775;20;;;12761.5;0.0
yf_ZW=F_d7;28200;ASH_COATED_OSMIUM;9926;14;9923;25;;;9932;21;9936;15;;;9929.0;0.0
yf_ZW=F_d7;28200;INTARIAN_PEPPER_ROOT;12757;23;12755;15;;;12763;22;12766;15;;;12760.0;0.0
yf_ZW=F_d7;28300;ASH_COATED_OSMIUM;9926;22;9923;22;;;9932;17;9934;18;;;9929.0;0.0
yf_ZW=F_d7;28300;INTARIAN_PEPPER_ROOT;12754;9;12751;19;;;12761;17;12764;22;;;12757.5;0.0
yf_ZW=F_d7;28400;ASH_COATED_OSMIUM;9920;21;9918;16;;;9937;5;9941;20;;;9928.5;0.0
yf_ZW=F_d7;28400;INTARIAN_PEPPER_ROOT;12749;9;12747;17;;;12762;17;12764;22;;;12755.5;0.0
yf_ZW=F_d7;28500;ASH_COATED_OSMIUM;9925;16;9923;17;;;9934;21;9938;23;;;9929.5;0.0
yf_ZW=F_d7;28500;INTARIAN_PEPPER_ROOT;12748;17;12744;19;;;12759;18;12763;21;;;12753.5;0.0
yf_ZW=F_d7;28600;ASH_COATED_OSMIUM;9926;10;9924;14;;;9932;21;9934;15;;;9929.0;0.0
yf_ZW=F_d7;28600;INTARIAN_PEPPER_ROOT;12740;5;12736;18;;;12761;15;12765;22;;;12750.5;0.0
yf_ZW=F_d7;28700;ASH_COATED_OSMIUM;9926;19;9923;28;;;9932;14;9934;27;;;9929.0;0.0
yf_ZW=F_d7;28700;INTARIAN_PEPPER_ROOT;12725;15;12723;17;;;12773;21;12775;20;;;12749.0;0.0
yf_ZW=F_d7;28800;ASH_COATED_OSMIUM;9926;14;9922;16;;;9932;14;9935;21;;;9929.0;0.0
yf_ZW=F_d7;28800;INTARIAN_PEPPER_ROOT;12744;12;12741;18;;;12750;6;12754;19;;;12747.0;0.0
yf_ZW=F_d7;28900;ASH_COATED_OSMIUM;9924;18;9920;22;;;9934;18;9937;22;;;9929.0;0.0
yf_ZW=F_d7;28900;INTARIAN_PEPPER_ROOT;12742;13;12740;27;;;12749;8;12753;15;;;12745.5;0.0
yf_ZW=F_d7;29000;ASH_COATED_OSMIUM;9926;20;9924;15;;;9932;16;9936;21;;;9929.0;0.0
yf_ZW=F_d7;29000;INTARIAN_PEPPER_ROOT;12740;15;12737;19;;;12746;26;12749;22;;;12743.0;0.0
yf_ZW=F_d7;29100;ASH_COATED_OSMIUM;9926;14;9923;21;;;9932;17;9935;21;;;9929.0;0.0
yf_ZW=F_d7;29100;INTARIAN_PEPPER_ROOT;12732;9;12728;19;;;12748;21;12751;27;;;12740.0;0.0
yf_ZW=F_d7;29200;ASH_COATED_OSMIUM;9925;12;9922;21;;;9933;18;9936;16;;;9929.0;0.0
yf_ZW=F_d7;29200;INTARIAN_PEPPER_ROOT;12736;13;12734;19;;;12742;13;12745;19;;;12739.0;0.0
yf_ZW=F_d7;29300;ASH_COATED_OSMIUM;9926;18;9922;11;;;9932;17;9936;33;;;9929.0;0.0
yf_ZW=F_d7;29300;INTARIAN_PEPPER_ROOT;12726;13;12722;10;;;12747;10;12749;20;;;12736.5;0.0
yf_ZW=F_d7;29400;ASH_COATED_OSMIUM;9925;18;9923;22;;;9931;14;9934;23;;;9928.0;0.0
yf_ZW=F_d7;29400;INTARIAN_PEPPER_ROOT;12731;13;12729;32;;;12737;16;12739;13;;;12734.0;0.0
yf_ZW=F_d7;29500;ASH_COATED_OSMIUM;9926;17;9924;12;;;9932;22;9935;22;;;9929.0;0.0
yf_ZW=F_d7;29500;INTARIAN_PEPPER_ROOT;12728;13;12725;22;;;12736;20;12739;18;;;12732.0;0.0
yf_ZW=F_d7;29600;ASH_COATED_OSMIUM;9926;14;9924;13;;;9932;13;9934;26;;;9929.0;0.0
yf_ZW=F_d7;29600;INTARIAN_PEPPER_ROOT;12721;10;12718;24;;;12739;14;12741;25;;;12730.0;0.0
yf_ZW=F_d7;29700;ASH_COATED_OSMIUM;9926;14;9923;18;;;9932;19;9935;22;;;9929.0;0.0
yf_ZW=F_d7;29700;INTARIAN_PEPPER_ROOT;12722;12;12719;30;;;12733;10;12736;11;;;12727.5;0.0
yf_ZW=F_d7;29800;ASH_COATED_OSMIUM;9922;18;9918;30;;;9936;17;9938;13;;;9929.0;0.0
yf_ZW=F_d7;29800;INTARIAN_PEPPER_ROOT;12722;16;12720;21;;;12728;21;12731;18;;;12725.0;0.0
yf_ZW=F_d7;29900;ASH_COATED_OSMIUM;9926;10;9924;22;;;9932;9;9935;18;;;9929.0;0.0
yf_ZW=F_d7;29900;INTARIAN_PEPPER_ROOT;12719;21;12715;18;;;12728;14;12730;15;;;12723.5;0.0
yf_ZW=F_d7;30000;ASH_COATED_OSMIUM;9926;14;9924;22;;;9932;10;9935;26;;;9929.0;0.0
yf_ZW=F_d7;30000;INTARIAN_PEPPER_ROOT;12718;12;12716;18;;;12724;16;12728;15;;;12721.0;0.0
yf_ZW=F_d7;30100;ASH_COATED_OSMIUM;9923;14;9920;15;;;9935;13;9938;21;;;9929.0;0.0
yf_ZW=F_d7;30100;INTARIAN_PEPPER_ROOT;12716;17;12712;23;;;12722;19;12726;15;;;12719.0;0.0
yf_ZW=F_d7;30200;ASH_COATED_OSMIUM;9925;21;9923;15;;;9931;16;9933;26;;;9928.0;0.0
yf_ZW=F_d7;30200;INTARIAN_PEPPER_ROOT;12705;14;12701;16;;;12728;13;12732;21;;;12716.5;0.0
yf_ZW=F_d7;30300;ASH_COATED_OSMIUM;9925;23;9923;16;;;9931;13;9935;19;;;9928.0;0.0
yf_ZW=F_d7;30300;INTARIAN_PEPPER_ROOT;12711;24;12709;33;;;12717;11;12720;21;;;12714.0;0.0
yf_ZW=F_d7;30400;ASH_COATED_OSMIUM;9926;12;9922;22;;;9932;8;9936;21;;;9929.0;0.0
yf_ZW=F_d7;30400;INTARIAN_PEPPER_ROOT;12710;10;12707;31;;;12716;21;12720;16;;;12713.0;0.0
yf_ZW=F_d7;30500;ASH_COATED_OSMIUM;9926;12;9924;25;;;9932;14;9934;28;;;9929.0;0.0
yf_ZW=F_d7;30500;INTARIAN_PEPPER_ROOT;12706;22;12703;23;;;12716;22;12720;21;;;12711.0;0.0
yf_ZW=F_d7;30600;ASH_COATED_OSMIUM;9926;15;9923;15;;;9932;14;9934;20;;;9929.0;0.0
yf_ZW=F_d7;30600;INTARIAN_PEPPER_ROOT;12701;22;12697;25;;;12716;11;12720;27;;;12708.5;0.0
yf_ZW=F_d7;30700;ASH_COATED_OSMIUM;9926;13;9922;23;;;9932;11;9935;15;;;9929.0;0.0
yf_ZW=F_d7;30700;INTARIAN_PEPPER_ROOT;12702;6;12699;20;;;12710;15;12714;18;;;12706.0;0.0
yf_ZW=F_d7;30800;ASH_COATED_OSMIUM;9921;14;9918;13;;;9936;14;9940;15;;;9928.5;0.0
yf_ZW=F_d7;30800;INTARIAN_PEPPER_ROOT;12701;22;12697;24;;;12707;14;12711;23;;;12704.0;0.0
yf_ZW=F_d7;30900;ASH_COATED_OSMIUM;9926;11;9923;21;;;9932;18;9936;14;;;9929.0;0.0
yf_ZW=F_d7;30900;INTARIAN_PEPPER_ROOT;12699;11;12696;16;;;12705;16;12707;24;;;12702.0;0.0
yf_ZW=F_d7;31000;ASH_COATED_OSMIUM;9921;19;9917;23;;;9937;11;9941;22;;;9929.0;0.0
yf_ZW=F_d7;31000;INTARIAN_PEPPER_ROOT;12697;10;12695;22;;;12703;8;12707;15;;;12700.0;0.0
yf_ZW=F_d7;31100;ASH_COATED_OSMIUM;9925;8;9922;17;;;9931;19;9934;28;;;9928.0;0.0
yf_ZW=F_d7;31100;INTARIAN_PEPPER_ROOT;12693;22;12689;23;;;12701;13;12703;23;;;12697.0;0.0
yf_ZW=F_d7;31200;ASH_COATED_OSMIUM;9919;14;9916;16;;;9939;11;9941;18;;;9929.0;0.0
yf_ZW=F_d7;31200;INTARIAN_PEPPER_ROOT;12693;14;12689;25;;;12699;12;12701;22;;;12696.0;0.0
yf_ZW=F_d7;31300;ASH_COATED_OSMIUM;9926;16;9922;15;;;9932;11;9934;17;;;9929.0;0.0
yf_ZW=F_d7;31300;INTARIAN_PEPPER_ROOT;12690;6;12686;18;;;12697;17;12701;21;;;12693.5;0.0
yf_ZW=F_d7;31400;ASH_COATED_OSMIUM;9926;5;9923;18;;;9932;14;9934;26;;;9929.0;0.0
yf_ZW=F_d7;31400;INTARIAN_PEPPER_ROOT;12688;16;12686;8;;;12694;27;12696;19;;;12691.0;0.0
yf_ZW=F_d7;31500;ASH_COATED_OSMIUM;9923;19;9920;18;;;9934;15;9937;29;;;9928.5;0.0
yf_ZW=F_d7;31500;INTARIAN_PEPPER_ROOT;12686;18;12684;13;;;12692;12;12694;19;;;12689.0;0.0
yf_ZW=F_d7;31600;ASH_COATED_OSMIUM;9921;23;9919;25;;;9937;15;9941;13;;;9929.0;0.0
yf_ZW=F_d7;31600;INTARIAN_PEPPER_ROOT;12684;20;12681;21;;;12690;12;12693;27;;;12687.0;0.0
yf_ZW=F_d7;31700;ASH_COATED_OSMIUM;9926;13;9923;22;;;9932;14;9936;19;;;9929.0;0.0
yf_ZW=F_d7;31700;INTARIAN_PEPPER_ROOT;12682;22;12680;31;;;12688;9;12691;12;;;12685.0;0.0
yf_ZW=F_d7;31800;ASH_COATED_OSMIUM;9921;12;9919;17;;;9938;14;9942;22;;;9929.5;0.0
yf_ZW=F_d7;31800;INTARIAN_PEPPER_ROOT;12680;25;12678;23;;;12686;13;12690;25;;;12683.0;0.0
yf_ZW=F_d7;31900;ASH_COATED_OSMIUM;9926;12;9924;23;;;9932;15;9934;18;;;9929.0;0.0
yf_ZW=F_d7;31900;INTARIAN_PEPPER_ROOT;12678;10;12675;24;;;12684;10;12687;14;;;12681.0;0.0
yf_ZW=F_d7;32000;ASH_COATED_OSMIUM;9926;11;9922;24;;;9932;14;9935;16;;;9929.0;0.0
yf_ZW=F_d7;32000;INTARIAN_PEPPER_ROOT;12675;12;12671;18;;;12681;21;12683;19;;;12678.0;0.0
yf_ZW=F_d7;32100;ASH_COATED_OSMIUM;9926;22;9923;16;;;9932;16;9934;15;;;9929.0;0.0
yf_ZW=F_d7;32100;INTARIAN_PEPPER_ROOT;12668;16;12666;15;;;12685;25;12689;11;;;12676.5;0.0
yf_ZW=F_d7;32200;ASH_COATED_OSMIUM;9926;8;9924;13;;;9932;13;9934;22;;;9929.0;0.0
yf_ZW=F_d7;32200;INTARIAN_PEPPER_ROOT;12671;25;12668;19;;;12677;19;12679;12;;;12674.0;0.0
yf_ZW=F_d7;32300;ASH_COATED_OSMIUM;9926;13;9924;22;;;9932;16;9934;18;;;9929.0;0.0
yf_ZW=F_d7;32300;INTARIAN_PEPPER_ROOT;12670;12;12666;23;;;12676;6;12678;30;;;12673.0;0.0
yf_ZW=F_d7;32400;ASH_COATED_OSMIUM;9925;9;9921;22;;;9932;5;9935;25;;;9928.5;0.0
yf_ZW=F_d7;32400;INTARIAN_PEPPER_ROOT;12667;8;12664;20;;;12673;12;12676;26;;;12670.0;0.0
yf_ZW=F_d7;32500;ASH_COATED_OSMIUM;9925;24;9922;30;;;9932;5;9934;17;;;9928.5;0.0
yf_ZW=F_d7;32500;INTARIAN_PEPPER_ROOT;12661;9;12657;24;;;12675;17;12677;21;;;12668.0;0.0
yf_ZW=F_d7;32600;ASH_COATED_OSMIUM;9926;21;9924;25;;;9932;7;9935;18;;;9929.0;0.0
yf_ZW=F_d7;32600;INTARIAN_PEPPER_ROOT;12663;16;12660;28;;;12669;20;12673;15;;;12666.0;0.0
yf_ZW=F_d7;32700;ASH_COATED_OSMIUM;9921;14;9918;19;;;9936;18;9939;14;;;9928.5;0.0
yf_ZW=F_d7;32700;INTARIAN_PEPPER_ROOT;12661;14;12659;22;;;12667;24;12669;15;;;12664.0;0.0
yf_ZW=F_d7;32800;ASH_COATED_OSMIUM;9925;16;9923;18;;;9932;17;9936;17;;;9928.5;0.0
yf_ZW=F_d7;32800;INTARIAN_PEPPER_ROOT;12659;17;12655;25;;;12665;15;12668;28;;;12662.0;0.0
yf_ZW=F_d7;32900;ASH_COATED_OSMIUM;9919;15;9916;19;;;9940;13;9944;26;;;9929.5;0.0
yf_ZW=F_d7;32900;INTARIAN_PEPPER_ROOT;12652;10;12648;26;;;12668;21;12671;23;;;12660.0;0.0
yf_ZW=F_d7;33000;ASH_COATED_OSMIUM;9926;15;9924;25;;;9932;15;9934;22;;;9929.0;0.0
yf_ZW=F_d7;33000;INTARIAN_PEPPER_ROOT;12654;15;12652;25;;;12660;13;12663;14;;;12657.0;0.0
yf_ZW=F_d7;33100;ASH_COATED_OSMIUM;9926;22;9924;20;;;9932;21;9935;21;;;9929.0;0.0
yf_ZW=F_d7;33100;INTARIAN_PEPPER_ROOT;12652;6;12648;28;;;12659;16;12663;18;;;12655.5;0.0
yf_ZW=F_d7;33200;ASH_COATED_OSMIUM;9919;14;9917;16;;;9939;6;9942;25;;;9929.0;0.0
yf_ZW=F_d7;33200;INTARIAN_PEPPER_ROOT;12649;15;12646;16;;;12655;16;12657;11;;;12652.0;0.0
yf_ZW=F_d7;33300;ASH_COATED_OSMIUM;9925;16;9921;22;;;9934;14;9936;13;;;9929.5;0.0
yf_ZW=F_d7;33300;INTARIAN_PEPPER_ROOT;12648;12;12644;20;;;12654;14;12658;23;;;12651.0;0.0
yf_ZW=F_d7;33400;ASH_COATED_OSMIUM;9926;19;9922;14;;;9932;17;9935;26;;;9929.0;0.0
yf_ZW=F_d7;33400;INTARIAN_PEPPER_ROOT;12638;16;12636;21;;;12660;10;12662;19;;;12649.0;0.0
yf_ZW=F_d7;33500;ASH_COATED_OSMIUM;9926;23;9923;25;;;9932;17;9934;17;;;9929.0;0.0
yf_ZW=F_d7;33500;INTARIAN_PEPPER_ROOT;12642;14;12639;26;;;12651;19;12655;17;;;12646.5;0.0
yf_ZW=F_d7;33600;ASH_COATED_OSMIUM;9926;7;9924;15;;;9932;11;9934;16;;;9929.0;0.0
yf_ZW=F_d7;33600;INTARIAN_PEPPER_ROOT;12640;18;12637;20;;;12650;11;12654;9;;;12645.0;0.0
yf_ZW=F_d7;33700;ASH_COATED_OSMIUM;9926;6;9922;20;;;9932;5;9935;13;;;9929.0;0.0
yf_ZW=F_d7;33700;INTARIAN_PEPPER_ROOT;12639;16;12637;25;;;12645;10;12649;15;;;12642.0;0.0
yf_ZW=F_d7;33800;ASH_COATED_OSMIUM;9925;20;9922;23;;;9933;9;9936;19;;;9929.0;0.0
yf_ZW=F_d7;33800;INTARIAN_PEPPER_ROOT;12637;12;12634;29;;;12643;17;12645;21;;;12640.0;0.0
yf_ZW=F_d7;33900;ASH_COATED_OSMIUM;9924;13;9922;24;;;9933;28;9936;20;;;9928.5;0.0
yf_ZW=F_d7;33900;INTARIAN_PEPPER_ROOT;12619;7;12617;19;;;12657;17;12661;18;;;12638.0;0.0
yf_ZW=F_d7;34000;ASH_COATED_OSMIUM;9925;5;9923;21;;;9934;9;9938;21;;;9929.5;0.0
yf_ZW=F_d7;34000;INTARIAN_PEPPER_ROOT;12627;25;12623;24;;;12647;15;12649;30;;;12637.0;0.0
yf_ZW=F_d7;34100;ASH_COATED_OSMIUM;9926;15;9924;21;;;9932;8;9934;11;;;9929.0;0.0
yf_ZW=F_d7;34100;INTARIAN_PEPPER_ROOT;12630;11;12628;19;;;12641;21;12645;19;;;12635.5;0.0
yf_ZW=F_d7;34200;ASH_COATED_OSMIUM;9926;5;9924;25;;;9932;15;9935;17;;;9929.0;0.0
yf_ZW=F_d7;34200;INTARIAN_PEPPER_ROOT;12632;18;12628;8;;;12638;9;12641;17;;;12635.0;0.0
yf_ZW=F_d7;34300;ASH_COATED_OSMIUM;9920;7;9917;14;;;9939;24;9943;30;;;9929.5;0.0
yf_ZW=F_d7;34300;INTARIAN_PEPPER_ROOT;12630;7;12628;28;;;12636;18;12638;19;;;12633.0;0.0
yf_ZW=F_d7;34400;ASH_COATED_OSMIUM;9918;18;9916;19;;;9940;15;9943;16;;;9929.0;0.0
yf_ZW=F_d7;34400;INTARIAN_PEPPER_ROOT;12629;17;12627;18;;;12635;18;12639;18;;;12632.0;0.0
yf_ZW=F_d7;34500;ASH_COATED_OSMIUM;9918;7;9914;17;;;9940;17;9943;14;;;9929.0;0.0
yf_ZW=F_d7;34500;INTARIAN_PEPPER_ROOT;12628;17;12625;19;;;12634;24;12638;11;;;12631.0;0.0
yf_ZW=F_d7;34600;ASH_COATED_OSMIUM;9926;9;9924;28;;;9932;8;9935;19;;;9929.0;0.0
yf_ZW=F_d7;34600;INTARIAN_PEPPER_ROOT;12627;25;12625;14;;;12633;15;12636;14;;;12630.0;0.0
yf_ZW=F_d7;34700;ASH_COATED_OSMIUM;9915;17;9913;18;;;9944;15;9948;24;;;9929.5;0.0
yf_ZW=F_d7;34700;INTARIAN_PEPPER_ROOT;12614;21;12610;17;;;12644;16;12647;16;;;12629.0;0.0
yf_ZW=F_d7;34800;ASH_COATED_OSMIUM;9921;13;9918;22;;;9937;15;9941;29;;;9929.0;0.0
yf_ZW=F_d7;34800;INTARIAN_PEPPER_ROOT;12624;13;12622;19;;;12633;17;12637;23;;;12628.5;0.0
yf_ZW=F_d7;34900;ASH_COATED_OSMIUM;9926;19;9922;19;;;9932;14;9936;16;;;9929.0;0.0
yf_ZW=F_d7;34900;INTARIAN_PEPPER_ROOT;12624;11;12622;26;;;12630;17;12633;18;;;12627.0;0.0
yf_ZW=F_d7;35000;ASH_COATED_OSMIUM;9923;15;9920;19;;;9934;25;9937;19;;;9928.5;0.0
yf_ZW=F_d7;35000;INTARIAN_PEPPER_ROOT;12623;10;12619;23;;;12630;7;12633;23;;;12626.5;0.0
yf_ZW=F_d7;35100;ASH_COATED_OSMIUM;9925;16;9923;26;;;9931;9;9934;24;;;9928.0;0.0
yf_ZW=F_d7;35100;INTARIAN_PEPPER_ROOT;12620;23;12616;23;;;12631;12;12633;21;;;12625.5;0.0
yf_ZW=F_d7;35200;ASH_COATED_OSMIUM;9924;14;9921;13;;;9933;10;9936;24;;;9928.5;0.0
yf_ZW=F_d7;35200;INTARIAN_PEPPER_ROOT;12621;15;12618;14;;;12627;7;12631;14;;;12624.0;0.0
yf_ZW=F_d7;35300;ASH_COATED_OSMIUM;9926;18;9924;15;;;9932;11;9936;14;;;9929.0;0.0
yf_ZW=F_d7;35300;INTARIAN_PEPPER_ROOT;12618;18;12615;14;;;12628;10;12630;25;;;12623.0;0.0
yf_ZW=F_d7;35400;ASH_COATED_OSMIUM;9927;10;9923;12;;;9933;20;9937;22;;;9930.0;0.0
yf_ZW=F_d7;35400;INTARIAN_PEPPER_ROOT;12619;11;12615;12;;;12625;11;12629;15;;;12622.0;0.0
yf_ZW=F_d7;35500;ASH_COATED_OSMIUM;9926;20;9923;23;;;9932;15;9934;20;;;9929.0;0.0
yf_ZW=F_d7;35500;INTARIAN_PEPPER_ROOT;12617;16;12615;15;;;12623;13;12626;15;;;12620.0;0.0
yf_ZW=F_d7;35600;ASH_COATED_OSMIUM;9926;12;9924;24;;;9932;18;9935;17;;;9929.0;0.0
yf_ZW=F_d7;35600;INTARIAN_PEPPER_ROOT;12613;14;12611;20;;;12624;12;12627;26;;;12618.5;0.0
yf_ZW=F_d7;35700;ASH_COATED_OSMIUM;9926;13;9924;24;;;9932;13;9936;17;;;9929.0;0.0
yf_ZW=F_d7;35700;INTARIAN_PEPPER_ROOT;12614;5;12610;23;;;12621;13;12625;18;;;12617.5;0.0
yf_ZW=F_d7;35800;ASH_COATED_OSMIUM;9926;18;9924;15;;;9932;21;9936;25;;;9929.0;0.0
yf_ZW=F_d7;35800;INTARIAN_PEPPER_ROOT;12612;19;12608;24;;;12623;10;12627;23;;;12617.5;0.0
yf_ZW=F_d7;35900;ASH_COATED_OSMIUM;9926;11;9923;18;;;9932;22;9934;15;;;9929.0;0.0
yf_ZW=F_d7;35900;INTARIAN_PEPPER_ROOT;12613;10;12610;24;;;12620;17;12623;24;;;12616.5;0.0
yf_ZW=F_d7;36000;ASH_COATED_OSMIUM;9926;12;9923;17;;;9932;16;9936;20;;;9929.0;0.0
yf_ZW=F_d7;36000;INTARIAN_PEPPER_ROOT;12610;19;12608;19;;;12621;8;12625;15;;;12615.5;0.0
yf_ZW=F_d7;36100;ASH_COATED_OSMIUM;9925;9;9921;18;;;9933;12;9937;18;;;9929.0;0.0
yf_ZW=F_d7;36100;INTARIAN_PEPPER_ROOT;12611;15;12607;23;;;12617;19;12621;19;;;12614.0;0.0
yf_ZW=F_d7;36200;ASH_COATED_OSMIUM;9926;5;9922;14;;;9932;11;9934;22;;;9929.0;0.0
yf_ZW=F_d7;36200;INTARIAN_PEPPER_ROOT;12610;18;12606;17;;;12616;17;12620;26;;;12613.0;0.0
yf_ZW=F_d7;36300;ASH_COATED_OSMIUM;9926;8;9924;15;;;9932;16;9934;26;;;9929.0;0.0
yf_ZW=F_d7;36300;INTARIAN_PEPPER_ROOT;12609;7;12605;14;;;12615;7;12617;24;;;12612.0;0.0
yf_ZW=F_d7;36400;ASH_COATED_OSMIUM;9926;16;9923;21;;;9932;13;9936;18;;;9929.0;0.0
yf_ZW=F_d7;36400;INTARIAN_PEPPER_ROOT;12608;10;12606;9;;;12614;17;12617;8;;;12611.0;0.0
yf_ZW=F_d7;36500;ASH_COATED_OSMIUM;9926;17;9922;14;;;9932;22;9934;21;;;9929.0;0.0
yf_ZW=F_d7;36500;INTARIAN_PEPPER_ROOT;12606;18;12603;19;;;12612;5;12614;19;;;12609.0;0.0
yf_ZW=F_d7;36600;ASH_COATED_OSMIUM;9926;28;9924;26;;;9932;9;9936;29;;;9929.0;0.0
yf_ZW=F_d7;36600;INTARIAN_PEPPER_ROOT;12599;19;12596;20;;;12619;14;12623;22;;;12609.0;0.0
yf_ZW=F_d7;36700;ASH_COATED_OSMIUM;9923;21;9920;8;;;9935;7;9939;26;;;9929.0;0.0
yf_ZW=F_d7;36700;INTARIAN_PEPPER_ROOT;12602;18;12600;16;;;12612;20;12615;20;;;12607.0;0.0
yf_ZW=F_d7;36800;ASH_COATED_OSMIUM;9926;17;9922;27;;;9933;15;9936;18;;;9929.5;0.0
yf_ZW=F_d7;36800;INTARIAN_PEPPER_ROOT;12602;15;12600;27;;;12611;24;12613;20;;;12606.5;0.0
yf_ZW=F_d7;36900;ASH_COATED_OSMIUM;9926;9;9922;17;;;9932;22;9934;21;;;9929.0;0.0
yf_ZW=F_d7;36900;INTARIAN_PEPPER_ROOT;12602;12;12598;22;;;12608;6;12612;14;;;12605.0;0.0
yf_ZW=F_d7;37000;ASH_COATED_OSMIUM;9914;23;9911;19;;;9944;16;9946;24;;;9929.0;0.0
yf_ZW=F_d7;37000;INTARIAN_PEPPER_ROOT;12596;14;12592;19;;;12612;18;12614;26;;;12604.0;0.0
yf_ZW=F_d7;37100;ASH_COATED_OSMIUM;9922;18;9920;12;;;9936;5;9938;26;;;9929.0;0.0
yf_ZW=F_d7;37100;INTARIAN_PEPPER_ROOT;12599;15;12596;22;;;12606;19;12610;25;;;12602.5;0.0
yf_ZW=F_d7;37200;ASH_COATED_OSMIUM;9926;17;9924;14;;;9932;14;9935;18;;;9929.0;0.0
yf_ZW=F_d7;37200;INTARIAN_PEPPER_ROOT;12598;17;12595;16;;;12607;13;12611;19;;;12602.5;0.0
yf_ZW=F_d7;37300;ASH_COATED_OSMIUM;9926;22;9923;19;;;9932;21;9936;21;;;9929.0;0.0
yf_ZW=F_d7;37300;INTARIAN_PEPPER_ROOT;12596;12;12594;21;;;12607;10;12610;17;;;12601.5;0.0
yf_ZW=F_d7;37400;ASH_COATED_OSMIUM;9926;14;9924;10;;;9932;17;9934;20;;;9929.0;0.0
yf_ZW=F_d7;37400;INTARIAN_PEPPER_ROOT;12597;12;12594;14;;;12603;22;12605;25;;;12600.0;0.0
yf_ZW=F_d7;37500;ASH_COATED_OSMIUM;9925;11;9923;12;;;9931;23;9934;16;;;9928.0;0.0
yf_ZW=F_d7;37500;INTARIAN_PEPPER_ROOT;12590;5;12587;18;;;12608;14;12612;19;;;12599.0;0.0
yf_ZW=F_d7;37600;ASH_COATED_OSMIUM;9926;14;9922;26;;;9932;20;9935;19;;;9929.0;0.0
yf_ZW=F_d7;37600;INTARIAN_PEPPER_ROOT;12595;23;12592;23;;;12601;19;12605;26;;;12598.0;0.0
yf_ZW=F_d7;37700;ASH_COATED_OSMIUM;9926;21;9922;18;;;9932;18;9934;19;;;9929.0;0.0
yf_ZW=F_d7;37700;INTARIAN_PEPPER_ROOT;12594;21;12590;15;;;12600;8;12602;20;;;12597.0;0.0
yf_ZW=F_d7;37800;ASH_COATED_OSMIUM;9911;18;9907;20;;;9946;14;9948;25;;;9928.5;0.0
yf_ZW=F_d7;37800;INTARIAN_PEPPER_ROOT;12593;15;12591;22;;;12599;23;12602;13;;;12596.0;0.0
yf_ZW=F_d7;37900;ASH_COATED_OSMIUM;9906;18;9904;16;;;9952;11;9956;10;;;9929.0;0.0
yf_ZW=F_d7;37900;INTARIAN_PEPPER_ROOT;12592;5;12590;20;;;12598;6;12601;20;;;12595.0;0.0
yf_ZW=F_d7;38000;ASH_COATED_OSMIUM;9925;7;9923;22;;;9931;8;9935;18;;;9928.0;0.0
yf_ZW=F_d7;38000;INTARIAN_PEPPER_ROOT;12590;20;12587;18;;;12596;18;12600;12;;;12593.0;0.0
yf_ZW=F_d7;38100;ASH_COATED_OSMIUM;9924;14;9920;19;;;9935;15;9938;14;;;9929.5;0.0
yf_ZW=F_d7;38100;INTARIAN_PEPPER_ROOT;12588;19;12584;19;;;12597;5;12601;25;;;12592.5;0.0
yf_ZW=F_d7;38200;ASH_COATED_OSMIUM;9926;13;9923;28;;;9933;13;9935;16;;;9929.5;0.0
yf_ZW=F_d7;38200;INTARIAN_PEPPER_ROOT;12588;14;12584;23;;;12594;20;12596;21;;;12591.0;0.0
yf_ZW=F_d7;38300;ASH_COATED_OSMIUM;9921;18;9919;20;;;9936;11;9940;18;;;9928.5;0.0
yf_ZW=F_d7;38300;INTARIAN_PEPPER_ROOT;12559;17;12557;23;;;12622;14;12625;12;;;12590.5;0.0
yf_ZW=F_d7;38400;ASH_COATED_OSMIUM;9915;23;9912;24;;;9943;15;9945;18;;;9929.0;0.0
yf_ZW=F_d7;38400;INTARIAN_PEPPER_ROOT;12583;10;12579;14;;;12594;13;12598;20;;;12588.5;0.0
yf_ZW=F_d7;38500;ASH_COATED_OSMIUM;9915;14;9912;18;;;9943;13;9947;24;;;9929.0;0.0
yf_ZW=F_d7;38500;INTARIAN_PEPPER_ROOT;12585;26;12581;32;;;12591;10;12593;24;;;12588.0;0.0
yf_ZW=F_d7;38600;ASH_COATED_OSMIUM;9926;9;9922;26;;;9932;10;9934;16;;;9929.0;0.0
yf_ZW=F_d7;38600;INTARIAN_PEPPER_ROOT;12584;11;12582;22;;;12590;10;12593;22;;;12587.0;0.0
yf_ZW=F_d7;38700;ASH_COATED_OSMIUM;9926;17;9924;21;;;9932;9;9934;20;;;9929.0;0.0
yf_ZW=F_d7;38700;INTARIAN_PEPPER_ROOT;12576;17;12572;23;;;12595;14;12599;20;;;12585.5;0.0
yf_ZW=F_d7;38800;ASH_COATED_OSMIUM;9926;17;9924;24;;;9932;16;9934;17;;;9929.0;0.0
yf_ZW=F_d7;38800;INTARIAN_PEPPER_ROOT;12582;9;12579;13;;;12588;22;12591;19;;;12585.0;0.0
yf_ZW=F_d7;38900;ASH_COATED_OSMIUM;9926;20;9924;29;;;9932;19;9935;13;;;9929.0;0.0
yf_ZW=F_d7;38900;INTARIAN_PEPPER_ROOT;12576;18;12574;20;;;12590;23;12593;17;;;12583.0;0.0
yf_ZW=F_d7;39000;ASH_COATED_OSMIUM;9926;22;9922;20;;;9932;17;9934;19;;;9929.0;0.0
yf_ZW=F_d7;39000;INTARIAN_PEPPER_ROOT;12579;8;12577;19;;;12585;9;12589;27;;;12582.0;0.0
yf_ZW=F_d7;39100;ASH_COATED_OSMIUM;9926;9;9923;9;;;9932;24;9936;18;;;9929.0;0.0
yf_ZW=F_d7;39100;INTARIAN_PEPPER_ROOT;12571;19;12567;19;;;12592;14;12595;14;;;12581.5;0.0
yf_ZW=F_d7;39200;ASH_COATED_OSMIUM;9926;14;9923;25;;;9932;12;9936;15;;;9929.0;0.0
yf_ZW=F_d7;39200;INTARIAN_PEPPER_ROOT;12577;13;12575;20;;;12584;9;12586;17;;;12580.5;0.0
yf_ZW=F_d7;39300;ASH_COATED_OSMIUM;9917;13;9915;27;;;9940;5;9943;14;;;9928.5;0.0
yf_ZW=F_d7;39300;INTARIAN_PEPPER_ROOT;12576;13;12572;21;;;12582;12;12584;17;;;12579.0;0.0
yf_ZW=F_d7;39400;ASH_COATED_OSMIUM;9922;16;9920;22;;;9935;14;9938;22;;;9928.5;0.0
yf_ZW=F_d7;39400;INTARIAN_PEPPER_ROOT;12574;18;12572;17;;;12583;15;12585;14;;;12578.5;0.0
yf_ZW=F_d7;39500;ASH_COATED_OSMIUM;9922;17;9920;25;;;9935;5;9939;28;;;9928.5;0.0
yf_ZW=F_d7;39500;INTARIAN_PEPPER_ROOT;12572;19;12568;23;;;12582;15;12586;15;;;12577.0;0.0
yf_ZW=F_d7;39600;ASH_COATED_OSMIUM;9926;11;9922;19;;;9932;15;9936;23;;;9929.0;0.0
yf_ZW=F_d7;39600;INTARIAN_PEPPER_ROOT;12573;19;12569;27;;;12579;16;12582;19;;;12576.0;0.0
yf_ZW=F_d7;39700;ASH_COATED_OSMIUM;9921;7;9919;23;;;9936;11;9939;17;;;9928.5;0.0
yf_ZW=F_d7;39700;INTARIAN_PEPPER_ROOT;12571;19;12569;21;;;12577;15;12579;18;;;12574.0;0.0
yf_ZW=F_d7;39800;ASH_COATED_OSMIUM;9926;14;9924;18;;;9932;13;9936;17;;;9929.0;0.0
yf_ZW=F_d7;39800;INTARIAN_PEPPER_ROOT;12571;9;12568;14;;;12577;20;12580;19;;;12574.0;0.0
yf_ZW=F_d7;39900;ASH_COATED_OSMIUM;9926;5;9924;20;;;9932;23;9935;23;;;9929.0;0.0
yf_ZW=F_d7;39900;INTARIAN_PEPPER_ROOT;12569;18;12566;23;;;12575;12;12577;19;;;12572.0;0.0
yf_ZW=F_d7;40000;ASH_COATED_OSMIUM;9925;10;9923;15;;;9931;9;9933;19;;;9928.0;0.0
yf_ZW=F_d7;40000;INTARIAN_PEPPER_ROOT;12569;14;12566;21;;;12575;9;12577;10;;;12572.0;0.0
yf_ZW=F_d7;40100;ASH_COATED_OSMIUM;9925;11;9923;14;;;9931;15;9933;25;;;9928.0;0.0
yf_ZW=F_d7;40100;INTARIAN_PEPPER_ROOT;12568;11;12564;23;;;12574;17;12576;22;;;12571.0;0.0
yf_ZW=F_d7;40200;ASH_COATED_OSMIUM;9924;16;9922;20;;;9932;17;9935;25;;;9928.0;0.0
yf_ZW=F_d7;40200;INTARIAN_PEPPER_ROOT;12567;19;12565;22;;;12573;20;12575;20;;;12570.0;0.0
yf_ZW=F_d7;40300;ASH_COATED_OSMIUM;9925;15;9921;23;;;9931;10;9933;22;;;9928.0;0.0
yf_ZW=F_d7;40300;INTARIAN_PEPPER_ROOT;12564;23;12560;20;;;12573;17;12577;17;;;12568.5;0.0
yf_ZW=F_d7;40400;ASH_COATED_OSMIUM;9926;16;9923;10;;;9932;12;9935;20;;;9929.0;0.0
yf_ZW=F_d7;40400;INTARIAN_PEPPER_ROOT;12557;15;12555;21;;;12577;19;12579;9;;;12567.0;0.0
yf_ZW=F_d7;40500;ASH_COATED_OSMIUM;9919;18;9917;18;;;9939;13;9943;25;;;9929.0;0.0
yf_ZW=F_d7;40500;INTARIAN_PEPPER_ROOT;12563;16;12560;13;;;12570;17;12572;25;;;12566.5;0.0
yf_ZW=F_d7;40600;ASH_COATED_OSMIUM;9926;18;9923;18;;;9932;21;9934;23;;;9929.0;0.0
yf_ZW=F_d7;40600;INTARIAN_PEPPER_ROOT;12563;18;12561;17;;;12569;19;12572;22;;;12566.0;0.0
yf_ZW=F_d7;40700;ASH_COATED_OSMIUM;9926;14;9922;12;;;9932;8;9935;19;;;9929.0;0.0
yf_ZW=F_d7;40700;INTARIAN_PEPPER_ROOT;12562;13;12559;18;;;12568;5;12570;24;;;12565.0;0.0
yf_ZW=F_d7;40800;ASH_COATED_OSMIUM;9926;16;9924;16;;;9932;22;9935;28;;;9929.0;0.0
yf_ZW=F_d7;40800;INTARIAN_PEPPER_ROOT;12560;8;12557;16;;;12566;18;12568;21;;;12563.0;0.0
yf_ZW=F_d7;40900;ASH_COATED_OSMIUM;9921;9;9919;21;;;9935;12;9939;20;;;9928.0;0.0
yf_ZW=F_d7;40900;INTARIAN_PEPPER_ROOT;12557;5;12554;11;;;12567;16;12571;21;;;12562.0;0.0
yf_ZW=F_d7;41000;ASH_COATED_OSMIUM;9926;18;9924;18;;;9932;14;9935;21;;;9929.0;0.0
yf_ZW=F_d7;41000;INTARIAN_PEPPER_ROOT;12557;15;12553;25;;;12563;9;12565;28;;;12560.0;0.0
yf_ZW=F_d7;41100;ASH_COATED_OSMIUM;9924;5;9920;22;;;9934;14;9937;19;;;9929.0;0.0
yf_ZW=F_d7;41100;INTARIAN_PEPPER_ROOT;12556;12;12554;12;;;12562;19;12564;16;;;12559.0;0.0
yf_ZW=F_d7;41200;ASH_COATED_OSMIUM;9908;20;9906;11;;;9949;21;9951;19;;;9928.5;0.0
yf_ZW=F_d7;41200;INTARIAN_PEPPER_ROOT;12554;17;12551;24;;;12563;10;12566;23;;;12558.5;0.0
yf_ZW=F_d7;41300;ASH_COATED_OSMIUM;9926;16;9924;23;;;9932;11;9935;19;;;9929.0;0.0
yf_ZW=F_d7;41300;INTARIAN_PEPPER_ROOT;12554;11;12551;14;;;12560;14;12564;18;;;12557.0;0.0
yf_ZW=F_d7;41400;ASH_COATED_OSMIUM;9925;11;9923;10;;;9933;14;9936;16;;;9929.0;0.0
yf_ZW=F_d7;41400;INTARIAN_PEPPER_ROOT;12554;12;12550;20;;;12560;19;12564;21;;;12557.0;0.0
yf_ZW=F_d7;41500;ASH_COATED_OSMIUM;9922;14;9918;24;;;9935;10;9937;18;;;9928.5;0.0
yf_ZW=F_d7;41500;INTARIAN_PEPPER_ROOT;12552;10;12549;18;;;12558;14;12560;12;;;12555.0;0.0
yf_ZW=F_d7;41600;ASH_COATED_OSMIUM;9925;5;9922;21;;;9931;19;9934;12;;;9928.0;0.0
yf_ZW=F_d7;41600;INTARIAN_PEPPER_ROOT;12545;14;12542;17;;;12564;22;12566;26;;;12554.5;0.0
yf_ZW=F_d7;41700;ASH_COATED_OSMIUM;9926;12;9924;17;;;9932;11;9936;22;;;9929.0;0.0
yf_ZW=F_d7;41700;INTARIAN_PEPPER_ROOT;12551;12;12547;10;;;12557;17;12560;18;;;12554.0;0.0
yf_ZW=F_d7;41800;ASH_COATED_OSMIUM;9924;14;9920;19;;;9932;14;9934;17;;;9928.0;0.0
yf_ZW=F_d7;41800;INTARIAN_PEPPER_ROOT;12547;25;12543;17;;;12556;16;12559;18;;;12551.5;0.0
yf_ZW=F_d7;41900;ASH_COATED_OSMIUM;9921;14;9919;24;;;9936;9;9938;15;;;9928.5;0.0
yf_ZW=F_d7;41900;INTARIAN_PEPPER_ROOT;12548;13;12545;27;;;12554;14;12558;17;;;12551.0;0.0
yf_ZW=F_d7;42000;ASH_COATED_OSMIUM;9923;15;9920;13;;;9934;17;9938;13;;;9928.5;0.0
yf_ZW=F_d7;42000;INTARIAN_PEPPER_ROOT;12547;21;12544;24;;;12553;16;12557;23;;;12550.0;0.0
yf_ZW=F_d7;42100;ASH_COATED_OSMIUM;9925;22;9921;29;;;9931;15;9933;17;;;9928.0;0.0
yf_ZW=F_d7;42100;INTARIAN_PEPPER_ROOT;12546;20;12544;16;;;12552;11;12554;21;;;12549.0;0.0
yf_ZW=F_d7;42200;ASH_COATED_OSMIUM;9921;12;9917;22;;;9935;16;9937;21;;;9928.0;0.0
yf_ZW=F_d7;42200;INTARIAN_PEPPER_ROOT;12540;16;12536;17;;;12556;23;12558;17;;;12548.0;0.0
yf_ZW=F_d7;42300;ASH_COATED_OSMIUM;9924;23;9921;19;;;9934;22;9936;20;;;9929.0;0.0
yf_ZW=F_d7;42300;INTARIAN_PEPPER_ROOT;12544;5;12540;21;;;12550;9;12553;14;;;12547.0;0.0
yf_ZW=F_d7;42400;ASH_COATED_OSMIUM;9918;12;9914;26;;;9940;16;9944;20;;;9929.0;0.0
yf_ZW=F_d7;42400;INTARIAN_PEPPER_ROOT;12541;12;12537;9;;;12549;21;12553;25;;;12545.0;0.0
yf_ZW=F_d7;42500;ASH_COATED_OSMIUM;9925;22;9922;16;;;9931;18;9935;18;;;9928.0;0.0
yf_ZW=F_d7;42500;INTARIAN_PEPPER_ROOT;12542;10;12538;16;;;12548;20;12550;21;;;12545.0;0.0
yf_ZW=F_d7;42600;ASH_COATED_OSMIUM;9926;20;9923;26;;;9932;19;9936;24;;;9929.0;0.0
yf_ZW=F_d7;42600;INTARIAN_PEPPER_ROOT;12533;19;12529;18;;;12553;21;12556;18;;;12543.0;0.0
yf_ZW=F_d7;42700;ASH_COATED_OSMIUM;9926;8;9922;17;;;9932;15;9935;17;;;9929.0;0.0
yf_ZW=F_d7;42700;INTARIAN_PEPPER_ROOT;12539;19;12535;19;;;12545;5;12547;19;;;12542.0;0.0
yf_ZW=F_d7;42800;ASH_COATED_OSMIUM;9926;22;9924;15;;;9932;18;9934;17;;;9929.0;0.0
yf_ZW=F_d7;42800;INTARIAN_PEPPER_ROOT;12538;18;12536;26;;;12544;19;12546;10;;;12541.0;0.0
yf_ZW=F_d7;42900;ASH_COATED_OSMIUM;9925;14;9922;17;;;9931;16;9934;22;;;9928.0;0.0
yf_ZW=F_d7;42900;INTARIAN_PEPPER_ROOT;12536;7;12534;13;;;12544;6;12546;24;;;12540.0;0.0
yf_ZW=F_d7;43000;ASH_COATED_OSMIUM;9926;7;9924;25;;;9932;14;9935;19;;;9929.0;0.0
yf_ZW=F_d7;43000;INTARIAN_PEPPER_ROOT;12536;13;12533;15;;;12542;6;12544;15;;;12539.0;0.0
yf_ZW=F_d7;43100;ASH_COATED_OSMIUM;9923;16;9920;23;;;9934;11;9938;26;;;9928.5;0.0
yf_ZW=F_d7;43100;INTARIAN_PEPPER_ROOT;12535;29;12531;12;;;12541;22;12544;20;;;12538.0;0.0
yf_ZW=F_d7;43200;ASH_COATED_OSMIUM;9925;10;9922;11;;;9931;11;9933;11;;;9928.0;0.0
yf_ZW=F_d7;43200;INTARIAN_PEPPER_ROOT;12534;9;12531;25;;;12540;19;12543;22;;;12537.0;0.0
yf_ZW=F_d7;43300;ASH_COATED_OSMIUM;9925;11;9922;19;;;9931;17;9934;16;;;9928.0;0.0
yf_ZW=F_d7;43300;INTARIAN_PEPPER_ROOT;12533;15;12531;21;;;12539;17;12541;17;;;12536.0;0.0
yf_ZW=F_d7;43400;ASH_COATED_OSMIUM;9925;12;9921;17;;;9933;12;9936;22;;;9929.0;0.0
yf_ZW=F_d7;43400;INTARIAN_PEPPER_ROOT;12532;20;12528;18;;;12538;10;12541;18;;;12535.0;0.0
yf_ZW=F_d7;43500;ASH_COATED_OSMIUM;9920;21;9917;25;;;9936;12;9939;20;;;9928.0;0.0
yf_ZW=F_d7;43500;INTARIAN_PEPPER_ROOT;12531;8;12528;24;;;12537;18;12541;23;;;12534.0;0.0
yf_ZW=F_d7;43600;ASH_COATED_OSMIUM;9925;8;9922;21;;;9931;11;9934;16;;;9928.0;0.0
yf_ZW=F_d7;43600;INTARIAN_PEPPER_ROOT;12528;10;12524;19;;;12537;5;12541;17;;;12532.5;0.0
yf_ZW=F_d7;43700;ASH_COATED_OSMIUM;9925;13;9921;10;;;9931;24;9933;19;;;9928.0;0.0
yf_ZW=F_d7;43700;INTARIAN_PEPPER_ROOT;12524;5;12520;14;;;12539;18;12541;16;;;12531.5;0.0
yf_ZW=F_d7;43800;ASH_COATED_OSMIUM;9925;16;9923;21;;;9931;7;9934;23;;;9928.0;0.0
yf_ZW=F_d7;43800;INTARIAN_PEPPER_ROOT;12525;23;12521;23;;;12535;5;12539;21;;;12530.0;0.0
yf_ZW=F_d7;43900;ASH_COATED_OSMIUM;9924;16;9921;20;;;9932;16;9935;15;;;9928.0;0.0
yf_ZW=F_d7;43900;INTARIAN_PEPPER_ROOT;12526;12;12522;13;;;12532;13;12535;19;;;12529.0;0.0
yf_ZW=F_d7;44000;ASH_COATED_OSMIUM;9925;18;9922;16;;;9931;6;9935;15;;;9928.0;0.0
yf_ZW=F_d7;44000;INTARIAN_PEPPER_ROOT;12525;26;12523;21;;;12531;13;12533;23;;;12528.0;0.0
yf_ZW=F_d7;44100;ASH_COATED_OSMIUM;9924;11;9921;14;;;9933;21;9935;29;;;9928.5;0.0
yf_ZW=F_d7;44100;INTARIAN_PEPPER_ROOT;12524;6;12521;9;;;12530;12;12532;16;;;12527.0;0.0
yf_ZW=F_d7;44200;ASH_COATED_OSMIUM;9910;16;9907;14;;;9947;11;9950;16;;;9928.5;0.0
yf_ZW=F_d7;44200;INTARIAN_PEPPER_ROOT;12522;5;12520;16;;;12528;13;12531;22;;;12525.0;0.0
yf_ZW=F_d7;44300;ASH_COATED_OSMIUM;9926;9;9924;24;;;9932;13;9936;17;;;9929.0;0.0
yf_ZW=F_d7;44300;INTARIAN_PEPPER_ROOT;12522;18;12519;12;;;12528;12;12532;21;;;12525.0;0.0
yf_ZW=F_d7;44400;ASH_COATED_OSMIUM;9925;15;9922;17;;;9931;12;9933;24;;;9928.0;0.0
yf_ZW=F_d7;44400;INTARIAN_PEPPER_ROOT;12521;19;12518;19;;;12527;19;12529;21;;;12524.0;0.0
yf_ZW=F_d7;44500;ASH_COATED_OSMIUM;9921;22;9917;19;;;9936;11;9940;19;;;9928.5;0.0
yf_ZW=F_d7;44500;INTARIAN_PEPPER_ROOT;12520;21;12518;21;;;12526;9;12529;13;;;12523.0;0.0
yf_ZW=F_d7;44600;ASH_COATED_OSMIUM;9925;5;9921;23;;;9931;17;9933;15;;;9928.0;0.0
yf_ZW=F_d7;44600;INTARIAN_PEPPER_ROOT;12519;11;12515;13;;;12525;9;12529;9;;;12522.0;0.0
yf_ZW=F_d7;44700;ASH_COATED_OSMIUM;9925;9;9922;17;;;9931;12;9933;20;;;9928.0;0.0
yf_ZW=F_d7;44700;INTARIAN_PEPPER_ROOT;12509;20;12505;22;;;12532;10;12535;16;;;12520.5;0.0
yf_ZW=F_d7;44800;ASH_COATED_OSMIUM;9921;8;9919;21;;;9936;26;9939;18;;;9928.5;0.0
yf_ZW=F_d7;44800;INTARIAN_PEPPER_ROOT;12517;15;12515;15;;;12523;16;12525;17;;;12520.0;0.0
yf_ZW=F_d7;44900;ASH_COATED_OSMIUM;9920;11;9918;11;;;9936;15;9940;21;;;9928.0;0.0
yf_ZW=F_d7;44900;INTARIAN_PEPPER_ROOT;12514;17;12512;20;;;12523;14;12526;12;;;12518.5;0.0
yf_ZW=F_d7;45000;ASH_COATED_OSMIUM;9926;14;9922;16;;;9932;7;9936;26;;;9929.0;0.0
yf_ZW=F_d7;45000;INTARIAN_PEPPER_ROOT;12514;17;12510;21;;;12520;11;12524;14;;;12517.0;0.0
yf_ZW=F_d7;45100;ASH_COATED_OSMIUM;9925;21;9921;15;;;9931;14;9935;16;;;9928.0;0.0
yf_ZW=F_d7;45100;INTARIAN_PEPPER_ROOT;12513;8;12509;33;;;12519;16;12521;26;;;12516.0;0.0
yf_ZW=F_d7;45200;ASH_COATED_OSMIUM;9926;13;9924;23;;;9932;19;9936;15;;;9929.0;0.0
yf_ZW=F_d7;45200;INTARIAN_PEPPER_ROOT;12512;18;12510;24;;;12518;13;12521;24;;;12515.0;0.0
yf_ZW=F_d7;45300;ASH_COATED_OSMIUM;9925;10;9922;16;;;9931;20;9934;15;;;9928.0;0.0
yf_ZW=F_d7;45300;INTARIAN_PEPPER_ROOT;12511;13;12508;18;;;12518;10;12521;12;;;12514.5;0.0
yf_ZW=F_d7;45400;ASH_COATED_OSMIUM;9925;14;9921;24;;;9931;21;9933;21;;;9928.0;0.0
yf_ZW=F_d7;45400;INTARIAN_PEPPER_ROOT;12503;11;12499;20;;;12522;6;12525;17;;;12512.5;0.0
yf_ZW=F_d7;45500;ASH_COATED_OSMIUM;9925;21;9922;28;;;9932;11;9935;11;;;9928.5;0.0
yf_ZW=F_d7;45500;INTARIAN_PEPPER_ROOT;12507;16;12503;19;;;12517;14;12521;12;;;12512.0;0.0
yf_ZW=F_d7;45600;ASH_COATED_OSMIUM;9926;17;9924;17;;;9932;15;9936;23;;;9929.0;0.0
yf_ZW=F_d7;45600;INTARIAN_PEPPER_ROOT;12508;11;12505;21;;;12515;19;12518;20;;;12511.5;0.0
yf_ZW=F_d7;45700;ASH_COATED_OSMIUM;9925;19;9923;21;;;9931;13;9934;15;;;9928.0;0.0
yf_ZW=F_d7;45700;INTARIAN_PEPPER_ROOT;12507;13;12505;15;;;12513;17;12517;15;;;12510.0;0.0
yf_ZW=F_d7;45800;ASH_COATED_OSMIUM;9924;7;9920;19;;;9933;20;9935;20;;;9928.5;0.0
yf_ZW=F_d7;45800;INTARIAN_PEPPER_ROOT;12499;24;12496;18;;;12518;18;12520;27;;;12508.5;0.0
yf_ZW=F_d7;45900;ASH_COATED_OSMIUM;9923;21;9919;27;;;9932;17;9935;13;;;9927.5;0.0
yf_ZW=F_d7;45900;INTARIAN_PEPPER_ROOT;12504;10;12500;20;;;12510;13;12513;23;;;12507.0;0.0
yf_ZW=F_d7;46000;ASH_COATED_OSMIUM;9924;6;9920;11;;;9934;15;9936;16;;;9929.0;0.0
yf_ZW=F_d7;46000;INTARIAN_PEPPER_ROOT;12503;7;12500;23;;;12509;17;12511;17;;;12506.0;0.0
yf_ZW=F_d7;46100;ASH_COATED_OSMIUM;9922;22;9918;18;;;9934;6;9938;24;;;9928.0;0.0
yf_ZW=F_d7;46100;INTARIAN_PEPPER_ROOT;12493;12;12490;15;;;12516;18;12519;31;;;12504.5;0.0
yf_ZW=F_d7;46200;ASH_COATED_OSMIUM;9926;5;9922;25;;;9932;16;9935;17;;;9929.0;0.0
yf_ZW=F_d7;46200;INTARIAN_PEPPER_ROOT;12501;6;12499;17;;;12507;9;12509;11;;;12504.0;0.0
yf_ZW=F_d7;46300;ASH_COATED_OSMIUM;9922;23;9919;11;;;9935;19;9939;23;;;9928.5;0.0
yf_ZW=F_d7;46300;INTARIAN_PEPPER_ROOT;12500;14;12496;23;;;12506;17;12508;20;;;12503.0;0.0
yf_ZW=F_d7;46400;ASH_COATED_OSMIUM;9925;18;9921;23;;;9931;15;9934;22;;;9928.0;0.0
yf_ZW=F_d7;46400;INTARIAN_PEPPER_ROOT;12499;21;12496;30;;;12505;16;12507;17;;;12502.0;0.0
yf_ZW=F_d7;46500;ASH_COATED_OSMIUM;9922;16;9920;21;;;9934;20;9937;27;;;9928.0;0.0
yf_ZW=F_d7;46500;INTARIAN_PEPPER_ROOT;12498;9;12496;24;;;12504;19;12508;21;;;12501.0;0.0
yf_ZW=F_d7;46600;ASH_COATED_OSMIUM;9925;11;9923;22;;;9931;15;9934;18;;;9928.0;0.0
yf_ZW=F_d7;46600;INTARIAN_PEPPER_ROOT;12496;20;12494;18;;;12502;18;12505;25;;;12499.0;0.0
yf_ZW=F_d7;46700;ASH_COATED_OSMIUM;9926;13;9923;13;;;9932;8;9935;22;;;9929.0;0.0
yf_ZW=F_d7;46700;INTARIAN_PEPPER_ROOT;12495;13;12493;26;;;12501;17;12503;26;;;12498.0;0.0
yf_ZW=F_d7;46800;ASH_COATED_OSMIUM;9925;19;9923;18;;;9931;5;9933;24;;;9928.0;0.0
yf_ZW=F_d7;46800;INTARIAN_PEPPER_ROOT;12491;13;12489;27;;;12506;14;12508;20;;;12498.5;0.0
yf_ZW=F_d7;46900;ASH_COATED_OSMIUM;9925;10;9921;14;;;9931;17;9934;15;;;9928.0;0.0
yf_ZW=F_d7;46900;INTARIAN_PEPPER_ROOT;12494;15;12490;25;;;12500;16;12504;12;;;12497.0;0.0
yf_ZW=F_d7;47000;ASH_COATED_OSMIUM;9924;14;9921;18;;;9933;12;9936;14;;;9928.5;0.0
yf_ZW=F_d7;47000;INTARIAN_PEPPER_ROOT;12492;6;12489;19;;;12498;17;12501;20;;;12495.0;0.0
yf_ZW=F_d7;47100;ASH_COATED_OSMIUM;9925;6;9923;13;;;9932;18;9936;10;;;9928.5;0.0
yf_ZW=F_d7;47100;INTARIAN_PEPPER_ROOT;12492;18;12490;14;;;12498;15;12501;28;;;12495.0;0.0
yf_ZW=F_d7;47200;ASH_COATED_OSMIUM;9926;14;9924;17;;;9932;19;9934;18;;;9929.0;0.0
yf_ZW=F_d7;47200;INTARIAN_PEPPER_ROOT;12490;12;12488;27;;;12496;5;12498;21;;;12493.0;0.0
yf_ZW=F_d7;47300;ASH_COATED_OSMIUM;9925;10;9922;17;;;9931;11;9935;25;;;9928.0;0.0
yf_ZW=F_d7;47300;INTARIAN_PEPPER_ROOT;12489;13;12486;16;;;12495;17;12497;11;;;12492.0;0.0
yf_ZW=F_d7;47400;ASH_COATED_OSMIUM;9921;18;9918;19;;;9935;17;9937;25;;;9928.0;0.0
yf_ZW=F_d7;47400;INTARIAN_PEPPER_ROOT;12486;13;12483;18;;;12496;16;12499;15;;;12491.0;0.0
yf_ZW=F_d7;47500;ASH_COATED_OSMIUM;9923;6;9920;26;;;9934;14;9938;11;;;9928.5;0.0
yf_ZW=F_d7;47500;INTARIAN_PEPPER_ROOT;12487;17;12483;32;;;12493;9;12496;22;;;12490.0;0.0
yf_ZW=F_d7;47600;ASH_COATED_OSMIUM;9918;13;9916;28;;;9939;17;9941;25;;;9928.5;0.0
yf_ZW=F_d7;47600;INTARIAN_PEPPER_ROOT;12478;7;12475;28;;;12500;14;12504;18;;;12489.0;0.0
yf_ZW=F_d7;47700;ASH_COATED_OSMIUM;9925;23;9921;18;;;9931;10;9933;10;;;9928.0;0.0
yf_ZW=F_d7;47700;INTARIAN_PEPPER_ROOT;12474;18;12471;14;;;12502;6;12504;18;;;12488.0;0.0
yf_ZW=F_d7;47800;ASH_COATED_OSMIUM;9922;9;9920;25;;;9935;9;9938;13;;;9928.5;0.0
yf_ZW=F_d7;47800;INTARIAN_PEPPER_ROOT;12484;5;12482;19;;;12490;15;12492;17;;;12487.0;0.0
yf_ZW=F_d7;47900;ASH_COATED_OSMIUM;9922;20;9918;15;;;9935;11;9939;20;;;9928.5;0.0
yf_ZW=F_d7;47900;INTARIAN_PEPPER_ROOT;12478;16;12475;20;;;12493;5;12495;23;;;12485.5;0.0
yf_ZW=F_d7;48000;ASH_COATED_OSMIUM;9915;13;9911;20;;;9942;5;9946;22;;;9928.5;0.0
yf_ZW=F_d7;48000;INTARIAN_PEPPER_ROOT;12481;6;12478;21;;;12487;18;12490;20;;;12484.0;0.0
yf_ZW=F_d7;48100;ASH_COATED_OSMIUM;9925;5;9921;22;;;9931;9;9934;16;;;9928.0;0.0
yf_ZW=F_d7;48100;INTARIAN_PEPPER_ROOT;12480;13;12476;15;;;12486;16;12490;22;;;12483.0;0.0
yf_ZW=F_d7;48200;ASH_COATED_OSMIUM;9925;16;9921;19;;;9931;18;9934;24;;;9928.0;0.0
yf_ZW=F_d7;48200;INTARIAN_PEPPER_ROOT;12471;9;12469;29;;;12493;17;12495;17;;;12482.0;0.0
yf_ZW=F_d7;48300;ASH_COATED_OSMIUM;9923;16;9921;16;;;9933;16;9937;25;;;9928.0;0.0
yf_ZW=F_d7;48300;INTARIAN_PEPPER_ROOT;12478;17;12474;16;;;12485;18;12489;24;;;12481.5;0.0
yf_ZW=F_d7;48400;ASH_COATED_OSMIUM;9925;18;9923;15;;;9931;7;9935;19;;;9928.0;0.0
yf_ZW=F_d7;48400;INTARIAN_PEPPER_ROOT;12469;15;12467;17;;;12492;9;12496;25;;;12480.5;0.0
yf_ZW=F_d7;48500;ASH_COATED_OSMIUM;9920;18;9916;18;;;9936;18;9940;22;;;9928.0;0.0
yf_ZW=F_d7;48500;INTARIAN_PEPPER_ROOT;12471;9;12469;14;;;12487;11;12490;29;;;12479.0;0.0
yf_ZW=F_d7;48600;ASH_COATED_OSMIUM;9926;22;9923;19;;;9932;11;9934;16;;;9929.0;0.0
yf_ZW=F_d7;48600;INTARIAN_PEPPER_ROOT;12475;16;12471;21;;;12481;23;12483;23;;;12478.0;0.0
yf_ZW=F_d7;48700;ASH_COATED_OSMIUM;9915;14;9913;20;;;9942;12;9944;15;;;9928.5;0.0
yf_ZW=F_d7;48700;INTARIAN_PEPPER_ROOT;12472;19;12469;29;;;12483;16;12485;18;;;12477.5;0.0
yf_ZW=F_d7;48800;ASH_COATED_OSMIUM;9926;20;9922;14;;;9932;8;9936;27;;;9929.0;0.0
yf_ZW=F_d7;48800;INTARIAN_PEPPER_ROOT;12470;10;12468;14;;;12482;13;12484;23;;;12476.0;0.0
yf_ZW=F_d7;48900;ASH_COATED_OSMIUM;9926;20;9922;26;;;9932;16;9934;23;;;9929.0;0.0
yf_ZW=F_d7;48900;INTARIAN_PEPPER_ROOT;12467;16;12465;18;;;12483;13;12487;15;;;12475.0;0.0
yf_ZW=F_d7;49000;ASH_COATED_OSMIUM;9922;8;9918;14;;;9933;7;9937;18;;;9927.5;0.0
yf_ZW=F_d7;49000;INTARIAN_PEPPER_ROOT;12470;11;12466;17;;;12477;12;12479;20;;;12473.5;0.0
yf_ZW=F_d7;49100;ASH_COATED_OSMIUM;9926;5;9923;23;;;9932;5;9936;16;;;9929.0;0.0
yf_ZW=F_d7;49100;INTARIAN_PEPPER_ROOT;12467;9;12465;20;;;12478;12;12482;23;;;12472.5;0.0
yf_ZW=F_d7;49200;ASH_COATED_OSMIUM;9926;15;9922;19;;;9932;22;9934;24;;;9929.0;0.0
yf_ZW=F_d7;49200;INTARIAN_PEPPER_ROOT;12466;18;12462;23;;;12477;10;12480;16;;;12471.5;0.0
yf_ZW=F_d7;49300;ASH_COATED_OSMIUM;9925;24;9921;17;;;9931;14;9933;23;;;9928.0;0.0
yf_ZW=F_d7;49300;INTARIAN_PEPPER_ROOT;12465;12;12462;17;;;12476;16;12478;23;;;12470.5;0.0
yf_ZW=F_d7;49400;ASH_COATED_OSMIUM;9925;17;9923;24;;;9931;15;9934;23;;;9928.0;0.0
yf_ZW=F_d7;49400;INTARIAN_PEPPER_ROOT;12466;14;12463;21;;;12472;7;12476;19;;;12469.0;0.0
yf_ZW=F_d7;49500;ASH_COATED_OSMIUM;9925;12;9921;27;;;9931;14;9935;26;;;9928.0;0.0
yf_ZW=F_d7;49500;INTARIAN_PEPPER_ROOT;12465;11;12462;15;;;12471;14;12473;25;;;12468.0;0.0
yf_ZW=F_d7;49600;ASH_COATED_OSMIUM;9922;19;9918;20;;;9934;17;9937;17;;;9928.0;0.0
yf_ZW=F_d7;49600;INTARIAN_PEPPER_ROOT;12464;20;12461;27;;;12470;14;12473;26;;;12467.0;0.0
yf_ZW=F_d7;49700;ASH_COATED_OSMIUM;9925;9;9921;17;;;9931;12;9933;22;;;9928.0;0.0
yf_ZW=F_d7;49700;INTARIAN_PEPPER_ROOT;12464;7;12462;17;;;12470;22;12473;15;;;12467.0;0.0
yf_ZW=F_d7;49800;ASH_COATED_OSMIUM;9921;10;9918;15;;;9934;14;9938;15;;;9927.5;0.0
yf_ZW=F_d7;49800;INTARIAN_PEPPER_ROOT;12462;18;12459;20;;;12468;14;12471;14;;;12465.0;0.0
yf_ZW=F_d7;49900;ASH_COATED_OSMIUM;9915;5;9912;16;;;9941;20;9943;13;;;9928.0;0.0
yf_ZW=F_d7;49900;INTARIAN_PEPPER_ROOT;12461;7;12457;16;;;12467;16;12470;26;;;12464.0;0.0
yf_ZW=F_d7;50000;ASH_COATED_OSMIUM;9922;9;9918;27;;;9935;10;9939;14;;;9928.5;0.0
yf_ZW=F_d7;50000;INTARIAN_PEPPER_ROOT;12456;10;12453;22;;;12470;13;12473;26;;;12463.0;0.0
yf_ZW=F_d7;50100;ASH_COATED_OSMIUM;9925;16;9922;22;;;9931;8;9935;14;;;9928.0;0.0
yf_ZW=F_d7;50100;INTARIAN_PEPPER_ROOT;12457;16;12454;16;;;12466;15;12469;22;;;12461.5;0.0
yf_ZW=F_d7;50200;ASH_COATED_OSMIUM;9925;8;9923;22;;;9931;9;9934;12;;;9928.0;0.0
yf_ZW=F_d7;50200;INTARIAN_PEPPER_ROOT;12457;21;12455;20;;;12463;10;12465;16;;;12460.0;0.0
yf_ZW=F_d7;50300;ASH_COATED_OSMIUM;9925;16;9922;21;;;9932;8;9934;16;;;9928.5;0.0
yf_ZW=F_d7;50300;INTARIAN_PEPPER_ROOT;12457;14;12453;24;;;12463;9;12465;17;;;12460.0;0.0
yf_ZW=F_d7;50400;ASH_COATED_OSMIUM;9925;13;9921;17;;;9931;5;9934;20;;;9928.0;0.0
yf_ZW=F_d7;50400;INTARIAN_PEPPER_ROOT;12455;20;12453;13;;;12461;22;12463;28;;;12458.0;0.0
yf_ZW=F_d7;50500;ASH_COATED_OSMIUM;9916;14;9914;23;;;9940;21;9943;13;;;9928.0;0.0
yf_ZW=F_d7;50500;INTARIAN_PEPPER_ROOT;12454;10;12450;20;;;12460;18;12464;18;;;12457.0;0.0
yf_ZW=F_d7;50600;ASH_COATED_OSMIUM;9923;19;9919;17;;;9934;12;9936;13;;;9928.5;0.0
yf_ZW=F_d7;50600;INTARIAN_PEPPER_ROOT;12453;5;12451;20;;;12459;13;12462;21;;;12456.0;0.0
yf_ZW=F_d7;50700;ASH_COATED_OSMIUM;9925;11;9921;9;;;9931;24;9935;23;;;9928.0;0.0
yf_ZW=F_d7;50700;INTARIAN_PEPPER_ROOT;12452;22;12450;27;;;12458;13;12462;14;;;12455.0;0.0
yf_ZW=F_d7;50800;ASH_COATED_OSMIUM;9925;19;9922;24;;;9932;18;9936;26;;;9928.5;0.0
yf_ZW=F_d7;50800;INTARIAN_PEPPER_ROOT;12451;12;12449;27;;;12457;18;12460;20;;;12454.0;0.0
yf_ZW=F_d7;50900;ASH_COATED_OSMIUM;9925;9;9923;26;;;9931;16;9933;26;;;9928.0;0.0
yf_ZW=F_d7;50900;INTARIAN_PEPPER_ROOT;12450;26;12447;25;;;12458;19;12460;18;;;12454.0;0.0
yf_ZW=F_d7;51000;ASH_COATED_OSMIUM;9925;13;9923;17;;;9931;15;9935;19;;;9928.0;0.0
yf_ZW=F_d7;51000;INTARIAN_PEPPER_ROOT;12452;10;12449;19;;;12458;6;12462;16;;;12455.0;0.0
yf_ZW=F_d7;51100;ASH_COATED_OSMIUM;9925;18;9921;21;;;9931;8;9935;22;;;9928.0;0.0
yf_ZW=F_d7;51100;INTARIAN_PEPPER_ROOT;12453;19;12451;18;;;12459;12;12462;15;;;12456.0;0.0
yf_ZW=F_d7;51200;ASH_COATED_OSMIUM;9926;10;9924;18;;;9932;16;9936;26;;;9929.0;0.0
yf_ZW=F_d7;51200;INTARIAN_PEPPER_ROOT;12451;19;12449;17;;;12460;12;12464;15;;;12455.5;0.0
yf_ZW=F_d7;51300;ASH_COATED_OSMIUM;9925;21;9922;23;;;9931;22;9934;20;;;9928.0;0.0
yf_ZW=F_d7;51300;INTARIAN_PEPPER_ROOT;12448;10;12446;19;;;12465;20;12469;17;;;12456.5;0.0
yf_ZW=F_d7;51400;ASH_COATED_OSMIUM;9922;13;9918;20;;;9935;19;9939;19;;;9928.5;0.0
yf_ZW=F_d7;51400;INTARIAN_PEPPER_ROOT;12455;15;12451;14;;;12461;13;12463;14;;;12458.0;0.0
yf_ZW=F_d7;51500;ASH_COATED_OSMIUM;9921;13;9918;24;;;9936;20;9938;20;;;9928.5;0.0
yf_ZW=F_d7;51500;INTARIAN_PEPPER_ROOT;12450;13;12446;13;;;12468;11;12472;16;;;12459.0;0.0
yf_ZW=F_d7;51600;ASH_COATED_OSMIUM;9925;16;9921;28;;;9931;17;9935;15;;;9928.0;0.0
yf_ZW=F_d7;51600;INTARIAN_PEPPER_ROOT;12450;12;12447;20;;;12469;17;12473;18;;;12459.5;0.0
yf_ZW=F_d7;51700;ASH_COATED_OSMIUM;9925;10;9921;22;;;9931;24;9935;25;;;9928.0;0.0
yf_ZW=F_d7;51700;INTARIAN_PEPPER_ROOT;12457;21;12453;18;;;12463;10;12466;16;;;12460.0;0.0
yf_ZW=F_d7;51800;ASH_COATED_OSMIUM;9925;15;9921;14;;;9932;16;9934;17;;;9928.5;0.0
yf_ZW=F_d7;51800;INTARIAN_PEPPER_ROOT;12452;14;12449;27;;;12471;26;12475;17;;;12461.5;0.0
yf_ZW=F_d7;51900;ASH_COATED_OSMIUM;9925;10;9922;27;;;9931;7;9934;18;;;9928.0;0.0
yf_ZW=F_d7;51900;INTARIAN_PEPPER_ROOT;12459;20;12455;12;;;12465;5;12467;25;;;12462.0;0.0
yf_ZW=F_d7;52000;ASH_COATED_OSMIUM;9925;13;9921;19;;;9932;15;9934;29;;;9928.5;0.0
yf_ZW=F_d7;52000;INTARIAN_PEPPER_ROOT;12459;15;12456;14;;;12465;17;12469;18;;;12462.0;0.0
yf_ZW=F_d7;52100;ASH_COATED_OSMIUM;9921;15;9917;17;;;9935;10;9939;30;;;9928.0;0.0
yf_ZW=F_d7;52100;INTARIAN_PEPPER_ROOT;12458;5;12454;21;;;12469;14;12471;13;;;12463.5;0.0
yf_ZW=F_d7;52200;ASH_COATED_OSMIUM;9926;14;9922;16;;;9932;17;9935;20;;;9929.0;0.0
yf_ZW=F_d7;52200;INTARIAN_PEPPER_ROOT;12461;12;12459;10;;;12467;17;12470;26;;;12464.0;0.0
yf_ZW=F_d7;52300;ASH_COATED_OSMIUM;9918;17;9916;24;;;9938;5;9940;21;;;9928.0;0.0
yf_ZW=F_d7;52300;INTARIAN_PEPPER_ROOT;12461;20;12457;27;;;12467;6;12470;18;;;12464.0;0.0
yf_ZW=F_d7;52400;ASH_COATED_OSMIUM;9925;9;9921;14;;;9931;12;9934;20;;;9928.0;0.0
yf_ZW=F_d7;52400;INTARIAN_PEPPER_ROOT;12463;5;12459;25;;;12469;13;12471;13;;;12466.0;0.0
yf_ZW=F_d7;52500;ASH_COATED_OSMIUM;9925;15;9923;21;;;9931;16;9933;19;;;9928.0;0.0
yf_ZW=F_d7;52500;INTARIAN_PEPPER_ROOT;12445;15;12441;18;;;12487;18;12490;15;;;12466.0;0.0
yf_ZW=F_d7;52600;ASH_COATED_OSMIUM;9926;16;9924;27;;;9932;10;9934;22;;;9929.0;0.0
yf_ZW=F_d7;52600;INTARIAN_PEPPER_ROOT;12455;20;12453;11;;;12479;20;12482;15;;;12467.0;0.0
yf_ZW=F_d7;52700;ASH_COATED_OSMIUM;9926;12;9923;14;;;9932;17;9936;19;;;9929.0;0.0
yf_ZW=F_d7;52700;INTARIAN_PEPPER_ROOT;12465;20;12462;17;;;12471;9;12474;17;;;12468.0;0.0
yf_ZW=F_d7;52800;ASH_COATED_OSMIUM;9925;5;9921;17;;;9931;16;9935;14;;;9928.0;0.0
yf_ZW=F_d7;52800;INTARIAN_PEPPER_ROOT;12458;12;12454;28;;;12479;9;12482;21;;;12468.5;0.0
yf_ZW=F_d7;52900;ASH_COATED_OSMIUM;9926;10;9923;18;;;9932;14;9934;26;;;9929.0;0.0
yf_ZW=F_d7;52900;INTARIAN_PEPPER_ROOT;12466;14;12462;19;;;12472;16;12476;30;;;12469.0;0.0
yf_ZW=F_d7;53000;ASH_COATED_OSMIUM;9926;5;9924;10;;;9932;18;9934;13;;;9929.0;0.0
yf_ZW=F_d7;53000;INTARIAN_PEPPER_ROOT;12467;9;12464;13;;;12473;18;12475;19;;;12470.0;0.0
yf_ZW=F_d7;53100;ASH_COATED_OSMIUM;9926;10;9922;12;;;9932;10;9934;19;;;9929.0;0.0
yf_ZW=F_d7;53100;INTARIAN_PEPPER_ROOT;12468;17;12464;17;;;12474;14;12477;21;;;12471.0;0.0
yf_ZW=F_d7;53200;ASH_COATED_OSMIUM;9926;18;9923;16;;;9932;10;9934;24;;;9929.0;0.0
yf_ZW=F_d7;53200;INTARIAN_PEPPER_ROOT;12463;21;12461;21;;;12480;9;12482;23;;;12471.5;0.0
yf_ZW=F_d7;53300;ASH_COATED_OSMIUM;9926;17;9924;22;;;9932;18;9935;20;;;9929.0;0.0
yf_ZW=F_d7;53300;INTARIAN_PEPPER_ROOT;12470;11;12468;23;;;12476;11;12479;24;;;12473.0;0.0
yf_ZW=F_d7;53400;ASH_COATED_OSMIUM;9920;21;9918;21;;;9938;12;9941;16;;;9929.0;0.0
yf_ZW=F_d7;53400;INTARIAN_PEPPER_ROOT;12470;12;12467;19;;;12476;19;12478;20;;;12473.0;0.0
yf_ZW=F_d7;53500;ASH_COATED_OSMIUM;9923;11;9919;21;;;9935;19;9939;14;;;9929.0;0.0
yf_ZW=F_d7;53500;INTARIAN_PEPPER_ROOT;12469;5;12466;14;;;12478;18;12482;21;;;12473.5;0.0
yf_ZW=F_d7;53600;ASH_COATED_OSMIUM;9925;18;9922;18;;;9932;13;9935;17;;;9928.5;0.0
yf_ZW=F_d7;53600;INTARIAN_PEPPER_ROOT;12472;8;12469;24;;;12478;25;12482;11;;;12475.0;0.0
yf_ZW=F_d7;53700;ASH_COATED_OSMIUM;9926;10;9923;15;;;9932;5;9935;13;;;9929.0;0.0
yf_ZW=F_d7;53700;INTARIAN_PEPPER_ROOT;12472;21;12470;22;;;12478;25;12482;18;;;12475.0;0.0
yf_ZW=F_d7;53800;ASH_COATED_OSMIUM;9926;17;9923;17;;;9932;11;9936;24;;;9929.0;0.0
yf_ZW=F_d7;53800;INTARIAN_PEPPER_ROOT;12473;8;12471;15;;;12479;17;12483;16;;;12476.0;0.0
yf_ZW=F_d7;53900;ASH_COATED_OSMIUM;9923;13;9919;21;;;9934;23;9936;8;;;9928.5;0.0
yf_ZW=F_d7;53900;INTARIAN_PEPPER_ROOT;12473;12;12471;17;;;12480;23;12484;27;;;12476.5;0.0
yf_ZW=F_d7;54000;ASH_COATED_OSMIUM;9917;13;9913;17;;;9942;6;9944;33;;;9929.5;0.0
yf_ZW=F_d7;54000;INTARIAN_PEPPER_ROOT;12474;23;12471;15;;;12482;10;12485;19;;;12478.0;0.0
yf_ZW=F_d7;54100;ASH_COATED_OSMIUM;9926;24;9923;8;;;9932;16;9936;20;;;9929.0;0.0
yf_ZW=F_d7;54100;INTARIAN_PEPPER_ROOT;12474;15;12470;12;;;12483;19;12487;9;;;12478.5;0.0
yf_ZW=F_d7;54200;ASH_COATED_OSMIUM;9927;20;9924;25;;;9933;15;9937;23;;;9930.0;0.0
yf_ZW=F_d7;54200;INTARIAN_PEPPER_ROOT;12476;13;12474;19;;;12483;16;12485;20;;;12479.5;0.0
yf_ZW=F_d7;54300;ASH_COATED_OSMIUM;9926;13;9922;22;;;9932;20;9935;27;;;9929.0;0.0
yf_ZW=F_d7;54300;INTARIAN_PEPPER_ROOT;12474;14;12471;16;;;12484;16;12487;27;;;12479.0;0.0
yf_ZW=F_d7;54400;ASH_COATED_OSMIUM;9926;12;9922;8;;;9932;14;9936;27;;;9929.0;0.0
yf_ZW=F_d7;54400;INTARIAN_PEPPER_ROOT;12476;14;12474;18;;;12486;17;12488;17;;;12481.0;0.0
yf_ZW=F_d7;54500;ASH_COATED_OSMIUM;9923;14;9921;14;;;9934;19;9937;24;;;9928.5;0.0
yf_ZW=F_d7;54500;INTARIAN_PEPPER_ROOT;12478;12;12474;23;;;12484;19;12486;18;;;12481.0;0.0
yf_ZW=F_d7;54600;ASH_COATED_OSMIUM;9926;9;9924;27;;;9932;21;9934;25;;;9929.0;0.0
yf_ZW=F_d7;54600;INTARIAN_PEPPER_ROOT;12479;23;12477;13;;;12485;11;12488;24;;;12482.0;0.0
yf_ZW=F_d7;54700;ASH_COATED_OSMIUM;9926;22;9923;18;;;9932;15;9935;22;;;9929.0;0.0
yf_ZW=F_d7;54700;INTARIAN_PEPPER_ROOT;12475;9;12472;23;;;12490;20;12494;21;;;12482.5;0.0
yf_ZW=F_d7;54800;ASH_COATED_OSMIUM;9926;13;9924;29;;;9934;17;9936;13;;;9930.0;0.0
yf_ZW=F_d7;54800;INTARIAN_PEPPER_ROOT;12480;14;12478;24;;;12486;13;12488;11;;;12483.0;0.0
yf_ZW=F_d7;54900;ASH_COATED_OSMIUM;9926;9;9924;10;;;9932;6;9936;21;;;9929.0;0.0
yf_ZW=F_d7;54900;INTARIAN_PEPPER_ROOT;12481;15;12477;11;;;12487;5;12490;18;;;12484.0;0.0
yf_ZW=F_d7;55000;ASH_COATED_OSMIUM;9919;17;9916;29;;;9940;18;9942;22;;;9929.5;0.0
yf_ZW=F_d7;55000;INTARIAN_PEPPER_ROOT;12481;25;12479;19;;;12487;21;12490;19;;;12484.0;0.0
yf_ZW=F_d7;55100;ASH_COATED_OSMIUM;9924;6;9920;18;;;9935;10;9937;17;;;9929.5;0.0
yf_ZW=F_d7;55100;INTARIAN_PEPPER_ROOT;12482;13;12479;18;;;12488;24;12492;21;;;12485.0;0.0
yf_ZW=F_d7;55200;ASH_COATED_OSMIUM;9925;16;9922;17;;;9934;14;9937;18;;;9929.5;0.0
yf_ZW=F_d7;55200;INTARIAN_PEPPER_ROOT;12483;6;12479;18;;;12489;18;12493;26;;;12486.0;0.0
yf_ZW=F_d7;55300;ASH_COATED_OSMIUM;9927;10;9924;12;;;9933;11;9935;15;;;9930.0;0.0
yf_ZW=F_d7;55300;INTARIAN_PEPPER_ROOT;12485;18;12481;13;;;12491;16;12494;24;;;12488.0;0.0
yf_ZW=F_d7;55400;ASH_COATED_OSMIUM;9927;6;9923;25;;;9933;24;9935;17;;;9930.0;0.0
yf_ZW=F_d7;55400;INTARIAN_PEPPER_ROOT;12485;14;12482;18;;;12491;15;12494;13;;;12488.0;0.0
yf_ZW=F_d7;55500;ASH_COATED_OSMIUM;9927;15;9923;24;;;9933;15;9937;23;;;9930.0;0.0
yf_ZW=F_d7;55500;INTARIAN_PEPPER_ROOT;12486;22;12483;22;;;12492;19;12494;19;;;12489.0;0.0
yf_ZW=F_d7;55600;ASH_COATED_OSMIUM;9926;13;9923;20;;;9932;18;9934;15;;;9929.0;0.0
yf_ZW=F_d7;55600;INTARIAN_PEPPER_ROOT;12486;10;12484;10;;;12492;30;12494;20;;;12489.0;0.0
yf_ZW=F_d7;55700;ASH_COATED_OSMIUM;9924;20;9922;17;;;9937;12;9941;18;;;9930.5;0.0
yf_ZW=F_d7;55700;INTARIAN_PEPPER_ROOT;12487;8;12485;20;;;12493;18;12496;26;;;12490.0;0.0
yf_ZW=F_d7;55800;ASH_COATED_OSMIUM;9927;19;9925;15;;;9933;14;9936;18;;;9930.0;0.0
yf_ZW=F_d7;55800;INTARIAN_PEPPER_ROOT;12482;20;12480;23;;;12499;16;12501;20;;;12490.5;0.0
yf_ZW=F_d7;55900;ASH_COATED_OSMIUM;9927;16;9925;18;;;9933;18;9937;25;;;9930.0;0.0
yf_ZW=F_d7;55900;INTARIAN_PEPPER_ROOT;12489;20;12487;23;;;12495;17;12498;27;;;12492.0;0.0
yf_ZW=F_d7;56000;ASH_COATED_OSMIUM;9924;10;9922;10;;;9935;10;9937;23;;;9929.5;0.0
yf_ZW=F_d7;56000;INTARIAN_PEPPER_ROOT;12490;20;12488;17;;;12496;11;12499;20;;;12493.0;0.0
yf_ZW=F_d7;56100;ASH_COATED_OSMIUM;9924;17;9922;17;;;9936;8;9939;25;;;9930.0;0.0
yf_ZW=F_d7;56100;INTARIAN_PEPPER_ROOT;12486;14;12482;24;;;12502;10;12506;12;;;12494.0;0.0
yf_ZW=F_d7;56200;ASH_COATED_OSMIUM;9927;11;9925;23;;;9933;9;9936;23;;;9930.0;0.0
yf_ZW=F_d7;56200;INTARIAN_PEPPER_ROOT;12490;19;12487;25;;;12498;20;12501;22;;;12494.0;0.0
yf_ZW=F_d7;56300;ASH_COATED_OSMIUM;9927;11;9924;21;;;9933;11;9936;25;;;9930.0;0.0
yf_ZW=F_d7;56300;INTARIAN_PEPPER_ROOT;12492;11;12489;23;;;12498;10;12501;18;;;12495.0;0.0
yf_ZW=F_d7;56400;ASH_COATED_OSMIUM;9923;14;9921;21;;;9937;11;9940;22;;;9930.0;0.0
yf_ZW=F_d7;56400;INTARIAN_PEPPER_ROOT;12492;13;12490;11;;;12498;19;12501;23;;;12495.0;0.0
yf_ZW=F_d7;56500;ASH_COATED_OSMIUM;9926;12;9922;21;;;9933;12;9935;18;;;9929.5;0.0
yf_ZW=F_d7;56500;INTARIAN_PEPPER_ROOT;12493;9;12489;11;;;12499;17;12503;21;;;12496.0;0.0
yf_ZW=F_d7;56600;ASH_COATED_OSMIUM;9927;15;9923;16;;;9933;15;9935;25;;;9930.0;0.0
yf_ZW=F_d7;56600;INTARIAN_PEPPER_ROOT;12494;13;12490;21;;;12500;9;12504;17;;;12497.0;0.0
yf_ZW=F_d7;56700;ASH_COATED_OSMIUM;9926;12;9922;18;;;9932;7;9934;18;;;9929.0;0.0
yf_ZW=F_d7;56700;INTARIAN_PEPPER_ROOT;12495;15;12491;24;;;12501;11;12505;18;;;12498.0;0.0
yf_ZW=F_d7;56800;ASH_COATED_OSMIUM;9927;14;9925;24;;;9933;18;9935;16;;;9930.0;0.0
yf_ZW=F_d7;56800;INTARIAN_PEPPER_ROOT;12496;13;12494;11;;;12502;12;12505;24;;;12499.0;0.0
yf_ZW=F_d7;56900;ASH_COATED_OSMIUM;9921;13;9917;25;;;9939;11;9941;12;;;9930.0;0.0
yf_ZW=F_d7;56900;INTARIAN_PEPPER_ROOT;12496;5;12494;25;;;12502;14;12505;11;;;12499.0;0.0
yf_ZW=F_d7;57000;ASH_COATED_OSMIUM;9927;10;9925;22;;;9933;10;9936;12;;;9930.0;0.0
yf_ZW=F_d7;57000;INTARIAN_PEPPER_ROOT;12497;24;12493;21;;;12503;19;12505;21;;;12500.0;0.0
yf_ZW=F_d7;57100;ASH_COATED_OSMIUM;9925;17;9922;14;;;9935;12;9937;22;;;9930.0;0.0
yf_ZW=F_d7;57100;INTARIAN_PEPPER_ROOT;12498;14;12496;18;;;12504;14;12506;22;;;12501.0;0.0
yf_ZW=F_d7;57200;ASH_COATED_OSMIUM;9919;21;9916;22;;;9943;17;9946;20;;;9931.0;0.0
yf_ZW=F_d7;57200;INTARIAN_PEPPER_ROOT;12498;15;12494;20;;;12506;8;12508;19;;;12502.0;0.0
yf_ZW=F_d7;57300;ASH_COATED_OSMIUM;9923;13;9921;21;;;9937;22;9941;14;;;9930.0;0.0
yf_ZW=F_d7;57300;INTARIAN_PEPPER_ROOT;12499;13;12496;22;;;12505;5;12508;13;;;12502.0;0.0
yf_ZW=F_d7;57400;ASH_COATED_OSMIUM;9927;10;9925;29;;;9933;14;9935;20;;;9930.0;0.0
yf_ZW=F_d7;57400;INTARIAN_PEPPER_ROOT;12500;17;12497;16;;;12506;17;12509;20;;;12503.0;0.0
yf_ZW=F_d7;57500;ASH_COATED_OSMIUM;9925;18;9923;20;;;9936;23;9938;19;;;9930.5;0.0
yf_ZW=F_d7;57500;INTARIAN_PEPPER_ROOT;12499;10;12497;25;;;12509;10;12511;18;;;12504.0;0.0
yf_ZW=F_d7;57600;ASH_COATED_OSMIUM;9927;5;9924;21;;;9933;17;9936;18;;;9930.0;0.0
yf_ZW=F_d7;57600;INTARIAN_PEPPER_ROOT;12492;20;12490;22;;;12518;23;12522;23;;;12505.0;0.0
yf_ZW=F_d7;57700;ASH_COATED_OSMIUM;9927;9;9925;18;;;9933;12;9935;28;;;9930.0;0.0
yf_ZW=F_d7;57700;INTARIAN_PEPPER_ROOT;12501;18;12498;30;;;12510;18;12512;18;;;12505.5;0.0
yf_ZW=F_d7;57800;ASH_COATED_OSMIUM;9928;12;9925;22;;;9934;21;9936;23;;;9931.0;0.0
yf_ZW=F_d7;57800;INTARIAN_PEPPER_ROOT;12503;15;12499;29;;;12509;22;12511;12;;;12506.0;0.0
yf_ZW=F_d7;57900;ASH_COATED_OSMIUM;9922;13;9920;16;;;9939;5;9942;20;;;9930.5;0.0
yf_ZW=F_d7;57900;INTARIAN_PEPPER_ROOT;12504;21;12500;20;;;12510;8;12512;22;;;12507.0;0.0
yf_ZW=F_d7;58000;ASH_COATED_OSMIUM;9928;12;9926;21;;;9934;10;9936;20;;;9931.0;0.0
yf_ZW=F_d7;58000;INTARIAN_PEPPER_ROOT;12504;7;12502;11;;;12510;8;12514;18;;;12507.0;0.0
yf_ZW=F_d7;58100;ASH_COATED_OSMIUM;9927;13;9925;12;;;9933;7;9935;27;;;9930.0;0.0
yf_ZW=F_d7;58100;INTARIAN_PEPPER_ROOT;12501;19;12498;31;;;12517;22;12521;22;;;12509.0;0.0
yf_ZW=F_d7;58200;ASH_COATED_OSMIUM;9927;18;9923;16;;;9934;20;9936;23;;;9930.5;0.0
yf_ZW=F_d7;58200;INTARIAN_PEPPER_ROOT;12506;21;12503;17;;;12512;5;12515;14;;;12509.0;0.0
yf_ZW=F_d7;58300;ASH_COATED_OSMIUM;9927;22;9924;23;;;9933;18;9935;21;;;9930.0;0.0
yf_ZW=F_d7;58300;INTARIAN_PEPPER_ROOT;12500;14;12498;21;;;12520;12;12523;20;;;12510.0;0.0
