day;timestamp;product;bid_price_1;bid_volume_1;bid_price_2;bid_volume_2;bid_price_3;bid_volume_3;ask_price_1;ask_volume_1;ask_price_2;ask_volume_2;ask_price_3;ask_volume_3;mid_price;profit_and_loss
yf_BGS_d8;0;ASH_COATED_OSMIUM;9897;18;9893;26;;;9903;7;9907;14;;;9900.0;0.0
yf_BGS_d8;0;INTARIAN_PEPPER_ROOT;12879;19;12877;17;;;12903;23;12907;12;;;12891.0;0.0
yf_BGS_d8;100;ASH_COATED_OSMIUM;9897;17;9894;19;;;9903;12;9907;17;;;9900.0;0.0
yf_BGS_d8;100;INTARIAN_PEPPER_ROOT;12887;9;12883;13;;;12893;14;12897;18;;;12890.0;0.0
yf_BGS_d8;200;ASH_COATED_OSMIUM;9897;11;9895;30;;;9903;15;9907;19;;;9900.0;0.0
yf_BGS_d8;200;INTARIAN_PEPPER_ROOT;12879;23;12876;17;;;12899;10;12903;20;;;12889.0;0.0
yf_BGS_d8;300;ASH_COATED_OSMIUM;9897;14;9895;10;;;9903;11;9907;19;;;9900.0;0.0
yf_BGS_d8;300;INTARIAN_PEPPER_ROOT;12883;5;12880;24;;;12891;15;12893;25;;;12887.0;0.0
yf_BGS_d8;400;ASH_COATED_OSMIUM;9897;20;9894;18;;;9903;11;9906;15;;;9900.0;0.0
yf_BGS_d8;400;INTARIAN_PEPPER_ROOT;12883;20;12880;9;;;12889;7;12892;16;;;12886.0;0.0
yf_BGS_d8;500;ASH_COATED_OSMIUM;9896;10;9892;18;;;9902;18;9905;15;;;9899.0;0.0
yf_BGS_d8;500;INTARIAN_PEPPER_ROOT;12878;13;12874;18;;;12890;6;12894;13;;;12884.0;0.0
yf_BGS_d8;600;ASH_COATED_OSMIUM;9897;16;9893;16;;;9904;12;9908;22;;;9900.5;0.0
yf_BGS_d8;600;INTARIAN_PEPPER_ROOT;12880;13;12877;18;;;12886;12;12889;28;;;12883.0;0.0
yf_BGS_d8;700;ASH_COATED_OSMIUM;9896;13;9893;15;;;9902;22;9905;26;;;9899.0;0.0
yf_BGS_d8;700;INTARIAN_PEPPER_ROOT;12876;16;12874;20;;;12889;11;12893;16;;;12882.5;0.0
yf_BGS_d8;800;ASH_COATED_OSMIUM;9881;10;9878;19;;;9918;25;9920;16;;;9899.5;0.0
yf_BGS_d8;800;INTARIAN_PEPPER_ROOT;12872;17;12870;27;;;12889;18;12891;19;;;12880.5;0.0
yf_BGS_d8;900;ASH_COATED_OSMIUM;9897;16;9894;21;;;9903;16;9907;15;;;9900.0;0.0
yf_BGS_d8;900;INTARIAN_PEPPER_ROOT;12876;10;12872;22;;;12882;21;12884;23;;;12879.0;0.0
yf_BGS_d8;1000;ASH_COATED_OSMIUM;9897;19;9895;27;;;9903;18;9907;21;;;9900.0;0.0
yf_BGS_d8;1000;INTARIAN_PEPPER_ROOT;12875;15;12871;25;;;12881;13;12883;18;;;12878.0;0.0
yf_BGS_d8;1100;ASH_COATED_OSMIUM;9897;14;9895;20;;;9903;17;9905;16;;;9900.0;0.0
yf_BGS_d8;1100;INTARIAN_PEPPER_ROOT;12869;20;12866;23;;;12884;16;12888;14;;;12876.5;0.0
yf_BGS_d8;1200;ASH_COATED_OSMIUM;9893;10;9890;18;;;9908;13;9912;13;;;9900.5;0.0
yf_BGS_d8;1200;INTARIAN_PEPPER_ROOT;12872;16;12868;16;;;12878;21;12882;22;;;12875.0;0.0
yf_BGS_d8;1300;ASH_COATED_OSMIUM;9897;18;9894;22;;;9903;16;9905;23;;;9900.0;0.0
yf_BGS_d8;1300;INTARIAN_PEPPER_ROOT;12871;19;12868;11;;;12877;9;12881;22;;;12874.0;0.0
yf_BGS_d8;1400;ASH_COATED_OSMIUM;9897;11;9895;20;;;9903;16;9906;26;;;9900.0;0.0
yf_BGS_d8;1400;INTARIAN_PEPPER_ROOT;12868;21;12864;30;;;12879;18;12883;17;;;12873.5;0.0
yf_BGS_d8;1500;ASH_COATED_OSMIUM;9897;17;9895;14;;;9903;5;9905;16;;;9900.0;0.0
yf_BGS_d8;1500;INTARIAN_PEPPER_ROOT;12868;16;12866;21;;;12876;17;12880;18;;;12872.0;0.0
yf_BGS_d8;1600;ASH_COATED_OSMIUM;9891;13;9888;25;;;9908;16;9911;19;;;9899.5;0.0
yf_BGS_d8;1600;INTARIAN_PEPPER_ROOT;12867;17;12863;16;;;12873;13;12875;11;;;12870.0;0.0
yf_BGS_d8;1700;ASH_COATED_OSMIUM;9897;18;9895;24;;;9903;17;9907;14;;;9900.0;0.0
yf_BGS_d8;1700;INTARIAN_PEPPER_ROOT;12866;12;12863;11;;;12873;6;12877;19;;;12869.5;0.0
yf_BGS_d8;1800;ASH_COATED_OSMIUM;9895;23;9893;23;;;9906;17;9909;14;;;9900.5;0.0
yf_BGS_d8;1800;INTARIAN_PEPPER_ROOT;12864;15;12861;23;;;12870;13;12874;17;;;12867.0;0.0
yf_BGS_d8;1900;ASH_COATED_OSMIUM;9897;18;9894;20;;;9903;5;9906;26;;;9900.0;0.0
yf_BGS_d8;1900;INTARIAN_PEPPER_ROOT;12863;10;12861;26;;;12869;5;12873;21;;;12866.0;0.0
yf_BGS_d8;2000;ASH_COATED_OSMIUM;9898;13;9896;16;;;9904;21;9907;22;;;9901.0;0.0
yf_BGS_d8;2000;INTARIAN_PEPPER_ROOT;12862;19;12859;17;;;12868;14;12870;8;;;12865.0;0.0
yf_BGS_d8;2100;ASH_COATED_OSMIUM;9897;15;9894;22;;;9903;12;9905;13;;;9900.0;0.0
yf_BGS_d8;2100;INTARIAN_PEPPER_ROOT;12861;10;12858;21;;;12867;23;12871;21;;;12864.0;0.0
yf_BGS_d8;2200;ASH_COATED_OSMIUM;9897;11;9894;22;;;9903;7;9905;29;;;9900.0;0.0
yf_BGS_d8;2200;INTARIAN_PEPPER_ROOT;12859;25;12857;23;;;12865;13;12869;22;;;12862.0;0.0
yf_BGS_d8;2300;ASH_COATED_OSMIUM;9892;8;9889;18;;;9908;25;9911;20;;;9900.0;0.0
yf_BGS_d8;2300;INTARIAN_PEPPER_ROOT;12858;17;12856;13;;;12864;19;12866;24;;;12861.0;0.0
yf_BGS_d8;2400;ASH_COATED_OSMIUM;9897;12;9895;16;;;9903;11;9906;8;;;9900.0;0.0
yf_BGS_d8;2400;INTARIAN_PEPPER_ROOT;12856;18;12853;19;;;12862;12;12866;16;;;12859.0;0.0
yf_BGS_d8;2500;ASH_COATED_OSMIUM;9897;14;9894;29;;;9903;9;9905;13;;;9900.0;0.0
yf_BGS_d8;2500;INTARIAN_PEPPER_ROOT;12845;15;12843;21;;;12870;11;12872;24;;;12857.5;0.0
yf_BGS_d8;2600;ASH_COATED_OSMIUM;9894;13;9891;21;;;9906;9;9908;14;;;9900.0;0.0
yf_BGS_d8;2600;INTARIAN_PEPPER_ROOT;12854;16;12852;9;;;12860;14;12862;13;;;12857.0;0.0
yf_BGS_d8;2700;ASH_COATED_OSMIUM;9897;7;9894;22;;;9903;10;9905;15;;;9900.0;0.0
yf_BGS_d8;2700;INTARIAN_PEPPER_ROOT;12852;13;12848;18;;;12858;17;12860;14;;;12855.0;0.0
yf_BGS_d8;2800;ASH_COATED_OSMIUM;9896;8;9892;25;;;9902;12;9905;8;;;9899.0;0.0
yf_BGS_d8;2800;INTARIAN_PEPPER_ROOT;12847;12;12843;30;;;12862;13;12865;15;;;12854.5;0.0
yf_BGS_d8;2900;ASH_COATED_OSMIUM;9897;15;9893;27;;;9903;11;9905;18;;;9900.0;0.0
yf_BGS_d8;2900;INTARIAN_PEPPER_ROOT;12845;18;12842;19;;;12861;21;12863;15;;;12853.0;0.0
yf_BGS_d8;3000;ASH_COATED_OSMIUM;9896;14;9893;27;;;9903;21;9905;24;;;9899.5;0.0
yf_BGS_d8;3000;INTARIAN_PEPPER_ROOT;12848;11;12845;20;;;12854;14;12858;29;;;12851.0;0.0
yf_BGS_d8;3100;ASH_COATED_OSMIUM;9898;13;9894;14;;;9904;10;9906;15;;;9901.0;0.0
yf_BGS_d8;3100;INTARIAN_PEPPER_ROOT;12842;10;12839;17;;;12859;9;12863;25;;;12850.5;0.0
yf_BGS_d8;3200;ASH_COATED_OSMIUM;9897;12;9893;13;;;9903;14;9905;31;;;9900.0;0.0
yf_BGS_d8;3200;INTARIAN_PEPPER_ROOT;12845;19;12843;19;;;12853;9;12855;20;;;12849.0;0.0
yf_BGS_d8;3300;ASH_COATED_OSMIUM;9895;18;9892;8;;;9905;18;9908;27;;;9900.0;0.0
yf_BGS_d8;3300;INTARIAN_PEPPER_ROOT;12845;24;12842;20;;;12851;26;12853;9;;;12848.0;0.0
yf_BGS_d8;3400;ASH_COATED_OSMIUM;9897;16;9894;16;;;9903;16;9905;12;;;9900.0;0.0
yf_BGS_d8;3400;INTARIAN_PEPPER_ROOT;12844;11;12841;26;;;12850;15;12852;15;;;12847.0;0.0
yf_BGS_d8;3500;ASH_COATED_OSMIUM;9897;9;9893;19;;;9903;15;9905;21;;;9900.0;0.0
yf_BGS_d8;3500;INTARIAN_PEPPER_ROOT;12838;21;12834;25;;;12850;14;12852;29;;;12844.0;0.0
yf_BGS_d8;3600;ASH_COATED_OSMIUM;9892;18;9890;23;;;9908;17;9911;24;;;9900.0;0.0
yf_BGS_d8;3600;INTARIAN_PEPPER_ROOT;12841;18;12839;19;;;12847;20;12849;13;;;12844.0;0.0
yf_BGS_d8;3700;ASH_COATED_OSMIUM;9892;18;9889;25;;;9908;25;9911;15;;;9900.0;0.0
yf_BGS_d8;3700;INTARIAN_PEPPER_ROOT;12835;21;12831;15;;;12849;21;12852;15;;;12842.0;0.0
yf_BGS_d8;3800;ASH_COATED_OSMIUM;9896;19;9894;24;;;9902;7;9905;16;;;9899.0;0.0
yf_BGS_d8;3800;INTARIAN_PEPPER_ROOT;12835;14;12832;23;;;12848;10;12852;23;;;12841.5;0.0
yf_BGS_d8;3900;ASH_COATED_OSMIUM;9893;20;9890;22;;;9907;5;9910;20;;;9900.0;0.0
yf_BGS_d8;3900;INTARIAN_PEPPER_ROOT;12836;12;12832;9;;;12842;19;12844;15;;;12839.0;0.0
yf_BGS_d8;4000;ASH_COATED_OSMIUM;9897;8;9893;16;;;9903;20;9906;10;;;9900.0;0.0
yf_BGS_d8;4000;INTARIAN_PEPPER_ROOT;12835;13;12832;27;;;12841;17;12843;25;;;12838.0;0.0
yf_BGS_d8;4100;ASH_COATED_OSMIUM;9892;12;9888;10;;;9907;13;9910;15;;;9899.5;0.0
yf_BGS_d8;4100;INTARIAN_PEPPER_ROOT;12834;14;12830;15;;;12840;15;12842;20;;;12837.0;0.0
yf_BGS_d8;4200;ASH_COATED_OSMIUM;9897;16;9894;22;;;9903;19;9907;26;;;9900.0;0.0
yf_BGS_d8;4200;INTARIAN_PEPPER_ROOT;12832;19;12829;29;;;12838;8;12842;20;;;12835.0;0.0
yf_BGS_d8;4300;ASH_COATED_OSMIUM;9896;14;9893;26;;;9902;15;9905;17;;;9899.0;0.0
yf_BGS_d8;4300;INTARIAN_PEPPER_ROOT;12825;16;12823;19;;;12842;9;12845;22;;;12833.5;0.0
yf_BGS_d8;4400;ASH_COATED_OSMIUM;9897;19;9894;17;;;9903;15;9907;30;;;9900.0;0.0
yf_BGS_d8;4400;INTARIAN_PEPPER_ROOT;12830;15;12827;22;;;12836;12;12838;16;;;12833.0;0.0
yf_BGS_d8;4500;ASH_COATED_OSMIUM;9897;5;9894;19;;;9903;10;9906;18;;;9900.0;0.0
yf_BGS_d8;4500;INTARIAN_PEPPER_ROOT;12828;14;12826;12;;;12834;14;12838;9;;;12831.0;0.0
yf_BGS_d8;4600;ASH_COATED_OSMIUM;9897;16;9894;18;;;9903;9;9906;22;;;9900.0;0.0
yf_BGS_d8;4600;INTARIAN_PEPPER_ROOT;12827;16;12823;23;;;12833;14;12835;23;;;12830.0;0.0
yf_BGS_d8;4700;ASH_COATED_OSMIUM;9890;7;9886;31;;;9909;13;9913;24;;;9899.5;0.0
yf_BGS_d8;4700;INTARIAN_PEPPER_ROOT;12823;11;12819;21;;;12835;14;12839;17;;;12829.0;0.0
yf_BGS_d8;4800;ASH_COATED_OSMIUM;9897;9;9895;25;;;9903;5;9906;21;;;9900.0;0.0
yf_BGS_d8;4800;INTARIAN_PEPPER_ROOT;12823;13;12819;24;;;12831;13;12833;18;;;12827.0;0.0
yf_BGS_d8;4900;ASH_COATED_OSMIUM;9894;11;9892;14;;;9906;9;9910;24;;;9900.0;0.0
yf_BGS_d8;4900;INTARIAN_PEPPER_ROOT;12823;15;12820;14;;;12829;9;12833;18;;;12826.0;0.0
yf_BGS_d8;5000;ASH_COATED_OSMIUM;9896;8;9893;31;;;9904;20;9908;21;;;9900.0;0.0
yf_BGS_d8;5000;INTARIAN_PEPPER_ROOT;12819;17;12817;14;;;12829;23;12831;24;;;12824.0;0.0
yf_BGS_d8;5100;ASH_COATED_OSMIUM;9897;14;9893;16;;;9903;15;9907;11;;;9900.0;0.0
yf_BGS_d8;5100;INTARIAN_PEPPER_ROOT;12821;14;12819;9;;;12827;10;12829;23;;;12824.0;0.0
yf_BGS_d8;5200;ASH_COATED_OSMIUM;9892;19;9888;17;;;9908;15;9911;18;;;9900.0;0.0
yf_BGS_d8;5200;INTARIAN_PEPPER_ROOT;12815;16;12811;18;;;12830;18;12834;16;;;12822.5;0.0
yf_BGS_d8;5300;ASH_COATED_OSMIUM;9895;20;9891;21;;;9904;8;9906;22;;;9899.5;0.0
yf_BGS_d8;5300;INTARIAN_PEPPER_ROOT;12818;10;12816;12;;;12824;8;12827;19;;;12821.0;0.0
yf_BGS_d8;5400;ASH_COATED_OSMIUM;9896;14;9892;18;;;9905;11;9907;24;;;9900.5;0.0
yf_BGS_d8;5400;INTARIAN_PEPPER_ROOT;12813;12;12810;21;;;12825;18;12827;19;;;12819.0;0.0
yf_BGS_d8;5500;ASH_COATED_OSMIUM;9895;8;9893;18;;;9904;11;9908;20;;;9899.5;0.0
yf_BGS_d8;5500;INTARIAN_PEPPER_ROOT;12815;20;12813;15;;;12821;13;12825;20;;;12818.0;0.0
yf_BGS_d8;5600;ASH_COATED_OSMIUM;9897;21;9893;13;;;9903;14;9907;21;;;9900.0;0.0
yf_BGS_d8;5600;INTARIAN_PEPPER_ROOT;12813;7;12811;17;;;12819;10;12823;16;;;12816.0;0.0
yf_BGS_d8;5700;ASH_COATED_OSMIUM;9897;5;9894;23;;;9903;16;9907;22;;;9900.0;0.0
yf_BGS_d8;5700;INTARIAN_PEPPER_ROOT;12812;23;12808;19;;;12818;16;12820;21;;;12815.0;0.0
yf_BGS_d8;5800;ASH_COATED_OSMIUM;9892;17;9889;19;;;9908;8;9912;28;;;9900.0;0.0
yf_BGS_d8;5800;INTARIAN_PEPPER_ROOT;12804;9;12802;17;;;12823;15;12826;23;;;12813.5;0.0
yf_BGS_d8;5900;ASH_COATED_OSMIUM;9895;14;9893;24;;;9906;20;9910;18;;;9900.5;0.0
yf_BGS_d8;5900;INTARIAN_PEPPER_ROOT;12810;17;12808;19;;;12816;7;12818;12;;;12813.0;0.0
yf_BGS_d8;6000;ASH_COATED_OSMIUM;9897;23;9894;20;;;9903;14;9907;17;;;9900.0;0.0
yf_BGS_d8;6000;INTARIAN_PEPPER_ROOT;12808;8;12806;12;;;12814;14;12818;29;;;12811.0;0.0
yf_BGS_d8;6100;ASH_COATED_OSMIUM;9897;12;9893;21;;;9903;18;9907;19;;;9900.0;0.0
yf_BGS_d8;6100;INTARIAN_PEPPER_ROOT;12807;14;12805;23;;;12813;17;12815;16;;;12810.0;0.0
yf_BGS_d8;6200;ASH_COATED_OSMIUM;9897;18;9893;22;;;9903;15;9907;24;;;9900.0;0.0
yf_BGS_d8;6200;INTARIAN_PEPPER_ROOT;12805;21;12801;29;;;12813;11;12815;22;;;12809.0;0.0
yf_BGS_d8;6300;ASH_COATED_OSMIUM;9895;11;9893;17;;;9906;8;9908;19;;;9900.5;0.0
yf_BGS_d8;6300;INTARIAN_PEPPER_ROOT;12804;9;12801;29;;;12810;24;12814;14;;;12807.0;0.0
yf_BGS_d8;6400;ASH_COATED_OSMIUM;9897;9;9895;10;;;9903;9;9905;12;;;9900.0;0.0
yf_BGS_d8;6400;INTARIAN_PEPPER_ROOT;12804;18;12802;24;;;12810;9;12813;29;;;12807.0;0.0
yf_BGS_d8;6500;ASH_COATED_OSMIUM;9897;16;9893;19;;;9903;17;9906;23;;;9900.0;0.0
yf_BGS_d8;6500;INTARIAN_PEPPER_ROOT;12796;20;12793;9;;;12814;20;12818;17;;;12805.0;0.0
yf_BGS_d8;6600;ASH_COATED_OSMIUM;9892;5;9890;16;;;9907;10;9909;16;;;9899.5;0.0
yf_BGS_d8;6600;INTARIAN_PEPPER_ROOT;12796;14;12792;29;;;12811;16;12814;20;;;12803.5;0.0
yf_BGS_d8;6700;ASH_COATED_OSMIUM;9897;19;9895;18;;;9903;6;9907;12;;;9900.0;0.0
yf_BGS_d8;6700;INTARIAN_PEPPER_ROOT;12799;20;12797;20;;;12805;12;12809;13;;;12802.0;0.0
yf_BGS_d8;6800;ASH_COATED_OSMIUM;9897;16;9894;26;;;9903;19;9906;20;;;9900.0;0.0
yf_BGS_d8;6800;INTARIAN_PEPPER_ROOT;12797;15;12793;18;;;12805;10;12808;18;;;12801.0;0.0
yf_BGS_d8;6900;ASH_COATED_OSMIUM;9897;19;9894;33;;;9903;8;9907;15;;;9900.0;0.0
yf_BGS_d8;6900;INTARIAN_PEPPER_ROOT;12790;24;12788;15;;;12808;14;12812;14;;;12799.0;0.0
yf_BGS_d8;7000;ASH_COATED_OSMIUM;9893;26;9890;19;;;9905;10;9907;17;;;9899.0;0.0
yf_BGS_d8;7000;INTARIAN_PEPPER_ROOT;12795;11;12792;14;;;12801;7;12804;22;;;12798.0;0.0
yf_BGS_d8;7100;ASH_COATED_OSMIUM;9892;26;9888;26;;;9908;8;9911;20;;;9900.0;0.0
yf_BGS_d8;7100;INTARIAN_PEPPER_ROOT;12794;21;12791;15;;;12800;13;12804;13;;;12797.0;0.0
yf_BGS_d8;7200;ASH_COATED_OSMIUM;9897;14;9894;30;;;9903;13;9907;15;;;9900.0;0.0
yf_BGS_d8;7200;INTARIAN_PEPPER_ROOT;12786;22;12784;11;;;12805;16;12809;16;;;12795.5;0.0
yf_BGS_d8;7300;ASH_COATED_OSMIUM;9897;19;9894;28;;;9903;16;9906;21;;;9900.0;0.0
yf_BGS_d8;7300;INTARIAN_PEPPER_ROOT;12791;13;12788;20;;;12797;13;12800;20;;;12794.0;0.0
yf_BGS_d8;7400;ASH_COATED_OSMIUM;9883;22;9881;18;;;9916;16;9918;23;;;9899.5;0.0
yf_BGS_d8;7400;INTARIAN_PEPPER_ROOT;12788;19;12785;12;;;12797;15;12800;25;;;12792.5;0.0
yf_BGS_d8;7500;ASH_COATED_OSMIUM;9893;24;9890;24;;;9905;13;9908;18;;;9899.0;0.0
yf_BGS_d8;7500;INTARIAN_PEPPER_ROOT;12788;11;12784;19;;;12795;11;12798;16;;;12791.5;0.0
yf_BGS_d8;7600;ASH_COATED_OSMIUM;9897;17;9893;20;;;9903;21;9905;15;;;9900.0;0.0
yf_BGS_d8;7600;INTARIAN_PEPPER_ROOT;12787;16;12784;25;;;12793;7;12797;19;;;12790.0;0.0
yf_BGS_d8;7700;ASH_COATED_OSMIUM;9897;9;9894;17;;;9903;11;9906;19;;;9900.0;0.0
yf_BGS_d8;7700;INTARIAN_PEPPER_ROOT;12776;22;12774;26;;;12800;20;12802;19;;;12788.0;0.0
yf_BGS_d8;7800;ASH_COATED_OSMIUM;9894;8;9890;18;;;9906;21;9909;14;;;9900.0;0.0
yf_BGS_d8;7800;INTARIAN_PEPPER_ROOT;12784;21;12780;15;;;12790;13;12794;30;;;12787.0;0.0
yf_BGS_d8;7900;ASH_COATED_OSMIUM;9896;16;9892;29;;;9902;13;9905;24;;;9899.0;0.0
yf_BGS_d8;7900;INTARIAN_PEPPER_ROOT;12780;9;12776;22;;;12791;16;12795;22;;;12785.5;0.0
yf_BGS_d8;8000;ASH_COATED_OSMIUM;9897;14;9893;14;;;9903;13;9907;23;;;9900.0;0.0
yf_BGS_d8;8000;INTARIAN_PEPPER_ROOT;12768;11;12765;29;;;12800;13;12803;16;;;12784.0;0.0
yf_BGS_d8;8100;ASH_COATED_OSMIUM;9896;15;9892;25;;;9902;9;9904;24;;;9899.0;0.0
yf_BGS_d8;8100;INTARIAN_PEPPER_ROOT;12776;5;12774;21;;;12789;14;12791;19;;;12782.5;0.0
yf_BGS_d8;8200;ASH_COATED_OSMIUM;9897;12;9894;20;;;9903;19;9906;15;;;9900.0;0.0
yf_BGS_d8;8200;INTARIAN_PEPPER_ROOT;12779;19;12777;12;;;12785;20;12787;16;;;12782.0;0.0
yf_BGS_d8;8300;ASH_COATED_OSMIUM;9897;13;9894;22;;;9903;14;9907;22;;;9900.0;0.0
yf_BGS_d8;8300;INTARIAN_PEPPER_ROOT;12778;19;12774;21;;;12784;14;12787;15;;;12781.0;0.0
yf_BGS_d8;8400;ASH_COATED_OSMIUM;9893;16;9889;21;;;9907;15;9909;14;;;9900.0;0.0
yf_BGS_d8;8400;INTARIAN_PEPPER_ROOT;12772;16;12770;24;;;12787;14;12790;32;;;12779.5;0.0
yf_BGS_d8;8500;ASH_COATED_OSMIUM;9897;27;9895;20;;;9903;13;9905;26;;;9900.0;0.0
yf_BGS_d8;8500;INTARIAN_PEPPER_ROOT;12775;13;12773;20;;;12781;17;12784;26;;;12778.0;0.0
yf_BGS_d8;8600;ASH_COATED_OSMIUM;9897;21;9893;21;;;9903;22;9905;21;;;9900.0;0.0
yf_BGS_d8;8600;INTARIAN_PEPPER_ROOT;12773;16;12770;12;;;12781;15;12783;21;;;12777.0;0.0
yf_BGS_d8;8700;ASH_COATED_OSMIUM;9894;19;9890;14;;;9905;20;9907;17;;;9899.5;0.0
yf_BGS_d8;8700;INTARIAN_PEPPER_ROOT;12772;13;12768;21;;;12778;12;12782;21;;;12775.0;0.0
yf_BGS_d8;8800;ASH_COATED_OSMIUM;9897;20;9893;19;;;9903;12;9906;24;;;9900.0;0.0
yf_BGS_d8;8800;INTARIAN_PEPPER_ROOT;12771;17;12768;20;;;12777;17;12780;25;;;12774.0;0.0
yf_BGS_d8;8900;ASH_COATED_OSMIUM;9896;10;9894;15;;;9902;20;9905;26;;;9899.0;0.0
yf_BGS_d8;8900;INTARIAN_PEPPER_ROOT;12770;12;12767;19;;;12776;11;12778;17;;;12773.0;0.0
yf_BGS_d8;9000;ASH_COATED_OSMIUM;9897;14;9893;11;;;9903;24;9907;17;;;9900.0;0.0
yf_BGS_d8;9000;INTARIAN_PEPPER_ROOT;12768;26;12766;23;;;12774;13;12776;20;;;12771.0;0.0
yf_BGS_d8;9100;ASH_COATED_OSMIUM;9896;11;9893;25;;;9904;20;9907;12;;;9900.0;0.0
yf_BGS_d8;9100;INTARIAN_PEPPER_ROOT;12766;13;12763;26;;;12772;14;12776;25;;;12769.0;0.0
yf_BGS_d8;9200;ASH_COATED_OSMIUM;9897;9;9893;12;;;9903;18;9906;17;;;9900.0;0.0
yf_BGS_d8;9200;INTARIAN_PEPPER_ROOT;12765;15;12763;18;;;12771;15;12775;17;;;12768.0;0.0
yf_BGS_d8;9300;ASH_COATED_OSMIUM;9894;14;9892;11;;;9904;13;9906;23;;;9899.0;0.0
yf_BGS_d8;9300;INTARIAN_PEPPER_ROOT;12760;16;12756;27;;;12776;19;12778;27;;;12768.0;0.0
yf_BGS_d8;9400;ASH_COATED_OSMIUM;9895;14;9893;20;;;9903;16;9907;17;;;9899.0;0.0
yf_BGS_d8;9400;INTARIAN_PEPPER_ROOT;12757;22;12755;25;;;12776;5;12780;14;;;12766.5;0.0
yf_BGS_d8;9500;ASH_COATED_OSMIUM;9896;8;9894;8;;;9902;16;9905;13;;;9899.0;0.0
yf_BGS_d8;9500;INTARIAN_PEPPER_ROOT;12762;22;12759;19;;;12768;15;12772;19;;;12765.0;0.0
yf_BGS_d8;9600;ASH_COATED_OSMIUM;9892;20;9888;25;;;9907;16;9910;21;;;9899.5;0.0
yf_BGS_d8;9600;INTARIAN_PEPPER_ROOT;12752;16;12748;24;;;12775;24;12778;24;;;12763.5;0.0
yf_BGS_d8;9700;ASH_COATED_OSMIUM;9894;21;9892;19;;;9906;16;9909;19;;;9900.0;0.0
yf_BGS_d8;9700;INTARIAN_PEPPER_ROOT;12759;12;12755;17;;;12765;23;12768;14;;;12762.0;0.0
yf_BGS_d8;9800;ASH_COATED_OSMIUM;9895;13;9893;20;;;9903;11;9905;24;;;9899.0;0.0
yf_BGS_d8;9800;INTARIAN_PEPPER_ROOT;12756;25;12752;25;;;12764;13;12766;19;;;12760.0;0.0
yf_BGS_d8;9900;ASH_COATED_OSMIUM;9893;14;9889;19;;;9906;12;9910;9;;;9899.5;0.0
yf_BGS_d8;9900;INTARIAN_PEPPER_ROOT;12752;14;12748;29;;;12767;19;12769;19;;;12759.5;0.0
yf_BGS_d8;10000;ASH_COATED_OSMIUM;9895;12;9893;20;;;9904;18;9906;16;;;9899.5;0.0
yf_BGS_d8;10000;INTARIAN_PEPPER_ROOT;12756;19;12753;28;;;12762;6;12765;30;;;12759.0;0.0
yf_BGS_d8;10100;ASH_COATED_OSMIUM;9897;13;9893;18;;;9903;16;9907;18;;;9900.0;0.0
yf_BGS_d8;10100;INTARIAN_PEPPER_ROOT;12753;5;12751;21;;;12760;13;12762;15;;;12756.5;0.0
yf_BGS_d8;10200;ASH_COATED_OSMIUM;9897;20;9894;19;;;9903;16;9907;24;;;9900.0;0.0
yf_BGS_d8;10200;INTARIAN_PEPPER_ROOT;12746;11;12742;19;;;12762;10;12765;19;;;12754.0;0.0
yf_BGS_d8;10300;ASH_COATED_OSMIUM;9897;14;9895;20;;;9903;14;9906;15;;;9900.0;0.0
yf_BGS_d8;10300;INTARIAN_PEPPER_ROOT;12751;16;12748;23;;;12757;17;12761;12;;;12754.0;0.0
yf_BGS_d8;10400;ASH_COATED_OSMIUM;9896;20;9892;26;;;9902;13;9906;17;;;9899.0;0.0
yf_BGS_d8;10400;INTARIAN_PEPPER_ROOT;12745;11;12743;10;;;12760;7;12762;29;;;12752.5;0.0
yf_BGS_d8;10500;ASH_COATED_OSMIUM;9896;19;9894;17;;;9902;13;9905;27;;;9899.0;0.0
yf_BGS_d8;10500;INTARIAN_PEPPER_ROOT;12749;10;12746;21;;;12755;17;12759;28;;;12752.0;0.0
yf_BGS_d8;10600;ASH_COATED_OSMIUM;9897;14;9893;23;;;9903;8;9905;22;;;9900.0;0.0
yf_BGS_d8;10600;INTARIAN_PEPPER_ROOT;12747;17;12744;24;;;12753;12;12757;19;;;12750.0;0.0
yf_BGS_d8;10700;ASH_COATED_OSMIUM;9896;22;9893;26;;;9902;17;9905;15;;;9899.0;0.0
yf_BGS_d8;10700;INTARIAN_PEPPER_ROOT;12745;16;12743;19;;;12751;17;12754;18;;;12748.0;0.0
yf_BGS_d8;10800;ASH_COATED_OSMIUM;9896;15;9893;31;;;9902;12;9906;20;;;9899.0;0.0
yf_BGS_d8;10800;INTARIAN_PEPPER_ROOT;12744;8;12740;24;;;12751;20;12755;20;;;12747.5;0.0
yf_BGS_d8;10900;ASH_COATED_OSMIUM;9895;17;9892;21;;;9904;14;9908;16;;;9899.5;0.0
yf_BGS_d8;10900;INTARIAN_PEPPER_ROOT;12742;16;12739;25;;;12751;8;12755;8;;;12746.5;0.0
yf_BGS_d8;11000;ASH_COATED_OSMIUM;9885;15;9881;21;;;9915;5;9919;28;;;9900.0;0.0
yf_BGS_d8;11000;INTARIAN_PEPPER_ROOT;12742;15;12740;22;;;12748;18;12750;18;;;12745.0;0.0
yf_BGS_d8;11100;ASH_COATED_OSMIUM;9897;13;9895;22;;;9903;22;9905;18;;;9900.0;0.0
yf_BGS_d8;11100;INTARIAN_PEPPER_ROOT;12740;24;12737;20;;;12746;6;12749;25;;;12743.0;0.0
yf_BGS_d8;11200;ASH_COATED_OSMIUM;9890;13;9888;27;;;9908;15;9911;17;;;9899.0;0.0
yf_BGS_d8;11200;INTARIAN_PEPPER_ROOT;12739;14;12736;18;;;12745;21;12749;23;;;12742.0;0.0
yf_BGS_d8;11300;ASH_COATED_OSMIUM;9897;13;9895;19;;;9903;10;9905;16;;;9900.0;0.0
yf_BGS_d8;11300;INTARIAN_PEPPER_ROOT;12732;15;12728;24;;;12749;11;12752;24;;;12740.5;0.0
yf_BGS_d8;11400;ASH_COATED_OSMIUM;9892;18;9890;21;;;9908;23;9912;23;;;9900.0;0.0
yf_BGS_d8;11400;INTARIAN_PEPPER_ROOT;12735;18;12732;22;;;12744;10;12747;19;;;12739.5;0.0
yf_BGS_d8;11500;ASH_COATED_OSMIUM;9897;10;9894;17;;;9903;12;9905;14;;;9900.0;0.0
yf_BGS_d8;11500;INTARIAN_PEPPER_ROOT;12724;11;12721;35;;;12752;10;12756;26;;;12738.0;0.0
yf_BGS_d8;11600;ASH_COATED_OSMIUM;9897;19;9895;15;;;9903;19;9906;17;;;9900.0;0.0
yf_BGS_d8;11600;INTARIAN_PEPPER_ROOT;12734;14;12731;21;;;12740;16;12743;12;;;12737.0;0.0
yf_BGS_d8;11700;ASH_COATED_OSMIUM;9893;11;9890;20;;;9906;17;9908;16;;;9899.5;0.0
yf_BGS_d8;11700;INTARIAN_PEPPER_ROOT;12732;7;12729;25;;;12738;12;12740;20;;;12735.0;0.0
yf_BGS_d8;11800;ASH_COATED_OSMIUM;9896;22;9894;21;;;9904;14;9906;18;;;9900.0;0.0
yf_BGS_d8;11800;INTARIAN_PEPPER_ROOT;12731;17;12729;16;;;12737;18;12741;14;;;12734.0;0.0
yf_BGS_d8;11900;ASH_COATED_OSMIUM;9896;9;9892;16;;;9902;12;9905;23;;;9899.0;0.0
yf_BGS_d8;11900;INTARIAN_PEPPER_ROOT;12725;23;12721;14;;;12740;14;12742;20;;;12732.5;0.0
yf_BGS_d8;12000;ASH_COATED_OSMIUM;9896;17;9893;20;;;9904;14;9907;31;;;9900.0;0.0
yf_BGS_d8;12000;INTARIAN_PEPPER_ROOT;12726;13;12722;11;;;12736;11;12740;14;;;12731.0;0.0
yf_BGS_d8;12100;ASH_COATED_OSMIUM;9895;10;9892;25;;;9905;18;9907;28;;;9900.0;0.0
yf_BGS_d8;12100;INTARIAN_PEPPER_ROOT;12723;8;12720;21;;;12736;5;12739;16;;;12729.5;0.0
yf_BGS_d8;12200;ASH_COATED_OSMIUM;9896;10;9894;19;;;9902;19;9905;20;;;9899.0;0.0
yf_BGS_d8;12200;INTARIAN_PEPPER_ROOT;12717;9;12715;19;;;12740;13;12742;14;;;12728.5;0.0
yf_BGS_d8;12300;ASH_COATED_OSMIUM;9895;23;9892;13;;;9904;7;9906;26;;;9899.5;0.0
yf_BGS_d8;12300;INTARIAN_PEPPER_ROOT;12723;17;12721;22;;;12731;8;12735;22;;;12727.0;0.0
yf_BGS_d8;12400;ASH_COATED_OSMIUM;9896;18;9893;24;;;9904;23;9907;17;;;9900.0;0.0
yf_BGS_d8;12400;INTARIAN_PEPPER_ROOT;12723;11;12721;22;;;12729;15;12733;13;;;12726.0;0.0
yf_BGS_d8;12500;ASH_COATED_OSMIUM;9896;22;9894;22;;;9902;18;9905;19;;;9899.0;0.0
yf_BGS_d8;12500;INTARIAN_PEPPER_ROOT;12722;15;12719;17;;;12728;6;12730;21;;;12725.0;0.0
yf_BGS_d8;12600;ASH_COATED_OSMIUM;9889;10;9885;16;;;9911;9;9913;17;;;9900.0;0.0
yf_BGS_d8;12600;INTARIAN_PEPPER_ROOT;12719;18;12715;27;;;12728;5;12730;28;;;12723.5;0.0
yf_BGS_d8;12700;ASH_COATED_OSMIUM;9886;22;9883;28;;;9914;6;9917;16;;;9900.0;0.0
yf_BGS_d8;12700;INTARIAN_PEPPER_ROOT;12719;7;12715;23;;;12725;14;12727;20;;;12722.0;0.0
yf_BGS_d8;12800;ASH_COATED_OSMIUM;9896;20;9893;21;;;9902;20;9905;18;;;9899.0;0.0
yf_BGS_d8;12800;INTARIAN_PEPPER_ROOT;12717;15;12714;19;;;12723;14;12725;22;;;12720.0;0.0
yf_BGS_d8;12900;ASH_COATED_OSMIUM;9894;16;9892;18;;;9906;25;9909;17;;;9900.0;0.0
yf_BGS_d8;12900;INTARIAN_PEPPER_ROOT;12716;10;12713;14;;;12722;17;12724;22;;;12719.0;0.0
yf_BGS_d8;13000;ASH_COATED_OSMIUM;9897;11;9893;21;;;9903;13;9905;32;;;9900.0;0.0
yf_BGS_d8;13000;INTARIAN_PEPPER_ROOT;12711;20;12708;14;;;12724;16;12727;17;;;12717.5;0.0
yf_BGS_d8;13100;ASH_COATED_OSMIUM;9895;18;9892;26;;;9904;11;9906;21;;;9899.5;0.0
yf_BGS_d8;13100;INTARIAN_PEPPER_ROOT;12713;20;12709;13;;;12720;19;12723;8;;;12716.5;0.0
yf_BGS_d8;13200;ASH_COATED_OSMIUM;9897;16;9893;18;;;9903;24;9905;20;;;9900.0;0.0
yf_BGS_d8;13200;INTARIAN_PEPPER_ROOT;12706;20;12702;15;;;12724;20;12727;24;;;12715.0;0.0
yf_BGS_d8;13300;ASH_COATED_OSMIUM;9897;18;9893;23;;;9903;17;9905;21;;;9900.0;0.0
yf_BGS_d8;13300;INTARIAN_PEPPER_ROOT;12711;6;12707;16;;;12717;16;12720;18;;;12714.0;0.0
yf_BGS_d8;13400;ASH_COATED_OSMIUM;9893;18;9890;17;;;9907;15;9911;22;;;9900.0;0.0
yf_BGS_d8;13400;INTARIAN_PEPPER_ROOT;12709;18;12705;16;;;12715;17;12718;13;;;12712.0;0.0
yf_BGS_d8;13500;ASH_COATED_OSMIUM;9894;9;9892;21;;;9906;9;9908;19;;;9900.0;0.0
yf_BGS_d8;13500;INTARIAN_PEPPER_ROOT;12709;5;12707;12;;;12715;11;12718;28;;;12712.0;0.0
yf_BGS_d8;13600;ASH_COATED_OSMIUM;9896;8;9892;17;;;9902;15;9904;20;;;9899.0;0.0
yf_BGS_d8;13600;INTARIAN_PEPPER_ROOT;12707;15;12703;22;;;12713;14;12715;17;;;12710.0;0.0
yf_BGS_d8;13700;ASH_COATED_OSMIUM;9895;10;9892;31;;;9903;19;9905;28;;;9899.0;0.0
yf_BGS_d8;13700;INTARIAN_PEPPER_ROOT;12702;13;12700;21;;;12715;21;12717;22;;;12708.5;0.0
yf_BGS_d8;13800;ASH_COATED_OSMIUM;9888;11;9884;16;;;9911;10;9913;17;;;9899.5;0.0
yf_BGS_d8;13800;INTARIAN_PEPPER_ROOT;12704;23;12702;24;;;12710;20;12713;16;;;12707.0;0.0
yf_BGS_d8;13900;ASH_COATED_OSMIUM;9897;19;9893;25;;;9903;16;9906;18;;;9900.0;0.0
yf_BGS_d8;13900;INTARIAN_PEPPER_ROOT;12703;10;12700;27;;;12709;16;12712;16;;;12706.0;0.0
yf_BGS_d8;14000;ASH_COATED_OSMIUM;9896;14;9893;21;;;9902;18;9904;15;;;9899.0;0.0
yf_BGS_d8;14000;INTARIAN_PEPPER_ROOT;12702;12;12699;22;;;12708;12;12712;17;;;12705.0;0.0
yf_BGS_d8;14100;ASH_COATED_OSMIUM;9895;7;9893;20;;;9904;16;9907;18;;;9899.5;0.0
yf_BGS_d8;14100;INTARIAN_PEPPER_ROOT;12697;21;12693;17;;;12710;18;12712;20;;;12703.5;0.0
yf_BGS_d8;14200;ASH_COATED_OSMIUM;9879;22;9877;19;;;9919;18;9921;20;;;9899.0;0.0
yf_BGS_d8;14200;INTARIAN_PEPPER_ROOT;12697;24;12695;26;;;12707;9;12710;29;;;12702.0;0.0
yf_BGS_d8;14300;ASH_COATED_OSMIUM;9897;11;9895;13;;;9903;18;9905;12;;;9900.0;0.0
yf_BGS_d8;14300;INTARIAN_PEPPER_ROOT;12697;14;12694;18;;;12704;12;12706;28;;;12700.5;0.0
yf_BGS_d8;14400;ASH_COATED_OSMIUM;9896;21;9894;15;;;9902;14;9905;21;;;9899.0;0.0
yf_BGS_d8;14400;INTARIAN_PEPPER_ROOT;12691;17;12688;17;;;12708;13;12710;14;;;12699.5;0.0
yf_BGS_d8;14500;ASH_COATED_OSMIUM;9896;17;9894;26;;;9903;29;9906;23;;;9899.5;0.0
yf_BGS_d8;14500;INTARIAN_PEPPER_ROOT;12694;9;12690;19;;;12700;14;12703;13;;;12697.0;0.0
yf_BGS_d8;14600;ASH_COATED_OSMIUM;9897;19;9893;20;;;9903;18;9906;23;;;9900.0;0.0
yf_BGS_d8;14600;INTARIAN_PEPPER_ROOT;12693;22;12689;23;;;12699;12;12702;19;;;12696.0;0.0
yf_BGS_d8;14700;ASH_COATED_OSMIUM;9894;10;9890;14;;;9905;16;9907;13;;;9899.5;0.0
yf_BGS_d8;14700;INTARIAN_PEPPER_ROOT;12692;5;12690;21;;;12698;12;12702;22;;;12695.0;0.0
yf_BGS_d8;14800;ASH_COATED_OSMIUM;9897;5;9894;22;;;9903;13;9907;17;;;9900.0;0.0
yf_BGS_d8;14800;INTARIAN_PEPPER_ROOT;12691;11;12688;19;;;12697;16;12700;27;;;12694.0;0.0
yf_BGS_d8;14900;ASH_COATED_OSMIUM;9896;11;9894;16;;;9903;11;9907;22;;;9899.5;0.0
yf_BGS_d8;14900;INTARIAN_PEPPER_ROOT;12690;11;12688;23;;;12696;21;12698;22;;;12693.0;0.0
yf_BGS_d8;15000;ASH_COATED_OSMIUM;9897;10;9893;16;;;9903;5;9906;24;;;9900.0;0.0
yf_BGS_d8;15000;INTARIAN_PEPPER_ROOT;12686;10;12682;19;;;12698;13;12700;29;;;12692.0;0.0
yf_BGS_d8;15100;ASH_COATED_OSMIUM;9892;17;9890;24;;;9908;9;9911;27;;;9900.0;0.0
yf_BGS_d8;15100;INTARIAN_PEPPER_ROOT;12687;19;12684;19;;;12693;7;12696;18;;;12690.0;0.0
yf_BGS_d8;15200;ASH_COATED_OSMIUM;9895;10;9893;19;;;9904;8;9907;19;;;9899.5;0.0
yf_BGS_d8;15200;INTARIAN_PEPPER_ROOT;12685;17;12683;19;;;12691;7;12695;19;;;12688.0;0.0
yf_BGS_d8;15300;ASH_COATED_OSMIUM;9892;11;9890;20;;;9906;29;9910;25;;;9899.0;0.0
yf_BGS_d8;15300;INTARIAN_PEPPER_ROOT;12684;11;12681;16;;;12690;17;12692;19;;;12687.0;0.0
yf_BGS_d8;15400;ASH_COATED_OSMIUM;9897;6;9894;19;;;9903;20;9906;28;;;9900.0;0.0
yf_BGS_d8;15400;INTARIAN_PEPPER_ROOT;12683;13;12680;22;;;12689;19;12692;18;;;12686.0;0.0
yf_BGS_d8;15500;ASH_COATED_OSMIUM;9897;15;9893;24;;;9903;17;9907;16;;;9900.0;0.0
yf_BGS_d8;15500;INTARIAN_PEPPER_ROOT;12682;15;12678;20;;;12688;22;12691;22;;;12685.0;0.0
yf_BGS_d8;15600;ASH_COATED_OSMIUM;9877;13;9875;17;;;9922;23;9924;20;;;9899.5;0.0
yf_BGS_d8;15600;INTARIAN_PEPPER_ROOT;12680;18;12676;28;;;12686;21;12689;19;;;12683.0;0.0
yf_BGS_d8;15700;ASH_COATED_OSMIUM;9891;19;9887;22;;;9908;5;9912;20;;;9899.5;0.0
yf_BGS_d8;15700;INTARIAN_PEPPER_ROOT;12678;11;12674;19;;;12684;15;12686;21;;;12681.0;0.0
yf_BGS_d8;15800;ASH_COATED_OSMIUM;9893;10;9890;16;;;9906;21;9908;14;;;9899.5;0.0
yf_BGS_d8;15800;INTARIAN_PEPPER_ROOT;12678;11;12675;16;;;12684;13;12688;18;;;12681.0;0.0
yf_BGS_d8;15900;ASH_COATED_OSMIUM;9896;18;9894;9;;;9902;17;9906;21;;;9899.0;0.0
yf_BGS_d8;15900;INTARIAN_PEPPER_ROOT;12676;12;12673;13;;;12682;13;12686;10;;;12679.0;0.0
yf_BGS_d8;16000;ASH_COATED_OSMIUM;9895;13;9892;14;;;9904;20;9906;20;;;9899.5;0.0
yf_BGS_d8;16000;INTARIAN_PEPPER_ROOT;12673;16;12671;27;;;12683;17;12686;14;;;12678.0;0.0
yf_BGS_d8;16100;ASH_COATED_OSMIUM;9897;12;9895;20;;;9903;13;9906;14;;;9900.0;0.0
yf_BGS_d8;16100;INTARIAN_PEPPER_ROOT;12674;13;12670;23;;;12680;10;12683;24;;;12677.0;0.0
yf_BGS_d8;16200;ASH_COATED_OSMIUM;9897;12;9893;15;;;9903;24;9906;18;;;9900.0;0.0
yf_BGS_d8;16200;INTARIAN_PEPPER_ROOT;12672;7;12670;21;;;12678;11;12681;17;;;12675.0;0.0
yf_BGS_d8;16300;ASH_COATED_OSMIUM;9893;9;9891;17;;;9906;15;9909;24;;;9899.5;0.0
yf_BGS_d8;16300;INTARIAN_PEPPER_ROOT;12670;6;12668;15;;;12676;15;12678;29;;;12673.0;0.0
yf_BGS_d8;16400;ASH_COATED_OSMIUM;9891;6;9888;21;;;9909;23;9911;23;;;9900.0;0.0
yf_BGS_d8;16400;INTARIAN_PEPPER_ROOT;12670;25;12668;16;;;12676;22;12679;15;;;12673.0;0.0
yf_BGS_d8;16500;ASH_COATED_OSMIUM;9897;17;9894;11;;;9903;15;9905;22;;;9900.0;0.0
yf_BGS_d8;16500;INTARIAN_PEPPER_ROOT;12668;15;12665;20;;;12674;21;12677;19;;;12671.0;0.0
yf_BGS_d8;16600;ASH_COATED_OSMIUM;9893;12;9890;21;;;9906;11;9908;19;;;9899.5;0.0
yf_BGS_d8;16600;INTARIAN_PEPPER_ROOT;12661;13;12657;18;;;12679;18;12681;25;;;12670.0;0.0
yf_BGS_d8;16700;ASH_COATED_OSMIUM;9894;8;9890;25;;;9905;9;9908;20;;;9899.5;0.0
yf_BGS_d8;16700;INTARIAN_PEPPER_ROOT;12666;14;12664;18;;;12672;14;12674;18;;;12669.0;0.0
yf_BGS_d8;16800;ASH_COATED_OSMIUM;9895;14;9893;18;;;9904;16;9908;20;;;9899.5;0.0
yf_BGS_d8;16800;INTARIAN_PEPPER_ROOT;12664;21;12660;18;;;12670;13;12672;22;;;12667.0;0.0
yf_BGS_d8;16900;ASH_COATED_OSMIUM;9897;11;9895;18;;;9903;12;9906;32;;;9900.0;0.0
yf_BGS_d8;16900;INTARIAN_PEPPER_ROOT;12663;11;12660;23;;;12669;17;12673;17;;;12666.0;0.0
yf_BGS_d8;17000;ASH_COATED_OSMIUM;9896;21;9893;18;;;9902;13;9904;25;;;9899.0;0.0
yf_BGS_d8;17000;INTARIAN_PEPPER_ROOT;12659;13;12655;22;;;12670;15;12674;28;;;12664.5;0.0
yf_BGS_d8;17100;ASH_COATED_OSMIUM;9897;10;9894;17;;;9903;10;9905;10;;;9900.0;0.0
yf_BGS_d8;17100;INTARIAN_PEPPER_ROOT;12655;19;12651;11;;;12673;12;12675;21;;;12664.0;0.0
yf_BGS_d8;17200;ASH_COATED_OSMIUM;9897;17;9894;23;;;9903;17;9906;20;;;9900.0;0.0
yf_BGS_d8;17200;INTARIAN_PEPPER_ROOT;12661;17;12657;19;;;12667;6;12670;14;;;12664.0;0.0
yf_BGS_d8;17300;ASH_COATED_OSMIUM;9896;9;9894;20;;;9902;24;9904;23;;;9899.0;0.0
yf_BGS_d8;17300;INTARIAN_PEPPER_ROOT;12658;8;12654;17;;;12666;16;12670;16;;;12662.0;0.0
yf_BGS_d8;17400;ASH_COATED_OSMIUM;9893;17;9889;22;;;9905;13;9909;20;;;9899.0;0.0
yf_BGS_d8;17400;INTARIAN_PEPPER_ROOT;12646;16;12643;10;;;12676;17;12679;21;;;12661.0;0.0
yf_BGS_d8;17500;ASH_COATED_OSMIUM;9896;12;9894;11;;;9904;16;9906;20;;;9900.0;0.0
yf_BGS_d8;17500;INTARIAN_PEPPER_ROOT;12655;21;12652;16;;;12667;8;12671;10;;;12661.0;0.0
yf_BGS_d8;17600;ASH_COATED_OSMIUM;9893;10;9889;26;;;9905;14;9907;26;;;9899.0;0.0
yf_BGS_d8;17600;INTARIAN_PEPPER_ROOT;12655;22;12652;16;;;12666;20;12668;29;;;12660.5;0.0
yf_BGS_d8;17700;ASH_COATED_OSMIUM;9896;11;9894;24;;;9904;12;9908;13;;;9900.0;0.0
yf_BGS_d8;17700;INTARIAN_PEPPER_ROOT;12651;17;12647;26;;;12666;20;12668;18;;;12658.5;0.0
yf_BGS_d8;17800;ASH_COATED_OSMIUM;9897;25;9893;22;;;9903;16;9907;22;;;9900.0;0.0
yf_BGS_d8;17800;INTARIAN_PEPPER_ROOT;12652;18;12649;11;;;12665;14;12668;20;;;12658.5;0.0
yf_BGS_d8;17900;ASH_COATED_OSMIUM;9897;18;9894;14;;;9903;13;9907;15;;;9900.0;0.0
yf_BGS_d8;17900;INTARIAN_PEPPER_ROOT;12654;13;12652;21;;;12660;11;12664;27;;;12657.0;0.0
yf_BGS_d8;18000;ASH_COATED_OSMIUM;9897;16;9895;21;;;9903;7;9906;19;;;9900.0;0.0
yf_BGS_d8;18000;INTARIAN_PEPPER_ROOT;12654;10;12652;11;;;12660;22;12662;18;;;12657.0;0.0
yf_BGS_d8;18100;ASH_COATED_OSMIUM;9893;14;9891;19;;;9908;13;9912;19;;;9900.5;0.0
yf_BGS_d8;18100;INTARIAN_PEPPER_ROOT;12647;21;12643;19;;;12664;20;12667;26;;;12655.5;0.0
yf_BGS_d8;18200;ASH_COATED_OSMIUM;9897;15;9893;17;;;9903;21;9906;22;;;9900.0;0.0
yf_BGS_d8;18200;INTARIAN_PEPPER_ROOT;12652;9;12648;24;;;12659;9;12663;33;;;12655.5;0.0
yf_BGS_d8;18300;ASH_COATED_OSMIUM;9898;14;9896;29;;;9904;11;9908;29;;;9901.0;0.0
yf_BGS_d8;18300;INTARIAN_PEPPER_ROOT;12641;18;12637;28;;;12667;17;12670;20;;;12654.0;0.0
yf_BGS_d8;18400;ASH_COATED_OSMIUM;9895;6;9891;28;;;9905;14;9907;15;;;9900.0;0.0
yf_BGS_d8;18400;INTARIAN_PEPPER_ROOT;12651;11;12649;19;;;12657;9;12660;23;;;12654.0;0.0
yf_BGS_d8;18500;ASH_COATED_OSMIUM;9897;9;9894;12;;;9903;10;9905;20;;;9900.0;0.0
yf_BGS_d8;18500;INTARIAN_PEPPER_ROOT;12647;14;12645;23;;;12657;16;12660;28;;;12652.0;0.0
yf_BGS_d8;18600;ASH_COATED_OSMIUM;9897;8;9894;24;;;9903;13;9907;23;;;9900.0;0.0
yf_BGS_d8;18600;INTARIAN_PEPPER_ROOT;12649;6;12647;19;;;12655;20;12658;29;;;12652.0;0.0
yf_BGS_d8;18700;ASH_COATED_OSMIUM;9897;12;9894;26;;;9903;9;9907;16;;;9900.0;0.0
yf_BGS_d8;18700;INTARIAN_PEPPER_ROOT;12648;10;12646;17;;;12654;5;12657;20;;;12651.0;0.0
yf_BGS_d8;18800;ASH_COATED_OSMIUM;9898;14;9894;22;;;9904;14;9908;21;;;9901.0;0.0
yf_BGS_d8;18800;INTARIAN_PEPPER_ROOT;12647;9;12645;23;;;12653;7;12657;11;;;12650.0;0.0
yf_BGS_d8;18900;ASH_COATED_OSMIUM;9897;20;9893;15;;;9903;19;9905;20;;;9900.0;0.0
yf_BGS_d8;18900;INTARIAN_PEPPER_ROOT;12646;13;12643;24;;;12652;24;12654;27;;;12649.0;0.0
yf_BGS_d8;19000;ASH_COATED_OSMIUM;9892;11;9889;19;;;9910;15;9914;18;;;9901.0;0.0
yf_BGS_d8;19000;INTARIAN_PEPPER_ROOT;12646;19;12642;23;;;12652;20;12654;19;;;12649.0;0.0
yf_BGS_d8;19100;ASH_COATED_OSMIUM;9898;20;9894;20;;;9904;10;9906;16;;;9901.0;0.0
yf_BGS_d8;19100;INTARIAN_PEPPER_ROOT;12643;24;12641;14;;;12652;13;12656;15;;;12647.5;0.0
yf_BGS_d8;19200;ASH_COATED_OSMIUM;9898;21;9895;22;;;9904;14;9908;22;;;9901.0;0.0
yf_BGS_d8;19200;INTARIAN_PEPPER_ROOT;12644;6;12642;23;;;12650;12;12653;23;;;12647.0;0.0
yf_BGS_d8;19300;ASH_COATED_OSMIUM;9894;19;9890;14;;;9907;10;9910;23;;;9900.5;0.0
yf_BGS_d8;19300;INTARIAN_PEPPER_ROOT;12643;14;12641;17;;;12649;15;12652;19;;;12646.0;0.0
yf_BGS_d8;19400;ASH_COATED_OSMIUM;9894;13;9890;20;;;9907;12;9909;12;;;9900.5;0.0
yf_BGS_d8;19400;INTARIAN_PEPPER_ROOT;12642;15;12638;20;;;12648;20;12651;30;;;12645.0;0.0
yf_BGS_d8;19500;ASH_COATED_OSMIUM;9898;13;9894;19;;;9904;11;9907;15;;;9901.0;0.0
yf_BGS_d8;19500;INTARIAN_PEPPER_ROOT;12641;14;12637;14;;;12647;13;12649;18;;;12644.0;0.0
yf_BGS_d8;19600;ASH_COATED_OSMIUM;9898;17;9896;16;;;9904;16;9907;16;;;9901.0;0.0
yf_BGS_d8;19600;INTARIAN_PEPPER_ROOT;12629;12;12625;18;;;12658;17;12662;17;;;12643.5;0.0
yf_BGS_d8;19700;ASH_COATED_OSMIUM;9898;16;9894;17;;;9904;15;9908;21;;;9901.0;0.0
yf_BGS_d8;19700;INTARIAN_PEPPER_ROOT;12632;13;12630;23;;;12654;8;12657;20;;;12643.0;0.0
yf_BGS_d8;19800;ASH_COATED_OSMIUM;9898;15;9896;17;;;9904;20;9907;27;;;9901.0;0.0
yf_BGS_d8;19800;INTARIAN_PEPPER_ROOT;12635;11;12631;26;;;12648;26;12651;14;;;12641.5;0.0
yf_BGS_d8;19900;ASH_COATED_OSMIUM;9898;16;9896;19;;;9904;14;9908;11;;;9901.0;0.0
yf_BGS_d8;19900;INTARIAN_PEPPER_ROOT;12636;12;12632;19;;;12647;22;12649;21;;;12641.5;0.0
yf_BGS_d8;20000;ASH_COATED_OSMIUM;9891;16;9889;23;;;9911;5;9915;24;;;9901.0;0.0
yf_BGS_d8;20000;INTARIAN_PEPPER_ROOT;12637;15;12634;16;;;12643;17;12645;22;;;12640.0;0.0
yf_BGS_d8;20100;ASH_COATED_OSMIUM;9898;16;9895;25;;;9904;14;9906;10;;;9901.0;0.0
yf_BGS_d8;20100;INTARIAN_PEPPER_ROOT;12636;17;12633;11;;;12642;12;12645;19;;;12639.0;0.0
yf_BGS_d8;20200;ASH_COATED_OSMIUM;9898;18;9896;14;;;9904;21;9906;17;;;9901.0;0.0
yf_BGS_d8;20200;INTARIAN_PEPPER_ROOT;12636;15;12632;23;;;12642;26;12645;15;;;12639.0;0.0
yf_BGS_d8;20300;ASH_COATED_OSMIUM;9898;23;9895;20;;;9904;15;9907;21;;;9901.0;0.0
yf_BGS_d8;20300;INTARIAN_PEPPER_ROOT;12635;9;12631;23;;;12641;18;12644;26;;;12638.0;0.0
yf_BGS_d8;20400;ASH_COATED_OSMIUM;9898;17;9896;18;;;9904;19;9907;18;;;9901.0;0.0
yf_BGS_d8;20400;INTARIAN_PEPPER_ROOT;12634;26;12630;21;;;12640;19;12643;13;;;12637.0;0.0
yf_BGS_d8;20500;ASH_COATED_OSMIUM;9884;9;9880;13;;;9918;13;9922;22;;;9901.0;0.0
yf_BGS_d8;20500;INTARIAN_PEPPER_ROOT;12632;16;12630;19;;;12641;19;12644;26;;;12636.5;0.0
yf_BGS_d8;20600;ASH_COATED_OSMIUM;9895;26;9893;18;;;9908;14;9911;22;;;9901.5;0.0
yf_BGS_d8;20600;INTARIAN_PEPPER_ROOT;12628;14;12625;20;;;12641;13;12645;21;;;12634.5;0.0
yf_BGS_d8;20700;ASH_COATED_OSMIUM;9898;18;9895;27;;;9904;16;9907;26;;;9901.0;0.0
yf_BGS_d8;20700;INTARIAN_PEPPER_ROOT;12632;11;12630;24;;;12638;7;12642;15;;;12635.0;0.0
yf_BGS_d8;20800;ASH_COATED_OSMIUM;9898;11;9896;28;;;9904;11;9907;23;;;9901.0;0.0
yf_BGS_d8;20800;INTARIAN_PEPPER_ROOT;12630;15;12627;21;;;12636;11;12639;12;;;12633.0;0.0
yf_BGS_d8;20900;ASH_COATED_OSMIUM;9899;12;9895;24;;;9905;26;9908;13;;;9902.0;0.0
yf_BGS_d8;20900;INTARIAN_PEPPER_ROOT;12629;8;12627;30;;;12635;16;12639;11;;;12632.0;0.0
yf_BGS_d8;21000;ASH_COATED_OSMIUM;9899;10;9895;21;;;9905;18;9907;23;;;9902.0;0.0
yf_BGS_d8;21000;INTARIAN_PEPPER_ROOT;12629;21;12627;18;;;12635;11;12638;19;;;12632.0;0.0
yf_BGS_d8;21100;ASH_COATED_OSMIUM;9891;10;9889;17;;;9912;7;9916;19;;;9901.5;0.0
yf_BGS_d8;21100;INTARIAN_PEPPER_ROOT;12626;14;12622;17;;;12636;13;12638;26;;;12631.0;0.0
yf_BGS_d8;21200;ASH_COATED_OSMIUM;9899;13;9896;13;;;9905;12;9907;17;;;9902.0;0.0
yf_BGS_d8;21200;INTARIAN_PEPPER_ROOT;12627;20;12623;24;;;12633;17;12637;21;;;12630.0;0.0
yf_BGS_d8;21300;ASH_COATED_OSMIUM;9899;10;9896;20;;;9905;12;9909;23;;;9902.0;0.0
yf_BGS_d8;21300;INTARIAN_PEPPER_ROOT;12627;12;12625;17;;;12633;22;12637;28;;;12630.0;0.0
yf_BGS_d8;21400;ASH_COATED_OSMIUM;9898;15;9896;24;;;9906;6;9909;19;;;9902.0;0.0
yf_BGS_d8;21400;INTARIAN_PEPPER_ROOT;12622;25;12619;18;;;12635;9;12637;18;;;12628.5;0.0
yf_BGS_d8;21500;ASH_COATED_OSMIUM;9898;5;9896;14;;;9904;22;9908;27;;;9901.0;0.0
yf_BGS_d8;21500;INTARIAN_PEPPER_ROOT;12620;17;12616;18;;;12635;19;12637;17;;;12627.5;0.0
yf_BGS_d8;21600;ASH_COATED_OSMIUM;9899;12;9897;13;;;9905;16;9907;23;;;9902.0;0.0
yf_BGS_d8;21600;INTARIAN_PEPPER_ROOT;12624;11;12621;18;;;12630;19;12634;26;;;12627.0;0.0
yf_BGS_d8;21700;ASH_COATED_OSMIUM;9898;15;9894;13;;;9904;11;9906;17;;;9901.0;0.0
yf_BGS_d8;21700;INTARIAN_PEPPER_ROOT;12624;18;12620;13;;;12630;21;12632;21;;;12627.0;0.0
yf_BGS_d8;21800;ASH_COATED_OSMIUM;9895;23;9891;24;;;9908;6;9912;8;;;9901.5;0.0
yf_BGS_d8;21800;INTARIAN_PEPPER_ROOT;12620;14;12618;19;;;12631;14;12633;18;;;12625.5;0.0
yf_BGS_d8;21900;ASH_COATED_OSMIUM;9897;14;9895;16;;;9905;14;9907;31;;;9901.0;0.0
yf_BGS_d8;21900;INTARIAN_PEPPER_ROOT;12620;11;12616;13;;;12629;26;12633;17;;;12624.5;0.0
yf_BGS_d8;22000;ASH_COATED_OSMIUM;9899;19;9897;22;;;9905;10;9908;25;;;9902.0;0.0
yf_BGS_d8;22000;INTARIAN_PEPPER_ROOT;12615;16;12613;20;;;12632;14;12635;13;;;12623.5;0.0
yf_BGS_d8;22100;ASH_COATED_OSMIUM;9899;17;9896;20;;;9905;15;9909;19;;;9902.0;0.0
yf_BGS_d8;22100;INTARIAN_PEPPER_ROOT;12620;14;12617;20;;;12626;15;12630;19;;;12623.0;0.0
yf_BGS_d8;22200;ASH_COATED_OSMIUM;9898;29;9895;19;;;9906;15;9908;19;;;9902.0;0.0
yf_BGS_d8;22200;INTARIAN_PEPPER_ROOT;12615;10;12611;18;;;12629;14;12632;17;;;12622.0;0.0
yf_BGS_d8;22300;ASH_COATED_OSMIUM;9899;13;9897;32;;;9905;12;9908;17;;;9902.0;0.0
yf_BGS_d8;22300;INTARIAN_PEPPER_ROOT;12617;14;12613;17;;;12625;7;12627;18;;;12621.0;0.0
yf_BGS_d8;22400;ASH_COATED_OSMIUM;9899;17;9895;23;;;9905;6;9908;24;;;9902.0;0.0
yf_BGS_d8;22400;INTARIAN_PEPPER_ROOT;12616;17;12612;28;;;12627;13;12630;23;;;12621.5;0.0
yf_BGS_d8;22500;ASH_COATED_OSMIUM;9899;19;9896;15;;;9905;20;9907;18;;;9902.0;0.0
yf_BGS_d8;22500;INTARIAN_PEPPER_ROOT;12615;13;12613;14;;;12626;22;12629;22;;;12620.5;0.0
yf_BGS_d8;22600;ASH_COATED_OSMIUM;9899;8;9896;26;;;9905;20;9908;17;;;9902.0;0.0
yf_BGS_d8;22600;INTARIAN_PEPPER_ROOT;12616;6;12612;25;;;12622;17;12624;24;;;12619.0;0.0
yf_BGS_d8;22700;ASH_COATED_OSMIUM;9897;9;9893;9;;;9907;9;9909;15;;;9902.0;0.0
yf_BGS_d8;22700;INTARIAN_PEPPER_ROOT;12614;11;12611;23;;;12624;16;12628;19;;;12619.0;0.0
yf_BGS_d8;22800;ASH_COATED_OSMIUM;9899;15;9895;18;;;9905;20;9907;21;;;9902.0;0.0
yf_BGS_d8;22800;INTARIAN_PEPPER_ROOT;12614;9;12611;22;;;12620;21;12622;22;;;12617.0;0.0
yf_BGS_d8;22900;ASH_COATED_OSMIUM;9892;17;9888;20;;;9913;9;9915;26;;;9902.5;0.0
yf_BGS_d8;22900;INTARIAN_PEPPER_ROOT;12613;15;12610;22;;;12621;8;12625;24;;;12617.0;0.0
yf_BGS_d8;23000;ASH_COATED_OSMIUM;9896;14;9892;17;;;9908;21;9912;19;;;9902.0;0.0
yf_BGS_d8;23000;INTARIAN_PEPPER_ROOT;12613;6;12610;18;;;12619;12;12623;27;;;12616.0;0.0
yf_BGS_d8;23100;ASH_COATED_OSMIUM;9899;22;9895;20;;;9905;13;9908;17;;;9902.0;0.0
yf_BGS_d8;23100;INTARIAN_PEPPER_ROOT;12612;15;12609;11;;;12618;12;12622;24;;;12615.0;0.0
yf_BGS_d8;23200;ASH_COATED_OSMIUM;9899;20;9895;20;;;9906;14;9909;23;;;9902.5;0.0
yf_BGS_d8;23200;INTARIAN_PEPPER_ROOT;12611;5;12607;24;;;12617;30;12619;19;;;12614.0;0.0
yf_BGS_d8;23300;ASH_COATED_OSMIUM;9900;18;9898;25;;;9906;17;9910;15;;;9903.0;0.0
yf_BGS_d8;23300;INTARIAN_PEPPER_ROOT;12611;8;12609;18;;;12617;20;12620;24;;;12614.0;0.0
yf_BGS_d8;23400;ASH_COATED_OSMIUM;9900;10;9898;17;;;9906;6;9908;17;;;9903.0;0.0
yf_BGS_d8;23400;INTARIAN_PEPPER_ROOT;12609;27;12607;25;;;12615;5;12619;16;;;12612.0;0.0
yf_BGS_d8;23500;ASH_COATED_OSMIUM;9900;19;9898;17;;;9906;14;9909;18;;;9903.0;0.0
yf_BGS_d8;23500;INTARIAN_PEPPER_ROOT;12608;15;12604;14;;;12614;19;12616;11;;;12611.0;0.0
yf_BGS_d8;23600;ASH_COATED_OSMIUM;9900;14;9897;12;;;9906;14;9908;18;;;9903.0;0.0
yf_BGS_d8;23600;INTARIAN_PEPPER_ROOT;12607;13;12605;23;;;12616;17;12619;25;;;12611.5;0.0
yf_BGS_d8;23700;ASH_COATED_OSMIUM;9900;16;9898;20;;;9906;16;9909;22;;;9903.0;0.0
yf_BGS_d8;23700;INTARIAN_PEPPER_ROOT;12600;17;12597;26;;;12620;19;12622;30;;;12610.0;0.0
yf_BGS_d8;23800;ASH_COATED_OSMIUM;9900;17;9897;20;;;9906;21;9909;13;;;9903.0;0.0
yf_BGS_d8;23800;INTARIAN_PEPPER_ROOT;12606;18;12603;14;;;12612;14;12615;17;;;12609.0;0.0
yf_BGS_d8;23900;ASH_COATED_OSMIUM;9900;20;9898;20;;;9906;24;9908;14;;;9903.0;0.0
yf_BGS_d8;23900;INTARIAN_PEPPER_ROOT;12605;10;12602;19;;;12611;12;12614;15;;;12608.0;0.0
yf_BGS_d8;24000;ASH_COATED_OSMIUM;9885;22;9882;22;;;9920;11;9922;18;;;9902.5;0.0
yf_BGS_d8;24000;INTARIAN_PEPPER_ROOT;12605;12;12601;14;;;12611;23;12613;13;;;12608.0;0.0
yf_BGS_d8;24100;ASH_COATED_OSMIUM;9900;20;9896;22;;;9906;15;9909;21;;;9903.0;0.0
yf_BGS_d8;24100;INTARIAN_PEPPER_ROOT;12604;13;12602;19;;;12610;10;12613;17;;;12607.0;0.0
yf_BGS_d8;24200;ASH_COATED_OSMIUM;9900;13;9897;24;;;9906;19;9909;16;;;9903.0;0.0
yf_BGS_d8;24200;INTARIAN_PEPPER_ROOT;12603;15;12599;28;;;12609;15;12613;24;;;12606.0;0.0
yf_BGS_d8;24300;ASH_COATED_OSMIUM;9900;13;9896;18;;;9906;16;9910;16;;;9903.0;0.0
yf_BGS_d8;24300;INTARIAN_PEPPER_ROOT;12602;10;12599;22;;;12608;12;12612;22;;;12605.0;0.0
yf_BGS_d8;24400;ASH_COATED_OSMIUM;9900;17;9896;10;;;9906;5;9910;20;;;9903.0;0.0
yf_BGS_d8;24400;INTARIAN_PEPPER_ROOT;12595;9;12592;13;;;12614;12;12617;24;;;12604.5;0.0
yf_BGS_d8;24500;ASH_COATED_OSMIUM;9886;22;9883;22;;;9921;14;9925;21;;;9903.5;0.0
yf_BGS_d8;24500;INTARIAN_PEPPER_ROOT;12590;11;12586;8;;;12618;5;12620;17;;;12604.0;0.0
yf_BGS_d8;24600;ASH_COATED_OSMIUM;9900;15;9897;20;;;9906;21;9908;18;;;9903.0;0.0
yf_BGS_d8;24600;INTARIAN_PEPPER_ROOT;12600;8;12597;14;;;12606;20;12609;17;;;12603.0;0.0
yf_BGS_d8;24700;ASH_COATED_OSMIUM;9900;5;9896;19;;;9906;11;9909;19;;;9903.0;0.0
yf_BGS_d8;24700;INTARIAN_PEPPER_ROOT;12599;19;12596;18;;;12605;20;12608;24;;;12602.0;0.0
yf_BGS_d8;24800;ASH_COATED_OSMIUM;9900;16;9896;23;;;9906;13;9909;23;;;9903.0;0.0
yf_BGS_d8;24800;INTARIAN_PEPPER_ROOT;12599;11;12597;17;;;12605;20;12609;23;;;12602.0;0.0
yf_BGS_d8;24900;ASH_COATED_OSMIUM;9900;18;9896;20;;;9906;15;9909;29;;;9903.0;0.0
yf_BGS_d8;24900;INTARIAN_PEPPER_ROOT;12597;15;12595;17;;;12603;16;12605;22;;;12600.0;0.0
yf_BGS_d8;25000;ASH_COATED_OSMIUM;9899;18;9896;8;;;9909;19;9911;26;;;9904.0;0.0
yf_BGS_d8;25000;INTARIAN_PEPPER_ROOT;12587;18;12583;12;;;12614;15;12617;23;;;12600.5;0.0
yf_BGS_d8;25100;ASH_COATED_OSMIUM;9900;12;9898;15;;;9906;24;9908;30;;;9903.0;0.0
yf_BGS_d8;25100;INTARIAN_PEPPER_ROOT;12596;5;12593;14;;;12602;13;12606;23;;;12599.0;0.0
yf_BGS_d8;25200;ASH_COATED_OSMIUM;9901;22;9897;21;;;9907;16;9910;21;;;9904.0;0.0
yf_BGS_d8;25200;INTARIAN_PEPPER_ROOT;12595;6;12592;21;;;12601;5;12605;26;;;12598.0;0.0
yf_BGS_d8;25300;ASH_COATED_OSMIUM;9892;14;9890;17;;;9916;17;9919;28;;;9904.0;0.0
yf_BGS_d8;25300;INTARIAN_PEPPER_ROOT;12594;17;12592;22;;;12601;19;12603;18;;;12597.5;0.0
yf_BGS_d8;25400;ASH_COATED_OSMIUM;9900;5;9896;15;;;9906;11;9908;19;;;9903.0;0.0
yf_BGS_d8;25400;INTARIAN_PEPPER_ROOT;12587;13;12584;26;;;12606;13;12610;22;;;12596.5;0.0
yf_BGS_d8;25500;ASH_COATED_OSMIUM;9900;20;9897;22;;;9906;20;9908;18;;;9903.0;0.0
yf_BGS_d8;25500;INTARIAN_PEPPER_ROOT;12592;10;12590;19;;;12598;19;12601;18;;;12595.0;0.0
yf_BGS_d8;25600;ASH_COATED_OSMIUM;9900;18;9896;18;;;9908;13;9911;22;;;9904.0;0.0
yf_BGS_d8;25600;INTARIAN_PEPPER_ROOT;12592;14;12590;15;;;12598;15;12600;29;;;12595.0;0.0
yf_BGS_d8;25700;ASH_COATED_OSMIUM;9901;9;9899;15;;;9907;26;9911;14;;;9904.0;0.0
yf_BGS_d8;25700;INTARIAN_PEPPER_ROOT;12591;13;12588;20;;;12597;13;12600;18;;;12594.0;0.0
yf_BGS_d8;25800;ASH_COATED_OSMIUM;9901;17;9899;20;;;9907;9;9910;21;;;9904.0;0.0
yf_BGS_d8;25800;INTARIAN_PEPPER_ROOT;12585;10;12581;20;;;12601;19;12605;18;;;12593.0;0.0
yf_BGS_d8;25900;ASH_COATED_OSMIUM;9901;10;9898;16;;;9907;11;9909;8;;;9904.0;0.0
yf_BGS_d8;25900;INTARIAN_PEPPER_ROOT;12587;17;12584;13;;;12598;11;12601;14;;;12592.5;0.0
yf_BGS_d8;26000;ASH_COATED_OSMIUM;9896;18;9894;22;;;9913;7;9916;23;;;9904.5;0.0
yf_BGS_d8;26000;INTARIAN_PEPPER_ROOT;12589;16;12587;22;;;12595;20;12599;16;;;12592.0;0.0
yf_BGS_d8;26100;ASH_COATED_OSMIUM;9901;13;9899;17;;;9907;16;9910;25;;;9904.0;0.0
yf_BGS_d8;26100;INTARIAN_PEPPER_ROOT;12588;13;12585;24;;;12594;5;12597;11;;;12591.0;0.0
yf_BGS_d8;26200;ASH_COATED_OSMIUM;9901;14;9899;18;;;9907;10;9909;18;;;9904.0;0.0
yf_BGS_d8;26200;INTARIAN_PEPPER_ROOT;12587;13;12584;17;;;12593;17;12596;23;;;12590.0;0.0
yf_BGS_d8;26300;ASH_COATED_OSMIUM;9901;7;9898;9;;;9907;10;9910;22;;;9904.0;0.0
yf_BGS_d8;26300;INTARIAN_PEPPER_ROOT;12586;17;12583;17;;;12594;9;12598;29;;;12590.0;0.0
yf_BGS_d8;26400;ASH_COATED_OSMIUM;9901;18;9897;22;;;9907;18;9910;18;;;9904.0;0.0
yf_BGS_d8;26400;INTARIAN_PEPPER_ROOT;12586;26;12584;20;;;12592;14;12594;27;;;12589.0;0.0
yf_BGS_d8;26500;ASH_COATED_OSMIUM;9901;12;9898;20;;;9907;5;9910;25;;;9904.0;0.0
yf_BGS_d8;26500;INTARIAN_PEPPER_ROOT;12582;13;12578;22;;;12593;18;12596;27;;;12587.5;0.0
yf_BGS_d8;26600;ASH_COATED_OSMIUM;9901;10;9897;17;;;9907;14;9911;9;;;9904.0;0.0
yf_BGS_d8;26600;INTARIAN_PEPPER_ROOT;12584;15;12582;21;;;12590;17;12592;25;;;12587.0;0.0
yf_BGS_d8;26700;ASH_COATED_OSMIUM;9902;13;9899;14;;;9908;17;9910;22;;;9905.0;0.0
yf_BGS_d8;26700;INTARIAN_PEPPER_ROOT;12583;12;12579;17;;;12589;16;12593;11;;;12586.0;0.0
yf_BGS_d8;26800;ASH_COATED_OSMIUM;9901;13;9897;26;;;9907;14;9910;22;;;9904.0;0.0
yf_BGS_d8;26800;INTARIAN_PEPPER_ROOT;12582;18;12580;22;;;12588;12;12591;16;;;12585.0;0.0
yf_BGS_d8;26900;ASH_COATED_OSMIUM;9901;12;9897;23;;;9907;10;9911;22;;;9904.0;0.0
yf_BGS_d8;26900;INTARIAN_PEPPER_ROOT;12581;16;12577;25;;;12587;24;12591;24;;;12584.0;0.0
yf_BGS_d8;27000;ASH_COATED_OSMIUM;9902;23;9900;27;;;9908;20;9912;20;;;9905.0;0.0
yf_BGS_d8;27000;INTARIAN_PEPPER_ROOT;12575;21;12572;28;;;12592;13;12595;24;;;12583.5;0.0
yf_BGS_d8;27100;ASH_COATED_OSMIUM;9894;10;9892;21;;;9916;12;9919;22;;;9905.0;0.0
yf_BGS_d8;27100;INTARIAN_PEPPER_ROOT;12580;15;12576;19;;;12586;15;12588;18;;;12583.0;0.0
yf_BGS_d8;27200;ASH_COATED_OSMIUM;9901;11;9899;19;;;9909;14;9913;17;;;9905.0;0.0
yf_BGS_d8;27200;INTARIAN_PEPPER_ROOT;12575;14;12572;15;;;12590;6;12592;21;;;12582.5;0.0
yf_BGS_d8;27300;ASH_COATED_OSMIUM;9902;20;9900;15;;;9908;20;9912;17;;;9905.0;0.0
yf_BGS_d8;27300;INTARIAN_PEPPER_ROOT;12578;20;12576;34;;;12584;5;12587;26;;;12581.0;0.0
yf_BGS_d8;27400;ASH_COATED_OSMIUM;9902;20;9898;30;;;9908;11;9912;13;;;9905.0;0.0
yf_BGS_d8;27400;INTARIAN_PEPPER_ROOT;12577;15;12575;10;;;12584;17;12588;23;;;12580.5;0.0
yf_BGS_d8;27500;ASH_COATED_OSMIUM;9902;6;9900;24;;;9908;16;9912;18;;;9905.0;0.0
yf_BGS_d8;27500;INTARIAN_PEPPER_ROOT;12562;22;12559;18;;;12597;12;12600;9;;;12579.5;0.0
yf_BGS_d8;27600;ASH_COATED_OSMIUM;9902;11;9899;26;;;9908;8;9912;25;;;9905.0;0.0
yf_BGS_d8;27600;INTARIAN_PEPPER_ROOT;12574;26;12572;16;;;12583;19;12585;14;;;12578.5;0.0
yf_BGS_d8;27700;ASH_COATED_OSMIUM;9897;13;9894;20;;;9912;10;9916;15;;;9904.5;0.0
yf_BGS_d8;27700;INTARIAN_PEPPER_ROOT;12575;21;12572;29;;;12581;11;12583;30;;;12578.0;0.0
yf_BGS_d8;27800;ASH_COATED_OSMIUM;9902;21;9900;8;;;9908;13;9910;30;;;9905.0;0.0
yf_BGS_d8;27800;INTARIAN_PEPPER_ROOT;12568;10;12565;28;;;12585;18;12589;21;;;12576.5;0.0
yf_BGS_d8;27900;ASH_COATED_OSMIUM;9899;20;9896;15;;;9911;15;9915;13;;;9905.0;0.0
yf_BGS_d8;27900;INTARIAN_PEPPER_ROOT;12573;16;12569;20;;;12579;16;12581;15;;;12576.0;0.0
yf_BGS_d8;28000;ASH_COATED_OSMIUM;9902;21;9898;22;;;9908;21;9911;17;;;9905.0;0.0
yf_BGS_d8;28000;INTARIAN_PEPPER_ROOT;12572;14;12568;22;;;12579;17;12581;20;;;12575.5;0.0
yf_BGS_d8;28100;ASH_COATED_OSMIUM;9901;11;9897;23;;;9910;8;9913;18;;;9905.5;0.0
yf_BGS_d8;28100;INTARIAN_PEPPER_ROOT;12572;12;12570;18;;;12578;10;12580;27;;;12575.0;0.0
yf_BGS_d8;28200;ASH_COATED_OSMIUM;9897;18;9895;18;;;9913;15;9915;15;;;9905.0;0.0
yf_BGS_d8;28200;INTARIAN_PEPPER_ROOT;12571;18;12567;19;;;12577;13;12580;22;;;12574.0;0.0
yf_BGS_d8;28300;ASH_COATED_OSMIUM;9902;28;9899;9;;;9908;7;9912;19;;;9905.0;0.0
yf_BGS_d8;28300;INTARIAN_PEPPER_ROOT;12570;19;12566;15;;;12576;12;12579;15;;;12573.0;0.0
yf_BGS_d8;28400;ASH_COATED_OSMIUM;9902;5;9899;14;;;9908;6;9910;19;;;9905.0;0.0
yf_BGS_d8;28400;INTARIAN_PEPPER_ROOT;12569;17;12567;24;;;12575;12;12577;18;;;12572.0;0.0
yf_BGS_d8;28500;ASH_COATED_OSMIUM;9902;18;9899;22;;;9909;12;9913;23;;;9905.5;0.0
yf_BGS_d8;28500;INTARIAN_PEPPER_ROOT;12569;11;12566;23;;;12575;6;12577;18;;;12572.0;0.0
yf_BGS_d8;28600;ASH_COATED_OSMIUM;9903;17;9899;22;;;9909;12;9911;10;;;9906.0;0.0
yf_BGS_d8;28600;INTARIAN_PEPPER_ROOT;12563;22;12561;15;;;12578;20;12580;18;;;12570.5;0.0
yf_BGS_d8;28700;ASH_COATED_OSMIUM;9896;17;9892;18;;;9915;15;9919;19;;;9905.5;0.0
yf_BGS_d8;28700;INTARIAN_PEPPER_ROOT;12563;7;12560;21;;;12576;25;12579;24;;;12569.5;0.0
yf_BGS_d8;28800;ASH_COATED_OSMIUM;9901;17;9898;32;;;9909;10;9912;23;;;9905.0;0.0
yf_BGS_d8;28800;INTARIAN_PEPPER_ROOT;12566;16;12562;10;;;12572;20;12575;13;;;12569.0;0.0
yf_BGS_d8;28900;ASH_COATED_OSMIUM;9896;21;9893;14;;;9915;14;9917;12;;;9905.5;0.0
yf_BGS_d8;28900;INTARIAN_PEPPER_ROOT;12565;11;12561;9;;;12571;9;12574;31;;;12568.0;0.0
yf_BGS_d8;29000;ASH_COATED_OSMIUM;9903;11;9899;17;;;9909;7;9912;25;;;9906.0;0.0
yf_BGS_d8;29000;INTARIAN_PEPPER_ROOT;12563;14;12559;14;;;12572;15;12576;11;;;12567.5;0.0
yf_BGS_d8;29100;ASH_COATED_OSMIUM;9903;18;9901;17;;;9909;19;9912;27;;;9906.0;0.0
yf_BGS_d8;29100;INTARIAN_PEPPER_ROOT;12564;14;12562;16;;;12570;17;12574;17;;;12567.0;0.0
yf_BGS_d8;29200;ASH_COATED_OSMIUM;9898;17;9895;33;;;9912;10;9914;19;;;9905.0;0.0
yf_BGS_d8;29200;INTARIAN_PEPPER_ROOT;12558;12;12554;8;;;12572;23;12576;29;;;12565.0;0.0
yf_BGS_d8;29300;ASH_COATED_OSMIUM;9898;20;9894;21;;;9913;17;9915;18;;;9905.5;0.0
yf_BGS_d8;29300;INTARIAN_PEPPER_ROOT;12561;16;12558;20;;;12569;22;12572;12;;;12565.0;0.0
yf_BGS_d8;29400;ASH_COATED_OSMIUM;9900;11;9898;21;;;9911;19;9913;19;;;9905.5;0.0
yf_BGS_d8;29400;INTARIAN_PEPPER_ROOT;12551;13;12547;28;;;12578;18;12582;13;;;12564.5;0.0
yf_BGS_d8;29500;ASH_COATED_OSMIUM;9903;21;9900;22;;;9909;16;9912;25;;;9906.0;0.0
yf_BGS_d8;29500;INTARIAN_PEPPER_ROOT;12560;13;12556;16;;;12566;19;12570;21;;;12563.0;0.0
yf_BGS_d8;29600;ASH_COATED_OSMIUM;9903;24;9901;19;;;9909;11;9913;22;;;9906.0;0.0
yf_BGS_d8;29600;INTARIAN_PEPPER_ROOT;12559;10;12557;28;;;12565;15;12568;32;;;12562.0;0.0
yf_BGS_d8;29700;ASH_COATED_OSMIUM;9901;17;9897;22;;;9910;6;9914;23;;;9905.5;0.0
yf_BGS_d8;29700;INTARIAN_PEPPER_ROOT;12559;13;12556;27;;;12565;14;12568;25;;;12562.0;0.0
yf_BGS_d8;29800;ASH_COATED_OSMIUM;9903;5;9899;16;;;9909;18;9912;10;;;9906.0;0.0
yf_BGS_d8;29800;INTARIAN_PEPPER_ROOT;12555;16;12553;21;;;12567;10;12571;28;;;12561.0;0.0
yf_BGS_d8;29900;ASH_COATED_OSMIUM;9902;20;9898;13;;;9909;8;9913;10;;;9905.5;0.0
yf_BGS_d8;29900;INTARIAN_PEPPER_ROOT;12557;12;12554;27;;;12563;7;12565;11;;;12560.0;0.0
yf_BGS_d8;30000;ASH_COATED_OSMIUM;9903;13;9899;19;;;9909;13;9911;16;;;9906.0;0.0
yf_BGS_d8;30000;INTARIAN_PEPPER_ROOT;12556;23;12553;18;;;12562;21;12565;15;;;12559.0;0.0
yf_BGS_d8;30100;ASH_COATED_OSMIUM;9903;17;9900;25;;;9909;8;9913;19;;;9906.0;0.0
yf_BGS_d8;30100;INTARIAN_PEPPER_ROOT;12555;10;12552;25;;;12561;12;12565;22;;;12558.0;0.0
yf_BGS_d8;30200;ASH_COATED_OSMIUM;9896;13;9894;17;;;9915;14;9919;18;;;9905.5;0.0
yf_BGS_d8;30200;INTARIAN_PEPPER_ROOT;12555;11;12551;18;;;12561;14;12563;24;;;12558.0;0.0
yf_BGS_d8;30300;ASH_COATED_OSMIUM;9903;12;9899;20;;;9909;15;9913;19;;;9906.0;0.0
yf_BGS_d8;30300;INTARIAN_PEPPER_ROOT;12554;15;12551;21;;;12560;20;12564;16;;;12557.0;0.0
yf_BGS_d8;30400;ASH_COATED_OSMIUM;9899;19;9897;14;;;9912;16;9916;19;;;9905.5;0.0
yf_BGS_d8;30400;INTARIAN_PEPPER_ROOT;12553;11;12550;20;;;12559;15;12563;15;;;12556.0;0.0
yf_BGS_d8;30500;ASH_COATED_OSMIUM;9903;15;9900;15;;;9909;17;9912;22;;;9906.0;0.0
yf_BGS_d8;30500;INTARIAN_PEPPER_ROOT;12543;5;12540;18;;;12567;11;12571;25;;;12555.0;0.0
yf_BGS_d8;30600;ASH_COATED_OSMIUM;9901;17;9899;14;;;9913;10;9917;17;;;9907.0;0.0
yf_BGS_d8;30600;INTARIAN_PEPPER_ROOT;12552;11;12550;21;;;12558;21;12560;12;;;12555.0;0.0
yf_BGS_d8;30700;ASH_COATED_OSMIUM;9903;15;9901;17;;;9909;14;9911;18;;;9906.0;0.0
yf_BGS_d8;30700;INTARIAN_PEPPER_ROOT;12551;15;12547;17;;;12557;11;12561;25;;;12554.0;0.0
yf_BGS_d8;30800;ASH_COATED_OSMIUM;9904;21;9901;16;;;9910;16;9912;19;;;9907.0;0.0
yf_BGS_d8;30800;INTARIAN_PEPPER_ROOT;12549;15;12545;8;;;12555;20;12559;17;;;12552.0;0.0
yf_BGS_d8;30900;ASH_COATED_OSMIUM;9902;5;9898;19;;;9910;15;9913;26;;;9906.0;0.0
yf_BGS_d8;30900;INTARIAN_PEPPER_ROOT;12549;15;12546;17;;;12555;20;12559;27;;;12552.0;0.0
yf_BGS_d8;31000;ASH_COATED_OSMIUM;9894;16;9892;20;;;9920;18;9923;19;;;9907.0;0.0
yf_BGS_d8;31000;INTARIAN_PEPPER_ROOT;12548;19;12544;20;;;12554;8;12558;16;;;12551.0;0.0
yf_BGS_d8;31100;ASH_COATED_OSMIUM;9904;10;9902;14;;;9910;9;9913;17;;;9907.0;0.0
yf_BGS_d8;31100;INTARIAN_PEPPER_ROOT;12547;15;12544;19;;;12554;10;12558;21;;;12550.5;0.0
yf_BGS_d8;31200;ASH_COATED_OSMIUM;9903;19;9901;17;;;9909;7;9911;20;;;9906.0;0.0
yf_BGS_d8;31200;INTARIAN_PEPPER_ROOT;12542;10;12539;15;;;12557;17;12561;17;;;12549.5;0.0
yf_BGS_d8;31300;ASH_COATED_OSMIUM;9900;11;9896;12;;;9913;11;9916;24;;;9906.5;0.0
yf_BGS_d8;31300;INTARIAN_PEPPER_ROOT;12539;28;12536;19;;;12560;18;12562;27;;;12549.5;0.0
yf_BGS_d8;31400;ASH_COATED_OSMIUM;9895;19;9892;13;;;9918;18;9920;34;;;9906.5;0.0
yf_BGS_d8;31400;INTARIAN_PEPPER_ROOT;12545;15;12543;24;;;12551;18;12554;17;;;12548.0;0.0
yf_BGS_d8;31500;ASH_COATED_OSMIUM;9895;17;9893;18;;;9918;13;9922;22;;;9906.5;0.0
yf_BGS_d8;31500;INTARIAN_PEPPER_ROOT;12544;12;12540;21;;;12550;14;12552;23;;;12547.0;0.0
yf_BGS_d8;31600;ASH_COATED_OSMIUM;9897;5;9893;19;;;9918;18;9920;13;;;9907.5;0.0
yf_BGS_d8;31600;INTARIAN_PEPPER_ROOT;12543;20;12540;21;;;12549;19;12552;21;;;12546.0;0.0
yf_BGS_d8;31700;ASH_COATED_OSMIUM;9904;9;9900;24;;;9910;9;9912;22;;;9907.0;0.0
yf_BGS_d8;31700;INTARIAN_PEPPER_ROOT;12543;20;12539;16;;;12549;13;12552;21;;;12546.0;0.0
yf_BGS_d8;31800;ASH_COATED_OSMIUM;9904;13;9900;26;;;9910;10;9914;19;;;9907.0;0.0
yf_BGS_d8;31800;INTARIAN_PEPPER_ROOT;12542;13;12539;19;;;12548;15;12551;14;;;12545.0;0.0
yf_BGS_d8;31900;ASH_COATED_OSMIUM;9904;17;9902;20;;;9910;24;9913;16;;;9907.0;0.0
yf_BGS_d8;31900;INTARIAN_PEPPER_ROOT;12541;10;12539;27;;;12547;24;12550;13;;;12544.0;0.0
yf_BGS_d8;32000;ASH_COATED_OSMIUM;9903;8;9901;11;;;9911;21;9915;21;;;9907.0;0.0
yf_BGS_d8;32000;INTARIAN_PEPPER_ROOT;12540;18;12538;14;;;12546;16;12548;15;;;12543.0;0.0
yf_BGS_d8;32100;ASH_COATED_OSMIUM;9904;20;9900;28;;;9910;8;9912;8;;;9907.0;0.0
yf_BGS_d8;32100;INTARIAN_PEPPER_ROOT;12530;25;12527;22;;;12554;24;12558;26;;;12542.0;0.0
yf_BGS_d8;32200;ASH_COATED_OSMIUM;9904;25;9902;28;;;9910;19;9913;20;;;9907.0;0.0
yf_BGS_d8;32200;INTARIAN_PEPPER_ROOT;12538;15;12536;20;;;12544;14;12547;22;;;12541.0;0.0
yf_BGS_d8;32300;ASH_COATED_OSMIUM;9904;15;9900;20;;;9910;16;9914;16;;;9907.0;0.0
yf_BGS_d8;32300;INTARIAN_PEPPER_ROOT;12536;14;12532;22;;;12544;8;12546;18;;;12540.0;0.0
yf_BGS_d8;32400;ASH_COATED_OSMIUM;9904;21;9900;20;;;9910;18;9913;18;;;9907.0;0.0
yf_BGS_d8;32400;INTARIAN_PEPPER_ROOT;12536;18;12534;20;;;12544;9;12548;23;;;12540.0;0.0
yf_BGS_d8;32500;ASH_COATED_OSMIUM;9905;19;9902;18;;;9911;21;9914;13;;;9908.0;0.0
yf_BGS_d8;32500;INTARIAN_PEPPER_ROOT;12536;17;12534;16;;;12542;18;12546;25;;;12539.0;0.0
yf_BGS_d8;32600;ASH_COATED_OSMIUM;9898;15;9896;24;;;9916;17;9920;22;;;9907.0;0.0
yf_BGS_d8;32600;INTARIAN_PEPPER_ROOT;12535;13;12532;21;;;12542;17;12545;11;;;12538.5;0.0
yf_BGS_d8;32700;ASH_COATED_OSMIUM;9905;13;9903;18;;;9911;9;9914;18;;;9908.0;0.0
yf_BGS_d8;32700;INTARIAN_PEPPER_ROOT;12534;15;12531;20;;;12540;21;12544;29;;;12537.0;0.0
yf_BGS_d8;32800;ASH_COATED_OSMIUM;9905;10;9902;20;;;9911;23;9914;17;;;9908.0;0.0
yf_BGS_d8;32800;INTARIAN_PEPPER_ROOT;12533;13;12531;16;;;12539;16;12543;33;;;12536.0;0.0
yf_BGS_d8;32900;ASH_COATED_OSMIUM;9904;28;9900;19;;;9910;12;9914;20;;;9907.0;0.0
yf_BGS_d8;32900;INTARIAN_PEPPER_ROOT;12533;9;12531;18;;;12539;6;12541;17;;;12536.0;0.0
yf_BGS_d8;33000;ASH_COATED_OSMIUM;9900;19;9896;18;;;9914;15;9916;17;;;9907.0;0.0
yf_BGS_d8;33000;INTARIAN_PEPPER_ROOT;12531;17;12528;26;;;12538;17;12540;17;;;12534.5;0.0
yf_BGS_d8;33100;ASH_COATED_OSMIUM;9905;17;9901;19;;;9911;9;9914;20;;;9908.0;0.0
yf_BGS_d8;33100;INTARIAN_PEPPER_ROOT;12526;6;12522;21;;;12543;15;12546;29;;;12534.5;0.0
yf_BGS_d8;33200;ASH_COATED_OSMIUM;9900;21;9896;13;;;9916;5;9918;8;;;9908.0;0.0
yf_BGS_d8;33200;INTARIAN_PEPPER_ROOT;12530;11;12528;18;;;12536;18;12538;23;;;12533.0;0.0
yf_BGS_d8;33300;ASH_COATED_OSMIUM;9903;13;9900;33;;;9912;9;9915;35;;;9907.5;0.0
yf_BGS_d8;33300;INTARIAN_PEPPER_ROOT;12530;18;12527;25;;;12536;12;12539;17;;;12533.0;0.0
yf_BGS_d8;33400;ASH_COATED_OSMIUM;9905;21;9902;14;;;9911;8;9914;24;;;9908.0;0.0
yf_BGS_d8;33400;INTARIAN_PEPPER_ROOT;12528;7;12526;25;;;12534;25;12536;20;;;12531.0;0.0
yf_BGS_d8;33500;ASH_COATED_OSMIUM;9904;23;9900;21;;;9910;8;9914;15;;;9907.0;0.0
yf_BGS_d8;33500;INTARIAN_PEPPER_ROOT;12528;10;12525;17;;;12534;9;12538;13;;;12531.0;0.0
yf_BGS_d8;33600;ASH_COATED_OSMIUM;9901;8;9897;23;;;9916;18;9918;21;;;9908.5;0.0
yf_BGS_d8;33600;INTARIAN_PEPPER_ROOT;12524;12;12520;26;;;12535;16;12539;17;;;12529.5;0.0
yf_BGS_d8;33700;ASH_COATED_OSMIUM;9904;19;9902;21;;;9910;12;9914;17;;;9907.0;0.0
yf_BGS_d8;33700;INTARIAN_PEPPER_ROOT;12514;5;12512;20;;;12545;18;12549;14;;;12529.5;0.0
yf_BGS_d8;33800;ASH_COATED_OSMIUM;9904;12;9902;13;;;9912;14;9916;28;;;9908.0;0.0
yf_BGS_d8;33800;INTARIAN_PEPPER_ROOT;12525;14;12523;30;;;12531;10;12535;23;;;12528.0;0.0
yf_BGS_d8;33900;ASH_COATED_OSMIUM;9905;18;9901;21;;;9911;20;9914;12;;;9908.0;0.0
yf_BGS_d8;33900;INTARIAN_PEPPER_ROOT;12525;13;12523;18;;;12531;23;12535;19;;;12528.0;0.0
yf_BGS_d8;34000;ASH_COATED_OSMIUM;9892;6;9889;18;;;9925;6;9929;24;;;9908.5;0.0
yf_BGS_d8;34000;INTARIAN_PEPPER_ROOT;12525;10;12521;14;;;12531;19;12535;16;;;12528.0;0.0
yf_BGS_d8;34100;ASH_COATED_OSMIUM;9905;18;9901;24;;;9911;21;9913;16;;;9908.0;0.0
yf_BGS_d8;34100;INTARIAN_PEPPER_ROOT;12524;10;12520;17;;;12530;11;12532;12;;;12527.0;0.0
yf_BGS_d8;34200;ASH_COATED_OSMIUM;9905;17;9902;13;;;9911;9;9913;19;;;9908.0;0.0
yf_BGS_d8;34200;INTARIAN_PEPPER_ROOT;12524;14;12522;19;;;12530;13;12532;31;;;12527.0;0.0
yf_BGS_d8;34300;ASH_COATED_OSMIUM;9905;10;9901;18;;;9911;14;9913;21;;;9908.0;0.0
yf_BGS_d8;34300;INTARIAN_PEPPER_ROOT;12523;24;12521;22;;;12531;5;12535;13;;;12527.0;0.0
yf_BGS_d8;34400;ASH_COATED_OSMIUM;9905;7;9901;25;;;9911;23;9915;22;;;9908.0;0.0
yf_BGS_d8;34400;INTARIAN_PEPPER_ROOT;12514;10;12511;21;;;12541;17;12545;20;;;12527.5;0.0
yf_BGS_d8;34500;ASH_COATED_OSMIUM;9905;6;9901;19;;;9911;11;9915;27;;;9908.0;0.0
yf_BGS_d8;34500;INTARIAN_PEPPER_ROOT;12524;26;12520;22;;;12530;12;12533;18;;;12527.0;0.0
yf_BGS_d8;34600;ASH_COATED_OSMIUM;9898;10;9894;18;;;9917;20;9920;18;;;9907.5;0.0
yf_BGS_d8;34600;INTARIAN_PEPPER_ROOT;12524;18;12522;8;;;12530;7;12533;13;;;12527.0;0.0
yf_BGS_d8;34700;ASH_COATED_OSMIUM;9905;11;9901;22;;;9911;20;9915;21;;;9908.0;0.0
yf_BGS_d8;34700;INTARIAN_PEPPER_ROOT;12524;18;12522;24;;;12531;14;12535;21;;;12527.5;0.0
yf_BGS_d8;34800;ASH_COATED_OSMIUM;9905;19;9901;15;;;9911;15;9913;24;;;9908.0;0.0
yf_BGS_d8;34800;INTARIAN_PEPPER_ROOT;12523;22;12521;17;;;12529;18;12531;21;;;12526.0;0.0
yf_BGS_d8;34900;ASH_COATED_OSMIUM;9905;7;9901;18;;;9911;9;9913;20;;;9908.0;0.0
yf_BGS_d8;34900;INTARIAN_PEPPER_ROOT;12524;13;12522;22;;;12530;5;12534;19;;;12527.0;0.0
yf_BGS_d8;35000;ASH_COATED_OSMIUM;9905;18;9902;18;;;9911;10;9913;19;;;9908.0;0.0
yf_BGS_d8;35000;INTARIAN_PEPPER_ROOT;12523;18;12521;15;;;12531;19;12535;24;;;12527.0;0.0
yf_BGS_d8;35100;ASH_COATED_OSMIUM;9905;9;9903;18;;;9911;10;9914;22;;;9908.0;0.0
yf_BGS_d8;35100;INTARIAN_PEPPER_ROOT;12524;17;12521;22;;;12530;24;12532;13;;;12527.0;0.0
yf_BGS_d8;35200;ASH_COATED_OSMIUM;9905;9;9903;15;;;9911;16;9915;20;;;9908.0;0.0
yf_BGS_d8;35200;INTARIAN_PEPPER_ROOT;12524;6;12522;21;;;12530;23;12534;23;;;12527.0;0.0
yf_BGS_d8;35300;ASH_COATED_OSMIUM;9905;19;9901;11;;;9911;21;9915;32;;;9908.0;0.0
yf_BGS_d8;35300;INTARIAN_PEPPER_ROOT;12524;16;12522;10;;;12530;14;12532;21;;;12527.0;0.0
yf_BGS_d8;35400;ASH_COATED_OSMIUM;9904;8;9902;20;;;9910;17;9913;17;;;9907.0;0.0
yf_BGS_d8;35400;INTARIAN_PEPPER_ROOT;12512;10;12510;13;;;12542;25;12544;18;;;12527.0;0.0
yf_BGS_d8;35500;ASH_COATED_OSMIUM;9906;5;9904;22;;;9912;13;9915;23;;;9909.0;0.0
yf_BGS_d8;35500;INTARIAN_PEPPER_ROOT;12521;17;12517;22;;;12533;12;12537;23;;;12527.0;0.0
yf_BGS_d8;35600;ASH_COATED_OSMIUM;9904;13;9901;17;;;9910;8;9912;14;;;9907.0;0.0
yf_BGS_d8;35600;INTARIAN_PEPPER_ROOT;12511;18;12509;12;;;12540;13;12543;22;;;12525.5;0.0
yf_BGS_d8;35700;ASH_COATED_OSMIUM;9900;13;9897;9;;;9914;6;9917;28;;;9907.0;0.0
yf_BGS_d8;35700;INTARIAN_PEPPER_ROOT;12523;22;12519;22;;;12530;14;12532;19;;;12526.5;0.0
yf_BGS_d8;35800;ASH_COATED_OSMIUM;9905;11;9903;20;;;9911;12;9913;26;;;9908.0;0.0
yf_BGS_d8;35800;INTARIAN_PEPPER_ROOT;12524;7;12522;23;;;12530;18;12533;25;;;12527.0;0.0
yf_BGS_d8;35900;ASH_COATED_OSMIUM;9905;20;9902;18;;;9911;10;9914;14;;;9908.0;0.0
yf_BGS_d8;35900;INTARIAN_PEPPER_ROOT;12523;10;12520;20;;;12529;10;12531;21;;;12526.0;0.0
yf_BGS_d8;36000;ASH_COATED_OSMIUM;9904;15;9901;28;;;9911;17;9915;13;;;9907.5;0.0
yf_BGS_d8;36000;INTARIAN_PEPPER_ROOT;12523;14;12519;30;;;12529;17;12533;15;;;12526.0;0.0
yf_BGS_d8;36100;ASH_COATED_OSMIUM;9901;14;9897;25;;;9915;11;9919;20;;;9908.0;0.0
yf_BGS_d8;36100;INTARIAN_PEPPER_ROOT;12523;12;12519;13;;;12529;11;12531;22;;;12526.0;0.0
yf_BGS_d8;36200;ASH_COATED_OSMIUM;9902;19;9900;23;;;9914;10;9917;9;;;9908.0;0.0
yf_BGS_d8;36200;INTARIAN_PEPPER_ROOT;12520;19;12517;16;;;12533;11;12537;34;;;12526.5;0.0
yf_BGS_d8;36300;ASH_COATED_OSMIUM;9905;14;9901;23;;;9911;12;9913;24;;;9908.0;0.0
yf_BGS_d8;36300;INTARIAN_PEPPER_ROOT;12523;14;12519;24;;;12529;16;12532;19;;;12526.0;0.0
yf_BGS_d8;36400;ASH_COATED_OSMIUM;9904;19;9901;26;;;9910;13;9913;32;;;9907.0;0.0
yf_BGS_d8;36400;INTARIAN_PEPPER_ROOT;12523;19;12521;24;;;12529;13;12531;20;;;12526.0;0.0
yf_BGS_d8;36500;ASH_COATED_OSMIUM;9905;18;9901;25;;;9911;10;9915;19;;;9908.0;0.0
yf_BGS_d8;36500;INTARIAN_PEPPER_ROOT;12523;21;12520;26;;;12529;19;12531;18;;;12526.0;0.0
yf_BGS_d8;36600;ASH_COATED_OSMIUM;9902;20;9898;25;;;9913;10;9916;13;;;9907.5;0.0
yf_BGS_d8;36600;INTARIAN_PEPPER_ROOT;12523;20;12519;23;;;12529;13;12532;16;;;12526.0;0.0
yf_BGS_d8;36700;ASH_COATED_OSMIUM;9905;19;9901;15;;;9911;15;9913;22;;;9908.0;0.0
yf_BGS_d8;36700;INTARIAN_PEPPER_ROOT;12521;17;12517;26;;;12530;17;12532;19;;;12525.5;0.0
yf_BGS_d8;36800;ASH_COATED_OSMIUM;9904;16;9901;13;;;9911;11;9914;23;;;9907.5;0.0
yf_BGS_d8;36800;INTARIAN_PEPPER_ROOT;12519;14;12515;27;;;12533;9;12536;12;;;12526.0;0.0
yf_BGS_d8;36900;ASH_COATED_OSMIUM;9898;13;9896;22;;;9916;15;9920;16;;;9907.0;0.0
yf_BGS_d8;36900;INTARIAN_PEPPER_ROOT;12509;13;12506;19;;;12542;9;12546;16;;;12525.5;0.0
yf_BGS_d8;37000;ASH_COATED_OSMIUM;9905;10;9901;13;;;9911;14;9915;15;;;9908.0;0.0
yf_BGS_d8;37000;INTARIAN_PEPPER_ROOT;12523;15;12519;26;;;12529;14;12532;19;;;12526.0;0.0
yf_BGS_d8;37100;ASH_COATED_OSMIUM;9904;12;9902;17;;;9911;6;9914;24;;;9907.5;0.0
yf_BGS_d8;37100;INTARIAN_PEPPER_ROOT;12523;8;12520;19;;;12529;18;12532;15;;;12526.0;0.0
yf_BGS_d8;37200;ASH_COATED_OSMIUM;9905;15;9902;20;;;9911;11;9914;20;;;9908.0;0.0
yf_BGS_d8;37200;INTARIAN_PEPPER_ROOT;12523;20;12520;13;;;12529;17;12532;20;;;12526.0;0.0
yf_BGS_d8;37300;ASH_COATED_OSMIUM;9896;17;9894;18;;;9918;17;9922;26;;;9907.0;0.0
yf_BGS_d8;37300;INTARIAN_PEPPER_ROOT;12521;16;12519;19;;;12529;17;12533;21;;;12525.0;0.0
yf_BGS_d8;37400;ASH_COATED_OSMIUM;9901;19;9899;19;;;9914;8;9917;27;;;9907.5;0.0
yf_BGS_d8;37400;INTARIAN_PEPPER_ROOT;12523;6;12519;31;;;12529;17;12531;15;;;12526.0;0.0
yf_BGS_d8;37500;ASH_COATED_OSMIUM;9897;8;9893;21;;;9919;25;9922;18;;;9908.0;0.0
yf_BGS_d8;37500;INTARIAN_PEPPER_ROOT;12520;18;12516;26;;;12529;21;12531;25;;;12524.5;0.0
yf_BGS_d8;37600;ASH_COATED_OSMIUM;9904;14;9900;22;;;9910;14;9914;21;;;9907.0;0.0
yf_BGS_d8;37600;INTARIAN_PEPPER_ROOT;12518;7;12516;26;;;12531;14;12533;20;;;12524.5;0.0
yf_BGS_d8;37700;ASH_COATED_OSMIUM;9904;15;9902;20;;;9910;21;9914;21;;;9907.0;0.0
yf_BGS_d8;37700;INTARIAN_PEPPER_ROOT;12522;15;12519;27;;;12528;11;12531;25;;;12525.0;0.0
yf_BGS_d8;37800;ASH_COATED_OSMIUM;9904;13;9902;13;;;9910;12;9914;23;;;9907.0;0.0
yf_BGS_d8;37800;INTARIAN_PEPPER_ROOT;12522;6;12520;16;;;12528;24;12530;22;;;12525.0;0.0
yf_BGS_d8;37900;ASH_COATED_OSMIUM;9905;14;9903;18;;;9911;7;9914;20;;;9908.0;0.0
yf_BGS_d8;37900;INTARIAN_PEPPER_ROOT;12522;8;12520;17;;;12528;12;12531;12;;;12525.0;0.0
yf_BGS_d8;38000;ASH_COATED_OSMIUM;9901;9;9898;19;;;9914;15;9918;20;;;9907.5;0.0
yf_BGS_d8;38000;INTARIAN_PEPPER_ROOT;12522;12;12518;17;;;12528;16;12530;21;;;12525.0;0.0
yf_BGS_d8;38100;ASH_COATED_OSMIUM;9901;14;9897;17;;;9915;15;9917;28;;;9908.0;0.0
yf_BGS_d8;38100;INTARIAN_PEPPER_ROOT;12518;10;12515;14;;;12532;13;12534;20;;;12525.0;0.0
yf_BGS_d8;38200;ASH_COATED_OSMIUM;9905;8;9903;20;;;9911;10;9913;26;;;9908.0;0.0
yf_BGS_d8;38200;INTARIAN_PEPPER_ROOT;12522;26;12520;21;;;12528;17;12530;20;;;12525.0;0.0
yf_BGS_d8;38300;ASH_COATED_OSMIUM;9901;24;9898;17;;;9914;23;9916;12;;;9907.5;0.0
yf_BGS_d8;38300;INTARIAN_PEPPER_ROOT;12522;17;12520;16;;;12528;14;12531;14;;;12525.0;0.0
yf_BGS_d8;38400;ASH_COATED_OSMIUM;9904;13;9900;16;;;9910;18;9912;22;;;9907.0;0.0
yf_BGS_d8;38400;INTARIAN_PEPPER_ROOT;12521;19;12519;17;;;12527;13;12531;15;;;12524.0;0.0
yf_BGS_d8;38500;ASH_COATED_OSMIUM;9905;23;9903;13;;;9911;17;9913;23;;;9908.0;0.0
yf_BGS_d8;38500;INTARIAN_PEPPER_ROOT;12521;14;12518;23;;;12527;15;12530;14;;;12524.0;0.0
yf_BGS_d8;38600;ASH_COATED_OSMIUM;9905;20;9901;8;;;9911;13;9913;25;;;9908.0;0.0
yf_BGS_d8;38600;INTARIAN_PEPPER_ROOT;12522;21;12518;29;;;12528;11;12530;19;;;12525.0;0.0
yf_BGS_d8;38700;ASH_COATED_OSMIUM;9905;15;9903;29;;;9911;18;9914;21;;;9908.0;0.0
yf_BGS_d8;38700;INTARIAN_PEPPER_ROOT;12522;15;12518;20;;;12528;18;12532;16;;;12525.0;0.0
yf_BGS_d8;38800;ASH_COATED_OSMIUM;9902;15;9899;17;;;9911;10;9915;18;;;9906.5;0.0
yf_BGS_d8;38800;INTARIAN_PEPPER_ROOT;12520;8;12517;22;;;12531;15;12535;19;;;12525.5;0.0
yf_BGS_d8;38900;ASH_COATED_OSMIUM;9902;10;9898;24;;;9913;11;9915;20;;;9907.5;0.0
yf_BGS_d8;38900;INTARIAN_PEPPER_ROOT;12517;16;12514;24;;;12533;15;12536;12;;;12525.0;0.0
yf_BGS_d8;39000;ASH_COATED_OSMIUM;9905;9;9901;22;;;9911;22;9914;22;;;9908.0;0.0
yf_BGS_d8;39000;INTARIAN_PEPPER_ROOT;12521;14;12518;19;;;12527;12;12531;23;;;12524.0;0.0
yf_BGS_d8;39100;ASH_COATED_OSMIUM;9899;19;9895;13;;;9914;10;9918;19;;;9906.5;0.0
yf_BGS_d8;39100;INTARIAN_PEPPER_ROOT;12521;17;12518;18;;;12527;11;12529;31;;;12524.0;0.0
yf_BGS_d8;39200;ASH_COATED_OSMIUM;9901;14;9899;22;;;9913;18;9915;16;;;9907.0;0.0
yf_BGS_d8;39200;INTARIAN_PEPPER_ROOT;12522;25;12518;20;;;12528;16;12532;19;;;12525.0;0.0
yf_BGS_d8;39300;ASH_COATED_OSMIUM;9904;6;9900;19;;;9910;18;9914;14;;;9907.0;0.0
yf_BGS_d8;39300;INTARIAN_PEPPER_ROOT;12515;17;12512;23;;;12534;22;12536;13;;;12524.5;0.0
yf_BGS_d8;39400;ASH_COATED_OSMIUM;9905;7;9901;10;;;9911;6;9914;15;;;9908.0;0.0
yf_BGS_d8;39400;INTARIAN_PEPPER_ROOT;12520;22;12517;14;;;12528;16;12530;13;;;12524.0;0.0
yf_BGS_d8;39500;ASH_COATED_OSMIUM;9905;18;9903;28;;;9911;18;9914;18;;;9908.0;0.0
yf_BGS_d8;39500;INTARIAN_PEPPER_ROOT;12495;17;12491;24;;;12553;14;12555;21;;;12524.0;0.0
yf_BGS_d8;39600;ASH_COATED_OSMIUM;9898;17;9895;17;;;9917;24;9919;14;;;9907.5;0.0
yf_BGS_d8;39600;INTARIAN_PEPPER_ROOT;12520;19;12518;14;;;12528;20;12532;22;;;12524.0;0.0
yf_BGS_d8;39700;ASH_COATED_OSMIUM;9902;14;9899;19;;;9913;20;9915;16;;;9907.5;0.0
yf_BGS_d8;39700;INTARIAN_PEPPER_ROOT;12521;17;12519;11;;;12527;16;12529;13;;;12524.0;0.0
yf_BGS_d8;39800;ASH_COATED_OSMIUM;9904;15;9900;12;;;9910;19;9913;17;;;9907.0;0.0
yf_BGS_d8;39800;INTARIAN_PEPPER_ROOT;12514;8;12510;18;;;12535;16;12537;20;;;12524.5;0.0
yf_BGS_d8;39900;ASH_COATED_OSMIUM;9897;24;9893;35;;;9918;21;9920;27;;;9907.5;0.0
yf_BGS_d8;39900;INTARIAN_PEPPER_ROOT;12521;13;12517;19;;;12527;22;12531;23;;;12524.0;0.0
yf_BGS_d8;40000;ASH_COATED_OSMIUM;9903;23;9899;16;;;9912;10;9916;25;;;9907.5;0.0
yf_BGS_d8;40000;INTARIAN_PEPPER_ROOT;12504;12;12502;24;;;12545;16;12549;19;;;12524.5;0.0
yf_BGS_d8;40100;ASH_COATED_OSMIUM;9904;21;9902;15;;;9910;16;9914;18;;;9907.0;0.0
yf_BGS_d8;40100;INTARIAN_PEPPER_ROOT;12519;20;12516;27;;;12527;18;12531;24;;;12523.0;0.0
yf_BGS_d8;40200;ASH_COATED_OSMIUM;9903;10;9900;20;;;9911;11;9915;24;;;9907.0;0.0
yf_BGS_d8;40200;INTARIAN_PEPPER_ROOT;12519;9;12515;22;;;12529;5;12531;24;;;12524.0;0.0
yf_BGS_d8;40300;ASH_COATED_OSMIUM;9902;21;9900;28;;;9913;17;9915;17;;;9907.5;0.0
yf_BGS_d8;40300;INTARIAN_PEPPER_ROOT;12521;15;12519;16;;;12527;6;12530;27;;;12524.0;0.0
yf_BGS_d8;40400;ASH_COATED_OSMIUM;9902;18;9900;18;;;9912;13;9915;22;;;9907.0;0.0
yf_BGS_d8;40400;INTARIAN_PEPPER_ROOT;12520;13;12516;22;;;12526;7;12530;25;;;12523.0;0.0
yf_BGS_d8;40500;ASH_COATED_OSMIUM;9898;19;9894;19;;;9917;20;9920;17;;;9907.5;0.0
yf_BGS_d8;40500;INTARIAN_PEPPER_ROOT;12520;12;12518;20;;;12526;19;12529;15;;;12523.0;0.0
yf_BGS_d8;40600;ASH_COATED_OSMIUM;9904;8;9901;13;;;9910;15;9912;20;;;9907.0;0.0
yf_BGS_d8;40600;INTARIAN_PEPPER_ROOT;12520;8;12516;16;;;12526;14;12530;15;;;12523.0;0.0
yf_BGS_d8;40700;ASH_COATED_OSMIUM;9904;16;9902;19;;;9910;16;9913;19;;;9907.0;0.0
yf_BGS_d8;40700;INTARIAN_PEPPER_ROOT;12517;14;12513;21;;;12530;15;12534;24;;;12523.5;0.0
yf_BGS_d8;40800;ASH_COATED_OSMIUM;9904;22;9901;28;;;9910;14;9912;16;;;9907.0;0.0
yf_BGS_d8;40800;INTARIAN_PEPPER_ROOT;12520;22;12516;21;;;12526;8;12529;20;;;12523.0;0.0
yf_BGS_d8;40900;ASH_COATED_OSMIUM;9904;12;9902;17;;;9910;7;9913;26;;;9907.0;0.0
yf_BGS_d8;40900;INTARIAN_PEPPER_ROOT;12521;21;12518;21;;;12527;23;12531;19;;;12524.0;0.0
yf_BGS_d8;41000;ASH_COATED_OSMIUM;9905;12;9901;16;;;9911;6;9914;26;;;9908.0;0.0
yf_BGS_d8;41000;INTARIAN_PEPPER_ROOT;12517;19;12513;17;;;12529;16;12531;18;;;12523.0;0.0
yf_BGS_d8;41100;ASH_COATED_OSMIUM;9901;6;9898;21;;;9913;15;9916;21;;;9907.0;0.0
yf_BGS_d8;41100;INTARIAN_PEPPER_ROOT;12515;19;12512;22;;;12531;15;12533;15;;;12523.0;0.0
yf_BGS_d8;41200;ASH_COATED_OSMIUM;9905;11;9902;15;;;9911;12;9915;21;;;9908.0;0.0
yf_BGS_d8;41200;INTARIAN_PEPPER_ROOT;12520;17;12516;24;;;12526;15;12530;22;;;12523.0;0.0
yf_BGS_d8;41300;ASH_COATED_OSMIUM;9904;16;9902;21;;;9910;10;9913;21;;;9907.0;0.0
yf_BGS_d8;41300;INTARIAN_PEPPER_ROOT;12520;23;12518;22;;;12526;22;12529;25;;;12523.0;0.0
yf_BGS_d8;41400;ASH_COATED_OSMIUM;9904;18;9901;24;;;9910;14;9914;24;;;9907.0;0.0
yf_BGS_d8;41400;INTARIAN_PEPPER_ROOT;12519;12;12517;23;;;12528;16;12530;12;;;12523.5;0.0
yf_BGS_d8;41500;ASH_COATED_OSMIUM;9904;21;9902;21;;;9910;19;9913;14;;;9907.0;0.0
yf_BGS_d8;41500;INTARIAN_PEPPER_ROOT;12517;7;12514;26;;;12529;11;12531;17;;;12523.0;0.0
yf_BGS_d8;41600;ASH_COATED_OSMIUM;9901;8;9898;17;;;9913;16;9917;20;;;9907.0;0.0
yf_BGS_d8;41600;INTARIAN_PEPPER_ROOT;12517;18;12513;14;;;12531;19;12535;25;;;12524.0;0.0
yf_BGS_d8;41700;ASH_COATED_OSMIUM;9904;23;9902;15;;;9910;21;9913;23;;;9907.0;0.0
yf_BGS_d8;41700;INTARIAN_PEPPER_ROOT;12514;14;12510;12;;;12531;15;12535;15;;;12522.5;0.0
yf_BGS_d8;41800;ASH_COATED_OSMIUM;9904;19;9902;16;;;9910;8;9914;22;;;9907.0;0.0
yf_BGS_d8;41800;INTARIAN_PEPPER_ROOT;12520;10;12517;22;;;12526;10;12530;20;;;12523.0;0.0
yf_BGS_d8;41900;ASH_COATED_OSMIUM;9888;6;9885;8;;;9925;12;9928;15;;;9906.5;0.0
yf_BGS_d8;41900;INTARIAN_PEPPER_ROOT;12518;15;12515;23;;;12528;11;12532;26;;;12523.0;0.0
yf_BGS_d8;42000;ASH_COATED_OSMIUM;9904;11;9900;24;;;9910;8;9914;18;;;9907.0;0.0
yf_BGS_d8;42000;INTARIAN_PEPPER_ROOT;12520;6;12518;15;;;12526;9;12528;28;;;12523.0;0.0
yf_BGS_d8;42100;ASH_COATED_OSMIUM;9891;14;9888;13;;;9922;5;9924;16;;;9906.5;0.0
yf_BGS_d8;42100;INTARIAN_PEPPER_ROOT;12520;13;12517;15;;;12526;18;12528;26;;;12523.0;0.0
yf_BGS_d8;42200;ASH_COATED_OSMIUM;9904;13;9902;14;;;9910;15;9912;18;;;9907.0;0.0
yf_BGS_d8;42200;INTARIAN_PEPPER_ROOT;12519;26;12516;13;;;12526;13;12529;24;;;12522.5;0.0
yf_BGS_d8;42300;ASH_COATED_OSMIUM;9899;16;9897;18;;;9916;17;9920;11;;;9907.5;0.0
yf_BGS_d8;42300;INTARIAN_PEPPER_ROOT;12519;15;12516;16;;;12525;14;12529;20;;;12522.0;0.0
yf_BGS_d8;42400;ASH_COATED_OSMIUM;9886;10;9882;21;;;9929;16;9932;14;;;9907.5;0.0
yf_BGS_d8;42400;INTARIAN_PEPPER_ROOT;12519;20;12517;13;;;12527;13;12531;25;;;12523.0;0.0
yf_BGS_d8;42500;ASH_COATED_OSMIUM;9904;8;9902;23;;;9910;19;9914;26;;;9907.0;0.0
yf_BGS_d8;42500;INTARIAN_PEPPER_ROOT;12520;20;12516;17;;;12526;16;12528;20;;;12523.0;0.0
yf_BGS_d8;42600;ASH_COATED_OSMIUM;9904;17;9900;12;;;9910;19;9914;18;;;9907.0;0.0
yf_BGS_d8;42600;INTARIAN_PEPPER_ROOT;12520;14;12518;17;;;12526;10;12529;25;;;12523.0;0.0
yf_BGS_d8;42700;ASH_COATED_OSMIUM;9904;16;9902;19;;;9910;19;9913;28;;;9907.0;0.0
yf_BGS_d8;42700;INTARIAN_PEPPER_ROOT;12520;29;12517;25;;;12526;18;12529;10;;;12523.0;0.0
yf_BGS_d8;42800;ASH_COATED_OSMIUM;9904;12;9902;24;;;9910;14;9914;26;;;9907.0;0.0
yf_BGS_d8;42800;INTARIAN_PEPPER_ROOT;12520;7;12518;11;;;12526;23;12529;18;;;12523.0;0.0
yf_BGS_d8;42900;ASH_COATED_OSMIUM;9900;12;9897;27;;;9915;11;9917;16;;;9907.5;0.0
yf_BGS_d8;42900;INTARIAN_PEPPER_ROOT;12519;15;12515;19;;;12525;14;12527;30;;;12522.0;0.0
yf_BGS_d8;43000;ASH_COATED_OSMIUM;9904;18;9900;18;;;9910;16;9914;20;;;9907.0;0.0
yf_BGS_d8;43000;INTARIAN_PEPPER_ROOT;12520;17;12517;22;;;12526;13;12529;17;;;12523.0;0.0
yf_BGS_d8;43100;ASH_COATED_OSMIUM;9904;10;9900;17;;;9910;20;9914;19;;;9907.0;0.0
yf_BGS_d8;43100;INTARIAN_PEPPER_ROOT;12519;27;12517;12;;;12525;11;12527;27;;;12522.0;0.0
yf_BGS_d8;43200;ASH_COATED_OSMIUM;9901;17;9897;26;;;9914;13;9916;18;;;9907.5;0.0
yf_BGS_d8;43200;INTARIAN_PEPPER_ROOT;12518;15;12514;24;;;12527;16;12529;15;;;12522.5;0.0
yf_BGS_d8;43300;ASH_COATED_OSMIUM;9904;15;9901;18;;;9910;11;9914;24;;;9907.0;0.0
yf_BGS_d8;43300;INTARIAN_PEPPER_ROOT;12519;15;12515;11;;;12525;20;12529;18;;;12522.0;0.0
yf_BGS_d8;43400;ASH_COATED_OSMIUM;9904;12;9902;20;;;9910;11;9912;16;;;9907.0;0.0
yf_BGS_d8;43400;INTARIAN_PEPPER_ROOT;12518;7;12515;15;;;12526;7;12528;24;;;12522.0;0.0
yf_BGS_d8;43500;ASH_COATED_OSMIUM;9904;14;9902;20;;;9910;21;9912;20;;;9907.0;0.0
yf_BGS_d8;43500;INTARIAN_PEPPER_ROOT;12518;15;12514;18;;;12524;16;12527;20;;;12521.0;0.0
yf_BGS_d8;43600;ASH_COATED_OSMIUM;9901;15;9897;23;;;9912;14;9916;16;;;9906.5;0.0
yf_BGS_d8;43600;INTARIAN_PEPPER_ROOT;12515;12;12513;24;;;12530;5;12533;20;;;12522.5;0.0
yf_BGS_d8;43700;ASH_COATED_OSMIUM;9905;23;9903;17;;;9911;11;9915;27;;;9908.0;0.0
yf_BGS_d8;43700;INTARIAN_PEPPER_ROOT;12519;8;12515;23;;;12525;20;12528;16;;;12522.0;0.0
yf_BGS_d8;43800;ASH_COATED_OSMIUM;9903;22;9901;16;;;9911;15;9915;19;;;9907.0;0.0
yf_BGS_d8;43800;INTARIAN_PEPPER_ROOT;12518;9;12515;18;;;12524;19;12526;22;;;12521.0;0.0
yf_BGS_d8;43900;ASH_COATED_OSMIUM;9904;22;9902;27;;;9910;13;9912;32;;;9907.0;0.0
yf_BGS_d8;43900;INTARIAN_PEPPER_ROOT;12519;12;12517;20;;;12525;14;12529;19;;;12522.0;0.0
yf_BGS_d8;44000;ASH_COATED_OSMIUM;9902;7;9898;19;;;9911;9;9913;30;;;9906.5;0.0
yf_BGS_d8;44000;INTARIAN_PEPPER_ROOT;12518;19;12516;16;;;12524;20;12526;23;;;12521.0;0.0
yf_BGS_d8;44100;ASH_COATED_OSMIUM;9904;7;9901;21;;;9910;14;9913;19;;;9907.0;0.0
yf_BGS_d8;44100;INTARIAN_PEPPER_ROOT;12518;11;12515;21;;;12524;24;12527;16;;;12521.0;0.0
yf_BGS_d8;44200;ASH_COATED_OSMIUM;9902;18;9899;28;;;9913;17;9917;15;;;9907.5;0.0
yf_BGS_d8;44200;INTARIAN_PEPPER_ROOT;12518;20;12516;19;;;12525;5;12527;24;;;12521.5;0.0
yf_BGS_d8;44300;ASH_COATED_OSMIUM;9904;25;9900;17;;;9910;5;9913;18;;;9907.0;0.0
yf_BGS_d8;44300;INTARIAN_PEPPER_ROOT;12518;16;12516;17;;;12524;17;12527;24;;;12521.0;0.0
yf_BGS_d8;44400;ASH_COATED_OSMIUM;9904;14;9900;24;;;9910;11;9914;16;;;9907.0;0.0
yf_BGS_d8;44400;INTARIAN_PEPPER_ROOT;12518;11;12515;23;;;12524;20;12527;13;;;12521.0;0.0
yf_BGS_d8;44500;ASH_COATED_OSMIUM;9903;14;9901;23;;;9912;12;9914;16;;;9907.5;0.0
yf_BGS_d8;44500;INTARIAN_PEPPER_ROOT;12516;15;12513;28;;;12526;17;12528;21;;;12521.0;0.0
yf_BGS_d8;44600;ASH_COATED_OSMIUM;9900;19;9897;12;;;9914;12;9918;22;;;9907.0;0.0
yf_BGS_d8;44600;INTARIAN_PEPPER_ROOT;12518;21;12515;18;;;12524;9;12527;18;;;12521.0;0.0
yf_BGS_d8;44700;ASH_COATED_OSMIUM;9904;8;9902;18;;;9910;5;9913;23;;;9907.0;0.0
yf_BGS_d8;44700;INTARIAN_PEPPER_ROOT;12514;13;12512;27;;;12528;14;12530;13;;;12521.0;0.0
yf_BGS_d8;44800;ASH_COATED_OSMIUM;9904;17;9901;20;;;9910;16;9913;16;;;9907.0;0.0
yf_BGS_d8;44800;INTARIAN_PEPPER_ROOT;12518;15;12515;21;;;12524;9;12526;14;;;12521.0;0.0
yf_BGS_d8;44900;ASH_COATED_OSMIUM;9904;14;9900;17;;;9910;20;9913;22;;;9907.0;0.0
yf_BGS_d8;44900;INTARIAN_PEPPER_ROOT;12518;7;12514;22;;;12524;9;12526;15;;;12521.0;0.0
yf_BGS_d8;45000;ASH_COATED_OSMIUM;9904;18;9900;24;;;9910;24;9913;13;;;9907.0;0.0
yf_BGS_d8;45000;INTARIAN_PEPPER_ROOT;12505;14;12502;15;;;12537;10;12541;21;;;12521.0;0.0
yf_BGS_d8;45100;ASH_COATED_OSMIUM;9904;15;9902;24;;;9910;5;9912;18;;;9907.0;0.0
yf_BGS_d8;45100;INTARIAN_PEPPER_ROOT;12518;13;12515;20;;;12524;15;12526;25;;;12521.0;0.0
yf_BGS_d8;45200;ASH_COATED_OSMIUM;9895;15;9891;27;;;9919;16;9922;19;;;9907.0;0.0
yf_BGS_d8;45200;INTARIAN_PEPPER_ROOT;12519;15;12517;21;;;12525;15;12529;19;;;12522.0;0.0
yf_BGS_d8;45300;ASH_COATED_OSMIUM;9903;10;9899;26;;;9910;22;9914;25;;;9906.5;0.0
yf_BGS_d8;45300;INTARIAN_PEPPER_ROOT;12513;9;12510;18;;;12528;19;12530;18;;;12520.5;0.0
yf_BGS_d8;45400;ASH_COATED_OSMIUM;9904;21;9901;23;;;9910;17;9914;30;;;9907.0;0.0
yf_BGS_d8;45400;INTARIAN_PEPPER_ROOT;12512;22;12509;8;;;12528;11;12532;21;;;12520.0;0.0
yf_BGS_d8;45500;ASH_COATED_OSMIUM;9903;21;9899;17;;;9911;5;9915;25;;;9907.0;0.0
yf_BGS_d8;45500;INTARIAN_PEPPER_ROOT;12517;13;12514;21;;;12524;16;12528;23;;;12520.5;0.0
yf_BGS_d8;45600;ASH_COATED_OSMIUM;9900;16;9897;25;;;9914;14;9917;21;;;9907.0;0.0
yf_BGS_d8;45600;INTARIAN_PEPPER_ROOT;12517;13;12513;23;;;12523;9;12526;19;;;12520.0;0.0
yf_BGS_d8;45700;ASH_COATED_OSMIUM;9903;10;9901;18;;;9909;15;9913;20;;;9906.0;0.0
yf_BGS_d8;45700;INTARIAN_PEPPER_ROOT;12518;17;12514;17;;;12524;15;12528;24;;;12521.0;0.0
yf_BGS_d8;45800;ASH_COATED_OSMIUM;9904;18;9902;19;;;9910;22;9914;15;;;9907.0;0.0
yf_BGS_d8;45800;INTARIAN_PEPPER_ROOT;12517;21;12514;25;;;12523;20;12526;19;;;12520.0;0.0
yf_BGS_d8;45900;ASH_COATED_OSMIUM;9904;12;9902;15;;;9910;17;9913;14;;;9907.0;0.0
yf_BGS_d8;45900;INTARIAN_PEPPER_ROOT;12513;7;12511;22;;;12528;17;12531;17;;;12520.5;0.0
yf_BGS_d8;46000;ASH_COATED_OSMIUM;9904;16;9900;27;;;9910;6;9914;18;;;9907.0;0.0
yf_BGS_d8;46000;INTARIAN_PEPPER_ROOT;12518;22;12514;17;;;12524;25;12528;15;;;12521.0;0.0
yf_BGS_d8;46100;ASH_COATED_OSMIUM;9902;20;9898;20;;;9913;19;9915;24;;;9907.5;0.0
yf_BGS_d8;46100;INTARIAN_PEPPER_ROOT;12517;15;12514;21;;;12523;23;12526;20;;;12520.0;0.0
yf_BGS_d8;46200;ASH_COATED_OSMIUM;9904;15;9901;11;;;9910;14;9912;14;;;9907.0;0.0
yf_BGS_d8;46200;INTARIAN_PEPPER_ROOT;12517;16;12514;16;;;12523;11;12526;24;;;12520.0;0.0
yf_BGS_d8;46300;ASH_COATED_OSMIUM;9903;11;9901;18;;;9909;6;9913;18;;;9906.0;0.0
yf_BGS_d8;46300;INTARIAN_PEPPER_ROOT;12517;16;12514;23;;;12524;5;12528;31;;;12520.5;0.0
yf_BGS_d8;46400;ASH_COATED_OSMIUM;9904;14;9902;33;;;9910;14;9912;9;;;9907.0;0.0
yf_BGS_d8;46400;INTARIAN_PEPPER_ROOT;12514;19;12510;20;;;12526;15;12530;18;;;12520.0;0.0
yf_BGS_d8;46500;ASH_COATED_OSMIUM;9904;11;9900;25;;;9910;16;9913;23;;;9907.0;0.0
yf_BGS_d8;46500;INTARIAN_PEPPER_ROOT;12516;15;12514;23;;;12525;13;12528;21;;;12520.5;0.0
yf_BGS_d8;46600;ASH_COATED_OSMIUM;9904;8;9901;14;;;9910;11;9913;23;;;9907.0;0.0
yf_BGS_d8;46600;INTARIAN_PEPPER_ROOT;12517;10;12514;17;;;12523;13;12526;26;;;12520.0;0.0
yf_BGS_d8;46700;ASH_COATED_OSMIUM;9895;14;9891;11;;;9919;11;9921;25;;;9907.0;0.0
yf_BGS_d8;46700;INTARIAN_PEPPER_ROOT;12517;11;12515;20;;;12523;17;12525;21;;;12520.0;0.0
yf_BGS_d8;46800;ASH_COATED_OSMIUM;9899;12;9897;16;;;9915;14;9917;23;;;9907.0;0.0
yf_BGS_d8;46800;INTARIAN_PEPPER_ROOT;12517;15;12513;20;;;12523;15;12525;25;;;12520.0;0.0
yf_BGS_d8;46900;ASH_COATED_OSMIUM;9904;10;9900;13;;;9910;11;9914;19;;;9907.0;0.0
yf_BGS_d8;46900;INTARIAN_PEPPER_ROOT;12516;14;12513;24;;;12523;10;12525;17;;;12519.5;0.0
yf_BGS_d8;47000;ASH_COATED_OSMIUM;9904;5;9902;14;;;9910;16;9912;13;;;9907.0;0.0
yf_BGS_d8;47000;INTARIAN_PEPPER_ROOT;12518;15;12516;19;;;12524;18;12526;18;;;12521.0;0.0
yf_BGS_d8;47100;ASH_COATED_OSMIUM;9899;7;9897;20;;;9914;16;9918;30;;;9906.5;0.0
yf_BGS_d8;47100;INTARIAN_PEPPER_ROOT;12512;13;12510;16;;;12528;15;12531;14;;;12520.0;0.0
yf_BGS_d8;47200;ASH_COATED_OSMIUM;9902;11;9900;17;;;9912;18;9915;28;;;9907.0;0.0
yf_BGS_d8;47200;INTARIAN_PEPPER_ROOT;12517;11;12514;11;;;12523;20;12525;12;;;12520.0;0.0
yf_BGS_d8;47300;ASH_COATED_OSMIUM;9901;13;9899;14;;;9911;6;9915;16;;;9906.0;0.0
yf_BGS_d8;47300;INTARIAN_PEPPER_ROOT;12516;27;12512;23;;;12523;7;12525;30;;;12519.5;0.0
yf_BGS_d8;47400;ASH_COATED_OSMIUM;9903;20;9900;14;;;9909;15;9912;20;;;9906.0;0.0
yf_BGS_d8;47400;INTARIAN_PEPPER_ROOT;12516;15;12513;20;;;12523;6;12525;13;;;12519.5;0.0
yf_BGS_d8;47500;ASH_COATED_OSMIUM;9903;14;9899;18;;;9909;12;9912;22;;;9906.0;0.0
yf_BGS_d8;47500;INTARIAN_PEPPER_ROOT;12517;15;12514;25;;;12523;13;12525;11;;;12520.0;0.0
yf_BGS_d8;47600;ASH_COATED_OSMIUM;9903;19;9901;14;;;9909;10;9911;19;;;9906.0;0.0
yf_BGS_d8;47600;INTARIAN_PEPPER_ROOT;12509;16;12505;14;;;12530;19;12534;26;;;12519.5;0.0
yf_BGS_d8;47700;ASH_COATED_OSMIUM;9904;19;9900;20;;;9910;5;9914;25;;;9907.0;0.0
yf_BGS_d8;47700;INTARIAN_PEPPER_ROOT;12516;23;12514;32;;;12523;22;12527;19;;;12519.5;0.0
yf_BGS_d8;47800;ASH_COATED_OSMIUM;9904;12;9902;11;;;9910;8;9914;17;;;9907.0;0.0
yf_BGS_d8;47800;INTARIAN_PEPPER_ROOT;12516;25;12512;20;;;12522;15;12524;26;;;12519.0;0.0
yf_BGS_d8;47900;ASH_COATED_OSMIUM;9904;12;9902;17;;;9910;15;9912;17;;;9907.0;0.0
yf_BGS_d8;47900;INTARIAN_PEPPER_ROOT;12516;16;12513;21;;;12522;21;12524;18;;;12519.0;0.0
yf_BGS_d8;48000;ASH_COATED_OSMIUM;9898;11;9896;14;;;9915;9;9918;17;;;9906.5;0.0
yf_BGS_d8;48000;INTARIAN_PEPPER_ROOT;12516;15;12513;18;;;12522;5;12525;23;;;12519.0;0.0
yf_BGS_d8;48100;ASH_COATED_OSMIUM;9903;18;9900;17;;;9909;22;9911;13;;;9906.0;0.0
yf_BGS_d8;48100;INTARIAN_PEPPER_ROOT;12516;11;12512;20;;;12523;6;12525;19;;;12519.5;0.0
yf_BGS_d8;48200;ASH_COATED_OSMIUM;9904;5;9901;18;;;9910;15;9914;16;;;9907.0;0.0
yf_BGS_d8;48200;INTARIAN_PEPPER_ROOT;12514;11;12512;25;;;12524;5;12527;17;;;12519.0;0.0
yf_BGS_d8;48300;ASH_COATED_OSMIUM;9902;17;9900;17;;;9912;17;9915;27;;;9907.0;0.0
yf_BGS_d8;48300;INTARIAN_PEPPER_ROOT;12516;19;12513;16;;;12522;20;12524;18;;;12519.0;0.0
yf_BGS_d8;48400;ASH_COATED_OSMIUM;9903;20;9900;17;;;9910;12;9914;20;;;9906.5;0.0
yf_BGS_d8;48400;INTARIAN_PEPPER_ROOT;12516;19;12513;21;;;12522;12;12524;21;;;12519.0;0.0
yf_BGS_d8;48500;ASH_COATED_OSMIUM;9897;8;9893;28;;;9917;17;9921;26;;;9907.0;0.0
yf_BGS_d8;48500;INTARIAN_PEPPER_ROOT;12514;20;12510;19;;;12525;12;12528;12;;;12519.5;0.0
yf_BGS_d8;48600;ASH_COATED_OSMIUM;9896;13;9892;15;;;9917;13;9921;12;;;9906.5;0.0
yf_BGS_d8;48600;INTARIAN_PEPPER_ROOT;12516;20;12512;23;;;12522;13;12525;17;;;12519.0;0.0
yf_BGS_d8;48700;ASH_COATED_OSMIUM;9901;16;9897;13;;;9912;12;9915;20;;;9906.5;0.0
yf_BGS_d8;48700;INTARIAN_PEPPER_ROOT;12516;20;12512;24;;;12522;15;12524;24;;;12519.0;0.0
yf_BGS_d8;48800;ASH_COATED_OSMIUM;9904;12;9901;24;;;9910;5;9912;15;;;9907.0;0.0
yf_BGS_d8;48800;INTARIAN_PEPPER_ROOT;12515;10;12511;12;;;12524;10;12528;17;;;12519.5;0.0
yf_BGS_d8;48900;ASH_COATED_OSMIUM;9904;24;9902;15;;;9910;11;9912;17;;;9907.0;0.0
yf_BGS_d8;48900;INTARIAN_PEPPER_ROOT;12516;12;12512;8;;;12522;5;12525;14;;;12519.0;0.0
yf_BGS_d8;49000;ASH_COATED_OSMIUM;9902;20;9899;17;;;9912;7;9914;19;;;9907.0;0.0
yf_BGS_d8;49000;INTARIAN_PEPPER_ROOT;12515;15;12512;10;;;12523;18;12526;19;;;12519.0;0.0
yf_BGS_d8;49100;ASH_COATED_OSMIUM;9897;15;9894;18;;;9918;16;9920;17;;;9907.5;0.0
yf_BGS_d8;49100;INTARIAN_PEPPER_ROOT;12516;22;12514;21;;;12522;19;12525;17;;;12519.0;0.0
yf_BGS_d8;49200;ASH_COATED_OSMIUM;9903;7;9901;19;;;9909;12;9911;19;;;9906.0;0.0
yf_BGS_d8;49200;INTARIAN_PEPPER_ROOT;12510;15;12506;19;;;12528;13;12532;20;;;12519.0;0.0
yf_BGS_d8;49300;ASH_COATED_OSMIUM;9903;20;9899;18;;;9909;11;9911;21;;;9906.0;0.0
yf_BGS_d8;49300;INTARIAN_PEPPER_ROOT;12513;14;12511;11;;;12523;24;12526;23;;;12518.0;0.0
yf_BGS_d8;49400;ASH_COATED_OSMIUM;9903;16;9901;16;;;9911;18;9914;25;;;9907.0;0.0
yf_BGS_d8;49400;INTARIAN_PEPPER_ROOT;12516;11;12512;26;;;12522;21;12526;14;;;12519.0;0.0
yf_BGS_d8;49500;ASH_COATED_OSMIUM;9903;14;9899;21;;;9909;16;9912;15;;;9906.0;0.0
yf_BGS_d8;49500;INTARIAN_PEPPER_ROOT;12516;18;12512;20;;;12522;10;12524;15;;;12519.0;0.0
yf_BGS_d8;49600;ASH_COATED_OSMIUM;9891;21;9889;9;;;9922;18;9924;26;;;9906.5;0.0
yf_BGS_d8;49600;INTARIAN_PEPPER_ROOT;12514;10;12512;19;;;12522;16;12525;34;;;12518.0;0.0
yf_BGS_d8;49700;ASH_COATED_OSMIUM;9900;17;9897;19;;;9912;22;9914;17;;;9906.0;0.0
yf_BGS_d8;49700;INTARIAN_PEPPER_ROOT;12515;18;12512;19;;;12521;11;12525;15;;;12518.0;0.0
yf_BGS_d8;49800;ASH_COATED_OSMIUM;9895;15;9893;17;;;9918;10;9921;12;;;9906.5;0.0
yf_BGS_d8;49800;INTARIAN_PEPPER_ROOT;12515;18;12512;16;;;12521;9;12524;19;;;12518.0;0.0
yf_BGS_d8;49900;ASH_COATED_OSMIUM;9904;6;9901;35;;;9910;12;9912;16;;;9907.0;0.0
yf_BGS_d8;49900;INTARIAN_PEPPER_ROOT;12515;17;12512;29;;;12521;17;12524;26;;;12518.0;0.0
yf_BGS_d8;50000;ASH_COATED_OSMIUM;9899;9;9895;24;;;9915;26;9919;8;;;9907.0;0.0
yf_BGS_d8;50000;INTARIAN_PEPPER_ROOT;12510;14;12507;21;;;12525;12;12527;17;;;12517.5;0.0
yf_BGS_d8;50100;ASH_COATED_OSMIUM;9902;16;9898;17;;;9910;16;9912;22;;;9906.0;0.0
yf_BGS_d8;50100;INTARIAN_PEPPER_ROOT;12515;18;12511;18;;;12521;25;12525;15;;;12518.0;0.0
yf_BGS_d8;50200;ASH_COATED_OSMIUM;9904;7;9901;20;;;9910;15;9912;20;;;9907.0;0.0
yf_BGS_d8;50200;INTARIAN_PEPPER_ROOT;12513;19;12510;17;;;12522;17;12526;8;;;12517.5;0.0
yf_BGS_d8;50300;ASH_COATED_OSMIUM;9903;17;9899;18;;;9909;16;9911;16;;;9906.0;0.0
yf_BGS_d8;50300;INTARIAN_PEPPER_ROOT;12499;15;12495;29;;;12537;6;12540;22;;;12518.0;0.0
yf_BGS_d8;50400;ASH_COATED_OSMIUM;9904;22;9901;21;;;9910;24;9914;22;;;9907.0;0.0
yf_BGS_d8;50400;INTARIAN_PEPPER_ROOT;12515;13;12513;27;;;12521;14;12523;29;;;12518.0;0.0
yf_BGS_d8;50500;ASH_COATED_OSMIUM;9903;15;9899;19;;;9909;14;9912;25;;;9906.0;0.0
yf_BGS_d8;50500;INTARIAN_PEPPER_ROOT;12515;19;12512;22;;;12521;21;12525;18;;;12518.0;0.0
yf_BGS_d8;50600;ASH_COATED_OSMIUM;9903;23;9901;21;;;9909;16;9912;25;;;9906.0;0.0
yf_BGS_d8;50600;INTARIAN_PEPPER_ROOT;12514;17;12510;19;;;12520;15;12522;12;;;12517.0;0.0
yf_BGS_d8;50700;ASH_COATED_OSMIUM;9901;18;9899;21;;;9912;20;9916;17;;;9906.5;0.0
yf_BGS_d8;50700;INTARIAN_PEPPER_ROOT;12514;19;12512;14;;;12520;27;12524;19;;;12517.0;0.0
yf_BGS_d8;50800;ASH_COATED_OSMIUM;9904;11;9902;26;;;9910;18;9913;24;;;9907.0;0.0
yf_BGS_d8;50800;INTARIAN_PEPPER_ROOT;12509;12;12506;22;;;12527;18;12529;18;;;12518.0;0.0
yf_BGS_d8;50900;ASH_COATED_OSMIUM;9901;13;9898;17;;;9911;12;9914;21;;;9906.0;0.0
yf_BGS_d8;50900;INTARIAN_PEPPER_ROOT;12514;15;12512;15;;;12520;20;12522;17;;;12517.0;0.0
yf_BGS_d8;51000;ASH_COATED_OSMIUM;9903;13;9901;16;;;9910;16;9912;24;;;9906.5;0.0
yf_BGS_d8;51000;INTARIAN_PEPPER_ROOT;12512;18;12509;14;;;12520;14;12524;25;;;12516.0;0.0
yf_BGS_d8;51100;ASH_COATED_OSMIUM;9898;14;9894;14;;;9916;12;9919;13;;;9907.0;0.0
yf_BGS_d8;51100;INTARIAN_PEPPER_ROOT;12511;17;12509;14;;;12519;12;12523;23;;;12515.0;0.0
yf_BGS_d8;51200;ASH_COATED_OSMIUM;9900;14;9896;10;;;9913;12;9915;20;;;9906.5;0.0
yf_BGS_d8;51200;INTARIAN_PEPPER_ROOT;12503;15;12499;17;;;12525;20;12529;18;;;12514.0;0.0
yf_BGS_d8;51300;ASH_COATED_OSMIUM;9903;23;9899;15;;;9909;19;9912;14;;;9906.0;0.0
yf_BGS_d8;51300;INTARIAN_PEPPER_ROOT;12509;8;12507;18;;;12515;14;12517;21;;;12512.0;0.0
yf_BGS_d8;51400;ASH_COATED_OSMIUM;9904;25;9901;22;;;9910;25;9914;26;;;9907.0;0.0
yf_BGS_d8;51400;INTARIAN_PEPPER_ROOT;12509;10;12505;22;;;12515;16;12519;16;;;12512.0;0.0
yf_BGS_d8;51500;ASH_COATED_OSMIUM;9894;11;9892;14;;;9920;7;9923;12;;;9907.0;0.0
yf_BGS_d8;51500;INTARIAN_PEPPER_ROOT;12507;13;12505;28;;;12513;20;12517;24;;;12510.0;0.0
yf_BGS_d8;51600;ASH_COATED_OSMIUM;9904;19;9900;21;;;9910;13;9914;20;;;9907.0;0.0
yf_BGS_d8;51600;INTARIAN_PEPPER_ROOT;12504;10;12501;24;;;12514;13;12518;13;;;12509.0;0.0
yf_BGS_d8;51700;ASH_COATED_OSMIUM;9904;17;9902;23;;;9910;11;9913;26;;;9907.0;0.0
yf_BGS_d8;51700;INTARIAN_PEPPER_ROOT;12505;5;12503;28;;;12511;11;12514;25;;;12508.0;0.0
yf_BGS_d8;51800;ASH_COATED_OSMIUM;9903;21;9901;21;;;9910;13;9912;22;;;9906.5;0.0
yf_BGS_d8;51800;INTARIAN_PEPPER_ROOT;12505;18;12502;27;;;12511;9;12513;17;;;12508.0;0.0
yf_BGS_d8;51900;ASH_COATED_OSMIUM;9904;9;9901;19;;;9910;22;9912;25;;;9907.0;0.0
yf_BGS_d8;51900;INTARIAN_PEPPER_ROOT;12502;13;12500;16;;;12512;19;12515;30;;;12507.0;0.0
yf_BGS_d8;52000;ASH_COATED_OSMIUM;9896;17;9893;27;;;9919;18;9923;16;;;9907.5;0.0
yf_BGS_d8;52000;INTARIAN_PEPPER_ROOT;12493;8;12489;24;;;12517;5;12521;12;;;12505.0;0.0
yf_BGS_d8;52100;ASH_COATED_OSMIUM;9904;11;9900;27;;;9910;15;9914;17;;;9907.0;0.0
yf_BGS_d8;52100;INTARIAN_PEPPER_ROOT;12480;10;12478;18;;;12528;14;12532;17;;;12504.0;0.0
yf_BGS_d8;52200;ASH_COATED_OSMIUM;9900;16;9897;24;;;9913;21;9915;14;;;9906.5;0.0
yf_BGS_d8;52200;INTARIAN_PEPPER_ROOT;12500;17;12497;23;;;12506;17;12510;26;;;12503.0;0.0
yf_BGS_d8;52300;ASH_COATED_OSMIUM;9904;14;9902;19;;;9910;19;9913;20;;;9907.0;0.0
yf_BGS_d8;52300;INTARIAN_PEPPER_ROOT;12498;8;12495;24;;;12504;19;12506;22;;;12501.0;0.0
yf_BGS_d8;52400;ASH_COATED_OSMIUM;9898;8;9895;19;;;9915;27;9917;19;;;9906.5;0.0
yf_BGS_d8;52400;INTARIAN_PEPPER_ROOT;12498;11;12495;18;;;12504;12;12506;15;;;12501.0;0.0
yf_BGS_d8;52500;ASH_COATED_OSMIUM;9904;14;9900;8;;;9910;24;9914;8;;;9907.0;0.0
yf_BGS_d8;52500;INTARIAN_PEPPER_ROOT;12493;5;12490;19;;;12506;8;12510;22;;;12499.5;0.0
yf_BGS_d8;52600;ASH_COATED_OSMIUM;9904;6;9901;18;;;9910;14;9912;24;;;9907.0;0.0
yf_BGS_d8;52600;INTARIAN_PEPPER_ROOT;12486;19;12483;26;;;12510;9;12513;23;;;12498.0;0.0
yf_BGS_d8;52700;ASH_COATED_OSMIUM;9900;14;9896;18;;;9913;8;9916;18;;;9906.5;0.0
yf_BGS_d8;52700;INTARIAN_PEPPER_ROOT;12494;19;12492;17;;;12500;12;12504;19;;;12497.0;0.0
yf_BGS_d8;52800;ASH_COATED_OSMIUM;9904;15;9901;23;;;9910;8;9912;22;;;9907.0;0.0
yf_BGS_d8;52800;INTARIAN_PEPPER_ROOT;12493;14;12491;11;;;12499;10;12503;19;;;12496.0;0.0
yf_BGS_d8;52900;ASH_COATED_OSMIUM;9902;20;9900;25;;;9910;14;9913;24;;;9906.0;0.0
yf_BGS_d8;52900;INTARIAN_PEPPER_ROOT;12492;24;12489;18;;;12498;11;12502;23;;;12495.0;0.0
yf_BGS_d8;53000;ASH_COATED_OSMIUM;9904;14;9902;26;;;9911;13;9915;12;;;9907.5;0.0
yf_BGS_d8;53000;INTARIAN_PEPPER_ROOT;12487;20;12483;13;;;12501;21;12504;13;;;12494.0;0.0
yf_BGS_d8;53100;ASH_COATED_OSMIUM;9904;11;9902;22;;;9911;11;9913;14;;;9907.5;0.0
yf_BGS_d8;53100;INTARIAN_PEPPER_ROOT;12490;12;12488;10;;;12496;11;12499;27;;;12493.0;0.0
yf_BGS_d8;53200;ASH_COATED_OSMIUM;9897;12;9893;16;;;9916;11;9920;13;;;9906.5;0.0
yf_BGS_d8;53200;INTARIAN_PEPPER_ROOT;12488;7;12486;22;;;12494;17;12497;19;;;12491.0;0.0
yf_BGS_d8;53300;ASH_COATED_OSMIUM;9904;16;9901;24;;;9910;18;9913;21;;;9907.0;0.0
yf_BGS_d8;53300;INTARIAN_PEPPER_ROOT;12487;12;12484;20;;;12495;19;12499;24;;;12491.0;0.0
yf_BGS_d8;53400;ASH_COATED_OSMIUM;9904;12;9901;29;;;9910;16;9913;24;;;9907.0;0.0
yf_BGS_d8;53400;INTARIAN_PEPPER_ROOT;12487;17;12484;22;;;12493;17;12497;16;;;12490.0;0.0
yf_BGS_d8;53500;ASH_COATED_OSMIUM;9899;21;9895;22;;;9915;11;9918;19;;;9907.0;0.0
yf_BGS_d8;53500;INTARIAN_PEPPER_ROOT;12485;16;12481;22;;;12492;20;12494;16;;;12488.5;0.0
yf_BGS_d8;53600;ASH_COATED_OSMIUM;9899;14;9897;26;;;9915;11;9918;27;;;9907.0;0.0
yf_BGS_d8;53600;INTARIAN_PEPPER_ROOT;12481;13;12477;19;;;12493;12;12497;29;;;12487.0;0.0
yf_BGS_d8;53700;ASH_COATED_OSMIUM;9904;17;9900;24;;;9910;18;9913;19;;;9907.0;0.0
yf_BGS_d8;53700;INTARIAN_PEPPER_ROOT;12483;16;12480;16;;;12490;14;12493;11;;;12486.5;0.0
yf_BGS_d8;53800;ASH_COATED_OSMIUM;9905;11;9903;22;;;9911;12;9914;18;;;9908.0;0.0
yf_BGS_d8;53800;INTARIAN_PEPPER_ROOT;12483;11;12479;18;;;12489;21;12491;21;;;12486.0;0.0
yf_BGS_d8;53900;ASH_COATED_OSMIUM;9902;10;9899;18;;;9911;15;9915;21;;;9906.5;0.0
yf_BGS_d8;53900;INTARIAN_PEPPER_ROOT;12481;18;12478;22;;;12487;17;12490;17;;;12484.0;0.0
yf_BGS_d8;54000;ASH_COATED_OSMIUM;9904;20;9901;19;;;9910;24;9912;34;;;9907.0;0.0
yf_BGS_d8;54000;INTARIAN_PEPPER_ROOT;12470;12;12466;22;;;12496;16;12500;21;;;12483.0;0.0
yf_BGS_d8;54100;ASH_COATED_OSMIUM;9904;6;9901;18;;;9910;21;9912;16;;;9907.0;0.0
yf_BGS_d8;54100;INTARIAN_PEPPER_ROOT;12475;19;12472;21;;;12488;22;12490;16;;;12481.5;0.0
yf_BGS_d8;54200;ASH_COATED_OSMIUM;9904;9;9900;27;;;9910;12;9913;24;;;9907.0;0.0
yf_BGS_d8;54200;INTARIAN_PEPPER_ROOT;12478;5;12476;16;;;12484;22;12486;8;;;12481.0;0.0
yf_BGS_d8;54300;ASH_COATED_OSMIUM;9903;10;9900;13;;;9910;10;9914;17;;;9906.5;0.0
yf_BGS_d8;54300;INTARIAN_PEPPER_ROOT;12476;18;12473;18;;;12482;13;12484;12;;;12479.0;0.0
yf_BGS_d8;54400;ASH_COATED_OSMIUM;9905;19;9903;17;;;9911;23;9915;19;;;9908.0;0.0
yf_BGS_d8;54400;INTARIAN_PEPPER_ROOT;12473;22;12471;23;;;12484;19;12487;20;;;12478.5;0.0
yf_BGS_d8;54500;ASH_COATED_OSMIUM;9904;17;9901;21;;;9910;8;9913;19;;;9907.0;0.0
yf_BGS_d8;54500;INTARIAN_PEPPER_ROOT;12473;22;12469;22;;;12480;9;12483;13;;;12476.5;0.0
yf_BGS_d8;54600;ASH_COATED_OSMIUM;9904;12;9902;24;;;9911;13;9914;26;;;9907.5;0.0
yf_BGS_d8;54600;INTARIAN_PEPPER_ROOT;12473;13;12471;17;;;12479;15;12483;12;;;12476.0;0.0
yf_BGS_d8;54700;ASH_COATED_OSMIUM;9904;9;9901;12;;;9910;10;9913;27;;;9907.0;0.0
yf_BGS_d8;54700;INTARIAN_PEPPER_ROOT;12472;14;12468;22;;;12478;13;12482;25;;;12475.0;0.0
yf_BGS_d8;54800;ASH_COATED_OSMIUM;9904;24;9901;25;;;9910;6;9913;18;;;9907.0;0.0
yf_BGS_d8;54800;INTARIAN_PEPPER_ROOT;12467;13;12465;20;;;12480;5;12483;17;;;12473.5;0.0
yf_BGS_d8;54900;ASH_COATED_OSMIUM;9903;11;9899;19;;;9911;12;9913;16;;;9907.0;0.0
yf_BGS_d8;54900;INTARIAN_PEPPER_ROOT;12469;18;12466;18;;;12475;9;12477;16;;;12472.0;0.0
yf_BGS_d8;55000;ASH_COATED_OSMIUM;9905;5;9901;14;;;9911;8;9914;21;;;9908.0;0.0
yf_BGS_d8;55000;INTARIAN_PEPPER_ROOT;12469;22;12465;24;;;12475;23;12477;12;;;12472.0;0.0
yf_BGS_d8;55100;ASH_COATED_OSMIUM;9901;18;9897;13;;;9915;19;9919;20;;;9908.0;0.0
yf_BGS_d8;55100;INTARIAN_PEPPER_ROOT;12467;8;12464;22;;;12474;21;12476;10;;;12470.5;0.0
yf_BGS_d8;55200;ASH_COATED_OSMIUM;9904;23;9902;29;;;9910;15;9913;12;;;9907.0;0.0
yf_BGS_d8;55200;INTARIAN_PEPPER_ROOT;12467;19;12465;21;;;12473;21;12477;18;;;12470.0;0.0
yf_BGS_d8;55300;ASH_COATED_OSMIUM;9904;16;9901;18;;;9910;15;9912;22;;;9907.0;0.0
yf_BGS_d8;55300;INTARIAN_PEPPER_ROOT;12466;14;12463;23;;;12472;12;12474;17;;;12469.0;0.0
yf_BGS_d8;55400;ASH_COATED_OSMIUM;9904;12;9900;17;;;9910;10;9914;17;;;9907.0;0.0
yf_BGS_d8;55400;INTARIAN_PEPPER_ROOT;12465;16;12463;21;;;12471;14;12475;12;;;12468.0;0.0
yf_BGS_d8;55500;ASH_COATED_OSMIUM;9905;15;9901;21;;;9911;18;9913;19;;;9908.0;0.0
yf_BGS_d8;55500;INTARIAN_PEPPER_ROOT;12463;11;12460;25;;;12470;13;12474;21;;;12466.5;0.0
yf_BGS_d8;55600;ASH_COATED_OSMIUM;9904;17;9900;23;;;9910;20;9912;15;;;9907.0;0.0
yf_BGS_d8;55600;INTARIAN_PEPPER_ROOT;12460;21;12458;23;;;12470;14;12474;21;;;12465.0;0.0
yf_BGS_d8;55700;ASH_COATED_OSMIUM;9903;12;9901;16;;;9913;5;9917;8;;;9908.0;0.0
yf_BGS_d8;55700;INTARIAN_PEPPER_ROOT;12459;15;12456;17;;;12469;11;12472;28;;;12464.0;0.0
yf_BGS_d8;55800;ASH_COATED_OSMIUM;9905;17;9902;24;;;9911;9;9914;21;;;9908.0;0.0
yf_BGS_d8;55800;INTARIAN_PEPPER_ROOT;12455;12;12453;25;;;12471;17;12473;19;;;12463.0;0.0
yf_BGS_d8;55900;ASH_COATED_OSMIUM;9901;15;9897;23;;;9914;15;9916;20;;;9907.5;0.0
yf_BGS_d8;55900;INTARIAN_PEPPER_ROOT;12457;19;12454;26;;;12466;11;12469;19;;;12461.5;0.0
yf_BGS_d8;56000;ASH_COATED_OSMIUM;9897;15;9894;22;;;9918;14;9921;17;;;9907.5;0.0
yf_BGS_d8;56000;INTARIAN_PEPPER_ROOT;12457;15;12453;22;;;12463;16;12465;13;;;12460.0;0.0
yf_BGS_d8;56100;ASH_COATED_OSMIUM;9905;13;9901;20;;;9911;13;9914;24;;;9908.0;0.0
yf_BGS_d8;56100;INTARIAN_PEPPER_ROOT;12456;16;12452;28;;;12462;20;12465;17;;;12459.0;0.0
yf_BGS_d8;56200;ASH_COATED_OSMIUM;9903;18;9900;23;;;9912;15;9916;23;;;9907.5;0.0
yf_BGS_d8;56200;INTARIAN_PEPPER_ROOT;12456;9;12452;18;;;12462;13;12466;20;;;12459.0;0.0
yf_BGS_d8;56300;ASH_COATED_OSMIUM;9899;20;9897;22;;;9917;13;9919;22;;;9908.0;0.0
yf_BGS_d8;56300;INTARIAN_PEPPER_ROOT;12454;15;12452;25;;;12460;7;12463;23;;;12457.0;0.0
yf_BGS_d8;56400;ASH_COATED_OSMIUM;9906;13;9902;19;;;9912;6;9916;12;;;9909.0;0.0
yf_BGS_d8;56400;INTARIAN_PEPPER_ROOT;12454;16;12451;16;;;12460;9;12463;14;;;12457.0;0.0
yf_BGS_d8;56500;ASH_COATED_OSMIUM;9903;8;9901;13;;;9911;19;9913;20;;;9907.0;0.0
yf_BGS_d8;56500;INTARIAN_PEPPER_ROOT;12452;11;12450;31;;;12458;14;12462;14;;;12455.0;0.0
yf_BGS_d8;56600;ASH_COATED_OSMIUM;9905;13;9901;28;;;9911;12;9913;20;;;9908.0;0.0
yf_BGS_d8;56600;INTARIAN_PEPPER_ROOT;12451;7;12449;21;;;12457;11;12461;11;;;12454.0;0.0
yf_BGS_d8;56700;ASH_COATED_OSMIUM;9904;13;9902;27;;;9911;14;9915;10;;;9907.5;0.0
yf_BGS_d8;56700;INTARIAN_PEPPER_ROOT;12446;10;12442;12;;;12460;5;12462;16;;;12453.0;0.0
yf_BGS_d8;56800;ASH_COATED_OSMIUM;9905;10;9901;15;;;9911;15;9915;21;;;9908.0;0.0
yf_BGS_d8;56800;INTARIAN_PEPPER_ROOT;12449;10;12445;24;;;12455;15;12457;24;;;12452.0;0.0
yf_BGS_d8;56900;ASH_COATED_OSMIUM;9905;21;9901;20;;;9911;12;9914;17;;;9908.0;0.0
yf_BGS_d8;56900;INTARIAN_PEPPER_ROOT;12448;14;12444;14;;;12454;20;12456;14;;;12451.0;0.0
yf_BGS_d8;57000;ASH_COATED_OSMIUM;9905;11;9901;22;;;9911;14;9914;10;;;9908.0;0.0
yf_BGS_d8;57000;INTARIAN_PEPPER_ROOT;12447;28;12444;21;;;12453;17;12455;15;;;12450.0;0.0
yf_BGS_d8;57100;ASH_COATED_OSMIUM;9905;17;9902;21;;;9911;12;9913;17;;;9908.0;0.0
yf_BGS_d8;57100;INTARIAN_PEPPER_ROOT;12446;10;12443;16;;;12452;27;12456;22;;;12449.0;0.0
yf_BGS_d8;57200;ASH_COATED_OSMIUM;9903;15;9900;28;;;9913;16;9915;11;;;9908.0;0.0
yf_BGS_d8;57200;INTARIAN_PEPPER_ROOT;12435;15;12432;16;;;12459;25;12462;24;;;12447.0;0.0
yf_BGS_d8;57300;ASH_COATED_OSMIUM;9899;17;9897;15;;;9917;9;9921;21;;;9908.0;0.0
yf_BGS_d8;57300;INTARIAN_PEPPER_ROOT;12444;10;12442;22;;;12450;12;12454;21;;;12447.0;0.0
yf_BGS_d8;57400;ASH_COATED_OSMIUM;9898;10;9894;21;;;9920;16;9924;26;;;9909.0;0.0
yf_BGS_d8;57400;INTARIAN_PEPPER_ROOT;12438;20;12435;12;;;12452;5;12456;17;;;12445.0;0.0
yf_BGS_d8;57500;ASH_COATED_OSMIUM;9905;17;9903;19;;;9911;12;9914;30;;;9908.0;0.0
yf_BGS_d8;57500;INTARIAN_PEPPER_ROOT;12441;15;12437;19;;;12447;30;12451;23;;;12444.0;0.0
yf_BGS_d8;57600;ASH_COATED_OSMIUM;9902;16;9900;20;;;9913;17;9917;24;;;9907.5;0.0
yf_BGS_d8;57600;INTARIAN_PEPPER_ROOT;12433;5;12429;21;;;12453;23;12457;18;;;12443.0;0.0
yf_BGS_d8;57700;ASH_COATED_OSMIUM;9903;16;9901;21;;;9912;15;9914;21;;;9907.5;0.0
yf_BGS_d8;57700;INTARIAN_PEPPER_ROOT;12438;12;12436;17;;;12444;12;12448;14;;;12441.0;0.0
yf_BGS_d8;57800;ASH_COATED_OSMIUM;9906;18;9904;10;;;9912;16;9915;21;;;9909.0;0.0
yf_BGS_d8;57800;INTARIAN_PEPPER_ROOT;12435;14;12433;15;;;12448;18;12452;26;;;12441.5;0.0
yf_BGS_d8;57900;ASH_COATED_OSMIUM;9901;25;9899;24;;;9916;18;9918;23;;;9908.5;0.0
yf_BGS_d8;57900;INTARIAN_PEPPER_ROOT;12437;17;12435;13;;;12443;6;12445;24;;;12440.0;0.0
yf_BGS_d8;58000;ASH_COATED_OSMIUM;9906;18;9904;22;;;9912;16;9916;25;;;9909.0;0.0
yf_BGS_d8;58000;INTARIAN_PEPPER_ROOT;12436;14;12433;18;;;12442;20;12444;20;;;12439.0;0.0
yf_BGS_d8;58100;ASH_COATED_OSMIUM;9898;18;9894;18;;;9919;11;9922;25;;;9908.5;0.0
yf_BGS_d8;58100;INTARIAN_PEPPER_ROOT;12414;18;12412;21;;;12461;12;12465;24;;;12437.5;0.0
yf_BGS_d8;58200;ASH_COATED_OSMIUM;9905;7;9901;16;;;9911;19;9915;25;;;9908.0;0.0
yf_BGS_d8;58200;INTARIAN_PEPPER_ROOT;12417;17;12415;14;;;12457;7;12460;14;;;12437.0;0.0
yf_BGS_d8;58300;ASH_COATED_OSMIUM;9905;5;9903;20;;;9911;10;9915;16;;;9908.0;0.0
yf_BGS_d8;58300;INTARIAN_PEPPER_ROOT;12432;18;12428;26;;;12438;11;12442;22;;;12435.0;0.0
yf_BGS_d8;58400;ASH_COATED_OSMIUM;9894;14;9890;14;;;9923;21;9925;11;;;9908.5;0.0
yf_BGS_d8;58400;INTARIAN_PEPPER_ROOT;12421;19;12417;27;;;12449;11;12451;14;;;12435.0;0.0
yf_BGS_d8;58500;ASH_COATED_OSMIUM;9902;12;9899;21;;;9915;15;9917;25;;;9908.5;0.0
yf_BGS_d8;58500;INTARIAN_PEPPER_ROOT;12430;19;12428;22;;;12437;10;12439;15;;;12433.5;0.0
yf_BGS_d8;58600;ASH_COATED_OSMIUM;9905;14;9903;18;;;9911;20;9913;21;;;9908.0;0.0
yf_BGS_d8;58600;INTARIAN_PEPPER_ROOT;12426;14;12422;17;;;12438;5;12441;14;;;12432.0;0.0
yf_BGS_d8;58700;ASH_COATED_OSMIUM;9904;20;9902;20;;;9911;15;9913;15;;;9907.5;0.0
yf_BGS_d8;58700;INTARIAN_PEPPER_ROOT;12428;21;12424;18;;;12434;20;12436;12;;;12431.0;0.0
yf_BGS_d8;58800;ASH_COATED_OSMIUM;9906;18;9903;19;;;9912;19;9915;14;;;9909.0;0.0
yf_BGS_d8;58800;INTARIAN_PEPPER_ROOT;12427;18;12425;18;;;12433;18;12437;18;;;12430.0;0.0
yf_BGS_d8;58900;ASH_COATED_OSMIUM;9906;12;9903;20;;;9912;10;9916;19;;;9909.0;0.0
yf_BGS_d8;58900;INTARIAN_PEPPER_ROOT;12426;14;12423;20;;;12432;20;12435;22;;;12429.0;0.0
yf_BGS_d8;59000;ASH_COATED_OSMIUM;9906;12;9903;18;;;9912;10;9914;11;;;9909.0;0.0
