day;timestamp;product;bid_price_1;bid_volume_1;bid_price_2;bid_volume_2;bid_price_3;bid_volume_3;ask_price_1;ask_volume_1;ask_price_2;ask_volume_2;ask_price_3;ask_volume_3;mid_price;profit_and_loss
yf_ZS=F_d3;0;ASH_COATED_OSMIUM;9905;24;9903;24;;;9919;27;9922;20;;;9912.0;0.0
yf_ZS=F_d3;0;INTARIAN_PEPPER_ROOT;9997;7;9993;23;;;10003;15;10006;19;;;10000.0;0.0
yf_ZS=F_d3;100;ASH_COATED_OSMIUM;9909;21;9906;20;;;9915;19;9917;22;;;9912.0;0.0
yf_ZS=F_d3;100;INTARIAN_PEPPER_ROOT;9998;18;9995;20;;;10004;13;10006;10;;;10001.0;0.0
yf_ZS=F_d3;200;ASH_COATED_OSMIUM;9905;15;9903;21;;;9920;20;9924;21;;;9912.5;0.0
yf_ZS=F_d3;200;INTARIAN_PEPPER_ROOT;9998;18;9996;20;;;10004;18;10006;27;;;10001.0;0.0
yf_ZS=F_d3;300;ASH_COATED_OSMIUM;9909;9;9907;22;;;9915;12;9918;17;;;9912.0;0.0
yf_ZS=F_d3;300;INTARIAN_PEPPER_ROOT;9998;15;9994;15;;;10008;24;10010;14;;;10003.0;0.0
yf_ZS=F_d3;400;ASH_COATED_OSMIUM;9907;12;9903;20;;;9918;8;9922;19;;;9912.5;0.0
yf_ZS=F_d3;400;INTARIAN_PEPPER_ROOT;10001;17;9997;14;;;10007;19;10010;14;;;10004.0;0.0
yf_ZS=F_d3;500;ASH_COATED_OSMIUM;9909;6;9905;26;;;9915;16;9919;15;;;9912.0;0.0
yf_ZS=F_d3;500;INTARIAN_PEPPER_ROOT;10002;23;10000;18;;;10008;7;10012;11;;;10005.0;0.0
yf_ZS=F_d3;600;ASH_COATED_OSMIUM;9908;11;9906;23;;;9914;6;9918;28;;;9911.0;0.0
yf_ZS=F_d3;600;INTARIAN_PEPPER_ROOT;10003;7;9999;21;;;10009;13;10011;24;;;10006.0;0.0
yf_ZS=F_d3;700;ASH_COATED_OSMIUM;9903;14;9901;32;;;9922;14;9925;21;;;9912.5;0.0
yf_ZS=F_d3;700;INTARIAN_PEPPER_ROOT;10001;13;9998;28;;;10015;20;10017;22;;;10008.0;0.0
yf_ZS=F_d3;800;ASH_COATED_OSMIUM;9910;24;9907;17;;;9916;19;9920;9;;;9913.0;0.0
yf_ZS=F_d3;800;INTARIAN_PEPPER_ROOT;10006;16;10003;14;;;10012;9;10014;12;;;10009.0;0.0
yf_ZS=F_d3;900;ASH_COATED_OSMIUM;9910;20;9907;15;;;9916;18;9918;8;;;9913.0;0.0
yf_ZS=F_d3;900;INTARIAN_PEPPER_ROOT;10007;9;10005;25;;;10013;26;10017;18;;;10010.0;0.0
yf_ZS=F_d3;1000;ASH_COATED_OSMIUM;9908;22;9904;22;;;9917;11;9921;18;;;9912.5;0.0
yf_ZS=F_d3;1000;INTARIAN_PEPPER_ROOT;10002;19;9998;26;;;10021;17;10023;18;;;10011.5;0.0
yf_ZS=F_d3;1100;ASH_COATED_OSMIUM;9908;23;9905;14;;;9915;11;9918;16;;;9911.5;0.0
yf_ZS=F_d3;1100;INTARIAN_PEPPER_ROOT;10011;14;10007;11;;;10017;5;10019;25;;;10014.0;0.0
yf_ZS=F_d3;1200;ASH_COATED_OSMIUM;9910;8;9907;21;;;9916;13;9918;24;;;9913.0;0.0
yf_ZS=F_d3;1200;INTARIAN_PEPPER_ROOT;10011;18;10009;20;;;10017;13;10021;21;;;10014.0;0.0
yf_ZS=F_d3;1300;ASH_COATED_OSMIUM;9910;15;9908;12;;;9916;14;9920;27;;;9913.0;0.0
yf_ZS=F_d3;1300;INTARIAN_PEPPER_ROOT;10013;5;10011;19;;;10019;17;10023;20;;;10016.0;0.0
yf_ZS=F_d3;1400;ASH_COATED_OSMIUM;9910;19;9906;18;;;9916;22;9918;28;;;9913.0;0.0
yf_ZS=F_d3;1400;INTARIAN_PEPPER_ROOT;10014;8;10011;23;;;10020;16;10022;21;;;10017.0;0.0
yf_ZS=F_d3;1500;ASH_COATED_OSMIUM;9907;12;9904;21;;;9918;18;9922;26;;;9912.5;0.0
yf_ZS=F_d3;1500;INTARIAN_PEPPER_ROOT;10014;8;10012;30;;;10022;19;10026;23;;;10018.0;0.0
yf_ZS=F_d3;1600;ASH_COATED_OSMIUM;9907;15;9904;8;;;9919;16;9921;18;;;9913.0;0.0
yf_ZS=F_d3;1600;INTARIAN_PEPPER_ROOT;10014;20;10011;16;;;10023;15;10025;18;;;10018.5;0.0
yf_ZS=F_d3;1700;ASH_COATED_OSMIUM;9909;11;9905;20;;;9917;13;9919;13;;;9913.0;0.0
yf_ZS=F_d3;1700;INTARIAN_PEPPER_ROOT;10015;24;10011;18;;;10026;11;10030;21;;;10020.5;0.0
yf_ZS=F_d3;1800;ASH_COATED_OSMIUM;9910;8;9906;21;;;9916;11;9918;23;;;9913.0;0.0
yf_ZS=F_d3;1800;INTARIAN_PEPPER_ROOT;10018;10;10015;23;;;10024;22;10026;15;;;10021.0;0.0
yf_ZS=F_d3;1900;ASH_COATED_OSMIUM;9908;19;9904;12;;;9916;10;9919;29;;;9912.0;0.0
yf_ZS=F_d3;1900;INTARIAN_PEPPER_ROOT;10019;19;10016;18;;;10025;13;10029;19;;;10022.0;0.0
yf_ZS=F_d3;2000;ASH_COATED_OSMIUM;9910;21;9906;18;;;9916;7;9919;22;;;9913.0;0.0
yf_ZS=F_d3;2000;INTARIAN_PEPPER_ROOT;10019;11;10016;20;;;10028;17;10031;15;;;10023.5;0.0
yf_ZS=F_d3;2100;ASH_COATED_OSMIUM;9901;17;9898;20;;;9924;17;9928;14;;;9912.5;0.0
yf_ZS=F_d3;2100;INTARIAN_PEPPER_ROOT;10014;5;10011;18;;;10036;14;10038;28;;;10025.0;0.0
yf_ZS=F_d3;2200;ASH_COATED_OSMIUM;9910;17;9906;30;;;9916;25;9920;27;;;9913.0;0.0
yf_ZS=F_d3;2200;INTARIAN_PEPPER_ROOT;10023;13;10019;17;;;10029;22;10032;15;;;10026.0;0.0
yf_ZS=F_d3;2300;ASH_COATED_OSMIUM;9910;20;9907;23;;;9916;12;9919;13;;;9913.0;0.0
yf_ZS=F_d3;2300;INTARIAN_PEPPER_ROOT;10022;18;10020;19;;;10033;16;10035;27;;;10027.5;0.0
yf_ZS=F_d3;2400;ASH_COATED_OSMIUM;9910;25;9906;14;;;9916;5;9918;8;;;9913.0;0.0
yf_ZS=F_d3;2400;INTARIAN_PEPPER_ROOT;10021;15;10019;23;;;10036;18;10038;12;;;10028.5;0.0
yf_ZS=F_d3;2500;ASH_COATED_OSMIUM;9908;12;9906;12;;;9918;15;9921;26;;;9913.0;0.0
yf_ZS=F_d3;2500;INTARIAN_PEPPER_ROOT;10019;10;10015;27;;;10040;15;10044;19;;;10029.5;0.0
yf_ZS=F_d3;2600;ASH_COATED_OSMIUM;9910;5;9906;19;;;9916;15;9919;21;;;9913.0;0.0
yf_ZS=F_d3;2600;INTARIAN_PEPPER_ROOT;10021;14;10019;18;;;10041;15;10043;23;;;10031.0;0.0
yf_ZS=F_d3;2700;ASH_COATED_OSMIUM;9902;8;9900;34;;;9924;9;9926;23;;;9913.0;0.0
yf_ZS=F_d3;2700;INTARIAN_PEPPER_ROOT;10029;14;10027;23;;;10035;9;10038;22;;;10032.0;0.0
yf_ZS=F_d3;2800;ASH_COATED_OSMIUM;9911;15;9907;11;;;9917;16;9921;18;;;9914.0;0.0
yf_ZS=F_d3;2800;INTARIAN_PEPPER_ROOT;10030;6;10027;23;;;10036;19;10040;17;;;10033.0;0.0
yf_ZS=F_d3;2900;ASH_COATED_OSMIUM;9910;25;9907;25;;;9916;5;9919;25;;;9913.0;0.0
yf_ZS=F_d3;2900;INTARIAN_PEPPER_ROOT;10023;13;10019;27;;;10047;19;10051;24;;;10035.0;0.0
yf_ZS=F_d3;3000;ASH_COATED_OSMIUM;9911;23;9907;21;;;9917;16;9921;21;;;9914.0;0.0
yf_ZS=F_d3;3000;INTARIAN_PEPPER_ROOT;10031;21;10028;14;;;10041;20;10045;23;;;10036.0;0.0
yf_ZS=F_d3;3100;ASH_COATED_OSMIUM;9910;19;9907;17;;;9916;11;9919;24;;;9913.0;0.0
yf_ZS=F_d3;3100;INTARIAN_PEPPER_ROOT;10029;12;10027;22;;;10043;9;10046;18;;;10036.0;0.0
yf_ZS=F_d3;3200;ASH_COATED_OSMIUM;9907;15;9905;21;;;9919;8;9922;25;;;9913.0;0.0
yf_ZS=F_d3;3200;INTARIAN_PEPPER_ROOT;10035;11;10031;17;;;10041;6;10043;12;;;10038.0;0.0
yf_ZS=F_d3;3300;ASH_COATED_OSMIUM;9908;15;9906;19;;;9919;21;9921;17;;;9913.5;0.0
yf_ZS=F_d3;3300;INTARIAN_PEPPER_ROOT;10026;14;10024;21;;;10051;24;10055;21;;;10038.5;0.0
yf_ZS=F_d3;3400;ASH_COATED_OSMIUM;9910;15;9907;13;;;9916;13;9918;24;;;9913.0;0.0
yf_ZS=F_d3;3400;INTARIAN_PEPPER_ROOT;10038;11;10034;13;;;10044;11;10047;24;;;10041.0;0.0
yf_ZS=F_d3;3500;ASH_COATED_OSMIUM;9903;9;9901;12;;;9924;12;9927;20;;;9913.5;0.0
yf_ZS=F_d3;3500;INTARIAN_PEPPER_ROOT;10030;21;10027;18;;;10053;19;10057;18;;;10041.5;0.0
yf_ZS=F_d3;3600;ASH_COATED_OSMIUM;9911;9;9909;16;;;9917;8;9919;28;;;9914.0;0.0
yf_ZS=F_d3;3600;INTARIAN_PEPPER_ROOT;10039;21;10036;12;;;10046;9;10048;29;;;10042.5;0.0
yf_ZS=F_d3;3700;ASH_COATED_OSMIUM;9907;10;9905;19;;;9919;14;9922;14;;;9913.0;0.0
yf_ZS=F_d3;3700;INTARIAN_PEPPER_ROOT;10033;7;10031;10;;;10056;9;10058;24;;;10044.5;0.0
yf_ZS=F_d3;3800;ASH_COATED_OSMIUM;9910;21;9906;17;;;9916;20;9920;17;;;9913.0;0.0
yf_ZS=F_d3;3800;INTARIAN_PEPPER_ROOT;10042;16;10040;28;;;10048;9;10052;22;;;10045.0;0.0
yf_ZS=F_d3;3900;ASH_COATED_OSMIUM;9911;13;9909;29;;;9917;20;9921;24;;;9914.0;0.0
yf_ZS=F_d3;3900;INTARIAN_PEPPER_ROOT;10043;12;10040;23;;;10049;15;10053;26;;;10046.0;0.0
yf_ZS=F_d3;4000;ASH_COATED_OSMIUM;9906;20;9903;17;;;9920;9;9922;25;;;9913.0;0.0
yf_ZS=F_d3;4000;INTARIAN_PEPPER_ROOT;10045;16;10042;26;;;10051;8;10055;18;;;10048.0;0.0
yf_ZS=F_d3;4100;ASH_COATED_OSMIUM;9910;14;9908;26;;;9916;10;9918;21;;;9913.0;0.0
yf_ZS=F_d3;4100;INTARIAN_PEPPER_ROOT;10045;14;10043;24;;;10051;8;10055;10;;;10048.0;0.0
yf_ZS=F_d3;4200;ASH_COATED_OSMIUM;9911;5;9909;17;;;9917;11;9921;19;;;9914.0;0.0
yf_ZS=F_d3;4200;INTARIAN_PEPPER_ROOT;10047;12;10043;14;;;10053;9;10057;15;;;10050.0;0.0
yf_ZS=F_d3;4300;ASH_COATED_OSMIUM;9911;16;9909;16;;;9917;12;9920;17;;;9914.0;0.0
yf_ZS=F_d3;4300;INTARIAN_PEPPER_ROOT;10047;5;10044;21;;;10055;18;10058;27;;;10051.0;0.0
yf_ZS=F_d3;4400;ASH_COATED_OSMIUM;9900;16;9896;25;;;9927;14;9929;21;;;9913.5;0.0
yf_ZS=F_d3;4400;INTARIAN_PEPPER_ROOT;10049;11;10047;16;;;10057;9;10059;27;;;10053.0;0.0
yf_ZS=F_d3;4500;ASH_COATED_OSMIUM;9911;5;9907;17;;;9917;15;9920;11;;;9914.0;0.0
yf_ZS=F_d3;4500;INTARIAN_PEPPER_ROOT;10044;16;10042;22;;;10063;18;10065;23;;;10053.5;0.0
yf_ZS=F_d3;4600;ASH_COATED_OSMIUM;9911;15;9907;21;;;9917;18;9921;16;;;9914.0;0.0
yf_ZS=F_d3;4600;INTARIAN_PEPPER_ROOT;10052;6;10049;19;;;10058;16;10060;14;;;10055.0;0.0
yf_ZS=F_d3;4700;ASH_COATED_OSMIUM;9910;16;9907;24;;;9916;10;9918;25;;;9913.0;0.0
yf_ZS=F_d3;4700;INTARIAN_PEPPER_ROOT;10044;20;10042;15;;;10068;9;10071;14;;;10056.0;0.0
yf_ZS=F_d3;4800;ASH_COATED_OSMIUM;9910;19;9906;24;;;9918;9;9922;20;;;9914.0;0.0
yf_ZS=F_d3;4800;INTARIAN_PEPPER_ROOT;10050;10;10047;14;;;10063;5;10066;11;;;10056.5;0.0
yf_ZS=F_d3;4900;ASH_COATED_OSMIUM;9911;27;9907;19;;;9917;5;9921;18;;;9914.0;0.0
yf_ZS=F_d3;4900;INTARIAN_PEPPER_ROOT;10055;20;10051;25;;;10062;16;10064;18;;;10058.5;0.0
yf_ZS=F_d3;5000;ASH_COATED_OSMIUM;9910;12;9906;20;;;9916;18;9918;22;;;9913.0;0.0
yf_ZS=F_d3;5000;INTARIAN_PEPPER_ROOT;10057;21;10053;28;;;10063;15;10066;10;;;10060.0;0.0
yf_ZS=F_d3;5100;ASH_COATED_OSMIUM;9911;15;9909;25;;;9917;11;9919;26;;;9914.0;0.0
yf_ZS=F_d3;5100;INTARIAN_PEPPER_ROOT;10058;22;10054;22;;;10064;8;10068;17;;;10061.0;0.0
yf_ZS=F_d3;5200;ASH_COATED_OSMIUM;9911;16;9909;10;;;9917;19;9920;18;;;9914.0;0.0
yf_ZS=F_d3;5200;INTARIAN_PEPPER_ROOT;10058;21;10055;25;;;10065;19;10069;23;;;10061.5;0.0
yf_ZS=F_d3;5300;ASH_COATED_OSMIUM;9909;15;9905;23;;;9919;11;9923;23;;;9914.0;0.0
yf_ZS=F_d3;5300;INTARIAN_PEPPER_ROOT;10056;12;10052;11;;;10071;23;10073;26;;;10063.5;0.0
yf_ZS=F_d3;5400;ASH_COATED_OSMIUM;9904;15;9902;22;;;9925;8;9927;28;;;9914.5;0.0
yf_ZS=F_d3;5400;INTARIAN_PEPPER_ROOT;10055;13;10052;24;;;10076;10;10080;26;;;10065.5;0.0
yf_ZS=F_d3;5500;ASH_COATED_OSMIUM;9911;18;9909;14;;;9917;11;9921;10;;;9914.0;0.0
yf_ZS=F_d3;5500;INTARIAN_PEPPER_ROOT;10062;20;10058;21;;;10069;15;10073;27;;;10065.5;0.0
yf_ZS=F_d3;5600;ASH_COATED_OSMIUM;9911;16;9908;19;;;9917;11;9921;22;;;9914.0;0.0
yf_ZS=F_d3;5600;INTARIAN_PEPPER_ROOT;10064;15;10061;15;;;10070;16;10073;21;;;10067.0;0.0
yf_ZS=F_d3;5700;ASH_COATED_OSMIUM;9911;7;9909;22;;;9917;10;9921;26;;;9914.0;0.0
yf_ZS=F_d3;5700;INTARIAN_PEPPER_ROOT;10064;17;10061;21;;;10073;10;10077;15;;;10068.5;0.0
yf_ZS=F_d3;5800;ASH_COATED_OSMIUM;9911;10;9907;16;;;9917;13;9921;27;;;9914.0;0.0
yf_ZS=F_d3;5800;INTARIAN_PEPPER_ROOT;10067;20;10063;25;;;10073;15;10077;30;;;10070.0;0.0
yf_ZS=F_d3;5900;ASH_COATED_OSMIUM;9912;22;9910;24;;;9918;20;9922;23;;;9915.0;0.0
yf_ZS=F_d3;5900;INTARIAN_PEPPER_ROOT;10062;16;10059;22;;;10080;18;10083;24;;;10071.0;0.0
yf_ZS=F_d3;6000;ASH_COATED_OSMIUM;9912;22;9908;18;;;9918;13;9922;19;;;9915.0;0.0
yf_ZS=F_d3;6000;INTARIAN_PEPPER_ROOT;10061;9;10058;15;;;10083;11;10086;25;;;10072.0;0.0
yf_ZS=F_d3;6100;ASH_COATED_OSMIUM;9900;9;9897;9;;;9928;17;9931;27;;;9914.0;0.0
yf_ZS=F_d3;6100;INTARIAN_PEPPER_ROOT;10065;14;10063;21;;;10081;10;10083;16;;;10073.0;0.0
yf_ZS=F_d3;6200;ASH_COATED_OSMIUM;9911;16;9907;24;;;9917;9;9921;18;;;9914.0;0.0
yf_ZS=F_d3;6200;INTARIAN_PEPPER_ROOT;10068;10;10065;29;;;10079;13;10082;16;;;10073.5;0.0
yf_ZS=F_d3;6300;ASH_COATED_OSMIUM;9912;12;9908;20;;;9918;24;9922;20;;;9915.0;0.0
yf_ZS=F_d3;6300;INTARIAN_PEPPER_ROOT;10072;13;10068;17;;;10079;14;10081;21;;;10075.5;0.0
yf_ZS=F_d3;6400;ASH_COATED_OSMIUM;9911;13;9909;19;;;9917;17;9919;11;;;9914.0;0.0
yf_ZS=F_d3;6400;INTARIAN_PEPPER_ROOT;10074;14;10072;25;;;10080;7;10083;15;;;10077.0;0.0
yf_ZS=F_d3;6500;ASH_COATED_OSMIUM;9911;17;9908;23;;;9917;16;9919;16;;;9914.0;0.0
yf_ZS=F_d3;6500;INTARIAN_PEPPER_ROOT;10073;13;10070;16;;;10084;8;10086;17;;;10078.5;0.0
yf_ZS=F_d3;6600;ASH_COATED_OSMIUM;9911;15;9908;21;;;9917;6;9920;24;;;9914.0;0.0
yf_ZS=F_d3;6600;INTARIAN_PEPPER_ROOT;10076;14;10074;21;;;10082;8;10084;19;;;10079.0;0.0
yf_ZS=F_d3;6700;ASH_COATED_OSMIUM;9912;7;9909;22;;;9918;19;9921;24;;;9915.0;0.0
yf_ZS=F_d3;6700;INTARIAN_PEPPER_ROOT;10077;23;10073;14;;;10083;12;10086;21;;;10080.0;0.0
yf_ZS=F_d3;6800;ASH_COATED_OSMIUM;9911;14;9909;20;;;9917;13;9921;18;;;9914.0;0.0
yf_ZS=F_d3;6800;INTARIAN_PEPPER_ROOT;10069;9;10065;20;;;10095;13;10098;21;;;10082.0;0.0
yf_ZS=F_d3;6900;ASH_COATED_OSMIUM;9909;16;9907;15;;;9920;11;9923;17;;;9914.5;0.0
yf_ZS=F_d3;6900;INTARIAN_PEPPER_ROOT;10074;13;10071;22;;;10091;10;10093;18;;;10082.5;0.0
yf_ZS=F_d3;7000;ASH_COATED_OSMIUM;9911;11;9909;16;;;9917;18;9920;21;;;9914.0;0.0
yf_ZS=F_d3;7000;INTARIAN_PEPPER_ROOT;10081;28;10079;16;;;10087;19;10090;15;;;10084.0;0.0
yf_ZS=F_d3;7100;ASH_COATED_OSMIUM;9910;13;9906;21;;;9917;13;9919;25;;;9913.5;0.0
yf_ZS=F_d3;7100;INTARIAN_PEPPER_ROOT;10082;9;10079;17;;;10090;11;10093;14;;;10086.0;0.0
yf_ZS=F_d3;7200;ASH_COATED_OSMIUM;9911;19;9907;24;;;9917;16;9921;16;;;9914.0;0.0
yf_ZS=F_d3;7200;INTARIAN_PEPPER_ROOT;10084;13;10080;13;;;10090;13;10094;23;;;10087.0;0.0
yf_ZS=F_d3;7300;ASH_COATED_OSMIUM;9912;18;9908;17;;;9918;16;9921;19;;;9915.0;0.0
yf_ZS=F_d3;7300;INTARIAN_PEPPER_ROOT;10084;9;10080;22;;;10090;25;10094;18;;;10087.0;0.0
yf_ZS=F_d3;7400;ASH_COATED_OSMIUM;9897;15;9893;20;;;9932;21;9936;28;;;9914.5;0.0
yf_ZS=F_d3;7400;INTARIAN_PEPPER_ROOT;10085;27;10083;29;;;10093;12;10097;10;;;10089.0;0.0
yf_ZS=F_d3;7500;ASH_COATED_OSMIUM;9912;19;9910;22;;;9919;11;9923;25;;;9915.5;0.0
yf_ZS=F_d3;7500;INTARIAN_PEPPER_ROOT;10086;10;10082;16;;;10094;25;10098;23;;;10090.0;0.0
yf_ZS=F_d3;7600;ASH_COATED_OSMIUM;9912;13;9908;24;;;9918;16;9922;14;;;9915.0;0.0
yf_ZS=F_d3;7600;INTARIAN_PEPPER_ROOT;10086;17;10082;16;;;10095;20;10099;23;;;10090.5;0.0
yf_ZS=F_d3;7700;ASH_COATED_OSMIUM;9912;14;9909;27;;;9918;13;9921;23;;;9915.0;0.0
yf_ZS=F_d3;7700;INTARIAN_PEPPER_ROOT;10088;17;10084;17;;;10097;14;10101;21;;;10092.5;0.0
yf_ZS=F_d3;7800;ASH_COATED_OSMIUM;9911;10;9908;10;;;9919;5;9921;22;;;9915.0;0.0
yf_ZS=F_d3;7800;INTARIAN_PEPPER_ROOT;10090;11;10088;19;;;10096;11;10100;22;;;10093.0;0.0
yf_ZS=F_d3;7900;ASH_COATED_OSMIUM;9912;11;9908;16;;;9918;12;9921;15;;;9915.0;0.0
yf_ZS=F_d3;7900;INTARIAN_PEPPER_ROOT;10078;11;10075;8;;;10111;25;10113;29;;;10094.5;0.0
yf_ZS=F_d3;8000;ASH_COATED_OSMIUM;9912;13;9909;20;;;9919;7;9923;18;;;9915.5;0.0
yf_ZS=F_d3;8000;INTARIAN_PEPPER_ROOT;10093;15;10090;24;;;10099;24;10102;21;;;10096.0;0.0
yf_ZS=F_d3;8100;ASH_COATED_OSMIUM;9901;17;9898;15;;;9928;14;9931;19;;;9914.5;0.0
yf_ZS=F_d3;8100;INTARIAN_PEPPER_ROOT;10088;15;10086;26;;;10107;17;10109;15;;;10097.5;0.0
yf_ZS=F_d3;8200;ASH_COATED_OSMIUM;9906;13;9903;25;;;9924;9;9927;17;;;9915.0;0.0
yf_ZS=F_d3;8200;INTARIAN_PEPPER_ROOT;10095;16;10092;16;;;10101;15;10104;20;;;10098.0;0.0
yf_ZS=F_d3;8300;ASH_COATED_OSMIUM;9908;18;9906;26;;;9921;11;9924;18;;;9914.5;0.0
yf_ZS=F_d3;8300;INTARIAN_PEPPER_ROOT;10092;10;10088;18;;;10109;15;10113;19;;;10100.5;0.0
yf_ZS=F_d3;8400;ASH_COATED_OSMIUM;9912;16;9908;20;;;9918;12;9921;18;;;9915.0;0.0
yf_ZS=F_d3;8400;INTARIAN_PEPPER_ROOT;10094;10;10090;17;;;10107;19;10111;17;;;10100.5;0.0
yf_ZS=F_d3;8500;ASH_COATED_OSMIUM;9912;18;9908;20;;;9918;12;9922;23;;;9915.0;0.0
yf_ZS=F_d3;8500;INTARIAN_PEPPER_ROOT;10099;10;10095;22;;;10105;24;10107;13;;;10102.0;0.0
yf_ZS=F_d3;8600;ASH_COATED_OSMIUM;9913;9;9911;12;;;9919;21;9922;23;;;9916.0;0.0
yf_ZS=F_d3;8600;INTARIAN_PEPPER_ROOT;10098;18;10094;15;;;10108;10;10110;20;;;10103.0;0.0
yf_ZS=F_d3;8700;ASH_COATED_OSMIUM;9910;16;9908;15;;;9920;21;9922;14;;;9915.0;0.0
yf_ZS=F_d3;8700;INTARIAN_PEPPER_ROOT;10101;16;10097;26;;;10107;23;10110;24;;;10104.0;0.0
yf_ZS=F_d3;8800;ASH_COATED_OSMIUM;9903;21;9899;25;;;9927;27;9930;22;;;9915.0;0.0
yf_ZS=F_d3;8800;INTARIAN_PEPPER_ROOT;10103;19;10100;13;;;10109;16;10113;21;;;10106.0;0.0
yf_ZS=F_d3;8900;ASH_COATED_OSMIUM;9912;17;9910;26;;;9918;17;9921;20;;;9915.0;0.0
yf_ZS=F_d3;8900;INTARIAN_PEPPER_ROOT;10098;15;10096;25;;;10115;22;10117;21;;;10106.5;0.0
yf_ZS=F_d3;9000;ASH_COATED_OSMIUM;9912;21;9908;18;;;9918;25;9920;19;;;9915.0;0.0
yf_ZS=F_d3;9000;INTARIAN_PEPPER_ROOT;10103;17;10100;15;;;10113;13;10115;19;;;10108.0;0.0
yf_ZS=F_d3;9100;ASH_COATED_OSMIUM;9895;5;9893;16;;;9935;11;9937;22;;;9915.0;0.0
yf_ZS=F_d3;9100;INTARIAN_PEPPER_ROOT;10104;22;10102;21;;;10114;15;10116;15;;;10109.0;0.0
yf_ZS=F_d3;9200;ASH_COATED_OSMIUM;9908;9;9906;12;;;9922;13;9926;18;;;9915.0;0.0
yf_ZS=F_d3;9200;INTARIAN_PEPPER_ROOT;10107;9;10105;18;;;10113;5;10117;20;;;10110.0;0.0
yf_ZS=F_d3;9300;ASH_COATED_OSMIUM;9912;19;9908;24;;;9918;12;9921;25;;;9915.0;0.0
yf_ZS=F_d3;9300;INTARIAN_PEPPER_ROOT;10109;9;10105;24;;;10115;22;10117;32;;;10112.0;0.0
yf_ZS=F_d3;9400;ASH_COATED_OSMIUM;9912;24;9910;23;;;9918;17;9921;22;;;9915.0;0.0
yf_ZS=F_d3;9400;INTARIAN_PEPPER_ROOT;10110;11;10106;15;;;10116;13;10118;21;;;10113.0;0.0
yf_ZS=F_d3;9500;ASH_COATED_OSMIUM;9907;13;9903;14;;;9923;18;9927;34;;;9915.0;0.0
yf_ZS=F_d3;9500;INTARIAN_PEPPER_ROOT;10111;12;10107;16;;;10117;11;10119;25;;;10114.0;0.0
yf_ZS=F_d3;9600;ASH_COATED_OSMIUM;9913;15;9909;27;;;9919;26;9921;20;;;9916.0;0.0
yf_ZS=F_d3;9600;INTARIAN_PEPPER_ROOT;10105;17;10103;20;;;10125;13;10128;18;;;10115.0;0.0
yf_ZS=F_d3;9700;ASH_COATED_OSMIUM;9912;13;9910;15;;;9918;13;9922;16;;;9915.0;0.0
yf_ZS=F_d3;9700;INTARIAN_PEPPER_ROOT;10114;9;10112;15;;;10120;12;10123;25;;;10117.0;0.0
yf_ZS=F_d3;9800;ASH_COATED_OSMIUM;9907;13;9905;21;;;9924;12;9926;21;;;9915.5;0.0
yf_ZS=F_d3;9800;INTARIAN_PEPPER_ROOT;10115;21;10111;25;;;10121;7;10123;15;;;10118.0;0.0
yf_ZS=F_d3;9900;ASH_COATED_OSMIUM;9913;15;9909;23;;;9919;19;9922;25;;;9916.0;0.0
yf_ZS=F_d3;9900;INTARIAN_PEPPER_ROOT;10116;20;10114;9;;;10122;18;10124;26;;;10119.0;0.0
yf_ZS=F_d3;10000;ASH_COATED_OSMIUM;9913;14;9909;30;;;9919;7;9921;30;;;9916.0;0.0
yf_ZS=F_d3;10000;INTARIAN_PEPPER_ROOT;10112;12;10108;18;;;10129;5;10132;21;;;10120.5;0.0
yf_ZS=F_d3;10100;ASH_COATED_OSMIUM;9909;12;9905;13;;;9921;21;9924;18;;;9915.0;0.0
yf_ZS=F_d3;10100;INTARIAN_PEPPER_ROOT;10118;21;10114;25;;;10124;23;10128;16;;;10121.0;0.0
yf_ZS=F_d3;10200;ASH_COATED_OSMIUM;9912;15;9908;14;;;9918;15;9920;23;;;9915.0;0.0
yf_ZS=F_d3;10200;INTARIAN_PEPPER_ROOT;10120;17;10117;24;;;10126;15;10129;15;;;10123.0;0.0
yf_ZS=F_d3;10300;ASH_COATED_OSMIUM;9913;15;9910;19;;;9919;15;9921;15;;;9916.0;0.0
yf_ZS=F_d3;10300;INTARIAN_PEPPER_ROOT;10121;19;10118;14;;;10127;7;10129;21;;;10124.0;0.0
yf_ZS=F_d3;10400;ASH_COATED_OSMIUM;9912;16;9910;14;;;9918;11;9921;19;;;9915.0;0.0
yf_ZS=F_d3;10400;INTARIAN_PEPPER_ROOT;10122;16;10119;13;;;10128;5;10131;18;;;10125.0;0.0
yf_ZS=F_d3;10500;ASH_COATED_OSMIUM;9912;6;9908;17;;;9920;19;9924;21;;;9916.0;0.0
yf_ZS=F_d3;10500;INTARIAN_PEPPER_ROOT;10123;5;10121;13;;;10129;23;10132;22;;;10126.0;0.0
yf_ZS=F_d3;10600;ASH_COATED_OSMIUM;9913;23;9911;13;;;9919;17;9921;29;;;9916.0;0.0
yf_ZS=F_d3;10600;INTARIAN_PEPPER_ROOT;10124;18;10120;11;;;10130;7;10132;16;;;10127.0;0.0
yf_ZS=F_d3;10700;ASH_COATED_OSMIUM;9911;8;9909;20;;;9920;8;9923;21;;;9915.5;0.0
yf_ZS=F_d3;10700;INTARIAN_PEPPER_ROOT;10126;18;10122;15;;;10132;12;10135;23;;;10129.0;0.0
yf_ZS=F_d3;10800;ASH_COATED_OSMIUM;9912;17;9908;16;;;9919;8;9922;20;;;9915.5;0.0
yf_ZS=F_d3;10800;INTARIAN_PEPPER_ROOT;10119;15;10115;20;;;10142;15;10146;31;;;10130.5;0.0
yf_ZS=F_d3;10900;ASH_COATED_OSMIUM;9908;7;9905;13;;;9923;10;9925;22;;;9915.5;0.0
yf_ZS=F_d3;10900;INTARIAN_PEPPER_ROOT;10128;7;10124;18;;;10134;11;10136;13;;;10131.0;0.0
yf_ZS=F_d3;11000;ASH_COATED_OSMIUM;9913;13;9909;16;;;9919;16;9922;17;;;9916.0;0.0
yf_ZS=F_d3;11000;INTARIAN_PEPPER_ROOT;10124;14;10120;24;;;10139;16;10142;16;;;10131.5;0.0
yf_ZS=F_d3;11100;ASH_COATED_OSMIUM;9910;10;9908;26;;;9922;14;9924;19;;;9916.0;0.0
yf_ZS=F_d3;11100;INTARIAN_PEPPER_ROOT;10129;10;10127;22;;;10138;13;10140;29;;;10133.5;0.0
yf_ZS=F_d3;11200;ASH_COATED_OSMIUM;9913;24;9909;15;;;9919;21;9921;20;;;9916.0;0.0
yf_ZS=F_d3;11200;INTARIAN_PEPPER_ROOT;10131;10;10127;19;;;10137;19;10141;20;;;10134.0;0.0
yf_ZS=F_d3;11300;ASH_COATED_OSMIUM;9911;9;9909;27;;;9922;13;9925;29;;;9916.5;0.0
yf_ZS=F_d3;11300;INTARIAN_PEPPER_ROOT;10133;7;10129;31;;;10139;6;10142;21;;;10136.0;0.0
yf_ZS=F_d3;11400;ASH_COATED_OSMIUM;9913;14;9910;28;;;9919;18;9922;28;;;9916.0;0.0
yf_ZS=F_d3;11400;INTARIAN_PEPPER_ROOT;10134;17;10131;25;;;10141;12;10145;22;;;10137.5;0.0
yf_ZS=F_d3;11500;ASH_COATED_OSMIUM;9912;9;9909;19;;;9918;13;9920;16;;;9915.0;0.0
yf_ZS=F_d3;11500;INTARIAN_PEPPER_ROOT;10135;12;10133;26;;;10141;14;10144;31;;;10138.0;0.0
yf_ZS=F_d3;11600;ASH_COATED_OSMIUM;9913;21;9909;24;;;9920;14;9924;16;;;9916.5;0.0
yf_ZS=F_d3;11600;INTARIAN_PEPPER_ROOT;10137;12;10133;18;;;10143;21;10147;21;;;10140.0;0.0
yf_ZS=F_d3;11700;ASH_COATED_OSMIUM;9907;17;9905;18;;;9926;18;9929;17;;;9916.5;0.0
yf_ZS=F_d3;11700;INTARIAN_PEPPER_ROOT;10138;9;10136;18;;;10144;14;10148;18;;;10141.0;0.0
yf_ZS=F_d3;11800;ASH_COATED_OSMIUM;9913;7;9911;21;;;9919;13;9921;17;;;9916.0;0.0
yf_ZS=F_d3;11800;INTARIAN_PEPPER_ROOT;10136;9;10132;22;;;10148;12;10152;20;;;10142.0;0.0
yf_ZS=F_d3;11900;ASH_COATED_OSMIUM;9895;14;9892;14;;;9937;11;9941;21;;;9916.0;0.0
yf_ZS=F_d3;11900;INTARIAN_PEPPER_ROOT;10140;9;10137;22;;;10146;20;10150;21;;;10143.0;0.0
yf_ZS=F_d3;12000;ASH_COATED_OSMIUM;9912;21;9908;16;;;9920;18;9922;16;;;9916.0;0.0
yf_ZS=F_d3;12000;INTARIAN_PEPPER_ROOT;10141;11;10138;25;;;10147;11;10149;18;;;10144.0;0.0
yf_ZS=F_d3;12100;ASH_COATED_OSMIUM;9912;15;9909;20;;;9919;18;9923;19;;;9915.5;0.0
yf_ZS=F_d3;12100;INTARIAN_PEPPER_ROOT;10141;14;10137;27;;;10151;18;10154;16;;;10146.0;0.0
yf_ZS=F_d3;12200;ASH_COATED_OSMIUM;9909;14;9905;22;;;9925;12;9928;14;;;9917.0;0.0
yf_ZS=F_d3;12200;INTARIAN_PEPPER_ROOT;10144;12;10140;19;;;10150;21;10153;14;;;10147.0;0.0
yf_ZS=F_d3;12300;ASH_COATED_OSMIUM;9913;16;9910;17;;;9919;17;9921;16;;;9916.0;0.0
yf_ZS=F_d3;12300;INTARIAN_PEPPER_ROOT;10145;14;10141;18;;;10151;12;10153;11;;;10148.0;0.0
yf_ZS=F_d3;12400;ASH_COATED_OSMIUM;9912;8;9909;25;;;9920;9;9922;9;;;9916.0;0.0
yf_ZS=F_d3;12400;INTARIAN_PEPPER_ROOT;10146;21;10142;24;;;10152;11;10156;14;;;10149.0;0.0
yf_ZS=F_d3;12500;ASH_COATED_OSMIUM;9903;9;9901;23;;;9930;20;9934;13;;;9916.5;0.0
yf_ZS=F_d3;12500;INTARIAN_PEPPER_ROOT;10147;14;10143;20;;;10153;14;10157;17;;;10150.0;0.0
yf_ZS=F_d3;12600;ASH_COATED_OSMIUM;9914;12;9910;26;;;9920;13;9924;26;;;9917.0;0.0
yf_ZS=F_d3;12600;INTARIAN_PEPPER_ROOT;10145;17;10141;17;;;10158;21;10161;23;;;10151.5;0.0
yf_ZS=F_d3;12700;ASH_COATED_OSMIUM;9913;10;9911;23;;;9919;13;9921;14;;;9916.0;0.0
yf_ZS=F_d3;12700;INTARIAN_PEPPER_ROOT;10150;13;10147;8;;;10156;21;10159;30;;;10153.0;0.0
yf_ZS=F_d3;12800;ASH_COATED_OSMIUM;9908;9;9906;22;;;9924;18;9927;21;;;9916.0;0.0
yf_ZS=F_d3;12800;INTARIAN_PEPPER_ROOT;10147;14;10144;8;;;10161;14;10163;20;;;10154.0;0.0
yf_ZS=F_d3;12900;ASH_COATED_OSMIUM;9913;11;9910;24;;;9919;5;9923;22;;;9916.0;0.0
yf_ZS=F_d3;12900;INTARIAN_PEPPER_ROOT;10152;19;10150;22;;;10158;20;10160;22;;;10155.0;0.0
yf_ZS=F_d3;13000;ASH_COATED_OSMIUM;9914;9;9912;25;;;9920;13;9922;12;;;9917.0;0.0
yf_ZS=F_d3;13000;INTARIAN_PEPPER_ROOT;10153;10;10150;12;;;10159;5;10162;19;;;10156.0;0.0
yf_ZS=F_d3;13100;ASH_COATED_OSMIUM;9914;18;9911;18;;;9920;12;9924;18;;;9917.0;0.0
yf_ZS=F_d3;13100;INTARIAN_PEPPER_ROOT;10154;8;10150;13;;;10160;12;10164;21;;;10157.0;0.0
yf_ZS=F_d3;13200;ASH_COATED_OSMIUM;9914;20;9910;22;;;9920;10;9923;16;;;9917.0;0.0
yf_ZS=F_d3;13200;INTARIAN_PEPPER_ROOT;10156;21;10154;23;;;10162;18;10166;21;;;10159.0;0.0
yf_ZS=F_d3;13300;ASH_COATED_OSMIUM;9913;5;9909;8;;;9919;7;9922;9;;;9916.0;0.0
yf_ZS=F_d3;13300;INTARIAN_PEPPER_ROOT;10157;24;10154;19;;;10163;9;10167;24;;;10160.0;0.0
yf_ZS=F_d3;13400;ASH_COATED_OSMIUM;9913;5;9911;25;;;9919;12;9922;15;;;9916.0;0.0
yf_ZS=F_d3;13400;INTARIAN_PEPPER_ROOT;10158;22;10154;15;;;10164;16;10168;22;;;10161.0;0.0
yf_ZS=F_d3;13500;ASH_COATED_OSMIUM;9913;15;9909;21;;;9919;11;9923;18;;;9916.0;0.0
yf_ZS=F_d3;13500;INTARIAN_PEPPER_ROOT;10159;15;10157;16;;;10165;25;10169;14;;;10162.0;0.0
yf_ZS=F_d3;13600;ASH_COATED_OSMIUM;9913;19;9909;13;;;9919;25;9923;24;;;9916.0;0.0
yf_ZS=F_d3;13600;INTARIAN_PEPPER_ROOT;10160;20;10158;17;;;10166;9;10169;21;;;10163.0;0.0
yf_ZS=F_d3;13700;ASH_COATED_OSMIUM;9914;20;9910;21;;;9920;13;9923;19;;;9917.0;0.0
yf_ZS=F_d3;13700;INTARIAN_PEPPER_ROOT;10162;8;10158;16;;;10168;22;10171;11;;;10165.0;0.0
yf_ZS=F_d3;13800;ASH_COATED_OSMIUM;9913;25;9911;18;;;9919;21;9921;25;;;9916.0;0.0
yf_ZS=F_d3;13800;INTARIAN_PEPPER_ROOT;10163;13;10159;22;;;10169;12;10172;22;;;10166.0;0.0
yf_ZS=F_d3;13900;ASH_COATED_OSMIUM;9914;17;9911;22;;;9920;13;9923;28;;;9917.0;0.0
yf_ZS=F_d3;13900;INTARIAN_PEPPER_ROOT;10164;21;10162;16;;;10170;28;10174;24;;;10167.0;0.0
yf_ZS=F_d3;14000;ASH_COATED_OSMIUM;9913;7;9911;20;;;9919;14;9922;24;;;9916.0;0.0
yf_ZS=F_d3;14000;INTARIAN_PEPPER_ROOT;10165;8;10163;21;;;10173;21;10176;35;;;10169.0;0.0
yf_ZS=F_d3;14100;ASH_COATED_OSMIUM;9910;17;9907;19;;;9924;14;9926;20;;;9917.0;0.0
yf_ZS=F_d3;14100;INTARIAN_PEPPER_ROOT;10161;19;10158;18;;;10179;9;10182;11;;;10170.0;0.0
yf_ZS=F_d3;14200;ASH_COATED_OSMIUM;9914;16;9911;25;;;9920;21;9924;22;;;9917.0;0.0
yf_ZS=F_d3;14200;INTARIAN_PEPPER_ROOT;10166;9;10163;13;;;10176;19;10178;15;;;10171.0;0.0
yf_ZS=F_d3;14300;ASH_COATED_OSMIUM;9914;16;9911;19;;;9920;22;9922;11;;;9917.0;0.0
yf_ZS=F_d3;14300;INTARIAN_PEPPER_ROOT;10166;15;10163;9;;;10178;25;10180;24;;;10172.0;0.0
yf_ZS=F_d3;14400;ASH_COATED_OSMIUM;9911;12;9907;21;;;9923;5;9927;21;;;9917.0;0.0
yf_ZS=F_d3;14400;INTARIAN_PEPPER_ROOT;10170;17;10166;18;;;10176;14;10178;21;;;10173.0;0.0
yf_ZS=F_d3;14500;ASH_COATED_OSMIUM;9914;21;9910;17;;;9920;11;9924;23;;;9917.0;0.0
yf_ZS=F_d3;14500;INTARIAN_PEPPER_ROOT;10172;22;10169;10;;;10178;18;10180;26;;;10175.0;0.0
yf_ZS=F_d3;14600;ASH_COATED_OSMIUM;9913;22;9910;29;;;9919;18;9921;25;;;9916.0;0.0
yf_ZS=F_d3;14600;INTARIAN_PEPPER_ROOT;10173;14;10171;15;;;10179;11;10183;21;;;10176.0;0.0
yf_ZS=F_d3;14700;ASH_COATED_OSMIUM;9910;21;9908;17;;;9923;15;9925;20;;;9916.5;0.0
yf_ZS=F_d3;14700;INTARIAN_PEPPER_ROOT;10168;7;10165;23;;;10185;15;10188;18;;;10176.5;0.0
yf_ZS=F_d3;14800;ASH_COATED_OSMIUM;9912;5;9908;15;;;9922;17;9924;20;;;9917.0;0.0
yf_ZS=F_d3;14800;INTARIAN_PEPPER_ROOT;10163;14;10159;13;;;10193;12;10196;24;;;10178.0;0.0
yf_ZS=F_d3;14900;ASH_COATED_OSMIUM;9914;21;9912;19;;;9921;18;9924;18;;;9917.5;0.0
yf_ZS=F_d3;14900;INTARIAN_PEPPER_ROOT;10175;15;10172;18;;;10183;18;10187;19;;;10179.0;0.0
yf_ZS=F_d3;15000;ASH_COATED_OSMIUM;9914;15;9912;20;;;9920;10;9922;23;;;9917.0;0.0
yf_ZS=F_d3;15000;INTARIAN_PEPPER_ROOT;10177;14;10174;19;;;10183;8;10185;15;;;10180.0;0.0
yf_ZS=F_d3;15100;ASH_COATED_OSMIUM;9912;5;9908;23;;;9921;18;9923;19;;;9916.5;0.0
yf_ZS=F_d3;15100;INTARIAN_PEPPER_ROOT;10178;10;10175;15;;;10184;10;10187;15;;;10181.0;0.0
yf_ZS=F_d3;15200;ASH_COATED_OSMIUM;9914;16;9912;16;;;9921;22;9924;15;;;9917.5;0.0
yf_ZS=F_d3;15200;INTARIAN_PEPPER_ROOT;10179;7;10175;21;;;10187;13;10191;14;;;10183.0;0.0
yf_ZS=F_d3;15300;ASH_COATED_OSMIUM;9914;13;9911;17;;;9920;13;9923;20;;;9917.0;0.0
yf_ZS=F_d3;15300;INTARIAN_PEPPER_ROOT;10173;19;10170;20;;;10195;12;10197;24;;;10184.0;0.0
yf_ZS=F_d3;15400;ASH_COATED_OSMIUM;9913;9;9911;29;;;9921;17;9923;24;;;9917.0;0.0
yf_ZS=F_d3;15400;INTARIAN_PEPPER_ROOT;10182;16;10180;19;;;10188;18;10190;17;;;10185.0;0.0
yf_ZS=F_d3;15500;ASH_COATED_OSMIUM;9913;17;9909;20;;;9921;7;9924;13;;;9917.0;0.0
yf_ZS=F_d3;15500;INTARIAN_PEPPER_ROOT;10178;12;10174;20;;;10195;10;10197;23;;;10186.5;0.0
yf_ZS=F_d3;15600;ASH_COATED_OSMIUM;9913;22;9909;20;;;9920;20;9922;20;;;9916.5;0.0
yf_ZS=F_d3;15600;INTARIAN_PEPPER_ROOT;10182;10;10180;19;;;10192;21;10194;23;;;10187.0;0.0
yf_ZS=F_d3;15700;ASH_COATED_OSMIUM;9914;18;9912;16;;;9921;12;9924;24;;;9917.5;0.0
yf_ZS=F_d3;15700;INTARIAN_PEPPER_ROOT;10183;5;10181;20;;;10194;19;10197;21;;;10188.5;0.0
yf_ZS=F_d3;15800;ASH_COATED_OSMIUM;9914;17;9912;19;;;9920;17;9924;24;;;9917.0;0.0
yf_ZS=F_d3;15800;INTARIAN_PEPPER_ROOT;10187;5;10184;23;;;10193;16;10197;21;;;10190.0;0.0
yf_ZS=F_d3;15900;ASH_COATED_OSMIUM;9909;13;9905;13;;;9927;18;9931;25;;;9918.0;0.0
yf_ZS=F_d3;15900;INTARIAN_PEPPER_ROOT;10188;17;10185;25;;;10194;7;10197;22;;;10191.0;0.0
yf_ZS=F_d3;16000;ASH_COATED_OSMIUM;9914;9;9910;17;;;9920;14;9923;28;;;9917.0;0.0
yf_ZS=F_d3;16000;INTARIAN_PEPPER_ROOT;10190;8;10186;21;;;10196;13;10200;18;;;10193.0;0.0
yf_ZS=F_d3;16100;ASH_COATED_OSMIUM;9914;12;9910;19;;;9920;16;9923;19;;;9917.0;0.0
yf_ZS=F_d3;16100;INTARIAN_PEPPER_ROOT;10188;18;10186;20;;;10200;17;10203;18;;;10194.0;0.0
yf_ZS=F_d3;16200;ASH_COATED_OSMIUM;9915;5;9913;19;;;9921;12;9923;31;;;9918.0;0.0
yf_ZS=F_d3;16200;INTARIAN_PEPPER_ROOT;10192;12;10190;15;;;10198;13;10201;21;;;10195.0;0.0
yf_ZS=F_d3;16300;ASH_COATED_OSMIUM;9914;21;9910;10;;;9920;20;9924;11;;;9917.0;0.0
yf_ZS=F_d3;16300;INTARIAN_PEPPER_ROOT;10193;12;10189;11;;;10199;13;10202;19;;;10196.0;0.0
yf_ZS=F_d3;16400;ASH_COATED_OSMIUM;9914;14;9911;18;;;9920;17;9923;23;;;9917.0;0.0
yf_ZS=F_d3;16400;INTARIAN_PEPPER_ROOT;10193;14;10190;15;;;10202;19;10205;23;;;10197.5;0.0
yf_ZS=F_d3;16500;ASH_COATED_OSMIUM;9915;16;9913;11;;;9921;12;9925;25;;;9918.0;0.0
yf_ZS=F_d3;16500;INTARIAN_PEPPER_ROOT;10194;13;10192;8;;;10202;10;10206;22;;;10198.0;0.0
yf_ZS=F_d3;16600;ASH_COATED_OSMIUM;9896;16;9894;15;;;9939;20;9942;27;;;9917.5;0.0
yf_ZS=F_d3;16600;INTARIAN_PEPPER_ROOT;10196;15;10193;17;;;10202;11;10205;23;;;10199.0;0.0
yf_ZS=F_d3;16700;ASH_COATED_OSMIUM;9914;11;9911;20;;;9923;15;9925;21;;;9918.5;0.0
yf_ZS=F_d3;16700;INTARIAN_PEPPER_ROOT;10198;16;10195;27;;;10204;20;10208;26;;;10201.0;0.0
yf_ZS=F_d3;16800;ASH_COATED_OSMIUM;9915;17;9913;25;;;9921;16;9923;12;;;9918.0;0.0
yf_ZS=F_d3;16800;INTARIAN_PEPPER_ROOT;10199;19;10195;20;;;10205;20;10208;26;;;10202.0;0.0
yf_ZS=F_d3;16900;ASH_COATED_OSMIUM;9909;12;9907;24;;;9927;20;9929;23;;;9918.0;0.0
yf_ZS=F_d3;16900;INTARIAN_PEPPER_ROOT;10201;14;10198;25;;;10207;25;10211;16;;;10204.0;0.0
yf_ZS=F_d3;17000;ASH_COATED_OSMIUM;9915;11;9913;24;;;9921;14;9924;34;;;9918.0;0.0
yf_ZS=F_d3;17000;INTARIAN_PEPPER_ROOT;10201;21;10199;15;;;10207;11;10209;25;;;10204.0;0.0
yf_ZS=F_d3;17100;ASH_COATED_OSMIUM;9915;15;9913;25;;;9921;20;9923;23;;;9918.0;0.0
yf_ZS=F_d3;17100;INTARIAN_PEPPER_ROOT;10202;18;10200;25;;;10208;11;10210;26;;;10205.0;0.0
yf_ZS=F_d3;17200;ASH_COATED_OSMIUM;9914;13;9911;17;;;9920;20;9924;21;;;9917.0;0.0
yf_ZS=F_d3;17200;INTARIAN_PEPPER_ROOT;10204;17;10201;12;;;10210;8;10214;18;;;10207.0;0.0
yf_ZS=F_d3;17300;ASH_COATED_OSMIUM;9914;10;9911;18;;;9922;14;9924;23;;;9918.0;0.0
yf_ZS=F_d3;17300;INTARIAN_PEPPER_ROOT;10202;19;10198;25;;;10215;13;10218;23;;;10208.5;0.0
yf_ZS=F_d3;17400;ASH_COATED_OSMIUM;9915;11;9912;19;;;9921;14;9924;17;;;9918.0;0.0
yf_ZS=F_d3;17400;INTARIAN_PEPPER_ROOT;10207;19;10203;16;;;10213;20;10216;24;;;10210.0;0.0
yf_ZS=F_d3;17500;ASH_COATED_OSMIUM;9909;20;9905;15;;;9926;17;9930;22;;;9917.5;0.0
yf_ZS=F_d3;17500;INTARIAN_PEPPER_ROOT;10208;14;10205;18;;;10214;20;10217;17;;;10211.0;0.0
yf_ZS=F_d3;17600;ASH_COATED_OSMIUM;9911;11;9909;21;;;9925;16;9927;20;;;9918.0;0.0
yf_ZS=F_d3;17600;INTARIAN_PEPPER_ROOT;10208;17;10204;21;;;10214;11;10218;26;;;10211.0;0.0
yf_ZS=F_d3;17700;ASH_COATED_OSMIUM;9915;23;9913;22;;;9921;13;9924;21;;;9918.0;0.0
yf_ZS=F_d3;17700;INTARIAN_PEPPER_ROOT;10210;12;10208;22;;;10216;9;10220;10;;;10213.0;0.0
yf_ZS=F_d3;17800;ASH_COATED_OSMIUM;9915;16;9912;27;;;9921;16;9923;14;;;9918.0;0.0
yf_ZS=F_d3;17800;INTARIAN_PEPPER_ROOT;10211;5;10208;26;;;10217;14;10220;29;;;10214.0;0.0
yf_ZS=F_d3;17900;ASH_COATED_OSMIUM;9915;18;9911;22;;;9921;11;9925;25;;;9918.0;0.0
yf_ZS=F_d3;17900;INTARIAN_PEPPER_ROOT;10213;16;10209;22;;;10219;15;10221;21;;;10216.0;0.0
yf_ZS=F_d3;18000;ASH_COATED_OSMIUM;9916;20;9913;25;;;9922;12;9925;17;;;9919.0;0.0
yf_ZS=F_d3;18000;INTARIAN_PEPPER_ROOT;10211;13;10209;16;;;10221;25;10224;20;;;10216.0;0.0
yf_ZS=F_d3;18100;ASH_COATED_OSMIUM;9915;20;9911;19;;;9921;21;9925;19;;;9918.0;0.0
yf_ZS=F_d3;18100;INTARIAN_PEPPER_ROOT;10204;12;10202;15;;;10231;13;10233;21;;;10217.5;0.0
yf_ZS=F_d3;18200;ASH_COATED_OSMIUM;9893;19;9890;17;;;9943;17;9947;13;;;9918.0;0.0
yf_ZS=F_d3;18200;INTARIAN_PEPPER_ROOT;10214;11;10210;23;;;10226;8;10230;19;;;10220.0;0.0
yf_ZS=F_d3;18300;ASH_COATED_OSMIUM;9914;16;9911;27;;;9923;17;9925;24;;;9918.5;0.0
yf_ZS=F_d3;18300;INTARIAN_PEPPER_ROOT;10207;15;10204;20;;;10234;13;10237;24;;;10220.5;0.0
yf_ZS=F_d3;18400;ASH_COATED_OSMIUM;9905;17;9902;21;;;9930;16;9932;20;;;9917.5;0.0
yf_ZS=F_d3;18400;INTARIAN_PEPPER_ROOT;10218;22;10214;20;;;10225;12;10227;23;;;10221.5;0.0
yf_ZS=F_d3;18500;ASH_COATED_OSMIUM;9912;9;9910;22;;;9924;15;9926;20;;;9918.0;0.0
yf_ZS=F_d3;18500;INTARIAN_PEPPER_ROOT;10210;9;10206;16;;;10237;21;10239;15;;;10223.5;0.0
yf_ZS=F_d3;18600;ASH_COATED_OSMIUM;9915;17;9913;19;;;9921;16;9924;20;;;9918.0;0.0
yf_ZS=F_d3;18600;INTARIAN_PEPPER_ROOT;10221;21;10218;28;;;10227;21;10229;22;;;10224.0;0.0
yf_ZS=F_d3;18700;ASH_COATED_OSMIUM;9915;13;9913;25;;;9921;18;9923;14;;;9918.0;0.0
yf_ZS=F_d3;18700;INTARIAN_PEPPER_ROOT;10222;10;10220;24;;;10228;9;10230;25;;;10225.0;0.0
yf_ZS=F_d3;18800;ASH_COATED_OSMIUM;9916;14;9914;19;;;9922;17;9926;21;;;9919.0;0.0
yf_ZS=F_d3;18800;INTARIAN_PEPPER_ROOT;10223;17;10219;26;;;10229;14;10232;14;;;10226.0;0.0
yf_ZS=F_d3;18900;ASH_COATED_OSMIUM;9914;13;9912;16;;;9922;5;9926;14;;;9918.0;0.0
yf_ZS=F_d3;18900;INTARIAN_PEPPER_ROOT;10217;18;10215;23;;;10237;19;10241;23;;;10227.0;0.0
yf_ZS=F_d3;19000;ASH_COATED_OSMIUM;9915;15;9912;20;;;9921;24;9924;24;;;9918.0;0.0
yf_ZS=F_d3;19000;INTARIAN_PEPPER_ROOT;10225;14;10222;18;;;10231;22;10234;13;;;10228.0;0.0
yf_ZS=F_d3;19100;ASH_COATED_OSMIUM;9910;8;9906;16;;;9926;17;9930;15;;;9918.0;0.0
yf_ZS=F_d3;19100;INTARIAN_PEPPER_ROOT;10226;10;10223;21;;;10233;11;10236;19;;;10229.5;0.0
yf_ZS=F_d3;19200;ASH_COATED_OSMIUM;9906;23;9904;19;;;9930;22;9934;21;;;9918.0;0.0
yf_ZS=F_d3;19200;INTARIAN_PEPPER_ROOT;10229;21;10225;20;;;10235;5;10239;16;;;10232.0;0.0
yf_ZS=F_d3;19300;ASH_COATED_OSMIUM;9915;12;9912;16;;;9921;22;9924;23;;;9918.0;0.0
yf_ZS=F_d3;19300;INTARIAN_PEPPER_ROOT;10229;25;10226;18;;;10235;13;10238;23;;;10232.0;0.0
yf_ZS=F_d3;19400;ASH_COATED_OSMIUM;9916;19;9913;21;;;9922;11;9924;23;;;9919.0;0.0
yf_ZS=F_d3;19400;INTARIAN_PEPPER_ROOT;10231;20;10228;20;;;10237;10;10240;32;;;10234.0;0.0
yf_ZS=F_d3;19500;ASH_COATED_OSMIUM;9915;15;9911;26;;;9922;12;9924;31;;;9918.5;0.0
yf_ZS=F_d3;19500;INTARIAN_PEPPER_ROOT;10232;17;10230;17;;;10238;18;10241;16;;;10235.0;0.0
yf_ZS=F_d3;19600;ASH_COATED_OSMIUM;9915;11;9912;21;;;9921;14;9925;21;;;9918.0;0.0
yf_ZS=F_d3;19600;INTARIAN_PEPPER_ROOT;10233;5;10230;27;;;10239;15;10242;18;;;10236.0;0.0
yf_ZS=F_d3;19700;ASH_COATED_OSMIUM;9916;17;9912;23;;;9922;9;9925;29;;;9919.0;0.0
yf_ZS=F_d3;19700;INTARIAN_PEPPER_ROOT;10233;12;10229;24;;;10242;13;10246;16;;;10237.5;0.0
yf_ZS=F_d3;19800;ASH_COATED_OSMIUM;9913;7;9911;20;;;9923;11;9926;19;;;9918.0;0.0
yf_ZS=F_d3;19800;INTARIAN_PEPPER_ROOT;10236;14;10234;13;;;10242;14;10244;26;;;10239.0;0.0
yf_ZS=F_d3;19900;ASH_COATED_OSMIUM;9915;6;9913;17;;;9921;5;9924;14;;;9918.0;0.0
yf_ZS=F_d3;19900;INTARIAN_PEPPER_ROOT;10236;18;10234;23;;;10242;15;10244;25;;;10239.0;0.0
yf_ZS=F_d3;20000;ASH_COATED_OSMIUM;9916;16;9914;17;;;9922;21;9924;15;;;9919.0;0.0
yf_ZS=F_d3;20000;INTARIAN_PEPPER_ROOT;10238;18;10235;18;;;10244;11;10246;17;;;10241.0;0.0
yf_ZS=F_d3;20100;ASH_COATED_OSMIUM;9912;16;9908;13;;;9925;19;9927;12;;;9918.5;0.0
yf_ZS=F_d3;20100;INTARIAN_PEPPER_ROOT;10239;20;10236;11;;;10245;15;10249;20;;;10242.0;0.0
yf_ZS=F_d3;20200;ASH_COATED_OSMIUM;9916;21;9912;16;;;9922;7;9926;21;;;9919.0;0.0
yf_ZS=F_d3;20200;INTARIAN_PEPPER_ROOT;10240;10;10238;18;;;10246;24;10250;13;;;10243.0;0.0
yf_ZS=F_d3;20300;ASH_COATED_OSMIUM;9912;17;9908;17;;;9925;13;9929;24;;;9918.5;0.0
yf_ZS=F_d3;20300;INTARIAN_PEPPER_ROOT;10241;9;10238;17;;;10247;13;10249;10;;;10244.0;0.0
yf_ZS=F_d3;20400;ASH_COATED_OSMIUM;9916;20;9914;35;;;9922;10;9926;19;;;9919.0;0.0
yf_ZS=F_d3;20400;INTARIAN_PEPPER_ROOT;10243;9;10240;20;;;10249;17;10253;10;;;10246.0;0.0
yf_ZS=F_d3;20500;ASH_COATED_OSMIUM;9913;7;9909;22;;;9924;26;9928;12;;;9918.5;0.0
yf_ZS=F_d3;20500;INTARIAN_PEPPER_ROOT;10244;16;10241;27;;;10250;21;10254;29;;;10247.0;0.0
yf_ZS=F_d3;20600;ASH_COATED_OSMIUM;9916;23;9914;24;;;9922;10;9924;16;;;9919.0;0.0
yf_ZS=F_d3;20600;INTARIAN_PEPPER_ROOT;10245;10;10241;21;;;10251;7;10254;13;;;10248.0;0.0
yf_ZS=F_d3;20700;ASH_COATED_OSMIUM;9908;11;9906;12;;;9929;15;9931;15;;;9918.5;0.0
yf_ZS=F_d3;20700;INTARIAN_PEPPER_ROOT;10246;7;10244;28;;;10253;5;10257;22;;;10249.5;0.0
yf_ZS=F_d3;20800;ASH_COATED_OSMIUM;9916;20;9913;14;;;9922;21;9926;25;;;9919.0;0.0
yf_ZS=F_d3;20800;INTARIAN_PEPPER_ROOT;10246;7;10243;31;;;10255;12;10257;9;;;10250.5;0.0
yf_ZS=F_d3;20900;ASH_COATED_OSMIUM;9913;19;9911;18;;;9924;16;9926;21;;;9918.5;0.0
yf_ZS=F_d3;20900;INTARIAN_PEPPER_ROOT;10247;23;10245;25;;;10256;12;10259;23;;;10251.5;0.0
yf_ZS=F_d3;21000;ASH_COATED_OSMIUM;9913;12;9911;17;;;9925;13;9928;17;;;9919.0;0.0
yf_ZS=F_d3;21000;INTARIAN_PEPPER_ROOT;10249;18;10246;22;;;10258;18;10260;19;;;10253.5;0.0
yf_ZS=F_d3;21100;ASH_COATED_OSMIUM;9916;19;9912;24;;;9922;8;9925;16;;;9919.0;0.0
yf_ZS=F_d3;21100;INTARIAN_PEPPER_ROOT;10252;17;10250;15;;;10258;24;10261;22;;;10255.0;0.0
yf_ZS=F_d3;21200;ASH_COATED_OSMIUM;9916;9;9914;15;;;9922;12;9926;20;;;9919.0;0.0
yf_ZS=F_d3;21200;INTARIAN_PEPPER_ROOT;10252;20;10248;20;;;10258;9;10261;11;;;10255.0;0.0
yf_ZS=F_d3;21300;ASH_COATED_OSMIUM;9916;14;9914;22;;;9922;20;9926;23;;;9919.0;0.0
yf_ZS=F_d3;21300;INTARIAN_PEPPER_ROOT;10253;7;10249;17;;;10260;19;10264;28;;;10256.5;0.0
yf_ZS=F_d3;21400;ASH_COATED_OSMIUM;9916;11;9913;22;;;9922;17;9925;31;;;9919.0;0.0
yf_ZS=F_d3;21400;INTARIAN_PEPPER_ROOT;10255;16;10253;21;;;10261;19;10264;22;;;10258.0;0.0
yf_ZS=F_d3;21500;ASH_COATED_OSMIUM;9915;17;9913;23;;;9923;15;9927;21;;;9919.0;0.0
yf_ZS=F_d3;21500;INTARIAN_PEPPER_ROOT;10256;16;10254;20;;;10262;8;10264;20;;;10259.0;0.0
yf_ZS=F_d3;21600;ASH_COATED_OSMIUM;9910;17;9908;19;;;9928;11;9932;18;;;9919.0;0.0
yf_ZS=F_d3;21600;INTARIAN_PEPPER_ROOT;10257;13;10255;19;;;10263;9;10266;22;;;10260.0;0.0
yf_ZS=F_d3;21700;ASH_COATED_OSMIUM;9906;16;9903;26;;;9932;13;9936;24;;;9919.0;0.0
yf_ZS=F_d3;21700;INTARIAN_PEPPER_ROOT;10258;20;10255;19;;;10264;16;10267;20;;;10261.0;0.0
yf_ZS=F_d3;21800;ASH_COATED_OSMIUM;9916;16;9914;22;;;9922;7;9925;23;;;9919.0;0.0
yf_ZS=F_d3;21800;INTARIAN_PEPPER_ROOT;10255;24;10253;16;;;10270;17;10272;19;;;10262.5;0.0
yf_ZS=F_d3;21900;ASH_COATED_OSMIUM;9900;12;9898;8;;;9939;15;9941;22;;;9919.5;0.0
yf_ZS=F_d3;21900;INTARIAN_PEPPER_ROOT;10259;14;10257;16;;;10268;10;10272;20;;;10263.5;0.0
yf_ZS=F_d3;22000;ASH_COATED_OSMIUM;9916;17;9914;26;;;9922;18;9926;16;;;9919.0;0.0
yf_ZS=F_d3;22000;INTARIAN_PEPPER_ROOT;10262;20;10259;16;;;10268;16;10272;11;;;10265.0;0.0
yf_ZS=F_d3;22100;ASH_COATED_OSMIUM;9916;11;9913;27;;;9922;16;9925;13;;;9919.0;0.0
yf_ZS=F_d3;22100;INTARIAN_PEPPER_ROOT;10261;6;10257;19;;;10271;18;10275;22;;;10266.0;0.0
yf_ZS=F_d3;22200;ASH_COATED_OSMIUM;9914;22;9910;20;;;9924;13;9926;24;;;9919.0;0.0
yf_ZS=F_d3;22200;INTARIAN_PEPPER_ROOT;10265;16;10263;20;;;10271;20;10275;18;;;10268.0;0.0
yf_ZS=F_d3;22300;ASH_COATED_OSMIUM;9916;14;9913;15;;;9922;13;9925;32;;;9919.0;0.0
yf_ZS=F_d3;22300;INTARIAN_PEPPER_ROOT;10266;14;10262;17;;;10272;23;10274;18;;;10269.0;0.0
yf_ZS=F_d3;22400;ASH_COATED_OSMIUM;9916;8;9912;22;;;9922;21;9924;18;;;9919.0;0.0
yf_ZS=F_d3;22400;INTARIAN_PEPPER_ROOT;10260;16;10258;17;;;10279;14;10281;12;;;10269.5;0.0
yf_ZS=F_d3;22500;ASH_COATED_OSMIUM;9916;11;9914;18;;;9922;15;9924;16;;;9919.0;0.0
yf_ZS=F_d3;22500;INTARIAN_PEPPER_ROOT;10268;16;10264;33;;;10274;19;10278;26;;;10271.0;0.0
yf_ZS=F_d3;22600;ASH_COATED_OSMIUM;9914;16;9910;14;;;9925;11;9929;32;;;9919.5;0.0
yf_ZS=F_d3;22600;INTARIAN_PEPPER_ROOT;10270;15;10266;21;;;10276;6;10279;12;;;10273.0;0.0
yf_ZS=F_d3;22700;ASH_COATED_OSMIUM;9909;18;9905;15;;;9929;16;9932;21;;;9919.0;0.0
yf_ZS=F_d3;22700;INTARIAN_PEPPER_ROOT;10270;15;10267;17;;;10276;19;10278;21;;;10273.0;0.0
yf_ZS=F_d3;22800;ASH_COATED_OSMIUM;9913;13;9910;14;;;9926;16;9929;24;;;9919.5;0.0
yf_ZS=F_d3;22800;INTARIAN_PEPPER_ROOT;10271;18;10268;34;;;10277;12;10280;16;;;10274.0;0.0
yf_ZS=F_d3;22900;ASH_COATED_OSMIUM;9916;13;9914;23;;;9922;21;9924;16;;;9919.0;0.0
yf_ZS=F_d3;22900;INTARIAN_PEPPER_ROOT;10268;10;10265;17;;;10283;15;10286;18;;;10275.5;0.0
yf_ZS=F_d3;23000;ASH_COATED_OSMIUM;9913;28;9911;22;;;9925;20;9927;19;;;9919.0;0.0
yf_ZS=F_d3;23000;INTARIAN_PEPPER_ROOT;10275;11;10273;19;;;10281;18;10283;26;;;10278.0;0.0
yf_ZS=F_d3;23100;ASH_COATED_OSMIUM;9915;18;9913;18;;;9924;15;9927;21;;;9919.5;0.0
yf_ZS=F_d3;23100;INTARIAN_PEPPER_ROOT;10274;12;10272;11;;;10281;8;10284;16;;;10277.5;0.0
yf_ZS=F_d3;23200;ASH_COATED_OSMIUM;9916;19;9912;8;;;9922;6;9926;20;;;9919.0;0.0
yf_ZS=F_d3;23200;INTARIAN_PEPPER_ROOT;10274;13;10271;18;;;10285;9;10287;24;;;10279.5;0.0
yf_ZS=F_d3;23300;ASH_COATED_OSMIUM;9913;10;9910;23;;;9928;21;9932;19;;;9920.5;0.0
yf_ZS=F_d3;23300;INTARIAN_PEPPER_ROOT;10278;11;10276;20;;;10284;21;10286;32;;;10281.0;0.0
yf_ZS=F_d3;23400;ASH_COATED_OSMIUM;9916;6;9912;17;;;9922;8;9925;27;;;9919.0;0.0
yf_ZS=F_d3;23400;INTARIAN_PEPPER_ROOT;10279;15;10277;26;;;10285;19;10288;15;;;10282.0;0.0
yf_ZS=F_d3;23500;ASH_COATED_OSMIUM;9916;20;9912;19;;;9923;18;9926;20;;;9919.5;0.0
yf_ZS=F_d3;23500;INTARIAN_PEPPER_ROOT;10280;7;10276;23;;;10286;14;10290;16;;;10283.0;0.0
yf_ZS=F_d3;23600;ASH_COATED_OSMIUM;9911;17;9909;16;;;9928;14;9931;8;;;9919.5;0.0
yf_ZS=F_d3;23600;INTARIAN_PEPPER_ROOT;10281;11;10279;20;;;10287;21;10289;16;;;10284.0;0.0
yf_ZS=F_d3;23700;ASH_COATED_OSMIUM;9916;15;9912;20;;;9922;11;9926;27;;;9919.0;0.0
yf_ZS=F_d3;23700;INTARIAN_PEPPER_ROOT;10283;7;10279;22;;;10289;21;10293;16;;;10286.0;0.0
yf_ZS=F_d3;23800;ASH_COATED_OSMIUM;9917;14;9913;24;;;9923;16;9925;16;;;9920.0;0.0
yf_ZS=F_d3;23800;INTARIAN_PEPPER_ROOT;10283;11;10280;12;;;10289;22;10291;20;;;10286.0;0.0
yf_ZS=F_d3;23900;ASH_COATED_OSMIUM;9917;11;9915;15;;;9923;10;9926;12;;;9920.0;0.0
yf_ZS=F_d3;23900;INTARIAN_PEPPER_ROOT;10285;13;10283;29;;;10291;24;10295;26;;;10288.0;0.0
yf_ZS=F_d3;24000;ASH_COATED_OSMIUM;9916;16;9913;20;;;9922;21;9925;24;;;9919.0;0.0
yf_ZS=F_d3;24000;INTARIAN_PEPPER_ROOT;10284;19;10281;20;;;10294;12;10297;17;;;10289.0;0.0
yf_ZS=F_d3;24100;ASH_COATED_OSMIUM;9916;13;9914;13;;;9922;17;9926;30;;;9919.0;0.0
yf_ZS=F_d3;24100;INTARIAN_PEPPER_ROOT;10280;10;10278;25;;;10299;20;10301;24;;;10289.5;0.0
yf_ZS=F_d3;24200;ASH_COATED_OSMIUM;9914;13;9910;21;;;9925;12;9929;25;;;9919.5;0.0
yf_ZS=F_d3;24200;INTARIAN_PEPPER_ROOT;10285;23;10282;14;;;10297;14;10301;20;;;10291.0;0.0
yf_ZS=F_d3;24300;ASH_COATED_OSMIUM;9917;11;9914;19;;;9923;16;9925;22;;;9920.0;0.0
yf_ZS=F_d3;24300;INTARIAN_PEPPER_ROOT;10290;11;10288;16;;;10296;18;10299;17;;;10293.0;0.0
yf_ZS=F_d3;24400;ASH_COATED_OSMIUM;9917;12;9914;12;;;9923;14;9925;17;;;9920.0;0.0
yf_ZS=F_d3;24400;INTARIAN_PEPPER_ROOT;10291;10;10289;31;;;10297;16;10300;21;;;10294.0;0.0
yf_ZS=F_d3;24500;ASH_COATED_OSMIUM;9917;15;9914;22;;;9923;14;9926;18;;;9920.0;0.0
yf_ZS=F_d3;24500;INTARIAN_PEPPER_ROOT;10292;13;10288;20;;;10298;10;10302;32;;;10295.0;0.0
yf_ZS=F_d3;24600;ASH_COATED_OSMIUM;9917;18;9915;16;;;9923;19;9925;21;;;9920.0;0.0
yf_ZS=F_d3;24600;INTARIAN_PEPPER_ROOT;10293;15;10289;25;;;10299;17;10302;21;;;10296.0;0.0
yf_ZS=F_d3;24700;ASH_COATED_OSMIUM;9917;11;9913;11;;;9923;24;9926;22;;;9920.0;0.0
yf_ZS=F_d3;24700;INTARIAN_PEPPER_ROOT;10294;19;10290;16;;;10300;16;10304;19;;;10297.0;0.0
yf_ZS=F_d3;24800;ASH_COATED_OSMIUM;9918;17;9916;27;;;9924;15;9928;28;;;9921.0;0.0
yf_ZS=F_d3;24800;INTARIAN_PEPPER_ROOT;10295;15;10291;21;;;10301;5;10305;19;;;10298.0;0.0
yf_ZS=F_d3;24900;ASH_COATED_OSMIUM;9916;15;9912;24;;;9923;25;9925;27;;;9919.5;0.0
yf_ZS=F_d3;24900;INTARIAN_PEPPER_ROOT;10291;14;10289;27;;;10310;5;10314;21;;;10300.5;0.0
yf_ZS=F_d3;25000;ASH_COATED_OSMIUM;9917;21;9913;19;;;9923;22;9927;17;;;9920.0;0.0
yf_ZS=F_d3;25000;INTARIAN_PEPPER_ROOT;10299;16;10295;20;;;10305;6;10309;8;;;10302.0;0.0
yf_ZS=F_d3;25100;ASH_COATED_OSMIUM;9917;9;9915;16;;;9923;14;9926;12;;;9920.0;0.0
yf_ZS=F_d3;25100;INTARIAN_PEPPER_ROOT;10297;17;10294;21;;;10307;12;10309;16;;;10302.0;0.0
yf_ZS=F_d3;25200;ASH_COATED_OSMIUM;9906;15;9904;15;;;9933;18;9937;13;;;9919.5;0.0
yf_ZS=F_d3;25200;INTARIAN_PEPPER_ROOT;10301;19;10299;21;;;10307;12;10311;21;;;10304.0;0.0
yf_ZS=F_d3;25300;ASH_COATED_OSMIUM;9916;18;9914;18;;;9926;16;9930;18;;;9921.0;0.0
yf_ZS=F_d3;25300;INTARIAN_PEPPER_ROOT;10302;21;10299;17;;;10308;14;10311;24;;;10305.0;0.0
yf_ZS=F_d3;25400;ASH_COATED_OSMIUM;9916;21;9913;22;;;9925;17;9927;13;;;9920.5;0.0
yf_ZS=F_d3;25400;INTARIAN_PEPPER_ROOT;10302;10;10298;20;;;10310;10;10314;21;;;10306.0;0.0
yf_ZS=F_d3;25500;ASH_COATED_OSMIUM;9917;13;9915;17;;;9923;17;9927;26;;;9920.0;0.0
yf_ZS=F_d3;25500;INTARIAN_PEPPER_ROOT;10304;11;10301;23;;;10310;16;10314;15;;;10307.0;0.0
yf_ZS=F_d3;25600;ASH_COATED_OSMIUM;9917;18;9914;33;;;9923;13;9926;17;;;9920.0;0.0
yf_ZS=F_d3;25600;INTARIAN_PEPPER_ROOT;10305;18;10301;24;;;10311;13;10314;25;;;10308.0;0.0
yf_ZS=F_d3;25700;ASH_COATED_OSMIUM;9913;10;9911;22;;;9928;20;9932;24;;;9920.5;0.0
yf_ZS=F_d3;25700;INTARIAN_PEPPER_ROOT;10306;13;10302;24;;;10312;22;10314;19;;;10309.0;0.0
yf_ZS=F_d3;25800;ASH_COATED_OSMIUM;9917;14;9914;16;;;9923;10;9926;12;;;9920.0;0.0
yf_ZS=F_d3;25800;INTARIAN_PEPPER_ROOT;10308;19;10306;13;;;10314;14;10316;8;;;10311.0;0.0
yf_ZS=F_d3;25900;ASH_COATED_OSMIUM;9916;14;9913;19;;;9924;26;9927;21;;;9920.0;0.0
yf_ZS=F_d3;25900;INTARIAN_PEPPER_ROOT;10309;15;10307;13;;;10315;5;10317;27;;;10312.0;0.0
yf_ZS=F_d3;26000;ASH_COATED_OSMIUM;9918;13;9914;18;;;9924;20;9926;14;;;9921.0;0.0
yf_ZS=F_d3;26000;INTARIAN_PEPPER_ROOT;10310;7;10308;14;;;10316;12;10319;15;;;10313.0;0.0
yf_ZS=F_d3;26100;ASH_COATED_OSMIUM;9917;19;9914;23;;;9923;5;9925;21;;;9920.0;0.0
yf_ZS=F_d3;26100;INTARIAN_PEPPER_ROOT;10310;21;10306;22;;;10318;18;10322;15;;;10314.0;0.0
yf_ZS=F_d3;26200;ASH_COATED_OSMIUM;9915;13;9912;24;;;9924;9;9926;23;;;9919.5;0.0
yf_ZS=F_d3;26200;INTARIAN_PEPPER_ROOT;10307;14;10304;21;;;10324;14;10328;24;;;10315.5;0.0
yf_ZS=F_d3;26300;ASH_COATED_OSMIUM;9908;22;9905;22;;;9933;12;9935;18;;;9920.5;0.0
yf_ZS=F_d3;26300;INTARIAN_PEPPER_ROOT;10314;13;10312;16;;;10320;13;10322;17;;;10317.0;0.0
yf_ZS=F_d3;26400;ASH_COATED_OSMIUM;9917;18;9914;8;;;9923;17;9925;22;;;9920.0;0.0
yf_ZS=F_d3;26400;INTARIAN_PEPPER_ROOT;10315;11;10313;21;;;10321;8;10325;20;;;10318.0;0.0
yf_ZS=F_d3;26500;ASH_COATED_OSMIUM;9916;18;9912;16;;;9923;8;9927;18;;;9919.5;0.0
yf_ZS=F_d3;26500;INTARIAN_PEPPER_ROOT;10316;12;10312;22;;;10322;22;10324;24;;;10319.0;0.0
yf_ZS=F_d3;26600;ASH_COATED_OSMIUM;9912;12;9910;18;;;9929;17;9933;15;;;9920.5;0.0
yf_ZS=F_d3;26600;INTARIAN_PEPPER_ROOT;10317;15;10315;21;;;10323;16;10327;17;;;10320.0;0.0
yf_ZS=F_d3;26700;ASH_COATED_OSMIUM;9917;5;9913;32;;;9923;16;9926;24;;;9920.0;0.0
yf_ZS=F_d3;26700;INTARIAN_PEPPER_ROOT;10319;15;10315;15;;;10325;8;10328;16;;;10322.0;0.0
yf_ZS=F_d3;26800;ASH_COATED_OSMIUM;9912;5;9908;20;;;9928;15;9932;30;;;9920.0;0.0
yf_ZS=F_d3;26800;INTARIAN_PEPPER_ROOT;10320;14;10316;22;;;10326;17;10329;14;;;10323.0;0.0
yf_ZS=F_d3;26900;ASH_COATED_OSMIUM;9913;11;9911;11;;;9928;17;9932;27;;;9920.5;0.0
yf_ZS=F_d3;26900;INTARIAN_PEPPER_ROOT;10316;20;10312;24;;;10332;17;10334;19;;;10324.0;0.0
yf_ZS=F_d3;27000;ASH_COATED_OSMIUM;9917;20;9914;21;;;9923;11;9925;10;;;9920.0;0.0
yf_ZS=F_d3;27000;INTARIAN_PEPPER_ROOT;10321;19;10319;22;;;10330;15;10333;20;;;10325.5;0.0
yf_ZS=F_d3;27100;ASH_COATED_OSMIUM;9911;15;9909;22;;;9929;16;9932;8;;;9920.0;0.0
yf_ZS=F_d3;27100;INTARIAN_PEPPER_ROOT;10320;16;10318;28;;;10333;7;10337;25;;;10326.5;0.0
yf_ZS=F_d3;27200;ASH_COATED_OSMIUM;9916;10;9914;17;;;9924;16;9927;22;;;9920.0;0.0
yf_ZS=F_d3;27200;INTARIAN_PEPPER_ROOT;10325;12;10322;14;;;10331;8;10335;21;;;10328.0;0.0
yf_ZS=F_d3;27300;ASH_COATED_OSMIUM;9917;16;9914;12;;;9923;10;9927;19;;;9920.0;0.0
yf_ZS=F_d3;27300;INTARIAN_PEPPER_ROOT;10322;17;10318;12;;;10335;7;10338;13;;;10328.5;0.0
yf_ZS=F_d3;27400;ASH_COATED_OSMIUM;9918;12;9914;23;;;9924;14;9927;26;;;9921.0;0.0
yf_ZS=F_d3;27400;INTARIAN_PEPPER_ROOT;10327;14;10324;22;;;10333;6;10335;14;;;10330.0;0.0
yf_ZS=F_d3;27500;ASH_COATED_OSMIUM;9917;15;9913;13;;;9923;6;9927;19;;;9920.0;0.0
yf_ZS=F_d3;27500;INTARIAN_PEPPER_ROOT;10328;24;10326;19;;;10334;15;10336;17;;;10331.0;0.0
yf_ZS=F_d3;27600;ASH_COATED_OSMIUM;9916;18;9914;18;;;9925;6;9929;19;;;9920.5;0.0
yf_ZS=F_d3;27600;INTARIAN_PEPPER_ROOT;10322;5;10318;18;;;10343;13;10346;17;;;10332.5;0.0
yf_ZS=F_d3;27700;ASH_COATED_OSMIUM;9918;12;9915;25;;;9924;10;9927;18;;;9921.0;0.0
yf_ZS=F_d3;27700;INTARIAN_PEPPER_ROOT;10331;14;10327;23;;;10337;14;10339;19;;;10334.0;0.0
yf_ZS=F_d3;27800;ASH_COATED_OSMIUM;9918;21;9915;19;;;9924;14;9927;24;;;9921.0;0.0
yf_ZS=F_d3;27800;INTARIAN_PEPPER_ROOT;10331;15;10327;21;;;10337;18;10340;21;;;10334.0;0.0
yf_ZS=F_d3;27900;ASH_COATED_OSMIUM;9913;14;9910;22;;;9927;18;9930;17;;;9920.0;0.0
yf_ZS=F_d3;27900;INTARIAN_PEPPER_ROOT;10332;16;10330;25;;;10339;8;10341;13;;;10335.5;0.0
yf_ZS=F_d3;28000;ASH_COATED_OSMIUM;9908;16;9905;23;;;9934;18;9938;15;;;9921.0;0.0
yf_ZS=F_d3;28000;INTARIAN_PEPPER_ROOT;10334;6;10330;13;;;10340;13;10344;11;;;10337.0;0.0
yf_ZS=F_d3;28100;ASH_COATED_OSMIUM;9918;7;9916;21;;;9924;16;9926;18;;;9921.0;0.0
yf_ZS=F_d3;28100;INTARIAN_PEPPER_ROOT;10336;8;10332;25;;;10342;10;10345;27;;;10339.0;0.0
yf_ZS=F_d3;28200;ASH_COATED_OSMIUM;9917;19;9915;12;;;9925;13;9927;21;;;9921.0;0.0
yf_ZS=F_d3;28200;INTARIAN_PEPPER_ROOT;10337;14;10335;20;;;10343;14;10345;27;;;10340.0;0.0
yf_ZS=F_d3;28300;ASH_COATED_OSMIUM;9901;10;9898;20;;;9938;14;9940;22;;;9919.5;0.0
yf_ZS=F_d3;28300;INTARIAN_PEPPER_ROOT;10338;11;10335;22;;;10344;7;10347;20;;;10341.0;0.0
yf_ZS=F_d3;28400;ASH_COATED_OSMIUM;9912;20;9908;24;;;9931;14;9934;23;;;9921.5;0.0
yf_ZS=F_d3;28400;INTARIAN_PEPPER_ROOT;10340;13;10336;22;;;10346;20;10348;18;;;10343.0;0.0
yf_ZS=F_d3;28500;ASH_COATED_OSMIUM;9918;18;9914;22;;;9924;11;9927;8;;;9921.0;0.0
yf_ZS=F_d3;28500;INTARIAN_PEPPER_ROOT;10340;14;10338;20;;;10346;15;10349;25;;;10343.0;0.0
yf_ZS=F_d3;28600;ASH_COATED_OSMIUM;9908;18;9906;21;;;9934;12;9937;28;;;9921.0;0.0
yf_ZS=F_d3;28600;INTARIAN_PEPPER_ROOT;10342;15;10338;19;;;10348;17;10351;16;;;10345.0;0.0
yf_ZS=F_d3;28700;ASH_COATED_OSMIUM;9916;14;9912;14;;;9927;8;9929;25;;;9921.5;0.0
yf_ZS=F_d3;28700;INTARIAN_PEPPER_ROOT;10343;11;10339;30;;;10349;15;10351;21;;;10346.0;0.0
yf_ZS=F_d3;28800;ASH_COATED_OSMIUM;9918;12;9916;8;;;9924;21;9928;23;;;9921.0;0.0
yf_ZS=F_d3;28800;INTARIAN_PEPPER_ROOT;10343;13;10341;19;;;10351;14;10355;17;;;10347.0;0.0
yf_ZS=F_d3;28900;ASH_COATED_OSMIUM;9918;11;9915;20;;;9924;13;9926;15;;;9921.0;0.0
yf_ZS=F_d3;28900;INTARIAN_PEPPER_ROOT;10345;17;10341;23;;;10351;15;10354;19;;;10348.0;0.0
yf_ZS=F_d3;29000;ASH_COATED_OSMIUM;9908;11;9906;30;;;9933;12;9935;22;;;9920.5;0.0
yf_ZS=F_d3;29000;INTARIAN_PEPPER_ROOT;10346;13;10342;23;;;10352;15;10356;13;;;10349.0;0.0
yf_ZS=F_d3;29100;ASH_COATED_OSMIUM;9918;5;9916;30;;;9924;7;9927;17;;;9921.0;0.0
yf_ZS=F_d3;29100;INTARIAN_PEPPER_ROOT;10347;18;10345;20;;;10353;16;10355;19;;;10350.0;0.0
yf_ZS=F_d3;29200;ASH_COATED_OSMIUM;9918;12;9916;25;;;9924;11;9928;12;;;9921.0;0.0
yf_ZS=F_d3;29200;INTARIAN_PEPPER_ROOT;10348;15;10346;19;;;10354;17;10357;15;;;10351.0;0.0
yf_ZS=F_d3;29300;ASH_COATED_OSMIUM;9918;10;9916;15;;;9924;13;9926;31;;;9921.0;0.0
yf_ZS=F_d3;29300;INTARIAN_PEPPER_ROOT;10346;14;10344;8;;;10360;9;10362;20;;;10353.0;0.0
yf_ZS=F_d3;29400;ASH_COATED_OSMIUM;9919;5;9916;21;;;9925;18;9927;17;;;9922.0;0.0
yf_ZS=F_d3;29400;INTARIAN_PEPPER_ROOT;10344;14;10340;23;;;10364;12;10368;24;;;10354.0;0.0
yf_ZS=F_d3;29500;ASH_COATED_OSMIUM;9913;12;9910;17;;;9930;6;9934;14;;;9921.5;0.0
yf_ZS=F_d3;29500;INTARIAN_PEPPER_ROOT;10347;8;10345;21;;;10365;13;10369;20;;;10356.0;0.0
yf_ZS=F_d3;29600;ASH_COATED_OSMIUM;9918;16;9916;25;;;9924;15;9928;13;;;9921.0;0.0
yf_ZS=F_d3;29600;INTARIAN_PEPPER_ROOT;10354;12;10351;21;;;10360;5;10364;15;;;10357.0;0.0
yf_ZS=F_d3;29700;ASH_COATED_OSMIUM;9915;20;9913;15;;;9927;18;9931;21;;;9921.0;0.0
yf_ZS=F_d3;29700;INTARIAN_PEPPER_ROOT;10355;15;10352;27;;;10361;17;10363;11;;;10358.0;0.0
yf_ZS=F_d3;29800;ASH_COATED_OSMIUM;9918;20;9915;18;;;9924;16;9928;24;;;9921.0;0.0
yf_ZS=F_d3;29800;INTARIAN_PEPPER_ROOT;10356;14;10354;13;;;10362;7;10365;16;;;10359.0;0.0
yf_ZS=F_d3;29900;ASH_COATED_OSMIUM;9913;16;9909;13;;;9929;16;9933;27;;;9921.0;0.0
yf_ZS=F_d3;29900;INTARIAN_PEPPER_ROOT;10358;12;10356;23;;;10364;18;10367;20;;;10361.0;0.0
yf_ZS=F_d3;30000;ASH_COATED_OSMIUM;9913;14;9909;21;;;9931;13;9933;19;;;9922.0;0.0
yf_ZS=F_d3;30000;INTARIAN_PEPPER_ROOT;10358;12;10355;17;;;10364;6;10367;14;;;10361.0;0.0
yf_ZS=F_d3;30100;ASH_COATED_OSMIUM;9918;19;9916;15;;;9924;9;9927;27;;;9921.0;0.0
yf_ZS=F_d3;30100;INTARIAN_PEPPER_ROOT;10359;12;10355;20;;;10366;12;10370;31;;;10362.5;0.0
yf_ZS=F_d3;30200;ASH_COATED_OSMIUM;9918;18;9915;19;;;9924;17;9927;19;;;9921.0;0.0
yf_ZS=F_d3;30200;INTARIAN_PEPPER_ROOT;10360;24;10356;20;;;10369;11;10373;16;;;10364.5;0.0
yf_ZS=F_d3;30300;ASH_COATED_OSMIUM;9919;15;9917;20;;;9925;10;9927;18;;;9922.0;0.0
yf_ZS=F_d3;30300;INTARIAN_PEPPER_ROOT;10360;10;10358;14;;;10369;5;10372;16;;;10364.5;0.0
yf_ZS=F_d3;30400;ASH_COATED_OSMIUM;9919;22;9916;17;;;9925;11;9928;19;;;9922.0;0.0
yf_ZS=F_d3;30400;INTARIAN_PEPPER_ROOT;10364;10;10360;22;;;10370;11;10374;18;;;10367.0;0.0
yf_ZS=F_d3;30500;ASH_COATED_OSMIUM;9918;6;9915;20;;;9924;14;9927;24;;;9921.0;0.0
yf_ZS=F_d3;30500;INTARIAN_PEPPER_ROOT;10365;15;10363;19;;;10371;20;10373;24;;;10368.0;0.0
yf_ZS=F_d3;30600;ASH_COATED_OSMIUM;9918;19;9914;18;;;9924;20;9928;29;;;9921.0;0.0
yf_ZS=F_d3;30600;INTARIAN_PEPPER_ROOT;10365;17;10363;29;;;10371;18;10375;24;;;10368.0;0.0
yf_ZS=F_d3;30700;ASH_COATED_OSMIUM;9910;17;9907;16;;;9932;12;9936;24;;;9921.0;0.0
yf_ZS=F_d3;30700;INTARIAN_PEPPER_ROOT;10353;14;10349;16;;;10386;12;10390;19;;;10369.5;0.0
yf_ZS=F_d3;30800;ASH_COATED_OSMIUM;9911;19;9907;14;;;9933;22;9936;12;;;9922.0;0.0
yf_ZS=F_d3;30800;INTARIAN_PEPPER_ROOT;10368;21;10365;20;;;10374;21;10376;24;;;10371.0;0.0
yf_ZS=F_d3;30900;ASH_COATED_OSMIUM;9918;11;9915;20;;;9924;13;9927;17;;;9921.0;0.0
yf_ZS=F_d3;30900;INTARIAN_PEPPER_ROOT;10369;9;10366;19;;;10375;11;10379;13;;;10372.0;0.0
yf_ZS=F_d3;31000;ASH_COATED_OSMIUM;9918;13;9916;18;;;9924;13;9927;21;;;9921.0;0.0
yf_ZS=F_d3;31000;INTARIAN_PEPPER_ROOT;10370;6;10367;18;;;10377;11;10379;18;;;10373.5;0.0
yf_ZS=F_d3;31100;ASH_COATED_OSMIUM;9919;11;9915;27;;;9925;8;9928;8;;;9922.0;0.0
yf_ZS=F_d3;31100;INTARIAN_PEPPER_ROOT;10372;17;10369;15;;;10378;13;10380;18;;;10375.0;0.0
yf_ZS=F_d3;31200;ASH_COATED_OSMIUM;9905;16;9901;8;;;9938;13;9941;26;;;9921.5;0.0
yf_ZS=F_d3;31200;INTARIAN_PEPPER_ROOT;10370;18;10368;27;;;10382;18;10385;13;;;10376.0;0.0
yf_ZS=F_d3;31300;ASH_COATED_OSMIUM;9919;5;9917;16;;;9925;12;9927;18;;;9922.0;0.0
yf_ZS=F_d3;31300;INTARIAN_PEPPER_ROOT;10374;9;10371;18;;;10380;20;10383;19;;;10377.0;0.0
yf_ZS=F_d3;31400;ASH_COATED_OSMIUM;9918;15;9915;21;;;9924;15;9928;18;;;9921.0;0.0
yf_ZS=F_d3;31400;INTARIAN_PEPPER_ROOT;10375;13;10373;24;;;10381;17;10383;13;;;10378.0;0.0
yf_ZS=F_d3;31500;ASH_COATED_OSMIUM;9919;22;9915;28;;;9925;14;9929;30;;;9922.0;0.0
yf_ZS=F_d3;31500;INTARIAN_PEPPER_ROOT;10375;12;10372;21;;;10385;17;10388;18;;;10380.0;0.0
yf_ZS=F_d3;31600;ASH_COATED_OSMIUM;9918;13;9915;22;;;9924;5;9928;15;;;9921.0;0.0
yf_ZS=F_d3;31600;INTARIAN_PEPPER_ROOT;10366;12;10362;19;;;10394;15;10396;18;;;10380.0;0.0
yf_ZS=F_d3;31700;ASH_COATED_OSMIUM;9914;16;9910;16;;;9929;14;9932;12;;;9921.5;0.0
yf_ZS=F_d3;31700;INTARIAN_PEPPER_ROOT;10379;18;10377;19;;;10385;14;10388;15;;;10382.0;0.0
yf_ZS=F_d3;31800;ASH_COATED_OSMIUM;9918;13;9916;16;;;9924;12;9926;23;;;9921.0;0.0
yf_ZS=F_d3;31800;INTARIAN_PEPPER_ROOT;10379;21;10375;25;;;10388;11;10391;24;;;10383.5;0.0
yf_ZS=F_d3;31900;ASH_COATED_OSMIUM;9913;22;9909;16;;;9930;8;9934;30;;;9921.5;0.0
yf_ZS=F_d3;31900;INTARIAN_PEPPER_ROOT;10378;9;10374;13;;;10390;16;10392;23;;;10384.0;0.0
yf_ZS=F_d3;32000;ASH_COATED_OSMIUM;9918;16;9914;22;;;9924;12;9927;20;;;9921.0;0.0
yf_ZS=F_d3;32000;INTARIAN_PEPPER_ROOT;10382;6;10380;15;;;10388;11;10391;18;;;10385.0;0.0
yf_ZS=F_d3;32100;ASH_COATED_OSMIUM;9918;23;9915;20;;;9924;22;9927;17;;;9921.0;0.0
yf_ZS=F_d3;32100;INTARIAN_PEPPER_ROOT;10371;20;10369;13;;;10401;14;10403;14;;;10386.0;0.0
yf_ZS=F_d3;32200;ASH_COATED_OSMIUM;9919;15;9916;26;;;9925;18;9927;9;;;9922.0;0.0
yf_ZS=F_d3;32200;INTARIAN_PEPPER_ROOT;10384;20;10381;24;;;10390;15;10393;22;;;10387.0;0.0
yf_ZS=F_d3;32300;ASH_COATED_OSMIUM;9919;19;9916;22;;;9925;15;9927;22;;;9922.0;0.0
yf_ZS=F_d3;32300;INTARIAN_PEPPER_ROOT;10386;5;10382;14;;;10392;13;10395;24;;;10389.0;0.0
yf_ZS=F_d3;32400;ASH_COATED_OSMIUM;9919;15;9917;18;;;9925;7;9929;20;;;9922.0;0.0
yf_ZS=F_d3;32400;INTARIAN_PEPPER_ROOT;10388;18;10384;19;;;10394;18;10396;27;;;10391.0;0.0
yf_ZS=F_d3;32500;ASH_COATED_OSMIUM;9919;16;9917;27;;;9925;15;9928;26;;;9922.0;0.0
yf_ZS=F_d3;32500;INTARIAN_PEPPER_ROOT;10380;18;10376;20;;;10404;13;10407;20;;;10392.0;0.0
yf_ZS=F_d3;32600;ASH_COATED_OSMIUM;9919;15;9917;27;;;9925;9;9929;16;;;9922.0;0.0
yf_ZS=F_d3;32600;INTARIAN_PEPPER_ROOT;10390;15;10387;18;;;10396;17;10400;13;;;10393.0;0.0
yf_ZS=F_d3;32700;ASH_COATED_OSMIUM;9916;12;9914;22;;;9928;7;9932;24;;;9922.0;0.0
yf_ZS=F_d3;32700;INTARIAN_PEPPER_ROOT;10391;6;10389;22;;;10397;17;10399;29;;;10394.0;0.0
yf_ZS=F_d3;32800;ASH_COATED_OSMIUM;9919;9;9916;27;;;9925;15;9927;19;;;9922.0;0.0
yf_ZS=F_d3;32800;INTARIAN_PEPPER_ROOT;10392;17;10389;19;;;10398;11;10401;16;;;10395.0;0.0
yf_ZS=F_d3;32900;ASH_COATED_OSMIUM;9919;9;9917;16;;;9925;15;9927;16;;;9922.0;0.0
yf_ZS=F_d3;32900;INTARIAN_PEPPER_ROOT;10393;20;10390;18;;;10400;12;10404;27;;;10396.5;0.0
yf_ZS=F_d3;33000;ASH_COATED_OSMIUM;9919;19;9916;25;;;9925;8;9929;17;;;9922.0;0.0
yf_ZS=F_d3;33000;INTARIAN_PEPPER_ROOT;10395;25;10392;18;;;10401;18;10404;20;;;10398.0;0.0
yf_ZS=F_d3;33100;ASH_COATED_OSMIUM;9908;6;9905;23;;;9936;17;9938;23;;;9922.0;0.0
yf_ZS=F_d3;33100;INTARIAN_PEPPER_ROOT;10395;12;10393;16;;;10401;14;10403;21;;;10398.0;0.0
yf_ZS=F_d3;33200;ASH_COATED_OSMIUM;9919;7;9916;22;;;9925;12;9929;10;;;9922.0;0.0
yf_ZS=F_d3;33200;INTARIAN_PEPPER_ROOT;10397;14;10395;21;;;10403;10;10407;23;;;10400.0;0.0
yf_ZS=F_d3;33300;ASH_COATED_OSMIUM;9919;18;9915;28;;;9925;19;9927;14;;;9922.0;0.0
yf_ZS=F_d3;33300;INTARIAN_PEPPER_ROOT;10385;14;10381;20;;;10417;21;10420;24;;;10401.0;0.0
yf_ZS=F_d3;33400;ASH_COATED_OSMIUM;9908;14;9906;20;;;9936;18;9939;22;;;9922.0;0.0
yf_ZS=F_d3;33400;INTARIAN_PEPPER_ROOT;10399;12;10397;27;;;10405;10;10408;27;;;10402.0;0.0
yf_ZS=F_d3;33500;ASH_COATED_OSMIUM;9919;14;9915;18;;;9925;20;9928;18;;;9922.0;0.0
yf_ZS=F_d3;33500;INTARIAN_PEPPER_ROOT;10401;5;10398;23;;;10407;12;10411;21;;;10404.0;0.0
yf_ZS=F_d3;33600;ASH_COATED_OSMIUM;9919;14;9916;21;;;9925;18;9927;21;;;9922.0;0.0
yf_ZS=F_d3;33600;INTARIAN_PEPPER_ROOT;10402;19;10400;30;;;10408;16;10411;15;;;10405.0;0.0
yf_ZS=F_d3;33700;ASH_COATED_OSMIUM;9919;12;9917;20;;;9925;21;9927;13;;;9922.0;0.0
yf_ZS=F_d3;33700;INTARIAN_PEPPER_ROOT;10403;11;10399;23;;;10409;18;10411;24;;;10406.0;0.0
yf_ZS=F_d3;33800;ASH_COATED_OSMIUM;9916;10;9914;18;;;9928;8;9930;19;;;9922.0;0.0
yf_ZS=F_d3;33800;INTARIAN_PEPPER_ROOT;10404;8;10402;25;;;10411;15;10414;15;;;10407.5;0.0
yf_ZS=F_d3;33900;ASH_COATED_OSMIUM;9920;12;9917;24;;;9926;6;9928;23;;;9923.0;0.0
yf_ZS=F_d3;33900;INTARIAN_PEPPER_ROOT;10406;13;10403;27;;;10412;13;10416;11;;;10409.0;0.0
yf_ZS=F_d3;34000;ASH_COATED_OSMIUM;9919;7;9917;24;;;9925;11;9929;29;;;9922.0;0.0
yf_ZS=F_d3;34000;INTARIAN_PEPPER_ROOT;10402;10;10400;27;;;10411;17;10415;18;;;10406.5;0.0
yf_ZS=F_d3;34100;ASH_COATED_OSMIUM;9919;15;9917;22;;;9925;10;9927;26;;;9922.0;0.0
yf_ZS=F_d3;34100;INTARIAN_PEPPER_ROOT;10402;20;10400;15;;;10408;15;10410;21;;;10405.0;0.0
yf_ZS=F_d3;34200;ASH_COATED_OSMIUM;9917;9;9914;18;;;9927;19;9930;8;;;9922.0;0.0
yf_ZS=F_d3;34200;INTARIAN_PEPPER_ROOT;10401;18;10398;17;;;10407;16;10410;12;;;10404.0;0.0
yf_ZS=F_d3;34300;ASH_COATED_OSMIUM;9919;17;9917;17;;;9925;20;9928;27;;;9922.0;0.0
yf_ZS=F_d3;34300;INTARIAN_PEPPER_ROOT;10399;14;10396;31;;;10405;9;10409;10;;;10402.0;0.0
yf_ZS=F_d3;34400;ASH_COATED_OSMIUM;9919;15;9916;8;;;9925;18;9929;16;;;9922.0;0.0
yf_ZS=F_d3;34400;INTARIAN_PEPPER_ROOT;10398;11;10395;13;;;10404;8;10408;19;;;10401.0;0.0
yf_ZS=F_d3;34500;ASH_COATED_OSMIUM;9919;8;9917;17;;;9925;21;9928;21;;;9922.0;0.0
yf_ZS=F_d3;34500;INTARIAN_PEPPER_ROOT;10393;6;10391;20;;;10408;9;10410;17;;;10400.5;0.0
yf_ZS=F_d3;34600;ASH_COATED_OSMIUM;9919;16;9915;13;;;9925;13;9928;17;;;9922.0;0.0
yf_ZS=F_d3;34600;INTARIAN_PEPPER_ROOT;10396;12;10394;32;;;10402;10;10406;19;;;10399.0;0.0
yf_ZS=F_d3;34700;ASH_COATED_OSMIUM;9918;26;9915;24;;;9924;21;9926;24;;;9921.0;0.0
yf_ZS=F_d3;34700;INTARIAN_PEPPER_ROOT;10392;14;10388;20;;;10401;16;10405;17;;;10396.5;0.0
yf_ZS=F_d3;34800;ASH_COATED_OSMIUM;9909;16;9907;13;;;9934;8;9937;18;;;9921.5;0.0
yf_ZS=F_d3;34800;INTARIAN_PEPPER_ROOT;10391;18;10387;24;;;10401;10;10405;12;;;10396.0;0.0
yf_ZS=F_d3;34900;ASH_COATED_OSMIUM;9918;16;9916;18;;;9924;24;9926;26;;;9921.0;0.0
yf_ZS=F_d3;34900;INTARIAN_PEPPER_ROOT;10392;5;10390;17;;;10398;9;10402;29;;;10395.0;0.0
yf_ZS=F_d3;35000;ASH_COATED_OSMIUM;9914;24;9911;32;;;9929;13;9932;23;;;9921.5;0.0
yf_ZS=F_d3;35000;INTARIAN_PEPPER_ROOT;10390;11;10387;35;;;10396;10;10398;27;;;10393.0;0.0
yf_ZS=F_d3;35100;ASH_COATED_OSMIUM;9918;23;9914;23;;;9924;20;9927;17;;;9921.0;0.0
yf_ZS=F_d3;35100;INTARIAN_PEPPER_ROOT;10385;9;10382;20;;;10398;11;10402;12;;;10391.5;0.0
yf_ZS=F_d3;35200;ASH_COATED_OSMIUM;9914;11;9912;19;;;9927;18;9930;15;;;9920.5;0.0
yf_ZS=F_d3;35200;INTARIAN_PEPPER_ROOT;10387;14;10384;16;;;10393;13;10396;23;;;10390.0;0.0
yf_ZS=F_d3;35300;ASH_COATED_OSMIUM;9917;12;9915;26;;;9926;13;9930;25;;;9921.5;0.0
yf_ZS=F_d3;35300;INTARIAN_PEPPER_ROOT;10386;18;10384;28;;;10392;10;10395;22;;;10389.0;0.0
yf_ZS=F_d3;35400;ASH_COATED_OSMIUM;9918;18;9914;26;;;9925;9;9929;20;;;9921.5;0.0
yf_ZS=F_d3;35400;INTARIAN_PEPPER_ROOT;10385;20;10382;12;;;10391;6;10393;16;;;10388.0;0.0
yf_ZS=F_d3;35500;ASH_COATED_OSMIUM;9912;18;9908;28;;;9930;26;9932;14;;;9921.0;0.0
yf_ZS=F_d3;35500;INTARIAN_PEPPER_ROOT;10375;12;10373;25;;;10397;12;10400;23;;;10386.0;0.0
yf_ZS=F_d3;35600;ASH_COATED_OSMIUM;9918;13;9916;20;;;9926;14;9928;17;;;9922.0;0.0
yf_ZS=F_d3;35600;INTARIAN_PEPPER_ROOT;10382;24;10378;21;;;10388;23;10391;20;;;10385.0;0.0
yf_ZS=F_d3;35700;ASH_COATED_OSMIUM;9918;11;9914;20;;;9924;17;9928;17;;;9921.0;0.0
yf_ZS=F_d3;35700;INTARIAN_PEPPER_ROOT;10380;10;10376;10;;;10386;8;10390;15;;;10383.0;0.0
yf_ZS=F_d3;35800;ASH_COATED_OSMIUM;9917;8;9915;15;;;9925;11;9927;35;;;9921.0;0.0
yf_ZS=F_d3;35800;INTARIAN_PEPPER_ROOT;10377;7;10374;13;;;10386;11;10389;24;;;10381.5;0.0
yf_ZS=F_d3;35900;ASH_COATED_OSMIUM;9918;12;9914;21;;;9924;18;9928;19;;;9921.0;0.0
yf_ZS=F_d3;35900;INTARIAN_PEPPER_ROOT;10377;11;10374;10;;;10383;11;10386;24;;;10380.0;0.0
yf_ZS=F_d3;36000;ASH_COATED_OSMIUM;9918;5;9914;26;;;9924;7;9926;18;;;9921.0;0.0
yf_ZS=F_d3;36000;INTARIAN_PEPPER_ROOT;10375;18;10372;19;;;10383;13;10386;19;;;10379.0;0.0
yf_ZS=F_d3;36100;ASH_COATED_OSMIUM;9917;22;9914;17;;;9923;12;9926;27;;;9920.0;0.0
yf_ZS=F_d3;36100;INTARIAN_PEPPER_ROOT;10372;14;10369;15;;;10383;15;10385;11;;;10377.5;0.0
yf_ZS=F_d3;36200;ASH_COATED_OSMIUM;9915;16;9911;9;;;9926;20;9930;15;;;9920.5;0.0
yf_ZS=F_d3;36200;INTARIAN_PEPPER_ROOT;10373;19;10370;17;;;10379;20;10381;24;;;10376.0;0.0
yf_ZS=F_d3;36300;ASH_COATED_OSMIUM;9918;14;9914;17;;;9924;13;9928;20;;;9921.0;0.0
yf_ZS=F_d3;36300;INTARIAN_PEPPER_ROOT;10372;5;10370;19;;;10378;14;10382;17;;;10375.0;0.0
yf_ZS=F_d3;36400;ASH_COATED_OSMIUM;9915;14;9912;17;;;9925;14;9929;23;;;9920.0;0.0
yf_ZS=F_d3;36400;INTARIAN_PEPPER_ROOT;10371;9;10369;21;;;10377;17;10380;19;;;10374.0;0.0
yf_ZS=F_d3;36500;ASH_COATED_OSMIUM;9916;21;9912;17;;;9925;16;9928;18;;;9920.5;0.0
yf_ZS=F_d3;36500;INTARIAN_PEPPER_ROOT;10368;6;10365;22;;;10377;17;10380;20;;;10372.5;0.0
yf_ZS=F_d3;36600;ASH_COATED_OSMIUM;9917;6;9914;18;;;9924;10;9926;28;;;9920.5;0.0
yf_ZS=F_d3;36600;INTARIAN_PEPPER_ROOT;10367;21;10364;16;;;10374;16;10376;22;;;10370.5;0.0
yf_ZS=F_d3;36700;ASH_COATED_OSMIUM;9907;22;9905;19;;;9934;5;9938;17;;;9920.5;0.0
yf_ZS=F_d3;36700;INTARIAN_PEPPER_ROOT;10366;21;10362;21;;;10372;15;10374;17;;;10369.0;0.0
yf_ZS=F_d3;36800;ASH_COATED_OSMIUM;9912;16;9908;24;;;9928;17;9930;20;;;9920.0;0.0
yf_ZS=F_d3;36800;INTARIAN_PEPPER_ROOT;10365;10;10363;8;;;10371;15;10375;14;;;10368.0;0.0
yf_ZS=F_d3;36900;ASH_COATED_OSMIUM;9917;16;9914;35;;;9924;14;9928;24;;;9920.5;0.0
yf_ZS=F_d3;36900;INTARIAN_PEPPER_ROOT;10356;20;10353;24;;;10376;14;10380;13;;;10366.0;0.0
yf_ZS=F_d3;37000;ASH_COATED_OSMIUM;9917;16;9914;20;;;9923;15;9927;23;;;9920.0;0.0
yf_ZS=F_d3;37000;INTARIAN_PEPPER_ROOT;10362;11;10360;19;;;10368;15;10370;31;;;10365.0;0.0
yf_ZS=F_d3;37100;ASH_COATED_OSMIUM;9917;8;9915;14;;;9923;16;9925;23;;;9920.0;0.0
yf_ZS=F_d3;37100;INTARIAN_PEPPER_ROOT;10360;9;10356;21;;;10366;17;10368;22;;;10363.0;0.0
yf_ZS=F_d3;37200;ASH_COATED_OSMIUM;9912;24;9909;18;;;9929;20;9933;20;;;9920.5;0.0
yf_ZS=F_d3;37200;INTARIAN_PEPPER_ROOT;10357;19;10354;11;;;10367;6;10371;17;;;10362.0;0.0
yf_ZS=F_d3;37300;ASH_COATED_OSMIUM;9917;15;9914;18;;;9923;21;9925;20;;;9920.0;0.0
yf_ZS=F_d3;37300;INTARIAN_PEPPER_ROOT;10358;15;10356;12;;;10364;8;10368;16;;;10361.0;0.0
yf_ZS=F_d3;37400;ASH_COATED_OSMIUM;9917;15;9913;11;;;9923;17;9925;20;;;9920.0;0.0
yf_ZS=F_d3;37400;INTARIAN_PEPPER_ROOT;10356;9;10352;20;;;10362;11;10365;25;;;10359.0;0.0
yf_ZS=F_d3;37500;ASH_COATED_OSMIUM;9915;12;9911;27;;;9924;7;9926;20;;;9919.5;0.0
yf_ZS=F_d3;37500;INTARIAN_PEPPER_ROOT;10351;17;10349;8;;;10365;8;10368;14;;;10358.0;0.0
yf_ZS=F_d3;37600;ASH_COATED_OSMIUM;9915;18;9913;23;;;9924;18;9926;25;;;9919.5;0.0
yf_ZS=F_d3;37600;INTARIAN_PEPPER_ROOT;10352;15;10350;19;;;10361;19;10364;17;;;10356.5;0.0
yf_ZS=F_d3;37700;ASH_COATED_OSMIUM;9916;16;9914;24;;;9922;12;9926;27;;;9919.0;0.0
yf_ZS=F_d3;37700;INTARIAN_PEPPER_ROOT;10350;14;10347;19;;;10361;13;10365;15;;;10355.5;0.0
yf_ZS=F_d3;37800;ASH_COATED_OSMIUM;9916;20;9914;25;;;9922;15;9924;16;;;9919.0;0.0
yf_ZS=F_d3;37800;INTARIAN_PEPPER_ROOT;10351;25;10348;17;;;10357;9;10359;9;;;10354.0;0.0
yf_ZS=F_d3;37900;ASH_COATED_OSMIUM;9917;8;9914;18;;;9923;26;9927;23;;;9920.0;0.0
yf_ZS=F_d3;37900;INTARIAN_PEPPER_ROOT;10348;7;10346;16;;;10357;13;10360;9;;;10352.5;0.0
yf_ZS=F_d3;38000;ASH_COATED_OSMIUM;9917;11;9913;13;;;9923;19;9925;23;;;9920.0;0.0
yf_ZS=F_d3;38000;INTARIAN_PEPPER_ROOT;10348;21;10344;19;;;10354;12;10358;15;;;10351.0;0.0
yf_ZS=F_d3;38100;ASH_COATED_OSMIUM;9916;8;9912;19;;;9922;19;9924;19;;;9919.0;0.0
yf_ZS=F_d3;38100;INTARIAN_PEPPER_ROOT;10347;19;10345;15;;;10353;12;10357;14;;;10350.0;0.0
yf_ZS=F_d3;38200;ASH_COATED_OSMIUM;9901;22;9898;13;;;9937;10;9940;22;;;9919.0;0.0
yf_ZS=F_d3;38200;INTARIAN_PEPPER_ROOT;10345;8;10343;18;;;10351;16;10353;22;;;10348.0;0.0
yf_ZS=F_d3;38300;ASH_COATED_OSMIUM;9913;24;9910;18;;;9926;23;9928;25;;;9919.5;0.0
yf_ZS=F_d3;38300;INTARIAN_PEPPER_ROOT;10344;20;10341;21;;;10350;18;10353;17;;;10347.0;0.0
yf_ZS=F_d3;38400;ASH_COATED_OSMIUM;9916;15;9912;21;;;9922;9;9925;21;;;9919.0;0.0
yf_ZS=F_d3;38400;INTARIAN_PEPPER_ROOT;10342;18;10338;14;;;10348;20;10352;21;;;10345.0;0.0
yf_ZS=F_d3;38500;ASH_COATED_OSMIUM;9915;21;9911;22;;;9921;12;9924;16;;;9918.0;0.0
yf_ZS=F_d3;38500;INTARIAN_PEPPER_ROOT;10333;16;10330;17;;;10355;5;10357;21;;;10344.0;0.0
yf_ZS=F_d3;38600;ASH_COATED_OSMIUM;9916;14;9912;31;;;9922;19;9924;25;;;9919.0;0.0
yf_ZS=F_d3;38600;INTARIAN_PEPPER_ROOT;10337;11;10334;27;;;10347;17;10350;21;;;10342.0;0.0
yf_ZS=F_d3;38700;ASH_COATED_OSMIUM;9916;25;9912;10;;;9922;24;9924;18;;;9919.0;0.0
yf_ZS=F_d3;38700;INTARIAN_PEPPER_ROOT;10337;9;10334;15;;;10345;14;10347;28;;;10341.0;0.0
yf_ZS=F_d3;38800;ASH_COATED_OSMIUM;9916;10;9912;22;;;9922;15;9925;22;;;9919.0;0.0
yf_ZS=F_d3;38800;INTARIAN_PEPPER_ROOT;10333;7;10330;32;;;10346;10;10349;18;;;10339.5;0.0
yf_ZS=F_d3;38900;ASH_COATED_OSMIUM;9916;13;9912;28;;;9922;7;9924;18;;;9919.0;0.0
yf_ZS=F_d3;38900;INTARIAN_PEPPER_ROOT;10335;15;10333;29;;;10341;16;10343;15;;;10338.0;0.0
yf_ZS=F_d3;39000;ASH_COATED_OSMIUM;9916;12;9912;12;;;9922;5;9924;19;;;9919.0;0.0
yf_ZS=F_d3;39000;INTARIAN_PEPPER_ROOT;10334;19;10330;26;;;10340;11;10344;16;;;10337.0;0.0
yf_ZS=F_d3;39100;ASH_COATED_OSMIUM;9915;21;9913;19;;;9921;19;9925;13;;;9918.0;0.0
yf_ZS=F_d3;39100;INTARIAN_PEPPER_ROOT;10333;13;10330;18;;;10339;19;10341;16;;;10336.0;0.0
yf_ZS=F_d3;39200;ASH_COATED_OSMIUM;9911;13;9909;25;;;9926;9;9928;24;;;9918.5;0.0
yf_ZS=F_d3;39200;INTARIAN_PEPPER_ROOT;10330;23;10327;18;;;10339;14;10342;22;;;10334.5;0.0
yf_ZS=F_d3;39300;ASH_COATED_OSMIUM;9916;10;9913;21;;;9922;10;9926;8;;;9919.0;0.0
yf_ZS=F_d3;39300;INTARIAN_PEPPER_ROOT;10330;19;10327;19;;;10336;21;10340;21;;;10333.0;0.0
yf_ZS=F_d3;39400;ASH_COATED_OSMIUM;9915;17;9911;25;;;9921;9;9925;20;;;9918.0;0.0
yf_ZS=F_d3;39400;INTARIAN_PEPPER_ROOT;10327;6;10323;12;;;10336;19;10338;15;;;10331.5;0.0
yf_ZS=F_d3;39500;ASH_COATED_OSMIUM;9915;5;9912;15;;;9921;15;9925;23;;;9918.0;0.0
yf_ZS=F_d3;39500;INTARIAN_PEPPER_ROOT;10327;14;10325;31;;;10333;11;10335;13;;;10330.0;0.0
yf_ZS=F_d3;39600;ASH_COATED_OSMIUM;9908;8;9906;25;;;9929;14;9931;16;;;9918.5;0.0
yf_ZS=F_d3;39600;INTARIAN_PEPPER_ROOT;10326;13;10322;23;;;10332;15;10335;26;;;10329.0;0.0
yf_ZS=F_d3;39700;ASH_COATED_OSMIUM;9915;14;9912;22;;;9921;22;9924;20;;;9918.0;0.0
yf_ZS=F_d3;39700;INTARIAN_PEPPER_ROOT;10323;10;10319;24;;;10331;15;10334;20;;;10327.0;0.0
yf_ZS=F_d3;39800;ASH_COATED_OSMIUM;9916;13;9913;27;;;9922;22;9925;20;;;9919.0;0.0
yf_ZS=F_d3;39800;INTARIAN_PEPPER_ROOT;10310;15;10308;18;;;10340;22;10344;20;;;10325.0;0.0
yf_ZS=F_d3;39900;ASH_COATED_OSMIUM;9915;12;9911;20;;;9921;17;9924;20;;;9918.0;0.0
yf_ZS=F_d3;39900;INTARIAN_PEPPER_ROOT;10321;19;10319;14;;;10327;6;10329;13;;;10324.0;0.0
yf_ZS=F_d3;40000;ASH_COATED_OSMIUM;9915;14;9913;22;;;9921;13;9925;25;;;9918.0;0.0
yf_ZS=F_d3;40000;INTARIAN_PEPPER_ROOT;10315;11;10313;25;;;10331;13;10334;17;;;10323.0;0.0
yf_ZS=F_d3;40100;ASH_COATED_OSMIUM;9915;8;9911;16;;;9921;11;9923;19;;;9918.0;0.0
yf_ZS=F_d3;40100;INTARIAN_PEPPER_ROOT;10313;15;10311;22;;;10331;20;10335;24;;;10322.0;0.0
yf_ZS=F_d3;40200;ASH_COATED_OSMIUM;9912;13;9910;15;;;9924;15;9927;21;;;9918.0;0.0
yf_ZS=F_d3;40200;INTARIAN_PEPPER_ROOT;10317;21;10314;21;;;10323;18;10327;17;;;10320.0;0.0
yf_ZS=F_d3;40300;ASH_COATED_OSMIUM;9915;14;9912;25;;;9921;11;9924;12;;;9918.0;0.0
yf_ZS=F_d3;40300;INTARIAN_PEPPER_ROOT;10316;17;10314;19;;;10322;16;10326;16;;;10319.0;0.0
yf_ZS=F_d3;40400;ASH_COATED_OSMIUM;9915;16;9913;26;;;9922;9;9924;16;;;9918.5;0.0
yf_ZS=F_d3;40400;INTARIAN_PEPPER_ROOT;10314;17;10312;15;;;10320;10;10324;21;;;10317.0;0.0
yf_ZS=F_d3;40500;ASH_COATED_OSMIUM;9913;15;9910;24;;;9921;15;9923;19;;;9917.0;0.0
yf_ZS=F_d3;40500;INTARIAN_PEPPER_ROOT;10310;13;10307;29;;;10322;6;10325;22;;;10316.0;0.0
yf_ZS=F_d3;40600;ASH_COATED_OSMIUM;9914;18;9912;24;;;9920;12;9922;13;;;9917.0;0.0
yf_ZS=F_d3;40600;INTARIAN_PEPPER_ROOT;10303;20;10300;22;;;10324;12;10326;21;;;10313.5;0.0
yf_ZS=F_d3;40700;ASH_COATED_OSMIUM;9914;10;9911;29;;;9920;11;9924;21;;;9917.0;0.0
yf_ZS=F_d3;40700;INTARIAN_PEPPER_ROOT;10310;14;10306;10;;;10316;19;10319;17;;;10313.0;0.0
yf_ZS=F_d3;40800;ASH_COATED_OSMIUM;9913;17;9910;28;;;9921;15;9925;18;;;9917.0;0.0
yf_ZS=F_d3;40800;INTARIAN_PEPPER_ROOT;10305;15;10303;24;;;10317;23;10319;23;;;10311.0;0.0
yf_ZS=F_d3;40900;ASH_COATED_OSMIUM;9910;13;9907;18;;;9923;23;9926;20;;;9916.5;0.0
yf_ZS=F_d3;40900;INTARIAN_PEPPER_ROOT;10307;17;10303;21;;;10313;10;10316;17;;;10310.0;0.0
yf_ZS=F_d3;41000;ASH_COATED_OSMIUM;9914;11;9912;17;;;9920;17;9923;13;;;9917.0;0.0
yf_ZS=F_d3;41000;INTARIAN_PEPPER_ROOT;10306;22;10303;25;;;10312;19;10316;23;;;10309.0;0.0
yf_ZS=F_d3;41100;ASH_COATED_OSMIUM;9914;8;9912;21;;;9921;14;9923;21;;;9917.5;0.0
yf_ZS=F_d3;41100;INTARIAN_PEPPER_ROOT;10301;25;10298;18;;;10314;6;10317;25;;;10307.5;0.0
yf_ZS=F_d3;41200;ASH_COATED_OSMIUM;9914;23;9912;11;;;9920;11;9922;20;;;9917.0;0.0
yf_ZS=F_d3;41200;INTARIAN_PEPPER_ROOT;10303;13;10299;31;;;10309;15;10311;8;;;10306.0;0.0
yf_ZS=F_d3;41300;ASH_COATED_OSMIUM;9914;21;9911;25;;;9920;23;9923;15;;;9917.0;0.0
yf_ZS=F_d3;41300;INTARIAN_PEPPER_ROOT;10302;10;10300;22;;;10308;17;10311;22;;;10305.0;0.0
yf_ZS=F_d3;41400;ASH_COATED_OSMIUM;9914;15;9910;18;;;9920;12;9923;11;;;9917.0;0.0
yf_ZS=F_d3;41400;INTARIAN_PEPPER_ROOT;10300;21;10298;19;;;10306;10;10308;22;;;10303.0;0.0
yf_ZS=F_d3;41500;ASH_COATED_OSMIUM;9901;10;9897;20;;;9933;11;9935;13;;;9917.0;0.0
yf_ZS=F_d3;41500;INTARIAN_PEPPER_ROOT;10297;20;10295;18;;;10306;10;10309;15;;;10301.5;0.0
yf_ZS=F_d3;41600;ASH_COATED_OSMIUM;9905;21;9902;22;;;9929;8;9933;24;;;9917.0;0.0
yf_ZS=F_d3;41600;INTARIAN_PEPPER_ROOT;10297;16;10295;25;;;10303;15;10305;13;;;10300.0;0.0
yf_ZS=F_d3;41700;ASH_COATED_OSMIUM;9911;22;9908;11;;;9923;12;9927;16;;;9917.0;0.0
yf_ZS=F_d3;41700;INTARIAN_PEPPER_ROOT;10296;14;10293;22;;;10302;19;10305;17;;;10299.0;0.0
yf_ZS=F_d3;41800;ASH_COATED_OSMIUM;9913;6;9910;18;;;9919;19;9923;23;;;9916.0;0.0
yf_ZS=F_d3;41800;INTARIAN_PEPPER_ROOT;10294;17;10290;18;;;10301;23;10305;17;;;10297.5;0.0
yf_ZS=F_d3;41900;ASH_COATED_OSMIUM;9909;17;9907;20;;;9924;13;9928;27;;;9916.5;0.0
yf_ZS=F_d3;41900;INTARIAN_PEPPER_ROOT;10293;20;10290;24;;;10299;17;10301;23;;;10296.0;0.0
yf_ZS=F_d3;42000;ASH_COATED_OSMIUM;9913;15;9911;18;;;9919;5;9921;22;;;9916.0;0.0
yf_ZS=F_d3;42000;INTARIAN_PEPPER_ROOT;10292;16;10289;27;;;10298;19;10300;20;;;10295.0;0.0
yf_ZS=F_d3;42100;ASH_COATED_OSMIUM;9914;16;9912;23;;;9920;21;9922;15;;;9917.0;0.0
yf_ZS=F_d3;42100;INTARIAN_PEPPER_ROOT;10279;11;10276;22;;;10308;16;10311;16;;;10293.5;0.0
yf_ZS=F_d3;42200;ASH_COATED_OSMIUM;9913;15;9909;23;;;9919;14;9923;18;;;9916.0;0.0
yf_ZS=F_d3;42200;INTARIAN_PEPPER_ROOT;10288;17;10286;29;;;10295;12;10298;25;;;10291.5;0.0
yf_ZS=F_d3;42300;ASH_COATED_OSMIUM;9914;24;9911;20;;;9920;22;9924;24;;;9917.0;0.0
yf_ZS=F_d3;42300;INTARIAN_PEPPER_ROOT;10287;24;10284;16;;;10293;20;10295;28;;;10290.0;0.0
yf_ZS=F_d3;42400;ASH_COATED_OSMIUM;9913;10;9910;16;;;9919;21;9922;20;;;9916.0;0.0
yf_ZS=F_d3;42400;INTARIAN_PEPPER_ROOT;10281;21;10278;18;;;10297;10;10299;15;;;10289.0;0.0
yf_ZS=F_d3;42500;ASH_COATED_OSMIUM;9913;19;9909;13;;;9919;13;9922;23;;;9916.0;0.0
yf_ZS=F_d3;42500;INTARIAN_PEPPER_ROOT;10284;15;10281;28;;;10292;16;10296;26;;;10288.0;0.0
yf_ZS=F_d3;42600;ASH_COATED_OSMIUM;9913;21;9909;23;;;9919;11;9923;26;;;9916.0;0.0
yf_ZS=F_d3;42600;INTARIAN_PEPPER_ROOT;10272;20;10269;15;;;10301;17;10303;28;;;10286.5;0.0
yf_ZS=F_d3;42700;ASH_COATED_OSMIUM;9910;13;9908;25;;;9922;11;9925;20;;;9916.0;0.0
yf_ZS=F_d3;42700;INTARIAN_PEPPER_ROOT;10282;24;10280;13;;;10288;16;10292;27;;;10285.0;0.0
yf_ZS=F_d3;42800;ASH_COATED_OSMIUM;9908;21;9905;22;;;9924;9;9928;20;;;9916.0;0.0
yf_ZS=F_d3;42800;INTARIAN_PEPPER_ROOT;10281;7;10277;19;;;10287;16;10289;22;;;10284.0;0.0
yf_ZS=F_d3;42900;ASH_COATED_OSMIUM;9913;10;9911;13;;;9919;12;9923;14;;;9916.0;0.0
yf_ZS=F_d3;42900;INTARIAN_PEPPER_ROOT;10279;19;10276;16;;;10285;21;10289;20;;;10282.0;0.0
yf_ZS=F_d3;43000;ASH_COATED_OSMIUM;9912;16;9909;21;;;9920;21;9924;18;;;9916.0;0.0
yf_ZS=F_d3;43000;INTARIAN_PEPPER_ROOT;10278;12;10275;19;;;10284;22;10287;24;;;10281.0;0.0
yf_ZS=F_d3;43100;ASH_COATED_OSMIUM;9912;24;9910;19;;;9920;10;9923;25;;;9916.0;0.0
yf_ZS=F_d3;43100;INTARIAN_PEPPER_ROOT;10275;11;10273;19;;;10284;16;10287;21;;;10279.5;0.0
yf_ZS=F_d3;43200;ASH_COATED_OSMIUM;9912;10;9908;35;;;9918;15;9920;26;;;9915.0;0.0
yf_ZS=F_d3;43200;INTARIAN_PEPPER_ROOT;10275;5;10273;9;;;10281;18;10285;16;;;10278.0;0.0
yf_ZS=F_d3;43300;ASH_COATED_OSMIUM;9913;12;9911;11;;;9919;17;9922;20;;;9916.0;0.0
yf_ZS=F_d3;43300;INTARIAN_PEPPER_ROOT;10274;14;10272;20;;;10280;15;10283;14;;;10277.0;0.0
yf_ZS=F_d3;43400;ASH_COATED_OSMIUM;9911;10;9908;20;;;9921;5;9925;21;;;9916.0;0.0
yf_ZS=F_d3;43400;INTARIAN_PEPPER_ROOT;10269;17;10267;16;;;10282;15;10284;17;;;10275.5;0.0
yf_ZS=F_d3;43500;ASH_COATED_OSMIUM;9913;14;9911;18;;;9919;15;9923;33;;;9916.0;0.0
yf_ZS=F_d3;43500;INTARIAN_PEPPER_ROOT;10270;13;10268;21;;;10277;14;10280;20;;;10273.5;0.0
yf_ZS=F_d3;43600;ASH_COATED_OSMIUM;9911;13;9909;10;;;9920;11;9923;15;;;9915.5;0.0
yf_ZS=F_d3;43600;INTARIAN_PEPPER_ROOT;10267;15;10264;13;;;10277;12;10280;14;;;10272.0;0.0
yf_ZS=F_d3;43700;ASH_COATED_OSMIUM;9912;13;9908;20;;;9918;18;9920;22;;;9915.0;0.0
yf_ZS=F_d3;43700;INTARIAN_PEPPER_ROOT;10268;16;10264;21;;;10274;15;10277;21;;;10271.0;0.0
yf_ZS=F_d3;43800;ASH_COATED_OSMIUM;9911;20;9907;24;;;9919;14;9921;19;;;9915.0;0.0
yf_ZS=F_d3;43800;INTARIAN_PEPPER_ROOT;10263;14;10259;17;;;10276;23;10280;20;;;10269.5;0.0
yf_ZS=F_d3;43900;ASH_COATED_OSMIUM;9913;15;9911;20;;;9919;14;9922;9;;;9916.0;0.0
yf_ZS=F_d3;43900;INTARIAN_PEPPER_ROOT;10264;5;10261;24;;;10273;12;10277;18;;;10268.5;0.0
yf_ZS=F_d3;44000;ASH_COATED_OSMIUM;9912;16;9909;21;;;9918;14;9922;15;;;9915.0;0.0
yf_ZS=F_d3;44000;INTARIAN_PEPPER_ROOT;10264;18;10262;20;;;10270;11;10274;22;;;10267.0;0.0
yf_ZS=F_d3;44100;ASH_COATED_OSMIUM;9912;7;9909;15;;;9918;11;9921;24;;;9915.0;0.0
yf_ZS=F_d3;44100;INTARIAN_PEPPER_ROOT;10262;19;10259;19;;;10268;11;10270;28;;;10265.0;0.0
yf_ZS=F_d3;44200;ASH_COATED_OSMIUM;9908;18;9905;13;;;9921;13;9923;29;;;9914.5;0.0
yf_ZS=F_d3;44200;INTARIAN_PEPPER_ROOT;10261;17;10259;27;;;10267;11;10271;16;;;10264.0;0.0
yf_ZS=F_d3;44300;ASH_COATED_OSMIUM;9911;16;9909;24;;;9917;15;9921;19;;;9914.0;0.0
yf_ZS=F_d3;44300;INTARIAN_PEPPER_ROOT;10260;16;10257;21;;;10266;12;10269;19;;;10263.0;0.0
yf_ZS=F_d3;44400;ASH_COATED_OSMIUM;9904;20;9900;26;;;9925;9;9927;20;;;9914.5;0.0
yf_ZS=F_d3;44400;INTARIAN_PEPPER_ROOT;10258;10;10255;16;;;10264;12;10268;22;;;10261.0;0.0
yf_ZS=F_d3;44500;ASH_COATED_OSMIUM;9911;11;9909;17;;;9919;15;9921;13;;;9915.0;0.0
yf_ZS=F_d3;44500;INTARIAN_PEPPER_ROOT;10253;17;10250;17;;;10267;30;10270;26;;;10260.0;0.0
yf_ZS=F_d3;44600;ASH_COATED_OSMIUM;9912;19;9910;18;;;9918;13;9921;22;;;9915.0;0.0
yf_ZS=F_d3;44600;INTARIAN_PEPPER_ROOT;10256;21;10253;21;;;10262;19;10265;15;;;10259.0;0.0
yf_ZS=F_d3;44700;ASH_COATED_OSMIUM;9911;16;9909;21;;;9917;23;9921;13;;;9914.0;0.0
yf_ZS=F_d3;44700;INTARIAN_PEPPER_ROOT;10254;12;10250;27;;;10260;16;10263;12;;;10257.0;0.0
yf_ZS=F_d3;44800;ASH_COATED_OSMIUM;9911;11;9908;20;;;9917;18;9919;13;;;9914.0;0.0
yf_ZS=F_d3;44800;INTARIAN_PEPPER_ROOT;10252;5;10249;16;;;10259;12;10262;21;;;10255.5;0.0
yf_ZS=F_d3;44900;ASH_COATED_OSMIUM;9911;8;9907;20;;;9917;8;9919;11;;;9914.0;0.0
yf_ZS=F_d3;44900;INTARIAN_PEPPER_ROOT;10251;16;10249;16;;;10257;13;10260;16;;;10254.0;0.0
yf_ZS=F_d3;45000;ASH_COATED_OSMIUM;9905;12;9901;14;;;9923;15;9925;17;;;9914.0;0.0
yf_ZS=F_d3;45000;INTARIAN_PEPPER_ROOT;10250;22;10247;23;;;10256;13;10259;19;;;10253.0;0.0
yf_ZS=F_d3;45100;ASH_COATED_OSMIUM;9911;11;9907;25;;;9917;9;9921;26;;;9914.0;0.0
yf_ZS=F_d3;45100;INTARIAN_PEPPER_ROOT;10244;16;10240;20;;;10258;16;10260;22;;;10251.0;0.0
yf_ZS=F_d3;45200;ASH_COATED_OSMIUM;9911;16;9907;25;;;9918;29;9922;18;;;9914.5;0.0
yf_ZS=F_d3;45200;INTARIAN_PEPPER_ROOT;10247;17;10245;26;;;10253;18;10257;19;;;10250.0;0.0
yf_ZS=F_d3;45300;ASH_COATED_OSMIUM;9911;18;9907;24;;;9918;7;9921;9;;;9914.5;0.0
yf_ZS=F_d3;45300;INTARIAN_PEPPER_ROOT;10246;9;10242;18;;;10252;21;10254;23;;;10249.0;0.0
yf_ZS=F_d3;45400;ASH_COATED_OSMIUM;9904;17;9900;26;;;9924;19;9927;18;;;9914.0;0.0
yf_ZS=F_d3;45400;INTARIAN_PEPPER_ROOT;10239;10;10235;14;;;10256;11;10260;22;;;10247.5;0.0
yf_ZS=F_d3;45500;ASH_COATED_OSMIUM;9911;16;9909;17;;;9917;12;9919;30;;;9914.0;0.0
yf_ZS=F_d3;45500;INTARIAN_PEPPER_ROOT;10239;22;10235;20;;;10253;5;10256;21;;;10246.0;0.0
yf_ZS=F_d3;45600;ASH_COATED_OSMIUM;9911;16;9907;8;;;9917;18;9921;24;;;9914.0;0.0
yf_ZS=F_d3;45600;INTARIAN_PEPPER_ROOT;10242;14;10239;16;;;10248;13;10250;19;;;10245.0;0.0
yf_ZS=F_d3;45700;ASH_COATED_OSMIUM;9911;12;9907;23;;;9917;11;9919;17;;;9914.0;0.0
yf_ZS=F_d3;45700;INTARIAN_PEPPER_ROOT;10240;8;10236;20;;;10246;15;10250;21;;;10243.0;0.0
yf_ZS=F_d3;45800;ASH_COATED_OSMIUM;9911;7;9909;24;;;9917;11;9920;28;;;9914.0;0.0
yf_ZS=F_d3;45800;INTARIAN_PEPPER_ROOT;10236;16;10234;26;;;10248;13;10250;25;;;10242.0;0.0
yf_ZS=F_d3;45900;ASH_COATED_OSMIUM;9904;16;9901;22;;;9923;15;9927;16;;;9913.5;0.0
yf_ZS=F_d3;45900;INTARIAN_PEPPER_ROOT;10228;10;10224;21;;;10253;16;10255;15;;;10240.5;0.0
yf_ZS=F_d3;46000;ASH_COATED_OSMIUM;9910;14;9908;22;;;9916;14;9920;15;;;9913.0;0.0
yf_ZS=F_d3;46000;INTARIAN_PEPPER_ROOT;10236;14;10233;20;;;10242;7;10246;23;;;10239.0;0.0
yf_ZS=F_d3;46100;ASH_COATED_OSMIUM;9910;14;9907;23;;;9918;17;9922;17;;;9914.0;0.0
yf_ZS=F_d3;46100;INTARIAN_PEPPER_ROOT;10226;16;10223;26;;;10250;18;10254;21;;;10238.0;0.0
yf_ZS=F_d3;46200;ASH_COATED_OSMIUM;9911;20;9908;17;;;9917;13;9919;25;;;9914.0;0.0
yf_ZS=F_d3;46200;INTARIAN_PEPPER_ROOT;10233;14;10229;22;;;10239;20;10241;15;;;10236.0;0.0
yf_ZS=F_d3;46300;ASH_COATED_OSMIUM;9910;7;9906;20;;;9917;16;9919;26;;;9913.5;0.0
yf_ZS=F_d3;46300;INTARIAN_PEPPER_ROOT;10232;27;10230;19;;;10238;12;10241;22;;;10235.0;0.0
yf_ZS=F_d3;46400;ASH_COATED_OSMIUM;9909;6;9906;19;;;9919;12;9922;21;;;9914.0;0.0
yf_ZS=F_d3;46400;INTARIAN_PEPPER_ROOT;10227;8;10224;25;;;10239;23;10242;22;;;10233.0;0.0
yf_ZS=F_d3;46500;ASH_COATED_OSMIUM;9908;23;9904;16;;;9918;16;9922;18;;;9913.0;0.0
yf_ZS=F_d3;46500;INTARIAN_PEPPER_ROOT;10226;18;10222;18;;;10237;18;10241;26;;;10231.5;0.0
yf_ZS=F_d3;46600;ASH_COATED_OSMIUM;9911;21;9909;14;;;9917;24;9921;27;;;9914.0;0.0
yf_ZS=F_d3;46600;INTARIAN_PEPPER_ROOT;10228;15;10225;21;;;10234;17;10237;15;;;10231.0;0.0
yf_ZS=F_d3;46700;ASH_COATED_OSMIUM;9901;9;9899;19;;;9926;26;9928;10;;;9913.5;0.0
yf_ZS=F_d3;46700;INTARIAN_PEPPER_ROOT;10218;17;10214;20;;;10240;20;10244;17;;;10229.0;0.0
yf_ZS=F_d3;46800;ASH_COATED_OSMIUM;9907;17;9903;12;;;9919;14;9921;18;;;9913.0;0.0
yf_ZS=F_d3;46800;INTARIAN_PEPPER_ROOT;10225;11;10222;12;;;10231;12;10235;14;;;10228.0;0.0
yf_ZS=F_d3;46900;ASH_COATED_OSMIUM;9907;7;9905;25;;;9919;14;9922;18;;;9913.0;0.0
yf_ZS=F_d3;46900;INTARIAN_PEPPER_ROOT;10223;12;10220;16;;;10229;6;10233;15;;;10226.0;0.0
yf_ZS=F_d3;47000;ASH_COATED_OSMIUM;9909;15;9906;14;;;9918;15;9922;18;;;9913.5;0.0
yf_ZS=F_d3;47000;INTARIAN_PEPPER_ROOT;10221;21;10217;24;;;10227;16;10230;15;;;10224.0;0.0
yf_ZS=F_d3;47100;ASH_COATED_OSMIUM;9909;14;9906;27;;;9916;21;9920;16;;;9912.5;0.0
yf_ZS=F_d3;47100;INTARIAN_PEPPER_ROOT;10221;18;10219;17;;;10227;18;10230;18;;;10224.0;0.0
yf_ZS=F_d3;47200;ASH_COATED_OSMIUM;9910;18;9907;26;;;9916;15;9919;15;;;9913.0;0.0
yf_ZS=F_d3;47200;INTARIAN_PEPPER_ROOT;10219;12;10217;19;;;10225;14;10229;18;;;10222.0;0.0
yf_ZS=F_d3;47300;ASH_COATED_OSMIUM;9910;10;9906;17;;;9916;14;9918;16;;;9913.0;0.0
yf_ZS=F_d3;47300;INTARIAN_PEPPER_ROOT;10217;7;10214;23;;;10225;17;10228;26;;;10221.0;0.0
yf_ZS=F_d3;47400;ASH_COATED_OSMIUM;9910;7;9906;16;;;9916;12;9919;23;;;9913.0;0.0
yf_ZS=F_d3;47400;INTARIAN_PEPPER_ROOT;10216;19;10212;12;;;10222;12;10224;23;;;10219.0;0.0
yf_ZS=F_d3;47500;ASH_COATED_OSMIUM;9910;21;9907;16;;;9916;18;9920;25;;;9913.0;0.0
yf_ZS=F_d3;47500;INTARIAN_PEPPER_ROOT;10215;19;10212;12;;;10221;21;10225;20;;;10218.0;0.0
yf_ZS=F_d3;47600;ASH_COATED_OSMIUM;9905;14;9902;16;;;9920;22;9924;23;;;9912.5;0.0
yf_ZS=F_d3;47600;INTARIAN_PEPPER_ROOT;10213;5;10211;24;;;10219;16;10223;21;;;10216.0;0.0
yf_ZS=F_d3;47700;ASH_COATED_OSMIUM;9910;11;9907;17;;;9916;6;9920;23;;;9913.0;0.0
yf_ZS=F_d3;47700;INTARIAN_PEPPER_ROOT;10212;17;10210;14;;;10218;17;10221;21;;;10215.0;0.0
yf_ZS=F_d3;47800;ASH_COATED_OSMIUM;9909;20;9907;28;;;9915;12;9918;8;;;9912.0;0.0
yf_ZS=F_d3;47800;INTARIAN_PEPPER_ROOT;10211;16;10209;19;;;10217;18;10219;15;;;10214.0;0.0
yf_ZS=F_d3;47900;ASH_COATED_OSMIUM;9910;17;9908;21;;;9916;13;9918;18;;;9913.0;0.0
yf_ZS=F_d3;47900;INTARIAN_PEPPER_ROOT;10209;11;10206;28;;;10215;8;10219;20;;;10212.0;0.0
yf_ZS=F_d3;48000;ASH_COATED_OSMIUM;9909;11;9907;18;;;9915;19;9917;12;;;9912.0;0.0
yf_ZS=F_d3;48000;INTARIAN_PEPPER_ROOT;10207;19;10205;16;;;10215;15;10218;22;;;10211.0;0.0
yf_ZS=F_d3;48100;ASH_COATED_OSMIUM;9909;8;9906;16;;;9915;9;9918;21;;;9912.0;0.0
yf_ZS=F_d3;48100;INTARIAN_PEPPER_ROOT;10206;12;10204;13;;;10212;21;10214;19;;;10209.0;0.0
yf_ZS=F_d3;48200;ASH_COATED_OSMIUM;9909;11;9905;26;;;9915;15;9919;19;;;9912.0;0.0
yf_ZS=F_d3;48200;INTARIAN_PEPPER_ROOT;10205;13;10201;9;;;10211;23;10213;16;;;10208.0;0.0
yf_ZS=F_d3;48300;ASH_COATED_OSMIUM;9905;10;9901;13;;;9919;11;9922;13;;;9912.0;0.0
yf_ZS=F_d3;48300;INTARIAN_PEPPER_ROOT;10203;18;10199;26;;;10209;14;10211;15;;;10206.0;0.0
yf_ZS=F_d3;48400;ASH_COATED_OSMIUM;9905;12;9902;25;;;9919;15;9921;12;;;9912.0;0.0
yf_ZS=F_d3;48400;INTARIAN_PEPPER_ROOT;10202;16;10199;9;;;10208;13;10211;22;;;10205.0;0.0
yf_ZS=F_d3;48500;ASH_COATED_OSMIUM;9909;15;9905;26;;;9915;14;9919;19;;;9912.0;0.0
yf_ZS=F_d3;48500;INTARIAN_PEPPER_ROOT;10201;17;10199;15;;;10207;17;10211;24;;;10204.0;0.0
yf_ZS=F_d3;48600;ASH_COATED_OSMIUM;9909;9;9905;24;;;9915;14;9918;26;;;9912.0;0.0
yf_ZS=F_d3;48600;INTARIAN_PEPPER_ROOT;10197;14;10193;14;;;10208;11;10210;28;;;10202.5;0.0
yf_ZS=F_d3;48700;ASH_COATED_OSMIUM;9909;13;9907;22;;;9915;8;9919;18;;;9912.0;0.0
yf_ZS=F_d3;48700;INTARIAN_PEPPER_ROOT;10190;9;10187;18;;;10212;10;10216;29;;;10201.0;0.0
yf_ZS=F_d3;48800;ASH_COATED_OSMIUM;9904;16;9902;20;;;9919;22;9921;21;;;9911.5;0.0
yf_ZS=F_d3;48800;INTARIAN_PEPPER_ROOT;10192;7;10190;22;;;10209;14;10213;17;;;10200.5;0.0
yf_ZS=F_d3;48900;ASH_COATED_OSMIUM;9908;5;9904;11;;;9916;19;9920;17;;;9912.0;0.0
yf_ZS=F_d3;48900;INTARIAN_PEPPER_ROOT;10194;12;10191;19;;;10202;8;10206;27;;;10198.0;0.0
yf_ZS=F_d3;49000;ASH_COATED_OSMIUM;9907;26;9903;14;;;9916;5;9920;11;;;9911.5;0.0
yf_ZS=F_d3;49000;INTARIAN_PEPPER_ROOT;10194;14;10192;14;;;10200;17;10202;15;;;10197.0;0.0
yf_ZS=F_d3;49100;ASH_COATED_OSMIUM;9903;13;9900;17;;;9920;13;9923;20;;;9911.5;0.0
yf_ZS=F_d3;49100;INTARIAN_PEPPER_ROOT;10192;18;10189;18;;;10200;18;10202;15;;;10196.0;0.0
yf_ZS=F_d3;49200;ASH_COATED_OSMIUM;9908;25;9906;21;;;9914;14;9916;12;;;9911.0;0.0
yf_ZS=F_d3;49200;INTARIAN_PEPPER_ROOT;10190;19;10186;21;;;10197;15;10201;20;;;10193.5;0.0
yf_ZS=F_d3;49300;ASH_COATED_OSMIUM;9909;12;9907;18;;;9915;17;9919;24;;;9912.0;0.0
yf_ZS=F_d3;49300;INTARIAN_PEPPER_ROOT;10189;12;10185;24;;;10195;16;10197;16;;;10192.0;0.0
yf_ZS=F_d3;49400;ASH_COATED_OSMIUM;9908;10;9904;20;;;9914;14;9916;22;;;9911.0;0.0
yf_ZS=F_d3;49400;INTARIAN_PEPPER_ROOT;10188;8;10184;17;;;10194;8;10198;19;;;10191.0;0.0
yf_ZS=F_d3;49500;ASH_COATED_OSMIUM;9906;15;9902;19;;;9917;12;9920;16;;;9911.5;0.0
yf_ZS=F_d3;49500;INTARIAN_PEPPER_ROOT;10187;16;10184;18;;;10193;13;10196;17;;;10190.0;0.0
yf_ZS=F_d3;49600;ASH_COATED_OSMIUM;9903;16;9899;19;;;9919;18;9922;22;;;9911.0;0.0
yf_ZS=F_d3;49600;INTARIAN_PEPPER_ROOT;10185;10;10182;17;;;10191;16;10194;19;;;10188.0;0.0
yf_ZS=F_d3;49700;ASH_COATED_OSMIUM;9908;5;9904;19;;;9914;20;9918;10;;;9911.0;0.0
yf_ZS=F_d3;49700;INTARIAN_PEPPER_ROOT;10184;16;10180;15;;;10190;16;10192;18;;;10187.0;0.0
yf_ZS=F_d3;49800;ASH_COATED_OSMIUM;9907;19;9904;19;;;9913;17;9915;23;;;9910.0;0.0
yf_ZS=F_d3;49800;INTARIAN_PEPPER_ROOT;10171;18;10168;15;;;10201;18;10204;21;;;10186.0;0.0
yf_ZS=F_d3;49900;ASH_COATED_OSMIUM;9907;16;9905;26;;;9915;22;9917;20;;;9911.0;0.0
yf_ZS=F_d3;49900;INTARIAN_PEPPER_ROOT;10180;24;10176;16;;;10189;16;10192;20;;;10184.5;0.0
yf_ZS=F_d3;50000;ASH_COATED_OSMIUM;9904;16;9902;22;;;9919;16;9921;16;;;9911.5;0.0
yf_ZS=F_d3;50000;INTARIAN_PEPPER_ROOT;10178;13;10174;14;;;10187;16;10189;23;;;10182.5;0.0
yf_ZS=F_d3;50100;ASH_COATED_OSMIUM;9905;10;9903;20;;;9916;17;9919;22;;;9910.5;0.0
yf_ZS=F_d3;50100;INTARIAN_PEPPER_ROOT;10175;9;10172;22;;;10187;12;10189;8;;;10181.0;0.0
yf_ZS=F_d3;50200;ASH_COATED_OSMIUM;9903;9;9899;21;;;9919;6;9922;25;;;9911.0;0.0
yf_ZS=F_d3;50200;INTARIAN_PEPPER_ROOT;10177;10;10173;22;;;10183;5;10186;24;;;10180.0;0.0
yf_ZS=F_d3;50300;ASH_COATED_OSMIUM;9906;8;9902;17;;;9916;19;9918;21;;;9911.0;0.0
yf_ZS=F_d3;50300;INTARIAN_PEPPER_ROOT;10170;5;10168;15;;;10186;20;10190;18;;;10178.0;0.0
yf_ZS=F_d3;50400;ASH_COATED_OSMIUM;9899;21;9895;17;;;9923;9;9927;19;;;9911.0;0.0
yf_ZS=F_d3;50400;INTARIAN_PEPPER_ROOT;10173;15;10169;30;;;10182;13;10184;26;;;10177.5;0.0
yf_ZS=F_d3;50500;ASH_COATED_OSMIUM;9908;14;9906;16;;;9914;15;9916;19;;;9911.0;0.0
yf_ZS=F_d3;50500;INTARIAN_PEPPER_ROOT;10171;10;10169;30;;;10180;13;10184;16;;;10175.5;0.0
yf_ZS=F_d3;50600;ASH_COATED_OSMIUM;9907;22;9905;15;;;9913;23;9916;24;;;9910.0;0.0
yf_ZS=F_d3;50600;INTARIAN_PEPPER_ROOT;10171;19;10167;16;;;10177;8;10181;24;;;10174.0;0.0
yf_ZS=F_d3;50700;ASH_COATED_OSMIUM;9907;12;9903;15;;;9913;13;9915;19;;;9910.0;0.0
yf_ZS=F_d3;50700;INTARIAN_PEPPER_ROOT;10171;14;10168;21;;;10177;15;10180;23;;;10174.0;0.0
yf_ZS=F_d3;50800;ASH_COATED_OSMIUM;9907;17;9904;19;;;9913;14;9915;26;;;9910.0;0.0
yf_ZS=F_d3;50800;INTARIAN_PEPPER_ROOT;10166;18;10164;15;;;10177;16;10180;28;;;10171.5;0.0
yf_ZS=F_d3;50900;ASH_COATED_OSMIUM;9907;8;9903;19;;;9913;9;9917;17;;;9910.0;0.0
yf_ZS=F_d3;50900;INTARIAN_PEPPER_ROOT;10162;27;10160;16;;;10183;22;10185;22;;;10172.5;0.0
yf_ZS=F_d3;51000;ASH_COATED_OSMIUM;9900;14;9896;18;;;9922;16;9925;16;;;9911.0;0.0
yf_ZS=F_d3;51000;INTARIAN_PEPPER_ROOT;10172;7;10170;16;;;10178;7;10182;16;;;10175.0;0.0
yf_ZS=F_d3;51100;ASH_COATED_OSMIUM;9905;16;9901;16;;;9915;16;9918;25;;;9910.0;0.0
yf_ZS=F_d3;51100;INTARIAN_PEPPER_ROOT;10172;14;10170;19;;;10184;18;10188;23;;;10178.0;0.0
yf_ZS=F_d3;51200;ASH_COATED_OSMIUM;9908;5;9905;28;;;9914;13;9918;20;;;9911.0;0.0
yf_ZS=F_d3;51200;INTARIAN_PEPPER_ROOT;10177;13;10174;20;;;10183;22;10187;8;;;10180.0;0.0
yf_ZS=F_d3;51300;ASH_COATED_OSMIUM;9899;7;9897;24;;;9922;13;9926;17;;;9910.5;0.0
yf_ZS=F_d3;51300;INTARIAN_PEPPER_ROOT;10179;19;10175;18;;;10185;21;10188;18;;;10182.0;0.0
yf_ZS=F_d3;51400;ASH_COATED_OSMIUM;9907;8;9903;20;;;9914;23;9918;14;;;9910.5;0.0
yf_ZS=F_d3;51400;INTARIAN_PEPPER_ROOT;10181;15;10178;30;;;10187;21;10189;11;;;10184.0;0.0
yf_ZS=F_d3;51500;ASH_COATED_OSMIUM;9907;15;9905;22;;;9913;20;9915;17;;;9910.0;0.0
yf_ZS=F_d3;51500;INTARIAN_PEPPER_ROOT;10178;15;10175;25;;;10195;18;10199;23;;;10186.5;0.0
yf_ZS=F_d3;51600;ASH_COATED_OSMIUM;9907;16;9904;13;;;9913;11;9917;18;;;9910.0;0.0
yf_ZS=F_d3;51600;INTARIAN_PEPPER_ROOT;10186;8;10184;18;;;10192;13;10196;15;;;10189.0;0.0
yf_ZS=F_d3;51700;ASH_COATED_OSMIUM;9908;19;9906;25;;;9914;18;9917;17;;;9911.0;0.0
yf_ZS=F_d3;51700;INTARIAN_PEPPER_ROOT;10188;18;10185;28;;;10194;13;10197;16;;;10191.0;0.0
yf_ZS=F_d3;51800;ASH_COATED_OSMIUM;9897;18;9893;16;;;9924;14;9928;26;;;9910.5;0.0
yf_ZS=F_d3;51800;INTARIAN_PEPPER_ROOT;10191;23;10189;16;;;10197;20;10201;24;;;10194.0;0.0
yf_ZS=F_d3;51900;ASH_COATED_OSMIUM;9907;16;9903;13;;;9913;8;9915;18;;;9910.0;0.0
yf_ZS=F_d3;51900;INTARIAN_PEPPER_ROOT;10193;19;10191;20;;;10199;14;10203;13;;;10196.0;0.0
yf_ZS=F_d3;52000;ASH_COATED_OSMIUM;9907;23;9904;16;;;9913;17;9915;21;;;9910.0;0.0
yf_ZS=F_d3;52000;INTARIAN_PEPPER_ROOT;10195;14;10193;20;;;10203;17;10206;21;;;10199.0;0.0
yf_ZS=F_d3;52100;ASH_COATED_OSMIUM;9908;22;9905;12;;;9914;17;9916;11;;;9911.0;0.0
yf_ZS=F_d3;52100;INTARIAN_PEPPER_ROOT;10196;9;10194;27;;;10207;21;10210;20;;;10201.5;0.0
yf_ZS=F_d3;52200;ASH_COATED_OSMIUM;9908;11;9904;17;;;9914;13;9918;14;;;9911.0;0.0
yf_ZS=F_d3;52200;INTARIAN_PEPPER_ROOT;10198;13;10194;16;;;10209;12;10213;27;;;10203.5;0.0
yf_ZS=F_d3;52300;ASH_COATED_OSMIUM;9901;12;9899;16;;;9920;11;9922;17;;;9910.5;0.0
yf_ZS=F_d3;52300;INTARIAN_PEPPER_ROOT;10203;18;10200;23;;;10209;14;10211;18;;;10206.0;0.0
yf_ZS=F_d3;52400;ASH_COATED_OSMIUM;9906;15;9904;20;;;9915;20;9918;19;;;9910.5;0.0
yf_ZS=F_d3;52400;INTARIAN_PEPPER_ROOT;10203;16;10201;19;;;10212;23;10216;22;;;10207.5;0.0
yf_ZS=F_d3;52500;ASH_COATED_OSMIUM;9908;18;9905;20;;;9914;15;9918;23;;;9911.0;0.0
yf_ZS=F_d3;52500;INTARIAN_PEPPER_ROOT;10207;11;10204;14;;;10213;20;10215;26;;;10210.0;0.0
yf_ZS=F_d3;52600;ASH_COATED_OSMIUM;9905;9;9903;22;;;9916;19;9919;18;;;9910.5;0.0
yf_ZS=F_d3;52600;INTARIAN_PEPPER_ROOT;10209;21;10206;20;;;10215;14;10218;23;;;10212.0;0.0
yf_ZS=F_d3;52700;ASH_COATED_OSMIUM;9902;7;9900;20;;;9921;25;9924;12;;;9911.5;0.0
yf_ZS=F_d3;52700;INTARIAN_PEPPER_ROOT;10204;15;10201;29;;;10225;11;10227;19;;;10214.5;0.0
yf_ZS=F_d3;52800;ASH_COATED_OSMIUM;9909;13;9905;30;;;9915;21;9917;12;;;9912.0;0.0
yf_ZS=F_d3;52800;INTARIAN_PEPPER_ROOT;10211;20;10208;17;;;10225;10;10227;9;;;10218.0;0.0
yf_ZS=F_d3;52900;ASH_COATED_OSMIUM;9901;19;9899;10;;;9921;5;9923;13;;;9911.0;0.0
yf_ZS=F_d3;52900;INTARIAN_PEPPER_ROOT;10211;17;10208;23;;;10228;21;10232;17;;;10219.5;0.0
yf_ZS=F_d3;53000;ASH_COATED_OSMIUM;9908;9;9905;14;;;9914;17;9916;18;;;9911.0;0.0
yf_ZS=F_d3;53000;INTARIAN_PEPPER_ROOT;10219;12;10216;21;;;10225;14;10227;8;;;10222.0;0.0
yf_ZS=F_d3;53100;ASH_COATED_OSMIUM;9907;16;9903;28;;;9915;18;9919;27;;;9911.0;0.0
yf_ZS=F_d3;53100;INTARIAN_PEPPER_ROOT;10222;12;10218;24;;;10228;19;10232;13;;;10225.0;0.0
yf_ZS=F_d3;53200;ASH_COATED_OSMIUM;9909;19;9906;15;;;9915;11;9918;17;;;9912.0;0.0
yf_ZS=F_d3;53200;INTARIAN_PEPPER_ROOT;10215;9;10211;21;;;10238;11;10241;23;;;10226.5;0.0
yf_ZS=F_d3;53300;ASH_COATED_OSMIUM;9908;15;9904;24;;;9914;5;9916;18;;;9911.0;0.0
yf_ZS=F_d3;53300;INTARIAN_PEPPER_ROOT;10227;14;10223;19;;;10233;16;10235;24;;;10230.0;0.0
yf_ZS=F_d3;53400;ASH_COATED_OSMIUM;9904;11;9902;24;;;9918;20;9920;21;;;9911.0;0.0
yf_ZS=F_d3;53400;INTARIAN_PEPPER_ROOT;10228;8;10226;16;;;10234;10;10236;14;;;10231.0;0.0
yf_ZS=F_d3;53500;ASH_COATED_OSMIUM;9909;17;9905;27;;;9915;8;9917;23;;;9912.0;0.0
yf_ZS=F_d3;53500;INTARIAN_PEPPER_ROOT;10230;8;10227;22;;;10239;16;10241;24;;;10234.5;0.0
yf_ZS=F_d3;53600;ASH_COATED_OSMIUM;9905;7;9901;15;;;9917;16;9921;20;;;9911.0;0.0
yf_ZS=F_d3;53600;INTARIAN_PEPPER_ROOT;10231;5;10229;10;;;10242;16;10245;12;;;10236.5;0.0
yf_ZS=F_d3;53700;ASH_COATED_OSMIUM;9909;27;9906;21;;;9915;13;9918;24;;;9912.0;0.0
yf_ZS=F_d3;53700;INTARIAN_PEPPER_ROOT;10234;8;10232;21;;;10242;12;10246;16;;;10238.0;0.0
yf_ZS=F_d3;53800;ASH_COATED_OSMIUM;9903;16;9899;17;;;9919;17;9923;22;;;9911.0;0.0
yf_ZS=F_d3;53800;INTARIAN_PEPPER_ROOT;10231;15;10227;20;;;10251;12;10253;21;;;10241.0;0.0
yf_ZS=F_d3;53900;ASH_COATED_OSMIUM;9908;15;9905;20;;;9914;16;9918;15;;;9911.0;0.0
yf_ZS=F_d3;53900;INTARIAN_PEPPER_ROOT;10233;14;10230;23;;;10253;29;10255;21;;;10243.0;0.0
yf_ZS=F_d3;54000;ASH_COATED_OSMIUM;9897;21;9894;24;;;9926;13;9929;22;;;9911.5;0.0
yf_ZS=F_d3;54000;INTARIAN_PEPPER_ROOT;10243;11;10241;27;;;10249;15;10251;22;;;10246.0;0.0
yf_ZS=F_d3;54100;ASH_COATED_OSMIUM;9908;19;9904;24;;;9916;11;9919;25;;;9912.0;0.0
yf_ZS=F_d3;54100;INTARIAN_PEPPER_ROOT;10246;15;10244;23;;;10252;12;10256;18;;;10249.0;0.0
yf_ZS=F_d3;54200;ASH_COATED_OSMIUM;9908;14;9904;17;;;9916;17;9919;18;;;9912.0;0.0
yf_ZS=F_d3;54200;INTARIAN_PEPPER_ROOT;10247;14;10243;21;;;10255;11;10258;14;;;10251.0;0.0
yf_ZS=F_d3;54300;ASH_COATED_OSMIUM;9909;14;9906;21;;;9915;15;9919;26;;;9912.0;0.0
yf_ZS=F_d3;54300;INTARIAN_PEPPER_ROOT;10251;18;10248;18;;;10257;9;10260;29;;;10254.0;0.0
yf_ZS=F_d3;54400;ASH_COATED_OSMIUM;9909;8;9906;14;;;9915;12;9919;25;;;9912.0;0.0
yf_ZS=F_d3;54400;INTARIAN_PEPPER_ROOT;10253;22;10251;19;;;10259;17;10263;22;;;10256.0;0.0
yf_ZS=F_d3;54500;ASH_COATED_OSMIUM;9905;15;9902;25;;;9920;18;9923;23;;;9912.5;0.0
yf_ZS=F_d3;54500;INTARIAN_PEPPER_ROOT;10253;14;10250;13;;;10262;11;10265;21;;;10257.5;0.0
yf_ZS=F_d3;54600;ASH_COATED_OSMIUM;9907;14;9904;8;;;9917;5;9921;26;;;9912.0;0.0
yf_ZS=F_d3;54600;INTARIAN_PEPPER_ROOT;10256;17;10254;21;;;10264;18;10266;16;;;10260.0;0.0
yf_ZS=F_d3;54700;ASH_COATED_OSMIUM;9909;13;9907;8;;;9915;22;9918;20;;;9912.0;0.0
yf_ZS=F_d3;54700;INTARIAN_PEPPER_ROOT;10260;15;10257;24;;;10266;21;10270;18;;;10263.0;0.0
yf_ZS=F_d3;54800;ASH_COATED_OSMIUM;9906;7;9903;16;;;9920;20;9924;11;;;9913.0;0.0
yf_ZS=F_d3;54800;INTARIAN_PEPPER_ROOT;10259;10;10257;28;;;10270;11;10273;25;;;10264.5;0.0
yf_ZS=F_d3;54900;ASH_COATED_OSMIUM;9909;16;9907;19;;;9915;13;9918;20;;;9912.0;0.0
yf_ZS=F_d3;54900;INTARIAN_PEPPER_ROOT;10264;5;10260;16;;;10271;24;10274;19;;;10267.5;0.0
yf_ZS=F_d3;55000;ASH_COATED_OSMIUM;9909;11;9905;13;;;9915;15;9917;21;;;9912.0;0.0
yf_ZS=F_d3;55000;INTARIAN_PEPPER_ROOT;10267;11;10263;20;;;10273;21;10276;21;;;10270.0;0.0
yf_ZS=F_d3;55100;ASH_COATED_OSMIUM;9909;17;9906;25;;;9915;11;9918;22;;;9912.0;0.0
yf_ZS=F_d3;55100;INTARIAN_PEPPER_ROOT;10269;22;10267;28;;;10275;21;10277;17;;;10272.0;0.0
yf_ZS=F_d3;55200;ASH_COATED_OSMIUM;9901;5;9899;24;;;9924;18;9928;20;;;9912.5;0.0
yf_ZS=F_d3;55200;INTARIAN_PEPPER_ROOT;10272;20;10269;23;;;10278;9;10281;13;;;10275.0;0.0
yf_ZS=F_d3;55300;ASH_COATED_OSMIUM;9902;17;9899;24;;;9924;5;9928;16;;;9913.0;0.0
yf_ZS=F_d3;55300;INTARIAN_PEPPER_ROOT;10274;13;10270;31;;;10280;11;10282;12;;;10277.0;0.0
yf_ZS=F_d3;55400;ASH_COATED_OSMIUM;9905;16;9902;21;;;9921;14;9924;19;;;9913.0;0.0
yf_ZS=F_d3;55400;INTARIAN_PEPPER_ROOT;10276;12;10272;18;;;10282;18;10284;12;;;10279.0;0.0
yf_ZS=F_d3;55500;ASH_COATED_OSMIUM;9909;14;9906;27;;;9915;13;9919;17;;;9912.0;0.0
yf_ZS=F_d3;55500;INTARIAN_PEPPER_ROOT;10279;10;10277;15;;;10285;18;10288;21;;;10282.0;0.0
yf_ZS=F_d3;55600;ASH_COATED_OSMIUM;9905;18;9902;26;;;9920;14;9923;24;;;9912.5;0.0
yf_ZS=F_d3;55600;INTARIAN_PEPPER_ROOT;10277;24;10273;19;;;10291;21;10295;11;;;10284.0;0.0
yf_ZS=F_d3;55700;ASH_COATED_OSMIUM;9910;16;9907;22;;;9916;11;9920;27;;;9913.0;0.0
yf_ZS=F_d3;55700;INTARIAN_PEPPER_ROOT;10284;14;10282;19;;;10290;20;10293;24;;;10287.0;0.0
yf_ZS=F_d3;55800;ASH_COATED_OSMIUM;9905;16;9901;25;;;9919;9;9923;29;;;9912.0;0.0
yf_ZS=F_d3;55800;INTARIAN_PEPPER_ROOT;10285;12;10282;20;;;10291;17;10295;22;;;10288.0;0.0
yf_ZS=F_d3;55900;ASH_COATED_OSMIUM;9910;17;9907;18;;;9916;24;9919;12;;;9913.0;0.0
yf_ZS=F_d3;55900;INTARIAN_PEPPER_ROOT;10280;18;10278;19;;;10303;10;10305;28;;;10291.5;0.0
yf_ZS=F_d3;56000;ASH_COATED_OSMIUM;9910;15;9907;19;;;9916;15;9918;23;;;9913.0;0.0
yf_ZS=F_d3;56000;INTARIAN_PEPPER_ROOT;10281;8;10279;22;;;10305;10;10309;24;;;10293.0;0.0
yf_ZS=F_d3;56100;ASH_COATED_OSMIUM;9903;13;9901;13;;;9922;16;9925;20;;;9912.5;0.0
yf_ZS=F_d3;56100;INTARIAN_PEPPER_ROOT;10293;5;10289;13;;;10299;13;10302;11;;;10296.0;0.0
yf_ZS=F_d3;56200;ASH_COATED_OSMIUM;9910;23;9906;23;;;9916;15;9918;14;;;9913.0;0.0
yf_ZS=F_d3;56200;INTARIAN_PEPPER_ROOT;10295;16;10292;22;;;10302;6;10305;11;;;10298.5;0.0
yf_ZS=F_d3;56300;ASH_COATED_OSMIUM;9894;9;9891;19;;;9931;11;9933;22;;;9912.5;0.0
yf_ZS=F_d3;56300;INTARIAN_PEPPER_ROOT;10298;15;10294;27;;;10304;7;10306;21;;;10301.0;0.0
yf_ZS=F_d3;56400;ASH_COATED_OSMIUM;9903;16;9900;32;;;9925;13;9927;25;;;9914.0;0.0
yf_ZS=F_d3;56400;INTARIAN_PEPPER_ROOT;10300;9;10297;25;;;10306;12;10310;12;;;10303.0;0.0
yf_ZS=F_d3;56500;ASH_COATED_OSMIUM;9903;18;9900;23;;;9924;17;9928;18;;;9913.5;0.0
yf_ZS=F_d3;56500;INTARIAN_PEPPER_ROOT;10302;13;10300;8;;;10308;21;10311;17;;;10305.0;0.0
yf_ZS=F_d3;56600;ASH_COATED_OSMIUM;9910;14;9908;11;;;9916;7;9918;16;;;9913.0;0.0
yf_ZS=F_d3;56600;INTARIAN_PEPPER_ROOT;10305;15;10302;24;;;10311;13;10314;27;;;10308.0;0.0
yf_ZS=F_d3;56700;ASH_COATED_OSMIUM;9911;14;9907;17;;;9917;14;9921;28;;;9914.0;0.0
yf_ZS=F_d3;56700;INTARIAN_PEPPER_ROOT;10307;11;10303;30;;;10314;12;10317;21;;;10310.5;0.0
yf_ZS=F_d3;56800;ASH_COATED_OSMIUM;9910;16;9906;15;;;9916;21;9919;21;;;9913.0;0.0
yf_ZS=F_d3;56800;INTARIAN_PEPPER_ROOT;10309;21;10307;15;;;10315;14;10318;21;;;10312.0;0.0
yf_ZS=F_d3;56900;ASH_COATED_OSMIUM;9910;25;9906;23;;;9916;18;9919;22;;;9913.0;0.0
yf_ZS=F_d3;56900;INTARIAN_PEPPER_ROOT;10312;25;10308;11;;;10318;20;10322;17;;;10315.0;0.0
yf_ZS=F_d3;57000;ASH_COATED_OSMIUM;9910;13;9906;19;;;9916;5;9918;12;;;9913.0;0.0
yf_ZS=F_d3;57000;INTARIAN_PEPPER_ROOT;10314;26;10310;14;;;10321;12;10323;24;;;10317.5;0.0
yf_ZS=F_d3;57100;ASH_COATED_OSMIUM;9910;14;9906;14;;;9916;16;9920;24;;;9913.0;0.0
yf_ZS=F_d3;57100;INTARIAN_PEPPER_ROOT;10315;13;10311;20;;;10325;12;10327;17;;;10320.0;0.0
yf_ZS=F_d3;57200;ASH_COATED_OSMIUM;9910;10;9907;25;;;9916;13;9920;10;;;9913.0;0.0
yf_ZS=F_d3;57200;INTARIAN_PEPPER_ROOT;10319;11;10316;19;;;10325;17;10328;22;;;10322.0;0.0
yf_ZS=F_d3;57300;ASH_COATED_OSMIUM;9911;16;9907;22;;;9917;14;9920;20;;;9914.0;0.0
yf_ZS=F_d3;57300;INTARIAN_PEPPER_ROOT;10312;9;10308;24;;;10337;18;10339;34;;;10324.5;0.0
yf_ZS=F_d3;57400;ASH_COATED_OSMIUM;9911;13;9909;26;;;9917;10;9919;12;;;9914.0;0.0
yf_ZS=F_d3;57400;INTARIAN_PEPPER_ROOT;10319;11;10317;22;;;10334;10;10338;26;;;10326.5;0.0
yf_ZS=F_d3;57500;ASH_COATED_OSMIUM;9908;17;9904;18;;;9919;22;9921;28;;;9913.5;0.0
yf_ZS=F_d3;57500;INTARIAN_PEPPER_ROOT;10324;14;10322;13;;;10335;16;10339;19;;;10329.5;0.0
yf_ZS=F_d3;57600;ASH_COATED_OSMIUM;9911;18;9907;18;;;9917;10;9921;14;;;9914.0;0.0
yf_ZS=F_d3;57600;INTARIAN_PEPPER_ROOT;10328;17;10326;18;;;10334;9;10337;14;;;10331.0;0.0
yf_ZS=F_d3;57700;ASH_COATED_OSMIUM;9905;23;9901;20;;;9921;18;9925;27;;;9913.0;0.0
yf_ZS=F_d3;57700;INTARIAN_PEPPER_ROOT;10331;16;10328;19;;;10337;25;10341;20;;;10334.0;0.0
yf_ZS=F_d3;57800;ASH_COATED_OSMIUM;9902;24;9899;20;;;9926;11;9930;10;;;9914.0;0.0
yf_ZS=F_d3;57800;INTARIAN_PEPPER_ROOT;10333;19;10330;19;;;10339;17;10342;14;;;10336.0;0.0
yf_ZS=F_d3;57900;ASH_COATED_OSMIUM;9911;17;9909;19;;;9917;10;9921;14;;;9914.0;0.0
yf_ZS=F_d3;57900;INTARIAN_PEPPER_ROOT;10335;10;10331;11;;;10341;24;10344;26;;;10338.0;0.0
yf_ZS=F_d3;58000;ASH_COATED_OSMIUM;9911;9;9908;10;;;9917;10;9920;17;;;9914.0;0.0
yf_ZS=F_d3;58000;INTARIAN_PEPPER_ROOT;10337;12;10335;23;;;10345;17;10348;28;;;10341.0;0.0
yf_ZS=F_d3;58100;ASH_COATED_OSMIUM;9907;17;9903;14;;;9922;12;9924;14;;;9914.5;0.0
yf_ZS=F_d3;58100;INTARIAN_PEPPER_ROOT;10340;13;10336;23;;;10346;8;10350;21;;;10343.0;0.0
yf_ZS=F_d3;58200;ASH_COATED_OSMIUM;9911;10;9908;23;;;9917;9;9921;26;;;9914.0;0.0
yf_ZS=F_d3;58200;INTARIAN_PEPPER_ROOT;10343;5;10340;17;;;10349;18;10353;21;;;10346.0;0.0
yf_ZS=F_d3;58300;ASH_COATED_OSMIUM;9911;12;9909;15;;;9917;13;9921;23;;;9914.0;0.0
yf_ZS=F_d3;58300;INTARIAN_PEPPER_ROOT;10344;19;10342;29;;;10353;22;10355;27;;;10348.5;0.0
