day;timestamp;product;bid_price_1;bid_volume_1;bid_price_2;bid_volume_2;bid_price_3;bid_volume_3;ask_price_1;ask_volume_1;ask_price_2;ask_volume_2;ask_price_3;ask_volume_3;mid_price;profit_and_loss
yf_ADM_d10;0;ASH_COATED_OSMIUM;10022;23;10020;21;;;10029;9;10033;19;;;10025.5;0.0
yf_ADM_d10;0;INTARIAN_PEPPER_ROOT;9991;11;9988;24;;;10006;12;10008;11;;;9998.5;0.0
yf_ADM_d10;100;ASH_COATED_OSMIUM;10022;15;10020;27;;;10028;18;10030;18;;;10025.0;0.0
yf_ADM_d10;100;INTARIAN_PEPPER_ROOT;9997;9;9995;22;;;10004;12;10008;13;;;10000.5;0.0
yf_ADM_d10;200;ASH_COATED_OSMIUM;10022;11;10018;20;;;10028;15;10030;14;;;10025.0;0.0
yf_ADM_d10;200;INTARIAN_PEPPER_ROOT;9998;10;9995;21;;;10004;15;10007;14;;;10001.0;0.0
yf_ADM_d10;300;ASH_COATED_OSMIUM;10022;12;10020;21;;;10028;16;10030;21;;;10025.0;0.0
yf_ADM_d10;300;INTARIAN_PEPPER_ROOT;9998;15;9995;19;;;10009;12;10013;19;;;10003.5;0.0
yf_ADM_d10;400;ASH_COATED_OSMIUM;10022;16;10019;16;;;10028;21;10031;12;;;10025.0;0.0
yf_ADM_d10;400;INTARIAN_PEPPER_ROOT;10001;16;9998;16;;;10007;14;10010;13;;;10004.0;0.0
yf_ADM_d10;500;ASH_COATED_OSMIUM;10023;15;10020;19;;;10029;19;10033;22;;;10026.0;0.0
yf_ADM_d10;500;INTARIAN_PEPPER_ROOT;9999;16;9996;17;;;10011;7;10014;15;;;10005.0;0.0
yf_ADM_d10;600;ASH_COATED_OSMIUM;10022;8;10020;20;;;10028;23;10032;22;;;10025.0;0.0
yf_ADM_d10;600;INTARIAN_PEPPER_ROOT;10003;19;10000;23;;;10009;21;10012;26;;;10006.0;0.0
yf_ADM_d10;700;ASH_COATED_OSMIUM;10022;14;10018;25;;;10028;17;10031;19;;;10025.0;0.0
yf_ADM_d10;700;INTARIAN_PEPPER_ROOT;9986;11;9982;20;;;10028;21;10031;20;;;10007.0;0.0
yf_ADM_d10;800;ASH_COATED_OSMIUM;10022;16;10018;10;;;10028;20;10032;17;;;10025.0;0.0
yf_ADM_d10;800;INTARIAN_PEPPER_ROOT;10003;22;10001;22;;;10014;15;10016;21;;;10008.5;0.0
yf_ADM_d10;900;ASH_COATED_OSMIUM;10022;14;10020;27;;;10028;16;10031;19;;;10025.0;0.0
yf_ADM_d10;900;INTARIAN_PEPPER_ROOT;10005;21;10003;18;;;10013;11;10016;8;;;10009.0;0.0
yf_ADM_d10;1000;ASH_COATED_OSMIUM;10021;13;10017;25;;;10027;11;10031;18;;;10024.0;0.0
yf_ADM_d10;1000;INTARIAN_PEPPER_ROOT;10008;13;10006;19;;;10014;8;10016;27;;;10011.0;0.0
yf_ADM_d10;1100;ASH_COATED_OSMIUM;10021;5;10017;12;;;10029;6;10031;12;;;10025.0;0.0
yf_ADM_d10;1100;INTARIAN_PEPPER_ROOT;10005;17;10001;17;;;10018;14;10020;8;;;10011.5;0.0
yf_ADM_d10;1200;ASH_COATED_OSMIUM;10022;16;10019;19;;;10028;18;10030;18;;;10025.0;0.0
yf_ADM_d10;1200;INTARIAN_PEPPER_ROOT;10010;12;10007;21;;;10016;22;10020;13;;;10013.0;0.0
yf_ADM_d10;1300;ASH_COATED_OSMIUM;10022;17;10020;16;;;10028;20;10031;25;;;10025.0;0.0
yf_ADM_d10;1300;INTARIAN_PEPPER_ROOT;10011;18;10008;24;;;10017;10;10020;13;;;10014.0;0.0
yf_ADM_d10;1400;ASH_COATED_OSMIUM;10016;9;10012;16;;;10033;24;10036;13;;;10024.5;0.0
yf_ADM_d10;1400;INTARIAN_PEPPER_ROOT;10012;13;10009;20;;;10018;8;10022;12;;;10015.0;0.0
yf_ADM_d10;1500;ASH_COATED_OSMIUM;10019;17;10016;20;;;10031;5;10034;23;;;10025.0;0.0
yf_ADM_d10;1500;INTARIAN_PEPPER_ROOT;10013;18;10009;16;;;10019;13;10022;14;;;10016.0;0.0
yf_ADM_d10;1600;ASH_COATED_OSMIUM;10018;7;10014;12;;;10033;27;10036;20;;;10025.5;0.0
yf_ADM_d10;1600;INTARIAN_PEPPER_ROOT;10014;16;10010;23;;;10020;10;10024;17;;;10017.0;0.0
yf_ADM_d10;1700;ASH_COATED_OSMIUM;10022;17;10019;22;;;10028;9;10031;21;;;10025.0;0.0
yf_ADM_d10;1700;INTARIAN_PEPPER_ROOT;10015;16;10012;19;;;10021;10;10024;13;;;10018.0;0.0
yf_ADM_d10;1800;ASH_COATED_OSMIUM;10022;10;10020;22;;;10028;18;10032;31;;;10025.0;0.0
yf_ADM_d10;1800;INTARIAN_PEPPER_ROOT;10009;14;10005;21;;;10029;5;10033;27;;;10019.0;0.0
yf_ADM_d10;1900;ASH_COATED_OSMIUM;10019;10;10017;20;;;10030;15;10032;18;;;10024.5;0.0
yf_ADM_d10;1900;INTARIAN_PEPPER_ROOT;10017;9;10015;18;;;10023;15;10025;17;;;10020.0;0.0
yf_ADM_d10;2000;ASH_COATED_OSMIUM;10022;15;10019;28;;;10028;22;10031;18;;;10025.0;0.0
yf_ADM_d10;2000;INTARIAN_PEPPER_ROOT;10019;12;10016;18;;;10025;15;10027;25;;;10022.0;0.0
yf_ADM_d10;2100;ASH_COATED_OSMIUM;10020;12;10018;21;;;10029;10;10031;16;;;10024.5;0.0
yf_ADM_d10;2100;INTARIAN_PEPPER_ROOT;10020;13;10016;22;;;10026;19;10028;18;;;10023.0;0.0
yf_ADM_d10;2200;ASH_COATED_OSMIUM;10021;14;10019;16;;;10027;6;10029;16;;;10024.0;0.0
yf_ADM_d10;2200;INTARIAN_PEPPER_ROOT;10021;17;10018;20;;;10027;30;10031;20;;;10024.0;0.0
yf_ADM_d10;2300;ASH_COATED_OSMIUM;10021;12;10018;8;;;10027;14;10031;26;;;10024.0;0.0
yf_ADM_d10;2300;INTARIAN_PEPPER_ROOT;10019;15;10017;18;;;10031;9;10033;20;;;10025.0;0.0
yf_ADM_d10;2400;ASH_COATED_OSMIUM;10022;6;10020;15;;;10028;23;10030;26;;;10025.0;0.0
yf_ADM_d10;2400;INTARIAN_PEPPER_ROOT;10023;15;10020;24;;;10029;16;10033;18;;;10026.0;0.0
yf_ADM_d10;2500;ASH_COATED_OSMIUM;10022;13;10018;21;;;10028;15;10030;22;;;10025.0;0.0
yf_ADM_d10;2500;INTARIAN_PEPPER_ROOT;10016;5;10013;20;;;10038;21;10040;22;;;10027.0;0.0
yf_ADM_d10;2600;ASH_COATED_OSMIUM;10022;15;10019;23;;;10029;15;10032;22;;;10025.5;0.0
yf_ADM_d10;2600;INTARIAN_PEPPER_ROOT;10024;15;10021;14;;;10033;10;10036;25;;;10028.5;0.0
yf_ADM_d10;2700;ASH_COATED_OSMIUM;10021;19;10018;25;;;10027;17;10030;21;;;10024.0;0.0
yf_ADM_d10;2700;INTARIAN_PEPPER_ROOT;10026;21;10022;15;;;10032;12;10034;16;;;10029.0;0.0
yf_ADM_d10;2800;ASH_COATED_OSMIUM;10021;14;10017;22;;;10030;22;10034;25;;;10025.5;0.0
yf_ADM_d10;2800;INTARIAN_PEPPER_ROOT;10028;16;10024;25;;;10034;18;10037;15;;;10031.0;0.0
yf_ADM_d10;2900;ASH_COATED_OSMIUM;10020;16;10017;22;;;10028;11;10030;21;;;10024.0;0.0
yf_ADM_d10;2900;INTARIAN_PEPPER_ROOT;10028;10;10025;21;;;10034;14;10036;9;;;10031.0;0.0
yf_ADM_d10;3000;ASH_COATED_OSMIUM;10020;19;10017;16;;;10030;9;10032;30;;;10025.0;0.0
yf_ADM_d10;3000;INTARIAN_PEPPER_ROOT;10030;12;10027;25;;;10036;12;10039;17;;;10033.0;0.0
yf_ADM_d10;3100;ASH_COATED_OSMIUM;10022;16;10020;14;;;10028;20;10030;20;;;10025.0;0.0
yf_ADM_d10;3100;INTARIAN_PEPPER_ROOT;10032;10;10029;31;;;10038;24;10042;23;;;10035.0;0.0
yf_ADM_d10;3200;ASH_COATED_OSMIUM;10022;18;10018;19;;;10028;10;10032;24;;;10025.0;0.0
yf_ADM_d10;3200;INTARIAN_PEPPER_ROOT;10033;17;10030;20;;;10039;18;10042;21;;;10036.0;0.0
yf_ADM_d10;3300;ASH_COATED_OSMIUM;10014;11;10010;20;;;10035;19;10039;12;;;10024.5;0.0
yf_ADM_d10;3300;INTARIAN_PEPPER_ROOT;10033;25;10030;21;;;10039;17;10042;26;;;10036.0;0.0
yf_ADM_d10;3400;ASH_COATED_OSMIUM;10010;11;10007;26;;;10038;10;10041;19;;;10024.0;0.0
yf_ADM_d10;3400;INTARIAN_PEPPER_ROOT;10033;15;10030;16;;;10041;7;10043;21;;;10037.0;0.0
yf_ADM_d10;3500;ASH_COATED_OSMIUM;10021;16;10019;17;;;10027;12;10029;19;;;10024.0;0.0
yf_ADM_d10;3500;INTARIAN_PEPPER_ROOT;10034;15;10031;11;;;10042;23;10046;23;;;10038.0;0.0
yf_ADM_d10;3600;ASH_COATED_OSMIUM;10022;15;10020;16;;;10028;12;10032;24;;;10025.0;0.0
yf_ADM_d10;3600;INTARIAN_PEPPER_ROOT;10036;14;10033;18;;;10042;22;10046;16;;;10039.0;0.0
yf_ADM_d10;3700;ASH_COATED_OSMIUM;10021;11;10017;17;;;10027;14;10029;25;;;10024.0;0.0
yf_ADM_d10;3700;INTARIAN_PEPPER_ROOT;10033;14;10031;13;;;10047;12;10049;13;;;10040.0;0.0
yf_ADM_d10;3800;ASH_COATED_OSMIUM;10016;21;10013;23;;;10034;25;10037;20;;;10025.0;0.0
yf_ADM_d10;3800;INTARIAN_PEPPER_ROOT;10039;21;10037;11;;;10045;13;10049;19;;;10042.0;0.0
yf_ADM_d10;3900;ASH_COATED_OSMIUM;10019;21;10015;24;;;10030;22;10034;16;;;10024.5;0.0
yf_ADM_d10;3900;INTARIAN_PEPPER_ROOT;10039;12;10036;16;;;10045;10;10049;27;;;10042.0;0.0
yf_ADM_d10;4000;ASH_COATED_OSMIUM;10021;16;10019;13;;;10027;7;10030;12;;;10024.0;0.0
yf_ADM_d10;4000;INTARIAN_PEPPER_ROOT;10041;8;10039;25;;;10047;13;10049;16;;;10044.0;0.0
yf_ADM_d10;4100;ASH_COATED_OSMIUM;10021;19;10019;23;;;10027;11;10031;27;;;10024.0;0.0
yf_ADM_d10;4100;INTARIAN_PEPPER_ROOT;10040;24;10037;21;;;10050;9;10053;22;;;10045.0;0.0
yf_ADM_d10;4200;ASH_COATED_OSMIUM;10010;11;10007;28;;;10038;14;10042;13;;;10024.0;0.0
yf_ADM_d10;4200;INTARIAN_PEPPER_ROOT;10036;15;10033;22;;;10057;13;10060;13;;;10046.5;0.0
yf_ADM_d10;4300;ASH_COATED_OSMIUM;10012;19;10009;20;;;10036;16;10040;22;;;10024.0;0.0
yf_ADM_d10;4300;INTARIAN_PEPPER_ROOT;10040;16;10036;18;;;10052;15;10056;25;;;10046.0;0.0
yf_ADM_d10;4400;ASH_COATED_OSMIUM;10021;21;10017;20;;;10027;12;10030;21;;;10024.0;0.0
yf_ADM_d10;4400;INTARIAN_PEPPER_ROOT;10046;15;10042;17;;;10052;15;10055;12;;;10049.0;0.0
yf_ADM_d10;4500;ASH_COATED_OSMIUM;10021;19;10018;23;;;10027;9;10029;17;;;10024.0;0.0
yf_ADM_d10;4500;INTARIAN_PEPPER_ROOT;10044;15;10042;19;;;10055;17;10058;19;;;10049.5;0.0
yf_ADM_d10;4600;ASH_COATED_OSMIUM;10014;9;10011;14;;;10035;14;10038;22;;;10024.5;0.0
yf_ADM_d10;4600;INTARIAN_PEPPER_ROOT;10046;17;10043;24;;;10056;15;10058;15;;;10051.0;0.0
yf_ADM_d10;4700;ASH_COATED_OSMIUM;10021;15;10018;20;;;10027;9;10030;29;;;10024.0;0.0
yf_ADM_d10;4700;INTARIAN_PEPPER_ROOT;10047;17;10045;18;;;10057;18;10060;20;;;10052.0;0.0
yf_ADM_d10;4800;ASH_COATED_OSMIUM;10021;19;10018;25;;;10027;7;10031;24;;;10024.0;0.0
yf_ADM_d10;4800;INTARIAN_PEPPER_ROOT;10032;19;10028;13;;;10073;5;10075;19;;;10052.5;0.0
yf_ADM_d10;4900;ASH_COATED_OSMIUM;10019;18;10016;22;;;10028;17;10030;17;;;10023.5;0.0
yf_ADM_d10;4900;INTARIAN_PEPPER_ROOT;10051;20;10048;18;;;10057;23;10059;19;;;10054.0;0.0
yf_ADM_d10;5000;ASH_COATED_OSMIUM;10021;16;10017;17;;;10027;5;10030;19;;;10024.0;0.0
yf_ADM_d10;5000;INTARIAN_PEPPER_ROOT;10052;8;10050;22;;;10058;12;10061;20;;;10055.0;0.0
yf_ADM_d10;5100;ASH_COATED_OSMIUM;10021;11;10018;18;;;10027;20;10031;25;;;10024.0;0.0
yf_ADM_d10;5100;INTARIAN_PEPPER_ROOT;10053;15;10049;20;;;10059;12;10063;24;;;10056.0;0.0
yf_ADM_d10;5200;ASH_COATED_OSMIUM;10021;17;10019;21;;;10027;22;10029;10;;;10024.0;0.0
yf_ADM_d10;5200;INTARIAN_PEPPER_ROOT;10049;14;10046;26;;;10064;19;10066;19;;;10056.5;0.0
yf_ADM_d10;5300;ASH_COATED_OSMIUM;10020;17;10017;21;;;10026;18;10030;23;;;10023.0;0.0
yf_ADM_d10;5300;INTARIAN_PEPPER_ROOT;10047;15;10044;21;;;10069;15;10072;22;;;10058.0;0.0
yf_ADM_d10;5400;ASH_COATED_OSMIUM;10020;18;10018;21;;;10027;12;10029;22;;;10023.5;0.0
yf_ADM_d10;5400;INTARIAN_PEPPER_ROOT;10053;21;10049;20;;;10066;25;10070;19;;;10059.5;0.0
yf_ADM_d10;5500;ASH_COATED_OSMIUM;10021;19;10019;24;;;10027;14;10030;25;;;10024.0;0.0
yf_ADM_d10;5500;INTARIAN_PEPPER_ROOT;10049;6;10046;22;;;10071;17;10075;20;;;10060.0;0.0
yf_ADM_d10;5600;ASH_COATED_OSMIUM;10021;16;10017;21;;;10027;12;10029;26;;;10024.0;0.0
yf_ADM_d10;5600;INTARIAN_PEPPER_ROOT;10059;24;10055;14;;;10065;5;10067;12;;;10062.0;0.0
yf_ADM_d10;5700;ASH_COATED_OSMIUM;10020;16;10018;21;;;10029;11;10031;18;;;10024.5;0.0
yf_ADM_d10;5700;INTARIAN_PEPPER_ROOT;10059;14;10057;23;;;10065;14;10067;23;;;10062.0;0.0
yf_ADM_d10;5800;ASH_COATED_OSMIUM;10018;7;10015;18;;;10028;16;10032;26;;;10023.0;0.0
yf_ADM_d10;5800;INTARIAN_PEPPER_ROOT;10061;17;10059;21;;;10067;22;10071;21;;;10064.0;0.0
yf_ADM_d10;5900;ASH_COATED_OSMIUM;10015;19;10011;20;;;10032;13;10035;13;;;10023.5;0.0
yf_ADM_d10;5900;INTARIAN_PEPPER_ROOT;10058;14;10054;24;;;10070;13;10073;28;;;10064.0;0.0
yf_ADM_d10;6000;ASH_COATED_OSMIUM;10017;5;10013;18;;;10031;18;10033;18;;;10024.0;0.0
yf_ADM_d10;6000;INTARIAN_PEPPER_ROOT;10052;17;10048;26;;;10081;21;10084;21;;;10066.5;0.0
yf_ADM_d10;6100;ASH_COATED_OSMIUM;10012;21;10009;11;;;10035;15;10037;32;;;10023.5;0.0
yf_ADM_d10;6100;INTARIAN_PEPPER_ROOT;10058;24;10055;17;;;10075;6;10077;18;;;10066.5;0.0
yf_ADM_d10;6200;ASH_COATED_OSMIUM;10021;13;10018;19;;;10027;11;10029;17;;;10024.0;0.0
yf_ADM_d10;6200;INTARIAN_PEPPER_ROOT;10065;15;10063;26;;;10071;16;10075;15;;;10068.0;0.0
yf_ADM_d10;6300;ASH_COATED_OSMIUM;10020;15;10017;25;;;10028;10;10032;17;;;10024.0;0.0
yf_ADM_d10;6300;INTARIAN_PEPPER_ROOT;10057;19;10053;17;;;10082;10;10085;19;;;10069.5;0.0
yf_ADM_d10;6400;ASH_COATED_OSMIUM;10021;20;10017;26;;;10027;5;10030;22;;;10024.0;0.0
yf_ADM_d10;6400;INTARIAN_PEPPER_ROOT;10067;15;10065;17;;;10073;16;10077;18;;;10070.0;0.0
yf_ADM_d10;6500;ASH_COATED_OSMIUM;10021;11;10017;20;;;10027;7;10031;26;;;10024.0;0.0
yf_ADM_d10;6500;INTARIAN_PEPPER_ROOT;10069;5;10066;16;;;10075;14;10078;26;;;10072.0;0.0
yf_ADM_d10;6600;ASH_COATED_OSMIUM;10019;15;10015;27;;;10028;18;10032;17;;;10023.5;0.0
yf_ADM_d10;6600;INTARIAN_PEPPER_ROOT;10069;11;10066;15;;;10075;12;10077;21;;;10072.0;0.0
yf_ADM_d10;6700;ASH_COATED_OSMIUM;10020;7;10018;18;;;10026;9;10029;15;;;10023.0;0.0
yf_ADM_d10;6700;INTARIAN_PEPPER_ROOT;10066;10;10062;20;;;10082;11;10086;20;;;10074.0;0.0
yf_ADM_d10;6800;ASH_COATED_OSMIUM;10021;23;10019;15;;;10027;18;10030;8;;;10024.0;0.0
yf_ADM_d10;6800;INTARIAN_PEPPER_ROOT;10068;18;10064;23;;;10081;14;10083;27;;;10074.5;0.0
yf_ADM_d10;6900;ASH_COATED_OSMIUM;10018;17;10014;18;;;10031;14;10034;17;;;10024.5;0.0
yf_ADM_d10;6900;INTARIAN_PEPPER_ROOT;10072;17;10068;14;;;10080;18;10083;17;;;10076.0;0.0
yf_ADM_d10;7000;ASH_COATED_OSMIUM;10015;24;10011;14;;;10033;12;10035;13;;;10024.0;0.0
yf_ADM_d10;7000;INTARIAN_PEPPER_ROOT;10066;13;10063;30;;;10087;18;10089;13;;;10076.5;0.0
yf_ADM_d10;7100;ASH_COATED_OSMIUM;10020;19;10017;18;;;10026;5;10029;25;;;10023.0;0.0
yf_ADM_d10;7100;INTARIAN_PEPPER_ROOT;10074;16;10071;20;;;10083;20;10086;22;;;10078.5;0.0
yf_ADM_d10;7200;ASH_COATED_OSMIUM;10020;15;10018;26;;;10027;21;10030;18;;;10023.5;0.0
yf_ADM_d10;7200;INTARIAN_PEPPER_ROOT;10077;17;10073;14;;;10083;10;10087;30;;;10080.0;0.0
yf_ADM_d10;7300;ASH_COATED_OSMIUM;10020;13;10018;11;;;10028;11;10031;17;;;10024.0;0.0
yf_ADM_d10;7300;INTARIAN_PEPPER_ROOT;10076;10;10072;20;;;10086;14;10088;23;;;10081.0;0.0
yf_ADM_d10;7400;ASH_COATED_OSMIUM;10018;11;10015;23;;;10029;13;10033;11;;;10023.5;0.0
yf_ADM_d10;7400;INTARIAN_PEPPER_ROOT;10079;12;10075;8;;;10085;21;10089;15;;;10082.0;0.0
yf_ADM_d10;7500;ASH_COATED_OSMIUM;10019;10;10015;18;;;10028;5;10030;8;;;10023.5;0.0
yf_ADM_d10;7500;INTARIAN_PEPPER_ROOT;10080;19;10077;19;;;10086;17;10088;13;;;10083.0;0.0
yf_ADM_d10;7600;ASH_COATED_OSMIUM;10018;13;10014;18;;;10028;10;10030;10;;;10023.0;0.0
yf_ADM_d10;7600;INTARIAN_PEPPER_ROOT;10081;12;10077;13;;;10087;23;10090;26;;;10084.0;0.0
yf_ADM_d10;7700;ASH_COATED_OSMIUM;10020;18;10016;17;;;10026;10;10030;16;;;10023.0;0.0
yf_ADM_d10;7700;INTARIAN_PEPPER_ROOT;10082;9;10079;19;;;10088;12;10090;22;;;10085.0;0.0
yf_ADM_d10;7800;ASH_COATED_OSMIUM;10018;25;10014;17;;;10030;8;10034;14;;;10024.0;0.0
yf_ADM_d10;7800;INTARIAN_PEPPER_ROOT;10083;11;10080;14;;;10089;15;10092;21;;;10086.0;0.0
yf_ADM_d10;7900;ASH_COATED_OSMIUM;10020;9;10017;9;;;10026;11;10030;27;;;10023.0;0.0
yf_ADM_d10;7900;INTARIAN_PEPPER_ROOT;10084;13;10080;18;;;10090;8;10093;16;;;10087.0;0.0
yf_ADM_d10;8000;ASH_COATED_OSMIUM;10021;12;10019;23;;;10027;11;10031;24;;;10024.0;0.0
yf_ADM_d10;8000;INTARIAN_PEPPER_ROOT;10085;17;10083;20;;;10091;6;10095;12;;;10088.0;0.0
yf_ADM_d10;8100;ASH_COATED_OSMIUM;10020;12;10016;17;;;10027;16;10029;19;;;10023.5;0.0
yf_ADM_d10;8100;INTARIAN_PEPPER_ROOT;10086;9;10083;15;;;10092;7;10096;22;;;10089.0;0.0
yf_ADM_d10;8200;ASH_COATED_OSMIUM;10005;12;10002;18;;;10042;16;10044;21;;;10023.5;0.0
yf_ADM_d10;8200;INTARIAN_PEPPER_ROOT;10083;15;10080;19;;;10098;14;10102;24;;;10090.5;0.0
yf_ADM_d10;8300;ASH_COATED_OSMIUM;10020;22;10017;13;;;10026;16;10028;18;;;10023.0;0.0
yf_ADM_d10;8300;INTARIAN_PEPPER_ROOT;10089;22;10087;27;;;10095;12;10097;24;;;10092.0;0.0
yf_ADM_d10;8400;ASH_COATED_OSMIUM;10020;16;10018;19;;;10026;12;10030;24;;;10023.0;0.0
yf_ADM_d10;8400;INTARIAN_PEPPER_ROOT;10090;17;10088;17;;;10096;18;10100;18;;;10093.0;0.0
yf_ADM_d10;8500;ASH_COATED_OSMIUM;10020;11;10018;13;;;10026;20;10028;22;;;10023.0;0.0
yf_ADM_d10;8500;INTARIAN_PEPPER_ROOT;10088;8;10084;15;;;10099;11;10102;21;;;10093.5;0.0
yf_ADM_d10;8600;ASH_COATED_OSMIUM;10020;16;10016;22;;;10026;13;10030;25;;;10023.0;0.0
yf_ADM_d10;8600;INTARIAN_PEPPER_ROOT;10084;20;10081;15;;;10106;20;10110;17;;;10095.0;0.0
yf_ADM_d10;8700;ASH_COATED_OSMIUM;10020;6;10016;22;;;10026;11;10029;24;;;10023.0;0.0
yf_ADM_d10;8700;INTARIAN_PEPPER_ROOT;10088;6;10085;10;;;10105;24;10109;12;;;10096.5;0.0
yf_ADM_d10;8800;ASH_COATED_OSMIUM;10020;20;10016;24;;;10026;5;10030;23;;;10023.0;0.0
yf_ADM_d10;8800;INTARIAN_PEPPER_ROOT;10094;19;10091;26;;;10100;6;10102;13;;;10097.0;0.0
yf_ADM_d10;8900;ASH_COATED_OSMIUM;10017;30;10013;22;;;10029;12;10032;13;;;10023.0;0.0
yf_ADM_d10;8900;INTARIAN_PEPPER_ROOT;10086;8;10082;24;;;10111;14;10113;13;;;10098.5;0.0
yf_ADM_d10;9000;ASH_COATED_OSMIUM;10020;11;10017;22;;;10026;9;10029;16;;;10023.0;0.0
yf_ADM_d10;9000;INTARIAN_PEPPER_ROOT;10087;16;10084;27;;;10112;14;10115;23;;;10099.5;0.0
yf_ADM_d10;9100;ASH_COATED_OSMIUM;10020;5;10016;13;;;10026;12;10030;19;;;10023.0;0.0
yf_ADM_d10;9100;INTARIAN_PEPPER_ROOT;10098;6;10094;16;;;10104;14;10108;27;;;10101.0;0.0
yf_ADM_d10;9200;ASH_COATED_OSMIUM;10020;12;10018;12;;;10026;14;10029;24;;;10023.0;0.0
yf_ADM_d10;9200;INTARIAN_PEPPER_ROOT;10092;11;10089;23;;;10111;24;10113;21;;;10101.5;0.0
yf_ADM_d10;9300;ASH_COATED_OSMIUM;10020;11;10018;21;;;10026;16;10030;23;;;10023.0;0.0
yf_ADM_d10;9300;INTARIAN_PEPPER_ROOT;10099;5;10097;24;;;10105;18;10107;23;;;10102.0;0.0
yf_ADM_d10;9400;ASH_COATED_OSMIUM;10019;22;10015;21;;;10025;11;10029;8;;;10022.0;0.0
yf_ADM_d10;9400;INTARIAN_PEPPER_ROOT;10099;12;10097;21;;;10108;7;10112;18;;;10103.5;0.0
yf_ADM_d10;9500;ASH_COATED_OSMIUM;10020;18;10018;24;;;10026;18;10028;16;;;10023.0;0.0
yf_ADM_d10;9500;INTARIAN_PEPPER_ROOT;10101;11;10097;14;;;10110;9;10114;26;;;10105.5;0.0
yf_ADM_d10;9600;ASH_COATED_OSMIUM;10020;12;10016;22;;;10026;20;10030;22;;;10023.0;0.0
yf_ADM_d10;9600;INTARIAN_PEPPER_ROOT;10103;19;10099;13;;;10109;19;10111;28;;;10106.0;0.0
yf_ADM_d10;9700;ASH_COATED_OSMIUM;10020;19;10016;15;;;10026;8;10030;14;;;10023.0;0.0
yf_ADM_d10;9700;INTARIAN_PEPPER_ROOT;10104;7;10102;16;;;10111;15;10113;19;;;10107.5;0.0
yf_ADM_d10;9800;ASH_COATED_OSMIUM;10020;15;10016;24;;;10026;23;10030;24;;;10023.0;0.0
yf_ADM_d10;9800;INTARIAN_PEPPER_ROOT;10106;17;10102;17;;;10112;9;10114;21;;;10109.0;0.0
yf_ADM_d10;9900;ASH_COATED_OSMIUM;10020;18;10016;21;;;10026;20;10029;19;;;10023.0;0.0
yf_ADM_d10;9900;INTARIAN_PEPPER_ROOT;10102;21;10100;17;;;10116;14;10120;20;;;10109.0;0.0
yf_ADM_d10;10000;ASH_COATED_OSMIUM;10019;10;10016;24;;;10025;13;10029;16;;;10022.0;0.0
yf_ADM_d10;10000;INTARIAN_PEPPER_ROOT;10107;19;10105;16;;;10113;5;10117;19;;;10110.0;0.0
yf_ADM_d10;10100;ASH_COATED_OSMIUM;10011;13;10009;18;;;10036;19;10040;17;;;10023.5;0.0
yf_ADM_d10;10100;INTARIAN_PEPPER_ROOT;10109;20;10105;27;;;10115;14;10118;21;;;10112.0;0.0
yf_ADM_d10;10200;ASH_COATED_OSMIUM;10020;14;10016;12;;;10026;24;10028;34;;;10023.0;0.0
yf_ADM_d10;10200;INTARIAN_PEPPER_ROOT;10109;21;10106;22;;;10115;11;10117;17;;;10112.0;0.0
yf_ADM_d10;10300;ASH_COATED_OSMIUM;10014;16;10010;17;;;10032;12;10035;25;;;10023.0;0.0
yf_ADM_d10;10300;INTARIAN_PEPPER_ROOT;10111;15;10108;16;;;10117;17;10119;24;;;10114.0;0.0
yf_ADM_d10;10400;ASH_COATED_OSMIUM;10019;5;10015;17;;;10025;10;10027;19;;;10022.0;0.0
yf_ADM_d10;10400;INTARIAN_PEPPER_ROOT;10107;24;10104;17;;;10120;13;10123;18;;;10113.5;0.0
yf_ADM_d10;10500;ASH_COATED_OSMIUM;10020;19;10017;11;;;10026;20;10030;24;;;10023.0;0.0
yf_ADM_d10;10500;INTARIAN_PEPPER_ROOT;10113;21;10109;17;;;10119;5;10122;11;;;10116.0;0.0
yf_ADM_d10;10600;ASH_COATED_OSMIUM;10019;13;10016;16;;;10025;19;10029;16;;;10022.0;0.0
yf_ADM_d10;10600;INTARIAN_PEPPER_ROOT;10104;20;10100;11;;;10129;19;10133;21;;;10116.5;0.0
yf_ADM_d10;10700;ASH_COATED_OSMIUM;10018;15;10014;23;;;10028;5;10031;16;;;10023.0;0.0
yf_ADM_d10;10700;INTARIAN_PEPPER_ROOT;10109;23;10107;16;;;10126;24;10130;22;;;10117.5;0.0
yf_ADM_d10;10800;ASH_COATED_OSMIUM;10020;14;10017;19;;;10026;11;10030;14;;;10023.0;0.0
yf_ADM_d10;10800;INTARIAN_PEPPER_ROOT;10114;9;10111;12;;;10124;13;10127;23;;;10119.0;0.0
yf_ADM_d10;10900;ASH_COATED_OSMIUM;10008;18;10005;24;;;10036;26;10038;21;;;10022.0;0.0
yf_ADM_d10;10900;INTARIAN_PEPPER_ROOT;10105;18;10102;13;;;10136;15;10138;22;;;10120.5;0.0
yf_ADM_d10;11000;ASH_COATED_OSMIUM;10017;13;10013;20;;;10028;19;10031;18;;;10022.5;0.0
yf_ADM_d10;11000;INTARIAN_PEPPER_ROOT;10114;13;10111;19;;;10129;11;10132;25;;;10121.5;0.0
yf_ADM_d10;11100;ASH_COATED_OSMIUM;10020;15;10016;20;;;10026;10;10029;16;;;10023.0;0.0
yf_ADM_d10;11100;INTARIAN_PEPPER_ROOT;10110;20;10107;25;;;10136;17;10140;15;;;10123.0;0.0
yf_ADM_d10;11200;ASH_COATED_OSMIUM;10019;11;10016;24;;;10025;18;10028;17;;;10022.0;0.0
yf_ADM_d10;11200;INTARIAN_PEPPER_ROOT;10121;16;10118;24;;;10127;19;10131;13;;;10124.0;0.0
yf_ADM_d10;11300;ASH_COATED_OSMIUM;10015;9;10012;23;;;10029;16;10033;22;;;10022.0;0.0
yf_ADM_d10;11300;INTARIAN_PEPPER_ROOT;10121;16;10118;12;;;10127;13;10131;29;;;10124.0;0.0
yf_ADM_d10;11400;ASH_COATED_OSMIUM;10020;16;10018;15;;;10026;23;10028;18;;;10023.0;0.0
yf_ADM_d10;11400;INTARIAN_PEPPER_ROOT;10123;16;10120;15;;;10129;5;10133;20;;;10126.0;0.0
yf_ADM_d10;11500;ASH_COATED_OSMIUM;10018;8;10016;26;;;10028;12;10031;31;;;10023.0;0.0
yf_ADM_d10;11500;INTARIAN_PEPPER_ROOT;10123;21;10120;12;;;10129;11;10132;21;;;10126.0;0.0
yf_ADM_d10;11600;ASH_COATED_OSMIUM;10017;13;10015;20;;;10027;13;10029;23;;;10022.0;0.0
yf_ADM_d10;11600;INTARIAN_PEPPER_ROOT;10124;13;10122;22;;;10132;22;10136;22;;;10128.0;0.0
yf_ADM_d10;11700;ASH_COATED_OSMIUM;10019;15;10017;22;;;10025;9;10029;16;;;10022.0;0.0
yf_ADM_d10;11700;INTARIAN_PEPPER_ROOT;10127;17;10123;18;;;10133;6;10137;24;;;10130.0;0.0
yf_ADM_d10;11800;ASH_COATED_OSMIUM;10019;14;10015;16;;;10026;19;10030;20;;;10022.5;0.0
yf_ADM_d10;11800;INTARIAN_PEPPER_ROOT;10127;19;10124;26;;;10134;14;10138;14;;;10130.5;0.0
yf_ADM_d10;11900;ASH_COATED_OSMIUM;10019;17;10017;24;;;10025;15;10029;15;;;10022.0;0.0
yf_ADM_d10;11900;INTARIAN_PEPPER_ROOT;10127;23;10125;20;;;10136;12;10140;21;;;10131.5;0.0
yf_ADM_d10;12000;ASH_COATED_OSMIUM;10019;22;10015;12;;;10026;15;10028;12;;;10022.5;0.0
yf_ADM_d10;12000;INTARIAN_PEPPER_ROOT;10130;11;10127;13;;;10136;12;10140;13;;;10133.0;0.0
yf_ADM_d10;12100;ASH_COATED_OSMIUM;10019;14;10015;15;;;10025;15;10028;25;;;10022.0;0.0
yf_ADM_d10;12100;INTARIAN_PEPPER_ROOT;10130;12;10128;30;;;10136;10;10138;18;;;10133.0;0.0
yf_ADM_d10;12200;ASH_COATED_OSMIUM;10020;13;10017;21;;;10026;13;10030;20;;;10023.0;0.0
yf_ADM_d10;12200;INTARIAN_PEPPER_ROOT;10132;15;10130;28;;;10138;21;10140;20;;;10135.0;0.0
yf_ADM_d10;12300;ASH_COATED_OSMIUM;10019;11;10015;15;;;10025;24;10027;8;;;10022.0;0.0
yf_ADM_d10;12300;INTARIAN_PEPPER_ROOT;10129;17;10126;26;;;10142;6;10145;22;;;10135.5;0.0
yf_ADM_d10;12400;ASH_COATED_OSMIUM;10019;24;10016;18;;;10025;11;10028;16;;;10022.0;0.0
yf_ADM_d10;12400;INTARIAN_PEPPER_ROOT;10129;23;10127;18;;;10145;19;10149;18;;;10137.0;0.0
yf_ADM_d10;12500;ASH_COATED_OSMIUM;10019;12;10017;11;;;10025;17;10027;16;;;10022.0;0.0
yf_ADM_d10;12500;INTARIAN_PEPPER_ROOT;10125;15;10123;18;;;10150;17;10153;20;;;10137.5;0.0
yf_ADM_d10;12600;ASH_COATED_OSMIUM;10019;15;10017;15;;;10025;17;10028;13;;;10022.0;0.0
yf_ADM_d10;12600;INTARIAN_PEPPER_ROOT;10136;13;10133;18;;;10142;16;10145;10;;;10139.0;0.0
yf_ADM_d10;12700;ASH_COATED_OSMIUM;10018;20;10014;14;;;10026;17;10029;15;;;10022.0;0.0
yf_ADM_d10;12700;INTARIAN_PEPPER_ROOT;10137;12;10133;14;;;10143;9;10147;22;;;10140.0;0.0
yf_ADM_d10;12800;ASH_COATED_OSMIUM;10011;13;10008;22;;;10033;11;10035;16;;;10022.0;0.0
yf_ADM_d10;12800;INTARIAN_PEPPER_ROOT;10133;14;10131;21;;;10148;10;10151;8;;;10140.5;0.0
yf_ADM_d10;12900;ASH_COATED_OSMIUM;10015;5;10012;30;;;10029;18;10032;12;;;10022.0;0.0
yf_ADM_d10;12900;INTARIAN_PEPPER_ROOT;10138;5;10134;12;;;10147;18;10151;21;;;10142.5;0.0
yf_ADM_d10;13000;ASH_COATED_OSMIUM;10019;19;10015;20;;;10025;9;10027;20;;;10022.0;0.0
yf_ADM_d10;13000;INTARIAN_PEPPER_ROOT;10136;15;10132;20;;;10150;19;10154;17;;;10143.0;0.0
yf_ADM_d10;13100;ASH_COATED_OSMIUM;10020;5;10016;21;;;10026;10;10029;15;;;10023.0;0.0
yf_ADM_d10;13100;INTARIAN_PEPPER_ROOT;10142;18;10139;16;;;10148;19;10150;17;;;10145.0;0.0
yf_ADM_d10;13200;ASH_COATED_OSMIUM;10018;11;10015;17;;;10024;18;10027;8;;;10021.0;0.0
yf_ADM_d10;13200;INTARIAN_PEPPER_ROOT;10143;18;10139;17;;;10149;9;10151;27;;;10146.0;0.0
yf_ADM_d10;13300;ASH_COATED_OSMIUM;10019;10;10016;18;;;10025;18;10028;10;;;10022.0;0.0
yf_ADM_d10;13300;INTARIAN_PEPPER_ROOT;10143;15;10141;23;;;10151;9;10155;32;;;10147.0;0.0
yf_ADM_d10;13400;ASH_COATED_OSMIUM;10018;16;10015;19;;;10027;15;10029;13;;;10022.5;0.0
yf_ADM_d10;13400;INTARIAN_PEPPER_ROOT;10145;15;10143;25;;;10151;5;10154;17;;;10148.0;0.0
yf_ADM_d10;13500;ASH_COATED_OSMIUM;10015;15;10011;18;;;10029;15;10032;29;;;10022.0;0.0
yf_ADM_d10;13500;INTARIAN_PEPPER_ROOT;10146;8;10143;16;;;10152;5;10154;21;;;10149.0;0.0
yf_ADM_d10;13600;ASH_COATED_OSMIUM;10019;13;10016;26;;;10025;19;10028;26;;;10022.0;0.0
yf_ADM_d10;13600;INTARIAN_PEPPER_ROOT;10147;20;10145;13;;;10153;5;10156;19;;;10150.0;0.0
yf_ADM_d10;13700;ASH_COATED_OSMIUM;10018;10;10014;9;;;10026;16;10030;13;;;10022.0;0.0
yf_ADM_d10;13700;INTARIAN_PEPPER_ROOT;10148;10;10144;13;;;10154;16;10158;23;;;10151.0;0.0
yf_ADM_d10;13800;ASH_COATED_OSMIUM;10019;22;10015;19;;;10025;9;10028;19;;;10022.0;0.0
yf_ADM_d10;13800;INTARIAN_PEPPER_ROOT;10149;16;10147;20;;;10155;13;10158;8;;;10152.0;0.0
yf_ADM_d10;13900;ASH_COATED_OSMIUM;10017;24;10014;16;;;10026;13;10030;19;;;10021.5;0.0
yf_ADM_d10;13900;INTARIAN_PEPPER_ROOT;10151;16;10147;14;;;10157;19;10161;22;;;10154.0;0.0
yf_ADM_d10;14000;ASH_COATED_OSMIUM;10019;18;10016;16;;;10025;21;10029;23;;;10022.0;0.0
yf_ADM_d10;14000;INTARIAN_PEPPER_ROOT;10144;16;10142;21;;;10165;11;10168;21;;;10154.5;0.0
yf_ADM_d10;14100;ASH_COATED_OSMIUM;10014;18;10012;17;;;10030;19;10032;10;;;10022.0;0.0
yf_ADM_d10;14100;INTARIAN_PEPPER_ROOT;10153;20;10151;23;;;10159;23;10163;28;;;10156.0;0.0
yf_ADM_d10;14200;ASH_COATED_OSMIUM;10019;11;10016;20;;;10025;16;10028;13;;;10022.0;0.0
yf_ADM_d10;14200;INTARIAN_PEPPER_ROOT;10154;8;10150;11;;;10160;15;10163;16;;;10157.0;0.0
yf_ADM_d10;14300;ASH_COATED_OSMIUM;10013;13;10009;23;;;10031;22;10035;21;;;10022.0;0.0
yf_ADM_d10;14300;INTARIAN_PEPPER_ROOT;10154;12;10152;18;;;10162;5;10166;15;;;10158.0;0.0
yf_ADM_d10;14400;ASH_COATED_OSMIUM;10018;21;10016;21;;;10024;26;10026;16;;;10021.0;0.0
yf_ADM_d10;14400;INTARIAN_PEPPER_ROOT;10156;13;10152;13;;;10162;13;10165;14;;;10159.0;0.0
yf_ADM_d10;14500;ASH_COATED_OSMIUM;10010;9;10008;20;;;10034;15;10038;19;;;10022.0;0.0
yf_ADM_d10;14500;INTARIAN_PEPPER_ROOT;10155;10;10152;21;;;10166;19;10170;10;;;10160.5;0.0
yf_ADM_d10;14600;ASH_COATED_OSMIUM;10019;27;10015;20;;;10025;13;10028;24;;;10022.0;0.0
yf_ADM_d10;14600;INTARIAN_PEPPER_ROOT;10151;20;10147;23;;;10172;17;10175;23;;;10161.5;0.0
yf_ADM_d10;14700;ASH_COATED_OSMIUM;10015;13;10011;13;;;10027;16;10031;13;;;10021.0;0.0
yf_ADM_d10;14700;INTARIAN_PEPPER_ROOT;10159;13;10156;14;;;10165;9;10168;17;;;10162.0;0.0
yf_ADM_d10;14800;ASH_COATED_OSMIUM;10019;5;10017;21;;;10025;8;10027;12;;;10022.0;0.0
yf_ADM_d10;14800;INTARIAN_PEPPER_ROOT;10160;10;10156;20;;;10166;5;10169;21;;;10163.0;0.0
yf_ADM_d10;14900;ASH_COATED_OSMIUM;10018;15;10015;13;;;10024;5;10028;8;;;10021.0;0.0
yf_ADM_d10;14900;INTARIAN_PEPPER_ROOT;10158;17;10155;18;;;10172;8;10175;18;;;10165.0;0.0
yf_ADM_d10;15000;ASH_COATED_OSMIUM;10019;6;10016;18;;;10025;24;10028;17;;;10022.0;0.0
yf_ADM_d10;15000;INTARIAN_PEPPER_ROOT;10162;14;10159;18;;;10168;13;10171;12;;;10165.0;0.0
yf_ADM_d10;15100;ASH_COATED_OSMIUM;10018;24;10015;24;;;10024;9;10028;21;;;10021.0;0.0
yf_ADM_d10;15100;INTARIAN_PEPPER_ROOT;10149;10;10146;23;;;10185;14;10187;18;;;10167.0;0.0
yf_ADM_d10;15200;ASH_COATED_OSMIUM;10017;16;10015;20;;;10026;5;10029;20;;;10021.5;0.0
yf_ADM_d10;15200;INTARIAN_PEPPER_ROOT;10164;16;10160;22;;;10170;10;10173;18;;;10167.0;0.0
yf_ADM_d10;15300;ASH_COATED_OSMIUM;10018;14;10014;20;;;10027;24;10029;24;;;10022.5;0.0
yf_ADM_d10;15300;INTARIAN_PEPPER_ROOT;10166;11;10163;18;;;10172;15;10174;15;;;10169.0;0.0
yf_ADM_d10;15400;ASH_COATED_OSMIUM;10019;13;10016;20;;;10025;14;10027;23;;;10022.0;0.0
yf_ADM_d10;15400;INTARIAN_PEPPER_ROOT;10167;22;10164;18;;;10173;11;10175;20;;;10170.0;0.0
yf_ADM_d10;15500;ASH_COATED_OSMIUM;10010;24;10008;19;;;10032;18;10036;20;;;10021.0;0.0
yf_ADM_d10;15500;INTARIAN_PEPPER_ROOT;10168;14;10166;26;;;10174;16;10176;26;;;10171.0;0.0
yf_ADM_d10;15600;ASH_COATED_OSMIUM;10018;22;10014;8;;;10024;7;10027;20;;;10021.0;0.0
yf_ADM_d10;15600;INTARIAN_PEPPER_ROOT;10170;17;10168;17;;;10176;11;10179;20;;;10173.0;0.0
yf_ADM_d10;15700;ASH_COATED_OSMIUM;10017;5;10015;17;;;10025;23;10027;26;;;10021.0;0.0
yf_ADM_d10;15700;INTARIAN_PEPPER_ROOT;10170;17;10167;23;;;10176;10;10179;17;;;10173.0;0.0
yf_ADM_d10;15800;ASH_COATED_OSMIUM;10013;22;10010;22;;;10029;9;10032;20;;;10021.0;0.0
yf_ADM_d10;15800;INTARIAN_PEPPER_ROOT;10172;12;10170;20;;;10178;26;10182;20;;;10175.0;0.0
yf_ADM_d10;15900;ASH_COATED_OSMIUM;10014;24;10011;16;;;10028;22;10030;23;;;10021.0;0.0
yf_ADM_d10;15900;INTARIAN_PEPPER_ROOT;10172;11;10170;18;;;10179;13;10182;25;;;10175.5;0.0
yf_ADM_d10;16000;ASH_COATED_OSMIUM;10016;10;10012;24;;;10027;14;10029;11;;;10021.5;0.0
yf_ADM_d10;16000;INTARIAN_PEPPER_ROOT;10164;10;10160;22;;;10189;12;10192;16;;;10176.5;0.0
yf_ADM_d10;16100;ASH_COATED_OSMIUM;10018;8;10014;16;;;10024;7;10026;21;;;10021.0;0.0
yf_ADM_d10;16100;INTARIAN_PEPPER_ROOT;10174;17;10172;15;;;10181;16;10184;17;;;10177.5;0.0
yf_ADM_d10;16200;ASH_COATED_OSMIUM;10013;9;10009;19;;;10030;9;10034;21;;;10021.5;0.0
yf_ADM_d10;16200;INTARIAN_PEPPER_ROOT;10175;25;10173;21;;;10183;17;10187;21;;;10179.0;0.0
yf_ADM_d10;16300;ASH_COATED_OSMIUM;10019;15;10017;27;;;10025;9;10027;18;;;10022.0;0.0
yf_ADM_d10;16300;INTARIAN_PEPPER_ROOT;10177;11;10174;16;;;10183;18;10185;18;;;10180.0;0.0
yf_ADM_d10;16400;ASH_COATED_OSMIUM;10018;15;10016;22;;;10025;11;10029;11;;;10021.5;0.0
yf_ADM_d10;16400;INTARIAN_PEPPER_ROOT;10178;16;10175;14;;;10184;17;10186;20;;;10181.0;0.0
yf_ADM_d10;16500;ASH_COATED_OSMIUM;10018;15;10016;21;;;10024;18;10027;26;;;10021.0;0.0
yf_ADM_d10;16500;INTARIAN_PEPPER_ROOT;10178;12;10175;12;;;10187;12;10189;27;;;10182.5;0.0
yf_ADM_d10;16600;ASH_COATED_OSMIUM;10013;17;10010;22;;;10029;7;10031;25;;;10021.0;0.0
yf_ADM_d10;16600;INTARIAN_PEPPER_ROOT;10180;18;10176;20;;;10186;15;10190;19;;;10183.0;0.0
yf_ADM_d10;16700;ASH_COATED_OSMIUM;10013;30;10010;21;;;10030;5;10034;11;;;10021.5;0.0
yf_ADM_d10;16700;INTARIAN_PEPPER_ROOT;10179;8;10177;20;;;10189;15;10193;22;;;10184.0;0.0
yf_ADM_d10;16800;ASH_COATED_OSMIUM;10019;5;10016;20;;;10025;18;10029;19;;;10022.0;0.0
yf_ADM_d10;16800;INTARIAN_PEPPER_ROOT;10183;20;10179;12;;;10189;23;10193;20;;;10186.0;0.0
yf_ADM_d10;16900;ASH_COATED_OSMIUM;10018;21;10016;17;;;10024;22;10028;23;;;10021.0;0.0
yf_ADM_d10;16900;INTARIAN_PEPPER_ROOT;10183;19;10180;18;;;10189;14;10191;22;;;10186.0;0.0
yf_ADM_d10;17000;ASH_COATED_OSMIUM;10018;22;10015;22;;;10024;22;10028;15;;;10021.0;0.0
yf_ADM_d10;17000;INTARIAN_PEPPER_ROOT;10182;17;10179;21;;;10195;10;10197;24;;;10188.5;0.0
yf_ADM_d10;17100;ASH_COATED_OSMIUM;10012;14;10008;17;;;10029;5;10031;22;;;10020.5;0.0
yf_ADM_d10;17100;INTARIAN_PEPPER_ROOT;10187;16;10183;25;;;10195;8;10198;27;;;10191.0;0.0
yf_ADM_d10;17200;ASH_COATED_OSMIUM;10018;12;10016;11;;;10024;13;10028;24;;;10021.0;0.0
yf_ADM_d10;17200;INTARIAN_PEPPER_ROOT;10190;17;10186;18;;;10196;16;10199;22;;;10193.0;0.0
yf_ADM_d10;17300;ASH_COATED_OSMIUM;10016;12;10012;8;;;10027;12;10031;27;;;10021.5;0.0
yf_ADM_d10;17300;INTARIAN_PEPPER_ROOT;10192;14;10189;15;;;10199;22;10202;20;;;10195.5;0.0
yf_ADM_d10;17400;ASH_COATED_OSMIUM;10017;11;10014;21;;;10025;14;10029;22;;;10021.0;0.0
yf_ADM_d10;17400;INTARIAN_PEPPER_ROOT;10191;12;10189;20;;;10206;15;10210;19;;;10198.5;0.0
yf_ADM_d10;17500;ASH_COATED_OSMIUM;10016;5;10012;27;;;10027;10;10029;21;;;10021.5;0.0
yf_ADM_d10;17500;INTARIAN_PEPPER_ROOT;10195;26;10191;19;;;10205;21;10207;25;;;10200.0;0.0
yf_ADM_d10;17600;ASH_COATED_OSMIUM;10018;19;10014;17;;;10024;13;10026;14;;;10021.0;0.0
yf_ADM_d10;17600;INTARIAN_PEPPER_ROOT;10200;11;10196;18;;;10206;17;10209;15;;;10203.0;0.0
yf_ADM_d10;17700;ASH_COATED_OSMIUM;10018;18;10015;28;;;10024;21;10027;12;;;10021.0;0.0
yf_ADM_d10;17700;INTARIAN_PEPPER_ROOT;10201;12;10199;21;;;10208;14;10210;13;;;10204.5;0.0
yf_ADM_d10;17800;ASH_COATED_OSMIUM;10019;7;10015;21;;;10025;20;10028;19;;;10022.0;0.0
yf_ADM_d10;17800;INTARIAN_PEPPER_ROOT;10200;12;10198;29;;;10214;9;10218;20;;;10207.0;0.0
yf_ADM_d10;17900;ASH_COATED_OSMIUM;10018;11;10014;22;;;10024;11;10028;28;;;10021.0;0.0
yf_ADM_d10;17900;INTARIAN_PEPPER_ROOT;10200;16;10198;23;;;10219;20;10223;17;;;10209.5;0.0
yf_ADM_d10;18000;ASH_COATED_OSMIUM;10019;12;10015;18;;;10025;26;10029;32;;;10022.0;0.0
yf_ADM_d10;18000;INTARIAN_PEPPER_ROOT;10209;17;10207;17;;;10215;18;10217;17;;;10212.0;0.0
yf_ADM_d10;18100;ASH_COATED_OSMIUM;10016;14;10013;10;;;10026;16;10029;20;;;10021.0;0.0
yf_ADM_d10;18100;INTARIAN_PEPPER_ROOT;10206;17;10202;16;;;10221;14;10224;16;;;10213.5;0.0
yf_ADM_d10;18200;ASH_COATED_OSMIUM;10018;28;10014;25;;;10024;23;10028;19;;;10021.0;0.0
yf_ADM_d10;18200;INTARIAN_PEPPER_ROOT;10213;16;10209;15;;;10219;8;10222;23;;;10216.0;0.0
yf_ADM_d10;18300;ASH_COATED_OSMIUM;10018;13;10014;18;;;10024;19;10028;22;;;10021.0;0.0
yf_ADM_d10;18300;INTARIAN_PEPPER_ROOT;10215;12;10211;24;;;10221;16;10223;21;;;10218.0;0.0
yf_ADM_d10;18400;ASH_COATED_OSMIUM;10016;12;10012;25;;;10027;19;10031;27;;;10021.5;0.0
yf_ADM_d10;18400;INTARIAN_PEPPER_ROOT;10217;15;10215;12;;;10224;16;10227;20;;;10220.5;0.0
yf_ADM_d10;18500;ASH_COATED_OSMIUM;10018;11;10015;18;;;10024;16;10026;27;;;10021.0;0.0
yf_ADM_d10;18500;INTARIAN_PEPPER_ROOT;10220;14;10218;13;;;10226;12;10228;19;;;10223.0;0.0
yf_ADM_d10;18600;ASH_COATED_OSMIUM;10011;15;10007;25;;;10034;12;10037;22;;;10022.5;0.0
yf_ADM_d10;18600;INTARIAN_PEPPER_ROOT;10223;25;10221;22;;;10229;19;10231;18;;;10226.0;0.0
yf_ADM_d10;18700;ASH_COATED_OSMIUM;10019;10;10016;19;;;10025;17;10027;14;;;10022.0;0.0
yf_ADM_d10;18700;INTARIAN_PEPPER_ROOT;10221;14;10217;22;;;10234;25;10238;25;;;10227.5;0.0
yf_ADM_d10;18800;ASH_COATED_OSMIUM;10019;14;10015;23;;;10025;17;10029;16;;;10022.0;0.0
yf_ADM_d10;18800;INTARIAN_PEPPER_ROOT;10227;13;10223;27;;;10233;5;10236;15;;;10230.0;0.0
yf_ADM_d10;18900;ASH_COATED_OSMIUM;10019;14;10017;17;;;10027;19;10030;14;;;10023.0;0.0
yf_ADM_d10;18900;INTARIAN_PEPPER_ROOT;10227;8;10223;15;;;10238;16;10241;16;;;10232.5;0.0
yf_ADM_d10;19000;ASH_COATED_OSMIUM;10017;9;10015;21;;;10027;9;10031;27;;;10022.0;0.0
yf_ADM_d10;19000;INTARIAN_PEPPER_ROOT;10225;13;10221;23;;;10245;8;10248;27;;;10235.0;0.0
yf_ADM_d10;19100;ASH_COATED_OSMIUM;10019;14;10017;23;;;10025;17;10028;13;;;10022.0;0.0
yf_ADM_d10;19100;INTARIAN_PEPPER_ROOT;10233;19;10229;13;;;10241;14;10243;23;;;10237.0;0.0
yf_ADM_d10;19200;ASH_COATED_OSMIUM;10015;10;10012;23;;;10029;8;10031;21;;;10022.0;0.0
yf_ADM_d10;19200;INTARIAN_PEPPER_ROOT;10236;20;10232;22;;;10242;11;10244;8;;;10239.0;0.0
yf_ADM_d10;19300;ASH_COATED_OSMIUM;10019;10;10015;21;;;10025;11;10028;19;;;10022.0;0.0
yf_ADM_d10;19300;INTARIAN_PEPPER_ROOT;10238;8;10236;22;;;10245;10;10249;21;;;10241.5;0.0
yf_ADM_d10;19400;ASH_COATED_OSMIUM;10020;8;10016;15;;;10026;16;10029;18;;;10023.0;0.0
yf_ADM_d10;19400;INTARIAN_PEPPER_ROOT;10241;5;10237;12;;;10247;15;10251;18;;;10244.0;0.0
yf_ADM_d10;19500;ASH_COATED_OSMIUM;10020;21;10018;17;;;10026;17;10030;23;;;10023.0;0.0
yf_ADM_d10;19500;INTARIAN_PEPPER_ROOT;10243;5;10239;26;;;10249;17;10251;16;;;10246.0;0.0
yf_ADM_d10;19600;ASH_COATED_OSMIUM;10020;6;10016;20;;;10026;11;10029;23;;;10023.0;0.0
yf_ADM_d10;19600;INTARIAN_PEPPER_ROOT;10220;22;10216;22;;;10278;23;10281;21;;;10249.0;0.0
yf_ADM_d10;19700;ASH_COATED_OSMIUM;10019;18;10015;8;;;10028;18;10030;23;;;10023.5;0.0
yf_ADM_d10;19700;INTARIAN_PEPPER_ROOT;10242;16;10238;22;;;10261;21;10264;25;;;10251.5;0.0
yf_ADM_d10;19800;ASH_COATED_OSMIUM;10019;24;10016;15;;;10025;13;10027;15;;;10022.0;0.0
yf_ADM_d10;19800;INTARIAN_PEPPER_ROOT;10249;13;10246;27;;;10258;21;10260;16;;;10253.5;0.0
yf_ADM_d10;19900;ASH_COATED_OSMIUM;10018;7;10015;9;;;10028;5;10031;14;;;10023.0;0.0
yf_ADM_d10;19900;INTARIAN_PEPPER_ROOT;10252;16;10249;20;;;10258;10;10261;19;;;10255.0;0.0
yf_ADM_d10;20000;ASH_COATED_OSMIUM;10020;14;10018;13;;;10026;14;10030;21;;;10023.0;0.0
yf_ADM_d10;20000;INTARIAN_PEPPER_ROOT;10254;17;10250;26;;;10262;16;10265;27;;;10258.0;0.0
yf_ADM_d10;20100;ASH_COATED_OSMIUM;10019;18;10015;13;;;10027;12;10029;19;;;10023.0;0.0
yf_ADM_d10;20100;INTARIAN_PEPPER_ROOT;10257;8;10253;33;;;10263;24;10265;14;;;10260.0;0.0
yf_ADM_d10;20200;ASH_COATED_OSMIUM;10016;13;10014;17;;;10031;17;10033;22;;;10023.5;0.0
yf_ADM_d10;20200;INTARIAN_PEPPER_ROOT;10259;11;10257;17;;;10265;13;10268;11;;;10262.0;0.0
yf_ADM_d10;20300;ASH_COATED_OSMIUM;10020;9;10017;20;;;10026;16;10029;15;;;10023.0;0.0
yf_ADM_d10;20300;INTARIAN_PEPPER_ROOT;10261;25;10259;14;;;10267;12;10271;21;;;10264.0;0.0
yf_ADM_d10;20400;ASH_COATED_OSMIUM;10020;18;10017;23;;;10026;8;10029;28;;;10023.0;0.0
yf_ADM_d10;20400;INTARIAN_PEPPER_ROOT;10263;10;10261;19;;;10272;19;10274;24;;;10267.5;0.0
yf_ADM_d10;20500;ASH_COATED_OSMIUM;10020;5;10018;25;;;10026;6;10028;12;;;10023.0;0.0
yf_ADM_d10;20500;INTARIAN_PEPPER_ROOT;10266;21;10264;26;;;10272;12;10274;28;;;10269.0;0.0
yf_ADM_d10;20600;ASH_COATED_OSMIUM;10020;16;10016;24;;;10026;17;10028;23;;;10023.0;0.0
yf_ADM_d10;20600;INTARIAN_PEPPER_ROOT;10269;17;10266;27;;;10275;9;10278;21;;;10272.0;0.0
yf_ADM_d10;20700;ASH_COATED_OSMIUM;10020;10;10016;25;;;10026;17;10029;19;;;10023.0;0.0
yf_ADM_d10;20700;INTARIAN_PEPPER_ROOT;10271;14;10268;22;;;10277;22;10281;20;;;10274.0;0.0
yf_ADM_d10;20800;ASH_COATED_OSMIUM;10020;25;10018;31;;;10026;17;10029;22;;;10023.0;0.0
yf_ADM_d10;20800;INTARIAN_PEPPER_ROOT;10273;18;10271;16;;;10281;11;10284;15;;;10277.0;0.0
yf_ADM_d10;20900;ASH_COATED_OSMIUM;10015;8;10012;20;;;10032;7;10035;19;;;10023.5;0.0
yf_ADM_d10;20900;INTARIAN_PEPPER_ROOT;10272;20;10269;25;;;10286;13;10288;19;;;10279.0;0.0
yf_ADM_d10;21000;ASH_COATED_OSMIUM;10021;18;10018;16;;;10027;18;10030;18;;;10024.0;0.0
yf_ADM_d10;21000;INTARIAN_PEPPER_ROOT;10278;19;10276;23;;;10284;22;10286;18;;;10281.0;0.0
yf_ADM_d10;21100;ASH_COATED_OSMIUM;10021;9;10017;14;;;10027;15;10029;19;;;10024.0;0.0
yf_ADM_d10;21100;INTARIAN_PEPPER_ROOT;10270;11;10266;19;;;10297;8;10301;20;;;10283.5;0.0
yf_ADM_d10;21200;ASH_COATED_OSMIUM;10021;7;10019;8;;;10027;25;10030;9;;;10024.0;0.0
yf_ADM_d10;21200;INTARIAN_PEPPER_ROOT;10283;15;10280;22;;;10289;14;10292;25;;;10286.0;0.0
yf_ADM_d10;21300;ASH_COATED_OSMIUM;10021;19;10018;14;;;10027;24;10029;24;;;10024.0;0.0
yf_ADM_d10;21300;INTARIAN_PEPPER_ROOT;10285;14;10282;16;;;10291;15;10294;19;;;10288.0;0.0
yf_ADM_d10;21400;ASH_COATED_OSMIUM;10021;9;10017;29;;;10027;17;10030;28;;;10024.0;0.0
yf_ADM_d10;21400;INTARIAN_PEPPER_ROOT;10287;16;10285;32;;;10293;14;10297;14;;;10290.0;0.0
yf_ADM_d10;21500;ASH_COATED_OSMIUM;10017;12;10014;19;;;10032;11;10034;20;;;10024.5;0.0
yf_ADM_d10;21500;INTARIAN_PEPPER_ROOT;10290;16;10286;16;;;10296;14;10298;22;;;10293.0;0.0
yf_ADM_d10;21600;ASH_COATED_OSMIUM;10021;6;10019;23;;;10027;13;10030;19;;;10024.0;0.0
yf_ADM_d10;21600;INTARIAN_PEPPER_ROOT;10286;14;10283;16;;;10303;14;10305;21;;;10294.5;0.0
yf_ADM_d10;21700;ASH_COATED_OSMIUM;10021;9;10018;13;;;10028;18;10031;17;;;10024.5;0.0
yf_ADM_d10;21700;INTARIAN_PEPPER_ROOT;10294;16;10291;23;;;10300;16;10303;20;;;10297.0;0.0
yf_ADM_d10;21800;ASH_COATED_OSMIUM;10021;17;10017;24;;;10027;15;10029;15;;;10024.0;0.0
yf_ADM_d10;21800;INTARIAN_PEPPER_ROOT;10296;5;10293;19;;;10302;5;10304;22;;;10299.0;0.0
yf_ADM_d10;21900;ASH_COATED_OSMIUM;10021;14;10017;24;;;10027;13;10029;21;;;10024.0;0.0
yf_ADM_d10;21900;INTARIAN_PEPPER_ROOT;10298;17;10294;19;;;10307;7;10310;18;;;10302.5;0.0
yf_ADM_d10;22000;ASH_COATED_OSMIUM;10021;9;10018;21;;;10027;10;10031;21;;;10024.0;0.0
yf_ADM_d10;22000;INTARIAN_PEPPER_ROOT;10296;9;10292;13;;;10313;14;10316;16;;;10304.5;0.0
yf_ADM_d10;22100;ASH_COATED_OSMIUM;10021;9;10019;21;;;10027;9;10029;19;;;10024.0;0.0
yf_ADM_d10;22100;INTARIAN_PEPPER_ROOT;10303;14;10301;23;;;10309;12;10312;24;;;10306.0;0.0
yf_ADM_d10;22200;ASH_COATED_OSMIUM;10022;11;10020;20;;;10028;23;10030;15;;;10025.0;0.0
yf_ADM_d10;22200;INTARIAN_PEPPER_ROOT;10293;13;10290;22;;;10324;19;10326;21;;;10308.5;0.0
yf_ADM_d10;22300;ASH_COATED_OSMIUM;10020;30;10018;20;;;10029;12;10032;24;;;10024.5;0.0
yf_ADM_d10;22300;INTARIAN_PEPPER_ROOT;10308;13;10305;19;;;10314;14;10318;19;;;10311.0;0.0
yf_ADM_d10;22400;ASH_COATED_OSMIUM;10017;19;10014;16;;;10032;17;10036;17;;;10024.5;0.0
yf_ADM_d10;22400;INTARIAN_PEPPER_ROOT;10311;17;10309;17;;;10317;15;10320;17;;;10314.0;0.0
yf_ADM_d10;22500;ASH_COATED_OSMIUM;10022;16;10019;13;;;10028;8;10030;23;;;10025.0;0.0
yf_ADM_d10;22500;INTARIAN_PEPPER_ROOT;10310;6;10307;24;;;10322;19;10324;20;;;10316.0;0.0
yf_ADM_d10;22600;ASH_COATED_OSMIUM;10016;20;10013;21;;;10033;16;10036;21;;;10024.5;0.0
yf_ADM_d10;22600;INTARIAN_PEPPER_ROOT;10315;6;10313;14;;;10321;23;10323;8;;;10318.0;0.0
yf_ADM_d10;22700;ASH_COATED_OSMIUM;10017;13;10014;21;;;10034;15;10037;16;;;10025.5;0.0
yf_ADM_d10;22700;INTARIAN_PEPPER_ROOT;10315;18;10311;17;;;10325;15;10329;23;;;10320.0;0.0
yf_ADM_d10;22800;ASH_COATED_OSMIUM;10020;13;10016;24;;;10031;19;10035;28;;;10025.5;0.0
yf_ADM_d10;22800;INTARIAN_PEPPER_ROOT;10319;13;10315;25;;;10325;21;10327;21;;;10322.0;0.0
yf_ADM_d10;22900;ASH_COATED_OSMIUM;10022;17;10019;19;;;10029;17;10032;19;;;10025.5;0.0
yf_ADM_d10;22900;INTARIAN_PEPPER_ROOT;10322;6;10319;19;;;10328;15;10332;27;;;10325.0;0.0
yf_ADM_d10;23000;ASH_COATED_OSMIUM;10018;14;10014;20;;;10031;19;10033;15;;;10024.5;0.0
yf_ADM_d10;23000;INTARIAN_PEPPER_ROOT;10324;15;10320;27;;;10330;17;10334;19;;;10327.0;0.0
yf_ADM_d10;23100;ASH_COATED_OSMIUM;10022;13;10020;18;;;10028;12;10030;20;;;10025.0;0.0
yf_ADM_d10;23100;INTARIAN_PEPPER_ROOT;10326;10;10322;22;;;10332;13;10335;15;;;10329.0;0.0
yf_ADM_d10;23200;ASH_COATED_OSMIUM;10022;11;10020;15;;;10028;16;10032;17;;;10025.0;0.0
yf_ADM_d10;23200;INTARIAN_PEPPER_ROOT;10320;15;10318;12;;;10343;16;10345;26;;;10331.5;0.0
yf_ADM_d10;23300;ASH_COATED_OSMIUM;10023;12;10019;31;;;10029;5;10031;17;;;10026.0;0.0
yf_ADM_d10;23300;INTARIAN_PEPPER_ROOT;10331;19;10327;30;;;10337;23;10339;23;;;10334.0;0.0
yf_ADM_d10;23400;ASH_COATED_OSMIUM;10022;15;10018;17;;;10028;15;10030;19;;;10025.0;0.0
yf_ADM_d10;23400;INTARIAN_PEPPER_ROOT;10331;14;10327;20;;;10341;20;10343;22;;;10336.0;0.0
yf_ADM_d10;23500;ASH_COATED_OSMIUM;10014;15;10010;8;;;10036;13;10040;15;;;10025.0;0.0
yf_ADM_d10;23500;INTARIAN_PEPPER_ROOT;10336;10;10334;15;;;10343;22;10347;26;;;10339.5;0.0
yf_ADM_d10;23600;ASH_COATED_OSMIUM;10022;9;10020;15;;;10028;13;10030;17;;;10025.0;0.0
yf_ADM_d10;23600;INTARIAN_PEPPER_ROOT;10338;6;10334;19;;;10344;18;10346;30;;;10341.0;0.0
yf_ADM_d10;23700;ASH_COATED_OSMIUM;10020;10;10016;26;;;10031;19;10033;31;;;10025.5;0.0
yf_ADM_d10;23700;INTARIAN_PEPPER_ROOT;10341;19;10338;25;;;10347;15;10349;19;;;10344.0;0.0
yf_ADM_d10;23800;ASH_COATED_OSMIUM;10023;13;10019;16;;;10030;15;10034;13;;;10026.5;0.0
yf_ADM_d10;23800;INTARIAN_PEPPER_ROOT;10341;15;10339;14;;;10350;19;10354;22;;;10345.5;0.0
yf_ADM_d10;23900;ASH_COATED_OSMIUM;10022;14;10019;8;;;10028;22;10031;13;;;10025.0;0.0
yf_ADM_d10;23900;INTARIAN_PEPPER_ROOT;10344;15;10342;23;;;10351;16;10354;22;;;10347.5;0.0
yf_ADM_d10;24000;ASH_COATED_OSMIUM;10023;11;10019;22;;;10029;17;10031;25;;;10026.0;0.0
yf_ADM_d10;24000;INTARIAN_PEPPER_ROOT;10347;14;10344;30;;;10353;19;10355;17;;;10350.0;0.0
yf_ADM_d10;24100;ASH_COATED_OSMIUM;10023;13;10020;18;;;10029;9;10031;17;;;10026.0;0.0
yf_ADM_d10;24100;INTARIAN_PEPPER_ROOT;10350;17;10348;23;;;10356;10;10359;23;;;10353.0;0.0
yf_ADM_d10;24200;ASH_COATED_OSMIUM;10023;11;10019;16;;;10029;10;10031;21;;;10026.0;0.0
yf_ADM_d10;24200;INTARIAN_PEPPER_ROOT;10352;12;10348;19;;;10358;15;10362;18;;;10355.0;0.0
yf_ADM_d10;24300;ASH_COATED_OSMIUM;10023;26;10020;22;;;10029;6;10032;19;;;10026.0;0.0
yf_ADM_d10;24300;INTARIAN_PEPPER_ROOT;10355;19;10353;23;;;10361;10;10364;18;;;10358.0;0.0
yf_ADM_d10;24400;ASH_COATED_OSMIUM;10022;24;10018;24;;;10029;5;10033;27;;;10025.5;0.0
yf_ADM_d10;24400;INTARIAN_PEPPER_ROOT;10357;21;10355;20;;;10363;12;10365;27;;;10360.0;0.0
yf_ADM_d10;24500;ASH_COATED_OSMIUM;10023;18;10019;20;;;10029;9;10032;26;;;10026.0;0.0
yf_ADM_d10;24500;INTARIAN_PEPPER_ROOT;10358;16;10354;16;;;10365;17;10369;16;;;10361.5;0.0
yf_ADM_d10;24600;ASH_COATED_OSMIUM;10018;18;10015;21;;;10032;8;10036;12;;;10025.0;0.0
yf_ADM_d10;24600;INTARIAN_PEPPER_ROOT;10361;15;10357;20;;;10367;15;10371;18;;;10364.0;0.0
yf_ADM_d10;24700;ASH_COATED_OSMIUM;10022;8;10020;25;;;10028;13;10032;26;;;10025.0;0.0
yf_ADM_d10;24700;INTARIAN_PEPPER_ROOT;10353;11;10351;10;;;10380;12;10383;16;;;10366.5;0.0
yf_ADM_d10;24800;ASH_COATED_OSMIUM;10023;10;10019;33;;;10029;10;10031;27;;;10026.0;0.0
yf_ADM_d10;24800;INTARIAN_PEPPER_ROOT;10366;10;10362;18;;;10372;15;10375;24;;;10369.0;0.0
yf_ADM_d10;24900;ASH_COATED_OSMIUM;10023;20;10019;16;;;10029;18;10031;14;;;10026.0;0.0
yf_ADM_d10;24900;INTARIAN_PEPPER_ROOT;10364;13;10360;25;;;10378;14;10381;23;;;10371.0;0.0
yf_ADM_d10;25000;ASH_COATED_OSMIUM;10023;19;10020;21;;;10029;14;10032;11;;;10026.0;0.0
yf_ADM_d10;25000;INTARIAN_PEPPER_ROOT;10369;11;10365;10;;;10380;20;10382;17;;;10374.5;0.0
yf_ADM_d10;25100;ASH_COATED_OSMIUM;10023;7;10020;25;;;10029;10;10031;16;;;10026.0;0.0
yf_ADM_d10;25100;INTARIAN_PEPPER_ROOT;10372;13;10369;15;;;10379;14;10383;8;;;10375.5;0.0
yf_ADM_d10;25200;ASH_COATED_OSMIUM;10023;12;10021;24;;;10029;15;10032;19;;;10026.0;0.0
yf_ADM_d10;25200;INTARIAN_PEPPER_ROOT;10375;10;10373;20;;;10381;18;10383;17;;;10378.0;0.0
yf_ADM_d10;25300;ASH_COATED_OSMIUM;10023;22;10021;14;;;10029;17;10033;16;;;10026.0;0.0
yf_ADM_d10;25300;INTARIAN_PEPPER_ROOT;10374;12;10370;14;;;10388;5;10390;20;;;10381.0;0.0
yf_ADM_d10;25400;ASH_COATED_OSMIUM;10024;10;10020;23;;;10030;15;10032;22;;;10027.0;0.0
yf_ADM_d10;25400;INTARIAN_PEPPER_ROOT;10380;16;10376;24;;;10386;7;10390;21;;;10383.0;0.0
yf_ADM_d10;25500;ASH_COATED_OSMIUM;10023;23;10020;14;;;10029;13;10031;12;;;10026.0;0.0
yf_ADM_d10;25500;INTARIAN_PEPPER_ROOT;10382;8;10380;16;;;10388;9;10390;17;;;10385.0;0.0
yf_ADM_d10;25600;ASH_COATED_OSMIUM;10021;11;10017;27;;;10032;17;10035;20;;;10026.5;0.0
yf_ADM_d10;25600;INTARIAN_PEPPER_ROOT;10383;18;10380;14;;;10392;19;10395;22;;;10387.5;0.0
yf_ADM_d10;25700;ASH_COATED_OSMIUM;10024;19;10022;27;;;10030;17;10034;23;;;10027.0;0.0
yf_ADM_d10;25700;INTARIAN_PEPPER_ROOT;10385;20;10382;16;;;10394;19;10396;28;;;10389.5;0.0
yf_ADM_d10;25800;ASH_COATED_OSMIUM;10024;13;10022;12;;;10030;20;10033;13;;;10027.0;0.0
yf_ADM_d10;25800;INTARIAN_PEPPER_ROOT;10390;13;10387;21;;;10396;10;10398;18;;;10393.0;0.0
yf_ADM_d10;25900;ASH_COATED_OSMIUM;10015;16;10013;18;;;10039;14;10043;26;;;10027.0;0.0
yf_ADM_d10;25900;INTARIAN_PEPPER_ROOT;10392;19;10388;19;;;10398;18;10402;24;;;10395.0;0.0
yf_ADM_d10;26000;ASH_COATED_OSMIUM;10024;19;10021;23;;;10030;26;10033;30;;;10027.0;0.0
yf_ADM_d10;26000;INTARIAN_PEPPER_ROOT;10394;16;10390;22;;;10400;18;10404;23;;;10397.0;0.0
yf_ADM_d10;26100;ASH_COATED_OSMIUM;10023;16;10020;20;;;10030;13;10032;23;;;10026.5;0.0
yf_ADM_d10;26100;INTARIAN_PEPPER_ROOT;10396;24;10392;24;;;10402;8;10404;15;;;10399.0;0.0
yf_ADM_d10;26200;ASH_COATED_OSMIUM;10024;15;10020;10;;;10030;14;10034;24;;;10027.0;0.0
yf_ADM_d10;26200;INTARIAN_PEPPER_ROOT;10390;12;10388;18;;;10413;22;10416;22;;;10401.5;0.0
yf_ADM_d10;26300;ASH_COATED_OSMIUM;10020;16;10017;29;;;10033;18;10037;26;;;10026.5;0.0
yf_ADM_d10;26300;INTARIAN_PEPPER_ROOT;10400;7;10397;15;;;10406;15;10408;17;;;10403.0;0.0
yf_ADM_d10;26400;ASH_COATED_OSMIUM;10025;14;10022;28;;;10031;18;10034;21;;;10028.0;0.0
yf_ADM_d10;26400;INTARIAN_PEPPER_ROOT;10402;14;10398;8;;;10411;11;10413;14;;;10406.5;0.0
yf_ADM_d10;26500;ASH_COATED_OSMIUM;10021;19;10017;23;;;10033;17;10036;22;;;10027.0;0.0
yf_ADM_d10;26500;INTARIAN_PEPPER_ROOT;10405;15;10403;23;;;10411;9;10414;20;;;10408.0;0.0
yf_ADM_d10;26600;ASH_COATED_OSMIUM;10024;10;10022;22;;;10030;12;10033;25;;;10027.0;0.0
yf_ADM_d10;26600;INTARIAN_PEPPER_ROOT;10405;12;10401;11;;;10416;18;10420;25;;;10410.5;0.0
yf_ADM_d10;26700;ASH_COATED_OSMIUM;10022;12;10020;22;;;10034;11;10038;19;;;10028.0;0.0
yf_ADM_d10;26700;INTARIAN_PEPPER_ROOT;10410;16;10408;23;;;10417;13;10420;17;;;10413.5;0.0
yf_ADM_d10;26800;ASH_COATED_OSMIUM;10020;14;10018;17;;;10035;16;10037;16;;;10027.5;0.0
yf_ADM_d10;26800;INTARIAN_PEPPER_ROOT;10412;11;10410;27;;;10418;7;10421;21;;;10415.0;0.0
yf_ADM_d10;26900;ASH_COATED_OSMIUM;10025;5;10023;21;;;10031;8;10035;16;;;10028.0;0.0
yf_ADM_d10;26900;INTARIAN_PEPPER_ROOT;10414;16;10410;21;;;10420;12;10424;19;;;10417.0;0.0
yf_ADM_d10;27000;ASH_COATED_OSMIUM;10023;14;10020;16;;;10033;18;10036;24;;;10028.0;0.0
yf_ADM_d10;27000;INTARIAN_PEPPER_ROOT;10417;20;10414;18;;;10423;9;10426;14;;;10420.0;0.0
yf_ADM_d10;27100;ASH_COATED_OSMIUM;10024;12;10020;19;;;10032;17;10036;28;;;10028.0;0.0
yf_ADM_d10;27100;INTARIAN_PEPPER_ROOT;10419;17;10417;18;;;10425;22;10429;13;;;10422.0;0.0
yf_ADM_d10;27200;ASH_COATED_OSMIUM;10024;15;10022;24;;;10032;17;10035;18;;;10028.0;0.0
yf_ADM_d10;27200;INTARIAN_PEPPER_ROOT;10421;5;10419;16;;;10427;8;10429;14;;;10424.0;0.0
yf_ADM_d10;27300;ASH_COATED_OSMIUM;10010;18;10007;16;;;10046;15;10050;19;;;10028.0;0.0
yf_ADM_d10;27300;INTARIAN_PEPPER_ROOT;10421;16;10418;17;;;10434;15;10437;27;;;10427.5;0.0
yf_ADM_d10;27400;ASH_COATED_OSMIUM;10025;17;10022;15;;;10031;15;10034;16;;;10028.0;0.0
yf_ADM_d10;27400;INTARIAN_PEPPER_ROOT;10424;8;10422;18;;;10435;16;10439;24;;;10429.5;0.0
yf_ADM_d10;27500;ASH_COATED_OSMIUM;10025;16;10021;23;;;10032;15;10034;24;;;10028.5;0.0
yf_ADM_d10;27500;INTARIAN_PEPPER_ROOT;10425;11;10421;17;;;10436;13;10440;18;;;10430.5;0.0
yf_ADM_d10;27600;ASH_COATED_OSMIUM;10021;9;10017;21;;;10035;13;10039;8;;;10028.0;0.0
yf_ADM_d10;27600;INTARIAN_PEPPER_ROOT;10430;15;10428;18;;;10436;11;10440;27;;;10433.0;0.0
yf_ADM_d10;27700;ASH_COATED_OSMIUM;10025;17;10022;16;;;10031;19;10035;21;;;10028.0;0.0
yf_ADM_d10;27700;INTARIAN_PEPPER_ROOT;10433;10;10429;22;;;10439;11;10442;19;;;10436.0;0.0
yf_ADM_d10;27800;ASH_COATED_OSMIUM;10020;21;10017;21;;;10037;15;10039;15;;;10028.5;0.0
yf_ADM_d10;27800;INTARIAN_PEPPER_ROOT;10432;13;10428;11;;;10446;14;10450;14;;;10439.0;0.0
yf_ADM_d10;27900;ASH_COATED_OSMIUM;10025;15;10021;22;;;10031;13;10035;15;;;10028.0;0.0
yf_ADM_d10;27900;INTARIAN_PEPPER_ROOT;10436;18;10433;15;;;10446;17;10448;28;;;10441.0;0.0
yf_ADM_d10;28000;ASH_COATED_OSMIUM;10025;19;10023;25;;;10031;18;10033;18;;;10028.0;0.0
yf_ADM_d10;28000;INTARIAN_PEPPER_ROOT;10434;6;10430;16;;;10453;12;10455;20;;;10443.5;0.0
yf_ADM_d10;28100;ASH_COATED_OSMIUM;10025;17;10021;19;;;10031;12;10034;13;;;10028.0;0.0
yf_ADM_d10;28100;INTARIAN_PEPPER_ROOT;10442;11;10438;23;;;10448;16;10452;20;;;10445.0;0.0
yf_ADM_d10;28200;ASH_COATED_OSMIUM;10023;14;10020;17;;;10035;16;10037;19;;;10029.0;0.0
yf_ADM_d10;28200;INTARIAN_PEPPER_ROOT;10444;21;10440;13;;;10450;15;10452;22;;;10447.0;0.0
yf_ADM_d10;28300;ASH_COATED_OSMIUM;10026;18;10024;12;;;10032;24;10034;28;;;10029.0;0.0
yf_ADM_d10;28300;INTARIAN_PEPPER_ROOT;10446;10;10444;26;;;10453;15;10457;13;;;10449.5;0.0
yf_ADM_d10;28400;ASH_COATED_OSMIUM;10026;13;10023;26;;;10033;9;10036;18;;;10029.5;0.0
yf_ADM_d10;28400;INTARIAN_PEPPER_ROOT;10449;15;10445;19;;;10455;14;10459;26;;;10452.0;0.0
yf_ADM_d10;28500;ASH_COATED_OSMIUM;10023;13;10021;29;;;10035;14;10038;18;;;10029.0;0.0
yf_ADM_d10;28500;INTARIAN_PEPPER_ROOT;10451;7;10448;26;;;10457;13;10461;22;;;10454.0;0.0
yf_ADM_d10;28600;ASH_COATED_OSMIUM;10025;12;10022;9;;;10033;14;10035;22;;;10029.0;0.0
yf_ADM_d10;28600;INTARIAN_PEPPER_ROOT;10443;9;10441;11;;;10472;18;10476;12;;;10457.5;0.0
yf_ADM_d10;28700;ASH_COATED_OSMIUM;10025;15;10023;25;;;10031;22;10033;17;;;10028.0;0.0
yf_ADM_d10;28700;INTARIAN_PEPPER_ROOT;10456;14;10453;23;;;10462;16;10465;22;;;10459.0;0.0
yf_ADM_d10;28800;ASH_COATED_OSMIUM;10026;19;10023;22;;;10032;27;10035;18;;;10029.0;0.0
yf_ADM_d10;28800;INTARIAN_PEPPER_ROOT;10459;19;10456;24;;;10465;15;10469;13;;;10462.0;0.0
yf_ADM_d10;28900;ASH_COATED_OSMIUM;10026;29;10022;25;;;10032;18;10036;15;;;10029.0;0.0
yf_ADM_d10;28900;INTARIAN_PEPPER_ROOT;10459;14;10455;26;;;10468;12;10470;18;;;10463.5;0.0
yf_ADM_d10;29000;ASH_COATED_OSMIUM;10026;19;10023;27;;;10032;14;10036;28;;;10029.0;0.0
yf_ADM_d10;29000;INTARIAN_PEPPER_ROOT;10460;10;10456;14;;;10473;5;10475;17;;;10466.5;0.0
yf_ADM_d10;29100;ASH_COATED_OSMIUM;10017;11;10015;23;;;10041;17;10045;17;;;10029.0;0.0
yf_ADM_d10;29100;INTARIAN_PEPPER_ROOT;10463;12;10461;23;;;10473;11;10475;16;;;10468.0;0.0
yf_ADM_d10;29200;ASH_COATED_OSMIUM;10026;20;10024;24;;;10032;11;10036;32;;;10029.0;0.0
yf_ADM_d10;29200;INTARIAN_PEPPER_ROOT;10460;11;10458;26;;;10483;11;10487;18;;;10471.5;0.0
yf_ADM_d10;29300;ASH_COATED_OSMIUM;10026;14;10023;15;;;10032;17;10034;14;;;10029.0;0.0
yf_ADM_d10;29300;INTARIAN_PEPPER_ROOT;10470;7;10468;16;;;10476;15;10478;17;;;10473.0;0.0
yf_ADM_d10;29400;ASH_COATED_OSMIUM;10026;20;10022;18;;;10032;19;10036;20;;;10029.0;0.0
yf_ADM_d10;29400;INTARIAN_PEPPER_ROOT;10470;15;10468;14;;;10480;15;10483;22;;;10475.0;0.0
yf_ADM_d10;29500;ASH_COATED_OSMIUM;10025;13;10021;30;;;10033;11;10036;18;;;10029.0;0.0
yf_ADM_d10;29500;INTARIAN_PEPPER_ROOT;10474;26;10471;24;;;10481;22;10483;26;;;10477.5;0.0
yf_ADM_d10;29600;ASH_COATED_OSMIUM;10024;16;10021;17;;;10033;8;10036;26;;;10028.5;0.0
yf_ADM_d10;29600;INTARIAN_PEPPER_ROOT;10477;16;10474;9;;;10483;15;10486;21;;;10480.0;0.0
yf_ADM_d10;29700;ASH_COATED_OSMIUM;10025;22;10021;22;;;10031;5;10033;18;;;10028.0;0.0
yf_ADM_d10;29700;INTARIAN_PEPPER_ROOT;10479;20;10475;20;;;10485;5;10488;26;;;10482.0;0.0
yf_ADM_d10;29800;ASH_COATED_OSMIUM;10026;16;10023;12;;;10032;17;10036;14;;;10029.0;0.0
yf_ADM_d10;29800;INTARIAN_PEPPER_ROOT;10482;9;10480;14;;;10488;18;10491;21;;;10485.0;0.0
yf_ADM_d10;29900;ASH_COATED_OSMIUM;10026;21;10024;10;;;10032;11;10034;21;;;10029.0;0.0
yf_ADM_d10;29900;INTARIAN_PEPPER_ROOT;10484;14;10481;24;;;10490;16;10493;17;;;10487.0;0.0
yf_ADM_d10;30000;ASH_COATED_OSMIUM;10027;12;10023;24;;;10033;10;10036;17;;;10030.0;0.0
yf_ADM_d10;30000;INTARIAN_PEPPER_ROOT;10486;11;10482;17;;;10492;7;10494;17;;;10489.0;0.0
yf_ADM_d10;30100;ASH_COATED_OSMIUM;10026;16;10022;30;;;10032;15;10034;18;;;10029.0;0.0
yf_ADM_d10;30100;INTARIAN_PEPPER_ROOT;10488;11;10484;22;;;10494;21;10498;21;;;10491.0;0.0
yf_ADM_d10;30200;ASH_COATED_OSMIUM;10027;10;10023;18;;;10033;21;10036;14;;;10030.0;0.0
yf_ADM_d10;30200;INTARIAN_PEPPER_ROOT;10490;14;10488;19;;;10496;17;10499;14;;;10493.0;0.0
yf_ADM_d10;30300;ASH_COATED_OSMIUM;10026;13;10024;14;;;10034;16;10036;24;;;10030.0;0.0
yf_ADM_d10;30300;INTARIAN_PEPPER_ROOT;10493;15;10489;19;;;10499;5;10501;20;;;10496.0;0.0
yf_ADM_d10;30400;ASH_COATED_OSMIUM;10027;9;10023;23;;;10033;11;10036;17;;;10030.0;0.0
yf_ADM_d10;30400;INTARIAN_PEPPER_ROOT;10495;25;10493;22;;;10501;7;10504;21;;;10498.0;0.0
yf_ADM_d10;30500;ASH_COATED_OSMIUM;10027;11;10024;12;;;10033;5;10035;23;;;10030.0;0.0
yf_ADM_d10;30500;INTARIAN_PEPPER_ROOT;10479;21;10477;25;;;10522;20;10524;12;;;10500.5;0.0
yf_ADM_d10;30600;ASH_COATED_OSMIUM;10027;10;10023;26;;;10033;16;10035;19;;;10030.0;0.0
yf_ADM_d10;30600;INTARIAN_PEPPER_ROOT;10500;14;10498;23;;;10506;15;10509;20;;;10503.0;0.0
yf_ADM_d10;30700;ASH_COATED_OSMIUM;10006;17;10003;8;;;10055;19;10059;14;;;10030.5;0.0
yf_ADM_d10;30700;INTARIAN_PEPPER_ROOT;10502;16;10498;21;;;10508;19;10510;26;;;10505.0;0.0
yf_ADM_d10;30800;ASH_COATED_OSMIUM;10027;16;10024;23;;;10033;11;10036;11;;;10030.0;0.0
yf_ADM_d10;30800;INTARIAN_PEPPER_ROOT;10503;14;10501;20;;;10511;9;10513;26;;;10507.0;0.0
yf_ADM_d10;30900;ASH_COATED_OSMIUM;10021;24;10017;28;;;10039;17;10043;15;;;10030.0;0.0
yf_ADM_d10;30900;INTARIAN_PEPPER_ROOT;10507;22;10504;19;;;10513;22;10516;27;;;10510.0;0.0
yf_ADM_d10;31000;ASH_COATED_OSMIUM;10028;17;10026;21;;;10034;14;10038;12;;;10031.0;0.0
yf_ADM_d10;31000;INTARIAN_PEPPER_ROOT;10505;19;10501;20;;;10521;21;10525;27;;;10513.0;0.0
yf_ADM_d10;31100;ASH_COATED_OSMIUM;10027;23;10023;12;;;10033;12;10036;29;;;10030.0;0.0
yf_ADM_d10;31100;INTARIAN_PEPPER_ROOT;10511;11;10508;16;;;10518;11;10522;25;;;10514.5;0.0
yf_ADM_d10;31200;ASH_COATED_OSMIUM;10022;16;10020;10;;;10039;17;10041;10;;;10030.5;0.0
yf_ADM_d10;31200;INTARIAN_PEPPER_ROOT;10511;24;10508;24;;;10523;5;10525;25;;;10517.0;0.0
yf_ADM_d10;31300;ASH_COATED_OSMIUM;10028;21;10026;11;;;10034;14;10038;9;;;10031.0;0.0
yf_ADM_d10;31300;INTARIAN_PEPPER_ROOT;10513;21;10510;26;;;10524;15;10528;18;;;10518.5;0.0
yf_ADM_d10;31400;ASH_COATED_OSMIUM;10028;15;10024;20;;;10034;11;10037;23;;;10031.0;0.0
yf_ADM_d10;31400;INTARIAN_PEPPER_ROOT;10519;17;10515;17;;;10525;18;10529;20;;;10522.0;0.0
yf_ADM_d10;31500;ASH_COATED_OSMIUM;10028;26;10024;20;;;10034;21;10038;14;;;10031.0;0.0
yf_ADM_d10;31500;INTARIAN_PEPPER_ROOT;10520;20;10517;18;;;10526;14;10529;17;;;10523.0;0.0
yf_ADM_d10;31600;ASH_COATED_OSMIUM;10028;16;10026;22;;;10034;16;10036;20;;;10031.0;0.0
yf_ADM_d10;31600;INTARIAN_PEPPER_ROOT;10524;7;10521;15;;;10530;24;10532;27;;;10527.0;0.0
yf_ADM_d10;31700;ASH_COATED_OSMIUM;10024;9;10020;8;;;10038;11;10041;26;;;10031.0;0.0
yf_ADM_d10;31700;INTARIAN_PEPPER_ROOT;10525;23;10521;14;;;10532;5;10534;12;;;10528.5;0.0
yf_ADM_d10;31800;ASH_COATED_OSMIUM;10028;17;10025;20;;;10034;12;10036;18;;;10031.0;0.0
yf_ADM_d10;31800;INTARIAN_PEPPER_ROOT;10528;5;10525;22;;;10534;15;10537;13;;;10531.0;0.0
yf_ADM_d10;31900;ASH_COATED_OSMIUM;10017;17;10014;25;;;10044;17;10046;18;;;10030.5;0.0
yf_ADM_d10;31900;INTARIAN_PEPPER_ROOT;10530;17;10528;16;;;10536;13;10540;19;;;10533.0;0.0
yf_ADM_d10;32000;ASH_COATED_OSMIUM;10027;12;10025;23;;;10033;20;10035;11;;;10030.0;0.0
yf_ADM_d10;32000;INTARIAN_PEPPER_ROOT;10532;16;10530;23;;;10538;15;10541;14;;;10535.0;0.0
yf_ADM_d10;32100;ASH_COATED_OSMIUM;10028;15;10024;27;;;10034;9;10038;28;;;10031.0;0.0
yf_ADM_d10;32100;INTARIAN_PEPPER_ROOT;10534;21;10532;10;;;10541;14;10544;24;;;10537.5;0.0
yf_ADM_d10;32200;ASH_COATED_OSMIUM;10027;14;10025;20;;;10036;17;10038;21;;;10031.5;0.0
yf_ADM_d10;32200;INTARIAN_PEPPER_ROOT;10537;15;10535;18;;;10543;26;10546;18;;;10540.0;0.0
yf_ADM_d10;32300;ASH_COATED_OSMIUM;10026;6;10022;19;;;10037;5;10039;11;;;10031.5;0.0
yf_ADM_d10;32300;INTARIAN_PEPPER_ROOT;10532;27;10530;15;;;10554;16;10556;13;;;10543.0;0.0
yf_ADM_d10;32400;ASH_COATED_OSMIUM;10025;22;10021;25;;;10038;12;10042;22;;;10031.5;0.0
yf_ADM_d10;32400;INTARIAN_PEPPER_ROOT;10541;25;10539;22;;;10549;16;10552;28;;;10545.0;0.0
yf_ADM_d10;32500;ASH_COATED_OSMIUM;10028;15;10025;16;;;10034;17;10038;15;;;10031.0;0.0
yf_ADM_d10;32500;INTARIAN_PEPPER_ROOT;10543;24;10540;26;;;10551;17;10555;26;;;10547.0;0.0
yf_ADM_d10;32600;ASH_COATED_OSMIUM;10029;14;10026;25;;;10035;16;10038;21;;;10032.0;0.0
yf_ADM_d10;32600;INTARIAN_PEPPER_ROOT;10546;13;10544;22;;;10552;24;10554;20;;;10549.0;0.0
yf_ADM_d10;32700;ASH_COATED_OSMIUM;10029;19;10025;19;;;10035;11;10037;22;;;10032.0;0.0
yf_ADM_d10;32700;INTARIAN_PEPPER_ROOT;10549;8;10545;16;;;10555;12;10559;11;;;10552.0;0.0
yf_ADM_d10;32800;ASH_COATED_OSMIUM;10029;14;10025;16;;;10035;15;10039;10;;;10032.0;0.0
yf_ADM_d10;32800;INTARIAN_PEPPER_ROOT;10551;13;10549;16;;;10557;14;10560;21;;;10554.0;0.0
yf_ADM_d10;32900;ASH_COATED_OSMIUM;10029;14;10027;14;;;10035;15;10037;18;;;10032.0;0.0
yf_ADM_d10;32900;INTARIAN_PEPPER_ROOT;10553;15;10550;20;;;10559;15;10562;20;;;10556.0;0.0
yf_ADM_d10;33000;ASH_COATED_OSMIUM;10019;9;10016;10;;;10044;18;10048;22;;;10031.5;0.0
yf_ADM_d10;33000;INTARIAN_PEPPER_ROOT;10555;13;10552;25;;;10561;8;10564;14;;;10558.0;0.0
yf_ADM_d10;33100;ASH_COATED_OSMIUM;10029;10;10026;13;;;10035;19;10038;15;;;10032.0;0.0
yf_ADM_d10;33100;INTARIAN_PEPPER_ROOT;10556;13;10552;24;;;10566;17;10570;20;;;10561.0;0.0
yf_ADM_d10;33200;ASH_COATED_OSMIUM;10028;10;10026;23;;;10036;18;10040;25;;;10032.0;0.0
yf_ADM_d10;33200;INTARIAN_PEPPER_ROOT;10560;15;10558;14;;;10566;10;10570;24;;;10563.0;0.0
yf_ADM_d10;33300;ASH_COATED_OSMIUM;10030;8;10028;18;;;10036;16;10039;8;;;10033.0;0.0
yf_ADM_d10;33300;INTARIAN_PEPPER_ROOT;10562;10;10558;20;;;10571;16;10573;18;;;10566.5;0.0
yf_ADM_d10;33400;ASH_COATED_OSMIUM;10025;14;10021;19;;;10038;20;10040;22;;;10031.5;0.0
yf_ADM_d10;33400;INTARIAN_PEPPER_ROOT;10561;5;10557;18;;;10575;15;10577;12;;;10568.0;0.0
yf_ADM_d10;33500;ASH_COATED_OSMIUM;10029;23;10026;16;;;10036;27;10040;25;;;10032.5;0.0
yf_ADM_d10;33500;INTARIAN_PEPPER_ROOT;10568;8;10564;20;;;10574;18;10576;16;;;10571.0;0.0
yf_ADM_d10;33600;ASH_COATED_OSMIUM;10029;24;10025;23;;;10035;13;10037;18;;;10032.0;0.0
yf_ADM_d10;33600;INTARIAN_PEPPER_ROOT;10568;21;10564;21;;;10576;10;10578;21;;;10572.0;0.0
yf_ADM_d10;33700;ASH_COATED_OSMIUM;10029;16;10027;21;;;10035;20;10039;22;;;10032.0;0.0
yf_ADM_d10;33700;INTARIAN_PEPPER_ROOT;10571;20;10568;16;;;10578;9;10581;19;;;10574.5;0.0
yf_ADM_d10;33800;ASH_COATED_OSMIUM;10022;5;10018;25;;;10042;16;10044;24;;;10032.0;0.0
yf_ADM_d10;33800;INTARIAN_PEPPER_ROOT;10574;13;10571;20;;;10580;24;10583;10;;;10577.0;0.0
yf_ADM_d10;33900;ASH_COATED_OSMIUM;10029;11;10025;28;;;10036;12;10040;14;;;10032.5;0.0
yf_ADM_d10;33900;INTARIAN_PEPPER_ROOT;10577;12;10573;17;;;10583;14;10587;24;;;10580.0;0.0
yf_ADM_d10;34000;ASH_COATED_OSMIUM;10029;18;10027;17;;;10035;18;10038;18;;;10032.0;0.0
yf_ADM_d10;34000;INTARIAN_PEPPER_ROOT;10578;10;10574;23;;;10584;14;10588;21;;;10581.0;0.0
yf_ADM_d10;34100;ASH_COATED_OSMIUM;10030;18;10026;15;;;10036;18;10038;23;;;10033.0;0.0
yf_ADM_d10;34100;INTARIAN_PEPPER_ROOT;10580;7;10578;27;;;10586;17;10589;12;;;10583.0;0.0
yf_ADM_d10;34200;ASH_COATED_OSMIUM;10027;12;10023;25;;;10036;17;10039;21;;;10031.5;0.0
yf_ADM_d10;34200;INTARIAN_PEPPER_ROOT;10582;6;10579;20;;;10588;23;10591;29;;;10585.0;0.0
yf_ADM_d10;34300;ASH_COATED_OSMIUM;10029;20;10027;15;;;10035;17;10037;15;;;10032.0;0.0
yf_ADM_d10;34300;INTARIAN_PEPPER_ROOT;10585;18;10583;20;;;10591;9;10594;21;;;10588.0;0.0
yf_ADM_d10;34400;ASH_COATED_OSMIUM;10024;16;10022;14;;;10041;13;10045;19;;;10032.5;0.0
yf_ADM_d10;34400;INTARIAN_PEPPER_ROOT;10587;21;10585;18;;;10593;14;10596;21;;;10590.0;0.0
yf_ADM_d10;34500;ASH_COATED_OSMIUM;10028;11;10024;30;;;10036;18;10038;19;;;10032.0;0.0
yf_ADM_d10;34500;INTARIAN_PEPPER_ROOT;10588;16;10586;23;;;10594;22;10597;17;;;10591.0;0.0
yf_ADM_d10;34600;ASH_COATED_OSMIUM;10029;12;10026;29;;;10035;13;10039;19;;;10032.0;0.0
yf_ADM_d10;34600;INTARIAN_PEPPER_ROOT;10586;19;10583;15;;;10601;19;10603;9;;;10593.5;0.0
yf_ADM_d10;34700;ASH_COATED_OSMIUM;10029;13;10025;16;;;10036;23;10038;18;;;10032.5;0.0
yf_ADM_d10;34700;INTARIAN_PEPPER_ROOT;10592;24;10589;18;;;10600;14;10602;16;;;10596.0;0.0
yf_ADM_d10;34800;ASH_COATED_OSMIUM;10029;20;10027;8;;;10035;21;10038;22;;;10032.0;0.0
yf_ADM_d10;34800;INTARIAN_PEPPER_ROOT;10594;8;10592;20;;;10600;8;10604;20;;;10597.0;0.0
yf_ADM_d10;34900;ASH_COATED_OSMIUM;10027;27;10025;27;;;10037;18;10041;16;;;10032.0;0.0
yf_ADM_d10;34900;INTARIAN_PEPPER_ROOT;10596;14;10593;8;;;10602;10;10605;17;;;10599.0;0.0
yf_ADM_d10;35000;ASH_COATED_OSMIUM;10030;22;10028;14;;;10036;13;10038;15;;;10033.0;0.0
yf_ADM_d10;35000;INTARIAN_PEPPER_ROOT;10599;17;10597;31;;;10605;21;10608;18;;;10602.0;0.0
yf_ADM_d10;35100;ASH_COATED_OSMIUM;10024;11;10021;22;;;10041;16;10044;11;;;10032.5;0.0
yf_ADM_d10;35100;INTARIAN_PEPPER_ROOT;10595;8;10593;16;;;10611;16;10613;24;;;10603.0;0.0
yf_ADM_d10;35200;ASH_COATED_OSMIUM;10030;10;10028;19;;;10036;23;10040;24;;;10033.0;0.0
yf_ADM_d10;35200;INTARIAN_PEPPER_ROOT;10597;9;10595;23;;;10614;18;10618;13;;;10605.5;0.0
yf_ADM_d10;35300;ASH_COATED_OSMIUM;10030;14;10026;17;;;10036;14;10040;10;;;10033.0;0.0
yf_ADM_d10;35300;INTARIAN_PEPPER_ROOT;10604;21;10601;18;;;10610;16;10613;11;;;10607.0;0.0
yf_ADM_d10;35400;ASH_COATED_OSMIUM;10029;18;10025;21;;;10035;14;10039;25;;;10032.0;0.0
yf_ADM_d10;35400;INTARIAN_PEPPER_ROOT;10604;19;10602;25;;;10614;13;10617;11;;;10609.0;0.0
yf_ADM_d10;35500;ASH_COATED_OSMIUM;10028;17;10026;15;;;10036;13;10039;27;;;10032.0;0.0
yf_ADM_d10;35500;INTARIAN_PEPPER_ROOT;10609;13;10606;23;;;10615;20;10619;14;;;10612.0;0.0
yf_ADM_d10;35600;ASH_COATED_OSMIUM;10029;11;10026;18;;;10035;13;10039;21;;;10032.0;0.0
yf_ADM_d10;35600;INTARIAN_PEPPER_ROOT;10610;19;10608;11;;;10616;10;10620;18;;;10613.0;0.0
yf_ADM_d10;35700;ASH_COATED_OSMIUM;10028;12;10026;19;;;10036;14;10040;21;;;10032.0;0.0
yf_ADM_d10;35700;INTARIAN_PEPPER_ROOT;10613;12;10609;22;;;10619;23;10622;24;;;10616.0;0.0
yf_ADM_d10;35800;ASH_COATED_OSMIUM;10029;17;10027;11;;;10037;19;10039;16;;;10033.0;0.0
yf_ADM_d10;35800;INTARIAN_PEPPER_ROOT;10614;16;10610;24;;;10620;17;10622;22;;;10617.0;0.0
yf_ADM_d10;35900;ASH_COATED_OSMIUM;10028;23;10025;23;;;10038;16;10041;25;;;10033.0;0.0
yf_ADM_d10;35900;INTARIAN_PEPPER_ROOT;10616;12;10612;16;;;10624;8;10627;28;;;10620.0;0.0
yf_ADM_d10;36000;ASH_COATED_OSMIUM;10030;8;10027;26;;;10036;16;10040;18;;;10033.0;0.0
yf_ADM_d10;36000;INTARIAN_PEPPER_ROOT;10619;20;10615;30;;;10625;15;10629;17;;;10622.0;0.0
yf_ADM_d10;36100;ASH_COATED_OSMIUM;10030;16;10027;22;;;10036;15;10040;24;;;10033.0;0.0
yf_ADM_d10;36100;INTARIAN_PEPPER_ROOT;10621;11;10617;11;;;10627;11;10630;28;;;10624.0;0.0
yf_ADM_d10;36200;ASH_COATED_OSMIUM;10030;14;10028;21;;;10036;15;10040;18;;;10033.0;0.0
yf_ADM_d10;36200;INTARIAN_PEPPER_ROOT;10621;13;10619;18;;;10629;20;10633;15;;;10625.0;0.0
yf_ADM_d10;36300;ASH_COATED_OSMIUM;10030;13;10028;22;;;10036;15;10040;16;;;10033.0;0.0
yf_ADM_d10;36300;INTARIAN_PEPPER_ROOT;10625;7;10621;16;;;10631;17;10635;23;;;10628.0;0.0
yf_ADM_d10;36400;ASH_COATED_OSMIUM;10030;7;10028;20;;;10036;7;10039;24;;;10033.0;0.0
yf_ADM_d10;36400;INTARIAN_PEPPER_ROOT;10620;19;10616;17;;;10640;17;10644;20;;;10630.0;0.0
yf_ADM_d10;36500;ASH_COATED_OSMIUM;10029;19;10027;24;;;10035;18;10038;13;;;10032.0;0.0
yf_ADM_d10;36500;INTARIAN_PEPPER_ROOT;10626;15;10624;22;;;10636;9;10638;20;;;10631.0;0.0
yf_ADM_d10;36600;ASH_COATED_OSMIUM;10030;22;10026;13;;;10036;13;10040;25;;;10033.0;0.0
yf_ADM_d10;36600;INTARIAN_PEPPER_ROOT;10628;5;10624;16;;;10638;16;10640;10;;;10633.0;0.0
yf_ADM_d10;36700;ASH_COATED_OSMIUM;10030;14;10028;20;;;10036;14;10040;22;;;10033.0;0.0
yf_ADM_d10;36700;INTARIAN_PEPPER_ROOT;10633;14;10630;16;;;10639;11;10643;21;;;10636.0;0.0
yf_ADM_d10;36800;ASH_COATED_OSMIUM;10030;17;10026;28;;;10036;17;10039;23;;;10033.0;0.0
yf_ADM_d10;36800;INTARIAN_PEPPER_ROOT;10634;15;10631;31;;;10640;16;10643;18;;;10637.0;0.0
yf_ADM_d10;36900;ASH_COATED_OSMIUM;10023;14;10021;11;;;10044;11;10047;22;;;10033.5;0.0
yf_ADM_d10;36900;INTARIAN_PEPPER_ROOT;10637;9;10635;22;;;10643;17;10646;8;;;10640.0;0.0
yf_ADM_d10;37000;ASH_COATED_OSMIUM;10030;14;10026;26;;;10036;15;10039;23;;;10033.0;0.0
yf_ADM_d10;37000;INTARIAN_PEPPER_ROOT;10629;11;10625;20;;;10654;17;10658;25;;;10641.5;0.0
yf_ADM_d10;37100;ASH_COATED_OSMIUM;10030;22;10027;28;;;10036;22;10038;25;;;10033.0;0.0
yf_ADM_d10;37100;INTARIAN_PEPPER_ROOT;10641;23;10638;20;;;10647;19;10650;15;;;10644.0;0.0
yf_ADM_d10;37200;ASH_COATED_OSMIUM;10031;17;10029;19;;;10037;6;10041;11;;;10034.0;0.0
yf_ADM_d10;37200;INTARIAN_PEPPER_ROOT;10643;12;10640;19;;;10649;22;10653;22;;;10646.0;0.0
yf_ADM_d10;37300;ASH_COATED_OSMIUM;10031;15;10028;22;;;10037;15;10039;19;;;10034.0;0.0
yf_ADM_d10;37300;INTARIAN_PEPPER_ROOT;10644;19;10641;19;;;10650;18;10654;14;;;10647.0;0.0
yf_ADM_d10;37400;ASH_COATED_OSMIUM;10027;14;10024;29;;;10039;19;10042;20;;;10033.0;0.0
yf_ADM_d10;37400;INTARIAN_PEPPER_ROOT;10647;12;10644;18;;;10653;23;10655;22;;;10650.0;0.0
yf_ADM_d10;37500;ASH_COATED_OSMIUM;10025;18;10021;17;;;10041;14;10044;23;;;10033.0;0.0
yf_ADM_d10;37500;INTARIAN_PEPPER_ROOT;10641;20;10639;17;;;10663;16;10667;11;;;10652.0;0.0
yf_ADM_d10;37600;ASH_COATED_OSMIUM;10028;12;10024;24;;;10039;19;10042;17;;;10033.5;0.0
yf_ADM_d10;37600;INTARIAN_PEPPER_ROOT;10651;16;10649;21;;;10657;11;10661;18;;;10654.0;0.0
yf_ADM_d10;37700;ASH_COATED_OSMIUM;10031;17;10028;17;;;10037;17;10041;18;;;10034.0;0.0
yf_ADM_d10;37700;INTARIAN_PEPPER_ROOT;10651;18;10647;21;;;10660;18;10664;16;;;10655.5;0.0
yf_ADM_d10;37800;ASH_COATED_OSMIUM;10030;13;10027;20;;;10036;20;10038;26;;;10033.0;0.0
yf_ADM_d10;37800;INTARIAN_PEPPER_ROOT;10653;20;10650;26;;;10663;23;10666;11;;;10658.0;0.0
yf_ADM_d10;37900;ASH_COATED_OSMIUM;10031;13;10029;25;;;10037;22;10040;16;;;10034.0;0.0
yf_ADM_d10;37900;INTARIAN_PEPPER_ROOT;10656;15;10652;20;;;10662;18;10665;25;;;10659.0;0.0
yf_ADM_d10;38000;ASH_COATED_OSMIUM;10030;12;10028;23;;;10036;25;10039;21;;;10033.0;0.0
yf_ADM_d10;38000;INTARIAN_PEPPER_ROOT;10658;7;10656;24;;;10667;10;10669;30;;;10662.5;0.0
yf_ADM_d10;38100;ASH_COATED_OSMIUM;10022;6;10019;15;;;10044;12;10048;14;;;10033.0;0.0
yf_ADM_d10;38100;INTARIAN_PEPPER_ROOT;10655;20;10652;14;;;10672;11;10676;14;;;10663.5;0.0
yf_ADM_d10;38200;ASH_COATED_OSMIUM;10031;18;10028;14;;;10037;14;10039;17;;;10034.0;0.0
yf_ADM_d10;38200;INTARIAN_PEPPER_ROOT;10653;20;10649;20;;;10678;20;10681;29;;;10665.5;0.0
yf_ADM_d10;38300;ASH_COATED_OSMIUM;10030;5;10027;18;;;10036;16;10040;17;;;10033.0;0.0
yf_ADM_d10;38300;INTARIAN_PEPPER_ROOT;10664;22;10661;21;;;10670;16;10674;19;;;10667.0;0.0
yf_ADM_d10;38400;ASH_COATED_OSMIUM;10030;14;10027;16;;;10036;16;10039;21;;;10033.0;0.0
yf_ADM_d10;38400;INTARIAN_PEPPER_ROOT;10667;11;10664;18;;;10673;13;10675;24;;;10670.0;0.0
yf_ADM_d10;38500;ASH_COATED_OSMIUM;10027;8;10025;26;;;10040;13;10042;22;;;10033.5;0.0
yf_ADM_d10;38500;INTARIAN_PEPPER_ROOT;10667;15;10665;16;;;10677;21;10681;18;;;10672.0;0.0
yf_ADM_d10;38600;ASH_COATED_OSMIUM;10031;17;10027;21;;;10037;15;10041;22;;;10034.0;0.0
yf_ADM_d10;38600;INTARIAN_PEPPER_ROOT;10671;11;10667;19;;;10677;21;10680;22;;;10674.0;0.0
yf_ADM_d10;38700;ASH_COATED_OSMIUM;10031;22;10028;25;;;10037;29;10039;24;;;10034.0;0.0
yf_ADM_d10;38700;INTARIAN_PEPPER_ROOT;10672;7;10670;14;;;10678;26;10682;17;;;10675.0;0.0
yf_ADM_d10;38800;ASH_COATED_OSMIUM;10028;14;10026;24;;;10037;19;10039;26;;;10032.5;0.0
yf_ADM_d10;38800;INTARIAN_PEPPER_ROOT;10672;15;10670;14;;;10684;18;10687;21;;;10678.0;0.0
yf_ADM_d10;38900;ASH_COATED_OSMIUM;10030;19;10028;30;;;10036;24;10040;12;;;10033.0;0.0
yf_ADM_d10;38900;INTARIAN_PEPPER_ROOT;10677;20;10674;16;;;10683;14;10686;28;;;10680.0;0.0
yf_ADM_d10;39000;ASH_COATED_OSMIUM;10030;6;10026;17;;;10036;19;10039;11;;;10033.0;0.0
yf_ADM_d10;39000;INTARIAN_PEPPER_ROOT;10678;11;10676;19;;;10686;15;10688;19;;;10682.0;0.0
yf_ADM_d10;39100;ASH_COATED_OSMIUM;10025;16;10023;18;;;10042;19;10046;26;;;10033.5;0.0
yf_ADM_d10;39100;INTARIAN_PEPPER_ROOT;10681;17;10679;14;;;10687;19;10690;17;;;10684.0;0.0
yf_ADM_d10;39200;ASH_COATED_OSMIUM;10030;12;10027;23;;;10036;18;10038;23;;;10033.0;0.0
yf_ADM_d10;39200;INTARIAN_PEPPER_ROOT;10683;12;10681;17;;;10689;15;10692;27;;;10686.0;0.0
yf_ADM_d10;39300;ASH_COATED_OSMIUM;10012;16;10008;18;;;10056;14;10060;24;;;10034.0;0.0
yf_ADM_d10;39300;INTARIAN_PEPPER_ROOT;10679;18;10677;21;;;10697;14;10699;21;;;10688.0;0.0
yf_ADM_d10;39400;ASH_COATED_OSMIUM;10025;11;10021;19;;;10042;15;10044;23;;;10033.5;0.0
yf_ADM_d10;39400;INTARIAN_PEPPER_ROOT;10687;16;10683;17;;;10693;12;10696;18;;;10690.0;0.0
yf_ADM_d10;39500;ASH_COATED_OSMIUM;10026;13;10024;18;;;10042;13;10045;23;;;10034.0;0.0
yf_ADM_d10;39500;INTARIAN_PEPPER_ROOT;10689;10;10687;19;;;10695;10;10698;20;;;10692.0;0.0
yf_ADM_d10;39600;ASH_COATED_OSMIUM;10031;8;10027;10;;;10037;21;10040;20;;;10034.0;0.0
yf_ADM_d10;39600;INTARIAN_PEPPER_ROOT;10689;16;10685;15;;;10699;9;10701;18;;;10694.0;0.0
yf_ADM_d10;39700;ASH_COATED_OSMIUM;10025;9;10023;11;;;10042;15;10044;17;;;10033.5;0.0
yf_ADM_d10;39700;INTARIAN_PEPPER_ROOT;10693;16;10690;16;;;10699;6;10701;20;;;10696.0;0.0
yf_ADM_d10;39800;ASH_COATED_OSMIUM;10031;14;10028;15;;;10037;24;10041;22;;;10034.0;0.0
yf_ADM_d10;39800;INTARIAN_PEPPER_ROOT;10695;18;10692;29;;;10701;15;10703;20;;;10698.0;0.0
yf_ADM_d10;39900;ASH_COATED_OSMIUM;10030;5;10028;24;;;10037;12;10039;14;;;10033.5;0.0
yf_ADM_d10;39900;INTARIAN_PEPPER_ROOT;10697;11;10693;11;;;10703;12;10706;19;;;10700.0;0.0
yf_ADM_d10;40000;ASH_COATED_OSMIUM;10026;12;10022;20;;;10043;8;10046;34;;;10034.5;0.0
yf_ADM_d10;40000;INTARIAN_PEPPER_ROOT;10698;5;10696;20;;;10704;17;10706;23;;;10701.0;0.0
yf_ADM_d10;40100;ASH_COATED_OSMIUM;10029;10;10025;23;;;10040;13;10042;24;;;10034.5;0.0
yf_ADM_d10;40100;INTARIAN_PEPPER_ROOT;10690;10;10687;23;;;10719;16;10723;19;;;10704.5;0.0
yf_ADM_d10;40200;ASH_COATED_OSMIUM;10031;18;10027;20;;;10037;19;10039;15;;;10034.0;0.0
yf_ADM_d10;40200;INTARIAN_PEPPER_ROOT;10703;27;10700;24;;;10709;24;10711;11;;;10706.0;0.0
yf_ADM_d10;40300;ASH_COATED_OSMIUM;10029;9;10025;25;;;10039;17;10042;20;;;10034.0;0.0
yf_ADM_d10;40300;INTARIAN_PEPPER_ROOT;10698;23;10695;24;;;10717;15;10719;21;;;10707.5;0.0
yf_ADM_d10;40400;ASH_COATED_OSMIUM;10031;9;10028;19;;;10037;8;10039;16;;;10034.0;0.0
yf_ADM_d10;40400;INTARIAN_PEPPER_ROOT;10708;15;10705;22;;;10714;12;10718;19;;;10711.0;0.0
yf_ADM_d10;40500;ASH_COATED_OSMIUM;10026;10;10024;16;;;10042;12;10044;22;;;10034.0;0.0
yf_ADM_d10;40500;INTARIAN_PEPPER_ROOT;10705;18;10702;18;;;10718;16;10720;20;;;10711.5;0.0
yf_ADM_d10;40600;ASH_COATED_OSMIUM;10031;9;10028;18;;;10037;18;10041;13;;;10034.0;0.0
yf_ADM_d10;40600;INTARIAN_PEPPER_ROOT;10712;7;10709;24;;;10718;7;10721;18;;;10715.0;0.0
yf_ADM_d10;40700;ASH_COATED_OSMIUM;10031;17;10028;16;;;10037;5;10040;23;;;10034.0;0.0
yf_ADM_d10;40700;INTARIAN_PEPPER_ROOT;10713;8;10709;11;;;10719;11;10723;19;;;10716.0;0.0
yf_ADM_d10;40800;ASH_COATED_OSMIUM;10024;16;10020;19;;;10045;17;10048;13;;;10034.5;0.0
yf_ADM_d10;40800;INTARIAN_PEPPER_ROOT;10715;16;10712;16;;;10722;18;10724;21;;;10718.5;0.0
yf_ADM_d10;40900;ASH_COATED_OSMIUM;10030;20;10026;20;;;10039;21;10041;20;;;10034.5;0.0
yf_ADM_d10;40900;INTARIAN_PEPPER_ROOT;10708;20;10706;20;;;10732;17;10736;21;;;10720.0;0.0
yf_ADM_d10;41000;ASH_COATED_OSMIUM;10031;15;10027;15;;;10037;17;10039;20;;;10034.0;0.0
yf_ADM_d10;41000;INTARIAN_PEPPER_ROOT;10719;11;10716;12;;;10725;15;10727;12;;;10722.0;0.0
yf_ADM_d10;41100;ASH_COATED_OSMIUM;10030;14;10028;17;;;10039;10;10043;20;;;10034.5;0.0
yf_ADM_d10;41100;INTARIAN_PEPPER_ROOT;10721;8;10718;19;;;10727;14;10729;13;;;10724.0;0.0
yf_ADM_d10;41200;ASH_COATED_OSMIUM;10032;20;10030;25;;;10038;16;10041;23;;;10035.0;0.0
yf_ADM_d10;41200;INTARIAN_PEPPER_ROOT;10723;15;10720;16;;;10729;18;10731;28;;;10726.0;0.0
yf_ADM_d10;41300;ASH_COATED_OSMIUM;10032;5;10029;14;;;10038;15;10041;27;;;10035.0;0.0
yf_ADM_d10;41300;INTARIAN_PEPPER_ROOT;10723;12;10720;27;;;10733;14;10736;25;;;10728.0;0.0
yf_ADM_d10;41400;ASH_COATED_OSMIUM;10030;22;10028;26;;;10040;17;10044;18;;;10035.0;0.0
yf_ADM_d10;41400;INTARIAN_PEPPER_ROOT;10727;14;10725;27;;;10733;25;10737;13;;;10730.0;0.0
yf_ADM_d10;41500;ASH_COATED_OSMIUM;10028;17;10024;18;;;10040;16;10044;22;;;10034.0;0.0
yf_ADM_d10;41500;INTARIAN_PEPPER_ROOT;10729;21;10727;23;;;10735;24;10738;9;;;10732.0;0.0
yf_ADM_d10;41600;ASH_COATED_OSMIUM;10031;10;10029;27;;;10037;19;10041;32;;;10034.0;0.0
yf_ADM_d10;41600;INTARIAN_PEPPER_ROOT;10731;15;10728;20;;;10737;16;10739;28;;;10734.0;0.0
yf_ADM_d10;41700;ASH_COATED_OSMIUM;10032;19;10028;23;;;10038;22;10042;25;;;10035.0;0.0
yf_ADM_d10;41700;INTARIAN_PEPPER_ROOT;10733;10;10729;20;;;10739;10;10743;23;;;10736.0;0.0
yf_ADM_d10;41800;ASH_COATED_OSMIUM;10031;22;10029;23;;;10037;17;10040;22;;;10034.0;0.0
yf_ADM_d10;41800;INTARIAN_PEPPER_ROOT;10735;13;10731;20;;;10741;12;10743;27;;;10738.0;0.0
yf_ADM_d10;41900;ASH_COATED_OSMIUM;10032;13;10028;12;;;10038;18;10041;8;;;10035.0;0.0
yf_ADM_d10;41900;INTARIAN_PEPPER_ROOT;10737;10;10735;10;;;10744;17;10746;21;;;10740.5;0.0
yf_ADM_d10;42000;ASH_COATED_OSMIUM;10029;24;10026;22;;;10039;23;10043;14;;;10034.0;0.0
yf_ADM_d10;42000;INTARIAN_PEPPER_ROOT;10739;22;10737;25;;;10745;18;10748;28;;;10742.0;0.0
yf_ADM_d10;42100;ASH_COATED_OSMIUM;10030;9;10027;23;;;10040;8;10042;15;;;10035.0;0.0
yf_ADM_d10;42100;INTARIAN_PEPPER_ROOT;10741;18;10739;17;;;10747;15;10749;11;;;10744.0;0.0
yf_ADM_d10;42200;ASH_COATED_OSMIUM;10032;22;10028;21;;;10038;16;10040;23;;;10035.0;0.0
yf_ADM_d10;42200;INTARIAN_PEPPER_ROOT;10743;9;10739;18;;;10749;10;10753;26;;;10746.0;0.0
yf_ADM_d10;42300;ASH_COATED_OSMIUM;10031;11;10029;23;;;10037;10;10040;22;;;10034.0;0.0
yf_ADM_d10;42300;INTARIAN_PEPPER_ROOT;10745;22;10741;25;;;10751;13;10753;21;;;10748.0;0.0
yf_ADM_d10;42400;ASH_COATED_OSMIUM;10032;22;10029;20;;;10038;24;10040;21;;;10035.0;0.0
yf_ADM_d10;42400;INTARIAN_PEPPER_ROOT;10747;23;10743;26;;;10753;8;10755;21;;;10750.0;0.0
yf_ADM_d10;42500;ASH_COATED_OSMIUM;10032;12;10030;24;;;10038;5;10041;21;;;10035.0;0.0
yf_ADM_d10;42500;INTARIAN_PEPPER_ROOT;10749;21;10746;21;;;10755;23;10759;25;;;10752.0;0.0
yf_ADM_d10;42600;ASH_COATED_OSMIUM;10030;11;10028;24;;;10039;6;10043;17;;;10034.5;0.0
yf_ADM_d10;42600;INTARIAN_PEPPER_ROOT;10750;14;10748;31;;;10757;13;10760;23;;;10753.5;0.0
yf_ADM_d10;42700;ASH_COATED_OSMIUM;10032;8;10029;22;;;10038;8;10041;14;;;10035.0;0.0
yf_ADM_d10;42700;INTARIAN_PEPPER_ROOT;10753;9;10749;10;;;10759;17;10763;14;;;10756.0;0.0
yf_ADM_d10;42800;ASH_COATED_OSMIUM;10032;16;10028;23;;;10038;20;10042;19;;;10035.0;0.0
yf_ADM_d10;42800;INTARIAN_PEPPER_ROOT;10755;21;10752;21;;;10761;11;10763;24;;;10758.0;0.0
yf_ADM_d10;42900;ASH_COATED_OSMIUM;10032;22;10030;17;;;10038;20;10040;18;;;10035.0;0.0
yf_ADM_d10;42900;INTARIAN_PEPPER_ROOT;10757;13;10754;19;;;10763;13;10767;20;;;10760.0;0.0
yf_ADM_d10;43000;ASH_COATED_OSMIUM;10032;20;10029;11;;;10038;6;10040;20;;;10035.0;0.0
yf_ADM_d10;43000;INTARIAN_PEPPER_ROOT;10759;23;10756;19;;;10765;13;10767;17;;;10762.0;0.0
yf_ADM_d10;43100;ASH_COATED_OSMIUM;10032;17;10029;27;;;10038;12;10042;12;;;10035.0;0.0
yf_ADM_d10;43100;INTARIAN_PEPPER_ROOT;10761;19;10758;16;;;10767;23;10769;15;;;10764.0;0.0
yf_ADM_d10;43200;ASH_COATED_OSMIUM;10032;21;10029;20;;;10038;19;10041;14;;;10035.0;0.0
yf_ADM_d10;43200;INTARIAN_PEPPER_ROOT;10764;12;10760;20;;;10770;7;10774;27;;;10767.0;0.0
yf_ADM_d10;43300;ASH_COATED_OSMIUM;10032;21;10030;12;;;10038;17;10041;25;;;10035.0;0.0
yf_ADM_d10;43300;INTARIAN_PEPPER_ROOT;10760;24;10758;27;;;10777;11;10780;21;;;10768.5;0.0
yf_ADM_d10;43400;ASH_COATED_OSMIUM;10032;21;10030;24;;;10038;5;10040;18;;;10035.0;0.0
yf_ADM_d10;43400;INTARIAN_PEPPER_ROOT;10767;15;10765;20;;;10773;22;10775;8;;;10770.0;0.0
yf_ADM_d10;43500;ASH_COATED_OSMIUM;10032;16;10029;25;;;10038;15;10041;19;;;10035.0;0.0
yf_ADM_d10;43500;INTARIAN_PEPPER_ROOT;10769;16;10765;23;;;10775;28;10779;8;;;10772.0;0.0
yf_ADM_d10;43600;ASH_COATED_OSMIUM;10032;15;10030;21;;;10038;14;10040;19;;;10035.0;0.0
yf_ADM_d10;43600;INTARIAN_PEPPER_ROOT;10771;8;10769;23;;;10777;16;10781;18;;;10774.0;0.0
yf_ADM_d10;43700;ASH_COATED_OSMIUM;10032;12;10028;14;;;10038;22;10042;23;;;10035.0;0.0
yf_ADM_d10;43700;INTARIAN_PEPPER_ROOT;10773;16;10770;24;;;10779;11;10783;18;;;10776.0;0.0
yf_ADM_d10;43800;ASH_COATED_OSMIUM;10031;8;10027;18;;;10039;16;10042;19;;;10035.0;0.0
yf_ADM_d10;43800;INTARIAN_PEPPER_ROOT;10772;16;10770;18;;;10784;16;10788;19;;;10778.0;0.0
yf_ADM_d10;43900;ASH_COATED_OSMIUM;10020;7;10018;17;;;10050;17;10052;25;;;10035.0;0.0
yf_ADM_d10;43900;INTARIAN_PEPPER_ROOT;10777;19;10775;21;;;10783;11;10787;16;;;10780.0;0.0
yf_ADM_d10;44000;ASH_COATED_OSMIUM;10023;21;10021;21;;;10047;15;10050;22;;;10035.0;0.0
yf_ADM_d10;44000;INTARIAN_PEPPER_ROOT;10777;12;10773;15;;;10788;13;10792;23;;;10782.5;0.0
yf_ADM_d10;44100;ASH_COATED_OSMIUM;10032;18;10030;25;;;10038;12;10040;25;;;10035.0;0.0
yf_ADM_d10;44100;INTARIAN_PEPPER_ROOT;10779;11;10777;12;;;10789;19;10791;8;;;10784.0;0.0
yf_ADM_d10;44200;ASH_COATED_OSMIUM;10032;5;10028;19;;;10038;10;10041;23;;;10035.0;0.0
yf_ADM_d10;44200;INTARIAN_PEPPER_ROOT;10781;12;10777;18;;;10792;15;10795;14;;;10786.5;0.0
yf_ADM_d10;44300;ASH_COATED_OSMIUM;10032;14;10028;9;;;10038;10;10041;20;;;10035.0;0.0
yf_ADM_d10;44300;INTARIAN_PEPPER_ROOT;10785;20;10781;23;;;10791;5;10793;21;;;10788.0;0.0
yf_ADM_d10;44400;ASH_COATED_OSMIUM;10032;13;10030;21;;;10038;16;10040;25;;;10035.0;0.0
yf_ADM_d10;44400;INTARIAN_PEPPER_ROOT;10787;23;10784;23;;;10793;12;10797;22;;;10790.0;0.0
yf_ADM_d10;44500;ASH_COATED_OSMIUM;10027;8;10023;19;;;10043;17;10047;17;;;10035.0;0.0
yf_ADM_d10;44500;INTARIAN_PEPPER_ROOT;10789;21;10787;17;;;10795;17;10798;19;;;10792.0;0.0
yf_ADM_d10;44600;ASH_COATED_OSMIUM;10033;5;10029;19;;;10039;19;10042;27;;;10036.0;0.0
yf_ADM_d10;44600;INTARIAN_PEPPER_ROOT;10790;5;10786;21;;;10798;13;10801;16;;;10794.0;0.0
yf_ADM_d10;44700;ASH_COATED_OSMIUM;10032;17;10029;22;;;10038;23;10042;14;;;10035.0;0.0
yf_ADM_d10;44700;INTARIAN_PEPPER_ROOT;10793;9;10790;21;;;10799;18;10802;21;;;10796.0;0.0
yf_ADM_d10;44800;ASH_COATED_OSMIUM;10033;8;10031;23;;;10039;15;10041;21;;;10036.0;0.0
yf_ADM_d10;44800;INTARIAN_PEPPER_ROOT;10795;16;10793;16;;;10801;12;10804;19;;;10798.0;0.0
yf_ADM_d10;44900;ASH_COATED_OSMIUM;10033;25;10030;13;;;10039;19;10041;20;;;10036.0;0.0
yf_ADM_d10;44900;INTARIAN_PEPPER_ROOT;10798;15;10794;11;;;10804;16;10806;20;;;10801.0;0.0
yf_ADM_d10;45000;ASH_COATED_OSMIUM;10033;6;10030;23;;;10039;10;10041;24;;;10036.0;0.0
yf_ADM_d10;45000;INTARIAN_PEPPER_ROOT;10799;13;10796;26;;;10806;10;10810;12;;;10802.5;0.0
yf_ADM_d10;45100;ASH_COATED_OSMIUM;10032;9;10028;12;;;10038;12;10042;18;;;10035.0;0.0
yf_ADM_d10;45100;INTARIAN_PEPPER_ROOT;10801;16;10798;20;;;10807;16;10810;25;;;10804.0;0.0
yf_ADM_d10;45200;ASH_COATED_OSMIUM;10033;16;10029;21;;;10039;5;10043;19;;;10036.0;0.0
yf_ADM_d10;45200;INTARIAN_PEPPER_ROOT;10804;21;10800;17;;;10810;16;10814;10;;;10807.0;0.0
yf_ADM_d10;45300;ASH_COATED_OSMIUM;10032;14;10030;15;;;10038;13;10040;11;;;10035.0;0.0
yf_ADM_d10;45300;INTARIAN_PEPPER_ROOT;10805;18;10801;15;;;10811;7;10815;13;;;10808.0;0.0
yf_ADM_d10;45400;ASH_COATED_OSMIUM;10032;13;10028;24;;;10038;15;10040;21;;;10035.0;0.0
yf_ADM_d10;45400;INTARIAN_PEPPER_ROOT;10807;18;10805;16;;;10813;11;10816;24;;;10810.0;0.0
yf_ADM_d10;45500;ASH_COATED_OSMIUM;10033;17;10031;21;;;10039;25;10043;17;;;10036.0;0.0
yf_ADM_d10;45500;INTARIAN_PEPPER_ROOT;10809;5;10807;19;;;10815;10;10819;18;;;10812.0;0.0
yf_ADM_d10;45600;ASH_COATED_OSMIUM;10033;15;10030;11;;;10039;8;10042;27;;;10036.0;0.0
yf_ADM_d10;45600;INTARIAN_PEPPER_ROOT;10811;7;10807;9;;;10818;5;10820;22;;;10814.5;0.0
yf_ADM_d10;45700;ASH_COATED_OSMIUM;10028;13;10024;20;;;10043;10;10047;22;;;10035.5;0.0
yf_ADM_d10;45700;INTARIAN_PEPPER_ROOT;10813;7;10810;18;;;10819;14;10822;23;;;10816.0;0.0
yf_ADM_d10;45800;ASH_COATED_OSMIUM;10033;7;10031;20;;;10039;16;10043;22;;;10036.0;0.0
yf_ADM_d10;45800;INTARIAN_PEPPER_ROOT;10811;10;10807;35;;;10825;12;10829;23;;;10818.0;0.0
yf_ADM_d10;45900;ASH_COATED_OSMIUM;10032;18;10029;21;;;10038;17;10041;24;;;10035.0;0.0
yf_ADM_d10;45900;INTARIAN_PEPPER_ROOT;10817;17;10815;24;;;10823;18;10826;19;;;10820.0;0.0
yf_ADM_d10;46000;ASH_COATED_OSMIUM;10033;12;10030;15;;;10039;8;10043;13;;;10036.0;0.0
yf_ADM_d10;46000;INTARIAN_PEPPER_ROOT;10819;24;10816;29;;;10826;16;10828;19;;;10822.5;0.0
yf_ADM_d10;46100;ASH_COATED_OSMIUM;10032;10;10028;19;;;10038;23;10041;21;;;10035.0;0.0
yf_ADM_d10;46100;INTARIAN_PEPPER_ROOT;10819;16;10816;22;;;10829;18;10833;17;;;10824.0;0.0
yf_ADM_d10;46200;ASH_COATED_OSMIUM;10027;5;10025;20;;;10044;9;10048;16;;;10035.5;0.0
yf_ADM_d10;46200;INTARIAN_PEPPER_ROOT;10816;13;10814;16;;;10837;18;10840;27;;;10826.5;0.0
yf_ADM_d10;46300;ASH_COATED_OSMIUM;10027;17;10024;23;;;10044;14;10047;18;;;10035.5;0.0
yf_ADM_d10;46300;INTARIAN_PEPPER_ROOT;10824;13;10820;27;;;10832;16;10835;29;;;10828.0;0.0
yf_ADM_d10;46400;ASH_COATED_OSMIUM;10033;5;10029;11;;;10039;11;10042;23;;;10036.0;0.0
yf_ADM_d10;46400;INTARIAN_PEPPER_ROOT;10828;14;10824;20;;;10834;21;10836;18;;;10831.0;0.0
yf_ADM_d10;46500;ASH_COATED_OSMIUM;10033;17;10029;23;;;10039;14;10042;14;;;10036.0;0.0
yf_ADM_d10;46500;INTARIAN_PEPPER_ROOT;10826;25;10824;24;;;10838;17;10842;22;;;10832.0;0.0
yf_ADM_d10;46600;ASH_COATED_OSMIUM;10032;19;10029;16;;;10040;15;10044;18;;;10036.0;0.0
yf_ADM_d10;46600;INTARIAN_PEPPER_ROOT;10829;5;10826;19;;;10839;13;10842;23;;;10834.0;0.0
yf_ADM_d10;46700;ASH_COATED_OSMIUM;10033;11;10030;21;;;10039;18;10041;14;;;10036.0;0.0
yf_ADM_d10;46700;INTARIAN_PEPPER_ROOT;10830;15;10826;20;;;10843;9;10846;21;;;10836.5;0.0
yf_ADM_d10;46800;ASH_COATED_OSMIUM;10030;17;10027;15;;;10041;16;10045;14;;;10035.5;0.0
yf_ADM_d10;46800;INTARIAN_PEPPER_ROOT;10829;23;10827;20;;;10847;9;10849;22;;;10838.0;0.0
yf_ADM_d10;46900;ASH_COATED_OSMIUM;10033;15;10030;20;;;10039;15;10042;20;;;10036.0;0.0
yf_ADM_d10;46900;INTARIAN_PEPPER_ROOT;10838;15;10835;20;;;10844;13;10847;23;;;10841.0;0.0
yf_ADM_d10;47000;ASH_COATED_OSMIUM;10033;21;10030;23;;;10039;10;10041;16;;;10036.0;0.0
yf_ADM_d10;47000;INTARIAN_PEPPER_ROOT;10839;12;10837;8;;;10846;10;10848;25;;;10842.5;0.0
yf_ADM_d10;47100;ASH_COATED_OSMIUM;10032;22;10030;17;;;10039;14;10042;16;;;10035.5;0.0
yf_ADM_d10;47100;INTARIAN_PEPPER_ROOT;10841;11;10839;21;;;10848;19;10852;21;;;10844.5;0.0
yf_ADM_d10;47200;ASH_COATED_OSMIUM;10027;12;10023;16;;;10044;16;10046;16;;;10035.5;0.0
yf_ADM_d10;47200;INTARIAN_PEPPER_ROOT;10844;5;10840;21;;;10850;5;10852;18;;;10847.0;0.0
yf_ADM_d10;47300;ASH_COATED_OSMIUM;10030;15;10028;19;;;10041;18;10043;23;;;10035.5;0.0
yf_ADM_d10;47300;INTARIAN_PEPPER_ROOT;10844;22;10841;13;;;10852;5;10855;22;;;10848.0;0.0
yf_ADM_d10;47400;ASH_COATED_OSMIUM;10033;18;10029;15;;;10039;13;10042;20;;;10036.0;0.0
yf_ADM_d10;47400;INTARIAN_PEPPER_ROOT;10847;17;10844;17;;;10853;20;10857;26;;;10850.0;0.0
yf_ADM_d10;47500;ASH_COATED_OSMIUM;10034;10;10030;26;;;10040;19;10044;18;;;10037.0;0.0
yf_ADM_d10;47500;INTARIAN_PEPPER_ROOT;10847;11;10845;23;;;10858;7;10861;13;;;10852.5;0.0
yf_ADM_d10;47600;ASH_COATED_OSMIUM;10033;18;10030;8;;;10039;20;10041;22;;;10036.0;0.0
yf_ADM_d10;47600;INTARIAN_PEPPER_ROOT;10849;12;10847;12;;;10860;8;10862;20;;;10854.5;0.0
yf_ADM_d10;47700;ASH_COATED_OSMIUM;10033;10;10031;25;;;10039;11;10042;16;;;10036.0;0.0
yf_ADM_d10;47700;INTARIAN_PEPPER_ROOT;10853;10;10850;13;;;10859;16;10861;17;;;10856.0;0.0
yf_ADM_d10;47800;ASH_COATED_OSMIUM;10033;10;10031;13;;;10039;14;10042;21;;;10036.0;0.0
yf_ADM_d10;47800;INTARIAN_PEPPER_ROOT;10855;14;10851;24;;;10861;5;10863;23;;;10858.0;0.0
yf_ADM_d10;47900;ASH_COATED_OSMIUM;10032;18;10030;30;;;10041;22;10045;17;;;10036.5;0.0
yf_ADM_d10;47900;INTARIAN_PEPPER_ROOT;10857;15;10854;20;;;10863;17;10866;20;;;10860.0;0.0
yf_ADM_d10;48000;ASH_COATED_OSMIUM;10027;11;10025;15;;;10045;13;10049;16;;;10036.0;0.0
yf_ADM_d10;48000;INTARIAN_PEPPER_ROOT;10859;9;10855;17;;;10865;9;10869;26;;;10862.0;0.0
yf_ADM_d10;48100;ASH_COATED_OSMIUM;10028;20;10026;22;;;10044;10;10047;27;;;10036.0;0.0
yf_ADM_d10;48100;INTARIAN_PEPPER_ROOT;10861;11;10859;18;;;10868;23;10871;20;;;10864.5;0.0
yf_ADM_d10;48200;ASH_COATED_OSMIUM;10031;14;10028;19;;;10041;9;10043;17;;;10036.0;0.0
yf_ADM_d10;48200;INTARIAN_PEPPER_ROOT;10864;15;10861;21;;;10870;18;10873;23;;;10867.0;0.0
yf_ADM_d10;48300;ASH_COATED_OSMIUM;10033;15;10031;16;;;10040;13;10044;27;;;10036.5;0.0
yf_ADM_d10;48300;INTARIAN_PEPPER_ROOT;10866;25;10863;17;;;10872;6;10875;17;;;10869.0;0.0
yf_ADM_d10;48400;ASH_COATED_OSMIUM;10034;12;10032;14;;;10040;17;10043;18;;;10037.0;0.0
yf_ADM_d10;48400;INTARIAN_PEPPER_ROOT;10867;8;10864;19;;;10873;15;10875;27;;;10870.0;0.0
yf_ADM_d10;48500;ASH_COATED_OSMIUM;10034;16;10031;16;;;10040;7;10044;30;;;10037.0;0.0
yf_ADM_d10;48500;INTARIAN_PEPPER_ROOT;10869;5;10866;19;;;10875;16;10878;27;;;10872.0;0.0
yf_ADM_d10;48600;ASH_COATED_OSMIUM;10033;5;10031;14;;;10039;17;10043;19;;;10036.0;0.0
yf_ADM_d10;48600;INTARIAN_PEPPER_ROOT;10872;14;10870;22;;;10878;7;10882;8;;;10875.0;0.0
yf_ADM_d10;48700;ASH_COATED_OSMIUM;10033;18;10031;20;;;10039;9;10041;19;;;10036.0;0.0
yf_ADM_d10;48700;INTARIAN_PEPPER_ROOT;10874;7;10870;10;;;10880;16;10884;21;;;10877.0;0.0
yf_ADM_d10;48800;ASH_COATED_OSMIUM;10033;23;10030;26;;;10039;7;10042;8;;;10036.0;0.0
yf_ADM_d10;48800;INTARIAN_PEPPER_ROOT;10873;13;10871;18;;;10885;7;10888;12;;;10879.0;0.0
yf_ADM_d10;48900;ASH_COATED_OSMIUM;10022;18;10019;26;;;10051;14;10053;8;;;10036.5;0.0
yf_ADM_d10;48900;INTARIAN_PEPPER_ROOT;10877;5;10873;16;;;10883;8;10885;17;;;10880.0;0.0
yf_ADM_d10;49000;ASH_COATED_OSMIUM;10033;22;10031;16;;;10039;12;10041;14;;;10036.0;0.0
yf_ADM_d10;49000;INTARIAN_PEPPER_ROOT;10880;10;10878;8;;;10886;14;10890;10;;;10883.0;0.0
yf_ADM_d10;49100;ASH_COATED_OSMIUM;10032;7;10029;13;;;10041;6;10045;21;;;10036.5;0.0
yf_ADM_d10;49100;INTARIAN_PEPPER_ROOT;10882;14;10879;21;;;10888;15;10890;19;;;10885.0;0.0
yf_ADM_d10;49200;ASH_COATED_OSMIUM;10022;15;10020;23;;;10050;21;10054;20;;;10036.0;0.0
yf_ADM_d10;49200;INTARIAN_PEPPER_ROOT;10864;12;10862;25;;;10910;11;10912;21;;;10887.0;0.0
yf_ADM_d10;49300;ASH_COATED_OSMIUM;10032;14;10028;27;;;10042;13;10046;22;;;10037.0;0.0
yf_ADM_d10;49300;INTARIAN_PEPPER_ROOT;10880;14;10877;21;;;10898;8;10900;20;;;10889.0;0.0
yf_ADM_d10;49400;ASH_COATED_OSMIUM;10033;8;10031;11;;;10039;17;10042;21;;;10036.0;0.0
yf_ADM_d10;49400;INTARIAN_PEPPER_ROOT;10888;12;10885;22;;;10894;9;10898;23;;;10891.0;0.0
yf_ADM_d10;49500;ASH_COATED_OSMIUM;10034;14;10032;25;;;10040;18;10044;17;;;10037.0;0.0
yf_ADM_d10;49500;INTARIAN_PEPPER_ROOT;10881;7;10878;16;;;10903;17;10907;16;;;10892.0;0.0
yf_ADM_d10;49600;ASH_COATED_OSMIUM;10034;17;10031;23;;;10040;17;10042;24;;;10037.0;0.0
yf_ADM_d10;49600;INTARIAN_PEPPER_ROOT;10892;9;10888;23;;;10898;17;10901;19;;;10895.0;0.0
yf_ADM_d10;49700;ASH_COATED_OSMIUM;10032;18;10030;12;;;10042;15;10046;23;;;10037.0;0.0
yf_ADM_d10;49700;INTARIAN_PEPPER_ROOT;10887;13;10883;22;;;10905;8;10908;11;;;10896.0;0.0
yf_ADM_d10;49800;ASH_COATED_OSMIUM;10034;14;10030;27;;;10040;16;10042;13;;;10037.0;0.0
yf_ADM_d10;49800;INTARIAN_PEPPER_ROOT;10896;16;10893;19;;;10902;9;10905;20;;;10899.0;0.0
yf_ADM_d10;49900;ASH_COATED_OSMIUM;10033;14;10029;18;;;10039;23;10043;30;;;10036.0;0.0
yf_ADM_d10;49900;INTARIAN_PEPPER_ROOT;10896;14;10892;17;;;10905;5;10909;27;;;10900.5;0.0
yf_ADM_d10;50000;ASH_COATED_OSMIUM;10034;8;10030;18;;;10040;13;10044;22;;;10037.0;0.0
yf_ADM_d10;50000;INTARIAN_PEPPER_ROOT;10899;14;10896;20;;;10905;12;10909;32;;;10902.0;0.0
yf_ADM_d10;50100;ASH_COATED_OSMIUM;10034;11;10031;29;;;10040;10;10043;24;;;10037.0;0.0
yf_ADM_d10;50100;INTARIAN_PEPPER_ROOT;10902;18;10899;19;;;10908;15;10910;20;;;10905.0;0.0
yf_ADM_d10;50200;ASH_COATED_OSMIUM;10034;9;10030;17;;;10040;5;10043;21;;;10037.0;0.0
yf_ADM_d10;50200;INTARIAN_PEPPER_ROOT;10904;12;10900;20;;;10910;23;10913;14;;;10907.0;0.0
yf_ADM_d10;50300;ASH_COATED_OSMIUM;10034;21;10030;32;;;10040;29;10044;16;;;10037.0;0.0
yf_ADM_d10;50300;INTARIAN_PEPPER_ROOT;10906;17;10902;17;;;10912;5;10914;18;;;10909.0;0.0
yf_ADM_d10;50400;ASH_COATED_OSMIUM;10028;9;10025;25;;;10045;11;10049;14;;;10036.5;0.0
yf_ADM_d10;50400;INTARIAN_PEPPER_ROOT;10892;16;10890;24;;;10929;7;10933;26;;;10910.5;0.0
yf_ADM_d10;50500;ASH_COATED_OSMIUM;10034;10;10031;18;;;10040;12;10042;15;;;10037.0;0.0
yf_ADM_d10;50500;INTARIAN_PEPPER_ROOT;10910;23;10907;25;;;10916;17;10919;22;;;10913.0;0.0
yf_ADM_d10;50600;ASH_COATED_OSMIUM;10033;8;10031;27;;;10039;21;10042;9;;;10036.0;0.0
yf_ADM_d10;50600;INTARIAN_PEPPER_ROOT;10912;17;10909;22;;;10918;21;10920;17;;;10915.0;0.0
yf_ADM_d10;50700;ASH_COATED_OSMIUM;10030;21;10028;18;;;10043;17;10047;13;;;10036.5;0.0
yf_ADM_d10;50700;INTARIAN_PEPPER_ROOT;10912;12;10909;26;;;10922;13;10924;15;;;10917.0;0.0
yf_ADM_d10;50800;ASH_COATED_OSMIUM;10030;22;10026;23;;;10043;11;10045;26;;;10036.5;0.0
yf_ADM_d10;50800;INTARIAN_PEPPER_ROOT;10916;5;10914;21;;;10922;11;10926;13;;;10919.0;0.0
yf_ADM_d10;50900;ASH_COATED_OSMIUM;10032;5;10030;22;;;10043;17;10047;22;;;10037.5;0.0
yf_ADM_d10;50900;INTARIAN_PEPPER_ROOT;10915;13;10913;20;;;10924;9;10927;18;;;10919.5;0.0
yf_ADM_d10;51000;ASH_COATED_OSMIUM;10032;11;10028;20;;;10042;14;10046;19;;;10037.0;0.0
yf_ADM_d10;51000;INTARIAN_PEPPER_ROOT;10913;8;10911;9;;;10924;18;10926;28;;;10918.5;0.0
yf_ADM_d10;51100;ASH_COATED_OSMIUM;10034;19;10032;18;;;10040;5;10042;19;;;10037.0;0.0
yf_ADM_d10;51100;INTARIAN_PEPPER_ROOT;10914;16;10910;19;;;10920;13;10923;21;;;10917.0;0.0
yf_ADM_d10;51200;ASH_COATED_OSMIUM;10034;5;10031;20;;;10040;19;10044;19;;;10037.0;0.0
yf_ADM_d10;51200;INTARIAN_PEPPER_ROOT;10914;17;10910;15;;;10920;16;10924;26;;;10917.0;0.0
yf_ADM_d10;51300;ASH_COATED_OSMIUM;10035;16;10033;20;;;10041;26;10043;23;;;10038.0;0.0
yf_ADM_d10;51300;INTARIAN_PEPPER_ROOT;10913;13;10911;22;;;10919;12;10922;23;;;10916.0;0.0
yf_ADM_d10;51400;ASH_COATED_OSMIUM;10035;5;10032;22;;;10041;16;10044;15;;;10038.0;0.0
yf_ADM_d10;51400;INTARIAN_PEPPER_ROOT;10912;20;10910;21;;;10918;16;10922;21;;;10915.0;0.0
yf_ADM_d10;51500;ASH_COATED_OSMIUM;10035;8;10032;20;;;10041;24;10044;20;;;10038.0;0.0
yf_ADM_d10;51500;INTARIAN_PEPPER_ROOT;10911;15;10907;22;;;10917;23;10920;14;;;10914.0;0.0
yf_ADM_d10;51600;ASH_COATED_OSMIUM;10035;14;10032;16;;;10041;21;10045;28;;;10038.0;0.0
yf_ADM_d10;51600;INTARIAN_PEPPER_ROOT;10910;17;10908;9;;;10916;6;10920;22;;;10913.0;0.0
yf_ADM_d10;51700;ASH_COATED_OSMIUM;10034;19;10032;23;;;10045;17;10047;18;;;10039.5;0.0
yf_ADM_d10;51700;INTARIAN_PEPPER_ROOT;10908;10;10904;19;;;10917;14;10921;29;;;10912.5;0.0
yf_ADM_d10;51800;ASH_COATED_OSMIUM;10036;5;10032;18;;;10042;12;10044;20;;;10039.0;0.0
yf_ADM_d10;51800;INTARIAN_PEPPER_ROOT;10904;14;10902;23;;;10919;7;10923;21;;;10911.5;0.0
yf_ADM_d10;51900;ASH_COATED_OSMIUM;10028;13;10025;15;;;10050;19;10052;20;;;10039.0;0.0
yf_ADM_d10;51900;INTARIAN_PEPPER_ROOT;10905;18;10901;10;;;10916;9;10920;17;;;10910.5;0.0
yf_ADM_d10;52000;ASH_COATED_OSMIUM;10030;5;10028;9;;;10048;11;10050;18;;;10039.0;0.0
yf_ADM_d10;52000;INTARIAN_PEPPER_ROOT;10907;15;10905;21;;;10914;14;10918;17;;;10910.5;0.0
yf_ADM_d10;52100;ASH_COATED_OSMIUM;10031;13;10028;14;;;10047;19;10050;23;;;10039.0;0.0
yf_ADM_d10;52100;INTARIAN_PEPPER_ROOT;10904;13;10900;13;;;10915;9;10917;13;;;10909.5;0.0
yf_ADM_d10;52200;ASH_COATED_OSMIUM;10037;14;10033;14;;;10043;22;10047;20;;;10040.0;0.0
yf_ADM_d10;52200;INTARIAN_PEPPER_ROOT;10905;15;10902;17;;;10911;17;10913;26;;;10908.0;0.0
yf_ADM_d10;52300;ASH_COATED_OSMIUM;10037;11;10034;16;;;10044;12;10048;22;;;10040.5;0.0
yf_ADM_d10;52300;INTARIAN_PEPPER_ROOT;10904;13;10900;21;;;10910;17;10912;18;;;10907.0;0.0
yf_ADM_d10;52400;ASH_COATED_OSMIUM;10037;18;10034;25;;;10043;5;10046;15;;;10040.0;0.0
yf_ADM_d10;52400;INTARIAN_PEPPER_ROOT;10901;9;10899;21;;;10912;16;10916;20;;;10906.5;0.0
yf_ADM_d10;52500;ASH_COATED_OSMIUM;10023;14;10021;26;;;10058;18;10061;8;;;10040.5;0.0
yf_ADM_d10;52500;INTARIAN_PEPPER_ROOT;10903;20;10900;26;;;10909;9;10913;27;;;10906.0;0.0
yf_ADM_d10;52600;ASH_COATED_OSMIUM;10037;22;10034;8;;;10043;15;10047;31;;;10040.0;0.0
yf_ADM_d10;52600;INTARIAN_PEPPER_ROOT;10902;17;10900;24;;;10908;20;10911;26;;;10905.0;0.0
yf_ADM_d10;52700;ASH_COATED_OSMIUM;10037;22;10035;19;;;10043;21;10045;16;;;10040.0;0.0
yf_ADM_d10;52700;INTARIAN_PEPPER_ROOT;10901;16;10897;20;;;10909;20;10913;24;;;10905.0;0.0
yf_ADM_d10;52800;ASH_COATED_OSMIUM;10037;17;10034;8;;;10043;17;10046;19;;;10040.0;0.0
yf_ADM_d10;52800;INTARIAN_PEPPER_ROOT;10900;16;10898;20;;;10906;10;10910;25;;;10903.0;0.0
yf_ADM_d10;52900;ASH_COATED_OSMIUM;10029;15;10027;21;;;10053;25;10055;28;;;10041.0;0.0
yf_ADM_d10;52900;INTARIAN_PEPPER_ROOT;10897;12;10893;23;;;10908;10;10912;18;;;10902.5;0.0
yf_ADM_d10;53000;ASH_COATED_OSMIUM;10037;14;10033;13;;;10045;23;10048;18;;;10041.0;0.0
yf_ADM_d10;53000;INTARIAN_PEPPER_ROOT;10898;23;10894;18;;;10906;16;10909;15;;;10902.0;0.0
yf_ADM_d10;53100;ASH_COATED_OSMIUM;10038;20;10035;16;;;10044;5;10047;19;;;10041.0;0.0
yf_ADM_d10;53100;INTARIAN_PEPPER_ROOT;10898;9;10896;26;;;10904;5;10906;16;;;10901.0;0.0
yf_ADM_d10;53200;ASH_COATED_OSMIUM;10036;16;10034;23;;;10046;17;10048;26;;;10041.0;0.0
yf_ADM_d10;53200;INTARIAN_PEPPER_ROOT;10898;24;10896;20;;;10904;14;10906;8;;;10901.0;0.0
yf_ADM_d10;53300;ASH_COATED_OSMIUM;10039;11;10035;24;;;10045;16;10047;20;;;10042.0;0.0
yf_ADM_d10;53300;INTARIAN_PEPPER_ROOT;10892;6;10889;20;;;10908;5;10911;23;;;10900.0;0.0
yf_ADM_d10;53400;ASH_COATED_OSMIUM;10039;7;10037;13;;;10045;15;10047;19;;;10042.0;0.0
yf_ADM_d10;53400;INTARIAN_PEPPER_ROOT;10886;17;10884;12;;;10910;10;10914;21;;;10898.0;0.0
yf_ADM_d10;53500;ASH_COATED_OSMIUM;10039;14;10035;19;;;10045;10;10047;13;;;10042.0;0.0
yf_ADM_d10;53500;INTARIAN_PEPPER_ROOT;10895;11;10892;18;;;10901;12;10905;22;;;10898.0;0.0
yf_ADM_d10;53600;ASH_COATED_OSMIUM;10038;12;10034;16;;;10046;10;10049;14;;;10042.0;0.0
yf_ADM_d10;53600;INTARIAN_PEPPER_ROOT;10893;27;10890;21;;;10901;18;10903;25;;;10897.0;0.0
yf_ADM_d10;53700;ASH_COATED_OSMIUM;10039;20;10037;11;;;10045;21;10048;10;;;10042.0;0.0
yf_ADM_d10;53700;INTARIAN_PEPPER_ROOT;10893;10;10889;27;;;10899;17;10902;21;;;10896.0;0.0
yf_ADM_d10;53800;ASH_COATED_OSMIUM;10040;19;10036;26;;;10046;11;10050;23;;;10043.0;0.0
yf_ADM_d10;53800;INTARIAN_PEPPER_ROOT;10892;16;10890;30;;;10899;15;10903;14;;;10895.5;0.0
yf_ADM_d10;53900;ASH_COATED_OSMIUM;10040;17;10037;19;;;10046;12;10048;31;;;10043.0;0.0
yf_ADM_d10;53900;INTARIAN_PEPPER_ROOT;10890;17;10887;15;;;10899;21;10903;14;;;10894.5;0.0
yf_ADM_d10;54000;ASH_COATED_OSMIUM;10030;17;10028;23;;;10055;14;10059;20;;;10042.5;0.0
yf_ADM_d10;54000;INTARIAN_PEPPER_ROOT;10888;12;10884;28;;;10900;19;10903;21;;;10894.0;0.0
yf_ADM_d10;54100;ASH_COATED_OSMIUM;10027;20;10023;19;;;10058;13;10062;30;;;10042.5;0.0
yf_ADM_d10;54100;INTARIAN_PEPPER_ROOT;10890;12;10888;18;;;10896;16;10898;18;;;10893.0;0.0
yf_ADM_d10;54200;ASH_COATED_OSMIUM;10036;17;10033;15;;;10049;23;10053;11;;;10042.5;0.0
yf_ADM_d10;54200;INTARIAN_PEPPER_ROOT;10889;20;10885;19;;;10895;12;10899;14;;;10892.0;0.0
yf_ADM_d10;54300;ASH_COATED_OSMIUM;10037;20;10033;26;;;10049;5;10052;23;;;10043.0;0.0
yf_ADM_d10;54300;INTARIAN_PEPPER_ROOT;10883;10;10881;20;;;10899;10;10902;12;;;10891.0;0.0
yf_ADM_d10;54400;ASH_COATED_OSMIUM;10041;18;10037;25;;;10047;14;10051;24;;;10044.0;0.0
yf_ADM_d10;54400;INTARIAN_PEPPER_ROOT;10887;12;10884;30;;;10893;12;10895;24;;;10890.0;0.0
yf_ADM_d10;54500;ASH_COATED_OSMIUM;10036;20;10034;21;;;10052;17;10056;23;;;10044.0;0.0
yf_ADM_d10;54500;INTARIAN_PEPPER_ROOT;10887;12;10883;16;;;10893;10;10895;22;;;10890.0;0.0
yf_ADM_d10;54600;ASH_COATED_OSMIUM;10040;5;10036;20;;;10046;18;10049;24;;;10043.0;0.0
yf_ADM_d10;54600;INTARIAN_PEPPER_ROOT;10884;11;10882;28;;;10893;14;10897;13;;;10888.5;0.0
yf_ADM_d10;54700;ASH_COATED_OSMIUM;10041;18;10039;8;;;10047;18;10050;16;;;10044.0;0.0
yf_ADM_d10;54700;INTARIAN_PEPPER_ROOT;10885;19;10882;15;;;10892;8;10896;19;;;10888.5;0.0
yf_ADM_d10;54800;ASH_COATED_OSMIUM;10034;13;10030;25;;;10054;8;10058;26;;;10044.0;0.0
yf_ADM_d10;54800;INTARIAN_PEPPER_ROOT;10884;18;10882;15;;;10890;13;10892;15;;;10887.0;0.0
yf_ADM_d10;54900;ASH_COATED_OSMIUM;10034;13;10031;12;;;10054;15;10058;30;;;10044.0;0.0
yf_ADM_d10;54900;INTARIAN_PEPPER_ROOT;10878;5;10874;26;;;10894;8;10896;13;;;10886.0;0.0
yf_ADM_d10;55000;ASH_COATED_OSMIUM;10041;18;10038;25;;;10047;12;10051;23;;;10044.0;0.0
yf_ADM_d10;55000;INTARIAN_PEPPER_ROOT;10883;11;10880;19;;;10889;18;10893;25;;;10886.0;0.0
yf_ADM_d10;55100;ASH_COATED_OSMIUM;10038;23;10034;21;;;10052;12;10054;23;;;10045.0;0.0
yf_ADM_d10;55100;INTARIAN_PEPPER_ROOT;10872;14;10869;15;;;10899;19;10903;19;;;10885.5;0.0
yf_ADM_d10;55200;ASH_COATED_OSMIUM;10031;17;10028;19;;;10059;9;10061;24;;;10045.0;0.0
yf_ADM_d10;55200;INTARIAN_PEPPER_ROOT;10881;11;10877;23;;;10887;14;10890;24;;;10884.0;0.0
yf_ADM_d10;55300;ASH_COATED_OSMIUM;10042;13;10039;18;;;10048;16;10052;22;;;10045.0;0.0
yf_ADM_d10;55300;INTARIAN_PEPPER_ROOT;10879;7;10875;8;;;10888;14;10890;16;;;10883.5;0.0
yf_ADM_d10;55400;ASH_COATED_OSMIUM;10042;6;10038;15;;;10048;18;10050;17;;;10045.0;0.0
yf_ADM_d10;55400;INTARIAN_PEPPER_ROOT;10879;5;10876;15;;;10888;19;10890;18;;;10883.5;0.0
yf_ADM_d10;55500;ASH_COATED_OSMIUM;10042;24;10038;21;;;10048;21;10051;14;;;10045.0;0.0
yf_ADM_d10;55500;INTARIAN_PEPPER_ROOT;10879;22;10877;20;;;10885;14;10889;21;;;10882.0;0.0
yf_ADM_d10;55600;ASH_COATED_OSMIUM;10042;7;10038;20;;;10048;15;10051;23;;;10045.0;0.0
yf_ADM_d10;55600;INTARIAN_PEPPER_ROOT;10874;16;10871;17;;;10887;14;10890;9;;;10880.5;0.0
yf_ADM_d10;55700;ASH_COATED_OSMIUM;10043;7;10040;19;;;10049;8;10052;26;;;10046.0;0.0
yf_ADM_d10;55700;INTARIAN_PEPPER_ROOT;10877;12;10875;17;;;10883;20;10885;18;;;10880.0;0.0
yf_ADM_d10;55800;ASH_COATED_OSMIUM;10035;16;10031;28;;;10057;24;10059;21;;;10046.0;0.0
yf_ADM_d10;55800;INTARIAN_PEPPER_ROOT;10873;19;10871;32;;;10885;9;10888;27;;;10879.0;0.0
yf_ADM_d10;55900;ASH_COATED_OSMIUM;10044;21;10040;16;;;10050;26;10053;27;;;10047.0;0.0
yf_ADM_d10;55900;INTARIAN_PEPPER_ROOT;10869;24;10867;25;;;10889;15;10892;23;;;10879.0;0.0
yf_ADM_d10;56000;ASH_COATED_OSMIUM;10043;18;10041;24;;;10050;16;10052;23;;;10046.5;0.0
yf_ADM_d10;56000;INTARIAN_PEPPER_ROOT;10875;19;10871;25;;;10881;14;10883;16;;;10878.0;0.0
yf_ADM_d10;56100;ASH_COATED_OSMIUM;10027;9;10023;24;;;10066;5;10069;19;;;10046.5;0.0
yf_ADM_d10;56100;INTARIAN_PEPPER_ROOT;10874;8;10871;17;;;10880;13;10882;21;;;10877.0;0.0
yf_ADM_d10;56200;ASH_COATED_OSMIUM;10043;20;10041;22;;;10049;10;10053;20;;;10046.0;0.0
yf_ADM_d10;56200;INTARIAN_PEPPER_ROOT;10872;11;10870;21;;;10880;25;10882;17;;;10876.0;0.0
yf_ADM_d10;56300;ASH_COATED_OSMIUM;10044;16;10041;13;;;10050;12;10054;21;;;10047.0;0.0
yf_ADM_d10;56300;INTARIAN_PEPPER_ROOT;10872;12;10869;14;;;10878;17;10881;24;;;10875.0;0.0
yf_ADM_d10;56400;ASH_COATED_OSMIUM;10044;14;10040;17;;;10050;13;10053;22;;;10047.0;0.0
yf_ADM_d10;56400;INTARIAN_PEPPER_ROOT;10871;11;10869;22;;;10877;23;10879;18;;;10874.0;0.0
yf_ADM_d10;56500;ASH_COATED_OSMIUM;10044;23;10040;23;;;10050;15;10052;16;;;10047.0;0.0
yf_ADM_d10;56500;INTARIAN_PEPPER_ROOT;10870;14;10868;11;;;10876;10;10880;23;;;10873.0;0.0
yf_ADM_d10;56600;ASH_COATED_OSMIUM;10044;16;10042;21;;;10050;14;10052;26;;;10047.0;0.0
yf_ADM_d10;56600;INTARIAN_PEPPER_ROOT;10870;23;10868;20;;;10876;19;10879;31;;;10873.0;0.0
yf_ADM_d10;56700;ASH_COATED_OSMIUM;10044;15;10040;17;;;10050;17;10054;12;;;10047.0;0.0
