day;timestamp;product;bid_price_1;bid_volume_1;bid_price_2;bid_volume_2;bid_price_3;bid_volume_3;ask_price_1;ask_volume_1;ask_price_2;ask_volume_2;ask_price_3;ask_volume_3;mid_price;profit_and_loss
yf_MKC_d11;0;ASH_COATED_OSMIUM;9911;12;9908;17;;;9923;16;9925;18;;;9917.0;0.0
yf_MKC_d11;0;INTARIAN_PEPPER_ROOT;12024;23;12022;18;;;12030;6;12033;14;;;12027.0;0.0
yf_MKC_d11;100;ASH_COATED_OSMIUM;9896;15;9894;20;;;9937;11;9941;17;;;9916.5;0.0
yf_MKC_d11;100;INTARIAN_PEPPER_ROOT;12023;11;12020;15;;;12029;15;12031;27;;;12026.0;0.0
yf_MKC_d11;200;ASH_COATED_OSMIUM;9913;20;9909;24;;;9919;15;9921;25;;;9916.0;0.0
yf_MKC_d11;200;INTARIAN_PEPPER_ROOT;12021;24;12018;21;;;12027;9;12029;29;;;12024.0;0.0
yf_MKC_d11;300;ASH_COATED_OSMIUM;9909;12;9906;21;;;9924;9;9927;15;;;9916.5;0.0
yf_MKC_d11;300;INTARIAN_PEPPER_ROOT;12014;12;12012;15;;;12032;17;12035;26;;;12023.0;0.0
yf_MKC_d11;400;ASH_COATED_OSMIUM;9911;5;9907;21;;;9923;16;9925;16;;;9917.0;0.0
yf_MKC_d11;400;INTARIAN_PEPPER_ROOT;12019;15;12016;17;;;12025;15;12028;25;;;12022.0;0.0
yf_MKC_d11;500;ASH_COATED_OSMIUM;9908;10;9905;18;;;9925;20;9928;8;;;9916.5;0.0
yf_MKC_d11;500;INTARIAN_PEPPER_ROOT;12017;8;12013;27;;;12023;11;12027;10;;;12020.0;0.0
yf_MKC_d11;600;ASH_COATED_OSMIUM;9914;14;9911;13;;;9920;13;9924;21;;;9917.0;0.0
yf_MKC_d11;600;INTARIAN_PEPPER_ROOT;12016;14;12013;25;;;12022;16;12026;17;;;12019.0;0.0
yf_MKC_d11;700;ASH_COATED_OSMIUM;9913;23;9910;30;;;9919;10;9921;16;;;9916.0;0.0
yf_MKC_d11;700;INTARIAN_PEPPER_ROOT;12015;16;12013;27;;;12021;9;12025;16;;;12018.0;0.0
yf_MKC_d11;800;ASH_COATED_OSMIUM;9914;11;9911;20;;;9920;14;9922;14;;;9917.0;0.0
yf_MKC_d11;800;INTARIAN_PEPPER_ROOT;12013;13;12011;28;;;12020;14;12024;26;;;12016.5;0.0
yf_MKC_d11;900;ASH_COATED_OSMIUM;9907;12;9904;12;;;9925;9;9928;19;;;9916.0;0.0
yf_MKC_d11;900;INTARIAN_PEPPER_ROOT;12012;22;12010;23;;;12019;17;12021;13;;;12015.5;0.0
yf_MKC_d11;1000;ASH_COATED_OSMIUM;9913;11;9909;22;;;9921;13;9925;18;;;9917.0;0.0
yf_MKC_d11;1000;INTARIAN_PEPPER_ROOT;12012;11;12008;13;;;12018;14;12022;20;;;12015.0;0.0
yf_MKC_d11;1100;ASH_COATED_OSMIUM;9914;9;9912;23;;;9920;16;9923;13;;;9917.0;0.0
yf_MKC_d11;1100;INTARIAN_PEPPER_ROOT;12005;13;12002;27;;;12021;17;12024;23;;;12013.0;0.0
yf_MKC_d11;1200;ASH_COATED_OSMIUM;9913;6;9909;17;;;9920;15;9924;14;;;9916.5;0.0
yf_MKC_d11;1200;INTARIAN_PEPPER_ROOT;12008;10;12004;27;;;12014;17;12018;13;;;12011.0;0.0
yf_MKC_d11;1300;ASH_COATED_OSMIUM;9914;8;9912;15;;;9920;20;9922;27;;;9917.0;0.0
yf_MKC_d11;1300;INTARIAN_PEPPER_ROOT;12006;13;12002;11;;;12015;16;12018;22;;;12010.5;0.0
yf_MKC_d11;1400;ASH_COATED_OSMIUM;9911;5;9909;16;;;9923;24;9927;16;;;9917.0;0.0
yf_MKC_d11;1400;INTARIAN_PEPPER_ROOT;12006;17;12004;29;;;12012;14;12014;20;;;12009.0;0.0
yf_MKC_d11;1500;ASH_COATED_OSMIUM;9914;19;9911;16;;;9920;11;9924;10;;;9917.0;0.0
yf_MKC_d11;1500;INTARIAN_PEPPER_ROOT;12005;14;12003;12;;;12011;9;12013;16;;;12008.0;0.0
yf_MKC_d11;1600;ASH_COATED_OSMIUM;9913;15;9909;24;;;9922;17;9924;15;;;9917.5;0.0
yf_MKC_d11;1600;INTARIAN_PEPPER_ROOT;12001;12;11998;18;;;12012;12;12016;21;;;12006.5;0.0
yf_MKC_d11;1700;ASH_COATED_OSMIUM;9907;16;9904;9;;;9928;14;9930;15;;;9917.5;0.0
yf_MKC_d11;1700;INTARIAN_PEPPER_ROOT;12003;12;11999;15;;;12009;15;12012;21;;;12006.0;0.0
yf_MKC_d11;1800;ASH_COATED_OSMIUM;9914;10;9910;22;;;9920;11;9924;21;;;9917.0;0.0
yf_MKC_d11;1800;INTARIAN_PEPPER_ROOT;12000;12;11998;14;;;12008;13;12010;22;;;12004.0;0.0
yf_MKC_d11;1900;ASH_COATED_OSMIUM;9914;16;9912;21;;;9920;10;9924;19;;;9917.0;0.0
yf_MKC_d11;1900;INTARIAN_PEPPER_ROOT;12000;10;11998;17;;;12006;15;12008;20;;;12003.0;0.0
yf_MKC_d11;2000;ASH_COATED_OSMIUM;9911;13;9909;15;;;9923;12;9927;16;;;9917.0;0.0
yf_MKC_d11;2000;INTARIAN_PEPPER_ROOT;11998;13;11995;24;;;12004;21;12006;16;;;12001.0;0.0
yf_MKC_d11;2100;ASH_COATED_OSMIUM;9915;14;9912;20;;;9921;25;9923;24;;;9918.0;0.0
yf_MKC_d11;2100;INTARIAN_PEPPER_ROOT;11997;5;11994;19;;;12003;23;12005;15;;;12000.0;0.0
yf_MKC_d11;2200;ASH_COATED_OSMIUM;9913;15;9911;17;;;9922;20;9925;17;;;9917.5;0.0
yf_MKC_d11;2200;INTARIAN_PEPPER_ROOT;11992;15;11990;16;;;12006;6;12009;18;;;11999.0;0.0
yf_MKC_d11;2300;ASH_COATED_OSMIUM;9914;11;9911;24;;;9920;15;9924;15;;;9917.0;0.0
yf_MKC_d11;2300;INTARIAN_PEPPER_ROOT;11994;14;11990;25;;;12000;17;12004;28;;;11997.0;0.0
yf_MKC_d11;2400;ASH_COATED_OSMIUM;9914;13;9911;27;;;9920;16;9924;24;;;9917.0;0.0
yf_MKC_d11;2400;INTARIAN_PEPPER_ROOT;11987;17;11983;13;;;12006;14;12009;27;;;11996.5;0.0
yf_MKC_d11;2500;ASH_COATED_OSMIUM;9913;12;9910;17;;;9923;8;9925;26;;;9918.0;0.0
yf_MKC_d11;2500;INTARIAN_PEPPER_ROOT;11990;16;11987;12;;;11999;18;12002;17;;;11994.5;0.0
yf_MKC_d11;2600;ASH_COATED_OSMIUM;9914;9;9912;22;;;9921;18;9923;21;;;9917.5;0.0
yf_MKC_d11;2600;INTARIAN_PEPPER_ROOT;11991;24;11988;21;;;11997;13;12001;27;;;11994.0;0.0
yf_MKC_d11;2700;ASH_COATED_OSMIUM;9915;16;9912;16;;;9921;16;9924;21;;;9918.0;0.0
yf_MKC_d11;2700;INTARIAN_PEPPER_ROOT;11979;14;11975;23;;;12006;11;12008;22;;;11992.5;0.0
yf_MKC_d11;2800;ASH_COATED_OSMIUM;9913;17;9911;15;;;9923;14;9926;23;;;9918.0;0.0
yf_MKC_d11;2800;INTARIAN_PEPPER_ROOT;11988;8;11984;19;;;11994;24;11998;30;;;11991.0;0.0
yf_MKC_d11;2900;ASH_COATED_OSMIUM;9914;16;9910;22;;;9921;16;9923;26;;;9917.5;0.0
yf_MKC_d11;2900;INTARIAN_PEPPER_ROOT;11987;21;11985;23;;;11993;19;11997;11;;;11990.0;0.0
yf_MKC_d11;3000;ASH_COATED_OSMIUM;9915;14;9911;17;;;9921;12;9925;22;;;9918.0;0.0
yf_MKC_d11;3000;INTARIAN_PEPPER_ROOT;11985;11;11981;19;;;11991;12;11994;16;;;11988.0;0.0
yf_MKC_d11;3100;ASH_COATED_OSMIUM;9908;5;9905;11;;;9927;22;9931;14;;;9917.5;0.0
yf_MKC_d11;3100;INTARIAN_PEPPER_ROOT;11984;14;11980;18;;;11990;10;11992;27;;;11987.0;0.0
yf_MKC_d11;3200;ASH_COATED_OSMIUM;9915;17;9912;25;;;9921;7;9924;10;;;9918.0;0.0
yf_MKC_d11;3200;INTARIAN_PEPPER_ROOT;11983;11;11980;23;;;11989;19;11991;21;;;11986.0;0.0
yf_MKC_d11;3300;ASH_COATED_OSMIUM;9914;18;9912;15;;;9923;10;9927;19;;;9918.5;0.0
yf_MKC_d11;3300;INTARIAN_PEPPER_ROOT;11978;8;11974;21;;;11991;12;11995;27;;;11984.5;0.0
yf_MKC_d11;3400;ASH_COATED_OSMIUM;9916;15;9912;8;;;9922;13;9926;26;;;9919.0;0.0
yf_MKC_d11;3400;INTARIAN_PEPPER_ROOT;11981;13;11977;21;;;11987;12;11989;11;;;11984.0;0.0
yf_MKC_d11;3500;ASH_COATED_OSMIUM;9901;16;9898;18;;;9936;22;9939;21;;;9918.5;0.0
yf_MKC_d11;3500;INTARIAN_PEPPER_ROOT;11974;16;11970;17;;;11990;8;11992;27;;;11982.0;0.0
yf_MKC_d11;3600;ASH_COATED_OSMIUM;9916;12;9914;16;;;9922;22;9924;15;;;9919.0;0.0
yf_MKC_d11;3600;INTARIAN_PEPPER_ROOT;11978;12;11974;14;;;11984;7;11986;18;;;11981.0;0.0
yf_MKC_d11;3700;ASH_COATED_OSMIUM;9915;23;9912;19;;;9921;6;9923;20;;;9918.0;0.0
yf_MKC_d11;3700;INTARIAN_PEPPER_ROOT;11976;20;11973;17;;;11982;20;11984;25;;;11979.0;0.0
yf_MKC_d11;3800;ASH_COATED_OSMIUM;9915;5;9911;24;;;9921;16;9924;23;;;9918.0;0.0
yf_MKC_d11;3800;INTARIAN_PEPPER_ROOT;11975;11;11971;33;;;11981;9;11984;11;;;11978.0;0.0
yf_MKC_d11;3900;ASH_COATED_OSMIUM;9915;23;9911;22;;;9921;12;9924;20;;;9918.0;0.0
yf_MKC_d11;3900;INTARIAN_PEPPER_ROOT;11974;10;11972;10;;;11980;11;11982;17;;;11977.0;0.0
yf_MKC_d11;4000;ASH_COATED_OSMIUM;9915;23;9911;26;;;9921;12;9924;18;;;9918.0;0.0
yf_MKC_d11;4000;INTARIAN_PEPPER_ROOT;11968;5;11966;10;;;11984;20;11986;30;;;11976.0;0.0
yf_MKC_d11;4100;ASH_COATED_OSMIUM;9915;17;9912;14;;;9921;10;9923;18;;;9918.0;0.0
yf_MKC_d11;4100;INTARIAN_PEPPER_ROOT;11971;19;11968;22;;;11977;18;11980;15;;;11974.0;0.0
yf_MKC_d11;4200;ASH_COATED_OSMIUM;9915;21;9912;9;;;9921;20;9923;15;;;9918.0;0.0
yf_MKC_d11;4200;INTARIAN_PEPPER_ROOT;11970;9;11968;20;;;11977;18;11979;21;;;11973.5;0.0
yf_MKC_d11;4300;ASH_COATED_OSMIUM;9915;15;9913;18;;;9921;9;9923;14;;;9918.0;0.0
yf_MKC_d11;4300;INTARIAN_PEPPER_ROOT;11969;9;11966;20;;;11975;23;11979;24;;;11972.0;0.0
yf_MKC_d11;4400;ASH_COATED_OSMIUM;9913;9;9910;16;;;9923;23;9926;27;;;9918.0;0.0
yf_MKC_d11;4400;INTARIAN_PEPPER_ROOT;11963;17;11961;23;;;11978;14;11982;22;;;11970.5;0.0
yf_MKC_d11;4500;ASH_COATED_OSMIUM;9914;20;9911;9;;;9924;18;9926;18;;;9919.0;0.0
yf_MKC_d11;4500;INTARIAN_PEPPER_ROOT;11966;19;11962;22;;;11972;9;11974;23;;;11969.0;0.0
yf_MKC_d11;4600;ASH_COATED_OSMIUM;9915;12;9913;21;;;9921;10;9923;20;;;9918.0;0.0
yf_MKC_d11;4600;INTARIAN_PEPPER_ROOT;11965;5;11961;18;;;11971;16;11973;24;;;11968.0;0.0
yf_MKC_d11;4700;ASH_COATED_OSMIUM;9917;10;9913;21;;;9923;27;9926;24;;;9920.0;0.0
yf_MKC_d11;4700;INTARIAN_PEPPER_ROOT;11964;13;11962;23;;;11970;13;11972;24;;;11967.0;0.0
yf_MKC_d11;4800;ASH_COATED_OSMIUM;9916;18;9912;26;;;9922;14;9926;12;;;9919.0;0.0
yf_MKC_d11;4800;INTARIAN_PEPPER_ROOT;11962;16;11960;21;;;11968;22;11970;20;;;11965.0;0.0
yf_MKC_d11;4900;ASH_COATED_OSMIUM;9915;14;9912;20;;;9921;9;9923;18;;;9918.0;0.0
yf_MKC_d11;4900;INTARIAN_PEPPER_ROOT;11956;20;11953;17;;;11972;25;11975;27;;;11964.0;0.0
yf_MKC_d11;5000;ASH_COATED_OSMIUM;9916;7;9912;17;;;9922;6;9926;20;;;9919.0;0.0
yf_MKC_d11;5000;INTARIAN_PEPPER_ROOT;11953;20;11950;24;;;11974;11;11978;22;;;11963.5;0.0
yf_MKC_d11;5100;ASH_COATED_OSMIUM;9916;19;9912;16;;;9922;16;9924;16;;;9919.0;0.0
yf_MKC_d11;5100;INTARIAN_PEPPER_ROOT;11951;19;11949;18;;;11971;12;11973;20;;;11961.0;0.0
yf_MKC_d11;5200;ASH_COATED_OSMIUM;9916;22;9912;19;;;9922;15;9924;20;;;9919.0;0.0
yf_MKC_d11;5200;INTARIAN_PEPPER_ROOT;11957;22;11953;28;;;11963;17;11965;16;;;11960.0;0.0
yf_MKC_d11;5300;ASH_COATED_OSMIUM;9914;16;9911;17;;;9925;19;9929;18;;;9919.5;0.0
yf_MKC_d11;5300;INTARIAN_PEPPER_ROOT;11956;7;11952;15;;;11962;7;11966;22;;;11959.0;0.0
yf_MKC_d11;5400;ASH_COATED_OSMIUM;9915;10;9911;21;;;9923;16;9926;22;;;9919.0;0.0
yf_MKC_d11;5400;INTARIAN_PEPPER_ROOT;11954;15;11951;25;;;11962;12;11966;9;;;11958.0;0.0
yf_MKC_d11;5500;ASH_COATED_OSMIUM;9916;15;9912;19;;;9922;23;9925;24;;;9919.0;0.0
yf_MKC_d11;5500;INTARIAN_PEPPER_ROOT;11953;13;11950;16;;;11959;10;11961;16;;;11956.0;0.0
yf_MKC_d11;5600;ASH_COATED_OSMIUM;9916;21;9914;18;;;9922;16;9926;16;;;9919.0;0.0
yf_MKC_d11;5600;INTARIAN_PEPPER_ROOT;11952;7;11950;14;;;11959;17;11963;10;;;11955.5;0.0
yf_MKC_d11;5700;ASH_COATED_OSMIUM;9912;14;9908;8;;;9925;20;9929;16;;;9918.5;0.0
yf_MKC_d11;5700;INTARIAN_PEPPER_ROOT;11945;17;11941;27;;;11963;13;11965;17;;;11954.0;0.0
yf_MKC_d11;5800;ASH_COATED_OSMIUM;9916;16;9912;18;;;9922;21;9926;21;;;9919.0;0.0
yf_MKC_d11;5800;INTARIAN_PEPPER_ROOT;11950;15;11946;20;;;11956;12;11959;14;;;11953.0;0.0
yf_MKC_d11;5900;ASH_COATED_OSMIUM;9916;9;9914;16;;;9922;15;9925;19;;;9919.0;0.0
yf_MKC_d11;5900;INTARIAN_PEPPER_ROOT;11947;12;11943;23;;;11956;19;11958;20;;;11951.5;0.0
yf_MKC_d11;6000;ASH_COATED_OSMIUM;9914;5;9911;24;;;9925;14;9928;18;;;9919.5;0.0
yf_MKC_d11;6000;INTARIAN_PEPPER_ROOT;11947;8;11945;12;;;11953;10;11957;25;;;11950.0;0.0
yf_MKC_d11;6100;ASH_COATED_OSMIUM;9916;21;9913;22;;;9922;18;9924;16;;;9919.0;0.0
yf_MKC_d11;6100;INTARIAN_PEPPER_ROOT;11946;9;11943;19;;;11952;15;11955;25;;;11949.0;0.0
yf_MKC_d11;6200;ASH_COATED_OSMIUM;9912;17;9910;22;;;9925;10;9928;13;;;9918.5;0.0
yf_MKC_d11;6200;INTARIAN_PEPPER_ROOT;11936;8;11932;15;;;11959;15;11961;16;;;11947.5;0.0
yf_MKC_d11;6300;ASH_COATED_OSMIUM;9912;15;9908;25;;;9927;7;9930;19;;;9919.5;0.0
yf_MKC_d11;6300;INTARIAN_PEPPER_ROOT;11943;8;11940;26;;;11949;10;11952;25;;;11946.0;0.0
yf_MKC_d11;6400;ASH_COATED_OSMIUM;9915;16;9911;24;;;9925;10;9929;24;;;9920.0;0.0
yf_MKC_d11;6400;INTARIAN_PEPPER_ROOT;11942;8;11938;22;;;11948;18;11952;20;;;11945.0;0.0
yf_MKC_d11;6500;ASH_COATED_OSMIUM;9917;6;9915;22;;;9923;12;9925;21;;;9920.0;0.0
yf_MKC_d11;6500;INTARIAN_PEPPER_ROOT;11933;20;11931;22;;;11954;20;11957;23;;;11943.5;0.0
yf_MKC_d11;6600;ASH_COATED_OSMIUM;9912;12;9909;22;;;9927;17;9931;19;;;9919.5;0.0
yf_MKC_d11;6600;INTARIAN_PEPPER_ROOT;11939;14;11935;10;;;11945;17;11948;27;;;11942.0;0.0
yf_MKC_d11;6700;ASH_COATED_OSMIUM;9916;14;9912;26;;;9922;15;9924;21;;;9919.0;0.0
yf_MKC_d11;6700;INTARIAN_PEPPER_ROOT;11938;20;11934;25;;;11944;17;11948;18;;;11941.0;0.0
yf_MKC_d11;6800;ASH_COATED_OSMIUM;9914;20;9911;21;;;9926;17;9929;21;;;9920.0;0.0
yf_MKC_d11;6800;INTARIAN_PEPPER_ROOT;11923;13;11919;18;;;11957;17;11960;22;;;11940.0;0.0
yf_MKC_d11;6900;ASH_COATED_OSMIUM;9917;7;9914;23;;;9923;15;9927;22;;;9920.0;0.0
yf_MKC_d11;6900;INTARIAN_PEPPER_ROOT;11933;17;11929;18;;;11943;8;11946;15;;;11938.0;0.0
yf_MKC_d11;7000;ASH_COATED_OSMIUM;9912;17;9910;19;;;9926;9;9928;12;;;9919.0;0.0
yf_MKC_d11;7000;INTARIAN_PEPPER_ROOT;11934;11;11931;18;;;11940;19;11943;14;;;11937.0;0.0
yf_MKC_d11;7100;ASH_COATED_OSMIUM;9917;23;9914;18;;;9923;7;9927;28;;;9920.0;0.0
yf_MKC_d11;7100;INTARIAN_PEPPER_ROOT;11932;20;11930;20;;;11940;12;11942;22;;;11936.0;0.0
yf_MKC_d11;7200;ASH_COATED_OSMIUM;9917;17;9913;18;;;9923;22;9926;15;;;9920.0;0.0
yf_MKC_d11;7200;INTARIAN_PEPPER_ROOT;11929;24;11927;21;;;11939;10;11941;22;;;11934.0;0.0
yf_MKC_d11;7300;ASH_COATED_OSMIUM;9911;14;9907;25;;;9928;16;9930;15;;;9919.5;0.0
yf_MKC_d11;7300;INTARIAN_PEPPER_ROOT;11930;20;11928;26;;;11936;18;11940;19;;;11933.0;0.0
yf_MKC_d11;7400;ASH_COATED_OSMIUM;9917;15;9913;23;;;9923;16;9926;18;;;9920.0;0.0
yf_MKC_d11;7400;INTARIAN_PEPPER_ROOT;11926;21;11923;18;;;11938;9;11942;28;;;11932.0;0.0
yf_MKC_d11;7500;ASH_COATED_OSMIUM;9915;12;9912;28;;;9925;9;9929;18;;;9920.0;0.0
yf_MKC_d11;7500;INTARIAN_PEPPER_ROOT;11927;14;11925;28;;;11934;13;11937;28;;;11930.5;0.0
yf_MKC_d11;7600;ASH_COATED_OSMIUM;9915;16;9913;12;;;9924;15;9926;18;;;9919.5;0.0
yf_MKC_d11;7600;INTARIAN_PEPPER_ROOT;11927;15;11925;16;;;11933;14;11935;21;;;11930.0;0.0
yf_MKC_d11;7700;ASH_COATED_OSMIUM;9913;5;9911;23;;;9926;22;9930;20;;;9919.5;0.0
yf_MKC_d11;7700;INTARIAN_PEPPER_ROOT;11925;5;11922;8;;;11931;13;11935;15;;;11928.0;0.0
yf_MKC_d11;7800;ASH_COATED_OSMIUM;9916;12;9913;15;;;9922;11;9924;18;;;9919.0;0.0
yf_MKC_d11;7800;INTARIAN_PEPPER_ROOT;11924;12;11922;18;;;11930;24;11933;21;;;11927.0;0.0
yf_MKC_d11;7900;ASH_COATED_OSMIUM;9917;13;9915;31;;;9923;15;9925;26;;;9920.0;0.0
yf_MKC_d11;7900;INTARIAN_PEPPER_ROOT;11922;17;11919;17;;;11928;14;11932;18;;;11925.0;0.0
yf_MKC_d11;8000;ASH_COATED_OSMIUM;9911;19;9909;27;;;9930;9;9934;13;;;9920.5;0.0
yf_MKC_d11;8000;INTARIAN_PEPPER_ROOT;11913;9;11911;17;;;11936;18;11940;15;;;11924.5;0.0
yf_MKC_d11;8100;ASH_COATED_OSMIUM;9917;15;9914;22;;;9923;10;9927;21;;;9920.0;0.0
yf_MKC_d11;8100;INTARIAN_PEPPER_ROOT;11920;9;11916;15;;;11926;17;11929;23;;;11923.0;0.0
yf_MKC_d11;8200;ASH_COATED_OSMIUM;9912;19;9910;11;;;9929;29;9931;20;;;9920.5;0.0
yf_MKC_d11;8200;INTARIAN_PEPPER_ROOT;11918;18;11915;28;;;11924;18;11928;11;;;11921.0;0.0
yf_MKC_d11;8300;ASH_COATED_OSMIUM;9918;16;9915;20;;;9924;10;9928;23;;;9921.0;0.0
yf_MKC_d11;8300;INTARIAN_PEPPER_ROOT;11918;18;11916;12;;;11924;13;11927;8;;;11921.0;0.0
yf_MKC_d11;8400;ASH_COATED_OSMIUM;9913;23;9910;8;;;9927;7;9929;8;;;9920.0;0.0
yf_MKC_d11;8400;INTARIAN_PEPPER_ROOT;11916;21;11913;13;;;11922;9;11924;18;;;11919.0;0.0
yf_MKC_d11;8500;ASH_COATED_OSMIUM;9917;21;9915;19;;;9923;16;9926;22;;;9920.0;0.0
yf_MKC_d11;8500;INTARIAN_PEPPER_ROOT;11912;10;11910;21;;;11924;22;11928;26;;;11918.0;0.0
yf_MKC_d11;8600;ASH_COATED_OSMIUM;9918;24;9914;20;;;9924;14;9928;14;;;9921.0;0.0
yf_MKC_d11;8600;INTARIAN_PEPPER_ROOT;11913;20;11911;21;;;11919;10;11923;17;;;11916.0;0.0
yf_MKC_d11;8700;ASH_COATED_OSMIUM;9917;21;9915;19;;;9923;18;9925;14;;;9920.0;0.0
yf_MKC_d11;8700;INTARIAN_PEPPER_ROOT;11912;12;11908;21;;;11918;13;11920;23;;;11915.0;0.0
yf_MKC_d11;8800;ASH_COATED_OSMIUM;9916;15;9913;25;;;9926;10;9928;21;;;9921.0;0.0
yf_MKC_d11;8800;INTARIAN_PEPPER_ROOT;11911;18;11908;21;;;11917;10;11920;11;;;11914.0;0.0
yf_MKC_d11;8900;ASH_COATED_OSMIUM;9918;19;9915;23;;;9924;16;9928;16;;;9921.0;0.0
yf_MKC_d11;8900;INTARIAN_PEPPER_ROOT;11910;13;11907;22;;;11916;7;11918;17;;;11913.0;0.0
yf_MKC_d11;9000;ASH_COATED_OSMIUM;9917;20;9914;14;;;9923;14;9926;33;;;9920.0;0.0
yf_MKC_d11;9000;INTARIAN_PEPPER_ROOT;11908;24;11906;17;;;11914;8;11917;20;;;11911.0;0.0
yf_MKC_d11;9100;ASH_COATED_OSMIUM;9917;30;9914;25;;;9923;8;9925;16;;;9920.0;0.0
yf_MKC_d11;9100;INTARIAN_PEPPER_ROOT;11907;25;11904;21;;;11913;10;11915;16;;;11910.0;0.0
yf_MKC_d11;9200;ASH_COATED_OSMIUM;9917;18;9913;21;;;9923;20;9925;21;;;9920.0;0.0
yf_MKC_d11;9200;INTARIAN_PEPPER_ROOT;11898;5;11896;19;;;11922;19;11926;26;;;11910.0;0.0
yf_MKC_d11;9300;ASH_COATED_OSMIUM;9918;18;9914;22;;;9924;14;9928;23;;;9921.0;0.0
yf_MKC_d11;9300;INTARIAN_PEPPER_ROOT;11905;13;11901;24;;;11911;20;11915;21;;;11908.0;0.0
yf_MKC_d11;9400;ASH_COATED_OSMIUM;9918;15;9915;18;;;9924;19;9928;22;;;9921.0;0.0
yf_MKC_d11;9400;INTARIAN_PEPPER_ROOT;11901;5;11899;19;;;11912;14;11915;16;;;11906.5;0.0
yf_MKC_d11;9500;ASH_COATED_OSMIUM;9918;13;9916;17;;;9924;19;9928;21;;;9921.0;0.0
yf_MKC_d11;9500;INTARIAN_PEPPER_ROOT;11901;17;11897;20;;;11907;13;11910;25;;;11904.0;0.0
yf_MKC_d11;9600;ASH_COATED_OSMIUM;9918;12;9916;16;;;9924;18;9927;14;;;9921.0;0.0
yf_MKC_d11;9600;INTARIAN_PEPPER_ROOT;11893;11;11889;25;;;11914;20;11918;24;;;11903.5;0.0
yf_MKC_d11;9700;ASH_COATED_OSMIUM;9917;14;9915;13;;;9924;11;9927;12;;;9920.5;0.0
yf_MKC_d11;9700;INTARIAN_PEPPER_ROOT;11899;13;11897;18;;;11905;13;11909;21;;;11902.0;0.0
yf_MKC_d11;9800;ASH_COATED_OSMIUM;9918;20;9915;14;;;9924;6;9928;23;;;9921.0;0.0
yf_MKC_d11;9800;INTARIAN_PEPPER_ROOT;11886;17;11883;21;;;11915;10;11919;28;;;11900.5;0.0
yf_MKC_d11;9900;ASH_COATED_OSMIUM;9917;24;9913;23;;;9923;14;9927;20;;;9920.0;0.0
yf_MKC_d11;9900;INTARIAN_PEPPER_ROOT;11897;13;11895;20;;;11903;16;11906;22;;;11900.0;0.0
yf_MKC_d11;10000;ASH_COATED_OSMIUM;9918;5;9914;9;;;9924;19;9928;17;;;9921.0;0.0
yf_MKC_d11;10000;INTARIAN_PEPPER_ROOT;11895;10;11893;19;;;11901;19;11905;13;;;11898.0;0.0
yf_MKC_d11;10100;ASH_COATED_OSMIUM;9918;19;9916;14;;;9924;15;9926;18;;;9921.0;0.0
yf_MKC_d11;10100;INTARIAN_PEPPER_ROOT;11894;12;11890;15;;;11900;14;11902;26;;;11897.0;0.0
yf_MKC_d11;10200;ASH_COATED_OSMIUM;9913;17;9910;14;;;9929;13;9932;24;;;9921.0;0.0
yf_MKC_d11;10200;INTARIAN_PEPPER_ROOT;11893;20;11891;25;;;11899;17;11902;16;;;11896.0;0.0
yf_MKC_d11;10300;ASH_COATED_OSMIUM;9917;15;9914;17;;;9925;14;9928;28;;;9921.0;0.0
yf_MKC_d11;10300;INTARIAN_PEPPER_ROOT;11892;15;11889;12;;;11898;19;11902;22;;;11895.0;0.0
yf_MKC_d11;10400;ASH_COATED_OSMIUM;9918;8;9916;20;;;9924;19;9927;22;;;9921.0;0.0
yf_MKC_d11;10400;INTARIAN_PEPPER_ROOT;11890;14;11888;26;;;11896;19;11898;20;;;11893.0;0.0
yf_MKC_d11;10500;ASH_COATED_OSMIUM;9918;12;9915;20;;;9924;6;9927;21;;;9921.0;0.0
yf_MKC_d11;10500;INTARIAN_PEPPER_ROOT;11888;19;11885;27;;;11896;20;11898;26;;;11892.0;0.0
yf_MKC_d11;10600;ASH_COATED_OSMIUM;9918;12;9915;27;;;9924;12;9928;24;;;9921.0;0.0
yf_MKC_d11;10600;INTARIAN_PEPPER_ROOT;11888;8;11885;25;;;11894;22;11896;20;;;11891.0;0.0
yf_MKC_d11;10700;ASH_COATED_OSMIUM;9911;15;9908;16;;;9933;5;9935;33;;;9922.0;0.0
yf_MKC_d11;10700;INTARIAN_PEPPER_ROOT;11887;15;11883;17;;;11893;17;11897;29;;;11890.0;0.0
yf_MKC_d11;10800;ASH_COATED_OSMIUM;9912;17;9908;25;;;9931;11;9935;20;;;9921.5;0.0
yf_MKC_d11;10800;INTARIAN_PEPPER_ROOT;11885;17;11881;23;;;11891;24;11894;16;;;11888.0;0.0
yf_MKC_d11;10900;ASH_COATED_OSMIUM;9918;18;9916;29;;;9924;10;9927;19;;;9921.0;0.0
yf_MKC_d11;10900;INTARIAN_PEPPER_ROOT;11877;14;11873;22;;;11898;24;11900;18;;;11887.5;0.0
yf_MKC_d11;11000;ASH_COATED_OSMIUM;9919;18;9915;25;;;9925;12;9927;19;;;9922.0;0.0
yf_MKC_d11;11000;INTARIAN_PEPPER_ROOT;11879;8;11875;14;;;11893;17;11896;32;;;11886.0;0.0
yf_MKC_d11;11100;ASH_COATED_OSMIUM;9919;12;9916;16;;;9925;16;9928;12;;;9922.0;0.0
yf_MKC_d11;11100;INTARIAN_PEPPER_ROOT;11882;18;11880;21;;;11888;15;11891;25;;;11885.0;0.0
yf_MKC_d11;11200;ASH_COATED_OSMIUM;9919;7;9916;24;;;9925;13;9928;12;;;9922.0;0.0
yf_MKC_d11;11200;INTARIAN_PEPPER_ROOT;11879;15;11875;14;;;11887;20;11890;15;;;11883.0;0.0
yf_MKC_d11;11300;ASH_COATED_OSMIUM;9918;6;9914;8;;;9925;11;9928;9;;;9921.5;0.0
yf_MKC_d11;11300;INTARIAN_PEPPER_ROOT;11879;19;11877;24;;;11885;15;11889;21;;;11882.0;0.0
yf_MKC_d11;11400;ASH_COATED_OSMIUM;9919;7;9915;22;;;9925;14;9928;19;;;9922.0;0.0
yf_MKC_d11;11400;INTARIAN_PEPPER_ROOT;11875;17;11873;12;;;11886;21;11889;16;;;11880.5;0.0
yf_MKC_d11;11500;ASH_COATED_OSMIUM;9919;10;9915;23;;;9925;19;9929;8;;;9922.0;0.0
yf_MKC_d11;11500;INTARIAN_PEPPER_ROOT;11847;13;11843;16;;;11912;6;11915;24;;;11879.5;0.0
yf_MKC_d11;11600;ASH_COATED_OSMIUM;9919;10;9916;12;;;9925;15;9928;19;;;9922.0;0.0
yf_MKC_d11;11600;INTARIAN_PEPPER_ROOT;11874;7;11871;19;;;11882;16;11885;10;;;11878.0;0.0
yf_MKC_d11;11700;ASH_COATED_OSMIUM;9919;15;9916;11;;;9925;13;9927;17;;;9922.0;0.0
yf_MKC_d11;11700;INTARIAN_PEPPER_ROOT;11874;15;11872;21;;;11880;9;11882;25;;;11877.0;0.0
yf_MKC_d11;11800;ASH_COATED_OSMIUM;9918;14;9916;17;;;9924;8;9927;24;;;9921.0;0.0
yf_MKC_d11;11800;INTARIAN_PEPPER_ROOT;11872;28;11869;28;;;11878;9;11880;20;;;11875.0;0.0
yf_MKC_d11;11900;ASH_COATED_OSMIUM;9914;10;9911;12;;;9930;17;9934;25;;;9922.0;0.0
yf_MKC_d11;11900;INTARIAN_PEPPER_ROOT;11871;15;11868;20;;;11877;13;11881;27;;;11874.0;0.0
yf_MKC_d11;12000;ASH_COATED_OSMIUM;9917;8;9913;21;;;9927;18;9930;16;;;9922.0;0.0
yf_MKC_d11;12000;INTARIAN_PEPPER_ROOT;11870;6;11866;16;;;11876;9;11878;19;;;11873.0;0.0
yf_MKC_d11;12100;ASH_COATED_OSMIUM;9919;13;9915;21;;;9925;18;9927;26;;;9922.0;0.0
yf_MKC_d11;12100;INTARIAN_PEPPER_ROOT;11869;11;11865;16;;;11875;21;11879;18;;;11872.0;0.0
yf_MKC_d11;12200;ASH_COATED_OSMIUM;9917;21;9913;21;;;9926;9;9929;24;;;9921.5;0.0
yf_MKC_d11;12200;INTARIAN_PEPPER_ROOT;11867;8;11863;13;;;11873;10;11875;16;;;11870.0;0.0
yf_MKC_d11;12300;ASH_COATED_OSMIUM;9916;12;9914;23;;;9927;13;9931;16;;;9921.5;0.0
yf_MKC_d11;12300;INTARIAN_PEPPER_ROOT;11866;20;11863;23;;;11872;11;11874;21;;;11869.0;0.0
yf_MKC_d11;12400;ASH_COATED_OSMIUM;9916;18;9912;24;;;9928;21;9932;23;;;9922.0;0.0
yf_MKC_d11;12400;INTARIAN_PEPPER_ROOT;11863;10;11861;18;;;11872;17;11874;14;;;11867.5;0.0
yf_MKC_d11;12500;ASH_COATED_OSMIUM;9919;22;9916;18;;;9925;8;9929;21;;;9922.0;0.0
yf_MKC_d11;12500;INTARIAN_PEPPER_ROOT;11862;11;11860;18;;;11871;12;11873;26;;;11866.5;0.0
yf_MKC_d11;12600;ASH_COATED_OSMIUM;9919;9;9915;22;;;9925;18;9929;14;;;9922.0;0.0
yf_MKC_d11;12600;INTARIAN_PEPPER_ROOT;11858;13;11854;15;;;11872;16;11874;15;;;11865.0;0.0
yf_MKC_d11;12700;ASH_COATED_OSMIUM;9919;14;9915;13;;;9925;14;9929;18;;;9922.0;0.0
yf_MKC_d11;12700;INTARIAN_PEPPER_ROOT;11861;6;11857;18;;;11867;24;11871;17;;;11864.0;0.0
yf_MKC_d11;12800;ASH_COATED_OSMIUM;9914;16;9911;24;;;9931;17;9934;15;;;9922.5;0.0
yf_MKC_d11;12800;INTARIAN_PEPPER_ROOT;11860;6;11858;13;;;11866;12;11870;14;;;11863.0;0.0
yf_MKC_d11;12900;ASH_COATED_OSMIUM;9913;15;9910;19;;;9931;19;9933;28;;;9922.0;0.0
yf_MKC_d11;12900;INTARIAN_PEPPER_ROOT;11858;16;11856;24;;;11865;13;11869;18;;;11861.5;0.0
yf_MKC_d11;13000;ASH_COATED_OSMIUM;9903;14;9899;19;;;9942;16;9944;19;;;9922.5;0.0
yf_MKC_d11;13000;INTARIAN_PEPPER_ROOT;11857;15;11853;20;;;11863;16;11866;12;;;11860.0;0.0
yf_MKC_d11;13100;ASH_COATED_OSMIUM;9919;21;9915;19;;;9926;14;9929;20;;;9922.5;0.0
yf_MKC_d11;13100;INTARIAN_PEPPER_ROOT;11855;12;11853;22;;;11861;18;11864;16;;;11858.0;0.0
yf_MKC_d11;13200;ASH_COATED_OSMIUM;9920;7;9916;23;;;9926;14;9930;23;;;9923.0;0.0
yf_MKC_d11;13200;INTARIAN_PEPPER_ROOT;11854;13;11852;16;;;11860;16;11864;20;;;11857.0;0.0
yf_MKC_d11;13300;ASH_COATED_OSMIUM;9913;18;9911;17;;;9933;5;9935;19;;;9923.0;0.0
yf_MKC_d11;13300;INTARIAN_PEPPER_ROOT;11840;11;11836;16;;;11872;16;11874;15;;;11856.0;0.0
yf_MKC_d11;13400;ASH_COATED_OSMIUM;9919;15;9915;20;;;9926;17;9929;28;;;9922.5;0.0
yf_MKC_d11;13400;INTARIAN_PEPPER_ROOT;11852;15;11849;17;;;11858;19;11862;20;;;11855.0;0.0
yf_MKC_d11;13500;ASH_COATED_OSMIUM;9919;10;9917;16;;;9925;11;9928;26;;;9922.0;0.0
yf_MKC_d11;13500;INTARIAN_PEPPER_ROOT;11849;12;11846;17;;;11859;17;11861;16;;;11854.0;0.0
yf_MKC_d11;13600;ASH_COATED_OSMIUM;9920;25;9918;23;;;9926;23;9929;15;;;9923.0;0.0
yf_MKC_d11;13600;INTARIAN_PEPPER_ROOT;11838;16;11834;15;;;11866;14;11868;19;;;11852.0;0.0
yf_MKC_d11;13700;ASH_COATED_OSMIUM;9910;22;9908;16;;;9936;15;9938;26;;;9923.0;0.0
yf_MKC_d11;13700;INTARIAN_PEPPER_ROOT;11846;13;11843;21;;;11856;16;11860;21;;;11851.0;0.0
yf_MKC_d11;13800;ASH_COATED_OSMIUM;9920;11;9916;20;;;9926;14;9930;22;;;9923.0;0.0
yf_MKC_d11;13800;INTARIAN_PEPPER_ROOT;11846;21;11844;16;;;11852;14;11856;19;;;11849.0;0.0
yf_MKC_d11;13900;ASH_COATED_OSMIUM;9920;17;9917;24;;;9926;11;9930;12;;;9923.0;0.0
yf_MKC_d11;13900;INTARIAN_PEPPER_ROOT;11845;12;11843;18;;;11851;20;11854;24;;;11848.0;0.0
yf_MKC_d11;14000;ASH_COATED_OSMIUM;9914;11;9912;15;;;9931;15;9934;21;;;9922.5;0.0
yf_MKC_d11;14000;INTARIAN_PEPPER_ROOT;11842;12;11838;22;;;11853;18;11855;24;;;11847.5;0.0
yf_MKC_d11;14100;ASH_COATED_OSMIUM;9920;12;9918;26;;;9926;5;9928;13;;;9923.0;0.0
yf_MKC_d11;14100;INTARIAN_PEPPER_ROOT;11843;9;11840;15;;;11849;7;11853;19;;;11846.0;0.0
yf_MKC_d11;14200;ASH_COATED_OSMIUM;9920;5;9917;18;;;9926;17;9929;15;;;9923.0;0.0
yf_MKC_d11;14200;INTARIAN_PEPPER_ROOT;11840;6;11836;18;;;11847;9;11851;12;;;11843.5;0.0
yf_MKC_d11;14300;ASH_COATED_OSMIUM;9920;17;9917;34;;;9926;10;9929;12;;;9923.0;0.0
yf_MKC_d11;14300;INTARIAN_PEPPER_ROOT;11841;20;11839;27;;;11847;10;11849;26;;;11844.0;0.0
yf_MKC_d11;14400;ASH_COATED_OSMIUM;9920;28;9918;16;;;9926;12;9929;11;;;9923.0;0.0
yf_MKC_d11;14400;INTARIAN_PEPPER_ROOT;11836;21;11832;19;;;11848;18;11852;16;;;11842.0;0.0
yf_MKC_d11;14500;ASH_COATED_OSMIUM;9915;21;9913;18;;;9930;23;9933;28;;;9922.5;0.0
yf_MKC_d11;14500;INTARIAN_PEPPER_ROOT;11838;18;11835;18;;;11844;20;11846;22;;;11841.0;0.0
yf_MKC_d11;14600;ASH_COATED_OSMIUM;9919;14;9916;21;;;9926;10;9928;28;;;9922.5;0.0
yf_MKC_d11;14600;INTARIAN_PEPPER_ROOT;11836;16;11833;22;;;11842;9;11846;23;;;11839.0;0.0
yf_MKC_d11;14700;ASH_COATED_OSMIUM;9920;24;9918;18;;;9926;18;9930;19;;;9923.0;0.0
yf_MKC_d11;14700;INTARIAN_PEPPER_ROOT;11835;10;11832;14;;;11841;13;11844;11;;;11838.0;0.0
yf_MKC_d11;14800;ASH_COATED_OSMIUM;9920;8;9917;13;;;9926;23;9929;8;;;9923.0;0.0
yf_MKC_d11;14800;INTARIAN_PEPPER_ROOT;11834;7;11832;23;;;11840;15;11842;20;;;11837.0;0.0
yf_MKC_d11;14900;ASH_COATED_OSMIUM;9920;14;9916;11;;;9926;5;9929;14;;;9923.0;0.0
yf_MKC_d11;14900;INTARIAN_PEPPER_ROOT;11833;20;11831;27;;;11839;25;11842;14;;;11836.0;0.0
yf_MKC_d11;15000;ASH_COATED_OSMIUM;9920;17;9917;28;;;9926;11;9929;24;;;9923.0;0.0
yf_MKC_d11;15000;INTARIAN_PEPPER_ROOT;11831;17;11828;18;;;11837;16;11840;8;;;11834.0;0.0
yf_MKC_d11;15100;ASH_COATED_OSMIUM;9921;6;9918;24;;;9927;8;9930;21;;;9924.0;0.0
yf_MKC_d11;15100;INTARIAN_PEPPER_ROOT;11830;16;11827;25;;;11836;17;11840;23;;;11833.0;0.0
yf_MKC_d11;15200;ASH_COATED_OSMIUM;9920;7;9918;20;;;9926;16;9928;25;;;9923.0;0.0
yf_MKC_d11;15200;INTARIAN_PEPPER_ROOT;11826;19;11822;11;;;11838;18;11840;12;;;11832.0;0.0
yf_MKC_d11;15300;ASH_COATED_OSMIUM;9912;11;9908;27;;;9935;19;9938;18;;;9923.5;0.0
yf_MKC_d11;15300;INTARIAN_PEPPER_ROOT;11827;21;11823;22;;;11833;12;11836;17;;;11830.0;0.0
yf_MKC_d11;15400;ASH_COATED_OSMIUM;9920;23;9918;10;;;9926;11;9928;21;;;9923.0;0.0
yf_MKC_d11;15400;INTARIAN_PEPPER_ROOT;11825;10;11822;22;;;11833;19;11835;29;;;11829.0;0.0
yf_MKC_d11;15500;ASH_COATED_OSMIUM;9921;14;9917;15;;;9927;20;9930;18;;;9924.0;0.0
yf_MKC_d11;15500;INTARIAN_PEPPER_ROOT;11817;9;11813;23;;;11838;15;11840;17;;;11827.5;0.0
yf_MKC_d11;15600;ASH_COATED_OSMIUM;9914;11;9912;21;;;9932;16;9935;20;;;9923.0;0.0
yf_MKC_d11;15600;INTARIAN_PEPPER_ROOT;11823;16;11820;12;;;11829;10;11831;22;;;11826.0;0.0
yf_MKC_d11;15700;ASH_COATED_OSMIUM;9921;15;9918;14;;;9927;17;9929;25;;;9924.0;0.0
yf_MKC_d11;15700;INTARIAN_PEPPER_ROOT;11822;10;11820;15;;;11828;17;11831;20;;;11825.0;0.0
yf_MKC_d11;15800;ASH_COATED_OSMIUM;9920;11;9918;18;;;9927;11;9930;13;;;9923.5;0.0
yf_MKC_d11;15800;INTARIAN_PEPPER_ROOT;11820;14;11818;23;;;11826;19;11829;29;;;11823.0;0.0
yf_MKC_d11;15900;ASH_COATED_OSMIUM;9919;16;9915;23;;;9929;19;9932;25;;;9924.0;0.0
yf_MKC_d11;15900;INTARIAN_PEPPER_ROOT;11819;12;11815;19;;;11825;13;11827;27;;;11822.0;0.0
yf_MKC_d11;16000;ASH_COATED_OSMIUM;9921;10;9917;12;;;9927;18;9931;14;;;9924.0;0.0
yf_MKC_d11;16000;INTARIAN_PEPPER_ROOT;11819;15;11816;19;;;11825;19;11829;18;;;11822.0;0.0
yf_MKC_d11;16100;ASH_COATED_OSMIUM;9921;9;9917;20;;;9927;13;9929;20;;;9924.0;0.0
yf_MKC_d11;16100;INTARIAN_PEPPER_ROOT;11817;19;11815;30;;;11823;23;11827;15;;;11820.0;0.0
yf_MKC_d11;16200;ASH_COATED_OSMIUM;9921;16;9919;12;;;9927;12;9931;17;;;9924.0;0.0
yf_MKC_d11;16200;INTARIAN_PEPPER_ROOT;11815;17;11811;24;;;11821;7;11823;21;;;11818.0;0.0
yf_MKC_d11;16300;ASH_COATED_OSMIUM;9918;15;9916;11;;;9931;23;9933;12;;;9924.5;0.0
yf_MKC_d11;16300;INTARIAN_PEPPER_ROOT;11799;10;11795;13;;;11836;22;11840;18;;;11817.5;0.0
yf_MKC_d11;16400;ASH_COATED_OSMIUM;9920;18;9917;19;;;9928;5;9932;16;;;9924.0;0.0
yf_MKC_d11;16400;INTARIAN_PEPPER_ROOT;11813;16;11810;22;;;11819;10;11821;26;;;11816.0;0.0
yf_MKC_d11;16500;ASH_COATED_OSMIUM;9921;6;9919;16;;;9927;17;9931;14;;;9924.0;0.0
yf_MKC_d11;16500;INTARIAN_PEPPER_ROOT;11811;20;11807;15;;;11819;10;11822;21;;;11815.0;0.0
yf_MKC_d11;16600;ASH_COATED_OSMIUM;9921;9;9919;22;;;9927;15;9929;14;;;9924.0;0.0
yf_MKC_d11;16600;INTARIAN_PEPPER_ROOT;11811;10;11807;21;;;11817;18;11820;23;;;11814.0;0.0
yf_MKC_d11;16700;ASH_COATED_OSMIUM;9921;20;9919;20;;;9928;14;9930;21;;;9924.5;0.0
yf_MKC_d11;16700;INTARIAN_PEPPER_ROOT;11809;16;11807;25;;;11815;12;11819;28;;;11812.0;0.0
yf_MKC_d11;16800;ASH_COATED_OSMIUM;9919;20;9916;15;;;9929;21;9931;20;;;9924.0;0.0
yf_MKC_d11;16800;INTARIAN_PEPPER_ROOT;11799;17;11797;19;;;11823;10;11825;19;;;11811.0;0.0
yf_MKC_d11;16900;ASH_COATED_OSMIUM;9915;19;9912;23;;;9933;15;9935;15;;;9924.0;0.0
yf_MKC_d11;16900;INTARIAN_PEPPER_ROOT;11805;17;11801;15;;;11814;12;11818;17;;;11809.5;0.0
yf_MKC_d11;17000;ASH_COATED_OSMIUM;9918;15;9914;17;;;9929;18;9933;30;;;9923.5;0.0
yf_MKC_d11;17000;INTARIAN_PEPPER_ROOT;11808;12;11806;9;;;11814;14;11817;28;;;11811.0;0.0
yf_MKC_d11;17100;ASH_COATED_OSMIUM;9921;24;9919;17;;;9927;19;9931;17;;;9924.0;0.0
yf_MKC_d11;17100;INTARIAN_PEPPER_ROOT;11811;11;11807;22;;;11817;20;11820;19;;;11814.0;0.0
yf_MKC_d11;17200;ASH_COATED_OSMIUM;9921;16;9919;23;;;9927;8;9930;19;;;9924.0;0.0
yf_MKC_d11;17200;INTARIAN_PEPPER_ROOT;11808;20;11804;29;;;11828;10;11830;17;;;11818.0;0.0
yf_MKC_d11;17300;ASH_COATED_OSMIUM;9919;13;9917;26;;;9928;19;9932;21;;;9923.5;0.0
yf_MKC_d11;17300;INTARIAN_PEPPER_ROOT;11814;11;11811;16;;;11830;12;11832;18;;;11822.0;0.0
yf_MKC_d11;17400;ASH_COATED_OSMIUM;9921;14;9919;24;;;9927;15;9931;11;;;9924.0;0.0
yf_MKC_d11;17400;INTARIAN_PEPPER_ROOT;11818;12;11814;14;;;11831;19;11833;15;;;11824.5;0.0
yf_MKC_d11;17500;ASH_COATED_OSMIUM;9921;13;9918;20;;;9927;11;9929;20;;;9924.0;0.0
yf_MKC_d11;17500;INTARIAN_PEPPER_ROOT;11824;14;11820;29;;;11832;8;11835;25;;;11828.0;0.0
yf_MKC_d11;17600;ASH_COATED_OSMIUM;9920;12;9916;19;;;9926;13;9929;20;;;9923.0;0.0
yf_MKC_d11;17600;INTARIAN_PEPPER_ROOT;11823;16;11820;22;;;11838;14;11841;28;;;11830.5;0.0
yf_MKC_d11;17700;ASH_COATED_OSMIUM;9919;23;9915;22;;;9927;10;9930;14;;;9923.0;0.0
yf_MKC_d11;17700;INTARIAN_PEPPER_ROOT;11831;17;11828;19;;;11839;22;11843;11;;;11835.0;0.0
yf_MKC_d11;17800;ASH_COATED_OSMIUM;9920;12;9917;12;;;9926;15;9930;21;;;9923.0;0.0
yf_MKC_d11;17800;INTARIAN_PEPPER_ROOT;11835;20;11831;16;;;11841;24;11844;19;;;11838.0;0.0
yf_MKC_d11;17900;ASH_COATED_OSMIUM;9915;12;9911;18;;;9931;9;9934;25;;;9923.0;0.0
yf_MKC_d11;17900;INTARIAN_PEPPER_ROOT;11838;15;11836;25;;;11844;12;11847;25;;;11841.0;0.0
yf_MKC_d11;18000;ASH_COATED_OSMIUM;9919;19;9917;17;;;9926;23;9928;17;;;9922.5;0.0
yf_MKC_d11;18000;INTARIAN_PEPPER_ROOT;11842;11;11839;25;;;11848;11;11850;27;;;11845.0;0.0
yf_MKC_d11;18100;ASH_COATED_OSMIUM;9920;12;9916;18;;;9926;11;9930;17;;;9923.0;0.0
yf_MKC_d11;18100;INTARIAN_PEPPER_ROOT;11842;13;11838;13;;;11854;5;11857;20;;;11848.0;0.0
yf_MKC_d11;18200;ASH_COATED_OSMIUM;9920;22;9918;22;;;9926;17;9930;22;;;9923.0;0.0
yf_MKC_d11;18200;INTARIAN_PEPPER_ROOT;11848;17;11845;21;;;11854;12;11857;18;;;11851.0;0.0
yf_MKC_d11;18300;ASH_COATED_OSMIUM;9917;14;9914;18;;;9928;20;9931;20;;;9922.5;0.0
yf_MKC_d11;18300;INTARIAN_PEPPER_ROOT;11852;14;11848;16;;;11858;17;11861;23;;;11855.0;0.0
yf_MKC_d11;18400;ASH_COATED_OSMIUM;9918;8;9914;22;;;9929;6;9931;19;;;9923.5;0.0
yf_MKC_d11;18400;INTARIAN_PEPPER_ROOT;11852;12;11848;28;;;11864;13;11866;23;;;11858.0;0.0
yf_MKC_d11;18500;ASH_COATED_OSMIUM;9918;6;9914;21;;;9928;20;9930;16;;;9923.0;0.0
yf_MKC_d11;18500;INTARIAN_PEPPER_ROOT;11859;9;11855;20;;;11865;15;11867;23;;;11862.0;0.0
yf_MKC_d11;18600;ASH_COATED_OSMIUM;9915;18;9911;15;;;9930;17;9932;17;;;9922.5;0.0
yf_MKC_d11;18600;INTARIAN_PEPPER_ROOT;11853;8;11851;18;;;11876;5;11879;21;;;11864.5;0.0
yf_MKC_d11;18700;ASH_COATED_OSMIUM;9917;5;9913;14;;;9927;12;9930;28;;;9922.0;0.0
yf_MKC_d11;18700;INTARIAN_PEPPER_ROOT;11866;12;11862;26;;;11872;14;11876;25;;;11869.0;0.0
yf_MKC_d11;18800;ASH_COATED_OSMIUM;9920;19;9918;16;;;9926;7;9929;23;;;9923.0;0.0
yf_MKC_d11;18800;INTARIAN_PEPPER_ROOT;11869;13;11866;20;;;11875;16;11878;16;;;11872.0;0.0
yf_MKC_d11;18900;ASH_COATED_OSMIUM;9916;12;9914;20;;;9927;14;9929;13;;;9921.5;0.0
yf_MKC_d11;18900;INTARIAN_PEPPER_ROOT;11872;16;11868;27;;;11879;24;11883;13;;;11875.5;0.0
yf_MKC_d11;19000;ASH_COATED_OSMIUM;9919;20;9915;23;;;9925;5;9928;21;;;9922.0;0.0
yf_MKC_d11;19000;INTARIAN_PEPPER_ROOT;11876;15;11873;20;;;11882;18;11885;18;;;11879.0;0.0
yf_MKC_d11;19100;ASH_COATED_OSMIUM;9919;5;9916;18;;;9925;12;9928;10;;;9922.0;0.0
yf_MKC_d11;19100;INTARIAN_PEPPER_ROOT;11879;11;11877;18;;;11885;5;11887;16;;;11882.0;0.0
yf_MKC_d11;19200;ASH_COATED_OSMIUM;9919;12;9915;25;;;9925;7;9929;21;;;9922.0;0.0
yf_MKC_d11;19200;INTARIAN_PEPPER_ROOT;11878;9;11876;15;;;11894;7;11896;23;;;11886.0;0.0
yf_MKC_d11;19300;ASH_COATED_OSMIUM;9919;17;9917;17;;;9925;9;9928;19;;;9922.0;0.0
yf_MKC_d11;19300;INTARIAN_PEPPER_ROOT;11886;12;11883;26;;;11892;24;11895;15;;;11889.0;0.0
yf_MKC_d11;19400;ASH_COATED_OSMIUM;9918;11;9916;20;;;9927;11;9931;21;;;9922.5;0.0
yf_MKC_d11;19400;INTARIAN_PEPPER_ROOT;11889;7;11887;18;;;11895;20;11897;18;;;11892.0;0.0
yf_MKC_d11;19500;ASH_COATED_OSMIUM;9918;8;9914;21;;;9924;5;9928;22;;;9921.0;0.0
yf_MKC_d11;19500;INTARIAN_PEPPER_ROOT;11891;12;11888;28;;;11901;19;11904;14;;;11896.0;0.0
yf_MKC_d11;19600;ASH_COATED_OSMIUM;9916;5;9914;12;;;9927;24;9929;16;;;9921.5;0.0
yf_MKC_d11;19600;INTARIAN_PEPPER_ROOT;11896;8;11893;23;;;11902;7;11906;23;;;11899.0;0.0
yf_MKC_d11;19700;ASH_COATED_OSMIUM;9916;14;9914;24;;;9925;17;9927;16;;;9920.5;0.0
yf_MKC_d11;19700;INTARIAN_PEPPER_ROOT;11896;12;11894;11;;;11908;11;11912;18;;;11902.0;0.0
yf_MKC_d11;19800;ASH_COATED_OSMIUM;9919;23;9917;14;;;9925;20;9929;16;;;9922.0;0.0
yf_MKC_d11;19800;INTARIAN_PEPPER_ROOT;11895;22;11891;18;;;11915;17;11919;19;;;11905.0;0.0
yf_MKC_d11;19900;ASH_COATED_OSMIUM;9918;8;9915;13;;;9924;18;9926;25;;;9921.0;0.0
yf_MKC_d11;19900;INTARIAN_PEPPER_ROOT;11906;20;11902;17;;;11912;23;11914;23;;;11909.0;0.0
yf_MKC_d11;20000;ASH_COATED_OSMIUM;9918;7;9915;27;;;9924;12;9927;25;;;9921.0;0.0
yf_MKC_d11;20000;INTARIAN_PEPPER_ROOT;11910;16;11908;21;;;11916;23;11918;16;;;11913.0;0.0
yf_MKC_d11;20100;ASH_COATED_OSMIUM;9917;18;9915;20;;;9923;16;9926;21;;;9920.0;0.0
yf_MKC_d11;20100;INTARIAN_PEPPER_ROOT;11903;15;11900;10;;;11929;19;11931;22;;;11916.0;0.0
yf_MKC_d11;20200;ASH_COATED_OSMIUM;9918;15;9914;15;;;9924;10;9927;22;;;9921.0;0.0
yf_MKC_d11;20200;INTARIAN_PEPPER_ROOT;11917;8;11914;21;;;11923;10;11926;26;;;11920.0;0.0
yf_MKC_d11;20300;ASH_COATED_OSMIUM;9917;19;9915;21;;;9923;15;9926;18;;;9920.0;0.0
yf_MKC_d11;20300;INTARIAN_PEPPER_ROOT;11920;20;11918;15;;;11926;7;11929;19;;;11923.0;0.0
yf_MKC_d11;20400;ASH_COATED_OSMIUM;9918;18;9916;17;;;9924;16;9926;23;;;9921.0;0.0
yf_MKC_d11;20400;INTARIAN_PEPPER_ROOT;11924;11;11922;30;;;11930;19;11933;16;;;11927.0;0.0
yf_MKC_d11;20500;ASH_COATED_OSMIUM;9914;8;9911;15;;;9928;16;9930;19;;;9921.0;0.0
yf_MKC_d11;20500;INTARIAN_PEPPER_ROOT;11923;14;11921;20;;;11937;23;11940;8;;;11930.0;0.0
yf_MKC_d11;20600;ASH_COATED_OSMIUM;9917;28;9913;18;;;9923;16;9927;12;;;9920.0;0.0
yf_MKC_d11;20600;INTARIAN_PEPPER_ROOT;11931;16;11928;20;;;11937;9;11939;21;;;11934.0;0.0
yf_MKC_d11;20700;ASH_COATED_OSMIUM;9917;18;9913;10;;;9923;7;9926;27;;;9920.0;0.0
yf_MKC_d11;20700;INTARIAN_PEPPER_ROOT;11929;20;11926;27;;;11942;5;11944;18;;;11935.5;0.0
yf_MKC_d11;20800;ASH_COATED_OSMIUM;9918;10;9914;18;;;9924;7;9926;14;;;9921.0;0.0
yf_MKC_d11;20800;INTARIAN_PEPPER_ROOT;11936;14;11933;19;;;11942;6;11944;21;;;11939.0;0.0
yf_MKC_d11;20900;ASH_COATED_OSMIUM;9914;16;9910;25;;;9927;11;9929;23;;;9920.5;0.0
yf_MKC_d11;20900;INTARIAN_PEPPER_ROOT;11940;11;11937;24;;;11946;19;11949;19;;;11943.0;0.0
yf_MKC_d11;21000;ASH_COATED_OSMIUM;9916;19;9912;18;;;9925;12;9927;8;;;9920.5;0.0
yf_MKC_d11;21000;INTARIAN_PEPPER_ROOT;11943;13;11941;23;;;11949;17;11951;20;;;11946.0;0.0
yf_MKC_d11;21100;ASH_COATED_OSMIUM;9917;15;9915;20;;;9923;19;9925;15;;;9920.0;0.0
yf_MKC_d11;21100;INTARIAN_PEPPER_ROOT;11937;18;11934;18;;;11963;10;11966;15;;;11950.0;0.0
yf_MKC_d11;21200;ASH_COATED_OSMIUM;9914;18;9912;17;;;9926;12;9928;15;;;9920.0;0.0
yf_MKC_d11;21200;INTARIAN_PEPPER_ROOT;11950;9;11947;16;;;11956;16;11960;17;;;11953.0;0.0
yf_MKC_d11;21300;ASH_COATED_OSMIUM;9917;21;9913;17;;;9923;19;9927;19;;;9920.0;0.0
yf_MKC_d11;21300;INTARIAN_PEPPER_ROOT;11951;11;11947;21;;;11963;17;11965;8;;;11957.0;0.0
yf_MKC_d11;21400;ASH_COATED_OSMIUM;9916;5;9912;19;;;9922;16;9925;16;;;9919.0;0.0
yf_MKC_d11;21400;INTARIAN_PEPPER_ROOT;11958;12;11954;20;;;11964;20;11966;26;;;11961.0;0.0
yf_MKC_d11;21500;ASH_COATED_OSMIUM;9914;16;9911;14;;;9925;8;9929;17;;;9919.5;0.0
yf_MKC_d11;21500;INTARIAN_PEPPER_ROOT;11960;15;11958;27;;;11966;25;11968;22;;;11963.0;0.0
yf_MKC_d11;21600;ASH_COATED_OSMIUM;9916;17;9913;28;;;9922;15;9926;11;;;9919.0;0.0
yf_MKC_d11;21600;INTARIAN_PEPPER_ROOT;11965;16;11962;16;;;11971;17;11974;10;;;11968.0;0.0
yf_MKC_d11;21700;ASH_COATED_OSMIUM;9912;15;9908;22;;;9926;20;9930;14;;;9919.0;0.0
yf_MKC_d11;21700;INTARIAN_PEPPER_ROOT;11966;15;11962;17;;;11974;23;11976;21;;;11970.0;0.0
yf_MKC_d11;21800;ASH_COATED_OSMIUM;9916;16;9914;22;;;9922;18;9924;19;;;9919.0;0.0
yf_MKC_d11;21800;INTARIAN_PEPPER_ROOT;11970;5;11967;25;;;11978;11;11982;22;;;11974.0;0.0
yf_MKC_d11;21900;ASH_COATED_OSMIUM;9916;18;9912;28;;;9922;18;9924;18;;;9919.0;0.0
yf_MKC_d11;21900;INTARIAN_PEPPER_ROOT;11974;15;11970;19;;;11980;22;11982;16;;;11977.0;0.0
yf_MKC_d11;22000;ASH_COATED_OSMIUM;9916;16;9912;24;;;9923;14;9926;22;;;9919.5;0.0
yf_MKC_d11;22000;INTARIAN_PEPPER_ROOT;11977;18;11973;21;;;11983;15;11987;26;;;11980.0;0.0
yf_MKC_d11;22100;ASH_COATED_OSMIUM;9916;24;9913;16;;;9922;11;9925;19;;;9919.0;0.0
yf_MKC_d11;22100;INTARIAN_PEPPER_ROOT;11981;18;11979;22;;;11987;18;11989;20;;;11984.0;0.0
yf_MKC_d11;22200;ASH_COATED_OSMIUM;9916;13;9912;22;;;9922;11;9924;20;;;9919.0;0.0
yf_MKC_d11;22200;INTARIAN_PEPPER_ROOT;11984;5;11981;19;;;11990;5;11992;10;;;11987.0;0.0
yf_MKC_d11;22300;ASH_COATED_OSMIUM;9916;15;9912;15;;;9922;14;9926;17;;;9919.0;0.0
yf_MKC_d11;22300;INTARIAN_PEPPER_ROOT;11988;6;11986;11;;;11994;5;11996;18;;;11991.0;0.0
yf_MKC_d11;22400;ASH_COATED_OSMIUM;9914;10;9911;8;;;9922;14;9926;14;;;9918.0;0.0
yf_MKC_d11;22400;INTARIAN_PEPPER_ROOT;11991;19;11987;17;;;11999;16;12002;24;;;11995.0;0.0
yf_MKC_d11;22500;ASH_COATED_OSMIUM;9916;7;9914;31;;;9922;14;9926;22;;;9919.0;0.0
yf_MKC_d11;22500;INTARIAN_PEPPER_ROOT;11991;10;11989;26;;;12005;12;12008;18;;;11998.0;0.0
yf_MKC_d11;22600;ASH_COATED_OSMIUM;9916;11;9912;18;;;9922;14;9926;19;;;9919.0;0.0
yf_MKC_d11;22600;INTARIAN_PEPPER_ROOT;11998;13;11996;26;;;12004;6;12006;19;;;12001.0;0.0
yf_MKC_d11;22700;ASH_COATED_OSMIUM;9909;14;9905;11;;;9929;17;9931;25;;;9919.0;0.0
yf_MKC_d11;22700;INTARIAN_PEPPER_ROOT;12001;19;11998;23;;;12007;13;12011;27;;;12004.0;0.0
yf_MKC_d11;22800;ASH_COATED_OSMIUM;9915;12;9911;18;;;9921;16;9925;14;;;9918.0;0.0
yf_MKC_d11;22800;INTARIAN_PEPPER_ROOT;12000;8;11996;12;;;12016;10;12019;25;;;12008.0;0.0
yf_MKC_d11;22900;ASH_COATED_OSMIUM;9916;16;9912;15;;;9922;21;9926;20;;;9919.0;0.0
yf_MKC_d11;22900;INTARIAN_PEPPER_ROOT;12008;15;12005;12;;;12014;21;12016;17;;;12011.0;0.0
yf_MKC_d11;23000;ASH_COATED_OSMIUM;9915;10;9912;13;;;9921;14;9925;11;;;9918.0;0.0
yf_MKC_d11;23000;INTARIAN_PEPPER_ROOT;12011;20;12009;20;;;12017;8;12021;12;;;12014.0;0.0
yf_MKC_d11;23100;ASH_COATED_OSMIUM;9913;17;9910;14;;;9923;9;9925;13;;;9918.0;0.0
yf_MKC_d11;23100;INTARIAN_PEPPER_ROOT;12014;14;12012;16;;;12023;19;12027;9;;;12018.5;0.0
yf_MKC_d11;23200;ASH_COATED_OSMIUM;9913;20;9911;14;;;9923;11;9927;18;;;9918.0;0.0
yf_MKC_d11;23200;INTARIAN_PEPPER_ROOT;12019;19;12017;18;;;12025;5;12029;17;;;12022.0;0.0
yf_MKC_d11;23300;ASH_COATED_OSMIUM;9913;23;9910;13;;;9921;16;9925;15;;;9917.0;0.0
yf_MKC_d11;23300;INTARIAN_PEPPER_ROOT;12022;18;12018;16;;;12028;5;12030;19;;;12025.0;0.0
yf_MKC_d11;23400;ASH_COATED_OSMIUM;9915;16;9913;15;;;9921;26;9924;21;;;9918.0;0.0
yf_MKC_d11;23400;INTARIAN_PEPPER_ROOT;12022;8;12019;30;;;12035;7;12037;20;;;12028.5;0.0
yf_MKC_d11;23500;ASH_COATED_OSMIUM;9914;24;9911;26;;;9920;14;9923;33;;;9917.0;0.0
yf_MKC_d11;23500;INTARIAN_PEPPER_ROOT;12028;15;12024;24;;;12034;6;12038;23;;;12031.0;0.0
yf_MKC_d11;23600;ASH_COATED_OSMIUM;9915;16;9913;18;;;9921;24;9923;20;;;9918.0;0.0
yf_MKC_d11;23600;INTARIAN_PEPPER_ROOT;12031;14;12027;12;;;12037;14;12040;17;;;12034.0;0.0
yf_MKC_d11;23700;ASH_COATED_OSMIUM;9914;15;9910;25;;;9920;16;9923;11;;;9917.0;0.0
yf_MKC_d11;23700;INTARIAN_PEPPER_ROOT;12035;17;12033;18;;;12041;16;12044;17;;;12038.0;0.0
yf_MKC_d11;23800;ASH_COATED_OSMIUM;9910;15;9908;23;;;9924;14;9928;19;;;9917.0;0.0
yf_MKC_d11;23800;INTARIAN_PEPPER_ROOT;12026;9;12023;18;;;12056;16;12058;17;;;12041.0;0.0
yf_MKC_d11;23900;ASH_COATED_OSMIUM;9915;9;9912;16;;;9921;12;9925;8;;;9918.0;0.0
yf_MKC_d11;23900;INTARIAN_PEPPER_ROOT;12040;9;12037;19;;;12050;9;12053;20;;;12045.0;0.0
yf_MKC_d11;24000;ASH_COATED_OSMIUM;9913;16;9910;18;;;9920;19;9923;13;;;9916.5;0.0
yf_MKC_d11;24000;INTARIAN_PEPPER_ROOT;12045;11;12041;21;;;12052;9;12056;15;;;12048.5;0.0
yf_MKC_d11;24100;ASH_COATED_OSMIUM;9914;20;9911;11;;;9920;15;9923;9;;;9917.0;0.0
yf_MKC_d11;24100;INTARIAN_PEPPER_ROOT;12044;18;12041;15;;;12060;18;12062;14;;;12052.0;0.0
yf_MKC_d11;24200;ASH_COATED_OSMIUM;9914;6;9910;16;;;9920;11;9922;12;;;9917.0;0.0
yf_MKC_d11;24200;INTARIAN_PEPPER_ROOT;12052;9;12048;12;;;12058;19;12061;17;;;12055.0;0.0
yf_MKC_d11;24300;ASH_COATED_OSMIUM;9914;19;9910;20;;;9920;15;9923;13;;;9917.0;0.0
yf_MKC_d11;24300;INTARIAN_PEPPER_ROOT;12054;15;12051;23;;;12063;19;12066;18;;;12058.5;0.0
yf_MKC_d11;24400;ASH_COATED_OSMIUM;9909;20;9907;19;;;9924;11;9928;23;;;9916.5;0.0
yf_MKC_d11;24400;INTARIAN_PEPPER_ROOT;12059;15;12055;15;;;12065;9;12067;22;;;12062.0;0.0
yf_MKC_d11;24500;ASH_COATED_OSMIUM;9910;20;9907;14;;;9923;24;9925;23;;;9916.5;0.0
yf_MKC_d11;24500;INTARIAN_PEPPER_ROOT;12059;21;12057;23;;;12072;11;12075;15;;;12065.5;0.0
yf_MKC_d11;24600;ASH_COATED_OSMIUM;9911;5;9907;21;;;9921;13;9923;20;;;9916.0;0.0
yf_MKC_d11;24600;INTARIAN_PEPPER_ROOT;12062;17;12060;14;;;12076;10;12079;17;;;12069.0;0.0
yf_MKC_d11;24700;ASH_COATED_OSMIUM;9913;9;9909;17;;;9919;18;9921;25;;;9916.0;0.0
yf_MKC_d11;24700;INTARIAN_PEPPER_ROOT;12069;13;12067;28;;;12075;5;12077;24;;;12072.0;0.0
yf_MKC_d11;24800;ASH_COATED_OSMIUM;9914;11;9911;20;;;9920;8;9923;27;;;9917.0;0.0
yf_MKC_d11;24800;INTARIAN_PEPPER_ROOT;12073;22;12069;20;;;12079;14;12082;20;;;12076.0;0.0
yf_MKC_d11;24900;ASH_COATED_OSMIUM;9913;20;9909;29;;;9919;16;9921;29;;;9916.0;0.0
yf_MKC_d11;24900;INTARIAN_PEPPER_ROOT;12076;21;12074;26;;;12082;6;12086;12;;;12079.0;0.0
yf_MKC_d11;25000;ASH_COATED_OSMIUM;9913;18;9910;17;;;9919;18;9922;22;;;9916.0;0.0
yf_MKC_d11;25000;INTARIAN_PEPPER_ROOT;12079;11;12076;21;;;12085;16;12088;16;;;12082.0;0.0
yf_MKC_d11;25100;ASH_COATED_OSMIUM;9911;13;9907;9;;;9922;14;9925;11;;;9916.5;0.0
yf_MKC_d11;25100;INTARIAN_PEPPER_ROOT;12082;12;12078;22;;;12088;12;12090;14;;;12085.0;0.0
yf_MKC_d11;25200;ASH_COATED_OSMIUM;9913;15;9910;19;;;9919;13;9923;20;;;9916.0;0.0
yf_MKC_d11;25200;INTARIAN_PEPPER_ROOT;12085;13;12082;17;;;12093;10;12097;17;;;12089.0;0.0
yf_MKC_d11;25300;ASH_COATED_OSMIUM;9910;10;9906;15;;;9921;13;9924;15;;;9915.5;0.0
yf_MKC_d11;25300;INTARIAN_PEPPER_ROOT;12086;15;12084;18;;;12100;12;12103;23;;;12093.0;0.0
yf_MKC_d11;25400;ASH_COATED_OSMIUM;9911;11;9907;23;;;9920;16;9922;19;;;9915.5;0.0
yf_MKC_d11;25400;INTARIAN_PEPPER_ROOT;12092;14;12089;17;;;12098;7;12102;16;;;12095.0;0.0
yf_MKC_d11;25500;ASH_COATED_OSMIUM;9911;10;9909;22;;;9919;7;9922;22;;;9915.0;0.0
yf_MKC_d11;25500;INTARIAN_PEPPER_ROOT;12095;15;12091;23;;;12102;20;12105;13;;;12098.5;0.0
yf_MKC_d11;25600;ASH_COATED_OSMIUM;9911;8;9909;14;;;9921;17;9924;20;;;9916.0;0.0
yf_MKC_d11;25600;INTARIAN_PEPPER_ROOT;12099;12;12096;24;;;12105;6;12108;12;;;12102.0;0.0
yf_MKC_d11;25700;ASH_COATED_OSMIUM;9912;17;9908;16;;;9918;10;9921;22;;;9915.0;0.0
yf_MKC_d11;25700;INTARIAN_PEPPER_ROOT;12097;18;12095;13;;;12115;11;12119;15;;;12106.0;0.0
yf_MKC_d11;25800;ASH_COATED_OSMIUM;9912;17;9910;25;;;9918;17;9921;12;;;9915.0;0.0
yf_MKC_d11;25800;INTARIAN_PEPPER_ROOT;12106;17;12103;27;;;12112;17;12115;24;;;12109.0;0.0
yf_MKC_d11;25900;ASH_COATED_OSMIUM;9912;18;9910;12;;;9918;17;9922;21;;;9915.0;0.0
yf_MKC_d11;25900;INTARIAN_PEPPER_ROOT;12109;8;12106;13;;;12117;18;12120;18;;;12113.0;0.0
yf_MKC_d11;26000;ASH_COATED_OSMIUM;9901;22;9899;22;;;9930;10;9932;17;;;9915.5;0.0
yf_MKC_d11;26000;INTARIAN_PEPPER_ROOT;12114;19;12110;18;;;12120;20;12122;27;;;12117.0;0.0
yf_MKC_d11;26100;ASH_COATED_OSMIUM;9912;16;9910;19;;;9918;17;9921;20;;;9915.0;0.0
yf_MKC_d11;26100;INTARIAN_PEPPER_ROOT;12116;16;12113;16;;;12123;17;12126;17;;;12119.5;0.0
yf_MKC_d11;26200;ASH_COATED_OSMIUM;9888;20;9885;20;;;9941;14;9943;25;;;9914.5;0.0
yf_MKC_d11;26200;INTARIAN_PEPPER_ROOT;12121;15;12119;32;;;12127;22;12130;8;;;12124.0;0.0
yf_MKC_d11;26300;ASH_COATED_OSMIUM;9912;14;9908;20;;;9918;24;9922;17;;;9915.0;0.0
yf_MKC_d11;26300;INTARIAN_PEPPER_ROOT;12121;12;12118;23;;;12133;8;12137;28;;;12127.0;0.0
yf_MKC_d11;26400;ASH_COATED_OSMIUM;9908;8;9904;17;;;9921;12;9925;24;;;9914.5;0.0
yf_MKC_d11;26400;INTARIAN_PEPPER_ROOT;12124;16;12121;20;;;12135;14;12139;19;;;12129.5;0.0
yf_MKC_d11;26500;ASH_COATED_OSMIUM;9907;22;9905;14;;;9922;10;9925;16;;;9914.5;0.0
yf_MKC_d11;26500;INTARIAN_PEPPER_ROOT;12129;15;12126;18;;;12137;19;12140;21;;;12133.0;0.0
yf_MKC_d11;26600;ASH_COATED_OSMIUM;9909;11;9906;16;;;9921;14;9924;20;;;9915.0;0.0
yf_MKC_d11;26600;INTARIAN_PEPPER_ROOT;12121;16;12117;21;;;12153;13;12157;17;;;12137.0;0.0
yf_MKC_d11;26700;ASH_COATED_OSMIUM;9911;14;9908;30;;;9917;13;9920;16;;;9914.0;0.0
yf_MKC_d11;26700;INTARIAN_PEPPER_ROOT;12134;10;12132;22;;;12146;13;12150;18;;;12140.0;0.0
yf_MKC_d11;26800;ASH_COATED_OSMIUM;9911;19;9907;11;;;9917;10;9920;23;;;9914.0;0.0
yf_MKC_d11;26800;INTARIAN_PEPPER_ROOT;12140;17;12136;17;;;12146;8;12149;20;;;12143.0;0.0
yf_MKC_d11;26900;ASH_COATED_OSMIUM;9911;14;9907;20;;;9917;13;9920;20;;;9914.0;0.0
yf_MKC_d11;26900;INTARIAN_PEPPER_ROOT;12144;9;12142;15;;;12150;7;12152;19;;;12147.0;0.0
yf_MKC_d11;27000;ASH_COATED_OSMIUM;9908;20;9905;10;;;9920;18;9922;14;;;9914.0;0.0
yf_MKC_d11;27000;INTARIAN_PEPPER_ROOT;12148;17;12145;16;;;12154;13;12158;22;;;12151.0;0.0
yf_MKC_d11;27100;ASH_COATED_OSMIUM;9911;22;9907;14;;;9917;17;9920;11;;;9914.0;0.0
yf_MKC_d11;27100;INTARIAN_PEPPER_ROOT;12149;20;12146;22;;;12158;10;12160;23;;;12153.5;0.0
yf_MKC_d11;27200;ASH_COATED_OSMIUM;9911;20;9909;19;;;9917;7;9919;15;;;9914.0;0.0
yf_MKC_d11;27200;INTARIAN_PEPPER_ROOT;12152;20;12148;20;;;12162;18;12166;22;;;12157.0;0.0
yf_MKC_d11;27300;ASH_COATED_OSMIUM;9911;16;9908;18;;;9917;8;9919;22;;;9914.0;0.0
yf_MKC_d11;27300;INTARIAN_PEPPER_ROOT;12157;18;12153;30;;;12163;14;12165;24;;;12160.0;0.0
yf_MKC_d11;27400;ASH_COATED_OSMIUM;9911;11;9907;22;;;9917;11;9920;17;;;9914.0;0.0
yf_MKC_d11;27400;INTARIAN_PEPPER_ROOT;12158;22;12155;24;;;12168;29;12172;16;;;12163.0;0.0
yf_MKC_d11;27500;ASH_COATED_OSMIUM;9911;20;9909;19;;;9917;12;9920;15;;;9914.0;0.0
yf_MKC_d11;27500;INTARIAN_PEPPER_ROOT;12162;17;12159;20;;;12172;20;12174;16;;;12167.0;0.0
yf_MKC_d11;27600;ASH_COATED_OSMIUM;9910;18;9908;17;;;9916;14;9918;23;;;9913.0;0.0
yf_MKC_d11;27600;INTARIAN_PEPPER_ROOT;12168;16;12165;13;;;12174;7;12176;12;;;12171.0;0.0
yf_MKC_d11;27700;ASH_COATED_OSMIUM;9902;18;9900;27;;;9925;16;9928;30;;;9913.5;0.0
yf_MKC_d11;27700;INTARIAN_PEPPER_ROOT;12171;15;12169;21;;;12177;7;12181;15;;;12174.0;0.0
yf_MKC_d11;27800;ASH_COATED_OSMIUM;9910;20;9907;18;;;9916;11;9918;24;;;9913.0;0.0
yf_MKC_d11;27800;INTARIAN_PEPPER_ROOT;12174;13;12171;17;;;12180;7;12184;14;;;12177.0;0.0
yf_MKC_d11;27900;ASH_COATED_OSMIUM;9908;17;9906;12;;;9919;19;9923;28;;;9913.5;0.0
yf_MKC_d11;27900;INTARIAN_PEPPER_ROOT;12178;26;12176;35;;;12184;18;12186;18;;;12181.0;0.0
yf_MKC_d11;28000;ASH_COATED_OSMIUM;9904;7;9902;19;;;9923;15;9925;21;;;9913.5;0.0
yf_MKC_d11;28000;INTARIAN_PEPPER_ROOT;12181;16;12177;11;;;12187;16;12189;23;;;12184.0;0.0
yf_MKC_d11;28100;ASH_COATED_OSMIUM;9910;11;9906;20;;;9916;11;9918;24;;;9913.0;0.0
yf_MKC_d11;28100;INTARIAN_PEPPER_ROOT;12185;12;12183;12;;;12191;20;12195;22;;;12188.0;0.0
yf_MKC_d11;28200;ASH_COATED_OSMIUM;9910;21;9907;15;;;9916;12;9918;21;;;9913.0;0.0
yf_MKC_d11;28200;INTARIAN_PEPPER_ROOT;12188;23;12185;20;;;12194;15;12197;15;;;12191.0;0.0
yf_MKC_d11;28300;ASH_COATED_OSMIUM;9908;20;9905;11;;;9918;16;9921;16;;;9913.0;0.0
yf_MKC_d11;28300;INTARIAN_PEPPER_ROOT;12184;11;12180;10;;;12204;13;12206;21;;;12194.0;0.0
yf_MKC_d11;28400;ASH_COATED_OSMIUM;9910;10;9906;19;;;9916;16;9919;21;;;9913.0;0.0
yf_MKC_d11;28400;INTARIAN_PEPPER_ROOT;12194;19;12192;11;;;12200;13;12203;14;;;12197.0;0.0
yf_MKC_d11;28500;ASH_COATED_OSMIUM;9909;8;9907;10;;;9915;18;9919;20;;;9912.0;0.0
yf_MKC_d11;28500;INTARIAN_PEPPER_ROOT;12195;13;12193;21;;;12209;14;12212;23;;;12202.0;0.0
yf_MKC_d11;28600;ASH_COATED_OSMIUM;9904;21;9901;16;;;9919;7;9921;21;;;9911.5;0.0
yf_MKC_d11;28600;INTARIAN_PEPPER_ROOT;12195;11;12191;16;;;12215;11;12219;21;;;12205.0;0.0
yf_MKC_d11;28700;ASH_COATED_OSMIUM;9909;10;9907;17;;;9915;13;9917;18;;;9912.0;0.0
yf_MKC_d11;28700;INTARIAN_PEPPER_ROOT;12204;22;12202;21;;;12212;18;12216;21;;;12208.0;0.0
yf_MKC_d11;28800;ASH_COATED_OSMIUM;9905;21;9902;21;;;9919;17;9921;22;;;9912.0;0.0
yf_MKC_d11;28800;INTARIAN_PEPPER_ROOT;12208;18;12205;26;;;12214;13;12217;20;;;12211.0;0.0
yf_MKC_d11;28900;ASH_COATED_OSMIUM;9909;20;9905;17;;;9915;10;9919;18;;;9912.0;0.0
yf_MKC_d11;28900;INTARIAN_PEPPER_ROOT;12203;18;12200;21;;;12226;17;12229;24;;;12214.5;0.0
yf_MKC_d11;29000;ASH_COATED_OSMIUM;9909;14;9905;19;;;9915;9;9918;19;;;9912.0;0.0
yf_MKC_d11;29000;INTARIAN_PEPPER_ROOT;12215;15;12212;14;;;12221;11;12224;17;;;12218.0;0.0
yf_MKC_d11;29100;ASH_COATED_OSMIUM;9904;17;9901;19;;;9920;13;9923;23;;;9912.0;0.0
yf_MKC_d11;29100;INTARIAN_PEPPER_ROOT;12219;9;12216;21;;;12225;12;12229;26;;;12222.0;0.0
yf_MKC_d11;29200;ASH_COATED_OSMIUM;9909;7;9907;17;;;9915;10;9918;22;;;9912.0;0.0
yf_MKC_d11;29200;INTARIAN_PEPPER_ROOT;12222;8;12218;20;;;12228;18;12230;26;;;12225.0;0.0
yf_MKC_d11;29300;ASH_COATED_OSMIUM;9909;11;9905;27;;;9915;17;9919;19;;;9912.0;0.0
yf_MKC_d11;29300;INTARIAN_PEPPER_ROOT;12224;18;12220;18;;;12232;8;12235;22;;;12228.0;0.0
yf_MKC_d11;29400;ASH_COATED_OSMIUM;9908;7;9905;16;;;9914;12;9918;16;;;9911.0;0.0
yf_MKC_d11;29400;INTARIAN_PEPPER_ROOT;12227;7;12224;8;;;12236;26;12240;13;;;12231.5;0.0
yf_MKC_d11;29500;ASH_COATED_OSMIUM;9909;20;9907;22;;;9915;17;9918;21;;;9912.0;0.0
yf_MKC_d11;29500;INTARIAN_PEPPER_ROOT;12232;15;12230;26;;;12238;18;12242;20;;;12235.0;0.0
yf_MKC_d11;29600;ASH_COATED_OSMIUM;9905;16;9903;19;;;9917;15;9921;20;;;9911.0;0.0
yf_MKC_d11;29600;INTARIAN_PEPPER_ROOT;12236;14;12234;24;;;12242;15;12246;23;;;12239.0;0.0
yf_MKC_d11;29700;ASH_COATED_OSMIUM;9908;20;9904;25;;;9915;6;9918;16;;;9911.5;0.0
yf_MKC_d11;29700;INTARIAN_PEPPER_ROOT;12239;16;12235;24;;;12245;19;12249;28;;;12242.0;0.0
yf_MKC_d11;29800;ASH_COATED_OSMIUM;9895;5;9893;23;;;9928;11;9931;21;;;9911.5;0.0
yf_MKC_d11;29800;INTARIAN_PEPPER_ROOT;12242;16;12238;26;;;12249;17;12252;23;;;12245.5;0.0
yf_MKC_d11;29900;ASH_COATED_OSMIUM;9905;10;9901;8;;;9917;7;9919;21;;;9911.0;0.0
yf_MKC_d11;29900;INTARIAN_PEPPER_ROOT;12245;9;12243;19;;;12251;15;12255;18;;;12248.0;0.0
yf_MKC_d11;30000;ASH_COATED_OSMIUM;9909;16;9905;13;;;9915;18;9918;17;;;9912.0;0.0
yf_MKC_d11;30000;INTARIAN_PEPPER_ROOT;12249;20;12247;10;;;12255;20;12258;20;;;12252.0;0.0
yf_MKC_d11;30100;ASH_COATED_OSMIUM;9904;15;9900;19;;;9918;11;9921;12;;;9911.0;0.0
yf_MKC_d11;30100;INTARIAN_PEPPER_ROOT;12252;16;12250;19;;;12258;15;12260;27;;;12255.0;0.0
yf_MKC_d11;30200;ASH_COATED_OSMIUM;9904;18;9902;18;;;9917;11;9919;24;;;9910.5;0.0
yf_MKC_d11;30200;INTARIAN_PEPPER_ROOT;12244;14;12242;31;;;12274;10;12278;22;;;12259.0;0.0
yf_MKC_d11;30300;ASH_COATED_OSMIUM;9904;19;9902;27;;;9917;17;9921;16;;;9910.5;0.0
yf_MKC_d11;30300;INTARIAN_PEPPER_ROOT;12259;12;12256;22;;;12267;26;12269;21;;;12263.0;0.0
yf_MKC_d11;30400;ASH_COATED_OSMIUM;9901;22;9898;16;;;9922;23;9924;26;;;9911.5;0.0
yf_MKC_d11;30400;INTARIAN_PEPPER_ROOT;12262;15;12259;14;;;12269;15;12272;21;;;12265.5;0.0
yf_MKC_d11;30500;ASH_COATED_OSMIUM;9904;15;9900;26;;;9916;14;9920;22;;;9910.0;0.0
yf_MKC_d11;30500;INTARIAN_PEPPER_ROOT;12266;12;12262;24;;;12272;26;12274;20;;;12269.0;0.0
yf_MKC_d11;30600;ASH_COATED_OSMIUM;9908;16;9905;32;;;9914;14;9918;15;;;9911.0;0.0
yf_MKC_d11;30600;INTARIAN_PEPPER_ROOT;12256;9;12254;16;;;12289;13;12293;21;;;12272.5;0.0
yf_MKC_d11;30700;ASH_COATED_OSMIUM;9907;13;9905;13;;;9913;11;9916;11;;;9910.0;0.0
yf_MKC_d11;30700;INTARIAN_PEPPER_ROOT;12273;19;12271;14;;;12279;14;12282;14;;;12276.0;0.0
yf_MKC_d11;30800;ASH_COATED_OSMIUM;9905;9;9902;19;;;9915;19;9919;19;;;9910.0;0.0
yf_MKC_d11;30800;INTARIAN_PEPPER_ROOT;12276;17;12274;13;;;12282;7;12284;15;;;12279.0;0.0
yf_MKC_d11;30900;ASH_COATED_OSMIUM;9907;25;9905;12;;;9913;20;9915;20;;;9910.0;0.0
yf_MKC_d11;30900;INTARIAN_PEPPER_ROOT;12279;8;12275;22;;;12285;7;12288;25;;;12282.0;0.0
yf_MKC_d11;31000;ASH_COATED_OSMIUM;9907;23;9905;26;;;9913;7;9917;17;;;9910.0;0.0
yf_MKC_d11;31000;INTARIAN_PEPPER_ROOT;12282;20;12280;8;;;12289;16;12293;20;;;12285.5;0.0
yf_MKC_d11;31100;ASH_COATED_OSMIUM;9907;10;9905;22;;;9913;12;9915;22;;;9910.0;0.0
yf_MKC_d11;31100;INTARIAN_PEPPER_ROOT;12283;5;12280;9;;;12295;24;12298;16;;;12289.0;0.0
yf_MKC_d11;31200;ASH_COATED_OSMIUM;9907;21;9905;23;;;9913;13;9916;21;;;9910.0;0.0
yf_MKC_d11;31200;INTARIAN_PEPPER_ROOT;12290;17;12287;17;;;12296;22;12299;8;;;12293.0;0.0
yf_MKC_d11;31300;ASH_COATED_OSMIUM;9907;16;9905;15;;;9913;18;9916;11;;;9910.0;0.0
yf_MKC_d11;31300;INTARIAN_PEPPER_ROOT;12293;15;12291;22;;;12299;13;12303;19;;;12296.0;0.0
yf_MKC_d11;31400;ASH_COATED_OSMIUM;9907;10;9903;14;;;9913;11;9916;23;;;9910.0;0.0
yf_MKC_d11;31400;INTARIAN_PEPPER_ROOT;12286;16;12284;15;;;12313;11;12317;23;;;12299.5;0.0
yf_MKC_d11;31500;ASH_COATED_OSMIUM;9903;9;9900;14;;;9916;15;9919;27;;;9909.5;0.0
yf_MKC_d11;31500;INTARIAN_PEPPER_ROOT;12286;15;12282;22;;;12318;14;12320;16;;;12302.0;0.0
yf_MKC_d11;31600;ASH_COATED_OSMIUM;9907;12;9904;22;;;9913;15;9915;8;;;9910.0;0.0
yf_MKC_d11;31600;INTARIAN_PEPPER_ROOT;12303;15;12301;17;;;12309;15;12312;14;;;12306.0;0.0
yf_MKC_d11;31700;ASH_COATED_OSMIUM;9906;5;9904;27;;;9912;9;9915;18;;;9909.0;0.0
yf_MKC_d11;31700;INTARIAN_PEPPER_ROOT;12305;16;12302;18;;;12313;19;12317;24;;;12309.0;0.0
yf_MKC_d11;31800;ASH_COATED_OSMIUM;9905;14;9903;24;;;9915;8;9917;18;;;9910.0;0.0
yf_MKC_d11;31800;INTARIAN_PEPPER_ROOT;12303;18;12299;13;;;12323;21;12327;13;;;12313.0;0.0
yf_MKC_d11;31900;ASH_COATED_OSMIUM;9906;18;9903;12;;;9912;5;9916;24;;;9909.0;0.0
yf_MKC_d11;31900;INTARIAN_PEPPER_ROOT;12308;17;12305;16;;;12325;17;12329;14;;;12316.5;0.0
yf_MKC_d11;32000;ASH_COATED_OSMIUM;9906;11;9903;26;;;9912;15;9915;12;;;9909.0;0.0
yf_MKC_d11;32000;INTARIAN_PEPPER_ROOT;12317;12;12314;28;;;12323;13;12327;12;;;12320.0;0.0
yf_MKC_d11;32100;ASH_COATED_OSMIUM;9906;14;9902;27;;;9912;17;9915;19;;;9909.0;0.0
yf_MKC_d11;32100;INTARIAN_PEPPER_ROOT;12320;12;12317;25;;;12328;14;12332;23;;;12324.0;0.0
yf_MKC_d11;32200;ASH_COATED_OSMIUM;9906;25;9902;28;;;9912;16;9914;19;;;9909.0;0.0
yf_MKC_d11;32200;INTARIAN_PEPPER_ROOT;12320;20;12317;21;;;12333;21;12336;26;;;12326.5;0.0
yf_MKC_d11;32300;ASH_COATED_OSMIUM;9905;11;9902;15;;;9911;17;9914;20;;;9908.0;0.0
yf_MKC_d11;32300;INTARIAN_PEPPER_ROOT;12322;20;12319;26;;;12338;17;12342;24;;;12330.0;0.0
yf_MKC_d11;32400;ASH_COATED_OSMIUM;9902;11;9899;17;;;9916;20;9919;27;;;9909.0;0.0
yf_MKC_d11;32400;INTARIAN_PEPPER_ROOT;12330;12;12327;10;;;12336;5;12340;25;;;12333.0;0.0
yf_MKC_d11;32500;ASH_COATED_OSMIUM;9906;8;9903;22;;;9912;12;9915;20;;;9909.0;0.0
yf_MKC_d11;32500;INTARIAN_PEPPER_ROOT;12334;19;12331;15;;;12340;14;12342;19;;;12337.0;0.0
yf_MKC_d11;32600;ASH_COATED_OSMIUM;9905;21;9902;11;;;9911;13;9913;22;;;9908.0;0.0
yf_MKC_d11;32600;INTARIAN_PEPPER_ROOT;12337;7;12334;21;;;12343;18;12345;24;;;12340.0;0.0
yf_MKC_d11;32700;ASH_COATED_OSMIUM;9906;11;9903;15;;;9912;12;9914;27;;;9909.0;0.0
yf_MKC_d11;32700;INTARIAN_PEPPER_ROOT;12331;5;12328;18;;;12356;20;12360;24;;;12343.5;0.0
yf_MKC_d11;32800;ASH_COATED_OSMIUM;9902;14;9900;20;;;9914;12;9916;21;;;9908.0;0.0
yf_MKC_d11;32800;INTARIAN_PEPPER_ROOT;12343;11;12341;12;;;12350;12;12353;18;;;12346.5;0.0
yf_MKC_d11;32900;ASH_COATED_OSMIUM;9905;10;9903;22;;;9911;8;9913;23;;;9908.0;0.0
yf_MKC_d11;32900;INTARIAN_PEPPER_ROOT;12347;25;12344;19;;;12353;11;12355;20;;;12350.0;0.0
yf_MKC_d11;33000;ASH_COATED_OSMIUM;9904;10;9900;27;;;9913;13;9916;18;;;9908.5;0.0
yf_MKC_d11;33000;INTARIAN_PEPPER_ROOT;12351;8;12348;21;;;12357;18;12361;20;;;12354.0;0.0
yf_MKC_d11;33100;ASH_COATED_OSMIUM;9901;5;9898;13;;;9915;16;9917;8;;;9908.0;0.0
yf_MKC_d11;33100;INTARIAN_PEPPER_ROOT;12354;17;12350;25;;;12360;11;12364;23;;;12357.0;0.0
yf_MKC_d11;33200;ASH_COATED_OSMIUM;9900;18;9898;22;;;9917;14;9921;28;;;9908.5;0.0
yf_MKC_d11;33200;INTARIAN_PEPPER_ROOT;12358;19;12356;15;;;12364;17;12366;20;;;12361.0;0.0
yf_MKC_d11;33300;ASH_COATED_OSMIUM;9905;19;9903;17;;;9911;12;9914;8;;;9908.0;0.0
yf_MKC_d11;33300;INTARIAN_PEPPER_ROOT;12355;22;12353;25;;;12373;15;12377;11;;;12364.0;0.0
yf_MKC_d11;33400;ASH_COATED_OSMIUM;9900;17;9898;19;;;9913;19;9915;13;;;9906.5;0.0
yf_MKC_d11;33400;INTARIAN_PEPPER_ROOT;12365;11;12362;15;;;12371;15;12374;17;;;12368.0;0.0
yf_MKC_d11;33500;ASH_COATED_OSMIUM;9904;8;9900;17;;;9911;20;9915;28;;;9907.5;0.0
yf_MKC_d11;33500;INTARIAN_PEPPER_ROOT;12368;9;12364;20;;;12374;14;12376;27;;;12371.0;0.0
yf_MKC_d11;33600;ASH_COATED_OSMIUM;9904;19;9902;19;;;9911;22;9914;20;;;9907.5;0.0
yf_MKC_d11;33600;INTARIAN_PEPPER_ROOT;12371;23;12368;11;;;12377;13;12380;25;;;12374.0;0.0
yf_MKC_d11;33700;ASH_COATED_OSMIUM;9899;11;9897;25;;;9915;22;9919;19;;;9907.0;0.0
yf_MKC_d11;33700;INTARIAN_PEPPER_ROOT;12374;10;12370;29;;;12381;18;12383;21;;;12377.5;0.0
yf_MKC_d11;33800;ASH_COATED_OSMIUM;9897;11;9894;12;;;9918;10;9920;17;;;9907.5;0.0
yf_MKC_d11;33800;INTARIAN_PEPPER_ROOT;12377;21;12373;21;;;12384;23;12388;28;;;12380.5;0.0
yf_MKC_d11;33900;ASH_COATED_OSMIUM;9901;6;9899;19;;;9914;20;9918;12;;;9907.5;0.0
yf_MKC_d11;33900;INTARIAN_PEPPER_ROOT;12382;19;12378;12;;;12388;23;12392;25;;;12385.0;0.0
yf_MKC_d11;34000;ASH_COATED_OSMIUM;9904;10;9902;14;;;9910;18;9913;16;;;9907.0;0.0
yf_MKC_d11;34000;INTARIAN_PEPPER_ROOT;12377;13;12373;21;;;12389;17;12393;17;;;12383.0;0.0
yf_MKC_d11;34100;ASH_COATED_OSMIUM;9904;12;9902;20;;;9910;11;9913;14;;;9907.0;0.0
yf_MKC_d11;34100;INTARIAN_PEPPER_ROOT;12376;12;12373;10;;;12387;18;12391;22;;;12381.5;0.0
yf_MKC_d11;34200;ASH_COATED_OSMIUM;9904;19;9900;13;;;9910;13;9913;15;;;9907.0;0.0
yf_MKC_d11;34200;INTARIAN_PEPPER_ROOT;12378;9;12375;21;;;12384;16;12387;19;;;12381.0;0.0
yf_MKC_d11;34300;ASH_COATED_OSMIUM;9904;19;9900;14;;;9910;8;9913;16;;;9907.0;0.0
yf_MKC_d11;34300;INTARIAN_PEPPER_ROOT;12377;15;12374;24;;;12383;17;12386;15;;;12380.0;0.0
yf_MKC_d11;34400;ASH_COATED_OSMIUM;9904;10;9902;25;;;9910;13;9914;17;;;9907.0;0.0
yf_MKC_d11;34400;INTARIAN_PEPPER_ROOT;12377;24;12375;18;;;12383;5;12386;18;;;12380.0;0.0
yf_MKC_d11;34500;ASH_COATED_OSMIUM;9904;20;9901;17;;;9910;8;9912;27;;;9907.0;0.0
yf_MKC_d11;34500;INTARIAN_PEPPER_ROOT;12375;16;12371;20;;;12381;9;12383;22;;;12378.0;0.0
yf_MKC_d11;34600;ASH_COATED_OSMIUM;9904;19;9902;26;;;9910;24;9914;21;;;9907.0;0.0
yf_MKC_d11;34600;INTARIAN_PEPPER_ROOT;12374;14;12371;17;;;12380;9;12384;21;;;12377.0;0.0
yf_MKC_d11;34700;ASH_COATED_OSMIUM;9896;16;9893;16;;;9918;8;9921;21;;;9907.0;0.0
yf_MKC_d11;34700;INTARIAN_PEPPER_ROOT;12374;15;12370;19;;;12380;15;12383;22;;;12377.0;0.0
yf_MKC_d11;34800;ASH_COATED_OSMIUM;9905;14;9902;21;;;9911;9;9913;25;;;9908.0;0.0
yf_MKC_d11;34800;INTARIAN_PEPPER_ROOT;12373;8;12370;18;;;12379;12;12383;17;;;12376.0;0.0
yf_MKC_d11;34900;ASH_COATED_OSMIUM;9892;14;9889;17;;;9923;14;9926;9;;;9907.5;0.0
yf_MKC_d11;34900;INTARIAN_PEPPER_ROOT;12371;9;12368;27;;;12379;17;12382;28;;;12375.0;0.0
yf_MKC_d11;35000;ASH_COATED_OSMIUM;9896;27;9892;15;;;9920;11;9924;14;;;9908.0;0.0
yf_MKC_d11;35000;INTARIAN_PEPPER_ROOT;12371;15;12368;24;;;12377;11;12380;21;;;12374.0;0.0
yf_MKC_d11;35100;ASH_COATED_OSMIUM;9904;14;9901;24;;;9910;18;9913;22;;;9907.0;0.0
yf_MKC_d11;35100;INTARIAN_PEPPER_ROOT;12365;11;12363;14;;;12379;13;12383;23;;;12372.0;0.0
yf_MKC_d11;35200;ASH_COATED_OSMIUM;9904;13;9900;21;;;9910;13;9913;21;;;9907.0;0.0
yf_MKC_d11;35200;INTARIAN_PEPPER_ROOT;12368;21;12364;23;;;12376;30;12380;15;;;12372.0;0.0
yf_MKC_d11;35300;ASH_COATED_OSMIUM;9905;10;9902;10;;;9911;11;9913;20;;;9908.0;0.0
yf_MKC_d11;35300;INTARIAN_PEPPER_ROOT;12368;12;12366;26;;;12374;16;12377;19;;;12371.0;0.0
yf_MKC_d11;35400;ASH_COATED_OSMIUM;9903;15;9899;13;;;9912;5;9916;17;;;9907.5;0.0
yf_MKC_d11;35400;INTARIAN_PEPPER_ROOT;12366;12;12364;11;;;12373;7;12377;21;;;12369.5;0.0
yf_MKC_d11;35500;ASH_COATED_OSMIUM;9904;17;9900;20;;;9910;15;9914;19;;;9907.0;0.0
yf_MKC_d11;35500;INTARIAN_PEPPER_ROOT;12366;14;12362;27;;;12372;17;12375;22;;;12369.0;0.0
yf_MKC_d11;35600;ASH_COATED_OSMIUM;9904;13;9901;26;;;9910;15;9914;26;;;9907.0;0.0
yf_MKC_d11;35600;INTARIAN_PEPPER_ROOT;12365;16;12363;18;;;12371;11;12373;9;;;12368.0;0.0
yf_MKC_d11;35700;ASH_COATED_OSMIUM;9904;18;9901;23;;;9910;5;9914;20;;;9907.0;0.0
yf_MKC_d11;35700;INTARIAN_PEPPER_ROOT;12363;16;12359;23;;;12369;9;12373;20;;;12366.0;0.0
yf_MKC_d11;35800;ASH_COATED_OSMIUM;9904;13;9900;32;;;9910;23;9912;13;;;9907.0;0.0
yf_MKC_d11;35800;INTARIAN_PEPPER_ROOT;12360;16;12357;17;;;12371;10;12374;17;;;12365.5;0.0
yf_MKC_d11;35900;ASH_COATED_OSMIUM;9898;15;9896;20;;;9916;20;9918;28;;;9907.0;0.0
yf_MKC_d11;35900;INTARIAN_PEPPER_ROOT;12361;18;12357;26;;;12369;25;12372;23;;;12365.0;0.0
yf_MKC_d11;36000;ASH_COATED_OSMIUM;9904;17;9900;16;;;9910;10;9913;23;;;9907.0;0.0
yf_MKC_d11;36000;INTARIAN_PEPPER_ROOT;12361;28;12358;18;;;12367;12;12371;13;;;12364.0;0.0
yf_MKC_d11;36100;ASH_COATED_OSMIUM;9904;21;9902;21;;;9910;20;9912;23;;;9907.0;0.0
yf_MKC_d11;36100;INTARIAN_PEPPER_ROOT;12360;13;12357;26;;;12366;12;12368;25;;;12363.0;0.0
yf_MKC_d11;36200;ASH_COATED_OSMIUM;9902;9;9898;15;;;9912;20;9914;10;;;9907.0;0.0
yf_MKC_d11;36200;INTARIAN_PEPPER_ROOT;12359;15;12355;12;;;12365;14;12367;17;;;12362.0;0.0
yf_MKC_d11;36300;ASH_COATED_OSMIUM;9901;23;9898;18;;;9913;20;9917;14;;;9907.0;0.0
yf_MKC_d11;36300;INTARIAN_PEPPER_ROOT;12353;15;12350;17;;;12369;21;12373;17;;;12361.0;0.0
yf_MKC_d11;36400;ASH_COATED_OSMIUM;9904;18;9900;20;;;9910;24;9912;23;;;9907.0;0.0
yf_MKC_d11;36400;INTARIAN_PEPPER_ROOT;12357;24;12353;22;;;12364;19;12366;18;;;12360.5;0.0
yf_MKC_d11;36500;ASH_COATED_OSMIUM;9904;19;9901;20;;;9910;19;9912;23;;;9907.0;0.0
yf_MKC_d11;36500;INTARIAN_PEPPER_ROOT;12352;12;12350;29;;;12367;20;12371;18;;;12359.5;0.0
yf_MKC_d11;36600;ASH_COATED_OSMIUM;9899;15;9895;19;;;9915;13;9919;22;;;9907.0;0.0
yf_MKC_d11;36600;INTARIAN_PEPPER_ROOT;12356;13;12354;11;;;12362;15;12366;12;;;12359.0;0.0
yf_MKC_d11;36700;ASH_COATED_OSMIUM;9904;17;9902;18;;;9910;15;9912;23;;;9907.0;0.0
yf_MKC_d11;36700;INTARIAN_PEPPER_ROOT;12353;18;12350;26;;;12361;9;12363;19;;;12357.0;0.0
yf_MKC_d11;36800;ASH_COATED_OSMIUM;9903;12;9901;23;;;9910;15;9914;20;;;9906.5;0.0
yf_MKC_d11;36800;INTARIAN_PEPPER_ROOT;12350;24;12347;23;;;12361;18;12365;23;;;12355.5;0.0
yf_MKC_d11;36900;ASH_COATED_OSMIUM;9904;15;9900;27;;;9910;18;9913;23;;;9907.0;0.0
yf_MKC_d11;36900;INTARIAN_PEPPER_ROOT;12350;8;12347;24;;;12360;22;12362;16;;;12355.0;0.0
yf_MKC_d11;37000;ASH_COATED_OSMIUM;9899;21;9896;16;;;9914;9;9917;19;;;9906.5;0.0
yf_MKC_d11;37000;INTARIAN_PEPPER_ROOT;12352;6;12348;21;;;12358;18;12361;18;;;12355.0;0.0
yf_MKC_d11;37100;ASH_COATED_OSMIUM;9903;13;9901;26;;;9909;25;9912;23;;;9906.0;0.0
yf_MKC_d11;37100;INTARIAN_PEPPER_ROOT;12348;15;12344;18;;;12362;12;12364;8;;;12355.0;0.0
yf_MKC_d11;37200;ASH_COATED_OSMIUM;9897;16;9895;22;;;9918;18;9921;20;;;9907.5;0.0
yf_MKC_d11;37200;INTARIAN_PEPPER_ROOT;12350;16;12348;18;;;12357;18;12359;20;;;12353.5;0.0
yf_MKC_d11;37300;ASH_COATED_OSMIUM;9898;12;9896;16;;;9916;22;9919;21;;;9907.0;0.0
yf_MKC_d11;37300;INTARIAN_PEPPER_ROOT;12349;17;12347;24;;;12355;12;12357;23;;;12352.0;0.0
yf_MKC_d11;37400;ASH_COATED_OSMIUM;9904;12;9900;19;;;9910;5;9913;25;;;9907.0;0.0
yf_MKC_d11;37400;INTARIAN_PEPPER_ROOT;12348;17;12345;23;;;12354;21;12358;20;;;12351.0;0.0
yf_MKC_d11;37500;ASH_COATED_OSMIUM;9904;15;9900;26;;;9910;13;9912;24;;;9907.0;0.0
yf_MKC_d11;37500;INTARIAN_PEPPER_ROOT;12339;13;12335;18;;;12359;19;12362;12;;;12349.0;0.0
yf_MKC_d11;37600;ASH_COATED_OSMIUM;9892;9;9888;14;;;9922;22;9925;25;;;9907.0;0.0
yf_MKC_d11;37600;INTARIAN_PEPPER_ROOT;12345;13;12343;19;;;12352;12;12356;34;;;12348.5;0.0
yf_MKC_d11;37700;ASH_COATED_OSMIUM;9904;12;9900;15;;;9910;11;9914;11;;;9907.0;0.0
yf_MKC_d11;37700;INTARIAN_PEPPER_ROOT;12345;15;12343;20;;;12351;18;12355;17;;;12348.0;0.0
yf_MKC_d11;37800;ASH_COATED_OSMIUM;9900;21;9896;22;;;9912;15;9914;18;;;9906.0;0.0
yf_MKC_d11;37800;INTARIAN_PEPPER_ROOT;12342;16;12338;10;;;12352;8;12356;21;;;12347.0;0.0
yf_MKC_d11;37900;ASH_COATED_OSMIUM;9904;15;9900;16;;;9910;15;9914;25;;;9907.0;0.0
yf_MKC_d11;37900;INTARIAN_PEPPER_ROOT;12343;8;12340;19;;;12349;17;12353;16;;;12346.0;0.0
yf_MKC_d11;38000;ASH_COATED_OSMIUM;9904;10;9901;22;;;9910;13;9914;24;;;9907.0;0.0
yf_MKC_d11;38000;INTARIAN_PEPPER_ROOT;12341;16;12338;12;;;12348;5;12350;16;;;12344.5;0.0
yf_MKC_d11;38100;ASH_COATED_OSMIUM;9894;15;9892;9;;;9920;21;9923;22;;;9907.0;0.0
yf_MKC_d11;38100;INTARIAN_PEPPER_ROOT;12341;13;12339;15;;;12347;17;12351;16;;;12344.0;0.0
yf_MKC_d11;38200;ASH_COATED_OSMIUM;9899;11;9897;8;;;9914;14;9916;12;;;9906.5;0.0
yf_MKC_d11;38200;INTARIAN_PEPPER_ROOT;12337;5;12335;19;;;12350;12;12353;24;;;12343.5;0.0
yf_MKC_d11;38300;ASH_COATED_OSMIUM;9904;17;9901;21;;;9910;11;9913;26;;;9907.0;0.0
yf_MKC_d11;38300;INTARIAN_PEPPER_ROOT;12339;11;12337;24;;;12345;5;12348;15;;;12342.0;0.0
yf_MKC_d11;38400;ASH_COATED_OSMIUM;9900;5;9898;19;;;9913;17;9916;19;;;9906.5;0.0
yf_MKC_d11;38400;INTARIAN_PEPPER_ROOT;12338;11;12334;22;;;12346;14;12348;27;;;12342.0;0.0
yf_MKC_d11;38500;ASH_COATED_OSMIUM;9904;12;9902;24;;;9910;10;9912;12;;;9907.0;0.0
yf_MKC_d11;38500;INTARIAN_PEPPER_ROOT;12337;18;12335;19;;;12343;10;12345;18;;;12340.0;0.0
yf_MKC_d11;38600;ASH_COATED_OSMIUM;9904;17;9900;15;;;9910;22;9912;22;;;9907.0;0.0
yf_MKC_d11;38600;INTARIAN_PEPPER_ROOT;12333;10;12329;21;;;12345;8;12347;15;;;12339.0;0.0
yf_MKC_d11;38700;ASH_COATED_OSMIUM;9904;21;9901;27;;;9910;16;9912;15;;;9907.0;0.0
yf_MKC_d11;38700;INTARIAN_PEPPER_ROOT;12335;5;12332;18;;;12341;30;12345;22;;;12338.0;0.0
yf_MKC_d11;38800;ASH_COATED_OSMIUM;9904;14;9900;16;;;9910;5;9913;25;;;9907.0;0.0
yf_MKC_d11;38800;INTARIAN_PEPPER_ROOT;12331;20;12327;21;;;12343;9;12345;21;;;12337.0;0.0
yf_MKC_d11;38900;ASH_COATED_OSMIUM;9904;18;9901;26;;;9910;20;9913;22;;;9907.0;0.0
yf_MKC_d11;38900;INTARIAN_PEPPER_ROOT;12328;12;12325;22;;;12344;13;12346;21;;;12336.0;0.0
yf_MKC_d11;39000;ASH_COATED_OSMIUM;9900;11;9897;27;;;9914;15;9918;19;;;9907.0;0.0
yf_MKC_d11;39000;INTARIAN_PEPPER_ROOT;12329;22;12327;21;;;12341;9;12343;25;;;12335.0;0.0
yf_MKC_d11;39100;ASH_COATED_OSMIUM;9904;13;9902;18;;;9910;7;9913;15;;;9907.0;0.0
yf_MKC_d11;39100;INTARIAN_PEPPER_ROOT;12328;18;12326;25;;;12340;13;12342;19;;;12334.0;0.0
yf_MKC_d11;39200;ASH_COATED_OSMIUM;9904;8;9901;27;;;9910;13;9912;20;;;9907.0;0.0
yf_MKC_d11;39200;INTARIAN_PEPPER_ROOT;12330;10;12327;11;;;12336;6;12339;21;;;12333.0;0.0
yf_MKC_d11;39300;ASH_COATED_OSMIUM;9904;18;9900;22;;;9910;12;9914;14;;;9907.0;0.0
yf_MKC_d11;39300;INTARIAN_PEPPER_ROOT;12330;16;12327;20;;;12336;29;12339;19;;;12333.0;0.0
yf_MKC_d11;39400;ASH_COATED_OSMIUM;9904;12;9901;14;;;9910;15;9913;22;;;9907.0;0.0
yf_MKC_d11;39400;INTARIAN_PEPPER_ROOT;12324;5;12322;17;;;12341;5;12345;19;;;12332.5;0.0
yf_MKC_d11;39500;ASH_COATED_OSMIUM;9904;17;9902;20;;;9910;17;9912;17;;;9907.0;0.0
yf_MKC_d11;39500;INTARIAN_PEPPER_ROOT;12328;17;12326;23;;;12334;18;12336;16;;;12331.0;0.0
yf_MKC_d11;39600;ASH_COATED_OSMIUM;9898;15;9896;14;;;9915;9;9919;21;;;9906.5;0.0
yf_MKC_d11;39600;INTARIAN_PEPPER_ROOT;12327;9;12323;20;;;12333;17;12335;20;;;12330.0;0.0
yf_MKC_d11;39700;ASH_COATED_OSMIUM;9904;13;9900;27;;;9910;13;9912;25;;;9907.0;0.0
yf_MKC_d11;39700;INTARIAN_PEPPER_ROOT;12326;13;12324;24;;;12332;17;12335;19;;;12329.0;0.0
yf_MKC_d11;39800;ASH_COATED_OSMIUM;9898;19;9896;23;;;9915;19;9919;17;;;9906.5;0.0
yf_MKC_d11;39800;INTARIAN_PEPPER_ROOT;12325;7;12321;26;;;12331;19;12335;26;;;12328.0;0.0
yf_MKC_d11;39900;ASH_COATED_OSMIUM;9900;13;9896;19;;;9915;18;9917;32;;;9907.5;0.0
yf_MKC_d11;39900;INTARIAN_PEPPER_ROOT;12322;11;12318;19;;;12332;13;12335;16;;;12327.0;0.0
yf_MKC_d11;40000;ASH_COATED_OSMIUM;9903;9;9899;20;;;9909;11;9912;21;;;9906.0;0.0
yf_MKC_d11;40000;INTARIAN_PEPPER_ROOT;12323;12;12320;24;;;12329;9;12332;24;;;12326.0;0.0
yf_MKC_d11;40100;ASH_COATED_OSMIUM;9904;17;9902;31;;;9910;16;9914;22;;;9907.0;0.0
yf_MKC_d11;40100;INTARIAN_PEPPER_ROOT;12321;19;12319;21;;;12330;17;12332;17;;;12325.5;0.0
yf_MKC_d11;40200;ASH_COATED_OSMIUM;9895;14;9893;16;;;9920;15;9924;20;;;9907.5;0.0
yf_MKC_d11;40200;INTARIAN_PEPPER_ROOT;12319;10;12316;24;;;12329;13;12331;18;;;12324.0;0.0
yf_MKC_d11;40300;ASH_COATED_OSMIUM;9904;16;9901;19;;;9910;9;9912;23;;;9907.0;0.0
yf_MKC_d11;40300;INTARIAN_PEPPER_ROOT;12311;16;12307;29;;;12335;13;12338;21;;;12323.0;0.0
yf_MKC_d11;40400;ASH_COATED_OSMIUM;9902;5;9898;14;;;9910;20;9914;21;;;9906.0;0.0
yf_MKC_d11;40400;INTARIAN_PEPPER_ROOT;12316;13;12314;22;;;12326;17;12330;21;;;12321.0;0.0
yf_MKC_d11;40500;ASH_COATED_OSMIUM;9902;18;9900;25;;;9912;17;9914;19;;;9907.0;0.0
yf_MKC_d11;40500;INTARIAN_PEPPER_ROOT;12308;12;12306;18;;;12334;19;12336;18;;;12321.0;0.0
yf_MKC_d11;40600;ASH_COATED_OSMIUM;9900;6;9898;14;;;9915;8;9918;19;;;9907.5;0.0
yf_MKC_d11;40600;INTARIAN_PEPPER_ROOT;12315;18;12311;15;;;12326;8;12328;21;;;12320.5;0.0
yf_MKC_d11;40700;ASH_COATED_OSMIUM;9904;18;9900;19;;;9910;12;9913;21;;;9907.0;0.0
yf_MKC_d11;40700;INTARIAN_PEPPER_ROOT;12316;30;12314;22;;;12322;20;12325;20;;;12319.0;0.0
yf_MKC_d11;40800;ASH_COATED_OSMIUM;9903;10;9899;27;;;9911;10;9913;23;;;9907.0;0.0
yf_MKC_d11;40800;INTARIAN_PEPPER_ROOT;12315;12;12312;23;;;12321;18;12325;18;;;12318.0;0.0
yf_MKC_d11;40900;ASH_COATED_OSMIUM;9904;16;9902;19;;;9910;16;9912;23;;;9907.0;0.0
yf_MKC_d11;40900;INTARIAN_PEPPER_ROOT;12314;15;12311;19;;;12320;17;12324;25;;;12317.0;0.0
yf_MKC_d11;41000;ASH_COATED_OSMIUM;9901;15;9897;14;;;9913;16;9916;18;;;9907.0;0.0
yf_MKC_d11;41000;INTARIAN_PEPPER_ROOT;12313;19;12311;16;;;12319;24;12322;24;;;12316.0;0.0
yf_MKC_d11;41100;ASH_COATED_OSMIUM;9904;17;9900;28;;;9910;17;9912;24;;;9907.0;0.0
yf_MKC_d11;41100;INTARIAN_PEPPER_ROOT;12311;9;12309;26;;;12320;24;12323;18;;;12315.5;0.0
yf_MKC_d11;41200;ASH_COATED_OSMIUM;9904;17;9900;20;;;9910;12;9913;18;;;9907.0;0.0
yf_MKC_d11;41200;INTARIAN_PEPPER_ROOT;12310;18;12308;19;;;12318;17;12321;21;;;12314.0;0.0
yf_MKC_d11;41300;ASH_COATED_OSMIUM;9900;17;9897;21;;;9913;18;9916;11;;;9906.5;0.0
yf_MKC_d11;41300;INTARIAN_PEPPER_ROOT;12311;8;12307;21;;;12317;11;12320;13;;;12314.0;0.0
yf_MKC_d11;41400;ASH_COATED_OSMIUM;9904;11;9900;16;;;9910;22;9912;24;;;9907.0;0.0
yf_MKC_d11;41400;INTARIAN_PEPPER_ROOT;12310;14;12308;14;;;12316;7;12320;17;;;12313.0;0.0
yf_MKC_d11;41500;ASH_COATED_OSMIUM;9904;12;9902;22;;;9910;10;9913;17;;;9907.0;0.0
yf_MKC_d11;41500;INTARIAN_PEPPER_ROOT;12309;16;12306;13;;;12315;12;12317;16;;;12312.0;0.0
yf_MKC_d11;41600;ASH_COATED_OSMIUM;9904;10;9900;13;;;9910;18;9912;17;;;9907.0;0.0
yf_MKC_d11;41600;INTARIAN_PEPPER_ROOT;12308;12;12305;19;;;12314;5;12318;22;;;12311.0;0.0
yf_MKC_d11;41700;ASH_COATED_OSMIUM;9903;24;9899;9;;;9911;17;9915;17;;;9907.0;0.0
yf_MKC_d11;41700;INTARIAN_PEPPER_ROOT;12303;20;12299;15;;;12315;13;12317;25;;;12309.0;0.0
yf_MKC_d11;41800;ASH_COATED_OSMIUM;9904;16;9900;22;;;9910;12;9913;15;;;9907.0;0.0
yf_MKC_d11;41800;INTARIAN_PEPPER_ROOT;12304;19;12302;21;;;12313;14;12315;13;;;12308.5;0.0
yf_MKC_d11;41900;ASH_COATED_OSMIUM;9904;11;9901;21;;;9910;12;9914;21;;;9907.0;0.0
yf_MKC_d11;41900;INTARIAN_PEPPER_ROOT;12304;17;12300;16;;;12312;14;12315;16;;;12308.0;0.0
yf_MKC_d11;42000;ASH_COATED_OSMIUM;9904;11;9901;17;;;9910;15;9913;13;;;9907.0;0.0
yf_MKC_d11;42000;INTARIAN_PEPPER_ROOT;12303;24;12301;22;;;12311;12;12315;15;;;12307.0;0.0
yf_MKC_d11;42100;ASH_COATED_OSMIUM;9904;9;9900;14;;;9911;12;9913;24;;;9907.5;0.0
yf_MKC_d11;42100;INTARIAN_PEPPER_ROOT;12303;18;12301;26;;;12309;22;12312;19;;;12306.0;0.0
yf_MKC_d11;42200;ASH_COATED_OSMIUM;9904;9;9900;21;;;9910;11;9913;28;;;9907.0;0.0
yf_MKC_d11;42200;INTARIAN_PEPPER_ROOT;12291;16;12289;17;;;12319;15;12321;15;;;12305.0;0.0
yf_MKC_d11;42300;ASH_COATED_OSMIUM;9902;15;9898;15;;;9912;12;9916;17;;;9907.0;0.0
yf_MKC_d11;42300;INTARIAN_PEPPER_ROOT;12301;22;12299;21;;;12307;14;12310;16;;;12304.0;0.0
yf_MKC_d11;42400;ASH_COATED_OSMIUM;9895;10;9891;23;;;9918;16;9921;20;;;9906.5;0.0
yf_MKC_d11;42400;INTARIAN_PEPPER_ROOT;12299;12;12295;16;;;12308;19;12312;22;;;12303.5;0.0
yf_MKC_d11;42500;ASH_COATED_OSMIUM;9901;23;9898;24;;;9913;19;9916;22;;;9907.0;0.0
yf_MKC_d11;42500;INTARIAN_PEPPER_ROOT;12299;20;12297;27;;;12305;19;12308;17;;;12302.0;0.0
yf_MKC_d11;42600;ASH_COATED_OSMIUM;9903;11;9899;18;;;9910;16;9914;18;;;9906.5;0.0
yf_MKC_d11;42600;INTARIAN_PEPPER_ROOT;12297;5;12294;29;;;12305;26;12309;18;;;12301.0;0.0
yf_MKC_d11;42700;ASH_COATED_OSMIUM;9904;14;9901;14;;;9910;21;9912;14;;;9907.0;0.0
yf_MKC_d11;42700;INTARIAN_PEPPER_ROOT;12297;15;12293;17;;;12303;21;12307;22;;;12300.0;0.0
yf_MKC_d11;42800;ASH_COATED_OSMIUM;9902;9;9900;29;;;9911;9;9913;21;;;9906.5;0.0
yf_MKC_d11;42800;INTARIAN_PEPPER_ROOT;12296;6;12294;8;;;12302;8;12306;19;;;12299.0;0.0
yf_MKC_d11;42900;ASH_COATED_OSMIUM;9903;18;9899;25;;;9911;10;9913;21;;;9907.0;0.0
yf_MKC_d11;42900;INTARIAN_PEPPER_ROOT;12295;17;12292;13;;;12303;21;12306;31;;;12299.0;0.0
yf_MKC_d11;43000;ASH_COATED_OSMIUM;9902;18;9900;11;;;9912;12;9915;16;;;9907.0;0.0
yf_MKC_d11;43000;INTARIAN_PEPPER_ROOT;12295;23;12292;15;;;12301;13;12304;23;;;12298.0;0.0
yf_MKC_d11;43100;ASH_COATED_OSMIUM;9898;17;9894;16;;;9915;5;9918;19;;;9906.5;0.0
yf_MKC_d11;43100;INTARIAN_PEPPER_ROOT;12293;15;12290;16;;;12299;15;12302;16;;;12296.0;0.0
yf_MKC_d11;43200;ASH_COATED_OSMIUM;9904;14;9902;9;;;9911;18;9913;19;;;9907.5;0.0
yf_MKC_d11;43200;INTARIAN_PEPPER_ROOT;12292;17;12289;19;;;12298;15;12300;17;;;12295.0;0.0
yf_MKC_d11;43300;ASH_COATED_OSMIUM;9904;14;9900;17;;;9910;8;9912;22;;;9907.0;0.0
yf_MKC_d11;43300;INTARIAN_PEPPER_ROOT;12292;15;12288;23;;;12298;20;12301;29;;;12295.0;0.0
yf_MKC_d11;43400;ASH_COATED_OSMIUM;9904;5;9902;25;;;9910;7;9913;20;;;9907.0;0.0
yf_MKC_d11;43400;INTARIAN_PEPPER_ROOT;12288;8;12284;21;;;12298;9;12300;22;;;12293.0;0.0
yf_MKC_d11;43500;ASH_COATED_OSMIUM;9903;12;9901;17;;;9909;14;9913;17;;;9906.0;0.0
yf_MKC_d11;43500;INTARIAN_PEPPER_ROOT;12289;10;12286;21;;;12297;17;12300;17;;;12293.0;0.0
yf_MKC_d11;43600;ASH_COATED_OSMIUM;9902;10;9899;17;;;9910;15;9913;25;;;9906.0;0.0
yf_MKC_d11;43600;INTARIAN_PEPPER_ROOT;12288;14;12286;22;;;12294;13;12298;14;;;12291.0;0.0
yf_MKC_d11;43700;ASH_COATED_OSMIUM;9904;12;9900;22;;;9910;5;9913;23;;;9907.0;0.0
yf_MKC_d11;43700;INTARIAN_PEPPER_ROOT;12287;13;12284;22;;;12293;19;12295;23;;;12290.0;0.0
yf_MKC_d11;43800;ASH_COATED_OSMIUM;9898;19;9895;19;;;9917;14;9920;20;;;9907.5;0.0
yf_MKC_d11;43800;INTARIAN_PEPPER_ROOT;12279;11;12276;21;;;12299;14;12302;15;;;12289.0;0.0
yf_MKC_d11;43900;ASH_COATED_OSMIUM;9904;16;9900;22;;;9910;14;9914;20;;;9907.0;0.0
yf_MKC_d11;43900;INTARIAN_PEPPER_ROOT;12286;16;12284;20;;;12292;19;12296;12;;;12289.0;0.0
yf_MKC_d11;44000;ASH_COATED_OSMIUM;9904;7;9902;8;;;9910;16;9914;20;;;9907.0;0.0
yf_MKC_d11;44000;INTARIAN_PEPPER_ROOT;12280;13;12277;26;;;12295;12;12297;24;;;12287.5;0.0
yf_MKC_d11;44100;ASH_COATED_OSMIUM;9904;9;9901;9;;;9910;12;9913;18;;;9907.0;0.0
yf_MKC_d11;44100;INTARIAN_PEPPER_ROOT;12281;13;12279;24;;;12293;14;12296;9;;;12287.0;0.0
yf_MKC_d11;44200;ASH_COATED_OSMIUM;9904;11;9901;21;;;9910;9;9912;10;;;9907.0;0.0
yf_MKC_d11;44200;INTARIAN_PEPPER_ROOT;12283;12;12279;11;;;12289;15;12293;19;;;12286.0;0.0
yf_MKC_d11;44300;ASH_COATED_OSMIUM;9902;10;9898;18;;;9911;28;9913;20;;;9906.5;0.0
yf_MKC_d11;44300;INTARIAN_PEPPER_ROOT;12280;12;12277;18;;;12290;15;12292;17;;;12285.0;0.0
yf_MKC_d11;44400;ASH_COATED_OSMIUM;9904;18;9901;19;;;9910;16;9913;22;;;9907.0;0.0
yf_MKC_d11;44400;INTARIAN_PEPPER_ROOT;12281;22;12279;16;;;12287;14;12289;14;;;12284.0;0.0
yf_MKC_d11;44500;ASH_COATED_OSMIUM;9895;7;9891;14;;;9919;17;9923;22;;;9907.0;0.0
yf_MKC_d11;44500;INTARIAN_PEPPER_ROOT;12280;5;12277;20;;;12286;6;12288;13;;;12283.0;0.0
yf_MKC_d11;44600;ASH_COATED_OSMIUM;9904;21;9900;21;;;9910;16;9913;23;;;9907.0;0.0
yf_MKC_d11;44600;INTARIAN_PEPPER_ROOT;12278;18;12274;29;;;12286;15;12289;19;;;12282.0;0.0
yf_MKC_d11;44700;ASH_COATED_OSMIUM;9903;21;9900;9;;;9909;21;9913;18;;;9906.0;0.0
yf_MKC_d11;44700;INTARIAN_PEPPER_ROOT;12278;12;12274;17;;;12284;5;12288;22;;;12281.0;0.0
yf_MKC_d11;44800;ASH_COATED_OSMIUM;9904;10;9901;12;;;9910;7;9913;26;;;9907.0;0.0
yf_MKC_d11;44800;INTARIAN_PEPPER_ROOT;12277;13;12274;13;;;12283;30;12287;15;;;12280.0;0.0
yf_MKC_d11;44900;ASH_COATED_OSMIUM;9903;23;9901;20;;;9909;16;9912;17;;;9906.0;0.0
yf_MKC_d11;44900;INTARIAN_PEPPER_ROOT;12274;12;12271;15;;;12285;20;12287;24;;;12279.5;0.0
yf_MKC_d11;45000;ASH_COATED_OSMIUM;9904;18;9901;15;;;9910;14;9914;20;;;9907.0;0.0
yf_MKC_d11;45000;INTARIAN_PEPPER_ROOT;12275;16;12273;17;;;12281;5;12285;22;;;12278.0;0.0
yf_MKC_d11;45100;ASH_COATED_OSMIUM;9904;15;9900;20;;;9910;16;9914;21;;;9907.0;0.0
yf_MKC_d11;45100;INTARIAN_PEPPER_ROOT;12255;19;12252;19;;;12300;17;12303;25;;;12277.5;0.0
yf_MKC_d11;45200;ASH_COATED_OSMIUM;9895;10;9892;15;;;9919;15;9921;21;;;9907.0;0.0
yf_MKC_d11;45200;INTARIAN_PEPPER_ROOT;12273;20;12271;22;;;12279;24;12282;21;;;12276.0;0.0
yf_MKC_d11;45300;ASH_COATED_OSMIUM;9901;11;9899;23;;;9912;22;9916;18;;;9906.5;0.0
yf_MKC_d11;45300;INTARIAN_PEPPER_ROOT;12270;9;12267;24;;;12281;12;12283;22;;;12275.5;0.0
yf_MKC_d11;45400;ASH_COATED_OSMIUM;9904;15;9901;23;;;9910;5;9913;24;;;9907.0;0.0
yf_MKC_d11;45400;INTARIAN_PEPPER_ROOT;12256;26;12254;27;;;12292;5;12295;27;;;12274.0;0.0
yf_MKC_d11;45500;ASH_COATED_OSMIUM;9904;20;9902;20;;;9910;14;9914;20;;;9907.0;0.0
yf_MKC_d11;45500;INTARIAN_PEPPER_ROOT;12270;14;12268;24;;;12276;25;12278;11;;;12273.0;0.0
yf_MKC_d11;45600;ASH_COATED_OSMIUM;9903;9;9901;18;;;9909;15;9912;23;;;9906.0;0.0
yf_MKC_d11;45600;INTARIAN_PEPPER_ROOT;12269;5;12265;24;;;12275;5;12277;26;;;12272.0;0.0
yf_MKC_d11;45700;ASH_COATED_OSMIUM;9903;21;9900;21;;;9912;17;9915;17;;;9907.5;0.0
yf_MKC_d11;45700;INTARIAN_PEPPER_ROOT;12269;20;12266;17;;;12275;18;12277;26;;;12272.0;0.0
yf_MKC_d11;45800;ASH_COATED_OSMIUM;9872;20;9868;22;;;9942;14;9944;19;;;9907.0;0.0
yf_MKC_d11;45800;INTARIAN_PEPPER_ROOT;12266;11;12264;16;;;12274;11;12276;24;;;12270.0;0.0
yf_MKC_d11;45900;ASH_COATED_OSMIUM;9901;26;9898;22;;;9913;16;9915;24;;;9907.0;0.0
yf_MKC_d11;45900;INTARIAN_PEPPER_ROOT;12267;25;12263;22;;;12273;13;12275;17;;;12270.0;0.0
yf_MKC_d11;46000;ASH_COATED_OSMIUM;9904;13;9900;19;;;9910;11;9914;26;;;9907.0;0.0
yf_MKC_d11;46000;INTARIAN_PEPPER_ROOT;12262;17;12259;18;;;12276;18;12279;26;;;12269.0;0.0
yf_MKC_d11;46100;ASH_COATED_OSMIUM;9904;14;9900;18;;;9910;18;9912;24;;;9907.0;0.0
yf_MKC_d11;46100;INTARIAN_PEPPER_ROOT;12265;6;12262;27;;;12271;16;12274;21;;;12268.0;0.0
yf_MKC_d11;46200;ASH_COATED_OSMIUM;9903;12;9899;10;;;9909;18;9912;16;;;9906.0;0.0
yf_MKC_d11;46200;INTARIAN_PEPPER_ROOT;12264;14;12262;21;;;12270;6;12274;16;;;12267.0;0.0
yf_MKC_d11;46300;ASH_COATED_OSMIUM;9897;12;9895;25;;;9917;10;9919;17;;;9907.0;0.0
yf_MKC_d11;46300;INTARIAN_PEPPER_ROOT;12263;29;12259;31;;;12269;12;12271;19;;;12266.0;0.0
yf_MKC_d11;46400;ASH_COATED_OSMIUM;9903;10;9901;15;;;9909;8;9912;24;;;9906.0;0.0
yf_MKC_d11;46400;INTARIAN_PEPPER_ROOT;12261;25;12258;13;;;12269;18;12271;22;;;12265.0;0.0
yf_MKC_d11;46500;ASH_COATED_OSMIUM;9903;21;9901;26;;;9909;18;9912;16;;;9906.0;0.0
yf_MKC_d11;46500;INTARIAN_PEPPER_ROOT;12260;14;12258;26;;;12266;24;12269;13;;;12263.0;0.0
yf_MKC_d11;46600;ASH_COATED_OSMIUM;9899;22;9896;21;;;9914;19;9916;23;;;9906.5;0.0
yf_MKC_d11;46600;INTARIAN_PEPPER_ROOT;12260;18;12257;23;;;12266;20;12269;18;;;12263.0;0.0
yf_MKC_d11;46700;ASH_COATED_OSMIUM;9904;12;9902;19;;;9910;11;9912;15;;;9907.0;0.0
yf_MKC_d11;46700;INTARIAN_PEPPER_ROOT;12258;10;12254;18;;;12265;13;12268;13;;;12261.5;0.0
yf_MKC_d11;46800;ASH_COATED_OSMIUM;9904;11;9900;23;;;9910;7;9914;22;;;9907.0;0.0
yf_MKC_d11;46800;INTARIAN_PEPPER_ROOT;12258;7;12256;18;;;12264;17;12267;26;;;12261.0;0.0
yf_MKC_d11;46900;ASH_COATED_OSMIUM;9901;13;9898;20;;;9912;10;9915;12;;;9906.5;0.0
yf_MKC_d11;46900;INTARIAN_PEPPER_ROOT;12256;18;12254;12;;;12262;15;12264;21;;;12259.0;0.0
yf_MKC_d11;47000;ASH_COATED_OSMIUM;9904;9;9902;13;;;9910;8;9912;10;;;9907.0;0.0
yf_MKC_d11;47000;INTARIAN_PEPPER_ROOT;12248;11;12245;19;;;12270;21;12274;20;;;12259.0;0.0
yf_MKC_d11;47100;ASH_COATED_OSMIUM;9900;20;9897;18;;;9913;11;9915;13;;;9906.5;0.0
yf_MKC_d11;47100;INTARIAN_PEPPER_ROOT;12254;20;12251;16;;;12262;16;12266;19;;;12258.0;0.0
yf_MKC_d11;47200;ASH_COATED_OSMIUM;9903;12;9900;22;;;9909;16;9911;19;;;9906.0;0.0
yf_MKC_d11;47200;INTARIAN_PEPPER_ROOT;12254;18;12252;16;;;12260;12;12262;17;;;12257.0;0.0
yf_MKC_d11;47300;ASH_COATED_OSMIUM;9904;20;9900;26;;;9910;18;9912;19;;;9907.0;0.0
yf_MKC_d11;47300;INTARIAN_PEPPER_ROOT;12253;14;12250;20;;;12259;15;12262;16;;;12256.0;0.0
yf_MKC_d11;47400;ASH_COATED_OSMIUM;9900;18;9898;21;;;9914;14;9918;16;;;9907.0;0.0
yf_MKC_d11;47400;INTARIAN_PEPPER_ROOT;12252;11;12249;12;;;12258;14;12261;21;;;12255.0;0.0
yf_MKC_d11;47500;ASH_COATED_OSMIUM;9902;13;9900;16;;;9912;8;9915;23;;;9907.0;0.0
yf_MKC_d11;47500;INTARIAN_PEPPER_ROOT;12251;9;12249;20;;;12257;9;12261;18;;;12254.0;0.0
yf_MKC_d11;47600;ASH_COATED_OSMIUM;9903;6;9901;17;;;9909;19;9911;20;;;9906.0;0.0
yf_MKC_d11;47600;INTARIAN_PEPPER_ROOT;12248;12;12244;18;;;12259;17;12263;22;;;12253.5;0.0
yf_MKC_d11;47700;ASH_COATED_OSMIUM;9904;19;9900;26;;;9910;14;9914;21;;;9907.0;0.0
yf_MKC_d11;47700;INTARIAN_PEPPER_ROOT;12245;6;12242;21;;;12260;18;12262;20;;;12252.5;0.0
yf_MKC_d11;47800;ASH_COATED_OSMIUM;9903;12;9899;20;;;9911;14;9914;16;;;9907.0;0.0
yf_MKC_d11;47800;INTARIAN_PEPPER_ROOT;12249;11;12247;20;;;12255;20;12259;17;;;12252.0;0.0
yf_MKC_d11;47900;ASH_COATED_OSMIUM;9904;26;9902;13;;;9910;12;9914;21;;;9907.0;0.0
yf_MKC_d11;47900;INTARIAN_PEPPER_ROOT;12248;14;12246;23;;;12254;15;12258;17;;;12251.0;0.0
yf_MKC_d11;48000;ASH_COATED_OSMIUM;9902;9;9900;17;;;9911;15;9914;11;;;9906.5;0.0
yf_MKC_d11;48000;INTARIAN_PEPPER_ROOT;12246;17;12242;17;;;12252;19;12255;16;;;12249.0;0.0
yf_MKC_d11;48100;ASH_COATED_OSMIUM;9904;10;9902;21;;;9910;20;9913;15;;;9907.0;0.0
yf_MKC_d11;48100;INTARIAN_PEPPER_ROOT;12245;27;12243;17;;;12251;15;12253;17;;;12248.0;0.0
yf_MKC_d11;48200;ASH_COATED_OSMIUM;9903;17;9900;16;;;9909;22;9913;17;;;9906.0;0.0
yf_MKC_d11;48200;INTARIAN_PEPPER_ROOT;12242;16;12238;21;;;12253;24;12257;14;;;12247.5;0.0
yf_MKC_d11;48300;ASH_COATED_OSMIUM;9903;9;9899;17;;;9909;13;9913;11;;;9906.0;0.0
yf_MKC_d11;48300;INTARIAN_PEPPER_ROOT;12244;20;12242;25;;;12250;5;12252;22;;;12247.0;0.0
yf_MKC_d11;48400;ASH_COATED_OSMIUM;9904;17;9900;19;;;9910;6;9912;25;;;9907.0;0.0
yf_MKC_d11;48400;INTARIAN_PEPPER_ROOT;12243;19;12239;18;;;12249;17;12253;18;;;12246.0;0.0
yf_MKC_d11;48500;ASH_COATED_OSMIUM;9903;14;9901;19;;;9909;6;9912;30;;;9906.0;0.0
yf_MKC_d11;48500;INTARIAN_PEPPER_ROOT;12242;14;12239;27;;;12248;24;12252;30;;;12245.0;0.0
yf_MKC_d11;48600;ASH_COATED_OSMIUM;9901;14;9899;20;;;9912;18;9916;21;;;9906.5;0.0
yf_MKC_d11;48600;INTARIAN_PEPPER_ROOT;12240;14;12236;18;;;12247;16;12249;24;;;12243.5;0.0
yf_MKC_d11;48700;ASH_COATED_OSMIUM;9904;16;9902;13;;;9910;18;9913;17;;;9907.0;0.0
yf_MKC_d11;48700;INTARIAN_PEPPER_ROOT;12240;17;12236;22;;;12246;7;12249;13;;;12243.0;0.0
yf_MKC_d11;48800;ASH_COATED_OSMIUM;9904;21;9902;16;;;9910;5;9914;22;;;9907.0;0.0
yf_MKC_d11;48800;INTARIAN_PEPPER_ROOT;12235;19;12231;15;;;12248;16;12251;21;;;12241.5;0.0
yf_MKC_d11;48900;ASH_COATED_OSMIUM;9897;11;9895;11;;;9918;18;9922;20;;;9907.5;0.0
yf_MKC_d11;48900;INTARIAN_PEPPER_ROOT;12238;14;12234;20;;;12244;11;12247;12;;;12241.0;0.0
yf_MKC_d11;49000;ASH_COATED_OSMIUM;9891;5;9887;18;;;9921;17;9923;16;;;9906.0;0.0
yf_MKC_d11;49000;INTARIAN_PEPPER_ROOT;12237;19;12233;18;;;12244;7;12247;23;;;12240.5;0.0
yf_MKC_d11;49100;ASH_COATED_OSMIUM;9903;16;9900;11;;;9909;16;9913;21;;;9906.0;0.0
yf_MKC_d11;49100;INTARIAN_PEPPER_ROOT;12236;5;12234;8;;;12242;13;12246;16;;;12239.0;0.0
yf_MKC_d11;49200;ASH_COATED_OSMIUM;9903;13;9901;14;;;9909;17;9913;25;;;9906.0;0.0
yf_MKC_d11;49200;INTARIAN_PEPPER_ROOT;12234;21;12231;15;;;12242;10;12245;20;;;12238.0;0.0
yf_MKC_d11;49300;ASH_COATED_OSMIUM;9904;17;9901;25;;;9910;10;9912;20;;;9907.0;0.0
yf_MKC_d11;49300;INTARIAN_PEPPER_ROOT;12227;6;12223;29;;;12247;14;12249;16;;;12237.0;0.0
yf_MKC_d11;49400;ASH_COATED_OSMIUM;9901;25;9897;14;;;9911;8;9915;30;;;9906.0;0.0
yf_MKC_d11;49400;INTARIAN_PEPPER_ROOT;12233;21;12230;28;;;12239;18;12241;21;;;12236.0;0.0
yf_MKC_d11;49500;ASH_COATED_OSMIUM;9903;17;9901;15;;;9909;10;9913;14;;;9906.0;0.0
yf_MKC_d11;49500;INTARIAN_PEPPER_ROOT;12231;16;12228;21;;;12240;19;12243;24;;;12235.5;0.0
yf_MKC_d11;49600;ASH_COATED_OSMIUM;9904;22;9902;18;;;9910;16;9912;19;;;9907.0;0.0
yf_MKC_d11;49600;INTARIAN_PEPPER_ROOT;12232;9;12230;26;;;12238;22;12241;14;;;12235.0;0.0
yf_MKC_d11;49700;ASH_COATED_OSMIUM;9904;15;9901;22;;;9910;16;9912;20;;;9907.0;0.0
yf_MKC_d11;49700;INTARIAN_PEPPER_ROOT;12231;14;12227;20;;;12237;13;12239;17;;;12234.0;0.0
yf_MKC_d11;49800;ASH_COATED_OSMIUM;9904;23;9901;27;;;9910;16;9913;24;;;9907.0;0.0
yf_MKC_d11;49800;INTARIAN_PEPPER_ROOT;12229;16;12226;22;;;12235;9;12238;20;;;12232.0;0.0
yf_MKC_d11;49900;ASH_COATED_OSMIUM;9897;18;9895;32;;;9917;17;9920;20;;;9907.0;0.0
yf_MKC_d11;49900;INTARIAN_PEPPER_ROOT;12229;21;12225;27;;;12235;8;12238;21;;;12232.0;0.0
yf_MKC_d11;50000;ASH_COATED_OSMIUM;9903;19;9900;17;;;9909;16;9913;28;;;9906.0;0.0
yf_MKC_d11;50000;INTARIAN_PEPPER_ROOT;12227;27;12225;18;;;12233;12;12236;15;;;12230.0;0.0
yf_MKC_d11;50100;ASH_COATED_OSMIUM;9903;18;9901;22;;;9909;20;9911;18;;;9906.0;0.0
yf_MKC_d11;50100;INTARIAN_PEPPER_ROOT;12227;14;12223;26;;;12233;14;12237;22;;;12230.0;0.0
yf_MKC_d11;50200;ASH_COATED_OSMIUM;9902;22;9900;25;;;9912;17;9914;22;;;9907.0;0.0
yf_MKC_d11;50200;INTARIAN_PEPPER_ROOT;12226;18;12222;21;;;12232;13;12235;17;;;12229.0;0.0
yf_MKC_d11;50300;ASH_COATED_OSMIUM;9897;12;9893;21;;;9915;9;9917;19;;;9906.0;0.0
yf_MKC_d11;50300;INTARIAN_PEPPER_ROOT;12221;17;12218;16;;;12234;17;12238;14;;;12227.5;0.0
yf_MKC_d11;50400;ASH_COATED_OSMIUM;9903;20;9899;11;;;9909;19;9912;22;;;9906.0;0.0
yf_MKC_d11;50400;INTARIAN_PEPPER_ROOT;12221;15;12219;21;;;12232;9;12235;12;;;12226.5;0.0
yf_MKC_d11;50500;ASH_COATED_OSMIUM;9903;12;9901;21;;;9909;15;9912;19;;;9906.0;0.0
yf_MKC_d11;50500;INTARIAN_PEPPER_ROOT;12219;22;12215;24;;;12232;23;12236;23;;;12225.5;0.0
yf_MKC_d11;50600;ASH_COATED_OSMIUM;9903;9;9901;17;;;9909;16;9912;14;;;9906.0;0.0
yf_MKC_d11;50600;INTARIAN_PEPPER_ROOT;12221;22;12219;17;;;12229;17;12231;21;;;12225.0;0.0
yf_MKC_d11;50700;ASH_COATED_OSMIUM;9901;14;9897;29;;;9912;20;9916;15;;;9906.5;0.0
yf_MKC_d11;50700;INTARIAN_PEPPER_ROOT;12221;9;12218;10;;;12227;19;12231;13;;;12224.0;0.0
yf_MKC_d11;50800;ASH_COATED_OSMIUM;9903;20;9899;13;;;9910;12;9912;20;;;9906.5;0.0
yf_MKC_d11;50800;INTARIAN_PEPPER_ROOT;12219;14;12217;15;;;12225;9;12229;13;;;12222.0;0.0
yf_MKC_d11;50900;ASH_COATED_OSMIUM;9895;18;9893;20;;;9919;17;9922;26;;;9907.0;0.0
yf_MKC_d11;50900;INTARIAN_PEPPER_ROOT;12215;15;12212;30;;;12230;15;12232;18;;;12222.5;0.0
yf_MKC_d11;51000;ASH_COATED_OSMIUM;9899;18;9895;17;;;9913;11;9915;22;;;9906.0;0.0
yf_MKC_d11;51000;INTARIAN_PEPPER_ROOT;12217;8;12215;13;;;12223;5;12226;14;;;12220.0;0.0
yf_MKC_d11;51100;ASH_COATED_OSMIUM;9904;14;9900;15;;;9910;5;9914;24;;;9907.0;0.0
yf_MKC_d11;51100;INTARIAN_PEPPER_ROOT;12208;24;12205;17;;;12232;9;12235;10;;;12220.0;0.0
yf_MKC_d11;51200;ASH_COATED_OSMIUM;9904;9;9902;19;;;9910;14;9913;14;;;9907.0;0.0
yf_MKC_d11;51200;INTARIAN_PEPPER_ROOT;12213;9;12210;20;;;12225;19;12228;19;;;12219.0;0.0
yf_MKC_d11;51300;ASH_COATED_OSMIUM;9904;10;9901;14;;;9910;11;9913;20;;;9907.0;0.0
yf_MKC_d11;51300;INTARIAN_PEPPER_ROOT;12214;14;12211;29;;;12220;13;12222;23;;;12217.0;0.0
yf_MKC_d11;51400;ASH_COATED_OSMIUM;9903;17;9899;19;;;9909;15;9912;21;;;9906.0;0.0
yf_MKC_d11;51400;INTARIAN_PEPPER_ROOT;12204;13;12201;19;;;12227;14;12231;14;;;12215.5;0.0
yf_MKC_d11;51500;ASH_COATED_OSMIUM;9899;29;9897;13;;;9915;11;9919;18;;;9907.0;0.0
yf_MKC_d11;51500;INTARIAN_PEPPER_ROOT;12197;21;12194;21;;;12233;14;12235;24;;;12215.0;0.0
yf_MKC_d11;51600;ASH_COATED_OSMIUM;9904;11;9901;14;;;9910;18;9914;27;;;9907.0;0.0
yf_MKC_d11;51600;INTARIAN_PEPPER_ROOT;12211;22;12207;24;;;12218;11;12222;19;;;12214.5;0.0
yf_MKC_d11;51700;ASH_COATED_OSMIUM;9904;16;9902;22;;;9910;24;9913;19;;;9907.0;0.0
yf_MKC_d11;51700;INTARIAN_PEPPER_ROOT;12210;5;12207;28;;;12216;16;12220;20;;;12213.0;0.0
yf_MKC_d11;51800;ASH_COATED_OSMIUM;9904;16;9901;14;;;9910;15;9912;18;;;9907.0;0.0
yf_MKC_d11;51800;INTARIAN_PEPPER_ROOT;12208;12;12204;18;;;12217;9;12219;24;;;12212.5;0.0
yf_MKC_d11;51900;ASH_COATED_OSMIUM;9904;18;9902;12;;;9910;16;9912;12;;;9907.0;0.0
yf_MKC_d11;51900;INTARIAN_PEPPER_ROOT;12200;21;12198;12;;;12222;16;12226;26;;;12211.0;0.0
yf_MKC_d11;52000;ASH_COATED_OSMIUM;9901;16;9899;26;;;9912;5;9914;16;;;9906.5;0.0
yf_MKC_d11;52000;INTARIAN_PEPPER_ROOT;12201;14;12198;25;;;12217;14;12221;24;;;12209.0;0.0
yf_MKC_d11;52100;ASH_COATED_OSMIUM;9903;15;9900;18;;;9909;17;9912;12;;;9906.0;0.0
yf_MKC_d11;52100;INTARIAN_PEPPER_ROOT;12204;24;12201;22;;;12214;15;12216;18;;;12209.0;0.0
yf_MKC_d11;52200;ASH_COATED_OSMIUM;9904;13;9901;21;;;9910;19;9914;23;;;9907.0;0.0
yf_MKC_d11;52200;INTARIAN_PEPPER_ROOT;12205;17;12202;17;;;12211;25;12213;15;;;12208.0;0.0
yf_MKC_d11;52300;ASH_COATED_OSMIUM;9901;20;9899;24;;;9912;13;9916;19;;;9906.5;0.0
yf_MKC_d11;52300;INTARIAN_PEPPER_ROOT;12191;11;12189;13;;;12221;20;12225;12;;;12206.0;0.0
yf_MKC_d11;52400;ASH_COATED_OSMIUM;9903;13;9899;18;;;9911;22;9915;17;;;9907.0;0.0
yf_MKC_d11;52400;INTARIAN_PEPPER_ROOT;12202;12;12198;20;;;12208;11;12211;27;;;12205.0;0.0
yf_MKC_d11;52500;ASH_COATED_OSMIUM;9904;12;9900;23;;;9910;15;9913;19;;;9907.0;0.0
yf_MKC_d11;52500;INTARIAN_PEPPER_ROOT;12195;18;12193;26;;;12213;15;12216;23;;;12204.0;0.0
yf_MKC_d11;52600;ASH_COATED_OSMIUM;9903;17;9899;16;;;9909;21;9913;25;;;9906.0;0.0
yf_MKC_d11;52600;INTARIAN_PEPPER_ROOT;12200;16;12196;11;;;12206;20;12210;24;;;12203.0;0.0
yf_MKC_d11;52700;ASH_COATED_OSMIUM;9902;12;9898;15;;;9910;8;9912;8;;;9906.0;0.0
yf_MKC_d11;52700;INTARIAN_PEPPER_ROOT;12197;13;12194;19;;;12207;16;12209;19;;;12202.0;0.0
yf_MKC_d11;52800;ASH_COATED_OSMIUM;9903;12;9900;20;;;9909;12;9913;13;;;9906.0;0.0
yf_MKC_d11;52800;INTARIAN_PEPPER_ROOT;12198;7;12195;16;;;12204;11;12207;25;;;12201.0;0.0
yf_MKC_d11;52900;ASH_COATED_OSMIUM;9903;8;9901;12;;;9909;5;9913;16;;;9906.0;0.0
yf_MKC_d11;52900;INTARIAN_PEPPER_ROOT;12195;9;12193;27;;;12206;20;12209;11;;;12200.5;0.0
yf_MKC_d11;53000;ASH_COATED_OSMIUM;9904;14;9901;16;;;9910;21;9913;18;;;9907.0;0.0
yf_MKC_d11;53000;INTARIAN_PEPPER_ROOT;12187;11;12184;24;;;12210;19;12214;32;;;12198.5;0.0
yf_MKC_d11;53100;ASH_COATED_OSMIUM;9904;5;9901;19;;;9910;15;9912;21;;;9907.0;0.0
yf_MKC_d11;53100;INTARIAN_PEPPER_ROOT;12195;12;12191;15;;;12202;17;12204;18;;;12198.5;0.0
yf_MKC_d11;53200;ASH_COATED_OSMIUM;9904;19;9900;16;;;9910;10;9914;9;;;9907.0;0.0
yf_MKC_d11;53200;INTARIAN_PEPPER_ROOT;12194;15;12192;22;;;12200;17;12202;25;;;12197.0;0.0
yf_MKC_d11;53300;ASH_COATED_OSMIUM;9900;19;9898;23;;;9915;18;9919;20;;;9907.5;0.0
yf_MKC_d11;53300;INTARIAN_PEPPER_ROOT;12193;12;12191;21;;;12199;17;12202;17;;;12196.0;0.0
yf_MKC_d11;53400;ASH_COATED_OSMIUM;9898;14;9896;9;;;9915;18;9918;21;;;9906.5;0.0
yf_MKC_d11;53400;INTARIAN_PEPPER_ROOT;12184;15;12182;24;;;12205;16;12209;21;;;12194.5;0.0
yf_MKC_d11;53500;ASH_COATED_OSMIUM;9903;24;9901;18;;;9912;22;9916;21;;;9907.5;0.0
yf_MKC_d11;53500;INTARIAN_PEPPER_ROOT;12191;12;12189;21;;;12197;6;12201;24;;;12194.0;0.0
yf_MKC_d11;53600;ASH_COATED_OSMIUM;9895;12;9892;19;;;9919;13;9923;11;;;9907.0;0.0
yf_MKC_d11;53600;INTARIAN_PEPPER_ROOT;12187;17;12183;12;;;12200;17;12203;15;;;12193.5;0.0
yf_MKC_d11;53700;ASH_COATED_OSMIUM;9904;19;9900;13;;;9910;14;9912;19;;;9907.0;0.0
yf_MKC_d11;53700;INTARIAN_PEPPER_ROOT;12189;20;12186;18;;;12195;12;12199;35;;;12192.0;0.0
yf_MKC_d11;53800;ASH_COATED_OSMIUM;9904;5;9900;18;;;9910;21;9912;20;;;9907.0;0.0
yf_MKC_d11;53800;INTARIAN_PEPPER_ROOT;12187;13;12184;24;;;12193;14;12195;18;;;12190.0;0.0
yf_MKC_d11;53900;ASH_COATED_OSMIUM;9904;17;9900;22;;;9910;17;9913;20;;;9907.0;0.0
yf_MKC_d11;53900;INTARIAN_PEPPER_ROOT;12186;9;12183;21;;;12192;20;12194;18;;;12189.0;0.0
yf_MKC_d11;54000;ASH_COATED_OSMIUM;9900;11;9897;17;;;9913;18;9916;23;;;9906.5;0.0
yf_MKC_d11;54000;INTARIAN_PEPPER_ROOT;12185;5;12181;21;;;12191;19;12194;25;;;12188.0;0.0
yf_MKC_d11;54100;ASH_COATED_OSMIUM;9894;11;9892;23;;;9919;14;9921;9;;;9906.5;0.0
yf_MKC_d11;54100;INTARIAN_PEPPER_ROOT;12184;5;12180;14;;;12190;14;12192;20;;;12187.0;0.0
yf_MKC_d11;54200;ASH_COATED_OSMIUM;9904;11;9900;30;;;9910;11;9913;18;;;9907.0;0.0
yf_MKC_d11;54200;INTARIAN_PEPPER_ROOT;12182;11;12180;24;;;12190;10;12194;9;;;12186.0;0.0
yf_MKC_d11;54300;ASH_COATED_OSMIUM;9898;13;9895;17;;;9916;19;9920;13;;;9907.0;0.0
yf_MKC_d11;54300;INTARIAN_PEPPER_ROOT;12182;7;12180;25;;;12188;16;12191;25;;;12185.0;0.0
yf_MKC_d11;54400;ASH_COATED_OSMIUM;9900;13;9897;18;;;9914;15;9918;27;;;9907.0;0.0
yf_MKC_d11;54400;INTARIAN_PEPPER_ROOT;12181;21;12179;24;;;12187;15;12190;25;;;12184.0;0.0
yf_MKC_d11;54500;ASH_COATED_OSMIUM;9894;12;9892;14;;;9920;14;9922;24;;;9907.0;0.0
yf_MKC_d11;54500;INTARIAN_PEPPER_ROOT;12178;10;12174;10;;;12187;14;12191;10;;;12182.5;0.0
yf_MKC_d11;54600;ASH_COATED_OSMIUM;9904;11;9902;17;;;9910;20;9914;13;;;9907.0;0.0
yf_MKC_d11;54600;INTARIAN_PEPPER_ROOT;12178;13;12175;20;;;12184;14;12188;20;;;12181.0;0.0
yf_MKC_d11;54700;ASH_COATED_OSMIUM;9904;12;9901;22;;;9910;8;9914;21;;;9907.0;0.0
yf_MKC_d11;54700;INTARIAN_PEPPER_ROOT;12177;12;12173;24;;;12183;10;12185;20;;;12180.0;0.0
yf_MKC_d11;54800;ASH_COATED_OSMIUM;9904;15;9900;19;;;9910;10;9914;19;;;9907.0;0.0
yf_MKC_d11;54800;INTARIAN_PEPPER_ROOT;12176;19;12173;20;;;12182;12;12184;24;;;12179.0;0.0
yf_MKC_d11;54900;ASH_COATED_OSMIUM;9904;17;9902;13;;;9910;7;9912;15;;;9907.0;0.0
yf_MKC_d11;54900;INTARIAN_PEPPER_ROOT;12172;11;12169;20;;;12184;15;12186;23;;;12178.0;0.0
yf_MKC_d11;55000;ASH_COATED_OSMIUM;9902;14;9900;18;;;9911;9;9914;23;;;9906.5;0.0
yf_MKC_d11;55000;INTARIAN_PEPPER_ROOT;12174;17;12172;16;;;12180;17;12184;8;;;12177.0;0.0
yf_MKC_d11;55100;ASH_COATED_OSMIUM;9904;19;9901;21;;;9910;19;9913;19;;;9907.0;0.0
yf_MKC_d11;55100;INTARIAN_PEPPER_ROOT;12173;16;12171;8;;;12179;13;12182;13;;;12176.0;0.0
yf_MKC_d11;55200;ASH_COATED_OSMIUM;9904;20;9900;15;;;9910;15;9912;20;;;9907.0;0.0
yf_MKC_d11;55200;INTARIAN_PEPPER_ROOT;12172;10;12170;17;;;12178;12;12180;17;;;12175.0;0.0
yf_MKC_d11;55300;ASH_COATED_OSMIUM;9904;16;9900;27;;;9910;12;9912;18;;;9907.0;0.0
yf_MKC_d11;55300;INTARIAN_PEPPER_ROOT;12171;21;12167;17;;;12177;19;12180;9;;;12174.0;0.0
yf_MKC_d11;55400;ASH_COATED_OSMIUM;9901;10;9899;17;;;9912;14;9916;11;;;9906.5;0.0
yf_MKC_d11;55400;INTARIAN_PEPPER_ROOT;12170;6;12168;23;;;12176;10;12179;14;;;12173.0;0.0
yf_MKC_d11;55500;ASH_COATED_OSMIUM;9902;13;9898;19;;;9913;12;9915;22;;;9907.5;0.0
yf_MKC_d11;55500;INTARIAN_PEPPER_ROOT;12169;8;12165;18;;;12175;16;12178;35;;;12172.0;0.0
yf_MKC_d11;55600;ASH_COATED_OSMIUM;9904;23;9901;18;;;9910;14;9913;8;;;9907.0;0.0
yf_MKC_d11;55600;INTARIAN_PEPPER_ROOT;12159;14;12156;24;;;12181;14;12184;16;;;12170.0;0.0
yf_MKC_d11;55700;ASH_COATED_OSMIUM;9898;15;9894;15;;;9916;8;9918;20;;;9907.0;0.0
yf_MKC_d11;55700;INTARIAN_PEPPER_ROOT;12167;8;12164;14;;;12173;19;12177;21;;;12170.0;0.0
yf_MKC_d11;55800;ASH_COATED_OSMIUM;9904;19;9900;12;;;9910;17;9912;17;;;9907.0;0.0
yf_MKC_d11;55800;INTARIAN_PEPPER_ROOT;12161;12;12159;16;;;12176;15;12179;21;;;12168.5;0.0
yf_MKC_d11;55900;ASH_COATED_OSMIUM;9904;10;9901;28;;;9910;15;9913;12;;;9907.0;0.0
yf_MKC_d11;55900;INTARIAN_PEPPER_ROOT;12164;11;12161;24;;;12170;19;12174;8;;;12167.0;0.0
yf_MKC_d11;56000;ASH_COATED_OSMIUM;9905;17;9902;22;;;9911;9;9915;20;;;9908.0;0.0
yf_MKC_d11;56000;INTARIAN_PEPPER_ROOT;12164;5;12161;20;;;12170;16;12172;17;;;12167.0;0.0
yf_MKC_d11;56100;ASH_COATED_OSMIUM;9904;17;9901;15;;;9910;15;9912;14;;;9907.0;0.0
yf_MKC_d11;56100;INTARIAN_PEPPER_ROOT;12163;12;12160;12;;;12169;9;12172;8;;;12166.0;0.0
yf_MKC_d11;56200;ASH_COATED_OSMIUM;9904;19;9900;11;;;9910;13;9913;17;;;9907.0;0.0
yf_MKC_d11;56200;INTARIAN_PEPPER_ROOT;12161;9;12159;16;;;12167;5;12170;14;;;12164.0;0.0
yf_MKC_d11;56300;ASH_COATED_OSMIUM;9903;17;9899;14;;;9911;13;9913;24;;;9907.0;0.0
yf_MKC_d11;56300;INTARIAN_PEPPER_ROOT;12156;20;12153;14;;;12170;16;12173;31;;;12163.0;0.0
yf_MKC_d11;56400;ASH_COATED_OSMIUM;9904;6;9901;11;;;9910;20;9914;21;;;9907.0;0.0
yf_MKC_d11;56400;INTARIAN_PEPPER_ROOT;12159;18;12156;8;;;12165;17;12169;17;;;12162.0;0.0
yf_MKC_d11;56500;ASH_COATED_OSMIUM;9904;10;9901;22;;;9910;19;9914;18;;;9907.0;0.0
yf_MKC_d11;56500;INTARIAN_PEPPER_ROOT;12153;15;12151;23;;;12171;11;12174;26;;;12162.0;0.0
yf_MKC_d11;56600;ASH_COATED_OSMIUM;9903;18;9901;10;;;9911;7;9915;30;;;9907.0;0.0
yf_MKC_d11;56600;INTARIAN_PEPPER_ROOT;12157;6;12154;17;;;12163;13;12167;31;;;12160.0;0.0
yf_MKC_d11;56700;ASH_COATED_OSMIUM;9904;18;9902;23;;;9910;17;9914;25;;;9907.0;0.0
yf_MKC_d11;56700;INTARIAN_PEPPER_ROOT;12157;8;12154;19;;;12163;11;12166;22;;;12160.0;0.0
yf_MKC_d11;56800;ASH_COATED_OSMIUM;9904;14;9902;15;;;9910;19;9913;14;;;9907.0;0.0
yf_MKC_d11;56800;INTARIAN_PEPPER_ROOT;12154;13;12152;16;;;12162;15;12165;18;;;12158.0;0.0
yf_MKC_d11;56900;ASH_COATED_OSMIUM;9904;17;9900;23;;;9910;12;9914;27;;;9907.0;0.0
yf_MKC_d11;56900;INTARIAN_PEPPER_ROOT;12148;18;12146;22;;;12165;21;12169;26;;;12156.5;0.0
yf_MKC_d11;57000;ASH_COATED_OSMIUM;9904;5;9901;20;;;9910;10;9914;16;;;9907.0;0.0
yf_MKC_d11;57000;INTARIAN_PEPPER_ROOT;12153;12;12149;23;;;12159;20;12161;15;;;12156.0;0.0
yf_MKC_d11;57100;ASH_COATED_OSMIUM;9904;8;9902;20;;;9910;11;9914;22;;;9907.0;0.0
yf_MKC_d11;57100;INTARIAN_PEPPER_ROOT;12151;14;12148;22;;;12157;21;12160;25;;;12154.0;0.0
yf_MKC_d11;57200;ASH_COATED_OSMIUM;9904;18;9901;25;;;9910;7;9914;27;;;9907.0;0.0
yf_MKC_d11;57200;INTARIAN_PEPPER_ROOT;12151;10;12148;22;;;12157;17;12159;22;;;12154.0;0.0
yf_MKC_d11;57300;ASH_COATED_OSMIUM;9902;19;9899;23;;;9912;17;9916;23;;;9907.0;0.0
yf_MKC_d11;57300;INTARIAN_PEPPER_ROOT;12150;17;12146;18;;;12156;5;12160;24;;;12153.0;0.0
yf_MKC_d11;57400;ASH_COATED_OSMIUM;9904;21;9900;29;;;9912;21;9915;23;;;9908.0;0.0
yf_MKC_d11;57400;INTARIAN_PEPPER_ROOT;12148;18;12145;18;;;12154;12;12156;18;;;12151.0;0.0
yf_MKC_d11;57500;ASH_COATED_OSMIUM;9900;13;9896;20;;;9915;21;9917;12;;;9907.5;0.0
yf_MKC_d11;57500;INTARIAN_PEPPER_ROOT;12147;11;12143;19;;;12153;11;12156;15;;;12150.0;0.0
yf_MKC_d11;57600;ASH_COATED_OSMIUM;9904;13;9900;17;;;9910;17;9914;27;;;9907.0;0.0
yf_MKC_d11;57600;INTARIAN_PEPPER_ROOT;12147;9;12145;12;;;12153;15;12157;27;;;12150.0;0.0
yf_MKC_d11;57700;ASH_COATED_OSMIUM;9904;16;9901;20;;;9910;12;9912;26;;;9907.0;0.0
yf_MKC_d11;57700;INTARIAN_PEPPER_ROOT;12143;17;12141;25;;;12153;16;12157;14;;;12148.0;0.0
yf_MKC_d11;57800;ASH_COATED_OSMIUM;9896;14;9893;21;;;9918;11;9921;17;;;9907.0;0.0
yf_MKC_d11;57800;INTARIAN_PEPPER_ROOT;12143;27;12140;18;;;12150;15;12153;22;;;12146.5;0.0
yf_MKC_d11;57900;ASH_COATED_OSMIUM;9904;5;9902;18;;;9910;18;9913;13;;;9907.0;0.0
yf_MKC_d11;57900;INTARIAN_PEPPER_ROOT;12140;13;12138;12;;;12151;9;12154;20;;;12145.5;0.0
yf_MKC_d11;58000;ASH_COATED_OSMIUM;9904;14;9900;11;;;9910;21;9914;16;;;9907.0;0.0
yf_MKC_d11;58000;INTARIAN_PEPPER_ROOT;12142;21;12139;19;;;12148;22;12151;23;;;12145.0;0.0
yf_MKC_d11;58100;ASH_COATED_OSMIUM;9904;24;9902;15;;;9910;8;9912;26;;;9907.0;0.0
yf_MKC_d11;58100;INTARIAN_PEPPER_ROOT;12137;18;12134;20;;;12151;18;12154;14;;;12144.0;0.0
yf_MKC_d11;58200;ASH_COATED_OSMIUM;9901;10;9897;17;;;9912;17;9916;14;;;9906.5;0.0
yf_MKC_d11;58200;INTARIAN_PEPPER_ROOT;12137;10;12134;15;;;12150;16;12154;21;;;12143.5;0.0
yf_MKC_d11;58300;ASH_COATED_OSMIUM;9904;18;9901;23;;;9910;20;9913;13;;;9907.0;0.0
yf_MKC_d11;58300;INTARIAN_PEPPER_ROOT;12132;11;12128;11;;;12151;14;12154;21;;;12141.5;0.0
