day;timestamp;product;bid_price_1;bid_volume_1;bid_price_2;bid_volume_2;bid_price_3;bid_volume_3;ask_price_1;ask_volume_1;ask_price_2;ask_volume_2;ask_price_3;ask_volume_3;mid_price;profit_and_loss
yf_ZW=F_d8;0;ASH_COATED_OSMIUM;9961;20;9959;17;;;9979;18;9982;14;;;9970.0;0.0
yf_ZW=F_d8;0;INTARIAN_PEPPER_ROOT;11511;15;11509;23;;;11520;9;11523;20;;;11515.5;0.0
yf_ZW=F_d8;100;ASH_COATED_OSMIUM;9966;18;9964;12;;;9975;15;9978;29;;;9970.5;0.0
yf_ZW=F_d8;100;INTARIAN_PEPPER_ROOT;11508;17;11505;21;;;11523;10;11527;15;;;11515.5;0.0
yf_ZW=F_d8;200;ASH_COATED_OSMIUM;9968;18;9966;24;;;9974;18;9978;12;;;9971.0;0.0
yf_ZW=F_d8;200;INTARIAN_PEPPER_ROOT;11513;15;11511;31;;;11519;12;11523;23;;;11516.0;0.0
yf_ZW=F_d8;300;ASH_COATED_OSMIUM;9967;20;9964;23;;;9975;14;9977;22;;;9971.0;0.0
yf_ZW=F_d8;300;INTARIAN_PEPPER_ROOT;11515;11;11513;14;;;11521;17;11523;19;;;11518.0;0.0
yf_ZW=F_d8;400;ASH_COATED_OSMIUM;9968;16;9964;13;;;9974;12;9977;8;;;9971.0;0.0
yf_ZW=F_d8;400;INTARIAN_PEPPER_ROOT;11514;13;11510;14;;;11520;21;11524;27;;;11517.0;0.0
yf_ZW=F_d8;500;ASH_COATED_OSMIUM;9968;6;9964;19;;;9974;15;9978;21;;;9971.0;0.0
yf_ZW=F_d8;500;INTARIAN_PEPPER_ROOT;11516;6;11514;15;;;11522;11;11525;10;;;11519.0;0.0
yf_ZW=F_d8;600;ASH_COATED_OSMIUM;9968;5;9965;20;;;9974;14;9978;23;;;9971.0;0.0
yf_ZW=F_d8;600;INTARIAN_PEPPER_ROOT;11514;19;11512;20;;;11525;14;11529;20;;;11519.5;0.0
yf_ZW=F_d8;700;ASH_COATED_OSMIUM;9964;24;9960;19;;;9977;14;9981;19;;;9970.5;0.0
yf_ZW=F_d8;700;INTARIAN_PEPPER_ROOT;11510;8;11507;13;;;11529;13;11531;18;;;11519.5;0.0
yf_ZW=F_d8;800;ASH_COATED_OSMIUM;9968;22;9965;23;;;9974;7;9977;12;;;9971.0;0.0
yf_ZW=F_d8;800;INTARIAN_PEPPER_ROOT;11518;16;11515;17;;;11524;6;11527;14;;;11521.0;0.0
yf_ZW=F_d8;900;ASH_COATED_OSMIUM;9968;22;9966;25;;;9974;16;9978;25;;;9971.0;0.0
yf_ZW=F_d8;900;INTARIAN_PEPPER_ROOT;11518;15;11515;20;;;11526;19;11530;17;;;11522.0;0.0
yf_ZW=F_d8;1000;ASH_COATED_OSMIUM;9968;12;9964;18;;;9974;18;9977;14;;;9971.0;0.0
yf_ZW=F_d8;1000;INTARIAN_PEPPER_ROOT;11520;19;11516;18;;;11526;18;11529;8;;;11523.0;0.0
yf_ZW=F_d8;1100;ASH_COATED_OSMIUM;9967;15;9965;23;;;9973;9;9977;14;;;9970.0;0.0
yf_ZW=F_d8;1100;INTARIAN_PEPPER_ROOT;11518;9;11515;10;;;11529;20;11533;25;;;11523.5;0.0
yf_ZW=F_d8;1200;ASH_COATED_OSMIUM;9968;24;9966;22;;;9974;18;9978;16;;;9971.0;0.0
yf_ZW=F_d8;1200;INTARIAN_PEPPER_ROOT;11522;18;11519;23;;;11528;22;11531;16;;;11525.0;0.0
yf_ZW=F_d8;1300;ASH_COATED_OSMIUM;9967;12;9963;21;;;9974;17;9977;25;;;9970.5;0.0
yf_ZW=F_d8;1300;INTARIAN_PEPPER_ROOT;11522;7;11519;9;;;11528;14;11531;25;;;11525.0;0.0
yf_ZW=F_d8;1400;ASH_COATED_OSMIUM;9968;18;9966;19;;;9974;14;9977;21;;;9971.0;0.0
yf_ZW=F_d8;1400;INTARIAN_PEPPER_ROOT;11524;17;11522;20;;;11530;10;11533;26;;;11527.0;0.0
yf_ZW=F_d8;1500;ASH_COATED_OSMIUM;9965;20;9962;21;;;9979;14;9982;25;;;9972.0;0.0
yf_ZW=F_d8;1500;INTARIAN_PEPPER_ROOT;11524;13;11521;15;;;11530;19;11532;18;;;11527.0;0.0
yf_ZW=F_d8;1600;ASH_COATED_OSMIUM;9964;12;9962;20;;;9978;26;9980;18;;;9971.0;0.0
yf_ZW=F_d8;1600;INTARIAN_PEPPER_ROOT;11525;18;11521;15;;;11531;17;11535;27;;;11528.0;0.0
yf_ZW=F_d8;1700;ASH_COATED_OSMIUM;9966;18;9962;28;;;9975;17;9979;21;;;9970.5;0.0
yf_ZW=F_d8;1700;INTARIAN_PEPPER_ROOT;11521;24;11519;18;;;11535;16;11538;17;;;11528.0;0.0
yf_ZW=F_d8;1800;ASH_COATED_OSMIUM;9968;15;9966;25;;;9974;12;9976;20;;;9971.0;0.0
yf_ZW=F_d8;1800;INTARIAN_PEPPER_ROOT;11523;11;11519;16;;;11535;18;11538;14;;;11529.0;0.0
yf_ZW=F_d8;1900;ASH_COATED_OSMIUM;9968;15;9965;31;;;9974;12;9977;20;;;9971.0;0.0
yf_ZW=F_d8;1900;INTARIAN_PEPPER_ROOT;11528;14;11524;10;;;11534;18;11538;20;;;11531.0;0.0
yf_ZW=F_d8;2000;ASH_COATED_OSMIUM;9966;19;9962;17;;;9974;9;9977;22;;;9970.0;0.0
yf_ZW=F_d8;2000;INTARIAN_PEPPER_ROOT;11522;9;11520;22;;;11541;15;11544;18;;;11531.5;0.0
yf_ZW=F_d8;2100;ASH_COATED_OSMIUM;9968;11;9966;22;;;9974;9;9977;32;;;9971.0;0.0
yf_ZW=F_d8;2100;INTARIAN_PEPPER_ROOT;11529;12;11527;26;;;11535;25;11539;20;;;11532.0;0.0
yf_ZW=F_d8;2200;ASH_COATED_OSMIUM;9958;11;9956;13;;;9984;11;9987;20;;;9971.0;0.0
yf_ZW=F_d8;2200;INTARIAN_PEPPER_ROOT;11524;15;11521;9;;;11542;20;11544;15;;;11533.0;0.0
yf_ZW=F_d8;2300;ASH_COATED_OSMIUM;9968;12;9965;21;;;9974;12;9976;13;;;9971.0;0.0
yf_ZW=F_d8;2300;INTARIAN_PEPPER_ROOT;11529;19;11526;16;;;11537;15;11540;19;;;11533.0;0.0
yf_ZW=F_d8;2400;ASH_COATED_OSMIUM;9967;27;9963;19;;;9973;18;9975;31;;;9970.0;0.0
yf_ZW=F_d8;2400;INTARIAN_PEPPER_ROOT;11531;15;11528;20;;;11537;10;11539;17;;;11534.0;0.0
yf_ZW=F_d8;2500;ASH_COATED_OSMIUM;9964;10;9962;21;;;9978;24;9981;17;;;9971.0;0.0
yf_ZW=F_d8;2500;INTARIAN_PEPPER_ROOT;11532;22;11529;20;;;11538;15;11541;15;;;11535.0;0.0
yf_ZW=F_d8;2600;ASH_COATED_OSMIUM;9968;17;9964;24;;;9974;12;9978;18;;;9971.0;0.0
yf_ZW=F_d8;2600;INTARIAN_PEPPER_ROOT;11533;8;11531;8;;;11539;19;11542;18;;;11536.0;0.0
yf_ZW=F_d8;2700;ASH_COATED_OSMIUM;9968;17;9965;14;;;9974;10;9978;9;;;9971.0;0.0
yf_ZW=F_d8;2700;INTARIAN_PEPPER_ROOT;11534;18;11531;14;;;11541;22;11545;19;;;11537.5;0.0
yf_ZW=F_d8;2800;ASH_COATED_OSMIUM;9959;7;9955;18;;;9981;12;9984;16;;;9970.0;0.0
yf_ZW=F_d8;2800;INTARIAN_PEPPER_ROOT;11532;14;11529;19;;;11543;7;11546;19;;;11537.5;0.0
yf_ZW=F_d8;2900;ASH_COATED_OSMIUM;9966;14;9962;23;;;9974;20;9978;21;;;9970.0;0.0
yf_ZW=F_d8;2900;INTARIAN_PEPPER_ROOT;11529;9;11525;17;;;11548;20;11552;20;;;11538.5;0.0
yf_ZW=F_d8;3000;ASH_COATED_OSMIUM;9967;16;9965;19;;;9974;12;9976;15;;;9970.5;0.0
yf_ZW=F_d8;3000;INTARIAN_PEPPER_ROOT;11536;15;11534;14;;;11542;15;11546;17;;;11539.0;0.0
yf_ZW=F_d8;3100;ASH_COATED_OSMIUM;9968;12;9965;23;;;9974;5;9976;26;;;9971.0;0.0
yf_ZW=F_d8;3100;INTARIAN_PEPPER_ROOT;11533;20;11531;16;;;11549;15;11552;13;;;11541.0;0.0
yf_ZW=F_d8;3200;ASH_COATED_OSMIUM;9968;23;9964;26;;;9975;11;9979;9;;;9971.5;0.0
yf_ZW=F_d8;3200;INTARIAN_PEPPER_ROOT;11538;11;11536;24;;;11544;18;11547;14;;;11541.0;0.0
yf_ZW=F_d8;3300;ASH_COATED_OSMIUM;9967;18;9965;21;;;9975;15;9977;24;;;9971.0;0.0
yf_ZW=F_d8;3300;INTARIAN_PEPPER_ROOT;11538;17;11535;14;;;11544;17;11547;28;;;11541.0;0.0
yf_ZW=F_d8;3400;ASH_COATED_OSMIUM;9968;16;9964;17;;;9974;18;9978;16;;;9971.0;0.0
yf_ZW=F_d8;3400;INTARIAN_PEPPER_ROOT;11540;18;11536;20;;;11546;15;11549;25;;;11543.0;0.0
yf_ZW=F_d8;3500;ASH_COATED_OSMIUM;9968;15;9965;24;;;9974;9;9977;13;;;9971.0;0.0
yf_ZW=F_d8;3500;INTARIAN_PEPPER_ROOT;11539;9;11535;23;;;11548;14;11552;20;;;11543.5;0.0
yf_ZW=F_d8;3600;ASH_COATED_OSMIUM;9968;16;9965;25;;;9974;12;9977;12;;;9971.0;0.0
yf_ZW=F_d8;3600;INTARIAN_PEPPER_ROOT;11542;16;11538;21;;;11548;12;11552;13;;;11545.0;0.0
yf_ZW=F_d8;3700;ASH_COATED_OSMIUM;9968;12;9964;21;;;9974;7;9978;19;;;9971.0;0.0
yf_ZW=F_d8;3700;INTARIAN_PEPPER_ROOT;11539;19;11536;16;;;11551;20;11555;19;;;11545.0;0.0
yf_ZW=F_d8;3800;ASH_COATED_OSMIUM;9962;16;9960;14;;;9980;15;9982;21;;;9971.0;0.0
yf_ZW=F_d8;3800;INTARIAN_PEPPER_ROOT;11543;11;11539;12;;;11549;16;11551;13;;;11546.0;0.0
yf_ZW=F_d8;3900;ASH_COATED_OSMIUM;9967;10;9963;22;;;9974;11;9976;15;;;9970.5;0.0
yf_ZW=F_d8;3900;INTARIAN_PEPPER_ROOT;11543;15;11539;29;;;11549;21;11552;16;;;11546.0;0.0
yf_ZW=F_d8;4000;ASH_COATED_OSMIUM;9957;23;9953;11;;;9984;15;9987;28;;;9970.5;0.0
yf_ZW=F_d8;4000;INTARIAN_PEPPER_ROOT;11544;26;11541;27;;;11550;8;11552;14;;;11547.0;0.0
yf_ZW=F_d8;4100;ASH_COATED_OSMIUM;9968;23;9965;23;;;9974;8;9978;15;;;9971.0;0.0
yf_ZW=F_d8;4100;INTARIAN_PEPPER_ROOT;11545;18;11541;18;;;11551;17;11553;22;;;11548.0;0.0
yf_ZW=F_d8;4200;ASH_COATED_OSMIUM;9967;17;9964;13;;;9973;14;9975;28;;;9970.0;0.0
yf_ZW=F_d8;4200;INTARIAN_PEPPER_ROOT;11546;17;11544;14;;;11552;14;11556;13;;;11549.0;0.0
yf_ZW=F_d8;4300;ASH_COATED_OSMIUM;9967;17;9963;15;;;9973;12;9975;14;;;9970.0;0.0
yf_ZW=F_d8;4300;INTARIAN_PEPPER_ROOT;11547;13;11543;25;;;11553;18;11555;21;;;11550.0;0.0
yf_ZW=F_d8;4400;ASH_COATED_OSMIUM;9965;15;9962;19;;;9976;20;9979;16;;;9970.5;0.0
yf_ZW=F_d8;4400;INTARIAN_PEPPER_ROOT;11547;8;11545;20;;;11553;13;11556;19;;;11550.0;0.0
yf_ZW=F_d8;4500;ASH_COATED_OSMIUM;9966;18;9962;14;;;9977;15;9981;24;;;9971.5;0.0
yf_ZW=F_d8;4500;INTARIAN_PEPPER_ROOT;11549;27;11546;11;;;11555;15;11557;14;;;11552.0;0.0
yf_ZW=F_d8;4600;ASH_COATED_OSMIUM;9968;10;9964;22;;;9974;10;9978;24;;;9971.0;0.0
yf_ZW=F_d8;4600;INTARIAN_PEPPER_ROOT;11550;16;11548;20;;;11556;18;11558;13;;;11553.0;0.0
yf_ZW=F_d8;4700;ASH_COATED_OSMIUM;9968;10;9964;23;;;9974;13;9977;22;;;9971.0;0.0
yf_ZW=F_d8;4700;INTARIAN_PEPPER_ROOT;11545;17;11543;22;;;11562;19;11566;16;;;11553.5;0.0
yf_ZW=F_d8;4800;ASH_COATED_OSMIUM;9968;17;9966;18;;;9974;15;9976;23;;;9971.0;0.0
yf_ZW=F_d8;4800;INTARIAN_PEPPER_ROOT;11551;19;11548;18;;;11558;19;11560;18;;;11554.5;0.0
yf_ZW=F_d8;4900;ASH_COATED_OSMIUM;9968;11;9964;15;;;9974;29;9977;22;;;9971.0;0.0
yf_ZW=F_d8;4900;INTARIAN_PEPPER_ROOT;11553;9;11549;20;;;11559;6;11561;23;;;11556.0;0.0
yf_ZW=F_d8;5000;ASH_COATED_OSMIUM;9968;10;9965;21;;;9974;15;9976;10;;;9971.0;0.0
yf_ZW=F_d8;5000;INTARIAN_PEPPER_ROOT;11552;11;11549;15;;;11559;18;11561;11;;;11555.5;0.0
yf_ZW=F_d8;5100;ASH_COATED_OSMIUM;9963;13;9960;17;;;9979;18;9983;29;;;9971.0;0.0
yf_ZW=F_d8;5100;INTARIAN_PEPPER_ROOT;11554;13;11550;22;;;11560;12;11563;22;;;11557.0;0.0
yf_ZW=F_d8;5200;ASH_COATED_OSMIUM;9967;21;9964;17;;;9973;15;9976;22;;;9970.0;0.0
yf_ZW=F_d8;5200;INTARIAN_PEPPER_ROOT;11553;5;11550;21;;;11562;8;11565;23;;;11557.5;0.0
yf_ZW=F_d8;5300;ASH_COATED_OSMIUM;9952;16;9950;24;;;9988;7;9990;22;;;9970.0;0.0
yf_ZW=F_d8;5300;INTARIAN_PEPPER_ROOT;11556;15;11552;20;;;11562;17;11565;14;;;11559.0;0.0
yf_ZW=F_d8;5400;ASH_COATED_OSMIUM;9968;18;9964;20;;;9974;16;9976;19;;;9971.0;0.0
yf_ZW=F_d8;5400;INTARIAN_PEPPER_ROOT;11553;14;11549;20;;;11565;13;11569;17;;;11559.0;0.0
yf_ZW=F_d8;5500;ASH_COATED_OSMIUM;9962;18;9960;27;;;9978;22;9981;21;;;9970.0;0.0
yf_ZW=F_d8;5500;INTARIAN_PEPPER_ROOT;11550;16;11547;24;;;11569;5;11571;16;;;11559.5;0.0
yf_ZW=F_d8;5600;ASH_COATED_OSMIUM;9966;6;9964;21;;;9974;16;9976;22;;;9970.0;0.0
yf_ZW=F_d8;5600;INTARIAN_PEPPER_ROOT;11557;13;11555;20;;;11565;18;11568;25;;;11561.0;0.0
yf_ZW=F_d8;5700;ASH_COATED_OSMIUM;9967;20;9963;25;;;9973;15;9977;19;;;9970.0;0.0
yf_ZW=F_d8;5700;INTARIAN_PEPPER_ROOT;11557;5;11555;24;;;11567;12;11569;19;;;11562.0;0.0
yf_ZW=F_d8;5800;ASH_COATED_OSMIUM;9967;7;9964;17;;;9973;13;9975;29;;;9970.0;0.0
yf_ZW=F_d8;5800;INTARIAN_PEPPER_ROOT;11559;21;11555;18;;;11567;14;11570;19;;;11563.0;0.0
yf_ZW=F_d8;5900;ASH_COATED_OSMIUM;9966;11;9964;18;;;9974;18;9976;23;;;9970.0;0.0
yf_ZW=F_d8;5900;INTARIAN_PEPPER_ROOT;11560;18;11558;24;;;11566;15;11570;33;;;11563.0;0.0
yf_ZW=F_d8;6000;ASH_COATED_OSMIUM;9967;13;9964;15;;;9974;13;9977;18;;;9970.5;0.0
yf_ZW=F_d8;6000;INTARIAN_PEPPER_ROOT;11561;20;11558;26;;;11567;17;11570;21;;;11564.0;0.0
yf_ZW=F_d8;6100;ASH_COATED_OSMIUM;9967;15;9964;16;;;9973;15;9977;18;;;9970.0;0.0
yf_ZW=F_d8;6100;INTARIAN_PEPPER_ROOT;11562;12;11559;22;;;11568;19;11570;22;;;11565.0;0.0
yf_ZW=F_d8;6200;ASH_COATED_OSMIUM;9966;28;9962;21;;;9974;14;9977;31;;;9970.0;0.0
yf_ZW=F_d8;6200;INTARIAN_PEPPER_ROOT;11562;17;11558;13;;;11571;20;11575;31;;;11566.5;0.0
yf_ZW=F_d8;6300;ASH_COATED_OSMIUM;9967;15;9963;23;;;9973;10;9976;17;;;9970.0;0.0
yf_ZW=F_d8;6300;INTARIAN_PEPPER_ROOT;11560;14;11558;22;;;11574;13;11576;18;;;11567.0;0.0
yf_ZW=F_d8;6400;ASH_COATED_OSMIUM;9957;20;9953;21;;;9985;15;9987;10;;;9971.0;0.0
yf_ZW=F_d8;6400;INTARIAN_PEPPER_ROOT;11565;11;11561;26;;;11571;21;11574;17;;;11568.0;0.0
yf_ZW=F_d8;6500;ASH_COATED_OSMIUM;9967;20;9964;15;;;9973;19;9977;24;;;9970.0;0.0
yf_ZW=F_d8;6500;INTARIAN_PEPPER_ROOT;11565;13;11562;19;;;11571;8;11574;20;;;11568.0;0.0
yf_ZW=F_d8;6600;ASH_COATED_OSMIUM;9967;8;9963;20;;;9973;17;9976;23;;;9970.0;0.0
yf_ZW=F_d8;6600;INTARIAN_PEPPER_ROOT;11566;11;11563;22;;;11572;15;11575;14;;;11569.0;0.0
yf_ZW=F_d8;6700;ASH_COATED_OSMIUM;9968;12;9964;15;;;9974;24;9978;22;;;9971.0;0.0
yf_ZW=F_d8;6700;INTARIAN_PEPPER_ROOT;11566;18;11562;27;;;11574;18;11577;14;;;11570.0;0.0
yf_ZW=F_d8;6800;ASH_COATED_OSMIUM;9967;21;9964;29;;;9973;13;9977;25;;;9970.0;0.0
yf_ZW=F_d8;6800;INTARIAN_PEPPER_ROOT;11568;17;11565;27;;;11574;8;11576;22;;;11571.0;0.0
yf_ZW=F_d8;6900;ASH_COATED_OSMIUM;9967;17;9964;28;;;9973;11;9977;13;;;9970.0;0.0
yf_ZW=F_d8;6900;INTARIAN_PEPPER_ROOT;11565;18;11561;18;;;11579;10;11582;22;;;11572.0;0.0
yf_ZW=F_d8;7000;ASH_COATED_OSMIUM;9967;14;9965;31;;;9973;21;9977;20;;;9970.0;0.0
yf_ZW=F_d8;7000;INTARIAN_PEPPER_ROOT;11569;24;11566;22;;;11576;15;11578;20;;;11572.5;0.0
yf_ZW=F_d8;7100;ASH_COATED_OSMIUM;9966;20;9964;12;;;9975;15;9977;10;;;9970.5;0.0
yf_ZW=F_d8;7100;INTARIAN_PEPPER_ROOT;11570;20;11566;15;;;11576;15;11579;24;;;11573.0;0.0
yf_ZW=F_d8;7200;ASH_COATED_OSMIUM;9965;16;9963;14;;;9977;15;9981;24;;;9971.0;0.0
yf_ZW=F_d8;7200;INTARIAN_PEPPER_ROOT;11564;15;11562;24;;;11585;11;11588;23;;;11574.5;0.0
yf_ZW=F_d8;7300;ASH_COATED_OSMIUM;9963;20;9961;20;;;9977;21;9979;17;;;9970.0;0.0
yf_ZW=F_d8;7300;INTARIAN_PEPPER_ROOT;11572;8;11569;21;;;11578;14;11582;24;;;11575.0;0.0
yf_ZW=F_d8;7400;ASH_COATED_OSMIUM;9963;14;9961;26;;;9978;7;9981;11;;;9970.5;0.0
yf_ZW=F_d8;7400;INTARIAN_PEPPER_ROOT;11572;15;11568;19;;;11578;5;11580;21;;;11575.0;0.0
yf_ZW=F_d8;7500;ASH_COATED_OSMIUM;9968;8;9965;17;;;9974;18;9976;18;;;9971.0;0.0
yf_ZW=F_d8;7500;INTARIAN_PEPPER_ROOT;11573;17;11570;18;;;11579;11;11583;14;;;11576.0;0.0
yf_ZW=F_d8;7600;ASH_COATED_OSMIUM;9966;15;9964;20;;;9974;5;9977;8;;;9970.0;0.0
yf_ZW=F_d8;7600;INTARIAN_PEPPER_ROOT;11572;16;11568;19;;;11582;20;11585;16;;;11577.0;0.0
yf_ZW=F_d8;7700;ASH_COATED_OSMIUM;9967;19;9963;16;;;9974;16;9978;25;;;9970.5;0.0
yf_ZW=F_d8;7700;INTARIAN_PEPPER_ROOT;11575;14;11572;27;;;11581;15;11585;10;;;11578.0;0.0
yf_ZW=F_d8;7800;ASH_COATED_OSMIUM;9954;18;9952;31;;;9986;11;9989;23;;;9970.0;0.0
yf_ZW=F_d8;7800;INTARIAN_PEPPER_ROOT;11569;14;11566;22;;;11588;14;11592;20;;;11578.5;0.0
yf_ZW=F_d8;7900;ASH_COATED_OSMIUM;9964;14;9960;15;;;9975;6;9978;18;;;9969.5;0.0
yf_ZW=F_d8;7900;INTARIAN_PEPPER_ROOT;11569;9;11566;27;;;11590;21;11593;24;;;11579.5;0.0
yf_ZW=F_d8;8000;ASH_COATED_OSMIUM;9968;6;9964;14;;;9974;7;9976;24;;;9971.0;0.0
yf_ZW=F_d8;8000;INTARIAN_PEPPER_ROOT;11577;13;11575;16;;;11583;13;11586;16;;;11580.0;0.0
yf_ZW=F_d8;8100;ASH_COATED_OSMIUM;9963;16;9959;13;;;9979;5;9982;18;;;9971.0;0.0
yf_ZW=F_d8;8100;INTARIAN_PEPPER_ROOT;11578;13;11575;19;;;11584;19;11588;18;;;11581.0;0.0
yf_ZW=F_d8;8200;ASH_COATED_OSMIUM;9967;14;9963;22;;;9973;15;9976;20;;;9970.0;0.0
yf_ZW=F_d8;8200;INTARIAN_PEPPER_ROOT;11579;5;11577;18;;;11585;20;11588;18;;;11582.0;0.0
yf_ZW=F_d8;8300;ASH_COATED_OSMIUM;9967;6;9964;23;;;9973;8;9977;18;;;9970.0;0.0
yf_ZW=F_d8;8300;INTARIAN_PEPPER_ROOT;11581;16;11577;19;;;11587;23;11591;22;;;11584.0;0.0
yf_ZW=F_d8;8400;ASH_COATED_OSMIUM;9966;8;9962;23;;;9974;13;9976;26;;;9970.0;0.0
yf_ZW=F_d8;8400;INTARIAN_PEPPER_ROOT;11574;14;11571;24;;;11594;9;11597;14;;;11584.0;0.0
yf_ZW=F_d8;8500;ASH_COATED_OSMIUM;9967;8;9963;24;;;9973;14;9976;15;;;9970.0;0.0
yf_ZW=F_d8;8500;INTARIAN_PEPPER_ROOT;11582;11;11580;14;;;11588;11;11591;21;;;11585.0;0.0
yf_ZW=F_d8;8600;ASH_COATED_OSMIUM;9967;5;9963;19;;;9973;8;9976;21;;;9970.0;0.0
yf_ZW=F_d8;8600;INTARIAN_PEPPER_ROOT;11582;11;11579;16;;;11589;9;11593;14;;;11585.5;0.0
yf_ZW=F_d8;8700;ASH_COATED_OSMIUM;9968;11;9966;21;;;9974;17;9977;22;;;9971.0;0.0
yf_ZW=F_d8;8700;INTARIAN_PEPPER_ROOT;11583;15;11580;15;;;11589;15;11593;13;;;11586.0;0.0
yf_ZW=F_d8;8800;ASH_COATED_OSMIUM;9967;20;9963;17;;;9973;17;9977;20;;;9970.0;0.0
yf_ZW=F_d8;8800;INTARIAN_PEPPER_ROOT;11584;24;11581;24;;;11590;7;11594;23;;;11587.0;0.0
yf_ZW=F_d8;8900;ASH_COATED_OSMIUM;9967;10;9964;14;;;9975;5;9979;21;;;9971.0;0.0
yf_ZW=F_d8;8900;INTARIAN_PEPPER_ROOT;11584;10;11580;30;;;11590;14;11592;23;;;11587.0;0.0
yf_ZW=F_d8;9000;ASH_COATED_OSMIUM;9968;14;9964;24;;;9974;13;9977;15;;;9971.0;0.0
yf_ZW=F_d8;9000;INTARIAN_PEPPER_ROOT;11579;13;11576;12;;;11598;25;11601;17;;;11588.5;0.0
yf_ZW=F_d8;9100;ASH_COATED_OSMIUM;9960;17;9956;15;;;9978;16;9980;16;;;9969.0;0.0
yf_ZW=F_d8;9100;INTARIAN_PEPPER_ROOT;11579;22;11575;23;;;11600;21;11604;20;;;11589.5;0.0
yf_ZW=F_d8;9200;ASH_COATED_OSMIUM;9967;13;9964;20;;;9973;14;9975;27;;;9970.0;0.0
yf_ZW=F_d8;9200;INTARIAN_PEPPER_ROOT;11587;8;11584;18;;;11593;14;11596;19;;;11590.0;0.0
yf_ZW=F_d8;9300;ASH_COATED_OSMIUM;9967;13;9963;22;;;9973;11;9975;24;;;9970.0;0.0
yf_ZW=F_d8;9300;INTARIAN_PEPPER_ROOT;11587;21;11584;21;;;11593;29;11595;19;;;11590.0;0.0
yf_ZW=F_d8;9400;ASH_COATED_OSMIUM;9965;23;9962;16;;;9976;20;9980;15;;;9970.5;0.0
yf_ZW=F_d8;9400;INTARIAN_PEPPER_ROOT;11590;15;11588;22;;;11596;17;11599;27;;;11593.0;0.0
yf_ZW=F_d8;9500;ASH_COATED_OSMIUM;9961;14;9958;17;;;9979;19;9983;13;;;9970.0;0.0
yf_ZW=F_d8;9500;INTARIAN_PEPPER_ROOT;11584;22;11580;21;;;11601;11;11604;31;;;11592.5;0.0
yf_ZW=F_d8;9600;ASH_COATED_OSMIUM;9963;20;9960;18;;;9976;17;9980;19;;;9969.5;0.0
yf_ZW=F_d8;9600;INTARIAN_PEPPER_ROOT;11589;5;11585;14;;;11598;16;11601;23;;;11593.5;0.0
yf_ZW=F_d8;9700;ASH_COATED_OSMIUM;9967;22;9963;25;;;9973;17;9976;20;;;9970.0;0.0
yf_ZW=F_d8;9700;INTARIAN_PEPPER_ROOT;11587;24;11583;18;;;11601;18;11605;26;;;11594.0;0.0
yf_ZW=F_d8;9800;ASH_COATED_OSMIUM;9965;13;9962;23;;;9975;16;9979;17;;;9970.0;0.0
yf_ZW=F_d8;9800;INTARIAN_PEPPER_ROOT;11592;11;11588;23;;;11598;12;11600;16;;;11595.0;0.0
yf_ZW=F_d8;9900;ASH_COATED_OSMIUM;9967;18;9964;14;;;9973;15;9977;18;;;9970.0;0.0
yf_ZW=F_d8;9900;INTARIAN_PEPPER_ROOT;11589;21;11585;24;;;11603;16;11606;29;;;11596.0;0.0
yf_ZW=F_d8;10000;ASH_COATED_OSMIUM;9966;14;9964;20;;;9973;16;9977;29;;;9969.5;0.0
yf_ZW=F_d8;10000;INTARIAN_PEPPER_ROOT;11594;5;11592;24;;;11600;9;11603;27;;;11597.0;0.0
yf_ZW=F_d8;10100;ASH_COATED_OSMIUM;9960;22;9958;14;;;9979;13;9982;24;;;9969.5;0.0
yf_ZW=F_d8;10100;INTARIAN_PEPPER_ROOT;11592;5;11588;15;;;11603;8;11606;20;;;11597.5;0.0
yf_ZW=F_d8;10200;ASH_COATED_OSMIUM;9967;21;9963;21;;;9973;19;9976;23;;;9970.0;0.0
yf_ZW=F_d8;10200;INTARIAN_PEPPER_ROOT;11595;23;11591;19;;;11601;17;11605;16;;;11598.0;0.0
yf_ZW=F_d8;10300;ASH_COATED_OSMIUM;9966;16;9964;20;;;9974;14;9977;17;;;9970.0;0.0
yf_ZW=F_d8;10300;INTARIAN_PEPPER_ROOT;11593;13;11591;19;;;11606;14;11608;21;;;11599.5;0.0
yf_ZW=F_d8;10400;ASH_COATED_OSMIUM;9967;11;9964;13;;;9973;11;9976;29;;;9970.0;0.0
yf_ZW=F_d8;10400;INTARIAN_PEPPER_ROOT;11597;20;11593;20;;;11603;16;11605;16;;;11600.0;0.0
yf_ZW=F_d8;10500;ASH_COATED_OSMIUM;9967;11;9963;26;;;9973;24;9976;33;;;9970.0;0.0
yf_ZW=F_d8;10500;INTARIAN_PEPPER_ROOT;11598;20;11594;18;;;11604;14;11607;23;;;11601.0;0.0
yf_ZW=F_d8;10600;ASH_COATED_OSMIUM;9967;10;9965;17;;;9973;10;9975;13;;;9970.0;0.0
yf_ZW=F_d8;10600;INTARIAN_PEPPER_ROOT;11596;20;11594;25;;;11608;17;11610;22;;;11602.0;0.0
yf_ZW=F_d8;10700;ASH_COATED_OSMIUM;9965;13;9962;26;;;9973;13;9977;20;;;9969.0;0.0
yf_ZW=F_d8;10700;INTARIAN_PEPPER_ROOT;11596;13;11594;20;;;11609;20;11612;15;;;11602.5;0.0
yf_ZW=F_d8;10800;ASH_COATED_OSMIUM;9966;15;9962;19;;;9972;17;9976;19;;;9969.0;0.0
yf_ZW=F_d8;10800;INTARIAN_PEPPER_ROOT;11600;17;11596;28;;;11606;21;11609;26;;;11603.0;0.0
yf_ZW=F_d8;10900;ASH_COATED_OSMIUM;9963;19;9961;22;;;9975;13;9978;28;;;9969.0;0.0
yf_ZW=F_d8;10900;INTARIAN_PEPPER_ROOT;11602;20;11599;9;;;11608;11;11610;19;;;11605.0;0.0
yf_ZW=F_d8;11000;ASH_COATED_OSMIUM;9967;9;9965;24;;;9973;14;9975;16;;;9970.0;0.0
yf_ZW=F_d8;11000;INTARIAN_PEPPER_ROOT;11602;15;11598;23;;;11608;18;11610;15;;;11605.0;0.0
yf_ZW=F_d8;11100;ASH_COATED_OSMIUM;9967;12;9964;18;;;9973;14;9976;22;;;9970.0;0.0
yf_ZW=F_d8;11100;INTARIAN_PEPPER_ROOT;11603;21;11601;14;;;11609;8;11611;28;;;11606.0;0.0
yf_ZW=F_d8;11200;ASH_COATED_OSMIUM;9964;9;9961;26;;;9975;12;9979;9;;;9969.5;0.0
yf_ZW=F_d8;11200;INTARIAN_PEPPER_ROOT;11598;19;11596;16;;;11616;8;11619;21;;;11607.0;0.0
yf_ZW=F_d8;11300;ASH_COATED_OSMIUM;9967;16;9965;17;;;9973;10;9975;16;;;9970.0;0.0
yf_ZW=F_d8;11300;INTARIAN_PEPPER_ROOT;11601;13;11597;19;;;11614;19;11618;21;;;11607.5;0.0
yf_ZW=F_d8;11400;ASH_COATED_OSMIUM;9966;14;9962;20;;;9975;19;9977;19;;;9970.5;0.0
yf_ZW=F_d8;11400;INTARIAN_PEPPER_ROOT;11605;13;11603;22;;;11613;16;11616;20;;;11609.0;0.0
yf_ZW=F_d8;11500;ASH_COATED_OSMIUM;9967;12;9964;13;;;9973;18;9975;23;;;9970.0;0.0
yf_ZW=F_d8;11500;INTARIAN_PEPPER_ROOT;11606;18;11604;9;;;11612;21;11615;17;;;11609.0;0.0
yf_ZW=F_d8;11600;ASH_COATED_OSMIUM;9960;22;9957;28;;;9980;13;9982;18;;;9970.0;0.0
yf_ZW=F_d8;11600;INTARIAN_PEPPER_ROOT;11607;16;11604;20;;;11614;13;11617;25;;;11610.5;0.0
yf_ZW=F_d8;11700;ASH_COATED_OSMIUM;9967;18;9965;18;;;9973;18;9975;22;;;9970.0;0.0
yf_ZW=F_d8;11700;INTARIAN_PEPPER_ROOT;11608;15;11606;17;;;11614;14;11618;25;;;11611.0;0.0
yf_ZW=F_d8;11800;ASH_COATED_OSMIUM;9967;6;9963;18;;;9973;19;9976;20;;;9970.0;0.0
yf_ZW=F_d8;11800;INTARIAN_PEPPER_ROOT;11609;10;11606;27;;;11615;16;11619;20;;;11612.0;0.0
yf_ZW=F_d8;11900;ASH_COATED_OSMIUM;9966;12;9962;16;;;9974;10;9978;21;;;9970.0;0.0
yf_ZW=F_d8;11900;INTARIAN_PEPPER_ROOT;11610;18;11607;19;;;11616;16;11620;28;;;11613.0;0.0
yf_ZW=F_d8;12000;ASH_COATED_OSMIUM;9967;13;9964;16;;;9973;15;9976;15;;;9970.0;0.0
yf_ZW=F_d8;12000;INTARIAN_PEPPER_ROOT;11611;15;11609;23;;;11617;18;11619;18;;;11614.0;0.0
yf_ZW=F_d8;12100;ASH_COATED_OSMIUM;9967;15;9965;21;;;9973;14;9976;17;;;9970.0;0.0
yf_ZW=F_d8;12100;INTARIAN_PEPPER_ROOT;11611;12;11607;17;;;11617;19;11619;20;;;11614.0;0.0
yf_ZW=F_d8;12200;ASH_COATED_OSMIUM;9967;20;9965;23;;;9973;14;9975;25;;;9970.0;0.0
yf_ZW=F_d8;12200;INTARIAN_PEPPER_ROOT;11612;10;11610;23;;;11618;11;11622;22;;;11615.0;0.0
yf_ZW=F_d8;12300;ASH_COATED_OSMIUM;9967;13;9963;27;;;9973;10;9975;17;;;9970.0;0.0
yf_ZW=F_d8;12300;INTARIAN_PEPPER_ROOT;11613;17;11610;15;;;11619;23;11623;21;;;11616.0;0.0
yf_ZW=F_d8;12400;ASH_COATED_OSMIUM;9965;5;9961;25;;;9975;10;9978;18;;;9970.0;0.0
yf_ZW=F_d8;12400;INTARIAN_PEPPER_ROOT;11607;10;11605;20;;;11626;15;11628;21;;;11616.5;0.0
yf_ZW=F_d8;12500;ASH_COATED_OSMIUM;9966;18;9962;17;;;9975;24;9977;19;;;9970.5;0.0
yf_ZW=F_d8;12500;INTARIAN_PEPPER_ROOT;11614;13;11610;21;;;11622;12;11625;22;;;11618.0;0.0
yf_ZW=F_d8;12600;ASH_COATED_OSMIUM;9967;12;9963;19;;;9973;22;9976;14;;;9970.0;0.0
yf_ZW=F_d8;12600;INTARIAN_PEPPER_ROOT;11615;17;11611;16;;;11623;13;11627;13;;;11619.0;0.0
yf_ZW=F_d8;12700;ASH_COATED_OSMIUM;9967;28;9965;19;;;9973;11;9975;23;;;9970.0;0.0
yf_ZW=F_d8;12700;INTARIAN_PEPPER_ROOT;11616;10;11613;27;;;11622;16;11625;9;;;11619.0;0.0
yf_ZW=F_d8;12800;ASH_COATED_OSMIUM;9967;15;9965;21;;;9973;12;9977;20;;;9970.0;0.0
yf_ZW=F_d8;12800;INTARIAN_PEPPER_ROOT;11617;8;11614;17;;;11623;12;11625;21;;;11620.0;0.0
yf_ZW=F_d8;12900;ASH_COATED_OSMIUM;9967;17;9964;19;;;9973;15;9975;21;;;9970.0;0.0
yf_ZW=F_d8;12900;INTARIAN_PEPPER_ROOT;11618;13;11616;18;;;11624;18;11628;22;;;11621.0;0.0
yf_ZW=F_d8;13000;ASH_COATED_OSMIUM;9961;28;9958;23;;;9977;12;9980;22;;;9969.0;0.0
yf_ZW=F_d8;13000;INTARIAN_PEPPER_ROOT;11619;15;11617;25;;;11625;8;11627;22;;;11622.0;0.0
yf_ZW=F_d8;13100;ASH_COATED_OSMIUM;9966;13;9964;15;;;9974;15;9977;20;;;9970.0;0.0
yf_ZW=F_d8;13100;INTARIAN_PEPPER_ROOT;11620;11;11618;27;;;11626;14;11630;18;;;11623.0;0.0
yf_ZW=F_d8;13200;ASH_COATED_OSMIUM;9967;19;9965;20;;;9973;21;9976;14;;;9970.0;0.0
yf_ZW=F_d8;13200;INTARIAN_PEPPER_ROOT;11620;12;11616;22;;;11626;7;11628;20;;;11623.0;0.0
yf_ZW=F_d8;13300;ASH_COATED_OSMIUM;9966;24;9962;22;;;9973;6;9977;12;;;9969.5;0.0
yf_ZW=F_d8;13300;INTARIAN_PEPPER_ROOT;11622;16;11618;17;;;11628;5;11630;21;;;11625.0;0.0
yf_ZW=F_d8;13400;ASH_COATED_OSMIUM;9959;5;9955;17;;;9980;10;9984;21;;;9969.5;0.0
yf_ZW=F_d8;13400;INTARIAN_PEPPER_ROOT;11622;5;11620;18;;;11628;18;11631;20;;;11625.0;0.0
yf_ZW=F_d8;13500;ASH_COATED_OSMIUM;9962;16;9959;16;;;9976;13;9978;18;;;9969.0;0.0
yf_ZW=F_d8;13500;INTARIAN_PEPPER_ROOT;11622;13;11620;23;;;11630;16;11634;14;;;11626.0;0.0
yf_ZW=F_d8;13600;ASH_COATED_OSMIUM;9964;11;9960;22;;;9976;16;9980;18;;;9970.0;0.0
yf_ZW=F_d8;13600;INTARIAN_PEPPER_ROOT;11623;13;11620;22;;;11630;8;11634;16;;;11626.5;0.0
yf_ZW=F_d8;13700;ASH_COATED_OSMIUM;9967;20;9965;15;;;9973;16;9977;24;;;9970.0;0.0
yf_ZW=F_d8;13700;INTARIAN_PEPPER_ROOT;11625;5;11622;15;;;11631;22;11633;28;;;11628.0;0.0
yf_ZW=F_d8;13800;ASH_COATED_OSMIUM;9967;17;9965;17;;;9973;21;9977;14;;;9970.0;0.0
yf_ZW=F_d8;13800;INTARIAN_PEPPER_ROOT;11623;23;11621;25;;;11634;9;11637;21;;;11628.5;0.0
yf_ZW=F_d8;13900;ASH_COATED_OSMIUM;9963;22;9959;15;;;9976;8;9978;15;;;9969.5;0.0
yf_ZW=F_d8;13900;INTARIAN_PEPPER_ROOT;11624;8;11621;18;;;11635;18;11638;23;;;11629.5;0.0
yf_ZW=F_d8;14000;ASH_COATED_OSMIUM;9967;12;9963;9;;;9973;14;9976;14;;;9970.0;0.0
yf_ZW=F_d8;14000;INTARIAN_PEPPER_ROOT;11627;5;11625;20;;;11633;12;11635;14;;;11630.0;0.0
yf_ZW=F_d8;14100;ASH_COATED_OSMIUM;9967;10;9965;20;;;9973;6;9976;15;;;9970.0;0.0
yf_ZW=F_d8;14100;INTARIAN_PEPPER_ROOT;11626;15;11623;16;;;11636;18;11640;11;;;11631.0;0.0
yf_ZW=F_d8;14200;ASH_COATED_OSMIUM;9966;20;9962;23;;;9973;11;9977;19;;;9969.5;0.0
yf_ZW=F_d8;14200;INTARIAN_PEPPER_ROOT;11627;14;11625;21;;;11637;24;11639;13;;;11632.0;0.0
yf_ZW=F_d8;14300;ASH_COATED_OSMIUM;9967;7;9964;22;;;9973;18;9976;18;;;9970.0;0.0
yf_ZW=F_d8;14300;INTARIAN_PEPPER_ROOT;11629;13;11625;19;;;11636;20;11639;29;;;11632.5;0.0
yf_ZW=F_d8;14400;ASH_COATED_OSMIUM;9962;20;9960;14;;;9977;9;9981;26;;;9969.5;0.0
yf_ZW=F_d8;14400;INTARIAN_PEPPER_ROOT;11631;17;11628;19;;;11637;17;11640;25;;;11634.0;0.0
yf_ZW=F_d8;14500;ASH_COATED_OSMIUM;9964;18;9962;18;;;9977;18;9980;24;;;9970.5;0.0
yf_ZW=F_d8;14500;INTARIAN_PEPPER_ROOT;11629;15;11627;22;;;11638;16;11640;22;;;11633.5;0.0
yf_ZW=F_d8;14600;ASH_COATED_OSMIUM;9961;20;9957;20;;;9979;17;9981;28;;;9970.0;0.0
yf_ZW=F_d8;14600;INTARIAN_PEPPER_ROOT;11631;8;11629;14;;;11638;17;11641;26;;;11634.5;0.0
yf_ZW=F_d8;14700;ASH_COATED_OSMIUM;9964;12;9960;25;;;9975;13;9977;10;;;9969.5;0.0
yf_ZW=F_d8;14700;INTARIAN_PEPPER_ROOT;11633;15;11630;23;;;11639;9;11641;24;;;11636.0;0.0
yf_ZW=F_d8;14800;ASH_COATED_OSMIUM;9963;12;9960;24;;;9977;19;9980;20;;;9970.0;0.0
yf_ZW=F_d8;14800;INTARIAN_PEPPER_ROOT;11634;16;11631;18;;;11640;21;11643;21;;;11637.0;0.0
yf_ZW=F_d8;14900;ASH_COATED_OSMIUM;9962;17;9959;14;;;9977;19;9981;27;;;9969.5;0.0
yf_ZW=F_d8;14900;INTARIAN_PEPPER_ROOT;11634;14;11631;14;;;11640;9;11644;19;;;11637.0;0.0
yf_ZW=F_d8;15000;ASH_COATED_OSMIUM;9964;8;9962;25;;;9975;16;9979;25;;;9969.5;0.0
yf_ZW=F_d8;15000;INTARIAN_PEPPER_ROOT;11635;11;11633;18;;;11641;17;11645;17;;;11638.0;0.0
yf_ZW=F_d8;15100;ASH_COATED_OSMIUM;9967;21;9963;15;;;9973;5;9977;19;;;9970.0;0.0
yf_ZW=F_d8;15100;INTARIAN_PEPPER_ROOT;11632;14;11628;15;;;11647;16;11649;18;;;11639.5;0.0
yf_ZW=F_d8;15200;ASH_COATED_OSMIUM;9967;24;9965;21;;;9973;12;9976;14;;;9970.0;0.0
yf_ZW=F_d8;15200;INTARIAN_PEPPER_ROOT;11637;5;11634;24;;;11643;13;11645;18;;;11640.0;0.0
yf_ZW=F_d8;15300;ASH_COATED_OSMIUM;9966;18;9964;23;;;9972;16;9974;17;;;9969.0;0.0
yf_ZW=F_d8;15300;INTARIAN_PEPPER_ROOT;11637;10;11633;18;;;11645;11;11649;19;;;11641.0;0.0
yf_ZW=F_d8;15400;ASH_COATED_OSMIUM;9966;5;9962;25;;;9974;20;9978;18;;;9970.0;0.0
yf_ZW=F_d8;15400;INTARIAN_PEPPER_ROOT;11638;13;11636;24;;;11644;21;11647;14;;;11641.0;0.0
yf_ZW=F_d8;15500;ASH_COATED_OSMIUM;9966;9;9962;25;;;9972;13;9974;21;;;9969.0;0.0
yf_ZW=F_d8;15500;INTARIAN_PEPPER_ROOT;11637;9;11635;23;;;11648;14;11650;24;;;11642.5;0.0
yf_ZW=F_d8;15600;ASH_COATED_OSMIUM;9966;11;9963;17;;;9972;11;9976;11;;;9969.0;0.0
yf_ZW=F_d8;15600;INTARIAN_PEPPER_ROOT;11634;13;11630;14;;;11652;10;11656;15;;;11643.0;0.0
yf_ZW=F_d8;15700;ASH_COATED_OSMIUM;9965;14;9961;18;;;9975;15;9978;19;;;9970.0;0.0
yf_ZW=F_d8;15700;INTARIAN_PEPPER_ROOT;11641;13;11638;26;;;11647;22;11650;20;;;11644.0;0.0
yf_ZW=F_d8;15800;ASH_COATED_OSMIUM;9966;10;9963;16;;;9972;14;9975;21;;;9969.0;0.0
yf_ZW=F_d8;15800;INTARIAN_PEPPER_ROOT;11637;16;11635;26;;;11653;15;11656;23;;;11645.0;0.0
yf_ZW=F_d8;15900;ASH_COATED_OSMIUM;9966;14;9964;18;;;9972;23;9976;24;;;9969.0;0.0
yf_ZW=F_d8;15900;INTARIAN_PEPPER_ROOT;11640;5;11636;15;;;11650;12;11654;18;;;11645.0;0.0
yf_ZW=F_d8;16000;ASH_COATED_OSMIUM;9966;18;9963;18;;;9972;8;9975;25;;;9969.0;0.0
yf_ZW=F_d8;16000;INTARIAN_PEPPER_ROOT;11642;18;11639;17;;;11650;16;11654;20;;;11646.0;0.0
yf_ZW=F_d8;16100;ASH_COATED_OSMIUM;9966;5;9964;23;;;9972;22;9974;23;;;9969.0;0.0
yf_ZW=F_d8;16100;INTARIAN_PEPPER_ROOT;11644;18;11642;23;;;11650;13;11653;28;;;11647.0;0.0
yf_ZW=F_d8;16200;ASH_COATED_OSMIUM;9966;21;9962;15;;;9972;18;9976;15;;;9969.0;0.0
yf_ZW=F_d8;16200;INTARIAN_PEPPER_ROOT;11645;17;11643;28;;;11651;17;11653;26;;;11648.0;0.0
yf_ZW=F_d8;16300;ASH_COATED_OSMIUM;9967;19;9963;26;;;9973;17;9977;18;;;9970.0;0.0
yf_ZW=F_d8;16300;INTARIAN_PEPPER_ROOT;11646;11;11644;25;;;11652;7;11655;18;;;11649.0;0.0
yf_ZW=F_d8;16400;ASH_COATED_OSMIUM;9967;8;9963;15;;;9973;17;9976;16;;;9970.0;0.0
yf_ZW=F_d8;16400;INTARIAN_PEPPER_ROOT;11647;11;11644;23;;;11653;13;11655;23;;;11650.0;0.0
yf_ZW=F_d8;16500;ASH_COATED_OSMIUM;9966;14;9962;8;;;9972;19;9976;10;;;9969.0;0.0
yf_ZW=F_d8;16500;INTARIAN_PEPPER_ROOT;11645;17;11643;13;;;11657;16;11660;15;;;11651.0;0.0
yf_ZW=F_d8;16600;ASH_COATED_OSMIUM;9966;11;9964;21;;;9972;18;9975;25;;;9969.0;0.0
yf_ZW=F_d8;16600;INTARIAN_PEPPER_ROOT;11646;19;11642;15;;;11656;13;11659;29;;;11651.0;0.0
yf_ZW=F_d8;16700;ASH_COATED_OSMIUM;9964;17;9960;19;;;9975;9;9979;22;;;9969.5;0.0
yf_ZW=F_d8;16700;INTARIAN_PEPPER_ROOT;11649;12;11647;15;;;11655;16;11658;17;;;11652.0;0.0
yf_ZW=F_d8;16800;ASH_COATED_OSMIUM;9966;18;9963;15;;;9972;18;9975;19;;;9969.0;0.0
yf_ZW=F_d8;16800;INTARIAN_PEPPER_ROOT;11641;17;11638;23;;;11666;20;11668;22;;;11653.5;0.0
yf_ZW=F_d8;16900;ASH_COATED_OSMIUM;9966;13;9962;18;;;9972;18;9975;22;;;9969.0;0.0
yf_ZW=F_d8;16900;INTARIAN_PEPPER_ROOT;11650;10;11647;25;;;11657;18;11660;25;;;11653.5;0.0
yf_ZW=F_d8;17000;ASH_COATED_OSMIUM;9966;15;9964;22;;;9972;18;9976;16;;;9969.0;0.0
yf_ZW=F_d8;17000;INTARIAN_PEPPER_ROOT;11651;9;11647;9;;;11658;17;11661;20;;;11654.5;0.0
yf_ZW=F_d8;17100;ASH_COATED_OSMIUM;9966;15;9963;16;;;9972;18;9975;20;;;9969.0;0.0
yf_ZW=F_d8;17100;INTARIAN_PEPPER_ROOT;11651;16;11649;18;;;11657;20;11660;21;;;11654.0;0.0
yf_ZW=F_d8;17200;ASH_COATED_OSMIUM;9966;14;9962;19;;;9972;26;9974;18;;;9969.0;0.0
yf_ZW=F_d8;17200;INTARIAN_PEPPER_ROOT;11650;16;11646;20;;;11658;12;11660;9;;;11654.0;0.0
yf_ZW=F_d8;17300;ASH_COATED_OSMIUM;9964;12;9962;25;;;9975;16;9978;14;;;9969.5;0.0
yf_ZW=F_d8;17300;INTARIAN_PEPPER_ROOT;11650;20;11646;16;;;11656;17;11660;16;;;11653.0;0.0
yf_ZW=F_d8;17400;ASH_COATED_OSMIUM;9966;14;9962;13;;;9972;17;9975;26;;;9969.0;0.0
yf_ZW=F_d8;17400;INTARIAN_PEPPER_ROOT;11650;14;11648;17;;;11656;14;11660;19;;;11653.0;0.0
yf_ZW=F_d8;17500;ASH_COATED_OSMIUM;9966;22;9964;29;;;9972;14;9974;28;;;9969.0;0.0
yf_ZW=F_d8;17500;INTARIAN_PEPPER_ROOT;11649;15;11647;11;;;11655;5;11659;18;;;11652.0;0.0
yf_ZW=F_d8;17600;ASH_COATED_OSMIUM;9954;9;9950;12;;;9985;9;9989;16;;;9969.5;0.0
yf_ZW=F_d8;17600;INTARIAN_PEPPER_ROOT;11649;21;11647;20;;;11655;21;11657;35;;;11652.0;0.0
yf_ZW=F_d8;17700;ASH_COATED_OSMIUM;9967;13;9964;8;;;9973;15;9976;24;;;9970.0;0.0
yf_ZW=F_d8;17700;INTARIAN_PEPPER_ROOT;11649;19;11645;17;;;11655;19;11657;8;;;11652.0;0.0
yf_ZW=F_d8;17800;ASH_COATED_OSMIUM;9968;13;9965;16;;;9974;17;9977;22;;;9971.0;0.0
yf_ZW=F_d8;17800;INTARIAN_PEPPER_ROOT;11643;16;11640;17;;;11661;5;11665;13;;;11652.0;0.0
yf_ZW=F_d8;17900;ASH_COATED_OSMIUM;9967;13;9963;26;;;9973;11;9976;23;;;9970.0;0.0
yf_ZW=F_d8;17900;INTARIAN_PEPPER_ROOT;11648;23;11644;14;;;11654;10;11657;19;;;11651.0;0.0
yf_ZW=F_d8;18000;ASH_COATED_OSMIUM;9961;15;9957;12;;;9979;14;9983;13;;;9970.0;0.0
yf_ZW=F_d8;18000;INTARIAN_PEPPER_ROOT;11648;15;11646;24;;;11654;9;11658;21;;;11651.0;0.0
yf_ZW=F_d8;18100;ASH_COATED_OSMIUM;9967;14;9964;18;;;9973;16;9976;26;;;9970.0;0.0
yf_ZW=F_d8;18100;INTARIAN_PEPPER_ROOT;11648;18;11644;19;;;11654;20;11656;20;;;11651.0;0.0
yf_ZW=F_d8;18200;ASH_COATED_OSMIUM;9960;17;9957;27;;;9980;13;9984;25;;;9970.0;0.0
yf_ZW=F_d8;18200;INTARIAN_PEPPER_ROOT;11647;13;11643;12;;;11653;14;11656;18;;;11650.0;0.0
yf_ZW=F_d8;18300;ASH_COATED_OSMIUM;9967;23;9965;23;;;9973;12;9975;20;;;9970.0;0.0
yf_ZW=F_d8;18300;INTARIAN_PEPPER_ROOT;11636;6;11632;18;;;11663;10;11666;25;;;11649.5;0.0
yf_ZW=F_d8;18400;ASH_COATED_OSMIUM;9967;5;9963;17;;;9973;13;9977;21;;;9970.0;0.0
yf_ZW=F_d8;18400;INTARIAN_PEPPER_ROOT;11645;16;11643;18;;;11655;17;11659;24;;;11650.0;0.0
yf_ZW=F_d8;18500;ASH_COATED_OSMIUM;9967;5;9963;27;;;9973;18;9975;23;;;9970.0;0.0
yf_ZW=F_d8;18500;INTARIAN_PEPPER_ROOT;11631;22;11628;28;;;11668;10;11672;12;;;11649.5;0.0
yf_ZW=F_d8;18600;ASH_COATED_OSMIUM;9967;26;9965;23;;;9975;18;9978;22;;;9971.0;0.0
yf_ZW=F_d8;18600;INTARIAN_PEPPER_ROOT;11647;15;11644;14;;;11653;12;11657;19;;;11650.0;0.0
yf_ZW=F_d8;18700;ASH_COATED_OSMIUM;9962;21;9959;23;;;9978;12;9981;15;;;9970.0;0.0
yf_ZW=F_d8;18700;INTARIAN_PEPPER_ROOT;11641;17;11637;12;;;11658;11;11660;14;;;11649.5;0.0
yf_ZW=F_d8;18800;ASH_COATED_OSMIUM;9967;7;9963;25;;;9973;15;9975;18;;;9970.0;0.0
yf_ZW=F_d8;18800;INTARIAN_PEPPER_ROOT;11645;14;11642;23;;;11653;22;11656;16;;;11649.0;0.0
yf_ZW=F_d8;18900;ASH_COATED_OSMIUM;9967;18;9963;23;;;9973;11;9976;27;;;9970.0;0.0
yf_ZW=F_d8;18900;INTARIAN_PEPPER_ROOT;11646;18;11643;13;;;11652;10;11656;26;;;11649.0;0.0
yf_ZW=F_d8;19000;ASH_COATED_OSMIUM;9967;13;9963;21;;;9973;13;9975;16;;;9970.0;0.0
yf_ZW=F_d8;19000;INTARIAN_PEPPER_ROOT;11645;14;11643;20;;;11651;13;11654;17;;;11648.0;0.0
yf_ZW=F_d8;19100;ASH_COATED_OSMIUM;9967;13;9964;12;;;9973;7;9975;29;;;9970.0;0.0
yf_ZW=F_d8;19100;INTARIAN_PEPPER_ROOT;11635;15;11633;18;;;11662;12;11664;14;;;11648.5;0.0
yf_ZW=F_d8;19200;ASH_COATED_OSMIUM;9968;27;9966;23;;;9974;7;9978;19;;;9971.0;0.0
yf_ZW=F_d8;19200;INTARIAN_PEPPER_ROOT;11645;12;11641;23;;;11651;8;11655;18;;;11648.0;0.0
yf_ZW=F_d8;19300;ASH_COATED_OSMIUM;9967;12;9964;22;;;9973;23;9975;19;;;9970.0;0.0
yf_ZW=F_d8;19300;INTARIAN_PEPPER_ROOT;11643;13;11639;22;;;11652;11;11654;8;;;11647.5;0.0
yf_ZW=F_d8;19400;ASH_COATED_OSMIUM;9968;7;9966;18;;;9974;19;9976;21;;;9971.0;0.0
yf_ZW=F_d8;19400;INTARIAN_PEPPER_ROOT;11641;16;11639;20;;;11653;20;11656;23;;;11647.0;0.0
yf_ZW=F_d8;19500;ASH_COATED_OSMIUM;9967;17;9963;18;;;9973;20;9977;26;;;9970.0;0.0
yf_ZW=F_d8;19500;INTARIAN_PEPPER_ROOT;11644;12;11640;17;;;11650;18;11653;25;;;11647.0;0.0
yf_ZW=F_d8;19600;ASH_COATED_OSMIUM;9964;14;9962;22;;;9976;12;9979;16;;;9970.0;0.0
yf_ZW=F_d8;19600;INTARIAN_PEPPER_ROOT;11644;12;11641;25;;;11650;17;11653;21;;;11647.0;0.0
yf_ZW=F_d8;19700;ASH_COATED_OSMIUM;9966;16;9964;16;;;9976;13;9978;19;;;9971.0;0.0
yf_ZW=F_d8;19700;INTARIAN_PEPPER_ROOT;11643;19;11641;29;;;11649;13;11653;11;;;11646.0;0.0
yf_ZW=F_d8;19800;ASH_COATED_OSMIUM;9968;14;9965;25;;;9974;17;9976;18;;;9971.0;0.0
yf_ZW=F_d8;19800;INTARIAN_PEPPER_ROOT;11640;12;11638;13;;;11652;17;11654;17;;;11646.0;0.0
yf_ZW=F_d8;19900;ASH_COATED_OSMIUM;9968;10;9965;12;;;9974;5;9978;20;;;9971.0;0.0
yf_ZW=F_d8;19900;INTARIAN_PEPPER_ROOT;11640;14;11638;22;;;11651;13;11653;34;;;11645.5;0.0
yf_ZW=F_d8;20000;ASH_COATED_OSMIUM;9968;19;9965;24;;;9974;20;9977;23;;;9971.0;0.0
yf_ZW=F_d8;20000;INTARIAN_PEPPER_ROOT;11638;12;11635;23;;;11653;15;11657;31;;;11645.5;0.0
yf_ZW=F_d8;20100;ASH_COATED_OSMIUM;9967;16;9964;23;;;9973;15;9976;23;;;9970.0;0.0
yf_ZW=F_d8;20100;INTARIAN_PEPPER_ROOT;11642;23;11639;16;;;11648;18;11652;13;;;11645.0;0.0
yf_ZW=F_d8;20200;ASH_COATED_OSMIUM;9968;12;9965;20;;;9974;5;9978;17;;;9971.0;0.0
yf_ZW=F_d8;20200;INTARIAN_PEPPER_ROOT;11642;19;11639;16;;;11648;16;11651;26;;;11645.0;0.0
yf_ZW=F_d8;20300;ASH_COATED_OSMIUM;9968;12;9966;19;;;9974;13;9976;22;;;9971.0;0.0
yf_ZW=F_d8;20300;INTARIAN_PEPPER_ROOT;11641;7;11637;10;;;11647;13;11649;15;;;11644.0;0.0
yf_ZW=F_d8;20400;ASH_COATED_OSMIUM;9968;16;9964;8;;;9974;18;9977;14;;;9971.0;0.0
yf_ZW=F_d8;20400;INTARIAN_PEPPER_ROOT;11632;21;11628;14;;;11656;13;11660;13;;;11644.0;0.0
yf_ZW=F_d8;20500;ASH_COATED_OSMIUM;9968;11;9965;17;;;9974;13;9977;16;;;9971.0;0.0
yf_ZW=F_d8;20500;INTARIAN_PEPPER_ROOT;11641;14;11637;20;;;11647;13;11650;14;;;11644.0;0.0
yf_ZW=F_d8;20600;ASH_COATED_OSMIUM;9966;19;9963;18;;;9976;11;9980;19;;;9971.0;0.0
yf_ZW=F_d8;20600;INTARIAN_PEPPER_ROOT;11632;15;11628;19;;;11653;9;11656;17;;;11642.5;0.0
yf_ZW=F_d8;20700;ASH_COATED_OSMIUM;9968;12;9966;22;;;9974;16;9977;22;;;9971.0;0.0
yf_ZW=F_d8;20700;INTARIAN_PEPPER_ROOT;11640;9;11636;19;;;11646;26;11648;22;;;11643.0;0.0
yf_ZW=F_d8;20800;ASH_COATED_OSMIUM;9965;12;9962;22;;;9979;17;9983;29;;;9972.0;0.0
yf_ZW=F_d8;20800;INTARIAN_PEPPER_ROOT;11640;18;11636;10;;;11646;14;11649;12;;;11643.0;0.0
yf_ZW=F_d8;20900;ASH_COATED_OSMIUM;9963;14;9959;32;;;9978;8;9982;15;;;9970.5;0.0
yf_ZW=F_d8;20900;INTARIAN_PEPPER_ROOT;11640;6;11637;28;;;11646;19;11650;14;;;11643.0;0.0
yf_ZW=F_d8;21000;ASH_COATED_OSMIUM;9969;15;9967;21;;;9975;13;9978;13;;;9972.0;0.0
yf_ZW=F_d8;21000;INTARIAN_PEPPER_ROOT;11639;22;11637;13;;;11646;26;11648;21;;;11642.5;0.0
yf_ZW=F_d8;21100;ASH_COATED_OSMIUM;9969;15;9967;20;;;9975;11;9979;19;;;9972.0;0.0
yf_ZW=F_d8;21100;INTARIAN_PEPPER_ROOT;11639;17;11636;17;;;11645;15;11648;20;;;11642.0;0.0
yf_ZW=F_d8;21200;ASH_COATED_OSMIUM;9961;15;9958;11;;;9983;9;9985;22;;;9972.0;0.0
yf_ZW=F_d8;21200;INTARIAN_PEPPER_ROOT;11639;16;11637;14;;;11645;14;11649;21;;;11642.0;0.0
yf_ZW=F_d8;21300;ASH_COATED_OSMIUM;9965;17;9963;17;;;9978;14;9981;19;;;9971.5;0.0
yf_ZW=F_d8;21300;INTARIAN_PEPPER_ROOT;11638;11;11635;18;;;11644;15;11646;28;;;11641.0;0.0
yf_ZW=F_d8;21400;ASH_COATED_OSMIUM;9969;16;9966;20;;;9975;17;9977;18;;;9972.0;0.0
yf_ZW=F_d8;21400;INTARIAN_PEPPER_ROOT;11638;19;11635;17;;;11644;14;11648;28;;;11641.0;0.0
yf_ZW=F_d8;21500;ASH_COATED_OSMIUM;9962;13;9960;12;;;9980;16;9982;21;;;9971.0;0.0
yf_ZW=F_d8;21500;INTARIAN_PEPPER_ROOT;11638;11;11635;21;;;11644;13;11647;25;;;11641.0;0.0
yf_ZW=F_d8;21600;ASH_COATED_OSMIUM;9968;9;9965;26;;;9975;13;9979;18;;;9971.5;0.0
yf_ZW=F_d8;21600;INTARIAN_PEPPER_ROOT;11638;24;11635;14;;;11644;9;11647;16;;;11641.0;0.0
yf_ZW=F_d8;21700;ASH_COATED_OSMIUM;9969;14;9965;17;;;9975;23;9978;15;;;9972.0;0.0
yf_ZW=F_d8;21700;INTARIAN_PEPPER_ROOT;11638;12;11634;23;;;11644;9;11646;25;;;11641.0;0.0
yf_ZW=F_d8;21800;ASH_COATED_OSMIUM;9969;15;9966;22;;;9975;16;9977;18;;;9972.0;0.0
yf_ZW=F_d8;21800;INTARIAN_PEPPER_ROOT;11637;15;11634;21;;;11643;17;11647;25;;;11640.0;0.0
yf_ZW=F_d8;21900;ASH_COATED_OSMIUM;9961;9;9959;24;;;9983;20;9986;24;;;9972.0;0.0
yf_ZW=F_d8;21900;INTARIAN_PEPPER_ROOT;11623;15;11621;22;;;11656;16;11658;16;;;11639.5;0.0
yf_ZW=F_d8;22000;ASH_COATED_OSMIUM;9969;16;9967;24;;;9975;11;9979;17;;;9972.0;0.0
yf_ZW=F_d8;22000;INTARIAN_PEPPER_ROOT;11636;12;11632;17;;;11642;13;11646;17;;;11639.0;0.0
yf_ZW=F_d8;22100;ASH_COATED_OSMIUM;9969;22;9966;20;;;9976;18;9978;21;;;9972.5;0.0
yf_ZW=F_d8;22100;INTARIAN_PEPPER_ROOT;11635;9;11633;23;;;11643;9;11646;18;;;11639.0;0.0
yf_ZW=F_d8;22200;ASH_COATED_OSMIUM;9969;17;9967;9;;;9975;12;9979;18;;;9972.0;0.0
yf_ZW=F_d8;22200;INTARIAN_PEPPER_ROOT;11629;11;11626;23;;;11649;12;11653;23;;;11639.0;0.0
yf_ZW=F_d8;22300;ASH_COATED_OSMIUM;9965;18;9961;22;;;9978;16;9982;20;;;9971.5;0.0
yf_ZW=F_d8;22300;INTARIAN_PEPPER_ROOT;11635;8;11632;19;;;11641;10;11643;20;;;11638.0;0.0
yf_ZW=F_d8;22400;ASH_COATED_OSMIUM;9969;17;9967;18;;;9976;10;9979;19;;;9972.5;0.0
yf_ZW=F_d8;22400;INTARIAN_PEPPER_ROOT;11635;17;11631;26;;;11641;13;11644;25;;;11638.0;0.0
yf_ZW=F_d8;22500;ASH_COATED_OSMIUM;9969;20;9967;19;;;9975;18;9979;23;;;9972.0;0.0
yf_ZW=F_d8;22500;INTARIAN_PEPPER_ROOT;11634;10;11632;16;;;11640;7;11644;16;;;11637.0;0.0
yf_ZW=F_d8;22600;ASH_COATED_OSMIUM;9967;10;9963;27;;;9977;28;9980;21;;;9972.0;0.0
yf_ZW=F_d8;22600;INTARIAN_PEPPER_ROOT;11635;13;11631;8;;;11641;14;11644;27;;;11638.0;0.0
yf_ZW=F_d8;22700;ASH_COATED_OSMIUM;9969;9;9967;14;;;9975;13;9978;23;;;9972.0;0.0
yf_ZW=F_d8;22700;INTARIAN_PEPPER_ROOT;11634;23;11630;22;;;11640;9;11643;22;;;11637.0;0.0
yf_ZW=F_d8;22800;ASH_COATED_OSMIUM;9966;14;9963;25;;;9978;14;9981;30;;;9972.0;0.0
yf_ZW=F_d8;22800;INTARIAN_PEPPER_ROOT;11634;13;11631;27;;;11640;10;11643;21;;;11637.0;0.0
yf_ZW=F_d8;22900;ASH_COATED_OSMIUM;9970;8;9966;18;;;9976;6;9980;13;;;9973.0;0.0
yf_ZW=F_d8;22900;INTARIAN_PEPPER_ROOT;11634;17;11631;15;;;11640;9;11643;22;;;11637.0;0.0
yf_ZW=F_d8;23000;ASH_COATED_OSMIUM;9961;7;9958;23;;;9983;19;9985;15;;;9972.0;0.0
yf_ZW=F_d8;23000;INTARIAN_PEPPER_ROOT;11634;17;11631;18;;;11640;12;11643;23;;;11637.0;0.0
yf_ZW=F_d8;23100;ASH_COATED_OSMIUM;9970;14;9968;30;;;9976;18;9980;13;;;9973.0;0.0
yf_ZW=F_d8;23100;INTARIAN_PEPPER_ROOT;11633;16;11629;15;;;11641;7;11644;17;;;11637.0;0.0
yf_ZW=F_d8;23200;ASH_COATED_OSMIUM;9969;9;9967;24;;;9975;21;9978;18;;;9972.0;0.0
yf_ZW=F_d8;23200;INTARIAN_PEPPER_ROOT;11633;17;11629;15;;;11639;15;11641;26;;;11636.0;0.0
yf_ZW=F_d8;23300;ASH_COATED_OSMIUM;9970;22;9967;18;;;9976;12;9978;11;;;9973.0;0.0
yf_ZW=F_d8;23300;INTARIAN_PEPPER_ROOT;11632;6;11628;21;;;11638;17;11642;28;;;11635.0;0.0
yf_ZW=F_d8;23400;ASH_COATED_OSMIUM;9968;18;9964;23;;;9976;5;9979;14;;;9972.0;0.0
yf_ZW=F_d8;23400;INTARIAN_PEPPER_ROOT;11625;14;11622;27;;;11646;5;11649;25;;;11635.5;0.0
yf_ZW=F_d8;23500;ASH_COATED_OSMIUM;9970;15;9967;19;;;9976;12;9978;18;;;9973.0;0.0
yf_ZW=F_d8;23500;INTARIAN_PEPPER_ROOT;11630;11;11627;21;;;11639;20;11643;25;;;11634.5;0.0
yf_ZW=F_d8;23600;ASH_COATED_OSMIUM;9970;13;9968;22;;;9976;6;9979;21;;;9973.0;0.0
yf_ZW=F_d8;23600;INTARIAN_PEPPER_ROOT;11632;6;11630;20;;;11638;17;11640;14;;;11635.0;0.0
yf_ZW=F_d8;23700;ASH_COATED_OSMIUM;9970;20;9966;23;;;9976;11;9979;29;;;9973.0;0.0
yf_ZW=F_d8;23700;INTARIAN_PEPPER_ROOT;11632;20;11628;22;;;11638;6;11642;31;;;11635.0;0.0
yf_ZW=F_d8;23800;ASH_COATED_OSMIUM;9970;20;9966;19;;;9976;15;9979;23;;;9973.0;0.0
yf_ZW=F_d8;23800;INTARIAN_PEPPER_ROOT;11624;17;11621;20;;;11644;16;11647;11;;;11634.0;0.0
yf_ZW=F_d8;23900;ASH_COATED_OSMIUM;9968;10;9965;25;;;9977;10;9979;14;;;9972.5;0.0
yf_ZW=F_d8;23900;INTARIAN_PEPPER_ROOT;11631;8;11629;20;;;11637;14;11639;26;;;11634.0;0.0
yf_ZW=F_d8;24000;ASH_COATED_OSMIUM;9970;16;9968;18;;;9976;18;9980;15;;;9973.0;0.0
yf_ZW=F_d8;24000;INTARIAN_PEPPER_ROOT;11630;17;11626;11;;;11636;17;11640;11;;;11633.0;0.0
yf_ZW=F_d8;24100;ASH_COATED_OSMIUM;9970;16;9968;19;;;9976;18;9979;19;;;9973.0;0.0
yf_ZW=F_d8;24100;INTARIAN_PEPPER_ROOT;11627;17;11623;14;;;11640;15;11643;12;;;11633.5;0.0
yf_ZW=F_d8;24200;ASH_COATED_OSMIUM;9969;13;9966;21;;;9977;10;9979;14;;;9973.0;0.0
yf_ZW=F_d8;24200;INTARIAN_PEPPER_ROOT;11622;23;11618;17;;;11645;22;11649;14;;;11633.5;0.0
yf_ZW=F_d8;24300;ASH_COATED_OSMIUM;9970;12;9967;17;;;9976;13;9980;27;;;9973.0;0.0
yf_ZW=F_d8;24300;INTARIAN_PEPPER_ROOT;11630;13;11626;20;;;11636;17;11638;21;;;11633.0;0.0
yf_ZW=F_d8;24400;ASH_COATED_OSMIUM;9970;17;9967;21;;;9976;10;9980;20;;;9973.0;0.0
yf_ZW=F_d8;24400;INTARIAN_PEPPER_ROOT;11629;12;11626;20;;;11635;16;11638;18;;;11632.0;0.0
yf_ZW=F_d8;24500;ASH_COATED_OSMIUM;9970;11;9968;19;;;9976;12;9978;20;;;9973.0;0.0
yf_ZW=F_d8;24500;INTARIAN_PEPPER_ROOT;11626;19;11623;21;;;11638;17;11641;14;;;11632.0;0.0
yf_ZW=F_d8;24600;ASH_COATED_OSMIUM;9970;18;9966;14;;;9976;28;9980;17;;;9973.0;0.0
yf_ZW=F_d8;24600;INTARIAN_PEPPER_ROOT;11629;14;11625;22;;;11635;17;11637;19;;;11632.0;0.0
yf_ZW=F_d8;24700;ASH_COATED_OSMIUM;9966;23;9964;23;;;9980;15;9984;17;;;9973.0;0.0
yf_ZW=F_d8;24700;INTARIAN_PEPPER_ROOT;11627;11;11623;24;;;11636;27;11640;19;;;11631.5;0.0
yf_ZW=F_d8;24800;ASH_COATED_OSMIUM;9970;15;9968;23;;;9976;18;9978;21;;;9973.0;0.0
yf_ZW=F_d8;24800;INTARIAN_PEPPER_ROOT;11627;16;11625;11;;;11635;16;11638;24;;;11631.0;0.0
yf_ZW=F_d8;24900;ASH_COATED_OSMIUM;9971;20;9969;12;;;9977;18;9981;22;;;9974.0;0.0
yf_ZW=F_d8;24900;INTARIAN_PEPPER_ROOT;11628;14;11624;23;;;11634;18;11638;17;;;11631.0;0.0
yf_ZW=F_d8;25000;ASH_COATED_OSMIUM;9970;19;9968;20;;;9976;10;9980;16;;;9973.0;0.0
yf_ZW=F_d8;25000;INTARIAN_PEPPER_ROOT;11627;14;11623;24;;;11633;15;11635;14;;;11630.0;0.0
yf_ZW=F_d8;25100;ASH_COATED_OSMIUM;9964;19;9962;12;;;9984;17;9987;24;;;9974.0;0.0
yf_ZW=F_d8;25100;INTARIAN_PEPPER_ROOT;11619;15;11616;20;;;11641;13;11643;11;;;11630.0;0.0
yf_ZW=F_d8;25200;ASH_COATED_OSMIUM;9970;16;9968;28;;;9976;23;9978;18;;;9973.0;0.0
yf_ZW=F_d8;25200;INTARIAN_PEPPER_ROOT;11627;17;11625;15;;;11633;11;11636;25;;;11630.0;0.0
yf_ZW=F_d8;25300;ASH_COATED_OSMIUM;9971;10;9969;15;;;9977;8;9981;23;;;9974.0;0.0
yf_ZW=F_d8;25300;INTARIAN_PEPPER_ROOT;11627;19;11625;28;;;11633;17;11635;24;;;11630.0;0.0
yf_ZW=F_d8;25400;ASH_COATED_OSMIUM;9971;21;9968;23;;;9977;5;9980;24;;;9974.0;0.0
yf_ZW=F_d8;25400;INTARIAN_PEPPER_ROOT;11626;17;11622;25;;;11632;14;11635;14;;;11629.0;0.0
yf_ZW=F_d8;25500;ASH_COATED_OSMIUM;9966;12;9963;17;;;9981;18;9984;24;;;9973.5;0.0
yf_ZW=F_d8;25500;INTARIAN_PEPPER_ROOT;11626;20;11623;23;;;11632;18;11634;23;;;11629.0;0.0
yf_ZW=F_d8;25600;ASH_COATED_OSMIUM;9971;16;9967;17;;;9977;11;9980;14;;;9974.0;0.0
yf_ZW=F_d8;25600;INTARIAN_PEPPER_ROOT;11626;11;11623;19;;;11632;16;11634;22;;;11629.0;0.0
yf_ZW=F_d8;25700;ASH_COATED_OSMIUM;9968;22;9965;26;;;9979;16;9981;18;;;9973.5;0.0
yf_ZW=F_d8;25700;INTARIAN_PEPPER_ROOT;11624;17;11621;15;;;11632;11;11634;21;;;11628.0;0.0
yf_ZW=F_d8;25800;ASH_COATED_OSMIUM;9971;24;9967;32;;;9977;10;9981;19;;;9974.0;0.0
yf_ZW=F_d8;25800;INTARIAN_PEPPER_ROOT;11625;16;11622;21;;;11631;15;11634;27;;;11628.0;0.0
yf_ZW=F_d8;25900;ASH_COATED_OSMIUM;9971;14;9968;20;;;9977;7;9980;22;;;9974.0;0.0
yf_ZW=F_d8;25900;INTARIAN_PEPPER_ROOT;11625;24;11622;15;;;11631;6;11635;19;;;11628.0;0.0
yf_ZW=F_d8;26000;ASH_COATED_OSMIUM;9971;7;9969;23;;;9977;19;9979;19;;;9974.0;0.0
yf_ZW=F_d8;26000;INTARIAN_PEPPER_ROOT;11625;16;11621;33;;;11631;12;11635;19;;;11628.0;0.0
yf_ZW=F_d8;26100;ASH_COATED_OSMIUM;9971;13;9968;14;;;9977;15;9981;20;;;9974.0;0.0
yf_ZW=F_d8;26100;INTARIAN_PEPPER_ROOT;11617;27;11613;16;;;11636;22;11639;16;;;11626.5;0.0
yf_ZW=F_d8;26200;ASH_COATED_OSMIUM;9971;17;9969;24;;;9977;16;9980;17;;;9974.0;0.0
yf_ZW=F_d8;26200;INTARIAN_PEPPER_ROOT;11624;11;11621;23;;;11630;8;11633;18;;;11627.0;0.0
yf_ZW=F_d8;26300;ASH_COATED_OSMIUM;9962;10;9959;23;;;9987;22;9989;19;;;9974.5;0.0
yf_ZW=F_d8;26300;INTARIAN_PEPPER_ROOT;11624;24;11621;16;;;11630;11;11633;19;;;11627.0;0.0
yf_ZW=F_d8;26400;ASH_COATED_OSMIUM;9958;17;9955;8;;;9989;13;9991;24;;;9973.5;0.0
yf_ZW=F_d8;26400;INTARIAN_PEPPER_ROOT;11623;17;11619;14;;;11630;11;11633;13;;;11626.5;0.0
yf_ZW=F_d8;26500;ASH_COATED_OSMIUM;9971;9;9968;33;;;9977;14;9980;18;;;9974.0;0.0
yf_ZW=F_d8;26500;INTARIAN_PEPPER_ROOT;11623;22;11621;15;;;11629;11;11632;21;;;11626.0;0.0
yf_ZW=F_d8;26600;ASH_COATED_OSMIUM;9969;12;9966;22;;;9978;22;9982;25;;;9973.5;0.0
yf_ZW=F_d8;26600;INTARIAN_PEPPER_ROOT;11611;17;11607;16;;;11640;8;11644;12;;;11625.5;0.0
yf_ZW=F_d8;26700;ASH_COATED_OSMIUM;9972;5;9969;12;;;9978;12;9981;22;;;9975.0;0.0
yf_ZW=F_d8;26700;INTARIAN_PEPPER_ROOT;11622;21;11618;21;;;11628;18;11630;18;;;11625.0;0.0
yf_ZW=F_d8;26800;ASH_COATED_OSMIUM;9971;13;9968;28;;;9977;14;9979;23;;;9974.0;0.0
yf_ZW=F_d8;26800;INTARIAN_PEPPER_ROOT;11622;21;11618;8;;;11628;16;11632;23;;;11625.0;0.0
yf_ZW=F_d8;26900;ASH_COATED_OSMIUM;9971;5;9968;18;;;9977;15;9980;19;;;9974.0;0.0
yf_ZW=F_d8;26900;INTARIAN_PEPPER_ROOT;11622;17;11620;18;;;11628;10;11630;20;;;11625.0;0.0
yf_ZW=F_d8;27000;ASH_COATED_OSMIUM;9972;23;9969;16;;;9978;22;9982;23;;;9975.0;0.0
yf_ZW=F_d8;27000;INTARIAN_PEPPER_ROOT;11622;7;11619;14;;;11628;15;11631;11;;;11625.0;0.0
yf_ZW=F_d8;27100;ASH_COATED_OSMIUM;9970;15;9967;35;;;9978;5;9981;18;;;9974.0;0.0
yf_ZW=F_d8;27100;INTARIAN_PEPPER_ROOT;11621;16;11617;12;;;11627;23;11629;18;;;11624.0;0.0
yf_ZW=F_d8;27200;ASH_COATED_OSMIUM;9972;18;9969;19;;;9978;18;9980;19;;;9975.0;0.0
yf_ZW=F_d8;27200;INTARIAN_PEPPER_ROOT;11620;13;11618;13;;;11628;10;11630;18;;;11624.0;0.0
yf_ZW=F_d8;27300;ASH_COATED_OSMIUM;9947;22;9944;13;;;10003;24;10005;25;;;9975.0;0.0
yf_ZW=F_d8;27300;INTARIAN_PEPPER_ROOT;11620;7;11618;19;;;11626;15;11630;17;;;11623.0;0.0
yf_ZW=F_d8;27400;ASH_COATED_OSMIUM;9967;12;9963;25;;;9982;21;9985;13;;;9974.5;0.0
yf_ZW=F_d8;27400;INTARIAN_PEPPER_ROOT;11620;20;11617;12;;;11626;15;11628;22;;;11623.0;0.0
yf_ZW=F_d8;27500;ASH_COATED_OSMIUM;9972;16;9968;20;;;9978;14;9980;18;;;9975.0;0.0
yf_ZW=F_d8;27500;INTARIAN_PEPPER_ROOT;11620;21;11618;25;;;11626;5;11630;18;;;11623.0;0.0
yf_ZW=F_d8;27600;ASH_COATED_OSMIUM;9965;13;9962;16;;;9984;23;9987;13;;;9974.5;0.0
yf_ZW=F_d8;27600;INTARIAN_PEPPER_ROOT;11620;17;11617;17;;;11626;10;11630;17;;;11623.0;0.0
yf_ZW=F_d8;27700;ASH_COATED_OSMIUM;9969;6;9965;21;;;9981;23;9984;14;;;9975.0;0.0
yf_ZW=F_d8;27700;INTARIAN_PEPPER_ROOT;11619;12;11616;10;;;11626;23;11628;18;;;11622.5;0.0
yf_ZW=F_d8;27800;ASH_COATED_OSMIUM;9972;20;9968;21;;;9978;14;9981;26;;;9975.0;0.0
yf_ZW=F_d8;27800;INTARIAN_PEPPER_ROOT;11619;10;11617;28;;;11625;17;11627;25;;;11622.0;0.0
yf_ZW=F_d8;27900;ASH_COATED_OSMIUM;9970;11;9968;13;;;9980;9;9983;23;;;9975.0;0.0
yf_ZW=F_d8;27900;INTARIAN_PEPPER_ROOT;11618;10;11615;25;;;11625;12;11628;28;;;11621.5;0.0
yf_ZW=F_d8;28000;ASH_COATED_OSMIUM;9971;15;9968;12;;;9980;13;9982;17;;;9975.5;0.0
yf_ZW=F_d8;28000;INTARIAN_PEPPER_ROOT;11618;14;11614;10;;;11626;14;11630;14;;;11622.0;0.0
yf_ZW=F_d8;28100;ASH_COATED_OSMIUM;9972;8;9968;16;;;9978;18;9980;25;;;9975.0;0.0
yf_ZW=F_d8;28100;INTARIAN_PEPPER_ROOT;11618;19;11616;20;;;11625;17;11627;15;;;11621.5;0.0
yf_ZW=F_d8;28200;ASH_COATED_OSMIUM;9972;8;9969;11;;;9978;10;9980;18;;;9975.0;0.0
yf_ZW=F_d8;28200;INTARIAN_PEPPER_ROOT;11613;7;11611;15;;;11629;5;11632;23;;;11621.0;0.0
yf_ZW=F_d8;28300;ASH_COATED_OSMIUM;9969;9;9965;20;;;9982;22;9985;24;;;9975.5;0.0
yf_ZW=F_d8;28300;INTARIAN_PEPPER_ROOT;11606;22;11602;25;;;11636;16;11639;16;;;11621.0;0.0
yf_ZW=F_d8;28400;ASH_COATED_OSMIUM;9972;17;9968;21;;;9978;13;9980;20;;;9975.0;0.0
yf_ZW=F_d8;28400;INTARIAN_PEPPER_ROOT;11618;22;11614;18;;;11624;18;11627;25;;;11621.0;0.0
yf_ZW=F_d8;28500;ASH_COATED_OSMIUM;9973;12;9971;21;;;9979;21;9983;30;;;9976.0;0.0
yf_ZW=F_d8;28500;INTARIAN_PEPPER_ROOT;11617;26;11613;20;;;11623;5;11627;18;;;11620.0;0.0
yf_ZW=F_d8;28600;ASH_COATED_OSMIUM;9973;24;9969;24;;;9979;14;9983;18;;;9976.0;0.0
yf_ZW=F_d8;28600;INTARIAN_PEPPER_ROOT;11617;18;11614;27;;;11623;18;11626;30;;;11620.0;0.0
yf_ZW=F_d8;28700;ASH_COATED_OSMIUM;9973;9;9971;12;;;9979;16;9982;21;;;9976.0;0.0
yf_ZW=F_d8;28700;INTARIAN_PEPPER_ROOT;11615;17;11613;24;;;11625;12;11627;21;;;11620.0;0.0
yf_ZW=F_d8;28800;ASH_COATED_OSMIUM;9968;7;9964;16;;;9982;16;9985;26;;;9975.0;0.0
yf_ZW=F_d8;28800;INTARIAN_PEPPER_ROOT;11614;17;11610;15;;;11626;13;11628;17;;;11620.0;0.0
yf_ZW=F_d8;28900;ASH_COATED_OSMIUM;9962;8;9959;19;;;9987;16;9991;23;;;9974.5;0.0
yf_ZW=F_d8;28900;INTARIAN_PEPPER_ROOT;11616;15;11614;20;;;11622;11;11624;15;;;11619.0;0.0
yf_ZW=F_d8;29000;ASH_COATED_OSMIUM;9968;17;9965;30;;;9983;17;9987;17;;;9975.5;0.0
yf_ZW=F_d8;29000;INTARIAN_PEPPER_ROOT;11616;24;11612;20;;;11622;19;11624;12;;;11619.0;0.0
yf_ZW=F_d8;29100;ASH_COATED_OSMIUM;9971;13;9968;24;;;9980;17;9983;14;;;9975.5;0.0
yf_ZW=F_d8;29100;INTARIAN_PEPPER_ROOT;11605;15;11603;18;;;11631;12;11635;9;;;11618.0;0.0
yf_ZW=F_d8;29200;ASH_COATED_OSMIUM;9972;17;9968;14;;;9978;15;9981;24;;;9975.0;0.0
yf_ZW=F_d8;29200;INTARIAN_PEPPER_ROOT;11615;21;11611;23;;;11621;17;11624;13;;;11618.0;0.0
yf_ZW=F_d8;29300;ASH_COATED_OSMIUM;9973;9;9970;19;;;9979;15;9983;21;;;9976.0;0.0
yf_ZW=F_d8;29300;INTARIAN_PEPPER_ROOT;11615;14;11613;17;;;11621;17;11625;13;;;11618.0;0.0
yf_ZW=F_d8;29400;ASH_COATED_OSMIUM;9973;14;9970;19;;;9979;22;9981;26;;;9976.0;0.0
yf_ZW=F_d8;29400;INTARIAN_PEPPER_ROOT;11615;9;11612;25;;;11621;19;11623;16;;;11618.0;0.0
yf_ZW=F_d8;29500;ASH_COATED_OSMIUM;9973;20;9971;13;;;9979;12;9981;15;;;9976.0;0.0
yf_ZW=F_d8;29500;INTARIAN_PEPPER_ROOT;11614;12;11612;26;;;11620;8;11622;17;;;11617.0;0.0
yf_ZW=F_d8;29600;ASH_COATED_OSMIUM;9973;7;9969;13;;;9979;16;9981;19;;;9976.0;0.0
yf_ZW=F_d8;29600;INTARIAN_PEPPER_ROOT;11614;12;11611;20;;;11620;16;11622;28;;;11617.0;0.0
yf_ZW=F_d8;29700;ASH_COATED_OSMIUM;9973;27;9971;14;;;9979;13;9982;26;;;9976.0;0.0
yf_ZW=F_d8;29700;INTARIAN_PEPPER_ROOT;11608;6;11605;8;;;11626;8;11630;16;;;11617.0;0.0
yf_ZW=F_d8;29800;ASH_COATED_OSMIUM;9959;15;9955;19;;;9992;14;9994;31;;;9975.5;0.0
yf_ZW=F_d8;29800;INTARIAN_PEPPER_ROOT;11613;10;11610;22;;;11619;25;11623;14;;;11616.0;0.0
yf_ZW=F_d8;29900;ASH_COATED_OSMIUM;9972;21;9969;12;;;9979;14;9981;28;;;9975.5;0.0
yf_ZW=F_d8;29900;INTARIAN_PEPPER_ROOT;11613;21;11610;18;;;11619;14;11622;8;;;11616.0;0.0
yf_ZW=F_d8;30000;ASH_COATED_OSMIUM;9973;12;9969;23;;;9979;15;9982;24;;;9976.0;0.0
yf_ZW=F_d8;30000;INTARIAN_PEPPER_ROOT;11613;18;11610;12;;;11619;12;11623;24;;;11616.0;0.0
yf_ZW=F_d8;30100;ASH_COATED_OSMIUM;9973;10;9970;11;;;9979;16;9982;11;;;9976.0;0.0
yf_ZW=F_d8;30100;INTARIAN_PEPPER_ROOT;11613;16;11610;20;;;11619;11;11623;22;;;11616.0;0.0
yf_ZW=F_d8;30200;ASH_COATED_OSMIUM;9973;11;9969;13;;;9979;15;9981;19;;;9976.0;0.0
yf_ZW=F_d8;30200;INTARIAN_PEPPER_ROOT;11612;24;11609;23;;;11618;21;11620;16;;;11615.0;0.0
yf_ZW=F_d8;30300;ASH_COATED_OSMIUM;9973;15;9971;20;;;9979;5;9983;10;;;9976.0;0.0
yf_ZW=F_d8;30300;INTARIAN_PEPPER_ROOT;11612;20;11610;19;;;11618;19;11621;16;;;11615.0;0.0
yf_ZW=F_d8;30400;ASH_COATED_OSMIUM;9972;8;9969;27;;;9978;11;9981;19;;;9975.0;0.0
yf_ZW=F_d8;30400;INTARIAN_PEPPER_ROOT;11612;9;11608;25;;;11618;15;11622;21;;;11615.0;0.0
yf_ZW=F_d8;30500;ASH_COATED_OSMIUM;9973;5;9970;18;;;9979;21;9983;28;;;9976.0;0.0
yf_ZW=F_d8;30500;INTARIAN_PEPPER_ROOT;11611;17;11607;17;;;11617;13;11621;12;;;11614.0;0.0
yf_ZW=F_d8;30600;ASH_COATED_OSMIUM;9974;14;9971;17;;;9980;12;9983;9;;;9977.0;0.0
yf_ZW=F_d8;30600;INTARIAN_PEPPER_ROOT;11608;11;11604;15;;;11620;11;11624;18;;;11614.0;0.0
yf_ZW=F_d8;30700;ASH_COATED_OSMIUM;9973;15;9970;23;;;9981;13;9983;20;;;9977.0;0.0
yf_ZW=F_d8;30700;INTARIAN_PEPPER_ROOT;11610;15;11606;17;;;11617;13;11620;18;;;11613.5;0.0
yf_ZW=F_d8;30800;ASH_COATED_OSMIUM;9972;10;9968;21;;;9981;7;9985;16;;;9976.5;0.0
yf_ZW=F_d8;30800;INTARIAN_PEPPER_ROOT;11610;18;11608;18;;;11616;16;11619;20;;;11613.0;0.0
yf_ZW=F_d8;30900;ASH_COATED_OSMIUM;9967;11;9965;19;;;9986;17;9988;24;;;9976.5;0.0
yf_ZW=F_d8;30900;INTARIAN_PEPPER_ROOT;11607;12;11604;18;;;11620;9;11622;22;;;11613.5;0.0
yf_ZW=F_d8;31000;ASH_COATED_OSMIUM;9970;12;9966;25;;;9984;7;9986;17;;;9977.0;0.0
yf_ZW=F_d8;31000;INTARIAN_PEPPER_ROOT;11600;15;11598;23;;;11625;12;11628;24;;;11612.5;0.0
yf_ZW=F_d8;31100;ASH_COATED_OSMIUM;9973;9;9971;31;;;9979;25;9981;16;;;9976.0;0.0
yf_ZW=F_d8;31100;INTARIAN_PEPPER_ROOT;11610;17;11607;24;;;11616;16;11620;20;;;11613.0;0.0
yf_ZW=F_d8;31200;ASH_COATED_OSMIUM;9974;17;9972;23;;;9980;9;9983;10;;;9977.0;0.0
yf_ZW=F_d8;31200;INTARIAN_PEPPER_ROOT;11608;11;11606;14;;;11616;13;11618;9;;;11612.0;0.0
yf_ZW=F_d8;31300;ASH_COATED_OSMIUM;9969;16;9967;17;;;9984;12;9986;23;;;9976.5;0.0
yf_ZW=F_d8;31300;INTARIAN_PEPPER_ROOT;11607;11;11603;29;;;11617;20;11619;23;;;11612.0;0.0
yf_ZW=F_d8;31400;ASH_COATED_OSMIUM;9974;20;9971;17;;;9980;15;9984;16;;;9977.0;0.0
yf_ZW=F_d8;31400;INTARIAN_PEPPER_ROOT;11599;9;11595;15;;;11625;5;11627;16;;;11612.0;0.0
yf_ZW=F_d8;31500;ASH_COATED_OSMIUM;9974;21;9972;18;;;9980;10;9982;18;;;9977.0;0.0
yf_ZW=F_d8;31500;INTARIAN_PEPPER_ROOT;11608;9;11605;22;;;11614;13;11618;28;;;11611.0;0.0
yf_ZW=F_d8;31600;ASH_COATED_OSMIUM;9974;22;9972;19;;;9980;9;9984;23;;;9977.0;0.0
yf_ZW=F_d8;31600;INTARIAN_PEPPER_ROOT;11608;19;11606;19;;;11615;21;11619;19;;;11611.5;0.0
yf_ZW=F_d8;31700;ASH_COATED_OSMIUM;9974;14;9970;17;;;9980;15;9984;19;;;9977.0;0.0
yf_ZW=F_d8;31700;INTARIAN_PEPPER_ROOT;11602;18;11599;20;;;11619;5;11622;16;;;11610.5;0.0
yf_ZW=F_d8;31800;ASH_COATED_OSMIUM;9975;9;9972;16;;;9981;13;9984;18;;;9978.0;0.0
yf_ZW=F_d8;31800;INTARIAN_PEPPER_ROOT;11604;19;11601;22;;;11617;16;11620;21;;;11610.5;0.0
yf_ZW=F_d8;31900;ASH_COATED_OSMIUM;9970;16;9966;17;;;9983;18;9986;21;;;9976.5;0.0
yf_ZW=F_d8;31900;INTARIAN_PEPPER_ROOT;11607;25;11603;18;;;11613;16;11615;11;;;11610.0;0.0
yf_ZW=F_d8;32000;ASH_COATED_OSMIUM;9970;18;9966;24;;;9985;22;9987;27;;;9977.5;0.0
yf_ZW=F_d8;32000;INTARIAN_PEPPER_ROOT;11602;26;11598;24;;;11619;11;11621;10;;;11610.5;0.0
yf_ZW=F_d8;32100;ASH_COATED_OSMIUM;9974;18;9971;19;;;9980;11;9984;22;;;9977.0;0.0
yf_ZW=F_d8;32100;INTARIAN_PEPPER_ROOT;11604;17;11602;13;;;11616;13;11620;16;;;11610.0;0.0
yf_ZW=F_d8;32200;ASH_COATED_OSMIUM;9968;7;9965;28;;;9985;15;9988;23;;;9976.5;0.0
yf_ZW=F_d8;32200;INTARIAN_PEPPER_ROOT;11606;13;11604;27;;;11614;18;11616;24;;;11610.0;0.0
yf_ZW=F_d8;32300;ASH_COATED_OSMIUM;9971;18;9968;8;;;9983;23;9985;23;;;9977.0;0.0
yf_ZW=F_d8;32300;INTARIAN_PEPPER_ROOT;11605;16;11602;29;;;11614;10;11616;26;;;11609.5;0.0
yf_ZW=F_d8;32400;ASH_COATED_OSMIUM;9975;15;9972;21;;;9981;7;9984;17;;;9978.0;0.0
yf_ZW=F_d8;32400;INTARIAN_PEPPER_ROOT;11603;26;11599;17;;;11615;15;11619;22;;;11609.0;0.0
yf_ZW=F_d8;32500;ASH_COATED_OSMIUM;9974;13;9970;17;;;9980;20;9982;20;;;9977.0;0.0
yf_ZW=F_d8;32500;INTARIAN_PEPPER_ROOT;11604;16;11600;17;;;11612;6;11616;16;;;11608.0;0.0
yf_ZW=F_d8;32600;ASH_COATED_OSMIUM;9970;17;9966;16;;;9985;12;9987;15;;;9977.5;0.0
yf_ZW=F_d8;32600;INTARIAN_PEPPER_ROOT;11605;18;11602;24;;;11611;11;11615;15;;;11608.0;0.0
yf_ZW=F_d8;32700;ASH_COATED_OSMIUM;9973;7;9971;14;;;9983;9;9985;21;;;9978.0;0.0
yf_ZW=F_d8;32700;INTARIAN_PEPPER_ROOT;11601;5;11598;21;;;11616;19;11619;8;;;11608.5;0.0
yf_ZW=F_d8;32800;ASH_COATED_OSMIUM;9971;13;9968;23;;;9983;15;9986;16;;;9977.0;0.0
yf_ZW=F_d8;32800;INTARIAN_PEPPER_ROOT;11600;7;11598;16;;;11616;16;11618;13;;;11608.0;0.0
yf_ZW=F_d8;32900;ASH_COATED_OSMIUM;9975;19;9972;13;;;9981;9;9983;22;;;9978.0;0.0
yf_ZW=F_d8;32900;INTARIAN_PEPPER_ROOT;11605;17;11603;12;;;11611;5;11615;16;;;11608.0;0.0
yf_ZW=F_d8;33000;ASH_COATED_OSMIUM;9969;19;9966;26;;;9987;15;9991;18;;;9978.0;0.0
yf_ZW=F_d8;33000;INTARIAN_PEPPER_ROOT;11604;12;11601;19;;;11610;13;11614;17;;;11607.0;0.0
yf_ZW=F_d8;33100;ASH_COATED_OSMIUM;9972;10;9970;20;;;9983;16;9987;27;;;9977.5;0.0
yf_ZW=F_d8;33100;INTARIAN_PEPPER_ROOT;11604;8;11602;22;;;11610;12;11612;32;;;11607.0;0.0
yf_ZW=F_d8;33200;ASH_COATED_OSMIUM;9975;19;9971;25;;;9981;16;9985;21;;;9978.0;0.0
yf_ZW=F_d8;33200;INTARIAN_PEPPER_ROOT;11604;16;11601;19;;;11610;17;11612;19;;;11607.0;0.0
yf_ZW=F_d8;33300;ASH_COATED_OSMIUM;9975;13;9973;19;;;9981;12;9983;22;;;9978.0;0.0
yf_ZW=F_d8;33300;INTARIAN_PEPPER_ROOT;11603;17;11599;19;;;11609;15;11612;20;;;11606.0;0.0
yf_ZW=F_d8;33400;ASH_COATED_OSMIUM;9975;20;9972;18;;;9981;17;9985;17;;;9978.0;0.0
yf_ZW=F_d8;33400;INTARIAN_PEPPER_ROOT;11603;12;11599;28;;;11609;21;11611;26;;;11606.0;0.0
yf_ZW=F_d8;33500;ASH_COATED_OSMIUM;9975;15;9972;25;;;9981;20;9983;21;;;9978.0;0.0
yf_ZW=F_d8;33500;INTARIAN_PEPPER_ROOT;11603;15;11599;18;;;11609;13;11612;32;;;11606.0;0.0
yf_ZW=F_d8;33600;ASH_COATED_OSMIUM;9971;27;9969;27;;;9985;18;9988;16;;;9978.0;0.0
yf_ZW=F_d8;33600;INTARIAN_PEPPER_ROOT;11581;11;11578;21;;;11629;16;11631;23;;;11605.0;0.0
yf_ZW=F_d8;33700;ASH_COATED_OSMIUM;9973;16;9970;20;;;9983;12;9987;23;;;9978.0;0.0
yf_ZW=F_d8;33700;INTARIAN_PEPPER_ROOT;11601;14;11599;8;;;11609;14;11613;16;;;11605.0;0.0
yf_ZW=F_d8;33800;ASH_COATED_OSMIUM;9968;13;9966;21;;;9989;19;9991;17;;;9978.5;0.0
yf_ZW=F_d8;33800;INTARIAN_PEPPER_ROOT;11602;13;11600;14;;;11608;14;11611;22;;;11605.0;0.0
yf_ZW=F_d8;33900;ASH_COATED_OSMIUM;9975;14;9973;21;;;9981;24;9983;15;;;9978.0;0.0
yf_ZW=F_d8;33900;INTARIAN_PEPPER_ROOT;11602;8;11599;11;;;11608;13;11610;18;;;11605.0;0.0
yf_ZW=F_d8;34000;ASH_COATED_OSMIUM;9975;9;9973;11;;;9981;16;9985;19;;;9978.0;0.0
yf_ZW=F_d8;34000;INTARIAN_PEPPER_ROOT;11601;17;11599;22;;;11608;13;11610;16;;;11604.5;0.0
yf_ZW=F_d8;34100;ASH_COATED_OSMIUM;9975;12;9972;23;;;9981;5;9985;19;;;9978.0;0.0
yf_ZW=F_d8;34100;INTARIAN_PEPPER_ROOT;11593;15;11590;25;;;11611;12;11615;17;;;11602.0;0.0
yf_ZW=F_d8;34200;ASH_COATED_OSMIUM;9975;9;9971;18;;;9981;15;9984;18;;;9978.0;0.0
yf_ZW=F_d8;34200;INTARIAN_PEPPER_ROOT;11598;20;11594;22;;;11606;12;11608;27;;;11602.0;0.0
yf_ZW=F_d8;34300;ASH_COATED_OSMIUM;9971;24;9968;18;;;9985;18;9987;18;;;9978.0;0.0
yf_ZW=F_d8;34300;INTARIAN_PEPPER_ROOT;11599;13;11596;15;;;11605;15;11608;19;;;11602.0;0.0
yf_ZW=F_d8;34400;ASH_COATED_OSMIUM;9972;26;9970;19;;;9984;12;9986;19;;;9978.0;0.0
yf_ZW=F_d8;34400;INTARIAN_PEPPER_ROOT;11597;6;11593;22;;;11604;12;11608;16;;;11600.5;0.0
yf_ZW=F_d8;34500;ASH_COATED_OSMIUM;9975;16;9972;28;;;9981;18;9984;31;;;9978.0;0.0
yf_ZW=F_d8;34500;INTARIAN_PEPPER_ROOT;11597;16;11595;12;;;11603;12;11607;9;;;11600.0;0.0
yf_ZW=F_d8;34600;ASH_COATED_OSMIUM;9974;7;9970;18;;;9980;5;9982;12;;;9977.0;0.0
yf_ZW=F_d8;34600;INTARIAN_PEPPER_ROOT;11594;11;11592;26;;;11603;15;11606;21;;;11598.5;0.0
yf_ZW=F_d8;34700;ASH_COATED_OSMIUM;9970;8;9968;21;;;9985;13;9988;15;;;9977.5;0.0
yf_ZW=F_d8;34700;INTARIAN_PEPPER_ROOT;11595;21;11592;17;;;11601;18;11604;23;;;11598.0;0.0
yf_ZW=F_d8;34800;ASH_COATED_OSMIUM;9964;11;9960;21;;;9990;14;9992;23;;;9977.0;0.0
yf_ZW=F_d8;34800;INTARIAN_PEPPER_ROOT;11589;14;11587;8;;;11605;13;11609;21;;;11597.0;0.0
yf_ZW=F_d8;34900;ASH_COATED_OSMIUM;9974;12;9970;23;;;9980;15;9984;25;;;9977.0;0.0
yf_ZW=F_d8;34900;INTARIAN_PEPPER_ROOT;11593;10;11591;18;;;11599;9;11602;19;;;11596.0;0.0
yf_ZW=F_d8;35000;ASH_COATED_OSMIUM;9974;12;9972;19;;;9980;14;9983;11;;;9977.0;0.0
yf_ZW=F_d8;35000;INTARIAN_PEPPER_ROOT;11593;16;11589;18;;;11599;16;11602;9;;;11596.0;0.0
yf_ZW=F_d8;35100;ASH_COATED_OSMIUM;9958;14;9954;20;;;9995;18;9997;26;;;9976.5;0.0
yf_ZW=F_d8;35100;INTARIAN_PEPPER_ROOT;11582;13;11578;20;;;11609;9;11611;20;;;11595.5;0.0
yf_ZW=F_d8;35200;ASH_COATED_OSMIUM;9974;14;9972;8;;;9980;18;9982;22;;;9977.0;0.0
yf_ZW=F_d8;35200;INTARIAN_PEPPER_ROOT;11592;16;11589;24;;;11598;7;11601;23;;;11595.0;0.0
yf_ZW=F_d8;35300;ASH_COATED_OSMIUM;9971;16;9969;19;;;9982;25;9984;16;;;9976.5;0.0
yf_ZW=F_d8;35300;INTARIAN_PEPPER_ROOT;11591;23;11587;22;;;11597;5;11599;18;;;11594.0;0.0
yf_ZW=F_d8;35400;ASH_COATED_OSMIUM;9974;18;9970;27;;;9980;5;9984;24;;;9977.0;0.0
yf_ZW=F_d8;35400;INTARIAN_PEPPER_ROOT;11590;16;11588;23;;;11596;20;11598;23;;;11593.0;0.0
yf_ZW=F_d8;35500;ASH_COATED_OSMIUM;9974;17;9971;20;;;9980;18;9984;25;;;9977.0;0.0
yf_ZW=F_d8;35500;INTARIAN_PEPPER_ROOT;11589;8;11585;21;;;11595;5;11598;26;;;11592.0;0.0
yf_ZW=F_d8;35600;ASH_COATED_OSMIUM;9973;18;9970;17;;;9979;11;9982;21;;;9976.0;0.0
yf_ZW=F_d8;35600;INTARIAN_PEPPER_ROOT;11588;13;11586;30;;;11594;12;11596;22;;;11591.0;0.0
yf_ZW=F_d8;35700;ASH_COATED_OSMIUM;9973;11;9970;17;;;9979;15;9983;28;;;9976.0;0.0
yf_ZW=F_d8;35700;INTARIAN_PEPPER_ROOT;11587;8;11585;11;;;11593;12;11597;21;;;11590.0;0.0
yf_ZW=F_d8;35800;ASH_COATED_OSMIUM;9973;5;9969;21;;;9979;19;9981;17;;;9976.0;0.0
yf_ZW=F_d8;35800;INTARIAN_PEPPER_ROOT;11586;13;11584;22;;;11592;22;11595;23;;;11589.0;0.0
yf_ZW=F_d8;35900;ASH_COATED_OSMIUM;9970;18;9968;12;;;9982;17;9985;27;;;9976.0;0.0
yf_ZW=F_d8;35900;INTARIAN_PEPPER_ROOT;11584;25;11581;20;;;11595;14;11597;20;;;11589.5;0.0
yf_ZW=F_d8;36000;ASH_COATED_OSMIUM;9973;14;9971;24;;;9979;9;9983;22;;;9976.0;0.0
yf_ZW=F_d8;36000;INTARIAN_PEPPER_ROOT;11585;18;11581;15;;;11593;5;11597;23;;;11589.0;0.0
yf_ZW=F_d8;36100;ASH_COATED_OSMIUM;9971;15;9968;24;;;9981;10;9984;17;;;9976.0;0.0
yf_ZW=F_d8;36100;INTARIAN_PEPPER_ROOT;11584;6;11582;25;;;11590;20;11594;24;;;11587.0;0.0
yf_ZW=F_d8;36200;ASH_COATED_OSMIUM;9972;13;9970;18;;;9978;21;9980;24;;;9975.0;0.0
yf_ZW=F_d8;36200;INTARIAN_PEPPER_ROOT;11584;13;11582;19;;;11591;17;11594;25;;;11587.5;0.0
yf_ZW=F_d8;36300;ASH_COATED_OSMIUM;9965;10;9962;22;;;9986;15;9988;20;;;9975.5;0.0
yf_ZW=F_d8;36300;INTARIAN_PEPPER_ROOT;11576;20;11572;25;;;11596;14;11600;19;;;11586.0;0.0
yf_ZW=F_d8;36400;ASH_COATED_OSMIUM;9972;10;9970;21;;;9979;20;9982;18;;;9975.5;0.0
yf_ZW=F_d8;36400;INTARIAN_PEPPER_ROOT;11580;15;11576;19;;;11590;18;11594;32;;;11585.0;0.0
yf_ZW=F_d8;36500;ASH_COATED_OSMIUM;9972;7;9968;31;;;9979;20;9981;24;;;9975.5;0.0
yf_ZW=F_d8;36500;INTARIAN_PEPPER_ROOT;11579;6;11577;30;;;11590;9;11593;24;;;11584.5;0.0
yf_ZW=F_d8;36600;ASH_COATED_OSMIUM;9972;23;9969;13;;;9978;25;9981;14;;;9975.0;0.0
yf_ZW=F_d8;36600;INTARIAN_PEPPER_ROOT;11581;15;11577;20;;;11587;19;11590;24;;;11584.0;0.0
yf_ZW=F_d8;36700;ASH_COATED_OSMIUM;9972;20;9969;26;;;9978;11;9982;24;;;9975.0;0.0
yf_ZW=F_d8;36700;INTARIAN_PEPPER_ROOT;11578;11;11574;17;;;11587;10;11591;9;;;11582.5;0.0
yf_ZW=F_d8;36800;ASH_COATED_OSMIUM;9972;10;9968;18;;;9978;21;9980;18;;;9975.0;0.0
yf_ZW=F_d8;36800;INTARIAN_PEPPER_ROOT;11580;14;11576;21;;;11586;6;11588;11;;;11583.0;0.0
yf_ZW=F_d8;36900;ASH_COATED_OSMIUM;9972;11;9970;16;;;9978;10;9982;20;;;9975.0;0.0
yf_ZW=F_d8;36900;INTARIAN_PEPPER_ROOT;11578;13;11574;25;;;11584;14;11588;21;;;11581.0;0.0
yf_ZW=F_d8;37000;ASH_COATED_OSMIUM;9972;18;9969;35;;;9978;12;9981;20;;;9975.0;0.0
yf_ZW=F_d8;37000;INTARIAN_PEPPER_ROOT;11578;17;11574;18;;;11584;17;11588;19;;;11581.0;0.0
yf_ZW=F_d8;37100;ASH_COATED_OSMIUM;9972;13;9969;16;;;9978;19;9982;25;;;9975.0;0.0
yf_ZW=F_d8;37100;INTARIAN_PEPPER_ROOT;11577;22;11575;25;;;11583;13;11585;29;;;11580.0;0.0
yf_ZW=F_d8;37200;ASH_COATED_OSMIUM;9971;17;9967;24;;;9978;9;9982;25;;;9974.5;0.0
yf_ZW=F_d8;37200;INTARIAN_PEPPER_ROOT;11567;10;11563;19;;;11591;10;11593;15;;;11579.0;0.0
yf_ZW=F_d8;37300;ASH_COATED_OSMIUM;9972;14;9970;14;;;9978;11;9982;21;;;9975.0;0.0
yf_ZW=F_d8;37300;INTARIAN_PEPPER_ROOT;11575;14;11572;23;;;11583;15;11587;24;;;11579.0;0.0
yf_ZW=F_d8;37400;ASH_COATED_OSMIUM;9971;11;9967;27;;;9977;7;9981;19;;;9974.0;0.0
yf_ZW=F_d8;37400;INTARIAN_PEPPER_ROOT;11574;19;11571;25;;;11580;19;11583;21;;;11577.0;0.0
yf_ZW=F_d8;37500;ASH_COATED_OSMIUM;9971;16;9968;15;;;9977;15;9980;13;;;9974.0;0.0
yf_ZW=F_d8;37500;INTARIAN_PEPPER_ROOT;11574;15;11572;14;;;11580;12;11584;19;;;11577.0;0.0
yf_ZW=F_d8;37600;ASH_COATED_OSMIUM;9959;17;9956;23;;;9988;19;9992;23;;;9973.5;0.0
yf_ZW=F_d8;37600;INTARIAN_PEPPER_ROOT;11567;14;11565;16;;;11585;10;11589;11;;;11576.0;0.0
yf_ZW=F_d8;37700;ASH_COATED_OSMIUM;9970;13;9967;25;;;9977;18;9979;21;;;9973.5;0.0
yf_ZW=F_d8;37700;INTARIAN_PEPPER_ROOT;11566;6;11564;11;;;11584;21;11588;15;;;11575.0;0.0
yf_ZW=F_d8;37800;ASH_COATED_OSMIUM;9971;19;9969;13;;;9977;5;9980;21;;;9974.0;0.0
yf_ZW=F_d8;37800;INTARIAN_PEPPER_ROOT;11571;10;11569;27;;;11577;21;11579;11;;;11574.0;0.0
yf_ZW=F_d8;37900;ASH_COATED_OSMIUM;9971;13;9969;18;;;9977;6;9979;27;;;9974.0;0.0
yf_ZW=F_d8;37900;INTARIAN_PEPPER_ROOT;11569;12;11565;15;;;11578;18;11580;24;;;11573.5;0.0
yf_ZW=F_d8;38000;ASH_COATED_OSMIUM;9967;12;9965;21;;;9980;17;9982;27;;;9973.5;0.0
yf_ZW=F_d8;38000;INTARIAN_PEPPER_ROOT;11569;30;11565;8;;;11576;15;11579;23;;;11572.5;0.0
yf_ZW=F_d8;38100;ASH_COATED_OSMIUM;9970;9;9966;23;;;9976;8;9978;17;;;9973.0;0.0
yf_ZW=F_d8;38100;INTARIAN_PEPPER_ROOT;11568;20;11565;13;;;11578;14;11581;17;;;11573.0;0.0
yf_ZW=F_d8;38200;ASH_COATED_OSMIUM;9970;12;9967;16;;;9978;19;9980;12;;;9974.0;0.0
yf_ZW=F_d8;38200;INTARIAN_PEPPER_ROOT;11567;16;11563;20;;;11577;16;11581;13;;;11572.0;0.0
yf_ZW=F_d8;38300;ASH_COATED_OSMIUM;9970;5;9966;22;;;9976;7;9978;33;;;9973.0;0.0
yf_ZW=F_d8;38300;INTARIAN_PEPPER_ROOT;11567;14;11564;13;;;11574;22;11578;13;;;11570.5;0.0
yf_ZW=F_d8;38400;ASH_COATED_OSMIUM;9971;17;9968;20;;;9977;20;9979;9;;;9974.0;0.0
yf_ZW=F_d8;38400;INTARIAN_PEPPER_ROOT;11567;6;11563;11;;;11574;15;11578;16;;;11570.5;0.0
yf_ZW=F_d8;38500;ASH_COATED_OSMIUM;9970;21;9968;23;;;9977;20;9980;18;;;9973.5;0.0
yf_ZW=F_d8;38500;INTARIAN_PEPPER_ROOT;11564;17;11560;15;;;11575;6;11577;17;;;11569.5;0.0
yf_ZW=F_d8;38600;ASH_COATED_OSMIUM;9970;18;9968;23;;;9976;10;9979;19;;;9973.0;0.0
yf_ZW=F_d8;38600;INTARIAN_PEPPER_ROOT;11565;5;11562;23;;;11571;17;11574;30;;;11568.0;0.0
yf_ZW=F_d8;38700;ASH_COATED_OSMIUM;9968;15;9964;24;;;9979;7;9981;21;;;9973.5;0.0
yf_ZW=F_d8;38700;INTARIAN_PEPPER_ROOT;11552;24;11549;23;;;11584;7;11588;23;;;11568.0;0.0
yf_ZW=F_d8;38800;ASH_COATED_OSMIUM;9969;15;9966;16;;;9977;16;9981;16;;;9973.0;0.0
yf_ZW=F_d8;38800;INTARIAN_PEPPER_ROOT;11563;18;11560;21;;;11571;18;11574;19;;;11567.0;0.0
yf_ZW=F_d8;38900;ASH_COATED_OSMIUM;9970;13;9966;28;;;9976;30;9980;18;;;9973.0;0.0
yf_ZW=F_d8;38900;INTARIAN_PEPPER_ROOT;11559;17;11555;25;;;11574;18;11577;21;;;11566.5;0.0
yf_ZW=F_d8;39000;ASH_COATED_OSMIUM;9970;7;9967;13;;;9976;13;9979;17;;;9973.0;0.0
yf_ZW=F_d8;39000;INTARIAN_PEPPER_ROOT;11553;21;11549;23;;;11577;12;11580;15;;;11565.0;0.0
yf_ZW=F_d8;39100;ASH_COATED_OSMIUM;9965;8;9963;11;;;9980;15;9984;18;;;9972.5;0.0
yf_ZW=F_d8;39100;INTARIAN_PEPPER_ROOT;11561;10;11559;14;;;11567;18;11569;19;;;11564.0;0.0
yf_ZW=F_d8;39200;ASH_COATED_OSMIUM;9970;24;9966;22;;;9976;15;9980;14;;;9973.0;0.0
yf_ZW=F_d8;39200;INTARIAN_PEPPER_ROOT;11560;12;11556;18;;;11566;9;11569;9;;;11563.0;0.0
yf_ZW=F_d8;39300;ASH_COATED_OSMIUM;9967;12;9965;23;;;9978;13;9982;16;;;9972.5;0.0
yf_ZW=F_d8;39300;INTARIAN_PEPPER_ROOT;11560;14;11556;13;;;11566;18;11569;22;;;11563.0;0.0
yf_ZW=F_d8;39400;ASH_COATED_OSMIUM;9967;5;9965;15;;;9976;20;9980;22;;;9971.5;0.0
yf_ZW=F_d8;39400;INTARIAN_PEPPER_ROOT;11553;13;11550;22;;;11572;10;11574;19;;;11562.5;0.0
yf_ZW=F_d8;39500;ASH_COATED_OSMIUM;9966;10;9963;13;;;9978;14;9981;10;;;9972.0;0.0
yf_ZW=F_d8;39500;INTARIAN_PEPPER_ROOT;11558;9;11554;20;;;11565;17;11567;28;;;11561.5;0.0
yf_ZW=F_d8;39600;ASH_COATED_OSMIUM;9969;6;9966;17;;;9975;17;9978;14;;;9972.0;0.0
yf_ZW=F_d8;39600;INTARIAN_PEPPER_ROOT;11558;8;11556;11;;;11564;15;11566;16;;;11561.0;0.0
yf_ZW=F_d8;39700;ASH_COATED_OSMIUM;9962;6;9959;14;;;9984;27;9986;19;;;9973.0;0.0
yf_ZW=F_d8;39700;INTARIAN_PEPPER_ROOT;11556;29;11554;14;;;11563;14;11567;19;;;11559.5;0.0
yf_ZW=F_d8;39800;ASH_COATED_OSMIUM;9969;19;9966;16;;;9975;13;9977;13;;;9972.0;0.0
yf_ZW=F_d8;39800;INTARIAN_PEPPER_ROOT;11556;17;11554;16;;;11562;19;11564;20;;;11559.0;0.0
yf_ZW=F_d8;39900;ASH_COATED_OSMIUM;9969;11;9966;21;;;9975;15;9977;25;;;9972.0;0.0
yf_ZW=F_d8;39900;INTARIAN_PEPPER_ROOT;11555;5;11552;18;;;11561;12;11565;9;;;11558.0;0.0
yf_ZW=F_d8;40000;ASH_COATED_OSMIUM;9969;14;9966;22;;;9975;9;9979;20;;;9972.0;0.0
yf_ZW=F_d8;40000;INTARIAN_PEPPER_ROOT;11555;17;11553;17;;;11561;10;11564;16;;;11558.0;0.0
yf_ZW=F_d8;40100;ASH_COATED_OSMIUM;9967;13;9964;22;;;9976;12;9978;18;;;9971.5;0.0
yf_ZW=F_d8;40100;INTARIAN_PEPPER_ROOT;11554;14;11551;30;;;11560;18;11562;20;;;11557.0;0.0
yf_ZW=F_d8;40200;ASH_COATED_OSMIUM;9965;12;9962;21;;;9979;14;9981;24;;;9972.0;0.0
yf_ZW=F_d8;40200;INTARIAN_PEPPER_ROOT;11553;15;11549;15;;;11561;14;11564;27;;;11557.0;0.0
yf_ZW=F_d8;40300;ASH_COATED_OSMIUM;9968;18;9964;18;;;9974;9;9976;23;;;9971.0;0.0
yf_ZW=F_d8;40300;INTARIAN_PEPPER_ROOT;11553;12;11549;25;;;11559;12;11562;20;;;11556.0;0.0
yf_ZW=F_d8;40400;ASH_COATED_OSMIUM;9958;8;9954;24;;;9984;14;9987;19;;;9971.0;0.0
yf_ZW=F_d8;40400;INTARIAN_PEPPER_ROOT;11551;14;11549;22;;;11557;18;11559;19;;;11554.0;0.0
yf_ZW=F_d8;40500;ASH_COATED_OSMIUM;9968;18;9966;24;;;9974;17;9976;20;;;9971.0;0.0
yf_ZW=F_d8;40500;INTARIAN_PEPPER_ROOT;11549;6;11545;23;;;11559;16;11562;16;;;11554.0;0.0
yf_ZW=F_d8;40600;ASH_COATED_OSMIUM;9967;10;9965;16;;;9975;7;9979;19;;;9971.0;0.0
yf_ZW=F_d8;40600;INTARIAN_PEPPER_ROOT;11550;10;11547;19;;;11557;20;11559;11;;;11553.5;0.0
yf_ZW=F_d8;40700;ASH_COATED_OSMIUM;9964;5;9961;17;;;9977;18;9981;26;;;9970.5;0.0
yf_ZW=F_d8;40700;INTARIAN_PEPPER_ROOT;11549;15;11546;21;;;11555;16;11559;17;;;11552.0;0.0
yf_ZW=F_d8;40800;ASH_COATED_OSMIUM;9968;18;9964;16;;;9974;14;9976;9;;;9971.0;0.0
yf_ZW=F_d8;40800;INTARIAN_PEPPER_ROOT;11547;19;11544;21;;;11557;17;11561;25;;;11552.0;0.0
yf_ZW=F_d8;40900;ASH_COATED_OSMIUM;9967;12;9965;26;;;9975;13;9979;20;;;9971.0;0.0
yf_ZW=F_d8;40900;INTARIAN_PEPPER_ROOT;11548;18;11546;27;;;11554;20;11557;18;;;11551.0;0.0
yf_ZW=F_d8;41000;ASH_COATED_OSMIUM;9962;15;9959;21;;;9978;14;9982;21;;;9970.0;0.0
yf_ZW=F_d8;41000;INTARIAN_PEPPER_ROOT;11547;13;11545;22;;;11553;17;11557;13;;;11550.0;0.0
yf_ZW=F_d8;41100;ASH_COATED_OSMIUM;9967;15;9963;29;;;9975;13;9978;14;;;9971.0;0.0
yf_ZW=F_d8;41100;INTARIAN_PEPPER_ROOT;11546;7;11542;19;;;11552;11;11555;27;;;11549.0;0.0
yf_ZW=F_d8;41200;ASH_COATED_OSMIUM;9967;13;9963;24;;;9973;15;9976;26;;;9970.0;0.0
yf_ZW=F_d8;41200;INTARIAN_PEPPER_ROOT;11535;5;11531;20;;;11561;24;11565;25;;;11548.0;0.0
yf_ZW=F_d8;41300;ASH_COATED_OSMIUM;9968;8;9965;10;;;9974;17;9977;14;;;9971.0;0.0
yf_ZW=F_d8;41300;INTARIAN_PEPPER_ROOT;11544;5;11542;22;;;11550;5;11553;20;;;11547.0;0.0
yf_ZW=F_d8;41400;ASH_COATED_OSMIUM;9963;20;9960;15;;;9977;7;9980;22;;;9970.0;0.0
yf_ZW=F_d8;41400;INTARIAN_PEPPER_ROOT;11543;14;11540;15;;;11549;21;11553;22;;;11546.0;0.0
yf_ZW=F_d8;41500;ASH_COATED_OSMIUM;9967;13;9965;22;;;9973;8;9977;23;;;9970.0;0.0
yf_ZW=F_d8;41500;INTARIAN_PEPPER_ROOT;11536;18;11533;19;;;11557;10;11559;21;;;11546.5;0.0
yf_ZW=F_d8;41600;ASH_COATED_OSMIUM;9965;19;9961;15;;;9976;12;9980;19;;;9970.5;0.0
yf_ZW=F_d8;41600;INTARIAN_PEPPER_ROOT;11542;11;11540;20;;;11548;16;11551;11;;;11545.0;0.0
yf_ZW=F_d8;41700;ASH_COATED_OSMIUM;9967;14;9964;22;;;9974;17;9977;16;;;9970.5;0.0
yf_ZW=F_d8;41700;INTARIAN_PEPPER_ROOT;11540;18;11538;26;;;11551;25;11554;14;;;11545.5;0.0
yf_ZW=F_d8;41800;ASH_COATED_OSMIUM;9967;14;9963;16;;;9973;10;9975;25;;;9970.0;0.0
yf_ZW=F_d8;41800;INTARIAN_PEPPER_ROOT;11541;19;11539;16;;;11547;5;11551;21;;;11544.0;0.0
yf_ZW=F_d8;41900;ASH_COATED_OSMIUM;9967;19;9964;21;;;9973;7;9976;29;;;9970.0;0.0
yf_ZW=F_d8;41900;INTARIAN_PEPPER_ROOT;11536;6;11532;15;;;11550;19;11554;17;;;11543.0;0.0
yf_ZW=F_d8;42000;ASH_COATED_OSMIUM;9967;17;9964;30;;;9973;18;9975;20;;;9970.0;0.0
yf_ZW=F_d8;42000;INTARIAN_PEPPER_ROOT;11540;15;11537;21;;;11546;17;11549;20;;;11543.0;0.0
yf_ZW=F_d8;42100;ASH_COATED_OSMIUM;9950;7;9948;20;;;9989;9;9992;12;;;9969.5;0.0
yf_ZW=F_d8;42100;INTARIAN_PEPPER_ROOT;11527;12;11525;19;;;11555;9;11557;9;;;11541.0;0.0
yf_ZW=F_d8;42200;ASH_COATED_OSMIUM;9966;12;9964;26;;;9972;11;9976;21;;;9969.0;0.0
yf_ZW=F_d8;42200;INTARIAN_PEPPER_ROOT;11535;11;11531;21;;;11547;16;11550;25;;;11541.0;0.0
yf_ZW=F_d8;42300;ASH_COATED_OSMIUM;9966;15;9962;21;;;9972;12;9976;14;;;9969.0;0.0
yf_ZW=F_d8;42300;INTARIAN_PEPPER_ROOT;11528;18;11524;25;;;11551;15;11554;22;;;11539.5;0.0
yf_ZW=F_d8;42400;ASH_COATED_OSMIUM;9966;9;9963;21;;;9972;14;9974;17;;;9969.0;0.0
yf_ZW=F_d8;42400;INTARIAN_PEPPER_ROOT;11528;18;11526;18;;;11551;10;11553;17;;;11539.5;0.0
yf_ZW=F_d8;42500;ASH_COATED_OSMIUM;9966;11;9964;20;;;9972;12;9975;24;;;9969.0;0.0
yf_ZW=F_d8;42500;INTARIAN_PEPPER_ROOT;11531;17;11528;28;;;11545;12;11548;21;;;11538.0;0.0
yf_ZW=F_d8;42600;ASH_COATED_OSMIUM;9967;19;9965;23;;;9973;10;9975;24;;;9970.0;0.0
yf_ZW=F_d8;42600;INTARIAN_PEPPER_ROOT;11535;18;11533;17;;;11541;12;11543;20;;;11538.0;0.0
yf_ZW=F_d8;42700;ASH_COATED_OSMIUM;9966;22;9963;14;;;9972;17;9974;19;;;9969.0;0.0
yf_ZW=F_d8;42700;INTARIAN_PEPPER_ROOT;11534;11;11530;21;;;11540;15;11542;22;;;11537.0;0.0
yf_ZW=F_d8;42800;ASH_COATED_OSMIUM;9963;12;9959;17;;;9975;20;9977;18;;;9969.0;0.0
yf_ZW=F_d8;42800;INTARIAN_PEPPER_ROOT;11533;13;11530;21;;;11539;22;11543;18;;;11536.0;0.0
yf_ZW=F_d8;42900;ASH_COATED_OSMIUM;9965;5;9961;21;;;9972;13;9974;14;;;9968.5;0.0
yf_ZW=F_d8;42900;INTARIAN_PEPPER_ROOT;11532;18;11528;20;;;11538;15;11542;17;;;11535.0;0.0
yf_ZW=F_d8;43000;ASH_COATED_OSMIUM;9949;13;9945;16;;;9988;15;9990;18;;;9968.5;0.0
yf_ZW=F_d8;43000;INTARIAN_PEPPER_ROOT;11532;18;11529;24;;;11538;15;11542;22;;;11535.0;0.0
yf_ZW=F_d8;43100;ASH_COATED_OSMIUM;9965;16;9963;28;;;9971;15;9973;18;;;9968.0;0.0
yf_ZW=F_d8;43100;INTARIAN_PEPPER_ROOT;11531;23;11529;16;;;11537;17;11541;25;;;11534.0;0.0
yf_ZW=F_d8;43200;ASH_COATED_OSMIUM;9965;15;9962;17;;;9971;10;9973;17;;;9968.0;0.0
yf_ZW=F_d8;43200;INTARIAN_PEPPER_ROOT;11530;5;11526;23;;;11536;10;11538;21;;;11533.0;0.0
yf_ZW=F_d8;43300;ASH_COATED_OSMIUM;9962;13;9959;16;;;9976;13;9979;23;;;9969.0;0.0
yf_ZW=F_d8;43300;INTARIAN_PEPPER_ROOT;11530;13;11527;18;;;11536;20;11539;12;;;11533.0;0.0
yf_ZW=F_d8;43400;ASH_COATED_OSMIUM;9964;24;9962;16;;;9972;13;9976;22;;;9968.0;0.0
yf_ZW=F_d8;43400;INTARIAN_PEPPER_ROOT;11528;14;11525;22;;;11535;18;11538;26;;;11531.5;0.0
yf_ZW=F_d8;43500;ASH_COATED_OSMIUM;9961;17;9959;21;;;9974;17;9977;22;;;9967.5;0.0
yf_ZW=F_d8;43500;INTARIAN_PEPPER_ROOT;11516;13;11514;20;;;11546;20;11549;25;;;11531.0;0.0
yf_ZW=F_d8;43600;ASH_COATED_OSMIUM;9962;14;9960;29;;;9975;17;9978;20;;;9968.5;0.0
yf_ZW=F_d8;43600;INTARIAN_PEPPER_ROOT;11527;6;11524;35;;;11533;15;11537;28;;;11530.0;0.0
yf_ZW=F_d8;43700;ASH_COATED_OSMIUM;9965;9;9961;22;;;9971;23;9974;23;;;9968.0;0.0
yf_ZW=F_d8;43700;INTARIAN_PEPPER_ROOT;11522;14;11518;13;;;11537;15;11539;21;;;11529.5;0.0
yf_ZW=F_d8;43800;ASH_COATED_OSMIUM;9963;26;9959;18;;;9973;12;9976;19;;;9968.0;0.0
yf_ZW=F_d8;43800;INTARIAN_PEPPER_ROOT;11521;29;11518;19;;;11536;21;11540;20;;;11528.5;0.0
yf_ZW=F_d8;43900;ASH_COATED_OSMIUM;9964;12;9960;20;;;9970;27;9972;17;;;9967.0;0.0
yf_ZW=F_d8;43900;INTARIAN_PEPPER_ROOT;11522;12;11520;17;;;11534;16;11538;25;;;11528.0;0.0
yf_ZW=F_d8;44000;ASH_COATED_OSMIUM;9962;23;9960;19;;;9972;27;9976;20;;;9967.0;0.0
yf_ZW=F_d8;44000;INTARIAN_PEPPER_ROOT;11524;21;11521;23;;;11530;13;11534;16;;;11527.0;0.0
yf_ZW=F_d8;44100;ASH_COATED_OSMIUM;9964;17;9961;20;;;9970;9;9973;21;;;9967.0;0.0
yf_ZW=F_d8;44100;INTARIAN_PEPPER_ROOT;11523;13;11521;20;;;11530;16;11532;15;;;11526.5;0.0
yf_ZW=F_d8;44200;ASH_COATED_OSMIUM;9964;16;9962;18;;;9972;17;9974;26;;;9968.0;0.0
yf_ZW=F_d8;44200;INTARIAN_PEPPER_ROOT;11523;20;11520;18;;;11529;19;11532;16;;;11526.0;0.0
yf_ZW=F_d8;44300;ASH_COATED_OSMIUM;9956;10;9952;18;;;9978;10;9980;17;;;9967.0;0.0
yf_ZW=F_d8;44300;INTARIAN_PEPPER_ROOT;11521;14;11519;21;;;11530;18;11532;15;;;11525.5;0.0
yf_ZW=F_d8;44400;ASH_COATED_OSMIUM;9957;14;9953;16;;;9979;9;9982;22;;;9968.0;0.0
yf_ZW=F_d8;44400;INTARIAN_PEPPER_ROOT;11521;6;11517;25;;;11527;20;11531;18;;;11524.0;0.0
yf_ZW=F_d8;44500;ASH_COATED_OSMIUM;9961;14;9957;23;;;9974;15;9978;20;;;9967.5;0.0
yf_ZW=F_d8;44500;INTARIAN_PEPPER_ROOT;11516;14;11513;26;;;11530;16;11534;20;;;11523.0;0.0
yf_ZW=F_d8;44600;ASH_COATED_OSMIUM;9964;8;9960;27;;;9970;20;9973;13;;;9967.0;0.0
yf_ZW=F_d8;44600;INTARIAN_PEPPER_ROOT;11519;14;11515;19;;;11526;12;11529;21;;;11522.5;0.0
yf_ZW=F_d8;44700;ASH_COATED_OSMIUM;9963;8;9959;24;;;9970;15;9972;11;;;9966.5;0.0
yf_ZW=F_d8;44700;INTARIAN_PEPPER_ROOT;11519;5;11516;19;;;11525;8;11527;19;;;11522.0;0.0
yf_ZW=F_d8;44800;ASH_COATED_OSMIUM;9964;18;9960;17;;;9970;15;9973;19;;;9967.0;0.0
yf_ZW=F_d8;44800;INTARIAN_PEPPER_ROOT;11518;11;11514;22;;;11524;11;11527;24;;;11521.0;0.0
yf_ZW=F_d8;44900;ASH_COATED_OSMIUM;9963;13;9961;19;;;9969;12;9972;21;;;9966.0;0.0
yf_ZW=F_d8;44900;INTARIAN_PEPPER_ROOT;11516;17;11514;15;;;11526;11;11530;17;;;11521.0;0.0
yf_ZW=F_d8;45000;ASH_COATED_OSMIUM;9962;12;9958;14;;;9970;15;9972;22;;;9966.0;0.0
yf_ZW=F_d8;45000;INTARIAN_PEPPER_ROOT;11508;15;11505;19;;;11530;9;11534;20;;;11519.0;0.0
yf_ZW=F_d8;45100;ASH_COATED_OSMIUM;9959;13;9957;16;;;9973;12;9976;18;;;9966.0;0.0
yf_ZW=F_d8;45100;INTARIAN_PEPPER_ROOT;11512;8;11508;19;;;11525;9;11529;18;;;11518.5;0.0
yf_ZW=F_d8;45200;ASH_COATED_OSMIUM;9961;16;9958;18;;;9971;16;9973;15;;;9966.0;0.0
yf_ZW=F_d8;45200;INTARIAN_PEPPER_ROOT;11516;19;11512;21;;;11522;27;11525;25;;;11519.0;0.0
yf_ZW=F_d8;45300;ASH_COATED_OSMIUM;9957;12;9954;16;;;9974;22;9976;27;;;9965.5;0.0
yf_ZW=F_d8;45300;INTARIAN_PEPPER_ROOT;11514;20;11512;29;;;11520;8;11522;17;;;11517.0;0.0
yf_ZW=F_d8;45400;ASH_COATED_OSMIUM;9963;5;9959;21;;;9969;9;9972;17;;;9966.0;0.0
yf_ZW=F_d8;45400;INTARIAN_PEPPER_ROOT;11513;21;11510;9;;;11519;15;11523;26;;;11516.0;0.0
yf_ZW=F_d8;45500;ASH_COATED_OSMIUM;9963;15;9961;24;;;9969;17;9973;21;;;9966.0;0.0
yf_ZW=F_d8;45500;INTARIAN_PEPPER_ROOT;11513;9;11510;15;;;11519;17;11522;20;;;11516.0;0.0
yf_ZW=F_d8;45600;ASH_COATED_OSMIUM;9963;9;9960;16;;;9969;9;9971;21;;;9966.0;0.0
yf_ZW=F_d8;45600;INTARIAN_PEPPER_ROOT;11511;20;11507;22;;;11517;13;11521;25;;;11514.0;0.0
yf_ZW=F_d8;45700;ASH_COATED_OSMIUM;9962;18;9958;20;;;9968;16;9972;21;;;9965.0;0.0
yf_ZW=F_d8;45700;INTARIAN_PEPPER_ROOT;11511;21;11509;17;;;11517;19;11520;23;;;11514.0;0.0
yf_ZW=F_d8;45800;ASH_COATED_OSMIUM;9960;16;9956;21;;;9971;16;9975;14;;;9965.5;0.0
yf_ZW=F_d8;45800;INTARIAN_PEPPER_ROOT;11510;7;11506;19;;;11516;19;11519;27;;;11513.0;0.0
yf_ZW=F_d8;45900;ASH_COATED_OSMIUM;9962;16;9958;14;;;9970;23;9974;16;;;9966.0;0.0
yf_ZW=F_d8;45900;INTARIAN_PEPPER_ROOT;11508;20;11505;8;;;11516;25;11518;18;;;11512.0;0.0
yf_ZW=F_d8;46000;ASH_COATED_OSMIUM;9963;18;9961;24;;;9969;23;9972;15;;;9966.0;0.0
yf_ZW=F_d8;46000;INTARIAN_PEPPER_ROOT;11497;14;11494;18;;;11527;19;11529;20;;;11512.0;0.0
yf_ZW=F_d8;46100;ASH_COATED_OSMIUM;9962;12;9958;21;;;9968;5;9970;19;;;9965.0;0.0
yf_ZW=F_d8;46100;INTARIAN_PEPPER_ROOT;11508;11;11505;22;;;11514;11;11517;25;;;11511.0;0.0
yf_ZW=F_d8;46200;ASH_COATED_OSMIUM;9963;17;9959;9;;;9969;10;9973;13;;;9966.0;0.0
yf_ZW=F_d8;46200;INTARIAN_PEPPER_ROOT;11506;13;11504;22;;;11514;20;11517;25;;;11510.0;0.0
yf_ZW=F_d8;46300;ASH_COATED_OSMIUM;9962;9;9958;23;;;9968;12;9970;18;;;9965.0;0.0
yf_ZW=F_d8;46300;INTARIAN_PEPPER_ROOT;11505;10;11503;21;;;11516;7;11518;23;;;11510.5;0.0
yf_ZW=F_d8;46400;ASH_COATED_OSMIUM;9956;7;9954;18;;;9973;9;9975;22;;;9964.5;0.0
yf_ZW=F_d8;46400;INTARIAN_PEPPER_ROOT;11506;27;11504;22;;;11512;24;11516;18;;;11509.0;0.0
yf_ZW=F_d8;46500;ASH_COATED_OSMIUM;9962;13;9959;20;;;9968;18;9972;20;;;9965.0;0.0
yf_ZW=F_d8;46500;INTARIAN_PEPPER_ROOT;11505;9;11501;12;;;11511;16;11515;16;;;11508.0;0.0
yf_ZW=F_d8;46600;ASH_COATED_OSMIUM;9962;14;9960;24;;;9968;16;9972;21;;;9965.0;0.0
yf_ZW=F_d8;46600;INTARIAN_PEPPER_ROOT;11504;14;11502;11;;;11510;20;11514;26;;;11507.0;0.0
yf_ZW=F_d8;46700;ASH_COATED_OSMIUM;9962;9;9960;25;;;9968;14;9972;24;;;9965.0;0.0
yf_ZW=F_d8;46700;INTARIAN_PEPPER_ROOT;11503;17;11500;23;;;11509;12;11511;35;;;11506.0;0.0
yf_ZW=F_d8;46800;ASH_COATED_OSMIUM;9960;16;9956;15;;;9969;10;9973;14;;;9964.5;0.0
yf_ZW=F_d8;46800;INTARIAN_PEPPER_ROOT;11502;9;11498;33;;;11508;12;11510;17;;;11505.0;0.0
yf_ZW=F_d8;46900;ASH_COATED_OSMIUM;9954;10;9950;21;;;9975;16;9979;12;;;9964.5;0.0
yf_ZW=F_d8;46900;INTARIAN_PEPPER_ROOT;11502;9;11498;18;;;11508;14;11512;15;;;11505.0;0.0
yf_ZW=F_d8;47000;ASH_COATED_OSMIUM;9959;8;9956;20;;;9970;12;9973;14;;;9964.5;0.0
yf_ZW=F_d8;47000;INTARIAN_PEPPER_ROOT;11501;24;11497;27;;;11507;13;11510;23;;;11504.0;0.0
yf_ZW=F_d8;47100;ASH_COATED_OSMIUM;9961;13;9958;16;;;9967;9;9971;31;;;9964.0;0.0
yf_ZW=F_d8;47100;INTARIAN_PEPPER_ROOT;11500;16;11497;15;;;11506;28;11510;18;;;11503.0;0.0
yf_ZW=F_d8;47200;ASH_COATED_OSMIUM;9960;9;9958;21;;;9967;11;9971;24;;;9963.5;0.0
yf_ZW=F_d8;47200;INTARIAN_PEPPER_ROOT;11500;20;11496;15;;;11506;17;11508;25;;;11503.0;0.0
yf_ZW=F_d8;47300;ASH_COATED_OSMIUM;9956;17;9954;27;;;9974;8;9977;14;;;9965.0;0.0
yf_ZW=F_d8;47300;INTARIAN_PEPPER_ROOT;11499;12;11495;19;;;11505;10;11507;28;;;11502.0;0.0
yf_ZW=F_d8;47400;ASH_COATED_OSMIUM;9957;7;9954;18;;;9970;12;9973;24;;;9963.5;0.0
yf_ZW=F_d8;47400;INTARIAN_PEPPER_ROOT;11496;20;11494;17;;;11505;5;11508;25;;;11500.5;0.0
yf_ZW=F_d8;47500;ASH_COATED_OSMIUM;9961;21;9957;28;;;9967;12;9969;16;;;9964.0;0.0
yf_ZW=F_d8;47500;INTARIAN_PEPPER_ROOT;11495;11;11493;26;;;11505;12;11509;23;;;11500.0;0.0
yf_ZW=F_d8;47600;ASH_COATED_OSMIUM;9961;16;9958;18;;;9967;10;9971;22;;;9964.0;0.0
yf_ZW=F_d8;47600;INTARIAN_PEPPER_ROOT;11495;17;11492;19;;;11504;10;11507;26;;;11499.5;0.0
yf_ZW=F_d8;47700;ASH_COATED_OSMIUM;9957;10;9954;22;;;9971;11;9974;21;;;9964.0;0.0
yf_ZW=F_d8;47700;INTARIAN_PEPPER_ROOT;11496;8;11493;22;;;11502;12;11506;22;;;11499.0;0.0
yf_ZW=F_d8;47800;ASH_COATED_OSMIUM;9961;9;9959;24;;;9967;15;9969;21;;;9964.0;0.0
yf_ZW=F_d8;47800;INTARIAN_PEPPER_ROOT;11495;10;11493;22;;;11501;9;11503;18;;;11498.0;0.0
yf_ZW=F_d8;47900;ASH_COATED_OSMIUM;9958;13;9955;17;;;9968;17;9971;28;;;9963.0;0.0
yf_ZW=F_d8;47900;INTARIAN_PEPPER_ROOT;11491;17;11488;21;;;11504;15;11507;23;;;11497.5;0.0
yf_ZW=F_d8;48000;ASH_COATED_OSMIUM;9960;11;9957;15;;;9966;13;9970;20;;;9963.0;0.0
yf_ZW=F_d8;48000;INTARIAN_PEPPER_ROOT;11481;17;11478;17;;;11512;18;11515;19;;;11496.5;0.0
yf_ZW=F_d8;48100;ASH_COATED_OSMIUM;9961;17;9959;18;;;9967;15;9970;17;;;9964.0;0.0
yf_ZW=F_d8;48100;INTARIAN_PEPPER_ROOT;11493;9;11490;23;;;11499;8;11502;22;;;11496.0;0.0
yf_ZW=F_d8;48200;ASH_COATED_OSMIUM;9960;14;9958;18;;;9966;10;9970;16;;;9963.0;0.0
yf_ZW=F_d8;48200;INTARIAN_PEPPER_ROOT;11491;19;11488;11;;;11500;16;11504;19;;;11495.5;0.0
yf_ZW=F_d8;48300;ASH_COATED_OSMIUM;9956;12;9953;13;;;9970;26;9972;12;;;9963.0;0.0
yf_ZW=F_d8;48300;INTARIAN_PEPPER_ROOT;11491;18;11488;22;;;11498;20;11502;19;;;11494.5;0.0
yf_ZW=F_d8;48400;ASH_COATED_OSMIUM;9960;8;9957;14;;;9966;21;9970;21;;;9963.0;0.0
yf_ZW=F_d8;48400;INTARIAN_PEPPER_ROOT;11482;8;11479;27;;;11504;13;11507;19;;;11493.0;0.0
yf_ZW=F_d8;48500;ASH_COATED_OSMIUM;9960;16;9956;21;;;9966;18;9970;23;;;9963.0;0.0
yf_ZW=F_d8;48500;INTARIAN_PEPPER_ROOT;11490;12;11488;17;;;11496;11;11499;19;;;11493.0;0.0
yf_ZW=F_d8;48600;ASH_COATED_OSMIUM;9960;15;9958;18;;;9966;6;9969;24;;;9963.0;0.0
yf_ZW=F_d8;48600;INTARIAN_PEPPER_ROOT;11485;11;11481;18;;;11499;17;11502;16;;;11492.0;0.0
yf_ZW=F_d8;48700;ASH_COATED_OSMIUM;9960;18;9958;24;;;9966;19;9969;19;;;9963.0;0.0
yf_ZW=F_d8;48700;INTARIAN_PEPPER_ROOT;11488;16;11485;21;;;11494;14;11496;10;;;11491.0;0.0
yf_ZW=F_d8;48800;ASH_COATED_OSMIUM;9959;20;9955;24;;;9965;18;9969;24;;;9962.0;0.0
yf_ZW=F_d8;48800;INTARIAN_PEPPER_ROOT;11487;17;11483;18;;;11494;18;11496;15;;;11490.5;0.0
yf_ZW=F_d8;48900;ASH_COATED_OSMIUM;9959;9;9957;21;;;9965;19;9967;19;;;9962.0;0.0
yf_ZW=F_d8;48900;INTARIAN_PEPPER_ROOT;11487;9;11484;23;;;11493;15;11495;17;;;11490.0;0.0
yf_ZW=F_d8;49000;ASH_COATED_OSMIUM;9954;22;9950;22;;;9970;16;9974;10;;;9962.0;0.0
yf_ZW=F_d8;49000;INTARIAN_PEPPER_ROOT;11486;15;11483;18;;;11492;12;11494;12;;;11489.0;0.0
yf_ZW=F_d8;49100;ASH_COATED_OSMIUM;9959;11;9957;15;;;9965;14;9967;17;;;9962.0;0.0
yf_ZW=F_d8;49100;INTARIAN_PEPPER_ROOT;11485;19;11483;18;;;11491;14;11494;20;;;11488.0;0.0
yf_ZW=F_d8;49200;ASH_COATED_OSMIUM;9955;15;9953;21;;;9969;10;9972;28;;;9962.0;0.0
yf_ZW=F_d8;49200;INTARIAN_PEPPER_ROOT;11484;6;11482;23;;;11490;14;11494;14;;;11487.0;0.0
yf_ZW=F_d8;49300;ASH_COATED_OSMIUM;9958;16;9955;21;;;9964;15;9968;25;;;9961.0;0.0
yf_ZW=F_d8;49300;INTARIAN_PEPPER_ROOT;11483;7;11480;23;;;11489;11;11491;25;;;11486.0;0.0
yf_ZW=F_d8;49400;ASH_COATED_OSMIUM;9954;18;9952;23;;;9969;13;9973;14;;;9961.5;0.0
yf_ZW=F_d8;49400;INTARIAN_PEPPER_ROOT;11483;13;11479;20;;;11489;14;11492;21;;;11486.0;0.0
yf_ZW=F_d8;49500;ASH_COATED_OSMIUM;9958;22;9956;19;;;9964;20;9967;18;;;9961.0;0.0
yf_ZW=F_d8;49500;INTARIAN_PEPPER_ROOT;11482;13;11480;16;;;11488;20;11491;30;;;11485.0;0.0
yf_ZW=F_d8;49600;ASH_COATED_OSMIUM;9959;18;9956;22;;;9965;20;9969;19;;;9962.0;0.0
yf_ZW=F_d8;49600;INTARIAN_PEPPER_ROOT;11481;13;11477;31;;;11488;23;11492;18;;;11484.5;0.0
yf_ZW=F_d8;49700;ASH_COATED_OSMIUM;9958;17;9955;21;;;9964;17;9968;12;;;9961.0;0.0
yf_ZW=F_d8;49700;INTARIAN_PEPPER_ROOT;11481;13;11478;20;;;11487;5;11491;14;;;11484.0;0.0
yf_ZW=F_d8;49800;ASH_COATED_OSMIUM;9947;21;9944;18;;;9975;18;9978;17;;;9961.0;0.0
yf_ZW=F_d8;49800;INTARIAN_PEPPER_ROOT;11478;17;11475;20;;;11487;20;11489;25;;;11482.5;0.0
yf_ZW=F_d8;49900;ASH_COATED_OSMIUM;9958;17;9955;17;;;9964;17;9966;20;;;9961.0;0.0
yf_ZW=F_d8;49900;INTARIAN_PEPPER_ROOT;11480;19;11478;19;;;11486;9;11488;8;;;11483.0;0.0
yf_ZW=F_d8;50000;ASH_COATED_OSMIUM;9942;11;9939;19;;;9980;20;9983;21;;;9961.0;0.0
yf_ZW=F_d8;50000;INTARIAN_PEPPER_ROOT;11478;5;11476;22;;;11484;15;11487;16;;;11481.0;0.0
yf_ZW=F_d8;50100;ASH_COATED_OSMIUM;9956;15;9953;24;;;9966;20;9969;20;;;9961.0;0.0
yf_ZW=F_d8;50100;INTARIAN_PEPPER_ROOT;11472;22;11470;20;;;11488;19;11491;18;;;11480.0;0.0
yf_ZW=F_d8;50200;ASH_COATED_OSMIUM;9958;7;9954;8;;;9964;22;9966;16;;;9961.0;0.0
yf_ZW=F_d8;50200;INTARIAN_PEPPER_ROOT;11476;10;11472;25;;;11483;15;11487;15;;;11479.5;0.0
yf_ZW=F_d8;50300;ASH_COATED_OSMIUM;9957;7;9955;22;;;9963;16;9965;18;;;9960.0;0.0
yf_ZW=F_d8;50300;INTARIAN_PEPPER_ROOT;11474;21;11471;27;;;11484;27;11486;24;;;11479.0;0.0
yf_ZW=F_d8;50400;ASH_COATED_OSMIUM;9958;18;9956;17;;;9964;11;9967;17;;;9961.0;0.0
yf_ZW=F_d8;50400;INTARIAN_PEPPER_ROOT;11475;13;11473;25;;;11481;14;11483;18;;;11478.0;0.0
yf_ZW=F_d8;50500;ASH_COATED_OSMIUM;9958;15;9954;23;;;9964;19;9967;24;;;9961.0;0.0
yf_ZW=F_d8;50500;INTARIAN_PEPPER_ROOT;11471;16;11469;20;;;11483;10;11487;14;;;11477.0;0.0
yf_ZW=F_d8;50600;ASH_COATED_OSMIUM;9957;12;9954;21;;;9963;14;9967;22;;;9960.0;0.0
yf_ZW=F_d8;50600;INTARIAN_PEPPER_ROOT;11474;11;11470;25;;;11480;20;11484;23;;;11477.0;0.0
yf_ZW=F_d8;50700;ASH_COATED_OSMIUM;9958;19;9954;21;;;9964;20;9966;21;;;9961.0;0.0
yf_ZW=F_d8;50700;INTARIAN_PEPPER_ROOT;11471;16;11469;23;;;11482;13;11486;8;;;11476.5;0.0
yf_ZW=F_d8;50800;ASH_COATED_OSMIUM;9957;18;9955;18;;;9963;13;9966;27;;;9960.0;0.0
yf_ZW=F_d8;50800;INTARIAN_PEPPER_ROOT;11472;14;11468;30;;;11478;10;11482;13;;;11475.0;0.0
yf_ZW=F_d8;50900;ASH_COATED_OSMIUM;9944;21;9942;13;;;9976;15;9979;18;;;9960.0;0.0
yf_ZW=F_d8;50900;INTARIAN_PEPPER_ROOT;11471;17;11467;15;;;11477;5;11480;14;;;11474.0;0.0
yf_ZW=F_d8;51000;ASH_COATED_OSMIUM;9957;24;9955;16;;;9963;27;9965;13;;;9960.0;0.0
yf_ZW=F_d8;51000;INTARIAN_PEPPER_ROOT;11469;6;11467;21;;;11475;20;11477;23;;;11472.0;0.0
yf_ZW=F_d8;51100;ASH_COATED_OSMIUM;9954;15;9950;28;;;9967;16;9971;19;;;9960.5;0.0
yf_ZW=F_d8;51100;INTARIAN_PEPPER_ROOT;11467;5;11463;20;;;11473;14;11477;27;;;11470.0;0.0
yf_ZW=F_d8;51200;ASH_COATED_OSMIUM;9956;18;9953;12;;;9962;17;9965;17;;;9959.0;0.0
yf_ZW=F_d8;51200;INTARIAN_PEPPER_ROOT;11465;18;11462;22;;;11471;14;11473;16;;;11468.0;0.0
yf_ZW=F_d8;51300;ASH_COATED_OSMIUM;9957;12;9954;10;;;9963;11;9966;18;;;9960.0;0.0
yf_ZW=F_d8;51300;INTARIAN_PEPPER_ROOT;11464;22;11461;21;;;11470;16;11473;20;;;11467.0;0.0
yf_ZW=F_d8;51400;ASH_COATED_OSMIUM;9956;23;9952;28;;;9962;17;9964;23;;;9959.0;0.0
yf_ZW=F_d8;51400;INTARIAN_PEPPER_ROOT;11463;16;11460;13;;;11469;12;11473;15;;;11466.0;0.0
yf_ZW=F_d8;51500;ASH_COATED_OSMIUM;9954;22;9951;28;;;9963;24;9966;20;;;9958.5;0.0
yf_ZW=F_d8;51500;INTARIAN_PEPPER_ROOT;11459;16;11457;27;;;11469;21;11473;20;;;11464.0;0.0
yf_ZW=F_d8;51600;ASH_COATED_OSMIUM;9956;11;9954;20;;;9962;12;9965;25;;;9959.0;0.0
yf_ZW=F_d8;51600;INTARIAN_PEPPER_ROOT;11459;8;11456;24;;;11465;18;11468;27;;;11462.0;0.0
yf_ZW=F_d8;51700;ASH_COATED_OSMIUM;9956;12;9952;29;;;9962;9;9966;20;;;9959.0;0.0
yf_ZW=F_d8;51700;INTARIAN_PEPPER_ROOT;11455;9;11451;21;;;11466;19;11470;28;;;11460.5;0.0
yf_ZW=F_d8;51800;ASH_COATED_OSMIUM;9952;16;9950;23;;;9964;7;9968;15;;;9958.0;0.0
yf_ZW=F_d8;51800;INTARIAN_PEPPER_ROOT;11456;19;11454;26;;;11462;17;11464;22;;;11459.0;0.0
yf_ZW=F_d8;51900;ASH_COATED_OSMIUM;9955;11;9951;29;;;9961;15;9964;23;;;9958.0;0.0
yf_ZW=F_d8;51900;INTARIAN_PEPPER_ROOT;11449;23;11446;12;;;11466;20;11468;17;;;11457.5;0.0
yf_ZW=F_d8;52000;ASH_COATED_OSMIUM;9954;21;9951;22;;;9960;5;9964;19;;;9957.0;0.0
yf_ZW=F_d8;52000;INTARIAN_PEPPER_ROOT;11453;7;11450;18;;;11459;15;11463;19;;;11456.0;0.0
yf_ZW=F_d8;52100;ASH_COATED_OSMIUM;9955;14;9952;19;;;9961;19;9963;23;;;9958.0;0.0
yf_ZW=F_d8;52100;INTARIAN_PEPPER_ROOT;11439;7;11435;13;;;11469;15;11472;16;;;11454.0;0.0
yf_ZW=F_d8;52200;ASH_COATED_OSMIUM;9954;17;9950;18;;;9963;17;9965;22;;;9958.5;0.0
yf_ZW=F_d8;52200;INTARIAN_PEPPER_ROOT;11449;8;11447;23;;;11455;11;11457;20;;;11452.0;0.0
yf_ZW=F_d8;52300;ASH_COATED_OSMIUM;9952;12;9948;21;;;9962;12;9966;18;;;9957.0;0.0
yf_ZW=F_d8;52300;INTARIAN_PEPPER_ROOT;11448;17;11446;29;;;11454;26;11456;22;;;11451.0;0.0
yf_ZW=F_d8;52400;ASH_COATED_OSMIUM;9953;9;9949;25;;;9959;24;9961;22;;;9956.0;0.0
yf_ZW=F_d8;52400;INTARIAN_PEPPER_ROOT;11446;16;11443;27;;;11453;16;11456;16;;;11449.5;0.0
yf_ZW=F_d8;52500;ASH_COATED_OSMIUM;9953;8;9949;21;;;9961;12;9965;19;;;9957.0;0.0
yf_ZW=F_d8;52500;INTARIAN_PEPPER_ROOT;11445;5;11442;15;;;11451;22;11455;18;;;11448.0;0.0
yf_ZW=F_d8;52600;ASH_COATED_OSMIUM;9954;20;9951;26;;;9960;17;9964;21;;;9957.0;0.0
yf_ZW=F_d8;52600;INTARIAN_PEPPER_ROOT;11443;20;11439;20;;;11449;15;11451;16;;;11446.0;0.0
yf_ZW=F_d8;52700;ASH_COATED_OSMIUM;9953;16;9950;15;;;9959;18;9962;19;;;9956.0;0.0
yf_ZW=F_d8;52700;INTARIAN_PEPPER_ROOT;11442;18;11439;21;;;11448;13;11450;17;;;11445.0;0.0
yf_ZW=F_d8;52800;ASH_COATED_OSMIUM;9954;13;9952;18;;;9960;21;9963;23;;;9957.0;0.0
yf_ZW=F_d8;52800;INTARIAN_PEPPER_ROOT;11439;21;11437;17;;;11445;14;11447;18;;;11442.0;0.0
yf_ZW=F_d8;52900;ASH_COATED_OSMIUM;9953;9;9950;27;;;9959;10;9961;21;;;9956.0;0.0
yf_ZW=F_d8;52900;INTARIAN_PEPPER_ROOT;11437;14;11435;25;;;11445;18;11448;21;;;11441.0;0.0
yf_ZW=F_d8;53000;ASH_COATED_OSMIUM;9952;10;9948;16;;;9959;12;9961;15;;;9955.5;0.0
yf_ZW=F_d8;53000;INTARIAN_PEPPER_ROOT;11431;10;11429;25;;;11447;6;11450;21;;;11439.0;0.0
yf_ZW=F_d8;53100;ASH_COATED_OSMIUM;9953;17;9950;26;;;9959;11;9961;22;;;9956.0;0.0
yf_ZW=F_d8;53100;INTARIAN_PEPPER_ROOT;11433;22;11431;25;;;11442;22;11445;24;;;11437.5;0.0
yf_ZW=F_d8;53200;ASH_COATED_OSMIUM;9952;14;9948;20;;;9959;9;9962;9;;;9955.5;0.0
yf_ZW=F_d8;53200;INTARIAN_PEPPER_ROOT;11433;9;11429;18;;;11439;14;11441;21;;;11436.0;0.0
yf_ZW=F_d8;53300;ASH_COATED_OSMIUM;9952;16;9949;24;;;9958;11;9961;20;;;9955.0;0.0
yf_ZW=F_d8;53300;INTARIAN_PEPPER_ROOT;11432;11;11428;16;;;11438;18;11441;14;;;11435.0;0.0
yf_ZW=F_d8;53400;ASH_COATED_OSMIUM;9952;12;9948;20;;;9958;14;9961;19;;;9955.0;0.0
yf_ZW=F_d8;53400;INTARIAN_PEPPER_ROOT;11430;13;11428;18;;;11436;16;11438;15;;;11433.0;0.0
yf_ZW=F_d8;53500;ASH_COATED_OSMIUM;9951;22;9947;15;;;9959;14;9963;17;;;9955.0;0.0
yf_ZW=F_d8;53500;INTARIAN_PEPPER_ROOT;11428;10;11425;27;;;11434;13;11438;31;;;11431.0;0.0
yf_ZW=F_d8;53600;ASH_COATED_OSMIUM;9948;15;9944;21;;;9960;11;9963;23;;;9954.0;0.0
yf_ZW=F_d8;53600;INTARIAN_PEPPER_ROOT;11423;10;11419;18;;;11434;13;11436;23;;;11428.5;0.0
yf_ZW=F_d8;53700;ASH_COATED_OSMIUM;9951;5;9949;19;;;9957;19;9961;23;;;9954.0;0.0
yf_ZW=F_d8;53700;INTARIAN_PEPPER_ROOT;11424;21;11420;17;;;11430;12;11434;16;;;11427.0;0.0
yf_ZW=F_d8;53800;ASH_COATED_OSMIUM;9951;11;9949;18;;;9957;6;9959;28;;;9954.0;0.0
yf_ZW=F_d8;53800;INTARIAN_PEPPER_ROOT;11423;11;11419;18;;;11429;15;11433;21;;;11426.0;0.0
yf_ZW=F_d8;53900;ASH_COATED_OSMIUM;9951;14;9948;23;;;9957;13;9959;18;;;9954.0;0.0
yf_ZW=F_d8;53900;INTARIAN_PEPPER_ROOT;11418;16;11415;20;;;11431;22;11434;21;;;11424.5;0.0
yf_ZW=F_d8;54000;ASH_COATED_OSMIUM;9947;17;9944;26;;;9959;7;9961;15;;;9953.0;0.0
yf_ZW=F_d8;54000;INTARIAN_PEPPER_ROOT;11421;13;11419;21;;;11427;18;11430;18;;;11424.0;0.0
yf_ZW=F_d8;54100;ASH_COATED_OSMIUM;9950;9;9948;20;;;9956;15;9958;26;;;9953.0;0.0
yf_ZW=F_d8;54100;INTARIAN_PEPPER_ROOT;11418;15;11414;24;;;11424;9;11428;18;;;11421.0;0.0
yf_ZW=F_d8;54200;ASH_COATED_OSMIUM;9947;17;9945;19;;;9959;15;9961;20;;;9953.0;0.0
yf_ZW=F_d8;54200;INTARIAN_PEPPER_ROOT;11416;13;11413;18;;;11422;23;11425;20;;;11419.0;0.0
yf_ZW=F_d8;54300;ASH_COATED_OSMIUM;9950;11;9947;21;;;9956;6;9959;20;;;9953.0;0.0
yf_ZW=F_d8;54300;INTARIAN_PEPPER_ROOT;11415;17;11413;17;;;11421;10;11424;21;;;11418.0;0.0
yf_ZW=F_d8;54400;ASH_COATED_OSMIUM;9949;20;9947;11;;;9955;19;9958;16;;;9952.0;0.0
yf_ZW=F_d8;54400;INTARIAN_PEPPER_ROOT;11414;14;11412;25;;;11420;12;11424;16;;;11417.0;0.0
yf_ZW=F_d8;54500;ASH_COATED_OSMIUM;9949;17;9947;23;;;9956;12;9959;14;;;9952.5;0.0
yf_ZW=F_d8;54500;INTARIAN_PEPPER_ROOT;11402;12;11398;22;;;11427;7;11430;16;;;11414.5;0.0
yf_ZW=F_d8;54600;ASH_COATED_OSMIUM;9948;11;9946;8;;;9957;22;9959;19;;;9952.5;0.0
yf_ZW=F_d8;54600;INTARIAN_PEPPER_ROOT;11410;14;11408;24;;;11416;19;11419;27;;;11413.0;0.0
yf_ZW=F_d8;54700;ASH_COATED_OSMIUM;9949;14;9946;19;;;9955;12;9958;20;;;9952.0;0.0
yf_ZW=F_d8;54700;INTARIAN_PEPPER_ROOT;11406;16;11402;20;;;11416;10;11418;26;;;11411.0;0.0
yf_ZW=F_d8;54800;ASH_COATED_OSMIUM;9949;14;9946;21;;;9955;30;9959;18;;;9952.0;0.0
yf_ZW=F_d8;54800;INTARIAN_PEPPER_ROOT;11399;13;11396;25;;;11421;13;11424;23;;;11410.0;0.0
yf_ZW=F_d8;54900;ASH_COATED_OSMIUM;9949;15;9945;16;;;9955;16;9957;31;;;9952.0;0.0
yf_ZW=F_d8;54900;INTARIAN_PEPPER_ROOT;11404;5;11400;12;;;11410;27;11413;22;;;11407.0;0.0
yf_ZW=F_d8;55000;ASH_COATED_OSMIUM;9949;14;9945;22;;;9955;9;9959;11;;;9952.0;0.0
yf_ZW=F_d8;55000;INTARIAN_PEPPER_ROOT;11403;6;11399;17;;;11409;15;11411;22;;;11406.0;0.0
yf_ZW=F_d8;55100;ASH_COATED_OSMIUM;9949;20;9947;16;;;9956;27;9959;14;;;9952.5;0.0
yf_ZW=F_d8;55100;INTARIAN_PEPPER_ROOT;11402;11;11398;18;;;11408;18;11412;14;;;11405.0;0.0
yf_ZW=F_d8;55200;ASH_COATED_OSMIUM;9948;12;9945;28;;;9954;21;9956;20;;;9951.0;0.0
yf_ZW=F_d8;55200;INTARIAN_PEPPER_ROOT;11391;16;11388;20;;;11415;14;11419;10;;;11403.0;0.0
yf_ZW=F_d8;55300;ASH_COATED_OSMIUM;9948;9;9944;22;;;9954;14;9956;18;;;9951.0;0.0
yf_ZW=F_d8;55300;INTARIAN_PEPPER_ROOT;11398;5;11395;23;;;11404;5;11408;28;;;11401.0;0.0
yf_ZW=F_d8;55400;ASH_COATED_OSMIUM;9947;14;9943;19;;;9954;15;9958;20;;;9950.5;0.0
yf_ZW=F_d8;55400;INTARIAN_PEPPER_ROOT;11392;11;11389;21;;;11407;13;11409;25;;;11399.5;0.0
yf_ZW=F_d8;55500;ASH_COATED_OSMIUM;9948;15;9945;23;;;9954;5;9957;23;;;9951.0;0.0
yf_ZW=F_d8;55500;INTARIAN_PEPPER_ROOT;11395;7;11391;20;;;11401;22;11404;17;;;11398.0;0.0
yf_ZW=F_d8;55600;ASH_COATED_OSMIUM;9944;19;9940;17;;;9956;10;9958;20;;;9950.0;0.0
yf_ZW=F_d8;55600;INTARIAN_PEPPER_ROOT;11390;14;11386;25;;;11401;24;11404;15;;;11395.5;0.0
yf_ZW=F_d8;55700;ASH_COATED_OSMIUM;9947;11;9943;18;;;9953;12;9955;16;;;9950.0;0.0
yf_ZW=F_d8;55700;INTARIAN_PEPPER_ROOT;11381;12;11377;16;;;11408;15;11412;20;;;11394.5;0.0
yf_ZW=F_d8;55800;ASH_COATED_OSMIUM;9947;13;9944;25;;;9953;13;9956;21;;;9950.0;0.0
yf_ZW=F_d8;55800;INTARIAN_PEPPER_ROOT;11391;5;11387;20;;;11397;14;11399;23;;;11394.0;0.0
yf_ZW=F_d8;55900;ASH_COATED_OSMIUM;9947;16;9944;19;;;9953;6;9955;16;;;9950.0;0.0
yf_ZW=F_d8;55900;INTARIAN_PEPPER_ROOT;11389;10;11385;23;;;11395;10;11398;27;;;11392.0;0.0
yf_ZW=F_d8;56000;ASH_COATED_OSMIUM;9947;9;9945;17;;;9953;25;9955;28;;;9950.0;0.0
yf_ZW=F_d8;56000;INTARIAN_PEPPER_ROOT;11387;9;11384;22;;;11393;15;11396;20;;;11390.0;0.0
yf_ZW=F_d8;56100;ASH_COATED_OSMIUM;9946;14;9944;21;;;9952;19;9956;25;;;9949.0;0.0
yf_ZW=F_d8;56100;INTARIAN_PEPPER_ROOT;11382;5;11380;18;;;11396;11;11400;21;;;11389.0;0.0
yf_ZW=F_d8;56200;ASH_COATED_OSMIUM;9946;16;9943;24;;;9952;13;9955;23;;;9949.0;0.0
yf_ZW=F_d8;56200;INTARIAN_PEPPER_ROOT;11384;20;11380;19;;;11390;14;11394;14;;;11387.0;0.0
yf_ZW=F_d8;56300;ASH_COATED_OSMIUM;9946;6;9942;24;;;9952;18;9956;21;;;9949.0;0.0
yf_ZW=F_d8;56300;INTARIAN_PEPPER_ROOT;11377;5;11375;20;;;11393;20;11396;26;;;11385.0;0.0
yf_ZW=F_d8;56400;ASH_COATED_OSMIUM;9941;15;9937;25;;;9956;21;9960;16;;;9948.5;0.0
yf_ZW=F_d8;56400;INTARIAN_PEPPER_ROOT;11380;15;11376;19;;;11386;9;11389;16;;;11383.0;0.0
yf_ZW=F_d8;56500;ASH_COATED_OSMIUM;9944;10;9941;18;;;9953;10;9957;23;;;9948.5;0.0
yf_ZW=F_d8;56500;INTARIAN_PEPPER_ROOT;11378;20;11376;16;;;11386;17;11390;16;;;11382.0;0.0
yf_ZW=F_d8;56600;ASH_COATED_OSMIUM;9945;10;9941;13;;;9951;18;9954;10;;;9948.0;0.0
yf_ZW=F_d8;56600;INTARIAN_PEPPER_ROOT;11375;21;11373;18;;;11384;12;11387;14;;;11379.5;0.0
yf_ZW=F_d8;56700;ASH_COATED_OSMIUM;9945;20;9942;17;;;9951;14;9954;23;;;9948.0;0.0
yf_ZW=F_d8;56700;INTARIAN_PEPPER_ROOT;11370;11;11367;18;;;11387;22;11389;16;;;11378.5;0.0
yf_ZW=F_d8;56800;ASH_COATED_OSMIUM;9945;23;9943;12;;;9951;13;9954;20;;;9948.0;0.0
yf_ZW=F_d8;56800;INTARIAN_PEPPER_ROOT;11374;14;11371;17;;;11380;12;11383;16;;;11377.0;0.0
yf_ZW=F_d8;56900;ASH_COATED_OSMIUM;9944;16;9940;15;;;9950;19;9953;14;;;9947.0;0.0
yf_ZW=F_d8;56900;INTARIAN_PEPPER_ROOT;11372;16;11368;23;;;11378;19;11381;15;;;11375.0;0.0
yf_ZW=F_d8;57000;ASH_COATED_OSMIUM;9939;23;9936;28;;;9956;18;9958;8;;;9947.5;0.0
yf_ZW=F_d8;57000;INTARIAN_PEPPER_ROOT;11370;15;11366;9;;;11376;12;11378;14;;;11373.0;0.0
yf_ZW=F_d8;57100;ASH_COATED_OSMIUM;9944;7;9941;19;;;9951;8;9954;15;;;9947.5;0.0
yf_ZW=F_d8;57100;INTARIAN_PEPPER_ROOT;11369;23;11367;20;;;11375;9;11378;11;;;11372.0;0.0
yf_ZW=F_d8;57200;ASH_COATED_OSMIUM;9944;7;9941;20;;;9950;17;9952;31;;;9947.0;0.0
yf_ZW=F_d8;57200;INTARIAN_PEPPER_ROOT;11367;18;11365;22;;;11375;13;11378;20;;;11371.0;0.0
yf_ZW=F_d8;57300;ASH_COATED_OSMIUM;9943;13;9939;27;;;9951;14;9954;23;;;9947.0;0.0
yf_ZW=F_d8;57300;INTARIAN_PEPPER_ROOT;11366;10;11362;20;;;11372;18;11374;19;;;11369.0;0.0
yf_ZW=F_d8;57400;ASH_COATED_OSMIUM;9944;21;9940;20;;;9950;17;9953;17;;;9947.0;0.0
yf_ZW=F_d8;57400;INTARIAN_PEPPER_ROOT;11364;6;11361;18;;;11370;16;11373;16;;;11367.0;0.0
yf_ZW=F_d8;57500;ASH_COATED_OSMIUM;9943;24;9940;13;;;9949;22;9951;21;;;9946.0;0.0
yf_ZW=F_d8;57500;INTARIAN_PEPPER_ROOT;11362;12;11358;27;;;11368;15;11372;21;;;11365.0;0.0
yf_ZW=F_d8;57600;ASH_COATED_OSMIUM;9928;19;9926;21;;;9965;13;9968;22;;;9946.5;0.0
yf_ZW=F_d8;57600;INTARIAN_PEPPER_ROOT;11359;11;11356;19;;;11368;15;11371;9;;;11363.5;0.0
yf_ZW=F_d8;57700;ASH_COATED_OSMIUM;9943;15;9941;22;;;9949;6;9952;18;;;9946.0;0.0
yf_ZW=F_d8;57700;INTARIAN_PEPPER_ROOT;11356;9;11352;17;;;11368;10;11371;22;;;11362.0;0.0
yf_ZW=F_d8;57800;ASH_COATED_OSMIUM;9943;23;9939;18;;;9949;9;9953;15;;;9946.0;0.0
yf_ZW=F_d8;57800;INTARIAN_PEPPER_ROOT;11356;14;11352;13;;;11365;21;11367;22;;;11360.5;0.0
yf_ZW=F_d8;57900;ASH_COATED_OSMIUM;9942;15;9939;25;;;9948;14;9950;21;;;9945.0;0.0
yf_ZW=F_d8;57900;INTARIAN_PEPPER_ROOT;11355;26;11352;11;;;11361;21;11363;29;;;11358.0;0.0
yf_ZW=F_d8;58000;ASH_COATED_OSMIUM;9942;5;9939;25;;;9948;7;9952;13;;;9945.0;0.0
yf_ZW=F_d8;58000;INTARIAN_PEPPER_ROOT;11354;6;11351;22;;;11360;18;11362;23;;;11357.0;0.0
yf_ZW=F_d8;58100;ASH_COATED_OSMIUM;9941;13;9939;14;;;9949;10;9953;18;;;9945.0;0.0
yf_ZW=F_d8;58100;INTARIAN_PEPPER_ROOT;11352;11;11350;24;;;11358;10;11360;17;;;11355.0;0.0
yf_ZW=F_d8;58200;ASH_COATED_OSMIUM;9925;9;9923;24;;;9964;5;9967;25;;;9944.5;0.0
yf_ZW=F_d8;58200;INTARIAN_PEPPER_ROOT;11350;11;11347;16;;;11356;13;11358;18;;;11353.0;0.0
yf_ZW=F_d8;58300;ASH_COATED_OSMIUM;9934;7;9931;25;;;9956;19;9959;18;;;9945.0;0.0
yf_ZW=F_d8;58300;INTARIAN_PEPPER_ROOT;11346;17;11342;15;;;11358;21;11362;14;;;11352.0;0.0
