day;timestamp;product;bid_price_1;bid_volume_1;bid_price_2;bid_volume_2;bid_price_3;bid_volume_3;ask_price_1;ask_volume_1;ask_price_2;ask_volume_2;ask_price_3;ask_volume_3;mid_price;profit_and_loss
yf_ZW=F_d1;0;ASH_COATED_OSMIUM;9936;20;9932;13;;;9942;14;9944;26;;;9939.0;0.0
yf_ZW=F_d1;0;INTARIAN_PEPPER_ROOT;12991;12;12987;16;;;13009;8;13012;22;;;13000.0;0.0
yf_ZW=F_d1;100;ASH_COATED_OSMIUM;9935;15;9931;15;;;9941;12;9945;19;;;9938.0;0.0
yf_ZW=F_d1;100;INTARIAN_PEPPER_ROOT;12996;18;12994;23;;;13002;16;13004;11;;;12999.0;0.0
yf_ZW=F_d1;200;ASH_COATED_OSMIUM;9935;21;9931;16;;;9941;17;9944;23;;;9938.0;0.0
yf_ZW=F_d1;200;INTARIAN_PEPPER_ROOT;12989;11;12987;19;;;13005;14;13008;25;;;12997.0;0.0
yf_ZW=F_d1;300;ASH_COATED_OSMIUM;9935;14;9933;21;;;9941;12;9944;20;;;9938.0;0.0
yf_ZW=F_d1;300;INTARIAN_PEPPER_ROOT;12993;18;12990;22;;;12999;6;13002;19;;;12996.0;0.0
yf_ZW=F_d1;400;ASH_COATED_OSMIUM;9935;14;9932;20;;;9941;9;9945;26;;;9938.0;0.0
yf_ZW=F_d1;400;INTARIAN_PEPPER_ROOT;12992;18;12990;27;;;12998;21;13001;23;;;12995.0;0.0
yf_ZW=F_d1;500;ASH_COATED_OSMIUM;9935;20;9933;19;;;9941;14;9945;25;;;9938.0;0.0
yf_ZW=F_d1;500;INTARIAN_PEPPER_ROOT;12985;17;12982;20;;;13003;12;13005;16;;;12994.0;0.0
yf_ZW=F_d1;600;ASH_COATED_OSMIUM;9935;18;9933;19;;;9941;8;9944;23;;;9938.0;0.0
yf_ZW=F_d1;600;INTARIAN_PEPPER_ROOT;12987;9;12985;19;;;12996;16;12998;25;;;12991.5;0.0
yf_ZW=F_d1;700;ASH_COATED_OSMIUM;9933;12;9930;14;;;9942;19;9944;22;;;9937.5;0.0
yf_ZW=F_d1;700;INTARIAN_PEPPER_ROOT;12974;16;12971;20;;;13009;19;13013;23;;;12991.5;0.0
yf_ZW=F_d1;800;ASH_COATED_OSMIUM;9936;8;9934;17;;;9942;14;9945;21;;;9939.0;0.0
yf_ZW=F_d1;800;INTARIAN_PEPPER_ROOT;12987;11;12985;18;;;12993;18;12996;12;;;12990.0;0.0
yf_ZW=F_d1;900;ASH_COATED_OSMIUM;9935;9;9931;17;;;9941;16;9943;18;;;9938.0;0.0
yf_ZW=F_d1;900;INTARIAN_PEPPER_ROOT;12986;17;12983;23;;;12992;17;12996;17;;;12989.0;0.0
yf_ZW=F_d1;1000;ASH_COATED_OSMIUM;9932;7;9928;15;;;9946;15;9950;22;;;9939.0;0.0
yf_ZW=F_d1;1000;INTARIAN_PEPPER_ROOT;12984;12;12980;11;;;12990;16;12993;15;;;12987.0;0.0
yf_ZW=F_d1;1100;ASH_COATED_OSMIUM;9935;10;9933;18;;;9941;10;9945;24;;;9938.0;0.0
yf_ZW=F_d1;1100;INTARIAN_PEPPER_ROOT;12984;13;12980;12;;;12990;9;12994;21;;;12987.0;0.0
yf_ZW=F_d1;1200;ASH_COATED_OSMIUM;9933;13;9931;25;;;9944;15;9946;8;;;9938.5;0.0
yf_ZW=F_d1;1200;INTARIAN_PEPPER_ROOT;12982;5;12978;20;;;12988;5;12990;20;;;12985.0;0.0
yf_ZW=F_d1;1300;ASH_COATED_OSMIUM;9932;5;9930;18;;;9945;19;9948;24;;;9938.5;0.0
yf_ZW=F_d1;1300;INTARIAN_PEPPER_ROOT;12981;9;12978;19;;;12987;9;12990;19;;;12984.0;0.0
yf_ZW=F_d1;1400;ASH_COATED_OSMIUM;9933;19;9931;20;;;9944;16;9946;16;;;9938.5;0.0
yf_ZW=F_d1;1400;INTARIAN_PEPPER_ROOT;12980;14;12976;17;;;12986;7;12988;18;;;12983.0;0.0
yf_ZW=F_d1;1500;ASH_COATED_OSMIUM;9935;10;9933;23;;;9941;7;9945;21;;;9938.0;0.0
yf_ZW=F_d1;1500;INTARIAN_PEPPER_ROOT;12979;12;12976;22;;;12985;23;12989;13;;;12982.0;0.0
yf_ZW=F_d1;1600;ASH_COATED_OSMIUM;9935;11;9932;17;;;9941;19;9943;19;;;9938.0;0.0
yf_ZW=F_d1;1600;INTARIAN_PEPPER_ROOT;12977;20;12974;14;;;12986;19;12989;14;;;12981.5;0.0
yf_ZW=F_d1;1700;ASH_COATED_OSMIUM;9935;22;9933;17;;;9941;12;9945;17;;;9938.0;0.0
yf_ZW=F_d1;1700;INTARIAN_PEPPER_ROOT;12977;22;12975;16;;;12983;15;12986;17;;;12980.0;0.0
yf_ZW=F_d1;1800;ASH_COATED_OSMIUM;9935;13;9932;28;;;9941;26;9945;14;;;9938.0;0.0
yf_ZW=F_d1;1800;INTARIAN_PEPPER_ROOT;12973;14;12970;21;;;12985;6;12989;26;;;12979.0;0.0
yf_ZW=F_d1;1900;ASH_COATED_OSMIUM;9931;10;9928;20;;;9945;17;9949;13;;;9938.0;0.0
yf_ZW=F_d1;1900;INTARIAN_PEPPER_ROOT;12965;18;12961;15;;;12990;13;12992;25;;;12977.5;0.0
yf_ZW=F_d1;2000;ASH_COATED_OSMIUM;9934;11;9930;14;;;9943;11;9946;24;;;9938.5;0.0
yf_ZW=F_d1;2000;INTARIAN_PEPPER_ROOT;12972;12;12970;22;;;12981;13;12985;20;;;12976.5;0.0
yf_ZW=F_d1;2100;ASH_COATED_OSMIUM;9936;13;9934;16;;;9942;11;9944;22;;;9939.0;0.0
yf_ZW=F_d1;2100;INTARIAN_PEPPER_ROOT;12972;11;12970;15;;;12978;16;12980;26;;;12975.0;0.0
yf_ZW=F_d1;2200;ASH_COATED_OSMIUM;9919;13;9916;16;;;9958;16;9960;21;;;9938.5;0.0
yf_ZW=F_d1;2200;INTARIAN_PEPPER_ROOT;12971;22;12967;16;;;12977;14;12981;14;;;12974.0;0.0
yf_ZW=F_d1;2300;ASH_COATED_OSMIUM;9936;11;9933;16;;;9942;6;9946;19;;;9939.0;0.0
yf_ZW=F_d1;2300;INTARIAN_PEPPER_ROOT;12971;24;12967;14;;;12977;15;12981;17;;;12974.0;0.0
yf_ZW=F_d1;2400;ASH_COATED_OSMIUM;9935;9;9932;18;;;9943;15;9946;27;;;9939.0;0.0
yf_ZW=F_d1;2400;INTARIAN_PEPPER_ROOT;12969;12;12965;16;;;12975;13;12979;12;;;12972.0;0.0
yf_ZW=F_d1;2500;ASH_COATED_OSMIUM;9932;11;9930;20;;;9946;10;9948;14;;;9939.0;0.0
yf_ZW=F_d1;2500;INTARIAN_PEPPER_ROOT;12967;10;12965;22;;;12973;21;12977;18;;;12970.0;0.0
yf_ZW=F_d1;2600;ASH_COATED_OSMIUM;9934;15;9930;14;;;9943;10;9947;22;;;9938.5;0.0
yf_ZW=F_d1;2600;INTARIAN_PEPPER_ROOT;12964;13;12961;13;;;12976;8;12980;15;;;12970.0;0.0
yf_ZW=F_d1;2700;ASH_COATED_OSMIUM;9936;16;9932;15;;;9942;15;9945;24;;;9939.0;0.0
yf_ZW=F_d1;2700;INTARIAN_PEPPER_ROOT;12966;5;12964;20;;;12972;21;12975;18;;;12969.0;0.0
yf_ZW=F_d1;2800;ASH_COATED_OSMIUM;9935;13;9932;21;;;9941;15;9944;22;;;9938.0;0.0
yf_ZW=F_d1;2800;INTARIAN_PEPPER_ROOT;12965;14;12961;19;;;12971;20;12974;22;;;12968.0;0.0
yf_ZW=F_d1;2900;ASH_COATED_OSMIUM;9935;12;9932;22;;;9941;12;9944;17;;;9938.0;0.0
yf_ZW=F_d1;2900;INTARIAN_PEPPER_ROOT;12964;17;12961;13;;;12970;23;12974;12;;;12967.0;0.0
yf_ZW=F_d1;3000;ASH_COATED_OSMIUM;9935;26;9932;23;;;9941;8;9945;10;;;9938.0;0.0
yf_ZW=F_d1;3000;INTARIAN_PEPPER_ROOT;12962;14;12959;17;;;12968;13;12971;8;;;12965.0;0.0
yf_ZW=F_d1;3100;ASH_COATED_OSMIUM;9935;22;9933;19;;;9943;11;9946;26;;;9939.0;0.0
yf_ZW=F_d1;3100;INTARIAN_PEPPER_ROOT;12961;12;12958;22;;;12967;10;12971;25;;;12964.0;0.0
yf_ZW=F_d1;3200;ASH_COATED_OSMIUM;9934;8;9932;18;;;9944;14;9946;26;;;9939.0;0.0
yf_ZW=F_d1;3200;INTARIAN_PEPPER_ROOT;12960;16;12956;20;;;12966;12;12969;20;;;12963.0;0.0
yf_ZW=F_d1;3300;ASH_COATED_OSMIUM;9935;12;9932;26;;;9942;16;9946;18;;;9938.5;0.0
yf_ZW=F_d1;3300;INTARIAN_PEPPER_ROOT;12959;9;12957;22;;;12965;13;12968;14;;;12962.0;0.0
yf_ZW=F_d1;3400;ASH_COATED_OSMIUM;9935;30;9932;25;;;9944;18;9947;18;;;9939.5;0.0
yf_ZW=F_d1;3400;INTARIAN_PEPPER_ROOT;12954;15;12952;20;;;12969;21;12972;19;;;12961.5;0.0
yf_ZW=F_d1;3500;ASH_COATED_OSMIUM;9936;22;9934;25;;;9942;17;9944;15;;;9939.0;0.0
yf_ZW=F_d1;3500;INTARIAN_PEPPER_ROOT;12956;25;12954;21;;;12962;14;12965;10;;;12959.0;0.0
yf_ZW=F_d1;3600;ASH_COATED_OSMIUM;9932;23;9928;13;;;9944;17;9947;14;;;9938.0;0.0
yf_ZW=F_d1;3600;INTARIAN_PEPPER_ROOT;12955;13;12952;20;;;12961;11;12964;19;;;12958.0;0.0
yf_ZW=F_d1;3700;ASH_COATED_OSMIUM;9931;11;9928;20;;;9948;12;9950;15;;;9939.5;0.0
yf_ZW=F_d1;3700;INTARIAN_PEPPER_ROOT;12953;27;12949;21;;;12961;10;12963;24;;;12957.0;0.0
yf_ZW=F_d1;3800;ASH_COATED_OSMIUM;9932;17;9929;18;;;9945;12;9949;21;;;9938.5;0.0
yf_ZW=F_d1;3800;INTARIAN_PEPPER_ROOT;12953;15;12949;18;;;12959;15;12962;33;;;12956.0;0.0
yf_ZW=F_d1;3900;ASH_COATED_OSMIUM;9936;16;9934;17;;;9942;5;9944;20;;;9939.0;0.0
yf_ZW=F_d1;3900;INTARIAN_PEPPER_ROOT;12951;20;12949;15;;;12957;23;12960;19;;;12954.0;0.0
yf_ZW=F_d1;4000;ASH_COATED_OSMIUM;9931;27;9927;27;;;9947;16;9950;13;;;9939.0;0.0
yf_ZW=F_d1;4000;INTARIAN_PEPPER_ROOT;12949;19;12947;20;;;12958;13;12960;17;;;12953.5;0.0
yf_ZW=F_d1;4100;ASH_COATED_OSMIUM;9936;16;9933;17;;;9942;14;9946;26;;;9939.0;0.0
yf_ZW=F_d1;4100;INTARIAN_PEPPER_ROOT;12950;19;12946;25;;;12956;12;12960;16;;;12953.0;0.0
yf_ZW=F_d1;4200;ASH_COATED_OSMIUM;9930;12;9926;25;;;9948;21;9951;14;;;9939.0;0.0
yf_ZW=F_d1;4200;INTARIAN_PEPPER_ROOT;12949;21;12946;24;;;12955;15;12958;31;;;12952.0;0.0
yf_ZW=F_d1;4300;ASH_COATED_OSMIUM;9936;9;9934;25;;;9942;18;9944;18;;;9939.0;0.0
yf_ZW=F_d1;4300;INTARIAN_PEPPER_ROOT;12947;17;12945;22;;;12953;17;12955;25;;;12950.0;0.0
yf_ZW=F_d1;4400;ASH_COATED_OSMIUM;9936;20;9933;24;;;9942;16;9945;24;;;9939.0;0.0
yf_ZW=F_d1;4400;INTARIAN_PEPPER_ROOT;12946;10;12943;15;;;12952;8;12956;16;;;12949.0;0.0
yf_ZW=F_d1;4500;ASH_COATED_OSMIUM;9936;20;9934;24;;;9942;9;9945;25;;;9939.0;0.0
yf_ZW=F_d1;4500;INTARIAN_PEPPER_ROOT;12938;17;12935;21;;;12958;9;12960;9;;;12948.0;0.0
yf_ZW=F_d1;4600;ASH_COATED_OSMIUM;9925;16;9923;16;;;9954;13;9958;28;;;9939.5;0.0
yf_ZW=F_d1;4600;INTARIAN_PEPPER_ROOT;12941;13;12939;22;;;12953;13;12956;16;;;12947.0;0.0
yf_ZW=F_d1;4700;ASH_COATED_OSMIUM;9936;22;9932;23;;;9942;15;9944;22;;;9939.0;0.0
yf_ZW=F_d1;4700;INTARIAN_PEPPER_ROOT;12943;12;12941;17;;;12949;13;12953;23;;;12946.0;0.0
yf_ZW=F_d1;4800;ASH_COATED_OSMIUM;9936;11;9932;8;;;9942;20;9945;16;;;9939.0;0.0
yf_ZW=F_d1;4800;INTARIAN_PEPPER_ROOT;12941;8;12937;10;;;12947;20;12951;12;;;12944.0;0.0
yf_ZW=F_d1;4900;ASH_COATED_OSMIUM;9935;10;9931;21;;;9943;5;9947;11;;;9939.0;0.0
yf_ZW=F_d1;4900;INTARIAN_PEPPER_ROOT;12940;5;12937;16;;;12946;5;12948;25;;;12943.0;0.0
yf_ZW=F_d1;5000;ASH_COATED_OSMIUM;9936;19;9932;21;;;9942;12;9944;21;;;9939.0;0.0
yf_ZW=F_d1;5000;INTARIAN_PEPPER_ROOT;12936;11;12932;12;;;12948;8;12950;14;;;12942.0;0.0
yf_ZW=F_d1;5100;ASH_COATED_OSMIUM;9935;11;9932;15;;;9941;5;9944;26;;;9938.0;0.0
yf_ZW=F_d1;5100;INTARIAN_PEPPER_ROOT;12938;16;12936;23;;;12944;5;12946;21;;;12941.0;0.0
yf_ZW=F_d1;5200;ASH_COATED_OSMIUM;9936;21;9933;29;;;9942;18;9944;13;;;9939.0;0.0
yf_ZW=F_d1;5200;INTARIAN_PEPPER_ROOT;12929;20;12927;24;;;12951;14;12953;17;;;12940.0;0.0
yf_ZW=F_d1;5300;ASH_COATED_OSMIUM;9936;6;9934;22;;;9942;15;9946;21;;;9939.0;0.0
yf_ZW=F_d1;5300;INTARIAN_PEPPER_ROOT;12934;14;12931;15;;;12944;13;12946;22;;;12939.0;0.0
yf_ZW=F_d1;5400;ASH_COATED_OSMIUM;9936;11;9934;24;;;9942;17;9945;19;;;9939.0;0.0
yf_ZW=F_d1;5400;INTARIAN_PEPPER_ROOT;12933;7;12930;25;;;12943;10;12947;20;;;12938.0;0.0
yf_ZW=F_d1;5500;ASH_COATED_OSMIUM;9936;10;9932;19;;;9943;10;9946;14;;;9939.5;0.0
yf_ZW=F_d1;5500;INTARIAN_PEPPER_ROOT;12934;18;12932;26;;;12940;11;12942;17;;;12937.0;0.0
yf_ZW=F_d1;5600;ASH_COATED_OSMIUM;9933;16;9931;15;;;9946;27;9949;16;;;9939.5;0.0
yf_ZW=F_d1;5600;INTARIAN_PEPPER_ROOT;12932;15;12929;15;;;12938;12;12941;18;;;12935.0;0.0
yf_ZW=F_d1;5700;ASH_COATED_OSMIUM;9936;14;9934;20;;;9942;5;9946;15;;;9939.0;0.0
yf_ZW=F_d1;5700;INTARIAN_PEPPER_ROOT;12931;15;12927;17;;;12937;14;12939;20;;;12934.0;0.0
yf_ZW=F_d1;5800;ASH_COATED_OSMIUM;9936;19;9933;17;;;9942;17;9945;29;;;9939.0;0.0
yf_ZW=F_d1;5800;INTARIAN_PEPPER_ROOT;12930;6;12926;16;;;12936;15;12940;23;;;12933.0;0.0
yf_ZW=F_d1;5900;ASH_COATED_OSMIUM;9936;18;9932;16;;;9942;8;9946;28;;;9939.0;0.0
yf_ZW=F_d1;5900;INTARIAN_PEPPER_ROOT;12926;19;12923;9;;;12939;12;12942;15;;;12932.5;0.0
yf_ZW=F_d1;6000;ASH_COATED_OSMIUM;9932;5;9928;21;;;9947;17;9951;25;;;9939.5;0.0
yf_ZW=F_d1;6000;INTARIAN_PEPPER_ROOT;12927;14;12924;20;;;12933;15;12937;25;;;12930.0;0.0
yf_ZW=F_d1;6100;ASH_COATED_OSMIUM;9934;21;9931;14;;;9944;5;9948;25;;;9939.0;0.0
yf_ZW=F_d1;6100;INTARIAN_PEPPER_ROOT;12927;8;12923;21;;;12933;13;12937;16;;;12930.0;0.0
yf_ZW=F_d1;6200;ASH_COATED_OSMIUM;9935;7;9933;21;;;9944;11;9947;21;;;9939.5;0.0
yf_ZW=F_d1;6200;INTARIAN_PEPPER_ROOT;12923;13;12920;18;;;12934;9;12936;14;;;12928.5;0.0
yf_ZW=F_d1;6300;ASH_COATED_OSMIUM;9935;22;9932;24;;;9943;14;9946;13;;;9939.0;0.0
yf_ZW=F_d1;6300;INTARIAN_PEPPER_ROOT;12924;5;12922;25;;;12930;10;12934;12;;;12927.0;0.0
yf_ZW=F_d1;6400;ASH_COATED_OSMIUM;9934;22;9931;17;;;9945;16;9947;19;;;9939.5;0.0
yf_ZW=F_d1;6400;INTARIAN_PEPPER_ROOT;12923;17;12920;17;;;12929;10;12933;20;;;12926.0;0.0
yf_ZW=F_d1;6500;ASH_COATED_OSMIUM;9934;12;9930;26;;;9944;15;9946;14;;;9939.0;0.0
yf_ZW=F_d1;6500;INTARIAN_PEPPER_ROOT;12917;15;12914;23;;;12933;9;12935;15;;;12925.0;0.0
yf_ZW=F_d1;6600;ASH_COATED_OSMIUM;9937;18;9935;13;;;9943;7;9945;24;;;9940.0;0.0
yf_ZW=F_d1;6600;INTARIAN_PEPPER_ROOT;12921;13;12917;19;;;12927;10;12930;11;;;12924.0;0.0
yf_ZW=F_d1;6700;ASH_COATED_OSMIUM;9936;16;9932;27;;;9942;20;9946;33;;;9939.0;0.0
yf_ZW=F_d1;6700;INTARIAN_PEPPER_ROOT;12907;17;12904;24;;;12939;12;12942;19;;;12923.0;0.0
yf_ZW=F_d1;6800;ASH_COATED_OSMIUM;9937;24;9934;20;;;9943;14;9946;16;;;9940.0;0.0
yf_ZW=F_d1;6800;INTARIAN_PEPPER_ROOT;12918;20;12915;21;;;12924;12;12927;21;;;12921.0;0.0
yf_ZW=F_d1;6900;ASH_COATED_OSMIUM;9937;10;9933;19;;;9943;15;9947;13;;;9940.0;0.0
yf_ZW=F_d1;6900;INTARIAN_PEPPER_ROOT;12917;9;12913;22;;;12924;20;12926;23;;;12920.5;0.0
yf_ZW=F_d1;7000;ASH_COATED_OSMIUM;9937;5;9935;21;;;9943;9;9946;15;;;9940.0;0.0
yf_ZW=F_d1;7000;INTARIAN_PEPPER_ROOT;12914;9;12911;25;;;12924;9;12928;23;;;12919.0;0.0
yf_ZW=F_d1;7100;ASH_COATED_OSMIUM;9936;24;9932;17;;;9942;15;9946;30;;;9939.0;0.0
yf_ZW=F_d1;7100;INTARIAN_PEPPER_ROOT;12914;24;12911;13;;;12922;18;12926;16;;;12918.0;0.0
yf_ZW=F_d1;7200;ASH_COATED_OSMIUM;9936;19;9933;21;;;9942;17;9945;31;;;9939.0;0.0
yf_ZW=F_d1;7200;INTARIAN_PEPPER_ROOT;12911;5;12909;13;;;12924;5;12927;21;;;12917.5;0.0
yf_ZW=F_d1;7300;ASH_COATED_OSMIUM;9927;9;9923;21;;;9951;14;9953;24;;;9939.0;0.0
yf_ZW=F_d1;7300;INTARIAN_PEPPER_ROOT;12913;16;12910;19;;;12919;5;12922;17;;;12916.0;0.0
yf_ZW=F_d1;7400;ASH_COATED_OSMIUM;9935;16;9932;26;;;9945;14;9949;10;;;9940.0;0.0
yf_ZW=F_d1;7400;INTARIAN_PEPPER_ROOT;12912;12;12909;15;;;12918;11;12920;19;;;12915.0;0.0
yf_ZW=F_d1;7500;ASH_COATED_OSMIUM;9937;17;9933;18;;;9943;14;9945;11;;;9940.0;0.0
yf_ZW=F_d1;7500;INTARIAN_PEPPER_ROOT;12906;12;12904;13;;;12922;8;12925;15;;;12914.0;0.0
yf_ZW=F_d1;7600;ASH_COATED_OSMIUM;9937;9;9933;15;;;9943;26;9945;20;;;9940.0;0.0
yf_ZW=F_d1;7600;INTARIAN_PEPPER_ROOT;12909;9;12906;21;;;12915;15;12919;8;;;12912.0;0.0
yf_ZW=F_d1;7700;ASH_COATED_OSMIUM;9936;12;9932;26;;;9942;14;9944;18;;;9939.0;0.0
yf_ZW=F_d1;7700;INTARIAN_PEPPER_ROOT;12892;18;12889;15;;;12930;18;12932;10;;;12911.0;0.0
yf_ZW=F_d1;7800;ASH_COATED_OSMIUM;9937;7;9933;19;;;9943;12;9947;25;;;9940.0;0.0
yf_ZW=F_d1;7800;INTARIAN_PEPPER_ROOT;12906;15;12902;21;;;12913;13;12915;21;;;12909.5;0.0
yf_ZW=F_d1;7900;ASH_COATED_OSMIUM;9937;5;9933;22;;;9943;21;9945;17;;;9940.0;0.0
yf_ZW=F_d1;7900;INTARIAN_PEPPER_ROOT;12905;21;12902;21;;;12914;14;12916;19;;;12909.5;0.0
yf_ZW=F_d1;8000;ASH_COATED_OSMIUM;9936;18;9933;18;;;9942;17;9944;20;;;9939.0;0.0
yf_ZW=F_d1;8000;INTARIAN_PEPPER_ROOT;12905;20;12902;21;;;12911;19;12914;22;;;12908.0;0.0
yf_ZW=F_d1;8100;ASH_COATED_OSMIUM;9929;17;9925;15;;;9949;11;9952;20;;;9939.0;0.0
yf_ZW=F_d1;8100;INTARIAN_PEPPER_ROOT;12902;11;12900;27;;;12911;12;12913;18;;;12906.5;0.0
yf_ZW=F_d1;8200;ASH_COATED_OSMIUM;9937;14;9934;26;;;9943;26;9945;9;;;9940.0;0.0
yf_ZW=F_d1;8200;INTARIAN_PEPPER_ROOT;12902;19;12899;14;;;12909;8;12913;20;;;12905.5;0.0
yf_ZW=F_d1;8300;ASH_COATED_OSMIUM;9928;14;9924;15;;;9951;19;9954;23;;;9939.5;0.0
yf_ZW=F_d1;8300;INTARIAN_PEPPER_ROOT;12897;5;12894;10;;;12912;5;12914;21;;;12904.5;0.0
yf_ZW=F_d1;8400;ASH_COATED_OSMIUM;9937;10;9934;26;;;9943;15;9945;19;;;9940.0;0.0
yf_ZW=F_d1;8400;INTARIAN_PEPPER_ROOT;12901;18;12897;21;;;12907;9;12911;22;;;12904.0;0.0
yf_ZW=F_d1;8500;ASH_COATED_OSMIUM;9932;18;9930;18;;;9947;25;9949;22;;;9939.5;0.0
yf_ZW=F_d1;8500;INTARIAN_PEPPER_ROOT;12896;6;12894;18;;;12909;22;12911;18;;;12902.5;0.0
yf_ZW=F_d1;8600;ASH_COATED_OSMIUM;9936;19;9933;19;;;9942;15;9945;22;;;9939.0;0.0
yf_ZW=F_d1;8600;INTARIAN_PEPPER_ROOT;12894;17;12892;23;;;12907;18;12909;14;;;12900.5;0.0
yf_ZW=F_d1;8700;ASH_COATED_OSMIUM;9937;6;9935;12;;;9943;11;9945;24;;;9940.0;0.0
yf_ZW=F_d1;8700;INTARIAN_PEPPER_ROOT;12897;12;12894;16;;;12903;16;12907;26;;;12900.0;0.0
yf_ZW=F_d1;8800;ASH_COATED_OSMIUM;9935;10;9932;30;;;9944;8;9946;23;;;9939.5;0.0
yf_ZW=F_d1;8800;INTARIAN_PEPPER_ROOT;12895;18;12893;21;;;12902;10;12906;29;;;12898.5;0.0
yf_ZW=F_d1;8900;ASH_COATED_OSMIUM;9933;14;9931;22;;;9946;7;9949;22;;;9939.5;0.0
yf_ZW=F_d1;8900;INTARIAN_PEPPER_ROOT;12896;19;12893;19;;;12902;21;12905;17;;;12899.0;0.0
yf_ZW=F_d1;9000;ASH_COATED_OSMIUM;9936;14;9933;29;;;9942;15;9945;19;;;9939.0;0.0
yf_ZW=F_d1;9000;INTARIAN_PEPPER_ROOT;12893;8;12890;23;;;12899;22;12901;21;;;12896.0;0.0
yf_ZW=F_d1;9100;ASH_COATED_OSMIUM;9936;8;9932;30;;;9942;22;9945;19;;;9939.0;0.0
yf_ZW=F_d1;9100;INTARIAN_PEPPER_ROOT;12890;9;12887;21;;;12901;12;12903;28;;;12895.5;0.0
yf_ZW=F_d1;9200;ASH_COATED_OSMIUM;9936;19;9933;23;;;9942;5;9944;27;;;9939.0;0.0
yf_ZW=F_d1;9200;INTARIAN_PEPPER_ROOT;12892;19;12889;16;;;12898;9;12900;17;;;12895.0;0.0
yf_ZW=F_d1;9300;ASH_COATED_OSMIUM;9936;13;9933;15;;;9942;6;9945;18;;;9939.0;0.0
yf_ZW=F_d1;9300;INTARIAN_PEPPER_ROOT;12890;13;12887;18;;;12896;22;12899;21;;;12893.0;0.0
yf_ZW=F_d1;9400;ASH_COATED_OSMIUM;9936;15;9933;22;;;9942;11;9945;23;;;9939.0;0.0
yf_ZW=F_d1;9400;INTARIAN_PEPPER_ROOT;12889;14;12887;20;;;12895;10;12899;17;;;12892.0;0.0
yf_ZW=F_d1;9500;ASH_COATED_OSMIUM;9937;16;9934;16;;;9943;15;9945;14;;;9940.0;0.0
yf_ZW=F_d1;9500;INTARIAN_PEPPER_ROOT;12887;8;12885;15;;;12893;13;12895;21;;;12890.0;0.0
yf_ZW=F_d1;9600;ASH_COATED_OSMIUM;9937;16;9935;22;;;9943;19;9945;20;;;9940.0;0.0
yf_ZW=F_d1;9600;INTARIAN_PEPPER_ROOT;12885;24;12881;16;;;12896;11;12898;17;;;12890.5;0.0
yf_ZW=F_d1;9700;ASH_COATED_OSMIUM;9935;16;9932;15;;;9943;19;9946;24;;;9939.0;0.0
yf_ZW=F_d1;9700;INTARIAN_PEPPER_ROOT;12886;18;12883;14;;;12892;17;12896;23;;;12889.0;0.0
yf_ZW=F_d1;9800;ASH_COATED_OSMIUM;9937;18;9933;19;;;9943;16;9946;26;;;9940.0;0.0
yf_ZW=F_d1;9800;INTARIAN_PEPPER_ROOT;12885;14;12883;21;;;12891;17;12895;19;;;12888.0;0.0
yf_ZW=F_d1;9900;ASH_COATED_OSMIUM;9937;9;9933;23;;;9943;13;9945;22;;;9940.0;0.0
yf_ZW=F_d1;9900;INTARIAN_PEPPER_ROOT;12884;14;12880;22;;;12890;9;12894;19;;;12887.0;0.0
yf_ZW=F_d1;10000;ASH_COATED_OSMIUM;9936;24;9933;19;;;9943;12;9947;13;;;9939.5;0.0
yf_ZW=F_d1;10000;INTARIAN_PEPPER_ROOT;12882;6;12878;8;;;12888;20;12890;14;;;12885.0;0.0
yf_ZW=F_d1;10100;ASH_COATED_OSMIUM;9937;21;9933;19;;;9943;23;9947;18;;;9940.0;0.0
yf_ZW=F_d1;10100;INTARIAN_PEPPER_ROOT;12876;11;12873;21;;;12892;13;12895;23;;;12884.0;0.0
yf_ZW=F_d1;10200;ASH_COATED_OSMIUM;9936;13;9932;24;;;9942;16;9945;13;;;9939.0;0.0
yf_ZW=F_d1;10200;INTARIAN_PEPPER_ROOT;12880;11;12877;23;;;12886;8;12888;17;;;12883.0;0.0
yf_ZW=F_d1;10300;ASH_COATED_OSMIUM;9937;22;9935;26;;;9943;5;9946;14;;;9940.0;0.0
yf_ZW=F_d1;10300;INTARIAN_PEPPER_ROOT;12872;9;12868;20;;;12892;5;12896;21;;;12882.0;0.0
yf_ZW=F_d1;10400;ASH_COATED_OSMIUM;9937;17;9935;12;;;9943;10;9947;22;;;9940.0;0.0
yf_ZW=F_d1;10400;INTARIAN_PEPPER_ROOT;12872;11;12868;22;;;12889;13;12893;21;;;12880.5;0.0
yf_ZW=F_d1;10500;ASH_COATED_OSMIUM;9933;14;9929;12;;;9945;23;9947;23;;;9939.0;0.0
yf_ZW=F_d1;10500;INTARIAN_PEPPER_ROOT;12874;18;12872;19;;;12885;18;12889;16;;;12879.5;0.0
yf_ZW=F_d1;10600;ASH_COATED_OSMIUM;9937;14;9933;11;;;9943;14;9947;21;;;9940.0;0.0
yf_ZW=F_d1;10600;INTARIAN_PEPPER_ROOT;12875;19;12873;12;;;12881;16;12885;26;;;12878.0;0.0
yf_ZW=F_d1;10700;ASH_COATED_OSMIUM;9936;7;9933;20;;;9944;19;9947;28;;;9940.0;0.0
yf_ZW=F_d1;10700;INTARIAN_PEPPER_ROOT;12871;12;12868;18;;;12884;13;12887;17;;;12877.5;0.0
yf_ZW=F_d1;10800;ASH_COATED_OSMIUM;9934;25;9930;23;;;9944;9;9947;20;;;9939.0;0.0
yf_ZW=F_d1;10800;INTARIAN_PEPPER_ROOT;12867;20;12865;14;;;12885;9;12888;22;;;12876.0;0.0
yf_ZW=F_d1;10900;ASH_COATED_OSMIUM;9934;9;9931;20;;;9946;7;9948;17;;;9940.0;0.0
yf_ZW=F_d1;10900;INTARIAN_PEPPER_ROOT;12871;24;12869;21;;;12878;14;12882;15;;;12874.5;0.0
yf_ZW=F_d1;11000;ASH_COATED_OSMIUM;9936;14;9934;15;;;9944;12;9946;20;;;9940.0;0.0
yf_ZW=F_d1;11000;INTARIAN_PEPPER_ROOT;12871;14;12867;26;;;12877;15;12880;18;;;12874.0;0.0
yf_ZW=F_d1;11100;ASH_COATED_OSMIUM;9936;10;9932;13;;;9942;10;9944;24;;;9939.0;0.0
yf_ZW=F_d1;11100;INTARIAN_PEPPER_ROOT;12869;14;12865;20;;;12875;21;12877;23;;;12872.0;0.0
yf_ZW=F_d1;11200;ASH_COATED_OSMIUM;9936;21;9934;27;;;9943;18;9946;29;;;9939.5;0.0
yf_ZW=F_d1;11200;INTARIAN_PEPPER_ROOT;12866;10;12862;22;;;12876;14;12878;24;;;12871.0;0.0
yf_ZW=F_d1;11300;ASH_COATED_OSMIUM;9937;14;9933;25;;;9943;9;9946;26;;;9940.0;0.0
yf_ZW=F_d1;11300;INTARIAN_PEPPER_ROOT;12867;13;12864;20;;;12873;15;12875;23;;;12870.0;0.0
yf_ZW=F_d1;11400;ASH_COATED_OSMIUM;9937;6;9935;27;;;9943;7;9947;16;;;9940.0;0.0
yf_ZW=F_d1;11400;INTARIAN_PEPPER_ROOT;12866;10;12863;17;;;12872;21;12874;24;;;12869.0;0.0
yf_ZW=F_d1;11500;ASH_COATED_OSMIUM;9935;20;9932;25;;;9945;10;9948;25;;;9940.0;0.0
yf_ZW=F_d1;11500;INTARIAN_PEPPER_ROOT;12864;13;12860;28;;;12870;12;12874;23;;;12867.0;0.0
yf_ZW=F_d1;11600;ASH_COATED_OSMIUM;9934;7;9931;16;;;9946;19;9948;26;;;9940.0;0.0
yf_ZW=F_d1;11600;INTARIAN_PEPPER_ROOT;12856;15;12853;16;;;12878;10;12881;18;;;12867.0;0.0
yf_ZW=F_d1;11700;ASH_COATED_OSMIUM;9937;22;9933;17;;;9943;18;9946;22;;;9940.0;0.0
yf_ZW=F_d1;11700;INTARIAN_PEPPER_ROOT;12863;13;12861;15;;;12869;17;12873;33;;;12866.0;0.0
yf_ZW=F_d1;11800;ASH_COATED_OSMIUM;9937;21;9934;21;;;9943;20;9945;19;;;9940.0;0.0
yf_ZW=F_d1;11800;INTARIAN_PEPPER_ROOT;12859;15;12857;18;;;12869;13;12871;22;;;12864.0;0.0
yf_ZW=F_d1;11900;ASH_COATED_OSMIUM;9937;19;9935;19;;;9943;15;9946;22;;;9940.0;0.0
yf_ZW=F_d1;11900;INTARIAN_PEPPER_ROOT;12859;10;12855;20;;;12869;20;12873;14;;;12864.0;0.0
yf_ZW=F_d1;12000;ASH_COATED_OSMIUM;9937;7;9935;10;;;9943;9;9947;19;;;9940.0;0.0
yf_ZW=F_d1;12000;INTARIAN_PEPPER_ROOT;12858;18;12856;23;;;12866;14;12869;16;;;12862.0;0.0
yf_ZW=F_d1;12100;ASH_COATED_OSMIUM;9937;5;9933;18;;;9943;5;9945;11;;;9940.0;0.0
yf_ZW=F_d1;12100;INTARIAN_PEPPER_ROOT;12857;15;12853;23;;;12865;8;12869;25;;;12861.0;0.0
yf_ZW=F_d1;12200;ASH_COATED_OSMIUM;9933;16;9931;18;;;9946;17;9948;24;;;9939.5;0.0
yf_ZW=F_d1;12200;INTARIAN_PEPPER_ROOT;12857;20;12853;23;;;12863;17;12866;13;;;12860.0;0.0
yf_ZW=F_d1;12300;ASH_COATED_OSMIUM;9937;18;9933;17;;;9944;19;9946;15;;;9940.5;0.0
yf_ZW=F_d1;12300;INTARIAN_PEPPER_ROOT;12855;7;12852;28;;;12861;18;12863;14;;;12858.0;0.0
yf_ZW=F_d1;12400;ASH_COATED_OSMIUM;9937;9;9934;14;;;9943;21;9947;25;;;9940.0;0.0
yf_ZW=F_d1;12400;INTARIAN_PEPPER_ROOT;12855;11;12852;14;;;12861;15;12864;26;;;12858.0;0.0
yf_ZW=F_d1;12500;ASH_COATED_OSMIUM;9936;7;9934;25;;;9945;14;9949;22;;;9940.5;0.0
yf_ZW=F_d1;12500;INTARIAN_PEPPER_ROOT;12854;13;12852;13;;;12860;17;12863;20;;;12857.0;0.0
yf_ZW=F_d1;12600;ASH_COATED_OSMIUM;9937;11;9933;23;;;9943;16;9947;21;;;9940.0;0.0
yf_ZW=F_d1;12600;INTARIAN_PEPPER_ROOT;12852;12;12849;17;;;12858;7;12861;18;;;12855.0;0.0
yf_ZW=F_d1;12700;ASH_COATED_OSMIUM;9937;14;9933;12;;;9943;14;9945;16;;;9940.0;0.0
yf_ZW=F_d1;12700;INTARIAN_PEPPER_ROOT;12838;19;12836;17;;;12869;13;12871;13;;;12853.5;0.0
yf_ZW=F_d1;12800;ASH_COATED_OSMIUM;9935;19;9932;20;;;9946;21;9948;30;;;9940.5;0.0
yf_ZW=F_d1;12800;INTARIAN_PEPPER_ROOT;12848;19;12845;24;;;12859;10;12863;20;;;12853.5;0.0
yf_ZW=F_d1;12900;ASH_COATED_OSMIUM;9937;19;9933;18;;;9943;6;9946;22;;;9940.0;0.0
yf_ZW=F_d1;12900;INTARIAN_PEPPER_ROOT;12849;15;12847;20;;;12855;17;12859;18;;;12852.0;0.0
yf_ZW=F_d1;13000;ASH_COATED_OSMIUM;9938;5;9936;19;;;9944;20;9948;23;;;9941.0;0.0
yf_ZW=F_d1;13000;INTARIAN_PEPPER_ROOT;12847;28;12843;17;;;12855;13;12858;25;;;12851.0;0.0
yf_ZW=F_d1;13100;ASH_COATED_OSMIUM;9937;15;9933;19;;;9943;8;9946;17;;;9940.0;0.0
yf_ZW=F_d1;13100;INTARIAN_PEPPER_ROOT;12847;17;12844;27;;;12853;14;12855;19;;;12850.0;0.0
yf_ZW=F_d1;13200;ASH_COATED_OSMIUM;9933;25;9929;21;;;9947;13;9951;18;;;9940.0;0.0
yf_ZW=F_d1;13200;INTARIAN_PEPPER_ROOT;12846;6;12844;19;;;12852;14;12855;19;;;12849.0;0.0
yf_ZW=F_d1;13300;ASH_COATED_OSMIUM;9937;23;9935;22;;;9944;17;9947;33;;;9940.5;0.0
yf_ZW=F_d1;13300;INTARIAN_PEPPER_ROOT;12845;18;12841;29;;;12851;16;12854;22;;;12848.0;0.0
yf_ZW=F_d1;13400;ASH_COATED_OSMIUM;9937;8;9933;28;;;9943;22;9945;22;;;9940.0;0.0
yf_ZW=F_d1;13400;INTARIAN_PEPPER_ROOT;12842;5;12838;16;;;12850;14;12853;29;;;12846.0;0.0
yf_ZW=F_d1;13500;ASH_COATED_OSMIUM;9937;8;9935;19;;;9943;14;9947;11;;;9940.0;0.0
yf_ZW=F_d1;13500;INTARIAN_PEPPER_ROOT;12842;16;12838;15;;;12848;9;12851;12;;;12845.0;0.0
yf_ZW=F_d1;13600;ASH_COATED_OSMIUM;9938;14;9936;19;;;9944;15;9947;32;;;9941.0;0.0
yf_ZW=F_d1;13600;INTARIAN_PEPPER_ROOT;12835;20;12831;19;;;12852;17;12854;11;;;12843.5;0.0
yf_ZW=F_d1;13700;ASH_COATED_OSMIUM;9934;21;9930;24;;;9946;16;9948;19;;;9940.0;0.0
yf_ZW=F_d1;13700;INTARIAN_PEPPER_ROOT;12840;18;12836;17;;;12846;13;12848;8;;;12843.0;0.0
yf_ZW=F_d1;13800;ASH_COATED_OSMIUM;9938;14;9936;21;;;9944;11;9946;23;;;9941.0;0.0
yf_ZW=F_d1;13800;INTARIAN_PEPPER_ROOT;12836;18;12834;25;;;12846;14;12848;27;;;12841.0;0.0
yf_ZW=F_d1;13900;ASH_COATED_OSMIUM;9937;14;9934;20;;;9944;19;9947;17;;;9940.5;0.0
yf_ZW=F_d1;13900;INTARIAN_PEPPER_ROOT;12838;16;12835;20;;;12844;16;12846;18;;;12841.0;0.0
yf_ZW=F_d1;14000;ASH_COATED_OSMIUM;9937;15;9935;21;;;9943;16;9947;14;;;9940.0;0.0
yf_ZW=F_d1;14000;INTARIAN_PEPPER_ROOT;12836;13;12833;12;;;12842;13;12846;19;;;12839.0;0.0
yf_ZW=F_d1;14100;ASH_COATED_OSMIUM;9935;9;9933;10;;;9946;10;9949;20;;;9940.5;0.0
yf_ZW=F_d1;14100;INTARIAN_PEPPER_ROOT;12834;21;12832;14;;;12843;16;12847;29;;;12838.5;0.0
yf_ZW=F_d1;14200;ASH_COATED_OSMIUM;9937;11;9934;25;;;9943;11;9947;24;;;9940.0;0.0
yf_ZW=F_d1;14200;INTARIAN_PEPPER_ROOT;12828;25;12826;20;;;12845;18;12848;21;;;12836.5;0.0
yf_ZW=F_d1;14300;ASH_COATED_OSMIUM;9938;8;9936;24;;;9944;5;9946;23;;;9941.0;0.0
yf_ZW=F_d1;14300;INTARIAN_PEPPER_ROOT;12825;14;12823;20;;;12847;16;12851;26;;;12836.0;0.0
yf_ZW=F_d1;14400;ASH_COATED_OSMIUM;9937;13;9933;25;;;9943;13;9945;23;;;9940.0;0.0
yf_ZW=F_d1;14400;INTARIAN_PEPPER_ROOT;12823;16;12821;17;;;12846;13;12850;31;;;12834.5;0.0
yf_ZW=F_d1;14500;ASH_COATED_OSMIUM;9935;15;9932;19;;;9946;10;9949;21;;;9940.5;0.0
yf_ZW=F_d1;14500;INTARIAN_PEPPER_ROOT;12830;13;12827;19;;;12836;7;12840;21;;;12833.0;0.0
yf_ZW=F_d1;14600;ASH_COATED_OSMIUM;9926;13;9923;16;;;9954;6;9957;17;;;9940.0;0.0
yf_ZW=F_d1;14600;INTARIAN_PEPPER_ROOT;12827;17;12825;18;;;12837;14;12839;8;;;12832.0;0.0
yf_ZW=F_d1;14700;ASH_COATED_OSMIUM;9936;17;9933;16;;;9944;11;9947;19;;;9940.0;0.0
yf_ZW=F_d1;14700;INTARIAN_PEPPER_ROOT;12825;15;12821;15;;;12839;17;12842;25;;;12832.0;0.0
yf_ZW=F_d1;14800;ASH_COATED_OSMIUM;9936;16;9933;17;;;9947;16;9951;24;;;9941.5;0.0
yf_ZW=F_d1;14800;INTARIAN_PEPPER_ROOT;12817;16;12813;21;;;12843;11;12845;24;;;12830.0;0.0
yf_ZW=F_d1;14900;ASH_COATED_OSMIUM;9937;16;9934;20;;;9943;11;9947;23;;;9940.0;0.0
yf_ZW=F_d1;14900;INTARIAN_PEPPER_ROOT;12824;9;12820;20;;;12835;18;12837;21;;;12829.5;0.0
yf_ZW=F_d1;15000;ASH_COATED_OSMIUM;9929;17;9926;11;;;9950;16;9953;20;;;9939.5;0.0
yf_ZW=F_d1;15000;INTARIAN_PEPPER_ROOT;12825;15;12821;20;;;12831;5;12833;18;;;12828.0;0.0
yf_ZW=F_d1;15100;ASH_COATED_OSMIUM;9938;15;9934;23;;;9944;12;9946;18;;;9941.0;0.0
yf_ZW=F_d1;15100;INTARIAN_PEPPER_ROOT;12821;7;12817;17;;;12832;18;12834;19;;;12826.5;0.0
yf_ZW=F_d1;15200;ASH_COATED_OSMIUM;9937;14;9933;29;;;9943;10;9947;16;;;9940.0;0.0
yf_ZW=F_d1;15200;INTARIAN_PEPPER_ROOT;12822;11;12819;12;;;12828;20;12830;21;;;12825.0;0.0
yf_ZW=F_d1;15300;ASH_COATED_OSMIUM;9937;20;9933;28;;;9943;20;9945;21;;;9940.0;0.0
yf_ZW=F_d1;15300;INTARIAN_PEPPER_ROOT;12822;7;12818;35;;;12828;16;12832;22;;;12825.0;0.0
yf_ZW=F_d1;15400;ASH_COATED_OSMIUM;9938;18;9934;25;;;9944;10;9948;26;;;9941.0;0.0
yf_ZW=F_d1;15400;INTARIAN_PEPPER_ROOT;12819;19;12817;21;;;12828;16;12831;18;;;12823.5;0.0
yf_ZW=F_d1;15500;ASH_COATED_OSMIUM;9927;21;9925;19;;;9954;9;9957;14;;;9940.5;0.0
yf_ZW=F_d1;15500;INTARIAN_PEPPER_ROOT;12819;10;12815;19;;;12825;13;12828;22;;;12822.0;0.0
yf_ZW=F_d1;15600;ASH_COATED_OSMIUM;9938;10;9936;25;;;9944;27;9948;22;;;9941.0;0.0
yf_ZW=F_d1;15600;INTARIAN_PEPPER_ROOT;12813;15;12811;17;;;12829;12;12833;15;;;12821.0;0.0
yf_ZW=F_d1;15700;ASH_COATED_OSMIUM;9932;15;9929;27;;;9949;11;9953;19;;;9940.5;0.0
yf_ZW=F_d1;15700;INTARIAN_PEPPER_ROOT;12817;22;12813;21;;;12823;16;12826;20;;;12820.0;0.0
yf_ZW=F_d1;15800;ASH_COATED_OSMIUM;9931;17;9928;22;;;9950;7;9953;8;;;9940.5;0.0
yf_ZW=F_d1;15800;INTARIAN_PEPPER_ROOT;12809;12;12806;16;;;12828;22;12831;22;;;12818.5;0.0
yf_ZW=F_d1;15900;ASH_COATED_OSMIUM;9935;10;9931;22;;;9946;13;9950;21;;;9940.5;0.0
yf_ZW=F_d1;15900;INTARIAN_PEPPER_ROOT;12815;19;12813;18;;;12821;17;12823;17;;;12818.0;0.0
yf_ZW=F_d1;16000;ASH_COATED_OSMIUM;9938;14;9935;18;;;9944;9;9948;26;;;9941.0;0.0
yf_ZW=F_d1;16000;INTARIAN_PEPPER_ROOT;12813;22;12809;25;;;12821;16;12823;25;;;12817.0;0.0
yf_ZW=F_d1;16100;ASH_COATED_OSMIUM;9935;11;9933;15;;;9947;22;9951;19;;;9941.0;0.0
yf_ZW=F_d1;16100;INTARIAN_PEPPER_ROOT;12812;14;12808;17;;;12818;5;12820;22;;;12815.0;0.0
yf_ZW=F_d1;16200;ASH_COATED_OSMIUM;9934;23;9931;17;;;9946;21;9949;20;;;9940.0;0.0
yf_ZW=F_d1;16200;INTARIAN_PEPPER_ROOT;12811;22;12807;19;;;12817;14;12819;14;;;12814.0;0.0
yf_ZW=F_d1;16300;ASH_COATED_OSMIUM;9933;8;9929;14;;;9948;22;9952;22;;;9940.5;0.0
yf_ZW=F_d1;16300;INTARIAN_PEPPER_ROOT;12805;19;12801;31;;;12821;13;12824;24;;;12813.0;0.0
yf_ZW=F_d1;16400;ASH_COATED_OSMIUM;9938;19;9936;23;;;9944;19;9948;14;;;9941.0;0.0
yf_ZW=F_d1;16400;INTARIAN_PEPPER_ROOT;12809;9;12806;25;;;12815;15;12817;17;;;12812.0;0.0
yf_ZW=F_d1;16500;ASH_COATED_OSMIUM;9937;20;9935;16;;;9946;8;9948;18;;;9941.5;0.0
yf_ZW=F_d1;16500;INTARIAN_PEPPER_ROOT;12808;15;12806;13;;;12814;15;12816;11;;;12811.0;0.0
yf_ZW=F_d1;16600;ASH_COATED_OSMIUM;9935;21;9932;21;;;9947;7;9949;24;;;9941.0;0.0
yf_ZW=F_d1;16600;INTARIAN_PEPPER_ROOT;12796;15;12792;25;;;12823;14;12827;27;;;12809.5;0.0
yf_ZW=F_d1;16700;ASH_COATED_OSMIUM;9938;11;9936;15;;;9944;18;9947;22;;;9941.0;0.0
yf_ZW=F_d1;16700;INTARIAN_PEPPER_ROOT;12793;10;12789;31;;;12824;17;12826;19;;;12808.5;0.0
yf_ZW=F_d1;16800;ASH_COATED_OSMIUM;9935;16;9931;18;;;9946;5;9949;19;;;9940.5;0.0
yf_ZW=F_d1;16800;INTARIAN_PEPPER_ROOT;12804;14;12802;17;;;12810;5;12814;19;;;12807.0;0.0
yf_ZW=F_d1;16900;ASH_COATED_OSMIUM;9938;16;9934;22;;;9944;18;9948;16;;;9941.0;0.0
yf_ZW=F_d1;16900;INTARIAN_PEPPER_ROOT;12803;23;12799;15;;;12809;22;12813;25;;;12806.0;0.0
yf_ZW=F_d1;17000;ASH_COATED_OSMIUM;9936;23;9932;23;;;9945;16;9949;14;;;9940.5;0.0
yf_ZW=F_d1;17000;INTARIAN_PEPPER_ROOT;12799;13;12796;18;;;12813;10;12815;22;;;12806.0;0.0
yf_ZW=F_d1;17100;ASH_COATED_OSMIUM;9935;11;9931;26;;;9946;9;9949;16;;;9940.5;0.0
yf_ZW=F_d1;17100;INTARIAN_PEPPER_ROOT;12802;8;12800;17;;;12808;23;12810;18;;;12805.0;0.0
yf_ZW=F_d1;17200;ASH_COATED_OSMIUM;9935;7;9931;21;;;9945;23;9947;21;;;9940.0;0.0
yf_ZW=F_d1;17200;INTARIAN_PEPPER_ROOT;12802;18;12799;19;;;12808;16;12812;24;;;12805.0;0.0
yf_ZW=F_d1;17300;ASH_COATED_OSMIUM;9937;11;9935;9;;;9943;19;9947;20;;;9940.0;0.0
yf_ZW=F_d1;17300;INTARIAN_PEPPER_ROOT;12802;24;12800;9;;;12808;21;12811;9;;;12805.0;0.0
yf_ZW=F_d1;17400;ASH_COATED_OSMIUM;9936;17;9934;11;;;9944;14;9946;18;;;9940.0;0.0
yf_ZW=F_d1;17400;INTARIAN_PEPPER_ROOT;12793;13;12790;19;;;12815;8;12819;24;;;12804.0;0.0
yf_ZW=F_d1;17500;ASH_COATED_OSMIUM;9936;19;9932;17;;;9944;15;9946;16;;;9940.0;0.0
yf_ZW=F_d1;17500;INTARIAN_PEPPER_ROOT;12801;12;12797;13;;;12807;10;12809;22;;;12804.0;0.0
yf_ZW=F_d1;17600;ASH_COATED_OSMIUM;9937;22;9934;25;;;9943;20;9946;9;;;9940.0;0.0
yf_ZW=F_d1;17600;INTARIAN_PEPPER_ROOT;12797;15;12795;15;;;12811;15;12814;15;;;12804.0;0.0
yf_ZW=F_d1;17700;ASH_COATED_OSMIUM;9937;17;9933;8;;;9943;21;9946;30;;;9940.0;0.0
yf_ZW=F_d1;17700;INTARIAN_PEPPER_ROOT;12801;18;12798;23;;;12807;10;12811;19;;;12804.0;0.0
yf_ZW=F_d1;17800;ASH_COATED_OSMIUM;9936;11;9932;19;;;9942;5;9944;16;;;9939.0;0.0
yf_ZW=F_d1;17800;INTARIAN_PEPPER_ROOT;12801;11;12798;15;;;12807;15;12809;26;;;12804.0;0.0
yf_ZW=F_d1;17900;ASH_COATED_OSMIUM;9936;18;9934;24;;;9942;13;9944;24;;;9939.0;0.0
yf_ZW=F_d1;17900;INTARIAN_PEPPER_ROOT;12799;12;12797;17;;;12808;15;12810;9;;;12803.5;0.0
yf_ZW=F_d1;18000;ASH_COATED_OSMIUM;9937;12;9935;8;;;9943;17;9947;25;;;9940.0;0.0
yf_ZW=F_d1;18000;INTARIAN_PEPPER_ROOT;12800;21;12796;20;;;12806;16;12808;19;;;12803.0;0.0
yf_ZW=F_d1;18100;ASH_COATED_OSMIUM;9936;21;9934;22;;;9942;10;9944;8;;;9939.0;0.0
yf_ZW=F_d1;18100;INTARIAN_PEPPER_ROOT;12797;25;12795;14;;;12808;9;12812;21;;;12802.5;0.0
yf_ZW=F_d1;18200;ASH_COATED_OSMIUM;9936;9;9934;21;;;9942;15;9945;19;;;9939.0;0.0
yf_ZW=F_d1;18200;INTARIAN_PEPPER_ROOT;12787;10;12785;15;;;12818;18;12821;19;;;12802.5;0.0
yf_ZW=F_d1;18300;ASH_COATED_OSMIUM;9936;22;9934;20;;;9944;8;9946;12;;;9940.0;0.0
yf_ZW=F_d1;18300;INTARIAN_PEPPER_ROOT;12797;22;12793;11;;;12808;12;12811;19;;;12802.5;0.0
yf_ZW=F_d1;18400;ASH_COATED_OSMIUM;9933;10;9930;14;;;9945;13;9948;20;;;9939.0;0.0
yf_ZW=F_d1;18400;INTARIAN_PEPPER_ROOT;12799;16;12795;24;;;12806;7;12809;20;;;12802.5;0.0
yf_ZW=F_d1;18500;ASH_COATED_OSMIUM;9936;13;9934;16;;;9942;11;9946;20;;;9939.0;0.0
yf_ZW=F_d1;18500;INTARIAN_PEPPER_ROOT;12799;15;12796;17;;;12805;6;12808;9;;;12802.0;0.0
yf_ZW=F_d1;18600;ASH_COATED_OSMIUM;9934;16;9931;19;;;9944;6;9946;21;;;9939.0;0.0
yf_ZW=F_d1;18600;INTARIAN_PEPPER_ROOT;12794;15;12790;24;;;12810;18;12813;22;;;12802.0;0.0
yf_ZW=F_d1;18700;ASH_COATED_OSMIUM;9936;12;9932;15;;;9942;18;9945;22;;;9939.0;0.0
yf_ZW=F_d1;18700;INTARIAN_PEPPER_ROOT;12793;18;12790;22;;;12809;18;12812;22;;;12801.0;0.0
yf_ZW=F_d1;18800;ASH_COATED_OSMIUM;9936;12;9933;16;;;9942;24;9944;19;;;9939.0;0.0
yf_ZW=F_d1;18800;INTARIAN_PEPPER_ROOT;12798;9;12796;24;;;12804;16;12806;25;;;12801.0;0.0
yf_ZW=F_d1;18900;ASH_COATED_OSMIUM;9915;16;9911;12;;;9962;18;9966;19;;;9938.5;0.0
yf_ZW=F_d1;18900;INTARIAN_PEPPER_ROOT;12793;15;12789;27;;;12808;22;12811;17;;;12800.5;0.0
yf_ZW=F_d1;19000;ASH_COATED_OSMIUM;9935;10;9933;19;;;9941;15;9944;27;;;9938.0;0.0
yf_ZW=F_d1;19000;INTARIAN_PEPPER_ROOT;12797;17;12795;17;;;12804;14;12806;25;;;12800.5;0.0
yf_ZW=F_d1;19100;ASH_COATED_OSMIUM;9915;12;9912;26;;;9962;15;9964;17;;;9938.5;0.0
yf_ZW=F_d1;19100;INTARIAN_PEPPER_ROOT;12796;19;12794;18;;;12805;21;12808;25;;;12800.5;0.0
yf_ZW=F_d1;19200;ASH_COATED_OSMIUM;9935;24;9931;17;;;9941;13;9943;14;;;9938.0;0.0
yf_ZW=F_d1;19200;INTARIAN_PEPPER_ROOT;12796;22;12794;14;;;12805;24;12807;26;;;12800.5;0.0
yf_ZW=F_d1;19300;ASH_COATED_OSMIUM;9928;5;9925;8;;;9948;13;9951;18;;;9938.0;0.0
yf_ZW=F_d1;19300;INTARIAN_PEPPER_ROOT;12797;18;12795;24;;;12803;11;12805;27;;;12800.0;0.0
yf_ZW=F_d1;19400;ASH_COATED_OSMIUM;9935;15;9932;19;;;9941;27;9945;25;;;9938.0;0.0
yf_ZW=F_d1;19400;INTARIAN_PEPPER_ROOT;12797;16;12794;13;;;12803;19;12807;15;;;12800.0;0.0
yf_ZW=F_d1;19500;ASH_COATED_OSMIUM;9919;13;9915;18;;;9957;16;9961;27;;;9938.0;0.0
yf_ZW=F_d1;19500;INTARIAN_PEPPER_ROOT;12792;15;12789;25;;;12807;7;12811;22;;;12799.5;0.0
yf_ZW=F_d1;19600;ASH_COATED_OSMIUM;9934;19;9930;27;;;9940;11;9942;19;;;9937.0;0.0
yf_ZW=F_d1;19600;INTARIAN_PEPPER_ROOT;12795;23;12791;25;;;12801;13;12804;11;;;12798.0;0.0
yf_ZW=F_d1;19700;ASH_COATED_OSMIUM;9935;17;9933;28;;;9941;18;9943;21;;;9938.0;0.0
yf_ZW=F_d1;19700;INTARIAN_PEPPER_ROOT;12795;9;12791;18;;;12801;15;12805;25;;;12798.0;0.0
yf_ZW=F_d1;19800;ASH_COATED_OSMIUM;9933;21;9929;15;;;9941;21;9943;24;;;9937.0;0.0
yf_ZW=F_d1;19800;INTARIAN_PEPPER_ROOT;12790;22;12787;14;;;12807;20;12810;17;;;12798.5;0.0
yf_ZW=F_d1;19900;ASH_COATED_OSMIUM;9934;22;9932;20;;;9940;15;9943;18;;;9937.0;0.0
yf_ZW=F_d1;19900;INTARIAN_PEPPER_ROOT;12793;22;12790;18;;;12804;13;12807;19;;;12798.5;0.0
yf_ZW=F_d1;20000;ASH_COATED_OSMIUM;9935;14;9933;16;;;9941;11;9943;28;;;9938.0;0.0
yf_ZW=F_d1;20000;INTARIAN_PEPPER_ROOT;12791;12;12789;21;;;12805;25;12807;19;;;12798.0;0.0
yf_ZW=F_d1;20100;ASH_COATED_OSMIUM;9934;15;9932;18;;;9940;18;9943;19;;;9937.0;0.0
yf_ZW=F_d1;20100;INTARIAN_PEPPER_ROOT;12795;20;12792;18;;;12801;10;12803;22;;;12798.0;0.0
yf_ZW=F_d1;20200;ASH_COATED_OSMIUM;9934;16;9931;14;;;9940;14;9944;11;;;9937.0;0.0
yf_ZW=F_d1;20200;INTARIAN_PEPPER_ROOT;12794;19;12792;22;;;12800;14;12804;24;;;12797.0;0.0
yf_ZW=F_d1;20300;ASH_COATED_OSMIUM;9934;16;9932;22;;;9940;19;9942;18;;;9937.0;0.0
yf_ZW=F_d1;20300;INTARIAN_PEPPER_ROOT;12795;12;12791;21;;;12801;17;12805;27;;;12798.0;0.0
yf_ZW=F_d1;20400;ASH_COATED_OSMIUM;9933;8;9931;19;;;9939;15;9943;23;;;9936.0;0.0
yf_ZW=F_d1;20400;INTARIAN_PEPPER_ROOT;12794;18;12791;19;;;12800;17;12803;9;;;12797.0;0.0
yf_ZW=F_d1;20500;ASH_COATED_OSMIUM;9932;15;9929;13;;;9940;18;9944;22;;;9936.0;0.0
yf_ZW=F_d1;20500;INTARIAN_PEPPER_ROOT;12784;22;12780;14;;;12810;22;12813;18;;;12797.0;0.0
yf_ZW=F_d1;20600;ASH_COATED_OSMIUM;9934;13;9931;14;;;9940;5;9942;21;;;9937.0;0.0
yf_ZW=F_d1;20600;INTARIAN_PEPPER_ROOT;12794;20;12791;16;;;12800;5;12802;23;;;12797.0;0.0
yf_ZW=F_d1;20700;ASH_COATED_OSMIUM;9931;12;9927;21;;;9940;5;9944;22;;;9935.5;0.0
yf_ZW=F_d1;20700;INTARIAN_PEPPER_ROOT;12792;20;12790;21;;;12800;24;12802;23;;;12796.0;0.0
yf_ZW=F_d1;20800;ASH_COATED_OSMIUM;9931;15;9929;27;;;9941;7;9944;21;;;9936.0;0.0
yf_ZW=F_d1;20800;INTARIAN_PEPPER_ROOT;12792;13;12788;21;;;12798;20;12802;16;;;12795.0;0.0
yf_ZW=F_d1;20900;ASH_COATED_OSMIUM;9926;14;9922;16;;;9947;11;9950;14;;;9936.5;0.0
yf_ZW=F_d1;20900;INTARIAN_PEPPER_ROOT;12793;10;12791;8;;;12799;17;12803;17;;;12796.0;0.0
yf_ZW=F_d1;21000;ASH_COATED_OSMIUM;9933;17;9931;16;;;9940;24;9944;22;;;9936.5;0.0
yf_ZW=F_d1;21000;INTARIAN_PEPPER_ROOT;12791;6;12789;19;;;12801;7;12805;18;;;12796.0;0.0
yf_ZW=F_d1;21100;ASH_COATED_OSMIUM;9934;23;9931;21;;;9940;7;9942;14;;;9937.0;0.0
yf_ZW=F_d1;21100;INTARIAN_PEPPER_ROOT;12793;13;12789;23;;;12799;20;12802;21;;;12796.0;0.0
yf_ZW=F_d1;21200;ASH_COATED_OSMIUM;9932;9;9930;17;;;9939;12;9941;26;;;9935.5;0.0
yf_ZW=F_d1;21200;INTARIAN_PEPPER_ROOT;12791;24;12788;25;;;12799;16;12802;16;;;12795.0;0.0
yf_ZW=F_d1;21300;ASH_COATED_OSMIUM;9930;17;9926;11;;;9940;20;9943;23;;;9935.0;0.0
yf_ZW=F_d1;21300;INTARIAN_PEPPER_ROOT;12792;17;12788;21;;;12798;11;12801;21;;;12795.0;0.0
yf_ZW=F_d1;21400;ASH_COATED_OSMIUM;9932;14;9930;29;;;9938;14;9940;19;;;9935.0;0.0
yf_ZW=F_d1;21400;INTARIAN_PEPPER_ROOT;12792;5;12789;12;;;12798;20;12802;28;;;12795.0;0.0
yf_ZW=F_d1;21500;ASH_COATED_OSMIUM;9929;15;9926;31;;;9942;11;9944;18;;;9935.5;0.0
yf_ZW=F_d1;21500;INTARIAN_PEPPER_ROOT;12790;5;12787;17;;;12798;19;12802;23;;;12794.0;0.0
yf_ZW=F_d1;21600;ASH_COATED_OSMIUM;9933;14;9931;21;;;9939;18;9943;25;;;9936.0;0.0
yf_ZW=F_d1;21600;INTARIAN_PEPPER_ROOT;12791;9;12789;20;;;12797;11;12799;15;;;12794.0;0.0
yf_ZW=F_d1;21700;ASH_COATED_OSMIUM;9933;26;9931;29;;;9939;19;9943;17;;;9936.0;0.0
yf_ZW=F_d1;21700;INTARIAN_PEPPER_ROOT;12791;16;12788;21;;;12797;13;12800;11;;;12794.0;0.0
yf_ZW=F_d1;21800;ASH_COATED_OSMIUM;9923;10;9921;19;;;9947;22;9950;21;;;9935.0;0.0
yf_ZW=F_d1;21800;INTARIAN_PEPPER_ROOT;12789;21;12786;20;;;12798;17;12801;16;;;12793.5;0.0
yf_ZW=F_d1;21900;ASH_COATED_OSMIUM;9930;19;9926;22;;;9940;13;9942;12;;;9935.0;0.0
yf_ZW=F_d1;21900;INTARIAN_PEPPER_ROOT;12789;5;12785;16;;;12798;10;12800;16;;;12793.5;0.0
yf_ZW=F_d1;22000;ASH_COATED_OSMIUM;9929;17;9926;13;;;9941;20;9944;21;;;9935.0;0.0
yf_ZW=F_d1;22000;INTARIAN_PEPPER_ROOT;12786;19;12784;13;;;12800;15;12804;17;;;12793.0;0.0
yf_ZW=F_d1;22100;ASH_COATED_OSMIUM;9932;22;9929;24;;;9938;7;9941;25;;;9935.0;0.0
yf_ZW=F_d1;22100;INTARIAN_PEPPER_ROOT;12787;21;12785;20;;;12799;14;12801;19;;;12793.0;0.0
yf_ZW=F_d1;22200;ASH_COATED_OSMIUM;9930;11;9928;20;;;9939;18;9941;13;;;9934.5;0.0
yf_ZW=F_d1;22200;INTARIAN_PEPPER_ROOT;12788;18;12785;19;;;12796;13;12798;10;;;12792.0;0.0
yf_ZW=F_d1;22300;ASH_COATED_OSMIUM;9924;12;9922;30;;;9944;15;9947;18;;;9934.0;0.0
yf_ZW=F_d1;22300;INTARIAN_PEPPER_ROOT;12784;23;12781;26;;;12802;10;12806;21;;;12793.0;0.0
yf_ZW=F_d1;22400;ASH_COATED_OSMIUM;9923;22;9919;14;;;9945;13;9948;17;;;9934.0;0.0
yf_ZW=F_d1;22400;INTARIAN_PEPPER_ROOT;12789;11;12787;21;;;12795;16;12799;17;;;12792.0;0.0
yf_ZW=F_d1;22500;ASH_COATED_OSMIUM;9931;18;9927;22;;;9937;8;9939;21;;;9934.0;0.0
yf_ZW=F_d1;22500;INTARIAN_PEPPER_ROOT;12787;20;12784;23;;;12798;19;12801;18;;;12792.5;0.0
yf_ZW=F_d1;22600;ASH_COATED_OSMIUM;9932;17;9928;15;;;9938;21;9940;21;;;9935.0;0.0
yf_ZW=F_d1;22600;INTARIAN_PEPPER_ROOT;12789;21;12786;17;;;12795;20;12799;20;;;12792.0;0.0
yf_ZW=F_d1;22700;ASH_COATED_OSMIUM;9929;17;9926;17;;;9939;17;9941;28;;;9934.0;0.0
yf_ZW=F_d1;22700;INTARIAN_PEPPER_ROOT;12788;6;12784;14;;;12794;14;12798;20;;;12791.0;0.0
yf_ZW=F_d1;22800;ASH_COATED_OSMIUM;9932;16;9930;19;;;9938;6;9940;20;;;9935.0;0.0
yf_ZW=F_d1;22800;INTARIAN_PEPPER_ROOT;12788;17;12784;18;;;12794;16;12798;31;;;12791.0;0.0
yf_ZW=F_d1;22900;ASH_COATED_OSMIUM;9931;14;9927;22;;;9937;17;9939;23;;;9934.0;0.0
yf_ZW=F_d1;22900;INTARIAN_PEPPER_ROOT;12788;19;12785;17;;;12794;15;12796;13;;;12791.0;0.0
yf_ZW=F_d1;23000;ASH_COATED_OSMIUM;9931;14;9927;17;;;9937;16;9941;15;;;9934.0;0.0
yf_ZW=F_d1;23000;INTARIAN_PEPPER_ROOT;12788;17;12784;13;;;12794;12;12796;17;;;12791.0;0.0
yf_ZW=F_d1;23100;ASH_COATED_OSMIUM;9930;20;9926;19;;;9938;20;9940;24;;;9934.0;0.0
yf_ZW=F_d1;23100;INTARIAN_PEPPER_ROOT;12786;17;12784;23;;;12795;18;12798;19;;;12790.5;0.0
yf_ZW=F_d1;23200;ASH_COATED_OSMIUM;9931;19;9929;15;;;9937;11;9941;21;;;9934.0;0.0
yf_ZW=F_d1;23200;INTARIAN_PEPPER_ROOT;12786;17;12784;23;;;12796;21;12799;23;;;12791.0;0.0
yf_ZW=F_d1;23300;ASH_COATED_OSMIUM;9931;14;9929;22;;;9937;16;9939;19;;;9934.0;0.0
yf_ZW=F_d1;23300;INTARIAN_PEPPER_ROOT;12782;17;12779;29;;;12798;21;12801;23;;;12790.0;0.0
yf_ZW=F_d1;23400;ASH_COATED_OSMIUM;9931;12;9927;18;;;9937;16;9940;22;;;9934.0;0.0
yf_ZW=F_d1;23400;INTARIAN_PEPPER_ROOT;12787;16;12783;20;;;12793;14;12795;27;;;12790.0;0.0
yf_ZW=F_d1;23500;ASH_COATED_OSMIUM;9931;8;9928;21;;;9937;19;9939;13;;;9934.0;0.0
yf_ZW=F_d1;23500;INTARIAN_PEPPER_ROOT;12778;23;12774;14;;;12801;9;12805;14;;;12789.5;0.0
yf_ZW=F_d1;23600;ASH_COATED_OSMIUM;9928;11;9924;16;;;9939;17;9942;17;;;9933.5;0.0
yf_ZW=F_d1;23600;INTARIAN_PEPPER_ROOT;12783;10;12779;15;;;12794;9;12798;22;;;12788.5;0.0
yf_ZW=F_d1;23700;ASH_COATED_OSMIUM;9930;12;9927;24;;;9936;15;9939;15;;;9933.0;0.0
yf_ZW=F_d1;23700;INTARIAN_PEPPER_ROOT;12775;21;12773;8;;;12805;12;12808;14;;;12790.0;0.0
yf_ZW=F_d1;23800;ASH_COATED_OSMIUM;9928;11;9926;21;;;9938;16;9941;19;;;9933.0;0.0
yf_ZW=F_d1;23800;INTARIAN_PEPPER_ROOT;12785;14;12782;29;;;12793;11;12796;31;;;12789.0;0.0
yf_ZW=F_d1;23900;ASH_COATED_OSMIUM;9930;17;9927;19;;;9936;19;9938;19;;;9933.0;0.0
yf_ZW=F_d1;23900;INTARIAN_PEPPER_ROOT;12786;20;12784;13;;;12792;14;12794;27;;;12789.0;0.0
yf_ZW=F_d1;24000;ASH_COATED_OSMIUM;9930;18;9927;33;;;9936;15;9940;9;;;9933.0;0.0
yf_ZW=F_d1;24000;INTARIAN_PEPPER_ROOT;12783;17;12781;19;;;12794;7;12796;14;;;12788.5;0.0
yf_ZW=F_d1;24100;ASH_COATED_OSMIUM;9929;13;9927;9;;;9935;18;9939;21;;;9932.0;0.0
yf_ZW=F_d1;24100;INTARIAN_PEPPER_ROOT;12785;9;12781;27;;;12791;15;12793;19;;;12788.0;0.0
yf_ZW=F_d1;24200;ASH_COATED_OSMIUM;9926;17;9924;18;;;9940;24;9942;23;;;9933.0;0.0
yf_ZW=F_d1;24200;INTARIAN_PEPPER_ROOT;12778;18;12776;13;;;12797;16;12799;16;;;12787.5;0.0
yf_ZW=F_d1;24300;ASH_COATED_OSMIUM;9929;9;9925;30;;;9936;17;9940;18;;;9932.5;0.0
yf_ZW=F_d1;24300;INTARIAN_PEPPER_ROOT;12778;17;12775;19;;;12798;23;12800;13;;;12788.0;0.0
yf_ZW=F_d1;24400;ASH_COATED_OSMIUM;9926;25;9922;17;;;9940;17;9943;19;;;9933.0;0.0
yf_ZW=F_d1;24400;INTARIAN_PEPPER_ROOT;12781;17;12777;21;;;12793;13;12795;21;;;12787.0;0.0
yf_ZW=F_d1;24500;ASH_COATED_OSMIUM;9930;19;9927;20;;;9936;15;9938;19;;;9933.0;0.0
yf_ZW=F_d1;24500;INTARIAN_PEPPER_ROOT;12784;25;12782;28;;;12790;18;12794;16;;;12787.0;0.0
yf_ZW=F_d1;24600;ASH_COATED_OSMIUM;9927;11;9923;20;;;9938;12;9942;16;;;9932.5;0.0
yf_ZW=F_d1;24600;INTARIAN_PEPPER_ROOT;12784;15;12782;14;;;12790;20;12792;22;;;12787.0;0.0
yf_ZW=F_d1;24700;ASH_COATED_OSMIUM;9929;19;9927;21;;;9935;25;9938;21;;;9932.0;0.0
yf_ZW=F_d1;24700;INTARIAN_PEPPER_ROOT;12784;12;12782;23;;;12790;15;12794;19;;;12787.0;0.0
yf_ZW=F_d1;24800;ASH_COATED_OSMIUM;9929;14;9927;9;;;9935;15;9938;19;;;9932.0;0.0
yf_ZW=F_d1;24800;INTARIAN_PEPPER_ROOT;12779;11;12776;19;;;12794;17;12798;9;;;12786.5;0.0
yf_ZW=F_d1;24900;ASH_COATED_OSMIUM;9929;9;9927;10;;;9935;24;9937;24;;;9932.0;0.0
yf_ZW=F_d1;24900;INTARIAN_PEPPER_ROOT;12783;16;12780;12;;;12789;8;12792;18;;;12786.0;0.0
yf_ZW=F_d1;25000;ASH_COATED_OSMIUM;9925;12;9923;22;;;9938;17;9942;31;;;9931.5;0.0
yf_ZW=F_d1;25000;INTARIAN_PEPPER_ROOT;12781;16;12777;19;;;12790;15;12792;23;;;12785.5;0.0
yf_ZW=F_d1;25100;ASH_COATED_OSMIUM;9928;19;9925;16;;;9935;17;9937;17;;;9931.5;0.0
yf_ZW=F_d1;25100;INTARIAN_PEPPER_ROOT;12782;17;12778;23;;;12790;20;12793;23;;;12786.0;0.0
yf_ZW=F_d1;25200;ASH_COATED_OSMIUM;9926;19;9922;19;;;9938;11;9942;14;;;9932.0;0.0
yf_ZW=F_d1;25200;INTARIAN_PEPPER_ROOT;12782;13;12778;14;;;12788;23;12790;17;;;12785.0;0.0
yf_ZW=F_d1;25300;ASH_COATED_OSMIUM;9929;15;9925;16;;;9935;17;9938;20;;;9932.0;0.0
yf_ZW=F_d1;25300;INTARIAN_PEPPER_ROOT;12782;22;12778;18;;;12788;15;12792;20;;;12785.0;0.0
yf_ZW=F_d1;25400;ASH_COATED_OSMIUM;9928;15;9926;25;;;9934;7;9937;14;;;9931.0;0.0
yf_ZW=F_d1;25400;INTARIAN_PEPPER_ROOT;12782;14;12780;18;;;12788;17;12792;9;;;12785.0;0.0
yf_ZW=F_d1;25500;ASH_COATED_OSMIUM;9925;15;9921;26;;;9938;9;9940;17;;;9931.5;0.0
yf_ZW=F_d1;25500;INTARIAN_PEPPER_ROOT;12776;16;12773;21;;;12795;17;12798;16;;;12785.5;0.0
yf_ZW=F_d1;25600;ASH_COATED_OSMIUM;9928;8;9924;24;;;9934;17;9938;16;;;9931.0;0.0
yf_ZW=F_d1;25600;INTARIAN_PEPPER_ROOT;12778;15;12774;21;;;12791;16;12793;23;;;12784.5;0.0
yf_ZW=F_d1;25700;ASH_COATED_OSMIUM;9927;19;9924;8;;;9935;7;9937;16;;;9931.0;0.0
yf_ZW=F_d1;25700;INTARIAN_PEPPER_ROOT;12781;22;12777;11;;;12787;11;12791;13;;;12784.0;0.0
yf_ZW=F_d1;25800;ASH_COATED_OSMIUM;9928;11;9924;24;;;9934;14;9938;22;;;9931.0;0.0
yf_ZW=F_d1;25800;INTARIAN_PEPPER_ROOT;12780;21;12778;20;;;12788;22;12790;21;;;12784.0;0.0
yf_ZW=F_d1;25900;ASH_COATED_OSMIUM;9927;17;9925;21;;;9934;18;9937;22;;;9930.5;0.0
yf_ZW=F_d1;25900;INTARIAN_PEPPER_ROOT;12780;13;12777;21;;;12786;21;12789;21;;;12783.0;0.0
yf_ZW=F_d1;26000;ASH_COATED_OSMIUM;9927;12;9925;23;;;9934;5;9936;21;;;9930.5;0.0
yf_ZW=F_d1;26000;INTARIAN_PEPPER_ROOT;12781;13;12779;15;;;12787;18;12791;17;;;12784.0;0.0
yf_ZW=F_d1;26100;ASH_COATED_OSMIUM;9923;15;9921;23;;;9939;16;9942;16;;;9931.0;0.0
yf_ZW=F_d1;26100;INTARIAN_PEPPER_ROOT;12777;16;12773;17;;;12790;15;12792;18;;;12783.5;0.0
yf_ZW=F_d1;26200;ASH_COATED_OSMIUM;9928;19;9924;14;;;9934;16;9937;22;;;9931.0;0.0
yf_ZW=F_d1;26200;INTARIAN_PEPPER_ROOT;12777;8;12775;19;;;12788;15;12790;16;;;12782.5;0.0
yf_ZW=F_d1;26300;ASH_COATED_OSMIUM;9921;17;9917;20;;;9939;9;9941;20;;;9930.0;0.0
yf_ZW=F_d1;26300;INTARIAN_PEPPER_ROOT;12773;11;12770;26;;;12791;24;12794;17;;;12782.0;0.0
yf_ZW=F_d1;26400;ASH_COATED_OSMIUM;9925;17;9923;23;;;9935;14;9937;18;;;9930.0;0.0
yf_ZW=F_d1;26400;INTARIAN_PEPPER_ROOT;12774;9;12771;17;;;12792;15;12796;15;;;12783.0;0.0
yf_ZW=F_d1;26500;ASH_COATED_OSMIUM;9927;8;9923;14;;;9934;23;9938;21;;;9930.5;0.0
yf_ZW=F_d1;26500;INTARIAN_PEPPER_ROOT;12779;19;12775;17;;;12785;7;12787;24;;;12782.0;0.0
yf_ZW=F_d1;26600;ASH_COATED_OSMIUM;9927;16;9924;19;;;9933;5;9935;22;;;9930.0;0.0
yf_ZW=F_d1;26600;INTARIAN_PEPPER_ROOT;12778;23;12774;26;;;12785;18;12789;17;;;12781.5;0.0
yf_ZW=F_d1;26700;ASH_COATED_OSMIUM;9926;16;9923;22;;;9934;12;9937;30;;;9930.0;0.0
yf_ZW=F_d1;26700;INTARIAN_PEPPER_ROOT;12778;6;12775;15;;;12785;16;12789;28;;;12781.5;0.0
yf_ZW=F_d1;26800;ASH_COATED_OSMIUM;9927;15;9925;17;;;9933;10;9935;21;;;9930.0;0.0
yf_ZW=F_d1;26800;INTARIAN_PEPPER_ROOT;12778;9;12774;22;;;12784;7;12788;22;;;12781.0;0.0
yf_ZW=F_d1;26900;ASH_COATED_OSMIUM;9923;19;9920;24;;;9934;14;9936;21;;;9928.5;0.0
yf_ZW=F_d1;26900;INTARIAN_PEPPER_ROOT;12777;12;12775;16;;;12787;22;12790;22;;;12782.0;0.0
yf_ZW=F_d1;27000;ASH_COATED_OSMIUM;9923;17;9921;13;;;9936;20;9938;14;;;9929.5;0.0
yf_ZW=F_d1;27000;INTARIAN_PEPPER_ROOT;12775;9;12771;29;;;12786;10;12788;27;;;12780.5;0.0
yf_ZW=F_d1;27100;ASH_COATED_OSMIUM;9926;12;9924;15;;;9932;17;9935;16;;;9929.0;0.0
yf_ZW=F_d1;27100;INTARIAN_PEPPER_ROOT;12778;23;12775;13;;;12784;11;12788;17;;;12781.0;0.0
yf_ZW=F_d1;27200;ASH_COATED_OSMIUM;9927;18;9925;29;;;9933;23;9935;22;;;9930.0;0.0
yf_ZW=F_d1;27200;INTARIAN_PEPPER_ROOT;12777;6;12775;20;;;12783;19;12787;20;;;12780.0;0.0
yf_ZW=F_d1;27300;ASH_COATED_OSMIUM;9923;16;9919;12;;;9937;9;9939;19;;;9930.0;0.0
yf_ZW=F_d1;27300;INTARIAN_PEPPER_ROOT;12777;8;12773;17;;;12783;5;12787;22;;;12780.0;0.0
yf_ZW=F_d1;27400;ASH_COATED_OSMIUM;9919;12;9915;18;;;9941;22;9943;20;;;9930.0;0.0
yf_ZW=F_d1;27400;INTARIAN_PEPPER_ROOT;12777;10;12773;17;;;12783;14;12787;19;;;12780.0;0.0
yf_ZW=F_d1;27500;ASH_COATED_OSMIUM;9926;13;9923;15;;;9932;12;9934;10;;;9929.0;0.0
yf_ZW=F_d1;27500;INTARIAN_PEPPER_ROOT;12777;18;12773;15;;;12783;12;12787;16;;;12780.0;0.0
yf_ZW=F_d1;27600;ASH_COATED_OSMIUM;9921;11;9917;18;;;9936;13;9940;18;;;9928.5;0.0
yf_ZW=F_d1;27600;INTARIAN_PEPPER_ROOT;12777;12;12774;14;;;12783;15;12785;18;;;12780.0;0.0
yf_ZW=F_d1;27700;ASH_COATED_OSMIUM;9925;17;9922;15;;;9932;20;9934;17;;;9928.5;0.0
yf_ZW=F_d1;27700;INTARIAN_PEPPER_ROOT;12776;7;12774;19;;;12782;15;12785;17;;;12779.0;0.0
yf_ZW=F_d1;27800;ASH_COATED_OSMIUM;9920;12;9918;18;;;9938;17;9941;24;;;9929.0;0.0
yf_ZW=F_d1;27800;INTARIAN_PEPPER_ROOT;12760;15;12758;16;;;12798;16;12801;16;;;12779.0;0.0
yf_ZW=F_d1;27900;ASH_COATED_OSMIUM;9924;19;9921;20;;;9934;13;9938;17;;;9929.0;0.0
yf_ZW=F_d1;27900;INTARIAN_PEPPER_ROOT;12765;15;12763;26;;;12792;23;12794;22;;;12778.5;0.0
yf_ZW=F_d1;28000;ASH_COATED_OSMIUM;9925;5;9923;25;;;9932;21;9936;24;;;9928.5;0.0
yf_ZW=F_d1;28000;INTARIAN_PEPPER_ROOT;12776;14;12773;31;;;12782;14;12786;21;;;12779.0;0.0
yf_ZW=F_d1;28100;ASH_COATED_OSMIUM;9925;9;9921;19;;;9931;14;9933;25;;;9928.0;0.0
yf_ZW=F_d1;28100;INTARIAN_PEPPER_ROOT;12775;15;12772;20;;;12781;15;12783;14;;;12778.0;0.0
yf_ZW=F_d1;28200;ASH_COATED_OSMIUM;9917;10;9915;18;;;9939;15;9941;22;;;9928.0;0.0
yf_ZW=F_d1;28200;INTARIAN_PEPPER_ROOT;12773;18;12771;12;;;12782;14;12785;15;;;12777.5;0.0
yf_ZW=F_d1;28300;ASH_COATED_OSMIUM;9914;16;9912;15;;;9943;16;9945;15;;;9928.5;0.0
yf_ZW=F_d1;28300;INTARIAN_PEPPER_ROOT;12775;17;12773;17;;;12781;10;12785;24;;;12778.0;0.0
yf_ZW=F_d1;28400;ASH_COATED_OSMIUM;9919;7;9916;26;;;9937;17;9941;16;;;9928.0;0.0
yf_ZW=F_d1;28400;INTARIAN_PEPPER_ROOT;12775;21;12771;22;;;12781;15;12785;20;;;12778.0;0.0
yf_ZW=F_d1;28500;ASH_COATED_OSMIUM;9925;11;9923;24;;;9931;15;9934;24;;;9928.0;0.0
yf_ZW=F_d1;28500;INTARIAN_PEPPER_ROOT;12775;12;12772;19;;;12781;12;12783;19;;;12778.0;0.0
yf_ZW=F_d1;28600;ASH_COATED_OSMIUM;9924;16;9921;21;;;9931;15;9935;8;;;9927.5;0.0
yf_ZW=F_d1;28600;INTARIAN_PEPPER_ROOT;12774;7;12771;19;;;12780;10;12784;8;;;12777.0;0.0
yf_ZW=F_d1;28700;ASH_COATED_OSMIUM;9924;5;9922;18;;;9932;14;9934;21;;;9928.0;0.0
yf_ZW=F_d1;28700;INTARIAN_PEPPER_ROOT;12772;10;12768;25;;;12780;15;12783;25;;;12776.0;0.0
yf_ZW=F_d1;28800;ASH_COATED_OSMIUM;9924;14;9922;24;;;9930;15;9932;20;;;9927.0;0.0
yf_ZW=F_d1;28800;INTARIAN_PEPPER_ROOT;12771;7;12769;13;;;12783;24;12786;23;;;12777.0;0.0
yf_ZW=F_d1;28900;ASH_COATED_OSMIUM;9924;16;9920;34;;;9930;14;9934;14;;;9927.0;0.0
yf_ZW=F_d1;28900;INTARIAN_PEPPER_ROOT;12772;13;12769;20;;;12780;5;12784;21;;;12776.0;0.0
yf_ZW=F_d1;29000;ASH_COATED_OSMIUM;9925;11;9922;20;;;9931;22;9934;17;;;9928.0;0.0
yf_ZW=F_d1;29000;INTARIAN_PEPPER_ROOT;12773;17;12770;17;;;12779;14;12782;29;;;12776.0;0.0
yf_ZW=F_d1;29100;ASH_COATED_OSMIUM;9924;13;9922;23;;;9930;6;9934;19;;;9927.0;0.0
yf_ZW=F_d1;29100;INTARIAN_PEPPER_ROOT;12773;20;12770;22;;;12779;12;12781;35;;;12776.0;0.0
yf_ZW=F_d1;29200;ASH_COATED_OSMIUM;9913;15;9910;18;;;9941;15;9944;21;;;9927.0;0.0
yf_ZW=F_d1;29200;INTARIAN_PEPPER_ROOT;12769;7;12766;12;;;12782;8;12786;22;;;12775.5;0.0
yf_ZW=F_d1;29300;ASH_COATED_OSMIUM;9923;20;9920;20;;;9930;15;9934;26;;;9926.5;0.0
yf_ZW=F_d1;29300;INTARIAN_PEPPER_ROOT;12767;11;12763;18;;;12785;20;12787;11;;;12776.0;0.0
yf_ZW=F_d1;29400;ASH_COATED_OSMIUM;9924;15;9922;16;;;9930;11;9934;25;;;9927.0;0.0
yf_ZW=F_d1;29400;INTARIAN_PEPPER_ROOT;12772;12;12768;20;;;12778;10;12782;17;;;12775.0;0.0
yf_ZW=F_d1;29500;ASH_COATED_OSMIUM;9921;14;9917;24;;;9932;12;9936;16;;;9926.5;0.0
yf_ZW=F_d1;29500;INTARIAN_PEPPER_ROOT;12759;17;12755;15;;;12791;14;12793;11;;;12775.0;0.0
yf_ZW=F_d1;29600;ASH_COATED_OSMIUM;9922;7;9920;33;;;9933;16;9936;16;;;9927.5;0.0
yf_ZW=F_d1;29600;INTARIAN_PEPPER_ROOT;12767;14;12765;20;;;12783;18;12787;22;;;12775.0;0.0
yf_ZW=F_d1;29700;ASH_COATED_OSMIUM;9921;23;9919;30;;;9933;15;9935;18;;;9927.0;0.0
yf_ZW=F_d1;29700;INTARIAN_PEPPER_ROOT;12762;15;12760;16;;;12787;7;12791;25;;;12774.5;0.0
yf_ZW=F_d1;29800;ASH_COATED_OSMIUM;9917;20;9914;13;;;9936;7;9940;22;;;9926.5;0.0
yf_ZW=F_d1;29800;INTARIAN_PEPPER_ROOT;12771;10;12768;17;;;12777;15;12781;25;;;12774.0;0.0
yf_ZW=F_d1;29900;ASH_COATED_OSMIUM;9920;8;9917;19;;;9933;15;9936;19;;;9926.5;0.0
yf_ZW=F_d1;29900;INTARIAN_PEPPER_ROOT;12766;13;12763;34;;;12783;20;12786;21;;;12774.5;0.0
yf_ZW=F_d1;30000;ASH_COATED_OSMIUM;9923;21;9921;17;;;9929;20;9931;17;;;9926.0;0.0
yf_ZW=F_d1;30000;INTARIAN_PEPPER_ROOT;12770;6;12767;20;;;12776;12;12778;17;;;12773.0;0.0
yf_ZW=F_d1;30100;ASH_COATED_OSMIUM;9923;7;9921;16;;;9929;9;9932;21;;;9926.0;0.0
yf_ZW=F_d1;30100;INTARIAN_PEPPER_ROOT;12747;17;12743;20;;;12799;10;12802;18;;;12773.0;0.0
yf_ZW=F_d1;30200;ASH_COATED_OSMIUM;9923;9;9920;16;;;9929;14;9931;34;;;9926.0;0.0
yf_ZW=F_d1;30200;INTARIAN_PEPPER_ROOT;12769;5;12767;18;;;12777;18;12780;12;;;12773.0;0.0
yf_ZW=F_d1;30300;ASH_COATED_OSMIUM;9923;19;9919;19;;;9929;8;9931;22;;;9926.0;0.0
yf_ZW=F_d1;30300;INTARIAN_PEPPER_ROOT;12770;30;12766;19;;;12776;17;12780;13;;;12773.0;0.0
yf_ZW=F_d1;30400;ASH_COATED_OSMIUM;9921;19;9917;23;;;9929;22;9931;27;;;9925.0;0.0
yf_ZW=F_d1;30400;INTARIAN_PEPPER_ROOT;12766;12;12762;20;;;12779;12;12781;24;;;12772.5;0.0
yf_ZW=F_d1;30500;ASH_COATED_OSMIUM;9922;17;9918;20;;;9929;17;9933;19;;;9925.5;0.0
yf_ZW=F_d1;30500;INTARIAN_PEPPER_ROOT;12767;15;12764;13;;;12777;8;12780;26;;;12772.0;0.0
yf_ZW=F_d1;30600;ASH_COATED_OSMIUM;9922;23;9918;20;;;9928;19;9931;17;;;9925.0;0.0
yf_ZW=F_d1;30600;INTARIAN_PEPPER_ROOT;12762;10;12760;17;;;12782;10;12786;20;;;12772.0;0.0
yf_ZW=F_d1;30700;ASH_COATED_OSMIUM;9922;18;9918;13;;;9928;15;9932;29;;;9925.0;0.0
yf_ZW=F_d1;30700;INTARIAN_PEPPER_ROOT;12769;14;12765;27;;;12775;15;12779;32;;;12772.0;0.0
yf_ZW=F_d1;30800;ASH_COATED_OSMIUM;9922;10;9918;22;;;9928;7;9930;20;;;9925.0;0.0
yf_ZW=F_d1;30800;INTARIAN_PEPPER_ROOT;12768;6;12766;20;;;12774;9;12776;20;;;12771.0;0.0
yf_ZW=F_d1;30900;ASH_COATED_OSMIUM;9920;14;9916;14;;;9931;17;9934;22;;;9925.5;0.0
yf_ZW=F_d1;30900;INTARIAN_PEPPER_ROOT;12768;17;12766;21;;;12774;8;12777;19;;;12771.0;0.0
yf_ZW=F_d1;31000;ASH_COATED_OSMIUM;9923;14;9920;16;;;9929;15;9931;22;;;9926.0;0.0
yf_ZW=F_d1;31000;INTARIAN_PEPPER_ROOT;12765;11;12761;25;;;12778;11;12782;24;;;12771.5;0.0
yf_ZW=F_d1;31100;ASH_COATED_OSMIUM;9922;11;9920;21;;;9928;26;9931;16;;;9925.0;0.0
yf_ZW=F_d1;31100;INTARIAN_PEPPER_ROOT;12763;8;12761;22;;;12779;15;12782;18;;;12771.0;0.0
yf_ZW=F_d1;31200;ASH_COATED_OSMIUM;9922;13;9919;24;;;9928;13;9931;15;;;9925.0;0.0
yf_ZW=F_d1;31200;INTARIAN_PEPPER_ROOT;12768;9;12765;19;;;12774;13;12778;19;;;12771.0;0.0
yf_ZW=F_d1;31300;ASH_COATED_OSMIUM;9914;15;9910;13;;;9934;9;9936;28;;;9924.0;0.0
yf_ZW=F_d1;31300;INTARIAN_PEPPER_ROOT;12768;17;12765;22;;;12774;14;12778;19;;;12771.0;0.0
yf_ZW=F_d1;31400;ASH_COATED_OSMIUM;9921;9;9917;19;;;9927;22;9931;16;;;9924.0;0.0
yf_ZW=F_d1;31400;INTARIAN_PEPPER_ROOT;12768;13;12764;26;;;12774;17;12778;23;;;12771.0;0.0
yf_ZW=F_d1;31500;ASH_COATED_OSMIUM;9922;21;9920;27;;;9928;16;9932;18;;;9925.0;0.0
yf_ZW=F_d1;31500;INTARIAN_PEPPER_ROOT;12767;11;12765;18;;;12773;9;12777;22;;;12770.0;0.0
yf_ZW=F_d1;31600;ASH_COATED_OSMIUM;9921;15;9917;18;;;9928;12;9932;17;;;9924.5;0.0
yf_ZW=F_d1;31600;INTARIAN_PEPPER_ROOT;12767;6;12763;20;;;12773;11;12775;19;;;12770.0;0.0
yf_ZW=F_d1;31700;ASH_COATED_OSMIUM;9921;11;9917;17;;;9927;18;9930;9;;;9924.0;0.0
yf_ZW=F_d1;31700;INTARIAN_PEPPER_ROOT;12767;23;12764;18;;;12773;12;12777;21;;;12770.0;0.0
yf_ZW=F_d1;31800;ASH_COATED_OSMIUM;9917;17;9915;19;;;9932;19;9936;15;;;9924.5;0.0
yf_ZW=F_d1;31800;INTARIAN_PEPPER_ROOT;12766;15;12762;24;;;12772;21;12775;15;;;12769.0;0.0
yf_ZW=F_d1;31900;ASH_COATED_OSMIUM;9921;16;9917;12;;;9927;13;9931;19;;;9924.0;0.0
yf_ZW=F_d1;31900;INTARIAN_PEPPER_ROOT;12766;16;12763;24;;;12772;14;12774;22;;;12769.0;0.0
yf_ZW=F_d1;32000;ASH_COATED_OSMIUM;9921;18;9919;30;;;9927;18;9929;17;;;9924.0;0.0
yf_ZW=F_d1;32000;INTARIAN_PEPPER_ROOT;12756;12;12754;15;;;12782;16;12785;23;;;12769.0;0.0
yf_ZW=F_d1;32100;ASH_COATED_OSMIUM;9917;16;9915;26;;;9931;15;9933;28;;;9924.0;0.0
yf_ZW=F_d1;32100;INTARIAN_PEPPER_ROOT;12766;18;12763;25;;;12772;24;12776;26;;;12769.0;0.0
yf_ZW=F_d1;32200;ASH_COATED_OSMIUM;9921;17;9917;25;;;9927;5;9929;17;;;9924.0;0.0
yf_ZW=F_d1;32200;INTARIAN_PEPPER_ROOT;12753;13;12750;18;;;12784;18;12787;17;;;12768.5;0.0
yf_ZW=F_d1;32300;ASH_COATED_OSMIUM;9909;12;9906;24;;;9939;16;9941;21;;;9924.0;0.0
yf_ZW=F_d1;32300;INTARIAN_PEPPER_ROOT;12765;12;12761;27;;;12771;26;12774;23;;;12768.0;0.0
yf_ZW=F_d1;32400;ASH_COATED_OSMIUM;9915;11;9912;20;;;9932;20;9935;31;;;9923.5;0.0
yf_ZW=F_d1;32400;INTARIAN_PEPPER_ROOT;12765;8;12761;32;;;12771;15;12775;26;;;12768.0;0.0
yf_ZW=F_d1;32500;ASH_COATED_OSMIUM;9921;14;9918;19;;;9927;14;9931;12;;;9924.0;0.0
yf_ZW=F_d1;32500;INTARIAN_PEPPER_ROOT;12765;17;12761;15;;;12771;15;12775;19;;;12768.0;0.0
yf_ZW=F_d1;32600;ASH_COATED_OSMIUM;9905;24;9901;20;;;9942;18;9945;22;;;9923.5;0.0
yf_ZW=F_d1;32600;INTARIAN_PEPPER_ROOT;12764;21;12760;19;;;12770;19;12774;19;;;12767.0;0.0
yf_ZW=F_d1;32700;ASH_COATED_OSMIUM;9919;8;9917;17;;;9926;25;9930;12;;;9922.5;0.0
yf_ZW=F_d1;32700;INTARIAN_PEPPER_ROOT;12764;23;12760;13;;;12770;14;12774;27;;;12767.0;0.0
yf_ZW=F_d1;32800;ASH_COATED_OSMIUM;9915;12;9912;17;;;9930;21;9933;23;;;9922.5;0.0
yf_ZW=F_d1;32800;INTARIAN_PEPPER_ROOT;12757;9;12753;27;;;12778;11;12781;21;;;12767.5;0.0
yf_ZW=F_d1;32900;ASH_COATED_OSMIUM;9917;13;9915;14;;;9929;21;9931;12;;;9923.0;0.0
yf_ZW=F_d1;32900;INTARIAN_PEPPER_ROOT;12764;11;12761;21;;;12770;15;12774;12;;;12767.0;0.0
yf_ZW=F_d1;33000;ASH_COATED_OSMIUM;9917;17;9913;14;;;9927;25;9930;18;;;9922.0;0.0
yf_ZW=F_d1;33000;INTARIAN_PEPPER_ROOT;12754;6;12751;11;;;12779;16;12781;21;;;12766.5;0.0
yf_ZW=F_d1;33100;ASH_COATED_OSMIUM;9920;12;9916;9;;;9926;13;9928;22;;;9923.0;0.0
yf_ZW=F_d1;33100;INTARIAN_PEPPER_ROOT;12762;23;12759;16;;;12770;18;12772;14;;;12766.0;0.0
yf_ZW=F_d1;33200;ASH_COATED_OSMIUM;9919;20;9916;19;;;9925;13;9929;21;;;9922.0;0.0
yf_ZW=F_d1;33200;INTARIAN_PEPPER_ROOT;12762;11;12760;19;;;12770;12;12773;14;;;12766.0;0.0
yf_ZW=F_d1;33300;ASH_COATED_OSMIUM;9920;15;9917;15;;;9926;10;9929;15;;;9923.0;0.0
yf_ZW=F_d1;33300;INTARIAN_PEPPER_ROOT;12755;12;12751;15;;;12777;6;12780;24;;;12766.0;0.0
yf_ZW=F_d1;33400;ASH_COATED_OSMIUM;9919;21;9916;12;;;9925;6;9929;10;;;9922.0;0.0
yf_ZW=F_d1;33400;INTARIAN_PEPPER_ROOT;12759;18;12755;23;;;12772;15;12776;20;;;12765.5;0.0
yf_ZW=F_d1;33500;ASH_COATED_OSMIUM;9919;13;9915;21;;;9925;10;9929;19;;;9922.0;0.0
yf_ZW=F_d1;33500;INTARIAN_PEPPER_ROOT;12763;6;12761;22;;;12769;14;12773;8;;;12766.0;0.0
yf_ZW=F_d1;33600;ASH_COATED_OSMIUM;9919;14;9915;17;;;9925;14;9929;20;;;9922.0;0.0
yf_ZW=F_d1;33600;INTARIAN_PEPPER_ROOT;12761;10;12759;24;;;12770;26;12773;23;;;12765.5;0.0
yf_ZW=F_d1;33700;ASH_COATED_OSMIUM;9919;18;9916;11;;;9925;8;9927;18;;;9922.0;0.0
yf_ZW=F_d1;33700;INTARIAN_PEPPER_ROOT;12762;10;12758;17;;;12768;20;12772;16;;;12765.0;0.0
yf_ZW=F_d1;33800;ASH_COATED_OSMIUM;9919;20;9916;17;;;9925;9;9927;23;;;9922.0;0.0
yf_ZW=F_d1;33800;INTARIAN_PEPPER_ROOT;12757;11;12755;21;;;12772;12;12774;21;;;12764.5;0.0
yf_ZW=F_d1;33900;ASH_COATED_OSMIUM;9913;21;9909;16;;;9931;18;9933;22;;;9922.0;0.0
yf_ZW=F_d1;33900;INTARIAN_PEPPER_ROOT;12759;10;12756;18;;;12769;16;12771;21;;;12764.0;0.0
yf_ZW=F_d1;34000;ASH_COATED_OSMIUM;9915;18;9913;23;;;9928;12;9931;21;;;9921.5;0.0
yf_ZW=F_d1;34000;INTARIAN_PEPPER_ROOT;12760;17;12756;13;;;12767;17;12769;13;;;12763.5;0.0
yf_ZW=F_d1;34100;ASH_COATED_OSMIUM;9920;26;9918;16;;;9926;16;9928;19;;;9923.0;0.0
yf_ZW=F_d1;34100;INTARIAN_PEPPER_ROOT;12760;5;12758;20;;;12766;19;12769;14;;;12763.0;0.0
yf_ZW=F_d1;34200;ASH_COATED_OSMIUM;9920;14;9918;27;;;9926;10;9930;28;;;9923.0;0.0
yf_ZW=F_d1;34200;INTARIAN_PEPPER_ROOT;12760;13;12757;26;;;12766;17;12768;16;;;12763.0;0.0
yf_ZW=F_d1;34300;ASH_COATED_OSMIUM;9920;20;9918;9;;;9926;18;9929;21;;;9923.0;0.0
yf_ZW=F_d1;34300;INTARIAN_PEPPER_ROOT;12760;14;12757;25;;;12766;21;12768;21;;;12763.0;0.0
yf_ZW=F_d1;34400;ASH_COATED_OSMIUM;9918;18;9915;22;;;9928;23;9932;18;;;9923.0;0.0
yf_ZW=F_d1;34400;INTARIAN_PEPPER_ROOT;12759;17;12755;21;;;12765;11;12769;18;;;12762.0;0.0
yf_ZW=F_d1;34500;ASH_COATED_OSMIUM;9920;11;9916;29;;;9926;19;9928;27;;;9923.0;0.0
yf_ZW=F_d1;34500;INTARIAN_PEPPER_ROOT;12758;14;12755;19;;;12764;12;12768;23;;;12761.0;0.0
yf_ZW=F_d1;34600;ASH_COATED_OSMIUM;9920;15;9918;25;;;9926;13;9930;14;;;9923.0;0.0
yf_ZW=F_d1;34600;INTARIAN_PEPPER_ROOT;12758;13;12755;26;;;12764;16;12767;18;;;12761.0;0.0
yf_ZW=F_d1;34700;ASH_COATED_OSMIUM;9906;9;9902;23;;;9940;15;9942;12;;;9923.0;0.0
yf_ZW=F_d1;34700;INTARIAN_PEPPER_ROOT;12757;23;12755;18;;;12763;16;12766;29;;;12760.0;0.0
yf_ZW=F_d1;34800;ASH_COATED_OSMIUM;9920;9;9917;12;;;9926;15;9930;13;;;9923.0;0.0
yf_ZW=F_d1;34800;INTARIAN_PEPPER_ROOT;12757;7;12754;26;;;12763;17;12766;22;;;12760.0;0.0
yf_ZW=F_d1;34900;ASH_COATED_OSMIUM;9920;13;9918;16;;;9927;10;9931;17;;;9923.5;0.0
yf_ZW=F_d1;34900;INTARIAN_PEPPER_ROOT;12755;25;12752;19;;;12761;19;12764;17;;;12758.0;0.0
yf_ZW=F_d1;35000;ASH_COATED_OSMIUM;9920;26;9918;27;;;9926;9;9928;26;;;9923.0;0.0
yf_ZW=F_d1;35000;INTARIAN_PEPPER_ROOT;12752;15;12748;10;;;12764;15;12768;15;;;12758.0;0.0
yf_ZW=F_d1;35100;ASH_COATED_OSMIUM;9921;15;9919;28;;;9927;20;9931;22;;;9924.0;0.0
yf_ZW=F_d1;35100;INTARIAN_PEPPER_ROOT;12755;16;12751;15;;;12761;11;12763;16;;;12758.0;0.0
yf_ZW=F_d1;35200;ASH_COATED_OSMIUM;9916;13;9914;25;;;9929;7;9931;18;;;9922.5;0.0
yf_ZW=F_d1;35200;INTARIAN_PEPPER_ROOT;12754;11;12751;14;;;12760;21;12763;27;;;12757.0;0.0
yf_ZW=F_d1;35300;ASH_COATED_OSMIUM;9921;11;9918;18;;;9927;12;9929;15;;;9924.0;0.0
yf_ZW=F_d1;35300;INTARIAN_PEPPER_ROOT;12753;15;12750;17;;;12759;13;12761;24;;;12756.0;0.0
yf_ZW=F_d1;35400;ASH_COATED_OSMIUM;9921;27;9919;26;;;9927;17;9929;24;;;9924.0;0.0
yf_ZW=F_d1;35400;INTARIAN_PEPPER_ROOT;12750;16;12747;10;;;12762;11;12766;23;;;12756.0;0.0
yf_ZW=F_d1;35500;ASH_COATED_OSMIUM;9920;14;9916;23;;;9926;21;9929;17;;;9923.0;0.0
yf_ZW=F_d1;35500;INTARIAN_PEPPER_ROOT;12747;17;12743;24;;;12764;19;12766;27;;;12755.5;0.0
yf_ZW=F_d1;35600;ASH_COATED_OSMIUM;9920;6;9916;25;;;9928;15;9931;16;;;9924.0;0.0
yf_ZW=F_d1;35600;INTARIAN_PEPPER_ROOT;12752;15;12748;24;;;12758;9;12762;32;;;12755.0;0.0
yf_ZW=F_d1;35700;ASH_COATED_OSMIUM;9920;6;9918;23;;;9926;20;9929;15;;;9923.0;0.0
yf_ZW=F_d1;35700;INTARIAN_PEPPER_ROOT;12751;11;12749;20;;;12757;10;12760;23;;;12754.0;0.0
yf_ZW=F_d1;35800;ASH_COATED_OSMIUM;9917;15;9913;26;;;9932;17;9934;15;;;9924.5;0.0
yf_ZW=F_d1;35800;INTARIAN_PEPPER_ROOT;12737;22;12733;21;;;12771;25;12773;27;;;12754.0;0.0
yf_ZW=F_d1;35900;ASH_COATED_OSMIUM;9913;17;9910;24;;;9936;20;9940;17;;;9924.5;0.0
yf_ZW=F_d1;35900;INTARIAN_PEPPER_ROOT;12733;19;12729;17;;;12772;21;12776;22;;;12752.5;0.0
yf_ZW=F_d1;36000;ASH_COATED_OSMIUM;9922;11;9919;16;;;9928;11;9932;18;;;9925.0;0.0
yf_ZW=F_d1;36000;INTARIAN_PEPPER_ROOT;12743;14;12741;15;;;12761;9;12765;24;;;12752.0;0.0
yf_ZW=F_d1;36100;ASH_COATED_OSMIUM;9922;13;9918;18;;;9928;19;9930;16;;;9925.0;0.0
yf_ZW=F_d1;36100;INTARIAN_PEPPER_ROOT;12749;23;12747;16;;;12755;25;12758;17;;;12752.0;0.0
yf_ZW=F_d1;36200;ASH_COATED_OSMIUM;9922;7;9920;14;;;9928;11;9931;18;;;9925.0;0.0
yf_ZW=F_d1;36200;INTARIAN_PEPPER_ROOT;12737;15;12734;13;;;12767;16;12771;16;;;12752.0;0.0
yf_ZW=F_d1;36300;ASH_COATED_OSMIUM;9922;9;9918;25;;;9928;18;9931;21;;;9925.0;0.0
yf_ZW=F_d1;36300;INTARIAN_PEPPER_ROOT;12748;8;12745;19;;;12755;18;12759;20;;;12751.5;0.0
yf_ZW=F_d1;36400;ASH_COATED_OSMIUM;9922;21;9920;28;;;9928;15;9931;9;;;9925.0;0.0
yf_ZW=F_d1;36400;INTARIAN_PEPPER_ROOT;12746;24;12742;19;;;12756;11;12760;19;;;12751.0;0.0
yf_ZW=F_d1;36500;ASH_COATED_OSMIUM;9923;13;9921;18;;;9929;13;9933;15;;;9926.0;0.0
yf_ZW=F_d1;36500;INTARIAN_PEPPER_ROOT;12747;15;12744;14;;;12753;14;12755;18;;;12750.0;0.0
yf_ZW=F_d1;36600;ASH_COATED_OSMIUM;9922;19;9919;12;;;9928;8;9930;29;;;9925.0;0.0
yf_ZW=F_d1;36600;INTARIAN_PEPPER_ROOT;12744;15;12741;13;;;12754;21;12758;24;;;12749.0;0.0
yf_ZW=F_d1;36700;ASH_COATED_OSMIUM;9920;13;9918;13;;;9932;9;9934;13;;;9926.0;0.0
yf_ZW=F_d1;36700;INTARIAN_PEPPER_ROOT;12746;5;12743;24;;;12752;14;12754;23;;;12749.0;0.0
yf_ZW=F_d1;36800;ASH_COATED_OSMIUM;9922;17;9920;19;;;9930;10;9933;27;;;9926.0;0.0
yf_ZW=F_d1;36800;INTARIAN_PEPPER_ROOT;12745;17;12742;15;;;12751;9;12755;10;;;12748.0;0.0
yf_ZW=F_d1;36900;ASH_COATED_OSMIUM;9909;12;9907;10;;;9941;6;9943;18;;;9925.0;0.0
yf_ZW=F_d1;36900;INTARIAN_PEPPER_ROOT;12743;12;12741;18;;;12753;20;12757;24;;;12748.0;0.0
yf_ZW=F_d1;37000;ASH_COATED_OSMIUM;9923;11;9921;20;;;9929;13;9933;24;;;9926.0;0.0
yf_ZW=F_d1;37000;INTARIAN_PEPPER_ROOT;12741;21;12739;14;;;12753;15;12757;22;;;12747.0;0.0
yf_ZW=F_d1;37100;ASH_COATED_OSMIUM;9917;23;9913;20;;;9934;17;9936;19;;;9925.5;0.0
yf_ZW=F_d1;37100;INTARIAN_PEPPER_ROOT;12743;10;12741;19;;;12749;17;12752;18;;;12746.0;0.0
yf_ZW=F_d1;37200;ASH_COATED_OSMIUM;9922;19;9920;16;;;9931;18;9933;18;;;9926.5;0.0
yf_ZW=F_d1;37200;INTARIAN_PEPPER_ROOT;12735;8;12733;19;;;12758;23;12762;30;;;12746.5;0.0
yf_ZW=F_d1;37300;ASH_COATED_OSMIUM;9924;15;9920;22;;;9930;17;9932;22;;;9927.0;0.0
yf_ZW=F_d1;37300;INTARIAN_PEPPER_ROOT;12742;8;12738;11;;;12748;15;12752;20;;;12745.0;0.0
yf_ZW=F_d1;37400;ASH_COATED_OSMIUM;9924;20;9921;16;;;9930;19;9933;14;;;9927.0;0.0
yf_ZW=F_d1;37400;INTARIAN_PEPPER_ROOT;12741;15;12739;26;;;12747;21;12749;16;;;12744.0;0.0
yf_ZW=F_d1;37500;ASH_COATED_OSMIUM;9924;12;9922;15;;;9930;13;9934;27;;;9927.0;0.0
yf_ZW=F_d1;37500;INTARIAN_PEPPER_ROOT;12723;6;12719;12;;;12765;16;12767;17;;;12744.0;0.0
yf_ZW=F_d1;37600;ASH_COATED_OSMIUM;9923;17;9921;23;;;9931;20;9933;20;;;9927.0;0.0
yf_ZW=F_d1;37600;INTARIAN_PEPPER_ROOT;12727;18;12725;14;;;12759;8;12763;17;;;12743.0;0.0
yf_ZW=F_d1;37700;ASH_COATED_OSMIUM;9924;9;9922;20;;;9930;18;9934;17;;;9927.0;0.0
yf_ZW=F_d1;37700;INTARIAN_PEPPER_ROOT;12740;15;12738;30;;;12747;19;12750;23;;;12743.5;0.0
yf_ZW=F_d1;37800;ASH_COATED_OSMIUM;9925;14;9922;19;;;9931;23;9935;10;;;9928.0;0.0
yf_ZW=F_d1;37800;INTARIAN_PEPPER_ROOT;12739;23;12735;21;;;12745;8;12749;13;;;12742.0;0.0
yf_ZW=F_d1;37900;ASH_COATED_OSMIUM;9924;12;9921;20;;;9930;11;9933;25;;;9927.0;0.0
yf_ZW=F_d1;37900;INTARIAN_PEPPER_ROOT;12739;22;12737;19;;;12745;10;12749;15;;;12742.0;0.0
yf_ZW=F_d1;38000;ASH_COATED_OSMIUM;9924;12;9921;19;;;9930;5;9934;23;;;9927.0;0.0
yf_ZW=F_d1;38000;INTARIAN_PEPPER_ROOT;12739;18;12736;26;;;12745;16;12747;24;;;12742.0;0.0
yf_ZW=F_d1;38100;ASH_COATED_OSMIUM;9924;20;9922;30;;;9930;14;9933;20;;;9927.0;0.0
yf_ZW=F_d1;38100;INTARIAN_PEPPER_ROOT;12737;14;12734;8;;;12743;18;12746;27;;;12740.0;0.0
yf_ZW=F_d1;38200;ASH_COATED_OSMIUM;9924;8;9922;20;;;9930;5;9934;24;;;9927.0;0.0
yf_ZW=F_d1;38200;INTARIAN_PEPPER_ROOT;12735;5;12731;20;;;12744;28;12747;15;;;12739.5;0.0
yf_ZW=F_d1;38300;ASH_COATED_OSMIUM;9925;23;9922;20;;;9931;18;9934;8;;;9928.0;0.0
yf_ZW=F_d1;38300;INTARIAN_PEPPER_ROOT;12734;20;12731;26;;;12746;13;12748;20;;;12740.0;0.0
yf_ZW=F_d1;38400;ASH_COATED_OSMIUM;9925;6;9921;20;;;9931;6;9933;23;;;9928.0;0.0
yf_ZW=F_d1;38400;INTARIAN_PEPPER_ROOT;12736;14;12733;12;;;12742;20;12744;24;;;12739.0;0.0
yf_ZW=F_d1;38500;ASH_COATED_OSMIUM;9925;19;9921;25;;;9931;15;9934;12;;;9928.0;0.0
yf_ZW=F_d1;38500;INTARIAN_PEPPER_ROOT;12736;13;12733;28;;;12742;15;12744;24;;;12739.0;0.0
yf_ZW=F_d1;38600;ASH_COATED_OSMIUM;9923;23;9920;27;;;9933;16;9936;13;;;9928.0;0.0
yf_ZW=F_d1;38600;INTARIAN_PEPPER_ROOT;12730;8;12726;20;;;12748;8;12752;19;;;12739.0;0.0
yf_ZW=F_d1;38700;ASH_COATED_OSMIUM;9925;17;9921;20;;;9931;10;9933;14;;;9928.0;0.0
yf_ZW=F_d1;38700;INTARIAN_PEPPER_ROOT;12735;14;12733;13;;;12741;23;12745;22;;;12738.0;0.0
yf_ZW=F_d1;38800;ASH_COATED_OSMIUM;9920;14;9918;21;;;9938;15;9942;20;;;9929.0;0.0
yf_ZW=F_d1;38800;INTARIAN_PEPPER_ROOT;12734;8;12730;19;;;12740;15;12744;15;;;12737.0;0.0
yf_ZW=F_d1;38900;ASH_COATED_OSMIUM;9926;12;9922;35;;;9932;9;9934;20;;;9929.0;0.0
yf_ZW=F_d1;38900;INTARIAN_PEPPER_ROOT;12734;18;12730;25;;;12740;6;12742;15;;;12737.0;0.0
yf_ZW=F_d1;39000;ASH_COATED_OSMIUM;9925;12;9921;17;;;9931;15;9935;18;;;9928.0;0.0
yf_ZW=F_d1;39000;INTARIAN_PEPPER_ROOT;12733;11;12730;18;;;12739;13;12742;21;;;12736.0;0.0
yf_ZW=F_d1;39100;ASH_COATED_OSMIUM;9903;16;9899;25;;;9954;16;9958;21;;;9928.5;0.0
yf_ZW=F_d1;39100;INTARIAN_PEPPER_ROOT;12732;17;12728;15;;;12738;15;12740;18;;;12735.0;0.0
yf_ZW=F_d1;39200;ASH_COATED_OSMIUM;9918;12;9914;12;;;9940;19;9943;26;;;9929.0;0.0
yf_ZW=F_d1;39200;INTARIAN_PEPPER_ROOT;12731;17;12728;26;;;12738;18;12740;27;;;12734.5;0.0
yf_ZW=F_d1;39300;ASH_COATED_OSMIUM;9926;6;9922;16;;;9932;10;9936;24;;;9929.0;0.0
yf_ZW=F_d1;39300;INTARIAN_PEPPER_ROOT;12729;17;12725;22;;;12738;13;12740;22;;;12733.5;0.0
yf_ZW=F_d1;39400;ASH_COATED_OSMIUM;9926;12;9924;23;;;9932;22;9936;17;;;9929.0;0.0
yf_ZW=F_d1;39400;INTARIAN_PEPPER_ROOT;12729;18;12725;19;;;12738;10;12740;16;;;12733.5;0.0
yf_ZW=F_d1;39500;ASH_COATED_OSMIUM;9926;7;9922;22;;;9933;20;9936;25;;;9929.5;0.0
yf_ZW=F_d1;39500;INTARIAN_PEPPER_ROOT;12730;11;12726;16;;;12736;22;12738;20;;;12733.0;0.0
yf_ZW=F_d1;39600;ASH_COATED_OSMIUM;9919;11;9917;27;;;9939;15;9942;19;;;9929.0;0.0
yf_ZW=F_d1;39600;INTARIAN_PEPPER_ROOT;12724;13;12722;17;;;12740;19;12742;24;;;12732.0;0.0
yf_ZW=F_d1;39700;ASH_COATED_OSMIUM;9926;11;9922;17;;;9932;18;9934;14;;;9929.0;0.0
yf_ZW=F_d1;39700;INTARIAN_PEPPER_ROOT;12729;23;12727;22;;;12735;13;12739;16;;;12732.0;0.0
yf_ZW=F_d1;39800;ASH_COATED_OSMIUM;9922;12;9918;15;;;9936;20;9939;22;;;9929.0;0.0
yf_ZW=F_d1;39800;INTARIAN_PEPPER_ROOT;12728;10;12725;23;;;12734;10;12737;24;;;12731.0;0.0
yf_ZW=F_d1;39900;ASH_COATED_OSMIUM;9927;14;9925;23;;;9933;14;9937;13;;;9930.0;0.0
yf_ZW=F_d1;39900;INTARIAN_PEPPER_ROOT;12728;18;12726;17;;;12734;19;12737;22;;;12731.0;0.0
yf_ZW=F_d1;40000;ASH_COATED_OSMIUM;9924;20;9921;17;;;9936;14;9939;13;;;9930.0;0.0
yf_ZW=F_d1;40000;INTARIAN_PEPPER_ROOT;12727;13;12724;20;;;12733;10;12737;16;;;12730.0;0.0
yf_ZW=F_d1;40100;ASH_COATED_OSMIUM;9927;11;9923;21;;;9933;16;9937;15;;;9930.0;0.0
yf_ZW=F_d1;40100;INTARIAN_PEPPER_ROOT;12726;22;12723;22;;;12732;22;12735;9;;;12729.0;0.0
yf_ZW=F_d1;40200;ASH_COATED_OSMIUM;9927;15;9925;23;;;9933;26;9935;24;;;9930.0;0.0
yf_ZW=F_d1;40200;INTARIAN_PEPPER_ROOT;12723;21;12720;23;;;12735;12;12738;11;;;12729.0;0.0
yf_ZW=F_d1;40300;ASH_COATED_OSMIUM;9927;11;9924;21;;;9933;9;9937;13;;;9930.0;0.0
yf_ZW=F_d1;40300;INTARIAN_PEPPER_ROOT;12723;8;12721;15;;;12734;8;12738;27;;;12728.5;0.0
yf_ZW=F_d1;40400;ASH_COATED_OSMIUM;9920;11;9916;26;;;9941;17;9944;21;;;9930.5;0.0
yf_ZW=F_d1;40400;INTARIAN_PEPPER_ROOT;12724;13;12722;18;;;12731;21;12735;19;;;12727.5;0.0
yf_ZW=F_d1;40500;ASH_COATED_OSMIUM;9921;19;9919;18;;;9939;14;9942;15;;;9930.0;0.0
yf_ZW=F_d1;40500;INTARIAN_PEPPER_ROOT;12724;15;12722;19;;;12731;19;12734;16;;;12727.5;0.0
yf_ZW=F_d1;40600;ASH_COATED_OSMIUM;9927;19;9925;13;;;9933;5;9937;30;;;9930.0;0.0
yf_ZW=F_d1;40600;INTARIAN_PEPPER_ROOT;12724;17;12722;19;;;12730;19;12732;14;;;12727.0;0.0
yf_ZW=F_d1;40700;ASH_COATED_OSMIUM;9922;12;9918;10;;;9939;14;9943;25;;;9930.5;0.0
yf_ZW=F_d1;40700;INTARIAN_PEPPER_ROOT;12718;15;12715;21;;;12734;10;12737;23;;;12726.0;0.0
yf_ZW=F_d1;40800;ASH_COATED_OSMIUM;9925;19;9921;13;;;9937;20;9941;21;;;9931.0;0.0
yf_ZW=F_d1;40800;INTARIAN_PEPPER_ROOT;12723;5;12720;23;;;12729;24;12732;17;;;12726.0;0.0
yf_ZW=F_d1;40900;ASH_COATED_OSMIUM;9928;11;9925;25;;;9934;10;9936;25;;;9931.0;0.0
yf_ZW=F_d1;40900;INTARIAN_PEPPER_ROOT;12716;13;12713;25;;;12734;20;12736;22;;;12725.0;0.0
yf_ZW=F_d1;41000;ASH_COATED_OSMIUM;9927;15;9925;16;;;9935;22;9939;12;;;9931.0;0.0
yf_ZW=F_d1;41000;INTARIAN_PEPPER_ROOT;12722;9;12720;22;;;12728;10;12732;24;;;12725.0;0.0
yf_ZW=F_d1;41100;ASH_COATED_OSMIUM;9929;12;9925;16;;;9935;16;9937;21;;;9932.0;0.0
yf_ZW=F_d1;41100;INTARIAN_PEPPER_ROOT;12718;20;12716;24;;;12730;14;12733;29;;;12724.0;0.0
yf_ZW=F_d1;41200;ASH_COATED_OSMIUM;9928;6;9924;20;;;9935;17;9939;16;;;9931.5;0.0
yf_ZW=F_d1;41200;INTARIAN_PEPPER_ROOT;12715;21;12711;25;;;12732;20;12736;12;;;12723.5;0.0
yf_ZW=F_d1;41300;ASH_COATED_OSMIUM;9929;15;9925;19;;;9935;21;9937;20;;;9932.0;0.0
yf_ZW=F_d1;41300;INTARIAN_PEPPER_ROOT;12719;9;12716;24;;;12727;16;12730;23;;;12723.0;0.0
yf_ZW=F_d1;41400;ASH_COATED_OSMIUM;9929;9;9927;22;;;9935;11;9938;14;;;9932.0;0.0
yf_ZW=F_d1;41400;INTARIAN_PEPPER_ROOT;12708;15;12706;22;;;12736;13;12739;11;;;12722.0;0.0
yf_ZW=F_d1;41500;ASH_COATED_OSMIUM;9929;12;9925;20;;;9935;23;9937;18;;;9932.0;0.0
yf_ZW=F_d1;41500;INTARIAN_PEPPER_ROOT;12719;16;12715;18;;;12725;5;12729;8;;;12722.0;0.0
yf_ZW=F_d1;41600;ASH_COATED_OSMIUM;9928;9;9926;12;;;9934;19;9937;13;;;9931.0;0.0
yf_ZW=F_d1;41600;INTARIAN_PEPPER_ROOT;12718;14;12716;18;;;12724;15;12727;16;;;12721.0;0.0
yf_ZW=F_d1;41700;ASH_COATED_OSMIUM;9929;10;9925;10;;;9935;8;9937;23;;;9932.0;0.0
yf_ZW=F_d1;41700;INTARIAN_PEPPER_ROOT;12696;11;12693;21;;;12743;14;12747;20;;;12719.5;0.0
yf_ZW=F_d1;41800;ASH_COATED_OSMIUM;9929;13;9925;25;;;9935;12;9939;16;;;9932.0;0.0
yf_ZW=F_d1;41800;INTARIAN_PEPPER_ROOT;12717;24;12715;29;;;12723;14;12727;20;;;12720.0;0.0
yf_ZW=F_d1;41900;ASH_COATED_OSMIUM;9930;18;9926;32;;;9936;12;9938;19;;;9933.0;0.0
yf_ZW=F_d1;41900;INTARIAN_PEPPER_ROOT;12716;8;12714;16;;;12722;15;12724;25;;;12719.0;0.0
yf_ZW=F_d1;42000;ASH_COATED_OSMIUM;9930;12;9926;18;;;9936;14;9938;26;;;9933.0;0.0
yf_ZW=F_d1;42000;INTARIAN_PEPPER_ROOT;12711;15;12709;18;;;12726;19;12730;23;;;12718.5;0.0
yf_ZW=F_d1;42100;ASH_COATED_OSMIUM;9922;8;9918;25;;;9942;11;9946;21;;;9932.0;0.0
yf_ZW=F_d1;42100;INTARIAN_PEPPER_ROOT;12714;6;12712;18;;;12722;14;12724;9;;;12718.0;0.0
yf_ZW=F_d1;42200;ASH_COATED_OSMIUM;9927;18;9925;23;;;9939;6;9941;15;;;9933.0;0.0
yf_ZW=F_d1;42200;INTARIAN_PEPPER_ROOT;12715;11;12711;22;;;12721;10;12725;21;;;12718.0;0.0
yf_ZW=F_d1;42300;ASH_COATED_OSMIUM;9929;18;9925;15;;;9936;10;9938;20;;;9932.5;0.0
yf_ZW=F_d1;42300;INTARIAN_PEPPER_ROOT;12715;15;12712;17;;;12721;14;12725;16;;;12718.0;0.0
yf_ZW=F_d1;42400;ASH_COATED_OSMIUM;9929;14;9927;22;;;9935;13;9938;20;;;9932.0;0.0
yf_ZW=F_d1;42400;INTARIAN_PEPPER_ROOT;12712;17;12710;18;;;12720;17;12723;23;;;12716.0;0.0
yf_ZW=F_d1;42500;ASH_COATED_OSMIUM;9929;5;9927;21;;;9936;13;9940;27;;;9932.5;0.0
yf_ZW=F_d1;42500;INTARIAN_PEPPER_ROOT;12713;16;12710;15;;;12719;17;12722;19;;;12716.0;0.0
yf_ZW=F_d1;42600;ASH_COATED_OSMIUM;9929;21;9927;25;;;9938;15;9941;20;;;9933.5;0.0
yf_ZW=F_d1;42600;INTARIAN_PEPPER_ROOT;12713;14;12711;20;;;12719;16;12722;20;;;12716.0;0.0
yf_ZW=F_d1;42700;ASH_COATED_OSMIUM;9926;5;9923;24;;;9940;9;9943;15;;;9933.0;0.0
yf_ZW=F_d1;42700;INTARIAN_PEPPER_ROOT;12710;6;12706;25;;;12719;15;12723;14;;;12714.5;0.0
yf_ZW=F_d1;42800;ASH_COATED_OSMIUM;9930;12;9927;25;;;9936;24;9938;24;;;9933.0;0.0
yf_ZW=F_d1;42800;INTARIAN_PEPPER_ROOT;12711;6;12707;10;;;12717;12;12720;26;;;12714.0;0.0
yf_ZW=F_d1;42900;ASH_COATED_OSMIUM;9930;10;9928;27;;;9936;11;9938;18;;;9933.0;0.0
yf_ZW=F_d1;42900;INTARIAN_PEPPER_ROOT;12708;16;12706;16;;;12721;13;12723;17;;;12714.5;0.0
yf_ZW=F_d1;43000;ASH_COATED_OSMIUM;9931;16;9928;16;;;9937;20;9939;14;;;9934.0;0.0
yf_ZW=F_d1;43000;INTARIAN_PEPPER_ROOT;12710;19;12707;15;;;12716;20;12719;18;;;12713.0;0.0
yf_ZW=F_d1;43100;ASH_COATED_OSMIUM;9931;20;9929;10;;;9937;19;9940;16;;;9934.0;0.0
yf_ZW=F_d1;43100;INTARIAN_PEPPER_ROOT;12705;10;12701;16;;;12721;22;12725;24;;;12713.0;0.0
yf_ZW=F_d1;43200;ASH_COATED_OSMIUM;9931;13;9929;25;;;9937;15;9939;18;;;9934.0;0.0
yf_ZW=F_d1;43200;INTARIAN_PEPPER_ROOT;12708;16;12705;15;;;12717;24;12721;16;;;12712.5;0.0
yf_ZW=F_d1;43300;ASH_COATED_OSMIUM;9932;19;9928;20;;;9938;13;9942;17;;;9935.0;0.0
yf_ZW=F_d1;43300;INTARIAN_PEPPER_ROOT;12709;15;12706;14;;;12715;12;12718;14;;;12712.0;0.0
yf_ZW=F_d1;43400;ASH_COATED_OSMIUM;9932;18;9930;22;;;9938;10;9940;9;;;9935.0;0.0
yf_ZW=F_d1;43400;INTARIAN_PEPPER_ROOT;12707;5;12703;15;;;12714;12;12718;21;;;12710.5;0.0
yf_ZW=F_d1;43500;ASH_COATED_OSMIUM;9931;17;9929;22;;;9937;11;9941;26;;;9934.0;0.0
yf_ZW=F_d1;43500;INTARIAN_PEPPER_ROOT;12707;20;12705;15;;;12715;19;12719;14;;;12711.0;0.0
yf_ZW=F_d1;43600;ASH_COATED_OSMIUM;9932;24;9928;20;;;9938;13;9942;27;;;9935.0;0.0
yf_ZW=F_d1;43600;INTARIAN_PEPPER_ROOT;12704;9;12700;28;;;12716;13;12720;19;;;12710.0;0.0
yf_ZW=F_d1;43700;ASH_COATED_OSMIUM;9932;17;9928;15;;;9938;18;9940;30;;;9935.0;0.0
yf_ZW=F_d1;43700;INTARIAN_PEPPER_ROOT;12706;12;12704;14;;;12712;13;12715;20;;;12709.0;0.0
yf_ZW=F_d1;43800;ASH_COATED_OSMIUM;9932;22;9929;17;;;9938;12;9942;14;;;9935.0;0.0
yf_ZW=F_d1;43800;INTARIAN_PEPPER_ROOT;12705;16;12702;18;;;12712;22;12714;18;;;12708.5;0.0
yf_ZW=F_d1;43900;ASH_COATED_OSMIUM;9928;6;9924;14;;;9942;17;9946;26;;;9935.0;0.0
yf_ZW=F_d1;43900;INTARIAN_PEPPER_ROOT;12705;24;12703;26;;;12711;21;12715;27;;;12708.0;0.0
yf_ZW=F_d1;44000;ASH_COATED_OSMIUM;9932;8;9929;23;;;9938;14;9942;29;;;9935.0;0.0
yf_ZW=F_d1;44000;INTARIAN_PEPPER_ROOT;12705;11;12702;25;;;12711;22;12714;27;;;12708.0;0.0
yf_ZW=F_d1;44100;ASH_COATED_OSMIUM;9930;13;9928;19;;;9941;11;9943;23;;;9935.5;0.0
yf_ZW=F_d1;44100;INTARIAN_PEPPER_ROOT;12694;15;12690;13;;;12721;10;12725;26;;;12707.5;0.0
yf_ZW=F_d1;44200;ASH_COATED_OSMIUM;9930;25;9928;22;;;9941;8;9944;27;;;9935.5;0.0
yf_ZW=F_d1;44200;INTARIAN_PEPPER_ROOT;12704;6;12702;15;;;12710;12;12714;23;;;12707.0;0.0
yf_ZW=F_d1;44300;ASH_COATED_OSMIUM;9924;11;9920;25;;;9947;13;9949;24;;;9935.5;0.0
yf_ZW=F_d1;44300;INTARIAN_PEPPER_ROOT;12694;21;12692;20;;;12717;7;12721;25;;;12705.5;0.0
yf_ZW=F_d1;44400;ASH_COATED_OSMIUM;9932;13;9928;18;;;9938;15;9941;27;;;9935.0;0.0
yf_ZW=F_d1;44400;INTARIAN_PEPPER_ROOT;12692;15;12690;27;;;12719;21;12722;19;;;12705.5;0.0
yf_ZW=F_d1;44500;ASH_COATED_OSMIUM;9930;10;9926;25;;;9941;5;9945;19;;;9935.5;0.0
yf_ZW=F_d1;44500;INTARIAN_PEPPER_ROOT;12701;21;12698;20;;;12709;15;12713;26;;;12705.0;0.0
yf_ZW=F_d1;44600;ASH_COATED_OSMIUM;9932;18;9930;22;;;9941;6;9944;20;;;9936.5;0.0
yf_ZW=F_d1;44600;INTARIAN_PEPPER_ROOT;12701;21;12697;22;;;12707;12;12711;28;;;12704.0;0.0
yf_ZW=F_d1;44700;ASH_COATED_OSMIUM;9929;5;9926;18;;;9942;13;9945;21;;;9935.5;0.0
yf_ZW=F_d1;44700;INTARIAN_PEPPER_ROOT;12699;12;12695;18;;;12709;7;12711;18;;;12704.0;0.0
yf_ZW=F_d1;44800;ASH_COATED_OSMIUM;9933;9;9931;22;;;9939;11;9942;18;;;9936.0;0.0
yf_ZW=F_d1;44800;INTARIAN_PEPPER_ROOT;12699;15;12695;29;;;12707;6;12710;26;;;12703.0;0.0
yf_ZW=F_d1;44900;ASH_COATED_OSMIUM;9931;8;9929;30;;;9941;13;9944;30;;;9936.0;0.0
yf_ZW=F_d1;44900;INTARIAN_PEPPER_ROOT;12700;6;12696;26;;;12706;13;12710;21;;;12703.0;0.0
yf_ZW=F_d1;45000;ASH_COATED_OSMIUM;9933;19;9929;17;;;9939;12;9943;22;;;9936.0;0.0
yf_ZW=F_d1;45000;INTARIAN_PEPPER_ROOT;12699;13;12695;24;;;12705;11;12709;26;;;12702.0;0.0
yf_ZW=F_d1;45100;ASH_COATED_OSMIUM;9933;19;9931;16;;;9939;10;9942;25;;;9936.0;0.0
yf_ZW=F_d1;45100;INTARIAN_PEPPER_ROOT;12698;26;12694;23;;;12704;21;12706;28;;;12701.0;0.0
yf_ZW=F_d1;45200;ASH_COATED_OSMIUM;9933;11;9929;22;;;9939;12;9942;15;;;9936.0;0.0
yf_ZW=F_d1;45200;INTARIAN_PEPPER_ROOT;12698;16;12694;19;;;12704;5;12708;24;;;12701.0;0.0
yf_ZW=F_d1;45300;ASH_COATED_OSMIUM;9934;17;9930;28;;;9940;13;9942;22;;;9937.0;0.0
yf_ZW=F_d1;45300;INTARIAN_PEPPER_ROOT;12698;12;12695;30;;;12704;15;12706;23;;;12701.0;0.0
yf_ZW=F_d1;45400;ASH_COATED_OSMIUM;9926;9;9924;17;;;9948;11;9952;21;;;9937.0;0.0
yf_ZW=F_d1;45400;INTARIAN_PEPPER_ROOT;12697;20;12693;14;;;12703;13;12706;14;;;12700.0;0.0
yf_ZW=F_d1;45500;ASH_COATED_OSMIUM;9934;20;9930;18;;;9940;7;9944;19;;;9937.0;0.0
yf_ZW=F_d1;45500;INTARIAN_PEPPER_ROOT;12694;14;12691;17;;;12705;13;12709;11;;;12699.5;0.0
yf_ZW=F_d1;45600;ASH_COATED_OSMIUM;9933;5;9930;16;;;9942;12;9944;26;;;9937.5;0.0
yf_ZW=F_d1;45600;INTARIAN_PEPPER_ROOT;12696;15;12693;21;;;12702;17;12706;29;;;12699.0;0.0
yf_ZW=F_d1;45700;ASH_COATED_OSMIUM;9933;16;9929;20;;;9941;10;9943;21;;;9937.0;0.0
yf_ZW=F_d1;45700;INTARIAN_PEPPER_ROOT;12695;24;12692;19;;;12701;7;12703;21;;;12698.0;0.0
yf_ZW=F_d1;45800;ASH_COATED_OSMIUM;9924;21;9920;25;;;9951;5;9953;20;;;9937.5;0.0
yf_ZW=F_d1;45800;INTARIAN_PEPPER_ROOT;12692;17;12689;20;;;12701;7;12704;22;;;12696.5;0.0
yf_ZW=F_d1;45900;ASH_COATED_OSMIUM;9935;11;9933;25;;;9941;10;9944;16;;;9938.0;0.0
yf_ZW=F_d1;45900;INTARIAN_PEPPER_ROOT;12694;14;12692;12;;;12700;19;12703;25;;;12697.0;0.0
yf_ZW=F_d1;46000;ASH_COATED_OSMIUM;9935;25;9932;16;;;9941;5;9944;16;;;9938.0;0.0
yf_ZW=F_d1;46000;INTARIAN_PEPPER_ROOT;12691;10;12688;29;;;12701;16;12705;18;;;12696.0;0.0
yf_ZW=F_d1;46100;ASH_COATED_OSMIUM;9933;5;9931;22;;;9943;17;9945;16;;;9938.0;0.0
yf_ZW=F_d1;46100;INTARIAN_PEPPER_ROOT;12691;16;12689;15;;;12701;6;12703;19;;;12696.0;0.0
yf_ZW=F_d1;46200;ASH_COATED_OSMIUM;9935;8;9933;13;;;9941;13;9945;14;;;9938.0;0.0
yf_ZW=F_d1;46200;INTARIAN_PEPPER_ROOT;12692;21;12690;10;;;12698;5;12702;21;;;12695.0;0.0
yf_ZW=F_d1;46300;ASH_COATED_OSMIUM;9935;9;9933;18;;;9941;8;9943;10;;;9938.0;0.0
yf_ZW=F_d1;46300;INTARIAN_PEPPER_ROOT;12690;15;12687;21;;;12700;16;12704;22;;;12695.0;0.0
yf_ZW=F_d1;46400;ASH_COATED_OSMIUM;9935;14;9931;15;;;9941;14;9944;13;;;9938.0;0.0
yf_ZW=F_d1;46400;INTARIAN_PEPPER_ROOT;12689;14;12685;18;;;12699;19;12702;19;;;12694.0;0.0
yf_ZW=F_d1;46500;ASH_COATED_OSMIUM;9928;17;9925;20;;;9948;14;9950;22;;;9938.0;0.0
yf_ZW=F_d1;46500;INTARIAN_PEPPER_ROOT;12683;14;12681;22;;;12704;10;12707;18;;;12693.5;0.0
yf_ZW=F_d1;46600;ASH_COATED_OSMIUM;9932;13;9928;20;;;9946;23;9950;17;;;9939.0;0.0
yf_ZW=F_d1;46600;INTARIAN_PEPPER_ROOT;12690;11;12686;21;;;12696;8;12700;12;;;12693.0;0.0
yf_ZW=F_d1;46700;ASH_COATED_OSMIUM;9932;17;9930;20;;;9945;19;9948;22;;;9938.5;0.0
yf_ZW=F_d1;46700;INTARIAN_PEPPER_ROOT;12690;29;12688;27;;;12696;14;12699;19;;;12693.0;0.0
yf_ZW=F_d1;46800;ASH_COATED_OSMIUM;9933;7;9929;18;;;9944;19;9946;27;;;9938.5;0.0
yf_ZW=F_d1;46800;INTARIAN_PEPPER_ROOT;12688;24;12685;23;;;12694;15;12698;32;;;12691.0;0.0
yf_ZW=F_d1;46900;ASH_COATED_OSMIUM;9937;19;9934;17;;;9943;21;9947;19;;;9940.0;0.0
yf_ZW=F_d1;46900;INTARIAN_PEPPER_ROOT;12688;18;12684;23;;;12696;13;12698;15;;;12692.0;0.0
yf_ZW=F_d1;47000;ASH_COATED_OSMIUM;9935;15;9931;21;;;9942;14;9946;18;;;9938.5;0.0
yf_ZW=F_d1;47000;INTARIAN_PEPPER_ROOT;12688;12;12686;19;;;12694;18;12697;15;;;12691.0;0.0
yf_ZW=F_d1;47100;ASH_COATED_OSMIUM;9936;12;9933;23;;;9942;16;9945;16;;;9939.0;0.0
yf_ZW=F_d1;47100;INTARIAN_PEPPER_ROOT;12687;13;12684;20;;;12693;17;12695;23;;;12690.0;0.0
yf_ZW=F_d1;47200;ASH_COATED_OSMIUM;9935;11;9933;15;;;9944;13;9946;10;;;9939.5;0.0
yf_ZW=F_d1;47200;INTARIAN_PEPPER_ROOT;12683;10;12680;21;;;12697;26;12699;17;;;12690.0;0.0
yf_ZW=F_d1;47300;ASH_COATED_OSMIUM;9936;22;9932;17;;;9942;10;9944;16;;;9939.0;0.0
yf_ZW=F_d1;47300;INTARIAN_PEPPER_ROOT;12686;20;12683;25;;;12692;25;12694;12;;;12689.0;0.0
yf_ZW=F_d1;47400;ASH_COATED_OSMIUM;9935;13;9931;17;;;9945;19;9947;22;;;9940.0;0.0
yf_ZW=F_d1;47400;INTARIAN_PEPPER_ROOT;12686;14;12683;15;;;12692;5;12696;24;;;12689.0;0.0
yf_ZW=F_d1;47500;ASH_COATED_OSMIUM;9937;20;9934;20;;;9943;16;9947;20;;;9940.0;0.0
yf_ZW=F_d1;47500;INTARIAN_PEPPER_ROOT;12683;6;12680;17;;;12693;15;12695;22;;;12688.0;0.0
yf_ZW=F_d1;47600;ASH_COATED_OSMIUM;9936;16;9934;12;;;9944;12;9948;21;;;9940.0;0.0
yf_ZW=F_d1;47600;INTARIAN_PEPPER_ROOT;12684;11;12682;19;;;12690;25;12692;17;;;12687.0;0.0
yf_ZW=F_d1;47700;ASH_COATED_OSMIUM;9937;19;9935;26;;;9943;15;9946;20;;;9940.0;0.0
yf_ZW=F_d1;47700;INTARIAN_PEPPER_ROOT;12682;14;12679;20;;;12691;15;12695;18;;;12686.5;0.0
yf_ZW=F_d1;47800;ASH_COATED_OSMIUM;9935;11;9931;12;;;9945;10;9948;25;;;9940.0;0.0
yf_ZW=F_d1;47800;INTARIAN_PEPPER_ROOT;12679;14;12675;20;;;12695;10;12698;17;;;12687.0;0.0
yf_ZW=F_d1;47900;ASH_COATED_OSMIUM;9937;13;9934;20;;;9943;16;9947;24;;;9940.0;0.0
yf_ZW=F_d1;47900;INTARIAN_PEPPER_ROOT;12683;13;12679;28;;;12689;5;12691;23;;;12686.0;0.0
yf_ZW=F_d1;48000;ASH_COATED_OSMIUM;9938;13;9936;19;;;9944;13;9948;23;;;9941.0;0.0
yf_ZW=F_d1;48000;INTARIAN_PEPPER_ROOT;12681;10;12679;17;;;12689;12;12693;14;;;12685.0;0.0
yf_ZW=F_d1;48100;ASH_COATED_OSMIUM;9937;8;9933;26;;;9943;14;9945;23;;;9940.0;0.0
yf_ZW=F_d1;48100;INTARIAN_PEPPER_ROOT;12681;13;12677;33;;;12689;15;12693;22;;;12685.0;0.0
yf_ZW=F_d1;48200;ASH_COATED_OSMIUM;9933;13;9931;21;;;9949;13;9953;14;;;9941.0;0.0
yf_ZW=F_d1;48200;INTARIAN_PEPPER_ROOT;12678;10;12674;25;;;12691;8;12693;24;;;12684.5;0.0
yf_ZW=F_d1;48300;ASH_COATED_OSMIUM;9938;11;9935;12;;;9944;17;9947;10;;;9941.0;0.0
yf_ZW=F_d1;48300;INTARIAN_PEPPER_ROOT;12677;13;12673;16;;;12689;13;12693;24;;;12683.0;0.0
yf_ZW=F_d1;48400;ASH_COATED_OSMIUM;9938;22;9935;16;;;9944;16;9947;12;;;9941.0;0.0
yf_ZW=F_d1;48400;INTARIAN_PEPPER_ROOT;12680;24;12677;15;;;12686;6;12688;15;;;12683.0;0.0
yf_ZW=F_d1;48500;ASH_COATED_OSMIUM;9938;21;9935;14;;;9944;13;9948;15;;;9941.0;0.0
yf_ZW=F_d1;48500;INTARIAN_PEPPER_ROOT;12679;15;12676;12;;;12685;12;12687;29;;;12682.0;0.0
yf_ZW=F_d1;48600;ASH_COATED_OSMIUM;9939;17;9936;20;;;9945;17;9947;16;;;9942.0;0.0
yf_ZW=F_d1;48600;INTARIAN_PEPPER_ROOT;12679;18;12676;26;;;12685;20;12689;20;;;12682.0;0.0
yf_ZW=F_d1;48700;ASH_COATED_OSMIUM;9935;16;9933;15;;;9947;17;9951;19;;;9941.0;0.0
yf_ZW=F_d1;48700;INTARIAN_PEPPER_ROOT;12675;21;12673;14;;;12687;21;12689;19;;;12681.0;0.0
yf_ZW=F_d1;48800;ASH_COATED_OSMIUM;9938;14;9934;20;;;9944;13;9947;23;;;9941.0;0.0
yf_ZW=F_d1;48800;INTARIAN_PEPPER_ROOT;12678;16;12675;25;;;12684;16;12688;20;;;12681.0;0.0
yf_ZW=F_d1;48900;ASH_COATED_OSMIUM;9938;16;9934;21;;;9944;5;9948;22;;;9941.0;0.0
yf_ZW=F_d1;48900;INTARIAN_PEPPER_ROOT;12676;12;12674;28;;;12686;16;12690;17;;;12681.0;0.0
yf_ZW=F_d1;49000;ASH_COATED_OSMIUM;9936;9;9933;19;;;9948;10;9950;27;;;9942.0;0.0
yf_ZW=F_d1;49000;INTARIAN_PEPPER_ROOT;12659;11;12655;14;;;12701;13;12703;17;;;12680.0;0.0
yf_ZW=F_d1;49100;ASH_COATED_OSMIUM;9937;13;9934;11;;;9946;20;9948;17;;;9941.5;0.0
yf_ZW=F_d1;49100;INTARIAN_PEPPER_ROOT;12675;19;12671;18;;;12683;21;12687;18;;;12679.0;0.0
yf_ZW=F_d1;49200;ASH_COATED_OSMIUM;9932;14;9930;20;;;9952;17;9956;17;;;9942.0;0.0
yf_ZW=F_d1;49200;INTARIAN_PEPPER_ROOT;12676;19;12674;15;;;12682;17;12685;20;;;12679.0;0.0
yf_ZW=F_d1;49300;ASH_COATED_OSMIUM;9940;15;9936;8;;;9946;15;9950;25;;;9943.0;0.0
yf_ZW=F_d1;49300;INTARIAN_PEPPER_ROOT;12675;18;12672;22;;;12681;19;12684;12;;;12678.0;0.0
yf_ZW=F_d1;49400;ASH_COATED_OSMIUM;9939;17;9935;24;;;9945;11;9949;25;;;9942.0;0.0
yf_ZW=F_d1;49400;INTARIAN_PEPPER_ROOT;12675;14;12672;18;;;12681;19;12685;15;;;12678.0;0.0
yf_ZW=F_d1;49500;ASH_COATED_OSMIUM;9939;9;9936;12;;;9946;14;9950;34;;;9942.5;0.0
yf_ZW=F_d1;49500;INTARIAN_PEPPER_ROOT;12669;17;12667;18;;;12685;8;12689;15;;;12677.0;0.0
yf_ZW=F_d1;49600;ASH_COATED_OSMIUM;9940;10;9936;26;;;9946;15;9948;24;;;9943.0;0.0
yf_ZW=F_d1;49600;INTARIAN_PEPPER_ROOT;12668;12;12666;27;;;12686;12;12688;19;;;12677.0;0.0
yf_ZW=F_d1;49700;ASH_COATED_OSMIUM;9939;16;9937;17;;;9945;18;9948;19;;;9942.0;0.0
yf_ZW=F_d1;49700;INTARIAN_PEPPER_ROOT;12672;12;12668;13;;;12678;16;12682;17;;;12675.0;0.0
yf_ZW=F_d1;49800;ASH_COATED_OSMIUM;9940;10;9938;13;;;9946;9;9948;24;;;9943.0;0.0
yf_ZW=F_d1;49800;INTARIAN_PEPPER_ROOT;12672;11;12668;22;;;12679;11;12681;16;;;12675.5;0.0
yf_ZW=F_d1;49900;ASH_COATED_OSMIUM;9937;13;9934;17;;;9948;17;9952;11;;;9942.5;0.0
yf_ZW=F_d1;49900;INTARIAN_PEPPER_ROOT;12656;14;12653;16;;;12693;12;12696;13;;;12674.5;0.0
yf_ZW=F_d1;50000;ASH_COATED_OSMIUM;9940;22;9936;25;;;9946;11;9948;22;;;9943.0;0.0
yf_ZW=F_d1;50000;INTARIAN_PEPPER_ROOT;12665;18;12663;9;;;12682;14;12684;24;;;12673.5;0.0
yf_ZW=F_d1;50100;ASH_COATED_OSMIUM;9939;22;9935;18;;;9948;28;9952;22;;;9943.5;0.0
yf_ZW=F_d1;50100;INTARIAN_PEPPER_ROOT;12671;19;12667;24;;;12677;21;12681;18;;;12674.0;0.0
yf_ZW=F_d1;50200;ASH_COATED_OSMIUM;9940;8;9938;11;;;9946;20;9948;21;;;9943.0;0.0
yf_ZW=F_d1;50200;INTARIAN_PEPPER_ROOT;12670;11;12667;16;;;12676;15;12680;14;;;12673.0;0.0
yf_ZW=F_d1;50300;ASH_COATED_OSMIUM;9938;17;9934;18;;;9949;6;9951;19;;;9943.5;0.0
yf_ZW=F_d1;50300;INTARIAN_PEPPER_ROOT;12669;12;12665;22;;;12675;16;12679;20;;;12672.0;0.0
yf_ZW=F_d1;50400;ASH_COATED_OSMIUM;9941;21;9939;25;;;9947;15;9949;18;;;9944.0;0.0
yf_ZW=F_d1;50400;INTARIAN_PEPPER_ROOT;12669;16;12667;22;;;12675;16;12679;26;;;12672.0;0.0
yf_ZW=F_d1;50500;ASH_COATED_OSMIUM;9923;17;9920;22;;;9964;13;9968;13;;;9943.5;0.0
yf_ZW=F_d1;50500;INTARIAN_PEPPER_ROOT;12668;19;12666;16;;;12675;16;12677;20;;;12671.5;0.0
yf_ZW=F_d1;50600;ASH_COATED_OSMIUM;9939;17;9935;18;;;9949;24;9951;15;;;9944.0;0.0
yf_ZW=F_d1;50600;INTARIAN_PEPPER_ROOT;12667;11;12664;24;;;12673;12;12675;24;;;12670.0;0.0
yf_ZW=F_d1;50700;ASH_COATED_OSMIUM;9940;10;9938;23;;;9948;15;9952;11;;;9944.0;0.0
yf_ZW=F_d1;50700;INTARIAN_PEPPER_ROOT;12667;14;12664;20;;;12673;13;12675;22;;;12670.0;0.0
yf_ZW=F_d1;50800;ASH_COATED_OSMIUM;9940;20;9936;20;;;9949;18;9952;15;;;9944.5;0.0
yf_ZW=F_d1;50800;INTARIAN_PEPPER_ROOT;12664;9;12660;12;;;12677;10;12679;15;;;12670.5;0.0
yf_ZW=F_d1;50900;ASH_COATED_OSMIUM;9941;13;9937;23;;;9947;18;9949;18;;;9944.0;0.0
yf_ZW=F_d1;50900;INTARIAN_PEPPER_ROOT;12664;26;12662;23;;;12673;10;12676;20;;;12668.5;0.0
yf_ZW=F_d1;51000;ASH_COATED_OSMIUM;9941;13;9939;15;;;9947;15;9949;21;;;9944.0;0.0
yf_ZW=F_d1;51000;INTARIAN_PEPPER_ROOT;12662;18;12659;21;;;12671;13;12675;12;;;12666.5;0.0
yf_ZW=F_d1;51100;ASH_COATED_OSMIUM;9928;16;9924;22;;;9959;12;9962;17;;;9943.5;0.0
yf_ZW=F_d1;51100;INTARIAN_PEPPER_ROOT;12663;15;12660;18;;;12669;10;12673;25;;;12666.0;0.0
yf_ZW=F_d1;51200;ASH_COATED_OSMIUM;9941;13;9938;17;;;9947;7;9951;24;;;9944.0;0.0
yf_ZW=F_d1;51200;INTARIAN_PEPPER_ROOT;12661;16;12658;23;;;12667;18;12671;15;;;12664.0;0.0
yf_ZW=F_d1;51300;ASH_COATED_OSMIUM;9941;17;9937;13;;;9947;9;9949;20;;;9944.0;0.0
yf_ZW=F_d1;51300;INTARIAN_PEPPER_ROOT;12655;18;12653;21;;;12672;9;12676;24;;;12663.5;0.0
yf_ZW=F_d1;51400;ASH_COATED_OSMIUM;9940;13;9936;23;;;9946;22;9949;20;;;9943.0;0.0
yf_ZW=F_d1;51400;INTARIAN_PEPPER_ROOT;12658;20;12655;17;;;12664;15;12668;20;;;12661.0;0.0
yf_ZW=F_d1;51500;ASH_COATED_OSMIUM;9940;16;9937;13;;;9947;13;9951;16;;;9943.5;0.0
yf_ZW=F_d1;51500;INTARIAN_PEPPER_ROOT;12654;18;12650;13;;;12666;15;12669;16;;;12660.0;0.0
yf_ZW=F_d1;51600;ASH_COATED_OSMIUM;9938;14;9934;21;;;9950;5;9952;22;;;9944.0;0.0
yf_ZW=F_d1;51600;INTARIAN_PEPPER_ROOT;12656;9;12654;15;;;12662;13;12665;17;;;12659.0;0.0
yf_ZW=F_d1;51700;ASH_COATED_OSMIUM;9941;15;9939;21;;;9947;8;9951;17;;;9944.0;0.0
yf_ZW=F_d1;51700;INTARIAN_PEPPER_ROOT;12654;11;12651;25;;;12660;15;12664;17;;;12657.0;0.0
yf_ZW=F_d1;51800;ASH_COATED_OSMIUM;9940;12;9938;18;;;9946;13;9950;26;;;9943.0;0.0
yf_ZW=F_d1;51800;INTARIAN_PEPPER_ROOT;12648;15;12644;10;;;12663;10;12666;19;;;12655.5;0.0
yf_ZW=F_d1;51900;ASH_COATED_OSMIUM;9940;11;9938;22;;;9946;16;9950;16;;;9943.0;0.0
yf_ZW=F_d1;51900;INTARIAN_PEPPER_ROOT;12645;21;12641;24;;;12665;17;12667;18;;;12655.0;0.0
yf_ZW=F_d1;52000;ASH_COATED_OSMIUM;9940;12;9937;13;;;9946;10;9950;25;;;9943.0;0.0
yf_ZW=F_d1;52000;INTARIAN_PEPPER_ROOT;12646;16;12644;22;;;12658;16;12662;20;;;12652.0;0.0
yf_ZW=F_d1;52100;ASH_COATED_OSMIUM;9938;18;9936;11;;;9948;13;9950;26;;;9943.0;0.0
yf_ZW=F_d1;52100;INTARIAN_PEPPER_ROOT;12646;16;12644;18;;;12656;16;12659;14;;;12651.0;0.0
yf_ZW=F_d1;52200;ASH_COATED_OSMIUM;9940;13;9938;23;;;9946;8;9950;22;;;9943.0;0.0
yf_ZW=F_d1;52200;INTARIAN_PEPPER_ROOT;12635;22;12633;17;;;12666;11;12669;23;;;12650.5;0.0
yf_ZW=F_d1;52300;ASH_COATED_OSMIUM;9940;8;9937;18;;;9946;16;9950;27;;;9943.0;0.0
yf_ZW=F_d1;52300;INTARIAN_PEPPER_ROOT;12646;10;12642;25;;;12652;18;12654;25;;;12649.0;0.0
yf_ZW=F_d1;52400;ASH_COATED_OSMIUM;9940;12;9937;30;;;9946;13;9948;17;;;9943.0;0.0
yf_ZW=F_d1;52400;INTARIAN_PEPPER_ROOT;12638;16;12635;25;;;12656;18;12658;17;;;12647.0;0.0
yf_ZW=F_d1;52500;ASH_COATED_OSMIUM;9936;13;9934;21;;;9949;19;9953;10;;;9942.5;0.0
yf_ZW=F_d1;52500;INTARIAN_PEPPER_ROOT;12637;16;12634;19;;;12654;16;12658;15;;;12645.5;0.0
yf_ZW=F_d1;52600;ASH_COATED_OSMIUM;9939;18;9937;16;;;9945;15;9949;17;;;9942.0;0.0
yf_ZW=F_d1;52600;INTARIAN_PEPPER_ROOT;12633;13;12629;15;;;12656;18;12659;19;;;12644.5;0.0
yf_ZW=F_d1;52700;ASH_COATED_OSMIUM;9936;9;9934;21;;;9950;21;9952;8;;;9943.0;0.0
yf_ZW=F_d1;52700;INTARIAN_PEPPER_ROOT;12639;9;12636;19;;;12648;27;12650;18;;;12643.5;0.0
yf_ZW=F_d1;52800;ASH_COATED_OSMIUM;9939;12;9937;20;;;9945;21;9948;21;;;9942.0;0.0
yf_ZW=F_d1;52800;INTARIAN_PEPPER_ROOT;12639;12;12635;18;;;12645;10;12647;21;;;12642.0;0.0
yf_ZW=F_d1;52900;ASH_COATED_OSMIUM;9935;15;9933;13;;;9947;5;9950;25;;;9941.0;0.0
yf_ZW=F_d1;52900;INTARIAN_PEPPER_ROOT;12638;13;12634;27;;;12644;19;12647;19;;;12641.0;0.0
yf_ZW=F_d1;53000;ASH_COATED_OSMIUM;9937;11;9935;26;;;9947;13;9951;16;;;9942.0;0.0
yf_ZW=F_d1;53000;INTARIAN_PEPPER_ROOT;12635;15;12631;14;;;12644;17;12648;18;;;12639.5;0.0
yf_ZW=F_d1;53100;ASH_COATED_OSMIUM;9939;9;9936;19;;;9946;18;9949;22;;;9942.5;0.0
yf_ZW=F_d1;53100;INTARIAN_PEPPER_ROOT;12635;17;12631;19;;;12641;10;12643;14;;;12638.0;0.0
yf_ZW=F_d1;53200;ASH_COATED_OSMIUM;9938;12;9935;10;;;9944;26;9948;17;;;9941.0;0.0
yf_ZW=F_d1;53200;INTARIAN_PEPPER_ROOT;12632;16;12629;19;;;12638;11;12642;18;;;12635.0;0.0
yf_ZW=F_d1;53300;ASH_COATED_OSMIUM;9926;22;9922;20;;;9956;5;9960;10;;;9941.0;0.0
yf_ZW=F_d1;53300;INTARIAN_PEPPER_ROOT;12631;19;12627;17;;;12638;21;12640;21;;;12634.5;0.0
yf_ZW=F_d1;53400;ASH_COATED_OSMIUM;9938;11;9936;20;;;9944;14;9947;22;;;9941.0;0.0
yf_ZW=F_d1;53400;INTARIAN_PEPPER_ROOT;12630;6;12627;14;;;12636;19;12640;13;;;12633.0;0.0
yf_ZW=F_d1;53500;ASH_COATED_OSMIUM;9938;22;9936;13;;;9944;8;9946;27;;;9941.0;0.0
yf_ZW=F_d1;53500;INTARIAN_PEPPER_ROOT;12629;10;12626;22;;;12635;6;12639;27;;;12632.0;0.0
yf_ZW=F_d1;53600;ASH_COATED_OSMIUM;9938;15;9935;21;;;9944;9;9948;22;;;9941.0;0.0
yf_ZW=F_d1;53600;INTARIAN_PEPPER_ROOT;12628;12;12625;13;;;12634;19;12638;19;;;12631.0;0.0
yf_ZW=F_d1;53700;ASH_COATED_OSMIUM;9938;5;9936;26;;;9944;16;9946;27;;;9941.0;0.0
yf_ZW=F_d1;53700;INTARIAN_PEPPER_ROOT;12625;14;12622;22;;;12634;20;12636;19;;;12629.5;0.0
yf_ZW=F_d1;53800;ASH_COATED_OSMIUM;9938;16;9936;16;;;9944;9;9947;17;;;9941.0;0.0
yf_ZW=F_d1;53800;INTARIAN_PEPPER_ROOT;12625;8;12622;20;;;12631;8;12633;23;;;12628.0;0.0
yf_ZW=F_d1;53900;ASH_COATED_OSMIUM;9936;23;9932;17;;;9946;21;9948;31;;;9941.0;0.0
yf_ZW=F_d1;53900;INTARIAN_PEPPER_ROOT;12623;21;12621;24;;;12629;20;12633;21;;;12626.0;0.0
yf_ZW=F_d1;54000;ASH_COATED_OSMIUM;9938;12;9935;22;;;9944;15;9948;17;;;9941.0;0.0
yf_ZW=F_d1;54000;INTARIAN_PEPPER_ROOT;12621;13;12619;22;;;12629;15;12631;23;;;12625.0;0.0
yf_ZW=F_d1;54100;ASH_COATED_OSMIUM;9937;18;9934;24;;;9943;10;9946;22;;;9940.0;0.0
yf_ZW=F_d1;54100;INTARIAN_PEPPER_ROOT;12620;5;12617;21;;;12626;5;12628;11;;;12623.0;0.0
yf_ZW=F_d1;54200;ASH_COATED_OSMIUM;9938;10;9935;26;;;9944;21;9947;20;;;9941.0;0.0
yf_ZW=F_d1;54200;INTARIAN_PEPPER_ROOT;12619;9;12617;11;;;12625;16;12628;27;;;12622.0;0.0
yf_ZW=F_d1;54300;ASH_COATED_OSMIUM;9937;14;9935;24;;;9943;7;9945;23;;;9940.0;0.0
yf_ZW=F_d1;54300;INTARIAN_PEPPER_ROOT;12611;18;12607;18;;;12630;9;12634;23;;;12620.5;0.0
yf_ZW=F_d1;54400;ASH_COATED_OSMIUM;9932;14;9930;13;;;9948;5;9950;31;;;9940.0;0.0
yf_ZW=F_d1;54400;INTARIAN_PEPPER_ROOT;12616;11;12613;22;;;12622;10;12626;16;;;12619.0;0.0
yf_ZW=F_d1;54500;ASH_COATED_OSMIUM;9937;12;9933;10;;;9943;5;9945;15;;;9940.0;0.0
yf_ZW=F_d1;54500;INTARIAN_PEPPER_ROOT;12615;14;12612;28;;;12621;12;12625;23;;;12618.0;0.0
yf_ZW=F_d1;54600;ASH_COATED_OSMIUM;9929;15;9927;22;;;9950;15;9952;17;;;9939.5;0.0
yf_ZW=F_d1;54600;INTARIAN_PEPPER_ROOT;12613;9;12609;20;;;12619;11;12622;17;;;12616.0;0.0
yf_ZW=F_d1;54700;ASH_COATED_OSMIUM;9937;18;9934;26;;;9943;16;9946;12;;;9940.0;0.0
yf_ZW=F_d1;54700;INTARIAN_PEPPER_ROOT;12612;14;12608;13;;;12618;12;12621;11;;;12615.0;0.0
yf_ZW=F_d1;54800;ASH_COATED_OSMIUM;9937;18;9934;30;;;9943;12;9947;23;;;9940.0;0.0
yf_ZW=F_d1;54800;INTARIAN_PEPPER_ROOT;12611;12;12608;15;;;12617;15;12621;20;;;12614.0;0.0
yf_ZW=F_d1;54900;ASH_COATED_OSMIUM;9936;12;9934;21;;;9942;9;9944;17;;;9939.0;0.0
yf_ZW=F_d1;54900;INTARIAN_PEPPER_ROOT;12609;23;12607;29;;;12615;6;12618;16;;;12612.0;0.0
yf_ZW=F_d1;55000;ASH_COATED_OSMIUM;9936;11;9933;23;;;9942;17;9946;17;;;9939.0;0.0
yf_ZW=F_d1;55000;INTARIAN_PEPPER_ROOT;12594;17;12592;20;;;12628;14;12631;24;;;12611.0;0.0
yf_ZW=F_d1;55100;ASH_COATED_OSMIUM;9936;25;9932;15;;;9942;15;9945;21;;;9939.0;0.0
yf_ZW=F_d1;55100;INTARIAN_PEPPER_ROOT;12606;21;12604;27;;;12612;10;12616;22;;;12609.0;0.0
yf_ZW=F_d1;55200;ASH_COATED_OSMIUM;9936;12;9932;23;;;9942;22;9944;21;;;9939.0;0.0
yf_ZW=F_d1;55200;INTARIAN_PEPPER_ROOT;12604;16;12600;26;;;12610;14;12612;11;;;12607.0;0.0
yf_ZW=F_d1;55300;ASH_COATED_OSMIUM;9936;17;9933;14;;;9942;16;9944;15;;;9939.0;0.0
yf_ZW=F_d1;55300;INTARIAN_PEPPER_ROOT;12600;12;12598;25;;;12612;14;12616;20;;;12606.0;0.0
yf_ZW=F_d1;55400;ASH_COATED_OSMIUM;9935;14;9932;27;;;9941;13;9944;24;;;9938.0;0.0
yf_ZW=F_d1;55400;INTARIAN_PEPPER_ROOT;12602;12;12599;23;;;12608;5;12612;18;;;12605.0;0.0
yf_ZW=F_d1;55500;ASH_COATED_OSMIUM;9935;11;9933;25;;;9944;16;9946;20;;;9939.5;0.0
yf_ZW=F_d1;55500;INTARIAN_PEPPER_ROOT;12600;27;12597;24;;;12607;16;12610;16;;;12603.5;0.0
yf_ZW=F_d1;55600;ASH_COATED_OSMIUM;9935;14;9931;24;;;9943;8;9947;17;;;9939.0;0.0
yf_ZW=F_d1;55600;INTARIAN_PEPPER_ROOT;12598;12;12595;24;;;12606;14;12609;25;;;12602.0;0.0
yf_ZW=F_d1;55700;ASH_COATED_OSMIUM;9935;17;9933;15;;;9943;21;9945;17;;;9939.0;0.0
yf_ZW=F_d1;55700;INTARIAN_PEPPER_ROOT;12597;9;12594;28;;;12603;17;12605;24;;;12600.0;0.0
yf_ZW=F_d1;55800;ASH_COATED_OSMIUM;9933;9;9931;23;;;9943;22;9946;24;;;9938.0;0.0
yf_ZW=F_d1;55800;INTARIAN_PEPPER_ROOT;12593;18;12590;12;;;12606;20;12608;16;;;12599.5;0.0
yf_ZW=F_d1;55900;ASH_COATED_OSMIUM;9936;13;9934;22;;;9942;12;9946;23;;;9939.0;0.0
yf_ZW=F_d1;55900;INTARIAN_PEPPER_ROOT;12583;22;12579;19;;;12613;11;12615;15;;;12598.0;0.0
yf_ZW=F_d1;56000;ASH_COATED_OSMIUM;9935;18;9931;18;;;9941;16;9943;23;;;9938.0;0.0
yf_ZW=F_d1;56000;INTARIAN_PEPPER_ROOT;12585;12;12582;22;;;12609;21;12613;17;;;12597.0;0.0
yf_ZW=F_d1;56100;ASH_COATED_OSMIUM;9935;15;9932;23;;;9941;16;9945;21;;;9938.0;0.0
yf_ZW=F_d1;56100;INTARIAN_PEPPER_ROOT;12588;12;12586;26;;;12603;14;12606;27;;;12595.5;0.0
yf_ZW=F_d1;56200;ASH_COATED_OSMIUM;9935;14;9932;18;;;9941;13;9944;13;;;9938.0;0.0
yf_ZW=F_d1;56200;INTARIAN_PEPPER_ROOT;12587;12;12583;20;;;12599;21;12603;20;;;12593.0;0.0
yf_ZW=F_d1;56300;ASH_COATED_OSMIUM;9930;18;9926;20;;;9944;15;9947;10;;;9937.0;0.0
yf_ZW=F_d1;56300;INTARIAN_PEPPER_ROOT;12589;18;12587;15;;;12596;10;12600;18;;;12592.5;0.0
yf_ZW=F_d1;56400;ASH_COATED_OSMIUM;9935;8;9933;22;;;9941;17;9944;13;;;9938.0;0.0
yf_ZW=F_d1;56400;INTARIAN_PEPPER_ROOT;12588;18;12586;22;;;12594;11;12598;19;;;12591.0;0.0
yf_ZW=F_d1;56500;ASH_COATED_OSMIUM;9930;14;9926;17;;;9944;15;9946;25;;;9937.0;0.0
yf_ZW=F_d1;56500;INTARIAN_PEPPER_ROOT;12583;20;12579;28;;;12596;21;12598;16;;;12589.5;0.0
yf_ZW=F_d1;56600;ASH_COATED_OSMIUM;9935;19;9932;15;;;9941;20;9944;20;;;9938.0;0.0
yf_ZW=F_d1;56600;INTARIAN_PEPPER_ROOT;12585;17;12583;17;;;12591;24;12593;21;;;12588.0;0.0
yf_ZW=F_d1;56700;ASH_COATED_OSMIUM;9934;12;9932;14;;;9942;20;9946;15;;;9938.0;0.0
yf_ZW=F_d1;56700;INTARIAN_PEPPER_ROOT;12583;5;12579;26;;;12589;25;12592;22;;;12586.0;0.0
yf_ZW=F_d1;56800;ASH_COATED_OSMIUM;9934;18;9930;17;;;9940;19;9944;19;;;9937.0;0.0
yf_ZW=F_d1;56800;INTARIAN_PEPPER_ROOT;12583;21;12581;21;;;12589;13;12591;17;;;12586.0;0.0
yf_ZW=F_d1;56900;ASH_COATED_OSMIUM;9934;13;9931;10;;;9940;14;9942;15;;;9937.0;0.0
yf_ZW=F_d1;56900;INTARIAN_PEPPER_ROOT;12581;11;12577;21;;;12587;15;12591;16;;;12584.0;0.0
yf_ZW=F_d1;57000;ASH_COATED_OSMIUM;9934;23;9931;25;;;9941;14;9943;12;;;9937.5;0.0
yf_ZW=F_d1;57000;INTARIAN_PEPPER_ROOT;12579;20;12577;17;;;12585;12;12587;16;;;12582.0;0.0
yf_ZW=F_d1;57100;ASH_COATED_OSMIUM;9932;7;9928;22;;;9942;16;9944;8;;;9937.0;0.0
yf_ZW=F_d1;57100;INTARIAN_PEPPER_ROOT;12578;5;12574;18;;;12584;28;12586;17;;;12581.0;0.0
yf_ZW=F_d1;57200;ASH_COATED_OSMIUM;9933;21;9931;12;;;9939;16;9943;27;;;9936.0;0.0
yf_ZW=F_d1;57200;INTARIAN_PEPPER_ROOT;12577;9;12575;20;;;12583;13;12586;29;;;12580.0;0.0
yf_ZW=F_d1;57300;ASH_COATED_OSMIUM;9933;12;9929;22;;;9939;16;9943;16;;;9936.0;0.0
yf_ZW=F_d1;57300;INTARIAN_PEPPER_ROOT;12570;19;12566;18;;;12587;11;12591;22;;;12578.5;0.0
yf_ZW=F_d1;57400;ASH_COATED_OSMIUM;9933;10;9931;14;;;9939;18;9942;18;;;9936.0;0.0
yf_ZW=F_d1;57400;INTARIAN_PEPPER_ROOT;12574;13;12570;22;;;12580;13;12582;26;;;12577.0;0.0
yf_ZW=F_d1;57500;ASH_COATED_OSMIUM;9933;18;9929;19;;;9939;13;9943;17;;;9936.0;0.0
yf_ZW=F_d1;57500;INTARIAN_PEPPER_ROOT;12572;17;12569;19;;;12578;17;12582;11;;;12575.0;0.0
yf_ZW=F_d1;57600;ASH_COATED_OSMIUM;9930;16;9927;22;;;9944;12;9946;20;;;9937.0;0.0
yf_ZW=F_d1;57600;INTARIAN_PEPPER_ROOT;12568;27;12564;24;;;12580;16;12584;25;;;12574.0;0.0
yf_ZW=F_d1;57700;ASH_COATED_OSMIUM;9933;14;9929;14;;;9939;16;9941;22;;;9936.0;0.0
yf_ZW=F_d1;57700;INTARIAN_PEPPER_ROOT;12568;18;12565;20;;;12577;19;12580;16;;;12572.5;0.0
yf_ZW=F_d1;57800;ASH_COATED_OSMIUM;9923;18;9921;23;;;9948;12;9950;27;;;9935.5;0.0
yf_ZW=F_d1;57800;INTARIAN_PEPPER_ROOT;12568;16;12564;15;;;12574;15;12578;10;;;12571.0;0.0
yf_ZW=F_d1;57900;ASH_COATED_OSMIUM;9933;19;9930;20;;;9939;18;9943;18;;;9936.0;0.0
yf_ZW=F_d1;57900;INTARIAN_PEPPER_ROOT;12567;16;12564;27;;;12573;15;12576;26;;;12570.0;0.0
yf_ZW=F_d1;58000;ASH_COATED_OSMIUM;9928;13;9926;22;;;9943;16;9946;25;;;9935.5;0.0
yf_ZW=F_d1;58000;INTARIAN_PEPPER_ROOT;12566;17;12562;18;;;12572;5;12576;16;;;12569.0;0.0
yf_ZW=F_d1;58100;ASH_COATED_OSMIUM;9933;10;9931;12;;;9939;5;9941;20;;;9936.0;0.0
yf_ZW=F_d1;58100;INTARIAN_PEPPER_ROOT;12557;12;12553;18;;;12577;6;12579;19;;;12567.0;0.0
yf_ZW=F_d1;58200;ASH_COATED_OSMIUM;9932;14;9930;25;;;9938;15;9942;19;;;9935.0;0.0
yf_ZW=F_d1;58200;INTARIAN_PEPPER_ROOT;12562;9;12560;10;;;12568;16;12571;21;;;12565.0;0.0
yf_ZW=F_d1;58300;ASH_COATED_OSMIUM;9932;11;9929;21;;;9938;20;9941;9;;;9935.0;0.0
yf_ZW=F_d1;58300;INTARIAN_PEPPER_ROOT;12561;17;12559;22;;;12567;24;12571;18;;;12564.0;0.0
