day;timestamp;product;bid_price_1;bid_volume_1;bid_price_2;bid_volume_2;bid_price_3;bid_volume_3;ask_price_1;ask_volume_1;ask_price_2;ask_volume_2;ask_price_3;ask_volume_3;mid_price;profit_and_loss
yf_ZS=F_d1;0;ASH_COATED_OSMIUM;10022;23;10020;21;;;10029;9;10033;19;;;10025.5;0.0
yf_ZS=F_d1;0;INTARIAN_PEPPER_ROOT;12996;15;12993;31;;;13002;14;13005;27;;;12999.0;0.0
yf_ZS=F_d1;100;ASH_COATED_OSMIUM;10022;15;10020;27;;;10028;18;10030;18;;;10025.0;0.0
yf_ZS=F_d1;100;INTARIAN_PEPPER_ROOT;12994;6;12990;16;;;13005;15;13009;20;;;12999.5;0.0
yf_ZS=F_d1;200;ASH_COATED_OSMIUM;10022;11;10018;20;;;10028;15;10030;14;;;10025.0;0.0
yf_ZS=F_d1;200;INTARIAN_PEPPER_ROOT;12989;15;12986;28;;;13009;5;13012;16;;;12999.0;0.0
yf_ZS=F_d1;300;ASH_COATED_OSMIUM;10022;12;10020;21;;;10028;16;10030;21;;;10025.0;0.0
yf_ZS=F_d1;300;INTARIAN_PEPPER_ROOT;12996;20;12992;15;;;13002;23;13006;29;;;12999.0;0.0
yf_ZS=F_d1;400;ASH_COATED_OSMIUM;10022;16;10019;16;;;10028;21;10031;12;;;10025.0;0.0
yf_ZS=F_d1;400;INTARIAN_PEPPER_ROOT;12992;21;12988;24;;;13003;8;13007;17;;;12997.5;0.0
yf_ZS=F_d1;500;ASH_COATED_OSMIUM;10023;15;10020;19;;;10029;19;10033;22;;;10026.0;0.0
yf_ZS=F_d1;500;INTARIAN_PEPPER_ROOT;12995;15;12993;18;;;13001;7;13004;18;;;12998.0;0.0
yf_ZS=F_d1;600;ASH_COATED_OSMIUM;10022;8;10020;20;;;10028;23;10032;22;;;10025.0;0.0
yf_ZS=F_d1;600;INTARIAN_PEPPER_ROOT;12994;10;12990;21;;;13000;6;13004;17;;;12997.0;0.0
yf_ZS=F_d1;700;ASH_COATED_OSMIUM;10022;14;10018;25;;;10028;17;10031;19;;;10025.0;0.0
yf_ZS=F_d1;700;INTARIAN_PEPPER_ROOT;12981;13;12977;31;;;13013;20;13016;22;;;12997.0;0.0
yf_ZS=F_d1;800;ASH_COATED_OSMIUM;10022;16;10018;10;;;10028;20;10032;17;;;10025.0;0.0
yf_ZS=F_d1;800;INTARIAN_PEPPER_ROOT;12992;20;12989;27;;;13002;13;13005;8;;;12997.0;0.0
yf_ZS=F_d1;900;ASH_COATED_OSMIUM;10022;14;10020;27;;;10028;16;10031;19;;;10025.0;0.0
yf_ZS=F_d1;900;INTARIAN_PEPPER_ROOT;12994;17;12992;25;;;13000;11;13002;18;;;12997.0;0.0
yf_ZS=F_d1;1000;ASH_COATED_OSMIUM;10021;13;10017;25;;;10027;11;10031;18;;;10024.0;0.0
yf_ZS=F_d1;1000;INTARIAN_PEPPER_ROOT;12994;22;12991;22;;;13000;17;13002;20;;;12997.0;0.0
yf_ZS=F_d1;1100;ASH_COATED_OSMIUM;10021;5;10017;12;;;10029;6;10031;12;;;10025.0;0.0
yf_ZS=F_d1;1100;INTARIAN_PEPPER_ROOT;12986;8;12983;19;;;13006;19;13009;25;;;12996.0;0.0
yf_ZS=F_d1;1200;ASH_COATED_OSMIUM;10022;16;10019;19;;;10028;18;10030;18;;;10025.0;0.0
yf_ZS=F_d1;1200;INTARIAN_PEPPER_ROOT;12993;14;12991;20;;;12999;19;13001;16;;;12996.0;0.0
yf_ZS=F_d1;1300;ASH_COATED_OSMIUM;10022;17;10020;16;;;10028;20;10031;25;;;10025.0;0.0
yf_ZS=F_d1;1300;INTARIAN_PEPPER_ROOT;12994;12;12990;20;;;13000;16;13002;19;;;12997.0;0.0
yf_ZS=F_d1;1400;ASH_COATED_OSMIUM;10016;9;10012;16;;;10033;24;10036;13;;;10024.5;0.0
yf_ZS=F_d1;1400;INTARIAN_PEPPER_ROOT;12992;12;12989;19;;;12998;19;13000;17;;;12995.0;0.0
yf_ZS=F_d1;1500;ASH_COATED_OSMIUM;10019;17;10016;20;;;10031;5;10034;23;;;10025.0;0.0
yf_ZS=F_d1;1500;INTARIAN_PEPPER_ROOT;12992;24;12989;16;;;12998;16;13001;20;;;12995.0;0.0
yf_ZS=F_d1;1600;ASH_COATED_OSMIUM;10018;7;10014;12;;;10033;27;10036;20;;;10025.5;0.0
yf_ZS=F_d1;1600;INTARIAN_PEPPER_ROOT;12989;15;12987;17;;;13000;10;13003;15;;;12994.5;0.0
yf_ZS=F_d1;1700;ASH_COATED_OSMIUM;10022;17;10019;22;;;10028;9;10031;21;;;10025.0;0.0
yf_ZS=F_d1;1700;INTARIAN_PEPPER_ROOT;12992;20;12988;26;;;12998;19;13001;21;;;12995.0;0.0
yf_ZS=F_d1;1800;ASH_COATED_OSMIUM;10022;10;10020;22;;;10028;18;10032;31;;;10025.0;0.0
yf_ZS=F_d1;1800;INTARIAN_PEPPER_ROOT;12992;23;12988;21;;;12998;26;13002;19;;;12995.0;0.0
yf_ZS=F_d1;1900;ASH_COATED_OSMIUM;10019;10;10017;20;;;10030;15;10032;18;;;10024.5;0.0
yf_ZS=F_d1;1900;INTARIAN_PEPPER_ROOT;12991;23;12989;23;;;12997;14;12999;19;;;12994.0;0.0
yf_ZS=F_d1;2000;ASH_COATED_OSMIUM;10022;15;10019;28;;;10028;22;10031;18;;;10025.0;0.0
yf_ZS=F_d1;2000;INTARIAN_PEPPER_ROOT;12991;6;12987;29;;;12997;14;12999;24;;;12994.0;0.0
yf_ZS=F_d1;2100;ASH_COATED_OSMIUM;10020;12;10018;21;;;10029;10;10031;16;;;10024.5;0.0
yf_ZS=F_d1;2100;INTARIAN_PEPPER_ROOT;12991;7;12988;13;;;12997;16;13001;23;;;12994.0;0.0
yf_ZS=F_d1;2200;ASH_COATED_OSMIUM;10021;14;10019;16;;;10027;6;10029;16;;;10024.0;0.0
yf_ZS=F_d1;2200;INTARIAN_PEPPER_ROOT;12991;16;12989;24;;;12997;16;13000;18;;;12994.0;0.0
yf_ZS=F_d1;2300;ASH_COATED_OSMIUM;10021;12;10018;8;;;10027;14;10031;26;;;10024.0;0.0
yf_ZS=F_d1;2300;INTARIAN_PEPPER_ROOT;12988;24;12985;22;;;12999;21;13002;14;;;12993.5;0.0
yf_ZS=F_d1;2400;ASH_COATED_OSMIUM;10022;6;10020;15;;;10028;23;10030;26;;;10025.0;0.0
yf_ZS=F_d1;2400;INTARIAN_PEPPER_ROOT;12990;19;12986;12;;;12996;13;12999;16;;;12993.0;0.0
yf_ZS=F_d1;2500;ASH_COATED_OSMIUM;10022;13;10018;21;;;10028;15;10030;22;;;10025.0;0.0
yf_ZS=F_d1;2500;INTARIAN_PEPPER_ROOT;12990;17;12987;15;;;12996;18;12999;29;;;12993.0;0.0
yf_ZS=F_d1;2600;ASH_COATED_OSMIUM;10022;15;10019;23;;;10029;15;10032;22;;;10025.5;0.0
yf_ZS=F_d1;2600;INTARIAN_PEPPER_ROOT;12990;18;12988;13;;;12996;13;13000;12;;;12993.0;0.0
yf_ZS=F_d1;2700;ASH_COATED_OSMIUM;10021;19;10018;25;;;10027;17;10030;21;;;10024.0;0.0
yf_ZS=F_d1;2700;INTARIAN_PEPPER_ROOT;12989;16;12987;19;;;12995;5;12997;25;;;12992.0;0.0
yf_ZS=F_d1;2800;ASH_COATED_OSMIUM;10021;14;10017;22;;;10030;22;10034;25;;;10025.5;0.0
yf_ZS=F_d1;2800;INTARIAN_PEPPER_ROOT;12989;11;12986;13;;;12995;15;12999;26;;;12992.0;0.0
yf_ZS=F_d1;2900;ASH_COATED_OSMIUM;10020;16;10017;22;;;10028;11;10030;21;;;10024.0;0.0
yf_ZS=F_d1;2900;INTARIAN_PEPPER_ROOT;12989;17;12985;15;;;12995;15;12997;22;;;12992.0;0.0
yf_ZS=F_d1;3000;ASH_COATED_OSMIUM;10020;19;10017;16;;;10030;9;10032;30;;;10025.0;0.0
yf_ZS=F_d1;3000;INTARIAN_PEPPER_ROOT;12988;11;12985;18;;;12994;17;12997;23;;;12991.0;0.0
yf_ZS=F_d1;3100;ASH_COATED_OSMIUM;10022;16;10020;14;;;10028;20;10030;20;;;10025.0;0.0
yf_ZS=F_d1;3100;INTARIAN_PEPPER_ROOT;12988;20;12984;19;;;12994;23;12997;23;;;12991.0;0.0
yf_ZS=F_d1;3200;ASH_COATED_OSMIUM;10022;18;10018;19;;;10028;10;10032;24;;;10025.0;0.0
yf_ZS=F_d1;3200;INTARIAN_PEPPER_ROOT;12987;20;12985;17;;;12995;19;12999;29;;;12991.0;0.0
yf_ZS=F_d1;3300;ASH_COATED_OSMIUM;10014;11;10010;20;;;10035;19;10039;12;;;10024.5;0.0
yf_ZS=F_d1;3300;INTARIAN_PEPPER_ROOT;12988;23;12986;23;;;12994;15;12996;21;;;12991.0;0.0
yf_ZS=F_d1;3400;ASH_COATED_OSMIUM;10010;11;10007;26;;;10038;10;10041;19;;;10024.0;0.0
yf_ZS=F_d1;3400;INTARIAN_PEPPER_ROOT;12977;9;12973;14;;;13004;17;13007;17;;;12990.5;0.0
yf_ZS=F_d1;3500;ASH_COATED_OSMIUM;10021;16;10019;17;;;10027;12;10029;19;;;10024.0;0.0
yf_ZS=F_d1;3500;INTARIAN_PEPPER_ROOT;12985;15;12982;23;;;12995;19;12998;28;;;12990.0;0.0
yf_ZS=F_d1;3600;ASH_COATED_OSMIUM;10022;15;10020;16;;;10028;12;10032;24;;;10025.0;0.0
yf_ZS=F_d1;3600;INTARIAN_PEPPER_ROOT;12986;17;12982;14;;;12992;15;12995;20;;;12989.0;0.0
yf_ZS=F_d1;3700;ASH_COATED_OSMIUM;10021;11;10017;17;;;10027;14;10029;25;;;10024.0;0.0
yf_ZS=F_d1;3700;INTARIAN_PEPPER_ROOT;12985;19;12983;19;;;12992;14;12995;29;;;12988.5;0.0
yf_ZS=F_d1;3800;ASH_COATED_OSMIUM;10016;21;10013;23;;;10034;25;10037;20;;;10025.0;0.0
yf_ZS=F_d1;3800;INTARIAN_PEPPER_ROOT;12987;13;12984;26;;;12993;11;12996;14;;;12990.0;0.0
yf_ZS=F_d1;3900;ASH_COATED_OSMIUM;10019;21;10015;24;;;10030;22;10034;16;;;10024.5;0.0
yf_ZS=F_d1;3900;INTARIAN_PEPPER_ROOT;12986;12;12982;24;;;12992;9;12994;19;;;12989.0;0.0
yf_ZS=F_d1;4000;ASH_COATED_OSMIUM;10021;16;10019;13;;;10027;7;10030;12;;;10024.0;0.0
yf_ZS=F_d1;4000;INTARIAN_PEPPER_ROOT;12982;13;12980;19;;;12995;14;12998;9;;;12988.5;0.0
yf_ZS=F_d1;4100;ASH_COATED_OSMIUM;10021;19;10019;23;;;10027;11;10031;27;;;10024.0;0.0
yf_ZS=F_d1;4100;INTARIAN_PEPPER_ROOT;12980;22;12978;23;;;12998;13;13000;18;;;12989.0;0.0
yf_ZS=F_d1;4200;ASH_COATED_OSMIUM;10010;11;10007;28;;;10038;14;10042;13;;;10024.0;0.0
yf_ZS=F_d1;4200;INTARIAN_PEPPER_ROOT;12980;20;12976;22;;;12997;13;13001;22;;;12988.5;0.0
yf_ZS=F_d1;4300;ASH_COATED_OSMIUM;10012;19;10009;20;;;10036;16;10040;22;;;10024.0;0.0
yf_ZS=F_d1;4300;INTARIAN_PEPPER_ROOT;12984;11;12981;23;;;12991;20;12993;25;;;12987.5;0.0
yf_ZS=F_d1;4400;ASH_COATED_OSMIUM;10021;21;10017;20;;;10027;12;10030;21;;;10024.0;0.0
yf_ZS=F_d1;4400;INTARIAN_PEPPER_ROOT;12984;8;12982;19;;;12990;5;12994;15;;;12987.0;0.0
yf_ZS=F_d1;4500;ASH_COATED_OSMIUM;10021;19;10018;23;;;10027;9;10029;17;;;10024.0;0.0
yf_ZS=F_d1;4500;INTARIAN_PEPPER_ROOT;12984;15;12982;26;;;12990;20;12994;13;;;12987.0;0.0
yf_ZS=F_d1;4600;ASH_COATED_OSMIUM;10014;9;10011;14;;;10035;14;10038;22;;;10024.5;0.0
yf_ZS=F_d1;4600;INTARIAN_PEPPER_ROOT;12984;14;12980;8;;;12990;20;12992;19;;;12987.0;0.0
yf_ZS=F_d1;4700;ASH_COATED_OSMIUM;10021;15;10018;20;;;10027;9;10030;29;;;10024.0;0.0
yf_ZS=F_d1;4700;INTARIAN_PEPPER_ROOT;12973;17;12971;24;;;13002;16;13005;18;;;12987.5;0.0
yf_ZS=F_d1;4800;ASH_COATED_OSMIUM;10021;19;10018;25;;;10027;7;10031;24;;;10024.0;0.0
yf_ZS=F_d1;4800;INTARIAN_PEPPER_ROOT;12981;22;12979;27;;;12991;11;12995;28;;;12986.0;0.0
yf_ZS=F_d1;4900;ASH_COATED_OSMIUM;10019;18;10016;22;;;10028;17;10030;17;;;10023.5;0.0
yf_ZS=F_d1;4900;INTARIAN_PEPPER_ROOT;12983;9;12981;22;;;12989;14;12993;17;;;12986.0;0.0
yf_ZS=F_d1;5000;ASH_COATED_OSMIUM;10021;16;10017;17;;;10027;5;10030;19;;;10024.0;0.0
yf_ZS=F_d1;5000;INTARIAN_PEPPER_ROOT;12983;12;12979;27;;;12989;20;12992;22;;;12986.0;0.0
yf_ZS=F_d1;5100;ASH_COATED_OSMIUM;10021;11;10018;18;;;10027;20;10031;25;;;10024.0;0.0
yf_ZS=F_d1;5100;INTARIAN_PEPPER_ROOT;12981;23;12979;25;;;12989;25;12993;21;;;12985.0;0.0
yf_ZS=F_d1;5200;ASH_COATED_OSMIUM;10021;17;10019;21;;;10027;22;10029;10;;;10024.0;0.0
yf_ZS=F_d1;5200;INTARIAN_PEPPER_ROOT;12978;20;12975;21;;;12994;14;12996;21;;;12986.0;0.0
yf_ZS=F_d1;5300;ASH_COATED_OSMIUM;10020;17;10017;21;;;10026;18;10030;23;;;10023.0;0.0
yf_ZS=F_d1;5300;INTARIAN_PEPPER_ROOT;12982;13;12978;13;;;12988;15;12992;9;;;12985.0;0.0
yf_ZS=F_d1;5400;ASH_COATED_OSMIUM;10020;18;10018;21;;;10027;12;10029;22;;;10023.5;0.0
yf_ZS=F_d1;5400;INTARIAN_PEPPER_ROOT;12975;8;12971;22;;;12995;21;12999;15;;;12985.0;0.0
yf_ZS=F_d1;5500;ASH_COATED_OSMIUM;10021;19;10019;24;;;10027;14;10030;25;;;10024.0;0.0
yf_ZS=F_d1;5500;INTARIAN_PEPPER_ROOT;12970;11;12966;20;;;13000;8;13002;19;;;12985.0;0.0
yf_ZS=F_d1;5600;ASH_COATED_OSMIUM;10021;16;10017;21;;;10027;12;10029;26;;;10024.0;0.0
yf_ZS=F_d1;5600;INTARIAN_PEPPER_ROOT;12982;16;12979;27;;;12988;5;12992;16;;;12985.0;0.0
yf_ZS=F_d1;5700;ASH_COATED_OSMIUM;10020;16;10018;21;;;10029;11;10031;18;;;10024.5;0.0
yf_ZS=F_d1;5700;INTARIAN_PEPPER_ROOT;12969;5;12966;10;;;13000;19;13003;20;;;12984.5;0.0
yf_ZS=F_d1;5800;ASH_COATED_OSMIUM;10018;7;10015;18;;;10028;16;10032;26;;;10023.0;0.0
yf_ZS=F_d1;5800;INTARIAN_PEPPER_ROOT;12981;16;12979;14;;;12987;19;12991;18;;;12984.0;0.0
yf_ZS=F_d1;5900;ASH_COATED_OSMIUM;10015;19;10011;20;;;10032;13;10035;13;;;10023.5;0.0
yf_ZS=F_d1;5900;INTARIAN_PEPPER_ROOT;12980;20;12976;18;;;12986;25;12990;15;;;12983.0;0.0
yf_ZS=F_d1;6000;ASH_COATED_OSMIUM;10017;5;10013;18;;;10031;18;10033;18;;;10024.0;0.0
yf_ZS=F_d1;6000;INTARIAN_PEPPER_ROOT;12980;22;12977;12;;;12986;10;12988;26;;;12983.0;0.0
yf_ZS=F_d1;6100;ASH_COATED_OSMIUM;10012;21;10009;11;;;10035;15;10037;32;;;10023.5;0.0
yf_ZS=F_d1;6100;INTARIAN_PEPPER_ROOT;12980;22;12976;22;;;12986;14;12990;14;;;12983.0;0.0
yf_ZS=F_d1;6200;ASH_COATED_OSMIUM;10021;13;10018;19;;;10027;11;10029;17;;;10024.0;0.0
yf_ZS=F_d1;6200;INTARIAN_PEPPER_ROOT;12980;17;12976;14;;;12986;15;12988;20;;;12983.0;0.0
yf_ZS=F_d1;6300;ASH_COATED_OSMIUM;10020;15;10017;25;;;10028;10;10032;17;;;10024.0;0.0
yf_ZS=F_d1;6300;INTARIAN_PEPPER_ROOT;12979;14;12975;30;;;12986;13;12988;14;;;12982.5;0.0
yf_ZS=F_d1;6400;ASH_COATED_OSMIUM;10021;20;10017;26;;;10027;5;10030;22;;;10024.0;0.0
yf_ZS=F_d1;6400;INTARIAN_PEPPER_ROOT;12978;5;12974;17;;;12984;17;12988;22;;;12981.0;0.0
yf_ZS=F_d1;6500;ASH_COATED_OSMIUM;10021;11;10017;20;;;10027;7;10031;26;;;10024.0;0.0
yf_ZS=F_d1;6500;INTARIAN_PEPPER_ROOT;12978;10;12975;19;;;12986;19;12989;19;;;12982.0;0.0
yf_ZS=F_d1;6600;ASH_COATED_OSMIUM;10019;15;10015;27;;;10028;18;10032;17;;;10023.5;0.0
yf_ZS=F_d1;6600;INTARIAN_PEPPER_ROOT;12979;14;12975;19;;;12985;26;12988;22;;;12982.0;0.0
yf_ZS=F_d1;6700;ASH_COATED_OSMIUM;10020;7;10018;18;;;10026;9;10029;15;;;10023.0;0.0
yf_ZS=F_d1;6700;INTARIAN_PEPPER_ROOT;12978;10;12974;20;;;12984;12;12986;23;;;12981.0;0.0
yf_ZS=F_d1;6800;ASH_COATED_OSMIUM;10021;23;10019;15;;;10027;18;10030;8;;;10024.0;0.0
yf_ZS=F_d1;6800;INTARIAN_PEPPER_ROOT;12972;21;12968;19;;;12990;16;12994;13;;;12981.0;0.0
yf_ZS=F_d1;6900;ASH_COATED_OSMIUM;10018;17;10014;18;;;10031;14;10034;17;;;10024.5;0.0
yf_ZS=F_d1;6900;INTARIAN_PEPPER_ROOT;12978;17;12976;25;;;12984;9;12987;21;;;12981.0;0.0
yf_ZS=F_d1;7000;ASH_COATED_OSMIUM;10015;24;10011;14;;;10033;12;10035;13;;;10024.0;0.0
yf_ZS=F_d1;7000;INTARIAN_PEPPER_ROOT;12978;18;12974;14;;;12984;21;12986;23;;;12981.0;0.0
yf_ZS=F_d1;7100;ASH_COATED_OSMIUM;10020;19;10017;18;;;10026;5;10029;25;;;10023.0;0.0
yf_ZS=F_d1;7100;INTARIAN_PEPPER_ROOT;12968;19;12966;26;;;12991;12;12995;13;;;12979.5;0.0
yf_ZS=F_d1;7200;ASH_COATED_OSMIUM;10020;15;10018;26;;;10027;21;10030;18;;;10023.5;0.0
yf_ZS=F_d1;7200;INTARIAN_PEPPER_ROOT;12967;14;12965;21;;;12993;13;12997;9;;;12980.0;0.0
yf_ZS=F_d1;7300;ASH_COATED_OSMIUM;10020;13;10018;11;;;10028;11;10031;17;;;10024.0;0.0
yf_ZS=F_d1;7300;INTARIAN_PEPPER_ROOT;12971;14;12968;22;;;12988;22;12992;17;;;12979.5;0.0
yf_ZS=F_d1;7400;ASH_COATED_OSMIUM;10018;11;10015;23;;;10029;13;10033;11;;;10023.5;0.0
yf_ZS=F_d1;7400;INTARIAN_PEPPER_ROOT;12977;18;12974;22;;;12983;11;12985;21;;;12980.0;0.0
yf_ZS=F_d1;7500;ASH_COATED_OSMIUM;10019;10;10015;18;;;10028;5;10030;8;;;10023.5;0.0
yf_ZS=F_d1;7500;INTARIAN_PEPPER_ROOT;12976;11;12973;22;;;12982;25;12986;15;;;12979.0;0.0
yf_ZS=F_d1;7600;ASH_COATED_OSMIUM;10018;13;10014;18;;;10028;10;10030;10;;;10023.0;0.0
yf_ZS=F_d1;7600;INTARIAN_PEPPER_ROOT;12976;19;12974;21;;;12982;20;12984;22;;;12979.0;0.0
yf_ZS=F_d1;7700;ASH_COATED_OSMIUM;10020;18;10016;17;;;10026;10;10030;16;;;10023.0;0.0
yf_ZS=F_d1;7700;INTARIAN_PEPPER_ROOT;12975;6;12972;22;;;12981;18;12983;21;;;12978.0;0.0
yf_ZS=F_d1;7800;ASH_COATED_OSMIUM;10018;25;10014;17;;;10030;8;10034;14;;;10024.0;0.0
yf_ZS=F_d1;7800;INTARIAN_PEPPER_ROOT;12974;19;12972;23;;;12982;20;12985;10;;;12978.0;0.0
yf_ZS=F_d1;7900;ASH_COATED_OSMIUM;10020;9;10017;9;;;10026;11;10030;27;;;10023.0;0.0
yf_ZS=F_d1;7900;INTARIAN_PEPPER_ROOT;12975;17;12973;21;;;12981;13;12985;23;;;12978.0;0.0
yf_ZS=F_d1;8000;ASH_COATED_OSMIUM;10021;12;10019;23;;;10027;11;10031;24;;;10024.0;0.0
yf_ZS=F_d1;8000;INTARIAN_PEPPER_ROOT;12972;11;12969;25;;;12983;17;12987;18;;;12977.5;0.0
yf_ZS=F_d1;8100;ASH_COATED_OSMIUM;10020;12;10016;17;;;10027;16;10029;19;;;10023.5;0.0
yf_ZS=F_d1;8100;INTARIAN_PEPPER_ROOT;12974;21;12972;29;;;12980;18;12982;21;;;12977.0;0.0
yf_ZS=F_d1;8200;ASH_COATED_OSMIUM;10005;12;10002;18;;;10042;16;10044;21;;;10023.5;0.0
yf_ZS=F_d1;8200;INTARIAN_PEPPER_ROOT;12974;5;12971;23;;;12980;8;12983;17;;;12977.0;0.0
yf_ZS=F_d1;8300;ASH_COATED_OSMIUM;10020;22;10017;13;;;10026;16;10028;18;;;10023.0;0.0
yf_ZS=F_d1;8300;INTARIAN_PEPPER_ROOT;12969;19;12965;14;;;12985;16;12987;21;;;12977.0;0.0
yf_ZS=F_d1;8400;ASH_COATED_OSMIUM;10020;16;10018;19;;;10026;12;10030;24;;;10023.0;0.0
yf_ZS=F_d1;8400;INTARIAN_PEPPER_ROOT;12972;16;12970;9;;;12982;13;12984;18;;;12977.0;0.0
yf_ZS=F_d1;8500;ASH_COATED_OSMIUM;10020;11;10018;13;;;10026;20;10028;22;;;10023.0;0.0
yf_ZS=F_d1;8500;INTARIAN_PEPPER_ROOT;12973;18;12969;24;;;12979;10;12983;23;;;12976.0;0.0
yf_ZS=F_d1;8600;ASH_COATED_OSMIUM;10020;16;10016;22;;;10026;13;10030;25;;;10023.0;0.0
yf_ZS=F_d1;8600;INTARIAN_PEPPER_ROOT;12973;13;12971;23;;;12979;14;12983;16;;;12976.0;0.0
yf_ZS=F_d1;8700;ASH_COATED_OSMIUM;10020;6;10016;22;;;10026;11;10029;24;;;10023.0;0.0
yf_ZS=F_d1;8700;INTARIAN_PEPPER_ROOT;12957;8;12954;22;;;12995;24;12998;22;;;12976.0;0.0
yf_ZS=F_d1;8800;ASH_COATED_OSMIUM;10020;20;10016;24;;;10026;5;10030;23;;;10023.0;0.0
yf_ZS=F_d1;8800;INTARIAN_PEPPER_ROOT;12971;11;12969;17;;;12979;18;12981;25;;;12975.0;0.0
yf_ZS=F_d1;8900;ASH_COATED_OSMIUM;10017;30;10013;22;;;10029;12;10032;13;;;10023.0;0.0
yf_ZS=F_d1;8900;INTARIAN_PEPPER_ROOT;12972;8;12969;20;;;12978;5;12981;19;;;12975.0;0.0
yf_ZS=F_d1;9000;ASH_COATED_OSMIUM;10020;11;10017;22;;;10026;9;10029;16;;;10023.0;0.0
yf_ZS=F_d1;9000;INTARIAN_PEPPER_ROOT;12971;5;12967;22;;;12977;15;12980;21;;;12974.0;0.0
yf_ZS=F_d1;9100;ASH_COATED_OSMIUM;10020;5;10016;13;;;10026;12;10030;19;;;10023.0;0.0
yf_ZS=F_d1;9100;INTARIAN_PEPPER_ROOT;12972;15;12970;18;;;12978;8;12981;11;;;12975.0;0.0
yf_ZS=F_d1;9200;ASH_COATED_OSMIUM;10020;12;10018;12;;;10026;14;10029;24;;;10023.0;0.0
yf_ZS=F_d1;9200;INTARIAN_PEPPER_ROOT;12964;18;12962;16;;;12985;15;12988;22;;;12974.5;0.0
yf_ZS=F_d1;9300;ASH_COATED_OSMIUM;10020;11;10018;21;;;10026;16;10030;23;;;10023.0;0.0
yf_ZS=F_d1;9300;INTARIAN_PEPPER_ROOT;12971;21;12967;10;;;12977;11;12980;24;;;12974.0;0.0
yf_ZS=F_d1;9400;ASH_COATED_OSMIUM;10019;22;10015;21;;;10025;11;10029;8;;;10022.0;0.0
yf_ZS=F_d1;9400;INTARIAN_PEPPER_ROOT;12970;12;12966;25;;;12976;18;12980;24;;;12973.0;0.0
yf_ZS=F_d1;9500;ASH_COATED_OSMIUM;10020;18;10018;24;;;10026;18;10028;16;;;10023.0;0.0
yf_ZS=F_d1;9500;INTARIAN_PEPPER_ROOT;12965;8;12963;18;;;12982;10;12985;21;;;12973.5;0.0
yf_ZS=F_d1;9600;ASH_COATED_OSMIUM;10020;12;10016;22;;;10026;20;10030;22;;;10023.0;0.0
yf_ZS=F_d1;9600;INTARIAN_PEPPER_ROOT;12970;26;12968;27;;;12976;16;12978;13;;;12973.0;0.0
yf_ZS=F_d1;9700;ASH_COATED_OSMIUM;10020;19;10016;15;;;10026;8;10030;14;;;10023.0;0.0
yf_ZS=F_d1;9700;INTARIAN_PEPPER_ROOT;12970;26;12967;19;;;12976;13;12978;15;;;12973.0;0.0
yf_ZS=F_d1;9800;ASH_COATED_OSMIUM;10020;15;10016;24;;;10026;23;10030;24;;;10023.0;0.0
yf_ZS=F_d1;9800;INTARIAN_PEPPER_ROOT;12970;10;12966;13;;;12976;21;12980;24;;;12973.0;0.0
yf_ZS=F_d1;9900;ASH_COATED_OSMIUM;10020;18;10016;21;;;10026;20;10029;19;;;10023.0;0.0
yf_ZS=F_d1;9900;INTARIAN_PEPPER_ROOT;12969;18;12965;20;;;12978;11;12982;35;;;12973.5;0.0
yf_ZS=F_d1;10000;ASH_COATED_OSMIUM;10019;10;10016;24;;;10025;13;10029;16;;;10022.0;0.0
yf_ZS=F_d1;10000;INTARIAN_PEPPER_ROOT;12969;19;12967;23;;;12975;19;12977;24;;;12972.0;0.0
yf_ZS=F_d1;10100;ASH_COATED_OSMIUM;10011;13;10009;18;;;10036;19;10040;17;;;10023.5;0.0
yf_ZS=F_d1;10100;INTARIAN_PEPPER_ROOT;12969;12;12967;22;;;12976;10;12979;27;;;12972.5;0.0
yf_ZS=F_d1;10200;ASH_COATED_OSMIUM;10020;14;10016;12;;;10026;24;10028;34;;;10023.0;0.0
yf_ZS=F_d1;10200;INTARIAN_PEPPER_ROOT;12969;19;12966;21;;;12976;17;12980;29;;;12972.5;0.0
yf_ZS=F_d1;10300;ASH_COATED_OSMIUM;10014;16;10010;17;;;10032;12;10035;25;;;10023.0;0.0
yf_ZS=F_d1;10300;INTARIAN_PEPPER_ROOT;12968;25;12965;24;;;12974;21;12977;24;;;12971.0;0.0
yf_ZS=F_d1;10400;ASH_COATED_OSMIUM;10019;5;10015;17;;;10025;10;10027;19;;;10022.0;0.0
yf_ZS=F_d1;10400;INTARIAN_PEPPER_ROOT;12967;9;12965;29;;;12973;13;12977;22;;;12970.0;0.0
yf_ZS=F_d1;10500;ASH_COATED_OSMIUM;10020;19;10017;11;;;10026;20;10030;24;;;10023.0;0.0
yf_ZS=F_d1;10500;INTARIAN_PEPPER_ROOT;12964;15;12962;19;;;12977;13;12979;20;;;12970.5;0.0
yf_ZS=F_d1;10600;ASH_COATED_OSMIUM;10019;13;10016;16;;;10025;19;10029;16;;;10022.0;0.0
yf_ZS=F_d1;10600;INTARIAN_PEPPER_ROOT;12967;15;12965;25;;;12975;14;12977;13;;;12971.0;0.0
yf_ZS=F_d1;10700;ASH_COATED_OSMIUM;10018;15;10014;23;;;10028;5;10031;16;;;10023.0;0.0
yf_ZS=F_d1;10700;INTARIAN_PEPPER_ROOT;12962;8;12958;17;;;12979;7;12983;22;;;12970.5;0.0
yf_ZS=F_d1;10800;ASH_COATED_OSMIUM;10020;14;10017;19;;;10026;11;10030;14;;;10023.0;0.0
yf_ZS=F_d1;10800;INTARIAN_PEPPER_ROOT;12967;17;12965;23;;;12973;11;12977;21;;;12970.0;0.0
yf_ZS=F_d1;10900;ASH_COATED_OSMIUM;10008;18;10005;24;;;10036;26;10038;21;;;10022.0;0.0
yf_ZS=F_d1;10900;INTARIAN_PEPPER_ROOT;12967;20;12965;24;;;12973;17;12977;26;;;12970.0;0.0
yf_ZS=F_d1;11000;ASH_COATED_OSMIUM;10017;13;10013;20;;;10028;19;10031;18;;;10022.5;0.0
yf_ZS=F_d1;11000;INTARIAN_PEPPER_ROOT;12966;12;12964;18;;;12972;20;12975;16;;;12969.0;0.0
yf_ZS=F_d1;11100;ASH_COATED_OSMIUM;10020;15;10016;20;;;10026;10;10029;16;;;10023.0;0.0
yf_ZS=F_d1;11100;INTARIAN_PEPPER_ROOT;12965;15;12962;14;;;12975;7;12977;26;;;12970.0;0.0
yf_ZS=F_d1;11200;ASH_COATED_OSMIUM;10019;11;10016;24;;;10025;18;10028;17;;;10022.0;0.0
yf_ZS=F_d1;11200;INTARIAN_PEPPER_ROOT;12966;14;12962;19;;;12972;14;12975;10;;;12969.0;0.0
yf_ZS=F_d1;11300;ASH_COATED_OSMIUM;10015;9;10012;23;;;10029;16;10033;22;;;10022.0;0.0
yf_ZS=F_d1;11300;INTARIAN_PEPPER_ROOT;12966;17;12963;25;;;12972;14;12975;26;;;12969.0;0.0
yf_ZS=F_d1;11400;ASH_COATED_OSMIUM;10020;16;10018;15;;;10026;23;10028;18;;;10023.0;0.0
yf_ZS=F_d1;11400;INTARIAN_PEPPER_ROOT;12961;9;12958;19;;;12975;14;12979;26;;;12968.0;0.0
yf_ZS=F_d1;11500;ASH_COATED_OSMIUM;10018;8;10016;26;;;10028;12;10031;31;;;10023.0;0.0
yf_ZS=F_d1;11500;INTARIAN_PEPPER_ROOT;12964;7;12961;16;;;12971;19;12974;14;;;12967.5;0.0
yf_ZS=F_d1;11600;ASH_COATED_OSMIUM;10017;13;10015;20;;;10027;13;10029;23;;;10022.0;0.0
yf_ZS=F_d1;11600;INTARIAN_PEPPER_ROOT;12964;18;12962;24;;;12970;12;12973;19;;;12967.0;0.0
yf_ZS=F_d1;11700;ASH_COATED_OSMIUM;10019;15;10017;22;;;10025;9;10029;16;;;10022.0;0.0
yf_ZS=F_d1;11700;INTARIAN_PEPPER_ROOT;12964;15;12961;27;;;12970;17;12972;23;;;12967.0;0.0
yf_ZS=F_d1;11800;ASH_COATED_OSMIUM;10019;14;10015;16;;;10026;19;10030;20;;;10022.5;0.0
yf_ZS=F_d1;11800;INTARIAN_PEPPER_ROOT;12964;19;12961;23;;;12971;15;12975;11;;;12967.5;0.0
yf_ZS=F_d1;11900;ASH_COATED_OSMIUM;10019;17;10017;24;;;10025;15;10029;15;;;10022.0;0.0
yf_ZS=F_d1;11900;INTARIAN_PEPPER_ROOT;12960;21;12958;32;;;12973;16;12977;26;;;12966.5;0.0
yf_ZS=F_d1;12000;ASH_COATED_OSMIUM;10019;22;10015;12;;;10026;15;10028;12;;;10022.5;0.0
yf_ZS=F_d1;12000;INTARIAN_PEPPER_ROOT;12958;9;12956;15;;;12975;19;12979;15;;;12966.5;0.0
yf_ZS=F_d1;12100;ASH_COATED_OSMIUM;10019;14;10015;15;;;10025;15;10028;25;;;10022.0;0.0
yf_ZS=F_d1;12100;INTARIAN_PEPPER_ROOT;12963;18;12959;20;;;12969;14;12973;21;;;12966.0;0.0
yf_ZS=F_d1;12200;ASH_COATED_OSMIUM;10020;13;10017;21;;;10026;13;10030;20;;;10023.0;0.0
yf_ZS=F_d1;12200;INTARIAN_PEPPER_ROOT;12964;22;12961;16;;;12970;12;12972;23;;;12967.0;0.0
yf_ZS=F_d1;12300;ASH_COATED_OSMIUM;10019;11;10015;15;;;10025;24;10027;8;;;10022.0;0.0
yf_ZS=F_d1;12300;INTARIAN_PEPPER_ROOT;12963;13;12959;24;;;12969;17;12973;13;;;12966.0;0.0
yf_ZS=F_d1;12400;ASH_COATED_OSMIUM;10019;24;10016;18;;;10025;11;10028;16;;;10022.0;0.0
yf_ZS=F_d1;12400;INTARIAN_PEPPER_ROOT;12962;15;12960;18;;;12968;18;12970;25;;;12965.0;0.0
yf_ZS=F_d1;12500;ASH_COATED_OSMIUM;10019;12;10017;11;;;10025;17;10027;16;;;10022.0;0.0
yf_ZS=F_d1;12500;INTARIAN_PEPPER_ROOT;12963;17;12959;18;;;12969;6;12972;25;;;12966.0;0.0
yf_ZS=F_d1;12600;ASH_COATED_OSMIUM;10019;15;10017;15;;;10025;17;10028;13;;;10022.0;0.0
yf_ZS=F_d1;12600;INTARIAN_PEPPER_ROOT;12952;10;12950;13;;;12977;15;12981;23;;;12964.5;0.0
yf_ZS=F_d1;12700;ASH_COATED_OSMIUM;10018;20;10014;14;;;10026;17;10029;15;;;10022.0;0.0
yf_ZS=F_d1;12700;INTARIAN_PEPPER_ROOT;12962;14;12960;25;;;12968;15;12970;20;;;12965.0;0.0
yf_ZS=F_d1;12800;ASH_COATED_OSMIUM;10011;13;10008;22;;;10033;11;10035;16;;;10022.0;0.0
yf_ZS=F_d1;12800;INTARIAN_PEPPER_ROOT;12961;9;12957;15;;;12967;18;12971;23;;;12964.0;0.0
yf_ZS=F_d1;12900;ASH_COATED_OSMIUM;10015;5;10012;30;;;10029;18;10032;12;;;10022.0;0.0
yf_ZS=F_d1;12900;INTARIAN_PEPPER_ROOT;12961;13;12957;16;;;12968;6;12971;20;;;12964.5;0.0
yf_ZS=F_d1;13000;ASH_COATED_OSMIUM;10019;19;10015;20;;;10025;9;10027;20;;;10022.0;0.0
yf_ZS=F_d1;13000;INTARIAN_PEPPER_ROOT;12960;12;12958;11;;;12966;26;12968;30;;;12963.0;0.0
yf_ZS=F_d1;13100;ASH_COATED_OSMIUM;10020;5;10016;21;;;10026;10;10029;15;;;10023.0;0.0
yf_ZS=F_d1;13100;INTARIAN_PEPPER_ROOT;12961;16;12959;16;;;12967;9;12971;9;;;12964.0;0.0
yf_ZS=F_d1;13200;ASH_COATED_OSMIUM;10018;11;10015;17;;;10024;18;10027;8;;;10021.0;0.0
yf_ZS=F_d1;13200;INTARIAN_PEPPER_ROOT;12959;20;12956;26;;;12968;22;12971;27;;;12963.5;0.0
yf_ZS=F_d1;13300;ASH_COATED_OSMIUM;10019;10;10016;18;;;10025;18;10028;10;;;10022.0;0.0
yf_ZS=F_d1;13300;INTARIAN_PEPPER_ROOT;12960;20;12956;18;;;12966;16;12968;15;;;12963.0;0.0
yf_ZS=F_d1;13400;ASH_COATED_OSMIUM;10018;16;10015;19;;;10027;15;10029;13;;;10022.5;0.0
yf_ZS=F_d1;13400;INTARIAN_PEPPER_ROOT;12960;5;12958;21;;;12966;7;12970;12;;;12963.0;0.0
yf_ZS=F_d1;13500;ASH_COATED_OSMIUM;10015;15;10011;18;;;10029;15;10032;29;;;10022.0;0.0
yf_ZS=F_d1;13500;INTARIAN_PEPPER_ROOT;12960;16;12957;25;;;12966;15;12969;18;;;12963.0;0.0
yf_ZS=F_d1;13600;ASH_COATED_OSMIUM;10019;13;10016;26;;;10025;19;10028;26;;;10022.0;0.0
yf_ZS=F_d1;13600;INTARIAN_PEPPER_ROOT;12949;8;12945;23;;;12975;15;12979;24;;;12962.0;0.0
yf_ZS=F_d1;13700;ASH_COATED_OSMIUM;10018;10;10014;9;;;10026;16;10030;13;;;10022.0;0.0
yf_ZS=F_d1;13700;INTARIAN_PEPPER_ROOT;12955;17;12953;17;;;12970;14;12972;22;;;12962.5;0.0
yf_ZS=F_d1;13800;ASH_COATED_OSMIUM;10019;22;10015;19;;;10025;9;10028;19;;;10022.0;0.0
yf_ZS=F_d1;13800;INTARIAN_PEPPER_ROOT;12953;15;12950;24;;;12970;18;12973;18;;;12961.5;0.0
yf_ZS=F_d1;13900;ASH_COATED_OSMIUM;10017;24;10014;16;;;10026;13;10030;19;;;10021.5;0.0
yf_ZS=F_d1;13900;INTARIAN_PEPPER_ROOT;12958;16;12956;22;;;12964;12;12966;30;;;12961.0;0.0
yf_ZS=F_d1;14000;ASH_COATED_OSMIUM;10019;18;10016;16;;;10025;21;10029;23;;;10022.0;0.0
yf_ZS=F_d1;14000;INTARIAN_PEPPER_ROOT;12956;5;12952;18;;;12966;18;12968;15;;;12961.0;0.0
yf_ZS=F_d1;14100;ASH_COATED_OSMIUM;10014;18;10012;17;;;10030;19;10032;10;;;10022.0;0.0
yf_ZS=F_d1;14100;INTARIAN_PEPPER_ROOT;12958;17;12954;22;;;12964;17;12966;21;;;12961.0;0.0
yf_ZS=F_d1;14200;ASH_COATED_OSMIUM;10019;11;10016;20;;;10025;16;10028;13;;;10022.0;0.0
yf_ZS=F_d1;14200;INTARIAN_PEPPER_ROOT;12956;5;12953;16;;;12965;9;12969;22;;;12960.5;0.0
yf_ZS=F_d1;14300;ASH_COATED_OSMIUM;10013;13;10009;23;;;10031;22;10035;21;;;10022.0;0.0
yf_ZS=F_d1;14300;INTARIAN_PEPPER_ROOT;12951;9;12947;13;;;12969;12;12971;19;;;12960.0;0.0
yf_ZS=F_d1;14400;ASH_COATED_OSMIUM;10018;21;10016;21;;;10024;26;10026;16;;;10021.0;0.0
yf_ZS=F_d1;14400;INTARIAN_PEPPER_ROOT;12957;8;12955;24;;;12963;12;12966;12;;;12960.0;0.0
yf_ZS=F_d1;14500;ASH_COATED_OSMIUM;10010;9;10008;20;;;10034;15;10038;19;;;10022.0;0.0
yf_ZS=F_d1;14500;INTARIAN_PEPPER_ROOT;12957;17;12955;8;;;12963;19;12966;23;;;12960.0;0.0
yf_ZS=F_d1;14600;ASH_COATED_OSMIUM;10019;27;10015;20;;;10025;13;10028;24;;;10022.0;0.0
yf_ZS=F_d1;14600;INTARIAN_PEPPER_ROOT;12957;12;12953;20;;;12963;16;12967;19;;;12960.0;0.0
yf_ZS=F_d1;14700;ASH_COATED_OSMIUM;10015;13;10011;13;;;10027;16;10031;13;;;10021.0;0.0
yf_ZS=F_d1;14700;INTARIAN_PEPPER_ROOT;12943;9;12939;26;;;12975;11;12979;13;;;12959.0;0.0
yf_ZS=F_d1;14800;ASH_COATED_OSMIUM;10019;5;10017;21;;;10025;8;10027;12;;;10022.0;0.0
yf_ZS=F_d1;14800;INTARIAN_PEPPER_ROOT;12947;13;12943;19;;;12971;13;12975;14;;;12959.0;0.0
yf_ZS=F_d1;14900;ASH_COATED_OSMIUM;10018;15;10015;13;;;10024;5;10028;8;;;10021.0;0.0
yf_ZS=F_d1;14900;INTARIAN_PEPPER_ROOT;12954;14;12950;8;;;12963;17;12965;18;;;12958.5;0.0
yf_ZS=F_d1;15000;ASH_COATED_OSMIUM;10019;6;10016;18;;;10025;24;10028;17;;;10022.0;0.0
yf_ZS=F_d1;15000;INTARIAN_PEPPER_ROOT;12950;13;12946;12;;;12966;19;12968;18;;;12958.0;0.0
yf_ZS=F_d1;15100;ASH_COATED_OSMIUM;10018;24;10015;24;;;10024;9;10028;21;;;10021.0;0.0
yf_ZS=F_d1;15100;INTARIAN_PEPPER_ROOT;12955;14;12952;12;;;12961;20;12964;18;;;12958.0;0.0
yf_ZS=F_d1;15200;ASH_COATED_OSMIUM;10017;16;10015;20;;;10026;5;10029;20;;;10021.5;0.0
yf_ZS=F_d1;15200;INTARIAN_PEPPER_ROOT;12955;16;12952;21;;;12961;11;12965;31;;;12958.0;0.0
yf_ZS=F_d1;15300;ASH_COATED_OSMIUM;10018;14;10014;20;;;10027;24;10029;24;;;10022.5;0.0
yf_ZS=F_d1;15300;INTARIAN_PEPPER_ROOT;12955;21;12953;21;;;12961;19;12964;25;;;12958.0;0.0
yf_ZS=F_d1;15400;ASH_COATED_OSMIUM;10019;13;10016;20;;;10025;14;10027;23;;;10022.0;0.0
yf_ZS=F_d1;15400;INTARIAN_PEPPER_ROOT;12952;11;12949;17;;;12963;13;12965;21;;;12957.5;0.0
yf_ZS=F_d1;15500;ASH_COATED_OSMIUM;10010;24;10008;19;;;10032;18;10036;20;;;10021.0;0.0
yf_ZS=F_d1;15500;INTARIAN_PEPPER_ROOT;12948;17;12944;25;;;12967;5;12971;13;;;12957.5;0.0
yf_ZS=F_d1;15600;ASH_COATED_OSMIUM;10018;22;10014;8;;;10024;7;10027;20;;;10021.0;0.0
yf_ZS=F_d1;15600;INTARIAN_PEPPER_ROOT;12951;15;12947;26;;;12963;10;12967;20;;;12957.0;0.0
yf_ZS=F_d1;15700;ASH_COATED_OSMIUM;10017;5;10015;17;;;10025;23;10027;26;;;10021.0;0.0
yf_ZS=F_d1;15700;INTARIAN_PEPPER_ROOT;12949;18;12945;27;;;12964;21;12968;8;;;12956.5;0.0
yf_ZS=F_d1;15800;ASH_COATED_OSMIUM;10013;22;10010;22;;;10029;9;10032;20;;;10021.0;0.0
yf_ZS=F_d1;15800;INTARIAN_PEPPER_ROOT;12952;17;12949;30;;;12960;14;12963;20;;;12956.0;0.0
yf_ZS=F_d1;15900;ASH_COATED_OSMIUM;10014;24;10011;16;;;10028;22;10030;23;;;10021.0;0.0
yf_ZS=F_d1;15900;INTARIAN_PEPPER_ROOT;12953;20;12951;18;;;12959;20;12961;22;;;12956.0;0.0
yf_ZS=F_d1;16000;ASH_COATED_OSMIUM;10016;10;10012;24;;;10027;14;10029;11;;;10021.5;0.0
yf_ZS=F_d1;16000;INTARIAN_PEPPER_ROOT;12951;12;12948;16;;;12960;15;12962;17;;;12955.5;0.0
yf_ZS=F_d1;16100;ASH_COATED_OSMIUM;10018;8;10014;16;;;10024;7;10026;21;;;10021.0;0.0
yf_ZS=F_d1;16100;INTARIAN_PEPPER_ROOT;12944;18;12941;16;;;12966;19;12970;13;;;12955.0;0.0
yf_ZS=F_d1;16200;ASH_COATED_OSMIUM;10013;9;10009;19;;;10030;9;10034;21;;;10021.5;0.0
yf_ZS=F_d1;16200;INTARIAN_PEPPER_ROOT;12952;19;12948;12;;;12958;16;12960;18;;;12955.0;0.0
yf_ZS=F_d1;16300;ASH_COATED_OSMIUM;10019;15;10017;27;;;10025;9;10027;18;;;10022.0;0.0
yf_ZS=F_d1;16300;INTARIAN_PEPPER_ROOT;12952;28;12948;16;;;12958;13;12961;17;;;12955.0;0.0
yf_ZS=F_d1;16400;ASH_COATED_OSMIUM;10018;15;10016;22;;;10025;11;10029;11;;;10021.5;0.0
yf_ZS=F_d1;16400;INTARIAN_PEPPER_ROOT;12952;14;12948;24;;;12958;7;12960;19;;;12955.0;0.0
yf_ZS=F_d1;16500;ASH_COATED_OSMIUM;10018;15;10016;21;;;10024;18;10027;26;;;10021.0;0.0
yf_ZS=F_d1;16500;INTARIAN_PEPPER_ROOT;12948;14;12944;17;;;12961;5;12964;19;;;12954.5;0.0
yf_ZS=F_d1;16600;ASH_COATED_OSMIUM;10013;17;10010;22;;;10029;7;10031;25;;;10021.0;0.0
yf_ZS=F_d1;16600;INTARIAN_PEPPER_ROOT;12952;13;12949;22;;;12958;8;12960;20;;;12955.0;0.0
yf_ZS=F_d1;16700;ASH_COATED_OSMIUM;10013;30;10010;21;;;10030;5;10034;11;;;10021.5;0.0
yf_ZS=F_d1;16700;INTARIAN_PEPPER_ROOT;12949;5;12947;8;;;12960;9;12963;19;;;12954.5;0.0
yf_ZS=F_d1;16800;ASH_COATED_OSMIUM;10019;5;10016;20;;;10025;18;10029;19;;;10022.0;0.0
yf_ZS=F_d1;16800;INTARIAN_PEPPER_ROOT;12951;16;12949;10;;;12957;16;12960;15;;;12954.0;0.0
yf_ZS=F_d1;16900;ASH_COATED_OSMIUM;10018;21;10016;17;;;10024;22;10028;23;;;10021.0;0.0
yf_ZS=F_d1;16900;INTARIAN_PEPPER_ROOT;12948;15;12946;19;;;12959;10;12963;23;;;12953.5;0.0
yf_ZS=F_d1;17000;ASH_COATED_OSMIUM;10018;22;10015;22;;;10024;22;10028;15;;;10021.0;0.0
yf_ZS=F_d1;17000;INTARIAN_PEPPER_ROOT;12950;19;12946;26;;;12956;5;12958;22;;;12953.0;0.0
yf_ZS=F_d1;17100;ASH_COATED_OSMIUM;10012;14;10008;17;;;10029;5;10031;22;;;10020.5;0.0
yf_ZS=F_d1;17100;INTARIAN_PEPPER_ROOT;12949;16;12946;25;;;12955;9;12957;27;;;12952.0;0.0
yf_ZS=F_d1;17200;ASH_COATED_OSMIUM;10018;12;10016;11;;;10024;13;10028;24;;;10021.0;0.0
yf_ZS=F_d1;17200;INTARIAN_PEPPER_ROOT;12950;5;12946;19;;;12956;9;12960;27;;;12953.0;0.0
yf_ZS=F_d1;17300;ASH_COATED_OSMIUM;10016;12;10012;8;;;10027;12;10031;27;;;10021.5;0.0
yf_ZS=F_d1;17300;INTARIAN_PEPPER_ROOT;12949;12;12947;20;;;12955;20;12958;13;;;12952.0;0.0
yf_ZS=F_d1;17400;ASH_COATED_OSMIUM;10017;11;10014;21;;;10025;14;10029;22;;;10021.0;0.0
yf_ZS=F_d1;17400;INTARIAN_PEPPER_ROOT;12949;13;12946;26;;;12955;12;12957;21;;;12952.0;0.0
yf_ZS=F_d1;17500;ASH_COATED_OSMIUM;10016;5;10012;27;;;10027;10;10029;21;;;10021.5;0.0
yf_ZS=F_d1;17500;INTARIAN_PEPPER_ROOT;12948;12;12945;18;;;12954;18;12957;21;;;12951.0;0.0
yf_ZS=F_d1;17600;ASH_COATED_OSMIUM;10018;19;10014;17;;;10024;13;10026;14;;;10021.0;0.0
yf_ZS=F_d1;17600;INTARIAN_PEPPER_ROOT;12945;19;12942;22;;;12956;14;12958;13;;;12950.5;0.0
yf_ZS=F_d1;17700;ASH_COATED_OSMIUM;10018;18;10015;28;;;10024;21;10027;12;;;10021.0;0.0
yf_ZS=F_d1;17700;INTARIAN_PEPPER_ROOT;12935;12;12933;20;;;12966;12;12970;17;;;12950.5;0.0
yf_ZS=F_d1;17800;ASH_COATED_OSMIUM;10019;7;10015;21;;;10025;20;10028;19;;;10022.0;0.0
yf_ZS=F_d1;17800;INTARIAN_PEPPER_ROOT;12937;18;12935;13;;;12965;14;12969;16;;;12951.0;0.0
yf_ZS=F_d1;17900;ASH_COATED_OSMIUM;10018;11;10014;22;;;10024;11;10028;28;;;10021.0;0.0
yf_ZS=F_d1;17900;INTARIAN_PEPPER_ROOT;12947;18;12943;22;;;12953;21;12955;21;;;12950.0;0.0
yf_ZS=F_d1;18000;ASH_COATED_OSMIUM;10019;12;10015;18;;;10025;26;10029;32;;;10022.0;0.0
yf_ZS=F_d1;18000;INTARIAN_PEPPER_ROOT;12947;11;12944;12;;;12953;23;12957;20;;;12950.0;0.0
yf_ZS=F_d1;18100;ASH_COATED_OSMIUM;10016;14;10013;10;;;10026;16;10029;20;;;10021.0;0.0
yf_ZS=F_d1;18100;INTARIAN_PEPPER_ROOT;12940;30;12937;29;;;12958;22;12960;18;;;12949.0;0.0
yf_ZS=F_d1;18200;ASH_COATED_OSMIUM;10018;28;10014;25;;;10024;23;10028;19;;;10021.0;0.0
yf_ZS=F_d1;18200;INTARIAN_PEPPER_ROOT;12946;22;12943;16;;;12952;20;12956;12;;;12949.0;0.0
yf_ZS=F_d1;18300;ASH_COATED_OSMIUM;10018;13;10014;18;;;10024;19;10028;22;;;10021.0;0.0
yf_ZS=F_d1;18300;INTARIAN_PEPPER_ROOT;12937;6;12933;19;;;12961;18;12964;20;;;12949.0;0.0
yf_ZS=F_d1;18400;ASH_COATED_OSMIUM;10016;12;10012;25;;;10027;19;10031;27;;;10021.5;0.0
yf_ZS=F_d1;18400;INTARIAN_PEPPER_ROOT;12941;14;12938;22;;;12957;11;12959;8;;;12949.0;0.0
yf_ZS=F_d1;18500;ASH_COATED_OSMIUM;10018;11;10015;18;;;10024;16;10026;27;;;10021.0;0.0
yf_ZS=F_d1;18500;INTARIAN_PEPPER_ROOT;12937;16;12935;12;;;12961;5;12965;25;;;12949.0;0.0
yf_ZS=F_d1;18600;ASH_COATED_OSMIUM;10011;15;10007;25;;;10034;12;10037;22;;;10022.5;0.0
yf_ZS=F_d1;18600;INTARIAN_PEPPER_ROOT;12946;11;12943;17;;;12952;19;12956;19;;;12949.0;0.0
yf_ZS=F_d1;18700;ASH_COATED_OSMIUM;10019;10;10016;19;;;10025;17;10027;14;;;10022.0;0.0
yf_ZS=F_d1;18700;INTARIAN_PEPPER_ROOT;12942;12;12939;19;;;12953;5;12957;15;;;12947.5;0.0
yf_ZS=F_d1;18800;ASH_COATED_OSMIUM;10019;14;10015;23;;;10025;17;10029;16;;;10022.0;0.0
yf_ZS=F_d1;18800;INTARIAN_PEPPER_ROOT;12930;16;12928;23;;;12966;5;12970;21;;;12948.0;0.0
yf_ZS=F_d1;18900;ASH_COATED_OSMIUM;10019;14;10017;17;;;10027;19;10030;14;;;10023.0;0.0
yf_ZS=F_d1;18900;INTARIAN_PEPPER_ROOT;12943;8;12941;23;;;12951;10;12955;18;;;12947.0;0.0
yf_ZS=F_d1;19000;ASH_COATED_OSMIUM;10017;9;10015;21;;;10027;9;10031;27;;;10022.0;0.0
yf_ZS=F_d1;19000;INTARIAN_PEPPER_ROOT;12944;20;12941;19;;;12950;18;12954;8;;;12947.0;0.0
yf_ZS=F_d1;19100;ASH_COATED_OSMIUM;10019;14;10017;23;;;10025;17;10028;13;;;10022.0;0.0
yf_ZS=F_d1;19100;INTARIAN_PEPPER_ROOT;12941;17;12938;15;;;12950;11;12954;28;;;12945.5;0.0
yf_ZS=F_d1;19200;ASH_COATED_OSMIUM;10015;10;10012;23;;;10029;8;10031;21;;;10022.0;0.0
yf_ZS=F_d1;19200;INTARIAN_PEPPER_ROOT;12943;12;12940;10;;;12950;10;12953;20;;;12946.5;0.0
yf_ZS=F_d1;19300;ASH_COATED_OSMIUM;10019;10;10015;21;;;10025;11;10028;19;;;10022.0;0.0
yf_ZS=F_d1;19300;INTARIAN_PEPPER_ROOT;12943;22;12941;12;;;12949;8;12952;34;;;12946.0;0.0
yf_ZS=F_d1;19400;ASH_COATED_OSMIUM;10020;8;10016;15;;;10026;16;10029;18;;;10023.0;0.0
yf_ZS=F_d1;19400;INTARIAN_PEPPER_ROOT;12942;12;12938;16;;;12948;18;12950;14;;;12945.0;0.0
yf_ZS=F_d1;19500;ASH_COATED_OSMIUM;10020;21;10018;17;;;10026;17;10030;23;;;10023.0;0.0
yf_ZS=F_d1;19500;INTARIAN_PEPPER_ROOT;12942;7;12940;24;;;12948;18;12951;16;;;12945.0;0.0
yf_ZS=F_d1;19600;ASH_COATED_OSMIUM;10020;6;10016;20;;;10026;11;10029;23;;;10023.0;0.0
yf_ZS=F_d1;19600;INTARIAN_PEPPER_ROOT;12937;11;12933;14;;;12954;7;12957;25;;;12945.5;0.0
yf_ZS=F_d1;19700;ASH_COATED_OSMIUM;10019;18;10015;8;;;10028;18;10030;23;;;10023.5;0.0
yf_ZS=F_d1;19700;INTARIAN_PEPPER_ROOT;12939;23;12937;20;;;12951;9;12955;16;;;12945.0;0.0
yf_ZS=F_d1;19800;ASH_COATED_OSMIUM;10019;24;10016;15;;;10025;13;10027;15;;;10022.0;0.0
yf_ZS=F_d1;19800;INTARIAN_PEPPER_ROOT;12941;14;12937;24;;;12947;15;12950;16;;;12944.0;0.0
yf_ZS=F_d1;19900;ASH_COATED_OSMIUM;10018;7;10015;9;;;10028;5;10031;14;;;10023.0;0.0
yf_ZS=F_d1;19900;INTARIAN_PEPPER_ROOT;12941;8;12937;13;;;12947;16;12951;19;;;12944.0;0.0
yf_ZS=F_d1;20000;ASH_COATED_OSMIUM;10020;14;10018;13;;;10026;14;10030;21;;;10023.0;0.0
yf_ZS=F_d1;20000;INTARIAN_PEPPER_ROOT;12941;20;12939;21;;;12947;10;12950;21;;;12944.0;0.0
yf_ZS=F_d1;20100;ASH_COATED_OSMIUM;10019;18;10015;13;;;10027;12;10029;19;;;10023.0;0.0
yf_ZS=F_d1;20100;INTARIAN_PEPPER_ROOT;12939;16;12935;15;;;12947;14;12949;14;;;12943.0;0.0
yf_ZS=F_d1;20200;ASH_COATED_OSMIUM;10016;13;10014;17;;;10031;17;10033;22;;;10023.5;0.0
yf_ZS=F_d1;20200;INTARIAN_PEPPER_ROOT;12941;21;12939;25;;;12947;9;12951;21;;;12944.0;0.0
yf_ZS=F_d1;20300;ASH_COATED_OSMIUM;10020;9;10017;20;;;10026;16;10029;15;;;10023.0;0.0
yf_ZS=F_d1;20300;INTARIAN_PEPPER_ROOT;12940;17;12937;29;;;12946;12;12948;14;;;12943.0;0.0
yf_ZS=F_d1;20400;ASH_COATED_OSMIUM;10020;18;10017;23;;;10026;8;10029;28;;;10023.0;0.0
yf_ZS=F_d1;20400;INTARIAN_PEPPER_ROOT;12936;14;12933;17;;;12950;15;12953;17;;;12943.0;0.0
yf_ZS=F_d1;20500;ASH_COATED_OSMIUM;10020;5;10018;25;;;10026;6;10028;12;;;10023.0;0.0
yf_ZS=F_d1;20500;INTARIAN_PEPPER_ROOT;12937;11;12934;26;;;12948;22;12950;15;;;12942.5;0.0
yf_ZS=F_d1;20600;ASH_COATED_OSMIUM;10020;16;10016;24;;;10026;17;10028;23;;;10023.0;0.0
yf_ZS=F_d1;20600;INTARIAN_PEPPER_ROOT;12939;10;12935;31;;;12945;19;12949;22;;;12942.0;0.0
yf_ZS=F_d1;20700;ASH_COATED_OSMIUM;10020;10;10016;25;;;10026;17;10029;19;;;10023.0;0.0
yf_ZS=F_d1;20700;INTARIAN_PEPPER_ROOT;12938;19;12935;16;;;12944;7;12946;18;;;12941.0;0.0
yf_ZS=F_d1;20800;ASH_COATED_OSMIUM;10020;25;10018;31;;;10026;17;10029;22;;;10023.0;0.0
yf_ZS=F_d1;20800;INTARIAN_PEPPER_ROOT;12932;19;12930;21;;;12950;25;12953;27;;;12941.0;0.0
yf_ZS=F_d1;20900;ASH_COATED_OSMIUM;10015;8;10012;20;;;10032;7;10035;19;;;10023.5;0.0
yf_ZS=F_d1;20900;INTARIAN_PEPPER_ROOT;12939;12;12935;21;;;12945;11;12948;19;;;12942.0;0.0
yf_ZS=F_d1;21000;ASH_COATED_OSMIUM;10021;18;10018;16;;;10027;18;10030;18;;;10024.0;0.0
yf_ZS=F_d1;21000;INTARIAN_PEPPER_ROOT;12923;13;12920;22;;;12960;23;12963;15;;;12941.5;0.0
yf_ZS=F_d1;21100;ASH_COATED_OSMIUM;10021;9;10017;14;;;10027;15;10029;19;;;10024.0;0.0
yf_ZS=F_d1;21100;INTARIAN_PEPPER_ROOT;12938;12;12936;8;;;12944;13;12947;19;;;12941.0;0.0
yf_ZS=F_d1;21200;ASH_COATED_OSMIUM;10021;7;10019;8;;;10027;25;10030;9;;;10024.0;0.0
yf_ZS=F_d1;21200;INTARIAN_PEPPER_ROOT;12937;25;12933;28;;;12943;16;12947;20;;;12940.0;0.0
yf_ZS=F_d1;21300;ASH_COATED_OSMIUM;10021;19;10018;14;;;10027;24;10029;24;;;10024.0;0.0
yf_ZS=F_d1;21300;INTARIAN_PEPPER_ROOT;12936;9;12933;25;;;12944;14;12946;22;;;12940.0;0.0
yf_ZS=F_d1;21400;ASH_COATED_OSMIUM;10021;9;10017;29;;;10027;17;10030;28;;;10024.0;0.0
yf_ZS=F_d1;21400;INTARIAN_PEPPER_ROOT;12937;15;12935;17;;;12943;17;12945;15;;;12940.0;0.0
yf_ZS=F_d1;21500;ASH_COATED_OSMIUM;10017;12;10014;19;;;10032;11;10034;20;;;10024.5;0.0
yf_ZS=F_d1;21500;INTARIAN_PEPPER_ROOT;12937;15;12934;26;;;12943;26;12945;27;;;12940.0;0.0
yf_ZS=F_d1;21600;ASH_COATED_OSMIUM;10021;6;10019;23;;;10027;13;10030;19;;;10024.0;0.0
yf_ZS=F_d1;21600;INTARIAN_PEPPER_ROOT;12936;9;12933;14;;;12942;13;12945;17;;;12939.0;0.0
yf_ZS=F_d1;21700;ASH_COATED_OSMIUM;10021;9;10018;13;;;10028;18;10031;17;;;10024.5;0.0
yf_ZS=F_d1;21700;INTARIAN_PEPPER_ROOT;12936;14;12934;18;;;12942;13;12944;24;;;12939.0;0.0
yf_ZS=F_d1;21800;ASH_COATED_OSMIUM;10021;17;10017;24;;;10027;15;10029;15;;;10024.0;0.0
yf_ZS=F_d1;21800;INTARIAN_PEPPER_ROOT;12935;6;12931;14;;;12941;10;12943;19;;;12938.0;0.0
yf_ZS=F_d1;21900;ASH_COATED_OSMIUM;10021;14;10017;24;;;10027;13;10029;21;;;10024.0;0.0
yf_ZS=F_d1;21900;INTARIAN_PEPPER_ROOT;12935;13;12932;23;;;12941;17;12945;27;;;12938.0;0.0
yf_ZS=F_d1;22000;ASH_COATED_OSMIUM;10021;9;10018;21;;;10027;10;10031;21;;;10024.0;0.0
yf_ZS=F_d1;22000;INTARIAN_PEPPER_ROOT;12934;7;12931;20;;;12941;15;12944;22;;;12937.5;0.0
yf_ZS=F_d1;22100;ASH_COATED_OSMIUM;10021;9;10019;21;;;10027;9;10029;19;;;10024.0;0.0
yf_ZS=F_d1;22100;INTARIAN_PEPPER_ROOT;12935;14;12933;24;;;12941;5;12943;13;;;12938.0;0.0
yf_ZS=F_d1;22200;ASH_COATED_OSMIUM;10022;11;10020;20;;;10028;23;10030;15;;;10025.0;0.0
yf_ZS=F_d1;22200;INTARIAN_PEPPER_ROOT;12934;18;12932;22;;;12940;12;12942;25;;;12937.0;0.0
yf_ZS=F_d1;22300;ASH_COATED_OSMIUM;10020;30;10018;20;;;10029;12;10032;24;;;10024.5;0.0
yf_ZS=F_d1;22300;INTARIAN_PEPPER_ROOT;12934;13;12932;14;;;12940;12;12943;23;;;12937.0;0.0
yf_ZS=F_d1;22400;ASH_COATED_OSMIUM;10017;19;10014;16;;;10032;17;10036;17;;;10024.5;0.0
yf_ZS=F_d1;22400;INTARIAN_PEPPER_ROOT;12933;15;12930;21;;;12939;19;12941;12;;;12936.0;0.0
yf_ZS=F_d1;22500;ASH_COATED_OSMIUM;10022;16;10019;13;;;10028;8;10030;23;;;10025.0;0.0
yf_ZS=F_d1;22500;INTARIAN_PEPPER_ROOT;12933;18;12931;17;;;12939;19;12943;13;;;12936.0;0.0
yf_ZS=F_d1;22600;ASH_COATED_OSMIUM;10016;20;10013;21;;;10033;16;10036;21;;;10024.5;0.0
yf_ZS=F_d1;22600;INTARIAN_PEPPER_ROOT;12933;10;12931;15;;;12939;9;12943;9;;;12936.0;0.0
yf_ZS=F_d1;22700;ASH_COATED_OSMIUM;10017;13;10014;21;;;10034;15;10037;16;;;10025.5;0.0
yf_ZS=F_d1;22700;INTARIAN_PEPPER_ROOT;12931;20;12929;10;;;12940;16;12944;15;;;12935.5;0.0
yf_ZS=F_d1;22800;ASH_COATED_OSMIUM;10020;13;10016;24;;;10031;19;10035;28;;;10025.5;0.0
yf_ZS=F_d1;22800;INTARIAN_PEPPER_ROOT;12932;11;12930;18;;;12938;10;12940;19;;;12935.0;0.0
yf_ZS=F_d1;22900;ASH_COATED_OSMIUM;10022;17;10019;19;;;10029;17;10032;19;;;10025.5;0.0
yf_ZS=F_d1;22900;INTARIAN_PEPPER_ROOT;12929;14;12926;16;;;12942;18;12945;16;;;12935.5;0.0
yf_ZS=F_d1;23000;ASH_COATED_OSMIUM;10018;14;10014;20;;;10031;19;10033;15;;;10024.5;0.0
yf_ZS=F_d1;23000;INTARIAN_PEPPER_ROOT;12932;27;12928;24;;;12938;17;12942;17;;;12935.0;0.0
yf_ZS=F_d1;23100;ASH_COATED_OSMIUM;10022;13;10020;18;;;10028;12;10030;20;;;10025.0;0.0
yf_ZS=F_d1;23100;INTARIAN_PEPPER_ROOT;12928;7;12924;10;;;12941;22;12943;8;;;12934.5;0.0
yf_ZS=F_d1;23200;ASH_COATED_OSMIUM;10022;11;10020;15;;;10028;16;10032;17;;;10025.0;0.0
yf_ZS=F_d1;23200;INTARIAN_PEPPER_ROOT;12931;10;12928;15;;;12937;18;12941;16;;;12934.0;0.0
yf_ZS=F_d1;23300;ASH_COATED_OSMIUM;10023;12;10019;31;;;10029;5;10031;17;;;10026.0;0.0
yf_ZS=F_d1;23300;INTARIAN_PEPPER_ROOT;12931;17;12927;21;;;12937;11;12941;31;;;12934.0;0.0
yf_ZS=F_d1;23400;ASH_COATED_OSMIUM;10022;15;10018;17;;;10028;15;10030;19;;;10025.0;0.0
yf_ZS=F_d1;23400;INTARIAN_PEPPER_ROOT;12931;10;12928;18;;;12937;16;12941;15;;;12934.0;0.0
yf_ZS=F_d1;23500;ASH_COATED_OSMIUM;10014;15;10010;8;;;10036;13;10040;15;;;10025.0;0.0
yf_ZS=F_d1;23500;INTARIAN_PEPPER_ROOT;12924;13;12922;15;;;12942;18;12946;24;;;12933.0;0.0
yf_ZS=F_d1;23600;ASH_COATED_OSMIUM;10022;9;10020;15;;;10028;13;10030;17;;;10025.0;0.0
yf_ZS=F_d1;23600;INTARIAN_PEPPER_ROOT;12930;11;12928;17;;;12936;14;12938;20;;;12933.0;0.0
yf_ZS=F_d1;23700;ASH_COATED_OSMIUM;10020;10;10016;26;;;10031;19;10033;31;;;10025.5;0.0
yf_ZS=F_d1;23700;INTARIAN_PEPPER_ROOT;12929;18;12927;19;;;12935;19;12938;25;;;12932.0;0.0
yf_ZS=F_d1;23800;ASH_COATED_OSMIUM;10023;13;10019;16;;;10030;15;10034;13;;;10026.5;0.0
yf_ZS=F_d1;23800;INTARIAN_PEPPER_ROOT;12929;10;12927;12;;;12935;20;12939;22;;;12932.0;0.0
yf_ZS=F_d1;23900;ASH_COATED_OSMIUM;10022;14;10019;8;;;10028;22;10031;13;;;10025.0;0.0
yf_ZS=F_d1;23900;INTARIAN_PEPPER_ROOT;12929;19;12925;19;;;12935;17;12937;17;;;12932.0;0.0
yf_ZS=F_d1;24000;ASH_COATED_OSMIUM;10023;11;10019;22;;;10029;17;10031;25;;;10026.0;0.0
yf_ZS=F_d1;24000;INTARIAN_PEPPER_ROOT;12927;14;12925;19;;;12937;15;12939;10;;;12932.0;0.0
yf_ZS=F_d1;24100;ASH_COATED_OSMIUM;10023;13;10020;18;;;10029;9;10031;17;;;10026.0;0.0
yf_ZS=F_d1;24100;INTARIAN_PEPPER_ROOT;12926;15;12924;24;;;12938;11;12941;25;;;12932.0;0.0
yf_ZS=F_d1;24200;ASH_COATED_OSMIUM;10023;11;10019;16;;;10029;10;10031;21;;;10026.0;0.0
yf_ZS=F_d1;24200;INTARIAN_PEPPER_ROOT;12927;19;12925;17;;;12936;19;12938;16;;;12931.5;0.0
yf_ZS=F_d1;24300;ASH_COATED_OSMIUM;10023;26;10020;22;;;10029;6;10032;19;;;10026.0;0.0
yf_ZS=F_d1;24300;INTARIAN_PEPPER_ROOT;12927;10;12925;21;;;12934;14;12937;8;;;12930.5;0.0
yf_ZS=F_d1;24400;ASH_COATED_OSMIUM;10022;24;10018;24;;;10029;5;10033;27;;;10025.5;0.0
yf_ZS=F_d1;24400;INTARIAN_PEPPER_ROOT;12925;17;12921;19;;;12936;11;12938;17;;;12930.5;0.0
yf_ZS=F_d1;24500;ASH_COATED_OSMIUM;10023;18;10019;20;;;10029;9;10032;26;;;10026.0;0.0
yf_ZS=F_d1;24500;INTARIAN_PEPPER_ROOT;12928;13;12924;18;;;12934;20;12938;15;;;12931.0;0.0
yf_ZS=F_d1;24600;ASH_COATED_OSMIUM;10018;18;10015;21;;;10032;8;10036;12;;;10025.0;0.0
yf_ZS=F_d1;24600;INTARIAN_PEPPER_ROOT;12927;13;12924;14;;;12933;13;12935;24;;;12930.0;0.0
yf_ZS=F_d1;24700;ASH_COATED_OSMIUM;10022;8;10020;25;;;10028;13;10032;26;;;10025.0;0.0
yf_ZS=F_d1;24700;INTARIAN_PEPPER_ROOT;12927;22;12924;15;;;12933;16;12936;17;;;12930.0;0.0
yf_ZS=F_d1;24800;ASH_COATED_OSMIUM;10023;10;10019;33;;;10029;10;10031;27;;;10026.0;0.0
yf_ZS=F_d1;24800;INTARIAN_PEPPER_ROOT;12926;18;12924;20;;;12932;24;12936;14;;;12929.0;0.0
yf_ZS=F_d1;24900;ASH_COATED_OSMIUM;10023;20;10019;16;;;10029;18;10031;14;;;10026.0;0.0
yf_ZS=F_d1;24900;INTARIAN_PEPPER_ROOT;12925;11;12921;21;;;12931;14;12933;16;;;12928.0;0.0
yf_ZS=F_d1;25000;ASH_COATED_OSMIUM;10023;19;10020;21;;;10029;14;10032;11;;;10026.0;0.0
yf_ZS=F_d1;25000;INTARIAN_PEPPER_ROOT;12926;22;12923;20;;;12932;16;12936;22;;;12929.0;0.0
yf_ZS=F_d1;25100;ASH_COATED_OSMIUM;10023;7;10020;25;;;10029;10;10031;16;;;10026.0;0.0
yf_ZS=F_d1;25100;INTARIAN_PEPPER_ROOT;12917;16;12913;27;;;12940;17;12942;27;;;12928.5;0.0
yf_ZS=F_d1;25200;ASH_COATED_OSMIUM;10023;12;10021;24;;;10029;15;10032;19;;;10026.0;0.0
yf_ZS=F_d1;25200;INTARIAN_PEPPER_ROOT;12921;14;12917;14;;;12936;16;12940;29;;;12928.5;0.0
yf_ZS=F_d1;25300;ASH_COATED_OSMIUM;10023;22;10021;14;;;10029;17;10033;16;;;10026.0;0.0
yf_ZS=F_d1;25300;INTARIAN_PEPPER_ROOT;12914;18;12910;21;;;12941;17;12944;22;;;12927.5;0.0
yf_ZS=F_d1;25400;ASH_COATED_OSMIUM;10024;10;10020;23;;;10030;15;10032;22;;;10027.0;0.0
yf_ZS=F_d1;25400;INTARIAN_PEPPER_ROOT;12924;13;12921;17;;;12931;16;12934;19;;;12927.5;0.0
yf_ZS=F_d1;25500;ASH_COATED_OSMIUM;10023;23;10020;14;;;10029;13;10031;12;;;10026.0;0.0
yf_ZS=F_d1;25500;INTARIAN_PEPPER_ROOT;12924;15;12921;22;;;12930;11;12934;10;;;12927.0;0.0
yf_ZS=F_d1;25600;ASH_COATED_OSMIUM;10021;11;10017;27;;;10032;17;10035;20;;;10026.5;0.0
yf_ZS=F_d1;25600;INTARIAN_PEPPER_ROOT;12924;15;12921;29;;;12930;16;12932;19;;;12927.0;0.0
yf_ZS=F_d1;25700;ASH_COATED_OSMIUM;10024;19;10022;27;;;10030;17;10034;23;;;10027.0;0.0
yf_ZS=F_d1;25700;INTARIAN_PEPPER_ROOT;12923;17;12920;16;;;12929;16;12932;10;;;12926.0;0.0
yf_ZS=F_d1;25800;ASH_COATED_OSMIUM;10024;13;10022;12;;;10030;20;10033;13;;;10027.0;0.0
yf_ZS=F_d1;25800;INTARIAN_PEPPER_ROOT;12906;13;12903;25;;;12947;10;12950;16;;;12926.5;0.0
yf_ZS=F_d1;25900;ASH_COATED_OSMIUM;10015;16;10013;18;;;10039;14;10043;26;;;10027.0;0.0
yf_ZS=F_d1;25900;INTARIAN_PEPPER_ROOT;12922;14;12919;16;;;12930;15;12934;20;;;12926.0;0.0
yf_ZS=F_d1;26000;ASH_COATED_OSMIUM;10024;19;10021;23;;;10030;26;10033;30;;;10027.0;0.0
yf_ZS=F_d1;26000;INTARIAN_PEPPER_ROOT;12919;18;12917;15;;;12933;15;12935;21;;;12926.0;0.0
yf_ZS=F_d1;26100;ASH_COATED_OSMIUM;10023;16;10020;20;;;10030;13;10032;23;;;10026.5;0.0
yf_ZS=F_d1;26100;INTARIAN_PEPPER_ROOT;12922;18;12919;20;;;12928;11;12930;30;;;12925.0;0.0
yf_ZS=F_d1;26200;ASH_COATED_OSMIUM;10024;15;10020;10;;;10030;14;10034;24;;;10027.0;0.0
yf_ZS=F_d1;26200;INTARIAN_PEPPER_ROOT;12922;22;12920;16;;;12928;20;12931;15;;;12925.0;0.0
yf_ZS=F_d1;26300;ASH_COATED_OSMIUM;10020;16;10017;29;;;10033;18;10037;26;;;10026.5;0.0
yf_ZS=F_d1;26300;INTARIAN_PEPPER_ROOT;12922;26;12918;10;;;12928;15;12931;20;;;12925.0;0.0
yf_ZS=F_d1;26400;ASH_COATED_OSMIUM;10025;14;10022;28;;;10031;18;10034;21;;;10028.0;0.0
yf_ZS=F_d1;26400;INTARIAN_PEPPER_ROOT;12908;15;12906;22;;;12940;10;12943;21;;;12924.0;0.0
yf_ZS=F_d1;26500;ASH_COATED_OSMIUM;10021;19;10017;23;;;10033;17;10036;22;;;10027.0;0.0
yf_ZS=F_d1;26500;INTARIAN_PEPPER_ROOT;12921;8;12919;24;;;12927;6;12929;27;;;12924.0;0.0
yf_ZS=F_d1;26600;ASH_COATED_OSMIUM;10024;10;10022;22;;;10030;12;10033;25;;;10027.0;0.0
yf_ZS=F_d1;26600;INTARIAN_PEPPER_ROOT;12920;15;12918;28;;;12926;18;12928;12;;;12923.0;0.0
yf_ZS=F_d1;26700;ASH_COATED_OSMIUM;10022;12;10020;22;;;10034;11;10038;19;;;10028.0;0.0
yf_ZS=F_d1;26700;INTARIAN_PEPPER_ROOT;12914;21;12911;25;;;12932;19;12935;31;;;12923.0;0.0
yf_ZS=F_d1;26800;ASH_COATED_OSMIUM;10020;14;10018;17;;;10035;16;10037;16;;;10027.5;0.0
yf_ZS=F_d1;26800;INTARIAN_PEPPER_ROOT;12903;19;12899;21;;;12942;15;12944;25;;;12922.5;0.0
yf_ZS=F_d1;26900;ASH_COATED_OSMIUM;10025;5;10023;21;;;10031;8;10035;16;;;10028.0;0.0
yf_ZS=F_d1;26900;INTARIAN_PEPPER_ROOT;12920;11;12918;25;;;12926;12;12930;22;;;12923.0;0.0
yf_ZS=F_d1;27000;ASH_COATED_OSMIUM;10023;14;10020;16;;;10033;18;10036;24;;;10028.0;0.0
yf_ZS=F_d1;27000;INTARIAN_PEPPER_ROOT;12920;20;12918;18;;;12926;22;12928;27;;;12923.0;0.0
yf_ZS=F_d1;27100;ASH_COATED_OSMIUM;10024;12;10020;19;;;10032;17;10036;28;;;10028.0;0.0
yf_ZS=F_d1;27100;INTARIAN_PEPPER_ROOT;12917;16;12915;12;;;12926;11;12929;15;;;12921.5;0.0
yf_ZS=F_d1;27200;ASH_COATED_OSMIUM;10024;15;10022;24;;;10032;17;10035;18;;;10028.0;0.0
yf_ZS=F_d1;27200;INTARIAN_PEPPER_ROOT;12918;17;12914;24;;;12926;12;12930;17;;;12922.0;0.0
yf_ZS=F_d1;27300;ASH_COATED_OSMIUM;10010;18;10007;16;;;10046;15;10050;19;;;10028.0;0.0
yf_ZS=F_d1;27300;INTARIAN_PEPPER_ROOT;12919;12;12917;17;;;12925;10;12928;16;;;12922.0;0.0
yf_ZS=F_d1;27400;ASH_COATED_OSMIUM;10025;17;10022;15;;;10031;15;10034;16;;;10028.0;0.0
yf_ZS=F_d1;27400;INTARIAN_PEPPER_ROOT;12918;12;12916;20;;;12926;22;12929;27;;;12922.0;0.0
yf_ZS=F_d1;27500;ASH_COATED_OSMIUM;10025;16;10021;23;;;10032;15;10034;24;;;10028.5;0.0
yf_ZS=F_d1;27500;INTARIAN_PEPPER_ROOT;12918;17;12916;26;;;12924;14;12928;22;;;12921.0;0.0
yf_ZS=F_d1;27600;ASH_COATED_OSMIUM;10021;9;10017;21;;;10035;13;10039;8;;;10028.0;0.0
yf_ZS=F_d1;27600;INTARIAN_PEPPER_ROOT;12918;17;12914;24;;;12924;17;12928;15;;;12921.0;0.0
yf_ZS=F_d1;27700;ASH_COATED_OSMIUM;10025;17;10022;16;;;10031;19;10035;21;;;10028.0;0.0
yf_ZS=F_d1;27700;INTARIAN_PEPPER_ROOT;12913;25;12910;16;;;12927;11;12930;20;;;12920.0;0.0
yf_ZS=F_d1;27800;ASH_COATED_OSMIUM;10020;21;10017;21;;;10037;15;10039;15;;;10028.5;0.0
yf_ZS=F_d1;27800;INTARIAN_PEPPER_ROOT;12916;17;12913;16;;;12924;11;12927;22;;;12920.0;0.0
yf_ZS=F_d1;27900;ASH_COATED_OSMIUM;10025;15;10021;22;;;10031;13;10035;15;;;10028.0;0.0
yf_ZS=F_d1;27900;INTARIAN_PEPPER_ROOT;12917;11;12913;19;;;12923;12;12927;19;;;12920.0;0.0
yf_ZS=F_d1;28000;ASH_COATED_OSMIUM;10025;19;10023;25;;;10031;18;10033;18;;;10028.0;0.0
yf_ZS=F_d1;28000;INTARIAN_PEPPER_ROOT;12916;11;12912;20;;;12922;11;12925;24;;;12919.0;0.0
yf_ZS=F_d1;28100;ASH_COATED_OSMIUM;10025;17;10021;19;;;10031;12;10034;13;;;10028.0;0.0
yf_ZS=F_d1;28100;INTARIAN_PEPPER_ROOT;12913;13;12911;27;;;12924;13;12927;17;;;12918.5;0.0
yf_ZS=F_d1;28200;ASH_COATED_OSMIUM;10023;14;10020;17;;;10035;16;10037;19;;;10029.0;0.0
yf_ZS=F_d1;28200;INTARIAN_PEPPER_ROOT;12916;14;12914;13;;;12922;13;12924;19;;;12919.0;0.0
yf_ZS=F_d1;28300;ASH_COATED_OSMIUM;10026;18;10024;12;;;10032;24;10034;28;;;10029.0;0.0
yf_ZS=F_d1;28300;INTARIAN_PEPPER_ROOT;12914;15;12911;17;;;12922;19;12924;12;;;12918.0;0.0
yf_ZS=F_d1;28400;ASH_COATED_OSMIUM;10026;13;10023;26;;;10033;9;10036;18;;;10029.5;0.0
yf_ZS=F_d1;28400;INTARIAN_PEPPER_ROOT;12905;19;12903;20;;;12932;14;12934;19;;;12918.5;0.0
yf_ZS=F_d1;28500;ASH_COATED_OSMIUM;10023;13;10021;29;;;10035;14;10038;18;;;10029.0;0.0
yf_ZS=F_d1;28500;INTARIAN_PEPPER_ROOT;12915;5;12911;21;;;12921;9;12925;15;;;12918.0;0.0
yf_ZS=F_d1;28600;ASH_COATED_OSMIUM;10025;12;10022;9;;;10033;14;10035;22;;;10029.0;0.0
yf_ZS=F_d1;28600;INTARIAN_PEPPER_ROOT;12914;13;12912;20;;;12922;17;12926;23;;;12918.0;0.0
yf_ZS=F_d1;28700;ASH_COATED_OSMIUM;10025;15;10023;25;;;10031;22;10033;17;;;10028.0;0.0
yf_ZS=F_d1;28700;INTARIAN_PEPPER_ROOT;12914;15;12910;16;;;12920;17;12924;16;;;12917.0;0.0
yf_ZS=F_d1;28800;ASH_COATED_OSMIUM;10026;19;10023;22;;;10032;27;10035;18;;;10029.0;0.0
yf_ZS=F_d1;28800;INTARIAN_PEPPER_ROOT;12914;18;12911;16;;;12920;9;12922;22;;;12917.0;0.0
yf_ZS=F_d1;28900;ASH_COATED_OSMIUM;10026;29;10022;25;;;10032;18;10036;15;;;10029.0;0.0
yf_ZS=F_d1;28900;INTARIAN_PEPPER_ROOT;12911;17;12907;22;;;12924;19;12926;20;;;12917.5;0.0
yf_ZS=F_d1;29000;ASH_COATED_OSMIUM;10026;19;10023;27;;;10032;14;10036;28;;;10029.0;0.0
yf_ZS=F_d1;29000;INTARIAN_PEPPER_ROOT;12913;19;12909;23;;;12920;14;12924;17;;;12916.5;0.0
yf_ZS=F_d1;29100;ASH_COATED_OSMIUM;10017;11;10015;23;;;10041;17;10045;17;;;10029.0;0.0
yf_ZS=F_d1;29100;INTARIAN_PEPPER_ROOT;12913;10;12911;23;;;12919;12;12921;18;;;12916.0;0.0
yf_ZS=F_d1;29200;ASH_COATED_OSMIUM;10026;20;10024;24;;;10032;11;10036;32;;;10029.0;0.0
yf_ZS=F_d1;29200;INTARIAN_PEPPER_ROOT;12909;7;12905;25;;;12923;6;12927;25;;;12916.0;0.0
yf_ZS=F_d1;29300;ASH_COATED_OSMIUM;10026;14;10023;15;;;10032;17;10034;14;;;10029.0;0.0
yf_ZS=F_d1;29300;INTARIAN_PEPPER_ROOT;12912;18;12908;13;;;12918;11;12921;22;;;12915.0;0.0
yf_ZS=F_d1;29400;ASH_COATED_OSMIUM;10026;20;10022;18;;;10032;19;10036;20;;;10029.0;0.0
yf_ZS=F_d1;29400;INTARIAN_PEPPER_ROOT;12903;6;12899;17;;;12927;16;12929;26;;;12915.0;0.0
yf_ZS=F_d1;29500;ASH_COATED_OSMIUM;10025;13;10021;30;;;10033;11;10036;18;;;10029.0;0.0
yf_ZS=F_d1;29500;INTARIAN_PEPPER_ROOT;12912;14;12909;17;;;12918;18;12921;19;;;12915.0;0.0
yf_ZS=F_d1;29600;ASH_COATED_OSMIUM;10024;16;10021;17;;;10033;8;10036;26;;;10028.5;0.0
yf_ZS=F_d1;29600;INTARIAN_PEPPER_ROOT;12911;13;12909;17;;;12919;15;12921;23;;;12915.0;0.0
yf_ZS=F_d1;29700;ASH_COATED_OSMIUM;10025;22;10021;22;;;10031;5;10033;18;;;10028.0;0.0
yf_ZS=F_d1;29700;INTARIAN_PEPPER_ROOT;12911;9;12909;30;;;12917;14;12921;24;;;12914.0;0.0
yf_ZS=F_d1;29800;ASH_COATED_OSMIUM;10026;16;10023;12;;;10032;17;10036;14;;;10029.0;0.0
yf_ZS=F_d1;29800;INTARIAN_PEPPER_ROOT;12906;23;12903;15;;;12923;17;12927;19;;;12914.5;0.0
yf_ZS=F_d1;29900;ASH_COATED_OSMIUM;10026;21;10024;10;;;10032;11;10034;21;;;10029.0;0.0
yf_ZS=F_d1;29900;INTARIAN_PEPPER_ROOT;12901;17;12897;19;;;12926;19;12928;28;;;12913.5;0.0
yf_ZS=F_d1;30000;ASH_COATED_OSMIUM;10027;12;10023;24;;;10033;10;10036;17;;;10030.0;0.0
yf_ZS=F_d1;30000;INTARIAN_PEPPER_ROOT;12906;17;12903;17;;;12920;13;12924;26;;;12913.0;0.0
yf_ZS=F_d1;30100;ASH_COATED_OSMIUM;10026;16;10022;30;;;10032;15;10034;18;;;10029.0;0.0
yf_ZS=F_d1;30100;INTARIAN_PEPPER_ROOT;12910;17;12906;18;;;12916;16;12918;23;;;12913.0;0.0
yf_ZS=F_d1;30200;ASH_COATED_OSMIUM;10027;10;10023;18;;;10033;21;10036;14;;;10030.0;0.0
yf_ZS=F_d1;30200;INTARIAN_PEPPER_ROOT;12910;17;12908;20;;;12916;13;12918;17;;;12913.0;0.0
yf_ZS=F_d1;30300;ASH_COATED_OSMIUM;10026;13;10024;14;;;10034;16;10036;24;;;10030.0;0.0
yf_ZS=F_d1;30300;INTARIAN_PEPPER_ROOT;12909;5;12907;23;;;12915;13;12917;22;;;12912.0;0.0
yf_ZS=F_d1;30400;ASH_COATED_OSMIUM;10027;9;10023;23;;;10033;11;10036;17;;;10030.0;0.0
yf_ZS=F_d1;30400;INTARIAN_PEPPER_ROOT;12894;5;12892;21;;;12930;17;12932;21;;;12912.0;0.0
yf_ZS=F_d1;30500;ASH_COATED_OSMIUM;10027;11;10024;12;;;10033;5;10035;23;;;10030.0;0.0
yf_ZS=F_d1;30500;INTARIAN_PEPPER_ROOT;12909;15;12906;11;;;12915;11;12918;8;;;12912.0;0.0
yf_ZS=F_d1;30600;ASH_COATED_OSMIUM;10027;10;10023;26;;;10033;16;10035;19;;;10030.0;0.0
yf_ZS=F_d1;30600;INTARIAN_PEPPER_ROOT;12908;18;12906;16;;;12914;22;12917;17;;;12911.0;0.0
yf_ZS=F_d1;30700;ASH_COATED_OSMIUM;10006;17;10003;8;;;10055;19;10059;14;;;10030.5;0.0
yf_ZS=F_d1;30700;INTARIAN_PEPPER_ROOT;12908;12;12905;29;;;12914;28;12916;20;;;12911.0;0.0
yf_ZS=F_d1;30800;ASH_COATED_OSMIUM;10027;16;10024;23;;;10033;11;10036;11;;;10030.0;0.0
yf_ZS=F_d1;30800;INTARIAN_PEPPER_ROOT;12900;5;12898;18;;;12922;9;12924;24;;;12911.0;0.0
yf_ZS=F_d1;30900;ASH_COATED_OSMIUM;10021;24;10017;28;;;10039;17;10043;15;;;10030.0;0.0
yf_ZS=F_d1;30900;INTARIAN_PEPPER_ROOT;12906;11;12903;27;;;12916;14;12918;23;;;12911.0;0.0
yf_ZS=F_d1;31000;ASH_COATED_OSMIUM;10028;17;10026;21;;;10034;14;10038;12;;;10031.0;0.0
yf_ZS=F_d1;31000;INTARIAN_PEPPER_ROOT;12907;18;12905;18;;;12913;19;12917;23;;;12910.0;0.0
yf_ZS=F_d1;31100;ASH_COATED_OSMIUM;10027;23;10023;12;;;10033;12;10036;29;;;10030.0;0.0
yf_ZS=F_d1;31100;INTARIAN_PEPPER_ROOT;12899;13;12895;15;;;12921;24;12924;28;;;12910.0;0.0
yf_ZS=F_d1;31200;ASH_COATED_OSMIUM;10022;16;10020;10;;;10039;17;10041;10;;;10030.5;0.0
yf_ZS=F_d1;31200;INTARIAN_PEPPER_ROOT;12906;13;12902;21;;;12914;7;12918;23;;;12910.0;0.0
yf_ZS=F_d1;31300;ASH_COATED_OSMIUM;10028;21;10026;11;;;10034;14;10038;9;;;10031.0;0.0
yf_ZS=F_d1;31300;INTARIAN_PEPPER_ROOT;12907;13;12904;21;;;12913;16;12917;20;;;12910.0;0.0
yf_ZS=F_d1;31400;ASH_COATED_OSMIUM;10028;15;10024;20;;;10034;11;10037;23;;;10031.0;0.0
yf_ZS=F_d1;31400;INTARIAN_PEPPER_ROOT;12905;9;12903;20;;;12913;15;12917;27;;;12909.0;0.0
yf_ZS=F_d1;31500;ASH_COATED_OSMIUM;10028;26;10024;20;;;10034;21;10038;14;;;10031.0;0.0
yf_ZS=F_d1;31500;INTARIAN_PEPPER_ROOT;12906;24;12904;12;;;12912;18;12914;22;;;12909.0;0.0
yf_ZS=F_d1;31600;ASH_COATED_OSMIUM;10028;16;10026;22;;;10034;16;10036;20;;;10031.0;0.0
yf_ZS=F_d1;31600;INTARIAN_PEPPER_ROOT;12906;17;12904;22;;;12912;18;12914;18;;;12909.0;0.0
yf_ZS=F_d1;31700;ASH_COATED_OSMIUM;10024;9;10020;8;;;10038;11;10041;26;;;10031.0;0.0
yf_ZS=F_d1;31700;INTARIAN_PEPPER_ROOT;12905;12;12903;14;;;12911;16;12914;22;;;12908.0;0.0
yf_ZS=F_d1;31800;ASH_COATED_OSMIUM;10028;17;10025;20;;;10034;12;10036;18;;;10031.0;0.0
yf_ZS=F_d1;31800;INTARIAN_PEPPER_ROOT;12905;5;12902;21;;;12911;10;12914;17;;;12908.0;0.0
yf_ZS=F_d1;31900;ASH_COATED_OSMIUM;10017;17;10014;25;;;10044;17;10046;18;;;10030.5;0.0
yf_ZS=F_d1;31900;INTARIAN_PEPPER_ROOT;12905;9;12902;22;;;12911;6;12915;20;;;12908.0;0.0
yf_ZS=F_d1;32000;ASH_COATED_OSMIUM;10027;12;10025;23;;;10033;20;10035;11;;;10030.0;0.0
yf_ZS=F_d1;32000;INTARIAN_PEPPER_ROOT;12904;26;12901;23;;;12910;20;12912;25;;;12907.0;0.0
yf_ZS=F_d1;32100;ASH_COATED_OSMIUM;10028;15;10024;27;;;10034;9;10038;28;;;10031.0;0.0
yf_ZS=F_d1;32100;INTARIAN_PEPPER_ROOT;12899;5;12897;26;;;12914;8;12917;19;;;12906.5;0.0
yf_ZS=F_d1;32200;ASH_COATED_OSMIUM;10027;14;10025;20;;;10036;17;10038;21;;;10031.5;0.0
yf_ZS=F_d1;32200;INTARIAN_PEPPER_ROOT;12904;15;12900;18;;;12910;17;12914;23;;;12907.0;0.0
yf_ZS=F_d1;32300;ASH_COATED_OSMIUM;10026;6;10022;19;;;10037;5;10039;11;;;10031.5;0.0
yf_ZS=F_d1;32300;INTARIAN_PEPPER_ROOT;12902;14;12899;17;;;12911;16;12914;20;;;12906.5;0.0
yf_ZS=F_d1;32400;ASH_COATED_OSMIUM;10025;22;10021;25;;;10038;12;10042;22;;;10031.5;0.0
yf_ZS=F_d1;32400;INTARIAN_PEPPER_ROOT;12903;16;12899;21;;;12909;14;12912;21;;;12906.0;0.0
yf_ZS=F_d1;32500;ASH_COATED_OSMIUM;10028;15;10025;16;;;10034;17;10038;15;;;10031.0;0.0
yf_ZS=F_d1;32500;INTARIAN_PEPPER_ROOT;12902;9;12900;19;;;12908;10;12912;22;;;12905.0;0.0
yf_ZS=F_d1;32600;ASH_COATED_OSMIUM;10029;14;10026;25;;;10035;16;10038;21;;;10032.0;0.0
yf_ZS=F_d1;32600;INTARIAN_PEPPER_ROOT;12900;12;12897;20;;;12910;19;12912;18;;;12905.0;0.0
yf_ZS=F_d1;32700;ASH_COATED_OSMIUM;10029;19;10025;19;;;10035;11;10037;22;;;10032.0;0.0
yf_ZS=F_d1;32700;INTARIAN_PEPPER_ROOT;12902;10;12899;21;;;12908;19;12912;21;;;12905.0;0.0
yf_ZS=F_d1;32800;ASH_COATED_OSMIUM;10029;14;10025;16;;;10035;15;10039;10;;;10032.0;0.0
yf_ZS=F_d1;32800;INTARIAN_PEPPER_ROOT;12902;12;12898;27;;;12908;14;12912;21;;;12905.0;0.0
yf_ZS=F_d1;32900;ASH_COATED_OSMIUM;10029;14;10027;14;;;10035;15;10037;18;;;10032.0;0.0
yf_ZS=F_d1;32900;INTARIAN_PEPPER_ROOT;12899;16;12897;13;;;12910;15;12913;14;;;12904.5;0.0
yf_ZS=F_d1;33000;ASH_COATED_OSMIUM;10019;9;10016;10;;;10044;18;10048;22;;;10031.5;0.0
yf_ZS=F_d1;33000;INTARIAN_PEPPER_ROOT;12901;13;12898;21;;;12907;24;12910;15;;;12904.0;0.0
yf_ZS=F_d1;33100;ASH_COATED_OSMIUM;10029;10;10026;13;;;10035;19;10038;15;;;10032.0;0.0
yf_ZS=F_d1;33100;INTARIAN_PEPPER_ROOT;12901;20;12898;22;;;12907;16;12911;20;;;12904.0;0.0
yf_ZS=F_d1;33200;ASH_COATED_OSMIUM;10028;10;10026;23;;;10036;18;10040;25;;;10032.0;0.0
yf_ZS=F_d1;33200;INTARIAN_PEPPER_ROOT;12899;5;12895;23;;;12906;23;12909;23;;;12902.5;0.0
yf_ZS=F_d1;33300;ASH_COATED_OSMIUM;10030;8;10028;18;;;10036;16;10039;8;;;10033.0;0.0
yf_ZS=F_d1;33300;INTARIAN_PEPPER_ROOT;12900;15;12896;16;;;12906;13;12909;23;;;12903.0;0.0
yf_ZS=F_d1;33400;ASH_COATED_OSMIUM;10025;14;10021;19;;;10038;20;10040;22;;;10031.5;0.0
yf_ZS=F_d1;33400;INTARIAN_PEPPER_ROOT;12900;20;12897;22;;;12906;20;12910;29;;;12903.0;0.0
yf_ZS=F_d1;33500;ASH_COATED_OSMIUM;10029;23;10026;16;;;10036;27;10040;25;;;10032.5;0.0
yf_ZS=F_d1;33500;INTARIAN_PEPPER_ROOT;12893;15;12891;18;;;12913;13;12915;24;;;12903.0;0.0
yf_ZS=F_d1;33600;ASH_COATED_OSMIUM;10029;24;10025;23;;;10035;13;10037;18;;;10032.0;0.0
yf_ZS=F_d1;33600;INTARIAN_PEPPER_ROOT;12900;7;12897;20;;;12906;15;12909;16;;;12903.0;0.0
yf_ZS=F_d1;33700;ASH_COATED_OSMIUM;10029;16;10027;21;;;10035;20;10039;22;;;10032.0;0.0
yf_ZS=F_d1;33700;INTARIAN_PEPPER_ROOT;12899;20;12896;14;;;12905;9;12909;14;;;12902.0;0.0
yf_ZS=F_d1;33800;ASH_COATED_OSMIUM;10022;5;10018;25;;;10042;16;10044;24;;;10032.0;0.0
yf_ZS=F_d1;33800;INTARIAN_PEPPER_ROOT;12897;8;12893;15;;;12906;19;12910;28;;;12901.5;0.0
yf_ZS=F_d1;33900;ASH_COATED_OSMIUM;10029;11;10025;28;;;10036;12;10040;14;;;10032.5;0.0
yf_ZS=F_d1;33900;INTARIAN_PEPPER_ROOT;12899;11;12897;11;;;12905;17;12907;8;;;12902.0;0.0
yf_ZS=F_d1;34000;ASH_COATED_OSMIUM;10029;18;10027;17;;;10035;18;10038;18;;;10032.0;0.0
yf_ZS=F_d1;34000;INTARIAN_PEPPER_ROOT;12892;21;12888;16;;;12909;15;12912;13;;;12900.5;0.0
yf_ZS=F_d1;34100;ASH_COATED_OSMIUM;10030;18;10026;15;;;10036;18;10038;23;;;10033.0;0.0
yf_ZS=F_d1;34100;INTARIAN_PEPPER_ROOT;12896;10;12892;23;;;12902;8;12904;16;;;12899.0;0.0
yf_ZS=F_d1;34200;ASH_COATED_OSMIUM;10027;12;10023;25;;;10036;17;10039;21;;;10031.5;0.0
yf_ZS=F_d1;34200;INTARIAN_PEPPER_ROOT;12891;16;12887;25;;;12904;12;12907;24;;;12897.5;0.0
yf_ZS=F_d1;34300;ASH_COATED_OSMIUM;10029;20;10027;15;;;10035;17;10037;15;;;10032.0;0.0
yf_ZS=F_d1;34300;INTARIAN_PEPPER_ROOT;12893;23;12891;24;;;12899;22;12902;23;;;12896.0;0.0
yf_ZS=F_d1;34400;ASH_COATED_OSMIUM;10024;16;10022;14;;;10041;13;10045;19;;;10032.5;0.0
yf_ZS=F_d1;34400;INTARIAN_PEPPER_ROOT;12890;22;12888;25;;;12898;14;12902;27;;;12894.0;0.0
yf_ZS=F_d1;34500;ASH_COATED_OSMIUM;10028;11;10024;30;;;10036;18;10038;19;;;10032.0;0.0
yf_ZS=F_d1;34500;INTARIAN_PEPPER_ROOT;12890;16;12886;24;;;12896;10;12900;18;;;12893.0;0.0
yf_ZS=F_d1;34600;ASH_COATED_OSMIUM;10029;12;10026;29;;;10035;13;10039;19;;;10032.0;0.0
yf_ZS=F_d1;34600;INTARIAN_PEPPER_ROOT;12889;25;12885;21;;;12895;16;12899;27;;;12892.0;0.0
yf_ZS=F_d1;34700;ASH_COATED_OSMIUM;10029;13;10025;16;;;10036;23;10038;18;;;10032.5;0.0
yf_ZS=F_d1;34700;INTARIAN_PEPPER_ROOT;12888;5;12885;17;;;12894;21;12898;15;;;12891.0;0.0
yf_ZS=F_d1;34800;ASH_COATED_OSMIUM;10029;20;10027;8;;;10035;21;10038;22;;;10032.0;0.0
yf_ZS=F_d1;34800;INTARIAN_PEPPER_ROOT;12886;19;12882;19;;;12892;17;12895;17;;;12889.0;0.0
yf_ZS=F_d1;34900;ASH_COATED_OSMIUM;10027;27;10025;27;;;10037;18;10041;16;;;10032.0;0.0
yf_ZS=F_d1;34900;INTARIAN_PEPPER_ROOT;12885;15;12883;22;;;12892;17;12896;24;;;12888.5;0.0
yf_ZS=F_d1;35000;ASH_COATED_OSMIUM;10030;22;10028;14;;;10036;13;10038;15;;;10033.0;0.0
yf_ZS=F_d1;35000;INTARIAN_PEPPER_ROOT;12883;16;12881;30;;;12892;16;12895;24;;;12887.5;0.0
yf_ZS=F_d1;35100;ASH_COATED_OSMIUM;10024;11;10021;22;;;10041;16;10044;11;;;10032.5;0.0
yf_ZS=F_d1;35100;INTARIAN_PEPPER_ROOT;12881;15;12878;18;;;12890;7;12893;18;;;12885.5;0.0
yf_ZS=F_d1;35200;ASH_COATED_OSMIUM;10030;10;10028;19;;;10036;23;10040;24;;;10033.0;0.0
yf_ZS=F_d1;35200;INTARIAN_PEPPER_ROOT;12879;19;12876;18;;;12889;11;12893;22;;;12884.0;0.0
yf_ZS=F_d1;35300;ASH_COATED_OSMIUM;10030;14;10026;17;;;10036;14;10040;10;;;10033.0;0.0
yf_ZS=F_d1;35300;INTARIAN_PEPPER_ROOT;12880;9;12878;10;;;12886;11;12889;20;;;12883.0;0.0
yf_ZS=F_d1;35400;ASH_COATED_OSMIUM;10029;18;10025;21;;;10035;14;10039;25;;;10032.0;0.0
yf_ZS=F_d1;35400;INTARIAN_PEPPER_ROOT;12879;19;12876;24;;;12885;23;12887;17;;;12882.0;0.0
yf_ZS=F_d1;35500;ASH_COATED_OSMIUM;10028;17;10026;15;;;10036;13;10039;27;;;10032.0;0.0
yf_ZS=F_d1;35500;INTARIAN_PEPPER_ROOT;12876;8;12873;30;;;12885;14;12889;14;;;12880.5;0.0
yf_ZS=F_d1;35600;ASH_COATED_OSMIUM;10029;11;10026;18;;;10035;13;10039;21;;;10032.0;0.0
yf_ZS=F_d1;35600;INTARIAN_PEPPER_ROOT;12871;23;12868;11;;;12886;22;12890;21;;;12878.5;0.0
yf_ZS=F_d1;35700;ASH_COATED_OSMIUM;10028;12;10026;19;;;10036;14;10040;21;;;10032.0;0.0
yf_ZS=F_d1;35700;INTARIAN_PEPPER_ROOT;12875;10;12872;25;;;12881;18;12884;17;;;12878.0;0.0
yf_ZS=F_d1;35800;ASH_COATED_OSMIUM;10029;17;10027;11;;;10037;19;10039;16;;;10033.0;0.0
yf_ZS=F_d1;35800;INTARIAN_PEPPER_ROOT;12873;10;12871;18;;;12879;17;12881;25;;;12876.0;0.0
yf_ZS=F_d1;35900;ASH_COATED_OSMIUM;10028;23;10025;23;;;10038;16;10041;25;;;10033.0;0.0
yf_ZS=F_d1;35900;INTARIAN_PEPPER_ROOT;12872;16;12870;22;;;12878;10;12881;27;;;12875.0;0.0
yf_ZS=F_d1;36000;ASH_COATED_OSMIUM;10030;8;10027;26;;;10036;16;10040;18;;;10033.0;0.0
yf_ZS=F_d1;36000;INTARIAN_PEPPER_ROOT;12870;20;12866;18;;;12876;13;12880;10;;;12873.0;0.0
yf_ZS=F_d1;36100;ASH_COATED_OSMIUM;10030;16;10027;22;;;10036;15;10040;24;;;10033.0;0.0
yf_ZS=F_d1;36100;INTARIAN_PEPPER_ROOT;12869;20;12865;29;;;12876;10;12880;9;;;12872.5;0.0
yf_ZS=F_d1;36200;ASH_COATED_OSMIUM;10030;14;10028;21;;;10036;15;10040;18;;;10033.0;0.0
yf_ZS=F_d1;36200;INTARIAN_PEPPER_ROOT;12865;18;12863;17;;;12878;15;12880;12;;;12871.5;0.0
yf_ZS=F_d1;36300;ASH_COATED_OSMIUM;10030;13;10028;22;;;10036;15;10040;16;;;10033.0;0.0
yf_ZS=F_d1;36300;INTARIAN_PEPPER_ROOT;12867;21;12865;19;;;12873;16;12877;17;;;12870.0;0.0
yf_ZS=F_d1;36400;ASH_COATED_OSMIUM;10030;7;10028;20;;;10036;7;10039;24;;;10033.0;0.0
yf_ZS=F_d1;36400;INTARIAN_PEPPER_ROOT;12854;10;12850;25;;;12881;19;12883;21;;;12867.5;0.0
yf_ZS=F_d1;36500;ASH_COATED_OSMIUM;10029;19;10027;24;;;10035;18;10038;13;;;10032.0;0.0
yf_ZS=F_d1;36500;INTARIAN_PEPPER_ROOT;12864;5;12860;24;;;12870;15;12873;24;;;12867.0;0.0
yf_ZS=F_d1;36600;ASH_COATED_OSMIUM;10030;22;10026;13;;;10036;13;10040;25;;;10033.0;0.0
yf_ZS=F_d1;36600;INTARIAN_PEPPER_ROOT;12859;19;12856;20;;;12871;10;12875;17;;;12865.0;0.0
yf_ZS=F_d1;36700;ASH_COATED_OSMIUM;10030;14;10028;20;;;10036;14;10040;22;;;10033.0;0.0
yf_ZS=F_d1;36700;INTARIAN_PEPPER_ROOT;12861;16;12858;23;;;12867;13;12870;17;;;12864.0;0.0
yf_ZS=F_d1;36800;ASH_COATED_OSMIUM;10030;17;10026;28;;;10036;17;10039;23;;;10033.0;0.0
yf_ZS=F_d1;36800;INTARIAN_PEPPER_ROOT;12859;15;12856;17;;;12868;11;12870;22;;;12863.5;0.0
yf_ZS=F_d1;36900;ASH_COATED_OSMIUM;10023;14;10021;11;;;10044;11;10047;22;;;10033.5;0.0
yf_ZS=F_d1;36900;INTARIAN_PEPPER_ROOT;12859;13;12857;25;;;12865;28;12869;20;;;12862.0;0.0
yf_ZS=F_d1;37000;ASH_COATED_OSMIUM;10030;14;10026;26;;;10036;15;10039;23;;;10033.0;0.0
yf_ZS=F_d1;37000;INTARIAN_PEPPER_ROOT;12856;16;12853;22;;;12865;18;12867;22;;;12860.5;0.0
yf_ZS=F_d1;37100;ASH_COATED_OSMIUM;10030;22;10027;28;;;10036;22;10038;25;;;10033.0;0.0
yf_ZS=F_d1;37100;INTARIAN_PEPPER_ROOT;12857;15;12854;16;;;12863;19;12866;23;;;12860.0;0.0
yf_ZS=F_d1;37200;ASH_COATED_OSMIUM;10031;17;10029;19;;;10037;6;10041;11;;;10034.0;0.0
yf_ZS=F_d1;37200;INTARIAN_PEPPER_ROOT;12855;24;12852;14;;;12861;20;12864;21;;;12858.0;0.0
yf_ZS=F_d1;37300;ASH_COATED_OSMIUM;10031;15;10028;22;;;10037;15;10039;19;;;10034.0;0.0
yf_ZS=F_d1;37300;INTARIAN_PEPPER_ROOT;12848;10;12844;18;;;12863;17;12867;16;;;12855.5;0.0
yf_ZS=F_d1;37400;ASH_COATED_OSMIUM;10027;14;10024;29;;;10039;19;10042;20;;;10033.0;0.0
yf_ZS=F_d1;37400;INTARIAN_PEPPER_ROOT;12852;14;12848;15;;;12858;20;12861;28;;;12855.0;0.0
yf_ZS=F_d1;37500;ASH_COATED_OSMIUM;10025;18;10021;17;;;10041;14;10044;23;;;10033.0;0.0
yf_ZS=F_d1;37500;INTARIAN_PEPPER_ROOT;12851;12;12848;29;;;12857;9;12859;17;;;12854.0;0.0
yf_ZS=F_d1;37600;ASH_COATED_OSMIUM;10028;12;10024;24;;;10039;19;10042;17;;;10033.5;0.0
yf_ZS=F_d1;37600;INTARIAN_PEPPER_ROOT;12850;15;12846;16;;;12856;12;12860;18;;;12853.0;0.0
yf_ZS=F_d1;37700;ASH_COATED_OSMIUM;10031;17;10028;17;;;10037;17;10041;18;;;10034.0;0.0
yf_ZS=F_d1;37700;INTARIAN_PEPPER_ROOT;12847;17;12844;20;;;12856;16;12858;32;;;12851.5;0.0
yf_ZS=F_d1;37800;ASH_COATED_OSMIUM;10030;13;10027;20;;;10036;20;10038;26;;;10033.0;0.0
yf_ZS=F_d1;37800;INTARIAN_PEPPER_ROOT;12826;10;12824;25;;;12874;10;12878;16;;;12850.0;0.0
yf_ZS=F_d1;37900;ASH_COATED_OSMIUM;10031;13;10029;25;;;10037;22;10040;16;;;10034.0;0.0
yf_ZS=F_d1;37900;INTARIAN_PEPPER_ROOT;12846;22;12842;22;;;12852;20;12855;14;;;12849.0;0.0
yf_ZS=F_d1;38000;ASH_COATED_OSMIUM;10030;12;10028;23;;;10036;25;10039;21;;;10033.0;0.0
yf_ZS=F_d1;38000;INTARIAN_PEPPER_ROOT;12836;8;12834;19;;;12858;10;12860;18;;;12847.0;0.0
yf_ZS=F_d1;38100;ASH_COATED_OSMIUM;10022;6;10019;15;;;10044;12;10048;14;;;10033.0;0.0
yf_ZS=F_d1;38100;INTARIAN_PEPPER_ROOT;12843;17;12839;15;;;12849;12;12852;14;;;12846.0;0.0
yf_ZS=F_d1;38200;ASH_COATED_OSMIUM;10031;18;10028;14;;;10037;14;10039;17;;;10034.0;0.0
yf_ZS=F_d1;38200;INTARIAN_PEPPER_ROOT;12841;9;12839;14;;;12847;11;12850;23;;;12844.0;0.0
yf_ZS=F_d1;38300;ASH_COATED_OSMIUM;10030;5;10027;18;;;10036;16;10040;17;;;10033.0;0.0
yf_ZS=F_d1;38300;INTARIAN_PEPPER_ROOT;12839;14;12837;25;;;12846;5;12848;27;;;12842.5;0.0
yf_ZS=F_d1;38400;ASH_COATED_OSMIUM;10030;14;10027;16;;;10036;16;10039;21;;;10033.0;0.0
yf_ZS=F_d1;38400;INTARIAN_PEPPER_ROOT;12839;17;12837;20;;;12845;10;12849;16;;;12842.0;0.0
yf_ZS=F_d1;38500;ASH_COATED_OSMIUM;10027;8;10025;26;;;10040;13;10042;22;;;10033.5;0.0
yf_ZS=F_d1;38500;INTARIAN_PEPPER_ROOT;12836;18;12832;15;;;12844;21;12846;27;;;12840.0;0.0
yf_ZS=F_d1;38600;ASH_COATED_OSMIUM;10031;17;10027;21;;;10037;15;10041;22;;;10034.0;0.0
yf_ZS=F_d1;38600;INTARIAN_PEPPER_ROOT;12835;9;12831;19;;;12845;18;12849;23;;;12840.0;0.0
yf_ZS=F_d1;38700;ASH_COATED_OSMIUM;10031;22;10028;25;;;10037;29;10039;24;;;10034.0;0.0
yf_ZS=F_d1;38700;INTARIAN_PEPPER_ROOT;12835;15;12831;17;;;12841;15;12845;15;;;12838.0;0.0
yf_ZS=F_d1;38800;ASH_COATED_OSMIUM;10028;14;10026;24;;;10037;19;10039;26;;;10032.5;0.0
yf_ZS=F_d1;38800;INTARIAN_PEPPER_ROOT;12834;19;12831;17;;;12840;16;12844;28;;;12837.0;0.0
yf_ZS=F_d1;38900;ASH_COATED_OSMIUM;10030;19;10028;30;;;10036;24;10040;12;;;10033.0;0.0
yf_ZS=F_d1;38900;INTARIAN_PEPPER_ROOT;12832;10;12828;26;;;12838;12;12842;23;;;12835.0;0.0
yf_ZS=F_d1;39000;ASH_COATED_OSMIUM;10030;6;10026;17;;;10036;19;10039;11;;;10033.0;0.0
yf_ZS=F_d1;39000;INTARIAN_PEPPER_ROOT;12831;16;12828;19;;;12837;7;12839;25;;;12834.0;0.0
yf_ZS=F_d1;39100;ASH_COATED_OSMIUM;10025;16;10023;18;;;10042;19;10046;26;;;10033.5;0.0
yf_ZS=F_d1;39100;INTARIAN_PEPPER_ROOT;12830;9;12826;22;;;12836;18;12839;22;;;12833.0;0.0
yf_ZS=F_d1;39200;ASH_COATED_OSMIUM;10030;12;10027;23;;;10036;18;10038;23;;;10033.0;0.0
yf_ZS=F_d1;39200;INTARIAN_PEPPER_ROOT;12828;26;12825;29;;;12834;19;12838;24;;;12831.0;0.0
yf_ZS=F_d1;39300;ASH_COATED_OSMIUM;10012;16;10008;18;;;10056;14;10060;24;;;10034.0;0.0
yf_ZS=F_d1;39300;INTARIAN_PEPPER_ROOT;12827;14;12823;16;;;12833;10;12835;24;;;12830.0;0.0
yf_ZS=F_d1;39400;ASH_COATED_OSMIUM;10025;11;10021;19;;;10042;15;10044;23;;;10033.5;0.0
yf_ZS=F_d1;39400;INTARIAN_PEPPER_ROOT;12817;11;12815;35;;;12841;20;12843;17;;;12829.0;0.0
yf_ZS=F_d1;39500;ASH_COATED_OSMIUM;10026;13;10024;18;;;10042;13;10045;23;;;10034.0;0.0
yf_ZS=F_d1;39500;INTARIAN_PEPPER_ROOT;12821;10;12817;26;;;12833;16;12835;13;;;12827.0;0.0
yf_ZS=F_d1;39600;ASH_COATED_OSMIUM;10031;8;10027;10;;;10037;21;10040;20;;;10034.0;0.0
yf_ZS=F_d1;39600;INTARIAN_PEPPER_ROOT;12823;20;12821;14;;;12829;20;12833;27;;;12826.0;0.0
yf_ZS=F_d1;39700;ASH_COATED_OSMIUM;10025;9;10023;11;;;10042;15;10044;17;;;10033.5;0.0
yf_ZS=F_d1;39700;INTARIAN_PEPPER_ROOT;12820;12;12817;20;;;12829;11;12831;24;;;12824.5;0.0
yf_ZS=F_d1;39800;ASH_COATED_OSMIUM;10031;14;10028;15;;;10037;24;10041;22;;;10034.0;0.0
yf_ZS=F_d1;39800;INTARIAN_PEPPER_ROOT;12816;24;12813;27;;;12831;11;12834;22;;;12823.5;0.0
yf_ZS=F_d1;39900;ASH_COATED_OSMIUM;10030;5;10028;24;;;10037;12;10039;14;;;10033.5;0.0
yf_ZS=F_d1;39900;INTARIAN_PEPPER_ROOT;12819;18;12816;18;;;12825;14;12827;16;;;12822.0;0.0
yf_ZS=F_d1;40000;ASH_COATED_OSMIUM;10026;12;10022;20;;;10043;8;10046;34;;;10034.5;0.0
yf_ZS=F_d1;40000;INTARIAN_PEPPER_ROOT;12816;15;12813;19;;;12824;14;12826;27;;;12820.0;0.0
yf_ZS=F_d1;40100;ASH_COATED_OSMIUM;10029;10;10025;23;;;10040;13;10042;24;;;10034.5;0.0
yf_ZS=F_d1;40100;INTARIAN_PEPPER_ROOT;12814;5;12812;29;;;12826;17;12828;29;;;12820.0;0.0
yf_ZS=F_d1;40200;ASH_COATED_OSMIUM;10031;18;10027;20;;;10037;19;10039;15;;;10034.0;0.0
yf_ZS=F_d1;40200;INTARIAN_PEPPER_ROOT;12813;11;12810;14;;;12823;21;12825;16;;;12818.0;0.0
yf_ZS=F_d1;40300;ASH_COATED_OSMIUM;10029;9;10025;25;;;10039;17;10042;20;;;10034.0;0.0
yf_ZS=F_d1;40300;INTARIAN_PEPPER_ROOT;12810;6;12806;18;;;12823;16;12825;14;;;12816.5;0.0
yf_ZS=F_d1;40400;ASH_COATED_OSMIUM;10031;9;10028;19;;;10037;8;10039;16;;;10034.0;0.0
yf_ZS=F_d1;40400;INTARIAN_PEPPER_ROOT;12805;24;12801;14;;;12828;14;12831;28;;;12816.5;0.0
yf_ZS=F_d1;40500;ASH_COATED_OSMIUM;10026;10;10024;16;;;10042;12;10044;22;;;10034.0;0.0
yf_ZS=F_d1;40500;INTARIAN_PEPPER_ROOT;12812;16;12810;24;;;12818;11;12821;13;;;12815.0;0.0
yf_ZS=F_d1;40600;ASH_COATED_OSMIUM;10031;9;10028;18;;;10037;18;10041;13;;;10034.0;0.0
yf_ZS=F_d1;40600;INTARIAN_PEPPER_ROOT;12810;17;12806;25;;;12816;13;12819;16;;;12813.0;0.0
yf_ZS=F_d1;40700;ASH_COATED_OSMIUM;10031;17;10028;16;;;10037;5;10040;23;;;10034.0;0.0
yf_ZS=F_d1;40700;INTARIAN_PEPPER_ROOT;12808;13;12804;28;;;12814;22;12816;24;;;12811.0;0.0
yf_ZS=F_d1;40800;ASH_COATED_OSMIUM;10024;16;10020;19;;;10045;17;10048;13;;;10034.5;0.0
yf_ZS=F_d1;40800;INTARIAN_PEPPER_ROOT;12808;18;12804;20;;;12814;13;12816;26;;;12811.0;0.0
yf_ZS=F_d1;40900;ASH_COATED_OSMIUM;10030;20;10026;20;;;10039;21;10041;20;;;10034.5;0.0
yf_ZS=F_d1;40900;INTARIAN_PEPPER_ROOT;12806;15;12802;24;;;12812;11;12816;24;;;12809.0;0.0
yf_ZS=F_d1;41000;ASH_COATED_OSMIUM;10031;15;10027;15;;;10037;17;10039;20;;;10034.0;0.0
yf_ZS=F_d1;41000;INTARIAN_PEPPER_ROOT;12805;22;12803;21;;;12811;11;12814;25;;;12808.0;0.0
yf_ZS=F_d1;41100;ASH_COATED_OSMIUM;10030;14;10028;17;;;10039;10;10043;20;;;10034.5;0.0
yf_ZS=F_d1;41100;INTARIAN_PEPPER_ROOT;12803;14;12799;18;;;12809;14;12811;20;;;12806.0;0.0
yf_ZS=F_d1;41200;ASH_COATED_OSMIUM;10032;20;10030;25;;;10038;16;10041;23;;;10035.0;0.0
yf_ZS=F_d1;41200;INTARIAN_PEPPER_ROOT;12793;16;12791;12;;;12817;21;12820;15;;;12805.0;0.0
yf_ZS=F_d1;41300;ASH_COATED_OSMIUM;10032;5;10029;14;;;10038;15;10041;27;;;10035.0;0.0
yf_ZS=F_d1;41300;INTARIAN_PEPPER_ROOT;12801;10;12799;17;;;12807;17;12810;20;;;12804.0;0.0
yf_ZS=F_d1;41400;ASH_COATED_OSMIUM;10030;22;10028;26;;;10040;17;10044;18;;;10035.0;0.0
yf_ZS=F_d1;41400;INTARIAN_PEPPER_ROOT;12799;13;12797;17;;;12805;11;12807;16;;;12802.0;0.0
yf_ZS=F_d1;41500;ASH_COATED_OSMIUM;10028;17;10024;18;;;10040;16;10044;22;;;10034.0;0.0
yf_ZS=F_d1;41500;INTARIAN_PEPPER_ROOT;12795;23;12791;17;;;12807;15;12810;16;;;12801.0;0.0
yf_ZS=F_d1;41600;ASH_COATED_OSMIUM;10031;10;10029;27;;;10037;19;10041;32;;;10034.0;0.0
yf_ZS=F_d1;41600;INTARIAN_PEPPER_ROOT;12797;14;12794;25;;;12803;12;12807;17;;;12800.0;0.0
yf_ZS=F_d1;41700;ASH_COATED_OSMIUM;10032;19;10028;23;;;10038;22;10042;25;;;10035.0;0.0
yf_ZS=F_d1;41700;INTARIAN_PEPPER_ROOT;12796;8;12794;24;;;12802;12;12804;26;;;12799.0;0.0
yf_ZS=F_d1;41800;ASH_COATED_OSMIUM;10031;22;10029;23;;;10037;17;10040;22;;;10034.0;0.0
yf_ZS=F_d1;41800;INTARIAN_PEPPER_ROOT;12794;12;12790;20;;;12800;16;12802;23;;;12797.0;0.0
yf_ZS=F_d1;41900;ASH_COATED_OSMIUM;10032;13;10028;12;;;10038;18;10041;8;;;10035.0;0.0
yf_ZS=F_d1;41900;INTARIAN_PEPPER_ROOT;12784;14;12781;18;;;12808;16;12810;20;;;12796.0;0.0
yf_ZS=F_d1;42000;ASH_COATED_OSMIUM;10029;24;10026;22;;;10039;23;10043;14;;;10034.0;0.0
yf_ZS=F_d1;42000;INTARIAN_PEPPER_ROOT;12791;16;12789;24;;;12798;9;12800;20;;;12794.5;0.0
yf_ZS=F_d1;42100;ASH_COATED_OSMIUM;10030;9;10027;23;;;10040;8;10042;15;;;10035.0;0.0
yf_ZS=F_d1;42100;INTARIAN_PEPPER_ROOT;12790;17;12788;29;;;12796;25;12799;24;;;12793.0;0.0
yf_ZS=F_d1;42200;ASH_COATED_OSMIUM;10032;22;10028;21;;;10038;16;10040;23;;;10035.0;0.0
yf_ZS=F_d1;42200;INTARIAN_PEPPER_ROOT;12786;17;12784;14;;;12798;21;12801;15;;;12792.0;0.0
yf_ZS=F_d1;42300;ASH_COATED_OSMIUM;10031;11;10029;23;;;10037;10;10040;22;;;10034.0;0.0
yf_ZS=F_d1;42300;INTARIAN_PEPPER_ROOT;12786;13;12782;14;;;12795;23;12797;17;;;12790.5;0.0
yf_ZS=F_d1;42400;ASH_COATED_OSMIUM;10032;22;10029;20;;;10038;24;10040;21;;;10035.0;0.0
yf_ZS=F_d1;42400;INTARIAN_PEPPER_ROOT;12782;15;12778;21;;;12796;14;12800;24;;;12789.0;0.0
yf_ZS=F_d1;42500;ASH_COATED_OSMIUM;10032;12;10030;24;;;10038;5;10041;21;;;10035.0;0.0
yf_ZS=F_d1;42500;INTARIAN_PEPPER_ROOT;12785;15;12781;21;;;12791;14;12795;19;;;12788.0;0.0
yf_ZS=F_d1;42600;ASH_COATED_OSMIUM;10030;11;10028;24;;;10039;6;10043;17;;;10034.5;0.0
yf_ZS=F_d1;42600;INTARIAN_PEPPER_ROOT;12784;16;12780;20;;;12790;16;12794;15;;;12787.0;0.0
yf_ZS=F_d1;42700;ASH_COATED_OSMIUM;10032;8;10029;22;;;10038;8;10041;14;;;10035.0;0.0
yf_ZS=F_d1;42700;INTARIAN_PEPPER_ROOT;12783;22;12780;14;;;12789;16;12791;26;;;12786.0;0.0
yf_ZS=F_d1;42800;ASH_COATED_OSMIUM;10032;16;10028;23;;;10038;20;10042;19;;;10035.0;0.0
yf_ZS=F_d1;42800;INTARIAN_PEPPER_ROOT;12771;15;12768;25;;;12798;12;12800;21;;;12784.5;0.0
yf_ZS=F_d1;42900;ASH_COATED_OSMIUM;10032;22;10030;17;;;10038;20;10040;18;;;10035.0;0.0
yf_ZS=F_d1;42900;INTARIAN_PEPPER_ROOT;12777;14;12774;23;;;12788;20;12791;23;;;12782.5;0.0
yf_ZS=F_d1;43000;ASH_COATED_OSMIUM;10032;20;10029;11;;;10038;6;10040;20;;;10035.0;0.0
yf_ZS=F_d1;43000;INTARIAN_PEPPER_ROOT;12778;17;12776;31;;;12784;12;12787;22;;;12781.0;0.0
yf_ZS=F_d1;43100;ASH_COATED_OSMIUM;10032;17;10029;27;;;10038;12;10042;12;;;10035.0;0.0
yf_ZS=F_d1;43100;INTARIAN_PEPPER_ROOT;12775;20;12772;8;;;12786;19;12789;17;;;12780.5;0.0
yf_ZS=F_d1;43200;ASH_COATED_OSMIUM;10032;21;10029;20;;;10038;19;10041;14;;;10035.0;0.0
yf_ZS=F_d1;43200;INTARIAN_PEPPER_ROOT;12776;11;12773;20;;;12782;10;12785;17;;;12779.0;0.0
yf_ZS=F_d1;43300;ASH_COATED_OSMIUM;10032;21;10030;12;;;10038;17;10041;25;;;10035.0;0.0
yf_ZS=F_d1;43300;INTARIAN_PEPPER_ROOT;12771;13;12767;20;;;12784;16;12788;20;;;12777.5;0.0
yf_ZS=F_d1;43400;ASH_COATED_OSMIUM;10032;21;10030;24;;;10038;5;10040;18;;;10035.0;0.0
yf_ZS=F_d1;43400;INTARIAN_PEPPER_ROOT;12770;17;12767;29;;;12783;18;12787;18;;;12776.5;0.0
yf_ZS=F_d1;43500;ASH_COATED_OSMIUM;10032;16;10029;25;;;10038;15;10041;19;;;10035.0;0.0
yf_ZS=F_d1;43500;INTARIAN_PEPPER_ROOT;12768;7;12764;20;;;12781;15;12783;20;;;12774.5;0.0
yf_ZS=F_d1;43600;ASH_COATED_OSMIUM;10032;15;10030;21;;;10038;14;10040;19;;;10035.0;0.0
yf_ZS=F_d1;43600;INTARIAN_PEPPER_ROOT;12771;11;12769;19;;;12777;21;12779;22;;;12774.0;0.0
yf_ZS=F_d1;43700;ASH_COATED_OSMIUM;10032;12;10028;14;;;10038;22;10042;23;;;10035.0;0.0
yf_ZS=F_d1;43700;INTARIAN_PEPPER_ROOT;12769;13;12766;20;;;12775;12;12777;19;;;12772.0;0.0
yf_ZS=F_d1;43800;ASH_COATED_OSMIUM;10031;8;10027;18;;;10039;16;10042;19;;;10035.0;0.0
yf_ZS=F_d1;43800;INTARIAN_PEPPER_ROOT;12768;9;12765;16;;;12774;13;12776;21;;;12771.0;0.0
yf_ZS=F_d1;43900;ASH_COATED_OSMIUM;10020;7;10018;17;;;10050;17;10052;25;;;10035.0;0.0
yf_ZS=F_d1;43900;INTARIAN_PEPPER_ROOT;12760;12;12757;22;;;12779;10;12782;27;;;12769.5;0.0
yf_ZS=F_d1;44000;ASH_COATED_OSMIUM;10023;21;10021;21;;;10047;15;10050;22;;;10035.0;0.0
yf_ZS=F_d1;44000;INTARIAN_PEPPER_ROOT;12756;22;12752;31;;;12782;16;12785;23;;;12769.0;0.0
yf_ZS=F_d1;44100;ASH_COATED_OSMIUM;10032;18;10030;25;;;10038;12;10040;25;;;10035.0;0.0
yf_ZS=F_d1;44100;INTARIAN_PEPPER_ROOT;12764;12;12760;10;;;12770;17;12773;17;;;12767.0;0.0
yf_ZS=F_d1;44200;ASH_COATED_OSMIUM;10032;5;10028;19;;;10038;10;10041;23;;;10035.0;0.0
yf_ZS=F_d1;44200;INTARIAN_PEPPER_ROOT;12763;19;12760;18;;;12769;14;12771;14;;;12766.0;0.0
yf_ZS=F_d1;44300;ASH_COATED_OSMIUM;10032;14;10028;9;;;10038;10;10041;20;;;10035.0;0.0
yf_ZS=F_d1;44300;INTARIAN_PEPPER_ROOT;12761;16;12759;21;;;12767;19;12770;23;;;12764.0;0.0
yf_ZS=F_d1;44400;ASH_COATED_OSMIUM;10032;13;10030;21;;;10038;16;10040;25;;;10035.0;0.0
yf_ZS=F_d1;44400;INTARIAN_PEPPER_ROOT;12759;16;12755;12;;;12767;13;12770;28;;;12763.0;0.0
yf_ZS=F_d1;44500;ASH_COATED_OSMIUM;10027;8;10023;19;;;10043;17;10047;17;;;10035.0;0.0
yf_ZS=F_d1;44500;INTARIAN_PEPPER_ROOT;12758;7;12754;16;;;12764;16;12766;13;;;12761.0;0.0
yf_ZS=F_d1;44600;ASH_COATED_OSMIUM;10033;5;10029;19;;;10039;19;10042;27;;;10036.0;0.0
yf_ZS=F_d1;44600;INTARIAN_PEPPER_ROOT;12758;12;12754;25;;;12764;5;12768;12;;;12761.0;0.0
yf_ZS=F_d1;44700;ASH_COATED_OSMIUM;10032;17;10029;22;;;10038;23;10042;14;;;10035.0;0.0
yf_ZS=F_d1;44700;INTARIAN_PEPPER_ROOT;12744;18;12741;23;;;12773;16;12777;14;;;12758.5;0.0
yf_ZS=F_d1;44800;ASH_COATED_OSMIUM;10033;8;10031;23;;;10039;15;10041;21;;;10036.0;0.0
yf_ZS=F_d1;44800;INTARIAN_PEPPER_ROOT;12754;17;12751;21;;;12760;12;12763;20;;;12757.0;0.0
yf_ZS=F_d1;44900;ASH_COATED_OSMIUM;10033;25;10030;13;;;10039;19;10041;20;;;10036.0;0.0
yf_ZS=F_d1;44900;INTARIAN_PEPPER_ROOT;12753;20;12750;17;;;12760;9;12763;13;;;12756.5;0.0
yf_ZS=F_d1;45000;ASH_COATED_OSMIUM;10033;6;10030;23;;;10039;10;10041;24;;;10036.0;0.0
yf_ZS=F_d1;45000;INTARIAN_PEPPER_ROOT;12750;12;12746;14;;;12760;14;12763;14;;;12755.0;0.0
yf_ZS=F_d1;45100;ASH_COATED_OSMIUM;10032;9;10028;12;;;10038;12;10042;18;;;10035.0;0.0
yf_ZS=F_d1;45100;INTARIAN_PEPPER_ROOT;12748;14;12745;17;;;12758;9;12762;24;;;12753.0;0.0
yf_ZS=F_d1;45200;ASH_COATED_OSMIUM;10033;16;10029;21;;;10039;5;10043;19;;;10036.0;0.0
yf_ZS=F_d1;45200;INTARIAN_PEPPER_ROOT;12749;11;12746;19;;;12756;17;12759;21;;;12752.5;0.0
yf_ZS=F_d1;45300;ASH_COATED_OSMIUM;10032;14;10030;15;;;10038;13;10040;11;;;10035.0;0.0
yf_ZS=F_d1;45300;INTARIAN_PEPPER_ROOT;12749;16;12745;14;;;12755;5;12758;22;;;12752.0;0.0
yf_ZS=F_d1;45400;ASH_COATED_OSMIUM;10032;13;10028;24;;;10038;15;10040;21;;;10035.0;0.0
yf_ZS=F_d1;45400;INTARIAN_PEPPER_ROOT;12727;18;12723;24;;;12773;16;12775;16;;;12750.0;0.0
yf_ZS=F_d1;45500;ASH_COATED_OSMIUM;10033;17;10031;21;;;10039;25;10043;17;;;10036.0;0.0
yf_ZS=F_d1;45500;INTARIAN_PEPPER_ROOT;12745;22;12742;21;;;12751;14;12755;15;;;12748.0;0.0
yf_ZS=F_d1;45600;ASH_COATED_OSMIUM;10033;15;10030;11;;;10039;8;10042;27;;;10036.0;0.0
yf_ZS=F_d1;45600;INTARIAN_PEPPER_ROOT;12735;15;12733;19;;;12758;21;12761;16;;;12746.5;0.0
yf_ZS=F_d1;45700;ASH_COATED_OSMIUM;10028;13;10024;20;;;10043;10;10047;22;;;10035.5;0.0
yf_ZS=F_d1;45700;INTARIAN_PEPPER_ROOT;12742;18;12738;20;;;12749;8;12753;20;;;12745.5;0.0
yf_ZS=F_d1;45800;ASH_COATED_OSMIUM;10033;7;10031;20;;;10039;16;10043;22;;;10036.0;0.0
yf_ZS=F_d1;45800;INTARIAN_PEPPER_ROOT;12741;15;12739;21;;;12747;12;12750;12;;;12744.0;0.0
yf_ZS=F_d1;45900;ASH_COATED_OSMIUM;10032;18;10029;21;;;10038;17;10041;24;;;10035.0;0.0
yf_ZS=F_d1;45900;INTARIAN_PEPPER_ROOT;12738;10;12734;15;;;12749;9;12752;21;;;12743.5;0.0
yf_ZS=F_d1;46000;ASH_COATED_OSMIUM;10033;12;10030;15;;;10039;8;10043;13;;;10036.0;0.0
yf_ZS=F_d1;46000;INTARIAN_PEPPER_ROOT;12738;19;12736;21;;;12744;18;12747;19;;;12741.0;0.0
yf_ZS=F_d1;46100;ASH_COATED_OSMIUM;10032;10;10028;19;;;10038;23;10041;21;;;10035.0;0.0
yf_ZS=F_d1;46100;INTARIAN_PEPPER_ROOT;12737;17;12733;20;;;12743;14;12747;16;;;12740.0;0.0
yf_ZS=F_d1;46200;ASH_COATED_OSMIUM;10027;5;10025;20;;;10044;9;10048;16;;;10035.5;0.0
yf_ZS=F_d1;46200;INTARIAN_PEPPER_ROOT;12736;9;12732;16;;;12744;5;12746;21;;;12740.0;0.0
yf_ZS=F_d1;46300;ASH_COATED_OSMIUM;10027;17;10024;23;;;10044;14;10047;18;;;10035.5;0.0
yf_ZS=F_d1;46300;INTARIAN_PEPPER_ROOT;12735;6;12731;15;;;12741;17;12744;23;;;12738.0;0.0
yf_ZS=F_d1;46400;ASH_COATED_OSMIUM;10033;5;10029;11;;;10039;11;10042;23;;;10036.0;0.0
yf_ZS=F_d1;46400;INTARIAN_PEPPER_ROOT;12734;15;12730;29;;;12740;18;12744;23;;;12737.0;0.0
yf_ZS=F_d1;46500;ASH_COATED_OSMIUM;10033;17;10029;23;;;10039;14;10042;14;;;10036.0;0.0
yf_ZS=F_d1;46500;INTARIAN_PEPPER_ROOT;12731;5;12727;14;;;12740;10;12743;19;;;12735.5;0.0
yf_ZS=F_d1;46600;ASH_COATED_OSMIUM;10032;19;10029;16;;;10040;15;10044;18;;;10036.0;0.0
yf_ZS=F_d1;46600;INTARIAN_PEPPER_ROOT;12728;5;12726;16;;;12740;10;12743;10;;;12734.0;0.0
yf_ZS=F_d1;46700;ASH_COATED_OSMIUM;10033;11;10030;21;;;10039;18;10041;14;;;10036.0;0.0
yf_ZS=F_d1;46700;INTARIAN_PEPPER_ROOT;12728;10;12726;24;;;12737;16;12739;19;;;12732.5;0.0
yf_ZS=F_d1;46800;ASH_COATED_OSMIUM;10030;17;10027;15;;;10041;16;10045;14;;;10035.5;0.0
yf_ZS=F_d1;46800;INTARIAN_PEPPER_ROOT;12728;13;12726;12;;;12734;13;12736;18;;;12731.0;0.0
yf_ZS=F_d1;46900;ASH_COATED_OSMIUM;10033;15;10030;20;;;10039;15;10042;20;;;10036.0;0.0
yf_ZS=F_d1;46900;INTARIAN_PEPPER_ROOT;12727;9;12723;22;;;12733;19;12737;19;;;12730.0;0.0
yf_ZS=F_d1;47000;ASH_COATED_OSMIUM;10033;21;10030;23;;;10039;10;10041;16;;;10036.0;0.0
yf_ZS=F_d1;47000;INTARIAN_PEPPER_ROOT;12720;18;12716;20;;;12737;12;12741;26;;;12728.5;0.0
yf_ZS=F_d1;47100;ASH_COATED_OSMIUM;10032;22;10030;17;;;10039;14;10042;16;;;10035.5;0.0
yf_ZS=F_d1;47100;INTARIAN_PEPPER_ROOT;12724;17;12720;25;;;12730;24;12732;27;;;12727.0;0.0
yf_ZS=F_d1;47200;ASH_COATED_OSMIUM;10027;12;10023;16;;;10044;16;10046;16;;;10035.5;0.0
yf_ZS=F_d1;47200;INTARIAN_PEPPER_ROOT;12723;15;12719;15;;;12731;15;12733;23;;;12727.0;0.0
yf_ZS=F_d1;47300;ASH_COATED_OSMIUM;10030;15;10028;19;;;10041;18;10043;23;;;10035.5;0.0
yf_ZS=F_d1;47300;INTARIAN_PEPPER_ROOT;12721;18;12717;23;;;12728;8;12731;26;;;12724.5;0.0
yf_ZS=F_d1;47400;ASH_COATED_OSMIUM;10033;18;10029;15;;;10039;13;10042;20;;;10036.0;0.0
yf_ZS=F_d1;47400;INTARIAN_PEPPER_ROOT;12720;14;12717;19;;;12726;19;12728;21;;;12723.0;0.0
yf_ZS=F_d1;47500;ASH_COATED_OSMIUM;10034;10;10030;26;;;10040;19;10044;18;;;10037.0;0.0
yf_ZS=F_d1;47500;INTARIAN_PEPPER_ROOT;12719;20;12716;22;;;12725;19;12727;17;;;12722.0;0.0
yf_ZS=F_d1;47600;ASH_COATED_OSMIUM;10033;18;10030;8;;;10039;20;10041;22;;;10036.0;0.0
yf_ZS=F_d1;47600;INTARIAN_PEPPER_ROOT;12717;11;12715;16;;;12724;22;12728;16;;;12720.5;0.0
yf_ZS=F_d1;47700;ASH_COATED_OSMIUM;10033;10;10031;25;;;10039;11;10042;16;;;10036.0;0.0
yf_ZS=F_d1;47700;INTARIAN_PEPPER_ROOT;12717;11;12715;23;;;12723;15;12725;20;;;12720.0;0.0
yf_ZS=F_d1;47800;ASH_COATED_OSMIUM;10033;10;10031;13;;;10039;14;10042;21;;;10036.0;0.0
yf_ZS=F_d1;47800;INTARIAN_PEPPER_ROOT;12715;14;12712;18;;;12721;29;12723;18;;;12718.0;0.0
yf_ZS=F_d1;47900;ASH_COATED_OSMIUM;10032;18;10030;30;;;10041;22;10045;17;;;10036.5;0.0
yf_ZS=F_d1;47900;INTARIAN_PEPPER_ROOT;12714;13;12710;24;;;12720;6;12724;19;;;12717.0;0.0
yf_ZS=F_d1;48000;ASH_COATED_OSMIUM;10027;11;10025;15;;;10045;13;10049;16;;;10036.0;0.0
yf_ZS=F_d1;48000;INTARIAN_PEPPER_ROOT;12712;9;12710;18;;;12718;18;12720;15;;;12715.0;0.0
yf_ZS=F_d1;48100;ASH_COATED_OSMIUM;10028;20;10026;22;;;10044;10;10047;27;;;10036.0;0.0
yf_ZS=F_d1;48100;INTARIAN_PEPPER_ROOT;12706;10;12704;19;;;12722;6;12725;31;;;12714.0;0.0
yf_ZS=F_d1;48200;ASH_COATED_OSMIUM;10031;14;10028;19;;;10041;9;10043;17;;;10036.0;0.0
yf_ZS=F_d1;48200;INTARIAN_PEPPER_ROOT;12707;24;12704;35;;;12719;9;12722;25;;;12713.0;0.0
yf_ZS=F_d1;48300;ASH_COATED_OSMIUM;10033;15;10031;16;;;10040;13;10044;27;;;10036.5;0.0
yf_ZS=F_d1;48300;INTARIAN_PEPPER_ROOT;12709;14;12706;18;;;12715;22;12718;21;;;12712.0;0.0
yf_ZS=F_d1;48400;ASH_COATED_OSMIUM;10034;12;10032;14;;;10040;17;10043;18;;;10037.0;0.0
yf_ZS=F_d1;48400;INTARIAN_PEPPER_ROOT;12704;20;12701;18;;;12717;10;12720;18;;;12710.5;0.0
yf_ZS=F_d1;48500;ASH_COATED_OSMIUM;10034;16;10031;16;;;10040;7;10044;30;;;10037.0;0.0
yf_ZS=F_d1;48500;INTARIAN_PEPPER_ROOT;12706;19;12702;21;;;12712;24;12715;24;;;12709.0;0.0
yf_ZS=F_d1;48600;ASH_COATED_OSMIUM;10033;5;10031;14;;;10039;17;10043;19;;;10036.0;0.0
yf_ZS=F_d1;48600;INTARIAN_PEPPER_ROOT;12701;8;12698;24;;;12715;15;12718;19;;;12708.0;0.0
yf_ZS=F_d1;48700;ASH_COATED_OSMIUM;10033;18;10031;20;;;10039;9;10041;19;;;10036.0;0.0
yf_ZS=F_d1;48700;INTARIAN_PEPPER_ROOT;12703;11;12700;21;;;12709;13;12712;24;;;12706.0;0.0
yf_ZS=F_d1;48800;ASH_COATED_OSMIUM;10033;23;10030;26;;;10039;7;10042;8;;;10036.0;0.0
yf_ZS=F_d1;48800;INTARIAN_PEPPER_ROOT;12701;15;12699;17;;;12709;18;12711;15;;;12705.0;0.0
yf_ZS=F_d1;48900;ASH_COATED_OSMIUM;10022;18;10019;26;;;10051;14;10053;8;;;10036.5;0.0
yf_ZS=F_d1;48900;INTARIAN_PEPPER_ROOT;12700;21;12697;13;;;12707;16;12711;19;;;12703.5;0.0
yf_ZS=F_d1;49000;ASH_COATED_OSMIUM;10033;22;10031;16;;;10039;12;10041;14;;;10036.0;0.0
yf_ZS=F_d1;49000;INTARIAN_PEPPER_ROOT;12698;27;12696;21;;;12706;17;12708;19;;;12702.0;0.0
yf_ZS=F_d1;49100;ASH_COATED_OSMIUM;10032;7;10029;13;;;10041;6;10045;21;;;10036.5;0.0
yf_ZS=F_d1;49100;INTARIAN_PEPPER_ROOT;12697;10;12695;20;;;12703;20;12706;12;;;12700.0;0.0
yf_ZS=F_d1;49200;ASH_COATED_OSMIUM;10022;15;10020;23;;;10050;21;10054;20;;;10036.0;0.0
yf_ZS=F_d1;49200;INTARIAN_PEPPER_ROOT;12697;14;12694;35;;;12703;9;12705;20;;;12700.0;0.0
yf_ZS=F_d1;49300;ASH_COATED_OSMIUM;10032;14;10028;27;;;10042;13;10046;22;;;10037.0;0.0
yf_ZS=F_d1;49300;INTARIAN_PEPPER_ROOT;12691;10;12687;23;;;12705;17;12707;15;;;12698.0;0.0
yf_ZS=F_d1;49400;ASH_COATED_OSMIUM;10033;8;10031;11;;;10039;17;10042;21;;;10036.0;0.0
yf_ZS=F_d1;49400;INTARIAN_PEPPER_ROOT;12694;5;12690;20;;;12700;10;12704;29;;;12697.0;0.0
yf_ZS=F_d1;49500;ASH_COATED_OSMIUM;10034;14;10032;25;;;10040;18;10044;17;;;10037.0;0.0
yf_ZS=F_d1;49500;INTARIAN_PEPPER_ROOT;12687;20;12684;23;;;12706;15;12710;25;;;12696.5;0.0
yf_ZS=F_d1;49600;ASH_COATED_OSMIUM;10034;17;10031;23;;;10040;17;10042;24;;;10037.0;0.0
yf_ZS=F_d1;49600;INTARIAN_PEPPER_ROOT;12689;18;12686;19;;;12699;10;12702;14;;;12694.0;0.0
yf_ZS=F_d1;49700;ASH_COATED_OSMIUM;10032;18;10030;12;;;10042;15;10046;23;;;10037.0;0.0
yf_ZS=F_d1;49700;INTARIAN_PEPPER_ROOT;12690;7;12688;12;;;12696;20;12698;17;;;12693.0;0.0
yf_ZS=F_d1;49800;ASH_COATED_OSMIUM;10034;14;10030;27;;;10040;16;10042;13;;;10037.0;0.0
yf_ZS=F_d1;49800;INTARIAN_PEPPER_ROOT;12686;14;12683;27;;;12698;13;12701;27;;;12692.0;0.0
yf_ZS=F_d1;49900;ASH_COATED_OSMIUM;10033;14;10029;18;;;10039;23;10043;30;;;10036.0;0.0
yf_ZS=F_d1;49900;INTARIAN_PEPPER_ROOT;12687;14;12685;15;;;12693;7;12697;14;;;12690.0;0.0
yf_ZS=F_d1;50000;ASH_COATED_OSMIUM;10034;8;10030;18;;;10040;13;10044;22;;;10037.0;0.0
yf_ZS=F_d1;50000;INTARIAN_PEPPER_ROOT;12683;11;12681;18;;;12695;21;12699;23;;;12689.0;0.0
yf_ZS=F_d1;50100;ASH_COATED_OSMIUM;10034;11;10031;29;;;10040;10;10043;24;;;10037.0;0.0
yf_ZS=F_d1;50100;INTARIAN_PEPPER_ROOT;12676;14;12673;19;;;12699;6;12703;20;;;12687.5;0.0
yf_ZS=F_d1;50200;ASH_COATED_OSMIUM;10034;9;10030;17;;;10040;5;10043;21;;;10037.0;0.0
yf_ZS=F_d1;50200;INTARIAN_PEPPER_ROOT;12683;17;12681;12;;;12689;9;12692;19;;;12686.0;0.0
yf_ZS=F_d1;50300;ASH_COATED_OSMIUM;10034;21;10030;32;;;10040;29;10044;16;;;10037.0;0.0
yf_ZS=F_d1;50300;INTARIAN_PEPPER_ROOT;12673;22;12671;17;;;12697;16;12699;14;;;12685.0;0.0
yf_ZS=F_d1;50400;ASH_COATED_OSMIUM;10028;9;10025;25;;;10045;11;10049;14;;;10036.5;0.0
yf_ZS=F_d1;50400;INTARIAN_PEPPER_ROOT;12677;13;12675;21;;;12690;11;12693;18;;;12683.5;0.0
yf_ZS=F_d1;50500;ASH_COATED_OSMIUM;10034;10;10031;18;;;10040;12;10042;15;;;10037.0;0.0
yf_ZS=F_d1;50500;INTARIAN_PEPPER_ROOT;12679;17;12675;17;;;12685;11;12687;22;;;12682.0;0.0
yf_ZS=F_d1;50600;ASH_COATED_OSMIUM;10033;8;10031;27;;;10039;21;10042;9;;;10036.0;0.0
yf_ZS=F_d1;50600;INTARIAN_PEPPER_ROOT;12678;14;12674;22;;;12684;18;12686;18;;;12681.0;0.0
yf_ZS=F_d1;50700;ASH_COATED_OSMIUM;10030;21;10028;18;;;10043;17;10047;13;;;10036.5;0.0
yf_ZS=F_d1;50700;INTARIAN_PEPPER_ROOT;12671;14;12667;13;;;12688;19;12691;22;;;12679.5;0.0
yf_ZS=F_d1;50800;ASH_COATED_OSMIUM;10030;22;10026;23;;;10043;11;10045;26;;;10036.5;0.0
yf_ZS=F_d1;50800;INTARIAN_PEPPER_ROOT;12675;16;12673;14;;;12681;17;12684;17;;;12678.0;0.0
yf_ZS=F_d1;50900;ASH_COATED_OSMIUM;10032;5;10030;22;;;10043;17;10047;22;;;10037.5;0.0
yf_ZS=F_d1;50900;INTARIAN_PEPPER_ROOT;12674;15;12672;20;;;12680;7;12684;25;;;12677.0;0.0
yf_ZS=F_d1;51000;ASH_COATED_OSMIUM;10032;11;10028;20;;;10042;14;10046;19;;;10037.0;0.0
yf_ZS=F_d1;51000;INTARIAN_PEPPER_ROOT;12672;6;12669;23;;;12683;16;12687;20;;;12677.5;0.0
yf_ZS=F_d1;51100;ASH_COATED_OSMIUM;10034;19;10032;18;;;10040;5;10042;19;;;10037.0;0.0
yf_ZS=F_d1;51100;INTARIAN_PEPPER_ROOT;12674;16;12671;20;;;12680;19;12682;17;;;12677.0;0.0
yf_ZS=F_d1;51200;ASH_COATED_OSMIUM;10034;5;10031;20;;;10040;19;10044;19;;;10037.0;0.0
yf_ZS=F_d1;51200;INTARIAN_PEPPER_ROOT;12671;11;12668;27;;;12682;16;12684;20;;;12676.5;0.0
yf_ZS=F_d1;51300;ASH_COATED_OSMIUM;10035;16;10033;20;;;10041;26;10043;23;;;10038.0;0.0
yf_ZS=F_d1;51300;INTARIAN_PEPPER_ROOT;12673;20;12670;15;;;12679;17;12682;25;;;12676.0;0.0
yf_ZS=F_d1;51400;ASH_COATED_OSMIUM;10035;5;10032;22;;;10041;16;10044;15;;;10038.0;0.0
yf_ZS=F_d1;51400;INTARIAN_PEPPER_ROOT;12664;16;12662;22;;;12687;15;12691;18;;;12675.5;0.0
yf_ZS=F_d1;51500;ASH_COATED_OSMIUM;10035;8;10032;20;;;10041;24;10044;20;;;10038.0;0.0
yf_ZS=F_d1;51500;INTARIAN_PEPPER_ROOT;12672;18;12670;20;;;12680;21;12682;14;;;12676.0;0.0
yf_ZS=F_d1;51600;ASH_COATED_OSMIUM;10035;14;10032;16;;;10041;21;10045;28;;;10038.0;0.0
yf_ZS=F_d1;51600;INTARIAN_PEPPER_ROOT;12671;16;12667;19;;;12678;10;12681;18;;;12674.5;0.0
yf_ZS=F_d1;51700;ASH_COATED_OSMIUM;10034;19;10032;23;;;10045;17;10047;18;;;10039.5;0.0
yf_ZS=F_d1;51700;INTARIAN_PEPPER_ROOT;12672;20;12668;17;;;12678;11;12681;15;;;12675.0;0.0
yf_ZS=F_d1;51800;ASH_COATED_OSMIUM;10036;5;10032;18;;;10042;12;10044;20;;;10039.0;0.0
yf_ZS=F_d1;51800;INTARIAN_PEPPER_ROOT;12672;15;12670;21;;;12678;14;12680;27;;;12675.0;0.0
yf_ZS=F_d1;51900;ASH_COATED_OSMIUM;10028;13;10025;15;;;10050;19;10052;20;;;10039.0;0.0
yf_ZS=F_d1;51900;INTARIAN_PEPPER_ROOT;12671;5;12667;25;;;12677;15;12681;31;;;12674.0;0.0
yf_ZS=F_d1;52000;ASH_COATED_OSMIUM;10030;5;10028;9;;;10048;11;10050;18;;;10039.0;0.0
yf_ZS=F_d1;52000;INTARIAN_PEPPER_ROOT;12670;19;12668;25;;;12678;18;12681;13;;;12674.0;0.0
yf_ZS=F_d1;52100;ASH_COATED_OSMIUM;10031;13;10028;14;;;10047;19;10050;23;;;10039.0;0.0
yf_ZS=F_d1;52100;INTARIAN_PEPPER_ROOT;12669;24;12665;25;;;12678;22;12681;24;;;12673.5;0.0
yf_ZS=F_d1;52200;ASH_COATED_OSMIUM;10037;14;10033;14;;;10043;22;10047;20;;;10040.0;0.0
yf_ZS=F_d1;52200;INTARIAN_PEPPER_ROOT;12669;7;12666;24;;;12677;10;12681;20;;;12673.0;0.0
yf_ZS=F_d1;52300;ASH_COATED_OSMIUM;10037;11;10034;16;;;10044;12;10048;22;;;10040.5;0.0
yf_ZS=F_d1;52300;INTARIAN_PEPPER_ROOT;12670;11;12667;13;;;12676;16;12678;23;;;12673.0;0.0
yf_ZS=F_d1;52400;ASH_COATED_OSMIUM;10037;18;10034;25;;;10043;5;10046;15;;;10040.0;0.0
yf_ZS=F_d1;52400;INTARIAN_PEPPER_ROOT;12670;14;12668;24;;;12676;15;12678;16;;;12673.0;0.0
yf_ZS=F_d1;52500;ASH_COATED_OSMIUM;10023;14;10021;26;;;10058;18;10061;8;;;10040.5;0.0
yf_ZS=F_d1;52500;INTARIAN_PEPPER_ROOT;12669;14;12667;20;;;12675;10;12678;19;;;12672.0;0.0
yf_ZS=F_d1;52600;ASH_COATED_OSMIUM;10037;22;10034;8;;;10043;15;10047;31;;;10040.0;0.0
yf_ZS=F_d1;52600;INTARIAN_PEPPER_ROOT;12669;16;12665;16;;;12675;5;12678;23;;;12672.0;0.0
yf_ZS=F_d1;52700;ASH_COATED_OSMIUM;10037;22;10035;19;;;10043;21;10045;16;;;10040.0;0.0
yf_ZS=F_d1;52700;INTARIAN_PEPPER_ROOT;12661;12;12657;17;;;12682;6;12685;16;;;12671.5;0.0
yf_ZS=F_d1;52800;ASH_COATED_OSMIUM;10037;17;10034;8;;;10043;17;10046;19;;;10040.0;0.0
yf_ZS=F_d1;52800;INTARIAN_PEPPER_ROOT;12668;16;12666;22;;;12675;10;12679;26;;;12671.5;0.0
yf_ZS=F_d1;52900;ASH_COATED_OSMIUM;10029;15;10027;21;;;10053;25;10055;28;;;10041.0;0.0
yf_ZS=F_d1;52900;INTARIAN_PEPPER_ROOT;12668;15;12666;17;;;12674;15;12678;12;;;12671.0;0.0
yf_ZS=F_d1;53000;ASH_COATED_OSMIUM;10037;14;10033;13;;;10045;23;10048;18;;;10041.0;0.0
yf_ZS=F_d1;53000;INTARIAN_PEPPER_ROOT;12667;21;12665;24;;;12673;8;12677;24;;;12670.0;0.0
yf_ZS=F_d1;53100;ASH_COATED_OSMIUM;10038;20;10035;16;;;10044;5;10047;19;;;10041.0;0.0
yf_ZS=F_d1;53100;INTARIAN_PEPPER_ROOT;12667;21;12663;16;;;12673;22;12677;18;;;12670.0;0.0
yf_ZS=F_d1;53200;ASH_COATED_OSMIUM;10036;16;10034;23;;;10046;17;10048;26;;;10041.0;0.0
yf_ZS=F_d1;53200;INTARIAN_PEPPER_ROOT;12662;8;12658;14;;;12677;20;12680;17;;;12669.5;0.0
yf_ZS=F_d1;53300;ASH_COATED_OSMIUM;10039;11;10035;24;;;10045;16;10047;20;;;10042.0;0.0
yf_ZS=F_d1;53300;INTARIAN_PEPPER_ROOT;12665;9;12663;18;;;12673;15;12676;22;;;12669.0;0.0
yf_ZS=F_d1;53400;ASH_COATED_OSMIUM;10039;7;10037;13;;;10045;15;10047;19;;;10042.0;0.0
yf_ZS=F_d1;53400;INTARIAN_PEPPER_ROOT;12661;5;12658;17;;;12677;12;12680;15;;;12669.0;0.0
yf_ZS=F_d1;53500;ASH_COATED_OSMIUM;10039;14;10035;19;;;10045;10;10047;13;;;10042.0;0.0
yf_ZS=F_d1;53500;INTARIAN_PEPPER_ROOT;12658;10;12654;23;;;12679;11;12682;12;;;12668.5;0.0
yf_ZS=F_d1;53600;ASH_COATED_OSMIUM;10038;12;10034;16;;;10046;10;10049;14;;;10042.0;0.0
yf_ZS=F_d1;53600;INTARIAN_PEPPER_ROOT;12665;14;12663;24;;;12671;19;12675;21;;;12668.0;0.0
yf_ZS=F_d1;53700;ASH_COATED_OSMIUM;10039;20;10037;11;;;10045;21;10048;10;;;10042.0;0.0
yf_ZS=F_d1;53700;INTARIAN_PEPPER_ROOT;12664;26;12662;18;;;12670;12;12672;20;;;12667.0;0.0
yf_ZS=F_d1;53800;ASH_COATED_OSMIUM;10040;19;10036;26;;;10046;11;10050;23;;;10043.0;0.0
yf_ZS=F_d1;53800;INTARIAN_PEPPER_ROOT;12665;11;12663;14;;;12671;11;12675;22;;;12668.0;0.0
yf_ZS=F_d1;53900;ASH_COATED_OSMIUM;10040;17;10037;19;;;10046;12;10048;31;;;10043.0;0.0
yf_ZS=F_d1;53900;INTARIAN_PEPPER_ROOT;12644;12;12641;17;;;12690;12;12693;14;;;12667.0;0.0
yf_ZS=F_d1;54000;ASH_COATED_OSMIUM;10030;17;10028;23;;;10055;14;10059;20;;;10042.5;0.0
yf_ZS=F_d1;54000;INTARIAN_PEPPER_ROOT;12663;13;12661;19;;;12671;12;12675;17;;;12667.0;0.0
yf_ZS=F_d1;54100;ASH_COATED_OSMIUM;10027;20;10023;19;;;10058;13;10062;30;;;10042.5;0.0
yf_ZS=F_d1;54100;INTARIAN_PEPPER_ROOT;12664;15;12661;16;;;12670;14;12673;24;;;12667.0;0.0
yf_ZS=F_d1;54200;ASH_COATED_OSMIUM;10036;17;10033;15;;;10049;23;10053;11;;;10042.5;0.0
yf_ZS=F_d1;54200;INTARIAN_PEPPER_ROOT;12663;17;12661;22;;;12669;13;12673;20;;;12666.0;0.0
yf_ZS=F_d1;54300;ASH_COATED_OSMIUM;10037;20;10033;26;;;10049;5;10052;23;;;10043.0;0.0
yf_ZS=F_d1;54300;INTARIAN_PEPPER_ROOT;12659;5;12657;22;;;12674;18;12678;19;;;12666.5;0.0
yf_ZS=F_d1;54400;ASH_COATED_OSMIUM;10041;18;10037;25;;;10047;14;10051;24;;;10044.0;0.0
yf_ZS=F_d1;54400;INTARIAN_PEPPER_ROOT;12661;15;12657;23;;;12670;21;12674;14;;;12665.5;0.0
yf_ZS=F_d1;54500;ASH_COATED_OSMIUM;10036;20;10034;21;;;10052;17;10056;23;;;10044.0;0.0
yf_ZS=F_d1;54500;INTARIAN_PEPPER_ROOT;12663;18;12660;29;;;12669;11;12671;24;;;12666.0;0.0
yf_ZS=F_d1;54600;ASH_COATED_OSMIUM;10040;5;10036;20;;;10046;18;10049;24;;;10043.0;0.0
yf_ZS=F_d1;54600;INTARIAN_PEPPER_ROOT;12662;6;12660;15;;;12668;16;12672;9;;;12665.0;0.0
yf_ZS=F_d1;54700;ASH_COATED_OSMIUM;10041;18;10039;8;;;10047;18;10050;16;;;10044.0;0.0
yf_ZS=F_d1;54700;INTARIAN_PEPPER_ROOT;12661;9;12657;22;;;12667;9;12670;11;;;12664.0;0.0
yf_ZS=F_d1;54800;ASH_COATED_OSMIUM;10034;13;10030;25;;;10054;8;10058;26;;;10044.0;0.0
yf_ZS=F_d1;54800;INTARIAN_PEPPER_ROOT;12638;9;12635;23;;;12691;18;12695;9;;;12664.5;0.0
yf_ZS=F_d1;54900;ASH_COATED_OSMIUM;10034;13;10031;12;;;10054;15;10058;30;;;10044.0;0.0
yf_ZS=F_d1;54900;INTARIAN_PEPPER_ROOT;12658;15;12655;19;;;12669;17;12671;12;;;12663.5;0.0
yf_ZS=F_d1;55000;ASH_COATED_OSMIUM;10041;18;10038;25;;;10047;12;10051;23;;;10044.0;0.0
yf_ZS=F_d1;55000;INTARIAN_PEPPER_ROOT;12660;13;12657;19;;;12666;10;12668;16;;;12663.0;0.0
yf_ZS=F_d1;55100;ASH_COATED_OSMIUM;10038;23;10034;21;;;10052;12;10054;23;;;10045.0;0.0
yf_ZS=F_d1;55100;INTARIAN_PEPPER_ROOT;12660;13;12657;14;;;12667;16;12671;26;;;12663.5;0.0
yf_ZS=F_d1;55200;ASH_COATED_OSMIUM;10031;17;10028;19;;;10059;9;10061;24;;;10045.0;0.0
yf_ZS=F_d1;55200;INTARIAN_PEPPER_ROOT;12659;25;12655;21;;;12665;18;12668;25;;;12662.0;0.0
yf_ZS=F_d1;55300;ASH_COATED_OSMIUM;10042;13;10039;18;;;10048;16;10052;22;;;10045.0;0.0
yf_ZS=F_d1;55300;INTARIAN_PEPPER_ROOT;12654;15;12651;22;;;12671;17;12675;18;;;12662.5;0.0
yf_ZS=F_d1;55400;ASH_COATED_OSMIUM;10042;6;10038;15;;;10048;18;10050;17;;;10045.0;0.0
yf_ZS=F_d1;55400;INTARIAN_PEPPER_ROOT;12647;20;12645;22;;;12676;17;12678;8;;;12661.5;0.0
yf_ZS=F_d1;55500;ASH_COATED_OSMIUM;10042;24;10038;21;;;10048;21;10051;14;;;10045.0;0.0
yf_ZS=F_d1;55500;INTARIAN_PEPPER_ROOT;12659;17;12657;16;;;12665;14;12669;12;;;12662.0;0.0
yf_ZS=F_d1;55600;ASH_COATED_OSMIUM;10042;7;10038;20;;;10048;15;10051;23;;;10045.0;0.0
yf_ZS=F_d1;55600;INTARIAN_PEPPER_ROOT;12658;12;12655;15;;;12664;16;12667;18;;;12661.0;0.0
yf_ZS=F_d1;55700;ASH_COATED_OSMIUM;10043;7;10040;19;;;10049;8;10052;26;;;10046.0;0.0
yf_ZS=F_d1;55700;INTARIAN_PEPPER_ROOT;12658;14;12655;25;;;12664;20;12668;28;;;12661.0;0.0
yf_ZS=F_d1;55800;ASH_COATED_OSMIUM;10035;16;10031;28;;;10057;24;10059;21;;;10046.0;0.0
yf_ZS=F_d1;55800;INTARIAN_PEPPER_ROOT;12641;16;12639;18;;;12679;13;12683;14;;;12660.0;0.0
yf_ZS=F_d1;55900;ASH_COATED_OSMIUM;10044;21;10040;16;;;10050;26;10053;27;;;10047.0;0.0
yf_ZS=F_d1;55900;INTARIAN_PEPPER_ROOT;12657;13;12654;17;;;12663;13;12665;26;;;12660.0;0.0
yf_ZS=F_d1;56000;ASH_COATED_OSMIUM;10043;18;10041;24;;;10050;16;10052;23;;;10046.5;0.0
yf_ZS=F_d1;56000;INTARIAN_PEPPER_ROOT;12657;17;12653;21;;;12663;11;12667;20;;;12660.0;0.0
yf_ZS=F_d1;56100;ASH_COATED_OSMIUM;10027;9;10023;24;;;10066;5;10069;19;;;10046.5;0.0
yf_ZS=F_d1;56100;INTARIAN_PEPPER_ROOT;12656;12;12654;16;;;12662;15;12665;17;;;12659.0;0.0
yf_ZS=F_d1;56200;ASH_COATED_OSMIUM;10043;20;10041;22;;;10049;10;10053;20;;;10046.0;0.0
yf_ZS=F_d1;56200;INTARIAN_PEPPER_ROOT;12647;12;12644;17;;;12672;11;12676;25;;;12659.5;0.0
yf_ZS=F_d1;56300;ASH_COATED_OSMIUM;10044;16;10041;13;;;10050;12;10054;21;;;10047.0;0.0
yf_ZS=F_d1;56300;INTARIAN_PEPPER_ROOT;12656;18;12653;29;;;12662;15;12664;17;;;12659.0;0.0
yf_ZS=F_d1;56400;ASH_COATED_OSMIUM;10044;14;10040;17;;;10050;13;10053;22;;;10047.0;0.0
yf_ZS=F_d1;56400;INTARIAN_PEPPER_ROOT;12648;6;12644;14;;;12668;19;12672;21;;;12658.0;0.0
yf_ZS=F_d1;56500;ASH_COATED_OSMIUM;10044;23;10040;23;;;10050;15;10052;16;;;10047.0;0.0
yf_ZS=F_d1;56500;INTARIAN_PEPPER_ROOT;12656;22;12652;18;;;12662;7;12665;26;;;12659.0;0.0
yf_ZS=F_d1;56600;ASH_COATED_OSMIUM;10044;16;10042;21;;;10050;14;10052;26;;;10047.0;0.0
yf_ZS=F_d1;56600;INTARIAN_PEPPER_ROOT;12654;13;12652;22;;;12660;10;12664;19;;;12657.0;0.0
