day;timestamp;product;bid_price_1;bid_volume_1;bid_price_2;bid_volume_2;bid_price_3;bid_volume_3;ask_price_1;ask_volume_1;ask_price_2;ask_volume_2;ask_price_3;ask_volume_3;mid_price;profit_and_loss
yf_MKC_d7;0;ASH_COATED_OSMIUM;9941;14;9938;27;;;9947;18;9950;18;;;9944.0;0.0
yf_MKC_d7;0;INTARIAN_PEPPER_ROOT;10810;15;10806;22;;;10816;10;10818;19;;;10813.0;0.0
yf_MKC_d7;100;ASH_COATED_OSMIUM;9942;8;9940;18;;;9948;12;9950;18;;;9945.0;0.0
yf_MKC_d7;100;INTARIAN_PEPPER_ROOT;10814;10;10811;27;;;10820;15;10822;12;;;10817.0;0.0
yf_MKC_d7;200;ASH_COATED_OSMIUM;9940;16;9936;28;;;9950;15;9952;22;;;9945.0;0.0
yf_MKC_d7;200;INTARIAN_PEPPER_ROOT;10816;12;10814;18;;;10826;15;10830;21;;;10821.0;0.0
yf_MKC_d7;300;ASH_COATED_OSMIUM;9942;18;9940;22;;;9948;13;9951;21;;;9945.0;0.0
yf_MKC_d7;300;INTARIAN_PEPPER_ROOT;10821;10;10819;18;;;10830;17;10834;19;;;10825.5;0.0
yf_MKC_d7;400;ASH_COATED_OSMIUM;9942;19;9938;26;;;9948;15;9950;24;;;9945.0;0.0
yf_MKC_d7;400;INTARIAN_PEPPER_ROOT;10826;19;10823;24;;;10832;18;10835;17;;;10829.0;0.0
yf_MKC_d7;500;ASH_COATED_OSMIUM;9942;20;9939;24;;;9948;18;9952;27;;;9945.0;0.0
yf_MKC_d7;500;INTARIAN_PEPPER_ROOT;10829;14;10826;27;;;10835;22;10837;20;;;10832.0;0.0
yf_MKC_d7;600;ASH_COATED_OSMIUM;9941;9;9937;16;;;9947;17;9951;19;;;9944.0;0.0
yf_MKC_d7;600;INTARIAN_PEPPER_ROOT;10793;15;10789;21;;;10881;11;10883;12;;;10837.0;0.0
yf_MKC_d7;700;ASH_COATED_OSMIUM;9941;9;9939;15;;;9948;26;9951;20;;;9944.5;0.0
yf_MKC_d7;700;INTARIAN_PEPPER_ROOT;10838;25;10834;19;;;10844;15;10847;21;;;10841.0;0.0
yf_MKC_d7;800;ASH_COATED_OSMIUM;9942;15;9939;23;;;9948;20;9951;19;;;9945.0;0.0
yf_MKC_d7;800;INTARIAN_PEPPER_ROOT;10841;14;10838;21;;;10851;18;10854;23;;;10846.0;0.0
yf_MKC_d7;900;ASH_COATED_OSMIUM;9935;12;9931;21;;;9955;11;9957;16;;;9945.0;0.0
yf_MKC_d7;900;INTARIAN_PEPPER_ROOT;10846;20;10842;27;;;10852;15;10856;29;;;10849.0;0.0
yf_MKC_d7;1000;ASH_COATED_OSMIUM;9936;19;9932;21;;;9955;15;9958;22;;;9945.5;0.0
yf_MKC_d7;1000;INTARIAN_PEPPER_ROOT;10850;13;10848;25;;;10856;11;10859;17;;;10853.0;0.0
yf_MKC_d7;1100;ASH_COATED_OSMIUM;9942;18;9938;19;;;9948;14;9951;19;;;9945.0;0.0
yf_MKC_d7;1100;INTARIAN_PEPPER_ROOT;10850;12;10848;18;;;10865;15;10869;21;;;10857.5;0.0
yf_MKC_d7;1200;ASH_COATED_OSMIUM;9942;17;9939;21;;;9948;13;9952;21;;;9945.0;0.0
yf_MKC_d7;1200;INTARIAN_PEPPER_ROOT;10858;23;10856;20;;;10864;10;10867;22;;;10861.0;0.0
yf_MKC_d7;1300;ASH_COATED_OSMIUM;9942;17;9940;23;;;9948;12;9950;22;;;9945.0;0.0
yf_MKC_d7;1300;INTARIAN_PEPPER_ROOT;10848;19;10844;11;;;10882;12;10886;17;;;10865.0;0.0
yf_MKC_d7;1400;ASH_COATED_OSMIUM;9942;8;9938;23;;;9948;5;9951;18;;;9945.0;0.0
yf_MKC_d7;1400;INTARIAN_PEPPER_ROOT;10866;5;10863;19;;;10873;16;10875;18;;;10869.5;0.0
yf_MKC_d7;1500;ASH_COATED_OSMIUM;9942;14;9940;16;;;9948;21;9950;22;;;9945.0;0.0
yf_MKC_d7;1500;INTARIAN_PEPPER_ROOT;10859;16;10855;16;;;10889;19;10891;22;;;10874.0;0.0
yf_MKC_d7;1600;ASH_COATED_OSMIUM;9936;15;9934;24;;;9956;14;9959;12;;;9946.0;0.0
yf_MKC_d7;1600;INTARIAN_PEPPER_ROOT;10874;18;10871;11;;;10880;18;10883;15;;;10877.0;0.0
yf_MKC_d7;1700;ASH_COATED_OSMIUM;9939;13;9937;15;;;9950;12;9952;14;;;9944.5;0.0
yf_MKC_d7;1700;INTARIAN_PEPPER_ROOT;10878;11;10876;23;;;10884;20;10886;12;;;10881.0;0.0
yf_MKC_d7;1800;ASH_COATED_OSMIUM;9943;18;9940;16;;;9949;18;9952;8;;;9946.0;0.0
yf_MKC_d7;1800;INTARIAN_PEPPER_ROOT;10877;5;10875;23;;;10893;18;10895;19;;;10885.0;0.0
yf_MKC_d7;1900;ASH_COATED_OSMIUM;9939;7;9937;20;;;9951;9;9953;21;;;9945.0;0.0
yf_MKC_d7;1900;INTARIAN_PEPPER_ROOT;10886;19;10884;15;;;10892;17;10896;27;;;10889.0;0.0
yf_MKC_d7;2000;ASH_COATED_OSMIUM;9938;12;9934;22;;;9954;10;9957;19;;;9946.0;0.0
yf_MKC_d7;2000;INTARIAN_PEPPER_ROOT;10891;16;10888;19;;;10897;5;10901;26;;;10894.0;0.0
yf_MKC_d7;2100;ASH_COATED_OSMIUM;9940;21;9936;23;;;9952;19;9954;17;;;9946.0;0.0
yf_MKC_d7;2100;INTARIAN_PEPPER_ROOT;10894;16;10891;26;;;10900;16;10902;26;;;10897.0;0.0
yf_MKC_d7;2200;ASH_COATED_OSMIUM;9942;16;9940;14;;;9949;12;9953;20;;;9945.5;0.0
yf_MKC_d7;2200;INTARIAN_PEPPER_ROOT;10898;17;10895;21;;;10904;5;10906;15;;;10901.0;0.0
yf_MKC_d7;2300;ASH_COATED_OSMIUM;9941;13;9938;18;;;9951;14;9955;21;;;9946.0;0.0
yf_MKC_d7;2300;INTARIAN_PEPPER_ROOT;10901;19;10898;14;;;10907;15;10909;24;;;10904.0;0.0
yf_MKC_d7;2400;ASH_COATED_OSMIUM;9943;12;9940;27;;;9949;19;9951;28;;;9946.0;0.0
yf_MKC_d7;2400;INTARIAN_PEPPER_ROOT;10906;16;10903;19;;;10912;11;10914;22;;;10909.0;0.0
yf_MKC_d7;2500;ASH_COATED_OSMIUM;9943;20;9939;13;;;9949;19;9951;23;;;9946.0;0.0
yf_MKC_d7;2500;INTARIAN_PEPPER_ROOT;10910;9;10906;15;;;10916;12;10920;25;;;10913.0;0.0
yf_MKC_d7;2600;ASH_COATED_OSMIUM;9943;13;9939;30;;;9949;8;9951;20;;;9946.0;0.0
yf_MKC_d7;2600;INTARIAN_PEPPER_ROOT;10911;17;10909;24;;;10923;8;10926;15;;;10917.0;0.0
yf_MKC_d7;2700;ASH_COATED_OSMIUM;9941;15;9937;14;;;9950;10;9953;18;;;9945.5;0.0
yf_MKC_d7;2700;INTARIAN_PEPPER_ROOT;10919;18;10917;19;;;10925;19;10927;18;;;10922.0;0.0
yf_MKC_d7;2800;ASH_COATED_OSMIUM;9943;19;9940;20;;;9949;21;9952;19;;;9946.0;0.0
yf_MKC_d7;2800;INTARIAN_PEPPER_ROOT;10923;15;10921;19;;;10929;21;10931;25;;;10926.0;0.0
yf_MKC_d7;2900;ASH_COATED_OSMIUM;9943;13;9939;20;;;9949;8;9952;20;;;9946.0;0.0
yf_MKC_d7;2900;INTARIAN_PEPPER_ROOT;10927;14;10925;18;;;10933;19;10936;19;;;10930.0;0.0
yf_MKC_d7;3000;ASH_COATED_OSMIUM;9942;21;9940;33;;;9949;5;9951;20;;;9945.5;0.0
yf_MKC_d7;3000;INTARIAN_PEPPER_ROOT;10930;19;10926;27;;;10936;12;10939;16;;;10933.0;0.0
yf_MKC_d7;3100;ASH_COATED_OSMIUM;9944;10;9940;22;;;9950;15;9954;23;;;9947.0;0.0
yf_MKC_d7;3100;INTARIAN_PEPPER_ROOT;10934;5;10931;10;;;10940;11;10944;11;;;10937.0;0.0
yf_MKC_d7;3200;ASH_COATED_OSMIUM;9941;18;9939;17;;;9951;11;9955;16;;;9946.0;0.0
yf_MKC_d7;3200;INTARIAN_PEPPER_ROOT;10938;7;10934;21;;;10944;10;10948;17;;;10941.0;0.0
yf_MKC_d7;3300;ASH_COATED_OSMIUM;9943;14;9940;26;;;9949;22;9951;11;;;9946.0;0.0
yf_MKC_d7;3300;INTARIAN_PEPPER_ROOT;10943;16;10941;20;;;10949;8;10953;14;;;10946.0;0.0
yf_MKC_d7;3400;ASH_COATED_OSMIUM;9940;9;9936;14;;;9951;18;9955;25;;;9945.5;0.0
yf_MKC_d7;3400;INTARIAN_PEPPER_ROOT;10944;7;10941;18;;;10956;20;10958;20;;;10950.0;0.0
yf_MKC_d7;3500;ASH_COATED_OSMIUM;9944;27;9941;11;;;9950;8;9953;20;;;9947.0;0.0
yf_MKC_d7;3500;INTARIAN_PEPPER_ROOT;10950;14;10948;17;;;10956;13;10959;22;;;10953.0;0.0
yf_MKC_d7;3600;ASH_COATED_OSMIUM;9943;14;9939;19;;;9949;11;9951;16;;;9946.0;0.0
yf_MKC_d7;3600;INTARIAN_PEPPER_ROOT;10954;16;10950;26;;;10960;11;10964;22;;;10957.0;0.0
yf_MKC_d7;3700;ASH_COATED_OSMIUM;9942;10;9939;28;;;9951;11;9955;19;;;9946.5;0.0
yf_MKC_d7;3700;INTARIAN_PEPPER_ROOT;10954;8;10952;29;;;10968;22;10972;18;;;10961.0;0.0
yf_MKC_d7;3800;ASH_COATED_OSMIUM;9944;20;9940;12;;;9950;15;9952;24;;;9947.0;0.0
yf_MKC_d7;3800;INTARIAN_PEPPER_ROOT;10961;17;10957;26;;;10970;16;10972;25;;;10965.5;0.0
yf_MKC_d7;3900;ASH_COATED_OSMIUM;9943;11;9940;24;;;9949;9;9952;21;;;9946.0;0.0
yf_MKC_d7;3900;INTARIAN_PEPPER_ROOT;10965;10;10963;28;;;10973;14;10976;16;;;10969.0;0.0
yf_MKC_d7;4000;ASH_COATED_OSMIUM;9944;10;9941;17;;;9950;20;9952;22;;;9947.0;0.0
yf_MKC_d7;4000;INTARIAN_PEPPER_ROOT;10970;17;10968;19;;;10976;6;10978;19;;;10973.0;0.0
yf_MKC_d7;4100;ASH_COATED_OSMIUM;9944;15;9940;30;;;9950;14;9952;25;;;9947.0;0.0
yf_MKC_d7;4100;INTARIAN_PEPPER_ROOT;10974;5;10970;27;;;10980;5;10984;20;;;10977.0;0.0
yf_MKC_d7;4200;ASH_COATED_OSMIUM;9938;6;9935;24;;;9956;10;9959;8;;;9947.0;0.0
yf_MKC_d7;4200;INTARIAN_PEPPER_ROOT;10978;19;10974;25;;;10984;18;10986;18;;;10981.0;0.0
yf_MKC_d7;4300;ASH_COATED_OSMIUM;9944;19;9940;27;;;9950;17;9954;21;;;9947.0;0.0
yf_MKC_d7;4300;INTARIAN_PEPPER_ROOT;10972;14;10969;21;;;10998;15;11001;30;;;10985.0;0.0
yf_MKC_d7;4400;ASH_COATED_OSMIUM;9939;18;9936;25;;;9956;16;9959;19;;;9947.5;0.0
yf_MKC_d7;4400;INTARIAN_PEPPER_ROOT;10986;8;10983;22;;;10992;19;10994;25;;;10989.0;0.0
yf_MKC_d7;4500;ASH_COATED_OSMIUM;9944;13;9941;23;;;9950;19;9952;21;;;9947.0;0.0
yf_MKC_d7;4500;INTARIAN_PEPPER_ROOT;10991;16;10987;29;;;10997;20;11000;12;;;10994.0;0.0
yf_MKC_d7;4600;ASH_COATED_OSMIUM;9944;14;9941;17;;;9950;24;9953;22;;;9947.0;0.0
yf_MKC_d7;4600;INTARIAN_PEPPER_ROOT;10995;11;10992;18;;;11001;17;11003;8;;;10998.0;0.0
yf_MKC_d7;4700;ASH_COATED_OSMIUM;9941;16;9938;15;;;9953;8;9956;29;;;9947.0;0.0
yf_MKC_d7;4700;INTARIAN_PEPPER_ROOT;10999;13;10996;16;;;11005;15;11008;22;;;11002.0;0.0
yf_MKC_d7;4800;ASH_COATED_OSMIUM;9943;8;9939;22;;;9952;13;9956;11;;;9947.5;0.0
yf_MKC_d7;4800;INTARIAN_PEPPER_ROOT;11003;12;11001;22;;;11009;12;11011;16;;;11006.0;0.0
yf_MKC_d7;4900;ASH_COATED_OSMIUM;9944;21;9941;21;;;9951;21;9955;19;;;9947.5;0.0
yf_MKC_d7;4900;INTARIAN_PEPPER_ROOT;11006;20;11002;20;;;11012;12;11014;24;;;11009.0;0.0
yf_MKC_d7;5000;ASH_COATED_OSMIUM;9941;15;9938;18;;;9954;17;9956;20;;;9947.5;0.0
yf_MKC_d7;5000;INTARIAN_PEPPER_ROOT;11011;17;11008;17;;;11017;22;11021;29;;;11014.0;0.0
yf_MKC_d7;5100;ASH_COATED_OSMIUM;9945;22;9943;13;;;9951;18;9955;14;;;9948.0;0.0
yf_MKC_d7;5100;INTARIAN_PEPPER_ROOT;11004;20;11000;23;;;11031;18;11034;21;;;11017.5;0.0
yf_MKC_d7;5200;ASH_COATED_OSMIUM;9944;20;9942;20;;;9950;15;9953;19;;;9947.0;0.0
yf_MKC_d7;5200;INTARIAN_PEPPER_ROOT;11002;17;10999;26;;;11041;6;11043;25;;;11021.5;0.0
yf_MKC_d7;5300;ASH_COATED_OSMIUM;9943;15;9939;17;;;9951;13;9953;18;;;9947.0;0.0
yf_MKC_d7;5300;INTARIAN_PEPPER_ROOT;11023;18;11021;21;;;11029;25;11032;21;;;11026.0;0.0
yf_MKC_d7;5400;ASH_COATED_OSMIUM;9944;14;9941;12;;;9950;17;9952;19;;;9947.0;0.0
yf_MKC_d7;5400;INTARIAN_PEPPER_ROOT;11027;16;11024;19;;;11033;15;11036;16;;;11030.0;0.0
yf_MKC_d7;5500;ASH_COATED_OSMIUM;9930;9;9928;16;;;9966;17;9970;25;;;9948.0;0.0
yf_MKC_d7;5500;INTARIAN_PEPPER_ROOT;11025;22;11022;15;;;11043;10;11045;19;;;11034.0;0.0
yf_MKC_d7;5600;ASH_COATED_OSMIUM;9944;19;9940;15;;;9950;13;9954;20;;;9947.0;0.0
yf_MKC_d7;5600;INTARIAN_PEPPER_ROOT;11035;15;11033;21;;;11041;16;11043;14;;;11038.0;0.0
yf_MKC_d7;5700;ASH_COATED_OSMIUM;9944;17;9941;26;;;9952;11;9955;14;;;9948.0;0.0
yf_MKC_d7;5700;INTARIAN_PEPPER_ROOT;11037;13;11035;30;;;11048;6;11052;16;;;11042.5;0.0
yf_MKC_d7;5800;ASH_COATED_OSMIUM;9942;13;9940;18;;;9953;16;9955;21;;;9947.5;0.0
yf_MKC_d7;5800;INTARIAN_PEPPER_ROOT;11042;10;11040;28;;;11048;12;11051;23;;;11045.0;0.0
yf_MKC_d7;5900;ASH_COATED_OSMIUM;9944;19;9941;20;;;9951;10;9954;23;;;9947.5;0.0
yf_MKC_d7;5900;INTARIAN_PEPPER_ROOT;11047;21;11044;21;;;11053;8;11057;18;;;11050.0;0.0
yf_MKC_d7;6000;ASH_COATED_OSMIUM;9941;25;9937;17;;;9954;10;9956;19;;;9947.5;0.0
yf_MKC_d7;6000;INTARIAN_PEPPER_ROOT;11050;22;11048;21;;;11058;13;11061;17;;;11054.0;0.0
yf_MKC_d7;6100;ASH_COATED_OSMIUM;9945;17;9942;20;;;9951;18;9955;21;;;9948.0;0.0
yf_MKC_d7;6100;INTARIAN_PEPPER_ROOT;11049;21;11045;23;;;11066;14;11068;14;;;11057.5;0.0
yf_MKC_d7;6200;ASH_COATED_OSMIUM;9945;19;9941;23;;;9951;15;9954;25;;;9948.0;0.0
yf_MKC_d7;6200;INTARIAN_PEPPER_ROOT;11059;14;11056;21;;;11065;22;11067;25;;;11062.0;0.0
yf_MKC_d7;6300;ASH_COATED_OSMIUM;9942;17;9938;24;;;9955;17;9959;12;;;9948.5;0.0
yf_MKC_d7;6300;INTARIAN_PEPPER_ROOT;11063;15;11060;20;;;11069;10;11071;28;;;11066.0;0.0
yf_MKC_d7;6400;ASH_COATED_OSMIUM;9945;14;9941;12;;;9951;13;9953;24;;;9948.0;0.0
yf_MKC_d7;6400;INTARIAN_PEPPER_ROOT;11067;17;11065;22;;;11073;15;11075;26;;;11070.0;0.0
yf_MKC_d7;6500;ASH_COATED_OSMIUM;9945;15;9942;10;;;9952;21;9955;26;;;9948.5;0.0
yf_MKC_d7;6500;INTARIAN_PEPPER_ROOT;11071;10;11067;17;;;11077;20;11081;19;;;11074.0;0.0
yf_MKC_d7;6600;ASH_COATED_OSMIUM;9944;14;9942;19;;;9952;12;9955;17;;;9948.0;0.0
yf_MKC_d7;6600;INTARIAN_PEPPER_ROOT;11075;16;11073;25;;;11081;7;11085;16;;;11078.0;0.0
yf_MKC_d7;6700;ASH_COATED_OSMIUM;9938;9;9935;16;;;9960;16;9963;16;;;9949.0;0.0
yf_MKC_d7;6700;INTARIAN_PEPPER_ROOT;11075;15;11072;16;;;11089;16;11093;16;;;11082.0;0.0
yf_MKC_d7;6800;ASH_COATED_OSMIUM;9945;16;9942;19;;;9952;16;9954;13;;;9948.5;0.0
yf_MKC_d7;6800;INTARIAN_PEPPER_ROOT;11083;10;11079;18;;;11089;11;11091;18;;;11086.0;0.0
yf_MKC_d7;6900;ASH_COATED_OSMIUM;9941;19;9938;17;;;9956;19;9958;31;;;9948.5;0.0
yf_MKC_d7;6900;INTARIAN_PEPPER_ROOT;11087;15;11084;20;;;11093;7;11096;16;;;11090.0;0.0
yf_MKC_d7;7000;ASH_COATED_OSMIUM;9935;7;9933;21;;;9962;19;9964;26;;;9948.5;0.0
yf_MKC_d7;7000;INTARIAN_PEPPER_ROOT;11091;20;11089;16;;;11097;23;11100;24;;;11094.0;0.0
yf_MKC_d7;7100;ASH_COATED_OSMIUM;9946;7;9942;13;;;9952;15;9954;19;;;9949.0;0.0
yf_MKC_d7;7100;INTARIAN_PEPPER_ROOT;11094;19;11092;26;;;11100;12;11102;24;;;11097.0;0.0
yf_MKC_d7;7200;ASH_COATED_OSMIUM;9946;19;9944;17;;;9952;17;9955;25;;;9949.0;0.0
yf_MKC_d7;7200;INTARIAN_PEPPER_ROOT;11085;18;11081;21;;;11119;15;11123;14;;;11102.0;0.0
yf_MKC_d7;7300;ASH_COATED_OSMIUM;9946;19;9943;20;;;9952;11;9955;21;;;9949.0;0.0
yf_MKC_d7;7300;INTARIAN_PEPPER_ROOT;11103;11;11100;14;;;11109;9;11112;17;;;11106.0;0.0
yf_MKC_d7;7400;ASH_COATED_OSMIUM;9946;12;9944;23;;;9952;18;9956;26;;;9949.0;0.0
yf_MKC_d7;7400;INTARIAN_PEPPER_ROOT;11107;19;11104;17;;;11113;14;11117;23;;;11110.0;0.0
yf_MKC_d7;7500;ASH_COATED_OSMIUM;9933;17;9931;16;;;9965;18;9968;15;;;9949.0;0.0
yf_MKC_d7;7500;INTARIAN_PEPPER_ROOT;11111;18;11109;26;;;11117;14;11119;15;;;11114.0;0.0
yf_MKC_d7;7600;ASH_COATED_OSMIUM;9942;13;9938;31;;;9957;17;9959;8;;;9949.5;0.0
yf_MKC_d7;7600;INTARIAN_PEPPER_ROOT;11115;16;11112;27;;;11121;15;11125;19;;;11118.0;0.0
yf_MKC_d7;7700;ASH_COATED_OSMIUM;9946;22;9944;20;;;9952;9;9956;17;;;9949.0;0.0
yf_MKC_d7;7700;INTARIAN_PEPPER_ROOT;11119;10;11115;16;;;11125;17;11127;13;;;11122.0;0.0
yf_MKC_d7;7800;ASH_COATED_OSMIUM;9945;13;9943;20;;;9953;16;9956;23;;;9949.0;0.0
yf_MKC_d7;7800;INTARIAN_PEPPER_ROOT;11123;17;11120;15;;;11129;14;11133;27;;;11126.0;0.0
yf_MKC_d7;7900;ASH_COATED_OSMIUM;9944;29;9940;23;;;9953;16;9955;17;;;9948.5;0.0
yf_MKC_d7;7900;INTARIAN_PEPPER_ROOT;11126;15;11124;30;;;11134;24;11137;19;;;11130.0;0.0
yf_MKC_d7;8000;ASH_COATED_OSMIUM;9935;16;9931;18;;;9962;14;9966;21;;;9948.5;0.0
yf_MKC_d7;8000;INTARIAN_PEPPER_ROOT;11132;16;11130;22;;;11138;12;11140;20;;;11135.0;0.0
yf_MKC_d7;8100;ASH_COATED_OSMIUM;9947;14;9945;16;;;9953;12;9955;18;;;9950.0;0.0
yf_MKC_d7;8100;INTARIAN_PEPPER_ROOT;11135;16;11131;15;;;11141;19;11144;21;;;11138.0;0.0
yf_MKC_d7;8200;ASH_COATED_OSMIUM;9938;17;9934;23;;;9960;11;9964;19;;;9949.0;0.0
yf_MKC_d7;8200;INTARIAN_PEPPER_ROOT;11138;13;11135;24;;;11147;15;11150;23;;;11142.5;0.0
yf_MKC_d7;8300;ASH_COATED_OSMIUM;9937;15;9933;15;;;9962;16;9966;27;;;9949.5;0.0
yf_MKC_d7;8300;INTARIAN_PEPPER_ROOT;11143;5;11139;20;;;11149;16;11151;14;;;11146.0;0.0
yf_MKC_d7;8400;ASH_COATED_OSMIUM;9946;5;9944;21;;;9952;19;9956;19;;;9949.0;0.0
yf_MKC_d7;8400;INTARIAN_PEPPER_ROOT;11146;18;11144;15;;;11155;17;11159;23;;;11150.5;0.0
yf_MKC_d7;8500;ASH_COATED_OSMIUM;9946;14;9943;23;;;9952;10;9954;17;;;9949.0;0.0
yf_MKC_d7;8500;INTARIAN_PEPPER_ROOT;11151;15;11148;21;;;11157;9;11161;18;;;11154.0;0.0
yf_MKC_d7;8600;ASH_COATED_OSMIUM;9947;14;9944;24;;;9953;9;9955;24;;;9950.0;0.0
yf_MKC_d7;8600;INTARIAN_PEPPER_ROOT;11153;14;11149;21;;;11162;10;11166;16;;;11157.5;0.0
yf_MKC_d7;8700;ASH_COATED_OSMIUM;9946;14;9944;24;;;9952;5;9956;18;;;9949.0;0.0
yf_MKC_d7;8700;INTARIAN_PEPPER_ROOT;11156;10;11154;26;;;11167;17;11170;21;;;11161.5;0.0
yf_MKC_d7;8800;ASH_COATED_OSMIUM;9946;15;9942;27;;;9952;23;9955;23;;;9949.0;0.0
yf_MKC_d7;8800;INTARIAN_PEPPER_ROOT;11156;28;11153;17;;;11177;10;11181;17;;;11166.5;0.0
yf_MKC_d7;8900;ASH_COATED_OSMIUM;9946;20;9943;19;;;9952;13;9956;15;;;9949.0;0.0
yf_MKC_d7;8900;INTARIAN_PEPPER_ROOT;11167;20;11165;14;;;11174;8;11176;34;;;11170.5;0.0
yf_MKC_d7;9000;ASH_COATED_OSMIUM;9946;19;9943;20;;;9952;11;9956;20;;;9949.0;0.0
yf_MKC_d7;9000;INTARIAN_PEPPER_ROOT;11168;19;11166;16;;;11180;10;11182;23;;;11174.0;0.0
yf_MKC_d7;9100;ASH_COATED_OSMIUM;9945;9;9941;18;;;9954;10;9958;19;;;9949.5;0.0
yf_MKC_d7;9100;INTARIAN_PEPPER_ROOT;11175;8;11171;20;;;11181;22;11185;16;;;11178.0;0.0
yf_MKC_d7;9200;ASH_COATED_OSMIUM;9946;17;9942;27;;;9953;19;9957;24;;;9949.5;0.0
yf_MKC_d7;9200;INTARIAN_PEPPER_ROOT;11179;15;11177;26;;;11185;19;11189;18;;;11182.0;0.0
yf_MKC_d7;9300;ASH_COATED_OSMIUM;9946;13;9943;20;;;9952;18;9955;24;;;9949.0;0.0
yf_MKC_d7;9300;INTARIAN_PEPPER_ROOT;11183;11;11181;17;;;11189;10;11193;26;;;11186.0;0.0
yf_MKC_d7;9400;ASH_COATED_OSMIUM;9946;16;9943;23;;;9954;24;9958;27;;;9950.0;0.0
yf_MKC_d7;9400;INTARIAN_PEPPER_ROOT;11187;22;11183;24;;;11193;12;11197;23;;;11190.0;0.0
yf_MKC_d7;9500;ASH_COATED_OSMIUM;9947;6;9944;25;;;9953;11;9957;24;;;9950.0;0.0
yf_MKC_d7;9500;INTARIAN_PEPPER_ROOT;11191;24;11187;20;;;11198;14;11200;33;;;11194.5;0.0
yf_MKC_d7;9600;ASH_COATED_OSMIUM;9943;16;9940;13;;;9956;12;9959;13;;;9949.5;0.0
yf_MKC_d7;9600;INTARIAN_PEPPER_ROOT;11192;22;11188;25;;;11205;7;11208;20;;;11198.5;0.0
yf_MKC_d7;9700;ASH_COATED_OSMIUM;9947;11;9943;19;;;9953;13;9957;16;;;9950.0;0.0
yf_MKC_d7;9700;INTARIAN_PEPPER_ROOT;11199;12;11195;18;;;11205;18;11209;22;;;11202.0;0.0
yf_MKC_d7;9800;ASH_COATED_OSMIUM;9944;9;9941;18;;;9956;17;9958;20;;;9950.0;0.0
yf_MKC_d7;9800;INTARIAN_PEPPER_ROOT;11203;10;11199;25;;;11209;16;11213;10;;;11206.0;0.0
yf_MKC_d7;9900;ASH_COATED_OSMIUM;9947;22;9944;19;;;9953;6;9957;16;;;9950.0;0.0
yf_MKC_d7;9900;INTARIAN_PEPPER_ROOT;11201;12;11199;23;;;11220;14;11224;15;;;11210.5;0.0
yf_MKC_d7;10000;ASH_COATED_OSMIUM;9947;14;9943;14;;;9953;6;9957;20;;;9950.0;0.0
yf_MKC_d7;10000;INTARIAN_PEPPER_ROOT;11209;22;11206;23;;;11220;10;11222;20;;;11214.5;0.0
yf_MKC_d7;10100;ASH_COATED_OSMIUM;9948;20;9946;23;;;9954;5;9956;9;;;9951.0;0.0
yf_MKC_d7;10100;INTARIAN_PEPPER_ROOT;11213;13;11211;14;;;11224;16;11228;16;;;11218.5;0.0
yf_MKC_d7;10200;ASH_COATED_OSMIUM;9946;21;9943;18;;;9956;27;9959;22;;;9951.0;0.0
yf_MKC_d7;10200;INTARIAN_PEPPER_ROOT;11219;24;11215;29;;;11225;13;11227;21;;;11222.0;0.0
yf_MKC_d7;10300;ASH_COATED_OSMIUM;9948;15;9944;12;;;9954;9;9956;25;;;9951.0;0.0
yf_MKC_d7;10300;INTARIAN_PEPPER_ROOT;11215;13;11213;21;;;11237;12;11239;11;;;11226.0;0.0
yf_MKC_d7;10400;ASH_COATED_OSMIUM;9936;15;9932;14;;;9964;16;9967;25;;;9950.0;0.0
yf_MKC_d7;10400;INTARIAN_PEPPER_ROOT;11228;9;11224;18;;;11234;18;11237;16;;;11231.0;0.0
yf_MKC_d7;10500;ASH_COATED_OSMIUM;9944;7;9941;17;;;9956;18;9958;23;;;9950.0;0.0
yf_MKC_d7;10500;INTARIAN_PEPPER_ROOT;11223;11;11219;22;;;11245;19;11247;10;;;11234.0;0.0
yf_MKC_d7;10600;ASH_COATED_OSMIUM;9947;17;9945;20;;;9953;19;9956;23;;;9950.0;0.0
yf_MKC_d7;10600;INTARIAN_PEPPER_ROOT;11235;23;11233;20;;;11241;7;11243;20;;;11238.0;0.0
yf_MKC_d7;10700;ASH_COATED_OSMIUM;9948;14;9944;13;;;9954;15;9957;21;;;9951.0;0.0
yf_MKC_d7;10700;INTARIAN_PEPPER_ROOT;11239;14;11235;18;;;11245;12;11249;20;;;11242.0;0.0
yf_MKC_d7;10800;ASH_COATED_OSMIUM;9947;14;9943;13;;;9953;9;9956;24;;;9950.0;0.0
yf_MKC_d7;10800;INTARIAN_PEPPER_ROOT;11243;27;11240;21;;;11249;7;11251;22;;;11246.0;0.0
yf_MKC_d7;10900;ASH_COATED_OSMIUM;9943;8;9940;19;;;9958;10;9962;18;;;9950.5;0.0
yf_MKC_d7;10900;INTARIAN_PEPPER_ROOT;11248;12;11245;21;;;11254;21;11256;17;;;11251.0;0.0
yf_MKC_d7;11000;ASH_COATED_OSMIUM;9948;6;9944;23;;;9954;16;9958;16;;;9951.0;0.0
yf_MKC_d7;11000;INTARIAN_PEPPER_ROOT;11252;11;11249;32;;;11258;16;11262;25;;;11255.0;0.0
yf_MKC_d7;11100;ASH_COATED_OSMIUM;9947;13;9945;20;;;9953;20;9957;25;;;9950.0;0.0
yf_MKC_d7;11100;INTARIAN_PEPPER_ROOT;11238;12;11236;24;;;11279;11;11281;17;;;11258.5;0.0
yf_MKC_d7;11200;ASH_COATED_OSMIUM;9948;7;9945;15;;;9954;20;9956;14;;;9951.0;0.0
yf_MKC_d7;11200;INTARIAN_PEPPER_ROOT;11260;13;11257;26;;;11266;12;11269;18;;;11263.0;0.0
yf_MKC_d7;11300;ASH_COATED_OSMIUM;9944;15;9941;27;;;9957;18;9960;21;;;9950.5;0.0
yf_MKC_d7;11300;INTARIAN_PEPPER_ROOT;11264;20;11260;14;;;11270;30;11273;21;;;11267.0;0.0
yf_MKC_d7;11400;ASH_COATED_OSMIUM;9947;19;9945;19;;;9953;21;9957;19;;;9950.0;0.0
yf_MKC_d7;11400;INTARIAN_PEPPER_ROOT;11267;22;11263;26;;;11275;16;11278;19;;;11271.0;0.0
yf_MKC_d7;11500;ASH_COATED_OSMIUM;9948;25;9944;11;;;9954;10;9956;23;;;9951.0;0.0
yf_MKC_d7;11500;INTARIAN_PEPPER_ROOT;11268;11;11265;22;;;11281;7;11283;22;;;11274.5;0.0
yf_MKC_d7;11600;ASH_COATED_OSMIUM;9945;17;9943;20;;;9958;12;9960;26;;;9951.5;0.0
yf_MKC_d7;11600;INTARIAN_PEPPER_ROOT;11276;6;11273;18;;;11282;18;11286;27;;;11279.0;0.0
yf_MKC_d7;11700;ASH_COATED_OSMIUM;9948;7;9945;31;;;9954;18;9957;20;;;9951.0;0.0
yf_MKC_d7;11700;INTARIAN_PEPPER_ROOT;11280;14;11276;18;;;11286;19;11288;22;;;11283.0;0.0
yf_MKC_d7;11800;ASH_COATED_OSMIUM;9948;28;9946;19;;;9954;14;9957;20;;;9951.0;0.0
yf_MKC_d7;11800;INTARIAN_PEPPER_ROOT;11282;14;11279;21;;;11292;17;11295;19;;;11287.0;0.0
yf_MKC_d7;11900;ASH_COATED_OSMIUM;9949;15;9945;16;;;9955;8;9957;21;;;9952.0;0.0
yf_MKC_d7;11900;INTARIAN_PEPPER_ROOT;11288;18;11284;14;;;11295;21;11298;8;;;11291.5;0.0
yf_MKC_d7;12000;ASH_COATED_OSMIUM;9948;14;9944;18;;;9954;8;9957;21;;;9951.0;0.0
yf_MKC_d7;12000;INTARIAN_PEPPER_ROOT;11291;21;11289;22;;;11299;12;11303;13;;;11295.0;0.0
yf_MKC_d7;12100;ASH_COATED_OSMIUM;9945;14;9942;22;;;9957;16;9961;23;;;9951.0;0.0
yf_MKC_d7;12100;INTARIAN_PEPPER_ROOT;11292;15;11289;12;;;11306;12;11309;24;;;11299.0;0.0
yf_MKC_d7;12200;ASH_COATED_OSMIUM;9946;18;9942;18;;;9958;18;9960;25;;;9952.0;0.0
yf_MKC_d7;12200;INTARIAN_PEPPER_ROOT;11299;12;11296;14;;;11306;19;11310;18;;;11302.5;0.0
yf_MKC_d7;12300;ASH_COATED_OSMIUM;9943;5;9941;23;;;9960;8;9962;20;;;9951.5;0.0
yf_MKC_d7;12300;INTARIAN_PEPPER_ROOT;11303;21;11301;21;;;11310;17;11313;26;;;11306.5;0.0
yf_MKC_d7;12400;ASH_COATED_OSMIUM;9948;16;9945;20;;;9954;9;9957;27;;;9951.0;0.0
yf_MKC_d7;12400;INTARIAN_PEPPER_ROOT;11303;24;11301;17;;;11319;19;11322;26;;;11311.0;0.0
yf_MKC_d7;12500;ASH_COATED_OSMIUM;9948;14;9945;12;;;9954;16;9956;20;;;9951.0;0.0
yf_MKC_d7;12500;INTARIAN_PEPPER_ROOT;11312;7;11309;28;;;11318;11;11321;34;;;11315.0;0.0
yf_MKC_d7;12600;ASH_COATED_OSMIUM;9944;5;9941;24;;;9960;16;9963;24;;;9952.0;0.0
yf_MKC_d7;12600;INTARIAN_PEPPER_ROOT;11316;9;11312;18;;;11322;13;11325;13;;;11319.0;0.0
yf_MKC_d7;12700;ASH_COATED_OSMIUM;9948;19;9946;17;;;9956;20;9960;31;;;9952.0;0.0
yf_MKC_d7;12700;INTARIAN_PEPPER_ROOT;11319;15;11317;17;;;11326;15;11329;20;;;11322.5;0.0
yf_MKC_d7;12800;ASH_COATED_OSMIUM;9948;15;9944;27;;;9954;11;9958;17;;;9951.0;0.0
yf_MKC_d7;12800;INTARIAN_PEPPER_ROOT;11324;19;11320;20;;;11330;18;11333;27;;;11327.0;0.0
yf_MKC_d7;12900;ASH_COATED_OSMIUM;9945;5;9941;19;;;9959;19;9963;20;;;9952.0;0.0
yf_MKC_d7;12900;INTARIAN_PEPPER_ROOT;11327;16;11324;17;;;11335;6;11338;25;;;11331.0;0.0
yf_MKC_d7;13000;ASH_COATED_OSMIUM;9946;17;9944;14;;;9956;22;9959;14;;;9951.0;0.0
yf_MKC_d7;13000;INTARIAN_PEPPER_ROOT;11309;24;11306;11;;;11361;17;11365;22;;;11335.0;0.0
yf_MKC_d7;13100;ASH_COATED_OSMIUM;9949;5;9946;21;;;9955;24;9957;26;;;9952.0;0.0
yf_MKC_d7;13100;INTARIAN_PEPPER_ROOT;11336;12;11332;14;;;11342;5;11344;18;;;11339.0;0.0
yf_MKC_d7;13200;ASH_COATED_OSMIUM;9947;16;9944;27;;;9955;19;9957;18;;;9951.0;0.0
yf_MKC_d7;13200;INTARIAN_PEPPER_ROOT;11335;18;11332;14;;;11352;11;11355;20;;;11343.5;0.0
yf_MKC_d7;13300;ASH_COATED_OSMIUM;9945;24;9942;25;;;9958;19;9960;23;;;9951.5;0.0
yf_MKC_d7;13300;INTARIAN_PEPPER_ROOT;11340;20;11337;24;;;11353;19;11355;21;;;11346.5;0.0
yf_MKC_d7;13400;ASH_COATED_OSMIUM;9940;12;9937;23;;;9964;14;9968;22;;;9952.0;0.0
yf_MKC_d7;13400;INTARIAN_PEPPER_ROOT;11348;19;11346;24;;;11354;19;11356;27;;;11351.0;0.0
yf_MKC_d7;13500;ASH_COATED_OSMIUM;9947;11;9944;15;;;9957;21;9959;24;;;9952.0;0.0
yf_MKC_d7;13500;INTARIAN_PEPPER_ROOT;11352;21;11350;14;;;11358;6;11361;21;;;11355.0;0.0
yf_MKC_d7;13600;ASH_COATED_OSMIUM;9949;18;9945;26;;;9955;11;9957;15;;;9952.0;0.0
yf_MKC_d7;13600;INTARIAN_PEPPER_ROOT;11356;19;11354;22;;;11362;10;11364;12;;;11359.0;0.0
yf_MKC_d7;13700;ASH_COATED_OSMIUM;9949;14;9946;10;;;9955;10;9958;21;;;9952.0;0.0
yf_MKC_d7;13700;INTARIAN_PEPPER_ROOT;11360;13;11357;13;;;11366;5;11368;18;;;11363.0;0.0
yf_MKC_d7;13800;ASH_COATED_OSMIUM;9947;8;9944;31;;;9957;17;9960;27;;;9952.0;0.0
yf_MKC_d7;13800;INTARIAN_PEPPER_ROOT;11359;15;11356;16;;;11375;14;11379;17;;;11367.0;0.0
yf_MKC_d7;13900;ASH_COATED_OSMIUM;9949;13;9946;16;;;9955;15;9957;18;;;9952.0;0.0
yf_MKC_d7;13900;INTARIAN_PEPPER_ROOT;11368;8;11364;25;;;11374;18;11377;13;;;11371.0;0.0
yf_MKC_d7;14000;ASH_COATED_OSMIUM;9949;22;9946;18;;;9955;11;9957;23;;;9952.0;0.0
yf_MKC_d7;14000;INTARIAN_PEPPER_ROOT;11372;18;11368;8;;;11378;18;11381;21;;;11375.0;0.0
yf_MKC_d7;14100;ASH_COATED_OSMIUM;9949;14;9946;12;;;9955;23;9959;18;;;9952.0;0.0
yf_MKC_d7;14100;INTARIAN_PEPPER_ROOT;11373;16;11370;18;;;11384;10;11388;14;;;11378.5;0.0
yf_MKC_d7;14200;ASH_COATED_OSMIUM;9948;11;9946;27;;;9956;17;9958;14;;;9952.0;0.0
yf_MKC_d7;14200;INTARIAN_PEPPER_ROOT;11377;17;11375;20;;;11388;7;11390;24;;;11382.5;0.0
yf_MKC_d7;14300;ASH_COATED_OSMIUM;9949;17;9946;23;;;9956;14;9960;16;;;9952.5;0.0
yf_MKC_d7;14300;INTARIAN_PEPPER_ROOT;11384;19;11380;19;;;11390;11;11393;12;;;11387.0;0.0
yf_MKC_d7;14400;ASH_COATED_OSMIUM;9948;17;9945;20;;;9957;19;9961;15;;;9952.5;0.0
yf_MKC_d7;14400;INTARIAN_PEPPER_ROOT;11386;11;11384;23;;;11397;12;11400;22;;;11391.5;0.0
yf_MKC_d7;14500;ASH_COATED_OSMIUM;9948;16;9944;14;;;9957;18;9959;26;;;9952.5;0.0
yf_MKC_d7;14500;INTARIAN_PEPPER_ROOT;11390;7;11386;19;;;11400;17;11402;20;;;11395.0;0.0
yf_MKC_d7;14600;ASH_COATED_OSMIUM;9950;20;9948;12;;;9956;16;9959;19;;;9953.0;0.0
yf_MKC_d7;14600;INTARIAN_PEPPER_ROOT;11396;6;11393;16;;;11402;13;11406;21;;;11399.0;0.0
yf_MKC_d7;14700;ASH_COATED_OSMIUM;9948;10;9944;18;;;9957;13;9960;14;;;9952.5;0.0
yf_MKC_d7;14700;INTARIAN_PEPPER_ROOT;11400;24;11398;18;;;11407;6;11409;21;;;11403.5;0.0
yf_MKC_d7;14800;ASH_COATED_OSMIUM;9941;15;9938;10;;;9964;14;9967;28;;;9952.5;0.0
yf_MKC_d7;14800;INTARIAN_PEPPER_ROOT;11397;17;11394;21;;;11418;11;11420;11;;;11407.5;0.0
yf_MKC_d7;14900;ASH_COATED_OSMIUM;9950;12;9947;20;;;9956;12;9960;28;;;9953.0;0.0
yf_MKC_d7;14900;INTARIAN_PEPPER_ROOT;11408;15;11404;17;;;11414;13;11416;17;;;11411.0;0.0
yf_MKC_d7;15000;ASH_COATED_OSMIUM;9950;13;9947;21;;;9956;10;9959;10;;;9953.0;0.0
yf_MKC_d7;15000;INTARIAN_PEPPER_ROOT;11410;23;11406;21;;;11421;14;11423;17;;;11415.5;0.0
yf_MKC_d7;15100;ASH_COATED_OSMIUM;9950;25;9946;23;;;9956;22;9959;15;;;9953.0;0.0
yf_MKC_d7;15100;INTARIAN_PEPPER_ROOT;11416;13;11414;14;;;11422;11;11424;24;;;11419.0;0.0
yf_MKC_d7;15200;ASH_COATED_OSMIUM;9950;13;9947;22;;;9956;19;9960;17;;;9953.0;0.0
yf_MKC_d7;15200;INTARIAN_PEPPER_ROOT;11403;6;11399;23;;;11443;15;11447;27;;;11423.0;0.0
yf_MKC_d7;15300;ASH_COATED_OSMIUM;9944;8;9941;15;;;9962;23;9964;31;;;9953.0;0.0
yf_MKC_d7;15300;INTARIAN_PEPPER_ROOT;11418;12;11414;19;;;11436;14;11440;25;;;11427.0;0.0
yf_MKC_d7;15400;ASH_COATED_OSMIUM;9950;17;9946;21;;;9956;17;9959;19;;;9953.0;0.0
yf_MKC_d7;15400;INTARIAN_PEPPER_ROOT;11426;16;11422;15;;;11436;6;11438;19;;;11431.0;0.0
yf_MKC_d7;15500;ASH_COATED_OSMIUM;9950;17;9946;18;;;9956;9;9960;11;;;9953.0;0.0
yf_MKC_d7;15500;INTARIAN_PEPPER_ROOT;11432;20;11430;26;;;11438;17;11440;20;;;11435.0;0.0
yf_MKC_d7;15600;ASH_COATED_OSMIUM;9950;23;9947;15;;;9956;10;9958;17;;;9953.0;0.0
yf_MKC_d7;15600;INTARIAN_PEPPER_ROOT;11436;13;11434;26;;;11442;18;11446;13;;;11439.0;0.0
yf_MKC_d7;15700;ASH_COATED_OSMIUM;9950;12;9948;15;;;9956;10;9960;19;;;9953.0;0.0
yf_MKC_d7;15700;INTARIAN_PEPPER_ROOT;11435;15;11431;19;;;11451;19;11455;23;;;11443.0;0.0
yf_MKC_d7;15800;ASH_COATED_OSMIUM;9950;17;9946;23;;;9956;9;9958;16;;;9953.0;0.0
yf_MKC_d7;15800;INTARIAN_PEPPER_ROOT;11444;14;11440;30;;;11450;17;11453;22;;;11447.0;0.0
yf_MKC_d7;15900;ASH_COATED_OSMIUM;9950;15;9946;16;;;9956;15;9960;16;;;9953.0;0.0
yf_MKC_d7;15900;INTARIAN_PEPPER_ROOT;11448;22;11444;18;;;11454;15;11456;13;;;11451.0;0.0
yf_MKC_d7;16000;ASH_COATED_OSMIUM;9951;14;9949;21;;;9957;5;9961;20;;;9954.0;0.0
yf_MKC_d7;16000;INTARIAN_PEPPER_ROOT;11450;13;11447;19;;;11460;20;11462;21;;;11455.0;0.0
yf_MKC_d7;16100;ASH_COATED_OSMIUM;9950;20;9946;20;;;9956;13;9958;15;;;9953.0;0.0
yf_MKC_d7;16100;INTARIAN_PEPPER_ROOT;11456;19;11452;17;;;11462;20;11466;25;;;11459.0;0.0
yf_MKC_d7;16200;ASH_COATED_OSMIUM;9951;7;9949;22;;;9957;15;9961;18;;;9954.0;0.0
yf_MKC_d7;16200;INTARIAN_PEPPER_ROOT;11460;15;11458;26;;;11466;15;11468;13;;;11463.0;0.0
yf_MKC_d7;16300;ASH_COATED_OSMIUM;9951;13;9948;15;;;9957;15;9959;18;;;9954.0;0.0
yf_MKC_d7;16300;INTARIAN_PEPPER_ROOT;11463;8;11460;13;;;11470;10;11474;28;;;11466.5;0.0
yf_MKC_d7;16400;ASH_COATED_OSMIUM;9939;12;9935;18;;;9967;19;9970;16;;;9953.0;0.0
yf_MKC_d7;16400;INTARIAN_PEPPER_ROOT;11468;11;11464;19;;;11474;24;11478;21;;;11471.0;0.0
yf_MKC_d7;16500;ASH_COATED_OSMIUM;9951;17;9947;28;;;9957;21;9961;21;;;9954.0;0.0
yf_MKC_d7;16500;INTARIAN_PEPPER_ROOT;11468;22;11465;25;;;11484;15;11488;11;;;11476.0;0.0
yf_MKC_d7;16600;ASH_COATED_OSMIUM;9951;5;9949;11;;;9957;14;9960;20;;;9954.0;0.0
yf_MKC_d7;16600;INTARIAN_PEPPER_ROOT;11476;14;11473;20;;;11482;11;11484;14;;;11479.0;0.0
yf_MKC_d7;16700;ASH_COATED_OSMIUM;9949;16;9946;9;;;9959;18;9961;14;;;9954.0;0.0
yf_MKC_d7;16700;INTARIAN_PEPPER_ROOT;11480;20;11478;20;;;11486;12;11489;17;;;11483.0;0.0
yf_MKC_d7;16800;ASH_COATED_OSMIUM;9951;17;9948;13;;;9958;20;9962;17;;;9954.5;0.0
yf_MKC_d7;16800;INTARIAN_PEPPER_ROOT;11485;19;11481;8;;;11491;21;11495;19;;;11488.0;0.0
yf_MKC_d7;16900;ASH_COATED_OSMIUM;9945;15;9941;23;;;9962;13;9966;19;;;9953.5;0.0
yf_MKC_d7;16900;INTARIAN_PEPPER_ROOT;11481;11;11478;23;;;11500;10;11504;22;;;11490.5;0.0
yf_MKC_d7;17000;ASH_COATED_OSMIUM;9951;18;9947;8;;;9957;9;9960;17;;;9954.0;0.0
yf_MKC_d7;17000;INTARIAN_PEPPER_ROOT;11491;12;11487;25;;;11497;16;11499;23;;;11494.0;0.0
yf_MKC_d7;17100;ASH_COATED_OSMIUM;9951;11;9949;19;;;9957;12;9961;27;;;9954.0;0.0
yf_MKC_d7;17100;INTARIAN_PEPPER_ROOT;11492;24;11488;15;;;11498;16;11500;24;;;11495.0;0.0
yf_MKC_d7;17200;ASH_COATED_OSMIUM;9946;18;9942;19;;;9962;16;9964;23;;;9954.0;0.0
yf_MKC_d7;17200;INTARIAN_PEPPER_ROOT;11491;6;11488;20;;;11499;12;11502;21;;;11495.0;0.0
yf_MKC_d7;17300;ASH_COATED_OSMIUM;9951;21;9948;23;;;9957;19;9960;10;;;9954.0;0.0
yf_MKC_d7;17300;INTARIAN_PEPPER_ROOT;11493;13;11491;23;;;11499;7;11503;21;;;11496.0;0.0
yf_MKC_d7;17400;ASH_COATED_OSMIUM;9951;22;9947;18;;;9957;16;9959;19;;;9954.0;0.0
yf_MKC_d7;17400;INTARIAN_PEPPER_ROOT;11492;20;11488;11;;;11501;19;11504;21;;;11496.5;0.0
yf_MKC_d7;17500;ASH_COATED_OSMIUM;9951;14;9947;11;;;9957;14;9961;23;;;9954.0;0.0
yf_MKC_d7;17500;INTARIAN_PEPPER_ROOT;11495;11;11493;18;;;11501;16;11504;20;;;11498.0;0.0
yf_MKC_d7;17600;ASH_COATED_OSMIUM;9951;16;9949;16;;;9957;7;9960;18;;;9954.0;0.0
yf_MKC_d7;17600;INTARIAN_PEPPER_ROOT;11496;18;11494;13;;;11502;10;11505;22;;;11499.0;0.0
yf_MKC_d7;17700;ASH_COATED_OSMIUM;9950;5;9948;10;;;9958;18;9962;17;;;9954.0;0.0
yf_MKC_d7;17700;INTARIAN_PEPPER_ROOT;11496;8;11492;23;;;11502;22;11506;24;;;11499.0;0.0
yf_MKC_d7;17800;ASH_COATED_OSMIUM;9951;17;9948;17;;;9957;16;9960;14;;;9954.0;0.0
yf_MKC_d7;17800;INTARIAN_PEPPER_ROOT;11497;17;11495;18;;;11503;14;11506;12;;;11500.0;0.0
yf_MKC_d7;17900;ASH_COATED_OSMIUM;9951;7;9947;28;;;9957;14;9959;16;;;9954.0;0.0
yf_MKC_d7;17900;INTARIAN_PEPPER_ROOT;11498;12;11496;26;;;11504;9;11507;10;;;11501.0;0.0
yf_MKC_d7;18000;ASH_COATED_OSMIUM;9951;16;9948;24;;;9957;17;9959;21;;;9954.0;0.0
yf_MKC_d7;18000;INTARIAN_PEPPER_ROOT;11498;15;11494;18;;;11506;23;11510;25;;;11502.0;0.0
yf_MKC_d7;18100;ASH_COATED_OSMIUM;9951;9;9949;21;;;9957;23;9960;18;;;9954.0;0.0
yf_MKC_d7;18100;INTARIAN_PEPPER_ROOT;11500;12;11498;21;;;11506;10;11508;14;;;11503.0;0.0
yf_MKC_d7;18200;ASH_COATED_OSMIUM;9947;12;9943;16;;;9962;11;9964;14;;;9954.5;0.0
yf_MKC_d7;18200;INTARIAN_PEPPER_ROOT;11501;6;11497;14;;;11507;20;11509;27;;;11504.0;0.0
yf_MKC_d7;18300;ASH_COATED_OSMIUM;9950;23;9947;19;;;9958;5;9961;27;;;9954.0;0.0
yf_MKC_d7;18300;INTARIAN_PEPPER_ROOT;11501;22;11497;22;;;11507;13;11510;11;;;11504.0;0.0
yf_MKC_d7;18400;ASH_COATED_OSMIUM;9951;20;9947;25;;;9957;15;9961;14;;;9954.0;0.0
yf_MKC_d7;18400;INTARIAN_PEPPER_ROOT;11502;15;11500;11;;;11508;10;11512;24;;;11505.0;0.0
yf_MKC_d7;18500;ASH_COATED_OSMIUM;9950;8;9946;25;;;9959;14;9962;22;;;9954.5;0.0
yf_MKC_d7;18500;INTARIAN_PEPPER_ROOT;11503;16;11501;28;;;11509;18;11513;16;;;11506.0;0.0
yf_MKC_d7;18600;ASH_COATED_OSMIUM;9951;7;9948;21;;;9957;17;9959;23;;;9954.0;0.0
yf_MKC_d7;18600;INTARIAN_PEPPER_ROOT;11496;13;11492;14;;;11516;8;11519;14;;;11506.0;0.0
yf_MKC_d7;18700;ASH_COATED_OSMIUM;9951;19;9947;17;;;9957;15;9961;10;;;9954.0;0.0
yf_MKC_d7;18700;INTARIAN_PEPPER_ROOT;11504;17;11500;25;;;11510;21;11512;15;;;11507.0;0.0
yf_MKC_d7;18800;ASH_COATED_OSMIUM;9951;17;9949;25;;;9957;16;9959;21;;;9954.0;0.0
yf_MKC_d7;18800;INTARIAN_PEPPER_ROOT;11493;8;11490;19;;;11524;16;11528;13;;;11508.5;0.0
yf_MKC_d7;18900;ASH_COATED_OSMIUM;9951;24;9948;19;;;9957;12;9959;17;;;9954.0;0.0
yf_MKC_d7;18900;INTARIAN_PEPPER_ROOT;11502;6;11500;10;;;11515;19;11517;16;;;11508.5;0.0
yf_MKC_d7;19000;ASH_COATED_OSMIUM;9950;18;9948;13;;;9958;17;9961;18;;;9954.0;0.0
yf_MKC_d7;19000;INTARIAN_PEPPER_ROOT;11503;12;11499;20;;;11516;6;11520;11;;;11509.5;0.0
yf_MKC_d7;19100;ASH_COATED_OSMIUM;9951;21;9947;21;;;9957;13;9959;20;;;9954.0;0.0
yf_MKC_d7;19100;INTARIAN_PEPPER_ROOT;11503;17;11500;13;;;11518;5;11521;25;;;11510.5;0.0
yf_MKC_d7;19200;ASH_COATED_OSMIUM;9950;9;9946;34;;;9959;5;9962;22;;;9954.5;0.0
yf_MKC_d7;19200;INTARIAN_PEPPER_ROOT;11508;11;11505;10;;;11514;9;11517;16;;;11511.0;0.0
yf_MKC_d7;19300;ASH_COATED_OSMIUM;9951;13;9949;13;;;9957;9;9960;19;;;9954.0;0.0
yf_MKC_d7;19300;INTARIAN_PEPPER_ROOT;11502;13;11498;24;;;11522;15;11524;23;;;11512.0;0.0
yf_MKC_d7;19400;ASH_COATED_OSMIUM;9951;21;9947;19;;;9957;16;9960;9;;;9954.0;0.0
yf_MKC_d7;19400;INTARIAN_PEPPER_ROOT;11507;12;11504;20;;;11519;6;11522;17;;;11513.0;0.0
yf_MKC_d7;19500;ASH_COATED_OSMIUM;9952;13;9949;11;;;9958;8;9962;22;;;9955.0;0.0
yf_MKC_d7;19500;INTARIAN_PEPPER_ROOT;11510;23;11506;17;;;11516;20;11518;23;;;11513.0;0.0
yf_MKC_d7;19600;ASH_COATED_OSMIUM;9952;19;9949;15;;;9958;17;9961;25;;;9955.0;0.0
yf_MKC_d7;19600;INTARIAN_PEPPER_ROOT;11512;8;11510;23;;;11518;14;11521;13;;;11515.0;0.0
yf_MKC_d7;19700;ASH_COATED_OSMIUM;9951;20;9948;15;;;9959;15;9962;13;;;9955.0;0.0
yf_MKC_d7;19700;INTARIAN_PEPPER_ROOT;11512;14;11509;10;;;11518;15;11521;22;;;11515.0;0.0
yf_MKC_d7;19800;ASH_COATED_OSMIUM;9950;14;9947;19;;;9959;16;9962;9;;;9954.5;0.0
yf_MKC_d7;19800;INTARIAN_PEPPER_ROOT;11513;24;11509;16;;;11519;20;11522;20;;;11516.0;0.0
yf_MKC_d7;19900;ASH_COATED_OSMIUM;9940;19;9938;20;;;9969;15;9972;24;;;9954.5;0.0
yf_MKC_d7;19900;INTARIAN_PEPPER_ROOT;11514;14;11512;20;;;11520;17;11524;20;;;11517.0;0.0
yf_MKC_d7;20000;ASH_COATED_OSMIUM;9951;17;9949;24;;;9957;11;9959;24;;;9954.0;0.0
yf_MKC_d7;20000;INTARIAN_PEPPER_ROOT;11514;13;11510;21;;;11521;11;11525;20;;;11517.5;0.0
yf_MKC_d7;20100;ASH_COATED_OSMIUM;9951;5;9949;25;;;9958;14;9962;18;;;9954.5;0.0
yf_MKC_d7;20100;INTARIAN_PEPPER_ROOT;11516;17;11512;19;;;11522;20;11525;25;;;11519.0;0.0
yf_MKC_d7;20200;ASH_COATED_OSMIUM;9952;17;9949;21;;;9958;12;9961;18;;;9955.0;0.0
yf_MKC_d7;20200;INTARIAN_PEPPER_ROOT;11516;14;11513;26;;;11524;19;11526;16;;;11520.0;0.0
yf_MKC_d7;20300;ASH_COATED_OSMIUM;9946;13;9942;23;;;9964;14;9967;22;;;9955.0;0.0
yf_MKC_d7;20300;INTARIAN_PEPPER_ROOT;11518;5;11514;27;;;11524;9;11528;21;;;11521.0;0.0
yf_MKC_d7;20400;ASH_COATED_OSMIUM;9952;13;9948;15;;;9958;15;9961;23;;;9955.0;0.0
yf_MKC_d7;20400;INTARIAN_PEPPER_ROOT;11518;22;11516;22;;;11524;20;11528;27;;;11521.0;0.0
yf_MKC_d7;20500;ASH_COATED_OSMIUM;9950;16;9948;21;;;9960;20;9962;18;;;9955.0;0.0
yf_MKC_d7;20500;INTARIAN_PEPPER_ROOT;11516;13;11513;25;;;11527;16;11531;19;;;11521.5;0.0
yf_MKC_d7;20600;ASH_COATED_OSMIUM;9952;9;9949;18;;;9958;15;9962;27;;;9955.0;0.0
yf_MKC_d7;20600;INTARIAN_PEPPER_ROOT;11519;17;11516;19;;;11527;13;11531;18;;;11523.0;0.0
yf_MKC_d7;20700;ASH_COATED_OSMIUM;9952;14;9950;26;;;9958;17;9960;19;;;9955.0;0.0
yf_MKC_d7;20700;INTARIAN_PEPPER_ROOT;11521;15;11519;15;;;11527;12;11529;22;;;11524.0;0.0
yf_MKC_d7;20800;ASH_COATED_OSMIUM;9948;10;9945;15;;;9962;7;9965;19;;;9955.0;0.0
yf_MKC_d7;20800;INTARIAN_PEPPER_ROOT;11517;14;11515;26;;;11531;19;11534;20;;;11524.0;0.0
yf_MKC_d7;20900;ASH_COATED_OSMIUM;9952;14;9950;20;;;9958;16;9962;20;;;9955.0;0.0
yf_MKC_d7;20900;INTARIAN_PEPPER_ROOT;11522;13;11520;19;;;11528;13;11530;20;;;11525.0;0.0
yf_MKC_d7;21000;ASH_COATED_OSMIUM;9951;12;9949;11;;;9958;11;9961;16;;;9954.5;0.0
yf_MKC_d7;21000;INTARIAN_PEPPER_ROOT;11523;9;11519;13;;;11529;17;11531;8;;;11526.0;0.0
yf_MKC_d7;21100;ASH_COATED_OSMIUM;9952;17;9949;19;;;9958;18;9961;16;;;9955.0;0.0
yf_MKC_d7;21100;INTARIAN_PEPPER_ROOT;11524;16;11521;16;;;11530;5;11533;15;;;11527.0;0.0
yf_MKC_d7;21200;ASH_COATED_OSMIUM;9949;21;9947;14;;;9962;6;9966;11;;;9955.5;0.0
yf_MKC_d7;21200;INTARIAN_PEPPER_ROOT;11525;13;11521;26;;;11531;9;11534;18;;;11528.0;0.0
yf_MKC_d7;21300;ASH_COATED_OSMIUM;9947;11;9945;17;;;9964;11;9966;21;;;9955.5;0.0
yf_MKC_d7;21300;INTARIAN_PEPPER_ROOT;11525;11;11523;20;;;11531;13;11534;26;;;11528.0;0.0
yf_MKC_d7;21400;ASH_COATED_OSMIUM;9952;12;9949;17;;;9958;19;9961;26;;;9955.0;0.0
yf_MKC_d7;21400;INTARIAN_PEPPER_ROOT;11526;8;11522;16;;;11532;10;11536;16;;;11529.0;0.0
yf_MKC_d7;21500;ASH_COATED_OSMIUM;9952;18;9950;25;;;9958;8;9962;20;;;9955.0;0.0
yf_MKC_d7;21500;INTARIAN_PEPPER_ROOT;11527;10;11524;15;;;11533;12;11535;26;;;11530.0;0.0
yf_MKC_d7;21600;ASH_COATED_OSMIUM;9953;13;9949;24;;;9959;23;9961;32;;;9956.0;0.0
yf_MKC_d7;21600;INTARIAN_PEPPER_ROOT;11527;6;11525;17;;;11535;10;11539;17;;;11531.0;0.0
yf_MKC_d7;21700;ASH_COATED_OSMIUM;9948;17;9946;21;;;9962;16;9965;11;;;9955.0;0.0
yf_MKC_d7;21700;INTARIAN_PEPPER_ROOT;11529;13;11526;23;;;11535;11;11538;26;;;11532.0;0.0
yf_MKC_d7;21800;ASH_COATED_OSMIUM;9952;13;9949;16;;;9959;6;9963;12;;;9955.5;0.0
yf_MKC_d7;21800;INTARIAN_PEPPER_ROOT;11529;14;11527;22;;;11535;13;11537;19;;;11532.0;0.0
yf_MKC_d7;21900;ASH_COATED_OSMIUM;9953;19;9949;16;;;9959;7;9962;23;;;9956.0;0.0
yf_MKC_d7;21900;INTARIAN_PEPPER_ROOT;11530;14;11528;15;;;11536;13;11538;20;;;11533.0;0.0
yf_MKC_d7;22000;ASH_COATED_OSMIUM;9953;21;9951;23;;;9959;15;9962;24;;;9956.0;0.0
yf_MKC_d7;22000;INTARIAN_PEPPER_ROOT;11531;21;11528;14;;;11537;23;11541;22;;;11534.0;0.0
yf_MKC_d7;22100;ASH_COATED_OSMIUM;9953;22;9950;11;;;9959;14;9961;21;;;9956.0;0.0
yf_MKC_d7;22100;INTARIAN_PEPPER_ROOT;11532;21;11529;27;;;11538;16;11542;17;;;11535.0;0.0
yf_MKC_d7;22200;ASH_COATED_OSMIUM;9953;14;9950;15;;;9959;12;9962;11;;;9956.0;0.0
yf_MKC_d7;22200;INTARIAN_PEPPER_ROOT;11533;14;11530;16;;;11539;10;11543;11;;;11536.0;0.0
yf_MKC_d7;22300;ASH_COATED_OSMIUM;9953;16;9951;20;;;9959;17;9961;19;;;9956.0;0.0
yf_MKC_d7;22300;INTARIAN_PEPPER_ROOT;11528;8;11524;15;;;11547;17;11551;15;;;11537.5;0.0
yf_MKC_d7;22400;ASH_COATED_OSMIUM;9950;16;9948;19;;;9962;16;9965;21;;;9956.0;0.0
yf_MKC_d7;22400;INTARIAN_PEPPER_ROOT;11534;12;11532;20;;;11540;20;11543;18;;;11537.0;0.0
yf_MKC_d7;22500;ASH_COATED_OSMIUM;9954;19;9950;22;;;9960;7;9964;8;;;9957.0;0.0
yf_MKC_d7;22500;INTARIAN_PEPPER_ROOT;11535;20;11532;17;;;11541;12;11545;23;;;11538.0;0.0
yf_MKC_d7;22600;ASH_COATED_OSMIUM;9952;9;9950;13;;;9958;10;9961;20;;;9955.0;0.0
yf_MKC_d7;22600;INTARIAN_PEPPER_ROOT;11535;7;11532;11;;;11541;7;11543;18;;;11538.0;0.0
yf_MKC_d7;22700;ASH_COATED_OSMIUM;9951;16;9949;17;;;9961;13;9963;20;;;9956.0;0.0
yf_MKC_d7;22700;INTARIAN_PEPPER_ROOT;11535;14;11532;19;;;11543;14;11545;21;;;11539.0;0.0
yf_MKC_d7;22800;ASH_COATED_OSMIUM;9953;22;9950;17;;;9959;11;9963;26;;;9956.0;0.0
yf_MKC_d7;22800;INTARIAN_PEPPER_ROOT;11537;16;11533;20;;;11543;9;11546;23;;;11540.0;0.0
yf_MKC_d7;22900;ASH_COATED_OSMIUM;9953;12;9951;20;;;9959;13;9961;18;;;9956.0;0.0
yf_MKC_d7;22900;INTARIAN_PEPPER_ROOT;11534;12;11531;17;;;11548;18;11550;23;;;11541.0;0.0
yf_MKC_d7;23000;ASH_COATED_OSMIUM;9953;19;9951;23;;;9959;15;9962;15;;;9956.0;0.0
yf_MKC_d7;23000;INTARIAN_PEPPER_ROOT;11538;19;11536;22;;;11544;15;11547;18;;;11541.0;0.0
yf_MKC_d7;23100;ASH_COATED_OSMIUM;9953;8;9951;24;;;9959;13;9961;21;;;9956.0;0.0
yf_MKC_d7;23100;INTARIAN_PEPPER_ROOT;11540;9;11537;20;;;11546;21;11550;17;;;11543.0;0.0
yf_MKC_d7;23200;ASH_COATED_OSMIUM;9953;17;9950;18;;;9959;12;9963;18;;;9956.0;0.0
yf_MKC_d7;23200;INTARIAN_PEPPER_ROOT;11540;24;11538;20;;;11546;16;11550;15;;;11543.0;0.0
yf_MKC_d7;23300;ASH_COATED_OSMIUM;9953;15;9950;22;;;9959;14;9961;16;;;9956.0;0.0
yf_MKC_d7;23300;INTARIAN_PEPPER_ROOT;11540;19;11537;28;;;11548;9;11550;19;;;11544.0;0.0
yf_MKC_d7;23400;ASH_COATED_OSMIUM;9946;5;9942;23;;;9966;10;9969;19;;;9956.0;0.0
yf_MKC_d7;23400;INTARIAN_PEPPER_ROOT;11542;13;11538;18;;;11548;14;11552;21;;;11545.0;0.0
yf_MKC_d7;23500;ASH_COATED_OSMIUM;9949;13;9946;30;;;9964;8;9968;19;;;9956.5;0.0
yf_MKC_d7;23500;INTARIAN_PEPPER_ROOT;11543;6;11539;15;;;11549;11;11551;25;;;11546.0;0.0
yf_MKC_d7;23600;ASH_COATED_OSMIUM;9953;18;9950;22;;;9959;19;9961;16;;;9956.0;0.0
yf_MKC_d7;23600;INTARIAN_PEPPER_ROOT;11543;17;11540;15;;;11550;10;11554;24;;;11546.5;0.0
yf_MKC_d7;23700;ASH_COATED_OSMIUM;9936;14;9932;21;;;9975;18;9978;17;;;9955.5;0.0
yf_MKC_d7;23700;INTARIAN_PEPPER_ROOT;11541;12;11538;18;;;11553;15;11555;26;;;11547.0;0.0
yf_MKC_d7;23800;ASH_COATED_OSMIUM;9949;19;9945;11;;;9964;12;9968;23;;;9956.5;0.0
yf_MKC_d7;23800;INTARIAN_PEPPER_ROOT;11546;10;11543;20;;;11552;12;11554;12;;;11549.0;0.0
yf_MKC_d7;23900;ASH_COATED_OSMIUM;9953;15;9949;26;;;9959;11;9963;15;;;9956.0;0.0
yf_MKC_d7;23900;INTARIAN_PEPPER_ROOT;11546;19;11544;21;;;11552;17;11554;21;;;11549.0;0.0
yf_MKC_d7;24000;ASH_COATED_OSMIUM;9953;14;9950;13;;;9959;15;9963;22;;;9956.0;0.0
yf_MKC_d7;24000;INTARIAN_PEPPER_ROOT;11547;19;11545;21;;;11553;11;11555;23;;;11550.0;0.0
yf_MKC_d7;24100;ASH_COATED_OSMIUM;9942;11;9938;9;;;9971;7;9974;20;;;9956.5;0.0
yf_MKC_d7;24100;INTARIAN_PEPPER_ROOT;11548;16;11544;26;;;11554;10;11556;12;;;11551.0;0.0
yf_MKC_d7;24200;ASH_COATED_OSMIUM;9953;9;9949;21;;;9959;7;9963;11;;;9956.0;0.0
yf_MKC_d7;24200;INTARIAN_PEPPER_ROOT;11549;27;11546;23;;;11555;20;11559;16;;;11552.0;0.0
yf_MKC_d7;24300;ASH_COATED_OSMIUM;9953;14;9950;14;;;9960;16;9962;22;;;9956.5;0.0
yf_MKC_d7;24300;INTARIAN_PEPPER_ROOT;11549;12;11547;18;;;11555;5;11558;14;;;11552.0;0.0
yf_MKC_d7;24400;ASH_COATED_OSMIUM;9950;14;9948;23;;;9963;14;9965;19;;;9956.5;0.0
yf_MKC_d7;24400;INTARIAN_PEPPER_ROOT;11549;17;11547;22;;;11558;20;11562;13;;;11553.5;0.0
yf_MKC_d7;24500;ASH_COATED_OSMIUM;9953;17;9949;20;;;9959;11;9963;11;;;9956.0;0.0
yf_MKC_d7;24500;INTARIAN_PEPPER_ROOT;11552;13;11550;11;;;11558;18;11560;16;;;11555.0;0.0
yf_MKC_d7;24600;ASH_COATED_OSMIUM;9953;9;9949;15;;;9959;10;9962;17;;;9956.0;0.0
yf_MKC_d7;24600;INTARIAN_PEPPER_ROOT;11552;16;11548;16;;;11558;15;11561;19;;;11555.0;0.0
yf_MKC_d7;24700;ASH_COATED_OSMIUM;9953;15;9950;14;;;9959;19;9962;13;;;9956.0;0.0
yf_MKC_d7;24700;INTARIAN_PEPPER_ROOT;11552;12;11548;18;;;11558;17;11561;28;;;11555.0;0.0
yf_MKC_d7;24800;ASH_COATED_OSMIUM;9953;12;9951;15;;;9960;16;9963;14;;;9956.5;0.0
yf_MKC_d7;24800;INTARIAN_PEPPER_ROOT;11554;15;11552;15;;;11560;17;11562;30;;;11557.0;0.0
yf_MKC_d7;24900;ASH_COATED_OSMIUM;9954;17;9950;14;;;9960;13;9962;26;;;9957.0;0.0
yf_MKC_d7;24900;INTARIAN_PEPPER_ROOT;11555;12;11552;15;;;11561;15;11565;9;;;11558.0;0.0
yf_MKC_d7;25000;ASH_COATED_OSMIUM;9952;10;9949;22;;;9962;16;9966;15;;;9957.0;0.0
yf_MKC_d7;25000;INTARIAN_PEPPER_ROOT;11555;18;11552;19;;;11561;14;11565;20;;;11558.0;0.0
yf_MKC_d7;25100;ASH_COATED_OSMIUM;9953;25;9950;24;;;9961;10;9963;19;;;9957.0;0.0
yf_MKC_d7;25100;INTARIAN_PEPPER_ROOT;11556;19;11553;17;;;11562;21;11565;22;;;11559.0;0.0
yf_MKC_d7;25200;ASH_COATED_OSMIUM;9954;17;9951;18;;;9960;10;9962;15;;;9957.0;0.0
yf_MKC_d7;25200;INTARIAN_PEPPER_ROOT;11553;21;11551;20;;;11566;20;11569;19;;;11559.5;0.0
yf_MKC_d7;25300;ASH_COATED_OSMIUM;9954;27;9951;15;;;9960;15;9964;22;;;9957.0;0.0
yf_MKC_d7;25300;INTARIAN_PEPPER_ROOT;11542;14;11538;23;;;11580;19;11583;22;;;11561.0;0.0
yf_MKC_d7;25400;ASH_COATED_OSMIUM;9954;15;9952;14;;;9960;9;9962;18;;;9957.0;0.0
yf_MKC_d7;25400;INTARIAN_PEPPER_ROOT;11558;14;11554;19;;;11564;18;11566;19;;;11561.0;0.0
yf_MKC_d7;25500;ASH_COATED_OSMIUM;9952;16;9950;21;;;9962;9;9965;15;;;9957.0;0.0
yf_MKC_d7;25500;INTARIAN_PEPPER_ROOT;11559;9;11555;11;;;11565;14;11568;13;;;11562.0;0.0
yf_MKC_d7;25600;ASH_COATED_OSMIUM;9954;13;9952;19;;;9960;14;9964;22;;;9957.0;0.0
yf_MKC_d7;25600;INTARIAN_PEPPER_ROOT;11558;13;11556;14;;;11568;13;11571;19;;;11563.0;0.0
yf_MKC_d7;25700;ASH_COATED_OSMIUM;9953;18;9951;20;;;9959;15;9961;17;;;9956.0;0.0
yf_MKC_d7;25700;INTARIAN_PEPPER_ROOT;11553;19;11549;24;;;11575;11;11578;15;;;11564.0;0.0
yf_MKC_d7;25800;ASH_COATED_OSMIUM;9950;20;9946;22;;;9964;22;9968;17;;;9957.0;0.0
yf_MKC_d7;25800;INTARIAN_PEPPER_ROOT;11551;15;11547;8;;;11579;14;11582;21;;;11565.0;0.0
yf_MKC_d7;25900;ASH_COATED_OSMIUM;9950;14;9948;23;;;9964;15;9966;19;;;9957.0;0.0
yf_MKC_d7;25900;INTARIAN_PEPPER_ROOT;11559;10;11555;25;;;11571;11;11574;16;;;11565.0;0.0
yf_MKC_d7;26000;ASH_COATED_OSMIUM;9951;13;9948;11;;;9962;22;9966;11;;;9956.5;0.0
yf_MKC_d7;26000;INTARIAN_PEPPER_ROOT;11563;11;11561;21;;;11569;10;11573;19;;;11566.0;0.0
yf_MKC_d7;26100;ASH_COATED_OSMIUM;9949;26;9947;16;;;9963;11;9965;20;;;9956.0;0.0
yf_MKC_d7;26100;INTARIAN_PEPPER_ROOT;11563;11;11561;18;;;11572;20;11574;19;;;11567.5;0.0
yf_MKC_d7;26200;ASH_COATED_OSMIUM;9953;15;9949;21;;;9961;17;9964;17;;;9957.0;0.0
yf_MKC_d7;26200;INTARIAN_PEPPER_ROOT;11559;19;11557;26;;;11577;17;11580;16;;;11568.0;0.0
yf_MKC_d7;26300;ASH_COATED_OSMIUM;9954;12;9952;11;;;9960;14;9962;13;;;9957.0;0.0
yf_MKC_d7;26300;INTARIAN_PEPPER_ROOT;11566;25;11563;14;;;11572;17;11574;18;;;11569.0;0.0
yf_MKC_d7;26400;ASH_COATED_OSMIUM;9940;13;9936;19;;;9975;18;9977;25;;;9957.5;0.0
yf_MKC_d7;26400;INTARIAN_PEPPER_ROOT;11566;18;11562;16;;;11573;16;11576;28;;;11569.5;0.0
yf_MKC_d7;26500;ASH_COATED_OSMIUM;9952;20;9950;33;;;9960;10;9964;24;;;9956.0;0.0
yf_MKC_d7;26500;INTARIAN_PEPPER_ROOT;11567;8;11565;27;;;11573;16;11577;26;;;11570.0;0.0
yf_MKC_d7;26600;ASH_COATED_OSMIUM;9953;15;9949;21;;;9961;14;9963;23;;;9957.0;0.0
yf_MKC_d7;26600;INTARIAN_PEPPER_ROOT;11568;16;11564;15;;;11574;23;11578;16;;;11571.0;0.0
yf_MKC_d7;26700;ASH_COATED_OSMIUM;9954;6;9951;19;;;9960;13;9962;28;;;9957.0;0.0
yf_MKC_d7;26700;INTARIAN_PEPPER_ROOT;11568;13;11566;25;;;11574;20;11576;15;;;11571.0;0.0
yf_MKC_d7;26800;ASH_COATED_OSMIUM;9944;6;9942;25;;;9971;19;9974;21;;;9957.5;0.0
yf_MKC_d7;26800;INTARIAN_PEPPER_ROOT;11567;18;11563;32;;;11577;14;11581;25;;;11572.0;0.0
yf_MKC_d7;26900;ASH_COATED_OSMIUM;9953;12;9951;20;;;9962;26;9966;16;;;9957.5;0.0
yf_MKC_d7;26900;INTARIAN_PEPPER_ROOT;11563;19;11560;27;;;11584;28;11587;16;;;11573.5;0.0
yf_MKC_d7;27000;ASH_COATED_OSMIUM;9951;22;9949;16;;;9963;11;9966;26;;;9957.0;0.0
yf_MKC_d7;27000;INTARIAN_PEPPER_ROOT;11571;17;11569;10;;;11577;5;11581;21;;;11574.0;0.0
yf_MKC_d7;27100;ASH_COATED_OSMIUM;9954;16;9952;23;;;9960;19;9962;15;;;9957.0;0.0
yf_MKC_d7;27100;INTARIAN_PEPPER_ROOT;11565;5;11561;20;;;11585;13;11588;26;;;11575.0;0.0
yf_MKC_d7;27200;ASH_COATED_OSMIUM;9952;14;9950;22;;;9962;10;9965;9;;;9957.0;0.0
yf_MKC_d7;27200;INTARIAN_PEPPER_ROOT;11570;13;11567;21;;;11582;23;11585;16;;;11576.0;0.0
yf_MKC_d7;27300;ASH_COATED_OSMIUM;9955;12;9953;22;;;9961;14;9964;16;;;9958.0;0.0
yf_MKC_d7;27300;INTARIAN_PEPPER_ROOT;11573;21;11571;16;;;11580;18;11583;17;;;11576.5;0.0
yf_MKC_d7;27400;ASH_COATED_OSMIUM;9954;14;9951;20;;;9960;11;9964;17;;;9957.0;0.0
yf_MKC_d7;27400;INTARIAN_PEPPER_ROOT;11567;17;11564;24;;;11588;14;11592;19;;;11577.5;0.0
yf_MKC_d7;27500;ASH_COATED_OSMIUM;9954;11;9951;16;;;9960;17;9964;24;;;9957.0;0.0
yf_MKC_d7;27500;INTARIAN_PEPPER_ROOT;11575;12;11572;23;;;11581;23;11583;10;;;11578.0;0.0
yf_MKC_d7;27600;ASH_COATED_OSMIUM;9952;13;9948;15;;;9962;12;9964;17;;;9957.0;0.0
yf_MKC_d7;27600;INTARIAN_PEPPER_ROOT;11576;16;11574;21;;;11582;9;11584;21;;;11579.0;0.0
yf_MKC_d7;27700;ASH_COATED_OSMIUM;9955;15;9951;12;;;9961;12;9965;14;;;9958.0;0.0
yf_MKC_d7;27700;INTARIAN_PEPPER_ROOT;11577;11;11574;16;;;11583;20;11586;26;;;11580.0;0.0
yf_MKC_d7;27800;ASH_COATED_OSMIUM;9954;9;9952;24;;;9960;8;9963;14;;;9957.0;0.0
yf_MKC_d7;27800;INTARIAN_PEPPER_ROOT;11577;13;11573;13;;;11583;11;11586;23;;;11580.0;0.0
yf_MKC_d7;27900;ASH_COATED_OSMIUM;9953;17;9949;12;;;9963;5;9966;16;;;9958.0;0.0
yf_MKC_d7;27900;INTARIAN_PEPPER_ROOT;11579;17;11575;13;;;11585;16;11587;18;;;11582.0;0.0
yf_MKC_d7;28000;ASH_COATED_OSMIUM;9953;13;9950;15;;;9962;10;9965;12;;;9957.5;0.0
yf_MKC_d7;28000;INTARIAN_PEPPER_ROOT;11580;14;11576;22;;;11586;8;11588;21;;;11583.0;0.0
yf_MKC_d7;28100;ASH_COATED_OSMIUM;9954;13;9950;23;;;9960;18;9962;22;;;9957.0;0.0
yf_MKC_d7;28100;INTARIAN_PEPPER_ROOT;11577;15;11573;21;;;11589;11;11591;24;;;11583.0;0.0
yf_MKC_d7;28200;ASH_COATED_OSMIUM;9955;14;9952;23;;;9961;18;9964;25;;;9958.0;0.0
yf_MKC_d7;28200;INTARIAN_PEPPER_ROOT;11571;14;11568;25;;;11597;5;11600;29;;;11584.0;0.0
yf_MKC_d7;28300;ASH_COATED_OSMIUM;9954;5;9951;23;;;9960;20;9964;16;;;9957.0;0.0
yf_MKC_d7;28300;INTARIAN_PEPPER_ROOT;11581;5;11577;24;;;11587;17;11591;22;;;11584.0;0.0
yf_MKC_d7;28400;ASH_COATED_OSMIUM;9948;20;9945;13;;;9967;14;9969;26;;;9957.5;0.0
yf_MKC_d7;28400;INTARIAN_PEPPER_ROOT;11583;14;11580;20;;;11589;16;11592;21;;;11586.0;0.0
yf_MKC_d7;28500;ASH_COATED_OSMIUM;9955;8;9953;20;;;9961;10;9964;13;;;9958.0;0.0
yf_MKC_d7;28500;INTARIAN_PEPPER_ROOT;11583;5;11580;19;;;11589;21;11593;18;;;11586.0;0.0
yf_MKC_d7;28600;ASH_COATED_OSMIUM;9954;12;9951;12;;;9962;15;9966;20;;;9958.0;0.0
yf_MKC_d7;28600;INTARIAN_PEPPER_ROOT;11575;8;11573;21;;;11599;13;11601;20;;;11587.0;0.0
yf_MKC_d7;28700;ASH_COATED_OSMIUM;9955;19;9953;26;;;9961;11;9964;30;;;9958.0;0.0
yf_MKC_d7;28700;INTARIAN_PEPPER_ROOT;11585;19;11582;14;;;11591;13;11595;16;;;11588.0;0.0
yf_MKC_d7;28800;ASH_COATED_OSMIUM;9955;14;9951;16;;;9961;16;9965;15;;;9958.0;0.0
yf_MKC_d7;28800;INTARIAN_PEPPER_ROOT;11583;16;11581;24;;;11594;17;11598;22;;;11588.5;0.0
yf_MKC_d7;28900;ASH_COATED_OSMIUM;9952;19;9948;22;;;9963;7;9967;15;;;9957.5;0.0
yf_MKC_d7;28900;INTARIAN_PEPPER_ROOT;11584;9;11580;21;;;11596;13;11599;11;;;11590.0;0.0
yf_MKC_d7;29000;ASH_COATED_OSMIUM;9949;16;9947;23;;;9966;14;9970;15;;;9957.5;0.0
yf_MKC_d7;29000;INTARIAN_PEPPER_ROOT;11588;9;11585;12;;;11594;10;11596;14;;;11591.0;0.0
yf_MKC_d7;29100;ASH_COATED_OSMIUM;9954;15;9952;17;;;9962;7;9964;18;;;9958.0;0.0
yf_MKC_d7;29100;INTARIAN_PEPPER_ROOT;11588;11;11585;16;;;11594;17;11598;29;;;11591.0;0.0
yf_MKC_d7;29200;ASH_COATED_OSMIUM;9955;17;9952;14;;;9961;16;9963;25;;;9958.0;0.0
yf_MKC_d7;29200;INTARIAN_PEPPER_ROOT;11581;19;11578;14;;;11601;17;11605;21;;;11591.0;0.0
yf_MKC_d7;29300;ASH_COATED_OSMIUM;9954;28;9952;22;;;9961;19;9964;20;;;9957.5;0.0
yf_MKC_d7;29300;INTARIAN_PEPPER_ROOT;11590;9;11586;18;;;11596;15;11600;16;;;11593.0;0.0
yf_MKC_d7;29400;ASH_COATED_OSMIUM;9955;17;9952;16;;;9961;11;9964;28;;;9958.0;0.0
yf_MKC_d7;29400;INTARIAN_PEPPER_ROOT;11575;16;11572;23;;;11612;12;11616;19;;;11593.5;0.0
yf_MKC_d7;29500;ASH_COATED_OSMIUM;9955;15;9953;29;;;9961;21;9965;15;;;9958.0;0.0
yf_MKC_d7;29500;INTARIAN_PEPPER_ROOT;11591;9;11587;10;;;11597;12;11601;27;;;11594.0;0.0
yf_MKC_d7;29600;ASH_COATED_OSMIUM;9953;7;9949;18;;;9962;17;9964;15;;;9957.5;0.0
yf_MKC_d7;29600;INTARIAN_PEPPER_ROOT;11592;12;11589;22;;;11598;16;11600;18;;;11595.0;0.0
yf_MKC_d7;29700;ASH_COATED_OSMIUM;9954;13;9952;21;;;9963;14;9965;15;;;9958.5;0.0
yf_MKC_d7;29700;INTARIAN_PEPPER_ROOT;11568;17;11564;28;;;11624;16;11626;22;;;11596.0;0.0
yf_MKC_d7;29800;ASH_COATED_OSMIUM;9955;16;9951;19;;;9962;24;9965;21;;;9958.5;0.0
yf_MKC_d7;29800;INTARIAN_PEPPER_ROOT;11593;12;11590;18;;;11601;13;11605;24;;;11597.0;0.0
yf_MKC_d7;29900;ASH_COATED_OSMIUM;9955;23;9952;25;;;9961;18;9963;24;;;9958.0;0.0
yf_MKC_d7;29900;INTARIAN_PEPPER_ROOT;11584;9;11582;13;;;11611;16;11614;28;;;11597.5;0.0
yf_MKC_d7;30000;ASH_COATED_OSMIUM;9955;19;9952;17;;;9961;16;9964;19;;;9958.0;0.0
yf_MKC_d7;30000;INTARIAN_PEPPER_ROOT;11591;14;11589;31;;;11606;12;11608;15;;;11598.5;0.0
yf_MKC_d7;30100;ASH_COATED_OSMIUM;9955;13;9953;13;;;9962;18;9965;21;;;9958.5;0.0
yf_MKC_d7;30100;INTARIAN_PEPPER_ROOT;11596;16;11593;24;;;11602;13;11604;12;;;11599.0;0.0
yf_MKC_d7;30200;ASH_COATED_OSMIUM;9954;10;9951;15;;;9961;18;9964;19;;;9957.5;0.0
yf_MKC_d7;30200;INTARIAN_PEPPER_ROOT;11597;20;11593;13;;;11603;11;11607;21;;;11600.0;0.0
yf_MKC_d7;30300;ASH_COATED_OSMIUM;9953;19;9951;11;;;9963;8;9966;15;;;9958.0;0.0
yf_MKC_d7;30300;INTARIAN_PEPPER_ROOT;11598;26;11594;16;;;11604;9;11606;23;;;11601.0;0.0
yf_MKC_d7;30400;ASH_COATED_OSMIUM;9955;16;9953;17;;;9961;12;9965;17;;;9958.0;0.0
yf_MKC_d7;30400;INTARIAN_PEPPER_ROOT;11598;12;11596;18;;;11607;18;11610;16;;;11602.5;0.0
yf_MKC_d7;30500;ASH_COATED_OSMIUM;9949;16;9945;19;;;9966;21;9968;15;;;9957.5;0.0
yf_MKC_d7;30500;INTARIAN_PEPPER_ROOT;11596;24;11593;10;;;11610;6;11614;15;;;11603.0;0.0
yf_MKC_d7;30600;ASH_COATED_OSMIUM;9955;16;9953;15;;;9961;8;9963;23;;;9958.0;0.0
yf_MKC_d7;30600;INTARIAN_PEPPER_ROOT;11600;22;11596;17;;;11606;19;11610;19;;;11603.0;0.0
yf_MKC_d7;30700;ASH_COATED_OSMIUM;9956;11;9952;27;;;9962;21;9965;22;;;9959.0;0.0
yf_MKC_d7;30700;INTARIAN_PEPPER_ROOT;11592;16;11588;26;;;11617;12;11620;14;;;11604.5;0.0
yf_MKC_d7;30800;ASH_COATED_OSMIUM;9956;20;9952;18;;;9962;15;9964;12;;;9959.0;0.0
yf_MKC_d7;30800;INTARIAN_PEPPER_ROOT;11590;14;11586;22;;;11619;15;11623;23;;;11604.5;0.0
yf_MKC_d7;30900;ASH_COATED_OSMIUM;9950;19;9948;13;;;9968;12;9970;26;;;9959.0;0.0
yf_MKC_d7;30900;INTARIAN_PEPPER_ROOT;11603;6;11600;22;;;11609;10;11613;20;;;11606.0;0.0
yf_MKC_d7;31000;ASH_COATED_OSMIUM;9954;7;9951;20;;;9962;14;9965;29;;;9958.0;0.0
yf_MKC_d7;31000;INTARIAN_PEPPER_ROOT;11603;12;11601;24;;;11609;21;11612;17;;;11606.0;0.0
yf_MKC_d7;31100;ASH_COATED_OSMIUM;9956;16;9952;16;;;9962;18;9965;17;;;9959.0;0.0
yf_MKC_d7;31100;INTARIAN_PEPPER_ROOT;11604;18;11600;20;;;11610;18;11612;17;;;11607.0;0.0
yf_MKC_d7;31200;ASH_COATED_OSMIUM;9955;15;9952;27;;;9962;21;9966;22;;;9958.5;0.0
yf_MKC_d7;31200;INTARIAN_PEPPER_ROOT;11605;16;11602;21;;;11611;17;11615;21;;;11608.0;0.0
yf_MKC_d7;31300;ASH_COATED_OSMIUM;9954;18;9950;22;;;9964;15;9966;27;;;9959.0;0.0
yf_MKC_d7;31300;INTARIAN_PEPPER_ROOT;11605;22;11603;21;;;11611;15;11614;25;;;11608.0;0.0
yf_MKC_d7;31400;ASH_COATED_OSMIUM;9956;15;9953;16;;;9962;14;9965;22;;;9959.0;0.0
yf_MKC_d7;31400;INTARIAN_PEPPER_ROOT;11606;15;11604;17;;;11614;12;11617;25;;;11610.0;0.0
yf_MKC_d7;31500;ASH_COATED_OSMIUM;9956;11;9953;23;;;9962;16;9965;26;;;9959.0;0.0
yf_MKC_d7;31500;INTARIAN_PEPPER_ROOT;11608;21;11605;14;;;11614;7;11616;28;;;11611.0;0.0
yf_MKC_d7;31600;ASH_COATED_OSMIUM;9955;12;9951;13;;;9963;22;9965;27;;;9959.0;0.0
yf_MKC_d7;31600;INTARIAN_PEPPER_ROOT;11608;9;11605;17;;;11614;16;11616;18;;;11611.0;0.0
yf_MKC_d7;31700;ASH_COATED_OSMIUM;9954;15;9950;15;;;9963;15;9966;9;;;9958.5;0.0
yf_MKC_d7;31700;INTARIAN_PEPPER_ROOT;11598;22;11596;18;;;11626;14;11628;24;;;11612.0;0.0
yf_MKC_d7;31800;ASH_COATED_OSMIUM;9947;15;9943;20;;;9971;13;9975;28;;;9959.0;0.0
yf_MKC_d7;31800;INTARIAN_PEPPER_ROOT;11610;14;11608;24;;;11617;23;11621;17;;;11613.5;0.0
yf_MKC_d7;31900;ASH_COATED_OSMIUM;9951;18;9948;26;;;9967;5;9970;17;;;9959.0;0.0
yf_MKC_d7;31900;INTARIAN_PEPPER_ROOT;11610;5;11606;15;;;11617;20;11619;12;;;11613.5;0.0
yf_MKC_d7;32000;ASH_COATED_OSMIUM;9956;19;9953;15;;;9962;8;9964;14;;;9959.0;0.0
yf_MKC_d7;32000;INTARIAN_PEPPER_ROOT;11610;15;11606;24;;;11618;12;11621;13;;;11614.0;0.0
yf_MKC_d7;32100;ASH_COATED_OSMIUM;9943;10;9940;22;;;9975;13;9977;24;;;9959.0;0.0
yf_MKC_d7;32100;INTARIAN_PEPPER_ROOT;11612;8;11608;22;;;11618;19;11621;32;;;11615.0;0.0
yf_MKC_d7;32200;ASH_COATED_OSMIUM;9956;17;9953;23;;;9962;19;9965;12;;;9959.0;0.0
yf_MKC_d7;32200;INTARIAN_PEPPER_ROOT;11613;12;11610;17;;;11619;17;11621;22;;;11616.0;0.0
yf_MKC_d7;32300;ASH_COATED_OSMIUM;9956;24;9953;20;;;9962;23;9964;25;;;9959.0;0.0
yf_MKC_d7;32300;INTARIAN_PEPPER_ROOT;11613;11;11610;13;;;11620;5;11624;32;;;11616.5;0.0
yf_MKC_d7;32400;ASH_COATED_OSMIUM;9956;15;9952;27;;;9962;9;9966;19;;;9959.0;0.0
yf_MKC_d7;32400;INTARIAN_PEPPER_ROOT;11615;12;11612;22;;;11621;12;11625;23;;;11618.0;0.0
yf_MKC_d7;32500;ASH_COATED_OSMIUM;9956;18;9954;14;;;9962;14;9966;12;;;9959.0;0.0
yf_MKC_d7;32500;INTARIAN_PEPPER_ROOT;11610;7;11606;22;;;11628;20;11631;22;;;11619.0;0.0
yf_MKC_d7;32600;ASH_COATED_OSMIUM;9956;17;9953;23;;;9962;22;9965;18;;;9959.0;0.0
yf_MKC_d7;32600;INTARIAN_PEPPER_ROOT;11616;13;11614;18;;;11622;15;11626;16;;;11619.0;0.0
yf_MKC_d7;32700;ASH_COATED_OSMIUM;9955;13;9953;23;;;9963;21;9967;16;;;9959.0;0.0
yf_MKC_d7;32700;INTARIAN_PEPPER_ROOT;11617;16;11614;12;;;11623;16;11626;28;;;11620.0;0.0
yf_MKC_d7;32800;ASH_COATED_OSMIUM;9956;6;9954;13;;;9962;16;9964;17;;;9959.0;0.0
yf_MKC_d7;32800;INTARIAN_PEPPER_ROOT;11608;15;11604;18;;;11635;12;11639;16;;;11621.5;0.0
yf_MKC_d7;32900;ASH_COATED_OSMIUM;9950;12;9946;15;;;9968;5;9972;16;;;9959.0;0.0
yf_MKC_d7;32900;INTARIAN_PEPPER_ROOT;11618;15;11614;26;;;11625;16;11629;21;;;11621.5;0.0
yf_MKC_d7;33000;ASH_COATED_OSMIUM;9953;9;9950;25;;;9965;16;9968;16;;;9959.0;0.0
yf_MKC_d7;33000;INTARIAN_PEPPER_ROOT;11620;7;11616;27;;;11626;21;11628;31;;;11623.0;0.0
yf_MKC_d7;33100;ASH_COATED_OSMIUM;9952;21;9949;15;;;9966;14;9969;19;;;9959.0;0.0
yf_MKC_d7;33100;INTARIAN_PEPPER_ROOT;11613;15;11609;22;;;11634;19;11636;19;;;11623.5;0.0
yf_MKC_d7;33200;ASH_COATED_OSMIUM;9952;19;9950;15;;;9967;22;9969;16;;;9959.5;0.0
yf_MKC_d7;33200;INTARIAN_PEPPER_ROOT;11620;16;11616;21;;;11629;12;11632;25;;;11624.5;0.0
yf_MKC_d7;33300;ASH_COATED_OSMIUM;9956;24;9954;19;;;9962;13;9965;21;;;9959.0;0.0
yf_MKC_d7;33300;INTARIAN_PEPPER_ROOT;11623;20;11621;25;;;11629;19;11631;27;;;11626.0;0.0
yf_MKC_d7;33400;ASH_COATED_OSMIUM;9956;8;9954;15;;;9962;14;9964;20;;;9959.0;0.0
yf_MKC_d7;33400;INTARIAN_PEPPER_ROOT;11620;19;11617;22;;;11631;21;11633;23;;;11625.5;0.0
yf_MKC_d7;33500;ASH_COATED_OSMIUM;9951;8;9949;14;;;9969;11;9972;16;;;9960.0;0.0
yf_MKC_d7;33500;INTARIAN_PEPPER_ROOT;11620;10;11616;14;;;11632;10;11636;18;;;11626.0;0.0
yf_MKC_d7;33600;ASH_COATED_OSMIUM;9957;18;9954;19;;;9963;8;9967;23;;;9960.0;0.0
yf_MKC_d7;33600;INTARIAN_PEPPER_ROOT;11624;23;11620;22;;;11630;22;11634;23;;;11627.0;0.0
yf_MKC_d7;33700;ASH_COATED_OSMIUM;9957;10;9954;13;;;9963;10;9966;22;;;9960.0;0.0
yf_MKC_d7;33700;INTARIAN_PEPPER_ROOT;11625;14;11622;19;;;11631;17;11633;16;;;11628.0;0.0
yf_MKC_d7;33800;ASH_COATED_OSMIUM;9946;15;9944;22;;;9972;16;9974;16;;;9959.0;0.0
yf_MKC_d7;33800;INTARIAN_PEPPER_ROOT;11626;23;11624;26;;;11632;17;11636;30;;;11629.0;0.0
yf_MKC_d7;33900;ASH_COATED_OSMIUM;9957;6;9954;19;;;9963;14;9966;24;;;9960.0;0.0
yf_MKC_d7;33900;INTARIAN_PEPPER_ROOT;11627;15;11624;14;;;11633;25;11636;22;;;11630.0;0.0
yf_MKC_d7;34000;ASH_COATED_OSMIUM;9956;11;9953;14;;;9962;17;9964;16;;;9959.0;0.0
yf_MKC_d7;34000;INTARIAN_PEPPER_ROOT;11628;17;11626;15;;;11634;17;11636;24;;;11631.0;0.0
yf_MKC_d7;34100;ASH_COATED_OSMIUM;9957;20;9955;22;;;9963;10;9965;28;;;9960.0;0.0
yf_MKC_d7;34100;INTARIAN_PEPPER_ROOT;11630;15;11628;20;;;11637;16;11639;16;;;11633.5;0.0
yf_MKC_d7;34200;ASH_COATED_OSMIUM;9945;14;9941;21;;;9975;18;9977;15;;;9960.0;0.0
yf_MKC_d7;34200;INTARIAN_PEPPER_ROOT;11631;6;11628;17;;;11637;13;11639;10;;;11634.0;0.0
yf_MKC_d7;34300;ASH_COATED_OSMIUM;9953;8;9951;20;;;9966;21;9969;22;;;9959.5;0.0
yf_MKC_d7;34300;INTARIAN_PEPPER_ROOT;11623;12;11621;25;;;11648;22;11651;21;;;11635.5;0.0
yf_MKC_d7;34400;ASH_COATED_OSMIUM;9956;16;9953;15;;;9962;16;9966;15;;;9959.0;0.0
yf_MKC_d7;34400;INTARIAN_PEPPER_ROOT;11633;11;11630;17;;;11640;12;11644;16;;;11636.5;0.0
yf_MKC_d7;34500;ASH_COATED_OSMIUM;9954;19;9952;10;;;9964;16;9968;11;;;9959.0;0.0
yf_MKC_d7;34500;INTARIAN_PEPPER_ROOT;11636;22;11632;23;;;11642;10;11645;21;;;11639.0;0.0
yf_MKC_d7;34600;ASH_COATED_OSMIUM;9956;5;9952;26;;;9962;9;9965;20;;;9959.0;0.0
yf_MKC_d7;34600;INTARIAN_PEPPER_ROOT;11636;11;11633;25;;;11642;18;11645;16;;;11639.0;0.0
yf_MKC_d7;34700;ASH_COATED_OSMIUM;9957;14;9953;17;;;9963;22;9966;19;;;9960.0;0.0
yf_MKC_d7;34700;INTARIAN_PEPPER_ROOT;11638;13;11635;25;;;11644;15;11646;22;;;11641.0;0.0
yf_MKC_d7;34800;ASH_COATED_OSMIUM;9957;17;9953;24;;;9963;18;9966;21;;;9960.0;0.0
yf_MKC_d7;34800;INTARIAN_PEPPER_ROOT;11636;20;11632;10;;;11649;8;11651;18;;;11642.5;0.0
yf_MKC_d7;34900;ASH_COATED_OSMIUM;9955;14;9953;19;;;9964;19;9968;24;;;9959.5;0.0
yf_MKC_d7;34900;INTARIAN_PEPPER_ROOT;11631;17;11627;28;;;11656;14;11660;26;;;11643.5;0.0
yf_MKC_d7;35000;ASH_COATED_OSMIUM;9955;22;9953;11;;;9965;16;9969;15;;;9960.0;0.0
yf_MKC_d7;35000;INTARIAN_PEPPER_ROOT;11642;14;11640;22;;;11648;14;11652;14;;;11645.0;0.0
yf_MKC_d7;35100;ASH_COATED_OSMIUM;9946;12;9942;23;;;9973;14;9976;13;;;9959.5;0.0
yf_MKC_d7;35100;INTARIAN_PEPPER_ROOT;11643;16;11641;21;;;11649;14;11652;29;;;11646.0;0.0
yf_MKC_d7;35200;ASH_COATED_OSMIUM;9956;8;9952;24;;;9963;5;9967;14;;;9959.5;0.0
yf_MKC_d7;35200;INTARIAN_PEPPER_ROOT;11645;10;11643;25;;;11651;15;11655;15;;;11648.0;0.0
yf_MKC_d7;35300;ASH_COATED_OSMIUM;9957;20;9955;9;;;9963;13;9966;13;;;9960.0;0.0
yf_MKC_d7;35300;INTARIAN_PEPPER_ROOT;11646;19;11643;16;;;11652;15;11655;22;;;11649.0;0.0
yf_MKC_d7;35400;ASH_COATED_OSMIUM;9954;20;9951;10;;;9964;14;9968;16;;;9959.0;0.0
yf_MKC_d7;35400;INTARIAN_PEPPER_ROOT;11647;20;11643;15;;;11653;8;11657;16;;;11650.0;0.0
yf_MKC_d7;35500;ASH_COATED_OSMIUM;9954;16;9951;18;;;9967;19;9971;15;;;9960.5;0.0
yf_MKC_d7;35500;INTARIAN_PEPPER_ROOT;11648;18;11646;14;;;11654;14;11657;16;;;11651.0;0.0
yf_MKC_d7;35600;ASH_COATED_OSMIUM;9953;12;9949;31;;;9966;22;9970;8;;;9959.5;0.0
yf_MKC_d7;35600;INTARIAN_PEPPER_ROOT;11650;11;11648;23;;;11656;20;11658;30;;;11653.0;0.0
yf_MKC_d7;35700;ASH_COATED_OSMIUM;9956;21;9952;14;;;9962;22;9966;21;;;9959.0;0.0
yf_MKC_d7;35700;INTARIAN_PEPPER_ROOT;11647;19;11645;16;;;11661;21;11664;22;;;11654.0;0.0
yf_MKC_d7;35800;ASH_COATED_OSMIUM;9942;14;9939;27;;;9977;15;9980;9;;;9959.5;0.0
yf_MKC_d7;35800;INTARIAN_PEPPER_ROOT;11653;20;11650;25;;;11659;16;11662;17;;;11656.0;0.0
yf_MKC_d7;35900;ASH_COATED_OSMIUM;9957;15;9955;28;;;9963;13;9965;27;;;9960.0;0.0
yf_MKC_d7;35900;INTARIAN_PEPPER_ROOT;11655;15;11651;18;;;11661;12;11663;26;;;11658.0;0.0
yf_MKC_d7;36000;ASH_COATED_OSMIUM;9956;18;9954;20;;;9962;11;9965;13;;;9959.0;0.0
yf_MKC_d7;36000;INTARIAN_PEPPER_ROOT;11656;9;11654;16;;;11662;16;11665;16;;;11659.0;0.0
yf_MKC_d7;36100;ASH_COATED_OSMIUM;9955;20;9951;14;;;9965;10;9968;13;;;9960.0;0.0
yf_MKC_d7;36100;INTARIAN_PEPPER_ROOT;11656;5;11654;18;;;11662;22;11666;19;;;11659.0;0.0
yf_MKC_d7;36200;ASH_COATED_OSMIUM;9956;9;9953;10;;;9962;17;9965;31;;;9959.0;0.0
yf_MKC_d7;36200;INTARIAN_PEPPER_ROOT;11657;13;11654;20;;;11666;13;11670;13;;;11661.5;0.0
yf_MKC_d7;36300;ASH_COATED_OSMIUM;9957;5;9955;17;;;9963;21;9967;19;;;9960.0;0.0
yf_MKC_d7;36300;INTARIAN_PEPPER_ROOT;11656;19;11653;22;;;11670;12;11674;22;;;11663.0;0.0
yf_MKC_d7;36400;ASH_COATED_OSMIUM;9957;5;9955;27;;;9963;21;9967;14;;;9960.0;0.0
yf_MKC_d7;36400;INTARIAN_PEPPER_ROOT;11661;7;11657;17;;;11667;12;11671;21;;;11664.0;0.0
yf_MKC_d7;36500;ASH_COATED_OSMIUM;9950;10;9946;16;;;9970;14;9973;18;;;9960.0;0.0
yf_MKC_d7;36500;INTARIAN_PEPPER_ROOT;11662;11;11660;23;;;11668;10;11670;27;;;11665.0;0.0
yf_MKC_d7;36600;ASH_COATED_OSMIUM;9954;8;9951;20;;;9966;8;9968;29;;;9960.0;0.0
yf_MKC_d7;36600;INTARIAN_PEPPER_ROOT;11659;7;11657;23;;;11675;16;11679;16;;;11667.0;0.0
yf_MKC_d7;36700;ASH_COATED_OSMIUM;9946;21;9944;25;;;9974;14;9978;19;;;9960.0;0.0
yf_MKC_d7;36700;INTARIAN_PEPPER_ROOT;11664;25;11662;17;;;11672;13;11675;13;;;11668.0;0.0
yf_MKC_d7;36800;ASH_COATED_OSMIUM;9954;19;9950;20;;;9965;15;9967;19;;;9959.5;0.0
yf_MKC_d7;36800;INTARIAN_PEPPER_ROOT;11667;14;11665;22;;;11673;13;11676;13;;;11670.0;0.0
yf_MKC_d7;36900;ASH_COATED_OSMIUM;9957;14;9953;19;;;9964;16;9966;20;;;9960.5;0.0
yf_MKC_d7;36900;INTARIAN_PEPPER_ROOT;11667;14;11665;18;;;11673;17;11677;19;;;11670.0;0.0
yf_MKC_d7;37000;ASH_COATED_OSMIUM;9953;14;9950;22;;;9967;23;9971;19;;;9960.0;0.0
yf_MKC_d7;37000;INTARIAN_PEPPER_ROOT;11669;16;11665;21;;;11675;8;11677;25;;;11672.0;0.0
yf_MKC_d7;37100;ASH_COATED_OSMIUM;9957;14;9954;23;;;9963;20;9967;18;;;9960.0;0.0
yf_MKC_d7;37100;INTARIAN_PEPPER_ROOT;11667;19;11664;17;;;11680;17;11683;19;;;11673.5;0.0
yf_MKC_d7;37200;ASH_COATED_OSMIUM;9957;22;9955;16;;;9963;21;9967;22;;;9960.0;0.0
yf_MKC_d7;37200;INTARIAN_PEPPER_ROOT;11668;15;11664;20;;;11682;7;11685;19;;;11675.0;0.0
yf_MKC_d7;37300;ASH_COATED_OSMIUM;9957;13;9955;18;;;9963;17;9965;15;;;9960.0;0.0
yf_MKC_d7;37300;INTARIAN_PEPPER_ROOT;11673;10;11670;19;;;11679;13;11683;23;;;11676.0;0.0
yf_MKC_d7;37400;ASH_COATED_OSMIUM;9954;19;9951;16;;;9965;10;9967;21;;;9959.5;0.0
yf_MKC_d7;37400;INTARIAN_PEPPER_ROOT;11666;9;11664;12;;;11688;14;11691;23;;;11677.0;0.0
yf_MKC_d7;37500;ASH_COATED_OSMIUM;9957;6;9953;21;;;9963;14;9965;29;;;9960.0;0.0
yf_MKC_d7;37500;INTARIAN_PEPPER_ROOT;11669;21;11667;22;;;11690;18;11694;18;;;11679.5;0.0
yf_MKC_d7;37600;ASH_COATED_OSMIUM;9945;5;9941;13;;;9975;21;9977;22;;;9960.0;0.0
yf_MKC_d7;37600;INTARIAN_PEPPER_ROOT;11677;13;11673;22;;;11683;15;11686;16;;;11680.0;0.0
yf_MKC_d7;37700;ASH_COATED_OSMIUM;9957;12;9955;17;;;9963;15;9966;16;;;9960.0;0.0
yf_MKC_d7;37700;INTARIAN_PEPPER_ROOT;11679;17;11676;25;;;11685;27;11687;23;;;11682.0;0.0
yf_MKC_d7;37800;ASH_COATED_OSMIUM;9957;20;9954;19;;;9963;13;9965;15;;;9960.0;0.0
yf_MKC_d7;37800;INTARIAN_PEPPER_ROOT;11680;15;11676;24;;;11686;17;11689;18;;;11683.0;0.0
yf_MKC_d7;37900;ASH_COATED_OSMIUM;9951;17;9949;20;;;9971;16;9973;13;;;9961.0;0.0
yf_MKC_d7;37900;INTARIAN_PEPPER_ROOT;11681;11;11677;24;;;11688;24;11690;9;;;11684.5;0.0
yf_MKC_d7;38000;ASH_COATED_OSMIUM;9954;18;9951;24;;;9967;18;9970;20;;;9960.5;0.0
yf_MKC_d7;38000;INTARIAN_PEPPER_ROOT;11683;16;11681;30;;;11689;7;11693;21;;;11686.0;0.0
yf_MKC_d7;38100;ASH_COATED_OSMIUM;9956;18;9954;14;;;9963;15;9966;20;;;9959.5;0.0
yf_MKC_d7;38100;INTARIAN_PEPPER_ROOT;11683;20;11679;21;;;11693;13;11695;12;;;11688.0;0.0
yf_MKC_d7;38200;ASH_COATED_OSMIUM;9958;23;9954;8;;;9964;14;9968;25;;;9961.0;0.0
yf_MKC_d7;38200;INTARIAN_PEPPER_ROOT;11685;17;11681;20;;;11693;8;11697;22;;;11689.0;0.0
yf_MKC_d7;38300;ASH_COATED_OSMIUM;9958;5;9955;15;;;9964;16;9966;28;;;9961.0;0.0
yf_MKC_d7;38300;INTARIAN_PEPPER_ROOT;11687;17;11683;13;;;11693;10;11696;21;;;11690.0;0.0
yf_MKC_d7;38400;ASH_COATED_OSMIUM;9956;12;9954;20;;;9964;21;9967;11;;;9960.0;0.0
yf_MKC_d7;38400;INTARIAN_PEPPER_ROOT;11688;13;11684;30;;;11694;27;11696;21;;;11691.0;0.0
yf_MKC_d7;38500;ASH_COATED_OSMIUM;9957;16;9953;21;;;9963;23;9967;8;;;9960.0;0.0
yf_MKC_d7;38500;INTARIAN_PEPPER_ROOT;11688;20;11686;24;;;11696;22;11700;17;;;11692.0;0.0
yf_MKC_d7;38600;ASH_COATED_OSMIUM;9957;7;9954;24;;;9963;15;9965;27;;;9960.0;0.0
yf_MKC_d7;38600;INTARIAN_PEPPER_ROOT;11690;16;11688;20;;;11696;12;11699;20;;;11693.0;0.0
yf_MKC_d7;38700;ASH_COATED_OSMIUM;9957;5;9954;21;;;9963;19;9965;22;;;9960.0;0.0
yf_MKC_d7;38700;INTARIAN_PEPPER_ROOT;11692;15;11690;11;;;11699;15;11701;18;;;11695.5;0.0
yf_MKC_d7;38800;ASH_COATED_OSMIUM;9955;11;9952;22;;;9966;16;9969;25;;;9960.5;0.0
yf_MKC_d7;38800;INTARIAN_PEPPER_ROOT;11694;8;11692;22;;;11700;15;11702;25;;;11697.0;0.0
yf_MKC_d7;38900;ASH_COATED_OSMIUM;9957;8;9955;30;;;9963;10;9967;21;;;9960.0;0.0
yf_MKC_d7;38900;INTARIAN_PEPPER_ROOT;11695;10;11693;21;;;11701;16;11705;23;;;11698.0;0.0
yf_MKC_d7;39000;ASH_COATED_OSMIUM;9953;20;9951;17;;;9966;6;9969;25;;;9959.5;0.0
yf_MKC_d7;39000;INTARIAN_PEPPER_ROOT;11696;8;11693;23;;;11702;18;11706;24;;;11699.0;0.0
yf_MKC_d7;39100;ASH_COATED_OSMIUM;9957;12;9953;13;;;9963;11;9967;28;;;9960.0;0.0
yf_MKC_d7;39100;INTARIAN_PEPPER_ROOT;11698;19;11696;15;;;11704;14;11707;22;;;11701.0;0.0
yf_MKC_d7;39200;ASH_COATED_OSMIUM;9953;13;9951;17;;;9968;10;9970;18;;;9960.5;0.0
yf_MKC_d7;39200;INTARIAN_PEPPER_ROOT;11699;14;11696;15;;;11705;9;11707;19;;;11702.0;0.0
yf_MKC_d7;39300;ASH_COATED_OSMIUM;9956;17;9953;20;;;9964;21;9968;19;;;9960.0;0.0
yf_MKC_d7;39300;INTARIAN_PEPPER_ROOT;11700;15;11696;24;;;11707;19;11709;17;;;11703.5;0.0
yf_MKC_d7;39400;ASH_COATED_OSMIUM;9950;13;9948;20;;;9969;19;9972;10;;;9959.5;0.0
yf_MKC_d7;39400;INTARIAN_PEPPER_ROOT;11694;7;11692;24;;;11716;7;11720;19;;;11705.0;0.0
yf_MKC_d7;39500;ASH_COATED_OSMIUM;9957;5;9954;19;;;9963;17;9967;16;;;9960.0;0.0
yf_MKC_d7;39500;INTARIAN_PEPPER_ROOT;11703;8;11699;28;;;11709;26;11711;20;;;11706.0;0.0
yf_MKC_d7;39600;ASH_COATED_OSMIUM;9951;17;9949;8;;;9969;16;9973;16;;;9960.0;0.0
yf_MKC_d7;39600;INTARIAN_PEPPER_ROOT;11701;13;11698;23;;;11715;18;11717;19;;;11708.0;0.0
yf_MKC_d7;39700;ASH_COATED_OSMIUM;9951;18;9947;17;;;9970;15;9973;17;;;9960.5;0.0
yf_MKC_d7;39700;INTARIAN_PEPPER_ROOT;11674;14;11672;13;;;11743;23;11745;20;;;11708.5;0.0
yf_MKC_d7;39800;ASH_COATED_OSMIUM;9957;14;9953;20;;;9964;12;9968;17;;;9960.5;0.0
yf_MKC_d7;39800;INTARIAN_PEPPER_ROOT;11701;22;11698;20;;;11719;15;11722;26;;;11710.0;0.0
yf_MKC_d7;39900;ASH_COATED_OSMIUM;9956;20;9954;21;;;9963;13;9965;13;;;9959.5;0.0
yf_MKC_d7;39900;INTARIAN_PEPPER_ROOT;11709;14;11705;20;;;11715;10;11717;12;;;11712.0;0.0
yf_MKC_d7;40000;ASH_COATED_OSMIUM;9957;11;9953;17;;;9963;10;9965;23;;;9960.0;0.0
yf_MKC_d7;40000;INTARIAN_PEPPER_ROOT;11710;12;11706;28;;;11716;20;11720;16;;;11713.0;0.0
yf_MKC_d7;40100;ASH_COATED_OSMIUM;9955;16;9951;16;;;9966;11;9968;18;;;9960.5;0.0
yf_MKC_d7;40100;INTARIAN_PEPPER_ROOT;11711;20;11709;21;;;11718;9;11722;14;;;11714.5;0.0
yf_MKC_d7;40200;ASH_COATED_OSMIUM;9957;15;9954;15;;;9963;12;9965;24;;;9960.0;0.0
yf_MKC_d7;40200;INTARIAN_PEPPER_ROOT;11711;5;11709;16;;;11720;14;11724;26;;;11715.5;0.0
yf_MKC_d7;40300;ASH_COATED_OSMIUM;9957;14;9953;17;;;9963;10;9967;27;;;9960.0;0.0
yf_MKC_d7;40300;INTARIAN_PEPPER_ROOT;11706;12;11702;19;;;11727;8;11729;23;;;11716.5;0.0
yf_MKC_d7;40400;ASH_COATED_OSMIUM;9957;18;9954;16;;;9963;14;9966;16;;;9960.0;0.0
yf_MKC_d7;40400;INTARIAN_PEPPER_ROOT;11715;5;11712;22;;;11721;16;11724;17;;;11718.0;0.0
yf_MKC_d7;40500;ASH_COATED_OSMIUM;9958;15;9954;20;;;9964;10;9966;21;;;9961.0;0.0
yf_MKC_d7;40500;INTARIAN_PEPPER_ROOT;11712;21;11710;21;;;11729;13;11733;22;;;11720.5;0.0
yf_MKC_d7;40600;ASH_COATED_OSMIUM;9957;22;9953;22;;;9963;16;9966;24;;;9960.0;0.0
yf_MKC_d7;40600;INTARIAN_PEPPER_ROOT;11717;10;11713;17;;;11726;26;11729;13;;;11721.5;0.0
yf_MKC_d7;40700;ASH_COATED_OSMIUM;9958;19;9954;21;;;9964;15;9968;25;;;9961.0;0.0
yf_MKC_d7;40700;INTARIAN_PEPPER_ROOT;11720;13;11717;28;;;11726;14;11730;25;;;11723.0;0.0
yf_MKC_d7;40800;ASH_COATED_OSMIUM;9958;10;9956;23;;;9964;13;9968;17;;;9961.0;0.0
yf_MKC_d7;40800;INTARIAN_PEPPER_ROOT;11721;19;11718;19;;;11727;13;11730;15;;;11724.0;0.0
yf_MKC_d7;40900;ASH_COATED_OSMIUM;9947;12;9944;23;;;9974;14;9978;26;;;9960.5;0.0
yf_MKC_d7;40900;INTARIAN_PEPPER_ROOT;11723;10;11719;23;;;11729;14;11731;21;;;11726.0;0.0
yf_MKC_d7;41000;ASH_COATED_OSMIUM;9953;14;9949;20;;;9967;15;9969;30;;;9960.0;0.0
yf_MKC_d7;41000;INTARIAN_PEPPER_ROOT;11721;9;11718;18;;;11732;24;11735;21;;;11726.5;0.0
yf_MKC_d7;41100;ASH_COATED_OSMIUM;9958;17;9956;20;;;9964;21;9966;24;;;9961.0;0.0
yf_MKC_d7;41100;INTARIAN_PEPPER_ROOT;11723;9;11721;16;;;11733;13;11737;13;;;11728.0;0.0
yf_MKC_d7;41200;ASH_COATED_OSMIUM;9958;8;9954;26;;;9964;16;9967;24;;;9961.0;0.0
yf_MKC_d7;41200;INTARIAN_PEPPER_ROOT;11726;13;11722;20;;;11732;17;11736;13;;;11729.0;0.0
yf_MKC_d7;41300;ASH_COATED_OSMIUM;9955;11;9951;25;;;9966;11;9970;18;;;9960.5;0.0
yf_MKC_d7;41300;INTARIAN_PEPPER_ROOT;11728;11;11725;13;;;11734;14;11736;16;;;11731.0;0.0
yf_MKC_d7;41400;ASH_COATED_OSMIUM;9958;24;9956;26;;;9964;19;9966;17;;;9961.0;0.0
yf_MKC_d7;41400;INTARIAN_PEPPER_ROOT;11729;19;11725;23;;;11736;11;11740;26;;;11732.5;0.0
yf_MKC_d7;41500;ASH_COATED_OSMIUM;9958;14;9954;20;;;9964;18;9966;30;;;9961.0;0.0
yf_MKC_d7;41500;INTARIAN_PEPPER_ROOT;11719;16;11715;20;;;11748;14;11751;20;;;11733.5;0.0
yf_MKC_d7;41600;ASH_COATED_OSMIUM;9957;10;9954;16;;;9963;13;9967;14;;;9960.0;0.0
yf_MKC_d7;41600;INTARIAN_PEPPER_ROOT;11726;10;11722;24;;;11743;11;11745;21;;;11734.5;0.0
yf_MKC_d7;41700;ASH_COATED_OSMIUM;9957;19;9954;11;;;9963;20;9966;21;;;9960.0;0.0
yf_MKC_d7;41700;INTARIAN_PEPPER_ROOT;11729;11;11727;24;;;11742;16;11744;22;;;11735.5;0.0
yf_MKC_d7;41800;ASH_COATED_OSMIUM;9953;23;9950;22;;;9968;10;9972;20;;;9960.5;0.0
yf_MKC_d7;41800;INTARIAN_PEPPER_ROOT;11734;16;11730;13;;;11741;11;11745;25;;;11737.5;0.0
yf_MKC_d7;41900;ASH_COATED_OSMIUM;9952;12;9948;17;;;9969;17;9972;33;;;9960.5;0.0
yf_MKC_d7;41900;INTARIAN_PEPPER_ROOT;11736;19;11732;25;;;11742;14;11746;21;;;11739.0;0.0
yf_MKC_d7;42000;ASH_COATED_OSMIUM;9958;16;9956;11;;;9964;13;9966;23;;;9961.0;0.0
yf_MKC_d7;42000;INTARIAN_PEPPER_ROOT;11737;13;11733;25;;;11743;15;11746;27;;;11740.0;0.0
yf_MKC_d7;42100;ASH_COATED_OSMIUM;9958;15;9956;24;;;9964;15;9967;28;;;9961.0;0.0
yf_MKC_d7;42100;INTARIAN_PEPPER_ROOT;11735;15;11733;20;;;11747;9;11750;21;;;11741.0;0.0
yf_MKC_d7;42200;ASH_COATED_OSMIUM;9958;23;9954;24;;;9964;26;9966;17;;;9961.0;0.0
yf_MKC_d7;42200;INTARIAN_PEPPER_ROOT;11740;8;11736;17;;;11746;22;11750;15;;;11743.0;0.0
yf_MKC_d7;42300;ASH_COATED_OSMIUM;9958;12;9956;26;;;9964;19;9967;18;;;9961.0;0.0
yf_MKC_d7;42300;INTARIAN_PEPPER_ROOT;11741;23;11737;14;;;11747;10;11751;14;;;11744.0;0.0
yf_MKC_d7;42400;ASH_COATED_OSMIUM;9958;18;9955;28;;;9964;11;9968;24;;;9961.0;0.0
yf_MKC_d7;42400;INTARIAN_PEPPER_ROOT;11742;20;11738;19;;;11750;16;11753;16;;;11746.0;0.0
yf_MKC_d7;42500;ASH_COATED_OSMIUM;9957;12;9955;17;;;9963;20;9965;19;;;9960.0;0.0
yf_MKC_d7;42500;INTARIAN_PEPPER_ROOT;11744;16;11742;17;;;11750;12;11753;19;;;11747.0;0.0
yf_MKC_d7;42600;ASH_COATED_OSMIUM;9958;19;9956;20;;;9964;13;9966;26;;;9961.0;0.0
yf_MKC_d7;42600;INTARIAN_PEPPER_ROOT;11746;19;11744;11;;;11752;16;11756;27;;;11749.0;0.0
yf_MKC_d7;42700;ASH_COATED_OSMIUM;9957;5;9954;16;;;9963;14;9967;19;;;9960.0;0.0
yf_MKC_d7;42700;INTARIAN_PEPPER_ROOT;11747;14;11743;21;;;11753;10;11755;26;;;11750.0;0.0
yf_MKC_d7;42800;ASH_COATED_OSMIUM;9958;10;9954;24;;;9965;16;9969;13;;;9961.5;0.0
yf_MKC_d7;42800;INTARIAN_PEPPER_ROOT;11748;16;11745;30;;;11754;15;11758;20;;;11751.0;0.0
yf_MKC_d7;42900;ASH_COATED_OSMIUM;9958;8;9955;20;;;9964;11;9968;15;;;9961.0;0.0
yf_MKC_d7;42900;INTARIAN_PEPPER_ROOT;11749;13;11747;25;;;11755;16;11757;12;;;11752.0;0.0
yf_MKC_d7;43000;ASH_COATED_OSMIUM;9954;16;9950;23;;;9968;13;9972;13;;;9961.0;0.0
yf_MKC_d7;43000;INTARIAN_PEPPER_ROOT;11751;19;11747;8;;;11757;14;11759;15;;;11754.0;0.0
yf_MKC_d7;43100;ASH_COATED_OSMIUM;9958;11;9955;17;;;9964;13;9967;14;;;9961.0;0.0
yf_MKC_d7;43100;INTARIAN_PEPPER_ROOT;11742;20;11738;25;;;11769;16;11772;30;;;11755.5;0.0
yf_MKC_d7;43200;ASH_COATED_OSMIUM;9958;24;9956;25;;;9964;18;9966;11;;;9961.0;0.0
yf_MKC_d7;43200;INTARIAN_PEPPER_ROOT;11752;18;11748;23;;;11761;19;11763;25;;;11756.5;0.0
yf_MKC_d7;43300;ASH_COATED_OSMIUM;9958;13;9955;17;;;9964;9;9967;12;;;9961.0;0.0
yf_MKC_d7;43300;INTARIAN_PEPPER_ROOT;11755;15;11752;16;;;11761;13;11764;14;;;11758.0;0.0
yf_MKC_d7;43400;ASH_COATED_OSMIUM;9958;21;9956;23;;;9964;13;9968;8;;;9961.0;0.0
yf_MKC_d7;43400;INTARIAN_PEPPER_ROOT;11750;26;11747;24;;;11769;11;11772;9;;;11759.5;0.0
yf_MKC_d7;43500;ASH_COATED_OSMIUM;9957;6;9955;24;;;9963;13;9967;18;;;9960.0;0.0
yf_MKC_d7;43500;INTARIAN_PEPPER_ROOT;11739;16;11735;22;;;11782;6;11786;18;;;11760.5;0.0
yf_MKC_d7;43600;ASH_COATED_OSMIUM;9955;7;9953;27;;;9966;13;9968;14;;;9960.5;0.0
yf_MKC_d7;43600;INTARIAN_PEPPER_ROOT;11759;16;11756;12;;;11765;5;11767;18;;;11762.0;0.0
yf_MKC_d7;43700;ASH_COATED_OSMIUM;9954;19;9950;23;;;9968;9;9971;21;;;9961.0;0.0
yf_MKC_d7;43700;INTARIAN_PEPPER_ROOT;11761;14;11758;22;;;11767;12;11769;26;;;11764.0;0.0
yf_MKC_d7;43800;ASH_COATED_OSMIUM;9957;8;9955;24;;;9966;5;9969;8;;;9961.5;0.0
yf_MKC_d7;43800;INTARIAN_PEPPER_ROOT;11761;10;11757;14;;;11767;20;11769;22;;;11764.0;0.0
yf_MKC_d7;43900;ASH_COATED_OSMIUM;9955;9;9953;35;;;9967;16;9970;24;;;9961.0;0.0
yf_MKC_d7;43900;INTARIAN_PEPPER_ROOT;11759;10;11755;27;;;11773;17;11776;20;;;11766.0;0.0
yf_MKC_d7;44000;ASH_COATED_OSMIUM;9956;13;9954;21;;;9966;5;9968;15;;;9961.0;0.0
yf_MKC_d7;44000;INTARIAN_PEPPER_ROOT;11764;17;11762;27;;;11770;6;11772;27;;;11767.0;0.0
yf_MKC_d7;44100;ASH_COATED_OSMIUM;9958;14;9956;16;;;9964;12;9968;23;;;9961.0;0.0
yf_MKC_d7;44100;INTARIAN_PEPPER_ROOT;11765;18;11761;17;;;11771;13;11775;19;;;11768.0;0.0
yf_MKC_d7;44200;ASH_COATED_OSMIUM;9956;13;9953;16;;;9965;9;9968;24;;;9960.5;0.0
yf_MKC_d7;44200;INTARIAN_PEPPER_ROOT;11767;10;11765;15;;;11774;17;11777;29;;;11770.5;0.0
yf_MKC_d7;44300;ASH_COATED_OSMIUM;9958;12;9955;18;;;9964;15;9967;13;;;9961.0;0.0
yf_MKC_d7;44300;INTARIAN_PEPPER_ROOT;11769;9;11767;17;;;11775;22;11778;22;;;11772.0;0.0
yf_MKC_d7;44400;ASH_COATED_OSMIUM;9958;22;9954;18;;;9964;9;9967;15;;;9961.0;0.0
yf_MKC_d7;44400;INTARIAN_PEPPER_ROOT;11768;5;11765;27;;;11777;9;11781;24;;;11772.5;0.0
yf_MKC_d7;44500;ASH_COATED_OSMIUM;9955;5;9953;24;;;9967;17;9969;9;;;9961.0;0.0
yf_MKC_d7;44500;INTARIAN_PEPPER_ROOT;11771;17;11769;21;;;11777;14;11779;21;;;11774.0;0.0
yf_MKC_d7;44600;ASH_COATED_OSMIUM;9958;14;9956;18;;;9964;17;9967;14;;;9961.0;0.0
yf_MKC_d7;44600;INTARIAN_PEPPER_ROOT;11773;7;11770;23;;;11779;11;11781;25;;;11776.0;0.0
yf_MKC_d7;44700;ASH_COATED_OSMIUM;9958;13;9956;19;;;9964;8;9967;18;;;9961.0;0.0
yf_MKC_d7;44700;INTARIAN_PEPPER_ROOT;11766;19;11763;19;;;11789;9;11792;16;;;11777.5;0.0
yf_MKC_d7;44800;ASH_COATED_OSMIUM;9947;22;9944;15;;;9976;11;9978;18;;;9961.5;0.0
yf_MKC_d7;44800;INTARIAN_PEPPER_ROOT;11775;15;11772;23;;;11782;9;11786;31;;;11778.5;0.0
yf_MKC_d7;44900;ASH_COATED_OSMIUM;9958;13;9956;22;;;9964;20;9968;15;;;9961.0;0.0
yf_MKC_d7;44900;INTARIAN_PEPPER_ROOT;11771;19;11768;22;;;11789;10;11792;24;;;11780.0;0.0
yf_MKC_d7;45000;ASH_COATED_OSMIUM;9958;10;9955;17;;;9964;10;9968;16;;;9961.0;0.0
yf_MKC_d7;45000;INTARIAN_PEPPER_ROOT;11774;19;11770;18;;;11789;17;11792;20;;;11781.5;0.0
yf_MKC_d7;45100;ASH_COATED_OSMIUM;9937;17;9934;25;;;9985;11;9989;19;;;9961.0;0.0
yf_MKC_d7;45100;INTARIAN_PEPPER_ROOT;11779;17;11776;25;;;11785;5;11788;17;;;11782.0;0.0
yf_MKC_d7;45200;ASH_COATED_OSMIUM;9957;19;9955;11;;;9966;23;9970;24;;;9961.5;0.0
yf_MKC_d7;45200;INTARIAN_PEPPER_ROOT;11780;14;11777;16;;;11788;15;11790;22;;;11784.0;0.0
yf_MKC_d7;45300;ASH_COATED_OSMIUM;9956;20;9953;13;;;9967;18;9969;20;;;9961.5;0.0
yf_MKC_d7;45300;INTARIAN_PEPPER_ROOT;11774;17;11770;16;;;11797;15;11800;25;;;11785.5;0.0
yf_MKC_d7;45400;ASH_COATED_OSMIUM;9945;7;9941;10;;;9978;5;9981;19;;;9961.5;0.0
yf_MKC_d7;45400;INTARIAN_PEPPER_ROOT;11776;14;11773;22;;;11797;16;11801;18;;;11786.5;0.0
yf_MKC_d7;45500;ASH_COATED_OSMIUM;9955;8;9953;29;;;9966;15;9969;23;;;9960.5;0.0
yf_MKC_d7;45500;INTARIAN_PEPPER_ROOT;11785;16;11783;17;;;11791;11;11795;17;;;11788.0;0.0
yf_MKC_d7;45600;ASH_COATED_OSMIUM;9945;6;9942;19;;;9979;12;9983;20;;;9962.0;0.0
yf_MKC_d7;45600;INTARIAN_PEPPER_ROOT;11787;17;11783;22;;;11793;20;11797;12;;;11790.0;0.0
yf_MKC_d7;45700;ASH_COATED_OSMIUM;9958;14;9954;19;;;9964;14;9966;35;;;9961.0;0.0
yf_MKC_d7;45700;INTARIAN_PEPPER_ROOT;11783;9;11780;26;;;11800;13;11802;20;;;11791.5;0.0
yf_MKC_d7;45800;ASH_COATED_OSMIUM;9955;9;9952;34;;;9966;10;9968;16;;;9960.5;0.0
yf_MKC_d7;45800;INTARIAN_PEPPER_ROOT;11789;9;11786;31;;;11795;16;11799;10;;;11792.0;0.0
yf_MKC_d7;45900;ASH_COATED_OSMIUM;9958;18;9956;22;;;9964;7;9968;19;;;9961.0;0.0
yf_MKC_d7;45900;INTARIAN_PEPPER_ROOT;11785;12;11781;29;;;11802;6;11805;16;;;11793.5;0.0
yf_MKC_d7;46000;ASH_COATED_OSMIUM;9958;21;9954;16;;;9964;7;9967;17;;;9961.0;0.0
yf_MKC_d7;46000;INTARIAN_PEPPER_ROOT;11790;16;11786;21;;;11799;13;11802;8;;;11794.5;0.0
yf_MKC_d7;46100;ASH_COATED_OSMIUM;9953;18;9950;25;;;9969;15;9971;16;;;9961.0;0.0
yf_MKC_d7;46100;INTARIAN_PEPPER_ROOT;11782;23;11779;21;;;11810;14;11814;14;;;11796.0;0.0
yf_MKC_d7;46200;ASH_COATED_OSMIUM;9958;21;9955;20;;;9964;15;9968;21;;;9961.0;0.0
yf_MKC_d7;46200;INTARIAN_PEPPER_ROOT;11794;20;11791;11;;;11800;15;11803;26;;;11797.0;0.0
yf_MKC_d7;46300;ASH_COATED_OSMIUM;9958;16;9956;19;;;9964;15;9967;18;;;9961.0;0.0
yf_MKC_d7;46300;INTARIAN_PEPPER_ROOT;11790;22;11788;23;;;11809;9;11813;26;;;11799.5;0.0
yf_MKC_d7;46400;ASH_COATED_OSMIUM;9958;10;9956;8;;;9964;6;9967;15;;;9961.0;0.0
yf_MKC_d7;46400;INTARIAN_PEPPER_ROOT;11797;17;11794;17;;;11803;22;11806;22;;;11800.0;0.0
yf_MKC_d7;46500;ASH_COATED_OSMIUM;9956;22;9953;19;;;9966;15;9969;24;;;9961.0;0.0
yf_MKC_d7;46500;INTARIAN_PEPPER_ROOT;11790;13;11787;19;;;11813;14;11816;14;;;11801.5;0.0
yf_MKC_d7;46600;ASH_COATED_OSMIUM;9955;5;9951;20;;;9968;17;9970;19;;;9961.5;0.0
yf_MKC_d7;46600;INTARIAN_PEPPER_ROOT;11799;5;11795;13;;;11805;14;11809;18;;;11802.0;0.0
yf_MKC_d7;46700;ASH_COATED_OSMIUM;9959;18;9955;22;;;9965;22;9969;20;;;9962.0;0.0
yf_MKC_d7;46700;INTARIAN_PEPPER_ROOT;11800;10;11796;23;;;11808;20;11810;20;;;11804.0;0.0
yf_MKC_d7;46800;ASH_COATED_OSMIUM;9959;10;9955;21;;;9965;6;9967;19;;;9962.0;0.0
yf_MKC_d7;46800;INTARIAN_PEPPER_ROOT;11795;12;11793;25;;;11815;18;11817;16;;;11805.0;0.0
yf_MKC_d7;46900;ASH_COATED_OSMIUM;9952;14;9949;29;;;9970;24;9974;20;;;9961.0;0.0
yf_MKC_d7;46900;INTARIAN_PEPPER_ROOT;11803;5;11801;17;;;11810;9;11812;12;;;11806.5;0.0
yf_MKC_d7;47000;ASH_COATED_OSMIUM;9958;9;9954;19;;;9964;5;9967;23;;;9961.0;0.0
yf_MKC_d7;47000;INTARIAN_PEPPER_ROOT;11806;22;11804;17;;;11812;11;11814;22;;;11809.0;0.0
yf_MKC_d7;47100;ASH_COATED_OSMIUM;9953;18;9949;28;;;9970;12;9972;15;;;9961.5;0.0
yf_MKC_d7;47100;INTARIAN_PEPPER_ROOT;11801;15;11798;22;;;11817;12;11820;22;;;11809.0;0.0
yf_MKC_d7;47200;ASH_COATED_OSMIUM;9959;18;9956;8;;;9965;9;9969;17;;;9962.0;0.0
yf_MKC_d7;47200;INTARIAN_PEPPER_ROOT;11808;10;11806;19;;;11814;18;11816;18;;;11811.0;0.0
yf_MKC_d7;47300;ASH_COATED_OSMIUM;9955;20;9951;20;;;9968;22;9972;31;;;9961.5;0.0
yf_MKC_d7;47300;INTARIAN_PEPPER_ROOT;11807;15;11804;19;;;11818;19;11822;10;;;11812.5;0.0
yf_MKC_d7;47400;ASH_COATED_OSMIUM;9958;13;9955;25;;;9964;17;9968;23;;;9961.0;0.0
yf_MKC_d7;47400;INTARIAN_PEPPER_ROOT;11807;14;11803;25;;;11822;12;11826;15;;;11814.5;0.0
yf_MKC_d7;47500;ASH_COATED_OSMIUM;9958;15;9956;15;;;9964;14;9966;20;;;9961.0;0.0
yf_MKC_d7;47500;INTARIAN_PEPPER_ROOT;11812;16;11810;17;;;11818;11;11821;15;;;11815.0;0.0
yf_MKC_d7;47600;ASH_COATED_OSMIUM;9944;16;9942;16;;;9980;26;9982;19;;;9962.0;0.0
yf_MKC_d7;47600;INTARIAN_PEPPER_ROOT;11811;9;11807;23;;;11822;16;11825;17;;;11816.5;0.0
yf_MKC_d7;47700;ASH_COATED_OSMIUM;9959;27;9955;26;;;9965;21;9967;24;;;9962.0;0.0
yf_MKC_d7;47700;INTARIAN_PEPPER_ROOT;11809;12;11806;19;;;11827;10;11830;17;;;11818.0;0.0
yf_MKC_d7;47800;ASH_COATED_OSMIUM;9958;20;9955;16;;;9965;24;9967;16;;;9961.5;0.0
yf_MKC_d7;47800;INTARIAN_PEPPER_ROOT;11817;14;11815;23;;;11823;26;11826;13;;;11820.0;0.0
yf_MKC_d7;47900;ASH_COATED_OSMIUM;9958;14;9955;9;;;9964;5;9968;19;;;9961.0;0.0
yf_MKC_d7;47900;INTARIAN_PEPPER_ROOT;11817;11;11815;13;;;11826;11;11828;30;;;11821.5;0.0
yf_MKC_d7;48000;ASH_COATED_OSMIUM;9958;17;9955;18;;;9965;7;9969;21;;;9961.5;0.0
yf_MKC_d7;48000;INTARIAN_PEPPER_ROOT;11819;17;11816;25;;;11825;18;11828;24;;;11822.0;0.0
yf_MKC_d7;48100;ASH_COATED_OSMIUM;9959;13;9957;16;;;9965;15;9969;14;;;9962.0;0.0
yf_MKC_d7;48100;INTARIAN_PEPPER_ROOT;11816;16;11814;15;;;11830;12;11834;17;;;11823.0;0.0
yf_MKC_d7;48200;ASH_COATED_OSMIUM;9951;21;9949;19;;;9973;16;9976;21;;;9962.0;0.0
yf_MKC_d7;48200;INTARIAN_PEPPER_ROOT;11822;7;11818;24;;;11828;17;11830;8;;;11825.0;0.0
yf_MKC_d7;48300;ASH_COATED_OSMIUM;9956;10;9953;15;;;9967;13;9970;27;;;9961.5;0.0
yf_MKC_d7;48300;INTARIAN_PEPPER_ROOT;11818;16;11814;16;;;11833;12;11836;13;;;11825.5;0.0
yf_MKC_d7;48400;ASH_COATED_OSMIUM;9958;14;9954;32;;;9966;20;9969;23;;;9962.0;0.0
yf_MKC_d7;48400;INTARIAN_PEPPER_ROOT;11824;10;11820;28;;;11831;15;11835;28;;;11827.5;0.0
yf_MKC_d7;48500;ASH_COATED_OSMIUM;9959;16;9955;13;;;9965;18;9967;22;;;9962.0;0.0
yf_MKC_d7;48500;INTARIAN_PEPPER_ROOT;11824;14;11821;14;;;11834;5;11836;22;;;11829.0;0.0
yf_MKC_d7;48600;ASH_COATED_OSMIUM;9958;13;9955;30;;;9964;12;9966;22;;;9961.0;0.0
yf_MKC_d7;48600;INTARIAN_PEPPER_ROOT;11827;11;11823;17;;;11834;5;11836;12;;;11830.5;0.0
yf_MKC_d7;48700;ASH_COATED_OSMIUM;9954;20;9950;10;;;9968;23;9971;12;;;9961.0;0.0
yf_MKC_d7;48700;INTARIAN_PEPPER_ROOT;11827;19;11825;19;;;11836;5;11838;27;;;11831.5;0.0
yf_MKC_d7;48800;ASH_COATED_OSMIUM;9959;22;9955;15;;;9965;8;9969;26;;;9962.0;0.0
yf_MKC_d7;48800;INTARIAN_PEPPER_ROOT;11829;17;11825;26;;;11835;13;11839;21;;;11832.0;0.0
yf_MKC_d7;48900;ASH_COATED_OSMIUM;9958;12;9954;20;;;9964;19;9967;15;;;9961.0;0.0
yf_MKC_d7;48900;INTARIAN_PEPPER_ROOT;11829;13;11825;17;;;11838;12;11842;19;;;11833.5;0.0
yf_MKC_d7;49000;ASH_COATED_OSMIUM;9959;13;9956;12;;;9965;15;9968;21;;;9962.0;0.0
yf_MKC_d7;49000;INTARIAN_PEPPER_ROOT;11832;23;11830;24;;;11840;22;11843;16;;;11836.0;0.0
yf_MKC_d7;49100;ASH_COATED_OSMIUM;9959;8;9956;15;;;9965;15;9969;14;;;9962.0;0.0
yf_MKC_d7;49100;INTARIAN_PEPPER_ROOT;11834;15;11832;21;;;11840;15;11842;24;;;11837.0;0.0
yf_MKC_d7;49200;ASH_COATED_OSMIUM;9951;22;9948;17;;;9972;12;9975;22;;;9961.5;0.0
yf_MKC_d7;49200;INTARIAN_PEPPER_ROOT;11836;19;11832;21;;;11842;8;11845;19;;;11839.0;0.0
yf_MKC_d7;49300;ASH_COATED_OSMIUM;9951;5;9948;26;;;9972;10;9975;12;;;9961.5;0.0
yf_MKC_d7;49300;INTARIAN_PEPPER_ROOT;11837;11;11834;21;;;11843;6;11847;17;;;11840.0;0.0
yf_MKC_d7;49400;ASH_COATED_OSMIUM;9952;11;9950;22;;;9971;10;9974;23;;;9961.5;0.0
yf_MKC_d7;49400;INTARIAN_PEPPER_ROOT;11828;6;11824;16;;;11853;22;11856;23;;;11840.5;0.0
yf_MKC_d7;49500;ASH_COATED_OSMIUM;9959;20;9956;18;;;9965;18;9968;19;;;9962.0;0.0
yf_MKC_d7;49500;INTARIAN_PEPPER_ROOT;11840;18;11836;22;;;11846;5;11850;17;;;11843.0;0.0
yf_MKC_d7;49600;ASH_COATED_OSMIUM;9950;14;9948;17;;;9973;12;9977;25;;;9961.5;0.0
yf_MKC_d7;49600;INTARIAN_PEPPER_ROOT;11828;11;11824;22;;;11859;26;11862;31;;;11843.5;0.0
yf_MKC_d7;49700;ASH_COATED_OSMIUM;9959;16;9957;23;;;9965;26;9969;21;;;9962.0;0.0
yf_MKC_d7;49700;INTARIAN_PEPPER_ROOT;11842;26;11838;23;;;11848;7;11851;12;;;11845.0;0.0
yf_MKC_d7;49800;ASH_COATED_OSMIUM;9959;26;9957;16;;;9965;11;9967;24;;;9962.0;0.0
yf_MKC_d7;49800;INTARIAN_PEPPER_ROOT;11844;22;11842;16;;;11850;13;11853;21;;;11847.0;0.0
yf_MKC_d7;49900;ASH_COATED_OSMIUM;9955;8;9952;9;;;9968;17;9972;23;;;9961.5;0.0
yf_MKC_d7;49900;INTARIAN_PEPPER_ROOT;11845;15;11843;16;;;11851;5;11853;24;;;11848.0;0.0
yf_MKC_d7;50000;ASH_COATED_OSMIUM;9959;14;9955;20;;;9965;10;9968;27;;;9962.0;0.0
yf_MKC_d7;50000;INTARIAN_PEPPER_ROOT;11846;15;11843;22;;;11852;16;11854;11;;;11849.0;0.0
yf_MKC_d7;50100;ASH_COATED_OSMIUM;9959;9;9955;24;;;9965;14;9967;22;;;9962.0;0.0
yf_MKC_d7;50100;INTARIAN_PEPPER_ROOT;11846;17;11843;20;;;11854;12;11857;22;;;11850.0;0.0
yf_MKC_d7;50200;ASH_COATED_OSMIUM;9949;11;9947;21;;;9974;7;9976;25;;;9961.5;0.0
yf_MKC_d7;50200;INTARIAN_PEPPER_ROOT;11846;20;11842;12;;;11858;16;11860;19;;;11852.0;0.0
yf_MKC_d7;50300;ASH_COATED_OSMIUM;9959;10;9956;22;;;9965;6;9967;15;;;9962.0;0.0
yf_MKC_d7;50300;INTARIAN_PEPPER_ROOT;11850;13;11848;16;;;11856;10;11860;28;;;11853.0;0.0
yf_MKC_d7;50400;ASH_COATED_OSMIUM;9959;14;9956;21;;;9965;6;9967;27;;;9962.0;0.0
yf_MKC_d7;50400;INTARIAN_PEPPER_ROOT;11844;8;11842;9;;;11865;17;11869;13;;;11854.5;0.0
yf_MKC_d7;50500;ASH_COATED_OSMIUM;9959;17;9955;23;;;9965;15;9967;23;;;9962.0;0.0
yf_MKC_d7;50500;INTARIAN_PEPPER_ROOT;11850;5;11847;19;;;11862;17;11865;23;;;11856.0;0.0
yf_MKC_d7;50600;ASH_COATED_OSMIUM;9956;25;9954;26;;;9969;16;9971;22;;;9962.5;0.0
yf_MKC_d7;50600;INTARIAN_PEPPER_ROOT;11850;8;11847;23;;;11864;20;11866;23;;;11857.0;0.0
yf_MKC_d7;50700;ASH_COATED_OSMIUM;9959;19;9956;13;;;9965;19;9967;13;;;9962.0;0.0
yf_MKC_d7;50700;INTARIAN_PEPPER_ROOT;11855;13;11853;21;;;11861;10;11864;13;;;11858.0;0.0
yf_MKC_d7;50800;ASH_COATED_OSMIUM;9959;13;9955;8;;;9965;9;9967;17;;;9962.0;0.0
yf_MKC_d7;50800;INTARIAN_PEPPER_ROOT;11857;13;11854;24;;;11863;15;11865;16;;;11860.0;0.0
yf_MKC_d7;50900;ASH_COATED_OSMIUM;9959;18;9956;18;;;9965;9;9967;21;;;9962.0;0.0
yf_MKC_d7;50900;INTARIAN_PEPPER_ROOT;11859;19;11857;15;;;11865;13;11868;19;;;11862.0;0.0
yf_MKC_d7;51000;ASH_COATED_OSMIUM;9952;9;9948;26;;;9972;17;9974;17;;;9962.0;0.0
yf_MKC_d7;51000;INTARIAN_PEPPER_ROOT;11857;21;11855;25;;;11870;13;11872;20;;;11863.5;0.0
yf_MKC_d7;51100;ASH_COATED_OSMIUM;9950;18;9946;23;;;9974;9;9977;26;;;9962.0;0.0
yf_MKC_d7;51100;INTARIAN_PEPPER_ROOT;11862;18;11860;22;;;11868;21;11871;21;;;11865.0;0.0
yf_MKC_d7;51200;ASH_COATED_OSMIUM;9952;11;9949;16;;;9972;25;9974;10;;;9962.0;0.0
yf_MKC_d7;51200;INTARIAN_PEPPER_ROOT;11858;26;11854;8;;;11874;13;11877;24;;;11866.0;0.0
yf_MKC_d7;51300;ASH_COATED_OSMIUM;9956;13;9954;10;;;9967;10;9970;22;;;9961.5;0.0
yf_MKC_d7;51300;INTARIAN_PEPPER_ROOT;11862;19;11860;13;;;11874;11;11877;26;;;11868.0;0.0
yf_MKC_d7;51400;ASH_COATED_OSMIUM;9959;13;9957;28;;;9965;5;9968;18;;;9962.0;0.0
yf_MKC_d7;51400;INTARIAN_PEPPER_ROOT;11867;17;11864;27;;;11873;11;11877;18;;;11870.0;0.0
yf_MKC_d7;51500;ASH_COATED_OSMIUM;9951;20;9948;17;;;9973;10;9975;19;;;9962.0;0.0
yf_MKC_d7;51500;INTARIAN_PEPPER_ROOT;11865;18;11862;35;;;11877;10;11879;19;;;11871.0;0.0
yf_MKC_d7;51600;ASH_COATED_OSMIUM;9957;15;9953;24;;;9967;14;9970;11;;;9962.0;0.0
yf_MKC_d7;51600;INTARIAN_PEPPER_ROOT;11870;11;11866;27;;;11876;12;11878;17;;;11873.0;0.0
yf_MKC_d7;51700;ASH_COATED_OSMIUM;9959;10;9956;18;;;9965;15;9969;21;;;9962.0;0.0
yf_MKC_d7;51700;INTARIAN_PEPPER_ROOT;11872;11;11869;24;;;11878;14;11882;26;;;11875.0;0.0
yf_MKC_d7;51800;ASH_COATED_OSMIUM;9959;16;9957;22;;;9965;5;9967;23;;;9962.0;0.0
yf_MKC_d7;51800;INTARIAN_PEPPER_ROOT;11873;18;11869;17;;;11880;17;11884;24;;;11876.5;0.0
yf_MKC_d7;51900;ASH_COATED_OSMIUM;9959;19;9955;8;;;9965;9;9968;18;;;9962.0;0.0
yf_MKC_d7;51900;INTARIAN_PEPPER_ROOT;11874;12;11870;15;;;11880;13;11882;20;;;11877.0;0.0
yf_MKC_d7;52000;ASH_COATED_OSMIUM;9958;17;9954;17;;;9966;6;9969;23;;;9962.0;0.0
yf_MKC_d7;52000;INTARIAN_PEPPER_ROOT;11876;11;11872;29;;;11882;14;11886;21;;;11879.0;0.0
yf_MKC_d7;52100;ASH_COATED_OSMIUM;9959;16;9955;17;;;9965;21;9967;16;;;9962.0;0.0
yf_MKC_d7;52100;INTARIAN_PEPPER_ROOT;11873;14;11871;15;;;11889;18;11891;18;;;11881.0;0.0
yf_MKC_d7;52200;ASH_COATED_OSMIUM;9959;11;9956;11;;;9965;5;9969;29;;;9962.0;0.0
yf_MKC_d7;52200;INTARIAN_PEPPER_ROOT;11879;10;11876;22;;;11885;5;11887;22;;;11882.0;0.0
yf_MKC_d7;52300;ASH_COATED_OSMIUM;9959;24;9955;21;;;9965;15;9969;17;;;9962.0;0.0
yf_MKC_d7;52300;INTARIAN_PEPPER_ROOT;11881;14;11879;16;;;11888;25;11892;26;;;11884.5;0.0
yf_MKC_d7;52400;ASH_COATED_OSMIUM;9951;22;9947;23;;;9974;7;9977;17;;;9962.5;0.0
yf_MKC_d7;52400;INTARIAN_PEPPER_ROOT;11876;13;11872;10;;;11895;9;11898;15;;;11885.5;0.0
yf_MKC_d7;52500;ASH_COATED_OSMIUM;9959;13;9955;26;;;9965;12;9969;16;;;9962.0;0.0
yf_MKC_d7;52500;INTARIAN_PEPPER_ROOT;11884;19;11882;20;;;11890;15;11893;11;;;11887.0;0.0
yf_MKC_d7;52600;ASH_COATED_OSMIUM;9951;24;9948;19;;;9973;19;9977;23;;;9962.0;0.0
yf_MKC_d7;52600;INTARIAN_PEPPER_ROOT;11886;17;11882;16;;;11892;22;11896;18;;;11889.0;0.0
yf_MKC_d7;52700;ASH_COATED_OSMIUM;9959;20;9955;13;;;9965;17;9969;8;;;9962.0;0.0
yf_MKC_d7;52700;INTARIAN_PEPPER_ROOT;11887;14;11883;14;;;11893;20;11896;20;;;11890.0;0.0
yf_MKC_d7;52800;ASH_COATED_OSMIUM;9958;9;9956;18;;;9965;23;9968;17;;;9961.5;0.0
yf_MKC_d7;52800;INTARIAN_PEPPER_ROOT;11885;23;11881;25;;;11900;12;11902;13;;;11892.5;0.0
yf_MKC_d7;52900;ASH_COATED_OSMIUM;9959;12;9955;17;;;9965;17;9968;13;;;9962.0;0.0
yf_MKC_d7;52900;INTARIAN_PEPPER_ROOT;11890;8;11886;26;;;11896;17;11898;22;;;11893.0;0.0
yf_MKC_d7;53000;ASH_COATED_OSMIUM;9959;21;9955;21;;;9965;19;9968;20;;;9962.0;0.0
yf_MKC_d7;53000;INTARIAN_PEPPER_ROOT;11888;13;11885;15;;;11901;18;11904;20;;;11894.5;0.0
yf_MKC_d7;53100;ASH_COATED_OSMIUM;9956;7;9952;17;;;9967;11;9970;26;;;9961.5;0.0
yf_MKC_d7;53100;INTARIAN_PEPPER_ROOT;11894;5;11891;9;;;11900;21;11902;14;;;11897.0;0.0
yf_MKC_d7;53200;ASH_COATED_OSMIUM;9959;10;9956;15;;;9965;25;9968;27;;;9962.0;0.0
yf_MKC_d7;53200;INTARIAN_PEPPER_ROOT;11895;6;11891;15;;;11901;22;11904;21;;;11898.0;0.0
yf_MKC_d7;53300;ASH_COATED_OSMIUM;9959;14;9955;24;;;9965;16;9968;16;;;9962.0;0.0
yf_MKC_d7;53300;INTARIAN_PEPPER_ROOT;11897;17;11893;13;;;11903;18;11907;19;;;11900.0;0.0
yf_MKC_d7;53400;ASH_COATED_OSMIUM;9959;12;9955;21;;;9965;19;9968;23;;;9962.0;0.0
yf_MKC_d7;53400;INTARIAN_PEPPER_ROOT;11898;14;11895;25;;;11904;16;11906;16;;;11901.0;0.0
yf_MKC_d7;53500;ASH_COATED_OSMIUM;9946;18;9944;18;;;9977;14;9979;24;;;9961.5;0.0
yf_MKC_d7;53500;INTARIAN_PEPPER_ROOT;11899;7;11896;20;;;11906;6;11908;18;;;11902.5;0.0
yf_MKC_d7;53600;ASH_COATED_OSMIUM;9959;17;9957;30;;;9965;7;9968;31;;;9962.0;0.0
yf_MKC_d7;53600;INTARIAN_PEPPER_ROOT;11902;10;11899;21;;;11908;13;11911;17;;;11905.0;0.0
yf_MKC_d7;53700;ASH_COATED_OSMIUM;9957;14;9954;19;;;9967;12;9969;23;;;9962.0;0.0
yf_MKC_d7;53700;INTARIAN_PEPPER_ROOT;11903;17;11900;18;;;11909;15;11912;21;;;11906.0;0.0
yf_MKC_d7;53800;ASH_COATED_OSMIUM;9959;10;9956;22;;;9965;21;9968;28;;;9962.0;0.0
yf_MKC_d7;53800;INTARIAN_PEPPER_ROOT;11904;21;11901;18;;;11910;15;11913;19;;;11907.0;0.0
yf_MKC_d7;53900;ASH_COATED_OSMIUM;9958;10;9954;13;;;9967;16;9969;16;;;9962.5;0.0
yf_MKC_d7;53900;INTARIAN_PEPPER_ROOT;11906;15;11904;21;;;11912;17;11914;28;;;11909.0;0.0
yf_MKC_d7;54000;ASH_COATED_OSMIUM;9959;13;9957;16;;;9965;16;9967;20;;;9962.0;0.0
yf_MKC_d7;54000;INTARIAN_PEPPER_ROOT;11904;17;11902;18;;;11916;10;11919;14;;;11910.0;0.0
yf_MKC_d7;54100;ASH_COATED_OSMIUM;9958;10;9955;21;;;9964;13;9968;15;;;9961.0;0.0
yf_MKC_d7;54100;INTARIAN_PEPPER_ROOT;11907;12;11904;18;;;11918;20;11920;24;;;11912.5;0.0
yf_MKC_d7;54200;ASH_COATED_OSMIUM;9959;19;9955;11;;;9965;13;9969;20;;;9962.0;0.0
yf_MKC_d7;54200;INTARIAN_PEPPER_ROOT;11911;16;11909;18;;;11917;18;11921;20;;;11914.0;0.0
yf_MKC_d7;54300;ASH_COATED_OSMIUM;9959;21;9956;25;;;9965;8;9967;24;;;9962.0;0.0
yf_MKC_d7;54300;INTARIAN_PEPPER_ROOT;11910;15;11906;18;;;11921;13;11925;23;;;11915.5;0.0
yf_MKC_d7;54400;ASH_COATED_OSMIUM;9959;21;9957;18;;;9965;6;9969;12;;;9962.0;0.0
yf_MKC_d7;54400;INTARIAN_PEPPER_ROOT;11914;12;11912;29;;;11920;13;11922;16;;;11917.0;0.0
yf_MKC_d7;54500;ASH_COATED_OSMIUM;9957;20;9954;8;;;9967;18;9971;19;;;9962.0;0.0
yf_MKC_d7;54500;INTARIAN_PEPPER_ROOT;11916;20;11912;20;;;11922;13;11924;17;;;11919.0;0.0
yf_MKC_d7;54600;ASH_COATED_OSMIUM;9959;14;9955;19;;;9965;14;9968;20;;;9962.0;0.0
yf_MKC_d7;54600;INTARIAN_PEPPER_ROOT;11911;21;11908;14;;;11928;14;11931;16;;;11919.5;0.0
yf_MKC_d7;54700;ASH_COATED_OSMIUM;9958;22;9956;16;;;9964;19;9967;22;;;9961.0;0.0
yf_MKC_d7;54700;INTARIAN_PEPPER_ROOT;11915;14;11911;24;;;11929;19;11931;15;;;11922.0;0.0
yf_MKC_d7;54800;ASH_COATED_OSMIUM;9959;9;9956;8;;;9965;11;9969;23;;;9962.0;0.0
yf_MKC_d7;54800;INTARIAN_PEPPER_ROOT;11920;16;11917;22;;;11926;15;11929;20;;;11923.0;0.0
yf_MKC_d7;54900;ASH_COATED_OSMIUM;9959;12;9955;20;;;9965;9;9967;16;;;9962.0;0.0
yf_MKC_d7;54900;INTARIAN_PEPPER_ROOT;11922;7;11918;34;;;11928;20;11930;19;;;11925.0;0.0
yf_MKC_d7;55000;ASH_COATED_OSMIUM;9959;12;9957;24;;;9965;12;9968;20;;;9962.0;0.0
yf_MKC_d7;55000;INTARIAN_PEPPER_ROOT;11924;18;11920;13;;;11930;10;11932;28;;;11927.0;0.0
yf_MKC_d7;55100;ASH_COATED_OSMIUM;9958;18;9955;8;;;9964;13;9966;25;;;9961.0;0.0
yf_MKC_d7;55100;INTARIAN_PEPPER_ROOT;11924;19;11921;19;;;11931;17;11933;18;;;11927.5;0.0
yf_MKC_d7;55200;ASH_COATED_OSMIUM;9956;18;9953;18;;;9967;5;9969;16;;;9961.5;0.0
yf_MKC_d7;55200;INTARIAN_PEPPER_ROOT;11926;19;11923;8;;;11932;18;11934;24;;;11929.0;0.0
yf_MKC_d7;55300;ASH_COATED_OSMIUM;9958;25;9955;24;;;9964;20;9967;22;;;9961.0;0.0
yf_MKC_d7;55300;INTARIAN_PEPPER_ROOT;11927;5;11925;16;;;11935;12;11939;26;;;11931.0;0.0
yf_MKC_d7;55400;ASH_COATED_OSMIUM;9959;11;9956;20;;;9965;14;9969;22;;;9962.0;0.0
yf_MKC_d7;55400;INTARIAN_PEPPER_ROOT;11930;14;11928;15;;;11936;21;11938;23;;;11933.0;0.0
yf_MKC_d7;55500;ASH_COATED_OSMIUM;9957;14;9955;32;;;9966;15;9970;26;;;9961.5;0.0
yf_MKC_d7;55500;INTARIAN_PEPPER_ROOT;11931;18;11928;19;;;11937;14;11941;13;;;11934.0;0.0
yf_MKC_d7;55600;ASH_COATED_OSMIUM;9958;28;9956;17;;;9964;11;9968;13;;;9961.0;0.0
yf_MKC_d7;55600;INTARIAN_PEPPER_ROOT;11931;17;11928;17;;;11943;7;11947;16;;;11937.0;0.0
yf_MKC_d7;55700;ASH_COATED_OSMIUM;9959;19;9955;19;;;9965;16;9969;16;;;9962.0;0.0
yf_MKC_d7;55700;INTARIAN_PEPPER_ROOT;11929;5;11925;16;;;11946;20;11950;13;;;11937.5;0.0
yf_MKC_d7;55800;ASH_COATED_OSMIUM;9959;20;9957;11;;;9965;13;9968;15;;;9962.0;0.0
yf_MKC_d7;55800;INTARIAN_PEPPER_ROOT;11936;17;11932;16;;;11942;13;11946;8;;;11939.0;0.0
yf_MKC_d7;55900;ASH_COATED_OSMIUM;9950;20;9948;17;;;9973;27;9976;13;;;9961.5;0.0
yf_MKC_d7;55900;INTARIAN_PEPPER_ROOT;11930;21;11926;14;;;11951;7;11955;14;;;11940.5;0.0
yf_MKC_d7;56000;ASH_COATED_OSMIUM;9959;21;9957;18;;;9965;12;9968;19;;;9962.0;0.0
yf_MKC_d7;56000;INTARIAN_PEPPER_ROOT;11939;15;11937;23;;;11945;13;11947;16;;;11942.0;0.0
yf_MKC_d7;56100;ASH_COATED_OSMIUM;9956;17;9952;24;;;9968;20;9972;25;;;9962.0;0.0
yf_MKC_d7;56100;INTARIAN_PEPPER_ROOT;11941;11;11937;27;;;11947;20;11950;19;;;11944.0;0.0
yf_MKC_d7;56200;ASH_COATED_OSMIUM;9958;11;9956;24;;;9965;9;9967;24;;;9961.5;0.0
yf_MKC_d7;56200;INTARIAN_PEPPER_ROOT;11943;21;11940;23;;;11949;10;11952;14;;;11946.0;0.0
yf_MKC_d7;56300;ASH_COATED_OSMIUM;9959;10;9956;22;;;9965;13;9967;26;;;9962.0;0.0
yf_MKC_d7;56300;INTARIAN_PEPPER_ROOT;11942;13;11940;19;;;11954;15;11957;18;;;11948.0;0.0
yf_MKC_d7;56400;ASH_COATED_OSMIUM;9956;24;9953;18;;;9966;14;9969;15;;;9961.0;0.0
yf_MKC_d7;56400;INTARIAN_PEPPER_ROOT;11946;8;11943;16;;;11952;23;11955;16;;;11949.0;0.0
yf_MKC_d7;56500;ASH_COATED_OSMIUM;9959;11;9956;18;;;9965;16;9969;16;;;9962.0;0.0
yf_MKC_d7;56500;INTARIAN_PEPPER_ROOT;11946;13;11943;21;;;11955;17;11957;26;;;11950.5;0.0
yf_MKC_d7;56600;ASH_COATED_OSMIUM;9959;12;9955;12;;;9965;13;9967;21;;;9962.0;0.0
yf_MKC_d7;56600;INTARIAN_PEPPER_ROOT;11949;11;11945;27;;;11955;9;11957;15;;;11952.0;0.0
yf_MKC_d7;56700;ASH_COATED_OSMIUM;9959;21;9955;15;;;9965;13;9967;24;;;9962.0;0.0
yf_MKC_d7;56700;INTARIAN_PEPPER_ROOT;11947;21;11943;26;;;11959;24;11963;23;;;11953.0;0.0
yf_MKC_d7;56800;ASH_COATED_OSMIUM;9959;19;9956;21;;;9965;8;9968;15;;;9962.0;0.0
yf_MKC_d7;56800;INTARIAN_PEPPER_ROOT;11952;8;11948;30;;;11958;15;11962;18;;;11955.0;0.0
yf_MKC_d7;56900;ASH_COATED_OSMIUM;9957;9;9954;19;;;9966;15;9969;22;;;9961.5;0.0
yf_MKC_d7;56900;INTARIAN_PEPPER_ROOT;11954;21;11950;17;;;11960;13;11962;22;;;11957.0;0.0
yf_MKC_d7;57000;ASH_COATED_OSMIUM;9958;20;9954;21;;;9964;13;9967;23;;;9961.0;0.0
yf_MKC_d7;57000;INTARIAN_PEPPER_ROOT;11955;17;11953;15;;;11961;10;11964;25;;;11958.0;0.0
yf_MKC_d7;57100;ASH_COATED_OSMIUM;9958;6;9954;16;;;9965;12;9968;19;;;9961.5;0.0
yf_MKC_d7;57100;INTARIAN_PEPPER_ROOT;11955;9;11953;16;;;11965;24;11969;19;;;11960.0;0.0
yf_MKC_d7;57200;ASH_COATED_OSMIUM;9955;23;9952;19;;;9967;18;9969;23;;;9961.0;0.0
yf_MKC_d7;57200;INTARIAN_PEPPER_ROOT;11959;16;11956;21;;;11965;14;11967;12;;;11962.0;0.0
yf_MKC_d7;57300;ASH_COATED_OSMIUM;9957;20;9954;18;;;9968;7;9972;19;;;9962.5;0.0
yf_MKC_d7;57300;INTARIAN_PEPPER_ROOT;11957;20;11954;20;;;11968;11;11970;19;;;11962.5;0.0
yf_MKC_d7;57400;ASH_COATED_OSMIUM;9945;18;9943;19;;;9977;17;9980;21;;;9961.0;0.0
yf_MKC_d7;57400;INTARIAN_PEPPER_ROOT;11961;11;11958;21;;;11967;12;11970;35;;;11964.0;0.0
yf_MKC_d7;57500;ASH_COATED_OSMIUM;9959;14;9956;22;;;9965;9;9969;18;;;9962.0;0.0
yf_MKC_d7;57500;INTARIAN_PEPPER_ROOT;11963;13;11960;29;;;11970;16;11972;22;;;11966.5;0.0
yf_MKC_d7;57600;ASH_COATED_OSMIUM;9959;10;9957;29;;;9965;22;9968;20;;;9962.0;0.0
yf_MKC_d7;57600;INTARIAN_PEPPER_ROOT;11961;20;11957;33;;;11975;12;11977;11;;;11968.0;0.0
yf_MKC_d7;57700;ASH_COATED_OSMIUM;9959;16;9956;24;;;9965;10;9969;27;;;9962.0;0.0
yf_MKC_d7;57700;INTARIAN_PEPPER_ROOT;11961;20;11959;23;;;11978;8;11982;27;;;11969.5;0.0
yf_MKC_d7;57800;ASH_COATED_OSMIUM;9959;24;9956;18;;;9965;15;9969;27;;;9962.0;0.0
yf_MKC_d7;57800;INTARIAN_PEPPER_ROOT;11967;17;11965;25;;;11974;12;11977;15;;;11970.5;0.0
yf_MKC_d7;57900;ASH_COATED_OSMIUM;9958;13;9954;19;;;9966;5;9968;24;;;9962.0;0.0
yf_MKC_d7;57900;INTARIAN_PEPPER_ROOT;11970;5;11967;17;;;11976;15;11980;16;;;11973.0;0.0
yf_MKC_d7;58000;ASH_COATED_OSMIUM;9959;13;9956;18;;;9965;5;9969;23;;;9962.0;0.0
yf_MKC_d7;58000;INTARIAN_PEPPER_ROOT;11968;13;11964;14;;;11980;21;11982;25;;;11974.0;0.0
yf_MKC_d7;58100;ASH_COATED_OSMIUM;9957;17;9955;18;;;9966;19;9968;9;;;9961.5;0.0
yf_MKC_d7;58100;INTARIAN_PEPPER_ROOT;11970;16;11966;18;;;11981;18;11984;29;;;11975.5;0.0
yf_MKC_d7;58200;ASH_COATED_OSMIUM;9958;14;9954;11;;;9964;20;9966;19;;;9961.0;0.0
yf_MKC_d7;58200;INTARIAN_PEPPER_ROOT;11973;12;11971;18;;;11982;15;11986;19;;;11977.5;0.0
yf_MKC_d7;58300;ASH_COATED_OSMIUM;9957;7;9954;26;;;9966;15;9968;24;;;9961.5;0.0
yf_MKC_d7;58300;INTARIAN_PEPPER_ROOT;11976;19;11972;20;;;11982;13;11985;22;;;11979.0;0.0
yf_MKC_d7;58400;ASH_COATED_OSMIUM;9958;15;9955;21;;;9965;13;9968;15;;;9961.5;0.0
yf_MKC_d7;58400;INTARIAN_PEPPER_ROOT;11976;19;11973;19;;;11985;13;11988;19;;;11980.5;0.0
yf_MKC_d7;58500;ASH_COATED_OSMIUM;9959;15;9957;17;;;9965;12;9967;19;;;9962.0;0.0
yf_MKC_d7;58500;INTARIAN_PEPPER_ROOT;11979;17;11975;23;;;11985;19;11989;19;;;11982.0;0.0
yf_MKC_d7;58600;ASH_COATED_OSMIUM;9954;24;9952;10;;;9969;19;9973;26;;;9961.5;0.0
yf_MKC_d7;58600;INTARIAN_PEPPER_ROOT;11980;10;11977;22;;;11986;12;11990;12;;;11983.0;0.0
yf_MKC_d7;58700;ASH_COATED_OSMIUM;9959;17;9957;15;;;9965;11;9969;15;;;9962.0;0.0
yf_MKC_d7;58700;INTARIAN_PEPPER_ROOT;11980;16;11977;20;;;11989;15;11993;32;;;11984.5;0.0
yf_MKC_d7;58800;ASH_COATED_OSMIUM;9958;19;9955;20;;;9964;17;9966;23;;;9961.0;0.0
yf_MKC_d7;58800;INTARIAN_PEPPER_ROOT;11983;13;11981;21;;;11989;12;11991;19;;;11986.0;0.0
yf_MKC_d7;58900;ASH_COATED_OSMIUM;9959;20;9957;10;;;9965;15;9969;13;;;9962.0;0.0
yf_MKC_d7;58900;INTARIAN_PEPPER_ROOT;11985;15;11982;20;;;11991;9;11995;20;;;11988.0;0.0
yf_MKC_d7;59000;ASH_COATED_OSMIUM;9957;9;9953;24;;;9964;25;9968;19;;;9960.5;0.0
