day;timestamp;product;bid_price_1;bid_volume_1;bid_price_2;bid_volume_2;bid_price_3;bid_volume_3;ask_price_1;ask_volume_1;ask_price_2;ask_volume_2;ask_price_3;ask_volume_3;mid_price;profit_and_loss
yf_MKC_d12;0;ASH_COATED_OSMIUM;9905;16;9901;22;;;9918;12;9922;20;;;9911.5;0.0
yf_MKC_d12;0;INTARIAN_PEPPER_ROOT;10304;9;10301;14;;;10327;12;10331;27;;;10315.5;0.0
yf_MKC_d12;100;ASH_COATED_OSMIUM;9906;10;9903;18;;;9919;14;9921;27;;;9912.5;0.0
yf_MKC_d12;100;INTARIAN_PEPPER_ROOT;10316;20;10314;21;;;10322;13;10326;27;;;10319.0;0.0
yf_MKC_d12;200;ASH_COATED_OSMIUM;9902;14;9900;21;;;9922;18;9926;15;;;9912.0;0.0
yf_MKC_d12;200;INTARIAN_PEPPER_ROOT;10319;5;10317;11;;;10325;15;10328;21;;;10322.0;0.0
yf_MKC_d12;300;ASH_COATED_OSMIUM;9909;8;9905;18;;;9915;6;9917;20;;;9912.0;0.0
yf_MKC_d12;300;INTARIAN_PEPPER_ROOT;10322;19;10319;14;;;10328;16;10332;23;;;10325.0;0.0
yf_MKC_d12;400;ASH_COATED_OSMIUM;9907;5;9905;19;;;9917;15;9920;18;;;9912.0;0.0
yf_MKC_d12;400;INTARIAN_PEPPER_ROOT;10325;6;10323;23;;;10331;15;10334;24;;;10328.0;0.0
yf_MKC_d12;500;ASH_COATED_OSMIUM;9909;6;9905;24;;;9915;15;9917;17;;;9912.0;0.0
yf_MKC_d12;500;INTARIAN_PEPPER_ROOT;10328;19;10324;29;;;10334;18;10336;19;;;10331.0;0.0
yf_MKC_d12;600;ASH_COATED_OSMIUM;9909;18;9905;14;;;9915;5;9917;14;;;9912.0;0.0
yf_MKC_d12;600;INTARIAN_PEPPER_ROOT;10331;14;10328;17;;;10337;14;10340;16;;;10334.0;0.0
yf_MKC_d12;700;ASH_COATED_OSMIUM;9909;12;9907;15;;;9915;23;9919;16;;;9912.0;0.0
yf_MKC_d12;700;INTARIAN_PEPPER_ROOT;10334;12;10330;24;;;10340;9;10343;19;;;10337.0;0.0
yf_MKC_d12;800;ASH_COATED_OSMIUM;9903;7;9900;21;;;9922;16;9925;27;;;9912.5;0.0
yf_MKC_d12;800;INTARIAN_PEPPER_ROOT;10336;8;10334;21;;;10345;18;10348;27;;;10340.5;0.0
yf_MKC_d12;900;ASH_COATED_OSMIUM;9900;16;9898;21;;;9925;5;9927;18;;;9912.5;0.0
yf_MKC_d12;900;INTARIAN_PEPPER_ROOT;10338;9;10335;20;;;10347;16;10351;26;;;10342.5;0.0
yf_MKC_d12;1000;ASH_COATED_OSMIUM;9905;11;9902;27;;;9919;19;9922;20;;;9912.0;0.0
yf_MKC_d12;1000;INTARIAN_PEPPER_ROOT;10343;18;10339;18;;;10349;14;10351;24;;;10346.0;0.0
yf_MKC_d12;1100;ASH_COATED_OSMIUM;9909;28;9905;11;;;9915;17;9917;17;;;9912.0;0.0
yf_MKC_d12;1100;INTARIAN_PEPPER_ROOT;10346;12;10343;27;;;10352;5;10355;18;;;10349.0;0.0
yf_MKC_d12;1200;ASH_COATED_OSMIUM;9909;13;9907;23;;;9915;16;9919;21;;;9912.0;0.0
yf_MKC_d12;1200;INTARIAN_PEPPER_ROOT;10349;16;10346;28;;;10355;6;10358;11;;;10352.0;0.0
yf_MKC_d12;1300;ASH_COATED_OSMIUM;9909;5;9907;14;;;9915;7;9919;25;;;9912.0;0.0
yf_MKC_d12;1300;INTARIAN_PEPPER_ROOT;10352;11;10350;26;;;10358;14;10360;21;;;10355.0;0.0
yf_MKC_d12;1400;ASH_COATED_OSMIUM;9909;12;9906;18;;;9916;20;9919;12;;;9912.5;0.0
yf_MKC_d12;1400;INTARIAN_PEPPER_ROOT;10350;10;10348;23;;;10363;18;10367;10;;;10356.5;0.0
yf_MKC_d12;1500;ASH_COATED_OSMIUM;9904;14;9901;19;;;9921;17;9925;17;;;9912.5;0.0
yf_MKC_d12;1500;INTARIAN_PEPPER_ROOT;10353;15;10349;26;;;10369;16;10373;14;;;10361.0;0.0
yf_MKC_d12;1600;ASH_COATED_OSMIUM;9910;19;9908;14;;;9916;8;9920;25;;;9913.0;0.0
yf_MKC_d12;1600;INTARIAN_PEPPER_ROOT;10361;11;10358;23;;;10367;11;10369;22;;;10364.0;0.0
yf_MKC_d12;1700;ASH_COATED_OSMIUM;9909;20;9906;16;;;9915;9;9919;17;;;9912.0;0.0
yf_MKC_d12;1700;INTARIAN_PEPPER_ROOT;10364;15;10360;14;;;10370;14;10374;19;;;10367.0;0.0
yf_MKC_d12;1800;ASH_COATED_OSMIUM;9910;16;9906;19;;;9916;9;9918;29;;;9913.0;0.0
yf_MKC_d12;1800;INTARIAN_PEPPER_ROOT;10355;8;10352;22;;;10384;11;10388;19;;;10369.5;0.0
yf_MKC_d12;1900;ASH_COATED_OSMIUM;9910;10;9907;16;;;9916;5;9918;26;;;9913.0;0.0
yf_MKC_d12;1900;INTARIAN_PEPPER_ROOT;10364;7;10361;21;;;10380;11;10383;29;;;10372.0;0.0
yf_MKC_d12;2000;ASH_COATED_OSMIUM;9909;14;9905;24;;;9917;22;9921;23;;;9913.0;0.0
yf_MKC_d12;2000;INTARIAN_PEPPER_ROOT;10373;9;10371;19;;;10379;11;10381;22;;;10376.0;0.0
yf_MKC_d12;2100;ASH_COATED_OSMIUM;9910;20;9908;20;;;9916;11;9919;10;;;9913.0;0.0
yf_MKC_d12;2100;INTARIAN_PEPPER_ROOT;10365;22;10361;17;;;10393;17;10396;13;;;10379.0;0.0
yf_MKC_d12;2200;ASH_COATED_OSMIUM;9910;25;9906;17;;;9916;14;9920;19;;;9913.0;0.0
yf_MKC_d12;2200;INTARIAN_PEPPER_ROOT;10379;10;10377;23;;;10385;17;10388;13;;;10382.0;0.0
yf_MKC_d12;2300;ASH_COATED_OSMIUM;9909;7;9907;18;;;9915;9;9919;31;;;9912.0;0.0
yf_MKC_d12;2300;INTARIAN_PEPPER_ROOT;10382;11;10379;27;;;10388;14;10392;18;;;10385.0;0.0
yf_MKC_d12;2400;ASH_COATED_OSMIUM;9908;16;9905;14;;;9918;20;9920;19;;;9913.0;0.0
yf_MKC_d12;2400;INTARIAN_PEPPER_ROOT;10370;12;10366;17;;;10406;13;10408;20;;;10388.0;0.0
yf_MKC_d12;2500;ASH_COATED_OSMIUM;9910;12;9906;22;;;9916;16;9919;22;;;9913.0;0.0
yf_MKC_d12;2500;INTARIAN_PEPPER_ROOT;10378;19;10376;28;;;10404;7;10406;13;;;10391.0;0.0
yf_MKC_d12;2600;ASH_COATED_OSMIUM;9910;9;9907;16;;;9916;10;9918;16;;;9913.0;0.0
yf_MKC_d12;2600;INTARIAN_PEPPER_ROOT;10391;14;10387;8;;;10397;19;10400;24;;;10394.0;0.0
yf_MKC_d12;2700;ASH_COATED_OSMIUM;9901;19;9898;25;;;9925;16;9927;16;;;9913.0;0.0
yf_MKC_d12;2700;INTARIAN_PEPPER_ROOT;10387;15;10383;23;;;10407;13;10411;22;;;10397.0;0.0
yf_MKC_d12;2800;ASH_COATED_OSMIUM;9910;12;9907;20;;;9916;11;9918;20;;;9913.0;0.0
yf_MKC_d12;2800;INTARIAN_PEPPER_ROOT;10397;12;10393;20;;;10403;16;10406;12;;;10400.0;0.0
yf_MKC_d12;2900;ASH_COATED_OSMIUM;9910;15;9908;21;;;9916;10;9920;25;;;9913.0;0.0
yf_MKC_d12;2900;INTARIAN_PEPPER_ROOT;10399;13;10397;20;;;10407;10;10410;17;;;10403.0;0.0
yf_MKC_d12;3000;ASH_COATED_OSMIUM;9903;14;9901;14;;;9923;25;9927;17;;;9913.0;0.0
yf_MKC_d12;3000;INTARIAN_PEPPER_ROOT;10400;22;10397;20;;;10412;20;10416;18;;;10406.0;0.0
yf_MKC_d12;3100;ASH_COATED_OSMIUM;9910;15;9908;19;;;9916;16;9918;19;;;9913.0;0.0
yf_MKC_d12;3100;INTARIAN_PEPPER_ROOT;10406;19;10404;16;;;10412;18;10415;22;;;10409.0;0.0
yf_MKC_d12;3200;ASH_COATED_OSMIUM;9905;13;9902;17;;;9921;12;9925;13;;;9913.0;0.0
yf_MKC_d12;3200;INTARIAN_PEPPER_ROOT;10409;19;10406;10;;;10415;15;10418;29;;;10412.0;0.0
yf_MKC_d12;3300;ASH_COATED_OSMIUM;9911;12;9907;17;;;9917;22;9920;21;;;9914.0;0.0
yf_MKC_d12;3300;INTARIAN_PEPPER_ROOT;10411;18;10409;19;;;10418;16;10420;18;;;10414.5;0.0
yf_MKC_d12;3400;ASH_COATED_OSMIUM;9910;23;9908;22;;;9916;14;9919;17;;;9913.0;0.0
yf_MKC_d12;3400;INTARIAN_PEPPER_ROOT;10408;14;10406;14;;;10428;8;10432;22;;;10418.0;0.0
yf_MKC_d12;3500;ASH_COATED_OSMIUM;9909;8;9907;17;;;9918;11;9920;21;;;9913.5;0.0
yf_MKC_d12;3500;INTARIAN_PEPPER_ROOT;10412;18;10409;14;;;10429;20;10432;15;;;10420.5;0.0
yf_MKC_d12;3600;ASH_COATED_OSMIUM;9910;14;9907;12;;;9916;13;9918;22;;;9913.0;0.0
yf_MKC_d12;3600;INTARIAN_PEPPER_ROOT;10421;17;10418;27;;;10427;13;10429;15;;;10424.0;0.0
yf_MKC_d12;3700;ASH_COATED_OSMIUM;9911;20;9909;30;;;9917;10;9920;8;;;9914.0;0.0
yf_MKC_d12;3700;INTARIAN_PEPPER_ROOT;10424;16;10421;22;;;10430;22;10432;11;;;10427.0;0.0
yf_MKC_d12;3800;ASH_COATED_OSMIUM;9900;9;9898;23;;;9927;12;9929;21;;;9913.5;0.0
yf_MKC_d12;3800;INTARIAN_PEPPER_ROOT;10414;15;10412;19;;;10446;14;10448;20;;;10430.0;0.0
yf_MKC_d12;3900;ASH_COATED_OSMIUM;9910;14;9907;24;;;9916;17;9919;22;;;9913.0;0.0
yf_MKC_d12;3900;INTARIAN_PEPPER_ROOT;10429;10;10426;19;;;10437;17;10439;23;;;10433.0;0.0
yf_MKC_d12;4000;ASH_COATED_OSMIUM;9910;13;9907;19;;;9917;17;9919;20;;;9913.5;0.0
yf_MKC_d12;4000;INTARIAN_PEPPER_ROOT;10424;14;10421;19;;;10447;18;10450;19;;;10435.5;0.0
yf_MKC_d12;4100;ASH_COATED_OSMIUM;9901;18;9899;19;;;9926;13;9928;22;;;9913.5;0.0
yf_MKC_d12;4100;INTARIAN_PEPPER_ROOT;10435;8;10432;21;;;10443;17;10445;26;;;10439.0;0.0
yf_MKC_d12;4200;ASH_COATED_OSMIUM;9906;5;9904;19;;;9920;18;9923;21;;;9913.0;0.0
yf_MKC_d12;4200;INTARIAN_PEPPER_ROOT;10439;10;10437;16;;;10445;13;10449;22;;;10442.0;0.0
yf_MKC_d12;4300;ASH_COATED_OSMIUM;9910;11;9906;30;;;9916;14;9920;14;;;9913.0;0.0
yf_MKC_d12;4300;INTARIAN_PEPPER_ROOT;10437;13;10434;22;;;10453;12;10456;24;;;10445.0;0.0
yf_MKC_d12;4400;ASH_COATED_OSMIUM;9906;9;9902;24;;;9922;14;9925;22;;;9914.0;0.0
yf_MKC_d12;4400;INTARIAN_PEPPER_ROOT;10445;14;10441;21;;;10451;20;10453;20;;;10448.0;0.0
yf_MKC_d12;4500;ASH_COATED_OSMIUM;9911;17;9909;23;;;9917;11;9920;20;;;9914.0;0.0
yf_MKC_d12;4500;INTARIAN_PEPPER_ROOT;10447;19;10443;19;;;10456;13;10459;10;;;10451.5;0.0
yf_MKC_d12;4600;ASH_COATED_OSMIUM;9911;19;9908;20;;;9917;13;9919;19;;;9914.0;0.0
yf_MKC_d12;4600;INTARIAN_PEPPER_ROOT;10451;15;10449;21;;;10457;10;10459;12;;;10454.0;0.0
yf_MKC_d12;4700;ASH_COATED_OSMIUM;9911;13;9907;21;;;9917;13;9921;19;;;9914.0;0.0
yf_MKC_d12;4700;INTARIAN_PEPPER_ROOT;10454;17;10452;12;;;10460;16;10464;24;;;10457.0;0.0
yf_MKC_d12;4800;ASH_COATED_OSMIUM;9902;16;9900;22;;;9924;17;9927;23;;;9913.0;0.0
yf_MKC_d12;4800;INTARIAN_PEPPER_ROOT;10456;19;10453;17;;;10462;5;10464;20;;;10459.0;0.0
yf_MKC_d12;4900;ASH_COATED_OSMIUM;9911;14;9907;27;;;9917;18;9920;18;;;9914.0;0.0
yf_MKC_d12;4900;INTARIAN_PEPPER_ROOT;10459;12;10457;18;;;10466;10;10468;19;;;10462.5;0.0
yf_MKC_d12;5000;ASH_COATED_OSMIUM;9911;18;9909;19;;;9917;17;9919;10;;;9914.0;0.0
yf_MKC_d12;5000;INTARIAN_PEPPER_ROOT;10463;12;10460;21;;;10469;22;10472;18;;;10466.0;0.0
yf_MKC_d12;5100;ASH_COATED_OSMIUM;9904;15;9902;10;;;9924;11;9927;14;;;9914.0;0.0
yf_MKC_d12;5100;INTARIAN_PEPPER_ROOT;10465;15;10462;24;;;10471;20;10473;17;;;10468.0;0.0
yf_MKC_d12;5200;ASH_COATED_OSMIUM;9908;13;9904;25;;;9920;16;9922;22;;;9914.0;0.0
yf_MKC_d12;5200;INTARIAN_PEPPER_ROOT;10469;7;10466;23;;;10475;5;10478;26;;;10472.0;0.0
yf_MKC_d12;5300;ASH_COATED_OSMIUM;9908;8;9904;13;;;9920;19;9922;18;;;9914.0;0.0
yf_MKC_d12;5300;INTARIAN_PEPPER_ROOT;10471;16;10468;17;;;10477;13;10481;25;;;10474.0;0.0
yf_MKC_d12;5400;ASH_COATED_OSMIUM;9911;16;9909;29;;;9917;13;9920;18;;;9914.0;0.0
yf_MKC_d12;5400;INTARIAN_PEPPER_ROOT;10475;15;10472;16;;;10481;17;10484;14;;;10478.0;0.0
yf_MKC_d12;5500;ASH_COATED_OSMIUM;9907;29;9905;15;;;9920;13;9924;17;;;9913.5;0.0
yf_MKC_d12;5500;INTARIAN_PEPPER_ROOT;10467;11;10464;17;;;10495;23;10499;15;;;10481.0;0.0
yf_MKC_d12;5600;ASH_COATED_OSMIUM;9907;11;9905;21;;;9921;6;9923;15;;;9914.0;0.0
yf_MKC_d12;5600;INTARIAN_PEPPER_ROOT;10481;21;10479;18;;;10487;17;10489;18;;;10484.0;0.0
yf_MKC_d12;5700;ASH_COATED_OSMIUM;9911;11;9908;29;;;9917;9;9920;16;;;9914.0;0.0
yf_MKC_d12;5700;INTARIAN_PEPPER_ROOT;10479;6;10476;19;;;10494;11;10496;17;;;10486.5;0.0
yf_MKC_d12;5800;ASH_COATED_OSMIUM;9911;22;9909;21;;;9917;23;9921;21;;;9914.0;0.0
yf_MKC_d12;5800;INTARIAN_PEPPER_ROOT;10487;8;10483;18;;;10493;21;10495;18;;;10490.0;0.0
yf_MKC_d12;5900;ASH_COATED_OSMIUM;9904;18;9900;26;;;9924;18;9928;19;;;9914.0;0.0
yf_MKC_d12;5900;INTARIAN_PEPPER_ROOT;10478;6;10474;13;;;10506;18;10508;12;;;10492.0;0.0
yf_MKC_d12;6000;ASH_COATED_OSMIUM;9911;12;9907;20;;;9917;18;9921;20;;;9914.0;0.0
yf_MKC_d12;6000;INTARIAN_PEPPER_ROOT;10492;15;10489;23;;;10498;21;10502;19;;;10495.0;0.0
yf_MKC_d12;6100;ASH_COATED_OSMIUM;9911;5;9909;23;;;9917;5;9920;15;;;9914.0;0.0
yf_MKC_d12;6100;INTARIAN_PEPPER_ROOT;10493;10;10490;14;;;10505;20;10509;16;;;10499.0;0.0
yf_MKC_d12;6200;ASH_COATED_OSMIUM;9911;16;9908;20;;;9917;21;9920;18;;;9914.0;0.0
yf_MKC_d12;6200;INTARIAN_PEPPER_ROOT;10499;14;10497;14;;;10505;16;10508;18;;;10502.0;0.0
yf_MKC_d12;6300;ASH_COATED_OSMIUM;9901;17;9897;12;;;9928;15;9931;23;;;9914.5;0.0
yf_MKC_d12;6300;INTARIAN_PEPPER_ROOT;10501;10;10498;24;;;10507;14;10509;25;;;10504.0;0.0
yf_MKC_d12;6400;ASH_COATED_OSMIUM;9910;23;9908;26;;;9918;5;9922;15;;;9914.0;0.0
yf_MKC_d12;6400;INTARIAN_PEPPER_ROOT;10505;17;10503;27;;;10511;10;10515;15;;;10508.0;0.0
yf_MKC_d12;6500;ASH_COATED_OSMIUM;9911;19;9908;25;;;9917;13;9919;15;;;9914.0;0.0
yf_MKC_d12;6500;INTARIAN_PEPPER_ROOT;10508;20;10504;9;;;10514;21;10517;11;;;10511.0;0.0
yf_MKC_d12;6600;ASH_COATED_OSMIUM;9911;18;9909;20;;;9917;19;9919;16;;;9914.0;0.0
yf_MKC_d12;6600;INTARIAN_PEPPER_ROOT;10508;14;10506;26;;;10518;6;10522;24;;;10513.0;0.0
yf_MKC_d12;6700;ASH_COATED_OSMIUM;9909;15;9905;22;;;9920;21;9922;14;;;9914.5;0.0
yf_MKC_d12;6700;INTARIAN_PEPPER_ROOT;10503;13;10499;29;;;10530;15;10534;27;;;10516.5;0.0
yf_MKC_d12;6800;ASH_COATED_OSMIUM;9908;16;9904;24;;;9920;19;9922;15;;;9914.0;0.0
yf_MKC_d12;6800;INTARIAN_PEPPER_ROOT;10517;16;10515;18;;;10523;15;10527;22;;;10520.0;0.0
yf_MKC_d12;6900;ASH_COATED_OSMIUM;9912;15;9908;19;;;9918;27;9920;21;;;9915.0;0.0
yf_MKC_d12;6900;INTARIAN_PEPPER_ROOT;10519;15;10516;20;;;10525;18;10529;28;;;10522.0;0.0
yf_MKC_d12;7000;ASH_COATED_OSMIUM;9912;13;9908;19;;;9918;9;9920;28;;;9915.0;0.0
yf_MKC_d12;7000;INTARIAN_PEPPER_ROOT;10523;11;10520;18;;;10529;14;10531;22;;;10526.0;0.0
yf_MKC_d12;7100;ASH_COATED_OSMIUM;9908;22;9905;19;;;9921;14;9924;19;;;9914.5;0.0
yf_MKC_d12;7100;INTARIAN_PEPPER_ROOT;10525;13;10523;15;;;10532;13;10535;17;;;10528.5;0.0
yf_MKC_d12;7200;ASH_COATED_OSMIUM;9911;6;9908;27;;;9917;9;9921;21;;;9914.0;0.0
yf_MKC_d12;7200;INTARIAN_PEPPER_ROOT;10529;28;10525;28;;;10535;14;10537;22;;;10532.0;0.0
yf_MKC_d12;7300;ASH_COATED_OSMIUM;9911;15;9908;13;;;9918;10;9921;19;;;9914.5;0.0
yf_MKC_d12;7300;INTARIAN_PEPPER_ROOT;10532;16;10528;25;;;10538;8;10540;22;;;10535.0;0.0
yf_MKC_d12;7400;ASH_COATED_OSMIUM;9912;5;9909;18;;;9918;12;9922;20;;;9915.0;0.0
yf_MKC_d12;7400;INTARIAN_PEPPER_ROOT;10535;13;10531;20;;;10541;5;10545;15;;;10538.0;0.0
yf_MKC_d12;7500;ASH_COATED_OSMIUM;9912;15;9908;14;;;9918;10;9920;16;;;9915.0;0.0
yf_MKC_d12;7500;INTARIAN_PEPPER_ROOT;10537;10;10534;16;;;10543;15;10545;16;;;10540.0;0.0
yf_MKC_d12;7600;ASH_COATED_OSMIUM;9912;13;9910;19;;;9918;15;9920;16;;;9915.0;0.0
yf_MKC_d12;7600;INTARIAN_PEPPER_ROOT;10541;12;10537;21;;;10547;12;10549;21;;;10544.0;0.0
yf_MKC_d12;7700;ASH_COATED_OSMIUM;9912;8;9909;11;;;9918;5;9920;16;;;9915.0;0.0
yf_MKC_d12;7700;INTARIAN_PEPPER_ROOT;10544;18;10541;21;;;10550;13;10552;18;;;10547.0;0.0
yf_MKC_d12;7800;ASH_COATED_OSMIUM;9912;14;9908;23;;;9918;16;9921;17;;;9915.0;0.0
yf_MKC_d12;7800;INTARIAN_PEPPER_ROOT;10545;22;10542;18;;;10555;16;10558;16;;;10550.0;0.0
yf_MKC_d12;7900;ASH_COATED_OSMIUM;9912;20;9909;27;;;9918;17;9922;20;;;9915.0;0.0
yf_MKC_d12;7900;INTARIAN_PEPPER_ROOT;10542;22;10540;15;;;10565;12;10569;12;;;10553.5;0.0
yf_MKC_d12;8000;ASH_COATED_OSMIUM;9910;11;9907;19;;;9920;10;9923;18;;;9915.0;0.0
yf_MKC_d12;8000;INTARIAN_PEPPER_ROOT;10550;9;10548;18;;;10560;28;10564;28;;;10555.0;0.0
yf_MKC_d12;8100;ASH_COATED_OSMIUM;9912;16;9908;15;;;9918;7;9922;14;;;9915.0;0.0
yf_MKC_d12;8100;INTARIAN_PEPPER_ROOT;10543;17;10541;17;;;10572;24;10574;15;;;10557.5;0.0
yf_MKC_d12;8200;ASH_COATED_OSMIUM;9912;14;9909;21;;;9918;15;9920;17;;;9915.0;0.0
yf_MKC_d12;8200;INTARIAN_PEPPER_ROOT;10557;7;10553;24;;;10565;6;10568;18;;;10561.0;0.0
yf_MKC_d12;8300;ASH_COATED_OSMIUM;9904;10;9901;10;;;9926;17;9930;17;;;9915.0;0.0
yf_MKC_d12;8300;INTARIAN_PEPPER_ROOT;10561;14;10559;18;;;10567;13;10569;25;;;10564.0;0.0
yf_MKC_d12;8400;ASH_COATED_OSMIUM;9912;9;9909;23;;;9918;26;9921;25;;;9915.0;0.0
yf_MKC_d12;8400;INTARIAN_PEPPER_ROOT;10563;19;10561;29;;;10573;18;10575;21;;;10568.0;0.0
yf_MKC_d12;8500;ASH_COATED_OSMIUM;9909;14;9906;14;;;9921;18;9923;20;;;9915.0;0.0
yf_MKC_d12;8500;INTARIAN_PEPPER_ROOT;10568;13;10566;19;;;10574;15;10578;19;;;10571.0;0.0
yf_MKC_d12;8600;ASH_COATED_OSMIUM;9911;12;9907;21;;;9921;18;9925;24;;;9916.0;0.0
yf_MKC_d12;8600;INTARIAN_PEPPER_ROOT;10570;15;10566;24;;;10576;21;10580;20;;;10573.0;0.0
yf_MKC_d12;8700;ASH_COATED_OSMIUM;9912;11;9910;19;;;9918;17;9921;13;;;9915.0;0.0
yf_MKC_d12;8700;INTARIAN_PEPPER_ROOT;10574;14;10572;21;;;10580;14;10583;33;;;10577.0;0.0
yf_MKC_d12;8800;ASH_COATED_OSMIUM;9908;16;9906;10;;;9921;14;9923;30;;;9914.5;0.0
yf_MKC_d12;8800;INTARIAN_PEPPER_ROOT;10577;15;10575;24;;;10583;12;10586;11;;;10580.0;0.0
yf_MKC_d12;8900;ASH_COATED_OSMIUM;9911;12;9909;17;;;9917;22;9920;15;;;9914.0;0.0
yf_MKC_d12;8900;INTARIAN_PEPPER_ROOT;10580;13;10576;16;;;10586;11;10590;22;;;10583.0;0.0
yf_MKC_d12;9000;ASH_COATED_OSMIUM;9912;16;9908;24;;;9918;16;9920;16;;;9915.0;0.0
yf_MKC_d12;9000;INTARIAN_PEPPER_ROOT;10582;17;10580;12;;;10588;13;10590;8;;;10585.0;0.0
yf_MKC_d12;9100;ASH_COATED_OSMIUM;9908;10;9906;15;;;9922;23;9925;24;;;9915.0;0.0
yf_MKC_d12;9100;INTARIAN_PEPPER_ROOT;10586;13;10583;18;;;10592;8;10596;23;;;10589.0;0.0
yf_MKC_d12;9200;ASH_COATED_OSMIUM;9912;19;9909;8;;;9918;15;9921;21;;;9915.0;0.0
yf_MKC_d12;9200;INTARIAN_PEPPER_ROOT;10587;10;10584;29;;;10596;13;10600;22;;;10591.5;0.0
yf_MKC_d12;9300;ASH_COATED_OSMIUM;9912;20;9909;25;;;9918;13;9921;19;;;9915.0;0.0
yf_MKC_d12;9300;INTARIAN_PEPPER_ROOT;10582;7;10580;10;;;10608;12;10610;21;;;10595.0;0.0
yf_MKC_d12;9400;ASH_COATED_OSMIUM;9907;14;9904;17;;;9924;21;9927;12;;;9915.5;0.0
yf_MKC_d12;9400;INTARIAN_PEPPER_ROOT;10595;5;10593;15;;;10601;9;10603;14;;;10598.0;0.0
yf_MKC_d12;9500;ASH_COATED_OSMIUM;9912;20;9908;13;;;9918;20;9920;21;;;9915.0;0.0
yf_MKC_d12;9500;INTARIAN_PEPPER_ROOT;10595;17;10592;26;;;10605;9;10608;23;;;10600.0;0.0
yf_MKC_d12;9600;ASH_COATED_OSMIUM;9909;26;9906;27;;;9921;15;9925;26;;;9915.0;0.0
yf_MKC_d12;9600;INTARIAN_PEPPER_ROOT;10599;18;10597;22;;;10607;17;10609;17;;;10603.0;0.0
yf_MKC_d12;9700;ASH_COATED_OSMIUM;9911;18;9907;18;;;9920;19;9924;17;;;9915.5;0.0
yf_MKC_d12;9700;INTARIAN_PEPPER_ROOT;10600;25;10598;17;;;10612;15;10614;20;;;10606.0;0.0
yf_MKC_d12;9800;ASH_COATED_OSMIUM;9910;20;9906;19;;;9921;17;9925;14;;;9915.5;0.0
yf_MKC_d12;9800;INTARIAN_PEPPER_ROOT;10607;12;10603;18;;;10613;14;10615;21;;;10610.0;0.0
yf_MKC_d12;9900;ASH_COATED_OSMIUM;9905;8;9903;26;;;9926;17;9928;17;;;9915.5;0.0
yf_MKC_d12;9900;INTARIAN_PEPPER_ROOT;10609;18;10606;22;;;10615;17;10618;23;;;10612.0;0.0
yf_MKC_d12;10000;ASH_COATED_OSMIUM;9913;24;9909;27;;;9919;10;9921;27;;;9916.0;0.0
yf_MKC_d12;10000;INTARIAN_PEPPER_ROOT;10610;10;10606;18;;;10623;20;10626;21;;;10616.5;0.0
yf_MKC_d12;10100;ASH_COATED_OSMIUM;9912;23;9910;13;;;9918;21;9921;18;;;9915.0;0.0
yf_MKC_d12;10100;INTARIAN_PEPPER_ROOT;10616;12;10614;13;;;10622;10;10626;8;;;10619.0;0.0
yf_MKC_d12;10200;ASH_COATED_OSMIUM;9913;17;9911;23;;;9919;17;9923;15;;;9916.0;0.0
yf_MKC_d12;10200;INTARIAN_PEPPER_ROOT;10618;19;10616;14;;;10624;20;10626;19;;;10621.0;0.0
yf_MKC_d12;10300;ASH_COATED_OSMIUM;9913;14;9909;21;;;9919;11;9921;9;;;9916.0;0.0
yf_MKC_d12;10300;INTARIAN_PEPPER_ROOT;10622;13;10620;21;;;10628;18;10631;18;;;10625.0;0.0
yf_MKC_d12;10400;ASH_COATED_OSMIUM;9913;16;9909;20;;;9919;13;9921;11;;;9916.0;0.0
yf_MKC_d12;10400;INTARIAN_PEPPER_ROOT;10625;19;10623;30;;;10631;12;10634;29;;;10628.0;0.0
yf_MKC_d12;10500;ASH_COATED_OSMIUM;9913;22;9911;20;;;9919;19;9922;21;;;9916.0;0.0
yf_MKC_d12;10500;INTARIAN_PEPPER_ROOT;10615;10;10612;23;;;10646;7;10649;23;;;10630.5;0.0
yf_MKC_d12;10600;ASH_COATED_OSMIUM;9912;11;9910;21;;;9918;16;9920;19;;;9915.0;0.0
yf_MKC_d12;10600;INTARIAN_PEPPER_ROOT;10627;12;10624;11;;;10639;7;10641;21;;;10633.0;0.0
yf_MKC_d12;10700;ASH_COATED_OSMIUM;9913;10;9909;19;;;9919;7;9921;14;;;9916.0;0.0
yf_MKC_d12;10700;INTARIAN_PEPPER_ROOT;10632;19;10629;17;;;10640;10;10642;23;;;10636.0;0.0
yf_MKC_d12;10800;ASH_COATED_OSMIUM;9913;16;9911;17;;;9919;12;9923;20;;;9916.0;0.0
yf_MKC_d12;10800;INTARIAN_PEPPER_ROOT;10637;17;10633;24;;;10643;18;10647;21;;;10640.0;0.0
yf_MKC_d12;10900;ASH_COATED_OSMIUM;9905;17;9901;15;;;9926;25;9929;10;;;9915.5;0.0
yf_MKC_d12;10900;INTARIAN_PEPPER_ROOT;10637;17;10635;22;;;10648;12;10651;10;;;10642.5;0.0
yf_MKC_d12;11000;ASH_COATED_OSMIUM;9913;14;9909;23;;;9919;7;9921;18;;;9916.0;0.0
yf_MKC_d12;11000;INTARIAN_PEPPER_ROOT;10642;5;10640;18;;;10648;15;10651;12;;;10645.0;0.0
yf_MKC_d12;11100;ASH_COATED_OSMIUM;9913;13;9909;10;;;9919;14;9923;20;;;9916.0;0.0
yf_MKC_d12;11100;INTARIAN_PEPPER_ROOT;10646;21;10644;19;;;10652;10;10656;18;;;10649.0;0.0
yf_MKC_d12;11200;ASH_COATED_OSMIUM;9908;16;9906;22;;;9926;14;9929;23;;;9917.0;0.0
yf_MKC_d12;11200;INTARIAN_PEPPER_ROOT;10644;12;10640;19;;;10659;11;10663;18;;;10651.5;0.0
yf_MKC_d12;11300;ASH_COATED_OSMIUM;9898;6;9895;19;;;9935;14;9939;16;;;9916.5;0.0
yf_MKC_d12;11300;INTARIAN_PEPPER_ROOT;10644;9;10641;16;;;10667;21;10669;25;;;10655.5;0.0
yf_MKC_d12;11400;ASH_COATED_OSMIUM;9914;17;9911;22;;;9920;8;9922;8;;;9917.0;0.0
yf_MKC_d12;11400;INTARIAN_PEPPER_ROOT;10649;12;10646;18;;;10666;11;10669;17;;;10657.5;0.0
yf_MKC_d12;11500;ASH_COATED_OSMIUM;9909;12;9907;17;;;9924;18;9926;16;;;9916.5;0.0
yf_MKC_d12;11500;INTARIAN_PEPPER_ROOT;10658;11;10654;16;;;10664;18;10666;15;;;10661.0;0.0
yf_MKC_d12;11600;ASH_COATED_OSMIUM;9914;11;9910;18;;;9920;14;9923;9;;;9917.0;0.0
yf_MKC_d12;11600;INTARIAN_PEPPER_ROOT;10661;10;10658;20;;;10667;13;10670;27;;;10664.0;0.0
yf_MKC_d12;11700;ASH_COATED_OSMIUM;9910;16;9907;23;;;9923;20;9927;23;;;9916.5;0.0
yf_MKC_d12;11700;INTARIAN_PEPPER_ROOT;10650;16;10648;23;;;10684;23;10686;21;;;10667.0;0.0
yf_MKC_d12;11800;ASH_COATED_OSMIUM;9913;11;9909;24;;;9920;16;9924;25;;;9916.5;0.0
yf_MKC_d12;11800;INTARIAN_PEPPER_ROOT;10666;8;10663;11;;;10672;12;10675;10;;;10669.0;0.0
yf_MKC_d12;11900;ASH_COATED_OSMIUM;9913;7;9910;29;;;9919;5;9922;17;;;9916.0;0.0
yf_MKC_d12;11900;INTARIAN_PEPPER_ROOT;10668;8;10664;25;;;10677;20;10681;19;;;10672.5;0.0
yf_MKC_d12;12000;ASH_COATED_OSMIUM;9911;21;9908;21;;;9923;12;9927;19;;;9917.0;0.0
yf_MKC_d12;12000;INTARIAN_PEPPER_ROOT;10672;13;10669;27;;;10678;17;10681;14;;;10675.0;0.0
yf_MKC_d12;12100;ASH_COATED_OSMIUM;9912;10;9909;8;;;9920;10;9924;15;;;9916.0;0.0
yf_MKC_d12;12100;INTARIAN_PEPPER_ROOT;10672;20;10670;24;;;10686;19;10690;15;;;10679.0;0.0
yf_MKC_d12;12200;ASH_COATED_OSMIUM;9913;14;9910;25;;;9919;11;9921;18;;;9916.0;0.0
yf_MKC_d12;12200;INTARIAN_PEPPER_ROOT;10678;18;10675;14;;;10684;15;10687;21;;;10681.0;0.0
yf_MKC_d12;12300;ASH_COATED_OSMIUM;9913;10;9911;21;;;9919;9;9923;12;;;9916.0;0.0
yf_MKC_d12;12300;INTARIAN_PEPPER_ROOT;10680;12;10676;22;;;10688;9;10692;24;;;10684.0;0.0
yf_MKC_d12;12400;ASH_COATED_OSMIUM;9913;6;9911;14;;;9919;15;9922;25;;;9916.0;0.0
yf_MKC_d12;12400;INTARIAN_PEPPER_ROOT;10679;8;10676;23;;;10696;15;10699;20;;;10687.5;0.0
yf_MKC_d12;12500;ASH_COATED_OSMIUM;9913;10;9911;20;;;9920;15;9923;15;;;9916.5;0.0
yf_MKC_d12;12500;INTARIAN_PEPPER_ROOT;10688;22;10684;15;;;10694;15;10698;19;;;10691.0;0.0
yf_MKC_d12;12600;ASH_COATED_OSMIUM;9914;13;9910;17;;;9920;16;9924;17;;;9917.0;0.0
yf_MKC_d12;12600;INTARIAN_PEPPER_ROOT;10687;12;10685;11;;;10700;15;10702;22;;;10693.5;0.0
yf_MKC_d12;12700;ASH_COATED_OSMIUM;9905;14;9903;17;;;9928;25;9930;25;;;9916.5;0.0
yf_MKC_d12;12700;INTARIAN_PEPPER_ROOT;10694;13;10690;25;;;10700;13;10704;8;;;10697.0;0.0
yf_MKC_d12;12800;ASH_COATED_OSMIUM;9914;11;9912;14;;;9920;20;9922;16;;;9917.0;0.0
yf_MKC_d12;12800;INTARIAN_PEPPER_ROOT;10694;24;10690;17;;;10705;12;10709;20;;;10699.5;0.0
yf_MKC_d12;12900;ASH_COATED_OSMIUM;9913;16;9911;23;;;9919;16;9921;18;;;9916.0;0.0
yf_MKC_d12;12900;INTARIAN_PEPPER_ROOT;10699;23;10695;20;;;10705;5;10709;23;;;10702.0;0.0
yf_MKC_d12;13000;ASH_COATED_OSMIUM;9906;7;9903;18;;;9927;13;9930;19;;;9916.5;0.0
yf_MKC_d12;13000;INTARIAN_PEPPER_ROOT;10700;15;10697;29;;;10710;9;10713;15;;;10705.0;0.0
yf_MKC_d12;13100;ASH_COATED_OSMIUM;9913;12;9911;17;;;9919;12;9923;19;;;9916.0;0.0
yf_MKC_d12;13100;INTARIAN_PEPPER_ROOT;10705;20;10701;20;;;10711;11;10713;23;;;10708.0;0.0
yf_MKC_d12;13200;ASH_COATED_OSMIUM;9913;11;9910;20;;;9919;13;9921;22;;;9916.0;0.0
yf_MKC_d12;13200;INTARIAN_PEPPER_ROOT;10706;15;10702;17;;;10717;5;10719;18;;;10711.5;0.0
yf_MKC_d12;13300;ASH_COATED_OSMIUM;9914;12;9910;17;;;9920;20;9923;24;;;9917.0;0.0
yf_MKC_d12;13300;INTARIAN_PEPPER_ROOT;10712;14;10708;19;;;10718;6;10721;19;;;10715.0;0.0
yf_MKC_d12;13400;ASH_COATED_OSMIUM;9912;13;9909;14;;;9920;20;9922;17;;;9916.0;0.0
yf_MKC_d12;13400;INTARIAN_PEPPER_ROOT;10714;12;10711;25;;;10723;19;10726;25;;;10718.5;0.0
yf_MKC_d12;13500;ASH_COATED_OSMIUM;9914;15;9911;26;;;9920;18;9924;16;;;9917.0;0.0
yf_MKC_d12;13500;INTARIAN_PEPPER_ROOT;10717;20;10715;16;;;10723;18;10726;15;;;10720.0;0.0
yf_MKC_d12;13600;ASH_COATED_OSMIUM;9914;14;9912;22;;;9920;16;9923;18;;;9917.0;0.0
yf_MKC_d12;13600;INTARIAN_PEPPER_ROOT;10721;12;10717;21;;;10727;9;10731;23;;;10724.0;0.0
yf_MKC_d12;13700;ASH_COATED_OSMIUM;9912;19;9910;18;;;9922;12;9924;14;;;9917.0;0.0
yf_MKC_d12;13700;INTARIAN_PEPPER_ROOT;10723;7;10721;11;;;10729;5;10732;31;;;10726.0;0.0
yf_MKC_d12;13800;ASH_COATED_OSMIUM;9908;12;9905;18;;;9927;15;9929;19;;;9917.5;0.0
yf_MKC_d12;13800;INTARIAN_PEPPER_ROOT;10726;18;10724;25;;;10732;18;10734;14;;;10729.0;0.0
yf_MKC_d12;13900;ASH_COATED_OSMIUM;9913;15;9910;18;;;9922;11;9925;25;;;9917.5;0.0
yf_MKC_d12;13900;INTARIAN_PEPPER_ROOT;10729;18;10727;8;;;10735;15;10737;16;;;10732.0;0.0
yf_MKC_d12;14000;ASH_COATED_OSMIUM;9909;5;9907;15;;;9925;17;9928;21;;;9917.0;0.0
yf_MKC_d12;14000;INTARIAN_PEPPER_ROOT;10732;13;10729;19;;;10738;12;10742;20;;;10735.0;0.0
yf_MKC_d12;14100;ASH_COATED_OSMIUM;9915;6;9913;19;;;9921;17;9925;12;;;9918.0;0.0
yf_MKC_d12;14100;INTARIAN_PEPPER_ROOT;10736;24;10732;20;;;10742;25;10744;19;;;10739.0;0.0
yf_MKC_d12;14200;ASH_COATED_OSMIUM;9912;15;9910;26;;;9921;18;9924;22;;;9916.5;0.0
yf_MKC_d12;14200;INTARIAN_PEPPER_ROOT;10738;16;10736;9;;;10744;13;10748;27;;;10741.0;0.0
yf_MKC_d12;14300;ASH_COATED_OSMIUM;9914;9;9910;15;;;9920;17;9922;21;;;9917.0;0.0
yf_MKC_d12;14300;INTARIAN_PEPPER_ROOT;10741;5;10738;22;;;10747;5;10749;17;;;10744.0;0.0
yf_MKC_d12;14400;ASH_COATED_OSMIUM;9913;15;9909;23;;;9922;20;9926;15;;;9917.5;0.0
yf_MKC_d12;14400;INTARIAN_PEPPER_ROOT;10745;15;10743;19;;;10751;21;10755;27;;;10748.0;0.0
yf_MKC_d12;14500;ASH_COATED_OSMIUM;9914;25;9910;28;;;9920;13;9924;29;;;9917.0;0.0
yf_MKC_d12;14500;INTARIAN_PEPPER_ROOT;10746;14;10743;24;;;10755;15;10759;25;;;10750.5;0.0
yf_MKC_d12;14600;ASH_COATED_OSMIUM;9914;16;9910;14;;;9920;14;9923;20;;;9917.0;0.0
yf_MKC_d12;14600;INTARIAN_PEPPER_ROOT;10751;13;10748;25;;;10757;12;10759;22;;;10754.0;0.0
yf_MKC_d12;14700;ASH_COATED_OSMIUM;9909;5;9907;13;;;9925;15;9927;26;;;9917.0;0.0
yf_MKC_d12;14700;INTARIAN_PEPPER_ROOT;10752;12;10749;20;;;10762;14;10764;28;;;10757.0;0.0
yf_MKC_d12;14800;ASH_COATED_OSMIUM;9915;14;9911;25;;;9921;18;9923;16;;;9918.0;0.0
yf_MKC_d12;14800;INTARIAN_PEPPER_ROOT;10756;6;10753;25;;;10762;9;10764;19;;;10759.0;0.0
yf_MKC_d12;14900;ASH_COATED_OSMIUM;9915;18;9912;23;;;9921;19;9924;31;;;9918.0;0.0
yf_MKC_d12;14900;INTARIAN_PEPPER_ROOT;10759;17;10756;31;;;10765;19;10768;17;;;10762.0;0.0
yf_MKC_d12;15000;ASH_COATED_OSMIUM;9914;12;9910;24;;;9920;17;9924;26;;;9917.0;0.0
yf_MKC_d12;15000;INTARIAN_PEPPER_ROOT;10762;6;10760;17;;;10768;18;10772;15;;;10765.0;0.0
yf_MKC_d12;15100;ASH_COATED_OSMIUM;9909;14;9907;26;;;9926;14;9930;18;;;9917.5;0.0
yf_MKC_d12;15100;INTARIAN_PEPPER_ROOT;10765;20;10763;19;;;10771;11;10774;26;;;10768.0;0.0
yf_MKC_d12;15200;ASH_COATED_OSMIUM;9908;18;9905;21;;;9929;14;9933;14;;;9918.5;0.0
yf_MKC_d12;15200;INTARIAN_PEPPER_ROOT;10760;19;10758;13;;;10782;9;10784;28;;;10771.0;0.0
yf_MKC_d12;15300;ASH_COATED_OSMIUM;9914;16;9910;22;;;9920;9;9922;20;;;9917.0;0.0
yf_MKC_d12;15300;INTARIAN_PEPPER_ROOT;10760;19;10757;17;;;10789;17;10793;18;;;10774.5;0.0
yf_MKC_d12;15400;ASH_COATED_OSMIUM;9914;15;9910;20;;;9921;16;9925;23;;;9917.5;0.0
yf_MKC_d12;15400;INTARIAN_PEPPER_ROOT;10775;19;10772;9;;;10781;6;10784;17;;;10778.0;0.0
yf_MKC_d12;15500;ASH_COATED_OSMIUM;9913;12;9909;15;;;9923;9;9926;22;;;9918.0;0.0
yf_MKC_d12;15500;INTARIAN_PEPPER_ROOT;10778;24;10775;19;;;10784;5;10788;29;;;10781.0;0.0
yf_MKC_d12;15600;ASH_COATED_OSMIUM;9915;20;9912;22;;;9921;12;9924;15;;;9918.0;0.0
yf_MKC_d12;15600;INTARIAN_PEPPER_ROOT;10780;11;10778;23;;;10786;15;10789;24;;;10783.0;0.0
yf_MKC_d12;15700;ASH_COATED_OSMIUM;9915;14;9913;24;;;9921;13;9924;14;;;9918.0;0.0
yf_MKC_d12;15700;INTARIAN_PEPPER_ROOT;10776;7;10774;19;;;10797;14;10801;25;;;10786.5;0.0
yf_MKC_d12;15800;ASH_COATED_OSMIUM;9915;28;9912;14;;;9921;17;9925;22;;;9918.0;0.0
yf_MKC_d12;15800;INTARIAN_PEPPER_ROOT;10785;11;10782;19;;;10793;17;10796;23;;;10789.0;0.0
yf_MKC_d12;15900;ASH_COATED_OSMIUM;9911;19;9908;31;;;9925;20;9929;23;;;9918.0;0.0
yf_MKC_d12;15900;INTARIAN_PEPPER_ROOT;10788;19;10784;9;;;10794;8;10797;18;;;10791.0;0.0
yf_MKC_d12;16000;ASH_COATED_OSMIUM;9910;9;9908;9;;;9925;14;9928;13;;;9917.5;0.0
yf_MKC_d12;16000;INTARIAN_PEPPER_ROOT;10779;12;10776;13;;;10812;23;10815;18;;;10795.5;0.0
yf_MKC_d12;16100;ASH_COATED_OSMIUM;9914;18;9910;25;;;9921;16;9925;14;;;9917.5;0.0
yf_MKC_d12;16100;INTARIAN_PEPPER_ROOT;10795;18;10791;20;;;10801;23;10805;17;;;10798.0;0.0
yf_MKC_d12;16200;ASH_COATED_OSMIUM;9910;14;9907;21;;;9926;14;9928;23;;;9918.0;0.0
yf_MKC_d12;16200;INTARIAN_PEPPER_ROOT;10796;11;10794;13;;;10807;23;10809;17;;;10801.5;0.0
yf_MKC_d12;16300;ASH_COATED_OSMIUM;9915;11;9913;21;;;9921;22;9925;17;;;9918.0;0.0
yf_MKC_d12;16300;INTARIAN_PEPPER_ROOT;10801;8;10797;13;;;10807;19;10811;18;;;10804.0;0.0
yf_MKC_d12;16400;ASH_COATED_OSMIUM;9913;17;9911;22;;;9923;18;9926;17;;;9918.0;0.0
yf_MKC_d12;16400;INTARIAN_PEPPER_ROOT;10804;14;10802;14;;;10810;16;10812;17;;;10807.0;0.0
yf_MKC_d12;16500;ASH_COATED_OSMIUM;9915;18;9911;8;;;9921;13;9924;13;;;9918.0;0.0
yf_MKC_d12;16500;INTARIAN_PEPPER_ROOT;10807;23;10803;21;;;10813;22;10817;24;;;10810.0;0.0
yf_MKC_d12;16600;ASH_COATED_OSMIUM;9914;12;9911;17;;;9922;23;9924;17;;;9918.0;0.0
yf_MKC_d12;16600;INTARIAN_PEPPER_ROOT;10810;14;10807;25;;;10818;8;10821;16;;;10814.0;0.0
yf_MKC_d12;16700;ASH_COATED_OSMIUM;9915;13;9913;24;;;9921;15;9924;16;;;9918.0;0.0
yf_MKC_d12;16700;INTARIAN_PEPPER_ROOT;10813;16;10810;19;;;10819;15;10822;27;;;10816.0;0.0
yf_MKC_d12;16800;ASH_COATED_OSMIUM;9915;16;9913;19;;;9921;8;9924;27;;;9918.0;0.0
yf_MKC_d12;16800;INTARIAN_PEPPER_ROOT;10816;22;10812;19;;;10822;13;10824;21;;;10819.0;0.0
yf_MKC_d12;16900;ASH_COATED_OSMIUM;9910;25;9908;25;;;9927;14;9931;21;;;9918.5;0.0
yf_MKC_d12;16900;INTARIAN_PEPPER_ROOT;10820;9;10816;19;;;10826;9;10828;16;;;10823.0;0.0
yf_MKC_d12;17000;ASH_COATED_OSMIUM;9907;20;9905;24;;;9930;18;9933;17;;;9918.5;0.0
yf_MKC_d12;17000;INTARIAN_PEPPER_ROOT;10819;10;10817;18;;;10827;16;10831;16;;;10823.0;0.0
yf_MKC_d12;17100;ASH_COATED_OSMIUM;9903;25;9901;15;;;9934;17;9938;26;;;9918.5;0.0
yf_MKC_d12;17100;INTARIAN_PEPPER_ROOT;10809;14;10805;26;;;10831;17;10834;25;;;10820.0;0.0
yf_MKC_d12;17200;ASH_COATED_OSMIUM;9915;7;9911;16;;;9921;14;9925;24;;;9918.0;0.0
yf_MKC_d12;17200;INTARIAN_PEPPER_ROOT;10817;12;10814;14;;;10823;20;10826;34;;;10820.0;0.0
yf_MKC_d12;17300;ASH_COATED_OSMIUM;9915;16;9912;19;;;9921;20;9923;17;;;9918.0;0.0
yf_MKC_d12;17300;INTARIAN_PEPPER_ROOT;10812;14;10809;21;;;10823;15;10825;14;;;10817.5;0.0
yf_MKC_d12;17400;ASH_COATED_OSMIUM;9915;13;9912;15;;;9921;19;9923;9;;;9918.0;0.0
yf_MKC_d12;17400;INTARIAN_PEPPER_ROOT;10811;16;10809;34;;;10817;9;10821;31;;;10814.0;0.0
yf_MKC_d12;17500;ASH_COATED_OSMIUM;9912;25;9910;12;;;9925;11;9928;26;;;9918.5;0.0
yf_MKC_d12;17500;INTARIAN_PEPPER_ROOT;10810;14;10808;14;;;10816;17;10819;17;;;10813.0;0.0
yf_MKC_d12;17600;ASH_COATED_OSMIUM;9915;23;9912;20;;;9921;17;9925;14;;;9918.0;0.0
yf_MKC_d12;17600;INTARIAN_PEPPER_ROOT;10802;14;10798;14;;;10822;13;10826;20;;;10812.0;0.0
yf_MKC_d12;17700;ASH_COATED_OSMIUM;9915;18;9911;14;;;9921;12;9924;28;;;9918.0;0.0
yf_MKC_d12;17700;INTARIAN_PEPPER_ROOT;10806;19;10803;27;;;10812;19;10815;17;;;10809.0;0.0
yf_MKC_d12;17800;ASH_COATED_OSMIUM;9915;11;9911;8;;;9921;16;9923;13;;;9918.0;0.0
yf_MKC_d12;17800;INTARIAN_PEPPER_ROOT;10804;16;10800;20;;;10810;9;10813;20;;;10807.0;0.0
yf_MKC_d12;17900;ASH_COATED_OSMIUM;9915;18;9911;18;;;9921;11;9924;11;;;9918.0;0.0
yf_MKC_d12;17900;INTARIAN_PEPPER_ROOT;10798;16;10795;19;;;10813;14;10815;15;;;10805.5;0.0
yf_MKC_d12;18000;ASH_COATED_OSMIUM;9908;8;9905;20;;;9928;10;9930;28;;;9918.0;0.0
yf_MKC_d12;18000;INTARIAN_PEPPER_ROOT;10801;14;10799;14;;;10807;10;10811;22;;;10804.0;0.0
yf_MKC_d12;18100;ASH_COATED_OSMIUM;9915;12;9912;23;;;9921;11;9925;16;;;9918.0;0.0
yf_MKC_d12;18100;INTARIAN_PEPPER_ROOT;10787;9;10784;18;;;10817;18;10821;20;;;10802.0;0.0
yf_MKC_d12;18200;ASH_COATED_OSMIUM;9913;13;9910;13;;;9924;21;9927;23;;;9918.5;0.0
yf_MKC_d12;18200;INTARIAN_PEPPER_ROOT;10789;13;10785;23;;;10811;18;10813;20;;;10800.0;0.0
yf_MKC_d12;18300;ASH_COATED_OSMIUM;9908;16;9904;23;;;9928;18;9930;15;;;9918.0;0.0
yf_MKC_d12;18300;INTARIAN_PEPPER_ROOT;10791;19;10787;19;;;10803;15;10806;18;;;10797.0;0.0
yf_MKC_d12;18400;ASH_COATED_OSMIUM;9915;17;9911;19;;;9921;12;9925;23;;;9918.0;0.0
yf_MKC_d12;18400;INTARIAN_PEPPER_ROOT;10780;19;10776;11;;;10812;9;10816;18;;;10796.0;0.0
yf_MKC_d12;18500;ASH_COATED_OSMIUM;9915;12;9912;25;;;9921;15;9923;18;;;9918.0;0.0
yf_MKC_d12;18500;INTARIAN_PEPPER_ROOT;10791;12;10787;15;;;10797;14;10801;28;;;10794.0;0.0
yf_MKC_d12;18600;ASH_COATED_OSMIUM;9915;12;9913;15;;;9921;11;9923;17;;;9918.0;0.0
yf_MKC_d12;18600;INTARIAN_PEPPER_ROOT;10787;17;10784;13;;;10797;12;10801;15;;;10792.0;0.0
yf_MKC_d12;18700;ASH_COATED_OSMIUM;9915;27;9913;22;;;9921;6;9924;24;;;9918.0;0.0
yf_MKC_d12;18700;INTARIAN_PEPPER_ROOT;10782;16;10779;20;;;10796;11;10799;26;;;10789.0;0.0
yf_MKC_d12;18800;ASH_COATED_OSMIUM;9914;8;9910;16;;;9920;22;9922;29;;;9917.0;0.0
yf_MKC_d12;18800;INTARIAN_PEPPER_ROOT;10785;19;10783;25;;;10791;22;10794;16;;;10788.0;0.0
yf_MKC_d12;18900;ASH_COATED_OSMIUM;9910;12;9908;18;;;9925;16;9929;19;;;9917.5;0.0
yf_MKC_d12;18900;INTARIAN_PEPPER_ROOT;10783;19;10781;29;;;10790;12;10793;17;;;10786.5;0.0
yf_MKC_d12;19000;ASH_COATED_OSMIUM;9915;19;9911;18;;;9921;30;9924;20;;;9918.0;0.0
yf_MKC_d12;19000;INTARIAN_PEPPER_ROOT;10781;12;10777;11;;;10787;23;10790;21;;;10784.0;0.0
yf_MKC_d12;19100;ASH_COATED_OSMIUM;9914;20;9911;17;;;9922;19;9924;23;;;9918.0;0.0
yf_MKC_d12;19100;INTARIAN_PEPPER_ROOT;10779;15;10775;14;;;10786;16;10789;25;;;10782.5;0.0
yf_MKC_d12;19200;ASH_COATED_OSMIUM;9915;14;9912;24;;;9921;21;9923;24;;;9918.0;0.0
yf_MKC_d12;19200;INTARIAN_PEPPER_ROOT;10777;10;10775;16;;;10783;12;10785;10;;;10780.0;0.0
yf_MKC_d12;19300;ASH_COATED_OSMIUM;9912;12;9908;20;;;9924;16;9927;24;;;9918.0;0.0
yf_MKC_d12;19300;INTARIAN_PEPPER_ROOT;10776;11;10772;20;;;10782;16;10786;15;;;10779.0;0.0
yf_MKC_d12;19400;ASH_COATED_OSMIUM;9915;17;9913;21;;;9921;14;9924;26;;;9918.0;0.0
yf_MKC_d12;19400;INTARIAN_PEPPER_ROOT;10774;14;10772;23;;;10780;10;10783;22;;;10777.0;0.0
yf_MKC_d12;19500;ASH_COATED_OSMIUM;9915;14;9912;18;;;9921;27;9925;21;;;9918.0;0.0
yf_MKC_d12;19500;INTARIAN_PEPPER_ROOT;10753;14;10750;19;;;10795;20;10797;23;;;10774.0;0.0
yf_MKC_d12;19600;ASH_COATED_OSMIUM;9913;22;9910;16;;;9923;16;9927;14;;;9918.0;0.0
yf_MKC_d12;19600;INTARIAN_PEPPER_ROOT;10760;9;10756;21;;;10785;9;10787;13;;;10772.5;0.0
yf_MKC_d12;19700;ASH_COATED_OSMIUM;9915;15;9912;23;;;9921;7;9923;16;;;9918.0;0.0
yf_MKC_d12;19700;INTARIAN_PEPPER_ROOT;10768;14;10764;23;;;10774;12;10778;15;;;10771.0;0.0
yf_MKC_d12;19800;ASH_COATED_OSMIUM;9914;5;9911;19;;;9922;8;9924;22;;;9918.0;0.0
yf_MKC_d12;19800;INTARIAN_PEPPER_ROOT;10764;10;10761;21;;;10773;16;10775;12;;;10768.5;0.0
yf_MKC_d12;19900;ASH_COATED_OSMIUM;9915;15;9911;23;;;9921;23;9924;21;;;9918.0;0.0
yf_MKC_d12;19900;INTARIAN_PEPPER_ROOT;10764;5;10761;18;;;10770;13;10774;14;;;10767.0;0.0
yf_MKC_d12;20000;ASH_COATED_OSMIUM;9913;11;9910;11;;;9924;15;9926;22;;;9918.5;0.0
yf_MKC_d12;20000;INTARIAN_PEPPER_ROOT;10762;21;10759;22;;;10768;10;10770;20;;;10765.0;0.0
yf_MKC_d12;20100;ASH_COATED_OSMIUM;9915;12;9911;16;;;9921;14;9924;14;;;9918.0;0.0
yf_MKC_d12;20100;INTARIAN_PEPPER_ROOT;10756;11;10754;22;;;10770;9;10772;22;;;10763.0;0.0
yf_MKC_d12;20200;ASH_COATED_OSMIUM;9915;13;9912;26;;;9921;6;9925;20;;;9918.0;0.0
yf_MKC_d12;20200;INTARIAN_PEPPER_ROOT;10754;5;10752;13;;;10767;7;10770;12;;;10760.5;0.0
yf_MKC_d12;20300;ASH_COATED_OSMIUM;9904;18;9901;14;;;9932;14;9935;18;;;9918.0;0.0
yf_MKC_d12;20300;INTARIAN_PEPPER_ROOT;10756;20;10752;24;;;10762;14;10765;24;;;10759.0;0.0
yf_MKC_d12;20400;ASH_COATED_OSMIUM;9914;11;9912;22;;;9921;5;9923;21;;;9917.5;0.0
yf_MKC_d12;20400;INTARIAN_PEPPER_ROOT;10751;14;10747;14;;;10763;11;10765;18;;;10757.0;0.0
yf_MKC_d12;20500;ASH_COATED_OSMIUM;9908;5;9906;20;;;9928;8;9932;11;;;9918.0;0.0
yf_MKC_d12;20500;INTARIAN_PEPPER_ROOT;10752;10;10749;19;;;10759;15;10761;15;;;10755.5;0.0
yf_MKC_d12;20600;ASH_COATED_OSMIUM;9910;11;9906;21;;;9925;18;9928;19;;;9917.5;0.0
yf_MKC_d12;20600;INTARIAN_PEPPER_ROOT;10750;12;10747;25;;;10757;18;10761;18;;;10753.5;0.0
yf_MKC_d12;20700;ASH_COATED_OSMIUM;9915;5;9913;13;;;9921;19;9923;14;;;9918.0;0.0
yf_MKC_d12;20700;INTARIAN_PEPPER_ROOT;10749;7;10745;15;;;10755;25;10757;17;;;10752.0;0.0
yf_MKC_d12;20800;ASH_COATED_OSMIUM;9915;10;9911;16;;;9921;19;9925;25;;;9918.0;0.0
yf_MKC_d12;20800;INTARIAN_PEPPER_ROOT;10745;19;10742;17;;;10753;17;10755;26;;;10749.0;0.0
yf_MKC_d12;20900;ASH_COATED_OSMIUM;9915;17;9911;21;;;9921;16;9924;13;;;9918.0;0.0
yf_MKC_d12;20900;INTARIAN_PEPPER_ROOT;10741;23;10738;8;;;10756;19;10760;22;;;10748.5;0.0
yf_MKC_d12;21000;ASH_COATED_OSMIUM;9911;10;9907;20;;;9926;11;9928;23;;;9918.5;0.0
yf_MKC_d12;21000;INTARIAN_PEPPER_ROOT;10741;5;10739;28;;;10750;20;10752;17;;;10745.5;0.0
yf_MKC_d12;21100;ASH_COATED_OSMIUM;9915;20;9911;19;;;9921;11;9923;19;;;9918.0;0.0
yf_MKC_d12;21100;INTARIAN_PEPPER_ROOT;10735;15;10732;19;;;10752;17;10755;17;;;10743.5;0.0
yf_MKC_d12;21200;ASH_COATED_OSMIUM;9914;6;9912;26;;;9920;6;9923;17;;;9917.0;0.0
yf_MKC_d12;21200;INTARIAN_PEPPER_ROOT;10739;13;10735;19;;;10745;18;10747;28;;;10742.0;0.0
yf_MKC_d12;21300;ASH_COATED_OSMIUM;9915;8;9913;22;;;9921;20;9924;23;;;9918.0;0.0
yf_MKC_d12;21300;INTARIAN_PEPPER_ROOT;10735;19;10731;23;;;10745;10;10749;18;;;10740.0;0.0
yf_MKC_d12;21400;ASH_COATED_OSMIUM;9915;20;9912;16;;;9921;15;9925;25;;;9918.0;0.0
yf_MKC_d12;21400;INTARIAN_PEPPER_ROOT;10732;13;10730;24;;;10744;5;10747;20;;;10738.0;0.0
yf_MKC_d12;21500;ASH_COATED_OSMIUM;9914;12;9910;14;;;9920;17;9924;13;;;9917.0;0.0
yf_MKC_d12;21500;INTARIAN_PEPPER_ROOT;10732;13;10730;18;;;10738;9;10740;15;;;10735.0;0.0
yf_MKC_d12;21600;ASH_COATED_OSMIUM;9901;13;9899;21;;;9935;18;9937;23;;;9918.0;0.0
yf_MKC_d12;21600;INTARIAN_PEPPER_ROOT;10726;9;10724;19;;;10741;18;10743;23;;;10733.5;0.0
yf_MKC_d12;21700;ASH_COATED_OSMIUM;9905;19;9901;23;;;9930;15;9934;20;;;9917.5;0.0
yf_MKC_d12;21700;INTARIAN_PEPPER_ROOT;10729;10;10725;21;;;10735;14;10739;13;;;10732.0;0.0
yf_MKC_d12;21800;ASH_COATED_OSMIUM;9915;16;9911;14;;;9921;14;9924;18;;;9918.0;0.0
yf_MKC_d12;21800;INTARIAN_PEPPER_ROOT;10724;21;10720;25;;;10736;21;10739;24;;;10730.0;0.0
yf_MKC_d12;21900;ASH_COATED_OSMIUM;9909;12;9907;21;;;9927;15;9930;27;;;9918.0;0.0
yf_MKC_d12;21900;INTARIAN_PEPPER_ROOT;10724;13;10720;20;;;10730;16;10733;21;;;10727.0;0.0
yf_MKC_d12;22000;ASH_COATED_OSMIUM;9915;12;9913;20;;;9921;14;9924;16;;;9918.0;0.0
yf_MKC_d12;22000;INTARIAN_PEPPER_ROOT;10723;12;10719;19;;;10729;9;10733;15;;;10726.0;0.0
yf_MKC_d12;22100;ASH_COATED_OSMIUM;9908;15;9905;8;;;9927;22;9931;12;;;9917.5;0.0
yf_MKC_d12;22100;INTARIAN_PEPPER_ROOT;10720;22;10718;22;;;10730;17;10734;9;;;10725.0;0.0
yf_MKC_d12;22200;ASH_COATED_OSMIUM;9914;20;9910;21;;;9921;21;9923;26;;;9917.5;0.0
yf_MKC_d12;22200;INTARIAN_PEPPER_ROOT;10719;12;10717;23;;;10725;19;10727;21;;;10722.0;0.0
yf_MKC_d12;22300;ASH_COATED_OSMIUM;9914;25;9910;21;;;9920;19;9923;19;;;9917.0;0.0
yf_MKC_d12;22300;INTARIAN_PEPPER_ROOT;10717;15;10714;18;;;10723;11;10725;12;;;10720.0;0.0
yf_MKC_d12;22400;ASH_COATED_OSMIUM;9915;13;9911;20;;;9921;16;9924;16;;;9918.0;0.0
yf_MKC_d12;22400;INTARIAN_PEPPER_ROOT;10716;16;10713;31;;;10722;11;10726;23;;;10719.0;0.0
yf_MKC_d12;22500;ASH_COATED_OSMIUM;9914;5;9910;16;;;9920;20;9924;15;;;9917.0;0.0
yf_MKC_d12;22500;INTARIAN_PEPPER_ROOT;10706;15;10702;26;;;10728;12;10732;22;;;10717.0;0.0
yf_MKC_d12;22600;ASH_COATED_OSMIUM;9915;20;9912;21;;;9921;16;9925;20;;;9918.0;0.0
yf_MKC_d12;22600;INTARIAN_PEPPER_ROOT;10712;18;10709;27;;;10718;5;10721;11;;;10715.0;0.0
yf_MKC_d12;22700;ASH_COATED_OSMIUM;9912;9;9909;21;;;9922;15;9925;24;;;9917.0;0.0
yf_MKC_d12;22700;INTARIAN_PEPPER_ROOT;10707;23;10704;25;;;10718;22;10720;15;;;10712.5;0.0
yf_MKC_d12;22800;ASH_COATED_OSMIUM;9915;13;9913;17;;;9921;11;9923;16;;;9918.0;0.0
yf_MKC_d12;22800;INTARIAN_PEPPER_ROOT;10703;12;10699;22;;;10718;14;10722;16;;;10710.5;0.0
yf_MKC_d12;22900;ASH_COATED_OSMIUM;9915;10;9911;20;;;9921;13;9923;18;;;9918.0;0.0
yf_MKC_d12;22900;INTARIAN_PEPPER_ROOT;10703;17;10699;15;;;10714;13;10717;20;;;10708.5;0.0
yf_MKC_d12;23000;ASH_COATED_OSMIUM;9915;16;9911;22;;;9921;16;9923;12;;;9918.0;0.0
yf_MKC_d12;23000;INTARIAN_PEPPER_ROOT;10701;21;10697;24;;;10713;11;10717;19;;;10707.0;0.0
yf_MKC_d12;23100;ASH_COATED_OSMIUM;9915;11;9911;14;;;9921;14;9925;20;;;9918.0;0.0
yf_MKC_d12;23100;INTARIAN_PEPPER_ROOT;10702;20;10700;20;;;10708;19;10710;16;;;10705.0;0.0
yf_MKC_d12;23200;ASH_COATED_OSMIUM;9913;17;9911;32;;;9922;13;9926;19;;;9917.5;0.0
yf_MKC_d12;23200;INTARIAN_PEPPER_ROOT;10700;21;10698;28;;;10706;7;10709;21;;;10703.0;0.0
yf_MKC_d12;23300;ASH_COATED_OSMIUM;9910;18;9908;17;;;9925;15;9929;10;;;9917.5;0.0
yf_MKC_d12;23300;INTARIAN_PEPPER_ROOT;10696;9;10694;17;;;10706;21;10709;20;;;10701.0;0.0
yf_MKC_d12;23400;ASH_COATED_OSMIUM;9915;10;9913;23;;;9921;18;9923;15;;;9918.0;0.0
yf_MKC_d12;23400;INTARIAN_PEPPER_ROOT;10696;15;10694;24;;;10702;14;10704;16;;;10699.0;0.0
yf_MKC_d12;23500;ASH_COATED_OSMIUM;9913;5;9909;15;;;9922;14;9926;19;;;9917.5;0.0
yf_MKC_d12;23500;INTARIAN_PEPPER_ROOT;10694;19;10691;25;;;10700;10;10704;25;;;10697.0;0.0
yf_MKC_d12;23600;ASH_COATED_OSMIUM;9914;7;9911;33;;;9920;9;9922;20;;;9917.0;0.0
yf_MKC_d12;23600;INTARIAN_PEPPER_ROOT;10692;21;10689;22;;;10698;18;10700;16;;;10695.0;0.0
yf_MKC_d12;23700;ASH_COATED_OSMIUM;9915;23;9911;11;;;9921;18;9925;21;;;9918.0;0.0
yf_MKC_d12;23700;INTARIAN_PEPPER_ROOT;10685;14;10683;18;;;10701;11;10704;22;;;10693.0;0.0
yf_MKC_d12;23800;ASH_COATED_OSMIUM;9914;16;9910;25;;;9922;23;9926;17;;;9918.0;0.0
yf_MKC_d12;23800;INTARIAN_PEPPER_ROOT;10688;19;10685;19;;;10694;13;10697;18;;;10691.0;0.0
yf_MKC_d12;23900;ASH_COATED_OSMIUM;9915;16;9912;15;;;9921;26;9923;20;;;9918.0;0.0
yf_MKC_d12;23900;INTARIAN_PEPPER_ROOT;10683;5;10681;19;;;10696;9;10698;8;;;10689.5;0.0
yf_MKC_d12;24000;ASH_COATED_OSMIUM;9904;12;9901;8;;;9930;19;9932;15;;;9917.0;0.0
yf_MKC_d12;24000;INTARIAN_PEPPER_ROOT;10685;14;10682;20;;;10691;9;10694;15;;;10688.0;0.0
yf_MKC_d12;24100;ASH_COATED_OSMIUM;9911;16;9908;15;;;9923;19;9927;26;;;9917.0;0.0
yf_MKC_d12;24100;INTARIAN_PEPPER_ROOT;10683;15;10680;22;;;10689;9;10693;11;;;10686.0;0.0
yf_MKC_d12;24200;ASH_COATED_OSMIUM;9915;19;9913;19;;;9921;18;9923;15;;;9918.0;0.0
yf_MKC_d12;24200;INTARIAN_PEPPER_ROOT;10677;13;10673;20;;;10691;9;10693;15;;;10684.0;0.0
yf_MKC_d12;24300;ASH_COATED_OSMIUM;9914;13;9911;26;;;9920;13;9922;22;;;9917.0;0.0
yf_MKC_d12;24300;INTARIAN_PEPPER_ROOT;10679;17;10676;23;;;10685;18;10689;21;;;10682.0;0.0
yf_MKC_d12;24400;ASH_COATED_OSMIUM;9915;14;9913;21;;;9921;14;9924;18;;;9918.0;0.0
yf_MKC_d12;24400;INTARIAN_PEPPER_ROOT;10663;7;10659;25;;;10696;16;10700;20;;;10679.5;0.0
yf_MKC_d12;24500;ASH_COATED_OSMIUM;9915;14;9911;11;;;9921;20;9925;26;;;9918.0;0.0
yf_MKC_d12;24500;INTARIAN_PEPPER_ROOT;10670;18;10666;27;;;10684;13;10687;27;;;10677.0;0.0
yf_MKC_d12;24600;ASH_COATED_OSMIUM;9915;10;9913;15;;;9921;5;9923;21;;;9918.0;0.0
yf_MKC_d12;24600;INTARIAN_PEPPER_ROOT;10672;17;10668;27;;;10681;14;10683;15;;;10676.5;0.0
yf_MKC_d12;24700;ASH_COATED_OSMIUM;9914;26;9911;24;;;9921;26;9923;17;;;9917.5;0.0
yf_MKC_d12;24700;INTARIAN_PEPPER_ROOT;10670;8;10668;19;;;10676;9;10680;14;;;10673.0;0.0
yf_MKC_d12;24800;ASH_COATED_OSMIUM;9914;15;9910;23;;;9922;15;9925;24;;;9918.0;0.0
yf_MKC_d12;24800;INTARIAN_PEPPER_ROOT;10668;9;10664;24;;;10677;17;10680;17;;;10672.5;0.0
yf_MKC_d12;24900;ASH_COATED_OSMIUM;9915;13;9912;23;;;9921;16;9925;24;;;9918.0;0.0
yf_MKC_d12;24900;INTARIAN_PEPPER_ROOT;10662;23;10660;14;;;10678;12;10682;22;;;10670.0;0.0
yf_MKC_d12;25000;ASH_COATED_OSMIUM;9915;17;9911;13;;;9921;19;9923;25;;;9918.0;0.0
yf_MKC_d12;25000;INTARIAN_PEPPER_ROOT;10665;12;10662;21;;;10671;22;10675;22;;;10668.0;0.0
yf_MKC_d12;25100;ASH_COATED_OSMIUM;9915;9;9913;19;;;9921;24;9924;13;;;9918.0;0.0
yf_MKC_d12;25100;INTARIAN_PEPPER_ROOT;10659;14;10655;17;;;10673;20;10675;17;;;10666.0;0.0
yf_MKC_d12;25200;ASH_COATED_OSMIUM;9914;22;9910;17;;;9921;24;9924;17;;;9917.5;0.0
yf_MKC_d12;25200;INTARIAN_PEPPER_ROOT;10661;8;10659;24;;;10667;17;10670;23;;;10664.0;0.0
yf_MKC_d12;25300;ASH_COATED_OSMIUM;9912;14;9910;17;;;9922;10;9926;17;;;9917.0;0.0
yf_MKC_d12;25300;INTARIAN_PEPPER_ROOT;10657;10;10653;18;;;10668;11;10671;16;;;10662.5;0.0
yf_MKC_d12;25400;ASH_COATED_OSMIUM;9914;15;9911;25;;;9920;24;9924;20;;;9917.0;0.0
yf_MKC_d12;25400;INTARIAN_PEPPER_ROOT;10655;12;10652;28;;;10667;6;10669;23;;;10661.0;0.0
yf_MKC_d12;25500;ASH_COATED_OSMIUM;9914;21;9912;12;;;9920;18;9923;20;;;9917.0;0.0
yf_MKC_d12;25500;INTARIAN_PEPPER_ROOT;10653;18;10650;18;;;10663;15;10666;23;;;10658.0;0.0
yf_MKC_d12;25600;ASH_COATED_OSMIUM;9914;11;9912;20;;;9920;8;9923;16;;;9917.0;0.0
yf_MKC_d12;25600;INTARIAN_PEPPER_ROOT;10650;19;10646;16;;;10664;20;10666;21;;;10657.0;0.0
yf_MKC_d12;25700;ASH_COATED_OSMIUM;9914;5;9911;23;;;9920;17;9922;18;;;9917.0;0.0
yf_MKC_d12;25700;INTARIAN_PEPPER_ROOT;10652;19;10650;23;;;10658;26;10660;23;;;10655.0;0.0
yf_MKC_d12;25800;ASH_COATED_OSMIUM;9914;14;9912;16;;;9921;22;9923;11;;;9917.5;0.0
yf_MKC_d12;25800;INTARIAN_PEPPER_ROOT;10642;18;10638;14;;;10662;10;10664;27;;;10652.0;0.0
yf_MKC_d12;25900;ASH_COATED_OSMIUM;9909;9;9907;23;;;9927;17;9929;18;;;9918.0;0.0
yf_MKC_d12;25900;INTARIAN_PEPPER_ROOT;10648;16;10645;24;;;10654;21;10657;18;;;10651.0;0.0
yf_MKC_d12;26000;ASH_COATED_OSMIUM;9896;15;9892;25;;;9939;5;9943;14;;;9917.5;0.0
yf_MKC_d12;26000;INTARIAN_PEPPER_ROOT;10646;17;10642;24;;;10652;15;10656;20;;;10649.0;0.0
yf_MKC_d12;26100;ASH_COATED_OSMIUM;9913;17;9909;20;;;9922;15;9926;16;;;9917.5;0.0
yf_MKC_d12;26100;INTARIAN_PEPPER_ROOT;10644;12;10642;22;;;10650;19;10654;24;;;10647.0;0.0
yf_MKC_d12;26200;ASH_COATED_OSMIUM;9915;8;9911;17;;;9921;14;9925;20;;;9918.0;0.0
yf_MKC_d12;26200;INTARIAN_PEPPER_ROOT;10642;16;10638;20;;;10649;19;10653;20;;;10645.5;0.0
yf_MKC_d12;26300;ASH_COATED_OSMIUM;9913;16;9911;22;;;9922;8;9924;23;;;9917.5;0.0
yf_MKC_d12;26300;INTARIAN_PEPPER_ROOT;10625;14;10621;16;;;10662;13;10665;20;;;10643.5;0.0
yf_MKC_d12;26400;ASH_COATED_OSMIUM;9915;22;9913;19;;;9921;18;9923;20;;;9918.0;0.0
yf_MKC_d12;26400;INTARIAN_PEPPER_ROOT;10637;10;10635;20;;;10644;16;10648;17;;;10640.5;0.0
yf_MKC_d12;26500;ASH_COATED_OSMIUM;9915;8;9911;18;;;9921;19;9925;17;;;9918.0;0.0
yf_MKC_d12;26500;INTARIAN_PEPPER_ROOT;10635;9;10631;28;;;10643;16;10645;23;;;10639.0;0.0
yf_MKC_d12;26600;ASH_COATED_OSMIUM;9908;12;9905;15;;;9925;14;9927;17;;;9916.5;0.0
yf_MKC_d12;26600;INTARIAN_PEPPER_ROOT;10635;15;10632;16;;;10641;24;10645;24;;;10638.0;0.0
yf_MKC_d12;26700;ASH_COATED_OSMIUM;9910;22;9908;16;;;9924;17;9928;16;;;9917.0;0.0
yf_MKC_d12;26700;INTARIAN_PEPPER_ROOT;10628;20;10625;24;;;10643;9;10646;13;;;10635.5;0.0
yf_MKC_d12;26800;ASH_COATED_OSMIUM;9914;23;9911;29;;;9920;5;9922;16;;;9917.0;0.0
yf_MKC_d12;26800;INTARIAN_PEPPER_ROOT;10630;10;10628;15;;;10636;14;10638;18;;;10633.0;0.0
yf_MKC_d12;26900;ASH_COATED_OSMIUM;9915;15;9913;19;;;9921;14;9923;17;;;9918.0;0.0
yf_MKC_d12;26900;INTARIAN_PEPPER_ROOT;10625;11;10622;15;;;10638;16;10640;25;;;10631.5;0.0
yf_MKC_d12;27000;ASH_COATED_OSMIUM;9913;20;9910;22;;;9922;11;9925;24;;;9917.5;0.0
yf_MKC_d12;27000;INTARIAN_PEPPER_ROOT;10625;20;10623;19;;;10634;14;10637;15;;;10629.5;0.0
yf_MKC_d12;27100;ASH_COATED_OSMIUM;9915;12;9913;14;;;9921;10;9923;22;;;9918.0;0.0
yf_MKC_d12;27100;INTARIAN_PEPPER_ROOT;10624;12;10622;8;;;10630;13;10632;25;;;10627.0;0.0
yf_MKC_d12;27200;ASH_COATED_OSMIUM;9904;18;9902;15;;;9930;14;9932;10;;;9917.0;0.0
yf_MKC_d12;27200;INTARIAN_PEPPER_ROOT;10623;7;10620;14;;;10629;17;10633;23;;;10626.0;0.0
yf_MKC_d12;27300;ASH_COATED_OSMIUM;9909;11;9907;23;;;9924;18;9927;8;;;9916.5;0.0
yf_MKC_d12;27300;INTARIAN_PEPPER_ROOT;10604;13;10600;13;;;10642;16;10645;13;;;10623.0;0.0
yf_MKC_d12;27400;ASH_COATED_OSMIUM;9912;16;9908;15;;;9923;9;9927;26;;;9917.5;0.0
yf_MKC_d12;27400;INTARIAN_PEPPER_ROOT;10619;14;10615;25;;;10625;24;10627;23;;;10622.0;0.0
yf_MKC_d12;27500;ASH_COATED_OSMIUM;9914;15;9911;17;;;9920;20;9922;16;;;9917.0;0.0
yf_MKC_d12;27500;INTARIAN_PEPPER_ROOT;10609;7;10606;21;;;10631;9;10635;19;;;10620.0;0.0
yf_MKC_d12;27600;ASH_COATED_OSMIUM;9914;12;9911;18;;;9920;13;9924;25;;;9917.0;0.0
yf_MKC_d12;27600;INTARIAN_PEPPER_ROOT;10615;15;10611;25;;;10621;13;10625;22;;;10618.0;0.0
yf_MKC_d12;27700;ASH_COATED_OSMIUM;9914;14;9911;20;;;9920;12;9924;17;;;9917.0;0.0
yf_MKC_d12;27700;INTARIAN_PEPPER_ROOT;10613;12;10609;20;;;10619;16;10622;19;;;10616.0;0.0
yf_MKC_d12;27800;ASH_COATED_OSMIUM;9914;10;9911;23;;;9920;10;9922;21;;;9917.0;0.0
yf_MKC_d12;27800;INTARIAN_PEPPER_ROOT;10611;13;10609;17;;;10617;8;10621;28;;;10614.0;0.0
yf_MKC_d12;27900;ASH_COATED_OSMIUM;9915;14;9911;25;;;9921;5;9924;17;;;9918.0;0.0
yf_MKC_d12;27900;INTARIAN_PEPPER_ROOT;10609;18;10607;26;;;10615;18;10617;19;;;10612.0;0.0
yf_MKC_d12;28000;ASH_COATED_OSMIUM;9912;18;9909;23;;;9923;12;9926;18;;;9917.5;0.0
yf_MKC_d12;28000;INTARIAN_PEPPER_ROOT;10608;17;10605;20;;;10614;15;10618;18;;;10611.0;0.0
yf_MKC_d12;28100;ASH_COATED_OSMIUM;9914;14;9911;24;;;9920;17;9923;17;;;9917.0;0.0
yf_MKC_d12;28100;INTARIAN_PEPPER_ROOT;10605;15;10603;22;;;10611;12;10613;23;;;10608.0;0.0
yf_MKC_d12;28200;ASH_COATED_OSMIUM;9914;11;9910;9;;;9920;13;9922;8;;;9917.0;0.0
yf_MKC_d12;28200;INTARIAN_PEPPER_ROOT;10598;26;10596;21;;;10616;11;10618;26;;;10607.0;0.0
yf_MKC_d12;28300;ASH_COATED_OSMIUM;9914;16;9910;16;;;9920;16;9924;9;;;9917.0;0.0
yf_MKC_d12;28300;INTARIAN_PEPPER_ROOT;10592;17;10590;13;;;10616;20;10619;16;;;10604.0;0.0
yf_MKC_d12;28400;ASH_COATED_OSMIUM;9915;9;9911;26;;;9921;14;9925;14;;;9918.0;0.0
yf_MKC_d12;28400;INTARIAN_PEPPER_ROOT;10600;11;10597;15;;;10606;9;10609;25;;;10603.0;0.0
yf_MKC_d12;28500;ASH_COATED_OSMIUM;9912;18;9908;25;;;9921;13;9925;20;;;9916.5;0.0
yf_MKC_d12;28500;INTARIAN_PEPPER_ROOT;10598;24;10595;28;;;10604;11;10607;20;;;10601.0;0.0
yf_MKC_d12;28600;ASH_COATED_OSMIUM;9915;20;9911;24;;;9921;19;9924;21;;;9918.0;0.0
yf_MKC_d12;28600;INTARIAN_PEPPER_ROOT;10592;17;10589;24;;;10605;11;10608;26;;;10598.5;0.0
yf_MKC_d12;28700;ASH_COATED_OSMIUM;9914;5;9911;17;;;9920;13;9924;24;;;9917.0;0.0
yf_MKC_d12;28700;INTARIAN_PEPPER_ROOT;10592;19;10588;18;;;10601;11;10604;26;;;10596.5;0.0
yf_MKC_d12;28800;ASH_COATED_OSMIUM;9913;27;9910;12;;;9921;17;9923;17;;;9917.0;0.0
yf_MKC_d12;28800;INTARIAN_PEPPER_ROOT;10592;24;10588;14;;;10598;21;10600;23;;;10595.0;0.0
yf_MKC_d12;28900;ASH_COATED_OSMIUM;9915;9;9912;18;;;9921;10;9924;19;;;9918.0;0.0
yf_MKC_d12;28900;INTARIAN_PEPPER_ROOT;10590;18;10586;20;;;10596;13;10599;23;;;10593.0;0.0
yf_MKC_d12;29000;ASH_COATED_OSMIUM;9910;16;9906;9;;;9924;17;9926;22;;;9917.0;0.0
yf_MKC_d12;29000;INTARIAN_PEPPER_ROOT;10586;15;10582;23;;;10597;11;10599;17;;;10591.5;0.0
yf_MKC_d12;29100;ASH_COATED_OSMIUM;9893;6;9889;17;;;9941;21;9945;16;;;9917.0;0.0
yf_MKC_d12;29100;INTARIAN_PEPPER_ROOT;10582;11;10579;21;;;10596;18;10598;16;;;10589.0;0.0
yf_MKC_d12;29200;ASH_COATED_OSMIUM;9887;11;9883;10;;;9949;12;9952;23;;;9918.0;0.0
yf_MKC_d12;29200;INTARIAN_PEPPER_ROOT;10579;12;10575;22;;;10595;10;10597;20;;;10587.0;0.0
yf_MKC_d12;29300;ASH_COATED_OSMIUM;9914;10;9910;20;;;9920;18;9924;24;;;9917.0;0.0
yf_MKC_d12;29300;INTARIAN_PEPPER_ROOT;10580;17;10576;24;;;10591;14;10595;15;;;10585.5;0.0
yf_MKC_d12;29400;ASH_COATED_OSMIUM;9914;24;9912;24;;;9920;26;9924;15;;;9917.0;0.0
yf_MKC_d12;29400;INTARIAN_PEPPER_ROOT;10578;14;10575;25;;;10588;22;10592;22;;;10583.0;0.0
yf_MKC_d12;29500;ASH_COATED_OSMIUM;9913;16;9910;13;;;9923;18;9925;28;;;9918.0;0.0
yf_MKC_d12;29500;INTARIAN_PEPPER_ROOT;10578;20;10575;16;;;10584;10;10586;16;;;10581.0;0.0
yf_MKC_d12;29600;ASH_COATED_OSMIUM;9913;15;9911;15;;;9921;20;9923;23;;;9917.0;0.0
yf_MKC_d12;29600;INTARIAN_PEPPER_ROOT;10576;11;10572;19;;;10582;10;10584;25;;;10579.0;0.0
yf_MKC_d12;29700;ASH_COATED_OSMIUM;9908;16;9906;26;;;9927;9;9931;14;;;9917.5;0.0
yf_MKC_d12;29700;INTARIAN_PEPPER_ROOT;10575;14;10573;16;;;10581;13;10584;17;;;10578.0;0.0
yf_MKC_d12;29800;ASH_COATED_OSMIUM;9914;13;9911;24;;;9920;10;9924;11;;;9917.0;0.0
yf_MKC_d12;29800;INTARIAN_PEPPER_ROOT;10572;21;10568;29;;;10578;11;10581;16;;;10575.0;0.0
yf_MKC_d12;29900;ASH_COATED_OSMIUM;9914;12;9912;24;;;9920;20;9923;30;;;9917.0;0.0
yf_MKC_d12;29900;INTARIAN_PEPPER_ROOT;10570;16;10566;25;;;10577;13;10581;12;;;10573.5;0.0
yf_MKC_d12;30000;ASH_COATED_OSMIUM;9914;14;9910;15;;;9920;10;9924;18;;;9917.0;0.0
yf_MKC_d12;30000;INTARIAN_PEPPER_ROOT;10569;15;10565;33;;;10575;11;10577;15;;;10572.0;0.0
yf_MKC_d12;30100;ASH_COATED_OSMIUM;9914;12;9910;19;;;9920;18;9922;19;;;9917.0;0.0
yf_MKC_d12;30100;INTARIAN_PEPPER_ROOT;10567;15;10565;12;;;10573;11;10577;22;;;10570.0;0.0
yf_MKC_d12;30200;ASH_COATED_OSMIUM;9913;19;9911;20;;;9920;14;9922;21;;;9916.5;0.0
yf_MKC_d12;30200;INTARIAN_PEPPER_ROOT;10565;17;10562;21;;;10571;23;10574;26;;;10568.0;0.0
yf_MKC_d12;30300;ASH_COATED_OSMIUM;9914;9;9912;19;;;9920;18;9924;26;;;9917.0;0.0
yf_MKC_d12;30300;INTARIAN_PEPPER_ROOT;10563;15;10561;15;;;10569;14;10571;19;;;10566.0;0.0
yf_MKC_d12;30400;ASH_COATED_OSMIUM;9914;17;9912;20;;;9920;20;9924;17;;;9917.0;0.0
yf_MKC_d12;30400;INTARIAN_PEPPER_ROOT;10559;11;10556;20;;;10569;22;10572;18;;;10564.0;0.0
yf_MKC_d12;30500;ASH_COATED_OSMIUM;9914;13;9910;11;;;9920;7;9924;22;;;9917.0;0.0
yf_MKC_d12;30500;INTARIAN_PEPPER_ROOT;10559;16;10557;12;;;10565;20;10567;20;;;10562.0;0.0
yf_MKC_d12;30600;ASH_COATED_OSMIUM;9901;24;9897;26;;;9934;7;9937;25;;;9917.5;0.0
yf_MKC_d12;30600;INTARIAN_PEPPER_ROOT;10555;8;10552;26;;;10565;16;10568;24;;;10560.0;0.0
yf_MKC_d12;30700;ASH_COATED_OSMIUM;9915;27;9912;17;;;9921;13;9924;15;;;9918.0;0.0
yf_MKC_d12;30700;INTARIAN_PEPPER_ROOT;10556;10;10554;14;;;10562;11;10566;10;;;10559.0;0.0
yf_MKC_d12;30800;ASH_COATED_OSMIUM;9914;15;9910;26;;;9920;21;9922;22;;;9917.0;0.0
yf_MKC_d12;30800;INTARIAN_PEPPER_ROOT;10552;14;10548;24;;;10561;21;10564;23;;;10556.5;0.0
yf_MKC_d12;30900;ASH_COATED_OSMIUM;9913;9;9911;21;;;9920;13;9922;21;;;9916.5;0.0
yf_MKC_d12;30900;INTARIAN_PEPPER_ROOT;10551;6;10547;28;;;10557;11;10561;22;;;10554.0;0.0
yf_MKC_d12;31000;ASH_COATED_OSMIUM;9914;5;9910;20;;;9921;17;9925;25;;;9917.5;0.0
yf_MKC_d12;31000;INTARIAN_PEPPER_ROOT;10541;12;10539;27;;;10563;9;10567;20;;;10552.0;0.0
yf_MKC_d12;31100;ASH_COATED_OSMIUM;9914;8;9912;26;;;9920;19;9923;18;;;9917.0;0.0
yf_MKC_d12;31100;INTARIAN_PEPPER_ROOT;10546;8;10543;19;;;10555;16;10559;14;;;10550.5;0.0
yf_MKC_d12;31200;ASH_COATED_OSMIUM;9914;10;9912;20;;;9920;16;9923;16;;;9917.0;0.0
yf_MKC_d12;31200;INTARIAN_PEPPER_ROOT;10545;10;10542;26;;;10551;7;10553;13;;;10548.0;0.0
yf_MKC_d12;31300;ASH_COATED_OSMIUM;9914;10;9912;15;;;9920;14;9924;14;;;9917.0;0.0
yf_MKC_d12;31300;INTARIAN_PEPPER_ROOT;10543;16;10540;25;;;10551;17;10554;15;;;10547.0;0.0
yf_MKC_d12;31400;ASH_COATED_OSMIUM;9914;20;9912;26;;;9920;7;9923;14;;;9917.0;0.0
yf_MKC_d12;31400;INTARIAN_PEPPER_ROOT;10540;13;10536;12;;;10550;7;10554;16;;;10545.0;0.0
yf_MKC_d12;31500;ASH_COATED_OSMIUM;9913;16;9910;27;;;9920;11;9923;18;;;9916.5;0.0
yf_MKC_d12;31500;INTARIAN_PEPPER_ROOT;10540;24;10538;22;;;10546;9;10548;25;;;10543.0;0.0
yf_MKC_d12;31600;ASH_COATED_OSMIUM;9914;14;9910;22;;;9921;9;9923;19;;;9917.5;0.0
yf_MKC_d12;31600;INTARIAN_PEPPER_ROOT;10538;19;10534;19;;;10544;17;10547;25;;;10541.0;0.0
yf_MKC_d12;31700;ASH_COATED_OSMIUM;9914;20;9912;23;;;9920;12;9924;16;;;9917.0;0.0
yf_MKC_d12;31700;INTARIAN_PEPPER_ROOT;10536;10;10534;24;;;10542;8;10546;29;;;10539.0;0.0
yf_MKC_d12;31800;ASH_COATED_OSMIUM;9911;9;9907;18;;;9923;6;9925;16;;;9917.0;0.0
yf_MKC_d12;31800;INTARIAN_PEPPER_ROOT;10534;11;10532;19;;;10541;27;10544;22;;;10537.5;0.0
yf_MKC_d12;31900;ASH_COATED_OSMIUM;9913;18;9911;26;;;9921;8;9924;17;;;9917.0;0.0
yf_MKC_d12;31900;INTARIAN_PEPPER_ROOT;10530;13;10527;20;;;10539;21;10542;23;;;10534.5;0.0
yf_MKC_d12;32000;ASH_COATED_OSMIUM;9909;9;9906;16;;;9926;18;9928;19;;;9917.5;0.0
yf_MKC_d12;32000;INTARIAN_PEPPER_ROOT;10525;18;10523;18;;;10542;20;10546;19;;;10533.5;0.0
yf_MKC_d12;32100;ASH_COATED_OSMIUM;9914;12;9912;16;;;9920;12;9923;17;;;9917.0;0.0
yf_MKC_d12;32100;INTARIAN_PEPPER_ROOT;10516;11;10512;27;;;10545;21;10547;19;;;10530.5;0.0
yf_MKC_d12;32200;ASH_COATED_OSMIUM;9914;16;9911;23;;;9920;10;9922;16;;;9917.0;0.0
yf_MKC_d12;32200;INTARIAN_PEPPER_ROOT;10526;26;10524;19;;;10532;18;10534;22;;;10529.0;0.0
yf_MKC_d12;32300;ASH_COATED_OSMIUM;9914;12;9912;12;;;9920;12;9923;22;;;9917.0;0.0
yf_MKC_d12;32300;INTARIAN_PEPPER_ROOT;10525;13;10523;18;;;10531;17;10535;17;;;10528.0;0.0
yf_MKC_d12;32400;ASH_COATED_OSMIUM;9914;12;9912;12;;;9920;16;9922;15;;;9917.0;0.0
yf_MKC_d12;32400;INTARIAN_PEPPER_ROOT;10522;17;10518;12;;;10528;9;10532;15;;;10525.0;0.0
yf_MKC_d12;32500;ASH_COATED_OSMIUM;9911;26;9907;20;;;9924;18;9926;17;;;9917.5;0.0
yf_MKC_d12;32500;INTARIAN_PEPPER_ROOT;10521;20;10518;18;;;10527;23;10531;17;;;10524.0;0.0
yf_MKC_d12;32600;ASH_COATED_OSMIUM;9914;26;9911;20;;;9920;10;9922;19;;;9917.0;0.0
yf_MKC_d12;32600;INTARIAN_PEPPER_ROOT;10519;18;10516;30;;;10525;12;10527;30;;;10522.0;0.0
yf_MKC_d12;32700;ASH_COATED_OSMIUM;9912;12;9908;22;;;9921;20;9923;9;;;9916.5;0.0
yf_MKC_d12;32700;INTARIAN_PEPPER_ROOT;10516;12;10513;14;;;10522;21;10524;21;;;10519.0;0.0
yf_MKC_d12;32800;ASH_COATED_OSMIUM;9914;7;9911;27;;;9920;15;9924;25;;;9917.0;0.0
yf_MKC_d12;32800;INTARIAN_PEPPER_ROOT;10514;18;10512;23;;;10520;16;10522;18;;;10517.0;0.0
yf_MKC_d12;32900;ASH_COATED_OSMIUM;9912;14;9910;23;;;9923;15;9927;15;;;9917.5;0.0
yf_MKC_d12;32900;INTARIAN_PEPPER_ROOT;10512;16;10510;24;;;10518;16;10521;21;;;10515.0;0.0
yf_MKC_d12;33000;ASH_COATED_OSMIUM;9905;8;9901;19;;;9929;14;9933;24;;;9917.0;0.0
yf_MKC_d12;33000;INTARIAN_PEPPER_ROOT;10501;26;10498;26;;;10526;13;10528;13;;;10513.5;0.0
yf_MKC_d12;33100;ASH_COATED_OSMIUM;9913;15;9910;20;;;9919;24;9921;14;;;9916.0;0.0
yf_MKC_d12;33100;INTARIAN_PEPPER_ROOT;10508;6;10505;21;;;10514;18;10517;27;;;10511.0;0.0
yf_MKC_d12;33200;ASH_COATED_OSMIUM;9914;8;9912;17;;;9920;20;9924;16;;;9917.0;0.0
yf_MKC_d12;33200;INTARIAN_PEPPER_ROOT;10504;20;10501;23;;;10516;15;10518;25;;;10510.0;0.0
yf_MKC_d12;33300;ASH_COATED_OSMIUM;9914;16;9912;14;;;9920;11;9922;25;;;9917.0;0.0
yf_MKC_d12;33300;INTARIAN_PEPPER_ROOT;10504;14;10500;20;;;10512;14;10516;22;;;10508.0;0.0
yf_MKC_d12;33400;ASH_COATED_OSMIUM;9913;18;9910;14;;;9921;11;9923;14;;;9917.0;0.0
yf_MKC_d12;33400;INTARIAN_PEPPER_ROOT;10503;18;10501;21;;;10509;12;10511;15;;;10506.0;0.0
yf_MKC_d12;33500;ASH_COATED_OSMIUM;9913;18;9910;17;;;9921;18;9925;20;;;9917.0;0.0
yf_MKC_d12;33500;INTARIAN_PEPPER_ROOT;10500;15;10496;25;;;10508;8;10510;17;;;10504.0;0.0
yf_MKC_d12;33600;ASH_COATED_OSMIUM;9913;13;9911;24;;;9919;10;9922;19;;;9916.0;0.0
yf_MKC_d12;33600;INTARIAN_PEPPER_ROOT;10494;10;10490;16;;;10511;15;10514;17;;;10502.5;0.0
yf_MKC_d12;33700;ASH_COATED_OSMIUM;9913;11;9909;18;;;9920;6;9924;18;;;9916.5;0.0
yf_MKC_d12;33700;INTARIAN_PEPPER_ROOT;10490;15;10486;17;;;10511;13;10515;8;;;10500.5;0.0
yf_MKC_d12;33800;ASH_COATED_OSMIUM;9914;14;9912;18;;;9920;12;9922;23;;;9917.0;0.0
yf_MKC_d12;33800;INTARIAN_PEPPER_ROOT;10490;12;10488;24;;;10507;5;10509;27;;;10498.5;0.0
yf_MKC_d12;33900;ASH_COATED_OSMIUM;9914;14;9912;16;;;9920;10;9923;16;;;9917.0;0.0
yf_MKC_d12;33900;INTARIAN_PEPPER_ROOT;10493;25;10491;24;;;10500;20;10503;24;;;10496.5;0.0
yf_MKC_d12;34000;ASH_COATED_OSMIUM;9914;24;9911;15;;;9920;13;9924;14;;;9917.0;0.0
yf_MKC_d12;34000;INTARIAN_PEPPER_ROOT;10494;14;10492;19;;;10506;16;10510;21;;;10500.0;0.0
yf_MKC_d12;34100;ASH_COATED_OSMIUM;9914;8;9910;18;;;9920;21;9922;17;;;9917.0;0.0
yf_MKC_d12;34100;INTARIAN_PEPPER_ROOT;10501;15;10498;16;;;10507;18;10511;20;;;10504.0;0.0
yf_MKC_d12;34200;ASH_COATED_OSMIUM;9914;13;9912;22;;;9920;25;9922;19;;;9917.0;0.0
yf_MKC_d12;34200;INTARIAN_PEPPER_ROOT;10499;17;10497;29;;;10516;12;10518;10;;;10507.5;0.0
yf_MKC_d12;34300;ASH_COATED_OSMIUM;9914;17;9910;16;;;9920;16;9923;23;;;9917.0;0.0
yf_MKC_d12;34300;INTARIAN_PEPPER_ROOT;10504;19;10502;26;;;10519;5;10523;18;;;10511.5;0.0
yf_MKC_d12;34400;ASH_COATED_OSMIUM;9914;25;9910;32;;;9920;16;9922;24;;;9917.0;0.0
yf_MKC_d12;34400;INTARIAN_PEPPER_ROOT;10511;14;10508;24;;;10517;16;10521;26;;;10514.0;0.0
yf_MKC_d12;34500;ASH_COATED_OSMIUM;9914;14;9911;22;;;9920;5;9923;14;;;9917.0;0.0
yf_MKC_d12;34500;INTARIAN_PEPPER_ROOT;10508;11;10506;17;;;10529;18;10532;20;;;10518.5;0.0
yf_MKC_d12;34600;ASH_COATED_OSMIUM;9914;15;9911;27;;;9920;18;9922;15;;;9917.0;0.0
yf_MKC_d12;34600;INTARIAN_PEPPER_ROOT;10518;11;10515;16;;;10525;21;10529;20;;;10521.5;0.0
yf_MKC_d12;34700;ASH_COATED_OSMIUM;9909;18;9906;29;;;9925;15;9928;15;;;9917.0;0.0
yf_MKC_d12;34700;INTARIAN_PEPPER_ROOT;10523;15;10520;15;;;10529;8;10532;28;;;10526.0;0.0
yf_MKC_d12;34800;ASH_COATED_OSMIUM;9909;30;9906;16;;;9923;15;9926;24;;;9916.0;0.0
yf_MKC_d12;34800;INTARIAN_PEPPER_ROOT;10526;20;10523;26;;;10532;17;10535;18;;;10529.0;0.0
yf_MKC_d12;34900;ASH_COATED_OSMIUM;9913;14;9911;22;;;9919;11;9922;23;;;9916.0;0.0
yf_MKC_d12;34900;INTARIAN_PEPPER_ROOT;10529;12;10527;16;;;10535;23;10539;17;;;10532.0;0.0
yf_MKC_d12;35000;ASH_COATED_OSMIUM;9911;23;9909;12;;;9923;16;9926;25;;;9917.0;0.0
yf_MKC_d12;35000;INTARIAN_PEPPER_ROOT;10532;16;10529;19;;;10539;12;10541;32;;;10535.5;0.0
yf_MKC_d12;35100;ASH_COATED_OSMIUM;9913;13;9911;25;;;9919;16;9922;12;;;9916.0;0.0
yf_MKC_d12;35100;INTARIAN_PEPPER_ROOT;10535;21;10532;22;;;10545;18;10547;16;;;10540.0;0.0
yf_MKC_d12;35200;ASH_COATED_OSMIUM;9910;20;9907;22;;;9923;13;9926;23;;;9916.5;0.0
yf_MKC_d12;35200;INTARIAN_PEPPER_ROOT;10540;5;10538;19;;;10546;14;10549;20;;;10543.0;0.0
yf_MKC_d12;35300;ASH_COATED_OSMIUM;9913;5;9909;25;;;9920;12;9923;18;;;9916.5;0.0
yf_MKC_d12;35300;INTARIAN_PEPPER_ROOT;10544;12;10542;23;;;10550;11;10552;15;;;10547.0;0.0
yf_MKC_d12;35400;ASH_COATED_OSMIUM;9913;11;9909;20;;;9919;9;9921;18;;;9916.0;0.0
yf_MKC_d12;35400;INTARIAN_PEPPER_ROOT;10547;9;10544;16;;;10553;17;10555;25;;;10550.0;0.0
yf_MKC_d12;35500;ASH_COATED_OSMIUM;9913;14;9911;19;;;9919;17;9923;13;;;9916.0;0.0
yf_MKC_d12;35500;INTARIAN_PEPPER_ROOT;10551;14;10547;14;;;10557;10;10561;16;;;10554.0;0.0
yf_MKC_d12;35600;ASH_COATED_OSMIUM;9913;21;9911;25;;;9919;12;9922;17;;;9916.0;0.0
yf_MKC_d12;35600;INTARIAN_PEPPER_ROOT;10553;12;10551;17;;;10563;15;10566;21;;;10558.0;0.0
yf_MKC_d12;35700;ASH_COATED_OSMIUM;9913;14;9909;21;;;9919;13;9922;17;;;9916.0;0.0
yf_MKC_d12;35700;INTARIAN_PEPPER_ROOT;10558;7;10556;10;;;10564;11;10567;29;;;10561.0;0.0
yf_MKC_d12;35800;ASH_COATED_OSMIUM;9906;17;9903;24;;;9926;18;9930;14;;;9916.0;0.0
yf_MKC_d12;35800;INTARIAN_PEPPER_ROOT;10561;13;10557;14;;;10569;15;10571;16;;;10565.0;0.0
yf_MKC_d12;35900;ASH_COATED_OSMIUM;9912;8;9910;20;;;9919;24;9922;29;;;9915.5;0.0
yf_MKC_d12;35900;INTARIAN_PEPPER_ROOT;10566;14;10564;13;;;10572;22;10576;11;;;10569.0;0.0
yf_MKC_d12;36000;ASH_COATED_OSMIUM;9913;16;9911;22;;;9919;5;9922;24;;;9916.0;0.0
yf_MKC_d12;36000;INTARIAN_PEPPER_ROOT;10569;17;10567;25;;;10575;13;10578;15;;;10572.0;0.0
yf_MKC_d12;36100;ASH_COATED_OSMIUM;9905;10;9902;25;;;9926;12;9929;15;;;9915.5;0.0
yf_MKC_d12;36100;INTARIAN_PEPPER_ROOT;10572;21;10570;20;;;10580;17;10583;17;;;10576.0;0.0
yf_MKC_d12;36200;ASH_COATED_OSMIUM;9912;11;9910;22;;;9918;18;9922;19;;;9915.0;0.0
yf_MKC_d12;36200;INTARIAN_PEPPER_ROOT;10577;7;10575;26;;;10583;16;10586;20;;;10580.0;0.0
yf_MKC_d12;36300;ASH_COATED_OSMIUM;9912;21;9909;19;;;9918;10;9922;13;;;9915.0;0.0
yf_MKC_d12;36300;INTARIAN_PEPPER_ROOT;10578;16;10576;17;;;10588;25;10592;16;;;10583.0;0.0
yf_MKC_d12;36400;ASH_COATED_OSMIUM;9909;16;9905;22;;;9924;17;9927;16;;;9916.5;0.0
yf_MKC_d12;36400;INTARIAN_PEPPER_ROOT;10573;14;10571;21;;;10598;22;10601;26;;;10585.5;0.0
yf_MKC_d12;36500;ASH_COATED_OSMIUM;9911;17;9908;22;;;9921;9;9925;26;;;9916.0;0.0
yf_MKC_d12;36500;INTARIAN_PEPPER_ROOT;10587;17;10583;13;;;10593;11;10596;21;;;10590.0;0.0
yf_MKC_d12;36600;ASH_COATED_OSMIUM;9911;15;9909;13;;;9920;18;9923;17;;;9915.5;0.0
yf_MKC_d12;36600;INTARIAN_PEPPER_ROOT;10589;17;10586;26;;;10597;15;10599;22;;;10593.0;0.0
yf_MKC_d12;36700;ASH_COATED_OSMIUM;9912;17;9908;21;;;9918;9;9920;30;;;9915.0;0.0
yf_MKC_d12;36700;INTARIAN_PEPPER_ROOT;10595;17;10592;15;;;10601;11;10604;27;;;10598.0;0.0
yf_MKC_d12;36800;ASH_COATED_OSMIUM;9911;13;9909;22;;;9919;15;9921;20;;;9915.0;0.0
yf_MKC_d12;36800;INTARIAN_PEPPER_ROOT;10593;18;10589;15;;;10609;17;10612;9;;;10601.0;0.0
yf_MKC_d12;36900;ASH_COATED_OSMIUM;9913;19;9909;15;;;9919;21;9921;18;;;9916.0;0.0
yf_MKC_d12;36900;INTARIAN_PEPPER_ROOT;10601;19;10599;15;;;10607;16;10610;21;;;10604.0;0.0
yf_MKC_d12;37000;ASH_COATED_OSMIUM;9912;13;9909;25;;;9918;17;9922;21;;;9915.0;0.0
yf_MKC_d12;37000;INTARIAN_PEPPER_ROOT;10598;17;10596;17;;;10618;23;10620;16;;;10608.0;0.0
yf_MKC_d12;37100;ASH_COATED_OSMIUM;9903;15;9899;23;;;9926;15;9929;24;;;9914.5;0.0
yf_MKC_d12;37100;INTARIAN_PEPPER_ROOT;10607;14;10604;18;;;10618;10;10620;23;;;10612.5;0.0
yf_MKC_d12;37200;ASH_COATED_OSMIUM;9905;9;9902;30;;;9925;5;9928;17;;;9915.0;0.0
yf_MKC_d12;37200;INTARIAN_PEPPER_ROOT;10612;10;10608;25;;;10618;12;10620;14;;;10615.0;0.0
yf_MKC_d12;37300;ASH_COATED_OSMIUM;9912;15;9910;18;;;9918;23;9922;21;;;9915.0;0.0
yf_MKC_d12;37300;INTARIAN_PEPPER_ROOT;10607;16;10603;29;;;10629;23;10633;20;;;10618.0;0.0
yf_MKC_d12;37400;ASH_COATED_OSMIUM;9911;17;9909;24;;;9917;18;9919;24;;;9914.0;0.0
yf_MKC_d12;37400;INTARIAN_PEPPER_ROOT;10617;5;10615;22;;;10626;17;10630;22;;;10621.5;0.0
yf_MKC_d12;37500;ASH_COATED_OSMIUM;9912;24;9910;22;;;9918;21;9921;21;;;9915.0;0.0
yf_MKC_d12;37500;INTARIAN_PEPPER_ROOT;10618;13;10615;22;;;10634;9;10637;26;;;10626.0;0.0
yf_MKC_d12;37600;ASH_COATED_OSMIUM;9909;17;9907;18;;;9922;12;9925;21;;;9915.5;0.0
yf_MKC_d12;37600;INTARIAN_PEPPER_ROOT;10627;16;10623;18;;;10633;12;10635;18;;;10630.0;0.0
yf_MKC_d12;37700;ASH_COATED_OSMIUM;9912;7;9910;14;;;9918;14;9921;18;;;9915.0;0.0
yf_MKC_d12;37700;INTARIAN_PEPPER_ROOT;10627;15;10625;26;;;10639;24;10643;9;;;10633.0;0.0
yf_MKC_d12;37800;ASH_COATED_OSMIUM;9911;15;9908;15;;;9918;11;9922;11;;;9914.5;0.0
yf_MKC_d12;37800;INTARIAN_PEPPER_ROOT;10634;7;10630;17;;;10640;8;10643;17;;;10637.0;0.0
yf_MKC_d12;37900;ASH_COATED_OSMIUM;9912;12;9909;17;;;9918;10;9921;14;;;9915.0;0.0
yf_MKC_d12;37900;INTARIAN_PEPPER_ROOT;10637;21;10634;14;;;10643;16;10647;22;;;10640.0;0.0
yf_MKC_d12;38000;ASH_COATED_OSMIUM;9912;15;9910;17;;;9918;19;9922;23;;;9915.0;0.0
yf_MKC_d12;38000;INTARIAN_PEPPER_ROOT;10641;23;10639;25;;;10647;15;10649;21;;;10644.0;0.0
yf_MKC_d12;38100;ASH_COATED_OSMIUM;9910;9;9907;10;;;9918;5;9921;26;;;9914.0;0.0
yf_MKC_d12;38100;INTARIAN_PEPPER_ROOT;10643;15;10639;21;;;10653;11;10655;23;;;10648.0;0.0
yf_MKC_d12;38200;ASH_COATED_OSMIUM;9912;13;9908;10;;;9918;16;9922;20;;;9915.0;0.0
yf_MKC_d12;38200;INTARIAN_PEPPER_ROOT;10648;8;10645;17;;;10654;12;10658;26;;;10651.0;0.0
yf_MKC_d12;38300;ASH_COATED_OSMIUM;9911;18;9908;28;;;9918;13;9921;28;;;9914.5;0.0
yf_MKC_d12;38300;INTARIAN_PEPPER_ROOT;10652;10;10650;15;;;10658;16;10660;28;;;10655.0;0.0
yf_MKC_d12;38400;ASH_COATED_OSMIUM;9911;11;9909;35;;;9917;11;9921;14;;;9914.0;0.0
yf_MKC_d12;38400;INTARIAN_PEPPER_ROOT;10655;11;10651;21;;;10661;6;10663;17;;;10658.0;0.0
yf_MKC_d12;38500;ASH_COATED_OSMIUM;9911;18;9907;17;;;9917;17;9920;22;;;9914.0;0.0
yf_MKC_d12;38500;INTARIAN_PEPPER_ROOT;10656;13;10653;25;;;10668;9;10672;18;;;10662.0;0.0
yf_MKC_d12;38600;ASH_COATED_OSMIUM;9904;12;9902;22;;;9924;13;9926;24;;;9914.0;0.0
yf_MKC_d12;38600;INTARIAN_PEPPER_ROOT;10662;14;10658;32;;;10670;8;10673;15;;;10666.0;0.0
yf_MKC_d12;38700;ASH_COATED_OSMIUM;9907;6;9903;22;;;9921;19;9925;26;;;9914.0;0.0
yf_MKC_d12;38700;INTARIAN_PEPPER_ROOT;10666;28;10663;17;;;10672;17;10675;22;;;10669.0;0.0
yf_MKC_d12;38800;ASH_COATED_OSMIUM;9910;13;9907;17;;;9918;5;9920;20;;;9914.0;0.0
yf_MKC_d12;38800;INTARIAN_PEPPER_ROOT;10670;13;10668;16;;;10676;5;10680;31;;;10673.0;0.0
yf_MKC_d12;38900;ASH_COATED_OSMIUM;9908;10;9905;18;;;9920;20;9922;26;;;9914.0;0.0
yf_MKC_d12;38900;INTARIAN_PEPPER_ROOT;10673;25;10669;14;;;10679;12;10683;17;;;10676.0;0.0
yf_MKC_d12;39000;ASH_COATED_OSMIUM;9911;16;9909;32;;;9917;17;9921;28;;;9914.0;0.0
yf_MKC_d12;39000;INTARIAN_PEPPER_ROOT;10678;13;10674;17;;;10684;11;10687;19;;;10681.0;0.0
yf_MKC_d12;39100;ASH_COATED_OSMIUM;9911;25;9907;10;;;9917;11;9919;17;;;9914.0;0.0
yf_MKC_d12;39100;INTARIAN_PEPPER_ROOT;10678;18;10674;16;;;10689;14;10691;13;;;10683.5;0.0
yf_MKC_d12;39200;ASH_COATED_OSMIUM;9909;14;9906;22;;;9918;16;9921;24;;;9913.5;0.0
yf_MKC_d12;39200;INTARIAN_PEPPER_ROOT;10684;12;10680;23;;;10690;8;10692;14;;;10687.0;0.0
yf_MKC_d12;39300;ASH_COATED_OSMIUM;9898;21;9894;11;;;9930;13;9934;20;;;9914.0;0.0
yf_MKC_d12;39300;INTARIAN_PEPPER_ROOT;10687;9;10683;17;;;10695;7;10699;14;;;10691.0;0.0
yf_MKC_d12;39400;ASH_COATED_OSMIUM;9900;5;9897;15;;;9928;19;9931;24;;;9914.0;0.0
yf_MKC_d12;39400;INTARIAN_PEPPER_ROOT;10690;14;10688;22;;;10699;24;10702;19;;;10694.5;0.0
yf_MKC_d12;39500;ASH_COATED_OSMIUM;9910;20;9906;26;;;9916;6;9918;16;;;9913.0;0.0
yf_MKC_d12;39500;INTARIAN_PEPPER_ROOT;10695;12;10692;20;;;10701;13;10704;21;;;10698.0;0.0
yf_MKC_d12;39600;ASH_COATED_OSMIUM;9911;17;9907;17;;;9917;11;9921;17;;;9914.0;0.0
yf_MKC_d12;39600;INTARIAN_PEPPER_ROOT;10699;21;10696;12;;;10705;19;10709;13;;;10702.0;0.0
yf_MKC_d12;39700;ASH_COATED_OSMIUM;9910;14;9906;19;;;9916;15;9918;13;;;9913.0;0.0
yf_MKC_d12;39700;INTARIAN_PEPPER_ROOT;10702;11;10698;31;;;10708;12;10710;20;;;10705.0;0.0
yf_MKC_d12;39800;ASH_COATED_OSMIUM;9907;24;9903;16;;;9919;12;9923;23;;;9913.0;0.0
yf_MKC_d12;39800;INTARIAN_PEPPER_ROOT;10703;9;10700;23;;;10713;7;10715;19;;;10708.0;0.0
yf_MKC_d12;39900;ASH_COATED_OSMIUM;9910;5;9908;16;;;9916;10;9918;23;;;9913.0;0.0
yf_MKC_d12;39900;INTARIAN_PEPPER_ROOT;10705;14;10701;8;;;10719;16;10722;22;;;10712.0;0.0
yf_MKC_d12;40000;ASH_COATED_OSMIUM;9908;19;9906;16;;;9918;30;9922;8;;;9913.0;0.0
yf_MKC_d12;40000;INTARIAN_PEPPER_ROOT;10713;17;10709;16;;;10719;10;10721;21;;;10716.0;0.0
yf_MKC_d12;40100;ASH_COATED_OSMIUM;9911;10;9907;12;;;9917;16;9920;24;;;9914.0;0.0
yf_MKC_d12;40100;INTARIAN_PEPPER_ROOT;10715;16;10711;15;;;10724;17;10727;28;;;10719.5;0.0
yf_MKC_d12;40200;ASH_COATED_OSMIUM;9911;17;9907;24;;;9917;14;9919;10;;;9914.0;0.0
yf_MKC_d12;40200;INTARIAN_PEPPER_ROOT;10716;17;10712;25;;;10730;16;10734;20;;;10723.0;0.0
yf_MKC_d12;40300;ASH_COATED_OSMIUM;9910;5;9906;12;;;9916;16;9920;22;;;9913.0;0.0
yf_MKC_d12;40300;INTARIAN_PEPPER_ROOT;10724;7;10721;12;;;10730;18;10733;21;;;10727.0;0.0
yf_MKC_d12;40400;ASH_COATED_OSMIUM;9910;16;9908;19;;;9916;20;9918;8;;;9913.0;0.0
yf_MKC_d12;40400;INTARIAN_PEPPER_ROOT;10722;23;10720;25;;;10738;8;10742;30;;;10730.0;0.0
yf_MKC_d12;40500;ASH_COATED_OSMIUM;9905;11;9903;12;;;9921;16;9923;20;;;9913.0;0.0
yf_MKC_d12;40500;INTARIAN_PEPPER_ROOT;10731;11;10729;10;;;10737;20;10740;27;;;10734.0;0.0
yf_MKC_d12;40600;ASH_COATED_OSMIUM;9911;11;9908;20;;;9917;18;9920;18;;;9914.0;0.0
yf_MKC_d12;40600;INTARIAN_PEPPER_ROOT;10735;17;10732;20;;;10741;16;10744;11;;;10738.0;0.0
yf_MKC_d12;40700;ASH_COATED_OSMIUM;9910;19;9907;22;;;9916;18;9920;28;;;9913.0;0.0
yf_MKC_d12;40700;INTARIAN_PEPPER_ROOT;10738;16;10734;19;;;10744;9;10747;17;;;10741.0;0.0
yf_MKC_d12;40800;ASH_COATED_OSMIUM;9908;16;9906;21;;;9918;10;9921;17;;;9913.0;0.0
yf_MKC_d12;40800;INTARIAN_PEPPER_ROOT;10742;10;10739;30;;;10749;18;10752;18;;;10745.5;0.0
yf_MKC_d12;40900;ASH_COATED_OSMIUM;9907;12;9903;20;;;9918;12;9920;12;;;9912.5;0.0
yf_MKC_d12;40900;INTARIAN_PEPPER_ROOT;10745;21;10741;26;;;10751;22;10753;15;;;10748.0;0.0
yf_MKC_d12;41000;ASH_COATED_OSMIUM;9908;13;9904;23;;;9916;14;9918;20;;;9912.0;0.0
yf_MKC_d12;41000;INTARIAN_PEPPER_ROOT;10744;6;10742;22;;;10759;16;10763;28;;;10751.5;0.0
yf_MKC_d12;41100;ASH_COATED_OSMIUM;9910;19;9906;17;;;9916;14;9918;9;;;9913.0;0.0
yf_MKC_d12;41100;INTARIAN_PEPPER_ROOT;10752;25;10749;20;;;10758;18;10760;31;;;10755.0;0.0
yf_MKC_d12;41200;ASH_COATED_OSMIUM;9908;22;9906;20;;;9918;15;9921;17;;;9913.0;0.0
yf_MKC_d12;41200;INTARIAN_PEPPER_ROOT;10757;18;10754;26;;;10763;5;10765;24;;;10760.0;0.0
yf_MKC_d12;41300;ASH_COATED_OSMIUM;9907;11;9903;12;;;9917;8;9919;8;;;9912.0;0.0
yf_MKC_d12;41300;INTARIAN_PEPPER_ROOT;10757;23;10754;20;;;10769;15;10771;18;;;10763.0;0.0
yf_MKC_d12;41400;ASH_COATED_OSMIUM;9910;14;9907;9;;;9916;11;9918;28;;;9913.0;0.0
yf_MKC_d12;41400;INTARIAN_PEPPER_ROOT;10763;13;10761;25;;;10769;17;10771;21;;;10766.0;0.0
yf_MKC_d12;41500;ASH_COATED_OSMIUM;9910;13;9908;27;;;9916;16;9920;27;;;9913.0;0.0
yf_MKC_d12;41500;INTARIAN_PEPPER_ROOT;10766;21;10762;8;;;10775;11;10777;22;;;10770.5;0.0
yf_MKC_d12;41600;ASH_COATED_OSMIUM;9910;15;9906;22;;;9916;6;9919;20;;;9913.0;0.0
yf_MKC_d12;41600;INTARIAN_PEPPER_ROOT;10770;19;10767;15;;;10778;17;10780;18;;;10774.0;0.0
yf_MKC_d12;41700;ASH_COATED_OSMIUM;9908;14;9905;19;;;9917;10;9920;14;;;9912.5;0.0
yf_MKC_d12;41700;INTARIAN_PEPPER_ROOT;10772;13;10770;26;;;10781;12;10784;19;;;10776.5;0.0
yf_MKC_d12;41800;ASH_COATED_OSMIUM;9909;23;9907;21;;;9915;13;9917;17;;;9912.0;0.0
yf_MKC_d12;41800;INTARIAN_PEPPER_ROOT;10778;17;10774;23;;;10784;14;10788;19;;;10781.0;0.0
yf_MKC_d12;41900;ASH_COATED_OSMIUM;9906;17;9904;20;;;9918;14;9920;24;;;9912.0;0.0
yf_MKC_d12;41900;INTARIAN_PEPPER_ROOT;10772;10;10768;22;;;10796;14;10799;11;;;10784.0;0.0
yf_MKC_d12;42000;ASH_COATED_OSMIUM;9909;21;9907;16;;;9915;16;9919;17;;;9912.0;0.0
yf_MKC_d12;42000;INTARIAN_PEPPER_ROOT;10785;9;10783;21;;;10791;17;10793;18;;;10788.0;0.0
yf_MKC_d12;42100;ASH_COATED_OSMIUM;9909;5;9905;22;;;9915;10;9919;23;;;9912.0;0.0
yf_MKC_d12;42100;INTARIAN_PEPPER_ROOT;10785;14;10781;20;;;10798;22;10802;16;;;10791.5;0.0
yf_MKC_d12;42200;ASH_COATED_OSMIUM;9909;22;9907;14;;;9915;18;9917;10;;;9912.0;0.0
yf_MKC_d12;42200;INTARIAN_PEPPER_ROOT;10793;16;10791;19;;;10799;10;10801;16;;;10796.0;0.0
yf_MKC_d12;42300;ASH_COATED_OSMIUM;9909;10;9906;23;;;9915;9;9919;30;;;9912.0;0.0
yf_MKC_d12;42300;INTARIAN_PEPPER_ROOT;10796;12;10792;19;;;10802;15;10805;16;;;10799.0;0.0
yf_MKC_d12;42400;ASH_COATED_OSMIUM;9905;5;9901;24;;;9918;11;9920;22;;;9911.5;0.0
yf_MKC_d12;42400;INTARIAN_PEPPER_ROOT;10799;12;10795;17;;;10806;9;10808;19;;;10802.5;0.0
yf_MKC_d12;42500;ASH_COATED_OSMIUM;9909;13;9907;14;;;9915;15;9918;18;;;9912.0;0.0
yf_MKC_d12;42500;INTARIAN_PEPPER_ROOT;10803;17;10799;13;;;10809;11;10812;18;;;10806.0;0.0
yf_MKC_d12;42600;ASH_COATED_OSMIUM;9909;14;9907;21;;;9915;16;9917;19;;;9912.0;0.0
yf_MKC_d12;42600;INTARIAN_PEPPER_ROOT;10806;17;10804;21;;;10813;12;10815;8;;;10809.5;0.0
yf_MKC_d12;42700;ASH_COATED_OSMIUM;9902;15;9898;22;;;9922;20;9926;16;;;9912.0;0.0
yf_MKC_d12;42700;INTARIAN_PEPPER_ROOT;10810;16;10807;18;;;10816;19;10819;18;;;10813.0;0.0
yf_MKC_d12;42800;ASH_COATED_OSMIUM;9909;10;9905;25;;;9915;20;9918;17;;;9912.0;0.0
yf_MKC_d12;42800;INTARIAN_PEPPER_ROOT;10814;6;10811;19;;;10820;8;10822;19;;;10817.0;0.0
yf_MKC_d12;42900;ASH_COATED_OSMIUM;9909;16;9907;15;;;9915;17;9917;20;;;9912.0;0.0
yf_MKC_d12;42900;INTARIAN_PEPPER_ROOT;10817;8;10814;18;;;10823;22;10825;19;;;10820.0;0.0
yf_MKC_d12;43000;ASH_COATED_OSMIUM;9909;18;9906;21;;;9915;23;9919;23;;;9912.0;0.0
yf_MKC_d12;43000;INTARIAN_PEPPER_ROOT;10816;15;10812;12;;;10832;22;10834;23;;;10824.0;0.0
yf_MKC_d12;43100;ASH_COATED_OSMIUM;9906;19;9902;24;;;9917;14;9920;22;;;9911.5;0.0
yf_MKC_d12;43100;INTARIAN_PEPPER_ROOT;10825;18;10821;20;;;10831;16;10833;23;;;10828.0;0.0
yf_MKC_d12;43200;ASH_COATED_OSMIUM;9909;20;9906;16;;;9915;18;9917;14;;;9912.0;0.0
yf_MKC_d12;43200;INTARIAN_PEPPER_ROOT;10826;5;10822;17;;;10836;11;10839;16;;;10831.0;0.0
yf_MKC_d12;43300;ASH_COATED_OSMIUM;9894;5;9891;17;;;9928;10;9930;19;;;9911.0;0.0
yf_MKC_d12;43300;INTARIAN_PEPPER_ROOT;10832;16;10830;20;;;10838;13;10840;22;;;10835.0;0.0
yf_MKC_d12;43400;ASH_COATED_OSMIUM;9907;13;9904;14;;;9915;9;9919;25;;;9911.0;0.0
yf_MKC_d12;43400;INTARIAN_PEPPER_ROOT;10835;23;10832;21;;;10841;17;10843;17;;;10838.0;0.0
yf_MKC_d12;43500;ASH_COATED_OSMIUM;9908;11;9905;28;;;9914;8;9918;20;;;9911.0;0.0
yf_MKC_d12;43500;INTARIAN_PEPPER_ROOT;10839;14;10835;22;;;10845;14;10847;14;;;10842.0;0.0
yf_MKC_d12;43600;ASH_COATED_OSMIUM;9908;14;9905;17;;;9914;18;9918;16;;;9911.0;0.0
yf_MKC_d12;43600;INTARIAN_PEPPER_ROOT;10843;19;10841;13;;;10849;22;10851;26;;;10846.0;0.0
yf_MKC_d12;43700;ASH_COATED_OSMIUM;9908;8;9905;13;;;9914;16;9917;21;;;9911.0;0.0
yf_MKC_d12;43700;INTARIAN_PEPPER_ROOT;10846;15;10843;21;;;10852;8;10854;27;;;10849.0;0.0
yf_MKC_d12;43800;ASH_COATED_OSMIUM;9908;6;9905;20;;;9914;11;9916;10;;;9911.0;0.0
yf_MKC_d12;43800;INTARIAN_PEPPER_ROOT;10850;13;10846;14;;;10856;13;10858;18;;;10853.0;0.0
yf_MKC_d12;43900;ASH_COATED_OSMIUM;9908;9;9904;21;;;9914;9;9917;30;;;9911.0;0.0
yf_MKC_d12;43900;INTARIAN_PEPPER_ROOT;10853;15;10850;25;;;10859;14;10861;23;;;10856.0;0.0
yf_MKC_d12;44000;ASH_COATED_OSMIUM;9905;8;9901;20;;;9917;27;9920;19;;;9911.0;0.0
yf_MKC_d12;44000;INTARIAN_PEPPER_ROOT;10851;26;10847;29;;;10869;10;10871;25;;;10860.0;0.0
yf_MKC_d12;44100;ASH_COATED_OSMIUM;9908;13;9904;17;;;9914;10;9918;16;;;9911.0;0.0
yf_MKC_d12;44100;INTARIAN_PEPPER_ROOT;10860;22;10857;21;;;10866;12;10868;23;;;10863.0;0.0
yf_MKC_d12;44200;ASH_COATED_OSMIUM;9908;13;9905;20;;;9914;18;9917;19;;;9911.0;0.0
yf_MKC_d12;44200;INTARIAN_PEPPER_ROOT;10864;14;10861;19;;;10870;11;10872;14;;;10867.0;0.0
yf_MKC_d12;44300;ASH_COATED_OSMIUM;9903;7;9900;14;;;9918;16;9921;25;;;9910.5;0.0
yf_MKC_d12;44300;INTARIAN_PEPPER_ROOT;10857;17;10854;18;;;10883;17;10886;24;;;10870.0;0.0
yf_MKC_d12;44400;ASH_COATED_OSMIUM;9908;18;9905;14;;;9914;20;9918;24;;;9911.0;0.0
yf_MKC_d12;44400;INTARIAN_PEPPER_ROOT;10871;14;10867;22;;;10877;14;10880;15;;;10874.0;0.0
yf_MKC_d12;44500;ASH_COATED_OSMIUM;9906;13;9903;13;;;9916;17;9919;23;;;9911.0;0.0
yf_MKC_d12;44500;INTARIAN_PEPPER_ROOT;10875;5;10872;29;;;10881;21;10883;20;;;10878.0;0.0
yf_MKC_d12;44600;ASH_COATED_OSMIUM;9907;20;9905;21;;;9913;9;9917;22;;;9910.0;0.0
yf_MKC_d12;44600;INTARIAN_PEPPER_ROOT;10874;20;10871;14;;;10890;17;10892;19;;;10882.0;0.0
yf_MKC_d12;44700;ASH_COATED_OSMIUM;9899;19;9897;20;;;9922;20;9924;12;;;9910.5;0.0
yf_MKC_d12;44700;INTARIAN_PEPPER_ROOT;10882;24;10879;8;;;10888;11;10890;16;;;10885.0;0.0
yf_MKC_d12;44800;ASH_COATED_OSMIUM;9907;20;9905;22;;;9913;8;9915;19;;;9910.0;0.0
yf_MKC_d12;44800;INTARIAN_PEPPER_ROOT;10886;21;10884;19;;;10892;17;10896;20;;;10889.0;0.0
yf_MKC_d12;44900;ASH_COATED_OSMIUM;9898;7;9894;26;;;9924;22;9928;13;;;9911.0;0.0
yf_MKC_d12;44900;INTARIAN_PEPPER_ROOT;10886;12;10882;21;;;10899;14;10902;17;;;10892.5;0.0
yf_MKC_d12;45000;ASH_COATED_OSMIUM;9904;11;9901;18;;;9916;10;9920;22;;;9910.0;0.0
yf_MKC_d12;45000;INTARIAN_PEPPER_ROOT;10892;14;10889;21;;;10900;11;10902;18;;;10896.0;0.0
yf_MKC_d12;45100;ASH_COATED_OSMIUM;9907;15;9903;21;;;9913;25;9916;23;;;9910.0;0.0
yf_MKC_d12;45100;INTARIAN_PEPPER_ROOT;10896;13;10892;25;;;10902;14;10906;17;;;10899.0;0.0
yf_MKC_d12;45200;ASH_COATED_OSMIUM;9907;8;9905;11;;;9913;18;9915;14;;;9910.0;0.0
yf_MKC_d12;45200;INTARIAN_PEPPER_ROOT;10900;15;10898;22;;;10907;19;10911;25;;;10903.5;0.0
yf_MKC_d12;45300;ASH_COATED_OSMIUM;9904;22;9902;18;;;9917;7;9919;15;;;9910.5;0.0
yf_MKC_d12;45300;INTARIAN_PEPPER_ROOT;10904;15;10900;19;;;10910;11;10912;27;;;10907.0;0.0
yf_MKC_d12;45400;ASH_COATED_OSMIUM;9907;20;9903;15;;;9913;14;9916;18;;;9910.0;0.0
yf_MKC_d12;45400;INTARIAN_PEPPER_ROOT;10907;21;10905;20;;;10913;13;10916;19;;;10910.0;0.0
yf_MKC_d12;45500;ASH_COATED_OSMIUM;9907;16;9905;16;;;9913;11;9915;17;;;9910.0;0.0
yf_MKC_d12;45500;INTARIAN_PEPPER_ROOT;10911;19;10907;17;;;10917;21;10920;14;;;10914.0;0.0
yf_MKC_d12;45600;ASH_COATED_OSMIUM;9906;12;9903;21;;;9914;11;9916;20;;;9910.0;0.0
yf_MKC_d12;45600;INTARIAN_PEPPER_ROOT;10912;17;10908;15;;;10921;10;10924;23;;;10916.5;0.0
yf_MKC_d12;45700;ASH_COATED_OSMIUM;9900;16;9896;17;;;9919;22;9921;19;;;9909.5;0.0
yf_MKC_d12;45700;INTARIAN_PEPPER_ROOT;10916;16;10913;20;;;10926;13;10928;19;;;10921.0;0.0
yf_MKC_d12;45800;ASH_COATED_OSMIUM;9907;15;9904;30;;;9913;21;9915;15;;;9910.0;0.0
yf_MKC_d12;45800;INTARIAN_PEPPER_ROOT;10921;14;10918;17;;;10928;19;10930;14;;;10924.5;0.0
yf_MKC_d12;45900;ASH_COATED_OSMIUM;9894;24;9891;13;;;9926;21;9928;18;;;9910.0;0.0
yf_MKC_d12;45900;INTARIAN_PEPPER_ROOT;10923;26;10920;15;;;10933;14;10936;27;;;10928.0;0.0
yf_MKC_d12;46000;ASH_COATED_OSMIUM;9903;14;9900;11;;;9916;13;9918;22;;;9909.5;0.0
yf_MKC_d12;46000;INTARIAN_PEPPER_ROOT;10929;14;10926;20;;;10935;15;10937;24;;;10932.0;0.0
yf_MKC_d12;46100;ASH_COATED_OSMIUM;9907;14;9905;18;;;9913;13;9915;14;;;9910.0;0.0
yf_MKC_d12;46100;INTARIAN_PEPPER_ROOT;10932;16;10928;18;;;10938;18;10940;25;;;10935.0;0.0
yf_MKC_d12;46200;ASH_COATED_OSMIUM;9905;13;9901;15;;;9915;9;9919;24;;;9910.0;0.0
yf_MKC_d12;46200;INTARIAN_PEPPER_ROOT;10935;15;10931;17;;;10943;24;10945;22;;;10939.0;0.0
yf_MKC_d12;46300;ASH_COATED_OSMIUM;9907;9;9905;21;;;9913;8;9915;15;;;9910.0;0.0
yf_MKC_d12;46300;INTARIAN_PEPPER_ROOT;10939;9;10937;17;;;10945;27;10947;17;;;10942.0;0.0
yf_MKC_d12;46400;ASH_COATED_OSMIUM;9906;8;9904;18;;;9912;8;9914;22;;;9909.0;0.0
yf_MKC_d12;46400;INTARIAN_PEPPER_ROOT;10943;11;10940;16;;;10949;23;10951;27;;;10946.0;0.0
yf_MKC_d12;46500;ASH_COATED_OSMIUM;9900;14;9896;19;;;9919;14;9922;20;;;9909.5;0.0
yf_MKC_d12;46500;INTARIAN_PEPPER_ROOT;10947;15;10943;22;;;10953;17;10956;25;;;10950.0;0.0
yf_MKC_d12;46600;ASH_COATED_OSMIUM;9902;12;9898;26;;;9915;17;9918;11;;;9908.5;0.0
yf_MKC_d12;46600;INTARIAN_PEPPER_ROOT;10951;14;10947;13;;;10957;21;10959;22;;;10954.0;0.0
yf_MKC_d12;46700;ASH_COATED_OSMIUM;9906;12;9903;30;;;9912;14;9914;17;;;9909.0;0.0
yf_MKC_d12;46700;INTARIAN_PEPPER_ROOT;10951;15;10949;25;;;10964;16;10967;16;;;10957.5;0.0
yf_MKC_d12;46800;ASH_COATED_OSMIUM;9907;15;9905;22;;;9913;7;9917;15;;;9910.0;0.0
yf_MKC_d12;46800;INTARIAN_PEPPER_ROOT;10944;10;10942;10;;;10977;10;10979;13;;;10960.5;0.0
yf_MKC_d12;46900;ASH_COATED_OSMIUM;9906;20;9902;23;;;9912;16;9914;23;;;9909.0;0.0
yf_MKC_d12;46900;INTARIAN_PEPPER_ROOT;10961;11;10957;20;;;10967;5;10969;20;;;10964.0;0.0
yf_MKC_d12;47000;ASH_COATED_OSMIUM;9906;19;9904;18;;;9912;10;9915;26;;;9909.0;0.0
yf_MKC_d12;47000;INTARIAN_PEPPER_ROOT;10965;11;10963;30;;;10971;11;10975;13;;;10968.0;0.0
yf_MKC_d12;47100;ASH_COATED_OSMIUM;9906;15;9903;16;;;9912;9;9915;25;;;9909.0;0.0
yf_MKC_d12;47100;INTARIAN_PEPPER_ROOT;10965;12;10961;17;;;10978;19;10982;19;;;10971.5;0.0
yf_MKC_d12;47200;ASH_COATED_OSMIUM;9905;13;9902;15;;;9912;19;9916;26;;;9908.5;0.0
yf_MKC_d12;47200;INTARIAN_PEPPER_ROOT;10972;11;10968;28;;;10978;21;10980;24;;;10975.0;0.0
yf_MKC_d12;47300;ASH_COATED_OSMIUM;9899;23;9895;22;;;9919;5;9921;18;;;9909.0;0.0
yf_MKC_d12;47300;INTARIAN_PEPPER_ROOT;10974;18;10972;21;;;10982;21;10985;26;;;10978.0;0.0
yf_MKC_d12;47400;ASH_COATED_OSMIUM;9903;10;9901;15;;;9915;6;9917;11;;;9909.0;0.0
yf_MKC_d12;47400;INTARIAN_PEPPER_ROOT;10979;16;10975;23;;;10985;15;10987;25;;;10982.0;0.0
yf_MKC_d12;47500;ASH_COATED_OSMIUM;9906;24;9904;30;;;9912;6;9914;19;;;9909.0;0.0
yf_MKC_d12;47500;INTARIAN_PEPPER_ROOT;10982;18;10978;18;;;10988;8;10991;18;;;10985.0;0.0
yf_MKC_d12;47600;ASH_COATED_OSMIUM;9906;5;9903;25;;;9912;13;9916;22;;;9909.0;0.0
yf_MKC_d12;47600;INTARIAN_PEPPER_ROOT;10987;16;10983;16;;;10993;10;10995;19;;;10990.0;0.0
yf_MKC_d12;47700;ASH_COATED_OSMIUM;9906;21;9904;25;;;9912;16;9916;20;;;9909.0;0.0
yf_MKC_d12;47700;INTARIAN_PEPPER_ROOT;10990;17;10986;20;;;10996;10;10998;18;;;10993.0;0.0
yf_MKC_d12;47800;ASH_COATED_OSMIUM;9906;12;9902;16;;;9912;18;9916;10;;;9909.0;0.0
yf_MKC_d12;47800;INTARIAN_PEPPER_ROOT;10988;8;10984;19;;;11004;18;11006;20;;;10996.0;0.0
yf_MKC_d12;47900;ASH_COATED_OSMIUM;9906;16;9904;24;;;9912;15;9914;25;;;9909.0;0.0
yf_MKC_d12;47900;INTARIAN_PEPPER_ROOT;10992;10;10989;25;;;11008;21;11012;24;;;11000.0;0.0
yf_MKC_d12;48000;ASH_COATED_OSMIUM;9906;13;9903;18;;;9912;19;9914;20;;;9909.0;0.0
yf_MKC_d12;48000;INTARIAN_PEPPER_ROOT;11001;14;10999;15;;;11007;16;11010;25;;;11004.0;0.0
yf_MKC_d12;48100;ASH_COATED_OSMIUM;9901;5;9899;15;;;9916;15;9920;25;;;9908.5;0.0
yf_MKC_d12;48100;INTARIAN_PEPPER_ROOT;11005;24;11002;14;;;11011;13;11015;19;;;11008.0;0.0
yf_MKC_d12;48200;ASH_COATED_OSMIUM;9905;10;9901;20;;;9911;18;9915;21;;;9908.0;0.0
yf_MKC_d12;48200;INTARIAN_PEPPER_ROOT;11008;18;11005;26;;;11014;19;11018;20;;;11011.0;0.0
yf_MKC_d12;48300;ASH_COATED_OSMIUM;9906;22;9904;14;;;9912;19;9915;24;;;9909.0;0.0
yf_MKC_d12;48300;INTARIAN_PEPPER_ROOT;11012;7;11008;14;;;11018;7;11021;19;;;11015.0;0.0
yf_MKC_d12;48400;ASH_COATED_OSMIUM;9905;15;9901;12;;;9912;5;9915;23;;;9908.5;0.0
yf_MKC_d12;48400;INTARIAN_PEPPER_ROOT;11015;15;11011;23;;;11021;17;11024;15;;;11018.0;0.0
yf_MKC_d12;48500;ASH_COATED_OSMIUM;9905;10;9902;13;;;9911;11;9913;17;;;9908.0;0.0
yf_MKC_d12;48500;INTARIAN_PEPPER_ROOT;11007;16;11005;26;;;11037;15;11039;20;;;11022.0;0.0
yf_MKC_d12;48600;ASH_COATED_OSMIUM;9902;6;9900;22;;;9915;21;9919;24;;;9908.5;0.0
yf_MKC_d12;48600;INTARIAN_PEPPER_ROOT;11021;5;11017;19;;;11030;12;11034;22;;;11025.5;0.0
yf_MKC_d12;48700;ASH_COATED_OSMIUM;9904;5;9901;27;;;9912;9;9914;20;;;9908.0;0.0
yf_MKC_d12;48700;INTARIAN_PEPPER_ROOT;11026;10;11024;15;;;11032;21;11035;16;;;11029.0;0.0
yf_MKC_d12;48800;ASH_COATED_OSMIUM;9904;15;9900;19;;;9911;21;9913;16;;;9907.5;0.0
yf_MKC_d12;48800;INTARIAN_PEPPER_ROOT;11030;14;11026;27;;;11036;10;11038;16;;;11033.0;0.0
yf_MKC_d12;48900;ASH_COATED_OSMIUM;9904;13;9900;21;;;9911;19;9914;21;;;9907.5;0.0
yf_MKC_d12;48900;INTARIAN_PEPPER_ROOT;11022;9;11020;24;;;11050;16;11054;20;;;11036.0;0.0
yf_MKC_d12;49000;ASH_COATED_OSMIUM;9901;11;9898;20;;;9914;22;9916;21;;;9907.5;0.0
yf_MKC_d12;49000;INTARIAN_PEPPER_ROOT;11037;16;11035;18;;;11043;15;11046;27;;;11040.0;0.0
yf_MKC_d12;49100;ASH_COATED_OSMIUM;9905;20;9902;24;;;9911;20;9915;20;;;9908.0;0.0
yf_MKC_d12;49100;INTARIAN_PEPPER_ROOT;11040;11;11037;14;;;11046;18;11048;20;;;11043.0;0.0
yf_MKC_d12;49200;ASH_COATED_OSMIUM;9904;12;9902;17;;;9910;9;9914;20;;;9907.0;0.0
yf_MKC_d12;49200;INTARIAN_PEPPER_ROOT;11044;17;11041;27;;;11050;19;11052;29;;;11047.0;0.0
yf_MKC_d12;49300;ASH_COATED_OSMIUM;9901;10;9898;10;;;9915;11;9918;22;;;9908.0;0.0
yf_MKC_d12;49300;INTARIAN_PEPPER_ROOT;11047;13;11043;22;;;11053;16;11056;19;;;11050.0;0.0
yf_MKC_d12;49400;ASH_COATED_OSMIUM;9904;16;9902;27;;;9910;23;9913;24;;;9907.0;0.0
yf_MKC_d12;49400;INTARIAN_PEPPER_ROOT;11051;14;11049;22;;;11057;19;11060;18;;;11054.0;0.0
yf_MKC_d12;49500;ASH_COATED_OSMIUM;9905;15;9901;8;;;9912;14;9915;14;;;9908.5;0.0
yf_MKC_d12;49500;INTARIAN_PEPPER_ROOT;11055;19;11051;18;;;11061;16;11065;19;;;11058.0;0.0
yf_MKC_d12;49600;ASH_COATED_OSMIUM;9904;10;9902;18;;;9910;20;9913;18;;;9907.0;0.0
yf_MKC_d12;49600;INTARIAN_PEPPER_ROOT;11058;5;11056;35;;;11064;12;11066;15;;;11061.0;0.0
yf_MKC_d12;49700;ASH_COATED_OSMIUM;9903;14;9899;18;;;9912;17;9914;11;;;9907.5;0.0
yf_MKC_d12;49700;INTARIAN_PEPPER_ROOT;11062;12;11058;20;;;11068;11;11072;23;;;11065.0;0.0
yf_MKC_d12;49800;ASH_COATED_OSMIUM;9902;20;9898;18;;;9913;12;9915;12;;;9907.5;0.0
yf_MKC_d12;49800;INTARIAN_PEPPER_ROOT;11065;17;11061;24;;;11071;14;11074;13;;;11068.0;0.0
yf_MKC_d12;49900;ASH_COATED_OSMIUM;9897;13;9895;13;;;9919;12;9922;13;;;9908.0;0.0
yf_MKC_d12;49900;INTARIAN_PEPPER_ROOT;11058;13;11054;23;;;11085;13;11089;19;;;11071.5;0.0
yf_MKC_d12;50000;ASH_COATED_OSMIUM;9904;14;9901;18;;;9910;11;9913;25;;;9907.0;0.0
yf_MKC_d12;50000;INTARIAN_PEPPER_ROOT;11069;14;11065;17;;;11083;17;11087;8;;;11076.0;0.0
yf_MKC_d12;50100;ASH_COATED_OSMIUM;9904;7;9902;23;;;9910;14;9914;20;;;9907.0;0.0
yf_MKC_d12;50100;INTARIAN_PEPPER_ROOT;11076;10;11074;10;;;11082;15;11084;19;;;11079.0;0.0
yf_MKC_d12;50200;ASH_COATED_OSMIUM;9903;16;9900;25;;;9912;10;9916;26;;;9907.5;0.0
yf_MKC_d12;50200;INTARIAN_PEPPER_ROOT;11080;8;11078;18;;;11086;13;11088;15;;;11083.0;0.0
yf_MKC_d12;50300;ASH_COATED_OSMIUM;9904;20;9901;26;;;9910;12;9914;16;;;9907.0;0.0
yf_MKC_d12;50300;INTARIAN_PEPPER_ROOT;11081;21;11078;27;;;11092;20;11095;13;;;11086.5;0.0
yf_MKC_d12;50400;ASH_COATED_OSMIUM;9897;6;9893;22;;;9917;10;9921;15;;;9907.0;0.0
yf_MKC_d12;50400;INTARIAN_PEPPER_ROOT;11082;19;11080;28;;;11098;14;11101;19;;;11090.0;0.0
yf_MKC_d12;50500;ASH_COATED_OSMIUM;9897;9;9893;23;;;9918;12;9922;23;;;9907.5;0.0
yf_MKC_d12;50500;INTARIAN_PEPPER_ROOT;11091;15;11087;16;;;11097;20;11099;25;;;11094.0;0.0
yf_MKC_d12;50600;ASH_COATED_OSMIUM;9904;14;9901;18;;;9910;21;9914;18;;;9907.0;0.0
yf_MKC_d12;50600;INTARIAN_PEPPER_ROOT;11092;14;11089;25;;;11102;8;11105;9;;;11097.0;0.0
yf_MKC_d12;50700;ASH_COATED_OSMIUM;9904;5;9901;18;;;9910;12;9912;14;;;9907.0;0.0
yf_MKC_d12;50700;INTARIAN_PEPPER_ROOT;11098;25;11096;12;;;11104;15;11107;20;;;11101.0;0.0
yf_MKC_d12;50800;ASH_COATED_OSMIUM;9900;9;9898;20;;;9914;20;9917;12;;;9907.0;0.0
yf_MKC_d12;50800;INTARIAN_PEPPER_ROOT;11094;13;11090;21;;;11115;17;11119;17;;;11104.5;0.0
yf_MKC_d12;50900;ASH_COATED_OSMIUM;9902;11;9898;25;;;9911;22;9913;8;;;9906.5;0.0
yf_MKC_d12;50900;INTARIAN_PEPPER_ROOT;11103;13;11099;26;;;11113;17;11115;19;;;11108.0;0.0
yf_MKC_d12;51000;ASH_COATED_OSMIUM;9904;16;9902;26;;;9910;15;9914;16;;;9907.0;0.0
yf_MKC_d12;51000;INTARIAN_PEPPER_ROOT;11107;13;11103;15;;;11117;9;11120;19;;;11112.0;0.0
yf_MKC_d12;51100;ASH_COATED_OSMIUM;9905;25;9901;14;;;9911;22;9915;20;;;9908.0;0.0
yf_MKC_d12;51100;INTARIAN_PEPPER_ROOT;11112;19;11109;17;;;11118;10;11120;11;;;11115.0;0.0
yf_MKC_d12;51200;ASH_COATED_OSMIUM;9905;21;9902;12;;;9911;13;9914;11;;;9908.0;0.0
yf_MKC_d12;51200;INTARIAN_PEPPER_ROOT;11115;22;11111;22;;;11123;24;11127;19;;;11119.0;0.0
yf_MKC_d12;51300;ASH_COATED_OSMIUM;9900;13;9896;25;;;9914;12;9918;20;;;9907.0;0.0
yf_MKC_d12;51300;INTARIAN_PEPPER_ROOT;11112;25;11108;16;;;11133;15;11137;24;;;11122.5;0.0
yf_MKC_d12;51400;ASH_COATED_OSMIUM;9904;23;9901;16;;;9911;16;9915;17;;;9907.5;0.0
yf_MKC_d12;51400;INTARIAN_PEPPER_ROOT;11117;15;11114;18;;;11137;17;11141;27;;;11127.0;0.0
yf_MKC_d12;51500;ASH_COATED_OSMIUM;9899;11;9897;25;;;9916;15;9919;17;;;9907.5;0.0
yf_MKC_d12;51500;INTARIAN_PEPPER_ROOT;11127;7;11123;24;;;11133;18;11137;18;;;11130.0;0.0
yf_MKC_d12;51600;ASH_COATED_OSMIUM;9905;21;9901;22;;;9911;15;9914;18;;;9908.0;0.0
yf_MKC_d12;51600;INTARIAN_PEPPER_ROOT;11131;12;11127;22;;;11137;23;11141;14;;;11134.0;0.0
yf_MKC_d12;51700;ASH_COATED_OSMIUM;9903;13;9900;13;;;9913;14;9916;19;;;9908.0;0.0
yf_MKC_d12;51700;INTARIAN_PEPPER_ROOT;11134;17;11131;15;;;11140;11;11144;15;;;11137.0;0.0
yf_MKC_d12;51800;ASH_COATED_OSMIUM;9904;11;9901;15;;;9910;7;9913;16;;;9907.0;0.0
yf_MKC_d12;51800;INTARIAN_PEPPER_ROOT;11138;16;11134;19;;;11144;9;11146;20;;;11141.0;0.0
yf_MKC_d12;51900;ASH_COATED_OSMIUM;9902;13;9898;23;;;9915;14;9919;19;;;9908.5;0.0
yf_MKC_d12;51900;INTARIAN_PEPPER_ROOT;11141;16;11137;20;;;11148;14;11152;21;;;11144.5;0.0
yf_MKC_d12;52000;ASH_COATED_OSMIUM;9905;9;9901;16;;;9911;18;9914;20;;;9908.0;0.0
yf_MKC_d12;52000;INTARIAN_PEPPER_ROOT;11143;26;11140;25;;;11154;13;11157;24;;;11148.5;0.0
yf_MKC_d12;52100;ASH_COATED_OSMIUM;9905;5;9901;21;;;9911;11;9913;20;;;9908.0;0.0
yf_MKC_d12;52100;INTARIAN_PEPPER_ROOT;11149;17;11146;12;;;11155;15;11159;27;;;11152.0;0.0
yf_MKC_d12;52200;ASH_COATED_OSMIUM;9901;20;9898;11;;;9916;21;9919;22;;;9908.5;0.0
yf_MKC_d12;52200;INTARIAN_PEPPER_ROOT;11153;10;11149;20;;;11159;20;11161;15;;;11156.0;0.0
yf_MKC_d12;52300;ASH_COATED_OSMIUM;9902;7;9898;11;;;9916;11;9918;12;;;9909.0;0.0
yf_MKC_d12;52300;INTARIAN_PEPPER_ROOT;11156;15;11154;16;;;11162;7;11164;14;;;11159.0;0.0
yf_MKC_d12;52400;ASH_COATED_OSMIUM;9905;11;9901;24;;;9911;12;9914;13;;;9908.0;0.0
yf_MKC_d12;52400;INTARIAN_PEPPER_ROOT;11160;20;11156;11;;;11166;6;11170;14;;;11163.0;0.0
yf_MKC_d12;52500;ASH_COATED_OSMIUM;9894;11;9892;18;;;9923;19;9925;16;;;9908.5;0.0
yf_MKC_d12;52500;INTARIAN_PEPPER_ROOT;11164;20;11162;16;;;11170;15;11173;22;;;11167.0;0.0
yf_MKC_d12;52600;ASH_COATED_OSMIUM;9906;17;9904;30;;;9912;20;9915;17;;;9909.0;0.0
yf_MKC_d12;52600;INTARIAN_PEPPER_ROOT;11167;5;11165;9;;;11173;7;11176;28;;;11170.0;0.0
yf_MKC_d12;52700;ASH_COATED_OSMIUM;9906;15;9903;18;;;9912;21;9914;19;;;9909.0;0.0
yf_MKC_d12;52700;INTARIAN_PEPPER_ROOT;11171;5;11169;16;;;11177;12;11181;22;;;11174.0;0.0
yf_MKC_d12;52800;ASH_COATED_OSMIUM;9906;9;9902;20;;;9912;19;9914;19;;;9909.0;0.0
yf_MKC_d12;52800;INTARIAN_PEPPER_ROOT;11175;14;11171;28;;;11181;18;11185;23;;;11178.0;0.0
yf_MKC_d12;52900;ASH_COATED_OSMIUM;9893;11;9889;26;;;9925;18;9927;19;;;9909.0;0.0
yf_MKC_d12;52900;INTARIAN_PEPPER_ROOT;11179;19;11175;24;;;11185;14;11187;16;;;11182.0;0.0
yf_MKC_d12;53000;ASH_COATED_OSMIUM;9903;18;9900;18;;;9917;15;9920;26;;;9910.0;0.0
yf_MKC_d12;53000;INTARIAN_PEPPER_ROOT;11182;12;11179;35;;;11188;8;11191;13;;;11185.0;0.0
yf_MKC_d12;53100;ASH_COATED_OSMIUM;9906;19;9903;21;;;9913;5;9917;15;;;9909.5;0.0
yf_MKC_d12;53100;INTARIAN_PEPPER_ROOT;11185;17;11183;19;;;11191;12;11195;18;;;11188.0;0.0
yf_MKC_d12;53200;ASH_COATED_OSMIUM;9906;25;9903;23;;;9912;21;9914;15;;;9909.0;0.0
yf_MKC_d12;53200;INTARIAN_PEPPER_ROOT;11189;15;11187;17;;;11195;17;11197;26;;;11192.0;0.0
yf_MKC_d12;53300;ASH_COATED_OSMIUM;9906;17;9904;20;;;9912;5;9916;21;;;9909.0;0.0
yf_MKC_d12;53300;INTARIAN_PEPPER_ROOT;11193;11;11191;18;;;11199;6;11202;22;;;11196.0;0.0
yf_MKC_d12;53400;ASH_COATED_OSMIUM;9906;12;9903;21;;;9913;22;9917;23;;;9909.5;0.0
yf_MKC_d12;53400;INTARIAN_PEPPER_ROOT;11197;13;11194;23;;;11203;14;11207;19;;;11200.0;0.0
yf_MKC_d12;53500;ASH_COATED_OSMIUM;9902;30;9899;20;;;9916;9;9919;18;;;9909.0;0.0
yf_MKC_d12;53500;INTARIAN_PEPPER_ROOT;11198;13;11196;29;;;11209;15;11213;21;;;11203.5;0.0
yf_MKC_d12;53600;ASH_COATED_OSMIUM;9907;5;9903;22;;;9913;9;9917;28;;;9910.0;0.0
yf_MKC_d12;53600;INTARIAN_PEPPER_ROOT;11204;10;11201;28;;;11210;11;11214;18;;;11207.0;0.0
yf_MKC_d12;53700;ASH_COATED_OSMIUM;9906;15;9902;10;;;9913;12;9916;23;;;9909.5;0.0
yf_MKC_d12;53700;INTARIAN_PEPPER_ROOT;11207;11;11205;19;;;11213;8;11215;18;;;11210.0;0.0
yf_MKC_d12;53800;ASH_COATED_OSMIUM;9907;11;9905;19;;;9913;19;9917;22;;;9910.0;0.0
yf_MKC_d12;53800;INTARIAN_PEPPER_ROOT;11211;8;11207;15;;;11217;22;11221;17;;;11214.0;0.0
yf_MKC_d12;53900;ASH_COATED_OSMIUM;9907;13;9903;23;;;9913;25;9917;10;;;9910.0;0.0
yf_MKC_d12;53900;INTARIAN_PEPPER_ROOT;11213;10;11210;24;;;11222;19;11224;16;;;11217.5;0.0
yf_MKC_d12;54000;ASH_COATED_OSMIUM;9907;17;9905;15;;;9913;18;9916;8;;;9910.0;0.0
yf_MKC_d12;54000;INTARIAN_PEPPER_ROOT;11219;20;11215;15;;;11225;12;11229;20;;;11222.0;0.0
yf_MKC_d12;54100;ASH_COATED_OSMIUM;9892;13;9888;21;;;9928;10;9930;23;;;9910.0;0.0
yf_MKC_d12;54100;INTARIAN_PEPPER_ROOT;11222;23;11218;21;;;11228;14;11230;22;;;11225.0;0.0
yf_MKC_d12;54200;ASH_COATED_OSMIUM;9907;17;9904;19;;;9913;14;9915;13;;;9910.0;0.0
yf_MKC_d12;54200;INTARIAN_PEPPER_ROOT;11226;6;11224;26;;;11232;19;11234;18;;;11229.0;0.0
yf_MKC_d12;54300;ASH_COATED_OSMIUM;9902;14;9898;19;;;9916;15;9920;19;;;9909.0;0.0
yf_MKC_d12;54300;INTARIAN_PEPPER_ROOT;11230;23;11227;17;;;11236;14;11239;25;;;11233.0;0.0
yf_MKC_d12;54400;ASH_COATED_OSMIUM;9907;11;9904;18;;;9913;11;9916;11;;;9910.0;0.0
yf_MKC_d12;54400;INTARIAN_PEPPER_ROOT;11232;17;11230;24;;;11240;8;11243;22;;;11236.0;0.0
yf_MKC_d12;54500;ASH_COATED_OSMIUM;9907;5;9904;25;;;9913;18;9917;22;;;9910.0;0.0
yf_MKC_d12;54500;INTARIAN_PEPPER_ROOT;11236;26;11234;24;;;11242;12;11246;25;;;11239.0;0.0
yf_MKC_d12;54600;ASH_COATED_OSMIUM;9897;17;9893;17;;;9924;15;9926;27;;;9910.5;0.0
yf_MKC_d12;54600;INTARIAN_PEPPER_ROOT;11241;8;11237;16;;;11247;10;11251;19;;;11244.0;0.0
yf_MKC_d12;54700;ASH_COATED_OSMIUM;9896;18;9892;23;;;9925;14;9929;21;;;9910.5;0.0
yf_MKC_d12;54700;INTARIAN_PEPPER_ROOT;11244;14;11241;24;;;11250;18;11253;21;;;11247.0;0.0
yf_MKC_d12;54800;ASH_COATED_OSMIUM;9908;18;9906;21;;;9914;24;9916;11;;;9911.0;0.0
yf_MKC_d12;54800;INTARIAN_PEPPER_ROOT;11248;13;11245;11;;;11255;15;11257;33;;;11251.5;0.0
yf_MKC_d12;54900;ASH_COATED_OSMIUM;9908;12;9905;16;;;9914;18;9918;25;;;9911.0;0.0
yf_MKC_d12;54900;INTARIAN_PEPPER_ROOT;11251;5;11247;15;;;11257;21;11261;27;;;11254.0;0.0
yf_MKC_d12;55000;ASH_COATED_OSMIUM;9906;12;9904;28;;;9917;12;9921;16;;;9911.5;0.0
yf_MKC_d12;55000;INTARIAN_PEPPER_ROOT;11255;14;11253;19;;;11262;13;11266;21;;;11258.5;0.0
yf_MKC_d12;55100;ASH_COATED_OSMIUM;9908;13;9906;25;;;9914;8;9917;21;;;9911.0;0.0
yf_MKC_d12;55100;INTARIAN_PEPPER_ROOT;11255;10;11251;14;;;11268;14;11271;19;;;11261.5;0.0
yf_MKC_d12;55200;ASH_COATED_OSMIUM;9908;13;9904;9;;;9914;15;9916;27;;;9911.0;0.0
yf_MKC_d12;55200;INTARIAN_PEPPER_ROOT;11263;8;11260;22;;;11269;15;11271;21;;;11266.0;0.0
yf_MKC_d12;55300;ASH_COATED_OSMIUM;9908;11;9905;32;;;9914;14;9916;13;;;9911.0;0.0
yf_MKC_d12;55300;INTARIAN_PEPPER_ROOT;11265;18;11263;20;;;11273;17;11276;19;;;11269.0;0.0
yf_MKC_d12;55400;ASH_COATED_OSMIUM;9908;18;9905;14;;;9916;9;9918;20;;;9912.0;0.0
yf_MKC_d12;55400;INTARIAN_PEPPER_ROOT;11271;22;11268;16;;;11277;17;11280;29;;;11274.0;0.0
yf_MKC_d12;55500;ASH_COATED_OSMIUM;9903;12;9901;19;;;9921;16;9925;19;;;9912.0;0.0
yf_MKC_d12;55500;INTARIAN_PEPPER_ROOT;11273;20;11271;22;;;11279;13;11281;30;;;11276.0;0.0
yf_MKC_d12;55600;ASH_COATED_OSMIUM;9909;14;9906;19;;;9915;24;9919;21;;;9912.0;0.0
yf_MKC_d12;55600;INTARIAN_PEPPER_ROOT;11277;16;11275;14;;;11283;11;11286;23;;;11280.0;0.0
yf_MKC_d12;55700;ASH_COATED_OSMIUM;9908;22;9906;19;;;9914;17;9916;17;;;9911.0;0.0
yf_MKC_d12;55700;INTARIAN_PEPPER_ROOT;11281;17;11279;28;;;11287;12;11290;12;;;11284.0;0.0
yf_MKC_d12;55800;ASH_COATED_OSMIUM;9908;14;9905;19;;;9914;14;9917;23;;;9911.0;0.0
yf_MKC_d12;55800;INTARIAN_PEPPER_ROOT;11284;8;11282;26;;;11292;17;11295;19;;;11288.0;0.0
yf_MKC_d12;55900;ASH_COATED_OSMIUM;9905;18;9903;19;;;9918;12;9921;12;;;9911.5;0.0
yf_MKC_d12;55900;INTARIAN_PEPPER_ROOT;11288;20;11285;17;;;11294;16;11296;22;;;11291.0;0.0
yf_MKC_d12;56000;ASH_COATED_OSMIUM;9909;13;9907;24;;;9915;15;9918;28;;;9912.0;0.0
yf_MKC_d12;56000;INTARIAN_PEPPER_ROOT;11292;21;11288;20;;;11298;13;11300;13;;;11295.0;0.0
yf_MKC_d12;56100;ASH_COATED_OSMIUM;9901;20;9898;12;;;9923;29;9926;16;;;9912.0;0.0
yf_MKC_d12;56100;INTARIAN_PEPPER_ROOT;11292;17;11288;8;;;11305;5;11309;12;;;11298.5;0.0
yf_MKC_d12;56200;ASH_COATED_OSMIUM;9909;11;9907;25;;;9915;13;9917;22;;;9912.0;0.0
yf_MKC_d12;56200;INTARIAN_PEPPER_ROOT;11294;18;11291;23;;;11309;19;11312;21;;;11301.5;0.0
yf_MKC_d12;56300;ASH_COATED_OSMIUM;9902;13;9898;10;;;9922;11;9925;25;;;9912.0;0.0
yf_MKC_d12;56300;INTARIAN_PEPPER_ROOT;11302;15;11298;14;;;11308;12;11311;20;;;11305.0;0.0
yf_MKC_d12;56400;ASH_COATED_OSMIUM;9909;11;9906;24;;;9915;21;9918;26;;;9912.0;0.0
yf_MKC_d12;56400;INTARIAN_PEPPER_ROOT;11306;10;11303;21;;;11314;18;11316;12;;;11310.0;0.0
yf_MKC_d12;56500;ASH_COATED_OSMIUM;9910;11;9908;19;;;9916;12;9919;17;;;9913.0;0.0
yf_MKC_d12;56500;INTARIAN_PEPPER_ROOT;11310;14;11306;22;;;11316;13;11319;21;;;11313.0;0.0
yf_MKC_d12;56600;ASH_COATED_OSMIUM;9908;5;9906;11;;;9918;20;9920;16;;;9913.0;0.0
yf_MKC_d12;56600;INTARIAN_PEPPER_ROOT;11315;15;11312;25;;;11321;18;11323;20;;;11318.0;0.0
yf_MKC_d12;56700;ASH_COATED_OSMIUM;9910;13;9906;22;;;9916;15;9918;15;;;9913.0;0.0
yf_MKC_d12;56700;INTARIAN_PEPPER_ROOT;11318;8;11316;17;;;11324;17;11328;8;;;11321.0;0.0
yf_MKC_d12;56800;ASH_COATED_OSMIUM;9910;13;9908;24;;;9916;10;9918;14;;;9913.0;0.0
yf_MKC_d12;56800;INTARIAN_PEPPER_ROOT;11305;19;11301;13;;;11345;21;11347;15;;;11325.0;0.0
yf_MKC_d12;56900;ASH_COATED_OSMIUM;9910;12;9908;29;;;9916;12;9919;20;;;9913.0;0.0
yf_MKC_d12;56900;INTARIAN_PEPPER_ROOT;11322;12;11319;23;;;11334;7;11338;20;;;11328.0;0.0
yf_MKC_d12;57000;ASH_COATED_OSMIUM;9910;21;9907;22;;;9916;16;9920;19;;;9913.0;0.0
yf_MKC_d12;57000;INTARIAN_PEPPER_ROOT;11329;7;11327;19;;;11335;24;11339;23;;;11332.0;0.0
yf_MKC_d12;57100;ASH_COATED_OSMIUM;9910;15;9908;19;;;9916;8;9919;21;;;9913.0;0.0
yf_MKC_d12;57100;INTARIAN_PEPPER_ROOT;11331;24;11329;17;;;11340;12;11343;11;;;11335.5;0.0
yf_MKC_d12;57200;ASH_COATED_OSMIUM;9910;13;9907;22;;;9916;17;9919;25;;;9913.0;0.0
yf_MKC_d12;57200;INTARIAN_PEPPER_ROOT;11335;17;11331;13;;;11343;18;11347;18;;;11339.0;0.0
yf_MKC_d12;57300;ASH_COATED_OSMIUM;9910;19;9908;12;;;9916;13;9918;17;;;9913.0;0.0
yf_MKC_d12;57300;INTARIAN_PEPPER_ROOT;11339;13;11335;13;;;11345;11;11347;9;;;11342.0;0.0
yf_MKC_d12;57400;ASH_COATED_OSMIUM;9910;14;9907;20;;;9916;12;9918;13;;;9913.0;0.0
yf_MKC_d12;57400;INTARIAN_PEPPER_ROOT;11341;15;11339;18;;;11351;6;11355;22;;;11346.0;0.0
yf_MKC_d12;57500;ASH_COATED_OSMIUM;9910;26;9908;17;;;9917;15;9921;27;;;9913.5;0.0
yf_MKC_d12;57500;INTARIAN_PEPPER_ROOT;11341;21;11338;17;;;11358;13;11361;20;;;11349.5;0.0
yf_MKC_d12;57600;ASH_COATED_OSMIUM;9911;15;9909;16;;;9917;12;9919;30;;;9914.0;0.0
yf_MKC_d12;57600;INTARIAN_PEPPER_ROOT;11351;15;11348;17;;;11357;17;11361;18;;;11354.0;0.0
yf_MKC_d12;57700;ASH_COATED_OSMIUM;9910;14;9907;17;;;9916;22;9918;12;;;9913.0;0.0
yf_MKC_d12;57700;INTARIAN_PEPPER_ROOT;11354;18;11350;18;;;11360;17;11364;19;;;11357.0;0.0
yf_MKC_d12;57800;ASH_COATED_OSMIUM;9911;22;9907;19;;;9917;20;9919;26;;;9914.0;0.0
yf_MKC_d12;57800;INTARIAN_PEPPER_ROOT;11358;20;11356;29;;;11364;15;11366;26;;;11361.0;0.0
yf_MKC_d12;57900;ASH_COATED_OSMIUM;9910;10;9908;32;;;9916;5;9919;17;;;9913.0;0.0
yf_MKC_d12;57900;INTARIAN_PEPPER_ROOT;11362;14;11359;16;;;11368;12;11371;19;;;11365.0;0.0
yf_MKC_d12;58000;ASH_COATED_OSMIUM;9902;14;9899;20;;;9926;25;9929;15;;;9914.0;0.0
yf_MKC_d12;58000;INTARIAN_PEPPER_ROOT;11365;14;11362;15;;;11371;16;11375;24;;;11368.0;0.0
yf_MKC_d12;58100;ASH_COATED_OSMIUM;9905;11;9903;17;;;9922;11;9926;18;;;9913.5;0.0
yf_MKC_d12;58100;INTARIAN_PEPPER_ROOT;11369;17;11365;21;;;11376;13;11378;25;;;11372.5;0.0
yf_MKC_d12;58200;ASH_COATED_OSMIUM;9911;17;9908;23;;;9917;9;9921;13;;;9914.0;0.0
yf_MKC_d12;58200;INTARIAN_PEPPER_ROOT;11373;16;11370;14;;;11379;20;11383;16;;;11376.0;0.0
yf_MKC_d12;58300;ASH_COATED_OSMIUM;9910;14;9908;18;;;9919;20;9923;22;;;9914.5;0.0
