day;timestamp;product;bid_price_1;bid_volume_1;bid_price_2;bid_volume_2;bid_price_3;bid_volume_3;ask_price_1;ask_volume_1;ask_price_2;ask_volume_2;ask_price_3;ask_volume_3;mid_price;profit_and_loss
yf_MKC_d14;0;ASH_COATED_OSMIUM;9907;18;9904;17;;;9913;10;9915;18;;;9910.0;0.0
yf_MKC_d14;0;INTARIAN_PEPPER_ROOT;12269;13;12267;17;;;12275;14;12279;20;;;12272.0;0.0
yf_MKC_d14;100;ASH_COATED_OSMIUM;9907;12;9904;16;;;9913;11;9917;20;;;9910.0;0.0
yf_MKC_d14;100;INTARIAN_PEPPER_ROOT;12265;12;12262;17;;;12277;11;12280;25;;;12271.0;0.0
yf_MKC_d14;200;ASH_COATED_OSMIUM;9908;20;9904;17;;;9914;8;9917;20;;;9911.0;0.0
yf_MKC_d14;200;INTARIAN_PEPPER_ROOT;12267;23;12263;16;;;12273;19;12276;13;;;12270.0;0.0
yf_MKC_d14;300;ASH_COATED_OSMIUM;9905;16;9901;14;;;9916;20;9919;23;;;9910.5;0.0
yf_MKC_d14;300;INTARIAN_PEPPER_ROOT;12267;21;12264;25;;;12273;16;12275;27;;;12270.0;0.0
yf_MKC_d14;400;ASH_COATED_OSMIUM;9908;18;9906;19;;;9914;11;9916;22;;;9911.0;0.0
yf_MKC_d14;400;INTARIAN_PEPPER_ROOT;12268;9;12266;17;;;12274;12;12278;22;;;12271.0;0.0
yf_MKC_d14;500;ASH_COATED_OSMIUM;9903;12;9901;10;;;9918;18;9921;20;;;9910.5;0.0
yf_MKC_d14;500;INTARIAN_PEPPER_ROOT;12267;9;12263;25;;;12273;15;12277;16;;;12270.0;0.0
yf_MKC_d14;600;ASH_COATED_OSMIUM;9908;9;9905;30;;;9914;13;9916;18;;;9911.0;0.0
yf_MKC_d14;600;INTARIAN_PEPPER_ROOT;12267;10;12263;18;;;12273;21;12277;23;;;12270.0;0.0
yf_MKC_d14;700;ASH_COATED_OSMIUM;9907;17;9905;19;;;9914;14;9917;19;;;9910.5;0.0
yf_MKC_d14;700;INTARIAN_PEPPER_ROOT;12266;12;12264;17;;;12272;13;12276;17;;;12269.0;0.0
yf_MKC_d14;800;ASH_COATED_OSMIUM;9907;17;9903;21;;;9914;14;9917;13;;;9910.5;0.0
yf_MKC_d14;800;INTARIAN_PEPPER_ROOT;12267;23;12263;21;;;12273;13;12277;18;;;12270.0;0.0
yf_MKC_d14;900;ASH_COATED_OSMIUM;9908;9;9905;17;;;9914;19;9917;20;;;9911.0;0.0
yf_MKC_d14;900;INTARIAN_PEPPER_ROOT;12266;13;12263;28;;;12272;11;12275;26;;;12269.0;0.0
yf_MKC_d14;1000;ASH_COATED_OSMIUM;9904;9;9900;26;;;9918;24;9920;25;;;9911.0;0.0
yf_MKC_d14;1000;INTARIAN_PEPPER_ROOT;12255;16;12252;10;;;12284;13;12287;26;;;12269.5;0.0
yf_MKC_d14;1100;ASH_COATED_OSMIUM;9898;14;9894;20;;;9923;13;9925;19;;;9910.5;0.0
yf_MKC_d14;1100;INTARIAN_PEPPER_ROOT;12262;9;12259;12;;;12276;17;12279;23;;;12269.0;0.0
yf_MKC_d14;1200;ASH_COATED_OSMIUM;9907;14;9904;12;;;9914;13;9916;19;;;9910.5;0.0
yf_MKC_d14;1200;INTARIAN_PEPPER_ROOT;12264;14;12260;21;;;12273;15;12276;27;;;12268.5;0.0
yf_MKC_d14;1300;ASH_COATED_OSMIUM;9908;8;9906;20;;;9914;12;9916;23;;;9911.0;0.0
yf_MKC_d14;1300;INTARIAN_PEPPER_ROOT;12258;15;12254;24;;;12278;8;12282;28;;;12268.0;0.0
yf_MKC_d14;1400;ASH_COATED_OSMIUM;9906;19;9902;14;;;9917;22;9920;22;;;9911.5;0.0
yf_MKC_d14;1400;INTARIAN_PEPPER_ROOT;12265;12;12263;19;;;12273;13;12275;13;;;12269.0;0.0
yf_MKC_d14;1500;ASH_COATED_OSMIUM;9908;21;9905;18;;;9914;5;9918;25;;;9911.0;0.0
yf_MKC_d14;1500;INTARIAN_PEPPER_ROOT;12265;12;12262;20;;;12271;11;12275;14;;;12268.0;0.0
yf_MKC_d14;1600;ASH_COATED_OSMIUM;9897;16;9894;26;;;9925;19;9928;18;;;9911.0;0.0
yf_MKC_d14;1600;INTARIAN_PEPPER_ROOT;12265;14;12262;28;;;12271;10;12275;8;;;12268.0;0.0
yf_MKC_d14;1700;ASH_COATED_OSMIUM;9909;13;9905;21;;;9915;19;9918;8;;;9912.0;0.0
yf_MKC_d14;1700;INTARIAN_PEPPER_ROOT;12256;21;12254;14;;;12278;16;12281;19;;;12267.0;0.0
yf_MKC_d14;1800;ASH_COATED_OSMIUM;9904;12;9902;19;;;9919;9;9923;18;;;9911.5;0.0
yf_MKC_d14;1800;INTARIAN_PEPPER_ROOT;12265;17;12261;27;;;12271;30;12274;18;;;12268.0;0.0
yf_MKC_d14;1900;ASH_COATED_OSMIUM;9906;13;9903;29;;;9917;15;9919;14;;;9911.5;0.0
yf_MKC_d14;1900;INTARIAN_PEPPER_ROOT;12264;12;12260;22;;;12270;9;12273;17;;;12267.0;0.0
yf_MKC_d14;2000;ASH_COATED_OSMIUM;9909;12;9905;16;;;9915;15;9917;31;;;9912.0;0.0
yf_MKC_d14;2000;INTARIAN_PEPPER_ROOT;12264;17;12262;18;;;12270;15;12274;20;;;12267.0;0.0
yf_MKC_d14;2100;ASH_COATED_OSMIUM;9908;17;9906;25;;;9914;5;9917;28;;;9911.0;0.0
yf_MKC_d14;2100;INTARIAN_PEPPER_ROOT;12257;11;12254;13;;;12275;15;12277;16;;;12266.0;0.0
yf_MKC_d14;2200;ASH_COATED_OSMIUM;9909;20;9906;20;;;9915;5;9919;34;;;9912.0;0.0
yf_MKC_d14;2200;INTARIAN_PEPPER_ROOT;12263;18;12260;18;;;12269;23;12273;28;;;12266.0;0.0
yf_MKC_d14;2300;ASH_COATED_OSMIUM;9909;20;9905;30;;;9915;12;9917;19;;;9912.0;0.0
yf_MKC_d14;2300;INTARIAN_PEPPER_ROOT;12263;21;12259;26;;;12269;21;12273;23;;;12266.0;0.0
yf_MKC_d14;2400;ASH_COATED_OSMIUM;9899;14;9897;29;;;9926;16;9928;25;;;9912.5;0.0
yf_MKC_d14;2400;INTARIAN_PEPPER_ROOT;12263;13;12260;25;;;12269;12;12271;25;;;12266.0;0.0
yf_MKC_d14;2500;ASH_COATED_OSMIUM;9909;23;9905;10;;;9915;10;9918;12;;;9912.0;0.0
yf_MKC_d14;2500;INTARIAN_PEPPER_ROOT;12263;10;12260;19;;;12269;11;12273;12;;;12266.0;0.0
yf_MKC_d14;2600;ASH_COATED_OSMIUM;9909;10;9905;17;;;9915;17;9917;27;;;9912.0;0.0
yf_MKC_d14;2600;INTARIAN_PEPPER_ROOT;12262;15;12260;23;;;12268;20;12271;24;;;12265.0;0.0
yf_MKC_d14;2700;ASH_COATED_OSMIUM;9908;6;9906;11;;;9916;13;9920;21;;;9912.0;0.0
yf_MKC_d14;2700;INTARIAN_PEPPER_ROOT;12262;9;12258;13;;;12268;11;12272;24;;;12265.0;0.0
yf_MKC_d14;2800;ASH_COATED_OSMIUM;9906;20;9904;11;;;9919;14;9923;13;;;9912.5;0.0
yf_MKC_d14;2800;INTARIAN_PEPPER_ROOT;12262;24;12259;25;;;12268;11;12270;18;;;12265.0;0.0
yf_MKC_d14;2900;ASH_COATED_OSMIUM;9909;19;9905;8;;;9915;26;9918;20;;;9912.0;0.0
yf_MKC_d14;2900;INTARIAN_PEPPER_ROOT;12260;15;12257;21;;;12270;6;12272;25;;;12265.0;0.0
yf_MKC_d14;3000;ASH_COATED_OSMIUM;9907;13;9904;23;;;9917;8;9921;18;;;9912.0;0.0
yf_MKC_d14;3000;INTARIAN_PEPPER_ROOT;12262;11;12258;17;;;12268;17;12270;22;;;12265.0;0.0
yf_MKC_d14;3100;ASH_COATED_OSMIUM;9908;14;9904;16;;;9918;18;9922;24;;;9913.0;0.0
yf_MKC_d14;3100;INTARIAN_PEPPER_ROOT;12261;12;12258;9;;;12267;17;12271;21;;;12264.0;0.0
yf_MKC_d14;3200;ASH_COATED_OSMIUM;9907;18;9905;17;;;9917;18;9919;14;;;9912.0;0.0
yf_MKC_d14;3200;INTARIAN_PEPPER_ROOT;12256;14;12252;14;;;12272;11;12274;29;;;12264.0;0.0
yf_MKC_d14;3300;ASH_COATED_OSMIUM;9909;10;9907;24;;;9915;10;9918;13;;;9912.0;0.0
yf_MKC_d14;3300;INTARIAN_PEPPER_ROOT;12261;17;12257;21;;;12267;19;12271;25;;;12264.0;0.0
yf_MKC_d14;3400;ASH_COATED_OSMIUM;9909;19;9905;16;;;9915;16;9917;21;;;9912.0;0.0
yf_MKC_d14;3400;INTARIAN_PEPPER_ROOT;12260;16;12258;16;;;12267;12;12270;25;;;12263.5;0.0
yf_MKC_d14;3500;ASH_COATED_OSMIUM;9909;14;9905;17;;;9915;7;9919;22;;;9912.0;0.0
yf_MKC_d14;3500;INTARIAN_PEPPER_ROOT;12256;21;12252;17;;;12270;7;12272;12;;;12263.0;0.0
yf_MKC_d14;3600;ASH_COATED_OSMIUM;9910;18;9907;15;;;9916;22;9919;28;;;9913.0;0.0
yf_MKC_d14;3600;INTARIAN_PEPPER_ROOT;12260;13;12258;19;;;12266;17;12270;21;;;12263.0;0.0
yf_MKC_d14;3700;ASH_COATED_OSMIUM;9910;19;9906;15;;;9916;13;9919;19;;;9913.0;0.0
yf_MKC_d14;3700;INTARIAN_PEPPER_ROOT;12256;19;12253;15;;;12270;12;12274;22;;;12263.0;0.0
yf_MKC_d14;3800;ASH_COATED_OSMIUM;9909;12;9906;22;;;9915;20;9917;24;;;9912.0;0.0
yf_MKC_d14;3800;INTARIAN_PEPPER_ROOT;12260;12;12256;22;;;12266;11;12269;18;;;12263.0;0.0
yf_MKC_d14;3900;ASH_COATED_OSMIUM;9910;13;9907;18;;;9916;15;9920;27;;;9913.0;0.0
yf_MKC_d14;3900;INTARIAN_PEPPER_ROOT;12260;14;12257;22;;;12266;12;12268;22;;;12263.0;0.0
yf_MKC_d14;4000;ASH_COATED_OSMIUM;9910;15;9908;26;;;9916;18;9918;24;;;9913.0;0.0
yf_MKC_d14;4000;INTARIAN_PEPPER_ROOT;12259;12;12255;19;;;12265;9;12268;11;;;12262.0;0.0
yf_MKC_d14;4100;ASH_COATED_OSMIUM;9908;19;9905;18;;;9919;15;9922;14;;;9913.5;0.0
yf_MKC_d14;4100;INTARIAN_PEPPER_ROOT;12259;12;12257;23;;;12265;11;12268;16;;;12262.0;0.0
yf_MKC_d14;4200;ASH_COATED_OSMIUM;9910;13;9907;18;;;9916;5;9918;14;;;9913.0;0.0
yf_MKC_d14;4200;INTARIAN_PEPPER_ROOT;12259;17;12257;21;;;12265;12;12268;18;;;12262.0;0.0
yf_MKC_d14;4300;ASH_COATED_OSMIUM;9908;17;9905;17;;;9917;26;9919;20;;;9912.5;0.0
yf_MKC_d14;4300;INTARIAN_PEPPER_ROOT;12258;10;12254;8;;;12265;19;12269;29;;;12261.5;0.0
yf_MKC_d14;4400;ASH_COATED_OSMIUM;9909;14;9905;21;;;9917;25;9919;18;;;9913.0;0.0
yf_MKC_d14;4400;INTARIAN_PEPPER_ROOT;12253;10;12249;16;;;12267;11;12270;11;;;12260.0;0.0
yf_MKC_d14;4500;ASH_COATED_OSMIUM;9910;30;9907;33;;;9916;12;9920;8;;;9913.0;0.0
yf_MKC_d14;4500;INTARIAN_PEPPER_ROOT;12258;17;12256;23;;;12264;15;12266;21;;;12261.0;0.0
yf_MKC_d14;4600;ASH_COATED_OSMIUM;9905;17;9903;17;;;9920;11;9924;14;;;9912.5;0.0
yf_MKC_d14;4600;INTARIAN_PEPPER_ROOT;12257;18;12255;16;;;12263;10;12267;18;;;12260.0;0.0
yf_MKC_d14;4700;ASH_COATED_OSMIUM;9911;7;9908;20;;;9917;14;9919;22;;;9914.0;0.0
yf_MKC_d14;4700;INTARIAN_PEPPER_ROOT;12257;8;12253;28;;;12263;21;12265;15;;;12260.0;0.0
yf_MKC_d14;4800;ASH_COATED_OSMIUM;9910;18;9907;28;;;9916;18;9919;13;;;9913.0;0.0
yf_MKC_d14;4800;INTARIAN_PEPPER_ROOT;12257;7;12254;25;;;12263;14;12266;8;;;12260.0;0.0
yf_MKC_d14;4900;ASH_COATED_OSMIUM;9905;10;9903;12;;;9923;23;9925;16;;;9914.0;0.0
yf_MKC_d14;4900;INTARIAN_PEPPER_ROOT;12250;20;12247;11;;;12270;9;12274;19;;;12260.0;0.0
yf_MKC_d14;5000;ASH_COATED_OSMIUM;9910;12;9906;25;;;9916;11;9920;15;;;9913.0;0.0
yf_MKC_d14;5000;INTARIAN_PEPPER_ROOT;12257;24;12255;25;;;12263;21;12265;12;;;12260.0;0.0
yf_MKC_d14;5100;ASH_COATED_OSMIUM;9911;17;9908;23;;;9917;17;9919;20;;;9914.0;0.0
yf_MKC_d14;5100;INTARIAN_PEPPER_ROOT;12256;11;12254;17;;;12262;14;12265;13;;;12259.0;0.0
yf_MKC_d14;5200;ASH_COATED_OSMIUM;9909;14;9905;22;;;9918;9;9922;18;;;9913.5;0.0
yf_MKC_d14;5200;INTARIAN_PEPPER_ROOT;12257;17;12253;20;;;12263;10;12266;21;;;12260.0;0.0
yf_MKC_d14;5300;ASH_COATED_OSMIUM;9911;25;9908;23;;;9917;8;9920;10;;;9914.0;0.0
yf_MKC_d14;5300;INTARIAN_PEPPER_ROOT;12254;10;12252;19;;;12263;19;12267;26;;;12258.5;0.0
yf_MKC_d14;5400;ASH_COATED_OSMIUM;9911;23;9907;23;;;9917;17;9921;22;;;9914.0;0.0
yf_MKC_d14;5400;INTARIAN_PEPPER_ROOT;12248;17;12246;21;;;12269;12;12272;25;;;12258.5;0.0
yf_MKC_d14;5500;ASH_COATED_OSMIUM;9899;14;9895;25;;;9929;13;9931;25;;;9914.0;0.0
yf_MKC_d14;5500;INTARIAN_PEPPER_ROOT;12256;19;12254;18;;;12262;24;12266;15;;;12259.0;0.0
yf_MKC_d14;5600;ASH_COATED_OSMIUM;9907;9;9905;28;;;9921;13;9923;14;;;9914.0;0.0
yf_MKC_d14;5600;INTARIAN_PEPPER_ROOT;12255;15;12253;16;;;12261;20;12263;19;;;12258.0;0.0
yf_MKC_d14;5700;ASH_COATED_OSMIUM;9902;17;9900;15;;;9925;21;9928;22;;;9913.5;0.0
yf_MKC_d14;5700;INTARIAN_PEPPER_ROOT;12255;13;12253;17;;;12261;18;12265;21;;;12258.0;0.0
yf_MKC_d14;5800;ASH_COATED_OSMIUM;9911;19;9908;13;;;9917;7;9921;18;;;9914.0;0.0
yf_MKC_d14;5800;INTARIAN_PEPPER_ROOT;12255;17;12252;22;;;12261;10;12263;15;;;12258.0;0.0
yf_MKC_d14;5900;ASH_COATED_OSMIUM;9904;16;9900;27;;;9922;6;9925;15;;;9913.0;0.0
yf_MKC_d14;5900;INTARIAN_PEPPER_ROOT;12249;11;12247;22;;;12266;11;12268;22;;;12257.5;0.0
yf_MKC_d14;6000;ASH_COATED_OSMIUM;9907;11;9904;22;;;9921;15;9923;14;;;9914.0;0.0
yf_MKC_d14;6000;INTARIAN_PEPPER_ROOT;12254;22;12250;13;;;12260;12;12264;29;;;12257.0;0.0
yf_MKC_d14;6100;ASH_COATED_OSMIUM;9910;16;9906;21;;;9917;17;9919;18;;;9913.5;0.0
yf_MKC_d14;6100;INTARIAN_PEPPER_ROOT;12255;21;12251;25;;;12261;16;12264;22;;;12258.0;0.0
yf_MKC_d14;6200;ASH_COATED_OSMIUM;9911;12;9908;20;;;9917;13;9921;13;;;9914.0;0.0
yf_MKC_d14;6200;INTARIAN_PEPPER_ROOT;12251;14;12248;15;;;12262;14;12265;15;;;12256.5;0.0
yf_MKC_d14;6300;ASH_COATED_OSMIUM;9912;8;9910;20;;;9918;17;9921;18;;;9915.0;0.0
yf_MKC_d14;6300;INTARIAN_PEPPER_ROOT;12254;14;12250;28;;;12260;12;12262;26;;;12257.0;0.0
yf_MKC_d14;6400;ASH_COATED_OSMIUM;9911;18;9909;15;;;9917;7;9921;23;;;9914.0;0.0
yf_MKC_d14;6400;INTARIAN_PEPPER_ROOT;12247;6;12243;23;;;12265;8;12269;18;;;12256.0;0.0
yf_MKC_d14;6500;ASH_COATED_OSMIUM;9911;15;9908;30;;;9917;12;9921;29;;;9914.0;0.0
yf_MKC_d14;6500;INTARIAN_PEPPER_ROOT;12253;11;12251;29;;;12259;14;12263;23;;;12256.0;0.0
yf_MKC_d14;6600;ASH_COATED_OSMIUM;9908;14;9906;18;;;9922;11;9926;24;;;9915.0;0.0
yf_MKC_d14;6600;INTARIAN_PEPPER_ROOT;12251;13;12248;20;;;12261;17;12263;18;;;12256.0;0.0
yf_MKC_d14;6700;ASH_COATED_OSMIUM;9912;19;9909;24;;;9918;20;9920;23;;;9915.0;0.0
yf_MKC_d14;6700;INTARIAN_PEPPER_ROOT;12253;20;12250;22;;;12259;14;12262;15;;;12256.0;0.0
yf_MKC_d14;6800;ASH_COATED_OSMIUM;9911;14;9909;22;;;9917;9;9921;11;;;9914.0;0.0
yf_MKC_d14;6800;INTARIAN_PEPPER_ROOT;12252;18;12248;18;;;12258;13;12262;11;;;12255.0;0.0
yf_MKC_d14;6900;ASH_COATED_OSMIUM;9908;12;9904;19;;;9922;14;9926;17;;;9915.0;0.0
yf_MKC_d14;6900;INTARIAN_PEPPER_ROOT;12252;25;12250;25;;;12258;12;12261;23;;;12255.0;0.0
yf_MKC_d14;7000;ASH_COATED_OSMIUM;9910;22;9906;15;;;9920;15;9922;16;;;9915.0;0.0
yf_MKC_d14;7000;INTARIAN_PEPPER_ROOT;12252;11;12250;23;;;12258;14;12261;11;;;12255.0;0.0
yf_MKC_d14;7100;ASH_COATED_OSMIUM;9898;20;9896;26;;;9932;7;9935;20;;;9915.0;0.0
yf_MKC_d14;7100;INTARIAN_PEPPER_ROOT;12251;5;12247;24;;;12258;18;12261;22;;;12254.5;0.0
yf_MKC_d14;7200;ASH_COATED_OSMIUM;9896;21;9894;27;;;9931;12;9935;18;;;9913.5;0.0
yf_MKC_d14;7200;INTARIAN_PEPPER_ROOT;12252;7;12250;24;;;12258;12;12261;28;;;12255.0;0.0
yf_MKC_d14;7300;ASH_COATED_OSMIUM;9912;13;9910;25;;;9918;20;9921;15;;;9915.0;0.0
yf_MKC_d14;7300;INTARIAN_PEPPER_ROOT;12251;9;12249;23;;;12257;11;12260;14;;;12254.0;0.0
yf_MKC_d14;7400;ASH_COATED_OSMIUM;9912;7;9910;19;;;9918;7;9921;18;;;9915.0;0.0
yf_MKC_d14;7400;INTARIAN_PEPPER_ROOT;12249;11;12247;25;;;12259;8;12262;25;;;12254.0;0.0
yf_MKC_d14;7500;ASH_COATED_OSMIUM;9912;10;9909;29;;;9918;12;9922;14;;;9915.0;0.0
yf_MKC_d14;7500;INTARIAN_PEPPER_ROOT;12251;14;12249;18;;;12257;19;12259;20;;;12254.0;0.0
yf_MKC_d14;7600;ASH_COATED_OSMIUM;9903;15;9901;21;;;9927;17;9929;24;;;9915.0;0.0
yf_MKC_d14;7600;INTARIAN_PEPPER_ROOT;12246;14;12243;31;;;12261;5;12263;18;;;12253.5;0.0
yf_MKC_d14;7700;ASH_COATED_OSMIUM;9912;19;9908;28;;;9918;13;9920;23;;;9915.0;0.0
yf_MKC_d14;7700;INTARIAN_PEPPER_ROOT;12240;12;12236;18;;;12266;16;12268;16;;;12253.0;0.0
yf_MKC_d14;7800;ASH_COATED_OSMIUM;9912;11;9908;16;;;9918;13;9920;18;;;9915.0;0.0
yf_MKC_d14;7800;INTARIAN_PEPPER_ROOT;12248;22;12244;22;;;12259;12;12263;22;;;12253.5;0.0
yf_MKC_d14;7900;ASH_COATED_OSMIUM;9907;5;9904;23;;;9924;12;9927;22;;;9915.5;0.0
yf_MKC_d14;7900;INTARIAN_PEPPER_ROOT;12250;18;12247;20;;;12256;19;12260;25;;;12253.0;0.0
yf_MKC_d14;8000;ASH_COATED_OSMIUM;9912;15;9908;27;;;9918;9;9920;20;;;9915.0;0.0
yf_MKC_d14;8000;INTARIAN_PEPPER_ROOT;12243;14;12241;21;;;12262;16;12264;18;;;12252.5;0.0
yf_MKC_d14;8100;ASH_COATED_OSMIUM;9910;11;9906;11;;;9919;5;9922;14;;;9914.5;0.0
yf_MKC_d14;8100;INTARIAN_PEPPER_ROOT;12250;17;12246;11;;;12256;17;12260;21;;;12253.0;0.0
yf_MKC_d14;8200;ASH_COATED_OSMIUM;9912;18;9908;19;;;9918;19;9920;8;;;9915.0;0.0
yf_MKC_d14;8200;INTARIAN_PEPPER_ROOT;12250;5;12246;25;;;12256;13;12258;15;;;12253.0;0.0
yf_MKC_d14;8300;ASH_COATED_OSMIUM;9912;15;9909;21;;;9918;12;9920;12;;;9915.0;0.0
yf_MKC_d14;8300;INTARIAN_PEPPER_ROOT;12249;12;12245;17;;;12255;8;12257;23;;;12252.0;0.0
yf_MKC_d14;8400;ASH_COATED_OSMIUM;9912;20;9909;19;;;9918;20;9922;21;;;9915.0;0.0
yf_MKC_d14;8400;INTARIAN_PEPPER_ROOT;12234;27;12232;16;;;12269;13;12271;20;;;12251.5;0.0
yf_MKC_d14;8500;ASH_COATED_OSMIUM;9912;10;9910;13;;;9920;12;9924;19;;;9916.0;0.0
yf_MKC_d14;8500;INTARIAN_PEPPER_ROOT;12248;12;12245;21;;;12254;17;12257;18;;;12251.0;0.0
yf_MKC_d14;8600;ASH_COATED_OSMIUM;9909;19;9905;17;;;9923;13;9926;21;;;9916.0;0.0
yf_MKC_d14;8600;INTARIAN_PEPPER_ROOT;12248;15;12245;19;;;12254;12;12257;19;;;12251.0;0.0
yf_MKC_d14;8700;ASH_COATED_OSMIUM;9912;15;9910;14;;;9918;17;9920;29;;;9915.0;0.0
yf_MKC_d14;8700;INTARIAN_PEPPER_ROOT;12248;18;12244;18;;;12254;17;12256;25;;;12251.0;0.0
yf_MKC_d14;8800;ASH_COATED_OSMIUM;9912;20;9910;16;;;9918;8;9922;18;;;9915.0;0.0
yf_MKC_d14;8800;INTARIAN_PEPPER_ROOT;12247;12;12244;19;;;12256;6;12258;15;;;12251.5;0.0
yf_MKC_d14;8900;ASH_COATED_OSMIUM;9912;13;9910;14;;;9918;6;9920;26;;;9915.0;0.0
yf_MKC_d14;8900;INTARIAN_PEPPER_ROOT;12248;17;12245;25;;;12254;17;12256;31;;;12251.0;0.0
yf_MKC_d14;9000;ASH_COATED_OSMIUM;9908;19;9906;17;;;9924;17;9926;18;;;9916.0;0.0
yf_MKC_d14;9000;INTARIAN_PEPPER_ROOT;12247;17;12243;24;;;12253;19;12256;22;;;12250.0;0.0
yf_MKC_d14;9100;ASH_COATED_OSMIUM;9911;11;9909;22;;;9920;17;9922;21;;;9915.5;0.0
yf_MKC_d14;9100;INTARIAN_PEPPER_ROOT;12247;9;12245;16;;;12253;10;12256;24;;;12250.0;0.0
yf_MKC_d14;9200;ASH_COATED_OSMIUM;9913;10;9909;11;;;9919;13;9923;23;;;9916.0;0.0
yf_MKC_d14;9200;INTARIAN_PEPPER_ROOT;12241;13;12238;24;;;12259;19;12262;20;;;12250.0;0.0
yf_MKC_d14;9300;ASH_COATED_OSMIUM;9906;5;9903;14;;;9926;9;9930;14;;;9916.0;0.0
yf_MKC_d14;9300;INTARIAN_PEPPER_ROOT;12246;19;12244;17;;;12254;16;12258;22;;;12250.0;0.0
yf_MKC_d14;9400;ASH_COATED_OSMIUM;9912;17;9909;20;;;9918;18;9921;22;;;9915.0;0.0
yf_MKC_d14;9400;INTARIAN_PEPPER_ROOT;12247;23;12244;17;;;12253;8;12257;21;;;12250.0;0.0
yf_MKC_d14;9500;ASH_COATED_OSMIUM;9913;10;9910;9;;;9920;16;9924;30;;;9916.5;0.0
yf_MKC_d14;9500;INTARIAN_PEPPER_ROOT;12244;7;12242;21;;;12255;19;12257;16;;;12249.5;0.0
yf_MKC_d14;9600;ASH_COATED_OSMIUM;9913;9;9911;26;;;9919;10;9923;21;;;9916.0;0.0
yf_MKC_d14;9600;INTARIAN_PEPPER_ROOT;12246;19;12243;17;;;12252;19;12255;29;;;12249.0;0.0
yf_MKC_d14;9700;ASH_COATED_OSMIUM;9913;24;9910;19;;;9919;15;9922;18;;;9916.0;0.0
yf_MKC_d14;9700;INTARIAN_PEPPER_ROOT;12246;11;12243;25;;;12252;19;12255;24;;;12249.0;0.0
yf_MKC_d14;9800;ASH_COATED_OSMIUM;9913;20;9909;15;;;9919;19;9922;17;;;9916.0;0.0
yf_MKC_d14;9800;INTARIAN_PEPPER_ROOT;12245;11;12241;22;;;12251;14;12253;18;;;12248.0;0.0
yf_MKC_d14;9900;ASH_COATED_OSMIUM;9913;17;9911;17;;;9919;17;9922;21;;;9916.0;0.0
yf_MKC_d14;9900;INTARIAN_PEPPER_ROOT;12245;17;12241;10;;;12251;22;12255;27;;;12248.0;0.0
yf_MKC_d14;10000;ASH_COATED_OSMIUM;9903;18;9901;25;;;9929;17;9932;20;;;9916.0;0.0
yf_MKC_d14;10000;INTARIAN_PEPPER_ROOT;12243;20;12240;17;;;12253;15;12255;20;;;12248.0;0.0
yf_MKC_d14;10100;ASH_COATED_OSMIUM;9913;11;9910;22;;;9919;9;9921;12;;;9916.0;0.0
yf_MKC_d14;10100;INTARIAN_PEPPER_ROOT;12240;18;12238;22;;;12256;14;12259;27;;;12248.0;0.0
yf_MKC_d14;10200;ASH_COATED_OSMIUM;9907;13;9904;22;;;9926;16;9928;16;;;9916.5;0.0
yf_MKC_d14;10200;INTARIAN_PEPPER_ROOT;12243;6;12239;14;;;12251;13;12253;19;;;12247.0;0.0
yf_MKC_d14;10300;ASH_COATED_OSMIUM;9913;24;9911;9;;;9919;19;9922;17;;;9916.0;0.0
yf_MKC_d14;10300;INTARIAN_PEPPER_ROOT;12240;24;12236;18;;;12254;14;12258;27;;;12247.0;0.0
yf_MKC_d14;10400;ASH_COATED_OSMIUM;9914;12;9912;27;;;9920;16;9922;26;;;9917.0;0.0
yf_MKC_d14;10400;INTARIAN_PEPPER_ROOT;12244;17;12240;17;;;12250;13;12254;24;;;12247.0;0.0
yf_MKC_d14;10500;ASH_COATED_OSMIUM;9914;17;9910;22;;;9920;11;9922;28;;;9917.0;0.0
yf_MKC_d14;10500;INTARIAN_PEPPER_ROOT;12242;17;12238;14;;;12252;10;12254;18;;;12247.0;0.0
yf_MKC_d14;10600;ASH_COATED_OSMIUM;9912;15;9910;21;;;9921;8;9925;20;;;9916.5;0.0
yf_MKC_d14;10600;INTARIAN_PEPPER_ROOT;12238;15;12236;21;;;12256;24;12260;25;;;12247.0;0.0
yf_MKC_d14;10700;ASH_COATED_OSMIUM;9914;13;9911;17;;;9920;12;9924;16;;;9917.0;0.0
yf_MKC_d14;10700;INTARIAN_PEPPER_ROOT;12237;17;12234;19;;;12254;23;12258;25;;;12245.5;0.0
yf_MKC_d14;10800;ASH_COATED_OSMIUM;9914;18;9912;13;;;9920;11;9924;16;;;9917.0;0.0
yf_MKC_d14;10800;INTARIAN_PEPPER_ROOT;12242;19;12239;28;;;12251;5;12255;16;;;12246.5;0.0
yf_MKC_d14;10900;ASH_COATED_OSMIUM;9914;16;9912;18;;;9920;10;9924;11;;;9917.0;0.0
yf_MKC_d14;10900;INTARIAN_PEPPER_ROOT;12234;10;12230;28;;;12257;25;12260;26;;;12245.5;0.0
yf_MKC_d14;11000;ASH_COATED_OSMIUM;9914;13;9912;12;;;9920;25;9923;26;;;9917.0;0.0
yf_MKC_d14;11000;INTARIAN_PEPPER_ROOT;12242;12;12240;24;;;12248;10;12252;25;;;12245.0;0.0
yf_MKC_d14;11100;ASH_COATED_OSMIUM;9914;11;9910;20;;;9921;6;9925;18;;;9917.5;0.0
yf_MKC_d14;11100;INTARIAN_PEPPER_ROOT;12242;11;12239;20;;;12250;11;12252;24;;;12246.0;0.0
yf_MKC_d14;11200;ASH_COATED_OSMIUM;9914;13;9911;15;;;9920;17;9924;16;;;9917.0;0.0
yf_MKC_d14;11200;INTARIAN_PEPPER_ROOT;12240;13;12237;26;;;12251;20;12253;13;;;12245.5;0.0
yf_MKC_d14;11300;ASH_COATED_OSMIUM;9915;10;9913;27;;;9921;18;9924;23;;;9918.0;0.0
yf_MKC_d14;11300;INTARIAN_PEPPER_ROOT;12241;19;12239;10;;;12251;19;12254;22;;;12246.0;0.0
yf_MKC_d14;11400;ASH_COATED_OSMIUM;9913;16;9910;18;;;9921;18;9924;24;;;9917.0;0.0
yf_MKC_d14;11400;INTARIAN_PEPPER_ROOT;12231;15;12227;20;;;12261;11;12265;19;;;12246.0;0.0
yf_MKC_d14;11500;ASH_COATED_OSMIUM;9914;12;9911;23;;;9922;18;9924;29;;;9918.0;0.0
yf_MKC_d14;11500;INTARIAN_PEPPER_ROOT;12241;9;12239;17;;;12248;12;12250;26;;;12244.5;0.0
yf_MKC_d14;11600;ASH_COATED_OSMIUM;9914;16;9911;18;;;9920;17;9924;23;;;9917.0;0.0
yf_MKC_d14;11600;INTARIAN_PEPPER_ROOT;12241;12;12237;19;;;12247;16;12249;8;;;12244.0;0.0
yf_MKC_d14;11700;ASH_COATED_OSMIUM;9914;12;9911;28;;;9920;9;9923;17;;;9917.0;0.0
yf_MKC_d14;11700;INTARIAN_PEPPER_ROOT;12240;9;12238;24;;;12248;21;12250;18;;;12244.0;0.0
yf_MKC_d14;11800;ASH_COATED_OSMIUM;9912;19;9908;20;;;9924;12;9928;21;;;9918.0;0.0
yf_MKC_d14;11800;INTARIAN_PEPPER_ROOT;12241;10;12237;14;;;12247;12;12251;25;;;12244.0;0.0
yf_MKC_d14;11900;ASH_COATED_OSMIUM;9915;7;9911;18;;;9921;9;9925;13;;;9918.0;0.0
yf_MKC_d14;11900;INTARIAN_PEPPER_ROOT;12241;5;12237;11;;;12247;16;12249;21;;;12244.0;0.0
yf_MKC_d14;12000;ASH_COATED_OSMIUM;9914;18;9911;12;;;9920;9;9922;24;;;9917.0;0.0
yf_MKC_d14;12000;INTARIAN_PEPPER_ROOT;12240;21;12236;15;;;12246;17;12249;28;;;12243.0;0.0
yf_MKC_d14;12100;ASH_COATED_OSMIUM;9914;6;9912;21;;;9920;16;9923;27;;;9917.0;0.0
yf_MKC_d14;12100;INTARIAN_PEPPER_ROOT;12236;23;12234;24;;;12250;18;12254;19;;;12243.0;0.0
yf_MKC_d14;12200;ASH_COATED_OSMIUM;9910;11;9907;25;;;9926;14;9929;11;;;9918.0;0.0
yf_MKC_d14;12200;INTARIAN_PEPPER_ROOT;12238;11;12236;23;;;12248;11;12251;15;;;12243.0;0.0
yf_MKC_d14;12300;ASH_COATED_OSMIUM;9914;20;9911;19;;;9920;15;9923;18;;;9917.0;0.0
yf_MKC_d14;12300;INTARIAN_PEPPER_ROOT;12240;17;12237;15;;;12247;5;12250;15;;;12243.5;0.0
yf_MKC_d14;12400;ASH_COATED_OSMIUM;9915;17;9911;21;;;9921;10;9925;28;;;9918.0;0.0
yf_MKC_d14;12400;INTARIAN_PEPPER_ROOT;12240;14;12236;23;;;12246;13;12248;21;;;12243.0;0.0
yf_MKC_d14;12500;ASH_COATED_OSMIUM;9914;17;9910;24;;;9922;17;9924;28;;;9918.0;0.0
yf_MKC_d14;12500;INTARIAN_PEPPER_ROOT;12229;13;12227;24;;;12254;21;12258;13;;;12241.5;0.0
yf_MKC_d14;12600;ASH_COATED_OSMIUM;9914;13;9910;22;;;9920;7;9924;19;;;9917.0;0.0
yf_MKC_d14;12600;INTARIAN_PEPPER_ROOT;12239;17;12235;21;;;12245;13;12247;11;;;12242.0;0.0
yf_MKC_d14;12700;ASH_COATED_OSMIUM;9915;18;9913;8;;;9921;16;9925;26;;;9918.0;0.0
yf_MKC_d14;12700;INTARIAN_PEPPER_ROOT;12234;20;12230;22;;;12250;12;12252;11;;;12242.0;0.0
yf_MKC_d14;12800;ASH_COATED_OSMIUM;9912;10;9910;21;;;9924;15;9926;8;;;9918.0;0.0
yf_MKC_d14;12800;INTARIAN_PEPPER_ROOT;12232;14;12229;27;;;12251;13;12255;18;;;12241.5;0.0
yf_MKC_d14;12900;ASH_COATED_OSMIUM;9900;18;9898;20;;;9936;19;9938;18;;;9918.0;0.0
yf_MKC_d14;12900;INTARIAN_PEPPER_ROOT;12238;10;12234;31;;;12244;19;12247;15;;;12241.0;0.0
yf_MKC_d14;13000;ASH_COATED_OSMIUM;9915;26;9912;20;;;9921;22;9924;31;;;9918.0;0.0
yf_MKC_d14;13000;INTARIAN_PEPPER_ROOT;12236;13;12232;23;;;12245;16;12247;8;;;12240.5;0.0
yf_MKC_d14;13100;ASH_COATED_OSMIUM;9915;13;9912;17;;;9921;14;9924;17;;;9918.0;0.0
yf_MKC_d14;13100;INTARIAN_PEPPER_ROOT;12238;11;12235;22;;;12244;12;12246;23;;;12241.0;0.0
yf_MKC_d14;13200;ASH_COATED_OSMIUM;9915;16;9911;20;;;9921;10;9924;23;;;9918.0;0.0
yf_MKC_d14;13200;INTARIAN_PEPPER_ROOT;12230;20;12226;23;;;12251;23;12255;22;;;12240.5;0.0
yf_MKC_d14;13300;ASH_COATED_OSMIUM;9895;24;9892;10;;;9941;16;9943;23;;;9918.0;0.0
yf_MKC_d14;13300;INTARIAN_PEPPER_ROOT;12235;18;12233;21;;;12245;13;12248;17;;;12240.0;0.0
yf_MKC_d14;13400;ASH_COATED_OSMIUM;9904;11;9902;17;;;9932;17;9935;20;;;9918.0;0.0
yf_MKC_d14;13400;INTARIAN_PEPPER_ROOT;12237;6;12233;21;;;12243;17;12245;25;;;12240.0;0.0
yf_MKC_d14;13500;ASH_COATED_OSMIUM;9916;20;9913;14;;;9922;15;9924;23;;;9919.0;0.0
yf_MKC_d14;13500;INTARIAN_PEPPER_ROOT;12237;15;12235;27;;;12243;13;12245;22;;;12240.0;0.0
yf_MKC_d14;13600;ASH_COATED_OSMIUM;9914;9;9911;19;;;9924;13;9926;18;;;9919.0;0.0
yf_MKC_d14;13600;INTARIAN_PEPPER_ROOT;12237;18;12233;23;;;12243;13;12246;20;;;12240.0;0.0
yf_MKC_d14;13700;ASH_COATED_OSMIUM;9915;20;9912;17;;;9921;22;9924;22;;;9918.0;0.0
yf_MKC_d14;13700;INTARIAN_PEPPER_ROOT;12237;20;12233;24;;;12243;16;12245;18;;;12240.0;0.0
yf_MKC_d14;13800;ASH_COATED_OSMIUM;9911;12;9908;8;;;9925;5;9928;15;;;9918.0;0.0
yf_MKC_d14;13800;INTARIAN_PEPPER_ROOT;12236;25;12233;18;;;12242;11;12246;9;;;12239.0;0.0
yf_MKC_d14;13900;ASH_COATED_OSMIUM;9915;23;9911;13;;;9923;16;9926;13;;;9919.0;0.0
yf_MKC_d14;13900;INTARIAN_PEPPER_ROOT;12226;14;12222;23;;;12251;11;12255;22;;;12238.5;0.0
yf_MKC_d14;14000;ASH_COATED_OSMIUM;9915;18;9911;26;;;9921;15;9924;23;;;9918.0;0.0
yf_MKC_d14;14000;INTARIAN_PEPPER_ROOT;12233;15;12230;20;;;12243;27;12245;23;;;12238.0;0.0
yf_MKC_d14;14100;ASH_COATED_OSMIUM;9916;11;9914;21;;;9922;13;9925;22;;;9919.0;0.0
yf_MKC_d14;14100;INTARIAN_PEPPER_ROOT;12235;18;12233;21;;;12241;16;12245;14;;;12238.0;0.0
yf_MKC_d14;14200;ASH_COATED_OSMIUM;9916;16;9914;22;;;9922;23;9926;13;;;9919.0;0.0
yf_MKC_d14;14200;INTARIAN_PEPPER_ROOT;12235;21;12231;20;;;12241;5;12243;20;;;12238.0;0.0
yf_MKC_d14;14300;ASH_COATED_OSMIUM;9913;15;9910;20;;;9926;9;9929;19;;;9919.5;0.0
yf_MKC_d14;14300;INTARIAN_PEPPER_ROOT;12234;11;12230;18;;;12242;23;12245;8;;;12238.0;0.0
yf_MKC_d14;14400;ASH_COATED_OSMIUM;9916;5;9912;22;;;9922;24;9925;23;;;9919.0;0.0
yf_MKC_d14;14400;INTARIAN_PEPPER_ROOT;12235;14;12233;19;;;12241;14;12243;24;;;12238.0;0.0
yf_MKC_d14;14500;ASH_COATED_OSMIUM;9916;10;9914;24;;;9922;13;9926;20;;;9919.0;0.0
yf_MKC_d14;14500;INTARIAN_PEPPER_ROOT;12235;10;12232;26;;;12241;15;12243;18;;;12238.0;0.0
yf_MKC_d14;14600;ASH_COATED_OSMIUM;9916;12;9914;21;;;9923;10;9926;21;;;9919.5;0.0
yf_MKC_d14;14600;INTARIAN_PEPPER_ROOT;12235;13;12231;16;;;12241;17;12244;22;;;12238.0;0.0
yf_MKC_d14;14700;ASH_COATED_OSMIUM;9917;15;9915;19;;;9923;16;9925;21;;;9920.0;0.0
yf_MKC_d14;14700;INTARIAN_PEPPER_ROOT;12234;14;12230;23;;;12240;12;12242;24;;;12237.0;0.0
yf_MKC_d14;14800;ASH_COATED_OSMIUM;9916;9;9912;15;;;9922;16;9924;28;;;9919.0;0.0
yf_MKC_d14;14800;INTARIAN_PEPPER_ROOT;12234;15;12230;17;;;12240;7;12244;31;;;12237.0;0.0
yf_MKC_d14;14900;ASH_COATED_OSMIUM;9915;13;9911;22;;;9923;22;9926;18;;;9919.0;0.0
yf_MKC_d14;14900;INTARIAN_PEPPER_ROOT;12234;12;12231;16;;;12240;9;12243;19;;;12237.0;0.0
yf_MKC_d14;15000;ASH_COATED_OSMIUM;9909;9;9906;28;;;9930;5;9934;30;;;9919.5;0.0
yf_MKC_d14;15000;INTARIAN_PEPPER_ROOT;12233;14;12229;35;;;12239;14;12241;20;;;12236.0;0.0
yf_MKC_d14;15100;ASH_COATED_OSMIUM;9916;15;9912;20;;;9922;17;9924;23;;;9919.0;0.0
yf_MKC_d14;15100;INTARIAN_PEPPER_ROOT;12233;11;12230;12;;;12239;17;12242;15;;;12236.0;0.0
yf_MKC_d14;15200;ASH_COATED_OSMIUM;9917;12;9913;23;;;9923;6;9926;14;;;9920.0;0.0
yf_MKC_d14;15200;INTARIAN_PEPPER_ROOT;12233;16;12230;16;;;12239;12;12241;26;;;12236.0;0.0
yf_MKC_d14;15300;ASH_COATED_OSMIUM;9916;24;9913;25;;;9922;20;9924;13;;;9919.0;0.0
yf_MKC_d14;15300;INTARIAN_PEPPER_ROOT;12228;15;12224;31;;;12242;10;12245;18;;;12235.0;0.0
yf_MKC_d14;15400;ASH_COATED_OSMIUM;9915;17;9912;14;;;9923;15;9927;21;;;9919.0;0.0
yf_MKC_d14;15400;INTARIAN_PEPPER_ROOT;12232;12;12229;20;;;12238;12;12241;17;;;12235.0;0.0
yf_MKC_d14;15500;ASH_COATED_OSMIUM;9916;16;9914;15;;;9922;19;9925;8;;;9919.0;0.0
yf_MKC_d14;15500;INTARIAN_PEPPER_ROOT;12233;9;12229;19;;;12239;5;12241;23;;;12236.0;0.0
yf_MKC_d14;15600;ASH_COATED_OSMIUM;9912;14;9909;19;;;9928;11;9930;15;;;9920.0;0.0
yf_MKC_d14;15600;INTARIAN_PEPPER_ROOT;12232;14;12229;15;;;12238;18;12240;14;;;12235.0;0.0
yf_MKC_d14;15700;ASH_COATED_OSMIUM;9906;13;9904;15;;;9934;17;9937;14;;;9920.0;0.0
yf_MKC_d14;15700;INTARIAN_PEPPER_ROOT;12232;14;12230;26;;;12238;11;12241;13;;;12235.0;0.0
yf_MKC_d14;15800;ASH_COATED_OSMIUM;9916;16;9913;10;;;9925;21;9927;27;;;9920.5;0.0
yf_MKC_d14;15800;INTARIAN_PEPPER_ROOT;12230;22;12228;8;;;12239;20;12241;22;;;12234.5;0.0
yf_MKC_d14;15900;ASH_COATED_OSMIUM;9906;14;9904;21;;;9933;10;9935;17;;;9919.5;0.0
yf_MKC_d14;15900;INTARIAN_PEPPER_ROOT;12232;15;12230;19;;;12238;9;12240;23;;;12235.0;0.0
yf_MKC_d14;16000;ASH_COATED_OSMIUM;9917;14;9913;26;;;9923;20;9925;17;;;9920.0;0.0
yf_MKC_d14;16000;INTARIAN_PEPPER_ROOT;12229;16;12227;16;;;12240;8;12242;17;;;12234.5;0.0
yf_MKC_d14;16100;ASH_COATED_OSMIUM;9907;19;9905;12;;;9933;13;9935;13;;;9920.0;0.0
yf_MKC_d14;16100;INTARIAN_PEPPER_ROOT;12231;22;12227;18;;;12237;16;12241;21;;;12234.0;0.0
yf_MKC_d14;16200;ASH_COATED_OSMIUM;9917;26;9913;9;;;9923;9;9926;22;;;9920.0;0.0
yf_MKC_d14;16200;INTARIAN_PEPPER_ROOT;12230;16;12228;23;;;12236;19;12239;17;;;12233.0;0.0
yf_MKC_d14;16300;ASH_COATED_OSMIUM;9917;13;9914;19;;;9923;12;9925;14;;;9920.0;0.0
yf_MKC_d14;16300;INTARIAN_PEPPER_ROOT;12230;17;12227;21;;;12236;10;12238;23;;;12233.0;0.0
yf_MKC_d14;16400;ASH_COATED_OSMIUM;9917;20;9913;24;;;9923;18;9925;17;;;9920.0;0.0
yf_MKC_d14;16400;INTARIAN_PEPPER_ROOT;12230;11;12228;15;;;12236;20;12239;18;;;12233.0;0.0
yf_MKC_d14;16500;ASH_COATED_OSMIUM;9917;14;9915;16;;;9923;9;9925;15;;;9920.0;0.0
yf_MKC_d14;16500;INTARIAN_PEPPER_ROOT;12230;16;12227;21;;;12236;12;12240;9;;;12233.0;0.0
yf_MKC_d14;16600;ASH_COATED_OSMIUM;9915;16;9912;17;;;9925;14;9928;17;;;9920.0;0.0
yf_MKC_d14;16600;INTARIAN_PEPPER_ROOT;12230;8;12227;16;;;12236;8;12239;18;;;12233.0;0.0
yf_MKC_d14;16700;ASH_COATED_OSMIUM;9915;11;9911;18;;;9923;20;9926;17;;;9919.0;0.0
yf_MKC_d14;16700;INTARIAN_PEPPER_ROOT;12226;19;12223;22;;;12238;12;12240;18;;;12232.0;0.0
yf_MKC_d14;16800;ASH_COATED_OSMIUM;9917;13;9915;19;;;9923;16;9926;22;;;9920.0;0.0
yf_MKC_d14;16800;INTARIAN_PEPPER_ROOT;12229;8;12227;19;;;12235;10;12237;23;;;12232.0;0.0
yf_MKC_d14;16900;ASH_COATED_OSMIUM;9918;12;9916;21;;;9924;8;9927;24;;;9921.0;0.0
yf_MKC_d14;16900;INTARIAN_PEPPER_ROOT;12227;25;12225;18;;;12237;11;12240;18;;;12232.0;0.0
yf_MKC_d14;17000;ASH_COATED_OSMIUM;9918;16;9916;22;;;9924;5;9928;14;;;9921.0;0.0
yf_MKC_d14;17000;INTARIAN_PEPPER_ROOT;12229;15;12226;29;;;12235;16;12237;24;;;12232.0;0.0
yf_MKC_d14;17100;ASH_COATED_OSMIUM;9918;20;9914;27;;;9924;23;9928;18;;;9921.0;0.0
yf_MKC_d14;17100;INTARIAN_PEPPER_ROOT;12229;11;12226;22;;;12235;12;12239;23;;;12232.0;0.0
yf_MKC_d14;17200;ASH_COATED_OSMIUM;9917;18;9914;18;;;9923;9;9927;9;;;9920.0;0.0
yf_MKC_d14;17200;INTARIAN_PEPPER_ROOT;12229;9;12226;16;;;12235;14;12239;19;;;12232.0;0.0
yf_MKC_d14;17300;ASH_COATED_OSMIUM;9918;18;9915;25;;;9924;11;9927;22;;;9921.0;0.0
yf_MKC_d14;17300;INTARIAN_PEPPER_ROOT;12229;5;12226;30;;;12235;10;12239;20;;;12232.0;0.0
yf_MKC_d14;17400;ASH_COATED_OSMIUM;9916;13;9913;21;;;9927;16;9931;17;;;9921.5;0.0
yf_MKC_d14;17400;INTARIAN_PEPPER_ROOT;12229;18;12225;22;;;12235;9;12237;15;;;12232.0;0.0
yf_MKC_d14;17500;ASH_COATED_OSMIUM;9918;7;9915;17;;;9924;18;9928;19;;;9921.0;0.0
yf_MKC_d14;17500;INTARIAN_PEPPER_ROOT;12228;12;12225;26;;;12238;22;12242;10;;;12233.0;0.0
yf_MKC_d14;17600;ASH_COATED_OSMIUM;9917;11;9913;14;;;9924;15;9927;17;;;9920.5;0.0
yf_MKC_d14;17600;INTARIAN_PEPPER_ROOT;12230;15;12226;21;;;12236;18;12240;20;;;12233.0;0.0
yf_MKC_d14;17700;ASH_COATED_OSMIUM;9918;13;9916;16;;;9924;21;9926;19;;;9921.0;0.0
yf_MKC_d14;17700;INTARIAN_PEPPER_ROOT;12229;5;12227;16;;;12236;13;12238;8;;;12232.5;0.0
yf_MKC_d14;17800;ASH_COATED_OSMIUM;9918;14;9916;18;;;9924;16;9927;19;;;9921.0;0.0
yf_MKC_d14;17800;INTARIAN_PEPPER_ROOT;12230;13;12227;21;;;12236;14;12239;11;;;12233.0;0.0
yf_MKC_d14;17900;ASH_COATED_OSMIUM;9918;20;9914;14;;;9924;14;9928;16;;;9921.0;0.0
yf_MKC_d14;17900;INTARIAN_PEPPER_ROOT;12230;19;12228;18;;;12236;8;12239;16;;;12233.0;0.0
yf_MKC_d14;18000;ASH_COATED_OSMIUM;9918;17;9915;16;;;9924;19;9926;17;;;9921.0;0.0
yf_MKC_d14;18000;INTARIAN_PEPPER_ROOT;12225;15;12222;22;;;12242;16;12244;25;;;12233.5;0.0
yf_MKC_d14;18100;ASH_COATED_OSMIUM;9915;18;9913;22;;;9928;13;9931;23;;;9921.5;0.0
yf_MKC_d14;18100;INTARIAN_PEPPER_ROOT;12231;11;12228;17;;;12237;12;12241;20;;;12234.0;0.0
yf_MKC_d14;18200;ASH_COATED_OSMIUM;9918;13;9916;23;;;9924;12;9927;10;;;9921.0;0.0
yf_MKC_d14;18200;INTARIAN_PEPPER_ROOT;12229;11;12226;27;;;12239;23;12243;24;;;12234.0;0.0
yf_MKC_d14;18300;ASH_COATED_OSMIUM;9918;13;9915;15;;;9924;11;9926;24;;;9921.0;0.0
yf_MKC_d14;18300;INTARIAN_PEPPER_ROOT;12231;14;12228;25;;;12237;14;12239;12;;;12234.0;0.0
yf_MKC_d14;18400;ASH_COATED_OSMIUM;9915;15;9911;19;;;9927;23;9930;19;;;9921.0;0.0
yf_MKC_d14;18400;INTARIAN_PEPPER_ROOT;12231;12;12228;21;;;12237;20;12241;11;;;12234.0;0.0
yf_MKC_d14;18500;ASH_COATED_OSMIUM;9901;12;9897;19;;;9941;12;9945;23;;;9921.0;0.0
yf_MKC_d14;18500;INTARIAN_PEPPER_ROOT;12229;8;12226;21;;;12241;20;12245;19;;;12235.0;0.0
yf_MKC_d14;18600;ASH_COATED_OSMIUM;9918;10;9914;21;;;9924;21;9928;21;;;9921.0;0.0
yf_MKC_d14;18600;INTARIAN_PEPPER_ROOT;12231;15;12227;20;;;12237;14;12239;17;;;12234.0;0.0
yf_MKC_d14;18700;ASH_COATED_OSMIUM;9918;23;9915;16;;;9926;8;9928;23;;;9922.0;0.0
yf_MKC_d14;18700;INTARIAN_PEPPER_ROOT;12231;17;12229;19;;;12237;10;12239;18;;;12234.0;0.0
yf_MKC_d14;18800;ASH_COATED_OSMIUM;9918;9;9916;21;;;9924;25;9926;12;;;9921.0;0.0
yf_MKC_d14;18800;INTARIAN_PEPPER_ROOT;12232;15;12229;13;;;12238;13;12242;23;;;12235.0;0.0
yf_MKC_d14;18900;ASH_COATED_OSMIUM;9918;13;9915;22;;;9925;11;9928;20;;;9921.5;0.0
yf_MKC_d14;18900;INTARIAN_PEPPER_ROOT;12224;22;12222;15;;;12247;20;12251;24;;;12235.5;0.0
yf_MKC_d14;19000;ASH_COATED_OSMIUM;9919;13;9917;23;;;9925;14;9927;15;;;9922.0;0.0
yf_MKC_d14;19000;INTARIAN_PEPPER_ROOT;12224;11;12221;22;;;12246;15;12248;32;;;12235.0;0.0
yf_MKC_d14;19100;ASH_COATED_OSMIUM;9916;17;9913;18;;;9928;14;9931;18;;;9922.0;0.0
yf_MKC_d14;19100;INTARIAN_PEPPER_ROOT;12232;24;12229;18;;;12238;20;12240;17;;;12235.0;0.0
yf_MKC_d14;19200;ASH_COATED_OSMIUM;9920;22;9918;20;;;9926;6;9928;18;;;9923.0;0.0
yf_MKC_d14;19200;INTARIAN_PEPPER_ROOT;12232;21;12229;18;;;12238;16;12241;11;;;12235.0;0.0
yf_MKC_d14;19300;ASH_COATED_OSMIUM;9919;10;9915;22;;;9925;14;9927;23;;;9922.0;0.0
yf_MKC_d14;19300;INTARIAN_PEPPER_ROOT;12231;14;12228;29;;;12239;5;12243;17;;;12235.0;0.0
yf_MKC_d14;19400;ASH_COATED_OSMIUM;9920;12;9917;18;;;9926;17;9929;21;;;9923.0;0.0
yf_MKC_d14;19400;INTARIAN_PEPPER_ROOT;12233;7;12231;26;;;12239;20;12243;25;;;12236.0;0.0
yf_MKC_d14;19500;ASH_COATED_OSMIUM;9916;18;9912;25;;;9930;9;9934;23;;;9923.0;0.0
yf_MKC_d14;19500;INTARIAN_PEPPER_ROOT;12233;11;12229;24;;;12239;14;12243;27;;;12236.0;0.0
yf_MKC_d14;19600;ASH_COATED_OSMIUM;9919;14;9916;22;;;9925;10;9929;19;;;9922.0;0.0
yf_MKC_d14;19600;INTARIAN_PEPPER_ROOT;12232;10;12230;18;;;12240;21;12243;17;;;12236.0;0.0
yf_MKC_d14;19700;ASH_COATED_OSMIUM;9916;12;9914;23;;;9928;18;9930;17;;;9922.0;0.0
yf_MKC_d14;19700;INTARIAN_PEPPER_ROOT;12233;9;12229;11;;;12239;9;12241;13;;;12236.0;0.0
yf_MKC_d14;19800;ASH_COATED_OSMIUM;9919;12;9915;17;;;9925;21;9928;19;;;9922.0;0.0
yf_MKC_d14;19800;INTARIAN_PEPPER_ROOT;12233;15;12229;25;;;12239;7;12241;16;;;12236.0;0.0
yf_MKC_d14;19900;ASH_COATED_OSMIUM;9919;15;9916;19;;;9925;14;9929;20;;;9922.0;0.0
yf_MKC_d14;19900;INTARIAN_PEPPER_ROOT;12234;9;12231;19;;;12240;15;12242;18;;;12237.0;0.0
yf_MKC_d14;20000;ASH_COATED_OSMIUM;9919;13;9916;23;;;9925;8;9927;22;;;9922.0;0.0
yf_MKC_d14;20000;INTARIAN_PEPPER_ROOT;12226;15;12222;9;;;12246;14;12248;18;;;12236.0;0.0
yf_MKC_d14;20100;ASH_COATED_OSMIUM;9920;14;9918;24;;;9926;11;9928;12;;;9923.0;0.0
yf_MKC_d14;20100;INTARIAN_PEPPER_ROOT;12234;9;12232;22;;;12240;18;12243;20;;;12237.0;0.0
yf_MKC_d14;20200;ASH_COATED_OSMIUM;9920;22;9916;20;;;9926;5;9929;19;;;9923.0;0.0
yf_MKC_d14;20200;INTARIAN_PEPPER_ROOT;12233;12;12229;28;;;12239;13;12241;24;;;12236.0;0.0
yf_MKC_d14;20300;ASH_COATED_OSMIUM;9914;15;9912;18;;;9931;18;9934;19;;;9922.5;0.0
yf_MKC_d14;20300;INTARIAN_PEPPER_ROOT;12234;18;12232;22;;;12240;11;12243;24;;;12237.0;0.0
yf_MKC_d14;20400;ASH_COATED_OSMIUM;9917;12;9914;16;;;9928;11;9932;20;;;9922.5;0.0
yf_MKC_d14;20400;INTARIAN_PEPPER_ROOT;12224;19;12221;30;;;12250;20;12252;8;;;12237.0;0.0
yf_MKC_d14;20500;ASH_COATED_OSMIUM;9919;9;9916;16;;;9926;6;9928;22;;;9922.5;0.0
yf_MKC_d14;20500;INTARIAN_PEPPER_ROOT;12234;17;12232;16;;;12240;16;12243;18;;;12237.0;0.0
yf_MKC_d14;20600;ASH_COATED_OSMIUM;9920;10;9917;17;;;9926;16;9930;18;;;9923.0;0.0
yf_MKC_d14;20600;INTARIAN_PEPPER_ROOT;12232;20;12230;17;;;12242;5;12245;16;;;12237.0;0.0
yf_MKC_d14;20700;ASH_COATED_OSMIUM;9919;7;9915;24;;;9926;11;9929;20;;;9922.5;0.0
yf_MKC_d14;20700;INTARIAN_PEPPER_ROOT;12222;22;12219;22;;;12253;19;12255;18;;;12237.5;0.0
yf_MKC_d14;20800;ASH_COATED_OSMIUM;9917;11;9914;21;;;9928;11;9931;23;;;9922.5;0.0
yf_MKC_d14;20800;INTARIAN_PEPPER_ROOT;12231;7;12227;21;;;12243;12;12247;27;;;12237.0;0.0
yf_MKC_d14;20900;ASH_COATED_OSMIUM;9917;10;9915;17;;;9930;11;9933;18;;;9923.5;0.0
yf_MKC_d14;20900;INTARIAN_PEPPER_ROOT;12235;15;12231;12;;;12241;14;12243;16;;;12238.0;0.0
yf_MKC_d14;21000;ASH_COATED_OSMIUM;9921;17;9918;11;;;9927;12;9931;25;;;9924.0;0.0
yf_MKC_d14;21000;INTARIAN_PEPPER_ROOT;12229;21;12225;16;;;12246;19;12249;17;;;12237.5;0.0
yf_MKC_d14;21100;ASH_COATED_OSMIUM;9915;17;9911;19;;;9932;13;9936;18;;;9923.5;0.0
yf_MKC_d14;21100;INTARIAN_PEPPER_ROOT;12235;6;12233;20;;;12241;16;12245;16;;;12238.0;0.0
yf_MKC_d14;21200;ASH_COATED_OSMIUM;9910;6;9908;17;;;9936;15;9938;23;;;9923.0;0.0
yf_MKC_d14;21200;INTARIAN_PEPPER_ROOT;12234;20;12232;15;;;12242;14;12245;20;;;12238.0;0.0
yf_MKC_d14;21300;ASH_COATED_OSMIUM;9920;12;9916;16;;;9926;26;9929;16;;;9923.0;0.0
yf_MKC_d14;21300;INTARIAN_PEPPER_ROOT;12235;17;12232;16;;;12241;16;12243;22;;;12238.0;0.0
yf_MKC_d14;21400;ASH_COATED_OSMIUM;9920;13;9916;18;;;9926;14;9929;14;;;9923.0;0.0
yf_MKC_d14;21400;INTARIAN_PEPPER_ROOT;12233;21;12231;19;;;12243;12;12247;21;;;12238.0;0.0
yf_MKC_d14;21500;ASH_COATED_OSMIUM;9907;9;9904;21;;;9942;11;9945;18;;;9924.5;0.0
yf_MKC_d14;21500;INTARIAN_PEPPER_ROOT;12236;10;12233;20;;;12242;6;12244;18;;;12239.0;0.0
yf_MKC_d14;21600;ASH_COATED_OSMIUM;9909;11;9907;15;;;9939;23;9941;19;;;9924.0;0.0
yf_MKC_d14;21600;INTARIAN_PEPPER_ROOT;12236;14;12232;22;;;12242;6;12245;12;;;12239.0;0.0
yf_MKC_d14;21700;ASH_COATED_OSMIUM;9921;15;9917;23;;;9927;17;9931;16;;;9924.0;0.0
yf_MKC_d14;21700;INTARIAN_PEPPER_ROOT;12236;9;12232;15;;;12242;14;12246;8;;;12239.0;0.0
yf_MKC_d14;21800;ASH_COATED_OSMIUM;9920;10;9917;16;;;9928;10;9931;19;;;9924.0;0.0
yf_MKC_d14;21800;INTARIAN_PEPPER_ROOT;12236;14;12233;12;;;12242;6;12244;17;;;12239.0;0.0
yf_MKC_d14;21900;ASH_COATED_OSMIUM;9921;15;9919;24;;;9927;11;9931;14;;;9924.0;0.0
yf_MKC_d14;21900;INTARIAN_PEPPER_ROOT;12229;25;12227;23;;;12249;18;12253;23;;;12239.0;0.0
yf_MKC_d14;22000;ASH_COATED_OSMIUM;9920;17;9917;22;;;9928;14;9931;18;;;9924.0;0.0
yf_MKC_d14;22000;INTARIAN_PEPPER_ROOT;12237;18;12233;15;;;12243;20;12245;11;;;12240.0;0.0
yf_MKC_d14;22100;ASH_COATED_OSMIUM;9921;5;9917;21;;;9927;14;9931;19;;;9924.0;0.0
yf_MKC_d14;22100;INTARIAN_PEPPER_ROOT;12237;5;12234;19;;;12243;14;12247;25;;;12240.0;0.0
yf_MKC_d14;22200;ASH_COATED_OSMIUM;9916;5;9913;18;;;9932;19;9936;19;;;9924.0;0.0
yf_MKC_d14;22200;INTARIAN_PEPPER_ROOT;12237;14;12235;10;;;12243;17;12245;12;;;12240.0;0.0
yf_MKC_d14;22300;ASH_COATED_OSMIUM;9921;7;9917;14;;;9927;30;9930;15;;;9924.0;0.0
yf_MKC_d14;22300;INTARIAN_PEPPER_ROOT;12236;18;12234;24;;;12244;17;12247;18;;;12240.0;0.0
yf_MKC_d14;22400;ASH_COATED_OSMIUM;9921;6;9917;23;;;9927;8;9929;12;;;9924.0;0.0
yf_MKC_d14;22400;INTARIAN_PEPPER_ROOT;12233;16;12229;28;;;12246;26;12250;27;;;12239.5;0.0
yf_MKC_d14;22500;ASH_COATED_OSMIUM;9919;15;9915;15;;;9929;14;9933;16;;;9924.0;0.0
yf_MKC_d14;22500;INTARIAN_PEPPER_ROOT;12227;16;12223;11;;;12251;13;12254;34;;;12239.0;0.0
yf_MKC_d14;22600;ASH_COATED_OSMIUM;9919;19;9916;22;;;9930;15;9934;24;;;9924.5;0.0
yf_MKC_d14;22600;INTARIAN_PEPPER_ROOT;12237;20;12233;22;;;12243;22;12245;24;;;12240.0;0.0
yf_MKC_d14;22700;ASH_COATED_OSMIUM;9921;10;9918;22;;;9928;18;9932;18;;;9924.5;0.0
yf_MKC_d14;22700;INTARIAN_PEPPER_ROOT;12238;11;12235;25;;;12244;14;12248;28;;;12241.0;0.0
yf_MKC_d14;22800;ASH_COATED_OSMIUM;9922;10;9919;14;;;9928;15;9932;16;;;9925.0;0.0
yf_MKC_d14;22800;INTARIAN_PEPPER_ROOT;12237;13;12235;14;;;12243;21;12245;15;;;12240.0;0.0
yf_MKC_d14;22900;ASH_COATED_OSMIUM;9920;22;9916;24;;;9930;13;9932;28;;;9925.0;0.0
yf_MKC_d14;22900;INTARIAN_PEPPER_ROOT;12237;15;12235;24;;;12243;12;12247;30;;;12240.0;0.0
yf_MKC_d14;23000;ASH_COATED_OSMIUM;9921;16;9917;26;;;9929;14;9932;20;;;9925.0;0.0
yf_MKC_d14;23000;INTARIAN_PEPPER_ROOT;12237;24;12233;23;;;12243;21;12246;19;;;12240.0;0.0
yf_MKC_d14;23100;ASH_COATED_OSMIUM;9922;24;9919;12;;;9928;16;9932;22;;;9925.0;0.0
yf_MKC_d14;23100;INTARIAN_PEPPER_ROOT;12238;11;12234;17;;;12244;21;12248;22;;;12241.0;0.0
yf_MKC_d14;23200;ASH_COATED_OSMIUM;9922;15;9920;20;;;9928;17;9931;22;;;9925.0;0.0
yf_MKC_d14;23200;INTARIAN_PEPPER_ROOT;12235;17;12233;16;;;12247;8;12250;15;;;12241.0;0.0
yf_MKC_d14;23300;ASH_COATED_OSMIUM;9921;18;9918;22;;;9927;12;9929;17;;;9924.0;0.0
yf_MKC_d14;23300;INTARIAN_PEPPER_ROOT;12236;13;12234;22;;;12247;20;12251;21;;;12241.5;0.0
yf_MKC_d14;23400;ASH_COATED_OSMIUM;9922;15;9919;14;;;9928;14;9931;25;;;9925.0;0.0
yf_MKC_d14;23400;INTARIAN_PEPPER_ROOT;12239;21;12237;21;;;12245;7;12248;16;;;12242.0;0.0
yf_MKC_d14;23500;ASH_COATED_OSMIUM;9923;9;9919;21;;;9929;11;9932;13;;;9926.0;0.0
yf_MKC_d14;23500;INTARIAN_PEPPER_ROOT;12225;13;12221;22;;;12258;14;12260;21;;;12241.5;0.0
yf_MKC_d14;23600;ASH_COATED_OSMIUM;9914;21;9911;18;;;9937;13;9940;8;;;9925.5;0.0
yf_MKC_d14;23600;INTARIAN_PEPPER_ROOT;12239;10;12236;10;;;12245;5;12247;16;;;12242.0;0.0
yf_MKC_d14;23700;ASH_COATED_OSMIUM;9922;11;9918;23;;;9928;12;9931;17;;;9925.0;0.0
yf_MKC_d14;23700;INTARIAN_PEPPER_ROOT;12239;18;12235;27;;;12245;16;12248;25;;;12242.0;0.0
yf_MKC_d14;23800;ASH_COATED_OSMIUM;9922;18;9919;21;;;9928;12;9930;18;;;9925.0;0.0
yf_MKC_d14;23800;INTARIAN_PEPPER_ROOT;12239;25;12237;21;;;12245;23;12248;14;;;12242.0;0.0
yf_MKC_d14;23900;ASH_COATED_OSMIUM;9910;13;9908;22;;;9941;12;9943;22;;;9925.5;0.0
yf_MKC_d14;23900;INTARIAN_PEPPER_ROOT;12226;9;12223;23;;;12258;16;12262;13;;;12242.0;0.0
yf_MKC_d14;24000;ASH_COATED_OSMIUM;9923;8;9921;23;;;9929;24;9933;34;;;9926.0;0.0
yf_MKC_d14;24000;INTARIAN_PEPPER_ROOT;12239;10;12235;15;;;12245;16;12248;15;;;12242.0;0.0
yf_MKC_d14;24100;ASH_COATED_OSMIUM;9922;9;9918;18;;;9931;15;9935;25;;;9926.5;0.0
yf_MKC_d14;24100;INTARIAN_PEPPER_ROOT;12238;8;12234;13;;;12246;16;12248;17;;;12242.0;0.0
yf_MKC_d14;24200;ASH_COATED_OSMIUM;9923;13;9919;16;;;9929;15;9933;16;;;9926.0;0.0
yf_MKC_d14;24200;INTARIAN_PEPPER_ROOT;12234;18;12230;19;;;12251;12;12255;19;;;12242.5;0.0
yf_MKC_d14;24300;ASH_COATED_OSMIUM;9920;15;9917;22;;;9931;18;9935;23;;;9925.5;0.0
yf_MKC_d14;24300;INTARIAN_PEPPER_ROOT;12240;5;12238;22;;;12246;10;12249;20;;;12243.0;0.0
yf_MKC_d14;24400;ASH_COATED_OSMIUM;9923;5;9921;24;;;9929;18;9933;18;;;9926.0;0.0
yf_MKC_d14;24400;INTARIAN_PEPPER_ROOT;12240;13;12237;19;;;12246;19;12250;30;;;12243.0;0.0
yf_MKC_d14;24500;ASH_COATED_OSMIUM;9923;6;9919;19;;;9929;7;9931;23;;;9926.0;0.0
yf_MKC_d14;24500;INTARIAN_PEPPER_ROOT;12239;10;12237;18;;;12248;13;12252;22;;;12243.5;0.0
yf_MKC_d14;24600;ASH_COATED_OSMIUM;9918;22;9915;23;;;9934;9;9937;17;;;9926.0;0.0
yf_MKC_d14;24600;INTARIAN_PEPPER_ROOT;12240;14;12238;18;;;12246;21;12250;28;;;12243.0;0.0
yf_MKC_d14;24700;ASH_COATED_OSMIUM;9922;15;9918;16;;;9930;18;9934;18;;;9926.0;0.0
yf_MKC_d14;24700;INTARIAN_PEPPER_ROOT;12240;22;12236;30;;;12246;14;12248;12;;;12243.0;0.0
yf_MKC_d14;24800;ASH_COATED_OSMIUM;9923;9;9919;16;;;9929;21;9933;15;;;9926.0;0.0
yf_MKC_d14;24800;INTARIAN_PEPPER_ROOT;12235;15;12231;19;;;12251;10;12255;19;;;12243.0;0.0
yf_MKC_d14;24900;ASH_COATED_OSMIUM;9923;11;9920;18;;;9929;5;9932;20;;;9926.0;0.0
yf_MKC_d14;24900;INTARIAN_PEPPER_ROOT;12224;20;12221;26;;;12264;16;12266;25;;;12244.0;0.0
yf_MKC_d14;25000;ASH_COATED_OSMIUM;9923;14;9921;19;;;9929;13;9932;23;;;9926.0;0.0
yf_MKC_d14;25000;INTARIAN_PEPPER_ROOT;12235;17;12232;19;;;12253;18;12256;8;;;12244.0;0.0
yf_MKC_d14;25100;ASH_COATED_OSMIUM;9923;18;9919;28;;;9929;13;9932;24;;;9926.0;0.0
yf_MKC_d14;25100;INTARIAN_PEPPER_ROOT;12241;18;12238;16;;;12247;16;12250;12;;;12244.0;0.0
yf_MKC_d14;25200;ASH_COATED_OSMIUM;9922;19;9920;19;;;9931;13;9934;18;;;9926.5;0.0
yf_MKC_d14;25200;INTARIAN_PEPPER_ROOT;12241;15;12239;16;;;12247;12;12251;15;;;12244.0;0.0
yf_MKC_d14;25300;ASH_COATED_OSMIUM;9923;18;9921;27;;;9929;22;9933;21;;;9926.0;0.0
yf_MKC_d14;25300;INTARIAN_PEPPER_ROOT;12241;8;12237;28;;;12247;19;12249;13;;;12244.0;0.0
yf_MKC_d14;25400;ASH_COATED_OSMIUM;9924;16;9922;19;;;9930;20;9934;21;;;9927.0;0.0
yf_MKC_d14;25400;INTARIAN_PEPPER_ROOT;12242;22;12239;26;;;12248;13;12250;11;;;12245.0;0.0
yf_MKC_d14;25500;ASH_COATED_OSMIUM;9923;24;9919;22;;;9929;8;9933;14;;;9926.0;0.0
yf_MKC_d14;25500;INTARIAN_PEPPER_ROOT;12241;8;12239;31;;;12247;15;12249;23;;;12244.0;0.0
yf_MKC_d14;25600;ASH_COATED_OSMIUM;9924;13;9920;25;;;9930;15;9932;13;;;9927.0;0.0
yf_MKC_d14;25600;INTARIAN_PEPPER_ROOT;12241;23;12237;23;;;12247;11;12250;14;;;12244.0;0.0
yf_MKC_d14;25700;ASH_COATED_OSMIUM;9924;13;9920;26;;;9931;19;9935;14;;;9927.5;0.0
yf_MKC_d14;25700;INTARIAN_PEPPER_ROOT;12242;22;12238;18;;;12248;14;12251;22;;;12245.0;0.0
yf_MKC_d14;25800;ASH_COATED_OSMIUM;9919;17;9917;20;;;9936;11;9938;18;;;9927.5;0.0
yf_MKC_d14;25800;INTARIAN_PEPPER_ROOT;12238;19;12236;13;;;12253;16;12257;27;;;12245.5;0.0
yf_MKC_d14;25900;ASH_COATED_OSMIUM;9924;25;9920;27;;;9930;14;9934;19;;;9927.0;0.0
yf_MKC_d14;25900;INTARIAN_PEPPER_ROOT;12242;16;12238;18;;;12248;13;12251;11;;;12245.0;0.0
yf_MKC_d14;26000;ASH_COATED_OSMIUM;9923;16;9919;12;;;9931;12;9934;17;;;9927.0;0.0
yf_MKC_d14;26000;INTARIAN_PEPPER_ROOT;12242;11;12240;12;;;12248;14;12250;8;;;12245.0;0.0
yf_MKC_d14;26100;ASH_COATED_OSMIUM;9924;14;9922;19;;;9930;19;9932;21;;;9927.0;0.0
yf_MKC_d14;26100;INTARIAN_PEPPER_ROOT;12240;12;12238;22;;;12251;20;12253;22;;;12245.5;0.0
yf_MKC_d14;26200;ASH_COATED_OSMIUM;9925;18;9923;24;;;9931;10;9935;25;;;9928.0;0.0
yf_MKC_d14;26200;INTARIAN_PEPPER_ROOT;12243;8;12241;24;;;12249;18;12251;28;;;12246.0;0.0
yf_MKC_d14;26300;ASH_COATED_OSMIUM;9924;16;9922;17;;;9930;17;9934;13;;;9927.0;0.0
yf_MKC_d14;26300;INTARIAN_PEPPER_ROOT;12242;15;12238;32;;;12248;19;12250;23;;;12245.0;0.0
yf_MKC_d14;26400;ASH_COATED_OSMIUM;9925;12;9923;17;;;9931;13;9935;15;;;9928.0;0.0
yf_MKC_d14;26400;INTARIAN_PEPPER_ROOT;12242;12;12238;17;;;12248;15;12250;20;;;12245.0;0.0
yf_MKC_d14;26500;ASH_COATED_OSMIUM;9924;14;9921;22;;;9930;17;9934;25;;;9927.0;0.0
yf_MKC_d14;26500;INTARIAN_PEPPER_ROOT;12242;13;12238;25;;;12249;19;12251;17;;;12245.5;0.0
yf_MKC_d14;26600;ASH_COATED_OSMIUM;9925;8;9922;20;;;9932;18;9935;14;;;9928.5;0.0
yf_MKC_d14;26600;INTARIAN_PEPPER_ROOT;12243;21;12240;14;;;12249;15;12252;25;;;12246.0;0.0
yf_MKC_d14;26700;ASH_COATED_OSMIUM;9925;17;9921;16;;;9931;15;9933;23;;;9928.0;0.0
yf_MKC_d14;26700;INTARIAN_PEPPER_ROOT;12243;8;12241;16;;;12249;6;12252;20;;;12246.0;0.0
yf_MKC_d14;26800;ASH_COATED_OSMIUM;9925;11;9923;24;;;9931;12;9933;26;;;9928.0;0.0
yf_MKC_d14;26800;INTARIAN_PEPPER_ROOT;12243;18;12240;22;;;12249;16;12252;12;;;12246.0;0.0
yf_MKC_d14;26900;ASH_COATED_OSMIUM;9921;10;9917;20;;;9936;15;9939;24;;;9928.5;0.0
yf_MKC_d14;26900;INTARIAN_PEPPER_ROOT;12237;13;12235;19;;;12257;10;12259;16;;;12247.0;0.0
yf_MKC_d14;27000;ASH_COATED_OSMIUM;9925;13;9922;20;;;9931;17;9935;18;;;9928.0;0.0
yf_MKC_d14;27000;INTARIAN_PEPPER_ROOT;12244;23;12242;21;;;12250;12;12254;21;;;12247.0;0.0
yf_MKC_d14;27100;ASH_COATED_OSMIUM;9923;15;9919;8;;;9934;10;9938;20;;;9928.5;0.0
yf_MKC_d14;27100;INTARIAN_PEPPER_ROOT;12242;8;12239;14;;;12251;11;12253;19;;;12246.5;0.0
yf_MKC_d14;27200;ASH_COATED_OSMIUM;9925;14;9921;15;;;9931;13;9934;15;;;9928.0;0.0
yf_MKC_d14;27200;INTARIAN_PEPPER_ROOT;12244;18;12242;24;;;12250;13;12253;8;;;12247.0;0.0
yf_MKC_d14;27300;ASH_COATED_OSMIUM;9921;21;9918;21;;;9935;13;9939;27;;;9928.0;0.0
yf_MKC_d14;27300;INTARIAN_PEPPER_ROOT;12243;25;12241;15;;;12250;20;12253;24;;;12246.5;0.0
yf_MKC_d14;27400;ASH_COATED_OSMIUM;9925;20;9923;27;;;9931;12;9933;26;;;9928.0;0.0
yf_MKC_d14;27400;INTARIAN_PEPPER_ROOT;12233;16;12230;21;;;12260;9;12264;16;;;12246.5;0.0
yf_MKC_d14;27500;ASH_COATED_OSMIUM;9913;11;9909;18;;;9944;12;9946;23;;;9928.5;0.0
yf_MKC_d14;27500;INTARIAN_PEPPER_ROOT;12244;13;12241;20;;;12250;15;12252;18;;;12247.0;0.0
yf_MKC_d14;27600;ASH_COATED_OSMIUM;9925;25;9923;14;;;9931;11;9934;16;;;9928.0;0.0
yf_MKC_d14;27600;INTARIAN_PEPPER_ROOT;12239;8;12236;23;;;12257;20;12261;19;;;12248.0;0.0
yf_MKC_d14;27700;ASH_COATED_OSMIUM;9925;12;9923;13;;;9931;14;9934;14;;;9928.0;0.0
yf_MKC_d14;27700;INTARIAN_PEPPER_ROOT;12243;15;12240;19;;;12253;5;12257;20;;;12248.0;0.0
yf_MKC_d14;27800;ASH_COATED_OSMIUM;9923;13;9920;19;;;9933;19;9937;24;;;9928.0;0.0
yf_MKC_d14;27800;INTARIAN_PEPPER_ROOT;12245;9;12241;24;;;12251;10;12254;23;;;12248.0;0.0
yf_MKC_d14;27900;ASH_COATED_OSMIUM;9922;10;9919;19;;;9934;20;9937;31;;;9928.0;0.0
yf_MKC_d14;27900;INTARIAN_PEPPER_ROOT;12240;10;12237;19;;;12256;11;12260;19;;;12248.0;0.0
yf_MKC_d14;28000;ASH_COATED_OSMIUM;9926;18;9924;24;;;9932;20;9934;21;;;9929.0;0.0
yf_MKC_d14;28000;INTARIAN_PEPPER_ROOT;12245;10;12243;19;;;12251;15;12255;19;;;12248.0;0.0
yf_MKC_d14;28100;ASH_COATED_OSMIUM;9925;10;9922;27;;;9931;12;9934;17;;;9928.0;0.0
yf_MKC_d14;28100;INTARIAN_PEPPER_ROOT;12245;22;12242;23;;;12251;13;12254;15;;;12248.0;0.0
yf_MKC_d14;28200;ASH_COATED_OSMIUM;9923;21;9921;15;;;9934;21;9938;23;;;9928.5;0.0
yf_MKC_d14;28200;INTARIAN_PEPPER_ROOT;12245;18;12242;17;;;12251;13;12253;22;;;12248.0;0.0
yf_MKC_d14;28300;ASH_COATED_OSMIUM;9926;12;9923;19;;;9932;13;9934;17;;;9929.0;0.0
yf_MKC_d14;28300;INTARIAN_PEPPER_ROOT;12240;13;12237;13;;;12258;8;12262;23;;;12249.0;0.0
yf_MKC_d14;28400;ASH_COATED_OSMIUM;9924;15;9921;26;;;9933;8;9936;16;;;9928.5;0.0
yf_MKC_d14;28400;INTARIAN_PEPPER_ROOT;12246;16;12243;8;;;12252;20;12254;21;;;12249.0;0.0
yf_MKC_d14;28500;ASH_COATED_OSMIUM;9926;5;9923;18;;;9932;10;9934;15;;;9929.0;0.0
yf_MKC_d14;28500;INTARIAN_PEPPER_ROOT;12235;5;12233;26;;;12263;18;12265;22;;;12249.0;0.0
yf_MKC_d14;28600;ASH_COATED_OSMIUM;9926;11;9923;23;;;9932;21;9934;8;;;9929.0;0.0
yf_MKC_d14;28600;INTARIAN_PEPPER_ROOT;12236;13;12234;25;;;12262;8;12266;22;;;12249.0;0.0
yf_MKC_d14;28700;ASH_COATED_OSMIUM;9926;22;9922;15;;;9932;5;9936;13;;;9929.0;0.0
yf_MKC_d14;28700;INTARIAN_PEPPER_ROOT;12246;5;12242;22;;;12252;8;12256;15;;;12249.0;0.0
yf_MKC_d14;28800;ASH_COATED_OSMIUM;9927;20;9924;22;;;9933;5;9935;13;;;9930.0;0.0
yf_MKC_d14;28800;INTARIAN_PEPPER_ROOT;12246;15;12242;23;;;12252;5;12256;23;;;12249.0;0.0
yf_MKC_d14;28900;ASH_COATED_OSMIUM;9926;10;9922;18;;;9932;16;9935;20;;;9929.0;0.0
yf_MKC_d14;28900;INTARIAN_PEPPER_ROOT;12247;14;12243;26;;;12253;15;12256;14;;;12250.0;0.0
yf_MKC_d14;29000;ASH_COATED_OSMIUM;9925;10;9922;21;;;9932;12;9935;18;;;9928.5;0.0
yf_MKC_d14;29000;INTARIAN_PEPPER_ROOT;12241;18;12238;18;;;12258;15;12260;21;;;12249.5;0.0
yf_MKC_d14;29100;ASH_COATED_OSMIUM;9927;14;9924;20;;;9933;11;9937;25;;;9930.0;0.0
yf_MKC_d14;29100;INTARIAN_PEPPER_ROOT;12242;20;12238;18;;;12257;5;12259;10;;;12249.5;0.0
yf_MKC_d14;29200;ASH_COATED_OSMIUM;9921;10;9918;24;;;9938;10;9942;25;;;9929.5;0.0
yf_MKC_d14;29200;INTARIAN_PEPPER_ROOT;12247;12;12243;14;;;12253;6;12255;19;;;12250.0;0.0
yf_MKC_d14;29300;ASH_COATED_OSMIUM;9927;17;9924;18;;;9933;26;9937;18;;;9930.0;0.0
yf_MKC_d14;29300;INTARIAN_PEPPER_ROOT;12247;27;12244;27;;;12253;24;12257;23;;;12250.0;0.0
yf_MKC_d14;29400;ASH_COATED_OSMIUM;9927;11;9924;15;;;9933;17;9935;15;;;9930.0;0.0
yf_MKC_d14;29400;INTARIAN_PEPPER_ROOT;12246;20;12244;21;;;12255;6;12257;18;;;12250.5;0.0
yf_MKC_d14;29500;ASH_COATED_OSMIUM;9927;17;9923;15;;;9933;20;9936;15;;;9930.0;0.0
yf_MKC_d14;29500;INTARIAN_PEPPER_ROOT;12245;7;12242;12;;;12257;14;12259;22;;;12251.0;0.0
yf_MKC_d14;29600;ASH_COATED_OSMIUM;9925;10;9921;17;;;9935;19;9939;28;;;9930.0;0.0
yf_MKC_d14;29600;INTARIAN_PEPPER_ROOT;12248;13;12244;30;;;12254;25;12257;13;;;12251.0;0.0
yf_MKC_d14;29700;ASH_COATED_OSMIUM;9927;5;9924;16;;;9933;13;9937;24;;;9930.0;0.0
yf_MKC_d14;29700;INTARIAN_PEPPER_ROOT;12247;16;12245;22;;;12253;5;12256;26;;;12250.0;0.0
yf_MKC_d14;29800;ASH_COATED_OSMIUM;9927;9;9923;31;;;9933;14;9935;22;;;9930.0;0.0
yf_MKC_d14;29800;INTARIAN_PEPPER_ROOT;12247;11;12245;19;;;12256;15;12258;16;;;12251.5;0.0
yf_MKC_d14;29900;ASH_COATED_OSMIUM;9927;11;9925;20;;;9933;18;9936;26;;;9930.0;0.0
yf_MKC_d14;29900;INTARIAN_PEPPER_ROOT;12246;13;12242;23;;;12255;15;12257;15;;;12250.5;0.0
yf_MKC_d14;30000;ASH_COATED_OSMIUM;9925;8;9922;20;;;9935;16;9938;17;;;9930.0;0.0
yf_MKC_d14;30000;INTARIAN_PEPPER_ROOT;12243;13;12239;24;;;12259;17;12263;10;;;12251.0;0.0
yf_MKC_d14;30100;ASH_COATED_OSMIUM;9916;20;9914;31;;;9944;14;9946;24;;;9930.0;0.0
yf_MKC_d14;30100;INTARIAN_PEPPER_ROOT;12248;19;12244;20;;;12254;11;12258;10;;;12251.0;0.0
yf_MKC_d14;30200;ASH_COATED_OSMIUM;9927;15;9923;22;;;9933;23;9935;16;;;9930.0;0.0
yf_MKC_d14;30200;INTARIAN_PEPPER_ROOT;12248;10;12246;23;;;12254;8;12257;24;;;12251.0;0.0
yf_MKC_d14;30300;ASH_COATED_OSMIUM;9922;20;9918;23;;;9939;14;9943;30;;;9930.5;0.0
yf_MKC_d14;30300;INTARIAN_PEPPER_ROOT;12248;9;12245;29;;;12254;16;12257;23;;;12251.0;0.0
yf_MKC_d14;30400;ASH_COATED_OSMIUM;9926;12;9922;23;;;9935;14;9939;21;;;9930.5;0.0
yf_MKC_d14;30400;INTARIAN_PEPPER_ROOT;12245;19;12241;15;;;12259;16;12263;19;;;12252.0;0.0
yf_MKC_d14;30500;ASH_COATED_OSMIUM;9926;13;9923;19;;;9934;18;9936;21;;;9930.0;0.0
yf_MKC_d14;30500;INTARIAN_PEPPER_ROOT;12249;12;12247;18;;;12255;19;12259;9;;;12252.0;0.0
yf_MKC_d14;30600;ASH_COATED_OSMIUM;9927;5;9924;16;;;9933;21;9936;32;;;9930.0;0.0
yf_MKC_d14;30600;INTARIAN_PEPPER_ROOT;12249;17;12247;19;;;12255;11;12259;18;;;12252.0;0.0
yf_MKC_d14;30700;ASH_COATED_OSMIUM;9928;21;9925;20;;;9934;8;9938;17;;;9931.0;0.0
yf_MKC_d14;30700;INTARIAN_PEPPER_ROOT;12249;19;12245;11;;;12255;7;12258;23;;;12252.0;0.0
yf_MKC_d14;30800;ASH_COATED_OSMIUM;9921;16;9918;17;;;9940;8;9942;12;;;9930.5;0.0
yf_MKC_d14;30800;INTARIAN_PEPPER_ROOT;12249;20;12245;21;;;12255;5;12258;21;;;12252.0;0.0
yf_MKC_d14;30900;ASH_COATED_OSMIUM;9918;9;9914;17;;;9943;21;9947;13;;;9930.5;0.0
yf_MKC_d14;30900;INTARIAN_PEPPER_ROOT;12249;5;12247;22;;;12255;20;12258;22;;;12252.0;0.0
yf_MKC_d14;31000;ASH_COATED_OSMIUM;9927;6;9923;16;;;9934;19;9936;23;;;9930.5;0.0
yf_MKC_d14;31000;INTARIAN_PEPPER_ROOT;12246;8;12244;15;;;12259;9;12262;21;;;12252.5;0.0
yf_MKC_d14;31100;ASH_COATED_OSMIUM;9927;16;9924;19;;;9933;6;9936;22;;;9930.0;0.0
yf_MKC_d14;31100;INTARIAN_PEPPER_ROOT;12249;23;12246;21;;;12255;11;12258;30;;;12252.0;0.0
yf_MKC_d14;31200;ASH_COATED_OSMIUM;9928;5;9925;14;;;9934;11;9938;20;;;9931.0;0.0
yf_MKC_d14;31200;INTARIAN_PEPPER_ROOT;12244;9;12241;14;;;12262;8;12265;16;;;12253.0;0.0
yf_MKC_d14;31300;ASH_COATED_OSMIUM;9929;8;9927;20;;;9935;11;9939;25;;;9932.0;0.0
yf_MKC_d14;31300;INTARIAN_PEPPER_ROOT;12250;15;12246;26;;;12256;12;12258;14;;;12253.0;0.0
yf_MKC_d14;31400;ASH_COATED_OSMIUM;9925;12;9922;18;;;9938;18;9940;13;;;9931.5;0.0
yf_MKC_d14;31400;INTARIAN_PEPPER_ROOT;12250;5;12247;29;;;12256;15;12258;19;;;12253.0;0.0
yf_MKC_d14;31500;ASH_COATED_OSMIUM;9925;17;9923;12;;;9938;18;9942;19;;;9931.5;0.0
yf_MKC_d14;31500;INTARIAN_PEPPER_ROOT;12250;6;12246;21;;;12257;20;12260;12;;;12253.5;0.0
yf_MKC_d14;31600;ASH_COATED_OSMIUM;9927;14;9923;28;;;9937;14;9941;26;;;9932.0;0.0
yf_MKC_d14;31600;INTARIAN_PEPPER_ROOT;12250;11;12246;26;;;12256;5;12260;27;;;12253.0;0.0
yf_MKC_d14;31700;ASH_COATED_OSMIUM;9928;10;9926;21;;;9934;19;9936;22;;;9931.0;0.0
yf_MKC_d14;31700;INTARIAN_PEPPER_ROOT;12251;18;12248;22;;;12257;21;12259;19;;;12254.0;0.0
yf_MKC_d14;31800;ASH_COATED_OSMIUM;9928;20;9924;21;;;9935;14;9937;15;;;9931.5;0.0
yf_MKC_d14;31800;INTARIAN_PEPPER_ROOT;12242;21;12238;21;;;12265;5;12268;18;;;12253.5;0.0
yf_MKC_d14;31900;ASH_COATED_OSMIUM;9927;10;9923;16;;;9936;5;9938;22;;;9931.5;0.0
yf_MKC_d14;31900;INTARIAN_PEPPER_ROOT;12251;14;12247;21;;;12257;5;12260;22;;;12254.0;0.0
yf_MKC_d14;32000;ASH_COATED_OSMIUM;9927;20;9925;25;;;9936;5;9940;23;;;9931.5;0.0
yf_MKC_d14;32000;INTARIAN_PEPPER_ROOT;12250;15;12246;23;;;12257;13;12259;20;;;12253.5;0.0
yf_MKC_d14;32100;ASH_COATED_OSMIUM;9929;13;9925;11;;;9935;18;9937;13;;;9932.0;0.0
yf_MKC_d14;32100;INTARIAN_PEPPER_ROOT;12251;11;12249;21;;;12257;20;12261;18;;;12254.0;0.0
yf_MKC_d14;32200;ASH_COATED_OSMIUM;9928;16;9925;21;;;9934;13;9937;15;;;9931.0;0.0
yf_MKC_d14;32200;INTARIAN_PEPPER_ROOT;12251;11;12249;20;;;12257;19;12261;15;;;12254.0;0.0
yf_MKC_d14;32300;ASH_COATED_OSMIUM;9929;17;9925;21;;;9935;14;9937;20;;;9932.0;0.0
yf_MKC_d14;32300;INTARIAN_PEPPER_ROOT;12249;12;12245;18;;;12259;17;12262;28;;;12254.0;0.0
yf_MKC_d14;32400;ASH_COATED_OSMIUM;9929;12;9926;26;;;9935;20;9939;20;;;9932.0;0.0
yf_MKC_d14;32400;INTARIAN_PEPPER_ROOT;12234;17;12230;18;;;12275;14;12277;21;;;12254.5;0.0
yf_MKC_d14;32500;ASH_COATED_OSMIUM;9929;25;9927;15;;;9935;17;9937;18;;;9932.0;0.0
yf_MKC_d14;32500;INTARIAN_PEPPER_ROOT;12252;11;12248;25;;;12258;13;12261;25;;;12255.0;0.0
yf_MKC_d14;32600;ASH_COATED_OSMIUM;9928;21;9926;15;;;9934;10;9938;27;;;9931.0;0.0
yf_MKC_d14;32600;INTARIAN_PEPPER_ROOT;12237;7;12233;16;;;12273;16;12277;22;;;12255.0;0.0
yf_MKC_d14;32700;ASH_COATED_OSMIUM;9927;26;9923;20;;;9937;18;9939;23;;;9932.0;0.0
yf_MKC_d14;32700;INTARIAN_PEPPER_ROOT;12249;11;12245;13;;;12260;18;12264;8;;;12254.5;0.0
yf_MKC_d14;32800;ASH_COATED_OSMIUM;9929;19;9925;13;;;9935;20;9937;18;;;9932.0;0.0
yf_MKC_d14;32800;INTARIAN_PEPPER_ROOT;12253;11;12251;11;;;12259;12;12262;19;;;12256.0;0.0
yf_MKC_d14;32900;ASH_COATED_OSMIUM;9929;19;9925;23;;;9935;8;9938;25;;;9932.0;0.0
yf_MKC_d14;32900;INTARIAN_PEPPER_ROOT;12252;20;12250;24;;;12258;5;12262;18;;;12255.0;0.0
yf_MKC_d14;33000;ASH_COATED_OSMIUM;9929;12;9927;25;;;9935;14;9937;13;;;9932.0;0.0
yf_MKC_d14;33000;INTARIAN_PEPPER_ROOT;12253;15;12250;16;;;12259;5;12263;19;;;12256.0;0.0
yf_MKC_d14;33100;ASH_COATED_OSMIUM;9929;17;9927;23;;;9935;18;9939;26;;;9932.0;0.0
yf_MKC_d14;33100;INTARIAN_PEPPER_ROOT;12253;17;12251;21;;;12259;10;12263;24;;;12256.0;0.0
yf_MKC_d14;33200;ASH_COATED_OSMIUM;9919;13;9917;19;;;9947;17;9951;19;;;9933.0;0.0
yf_MKC_d14;33200;INTARIAN_PEPPER_ROOT;12253;20;12249;12;;;12259;19;12261;15;;;12256.0;0.0
yf_MKC_d14;33300;ASH_COATED_OSMIUM;9929;14;9925;22;;;9935;15;9938;17;;;9932.0;0.0
yf_MKC_d14;33300;INTARIAN_PEPPER_ROOT;12253;18;12249;15;;;12259;12;12263;15;;;12256.0;0.0
yf_MKC_d14;33400;ASH_COATED_OSMIUM;9929;11;9926;17;;;9935;7;9939;26;;;9932.0;0.0
yf_MKC_d14;33400;INTARIAN_PEPPER_ROOT;12240;14;12238;23;;;12272;14;12274;15;;;12256.0;0.0
yf_MKC_d14;33500;ASH_COATED_OSMIUM;9930;18;9927;17;;;9936;14;9938;20;;;9933.0;0.0
yf_MKC_d14;33500;INTARIAN_PEPPER_ROOT;12251;7;12248;13;;;12261;29;12263;26;;;12256.0;0.0
yf_MKC_d14;33600;ASH_COATED_OSMIUM;9920;7;9918;17;;;9946;7;9950;22;;;9933.0;0.0
yf_MKC_d14;33600;INTARIAN_PEPPER_ROOT;12252;16;12250;24;;;12260;18;12263;24;;;12256.0;0.0
yf_MKC_d14;33700;ASH_COATED_OSMIUM;9930;8;9928;16;;;9936;14;9938;15;;;9933.0;0.0
yf_MKC_d14;33700;INTARIAN_PEPPER_ROOT;12254;14;12251;16;;;12260;17;12263;15;;;12257.0;0.0
yf_MKC_d14;33800;ASH_COATED_OSMIUM;9930;26;9928;14;;;9936;18;9939;27;;;9933.0;0.0
yf_MKC_d14;33800;INTARIAN_PEPPER_ROOT;12253;14;12251;10;;;12259;14;12261;15;;;12256.0;0.0
yf_MKC_d14;33900;ASH_COATED_OSMIUM;9928;14;9924;24;;;9938;15;9941;25;;;9933.0;0.0
yf_MKC_d14;33900;INTARIAN_PEPPER_ROOT;12254;10;12251;18;;;12260;9;12262;26;;;12257.0;0.0
yf_MKC_d14;34000;ASH_COATED_OSMIUM;9930;10;9927;20;;;9936;15;9939;10;;;9933.0;0.0
yf_MKC_d14;34000;INTARIAN_PEPPER_ROOT;12253;13;12250;21;;;12259;14;12263;12;;;12256.0;0.0
yf_MKC_d14;34100;ASH_COATED_OSMIUM;9930;18;9928;22;;;9936;13;9939;12;;;9933.0;0.0
yf_MKC_d14;34100;INTARIAN_PEPPER_ROOT;12255;12;12251;20;;;12261;5;12263;25;;;12258.0;0.0
yf_MKC_d14;34200;ASH_COATED_OSMIUM;9929;11;9925;13;;;9937;12;9940;26;;;9933.0;0.0
yf_MKC_d14;34200;INTARIAN_PEPPER_ROOT;12255;9;12252;13;;;12261;11;12265;20;;;12258.0;0.0
yf_MKC_d14;34300;ASH_COATED_OSMIUM;9931;8;9929;26;;;9937;9;9941;17;;;9934.0;0.0
yf_MKC_d14;34300;INTARIAN_PEPPER_ROOT;12256;16;12252;19;;;12262;17;12266;24;;;12259.0;0.0
yf_MKC_d14;34400;ASH_COATED_OSMIUM;9930;14;9928;12;;;9936;18;9939;17;;;9933.0;0.0
yf_MKC_d14;34400;INTARIAN_PEPPER_ROOT;12256;12;12254;32;;;12262;11;12265;16;;;12259.0;0.0
yf_MKC_d14;34500;ASH_COATED_OSMIUM;9931;12;9929;21;;;9937;11;9939;17;;;9934.0;0.0
yf_MKC_d14;34500;INTARIAN_PEPPER_ROOT;12246;18;12244;31;;;12274;5;12277;22;;;12260.0;0.0
yf_MKC_d14;34600;ASH_COATED_OSMIUM;9929;14;9926;25;;;9938;19;9942;14;;;9933.5;0.0
yf_MKC_d14;34600;INTARIAN_PEPPER_ROOT;12227;16;12225;27;;;12292;18;12296;13;;;12259.5;0.0
yf_MKC_d14;34700;ASH_COATED_OSMIUM;9928;16;9926;20;;;9939;17;9942;24;;;9933.5;0.0
yf_MKC_d14;34700;INTARIAN_PEPPER_ROOT;12257;12;12254;23;;;12263;5;12265;17;;;12260.0;0.0
yf_MKC_d14;34800;ASH_COATED_OSMIUM;9931;18;9929;17;;;9937;20;9939;29;;;9934.0;0.0
yf_MKC_d14;34800;INTARIAN_PEPPER_ROOT;12258;14;12254;16;;;12264;15;12268;19;;;12261.0;0.0
yf_MKC_d14;34900;ASH_COATED_OSMIUM;9931;20;9928;26;;;9937;18;9939;19;;;9934.0;0.0
yf_MKC_d14;34900;INTARIAN_PEPPER_ROOT;12258;20;12256;15;;;12264;14;12268;16;;;12261.0;0.0
yf_MKC_d14;35000;ASH_COATED_OSMIUM;9930;19;9927;16;;;9937;15;9941;17;;;9933.5;0.0
yf_MKC_d14;35000;INTARIAN_PEPPER_ROOT;12259;12;12256;14;;;12265;14;12269;18;;;12262.0;0.0
yf_MKC_d14;35100;ASH_COATED_OSMIUM;9931;21;9928;22;;;9937;9;9940;22;;;9934.0;0.0
yf_MKC_d14;35100;INTARIAN_PEPPER_ROOT;12259;16;12255;13;;;12265;17;12267;22;;;12262.0;0.0
yf_MKC_d14;35200;ASH_COATED_OSMIUM;9931;13;9927;18;;;9938;17;9941;17;;;9934.5;0.0
yf_MKC_d14;35200;INTARIAN_PEPPER_ROOT;12259;13;12256;15;;;12265;7;12267;9;;;12262.0;0.0
yf_MKC_d14;35300;ASH_COATED_OSMIUM;9931;11;9929;25;;;9937;20;9940;20;;;9934.0;0.0
yf_MKC_d14;35300;INTARIAN_PEPPER_ROOT;12258;14;12256;13;;;12268;30;12271;18;;;12263.0;0.0
yf_MKC_d14;35400;ASH_COATED_OSMIUM;9931;12;9928;24;;;9937;12;9941;17;;;9934.0;0.0
yf_MKC_d14;35400;INTARIAN_PEPPER_ROOT;12256;13;12253;16;;;12271;5;12275;15;;;12263.5;0.0
yf_MKC_d14;35500;ASH_COATED_OSMIUM;9908;20;9906;20;;;9961;15;9965;19;;;9934.5;0.0
yf_MKC_d14;35500;INTARIAN_PEPPER_ROOT;12258;16;12254;14;;;12267;12;12271;23;;;12262.5;0.0
yf_MKC_d14;35600;ASH_COATED_OSMIUM;9932;6;9930;23;;;9938;13;9940;23;;;9935.0;0.0
yf_MKC_d14;35600;INTARIAN_PEPPER_ROOT;12261;19;12257;19;;;12267;6;12270;23;;;12264.0;0.0
yf_MKC_d14;35700;ASH_COATED_OSMIUM;9931;9;9928;17;;;9937;15;9940;16;;;9934.0;0.0
yf_MKC_d14;35700;INTARIAN_PEPPER_ROOT;12256;23;12254;11;;;12272;17;12276;25;;;12264.0;0.0
yf_MKC_d14;35800;ASH_COATED_OSMIUM;9932;7;9930;12;;;9938;16;9940;22;;;9935.0;0.0
yf_MKC_d14;35800;INTARIAN_PEPPER_ROOT;12262;17;12258;13;;;12268;14;12271;24;;;12265.0;0.0
yf_MKC_d14;35900;ASH_COATED_OSMIUM;9931;14;9929;18;;;9937;8;9940;14;;;9934.0;0.0
yf_MKC_d14;35900;INTARIAN_PEPPER_ROOT;12262;16;12258;23;;;12268;21;12270;20;;;12265.0;0.0
yf_MKC_d14;36000;ASH_COATED_OSMIUM;9932;14;9928;21;;;9938;25;9942;19;;;9935.0;0.0
yf_MKC_d14;36000;INTARIAN_PEPPER_ROOT;12251;21;12249;18;;;12280;16;12282;17;;;12265.5;0.0
yf_MKC_d14;36100;ASH_COATED_OSMIUM;9932;17;9929;23;;;9938;13;9941;26;;;9935.0;0.0
yf_MKC_d14;36100;INTARIAN_PEPPER_ROOT;12263;8;12260;15;;;12269;14;12272;16;;;12266.0;0.0
yf_MKC_d14;36200;ASH_COATED_OSMIUM;9922;20;9920;20;;;9948;14;9952;16;;;9935.0;0.0
yf_MKC_d14;36200;INTARIAN_PEPPER_ROOT;12263;13;12260;22;;;12269;16;12273;13;;;12266.0;0.0
yf_MKC_d14;36300;ASH_COATED_OSMIUM;9932;12;9928;18;;;9938;13;9940;11;;;9935.0;0.0
yf_MKC_d14;36300;INTARIAN_PEPPER_ROOT;12264;15;12260;13;;;12270;19;12272;15;;;12267.0;0.0
yf_MKC_d14;36400;ASH_COATED_OSMIUM;9930;12;9927;14;;;9941;12;9943;19;;;9935.5;0.0
yf_MKC_d14;36400;INTARIAN_PEPPER_ROOT;12258;10;12256;17;;;12276;7;12280;22;;;12267.0;0.0
yf_MKC_d14;36500;ASH_COATED_OSMIUM;9931;24;9927;19;;;9939;16;9942;15;;;9935.0;0.0
yf_MKC_d14;36500;INTARIAN_PEPPER_ROOT;12254;23;12252;16;;;12281;5;12283;17;;;12267.5;0.0
yf_MKC_d14;36600;ASH_COATED_OSMIUM;9933;17;9931;27;;;9939;24;9941;19;;;9936.0;0.0
yf_MKC_d14;36600;INTARIAN_PEPPER_ROOT;12262;5;12259;18;;;12274;19;12278;20;;;12268.0;0.0
yf_MKC_d14;36700;ASH_COATED_OSMIUM;9932;17;9928;15;;;9938;18;9942;22;;;9935.0;0.0
yf_MKC_d14;36700;INTARIAN_PEPPER_ROOT;12259;14;12257;19;;;12278;16;12281;28;;;12268.5;0.0
yf_MKC_d14;36800;ASH_COATED_OSMIUM;9931;19;9928;14;;;9940;15;9942;20;;;9935.5;0.0
yf_MKC_d14;36800;INTARIAN_PEPPER_ROOT;12266;16;12262;20;;;12272;17;12275;18;;;12269.0;0.0
yf_MKC_d14;36900;ASH_COATED_OSMIUM;9932;15;9929;11;;;9938;6;9941;19;;;9935.0;0.0
yf_MKC_d14;36900;INTARIAN_PEPPER_ROOT;12266;10;12264;19;;;12273;15;12276;24;;;12269.5;0.0
yf_MKC_d14;37000;ASH_COATED_OSMIUM;9924;12;9920;17;;;9949;25;9952;8;;;9936.5;0.0
yf_MKC_d14;37000;INTARIAN_PEPPER_ROOT;12266;12;12263;27;;;12273;5;12276;18;;;12269.5;0.0
yf_MKC_d14;37100;ASH_COATED_OSMIUM;9933;13;9929;22;;;9939;14;9941;28;;;9936.0;0.0
yf_MKC_d14;37100;INTARIAN_PEPPER_ROOT;12267;10;12263;15;;;12273;13;12277;21;;;12270.0;0.0
yf_MKC_d14;37200;ASH_COATED_OSMIUM;9933;14;9931;16;;;9939;20;9942;21;;;9936.0;0.0
yf_MKC_d14;37200;INTARIAN_PEPPER_ROOT;12268;15;12265;23;;;12274;14;12276;15;;;12271.0;0.0
yf_MKC_d14;37300;ASH_COATED_OSMIUM;9933;18;9929;19;;;9939;28;9943;25;;;9936.0;0.0
yf_MKC_d14;37300;INTARIAN_PEPPER_ROOT;12268;19;12266;22;;;12274;9;12276;21;;;12271.0;0.0
yf_MKC_d14;37400;ASH_COATED_OSMIUM;9933;14;9930;17;;;9939;9;9943;13;;;9936.0;0.0
yf_MKC_d14;37400;INTARIAN_PEPPER_ROOT;12267;19;12264;20;;;12276;11;12279;21;;;12271.5;0.0
yf_MKC_d14;37500;ASH_COATED_OSMIUM;9922;12;9919;20;;;9950;10;9954;24;;;9936.0;0.0
yf_MKC_d14;37500;INTARIAN_PEPPER_ROOT;12269;20;12265;14;;;12275;10;12279;20;;;12272.0;0.0
yf_MKC_d14;37600;ASH_COATED_OSMIUM;9930;14;9927;22;;;9942;9;9944;28;;;9936.0;0.0
yf_MKC_d14;37600;INTARIAN_PEPPER_ROOT;12270;15;12268;15;;;12276;17;12279;12;;;12273.0;0.0
yf_MKC_d14;37700;ASH_COATED_OSMIUM;9933;16;9930;18;;;9939;5;9942;19;;;9936.0;0.0
yf_MKC_d14;37700;INTARIAN_PEPPER_ROOT;12266;13;12262;20;;;12279;20;12282;19;;;12272.5;0.0
yf_MKC_d14;37800;ASH_COATED_OSMIUM;9933;10;9930;24;;;9939;14;9942;20;;;9936.0;0.0
yf_MKC_d14;37800;INTARIAN_PEPPER_ROOT;12270;12;12268;14;;;12276;14;12278;21;;;12273.0;0.0
yf_MKC_d14;37900;ASH_COATED_OSMIUM;9933;13;9930;14;;;9939;16;9943;19;;;9936.0;0.0
yf_MKC_d14;37900;INTARIAN_PEPPER_ROOT;12271;14;12268;20;;;12277;14;12279;15;;;12274.0;0.0
yf_MKC_d14;38000;ASH_COATED_OSMIUM;9934;19;9931;18;;;9940;16;9944;19;;;9937.0;0.0
yf_MKC_d14;38000;INTARIAN_PEPPER_ROOT;12271;23;12268;28;;;12277;5;12279;21;;;12274.0;0.0
yf_MKC_d14;38100;ASH_COATED_OSMIUM;9934;7;9931;24;;;9940;19;9942;15;;;9937.0;0.0
yf_MKC_d14;38100;INTARIAN_PEPPER_ROOT;12271;14;12269;14;;;12277;5;12281;19;;;12274.0;0.0
yf_MKC_d14;38200;ASH_COATED_OSMIUM;9934;9;9931;23;;;9940;19;9942;20;;;9937.0;0.0
yf_MKC_d14;38200;INTARIAN_PEPPER_ROOT;12261;7;12258;24;;;12287;21;12289;20;;;12274.0;0.0
yf_MKC_d14;38300;ASH_COATED_OSMIUM;9930;17;9926;20;;;9943;9;9945;14;;;9936.5;0.0
yf_MKC_d14;38300;INTARIAN_PEPPER_ROOT;12272;17;12270;25;;;12278;10;12281;17;;;12275.0;0.0
yf_MKC_d14;38400;ASH_COATED_OSMIUM;9926;8;9922;25;;;9946;11;9949;25;;;9936.0;0.0
yf_MKC_d14;38400;INTARIAN_PEPPER_ROOT;12273;18;12270;20;;;12279;9;12283;14;;;12276.0;0.0
yf_MKC_d14;38500;ASH_COATED_OSMIUM;9934;16;9930;21;;;9940;11;9943;23;;;9937.0;0.0
yf_MKC_d14;38500;INTARIAN_PEPPER_ROOT;12273;7;12269;29;;;12279;21;12282;19;;;12276.0;0.0
yf_MKC_d14;38600;ASH_COATED_OSMIUM;9934;16;9930;19;;;9940;15;9943;26;;;9937.0;0.0
yf_MKC_d14;38600;INTARIAN_PEPPER_ROOT;12263;17;12260;20;;;12290;16;12293;19;;;12276.5;0.0
yf_MKC_d14;38700;ASH_COATED_OSMIUM;9934;18;9930;21;;;9940;22;9944;20;;;9937.0;0.0
yf_MKC_d14;38700;INTARIAN_PEPPER_ROOT;12273;19;12271;23;;;12280;17;12284;18;;;12276.5;0.0
yf_MKC_d14;38800;ASH_COATED_OSMIUM;9931;23;9927;19;;;9944;12;9947;17;;;9937.5;0.0
yf_MKC_d14;38800;INTARIAN_PEPPER_ROOT;12274;13;12272;21;;;12280;12;12283;18;;;12277.0;0.0
yf_MKC_d14;38900;ASH_COATED_OSMIUM;9934;15;9931;20;;;9940;19;9943;26;;;9937.0;0.0
yf_MKC_d14;38900;INTARIAN_PEPPER_ROOT;12275;15;12271;21;;;12281;10;12283;14;;;12278.0;0.0
yf_MKC_d14;39000;ASH_COATED_OSMIUM;9934;13;9930;17;;;9940;11;9942;18;;;9937.0;0.0
yf_MKC_d14;39000;INTARIAN_PEPPER_ROOT;12275;6;12273;14;;;12281;12;12285;19;;;12278.0;0.0
yf_MKC_d14;39100;ASH_COATED_OSMIUM;9918;17;9916;19;;;9959;18;9963;15;;;9938.5;0.0
yf_MKC_d14;39100;INTARIAN_PEPPER_ROOT;12268;14;12264;18;;;12290;9;12293;20;;;12279.0;0.0
yf_MKC_d14;39200;ASH_COATED_OSMIUM;9929;10;9926;17;;;9946;10;9948;15;;;9937.5;0.0
yf_MKC_d14;39200;INTARIAN_PEPPER_ROOT;12272;21;12268;14;;;12287;6;12290;23;;;12279.5;0.0
yf_MKC_d14;39300;ASH_COATED_OSMIUM;9932;12;9928;19;;;9943;14;9945;20;;;9937.5;0.0
yf_MKC_d14;39300;INTARIAN_PEPPER_ROOT;12276;13;12272;25;;;12282;15;12286;27;;;12279.0;0.0
yf_MKC_d14;39400;ASH_COATED_OSMIUM;9935;17;9932;30;;;9941;17;9945;16;;;9938.0;0.0
yf_MKC_d14;39400;INTARIAN_PEPPER_ROOT;12277;17;12275;22;;;12283;16;12285;19;;;12280.0;0.0
yf_MKC_d14;39500;ASH_COATED_OSMIUM;9935;21;9932;21;;;9942;9;9945;18;;;9938.5;0.0
yf_MKC_d14;39500;INTARIAN_PEPPER_ROOT;12275;15;12271;20;;;12286;9;12289;22;;;12280.5;0.0
yf_MKC_d14;39600;ASH_COATED_OSMIUM;9935;11;9932;15;;;9941;19;9945;25;;;9938.0;0.0
yf_MKC_d14;39600;INTARIAN_PEPPER_ROOT;12275;15;12273;23;;;12286;10;12288;23;;;12280.5;0.0
yf_MKC_d14;39700;ASH_COATED_OSMIUM;9932;16;9929;19;;;9944;13;9948;18;;;9938.0;0.0
yf_MKC_d14;39700;INTARIAN_PEPPER_ROOT;12271;19;12267;30;;;12292;14;12296;15;;;12281.5;0.0
yf_MKC_d14;39800;ASH_COATED_OSMIUM;9935;20;9932;25;;;9941;14;9945;19;;;9938.0;0.0
yf_MKC_d14;39800;INTARIAN_PEPPER_ROOT;12278;19;12276;14;;;12284;16;12286;25;;;12281.0;0.0
yf_MKC_d14;39900;ASH_COATED_OSMIUM;9935;10;9933;21;;;9941;13;9944;23;;;9938.0;0.0
yf_MKC_d14;39900;INTARIAN_PEPPER_ROOT;12274;11;12271;27;;;12289;12;12291;31;;;12281.5;0.0
yf_MKC_d14;40000;ASH_COATED_OSMIUM;9935;15;9933;24;;;9941;15;9943;11;;;9938.0;0.0
yf_MKC_d14;40000;INTARIAN_PEPPER_ROOT;12279;19;12277;18;;;12285;23;12288;19;;;12282.0;0.0
yf_MKC_d14;40100;ASH_COATED_OSMIUM;9933;15;9929;17;;;9944;13;9948;22;;;9938.5;0.0
yf_MKC_d14;40100;INTARIAN_PEPPER_ROOT;12279;20;12277;14;;;12285;8;12289;29;;;12282.0;0.0
yf_MKC_d14;40200;ASH_COATED_OSMIUM;9936;15;9933;25;;;9942;12;9945;19;;;9939.0;0.0
yf_MKC_d14;40200;INTARIAN_PEPPER_ROOT;12280;11;12278;22;;;12286;13;12289;23;;;12283.0;0.0
yf_MKC_d14;40300;ASH_COATED_OSMIUM;9936;13;9932;18;;;9942;8;9945;22;;;9939.0;0.0
yf_MKC_d14;40300;INTARIAN_PEPPER_ROOT;12281;16;12277;18;;;12287;10;12290;12;;;12284.0;0.0
yf_MKC_d14;40400;ASH_COATED_OSMIUM;9930;12;9928;17;;;9947;11;9951;16;;;9938.5;0.0
yf_MKC_d14;40400;INTARIAN_PEPPER_ROOT;12281;11;12278;15;;;12287;16;12289;18;;;12284.0;0.0
yf_MKC_d14;40500;ASH_COATED_OSMIUM;9935;14;9931;17;;;9941;21;9944;15;;;9938.0;0.0
yf_MKC_d14;40500;INTARIAN_PEPPER_ROOT;12282;16;12279;15;;;12288;7;12290;22;;;12285.0;0.0
yf_MKC_d14;40600;ASH_COATED_OSMIUM;9934;13;9931;11;;;9944;18;9947;14;;;9939.0;0.0
yf_MKC_d14;40600;INTARIAN_PEPPER_ROOT;12281;14;12278;28;;;12287;20;12289;23;;;12284.0;0.0
yf_MKC_d14;40700;ASH_COATED_OSMIUM;9936;14;9932;22;;;9942;17;9944;19;;;9939.0;0.0
yf_MKC_d14;40700;INTARIAN_PEPPER_ROOT;12282;11;12279;18;;;12288;15;12290;10;;;12285.0;0.0
yf_MKC_d14;40800;ASH_COATED_OSMIUM;9936;18;9933;20;;;9942;19;9944;25;;;9939.0;0.0
yf_MKC_d14;40800;INTARIAN_PEPPER_ROOT;12282;22;12278;23;;;12288;9;12290;25;;;12285.0;0.0
yf_MKC_d14;40900;ASH_COATED_OSMIUM;9936;22;9933;27;;;9942;19;9946;17;;;9939.0;0.0
yf_MKC_d14;40900;INTARIAN_PEPPER_ROOT;12284;11;12281;24;;;12290;16;12294;10;;;12287.0;0.0
yf_MKC_d14;41000;ASH_COATED_OSMIUM;9936;12;9933;27;;;9942;21;9946;17;;;9939.0;0.0
yf_MKC_d14;41000;INTARIAN_PEPPER_ROOT;12283;15;12281;27;;;12289;13;12292;18;;;12286.0;0.0
yf_MKC_d14;41100;ASH_COATED_OSMIUM;9936;23;9932;29;;;9942;7;9946;22;;;9939.0;0.0
yf_MKC_d14;41100;INTARIAN_PEPPER_ROOT;12284;9;12282;25;;;12290;7;12294;25;;;12287.0;0.0
yf_MKC_d14;41200;ASH_COATED_OSMIUM;9936;18;9932;16;;;9942;24;9944;17;;;9939.0;0.0
yf_MKC_d14;41200;INTARIAN_PEPPER_ROOT;12284;14;12281;33;;;12290;13;12292;19;;;12287.0;0.0
yf_MKC_d14;41300;ASH_COATED_OSMIUM;9936;17;9933;21;;;9942;13;9945;20;;;9939.0;0.0
yf_MKC_d14;41300;INTARIAN_PEPPER_ROOT;12274;15;12271;17;;;12301;14;12305;17;;;12287.5;0.0
yf_MKC_d14;41400;ASH_COATED_OSMIUM;9936;19;9932;17;;;9942;13;9946;21;;;9939.0;0.0
yf_MKC_d14;41400;INTARIAN_PEPPER_ROOT;12285;17;12281;15;;;12292;10;12296;16;;;12288.5;0.0
yf_MKC_d14;41500;ASH_COATED_OSMIUM;9936;12;9932;22;;;9942;16;9946;21;;;9939.0;0.0
yf_MKC_d14;41500;INTARIAN_PEPPER_ROOT;12286;22;12283;15;;;12292;14;12296;20;;;12289.0;0.0
yf_MKC_d14;41600;ASH_COATED_OSMIUM;9937;10;9934;26;;;9943;20;9946;15;;;9940.0;0.0
yf_MKC_d14;41600;INTARIAN_PEPPER_ROOT;12286;7;12283;20;;;12292;10;12296;20;;;12289.0;0.0
yf_MKC_d14;41700;ASH_COATED_OSMIUM;9937;7;9933;9;;;9943;11;9946;33;;;9940.0;0.0
yf_MKC_d14;41700;INTARIAN_PEPPER_ROOT;12286;15;12282;17;;;12292;10;12295;21;;;12289.0;0.0
yf_MKC_d14;41800;ASH_COATED_OSMIUM;9937;7;9933;19;;;9943;18;9947;10;;;9940.0;0.0
yf_MKC_d14;41800;INTARIAN_PEPPER_ROOT;12287;19;12283;14;;;12293;15;12296;14;;;12290.0;0.0
yf_MKC_d14;41900;ASH_COATED_OSMIUM;9937;20;9933;20;;;9943;15;9945;15;;;9940.0;0.0
yf_MKC_d14;41900;INTARIAN_PEPPER_ROOT;12287;15;12284;9;;;12293;15;12297;22;;;12290.0;0.0
yf_MKC_d14;42000;ASH_COATED_OSMIUM;9937;5;9934;24;;;9943;19;9946;21;;;9940.0;0.0
yf_MKC_d14;42000;INTARIAN_PEPPER_ROOT;12287;11;12283;23;;;12293;19;12296;20;;;12290.0;0.0
yf_MKC_d14;42100;ASH_COATED_OSMIUM;9937;13;9935;29;;;9943;20;9946;15;;;9940.0;0.0
yf_MKC_d14;42100;INTARIAN_PEPPER_ROOT;12288;21;12285;14;;;12294;26;12298;18;;;12291.0;0.0
yf_MKC_d14;42200;ASH_COATED_OSMIUM;9937;16;9935;21;;;9943;24;9945;26;;;9940.0;0.0
yf_MKC_d14;42200;INTARIAN_PEPPER_ROOT;12288;13;12285;25;;;12294;8;12298;19;;;12291.0;0.0
yf_MKC_d14;42300;ASH_COATED_OSMIUM;9937;16;9935;18;;;9943;14;9946;29;;;9940.0;0.0
yf_MKC_d14;42300;INTARIAN_PEPPER_ROOT;12289;26;12285;13;;;12295;8;12298;25;;;12292.0;0.0
yf_MKC_d14;42400;ASH_COATED_OSMIUM;9936;6;9933;19;;;9946;14;9950;14;;;9941.0;0.0
yf_MKC_d14;42400;INTARIAN_PEPPER_ROOT;12284;24;12281;24;;;12302;9;12305;24;;;12293.0;0.0
yf_MKC_d14;42500;ASH_COATED_OSMIUM;9937;22;9935;17;;;9943;23;9945;21;;;9940.0;0.0
yf_MKC_d14;42500;INTARIAN_PEPPER_ROOT;12282;18;12280;26;;;12302;15;12306;19;;;12292.0;0.0
yf_MKC_d14;42600;ASH_COATED_OSMIUM;9935;12;9932;16;;;9945;8;9947;16;;;9940.0;0.0
yf_MKC_d14;42600;INTARIAN_PEPPER_ROOT;12290;12;12288;22;;;12297;16;12301;15;;;12293.5;0.0
yf_MKC_d14;42700;ASH_COATED_OSMIUM;9931;15;9928;20;;;9950;12;9952;19;;;9940.5;0.0
yf_MKC_d14;42700;INTARIAN_PEPPER_ROOT;12282;9;12280;35;;;12303;5;12305;19;;;12292.5;0.0
yf_MKC_d14;42800;ASH_COATED_OSMIUM;9930;11;9926;19;;;9952;9;9955;19;;;9941.0;0.0
yf_MKC_d14;42800;INTARIAN_PEPPER_ROOT;12290;20;12286;25;;;12299;18;12303;17;;;12294.5;0.0
yf_MKC_d14;42900;ASH_COATED_OSMIUM;9938;15;9935;21;;;9944;15;9946;9;;;9941.0;0.0
yf_MKC_d14;42900;INTARIAN_PEPPER_ROOT;12291;16;12289;20;;;12299;13;12303;20;;;12295.0;0.0
yf_MKC_d14;43000;ASH_COATED_OSMIUM;9937;7;9935;17;;;9943;11;9946;23;;;9940.0;0.0
yf_MKC_d14;43000;INTARIAN_PEPPER_ROOT;12290;12;12286;24;;;12300;17;12304;18;;;12295.0;0.0
yf_MKC_d14;43100;ASH_COATED_OSMIUM;9937;18;9935;25;;;9943;17;9947;22;;;9940.0;0.0
yf_MKC_d14;43100;INTARIAN_PEPPER_ROOT;12292;15;12290;15;;;12298;20;12302;17;;;12295.0;0.0
yf_MKC_d14;43200;ASH_COATED_OSMIUM;9938;25;9936;20;;;9944;24;9948;19;;;9941.0;0.0
yf_MKC_d14;43200;INTARIAN_PEPPER_ROOT;12282;21;12279;21;;;12309;20;12311;13;;;12295.5;0.0
yf_MKC_d14;43300;ASH_COATED_OSMIUM;9938;13;9934;19;;;9944;19;9946;15;;;9941.0;0.0
yf_MKC_d14;43300;INTARIAN_PEPPER_ROOT;12292;24;12290;17;;;12300;6;12302;23;;;12296.0;0.0
yf_MKC_d14;43400;ASH_COATED_OSMIUM;9928;19;9924;22;;;9953;13;9957;23;;;9940.5;0.0
yf_MKC_d14;43400;INTARIAN_PEPPER_ROOT;12290;23;12288;24;;;12303;15;12306;18;;;12296.5;0.0
yf_MKC_d14;43500;ASH_COATED_OSMIUM;9937;17;9935;17;;;9944;13;9946;16;;;9940.5;0.0
yf_MKC_d14;43500;INTARIAN_PEPPER_ROOT;12290;21;12287;24;;;12303;17;12307;20;;;12296.5;0.0
yf_MKC_d14;43600;ASH_COATED_OSMIUM;9938;20;9936;23;;;9944;11;9946;15;;;9941.0;0.0
yf_MKC_d14;43600;INTARIAN_PEPPER_ROOT;12291;14;12287;19;;;12304;13;12307;18;;;12297.5;0.0
yf_MKC_d14;43700;ASH_COATED_OSMIUM;9921;16;9918;20;;;9963;25;9966;25;;;9942.0;0.0
yf_MKC_d14;43700;INTARIAN_PEPPER_ROOT;12295;13;12293;27;;;12301;22;12303;13;;;12298.0;0.0
yf_MKC_d14;43800;ASH_COATED_OSMIUM;9938;19;9935;21;;;9944;21;9946;18;;;9941.0;0.0
yf_MKC_d14;43800;INTARIAN_PEPPER_ROOT;12293;7;12291;22;;;12304;19;12306;24;;;12298.5;0.0
yf_MKC_d14;43900;ASH_COATED_OSMIUM;9937;16;9934;15;;;9946;12;9948;14;;;9941.5;0.0
yf_MKC_d14;43900;INTARIAN_PEPPER_ROOT;12296;19;12292;17;;;12302;14;12304;21;;;12299.0;0.0
yf_MKC_d14;44000;ASH_COATED_OSMIUM;9937;14;9934;26;;;9947;14;9950;14;;;9942.0;0.0
yf_MKC_d14;44000;INTARIAN_PEPPER_ROOT;12294;15;12292;28;;;12303;25;12305;17;;;12298.5;0.0
yf_MKC_d14;44100;ASH_COATED_OSMIUM;9938;19;9934;28;;;9944;5;9947;17;;;9941.0;0.0
yf_MKC_d14;44100;INTARIAN_PEPPER_ROOT;12296;16;12292;15;;;12302;13;12305;18;;;12299.0;0.0
yf_MKC_d14;44200;ASH_COATED_OSMIUM;9939;23;9937;21;;;9945;21;9947;16;;;9942.0;0.0
yf_MKC_d14;44200;INTARIAN_PEPPER_ROOT;12296;16;12292;23;;;12304;10;12306;17;;;12300.0;0.0
yf_MKC_d14;44300;ASH_COATED_OSMIUM;9939;8;9936;22;;;9945;15;9948;24;;;9942.0;0.0
yf_MKC_d14;44300;INTARIAN_PEPPER_ROOT;12297;15;12294;13;;;12303;14;12305;22;;;12300.0;0.0
yf_MKC_d14;44400;ASH_COATED_OSMIUM;9939;15;9936;20;;;9945;20;9949;19;;;9942.0;0.0
yf_MKC_d14;44400;INTARIAN_PEPPER_ROOT;12288;18;12285;18;;;12314;16;12316;18;;;12301.0;0.0
yf_MKC_d14;44500;ASH_COATED_OSMIUM;9939;13;9937;18;;;9946;20;9949;12;;;9942.5;0.0
yf_MKC_d14;44500;INTARIAN_PEPPER_ROOT;12298;16;12295;26;;;12304;19;12306;20;;;12301.0;0.0
yf_MKC_d14;44600;ASH_COATED_OSMIUM;9938;15;9935;14;;;9945;16;9947;10;;;9941.5;0.0
yf_MKC_d14;44600;INTARIAN_PEPPER_ROOT;12299;8;12296;22;;;12305;11;12308;21;;;12302.0;0.0
yf_MKC_d14;44700;ASH_COATED_OSMIUM;9933;5;9931;14;;;9951;8;9955;22;;;9942.0;0.0
yf_MKC_d14;44700;INTARIAN_PEPPER_ROOT;12299;19;12296;14;;;12305;15;12308;20;;;12302.0;0.0
yf_MKC_d14;44800;ASH_COATED_OSMIUM;9937;13;9933;26;;;9947;10;9950;21;;;9942.0;0.0
yf_MKC_d14;44800;INTARIAN_PEPPER_ROOT;12299;21;12295;17;;;12305;17;12309;25;;;12302.0;0.0
yf_MKC_d14;44900;ASH_COATED_OSMIUM;9938;13;9936;13;;;9946;21;9948;15;;;9942.0;0.0
yf_MKC_d14;44900;INTARIAN_PEPPER_ROOT;12300;7;12297;23;;;12306;18;12308;13;;;12303.0;0.0
yf_MKC_d14;45000;ASH_COATED_OSMIUM;9934;13;9932;21;;;9952;10;9955;17;;;9943.0;0.0
yf_MKC_d14;45000;INTARIAN_PEPPER_ROOT;12291;18;12288;18;;;12316;6;12319;24;;;12303.5;0.0
yf_MKC_d14;45100;ASH_COATED_OSMIUM;9940;21;9938;17;;;9946;13;9950;23;;;9943.0;0.0
yf_MKC_d14;45100;INTARIAN_PEPPER_ROOT;12300;9;12297;23;;;12306;16;12310;23;;;12303.0;0.0
yf_MKC_d14;45200;ASH_COATED_OSMIUM;9940;7;9936;28;;;9946;5;9948;17;;;9943.0;0.0
yf_MKC_d14;45200;INTARIAN_PEPPER_ROOT;12300;10;12298;14;;;12306;22;12310;25;;;12303.0;0.0
yf_MKC_d14;45300;ASH_COATED_OSMIUM;9938;8;9936;21;;;9946;14;9950;27;;;9942.0;0.0
yf_MKC_d14;45300;INTARIAN_PEPPER_ROOT;12302;14;12300;16;;;12308;17;12311;23;;;12305.0;0.0
yf_MKC_d14;45400;ASH_COATED_OSMIUM;9936;14;9932;22;;;9949;13;9951;20;;;9942.5;0.0
yf_MKC_d14;45400;INTARIAN_PEPPER_ROOT;12299;18;12295;26;;;12310;8;12312;19;;;12304.5;0.0
yf_MKC_d14;45500;ASH_COATED_OSMIUM;9939;15;9935;19;;;9945;5;9948;25;;;9942.0;0.0
yf_MKC_d14;45500;INTARIAN_PEPPER_ROOT;12301;17;12298;8;;;12309;18;12313;12;;;12305.0;0.0
yf_MKC_d14;45600;ASH_COATED_OSMIUM;9933;18;9931;20;;;9953;15;9956;26;;;9943.0;0.0
yf_MKC_d14;45600;INTARIAN_PEPPER_ROOT;12303;12;12300;17;;;12309;10;12313;20;;;12306.0;0.0
yf_MKC_d14;45700;ASH_COATED_OSMIUM;9937;5;9935;23;;;9949;12;9953;12;;;9943.0;0.0
yf_MKC_d14;45700;INTARIAN_PEPPER_ROOT;12297;14;12295;22;;;12315;6;12318;21;;;12306.0;0.0
yf_MKC_d14;45800;ASH_COATED_OSMIUM;9940;17;9936;17;;;9948;16;9952;23;;;9944.0;0.0
yf_MKC_d14;45800;INTARIAN_PEPPER_ROOT;12303;21;12301;13;;;12309;21;12312;16;;;12306.0;0.0
yf_MKC_d14;45900;ASH_COATED_OSMIUM;9940;12;9938;20;;;9946;7;9948;16;;;9943.0;0.0
yf_MKC_d14;45900;INTARIAN_PEPPER_ROOT;12304;14;12301;20;;;12310;10;12312;18;;;12307.0;0.0
yf_MKC_d14;46000;ASH_COATED_OSMIUM;9941;8;9939;11;;;9947;14;9951;27;;;9944.0;0.0
yf_MKC_d14;46000;INTARIAN_PEPPER_ROOT;12304;20;12301;14;;;12310;23;12312;26;;;12307.0;0.0
yf_MKC_d14;46100;ASH_COATED_OSMIUM;9941;12;9938;20;;;9947;9;9949;8;;;9944.0;0.0
yf_MKC_d14;46100;INTARIAN_PEPPER_ROOT;12305;18;12301;22;;;12311;19;12315;30;;;12308.0;0.0
yf_MKC_d14;46200;ASH_COATED_OSMIUM;9930;19;9928;29;;;9957;21;9961;23;;;9943.5;0.0
yf_MKC_d14;46200;INTARIAN_PEPPER_ROOT;12305;13;12303;13;;;12311;28;12313;22;;;12308.0;0.0
yf_MKC_d14;46300;ASH_COATED_OSMIUM;9941;11;9939;15;;;9947;15;9949;9;;;9944.0;0.0
yf_MKC_d14;46300;INTARIAN_PEPPER_ROOT;12305;13;12301;18;;;12312;8;12316;15;;;12308.5;0.0
yf_MKC_d14;46400;ASH_COATED_OSMIUM;9940;11;9938;21;;;9946;6;9950;17;;;9943.0;0.0
yf_MKC_d14;46400;INTARIAN_PEPPER_ROOT;12306;26;12304;19;;;12312;16;12315;15;;;12309.0;0.0
yf_MKC_d14;46500;ASH_COATED_OSMIUM;9940;14;9936;15;;;9946;24;9949;17;;;9943.0;0.0
yf_MKC_d14;46500;INTARIAN_PEPPER_ROOT;12306;14;12304;21;;;12312;17;12315;26;;;12309.0;0.0
yf_MKC_d14;46600;ASH_COATED_OSMIUM;9939;12;9935;9;;;9948;25;9951;20;;;9943.5;0.0
yf_MKC_d14;46600;INTARIAN_PEPPER_ROOT;12306;21;12304;14;;;12314;15;12316;18;;;12310.0;0.0
yf_MKC_d14;46700;ASH_COATED_OSMIUM;9939;7;9936;18;;;9949;17;9953;24;;;9944.0;0.0
yf_MKC_d14;46700;INTARIAN_PEPPER_ROOT;12307;14;12304;15;;;12313;16;12315;17;;;12310.0;0.0
yf_MKC_d14;46800;ASH_COATED_OSMIUM;9939;16;9936;16;;;9949;19;9952;20;;;9944.0;0.0
yf_MKC_d14;46800;INTARIAN_PEPPER_ROOT;12307;15;12305;22;;;12313;12;12317;21;;;12310.0;0.0
yf_MKC_d14;46900;ASH_COATED_OSMIUM;9941;13;9938;20;;;9947;14;9950;15;;;9944.0;0.0
yf_MKC_d14;46900;INTARIAN_PEPPER_ROOT;12306;14;12302;24;;;12316;22;12318;20;;;12311.0;0.0
yf_MKC_d14;47000;ASH_COATED_OSMIUM;9941;21;9937;23;;;9947;9;9951;27;;;9944.0;0.0
yf_MKC_d14;47000;INTARIAN_PEPPER_ROOT;12308;5;12306;17;;;12314;18;12317;19;;;12311.0;0.0
yf_MKC_d14;47100;ASH_COATED_OSMIUM;9941;17;9937;20;;;9947;20;9951;16;;;9944.0;0.0
yf_MKC_d14;47100;INTARIAN_PEPPER_ROOT;12305;17;12301;13;;;12318;19;12322;9;;;12311.5;0.0
yf_MKC_d14;47200;ASH_COATED_OSMIUM;9933;7;9929;23;;;9954;25;9956;25;;;9943.5;0.0
yf_MKC_d14;47200;INTARIAN_PEPPER_ROOT;12308;5;12304;19;;;12314;24;12316;14;;;12311.0;0.0
yf_MKC_d14;47300;ASH_COATED_OSMIUM;9938;13;9936;11;;;9952;9;9954;27;;;9945.0;0.0
yf_MKC_d14;47300;INTARIAN_PEPPER_ROOT;12310;13;12307;22;;;12317;12;12319;26;;;12313.5;0.0
yf_MKC_d14;47400;ASH_COATED_OSMIUM;9934;17;9932;17;;;9954;14;9958;14;;;9944.0;0.0
yf_MKC_d14;47400;INTARIAN_PEPPER_ROOT;12308;16;12304;28;;;12318;22;12322;23;;;12313.0;0.0
yf_MKC_d14;47500;ASH_COATED_OSMIUM;9942;8;9938;20;;;9948;14;9951;21;;;9945.0;0.0
yf_MKC_d14;47500;INTARIAN_PEPPER_ROOT;12309;15;12307;8;;;12318;19;12320;29;;;12313.5;0.0
yf_MKC_d14;47600;ASH_COATED_OSMIUM;9936;19;9932;21;;;9953;17;9956;33;;;9944.5;0.0
yf_MKC_d14;47600;INTARIAN_PEPPER_ROOT;12311;14;12308;14;;;12317;23;12320;19;;;12314.0;0.0
yf_MKC_d14;47700;ASH_COATED_OSMIUM;9940;22;9938;16;;;9949;14;9951;19;;;9944.5;0.0
yf_MKC_d14;47700;INTARIAN_PEPPER_ROOT;12307;20;12303;18;;;12322;11;12326;16;;;12314.5;0.0
yf_MKC_d14;47800;ASH_COATED_OSMIUM;9941;12;9939;13;;;9949;21;9953;21;;;9945.0;0.0
yf_MKC_d14;47800;INTARIAN_PEPPER_ROOT;12309;16;12307;22;;;12321;11;12323;24;;;12315.0;0.0
yf_MKC_d14;47900;ASH_COATED_OSMIUM;9937;19;9934;29;;;9952;24;9955;16;;;9944.5;0.0
yf_MKC_d14;47900;INTARIAN_PEPPER_ROOT;12304;15;12300;23;;;12326;15;12328;17;;;12315.0;0.0
yf_MKC_d14;48000;ASH_COATED_OSMIUM;9939;5;9936;25;;;9950;10;9952;20;;;9944.5;0.0
yf_MKC_d14;48000;INTARIAN_PEPPER_ROOT;12313;15;12311;24;;;12319;12;12322;17;;;12316.0;0.0
yf_MKC_d14;48100;ASH_COATED_OSMIUM;9943;15;9940;27;;;9949;17;9951;26;;;9946.0;0.0
yf_MKC_d14;48100;INTARIAN_PEPPER_ROOT;12313;5;12311;29;;;12319;15;12322;18;;;12316.0;0.0
yf_MKC_d14;48200;ASH_COATED_OSMIUM;9941;15;9938;29;;;9949;10;9951;15;;;9945.0;0.0
yf_MKC_d14;48200;INTARIAN_PEPPER_ROOT;12314;16;12312;16;;;12320;12;12324;22;;;12317.0;0.0
yf_MKC_d14;48300;ASH_COATED_OSMIUM;9936;5;9932;24;;;9953;9;9957;19;;;9944.5;0.0
yf_MKC_d14;48300;INTARIAN_PEPPER_ROOT;12314;19;12312;11;;;12320;21;12323;30;;;12317.0;0.0
yf_MKC_d14;48400;ASH_COATED_OSMIUM;9943;11;9940;26;;;9949;5;9952;25;;;9946.0;0.0
yf_MKC_d14;48400;INTARIAN_PEPPER_ROOT;12314;18;12310;14;;;12320;14;12324;20;;;12317.0;0.0
yf_MKC_d14;48500;ASH_COATED_OSMIUM;9942;15;9938;18;;;9948;23;9951;24;;;9945.0;0.0
yf_MKC_d14;48500;INTARIAN_PEPPER_ROOT;12311;11;12307;28;;;12324;22;12327;18;;;12317.5;0.0
yf_MKC_d14;48600;ASH_COATED_OSMIUM;9942;10;9938;26;;;9948;7;9951;15;;;9945.0;0.0
yf_MKC_d14;48600;INTARIAN_PEPPER_ROOT;12315;10;12312;34;;;12321;17;12325;19;;;12318.0;0.0
yf_MKC_d14;48700;ASH_COATED_OSMIUM;9943;9;9939;8;;;9949;17;9951;16;;;9946.0;0.0
yf_MKC_d14;48700;INTARIAN_PEPPER_ROOT;12310;16;12306;15;;;12329;16;12333;21;;;12319.5;0.0
yf_MKC_d14;48800;ASH_COATED_OSMIUM;9939;21;9935;19;;;9953;16;9955;23;;;9946.0;0.0
yf_MKC_d14;48800;INTARIAN_PEPPER_ROOT;12315;13;12312;17;;;12321;13;12323;14;;;12318.0;0.0
yf_MKC_d14;48900;ASH_COATED_OSMIUM;9941;19;9938;16;;;9951;13;9953;20;;;9946.0;0.0
yf_MKC_d14;48900;INTARIAN_PEPPER_ROOT;12317;20;12315;16;;;12323;13;12325;19;;;12320.0;0.0
yf_MKC_d14;49000;ASH_COATED_OSMIUM;9943;13;9940;22;;;9949;12;9953;19;;;9946.0;0.0
yf_MKC_d14;49000;INTARIAN_PEPPER_ROOT;12317;13;12314;16;;;12323;22;12325;20;;;12320.0;0.0
yf_MKC_d14;49100;ASH_COATED_OSMIUM;9943;14;9939;22;;;9949;16;9951;19;;;9946.0;0.0
yf_MKC_d14;49100;INTARIAN_PEPPER_ROOT;12317;9;12313;22;;;12325;7;12328;23;;;12321.0;0.0
yf_MKC_d14;49200;ASH_COATED_OSMIUM;9942;13;9940;26;;;9948;16;9950;21;;;9945.0;0.0
yf_MKC_d14;49200;INTARIAN_PEPPER_ROOT;12318;18;12315;29;;;12324;13;12327;24;;;12321.0;0.0
yf_MKC_d14;49300;ASH_COATED_OSMIUM;9935;20;9932;17;;;9958;17;9961;25;;;9946.5;0.0
yf_MKC_d14;49300;INTARIAN_PEPPER_ROOT;12318;15;12316;31;;;12324;12;12328;28;;;12321.0;0.0
yf_MKC_d14;49400;ASH_COATED_OSMIUM;9943;18;9939;15;;;9949;13;9953;13;;;9946.0;0.0
yf_MKC_d14;49400;INTARIAN_PEPPER_ROOT;12319;21;12316;25;;;12325;18;12327;17;;;12322.0;0.0
yf_MKC_d14;49500;ASH_COATED_OSMIUM;9943;16;9940;19;;;9949;26;9953;21;;;9946.0;0.0
yf_MKC_d14;49500;INTARIAN_PEPPER_ROOT;12319;19;12315;21;;;12325;16;12328;15;;;12322.0;0.0
yf_MKC_d14;49600;ASH_COATED_OSMIUM;9937;8;9935;15;;;9955;18;9957;27;;;9946.0;0.0
yf_MKC_d14;49600;INTARIAN_PEPPER_ROOT;12318;16;12316;16;;;12327;12;12331;24;;;12322.5;0.0
yf_MKC_d14;49700;ASH_COATED_OSMIUM;9941;10;9939;20;;;9950;11;9953;13;;;9945.5;0.0
yf_MKC_d14;49700;INTARIAN_PEPPER_ROOT;12313;15;12310;16;;;12332;21;12336;23;;;12322.5;0.0
yf_MKC_d14;49800;ASH_COATED_OSMIUM;9943;14;9941;23;;;9949;9;9951;22;;;9946.0;0.0
yf_MKC_d14;49800;INTARIAN_PEPPER_ROOT;12320;15;12316;17;;;12326;12;12329;22;;;12323.0;0.0
yf_MKC_d14;49900;ASH_COATED_OSMIUM;9944;20;9942;14;;;9950;5;9953;27;;;9947.0;0.0
yf_MKC_d14;49900;INTARIAN_PEPPER_ROOT;12315;19;12312;17;;;12332;5;12335;13;;;12323.5;0.0
yf_MKC_d14;50000;ASH_COATED_OSMIUM;9944;16;9941;20;;;9950;5;9954;21;;;9947.0;0.0
yf_MKC_d14;50000;INTARIAN_PEPPER_ROOT;12321;15;12317;17;;;12327;10;12331;17;;;12324.0;0.0
yf_MKC_d14;50100;ASH_COATED_OSMIUM;9944;24;9941;14;;;9950;7;9954;15;;;9947.0;0.0
yf_MKC_d14;50100;INTARIAN_PEPPER_ROOT;12319;14;12317;21;;;12329;20;12331;18;;;12324.0;0.0
yf_MKC_d14;50200;ASH_COATED_OSMIUM;9943;13;9939;16;;;9950;22;9952;23;;;9946.5;0.0
yf_MKC_d14;50200;INTARIAN_PEPPER_ROOT;12322;16;12319;16;;;12328;16;12332;23;;;12325.0;0.0
yf_MKC_d14;50300;ASH_COATED_OSMIUM;9944;12;9940;15;;;9950;5;9953;20;;;9947.0;0.0
yf_MKC_d14;50300;INTARIAN_PEPPER_ROOT;12322;19;12318;23;;;12328;17;12330;22;;;12325.0;0.0
yf_MKC_d14;50400;ASH_COATED_OSMIUM;9944;14;9940;13;;;9950;18;9952;19;;;9947.0;0.0
yf_MKC_d14;50400;INTARIAN_PEPPER_ROOT;12316;18;12312;22;;;12335;21;12338;18;;;12325.5;0.0
yf_MKC_d14;50500;ASH_COATED_OSMIUM;9941;9;9939;21;;;9954;8;9956;25;;;9947.5;0.0
yf_MKC_d14;50500;INTARIAN_PEPPER_ROOT;12323;13;12319;32;;;12329;12;12332;8;;;12326.0;0.0
yf_MKC_d14;50600;ASH_COATED_OSMIUM;9944;9;9940;25;;;9950;16;9953;21;;;9947.0;0.0
yf_MKC_d14;50600;INTARIAN_PEPPER_ROOT;12315;6;12312;20;;;12338;20;12342;22;;;12326.5;0.0
yf_MKC_d14;50700;ASH_COATED_OSMIUM;9944;24;9942;20;;;9950;5;9952;20;;;9947.0;0.0
yf_MKC_d14;50700;INTARIAN_PEPPER_ROOT;12324;16;12321;17;;;12330;19;12333;18;;;12327.0;0.0
yf_MKC_d14;50800;ASH_COATED_OSMIUM;9944;5;9940;15;;;9950;15;9953;17;;;9947.0;0.0
yf_MKC_d14;50800;INTARIAN_PEPPER_ROOT;12318;12;12315;14;;;12337;16;12340;23;;;12327.5;0.0
yf_MKC_d14;50900;ASH_COATED_OSMIUM;9944;19;9940;24;;;9951;5;9953;26;;;9947.5;0.0
yf_MKC_d14;50900;INTARIAN_PEPPER_ROOT;12325;6;12323;15;;;12331;14;12333;28;;;12328.0;0.0
yf_MKC_d14;51000;ASH_COATED_OSMIUM;9945;22;9942;25;;;9951;19;9955;14;;;9948.0;0.0
yf_MKC_d14;51000;INTARIAN_PEPPER_ROOT;12307;18;12303;13;;;12348;11;12352;28;;;12327.5;0.0
yf_MKC_d14;51100;ASH_COATED_OSMIUM;9935;17;9933;22;;;9960;20;9962;23;;;9947.5;0.0
yf_MKC_d14;51100;INTARIAN_PEPPER_ROOT;12324;18;12322;22;;;12330;14;12334;18;;;12327.0;0.0
yf_MKC_d14;51200;ASH_COATED_OSMIUM;9945;15;9941;17;;;9951;21;9955;17;;;9948.0;0.0
yf_MKC_d14;51200;INTARIAN_PEPPER_ROOT;12318;15;12315;24;;;12335;14;12339;24;;;12326.5;0.0
yf_MKC_d14;51300;ASH_COATED_OSMIUM;9945;18;9943;17;;;9951;16;9953;28;;;9948.0;0.0
yf_MKC_d14;51300;INTARIAN_PEPPER_ROOT;12325;16;12321;16;;;12331;15;12335;20;;;12328.0;0.0
yf_MKC_d14;51400;ASH_COATED_OSMIUM;9945;13;9941;19;;;9951;17;9953;10;;;9948.0;0.0
yf_MKC_d14;51400;INTARIAN_PEPPER_ROOT;12314;5;12312;14;;;12340;8;12342;16;;;12327.0;0.0
yf_MKC_d14;51500;ASH_COATED_OSMIUM;9944;11;9941;28;;;9953;14;9955;23;;;9948.5;0.0
yf_MKC_d14;51500;INTARIAN_PEPPER_ROOT;12325;8;12321;13;;;12331;15;12334;18;;;12328.0;0.0
yf_MKC_d14;51600;ASH_COATED_OSMIUM;9946;19;9943;20;;;9952;14;9954;14;;;9949.0;0.0
yf_MKC_d14;51600;INTARIAN_PEPPER_ROOT;12324;18;12320;18;;;12330;9;12332;25;;;12327.0;0.0
yf_MKC_d14;51700;ASH_COATED_OSMIUM;9945;17;9941;19;;;9951;11;9954;22;;;9948.0;0.0
yf_MKC_d14;51700;INTARIAN_PEPPER_ROOT;12324;18;12320;16;;;12330;10;12333;21;;;12327.0;0.0
yf_MKC_d14;51800;ASH_COATED_OSMIUM;9945;17;9943;14;;;9951;8;9955;13;;;9948.0;0.0
yf_MKC_d14;51800;INTARIAN_PEPPER_ROOT;12324;14;12321;23;;;12330;12;12332;26;;;12327.0;0.0
yf_MKC_d14;51900;ASH_COATED_OSMIUM;9944;20;9941;23;;;9954;12;9956;24;;;9949.0;0.0
yf_MKC_d14;51900;INTARIAN_PEPPER_ROOT;12324;13;12320;13;;;12330;24;12332;18;;;12327.0;0.0
yf_MKC_d14;52000;ASH_COATED_OSMIUM;9946;12;9942;21;;;9952;15;9956;21;;;9949.0;0.0
yf_MKC_d14;52000;INTARIAN_PEPPER_ROOT;12323;5;12321;19;;;12332;13;12336;25;;;12327.5;0.0
yf_MKC_d14;52100;ASH_COATED_OSMIUM;9945;21;9942;15;;;9951;10;9954;16;;;9948.0;0.0
yf_MKC_d14;52100;INTARIAN_PEPPER_ROOT;12323;16;12319;21;;;12332;20;12335;24;;;12327.5;0.0
yf_MKC_d14;52200;ASH_COATED_OSMIUM;9946;21;9943;19;;;9952;17;9954;17;;;9949.0;0.0
yf_MKC_d14;52200;INTARIAN_PEPPER_ROOT;12324;18;12321;12;;;12330;11;12332;19;;;12327.0;0.0
yf_MKC_d14;52300;ASH_COATED_OSMIUM;9946;23;9944;19;;;9952;12;9955;15;;;9949.0;0.0
yf_MKC_d14;52300;INTARIAN_PEPPER_ROOT;12318;10;12315;21;;;12337;19;12341;18;;;12327.5;0.0
yf_MKC_d14;52400;ASH_COATED_OSMIUM;9944;17;9941;17;;;9953;9;9956;9;;;9948.5;0.0
yf_MKC_d14;52400;INTARIAN_PEPPER_ROOT;12320;16;12318;22;;;12333;16;12336;15;;;12326.5;0.0
yf_MKC_d14;52500;ASH_COATED_OSMIUM;9946;9;9942;21;;;9952;19;9955;12;;;9949.0;0.0
yf_MKC_d14;52500;INTARIAN_PEPPER_ROOT;12324;14;12321;20;;;12330;11;12333;23;;;12327.0;0.0
yf_MKC_d14;52600;ASH_COATED_OSMIUM;9947;10;9943;23;;;9953;16;9957;18;;;9950.0;0.0
yf_MKC_d14;52600;INTARIAN_PEPPER_ROOT;12323;15;12319;19;;;12329;22;12332;19;;;12326.0;0.0
yf_MKC_d14;52700;ASH_COATED_OSMIUM;9946;19;9943;24;;;9953;21;9955;18;;;9949.5;0.0
yf_MKC_d14;52700;INTARIAN_PEPPER_ROOT;12321;15;12318;11;;;12333;9;12335;19;;;12327.0;0.0
yf_MKC_d14;52800;ASH_COATED_OSMIUM;9938;20;9935;20;;;9962;13;9964;10;;;9950.0;0.0
yf_MKC_d14;52800;INTARIAN_PEPPER_ROOT;12321;13;12317;14;;;12333;17;12337;17;;;12327.0;0.0
yf_MKC_d14;52900;ASH_COATED_OSMIUM;9947;14;9943;17;;;9953;16;9956;25;;;9950.0;0.0
yf_MKC_d14;52900;INTARIAN_PEPPER_ROOT;12324;7;12321;26;;;12330;8;12332;14;;;12327.0;0.0
yf_MKC_d14;53000;ASH_COATED_OSMIUM;9947;20;9944;21;;;9953;21;9955;25;;;9950.0;0.0
yf_MKC_d14;53000;INTARIAN_PEPPER_ROOT;12325;18;12323;13;;;12331;16;12335;23;;;12328.0;0.0
yf_MKC_d14;53100;ASH_COATED_OSMIUM;9946;6;9943;17;;;9956;15;9960;22;;;9951.0;0.0
yf_MKC_d14;53100;INTARIAN_PEPPER_ROOT;12324;18;12322;21;;;12330;6;12334;26;;;12327.0;0.0
yf_MKC_d14;53200;ASH_COATED_OSMIUM;9948;6;9946;18;;;9954;18;9956;17;;;9951.0;0.0
yf_MKC_d14;53200;INTARIAN_PEPPER_ROOT;12324;15;12321;16;;;12330;5;12333;13;;;12327.0;0.0
yf_MKC_d14;53300;ASH_COATED_OSMIUM;9938;16;9936;14;;;9963;12;9965;28;;;9950.5;0.0
yf_MKC_d14;53300;INTARIAN_PEPPER_ROOT;12324;14;12322;20;;;12330;15;12334;11;;;12327.0;0.0
yf_MKC_d14;53400;ASH_COATED_OSMIUM;9947;8;9943;16;;;9955;25;9957;29;;;9951.0;0.0
yf_MKC_d14;53400;INTARIAN_PEPPER_ROOT;12324;16;12322;20;;;12330;12;12334;21;;;12327.0;0.0
yf_MKC_d14;53500;ASH_COATED_OSMIUM;9948;16;9945;17;;;9954;17;9957;16;;;9951.0;0.0
yf_MKC_d14;53500;INTARIAN_PEPPER_ROOT;12319;12;12317;20;;;12335;17;12339;27;;;12327.0;0.0
yf_MKC_d14;53600;ASH_COATED_OSMIUM;9944;14;9941;17;;;9957;13;9961;26;;;9950.5;0.0
yf_MKC_d14;53600;INTARIAN_PEPPER_ROOT;12324;12;12320;17;;;12330;20;12333;25;;;12327.0;0.0
yf_MKC_d14;53700;ASH_COATED_OSMIUM;9948;14;9946;18;;;9955;17;9959;23;;;9951.5;0.0
yf_MKC_d14;53700;INTARIAN_PEPPER_ROOT;12307;20;12304;22;;;12347;23;12350;13;;;12327.0;0.0
yf_MKC_d14;53800;ASH_COATED_OSMIUM;9944;14;9942;14;;;9960;9;9962;20;;;9952.0;0.0
yf_MKC_d14;53800;INTARIAN_PEPPER_ROOT;12324;17;12321;26;;;12330;12;12332;24;;;12327.0;0.0
yf_MKC_d14;53900;ASH_COATED_OSMIUM;9948;14;9945;22;;;9954;20;9956;15;;;9951.0;0.0
yf_MKC_d14;53900;INTARIAN_PEPPER_ROOT;12316;8;12312;21;;;12337;18;12340;23;;;12326.5;0.0
yf_MKC_d14;54000;ASH_COATED_OSMIUM;9949;15;9945;10;;;9955;15;9958;16;;;9952.0;0.0
yf_MKC_d14;54000;INTARIAN_PEPPER_ROOT;12324;17;12322;23;;;12330;26;12333;20;;;12327.0;0.0
yf_MKC_d14;54100;ASH_COATED_OSMIUM;9936;24;9934;21;;;9966;18;9970;17;;;9951.0;0.0
yf_MKC_d14;54100;INTARIAN_PEPPER_ROOT;12322;15;12318;11;;;12333;11;12336;24;;;12327.5;0.0
yf_MKC_d14;54200;ASH_COATED_OSMIUM;9943;18;9940;17;;;9961;16;9965;29;;;9952.0;0.0
yf_MKC_d14;54200;INTARIAN_PEPPER_ROOT;12323;14;12320;18;;;12329;16;12332;17;;;12326.0;0.0
yf_MKC_d14;54300;ASH_COATED_OSMIUM;9949;12;9945;20;;;9956;10;9960;16;;;9952.5;0.0
yf_MKC_d14;54300;INTARIAN_PEPPER_ROOT;12324;16;12321;16;;;12330;8;12333;20;;;12327.0;0.0
yf_MKC_d14;54400;ASH_COATED_OSMIUM;9949;15;9947;13;;;9955;15;9959;17;;;9952.0;0.0
yf_MKC_d14;54400;INTARIAN_PEPPER_ROOT;12324;16;12321;15;;;12330;21;12333;23;;;12327.0;0.0
yf_MKC_d14;54500;ASH_COATED_OSMIUM;9949;18;9945;9;;;9955;19;9959;20;;;9952.0;0.0
yf_MKC_d14;54500;INTARIAN_PEPPER_ROOT;12319;20;12317;23;;;12333;15;12335;19;;;12326.0;0.0
yf_MKC_d14;54600;ASH_COATED_OSMIUM;9949;13;9946;18;;;9955;11;9959;31;;;9952.0;0.0
yf_MKC_d14;54600;INTARIAN_PEPPER_ROOT;12323;13;12321;8;;;12329;14;12332;15;;;12326.0;0.0
yf_MKC_d14;54700;ASH_COATED_OSMIUM;9950;7;9946;20;;;9956;22;9959;19;;;9953.0;0.0
yf_MKC_d14;54700;INTARIAN_PEPPER_ROOT;12323;6;12320;20;;;12330;20;12333;20;;;12326.5;0.0
yf_MKC_d14;54800;ASH_COATED_OSMIUM;9950;5;9948;15;;;9956;19;9960;15;;;9953.0;0.0
yf_MKC_d14;54800;INTARIAN_PEPPER_ROOT;12323;13;12320;27;;;12329;21;12332;21;;;12326.0;0.0
yf_MKC_d14;54900;ASH_COATED_OSMIUM;9949;15;9946;16;;;9955;18;9959;25;;;9952.0;0.0
yf_MKC_d14;54900;INTARIAN_PEPPER_ROOT;12323;8;12319;14;;;12329;9;12333;14;;;12326.0;0.0
yf_MKC_d14;55000;ASH_COATED_OSMIUM;9947;23;9943;14;;;9958;15;9962;15;;;9952.5;0.0
yf_MKC_d14;55000;INTARIAN_PEPPER_ROOT;12323;8;12319;29;;;12329;6;12331;24;;;12326.0;0.0
yf_MKC_d14;55100;ASH_COATED_OSMIUM;9949;9;9945;13;;;9958;7;9961;32;;;9953.5;0.0
yf_MKC_d14;55100;INTARIAN_PEPPER_ROOT;12324;17;12322;12;;;12330;15;12334;24;;;12327.0;0.0
yf_MKC_d14;55200;ASH_COATED_OSMIUM;9950;12;9946;29;;;9956;11;9960;19;;;9953.0;0.0
yf_MKC_d14;55200;INTARIAN_PEPPER_ROOT;12321;14;12319;25;;;12331;14;12335;18;;;12326.0;0.0
yf_MKC_d14;55300;ASH_COATED_OSMIUM;9951;18;9949;23;;;9957;10;9961;18;;;9954.0;0.0
yf_MKC_d14;55300;INTARIAN_PEPPER_ROOT;12317;7;12313;28;;;12335;10;12337;23;;;12326.0;0.0
yf_MKC_d14;55400;ASH_COATED_OSMIUM;9945;21;9941;15;;;9961;20;9965;22;;;9953.0;0.0
yf_MKC_d14;55400;INTARIAN_PEPPER_ROOT;12318;14;12314;18;;;12334;11;12337;13;;;12326.0;0.0
yf_MKC_d14;55500;ASH_COATED_OSMIUM;9938;20;9935;19;;;9968;20;9972;15;;;9953.0;0.0
yf_MKC_d14;55500;INTARIAN_PEPPER_ROOT;12324;19;12320;17;;;12330;24;12332;20;;;12327.0;0.0
yf_MKC_d14;55600;ASH_COATED_OSMIUM;9948;15;9944;17;;;9959;12;9963;19;;;9953.5;0.0
yf_MKC_d14;55600;INTARIAN_PEPPER_ROOT;12323;10;12320;18;;;12329;17;12333;25;;;12326.0;0.0
yf_MKC_d14;55700;ASH_COATED_OSMIUM;9951;15;9949;20;;;9957;19;9959;29;;;9954.0;0.0
yf_MKC_d14;55700;INTARIAN_PEPPER_ROOT;12323;8;12320;18;;;12329;22;12331;24;;;12326.0;0.0
yf_MKC_d14;55800;ASH_COATED_OSMIUM;9951;20;9948;17;;;9957;5;9961;24;;;9954.0;0.0
yf_MKC_d14;55800;INTARIAN_PEPPER_ROOT;12323;10;12320;10;;;12329;12;12333;23;;;12326.0;0.0
yf_MKC_d14;55900;ASH_COATED_OSMIUM;9946;23;9943;24;;;9962;12;9964;15;;;9954.0;0.0
yf_MKC_d14;55900;INTARIAN_PEPPER_ROOT;12323;22;12319;25;;;12329;10;12332;17;;;12326.0;0.0
yf_MKC_d14;56000;ASH_COATED_OSMIUM;9950;21;9948;28;;;9958;20;9962;27;;;9954.0;0.0
yf_MKC_d14;56000;INTARIAN_PEPPER_ROOT;12323;18;12321;18;;;12329;24;12332;23;;;12326.0;0.0
yf_MKC_d14;56100;ASH_COATED_OSMIUM;9951;16;9948;21;;;9957;16;9961;9;;;9954.0;0.0
yf_MKC_d14;56100;INTARIAN_PEPPER_ROOT;12323;21;12321;18;;;12329;20;12332;19;;;12326.0;0.0
yf_MKC_d14;56200;ASH_COATED_OSMIUM;9951;18;9949;23;;;9957;23;9960;30;;;9954.0;0.0
yf_MKC_d14;56200;INTARIAN_PEPPER_ROOT;12323;12;12321;24;;;12329;9;12332;16;;;12326.0;0.0
yf_MKC_d14;56300;ASH_COATED_OSMIUM;9952;10;9948;24;;;9958;7;9960;21;;;9955.0;0.0
yf_MKC_d14;56300;INTARIAN_PEPPER_ROOT;12316;18;12314;9;;;12337;18;12339;15;;;12326.5;0.0
yf_MKC_d14;56400;ASH_COATED_OSMIUM;9952;21;9948;20;;;9958;20;9960;15;;;9955.0;0.0
yf_MKC_d14;56400;INTARIAN_PEPPER_ROOT;12323;16;12320;13;;;12329;13;12332;18;;;12326.0;0.0
yf_MKC_d14;56500;ASH_COATED_OSMIUM;9952;15;9948;27;;;9958;5;9960;24;;;9955.0;0.0
yf_MKC_d14;56500;INTARIAN_PEPPER_ROOT;12322;19;12319;16;;;12329;22;12331;9;;;12325.5;0.0
yf_MKC_d14;56600;ASH_COATED_OSMIUM;9951;13;9948;21;;;9959;10;9963;16;;;9955.0;0.0
yf_MKC_d14;56600;INTARIAN_PEPPER_ROOT;12323;5;12321;29;;;12329;11;12331;15;;;12326.0;0.0
yf_MKC_d14;56700;ASH_COATED_OSMIUM;9952;27;9949;16;;;9958;15;9962;19;;;9955.0;0.0
yf_MKC_d14;56700;INTARIAN_PEPPER_ROOT;12319;21;12317;23;;;12333;15;12336;11;;;12326.0;0.0
yf_MKC_d14;56800;ASH_COATED_OSMIUM;9952;13;9948;33;;;9958;15;9961;9;;;9955.0;0.0
yf_MKC_d14;56800;INTARIAN_PEPPER_ROOT;12323;11;12321;23;;;12329;22;12332;19;;;12326.0;0.0
yf_MKC_d14;56900;ASH_COATED_OSMIUM;9947;18;9945;21;;;9963;7;9965;14;;;9955.0;0.0
yf_MKC_d14;56900;INTARIAN_PEPPER_ROOT;12323;16;12321;14;;;12329;15;12333;19;;;12326.0;0.0
yf_MKC_d14;57000;ASH_COATED_OSMIUM;9952;5;9950;18;;;9959;20;9963;24;;;9955.5;0.0
yf_MKC_d14;57000;INTARIAN_PEPPER_ROOT;12314;5;12310;21;;;12339;25;12341;30;;;12326.5;0.0
yf_MKC_d14;57100;ASH_COATED_OSMIUM;9953;16;9951;25;;;9959;6;9962;18;;;9956.0;0.0
yf_MKC_d14;57100;INTARIAN_PEPPER_ROOT;12323;16;12320;11;;;12329;12;12333;34;;;12326.0;0.0
yf_MKC_d14;57200;ASH_COATED_OSMIUM;9953;12;9950;23;;;9959;16;9961;19;;;9956.0;0.0
yf_MKC_d14;57200;INTARIAN_PEPPER_ROOT;12319;16;12317;17;;;12331;18;12333;22;;;12325.0;0.0
yf_MKC_d14;57300;ASH_COATED_OSMIUM;9952;16;9950;29;;;9960;17;9962;24;;;9956.0;0.0
yf_MKC_d14;57300;INTARIAN_PEPPER_ROOT;12323;15;12319;23;;;12329;16;12332;23;;;12326.0;0.0
yf_MKC_d14;57400;ASH_COATED_OSMIUM;9944;20;9941;20;;;9968;5;9971;21;;;9956.0;0.0
yf_MKC_d14;57400;INTARIAN_PEPPER_ROOT;12323;21;12321;25;;;12329;17;12331;17;;;12326.0;0.0
yf_MKC_d14;57500;ASH_COATED_OSMIUM;9953;18;9949;17;;;9959;11;9962;18;;;9956.0;0.0
yf_MKC_d14;57500;INTARIAN_PEPPER_ROOT;12319;9;12315;16;;;12332;15;12336;17;;;12325.5;0.0
yf_MKC_d14;57600;ASH_COATED_OSMIUM;9953;21;9950;20;;;9959;19;9963;18;;;9956.0;0.0
yf_MKC_d14;57600;INTARIAN_PEPPER_ROOT;12318;7;12315;16;;;12334;21;12337;17;;;12326.0;0.0
yf_MKC_d14;57700;ASH_COATED_OSMIUM;9953;22;9951;32;;;9959;11;9961;26;;;9956.0;0.0
yf_MKC_d14;57700;INTARIAN_PEPPER_ROOT;12323;22;12321;16;;;12329;18;12332;13;;;12326.0;0.0
yf_MKC_d14;57800;ASH_COATED_OSMIUM;9954;18;9950;20;;;9960;18;9963;16;;;9957.0;0.0
yf_MKC_d14;57800;INTARIAN_PEPPER_ROOT;12316;11;12313;18;;;12335;10;12339;25;;;12325.5;0.0
yf_MKC_d14;57900;ASH_COATED_OSMIUM;9954;15;9951;12;;;9960;21;9964;12;;;9957.0;0.0
yf_MKC_d14;57900;INTARIAN_PEPPER_ROOT;12323;17;12320;17;;;12329;11;12332;23;;;12326.0;0.0
yf_MKC_d14;58000;ASH_COATED_OSMIUM;9952;21;9949;8;;;9962;15;9966;10;;;9957.0;0.0
yf_MKC_d14;58000;INTARIAN_PEPPER_ROOT;12323;20;12319;24;;;12329;22;12332;25;;;12326.0;0.0
yf_MKC_d14;58100;ASH_COATED_OSMIUM;9954;17;9951;19;;;9960;19;9963;20;;;9957.0;0.0
yf_MKC_d14;58100;INTARIAN_PEPPER_ROOT;12323;7;12320;13;;;12329;23;12331;31;;;12326.0;0.0
yf_MKC_d14;58200;ASH_COATED_OSMIUM;9948;12;9944;17;;;9967;14;9969;26;;;9957.5;0.0
yf_MKC_d14;58200;INTARIAN_PEPPER_ROOT;12320;5;12316;26;;;12331;12;12335;25;;;12325.5;0.0
yf_MKC_d14;58300;ASH_COATED_OSMIUM;9954;15;9951;21;;;9960;10;9964;28;;;9957.0;0.0
yf_MKC_d14;58300;INTARIAN_PEPPER_ROOT;12323;18;12320;20;;;12329;18;12331;17;;;12326.0;0.0
