day;timestamp;product;bid_price_1;bid_volume_1;bid_price_2;bid_volume_2;bid_price_3;bid_volume_3;ask_price_1;ask_volume_1;ask_price_2;ask_volume_2;ask_price_3;ask_volume_3;mid_price;profit_and_loss
yf_ZS=F_d7;0;ASH_COATED_OSMIUM;9897;11;9893;19;;;9903;7;9905;9;;;9900.0;0.0
yf_ZS=F_d7;0;INTARIAN_PEPPER_ROOT;11985;8;11981;17;;;11991;14;11995;25;;;11988.0;0.0
yf_ZS=F_d7;100;ASH_COATED_OSMIUM;9895;21;9892;21;;;9905;12;9907;12;;;9900.0;0.0
yf_ZS=F_d7;100;INTARIAN_PEPPER_ROOT;11984;15;11982;8;;;11993;14;11997;22;;;11988.5;0.0
yf_ZS=F_d7;200;ASH_COATED_OSMIUM;9884;15;9882;23;;;9916;11;9920;21;;;9900.0;0.0
yf_ZS=F_d7;200;INTARIAN_PEPPER_ROOT;11982;15;11978;11;;;11997;17;11999;23;;;11989.5;0.0
yf_ZS=F_d7;300;ASH_COATED_OSMIUM;9895;7;9893;19;;;9905;7;9907;25;;;9900.0;0.0
yf_ZS=F_d7;300;INTARIAN_PEPPER_ROOT;11987;17;11985;20;;;11993;15;11996;21;;;11990.0;0.0
yf_ZS=F_d7;400;ASH_COATED_OSMIUM;9890;23;9886;19;;;9911;18;9913;22;;;9900.5;0.0
yf_ZS=F_d7;400;INTARIAN_PEPPER_ROOT;11985;16;11981;21;;;11995;18;11997;24;;;11990.0;0.0
yf_ZS=F_d7;500;ASH_COATED_OSMIUM;9895;12;9892;21;;;9907;18;9909;17;;;9901.0;0.0
yf_ZS=F_d7;500;INTARIAN_PEPPER_ROOT;11986;13;11984;22;;;11995;15;11999;17;;;11990.5;0.0
yf_ZS=F_d7;600;ASH_COATED_OSMIUM;9898;17;9896;17;;;9905;26;9908;14;;;9901.5;0.0
yf_ZS=F_d7;600;INTARIAN_PEPPER_ROOT;11988;10;11984;16;;;11994;16;11996;13;;;11991.0;0.0
yf_ZS=F_d7;700;ASH_COATED_OSMIUM;9897;14;9894;20;;;9904;18;9906;13;;;9900.5;0.0
yf_ZS=F_d7;700;INTARIAN_PEPPER_ROOT;11982;14;11980;20;;;12001;16;12005;22;;;11991.5;0.0
yf_ZS=F_d7;800;ASH_COATED_OSMIUM;9898;14;9896;26;;;9904;13;9906;17;;;9901.0;0.0
yf_ZS=F_d7;800;INTARIAN_PEPPER_ROOT;11981;5;11977;20;;;12003;27;12006;26;;;11992.0;0.0
yf_ZS=F_d7;900;ASH_COATED_OSMIUM;9899;13;9896;18;;;9905;15;9908;23;;;9902.0;0.0
yf_ZS=F_d7;900;INTARIAN_PEPPER_ROOT;11990;19;11988;18;;;11996;22;11998;11;;;11993.0;0.0
yf_ZS=F_d7;1000;ASH_COATED_OSMIUM;9898;7;9896;22;;;9906;24;9908;22;;;9902.0;0.0
yf_ZS=F_d7;1000;INTARIAN_PEPPER_ROOT;11988;15;11984;24;;;11998;22;12001;25;;;11993.0;0.0
yf_ZS=F_d7;1100;ASH_COATED_OSMIUM;9899;17;9895;21;;;9905;17;9908;30;;;9902.0;0.0
yf_ZS=F_d7;1100;INTARIAN_PEPPER_ROOT;11991;6;11987;17;;;11997;6;12000;23;;;11994.0;0.0
yf_ZS=F_d7;1200;ASH_COATED_OSMIUM;9899;18;9896;23;;;9905;11;9907;18;;;9902.0;0.0
yf_ZS=F_d7;1200;INTARIAN_PEPPER_ROOT;11992;7;11989;17;;;11998;7;12000;14;;;11995.0;0.0
yf_ZS=F_d7;1300;ASH_COATED_OSMIUM;9895;20;9892;15;;;9910;15;9914;22;;;9902.5;0.0
yf_ZS=F_d7;1300;INTARIAN_PEPPER_ROOT;11984;21;11982;20;;;12005;19;12007;28;;;11994.5;0.0
yf_ZS=F_d7;1400;ASH_COATED_OSMIUM;9894;5;9892;20;;;9911;18;9915;16;;;9902.5;0.0
yf_ZS=F_d7;1400;INTARIAN_PEPPER_ROOT;11992;14;11990;25;;;11998;12;12001;12;;;11995.0;0.0
yf_ZS=F_d7;1500;ASH_COATED_OSMIUM;9900;19;9896;27;;;9906;19;9908;22;;;9903.0;0.0
yf_ZS=F_d7;1500;INTARIAN_PEPPER_ROOT;11992;19;11989;18;;;11998;10;12000;18;;;11995.0;0.0
yf_ZS=F_d7;1600;ASH_COATED_OSMIUM;9900;25;9897;20;;;9908;13;9912;28;;;9904.0;0.0
yf_ZS=F_d7;1600;INTARIAN_PEPPER_ROOT;11993;13;11989;20;;;11999;16;12002;16;;;11996.0;0.0
yf_ZS=F_d7;1700;ASH_COATED_OSMIUM;9884;7;9881;11;;;9921;14;9923;22;;;9902.5;0.0
yf_ZS=F_d7;1700;INTARIAN_PEPPER_ROOT;11993;5;11990;14;;;11999;5;12003;24;;;11996.0;0.0
yf_ZS=F_d7;1800;ASH_COATED_OSMIUM;9901;20;9898;23;;;9907;15;9909;18;;;9904.0;0.0
yf_ZS=F_d7;1800;INTARIAN_PEPPER_ROOT;11993;9;11991;11;;;12001;13;12004;25;;;11997.0;0.0
yf_ZS=F_d7;1900;ASH_COATED_OSMIUM;9901;8;9898;10;;;9909;14;9911;26;;;9905.0;0.0
yf_ZS=F_d7;1900;INTARIAN_PEPPER_ROOT;11995;24;11991;15;;;12001;12;12004;19;;;11998.0;0.0
yf_ZS=F_d7;2000;ASH_COATED_OSMIUM;9902;11;9898;24;;;9908;15;9910;26;;;9905.0;0.0
yf_ZS=F_d7;2000;INTARIAN_PEPPER_ROOT;11986;5;11983;12;;;12010;19;12012;20;;;11998.0;0.0
yf_ZS=F_d7;2100;ASH_COATED_OSMIUM;9896;12;9894;12;;;9913;18;9915;14;;;9904.5;0.0
yf_ZS=F_d7;2100;INTARIAN_PEPPER_ROOT;11995;15;11991;13;;;12001;18;12003;24;;;11998.0;0.0
yf_ZS=F_d7;2200;ASH_COATED_OSMIUM;9902;18;9900;19;;;9908;14;9911;24;;;9905.0;0.0
yf_ZS=F_d7;2200;INTARIAN_PEPPER_ROOT;11996;18;11992;20;;;12002;22;12005;21;;;11999.0;0.0
yf_ZS=F_d7;2300;ASH_COATED_OSMIUM;9902;21;9900;24;;;9908;13;9910;23;;;9905.0;0.0
yf_ZS=F_d7;2300;INTARIAN_PEPPER_ROOT;11990;14;11987;17;;;12008;13;12010;11;;;11999.0;0.0
yf_ZS=F_d7;2400;ASH_COATED_OSMIUM;9903;18;9901;17;;;9909;19;9913;28;;;9906.0;0.0
yf_ZS=F_d7;2400;INTARIAN_PEPPER_ROOT;11997;11;11995;14;;;12003;12;12005;19;;;12000.0;0.0
yf_ZS=F_d7;2500;ASH_COATED_OSMIUM;9898;25;9895;15;;;9912;5;9916;22;;;9905.0;0.0
yf_ZS=F_d7;2500;INTARIAN_PEPPER_ROOT;11997;9;11995;27;;;12003;15;12007;17;;;12000.0;0.0
yf_ZS=F_d7;2600;ASH_COATED_OSMIUM;9903;9;9901;20;;;9909;11;9911;24;;;9906.0;0.0
yf_ZS=F_d7;2600;INTARIAN_PEPPER_ROOT;11997;12;11994;20;;;12004;10;12007;24;;;12000.5;0.0
yf_ZS=F_d7;2700;ASH_COATED_OSMIUM;9899;18;9896;13;;;9913;12;9916;8;;;9906.0;0.0
yf_ZS=F_d7;2700;INTARIAN_PEPPER_ROOT;11991;11;11989;15;;;12011;18;12015;24;;;12001.0;0.0
yf_ZS=F_d7;2800;ASH_COATED_OSMIUM;9897;12;9895;28;;;9914;12;9917;27;;;9905.5;0.0
yf_ZS=F_d7;2800;INTARIAN_PEPPER_ROOT;11999;19;11996;11;;;12005;11;12007;15;;;12002.0;0.0
yf_ZS=F_d7;2900;ASH_COATED_OSMIUM;9903;14;9901;22;;;9911;6;9914;25;;;9907.0;0.0
yf_ZS=F_d7;2900;INTARIAN_PEPPER_ROOT;11996;7;11992;21;;;12009;9;12011;27;;;12002.5;0.0
yf_ZS=F_d7;3000;ASH_COATED_OSMIUM;9899;16;9897;19;;;9912;16;9916;22;;;9905.5;0.0
yf_ZS=F_d7;3000;INTARIAN_PEPPER_ROOT;11988;8;11986;15;;;12017;12;12021;13;;;12002.5;0.0
yf_ZS=F_d7;3100;ASH_COATED_OSMIUM;9902;14;9900;15;;;9913;14;9917;20;;;9907.5;0.0
yf_ZS=F_d7;3100;INTARIAN_PEPPER_ROOT;12002;14;11998;28;;;12008;17;12010;25;;;12005.0;0.0
yf_ZS=F_d7;3200;ASH_COATED_OSMIUM;9905;15;9902;21;;;9911;16;9915;23;;;9908.0;0.0
yf_ZS=F_d7;3200;INTARIAN_PEPPER_ROOT;12002;23;11998;26;;;12008;14;12010;22;;;12005.0;0.0
yf_ZS=F_d7;3300;ASH_COATED_OSMIUM;9905;21;9901;20;;;9911;20;9913;28;;;9908.0;0.0
yf_ZS=F_d7;3300;INTARIAN_PEPPER_ROOT;12001;13;11999;20;;;12007;9;12011;24;;;12004.0;0.0
yf_ZS=F_d7;3400;ASH_COATED_OSMIUM;9905;17;9903;14;;;9911;14;9914;27;;;9908.0;0.0
yf_ZS=F_d7;3400;INTARIAN_PEPPER_ROOT;12000;17;11997;17;;;12010;5;12012;16;;;12005.0;0.0
yf_ZS=F_d7;3500;ASH_COATED_OSMIUM;9905;7;9901;19;;;9911;19;9913;17;;;9908.0;0.0
yf_ZS=F_d7;3500;INTARIAN_PEPPER_ROOT;12003;17;12001;19;;;12009;10;12011;20;;;12006.0;0.0
yf_ZS=F_d7;3600;ASH_COATED_OSMIUM;9905;5;9903;25;;;9911;9;9915;21;;;9908.0;0.0
yf_ZS=F_d7;3600;INTARIAN_PEPPER_ROOT;12003;15;12001;15;;;12009;17;12012;13;;;12006.0;0.0
yf_ZS=F_d7;3700;ASH_COATED_OSMIUM;9905;17;9901;20;;;9912;10;9915;15;;;9908.5;0.0
yf_ZS=F_d7;3700;INTARIAN_PEPPER_ROOT;12003;8;12001;26;;;12009;13;12012;20;;;12006.0;0.0
yf_ZS=F_d7;3800;ASH_COATED_OSMIUM;9905;7;9901;16;;;9911;17;9914;20;;;9908.0;0.0
yf_ZS=F_d7;3800;INTARIAN_PEPPER_ROOT;12001;17;11998;21;;;12011;18;12014;19;;;12006.0;0.0
yf_ZS=F_d7;3900;ASH_COATED_OSMIUM;9906;12;9903;17;;;9912;15;9914;11;;;9909.0;0.0
yf_ZS=F_d7;3900;INTARIAN_PEPPER_ROOT;12004;17;12000;26;;;12010;13;12014;31;;;12007.0;0.0
yf_ZS=F_d7;4000;ASH_COATED_OSMIUM;9897;12;9894;26;;;9921;17;9923;21;;;9909.0;0.0
yf_ZS=F_d7;4000;INTARIAN_PEPPER_ROOT;12004;17;12000;17;;;12012;12;12015;19;;;12008.0;0.0
yf_ZS=F_d7;4100;ASH_COATED_OSMIUM;9906;24;9902;22;;;9913;16;9915;28;;;9909.5;0.0
yf_ZS=F_d7;4100;INTARIAN_PEPPER_ROOT;12006;18;12004;23;;;12012;20;12014;8;;;12009.0;0.0
yf_ZS=F_d7;4200;ASH_COATED_OSMIUM;9907;17;9905;17;;;9913;10;9915;20;;;9910.0;0.0
yf_ZS=F_d7;4200;INTARIAN_PEPPER_ROOT;12006;18;12003;19;;;12012;13;12014;20;;;12009.0;0.0
yf_ZS=F_d7;4300;ASH_COATED_OSMIUM;9907;24;9905;17;;;9913;13;9916;16;;;9910.0;0.0
yf_ZS=F_d7;4300;INTARIAN_PEPPER_ROOT;12006;8;12002;24;;;12012;15;12015;9;;;12009.0;0.0
yf_ZS=F_d7;4400;ASH_COATED_OSMIUM;9905;17;9903;14;;;9915;13;9917;8;;;9910.0;0.0
yf_ZS=F_d7;4400;INTARIAN_PEPPER_ROOT;12006;14;12003;22;;;12014;11;12016;21;;;12010.0;0.0
yf_ZS=F_d7;4500;ASH_COATED_OSMIUM;9908;17;9904;21;;;9914;20;9916;20;;;9911.0;0.0
yf_ZS=F_d7;4500;INTARIAN_PEPPER_ROOT;12008;10;12004;25;;;12014;17;12018;24;;;12011.0;0.0
yf_ZS=F_d7;4600;ASH_COATED_OSMIUM;9908;11;9905;15;;;9914;20;9918;17;;;9911.0;0.0
yf_ZS=F_d7;4600;INTARIAN_PEPPER_ROOT;11995;20;11993;13;;;12027;13;12029;19;;;12011.0;0.0
yf_ZS=F_d7;4700;ASH_COATED_OSMIUM;9906;16;9903;20;;;9915;7;9917;12;;;9910.5;0.0
yf_ZS=F_d7;4700;INTARIAN_PEPPER_ROOT;12003;13;12000;19;;;12018;6;12021;19;;;12010.5;0.0
yf_ZS=F_d7;4800;ASH_COATED_OSMIUM;9893;9;9891;19;;;9928;25;9930;20;;;9910.5;0.0
yf_ZS=F_d7;4800;INTARIAN_PEPPER_ROOT;12009;17;12007;16;;;12015;14;12019;23;;;12012.0;0.0
yf_ZS=F_d7;4900;ASH_COATED_OSMIUM;9906;18;9903;23;;;9917;13;9921;15;;;9911.5;0.0
yf_ZS=F_d7;4900;INTARIAN_PEPPER_ROOT;11998;16;11995;18;;;12027;13;12030;23;;;12012.5;0.0
yf_ZS=F_d7;5000;ASH_COATED_OSMIUM;9909;18;9906;20;;;9915;15;9918;12;;;9912.0;0.0
yf_ZS=F_d7;5000;INTARIAN_PEPPER_ROOT;12010;21;12006;17;;;12016;13;12020;25;;;12013.0;0.0
yf_ZS=F_d7;5100;ASH_COATED_OSMIUM;9909;10;9906;10;;;9915;14;9919;16;;;9912.0;0.0
yf_ZS=F_d7;5100;INTARIAN_PEPPER_ROOT;12010;10;12008;22;;;12016;22;12020;27;;;12013.0;0.0
yf_ZS=F_d7;5200;ASH_COATED_OSMIUM;9910;13;9907;16;;;9916;7;9919;16;;;9913.0;0.0
yf_ZS=F_d7;5200;INTARIAN_PEPPER_ROOT;12011;25;12007;22;;;12017;15;12020;24;;;12014.0;0.0
yf_ZS=F_d7;5300;ASH_COATED_OSMIUM;9904;16;9900;18;;;9920;12;9922;18;;;9912.0;0.0
yf_ZS=F_d7;5300;INTARIAN_PEPPER_ROOT;11998;8;11994;18;;;12031;17;12034;12;;;12014.5;0.0
yf_ZS=F_d7;5400;ASH_COATED_OSMIUM;9910;14;9907;26;;;9916;11;9920;24;;;9913.0;0.0
yf_ZS=F_d7;5400;INTARIAN_PEPPER_ROOT;12007;18;12004;21;;;12021;16;12025;23;;;12014.0;0.0
yf_ZS=F_d7;5500;ASH_COATED_OSMIUM;9910;27;9907;11;;;9916;18;9918;21;;;9913.0;0.0
yf_ZS=F_d7;5500;INTARIAN_PEPPER_ROOT;12013;18;12009;22;;;12019;16;12022;18;;;12016.0;0.0
yf_ZS=F_d7;5600;ASH_COATED_OSMIUM;9909;12;9907;20;;;9917;14;9919;19;;;9913.0;0.0
yf_ZS=F_d7;5600;INTARIAN_PEPPER_ROOT;12002;13;11998;13;;;12029;11;12033;18;;;12015.5;0.0
yf_ZS=F_d7;5700;ASH_COATED_OSMIUM;9909;17;9906;25;;;9917;9;9919;20;;;9913.0;0.0
yf_ZS=F_d7;5700;INTARIAN_PEPPER_ROOT;12013;20;12009;21;;;12019;17;12021;24;;;12016.0;0.0
yf_ZS=F_d7;5800;ASH_COATED_OSMIUM;9909;10;9905;15;;;9917;12;9921;25;;;9913.0;0.0
yf_ZS=F_d7;5800;INTARIAN_PEPPER_ROOT;12014;17;12012;20;;;12020;8;12022;10;;;12017.0;0.0
yf_ZS=F_d7;5900;ASH_COATED_OSMIUM;9910;11;9908;8;;;9918;9;9920;25;;;9914.0;0.0
yf_ZS=F_d7;5900;INTARIAN_PEPPER_ROOT;12014;11;12011;19;;;12020;13;12023;19;;;12017.0;0.0
yf_ZS=F_d7;6000;ASH_COATED_OSMIUM;9909;14;9907;20;;;9918;9;9920;18;;;9913.5;0.0
yf_ZS=F_d7;6000;INTARIAN_PEPPER_ROOT;12014;15;12010;17;;;12020;12;12023;26;;;12017.0;0.0
yf_ZS=F_d7;6100;ASH_COATED_OSMIUM;9911;17;9908;21;;;9917;16;9919;15;;;9914.0;0.0
yf_ZS=F_d7;6100;INTARIAN_PEPPER_ROOT;12016;19;12013;19;;;12022;17;12026;13;;;12019.0;0.0
yf_ZS=F_d7;6200;ASH_COATED_OSMIUM;9909;19;9907;26;;;9920;8;9923;14;;;9914.5;0.0
yf_ZS=F_d7;6200;INTARIAN_PEPPER_ROOT;12007;16;12005;16;;;12031;16;12033;15;;;12019.0;0.0
yf_ZS=F_d7;6300;ASH_COATED_OSMIUM;9911;15;9908;17;;;9917;17;9920;23;;;9914.0;0.0
yf_ZS=F_d7;6300;INTARIAN_PEPPER_ROOT;12016;18;12012;18;;;12022;9;12025;13;;;12019.0;0.0
yf_ZS=F_d7;6400;ASH_COATED_OSMIUM;9911;12;9909;25;;;9920;17;9923;21;;;9915.5;0.0
yf_ZS=F_d7;6400;INTARIAN_PEPPER_ROOT;12015;5;12011;18;;;12024;13;12028;22;;;12019.5;0.0
yf_ZS=F_d7;6500;ASH_COATED_OSMIUM;9910;13;9907;20;;;9920;12;9922;22;;;9915.0;0.0
yf_ZS=F_d7;6500;INTARIAN_PEPPER_ROOT;12017;8;12015;18;;;12023;7;12026;16;;;12020.0;0.0
yf_ZS=F_d7;6600;ASH_COATED_OSMIUM;9909;10;9906;27;;;9921;9;9923;16;;;9915.0;0.0
yf_ZS=F_d7;6600;INTARIAN_PEPPER_ROOT;12018;17;12014;17;;;12025;17;12027;22;;;12021.5;0.0
yf_ZS=F_d7;6700;ASH_COATED_OSMIUM;9912;17;9910;17;;;9918;13;9921;18;;;9915.0;0.0
yf_ZS=F_d7;6700;INTARIAN_PEPPER_ROOT;12002;7;11999;9;;;12041;14;12045;20;;;12021.5;0.0
yf_ZS=F_d7;6800;ASH_COATED_OSMIUM;9913;16;9909;13;;;9919;19;9923;18;;;9916.0;0.0
yf_ZS=F_d7;6800;INTARIAN_PEPPER_ROOT;12016;23;12014;16;;;12027;13;12030;18;;;12021.5;0.0
yf_ZS=F_d7;6900;ASH_COATED_OSMIUM;9913;8;9911;12;;;9919;17;9922;18;;;9916.0;0.0
yf_ZS=F_d7;6900;INTARIAN_PEPPER_ROOT;12015;15;12011;17;;;12030;20;12033;23;;;12022.5;0.0
yf_ZS=F_d7;7000;ASH_COATED_OSMIUM;9912;22;9908;19;;;9921;13;9924;20;;;9916.5;0.0
yf_ZS=F_d7;7000;INTARIAN_PEPPER_ROOT;12019;12;12016;25;;;12026;23;12029;15;;;12022.5;0.0
yf_ZS=F_d7;7100;ASH_COATED_OSMIUM;9912;13;9909;27;;;9921;14;9923;16;;;9916.5;0.0
yf_ZS=F_d7;7100;INTARIAN_PEPPER_ROOT;12019;16;12016;20;;;12025;21;12028;16;;;12022.0;0.0
yf_ZS=F_d7;7200;ASH_COATED_OSMIUM;9895;11;9892;22;;;9938;5;9940;25;;;9916.5;0.0
yf_ZS=F_d7;7200;INTARIAN_PEPPER_ROOT;12020;14;12017;26;;;12028;18;12031;18;;;12024.0;0.0
yf_ZS=F_d7;7300;ASH_COATED_OSMIUM;9913;13;9909;13;;;9920;11;9924;23;;;9916.5;0.0
yf_ZS=F_d7;7300;INTARIAN_PEPPER_ROOT;12021;10;12018;17;;;12028;23;12031;19;;;12024.5;0.0
yf_ZS=F_d7;7400;ASH_COATED_OSMIUM;9915;17;9912;20;;;9921;19;9923;23;;;9918.0;0.0
yf_ZS=F_d7;7400;INTARIAN_PEPPER_ROOT;12021;9;12018;16;;;12027;20;12030;8;;;12024.0;0.0
yf_ZS=F_d7;7500;ASH_COATED_OSMIUM;9915;18;9911;26;;;9921;7;9925;22;;;9918.0;0.0
yf_ZS=F_d7;7500;INTARIAN_PEPPER_ROOT;12023;18;12020;23;;;12029;12;12032;26;;;12026.0;0.0
yf_ZS=F_d7;7600;ASH_COATED_OSMIUM;9914;6;9912;14;;;9920;12;9923;20;;;9917.0;0.0
yf_ZS=F_d7;7600;INTARIAN_PEPPER_ROOT;12022;13;12019;16;;;12028;16;12030;14;;;12025.0;0.0
yf_ZS=F_d7;7700;ASH_COATED_OSMIUM;9912;13;9909;16;;;9925;14;9927;12;;;9918.5;0.0
yf_ZS=F_d7;7700;INTARIAN_PEPPER_ROOT;12023;15;12020;22;;;12029;17;12033;18;;;12026.0;0.0
yf_ZS=F_d7;7800;ASH_COATED_OSMIUM;9914;13;9912;28;;;9922;10;9924;24;;;9918.0;0.0
yf_ZS=F_d7;7800;INTARIAN_PEPPER_ROOT;12024;21;12021;34;;;12030;18;12034;18;;;12027.0;0.0
yf_ZS=F_d7;7900;ASH_COATED_OSMIUM;9916;15;9912;8;;;9922;11;9924;15;;;9919.0;0.0
yf_ZS=F_d7;7900;INTARIAN_PEPPER_ROOT;12022;14;12019;31;;;12033;11;12035;28;;;12027.5;0.0
yf_ZS=F_d7;8000;ASH_COATED_OSMIUM;9916;8;9913;20;;;9922;20;9925;19;;;9919.0;0.0
yf_ZS=F_d7;8000;INTARIAN_PEPPER_ROOT;12024;10;12022;18;;;12030;15;12032;24;;;12027.0;0.0
yf_ZS=F_d7;8100;ASH_COATED_OSMIUM;9916;22;9914;13;;;9922;16;9926;24;;;9919.0;0.0
yf_ZS=F_d7;8100;INTARIAN_PEPPER_ROOT;12024;5;12022;24;;;12032;20;12036;29;;;12028.0;0.0
yf_ZS=F_d7;8200;ASH_COATED_OSMIUM;9913;27;9909;30;;;9926;20;9929;16;;;9919.5;0.0
yf_ZS=F_d7;8200;INTARIAN_PEPPER_ROOT;12026;17;12022;26;;;12032;16;12034;14;;;12029.0;0.0
yf_ZS=F_d7;8300;ASH_COATED_OSMIUM;9914;19;9910;15;;;9925;10;9928;15;;;9919.5;0.0
yf_ZS=F_d7;8300;INTARIAN_PEPPER_ROOT;12023;20;12019;24;;;12035;20;12037;24;;;12029.0;0.0
yf_ZS=F_d7;8400;ASH_COATED_OSMIUM;9917;17;9914;19;;;9923;5;9927;17;;;9920.0;0.0
yf_ZS=F_d7;8400;INTARIAN_PEPPER_ROOT;12027;13;12023;12;;;12033;5;12037;14;;;12030.0;0.0
yf_ZS=F_d7;8500;ASH_COATED_OSMIUM;9917;10;9914;18;;;9923;14;9926;17;;;9920.0;0.0
yf_ZS=F_d7;8500;INTARIAN_PEPPER_ROOT;12027;7;12023;20;;;12033;12;12037;19;;;12030.0;0.0
yf_ZS=F_d7;8600;ASH_COATED_OSMIUM;9904;18;9900;19;;;9936;26;9938;11;;;9920.0;0.0
yf_ZS=F_d7;8600;INTARIAN_PEPPER_ROOT;12027;22;12024;19;;;12034;15;12038;14;;;12030.5;0.0
yf_ZS=F_d7;8700;ASH_COATED_OSMIUM;9909;18;9905;18;;;9933;13;9935;20;;;9921.0;0.0
yf_ZS=F_d7;8700;INTARIAN_PEPPER_ROOT;12028;17;12025;16;;;12034;12;12037;23;;;12031.0;0.0
yf_ZS=F_d7;8800;ASH_COATED_OSMIUM;9910;16;9907;25;;;9931;17;9934;16;;;9920.5;0.0
yf_ZS=F_d7;8800;INTARIAN_PEPPER_ROOT;12029;16;12027;23;;;12035;17;12037;14;;;12032.0;0.0
yf_ZS=F_d7;8900;ASH_COATED_OSMIUM;9917;5;9914;17;;;9924;16;9927;21;;;9920.5;0.0
yf_ZS=F_d7;8900;INTARIAN_PEPPER_ROOT;12029;13;12027;23;;;12035;18;12038;16;;;12032.0;0.0
yf_ZS=F_d7;9000;ASH_COATED_OSMIUM;9918;15;9916;18;;;9925;10;9927;20;;;9921.5;0.0
yf_ZS=F_d7;9000;INTARIAN_PEPPER_ROOT;12030;18;12028;27;;;12036;15;12039;25;;;12033.0;0.0
yf_ZS=F_d7;9100;ASH_COATED_OSMIUM;9918;19;9916;16;;;9924;12;9926;27;;;9921.0;0.0
yf_ZS=F_d7;9100;INTARIAN_PEPPER_ROOT;12030;14;12026;17;;;12036;13;12038;23;;;12033.0;0.0
yf_ZS=F_d7;9200;ASH_COATED_OSMIUM;9919;9;9915;24;;;9925;15;9929;15;;;9922.0;0.0
yf_ZS=F_d7;9200;INTARIAN_PEPPER_ROOT;12029;21;12026;23;;;12036;12;12038;23;;;12032.5;0.0
yf_ZS=F_d7;9300;ASH_COATED_OSMIUM;9919;13;9917;13;;;9926;11;9929;17;;;9922.5;0.0
yf_ZS=F_d7;9300;INTARIAN_PEPPER_ROOT;12029;17;12026;26;;;12039;10;12042;26;;;12034.0;0.0
yf_ZS=F_d7;9400;ASH_COATED_OSMIUM;9919;12;9916;21;;;9925;14;9928;12;;;9922.0;0.0
yf_ZS=F_d7;9400;INTARIAN_PEPPER_ROOT;12032;10;12029;14;;;12038;12;12041;25;;;12035.0;0.0
yf_ZS=F_d7;9500;ASH_COATED_OSMIUM;9919;22;9916;21;;;9925;11;9928;21;;;9922.0;0.0
yf_ZS=F_d7;9500;INTARIAN_PEPPER_ROOT;12033;9;12029;12;;;12039;14;12043;21;;;12036.0;0.0
yf_ZS=F_d7;9600;ASH_COATED_OSMIUM;9920;13;9918;19;;;9926;13;9929;28;;;9923.0;0.0
yf_ZS=F_d7;9600;INTARIAN_PEPPER_ROOT;12033;17;12029;24;;;12039;8;12043;21;;;12036.0;0.0
yf_ZS=F_d7;9700;ASH_COATED_OSMIUM;9920;18;9916;19;;;9926;11;9928;16;;;9923.0;0.0
yf_ZS=F_d7;9700;INTARIAN_PEPPER_ROOT;12019;15;12015;22;;;12053;10;12057;19;;;12036.0;0.0
yf_ZS=F_d7;9800;ASH_COATED_OSMIUM;9919;8;9916;21;;;9925;10;9928;14;;;9922.0;0.0
yf_ZS=F_d7;9800;INTARIAN_PEPPER_ROOT;12034;22;12030;23;;;12040;15;12042;23;;;12037.0;0.0
yf_ZS=F_d7;9900;ASH_COATED_OSMIUM;9920;13;9918;30;;;9926;25;9928;21;;;9923.0;0.0
yf_ZS=F_d7;9900;INTARIAN_PEPPER_ROOT;12031;8;12028;18;;;12043;16;12046;15;;;12037.0;0.0
yf_ZS=F_d7;10000;ASH_COATED_OSMIUM;9921;18;9917;20;;;9927;20;9930;14;;;9924.0;0.0
yf_ZS=F_d7;10000;INTARIAN_PEPPER_ROOT;12019;13;12017;21;;;12055;20;12057;19;;;12037.0;0.0
yf_ZS=F_d7;10100;ASH_COATED_OSMIUM;9918;11;9915;26;;;9930;13;9934;19;;;9924.0;0.0
yf_ZS=F_d7;10100;INTARIAN_PEPPER_ROOT;12026;5;12024;24;;;12049;14;12053;21;;;12037.5;0.0
yf_ZS=F_d7;10200;ASH_COATED_OSMIUM;9920;16;9917;29;;;9927;10;9930;20;;;9923.5;0.0
yf_ZS=F_d7;10200;INTARIAN_PEPPER_ROOT;12034;6;12031;19;;;12043;19;12045;33;;;12038.5;0.0
yf_ZS=F_d7;10300;ASH_COATED_OSMIUM;9921;16;9917;25;;;9927;21;9929;20;;;9924.0;0.0
yf_ZS=F_d7;10300;INTARIAN_PEPPER_ROOT;12036;20;12033;14;;;12042;11;12046;12;;;12039.0;0.0
yf_ZS=F_d7;10400;ASH_COATED_OSMIUM;9921;15;9918;30;;;9927;5;9930;11;;;9924.0;0.0
yf_ZS=F_d7;10400;INTARIAN_PEPPER_ROOT;12037;16;12035;9;;;12043;13;12045;25;;;12040.0;0.0
yf_ZS=F_d7;10500;ASH_COATED_OSMIUM;9921;16;9919;13;;;9927;5;9931;26;;;9924.0;0.0
yf_ZS=F_d7;10500;INTARIAN_PEPPER_ROOT;12037;20;12034;16;;;12043;21;12046;17;;;12040.0;0.0
yf_ZS=F_d7;10600;ASH_COATED_OSMIUM;9922;15;9918;19;;;9928;23;9932;18;;;9925.0;0.0
yf_ZS=F_d7;10600;INTARIAN_PEPPER_ROOT;12037;20;12034;18;;;12043;15;12047;24;;;12040.0;0.0
yf_ZS=F_d7;10700;ASH_COATED_OSMIUM;9919;10;9917;16;;;9932;18;9935;15;;;9925.5;0.0
yf_ZS=F_d7;10700;INTARIAN_PEPPER_ROOT;12038;28;12034;18;;;12044;21;12046;22;;;12041.0;0.0
yf_ZS=F_d7;10800;ASH_COATED_OSMIUM;9921;10;9918;8;;;9930;10;9933;24;;;9925.5;0.0
yf_ZS=F_d7;10800;INTARIAN_PEPPER_ROOT;12039;9;12036;22;;;12045;24;12049;18;;;12042.0;0.0
yf_ZS=F_d7;10900;ASH_COATED_OSMIUM;9919;13;9916;11;;;9932;11;9936;20;;;9925.5;0.0
yf_ZS=F_d7;10900;INTARIAN_PEPPER_ROOT;12039;17;12035;21;;;12045;12;12047;24;;;12042.0;0.0
yf_ZS=F_d7;11000;ASH_COATED_OSMIUM;9921;19;9919;22;;;9930;12;9934;8;;;9925.5;0.0
yf_ZS=F_d7;11000;INTARIAN_PEPPER_ROOT;12040;8;12036;25;;;12046;19;12050;18;;;12043.0;0.0
yf_ZS=F_d7;11100;ASH_COATED_OSMIUM;9923;5;9919;18;;;9929;7;9933;10;;;9926.0;0.0
yf_ZS=F_d7;11100;INTARIAN_PEPPER_ROOT;12040;16;12036;9;;;12046;16;12050;20;;;12043.0;0.0
yf_ZS=F_d7;11200;ASH_COATED_OSMIUM;9923;13;9921;21;;;9930;18;9932;26;;;9926.5;0.0
yf_ZS=F_d7;11200;INTARIAN_PEPPER_ROOT;12041;12;12039;8;;;12047;22;12050;16;;;12044.0;0.0
yf_ZS=F_d7;11300;ASH_COATED_OSMIUM;9923;5;9921;24;;;9929;23;9931;19;;;9926.0;0.0
yf_ZS=F_d7;11300;INTARIAN_PEPPER_ROOT;12025;15;12021;23;;;12062;13;12066;24;;;12043.5;0.0
yf_ZS=F_d7;11400;ASH_COATED_OSMIUM;9924;11;9921;27;;;9930;16;9933;21;;;9927.0;0.0
yf_ZS=F_d7;11400;INTARIAN_PEPPER_ROOT;12040;5;12036;22;;;12049;6;12052;19;;;12044.5;0.0
yf_ZS=F_d7;11500;ASH_COATED_OSMIUM;9921;11;9919;15;;;9932;8;9935;9;;;9926.5;0.0
yf_ZS=F_d7;11500;INTARIAN_PEPPER_ROOT;12042;14;12038;21;;;12048;10;12052;21;;;12045.0;0.0
yf_ZS=F_d7;11600;ASH_COATED_OSMIUM;9924;16;9920;15;;;9930;10;9932;16;;;9927.0;0.0
yf_ZS=F_d7;11600;INTARIAN_PEPPER_ROOT;12042;19;12040;17;;;12048;14;12052;22;;;12045.0;0.0
yf_ZS=F_d7;11700;ASH_COATED_OSMIUM;9924;7;9921;17;;;9930;14;9932;22;;;9927.0;0.0
yf_ZS=F_d7;11700;INTARIAN_PEPPER_ROOT;12043;20;12039;22;;;12049;11;12053;21;;;12046.0;0.0
yf_ZS=F_d7;11800;ASH_COATED_OSMIUM;9923;12;9920;16;;;9933;10;9937;23;;;9928.0;0.0
yf_ZS=F_d7;11800;INTARIAN_PEPPER_ROOT;12043;20;12041;22;;;12049;12;12053;12;;;12046.0;0.0
yf_ZS=F_d7;11900;ASH_COATED_OSMIUM;9925;11;9922;28;;;9931;6;9935;16;;;9928.0;0.0
yf_ZS=F_d7;11900;INTARIAN_PEPPER_ROOT;12044;9;12041;19;;;12050;12;12052;28;;;12047.0;0.0
yf_ZS=F_d7;12000;ASH_COATED_OSMIUM;9923;9;9921;12;;;9934;11;9936;20;;;9928.5;0.0
yf_ZS=F_d7;12000;INTARIAN_PEPPER_ROOT;12045;20;12043;23;;;12051;24;12055;16;;;12048.0;0.0
yf_ZS=F_d7;12100;ASH_COATED_OSMIUM;9918;9;9914;20;;;9940;15;9943;16;;;9929.0;0.0
yf_ZS=F_d7;12100;INTARIAN_PEPPER_ROOT;12045;20;12042;24;;;12051;18;12053;24;;;12048.0;0.0
yf_ZS=F_d7;12200;ASH_COATED_OSMIUM;9923;7;9920;20;;;9934;17;9936;20;;;9928.5;0.0
yf_ZS=F_d7;12200;INTARIAN_PEPPER_ROOT;12044;18;12042;20;;;12052;16;12055;30;;;12048.0;0.0
yf_ZS=F_d7;12300;ASH_COATED_OSMIUM;9918;13;9914;14;;;9940;12;9943;17;;;9929.0;0.0
yf_ZS=F_d7;12300;INTARIAN_PEPPER_ROOT;12046;18;12042;19;;;12052;19;12055;14;;;12049.0;0.0
yf_ZS=F_d7;12400;ASH_COATED_OSMIUM;9926;23;9922;22;;;9933;17;9935;16;;;9929.5;0.0
yf_ZS=F_d7;12400;INTARIAN_PEPPER_ROOT;12047;25;12044;24;;;12053;10;12057;23;;;12050.0;0.0
yf_ZS=F_d7;12500;ASH_COATED_OSMIUM;9927;6;9925;25;;;9933;16;9937;18;;;9930.0;0.0
yf_ZS=F_d7;12500;INTARIAN_PEPPER_ROOT;12046;18;12043;13;;;12054;17;12056;15;;;12050.0;0.0
yf_ZS=F_d7;12600;ASH_COATED_OSMIUM;9927;10;9923;15;;;9933;11;9935;15;;;9930.0;0.0
yf_ZS=F_d7;12600;INTARIAN_PEPPER_ROOT;12048;19;12046;22;;;12054;24;12057;12;;;12051.0;0.0
yf_ZS=F_d7;12700;ASH_COATED_OSMIUM;9924;11;9920;19;;;9937;10;9940;13;;;9930.5;0.0
yf_ZS=F_d7;12700;INTARIAN_PEPPER_ROOT;12048;23;12045;8;;;12054;15;12058;24;;;12051.0;0.0
yf_ZS=F_d7;12800;ASH_COATED_OSMIUM;9925;11;9923;26;;;9934;19;9938;19;;;9929.5;0.0
yf_ZS=F_d7;12800;INTARIAN_PEPPER_ROOT;12049;11;12046;20;;;12055;10;12059;22;;;12052.0;0.0
yf_ZS=F_d7;12900;ASH_COATED_OSMIUM;9920;25;9917;25;;;9940;5;9943;20;;;9930.0;0.0
yf_ZS=F_d7;12900;INTARIAN_PEPPER_ROOT;12049;19;12045;11;;;12055;8;12057;17;;;12052.0;0.0
yf_ZS=F_d7;13000;ASH_COATED_OSMIUM;9928;13;9924;15;;;9934;12;9938;17;;;9931.0;0.0
yf_ZS=F_d7;13000;INTARIAN_PEPPER_ROOT;12050;17;12048;10;;;12057;19;12060;20;;;12053.5;0.0
yf_ZS=F_d7;13100;ASH_COATED_OSMIUM;9928;5;9926;22;;;9934;14;9938;16;;;9931.0;0.0
yf_ZS=F_d7;13100;INTARIAN_PEPPER_ROOT;12050;15;12048;16;;;12056;15;12059;20;;;12053.0;0.0
yf_ZS=F_d7;13200;ASH_COATED_OSMIUM;9928;17;9924;13;;;9934;14;9936;23;;;9931.0;0.0
yf_ZS=F_d7;13200;INTARIAN_PEPPER_ROOT;12051;7;12047;19;;;12057;24;12061;18;;;12054.0;0.0
yf_ZS=F_d7;13300;ASH_COATED_OSMIUM;9929;14;9927;19;;;9935;15;9937;13;;;9932.0;0.0
yf_ZS=F_d7;13300;INTARIAN_PEPPER_ROOT;12050;11;12046;25;;;12056;23;12058;13;;;12053.0;0.0
yf_ZS=F_d7;13400;ASH_COATED_OSMIUM;9924;23;9921;20;;;9939;15;9941;22;;;9931.5;0.0
yf_ZS=F_d7;13400;INTARIAN_PEPPER_ROOT;12050;25;12046;18;;;12058;14;12061;16;;;12054.0;0.0
yf_ZS=F_d7;13500;ASH_COATED_OSMIUM;9929;13;9925;27;;;9935;15;9937;21;;;9932.0;0.0
yf_ZS=F_d7;13500;INTARIAN_PEPPER_ROOT;12052;12;12050;18;;;12058;17;12061;26;;;12055.0;0.0
yf_ZS=F_d7;13600;ASH_COATED_OSMIUM;9929;15;9926;21;;;9935;16;9937;27;;;9932.0;0.0
yf_ZS=F_d7;13600;INTARIAN_PEPPER_ROOT;12052;13;12049;22;;;12058;5;12062;13;;;12055.0;0.0
yf_ZS=F_d7;13700;ASH_COATED_OSMIUM;9926;17;9924;15;;;9939;20;9942;15;;;9932.5;0.0
yf_ZS=F_d7;13700;INTARIAN_PEPPER_ROOT;12054;15;12051;18;;;12060;17;12063;21;;;12057.0;0.0
yf_ZS=F_d7;13800;ASH_COATED_OSMIUM;9922;16;9918;22;;;9943;14;9946;29;;;9932.5;0.0
yf_ZS=F_d7;13800;INTARIAN_PEPPER_ROOT;12053;22;12050;18;;;12059;20;12062;12;;;12056.0;0.0
yf_ZS=F_d7;13900;ASH_COATED_OSMIUM;9929;16;9927;13;;;9937;15;9939;19;;;9933.0;0.0
yf_ZS=F_d7;13900;INTARIAN_PEPPER_ROOT;12054;13;12052;21;;;12060;21;12063;17;;;12057.0;0.0
yf_ZS=F_d7;14000;ASH_COATED_OSMIUM;9930;10;9928;21;;;9936;20;9939;27;;;9933.0;0.0
yf_ZS=F_d7;14000;INTARIAN_PEPPER_ROOT;12053;12;12049;22;;;12063;14;12067;14;;;12058.0;0.0
yf_ZS=F_d7;14100;ASH_COATED_OSMIUM;9923;14;9919;25;;;9944;14;9948;19;;;9933.5;0.0
yf_ZS=F_d7;14100;INTARIAN_PEPPER_ROOT;12046;10;12042;16;;;12069;13;12071;14;;;12057.5;0.0
yf_ZS=F_d7;14200;ASH_COATED_OSMIUM;9924;13;9921;19;;;9943;13;9946;24;;;9933.5;0.0
yf_ZS=F_d7;14200;INTARIAN_PEPPER_ROOT;12051;26;12048;27;;;12065;7;12069;19;;;12058.0;0.0
yf_ZS=F_d7;14300;ASH_COATED_OSMIUM;9931;12;9928;12;;;9937;18;9939;17;;;9934.0;0.0
yf_ZS=F_d7;14300;INTARIAN_PEPPER_ROOT;12042;16;12040;15;;;12077;12;12080;29;;;12059.5;0.0
yf_ZS=F_d7;14400;ASH_COATED_OSMIUM;9929;17;9926;24;;;9941;12;9944;20;;;9935.0;0.0
yf_ZS=F_d7;14400;INTARIAN_PEPPER_ROOT;12049;13;12046;20;;;12071;19;12073;13;;;12060.0;0.0
yf_ZS=F_d7;14500;ASH_COATED_OSMIUM;9931;16;9928;23;;;9937;19;9941;17;;;9934.0;0.0
yf_ZS=F_d7;14500;INTARIAN_PEPPER_ROOT;12057;17;12054;8;;;12065;14;12068;19;;;12061.0;0.0
yf_ZS=F_d7;14600;ASH_COATED_OSMIUM;9932;21;9928;19;;;9938;10;9940;17;;;9935.0;0.0
yf_ZS=F_d7;14600;INTARIAN_PEPPER_ROOT;12053;16;12049;13;;;12067;10;12070;22;;;12060.0;0.0
yf_ZS=F_d7;14700;ASH_COATED_OSMIUM;9932;11;9928;13;;;9938;19;9941;20;;;9935.0;0.0
yf_ZS=F_d7;14700;INTARIAN_PEPPER_ROOT;12056;16;12053;16;;;12066;28;12069;22;;;12061.0;0.0
yf_ZS=F_d7;14800;ASH_COATED_OSMIUM;9923;14;9921;17;;;9947;21;9949;24;;;9935.0;0.0
yf_ZS=F_d7;14800;INTARIAN_PEPPER_ROOT;12054;8;12050;20;;;12067;18;12071;17;;;12060.5;0.0
yf_ZS=F_d7;14900;ASH_COATED_OSMIUM;9927;18;9923;20;;;9944;15;9946;18;;;9935.5;0.0
yf_ZS=F_d7;14900;INTARIAN_PEPPER_ROOT;12059;15;12057;16;;;12065;16;12067;23;;;12062.0;0.0
yf_ZS=F_d7;15000;ASH_COATED_OSMIUM;9932;12;9930;18;;;9938;10;9941;18;;;9935.0;0.0
yf_ZS=F_d7;15000;INTARIAN_PEPPER_ROOT;12059;19;12055;16;;;12068;24;12070;15;;;12063.5;0.0
yf_ZS=F_d7;15100;ASH_COATED_OSMIUM;9930;13;9928;27;;;9943;11;9947;27;;;9936.5;0.0
yf_ZS=F_d7;15100;INTARIAN_PEPPER_ROOT;12060;10;12056;8;;;12066;15;12068;25;;;12063.0;0.0
yf_ZS=F_d7;15200;ASH_COATED_OSMIUM;9927;16;9923;21;;;9945;13;9949;16;;;9936.0;0.0
yf_ZS=F_d7;15200;INTARIAN_PEPPER_ROOT;12060;11;12057;19;;;12066;14;12068;25;;;12063.0;0.0
yf_ZS=F_d7;15300;ASH_COATED_OSMIUM;9933;14;9929;24;;;9939;5;9943;21;;;9936.0;0.0
yf_ZS=F_d7;15300;INTARIAN_PEPPER_ROOT;12058;9;12054;17;;;12070;16;12074;24;;;12064.0;0.0
yf_ZS=F_d7;15400;ASH_COATED_OSMIUM;9928;10;9926;13;;;9946;18;9950;15;;;9937.0;0.0
yf_ZS=F_d7;15400;INTARIAN_PEPPER_ROOT;12055;18;12053;26;;;12074;25;12076;23;;;12064.5;0.0
yf_ZS=F_d7;15500;ASH_COATED_OSMIUM;9926;17;9923;21;;;9947;15;9951;22;;;9936.5;0.0
yf_ZS=F_d7;15500;INTARIAN_PEPPER_ROOT;12062;30;12058;23;;;12068;14;12072;25;;;12065.0;0.0
yf_ZS=F_d7;15600;ASH_COATED_OSMIUM;9931;16;9928;13;;;9942;15;9944;16;;;9936.5;0.0
yf_ZS=F_d7;15600;INTARIAN_PEPPER_ROOT;12056;13;12052;17;;;12075;5;12078;17;;;12065.5;0.0
yf_ZS=F_d7;15700;ASH_COATED_OSMIUM;9931;11;9929;15;;;9943;17;9947;27;;;9937.0;0.0
yf_ZS=F_d7;15700;INTARIAN_PEPPER_ROOT;12062;10;12058;20;;;12071;22;12074;17;;;12066.5;0.0
yf_ZS=F_d7;15800;ASH_COATED_OSMIUM;9934;11;9930;11;;;9942;16;9944;15;;;9938.0;0.0
yf_ZS=F_d7;15800;INTARIAN_PEPPER_ROOT;12064;13;12060;22;;;12070;11;12072;24;;;12067.0;0.0
yf_ZS=F_d7;15900;ASH_COATED_OSMIUM;9935;13;9933;16;;;9941;13;9943;20;;;9938.0;0.0
yf_ZS=F_d7;15900;INTARIAN_PEPPER_ROOT;12064;18;12060;16;;;12071;5;12075;21;;;12067.5;0.0
yf_ZS=F_d7;16000;ASH_COATED_OSMIUM;9935;10;9932;26;;;9941;24;9944;24;;;9938.0;0.0
yf_ZS=F_d7;16000;INTARIAN_PEPPER_ROOT;12065;16;12062;17;;;12071;13;12073;22;;;12068.0;0.0
yf_ZS=F_d7;16100;ASH_COATED_OSMIUM;9935;19;9931;11;;;9941;16;9945;26;;;9938.0;0.0
yf_ZS=F_d7;16100;INTARIAN_PEPPER_ROOT;12065;13;12063;26;;;12072;21;12075;14;;;12068.5;0.0
yf_ZS=F_d7;16200;ASH_COATED_OSMIUM;9935;8;9931;22;;;9941;10;9944;10;;;9938.0;0.0
yf_ZS=F_d7;16200;INTARIAN_PEPPER_ROOT;12064;14;12062;19;;;12072;9;12075;16;;;12068.0;0.0
yf_ZS=F_d7;16300;ASH_COATED_OSMIUM;9936;17;9934;22;;;9942;18;9945;20;;;9939.0;0.0
yf_ZS=F_d7;16300;INTARIAN_PEPPER_ROOT;12066;18;12063;24;;;12072;11;12074;20;;;12069.0;0.0
yf_ZS=F_d7;16400;ASH_COATED_OSMIUM;9933;16;9929;19;;;9944;11;9947;24;;;9938.5;0.0
yf_ZS=F_d7;16400;INTARIAN_PEPPER_ROOT;12067;21;12064;15;;;12073;16;12077;9;;;12070.0;0.0
yf_ZS=F_d7;16500;ASH_COATED_OSMIUM;9936;19;9932;23;;;9942;15;9944;23;;;9939.0;0.0
yf_ZS=F_d7;16500;INTARIAN_PEPPER_ROOT;12067;11;12063;15;;;12073;12;12075;29;;;12070.0;0.0
yf_ZS=F_d7;16600;ASH_COATED_OSMIUM;9936;11;9932;27;;;9942;15;9945;24;;;9939.0;0.0
yf_ZS=F_d7;16600;INTARIAN_PEPPER_ROOT;12065;13;12061;32;;;12075;12;12077;17;;;12070.0;0.0
yf_ZS=F_d7;16700;ASH_COATED_OSMIUM;9936;5;9934;19;;;9943;13;9945;22;;;9939.5;0.0
yf_ZS=F_d7;16700;INTARIAN_PEPPER_ROOT;12068;23;12066;22;;;12074;9;12076;17;;;12071.0;0.0
yf_ZS=F_d7;16800;ASH_COATED_OSMIUM;9924;25;9920;21;;;9957;13;9959;13;;;9940.5;0.0
yf_ZS=F_d7;16800;INTARIAN_PEPPER_ROOT;12068;8;12065;26;;;12074;7;12078;15;;;12071.0;0.0
yf_ZS=F_d7;16900;ASH_COATED_OSMIUM;9934;10;9930;25;;;9945;9;9948;15;;;9939.5;0.0
yf_ZS=F_d7;16900;INTARIAN_PEPPER_ROOT;12069;13;12067;15;;;12075;17;12078;17;;;12072.0;0.0
yf_ZS=F_d7;17000;ASH_COATED_OSMIUM;9937;16;9933;24;;;9943;13;9947;18;;;9940.0;0.0
yf_ZS=F_d7;17000;INTARIAN_PEPPER_ROOT;12068;15;12064;22;;;12074;12;12076;30;;;12071.0;0.0
yf_ZS=F_d7;17100;ASH_COATED_OSMIUM;9935;20;9931;16;;;9946;15;9949;17;;;9940.5;0.0
yf_ZS=F_d7;17100;INTARIAN_PEPPER_ROOT;12067;11;12065;28;;;12073;20;12075;10;;;12070.0;0.0
yf_ZS=F_d7;17200;ASH_COATED_OSMIUM;9937;15;9934;19;;;9943;15;9945;18;;;9940.0;0.0
yf_ZS=F_d7;17200;INTARIAN_PEPPER_ROOT;12066;14;12063;16;;;12072;13;12075;15;;;12069.0;0.0
yf_ZS=F_d7;17300;ASH_COATED_OSMIUM;9937;13;9934;23;;;9943;20;9946;13;;;9940.0;0.0
yf_ZS=F_d7;17300;INTARIAN_PEPPER_ROOT;12064;13;12062;17;;;12070;17;12072;16;;;12067.0;0.0
yf_ZS=F_d7;17400;ASH_COATED_OSMIUM;9937;10;9935;21;;;9943;21;9947;19;;;9940.0;0.0
yf_ZS=F_d7;17400;INTARIAN_PEPPER_ROOT;12058;18;12054;13;;;12074;13;12078;24;;;12066.0;0.0
yf_ZS=F_d7;17500;ASH_COATED_OSMIUM;9937;13;9934;23;;;9943;13;9946;31;;;9940.0;0.0
yf_ZS=F_d7;17500;INTARIAN_PEPPER_ROOT;12061;16;12059;14;;;12067;23;12071;18;;;12064.0;0.0
yf_ZS=F_d7;17600;ASH_COATED_OSMIUM;9937;17;9935;20;;;9943;12;9945;22;;;9940.0;0.0
yf_ZS=F_d7;17600;INTARIAN_PEPPER_ROOT;12061;20;12058;12;;;12067;13;12070;26;;;12064.0;0.0
yf_ZS=F_d7;17700;ASH_COATED_OSMIUM;9936;20;9933;23;;;9942;16;9946;13;;;9939.0;0.0
yf_ZS=F_d7;17700;INTARIAN_PEPPER_ROOT;12058;19;12056;19;;;12068;15;12072;15;;;12063.0;0.0
yf_ZS=F_d7;17800;ASH_COATED_OSMIUM;9937;5;9933;18;;;9943;17;9945;25;;;9940.0;0.0
yf_ZS=F_d7;17800;INTARIAN_PEPPER_ROOT;12054;15;12052;27;;;12067;12;12071;17;;;12060.5;0.0
yf_ZS=F_d7;17900;ASH_COATED_OSMIUM;9937;13;9935;25;;;9943;6;9947;22;;;9940.0;0.0
yf_ZS=F_d7;17900;INTARIAN_PEPPER_ROOT;12055;22;12053;22;;;12064;13;12066;21;;;12059.5;0.0
yf_ZS=F_d7;18000;ASH_COATED_OSMIUM;9937;15;9935;16;;;9943;10;9945;28;;;9940.0;0.0
yf_ZS=F_d7;18000;INTARIAN_PEPPER_ROOT;12055;18;12051;11;;;12061;8;12063;17;;;12058.0;0.0
yf_ZS=F_d7;18100;ASH_COATED_OSMIUM;9937;9;9934;21;;;9943;16;9945;25;;;9940.0;0.0
yf_ZS=F_d7;18100;INTARIAN_PEPPER_ROOT;12053;16;12049;23;;;12060;18;12064;20;;;12056.5;0.0
yf_ZS=F_d7;18200;ASH_COATED_OSMIUM;9932;12;9928;10;;;9948;14;9950;18;;;9940.0;0.0
yf_ZS=F_d7;18200;INTARIAN_PEPPER_ROOT;12042;21;12040;33;;;12068;18;12071;22;;;12055.0;0.0
yf_ZS=F_d7;18300;ASH_COATED_OSMIUM;9937;8;9934;20;;;9943;10;9945;16;;;9940.0;0.0
yf_ZS=F_d7;18300;INTARIAN_PEPPER_ROOT;12050;12;12048;20;;;12058;13;12060;14;;;12054.0;0.0
yf_ZS=F_d7;18400;ASH_COATED_OSMIUM;9935;5;9931;25;;;9945;19;9949;21;;;9940.0;0.0
yf_ZS=F_d7;18400;INTARIAN_PEPPER_ROOT;12050;9;12046;13;;;12056;18;12058;22;;;12053.0;0.0
yf_ZS=F_d7;18500;ASH_COATED_OSMIUM;9937;16;9934;26;;;9943;19;9945;16;;;9940.0;0.0
yf_ZS=F_d7;18500;INTARIAN_PEPPER_ROOT;12048;11;12045;22;;;12054;21;12058;19;;;12051.0;0.0
yf_ZS=F_d7;18600;ASH_COATED_OSMIUM;9938;18;9934;20;;;9944;9;9948;15;;;9941.0;0.0
yf_ZS=F_d7;18600;INTARIAN_PEPPER_ROOT;12047;11;12043;19;;;12053;14;12055;17;;;12050.0;0.0
yf_ZS=F_d7;18700;ASH_COATED_OSMIUM;9936;5;9934;25;;;9944;16;9947;8;;;9940.0;0.0
yf_ZS=F_d7;18700;INTARIAN_PEPPER_ROOT;12041;6;12039;23;;;12057;17;12059;16;;;12049.0;0.0
yf_ZS=F_d7;18800;ASH_COATED_OSMIUM;9938;6;9935;26;;;9944;12;9946;13;;;9941.0;0.0
yf_ZS=F_d7;18800;INTARIAN_PEPPER_ROOT;12044;15;12042;25;;;12050;15;12053;22;;;12047.0;0.0
yf_ZS=F_d7;18900;ASH_COATED_OSMIUM;9937;10;9935;23;;;9943;12;9945;22;;;9940.0;0.0
yf_ZS=F_d7;18900;INTARIAN_PEPPER_ROOT;12042;17;12039;28;;;12048;12;12052;14;;;12045.0;0.0
yf_ZS=F_d7;19000;ASH_COATED_OSMIUM;9934;21;9932;27;;;9947;15;9949;22;;;9940.5;0.0
yf_ZS=F_d7;19000;INTARIAN_PEPPER_ROOT;12041;8;12038;24;;;12049;12;12051;20;;;12045.0;0.0
yf_ZS=F_d7;19100;ASH_COATED_OSMIUM;9938;18;9936;20;;;9944;24;9948;17;;;9941.0;0.0
yf_ZS=F_d7;19100;INTARIAN_PEPPER_ROOT;12041;17;12038;14;;;12047;11;12049;16;;;12044.0;0.0
yf_ZS=F_d7;19200;ASH_COATED_OSMIUM;9937;5;9934;21;;;9943;13;9945;13;;;9940.0;0.0
yf_ZS=F_d7;19200;INTARIAN_PEPPER_ROOT;12039;20;12036;19;;;12046;15;12050;9;;;12042.5;0.0
yf_ZS=F_d7;19300;ASH_COATED_OSMIUM;9938;15;9936;21;;;9944;14;9946;24;;;9941.0;0.0
yf_ZS=F_d7;19300;INTARIAN_PEPPER_ROOT;12033;10;12029;22;;;12049;16;12052;24;;;12041.0;0.0
yf_ZS=F_d7;19400;ASH_COATED_OSMIUM;9926;19;9924;26;;;9954;15;9958;22;;;9940.0;0.0
yf_ZS=F_d7;19400;INTARIAN_PEPPER_ROOT;12035;15;12032;26;;;12044;16;12046;12;;;12039.5;0.0
yf_ZS=F_d7;19500;ASH_COATED_OSMIUM;9930;5;9928;22;;;9952;18;9955;26;;;9941.0;0.0
yf_ZS=F_d7;19500;INTARIAN_PEPPER_ROOT;12035;12;12032;23;;;12041;5;12043;24;;;12038.0;0.0
yf_ZS=F_d7;19600;ASH_COATED_OSMIUM;9938;15;9934;19;;;9944;16;9947;20;;;9941.0;0.0
yf_ZS=F_d7;19600;INTARIAN_PEPPER_ROOT;12034;11;12031;23;;;12040;10;12044;21;;;12037.0;0.0
yf_ZS=F_d7;19700;ASH_COATED_OSMIUM;9935;21;9933;21;;;9946;10;9950;16;;;9940.5;0.0
yf_ZS=F_d7;19700;INTARIAN_PEPPER_ROOT;12032;18;12029;16;;;12038;21;12042;16;;;12035.0;0.0
yf_ZS=F_d7;19800;ASH_COATED_OSMIUM;9937;11;9934;24;;;9943;15;9947;24;;;9940.0;0.0
yf_ZS=F_d7;19800;INTARIAN_PEPPER_ROOT;12030;18;12027;21;;;12036;10;12039;20;;;12033.0;0.0
yf_ZS=F_d7;19900;ASH_COATED_OSMIUM;9938;18;9935;15;;;9944;14;9946;13;;;9941.0;0.0
yf_ZS=F_d7;19900;INTARIAN_PEPPER_ROOT;12030;16;12026;15;;;12036;15;12039;25;;;12033.0;0.0
yf_ZS=F_d7;20000;ASH_COATED_OSMIUM;9937;20;9935;22;;;9943;14;9945;29;;;9940.0;0.0
yf_ZS=F_d7;20000;INTARIAN_PEPPER_ROOT;12019;12;12017;15;;;12044;16;12048;25;;;12031.5;0.0
yf_ZS=F_d7;20100;ASH_COATED_OSMIUM;9938;19;9934;26;;;9944;10;9947;8;;;9941.0;0.0
yf_ZS=F_d7;20100;INTARIAN_PEPPER_ROOT;12027;12;12024;22;;;12033;18;12035;20;;;12030.0;0.0
yf_ZS=F_d7;20200;ASH_COATED_OSMIUM;9936;10;9934;21;;;9944;15;9947;13;;;9940.0;0.0
yf_ZS=F_d7;20200;INTARIAN_PEPPER_ROOT;12025;26;12021;16;;;12031;15;12034;17;;;12028.0;0.0
yf_ZS=F_d7;20300;ASH_COATED_OSMIUM;9937;17;9933;31;;;9943;8;9947;20;;;9940.0;0.0
yf_ZS=F_d7;20300;INTARIAN_PEPPER_ROOT;12024;9;12022;17;;;12030;21;12034;19;;;12027.0;0.0
yf_ZS=F_d7;20400;ASH_COATED_OSMIUM;9929;17;9926;22;;;9954;5;9957;15;;;9941.5;0.0
yf_ZS=F_d7;20400;INTARIAN_PEPPER_ROOT;12022;28;12019;19;;;12030;24;12033;29;;;12026.0;0.0
yf_ZS=F_d7;20500;ASH_COATED_OSMIUM;9928;18;9926;20;;;9953;5;9957;11;;;9940.5;0.0
yf_ZS=F_d7;20500;INTARIAN_PEPPER_ROOT;12021;17;12018;16;;;12027;14;12029;19;;;12024.0;0.0
yf_ZS=F_d7;20600;ASH_COATED_OSMIUM;9938;13;9934;13;;;9944;11;9946;19;;;9941.0;0.0
yf_ZS=F_d7;20600;INTARIAN_PEPPER_ROOT;12021;23;12018;24;;;12027;15;12031;25;;;12024.0;0.0
yf_ZS=F_d7;20700;ASH_COATED_OSMIUM;9937;12;9933;25;;;9943;6;9947;9;;;9940.0;0.0
yf_ZS=F_d7;20700;INTARIAN_PEPPER_ROOT;12009;21;12007;21;;;12034;5;12036;20;;;12021.5;0.0
yf_ZS=F_d7;20800;ASH_COATED_OSMIUM;9938;5;9934;17;;;9944;18;9947;19;;;9941.0;0.0
yf_ZS=F_d7;20800;INTARIAN_PEPPER_ROOT;12017;15;12015;35;;;12023;18;12025;25;;;12020.0;0.0
yf_ZS=F_d7;20900;ASH_COATED_OSMIUM;9937;19;9935;21;;;9943;17;9946;22;;;9940.0;0.0
yf_ZS=F_d7;20900;INTARIAN_PEPPER_ROOT;12016;12;12013;26;;;12022;15;12025;17;;;12019.0;0.0
yf_ZS=F_d7;21000;ASH_COATED_OSMIUM;9937;19;9933;28;;;9944;7;9947;15;;;9940.5;0.0
yf_ZS=F_d7;21000;INTARIAN_PEPPER_ROOT;12010;19;12008;20;;;12025;17;12028;21;;;12017.5;0.0
yf_ZS=F_d7;21100;ASH_COATED_OSMIUM;9936;12;9932;17;;;9946;6;9949;23;;;9941.0;0.0
yf_ZS=F_d7;21100;INTARIAN_PEPPER_ROOT;12011;5;12009;19;;;12022;12;12024;26;;;12016.5;0.0
yf_ZS=F_d7;21200;ASH_COATED_OSMIUM;9937;10;9935;23;;;9944;13;9947;31;;;9940.5;0.0
yf_ZS=F_d7;21200;INTARIAN_PEPPER_ROOT;12010;19;12006;17;;;12020;22;12023;24;;;12015.0;0.0
yf_ZS=F_d7;21300;ASH_COATED_OSMIUM;9927;9;9924;24;;;9954;21;9957;18;;;9940.5;0.0
yf_ZS=F_d7;21300;INTARIAN_PEPPER_ROOT;12011;23;12008;23;;;12017;16;12019;15;;;12014.0;0.0
yf_ZS=F_d7;21400;ASH_COATED_OSMIUM;9937;17;9933;17;;;9943;30;9947;14;;;9940.0;0.0
yf_ZS=F_d7;21400;INTARIAN_PEPPER_ROOT;12010;11;12008;21;;;12016;18;12018;24;;;12013.0;0.0
yf_ZS=F_d7;21500;ASH_COATED_OSMIUM;9937;19;9935;32;;;9943;22;9946;15;;;9940.0;0.0
yf_ZS=F_d7;21500;INTARIAN_PEPPER_ROOT;12002;15;11998;20;;;12021;14;12024;24;;;12011.5;0.0
yf_ZS=F_d7;21600;ASH_COATED_OSMIUM;9938;11;9936;13;;;9944;10;9948;28;;;9941.0;0.0
yf_ZS=F_d7;21600;INTARIAN_PEPPER_ROOT;12001;22;11999;28;;;12019;22;12021;19;;;12010.0;0.0
yf_ZS=F_d7;21700;ASH_COATED_OSMIUM;9936;17;9934;26;;;9945;17;9949;14;;;9940.5;0.0
yf_ZS=F_d7;21700;INTARIAN_PEPPER_ROOT;12005;7;12003;29;;;12011;18;12014;14;;;12008.0;0.0
yf_ZS=F_d7;21800;ASH_COATED_OSMIUM;9933;13;9931;16;;;9948;21;9951;17;;;9940.5;0.0
yf_ZS=F_d7;21800;INTARIAN_PEPPER_ROOT;12003;18;11999;23;;;12011;13;12013;16;;;12007.0;0.0
yf_ZS=F_d7;21900;ASH_COATED_OSMIUM;9934;19;9930;25;;;9949;21;9951;20;;;9941.5;0.0
yf_ZS=F_d7;21900;INTARIAN_PEPPER_ROOT;12002;24;11999;19;;;12009;15;12011;22;;;12005.5;0.0
yf_ZS=F_d7;22000;ASH_COATED_OSMIUM;9938;20;9935;29;;;9944;5;9946;18;;;9941.0;0.0
yf_ZS=F_d7;22000;INTARIAN_PEPPER_ROOT;12001;13;11997;24;;;12007;24;12009;14;;;12004.0;0.0
yf_ZS=F_d7;22100;ASH_COATED_OSMIUM;9937;22;9934;19;;;9943;14;9945;13;;;9940.0;0.0
yf_ZS=F_d7;22100;INTARIAN_PEPPER_ROOT;12000;12;11997;17;;;12006;15;12008;26;;;12003.0;0.0
yf_ZS=F_d7;22200;ASH_COATED_OSMIUM;9938;23;9936;21;;;9944;10;9946;22;;;9941.0;0.0
yf_ZS=F_d7;22200;INTARIAN_PEPPER_ROOT;11997;10;11993;20;;;12007;20;12011;23;;;12002.0;0.0
yf_ZS=F_d7;22300;ASH_COATED_OSMIUM;9923;27;9921;16;;;9958;20;9961;10;;;9940.5;0.0
yf_ZS=F_d7;22300;INTARIAN_PEPPER_ROOT;11998;13;11996;18;;;12004;12;12007;22;;;12001.0;0.0
yf_ZS=F_d7;22400;ASH_COATED_OSMIUM;9937;16;9934;12;;;9943;13;9945;19;;;9940.0;0.0
yf_ZS=F_d7;22400;INTARIAN_PEPPER_ROOT;11992;23;11988;26;;;12005;14;12008;27;;;11998.5;0.0
yf_ZS=F_d7;22500;ASH_COATED_OSMIUM;9937;12;9934;12;;;9943;10;9947;17;;;9940.0;0.0
yf_ZS=F_d7;22500;INTARIAN_PEPPER_ROOT;11985;5;11982;17;;;12010;9;12012;24;;;11997.5;0.0
yf_ZS=F_d7;22600;ASH_COATED_OSMIUM;9931;14;9929;14;;;9951;16;9955;24;;;9941.0;0.0
yf_ZS=F_d7;22600;INTARIAN_PEPPER_ROOT;11990;17;11987;17;;;12002;14;12006;19;;;11996.0;0.0
yf_ZS=F_d7;22700;ASH_COATED_OSMIUM;9938;21;9934;24;;;9944;14;9947;20;;;9941.0;0.0
yf_ZS=F_d7;22700;INTARIAN_PEPPER_ROOT;11991;11;11987;21;;;11997;15;12001;25;;;11994.0;0.0
yf_ZS=F_d7;22800;ASH_COATED_OSMIUM;9931;17;9928;33;;;9950;18;9953;21;;;9940.5;0.0
yf_ZS=F_d7;22800;INTARIAN_PEPPER_ROOT;11991;19;11989;26;;;11997;12;12000;30;;;11994.0;0.0
yf_ZS=F_d7;22900;ASH_COATED_OSMIUM;9938;14;9935;14;;;9944;5;9948;24;;;9941.0;0.0
yf_ZS=F_d7;22900;INTARIAN_PEPPER_ROOT;11981;10;11979;25;;;12004;22;12008;17;;;11992.5;0.0
yf_ZS=F_d7;23000;ASH_COATED_OSMIUM;9936;13;9934;22;;;9945;11;9949;25;;;9940.5;0.0
yf_ZS=F_d7;23000;INTARIAN_PEPPER_ROOT;11988;6;11986;26;;;11994;16;11998;23;;;11991.0;0.0
yf_ZS=F_d7;23100;ASH_COATED_OSMIUM;9932;16;9930;21;;;9949;18;9952;12;;;9940.5;0.0
yf_ZS=F_d7;23100;INTARIAN_PEPPER_ROOT;11987;9;11984;18;;;11993;21;11996;22;;;11990.0;0.0
yf_ZS=F_d7;23200;ASH_COATED_OSMIUM;9938;12;9934;22;;;9944;18;9947;19;;;9941.0;0.0
yf_ZS=F_d7;23200;INTARIAN_PEPPER_ROOT;11986;18;11984;26;;;11992;21;11995;18;;;11989.0;0.0
yf_ZS=F_d7;23300;ASH_COATED_OSMIUM;9937;7;9934;16;;;9943;15;9945;14;;;9940.0;0.0
yf_ZS=F_d7;23300;INTARIAN_PEPPER_ROOT;11985;16;11982;18;;;11991;14;11994;19;;;11988.0;0.0
yf_ZS=F_d7;23400;ASH_COATED_OSMIUM;9938;11;9934;15;;;9944;15;9947;17;;;9941.0;0.0
yf_ZS=F_d7;23400;INTARIAN_PEPPER_ROOT;11983;19;11980;18;;;11989;19;11991;18;;;11986.0;0.0
yf_ZS=F_d7;23500;ASH_COATED_OSMIUM;9932;16;9928;15;;;9949;17;9952;20;;;9940.5;0.0
yf_ZS=F_d7;23500;INTARIAN_PEPPER_ROOT;11982;13;11979;31;;;11988;16;11990;22;;;11985.0;0.0
yf_ZS=F_d7;23600;ASH_COATED_OSMIUM;9937;14;9933;21;;;9943;17;9945;22;;;9940.0;0.0
yf_ZS=F_d7;23600;INTARIAN_PEPPER_ROOT;11975;12;11971;17;;;11991;14;11993;19;;;11983.0;0.0
yf_ZS=F_d7;23700;ASH_COATED_OSMIUM;9938;9;9936;15;;;9944;23;9946;11;;;9941.0;0.0
yf_ZS=F_d7;23700;INTARIAN_PEPPER_ROOT;11979;21;11975;19;;;11985;9;11988;20;;;11982.0;0.0
yf_ZS=F_d7;23800;ASH_COATED_OSMIUM;9938;15;9934;12;;;9944;15;9946;28;;;9941.0;0.0
yf_ZS=F_d7;23800;INTARIAN_PEPPER_ROOT;11977;9;11975;15;;;11983;12;11986;24;;;11980.0;0.0
yf_ZS=F_d7;23900;ASH_COATED_OSMIUM;9936;5;9932;11;;;9945;20;9949;13;;;9940.5;0.0
yf_ZS=F_d7;23900;INTARIAN_PEPPER_ROOT;11976;19;11973;22;;;11982;14;11984;16;;;11979.0;0.0
yf_ZS=F_d7;24000;ASH_COATED_OSMIUM;9938;19;9934;27;;;9944;24;9948;15;;;9941.0;0.0
yf_ZS=F_d7;24000;INTARIAN_PEPPER_ROOT;11974;12;11970;14;;;11982;11;11986;27;;;11978.0;0.0
yf_ZS=F_d7;24100;ASH_COATED_OSMIUM;9938;13;9934;12;;;9944;10;9948;20;;;9941.0;0.0
yf_ZS=F_d7;24100;INTARIAN_PEPPER_ROOT;11973;23;11969;24;;;11980;15;11983;13;;;11976.5;0.0
yf_ZS=F_d7;24200;ASH_COATED_OSMIUM;9932;22;9929;26;;;9949;17;9952;15;;;9940.5;0.0
yf_ZS=F_d7;24200;INTARIAN_PEPPER_ROOT;11972;11;11969;20;;;11978;8;11980;21;;;11975.0;0.0
yf_ZS=F_d7;24300;ASH_COATED_OSMIUM;9938;20;9936;21;;;9944;11;9947;27;;;9941.0;0.0
yf_ZS=F_d7;24300;INTARIAN_PEPPER_ROOT;11958;16;11955;17;;;11988;16;11992;15;;;11973.0;0.0
yf_ZS=F_d7;24400;ASH_COATED_OSMIUM;9937;18;9934;13;;;9943;11;9945;14;;;9940.0;0.0
yf_ZS=F_d7;24400;INTARIAN_PEPPER_ROOT;11968;17;11966;14;;;11975;9;11979;20;;;11971.5;0.0
yf_ZS=F_d7;24500;ASH_COATED_OSMIUM;9933;16;9929;17;;;9948;19;9952;17;;;9940.5;0.0
yf_ZS=F_d7;24500;INTARIAN_PEPPER_ROOT;11968;17;11965;18;;;11974;13;11978;27;;;11971.0;0.0
yf_ZS=F_d7;24600;ASH_COATED_OSMIUM;9938;22;9934;15;;;9944;7;9946;20;;;9941.0;0.0
yf_ZS=F_d7;24600;INTARIAN_PEPPER_ROOT;11956;22;11954;20;;;11982;15;11986;20;;;11969.0;0.0
yf_ZS=F_d7;24700;ASH_COATED_OSMIUM;9938;9;9934;18;;;9944;16;9946;19;;;9941.0;0.0
yf_ZS=F_d7;24700;INTARIAN_PEPPER_ROOT;11965;12;11963;15;;;11971;11;11974;17;;;11968.0;0.0
yf_ZS=F_d7;24800;ASH_COATED_OSMIUM;9936;12;9933;24;;;9944;9;9948;17;;;9940.0;0.0
yf_ZS=F_d7;24800;INTARIAN_PEPPER_ROOT;11963;9;11960;11;;;11970;8;11974;17;;;11966.5;0.0
yf_ZS=F_d7;24900;ASH_COATED_OSMIUM;9937;7;9935;11;;;9943;13;9946;21;;;9940.0;0.0
yf_ZS=F_d7;24900;INTARIAN_PEPPER_ROOT;11957;11;11955;12;;;11974;21;11977;14;;;11965.5;0.0
yf_ZS=F_d7;25000;ASH_COATED_OSMIUM;9938;17;9935;13;;;9944;10;9947;18;;;9941.0;0.0
yf_ZS=F_d7;25000;INTARIAN_PEPPER_ROOT;11961;18;11958;18;;;11967;29;11970;8;;;11964.0;0.0
yf_ZS=F_d7;25100;ASH_COATED_OSMIUM;9937;16;9934;8;;;9945;13;9948;17;;;9941.0;0.0
yf_ZS=F_d7;25100;INTARIAN_PEPPER_ROOT;11959;14;11955;30;;;11965;16;11968;34;;;11962.0;0.0
yf_ZS=F_d7;25200;ASH_COATED_OSMIUM;9938;23;9934;16;;;9944;22;9947;15;;;9941.0;0.0
yf_ZS=F_d7;25200;INTARIAN_PEPPER_ROOT;11958;13;11955;22;;;11964;22;11967;32;;;11961.0;0.0
yf_ZS=F_d7;25300;ASH_COATED_OSMIUM;9936;10;9934;24;;;9945;19;9948;23;;;9940.5;0.0
yf_ZS=F_d7;25300;INTARIAN_PEPPER_ROOT;11957;10;11954;18;;;11964;24;11967;16;;;11960.5;0.0
yf_ZS=F_d7;25400;ASH_COATED_OSMIUM;9938;17;9934;24;;;9944;6;9948;26;;;9941.0;0.0
yf_ZS=F_d7;25400;INTARIAN_PEPPER_ROOT;11956;11;11953;17;;;11962;18;11965;27;;;11959.0;0.0
yf_ZS=F_d7;25500;ASH_COATED_OSMIUM;9938;16;9935;22;;;9944;14;9947;13;;;9941.0;0.0
yf_ZS=F_d7;25500;INTARIAN_PEPPER_ROOT;11954;8;11951;16;;;11960;10;11964;14;;;11957.0;0.0
yf_ZS=F_d7;25600;ASH_COATED_OSMIUM;9937;16;9933;16;;;9943;13;9947;27;;;9940.0;0.0
yf_ZS=F_d7;25600;INTARIAN_PEPPER_ROOT;11953;6;11949;17;;;11959;16;11961;22;;;11956.0;0.0
yf_ZS=F_d7;25700;ASH_COATED_OSMIUM;9936;25;9934;22;;;9945;16;9947;23;;;9940.5;0.0
yf_ZS=F_d7;25700;INTARIAN_PEPPER_ROOT;11947;6;11944;22;;;11963;16;11965;21;;;11955.0;0.0
yf_ZS=F_d7;25800;ASH_COATED_OSMIUM;9937;13;9934;15;;;9943;17;9945;16;;;9940.0;0.0
yf_ZS=F_d7;25800;INTARIAN_PEPPER_ROOT;11933;16;11930;30;;;11975;12;11977;19;;;11954.0;0.0
yf_ZS=F_d7;25900;ASH_COATED_OSMIUM;9938;15;9936;25;;;9944;18;9948;23;;;9941.0;0.0
yf_ZS=F_d7;25900;INTARIAN_PEPPER_ROOT;11949;10;11947;24;;;11955;8;11959;19;;;11952.0;0.0
yf_ZS=F_d7;26000;ASH_COATED_OSMIUM;9938;16;9934;17;;;9944;17;9947;21;;;9941.0;0.0
yf_ZS=F_d7;26000;INTARIAN_PEPPER_ROOT;11948;9;11944;22;;;11954;12;11957;17;;;11951.0;0.0
yf_ZS=F_d7;26100;ASH_COATED_OSMIUM;9933;22;9929;24;;;9948;17;9952;20;;;9940.5;0.0
yf_ZS=F_d7;26100;INTARIAN_PEPPER_ROOT;11940;9;11937;9;;;11957;20;11961;15;;;11948.5;0.0
yf_ZS=F_d7;26200;ASH_COATED_OSMIUM;9937;16;9933;19;;;9944;19;9948;26;;;9940.5;0.0
yf_ZS=F_d7;26200;INTARIAN_PEPPER_ROOT;11940;12;11936;14;;;11955;18;11957;12;;;11947.5;0.0
yf_ZS=F_d7;26300;ASH_COATED_OSMIUM;9938;17;9936;9;;;9944;13;9947;17;;;9941.0;0.0
yf_ZS=F_d7;26300;INTARIAN_PEPPER_ROOT;11943;13;11941;21;;;11950;9;11954;23;;;11946.5;0.0
yf_ZS=F_d7;26400;ASH_COATED_OSMIUM;9928;22;9925;23;;;9954;17;9957;19;;;9941.0;0.0
yf_ZS=F_d7;26400;INTARIAN_PEPPER_ROOT;11942;13;11939;10;;;11948;20;11950;25;;;11945.0;0.0
yf_ZS=F_d7;26500;ASH_COATED_OSMIUM;9938;14;9936;11;;;9944;14;9946;11;;;9941.0;0.0
yf_ZS=F_d7;26500;INTARIAN_PEPPER_ROOT;11941;13;11937;27;;;11947;12;11949;14;;;11944.0;0.0
yf_ZS=F_d7;26600;ASH_COATED_OSMIUM;9937;8;9933;22;;;9944;14;9947;23;;;9940.5;0.0
yf_ZS=F_d7;26600;INTARIAN_PEPPER_ROOT;11938;17;11936;21;;;11949;14;11952;23;;;11943.5;0.0
yf_ZS=F_d7;26700;ASH_COATED_OSMIUM;9934;10;9930;18;;;9947;18;9950;22;;;9940.5;0.0
yf_ZS=F_d7;26700;INTARIAN_PEPPER_ROOT;11938;21;11934;17;;;11944;25;11946;21;;;11941.0;0.0
yf_ZS=F_d7;26800;ASH_COATED_OSMIUM;9938;11;9936;20;;;9944;10;9946;17;;;9941.0;0.0
yf_ZS=F_d7;26800;INTARIAN_PEPPER_ROOT;11931;23;11929;21;;;11949;24;11951;18;;;11940.0;0.0
yf_ZS=F_d7;26900;ASH_COATED_OSMIUM;9938;15;9936;13;;;9944;12;9946;20;;;9941.0;0.0
yf_ZS=F_d7;26900;INTARIAN_PEPPER_ROOT;11926;12;11924;17;;;11952;20;11955;24;;;11939.0;0.0
yf_ZS=F_d7;27000;ASH_COATED_OSMIUM;9938;16;9934;16;;;9944;13;9948;13;;;9941.0;0.0
yf_ZS=F_d7;27000;INTARIAN_PEPPER_ROOT;11934;13;11932;18;;;11940;11;11942;17;;;11937.0;0.0
yf_ZS=F_d7;27100;ASH_COATED_OSMIUM;9936;16;9932;8;;;9945;17;9948;24;;;9940.5;0.0
yf_ZS=F_d7;27100;INTARIAN_PEPPER_ROOT;11933;19;11929;16;;;11939;14;11942;17;;;11936.0;0.0
yf_ZS=F_d7;27200;ASH_COATED_OSMIUM;9938;17;9936;13;;;9944;16;9947;16;;;9941.0;0.0
yf_ZS=F_d7;27200;INTARIAN_PEPPER_ROOT;11932;11;11929;18;;;11938;12;11940;19;;;11935.0;0.0
yf_ZS=F_d7;27300;ASH_COATED_OSMIUM;9938;20;9934;15;;;9944;17;9946;19;;;9941.0;0.0
yf_ZS=F_d7;27300;INTARIAN_PEPPER_ROOT;11928;16;11925;19;;;11937;7;11941;23;;;11932.5;0.0
yf_ZS=F_d7;27400;ASH_COATED_OSMIUM;9937;17;9933;31;;;9945;17;9949;17;;;9941.0;0.0
yf_ZS=F_d7;27400;INTARIAN_PEPPER_ROOT;11919;11;11917;22;;;11946;12;11948;22;;;11932.5;0.0
yf_ZS=F_d7;27500;ASH_COATED_OSMIUM;9938;9;9936;23;;;9944;16;9946;22;;;9941.0;0.0
yf_ZS=F_d7;27500;INTARIAN_PEPPER_ROOT;11926;20;11922;26;;;11936;11;11939;20;;;11931.0;0.0
yf_ZS=F_d7;27600;ASH_COATED_OSMIUM;9936;16;9933;25;;;9947;20;9951;29;;;9941.5;0.0
yf_ZS=F_d7;27600;INTARIAN_PEPPER_ROOT;11926;11;11923;18;;;11932;9;11935;19;;;11929.0;0.0
yf_ZS=F_d7;27700;ASH_COATED_OSMIUM;9936;21;9933;16;;;9946;13;9950;16;;;9941.0;0.0
yf_ZS=F_d7;27700;INTARIAN_PEPPER_ROOT;11925;10;11923;18;;;11931;13;11935;14;;;11928.0;0.0
yf_ZS=F_d7;27800;ASH_COATED_OSMIUM;9927;6;9925;19;;;9954;12;9957;14;;;9940.5;0.0
yf_ZS=F_d7;27800;INTARIAN_PEPPER_ROOT;11923;10;11919;13;;;11930;14;11933;21;;;11926.5;0.0
yf_ZS=F_d7;27900;ASH_COATED_OSMIUM;9936;17;9933;19;;;9946;14;9950;17;;;9941.0;0.0
yf_ZS=F_d7;27900;INTARIAN_PEPPER_ROOT;11920;12;11917;12;;;11931;16;11933;25;;;11925.5;0.0
yf_ZS=F_d7;28000;ASH_COATED_OSMIUM;9938;12;9935;26;;;9945;22;9947;17;;;9941.5;0.0
yf_ZS=F_d7;28000;INTARIAN_PEPPER_ROOT;11913;15;11910;13;;;11934;13;11936;24;;;11923.5;0.0
yf_ZS=F_d7;28100;ASH_COATED_OSMIUM;9937;20;9935;19;;;9944;12;9946;18;;;9940.5;0.0
yf_ZS=F_d7;28100;INTARIAN_PEPPER_ROOT;11920;17;11916;14;;;11926;16;11929;17;;;11923.0;0.0
yf_ZS=F_d7;28200;ASH_COATED_OSMIUM;9929;18;9926;19;;;9952;15;9956;31;;;9940.5;0.0
yf_ZS=F_d7;28200;INTARIAN_PEPPER_ROOT;11918;18;11915;14;;;11924;7;11927;24;;;11921.0;0.0
yf_ZS=F_d7;28300;ASH_COATED_OSMIUM;9937;15;9935;15;;;9946;15;9948;18;;;9941.5;0.0
yf_ZS=F_d7;28300;INTARIAN_PEPPER_ROOT;11916;15;11913;23;;;11924;22;11927;23;;;11920.0;0.0
yf_ZS=F_d7;28400;ASH_COATED_OSMIUM;9927;6;9924;25;;;9954;15;9956;8;;;9940.5;0.0
yf_ZS=F_d7;28400;INTARIAN_PEPPER_ROOT;11909;14;11905;22;;;11926;14;11929;17;;;11917.5;0.0
yf_ZS=F_d7;28500;ASH_COATED_OSMIUM;9936;16;9934;18;;;9945;11;9949;25;;;9940.5;0.0
yf_ZS=F_d7;28500;INTARIAN_PEPPER_ROOT;11914;22;11912;17;;;11920;6;11924;23;;;11917.0;0.0
yf_ZS=F_d7;28600;ASH_COATED_OSMIUM;9935;14;9932;12;;;9946;12;9950;19;;;9940.5;0.0
yf_ZS=F_d7;28600;INTARIAN_PEPPER_ROOT;11912;11;11909;19;;;11918;15;11922;28;;;11915.0;0.0
yf_ZS=F_d7;28700;ASH_COATED_OSMIUM;9932;13;9929;21;;;9949;9;9952;16;;;9940.5;0.0
yf_ZS=F_d7;28700;INTARIAN_PEPPER_ROOT;11909;16;11906;18;;;11919;18;11923;24;;;11914.0;0.0
yf_ZS=F_d7;28800;ASH_COATED_OSMIUM;9938;15;9934;19;;;9944;16;9948;18;;;9941.0;0.0
yf_ZS=F_d7;28800;INTARIAN_PEPPER_ROOT;11910;16;11906;23;;;11916;12;11919;19;;;11913.0;0.0
yf_ZS=F_d7;28900;ASH_COATED_OSMIUM;9934;9;9932;12;;;9948;25;9951;24;;;9941.0;0.0
yf_ZS=F_d7;28900;INTARIAN_PEPPER_ROOT;11909;21;11906;15;;;11915;19;11919;18;;;11912.0;0.0
yf_ZS=F_d7;29000;ASH_COATED_OSMIUM;9937;16;9935;18;;;9943;21;9945;19;;;9940.0;0.0
yf_ZS=F_d7;29000;INTARIAN_PEPPER_ROOT;11900;16;11896;18;;;11921;13;11925;14;;;11910.5;0.0
yf_ZS=F_d7;29100;ASH_COATED_OSMIUM;9933;19;9931;22;;;9950;17;9952;18;;;9941.5;0.0
yf_ZS=F_d7;29100;INTARIAN_PEPPER_ROOT;11904;17;11902;15;;;11914;17;11918;24;;;11909.0;0.0
yf_ZS=F_d7;29200;ASH_COATED_OSMIUM;9936;18;9932;20;;;9945;24;9947;16;;;9940.5;0.0
yf_ZS=F_d7;29200;INTARIAN_PEPPER_ROOT;11905;9;11901;14;;;11911;18;11913;16;;;11908.0;0.0
yf_ZS=F_d7;29300;ASH_COATED_OSMIUM;9938;19;9936;19;;;9944;14;9947;11;;;9941.0;0.0
yf_ZS=F_d7;29300;INTARIAN_PEPPER_ROOT;11903;16;11899;30;;;11909;20;11911;25;;;11906.0;0.0
yf_ZS=F_d7;29400;ASH_COATED_OSMIUM;9938;13;9936;21;;;9944;18;9946;29;;;9941.0;0.0
yf_ZS=F_d7;29400;INTARIAN_PEPPER_ROOT;11902;13;11898;16;;;11908;16;11910;19;;;11905.0;0.0
yf_ZS=F_d7;29500;ASH_COATED_OSMIUM;9931;11;9929;22;;;9951;14;9953;19;;;9941.0;0.0
yf_ZS=F_d7;29500;INTARIAN_PEPPER_ROOT;11901;10;11898;29;;;11907;13;11911;28;;;11904.0;0.0
yf_ZS=F_d7;29600;ASH_COATED_OSMIUM;9937;11;9934;21;;;9943;12;9945;16;;;9940.0;0.0
yf_ZS=F_d7;29600;INTARIAN_PEPPER_ROOT;11899;20;11896;21;;;11905;16;11909;23;;;11902.0;0.0
yf_ZS=F_d7;29700;ASH_COATED_OSMIUM;9938;11;9935;17;;;9944;5;9948;21;;;9941.0;0.0
yf_ZS=F_d7;29700;INTARIAN_PEPPER_ROOT;11897;9;11895;8;;;11906;13;11909;22;;;11901.5;0.0
yf_ZS=F_d7;29800;ASH_COATED_OSMIUM;9938;11;9936;15;;;9944;12;9948;26;;;9941.0;0.0
yf_ZS=F_d7;29800;INTARIAN_PEPPER_ROOT;11889;17;11886;21;;;11912;16;11916;19;;;11900.5;0.0
yf_ZS=F_d7;29900;ASH_COATED_OSMIUM;9931;14;9929;16;;;9951;14;9955;16;;;9941.0;0.0
yf_ZS=F_d7;29900;INTARIAN_PEPPER_ROOT;11895;18;11892;13;;;11901;21;11903;23;;;11898.0;0.0
yf_ZS=F_d7;30000;ASH_COATED_OSMIUM;9937;13;9935;17;;;9943;10;9947;18;;;9940.0;0.0
yf_ZS=F_d7;30000;INTARIAN_PEPPER_ROOT;11894;19;11892;10;;;11900;10;11904;24;;;11897.0;0.0
yf_ZS=F_d7;30100;ASH_COATED_OSMIUM;9938;6;9935;27;;;9944;12;9947;21;;;9941.0;0.0
yf_ZS=F_d7;30100;INTARIAN_PEPPER_ROOT;11892;11;11890;28;;;11898;8;11900;8;;;11895.0;0.0
yf_ZS=F_d7;30200;ASH_COATED_OSMIUM;9938;8;9935;17;;;9944;18;9948;16;;;9941.0;0.0
yf_ZS=F_d7;30200;INTARIAN_PEPPER_ROOT;11891;9;11889;24;;;11897;14;11899;20;;;11894.0;0.0
yf_ZS=F_d7;30300;ASH_COATED_OSMIUM;9937;15;9934;21;;;9943;9;9947;24;;;9940.0;0.0
yf_ZS=F_d7;30300;INTARIAN_PEPPER_ROOT;11888;13;11886;21;;;11896;21;11900;24;;;11892.0;0.0
yf_ZS=F_d7;30400;ASH_COATED_OSMIUM;9934;13;9930;28;;;9948;14;9951;22;;;9941.0;0.0
yf_ZS=F_d7;30400;INTARIAN_PEPPER_ROOT;11881;10;11879;23;;;11903;13;11906;10;;;11892.0;0.0
yf_ZS=F_d7;30500;ASH_COATED_OSMIUM;9938;10;9936;28;;;9944;18;9948;15;;;9941.0;0.0
yf_ZS=F_d7;30500;INTARIAN_PEPPER_ROOT;11881;7;11877;23;;;11900;12;11902;27;;;11890.5;0.0
yf_ZS=F_d7;30600;ASH_COATED_OSMIUM;9935;6;9931;19;;;9947;17;9951;18;;;9941.0;0.0
yf_ZS=F_d7;30600;INTARIAN_PEPPER_ROOT;11886;21;11884;14;;;11892;22;11894;22;;;11889.0;0.0
yf_ZS=F_d7;30700;ASH_COATED_OSMIUM;9937;13;9934;26;;;9943;23;9946;18;;;9940.0;0.0
yf_ZS=F_d7;30700;INTARIAN_PEPPER_ROOT;11882;18;11879;14;;;11895;14;11899;19;;;11888.5;0.0
yf_ZS=F_d7;30800;ASH_COATED_OSMIUM;9930;14;9927;16;;;9952;14;9954;16;;;9941.0;0.0
yf_ZS=F_d7;30800;INTARIAN_PEPPER_ROOT;11880;8;11877;16;;;11893;9;11896;18;;;11886.5;0.0
yf_ZS=F_d7;30900;ASH_COATED_OSMIUM;9938;17;9934;16;;;9944;10;9946;14;;;9941.0;0.0
yf_ZS=F_d7;30900;INTARIAN_PEPPER_ROOT;11882;7;11878;17;;;11888;5;11890;19;;;11885.0;0.0
yf_ZS=F_d7;31000;ASH_COATED_OSMIUM;9938;14;9934;20;;;9944;10;9947;13;;;9941.0;0.0
yf_ZS=F_d7;31000;INTARIAN_PEPPER_ROOT;11881;15;11877;20;;;11887;18;11889;21;;;11884.0;0.0
yf_ZS=F_d7;31100;ASH_COATED_OSMIUM;9930;10;9928;20;;;9952;15;9955;26;;;9941.0;0.0
yf_ZS=F_d7;31100;INTARIAN_PEPPER_ROOT;11878;15;11875;19;;;11886;9;11888;11;;;11882.0;0.0
yf_ZS=F_d7;31200;ASH_COATED_OSMIUM;9938;15;9935;17;;;9944;14;9947;20;;;9941.0;0.0
yf_ZS=F_d7;31200;INTARIAN_PEPPER_ROOT;11856;15;11852;22;;;11906;9;11910;17;;;11881.0;0.0
yf_ZS=F_d7;31300;ASH_COATED_OSMIUM;9929;14;9927;27;;;9953;17;9955;13;;;9941.0;0.0
yf_ZS=F_d7;31300;INTARIAN_PEPPER_ROOT;11876;15;11873;18;;;11882;15;11886;23;;;11879.0;0.0
yf_ZS=F_d7;31400;ASH_COATED_OSMIUM;9938;14;9934;22;;;9944;17;9947;22;;;9941.0;0.0
yf_ZS=F_d7;31400;INTARIAN_PEPPER_ROOT;11875;13;11873;19;;;11881;15;11883;20;;;11878.0;0.0
yf_ZS=F_d7;31500;ASH_COATED_OSMIUM;9938;10;9934;21;;;9944;23;9947;22;;;9941.0;0.0
yf_ZS=F_d7;31500;INTARIAN_PEPPER_ROOT;11874;16;11870;14;;;11881;18;11883;8;;;11877.5;0.0
yf_ZS=F_d7;31600;ASH_COATED_OSMIUM;9938;15;9934;23;;;9944;18;9947;21;;;9941.0;0.0
yf_ZS=F_d7;31600;INTARIAN_PEPPER_ROOT;11869;24;11867;14;;;11882;11;11885;30;;;11875.5;0.0
yf_ZS=F_d7;31700;ASH_COATED_OSMIUM;9934;20;9930;13;;;9948;15;9952;17;;;9941.0;0.0
yf_ZS=F_d7;31700;INTARIAN_PEPPER_ROOT;11869;11;11867;14;;;11877;7;11881;20;;;11873.0;0.0
yf_ZS=F_d7;31800;ASH_COATED_OSMIUM;9938;15;9936;21;;;9944;9;9947;18;;;9941.0;0.0
yf_ZS=F_d7;31800;INTARIAN_PEPPER_ROOT;11870;11;11868;26;;;11876;13;11880;13;;;11873.0;0.0
yf_ZS=F_d7;31900;ASH_COATED_OSMIUM;9932;7;9929;19;;;9949;16;9951;19;;;9940.5;0.0
yf_ZS=F_d7;31900;INTARIAN_PEPPER_ROOT;11865;11;11861;21;;;11879;9;11882;23;;;11872.0;0.0
yf_ZS=F_d7;32000;ASH_COATED_OSMIUM;9937;11;9934;20;;;9943;10;9945;28;;;9940.0;0.0
yf_ZS=F_d7;32000;INTARIAN_PEPPER_ROOT;11865;15;11861;22;;;11875;18;11878;16;;;11870.0;0.0
yf_ZS=F_d7;32100;ASH_COATED_OSMIUM;9938;23;9936;8;;;9944;16;9948;23;;;9941.0;0.0
yf_ZS=F_d7;32100;INTARIAN_PEPPER_ROOT;11865;10;11861;17;;;11872;20;11874;17;;;11868.5;0.0
yf_ZS=F_d7;32200;ASH_COATED_OSMIUM;9938;6;9934;30;;;9944;18;9946;11;;;9941.0;0.0
yf_ZS=F_d7;32200;INTARIAN_PEPPER_ROOT;11864;20;11861;20;;;11870;5;11872;17;;;11867.0;0.0
yf_ZS=F_d7;32300;ASH_COATED_OSMIUM;9937;11;9935;23;;;9944;26;9948;26;;;9940.5;0.0
yf_ZS=F_d7;32300;INTARIAN_PEPPER_ROOT;11858;10;11854;23;;;11874;13;11876;28;;;11866.0;0.0
yf_ZS=F_d7;32400;ASH_COATED_OSMIUM;9938;5;9935;24;;;9944;14;9948;24;;;9941.0;0.0
yf_ZS=F_d7;32400;INTARIAN_PEPPER_ROOT;11862;15;11860;24;;;11868;22;11871;15;;;11865.0;0.0
yf_ZS=F_d7;32500;ASH_COATED_OSMIUM;9936;5;9932;20;;;9947;16;9951;20;;;9941.5;0.0
yf_ZS=F_d7;32500;INTARIAN_PEPPER_ROOT;11860;21;11857;19;;;11866;7;11869;24;;;11863.0;0.0
yf_ZS=F_d7;32600;ASH_COATED_OSMIUM;9937;12;9933;25;;;9945;20;9948;17;;;9941.0;0.0
yf_ZS=F_d7;32600;INTARIAN_PEPPER_ROOT;11859;12;11855;26;;;11865;5;11867;23;;;11862.0;0.0
yf_ZS=F_d7;32700;ASH_COATED_OSMIUM;9938;14;9936;24;;;9944;17;9947;17;;;9941.0;0.0
yf_ZS=F_d7;32700;INTARIAN_PEPPER_ROOT;11858;15;11854;13;;;11864;11;11867;17;;;11861.0;0.0
yf_ZS=F_d7;32800;ASH_COATED_OSMIUM;9937;11;9935;26;;;9947;9;9949;16;;;9942.0;0.0
yf_ZS=F_d7;32800;INTARIAN_PEPPER_ROOT;11856;14;11853;26;;;11863;17;11867;20;;;11859.5;0.0
yf_ZS=F_d7;32900;ASH_COATED_OSMIUM;9936;7;9932;20;;;9947;14;9950;18;;;9941.5;0.0
yf_ZS=F_d7;32900;INTARIAN_PEPPER_ROOT;11839;7;11837;15;;;11877;23;11880;21;;;11858.0;0.0
yf_ZS=F_d7;33000;ASH_COATED_OSMIUM;9938;14;9934;21;;;9944;23;9948;23;;;9941.0;0.0
yf_ZS=F_d7;33000;INTARIAN_PEPPER_ROOT;11853;17;11849;17;;;11861;13;11863;9;;;11857.0;0.0
yf_ZS=F_d7;33100;ASH_COATED_OSMIUM;9930;14;9928;30;;;9952;21;9955;20;;;9941.0;0.0
yf_ZS=F_d7;33100;INTARIAN_PEPPER_ROOT;11852;15;11848;24;;;11859;14;11863;27;;;11855.5;0.0
yf_ZS=F_d7;33200;ASH_COATED_OSMIUM;9924;11;9921;15;;;9959;15;9963;22;;;9941.5;0.0
yf_ZS=F_d7;33200;INTARIAN_PEPPER_ROOT;11851;5;11848;10;;;11857;8;11860;19;;;11854.0;0.0
yf_ZS=F_d7;33300;ASH_COATED_OSMIUM;9938;24;9935;9;;;9945;23;9948;18;;;9941.5;0.0
yf_ZS=F_d7;33300;INTARIAN_PEPPER_ROOT;11834;19;11830;21;;;11871;18;11874;18;;;11852.5;0.0
yf_ZS=F_d7;33400;ASH_COATED_OSMIUM;9938;21;9934;14;;;9944;9;9946;17;;;9941.0;0.0
yf_ZS=F_d7;33400;INTARIAN_PEPPER_ROOT;11844;13;11840;23;;;11858;17;11861;20;;;11851.0;0.0
yf_ZS=F_d7;33500;ASH_COATED_OSMIUM;9927;21;9925;23;;;9955;11;9957;17;;;9941.0;0.0
yf_ZS=F_d7;33500;INTARIAN_PEPPER_ROOT;11847;24;11844;15;;;11853;14;11855;13;;;11850.0;0.0
yf_ZS=F_d7;33600;ASH_COATED_OSMIUM;9938;20;9935;18;;;9944;10;9946;16;;;9941.0;0.0
yf_ZS=F_d7;33600;INTARIAN_PEPPER_ROOT;11845;14;11843;20;;;11852;10;11854;17;;;11848.5;0.0
yf_ZS=F_d7;33700;ASH_COATED_OSMIUM;9934;14;9931;23;;;9948;17;9951;30;;;9941.0;0.0
yf_ZS=F_d7;33700;INTARIAN_PEPPER_ROOT;11845;17;11841;33;;;11851;20;11853;19;;;11848.0;0.0
yf_ZS=F_d7;33800;ASH_COATED_OSMIUM;9935;7;9931;13;;;9947;19;9949;16;;;9941.0;0.0
yf_ZS=F_d7;33800;INTARIAN_PEPPER_ROOT;11837;15;11834;22;;;11855;12;11859;23;;;11846.0;0.0
yf_ZS=F_d7;33900;ASH_COATED_OSMIUM;9938;17;9935;20;;;9944;22;9947;10;;;9941.0;0.0
yf_ZS=F_d7;33900;INTARIAN_PEPPER_ROOT;11834;18;11830;22;;;11855;15;11858;13;;;11844.5;0.0
yf_ZS=F_d7;34000;ASH_COATED_OSMIUM;9937;24;9933;17;;;9945;18;9947;20;;;9941.0;0.0
yf_ZS=F_d7;34000;INTARIAN_PEPPER_ROOT;11843;16;11840;16;;;11852;15;11854;14;;;11847.5;0.0
yf_ZS=F_d7;34100;ASH_COATED_OSMIUM;9937;18;9935;20;;;9945;12;9947;29;;;9941.0;0.0
yf_ZS=F_d7;34100;INTARIAN_PEPPER_ROOT;11847;10;11844;25;;;11853;16;11856;19;;;11850.0;0.0
yf_ZS=F_d7;34200;ASH_COATED_OSMIUM;9937;16;9933;24;;;9946;14;9949;16;;;9941.5;0.0
yf_ZS=F_d7;34200;INTARIAN_PEPPER_ROOT;11849;15;11847;17;;;11858;12;11860;12;;;11853.5;0.0
yf_ZS=F_d7;34300;ASH_COATED_OSMIUM;9939;19;9937;17;;;9945;14;9948;18;;;9942.0;0.0
yf_ZS=F_d7;34300;INTARIAN_PEPPER_ROOT;11852;12;11850;12;;;11858;11;11862;31;;;11855.0;0.0
yf_ZS=F_d7;34400;ASH_COATED_OSMIUM;9939;15;9935;14;;;9945;17;9949;17;;;9942.0;0.0
yf_ZS=F_d7;34400;INTARIAN_PEPPER_ROOT;11852;14;11848;21;;;11865;15;11868;18;;;11858.5;0.0
yf_ZS=F_d7;34500;ASH_COATED_OSMIUM;9938;10;9935;18;;;9944;18;9946;35;;;9941.0;0.0
yf_ZS=F_d7;34500;INTARIAN_PEPPER_ROOT;11857;12;11854;16;;;11866;25;11869;14;;;11861.5;0.0
yf_ZS=F_d7;34600;ASH_COATED_OSMIUM;9937;14;9935;18;;;9945;17;9949;19;;;9941.0;0.0
yf_ZS=F_d7;34600;INTARIAN_PEPPER_ROOT;11853;5;11851;18;;;11874;25;11877;18;;;11863.5;0.0
yf_ZS=F_d7;34700;ASH_COATED_OSMIUM;9938;21;9935;19;;;9944;12;9948;27;;;9941.0;0.0
yf_ZS=F_d7;34700;INTARIAN_PEPPER_ROOT;11858;15;11855;14;;;11876;9;11878;8;;;11867.0;0.0
yf_ZS=F_d7;34800;ASH_COATED_OSMIUM;9938;14;9934;27;;;9944;13;9947;12;;;9941.0;0.0
yf_ZS=F_d7;34800;INTARIAN_PEPPER_ROOT;11867;14;11864;14;;;11873;16;11875;14;;;11870.0;0.0
yf_ZS=F_d7;34900;ASH_COATED_OSMIUM;9937;15;9933;18;;;9945;12;9948;12;;;9941.0;0.0
yf_ZS=F_d7;34900;INTARIAN_PEPPER_ROOT;11869;9;11866;17;;;11875;16;11879;12;;;11872.0;0.0
yf_ZS=F_d7;35000;ASH_COATED_OSMIUM;9929;5;9927;19;;;9955;9;9957;12;;;9942.0;0.0
yf_ZS=F_d7;35000;INTARIAN_PEPPER_ROOT;11872;16;11870;18;;;11878;11;11882;22;;;11875.0;0.0
yf_ZS=F_d7;35100;ASH_COATED_OSMIUM;9937;15;9935;25;;;9946;12;9949;22;;;9941.5;0.0
yf_ZS=F_d7;35100;INTARIAN_PEPPER_ROOT;11873;12;11870;14;;;11881;24;11883;25;;;11877.0;0.0
yf_ZS=F_d7;35200;ASH_COATED_OSMIUM;9936;14;9932;17;;;9948;13;9950;20;;;9942.0;0.0
yf_ZS=F_d7;35200;INTARIAN_PEPPER_ROOT;11873;11;11870;11;;;11888;18;11892;35;;;11880.5;0.0
yf_ZS=F_d7;35300;ASH_COATED_OSMIUM;9930;14;9927;19;;;9954;15;9958;23;;;9942.0;0.0
yf_ZS=F_d7;35300;INTARIAN_PEPPER_ROOT;11880;11;11876;20;;;11886;17;11888;19;;;11883.0;0.0
yf_ZS=F_d7;35400;ASH_COATED_OSMIUM;9936;13;9933;12;;;9946;23;9950;21;;;9941.0;0.0
yf_ZS=F_d7;35400;INTARIAN_PEPPER_ROOT;11883;19;11879;20;;;11889;15;11892;11;;;11886.0;0.0
yf_ZS=F_d7;35500;ASH_COATED_OSMIUM;9931;14;9929;22;;;9953;18;9957;24;;;9942.0;0.0
yf_ZS=F_d7;35500;INTARIAN_PEPPER_ROOT;11885;11;11883;19;;;11891;21;11894;24;;;11888.0;0.0
yf_ZS=F_d7;35600;ASH_COATED_OSMIUM;9938;19;9935;16;;;9944;14;9946;24;;;9941.0;0.0
yf_ZS=F_d7;35600;INTARIAN_PEPPER_ROOT;11884;13;11881;22;;;11897;24;11901;20;;;11890.5;0.0
yf_ZS=F_d7;35700;ASH_COATED_OSMIUM;9934;11;9931;19;;;9949;18;9953;11;;;9941.5;0.0
yf_ZS=F_d7;35700;INTARIAN_PEPPER_ROOT;11891;14;11887;21;;;11897;11;11900;15;;;11894.0;0.0
yf_ZS=F_d7;35800;ASH_COATED_OSMIUM;9939;15;9935;20;;;9945;15;9947;25;;;9942.0;0.0
yf_ZS=F_d7;35800;INTARIAN_PEPPER_ROOT;11894;21;11890;27;;;11900;12;11902;22;;;11897.0;0.0
yf_ZS=F_d7;35900;ASH_COATED_OSMIUM;9938;12;9936;16;;;9944;16;9946;17;;;9941.0;0.0
yf_ZS=F_d7;35900;INTARIAN_PEPPER_ROOT;11897;20;11893;8;;;11903;13;11907;15;;;11900.0;0.0
yf_ZS=F_d7;36000;ASH_COATED_OSMIUM;9938;14;9934;23;;;9944;20;9948;15;;;9941.0;0.0
yf_ZS=F_d7;36000;INTARIAN_PEPPER_ROOT;11893;5;11889;14;;;11912;15;11914;16;;;11902.5;0.0
yf_ZS=F_d7;36100;ASH_COATED_OSMIUM;9939;23;9935;29;;;9945;16;9947;13;;;9942.0;0.0
yf_ZS=F_d7;36100;INTARIAN_PEPPER_ROOT;11902;6;11900;10;;;11908;17;11912;19;;;11905.0;0.0
yf_ZS=F_d7;36200;ASH_COATED_OSMIUM;9939;15;9937;17;;;9945;22;9948;25;;;9942.0;0.0
yf_ZS=F_d7;36200;INTARIAN_PEPPER_ROOT;11901;18;11897;28;;;11915;18;11918;14;;;11908.0;0.0
yf_ZS=F_d7;36300;ASH_COATED_OSMIUM;9939;20;9935;22;;;9945;16;9948;18;;;9942.0;0.0
yf_ZS=F_d7;36300;INTARIAN_PEPPER_ROOT;11902;17;11898;25;;;11919;13;11923;22;;;11910.5;0.0
yf_ZS=F_d7;36400;ASH_COATED_OSMIUM;9934;16;9931;23;;;9950;15;9953;15;;;9942.0;0.0
yf_ZS=F_d7;36400;INTARIAN_PEPPER_ROOT;11911;21;11907;19;;;11917;10;11919;25;;;11914.0;0.0
yf_ZS=F_d7;36500;ASH_COATED_OSMIUM;9937;12;9934;22;;;9947;19;9949;23;;;9942.0;0.0
yf_ZS=F_d7;36500;INTARIAN_PEPPER_ROOT;11911;19;11907;28;;;11922;8;11925;25;;;11916.5;0.0
yf_ZS=F_d7;36600;ASH_COATED_OSMIUM;9939;26;9937;11;;;9945;8;9949;14;;;9942.0;0.0
yf_ZS=F_d7;36600;INTARIAN_PEPPER_ROOT;11914;14;11910;16;;;11925;15;11928;20;;;11919.5;0.0
yf_ZS=F_d7;36700;ASH_COATED_OSMIUM;9939;9;9937;14;;;9945;16;9949;20;;;9942.0;0.0
yf_ZS=F_d7;36700;INTARIAN_PEPPER_ROOT;11913;11;11911;27;;;11929;15;11932;16;;;11921.0;0.0
yf_ZS=F_d7;36800;ASH_COATED_OSMIUM;9939;17;9937;14;;;9945;18;9947;19;;;9942.0;0.0
yf_ZS=F_d7;36800;INTARIAN_PEPPER_ROOT;11917;14;11913;12;;;11931;15;11935;21;;;11924.0;0.0
yf_ZS=F_d7;36900;ASH_COATED_OSMIUM;9937;16;9934;17;;;9948;8;9951;21;;;9942.5;0.0
yf_ZS=F_d7;36900;INTARIAN_PEPPER_ROOT;11921;15;11919;20;;;11932;10;11936;22;;;11926.5;0.0
yf_ZS=F_d7;37000;ASH_COATED_OSMIUM;9939;25;9936;13;;;9945;11;9948;21;;;9942.0;0.0
yf_ZS=F_d7;37000;INTARIAN_PEPPER_ROOT;11914;15;11911;11;;;11946;14;11949;22;;;11930.0;0.0
yf_ZS=F_d7;37100;ASH_COATED_OSMIUM;9939;9;9936;21;;;9945;22;9947;19;;;9942.0;0.0
yf_ZS=F_d7;37100;INTARIAN_PEPPER_ROOT;11929;16;11927;17;;;11935;14;11939;23;;;11932.0;0.0
yf_ZS=F_d7;37200;ASH_COATED_OSMIUM;9939;13;9937;20;;;9945;17;9947;21;;;9942.0;0.0
yf_ZS=F_d7;37200;INTARIAN_PEPPER_ROOT;11931;12;11929;25;;;11937;17;11940;21;;;11934.0;0.0
yf_ZS=F_d7;37300;ASH_COATED_OSMIUM;9933;13;9930;14;;;9951;17;9954;13;;;9942.0;0.0
yf_ZS=F_d7;37300;INTARIAN_PEPPER_ROOT;11935;17;11933;15;;;11941;16;11945;14;;;11938.0;0.0
yf_ZS=F_d7;37400;ASH_COATED_OSMIUM;9936;22;9933;14;;;9948;23;9951;17;;;9942.0;0.0
yf_ZS=F_d7;37400;INTARIAN_PEPPER_ROOT;11938;9;11935;18;;;11944;11;11946;17;;;11941.0;0.0
yf_ZS=F_d7;37500;ASH_COATED_OSMIUM;9938;7;9934;20;;;9946;10;9948;10;;;9942.0;0.0
yf_ZS=F_d7;37500;INTARIAN_PEPPER_ROOT;11938;15;11936;14;;;11950;9;11953;14;;;11944.0;0.0
yf_ZS=F_d7;37600;ASH_COATED_OSMIUM;9940;12;9937;23;;;9946;10;9950;23;;;9943.0;0.0
yf_ZS=F_d7;37600;INTARIAN_PEPPER_ROOT;11943;14;11940;11;;;11949;14;11952;20;;;11946.0;0.0
yf_ZS=F_d7;37700;ASH_COATED_OSMIUM;9939;10;9935;15;;;9945;8;9948;13;;;9942.0;0.0
yf_ZS=F_d7;37700;INTARIAN_PEPPER_ROOT;11946;18;11943;19;;;11952;13;11955;22;;;11949.0;0.0
yf_ZS=F_d7;37800;ASH_COATED_OSMIUM;9939;18;9937;14;;;9946;23;9950;18;;;9942.5;0.0
yf_ZS=F_d7;37800;INTARIAN_PEPPER_ROOT;11949;11;11945;21;;;11955;12;11958;24;;;11952.0;0.0
yf_ZS=F_d7;37900;ASH_COATED_OSMIUM;9940;13;9938;21;;;9946;6;9948;21;;;9943.0;0.0
yf_ZS=F_d7;37900;INTARIAN_PEPPER_ROOT;11949;11;11947;22;;;11958;15;11960;25;;;11953.5;0.0
yf_ZS=F_d7;38000;ASH_COATED_OSMIUM;9913;20;9910;20;;;9971;11;9974;22;;;9942.0;0.0
yf_ZS=F_d7;38000;INTARIAN_PEPPER_ROOT;11954;24;11951;27;;;11960;13;11963;16;;;11957.0;0.0
yf_ZS=F_d7;38100;ASH_COATED_OSMIUM;9940;19;9937;24;;;9946;10;9949;18;;;9943.0;0.0
yf_ZS=F_d7;38100;INTARIAN_PEPPER_ROOT;11957;11;11955;19;;;11963;22;11967;21;;;11960.0;0.0
yf_ZS=F_d7;38200;ASH_COATED_OSMIUM;9939;15;9937;19;;;9945;24;9949;14;;;9942.0;0.0
yf_ZS=F_d7;38200;INTARIAN_PEPPER_ROOT;11959;21;11955;18;;;11967;16;11971;14;;;11963.0;0.0
yf_ZS=F_d7;38300;ASH_COATED_OSMIUM;9939;7;9937;21;;;9945;22;9949;20;;;9942.0;0.0
yf_ZS=F_d7;38300;INTARIAN_PEPPER_ROOT;11963;17;11961;25;;;11969;22;11973;8;;;11966.0;0.0
yf_ZS=F_d7;38400;ASH_COATED_OSMIUM;9939;12;9936;16;;;9945;20;9948;27;;;9942.0;0.0
yf_ZS=F_d7;38400;INTARIAN_PEPPER_ROOT;11963;9;11960;19;;;11973;17;11975;23;;;11968.0;0.0
yf_ZS=F_d7;38500;ASH_COATED_OSMIUM;9938;19;9936;16;;;9947;11;9951;18;;;9942.5;0.0
yf_ZS=F_d7;38500;INTARIAN_PEPPER_ROOT;11966;11;11963;19;;;11976;19;11980;17;;;11971.0;0.0
yf_ZS=F_d7;38600;ASH_COATED_OSMIUM;9940;18;9937;29;;;9946;20;9950;24;;;9943.0;0.0
yf_ZS=F_d7;38600;INTARIAN_PEPPER_ROOT;11970;13;11966;11;;;11976;15;11979;8;;;11973.0;0.0
yf_ZS=F_d7;38700;ASH_COATED_OSMIUM;9940;7;9938;19;;;9946;14;9950;22;;;9943.0;0.0
yf_ZS=F_d7;38700;INTARIAN_PEPPER_ROOT;11973;25;11971;13;;;11979;8;11983;19;;;11976.0;0.0
yf_ZS=F_d7;38800;ASH_COATED_OSMIUM;9940;12;9936;11;;;9946;18;9949;10;;;9943.0;0.0
yf_ZS=F_d7;38800;INTARIAN_PEPPER_ROOT;11976;11;11973;15;;;11982;10;11984;28;;;11979.0;0.0
yf_ZS=F_d7;38900;ASH_COATED_OSMIUM;9940;5;9936;23;;;9946;11;9950;24;;;9943.0;0.0
yf_ZS=F_d7;38900;INTARIAN_PEPPER_ROOT;11979;18;11976;16;;;11985;18;11988;13;;;11982.0;0.0
yf_ZS=F_d7;39000;ASH_COATED_OSMIUM;9940;10;9938;18;;;9946;20;9950;19;;;9943.0;0.0
yf_ZS=F_d7;39000;INTARIAN_PEPPER_ROOT;11981;5;11977;18;;;11987;20;11990;16;;;11984.0;0.0
yf_ZS=F_d7;39100;ASH_COATED_OSMIUM;9940;6;9936;16;;;9946;11;9949;21;;;9943.0;0.0
yf_ZS=F_d7;39100;INTARIAN_PEPPER_ROOT;11972;15;11968;19;;;12003;13;12007;15;;;11987.5;0.0
yf_ZS=F_d7;39200;ASH_COATED_OSMIUM;9940;21;9936;24;;;9946;5;9948;15;;;9943.0;0.0
yf_ZS=F_d7;39200;INTARIAN_PEPPER_ROOT;11986;18;11982;19;;;11993;20;11997;19;;;11989.5;0.0
yf_ZS=F_d7;39300;ASH_COATED_OSMIUM;9940;15;9936;22;;;9946;17;9948;20;;;9943.0;0.0
yf_ZS=F_d7;39300;INTARIAN_PEPPER_ROOT;11990;18;11988;21;;;11996;15;11999;12;;;11993.0;0.0
yf_ZS=F_d7;39400;ASH_COATED_OSMIUM;9939;19;9935;24;;;9947;15;9950;20;;;9943.0;0.0
yf_ZS=F_d7;39400;INTARIAN_PEPPER_ROOT;11986;19;11983;14;;;12004;11;12006;20;;;11995.0;0.0
yf_ZS=F_d7;39500;ASH_COATED_OSMIUM;9939;24;9937;20;;;9945;21;9947;23;;;9942.0;0.0
yf_ZS=F_d7;39500;INTARIAN_PEPPER_ROOT;11995;22;11993;14;;;12001;8;12003;18;;;11998.0;0.0
yf_ZS=F_d7;39600;ASH_COATED_OSMIUM;9919;8;9916;21;;;9967;14;9970;20;;;9943.0;0.0
yf_ZS=F_d7;39600;INTARIAN_PEPPER_ROOT;11995;15;11991;16;;;12006;22;12010;21;;;12000.5;0.0
yf_ZS=F_d7;39700;ASH_COATED_OSMIUM;9940;24;9936;8;;;9946;11;9948;16;;;9943.0;0.0
yf_ZS=F_d7;39700;INTARIAN_PEPPER_ROOT;12000;19;11998;22;;;12006;10;12010;27;;;12003.0;0.0
yf_ZS=F_d7;39800;ASH_COATED_OSMIUM;9939;19;9937;24;;;9946;11;9950;14;;;9942.5;0.0
yf_ZS=F_d7;39800;INTARIAN_PEPPER_ROOT;12004;14;12001;20;;;12010;13;12012;15;;;12007.0;0.0
yf_ZS=F_d7;39900;ASH_COATED_OSMIUM;9925;21;9923;27;;;9961;21;9965;11;;;9943.0;0.0
yf_ZS=F_d7;39900;INTARIAN_PEPPER_ROOT;12001;16;11999;16;;;12017;12;12021;15;;;12009.0;0.0
yf_ZS=F_d7;40000;ASH_COATED_OSMIUM;9940;17;9936;25;;;9946;11;9948;24;;;9943.0;0.0
yf_ZS=F_d7;40000;INTARIAN_PEPPER_ROOT;12009;12;12007;19;;;12015;14;12019;24;;;12012.0;0.0
yf_ZS=F_d7;40100;ASH_COATED_OSMIUM;9940;17;9938;23;;;9946;9;9949;9;;;9943.0;0.0
yf_ZS=F_d7;40100;INTARIAN_PEPPER_ROOT;12011;17;12007;11;;;12017;8;12021;23;;;12014.0;0.0
yf_ZS=F_d7;40200;ASH_COATED_OSMIUM;9934;12;9931;19;;;9952;14;9954;14;;;9943.0;0.0
yf_ZS=F_d7;40200;INTARIAN_PEPPER_ROOT;12012;15;12010;16;;;12023;5;12025;17;;;12017.5;0.0
yf_ZS=F_d7;40300;ASH_COATED_OSMIUM;9940;18;9936;21;;;9946;17;9949;17;;;9943.0;0.0
yf_ZS=F_d7;40300;INTARIAN_PEPPER_ROOT;12012;20;12009;20;;;12027;15;12029;14;;;12019.5;0.0
yf_ZS=F_d7;40400;ASH_COATED_OSMIUM;9934;20;9930;29;;;9951;15;9955;22;;;9942.5;0.0
yf_ZS=F_d7;40400;INTARIAN_PEPPER_ROOT;12016;14;12013;17;;;12030;16;12034;20;;;12023.0;0.0
yf_ZS=F_d7;40500;ASH_COATED_OSMIUM;9941;16;9938;11;;;9947;18;9949;15;;;9944.0;0.0
yf_ZS=F_d7;40500;INTARIAN_PEPPER_ROOT;12022;14;12019;21;;;12029;11;12031;20;;;12025.5;0.0
yf_ZS=F_d7;40600;ASH_COATED_OSMIUM;9938;13;9934;20;;;9949;19;9953;23;;;9943.5;0.0
yf_ZS=F_d7;40600;INTARIAN_PEPPER_ROOT;12025;9;12021;20;;;12031;8;12034;8;;;12028.0;0.0
yf_ZS=F_d7;40700;ASH_COATED_OSMIUM;9940;11;9937;26;;;9946;12;9948;23;;;9943.0;0.0
yf_ZS=F_d7;40700;INTARIAN_PEPPER_ROOT;12028;11;12024;14;;;12034;7;12037;24;;;12031.0;0.0
yf_ZS=F_d7;40800;ASH_COATED_OSMIUM;9938;12;9935;15;;;9947;17;9950;16;;;9942.5;0.0
yf_ZS=F_d7;40800;INTARIAN_PEPPER_ROOT;12031;13;12027;16;;;12037;22;12039;26;;;12034.0;0.0
yf_ZS=F_d7;40900;ASH_COATED_OSMIUM;9939;5;9937;14;;;9946;13;9949;28;;;9942.5;0.0
yf_ZS=F_d7;40900;INTARIAN_PEPPER_ROOT;12033;22;12029;14;;;12039;15;12042;15;;;12036.0;0.0
yf_ZS=F_d7;41000;ASH_COATED_OSMIUM;9937;13;9935;26;;;9948;19;9951;19;;;9942.5;0.0
yf_ZS=F_d7;41000;INTARIAN_PEPPER_ROOT;12036;22;12033;23;;;12042;17;12045;13;;;12039.0;0.0
yf_ZS=F_d7;41100;ASH_COATED_OSMIUM;9938;7;9936;18;;;9948;14;9951;24;;;9943.0;0.0
yf_ZS=F_d7;41100;INTARIAN_PEPPER_ROOT;12039;12;12036;28;;;12045;14;12048;22;;;12042.0;0.0
yf_ZS=F_d7;41200;ASH_COATED_OSMIUM;9940;11;9936;22;;;9946;13;9948;17;;;9943.0;0.0
yf_ZS=F_d7;41200;INTARIAN_PEPPER_ROOT;12039;14;12036;13;;;12050;18;12053;22;;;12044.5;0.0
yf_ZS=F_d7;41300;ASH_COATED_OSMIUM;9939;16;9935;21;;;9948;15;9951;17;;;9943.5;0.0
yf_ZS=F_d7;41300;INTARIAN_PEPPER_ROOT;12044;14;12041;27;;;12050;19;12054;23;;;12047.0;0.0
yf_ZS=F_d7;41400;ASH_COATED_OSMIUM;9940;22;9937;15;;;9946;14;9949;24;;;9943.0;0.0
yf_ZS=F_d7;41400;INTARIAN_PEPPER_ROOT;12047;15;12044;17;;;12053;14;12057;22;;;12050.0;0.0
yf_ZS=F_d7;41500;ASH_COATED_OSMIUM;9926;8;9922;27;;;9961;13;9963;13;;;9943.5;0.0
yf_ZS=F_d7;41500;INTARIAN_PEPPER_ROOT;12043;6;12039;31;;;12061;8;12063;32;;;12052.0;0.0
yf_ZS=F_d7;41600;ASH_COATED_OSMIUM;9940;12;9938;29;;;9946;13;9948;19;;;9943.0;0.0
yf_ZS=F_d7;41600;INTARIAN_PEPPER_ROOT;12053;6;12051;24;;;12059;13;12062;18;;;12056.0;0.0
yf_ZS=F_d7;41700;ASH_COATED_OSMIUM;9940;10;9937;15;;;9946;5;9948;19;;;9943.0;0.0
yf_ZS=F_d7;41700;INTARIAN_PEPPER_ROOT;12054;23;12052;17;;;12062;7;12065;31;;;12058.0;0.0
yf_ZS=F_d7;41800;ASH_COATED_OSMIUM;9940;15;9937;22;;;9946;14;9949;17;;;9943.0;0.0
yf_ZS=F_d7;41800;INTARIAN_PEPPER_ROOT;12051;15;12049;16;;;12071;7;12074;22;;;12061.0;0.0
yf_ZS=F_d7;41900;ASH_COATED_OSMIUM;9929;6;9927;16;;;9958;17;9960;22;;;9943.5;0.0
yf_ZS=F_d7;41900;INTARIAN_PEPPER_ROOT;12060;30;12057;21;;;12066;5;12068;16;;;12063.0;0.0
yf_ZS=F_d7;42000;ASH_COATED_OSMIUM;9923;15;9920;17;;;9965;10;9967;26;;;9944.0;0.0
yf_ZS=F_d7;42000;INTARIAN_PEPPER_ROOT;12064;9;12061;23;;;12070;9;12073;14;;;12067.0;0.0
yf_ZS=F_d7;42100;ASH_COATED_OSMIUM;9936;18;9934;11;;;9951;11;9954;20;;;9943.5;0.0
yf_ZS=F_d7;42100;INTARIAN_PEPPER_ROOT;12058;12;12056;22;;;12081;12;12084;22;;;12069.5;0.0
yf_ZS=F_d7;42200;ASH_COATED_OSMIUM;9940;7;9937;20;;;9946;17;9949;28;;;9943.0;0.0
yf_ZS=F_d7;42200;INTARIAN_PEPPER_ROOT;12069;16;12065;24;;;12075;13;12078;21;;;12072.0;0.0
yf_ZS=F_d7;42300;ASH_COATED_OSMIUM;9940;18;9937;23;;;9946;18;9950;20;;;9943.0;0.0
yf_ZS=F_d7;42300;INTARIAN_PEPPER_ROOT;12068;18;12064;16;;;12082;8;12085;23;;;12075.0;0.0
yf_ZS=F_d7;42400;ASH_COATED_OSMIUM;9941;12;9937;20;;;9947;16;9950;21;;;9944.0;0.0
yf_ZS=F_d7;42400;INTARIAN_PEPPER_ROOT;12074;29;12070;13;;;12080;19;12084;13;;;12077.0;0.0
yf_ZS=F_d7;42500;ASH_COATED_OSMIUM;9940;6;9938;17;;;9946;5;9950;16;;;9943.0;0.0
yf_ZS=F_d7;42500;INTARIAN_PEPPER_ROOT;12077;16;12075;13;;;12083;14;12085;17;;;12080.0;0.0
yf_ZS=F_d7;42600;ASH_COATED_OSMIUM;9940;20;9937;13;;;9946;9;9948;23;;;9943.0;0.0
yf_ZS=F_d7;42600;INTARIAN_PEPPER_ROOT;12080;21;12076;23;;;12086;18;12089;24;;;12083.0;0.0
yf_ZS=F_d7;42700;ASH_COATED_OSMIUM;9939;13;9935;19;;;9948;11;9952;10;;;9943.5;0.0
yf_ZS=F_d7;42700;INTARIAN_PEPPER_ROOT;12079;17;12075;16;;;12092;15;12096;22;;;12085.5;0.0
yf_ZS=F_d7;42800;ASH_COATED_OSMIUM;9926;17;9924;14;;;9962;13;9964;21;;;9944.0;0.0
yf_ZS=F_d7;42800;INTARIAN_PEPPER_ROOT;12084;9;12081;16;;;12092;8;12096;29;;;12088.0;0.0
yf_ZS=F_d7;42900;ASH_COATED_OSMIUM;9940;13;9938;11;;;9946;14;9949;19;;;9943.0;0.0
yf_ZS=F_d7;42900;INTARIAN_PEPPER_ROOT;12088;19;12086;15;;;12094;19;12097;20;;;12091.0;0.0
yf_ZS=F_d7;43000;ASH_COATED_OSMIUM;9938;20;9936;28;;;9950;16;9953;18;;;9944.0;0.0
yf_ZS=F_d7;43000;INTARIAN_PEPPER_ROOT;12091;17;12087;12;;;12097;15;12100;21;;;12094.0;0.0
yf_ZS=F_d7;43100;ASH_COATED_OSMIUM;9941;8;9939;16;;;9947;16;9949;21;;;9944.0;0.0
yf_ZS=F_d7;43100;INTARIAN_PEPPER_ROOT;12094;7;12092;25;;;12100;20;12104;15;;;12097.0;0.0
yf_ZS=F_d7;43200;ASH_COATED_OSMIUM;9941;16;9939;21;;;9947;19;9951;13;;;9944.0;0.0
yf_ZS=F_d7;43200;INTARIAN_PEPPER_ROOT;12096;14;12094;17;;;12102;16;12104;30;;;12099.0;0.0
yf_ZS=F_d7;43300;ASH_COATED_OSMIUM;9934;12;9930;23;;;9952;8;9955;24;;;9943.0;0.0
yf_ZS=F_d7;43300;INTARIAN_PEPPER_ROOT;12092;16;12088;16;;;12111;24;12115;8;;;12101.5;0.0
yf_ZS=F_d7;43400;ASH_COATED_OSMIUM;9941;7;9937;17;;;9947;13;9951;12;;;9944.0;0.0
yf_ZS=F_d7;43400;INTARIAN_PEPPER_ROOT;12102;15;12100;19;;;12108;22;12110;14;;;12105.0;0.0
yf_ZS=F_d7;43500;ASH_COATED_OSMIUM;9940;15;9938;15;;;9946;22;9950;17;;;9943.0;0.0
yf_ZS=F_d7;43500;INTARIAN_PEPPER_ROOT;12101;23;12097;20;;;12114;12;12116;18;;;12107.5;0.0
yf_ZS=F_d7;43600;ASH_COATED_OSMIUM;9940;12;9938;14;;;9946;12;9948;24;;;9943.0;0.0
yf_ZS=F_d7;43600;INTARIAN_PEPPER_ROOT;12107;6;12105;20;;;12113;19;12117;25;;;12110.0;0.0
yf_ZS=F_d7;43700;ASH_COATED_OSMIUM;9930;19;9928;23;;;9958;21;9961;29;;;9944.0;0.0
yf_ZS=F_d7;43700;INTARIAN_PEPPER_ROOT;12110;13;12108;22;;;12116;5;12118;23;;;12113.0;0.0
yf_ZS=F_d7;43800;ASH_COATED_OSMIUM;9941;19;9938;11;;;9947;8;9950;22;;;9944.0;0.0
yf_ZS=F_d7;43800;INTARIAN_PEPPER_ROOT;12112;15;12110;21;;;12121;12;12125;25;;;12116.5;0.0
yf_ZS=F_d7;43900;ASH_COATED_OSMIUM;9941;25;9937;11;;;9947;6;9949;16;;;9944.0;0.0
yf_ZS=F_d7;43900;INTARIAN_PEPPER_ROOT;12112;5;12110;23;;;12125;9;12127;19;;;12118.5;0.0
yf_ZS=F_d7;44000;ASH_COATED_OSMIUM;9941;10;9937;27;;;9947;18;9950;23;;;9944.0;0.0
yf_ZS=F_d7;44000;INTARIAN_PEPPER_ROOT;12118;19;12115;15;;;12124;12;12127;18;;;12121.0;0.0
yf_ZS=F_d7;44100;ASH_COATED_OSMIUM;9941;28;9938;27;;;9947;14;9950;8;;;9944.0;0.0
yf_ZS=F_d7;44100;INTARIAN_PEPPER_ROOT;12121;17;12118;31;;;12127;15;12129;14;;;12124.0;0.0
yf_ZS=F_d7;44200;ASH_COATED_OSMIUM;9937;22;9933;16;;;9951;23;9953;20;;;9944.0;0.0
yf_ZS=F_d7;44200;INTARIAN_PEPPER_ROOT;12123;18;12119;20;;;12129;16;12131;16;;;12126.0;0.0
yf_ZS=F_d7;44300;ASH_COATED_OSMIUM;9941;10;9939;10;;;9947;16;9951;15;;;9944.0;0.0
yf_ZS=F_d7;44300;INTARIAN_PEPPER_ROOT;12122;21;12120;28;;;12136;9;12140;28;;;12129.0;0.0
yf_ZS=F_d7;44400;ASH_COATED_OSMIUM;9941;13;9937;22;;;9947;10;9949;16;;;9944.0;0.0
yf_ZS=F_d7;44400;INTARIAN_PEPPER_ROOT;12129;22;12125;25;;;12135;5;12139;19;;;12132.0;0.0
yf_ZS=F_d7;44500;ASH_COATED_OSMIUM;9930;16;9927;26;;;9960;19;9962;16;;;9945.0;0.0
yf_ZS=F_d7;44500;INTARIAN_PEPPER_ROOT;12131;21;12127;20;;;12137;15;12141;15;;;12134.0;0.0
yf_ZS=F_d7;44600;ASH_COATED_OSMIUM;9941;17;9937;15;;;9947;5;9951;18;;;9944.0;0.0
yf_ZS=F_d7;44600;INTARIAN_PEPPER_ROOT;12134;11;12132;14;;;12141;18;12145;24;;;12137.5;0.0
yf_ZS=F_d7;44700;ASH_COATED_OSMIUM;9931;9;9927;25;;;9959;16;9961;22;;;9945.0;0.0
yf_ZS=F_d7;44700;INTARIAN_PEPPER_ROOT;12137;11;12134;17;;;12143;14;12147;28;;;12140.0;0.0
yf_ZS=F_d7;44800;ASH_COATED_OSMIUM;9941;19;9937;15;;;9947;19;9951;21;;;9944.0;0.0
yf_ZS=F_d7;44800;INTARIAN_PEPPER_ROOT;12139;9;12135;8;;;12147;10;12149;17;;;12143.0;0.0
yf_ZS=F_d7;44900;ASH_COATED_OSMIUM;9932;8;9930;25;;;9955;13;9957;23;;;9943.5;0.0
yf_ZS=F_d7;44900;INTARIAN_PEPPER_ROOT;12143;9;12140;12;;;12149;18;12152;15;;;12146.0;0.0
yf_ZS=F_d7;45000;ASH_COATED_OSMIUM;9938;15;9934;15;;;9950;22;9954;21;;;9944.0;0.0
yf_ZS=F_d7;45000;INTARIAN_PEPPER_ROOT;12145;13;12141;16;;;12151;16;12153;19;;;12148.0;0.0
yf_ZS=F_d7;45100;ASH_COATED_OSMIUM;9941;15;9938;17;;;9947;17;9950;33;;;9944.0;0.0
yf_ZS=F_d7;45100;INTARIAN_PEPPER_ROOT;12147;17;12144;31;;;12156;16;12158;19;;;12151.5;0.0
yf_ZS=F_d7;45200;ASH_COATED_OSMIUM;9940;18;9938;20;;;9950;12;9954;11;;;9945.0;0.0
yf_ZS=F_d7;45200;INTARIAN_PEPPER_ROOT;12150;9;12146;29;;;12156;12;12158;24;;;12153.0;0.0
yf_ZS=F_d7;45300;ASH_COATED_OSMIUM;9941;11;9937;15;;;9947;14;9951;21;;;9944.0;0.0
yf_ZS=F_d7;45300;INTARIAN_PEPPER_ROOT;12154;16;12151;13;;;12160;20;12164;23;;;12157.0;0.0
yf_ZS=F_d7;45400;ASH_COATED_OSMIUM;9941;14;9938;24;;;9947;12;9951;18;;;9944.0;0.0
yf_ZS=F_d7;45400;INTARIAN_PEPPER_ROOT;12156;22;12154;20;;;12163;14;12165;20;;;12159.5;0.0
yf_ZS=F_d7;45500;ASH_COATED_OSMIUM;9941;15;9939;11;;;9947;19;9949;21;;;9944.0;0.0
yf_ZS=F_d7;45500;INTARIAN_PEPPER_ROOT;12148;14;12146;14;;;12177;15;12179;22;;;12162.5;0.0
yf_ZS=F_d7;45600;ASH_COATED_OSMIUM;9942;21;9938;24;;;9948;9;9950;21;;;9945.0;0.0
yf_ZS=F_d7;45600;INTARIAN_PEPPER_ROOT;12155;5;12153;12;;;12175;11;12179;9;;;12165.0;0.0
yf_ZS=F_d7;45700;ASH_COATED_OSMIUM;9935;14;9931;21;;;9953;19;9956;20;;;9944.0;0.0
yf_ZS=F_d7;45700;INTARIAN_PEPPER_ROOT;12164;11;12162;21;;;12172;14;12175;8;;;12168.0;0.0
yf_ZS=F_d7;45800;ASH_COATED_OSMIUM;9941;18;9937;22;;;9947;26;9950;27;;;9944.0;0.0
yf_ZS=F_d7;45800;INTARIAN_PEPPER_ROOT;12166;19;12164;20;;;12175;14;12179;16;;;12170.5;0.0
yf_ZS=F_d7;45900;ASH_COATED_OSMIUM;9941;18;9937;26;;;9947;8;9950;29;;;9944.0;0.0
yf_ZS=F_d7;45900;INTARIAN_PEPPER_ROOT;12170;20;12166;26;;;12176;21;12178;19;;;12173.0;0.0
yf_ZS=F_d7;46000;ASH_COATED_OSMIUM;9941;21;9938;28;;;9947;18;9950;31;;;9944.0;0.0
yf_ZS=F_d7;46000;INTARIAN_PEPPER_ROOT;12172;5;12170;24;;;12178;14;12180;22;;;12175.0;0.0
yf_ZS=F_d7;46100;ASH_COATED_OSMIUM;9941;20;9937;15;;;9950;11;9954;14;;;9945.5;0.0
yf_ZS=F_d7;46100;INTARIAN_PEPPER_ROOT;12171;16;12167;24;;;12187;12;12189;24;;;12179.0;0.0
yf_ZS=F_d7;46200;ASH_COATED_OSMIUM;9942;7;9940;22;;;9948;23;9952;24;;;9945.0;0.0
yf_ZS=F_d7;46200;INTARIAN_PEPPER_ROOT;12178;16;12176;29;;;12184;7;12186;18;;;12181.0;0.0
yf_ZS=F_d7;46300;ASH_COATED_OSMIUM;9940;11;9937;15;;;9949;21;9953;10;;;9944.5;0.0
yf_ZS=F_d7;46300;INTARIAN_PEPPER_ROOT;12181;13;12178;16;;;12187;16;12189;18;;;12184.0;0.0
yf_ZS=F_d7;46400;ASH_COATED_OSMIUM;9941;20;9937;21;;;9947;7;9950;13;;;9944.0;0.0
yf_ZS=F_d7;46400;INTARIAN_PEPPER_ROOT;12183;8;12181;27;;;12191;23;12194;10;;;12187.0;0.0
yf_ZS=F_d7;46500;ASH_COATED_OSMIUM;9942;17;9938;15;;;9948;15;9951;17;;;9945.0;0.0
yf_ZS=F_d7;46500;INTARIAN_PEPPER_ROOT;12186;13;12182;31;;;12192;11;12195;21;;;12189.0;0.0
yf_ZS=F_d7;46600;ASH_COATED_OSMIUM;9942;11;9940;14;;;9948;18;9950;30;;;9945.0;0.0
yf_ZS=F_d7;46600;INTARIAN_PEPPER_ROOT;12190;14;12187;13;;;12196;17;12198;16;;;12193.0;0.0
yf_ZS=F_d7;46700;ASH_COATED_OSMIUM;9941;13;9938;16;;;9948;15;9950;24;;;9944.5;0.0
yf_ZS=F_d7;46700;INTARIAN_PEPPER_ROOT;12192;19;12188;13;;;12198;9;12202;18;;;12195.0;0.0
yf_ZS=F_d7;46800;ASH_COATED_OSMIUM;9940;21;9936;22;;;9950;9;9954;26;;;9945.0;0.0
yf_ZS=F_d7;46800;INTARIAN_PEPPER_ROOT;12194;9;12190;23;;;12202;7;12205;17;;;12198.0;0.0
yf_ZS=F_d7;46900;ASH_COATED_OSMIUM;9937;21;9934;19;;;9953;15;9956;18;;;9945.0;0.0
yf_ZS=F_d7;46900;INTARIAN_PEPPER_ROOT;12198;6;12195;31;;;12204;10;12208;17;;;12201.0;0.0
yf_ZS=F_d7;47000;ASH_COATED_OSMIUM;9941;18;9938;12;;;9948;15;9950;20;;;9944.5;0.0
yf_ZS=F_d7;47000;INTARIAN_PEPPER_ROOT;12200;8;12197;20;;;12206;16;12208;16;;;12203.0;0.0
yf_ZS=F_d7;47100;ASH_COATED_OSMIUM;9942;11;9938;14;;;9948;17;9952;19;;;9945.0;0.0
yf_ZS=F_d7;47100;INTARIAN_PEPPER_ROOT;12203;10;12199;24;;;12209;22;12211;22;;;12206.0;0.0
yf_ZS=F_d7;47200;ASH_COATED_OSMIUM;9942;8;9939;17;;;9948;18;9951;19;;;9945.0;0.0
yf_ZS=F_d7;47200;INTARIAN_PEPPER_ROOT;12205;13;12203;13;;;12211;6;12215;21;;;12208.0;0.0
yf_ZS=F_d7;47300;ASH_COATED_OSMIUM;9940;16;9938;20;;;9949;11;9951;12;;;9944.5;0.0
yf_ZS=F_d7;47300;INTARIAN_PEPPER_ROOT;12209;11;12207;26;;;12215;16;12217;12;;;12212.0;0.0
yf_ZS=F_d7;47400;ASH_COATED_OSMIUM;9941;15;9937;17;;;9947;17;9950;19;;;9944.0;0.0
yf_ZS=F_d7;47400;INTARIAN_PEPPER_ROOT;12211;13;12209;24;;;12217;10;12220;19;;;12214.0;0.0
yf_ZS=F_d7;47500;ASH_COATED_OSMIUM;9941;17;9939;17;;;9947;22;9951;34;;;9944.0;0.0
yf_ZS=F_d7;47500;INTARIAN_PEPPER_ROOT;12214;13;12212;19;;;12220;15;12222;25;;;12217.0;0.0
yf_ZS=F_d7;47600;ASH_COATED_OSMIUM;9942;15;9939;21;;;9948;13;9951;22;;;9945.0;0.0
yf_ZS=F_d7;47600;INTARIAN_PEPPER_ROOT;12217;18;12214;19;;;12223;17;12227;25;;;12220.0;0.0
yf_ZS=F_d7;47700;ASH_COATED_OSMIUM;9942;10;9940;8;;;9948;8;9950;11;;;9945.0;0.0
yf_ZS=F_d7;47700;INTARIAN_PEPPER_ROOT;12219;12;12217;22;;;12225;15;12229;25;;;12222.0;0.0
yf_ZS=F_d7;47800;ASH_COATED_OSMIUM;9942;25;9940;14;;;9948;14;9950;24;;;9945.0;0.0
yf_ZS=F_d7;47800;INTARIAN_PEPPER_ROOT;12222;20;12220;19;;;12229;12;12232;26;;;12225.5;0.0
yf_ZS=F_d7;47900;ASH_COATED_OSMIUM;9942;17;9938;16;;;9948;18;9950;11;;;9945.0;0.0
yf_ZS=F_d7;47900;INTARIAN_PEPPER_ROOT;12224;18;12222;22;;;12230;18;12232;22;;;12227.0;0.0
yf_ZS=F_d7;48000;ASH_COATED_OSMIUM;9942;29;9938;19;;;9948;14;9951;20;;;9945.0;0.0
yf_ZS=F_d7;48000;INTARIAN_PEPPER_ROOT;12227;16;12224;17;;;12233;17;12236;20;;;12230.0;0.0
yf_ZS=F_d7;48100;ASH_COATED_OSMIUM;9942;18;9940;19;;;9948;15;9952;17;;;9945.0;0.0
yf_ZS=F_d7;48100;INTARIAN_PEPPER_ROOT;12230;15;12226;26;;;12236;19;12238;12;;;12233.0;0.0
yf_ZS=F_d7;48200;ASH_COATED_OSMIUM;9931;6;9929;26;;;9959;20;9962;19;;;9945.0;0.0
yf_ZS=F_d7;48200;INTARIAN_PEPPER_ROOT;12233;12;12230;19;;;12239;10;12242;21;;;12236.0;0.0
yf_ZS=F_d7;48300;ASH_COATED_OSMIUM;9941;20;9938;17;;;9950;23;9953;27;;;9945.5;0.0
yf_ZS=F_d7;48300;INTARIAN_PEPPER_ROOT;12236;13;12232;25;;;12242;9;12245;13;;;12239.0;0.0
yf_ZS=F_d7;48400;ASH_COATED_OSMIUM;9942;21;9940;11;;;9948;16;9950;23;;;9945.0;0.0
yf_ZS=F_d7;48400;INTARIAN_PEPPER_ROOT;12239;11;12235;24;;;12245;19;12248;26;;;12242.0;0.0
yf_ZS=F_d7;48500;ASH_COATED_OSMIUM;9939;5;9937;26;;;9950;11;9954;25;;;9944.5;0.0
yf_ZS=F_d7;48500;INTARIAN_PEPPER_ROOT;12242;15;12238;15;;;12248;18;12252;15;;;12245.0;0.0
yf_ZS=F_d7;48600;ASH_COATED_OSMIUM;9942;13;9939;13;;;9948;18;9952;23;;;9945.0;0.0
yf_ZS=F_d7;48600;INTARIAN_PEPPER_ROOT;12244;12;12240;31;;;12250;15;12252;19;;;12247.0;0.0
yf_ZS=F_d7;48700;ASH_COATED_OSMIUM;9930;18;9926;20;;;9962;16;9965;20;;;9946.0;0.0
yf_ZS=F_d7;48700;INTARIAN_PEPPER_ROOT;12246;14;12243;28;;;12253;20;12255;25;;;12249.5;0.0
yf_ZS=F_d7;48800;ASH_COATED_OSMIUM;9933;11;9930;17;;;9957;23;9959;20;;;9945.0;0.0
yf_ZS=F_d7;48800;INTARIAN_PEPPER_ROOT;12249;11;12246;16;;;12255;15;12259;20;;;12252.0;0.0
yf_ZS=F_d7;48900;ASH_COATED_OSMIUM;9941;8;9938;24;;;9949;22;9951;22;;;9945.0;0.0
yf_ZS=F_d7;48900;INTARIAN_PEPPER_ROOT;12252;13;12248;12;;;12258;12;12260;24;;;12255.0;0.0
yf_ZS=F_d7;49000;ASH_COATED_OSMIUM;9942;13;9940;9;;;9948;10;9950;23;;;9945.0;0.0
yf_ZS=F_d7;49000;INTARIAN_PEPPER_ROOT;12255;22;12252;13;;;12261;15;12263;13;;;12258.0;0.0
yf_ZS=F_d7;49100;ASH_COATED_OSMIUM;9933;24;9931;8;;;9958;10;9962;23;;;9945.5;0.0
yf_ZS=F_d7;49100;INTARIAN_PEPPER_ROOT;12258;14;12256;20;;;12264;11;12266;20;;;12261.0;0.0
yf_ZS=F_d7;49200;ASH_COATED_OSMIUM;9942;10;9939;18;;;9949;14;9952;20;;;9945.5;0.0
yf_ZS=F_d7;49200;INTARIAN_PEPPER_ROOT;12260;12;12257;23;;;12266;19;12268;19;;;12263.0;0.0
yf_ZS=F_d7;49300;ASH_COATED_OSMIUM;9939;17;9935;26;;;9950;13;9953;21;;;9944.5;0.0
yf_ZS=F_d7;49300;INTARIAN_PEPPER_ROOT;12263;16;12261;21;;;12269;9;12272;11;;;12266.0;0.0
yf_ZS=F_d7;49400;ASH_COATED_OSMIUM;9942;17;9940;17;;;9950;18;9954;15;;;9946.0;0.0
yf_ZS=F_d7;49400;INTARIAN_PEPPER_ROOT;12266;13;12264;28;;;12272;25;12275;22;;;12269.0;0.0
yf_ZS=F_d7;49500;ASH_COATED_OSMIUM;9942;11;9939;23;;;9948;9;9951;16;;;9945.0;0.0
yf_ZS=F_d7;49500;INTARIAN_PEPPER_ROOT;12268;17;12264;19;;;12274;15;12278;16;;;12271.0;0.0
yf_ZS=F_d7;49600;ASH_COATED_OSMIUM;9937;6;9933;16;;;9955;16;9959;24;;;9946.0;0.0
yf_ZS=F_d7;49600;INTARIAN_PEPPER_ROOT;12271;17;12269;28;;;12277;12;12279;27;;;12274.0;0.0
yf_ZS=F_d7;49700;ASH_COATED_OSMIUM;9943;16;9941;25;;;9949;15;9952;20;;;9946.0;0.0
yf_ZS=F_d7;49700;INTARIAN_PEPPER_ROOT;12266;10;12264;22;;;12288;14;12290;19;;;12277.0;0.0
yf_ZS=F_d7;49800;ASH_COATED_OSMIUM;9939;21;9937;19;;;9952;8;9955;24;;;9945.5;0.0
yf_ZS=F_d7;49800;INTARIAN_PEPPER_ROOT;12275;15;12273;19;;;12285;15;12289;23;;;12280.0;0.0
yf_ZS=F_d7;49900;ASH_COATED_OSMIUM;9943;15;9939;23;;;9950;16;9954;17;;;9946.5;0.0
yf_ZS=F_d7;49900;INTARIAN_PEPPER_ROOT;12279;16;12277;18;;;12285;19;12288;26;;;12282.0;0.0
yf_ZS=F_d7;50000;ASH_COATED_OSMIUM;9933;8;9929;18;;;9957;22;9959;13;;;9945.0;0.0
yf_ZS=F_d7;50000;INTARIAN_PEPPER_ROOT;12282;12;12279;19;;;12288;21;12290;17;;;12285.0;0.0
yf_ZS=F_d7;50100;ASH_COATED_OSMIUM;9942;18;9939;18;;;9948;8;9950;16;;;9945.0;0.0
yf_ZS=F_d7;50100;INTARIAN_PEPPER_ROOT;12284;10;12282;21;;;12292;11;12296;23;;;12288.0;0.0
yf_ZS=F_d7;50200;ASH_COATED_OSMIUM;9941;18;9938;22;;;9951;8;9954;23;;;9946.0;0.0
yf_ZS=F_d7;50200;INTARIAN_PEPPER_ROOT;12286;21;12284;18;;;12296;9;12298;24;;;12291.0;0.0
yf_ZS=F_d7;50300;ASH_COATED_OSMIUM;9942;20;9940;28;;;9948;10;9951;25;;;9945.0;0.0
yf_ZS=F_d7;50300;INTARIAN_PEPPER_ROOT;12291;13;12288;26;;;12297;6;12300;22;;;12294.0;0.0
yf_ZS=F_d7;50400;ASH_COATED_OSMIUM;9942;8;9939;13;;;9949;13;9953;28;;;9945.5;0.0
yf_ZS=F_d7;50400;INTARIAN_PEPPER_ROOT;12292;17;12288;18;;;12300;16;12304;32;;;12296.0;0.0
yf_ZS=F_d7;50500;ASH_COATED_OSMIUM;9942;19;9939;14;;;9948;7;9950;23;;;9945.0;0.0
yf_ZS=F_d7;50500;INTARIAN_PEPPER_ROOT;12296;12;12293;16;;;12302;20;12306;14;;;12299.0;0.0
yf_ZS=F_d7;50600;ASH_COATED_OSMIUM;9943;12;9941;17;;;9949;10;9953;16;;;9946.0;0.0
yf_ZS=F_d7;50600;INTARIAN_PEPPER_ROOT;12299;14;12295;12;;;12305;14;12309;19;;;12302.0;0.0
yf_ZS=F_d7;50700;ASH_COATED_OSMIUM;9937;10;9935;27;;;9954;15;9957;15;;;9945.5;0.0
yf_ZS=F_d7;50700;INTARIAN_PEPPER_ROOT;12302;16;12300;26;;;12308;22;12312;13;;;12305.0;0.0
yf_ZS=F_d7;50800;ASH_COATED_OSMIUM;9937;15;9933;15;;;9954;12;9957;24;;;9945.5;0.0
yf_ZS=F_d7;50800;INTARIAN_PEPPER_ROOT;12304;16;12302;12;;;12310;15;12312;16;;;12307.0;0.0
yf_ZS=F_d7;50900;ASH_COATED_OSMIUM;9943;20;9940;15;;;9949;13;9952;21;;;9946.0;0.0
yf_ZS=F_d7;50900;INTARIAN_PEPPER_ROOT;12305;11;12303;19;;;12311;13;12315;14;;;12308.0;0.0
yf_ZS=F_d7;51000;ASH_COATED_OSMIUM;9943;11;9940;21;;;9949;18;9952;24;;;9946.0;0.0
yf_ZS=F_d7;51000;INTARIAN_PEPPER_ROOT;12291;12;12289;19;;;12321;12;12323;25;;;12306.0;0.0
yf_ZS=F_d7;51100;ASH_COATED_OSMIUM;9943;17;9941;17;;;9949;12;9953;22;;;9946.0;0.0
yf_ZS=F_d7;51100;INTARIAN_PEPPER_ROOT;12290;13;12286;14;;;12321;19;12325;16;;;12305.5;0.0
yf_ZS=F_d7;51200;ASH_COATED_OSMIUM;9932;19;9929;17;;;9961;15;9965;21;;;9946.5;0.0
yf_ZS=F_d7;51200;INTARIAN_PEPPER_ROOT;12301;12;12297;16;;;12307;18;12310;19;;;12304.0;0.0
yf_ZS=F_d7;51300;ASH_COATED_OSMIUM;9943;13;9939;25;;;9949;14;9951;22;;;9946.0;0.0
yf_ZS=F_d7;51300;INTARIAN_PEPPER_ROOT;12295;9;12292;20;;;12310;10;12312;16;;;12302.5;0.0
yf_ZS=F_d7;51400;ASH_COATED_OSMIUM;9944;5;9941;23;;;9950;18;9952;13;;;9947.0;0.0
yf_ZS=F_d7;51400;INTARIAN_PEPPER_ROOT;12282;5;12280;23;;;12321;10;12323;14;;;12301.5;0.0
yf_ZS=F_d7;51500;ASH_COATED_OSMIUM;9943;16;9941;20;;;9949;9;9951;9;;;9946.0;0.0
yf_ZS=F_d7;51500;INTARIAN_PEPPER_ROOT;12290;15;12286;8;;;12313;24;12315;15;;;12301.5;0.0
yf_ZS=F_d7;51600;ASH_COATED_OSMIUM;9942;22;9940;22;;;9951;11;9954;19;;;9946.5;0.0
yf_ZS=F_d7;51600;INTARIAN_PEPPER_ROOT;12297;24;12295;17;;;12303;11;12306;28;;;12300.0;0.0
yf_ZS=F_d7;51700;ASH_COATED_OSMIUM;9944;10;9942;22;;;9950;14;9952;16;;;9947.0;0.0
yf_ZS=F_d7;51700;INTARIAN_PEPPER_ROOT;12295;13;12291;25;;;12301;9;12303;16;;;12298.0;0.0
yf_ZS=F_d7;51800;ASH_COATED_OSMIUM;9944;21;9942;26;;;9950;20;9954;23;;;9947.0;0.0
yf_ZS=F_d7;51800;INTARIAN_PEPPER_ROOT;12294;14;12291;20;;;12300;10;12303;26;;;12297.0;0.0
yf_ZS=F_d7;51900;ASH_COATED_OSMIUM;9944;18;9942;18;;;9950;22;9953;24;;;9947.0;0.0
yf_ZS=F_d7;51900;INTARIAN_PEPPER_ROOT;12292;12;12290;22;;;12300;11;12302;20;;;12296.0;0.0
yf_ZS=F_d7;52000;ASH_COATED_OSMIUM;9943;21;9941;17;;;9949;24;9951;29;;;9946.0;0.0
yf_ZS=F_d7;52000;INTARIAN_PEPPER_ROOT;12291;9;12289;14;;;12297;18;12300;22;;;12294.0;0.0
yf_ZS=F_d7;52100;ASH_COATED_OSMIUM;9940;18;9938;19;;;9953;5;9957;28;;;9946.5;0.0
yf_ZS=F_d7;52100;INTARIAN_PEPPER_ROOT;12290;5;12286;24;;;12296;17;12298;19;;;12293.0;0.0
yf_ZS=F_d7;52200;ASH_COATED_OSMIUM;9944;15;9941;17;;;9950;11;9952;21;;;9947.0;0.0
yf_ZS=F_d7;52200;INTARIAN_PEPPER_ROOT;12287;15;12285;23;;;12297;22;12301;19;;;12292.0;0.0
yf_ZS=F_d7;52300;ASH_COATED_OSMIUM;9939;14;9936;23;;;9954;13;9958;23;;;9946.5;0.0
yf_ZS=F_d7;52300;INTARIAN_PEPPER_ROOT;12288;16;12284;23;;;12294;16;12298;23;;;12291.0;0.0
yf_ZS=F_d7;52400;ASH_COATED_OSMIUM;9944;9;9942;14;;;9950;25;9954;22;;;9947.0;0.0
yf_ZS=F_d7;52400;INTARIAN_PEPPER_ROOT;12286;12;12282;13;;;12294;8;12297;15;;;12290.0;0.0
yf_ZS=F_d7;52500;ASH_COATED_OSMIUM;9945;18;9942;23;;;9951;15;9955;10;;;9948.0;0.0
yf_ZS=F_d7;52500;INTARIAN_PEPPER_ROOT;12283;8;12279;22;;;12293;9;12295;24;;;12288.0;0.0
yf_ZS=F_d7;52600;ASH_COATED_OSMIUM;9944;15;9941;23;;;9952;21;9956;23;;;9948.0;0.0
yf_ZS=F_d7;52600;INTARIAN_PEPPER_ROOT;12274;10;12271;10;;;12301;17;12303;18;;;12287.5;0.0
yf_ZS=F_d7;52700;ASH_COATED_OSMIUM;9944;7;9941;15;;;9950;14;9954;19;;;9947.0;0.0
yf_ZS=F_d7;52700;INTARIAN_PEPPER_ROOT;12283;25;12279;21;;;12289;16;12292;18;;;12286.0;0.0
yf_ZS=F_d7;52800;ASH_COATED_OSMIUM;9945;18;9942;18;;;9951;14;9954;20;;;9948.0;0.0
yf_ZS=F_d7;52800;INTARIAN_PEPPER_ROOT;12282;20;12280;16;;;12288;14;12290;16;;;12285.0;0.0
yf_ZS=F_d7;52900;ASH_COATED_OSMIUM;9944;21;9941;15;;;9950;9;9953;12;;;9947.0;0.0
yf_ZS=F_d7;52900;INTARIAN_PEPPER_ROOT;12281;19;12279;30;;;12287;19;12289;22;;;12284.0;0.0
yf_ZS=F_d7;53000;ASH_COATED_OSMIUM;9940;21;9937;21;;;9956;20;9958;28;;;9948.0;0.0
yf_ZS=F_d7;53000;INTARIAN_PEPPER_ROOT;12280;11;12278;23;;;12286;24;12288;21;;;12283.0;0.0
yf_ZS=F_d7;53100;ASH_COATED_OSMIUM;9945;11;9942;20;;;9951;13;9954;22;;;9948.0;0.0
yf_ZS=F_d7;53100;INTARIAN_PEPPER_ROOT;12279;12;12276;19;;;12285;18;12288;19;;;12282.0;0.0
yf_ZS=F_d7;53200;ASH_COATED_OSMIUM;9945;13;9941;14;;;9951;10;9954;15;;;9948.0;0.0
yf_ZS=F_d7;53200;INTARIAN_PEPPER_ROOT;12274;11;12271;18;;;12286;15;12288;16;;;12280.0;0.0
yf_ZS=F_d7;53300;ASH_COATED_OSMIUM;9944;18;9942;22;;;9951;17;9954;19;;;9947.5;0.0
yf_ZS=F_d7;53300;INTARIAN_PEPPER_ROOT;12268;21;12264;26;;;12289;15;12291;13;;;12278.5;0.0
yf_ZS=F_d7;53400;ASH_COATED_OSMIUM;9945;8;9942;17;;;9951;18;9954;17;;;9948.0;0.0
yf_ZS=F_d7;53400;INTARIAN_PEPPER_ROOT;12259;14;12257;23;;;12297;16;12301;14;;;12278.0;0.0
yf_ZS=F_d7;53500;ASH_COATED_OSMIUM;9945;15;9942;23;;;9951;12;9955;21;;;9948.0;0.0
yf_ZS=F_d7;53500;INTARIAN_PEPPER_ROOT;12274;7;12271;24;;;12280;21;12282;23;;;12277.0;0.0
yf_ZS=F_d7;53600;ASH_COATED_OSMIUM;9945;20;9943;19;;;9951;19;9955;16;;;9948.0;0.0
yf_ZS=F_d7;53600;INTARIAN_PEPPER_ROOT;12270;12;12267;15;;;12281;17;12283;23;;;12275.5;0.0
yf_ZS=F_d7;53700;ASH_COATED_OSMIUM;9944;9;9940;17;;;9954;20;9958;29;;;9949.0;0.0
yf_ZS=F_d7;53700;INTARIAN_PEPPER_ROOT;12269;15;12267;16;;;12279;19;12281;8;;;12274.0;0.0
yf_ZS=F_d7;53800;ASH_COATED_OSMIUM;9946;13;9944;13;;;9952;19;9955;21;;;9949.0;0.0
yf_ZS=F_d7;53800;INTARIAN_PEPPER_ROOT;12270;17;12267;15;;;12276;11;12280;22;;;12273.0;0.0
yf_ZS=F_d7;53900;ASH_COATED_OSMIUM;9944;14;9940;19;;;9952;15;9955;16;;;9948.0;0.0
yf_ZS=F_d7;53900;INTARIAN_PEPPER_ROOT;12268;16;12265;23;;;12276;19;12279;25;;;12272.0;0.0
yf_ZS=F_d7;54000;ASH_COATED_OSMIUM;9946;23;9943;32;;;9952;16;9954;24;;;9949.0;0.0
yf_ZS=F_d7;54000;INTARIAN_PEPPER_ROOT;12268;13;12265;15;;;12274;14;12277;8;;;12271.0;0.0
yf_ZS=F_d7;54100;ASH_COATED_OSMIUM;9945;14;9943;21;;;9953;7;9956;23;;;9949.0;0.0
yf_ZS=F_d7;54100;INTARIAN_PEPPER_ROOT;12266;11;12264;20;;;12272;19;12274;25;;;12269.0;0.0
yf_ZS=F_d7;54200;ASH_COATED_OSMIUM;9938;17;9935;13;;;9961;18;9963;19;;;9949.5;0.0
yf_ZS=F_d7;54200;INTARIAN_PEPPER_ROOT;12264;13;12261;16;;;12272;19;12274;18;;;12268.0;0.0
yf_ZS=F_d7;54300;ASH_COATED_OSMIUM;9946;13;9944;22;;;9952;10;9955;18;;;9949.0;0.0
yf_ZS=F_d7;54300;INTARIAN_PEPPER_ROOT;12265;18;12261;20;;;12271;15;12273;20;;;12268.0;0.0
yf_ZS=F_d7;54400;ASH_COATED_OSMIUM;9946;9;9943;28;;;9952;22;9956;16;;;9949.0;0.0
yf_ZS=F_d7;54400;INTARIAN_PEPPER_ROOT;12261;17;12257;23;;;12270;17;12273;14;;;12265.5;0.0
yf_ZS=F_d7;54500;ASH_COATED_OSMIUM;9947;17;9944;21;;;9953;15;9955;23;;;9950.0;0.0
yf_ZS=F_d7;54500;INTARIAN_PEPPER_ROOT;12262;19;12260;16;;;12268;7;12270;11;;;12265.0;0.0
yf_ZS=F_d7;54600;ASH_COATED_OSMIUM;9947;18;9943;18;;;9953;16;9955;16;;;9950.0;0.0
yf_ZS=F_d7;54600;INTARIAN_PEPPER_ROOT;12260;13;12256;20;;;12266;5;12270;10;;;12263.0;0.0
yf_ZS=F_d7;54700;ASH_COATED_OSMIUM;9947;16;9944;20;;;9953;22;9957;23;;;9950.0;0.0
yf_ZS=F_d7;54700;INTARIAN_PEPPER_ROOT;12259;12;12256;14;;;12265;14;12267;16;;;12262.0;0.0
yf_ZS=F_d7;54800;ASH_COATED_OSMIUM;9947;5;9944;15;;;9953;16;9955;31;;;9950.0;0.0
yf_ZS=F_d7;54800;INTARIAN_PEPPER_ROOT;12257;8;12255;27;;;12263;15;12266;23;;;12260.0;0.0
yf_ZS=F_d7;54900;ASH_COATED_OSMIUM;9946;14;9942;24;;;9953;11;9955;18;;;9949.5;0.0
yf_ZS=F_d7;54900;INTARIAN_PEPPER_ROOT;12256;11;12252;18;;;12262;22;12265;31;;;12259.0;0.0
yf_ZS=F_d7;55000;ASH_COATED_OSMIUM;9947;20;9945;15;;;9953;18;9956;27;;;9950.0;0.0
yf_ZS=F_d7;55000;INTARIAN_PEPPER_ROOT;12256;9;12253;13;;;12262;21;12265;31;;;12259.0;0.0
yf_ZS=F_d7;55100;ASH_COATED_OSMIUM;9946;12;9943;22;;;9954;21;9958;23;;;9950.0;0.0
yf_ZS=F_d7;55100;INTARIAN_PEPPER_ROOT;12255;10;12253;26;;;12261;14;12263;15;;;12258.0;0.0
yf_ZS=F_d7;55200;ASH_COATED_OSMIUM;9947;16;9943;22;;;9953;15;9957;14;;;9950.0;0.0
yf_ZS=F_d7;55200;INTARIAN_PEPPER_ROOT;12247;11;12244;19;;;12266;17;12270;24;;;12256.5;0.0
yf_ZS=F_d7;55300;ASH_COATED_OSMIUM;9946;7;9942;16;;;9953;16;9956;18;;;9949.5;0.0
yf_ZS=F_d7;55300;INTARIAN_PEPPER_ROOT;12252;17;12250;32;;;12258;19;12261;25;;;12255.0;0.0
yf_ZS=F_d7;55400;ASH_COATED_OSMIUM;9948;11;9946;16;;;9954;16;9958;31;;;9951.0;0.0
yf_ZS=F_d7;55400;INTARIAN_PEPPER_ROOT;12250;16;12246;19;;;12257;19;12259;14;;;12253.5;0.0
yf_ZS=F_d7;55500;ASH_COATED_OSMIUM;9943;8;9941;21;;;9957;15;9960;20;;;9950.0;0.0
yf_ZS=F_d7;55500;INTARIAN_PEPPER_ROOT;12250;14;12248;28;;;12256;14;12260;22;;;12253.0;0.0
yf_ZS=F_d7;55600;ASH_COATED_OSMIUM;9945;11;9943;22;;;9956;15;9960;18;;;9950.5;0.0
yf_ZS=F_d7;55600;INTARIAN_PEPPER_ROOT;12248;5;12246;14;;;12254;14;12257;21;;;12251.0;0.0
yf_ZS=F_d7;55700;ASH_COATED_OSMIUM;9947;18;9945;13;;;9954;5;9956;13;;;9950.5;0.0
yf_ZS=F_d7;55700;INTARIAN_PEPPER_ROOT;12247;13;12243;16;;;12254;11;12257;20;;;12250.5;0.0
yf_ZS=F_d7;55800;ASH_COATED_OSMIUM;9947;18;9945;23;;;9954;15;9958;28;;;9950.5;0.0
yf_ZS=F_d7;55800;INTARIAN_PEPPER_ROOT;12246;22;12244;18;;;12254;18;12257;19;;;12250.0;0.0
yf_ZS=F_d7;55900;ASH_COATED_OSMIUM;9947;14;9944;18;;;9954;20;9958;21;;;9950.5;0.0
yf_ZS=F_d7;55900;INTARIAN_PEPPER_ROOT;12245;19;12243;17;;;12251;15;12254;25;;;12248.0;0.0
yf_ZS=F_d7;56000;ASH_COATED_OSMIUM;9947;6;9945;25;;;9953;9;9956;17;;;9950.0;0.0
yf_ZS=F_d7;56000;INTARIAN_PEPPER_ROOT;12244;25;12242;16;;;12250;25;12253;23;;;12247.0;0.0
yf_ZS=F_d7;56100;ASH_COATED_OSMIUM;9940;16;9938;31;;;9963;15;9965;15;;;9951.5;0.0
yf_ZS=F_d7;56100;INTARIAN_PEPPER_ROOT;12243;5;12239;11;;;12249;17;12253;27;;;12246.0;0.0
yf_ZS=F_d7;56200;ASH_COATED_OSMIUM;9944;17;9942;17;;;9957;19;9961;24;;;9950.5;0.0
yf_ZS=F_d7;56200;INTARIAN_PEPPER_ROOT;12241;17;12239;21;;;12247;15;12249;18;;;12244.0;0.0
yf_ZS=F_d7;56300;ASH_COATED_OSMIUM;9942;11;9939;20;;;9961;21;9964;22;;;9951.5;0.0
yf_ZS=F_d7;56300;INTARIAN_PEPPER_ROOT;12241;19;12237;18;;;12247;15;12249;22;;;12244.0;0.0
yf_ZS=F_d7;56400;ASH_COATED_OSMIUM;9948;14;9944;17;;;9954;23;9958;24;;;9951.0;0.0
yf_ZS=F_d7;56400;INTARIAN_PEPPER_ROOT;12239;8;12235;16;;;12245;17;12249;22;;;12242.0;0.0
yf_ZS=F_d7;56500;ASH_COATED_OSMIUM;9947;16;9944;14;;;9955;16;9957;22;;;9951.0;0.0
yf_ZS=F_d7;56500;INTARIAN_PEPPER_ROOT;12235;15;12233;21;;;12247;12;12250;19;;;12241.0;0.0
yf_ZS=F_d7;56600;ASH_COATED_OSMIUM;9943;15;9939;22;;;9958;13;9960;16;;;9950.5;0.0
yf_ZS=F_d7;56600;INTARIAN_PEPPER_ROOT;12236;17;12234;20;;;12242;18;12245;13;;;12239.0;0.0
yf_ZS=F_d7;56700;ASH_COATED_OSMIUM;9948;15;9945;23;;;9954;9;9958;13;;;9951.0;0.0
yf_ZS=F_d7;56700;INTARIAN_PEPPER_ROOT;12234;18;12232;21;;;12242;12;12246;23;;;12238.0;0.0
yf_ZS=F_d7;56800;ASH_COATED_OSMIUM;9947;23;9944;21;;;9956;10;9960;19;;;9951.5;0.0
yf_ZS=F_d7;56800;INTARIAN_PEPPER_ROOT;12234;11;12230;17;;;12240;6;12243;28;;;12237.0;0.0
yf_ZS=F_d7;56900;ASH_COATED_OSMIUM;9934;17;9931;13;;;9969;15;9972;15;;;9951.5;0.0
yf_ZS=F_d7;56900;INTARIAN_PEPPER_ROOT;12233;16;12231;22;;;12240;16;12244;27;;;12236.5;0.0
yf_ZS=F_d7;57000;ASH_COATED_OSMIUM;9948;13;9944;19;;;9956;14;9960;19;;;9952.0;0.0
yf_ZS=F_d7;57000;INTARIAN_PEPPER_ROOT;12231;7;12229;18;;;12237;16;12239;21;;;12234.0;0.0
yf_ZS=F_d7;57100;ASH_COATED_OSMIUM;9948;13;9945;22;;;9954;14;9956;8;;;9951.0;0.0
yf_ZS=F_d7;57100;INTARIAN_PEPPER_ROOT;12231;16;12227;14;;;12237;25;12241;15;;;12234.0;0.0
yf_ZS=F_d7;57200;ASH_COATED_OSMIUM;9949;19;9946;16;;;9955;16;9959;16;;;9952.0;0.0
yf_ZS=F_d7;57200;INTARIAN_PEPPER_ROOT;12220;19;12217;22;;;12245;22;12248;24;;;12232.5;0.0
yf_ZS=F_d7;57300;ASH_COATED_OSMIUM;9944;19;9940;21;;;9961;19;9965;29;;;9952.5;0.0
yf_ZS=F_d7;57300;INTARIAN_PEPPER_ROOT;12228;10;12225;15;;;12235;17;12239;16;;;12231.5;0.0
yf_ZS=F_d7;57400;ASH_COATED_OSMIUM;9946;13;9943;22;;;9957;19;9961;17;;;9951.5;0.0
yf_ZS=F_d7;57400;INTARIAN_PEPPER_ROOT;12226;20;12224;19;;;12235;12;12239;27;;;12230.5;0.0
yf_ZS=F_d7;57500;ASH_COATED_OSMIUM;9945;13;9943;16;;;9960;18;9963;21;;;9952.5;0.0
yf_ZS=F_d7;57500;INTARIAN_PEPPER_ROOT;12226;19;12224;14;;;12232;13;12235;23;;;12229.0;0.0
yf_ZS=F_d7;57600;ASH_COATED_OSMIUM;9949;25;9947;10;;;9955;5;9957;28;;;9952.0;0.0
yf_ZS=F_d7;57600;INTARIAN_PEPPER_ROOT;12224;13;12220;19;;;12230;13;12233;24;;;12227.0;0.0
yf_ZS=F_d7;57700;ASH_COATED_OSMIUM;9948;6;9945;16;;;9958;6;9961;13;;;9953.0;0.0
yf_ZS=F_d7;57700;INTARIAN_PEPPER_ROOT;12223;8;12219;15;;;12229;15;12233;22;;;12226.0;0.0
yf_ZS=F_d7;57800;ASH_COATED_OSMIUM;9949;12;9946;23;;;9955;18;9958;23;;;9952.0;0.0
yf_ZS=F_d7;57800;INTARIAN_PEPPER_ROOT;12220;18;12218;21;;;12231;21;12235;24;;;12225.5;0.0
yf_ZS=F_d7;57900;ASH_COATED_OSMIUM;9947;5;9944;17;;;9958;17;9961;16;;;9952.5;0.0
yf_ZS=F_d7;57900;INTARIAN_PEPPER_ROOT;12218;11;12216;20;;;12230;14;12234;16;;;12224.0;0.0
yf_ZS=F_d7;58000;ASH_COATED_OSMIUM;9940;22;9938;23;;;9965;15;9968;22;;;9952.5;0.0
yf_ZS=F_d7;58000;INTARIAN_PEPPER_ROOT;12204;17;12201;24;;;12242;10;12245;18;;;12223.0;0.0
yf_ZS=F_d7;58100;ASH_COATED_OSMIUM;9949;12;9947;9;;;9956;6;9959;21;;;9952.5;0.0
yf_ZS=F_d7;58100;INTARIAN_PEPPER_ROOT;12215;15;12213;15;;;12227;10;12230;13;;;12221.0;0.0
yf_ZS=F_d7;58200;ASH_COATED_OSMIUM;9949;14;9946;17;;;9955;20;9958;29;;;9952.0;0.0
yf_ZS=F_d7;58200;INTARIAN_PEPPER_ROOT;12207;5;12205;19;;;12234;13;12237;28;;;12220.5;0.0
yf_ZS=F_d7;58300;ASH_COATED_OSMIUM;9946;12;9944;28;;;9961;16;9965;21;;;9953.5;0.0
