day;timestamp;product;bid_price_1;bid_volume_1;bid_price_2;bid_volume_2;bid_price_3;bid_volume_3;ask_price_1;ask_volume_1;ask_price_2;ask_volume_2;ask_price_3;ask_volume_3;mid_price;profit_and_loss
av_WHEAT_d11;0;ASH_COATED_OSMIUM;9907;18;9904;17;;;9913;10;9915;18;;;9910.0;0.0
av_WHEAT_d11;0;INTARIAN_PEPPER_ROOT;10171;16;10169;28;;;10177;11;10179;24;;;10174.0;0.0
av_WHEAT_d11;100;ASH_COATED_OSMIUM;9907;12;9904;16;;;9913;11;9917;20;;;9910.0;0.0
av_WHEAT_d11;100;INTARIAN_PEPPER_ROOT;10171;13;10167;11;;;10177;14;10179;30;;;10174.0;0.0
av_WHEAT_d11;200;ASH_COATED_OSMIUM;9908;20;9904;17;;;9914;8;9917;20;;;9911.0;0.0
av_WHEAT_d11;200;INTARIAN_PEPPER_ROOT;10169;13;10167;18;;;10175;17;10177;14;;;10172.0;0.0
av_WHEAT_d11;300;ASH_COATED_OSMIUM;9905;16;9901;14;;;9916;20;9919;23;;;9910.5;0.0
av_WHEAT_d11;300;INTARIAN_PEPPER_ROOT;10168;18;10164;20;;;10174;11;10178;17;;;10171.0;0.0
av_WHEAT_d11;400;ASH_COATED_OSMIUM;9908;18;9906;19;;;9914;11;9916;22;;;9911.0;0.0
av_WHEAT_d11;400;INTARIAN_PEPPER_ROOT;10168;21;10164;15;;;10174;12;10177;15;;;10171.0;0.0
av_WHEAT_d11;500;ASH_COATED_OSMIUM;9903;12;9901;10;;;9918;18;9921;20;;;9910.5;0.0
av_WHEAT_d11;500;INTARIAN_PEPPER_ROOT;10162;13;10160;17;;;10178;12;10181;13;;;10170.0;0.0
av_WHEAT_d11;600;ASH_COATED_OSMIUM;9908;9;9905;30;;;9914;13;9916;18;;;9911.0;0.0
av_WHEAT_d11;600;INTARIAN_PEPPER_ROOT;10165;5;10161;19;;;10171;18;10173;24;;;10168.0;0.0
av_WHEAT_d11;700;ASH_COATED_OSMIUM;9907;17;9905;19;;;9914;14;9917;19;;;9910.5;0.0
av_WHEAT_d11;700;INTARIAN_PEPPER_ROOT;10160;17;10156;21;;;10176;8;10179;28;;;10168.0;0.0
av_WHEAT_d11;800;ASH_COATED_OSMIUM;9907;17;9903;21;;;9914;14;9917;13;;;9910.5;0.0
av_WHEAT_d11;800;INTARIAN_PEPPER_ROOT;10164;9;10160;23;;;10171;14;10173;20;;;10167.5;0.0
av_WHEAT_d11;900;ASH_COATED_OSMIUM;9908;9;9905;17;;;9914;19;9917;20;;;9911.0;0.0
av_WHEAT_d11;900;INTARIAN_PEPPER_ROOT;10163;16;10159;16;;;10169;9;10172;16;;;10166.0;0.0
av_WHEAT_d11;1000;ASH_COATED_OSMIUM;9904;9;9900;26;;;9918;24;9920;25;;;9911.0;0.0
av_WHEAT_d11;1000;INTARIAN_PEPPER_ROOT;10153;14;10151;30;;;10178;21;10182;30;;;10165.5;0.0
av_WHEAT_d11;1100;ASH_COATED_OSMIUM;9898;14;9894;20;;;9923;13;9925;19;;;9910.5;0.0
av_WHEAT_d11;1100;INTARIAN_PEPPER_ROOT;10161;19;10159;13;;;10168;16;10171;17;;;10164.5;0.0
av_WHEAT_d11;1200;ASH_COATED_OSMIUM;9907;14;9904;12;;;9914;13;9916;19;;;9910.5;0.0
av_WHEAT_d11;1200;INTARIAN_PEPPER_ROOT;10161;13;10159;21;;;10167;20;10170;21;;;10164.0;0.0
av_WHEAT_d11;1300;ASH_COATED_OSMIUM;9908;8;9906;20;;;9914;12;9916;23;;;9911.0;0.0
av_WHEAT_d11;1300;INTARIAN_PEPPER_ROOT;10159;10;10155;15;;;10165;10;10167;17;;;10162.0;0.0
av_WHEAT_d11;1400;ASH_COATED_OSMIUM;9906;19;9902;14;;;9917;22;9920;22;;;9911.5;0.0
av_WHEAT_d11;1400;INTARIAN_PEPPER_ROOT;10158;18;10156;25;;;10167;14;10169;13;;;10162.5;0.0
av_WHEAT_d11;1500;ASH_COATED_OSMIUM;9908;21;9905;18;;;9914;5;9918;25;;;9911.0;0.0
av_WHEAT_d11;1500;INTARIAN_PEPPER_ROOT;10158;19;10155;17;;;10164;20;10167;21;;;10161.0;0.0
av_WHEAT_d11;1600;ASH_COATED_OSMIUM;9897;16;9894;26;;;9925;19;9928;18;;;9911.0;0.0
av_WHEAT_d11;1600;INTARIAN_PEPPER_ROOT;10158;16;10154;16;;;10164;22;10167;17;;;10161.0;0.0
av_WHEAT_d11;1700;ASH_COATED_OSMIUM;9909;13;9905;21;;;9915;19;9918;8;;;9912.0;0.0
av_WHEAT_d11;1700;INTARIAN_PEPPER_ROOT;10156;16;10153;18;;;10162;9;10164;18;;;10159.0;0.0
av_WHEAT_d11;1800;ASH_COATED_OSMIUM;9904;12;9902;19;;;9919;9;9923;18;;;9911.5;0.0
av_WHEAT_d11;1800;INTARIAN_PEPPER_ROOT;10155;13;10151;18;;;10161;9;10164;27;;;10158.0;0.0
av_WHEAT_d11;1900;ASH_COATED_OSMIUM;9906;13;9903;29;;;9917;15;9919;14;;;9911.5;0.0
av_WHEAT_d11;1900;INTARIAN_PEPPER_ROOT;10152;23;10150;18;;;10163;14;10167;20;;;10157.5;0.0
av_WHEAT_d11;2000;ASH_COATED_OSMIUM;9909;12;9905;16;;;9915;15;9917;31;;;9912.0;0.0
av_WHEAT_d11;2000;INTARIAN_PEPPER_ROOT;10140;9;10138;26;;;10172;14;10176;19;;;10156.0;0.0
av_WHEAT_d11;2100;ASH_COATED_OSMIUM;9908;17;9906;25;;;9914;5;9917;28;;;9911.0;0.0
av_WHEAT_d11;2100;INTARIAN_PEPPER_ROOT;10153;16;10150;19;;;10159;14;10163;20;;;10156.0;0.0
av_WHEAT_d11;2200;ASH_COATED_OSMIUM;9909;20;9906;20;;;9915;5;9919;34;;;9912.0;0.0
av_WHEAT_d11;2200;INTARIAN_PEPPER_ROOT;10152;19;10150;17;;;10158;14;10161;21;;;10155.0;0.0
av_WHEAT_d11;2300;ASH_COATED_OSMIUM;9909;20;9905;30;;;9915;12;9917;19;;;9912.0;0.0
av_WHEAT_d11;2300;INTARIAN_PEPPER_ROOT;10151;9;10147;17;;;10158;22;10162;15;;;10154.5;0.0
av_WHEAT_d11;2400;ASH_COATED_OSMIUM;9899;14;9897;29;;;9926;16;9928;25;;;9912.5;0.0
av_WHEAT_d11;2400;INTARIAN_PEPPER_ROOT;10150;8;10146;26;;;10156;5;10160;24;;;10153.0;0.0
av_WHEAT_d11;2500;ASH_COATED_OSMIUM;9909;23;9905;10;;;9915;10;9918;12;;;9912.0;0.0
av_WHEAT_d11;2500;INTARIAN_PEPPER_ROOT;10142;10;10140;22;;;10164;9;10168;17;;;10153.0;0.0
av_WHEAT_d11;2600;ASH_COATED_OSMIUM;9909;10;9905;17;;;9915;17;9917;27;;;9912.0;0.0
av_WHEAT_d11;2600;INTARIAN_PEPPER_ROOT;10149;6;10146;13;;;10155;26;10157;30;;;10152.0;0.0
av_WHEAT_d11;2700;ASH_COATED_OSMIUM;9908;6;9906;11;;;9916;13;9920;21;;;9912.0;0.0
av_WHEAT_d11;2700;INTARIAN_PEPPER_ROOT;10147;19;10143;26;;;10155;10;10158;20;;;10151.0;0.0
av_WHEAT_d11;2800;ASH_COATED_OSMIUM;9906;20;9904;11;;;9919;14;9923;13;;;9912.5;0.0
av_WHEAT_d11;2800;INTARIAN_PEPPER_ROOT;10147;15;10145;24;;;10153;17;10156;17;;;10150.0;0.0
av_WHEAT_d11;2900;ASH_COATED_OSMIUM;9909;19;9905;8;;;9915;26;9918;20;;;9912.0;0.0
av_WHEAT_d11;2900;INTARIAN_PEPPER_ROOT;10146;9;10143;22;;;10153;9;10155;20;;;10149.5;0.0
av_WHEAT_d11;3000;ASH_COATED_OSMIUM;9907;13;9904;23;;;9917;8;9921;18;;;9912.0;0.0
av_WHEAT_d11;3000;INTARIAN_PEPPER_ROOT;10143;26;10140;17;;;10153;10;10156;21;;;10148.0;0.0
av_WHEAT_d11;3100;ASH_COATED_OSMIUM;9908;14;9904;16;;;9918;18;9922;24;;;9913.0;0.0
av_WHEAT_d11;3100;INTARIAN_PEPPER_ROOT;10141;14;10138;13;;;10154;14;10158;22;;;10147.5;0.0
av_WHEAT_d11;3200;ASH_COATED_OSMIUM;9907;18;9905;17;;;9917;18;9919;14;;;9912.0;0.0
av_WHEAT_d11;3200;INTARIAN_PEPPER_ROOT;10143;18;10140;17;;;10149;23;10151;20;;;10146.0;0.0
av_WHEAT_d11;3300;ASH_COATED_OSMIUM;9909;10;9907;24;;;9915;10;9918;13;;;9912.0;0.0
av_WHEAT_d11;3300;INTARIAN_PEPPER_ROOT;10142;9;10138;17;;;10148;13;10151;20;;;10145.0;0.0
av_WHEAT_d11;3400;ASH_COATED_OSMIUM;9909;19;9905;16;;;9915;16;9917;21;;;9912.0;0.0
av_WHEAT_d11;3400;INTARIAN_PEPPER_ROOT;10138;11;10136;18;;;10153;12;10157;28;;;10145.5;0.0
av_WHEAT_d11;3500;ASH_COATED_OSMIUM;9909;14;9905;17;;;9915;7;9919;22;;;9912.0;0.0
av_WHEAT_d11;3500;INTARIAN_PEPPER_ROOT;10140;21;10136;22;;;10147;14;10150;17;;;10143.5;0.0
av_WHEAT_d11;3600;ASH_COATED_OSMIUM;9910;18;9907;15;;;9916;22;9919;28;;;9913.0;0.0
av_WHEAT_d11;3600;INTARIAN_PEPPER_ROOT;10138;16;10136;21;;;10148;8;10151;23;;;10143.0;0.0
av_WHEAT_d11;3700;ASH_COATED_OSMIUM;9910;19;9906;15;;;9916;13;9919;19;;;9913.0;0.0
av_WHEAT_d11;3700;INTARIAN_PEPPER_ROOT;10139;14;10136;16;;;10145;15;10147;25;;;10142.0;0.0
av_WHEAT_d11;3800;ASH_COATED_OSMIUM;9909;12;9906;22;;;9915;20;9917;24;;;9912.0;0.0
av_WHEAT_d11;3800;INTARIAN_PEPPER_ROOT;10138;5;10134;12;;;10144;5;10148;13;;;10141.0;0.0
av_WHEAT_d11;3900;ASH_COATED_OSMIUM;9910;13;9907;18;;;9916;15;9920;27;;;9913.0;0.0
av_WHEAT_d11;3900;INTARIAN_PEPPER_ROOT;10137;9;10135;13;;;10143;14;10145;8;;;10140.0;0.0
av_WHEAT_d11;4000;ASH_COATED_OSMIUM;9910;15;9908;26;;;9916;18;9918;24;;;9913.0;0.0
av_WHEAT_d11;4000;INTARIAN_PEPPER_ROOT;10136;16;10132;18;;;10142;18;10146;13;;;10139.0;0.0
av_WHEAT_d11;4100;ASH_COATED_OSMIUM;9908;19;9905;18;;;9919;15;9922;14;;;9913.5;0.0
av_WHEAT_d11;4100;INTARIAN_PEPPER_ROOT;10135;11;10133;31;;;10141;13;10144;22;;;10138.0;0.0
av_WHEAT_d11;4200;ASH_COATED_OSMIUM;9910;13;9907;18;;;9916;5;9918;14;;;9913.0;0.0
av_WHEAT_d11;4200;INTARIAN_PEPPER_ROOT;10135;22;10131;18;;;10141;8;10145;16;;;10138.0;0.0
av_WHEAT_d11;4300;ASH_COATED_OSMIUM;9908;17;9905;17;;;9917;26;9919;20;;;9912.5;0.0
av_WHEAT_d11;4300;INTARIAN_PEPPER_ROOT;10134;14;10131;16;;;10140;10;10143;16;;;10137.0;0.0
av_WHEAT_d11;4400;ASH_COATED_OSMIUM;9909;14;9905;21;;;9917;25;9919;18;;;9913.0;0.0
av_WHEAT_d11;4400;INTARIAN_PEPPER_ROOT;10133;17;10131;24;;;10139;6;10142;14;;;10136.0;0.0
av_WHEAT_d11;4500;ASH_COATED_OSMIUM;9910;30;9907;33;;;9916;12;9920;8;;;9913.0;0.0
av_WHEAT_d11;4500;INTARIAN_PEPPER_ROOT;10132;8;10128;22;;;10138;10;10141;19;;;10135.0;0.0
av_WHEAT_d11;4600;ASH_COATED_OSMIUM;9905;17;9903;17;;;9920;11;9924;14;;;9912.5;0.0
av_WHEAT_d11;4600;INTARIAN_PEPPER_ROOT;10131;13;10129;25;;;10137;11;10140;29;;;10134.0;0.0
av_WHEAT_d11;4700;ASH_COATED_OSMIUM;9911;7;9908;20;;;9917;14;9919;22;;;9914.0;0.0
av_WHEAT_d11;4700;INTARIAN_PEPPER_ROOT;10131;24;10127;23;;;10137;20;10141;22;;;10134.0;0.0
av_WHEAT_d11;4800;ASH_COATED_OSMIUM;9910;18;9907;28;;;9916;18;9919;13;;;9913.0;0.0
av_WHEAT_d11;4800;INTARIAN_PEPPER_ROOT;10126;16;10124;28;;;10139;12;10143;13;;;10132.5;0.0
av_WHEAT_d11;4900;ASH_COATED_OSMIUM;9905;10;9903;12;;;9923;23;9925;16;;;9914.0;0.0
av_WHEAT_d11;4900;INTARIAN_PEPPER_ROOT;10129;22;10125;17;;;10135;18;10139;15;;;10132.0;0.0
av_WHEAT_d11;5000;ASH_COATED_OSMIUM;9910;12;9906;25;;;9916;11;9920;15;;;9913.0;0.0
av_WHEAT_d11;5000;INTARIAN_PEPPER_ROOT;10127;8;10124;16;;;10134;12;10136;18;;;10130.5;0.0
av_WHEAT_d11;5100;ASH_COATED_OSMIUM;9911;17;9908;23;;;9917;17;9919;20;;;9914.0;0.0
av_WHEAT_d11;5100;INTARIAN_PEPPER_ROOT;10127;18;10124;13;;;10133;15;10137;17;;;10130.0;0.0
av_WHEAT_d11;5200;ASH_COATED_OSMIUM;9909;14;9905;22;;;9918;9;9922;18;;;9913.5;0.0
av_WHEAT_d11;5200;INTARIAN_PEPPER_ROOT;10126;13;10124;14;;;10132;9;10134;23;;;10129.0;0.0
av_WHEAT_d11;5300;ASH_COATED_OSMIUM;9911;25;9908;23;;;9917;8;9920;10;;;9914.0;0.0
av_WHEAT_d11;5300;INTARIAN_PEPPER_ROOT;10124;8;10121;11;;;10131;10;10134;17;;;10127.5;0.0
av_WHEAT_d11;5400;ASH_COATED_OSMIUM;9911;23;9907;23;;;9917;17;9921;22;;;9914.0;0.0
av_WHEAT_d11;5400;INTARIAN_PEPPER_ROOT;10124;16;10122;14;;;10130;17;10132;23;;;10127.0;0.0
av_WHEAT_d11;5500;ASH_COATED_OSMIUM;9899;14;9895;25;;;9929;13;9931;25;;;9914.0;0.0
av_WHEAT_d11;5500;INTARIAN_PEPPER_ROOT;10117;12;10114;20;;;10136;8;10139;22;;;10126.5;0.0
av_WHEAT_d11;5600;ASH_COATED_OSMIUM;9907;9;9905;28;;;9921;13;9923;14;;;9914.0;0.0
av_WHEAT_d11;5600;INTARIAN_PEPPER_ROOT;10122;20;10120;19;;;10129;8;10133;15;;;10125.5;0.0
av_WHEAT_d11;5700;ASH_COATED_OSMIUM;9902;17;9900;15;;;9925;21;9928;22;;;9913.5;0.0
av_WHEAT_d11;5700;INTARIAN_PEPPER_ROOT;10122;8;10119;8;;;10128;6;10132;23;;;10125.0;0.0
av_WHEAT_d11;5800;ASH_COATED_OSMIUM;9911;19;9908;13;;;9917;7;9921;18;;;9914.0;0.0
av_WHEAT_d11;5800;INTARIAN_PEPPER_ROOT;10120;8;10118;13;;;10128;5;10130;14;;;10124.0;0.0
av_WHEAT_d11;5900;ASH_COATED_OSMIUM;9904;16;9900;27;;;9922;6;9925;15;;;9913.0;0.0
av_WHEAT_d11;5900;INTARIAN_PEPPER_ROOT;10120;18;10118;11;;;10126;14;10128;17;;;10123.0;0.0
av_WHEAT_d11;6000;ASH_COATED_OSMIUM;9907;11;9904;22;;;9921;15;9923;14;;;9914.0;0.0
av_WHEAT_d11;6000;INTARIAN_PEPPER_ROOT;10115;20;10113;15;;;10129;12;10133;16;;;10122.0;0.0
av_WHEAT_d11;6100;ASH_COATED_OSMIUM;9910;16;9906;21;;;9917;17;9919;18;;;9913.5;0.0
av_WHEAT_d11;6100;INTARIAN_PEPPER_ROOT;10119;14;10115;21;;;10125;10;10129;19;;;10122.0;0.0
av_WHEAT_d11;6200;ASH_COATED_OSMIUM;9911;12;9908;20;;;9917;13;9921;13;;;9914.0;0.0
av_WHEAT_d11;6200;INTARIAN_PEPPER_ROOT;10115;5;10111;21;;;10126;12;10129;19;;;10120.5;0.0
av_WHEAT_d11;6300;ASH_COATED_OSMIUM;9912;8;9910;20;;;9918;17;9921;18;;;9915.0;0.0
av_WHEAT_d11;6300;INTARIAN_PEPPER_ROOT;10117;20;10114;20;;;10123;6;10126;25;;;10120.0;0.0
av_WHEAT_d11;6400;ASH_COATED_OSMIUM;9911;18;9909;15;;;9917;7;9921;23;;;9914.0;0.0
av_WHEAT_d11;6400;INTARIAN_PEPPER_ROOT;10115;15;10112;21;;;10123;12;10126;24;;;10119.0;0.0
av_WHEAT_d11;6500;ASH_COATED_OSMIUM;9911;15;9908;30;;;9917;12;9921;29;;;9914.0;0.0
av_WHEAT_d11;6500;INTARIAN_PEPPER_ROOT;10114;16;10110;22;;;10120;25;10122;20;;;10117.0;0.0
av_WHEAT_d11;6600;ASH_COATED_OSMIUM;9908;14;9906;18;;;9922;11;9926;24;;;9915.0;0.0
av_WHEAT_d11;6600;INTARIAN_PEPPER_ROOT;10113;7;10111;25;;;10121;27;10124;15;;;10117.0;0.0
av_WHEAT_d11;6700;ASH_COATED_OSMIUM;9912;19;9909;24;;;9918;20;9920;23;;;9915.0;0.0
av_WHEAT_d11;6700;INTARIAN_PEPPER_ROOT;10113;11;10111;15;;;10119;15;10123;18;;;10116.0;0.0
av_WHEAT_d11;6800;ASH_COATED_OSMIUM;9911;14;9909;22;;;9917;9;9921;11;;;9914.0;0.0
av_WHEAT_d11;6800;INTARIAN_PEPPER_ROOT;10112;10;10110;23;;;10118;5;10121;18;;;10115.0;0.0
av_WHEAT_d11;6900;ASH_COATED_OSMIUM;9908;12;9904;19;;;9922;14;9926;17;;;9915.0;0.0
av_WHEAT_d11;6900;INTARIAN_PEPPER_ROOT;10111;10;10107;14;;;10117;15;10120;24;;;10114.0;0.0
av_WHEAT_d11;7000;ASH_COATED_OSMIUM;9910;22;9906;15;;;9920;15;9922;16;;;9915.0;0.0
av_WHEAT_d11;7000;INTARIAN_PEPPER_ROOT;10109;25;10107;23;;;10117;19;10119;25;;;10113.0;0.0
av_WHEAT_d11;7100;ASH_COATED_OSMIUM;9898;20;9896;26;;;9932;7;9935;20;;;9915.0;0.0
av_WHEAT_d11;7100;INTARIAN_PEPPER_ROOT;10108;19;10104;20;;;10116;12;10119;16;;;10112.0;0.0
av_WHEAT_d11;7200;ASH_COATED_OSMIUM;9896;21;9894;27;;;9931;12;9935;18;;;9913.5;0.0
av_WHEAT_d11;7200;INTARIAN_PEPPER_ROOT;10109;10;10105;20;;;10115;5;10119;25;;;10112.0;0.0
av_WHEAT_d11;7300;ASH_COATED_OSMIUM;9912;13;9910;25;;;9918;20;9921;15;;;9915.0;0.0
av_WHEAT_d11;7300;INTARIAN_PEPPER_ROOT;10107;17;10103;21;;;10113;17;10117;22;;;10110.0;0.0
av_WHEAT_d11;7400;ASH_COATED_OSMIUM;9912;7;9910;19;;;9918;7;9921;18;;;9915.0;0.0
av_WHEAT_d11;7400;INTARIAN_PEPPER_ROOT;10094;5;10092;21;;;10125;18;10127;19;;;10109.5;0.0
av_WHEAT_d11;7500;ASH_COATED_OSMIUM;9912;10;9909;29;;;9918;12;9922;14;;;9915.0;0.0
av_WHEAT_d11;7500;INTARIAN_PEPPER_ROOT;10106;16;10103;16;;;10112;10;10114;21;;;10109.0;0.0
av_WHEAT_d11;7600;ASH_COATED_OSMIUM;9903;15;9901;21;;;9927;17;9929;24;;;9915.0;0.0
av_WHEAT_d11;7600;INTARIAN_PEPPER_ROOT;10101;21;10098;13;;;10116;16;10118;21;;;10108.5;0.0
av_WHEAT_d11;7700;ASH_COATED_OSMIUM;9912;19;9908;28;;;9918;13;9920;23;;;9915.0;0.0
av_WHEAT_d11;7700;INTARIAN_PEPPER_ROOT;10105;13;10103;26;;;10111;22;10114;13;;;10108.0;0.0
av_WHEAT_d11;7800;ASH_COATED_OSMIUM;9912;11;9908;16;;;9918;13;9920;18;;;9915.0;0.0
av_WHEAT_d11;7800;INTARIAN_PEPPER_ROOT;10103;12;10099;16;;;10109;18;10112;15;;;10106.0;0.0
av_WHEAT_d11;7900;ASH_COATED_OSMIUM;9907;5;9904;23;;;9924;12;9927;22;;;9915.5;0.0
av_WHEAT_d11;7900;INTARIAN_PEPPER_ROOT;10097;8;10093;20;;;10115;12;10119;21;;;10106.0;0.0
av_WHEAT_d11;8000;ASH_COATED_OSMIUM;9912;15;9908;27;;;9918;9;9920;20;;;9915.0;0.0
av_WHEAT_d11;8000;INTARIAN_PEPPER_ROOT;10099;15;10097;13;;;10111;19;10113;16;;;10105.0;0.0
av_WHEAT_d11;8100;ASH_COATED_OSMIUM;9910;11;9906;11;;;9919;5;9922;14;;;9914.5;0.0
av_WHEAT_d11;8100;INTARIAN_PEPPER_ROOT;10095;11;10093;18;;;10113;16;10115;19;;;10104.0;0.0
av_WHEAT_d11;8200;ASH_COATED_OSMIUM;9912;18;9908;19;;;9918;19;9920;8;;;9915.0;0.0
av_WHEAT_d11;8200;INTARIAN_PEPPER_ROOT;10100;11;10097;19;;;10106;12;10110;18;;;10103.0;0.0
av_WHEAT_d11;8300;ASH_COATED_OSMIUM;9912;15;9909;21;;;9918;12;9920;12;;;9915.0;0.0
av_WHEAT_d11;8300;INTARIAN_PEPPER_ROOT;10098;11;10095;14;;;10106;17;10110;21;;;10102.0;0.0
av_WHEAT_d11;8400;ASH_COATED_OSMIUM;9912;20;9909;19;;;9918;20;9922;21;;;9915.0;0.0
av_WHEAT_d11;8400;INTARIAN_PEPPER_ROOT;10098;13;10094;13;;;10104;14;10106;14;;;10101.0;0.0
av_WHEAT_d11;8500;ASH_COATED_OSMIUM;9912;10;9910;13;;;9920;12;9924;19;;;9916.0;0.0
av_WHEAT_d11;8500;INTARIAN_PEPPER_ROOT;10098;20;10095;27;;;10104;22;10106;18;;;10101.0;0.0
av_WHEAT_d11;8600;ASH_COATED_OSMIUM;9909;19;9905;17;;;9923;13;9926;21;;;9916.0;0.0
av_WHEAT_d11;8600;INTARIAN_PEPPER_ROOT;10097;7;10095;14;;;10103;9;10105;27;;;10100.0;0.0
av_WHEAT_d11;8700;ASH_COATED_OSMIUM;9912;15;9910;14;;;9918;17;9920;29;;;9915.0;0.0
av_WHEAT_d11;8700;INTARIAN_PEPPER_ROOT;10089;18;10086;22;;;10109;13;10113;23;;;10099.0;0.0
av_WHEAT_d11;8800;ASH_COATED_OSMIUM;9912;20;9910;16;;;9918;8;9922;18;;;9915.0;0.0
av_WHEAT_d11;8800;INTARIAN_PEPPER_ROOT;10088;16;10084;22;;;10108;12;10112;15;;;10098.0;0.0
av_WHEAT_d11;8900;ASH_COATED_OSMIUM;9912;13;9910;14;;;9918;6;9920;26;;;9915.0;0.0
av_WHEAT_d11;8900;INTARIAN_PEPPER_ROOT;10088;18;10085;18;;;10106;15;10110;27;;;10097.0;0.0
av_WHEAT_d11;9000;ASH_COATED_OSMIUM;9908;19;9906;17;;;9924;17;9926;18;;;9916.0;0.0
av_WHEAT_d11;9000;INTARIAN_PEPPER_ROOT;10093;16;10090;17;;;10099;9;10102;20;;;10096.0;0.0
av_WHEAT_d11;9100;ASH_COATED_OSMIUM;9911;11;9909;22;;;9920;17;9922;21;;;9915.5;0.0
av_WHEAT_d11;9100;INTARIAN_PEPPER_ROOT;10085;16;10081;17;;;10105;18;10108;11;;;10095.0;0.0
av_WHEAT_d11;9200;ASH_COATED_OSMIUM;9913;10;9909;11;;;9919;13;9923;23;;;9916.0;0.0
av_WHEAT_d11;9200;INTARIAN_PEPPER_ROOT;10081;16;10077;20;;;10107;8;10109;16;;;10094.0;0.0
av_WHEAT_d11;9300;ASH_COATED_OSMIUM;9906;5;9903;14;;;9926;9;9930;14;;;9916.0;0.0
av_WHEAT_d11;9300;INTARIAN_PEPPER_ROOT;10091;10;10087;26;;;10097;6;10099;23;;;10094.0;0.0
av_WHEAT_d11;9400;ASH_COATED_OSMIUM;9912;17;9909;20;;;9918;18;9921;22;;;9915.0;0.0
av_WHEAT_d11;9400;INTARIAN_PEPPER_ROOT;10090;13;10088;25;;;10096;10;10098;23;;;10093.0;0.0
av_WHEAT_d11;9500;ASH_COATED_OSMIUM;9913;10;9910;9;;;9920;16;9924;30;;;9916.5;0.0
av_WHEAT_d11;9500;INTARIAN_PEPPER_ROOT;10089;17;10086;12;;;10095;5;10099;12;;;10092.0;0.0
av_WHEAT_d11;9600;ASH_COATED_OSMIUM;9913;9;9911;26;;;9919;10;9923;21;;;9916.0;0.0
av_WHEAT_d11;9600;INTARIAN_PEPPER_ROOT;10088;15;10085;19;;;10094;17;10097;19;;;10091.0;0.0
av_WHEAT_d11;9700;ASH_COATED_OSMIUM;9913;24;9910;19;;;9919;15;9922;18;;;9916.0;0.0
av_WHEAT_d11;9700;INTARIAN_PEPPER_ROOT;10086;17;10084;23;;;10094;13;10098;24;;;10090.0;0.0
av_WHEAT_d11;9800;ASH_COATED_OSMIUM;9913;20;9909;15;;;9919;19;9922;17;;;9916.0;0.0
av_WHEAT_d11;9800;INTARIAN_PEPPER_ROOT;10086;9;10084;22;;;10092;20;10095;19;;;10089.0;0.0
av_WHEAT_d11;9900;ASH_COATED_OSMIUM;9913;17;9911;17;;;9919;17;9922;21;;;9916.0;0.0
av_WHEAT_d11;9900;INTARIAN_PEPPER_ROOT;10086;11;10083;16;;;10092;12;10095;22;;;10089.0;0.0
av_WHEAT_d11;10000;ASH_COATED_OSMIUM;9903;18;9901;25;;;9929;17;9932;20;;;9916.0;0.0
av_WHEAT_d11;10000;INTARIAN_PEPPER_ROOT;10082;11;10078;21;;;10093;10;10096;20;;;10087.5;0.0
av_WHEAT_d11;10100;ASH_COATED_OSMIUM;9913;11;9910;22;;;9919;9;9921;12;;;9916.0;0.0
av_WHEAT_d11;10100;INTARIAN_PEPPER_ROOT;10082;12;10078;25;;;10090;15;10094;13;;;10086.0;0.0
av_WHEAT_d11;10200;ASH_COATED_OSMIUM;9907;13;9904;22;;;9926;16;9928;16;;;9916.5;0.0
av_WHEAT_d11;10200;INTARIAN_PEPPER_ROOT;10083;5;10079;20;;;10089;11;10093;24;;;10086.0;0.0
av_WHEAT_d11;10300;ASH_COATED_OSMIUM;9913;24;9911;9;;;9919;19;9922;17;;;9916.0;0.0
av_WHEAT_d11;10300;INTARIAN_PEPPER_ROOT;10082;23;10079;19;;;10088;11;10092;22;;;10085.0;0.0
av_WHEAT_d11;10400;ASH_COATED_OSMIUM;9914;12;9912;27;;;9920;16;9922;26;;;9917.0;0.0
av_WHEAT_d11;10400;INTARIAN_PEPPER_ROOT;10081;10;10078;26;;;10087;23;10089;22;;;10084.0;0.0
av_WHEAT_d11;10500;ASH_COATED_OSMIUM;9914;17;9910;22;;;9920;11;9922;28;;;9917.0;0.0
av_WHEAT_d11;10500;INTARIAN_PEPPER_ROOT;10065;8;10062;20;;;10101;11;10103;22;;;10083.0;0.0
av_WHEAT_d11;10600;ASH_COATED_OSMIUM;9912;15;9910;21;;;9921;8;9925;20;;;9916.5;0.0
av_WHEAT_d11;10600;INTARIAN_PEPPER_ROOT;10079;13;10076;20;;;10085;18;10087;15;;;10082.0;0.0
av_WHEAT_d11;10700;ASH_COATED_OSMIUM;9914;13;9911;17;;;9920;12;9924;16;;;9917.0;0.0
av_WHEAT_d11;10700;INTARIAN_PEPPER_ROOT;10078;13;10074;8;;;10084;12;10086;23;;;10081.0;0.0
av_WHEAT_d11;10800;ASH_COATED_OSMIUM;9914;18;9912;13;;;9920;11;9924;16;;;9917.0;0.0
av_WHEAT_d11;10800;INTARIAN_PEPPER_ROOT;10078;25;10076;18;;;10084;16;10086;14;;;10081.0;0.0
av_WHEAT_d11;10900;ASH_COATED_OSMIUM;9914;16;9912;18;;;9920;10;9924;11;;;9917.0;0.0
av_WHEAT_d11;10900;INTARIAN_PEPPER_ROOT;10077;13;10073;17;;;10083;17;10085;30;;;10080.0;0.0
av_WHEAT_d11;11000;ASH_COATED_OSMIUM;9914;13;9912;12;;;9920;25;9923;26;;;9917.0;0.0
av_WHEAT_d11;11000;INTARIAN_PEPPER_ROOT;10076;25;10073;23;;;10082;17;10084;12;;;10079.0;0.0
av_WHEAT_d11;11100;ASH_COATED_OSMIUM;9914;11;9910;20;;;9921;6;9925;18;;;9917.5;0.0
av_WHEAT_d11;11100;INTARIAN_PEPPER_ROOT;10075;17;10073;25;;;10081;21;10084;24;;;10078.0;0.0
av_WHEAT_d11;11200;ASH_COATED_OSMIUM;9914;13;9911;15;;;9920;17;9924;16;;;9917.0;0.0
av_WHEAT_d11;11200;INTARIAN_PEPPER_ROOT;10073;15;10070;19;;;10082;12;10086;20;;;10077.5;0.0
av_WHEAT_d11;11300;ASH_COATED_OSMIUM;9915;10;9913;27;;;9921;18;9924;23;;;9918.0;0.0
av_WHEAT_d11;11300;INTARIAN_PEPPER_ROOT;10066;14;10064;25;;;10088;17;10090;25;;;10077.0;0.0
av_WHEAT_d11;11400;ASH_COATED_OSMIUM;9913;16;9910;18;;;9921;18;9924;24;;;9917.0;0.0
av_WHEAT_d11;11400;INTARIAN_PEPPER_ROOT;10072;16;10069;23;;;10078;13;10080;17;;;10075.0;0.0
av_WHEAT_d11;11500;ASH_COATED_OSMIUM;9914;12;9911;23;;;9922;18;9924;29;;;9918.0;0.0
av_WHEAT_d11;11500;INTARIAN_PEPPER_ROOT;10072;13;10068;18;;;10078;15;10080;13;;;10075.0;0.0
av_WHEAT_d11;11600;ASH_COATED_OSMIUM;9914;16;9911;18;;;9920;17;9924;23;;;9917.0;0.0
av_WHEAT_d11;11600;INTARIAN_PEPPER_ROOT;10070;19;10068;11;;;10076;21;10080;13;;;10073.0;0.0
av_WHEAT_d11;11700;ASH_COATED_OSMIUM;9914;12;9911;28;;;9920;9;9923;17;;;9917.0;0.0
av_WHEAT_d11;11700;INTARIAN_PEPPER_ROOT;10070;15;10067;19;;;10076;16;10080;18;;;10073.0;0.0
av_WHEAT_d11;11800;ASH_COATED_OSMIUM;9912;19;9908;20;;;9924;12;9928;21;;;9918.0;0.0
av_WHEAT_d11;11800;INTARIAN_PEPPER_ROOT;10069;15;10065;17;;;10075;21;10078;17;;;10072.0;0.0
av_WHEAT_d11;11900;ASH_COATED_OSMIUM;9915;7;9911;18;;;9921;9;9925;13;;;9918.0;0.0
av_WHEAT_d11;11900;INTARIAN_PEPPER_ROOT;10068;21;10066;20;;;10074;16;10077;26;;;10071.0;0.0
av_WHEAT_d11;12000;ASH_COATED_OSMIUM;9914;18;9911;12;;;9920;9;9922;24;;;9917.0;0.0
av_WHEAT_d11;12000;INTARIAN_PEPPER_ROOT;10063;20;10060;16;;;10079;22;10083;17;;;10071.0;0.0
av_WHEAT_d11;12100;ASH_COATED_OSMIUM;9914;6;9912;21;;;9920;16;9923;27;;;9917.0;0.0
av_WHEAT_d11;12100;INTARIAN_PEPPER_ROOT;10065;14;10061;20;;;10074;20;10076;22;;;10069.5;0.0
av_WHEAT_d11;12200;ASH_COATED_OSMIUM;9910;11;9907;25;;;9926;14;9929;11;;;9918.0;0.0
av_WHEAT_d11;12200;INTARIAN_PEPPER_ROOT;10065;18;10063;29;;;10071;14;10075;16;;;10068.0;0.0
av_WHEAT_d11;12300;ASH_COATED_OSMIUM;9914;20;9911;19;;;9920;15;9923;18;;;9917.0;0.0
av_WHEAT_d11;12300;INTARIAN_PEPPER_ROOT;10065;19;10063;17;;;10071;18;10074;20;;;10068.0;0.0
av_WHEAT_d11;12400;ASH_COATED_OSMIUM;9915;17;9911;21;;;9921;10;9925;28;;;9918.0;0.0
av_WHEAT_d11;12400;INTARIAN_PEPPER_ROOT;10064;20;10061;12;;;10070;16;10074;25;;;10067.0;0.0
av_WHEAT_d11;12500;ASH_COATED_OSMIUM;9914;17;9910;24;;;9922;17;9924;28;;;9918.0;0.0
av_WHEAT_d11;12500;INTARIAN_PEPPER_ROOT;10057;5;10054;21;;;10075;5;10079;23;;;10066.0;0.0
av_WHEAT_d11;12600;ASH_COATED_OSMIUM;9914;13;9910;22;;;9920;7;9924;19;;;9917.0;0.0
av_WHEAT_d11;12600;INTARIAN_PEPPER_ROOT;10061;22;10058;8;;;10069;20;10072;20;;;10065.0;0.0
av_WHEAT_d11;12700;ASH_COATED_OSMIUM;9915;18;9913;8;;;9921;16;9925;26;;;9918.0;0.0
av_WHEAT_d11;12700;INTARIAN_PEPPER_ROOT;10061;19;10059;17;;;10067;14;10070;21;;;10064.0;0.0
av_WHEAT_d11;12800;ASH_COATED_OSMIUM;9912;10;9910;21;;;9924;15;9926;8;;;9918.0;0.0
av_WHEAT_d11;12800;INTARIAN_PEPPER_ROOT;10061;13;10058;28;;;10067;26;10069;24;;;10064.0;0.0
av_WHEAT_d11;12900;ASH_COATED_OSMIUM;9900;18;9898;20;;;9936;19;9938;18;;;9918.0;0.0
av_WHEAT_d11;12900;INTARIAN_PEPPER_ROOT;10059;16;10057;19;;;10065;19;10067;20;;;10062.0;0.0
av_WHEAT_d11;13000;ASH_COATED_OSMIUM;9915;26;9912;20;;;9921;22;9924;31;;;9918.0;0.0
av_WHEAT_d11;13000;INTARIAN_PEPPER_ROOT;10058;10;10054;16;;;10064;10;10066;18;;;10061.0;0.0
av_WHEAT_d11;13100;ASH_COATED_OSMIUM;9915;13;9912;17;;;9921;14;9924;17;;;9918.0;0.0
av_WHEAT_d11;13100;INTARIAN_PEPPER_ROOT;10058;12;10056;20;;;10064;17;10066;16;;;10061.0;0.0
av_WHEAT_d11;13200;ASH_COATED_OSMIUM;9915;16;9911;20;;;9921;10;9924;23;;;9918.0;0.0
av_WHEAT_d11;13200;INTARIAN_PEPPER_ROOT;10057;13;10054;20;;;10063;11;10066;24;;;10060.0;0.0
av_WHEAT_d11;13300;ASH_COATED_OSMIUM;9895;24;9892;10;;;9941;16;9943;23;;;9918.0;0.0
av_WHEAT_d11;13300;INTARIAN_PEPPER_ROOT;10055;20;10051;11;;;10061;6;10065;20;;;10058.0;0.0
av_WHEAT_d11;13400;ASH_COATED_OSMIUM;9904;11;9902;17;;;9932;17;9935;20;;;9918.0;0.0
av_WHEAT_d11;13400;INTARIAN_PEPPER_ROOT;10055;12;10051;15;;;10061;5;10065;19;;;10058.0;0.0
av_WHEAT_d11;13500;ASH_COATED_OSMIUM;9916;20;9913;14;;;9922;15;9924;23;;;9919.0;0.0
av_WHEAT_d11;13500;INTARIAN_PEPPER_ROOT;10055;19;10051;26;;;10061;9;10064;21;;;10058.0;0.0
av_WHEAT_d11;13600;ASH_COATED_OSMIUM;9914;9;9911;19;;;9924;13;9926;18;;;9919.0;0.0
av_WHEAT_d11;13600;INTARIAN_PEPPER_ROOT;10053;10;10049;17;;;10059;11;10061;25;;;10056.0;0.0
av_WHEAT_d11;13700;ASH_COATED_OSMIUM;9915;20;9912;17;;;9921;22;9924;22;;;9918.0;0.0
av_WHEAT_d11;13700;INTARIAN_PEPPER_ROOT;10053;12;10050;26;;;10059;15;10061;29;;;10056.0;0.0
av_WHEAT_d11;13800;ASH_COATED_OSMIUM;9911;12;9908;8;;;9925;5;9928;15;;;9918.0;0.0
av_WHEAT_d11;13800;INTARIAN_PEPPER_ROOT;10052;30;10050;14;;;10058;5;10060;20;;;10055.0;0.0
av_WHEAT_d11;13900;ASH_COATED_OSMIUM;9915;23;9911;13;;;9923;16;9926;13;;;9919.0;0.0
av_WHEAT_d11;13900;INTARIAN_PEPPER_ROOT;10042;12;10040;18;;;10066;15;10068;23;;;10054.0;0.0
av_WHEAT_d11;14000;ASH_COATED_OSMIUM;9915;18;9911;26;;;9921;15;9924;23;;;9918.0;0.0
av_WHEAT_d11;14000;INTARIAN_PEPPER_ROOT;10042;5;10039;24;;;10066;16;10068;21;;;10054.0;0.0
av_WHEAT_d11;14100;ASH_COATED_OSMIUM;9916;11;9914;21;;;9922;13;9925;22;;;9919.0;0.0
av_WHEAT_d11;14100;INTARIAN_PEPPER_ROOT;10049;10;10045;15;;;10055;7;10058;27;;;10052.0;0.0
av_WHEAT_d11;14200;ASH_COATED_OSMIUM;9916;16;9914;22;;;9922;23;9926;13;;;9919.0;0.0
av_WHEAT_d11;14200;INTARIAN_PEPPER_ROOT;10049;19;10047;17;;;10055;9;10057;25;;;10052.0;0.0
av_WHEAT_d11;14300;ASH_COATED_OSMIUM;9913;15;9910;20;;;9926;9;9929;19;;;9919.5;0.0
av_WHEAT_d11;14300;INTARIAN_PEPPER_ROOT;10047;9;10044;18;;;10053;18;10055;20;;;10050.0;0.0
av_WHEAT_d11;14400;ASH_COATED_OSMIUM;9916;5;9912;22;;;9922;24;9925;23;;;9919.0;0.0
av_WHEAT_d11;14400;INTARIAN_PEPPER_ROOT;10046;19;10043;24;;;10053;15;10057;18;;;10049.5;0.0
av_WHEAT_d11;14500;ASH_COATED_OSMIUM;9916;10;9914;24;;;9922;13;9926;20;;;9919.0;0.0
av_WHEAT_d11;14500;INTARIAN_PEPPER_ROOT;10046;19;10042;29;;;10052;14;10054;17;;;10049.0;0.0
av_WHEAT_d11;14600;ASH_COATED_OSMIUM;9916;12;9914;21;;;9923;10;9926;21;;;9919.5;0.0
av_WHEAT_d11;14600;INTARIAN_PEPPER_ROOT;10045;19;10042;20;;;10051;22;10054;25;;;10048.0;0.0
av_WHEAT_d11;14700;ASH_COATED_OSMIUM;9917;15;9915;19;;;9923;16;9925;21;;;9920.0;0.0
av_WHEAT_d11;14700;INTARIAN_PEPPER_ROOT;10044;11;10040;12;;;10051;17;10055;15;;;10047.5;0.0
av_WHEAT_d11;14800;ASH_COATED_OSMIUM;9916;9;9912;15;;;9922;16;9924;28;;;9919.0;0.0
av_WHEAT_d11;14800;INTARIAN_PEPPER_ROOT;10044;29;10041;27;;;10050;8;10054;24;;;10047.0;0.0
av_WHEAT_d11;14900;ASH_COATED_OSMIUM;9915;13;9911;22;;;9923;22;9926;18;;;9919.0;0.0
av_WHEAT_d11;14900;INTARIAN_PEPPER_ROOT;10042;23;10038;24;;;10048;17;10051;18;;;10045.0;0.0
av_WHEAT_d11;15000;ASH_COATED_OSMIUM;9909;9;9906;28;;;9930;5;9934;30;;;9919.5;0.0
av_WHEAT_d11;15000;INTARIAN_PEPPER_ROOT;10041;5;10038;15;;;10047;16;10049;25;;;10044.0;0.0
av_WHEAT_d11;15100;ASH_COATED_OSMIUM;9916;15;9912;20;;;9922;17;9924;23;;;9919.0;0.0
av_WHEAT_d11;15100;INTARIAN_PEPPER_ROOT;10037;12;10035;11;;;10050;15;10052;18;;;10043.5;0.0
av_WHEAT_d11;15200;ASH_COATED_OSMIUM;9917;12;9913;23;;;9923;6;9926;14;;;9920.0;0.0
av_WHEAT_d11;15200;INTARIAN_PEPPER_ROOT;10031;8;10029;16;;;10054;26;10056;20;;;10042.5;0.0
av_WHEAT_d11;15300;ASH_COATED_OSMIUM;9916;24;9913;25;;;9922;20;9924;13;;;9919.0;0.0
av_WHEAT_d11;15300;INTARIAN_PEPPER_ROOT;10033;14;10029;25;;;10050;16;10053;20;;;10041.5;0.0
av_WHEAT_d11;15400;ASH_COATED_OSMIUM;9915;17;9912;14;;;9923;15;9927;21;;;9919.0;0.0
av_WHEAT_d11;15400;INTARIAN_PEPPER_ROOT;10030;17;10026;25;;;10051;19;10054;20;;;10040.5;0.0
av_WHEAT_d11;15500;ASH_COATED_OSMIUM;9916;16;9914;15;;;9922;19;9925;8;;;9919.0;0.0
av_WHEAT_d11;15500;INTARIAN_PEPPER_ROOT;10035;17;10033;18;;;10046;15;10050;22;;;10040.5;0.0
av_WHEAT_d11;15600;ASH_COATED_OSMIUM;9912;14;9909;19;;;9928;11;9930;15;;;9920.0;0.0
av_WHEAT_d11;15600;INTARIAN_PEPPER_ROOT;10034;10;10032;19;;;10045;13;10049;8;;;10039.5;0.0
av_WHEAT_d11;15700;ASH_COATED_OSMIUM;9906;13;9904;15;;;9934;17;9937;14;;;9920.0;0.0
av_WHEAT_d11;15700;INTARIAN_PEPPER_ROOT;10031;15;10029;19;;;10046;16;10048;14;;;10038.5;0.0
av_WHEAT_d11;15800;ASH_COATED_OSMIUM;9916;16;9913;10;;;9925;21;9927;27;;;9920.5;0.0
av_WHEAT_d11;15800;INTARIAN_PEPPER_ROOT;10035;20;10033;17;;;10041;22;10043;29;;;10038.0;0.0
av_WHEAT_d11;15900;ASH_COATED_OSMIUM;9906;14;9904;21;;;9933;10;9935;17;;;9919.5;0.0
av_WHEAT_d11;15900;INTARIAN_PEPPER_ROOT;10032;10;10028;24;;;10042;18;10044;18;;;10037.0;0.0
av_WHEAT_d11;16000;ASH_COATED_OSMIUM;9917;14;9913;26;;;9923;20;9925;17;;;9920.0;0.0
av_WHEAT_d11;16000;INTARIAN_PEPPER_ROOT;10030;11;10027;17;;;10041;18;10045;28;;;10035.5;0.0
av_WHEAT_d11;16100;ASH_COATED_OSMIUM;9907;19;9905;12;;;9933;13;9935;13;;;9920.0;0.0
av_WHEAT_d11;16100;INTARIAN_PEPPER_ROOT;10032;15;10029;28;;;10038;12;10041;20;;;10035.0;0.0
av_WHEAT_d11;16200;ASH_COATED_OSMIUM;9917;26;9913;9;;;9923;9;9926;22;;;9920.0;0.0
av_WHEAT_d11;16200;INTARIAN_PEPPER_ROOT;10031;15;10028;17;;;10037;20;10040;21;;;10034.0;0.0
av_WHEAT_d11;16300;ASH_COATED_OSMIUM;9917;13;9914;19;;;9923;12;9925;14;;;9920.0;0.0
av_WHEAT_d11;16300;INTARIAN_PEPPER_ROOT;10031;9;10029;25;;;10037;11;10040;18;;;10034.0;0.0
av_WHEAT_d11;16400;ASH_COATED_OSMIUM;9917;20;9913;24;;;9923;18;9925;17;;;9920.0;0.0
av_WHEAT_d11;16400;INTARIAN_PEPPER_ROOT;10025;14;10023;17;;;10040;15;10043;17;;;10032.5;0.0
av_WHEAT_d11;16500;ASH_COATED_OSMIUM;9917;14;9915;16;;;9923;9;9925;15;;;9920.0;0.0
av_WHEAT_d11;16500;INTARIAN_PEPPER_ROOT;10028;15;10026;22;;;10034;12;10037;20;;;10031.0;0.0
av_WHEAT_d11;16600;ASH_COATED_OSMIUM;9915;16;9912;17;;;9925;14;9928;17;;;9920.0;0.0
av_WHEAT_d11;16600;INTARIAN_PEPPER_ROOT;10028;17;10025;15;;;10034;21;10036;20;;;10031.0;0.0
av_WHEAT_d11;16700;ASH_COATED_OSMIUM;9915;11;9911;18;;;9923;20;9926;17;;;9919.0;0.0
av_WHEAT_d11;16700;INTARIAN_PEPPER_ROOT;10027;17;10023;25;;;10033;16;10036;20;;;10030.0;0.0
av_WHEAT_d11;16800;ASH_COATED_OSMIUM;9917;13;9915;19;;;9923;16;9926;22;;;9920.0;0.0
av_WHEAT_d11;16800;INTARIAN_PEPPER_ROOT;10018;10;10014;16;;;10039;17;10041;9;;;10028.5;0.0
av_WHEAT_d11;16900;ASH_COATED_OSMIUM;9918;12;9916;21;;;9924;8;9927;24;;;9921.0;0.0
av_WHEAT_d11;16900;INTARIAN_PEPPER_ROOT;10024;11;10020;25;;;10030;7;10034;19;;;10027.0;0.0
av_WHEAT_d11;17000;ASH_COATED_OSMIUM;9918;16;9916;22;;;9924;5;9928;14;;;9921.0;0.0
av_WHEAT_d11;17000;INTARIAN_PEPPER_ROOT;10019;8;10016;27;;;10035;5;10039;23;;;10027.0;0.0
av_WHEAT_d11;17100;ASH_COATED_OSMIUM;9918;20;9914;27;;;9924;23;9928;18;;;9921.0;0.0
av_WHEAT_d11;17100;INTARIAN_PEPPER_ROOT;10025;14;10023;24;;;10031;6;10035;17;;;10028.0;0.0
av_WHEAT_d11;17200;ASH_COATED_OSMIUM;9917;18;9914;18;;;9923;9;9927;9;;;9920.0;0.0
av_WHEAT_d11;17200;INTARIAN_PEPPER_ROOT;10024;17;10021;26;;;10030;8;10032;19;;;10027.0;0.0
av_WHEAT_d11;17300;ASH_COATED_OSMIUM;9918;18;9915;25;;;9924;11;9927;22;;;9921.0;0.0
av_WHEAT_d11;17300;INTARIAN_PEPPER_ROOT;10024;15;10022;20;;;10030;17;10034;26;;;10027.0;0.0
av_WHEAT_d11;17400;ASH_COATED_OSMIUM;9916;13;9913;21;;;9927;16;9931;17;;;9921.5;0.0
av_WHEAT_d11;17400;INTARIAN_PEPPER_ROOT;10024;9;10022;21;;;10030;13;10033;15;;;10027.0;0.0
av_WHEAT_d11;17500;ASH_COATED_OSMIUM;9918;7;9915;17;;;9924;18;9928;19;;;9921.0;0.0
av_WHEAT_d11;17500;INTARIAN_PEPPER_ROOT;10024;5;10022;18;;;10030;11;10034;29;;;10027.0;0.0
av_WHEAT_d11;17600;ASH_COATED_OSMIUM;9917;11;9913;14;;;9924;15;9927;17;;;9920.5;0.0
av_WHEAT_d11;17600;INTARIAN_PEPPER_ROOT;10020;16;10017;21;;;10033;11;10037;17;;;10026.5;0.0
av_WHEAT_d11;17700;ASH_COATED_OSMIUM;9918;13;9916;16;;;9924;21;9926;19;;;9921.0;0.0
av_WHEAT_d11;17700;INTARIAN_PEPPER_ROOT;10023;11;10021;14;;;10029;18;10033;22;;;10026.0;0.0
av_WHEAT_d11;17800;ASH_COATED_OSMIUM;9918;14;9916;18;;;9924;16;9927;19;;;9921.0;0.0
av_WHEAT_d11;17800;INTARIAN_PEPPER_ROOT;10023;13;10019;27;;;10029;21;10033;25;;;10026.0;0.0
av_WHEAT_d11;17900;ASH_COATED_OSMIUM;9918;20;9914;14;;;9924;14;9928;16;;;9921.0;0.0
av_WHEAT_d11;17900;INTARIAN_PEPPER_ROOT;10022;17;10019;17;;;10030;10;10034;21;;;10026.0;0.0
av_WHEAT_d11;18000;ASH_COATED_OSMIUM;9918;17;9915;16;;;9924;19;9926;17;;;9921.0;0.0
av_WHEAT_d11;18000;INTARIAN_PEPPER_ROOT;10021;12;10019;14;;;10029;11;10031;14;;;10025.0;0.0
av_WHEAT_d11;18100;ASH_COATED_OSMIUM;9915;18;9913;22;;;9928;13;9931;23;;;9921.5;0.0
av_WHEAT_d11;18100;INTARIAN_PEPPER_ROOT;10023;16;10021;8;;;10029;17;10031;14;;;10026.0;0.0
av_WHEAT_d11;18200;ASH_COATED_OSMIUM;9918;13;9916;23;;;9924;12;9927;10;;;9921.0;0.0
av_WHEAT_d11;18200;INTARIAN_PEPPER_ROOT;10018;23;10014;15;;;10033;11;10037;18;;;10025.5;0.0
av_WHEAT_d11;18300;ASH_COATED_OSMIUM;9918;13;9915;15;;;9924;11;9926;24;;;9921.0;0.0
av_WHEAT_d11;18300;INTARIAN_PEPPER_ROOT;10023;13;10019;21;;;10029;21;10031;19;;;10026.0;0.0
av_WHEAT_d11;18400;ASH_COATED_OSMIUM;9915;15;9911;19;;;9927;23;9930;19;;;9921.0;0.0
av_WHEAT_d11;18400;INTARIAN_PEPPER_ROOT;10022;11;10018;16;;;10028;14;10031;17;;;10025.0;0.0
av_WHEAT_d11;18500;ASH_COATED_OSMIUM;9901;12;9897;19;;;9941;12;9945;23;;;9921.0;0.0
av_WHEAT_d11;18500;INTARIAN_PEPPER_ROOT;10007;15;10005;20;;;10044;12;10047;23;;;10025.5;0.0
av_WHEAT_d11;18600;ASH_COATED_OSMIUM;9918;10;9914;21;;;9924;21;9928;21;;;9921.0;0.0
av_WHEAT_d11;18600;INTARIAN_PEPPER_ROOT;10018;14;10016;10;;;10032;23;10035;20;;;10025.0;0.0
av_WHEAT_d11;18700;ASH_COATED_OSMIUM;9918;23;9915;16;;;9926;8;9928;23;;;9922.0;0.0
av_WHEAT_d11;18700;INTARIAN_PEPPER_ROOT;10022;8;10019;26;;;10028;14;10032;9;;;10025.0;0.0
av_WHEAT_d11;18800;ASH_COATED_OSMIUM;9918;9;9916;21;;;9924;25;9926;12;;;9921.0;0.0
av_WHEAT_d11;18800;INTARIAN_PEPPER_ROOT;10020;12;10018;26;;;10030;23;10034;25;;;10025.0;0.0
av_WHEAT_d11;18900;ASH_COATED_OSMIUM;9918;13;9915;22;;;9925;11;9928;20;;;9921.5;0.0
av_WHEAT_d11;18900;INTARIAN_PEPPER_ROOT;10021;22;10018;24;;;10027;21;10029;17;;;10024.0;0.0
av_WHEAT_d11;19000;ASH_COATED_OSMIUM;9919;13;9917;23;;;9925;14;9927;15;;;9922.0;0.0
av_WHEAT_d11;19000;INTARIAN_PEPPER_ROOT;10021;16;10019;24;;;10027;13;10031;19;;;10024.0;0.0
av_WHEAT_d11;19100;ASH_COATED_OSMIUM;9916;17;9913;18;;;9928;14;9931;18;;;9922.0;0.0
av_WHEAT_d11;19100;INTARIAN_PEPPER_ROOT;10021;18;10017;16;;;10027;13;10031;16;;;10024.0;0.0
av_WHEAT_d11;19200;ASH_COATED_OSMIUM;9920;22;9918;20;;;9926;6;9928;18;;;9923.0;0.0
av_WHEAT_d11;19200;INTARIAN_PEPPER_ROOT;10021;13;10017;20;;;10027;5;10031;21;;;10024.0;0.0
av_WHEAT_d11;19300;ASH_COATED_OSMIUM;9919;10;9915;22;;;9925;14;9927;23;;;9922.0;0.0
av_WHEAT_d11;19300;INTARIAN_PEPPER_ROOT;10021;15;10018;15;;;10027;20;10030;19;;;10024.0;0.0
av_WHEAT_d11;19400;ASH_COATED_OSMIUM;9920;12;9917;18;;;9926;17;9929;21;;;9923.0;0.0
av_WHEAT_d11;19400;INTARIAN_PEPPER_ROOT;10021;7;10018;20;;;10027;19;10031;20;;;10024.0;0.0
av_WHEAT_d11;19500;ASH_COATED_OSMIUM;9916;18;9912;25;;;9930;9;9934;23;;;9923.0;0.0
av_WHEAT_d11;19500;INTARIAN_PEPPER_ROOT;10020;14;10016;22;;;10027;7;10030;16;;;10023.5;0.0
av_WHEAT_d11;19600;ASH_COATED_OSMIUM;9919;14;9916;22;;;9925;10;9929;19;;;9922.0;0.0
av_WHEAT_d11;19600;INTARIAN_PEPPER_ROOT;10020;28;10016;14;;;10026;15;10030;18;;;10023.0;0.0
av_WHEAT_d11;19700;ASH_COATED_OSMIUM;9916;12;9914;23;;;9928;18;9930;17;;;9922.0;0.0
av_WHEAT_d11;19700;INTARIAN_PEPPER_ROOT;10020;18;10017;17;;;10027;13;10029;24;;;10023.5;0.0
av_WHEAT_d11;19800;ASH_COATED_OSMIUM;9919;12;9915;17;;;9925;21;9928;19;;;9922.0;0.0
av_WHEAT_d11;19800;INTARIAN_PEPPER_ROOT;10020;17;10017;25;;;10026;20;10030;25;;;10023.0;0.0
av_WHEAT_d11;19900;ASH_COATED_OSMIUM;9919;15;9916;19;;;9925;14;9929;20;;;9922.0;0.0
av_WHEAT_d11;19900;INTARIAN_PEPPER_ROOT;10016;14;10013;12;;;10029;15;10032;9;;;10022.5;0.0
av_WHEAT_d11;20000;ASH_COATED_OSMIUM;9919;13;9916;23;;;9925;8;9927;22;;;9922.0;0.0
av_WHEAT_d11;20000;INTARIAN_PEPPER_ROOT;10019;12;10017;10;;;10025;27;10029;18;;;10022.0;0.0
av_WHEAT_d11;20100;ASH_COATED_OSMIUM;9920;14;9918;24;;;9926;11;9928;12;;;9923.0;0.0
av_WHEAT_d11;20100;INTARIAN_PEPPER_ROOT;10020;19;10018;13;;;10026;22;10029;18;;;10023.0;0.0
av_WHEAT_d11;20200;ASH_COATED_OSMIUM;9920;22;9916;20;;;9926;5;9929;19;;;9923.0;0.0
av_WHEAT_d11;20200;INTARIAN_PEPPER_ROOT;10019;13;10016;21;;;10025;23;10027;23;;;10022.0;0.0
av_WHEAT_d11;20300;ASH_COATED_OSMIUM;9914;15;9912;18;;;9931;18;9934;19;;;9922.5;0.0
av_WHEAT_d11;20300;INTARIAN_PEPPER_ROOT;10018;10;10016;22;;;10026;9;10030;14;;;10022.0;0.0
av_WHEAT_d11;20400;ASH_COATED_OSMIUM;9917;12;9914;16;;;9928;11;9932;20;;;9922.5;0.0
av_WHEAT_d11;20400;INTARIAN_PEPPER_ROOT;10012;18;10008;20;;;10030;17;10033;22;;;10021.0;0.0
av_WHEAT_d11;20500;ASH_COATED_OSMIUM;9919;9;9916;16;;;9926;6;9928;22;;;9922.5;0.0
av_WHEAT_d11;20500;INTARIAN_PEPPER_ROOT;10016;18;10012;17;;;10028;13;10031;25;;;10022.0;0.0
av_WHEAT_d11;20600;ASH_COATED_OSMIUM;9920;10;9917;17;;;9926;16;9930;18;;;9923.0;0.0
av_WHEAT_d11;20600;INTARIAN_PEPPER_ROOT;10019;14;10017;12;;;10025;22;10028;22;;;10022.0;0.0
av_WHEAT_d11;20700;ASH_COATED_OSMIUM;9919;7;9915;24;;;9926;11;9929;20;;;9922.5;0.0
av_WHEAT_d11;20700;INTARIAN_PEPPER_ROOT;10016;16;10014;26;;;10027;13;10030;21;;;10021.5;0.0
av_WHEAT_d11;20800;ASH_COATED_OSMIUM;9917;11;9914;21;;;9928;11;9931;23;;;9922.5;0.0
av_WHEAT_d11;20800;INTARIAN_PEPPER_ROOT;10018;14;10014;22;;;10024;16;10026;18;;;10021.0;0.0
av_WHEAT_d11;20900;ASH_COATED_OSMIUM;9917;10;9915;17;;;9930;11;9933;18;;;9923.5;0.0
av_WHEAT_d11;20900;INTARIAN_PEPPER_ROOT;10018;15;10015;30;;;10024;8;10028;9;;;10021.0;0.0
av_WHEAT_d11;21000;ASH_COATED_OSMIUM;9921;17;9918;11;;;9927;12;9931;25;;;9924.0;0.0
av_WHEAT_d11;21000;INTARIAN_PEPPER_ROOT;10015;22;10013;16;;;10027;12;10029;20;;;10021.0;0.0
av_WHEAT_d11;21100;ASH_COATED_OSMIUM;9915;17;9911;19;;;9932;13;9936;18;;;9923.5;0.0
av_WHEAT_d11;21100;INTARIAN_PEPPER_ROOT;10013;24;10011;20;;;10029;5;10033;21;;;10021.0;0.0
av_WHEAT_d11;21200;ASH_COATED_OSMIUM;9910;6;9908;17;;;9936;15;9938;23;;;9923.0;0.0
av_WHEAT_d11;21200;INTARIAN_PEPPER_ROOT;10017;14;10015;19;;;10023;13;10026;20;;;10020.0;0.0
av_WHEAT_d11;21300;ASH_COATED_OSMIUM;9920;12;9916;16;;;9926;26;9929;16;;;9923.0;0.0
av_WHEAT_d11;21300;INTARIAN_PEPPER_ROOT;10018;11;10015;18;;;10024;15;10026;18;;;10021.0;0.0
av_WHEAT_d11;21400;ASH_COATED_OSMIUM;9920;13;9916;18;;;9926;14;9929;14;;;9923.0;0.0
av_WHEAT_d11;21400;INTARIAN_PEPPER_ROOT;10017;9;10014;17;;;10023;8;10025;18;;;10020.0;0.0
av_WHEAT_d11;21500;ASH_COATED_OSMIUM;9907;9;9904;21;;;9942;11;9945;18;;;9924.5;0.0
av_WHEAT_d11;21500;INTARIAN_PEPPER_ROOT;10017;19;10014;17;;;10023;14;10025;21;;;10020.0;0.0
av_WHEAT_d11;21600;ASH_COATED_OSMIUM;9909;11;9907;15;;;9939;23;9941;19;;;9924.0;0.0
av_WHEAT_d11;21600;INTARIAN_PEPPER_ROOT;10000;13;9998;20;;;10040;12;10042;8;;;10020.0;0.0
av_WHEAT_d11;21700;ASH_COATED_OSMIUM;9921;15;9917;23;;;9927;17;9931;16;;;9924.0;0.0
av_WHEAT_d11;21700;INTARIAN_PEPPER_ROOT;10012;17;10010;17;;;10028;17;10031;26;;;10020.0;0.0
av_WHEAT_d11;21800;ASH_COATED_OSMIUM;9920;10;9917;16;;;9928;10;9931;19;;;9924.0;0.0
av_WHEAT_d11;21800;INTARIAN_PEPPER_ROOT;10016;20;10012;19;;;10023;23;10025;21;;;10019.5;0.0
av_WHEAT_d11;21900;ASH_COATED_OSMIUM;9921;15;9919;24;;;9927;11;9931;14;;;9924.0;0.0
av_WHEAT_d11;21900;INTARIAN_PEPPER_ROOT;10016;28;10014;14;;;10022;12;10024;20;;;10019.0;0.0
av_WHEAT_d11;22000;ASH_COATED_OSMIUM;9920;17;9917;22;;;9928;14;9931;18;;;9924.0;0.0
av_WHEAT_d11;22000;INTARIAN_PEPPER_ROOT;10016;11;10013;18;;;10022;17;10024;17;;;10019.0;0.0
av_WHEAT_d11;22100;ASH_COATED_OSMIUM;9921;5;9917;21;;;9927;14;9931;19;;;9924.0;0.0
av_WHEAT_d11;22100;INTARIAN_PEPPER_ROOT;10016;19;10014;28;;;10023;17;10025;20;;;10019.5;0.0
av_WHEAT_d11;22200;ASH_COATED_OSMIUM;9916;5;9913;18;;;9932;19;9936;19;;;9924.0;0.0
av_WHEAT_d11;22200;INTARIAN_PEPPER_ROOT;10016;20;10014;29;;;10022;12;10026;18;;;10019.0;0.0
av_WHEAT_d11;22300;ASH_COATED_OSMIUM;9921;7;9917;14;;;9927;30;9930;15;;;9924.0;0.0
av_WHEAT_d11;22300;INTARIAN_PEPPER_ROOT;10016;14;10013;14;;;10022;12;10025;20;;;10019.0;0.0
av_WHEAT_d11;22400;ASH_COATED_OSMIUM;9921;6;9917;23;;;9927;8;9929;12;;;9924.0;0.0
av_WHEAT_d11;22400;INTARIAN_PEPPER_ROOT;10016;21;10013;23;;;10022;24;10024;10;;;10019.0;0.0
av_WHEAT_d11;22500;ASH_COATED_OSMIUM;9919;15;9915;15;;;9929;14;9933;16;;;9924.0;0.0
av_WHEAT_d11;22500;INTARIAN_PEPPER_ROOT;10016;18;10013;24;;;10022;18;10024;14;;;10019.0;0.0
av_WHEAT_d11;22600;ASH_COATED_OSMIUM;9919;19;9916;22;;;9930;15;9934;24;;;9924.5;0.0
av_WHEAT_d11;22600;INTARIAN_PEPPER_ROOT;10015;15;10011;21;;;10022;18;10024;26;;;10018.5;0.0
av_WHEAT_d11;22700;ASH_COATED_OSMIUM;9921;10;9918;22;;;9928;18;9932;18;;;9924.5;0.0
av_WHEAT_d11;22700;INTARIAN_PEPPER_ROOT;10015;19;10011;23;;;10022;16;10025;23;;;10018.5;0.0
av_WHEAT_d11;22800;ASH_COATED_OSMIUM;9922;10;9919;14;;;9928;15;9932;16;;;9925.0;0.0
av_WHEAT_d11;22800;INTARIAN_PEPPER_ROOT;10011;12;10008;28;;;10025;8;10029;17;;;10018.0;0.0
av_WHEAT_d11;22900;ASH_COATED_OSMIUM;9920;22;9916;24;;;9930;13;9932;28;;;9925.0;0.0
av_WHEAT_d11;22900;INTARIAN_PEPPER_ROOT;10009;11;10006;14;;;10025;13;10029;17;;;10017.0;0.0
av_WHEAT_d11;23000;ASH_COATED_OSMIUM;9921;16;9917;26;;;9929;14;9932;20;;;9925.0;0.0
av_WHEAT_d11;23000;INTARIAN_PEPPER_ROOT;10012;14;10009;17;;;10024;10;10027;19;;;10018.0;0.0
av_WHEAT_d11;23100;ASH_COATED_OSMIUM;9922;24;9919;12;;;9928;16;9932;22;;;9925.0;0.0
av_WHEAT_d11;23100;INTARIAN_PEPPER_ROOT;10014;16;10011;18;;;10022;14;10024;22;;;10018.0;0.0
av_WHEAT_d11;23200;ASH_COATED_OSMIUM;9922;15;9920;20;;;9928;17;9931;22;;;9925.0;0.0
av_WHEAT_d11;23200;INTARIAN_PEPPER_ROOT;10011;19;10009;25;;;10022;21;10025;13;;;10016.5;0.0
av_WHEAT_d11;23300;ASH_COATED_OSMIUM;9921;18;9918;22;;;9927;12;9929;17;;;9924.0;0.0
av_WHEAT_d11;23300;INTARIAN_PEPPER_ROOT;10003;16;10001;24;;;10030;9;10032;20;;;10016.5;0.0
av_WHEAT_d11;23400;ASH_COATED_OSMIUM;9922;15;9919;14;;;9928;14;9931;25;;;9925.0;0.0
av_WHEAT_d11;23400;INTARIAN_PEPPER_ROOT;10014;16;10010;20;;;10020;9;10023;13;;;10017.0;0.0
av_WHEAT_d11;23500;ASH_COATED_OSMIUM;9923;9;9919;21;;;9929;11;9932;13;;;9926.0;0.0
av_WHEAT_d11;23500;INTARIAN_PEPPER_ROOT;10014;19;10010;21;;;10020;14;10024;20;;;10017.0;0.0
av_WHEAT_d11;23600;ASH_COATED_OSMIUM;9914;21;9911;18;;;9937;13;9940;8;;;9925.5;0.0
av_WHEAT_d11;23600;INTARIAN_PEPPER_ROOT;10014;22;10010;25;;;10020;11;10023;24;;;10017.0;0.0
av_WHEAT_d11;23700;ASH_COATED_OSMIUM;9922;11;9918;23;;;9928;12;9931;17;;;9925.0;0.0
av_WHEAT_d11;23700;INTARIAN_PEPPER_ROOT;10013;5;10009;23;;;10019;18;10023;26;;;10016.0;0.0
av_WHEAT_d11;23800;ASH_COATED_OSMIUM;9922;18;9919;21;;;9928;12;9930;18;;;9925.0;0.0
av_WHEAT_d11;23800;INTARIAN_PEPPER_ROOT;10012;17;10008;11;;;10019;6;10022;17;;;10015.5;0.0
av_WHEAT_d11;23900;ASH_COATED_OSMIUM;9910;13;9908;22;;;9941;12;9943;22;;;9925.5;0.0
av_WHEAT_d11;23900;INTARIAN_PEPPER_ROOT;10011;15;10008;12;;;10020;24;10022;15;;;10015.5;0.0
av_WHEAT_d11;24000;ASH_COATED_OSMIUM;9923;8;9921;23;;;9929;24;9933;34;;;9926.0;0.0
av_WHEAT_d11;24000;INTARIAN_PEPPER_ROOT;10013;5;10010;26;;;10019;25;10022;20;;;10016.0;0.0
av_WHEAT_d11;24100;ASH_COATED_OSMIUM;9922;9;9918;18;;;9931;15;9935;25;;;9926.5;0.0
av_WHEAT_d11;24100;INTARIAN_PEPPER_ROOT;10012;18;10008;25;;;10020;16;10023;13;;;10016.0;0.0
av_WHEAT_d11;24200;ASH_COATED_OSMIUM;9923;13;9919;16;;;9929;15;9933;16;;;9926.0;0.0
av_WHEAT_d11;24200;INTARIAN_PEPPER_ROOT;10007;22;10004;17;;;10023;5;10025;20;;;10015.0;0.0
av_WHEAT_d11;24300;ASH_COATED_OSMIUM;9920;15;9917;22;;;9931;18;9935;23;;;9925.5;0.0
av_WHEAT_d11;24300;INTARIAN_PEPPER_ROOT;10013;15;10011;21;;;10019;9;10021;28;;;10016.0;0.0
av_WHEAT_d11;24400;ASH_COATED_OSMIUM;9923;5;9921;24;;;9929;18;9933;18;;;9926.0;0.0
av_WHEAT_d11;24400;INTARIAN_PEPPER_ROOT;10012;15;10008;12;;;10018;10;10021;19;;;10015.0;0.0
av_WHEAT_d11;24500;ASH_COATED_OSMIUM;9923;6;9919;19;;;9929;7;9931;23;;;9926.0;0.0
av_WHEAT_d11;24500;INTARIAN_PEPPER_ROOT;10012;17;10008;17;;;10018;28;10020;12;;;10015.0;0.0
av_WHEAT_d11;24600;ASH_COATED_OSMIUM;9918;22;9915;23;;;9934;9;9937;17;;;9926.0;0.0
av_WHEAT_d11;24600;INTARIAN_PEPPER_ROOT;10012;17;10009;20;;;10018;9;10021;16;;;10015.0;0.0
av_WHEAT_d11;24700;ASH_COATED_OSMIUM;9922;15;9918;16;;;9930;18;9934;18;;;9926.0;0.0
av_WHEAT_d11;24700;INTARIAN_PEPPER_ROOT;10012;7;10010;21;;;10018;18;10022;15;;;10015.0;0.0
av_WHEAT_d11;24800;ASH_COATED_OSMIUM;9923;9;9919;16;;;9929;21;9933;15;;;9926.0;0.0
av_WHEAT_d11;24800;INTARIAN_PEPPER_ROOT;10012;20;10010;19;;;10018;9;10021;17;;;10015.0;0.0
av_WHEAT_d11;24900;ASH_COATED_OSMIUM;9923;11;9920;18;;;9929;5;9932;20;;;9926.0;0.0
av_WHEAT_d11;24900;INTARIAN_PEPPER_ROOT;10011;20;10009;20;;;10017;10;10019;20;;;10014.0;0.0
av_WHEAT_d11;25000;ASH_COATED_OSMIUM;9923;14;9921;19;;;9929;13;9932;23;;;9926.0;0.0
av_WHEAT_d11;25000;INTARIAN_PEPPER_ROOT;10011;15;10007;17;;;10017;11;10020;22;;;10014.0;0.0
av_WHEAT_d11;25100;ASH_COATED_OSMIUM;9923;18;9919;28;;;9929;13;9932;24;;;9926.0;0.0
av_WHEAT_d11;25100;INTARIAN_PEPPER_ROOT;10011;11;10009;27;;;10017;18;10019;16;;;10014.0;0.0
av_WHEAT_d11;25200;ASH_COATED_OSMIUM;9922;19;9920;19;;;9931;13;9934;18;;;9926.5;0.0
av_WHEAT_d11;25200;INTARIAN_PEPPER_ROOT;10009;17;10007;15;;;10019;5;10023;20;;;10014.0;0.0
av_WHEAT_d11;25300;ASH_COATED_OSMIUM;9923;18;9921;27;;;9929;22;9933;21;;;9926.0;0.0
av_WHEAT_d11;25300;INTARIAN_PEPPER_ROOT;10011;23;10009;16;;;10017;12;10020;20;;;10014.0;0.0
av_WHEAT_d11;25400;ASH_COATED_OSMIUM;9924;16;9922;19;;;9930;20;9934;21;;;9927.0;0.0
av_WHEAT_d11;25400;INTARIAN_PEPPER_ROOT;10011;17;10007;28;;;10017;23;10019;19;;;10014.0;0.0
av_WHEAT_d11;25500;ASH_COATED_OSMIUM;9923;24;9919;22;;;9929;8;9933;14;;;9926.0;0.0
av_WHEAT_d11;25500;INTARIAN_PEPPER_ROOT;10009;16;10006;16;;;10019;17;10021;21;;;10014.0;0.0
av_WHEAT_d11;25600;ASH_COATED_OSMIUM;9924;13;9920;25;;;9930;15;9932;13;;;9927.0;0.0
av_WHEAT_d11;25600;INTARIAN_PEPPER_ROOT;10002;8;9999;19;;;10024;17;10027;20;;;10013.0;0.0
av_WHEAT_d11;25700;ASH_COATED_OSMIUM;9924;13;9920;26;;;9931;19;9935;14;;;9927.5;0.0
av_WHEAT_d11;25700;INTARIAN_PEPPER_ROOT;10011;18;10007;20;;;10017;14;10019;18;;;10014.0;0.0
av_WHEAT_d11;25800;ASH_COATED_OSMIUM;9919;17;9917;20;;;9936;11;9938;18;;;9927.5;0.0
av_WHEAT_d11;25800;INTARIAN_PEPPER_ROOT;10010;5;10006;23;;;10016;10;10020;21;;;10013.0;0.0
av_WHEAT_d11;25900;ASH_COATED_OSMIUM;9924;25;9920;27;;;9930;14;9934;19;;;9927.0;0.0
av_WHEAT_d11;25900;INTARIAN_PEPPER_ROOT;10010;12;10008;26;;;10016;13;10020;15;;;10013.0;0.0
av_WHEAT_d11;26000;ASH_COATED_OSMIUM;9923;16;9919;12;;;9931;12;9934;17;;;9927.0;0.0
av_WHEAT_d11;26000;INTARIAN_PEPPER_ROOT;10010;18;10008;24;;;10016;15;10020;16;;;10013.0;0.0
av_WHEAT_d11;26100;ASH_COATED_OSMIUM;9924;14;9922;19;;;9930;19;9932;21;;;9927.0;0.0
av_WHEAT_d11;26100;INTARIAN_PEPPER_ROOT;10003;9;10000;25;;;10022;20;10026;13;;;10012.5;0.0
av_WHEAT_d11;26200;ASH_COATED_OSMIUM;9925;18;9923;24;;;9931;10;9935;25;;;9928.0;0.0
av_WHEAT_d11;26200;INTARIAN_PEPPER_ROOT;10009;21;10005;23;;;10015;9;10017;25;;;10012.0;0.0
av_WHEAT_d11;26300;ASH_COATED_OSMIUM;9924;16;9922;17;;;9930;17;9934;13;;;9927.0;0.0
av_WHEAT_d11;26300;INTARIAN_PEPPER_ROOT;10003;16;9999;21;;;10019;18;10022;21;;;10011.0;0.0
av_WHEAT_d11;26400;ASH_COATED_OSMIUM;9925;12;9923;17;;;9931;13;9935;15;;;9928.0;0.0
av_WHEAT_d11;26400;INTARIAN_PEPPER_ROOT;10008;17;10005;26;;;10017;13;10019;21;;;10012.5;0.0
av_WHEAT_d11;26500;ASH_COATED_OSMIUM;9924;14;9921;22;;;9930;17;9934;25;;;9927.0;0.0
av_WHEAT_d11;26500;INTARIAN_PEPPER_ROOT;10009;16;10007;16;;;10015;12;10017;15;;;10012.0;0.0
av_WHEAT_d11;26600;ASH_COATED_OSMIUM;9925;8;9922;20;;;9932;18;9935;14;;;9928.5;0.0
av_WHEAT_d11;26600;INTARIAN_PEPPER_ROOT;10004;11;10000;17;;;10020;14;10022;18;;;10012.0;0.0
av_WHEAT_d11;26700;ASH_COATED_OSMIUM;9925;17;9921;16;;;9931;15;9933;23;;;9928.0;0.0
av_WHEAT_d11;26700;INTARIAN_PEPPER_ROOT;10008;16;10004;22;;;10015;25;10019;22;;;10011.5;0.0
av_WHEAT_d11;26800;ASH_COATED_OSMIUM;9925;11;9923;24;;;9931;12;9933;26;;;9928.0;0.0
av_WHEAT_d11;26800;INTARIAN_PEPPER_ROOT;10008;12;10004;26;;;10014;15;10018;15;;;10011.0;0.0
av_WHEAT_d11;26900;ASH_COATED_OSMIUM;9921;10;9917;20;;;9936;15;9939;24;;;9928.5;0.0
av_WHEAT_d11;26900;INTARIAN_PEPPER_ROOT;10006;18;10002;25;;;10016;14;10018;21;;;10011.0;0.0
av_WHEAT_d11;27000;ASH_COATED_OSMIUM;9925;13;9922;20;;;9931;17;9935;18;;;9928.0;0.0
av_WHEAT_d11;27000;INTARIAN_PEPPER_ROOT;10008;13;10005;25;;;10014;17;10017;25;;;10011.0;0.0
av_WHEAT_d11;27100;ASH_COATED_OSMIUM;9923;15;9919;8;;;9934;10;9938;20;;;9928.5;0.0
av_WHEAT_d11;27100;INTARIAN_PEPPER_ROOT;10007;12;10003;11;;;10013;12;10016;24;;;10010.0;0.0
av_WHEAT_d11;27200;ASH_COATED_OSMIUM;9925;14;9921;15;;;9931;13;9934;15;;;9928.0;0.0
av_WHEAT_d11;27200;INTARIAN_PEPPER_ROOT;10004;6;10000;23;;;10017;14;10021;17;;;10010.5;0.0
av_WHEAT_d11;27300;ASH_COATED_OSMIUM;9921;21;9918;21;;;9935;13;9939;27;;;9928.0;0.0
av_WHEAT_d11;27300;INTARIAN_PEPPER_ROOT;10001;14;9998;25;;;10020;19;10022;30;;;10010.5;0.0
av_WHEAT_d11;27400;ASH_COATED_OSMIUM;9925;20;9923;27;;;9931;12;9933;26;;;9928.0;0.0
av_WHEAT_d11;27400;INTARIAN_PEPPER_ROOT;10007;8;10004;22;;;10013;12;10017;13;;;10010.0;0.0
av_WHEAT_d11;27500;ASH_COATED_OSMIUM;9913;11;9909;18;;;9944;12;9946;23;;;9928.5;0.0
av_WHEAT_d11;27500;INTARIAN_PEPPER_ROOT;10003;14;9999;19;;;10016;11;10018;22;;;10009.5;0.0
av_WHEAT_d11;27600;ASH_COATED_OSMIUM;9925;25;9923;14;;;9931;11;9934;16;;;9928.0;0.0
av_WHEAT_d11;27600;INTARIAN_PEPPER_ROOT;10007;17;10004;18;;;10013;20;10015;10;;;10010.0;0.0
av_WHEAT_d11;27700;ASH_COATED_OSMIUM;9925;12;9923;13;;;9931;14;9934;14;;;9928.0;0.0
av_WHEAT_d11;27700;INTARIAN_PEPPER_ROOT;10000;12;9997;16;;;10018;9;10021;29;;;10009.0;0.0
av_WHEAT_d11;27800;ASH_COATED_OSMIUM;9923;13;9920;19;;;9933;19;9937;24;;;9928.0;0.0
av_WHEAT_d11;27800;INTARIAN_PEPPER_ROOT;10007;22;10005;17;;;10013;19;10015;24;;;10010.0;0.0
av_WHEAT_d11;27900;ASH_COATED_OSMIUM;9922;10;9919;19;;;9934;20;9937;31;;;9928.0;0.0
av_WHEAT_d11;27900;INTARIAN_PEPPER_ROOT;10006;12;10003;24;;;10013;16;10015;28;;;10009.5;0.0
av_WHEAT_d11;28000;ASH_COATED_OSMIUM;9926;18;9924;24;;;9932;20;9934;21;;;9929.0;0.0
av_WHEAT_d11;28000;INTARIAN_PEPPER_ROOT;10003;12;9999;16;;;10013;18;10017;16;;;10008.0;0.0
av_WHEAT_d11;28100;ASH_COATED_OSMIUM;9925;10;9922;27;;;9931;12;9934;17;;;9928.0;0.0
av_WHEAT_d11;28100;INTARIAN_PEPPER_ROOT;10006;18;10004;28;;;10012;12;10016;22;;;10009.0;0.0
av_WHEAT_d11;28200;ASH_COATED_OSMIUM;9923;21;9921;15;;;9934;21;9938;23;;;9928.5;0.0
av_WHEAT_d11;28200;INTARIAN_PEPPER_ROOT;10006;9;10002;30;;;10012;8;10014;17;;;10009.0;0.0
av_WHEAT_d11;28300;ASH_COATED_OSMIUM;9926;12;9923;19;;;9932;13;9934;17;;;9929.0;0.0
av_WHEAT_d11;28300;INTARIAN_PEPPER_ROOT;10006;17;10002;16;;;10012;9;10015;27;;;10009.0;0.0
av_WHEAT_d11;28400;ASH_COATED_OSMIUM;9924;15;9921;26;;;9933;8;9936;16;;;9928.5;0.0
av_WHEAT_d11;28400;INTARIAN_PEPPER_ROOT;10006;13;10003;24;;;10012;14;10016;18;;;10009.0;0.0
av_WHEAT_d11;28500;ASH_COATED_OSMIUM;9926;5;9923;18;;;9932;10;9934;15;;;9929.0;0.0
av_WHEAT_d11;28500;INTARIAN_PEPPER_ROOT;9999;16;9996;25;;;10016;14;10018;15;;;10007.5;0.0
av_WHEAT_d11;28600;ASH_COATED_OSMIUM;9926;11;9923;23;;;9932;21;9934;8;;;9929.0;0.0
av_WHEAT_d11;28600;INTARIAN_PEPPER_ROOT;10005;13;10001;24;;;10011;11;10014;20;;;10008.0;0.0
av_WHEAT_d11;28700;ASH_COATED_OSMIUM;9926;22;9922;15;;;9932;5;9936;13;;;9929.0;0.0
av_WHEAT_d11;28700;INTARIAN_PEPPER_ROOT;10004;15;10000;19;;;10012;19;10015;25;;;10008.0;0.0
av_WHEAT_d11;28800;ASH_COATED_OSMIUM;9927;20;9924;22;;;9933;5;9935;13;;;9930.0;0.0
av_WHEAT_d11;28800;INTARIAN_PEPPER_ROOT;10005;19;10003;27;;;10011;19;10014;19;;;10008.0;0.0
av_WHEAT_d11;28900;ASH_COATED_OSMIUM;9926;10;9922;18;;;9932;16;9935;20;;;9929.0;0.0
av_WHEAT_d11;28900;INTARIAN_PEPPER_ROOT;10005;23;10001;15;;;10011;18;10015;14;;;10008.0;0.0
av_WHEAT_d11;29000;ASH_COATED_OSMIUM;9925;10;9922;21;;;9932;12;9935;18;;;9928.5;0.0
av_WHEAT_d11;29000;INTARIAN_PEPPER_ROOT;10004;11;10000;20;;;10011;15;10015;16;;;10007.5;0.0
av_WHEAT_d11;29100;ASH_COATED_OSMIUM;9927;14;9924;20;;;9933;11;9937;25;;;9930.0;0.0
av_WHEAT_d11;29100;INTARIAN_PEPPER_ROOT;9964;15;9961;11;;;10052;15;10054;24;;;10008.0;0.0
av_WHEAT_d11;29200;ASH_COATED_OSMIUM;9921;10;9918;24;;;9938;10;9942;25;;;9929.5;0.0
av_WHEAT_d11;29200;INTARIAN_PEPPER_ROOT;10004;17;10001;21;;;10010;15;10014;18;;;10007.0;0.0
av_WHEAT_d11;29300;ASH_COATED_OSMIUM;9927;17;9924;18;;;9933;26;9937;18;;;9930.0;0.0
av_WHEAT_d11;29300;INTARIAN_PEPPER_ROOT;10004;8;10001;22;;;10010;19;10013;9;;;10007.0;0.0
av_WHEAT_d11;29400;ASH_COATED_OSMIUM;9927;11;9924;15;;;9933;17;9935;15;;;9930.0;0.0
av_WHEAT_d11;29400;INTARIAN_PEPPER_ROOT;10004;20;10002;15;;;10010;19;10012;24;;;10007.0;0.0
av_WHEAT_d11;29500;ASH_COATED_OSMIUM;9927;17;9923;15;;;9933;20;9936;15;;;9930.0;0.0
av_WHEAT_d11;29500;INTARIAN_PEPPER_ROOT;10003;14;9999;14;;;10009;17;10011;29;;;10006.0;0.0
av_WHEAT_d11;29600;ASH_COATED_OSMIUM;9925;10;9921;17;;;9935;19;9939;28;;;9930.0;0.0
av_WHEAT_d11;29600;INTARIAN_PEPPER_ROOT;10003;11;10001;14;;;10009;18;10013;26;;;10006.0;0.0
av_WHEAT_d11;29700;ASH_COATED_OSMIUM;9927;5;9924;16;;;9933;13;9937;24;;;9930.0;0.0
av_WHEAT_d11;29700;INTARIAN_PEPPER_ROOT;10003;15;9999;14;;;10009;7;10012;17;;;10006.0;0.0
av_WHEAT_d11;29800;ASH_COATED_OSMIUM;9927;9;9923;31;;;9933;14;9935;22;;;9930.0;0.0
av_WHEAT_d11;29800;INTARIAN_PEPPER_ROOT;10004;14;10002;12;;;10010;17;10014;17;;;10007.0;0.0
av_WHEAT_d11;29900;ASH_COATED_OSMIUM;9927;11;9925;20;;;9933;18;9936;26;;;9930.0;0.0
av_WHEAT_d11;29900;INTARIAN_PEPPER_ROOT;10003;18;10001;21;;;10009;17;10013;13;;;10006.0;0.0
av_WHEAT_d11;30000;ASH_COATED_OSMIUM;9925;8;9922;20;;;9935;16;9938;17;;;9930.0;0.0
av_WHEAT_d11;30000;INTARIAN_PEPPER_ROOT;10003;5;10000;23;;;10009;19;10011;8;;;10006.0;0.0
av_WHEAT_d11;30100;ASH_COATED_OSMIUM;9916;20;9914;31;;;9944;14;9946;24;;;9930.0;0.0
av_WHEAT_d11;30100;INTARIAN_PEPPER_ROOT;9987;17;9985;17;;;10025;18;10028;13;;;10006.0;0.0
av_WHEAT_d11;30200;ASH_COATED_OSMIUM;9927;15;9923;22;;;9933;23;9935;16;;;9930.0;0.0
av_WHEAT_d11;30200;INTARIAN_PEPPER_ROOT;10002;26;9998;25;;;10008;21;10011;13;;;10005.0;0.0
av_WHEAT_d11;30300;ASH_COATED_OSMIUM;9922;20;9918;23;;;9939;14;9943;30;;;9930.5;0.0
av_WHEAT_d11;30300;INTARIAN_PEPPER_ROOT;10002;17;9999;25;;;10008;13;10010;26;;;10005.0;0.0
av_WHEAT_d11;30400;ASH_COATED_OSMIUM;9926;12;9922;23;;;9935;14;9939;21;;;9930.5;0.0
av_WHEAT_d11;30400;INTARIAN_PEPPER_ROOT;10002;12;9999;17;;;10008;20;10011;31;;;10005.0;0.0
av_WHEAT_d11;30500;ASH_COATED_OSMIUM;9926;13;9923;19;;;9934;18;9936;21;;;9930.0;0.0
av_WHEAT_d11;30500;INTARIAN_PEPPER_ROOT;10002;16;10000;16;;;10008;18;10011;12;;;10005.0;0.0
av_WHEAT_d11;30600;ASH_COATED_OSMIUM;9927;5;9924;16;;;9933;21;9936;32;;;9930.0;0.0
av_WHEAT_d11;30600;INTARIAN_PEPPER_ROOT;9999;9;9996;19;;;10010;10;10013;21;;;10004.5;0.0
av_WHEAT_d11;30700;ASH_COATED_OSMIUM;9928;21;9925;20;;;9934;8;9938;17;;;9931.0;0.0
av_WHEAT_d11;30700;INTARIAN_PEPPER_ROOT;10002;17;9999;14;;;10008;15;10011;10;;;10005.0;0.0
av_WHEAT_d11;30800;ASH_COATED_OSMIUM;9921;16;9918;17;;;9940;8;9942;12;;;9930.5;0.0
av_WHEAT_d11;30800;INTARIAN_PEPPER_ROOT;10002;18;10000;22;;;10008;21;10011;20;;;10005.0;0.0
av_WHEAT_d11;30900;ASH_COATED_OSMIUM;9918;9;9914;17;;;9943;21;9947;13;;;9930.5;0.0
av_WHEAT_d11;30900;INTARIAN_PEPPER_ROOT;10002;18;9998;17;;;10008;16;10012;17;;;10005.0;0.0
av_WHEAT_d11;31000;ASH_COATED_OSMIUM;9927;6;9923;16;;;9934;19;9936;23;;;9930.5;0.0
av_WHEAT_d11;31000;INTARIAN_PEPPER_ROOT;10000;20;9996;22;;;10009;9;10011;23;;;10004.5;0.0
av_WHEAT_d11;31100;ASH_COATED_OSMIUM;9927;16;9924;19;;;9933;6;9936;22;;;9930.0;0.0
av_WHEAT_d11;31100;INTARIAN_PEPPER_ROOT;10001;21;9997;13;;;10009;19;10013;33;;;10005.0;0.0
av_WHEAT_d11;31200;ASH_COATED_OSMIUM;9928;5;9925;14;;;9934;11;9938;20;;;9931.0;0.0
av_WHEAT_d11;31200;INTARIAN_PEPPER_ROOT;10000;23;9998;15;;;10008;7;10012;17;;;10004.0;0.0
av_WHEAT_d11;31300;ASH_COATED_OSMIUM;9929;8;9927;20;;;9935;11;9939;25;;;9932.0;0.0
av_WHEAT_d11;31300;INTARIAN_PEPPER_ROOT;10001;11;9998;19;;;10007;11;10010;20;;;10004.0;0.0
av_WHEAT_d11;31400;ASH_COATED_OSMIUM;9925;12;9922;18;;;9938;18;9940;13;;;9931.5;0.0
av_WHEAT_d11;31400;INTARIAN_PEPPER_ROOT;10000;12;9996;24;;;10006;18;10008;16;;;10003.0;0.0
av_WHEAT_d11;31500;ASH_COATED_OSMIUM;9925;17;9923;12;;;9938;18;9942;19;;;9931.5;0.0
av_WHEAT_d11;31500;INTARIAN_PEPPER_ROOT;10000;13;9997;27;;;10006;12;10008;13;;;10003.0;0.0
av_WHEAT_d11;31600;ASH_COATED_OSMIUM;9927;14;9923;28;;;9937;14;9941;26;;;9932.0;0.0
av_WHEAT_d11;31600;INTARIAN_PEPPER_ROOT;9999;14;9995;17;;;10007;7;10009;18;;;10003.0;0.0
av_WHEAT_d11;31700;ASH_COATED_OSMIUM;9928;10;9926;21;;;9934;19;9936;22;;;9931.0;0.0
av_WHEAT_d11;31700;INTARIAN_PEPPER_ROOT;10000;17;9997;17;;;10006;12;10008;24;;;10003.0;0.0
av_WHEAT_d11;31800;ASH_COATED_OSMIUM;9928;20;9924;21;;;9935;14;9937;15;;;9931.5;0.0
av_WHEAT_d11;31800;INTARIAN_PEPPER_ROOT;10000;11;9997;22;;;10006;24;10008;24;;;10003.0;0.0
av_WHEAT_d11;31900;ASH_COATED_OSMIUM;9927;10;9923;16;;;9936;5;9938;22;;;9931.5;0.0
av_WHEAT_d11;31900;INTARIAN_PEPPER_ROOT;9998;22;9996;27;;;10008;17;10012;11;;;10003.0;0.0
av_WHEAT_d11;32000;ASH_COATED_OSMIUM;9927;20;9925;25;;;9936;5;9940;23;;;9931.5;0.0
av_WHEAT_d11;32000;INTARIAN_PEPPER_ROOT;9996;22;9994;12;;;10008;19;10011;25;;;10002.0;0.0
av_WHEAT_d11;32100;ASH_COATED_OSMIUM;9929;13;9925;11;;;9935;18;9937;13;;;9932.0;0.0
av_WHEAT_d11;32100;INTARIAN_PEPPER_ROOT;10000;21;9996;21;;;10006;23;10008;23;;;10003.0;0.0
av_WHEAT_d11;32200;ASH_COATED_OSMIUM;9928;16;9925;21;;;9934;13;9937;15;;;9931.0;0.0
av_WHEAT_d11;32200;INTARIAN_PEPPER_ROOT;10000;25;9998;23;;;10006;18;10009;23;;;10003.0;0.0
av_WHEAT_d11;32300;ASH_COATED_OSMIUM;9929;17;9925;21;;;9935;14;9937;20;;;9932.0;0.0
av_WHEAT_d11;32300;INTARIAN_PEPPER_ROOT;9999;9;9996;25;;;10005;17;10008;23;;;10002.0;0.0
av_WHEAT_d11;32400;ASH_COATED_OSMIUM;9929;12;9926;26;;;9935;20;9939;20;;;9932.0;0.0
av_WHEAT_d11;32400;INTARIAN_PEPPER_ROOT;9999;16;9996;14;;;10005;10;10009;25;;;10002.0;0.0
av_WHEAT_d11;32500;ASH_COATED_OSMIUM;9929;25;9927;15;;;9935;17;9937;18;;;9932.0;0.0
av_WHEAT_d11;32500;INTARIAN_PEPPER_ROOT;9999;11;9995;20;;;10005;24;10008;25;;;10002.0;0.0
av_WHEAT_d11;32600;ASH_COATED_OSMIUM;9928;21;9926;15;;;9934;10;9938;27;;;9931.0;0.0
av_WHEAT_d11;32600;INTARIAN_PEPPER_ROOT;9994;11;9991;20;;;10009;10;10011;17;;;10001.5;0.0
av_WHEAT_d11;32700;ASH_COATED_OSMIUM;9927;26;9923;20;;;9937;18;9939;23;;;9932.0;0.0
av_WHEAT_d11;32700;INTARIAN_PEPPER_ROOT;9998;25;9995;27;;;10004;9;10008;15;;;10001.0;0.0
av_WHEAT_d11;32800;ASH_COATED_OSMIUM;9929;19;9925;13;;;9935;20;9937;18;;;9932.0;0.0
av_WHEAT_d11;32800;INTARIAN_PEPPER_ROOT;9990;20;9987;17;;;10013;11;10015;8;;;10001.5;0.0
av_WHEAT_d11;32900;ASH_COATED_OSMIUM;9929;19;9925;23;;;9935;8;9938;25;;;9932.0;0.0
av_WHEAT_d11;32900;INTARIAN_PEPPER_ROOT;9998;12;9994;23;;;10004;14;10008;23;;;10001.0;0.0
av_WHEAT_d11;33000;ASH_COATED_OSMIUM;9929;12;9927;25;;;9935;14;9937;13;;;9932.0;0.0
av_WHEAT_d11;33000;INTARIAN_PEPPER_ROOT;9999;21;9996;13;;;10005;27;10009;24;;;10002.0;0.0
av_WHEAT_d11;33100;ASH_COATED_OSMIUM;9929;17;9927;23;;;9935;18;9939;26;;;9932.0;0.0
av_WHEAT_d11;33100;INTARIAN_PEPPER_ROOT;9998;6;9994;15;;;10004;18;10008;22;;;10001.0;0.0
av_WHEAT_d11;33200;ASH_COATED_OSMIUM;9919;13;9917;19;;;9947;17;9951;19;;;9933.0;0.0
av_WHEAT_d11;33200;INTARIAN_PEPPER_ROOT;9988;16;9984;22;;;10013;18;10017;26;;;10000.5;0.0
av_WHEAT_d11;33300;ASH_COATED_OSMIUM;9929;14;9925;22;;;9935;15;9938;17;;;9932.0;0.0
av_WHEAT_d11;33300;INTARIAN_PEPPER_ROOT;9993;13;9989;26;;;10007;10;10010;15;;;10000.0;0.0
av_WHEAT_d11;33400;ASH_COATED_OSMIUM;9929;11;9926;17;;;9935;7;9939;26;;;9932.0;0.0
av_WHEAT_d11;33400;INTARIAN_PEPPER_ROOT;9997;13;9994;24;;;10003;6;10007;13;;;10000.0;0.0
av_WHEAT_d11;33500;ASH_COATED_OSMIUM;9930;18;9927;17;;;9936;14;9938;20;;;9933.0;0.0
av_WHEAT_d11;33500;INTARIAN_PEPPER_ROOT;9997;11;9994;14;;;10003;9;10005;20;;;10000.0;0.0
av_WHEAT_d11;33600;ASH_COATED_OSMIUM;9920;7;9918;17;;;9946;7;9950;22;;;9933.0;0.0
av_WHEAT_d11;33600;INTARIAN_PEPPER_ROOT;9997;15;9994;20;;;10003;16;10006;17;;;10000.0;0.0
av_WHEAT_d11;33700;ASH_COATED_OSMIUM;9930;8;9928;16;;;9936;14;9938;15;;;9933.0;0.0
av_WHEAT_d11;33700;INTARIAN_PEPPER_ROOT;9997;13;9995;21;;;10003;5;10006;18;;;10000.0;0.0
av_WHEAT_d11;33800;ASH_COATED_OSMIUM;9930;26;9928;14;;;9936;18;9939;27;;;9933.0;0.0
av_WHEAT_d11;33800;INTARIAN_PEPPER_ROOT;9996;9;9992;12;;;10002;15;10006;19;;;9999.0;0.0
av_WHEAT_d11;33900;ASH_COATED_OSMIUM;9928;14;9924;24;;;9938;15;9941;25;;;9933.0;0.0
av_WHEAT_d11;33900;INTARIAN_PEPPER_ROOT;9996;8;9992;21;;;10003;12;10006;25;;;9999.5;0.0
av_WHEAT_d11;34000;ASH_COATED_OSMIUM;9930;10;9927;20;;;9936;15;9939;10;;;9933.0;0.0
av_WHEAT_d11;34000;INTARIAN_PEPPER_ROOT;9983;19;9980;23;;;10016;21;10019;19;;;9999.5;0.0
av_WHEAT_d11;34100;ASH_COATED_OSMIUM;9930;18;9928;22;;;9936;13;9939;12;;;9933.0;0.0
av_WHEAT_d11;34100;INTARIAN_PEPPER_ROOT;9998;20;9995;20;;;10004;18;10008;26;;;10001.0;0.0
av_WHEAT_d11;34200;ASH_COATED_OSMIUM;9929;11;9925;13;;;9937;12;9940;26;;;9933.0;0.0
av_WHEAT_d11;34200;INTARIAN_PEPPER_ROOT;9991;17;9988;20;;;10009;14;10012;31;;;10000.0;0.0
av_WHEAT_d11;34300;ASH_COATED_OSMIUM;9931;8;9929;26;;;9937;9;9941;17;;;9934.0;0.0
av_WHEAT_d11;34300;INTARIAN_PEPPER_ROOT;9986;15;9984;28;;;10017;20;10019;16;;;10001.5;0.0
av_WHEAT_d11;34400;ASH_COATED_OSMIUM;9930;14;9928;12;;;9936;18;9939;17;;;9933.0;0.0
av_WHEAT_d11;34400;INTARIAN_PEPPER_ROOT;9999;20;9996;18;;;10005;8;10007;14;;;10002.0;0.0
av_WHEAT_d11;34500;ASH_COATED_OSMIUM;9931;12;9929;21;;;9937;11;9939;17;;;9934.0;0.0
av_WHEAT_d11;34500;INTARIAN_PEPPER_ROOT;9998;15;9995;18;;;10004;19;10008;20;;;10001.0;0.0
av_WHEAT_d11;34600;ASH_COATED_OSMIUM;9929;14;9926;25;;;9938;19;9942;14;;;9933.5;0.0
av_WHEAT_d11;34600;INTARIAN_PEPPER_ROOT;9999;9;9995;20;;;10005;12;10008;25;;;10002.0;0.0
av_WHEAT_d11;34700;ASH_COATED_OSMIUM;9928;16;9926;20;;;9939;17;9942;24;;;9933.5;0.0
av_WHEAT_d11;34700;INTARIAN_PEPPER_ROOT;9996;5;9993;12;;;10009;11;10012;26;;;10002.5;0.0
av_WHEAT_d11;34800;ASH_COATED_OSMIUM;9931;18;9929;17;;;9937;20;9939;29;;;9934.0;0.0
av_WHEAT_d11;34800;INTARIAN_PEPPER_ROOT;10000;23;9996;22;;;10006;14;10008;17;;;10003.0;0.0
av_WHEAT_d11;34900;ASH_COATED_OSMIUM;9931;20;9928;26;;;9937;18;9939;19;;;9934.0;0.0
av_WHEAT_d11;34900;INTARIAN_PEPPER_ROOT;9999;14;9996;15;;;10008;17;10010;19;;;10003.5;0.0
av_WHEAT_d11;35000;ASH_COATED_OSMIUM;9930;19;9927;16;;;9937;15;9941;17;;;9933.5;0.0
av_WHEAT_d11;35000;INTARIAN_PEPPER_ROOT;9995;22;9991;14;;;10011;9;10013;17;;;10003.0;0.0
av_WHEAT_d11;35100;ASH_COATED_OSMIUM;9931;21;9928;22;;;9937;9;9940;22;;;9934.0;0.0
av_WHEAT_d11;35100;INTARIAN_PEPPER_ROOT;10000;25;9997;21;;;10010;22;10012;22;;;10005.0;0.0
av_WHEAT_d11;35200;ASH_COATED_OSMIUM;9931;13;9927;18;;;9938;17;9941;17;;;9934.5;0.0
av_WHEAT_d11;35200;INTARIAN_PEPPER_ROOT;10001;5;9997;21;;;10007;9;10010;12;;;10004.0;0.0
av_WHEAT_d11;35300;ASH_COATED_OSMIUM;9931;11;9929;25;;;9937;20;9940;20;;;9934.0;0.0
av_WHEAT_d11;35300;INTARIAN_PEPPER_ROOT;10002;19;10000;24;;;10008;15;10012;25;;;10005.0;0.0
av_WHEAT_d11;35400;ASH_COATED_OSMIUM;9931;12;9928;24;;;9937;12;9941;17;;;9934.0;0.0
av_WHEAT_d11;35400;INTARIAN_PEPPER_ROOT;9998;13;9996;27;;;10013;11;10017;9;;;10005.5;0.0
av_WHEAT_d11;35500;ASH_COATED_OSMIUM;9908;20;9906;20;;;9961;15;9965;19;;;9934.5;0.0
av_WHEAT_d11;35500;INTARIAN_PEPPER_ROOT;10003;9;10001;16;;;10009;17;10012;22;;;10006.0;0.0
av_WHEAT_d11;35600;ASH_COATED_OSMIUM;9932;6;9930;23;;;9938;13;9940;23;;;9935.0;0.0
av_WHEAT_d11;35600;INTARIAN_PEPPER_ROOT;10001;11;9997;19;;;10013;19;10015;17;;;10007.0;0.0
av_WHEAT_d11;35700;ASH_COATED_OSMIUM;9931;9;9928;17;;;9937;15;9940;16;;;9934.0;0.0
av_WHEAT_d11;35700;INTARIAN_PEPPER_ROOT;10004;14;10000;25;;;10010;23;10014;26;;;10007.0;0.0
av_WHEAT_d11;35800;ASH_COATED_OSMIUM;9932;7;9930;12;;;9938;16;9940;22;;;9935.0;0.0
av_WHEAT_d11;35800;INTARIAN_PEPPER_ROOT;10004;7;10002;18;;;10010;17;10014;10;;;10007.0;0.0
av_WHEAT_d11;35900;ASH_COATED_OSMIUM;9931;14;9929;18;;;9937;8;9940;14;;;9934.0;0.0
av_WHEAT_d11;35900;INTARIAN_PEPPER_ROOT;10004;12;10000;23;;;10010;20;10014;24;;;10007.0;0.0
av_WHEAT_d11;36000;ASH_COATED_OSMIUM;9932;14;9928;21;;;9938;25;9942;19;;;9935.0;0.0
av_WHEAT_d11;36000;INTARIAN_PEPPER_ROOT;10004;17;10002;22;;;10012;5;10016;24;;;10008.0;0.0
av_WHEAT_d11;36100;ASH_COATED_OSMIUM;9932;17;9929;23;;;9938;13;9941;26;;;9935.0;0.0
av_WHEAT_d11;36100;INTARIAN_PEPPER_ROOT;10000;20;9997;21;;;10017;18;10021;18;;;10008.5;0.0
av_WHEAT_d11;36200;ASH_COATED_OSMIUM;9922;20;9920;20;;;9948;14;9952;16;;;9935.0;0.0
av_WHEAT_d11;36200;INTARIAN_PEPPER_ROOT;10006;24;10004;18;;;10012;17;10014;20;;;10009.0;0.0
av_WHEAT_d11;36300;ASH_COATED_OSMIUM;9932;12;9928;18;;;9938;13;9940;11;;;9935.0;0.0
av_WHEAT_d11;36300;INTARIAN_PEPPER_ROOT;10006;6;10003;19;;;10012;12;10016;26;;;10009.0;0.0
av_WHEAT_d11;36400;ASH_COATED_OSMIUM;9930;12;9927;14;;;9941;12;9943;19;;;9935.5;0.0
av_WHEAT_d11;36400;INTARIAN_PEPPER_ROOT;10006;20;10002;20;;;10012;9;10014;22;;;10009.0;0.0
av_WHEAT_d11;36500;ASH_COATED_OSMIUM;9931;24;9927;19;;;9939;16;9942;15;;;9935.0;0.0
av_WHEAT_d11;36500;INTARIAN_PEPPER_ROOT;10003;5;9999;18;;;10018;21;10020;8;;;10010.5;0.0
av_WHEAT_d11;36600;ASH_COATED_OSMIUM;9933;17;9931;27;;;9939;24;9941;19;;;9936.0;0.0
av_WHEAT_d11;36600;INTARIAN_PEPPER_ROOT;10007;17;10005;16;;;10013;14;10015;23;;;10010.0;0.0
av_WHEAT_d11;36700;ASH_COATED_OSMIUM;9932;17;9928;15;;;9938;18;9942;22;;;9935.0;0.0
av_WHEAT_d11;36700;INTARIAN_PEPPER_ROOT;10007;19;10005;28;;;10014;8;10018;20;;;10010.5;0.0
av_WHEAT_d11;36800;ASH_COATED_OSMIUM;9931;19;9928;14;;;9940;15;9942;20;;;9935.5;0.0
av_WHEAT_d11;36800;INTARIAN_PEPPER_ROOT;10008;22;10004;26;;;10014;14;10016;33;;;10011.0;0.0
av_WHEAT_d11;36900;ASH_COATED_OSMIUM;9932;15;9929;11;;;9938;6;9941;19;;;9935.0;0.0
av_WHEAT_d11;36900;INTARIAN_PEPPER_ROOT;10003;21;10001;28;;;10021;13;10023;15;;;10012.0;0.0
av_WHEAT_d11;37000;ASH_COATED_OSMIUM;9924;12;9920;17;;;9949;25;9952;8;;;9936.5;0.0
av_WHEAT_d11;37000;INTARIAN_PEPPER_ROOT;10009;23;10007;23;;;10015;18;10018;20;;;10012.0;0.0
av_WHEAT_d11;37100;ASH_COATED_OSMIUM;9933;13;9929;22;;;9939;14;9941;28;;;9936.0;0.0
av_WHEAT_d11;37100;INTARIAN_PEPPER_ROOT;10009;6;10007;20;;;10015;13;10018;17;;;10012.0;0.0
av_WHEAT_d11;37200;ASH_COATED_OSMIUM;9933;14;9931;16;;;9939;20;9942;21;;;9936.0;0.0
av_WHEAT_d11;37200;INTARIAN_PEPPER_ROOT;10009;9;10005;18;;;10016;22;10020;27;;;10012.5;0.0
av_WHEAT_d11;37300;ASH_COATED_OSMIUM;9933;18;9929;19;;;9939;28;9943;25;;;9936.0;0.0
av_WHEAT_d11;37300;INTARIAN_PEPPER_ROOT;10009;9;10007;13;;;10017;14;10019;15;;;10013.0;0.0
av_WHEAT_d11;37400;ASH_COATED_OSMIUM;9933;14;9930;17;;;9939;9;9943;13;;;9936.0;0.0
av_WHEAT_d11;37400;INTARIAN_PEPPER_ROOT;10010;13;10007;17;;;10016;19;10018;12;;;10013.0;0.0
av_WHEAT_d11;37500;ASH_COATED_OSMIUM;9922;12;9919;20;;;9950;10;9954;24;;;9936.0;0.0
av_WHEAT_d11;37500;INTARIAN_PEPPER_ROOT;10011;19;10008;24;;;10017;15;10021;8;;;10014.0;0.0
av_WHEAT_d11;37600;ASH_COATED_OSMIUM;9930;14;9927;22;;;9942;9;9944;28;;;9936.0;0.0
av_WHEAT_d11;37600;INTARIAN_PEPPER_ROOT;10012;19;10009;11;;;10018;15;10021;13;;;10015.0;0.0
av_WHEAT_d11;37700;ASH_COATED_OSMIUM;9933;16;9930;18;;;9939;5;9942;19;;;9936.0;0.0
av_WHEAT_d11;37700;INTARIAN_PEPPER_ROOT;10012;13;10009;14;;;10018;10;10020;23;;;10015.0;0.0
av_WHEAT_d11;37800;ASH_COATED_OSMIUM;9933;10;9930;24;;;9939;14;9942;20;;;9936.0;0.0
av_WHEAT_d11;37800;INTARIAN_PEPPER_ROOT;10012;15;10008;14;;;10018;15;10021;15;;;10015.0;0.0
av_WHEAT_d11;37900;ASH_COATED_OSMIUM;9933;13;9930;14;;;9939;16;9943;19;;;9936.0;0.0
av_WHEAT_d11;37900;INTARIAN_PEPPER_ROOT;10012;12;10009;18;;;10018;9;10020;21;;;10015.0;0.0
av_WHEAT_d11;38000;ASH_COATED_OSMIUM;9934;19;9931;18;;;9940;16;9944;19;;;9937.0;0.0
av_WHEAT_d11;38000;INTARIAN_PEPPER_ROOT;10012;11;10008;24;;;10018;8;10022;17;;;10015.0;0.0
av_WHEAT_d11;38100;ASH_COATED_OSMIUM;9934;7;9931;24;;;9940;19;9942;15;;;9937.0;0.0
av_WHEAT_d11;38100;INTARIAN_PEPPER_ROOT;10010;7;10006;22;;;10022;16;10024;19;;;10016.0;0.0
av_WHEAT_d11;38200;ASH_COATED_OSMIUM;9934;9;9931;23;;;9940;19;9942;20;;;9937.0;0.0
av_WHEAT_d11;38200;INTARIAN_PEPPER_ROOT;10007;21;10004;14;;;10026;11;10028;13;;;10016.5;0.0
av_WHEAT_d11;38300;ASH_COATED_OSMIUM;9930;17;9926;20;;;9943;9;9945;14;;;9936.5;0.0
av_WHEAT_d11;38300;INTARIAN_PEPPER_ROOT;10009;24;10005;27;;;10024;12;10027;16;;;10016.5;0.0
av_WHEAT_d11;38400;ASH_COATED_OSMIUM;9926;8;9922;25;;;9946;11;9949;25;;;9936.0;0.0
av_WHEAT_d11;38400;INTARIAN_PEPPER_ROOT;10014;15;10011;13;;;10020;13;10022;22;;;10017.0;0.0
av_WHEAT_d11;38500;ASH_COATED_OSMIUM;9934;16;9930;21;;;9940;11;9943;23;;;9937.0;0.0
av_WHEAT_d11;38500;INTARIAN_PEPPER_ROOT;10015;18;10011;15;;;10021;19;10025;9;;;10018.0;0.0
av_WHEAT_d11;38600;ASH_COATED_OSMIUM;9934;16;9930;19;;;9940;15;9943;26;;;9937.0;0.0
av_WHEAT_d11;38600;INTARIAN_PEPPER_ROOT;10010;19;10006;17;;;10027;22;10030;15;;;10018.5;0.0
av_WHEAT_d11;38700;ASH_COATED_OSMIUM;9934;18;9930;21;;;9940;22;9944;20;;;9937.0;0.0
av_WHEAT_d11;38700;INTARIAN_PEPPER_ROOT;10005;16;10003;18;;;10032;17;10034;16;;;10018.5;0.0
av_WHEAT_d11;38800;ASH_COATED_OSMIUM;9931;23;9927;19;;;9944;12;9947;17;;;9937.5;0.0
av_WHEAT_d11;38800;INTARIAN_PEPPER_ROOT;10014;13;10012;20;;;10023;13;10025;20;;;10018.5;0.0
av_WHEAT_d11;38900;ASH_COATED_OSMIUM;9934;15;9931;20;;;9940;19;9943;26;;;9937.0;0.0
av_WHEAT_d11;38900;INTARIAN_PEPPER_ROOT;10014;9;10011;14;;;10025;8;10027;18;;;10019.5;0.0
av_WHEAT_d11;39000;ASH_COATED_OSMIUM;9934;13;9930;17;;;9940;11;9942;18;;;9937.0;0.0
av_WHEAT_d11;39000;INTARIAN_PEPPER_ROOT;10016;16;10013;14;;;10022;14;10026;23;;;10019.0;0.0
av_WHEAT_d11;39100;ASH_COATED_OSMIUM;9918;17;9916;19;;;9959;18;9963;15;;;9938.5;0.0
av_WHEAT_d11;39100;INTARIAN_PEPPER_ROOT;10017;13;10013;19;;;10023;11;10026;19;;;10020.0;0.0
av_WHEAT_d11;39200;ASH_COATED_OSMIUM;9929;10;9926;17;;;9946;10;9948;15;;;9937.5;0.0
av_WHEAT_d11;39200;INTARIAN_PEPPER_ROOT;10017;13;10015;11;;;10024;7;10028;18;;;10020.5;0.0
av_WHEAT_d11;39300;ASH_COATED_OSMIUM;9932;12;9928;19;;;9943;14;9945;20;;;9937.5;0.0
av_WHEAT_d11;39300;INTARIAN_PEPPER_ROOT;10018;13;10014;25;;;10024;12;10028;14;;;10021.0;0.0
av_WHEAT_d11;39400;ASH_COATED_OSMIUM;9935;17;9932;30;;;9941;17;9945;16;;;9938.0;0.0
av_WHEAT_d11;39400;INTARIAN_PEPPER_ROOT;10018;21;10014;23;;;10024;17;10027;22;;;10021.0;0.0
av_WHEAT_d11;39500;ASH_COATED_OSMIUM;9935;21;9932;21;;;9942;9;9945;18;;;9938.5;0.0
av_WHEAT_d11;39500;INTARIAN_PEPPER_ROOT;10018;16;10016;17;;;10024;14;10027;10;;;10021.0;0.0
av_WHEAT_d11;39600;ASH_COATED_OSMIUM;9935;11;9932;15;;;9941;19;9945;25;;;9938.0;0.0
av_WHEAT_d11;39600;INTARIAN_PEPPER_ROOT;10012;18;10009;14;;;10033;12;10037;24;;;10022.5;0.0
av_WHEAT_d11;39700;ASH_COATED_OSMIUM;9932;16;9929;19;;;9944;13;9948;18;;;9938.0;0.0
av_WHEAT_d11;39700;INTARIAN_PEPPER_ROOT;10019;12;10017;20;;;10025;16;10028;18;;;10022.0;0.0
av_WHEAT_d11;39800;ASH_COATED_OSMIUM;9935;20;9932;25;;;9941;14;9945;19;;;9938.0;0.0
av_WHEAT_d11;39800;INTARIAN_PEPPER_ROOT;10020;7;10016;19;;;10026;16;10030;18;;;10023.0;0.0
av_WHEAT_d11;39900;ASH_COATED_OSMIUM;9935;10;9933;21;;;9941;13;9944;23;;;9938.0;0.0
av_WHEAT_d11;39900;INTARIAN_PEPPER_ROOT;10020;6;10016;14;;;10026;19;10028;14;;;10023.0;0.0
av_WHEAT_d11;40000;ASH_COATED_OSMIUM;9935;15;9933;24;;;9941;15;9943;11;;;9938.0;0.0
av_WHEAT_d11;40000;INTARIAN_PEPPER_ROOT;10021;12;10019;18;;;10027;13;10029;20;;;10024.0;0.0
av_WHEAT_d11;40100;ASH_COATED_OSMIUM;9933;15;9929;17;;;9944;13;9948;22;;;9938.5;0.0
av_WHEAT_d11;40100;INTARIAN_PEPPER_ROOT;10022;15;10018;15;;;10028;14;10031;22;;;10025.0;0.0
av_WHEAT_d11;40200;ASH_COATED_OSMIUM;9936;15;9933;25;;;9942;12;9945;19;;;9939.0;0.0
av_WHEAT_d11;40200;INTARIAN_PEPPER_ROOT;10021;19;10019;12;;;10027;19;10030;22;;;10024.0;0.0
av_WHEAT_d11;40300;ASH_COATED_OSMIUM;9936;13;9932;18;;;9942;8;9945;22;;;9939.0;0.0
av_WHEAT_d11;40300;INTARIAN_PEPPER_ROOT;10022;10;10018;32;;;10028;14;10032;18;;;10025.0;0.0
av_WHEAT_d11;40400;ASH_COATED_OSMIUM;9930;12;9928;17;;;9947;11;9951;16;;;9938.5;0.0
av_WHEAT_d11;40400;INTARIAN_PEPPER_ROOT;10001;12;9997;24;;;10049;15;10053;16;;;10025.0;0.0
av_WHEAT_d11;40500;ASH_COATED_OSMIUM;9935;14;9931;17;;;9941;21;9944;15;;;9938.0;0.0
av_WHEAT_d11;40500;INTARIAN_PEPPER_ROOT;10023;11;10019;20;;;10029;18;10031;10;;;10026.0;0.0
av_WHEAT_d11;40600;ASH_COATED_OSMIUM;9934;13;9931;11;;;9944;18;9947;14;;;9939.0;0.0
av_WHEAT_d11;40600;INTARIAN_PEPPER_ROOT;10022;8;10018;20;;;10030;14;10034;21;;;10026.0;0.0
av_WHEAT_d11;40700;ASH_COATED_OSMIUM;9936;14;9932;22;;;9942;17;9944;19;;;9939.0;0.0
av_WHEAT_d11;40700;INTARIAN_PEPPER_ROOT;10023;22;10020;13;;;10029;8;10031;14;;;10026.0;0.0
av_WHEAT_d11;40800;ASH_COATED_OSMIUM;9936;18;9933;20;;;9942;19;9944;25;;;9939.0;0.0
av_WHEAT_d11;40800;INTARIAN_PEPPER_ROOT;10024;14;10020;18;;;10030;13;10032;23;;;10027.0;0.0
av_WHEAT_d11;40900;ASH_COATED_OSMIUM;9936;22;9933;27;;;9942;19;9946;17;;;9939.0;0.0
av_WHEAT_d11;40900;INTARIAN_PEPPER_ROOT;10008;14;10004;19;;;10047;12;10049;13;;;10027.5;0.0
av_WHEAT_d11;41000;ASH_COATED_OSMIUM;9936;12;9933;27;;;9942;21;9946;17;;;9939.0;0.0
av_WHEAT_d11;41000;INTARIAN_PEPPER_ROOT;10020;21;10017;20;;;10036;17;10039;26;;;10028.0;0.0
av_WHEAT_d11;41100;ASH_COATED_OSMIUM;9936;23;9932;29;;;9942;7;9946;22;;;9939.0;0.0
av_WHEAT_d11;41100;INTARIAN_PEPPER_ROOT;10025;5;10023;24;;;10031;16;10034;25;;;10028.0;0.0
av_WHEAT_d11;41200;ASH_COATED_OSMIUM;9936;18;9932;16;;;9942;24;9944;17;;;9939.0;0.0
av_WHEAT_d11;41200;INTARIAN_PEPPER_ROOT;10018;20;10015;14;;;10039;17;10043;16;;;10028.5;0.0
av_WHEAT_d11;41300;ASH_COATED_OSMIUM;9936;17;9933;21;;;9942;13;9945;20;;;9939.0;0.0
av_WHEAT_d11;41300;INTARIAN_PEPPER_ROOT;10023;17;10019;22;;;10036;13;10040;8;;;10029.5;0.0
av_WHEAT_d11;41400;ASH_COATED_OSMIUM;9936;19;9932;17;;;9942;13;9946;21;;;9939.0;0.0
av_WHEAT_d11;41400;INTARIAN_PEPPER_ROOT;10026;8;10024;24;;;10032;21;10034;14;;;10029.0;0.0
av_WHEAT_d11;41500;ASH_COATED_OSMIUM;9936;12;9932;22;;;9942;16;9946;21;;;9939.0;0.0
av_WHEAT_d11;41500;INTARIAN_PEPPER_ROOT;10026;12;10023;16;;;10032;10;10035;21;;;10029.0;0.0
av_WHEAT_d11;41600;ASH_COATED_OSMIUM;9937;10;9934;26;;;9943;20;9946;15;;;9940.0;0.0
av_WHEAT_d11;41600;INTARIAN_PEPPER_ROOT;10025;14;10023;17;;;10035;16;10037;27;;;10030.0;0.0
av_WHEAT_d11;41700;ASH_COATED_OSMIUM;9937;7;9933;9;;;9943;11;9946;33;;;9940.0;0.0
av_WHEAT_d11;41700;INTARIAN_PEPPER_ROOT;10027;16;10025;20;;;10034;16;10038;14;;;10030.5;0.0
av_WHEAT_d11;41800;ASH_COATED_OSMIUM;9937;7;9933;19;;;9943;18;9947;10;;;9940.0;0.0
av_WHEAT_d11;41800;INTARIAN_PEPPER_ROOT;10026;5;10022;21;;;10037;20;10040;25;;;10031.5;0.0
av_WHEAT_d11;41900;ASH_COATED_OSMIUM;9937;20;9933;20;;;9943;15;9945;15;;;9940.0;0.0
av_WHEAT_d11;41900;INTARIAN_PEPPER_ROOT;10028;16;10026;12;;;10034;22;10037;15;;;10031.0;0.0
av_WHEAT_d11;42000;ASH_COATED_OSMIUM;9937;5;9934;24;;;9943;19;9946;21;;;9940.0;0.0
av_WHEAT_d11;42000;INTARIAN_PEPPER_ROOT;10026;18;10022;25;;;10037;12;10039;14;;;10031.5;0.0
av_WHEAT_d11;42100;ASH_COATED_OSMIUM;9937;13;9935;29;;;9943;20;9946;15;;;9940.0;0.0
av_WHEAT_d11;42100;INTARIAN_PEPPER_ROOT;10012;18;10009;29;;;10051;12;10055;15;;;10031.5;0.0
av_WHEAT_d11;42200;ASH_COATED_OSMIUM;9937;16;9935;21;;;9943;24;9945;26;;;9940.0;0.0
av_WHEAT_d11;42200;INTARIAN_PEPPER_ROOT;10030;10;10027;27;;;10036;8;10039;15;;;10033.0;0.0
av_WHEAT_d11;42300;ASH_COATED_OSMIUM;9937;16;9935;18;;;9943;14;9946;29;;;9940.0;0.0
av_WHEAT_d11;42300;INTARIAN_PEPPER_ROOT;10030;24;10026;20;;;10036;12;10040;10;;;10033.0;0.0
av_WHEAT_d11;42400;ASH_COATED_OSMIUM;9936;6;9933;19;;;9946;14;9950;14;;;9941.0;0.0
av_WHEAT_d11;42400;INTARIAN_PEPPER_ROOT;10021;14;10019;30;;;10045;16;10049;20;;;10033.0;0.0
av_WHEAT_d11;42500;ASH_COATED_OSMIUM;9937;22;9935;17;;;9943;23;9945;21;;;9940.0;0.0
av_WHEAT_d11;42500;INTARIAN_PEPPER_ROOT;10031;14;10029;21;;;10038;15;10040;11;;;10034.5;0.0
av_WHEAT_d11;42600;ASH_COATED_OSMIUM;9935;12;9932;16;;;9945;8;9947;16;;;9940.0;0.0
av_WHEAT_d11;42600;INTARIAN_PEPPER_ROOT;10027;13;10025;20;;;10043;16;10047;14;;;10035.0;0.0
av_WHEAT_d11;42700;ASH_COATED_OSMIUM;9931;15;9928;20;;;9950;12;9952;19;;;9940.5;0.0
av_WHEAT_d11;42700;INTARIAN_PEPPER_ROOT;10031;14;10028;22;;;10037;6;10039;25;;;10034.0;0.0
av_WHEAT_d11;42800;ASH_COATED_OSMIUM;9930;11;9926;19;;;9952;9;9955;19;;;9941.0;0.0
av_WHEAT_d11;42800;INTARIAN_PEPPER_ROOT;10032;15;10028;20;;;10038;22;10041;19;;;10035.0;0.0
av_WHEAT_d11;42900;ASH_COATED_OSMIUM;9938;15;9935;21;;;9944;15;9946;9;;;9941.0;0.0
av_WHEAT_d11;42900;INTARIAN_PEPPER_ROOT;10029;8;10025;20;;;10041;13;10044;14;;;10035.0;0.0
av_WHEAT_d11;43000;ASH_COATED_OSMIUM;9937;7;9935;17;;;9943;11;9946;23;;;9940.0;0.0
av_WHEAT_d11;43000;INTARIAN_PEPPER_ROOT;10031;6;10028;23;;;10041;7;10045;15;;;10036.0;0.0
av_WHEAT_d11;43100;ASH_COATED_OSMIUM;9937;18;9935;25;;;9943;17;9947;22;;;9940.0;0.0
av_WHEAT_d11;43100;INTARIAN_PEPPER_ROOT;10031;25;10027;22;;;10042;14;10045;18;;;10036.5;0.0
av_WHEAT_d11;43200;ASH_COATED_OSMIUM;9938;25;9936;20;;;9944;24;9948;19;;;9941.0;0.0
av_WHEAT_d11;43200;INTARIAN_PEPPER_ROOT;10031;14;10027;27;;;10043;13;10045;25;;;10037.0;0.0
av_WHEAT_d11;43300;ASH_COATED_OSMIUM;9938;13;9934;19;;;9944;19;9946;15;;;9941.0;0.0
av_WHEAT_d11;43300;INTARIAN_PEPPER_ROOT;10031;17;10029;21;;;10043;20;10045;15;;;10037.0;0.0
av_WHEAT_d11;43400;ASH_COATED_OSMIUM;9928;19;9924;22;;;9953;13;9957;23;;;9940.5;0.0
av_WHEAT_d11;43400;INTARIAN_PEPPER_ROOT;10032;11;10029;26;;;10042;12;10046;22;;;10037.0;0.0
av_WHEAT_d11;43500;ASH_COATED_OSMIUM;9937;17;9935;17;;;9944;13;9946;16;;;9940.5;0.0
av_WHEAT_d11;43500;INTARIAN_PEPPER_ROOT;10030;15;10026;27;;;10047;25;10051;22;;;10038.5;0.0
av_WHEAT_d11;43600;ASH_COATED_OSMIUM;9938;20;9936;23;;;9944;11;9946;15;;;9941.0;0.0
av_WHEAT_d11;43600;INTARIAN_PEPPER_ROOT;10035;11;10031;20;;;10041;20;10045;18;;;10038.0;0.0
av_WHEAT_d11;43700;ASH_COATED_OSMIUM;9921;16;9918;20;;;9963;25;9966;25;;;9942.0;0.0
av_WHEAT_d11;43700;INTARIAN_PEPPER_ROOT;10035;18;10033;29;;;10041;10;10045;19;;;10038.0;0.0
av_WHEAT_d11;43800;ASH_COATED_OSMIUM;9938;19;9935;21;;;9944;21;9946;18;;;9941.0;0.0
av_WHEAT_d11;43800;INTARIAN_PEPPER_ROOT;10036;5;10032;31;;;10042;18;10044;21;;;10039.0;0.0
av_WHEAT_d11;43900;ASH_COATED_OSMIUM;9937;16;9934;15;;;9946;12;9948;14;;;9941.5;0.0
av_WHEAT_d11;43900;INTARIAN_PEPPER_ROOT;10034;17;10030;15;;;10044;11;10048;23;;;10039.0;0.0
av_WHEAT_d11;44000;ASH_COATED_OSMIUM;9937;14;9934;26;;;9947;14;9950;14;;;9942.0;0.0
av_WHEAT_d11;44000;INTARIAN_PEPPER_ROOT;10036;9;10033;20;;;10042;14;10046;22;;;10039.0;0.0
av_WHEAT_d11;44100;ASH_COATED_OSMIUM;9938;19;9934;28;;;9944;5;9947;17;;;9941.0;0.0
av_WHEAT_d11;44100;INTARIAN_PEPPER_ROOT;10037;19;10035;23;;;10043;12;10046;18;;;10040.0;0.0
av_WHEAT_d11;44200;ASH_COATED_OSMIUM;9939;23;9937;21;;;9945;21;9947;16;;;9942.0;0.0
av_WHEAT_d11;44200;INTARIAN_PEPPER_ROOT;10034;14;10032;26;;;10046;16;10050;27;;;10040.0;0.0
av_WHEAT_d11;44300;ASH_COATED_OSMIUM;9939;8;9936;22;;;9945;15;9948;24;;;9942.0;0.0
av_WHEAT_d11;44300;INTARIAN_PEPPER_ROOT;10038;13;10034;17;;;10044;19;10047;11;;;10041.0;0.0
av_WHEAT_d11;44400;ASH_COATED_OSMIUM;9939;15;9936;20;;;9945;20;9949;19;;;9942.0;0.0
av_WHEAT_d11;44400;INTARIAN_PEPPER_ROOT;10032;13;10030;28;;;10052;5;10056;15;;;10042.0;0.0
av_WHEAT_d11;44500;ASH_COATED_OSMIUM;9939;13;9937;18;;;9946;20;9949;12;;;9942.5;0.0
av_WHEAT_d11;44500;INTARIAN_PEPPER_ROOT;10038;5;10036;28;;;10044;8;10048;19;;;10041.0;0.0
av_WHEAT_d11;44600;ASH_COATED_OSMIUM;9938;15;9935;14;;;9945;16;9947;10;;;9941.5;0.0
av_WHEAT_d11;44600;INTARIAN_PEPPER_ROOT;10027;14;10023;13;;;10056;21;10060;16;;;10041.5;0.0
av_WHEAT_d11;44700;ASH_COATED_OSMIUM;9933;5;9931;14;;;9951;8;9955;22;;;9942.0;0.0
av_WHEAT_d11;44700;INTARIAN_PEPPER_ROOT;10039;14;10037;25;;;10045;13;10048;23;;;10042.0;0.0
av_WHEAT_d11;44800;ASH_COATED_OSMIUM;9937;13;9933;26;;;9947;10;9950;21;;;9942.0;0.0
av_WHEAT_d11;44800;INTARIAN_PEPPER_ROOT;10035;19;10031;16;;;10050;12;10052;19;;;10042.5;0.0
av_WHEAT_d11;44900;ASH_COATED_OSMIUM;9938;13;9936;13;;;9946;21;9948;15;;;9942.0;0.0
av_WHEAT_d11;44900;INTARIAN_PEPPER_ROOT;10040;18;10037;15;;;10046;11;10048;17;;;10043.0;0.0
av_WHEAT_d11;45000;ASH_COATED_OSMIUM;9934;13;9932;21;;;9952;10;9955;17;;;9943.0;0.0
av_WHEAT_d11;45000;INTARIAN_PEPPER_ROOT;10040;9;10036;19;;;10048;19;10052;29;;;10044.0;0.0
av_WHEAT_d11;45100;ASH_COATED_OSMIUM;9940;21;9938;17;;;9946;13;9950;23;;;9943.0;0.0
av_WHEAT_d11;45100;INTARIAN_PEPPER_ROOT;10039;14;10036;18;;;10048;15;10051;17;;;10043.5;0.0
av_WHEAT_d11;45200;ASH_COATED_OSMIUM;9940;7;9936;28;;;9946;5;9948;17;;;9943.0;0.0
av_WHEAT_d11;45200;INTARIAN_PEPPER_ROOT;10041;11;10037;21;;;10047;18;10051;16;;;10044.0;0.0
av_WHEAT_d11;45300;ASH_COATED_OSMIUM;9938;8;9936;21;;;9946;14;9950;27;;;9942.0;0.0
av_WHEAT_d11;45300;INTARIAN_PEPPER_ROOT;10041;14;10038;20;;;10047;20;10051;18;;;10044.0;0.0
av_WHEAT_d11;45400;ASH_COATED_OSMIUM;9936;14;9932;22;;;9949;13;9951;20;;;9942.5;0.0
av_WHEAT_d11;45400;INTARIAN_PEPPER_ROOT;10042;14;10038;16;;;10048;5;10050;17;;;10045.0;0.0
av_WHEAT_d11;45500;ASH_COATED_OSMIUM;9939;15;9935;19;;;9945;5;9948;25;;;9942.0;0.0
av_WHEAT_d11;45500;INTARIAN_PEPPER_ROOT;10042;16;10038;23;;;10048;15;10052;25;;;10045.0;0.0
av_WHEAT_d11;45600;ASH_COATED_OSMIUM;9933;18;9931;20;;;9953;15;9956;26;;;9943.0;0.0
av_WHEAT_d11;45600;INTARIAN_PEPPER_ROOT;10036;15;10033;8;;;10054;13;10056;22;;;10045.0;0.0
av_WHEAT_d11;45700;ASH_COATED_OSMIUM;9937;5;9935;23;;;9949;12;9953;12;;;9943.0;0.0
av_WHEAT_d11;45700;INTARIAN_PEPPER_ROOT;10043;18;10041;24;;;10049;15;10053;10;;;10046.0;0.0
av_WHEAT_d11;45800;ASH_COATED_OSMIUM;9940;17;9936;17;;;9948;16;9952;23;;;9944.0;0.0
av_WHEAT_d11;45800;INTARIAN_PEPPER_ROOT;10044;14;10040;12;;;10050;14;10054;20;;;10047.0;0.0
av_WHEAT_d11;45900;ASH_COATED_OSMIUM;9940;12;9938;20;;;9946;7;9948;16;;;9943.0;0.0
av_WHEAT_d11;45900;INTARIAN_PEPPER_ROOT;10044;5;10042;21;;;10050;17;10054;25;;;10047.0;0.0
av_WHEAT_d11;46000;ASH_COATED_OSMIUM;9941;8;9939;11;;;9947;14;9951;27;;;9944.0;0.0
av_WHEAT_d11;46000;INTARIAN_PEPPER_ROOT;10044;21;10041;12;;;10051;18;10055;15;;;10047.5;0.0
av_WHEAT_d11;46100;ASH_COATED_OSMIUM;9941;12;9938;20;;;9947;9;9949;8;;;9944.0;0.0
av_WHEAT_d11;46100;INTARIAN_PEPPER_ROOT;10044;25;10041;17;;;10050;5;10054;23;;;10047.0;0.0
av_WHEAT_d11;46200;ASH_COATED_OSMIUM;9930;19;9928;29;;;9957;21;9961;23;;;9943.5;0.0
av_WHEAT_d11;46200;INTARIAN_PEPPER_ROOT;10045;20;10042;17;;;10051;13;10054;22;;;10048.0;0.0
av_WHEAT_d11;46300;ASH_COATED_OSMIUM;9941;11;9939;15;;;9947;15;9949;9;;;9944.0;0.0
av_WHEAT_d11;46300;INTARIAN_PEPPER_ROOT;10033;18;10029;16;;;10064;18;10066;24;;;10048.5;0.0
av_WHEAT_d11;46400;ASH_COATED_OSMIUM;9940;11;9938;21;;;9946;6;9950;17;;;9943.0;0.0
av_WHEAT_d11;46400;INTARIAN_PEPPER_ROOT;10045;15;10042;16;;;10052;16;10054;31;;;10048.5;0.0
av_WHEAT_d11;46500;ASH_COATED_OSMIUM;9940;14;9936;15;;;9946;24;9949;17;;;9943.0;0.0
av_WHEAT_d11;46500;INTARIAN_PEPPER_ROOT;10046;6;10043;26;;;10052;21;10054;21;;;10049.0;0.0
av_WHEAT_d11;46600;ASH_COATED_OSMIUM;9939;12;9935;9;;;9948;25;9951;20;;;9943.5;0.0
av_WHEAT_d11;46600;INTARIAN_PEPPER_ROOT;10047;17;10044;16;;;10053;18;10055;11;;;10050.0;0.0
av_WHEAT_d11;46700;ASH_COATED_OSMIUM;9939;7;9936;18;;;9949;17;9953;24;;;9944.0;0.0
av_WHEAT_d11;46700;INTARIAN_PEPPER_ROOT;10047;11;10045;23;;;10053;20;10055;18;;;10050.0;0.0
av_WHEAT_d11;46800;ASH_COATED_OSMIUM;9939;16;9936;16;;;9949;19;9952;20;;;9944.0;0.0
av_WHEAT_d11;46800;INTARIAN_PEPPER_ROOT;10047;9;10044;24;;;10053;11;10056;22;;;10050.0;0.0
av_WHEAT_d11;46900;ASH_COATED_OSMIUM;9941;13;9938;20;;;9947;14;9950;15;;;9944.0;0.0
av_WHEAT_d11;46900;INTARIAN_PEPPER_ROOT;10046;16;10043;16;;;10055;22;10057;11;;;10050.5;0.0
av_WHEAT_d11;47000;ASH_COATED_OSMIUM;9941;21;9937;23;;;9947;9;9951;27;;;9944.0;0.0
av_WHEAT_d11;47000;INTARIAN_PEPPER_ROOT;10045;16;10041;17;;;10058;16;10062;35;;;10051.5;0.0
av_WHEAT_d11;47100;ASH_COATED_OSMIUM;9941;17;9937;20;;;9947;20;9951;16;;;9944.0;0.0
av_WHEAT_d11;47100;INTARIAN_PEPPER_ROOT;10048;7;10044;21;;;10054;21;10057;18;;;10051.0;0.0
av_WHEAT_d11;47200;ASH_COATED_OSMIUM;9933;7;9929;23;;;9954;25;9956;25;;;9943.5;0.0
av_WHEAT_d11;47200;INTARIAN_PEPPER_ROOT;10049;14;10045;26;;;10055;17;10058;21;;;10052.0;0.0
av_WHEAT_d11;47300;ASH_COATED_OSMIUM;9938;13;9936;11;;;9952;9;9954;27;;;9945.0;0.0
av_WHEAT_d11;47300;INTARIAN_PEPPER_ROOT;10050;14;10046;13;;;10056;15;10058;17;;;10053.0;0.0
av_WHEAT_d11;47400;ASH_COATED_OSMIUM;9934;17;9932;17;;;9954;14;9958;14;;;9944.0;0.0
av_WHEAT_d11;47400;INTARIAN_PEPPER_ROOT;10039;17;10035;8;;;10067;13;10070;22;;;10053.0;0.0
av_WHEAT_d11;47500;ASH_COATED_OSMIUM;9942;8;9938;20;;;9948;14;9951;21;;;9945.0;0.0
av_WHEAT_d11;47500;INTARIAN_PEPPER_ROOT;10044;22;10042;29;;;10063;15;10066;19;;;10053.5;0.0
av_WHEAT_d11;47600;ASH_COATED_OSMIUM;9936;19;9932;21;;;9953;17;9956;33;;;9944.5;0.0
av_WHEAT_d11;47600;INTARIAN_PEPPER_ROOT;10045;12;10042;21;;;10064;14;10066;20;;;10054.5;0.0
av_WHEAT_d11;47700;ASH_COATED_OSMIUM;9940;22;9938;16;;;9949;14;9951;19;;;9944.5;0.0
av_WHEAT_d11;47700;INTARIAN_PEPPER_ROOT;10044;20;10040;24;;;10065;18;10069;28;;;10054.5;0.0
av_WHEAT_d11;47800;ASH_COATED_OSMIUM;9941;12;9939;13;;;9949;21;9953;21;;;9945.0;0.0
av_WHEAT_d11;47800;INTARIAN_PEPPER_ROOT;10052;16;10049;27;;;10058;18;10061;10;;;10055.0;0.0
av_WHEAT_d11;47900;ASH_COATED_OSMIUM;9937;19;9934;29;;;9952;24;9955;16;;;9944.5;0.0
av_WHEAT_d11;47900;INTARIAN_PEPPER_ROOT;10052;16;10049;19;;;10058;16;10060;23;;;10055.0;0.0
av_WHEAT_d11;48000;ASH_COATED_OSMIUM;9939;5;9936;25;;;9950;10;9952;20;;;9944.5;0.0
av_WHEAT_d11;48000;INTARIAN_PEPPER_ROOT;10052;13;10049;18;;;10059;17;10061;19;;;10055.5;0.0
av_WHEAT_d11;48100;ASH_COATED_OSMIUM;9943;15;9940;27;;;9949;17;9951;26;;;9946.0;0.0
av_WHEAT_d11;48100;INTARIAN_PEPPER_ROOT;10050;16;10048;16;;;10062;7;10064;21;;;10056.0;0.0
av_WHEAT_d11;48200;ASH_COATED_OSMIUM;9941;15;9938;29;;;9949;10;9951;15;;;9945.0;0.0
av_WHEAT_d11;48200;INTARIAN_PEPPER_ROOT;10050;23;10047;18;;;10063;16;10065;10;;;10056.5;0.0
av_WHEAT_d11;48300;ASH_COATED_OSMIUM;9936;5;9932;24;;;9953;9;9957;19;;;9944.5;0.0
av_WHEAT_d11;48300;INTARIAN_PEPPER_ROOT;10054;16;10052;10;;;10060;10;10064;25;;;10057.0;0.0
av_WHEAT_d11;48400;ASH_COATED_OSMIUM;9943;11;9940;26;;;9949;5;9952;25;;;9946.0;0.0
av_WHEAT_d11;48400;INTARIAN_PEPPER_ROOT;10050;17;10048;17;;;10064;11;10066;18;;;10057.0;0.0
av_WHEAT_d11;48500;ASH_COATED_OSMIUM;9942;15;9938;18;;;9948;23;9951;24;;;9945.0;0.0
av_WHEAT_d11;48500;INTARIAN_PEPPER_ROOT;10054;22;10050;17;;;10060;6;10064;22;;;10057.0;0.0
av_WHEAT_d11;48600;ASH_COATED_OSMIUM;9942;10;9938;26;;;9948;7;9951;15;;;9945.0;0.0
av_WHEAT_d11;48600;INTARIAN_PEPPER_ROOT;10055;8;10052;26;;;10061;16;10065;23;;;10058.0;0.0
av_WHEAT_d11;48700;ASH_COATED_OSMIUM;9943;9;9939;8;;;9949;17;9951;16;;;9946.0;0.0
av_WHEAT_d11;48700;INTARIAN_PEPPER_ROOT;10055;7;10051;27;;;10061;13;10064;25;;;10058.0;0.0
av_WHEAT_d11;48800;ASH_COATED_OSMIUM;9939;21;9935;19;;;9953;16;9955;23;;;9946.0;0.0
av_WHEAT_d11;48800;INTARIAN_PEPPER_ROOT;10055;12;10053;16;;;10061;10;10065;18;;;10058.0;0.0
av_WHEAT_d11;48900;ASH_COATED_OSMIUM;9941;19;9938;16;;;9951;13;9953;20;;;9946.0;0.0
av_WHEAT_d11;48900;INTARIAN_PEPPER_ROOT;10053;18;10049;24;;;10066;5;10068;19;;;10059.5;0.0
av_WHEAT_d11;49000;ASH_COATED_OSMIUM;9943;13;9940;22;;;9949;12;9953;19;;;9946.0;0.0
av_WHEAT_d11;49000;INTARIAN_PEPPER_ROOT;10056;15;10052;13;;;10063;5;10065;24;;;10059.5;0.0
av_WHEAT_d11;49100;ASH_COATED_OSMIUM;9943;14;9939;22;;;9949;16;9951;19;;;9946.0;0.0
av_WHEAT_d11;49100;INTARIAN_PEPPER_ROOT;10056;6;10054;15;;;10062;14;10065;8;;;10059.0;0.0
av_WHEAT_d11;49200;ASH_COATED_OSMIUM;9942;13;9940;26;;;9948;16;9950;21;;;9945.0;0.0
av_WHEAT_d11;49200;INTARIAN_PEPPER_ROOT;10057;18;10055;22;;;10063;23;10066;14;;;10060.0;0.0
av_WHEAT_d11;49300;ASH_COATED_OSMIUM;9935;20;9932;17;;;9958;17;9961;25;;;9946.5;0.0
av_WHEAT_d11;49300;INTARIAN_PEPPER_ROOT;10053;10;10050;21;;;10067;17;10071;25;;;10060.0;0.0
av_WHEAT_d11;49400;ASH_COATED_OSMIUM;9943;18;9939;15;;;9949;13;9953;13;;;9946.0;0.0
av_WHEAT_d11;49400;INTARIAN_PEPPER_ROOT;10058;12;10054;15;;;10064;19;10067;20;;;10061.0;0.0
av_WHEAT_d11;49500;ASH_COATED_OSMIUM;9943;16;9940;19;;;9949;26;9953;21;;;9946.0;0.0
av_WHEAT_d11;49500;INTARIAN_PEPPER_ROOT;10058;16;10054;13;;;10064;17;10067;15;;;10061.0;0.0
av_WHEAT_d11;49600;ASH_COATED_OSMIUM;9937;8;9935;15;;;9955;18;9957;27;;;9946.0;0.0
av_WHEAT_d11;49600;INTARIAN_PEPPER_ROOT;10058;6;10055;24;;;10064;5;10067;15;;;10061.0;0.0
av_WHEAT_d11;49700;ASH_COATED_OSMIUM;9941;10;9939;20;;;9950;11;9953;13;;;9945.5;0.0
av_WHEAT_d11;49700;INTARIAN_PEPPER_ROOT;10056;13;10052;32;;;10068;18;10072;22;;;10062.0;0.0
av_WHEAT_d11;49800;ASH_COATED_OSMIUM;9943;14;9941;23;;;9949;9;9951;22;;;9946.0;0.0
av_WHEAT_d11;49800;INTARIAN_PEPPER_ROOT;10059;22;10057;16;;;10065;14;10067;15;;;10062.0;0.0
av_WHEAT_d11;49900;ASH_COATED_OSMIUM;9944;20;9942;14;;;9950;5;9953;27;;;9947.0;0.0
av_WHEAT_d11;49900;INTARIAN_PEPPER_ROOT;10060;9;10056;16;;;10066;23;10069;14;;;10063.0;0.0
av_WHEAT_d11;50000;ASH_COATED_OSMIUM;9944;16;9941;20;;;9950;5;9954;21;;;9947.0;0.0
av_WHEAT_d11;50000;INTARIAN_PEPPER_ROOT;10060;6;10058;21;;;10066;10;10069;23;;;10063.0;0.0
av_WHEAT_d11;50100;ASH_COATED_OSMIUM;9944;24;9941;14;;;9950;7;9954;15;;;9947.0;0.0
av_WHEAT_d11;50100;INTARIAN_PEPPER_ROOT;10056;15;10054;27;;;10072;16;10074;9;;;10064.0;0.0
av_WHEAT_d11;50200;ASH_COATED_OSMIUM;9943;13;9939;16;;;9950;22;9952;23;;;9946.5;0.0
av_WHEAT_d11;50200;INTARIAN_PEPPER_ROOT;10061;16;10058;21;;;10067;13;10069;27;;;10064.0;0.0
av_WHEAT_d11;50300;ASH_COATED_OSMIUM;9944;12;9940;15;;;9950;5;9953;20;;;9947.0;0.0
av_WHEAT_d11;50300;INTARIAN_PEPPER_ROOT;10061;12;10058;25;;;10067;17;10069;20;;;10064.0;0.0
av_WHEAT_d11;50400;ASH_COATED_OSMIUM;9944;14;9940;13;;;9950;18;9952;19;;;9947.0;0.0
av_WHEAT_d11;50400;INTARIAN_PEPPER_ROOT;10062;13;10060;21;;;10068;5;10072;24;;;10065.0;0.0
av_WHEAT_d11;50500;ASH_COATED_OSMIUM;9941;9;9939;21;;;9954;8;9956;25;;;9947.5;0.0
av_WHEAT_d11;50500;INTARIAN_PEPPER_ROOT;10061;5;10057;21;;;10070;20;10074;28;;;10065.5;0.0
av_WHEAT_d11;50600;ASH_COATED_OSMIUM;9944;9;9940;25;;;9950;16;9953;21;;;9947.0;0.0
av_WHEAT_d11;50600;INTARIAN_PEPPER_ROOT;10063;12;10059;31;;;10069;15;10073;19;;;10066.0;0.0
av_WHEAT_d11;50700;ASH_COATED_OSMIUM;9944;24;9942;20;;;9950;5;9952;20;;;9947.0;0.0
av_WHEAT_d11;50700;INTARIAN_PEPPER_ROOT;10063;13;10061;14;;;10069;19;10071;15;;;10066.0;0.0
av_WHEAT_d11;50800;ASH_COATED_OSMIUM;9944;5;9940;15;;;9950;15;9953;17;;;9947.0;0.0
av_WHEAT_d11;50800;INTARIAN_PEPPER_ROOT;10064;12;10060;16;;;10070;7;10074;21;;;10067.0;0.0
av_WHEAT_d11;50900;ASH_COATED_OSMIUM;9944;19;9940;24;;;9951;5;9953;26;;;9947.5;0.0
av_WHEAT_d11;50900;INTARIAN_PEPPER_ROOT;10063;13;10059;27;;;10071;20;10075;13;;;10067.0;0.0
av_WHEAT_d11;51000;ASH_COATED_OSMIUM;9945;22;9942;25;;;9951;19;9955;14;;;9948.0;0.0
av_WHEAT_d11;51000;INTARIAN_PEPPER_ROOT;10064;17;10061;12;;;10070;14;10073;8;;;10067.0;0.0
av_WHEAT_d11;51100;ASH_COATED_OSMIUM;9935;17;9933;22;;;9960;20;9962;23;;;9947.5;0.0
av_WHEAT_d11;51100;INTARIAN_PEPPER_ROOT;10065;23;10063;26;;;10071;14;10075;22;;;10068.0;0.0
av_WHEAT_d11;51200;ASH_COATED_OSMIUM;9945;15;9941;17;;;9951;21;9955;17;;;9948.0;0.0
av_WHEAT_d11;51200;INTARIAN_PEPPER_ROOT;10065;18;10063;28;;;10071;10;10074;23;;;10068.0;0.0
av_WHEAT_d11;51300;ASH_COATED_OSMIUM;9945;18;9943;17;;;9951;16;9953;28;;;9948.0;0.0
av_WHEAT_d11;51300;INTARIAN_PEPPER_ROOT;10047;20;10043;17;;;10089;8;10091;27;;;10068.0;0.0
av_WHEAT_d11;51400;ASH_COATED_OSMIUM;9945;13;9941;19;;;9951;17;9953;10;;;9948.0;0.0
av_WHEAT_d11;51400;INTARIAN_PEPPER_ROOT;10065;26;10063;27;;;10071;15;10073;20;;;10068.0;0.0
av_WHEAT_d11;51500;ASH_COATED_OSMIUM;9944;11;9941;28;;;9953;14;9955;23;;;9948.5;0.0
av_WHEAT_d11;51500;INTARIAN_PEPPER_ROOT;10061;5;10059;19;;;10076;5;10079;13;;;10068.5;0.0
av_WHEAT_d11;51600;ASH_COATED_OSMIUM;9946;19;9943;20;;;9952;14;9954;14;;;9949.0;0.0
av_WHEAT_d11;51600;INTARIAN_PEPPER_ROOT;10066;8;10062;20;;;10072;13;10075;15;;;10069.0;0.0
av_WHEAT_d11;51700;ASH_COATED_OSMIUM;9945;17;9941;19;;;9951;11;9954;22;;;9948.0;0.0
av_WHEAT_d11;51700;INTARIAN_PEPPER_ROOT;10065;20;10061;25;;;10071;11;10074;28;;;10068.0;0.0
av_WHEAT_d11;51800;ASH_COATED_OSMIUM;9945;17;9943;14;;;9951;8;9955;13;;;9948.0;0.0
av_WHEAT_d11;51800;INTARIAN_PEPPER_ROOT;10060;7;10057;16;;;10078;18;10081;19;;;10069.0;0.0
av_WHEAT_d11;51900;ASH_COATED_OSMIUM;9944;20;9941;23;;;9954;12;9956;24;;;9949.0;0.0
av_WHEAT_d11;51900;INTARIAN_PEPPER_ROOT;10064;18;10062;20;;;10074;12;10077;19;;;10069.0;0.0
av_WHEAT_d11;52000;ASH_COATED_OSMIUM;9946;12;9942;21;;;9952;15;9956;21;;;9949.0;0.0
av_WHEAT_d11;52000;INTARIAN_PEPPER_ROOT;10067;14;10065;20;;;10073;18;10076;23;;;10070.0;0.0
av_WHEAT_d11;52100;ASH_COATED_OSMIUM;9945;21;9942;15;;;9951;10;9954;16;;;9948.0;0.0
av_WHEAT_d11;52100;INTARIAN_PEPPER_ROOT;10066;17;10064;13;;;10072;18;10074;16;;;10069.0;0.0
av_WHEAT_d11;52200;ASH_COATED_OSMIUM;9946;21;9943;19;;;9952;17;9954;17;;;9949.0;0.0
av_WHEAT_d11;52200;INTARIAN_PEPPER_ROOT;10063;24;10061;31;;;10077;10;10081;20;;;10070.0;0.0
av_WHEAT_d11;52300;ASH_COATED_OSMIUM;9946;23;9944;19;;;9952;12;9955;15;;;9949.0;0.0
av_WHEAT_d11;52300;INTARIAN_PEPPER_ROOT;10067;21;10065;30;;;10073;22;10075;19;;;10070.0;0.0
av_WHEAT_d11;52400;ASH_COATED_OSMIUM;9944;17;9941;17;;;9953;9;9956;9;;;9948.5;0.0
av_WHEAT_d11;52400;INTARIAN_PEPPER_ROOT;10064;18;10062;18;;;10077;12;10081;18;;;10070.5;0.0
av_WHEAT_d11;52500;ASH_COATED_OSMIUM;9946;9;9942;21;;;9952;19;9955;12;;;9949.0;0.0
av_WHEAT_d11;52500;INTARIAN_PEPPER_ROOT;10068;16;10064;32;;;10074;10;10077;23;;;10071.0;0.0
av_WHEAT_d11;52600;ASH_COATED_OSMIUM;9947;10;9943;23;;;9953;16;9957;18;;;9950.0;0.0
av_WHEAT_d11;52600;INTARIAN_PEPPER_ROOT;10068;16;10064;21;;;10074;15;10078;21;;;10071.0;0.0
av_WHEAT_d11;52700;ASH_COATED_OSMIUM;9946;19;9943;24;;;9953;21;9955;18;;;9949.5;0.0
av_WHEAT_d11;52700;INTARIAN_PEPPER_ROOT;10064;11;10060;20;;;10078;9;10081;22;;;10071.0;0.0
av_WHEAT_d11;52800;ASH_COATED_OSMIUM;9938;20;9935;20;;;9962;13;9964;10;;;9950.0;0.0
av_WHEAT_d11;52800;INTARIAN_PEPPER_ROOT;10069;12;10065;19;;;10075;21;10077;18;;;10072.0;0.0
av_WHEAT_d11;52900;ASH_COATED_OSMIUM;9947;14;9943;17;;;9953;16;9956;25;;;9950.0;0.0
av_WHEAT_d11;52900;INTARIAN_PEPPER_ROOT;10067;16;10064;25;;;10075;5;10077;17;;;10071.0;0.0
av_WHEAT_d11;53000;ASH_COATED_OSMIUM;9947;20;9944;21;;;9953;21;9955;25;;;9950.0;0.0
av_WHEAT_d11;53000;INTARIAN_PEPPER_ROOT;10069;17;10065;13;;;10075;25;10077;14;;;10072.0;0.0
av_WHEAT_d11;53100;ASH_COATED_OSMIUM;9946;6;9943;17;;;9956;15;9960;22;;;9951.0;0.0
av_WHEAT_d11;53100;INTARIAN_PEPPER_ROOT;10070;11;10068;25;;;10076;23;10080;25;;;10073.0;0.0
av_WHEAT_d11;53200;ASH_COATED_OSMIUM;9948;6;9946;18;;;9954;18;9956;17;;;9951.0;0.0
av_WHEAT_d11;53200;INTARIAN_PEPPER_ROOT;10069;17;10065;10;;;10076;19;10078;22;;;10072.5;0.0
av_WHEAT_d11;53300;ASH_COATED_OSMIUM;9938;16;9936;14;;;9963;12;9965;28;;;9950.5;0.0
av_WHEAT_d11;53300;INTARIAN_PEPPER_ROOT;10070;11;10067;23;;;10076;14;10080;20;;;10073.0;0.0
av_WHEAT_d11;53400;ASH_COATED_OSMIUM;9947;8;9943;16;;;9955;25;9957;29;;;9951.0;0.0
av_WHEAT_d11;53400;INTARIAN_PEPPER_ROOT;10068;17;10064;27;;;10078;15;10080;28;;;10073.0;0.0
av_WHEAT_d11;53500;ASH_COATED_OSMIUM;9948;16;9945;17;;;9954;17;9957;16;;;9951.0;0.0
av_WHEAT_d11;53500;INTARIAN_PEPPER_ROOT;10070;22;10066;28;;;10076;14;10078;15;;;10073.0;0.0
av_WHEAT_d11;53600;ASH_COATED_OSMIUM;9944;14;9941;17;;;9957;13;9961;26;;;9950.5;0.0
av_WHEAT_d11;53600;INTARIAN_PEPPER_ROOT;10069;14;10066;18;;;10079;13;10082;21;;;10074.0;0.0
av_WHEAT_d11;53700;ASH_COATED_OSMIUM;9948;14;9946;18;;;9955;17;9959;23;;;9951.5;0.0
av_WHEAT_d11;53700;INTARIAN_PEPPER_ROOT;10071;15;10067;16;;;10077;28;10080;23;;;10074.0;0.0
av_WHEAT_d11;53800;ASH_COATED_OSMIUM;9944;14;9942;14;;;9960;9;9962;20;;;9952.0;0.0
av_WHEAT_d11;53800;INTARIAN_PEPPER_ROOT;10070;15;10067;25;;;10077;17;10079;33;;;10073.5;0.0
av_WHEAT_d11;53900;ASH_COATED_OSMIUM;9948;14;9945;22;;;9954;20;9956;15;;;9951.0;0.0
av_WHEAT_d11;53900;INTARIAN_PEPPER_ROOT;10072;5;10069;15;;;10078;10;10082;27;;;10075.0;0.0
av_WHEAT_d11;54000;ASH_COATED_OSMIUM;9949;15;9945;10;;;9955;15;9958;16;;;9952.0;0.0
av_WHEAT_d11;54000;INTARIAN_PEPPER_ROOT;10060;6;10057;20;;;10088;11;10091;26;;;10074.0;0.0
av_WHEAT_d11;54100;ASH_COATED_OSMIUM;9936;24;9934;21;;;9966;18;9970;17;;;9951.0;0.0
av_WHEAT_d11;54100;INTARIAN_PEPPER_ROOT;10072;10;10070;19;;;10078;18;10082;18;;;10075.0;0.0
av_WHEAT_d11;54200;ASH_COATED_OSMIUM;9943;18;9940;17;;;9961;16;9965;29;;;9952.0;0.0
av_WHEAT_d11;54200;INTARIAN_PEPPER_ROOT;10072;8;10068;17;;;10078;15;10080;18;;;10075.0;0.0
av_WHEAT_d11;54300;ASH_COATED_OSMIUM;9949;12;9945;20;;;9956;10;9960;16;;;9952.5;0.0
av_WHEAT_d11;54300;INTARIAN_PEPPER_ROOT;10072;18;10069;8;;;10078;14;10082;18;;;10075.0;0.0
av_WHEAT_d11;54400;ASH_COATED_OSMIUM;9949;15;9947;13;;;9955;15;9959;17;;;9952.0;0.0
av_WHEAT_d11;54400;INTARIAN_PEPPER_ROOT;10070;18;10068;22;;;10081;5;10085;21;;;10075.5;0.0
av_WHEAT_d11;54500;ASH_COATED_OSMIUM;9949;18;9945;9;;;9955;19;9959;20;;;9952.0;0.0
av_WHEAT_d11;54500;INTARIAN_PEPPER_ROOT;10072;7;10070;21;;;10082;23;10086;16;;;10077.0;0.0
av_WHEAT_d11;54600;ASH_COATED_OSMIUM;9949;13;9946;18;;;9955;11;9959;31;;;9952.0;0.0
av_WHEAT_d11;54600;INTARIAN_PEPPER_ROOT;10073;13;10070;29;;;10079;15;10083;21;;;10076.0;0.0
av_WHEAT_d11;54700;ASH_COATED_OSMIUM;9950;7;9946;20;;;9956;22;9959;19;;;9953.0;0.0
av_WHEAT_d11;54700;INTARIAN_PEPPER_ROOT;10074;7;10072;19;;;10080;15;10082;16;;;10077.0;0.0
av_WHEAT_d11;54800;ASH_COATED_OSMIUM;9950;5;9948;15;;;9956;19;9960;15;;;9953.0;0.0
av_WHEAT_d11;54800;INTARIAN_PEPPER_ROOT;10071;26;10069;25;;;10082;22;10086;22;;;10076.5;0.0
av_WHEAT_d11;54900;ASH_COATED_OSMIUM;9949;15;9946;16;;;9955;18;9959;25;;;9952.0;0.0
av_WHEAT_d11;54900;INTARIAN_PEPPER_ROOT;10074;20;10071;11;;;10080;12;10084;20;;;10077.0;0.0
av_WHEAT_d11;55000;ASH_COATED_OSMIUM;9947;23;9943;14;;;9958;15;9962;15;;;9952.5;0.0
av_WHEAT_d11;55000;INTARIAN_PEPPER_ROOT;10072;18;10070;25;;;10083;14;10086;16;;;10077.5;0.0
av_WHEAT_d11;55100;ASH_COATED_OSMIUM;9949;9;9945;13;;;9958;7;9961;32;;;9953.5;0.0
av_WHEAT_d11;55100;INTARIAN_PEPPER_ROOT;10074;13;10072;21;;;10080;14;10082;22;;;10077.0;0.0
av_WHEAT_d11;55200;ASH_COATED_OSMIUM;9950;12;9946;29;;;9956;11;9960;19;;;9953.0;0.0
av_WHEAT_d11;55200;INTARIAN_PEPPER_ROOT;10063;19;10061;22;;;10091;19;10093;13;;;10077.0;0.0
av_WHEAT_d11;55300;ASH_COATED_OSMIUM;9951;18;9949;23;;;9957;10;9961;18;;;9954.0;0.0
av_WHEAT_d11;55300;INTARIAN_PEPPER_ROOT;10074;22;10071;26;;;10082;11;10086;22;;;10078.0;0.0
av_WHEAT_d11;55400;ASH_COATED_OSMIUM;9945;21;9941;15;;;9961;20;9965;22;;;9953.0;0.0
av_WHEAT_d11;55400;INTARIAN_PEPPER_ROOT;10075;18;10073;24;;;10081;24;10084;26;;;10078.0;0.0
av_WHEAT_d11;55500;ASH_COATED_OSMIUM;9938;20;9935;19;;;9968;20;9972;15;;;9953.0;0.0
av_WHEAT_d11;55500;INTARIAN_PEPPER_ROOT;10075;14;10072;23;;;10081;14;10085;15;;;10078.0;0.0
av_WHEAT_d11;55600;ASH_COATED_OSMIUM;9948;15;9944;17;;;9959;12;9963;19;;;9953.5;0.0
av_WHEAT_d11;55600;INTARIAN_PEPPER_ROOT;10075;12;10073;32;;;10081;18;10085;18;;;10078.0;0.0
av_WHEAT_d11;55700;ASH_COATED_OSMIUM;9951;15;9949;20;;;9957;19;9959;29;;;9954.0;0.0
av_WHEAT_d11;55700;INTARIAN_PEPPER_ROOT;10077;9;10073;12;;;10083;22;10087;23;;;10080.0;0.0
av_WHEAT_d11;55800;ASH_COATED_OSMIUM;9951;20;9948;17;;;9957;5;9961;24;;;9954.0;0.0
av_WHEAT_d11;55800;INTARIAN_PEPPER_ROOT;10073;18;10070;10;;;10087;12;10090;16;;;10080.0;0.0
av_WHEAT_d11;55900;ASH_COATED_OSMIUM;9946;23;9943;24;;;9962;12;9964;15;;;9954.0;0.0
av_WHEAT_d11;55900;INTARIAN_PEPPER_ROOT;10076;27;10074;22;;;10082;13;10085;26;;;10079.0;0.0
av_WHEAT_d11;56000;ASH_COATED_OSMIUM;9950;21;9948;28;;;9958;20;9962;27;;;9954.0;0.0
av_WHEAT_d11;56000;INTARIAN_PEPPER_ROOT;10065;14;10062;27;;;10095;19;10099;16;;;10080.0;0.0
av_WHEAT_d11;56100;ASH_COATED_OSMIUM;9951;16;9948;21;;;9957;16;9961;9;;;9954.0;0.0
av_WHEAT_d11;56100;INTARIAN_PEPPER_ROOT;10077;15;10075;16;;;10083;15;10086;17;;;10080.0;0.0
av_WHEAT_d11;56200;ASH_COATED_OSMIUM;9951;18;9949;23;;;9957;23;9960;30;;;9954.0;0.0
av_WHEAT_d11;56200;INTARIAN_PEPPER_ROOT;10077;10;10074;20;;;10083;7;10086;14;;;10080.0;0.0
av_WHEAT_d11;56300;ASH_COATED_OSMIUM;9952;10;9948;24;;;9958;7;9960;21;;;9955.0;0.0
av_WHEAT_d11;56300;INTARIAN_PEPPER_ROOT;10077;9;10074;18;;;10083;21;10087;24;;;10080.0;0.0
av_WHEAT_d11;56400;ASH_COATED_OSMIUM;9952;21;9948;20;;;9958;20;9960;15;;;9955.0;0.0
av_WHEAT_d11;56400;INTARIAN_PEPPER_ROOT;10078;20;10074;20;;;10084;15;10088;10;;;10081.0;0.0
av_WHEAT_d11;56500;ASH_COATED_OSMIUM;9952;15;9948;27;;;9958;5;9960;24;;;9955.0;0.0
av_WHEAT_d11;56500;INTARIAN_PEPPER_ROOT;10079;20;10075;18;;;10085;12;10087;15;;;10082.0;0.0
av_WHEAT_d11;56600;ASH_COATED_OSMIUM;9951;13;9948;21;;;9959;10;9963;16;;;9955.0;0.0
av_WHEAT_d11;56600;INTARIAN_PEPPER_ROOT;10078;13;10075;19;;;10084;5;10086;16;;;10081.0;0.0
av_WHEAT_d11;56700;ASH_COATED_OSMIUM;9952;27;9949;16;;;9958;15;9962;19;;;9955.0;0.0
av_WHEAT_d11;56700;INTARIAN_PEPPER_ROOT;10078;12;10075;23;;;10085;13;10088;21;;;10081.5;0.0
av_WHEAT_d11;56800;ASH_COATED_OSMIUM;9952;13;9948;33;;;9958;15;9961;9;;;9955.0;0.0
av_WHEAT_d11;56800;INTARIAN_PEPPER_ROOT;10079;14;10075;15;;;10085;5;10089;17;;;10082.0;0.0
av_WHEAT_d11;56900;ASH_COATED_OSMIUM;9947;18;9945;21;;;9963;7;9965;14;;;9955.0;0.0
av_WHEAT_d11;56900;INTARIAN_PEPPER_ROOT;10061;14;10059;25;;;10105;14;10107;22;;;10083.0;0.0
av_WHEAT_d11;57000;ASH_COATED_OSMIUM;9952;5;9950;18;;;9959;20;9963;24;;;9955.5;0.0
av_WHEAT_d11;57000;INTARIAN_PEPPER_ROOT;10073;13;10070;19;;;10092;13;10095;15;;;10082.5;0.0
