day;timestamp;product;bid_price_1;bid_volume_1;bid_price_2;bid_volume_2;bid_price_3;bid_volume_3;ask_price_1;ask_volume_1;ask_price_2;ask_volume_2;ask_price_3;ask_volume_3;mid_price;profit_and_loss
av_COTTON_d10;0;ASH_COATED_OSMIUM;9918;12;9914;24;;;9936;5;9940;10;;;9927.0;0.0
av_COTTON_d10;0;INTARIAN_PEPPER_ROOT;10892;10;10890;14;;;10898;16;10901;22;;;10895.0;0.0
av_COTTON_d10;100;ASH_COATED_OSMIUM;9923;19;9921;27;;;9929;16;9933;15;;;9926.0;0.0
av_COTTON_d10;100;INTARIAN_PEPPER_ROOT;10892;10;10889;20;;;10898;26;10901;17;;;10895.0;0.0
av_COTTON_d10;200;ASH_COATED_OSMIUM;9924;18;9921;20;;;9930;14;9932;13;;;9927.0;0.0
av_COTTON_d10;200;INTARIAN_PEPPER_ROOT;10890;27;10888;29;;;10903;24;10907;21;;;10896.5;0.0
av_COTTON_d10;300;ASH_COATED_OSMIUM;9913;16;9910;17;;;9941;11;9943;19;;;9927.0;0.0
av_COTTON_d10;300;INTARIAN_PEPPER_ROOT;10894;14;10890;25;;;10900;11;10902;13;;;10897.0;0.0
av_COTTON_d10;400;ASH_COATED_OSMIUM;9924;11;9921;20;;;9930;26;9932;23;;;9927.0;0.0
av_COTTON_d10;400;INTARIAN_PEPPER_ROOT;10893;17;10889;10;;;10903;15;10906;21;;;10898.0;0.0
av_COTTON_d10;500;ASH_COATED_OSMIUM;9918;25;9914;22;;;9937;15;9939;11;;;9927.5;0.0
av_COTTON_d10;500;INTARIAN_PEPPER_ROOT;10893;20;10889;24;;;10902;23;10904;14;;;10897.5;0.0
av_COTTON_d10;600;ASH_COATED_OSMIUM;9924;5;9920;21;;;9930;16;9933;18;;;9927.0;0.0
av_COTTON_d10;600;INTARIAN_PEPPER_ROOT;10893;17;10889;30;;;10905;25;10908;17;;;10899.0;0.0
av_COTTON_d10;700;ASH_COATED_OSMIUM;9923;19;9919;15;;;9932;9;9935;22;;;9927.5;0.0
av_COTTON_d10;700;INTARIAN_PEPPER_ROOT;10897;10;10895;20;;;10903;15;10907;22;;;10900.0;0.0
av_COTTON_d10;800;ASH_COATED_OSMIUM;9914;20;9912;9;;;9940;16;9942;17;;;9927.0;0.0
av_COTTON_d10;800;INTARIAN_PEPPER_ROOT;10897;14;10893;22;;;10904;15;10906;22;;;10900.5;0.0
av_COTTON_d10;900;ASH_COATED_OSMIUM;9924;10;9922;15;;;9930;11;9933;24;;;9927.0;0.0
av_COTTON_d10;900;INTARIAN_PEPPER_ROOT;10898;14;10894;16;;;10904;18;10908;18;;;10901.0;0.0
av_COTTON_d10;1000;ASH_COATED_OSMIUM;9922;16;9918;14;;;9931;5;9935;23;;;9926.5;0.0
av_COTTON_d10;1000;INTARIAN_PEPPER_ROOT;10899;20;10897;26;;;10906;10;10909;23;;;10902.5;0.0
av_COTTON_d10;1100;ASH_COATED_OSMIUM;9924;17;9920;15;;;9930;21;9932;14;;;9927.0;0.0
av_COTTON_d10;1100;INTARIAN_PEPPER_ROOT;10895;20;10892;16;;;10911;15;10913;15;;;10903.0;0.0
av_COTTON_d10;1200;ASH_COATED_OSMIUM;9917;20;9915;17;;;9937;18;9940;28;;;9927.0;0.0
av_COTTON_d10;1200;INTARIAN_PEPPER_ROOT;10901;14;10899;16;;;10907;12;10909;13;;;10904.0;0.0
av_COTTON_d10;1300;ASH_COATED_OSMIUM;9924;6;9920;9;;;9930;11;9934;19;;;9927.0;0.0
av_COTTON_d10;1300;INTARIAN_PEPPER_ROOT;10902;23;10900;21;;;10908;19;10911;23;;;10905.0;0.0
av_COTTON_d10;1400;ASH_COATED_OSMIUM;9924;21;9920;35;;;9930;15;9933;12;;;9927.0;0.0
av_COTTON_d10;1400;INTARIAN_PEPPER_ROOT;10895;18;10892;15;;;10916;16;10920;13;;;10905.5;0.0
av_COTTON_d10;1500;ASH_COATED_OSMIUM;9925;14;9921;14;;;9931;12;9934;23;;;9928.0;0.0
av_COTTON_d10;1500;INTARIAN_PEPPER_ROOT;10904;12;10900;14;;;10910;9;10913;34;;;10907.0;0.0
av_COTTON_d10;1600;ASH_COATED_OSMIUM;9921;6;9918;19;;;9934;22;9938;22;;;9927.5;0.0
av_COTTON_d10;1600;INTARIAN_PEPPER_ROOT;10904;13;10900;20;;;10910;19;10913;13;;;10907.0;0.0
av_COTTON_d10;1700;ASH_COATED_OSMIUM;9921;22;9918;16;;;9934;30;9937;10;;;9927.5;0.0
av_COTTON_d10;1700;INTARIAN_PEPPER_ROOT;10905;17;10902;21;;;10911;21;10913;8;;;10908.0;0.0
av_COTTON_d10;1800;ASH_COATED_OSMIUM;9925;23;9923;17;;;9931;18;9935;21;;;9928.0;0.0
av_COTTON_d10;1800;INTARIAN_PEPPER_ROOT;10906;20;10904;21;;;10912;17;10914;15;;;10909.0;0.0
av_COTTON_d10;1900;ASH_COATED_OSMIUM;9924;12;9921;25;;;9932;10;9934;15;;;9928.0;0.0
av_COTTON_d10;1900;INTARIAN_PEPPER_ROOT;10901;10;10897;25;;;10917;5;10919;13;;;10909.0;0.0
av_COTTON_d10;2000;ASH_COATED_OSMIUM;9925;22;9923;19;;;9931;18;9933;29;;;9928.0;0.0
av_COTTON_d10;2000;INTARIAN_PEPPER_ROOT;10908;13;10906;14;;;10915;13;10919;20;;;10911.5;0.0
av_COTTON_d10;2100;ASH_COATED_OSMIUM;9921;5;9918;17;;;9935;11;9938;26;;;9928.0;0.0
av_COTTON_d10;2100;INTARIAN_PEPPER_ROOT;10906;15;10902;23;;;10916;14;10920;29;;;10911.0;0.0
av_COTTON_d10;2200;ASH_COATED_OSMIUM;9925;5;9922;25;;;9931;13;9935;17;;;9928.0;0.0
av_COTTON_d10;2200;INTARIAN_PEPPER_ROOT;10906;22;10902;30;;;10916;10;10919;20;;;10911.0;0.0
av_COTTON_d10;2300;ASH_COATED_OSMIUM;9915;20;9912;20;;;9941;26;9944;22;;;9928.0;0.0
av_COTTON_d10;2300;INTARIAN_PEPPER_ROOT;10909;8;10907;13;;;10917;19;10921;23;;;10913.0;0.0
av_COTTON_d10;2400;ASH_COATED_OSMIUM;9924;15;9922;15;;;9930;22;9934;17;;;9927.0;0.0
av_COTTON_d10;2400;INTARIAN_PEPPER_ROOT;10903;9;10901;22;;;10924;17;10928;19;;;10913.5;0.0
av_COTTON_d10;2500;ASH_COATED_OSMIUM;9921;11;9917;21;;;9935;13;9938;20;;;9928.0;0.0
av_COTTON_d10;2500;INTARIAN_PEPPER_ROOT;10905;15;10902;19;;;10925;16;10929;30;;;10915.0;0.0
av_COTTON_d10;2600;ASH_COATED_OSMIUM;9923;22;9920;24;;;9931;22;9935;26;;;9927.0;0.0
av_COTTON_d10;2600;INTARIAN_PEPPER_ROOT;10912;13;10910;22;;;10918;11;10920;13;;;10915.0;0.0
av_COTTON_d10;2700;ASH_COATED_OSMIUM;9918;9;9915;17;;;9938;17;9942;18;;;9928.0;0.0
av_COTTON_d10;2700;INTARIAN_PEPPER_ROOT;10908;17;10906;25;;;10923;19;10926;21;;;10915.5;0.0
av_COTTON_d10;2800;ASH_COATED_OSMIUM;9921;17;9918;19;;;9936;18;9939;21;;;9928.5;0.0
av_COTTON_d10;2800;INTARIAN_PEPPER_ROOT;10914;17;10911;16;;;10920;18;10923;19;;;10917.0;0.0
av_COTTON_d10;2900;ASH_COATED_OSMIUM;9917;19;9915;21;;;9938;24;9941;19;;;9927.5;0.0
av_COTTON_d10;2900;INTARIAN_PEPPER_ROOT;10913;13;10910;13;;;10922;9;10926;16;;;10917.5;0.0
av_COTTON_d10;3000;ASH_COATED_OSMIUM;9924;14;9921;17;;;9932;15;9934;20;;;9928.0;0.0
av_COTTON_d10;3000;INTARIAN_PEPPER_ROOT;10915;24;10913;24;;;10922;20;10924;20;;;10918.5;0.0
av_COTTON_d10;3100;ASH_COATED_OSMIUM;9924;12;9920;16;;;9932;20;9935;22;;;9928.0;0.0
av_COTTON_d10;3100;INTARIAN_PEPPER_ROOT;10915;15;10911;22;;;10923;18;10927;8;;;10919.0;0.0
av_COTTON_d10;3200;ASH_COATED_OSMIUM;9916;7;9913;14;;;9940;5;9944;13;;;9928.0;0.0
av_COTTON_d10;3200;INTARIAN_PEPPER_ROOT;10909;14;10907;19;;;10931;27;10933;20;;;10920.0;0.0
av_COTTON_d10;3300;ASH_COATED_OSMIUM;9925;5;9922;18;;;9931;24;9933;20;;;9928.0;0.0
av_COTTON_d10;3300;INTARIAN_PEPPER_ROOT;10918;13;10916;26;;;10924;9;10928;15;;;10921.0;0.0
av_COTTON_d10;3400;ASH_COATED_OSMIUM;9923;12;9920;25;;;9932;22;9936;22;;;9927.5;0.0
av_COTTON_d10;3400;INTARIAN_PEPPER_ROOT;10919;24;10917;20;;;10925;12;10928;14;;;10922.0;0.0
av_COTTON_d10;3500;ASH_COATED_OSMIUM;9925;15;9923;17;;;9931;16;9934;18;;;9928.0;0.0
av_COTTON_d10;3500;INTARIAN_PEPPER_ROOT;10912;11;10908;26;;;10933;10;10935;15;;;10922.5;0.0
av_COTTON_d10;3600;ASH_COATED_OSMIUM;9925;18;9921;25;;;9931;10;9933;16;;;9928.0;0.0
av_COTTON_d10;3600;INTARIAN_PEPPER_ROOT;10920;12;10916;19;;;10926;18;10929;20;;;10923.0;0.0
av_COTTON_d10;3700;ASH_COATED_OSMIUM;9924;21;9922;15;;;9932;19;9934;25;;;9928.0;0.0
av_COTTON_d10;3700;INTARIAN_PEPPER_ROOT;10905;11;10902;13;;;10943;24;10946;19;;;10924.0;0.0
av_COTTON_d10;3800;ASH_COATED_OSMIUM;9918;15;9916;21;;;9938;13;9940;10;;;9928.0;0.0
av_COTTON_d10;3800;INTARIAN_PEPPER_ROOT;10921;13;10918;13;;;10927;13;10929;16;;;10924.0;0.0
av_COTTON_d10;3900;ASH_COATED_OSMIUM;9925;17;9922;16;;;9931;17;9935;23;;;9928.0;0.0
av_COTTON_d10;3900;INTARIAN_PEPPER_ROOT;10923;15;10920;20;;;10929;19;10932;25;;;10926.0;0.0
av_COTTON_d10;4000;ASH_COATED_OSMIUM;9923;5;9919;24;;;9934;19;9937;23;;;9928.5;0.0
av_COTTON_d10;4000;INTARIAN_PEPPER_ROOT;10916;12;10912;19;;;10936;13;10940;17;;;10926.0;0.0
av_COTTON_d10;4100;ASH_COATED_OSMIUM;9921;17;9918;10;;;9936;22;9938;34;;;9928.5;0.0
av_COTTON_d10;4100;INTARIAN_PEPPER_ROOT;10925;9;10922;29;;;10931;18;10934;16;;;10928.0;0.0
av_COTTON_d10;4200;ASH_COATED_OSMIUM;9920;19;9916;19;;;9937;21;9940;26;;;9928.5;0.0
av_COTTON_d10;4200;INTARIAN_PEPPER_ROOT;10922;14;10918;18;;;10935;16;10937;15;;;10928.5;0.0
av_COTTON_d10;4300;ASH_COATED_OSMIUM;9925;6;9921;19;;;9931;10;9933;13;;;9928.0;0.0
av_COTTON_d10;4300;INTARIAN_PEPPER_ROOT;10923;15;10919;23;;;10933;17;10936;17;;;10928.0;0.0
av_COTTON_d10;4400;ASH_COATED_OSMIUM;9925;17;9922;24;;;9931;18;9934;18;;;9928.0;0.0
av_COTTON_d10;4400;INTARIAN_PEPPER_ROOT;10925;9;10921;22;;;10934;11;10938;23;;;10929.5;0.0
av_COTTON_d10;4500;ASH_COATED_OSMIUM;9909;8;9905;18;;;9947;13;9949;22;;;9928.0;0.0
av_COTTON_d10;4500;INTARIAN_PEPPER_ROOT;10927;18;10923;8;;;10933;13;10935;23;;;10930.0;0.0
av_COTTON_d10;4600;ASH_COATED_OSMIUM;9918;14;9914;22;;;9940;10;9944;19;;;9929.0;0.0
av_COTTON_d10;4600;INTARIAN_PEPPER_ROOT;10926;13;10922;16;;;10938;6;10941;23;;;10932.0;0.0
av_COTTON_d10;4700;ASH_COATED_OSMIUM;9918;14;9916;21;;;9940;14;9944;16;;;9929.0;0.0
av_COTTON_d10;4700;INTARIAN_PEPPER_ROOT;10929;17;10925;19;;;10935;13;10937;20;;;10932.0;0.0
av_COTTON_d10;4800;ASH_COATED_OSMIUM;9926;15;9924;21;;;9932;19;9936;14;;;9929.0;0.0
av_COTTON_d10;4800;INTARIAN_PEPPER_ROOT;10930;8;10927;21;;;10936;14;10939;22;;;10933.0;0.0
av_COTTON_d10;4900;ASH_COATED_OSMIUM;9921;14;9917;15;;;9936;12;9939;19;;;9928.5;0.0
av_COTTON_d10;4900;INTARIAN_PEPPER_ROOT;10931;8;10929;18;;;10937;9;10939;14;;;10934.0;0.0
av_COTTON_d10;5000;ASH_COATED_OSMIUM;9924;18;9922;12;;;9934;23;9938;21;;;9929.0;0.0
av_COTTON_d10;5000;INTARIAN_PEPPER_ROOT;10931;12;10929;20;;;10937;21;10939;15;;;10934.0;0.0
av_COTTON_d10;5100;ASH_COATED_OSMIUM;9926;10;9924;21;;;9932;13;9935;23;;;9929.0;0.0
av_COTTON_d10;5100;INTARIAN_PEPPER_ROOT;10932;21;10928;22;;;10938;12;10941;10;;;10935.0;0.0
av_COTTON_d10;5200;ASH_COATED_OSMIUM;9926;14;9924;20;;;9932;15;9936;18;;;9929.0;0.0
av_COTTON_d10;5200;INTARIAN_PEPPER_ROOT;10929;15;10927;23;;;10942;18;10946;18;;;10935.5;0.0
av_COTTON_d10;5300;ASH_COATED_OSMIUM;9925;16;9922;29;;;9932;18;9935;22;;;9928.5;0.0
av_COTTON_d10;5300;INTARIAN_PEPPER_ROOT;10929;12;10926;24;;;10944;18;10946;20;;;10936.5;0.0
av_COTTON_d10;5400;ASH_COATED_OSMIUM;9926;14;9922;13;;;9932;21;9936;16;;;9929.0;0.0
av_COTTON_d10;5400;INTARIAN_PEPPER_ROOT;10932;12;10930;16;;;10943;23;10947;16;;;10937.5;0.0
av_COTTON_d10;5500;ASH_COATED_OSMIUM;9926;15;9923;19;;;9932;17;9936;11;;;9929.0;0.0
av_COTTON_d10;5500;INTARIAN_PEPPER_ROOT;10935;12;10932;19;;;10943;18;10947;27;;;10939.0;0.0
av_COTTON_d10;5600;ASH_COATED_OSMIUM;9926;16;9924;15;;;9932;17;9936;22;;;9929.0;0.0
av_COTTON_d10;5600;INTARIAN_PEPPER_ROOT;10936;12;10933;16;;;10942;8;10944;27;;;10939.0;0.0
av_COTTON_d10;5700;ASH_COATED_OSMIUM;9925;19;9922;12;;;9934;19;9936;26;;;9929.5;0.0
av_COTTON_d10;5700;INTARIAN_PEPPER_ROOT;10936;10;10932;20;;;10945;14;10947;12;;;10940.5;0.0
av_COTTON_d10;5800;ASH_COATED_OSMIUM;9926;12;9924;20;;;9933;16;9936;17;;;9929.5;0.0
av_COTTON_d10;5800;INTARIAN_PEPPER_ROOT;10938;17;10934;14;;;10944;5;10946;27;;;10941.0;0.0
av_COTTON_d10;5900;ASH_COATED_OSMIUM;9926;18;9923;21;;;9932;15;9936;16;;;9929.0;0.0
av_COTTON_d10;5900;INTARIAN_PEPPER_ROOT;10933;11;10931;18;;;10951;15;10954;12;;;10942.0;0.0
av_COTTON_d10;6000;ASH_COATED_OSMIUM;9919;9;9917;18;;;9941;6;9943;24;;;9930.0;0.0
av_COTTON_d10;6000;INTARIAN_PEPPER_ROOT;10939;10;10935;24;;;10945;13;10949;16;;;10942.0;0.0
av_COTTON_d10;6100;ASH_COATED_OSMIUM;9926;16;9923;23;;;9932;14;9936;17;;;9929.0;0.0
av_COTTON_d10;6100;INTARIAN_PEPPER_ROOT;10939;22;10936;14;;;10945;10;10947;20;;;10942.0;0.0
av_COTTON_d10;6200;ASH_COATED_OSMIUM;9926;13;9923;27;;;9932;14;9934;10;;;9929.0;0.0
av_COTTON_d10;6200;INTARIAN_PEPPER_ROOT;10942;11;10939;15;;;10948;17;10950;10;;;10945.0;0.0
av_COTTON_d10;6300;ASH_COATED_OSMIUM;9927;5;9924;33;;;9933;21;9936;25;;;9930.0;0.0
av_COTTON_d10;6300;INTARIAN_PEPPER_ROOT;10942;9;10938;16;;;10948;9;10951;28;;;10945.0;0.0
av_COTTON_d10;6400;ASH_COATED_OSMIUM;9925;15;9921;22;;;9935;7;9938;12;;;9930.0;0.0
av_COTTON_d10;6400;INTARIAN_PEPPER_ROOT;10941;12;10938;16;;;10951;20;10955;18;;;10946.0;0.0
av_COTTON_d10;6500;ASH_COATED_OSMIUM;9926;18;9923;11;;;9932;19;9936;18;;;9929.0;0.0
av_COTTON_d10;6500;INTARIAN_PEPPER_ROOT;10942;11;10938;28;;;10950;15;10954;20;;;10946.0;0.0
av_COTTON_d10;6600;ASH_COATED_OSMIUM;9923;13;9920;12;;;9937;15;9939;18;;;9930.0;0.0
av_COTTON_d10;6600;INTARIAN_PEPPER_ROOT;10944;7;10941;21;;;10950;13;10952;21;;;10947.0;0.0
av_COTTON_d10;6700;ASH_COATED_OSMIUM;9926;12;9923;17;;;9934;15;9938;10;;;9930.0;0.0
av_COTTON_d10;6700;INTARIAN_PEPPER_ROOT;10941;18;10938;14;;;10955;21;10958;13;;;10948.0;0.0
av_COTTON_d10;6800;ASH_COATED_OSMIUM;9916;12;9914;12;;;9944;20;9948;27;;;9930.0;0.0
av_COTTON_d10;6800;INTARIAN_PEPPER_ROOT;10945;7;10941;12;;;10951;14;10954;25;;;10948.0;0.0
av_COTTON_d10;6900;ASH_COATED_OSMIUM;9927;6;9925;26;;;9933;12;9937;8;;;9930.0;0.0
av_COTTON_d10;6900;INTARIAN_PEPPER_ROOT;10946;11;10944;10;;;10952;18;10956;18;;;10949.0;0.0
av_COTTON_d10;7000;ASH_COATED_OSMIUM;9925;23;9922;25;;;9934;13;9938;13;;;9929.5;0.0
av_COTTON_d10;7000;INTARIAN_PEPPER_ROOT;10939;13;10935;20;;;10961;6;10963;21;;;10950.0;0.0
av_COTTON_d10;7100;ASH_COATED_OSMIUM;9927;15;9924;21;;;9933;18;9936;14;;;9930.0;0.0
av_COTTON_d10;7100;INTARIAN_PEPPER_ROOT;10948;17;10945;25;;;10954;14;10957;25;;;10951.0;0.0
av_COTTON_d10;7200;ASH_COATED_OSMIUM;9927;12;9925;29;;;9933;15;9935;21;;;9930.0;0.0
av_COTTON_d10;7200;INTARIAN_PEPPER_ROOT;10935;9;10932;26;;;10969;14;10973;21;;;10952.0;0.0
av_COTTON_d10;7300;ASH_COATED_OSMIUM;9925;14;9921;18;;;9934;15;9937;15;;;9929.5;0.0
av_COTTON_d10;7300;INTARIAN_PEPPER_ROOT;10950;14;10948;17;;;10956;8;10958;19;;;10953.0;0.0
av_COTTON_d10;7400;ASH_COATED_OSMIUM;9927;16;9923;20;;;9933;14;9935;10;;;9930.0;0.0
av_COTTON_d10;7400;INTARIAN_PEPPER_ROOT;10950;12;10946;18;;;10956;15;10958;8;;;10953.0;0.0
av_COTTON_d10;7500;ASH_COATED_OSMIUM;9928;17;9924;20;;;9934;6;9937;19;;;9931.0;0.0
av_COTTON_d10;7500;INTARIAN_PEPPER_ROOT;10948;21;10946;23;;;10961;15;10965;30;;;10954.5;0.0
av_COTTON_d10;7600;ASH_COATED_OSMIUM;9927;15;9925;20;;;9933;8;9937;28;;;9930.0;0.0
av_COTTON_d10;7600;INTARIAN_PEPPER_ROOT;10947;14;10944;17;;;10964;15;10966;21;;;10955.5;0.0
av_COTTON_d10;7700;ASH_COATED_OSMIUM;9927;25;9924;17;;;9933;23;9937;16;;;9930.0;0.0
av_COTTON_d10;7700;INTARIAN_PEPPER_ROOT;10950;5;10947;20;;;10963;17;10967;27;;;10956.5;0.0
av_COTTON_d10;7800;ASH_COATED_OSMIUM;9923;9;9920;28;;;9937;7;9939;12;;;9930.0;0.0
av_COTTON_d10;7800;INTARIAN_PEPPER_ROOT;10953;21;10950;18;;;10960;5;10963;17;;;10956.5;0.0
av_COTTON_d10;7900;ASH_COATED_OSMIUM;9927;13;9925;22;;;9933;19;9937;17;;;9930.0;0.0
av_COTTON_d10;7900;INTARIAN_PEPPER_ROOT;10955;10;10951;14;;;10961;12;10964;13;;;10958.0;0.0
av_COTTON_d10;8000;ASH_COATED_OSMIUM;9927;11;9924;18;;;9933;10;9937;25;;;9930.0;0.0
av_COTTON_d10;8000;INTARIAN_PEPPER_ROOT;10955;17;10951;13;;;10961;9;10964;17;;;10958.0;0.0
av_COTTON_d10;8100;ASH_COATED_OSMIUM;9927;19;9925;24;;;9933;13;9936;16;;;9930.0;0.0
av_COTTON_d10;8100;INTARIAN_PEPPER_ROOT;10954;16;10952;24;;;10965;9;10968;21;;;10959.5;0.0
av_COTTON_d10;8200;ASH_COATED_OSMIUM;9927;11;9925;17;;;9933;13;9937;13;;;9930.0;0.0
av_COTTON_d10;8200;INTARIAN_PEPPER_ROOT;10956;21;10954;23;;;10963;6;10965;21;;;10959.5;0.0
av_COTTON_d10;8300;ASH_COATED_OSMIUM;9927;5;9923;14;;;9933;11;9935;15;;;9930.0;0.0
av_COTTON_d10;8300;INTARIAN_PEPPER_ROOT;10953;25;10951;34;;;10968;14;10970;21;;;10960.5;0.0
av_COTTON_d10;8400;ASH_COATED_OSMIUM;9923;10;9919;23;;;9937;8;9940;17;;;9930.0;0.0
av_COTTON_d10;8400;INTARIAN_PEPPER_ROOT;10957;12;10955;21;;;10965;17;10969;24;;;10961.0;0.0
av_COTTON_d10;8500;ASH_COATED_OSMIUM;9913;16;9911;21;;;9948;5;9951;17;;;9930.5;0.0
av_COTTON_d10;8500;INTARIAN_PEPPER_ROOT;10949;17;10945;14;;;10976;5;10979;21;;;10962.5;0.0
av_COTTON_d10;8600;ASH_COATED_OSMIUM;9928;11;9925;13;;;9934;20;9936;18;;;9931.0;0.0
av_COTTON_d10;8600;INTARIAN_PEPPER_ROOT;10960;12;10958;19;;;10966;9;10969;22;;;10963.0;0.0
av_COTTON_d10;8700;ASH_COATED_OSMIUM;9927;21;9924;18;;;9933;6;9937;11;;;9930.0;0.0
av_COTTON_d10;8700;INTARIAN_PEPPER_ROOT;10960;21;10958;26;;;10966;5;10968;20;;;10963.0;0.0
av_COTTON_d10;8800;ASH_COATED_OSMIUM;9927;8;9924;21;;;9933;20;9935;17;;;9930.0;0.0
av_COTTON_d10;8800;INTARIAN_PEPPER_ROOT;10956;23;10954;25;;;10972;17;10974;15;;;10964.0;0.0
av_COTTON_d10;8900;ASH_COATED_OSMIUM;9927;10;9923;15;;;9935;20;9937;17;;;9931.0;0.0
av_COTTON_d10;8900;INTARIAN_PEPPER_ROOT;10962;22;10958;21;;;10968;9;10971;16;;;10965.0;0.0
av_COTTON_d10;9000;ASH_COATED_OSMIUM;9923;19;9920;10;;;9938;6;9940;22;;;9930.5;0.0
av_COTTON_d10;9000;INTARIAN_PEPPER_ROOT;10963;20;10961;22;;;10969;14;10972;17;;;10966.0;0.0
av_COTTON_d10;9100;ASH_COATED_OSMIUM;9927;14;9923;14;;;9933;5;9937;16;;;9930.0;0.0
av_COTTON_d10;9100;INTARIAN_PEPPER_ROOT;10964;11;10961;20;;;10970;10;10972;24;;;10967.0;0.0
av_COTTON_d10;9200;ASH_COATED_OSMIUM;9928;20;9926;29;;;9934;15;9937;13;;;9931.0;0.0
av_COTTON_d10;9200;INTARIAN_PEPPER_ROOT;10964;16;10962;19;;;10971;12;10975;27;;;10967.5;0.0
av_COTTON_d10;9300;ASH_COATED_OSMIUM;9928;10;9924;23;;;9934;5;9937;11;;;9931.0;0.0
av_COTTON_d10;9300;INTARIAN_PEPPER_ROOT;10964;10;10960;21;;;10972;19;10976;19;;;10968.0;0.0
av_COTTON_d10;9400;ASH_COATED_OSMIUM;9928;15;9924;23;;;9934;8;9938;25;;;9931.0;0.0
av_COTTON_d10;9400;INTARIAN_PEPPER_ROOT;10966;17;10962;22;;;10973;14;10975;13;;;10969.5;0.0
av_COTTON_d10;9500;ASH_COATED_OSMIUM;9927;12;9924;15;;;9933;27;9937;23;;;9930.0;0.0
av_COTTON_d10;9500;INTARIAN_PEPPER_ROOT;10967;16;10964;29;;;10973;8;10975;20;;;10970.0;0.0
av_COTTON_d10;9600;ASH_COATED_OSMIUM;9922;12;9919;28;;;9940;7;9944;12;;;9931.0;0.0
av_COTTON_d10;9600;INTARIAN_PEPPER_ROOT;10967;16;10963;24;;;10973;17;10975;19;;;10970.0;0.0
av_COTTON_d10;9700;ASH_COATED_OSMIUM;9928;12;9925;23;;;9934;13;9938;8;;;9931.0;0.0
av_COTTON_d10;9700;INTARIAN_PEPPER_ROOT;10969;16;10966;29;;;10975;10;10977;18;;;10972.0;0.0
av_COTTON_d10;9800;ASH_COATED_OSMIUM;9928;9;9926;19;;;9934;20;9937;9;;;9931.0;0.0
av_COTTON_d10;9800;INTARIAN_PEPPER_ROOT;10968;11;10965;18;;;10977;15;10979;20;;;10972.5;0.0
av_COTTON_d10;9900;ASH_COATED_OSMIUM;9928;10;9925;14;;;9934;20;9936;25;;;9931.0;0.0
av_COTTON_d10;9900;INTARIAN_PEPPER_ROOT;10971;18;10969;26;;;10977;13;10980;13;;;10974.0;0.0
av_COTTON_d10;10000;ASH_COATED_OSMIUM;9927;15;9925;24;;;9936;15;9938;15;;;9931.5;0.0
av_COTTON_d10;10000;INTARIAN_PEPPER_ROOT;10971;13;10969;13;;;10977;16;10980;24;;;10974.0;0.0
av_COTTON_d10;10100;ASH_COATED_OSMIUM;9927;17;9924;22;;;9935;10;9937;14;;;9931.0;0.0
av_COTTON_d10;10100;INTARIAN_PEPPER_ROOT;10972;25;10968;23;;;10978;11;10980;10;;;10975.0;0.0
av_COTTON_d10;10200;ASH_COATED_OSMIUM;9928;11;9926;23;;;9934;19;9938;12;;;9931.0;0.0
av_COTTON_d10;10200;INTARIAN_PEPPER_ROOT;10972;14;10968;17;;;10978;12;10981;28;;;10975.0;0.0
av_COTTON_d10;10300;ASH_COATED_OSMIUM;9928;15;9924;16;;;9934;19;9938;21;;;9931.0;0.0
av_COTTON_d10;10300;INTARIAN_PEPPER_ROOT;10974;9;10971;9;;;10980;15;10983;25;;;10977.0;0.0
av_COTTON_d10;10400;ASH_COATED_OSMIUM;9921;15;9918;19;;;9943;5;9946;23;;;9932.0;0.0
av_COTTON_d10;10400;INTARIAN_PEPPER_ROOT;10968;8;10966;13;;;10987;15;10989;15;;;10977.5;0.0
av_COTTON_d10;10500;ASH_COATED_OSMIUM;9929;7;9926;27;;;9935;11;9937;18;;;9932.0;0.0
av_COTTON_d10;10500;INTARIAN_PEPPER_ROOT;10971;7;10968;16;;;10985;25;10988;26;;;10978.0;0.0
av_COTTON_d10;10600;ASH_COATED_OSMIUM;9928;20;9925;12;;;9934;17;9938;21;;;9931.0;0.0
av_COTTON_d10;10600;INTARIAN_PEPPER_ROOT;10975;9;10973;8;;;10982;19;10985;22;;;10978.5;0.0
av_COTTON_d10;10700;ASH_COATED_OSMIUM;9928;19;9925;22;;;9934;13;9938;13;;;9931.0;0.0
av_COTTON_d10;10700;INTARIAN_PEPPER_ROOT;10977;13;10974;19;;;10983;23;10985;29;;;10980.0;0.0
av_COTTON_d10;10800;ASH_COATED_OSMIUM;9913;23;9910;19;;;9949;6;9953;23;;;9931.0;0.0
av_COTTON_d10;10800;INTARIAN_PEPPER_ROOT;10977;8;10974;15;;;10984;16;10986;22;;;10980.5;0.0
av_COTTON_d10;10900;ASH_COATED_OSMIUM;9928;15;9926;17;;;9935;21;9938;27;;;9931.5;0.0
av_COTTON_d10;10900;INTARIAN_PEPPER_ROOT;10978;9;10976;19;;;10984;7;10987;13;;;10981.0;0.0
av_COTTON_d10;11000;ASH_COATED_OSMIUM;9927;17;9923;24;;;9936;13;9940;16;;;9931.5;0.0
av_COTTON_d10;11000;INTARIAN_PEPPER_ROOT;10979;25;10976;25;;;10985;5;10989;27;;;10982.0;0.0
av_COTTON_d10;11100;ASH_COATED_OSMIUM;9929;5;9925;19;;;9935;24;9939;25;;;9932.0;0.0
av_COTTON_d10;11100;INTARIAN_PEPPER_ROOT;10980;14;10977;20;;;10986;23;10989;24;;;10983.0;0.0
av_COTTON_d10;11200;ASH_COATED_OSMIUM;9928;7;9926;16;;;9936;13;9938;26;;;9932.0;0.0
av_COTTON_d10;11200;INTARIAN_PEPPER_ROOT;10973;9;10970;18;;;10993;16;10996;19;;;10983.0;0.0
av_COTTON_d10;11300;ASH_COATED_OSMIUM;9927;17;9923;21;;;9937;15;9941;18;;;9932.0;0.0
av_COTTON_d10;11300;INTARIAN_PEPPER_ROOT;10981;19;10979;19;;;10987;14;10991;19;;;10984.0;0.0
av_COTTON_d10;11400;ASH_COATED_OSMIUM;9929;20;9926;21;;;9935;11;9937;14;;;9932.0;0.0
av_COTTON_d10;11400;INTARIAN_PEPPER_ROOT;10983;18;10980;14;;;10989;13;10991;21;;;10986.0;0.0
av_COTTON_d10;11500;ASH_COATED_OSMIUM;9929;8;9925;18;;;9935;9;9938;30;;;9932.0;0.0
av_COTTON_d10;11500;INTARIAN_PEPPER_ROOT;10982;11;10979;17;;;10988;11;10992;16;;;10985.0;0.0
av_COTTON_d10;11600;ASH_COATED_OSMIUM;9929;7;9927;23;;;9935;13;9938;23;;;9932.0;0.0
av_COTTON_d10;11600;INTARIAN_PEPPER_ROOT;10984;15;10982;24;;;10990;16;10993;26;;;10987.0;0.0
av_COTTON_d10;11700;ASH_COATED_OSMIUM;9925;16;9921;18;;;9939;7;9943;16;;;9932.0;0.0
av_COTTON_d10;11700;INTARIAN_PEPPER_ROOT;10973;24;10971;16;;;11002;18;11005;21;;;10987.5;0.0
av_COTTON_d10;11800;ASH_COATED_OSMIUM;9929;14;9926;18;;;9935;11;9937;24;;;9932.0;0.0
av_COTTON_d10;11800;INTARIAN_PEPPER_ROOT;10985;12;10981;17;;;10991;15;10994;19;;;10988.0;0.0
av_COTTON_d10;11900;ASH_COATED_OSMIUM;9928;19;9925;22;;;9935;23;9937;15;;;9931.5;0.0
av_COTTON_d10;11900;INTARIAN_PEPPER_ROOT;10986;11;10983;9;;;10992;17;10994;21;;;10989.0;0.0
av_COTTON_d10;12000;ASH_COATED_OSMIUM;9928;5;9925;23;;;9936;5;9938;25;;;9932.0;0.0
av_COTTON_d10;12000;INTARIAN_PEPPER_ROOT;10986;14;10984;17;;;10992;13;10996;20;;;10989.0;0.0
av_COTTON_d10;12100;ASH_COATED_OSMIUM;9919;6;9917;18;;;9946;20;9948;17;;;9932.5;0.0
av_COTTON_d10;12100;INTARIAN_PEPPER_ROOT;10987;17;10985;17;;;10995;17;10999;25;;;10991.0;0.0
av_COTTON_d10;12200;ASH_COATED_OSMIUM;9926;20;9922;13;;;9939;24;9942;25;;;9932.5;0.0
av_COTTON_d10;12200;INTARIAN_PEPPER_ROOT;10951;11;10947;15;;;11032;17;11036;26;;;10991.5;0.0
av_COTTON_d10;12300;ASH_COATED_OSMIUM;9928;10;9924;13;;;9934;23;9937;19;;;9931.0;0.0
av_COTTON_d10;12300;INTARIAN_PEPPER_ROOT;10986;17;10982;24;;;10997;16;11000;24;;;10991.5;0.0
av_COTTON_d10;12400;ASH_COATED_OSMIUM;9920;15;9916;29;;;9944;12;9946;23;;;9932.0;0.0
av_COTTON_d10;12400;INTARIAN_PEPPER_ROOT;10990;12;10987;10;;;10996;16;10998;20;;;10993.0;0.0
av_COTTON_d10;12500;ASH_COATED_OSMIUM;9927;15;9925;15;;;9936;18;9940;14;;;9931.5;0.0
av_COTTON_d10;12500;INTARIAN_PEPPER_ROOT;10991;26;10987;12;;;10997;21;10999;24;;;10994.0;0.0
av_COTTON_d10;12600;ASH_COATED_OSMIUM;9925;5;9921;20;;;9940;16;9942;19;;;9932.5;0.0
av_COTTON_d10;12600;INTARIAN_PEPPER_ROOT;10991;17;10989;15;;;10997;17;11000;28;;;10994.0;0.0
av_COTTON_d10;12700;ASH_COATED_OSMIUM;9930;16;9927;12;;;9936;10;9939;19;;;9933.0;0.0
av_COTTON_d10;12700;INTARIAN_PEPPER_ROOT;10992;14;10990;19;;;10998;15;11000;17;;;10995.0;0.0
av_COTTON_d10;12800;ASH_COATED_OSMIUM;9929;13;9926;15;;;9935;7;9939;13;;;9932.0;0.0
av_COTTON_d10;12800;INTARIAN_PEPPER_ROOT;10987;22;10984;24;;;11006;16;11010;22;;;10996.5;0.0
av_COTTON_d10;12900;ASH_COATED_OSMIUM;9928;17;9924;12;;;9939;15;9943;23;;;9933.5;0.0
av_COTTON_d10;12900;INTARIAN_PEPPER_ROOT;10994;16;10991;20;;;11000;20;11003;24;;;10997.0;0.0
av_COTTON_d10;13000;ASH_COATED_OSMIUM;9925;16;9922;21;;;9940;13;9943;24;;;9932.5;0.0
av_COTTON_d10;13000;INTARIAN_PEPPER_ROOT;10989;16;10985;18;;;11006;16;11008;19;;;10997.5;0.0
av_COTTON_d10;13100;ASH_COATED_OSMIUM;9928;17;9924;23;;;9935;12;9937;20;;;9931.5;0.0
av_COTTON_d10;13100;INTARIAN_PEPPER_ROOT;10996;15;10992;16;;;11002;13;11005;19;;;10999.0;0.0
av_COTTON_d10;13200;ASH_COATED_OSMIUM;9926;14;9924;13;;;9941;18;9943;16;;;9933.5;0.0
av_COTTON_d10;13200;INTARIAN_PEPPER_ROOT;10996;8;10994;19;;;11002;26;11005;20;;;10999.0;0.0
av_COTTON_d10;13300;ASH_COATED_OSMIUM;9929;24;9926;23;;;9935;15;9939;19;;;9932.0;0.0
av_COTTON_d10;13300;INTARIAN_PEPPER_ROOT;10997;9;10995;21;;;11003;18;11005;19;;;11000.0;0.0
av_COTTON_d10;13400;ASH_COATED_OSMIUM;9929;11;9927;22;;;9935;9;9937;17;;;9932.0;0.0
av_COTTON_d10;13400;INTARIAN_PEPPER_ROOT;10998;15;10994;17;;;11004;14;11008;19;;;11001.0;0.0
av_COTTON_d10;13500;ASH_COATED_OSMIUM;9929;12;9926;25;;;9935;20;9939;14;;;9932.0;0.0
av_COTTON_d10;13500;INTARIAN_PEPPER_ROOT;10998;17;10995;22;;;11004;14;11008;20;;;11001.0;0.0
av_COTTON_d10;13600;ASH_COATED_OSMIUM;9924;10;9922;19;;;9943;20;9947;22;;;9933.5;0.0
av_COTTON_d10;13600;INTARIAN_PEPPER_ROOT;10999;23;10995;9;;;11005;22;11009;25;;;11002.0;0.0
av_COTTON_d10;13700;ASH_COATED_OSMIUM;9930;13;9926;17;;;9936;14;9939;17;;;9933.0;0.0
av_COTTON_d10;13700;INTARIAN_PEPPER_ROOT;10998;22;10996;25;;;11009;23;11011;21;;;11003.5;0.0
av_COTTON_d10;13800;ASH_COATED_OSMIUM;9930;6;9928;25;;;9936;21;9938;19;;;9933.0;0.0
av_COTTON_d10;13800;INTARIAN_PEPPER_ROOT;11001;12;10999;19;;;11007;28;11009;20;;;11004.0;0.0
av_COTTON_d10;13900;ASH_COATED_OSMIUM;9930;16;9927;21;;;9936;24;9938;24;;;9933.0;0.0
av_COTTON_d10;13900;INTARIAN_PEPPER_ROOT;11002;14;11000;25;;;11008;15;11010;26;;;11005.0;0.0
av_COTTON_d10;14000;ASH_COATED_OSMIUM;9928;7;9924;20;;;9938;11;9942;16;;;9933.0;0.0
av_COTTON_d10;14000;INTARIAN_PEPPER_ROOT;11002;13;10998;25;;;11008;14;11011;26;;;11005.0;0.0
av_COTTON_d10;14100;ASH_COATED_OSMIUM;9930;14;9928;15;;;9936;5;9939;16;;;9933.0;0.0
av_COTTON_d10;14100;INTARIAN_PEPPER_ROOT;11000;7;10996;22;;;11013;10;11017;15;;;11006.5;0.0
av_COTTON_d10;14200;ASH_COATED_OSMIUM;9930;6;9926;25;;;9936;21;9940;15;;;9933.0;0.0
av_COTTON_d10;14200;INTARIAN_PEPPER_ROOT;11004;21;11001;14;;;11010;19;11013;26;;;11007.0;0.0
av_COTTON_d10;14300;ASH_COATED_OSMIUM;9930;25;9928;24;;;9936;15;9939;18;;;9933.0;0.0
av_COTTON_d10;14300;INTARIAN_PEPPER_ROOT;11005;12;11001;19;;;11011;13;11014;20;;;11008.0;0.0
av_COTTON_d10;14400;ASH_COATED_OSMIUM;9930;12;9927;33;;;9936;14;9940;23;;;9933.0;0.0
av_COTTON_d10;14400;INTARIAN_PEPPER_ROOT;11005;9;11003;20;;;11011;11;11015;20;;;11008.0;0.0
av_COTTON_d10;14500;ASH_COATED_OSMIUM;9930;10;9927;18;;;9936;12;9939;21;;;9933.0;0.0
av_COTTON_d10;14500;INTARIAN_PEPPER_ROOT;11006;7;11003;24;;;11012;10;11016;25;;;11009.0;0.0
av_COTTON_d10;14600;ASH_COATED_OSMIUM;9929;14;9926;18;;;9937;15;9940;26;;;9933.0;0.0
av_COTTON_d10;14600;INTARIAN_PEPPER_ROOT;11006;12;11003;29;;;11015;13;11018;22;;;11010.5;0.0
av_COTTON_d10;14700;ASH_COATED_OSMIUM;9927;15;9924;18;;;9939;17;9942;18;;;9933.0;0.0
av_COTTON_d10;14700;INTARIAN_PEPPER_ROOT;11008;24;11005;17;;;11014;16;11016;16;;;11011.0;0.0
av_COTTON_d10;14800;ASH_COATED_OSMIUM;9930;19;9926;29;;;9936;20;9940;24;;;9933.0;0.0
av_COTTON_d10;14800;INTARIAN_PEPPER_ROOT;11009;25;11005;24;;;11015;19;11018;17;;;11012.0;0.0
av_COTTON_d10;14900;ASH_COATED_OSMIUM;9931;17;9929;15;;;9937;15;9941;18;;;9934.0;0.0
av_COTTON_d10;14900;INTARIAN_PEPPER_ROOT;11010;19;11007;26;;;11016;17;11020;23;;;11013.0;0.0
av_COTTON_d10;15000;ASH_COATED_OSMIUM;9926;6;9922;11;;;9939;9;9941;18;;;9932.5;0.0
av_COTTON_d10;15000;INTARIAN_PEPPER_ROOT;11011;8;11009;15;;;11017;19;11020;19;;;11014.0;0.0
av_COTTON_d10;15100;ASH_COATED_OSMIUM;9931;13;9927;21;;;9937;10;9939;22;;;9934.0;0.0
av_COTTON_d10;15100;INTARIAN_PEPPER_ROOT;11012;12;11008;16;;;11018;15;11022;19;;;11015.0;0.0
av_COTTON_d10;15200;ASH_COATED_OSMIUM;9921;15;9919;18;;;9944;26;9947;25;;;9932.5;0.0
av_COTTON_d10;15200;INTARIAN_PEPPER_ROOT;11010;14;11006;12;;;11020;17;11023;28;;;11015.0;0.0
av_COTTON_d10;15300;ASH_COATED_OSMIUM;9930;6;9927;28;;;9936;12;9939;16;;;9933.0;0.0
av_COTTON_d10;15300;INTARIAN_PEPPER_ROOT;11007;13;11004;20;;;11026;18;11028;25;;;11016.5;0.0
av_COTTON_d10;15400;ASH_COATED_OSMIUM;9929;18;9925;13;;;9937;19;9941;20;;;9933.0;0.0
av_COTTON_d10;15400;INTARIAN_PEPPER_ROOT;11012;18;11010;13;;;11020;15;11023;12;;;11016.0;0.0
av_COTTON_d10;15500;ASH_COATED_OSMIUM;9928;15;9924;21;;;9939;7;9941;26;;;9933.5;0.0
av_COTTON_d10;15500;INTARIAN_PEPPER_ROOT;11014;9;11012;13;;;11020;17;11023;30;;;11017.0;0.0
av_COTTON_d10;15600;ASH_COATED_OSMIUM;9931;9;9929;21;;;9938;17;9942;22;;;9934.5;0.0
av_COTTON_d10;15600;INTARIAN_PEPPER_ROOT;11016;21;11014;18;;;11022;17;11025;22;;;11019.0;0.0
av_COTTON_d10;15700;ASH_COATED_OSMIUM;9930;16;9926;22;;;9936;12;9938;19;;;9933.0;0.0
av_COTTON_d10;15700;INTARIAN_PEPPER_ROOT;11016;11;11013;18;;;11022;21;11024;23;;;11019.0;0.0
av_COTTON_d10;15800;ASH_COATED_OSMIUM;9931;16;9928;24;;;9937;11;9940;25;;;9934.0;0.0
av_COTTON_d10;15800;INTARIAN_PEPPER_ROOT;11013;9;11009;22;;;11027;8;11031;27;;;11020.0;0.0
av_COTTON_d10;15900;ASH_COATED_OSMIUM;9921;19;9917;16;;;9946;9;9950;18;;;9933.5;0.0
av_COTTON_d10;15900;INTARIAN_PEPPER_ROOT;11018;6;11014;16;;;11024;23;11027;18;;;11021.0;0.0
av_COTTON_d10;16000;ASH_COATED_OSMIUM;9931;16;9929;28;;;9937;12;9941;23;;;9934.0;0.0
av_COTTON_d10;16000;INTARIAN_PEPPER_ROOT;11019;12;11016;8;;;11025;12;11027;17;;;11022.0;0.0
av_COTTON_d10;16100;ASH_COATED_OSMIUM;9931;8;9929;14;;;9937;14;9941;8;;;9934.0;0.0
av_COTTON_d10;16100;INTARIAN_PEPPER_ROOT;11020;9;11018;18;;;11026;13;11029;28;;;11023.0;0.0
av_COTTON_d10;16200;ASH_COATED_OSMIUM;9931;11;9928;26;;;9937;20;9940;22;;;9934.0;0.0
av_COTTON_d10;16200;INTARIAN_PEPPER_ROOT;11021;11;11018;23;;;11027;14;11029;24;;;11024.0;0.0
av_COTTON_d10;16300;ASH_COATED_OSMIUM;9931;23;9929;14;;;9937;11;9940;14;;;9934.0;0.0
av_COTTON_d10;16300;INTARIAN_PEPPER_ROOT;11020;16;11017;12;;;11030;7;11033;28;;;11025.0;0.0
av_COTTON_d10;16400;ASH_COATED_OSMIUM;9928;9;9926;23;;;9942;18;9946;18;;;9935.0;0.0
av_COTTON_d10;16400;INTARIAN_PEPPER_ROOT;11021;10;11019;8;;;11029;15;11033;22;;;11025.0;0.0
av_COTTON_d10;16500;ASH_COATED_OSMIUM;9930;14;9927;18;;;9936;11;9940;13;;;9933.0;0.0
av_COTTON_d10;16500;INTARIAN_PEPPER_ROOT;11023;7;11019;26;;;11029;18;11033;19;;;11026.0;0.0
av_COTTON_d10;16600;ASH_COATED_OSMIUM;9931;17;9929;17;;;9937;14;9941;26;;;9934.0;0.0
av_COTTON_d10;16600;INTARIAN_PEPPER_ROOT;11015;13;11013;26;;;11037;15;11041;14;;;11026.0;0.0
av_COTTON_d10;16700;ASH_COATED_OSMIUM;9931;22;9929;25;;;9937;12;9939;30;;;9934.0;0.0
av_COTTON_d10;16700;INTARIAN_PEPPER_ROOT;11024;11;11022;26;;;11030;21;11034;20;;;11027.0;0.0
av_COTTON_d10;16800;ASH_COATED_OSMIUM;9930;20;9926;8;;;9940;18;9943;20;;;9935.0;0.0
av_COTTON_d10;16800;INTARIAN_PEPPER_ROOT;11025;19;11021;16;;;11031;10;11034;13;;;11028.0;0.0
av_COTTON_d10;16900;ASH_COATED_OSMIUM;9926;19;9922;16;;;9941;13;9945;24;;;9933.5;0.0
av_COTTON_d10;16900;INTARIAN_PEPPER_ROOT;11025;15;11023;26;;;11031;13;11035;24;;;11028.0;0.0
av_COTTON_d10;17000;ASH_COATED_OSMIUM;9921;14;9918;17;;;9947;14;9951;18;;;9934.0;0.0
av_COTTON_d10;17000;INTARIAN_PEPPER_ROOT;11027;15;11025;13;;;11033;19;11036;29;;;11030.0;0.0
av_COTTON_d10;17100;ASH_COATED_OSMIUM;9931;27;9928;17;;;9937;12;9941;27;;;9934.0;0.0
av_COTTON_d10;17100;INTARIAN_PEPPER_ROOT;11022;18;11018;16;;;11037;19;11040;28;;;11029.5;0.0
av_COTTON_d10;17200;ASH_COATED_OSMIUM;9931;23;9927;24;;;9937;6;9941;24;;;9934.0;0.0
av_COTTON_d10;17200;INTARIAN_PEPPER_ROOT;11027;15;11024;21;;;11033;13;11036;21;;;11030.0;0.0
av_COTTON_d10;17300;ASH_COATED_OSMIUM;9926;5;9924;15;;;9942;9;9944;26;;;9934.0;0.0
av_COTTON_d10;17300;INTARIAN_PEPPER_ROOT;11028;16;11024;16;;;11034;6;11036;23;;;11031.0;0.0
av_COTTON_d10;17400;ASH_COATED_OSMIUM;9930;11;9927;19;;;9936;11;9938;29;;;9933.0;0.0
av_COTTON_d10;17400;INTARIAN_PEPPER_ROOT;11028;19;11026;23;;;11034;14;11037;15;;;11031.0;0.0
av_COTTON_d10;17500;ASH_COATED_OSMIUM;9932;18;9928;29;;;9938;11;9942;14;;;9935.0;0.0
av_COTTON_d10;17500;INTARIAN_PEPPER_ROOT;11028;14;11026;18;;;11034;19;11038;16;;;11031.0;0.0
av_COTTON_d10;17600;ASH_COATED_OSMIUM;9928;16;9926;20;;;9940;16;9943;21;;;9934.0;0.0
av_COTTON_d10;17600;INTARIAN_PEPPER_ROOT;11029;18;11025;8;;;11035;18;11037;19;;;11032.0;0.0
av_COTTON_d10;17700;ASH_COATED_OSMIUM;9930;24;9927;15;;;9938;21;9942;20;;;9934.0;0.0
av_COTTON_d10;17700;INTARIAN_PEPPER_ROOT;11027;8;11024;16;;;11038;8;11041;13;;;11032.5;0.0
av_COTTON_d10;17800;ASH_COATED_OSMIUM;9930;12;9928;30;;;9938;25;9942;22;;;9934.0;0.0
av_COTTON_d10;17800;INTARIAN_PEPPER_ROOT;11030;5;11026;26;;;11036;18;11039;13;;;11033.0;0.0
av_COTTON_d10;17900;ASH_COATED_OSMIUM;9931;16;9928;14;;;9937;14;9939;10;;;9934.0;0.0
av_COTTON_d10;17900;INTARIAN_PEPPER_ROOT;11030;17;11028;20;;;11036;8;11040;22;;;11033.0;0.0
av_COTTON_d10;18000;ASH_COATED_OSMIUM;9931;10;9927;13;;;9937;22;9939;13;;;9934.0;0.0
av_COTTON_d10;18000;INTARIAN_PEPPER_ROOT;11030;13;11026;18;;;11038;16;11040;12;;;11034.0;0.0
av_COTTON_d10;18100;ASH_COATED_OSMIUM;9931;15;9928;16;;;9937;18;9941;23;;;9934.0;0.0
av_COTTON_d10;18100;INTARIAN_PEPPER_ROOT;11032;21;11030;25;;;11038;11;11042;26;;;11035.0;0.0
av_COTTON_d10;18200;ASH_COATED_OSMIUM;9931;9;9929;23;;;9937;14;9941;24;;;9934.0;0.0
av_COTTON_d10;18200;INTARIAN_PEPPER_ROOT;11032;19;11030;24;;;11038;14;11042;19;;;11035.0;0.0
av_COTTON_d10;18300;ASH_COATED_OSMIUM;9926;8;9924;21;;;9941;15;9943;18;;;9933.5;0.0
av_COTTON_d10;18300;INTARIAN_PEPPER_ROOT;11032;14;11029;17;;;11038;24;11040;23;;;11035.0;0.0
av_COTTON_d10;18400;ASH_COATED_OSMIUM;9930;14;9926;21;;;9936;15;9940;21;;;9933.0;0.0
av_COTTON_d10;18400;INTARIAN_PEPPER_ROOT;11033;10;11029;18;;;11039;20;11042;26;;;11036.0;0.0
av_COTTON_d10;18500;ASH_COATED_OSMIUM;9931;23;9929;14;;;9937;17;9939;9;;;9934.0;0.0
av_COTTON_d10;18500;INTARIAN_PEPPER_ROOT;11033;16;11029;18;;;11039;13;11043;24;;;11036.0;0.0
av_COTTON_d10;18600;ASH_COATED_OSMIUM;9931;11;9929;21;;;9937;14;9941;22;;;9934.0;0.0
av_COTTON_d10;18600;INTARIAN_PEPPER_ROOT;11029;21;11027;12;;;11044;7;11048;24;;;11036.5;0.0
av_COTTON_d10;18700;ASH_COATED_OSMIUM;9928;15;9924;18;;;9938;8;9941;21;;;9933.0;0.0
av_COTTON_d10;18700;INTARIAN_PEPPER_ROOT;11033;10;11029;25;;;11042;23;11045;15;;;11037.5;0.0
av_COTTON_d10;18800;ASH_COATED_OSMIUM;9931;19;9928;25;;;9937;14;9940;24;;;9934.0;0.0
av_COTTON_d10;18800;INTARIAN_PEPPER_ROOT;11027;26;11025;21;;;11048;14;11052;12;;;11037.5;0.0
av_COTTON_d10;18900;ASH_COATED_OSMIUM;9928;9;9924;19;;;9939;18;9942;23;;;9933.5;0.0
av_COTTON_d10;18900;INTARIAN_PEPPER_ROOT;11035;15;11032;22;;;11041;28;11043;26;;;11038.0;0.0
av_COTTON_d10;19000;ASH_COATED_OSMIUM;9930;12;9926;22;;;9936;18;9938;15;;;9933.0;0.0
av_COTTON_d10;19000;INTARIAN_PEPPER_ROOT;11034;10;11031;19;;;11043;9;11046;23;;;11038.5;0.0
av_COTTON_d10;19100;ASH_COATED_OSMIUM;9931;26;9929;22;;;9937;18;9941;12;;;9934.0;0.0
av_COTTON_d10;19100;INTARIAN_PEPPER_ROOT;11036;14;11032;23;;;11042;5;11046;27;;;11039.0;0.0
av_COTTON_d10;19200;ASH_COATED_OSMIUM;9924;12;9920;20;;;9942;13;9945;17;;;9933.0;0.0
av_COTTON_d10;19200;INTARIAN_PEPPER_ROOT;11032;17;11030;17;;;11046;14;11050;19;;;11039.0;0.0
av_COTTON_d10;19300;ASH_COATED_OSMIUM;9930;12;9926;17;;;9936;6;9939;19;;;9933.0;0.0
av_COTTON_d10;19300;INTARIAN_PEPPER_ROOT;11037;6;11034;19;;;11043;9;11046;17;;;11040.0;0.0
av_COTTON_d10;19400;ASH_COATED_OSMIUM;9930;15;9928;22;;;9936;26;9938;21;;;9933.0;0.0
av_COTTON_d10;19400;INTARIAN_PEPPER_ROOT;11037;9;11034;15;;;11043;16;11046;24;;;11040.0;0.0
av_COTTON_d10;19500;ASH_COATED_OSMIUM;9931;14;9929;16;;;9937;20;9940;14;;;9934.0;0.0
av_COTTON_d10;19500;INTARIAN_PEPPER_ROOT;11037;21;11034;28;;;11043;16;11046;20;;;11040.0;0.0
av_COTTON_d10;19600;ASH_COATED_OSMIUM;9928;15;9924;16;;;9940;16;9944;18;;;9934.0;0.0
av_COTTON_d10;19600;INTARIAN_PEPPER_ROOT;11032;10;11029;18;;;11050;18;11052;17;;;11041.0;0.0
av_COTTON_d10;19700;ASH_COATED_OSMIUM;9930;11;9926;29;;;9936;12;9939;18;;;9933.0;0.0
av_COTTON_d10;19700;INTARIAN_PEPPER_ROOT;11039;8;11035;25;;;11045;18;11048;14;;;11042.0;0.0
av_COTTON_d10;19800;ASH_COATED_OSMIUM;9931;15;9929;19;;;9937;10;9940;16;;;9934.0;0.0
av_COTTON_d10;19800;INTARIAN_PEPPER_ROOT;11039;11;11035;13;;;11045;14;11048;18;;;11042.0;0.0
av_COTTON_d10;19900;ASH_COATED_OSMIUM;9930;5;9927;33;;;9936;15;9938;24;;;9933.0;0.0
av_COTTON_d10;19900;INTARIAN_PEPPER_ROOT;11036;16;11034;15;;;11049;17;11053;15;;;11042.5;0.0
av_COTTON_d10;20000;ASH_COATED_OSMIUM;9929;15;9927;17;;;9937;22;9941;12;;;9933.0;0.0
av_COTTON_d10;20000;INTARIAN_PEPPER_ROOT;11040;5;11037;21;;;11046;6;11050;21;;;11043.0;0.0
av_COTTON_d10;20100;ASH_COATED_OSMIUM;9930;27;9926;17;;;9937;13;9941;17;;;9933.5;0.0
av_COTTON_d10;20100;INTARIAN_PEPPER_ROOT;11040;8;11037;13;;;11047;15;11051;21;;;11043.5;0.0
av_COTTON_d10;20200;ASH_COATED_OSMIUM;9930;15;9928;15;;;9936;11;9939;16;;;9933.0;0.0
av_COTTON_d10;20200;INTARIAN_PEPPER_ROOT;11041;20;11037;21;;;11047;12;11050;13;;;11044.0;0.0
av_COTTON_d10;20300;ASH_COATED_OSMIUM;9930;7;9928;21;;;9936;12;9939;15;;;9933.0;0.0
av_COTTON_d10;20300;INTARIAN_PEPPER_ROOT;11034;12;11032;20;;;11054;23;11058;17;;;11044.0;0.0
av_COTTON_d10;20400;ASH_COATED_OSMIUM;9922;20;9920;18;;;9944;19;9946;24;;;9933.0;0.0
av_COTTON_d10;20400;INTARIAN_PEPPER_ROOT;11042;21;11039;14;;;11048;21;11052;16;;;11045.0;0.0
av_COTTON_d10;20500;ASH_COATED_OSMIUM;9927;11;9924;12;;;9940;15;9944;22;;;9933.5;0.0
av_COTTON_d10;20500;INTARIAN_PEPPER_ROOT;11042;14;11039;16;;;11048;20;11051;29;;;11045.0;0.0
av_COTTON_d10;20600;ASH_COATED_OSMIUM;9930;20;9928;17;;;9936;8;9939;16;;;9933.0;0.0
av_COTTON_d10;20600;INTARIAN_PEPPER_ROOT;11043;13;11039;30;;;11049;14;11053;9;;;11046.0;0.0
av_COTTON_d10;20700;ASH_COATED_OSMIUM;9928;8;9924;23;;;9937;5;9940;15;;;9932.5;0.0
av_COTTON_d10;20700;INTARIAN_PEPPER_ROOT;11036;12;11032;20;;;11056;19;11059;27;;;11046.0;0.0
av_COTTON_d10;20800;ASH_COATED_OSMIUM;9930;14;9928;30;;;9936;18;9939;15;;;9933.0;0.0
av_COTTON_d10;20800;INTARIAN_PEPPER_ROOT;11042;19;11038;27;;;11052;22;11056;25;;;11047.0;0.0
av_COTTON_d10;20900;ASH_COATED_OSMIUM;9927;20;9923;15;;;9940;12;9942;19;;;9933.5;0.0
av_COTTON_d10;20900;INTARIAN_PEPPER_ROOT;11044;21;11041;24;;;11050;19;11053;17;;;11047.0;0.0
av_COTTON_d10;21000;ASH_COATED_OSMIUM;9930;13;9928;18;;;9936;11;9938;17;;;9933.0;0.0
av_COTTON_d10;21000;INTARIAN_PEPPER_ROOT;11044;20;11042;15;;;11051;23;11053;25;;;11047.5;0.0
av_COTTON_d10;21100;ASH_COATED_OSMIUM;9930;14;9926;14;;;9936;18;9940;10;;;9933.0;0.0
av_COTTON_d10;21100;INTARIAN_PEPPER_ROOT;11046;18;11044;17;;;11052;19;11054;31;;;11049.0;0.0
av_COTTON_d10;21200;ASH_COATED_OSMIUM;9930;6;9927;22;;;9936;14;9938;28;;;9933.0;0.0
av_COTTON_d10;21200;INTARIAN_PEPPER_ROOT;11046;9;11043;19;;;11052;15;11056;21;;;11049.0;0.0
av_COTTON_d10;21300;ASH_COATED_OSMIUM;9930;9;9927;12;;;9936;12;9938;16;;;9933.0;0.0
av_COTTON_d10;21300;INTARIAN_PEPPER_ROOT;11046;5;11042;17;;;11052;17;11054;17;;;11049.0;0.0
av_COTTON_d10;21400;ASH_COATED_OSMIUM;9926;22;9922;16;;;9940;19;9944;19;;;9933.0;0.0
av_COTTON_d10;21400;INTARIAN_PEPPER_ROOT;11047;14;11045;16;;;11053;10;11056;19;;;11050.0;0.0
av_COTTON_d10;21500;ASH_COATED_OSMIUM;9930;21;9927;26;;;9936;15;9938;15;;;9933.0;0.0
av_COTTON_d10;21500;INTARIAN_PEPPER_ROOT;11047;17;11044;15;;;11053;6;11055;23;;;11050.0;0.0
av_COTTON_d10;21600;ASH_COATED_OSMIUM;9930;14;9927;23;;;9936;18;9939;23;;;9933.0;0.0
av_COTTON_d10;21600;INTARIAN_PEPPER_ROOT;11048;10;11046;15;;;11054;14;11058;23;;;11051.0;0.0
av_COTTON_d10;21700;ASH_COATED_OSMIUM;9930;12;9928;20;;;9936;18;9939;22;;;9933.0;0.0
av_COTTON_d10;21700;INTARIAN_PEPPER_ROOT;11047;17;11045;22;;;11054;12;11057;33;;;11050.5;0.0
av_COTTON_d10;21800;ASH_COATED_OSMIUM;9925;15;9921;19;;;9941;15;9945;18;;;9933.0;0.0
av_COTTON_d10;21800;INTARIAN_PEPPER_ROOT;11048;16;11045;8;;;11054;30;11058;12;;;11051.0;0.0
av_COTTON_d10;21900;ASH_COATED_OSMIUM;9930;11;9926;14;;;9936;11;9940;23;;;9933.0;0.0
av_COTTON_d10;21900;INTARIAN_PEPPER_ROOT;11049;13;11045;26;;;11055;12;11057;24;;;11052.0;0.0
av_COTTON_d10;22000;ASH_COATED_OSMIUM;9923;22;9920;19;;;9942;21;9946;24;;;9932.5;0.0
av_COTTON_d10;22000;INTARIAN_PEPPER_ROOT;11049;12;11047;24;;;11055;14;11059;19;;;11052.0;0.0
av_COTTON_d10;22100;ASH_COATED_OSMIUM;9930;14;9928;19;;;9936;15;9938;15;;;9933.0;0.0
av_COTTON_d10;22100;INTARIAN_PEPPER_ROOT;11049;15;11047;16;;;11055;8;11058;18;;;11052.0;0.0
av_COTTON_d10;22200;ASH_COATED_OSMIUM;9929;17;9925;15;;;9936;20;9940;17;;;9932.5;0.0
av_COTTON_d10;22200;INTARIAN_PEPPER_ROOT;11041;14;11039;25;;;11066;6;11070;21;;;11053.5;0.0
av_COTTON_d10;22300;ASH_COATED_OSMIUM;9929;5;9925;28;;;9935;21;9937;24;;;9932.0;0.0
av_COTTON_d10;22300;INTARIAN_PEPPER_ROOT;11042;9;11040;18;;;11066;20;11068;21;;;11054.0;0.0
av_COTTON_d10;22400;ASH_COATED_OSMIUM;9928;16;9924;16;;;9936;18;9940;32;;;9932.0;0.0
av_COTTON_d10;22400;INTARIAN_PEPPER_ROOT;11051;22;11049;24;;;11057;30;11060;14;;;11054.0;0.0
av_COTTON_d10;22500;ASH_COATED_OSMIUM;9930;14;9928;17;;;9936;14;9939;18;;;9933.0;0.0
av_COTTON_d10;22500;INTARIAN_PEPPER_ROOT;11051;21;11049;20;;;11057;24;11060;24;;;11054.0;0.0
av_COTTON_d10;22600;ASH_COATED_OSMIUM;9926;13;9923;26;;;9939;12;9941;23;;;9932.5;0.0
av_COTTON_d10;22600;INTARIAN_PEPPER_ROOT;11052;20;11048;18;;;11058;19;11060;17;;;11055.0;0.0
av_COTTON_d10;22700;ASH_COATED_OSMIUM;9930;14;9927;14;;;9936;12;9938;26;;;9933.0;0.0
av_COTTON_d10;22700;INTARIAN_PEPPER_ROOT;11050;21;11047;24;;;11060;9;11063;19;;;11055.0;0.0
av_COTTON_d10;22800;ASH_COATED_OSMIUM;9929;6;9927;22;;;9935;17;9939;22;;;9932.0;0.0
av_COTTON_d10;22800;INTARIAN_PEPPER_ROOT;11050;10;11047;22;;;11063;14;11065;27;;;11056.5;0.0
av_COTTON_d10;22900;ASH_COATED_OSMIUM;9930;9;9926;18;;;9936;8;9940;21;;;9933.0;0.0
av_COTTON_d10;22900;INTARIAN_PEPPER_ROOT;11046;19;11043;12;;;11066;15;11069;29;;;11056.0;0.0
av_COTTON_d10;23000;ASH_COATED_OSMIUM;9926;14;9922;14;;;9938;16;9941;21;;;9932.0;0.0
av_COTTON_d10;23000;INTARIAN_PEPPER_ROOT;11054;9;11050;11;;;11060;17;11064;16;;;11057.0;0.0
av_COTTON_d10;23100;ASH_COATED_OSMIUM;9914;10;9910;13;;;9950;16;9954;28;;;9932.0;0.0
av_COTTON_d10;23100;INTARIAN_PEPPER_ROOT;11034;18;11031;24;;;11081;30;11084;20;;;11057.5;0.0
av_COTTON_d10;23200;ASH_COATED_OSMIUM;9929;13;9927;15;;;9935;10;9938;24;;;9932.0;0.0
av_COTTON_d10;23200;INTARIAN_PEPPER_ROOT;11054;19;11051;16;;;11061;9;11063;30;;;11057.5;0.0
av_COTTON_d10;23300;ASH_COATED_OSMIUM;9930;20;9926;18;;;9936;14;9939;8;;;9933.0;0.0
av_COTTON_d10;23300;INTARIAN_PEPPER_ROOT;11055;19;11051;16;;;11061;26;11063;16;;;11058.0;0.0
av_COTTON_d10;23400;ASH_COATED_OSMIUM;9929;6;9927;27;;;9935;16;9938;18;;;9932.0;0.0
av_COTTON_d10;23400;INTARIAN_PEPPER_ROOT;11044;12;11041;18;;;11073;13;11077;9;;;11058.5;0.0
av_COTTON_d10;23500;ASH_COATED_OSMIUM;9930;15;9927;28;;;9936;6;9939;26;;;9933.0;0.0
av_COTTON_d10;23500;INTARIAN_PEPPER_ROOT;11056;18;11052;23;;;11062;19;11065;15;;;11059.0;0.0
av_COTTON_d10;23600;ASH_COATED_OSMIUM;9929;18;9925;27;;;9935;9;9938;17;;;9932.0;0.0
av_COTTON_d10;23600;INTARIAN_PEPPER_ROOT;11056;20;11052;13;;;11062;18;11065;9;;;11059.0;0.0
av_COTTON_d10;23700;ASH_COATED_OSMIUM;9920;17;9918;17;;;9946;7;9950;20;;;9933.0;0.0
av_COTTON_d10;23700;INTARIAN_PEPPER_ROOT;11055;8;11051;14;;;11065;19;11069;20;;;11060.0;0.0
av_COTTON_d10;23800;ASH_COATED_OSMIUM;9928;19;9925;13;;;9936;13;9939;15;;;9932.0;0.0
av_COTTON_d10;23800;INTARIAN_PEPPER_ROOT;11058;17;11055;20;;;11064;20;11068;18;;;11061.0;0.0
av_COTTON_d10;23900;ASH_COATED_OSMIUM;9929;13;9926;21;;;9935;15;9939;16;;;9932.0;0.0
av_COTTON_d10;23900;INTARIAN_PEPPER_ROOT;11058;18;11055;26;;;11064;15;11066;15;;;11061.0;0.0
av_COTTON_d10;24000;ASH_COATED_OSMIUM;9930;16;9926;17;;;9936;14;9938;14;;;9933.0;0.0
av_COTTON_d10;24000;INTARIAN_PEPPER_ROOT;11058;15;11055;22;;;11064;14;11068;27;;;11061.0;0.0
av_COTTON_d10;24100;ASH_COATED_OSMIUM;9929;17;9926;16;;;9935;16;9938;8;;;9932.0;0.0
av_COTTON_d10;24100;INTARIAN_PEPPER_ROOT;11059;11;11055;21;;;11065;5;11067;24;;;11062.0;0.0
av_COTTON_d10;24200;ASH_COATED_OSMIUM;9929;14;9927;34;;;9935;19;9938;9;;;9932.0;0.0
av_COTTON_d10;24200;INTARIAN_PEPPER_ROOT;11054;21;11050;19;;;11069;16;11072;20;;;11061.5;0.0
av_COTTON_d10;24300;ASH_COATED_OSMIUM;9929;13;9926;22;;;9935;15;9938;21;;;9932.0;0.0
av_COTTON_d10;24300;INTARIAN_PEPPER_ROOT;11059;14;11057;14;;;11066;14;11070;23;;;11062.5;0.0
av_COTTON_d10;24400;ASH_COATED_OSMIUM;9929;18;9927;26;;;9936;17;9938;20;;;9932.5;0.0
av_COTTON_d10;24400;INTARIAN_PEPPER_ROOT;11060;20;11058;20;;;11066;10;11069;23;;;11063.0;0.0
av_COTTON_d10;24500;ASH_COATED_OSMIUM;9930;9;9928;32;;;9936;5;9938;20;;;9933.0;0.0
av_COTTON_d10;24500;INTARIAN_PEPPER_ROOT;11060;16;11056;18;;;11067;17;11071;25;;;11063.5;0.0
av_COTTON_d10;24600;ASH_COATED_OSMIUM;9924;20;9922;21;;;9941;14;9944;28;;;9932.5;0.0
av_COTTON_d10;24600;INTARIAN_PEPPER_ROOT;11062;9;11060;20;;;11068;19;11072;20;;;11065.0;0.0
av_COTTON_d10;24700;ASH_COATED_OSMIUM;9923;15;9919;16;;;9940;15;9944;17;;;9931.5;0.0
av_COTTON_d10;24700;INTARIAN_PEPPER_ROOT;11062;5;11058;10;;;11068;15;11071;28;;;11065.0;0.0
av_COTTON_d10;24800;ASH_COATED_OSMIUM;9927;10;9923;16;;;9937;10;9940;23;;;9932.0;0.0
av_COTTON_d10;24800;INTARIAN_PEPPER_ROOT;11062;12;11060;11;;;11068;10;11070;20;;;11065.0;0.0
av_COTTON_d10;24900;ASH_COATED_OSMIUM;9926;15;9923;18;;;9937;15;9940;26;;;9931.5;0.0
av_COTTON_d10;24900;INTARIAN_PEPPER_ROOT;11062;20;11059;15;;;11068;21;11071;27;;;11065.0;0.0
av_COTTON_d10;25000;ASH_COATED_OSMIUM;9929;11;9927;12;;;9935;11;9939;21;;;9932.0;0.0
av_COTTON_d10;25000;INTARIAN_PEPPER_ROOT;11062;11;11059;13;;;11068;13;11070;21;;;11065.0;0.0
av_COTTON_d10;25100;ASH_COATED_OSMIUM;9929;10;9927;19;;;9935;22;9938;23;;;9932.0;0.0
av_COTTON_d10;25100;INTARIAN_PEPPER_ROOT;11063;13;11059;20;;;11069;12;11071;21;;;11066.0;0.0
av_COTTON_d10;25200;ASH_COATED_OSMIUM;9929;27;9926;12;;;9935;18;9937;23;;;9932.0;0.0
av_COTTON_d10;25200;INTARIAN_PEPPER_ROOT;11063;10;11059;27;;;11072;14;11074;26;;;11067.5;0.0
av_COTTON_d10;25300;ASH_COATED_OSMIUM;9929;11;9925;21;;;9935;8;9937;12;;;9932.0;0.0
av_COTTON_d10;25300;INTARIAN_PEPPER_ROOT;11064;23;11061;20;;;11070;17;11072;16;;;11067.0;0.0
av_COTTON_d10;25400;ASH_COATED_OSMIUM;9928;13;9924;24;;;9935;5;9937;21;;;9931.5;0.0
av_COTTON_d10;25400;INTARIAN_PEPPER_ROOT;11065;5;11063;27;;;11071;24;11075;17;;;11068.0;0.0
av_COTTON_d10;25500;ASH_COATED_OSMIUM;9925;16;9922;13;;;9938;21;9941;20;;;9931.5;0.0
av_COTTON_d10;25500;INTARIAN_PEPPER_ROOT;11065;14;11061;14;;;11071;20;11073;24;;;11068.0;0.0
av_COTTON_d10;25600;ASH_COATED_OSMIUM;9929;25;9926;22;;;9935;11;9938;21;;;9932.0;0.0
av_COTTON_d10;25600;INTARIAN_PEPPER_ROOT;11064;14;11062;13;;;11073;11;11075;17;;;11068.5;0.0
av_COTTON_d10;25700;ASH_COATED_OSMIUM;9929;16;9925;22;;;9935;16;9938;14;;;9932.0;0.0
av_COTTON_d10;25700;INTARIAN_PEPPER_ROOT;11065;9;11063;20;;;11073;17;11075;24;;;11069.0;0.0
av_COTTON_d10;25800;ASH_COATED_OSMIUM;9929;12;9926;16;;;9935;25;9937;20;;;9932.0;0.0
av_COTTON_d10;25800;INTARIAN_PEPPER_ROOT;11066;15;11064;18;;;11072;12;11075;17;;;11069.0;0.0
av_COTTON_d10;25900;ASH_COATED_OSMIUM;9929;8;9927;19;;;9935;13;9937;23;;;9932.0;0.0
av_COTTON_d10;25900;INTARIAN_PEPPER_ROOT;11067;14;11063;23;;;11073;12;11075;13;;;11070.0;0.0
av_COTTON_d10;26000;ASH_COATED_OSMIUM;9925;15;9923;21;;;9939;25;9943;25;;;9932.0;0.0
av_COTTON_d10;26000;INTARIAN_PEPPER_ROOT;11067;5;11065;11;;;11073;14;11075;22;;;11070.0;0.0
av_COTTON_d10;26100;ASH_COATED_OSMIUM;9925;14;9921;12;;;9938;13;9941;20;;;9931.5;0.0
av_COTTON_d10;26100;INTARIAN_PEPPER_ROOT;11067;13;11065;26;;;11073;17;11076;17;;;11070.0;0.0
av_COTTON_d10;26200;ASH_COATED_OSMIUM;9920;5;9918;20;;;9945;21;9947;18;;;9932.5;0.0
av_COTTON_d10;26200;INTARIAN_PEPPER_ROOT;11068;13;11066;25;;;11074;11;11078;20;;;11071.0;0.0
av_COTTON_d10;26300;ASH_COATED_OSMIUM;9918;12;9915;20;;;9945;5;9949;18;;;9931.5;0.0
av_COTTON_d10;26300;INTARIAN_PEPPER_ROOT;11069;19;11066;26;;;11075;11;11078;21;;;11072.0;0.0
av_COTTON_d10;26400;ASH_COATED_OSMIUM;9929;8;9926;20;;;9935;7;9939;18;;;9932.0;0.0
av_COTTON_d10;26400;INTARIAN_PEPPER_ROOT;11069;18;11065;20;;;11076;19;11079;23;;;11072.5;0.0
av_COTTON_d10;26500;ASH_COATED_OSMIUM;9928;20;9926;18;;;9934;12;9938;19;;;9931.0;0.0
av_COTTON_d10;26500;INTARIAN_PEPPER_ROOT;11070;15;11068;28;;;11076;11;11078;27;;;11073.0;0.0
av_COTTON_d10;26600;ASH_COATED_OSMIUM;9929;16;9926;21;;;9935;14;9937;20;;;9932.0;0.0
av_COTTON_d10;26600;INTARIAN_PEPPER_ROOT;11070;19;11068;21;;;11076;9;11078;9;;;11073.0;0.0
av_COTTON_d10;26700;ASH_COATED_OSMIUM;9925;19;9921;20;;;9936;13;9940;17;;;9930.5;0.0
av_COTTON_d10;26700;INTARIAN_PEPPER_ROOT;11070;18;11066;20;;;11076;12;11080;21;;;11073.0;0.0
av_COTTON_d10;26800;ASH_COATED_OSMIUM;9928;15;9925;31;;;9934;15;9938;15;;;9931.0;0.0
av_COTTON_d10;26800;INTARIAN_PEPPER_ROOT;11071;7;11069;21;;;11077;17;11081;25;;;11074.0;0.0
av_COTTON_d10;26900;ASH_COATED_OSMIUM;9928;17;9925;25;;;9934;24;9938;14;;;9931.0;0.0
av_COTTON_d10;26900;INTARIAN_PEPPER_ROOT;11071;12;11067;17;;;11077;14;11080;26;;;11074.0;0.0
av_COTTON_d10;27000;ASH_COATED_OSMIUM;9924;16;9922;19;;;9940;9;9942;11;;;9932.0;0.0
av_COTTON_d10;27000;INTARIAN_PEPPER_ROOT;11072;13;11070;18;;;11078;14;11082;15;;;11075.0;0.0
av_COTTON_d10;27100;ASH_COATED_OSMIUM;9929;17;9925;16;;;9935;18;9937;29;;;9932.0;0.0
av_COTTON_d10;27100;INTARIAN_PEPPER_ROOT;11069;19;11065;23;;;11081;6;11083;17;;;11075.0;0.0
av_COTTON_d10;27200;ASH_COATED_OSMIUM;9928;19;9924;21;;;9934;9;9937;22;;;9931.0;0.0
av_COTTON_d10;27200;INTARIAN_PEPPER_ROOT;11072;7;11070;10;;;11078;16;11082;15;;;11075.0;0.0
av_COTTON_d10;27300;ASH_COATED_OSMIUM;9920;21;9917;25;;;9942;15;9944;12;;;9931.0;0.0
av_COTTON_d10;27300;INTARIAN_PEPPER_ROOT;11070;5;11068;20;;;11083;11;11087;24;;;11076.5;0.0
av_COTTON_d10;27400;ASH_COATED_OSMIUM;9929;16;9925;27;;;9935;15;9939;16;;;9932.0;0.0
av_COTTON_d10;27400;INTARIAN_PEPPER_ROOT;11074;14;11071;20;;;11080;15;11083;26;;;11077.0;0.0
av_COTTON_d10;27500;ASH_COATED_OSMIUM;9928;12;9926;15;;;9934;9;9937;25;;;9931.0;0.0
av_COTTON_d10;27500;INTARIAN_PEPPER_ROOT;11072;20;11070;21;;;11082;20;11084;22;;;11077.0;0.0
av_COTTON_d10;27600;ASH_COATED_OSMIUM;9924;11;9921;18;;;9938;17;9942;28;;;9931.0;0.0
av_COTTON_d10;27600;INTARIAN_PEPPER_ROOT;11075;15;11073;19;;;11081;22;11083;15;;;11078.0;0.0
av_COTTON_d10;27700;ASH_COATED_OSMIUM;9926;16;9922;22;;;9936;20;9939;16;;;9931.0;0.0
av_COTTON_d10;27700;INTARIAN_PEPPER_ROOT;11076;14;11073;26;;;11082;12;11084;18;;;11079.0;0.0
av_COTTON_d10;27800;ASH_COATED_OSMIUM;9926;14;9924;16;;;9936;22;9939;32;;;9931.0;0.0
av_COTTON_d10;27800;INTARIAN_PEPPER_ROOT;11075;13;11073;21;;;11081;17;11084;14;;;11078.0;0.0
av_COTTON_d10;27900;ASH_COATED_OSMIUM;9924;10;9920;16;;;9938;15;9941;19;;;9931.0;0.0
av_COTTON_d10;27900;INTARIAN_PEPPER_ROOT;11076;10;11073;19;;;11082;13;11084;30;;;11079.0;0.0
av_COTTON_d10;28000;ASH_COATED_OSMIUM;9923;14;9921;31;;;9939;10;9943;20;;;9931.0;0.0
av_COTTON_d10;28000;INTARIAN_PEPPER_ROOT;11077;11;11074;21;;;11083;18;11087;18;;;11080.0;0.0
av_COTTON_d10;28100;ASH_COATED_OSMIUM;9928;6;9926;27;;;9934;11;9936;18;;;9931.0;0.0
av_COTTON_d10;28100;INTARIAN_PEPPER_ROOT;11077;15;11075;23;;;11083;14;11087;22;;;11080.0;0.0
av_COTTON_d10;28200;ASH_COATED_OSMIUM;9923;16;9921;19;;;9939;27;9942;25;;;9931.0;0.0
av_COTTON_d10;28200;INTARIAN_PEPPER_ROOT;11074;23;11070;20;;;11089;21;11092;24;;;11081.5;0.0
av_COTTON_d10;28300;ASH_COATED_OSMIUM;9927;13;9925;26;;;9934;12;9936;13;;;9930.5;0.0
av_COTTON_d10;28300;INTARIAN_PEPPER_ROOT;11078;10;11074;20;;;11084;20;11086;20;;;11081.0;0.0
av_COTTON_d10;28400;ASH_COATED_OSMIUM;9926;6;9923;28;;;9935;14;9937;17;;;9930.5;0.0
av_COTTON_d10;28400;INTARIAN_PEPPER_ROOT;11078;6;11076;10;;;11084;16;11088;17;;;11081.0;0.0
av_COTTON_d10;28500;ASH_COATED_OSMIUM;9927;7;9923;24;;;9933;9;9936;26;;;9930.0;0.0
av_COTTON_d10;28500;INTARIAN_PEPPER_ROOT;11079;8;11076;18;;;11085;22;11089;19;;;11082.0;0.0
av_COTTON_d10;28600;ASH_COATED_OSMIUM;9928;20;9926;14;;;9934;9;9937;17;;;9931.0;0.0
av_COTTON_d10;28600;INTARIAN_PEPPER_ROOT;11080;24;11077;13;;;11086;16;11090;16;;;11083.0;0.0
av_COTTON_d10;28700;ASH_COATED_OSMIUM;9928;13;9924;23;;;9934;8;9937;19;;;9931.0;0.0
av_COTTON_d10;28700;INTARIAN_PEPPER_ROOT;11070;19;11066;16;;;11096;12;11098;16;;;11083.0;0.0
av_COTTON_d10;28800;ASH_COATED_OSMIUM;9928;13;9926;19;;;9934;10;9938;23;;;9931.0;0.0
av_COTTON_d10;28800;INTARIAN_PEPPER_ROOT;11080;16;11076;30;;;11086;18;11089;25;;;11083.0;0.0
av_COTTON_d10;28900;ASH_COATED_OSMIUM;9922;15;9918;13;;;9939;13;9943;24;;;9930.5;0.0
av_COTTON_d10;28900;INTARIAN_PEPPER_ROOT;11080;11;11077;23;;;11086;22;11088;17;;;11083.0;0.0
av_COTTON_d10;29000;ASH_COATED_OSMIUM;9927;8;9924;22;;;9933;20;9937;21;;;9930.0;0.0
av_COTTON_d10;29000;INTARIAN_PEPPER_ROOT;11081;16;11079;22;;;11087;16;11091;17;;;11084.0;0.0
av_COTTON_d10;29100;ASH_COATED_OSMIUM;9928;11;9926;26;;;9934;13;9936;14;;;9931.0;0.0
av_COTTON_d10;29100;INTARIAN_PEPPER_ROOT;11082;7;11080;16;;;11088;7;11091;25;;;11085.0;0.0
av_COTTON_d10;29200;ASH_COATED_OSMIUM;9923;13;9920;14;;;9938;14;9942;23;;;9930.5;0.0
av_COTTON_d10;29200;INTARIAN_PEPPER_ROOT;11082;15;11079;23;;;11088;9;11092;11;;;11085.0;0.0
av_COTTON_d10;29300;ASH_COATED_OSMIUM;9928;6;9925;14;;;9934;30;9936;23;;;9931.0;0.0
av_COTTON_d10;29300;INTARIAN_PEPPER_ROOT;11082;18;11078;26;;;11088;8;11090;10;;;11085.0;0.0
av_COTTON_d10;29400;ASH_COATED_OSMIUM;9926;16;9923;18;;;9935;20;9939;21;;;9930.5;0.0
av_COTTON_d10;29400;INTARIAN_PEPPER_ROOT;11078;7;11074;23;;;11094;25;11098;19;;;11086.0;0.0
av_COTTON_d10;29500;ASH_COATED_OSMIUM;9928;9;9925;15;;;9934;28;9937;15;;;9931.0;0.0
av_COTTON_d10;29500;INTARIAN_PEPPER_ROOT;11084;21;11081;18;;;11090;10;11094;23;;;11087.0;0.0
av_COTTON_d10;29600;ASH_COATED_OSMIUM;9928;9;9926;15;;;9934;10;9938;19;;;9931.0;0.0
av_COTTON_d10;29600;INTARIAN_PEPPER_ROOT;11079;11;11076;21;;;11097;14;11100;22;;;11088.0;0.0
av_COTTON_d10;29700;ASH_COATED_OSMIUM;9928;15;9924;8;;;9934;18;9938;17;;;9931.0;0.0
av_COTTON_d10;29700;INTARIAN_PEPPER_ROOT;11085;15;11083;19;;;11091;5;11095;16;;;11088.0;0.0
av_COTTON_d10;29800;ASH_COATED_OSMIUM;9927;14;9924;23;;;9933;17;9937;21;;;9930.0;0.0
av_COTTON_d10;29800;INTARIAN_PEPPER_ROOT;11082;18;11079;22;;;11093;13;11097;22;;;11087.5;0.0
av_COTTON_d10;29900;ASH_COATED_OSMIUM;9916;17;9913;27;;;9945;14;9948;23;;;9930.5;0.0
av_COTTON_d10;29900;INTARIAN_PEPPER_ROOT;11084;18;11081;13;;;11091;19;11095;17;;;11087.5;0.0
av_COTTON_d10;30000;ASH_COATED_OSMIUM;9921;15;9918;18;;;9941;15;9943;20;;;9931.0;0.0
av_COTTON_d10;30000;INTARIAN_PEPPER_ROOT;11086;19;11082;16;;;11093;11;11096;18;;;11089.5;0.0
av_COTTON_d10;30100;ASH_COATED_OSMIUM;9924;11;9921;20;;;9936;12;9940;25;;;9930.0;0.0
av_COTTON_d10;30100;INTARIAN_PEPPER_ROOT;11079;16;11077;26;;;11100;13;11104;22;;;11089.5;0.0
av_COTTON_d10;30200;ASH_COATED_OSMIUM;9919;8;9917;18;;;9943;19;9947;17;;;9931.0;0.0
av_COTTON_d10;30200;INTARIAN_PEPPER_ROOT;11087;13;11083;13;;;11093;12;11097;22;;;11090.0;0.0
av_COTTON_d10;30300;ASH_COATED_OSMIUM;9923;14;9919;18;;;9937;15;9941;18;;;9930.0;0.0
av_COTTON_d10;30300;INTARIAN_PEPPER_ROOT;11067;24;11063;14;;;11114;12;11118;17;;;11090.5;0.0
av_COTTON_d10;30400;ASH_COATED_OSMIUM;9928;10;9926;24;;;9934;9;9936;19;;;9931.0;0.0
av_COTTON_d10;30400;INTARIAN_PEPPER_ROOT;11088;21;11084;28;;;11094;16;11097;14;;;11091.0;0.0
av_COTTON_d10;30500;ASH_COATED_OSMIUM;9927;16;9925;20;;;9933;15;9935;15;;;9930.0;0.0
av_COTTON_d10;30500;INTARIAN_PEPPER_ROOT;11088;5;11085;22;;;11094;13;11096;21;;;11091.0;0.0
av_COTTON_d10;30600;ASH_COATED_OSMIUM;9928;14;9926;17;;;9934;17;9936;19;;;9931.0;0.0
av_COTTON_d10;30600;INTARIAN_PEPPER_ROOT;11088;19;11084;25;;;11094;22;11098;18;;;11091.0;0.0
av_COTTON_d10;30700;ASH_COATED_OSMIUM;9928;10;9926;16;;;9934;19;9936;26;;;9931.0;0.0
av_COTTON_d10;30700;INTARIAN_PEPPER_ROOT;11089;16;11087;13;;;11095;13;11098;24;;;11092.0;0.0
av_COTTON_d10;30800;ASH_COATED_OSMIUM;9918;7;9914;8;;;9942;12;9945;16;;;9930.0;0.0
av_COTTON_d10;30800;INTARIAN_PEPPER_ROOT;11086;16;11082;16;;;11098;11;11101;10;;;11092.0;0.0
av_COTTON_d10;30900;ASH_COATED_OSMIUM;9923;14;9919;23;;;9937;13;9939;25;;;9930.0;0.0
av_COTTON_d10;30900;INTARIAN_PEPPER_ROOT;11088;13;11086;23;;;11097;16;11101;15;;;11092.5;0.0
av_COTTON_d10;31000;ASH_COATED_OSMIUM;9925;11;9922;15;;;9935;11;9937;18;;;9930.0;0.0
av_COTTON_d10;31000;INTARIAN_PEPPER_ROOT;11090;18;11086;13;;;11096;16;11100;21;;;11093.0;0.0
av_COTTON_d10;31100;ASH_COATED_OSMIUM;9924;13;9922;20;;;9937;14;9940;14;;;9930.5;0.0
av_COTTON_d10;31100;INTARIAN_PEPPER_ROOT;11091;17;11087;22;;;11097;10;11100;16;;;11094.0;0.0
av_COTTON_d10;31200;ASH_COATED_OSMIUM;9928;22;9924;18;;;9934;18;9936;26;;;9931.0;0.0
av_COTTON_d10;31200;INTARIAN_PEPPER_ROOT;11092;10;11088;14;;;11098;19;11102;25;;;11095.0;0.0
av_COTTON_d10;31300;ASH_COATED_OSMIUM;9928;13;9925;21;;;9934;14;9937;30;;;9931.0;0.0
av_COTTON_d10;31300;INTARIAN_PEPPER_ROOT;11090;17;11088;16;;;11100;14;11102;20;;;11095.0;0.0
av_COTTON_d10;31400;ASH_COATED_OSMIUM;9927;17;9923;19;;;9933;17;9935;15;;;9930.0;0.0
av_COTTON_d10;31400;INTARIAN_PEPPER_ROOT;11092;7;11090;18;;;11098;10;11101;17;;;11095.0;0.0
av_COTTON_d10;31500;ASH_COATED_OSMIUM;9927;21;9925;15;;;9933;20;9936;21;;;9930.0;0.0
av_COTTON_d10;31500;INTARIAN_PEPPER_ROOT;11093;16;11091;30;;;11099;8;11103;21;;;11096.0;0.0
av_COTTON_d10;31600;ASH_COATED_OSMIUM;9927;16;9925;30;;;9933;17;9937;28;;;9930.0;0.0
av_COTTON_d10;31600;INTARIAN_PEPPER_ROOT;11093;19;11091;25;;;11099;15;11101;21;;;11096.0;0.0
av_COTTON_d10;31700;ASH_COATED_OSMIUM;9927;16;9923;24;;;9933;5;9935;26;;;9930.0;0.0
av_COTTON_d10;31700;INTARIAN_PEPPER_ROOT;11085;16;11082;19;;;11107;8;11109;31;;;11096.0;0.0
av_COTTON_d10;31800;ASH_COATED_OSMIUM;9927;14;9924;22;;;9934;21;9938;16;;;9930.5;0.0
av_COTTON_d10;31800;INTARIAN_PEPPER_ROOT;11084;16;11082;15;;;11109;12;11111;22;;;11096.5;0.0
av_COTTON_d10;31900;ASH_COATED_OSMIUM;9915;13;9911;20;;;9945;10;9949;16;;;9930.0;0.0
av_COTTON_d10;31900;INTARIAN_PEPPER_ROOT;11091;18;11087;13;;;11104;5;11107;25;;;11097.5;0.0
av_COTTON_d10;32000;ASH_COATED_OSMIUM;9927;27;9924;17;;;9934;17;9938;24;;;9930.5;0.0
av_COTTON_d10;32000;INTARIAN_PEPPER_ROOT;11095;7;11091;18;;;11101;6;11104;11;;;11098.0;0.0
av_COTTON_d10;32100;ASH_COATED_OSMIUM;9927;7;9925;23;;;9933;20;9936;28;;;9930.0;0.0
av_COTTON_d10;32100;INTARIAN_PEPPER_ROOT;11090;16;11086;12;;;11107;5;11111;20;;;11098.5;0.0
av_COTTON_d10;32200;ASH_COATED_OSMIUM;9927;9;9924;18;;;9933;15;9935;18;;;9930.0;0.0
av_COTTON_d10;32200;INTARIAN_PEPPER_ROOT;11096;14;11092;21;;;11102;20;11104;15;;;11099.0;0.0
av_COTTON_d10;32300;ASH_COATED_OSMIUM;9927;12;9925;11;;;9933;5;9935;18;;;9930.0;0.0
av_COTTON_d10;32300;INTARIAN_PEPPER_ROOT;11097;9;11095;17;;;11103;22;11105;26;;;11100.0;0.0
av_COTTON_d10;32400;ASH_COATED_OSMIUM;9925;17;9921;28;;;9934;14;9938;21;;;9929.5;0.0
av_COTTON_d10;32400;INTARIAN_PEPPER_ROOT;11097;12;11093;24;;;11103;12;11106;18;;;11100.0;0.0
av_COTTON_d10;32500;ASH_COATED_OSMIUM;9927;12;9923;21;;;9933;10;9937;31;;;9930.0;0.0
av_COTTON_d10;32500;INTARIAN_PEPPER_ROOT;11072;13;11068;24;;;11128;11;11131;13;;;11100.0;0.0
av_COTTON_d10;32600;ASH_COATED_OSMIUM;9927;15;9925;18;;;9933;11;9936;15;;;9930.0;0.0
av_COTTON_d10;32600;INTARIAN_PEPPER_ROOT;11096;15;11094;17;;;11105;11;11108;15;;;11100.5;0.0
av_COTTON_d10;32700;ASH_COATED_OSMIUM;9927;13;9925;15;;;9933;14;9935;21;;;9930.0;0.0
av_COTTON_d10;32700;INTARIAN_PEPPER_ROOT;11095;8;11092;26;;;11107;7;11110;15;;;11101.0;0.0
av_COTTON_d10;32800;ASH_COATED_OSMIUM;9916;23;9912;21;;;9943;16;9947;23;;;9929.5;0.0
av_COTTON_d10;32800;INTARIAN_PEPPER_ROOT;11098;18;11095;23;;;11104;19;11106;22;;;11101.0;0.0
av_COTTON_d10;32900;ASH_COATED_OSMIUM;9927;5;9925;17;;;9933;13;9937;15;;;9930.0;0.0
av_COTTON_d10;32900;INTARIAN_PEPPER_ROOT;11099;17;11096;21;;;11105;12;11108;13;;;11102.0;0.0
av_COTTON_d10;33000;ASH_COATED_OSMIUM;9927;14;9925;21;;;9933;22;9937;16;;;9930.0;0.0
av_COTTON_d10;33000;INTARIAN_PEPPER_ROOT;11099;13;11097;28;;;11105;22;11108;20;;;11102.0;0.0
av_COTTON_d10;33100;ASH_COATED_OSMIUM;9925;21;9923;16;;;9935;16;9937;19;;;9930.0;0.0
av_COTTON_d10;33100;INTARIAN_PEPPER_ROOT;11096;15;11092;23;;;11111;15;11114;22;;;11103.5;0.0
av_COTTON_d10;33200;ASH_COATED_OSMIUM;9926;11;9922;22;;;9932;16;9936;17;;;9929.0;0.0
av_COTTON_d10;33200;INTARIAN_PEPPER_ROOT;11100;17;11097;14;;;11106;9;11109;22;;;11103.0;0.0
av_COTTON_d10;33300;ASH_COATED_OSMIUM;9927;8;9923;18;;;9933;24;9937;21;;;9930.0;0.0
av_COTTON_d10;33300;INTARIAN_PEPPER_ROOT;11101;20;11097;8;;;11107;6;11110;28;;;11104.0;0.0
av_COTTON_d10;33400;ASH_COATED_OSMIUM;9927;16;9923;28;;;9933;19;9937;16;;;9930.0;0.0
av_COTTON_d10;33400;INTARIAN_PEPPER_ROOT;11099;15;11095;26;;;11110;23;11113;9;;;11104.5;0.0
av_COTTON_d10;33500;ASH_COATED_OSMIUM;9927;15;9925;22;;;9933;15;9935;22;;;9930.0;0.0
av_COTTON_d10;33500;INTARIAN_PEPPER_ROOT;11102;14;11100;25;;;11109;28;11113;13;;;11105.5;0.0
av_COTTON_d10;33600;ASH_COATED_OSMIUM;9927;24;9925;15;;;9933;6;9937;24;;;9930.0;0.0
av_COTTON_d10;33600;INTARIAN_PEPPER_ROOT;11102;10;11100;20;;;11108;15;11110;21;;;11105.0;0.0
av_COTTON_d10;33700;ASH_COATED_OSMIUM;9926;9;9923;20;;;9932;5;9935;20;;;9929.0;0.0
av_COTTON_d10;33700;INTARIAN_PEPPER_ROOT;11102;16;11099;15;;;11108;21;11112;33;;;11105.0;0.0
av_COTTON_d10;33800;ASH_COATED_OSMIUM;9927;18;9924;15;;;9933;16;9935;27;;;9930.0;0.0
av_COTTON_d10;33800;INTARIAN_PEPPER_ROOT;11103;14;11100;21;;;11109;14;11113;26;;;11106.0;0.0
av_COTTON_d10;33900;ASH_COATED_OSMIUM;9927;17;9924;19;;;9933;11;9936;8;;;9930.0;0.0
av_COTTON_d10;33900;INTARIAN_PEPPER_ROOT;11102;11;11098;18;;;11111;15;11114;21;;;11106.5;0.0
av_COTTON_d10;34000;ASH_COATED_OSMIUM;9926;13;9924;11;;;9932;17;9936;28;;;9929.0;0.0
av_COTTON_d10;34000;INTARIAN_PEPPER_ROOT;11103;15;11100;19;;;11109;11;11112;29;;;11106.0;0.0
av_COTTON_d10;34100;ASH_COATED_OSMIUM;9918;10;9915;22;;;9940;13;9942;20;;;9929.0;0.0
av_COTTON_d10;34100;INTARIAN_PEPPER_ROOT;11104;13;11101;29;;;11110;20;11114;22;;;11107.0;0.0
av_COTTON_d10;34200;ASH_COATED_OSMIUM;9921;17;9919;20;;;9937;24;9939;22;;;9929.0;0.0
av_COTTON_d10;34200;INTARIAN_PEPPER_ROOT;11102;13;11100;16;;;11110;14;11113;21;;;11106.0;0.0
av_COTTON_d10;34300;ASH_COATED_OSMIUM;9926;14;9923;21;;;9932;19;9935;15;;;9929.0;0.0
av_COTTON_d10;34300;INTARIAN_PEPPER_ROOT;11104;14;11102;23;;;11110;13;11113;17;;;11107.0;0.0
av_COTTON_d10;34400;ASH_COATED_OSMIUM;9925;21;9922;22;;;9933;5;9935;13;;;9929.0;0.0
av_COTTON_d10;34400;INTARIAN_PEPPER_ROOT;11104;19;11100;12;;;11110;22;11113;15;;;11107.0;0.0
av_COTTON_d10;34500;ASH_COATED_OSMIUM;9927;12;9923;26;;;9933;13;9936;14;;;9930.0;0.0
av_COTTON_d10;34500;INTARIAN_PEPPER_ROOT;11102;7;11098;26;;;11112;12;11114;16;;;11107.0;0.0
av_COTTON_d10;34600;ASH_COATED_OSMIUM;9926;13;9922;18;;;9932;21;9935;16;;;9929.0;0.0
av_COTTON_d10;34600;INTARIAN_PEPPER_ROOT;11104;12;11102;22;;;11110;16;11114;19;;;11107.0;0.0
av_COTTON_d10;34700;ASH_COATED_OSMIUM;9926;15;9923;19;;;9933;28;9935;19;;;9929.5;0.0
av_COTTON_d10;34700;INTARIAN_PEPPER_ROOT;11102;23;11098;16;;;11113;8;11117;14;;;11107.5;0.0
av_COTTON_d10;34800;ASH_COATED_OSMIUM;9926;10;9924;27;;;9932;16;9936;16;;;9929.0;0.0
av_COTTON_d10;34800;INTARIAN_PEPPER_ROOT;11104;18;11101;20;;;11110;13;11113;21;;;11107.0;0.0
av_COTTON_d10;34900;ASH_COATED_OSMIUM;9926;17;9924;19;;;9932;20;9935;27;;;9929.0;0.0
av_COTTON_d10;34900;INTARIAN_PEPPER_ROOT;11104;14;11102;23;;;11110;21;11113;12;;;11107.0;0.0
av_COTTON_d10;35000;ASH_COATED_OSMIUM;9927;20;9925;20;;;9933;17;9935;18;;;9930.0;0.0
av_COTTON_d10;35000;INTARIAN_PEPPER_ROOT;11104;22;11101;21;;;11111;15;11113;22;;;11107.5;0.0
av_COTTON_d10;35100;ASH_COATED_OSMIUM;9920;17;9916;28;;;9937;17;9940;20;;;9928.5;0.0
av_COTTON_d10;35100;INTARIAN_PEPPER_ROOT;11103;7;11100;23;;;11112;25;11116;17;;;11107.5;0.0
av_COTTON_d10;35200;ASH_COATED_OSMIUM;9926;20;9922;16;;;9932;14;9935;26;;;9929.0;0.0
av_COTTON_d10;35200;INTARIAN_PEPPER_ROOT;11100;6;11097;23;;;11115;19;11119;21;;;11107.5;0.0
av_COTTON_d10;35300;ASH_COATED_OSMIUM;9916;9;9914;22;;;9942;10;9946;23;;;9929.0;0.0
av_COTTON_d10;35300;INTARIAN_PEPPER_ROOT;11105;13;11103;15;;;11111;17;11113;21;;;11108.0;0.0
av_COTTON_d10;35400;ASH_COATED_OSMIUM;9907;21;9903;14;;;9952;5;9955;26;;;9929.5;0.0
av_COTTON_d10;35400;INTARIAN_PEPPER_ROOT;11096;11;11092;27;;;11119;16;11122;19;;;11107.5;0.0
av_COTTON_d10;35500;ASH_COATED_OSMIUM;9926;19;9923;19;;;9933;19;9937;25;;;9929.5;0.0
av_COTTON_d10;35500;INTARIAN_PEPPER_ROOT;11105;14;11102;10;;;11111;25;11114;13;;;11108.0;0.0
av_COTTON_d10;35600;ASH_COATED_OSMIUM;9926;15;9922;13;;;9932;10;9936;22;;;9929.0;0.0
av_COTTON_d10;35600;INTARIAN_PEPPER_ROOT;11103;20;11100;22;;;11113;23;11115;18;;;11108.0;0.0
av_COTTON_d10;35700;ASH_COATED_OSMIUM;9925;15;9922;20;;;9932;10;9936;24;;;9928.5;0.0
av_COTTON_d10;35700;INTARIAN_PEPPER_ROOT;11105;20;11103;18;;;11111;10;11114;13;;;11108.0;0.0
av_COTTON_d10;35800;ASH_COATED_OSMIUM;9925;20;9923;11;;;9933;22;9936;20;;;9929.0;0.0
av_COTTON_d10;35800;INTARIAN_PEPPER_ROOT;11106;5;11104;24;;;11112;17;11115;21;;;11109.0;0.0
av_COTTON_d10;35900;ASH_COATED_OSMIUM;9925;17;9922;19;;;9933;6;9935;16;;;9929.0;0.0
av_COTTON_d10;35900;INTARIAN_PEPPER_ROOT;11105;13;11102;29;;;11111;15;11113;23;;;11108.0;0.0
av_COTTON_d10;36000;ASH_COATED_OSMIUM;9926;17;9924;24;;;9932;11;9935;22;;;9929.0;0.0
av_COTTON_d10;36000;INTARIAN_PEPPER_ROOT;11105;10;11103;11;;;11111;6;11115;21;;;11108.0;0.0
av_COTTON_d10;36100;ASH_COATED_OSMIUM;9926;14;9922;21;;;9932;17;9934;21;;;9929.0;0.0
av_COTTON_d10;36100;INTARIAN_PEPPER_ROOT;11105;6;11102;18;;;11111;10;11113;19;;;11108.0;0.0
av_COTTON_d10;36200;ASH_COATED_OSMIUM;9926;10;9923;15;;;9932;13;9935;22;;;9929.0;0.0
av_COTTON_d10;36200;INTARIAN_PEPPER_ROOT;11105;16;11103;23;;;11111;22;11113;21;;;11108.0;0.0
av_COTTON_d10;36300;ASH_COATED_OSMIUM;9923;21;9919;33;;;9933;21;9937;16;;;9928.0;0.0
av_COTTON_d10;36300;INTARIAN_PEPPER_ROOT;11105;11;11101;27;;;11112;9;11116;29;;;11108.5;0.0
av_COTTON_d10;36400;ASH_COATED_OSMIUM;9926;21;9923;17;;;9932;14;9935;21;;;9929.0;0.0
av_COTTON_d10;36400;INTARIAN_PEPPER_ROOT;11105;17;11101;19;;;11112;18;11114;12;;;11108.5;0.0
av_COTTON_d10;36500;ASH_COATED_OSMIUM;9926;20;9922;15;;;9932;10;9934;31;;;9929.0;0.0
av_COTTON_d10;36500;INTARIAN_PEPPER_ROOT;11106;10;11102;22;;;11112;18;11115;28;;;11109.0;0.0
av_COTTON_d10;36600;ASH_COATED_OSMIUM;9926;5;9922;30;;;9932;18;9935;11;;;9929.0;0.0
av_COTTON_d10;36600;INTARIAN_PEPPER_ROOT;11105;13;11103;16;;;11111;17;11115;28;;;11108.0;0.0
av_COTTON_d10;36700;ASH_COATED_OSMIUM;9926;13;9924;25;;;9932;12;9935;15;;;9929.0;0.0
av_COTTON_d10;36700;INTARIAN_PEPPER_ROOT;11105;5;11102;19;;;11111;20;11113;20;;;11108.0;0.0
av_COTTON_d10;36800;ASH_COATED_OSMIUM;9923;14;9919;14;;;9935;19;9938;19;;;9929.0;0.0
av_COTTON_d10;36800;INTARIAN_PEPPER_ROOT;11095;23;11091;19;;;11121;7;11124;20;;;11108.0;0.0
av_COTTON_d10;36900;ASH_COATED_OSMIUM;9926;21;9922;19;;;9932;13;9936;14;;;9929.0;0.0
av_COTTON_d10;36900;INTARIAN_PEPPER_ROOT;11106;17;11102;21;;;11112;22;11116;21;;;11109.0;0.0
av_COTTON_d10;37000;ASH_COATED_OSMIUM;9924;15;9922;13;;;9933;16;9936;24;;;9928.5;0.0
av_COTTON_d10;37000;INTARIAN_PEPPER_ROOT;11104;16;11102;18;;;11114;11;11118;17;;;11109.0;0.0
av_COTTON_d10;37100;ASH_COATED_OSMIUM;9925;12;9923;20;;;9931;6;9934;24;;;9928.0;0.0
av_COTTON_d10;37100;INTARIAN_PEPPER_ROOT;11106;15;11104;16;;;11112;16;11116;9;;;11109.0;0.0
av_COTTON_d10;37200;ASH_COATED_OSMIUM;9924;10;9920;17;;;9934;13;9938;18;;;9929.0;0.0
av_COTTON_d10;37200;INTARIAN_PEPPER_ROOT;11106;18;11102;22;;;11112;17;11116;17;;;11109.0;0.0
av_COTTON_d10;37300;ASH_COATED_OSMIUM;9923;14;9919;22;;;9935;18;9939;18;;;9929.0;0.0
av_COTTON_d10;37300;INTARIAN_PEPPER_ROOT;11103;17;11100;13;;;11114;13;11118;12;;;11108.5;0.0
av_COTTON_d10;37400;ASH_COATED_OSMIUM;9926;19;9924;20;;;9932;16;9934;13;;;9929.0;0.0
av_COTTON_d10;37400;INTARIAN_PEPPER_ROOT;11106;19;11103;23;;;11112;7;11116;16;;;11109.0;0.0
av_COTTON_d10;37500;ASH_COATED_OSMIUM;9926;15;9924;14;;;9932;10;9936;26;;;9929.0;0.0
av_COTTON_d10;37500;INTARIAN_PEPPER_ROOT;11106;18;11103;25;;;11112;8;11115;27;;;11109.0;0.0
av_COTTON_d10;37600;ASH_COATED_OSMIUM;9922;18;9918;21;;;9936;20;9940;27;;;9929.0;0.0
av_COTTON_d10;37600;INTARIAN_PEPPER_ROOT;11106;8;11102;14;;;11112;17;11115;17;;;11109.0;0.0
av_COTTON_d10;37700;ASH_COATED_OSMIUM;9925;13;9923;23;;;9931;6;9933;19;;;9928.0;0.0
av_COTTON_d10;37700;INTARIAN_PEPPER_ROOT;11107;10;11105;21;;;11113;17;11117;21;;;11110.0;0.0
av_COTTON_d10;37800;ASH_COATED_OSMIUM;9919;14;9915;13;;;9936;10;9939;17;;;9927.5;0.0
av_COTTON_d10;37800;INTARIAN_PEPPER_ROOT;11106;10;11103;18;;;11112;22;11116;17;;;11109.0;0.0
av_COTTON_d10;37900;ASH_COATED_OSMIUM;9915;13;9913;21;;;9941;13;9943;22;;;9928.0;0.0
av_COTTON_d10;37900;INTARIAN_PEPPER_ROOT;11105;19;11101;12;;;11114;9;11117;10;;;11109.5;0.0
av_COTTON_d10;38000;ASH_COATED_OSMIUM;9925;16;9922;11;;;9931;11;9934;12;;;9928.0;0.0
av_COTTON_d10;38000;INTARIAN_PEPPER_ROOT;11104;8;11100;12;;;11115;25;11117;24;;;11109.5;0.0
av_COTTON_d10;38100;ASH_COATED_OSMIUM;9922;17;9920;18;;;9935;17;9937;12;;;9928.5;0.0
av_COTTON_d10;38100;INTARIAN_PEPPER_ROOT;11107;8;11105;24;;;11113;19;11117;15;;;11110.0;0.0
av_COTTON_d10;38200;ASH_COATED_OSMIUM;9924;13;9921;12;;;9930;10;9934;26;;;9927.0;0.0
av_COTTON_d10;38200;INTARIAN_PEPPER_ROOT;11100;5;11097;20;;;11121;14;11124;15;;;11110.5;0.0
av_COTTON_d10;38300;ASH_COATED_OSMIUM;9924;14;9920;21;;;9931;15;9934;21;;;9927.5;0.0
av_COTTON_d10;38300;INTARIAN_PEPPER_ROOT;11098;12;11096;23;;;11121;14;11124;23;;;11109.5;0.0
av_COTTON_d10;38400;ASH_COATED_OSMIUM;9925;12;9921;23;;;9931;14;9935;19;;;9928.0;0.0
av_COTTON_d10;38400;INTARIAN_PEPPER_ROOT;11107;15;11105;21;;;11113;20;11117;21;;;11110.0;0.0
av_COTTON_d10;38500;ASH_COATED_OSMIUM;9925;12;9922;20;;;9931;14;9933;17;;;9928.0;0.0
av_COTTON_d10;38500;INTARIAN_PEPPER_ROOT;11105;10;11103;11;;;11116;11;11120;30;;;11110.5;0.0
av_COTTON_d10;38600;ASH_COATED_OSMIUM;9925;20;9921;23;;;9931;13;9933;17;;;9928.0;0.0
av_COTTON_d10;38600;INTARIAN_PEPPER_ROOT;11102;15;11100;22;;;11116;13;11118;19;;;11109.0;0.0
av_COTTON_d10;38700;ASH_COATED_OSMIUM;9924;17;9920;27;;;9931;8;9935;23;;;9927.5;0.0
av_COTTON_d10;38700;INTARIAN_PEPPER_ROOT;11106;21;11103;27;;;11114;9;11116;13;;;11110.0;0.0
av_COTTON_d10;38800;ASH_COATED_OSMIUM;9924;15;9922;15;;;9930;14;9933;23;;;9927.0;0.0
av_COTTON_d10;38800;INTARIAN_PEPPER_ROOT;11107;19;11105;8;;;11113;19;11116;25;;;11110.0;0.0
av_COTTON_d10;38900;ASH_COATED_OSMIUM;9925;11;9923;16;;;9931;21;9934;31;;;9928.0;0.0
av_COTTON_d10;38900;INTARIAN_PEPPER_ROOT;11107;19;11103;25;;;11113;14;11115;8;;;11110.0;0.0
av_COTTON_d10;39000;ASH_COATED_OSMIUM;9925;16;9921;29;;;9931;21;9933;24;;;9928.0;0.0
av_COTTON_d10;39000;INTARIAN_PEPPER_ROOT;11103;19;11099;21;;;11117;16;11120;21;;;11110.0;0.0
av_COTTON_d10;39100;ASH_COATED_OSMIUM;9925;12;9923;18;;;9931;15;9935;27;;;9928.0;0.0
av_COTTON_d10;39100;INTARIAN_PEPPER_ROOT;11108;10;11105;25;;;11114;5;11118;15;;;11111.0;0.0
av_COTTON_d10;39200;ASH_COATED_OSMIUM;9925;8;9922;15;;;9931;10;9933;23;;;9928.0;0.0
av_COTTON_d10;39200;INTARIAN_PEPPER_ROOT;11108;20;11105;27;;;11114;18;11118;17;;;11111.0;0.0
av_COTTON_d10;39300;ASH_COATED_OSMIUM;9904;21;9902;22;;;9952;17;9956;29;;;9928.0;0.0
av_COTTON_d10;39300;INTARIAN_PEPPER_ROOT;11108;15;11104;15;;;11114;8;11116;19;;;11111.0;0.0
av_COTTON_d10;39400;ASH_COATED_OSMIUM;9924;18;9922;21;;;9932;10;9935;15;;;9928.0;0.0
av_COTTON_d10;39400;INTARIAN_PEPPER_ROOT;11100;15;11097;13;;;11122;13;11126;27;;;11111.0;0.0
av_COTTON_d10;39500;ASH_COATED_OSMIUM;9924;10;9920;18;;;9930;21;9933;16;;;9927.0;0.0
av_COTTON_d10;39500;INTARIAN_PEPPER_ROOT;11108;21;11106;8;;;11114;10;11116;13;;;11111.0;0.0
av_COTTON_d10;39600;ASH_COATED_OSMIUM;9915;9;9912;29;;;9941;10;9944;23;;;9928.0;0.0
av_COTTON_d10;39600;INTARIAN_PEPPER_ROOT;11101;20;11097;18;;;11120;13;11122;15;;;11110.5;0.0
av_COTTON_d10;39700;ASH_COATED_OSMIUM;9921;21;9919;17;;;9935;6;9938;10;;;9928.0;0.0
av_COTTON_d10;39700;INTARIAN_PEPPER_ROOT;11101;20;11098;18;;;11121;16;11124;25;;;11111.0;0.0
av_COTTON_d10;39800;ASH_COATED_OSMIUM;9924;24;9922;24;;;9933;15;9936;18;;;9928.5;0.0
av_COTTON_d10;39800;INTARIAN_PEPPER_ROOT;11107;19;11105;25;;;11114;14;11117;12;;;11110.5;0.0
av_COTTON_d10;39900;ASH_COATED_OSMIUM;9925;11;9922;27;;;9931;15;9935;13;;;9928.0;0.0
av_COTTON_d10;39900;INTARIAN_PEPPER_ROOT;11106;9;11104;25;;;11115;14;11119;21;;;11110.5;0.0
av_COTTON_d10;40000;ASH_COATED_OSMIUM;9925;15;9922;11;;;9931;13;9934;21;;;9928.0;0.0
av_COTTON_d10;40000;INTARIAN_PEPPER_ROOT;11102;20;11099;17;;;11121;17;11124;14;;;11111.5;0.0
av_COTTON_d10;40100;ASH_COATED_OSMIUM;9924;24;9922;22;;;9930;9;9933;11;;;9927.0;0.0
av_COTTON_d10;40100;INTARIAN_PEPPER_ROOT;11103;10;11101;8;;;11119;14;11123;23;;;11111.0;0.0
av_COTTON_d10;40200;ASH_COATED_OSMIUM;9925;16;9921;15;;;9931;15;9934;14;;;9928.0;0.0
av_COTTON_d10;40200;INTARIAN_PEPPER_ROOT;11095;16;11093;15;;;11126;22;11130;22;;;11110.5;0.0
av_COTTON_d10;40300;ASH_COATED_OSMIUM;9925;19;9922;21;;;9931;25;9933;16;;;9928.0;0.0
av_COTTON_d10;40300;INTARIAN_PEPPER_ROOT;11104;16;11101;15;;;11118;14;11120;10;;;11111.0;0.0
av_COTTON_d10;40400;ASH_COATED_OSMIUM;9924;18;9920;10;;;9930;15;9932;24;;;9927.0;0.0
av_COTTON_d10;40400;INTARIAN_PEPPER_ROOT;11107;14;11103;23;;;11117;21;11120;20;;;11112.0;0.0
av_COTTON_d10;40500;ASH_COATED_OSMIUM;9919;10;9915;24;;;9935;13;9939;18;;;9927.0;0.0
av_COTTON_d10;40500;INTARIAN_PEPPER_ROOT;11108;23;11106;18;;;11114;9;11117;16;;;11111.0;0.0
av_COTTON_d10;40600;ASH_COATED_OSMIUM;9922;15;9918;23;;;9934;12;9937;17;;;9928.0;0.0
av_COTTON_d10;40600;INTARIAN_PEPPER_ROOT;11109;19;11107;27;;;11115;13;11117;16;;;11112.0;0.0
av_COTTON_d10;40700;ASH_COATED_OSMIUM;9924;6;9922;17;;;9930;9;9932;24;;;9927.0;0.0
av_COTTON_d10;40700;INTARIAN_PEPPER_ROOT;11108;15;11106;12;;;11114;15;11117;23;;;11111.0;0.0
av_COTTON_d10;40800;ASH_COATED_OSMIUM;9924;10;9922;11;;;9931;9;9934;19;;;9927.5;0.0
av_COTTON_d10;40800;INTARIAN_PEPPER_ROOT;11108;15;11106;21;;;11115;11;11117;25;;;11111.5;0.0
av_COTTON_d10;40900;ASH_COATED_OSMIUM;9924;19;9920;26;;;9930;12;9933;25;;;9927.0;0.0
av_COTTON_d10;40900;INTARIAN_PEPPER_ROOT;11109;20;11107;19;;;11115;17;11117;29;;;11112.0;0.0
av_COTTON_d10;41000;ASH_COATED_OSMIUM;9925;15;9921;16;;;9931;7;9934;21;;;9928.0;0.0
av_COTTON_d10;41000;INTARIAN_PEPPER_ROOT;11106;5;11103;20;;;11117;21;11119;29;;;11111.5;0.0
av_COTTON_d10;41100;ASH_COATED_OSMIUM;9924;17;9921;16;;;9930;13;9934;18;;;9927.0;0.0
av_COTTON_d10;41100;INTARIAN_PEPPER_ROOT;11109;17;11107;25;;;11115;14;11119;23;;;11112.0;0.0
av_COTTON_d10;41200;ASH_COATED_OSMIUM;9924;14;9922;14;;;9930;15;9933;24;;;9927.0;0.0
av_COTTON_d10;41200;INTARIAN_PEPPER_ROOT;11109;21;11106;16;;;11115;16;11119;10;;;11112.0;0.0
av_COTTON_d10;41300;ASH_COATED_OSMIUM;9924;21;9921;18;;;9930;19;9934;19;;;9927.0;0.0
av_COTTON_d10;41300;INTARIAN_PEPPER_ROOT;11108;17;11105;14;;;11114;14;11118;22;;;11111.0;0.0
av_COTTON_d10;41400;ASH_COATED_OSMIUM;9924;20;9921;14;;;9930;22;9934;12;;;9927.0;0.0
av_COTTON_d10;41400;INTARIAN_PEPPER_ROOT;11104;16;11101;11;;;11120;22;11124;20;;;11112.0;0.0
av_COTTON_d10;41500;ASH_COATED_OSMIUM;9923;11;9920;15;;;9929;7;9932;14;;;9926.0;0.0
av_COTTON_d10;41500;INTARIAN_PEPPER_ROOT;11110;6;11106;17;;;11116;15;11119;14;;;11113.0;0.0
av_COTTON_d10;41600;ASH_COATED_OSMIUM;9924;10;9921;8;;;9930;30;9932;19;;;9927.0;0.0
av_COTTON_d10;41600;INTARIAN_PEPPER_ROOT;11109;10;11105;9;;;11115;10;11118;20;;;11112.0;0.0
av_COTTON_d10;41700;ASH_COATED_OSMIUM;9921;16;9919;8;;;9931;17;9934;15;;;9926.0;0.0
av_COTTON_d10;41700;INTARIAN_PEPPER_ROOT;11104;10;11101;21;;;11120;8;11123;15;;;11112.0;0.0
av_COTTON_d10;41800;ASH_COATED_OSMIUM;9923;5;9919;20;;;9930;10;9932;28;;;9926.5;0.0
av_COTTON_d10;41800;INTARIAN_PEPPER_ROOT;11097;7;11093;19;;;11127;19;11129;15;;;11112.0;0.0
av_COTTON_d10;41900;ASH_COATED_OSMIUM;9921;13;9917;15;;;9932;11;9935;16;;;9926.5;0.0
av_COTTON_d10;41900;INTARIAN_PEPPER_ROOT;11109;12;11107;15;;;11115;5;11119;16;;;11112.0;0.0
av_COTTON_d10;42000;ASH_COATED_OSMIUM;9921;12;9917;22;;;9933;14;9935;25;;;9927.0;0.0
av_COTTON_d10;42000;INTARIAN_PEPPER_ROOT;11102;22;11098;25;;;11124;9;11128;8;;;11113.0;0.0
av_COTTON_d10;42100;ASH_COATED_OSMIUM;9922;10;9919;16;;;9930;13;9933;22;;;9926.0;0.0
av_COTTON_d10;42100;INTARIAN_PEPPER_ROOT;11102;14;11098;16;;;11123;13;11125;16;;;11112.5;0.0
av_COTTON_d10;42200;ASH_COATED_OSMIUM;9924;5;9921;23;;;9930;20;9934;24;;;9927.0;0.0
av_COTTON_d10;42200;INTARIAN_PEPPER_ROOT;11109;17;11106;18;;;11115;11;11118;22;;;11112.0;0.0
av_COTTON_d10;42300;ASH_COATED_OSMIUM;9924;14;9922;14;;;9930;12;9932;17;;;9927.0;0.0
av_COTTON_d10;42300;INTARIAN_PEPPER_ROOT;11110;20;11106;27;;;11116;16;11119;12;;;11113.0;0.0
av_COTTON_d10;42400;ASH_COATED_OSMIUM;9919;16;9915;22;;;9934;17;9938;30;;;9926.5;0.0
av_COTTON_d10;42400;INTARIAN_PEPPER_ROOT;11105;14;11102;28;;;11121;14;11123;18;;;11113.0;0.0
av_COTTON_d10;42500;ASH_COATED_OSMIUM;9923;20;9921;14;;;9930;11;9932;18;;;9926.5;0.0
av_COTTON_d10;42500;INTARIAN_PEPPER_ROOT;11110;10;11107;25;;;11116;18;11119;23;;;11113.0;0.0
av_COTTON_d10;42600;ASH_COATED_OSMIUM;9924;24;9922;22;;;9930;25;9933;23;;;9927.0;0.0
av_COTTON_d10;42600;INTARIAN_PEPPER_ROOT;11110;17;11106;20;;;11116;17;11119;22;;;11113.0;0.0
av_COTTON_d10;42700;ASH_COATED_OSMIUM;9924;15;9922;20;;;9930;11;9933;19;;;9927.0;0.0
av_COTTON_d10;42700;INTARIAN_PEPPER_ROOT;11110;9;11107;10;;;11116;9;11118;31;;;11113.0;0.0
av_COTTON_d10;42800;ASH_COATED_OSMIUM;9924;19;9922;15;;;9930;10;9933;26;;;9927.0;0.0
av_COTTON_d10;42800;INTARIAN_PEPPER_ROOT;11110;8;11106;30;;;11116;13;11119;14;;;11113.0;0.0
av_COTTON_d10;42900;ASH_COATED_OSMIUM;9923;11;9919;19;;;9929;5;9931;21;;;9926.0;0.0
av_COTTON_d10;42900;INTARIAN_PEPPER_ROOT;11110;22;11106;21;;;11116;14;11120;17;;;11113.0;0.0
av_COTTON_d10;43000;ASH_COATED_OSMIUM;9924;16;9922;15;;;9930;16;9932;23;;;9927.0;0.0
av_COTTON_d10;43000;INTARIAN_PEPPER_ROOT;11110;20;11106;22;;;11116;14;11120;24;;;11113.0;0.0
av_COTTON_d10;43100;ASH_COATED_OSMIUM;9914;26;9912;14;;;9937;12;9939;15;;;9925.5;0.0
av_COTTON_d10;43100;INTARIAN_PEPPER_ROOT;11110;14;11108;20;;;11116;12;11120;25;;;11113.0;0.0
av_COTTON_d10;43200;ASH_COATED_OSMIUM;9922;16;9919;11;;;9931;15;9934;22;;;9926.5;0.0
av_COTTON_d10;43200;INTARIAN_PEPPER_ROOT;11110;23;11107;18;;;11116;20;11120;17;;;11113.0;0.0
av_COTTON_d10;43300;ASH_COATED_OSMIUM;9924;16;9920;23;;;9930;17;9932;16;;;9927.0;0.0
av_COTTON_d10;43300;INTARIAN_PEPPER_ROOT;11110;8;11107;31;;;11116;10;11120;22;;;11113.0;0.0
av_COTTON_d10;43400;ASH_COATED_OSMIUM;9921;17;9919;26;;;9932;8;9936;8;;;9926.5;0.0
av_COTTON_d10;43400;INTARIAN_PEPPER_ROOT;11109;16;11105;24;;;11118;12;11122;23;;;11113.5;0.0
av_COTTON_d10;43500;ASH_COATED_OSMIUM;9920;19;9917;9;;;9933;21;9935;16;;;9926.5;0.0
av_COTTON_d10;43500;INTARIAN_PEPPER_ROOT;11110;6;11107;23;;;11116;17;11119;20;;;11113.0;0.0
av_COTTON_d10;43600;ASH_COATED_OSMIUM;9923;22;9919;18;;;9929;20;9933;17;;;9926.0;0.0
av_COTTON_d10;43600;INTARIAN_PEPPER_ROOT;11107;6;11104;17;;;11120;25;11124;28;;;11113.5;0.0
av_COTTON_d10;43700;ASH_COATED_OSMIUM;9920;19;9917;29;;;9933;14;9935;23;;;9926.5;0.0
av_COTTON_d10;43700;INTARIAN_PEPPER_ROOT;11111;5;11107;12;;;11117;18;11119;13;;;11114.0;0.0
av_COTTON_d10;43800;ASH_COATED_OSMIUM;9923;7;9919;19;;;9929;12;9933;10;;;9926.0;0.0
av_COTTON_d10;43800;INTARIAN_PEPPER_ROOT;11110;16;11107;11;;;11116;16;11120;23;;;11113.0;0.0
av_COTTON_d10;43900;ASH_COATED_OSMIUM;9915;11;9913;28;;;9937;6;9941;17;;;9926.0;0.0
av_COTTON_d10;43900;INTARIAN_PEPPER_ROOT;11111;20;11109;23;;;11117;14;11120;17;;;11114.0;0.0
av_COTTON_d10;44000;ASH_COATED_OSMIUM;9923;10;9919;23;;;9929;7;9933;22;;;9926.0;0.0
av_COTTON_d10;44000;INTARIAN_PEPPER_ROOT;11108;5;11105;17;;;11118;15;11122;17;;;11113.0;0.0
av_COTTON_d10;44100;ASH_COATED_OSMIUM;9923;11;9919;17;;;9929;15;9931;29;;;9926.0;0.0
av_COTTON_d10;44100;INTARIAN_PEPPER_ROOT;11111;13;11107;24;;;11117;14;11120;25;;;11114.0;0.0
av_COTTON_d10;44200;ASH_COATED_OSMIUM;9923;12;9919;21;;;9929;11;9933;16;;;9926.0;0.0
av_COTTON_d10;44200;INTARIAN_PEPPER_ROOT;11110;16;11106;26;;;11116;5;11119;18;;;11113.0;0.0
av_COTTON_d10;44300;ASH_COATED_OSMIUM;9919;19;9917;20;;;9934;18;9937;16;;;9926.5;0.0
av_COTTON_d10;44300;INTARIAN_PEPPER_ROOT;11111;22;11108;23;;;11117;13;11121;17;;;11114.0;0.0
av_COTTON_d10;44400;ASH_COATED_OSMIUM;9923;7;9919;22;;;9929;11;9933;22;;;9926.0;0.0
av_COTTON_d10;44400;INTARIAN_PEPPER_ROOT;11112;17;11108;17;;;11118;11;11121;27;;;11115.0;0.0
av_COTTON_d10;44500;ASH_COATED_OSMIUM;9918;25;9915;19;;;9935;21;9939;27;;;9926.5;0.0
av_COTTON_d10;44500;INTARIAN_PEPPER_ROOT;11111;17;11109;26;;;11117;17;11121;18;;;11114.0;0.0
av_COTTON_d10;44600;ASH_COATED_OSMIUM;9912;20;9909;15;;;9940;25;9944;21;;;9926.0;0.0
av_COTTON_d10;44600;INTARIAN_PEPPER_ROOT;11111;14;11109;12;;;11117;17;11120;26;;;11114.0;0.0
av_COTTON_d10;44700;ASH_COATED_OSMIUM;9923;14;9919;16;;;9929;11;9932;19;;;9926.0;0.0
av_COTTON_d10;44700;INTARIAN_PEPPER_ROOT;11111;28;11107;18;;;11117;15;11120;23;;;11114.0;0.0
av_COTTON_d10;44800;ASH_COATED_OSMIUM;9923;5;9920;14;;;9929;18;9933;18;;;9926.0;0.0
av_COTTON_d10;44800;INTARIAN_PEPPER_ROOT;11112;13;11110;25;;;11118;16;11122;16;;;11115.0;0.0
av_COTTON_d10;44900;ASH_COATED_OSMIUM;9920;19;9917;22;;;9932;16;9935;24;;;9926.0;0.0
av_COTTON_d10;44900;INTARIAN_PEPPER_ROOT;11111;19;11107;19;;;11118;5;11120;14;;;11114.5;0.0
av_COTTON_d10;45000;ASH_COATED_OSMIUM;9914;13;9912;12;;;9938;8;9941;14;;;9926.0;0.0
av_COTTON_d10;45000;INTARIAN_PEPPER_ROOT;11111;13;11107;16;;;11118;7;11121;9;;;11114.5;0.0
av_COTTON_d10;45100;ASH_COATED_OSMIUM;9922;12;9920;13;;;9930;10;9933;12;;;9926.0;0.0
av_COTTON_d10;45100;INTARIAN_PEPPER_ROOT;11112;19;11110;23;;;11119;22;11122;18;;;11115.5;0.0
av_COTTON_d10;45200;ASH_COATED_OSMIUM;9923;16;9921;26;;;9929;6;9931;18;;;9926.0;0.0
av_COTTON_d10;45200;INTARIAN_PEPPER_ROOT;11111;21;11109;24;;;11119;17;11121;18;;;11115.0;0.0
av_COTTON_d10;45300;ASH_COATED_OSMIUM;9921;22;9919;20;;;9931;6;9934;22;;;9926.0;0.0
av_COTTON_d10;45300;INTARIAN_PEPPER_ROOT;11112;27;11110;16;;;11118;23;11120;24;;;11115.0;0.0
av_COTTON_d10;45400;ASH_COATED_OSMIUM;9920;14;9916;19;;;9931;16;9935;20;;;9925.5;0.0
av_COTTON_d10;45400;INTARIAN_PEPPER_ROOT;11112;15;11108;26;;;11118;13;11121;21;;;11115.0;0.0
av_COTTON_d10;45500;ASH_COATED_OSMIUM;9915;18;9911;27;;;9936;16;9939;21;;;9925.5;0.0
av_COTTON_d10;45500;INTARIAN_PEPPER_ROOT;11108;8;11104;16;;;11122;7;11125;20;;;11115.0;0.0
av_COTTON_d10;45600;ASH_COATED_OSMIUM;9916;10;9914;19;;;9936;14;9938;20;;;9926.0;0.0
av_COTTON_d10;45600;INTARIAN_PEPPER_ROOT;11112;19;11110;16;;;11118;17;11121;21;;;11115.0;0.0
av_COTTON_d10;45700;ASH_COATED_OSMIUM;9918;17;9916;23;;;9933;19;9937;10;;;9925.5;0.0
av_COTTON_d10;45700;INTARIAN_PEPPER_ROOT;11112;17;11108;20;;;11118;18;11122;15;;;11115.0;0.0
av_COTTON_d10;45800;ASH_COATED_OSMIUM;9923;14;9920;16;;;9929;11;9933;16;;;9926.0;0.0
av_COTTON_d10;45800;INTARIAN_PEPPER_ROOT;11112;11;11110;15;;;11118;16;11122;8;;;11115.0;0.0
av_COTTON_d10;45900;ASH_COATED_OSMIUM;9921;14;9917;15;;;9931;13;9933;17;;;9926.0;0.0
av_COTTON_d10;45900;INTARIAN_PEPPER_ROOT;11112;10;11108;13;;;11118;13;11121;17;;;11115.0;0.0
av_COTTON_d10;46000;ASH_COATED_OSMIUM;9923;15;9919;22;;;9929;12;9933;23;;;9926.0;0.0
av_COTTON_d10;46000;INTARIAN_PEPPER_ROOT;11112;13;11109;16;;;11118;10;11122;23;;;11115.0;0.0
av_COTTON_d10;46100;ASH_COATED_OSMIUM;9922;23;9920;15;;;9928;8;9932;17;;;9925.0;0.0
av_COTTON_d10;46100;INTARIAN_PEPPER_ROOT;11112;13;11109;21;;;11118;8;11122;24;;;11115.0;0.0
av_COTTON_d10;46200;ASH_COATED_OSMIUM;9918;15;9915;25;;;9934;20;9937;11;;;9926.0;0.0
av_COTTON_d10;46200;INTARIAN_PEPPER_ROOT;11112;21;11108;15;;;11118;8;11121;18;;;11115.0;0.0
av_COTTON_d10;46300;ASH_COATED_OSMIUM;9922;18;9919;26;;;9928;12;9931;13;;;9925.0;0.0
av_COTTON_d10;46300;INTARIAN_PEPPER_ROOT;11112;19;11109;19;;;11120;19;11122;22;;;11116.0;0.0
av_COTTON_d10;46400;ASH_COATED_OSMIUM;9922;20;9920;20;;;9929;13;9932;16;;;9925.5;0.0
av_COTTON_d10;46400;INTARIAN_PEPPER_ROOT;11113;23;11110;21;;;11119;13;11122;23;;;11116.0;0.0
av_COTTON_d10;46500;ASH_COATED_OSMIUM;9922;14;9918;18;;;9928;13;9931;26;;;9925.0;0.0
av_COTTON_d10;46500;INTARIAN_PEPPER_ROOT;11113;20;11111;8;;;11119;5;11123;19;;;11116.0;0.0
av_COTTON_d10;46600;ASH_COATED_OSMIUM;9922;11;9920;16;;;9928;16;9930;25;;;9925.0;0.0
av_COTTON_d10;46600;INTARIAN_PEPPER_ROOT;11113;19;11109;8;;;11119;17;11121;27;;;11116.0;0.0
av_COTTON_d10;46700;ASH_COATED_OSMIUM;9922;20;9918;17;;;9928;13;9930;21;;;9925.0;0.0
av_COTTON_d10;46700;INTARIAN_PEPPER_ROOT;11112;8;11109;14;;;11118;17;11122;17;;;11115.0;0.0
av_COTTON_d10;46800;ASH_COATED_OSMIUM;9918;24;9916;12;;;9932;16;9936;22;;;9925.0;0.0
av_COTTON_d10;46800;INTARIAN_PEPPER_ROOT;11113;15;11109;18;;;11119;15;11123;23;;;11116.0;0.0
av_COTTON_d10;46900;ASH_COATED_OSMIUM;9922;21;9919;19;;;9928;21;9931;18;;;9925.0;0.0
av_COTTON_d10;46900;INTARIAN_PEPPER_ROOT;11113;17;11109;11;;;11119;5;11123;8;;;11116.0;0.0
av_COTTON_d10;47000;ASH_COATED_OSMIUM;9923;13;9920;21;;;9929;20;9933;21;;;9926.0;0.0
av_COTTON_d10;47000;INTARIAN_PEPPER_ROOT;11113;6;11111;17;;;11119;21;11121;11;;;11116.0;0.0
av_COTTON_d10;47100;ASH_COATED_OSMIUM;9921;20;9919;18;;;9929;13;9932;20;;;9925.0;0.0
av_COTTON_d10;47100;INTARIAN_PEPPER_ROOT;11113;14;11109;15;;;11119;24;11122;12;;;11116.0;0.0
av_COTTON_d10;47200;ASH_COATED_OSMIUM;9921;17;9917;13;;;9929;14;9933;12;;;9925.0;0.0
av_COTTON_d10;47200;INTARIAN_PEPPER_ROOT;11110;16;11107;18;;;11122;18;11126;15;;;11116.0;0.0
av_COTTON_d10;47300;ASH_COATED_OSMIUM;9921;5;9917;19;;;9928;18;9931;20;;;9924.5;0.0
av_COTTON_d10;47300;INTARIAN_PEPPER_ROOT;11113;17;11110;22;;;11119;11;11123;14;;;11116.0;0.0
av_COTTON_d10;47400;ASH_COATED_OSMIUM;9922;8;9920;24;;;9928;5;9931;8;;;9925.0;0.0
av_COTTON_d10;47400;INTARIAN_PEPPER_ROOT;11113;10;11109;28;;;11119;20;11123;15;;;11116.0;0.0
av_COTTON_d10;47500;ASH_COATED_OSMIUM;9920;14;9917;9;;;9931;12;9935;19;;;9925.5;0.0
av_COTTON_d10;47500;INTARIAN_PEPPER_ROOT;11113;8;11109;12;;;11119;18;11122;29;;;11116.0;0.0
av_COTTON_d10;47600;ASH_COATED_OSMIUM;9922;12;9920;24;;;9928;24;9931;21;;;9925.0;0.0
av_COTTON_d10;47600;INTARIAN_PEPPER_ROOT;11104;6;11101;21;;;11128;9;11130;11;;;11116.0;0.0
av_COTTON_d10;47700;ASH_COATED_OSMIUM;9922;17;9919;18;;;9928;10;9931;18;;;9925.0;0.0
av_COTTON_d10;47700;INTARIAN_PEPPER_ROOT;11113;23;11111;26;;;11121;16;11124;18;;;11117.0;0.0
av_COTTON_d10;47800;ASH_COATED_OSMIUM;9922;15;9919;25;;;9928;15;9931;21;;;9925.0;0.0
av_COTTON_d10;47800;INTARIAN_PEPPER_ROOT;11113;17;11109;22;;;11119;13;11121;19;;;11116.0;0.0
av_COTTON_d10;47900;ASH_COATED_OSMIUM;9919;22;9917;21;;;9929;14;9932;15;;;9924.0;0.0
av_COTTON_d10;47900;INTARIAN_PEPPER_ROOT;11112;6;11109;8;;;11120;16;11122;19;;;11116.0;0.0
av_COTTON_d10;48000;ASH_COATED_OSMIUM;9923;14;9921;24;;;9929;13;9932;17;;;9926.0;0.0
av_COTTON_d10;48000;INTARIAN_PEPPER_ROOT;11110;12;11108;14;;;11123;20;11126;23;;;11116.5;0.0
av_COTTON_d10;48100;ASH_COATED_OSMIUM;9922;12;9920;20;;;9928;16;9931;11;;;9925.0;0.0
av_COTTON_d10;48100;INTARIAN_PEPPER_ROOT;11102;14;11099;25;;;11132;17;11135;22;;;11117.0;0.0
av_COTTON_d10;48200;ASH_COATED_OSMIUM;9919;14;9916;14;;;9931;18;9934;27;;;9925.0;0.0
av_COTTON_d10;48200;INTARIAN_PEPPER_ROOT;11110;12;11108;27;;;11123;8;11127;24;;;11116.5;0.0
av_COTTON_d10;48300;ASH_COATED_OSMIUM;9922;14;9920;27;;;9928;18;9930;24;;;9925.0;0.0
av_COTTON_d10;48300;INTARIAN_PEPPER_ROOT;11113;7;11110;18;;;11119;22;11122;21;;;11116.0;0.0
av_COTTON_d10;48400;ASH_COATED_OSMIUM;9914;14;9910;19;;;9935;9;9937;18;;;9924.5;0.0
av_COTTON_d10;48400;INTARIAN_PEPPER_ROOT;11106;16;11103;24;;;11127;13;11129;26;;;11116.5;0.0
av_COTTON_d10;48500;ASH_COATED_OSMIUM;9916;16;9914;26;;;9933;17;9936;18;;;9924.5;0.0
av_COTTON_d10;48500;INTARIAN_PEPPER_ROOT;11113;17;11110;24;;;11121;10;11125;22;;;11117.0;0.0
av_COTTON_d10;48600;ASH_COATED_OSMIUM;9915;16;9913;13;;;9933;8;9937;18;;;9924.0;0.0
av_COTTON_d10;48600;INTARIAN_PEPPER_ROOT;11114;18;11111;21;;;11120;14;11123;11;;;11117.0;0.0
av_COTTON_d10;48700;ASH_COATED_OSMIUM;9913;12;9910;25;;;9936;17;9938;18;;;9924.5;0.0
av_COTTON_d10;48700;INTARIAN_PEPPER_ROOT;11109;12;11105;18;;;11124;13;11127;20;;;11116.5;0.0
av_COTTON_d10;48800;ASH_COATED_OSMIUM;9922;13;9919;15;;;9928;10;9932;24;;;9925.0;0.0
av_COTTON_d10;48800;INTARIAN_PEPPER_ROOT;11114;11;11110;12;;;11120;8;11122;19;;;11117.0;0.0
av_COTTON_d10;48900;ASH_COATED_OSMIUM;9921;23;9917;20;;;9927;13;9931;29;;;9924.0;0.0
av_COTTON_d10;48900;INTARIAN_PEPPER_ROOT;11115;18;11111;24;;;11121;19;11125;12;;;11118.0;0.0
av_COTTON_d10;49000;ASH_COATED_OSMIUM;9922;12;9920;18;;;9928;15;9931;23;;;9925.0;0.0
av_COTTON_d10;49000;INTARIAN_PEPPER_ROOT;11114;16;11112;14;;;11120;8;11123;13;;;11117.0;0.0
av_COTTON_d10;49100;ASH_COATED_OSMIUM;9920;5;9918;20;;;9928;10;9930;19;;;9924.0;0.0
av_COTTON_d10;49100;INTARIAN_PEPPER_ROOT;11114;23;11110;12;;;11120;15;11124;20;;;11117.0;0.0
av_COTTON_d10;49200;ASH_COATED_OSMIUM;9922;13;9919;18;;;9928;14;9931;25;;;9925.0;0.0
av_COTTON_d10;49200;INTARIAN_PEPPER_ROOT;11108;8;11106;18;;;11128;23;11130;22;;;11118.0;0.0
av_COTTON_d10;49300;ASH_COATED_OSMIUM;9921;29;9917;15;;;9927;17;9929;12;;;9924.0;0.0
av_COTTON_d10;49300;INTARIAN_PEPPER_ROOT;11114;16;11111;21;;;11122;20;11124;18;;;11118.0;0.0
av_COTTON_d10;49400;ASH_COATED_OSMIUM;9922;19;9918;8;;;9928;15;9931;23;;;9925.0;0.0
av_COTTON_d10;49400;INTARIAN_PEPPER_ROOT;11114;12;11111;18;;;11120;18;11123;22;;;11117.0;0.0
av_COTTON_d10;49500;ASH_COATED_OSMIUM;9922;13;9920;18;;;9928;5;9932;19;;;9925.0;0.0
av_COTTON_d10;49500;INTARIAN_PEPPER_ROOT;11115;12;11111;17;;;11121;19;11123;21;;;11118.0;0.0
av_COTTON_d10;49600;ASH_COATED_OSMIUM;9906;21;9903;18;;;9942;16;9945;12;;;9924.0;0.0
av_COTTON_d10;49600;INTARIAN_PEPPER_ROOT;11115;16;11112;20;;;11121;14;11123;18;;;11118.0;0.0
av_COTTON_d10;49700;ASH_COATED_OSMIUM;9921;13;9919;17;;;9927;7;9929;21;;;9924.0;0.0
av_COTTON_d10;49700;INTARIAN_PEPPER_ROOT;11115;24;11111;20;;;11121;5;11125;21;;;11118.0;0.0
av_COTTON_d10;49800;ASH_COATED_OSMIUM;9908;9;9905;32;;;9941;11;9943;26;;;9924.5;0.0
av_COTTON_d10;49800;INTARIAN_PEPPER_ROOT;11115;18;11111;21;;;11121;9;11124;19;;;11118.0;0.0
av_COTTON_d10;49900;ASH_COATED_OSMIUM;9921;12;9918;23;;;9927;5;9931;13;;;9924.0;0.0
av_COTTON_d10;49900;INTARIAN_PEPPER_ROOT;11115;16;11111;19;;;11121;18;11125;14;;;11118.0;0.0
av_COTTON_d10;50000;ASH_COATED_OSMIUM;9917;10;9915;17;;;9932;26;9936;13;;;9924.5;0.0
av_COTTON_d10;50000;INTARIAN_PEPPER_ROOT;11112;21;11109;10;;;11124;12;11128;21;;;11118.0;0.0
av_COTTON_d10;50100;ASH_COATED_OSMIUM;9922;12;9920;17;;;9928;17;9930;24;;;9925.0;0.0
av_COTTON_d10;50100;INTARIAN_PEPPER_ROOT;11110;12;11108;21;;;11126;17;11130;18;;;11118.0;0.0
av_COTTON_d10;50200;ASH_COATED_OSMIUM;9918;11;9914;23;;;9930;15;9933;16;;;9924.0;0.0
av_COTTON_d10;50200;INTARIAN_PEPPER_ROOT;11115;5;11113;14;;;11121;14;11123;15;;;11118.0;0.0
av_COTTON_d10;50300;ASH_COATED_OSMIUM;9913;14;9911;24;;;9935;10;9938;10;;;9924.0;0.0
av_COTTON_d10;50300;INTARIAN_PEPPER_ROOT;11115;18;11113;17;;;11121;18;11124;25;;;11118.0;0.0
av_COTTON_d10;50400;ASH_COATED_OSMIUM;9917;12;9913;25;;;9931;12;9934;20;;;9924.0;0.0
av_COTTON_d10;50400;INTARIAN_PEPPER_ROOT;11111;13;11107;23;;;11126;16;11128;29;;;11118.5;0.0
av_COTTON_d10;50500;ASH_COATED_OSMIUM;9920;14;9918;19;;;9928;12;9931;18;;;9924.0;0.0
av_COTTON_d10;50500;INTARIAN_PEPPER_ROOT;11110;22;11108;14;;;11126;17;11129;25;;;11118.0;0.0
av_COTTON_d10;50600;ASH_COATED_OSMIUM;9916;12;9914;22;;;9932;22;9935;24;;;9924.0;0.0
av_COTTON_d10;50600;INTARIAN_PEPPER_ROOT;11115;15;11113;16;;;11121;21;11123;17;;;11118.0;0.0
av_COTTON_d10;50700;ASH_COATED_OSMIUM;9921;15;9919;19;;;9927;18;9931;16;;;9924.0;0.0
av_COTTON_d10;50700;INTARIAN_PEPPER_ROOT;11116;16;11114;13;;;11122;8;11126;19;;;11119.0;0.0
av_COTTON_d10;50800;ASH_COATED_OSMIUM;9921;11;9917;17;;;9927;10;9929;19;;;9924.0;0.0
av_COTTON_d10;50800;INTARIAN_PEPPER_ROOT;11113;9;11110;24;;;11125;10;11127;24;;;11119.0;0.0
av_COTTON_d10;50900;ASH_COATED_OSMIUM;9916;8;9912;26;;;9932;17;9936;17;;;9924.0;0.0
av_COTTON_d10;50900;INTARIAN_PEPPER_ROOT;11116;11;11114;19;;;11122;11;11125;26;;;11119.0;0.0
av_COTTON_d10;51000;ASH_COATED_OSMIUM;9919;12;9915;17;;;9929;15;9931;27;;;9924.0;0.0
av_COTTON_d10;51000;INTARIAN_PEPPER_ROOT;11116;17;11112;18;;;11122;19;11126;24;;;11119.0;0.0
av_COTTON_d10;51100;ASH_COATED_OSMIUM;9917;22;9914;13;;;9930;10;9932;17;;;9923.5;0.0
av_COTTON_d10;51100;INTARIAN_PEPPER_ROOT;11117;10;11115;18;;;11123;15;11125;18;;;11120.0;0.0
av_COTTON_d10;51200;ASH_COATED_OSMIUM;9921;18;9919;25;;;9927;12;9930;26;;;9924.0;0.0
av_COTTON_d10;51200;INTARIAN_PEPPER_ROOT;11117;14;11114;20;;;11123;17;11127;16;;;11120.0;0.0
av_COTTON_d10;51300;ASH_COATED_OSMIUM;9914;21;9911;18;;;9936;5;9939;25;;;9925.0;0.0
av_COTTON_d10;51300;INTARIAN_PEPPER_ROOT;11118;12;11115;17;;;11124;10;11126;18;;;11121.0;0.0
av_COTTON_d10;51400;ASH_COATED_OSMIUM;9922;13;9918;26;;;9928;13;9930;25;;;9925.0;0.0
av_COTTON_d10;51400;INTARIAN_PEPPER_ROOT;11118;8;11116;22;;;11124;16;11126;25;;;11121.0;0.0
av_COTTON_d10;51500;ASH_COATED_OSMIUM;9921;15;9917;10;;;9927;16;9929;19;;;9924.0;0.0
av_COTTON_d10;51500;INTARIAN_PEPPER_ROOT;11119;11;11115;28;;;11125;5;11127;27;;;11122.0;0.0
av_COTTON_d10;51600;ASH_COATED_OSMIUM;9917;6;9914;23;;;9931;22;9934;27;;;9924.0;0.0
av_COTTON_d10;51600;INTARIAN_PEPPER_ROOT;11119;15;11117;19;;;11125;19;11129;11;;;11122.0;0.0
av_COTTON_d10;51700;ASH_COATED_OSMIUM;9921;13;9917;15;;;9927;13;9930;12;;;9924.0;0.0
av_COTTON_d10;51700;INTARIAN_PEPPER_ROOT;11117;18;11114;16;;;11129;27;11133;28;;;11123.0;0.0
av_COTTON_d10;51800;ASH_COATED_OSMIUM;9902;14;9898;25;;;9946;19;9948;22;;;9924.0;0.0
av_COTTON_d10;51800;INTARIAN_PEPPER_ROOT;11115;15;11111;14;;;11131;22;11134;21;;;11123.0;0.0
av_COTTON_d10;51900;ASH_COATED_OSMIUM;9920;14;9916;22;;;9929;14;9931;21;;;9924.5;0.0
av_COTTON_d10;51900;INTARIAN_PEPPER_ROOT;11094;11;11091;20;;;11152;17;11155;17;;;11123.0;0.0
av_COTTON_d10;52000;ASH_COATED_OSMIUM;9921;15;9918;13;;;9927;13;9931;18;;;9924.0;0.0
av_COTTON_d10;52000;INTARIAN_PEPPER_ROOT;11120;5;11118;16;;;11126;5;11129;15;;;11123.0;0.0
av_COTTON_d10;52100;ASH_COATED_OSMIUM;9920;21;9918;11;;;9926;15;9929;12;;;9923.0;0.0
av_COTTON_d10;52100;INTARIAN_PEPPER_ROOT;11093;22;11091;22;;;11157;24;11159;12;;;11125.0;0.0
av_COTTON_d10;52200;ASH_COATED_OSMIUM;9921;27;9917;22;;;9927;22;9930;22;;;9924.0;0.0
av_COTTON_d10;52200;INTARIAN_PEPPER_ROOT;11121;18;11119;27;;;11129;17;11133;10;;;11125.0;0.0
av_COTTON_d10;52300;ASH_COATED_OSMIUM;9921;15;9919;16;;;9927;13;9929;19;;;9924.0;0.0
av_COTTON_d10;52300;INTARIAN_PEPPER_ROOT;11122;20;11120;14;;;11128;12;11132;30;;;11125.0;0.0
av_COTTON_d10;52400;ASH_COATED_OSMIUM;9921;11;9919;16;;;9927;18;9930;18;;;9924.0;0.0
av_COTTON_d10;52400;INTARIAN_PEPPER_ROOT;11121;18;11118;21;;;11130;15;11134;20;;;11125.5;0.0
av_COTTON_d10;52500;ASH_COATED_OSMIUM;9921;8;9917;18;;;9927;20;9930;10;;;9924.0;0.0
av_COTTON_d10;52500;INTARIAN_PEPPER_ROOT;11119;15;11117;34;;;11132;6;11135;14;;;11125.5;0.0
av_COTTON_d10;52600;ASH_COATED_OSMIUM;9921;10;9919;19;;;9927;20;9931;15;;;9924.0;0.0
av_COTTON_d10;52600;INTARIAN_PEPPER_ROOT;11123;22;11120;24;;;11129;20;11131;19;;;11126.0;0.0
av_COTTON_d10;52700;ASH_COATED_OSMIUM;9921;6;9917;23;;;9927;19;9930;10;;;9924.0;0.0
av_COTTON_d10;52700;INTARIAN_PEPPER_ROOT;11124;13;11122;22;;;11130;16;11134;14;;;11127.0;0.0
av_COTTON_d10;52800;ASH_COATED_OSMIUM;9921;12;9918;17;;;9927;15;9930;27;;;9924.0;0.0
av_COTTON_d10;52800;INTARIAN_PEPPER_ROOT;11114;12;11111;22;;;11140;20;11144;12;;;11127.0;0.0
av_COTTON_d10;52900;ASH_COATED_OSMIUM;9919;22;9916;17;;;9928;13;9932;19;;;9923.5;0.0
av_COTTON_d10;52900;INTARIAN_PEPPER_ROOT;11124;18;11121;31;;;11132;8;11136;19;;;11128.0;0.0
av_COTTON_d10;53000;ASH_COATED_OSMIUM;9920;10;9916;15;;;9926;13;9930;20;;;9923.0;0.0
av_COTTON_d10;53000;INTARIAN_PEPPER_ROOT;11123;14;11119;23;;;11133;11;11136;9;;;11128.0;0.0
av_COTTON_d10;53100;ASH_COATED_OSMIUM;9920;12;9917;12;;;9926;16;9929;8;;;9923.0;0.0
av_COTTON_d10;53100;INTARIAN_PEPPER_ROOT;11126;22;11124;17;;;11133;9;11136;21;;;11129.5;0.0
av_COTTON_d10;53200;ASH_COATED_OSMIUM;9920;20;9917;21;;;9926;19;9930;29;;;9923.0;0.0
av_COTTON_d10;53200;INTARIAN_PEPPER_ROOT;11126;20;11124;20;;;11132;12;11134;14;;;11129.0;0.0
av_COTTON_d10;53300;ASH_COATED_OSMIUM;9920;6;9916;11;;;9926;9;9929;16;;;9923.0;0.0
av_COTTON_d10;53300;INTARIAN_PEPPER_ROOT;11124;5;11122;22;;;11136;17;11138;20;;;11130.0;0.0
av_COTTON_d10;53400;ASH_COATED_OSMIUM;9920;17;9917;16;;;9926;13;9929;25;;;9923.0;0.0
av_COTTON_d10;53400;INTARIAN_PEPPER_ROOT;11127;17;11123;25;;;11133;11;11137;23;;;11130.0;0.0
av_COTTON_d10;53500;ASH_COATED_OSMIUM;9921;14;9919;13;;;9927;10;9930;26;;;9924.0;0.0
av_COTTON_d10;53500;INTARIAN_PEPPER_ROOT;11128;13;11124;24;;;11134;22;11138;19;;;11131.0;0.0
av_COTTON_d10;53600;ASH_COATED_OSMIUM;9915;16;9913;24;;;9933;19;9935;22;;;9924.0;0.0
av_COTTON_d10;53600;INTARIAN_PEPPER_ROOT;11126;19;11123;15;;;11136;7;11140;19;;;11131.0;0.0
av_COTTON_d10;53700;ASH_COATED_OSMIUM;9921;12;9918;15;;;9927;10;9931;30;;;9924.0;0.0
av_COTTON_d10;53700;INTARIAN_PEPPER_ROOT;11129;17;11126;19;;;11135;25;11138;17;;;11132.0;0.0
av_COTTON_d10;53800;ASH_COATED_OSMIUM;9920;10;9918;20;;;9926;26;9928;22;;;9923.0;0.0
av_COTTON_d10;53800;INTARIAN_PEPPER_ROOT;11129;16;11125;24;;;11136;14;11138;16;;;11132.5;0.0
av_COTTON_d10;53900;ASH_COATED_OSMIUM;9920;10;9918;21;;;9926;5;9930;22;;;9923.0;0.0
av_COTTON_d10;53900;INTARIAN_PEPPER_ROOT;11129;6;11126;26;;;11135;23;11138;19;;;11132.0;0.0
av_COTTON_d10;54000;ASH_COATED_OSMIUM;9918;13;9914;21;;;9930;21;9934;28;;;9924.0;0.0
av_COTTON_d10;54000;INTARIAN_PEPPER_ROOT;11130;16;11128;26;;;11136;16;11140;10;;;11133.0;0.0
av_COTTON_d10;54100;ASH_COATED_OSMIUM;9920;23;9917;27;;;9926;15;9929;22;;;9923.0;0.0
av_COTTON_d10;54100;INTARIAN_PEPPER_ROOT;11123;21;11120;16;;;11143;10;11146;20;;;11133.0;0.0
av_COTTON_d10;54200;ASH_COATED_OSMIUM;9915;24;9911;21;;;9932;15;9935;8;;;9923.5;0.0
av_COTTON_d10;54200;INTARIAN_PEPPER_ROOT;11131;20;11129;17;;;11137;6;11139;25;;;11134.0;0.0
av_COTTON_d10;54300;ASH_COATED_OSMIUM;9921;15;9917;24;;;9927;23;9929;21;;;9924.0;0.0
av_COTTON_d10;54300;INTARIAN_PEPPER_ROOT;11131;12;11128;17;;;11137;8;11141;23;;;11134.0;0.0
av_COTTON_d10;54400;ASH_COATED_OSMIUM;9919;5;9917;16;;;9928;11;9930;24;;;9923.5;0.0
av_COTTON_d10;54400;INTARIAN_PEPPER_ROOT;11132;5;11130;26;;;11138;16;11140;8;;;11135.0;0.0
av_COTTON_d10;54500;ASH_COATED_OSMIUM;9917;16;9913;20;;;9930;15;9932;16;;;9923.5;0.0
av_COTTON_d10;54500;INTARIAN_PEPPER_ROOT;11132;8;11128;17;;;11138;21;11140;17;;;11135.0;0.0
av_COTTON_d10;54600;ASH_COATED_OSMIUM;9920;19;9918;31;;;9926;17;9930;15;;;9923.0;0.0
av_COTTON_d10;54600;INTARIAN_PEPPER_ROOT;11132;10;11130;17;;;11138;13;11142;25;;;11135.0;0.0
av_COTTON_d10;54700;ASH_COATED_OSMIUM;9919;16;9916;15;;;9928;20;9930;16;;;9923.5;0.0
av_COTTON_d10;54700;INTARIAN_PEPPER_ROOT;11133;19;11130;18;;;11139;23;11142;18;;;11136.0;0.0
av_COTTON_d10;54800;ASH_COATED_OSMIUM;9919;5;9916;22;;;9927;16;9930;23;;;9923.0;0.0
av_COTTON_d10;54800;INTARIAN_PEPPER_ROOT;11134;14;11132;12;;;11140;16;11142;12;;;11137.0;0.0
av_COTTON_d10;54900;ASH_COATED_OSMIUM;9920;16;9917;20;;;9926;21;9930;30;;;9923.0;0.0
av_COTTON_d10;54900;INTARIAN_PEPPER_ROOT;11134;13;11132;21;;;11140;12;11144;20;;;11137.0;0.0
av_COTTON_d10;55000;ASH_COATED_OSMIUM;9919;13;9917;13;;;9926;18;9929;25;;;9922.5;0.0
av_COTTON_d10;55000;INTARIAN_PEPPER_ROOT;11134;22;11131;19;;;11140;17;11143;16;;;11137.0;0.0
av_COTTON_d10;55100;ASH_COATED_OSMIUM;9920;18;9916;20;;;9926;10;9929;19;;;9923.0;0.0
av_COTTON_d10;55100;INTARIAN_PEPPER_ROOT;11135;13;11133;27;;;11141;13;11144;19;;;11138.0;0.0
av_COTTON_d10;55200;ASH_COATED_OSMIUM;9920;12;9917;22;;;9926;7;9930;16;;;9923.0;0.0
av_COTTON_d10;55200;INTARIAN_PEPPER_ROOT;11135;8;11132;21;;;11141;19;11143;22;;;11138.0;0.0
av_COTTON_d10;55300;ASH_COATED_OSMIUM;9920;12;9917;20;;;9926;5;9930;16;;;9923.0;0.0
av_COTTON_d10;55300;INTARIAN_PEPPER_ROOT;11135;17;11132;26;;;11141;10;11143;20;;;11138.0;0.0
av_COTTON_d10;55400;ASH_COATED_OSMIUM;9902;16;9900;25;;;9944;14;9948;30;;;9923.0;0.0
av_COTTON_d10;55400;INTARIAN_PEPPER_ROOT;11136;13;11132;18;;;11142;15;11146;14;;;11139.0;0.0
av_COTTON_d10;55500;ASH_COATED_OSMIUM;9905;23;9903;27;;;9942;6;9945;23;;;9923.5;0.0
av_COTTON_d10;55500;INTARIAN_PEPPER_ROOT;11137;13;11133;19;;;11143;16;11147;23;;;11140.0;0.0
av_COTTON_d10;55600;ASH_COATED_OSMIUM;9904;6;9900;15;;;9942;15;9945;8;;;9923.0;0.0
av_COTTON_d10;55600;INTARIAN_PEPPER_ROOT;11127;8;11125;19;;;11153;13;11155;18;;;11140.0;0.0
av_COTTON_d10;55700;ASH_COATED_OSMIUM;9920;12;9918;24;;;9926;16;9928;25;;;9923.0;0.0
av_COTTON_d10;55700;INTARIAN_PEPPER_ROOT;11138;6;11134;24;;;11144;13;11147;20;;;11141.0;0.0
av_COTTON_d10;55800;ASH_COATED_OSMIUM;9920;19;9918;12;;;9926;12;9930;15;;;9923.0;0.0
av_COTTON_d10;55800;INTARIAN_PEPPER_ROOT;11137;15;11134;18;;;11145;8;11147;13;;;11141.0;0.0
av_COTTON_d10;55900;ASH_COATED_OSMIUM;9920;18;9918;11;;;9926;14;9930;25;;;9923.0;0.0
av_COTTON_d10;55900;INTARIAN_PEPPER_ROOT;11136;7;11134;25;;;11146;19;11149;12;;;11141.0;0.0
av_COTTON_d10;56000;ASH_COATED_OSMIUM;9920;11;9917;19;;;9926;5;9929;14;;;9923.0;0.0
av_COTTON_d10;56000;INTARIAN_PEPPER_ROOT;11139;12;11137;27;;;11145;22;11148;15;;;11142.0;0.0
av_COTTON_d10;56100;ASH_COATED_OSMIUM;9911;14;9907;24;;;9935;21;9939;14;;;9923.0;0.0
av_COTTON_d10;56100;INTARIAN_PEPPER_ROOT;11139;9;11137;30;;;11147;21;11150;17;;;11143.0;0.0
av_COTTON_d10;56200;ASH_COATED_OSMIUM;9917;10;9913;18;;;9930;14;9932;13;;;9923.5;0.0
av_COTTON_d10;56200;INTARIAN_PEPPER_ROOT;11134;12;11130;26;;;11151;5;11153;20;;;11142.5;0.0
av_COTTON_d10;56300;ASH_COATED_OSMIUM;9920;15;9917;18;;;9926;22;9929;21;;;9923.0;0.0
av_COTTON_d10;56300;INTARIAN_PEPPER_ROOT;11141;22;11137;22;;;11147;8;11150;25;;;11144.0;0.0
