day;timestamp;product;bid_price_1;bid_volume_1;bid_price_2;bid_volume_2;bid_price_3;bid_volume_3;ask_price_1;ask_volume_1;ask_price_2;ask_volume_2;ask_price_3;ask_volume_3;mid_price;profit_and_loss
yf_ZS=F_d12;0;ASH_COATED_OSMIUM;9907;17;9905;23;;;9913;14;9917;21;;;9910.0;0.0
yf_ZS=F_d12;0;INTARIAN_PEPPER_ROOT;10174;18;10172;21;;;10180;21;10184;20;;;10177.0;0.0
yf_ZS=F_d12;100;ASH_COATED_OSMIUM;9907;7;9903;20;;;9913;18;9916;22;;;9910.0;0.0
yf_ZS=F_d12;100;INTARIAN_PEPPER_ROOT;10172;14;10170;16;;;10183;10;10185;20;;;10177.5;0.0
yf_ZS=F_d12;200;ASH_COATED_OSMIUM;9907;11;9905;23;;;9913;8;9917;20;;;9910.0;0.0
yf_ZS=F_d12;200;INTARIAN_PEPPER_ROOT;10175;23;10173;20;;;10181;19;10184;15;;;10178.0;0.0
yf_ZS=F_d12;300;ASH_COATED_OSMIUM;9889;18;9887;13;;;9930;13;9933;15;;;9909.5;0.0
yf_ZS=F_d12;300;INTARIAN_PEPPER_ROOT;10173;11;10170;12;;;10184;19;10188;18;;;10178.5;0.0
yf_ZS=F_d12;400;ASH_COATED_OSMIUM;9897;6;9893;17;;;9924;25;9928;19;;;9910.5;0.0
yf_ZS=F_d12;400;INTARIAN_PEPPER_ROOT;10175;19;10172;21;;;10181;15;10185;15;;;10178.0;0.0
yf_ZS=F_d12;500;ASH_COATED_OSMIUM;9899;19;9896;25;;;9920;12;9924;25;;;9909.5;0.0
yf_ZS=F_d12;500;INTARIAN_PEPPER_ROOT;10175;16;10171;22;;;10181;14;10184;13;;;10178.0;0.0
yf_ZS=F_d12;600;ASH_COATED_OSMIUM;9903;17;9900;16;;;9917;5;9919;20;;;9910.0;0.0
yf_ZS=F_d12;600;INTARIAN_PEPPER_ROOT;10176;9;10174;12;;;10182;17;10186;24;;;10179.0;0.0
yf_ZS=F_d12;700;ASH_COATED_OSMIUM;9907;8;9903;13;;;9913;11;9915;27;;;9910.0;0.0
yf_ZS=F_d12;700;INTARIAN_PEPPER_ROOT;10176;13;10172;26;;;10182;6;10184;18;;;10179.0;0.0
yf_ZS=F_d12;800;ASH_COATED_OSMIUM;9906;16;9903;17;;;9912;10;9914;17;;;9909.0;0.0
yf_ZS=F_d12;800;INTARIAN_PEPPER_ROOT;10176;18;10173;20;;;10182;14;10186;18;;;10179.0;0.0
yf_ZS=F_d12;900;ASH_COATED_OSMIUM;9906;13;9904;23;;;9912;10;9915;20;;;9909.0;0.0
yf_ZS=F_d12;900;INTARIAN_PEPPER_ROOT;10174;19;10170;23;;;10184;16;10187;21;;;10179.0;0.0
yf_ZS=F_d12;1000;ASH_COATED_OSMIUM;9906;14;9904;20;;;9912;12;9915;16;;;9909.0;0.0
yf_ZS=F_d12;1000;INTARIAN_PEPPER_ROOT;10176;14;10174;20;;;10182;15;10185;17;;;10179.0;0.0
yf_ZS=F_d12;1100;ASH_COATED_OSMIUM;9906;21;9902;20;;;9912;14;9916;17;;;9909.0;0.0
yf_ZS=F_d12;1100;INTARIAN_PEPPER_ROOT;10176;11;10172;28;;;10182;16;10185;25;;;10179.0;0.0
yf_ZS=F_d12;1200;ASH_COATED_OSMIUM;9906;19;9903;25;;;9912;25;9914;21;;;9909.0;0.0
yf_ZS=F_d12;1200;INTARIAN_PEPPER_ROOT;10176;7;10172;17;;;10182;19;10184;22;;;10179.0;0.0
yf_ZS=F_d12;1300;ASH_COATED_OSMIUM;9900;16;9897;15;;;9917;7;9920;20;;;9908.5;0.0
yf_ZS=F_d12;1300;INTARIAN_PEPPER_ROOT;10174;8;10171;17;;;10185;10;10189;15;;;10179.5;0.0
yf_ZS=F_d12;1400;ASH_COATED_OSMIUM;9906;10;9904;18;;;9912;17;9914;17;;;9909.0;0.0
yf_ZS=F_d12;1400;INTARIAN_PEPPER_ROOT;10176;9;10174;15;;;10182;20;10186;27;;;10179.0;0.0
yf_ZS=F_d12;1500;ASH_COATED_OSMIUM;9901;18;9898;15;;;9917;13;9920;18;;;9909.0;0.0
yf_ZS=F_d12;1500;INTARIAN_PEPPER_ROOT;10176;16;10172;12;;;10182;10;10185;14;;;10179.0;0.0
yf_ZS=F_d12;1600;ASH_COATED_OSMIUM;9901;13;9897;19;;;9918;8;9921;20;;;9909.5;0.0
yf_ZS=F_d12;1600;INTARIAN_PEPPER_ROOT;10174;11;10171;15;;;10186;10;10190;24;;;10180.0;0.0
yf_ZS=F_d12;1700;ASH_COATED_OSMIUM;9906;10;9904;13;;;9912;16;9916;21;;;9909.0;0.0
yf_ZS=F_d12;1700;INTARIAN_PEPPER_ROOT;10172;11;10170;26;;;10188;18;10191;10;;;10180.0;0.0
yf_ZS=F_d12;1800;ASH_COATED_OSMIUM;9906;19;9903;20;;;9912;14;9916;18;;;9909.0;0.0
yf_ZS=F_d12;1800;INTARIAN_PEPPER_ROOT;10177;13;10173;18;;;10183;15;10185;21;;;10180.0;0.0
yf_ZS=F_d12;1900;ASH_COATED_OSMIUM;9905;12;9903;18;;;9914;21;9916;27;;;9909.5;0.0
yf_ZS=F_d12;1900;INTARIAN_PEPPER_ROOT;10177;15;10174;11;;;10183;16;10187;20;;;10180.0;0.0
yf_ZS=F_d12;2000;ASH_COATED_OSMIUM;9906;19;9904;9;;;9912;20;9916;12;;;9909.0;0.0
yf_ZS=F_d12;2000;INTARIAN_PEPPER_ROOT;10176;8;10174;16;;;10182;16;10186;24;;;10179.0;0.0
yf_ZS=F_d12;2100;ASH_COATED_OSMIUM;9900;15;9897;20;;;9917;9;9919;18;;;9908.5;0.0
yf_ZS=F_d12;2100;INTARIAN_PEPPER_ROOT;10176;8;10174;16;;;10183;16;10187;19;;;10179.5;0.0
yf_ZS=F_d12;2200;ASH_COATED_OSMIUM;9906;12;9903;28;;;9912;13;9916;25;;;9909.0;0.0
yf_ZS=F_d12;2200;INTARIAN_PEPPER_ROOT;10177;18;10174;21;;;10183;7;10186;24;;;10180.0;0.0
yf_ZS=F_d12;2300;ASH_COATED_OSMIUM;9905;8;9902;31;;;9911;15;9915;22;;;9908.0;0.0
yf_ZS=F_d12;2300;INTARIAN_PEPPER_ROOT;10177;21;10175;18;;;10183;21;10186;23;;;10180.0;0.0
yf_ZS=F_d12;2400;ASH_COATED_OSMIUM;9905;12;9901;25;;;9911;17;9915;15;;;9908.0;0.0
yf_ZS=F_d12;2400;INTARIAN_PEPPER_ROOT;10177;12;10175;18;;;10184;26;10188;23;;;10180.5;0.0
yf_ZS=F_d12;2500;ASH_COATED_OSMIUM;9905;18;9903;20;;;9911;14;9913;23;;;9908.0;0.0
yf_ZS=F_d12;2500;INTARIAN_PEPPER_ROOT;10177;14;10174;19;;;10184;14;10186;24;;;10180.5;0.0
yf_ZS=F_d12;2600;ASH_COATED_OSMIUM;9906;29;9904;13;;;9912;16;9915;22;;;9909.0;0.0
yf_ZS=F_d12;2600;INTARIAN_PEPPER_ROOT;10178;16;10175;11;;;10184;24;10187;25;;;10181.0;0.0
yf_ZS=F_d12;2700;ASH_COATED_OSMIUM;9903;11;9899;16;;;9915;23;9919;26;;;9909.0;0.0
yf_ZS=F_d12;2700;INTARIAN_PEPPER_ROOT;10178;8;10174;24;;;10184;10;10186;19;;;10181.0;0.0
yf_ZS=F_d12;2800;ASH_COATED_OSMIUM;9904;17;9902;26;;;9912;14;9916;18;;;9908.0;0.0
yf_ZS=F_d12;2800;INTARIAN_PEPPER_ROOT;10178;9;10176;11;;;10184;13;10188;26;;;10181.0;0.0
yf_ZS=F_d12;2900;ASH_COATED_OSMIUM;9905;8;9902;23;;;9911;20;9914;13;;;9908.0;0.0
yf_ZS=F_d12;2900;INTARIAN_PEPPER_ROOT;10176;7;10173;26;;;10187;17;10189;24;;;10181.5;0.0
yf_ZS=F_d12;3000;ASH_COATED_OSMIUM;9896;19;9893;21;;;9920;11;9923;10;;;9908.0;0.0
yf_ZS=F_d12;3000;INTARIAN_PEPPER_ROOT;10178;17;10176;25;;;10184;7;10188;19;;;10181.0;0.0
yf_ZS=F_d12;3100;ASH_COATED_OSMIUM;9905;14;9901;22;;;9911;13;9913;20;;;9908.0;0.0
yf_ZS=F_d12;3100;INTARIAN_PEPPER_ROOT;10173;22;10170;15;;;10189;16;10193;17;;;10181.0;0.0
yf_ZS=F_d12;3200;ASH_COATED_OSMIUM;9902;20;9900;13;;;9915;15;9917;23;;;9908.5;0.0
yf_ZS=F_d12;3200;INTARIAN_PEPPER_ROOT;10177;12;10174;21;;;10185;11;10187;24;;;10181.0;0.0
yf_ZS=F_d12;3300;ASH_COATED_OSMIUM;9903;20;9899;11;;;9912;21;9914;22;;;9907.5;0.0
yf_ZS=F_d12;3300;INTARIAN_PEPPER_ROOT;10178;21;10176;25;;;10184;9;10187;24;;;10181.0;0.0
yf_ZS=F_d12;3400;ASH_COATED_OSMIUM;9905;13;9903;22;;;9911;10;9915;13;;;9908.0;0.0
yf_ZS=F_d12;3400;INTARIAN_PEPPER_ROOT;10172;17;10168;11;;;10191;12;10195;14;;;10181.5;0.0
yf_ZS=F_d12;3500;ASH_COATED_OSMIUM;9905;21;9902;12;;;9911;9;9914;20;;;9908.0;0.0
yf_ZS=F_d12;3500;INTARIAN_PEPPER_ROOT;10175;13;10173;17;;;10188;26;10192;21;;;10181.5;0.0
yf_ZS=F_d12;3600;ASH_COATED_OSMIUM;9905;6;9901;22;;;9911;12;9915;21;;;9908.0;0.0
yf_ZS=F_d12;3600;INTARIAN_PEPPER_ROOT;10178;16;10174;8;;;10184;16;10188;27;;;10181.0;0.0
yf_ZS=F_d12;3700;ASH_COATED_OSMIUM;9904;20;9902;23;;;9910;15;9912;14;;;9907.0;0.0
yf_ZS=F_d12;3700;INTARIAN_PEPPER_ROOT;10173;23;10170;26;;;10192;20;10196;16;;;10182.5;0.0
yf_ZS=F_d12;3800;ASH_COATED_OSMIUM;9900;11;9896;22;;;9916;12;9918;16;;;9908.0;0.0
yf_ZS=F_d12;3800;INTARIAN_PEPPER_ROOT;10179;13;10175;8;;;10185;13;10188;23;;;10182.0;0.0
yf_ZS=F_d12;3900;ASH_COATED_OSMIUM;9888;19;9886;27;;;9926;14;9928;20;;;9907.0;0.0
yf_ZS=F_d12;3900;INTARIAN_PEPPER_ROOT;10180;12;10176;21;;;10186;17;10190;15;;;10183.0;0.0
yf_ZS=F_d12;4000;ASH_COATED_OSMIUM;9902;9;9898;13;;;9915;5;9918;16;;;9908.5;0.0
yf_ZS=F_d12;4000;INTARIAN_PEPPER_ROOT;10180;11;10178;27;;;10186;16;10190;20;;;10183.0;0.0
yf_ZS=F_d12;4100;ASH_COATED_OSMIUM;9903;14;9900;14;;;9912;20;9915;18;;;9907.5;0.0
yf_ZS=F_d12;4100;INTARIAN_PEPPER_ROOT;10177;12;10173;25;;;10189;19;10192;16;;;10183.0;0.0
yf_ZS=F_d12;4200;ASH_COATED_OSMIUM;9904;13;9902;26;;;9910;15;9912;15;;;9907.0;0.0
yf_ZS=F_d12;4200;INTARIAN_PEPPER_ROOT;10177;11;10174;19;;;10188;20;10190;21;;;10182.5;0.0
yf_ZS=F_d12;4300;ASH_COATED_OSMIUM;9903;16;9901;22;;;9911;26;9913;16;;;9907.0;0.0
yf_ZS=F_d12;4300;INTARIAN_PEPPER_ROOT;10171;6;10168;26;;;10196;8;10198;18;;;10183.5;0.0
yf_ZS=F_d12;4400;ASH_COATED_OSMIUM;9905;18;9901;18;;;9911;17;9913;19;;;9908.0;0.0
yf_ZS=F_d12;4400;INTARIAN_PEPPER_ROOT;10166;19;10163;10;;;10200;9;10203;17;;;10183.0;0.0
yf_ZS=F_d12;4500;ASH_COATED_OSMIUM;9903;10;9900;25;;;9911;16;9915;14;;;9907.0;0.0
yf_ZS=F_d12;4500;INTARIAN_PEPPER_ROOT;10180;10;10177;26;;;10186;17;10190;14;;;10183.0;0.0
yf_ZS=F_d12;4600;ASH_COATED_OSMIUM;9901;21;9897;17;;;9912;29;9916;19;;;9906.5;0.0
yf_ZS=F_d12;4600;INTARIAN_PEPPER_ROOT;10173;12;10171;21;;;10192;14;10195;24;;;10182.5;0.0
yf_ZS=F_d12;4700;ASH_COATED_OSMIUM;9898;21;9894;15;;;9915;25;9918;15;;;9906.5;0.0
yf_ZS=F_d12;4700;INTARIAN_PEPPER_ROOT;10180;17;10177;31;;;10186;14;10190;17;;;10183.0;0.0
yf_ZS=F_d12;4800;ASH_COATED_OSMIUM;9905;22;9902;14;;;9911;12;9913;20;;;9908.0;0.0
yf_ZS=F_d12;4800;INTARIAN_PEPPER_ROOT;10180;15;10176;19;;;10186;12;10189;20;;;10183.0;0.0
yf_ZS=F_d12;4900;ASH_COATED_OSMIUM;9903;16;9899;19;;;9912;8;9916;14;;;9907.5;0.0
yf_ZS=F_d12;4900;INTARIAN_PEPPER_ROOT;10180;19;10176;16;;;10186;13;10190;19;;;10183.0;0.0
yf_ZS=F_d12;5000;ASH_COATED_OSMIUM;9902;20;9899;8;;;9910;7;9913;16;;;9906.0;0.0
yf_ZS=F_d12;5000;INTARIAN_PEPPER_ROOT;10181;21;10177;16;;;10187;16;10191;15;;;10184.0;0.0
yf_ZS=F_d12;5100;ASH_COATED_OSMIUM;9903;15;9899;20;;;9909;7;9911;13;;;9906.0;0.0
yf_ZS=F_d12;5100;INTARIAN_PEPPER_ROOT;10180;7;10177;14;;;10186;15;10189;14;;;10183.0;0.0
yf_ZS=F_d12;5200;ASH_COATED_OSMIUM;9896;20;9892;14;;;9919;15;9921;20;;;9907.5;0.0
yf_ZS=F_d12;5200;INTARIAN_PEPPER_ROOT;10181;22;10177;28;;;10187;10;10191;22;;;10184.0;0.0
yf_ZS=F_d12;5300;ASH_COATED_OSMIUM;9904;16;9901;29;;;9910;13;9914;22;;;9907.0;0.0
yf_ZS=F_d12;5300;INTARIAN_PEPPER_ROOT;10174;21;10171;23;;;10194;12;10196;12;;;10184.0;0.0
yf_ZS=F_d12;5400;ASH_COATED_OSMIUM;9903;10;9901;26;;;9909;20;9911;21;;;9906.0;0.0
yf_ZS=F_d12;5400;INTARIAN_PEPPER_ROOT;10181;21;10179;21;;;10187;13;10189;18;;;10184.0;0.0
yf_ZS=F_d12;5500;ASH_COATED_OSMIUM;9904;12;9900;19;;;9910;7;9914;16;;;9907.0;0.0
yf_ZS=F_d12;5500;INTARIAN_PEPPER_ROOT;10182;11;10179;20;;;10188;16;10190;23;;;10185.0;0.0
yf_ZS=F_d12;5600;ASH_COATED_OSMIUM;9904;23;9901;22;;;9910;5;9913;16;;;9907.0;0.0
yf_ZS=F_d12;5600;INTARIAN_PEPPER_ROOT;10181;18;10178;11;;;10187;7;10191;25;;;10184.0;0.0
yf_ZS=F_d12;5700;ASH_COATED_OSMIUM;9904;11;9900;23;;;9910;16;9913;26;;;9907.0;0.0
yf_ZS=F_d12;5700;INTARIAN_PEPPER_ROOT;10181;8;10178;24;;;10187;10;10189;16;;;10184.0;0.0
yf_ZS=F_d12;5800;ASH_COATED_OSMIUM;9904;16;9902;18;;;9910;21;9914;18;;;9907.0;0.0
yf_ZS=F_d12;5800;INTARIAN_PEPPER_ROOT;10175;18;10173;19;;;10193;13;10195;18;;;10184.0;0.0
yf_ZS=F_d12;5900;ASH_COATED_OSMIUM;9903;19;9899;12;;;9909;14;9912;15;;;9906.0;0.0
yf_ZS=F_d12;5900;INTARIAN_PEPPER_ROOT;10181;24;10177;26;;;10187;20;10189;17;;;10184.0;0.0
yf_ZS=F_d12;6000;ASH_COATED_OSMIUM;9903;23;9900;14;;;9909;17;9911;19;;;9906.0;0.0
yf_ZS=F_d12;6000;INTARIAN_PEPPER_ROOT;10181;15;10179;17;;;10187;5;10190;20;;;10184.0;0.0
yf_ZS=F_d12;6100;ASH_COATED_OSMIUM;9901;9;9899;16;;;9912;23;9915;33;;;9906.5;0.0
yf_ZS=F_d12;6100;INTARIAN_PEPPER_ROOT;10182;6;10180;24;;;10188;13;10192;25;;;10185.0;0.0
yf_ZS=F_d12;6200;ASH_COATED_OSMIUM;9903;5;9900;24;;;9909;18;9913;14;;;9906.0;0.0
yf_ZS=F_d12;6200;INTARIAN_PEPPER_ROOT;10182;12;10179;20;;;10188;14;10191;21;;;10185.0;0.0
yf_ZS=F_d12;6300;ASH_COATED_OSMIUM;9902;15;9899;20;;;9909;15;9913;25;;;9905.5;0.0
yf_ZS=F_d12;6300;INTARIAN_PEPPER_ROOT;10176;22;10173;18;;;10194;17;10198;21;;;10185.0;0.0
yf_ZS=F_d12;6400;ASH_COATED_OSMIUM;9890;15;9887;16;;;9922;10;9926;23;;;9906.0;0.0
yf_ZS=F_d12;6400;INTARIAN_PEPPER_ROOT;10182;12;10178;25;;;10188;10;10190;16;;;10185.0;0.0
yf_ZS=F_d12;6500;ASH_COATED_OSMIUM;9902;12;9900;20;;;9909;5;9912;21;;;9905.5;0.0
yf_ZS=F_d12;6500;INTARIAN_PEPPER_ROOT;10182;11;10180;25;;;10189;18;10192;22;;;10185.5;0.0
yf_ZS=F_d12;6600;ASH_COATED_OSMIUM;9902;11;9898;17;;;9911;12;9914;26;;;9906.5;0.0
yf_ZS=F_d12;6600;INTARIAN_PEPPER_ROOT;10183;10;10179;9;;;10189;21;10193;21;;;10186.0;0.0
yf_ZS=F_d12;6700;ASH_COATED_OSMIUM;9903;15;9899;19;;;9909;17;9912;10;;;9906.0;0.0
yf_ZS=F_d12;6700;INTARIAN_PEPPER_ROOT;10182;16;10180;13;;;10188;20;10192;22;;;10185.0;0.0
yf_ZS=F_d12;6800;ASH_COATED_OSMIUM;9903;13;9899;22;;;9909;19;9911;28;;;9906.0;0.0
yf_ZS=F_d12;6800;INTARIAN_PEPPER_ROOT;10177;7;10173;25;;;10194;25;10196;22;;;10185.5;0.0
yf_ZS=F_d12;6900;ASH_COATED_OSMIUM;9903;13;9900;24;;;9909;5;9913;22;;;9906.0;0.0
yf_ZS=F_d12;6900;INTARIAN_PEPPER_ROOT;10183;9;10180;24;;;10189;6;10193;17;;;10186.0;0.0
yf_ZS=F_d12;7000;ASH_COATED_OSMIUM;9903;26;9901;27;;;9909;13;9913;20;;;9906.0;0.0
yf_ZS=F_d12;7000;INTARIAN_PEPPER_ROOT;10173;23;10169;14;;;10199;15;10202;20;;;10186.0;0.0
yf_ZS=F_d12;7100;ASH_COATED_OSMIUM;9893;17;9891;18;;;9920;14;9923;22;;;9906.5;0.0
yf_ZS=F_d12;7100;INTARIAN_PEPPER_ROOT;10183;20;10179;19;;;10189;16;10192;23;;;10186.0;0.0
yf_ZS=F_d12;7200;ASH_COATED_OSMIUM;9903;19;9900;12;;;9909;14;9913;22;;;9906.0;0.0
yf_ZS=F_d12;7200;INTARIAN_PEPPER_ROOT;10181;9;10177;25;;;10191;6;10194;9;;;10186.0;0.0
yf_ZS=F_d12;7300;ASH_COATED_OSMIUM;9902;12;9898;16;;;9908;13;9912;27;;;9905.0;0.0
yf_ZS=F_d12;7300;INTARIAN_PEPPER_ROOT;10171;9;10168;18;;;10201;14;10205;19;;;10186.0;0.0
yf_ZS=F_d12;7400;ASH_COATED_OSMIUM;9902;12;9900;22;;;9908;10;9910;23;;;9905.0;0.0
yf_ZS=F_d12;7400;INTARIAN_PEPPER_ROOT;10182;14;10180;26;;;10191;10;10195;24;;;10186.5;0.0
yf_ZS=F_d12;7500;ASH_COATED_OSMIUM;9902;14;9899;18;;;9908;17;9910;22;;;9905.0;0.0
yf_ZS=F_d12;7500;INTARIAN_PEPPER_ROOT;10184;6;10182;20;;;10190;13;10194;15;;;10187.0;0.0
yf_ZS=F_d12;7600;ASH_COATED_OSMIUM;9896;15;9893;29;;;9915;21;9918;16;;;9905.5;0.0
yf_ZS=F_d12;7600;INTARIAN_PEPPER_ROOT;10184;8;10181;18;;;10190;18;10192;22;;;10187.0;0.0
yf_ZS=F_d12;7700;ASH_COATED_OSMIUM;9902;15;9899;24;;;9908;22;9910;8;;;9905.0;0.0
yf_ZS=F_d12;7700;INTARIAN_PEPPER_ROOT;10181;16;10179;19;;;10192;15;10196;17;;;10186.5;0.0
yf_ZS=F_d12;7800;ASH_COATED_OSMIUM;9903;17;9900;21;;;9909;11;9913;12;;;9906.0;0.0
yf_ZS=F_d12;7800;INTARIAN_PEPPER_ROOT;10184;21;10180;25;;;10190;12;10192;20;;;10187.0;0.0
yf_ZS=F_d12;7900;ASH_COATED_OSMIUM;9902;11;9900;21;;;9908;6;9910;13;;;9905.0;0.0
yf_ZS=F_d12;7900;INTARIAN_PEPPER_ROOT;10184;15;10181;19;;;10190;16;10194;15;;;10187.0;0.0
yf_ZS=F_d12;8000;ASH_COATED_OSMIUM;9902;18;9900;13;;;9908;20;9910;16;;;9905.0;0.0
yf_ZS=F_d12;8000;INTARIAN_PEPPER_ROOT;10184;22;10180;19;;;10190;13;10193;11;;;10187.0;0.0
yf_ZS=F_d12;8100;ASH_COATED_OSMIUM;9902;5;9898;15;;;9908;15;9911;17;;;9905.0;0.0
yf_ZS=F_d12;8100;INTARIAN_PEPPER_ROOT;10184;10;10180;12;;;10190;10;10194;21;;;10187.0;0.0
yf_ZS=F_d12;8200;ASH_COATED_OSMIUM;9902;21;9898;18;;;9908;20;9912;18;;;9905.0;0.0
yf_ZS=F_d12;8200;INTARIAN_PEPPER_ROOT;10184;10;10180;26;;;10190;13;10193;14;;;10187.0;0.0
yf_ZS=F_d12;8300;ASH_COATED_OSMIUM;9894;14;9890;19;;;9916;10;9918;16;;;9905.0;0.0
yf_ZS=F_d12;8300;INTARIAN_PEPPER_ROOT;10181;5;10177;20;;;10194;22;10198;23;;;10187.5;0.0
yf_ZS=F_d12;8400;ASH_COATED_OSMIUM;9902;8;9898;15;;;9908;10;9912;13;;;9905.0;0.0
yf_ZS=F_d12;8400;INTARIAN_PEPPER_ROOT;10182;22;10179;32;;;10192;15;10194;26;;;10187.0;0.0
yf_ZS=F_d12;8500;ASH_COATED_OSMIUM;9901;16;9899;27;;;9909;6;9912;19;;;9905.0;0.0
yf_ZS=F_d12;8500;INTARIAN_PEPPER_ROOT;10180;9;10177;12;;;10193;17;10196;18;;;10186.5;0.0
yf_ZS=F_d12;8600;ASH_COATED_OSMIUM;9902;23;9898;19;;;9908;13;9912;25;;;9905.0;0.0
yf_ZS=F_d12;8600;INTARIAN_PEPPER_ROOT;10185;15;10181;26;;;10191;9;10194;24;;;10188.0;0.0
yf_ZS=F_d12;8700;ASH_COATED_OSMIUM;9902;12;9898;24;;;9908;9;9910;14;;;9905.0;0.0
yf_ZS=F_d12;8700;INTARIAN_PEPPER_ROOT;10184;20;10180;22;;;10191;11;10194;18;;;10187.5;0.0
yf_ZS=F_d12;8800;ASH_COATED_OSMIUM;9902;17;9900;24;;;9908;11;9912;18;;;9905.0;0.0
yf_ZS=F_d12;8800;INTARIAN_PEPPER_ROOT;10185;19;10182;28;;;10191;13;10193;20;;;10188.0;0.0
yf_ZS=F_d12;8900;ASH_COATED_OSMIUM;9901;16;9899;17;;;9907;11;9909;10;;;9904.0;0.0
yf_ZS=F_d12;8900;INTARIAN_PEPPER_ROOT;10185;21;10183;19;;;10191;18;10195;13;;;10188.0;0.0
yf_ZS=F_d12;9000;ASH_COATED_OSMIUM;9901;20;9898;24;;;9909;14;9913;21;;;9905.0;0.0
yf_ZS=F_d12;9000;INTARIAN_PEPPER_ROOT;10185;11;10181;27;;;10191;13;10193;30;;;10188.0;0.0
yf_ZS=F_d12;9100;ASH_COATED_OSMIUM;9895;21;9891;8;;;9914;11;9916;18;;;9904.5;0.0
yf_ZS=F_d12;9100;INTARIAN_PEPPER_ROOT;10185;15;10181;17;;;10191;10;10195;8;;;10188.0;0.0
yf_ZS=F_d12;9200;ASH_COATED_OSMIUM;9901;22;9898;11;;;9907;12;9911;22;;;9904.0;0.0
yf_ZS=F_d12;9200;INTARIAN_PEPPER_ROOT;10185;11;10183;21;;;10191;17;10193;23;;;10188.0;0.0
yf_ZS=F_d12;9300;ASH_COATED_OSMIUM;9901;13;9898;25;;;9907;8;9909;25;;;9904.0;0.0
yf_ZS=F_d12;9300;INTARIAN_PEPPER_ROOT;10181;10;10178;17;;;10196;15;10198;25;;;10188.5;0.0
yf_ZS=F_d12;9400;ASH_COATED_OSMIUM;9900;10;9898;20;;;9907;16;9910;29;;;9903.5;0.0
yf_ZS=F_d12;9400;INTARIAN_PEPPER_ROOT;10185;14;10182;18;;;10191;22;10194;21;;;10188.0;0.0
yf_ZS=F_d12;9500;ASH_COATED_OSMIUM;9898;6;9895;24;;;9909;18;9913;21;;;9903.5;0.0
yf_ZS=F_d12;9500;INTARIAN_PEPPER_ROOT;10173;15;10171;22;;;10203;8;10205;15;;;10188.0;0.0
yf_ZS=F_d12;9600;ASH_COATED_OSMIUM;9901;8;9897;21;;;9907;13;9910;25;;;9904.0;0.0
yf_ZS=F_d12;9600;INTARIAN_PEPPER_ROOT;10183;11;10180;11;;;10195;19;10199;16;;;10189.0;0.0
yf_ZS=F_d12;9700;ASH_COATED_OSMIUM;9901;5;9897;21;;;9907;11;9911;16;;;9904.0;0.0
yf_ZS=F_d12;9700;INTARIAN_PEPPER_ROOT;10186;14;10183;21;;;10192;21;10195;31;;;10189.0;0.0
yf_ZS=F_d12;9800;ASH_COATED_OSMIUM;9900;25;9897;20;;;9907;16;9909;27;;;9903.5;0.0
yf_ZS=F_d12;9800;INTARIAN_PEPPER_ROOT;10186;17;10183;20;;;10192;14;10196;22;;;10189.0;0.0
yf_ZS=F_d12;9900;ASH_COATED_OSMIUM;9900;8;9897;23;;;9907;9;9909;17;;;9903.5;0.0
yf_ZS=F_d12;9900;INTARIAN_PEPPER_ROOT;10178;16;10174;23;;;10200;19;10202;23;;;10189.0;0.0
yf_ZS=F_d12;10000;ASH_COATED_OSMIUM;9901;15;9898;12;;;9907;19;9909;19;;;9904.0;0.0
yf_ZS=F_d12;10000;INTARIAN_PEPPER_ROOT;10186;24;10184;18;;;10192;9;10195;16;;;10189.0;0.0
yf_ZS=F_d12;10100;ASH_COATED_OSMIUM;9897;13;9895;13;;;9909;17;9911;16;;;9903.0;0.0
yf_ZS=F_d12;10100;INTARIAN_PEPPER_ROOT;10185;22;10183;18;;;10194;14;10197;13;;;10189.5;0.0
yf_ZS=F_d12;10200;ASH_COATED_OSMIUM;9901;21;9899;17;;;9907;15;9910;19;;;9904.0;0.0
yf_ZS=F_d12;10200;INTARIAN_PEPPER_ROOT;10186;9;10182;17;;;10192;17;10194;35;;;10189.0;0.0
yf_ZS=F_d12;10300;ASH_COATED_OSMIUM;9899;12;9897;15;;;9907;17;9911;25;;;9903.0;0.0
yf_ZS=F_d12;10300;INTARIAN_PEPPER_ROOT;10186;8;10183;22;;;10192;12;10196;12;;;10189.0;0.0
yf_ZS=F_d12;10400;ASH_COATED_OSMIUM;9901;8;9899;12;;;9907;11;9910;17;;;9904.0;0.0
yf_ZS=F_d12;10400;INTARIAN_PEPPER_ROOT;10178;12;10174;18;;;10201;23;10205;15;;;10189.5;0.0
yf_ZS=F_d12;10500;ASH_COATED_OSMIUM;9899;6;9895;12;;;9908;19;9911;25;;;9903.5;0.0
yf_ZS=F_d12;10500;INTARIAN_PEPPER_ROOT;10187;8;10183;20;;;10193;18;10196;19;;;10190.0;0.0
yf_ZS=F_d12;10600;ASH_COATED_OSMIUM;9899;12;9896;24;;;9908;16;9911;16;;;9903.5;0.0
yf_ZS=F_d12;10600;INTARIAN_PEPPER_ROOT;10185;17;10182;21;;;10194;25;10198;16;;;10189.5;0.0
yf_ZS=F_d12;10700;ASH_COATED_OSMIUM;9899;12;9897;17;;;9907;25;9909;18;;;9903.0;0.0
yf_ZS=F_d12;10700;INTARIAN_PEPPER_ROOT;10180;16;10178;22;;;10201;15;10205;21;;;10190.5;0.0
yf_ZS=F_d12;10800;ASH_COATED_OSMIUM;9900;13;9896;22;;;9906;11;9909;14;;;9903.0;0.0
yf_ZS=F_d12;10800;INTARIAN_PEPPER_ROOT;10187;11;10183;16;;;10193;16;10195;15;;;10190.0;0.0
yf_ZS=F_d12;10900;ASH_COATED_OSMIUM;9900;18;9898;23;;;9906;13;9910;10;;;9903.0;0.0
yf_ZS=F_d12;10900;INTARIAN_PEPPER_ROOT;10186;5;10182;25;;;10194;16;10197;24;;;10190.0;0.0
yf_ZS=F_d12;11000;ASH_COATED_OSMIUM;9900;14;9897;21;;;9906;16;9908;24;;;9903.0;0.0
yf_ZS=F_d12;11000;INTARIAN_PEPPER_ROOT;10187;14;10185;19;;;10193;12;10195;14;;;10190.0;0.0
yf_ZS=F_d12;11100;ASH_COATED_OSMIUM;9899;22;9895;16;;;9905;27;9907;17;;;9902.0;0.0
yf_ZS=F_d12;11100;INTARIAN_PEPPER_ROOT;10188;16;10185;21;;;10194;16;10198;21;;;10191.0;0.0
yf_ZS=F_d12;11200;ASH_COATED_OSMIUM;9899;19;9897;20;;;9906;13;9909;11;;;9902.5;0.0
yf_ZS=F_d12;11200;INTARIAN_PEPPER_ROOT;10187;20;10183;11;;;10193;11;10197;19;;;10190.0;0.0
yf_ZS=F_d12;11300;ASH_COATED_OSMIUM;9875;26;9873;15;;;9930;20;9933;20;;;9902.5;0.0
yf_ZS=F_d12;11300;INTARIAN_PEPPER_ROOT;10185;15;10183;18;;;10197;12;10199;20;;;10191.0;0.0
yf_ZS=F_d12;11400;ASH_COATED_OSMIUM;9900;12;9898;11;;;9906;8;9910;9;;;9903.0;0.0
yf_ZS=F_d12;11400;INTARIAN_PEPPER_ROOT;10188;12;10186;23;;;10194;5;10196;17;;;10191.0;0.0
yf_ZS=F_d12;11500;ASH_COATED_OSMIUM;9900;18;9898;22;;;9906;20;9909;14;;;9903.0;0.0
yf_ZS=F_d12;11500;INTARIAN_PEPPER_ROOT;10187;17;10184;15;;;10193;14;10195;15;;;10190.0;0.0
yf_ZS=F_d12;11600;ASH_COATED_OSMIUM;9899;17;9896;26;;;9906;16;9909;23;;;9902.5;0.0
yf_ZS=F_d12;11600;INTARIAN_PEPPER_ROOT;10188;15;10184;22;;;10194;18;10198;14;;;10191.0;0.0
yf_ZS=F_d12;11700;ASH_COATED_OSMIUM;9898;8;9896;29;;;9907;16;9911;16;;;9902.5;0.0
yf_ZS=F_d12;11700;INTARIAN_PEPPER_ROOT;10188;15;10184;18;;;10194;8;10198;21;;;10191.0;0.0
yf_ZS=F_d12;11800;ASH_COATED_OSMIUM;9897;6;9895;20;;;9907;16;9911;18;;;9902.0;0.0
yf_ZS=F_d12;11800;INTARIAN_PEPPER_ROOT;10186;7;10184;16;;;10197;16;10200;15;;;10191.5;0.0
yf_ZS=F_d12;11900;ASH_COATED_OSMIUM;9899;16;9896;14;;;9907;19;9909;19;;;9903.0;0.0
yf_ZS=F_d12;11900;INTARIAN_PEPPER_ROOT;10188;17;10185;21;;;10194;18;10198;15;;;10191.0;0.0
yf_ZS=F_d12;12000;ASH_COATED_OSMIUM;9899;21;9895;21;;;9905;19;9908;11;;;9902.0;0.0
yf_ZS=F_d12;12000;INTARIAN_PEPPER_ROOT;10184;19;10181;23;;;10199;17;10203;10;;;10191.5;0.0
yf_ZS=F_d12;12100;ASH_COATED_OSMIUM;9899;26;9895;12;;;9905;16;9908;25;;;9902.0;0.0
yf_ZS=F_d12;12100;INTARIAN_PEPPER_ROOT;10189;16;10186;17;;;10195;9;10199;14;;;10192.0;0.0
yf_ZS=F_d12;12200;ASH_COATED_OSMIUM;9899;24;9895;20;;;9906;9;9908;23;;;9902.5;0.0
yf_ZS=F_d12;12200;INTARIAN_PEPPER_ROOT;10188;11;10186;28;;;10196;19;10198;16;;;10192.0;0.0
yf_ZS=F_d12;12300;ASH_COATED_OSMIUM;9894;21;9892;24;;;9910;8;9912;18;;;9902.0;0.0
yf_ZS=F_d12;12300;INTARIAN_PEPPER_ROOT;10188;10;10184;15;;;10194;14;10196;19;;;10191.0;0.0
yf_ZS=F_d12;12400;ASH_COATED_OSMIUM;9899;13;9897;16;;;9905;12;9908;16;;;9902.0;0.0
yf_ZS=F_d12;12400;INTARIAN_PEPPER_ROOT;10185;9;10181;15;;;10199;14;10203;24;;;10192.0;0.0
yf_ZS=F_d12;12500;ASH_COATED_OSMIUM;9888;11;9886;20;;;9916;24;9918;19;;;9902.0;0.0
yf_ZS=F_d12;12500;INTARIAN_PEPPER_ROOT;10187;14;10183;14;;;10195;12;10199;17;;;10191.0;0.0
yf_ZS=F_d12;12600;ASH_COATED_OSMIUM;9899;26;9897;21;;;9905;19;9907;16;;;9902.0;0.0
yf_ZS=F_d12;12600;INTARIAN_PEPPER_ROOT;10189;13;10187;14;;;10195;12;10198;34;;;10192.0;0.0
yf_ZS=F_d12;12700;ASH_COATED_OSMIUM;9899;14;9895;27;;;9906;14;9908;17;;;9902.5;0.0
yf_ZS=F_d12;12700;INTARIAN_PEPPER_ROOT;10186;20;10182;21;;;10197;11;10201;27;;;10191.5;0.0
yf_ZS=F_d12;12800;ASH_COATED_OSMIUM;9899;7;9897;30;;;9905;11;9909;18;;;9902.0;0.0
yf_ZS=F_d12;12800;INTARIAN_PEPPER_ROOT;10189;9;10185;26;;;10195;19;10198;22;;;10192.0;0.0
yf_ZS=F_d12;12900;ASH_COATED_OSMIUM;9897;18;9893;23;;;9906;13;9909;21;;;9901.5;0.0
yf_ZS=F_d12;12900;INTARIAN_PEPPER_ROOT;10189;14;10186;15;;;10195;17;10199;18;;;10192.0;0.0
yf_ZS=F_d12;13000;ASH_COATED_OSMIUM;9891;5;9888;17;;;9913;11;9915;25;;;9902.0;0.0
yf_ZS=F_d12;13000;INTARIAN_PEPPER_ROOT;10183;14;10181;8;;;10203;6;10207;28;;;10193.0;0.0
yf_ZS=F_d12;13100;ASH_COATED_OSMIUM;9892;15;9888;24;;;9913;12;9917;27;;;9902.5;0.0
yf_ZS=F_d12;13100;INTARIAN_PEPPER_ROOT;10189;13;10185;19;;;10195;12;10198;10;;;10192.0;0.0
yf_ZS=F_d12;13200;ASH_COATED_OSMIUM;9899;18;9897;17;;;9905;8;9909;23;;;9902.0;0.0
yf_ZS=F_d12;13200;INTARIAN_PEPPER_ROOT;10189;8;10187;27;;;10195;10;10199;19;;;10192.0;0.0
yf_ZS=F_d12;13300;ASH_COATED_OSMIUM;9898;22;9894;21;;;9904;16;9907;16;;;9901.0;0.0
yf_ZS=F_d12;13300;INTARIAN_PEPPER_ROOT;10190;13;10188;15;;;10196;6;10199;17;;;10193.0;0.0
yf_ZS=F_d12;13400;ASH_COATED_OSMIUM;9899;19;9896;19;;;9905;19;9907;14;;;9902.0;0.0
yf_ZS=F_d12;13400;INTARIAN_PEPPER_ROOT;10190;16;10186;22;;;10196;8;10200;23;;;10193.0;0.0
yf_ZS=F_d12;13500;ASH_COATED_OSMIUM;9898;16;9895;24;;;9904;13;9908;15;;;9901.0;0.0
yf_ZS=F_d12;13500;INTARIAN_PEPPER_ROOT;10190;24;10187;23;;;10196;5;10198;18;;;10193.0;0.0
yf_ZS=F_d12;13600;ASH_COATED_OSMIUM;9890;20;9886;24;;;9914;15;9917;21;;;9902.0;0.0
yf_ZS=F_d12;13600;INTARIAN_PEPPER_ROOT;10190;19;10188;19;;;10197;14;10199;22;;;10193.5;0.0
yf_ZS=F_d12;13700;ASH_COATED_OSMIUM;9888;15;9885;19;;;9914;11;9917;15;;;9901.0;0.0
yf_ZS=F_d12;13700;INTARIAN_PEPPER_ROOT;10190;16;10188;23;;;10196;12;10199;10;;;10193.0;0.0
yf_ZS=F_d12;13800;ASH_COATED_OSMIUM;9898;20;9894;24;;;9904;15;9906;15;;;9901.0;0.0
yf_ZS=F_d12;13800;INTARIAN_PEPPER_ROOT;10190;16;10188;20;;;10196;11;10199;21;;;10193.0;0.0
yf_ZS=F_d12;13900;ASH_COATED_OSMIUM;9899;17;9897;9;;;9905;16;9908;16;;;9902.0;0.0
yf_ZS=F_d12;13900;INTARIAN_PEPPER_ROOT;10190;13;10188;21;;;10196;14;10199;23;;;10193.0;0.0
yf_ZS=F_d12;14000;ASH_COATED_OSMIUM;9898;17;9896;18;;;9904;20;9907;14;;;9901.0;0.0
yf_ZS=F_d12;14000;INTARIAN_PEPPER_ROOT;10188;14;10184;29;;;10199;22;10202;26;;;10193.5;0.0
yf_ZS=F_d12;14100;ASH_COATED_OSMIUM;9898;24;9895;11;;;9904;19;9906;13;;;9901.0;0.0
yf_ZS=F_d12;14100;INTARIAN_PEPPER_ROOT;10173;10;10169;16;;;10214;5;10218;17;;;10193.5;0.0
yf_ZS=F_d12;14200;ASH_COATED_OSMIUM;9895;15;9891;23;;;9906;18;9909;22;;;9900.5;0.0
yf_ZS=F_d12;14200;INTARIAN_PEPPER_ROOT;10189;10;10187;22;;;10198;9;10200;23;;;10193.5;0.0
yf_ZS=F_d12;14300;ASH_COATED_OSMIUM;9898;17;9895;18;;;9904;18;9908;25;;;9901.0;0.0
yf_ZS=F_d12;14300;INTARIAN_PEPPER_ROOT;10191;5;10188;17;;;10197;17;10200;25;;;10194.0;0.0
yf_ZS=F_d12;14400;ASH_COATED_OSMIUM;9898;9;9894;20;;;9904;17;9907;29;;;9901.0;0.0
yf_ZS=F_d12;14400;INTARIAN_PEPPER_ROOT;10191;13;10187;22;;;10197;23;10200;9;;;10194.0;0.0
yf_ZS=F_d12;14500;ASH_COATED_OSMIUM;9898;19;9895;17;;;9904;12;9908;19;;;9901.0;0.0
yf_ZS=F_d12;14500;INTARIAN_PEPPER_ROOT;10191;15;10188;17;;;10197;7;10201;22;;;10194.0;0.0
yf_ZS=F_d12;14600;ASH_COATED_OSMIUM;9898;27;9896;26;;;9904;16;9908;21;;;9901.0;0.0
yf_ZS=F_d12;14600;INTARIAN_PEPPER_ROOT;10189;19;10187;21;;;10200;17;10203;33;;;10194.5;0.0
yf_ZS=F_d12;14700;ASH_COATED_OSMIUM;9899;14;9895;22;;;9905;12;9908;26;;;9902.0;0.0
yf_ZS=F_d12;14700;INTARIAN_PEPPER_ROOT;10191;22;10187;18;;;10197;12;10201;30;;;10194.0;0.0
yf_ZS=F_d12;14800;ASH_COATED_OSMIUM;9898;8;9896;18;;;9904;23;9908;20;;;9901.0;0.0
yf_ZS=F_d12;14800;INTARIAN_PEPPER_ROOT;10189;17;10185;16;;;10202;15;10206;17;;;10195.5;0.0
yf_ZS=F_d12;14900;ASH_COATED_OSMIUM;9898;17;9895;17;;;9904;16;9906;16;;;9901.0;0.0
yf_ZS=F_d12;14900;INTARIAN_PEPPER_ROOT;10192;21;10188;17;;;10198;19;10200;24;;;10195.0;0.0
yf_ZS=F_d12;15000;ASH_COATED_OSMIUM;9898;16;9894;24;;;9904;19;9908;14;;;9901.0;0.0
yf_ZS=F_d12;15000;INTARIAN_PEPPER_ROOT;10181;8;10179;27;;;10208;22;10212;24;;;10194.5;0.0
yf_ZS=F_d12;15100;ASH_COATED_OSMIUM;9897;18;9893;13;;;9903;20;9906;20;;;9900.0;0.0
yf_ZS=F_d12;15100;INTARIAN_PEPPER_ROOT;10192;17;10190;22;;;10198;9;10200;9;;;10195.0;0.0
yf_ZS=F_d12;15200;ASH_COATED_OSMIUM;9898;19;9896;11;;;9904;18;9906;20;;;9901.0;0.0
yf_ZS=F_d12;15200;INTARIAN_PEPPER_ROOT;10192;23;10188;17;;;10198;12;10202;27;;;10195.0;0.0
yf_ZS=F_d12;15300;ASH_COATED_OSMIUM;9896;14;9893;14;;;9904;23;9907;16;;;9900.0;0.0
yf_ZS=F_d12;15300;INTARIAN_PEPPER_ROOT;10192;8;10189;17;;;10199;20;10202;21;;;10195.5;0.0
yf_ZS=F_d12;15400;ASH_COATED_OSMIUM;9898;18;9894;15;;;9904;24;9908;16;;;9901.0;0.0
yf_ZS=F_d12;15400;INTARIAN_PEPPER_ROOT;10192;14;10190;24;;;10198;17;10200;20;;;10195.0;0.0
yf_ZS=F_d12;15500;ASH_COATED_OSMIUM;9895;21;9892;12;;;9905;17;9907;14;;;9900.0;0.0
yf_ZS=F_d12;15500;INTARIAN_PEPPER_ROOT;10192;18;10190;25;;;10198;22;10201;17;;;10195.0;0.0
yf_ZS=F_d12;15600;ASH_COATED_OSMIUM;9898;19;9896;22;;;9904;16;9906;19;;;9901.0;0.0
yf_ZS=F_d12;15600;INTARIAN_PEPPER_ROOT;10186;21;10184;16;;;10204;9;10206;15;;;10195.0;0.0
yf_ZS=F_d12;15700;ASH_COATED_OSMIUM;9891;18;9888;27;;;9909;11;9913;26;;;9900.0;0.0
yf_ZS=F_d12;15700;INTARIAN_PEPPER_ROOT;10192;17;10188;23;;;10199;17;10202;23;;;10195.5;0.0
yf_ZS=F_d12;15800;ASH_COATED_OSMIUM;9896;9;9894;17;;;9904;27;9908;19;;;9900.0;0.0
yf_ZS=F_d12;15800;INTARIAN_PEPPER_ROOT;10193;16;10191;22;;;10199;14;10203;23;;;10196.0;0.0
yf_ZS=F_d12;15900;ASH_COATED_OSMIUM;9897;11;9893;22;;;9903;24;9906;20;;;9900.0;0.0
yf_ZS=F_d12;15900;INTARIAN_PEPPER_ROOT;10190;25;10188;22;;;10203;10;10205;26;;;10196.5;0.0
yf_ZS=F_d12;16000;ASH_COATED_OSMIUM;9897;17;9894;19;;;9903;16;9907;24;;;9900.0;0.0
yf_ZS=F_d12;16000;INTARIAN_PEPPER_ROOT;10191;11;10188;22;;;10202;21;10206;16;;;10196.5;0.0
yf_ZS=F_d12;16100;ASH_COATED_OSMIUM;9897;14;9893;13;;;9903;16;9907;17;;;9900.0;0.0
yf_ZS=F_d12;16100;INTARIAN_PEPPER_ROOT;10193;15;10190;19;;;10199;16;10201;21;;;10196.0;0.0
yf_ZS=F_d12;16200;ASH_COATED_OSMIUM;9897;5;9894;20;;;9903;26;9907;19;;;9900.0;0.0
yf_ZS=F_d12;16200;INTARIAN_PEPPER_ROOT;10192;15;10188;16;;;10202;20;10206;10;;;10197.0;0.0
yf_ZS=F_d12;16300;ASH_COATED_OSMIUM;9897;8;9893;23;;;9903;13;9907;10;;;9900.0;0.0
yf_ZS=F_d12;16300;INTARIAN_PEPPER_ROOT;10194;11;10191;10;;;10200;20;10202;18;;;10197.0;0.0
yf_ZS=F_d12;16400;ASH_COATED_OSMIUM;9897;18;9894;18;;;9903;13;9907;22;;;9900.0;0.0
yf_ZS=F_d12;16400;INTARIAN_PEPPER_ROOT;10188;13;10186;14;;;10205;18;10209;25;;;10196.5;0.0
yf_ZS=F_d12;16500;ASH_COATED_OSMIUM;9890;9;9888;27;;;9908;13;9912;16;;;9899.0;0.0
yf_ZS=F_d12;16500;INTARIAN_PEPPER_ROOT;10193;17;10190;15;;;10199;13;10202;13;;;10196.0;0.0
yf_ZS=F_d12;16600;ASH_COATED_OSMIUM;9897;13;9895;14;;;9903;15;9907;20;;;9900.0;0.0
yf_ZS=F_d12;16600;INTARIAN_PEPPER_ROOT;10192;9;10190;15;;;10201;16;10204;19;;;10196.5;0.0
yf_ZS=F_d12;16700;ASH_COATED_OSMIUM;9896;16;9892;25;;;9902;16;9904;19;;;9899.0;0.0
yf_ZS=F_d12;16700;INTARIAN_PEPPER_ROOT;10194;27;10190;21;;;10200;15;10203;20;;;10197.0;0.0
yf_ZS=F_d12;16800;ASH_COATED_OSMIUM;9897;12;9893;18;;;9903;18;9906;18;;;9900.0;0.0
yf_ZS=F_d12;16800;INTARIAN_PEPPER_ROOT;10194;8;10191;15;;;10200;9;10204;16;;;10197.0;0.0
yf_ZS=F_d12;16900;ASH_COATED_OSMIUM;9897;8;9894;15;;;9903;10;9907;22;;;9900.0;0.0
yf_ZS=F_d12;16900;INTARIAN_PEPPER_ROOT;10189;13;10187;15;;;10204;18;10206;19;;;10196.5;0.0
yf_ZS=F_d12;17000;ASH_COATED_OSMIUM;9896;9;9892;20;;;9902;14;9905;22;;;9899.0;0.0
yf_ZS=F_d12;17000;INTARIAN_PEPPER_ROOT;10193;17;10190;15;;;10201;16;10205;19;;;10197.0;0.0
yf_ZS=F_d12;17100;ASH_COATED_OSMIUM;9896;13;9893;18;;;9902;16;9904;18;;;9899.0;0.0
yf_ZS=F_d12;17100;INTARIAN_PEPPER_ROOT;10189;24;10186;26;;;10204;9;10206;22;;;10196.5;0.0
yf_ZS=F_d12;17200;ASH_COATED_OSMIUM;9892;11;9889;17;;;9906;20;9909;17;;;9899.0;0.0
yf_ZS=F_d12;17200;INTARIAN_PEPPER_ROOT;10190;13;10186;19;;;10203;12;10206;19;;;10196.5;0.0
yf_ZS=F_d12;17300;ASH_COATED_OSMIUM;9897;10;9893;24;;;9903;18;9905;11;;;9900.0;0.0
yf_ZS=F_d12;17300;INTARIAN_PEPPER_ROOT;10193;23;10190;25;;;10199;10;10202;18;;;10196.0;0.0
yf_ZS=F_d12;17400;ASH_COATED_OSMIUM;9897;13;9894;19;;;9903;14;9905;17;;;9900.0;0.0
yf_ZS=F_d12;17400;INTARIAN_PEPPER_ROOT;10193;15;10189;29;;;10199;21;10203;16;;;10196.0;0.0
yf_ZS=F_d12;17500;ASH_COATED_OSMIUM;9897;20;9893;19;;;9903;11;9905;19;;;9900.0;0.0
yf_ZS=F_d12;17500;INTARIAN_PEPPER_ROOT;10192;17;10189;21;;;10198;13;10201;24;;;10195.0;0.0
yf_ZS=F_d12;17600;ASH_COATED_OSMIUM;9897;9;9894;22;;;9903;21;9907;13;;;9900.0;0.0
yf_ZS=F_d12;17600;INTARIAN_PEPPER_ROOT;10190;11;10187;27;;;10201;9;10204;11;;;10195.5;0.0
yf_ZS=F_d12;17700;ASH_COATED_OSMIUM;9895;10;9892;15;;;9904;13;9908;26;;;9899.5;0.0
yf_ZS=F_d12;17700;INTARIAN_PEPPER_ROOT;10187;9;10185;24;;;10202;18;10205;17;;;10194.5;0.0
yf_ZS=F_d12;17800;ASH_COATED_OSMIUM;9896;11;9893;28;;;9902;16;9904;20;;;9899.0;0.0
yf_ZS=F_d12;17800;INTARIAN_PEPPER_ROOT;10191;20;10187;21;;;10197;5;10199;17;;;10194.0;0.0
yf_ZS=F_d12;17900;ASH_COATED_OSMIUM;9896;16;9892;15;;;9902;17;9905;8;;;9899.0;0.0
yf_ZS=F_d12;17900;INTARIAN_PEPPER_ROOT;10191;20;10188;23;;;10197;25;10201;28;;;10194.0;0.0
yf_ZS=F_d12;18000;ASH_COATED_OSMIUM;9897;14;9894;20;;;9903;17;9906;24;;;9900.0;0.0
yf_ZS=F_d12;18000;INTARIAN_PEPPER_ROOT;10190;16;10186;25;;;10198;13;10200;29;;;10194.0;0.0
yf_ZS=F_d12;18100;ASH_COATED_OSMIUM;9897;15;9894;21;;;9903;14;9905;21;;;9900.0;0.0
yf_ZS=F_d12;18100;INTARIAN_PEPPER_ROOT;10183;16;10180;13;;;10203;17;10207;22;;;10193.0;0.0
yf_ZS=F_d12;18200;ASH_COATED_OSMIUM;9897;17;9893;14;;;9904;18;9907;20;;;9900.5;0.0
yf_ZS=F_d12;18200;INTARIAN_PEPPER_ROOT;10190;12;10188;22;;;10196;21;10198;14;;;10193.0;0.0
yf_ZS=F_d12;18300;ASH_COATED_OSMIUM;9897;13;9894;24;;;9903;11;9907;19;;;9900.0;0.0
yf_ZS=F_d12;18300;INTARIAN_PEPPER_ROOT;10189;19;10185;19;;;10195;10;10199;27;;;10192.0;0.0
yf_ZS=F_d12;18400;ASH_COATED_OSMIUM;9896;6;9894;14;;;9905;8;9908;17;;;9900.5;0.0
yf_ZS=F_d12;18400;INTARIAN_PEPPER_ROOT;10189;11;10187;15;;;10195;23;10197;21;;;10192.0;0.0
yf_ZS=F_d12;18500;ASH_COATED_OSMIUM;9887;12;9883;17;;;9913;13;9916;19;;;9900.0;0.0
yf_ZS=F_d12;18500;INTARIAN_PEPPER_ROOT;10189;19;10187;21;;;10195;14;10199;17;;;10192.0;0.0
yf_ZS=F_d12;18600;ASH_COATED_OSMIUM;9895;13;9893;13;;;9905;16;9908;18;;;9900.0;0.0
yf_ZS=F_d12;18600;INTARIAN_PEPPER_ROOT;10189;12;10186;25;;;10195;13;10199;12;;;10192.0;0.0
yf_ZS=F_d12;18700;ASH_COATED_OSMIUM;9896;18;9892;35;;;9903;9;9907;14;;;9899.5;0.0
yf_ZS=F_d12;18700;INTARIAN_PEPPER_ROOT;10187;16;10185;18;;;10195;13;10199;18;;;10191.0;0.0
yf_ZS=F_d12;18800;ASH_COATED_OSMIUM;9898;10;9894;18;;;9904;12;9908;24;;;9901.0;0.0
yf_ZS=F_d12;18800;INTARIAN_PEPPER_ROOT;10188;7;10185;16;;;10194;12;10198;20;;;10191.0;0.0
yf_ZS=F_d12;18900;ASH_COATED_OSMIUM;9897;7;9894;15;;;9903;15;9905;22;;;9900.0;0.0
yf_ZS=F_d12;18900;INTARIAN_PEPPER_ROOT;10187;11;10183;25;;;10194;7;10197;9;;;10190.5;0.0
yf_ZS=F_d12;19000;ASH_COATED_OSMIUM;9897;14;9893;25;;;9903;23;9906;15;;;9900.0;0.0
yf_ZS=F_d12;19000;INTARIAN_PEPPER_ROOT;10186;18;10182;20;;;10194;7;10197;25;;;10190.0;0.0
yf_ZS=F_d12;19100;ASH_COATED_OSMIUM;9897;10;9895;26;;;9903;17;9907;16;;;9900.0;0.0
yf_ZS=F_d12;19100;INTARIAN_PEPPER_ROOT;10184;19;10180;20;;;10196;16;10198;20;;;10190.0;0.0
yf_ZS=F_d12;19200;ASH_COATED_OSMIUM;9897;8;9895;20;;;9903;13;9906;22;;;9900.0;0.0
yf_ZS=F_d12;19200;INTARIAN_PEPPER_ROOT;10187;14;10183;23;;;10193;17;10195;14;;;10190.0;0.0
yf_ZS=F_d12;19300;ASH_COATED_OSMIUM;9897;17;9894;21;;;9903;15;9905;20;;;9900.0;0.0
yf_ZS=F_d12;19300;INTARIAN_PEPPER_ROOT;10186;14;10183;19;;;10192;18;10194;22;;;10189.0;0.0
yf_ZS=F_d12;19400;ASH_COATED_OSMIUM;9897;12;9894;27;;;9903;18;9906;24;;;9900.0;0.0
yf_ZS=F_d12;19400;INTARIAN_PEPPER_ROOT;10186;19;10184;25;;;10192;27;10195;10;;;10189.0;0.0
yf_ZS=F_d12;19500;ASH_COATED_OSMIUM;9897;18;9895;26;;;9903;8;9905;28;;;9900.0;0.0
yf_ZS=F_d12;19500;INTARIAN_PEPPER_ROOT;10186;5;10183;18;;;10192;12;10194;22;;;10189.0;0.0
yf_ZS=F_d12;19600;ASH_COATED_OSMIUM;9897;8;9893;15;;;9903;16;9905;23;;;9900.0;0.0
yf_ZS=F_d12;19600;INTARIAN_PEPPER_ROOT;10184;10;10182;15;;;10192;16;10195;22;;;10188.0;0.0
yf_ZS=F_d12;19700;ASH_COATED_OSMIUM;9896;21;9892;16;;;9905;8;9909;18;;;9900.5;0.0
yf_ZS=F_d12;19700;INTARIAN_PEPPER_ROOT;10179;19;10176;22;;;10197;22;10200;23;;;10188.0;0.0
yf_ZS=F_d12;19800;ASH_COATED_OSMIUM;9897;14;9895;14;;;9903;7;9906;21;;;9900.0;0.0
yf_ZS=F_d12;19800;INTARIAN_PEPPER_ROOT;10184;20;10182;14;;;10190;5;10192;24;;;10187.0;0.0
yf_ZS=F_d12;19900;ASH_COATED_OSMIUM;9897;29;9893;17;;;9903;15;9906;24;;;9900.0;0.0
yf_ZS=F_d12;19900;INTARIAN_PEPPER_ROOT;10184;26;10180;22;;;10190;9;10192;15;;;10187.0;0.0
yf_ZS=F_d12;20000;ASH_COATED_OSMIUM;9897;13;9893;24;;;9903;11;9906;15;;;9900.0;0.0
yf_ZS=F_d12;20000;INTARIAN_PEPPER_ROOT;10182;18;10179;22;;;10191;19;10195;29;;;10186.5;0.0
yf_ZS=F_d12;20100;ASH_COATED_OSMIUM;9883;15;9879;18;;;9917;9;9921;18;;;9900.0;0.0
yf_ZS=F_d12;20100;INTARIAN_PEPPER_ROOT;10180;5;10176;16;;;10194;28;10197;17;;;10187.0;0.0
yf_ZS=F_d12;20200;ASH_COATED_OSMIUM;9892;10;9890;17;;;9909;15;9913;17;;;9900.5;0.0
yf_ZS=F_d12;20200;INTARIAN_PEPPER_ROOT;10184;16;10180;20;;;10190;17;10194;15;;;10187.0;0.0
yf_ZS=F_d12;20300;ASH_COATED_OSMIUM;9897;12;9894;10;;;9903;19;9906;20;;;9900.0;0.0
yf_ZS=F_d12;20300;INTARIAN_PEPPER_ROOT;10182;8;10180;20;;;10188;13;10191;24;;;10185.0;0.0
yf_ZS=F_d12;20400;ASH_COATED_OSMIUM;9898;18;9894;22;;;9904;10;9906;15;;;9901.0;0.0
yf_ZS=F_d12;20400;INTARIAN_PEPPER_ROOT;10183;11;10179;17;;;10189;19;10193;20;;;10186.0;0.0
yf_ZS=F_d12;20500;ASH_COATED_OSMIUM;9895;17;9892;9;;;9906;12;9910;28;;;9900.5;0.0
yf_ZS=F_d12;20500;INTARIAN_PEPPER_ROOT;10182;15;10179;21;;;10188;12;10190;14;;;10185.0;0.0
yf_ZS=F_d12;20600;ASH_COATED_OSMIUM;9897;16;9894;16;;;9903;9;9906;27;;;9900.0;0.0
yf_ZS=F_d12;20600;INTARIAN_PEPPER_ROOT;10182;19;10180;16;;;10188;19;10191;23;;;10185.0;0.0
yf_ZS=F_d12;20700;ASH_COATED_OSMIUM;9896;17;9893;20;;;9905;9;9908;25;;;9900.5;0.0
yf_ZS=F_d12;20700;INTARIAN_PEPPER_ROOT;10181;15;10177;14;;;10187;20;10191;8;;;10184.0;0.0
yf_ZS=F_d12;20800;ASH_COATED_OSMIUM;9896;12;9894;21;;;9905;13;9908;19;;;9900.5;0.0
yf_ZS=F_d12;20800;INTARIAN_PEPPER_ROOT;10177;13;10175;31;;;10191;26;10195;22;;;10184.0;0.0
yf_ZS=F_d12;20900;ASH_COATED_OSMIUM;9897;11;9894;14;;;9904;20;9906;22;;;9900.5;0.0
yf_ZS=F_d12;20900;INTARIAN_PEPPER_ROOT;10179;13;10175;13;;;10187;17;10191;22;;;10183.0;0.0
yf_ZS=F_d12;21000;ASH_COATED_OSMIUM;9898;18;9895;19;;;9904;11;9908;20;;;9901.0;0.0
yf_ZS=F_d12;21000;INTARIAN_PEPPER_ROOT;10180;22;10177;9;;;10186;15;10190;15;;;10183.0;0.0
yf_ZS=F_d12;21100;ASH_COATED_OSMIUM;9897;5;9895;25;;;9904;5;9908;14;;;9900.5;0.0
yf_ZS=F_d12;21100;INTARIAN_PEPPER_ROOT;10175;22;10173;15;;;10190;15;10193;26;;;10182.5;0.0
yf_ZS=F_d12;21200;ASH_COATED_OSMIUM;9896;11;9892;29;;;9905;16;9909;8;;;9900.5;0.0
yf_ZS=F_d12;21200;INTARIAN_PEPPER_ROOT;10179;17;10175;26;;;10185;21;10188;21;;;10182.0;0.0
yf_ZS=F_d12;21300;ASH_COATED_OSMIUM;9896;15;9892;15;;;9905;5;9907;19;;;9900.5;0.0
yf_ZS=F_d12;21300;INTARIAN_PEPPER_ROOT;10168;18;10165;18;;;10197;13;10201;17;;;10182.5;0.0
yf_ZS=F_d12;21400;ASH_COATED_OSMIUM;9895;11;9891;22;;;9905;19;9907;12;;;9900.0;0.0
yf_ZS=F_d12;21400;INTARIAN_PEPPER_ROOT;10176;14;10174;31;;;10186;16;10190;26;;;10181.0;0.0
yf_ZS=F_d12;21500;ASH_COATED_OSMIUM;9898;10;9894;12;;;9904;22;9906;18;;;9901.0;0.0
yf_ZS=F_d12;21500;INTARIAN_PEPPER_ROOT;10179;14;10175;17;;;10185;12;10189;19;;;10182.0;0.0
yf_ZS=F_d12;21600;ASH_COATED_OSMIUM;9897;12;9893;17;;;9905;17;9908;15;;;9901.0;0.0
yf_ZS=F_d12;21600;INTARIAN_PEPPER_ROOT;10178;16;10175;17;;;10184;26;10187;18;;;10181.0;0.0
yf_ZS=F_d12;21700;ASH_COATED_OSMIUM;9898;19;9896;26;;;9904;17;9908;31;;;9901.0;0.0
yf_ZS=F_d12;21700;INTARIAN_PEPPER_ROOT;10168;16;10164;14;;;10195;15;10197;16;;;10181.5;0.0
yf_ZS=F_d12;21800;ASH_COATED_OSMIUM;9898;11;9895;14;;;9904;29;9906;22;;;9901.0;0.0
yf_ZS=F_d12;21800;INTARIAN_PEPPER_ROOT;10170;11;10166;26;;;10191;17;10193;26;;;10180.5;0.0
yf_ZS=F_d12;21900;ASH_COATED_OSMIUM;9896;11;9892;18;;;9906;10;9908;15;;;9901.0;0.0
yf_ZS=F_d12;21900;INTARIAN_PEPPER_ROOT;10177;15;10173;22;;;10183;11;10187;14;;;10180.0;0.0
yf_ZS=F_d12;22000;ASH_COATED_OSMIUM;9889;16;9886;21;;;9914;15;9916;30;;;9901.5;0.0
yf_ZS=F_d12;22000;INTARIAN_PEPPER_ROOT;10177;21;10175;19;;;10183;20;10186;19;;;10180.0;0.0
yf_ZS=F_d12;22100;ASH_COATED_OSMIUM;9898;13;9894;22;;;9904;10;9908;17;;;9901.0;0.0
yf_ZS=F_d12;22100;INTARIAN_PEPPER_ROOT;10170;20;10167;26;;;10188;9;10191;20;;;10179.0;0.0
yf_ZS=F_d12;22200;ASH_COATED_OSMIUM;9898;22;9894;20;;;9904;11;9906;29;;;9901.0;0.0
yf_ZS=F_d12;22200;INTARIAN_PEPPER_ROOT;10176;8;10172;20;;;10182;21;10184;17;;;10179.0;0.0
yf_ZS=F_d12;22300;ASH_COATED_OSMIUM;9897;20;9895;17;;;9905;13;9908;15;;;9901.0;0.0
yf_ZS=F_d12;22300;INTARIAN_PEPPER_ROOT;10176;20;10173;20;;;10182;15;10184;18;;;10179.0;0.0
yf_ZS=F_d12;22400;ASH_COATED_OSMIUM;9898;22;9894;22;;;9904;15;9907;25;;;9901.0;0.0
yf_ZS=F_d12;22400;INTARIAN_PEPPER_ROOT;10175;12;10173;24;;;10181;22;10183;12;;;10178.0;0.0
yf_ZS=F_d12;22500;ASH_COATED_OSMIUM;9898;12;9895;20;;;9904;15;9908;13;;;9901.0;0.0
yf_ZS=F_d12;22500;INTARIAN_PEPPER_ROOT;10174;16;10172;26;;;10182;13;10185;21;;;10178.0;0.0
yf_ZS=F_d12;22600;ASH_COATED_OSMIUM;9891;10;9889;13;;;9909;12;9911;24;;;9900.0;0.0
yf_ZS=F_d12;22600;INTARIAN_PEPPER_ROOT;10168;21;10165;21;;;10187;14;10189;12;;;10177.5;0.0
yf_ZS=F_d12;22700;ASH_COATED_OSMIUM;9898;13;9895;23;;;9904;12;9908;11;;;9901.0;0.0
yf_ZS=F_d12;22700;INTARIAN_PEPPER_ROOT;10174;8;10170;11;;;10180;16;10182;19;;;10177.0;0.0
yf_ZS=F_d12;22800;ASH_COATED_OSMIUM;9898;7;9895;22;;;9904;12;9908;23;;;9901.0;0.0
yf_ZS=F_d12;22800;INTARIAN_PEPPER_ROOT;10174;5;10172;28;;;10180;14;10182;16;;;10177.0;0.0
yf_ZS=F_d12;22900;ASH_COATED_OSMIUM;9899;6;9895;16;;;9905;13;9909;23;;;9902.0;0.0
yf_ZS=F_d12;22900;INTARIAN_PEPPER_ROOT;10172;15;10169;22;;;10181;17;10183;13;;;10176.5;0.0
yf_ZS=F_d12;23000;ASH_COATED_OSMIUM;9897;18;9895;13;;;9906;11;9910;19;;;9901.5;0.0
yf_ZS=F_d12;23000;INTARIAN_PEPPER_ROOT;10166;19;10163;21;;;10188;13;10192;27;;;10177.0;0.0
yf_ZS=F_d12;23100;ASH_COATED_OSMIUM;9898;19;9896;16;;;9904;18;9906;16;;;9901.0;0.0
yf_ZS=F_d12;23100;INTARIAN_PEPPER_ROOT;10165;15;10162;13;;;10185;11;10188;17;;;10175.0;0.0
yf_ZS=F_d12;23200;ASH_COATED_OSMIUM;9898;17;9896;19;;;9904;20;9907;23;;;9901.0;0.0
yf_ZS=F_d12;23200;INTARIAN_PEPPER_ROOT;10169;25;10165;16;;;10182;12;10185;20;;;10175.5;0.0
yf_ZS=F_d12;23300;ASH_COATED_OSMIUM;9899;12;9895;28;;;9905;23;9909;20;;;9902.0;0.0
yf_ZS=F_d12;23300;INTARIAN_PEPPER_ROOT;10172;17;10169;19;;;10178;8;10182;8;;;10175.0;0.0
yf_ZS=F_d12;23400;ASH_COATED_OSMIUM;9897;12;9894;21;;;9906;18;9909;19;;;9901.5;0.0
yf_ZS=F_d12;23400;INTARIAN_PEPPER_ROOT;10172;13;10169;30;;;10178;22;10182;22;;;10175.0;0.0
yf_ZS=F_d12;23500;ASH_COATED_OSMIUM;9890;15;9887;20;;;9912;5;9916;24;;;9901.0;0.0
yf_ZS=F_d12;23500;INTARIAN_PEPPER_ROOT;10172;9;10168;21;;;10178;15;10180;30;;;10175.0;0.0
yf_ZS=F_d12;23600;ASH_COATED_OSMIUM;9883;12;9881;16;;;9920;22;9923;27;;;9901.5;0.0
yf_ZS=F_d12;23600;INTARIAN_PEPPER_ROOT;10171;15;10169;18;;;10177;8;10180;11;;;10174.0;0.0
yf_ZS=F_d12;23700;ASH_COATED_OSMIUM;9898;14;9896;18;;;9904;18;9908;17;;;9901.0;0.0
yf_ZS=F_d12;23700;INTARIAN_PEPPER_ROOT;10171;17;10169;21;;;10178;12;10182;9;;;10174.5;0.0
yf_ZS=F_d12;23800;ASH_COATED_OSMIUM;9898;14;9895;20;;;9904;18;9907;9;;;9901.0;0.0
yf_ZS=F_d12;23800;INTARIAN_PEPPER_ROOT;10164;14;10161;14;;;10182;13;10185;19;;;10173.0;0.0
yf_ZS=F_d12;23900;ASH_COATED_OSMIUM;9899;15;9896;20;;;9905;18;9909;15;;;9902.0;0.0
yf_ZS=F_d12;23900;INTARIAN_PEPPER_ROOT;10152;14;10150;18;;;10196;15;10199;22;;;10174.0;0.0
yf_ZS=F_d12;24000;ASH_COATED_OSMIUM;9899;8;9896;13;;;9905;19;9907;26;;;9902.0;0.0
yf_ZS=F_d12;24000;INTARIAN_PEPPER_ROOT;10169;14;10167;16;;;10177;14;10180;20;;;10173.0;0.0
yf_ZS=F_d12;24100;ASH_COATED_OSMIUM;9898;13;9894;15;;;9905;13;9907;22;;;9901.5;0.0
yf_ZS=F_d12;24100;INTARIAN_PEPPER_ROOT;10158;18;10156;17;;;10188;17;10192;19;;;10173.0;0.0
yf_ZS=F_d12;24200;ASH_COATED_OSMIUM;9898;18;9895;10;;;9904;15;9907;22;;;9901.0;0.0
yf_ZS=F_d12;24200;INTARIAN_PEPPER_ROOT;10170;16;10166;22;;;10176;16;10178;12;;;10173.0;0.0
yf_ZS=F_d12;24300;ASH_COATED_OSMIUM;9899;13;9897;11;;;9905;15;9909;26;;;9902.0;0.0
yf_ZS=F_d12;24300;INTARIAN_PEPPER_ROOT;10169;15;10166;23;;;10175;16;10179;19;;;10172.0;0.0
yf_ZS=F_d12;24400;ASH_COATED_OSMIUM;9899;26;9896;24;;;9905;18;9907;14;;;9902.0;0.0
yf_ZS=F_d12;24400;INTARIAN_PEPPER_ROOT;10166;10;10163;20;;;10178;25;10181;26;;;10172.0;0.0
yf_ZS=F_d12;24500;ASH_COATED_OSMIUM;9899;10;9896;20;;;9905;20;9907;26;;;9902.0;0.0
yf_ZS=F_d12;24500;INTARIAN_PEPPER_ROOT;10169;14;10166;21;;;10175;14;10179;25;;;10172.0;0.0
yf_ZS=F_d12;24600;ASH_COATED_OSMIUM;9891;13;9888;13;;;9913;22;9916;21;;;9902.0;0.0
yf_ZS=F_d12;24600;INTARIAN_PEPPER_ROOT;10168;10;10166;19;;;10174;11;10176;24;;;10171.0;0.0
yf_ZS=F_d12;24700;ASH_COATED_OSMIUM;9895;9;9892;19;;;9907;12;9909;9;;;9901.0;0.0
yf_ZS=F_d12;24700;INTARIAN_PEPPER_ROOT;10164;12;10160;30;;;10176;20;10180;20;;;10170.0;0.0
yf_ZS=F_d12;24800;ASH_COATED_OSMIUM;9899;5;9895;19;;;9905;16;9907;15;;;9902.0;0.0
yf_ZS=F_d12;24800;INTARIAN_PEPPER_ROOT;10167;16;10163;16;;;10174;6;10178;25;;;10170.5;0.0
yf_ZS=F_d12;24900;ASH_COATED_OSMIUM;9885;6;9881;15;;;9919;13;9922;17;;;9902.0;0.0
yf_ZS=F_d12;24900;INTARIAN_PEPPER_ROOT;10167;16;10165;25;;;10173;16;10175;16;;;10170.0;0.0
yf_ZS=F_d12;25000;ASH_COATED_OSMIUM;9899;26;9896;12;;;9905;9;9909;26;;;9902.0;0.0
yf_ZS=F_d12;25000;INTARIAN_PEPPER_ROOT;10167;16;10164;16;;;10173;16;10177;15;;;10170.0;0.0
yf_ZS=F_d12;25100;ASH_COATED_OSMIUM;9887;13;9883;22;;;9916;22;9918;21;;;9901.5;0.0
yf_ZS=F_d12;25100;INTARIAN_PEPPER_ROOT;10157;22;10154;23;;;10180;23;10184;25;;;10168.5;0.0
yf_ZS=F_d12;25200;ASH_COATED_OSMIUM;9898;10;9896;25;;;9906;10;9909;22;;;9902.0;0.0
yf_ZS=F_d12;25200;INTARIAN_PEPPER_ROOT;10166;19;10163;12;;;10172;10;10176;27;;;10169.0;0.0
yf_ZS=F_d12;25300;ASH_COATED_OSMIUM;9898;10;9896;14;;;9907;15;9909;21;;;9902.5;0.0
yf_ZS=F_d12;25300;INTARIAN_PEPPER_ROOT;10165;14;10161;26;;;10171;14;10175;21;;;10168.0;0.0
yf_ZS=F_d12;25400;ASH_COATED_OSMIUM;9899;18;9897;21;;;9905;15;9909;16;;;9902.0;0.0
yf_ZS=F_d12;25400;INTARIAN_PEPPER_ROOT;10166;12;10164;10;;;10172;16;10175;23;;;10169.0;0.0
yf_ZS=F_d12;25500;ASH_COATED_OSMIUM;9898;15;9895;18;;;9904;16;9908;30;;;9901.0;0.0
yf_ZS=F_d12;25500;INTARIAN_PEPPER_ROOT;10165;18;10161;18;;;10171;18;10174;15;;;10168.0;0.0
yf_ZS=F_d12;25600;ASH_COATED_OSMIUM;9899;21;9895;14;;;9905;19;9908;19;;;9902.0;0.0
yf_ZS=F_d12;25600;INTARIAN_PEPPER_ROOT;10164;12;10160;18;;;10170;11;10173;21;;;10167.0;0.0
yf_ZS=F_d12;25700;ASH_COATED_OSMIUM;9899;10;9895;13;;;9905;14;9908;19;;;9902.0;0.0
yf_ZS=F_d12;25700;INTARIAN_PEPPER_ROOT;10164;5;10161;12;;;10170;21;10174;26;;;10167.0;0.0
yf_ZS=F_d12;25800;ASH_COATED_OSMIUM;9899;21;9897;24;;;9905;11;9907;21;;;9902.0;0.0
yf_ZS=F_d12;25800;INTARIAN_PEPPER_ROOT;10164;12;10160;30;;;10171;19;10175;22;;;10167.5;0.0
yf_ZS=F_d12;25900;ASH_COATED_OSMIUM;9895;18;9891;15;;;9909;13;9912;16;;;9902.0;0.0
yf_ZS=F_d12;25900;INTARIAN_PEPPER_ROOT;10161;17;10158;27;;;10171;16;10175;27;;;10166.0;0.0
yf_ZS=F_d12;26000;ASH_COATED_OSMIUM;9899;12;9895;27;;;9905;17;9909;26;;;9902.0;0.0
yf_ZS=F_d12;26000;INTARIAN_PEPPER_ROOT;10163;19;10160;16;;;10169;12;10173;17;;;10166.0;0.0
yf_ZS=F_d12;26100;ASH_COATED_OSMIUM;9899;19;9897;16;;;9905;20;9908;26;;;9902.0;0.0
yf_ZS=F_d12;26100;INTARIAN_PEPPER_ROOT;10163;20;10159;21;;;10169;16;10173;24;;;10166.0;0.0
yf_ZS=F_d12;26200;ASH_COATED_OSMIUM;9899;21;9896;20;;;9905;11;9908;17;;;9902.0;0.0
yf_ZS=F_d12;26200;INTARIAN_PEPPER_ROOT;10162;23;10158;19;;;10170;23;10174;19;;;10166.0;0.0
yf_ZS=F_d12;26300;ASH_COATED_OSMIUM;9888;18;9886;17;;;9916;18;9919;28;;;9902.0;0.0
yf_ZS=F_d12;26300;INTARIAN_PEPPER_ROOT;10153;7;10149;18;;;10177;18;10180;19;;;10165.0;0.0
yf_ZS=F_d12;26400;ASH_COATED_OSMIUM;9899;8;9895;20;;;9905;11;9907;23;;;9902.0;0.0
yf_ZS=F_d12;26400;INTARIAN_PEPPER_ROOT;10160;17;10158;18;;;10170;19;10173;8;;;10165.0;0.0
yf_ZS=F_d12;26500;ASH_COATED_OSMIUM;9893;13;9891;25;;;9910;18;9912;19;;;9901.5;0.0
yf_ZS=F_d12;26500;INTARIAN_PEPPER_ROOT;10162;14;10158;13;;;10168;15;10170;24;;;10165.0;0.0
yf_ZS=F_d12;26600;ASH_COATED_OSMIUM;9899;13;9897;24;;;9905;27;9907;19;;;9902.0;0.0
yf_ZS=F_d12;26600;INTARIAN_PEPPER_ROOT;10161;13;10157;23;;;10167;13;10171;22;;;10164.0;0.0
yf_ZS=F_d12;26700;ASH_COATED_OSMIUM;9892;14;9890;24;;;9913;12;9915;11;;;9902.5;0.0
yf_ZS=F_d12;26700;INTARIAN_PEPPER_ROOT;10153;11;10151;22;;;10175;14;10178;18;;;10164.0;0.0
yf_ZS=F_d12;26800;ASH_COATED_OSMIUM;9899;23;9895;22;;;9905;15;9909;21;;;9902.0;0.0
yf_ZS=F_d12;26800;INTARIAN_PEPPER_ROOT;10160;19;10158;14;;;10166;19;10169;14;;;10163.0;0.0
yf_ZS=F_d12;26900;ASH_COATED_OSMIUM;9900;21;9896;18;;;9906;6;9908;25;;;9903.0;0.0
yf_ZS=F_d12;26900;INTARIAN_PEPPER_ROOT;10159;14;10157;18;;;10166;15;10168;20;;;10162.5;0.0
yf_ZS=F_d12;27000;ASH_COATED_OSMIUM;9893;14;9890;22;;;9911;14;9913;24;;;9902.0;0.0
yf_ZS=F_d12;27000;INTARIAN_PEPPER_ROOT;10160;18;10158;17;;;10166;12;10170;22;;;10163.0;0.0
yf_ZS=F_d12;27100;ASH_COATED_OSMIUM;9899;5;9895;8;;;9905;16;9909;20;;;9902.0;0.0
yf_ZS=F_d12;27100;INTARIAN_PEPPER_ROOT;10153;15;10149;21;;;10173;15;10175;23;;;10163.0;0.0
yf_ZS=F_d12;27200;ASH_COATED_OSMIUM;9892;16;9890;27;;;9913;11;9916;25;;;9902.5;0.0
yf_ZS=F_d12;27200;INTARIAN_PEPPER_ROOT;10159;7;10155;18;;;10165;13;10168;23;;;10162.0;0.0
yf_ZS=F_d12;27300;ASH_COATED_OSMIUM;9899;16;9895;13;;;9905;20;9908;28;;;9902.0;0.0
yf_ZS=F_d12;27300;INTARIAN_PEPPER_ROOT;10157;11;10153;18;;;10167;12;10169;12;;;10162.0;0.0
yf_ZS=F_d12;27400;ASH_COATED_OSMIUM;9900;15;9897;27;;;9906;20;9910;23;;;9903.0;0.0
yf_ZS=F_d12;27400;INTARIAN_PEPPER_ROOT;10156;15;10152;22;;;10167;18;10169;15;;;10161.5;0.0
yf_ZS=F_d12;27500;ASH_COATED_OSMIUM;9899;15;9896;15;;;9905;12;9909;17;;;9902.0;0.0
yf_ZS=F_d12;27500;INTARIAN_PEPPER_ROOT;10158;9;10154;19;;;10164;11;10167;16;;;10161.0;0.0
yf_ZS=F_d12;27600;ASH_COATED_OSMIUM;9896;13;9894;15;;;9910;9;9913;30;;;9903.0;0.0
yf_ZS=F_d12;27600;INTARIAN_PEPPER_ROOT;10157;20;10153;23;;;10163;17;10167;21;;;10160.0;0.0
yf_ZS=F_d12;27700;ASH_COATED_OSMIUM;9899;18;9895;25;;;9907;16;9910;17;;;9903.0;0.0
yf_ZS=F_d12;27700;INTARIAN_PEPPER_ROOT;10156;13;10152;13;;;10165;15;10169;17;;;10160.5;0.0
yf_ZS=F_d12;27800;ASH_COATED_OSMIUM;9899;18;9896;20;;;9905;20;9907;17;;;9902.0;0.0
yf_ZS=F_d12;27800;INTARIAN_PEPPER_ROOT;10156;12;10152;18;;;10164;8;10168;23;;;10160.0;0.0
yf_ZS=F_d12;27900;ASH_COATED_OSMIUM;9900;11;9897;15;;;9906;10;9908;18;;;9903.0;0.0
yf_ZS=F_d12;27900;INTARIAN_PEPPER_ROOT;10151;14;10148;20;;;10168;15;10170;22;;;10159.5;0.0
yf_ZS=F_d12;28000;ASH_COATED_OSMIUM;9891;18;9888;25;;;9913;14;9915;19;;;9902.0;0.0
yf_ZS=F_d12;28000;INTARIAN_PEPPER_ROOT;10149;13;10145;19;;;10170;10;10172;17;;;10159.5;0.0
yf_ZS=F_d12;28100;ASH_COATED_OSMIUM;9894;20;9890;21;;;9910;7;9912;17;;;9902.0;0.0
yf_ZS=F_d12;28100;INTARIAN_PEPPER_ROOT;10134;21;10132;14;;;10184;16;10187;20;;;10159.0;0.0
yf_ZS=F_d12;28200;ASH_COATED_OSMIUM;9892;10;9890;22;;;9912;9;9916;24;;;9902.0;0.0
yf_ZS=F_d12;28200;INTARIAN_PEPPER_ROOT;10153;11;10149;22;;;10163;19;10165;17;;;10158.0;0.0
yf_ZS=F_d12;28300;ASH_COATED_OSMIUM;9900;12;9897;18;;;9906;15;9909;25;;;9903.0;0.0
yf_ZS=F_d12;28300;INTARIAN_PEPPER_ROOT;10147;11;10143;29;;;10168;5;10170;22;;;10157.5;0.0
yf_ZS=F_d12;28400;ASH_COATED_OSMIUM;9894;15;9891;20;;;9912;18;9915;23;;;9903.0;0.0
yf_ZS=F_d12;28400;INTARIAN_PEPPER_ROOT;10154;14;10152;31;;;10160;7;10162;16;;;10157.0;0.0
yf_ZS=F_d12;28500;ASH_COATED_OSMIUM;9899;13;9895;22;;;9906;22;9908;18;;;9902.5;0.0
yf_ZS=F_d12;28500;INTARIAN_PEPPER_ROOT;10154;5;10152;20;;;10160;19;10163;18;;;10157.0;0.0
yf_ZS=F_d12;28600;ASH_COATED_OSMIUM;9895;17;9891;19;;;9911;17;9915;15;;;9903.0;0.0
yf_ZS=F_d12;28600;INTARIAN_PEPPER_ROOT;10144;13;10142;24;;;10170;19;10174;23;;;10157.0;0.0
yf_ZS=F_d12;28700;ASH_COATED_OSMIUM;9900;28;9898;23;;;9906;17;9910;19;;;9903.0;0.0
yf_ZS=F_d12;28700;INTARIAN_PEPPER_ROOT;10153;13;10149;18;;;10159;18;10162;22;;;10156.0;0.0
yf_ZS=F_d12;28800;ASH_COATED_OSMIUM;9900;5;9896;18;;;9906;23;9910;18;;;9903.0;0.0
yf_ZS=F_d12;28800;INTARIAN_PEPPER_ROOT;10154;10;10151;24;;;10160;14;10162;25;;;10157.0;0.0
yf_ZS=F_d12;28900;ASH_COATED_OSMIUM;9900;11;9898;21;;;9906;27;9909;18;;;9903.0;0.0
yf_ZS=F_d12;28900;INTARIAN_PEPPER_ROOT;10153;12;10149;10;;;10159;16;10162;27;;;10156.0;0.0
yf_ZS=F_d12;29000;ASH_COATED_OSMIUM;9900;14;9897;25;;;9906;12;9909;26;;;9903.0;0.0
yf_ZS=F_d12;29000;INTARIAN_PEPPER_ROOT;10147;12;10144;20;;;10165;15;10168;26;;;10156.0;0.0
yf_ZS=F_d12;29100;ASH_COATED_OSMIUM;9900;8;9898;26;;;9906;9;9908;10;;;9903.0;0.0
yf_ZS=F_d12;29100;INTARIAN_PEPPER_ROOT;10146;12;10144;13;;;10166;15;10170;26;;;10156.0;0.0
yf_ZS=F_d12;29200;ASH_COATED_OSMIUM;9900;18;9896;28;;;9906;9;9908;16;;;9903.0;0.0
yf_ZS=F_d12;29200;INTARIAN_PEPPER_ROOT;10152;15;10150;20;;;10158;6;10161;19;;;10155.0;0.0
yf_ZS=F_d12;29300;ASH_COATED_OSMIUM;9897;22;9894;24;;;9909;18;9912;28;;;9903.0;0.0
yf_ZS=F_d12;29300;INTARIAN_PEPPER_ROOT;10152;18;10150;30;;;10158;20;10161;20;;;10155.0;0.0
yf_ZS=F_d12;29400;ASH_COATED_OSMIUM;9898;5;9895;26;;;9909;19;9913;18;;;9903.5;0.0
yf_ZS=F_d12;29400;INTARIAN_PEPPER_ROOT;10146;12;10144;26;;;10163;13;10167;17;;;10154.5;0.0
yf_ZS=F_d12;29500;ASH_COATED_OSMIUM;9900;10;9896;8;;;9906;20;9910;22;;;9903.0;0.0
yf_ZS=F_d12;29500;INTARIAN_PEPPER_ROOT;10149;25;10145;25;;;10160;11;10164;14;;;10154.5;0.0
yf_ZS=F_d12;29600;ASH_COATED_OSMIUM;9900;8;9898;18;;;9906;17;9909;10;;;9903.0;0.0
yf_ZS=F_d12;29600;INTARIAN_PEPPER_ROOT;10151;13;10149;15;;;10158;14;10162;14;;;10154.5;0.0
yf_ZS=F_d12;29700;ASH_COATED_OSMIUM;9900;12;9897;22;;;9906;9;9908;16;;;9903.0;0.0
yf_ZS=F_d12;29700;INTARIAN_PEPPER_ROOT;10149;8;10145;16;;;10158;5;10160;18;;;10153.5;0.0
yf_ZS=F_d12;29800;ASH_COATED_OSMIUM;9900;16;9898;31;;;9906;23;9909;14;;;9903.0;0.0
yf_ZS=F_d12;29800;INTARIAN_PEPPER_ROOT;10139;13;10137;33;;;10166;25;10168;21;;;10152.5;0.0
yf_ZS=F_d12;29900;ASH_COATED_OSMIUM;9891;17;9889;23;;;9915;12;9917;29;;;9903.0;0.0
yf_ZS=F_d12;29900;INTARIAN_PEPPER_ROOT;10148;13;10145;23;;;10157;10;10161;23;;;10152.5;0.0
yf_ZS=F_d12;30000;ASH_COATED_OSMIUM;9899;10;9895;24;;;9907;5;9909;13;;;9903.0;0.0
yf_ZS=F_d12;30000;INTARIAN_PEPPER_ROOT;10146;11;10144;23;;;10158;16;10162;18;;;10152.0;0.0
yf_ZS=F_d12;30100;ASH_COATED_OSMIUM;9898;15;9896;15;;;9910;15;9914;19;;;9904.0;0.0
yf_ZS=F_d12;30100;INTARIAN_PEPPER_ROOT;10147;20;10145;25;;;10157;18;10161;25;;;10152.0;0.0
yf_ZS=F_d12;30200;ASH_COATED_OSMIUM;9900;10;9898;30;;;9906;8;9908;18;;;9903.0;0.0
yf_ZS=F_d12;30200;INTARIAN_PEPPER_ROOT;10143;9;10141;28;;;10160;9;10163;28;;;10151.5;0.0
yf_ZS=F_d12;30300;ASH_COATED_OSMIUM;9900;5;9897;23;;;9906;20;9910;15;;;9903.0;0.0
yf_ZS=F_d12;30300;INTARIAN_PEPPER_ROOT;10144;17;10142;23;;;10158;21;10162;26;;;10151.0;0.0
yf_ZS=F_d12;30400;ASH_COATED_OSMIUM;9890;9;9888;19;;;9916;15;9919;18;;;9903.0;0.0
yf_ZS=F_d12;30400;INTARIAN_PEPPER_ROOT;10142;22;10140;17;;;10161;10;10164;14;;;10151.5;0.0
yf_ZS=F_d12;30500;ASH_COATED_OSMIUM;9896;26;9892;26;;;9910;15;9913;22;;;9903.0;0.0
yf_ZS=F_d12;30500;INTARIAN_PEPPER_ROOT;10147;10;10144;21;;;10154;16;10158;21;;;10150.5;0.0
yf_ZS=F_d12;30600;ASH_COATED_OSMIUM;9900;10;9897;21;;;9906;11;9908;12;;;9903.0;0.0
yf_ZS=F_d12;30600;INTARIAN_PEPPER_ROOT;10147;18;10145;21;;;10153;21;10156;21;;;10150.0;0.0
yf_ZS=F_d12;30700;ASH_COATED_OSMIUM;9900;18;9898;28;;;9906;5;9910;16;;;9903.0;0.0
yf_ZS=F_d12;30700;INTARIAN_PEPPER_ROOT;10141;18;10138;18;;;10159;9;10163;27;;;10150.0;0.0
yf_ZS=F_d12;30800;ASH_COATED_OSMIUM;9900;9;9897;16;;;9906;16;9910;23;;;9903.0;0.0
yf_ZS=F_d12;30800;INTARIAN_PEPPER_ROOT;10147;14;10144;17;;;10153;11;10157;13;;;10150.0;0.0
yf_ZS=F_d12;30900;ASH_COATED_OSMIUM;9900;17;9896;11;;;9906;15;9910;17;;;9903.0;0.0
yf_ZS=F_d12;30900;INTARIAN_PEPPER_ROOT;10146;22;10144;16;;;10152;16;10155;25;;;10149.0;0.0
yf_ZS=F_d12;31000;ASH_COATED_OSMIUM;9901;18;9898;27;;;9907;13;9911;22;;;9904.0;0.0
yf_ZS=F_d12;31000;INTARIAN_PEPPER_ROOT;10142;9;10140;16;;;10156;12;10158;23;;;10149.0;0.0
yf_ZS=F_d12;31100;ASH_COATED_OSMIUM;9898;19;9895;26;;;9909;14;9911;15;;;9903.5;0.0
yf_ZS=F_d12;31100;INTARIAN_PEPPER_ROOT;10146;8;10142;16;;;10152;9;10155;15;;;10149.0;0.0
yf_ZS=F_d12;31200;ASH_COATED_OSMIUM;9894;8;9891;23;;;9914;18;9918;16;;;9904.0;0.0
yf_ZS=F_d12;31200;INTARIAN_PEPPER_ROOT;10138;15;10134;12;;;10158;16;10161;20;;;10148.0;0.0
yf_ZS=F_d12;31300;ASH_COATED_OSMIUM;9900;11;9897;35;;;9906;18;9910;23;;;9903.0;0.0
yf_ZS=F_d12;31300;INTARIAN_PEPPER_ROOT;10145;16;10143;16;;;10151;9;10153;20;;;10148.0;0.0
yf_ZS=F_d12;31400;ASH_COATED_OSMIUM;9901;18;9898;15;;;9907;8;9910;19;;;9904.0;0.0
yf_ZS=F_d12;31400;INTARIAN_PEPPER_ROOT;10145;18;10143;14;;;10151;20;10153;27;;;10148.0;0.0
yf_ZS=F_d12;31500;ASH_COATED_OSMIUM;9895;14;9893;14;;;9912;11;9914;17;;;9903.5;0.0
yf_ZS=F_d12;31500;INTARIAN_PEPPER_ROOT;10144;21;10141;13;;;10150;17;10152;25;;;10147.0;0.0
yf_ZS=F_d12;31600;ASH_COATED_OSMIUM;9901;15;9898;16;;;9907;10;9909;13;;;9904.0;0.0
yf_ZS=F_d12;31600;INTARIAN_PEPPER_ROOT;10144;20;10140;12;;;10150;16;10154;13;;;10147.0;0.0
yf_ZS=F_d12;31700;ASH_COATED_OSMIUM;9894;7;9890;21;;;9913;14;9917;20;;;9903.5;0.0
yf_ZS=F_d12;31700;INTARIAN_PEPPER_ROOT;10143;12;10140;20;;;10151;20;10153;17;;;10147.0;0.0
yf_ZS=F_d12;31800;ASH_COATED_OSMIUM;9901;25;9897;13;;;9907;18;9909;32;;;9904.0;0.0
yf_ZS=F_d12;31800;INTARIAN_PEPPER_ROOT;10139;20;10136;14;;;10154;7;10157;15;;;10146.5;0.0
yf_ZS=F_d12;31900;ASH_COATED_OSMIUM;9901;12;9898;22;;;9907;21;9909;17;;;9904.0;0.0
yf_ZS=F_d12;31900;INTARIAN_PEPPER_ROOT;10143;19;10141;23;;;10149;22;10151;24;;;10146.0;0.0
yf_ZS=F_d12;32000;ASH_COATED_OSMIUM;9901;17;9899;19;;;9907;15;9911;24;;;9904.0;0.0
yf_ZS=F_d12;32000;INTARIAN_PEPPER_ROOT;10143;11;10141;19;;;10149;13;10153;20;;;10146.0;0.0
yf_ZS=F_d12;32100;ASH_COATED_OSMIUM;9901;16;9898;25;;;9907;24;9909;30;;;9904.0;0.0
yf_ZS=F_d12;32100;INTARIAN_PEPPER_ROOT;10143;17;10141;18;;;10149;16;10153;18;;;10146.0;0.0
yf_ZS=F_d12;32200;ASH_COATED_OSMIUM;9895;16;9891;13;;;9912;23;9914;19;;;9903.5;0.0
yf_ZS=F_d12;32200;INTARIAN_PEPPER_ROOT;10142;5;10139;13;;;10148;15;10152;22;;;10145.0;0.0
yf_ZS=F_d12;32300;ASH_COATED_OSMIUM;9900;13;9898;19;;;9908;16;9912;18;;;9904.0;0.0
yf_ZS=F_d12;32300;INTARIAN_PEPPER_ROOT;10138;11;10135;21;;;10151;10;10155;17;;;10144.5;0.0
yf_ZS=F_d12;32400;ASH_COATED_OSMIUM;9899;23;9897;14;;;9909;14;9911;16;;;9904.0;0.0
yf_ZS=F_d12;32400;INTARIAN_PEPPER_ROOT;10141;14;10137;19;;;10147;12;10151;8;;;10144.0;0.0
yf_ZS=F_d12;32500;ASH_COATED_OSMIUM;9889;20;9886;17;;;9920;18;9924;18;;;9904.5;0.0
yf_ZS=F_d12;32500;INTARIAN_PEPPER_ROOT;10141;12;10139;13;;;10147;12;10150;22;;;10144.0;0.0
yf_ZS=F_d12;32600;ASH_COATED_OSMIUM;9901;19;9898;15;;;9907;5;9909;17;;;9904.0;0.0
yf_ZS=F_d12;32600;INTARIAN_PEPPER_ROOT;10141;8;10139;19;;;10147;16;10150;21;;;10144.0;0.0
yf_ZS=F_d12;32700;ASH_COATED_OSMIUM;9901;15;9897;9;;;9907;11;9909;18;;;9904.0;0.0
yf_ZS=F_d12;32700;INTARIAN_PEPPER_ROOT;10140;19;10138;20;;;10146;19;10148;21;;;10143.0;0.0
yf_ZS=F_d12;32800;ASH_COATED_OSMIUM;9899;15;9897;15;;;9909;13;9913;14;;;9904.0;0.0
yf_ZS=F_d12;32800;INTARIAN_PEPPER_ROOT;10135;14;10133;12;;;10150;27;10152;22;;;10142.5;0.0
yf_ZS=F_d12;32900;ASH_COATED_OSMIUM;9899;14;9896;27;;;9910;20;9912;23;;;9904.5;0.0
yf_ZS=F_d12;32900;INTARIAN_PEPPER_ROOT;10140;18;10138;18;;;10146;9;10148;23;;;10143.0;0.0
yf_ZS=F_d12;33000;ASH_COATED_OSMIUM;9893;5;9890;20;;;9915;14;9917;16;;;9904.0;0.0
yf_ZS=F_d12;33000;INTARIAN_PEPPER_ROOT;10139;17;10136;10;;;10145;20;10147;16;;;10142.0;0.0
yf_ZS=F_d12;33100;ASH_COATED_OSMIUM;9901;10;9899;15;;;9907;22;9910;23;;;9904.0;0.0
yf_ZS=F_d12;33100;INTARIAN_PEPPER_ROOT;10138;22;10134;28;;;10146;5;10150;22;;;10142.0;0.0
yf_ZS=F_d12;33200;ASH_COATED_OSMIUM;9900;29;9898;19;;;9909;9;9913;15;;;9904.5;0.0
yf_ZS=F_d12;33200;INTARIAN_PEPPER_ROOT;10139;12;10135;18;;;10145;13;10148;22;;;10142.0;0.0
yf_ZS=F_d12;33300;ASH_COATED_OSMIUM;9900;10;9897;10;;;9909;18;9912;16;;;9904.5;0.0
yf_ZS=F_d12;33300;INTARIAN_PEPPER_ROOT;10138;16;10136;26;;;10144;16;10147;16;;;10141.0;0.0
yf_ZS=F_d12;33400;ASH_COATED_OSMIUM;9897;10;9893;21;;;9912;8;9914;25;;;9904.5;0.0
yf_ZS=F_d12;33400;INTARIAN_PEPPER_ROOT;10123;20;10120;21;;;10159;16;10163;18;;;10141.0;0.0
yf_ZS=F_d12;33500;ASH_COATED_OSMIUM;9896;16;9893;19;;;9913;9;9917;27;;;9904.5;0.0
yf_ZS=F_d12;33500;INTARIAN_PEPPER_ROOT;10133;14;10130;16;;;10147;20;10149;16;;;10140.0;0.0
yf_ZS=F_d12;33600;ASH_COATED_OSMIUM;9901;8;9899;22;;;9907;18;9909;16;;;9904.0;0.0
yf_ZS=F_d12;33600;INTARIAN_PEPPER_ROOT;10137;11;10134;23;;;10143;14;10146;17;;;10140.0;0.0
yf_ZS=F_d12;33700;ASH_COATED_OSMIUM;9901;17;9898;15;;;9907;13;9911;24;;;9904.0;0.0
yf_ZS=F_d12;33700;INTARIAN_PEPPER_ROOT;10133;10;10131;23;;;10148;10;10151;28;;;10140.5;0.0
yf_ZS=F_d12;33800;ASH_COATED_OSMIUM;9897;20;9895;16;;;9910;23;9914;16;;;9903.5;0.0
yf_ZS=F_d12;33800;INTARIAN_PEPPER_ROOT;10137;14;10133;22;;;10143;21;10146;22;;;10140.0;0.0
yf_ZS=F_d12;33900;ASH_COATED_OSMIUM;9901;15;9897;17;;;9907;16;9910;19;;;9904.0;0.0
yf_ZS=F_d12;33900;INTARIAN_PEPPER_ROOT;10136;12;10133;17;;;10142;8;10144;20;;;10139.0;0.0
yf_ZS=F_d12;34000;ASH_COATED_OSMIUM;9898;7;9894;17;;;9910;19;9914;21;;;9904.0;0.0
yf_ZS=F_d12;34000;INTARIAN_PEPPER_ROOT;10137;16;10134;18;;;10143;12;10145;21;;;10140.0;0.0
yf_ZS=F_d12;34100;ASH_COATED_OSMIUM;9901;7;9899;18;;;9907;10;9909;13;;;9904.0;0.0
yf_ZS=F_d12;34100;INTARIAN_PEPPER_ROOT;10137;13;10133;17;;;10144;18;10146;18;;;10140.5;0.0
yf_ZS=F_d12;34200;ASH_COATED_OSMIUM;9902;15;9900;17;;;9908;16;9911;27;;;9905.0;0.0
yf_ZS=F_d12;34200;INTARIAN_PEPPER_ROOT;10137;11;10134;29;;;10143;11;10146;21;;;10140.0;0.0
yf_ZS=F_d12;34300;ASH_COATED_OSMIUM;9901;14;9898;14;;;9907;14;9910;11;;;9904.0;0.0
yf_ZS=F_d12;34300;INTARIAN_PEPPER_ROOT;10133;11;10129;24;;;10148;14;10151;19;;;10140.5;0.0
yf_ZS=F_d12;34400;ASH_COATED_OSMIUM;9900;16;9896;27;;;9910;20;9912;14;;;9905.0;0.0
yf_ZS=F_d12;34400;INTARIAN_PEPPER_ROOT;10138;19;10134;23;;;10144;12;10146;24;;;10141.0;0.0
yf_ZS=F_d12;34500;ASH_COATED_OSMIUM;9901;17;9897;26;;;9907;12;9910;25;;;9904.0;0.0
yf_ZS=F_d12;34500;INTARIAN_PEPPER_ROOT;10138;16;10134;19;;;10144;5;10146;25;;;10141.0;0.0
yf_ZS=F_d12;34600;ASH_COATED_OSMIUM;9891;19;9889;22;;;9918;9;9922;18;;;9904.5;0.0
yf_ZS=F_d12;34600;INTARIAN_PEPPER_ROOT;10139;15;10135;8;;;10145;19;10147;12;;;10142.0;0.0
yf_ZS=F_d12;34700;ASH_COATED_OSMIUM;9902;14;9898;20;;;9908;20;9910;8;;;9905.0;0.0
yf_ZS=F_d12;34700;INTARIAN_PEPPER_ROOT;10139;21;10137;21;;;10145;13;10149;22;;;10142.0;0.0
yf_ZS=F_d12;34800;ASH_COATED_OSMIUM;9902;24;9898;24;;;9908;19;9912;21;;;9905.0;0.0
yf_ZS=F_d12;34800;INTARIAN_PEPPER_ROOT;10140;20;10138;16;;;10146;16;10150;27;;;10143.0;0.0
yf_ZS=F_d12;34900;ASH_COATED_OSMIUM;9901;23;9898;18;;;9910;8;9913;22;;;9905.5;0.0
yf_ZS=F_d12;34900;INTARIAN_PEPPER_ROOT;10139;16;10137;15;;;10147;17;10151;26;;;10143.0;0.0
yf_ZS=F_d12;35000;ASH_COATED_OSMIUM;9902;18;9898;18;;;9908;10;9912;21;;;9905.0;0.0
yf_ZS=F_d12;35000;INTARIAN_PEPPER_ROOT;10128;8;10125;11;;;10158;23;10161;17;;;10143.0;0.0
yf_ZS=F_d12;35100;ASH_COATED_OSMIUM;9902;18;9899;17;;;9908;15;9911;22;;;9905.0;0.0
yf_ZS=F_d12;35100;INTARIAN_PEPPER_ROOT;10140;19;10137;20;;;10147;13;10151;18;;;10143.5;0.0
yf_ZS=F_d12;35200;ASH_COATED_OSMIUM;9902;14;9898;9;;;9908;18;9910;24;;;9905.0;0.0
yf_ZS=F_d12;35200;INTARIAN_PEPPER_ROOT;10139;19;10135;18;;;10149;12;10152;22;;;10144.0;0.0
yf_ZS=F_d12;35300;ASH_COATED_OSMIUM;9902;26;9900;13;;;9908;18;9912;20;;;9905.0;0.0
yf_ZS=F_d12;35300;INTARIAN_PEPPER_ROOT;10142;5;10138;17;;;10148;17;10150;19;;;10145.0;0.0
yf_ZS=F_d12;35400;ASH_COATED_OSMIUM;9902;13;9899;17;;;9908;19;9912;15;;;9905.0;0.0
yf_ZS=F_d12;35400;INTARIAN_PEPPER_ROOT;10142;9;10138;15;;;10148;13;10152;22;;;10145.0;0.0
yf_ZS=F_d12;35500;ASH_COATED_OSMIUM;9901;9;9899;17;;;9907;19;9909;21;;;9904.0;0.0
yf_ZS=F_d12;35500;INTARIAN_PEPPER_ROOT;10142;15;10140;24;;;10148;9;10150;25;;;10145.0;0.0
yf_ZS=F_d12;35600;ASH_COATED_OSMIUM;9901;29;9897;19;;;9908;18;9911;18;;;9904.5;0.0
yf_ZS=F_d12;35600;INTARIAN_PEPPER_ROOT;10137;15;10133;14;;;10155;6;10157;16;;;10146.0;0.0
yf_ZS=F_d12;35700;ASH_COATED_OSMIUM;9897;13;9895;8;;;9914;9;9916;17;;;9905.5;0.0
yf_ZS=F_d12;35700;INTARIAN_PEPPER_ROOT;10143;8;10139;22;;;10149;17;10151;19;;;10146.0;0.0
yf_ZS=F_d12;35800;ASH_COATED_OSMIUM;9899;18;9897;29;;;9911;5;9914;21;;;9905.0;0.0
yf_ZS=F_d12;35800;INTARIAN_PEPPER_ROOT;10141;16;10137;26;;;10151;12;10153;18;;;10146.0;0.0
yf_ZS=F_d12;35900;ASH_COATED_OSMIUM;9897;13;9894;17;;;9913;15;9915;16;;;9905.0;0.0
yf_ZS=F_d12;35900;INTARIAN_PEPPER_ROOT;10144;18;10141;13;;;10150;16;10152;21;;;10147.0;0.0
yf_ZS=F_d12;36000;ASH_COATED_OSMIUM;9893;16;9891;25;;;9915;11;9917;18;;;9904.0;0.0
yf_ZS=F_d12;36000;INTARIAN_PEPPER_ROOT;10137;13;10133;25;;;10157;23;10159;25;;;10147.0;0.0
yf_ZS=F_d12;36100;ASH_COATED_OSMIUM;9902;14;9898;26;;;9908;16;9912;13;;;9905.0;0.0
yf_ZS=F_d12;36100;INTARIAN_PEPPER_ROOT;10144;14;10141;31;;;10151;13;10155;27;;;10147.5;0.0
yf_ZS=F_d12;36200;ASH_COATED_OSMIUM;9902;14;9900;11;;;9908;17;9910;24;;;9905.0;0.0
yf_ZS=F_d12;36200;INTARIAN_PEPPER_ROOT;10145;10;10143;18;;;10151;19;10154;17;;;10148.0;0.0
yf_ZS=F_d12;36300;ASH_COATED_OSMIUM;9891;10;9889;9;;;9921;5;9925;25;;;9906.0;0.0
yf_ZS=F_d12;36300;INTARIAN_PEPPER_ROOT;10145;9;10141;14;;;10152;5;10154;21;;;10148.5;0.0
yf_ZS=F_d12;36400;ASH_COATED_OSMIUM;9902;8;9899;19;;;9908;26;9911;18;;;9905.0;0.0
yf_ZS=F_d12;36400;INTARIAN_PEPPER_ROOT;10144;19;10142;14;;;10153;20;10156;24;;;10148.5;0.0
yf_ZS=F_d12;36500;ASH_COATED_OSMIUM;9902;10;9898;21;;;9908;15;9910;28;;;9905.0;0.0
yf_ZS=F_d12;36500;INTARIAN_PEPPER_ROOT;10146;17;10142;28;;;10152;17;10156;14;;;10149.0;0.0
yf_ZS=F_d12;36600;ASH_COATED_OSMIUM;9903;17;9901;8;;;9909;25;9912;15;;;9906.0;0.0
yf_ZS=F_d12;36600;INTARIAN_PEPPER_ROOT;10145;20;10141;18;;;10153;17;10157;25;;;10149.0;0.0
yf_ZS=F_d12;36700;ASH_COATED_OSMIUM;9901;12;9897;25;;;9909;17;9913;15;;;9905.0;0.0
yf_ZS=F_d12;36700;INTARIAN_PEPPER_ROOT;10140;21;10136;14;;;10159;10;10162;13;;;10149.5;0.0
yf_ZS=F_d12;36800;ASH_COATED_OSMIUM;9902;12;9899;17;;;9908;14;9911;12;;;9905.0;0.0
yf_ZS=F_d12;36800;INTARIAN_PEPPER_ROOT;10147;12;10145;20;;;10153;18;10156;18;;;10150.0;0.0
yf_ZS=F_d12;36900;ASH_COATED_OSMIUM;9902;22;9898;22;;;9909;5;9911;21;;;9905.5;0.0
yf_ZS=F_d12;36900;INTARIAN_PEPPER_ROOT;10147;18;10145;15;;;10155;5;10158;12;;;10151.0;0.0
yf_ZS=F_d12;37000;ASH_COATED_OSMIUM;9898;17;9895;23;;;9914;9;9917;8;;;9906.0;0.0
yf_ZS=F_d12;37000;INTARIAN_PEPPER_ROOT;10148;14;10145;11;;;10154;15;10157;12;;;10151.0;0.0
yf_ZS=F_d12;37100;ASH_COATED_OSMIUM;9903;17;9899;13;;;9909;17;9912;23;;;9906.0;0.0
yf_ZS=F_d12;37100;INTARIAN_PEPPER_ROOT;10147;15;10144;18;;;10155;14;10158;20;;;10151.0;0.0
yf_ZS=F_d12;37200;ASH_COATED_OSMIUM;9902;15;9898;16;;;9909;13;9912;31;;;9905.5;0.0
yf_ZS=F_d12;37200;INTARIAN_PEPPER_ROOT;10149;5;10145;15;;;10155;16;10157;26;;;10152.0;0.0
yf_ZS=F_d12;37300;ASH_COATED_OSMIUM;9903;18;9899;14;;;9909;5;9912;16;;;9906.0;0.0
yf_ZS=F_d12;37300;INTARIAN_PEPPER_ROOT;10148;20;10145;29;;;10154;19;10157;25;;;10151.0;0.0
yf_ZS=F_d12;37400;ASH_COATED_OSMIUM;9896;11;9893;17;;;9914;14;9917;17;;;9905.0;0.0
yf_ZS=F_d12;37400;INTARIAN_PEPPER_ROOT;10146;14;10143;19;;;10159;13;10162;18;;;10152.5;0.0
yf_ZS=F_d12;37500;ASH_COATED_OSMIUM;9894;7;9891;21;;;9917;12;9919;24;;;9905.5;0.0
yf_ZS=F_d12;37500;INTARIAN_PEPPER_ROOT;10149;10;10147;27;;;10155;11;10157;18;;;10152.0;0.0
yf_ZS=F_d12;37600;ASH_COATED_OSMIUM;9902;7;9899;26;;;9908;19;9912;16;;;9905.0;0.0
yf_ZS=F_d12;37600;INTARIAN_PEPPER_ROOT;10148;10;10145;18;;;10158;12;10160;19;;;10153.0;0.0
yf_ZS=F_d12;37700;ASH_COATED_OSMIUM;9903;14;9899;22;;;9909;12;9913;26;;;9906.0;0.0
yf_ZS=F_d12;37700;INTARIAN_PEPPER_ROOT;10150;14;10146;22;;;10156;18;10159;19;;;10153.0;0.0
yf_ZS=F_d12;37800;ASH_COATED_OSMIUM;9900;6;9897;18;;;9911;12;9913;25;;;9905.5;0.0
yf_ZS=F_d12;37800;INTARIAN_PEPPER_ROOT;10151;21;10147;20;;;10157;11;10161;27;;;10154.0;0.0
yf_ZS=F_d12;37900;ASH_COATED_OSMIUM;9903;17;9901;19;;;9909;6;9911;22;;;9906.0;0.0
yf_ZS=F_d12;37900;INTARIAN_PEPPER_ROOT;10144;14;10141;26;;;10164;10;10168;20;;;10154.0;0.0
yf_ZS=F_d12;38000;ASH_COATED_OSMIUM;9897;13;9895;18;;;9915;15;9917;16;;;9906.0;0.0
yf_ZS=F_d12;38000;INTARIAN_PEPPER_ROOT;10152;25;10148;15;;;10158;11;10162;20;;;10155.0;0.0
yf_ZS=F_d12;38100;ASH_COATED_OSMIUM;9900;15;9897;27;;;9912;13;9914;20;;;9906.0;0.0
yf_ZS=F_d12;38100;INTARIAN_PEPPER_ROOT;10151;21;10148;18;;;10157;10;10160;16;;;10154.0;0.0
yf_ZS=F_d12;38200;ASH_COATED_OSMIUM;9899;15;9895;17;;;9915;10;9919;17;;;9907.0;0.0
yf_ZS=F_d12;38200;INTARIAN_PEPPER_ROOT;10148;18;10146;27;;;10161;9;10165;20;;;10154.5;0.0
yf_ZS=F_d12;38300;ASH_COATED_OSMIUM;9902;14;9900;24;;;9911;15;9913;33;;;9906.5;0.0
yf_ZS=F_d12;38300;INTARIAN_PEPPER_ROOT;10152;25;10150;12;;;10158;18;10161;14;;;10155.0;0.0
yf_ZS=F_d12;38400;ASH_COATED_OSMIUM;9903;20;9901;16;;;9909;7;9913;19;;;9906.0;0.0
yf_ZS=F_d12;38400;INTARIAN_PEPPER_ROOT;10153;16;10149;16;;;10159;15;10163;20;;;10156.0;0.0
yf_ZS=F_d12;38500;ASH_COATED_OSMIUM;9903;15;9901;19;;;9909;12;9911;14;;;9906.0;0.0
yf_ZS=F_d12;38500;INTARIAN_PEPPER_ROOT;10148;14;10145;13;;;10165;5;10167;19;;;10156.5;0.0
yf_ZS=F_d12;38600;ASH_COATED_OSMIUM;9903;12;9901;18;;;9909;15;9912;16;;;9906.0;0.0
yf_ZS=F_d12;38600;INTARIAN_PEPPER_ROOT;10154;19;10151;23;;;10160;13;10163;21;;;10157.0;0.0
yf_ZS=F_d12;38700;ASH_COATED_OSMIUM;9904;20;9902;23;;;9910;18;9913;12;;;9907.0;0.0
yf_ZS=F_d12;38700;INTARIAN_PEPPER_ROOT;10154;14;10152;22;;;10160;18;10164;25;;;10157.0;0.0
yf_ZS=F_d12;38800;ASH_COATED_OSMIUM;9899;13;9896;26;;;9913;11;9916;20;;;9906.0;0.0
yf_ZS=F_d12;38800;INTARIAN_PEPPER_ROOT;10154;7;10152;12;;;10160;15;10162;19;;;10157.0;0.0
yf_ZS=F_d12;38900;ASH_COATED_OSMIUM;9903;11;9901;22;;;9909;17;9911;26;;;9906.0;0.0
yf_ZS=F_d12;38900;INTARIAN_PEPPER_ROOT;10155;18;10153;14;;;10161;30;10164;20;;;10158.0;0.0
yf_ZS=F_d12;39000;ASH_COATED_OSMIUM;9903;13;9899;19;;;9909;15;9913;17;;;9906.0;0.0
yf_ZS=F_d12;39000;INTARIAN_PEPPER_ROOT;10148;9;10146;22;;;10170;9;10172;14;;;10159.0;0.0
yf_ZS=F_d12;39100;ASH_COATED_OSMIUM;9903;14;9901;20;;;9909;10;9911;21;;;9906.0;0.0
yf_ZS=F_d12;39100;INTARIAN_PEPPER_ROOT;10155;19;10152;18;;;10161;9;10165;20;;;10158.0;0.0
yf_ZS=F_d12;39200;ASH_COATED_OSMIUM;9902;16;9898;16;;;9911;19;9915;22;;;9906.5;0.0
yf_ZS=F_d12;39200;INTARIAN_PEPPER_ROOT;10156;11;10152;21;;;10162;11;10164;22;;;10159.0;0.0
yf_ZS=F_d12;39300;ASH_COATED_OSMIUM;9903;9;9901;13;;;9909;5;9913;20;;;9906.0;0.0
yf_ZS=F_d12;39300;INTARIAN_PEPPER_ROOT;10153;23;10151;20;;;10165;23;10169;17;;;10159.0;0.0
yf_ZS=F_d12;39400;ASH_COATED_OSMIUM;9903;15;9899;20;;;9911;15;9914;15;;;9907.0;0.0
yf_ZS=F_d12;39400;INTARIAN_PEPPER_ROOT;10152;9;10148;16;;;10168;17;10170;16;;;10160.0;0.0
yf_ZS=F_d12;39500;ASH_COATED_OSMIUM;9904;18;9900;17;;;9910;18;9913;24;;;9907.0;0.0
yf_ZS=F_d12;39500;INTARIAN_PEPPER_ROOT;10156;15;10154;19;;;10164;15;10167;17;;;10160.0;0.0
yf_ZS=F_d12;39600;ASH_COATED_OSMIUM;9903;14;9899;23;;;9909;7;9911;19;;;9906.0;0.0
yf_ZS=F_d12;39600;INTARIAN_PEPPER_ROOT;10157;5;10154;19;;;10163;18;10166;16;;;10160.0;0.0
yf_ZS=F_d12;39700;ASH_COATED_OSMIUM;9903;23;9900;12;;;9909;15;9912;18;;;9906.0;0.0
yf_ZS=F_d12;39700;INTARIAN_PEPPER_ROOT;10158;9;10156;21;;;10165;12;10168;20;;;10161.5;0.0
yf_ZS=F_d12;39800;ASH_COATED_OSMIUM;9903;28;9900;21;;;9909;14;9912;26;;;9906.0;0.0
yf_ZS=F_d12;39800;INTARIAN_PEPPER_ROOT;10158;16;10154;16;;;10164;23;10166;28;;;10161.0;0.0
yf_ZS=F_d12;39900;ASH_COATED_OSMIUM;9904;9;9900;25;;;9910;9;9913;18;;;9907.0;0.0
yf_ZS=F_d12;39900;INTARIAN_PEPPER_ROOT;10158;23;10156;22;;;10165;12;10167;12;;;10161.5;0.0
yf_ZS=F_d12;40000;ASH_COATED_OSMIUM;9903;20;9899;23;;;9909;9;9911;26;;;9906.0;0.0
yf_ZS=F_d12;40000;INTARIAN_PEPPER_ROOT;10153;12;10150;22;;;10170;20;10173;14;;;10161.5;0.0
yf_ZS=F_d12;40100;ASH_COATED_OSMIUM;9904;8;9900;18;;;9910;5;9912;10;;;9907.0;0.0
yf_ZS=F_d12;40100;INTARIAN_PEPPER_ROOT;10159;8;10155;12;;;10165;12;10169;20;;;10162.0;0.0
yf_ZS=F_d12;40200;ASH_COATED_OSMIUM;9898;8;9894;17;;;9916;10;9919;24;;;9907.0;0.0
yf_ZS=F_d12;40200;INTARIAN_PEPPER_ROOT;10154;13;10150;19;;;10170;13;10173;20;;;10162.0;0.0
yf_ZS=F_d12;40300;ASH_COATED_OSMIUM;9904;17;9900;18;;;9910;8;9913;23;;;9907.0;0.0
yf_ZS=F_d12;40300;INTARIAN_PEPPER_ROOT;10160;8;10158;15;;;10166;18;10168;23;;;10163.0;0.0
yf_ZS=F_d12;40400;ASH_COATED_OSMIUM;9902;16;9900;22;;;9911;15;9913;25;;;9906.5;0.0
yf_ZS=F_d12;40400;INTARIAN_PEPPER_ROOT;10159;12;10155;17;;;10166;19;10168;12;;;10162.5;0.0
yf_ZS=F_d12;40500;ASH_COATED_OSMIUM;9904;7;9900;15;;;9910;18;9914;14;;;9907.0;0.0
yf_ZS=F_d12;40500;INTARIAN_PEPPER_ROOT;10160;18;10158;20;;;10168;23;10172;25;;;10164.0;0.0
yf_ZS=F_d12;40600;ASH_COATED_OSMIUM;9904;13;9902;16;;;9910;11;9912;30;;;9907.0;0.0
yf_ZS=F_d12;40600;INTARIAN_PEPPER_ROOT;10154;16;10151;19;;;10174;16;10177;21;;;10164.0;0.0
yf_ZS=F_d12;40700;ASH_COATED_OSMIUM;9904;19;9902;15;;;9910;20;9914;31;;;9907.0;0.0
yf_ZS=F_d12;40700;INTARIAN_PEPPER_ROOT;10162;21;10159;10;;;10168;22;10172;14;;;10165.0;0.0
yf_ZS=F_d12;40800;ASH_COATED_OSMIUM;9904;14;9900;20;;;9910;12;9913;22;;;9907.0;0.0
yf_ZS=F_d12;40800;INTARIAN_PEPPER_ROOT;10162;17;10160;26;;;10168;12;10170;16;;;10165.0;0.0
yf_ZS=F_d12;40900;ASH_COATED_OSMIUM;9904;13;9901;22;;;9910;10;9914;14;;;9907.0;0.0
yf_ZS=F_d12;40900;INTARIAN_PEPPER_ROOT;10162;14;10160;26;;;10168;16;10172;21;;;10165.0;0.0
yf_ZS=F_d12;41000;ASH_COATED_OSMIUM;9904;12;9901;15;;;9910;8;9914;20;;;9907.0;0.0
yf_ZS=F_d12;41000;INTARIAN_PEPPER_ROOT;10162;24;10158;22;;;10169;11;10172;21;;;10165.5;0.0
yf_ZS=F_d12;41100;ASH_COATED_OSMIUM;9901;14;9897;22;;;9914;5;9916;32;;;9907.5;0.0
yf_ZS=F_d12;41100;INTARIAN_PEPPER_ROOT;10146;15;10142;19;;;10184;14;10188;27;;;10165.0;0.0
yf_ZS=F_d12;41200;ASH_COATED_OSMIUM;9905;12;9902;14;;;9911;17;9915;18;;;9908.0;0.0
yf_ZS=F_d12;41200;INTARIAN_PEPPER_ROOT;10153;21;10149;16;;;10178;25;10181;17;;;10165.5;0.0
yf_ZS=F_d12;41300;ASH_COATED_OSMIUM;9900;15;9897;26;;;9914;21;9916;23;;;9907.0;0.0
yf_ZS=F_d12;41300;INTARIAN_PEPPER_ROOT;10164;20;10161;21;;;10170;14;10174;18;;;10167.0;0.0
yf_ZS=F_d12;41400;ASH_COATED_OSMIUM;9902;25;9898;13;;;9913;9;9915;28;;;9907.5;0.0
yf_ZS=F_d12;41400;INTARIAN_PEPPER_ROOT;10164;20;10162;14;;;10170;12;10174;22;;;10167.0;0.0
yf_ZS=F_d12;41500;ASH_COATED_OSMIUM;9904;18;9900;28;;;9911;10;9914;21;;;9907.5;0.0
yf_ZS=F_d12;41500;INTARIAN_PEPPER_ROOT;10164;20;10160;13;;;10171;9;10173;17;;;10167.5;0.0
yf_ZS=F_d12;41600;ASH_COATED_OSMIUM;9904;8;9900;18;;;9910;20;9912;25;;;9907.0;0.0
yf_ZS=F_d12;41600;INTARIAN_PEPPER_ROOT;10165;15;10162;20;;;10171;10;10175;18;;;10168.0;0.0
yf_ZS=F_d12;41700;ASH_COATED_OSMIUM;9903;17;9900;24;;;9911;18;9913;20;;;9907.0;0.0
yf_ZS=F_d12;41700;INTARIAN_PEPPER_ROOT;10166;14;10162;17;;;10172;18;10174;13;;;10169.0;0.0
yf_ZS=F_d12;41800;ASH_COATED_OSMIUM;9895;19;9892;14;;;9919;20;9922;24;;;9907.0;0.0
yf_ZS=F_d12;41800;INTARIAN_PEPPER_ROOT;10165;16;10161;21;;;10171;17;10175;14;;;10168.0;0.0
yf_ZS=F_d12;41900;ASH_COATED_OSMIUM;9902;16;9898;21;;;9912;13;9916;20;;;9907.0;0.0
yf_ZS=F_d12;41900;INTARIAN_PEPPER_ROOT;10166;12;10162;18;;;10172;13;10174;21;;;10169.0;0.0
yf_ZS=F_d12;42000;ASH_COATED_OSMIUM;9905;12;9901;20;;;9911;22;9913;26;;;9908.0;0.0
yf_ZS=F_d12;42000;INTARIAN_PEPPER_ROOT;10164;16;10162;21;;;10176;5;10179;19;;;10170.0;0.0
yf_ZS=F_d12;42100;ASH_COATED_OSMIUM;9904;20;9902;26;;;9910;15;9913;21;;;9907.0;0.0
yf_ZS=F_d12;42100;INTARIAN_PEPPER_ROOT;10166;8;10164;21;;;10172;25;10176;20;;;10169.0;0.0
yf_ZS=F_d12;42200;ASH_COATED_OSMIUM;9904;17;9902;18;;;9910;16;9912;18;;;9907.0;0.0
yf_ZS=F_d12;42200;INTARIAN_PEPPER_ROOT;10166;12;10163;15;;;10174;18;10178;23;;;10170.0;0.0
yf_ZS=F_d12;42300;ASH_COATED_OSMIUM;9904;20;9900;25;;;9910;13;9914;20;;;9907.0;0.0
yf_ZS=F_d12;42300;INTARIAN_PEPPER_ROOT;10167;21;10164;21;;;10173;15;10175;17;;;10170.0;0.0
yf_ZS=F_d12;42400;ASH_COATED_OSMIUM;9904;10;9900;22;;;9910;15;9913;17;;;9907.0;0.0
yf_ZS=F_d12;42400;INTARIAN_PEPPER_ROOT;10167;10;10164;13;;;10174;8;10178;19;;;10170.5;0.0
yf_ZS=F_d12;42500;ASH_COATED_OSMIUM;9905;14;9901;18;;;9911;13;9913;16;;;9908.0;0.0
yf_ZS=F_d12;42500;INTARIAN_PEPPER_ROOT;10168;20;10165;14;;;10174;11;10178;17;;;10171.0;0.0
yf_ZS=F_d12;42600;ASH_COATED_OSMIUM;9904;9;9902;27;;;9911;12;9913;15;;;9907.5;0.0
yf_ZS=F_d12;42600;INTARIAN_PEPPER_ROOT;10168;18;10165;18;;;10174;19;10176;22;;;10171.0;0.0
yf_ZS=F_d12;42700;ASH_COATED_OSMIUM;9898;17;9896;17;;;9917;16;9919;15;;;9907.5;0.0
yf_ZS=F_d12;42700;INTARIAN_PEPPER_ROOT;10168;18;10165;13;;;10174;24;10178;13;;;10171.0;0.0
yf_ZS=F_d12;42800;ASH_COATED_OSMIUM;9904;15;9900;15;;;9910;11;9914;14;;;9907.0;0.0
yf_ZS=F_d12;42800;INTARIAN_PEPPER_ROOT;10169;18;10167;24;;;10175;11;10179;21;;;10172.0;0.0
yf_ZS=F_d12;42900;ASH_COATED_OSMIUM;9905;12;9901;23;;;9911;9;9913;19;;;9908.0;0.0
yf_ZS=F_d12;42900;INTARIAN_PEPPER_ROOT;10169;17;10165;15;;;10175;22;10178;23;;;10172.0;0.0
yf_ZS=F_d12;43000;ASH_COATED_OSMIUM;9905;26;9903;31;;;9911;20;9915;29;;;9908.0;0.0
yf_ZS=F_d12;43000;INTARIAN_PEPPER_ROOT;10164;10;10161;22;;;10181;19;10183;27;;;10172.5;0.0
yf_ZS=F_d12;43100;ASH_COATED_OSMIUM;9905;16;9902;17;;;9911;19;9914;22;;;9908.0;0.0
yf_ZS=F_d12;43100;INTARIAN_PEPPER_ROOT;10170;16;10168;21;;;10176;14;10180;14;;;10173.0;0.0
yf_ZS=F_d12;43200;ASH_COATED_OSMIUM;9905;19;9902;20;;;9911;12;9914;13;;;9908.0;0.0
yf_ZS=F_d12;43200;INTARIAN_PEPPER_ROOT;10171;10;10168;20;;;10177;15;10179;21;;;10174.0;0.0
yf_ZS=F_d12;43300;ASH_COATED_OSMIUM;9905;8;9903;15;;;9911;9;9914;17;;;9908.0;0.0
yf_ZS=F_d12;43300;INTARIAN_PEPPER_ROOT;10170;11;10167;23;;;10178;16;10180;13;;;10174.0;0.0
yf_ZS=F_d12;43400;ASH_COATED_OSMIUM;9905;11;9903;28;;;9911;11;9913;27;;;9908.0;0.0
yf_ZS=F_d12;43400;INTARIAN_PEPPER_ROOT;10172;9;10170;15;;;10178;22;10182;18;;;10175.0;0.0
yf_ZS=F_d12;43500;ASH_COATED_OSMIUM;9901;16;9899;19;;;9914;9;9917;17;;;9907.5;0.0
yf_ZS=F_d12;43500;INTARIAN_PEPPER_ROOT;10169;17;10167;17;;;10182;8;10184;18;;;10175.5;0.0
yf_ZS=F_d12;43600;ASH_COATED_OSMIUM;9905;11;9901;19;;;9911;12;9913;21;;;9908.0;0.0
yf_ZS=F_d12;43600;INTARIAN_PEPPER_ROOT;10167;10;10165;26;;;10184;18;10186;14;;;10175.5;0.0
yf_ZS=F_d12;43700;ASH_COATED_OSMIUM;9902;18;9899;14;;;9913;13;9915;20;;;9907.5;0.0
yf_ZS=F_d12;43700;INTARIAN_PEPPER_ROOT;10172;16;10168;18;;;10178;17;10181;11;;;10175.0;0.0
yf_ZS=F_d12;43800;ASH_COATED_OSMIUM;9905;7;9901;17;;;9911;23;9915;22;;;9908.0;0.0
yf_ZS=F_d12;43800;INTARIAN_PEPPER_ROOT;10168;8;10164;17;;;10184;12;10188;15;;;10176.0;0.0
yf_ZS=F_d12;43900;ASH_COATED_OSMIUM;9905;9;9903;12;;;9911;16;9914;17;;;9908.0;0.0
yf_ZS=F_d12;43900;INTARIAN_PEPPER_ROOT;10173;10;10169;20;;;10179;5;10181;23;;;10176.0;0.0
yf_ZS=F_d12;44000;ASH_COATED_OSMIUM;9905;17;9901;19;;;9911;7;9913;21;;;9908.0;0.0
yf_ZS=F_d12;44000;INTARIAN_PEPPER_ROOT;10173;19;10171;20;;;10179;21;10181;12;;;10176.0;0.0
yf_ZS=F_d12;44100;ASH_COATED_OSMIUM;9906;12;9904;25;;;9912;10;9916;21;;;9909.0;0.0
yf_ZS=F_d12;44100;INTARIAN_PEPPER_ROOT;10174;15;10172;22;;;10180;17;10182;15;;;10177.0;0.0
yf_ZS=F_d12;44200;ASH_COATED_OSMIUM;9904;10;9900;18;;;9912;16;9914;15;;;9908.0;0.0
yf_ZS=F_d12;44200;INTARIAN_PEPPER_ROOT;10173;18;10169;22;;;10181;27;10185;21;;;10177.0;0.0
yf_ZS=F_d12;44300;ASH_COATED_OSMIUM;9906;19;9904;23;;;9912;16;9914;13;;;9909.0;0.0
yf_ZS=F_d12;44300;INTARIAN_PEPPER_ROOT;10170;12;10166;8;;;10186;16;10188;16;;;10178.0;0.0
yf_ZS=F_d12;44400;ASH_COATED_OSMIUM;9905;12;9902;17;;;9911;12;9913;24;;;9908.0;0.0
yf_ZS=F_d12;44400;INTARIAN_PEPPER_ROOT;10175;19;10173;20;;;10181;12;10183;23;;;10178.0;0.0
yf_ZS=F_d12;44500;ASH_COATED_OSMIUM;9905;18;9902;17;;;9911;9;9913;19;;;9908.0;0.0
yf_ZS=F_d12;44500;INTARIAN_PEPPER_ROOT;10175;20;10173;21;;;10181;18;10184;22;;;10178.0;0.0
yf_ZS=F_d12;44600;ASH_COATED_OSMIUM;9905;6;9903;18;;;9911;16;9913;29;;;9908.0;0.0
yf_ZS=F_d12;44600;INTARIAN_PEPPER_ROOT;10176;9;10173;19;;;10182;21;10185;19;;;10179.0;0.0
yf_ZS=F_d12;44700;ASH_COATED_OSMIUM;9902;12;9899;16;;;9913;8;9915;20;;;9907.5;0.0
yf_ZS=F_d12;44700;INTARIAN_PEPPER_ROOT;10177;18;10174;14;;;10183;14;10185;23;;;10180.0;0.0
yf_ZS=F_d12;44800;ASH_COATED_OSMIUM;9905;26;9903;19;;;9911;16;9914;16;;;9908.0;0.0
yf_ZS=F_d12;44800;INTARIAN_PEPPER_ROOT;10175;12;10173;24;;;10184;8;10186;13;;;10179.5;0.0
yf_ZS=F_d12;44900;ASH_COATED_OSMIUM;9906;19;9902;24;;;9912;19;9915;22;;;9909.0;0.0
yf_ZS=F_d12;44900;INTARIAN_PEPPER_ROOT;10174;11;10172;17;;;10186;10;10189;24;;;10180.0;0.0
yf_ZS=F_d12;45000;ASH_COATED_OSMIUM;9905;7;9903;23;;;9911;16;9913;17;;;9908.0;0.0
yf_ZS=F_d12;45000;INTARIAN_PEPPER_ROOT;10177;12;10175;23;;;10183;15;10185;20;;;10180.0;0.0
yf_ZS=F_d12;45100;ASH_COATED_OSMIUM;9906;20;9903;29;;;9912;13;9915;13;;;9909.0;0.0
yf_ZS=F_d12;45100;INTARIAN_PEPPER_ROOT;10171;20;10168;18;;;10190;13;10192;18;;;10180.5;0.0
yf_ZS=F_d12;45200;ASH_COATED_OSMIUM;9893;10;9891;16;;;9925;7;9928;23;;;9909.0;0.0
yf_ZS=F_d12;45200;INTARIAN_PEPPER_ROOT;10179;20;10177;19;;;10185;19;10189;22;;;10182.0;0.0
yf_ZS=F_d12;45300;ASH_COATED_OSMIUM;9900;15;9898;20;;;9917;14;9919;11;;;9908.5;0.0
yf_ZS=F_d12;45300;INTARIAN_PEPPER_ROOT;10175;5;10171;24;;;10188;20;10191;21;;;10181.5;0.0
yf_ZS=F_d12;45400;ASH_COATED_OSMIUM;9897;19;9893;16;;;9921;8;9924;19;;;9909.0;0.0
yf_ZS=F_d12;45400;INTARIAN_PEPPER_ROOT;10179;9;10177;19;;;10185;14;10187;14;;;10182.0;0.0
yf_ZS=F_d12;45500;ASH_COATED_OSMIUM;9906;9;9903;21;;;9912;18;9915;20;;;9909.0;0.0
yf_ZS=F_d12;45500;INTARIAN_PEPPER_ROOT;10177;16;10173;23;;;10187;12;10189;26;;;10182.0;0.0
yf_ZS=F_d12;45600;ASH_COATED_OSMIUM;9904;10;9900;25;;;9915;13;9917;24;;;9909.5;0.0
yf_ZS=F_d12;45600;INTARIAN_PEPPER_ROOT;10179;10;10177;19;;;10186;14;10190;32;;;10182.5;0.0
yf_ZS=F_d12;45700;ASH_COATED_OSMIUM;9906;16;9904;11;;;9912;21;9915;15;;;9909.0;0.0
yf_ZS=F_d12;45700;INTARIAN_PEPPER_ROOT;10180;19;10177;16;;;10186;24;10189;19;;;10183.0;0.0
yf_ZS=F_d12;45800;ASH_COATED_OSMIUM;9906;11;9903;13;;;9912;11;9915;15;;;9909.0;0.0
yf_ZS=F_d12;45800;INTARIAN_PEPPER_ROOT;10180;12;10176;19;;;10186;17;10189;19;;;10183.0;0.0
yf_ZS=F_d12;45900;ASH_COATED_OSMIUM;9905;11;9902;27;;;9912;8;9914;24;;;9908.5;0.0
yf_ZS=F_d12;45900;INTARIAN_PEPPER_ROOT;10180;19;10178;16;;;10186;10;10190;16;;;10183.0;0.0
yf_ZS=F_d12;46000;ASH_COATED_OSMIUM;9906;14;9902;29;;;9912;19;9914;24;;;9909.0;0.0
yf_ZS=F_d12;46000;INTARIAN_PEPPER_ROOT;10181;20;10177;26;;;10187;13;10190;12;;;10184.0;0.0
yf_ZS=F_d12;46100;ASH_COATED_OSMIUM;9902;19;9899;19;;;9915;10;9919;27;;;9908.5;0.0
yf_ZS=F_d12;46100;INTARIAN_PEPPER_ROOT;10182;21;10180;20;;;10188;20;10190;21;;;10185.0;0.0
yf_ZS=F_d12;46200;ASH_COATED_OSMIUM;9906;9;9903;28;;;9912;16;9915;11;;;9909.0;0.0
yf_ZS=F_d12;46200;INTARIAN_PEPPER_ROOT;10182;21;10180;13;;;10188;11;10190;19;;;10185.0;0.0
yf_ZS=F_d12;46300;ASH_COATED_OSMIUM;9906;16;9903;15;;;9912;14;9914;23;;;9909.0;0.0
yf_ZS=F_d12;46300;INTARIAN_PEPPER_ROOT;10182;7;10180;19;;;10188;14;10191;22;;;10185.0;0.0
yf_ZS=F_d12;46400;ASH_COATED_OSMIUM;9906;18;9903;15;;;9912;8;9915;23;;;9909.0;0.0
yf_ZS=F_d12;46400;INTARIAN_PEPPER_ROOT;10182;15;10178;26;;;10188;16;10191;18;;;10185.0;0.0
yf_ZS=F_d12;46500;ASH_COATED_OSMIUM;9906;17;9904;20;;;9912;7;9916;18;;;9909.0;0.0
yf_ZS=F_d12;46500;INTARIAN_PEPPER_ROOT;10183;17;10181;13;;;10189;10;10192;21;;;10186.0;0.0
yf_ZS=F_d12;46600;ASH_COATED_OSMIUM;9906;19;9904;13;;;9912;23;9916;28;;;9909.0;0.0
yf_ZS=F_d12;46600;INTARIAN_PEPPER_ROOT;10183;13;10180;25;;;10189;13;10192;20;;;10186.0;0.0
yf_ZS=F_d12;46700;ASH_COATED_OSMIUM;9904;16;9900;9;;;9916;5;9920;18;;;9910.0;0.0
yf_ZS=F_d12;46700;INTARIAN_PEPPER_ROOT;10183;12;10179;13;;;10189;11;10193;18;;;10186.0;0.0
yf_ZS=F_d12;46800;ASH_COATED_OSMIUM;9902;21;9898;23;;;9917;18;9920;30;;;9909.5;0.0
yf_ZS=F_d12;46800;INTARIAN_PEPPER_ROOT;10184;19;10180;28;;;10190;12;10194;23;;;10187.0;0.0
yf_ZS=F_d12;46900;ASH_COATED_OSMIUM;9907;20;9903;14;;;9913;14;9915;23;;;9910.0;0.0
yf_ZS=F_d12;46900;INTARIAN_PEPPER_ROOT;10181;18;10179;25;;;10194;12;10196;30;;;10187.5;0.0
yf_ZS=F_d12;47000;ASH_COATED_OSMIUM;9906;8;9902;24;;;9912;17;9914;21;;;9909.0;0.0
yf_ZS=F_d12;47000;INTARIAN_PEPPER_ROOT;10185;20;10183;20;;;10191;22;10194;20;;;10188.0;0.0
yf_ZS=F_d12;47100;ASH_COATED_OSMIUM;9906;22;9902;31;;;9912;17;9916;16;;;9909.0;0.0
yf_ZS=F_d12;47100;INTARIAN_PEPPER_ROOT;10174;18;10172;12;;;10202;27;10206;18;;;10188.0;0.0
yf_ZS=F_d12;47200;ASH_COATED_OSMIUM;9906;10;9903;23;;;9912;13;9916;25;;;9909.0;0.0
yf_ZS=F_d12;47200;INTARIAN_PEPPER_ROOT;10185;19;10182;8;;;10192;11;10196;22;;;10188.5;0.0
yf_ZS=F_d12;47300;ASH_COATED_OSMIUM;9906;6;9902;20;;;9912;5;9914;26;;;9909.0;0.0
yf_ZS=F_d12;47300;INTARIAN_PEPPER_ROOT;10185;5;10181;16;;;10191;15;10194;23;;;10188.0;0.0
yf_ZS=F_d12;47400;ASH_COATED_OSMIUM;9907;7;9905;23;;;9913;23;9915;27;;;9910.0;0.0
yf_ZS=F_d12;47400;INTARIAN_PEPPER_ROOT;10186;18;10183;27;;;10192;14;10196;27;;;10189.0;0.0
yf_ZS=F_d12;47500;ASH_COATED_OSMIUM;9907;24;9904;24;;;9913;15;9916;18;;;9910.0;0.0
yf_ZS=F_d12;47500;INTARIAN_PEPPER_ROOT;10185;5;10181;24;;;10194;15;10197;20;;;10189.5;0.0
yf_ZS=F_d12;47600;ASH_COATED_OSMIUM;9904;11;9900;14;;;9915;26;9917;16;;;9909.5;0.0
yf_ZS=F_d12;47600;INTARIAN_PEPPER_ROOT;10186;17;10183;24;;;10193;11;10195;20;;;10189.5;0.0
yf_ZS=F_d12;47700;ASH_COATED_OSMIUM;9907;18;9904;15;;;9913;8;9917;27;;;9910.0;0.0
yf_ZS=F_d12;47700;INTARIAN_PEPPER_ROOT;10185;12;10181;24;;;10194;17;10197;9;;;10189.5;0.0
yf_ZS=F_d12;47800;ASH_COATED_OSMIUM;9906;7;9902;15;;;9914;8;9916;27;;;9910.0;0.0
yf_ZS=F_d12;47800;INTARIAN_PEPPER_ROOT;10187;9;10183;20;;;10194;12;10196;23;;;10190.5;0.0
yf_ZS=F_d12;47900;ASH_COATED_OSMIUM;9905;15;9901;13;;;9916;6;9919;27;;;9910.5;0.0
yf_ZS=F_d12;47900;INTARIAN_PEPPER_ROOT;10187;15;10185;19;;;10196;23;10198;14;;;10191.5;0.0
yf_ZS=F_d12;48000;ASH_COATED_OSMIUM;9907;5;9904;23;;;9913;12;9915;19;;;9910.0;0.0
yf_ZS=F_d12;48000;INTARIAN_PEPPER_ROOT;10183;17;10179;28;;;10199;15;10201;14;;;10191.0;0.0
yf_ZS=F_d12;48100;ASH_COATED_OSMIUM;9901;14;9899;15;;;9918;18;9922;21;;;9909.5;0.0
yf_ZS=F_d12;48100;INTARIAN_PEPPER_ROOT;10188;12;10186;22;;;10194;14;10198;21;;;10191.0;0.0
yf_ZS=F_d12;48200;ASH_COATED_OSMIUM;9906;12;9904;12;;;9914;15;9918;19;;;9910.0;0.0
yf_ZS=F_d12;48200;INTARIAN_PEPPER_ROOT;10188;15;10184;20;;;10194;16;10198;16;;;10191.0;0.0
yf_ZS=F_d12;48300;ASH_COATED_OSMIUM;9907;17;9903;17;;;9913;6;9915;20;;;9910.0;0.0
yf_ZS=F_d12;48300;INTARIAN_PEPPER_ROOT;10188;19;10185;16;;;10198;19;10202;24;;;10193.0;0.0
yf_ZS=F_d12;48400;ASH_COATED_OSMIUM;9907;11;9903;18;;;9913;17;9917;11;;;9910.0;0.0
yf_ZS=F_d12;48400;INTARIAN_PEPPER_ROOT;10185;21;10182;25;;;10200;11;10203;18;;;10192.5;0.0
yf_ZS=F_d12;48500;ASH_COATED_OSMIUM;9907;18;9903;19;;;9913;11;9916;12;;;9910.0;0.0
yf_ZS=F_d12;48500;INTARIAN_PEPPER_ROOT;10190;8;10188;20;;;10196;19;10200;15;;;10193.0;0.0
yf_ZS=F_d12;48600;ASH_COATED_OSMIUM;9902;15;9900;24;;;9917;6;9919;19;;;9909.5;0.0
yf_ZS=F_d12;48600;INTARIAN_PEPPER_ROOT;10181;24;10179;24;;;10206;17;10208;29;;;10193.5;0.0
yf_ZS=F_d12;48700;ASH_COATED_OSMIUM;9895;14;9891;20;;;9925;22;9927;9;;;9910.0;0.0
yf_ZS=F_d12;48700;INTARIAN_PEPPER_ROOT;10191;23;10188;18;;;10197;7;10199;14;;;10194.0;0.0
yf_ZS=F_d12;48800;ASH_COATED_OSMIUM;9907;12;9903;19;;;9913;9;9917;15;;;9910.0;0.0
yf_ZS=F_d12;48800;INTARIAN_PEPPER_ROOT;10191;21;10189;23;;;10197;19;10200;23;;;10194.0;0.0
yf_ZS=F_d12;48900;ASH_COATED_OSMIUM;9894;14;9890;19;;;9927;18;9929;26;;;9910.5;0.0
yf_ZS=F_d12;48900;INTARIAN_PEPPER_ROOT;10192;25;10190;25;;;10198;9;10201;27;;;10195.0;0.0
yf_ZS=F_d12;49000;ASH_COATED_OSMIUM;9907;15;9903;10;;;9913;10;9916;24;;;9910.0;0.0
yf_ZS=F_d12;49000;INTARIAN_PEPPER_ROOT;10180;16;10178;19;;;10211;13;10215;20;;;10195.5;0.0
yf_ZS=F_d12;49100;ASH_COATED_OSMIUM;9907;29;9903;17;;;9913;22;9917;25;;;9910.0;0.0
yf_ZS=F_d12;49100;INTARIAN_PEPPER_ROOT;10193;22;10191;12;;;10199;10;10202;26;;;10196.0;0.0
yf_ZS=F_d12;49200;ASH_COATED_OSMIUM;9900;18;9898;22;;;9920;18;9922;8;;;9910.0;0.0
yf_ZS=F_d12;49200;INTARIAN_PEPPER_ROOT;10193;5;10190;25;;;10199;13;10203;13;;;10196.0;0.0
yf_ZS=F_d12;49300;ASH_COATED_OSMIUM;9907;27;9905;14;;;9915;7;9919;19;;;9911.0;0.0
yf_ZS=F_d12;49300;INTARIAN_PEPPER_ROOT;10193;27;10189;21;;;10199;8;10201;12;;;10196.0;0.0
yf_ZS=F_d12;49400;ASH_COATED_OSMIUM;9907;13;9905;25;;;9913;16;9915;23;;;9910.0;0.0
yf_ZS=F_d12;49400;INTARIAN_PEPPER_ROOT;10178;16;10174;23;;;10215;17;10219;21;;;10196.5;0.0
yf_ZS=F_d12;49500;ASH_COATED_OSMIUM;9908;15;9906;21;;;9914;9;9916;29;;;9911.0;0.0
yf_ZS=F_d12;49500;INTARIAN_PEPPER_ROOT;10194;9;10191;26;;;10200;16;10204;16;;;10197.0;0.0
yf_ZS=F_d12;49600;ASH_COATED_OSMIUM;9896;7;9892;17;;;9925;11;9928;15;;;9910.5;0.0
yf_ZS=F_d12;49600;INTARIAN_PEPPER_ROOT;10189;15;10185;10;;;10206;24;10210;20;;;10197.5;0.0
yf_ZS=F_d12;49700;ASH_COATED_OSMIUM;9907;18;9903;20;;;9913;19;9915;20;;;9910.0;0.0
yf_ZS=F_d12;49700;INTARIAN_PEPPER_ROOT;10191;8;10189;21;;;10204;16;10208;29;;;10197.5;0.0
yf_ZS=F_d12;49800;ASH_COATED_OSMIUM;9907;17;9905;17;;;9913;14;9917;19;;;9910.0;0.0
yf_ZS=F_d12;49800;INTARIAN_PEPPER_ROOT;10196;16;10192;18;;;10202;7;10204;16;;;10199.0;0.0
yf_ZS=F_d12;49900;ASH_COATED_OSMIUM;9908;7;9905;13;;;9914;21;9918;20;;;9911.0;0.0
yf_ZS=F_d12;49900;INTARIAN_PEPPER_ROOT;10196;9;10193;23;;;10202;9;10205;25;;;10199.0;0.0
yf_ZS=F_d12;50000;ASH_COATED_OSMIUM;9908;14;9905;14;;;9914;13;9918;16;;;9911.0;0.0
yf_ZS=F_d12;50000;INTARIAN_PEPPER_ROOT;10196;13;10192;19;;;10202;17;10205;27;;;10199.0;0.0
yf_ZS=F_d12;50100;ASH_COATED_OSMIUM;9907;12;9903;25;;;9913;19;9915;12;;;9910.0;0.0
yf_ZS=F_d12;50100;INTARIAN_PEPPER_ROOT;10196;12;10194;19;;;10202;13;10206;17;;;10199.0;0.0
yf_ZS=F_d12;50200;ASH_COATED_OSMIUM;9906;11;9902;13;;;9915;15;9919;26;;;9910.5;0.0
yf_ZS=F_d12;50200;INTARIAN_PEPPER_ROOT;10196;7;10193;19;;;10202;5;10204;17;;;10199.0;0.0
yf_ZS=F_d12;50300;ASH_COATED_OSMIUM;9908;5;9905;23;;;9914;17;9918;18;;;9911.0;0.0
yf_ZS=F_d12;50300;INTARIAN_PEPPER_ROOT;10194;11;10191;25;;;10205;18;10207;20;;;10199.5;0.0
yf_ZS=F_d12;50400;ASH_COATED_OSMIUM;9907;16;9904;18;;;9913;16;9917;26;;;9910.0;0.0
yf_ZS=F_d12;50400;INTARIAN_PEPPER_ROOT;10197;20;10193;25;;;10203;7;10207;22;;;10200.0;0.0
yf_ZS=F_d12;50500;ASH_COATED_OSMIUM;9899;10;9895;15;;;9923;12;9925;20;;;9911.0;0.0
yf_ZS=F_d12;50500;INTARIAN_PEPPER_ROOT;10197;16;10195;24;;;10204;16;10208;23;;;10200.5;0.0
yf_ZS=F_d12;50600;ASH_COATED_OSMIUM;9906;18;9903;24;;;9916;15;9918;23;;;9911.0;0.0
yf_ZS=F_d12;50600;INTARIAN_PEPPER_ROOT;10196;14;10193;19;;;10205;10;10207;15;;;10200.5;0.0
yf_ZS=F_d12;50700;ASH_COATED_OSMIUM;9908;14;9905;12;;;9914;12;9918;19;;;9911.0;0.0
yf_ZS=F_d12;50700;INTARIAN_PEPPER_ROOT;10198;18;10195;17;;;10204;12;10208;16;;;10201.0;0.0
yf_ZS=F_d12;50800;ASH_COATED_OSMIUM;9906;6;9904;17;;;9916;12;9919;15;;;9911.0;0.0
yf_ZS=F_d12;50800;INTARIAN_PEPPER_ROOT;10199;21;10197;14;;;10205;17;10209;14;;;10202.0;0.0
yf_ZS=F_d12;50900;ASH_COATED_OSMIUM;9908;18;9904;16;;;9914;19;9918;17;;;9911.0;0.0
yf_ZS=F_d12;50900;INTARIAN_PEPPER_ROOT;10199;21;10196;23;;;10205;19;10208;26;;;10202.0;0.0
yf_ZS=F_d12;51000;ASH_COATED_OSMIUM;9906;13;9904;21;;;9916;17;9919;21;;;9911.0;0.0
yf_ZS=F_d12;51000;INTARIAN_PEPPER_ROOT;10199;17;10196;20;;;10205;22;10209;14;;;10202.0;0.0
yf_ZS=F_d12;51100;ASH_COATED_OSMIUM;9909;8;9906;24;;;9915;19;9917;14;;;9912.0;0.0
yf_ZS=F_d12;51100;INTARIAN_PEPPER_ROOT;10199;16;10195;17;;;10205;14;10208;23;;;10202.0;0.0
yf_ZS=F_d12;51200;ASH_COATED_OSMIUM;9908;8;9906;19;;;9914;12;9916;21;;;9911.0;0.0
yf_ZS=F_d12;51200;INTARIAN_PEPPER_ROOT;10187;11;10183;20;;;10218;15;10221;17;;;10202.5;0.0
yf_ZS=F_d12;51300;ASH_COATED_OSMIUM;9909;22;9906;16;;;9915;11;9917;19;;;9912.0;0.0
yf_ZS=F_d12;51300;INTARIAN_PEPPER_ROOT;10200;13;10197;19;;;10206;11;10209;27;;;10203.0;0.0
yf_ZS=F_d12;51400;ASH_COATED_OSMIUM;9904;17;9901;21;;;9920;8;9923;10;;;9912.0;0.0
yf_ZS=F_d12;51400;INTARIAN_PEPPER_ROOT;10191;15;10188;21;;;10214;22;10217;17;;;10202.5;0.0
yf_ZS=F_d12;51500;ASH_COATED_OSMIUM;9909;18;9906;23;;;9916;10;9919;18;;;9912.5;0.0
yf_ZS=F_d12;51500;INTARIAN_PEPPER_ROOT;10180;11;10177;19;;;10225;11;10228;16;;;10202.5;0.0
yf_ZS=F_d12;51600;ASH_COATED_OSMIUM;9908;15;9906;21;;;9914;12;9918;21;;;9911.0;0.0
yf_ZS=F_d12;51600;INTARIAN_PEPPER_ROOT;10192;18;10188;14;;;10213;18;10216;17;;;10202.5;0.0
yf_ZS=F_d12;51700;ASH_COATED_OSMIUM;9904;11;9902;18;;;9918;30;9921;25;;;9911.0;0.0
yf_ZS=F_d12;51700;INTARIAN_PEPPER_ROOT;10200;12;10197;17;;;10206;17;10209;17;;;10203.0;0.0
yf_ZS=F_d12;51800;ASH_COATED_OSMIUM;9909;17;9906;24;;;9915;13;9917;14;;;9912.0;0.0
yf_ZS=F_d12;51800;INTARIAN_PEPPER_ROOT;10199;6;10197;12;;;10208;22;10211;21;;;10203.5;0.0
yf_ZS=F_d12;51900;ASH_COATED_OSMIUM;9909;13;9907;22;;;9915;12;9919;18;;;9912.0;0.0
yf_ZS=F_d12;51900;INTARIAN_PEPPER_ROOT;10201;11;10197;24;;;10207;18;10210;18;;;10204.0;0.0
yf_ZS=F_d12;52000;ASH_COATED_OSMIUM;9903;13;9901;24;;;9921;13;9923;26;;;9912.0;0.0
yf_ZS=F_d12;52000;INTARIAN_PEPPER_ROOT;10201;15;10197;16;;;10207;16;10209;18;;;10204.0;0.0
yf_ZS=F_d12;52100;ASH_COATED_OSMIUM;9910;12;9907;18;;;9916;9;9920;29;;;9913.0;0.0
yf_ZS=F_d12;52100;INTARIAN_PEPPER_ROOT;10201;8;10198;25;;;10207;10;10210;8;;;10204.0;0.0
yf_ZS=F_d12;52200;ASH_COATED_OSMIUM;9907;12;9903;16;;;9917;14;9920;22;;;9912.0;0.0
yf_ZS=F_d12;52200;INTARIAN_PEPPER_ROOT;10201;11;10197;24;;;10207;9;10209;20;;;10204.0;0.0
yf_ZS=F_d12;52300;ASH_COATED_OSMIUM;9909;10;9906;23;;;9916;19;9920;25;;;9912.5;0.0
yf_ZS=F_d12;52300;INTARIAN_PEPPER_ROOT;10189;17;10186;17;;;10219;11;10222;10;;;10204.0;0.0
yf_ZS=F_d12;52400;ASH_COATED_OSMIUM;9910;15;9906;22;;;9916;13;9919;16;;;9913.0;0.0
yf_ZS=F_d12;52400;INTARIAN_PEPPER_ROOT;10201;15;10197;17;;;10207;16;10211;18;;;10204.0;0.0
yf_ZS=F_d12;52500;ASH_COATED_OSMIUM;9903;11;9900;16;;;9922;21;9925;15;;;9912.5;0.0
yf_ZS=F_d12;52500;INTARIAN_PEPPER_ROOT;10200;5;10197;11;;;10209;7;10211;18;;;10204.5;0.0
yf_ZS=F_d12;52600;ASH_COATED_OSMIUM;9910;11;9907;25;;;9916;11;9919;21;;;9913.0;0.0
yf_ZS=F_d12;52600;INTARIAN_PEPPER_ROOT;10201;20;10198;22;;;10209;16;10212;35;;;10205.0;0.0
yf_ZS=F_d12;52700;ASH_COATED_OSMIUM;9909;15;9905;16;;;9917;12;9920;21;;;9913.0;0.0
yf_ZS=F_d12;52700;INTARIAN_PEPPER_ROOT;10202;13;10199;21;;;10208;12;10210;29;;;10205.0;0.0
yf_ZS=F_d12;52800;ASH_COATED_OSMIUM;9910;18;9906;20;;;9916;7;9919;16;;;9913.0;0.0
yf_ZS=F_d12;52800;INTARIAN_PEPPER_ROOT;10202;10;10198;11;;;10210;22;10212;19;;;10206.0;0.0
yf_ZS=F_d12;52900;ASH_COATED_OSMIUM;9910;12;9907;17;;;9916;15;9918;30;;;9913.0;0.0
yf_ZS=F_d12;52900;INTARIAN_PEPPER_ROOT;10203;12;10199;22;;;10209;18;10211;11;;;10206.0;0.0
yf_ZS=F_d12;53000;ASH_COATED_OSMIUM;9910;18;9906;19;;;9916;6;9918;13;;;9913.0;0.0
yf_ZS=F_d12;53000;INTARIAN_PEPPER_ROOT;10201;15;10199;23;;;10210;11;10214;15;;;10205.5;0.0
yf_ZS=F_d12;53100;ASH_COATED_OSMIUM;9911;8;9909;26;;;9917;15;9921;24;;;9914.0;0.0
yf_ZS=F_d12;53100;INTARIAN_PEPPER_ROOT;10198;12;10195;16;;;10214;18;10218;15;;;10206.0;0.0
yf_ZS=F_d12;53200;ASH_COATED_OSMIUM;9907;22;9903;22;;;9921;6;9924;28;;;9914.0;0.0
yf_ZS=F_d12;53200;INTARIAN_PEPPER_ROOT;10202;21;10198;18;;;10211;12;10215;20;;;10206.5;0.0
yf_ZS=F_d12;53300;ASH_COATED_OSMIUM;9911;18;9908;25;;;9917;17;9921;19;;;9914.0;0.0
yf_ZS=F_d12;53300;INTARIAN_PEPPER_ROOT;10204;11;10202;21;;;10210;18;10214;13;;;10207.0;0.0
yf_ZS=F_d12;53400;ASH_COATED_OSMIUM;9910;18;9906;14;;;9917;11;9919;22;;;9913.5;0.0
yf_ZS=F_d12;53400;INTARIAN_PEPPER_ROOT;10201;18;10199;18;;;10212;11;10215;20;;;10206.5;0.0
yf_ZS=F_d12;53500;ASH_COATED_OSMIUM;9911;19;9908;19;;;9917;17;9921;14;;;9914.0;0.0
yf_ZS=F_d12;53500;INTARIAN_PEPPER_ROOT;10204;18;10202;18;;;10210;10;10214;21;;;10207.0;0.0
yf_ZS=F_d12;53600;ASH_COATED_OSMIUM;9911;20;9909;22;;;9917;15;9921;21;;;9914.0;0.0
yf_ZS=F_d12;53600;INTARIAN_PEPPER_ROOT;10202;18;10199;29;;;10212;5;10214;24;;;10207.0;0.0
yf_ZS=F_d12;53700;ASH_COATED_OSMIUM;9911;21;9909;19;;;9917;18;9921;22;;;9914.0;0.0
yf_ZS=F_d12;53700;INTARIAN_PEPPER_ROOT;10200;13;10197;9;;;10213;12;10217;19;;;10206.5;0.0
yf_ZS=F_d12;53800;ASH_COATED_OSMIUM;9911;19;9908;19;;;9917;21;9920;20;;;9914.0;0.0
yf_ZS=F_d12;53800;INTARIAN_PEPPER_ROOT;10187;11;10184;19;;;10228;23;10231;15;;;10207.5;0.0
yf_ZS=F_d12;53900;ASH_COATED_OSMIUM;9909;17;9907;33;;;9920;11;9924;14;;;9914.5;0.0
yf_ZS=F_d12;53900;INTARIAN_PEPPER_ROOT;10185;12;10182;27;;;10228;21;10231;26;;;10206.5;0.0
yf_ZS=F_d12;54000;ASH_COATED_OSMIUM;9911;15;9908;17;;;9917;10;9921;20;;;9914.0;0.0
yf_ZS=F_d12;54000;INTARIAN_PEPPER_ROOT;10204;19;10200;24;;;10210;16;10214;11;;;10207.0;0.0
yf_ZS=F_d12;54100;ASH_COATED_OSMIUM;9911;12;9907;20;;;9917;24;9921;12;;;9914.0;0.0
yf_ZS=F_d12;54100;INTARIAN_PEPPER_ROOT;10204;15;10202;11;;;10210;16;10213;25;;;10207.0;0.0
yf_ZS=F_d12;54200;ASH_COATED_OSMIUM;9906;12;9903;22;;;9924;25;9927;27;;;9915.0;0.0
yf_ZS=F_d12;54200;INTARIAN_PEPPER_ROOT;10205;10;10201;20;;;10211;9;10214;12;;;10208.0;0.0
yf_ZS=F_d12;54300;ASH_COATED_OSMIUM;9912;20;9909;19;;;9918;13;9920;8;;;9915.0;0.0
yf_ZS=F_d12;54300;INTARIAN_PEPPER_ROOT;10200;15;10198;26;;;10215;16;10218;8;;;10207.5;0.0
yf_ZS=F_d12;54400;ASH_COATED_OSMIUM;9910;22;9908;9;;;9921;17;9925;23;;;9915.5;0.0
yf_ZS=F_d12;54400;INTARIAN_PEPPER_ROOT;10204;8;10201;18;;;10212;14;10214;23;;;10208.0;0.0
yf_ZS=F_d12;54500;ASH_COATED_OSMIUM;9912;17;9909;18;;;9918;12;9922;17;;;9915.0;0.0
yf_ZS=F_d12;54500;INTARIAN_PEPPER_ROOT;10205;5;10203;22;;;10212;14;10215;23;;;10208.5;0.0
yf_ZS=F_d12;54600;ASH_COATED_OSMIUM;9911;16;9909;27;;;9919;11;9922;22;;;9915.0;0.0
yf_ZS=F_d12;54600;INTARIAN_PEPPER_ROOT;10206;19;10202;17;;;10212;11;10214;16;;;10209.0;0.0
yf_ZS=F_d12;54700;ASH_COATED_OSMIUM;9912;5;9909;18;;;9918;12;9920;22;;;9915.0;0.0
yf_ZS=F_d12;54700;INTARIAN_PEPPER_ROOT;10203;13;10201;22;;;10214;21;10216;17;;;10208.5;0.0
yf_ZS=F_d12;54800;ASH_COATED_OSMIUM;9913;14;9910;18;;;9919;13;9923;24;;;9916.0;0.0
yf_ZS=F_d12;54800;INTARIAN_PEPPER_ROOT;10206;14;10204;19;;;10212;10;10215;27;;;10209.0;0.0
yf_ZS=F_d12;54900;ASH_COATED_OSMIUM;9913;16;9910;21;;;9919;30;9922;23;;;9916.0;0.0
yf_ZS=F_d12;54900;INTARIAN_PEPPER_ROOT;10206;9;10204;16;;;10212;18;10215;20;;;10209.0;0.0
yf_ZS=F_d12;55000;ASH_COATED_OSMIUM;9913;20;9911;27;;;9919;11;9923;23;;;9916.0;0.0
yf_ZS=F_d12;55000;INTARIAN_PEPPER_ROOT;10206;12;10204;24;;;10212;11;10216;23;;;10209.0;0.0
yf_ZS=F_d12;55100;ASH_COATED_OSMIUM;9908;13;9906;11;;;9923;16;9926;24;;;9915.5;0.0
yf_ZS=F_d12;55100;INTARIAN_PEPPER_ROOT;10206;9;10202;18;;;10212;9;10215;16;;;10209.0;0.0
yf_ZS=F_d12;55200;ASH_COATED_OSMIUM;9912;11;9910;24;;;9918;15;9921;18;;;9915.0;0.0
yf_ZS=F_d12;55200;INTARIAN_PEPPER_ROOT;10207;8;10204;23;;;10213;14;10215;22;;;10210.0;0.0
yf_ZS=F_d12;55300;ASH_COATED_OSMIUM;9910;5;9907;17;;;9922;12;9924;21;;;9916.0;0.0
yf_ZS=F_d12;55300;INTARIAN_PEPPER_ROOT;10206;17;10204;24;;;10212;17;10216;22;;;10209.0;0.0
yf_ZS=F_d12;55400;ASH_COATED_OSMIUM;9913;11;9911;17;;;9919;11;9922;14;;;9916.0;0.0
yf_ZS=F_d12;55400;INTARIAN_PEPPER_ROOT;10206;12;10204;22;;;10214;20;10218;17;;;10210.0;0.0
yf_ZS=F_d12;55500;ASH_COATED_OSMIUM;9908;21;9906;18;;;9924;23;9927;17;;;9916.0;0.0
yf_ZS=F_d12;55500;INTARIAN_PEPPER_ROOT;10207;25;10204;23;;;10213;17;10216;21;;;10210.0;0.0
yf_ZS=F_d12;55600;ASH_COATED_OSMIUM;9912;6;9910;21;;;9920;13;9922;21;;;9916.0;0.0
yf_ZS=F_d12;55600;INTARIAN_PEPPER_ROOT;10207;14;10203;16;;;10213;22;10215;16;;;10210.0;0.0
yf_ZS=F_d12;55700;ASH_COATED_OSMIUM;9913;15;9909;14;;;9919;22;9921;16;;;9916.0;0.0
yf_ZS=F_d12;55700;INTARIAN_PEPPER_ROOT;10207;16;10205;20;;;10213;17;10215;17;;;10210.0;0.0
yf_ZS=F_d12;55800;ASH_COATED_OSMIUM;9906;23;9902;19;;;9926;14;9930;18;;;9916.0;0.0
yf_ZS=F_d12;55800;INTARIAN_PEPPER_ROOT;10205;13;10201;16;;;10216;14;10220;22;;;10210.5;0.0
yf_ZS=F_d12;55900;ASH_COATED_OSMIUM;9913;13;9909;30;;;9919;16;9923;22;;;9916.0;0.0
yf_ZS=F_d12;55900;INTARIAN_PEPPER_ROOT;10205;9;10202;21;;;10216;10;10218;23;;;10210.5;0.0
yf_ZS=F_d12;56000;ASH_COATED_OSMIUM;9914;8;9911;18;;;9921;16;9925;26;;;9917.5;0.0
yf_ZS=F_d12;56000;INTARIAN_PEPPER_ROOT;10208;9;10205;24;;;10214;19;10218;17;;;10211.0;0.0
yf_ZS=F_d12;56100;ASH_COATED_OSMIUM;9909;24;9906;29;;;9925;19;9927;18;;;9917.0;0.0
yf_ZS=F_d12;56100;INTARIAN_PEPPER_ROOT;10200;8;10196;18;;;10222;19;10224;17;;;10211.0;0.0
yf_ZS=F_d12;56200;ASH_COATED_OSMIUM;9913;5;9909;11;;;9919;11;9923;26;;;9916.0;0.0
yf_ZS=F_d12;56200;INTARIAN_PEPPER_ROOT;10208;15;10206;14;;;10215;15;10219;20;;;10211.5;0.0
yf_ZS=F_d12;56300;ASH_COATED_OSMIUM;9912;9;9909;25;;;9920;13;9922;21;;;9916.0;0.0
yf_ZS=F_d12;56300;INTARIAN_PEPPER_ROOT;10208;20;10205;19;;;10214;8;10217;19;;;10211.0;0.0
yf_ZS=F_d12;56400;ASH_COATED_OSMIUM;9915;12;9911;16;;;9921;18;9923;27;;;9918.0;0.0
yf_ZS=F_d12;56400;INTARIAN_PEPPER_ROOT;10198;22;10195;14;;;10224;5;10228;23;;;10211.0;0.0
yf_ZS=F_d12;56500;ASH_COATED_OSMIUM;9914;15;9912;16;;;9920;5;9922;19;;;9917.0;0.0
yf_ZS=F_d12;56500;INTARIAN_PEPPER_ROOT;10209;16;10207;21;;;10215;18;10219;28;;;10212.0;0.0
yf_ZS=F_d12;56600;ASH_COATED_OSMIUM;9914;16;9912;23;;;9921;11;9925;24;;;9917.5;0.0
yf_ZS=F_d12;56600;INTARIAN_PEPPER_ROOT;10209;10;10206;21;;;10215;10;10219;21;;;10212.0;0.0
yf_ZS=F_d12;56700;ASH_COATED_OSMIUM;9913;9;9909;22;;;9920;19;9922;28;;;9916.5;0.0
yf_ZS=F_d12;56700;INTARIAN_PEPPER_ROOT;10209;18;10207;19;;;10215;14;10219;29;;;10212.0;0.0
yf_ZS=F_d12;56800;ASH_COATED_OSMIUM;9913;10;9909;16;;;9922;17;9925;23;;;9917.5;0.0
yf_ZS=F_d12;56800;INTARIAN_PEPPER_ROOT;10208;17;10206;11;;;10217;16;10219;23;;;10212.5;0.0
yf_ZS=F_d12;56900;ASH_COATED_OSMIUM;9912;25;9909;14;;;9924;12;9927;8;;;9918.0;0.0
yf_ZS=F_d12;56900;INTARIAN_PEPPER_ROOT;10209;20;10205;20;;;10215;15;10218;10;;;10212.0;0.0
yf_ZS=F_d12;57000;ASH_COATED_OSMIUM;9915;6;9911;20;;;9921;17;9925;16;;;9918.0;0.0
yf_ZS=F_d12;57000;INTARIAN_PEPPER_ROOT;10209;24;10205;23;;;10215;16;10219;24;;;10212.0;0.0
yf_ZS=F_d12;57100;ASH_COATED_OSMIUM;9914;5;9910;16;;;9920;15;9922;20;;;9917.0;0.0
yf_ZS=F_d12;57100;INTARIAN_PEPPER_ROOT;10210;12;10207;21;;;10216;11;10218;21;;;10213.0;0.0
yf_ZS=F_d12;57200;ASH_COATED_OSMIUM;9914;21;9910;22;;;9921;12;9924;21;;;9917.5;0.0
yf_ZS=F_d12;57200;INTARIAN_PEPPER_ROOT;10209;12;10207;17;;;10215;13;10219;14;;;10212.0;0.0
yf_ZS=F_d12;57300;ASH_COATED_OSMIUM;9910;18;9906;19;;;9927;12;9929;28;;;9918.5;0.0
yf_ZS=F_d12;57300;INTARIAN_PEPPER_ROOT;10210;13;10206;25;;;10216;15;10219;14;;;10213.0;0.0
yf_ZS=F_d12;57400;ASH_COATED_OSMIUM;9915;12;9911;18;;;9921;7;9923;20;;;9918.0;0.0
yf_ZS=F_d12;57400;INTARIAN_PEPPER_ROOT;10200;16;10196;23;;;10225;20;10227;27;;;10212.5;0.0
yf_ZS=F_d12;57500;ASH_COATED_OSMIUM;9914;7;9911;17;;;9922;14;9926;13;;;9918.0;0.0
yf_ZS=F_d12;57500;INTARIAN_PEPPER_ROOT;10205;12;10203;17;;;10222;15;10224;25;;;10213.5;0.0
yf_ZS=F_d12;57600;ASH_COATED_OSMIUM;9916;12;9912;18;;;9922;19;9925;24;;;9919.0;0.0
yf_ZS=F_d12;57600;INTARIAN_PEPPER_ROOT;10210;15;10208;18;;;10218;7;10221;29;;;10214.0;0.0
