day;timestamp;product;bid_price_1;bid_volume_1;bid_price_2;bid_volume_2;bid_price_3;bid_volume_3;ask_price_1;ask_volume_1;ask_price_2;ask_volume_2;ask_price_3;ask_volume_3;mid_price;profit_and_loss
yf_ZC=F_d8;0;ASH_COATED_OSMIUM;9968;6;9966;22;;;9974;10;9976;21;;;9971.0;0.0
yf_ZC=F_d8;0;INTARIAN_PEPPER_ROOT;11751;19;11748;20;;;11773;14;11775;23;;;11762.0;0.0
yf_ZC=F_d8;100;ASH_COATED_OSMIUM;9968;20;9964;21;;;9974;6;9976;19;;;9971.0;0.0
yf_ZC=F_d8;100;INTARIAN_PEPPER_ROOT;11759;16;11757;21;;;11769;19;11772;20;;;11764.0;0.0
yf_ZC=F_d8;200;ASH_COATED_OSMIUM;9961;17;9959;18;;;9982;12;9986;21;;;9971.5;0.0
yf_ZC=F_d8;200;INTARIAN_PEPPER_ROOT;11755;23;11752;25;;;11774;16;11778;15;;;11764.5;0.0
yf_ZC=F_d8;300;ASH_COATED_OSMIUM;9961;27;9959;18;;;9981;20;9984;19;;;9971.0;0.0
yf_ZC=F_d8;300;INTARIAN_PEPPER_ROOT;11760;20;11758;19;;;11772;20;11776;17;;;11766.0;0.0
yf_ZC=F_d8;400;ASH_COATED_OSMIUM;9968;13;9966;17;;;9974;15;9978;14;;;9971.0;0.0
yf_ZC=F_d8;400;INTARIAN_PEPPER_ROOT;11764;14;11762;19;;;11770;16;11774;28;;;11767.0;0.0
yf_ZC=F_d8;500;ASH_COATED_OSMIUM;9968;22;9965;19;;;9974;17;9978;8;;;9971.0;0.0
yf_ZC=F_d8;500;INTARIAN_PEPPER_ROOT;11764;16;11761;14;;;11770;16;11773;23;;;11767.0;0.0
yf_ZC=F_d8;600;ASH_COATED_OSMIUM;9964;26;9960;26;;;9978;11;9982;26;;;9971.0;0.0
yf_ZC=F_d8;600;INTARIAN_PEPPER_ROOT;11755;15;11751;22;;;11782;9;11784;13;;;11768.5;0.0
yf_ZC=F_d8;700;ASH_COATED_OSMIUM;9967;20;9963;24;;;9976;26;9978;17;;;9971.5;0.0
yf_ZC=F_d8;700;INTARIAN_PEPPER_ROOT;11766;22;11764;25;;;11772;15;11774;23;;;11769.0;0.0
yf_ZC=F_d8;800;ASH_COATED_OSMIUM;9967;12;9965;10;;;9975;15;9978;19;;;9971.0;0.0
yf_ZC=F_d8;800;INTARIAN_PEPPER_ROOT;11768;16;11766;21;;;11774;6;11777;14;;;11771.0;0.0
yf_ZC=F_d8;900;ASH_COATED_OSMIUM;9966;15;9964;18;;;9975;12;9978;14;;;9970.5;0.0
yf_ZC=F_d8;900;INTARIAN_PEPPER_ROOT;11767;20;11763;17;;;11776;13;11779;16;;;11771.5;0.0
yf_ZC=F_d8;1000;ASH_COATED_OSMIUM;9963;13;9961;17;;;9980;17;9983;16;;;9971.5;0.0
yf_ZC=F_d8;1000;INTARIAN_PEPPER_ROOT;11769;15;11766;22;;;11775;17;11777;19;;;11772.0;0.0
yf_ZC=F_d8;1100;ASH_COATED_OSMIUM;9967;13;9963;23;;;9974;5;9978;18;;;9970.5;0.0
yf_ZC=F_d8;1100;INTARIAN_PEPPER_ROOT;11767;13;11763;10;;;11779;11;11781;19;;;11773.0;0.0
yf_ZC=F_d8;1200;ASH_COATED_OSMIUM;9966;20;9963;17;;;9976;11;9980;17;;;9971.0;0.0
yf_ZC=F_d8;1200;INTARIAN_PEPPER_ROOT;11772;13;11768;20;;;11778;13;11782;19;;;11775.0;0.0
yf_ZC=F_d8;1300;ASH_COATED_OSMIUM;9965;14;9961;27;;;9977;20;9979;13;;;9971.0;0.0
yf_ZC=F_d8;1300;INTARIAN_PEPPER_ROOT;11772;9;11770;23;;;11778;13;11780;17;;;11775.0;0.0
yf_ZC=F_d8;1400;ASH_COATED_OSMIUM;9968;9;9966;14;;;9974;19;9977;17;;;9971.0;0.0
yf_ZC=F_d8;1400;INTARIAN_PEPPER_ROOT;11768;14;11765;27;;;11784;5;11786;24;;;11776.0;0.0
yf_ZC=F_d8;1500;ASH_COATED_OSMIUM;9968;5;9965;16;;;9974;17;9978;26;;;9971.0;0.0
yf_ZC=F_d8;1500;INTARIAN_PEPPER_ROOT;11770;8;11767;23;;;11785;18;11789;14;;;11777.5;0.0
yf_ZC=F_d8;1600;ASH_COATED_OSMIUM;9967;23;9963;14;;;9975;5;9978;23;;;9971.0;0.0
yf_ZC=F_d8;1600;INTARIAN_PEPPER_ROOT;11776;12;11772;13;;;11782;16;11785;18;;;11779.0;0.0
yf_ZC=F_d8;1700;ASH_COATED_OSMIUM;9968;10;9966;22;;;9974;19;9977;19;;;9971.0;0.0
yf_ZC=F_d8;1700;INTARIAN_PEPPER_ROOT;11767;23;11765;19;;;11791;17;11793;21;;;11779.0;0.0
yf_ZC=F_d8;1800;ASH_COATED_OSMIUM;9962;9;9958;21;;;9979;20;9983;23;;;9970.5;0.0
yf_ZC=F_d8;1800;INTARIAN_PEPPER_ROOT;11774;8;11771;13;;;11787;20;11790;32;;;11780.5;0.0
yf_ZC=F_d8;1900;ASH_COATED_OSMIUM;9960;20;9958;22;;;9983;19;9986;17;;;9971.5;0.0
yf_ZC=F_d8;1900;INTARIAN_PEPPER_ROOT;11771;21;11768;17;;;11792;15;11795;16;;;11781.5;0.0
yf_ZC=F_d8;2000;ASH_COATED_OSMIUM;9967;5;9963;16;;;9973;16;9977;22;;;9970.0;0.0
yf_ZC=F_d8;2000;INTARIAN_PEPPER_ROOT;11778;18;11775;23;;;11787;10;11791;19;;;11782.5;0.0
yf_ZC=F_d8;2100;ASH_COATED_OSMIUM;9967;13;9964;21;;;9975;17;9977;20;;;9971.0;0.0
yf_ZC=F_d8;2100;INTARIAN_PEPPER_ROOT;11780;18;11778;20;;;11786;22;11788;21;;;11783.0;0.0
yf_ZC=F_d8;2200;ASH_COATED_OSMIUM;9967;16;9965;15;;;9973;16;9977;25;;;9970.0;0.0
yf_ZC=F_d8;2200;INTARIAN_PEPPER_ROOT;11780;12;11778;17;;;11789;14;11791;18;;;11784.5;0.0
yf_ZC=F_d8;2300;ASH_COATED_OSMIUM;9967;7;9964;15;;;9974;10;9978;25;;;9970.5;0.0
yf_ZC=F_d8;2300;INTARIAN_PEPPER_ROOT;11782;17;11778;19;;;11788;17;11790;16;;;11785.0;0.0
yf_ZC=F_d8;2400;ASH_COATED_OSMIUM;9968;7;9966;25;;;9974;17;9976;15;;;9971.0;0.0
yf_ZC=F_d8;2400;INTARIAN_PEPPER_ROOT;11783;15;11779;14;;;11789;19;11791;20;;;11786.0;0.0
yf_ZC=F_d8;2500;ASH_COATED_OSMIUM;9967;17;9964;20;;;9973;18;9975;16;;;9970.0;0.0
yf_ZC=F_d8;2500;INTARIAN_PEPPER_ROOT;11783;11;11779;22;;;11789;11;11793;12;;;11786.0;0.0
yf_ZC=F_d8;2600;ASH_COATED_OSMIUM;9962;14;9958;8;;;9979;5;9982;26;;;9970.5;0.0
yf_ZC=F_d8;2600;INTARIAN_PEPPER_ROOT;11786;16;11782;22;;;11792;12;11795;19;;;11789.0;0.0
yf_ZC=F_d8;2700;ASH_COATED_OSMIUM;9955;15;9951;18;;;9985;18;9987;20;;;9970.0;0.0
yf_ZC=F_d8;2700;INTARIAN_PEPPER_ROOT;11782;12;11780;17;;;11797;14;11799;23;;;11789.5;0.0
yf_ZC=F_d8;2800;ASH_COATED_OSMIUM;9968;15;9966;14;;;9974;15;9977;15;;;9971.0;0.0
yf_ZC=F_d8;2800;INTARIAN_PEPPER_ROOT;11779;20;11776;20;;;11800;14;11803;21;;;11789.5;0.0
yf_ZC=F_d8;2900;ASH_COATED_OSMIUM;9968;12;9966;27;;;9974;22;9976;18;;;9971.0;0.0
yf_ZC=F_d8;2900;INTARIAN_PEPPER_ROOT;11788;15;11786;18;;;11794;13;11797;17;;;11791.0;0.0
yf_ZC=F_d8;3000;ASH_COATED_OSMIUM;9968;14;9965;15;;;9974;13;9976;10;;;9971.0;0.0
yf_ZC=F_d8;3000;INTARIAN_PEPPER_ROOT;11789;18;11787;27;;;11795;15;11798;17;;;11792.0;0.0
yf_ZC=F_d8;3100;ASH_COATED_OSMIUM;9964;7;9960;20;;;9978;7;9980;20;;;9971.0;0.0
yf_ZC=F_d8;3100;INTARIAN_PEPPER_ROOT;11791;22;11789;16;;;11797;20;11801;24;;;11794.0;0.0
yf_ZC=F_d8;3200;ASH_COATED_OSMIUM;9965;9;9961;12;;;9978;10;9982;19;;;9971.5;0.0
yf_ZC=F_d8;3200;INTARIAN_PEPPER_ROOT;11787;12;11784;8;;;11802;9;11804;23;;;11794.5;0.0
yf_ZC=F_d8;3300;ASH_COATED_OSMIUM;9967;12;9963;18;;;9973;20;9977;8;;;9970.0;0.0
yf_ZC=F_d8;3300;INTARIAN_PEPPER_ROOT;11792;13;11788;15;;;11798;10;11802;21;;;11795.0;0.0
yf_ZC=F_d8;3400;ASH_COATED_OSMIUM;9953;16;9951;28;;;9989;19;9993;10;;;9971.0;0.0
yf_ZC=F_d8;3400;INTARIAN_PEPPER_ROOT;11788;18;11786;13;;;11804;11;11808;22;;;11796.0;0.0
yf_ZC=F_d8;3500;ASH_COATED_OSMIUM;9968;6;9965;12;;;9974;20;9978;9;;;9971.0;0.0
yf_ZC=F_d8;3500;INTARIAN_PEPPER_ROOT;11788;5;11784;15;;;11806;14;11809;17;;;11797.0;0.0
yf_ZC=F_d8;3600;ASH_COATED_OSMIUM;9968;16;9966;24;;;9974;13;9977;11;;;9971.0;0.0
yf_ZC=F_d8;3600;INTARIAN_PEPPER_ROOT;11789;18;11785;24;;;11807;10;11810;22;;;11798.0;0.0
yf_ZC=F_d8;3700;ASH_COATED_OSMIUM;9967;6;9963;16;;;9973;15;9976;18;;;9970.0;0.0
yf_ZC=F_d8;3700;INTARIAN_PEPPER_ROOT;11796;10;11793;21;;;11802;13;11804;23;;;11799.0;0.0
yf_ZC=F_d8;3800;ASH_COATED_OSMIUM;9963;18;9959;23;;;9977;21;9981;19;;;9970.0;0.0
yf_ZC=F_d8;3800;INTARIAN_PEPPER_ROOT;11795;18;11791;20;;;11806;18;11810;21;;;11800.5;0.0
yf_ZC=F_d8;3900;ASH_COATED_OSMIUM;9952;11;9949;8;;;9988;15;9992;15;;;9970.0;0.0
yf_ZC=F_d8;3900;INTARIAN_PEPPER_ROOT;11796;9;11793;16;;;11805;12;11809;15;;;11800.5;0.0
yf_ZC=F_d8;4000;ASH_COATED_OSMIUM;9968;11;9965;18;;;9974;17;9977;12;;;9971.0;0.0
yf_ZC=F_d8;4000;INTARIAN_PEPPER_ROOT;11797;17;11794;15;;;11808;11;11812;13;;;11802.5;0.0
yf_ZC=F_d8;4100;ASH_COATED_OSMIUM;9965;9;9961;19;;;9976;13;9979;14;;;9970.5;0.0
yf_ZC=F_d8;4100;INTARIAN_PEPPER_ROOT;11800;10;11797;15;;;11806;10;11808;15;;;11803.0;0.0
yf_ZC=F_d8;4200;ASH_COATED_OSMIUM;9968;18;9966;27;;;9974;10;9978;22;;;9971.0;0.0
yf_ZC=F_d8;4200;INTARIAN_PEPPER_ROOT;11801;12;11797;18;;;11807;15;11809;14;;;11804.0;0.0
yf_ZC=F_d8;4300;ASH_COATED_OSMIUM;9968;15;9966;20;;;9974;11;9977;16;;;9971.0;0.0
yf_ZC=F_d8;4300;INTARIAN_PEPPER_ROOT;11802;12;11798;29;;;11808;18;11810;20;;;11805.0;0.0
yf_ZC=F_d8;4400;ASH_COATED_OSMIUM;9967;8;9963;13;;;9974;13;9977;21;;;9970.5;0.0
yf_ZC=F_d8;4400;INTARIAN_PEPPER_ROOT;11803;5;11800;19;;;11809;20;11813;22;;;11806.0;0.0
yf_ZC=F_d8;4500;ASH_COATED_OSMIUM;9968;18;9964;18;;;9974;9;9977;12;;;9971.0;0.0
yf_ZC=F_d8;4500;INTARIAN_PEPPER_ROOT;11804;16;11801;13;;;11810;9;11813;21;;;11807.0;0.0
yf_ZC=F_d8;4600;ASH_COATED_OSMIUM;9963;19;9960;20;;;9977;10;9981;10;;;9970.0;0.0
yf_ZC=F_d8;4600;INTARIAN_PEPPER_ROOT;11805;21;11802;18;;;11812;10;11815;18;;;11808.5;0.0
yf_ZC=F_d8;4700;ASH_COATED_OSMIUM;9967;11;9964;17;;;9973;16;9976;16;;;9970.0;0.0
yf_ZC=F_d8;4700;INTARIAN_PEPPER_ROOT;11802;17;11800;17;;;11815;12;11819;17;;;11808.5;0.0
yf_ZC=F_d8;4800;ASH_COATED_OSMIUM;9967;18;9964;16;;;9973;8;9975;20;;;9970.0;0.0
yf_ZC=F_d8;4800;INTARIAN_PEPPER_ROOT;11802;22;11799;21;;;11817;14;11821;24;;;11809.5;0.0
yf_ZC=F_d8;4900;ASH_COATED_OSMIUM;9965;19;9961;21;;;9976;16;9978;27;;;9970.5;0.0
yf_ZC=F_d8;4900;INTARIAN_PEPPER_ROOT;11807;12;11803;23;;;11815;23;11819;26;;;11811.0;0.0
yf_ZC=F_d8;5000;ASH_COATED_OSMIUM;9965;15;9962;16;;;9975;10;9979;15;;;9970.0;0.0
yf_ZC=F_d8;5000;INTARIAN_PEPPER_ROOT;11807;10;11805;21;;;11818;21;11822;19;;;11812.5;0.0
yf_ZC=F_d8;5100;ASH_COATED_OSMIUM;9967;8;9963;29;;;9973;11;9977;26;;;9970.0;0.0
yf_ZC=F_d8;5100;INTARIAN_PEPPER_ROOT;11809;9;11807;18;;;11815;18;11817;20;;;11812.0;0.0
yf_ZC=F_d8;5200;ASH_COATED_OSMIUM;9968;5;9964;14;;;9974;19;9977;22;;;9971.0;0.0
yf_ZC=F_d8;5200;INTARIAN_PEPPER_ROOT;11811;17;11807;30;;;11817;13;11821;23;;;11814.0;0.0
yf_ZC=F_d8;5300;ASH_COATED_OSMIUM;9968;6;9966;17;;;9974;12;9976;12;;;9971.0;0.0
yf_ZC=F_d8;5300;INTARIAN_PEPPER_ROOT;11812;16;11808;27;;;11818;17;11821;19;;;11815.0;0.0
yf_ZC=F_d8;5400;ASH_COATED_OSMIUM;9950;14;9948;27;;;9992;20;9994;19;;;9971.0;0.0
yf_ZC=F_d8;5400;INTARIAN_PEPPER_ROOT;11813;12;11810;14;;;11819;16;11822;20;;;11816.0;0.0
yf_ZC=F_d8;5500;ASH_COATED_OSMIUM;9967;15;9964;20;;;9973;9;9975;20;;;9970.0;0.0
yf_ZC=F_d8;5500;INTARIAN_PEPPER_ROOT;11808;12;11805;16;;;11826;12;11829;24;;;11817.0;0.0
yf_ZC=F_d8;5600;ASH_COATED_OSMIUM;9968;19;9964;15;;;9974;22;9976;17;;;9971.0;0.0
yf_ZC=F_d8;5600;INTARIAN_PEPPER_ROOT;11814;9;11811;24;;;11822;12;11824;19;;;11818.0;0.0
yf_ZC=F_d8;5700;ASH_COATED_OSMIUM;9967;16;9964;25;;;9976;22;9978;20;;;9971.5;0.0
yf_ZC=F_d8;5700;INTARIAN_PEPPER_ROOT;11811;11;11808;20;;;11827;10;11831;8;;;11819.0;0.0
yf_ZC=F_d8;5800;ASH_COATED_OSMIUM;9965;13;9962;21;;;9975;23;9979;22;;;9970.0;0.0
yf_ZC=F_d8;5800;INTARIAN_PEPPER_ROOT;11812;13;11808;16;;;11828;15;11832;20;;;11820.0;0.0
yf_ZC=F_d8;5900;ASH_COATED_OSMIUM;9967;8;9963;14;;;9973;22;9976;25;;;9970.0;0.0
yf_ZC=F_d8;5900;INTARIAN_PEPPER_ROOT;11818;9;11814;22;;;11824;21;11826;16;;;11821.0;0.0
yf_ZC=F_d8;6000;ASH_COATED_OSMIUM;9968;23;9964;20;;;9974;13;9976;22;;;9971.0;0.0
yf_ZC=F_d8;6000;INTARIAN_PEPPER_ROOT;11819;21;11817;12;;;11825;14;11827;24;;;11822.0;0.0
yf_ZC=F_d8;6100;ASH_COATED_OSMIUM;9962;18;9959;23;;;9980;20;9984;22;;;9971.0;0.0
yf_ZC=F_d8;6100;INTARIAN_PEPPER_ROOT;11821;17;11818;27;;;11827;10;11831;18;;;11824.0;0.0
yf_ZC=F_d8;6200;ASH_COATED_OSMIUM;9968;5;9966;16;;;9974;12;9976;16;;;9971.0;0.0
yf_ZC=F_d8;6200;INTARIAN_PEPPER_ROOT;11815;17;11812;19;;;11834;19;11838;18;;;11824.5;0.0
yf_ZC=F_d8;6300;ASH_COATED_OSMIUM;9967;18;9963;19;;;9973;19;9976;18;;;9970.0;0.0
yf_ZC=F_d8;6300;INTARIAN_PEPPER_ROOT;11813;20;11809;27;;;11836;21;11840;18;;;11824.5;0.0
yf_ZC=F_d8;6400;ASH_COATED_OSMIUM;9962;10;9959;15;;;9980;16;9984;14;;;9971.0;0.0
yf_ZC=F_d8;6400;INTARIAN_PEPPER_ROOT;11823;14;11819;20;;;11829;17;11833;31;;;11826.0;0.0
yf_ZC=F_d8;6500;ASH_COATED_OSMIUM;9964;13;9960;27;;;9976;11;9980;20;;;9970.0;0.0
yf_ZC=F_d8;6500;INTARIAN_PEPPER_ROOT;11820;21;11816;11;;;11834;5;11836;21;;;11827.0;0.0
yf_ZC=F_d8;6600;ASH_COATED_OSMIUM;9967;18;9963;25;;;9973;15;9975;22;;;9970.0;0.0
yf_ZC=F_d8;6600;INTARIAN_PEPPER_ROOT;11824;11;11821;23;;;11832;17;11836;23;;;11828.0;0.0
yf_ZC=F_d8;6700;ASH_COATED_OSMIUM;9963;10;9961;23;;;9978;7;9980;25;;;9970.5;0.0
yf_ZC=F_d8;6700;INTARIAN_PEPPER_ROOT;11826;9;11823;14;;;11832;8;11836;19;;;11829.0;0.0
yf_ZC=F_d8;6800;ASH_COATED_OSMIUM;9960;11;9956;13;;;9981;13;9983;13;;;9970.5;0.0
yf_ZC=F_d8;6800;INTARIAN_PEPPER_ROOT;11826;24;11823;14;;;11834;9;11836;21;;;11830.0;0.0
yf_ZC=F_d8;6900;ASH_COATED_OSMIUM;9967;16;9963;25;;;9973;19;9976;17;;;9970.0;0.0
yf_ZC=F_d8;6900;INTARIAN_PEPPER_ROOT;11826;12;11824;20;;;11835;16;11838;26;;;11830.5;0.0
yf_ZC=F_d8;7000;ASH_COATED_OSMIUM;9967;11;9963;18;;;9973;12;9976;15;;;9970.0;0.0
yf_ZC=F_d8;7000;INTARIAN_PEPPER_ROOT;11828;18;11825;23;;;11834;15;11837;21;;;11831.0;0.0
yf_ZC=F_d8;7100;ASH_COATED_OSMIUM;9966;17;9963;35;;;9975;11;9979;13;;;9970.5;0.0
yf_ZC=F_d8;7100;INTARIAN_PEPPER_ROOT;11830;15;11826;28;;;11836;16;11840;14;;;11833.0;0.0
yf_ZC=F_d8;7200;ASH_COATED_OSMIUM;9966;15;9964;8;;;9973;7;9976;17;;;9969.5;0.0
yf_ZC=F_d8;7200;INTARIAN_PEPPER_ROOT;11831;17;11829;14;;;11837;15;11841;21;;;11834.0;0.0
yf_ZC=F_d8;7300;ASH_COATED_OSMIUM;9967;16;9964;28;;;9973;14;9975;31;;;9970.0;0.0
yf_ZC=F_d8;7300;INTARIAN_PEPPER_ROOT;11830;8;11827;23;;;11839;13;11843;15;;;11834.5;0.0
yf_ZC=F_d8;7400;ASH_COATED_OSMIUM;9967;21;9964;21;;;9973;16;9976;13;;;9970.0;0.0
yf_ZC=F_d8;7400;INTARIAN_PEPPER_ROOT;11809;13;11806;18;;;11863;17;11865;18;;;11836.0;0.0
yf_ZC=F_d8;7500;ASH_COATED_OSMIUM;9967;7;9964;16;;;9973;19;9977;16;;;9970.0;0.0
yf_ZC=F_d8;7500;INTARIAN_PEPPER_ROOT;11834;14;11830;24;;;11840;19;11842;30;;;11837.0;0.0
yf_ZC=F_d8;7600;ASH_COATED_OSMIUM;9967;15;9964;16;;;9975;19;9977;21;;;9971.0;0.0
yf_ZC=F_d8;7600;INTARIAN_PEPPER_ROOT;11833;12;11829;25;;;11842;11;11845;23;;;11837.5;0.0
yf_ZC=F_d8;7700;ASH_COATED_OSMIUM;9968;11;9966;9;;;9974;12;9976;22;;;9971.0;0.0
yf_ZC=F_d8;7700;INTARIAN_PEPPER_ROOT;11836;11;11834;22;;;11843;12;11847;17;;;11839.5;0.0
yf_ZC=F_d8;7800;ASH_COATED_OSMIUM;9967;5;9963;18;;;9973;9;9977;30;;;9970.0;0.0
yf_ZC=F_d8;7800;INTARIAN_PEPPER_ROOT;11837;23;11834;29;;;11843;15;11846;19;;;11840.0;0.0
yf_ZC=F_d8;7900;ASH_COATED_OSMIUM;9967;19;9964;20;;;9973;16;9977;14;;;9970.0;0.0
yf_ZC=F_d8;7900;INTARIAN_PEPPER_ROOT;11838;21;11835;24;;;11844;16;11846;10;;;11841.0;0.0
yf_ZC=F_d8;8000;ASH_COATED_OSMIUM;9967;13;9964;23;;;9973;18;9977;16;;;9970.0;0.0
yf_ZC=F_d8;8000;INTARIAN_PEPPER_ROOT;11839;6;11835;26;;;11845;5;11848;22;;;11842.0;0.0
yf_ZC=F_d8;8100;ASH_COATED_OSMIUM;9966;10;9962;24;;;9973;20;9975;21;;;9969.5;0.0
yf_ZC=F_d8;8100;INTARIAN_PEPPER_ROOT;11840;5;11837;25;;;11846;22;11850;19;;;11843.0;0.0
yf_ZC=F_d8;8200;ASH_COATED_OSMIUM;9967;17;9965;22;;;9973;10;9977;17;;;9970.0;0.0
yf_ZC=F_d8;8200;INTARIAN_PEPPER_ROOT;11841;14;11837;15;;;11847;12;11849;29;;;11844.0;0.0
yf_ZC=F_d8;8300;ASH_COATED_OSMIUM;9968;23;9966;16;;;9974;18;9976;14;;;9971.0;0.0
yf_ZC=F_d8;8300;INTARIAN_PEPPER_ROOT;11840;14;11836;26;;;11850;10;11854;26;;;11845.0;0.0
yf_ZC=F_d8;8400;ASH_COATED_OSMIUM;9963;10;9959;14;;;9976;9;9978;13;;;9969.5;0.0
yf_ZC=F_d8;8400;INTARIAN_PEPPER_ROOT;11843;10;11840;17;;;11849;10;11851;18;;;11846.0;0.0
yf_ZC=F_d8;8500;ASH_COATED_OSMIUM;9964;6;9960;23;;;9976;15;9979;22;;;9970.0;0.0
yf_ZC=F_d8;8500;INTARIAN_PEPPER_ROOT;11844;17;11841;20;;;11850;18;11853;20;;;11847.0;0.0
yf_ZC=F_d8;8600;ASH_COATED_OSMIUM;9962;14;9958;19;;;9977;13;9980;22;;;9969.5;0.0
yf_ZC=F_d8;8600;INTARIAN_PEPPER_ROOT;11845;9;11842;24;;;11851;21;11854;16;;;11848.0;0.0
yf_ZC=F_d8;8700;ASH_COATED_OSMIUM;9967;20;9965;18;;;9973;11;9975;13;;;9970.0;0.0
yf_ZC=F_d8;8700;INTARIAN_PEPPER_ROOT;11846;15;11844;20;;;11852;25;11856;18;;;11849.0;0.0
yf_ZC=F_d8;8800;ASH_COATED_OSMIUM;9966;12;9963;25;;;9975;10;9978;21;;;9970.5;0.0
yf_ZC=F_d8;8800;INTARIAN_PEPPER_ROOT;11847;11;11843;19;;;11853;17;11857;14;;;11850.0;0.0
yf_ZC=F_d8;8900;ASH_COATED_OSMIUM;9967;16;9964;32;;;9973;18;9976;22;;;9970.0;0.0
yf_ZC=F_d8;8900;INTARIAN_PEPPER_ROOT;11846;18;11844;22;;;11855;13;11858;20;;;11850.5;0.0
yf_ZC=F_d8;9000;ASH_COATED_OSMIUM;9966;16;9962;25;;;9974;9;9978;10;;;9970.0;0.0
yf_ZC=F_d8;9000;INTARIAN_PEPPER_ROOT;11849;11;11847;20;;;11855;16;11858;21;;;11852.0;0.0
yf_ZC=F_d8;9100;ASH_COATED_OSMIUM;9967;13;9965;27;;;9973;16;9977;18;;;9970.0;0.0
yf_ZC=F_d8;9100;INTARIAN_PEPPER_ROOT;11839;15;11835;16;;;11867;20;11871;22;;;11853.0;0.0
yf_ZC=F_d8;9200;ASH_COATED_OSMIUM;9964;13;9962;21;;;9975;23;9977;25;;;9969.5;0.0
yf_ZC=F_d8;9200;INTARIAN_PEPPER_ROOT;11851;9;11847;16;;;11857;8;11861;25;;;11854.0;0.0
yf_ZC=F_d8;9300;ASH_COATED_OSMIUM;9967;14;9963;16;;;9973;19;9977;16;;;9970.0;0.0
yf_ZC=F_d8;9300;INTARIAN_PEPPER_ROOT;11852;13;11848;20;;;11858;23;11861;28;;;11855.0;0.0
yf_ZC=F_d8;9400;ASH_COATED_OSMIUM;9967;16;9964;27;;;9973;16;9975;19;;;9970.0;0.0
yf_ZC=F_d8;9400;INTARIAN_PEPPER_ROOT;11852;16;11849;23;;;11860;5;11863;11;;;11856.0;0.0
yf_ZC=F_d8;9500;ASH_COATED_OSMIUM;9966;5;9964;17;;;9975;11;9978;30;;;9970.5;0.0
yf_ZC=F_d8;9500;INTARIAN_PEPPER_ROOT;11850;23;11848;22;;;11863;10;11866;22;;;11856.5;0.0
yf_ZC=F_d8;9600;ASH_COATED_OSMIUM;9967;11;9963;21;;;9973;17;9975;30;;;9970.0;0.0
yf_ZC=F_d8;9600;INTARIAN_PEPPER_ROOT;11855;13;11851;14;;;11861;10;11865;15;;;11858.0;0.0
yf_ZC=F_d8;9700;ASH_COATED_OSMIUM;9965;10;9962;13;;;9975;16;9978;11;;;9970.0;0.0
yf_ZC=F_d8;9700;INTARIAN_PEPPER_ROOT;11855;18;11851;21;;;11861;13;11865;22;;;11858.0;0.0
yf_ZC=F_d8;9800;ASH_COATED_OSMIUM;9966;25;9963;25;;;9974;5;9976;14;;;9970.0;0.0
yf_ZC=F_d8;9800;INTARIAN_PEPPER_ROOT;11857;8;11854;25;;;11863;6;11865;20;;;11860.0;0.0
yf_ZC=F_d8;9900;ASH_COATED_OSMIUM;9958;7;9954;8;;;9982;6;9986;27;;;9970.0;0.0
yf_ZC=F_d8;9900;INTARIAN_PEPPER_ROOT;11853;12;11851;18;;;11868;6;11870;21;;;11860.5;0.0
yf_ZC=F_d8;10000;ASH_COATED_OSMIUM;9967;10;9963;21;;;9973;20;9977;27;;;9970.0;0.0
yf_ZC=F_d8;10000;INTARIAN_PEPPER_ROOT;11856;5;11852;19;;;11868;16;11871;24;;;11862.0;0.0
yf_ZC=F_d8;10100;ASH_COATED_OSMIUM;9966;8;9964;21;;;9974;15;9976;16;;;9970.0;0.0
yf_ZC=F_d8;10100;INTARIAN_PEPPER_ROOT;11858;16;11855;12;;;11869;16;11871;16;;;11863.5;0.0
yf_ZC=F_d8;10200;ASH_COATED_OSMIUM;9967;8;9964;14;;;9973;13;9976;19;;;9970.0;0.0
yf_ZC=F_d8;10200;INTARIAN_PEPPER_ROOT;11861;20;11858;21;;;11867;13;11870;19;;;11864.0;0.0
yf_ZC=F_d8;10300;ASH_COATED_OSMIUM;9967;19;9964;21;;;9973;21;9975;19;;;9970.0;0.0
yf_ZC=F_d8;10300;INTARIAN_PEPPER_ROOT;11861;10;11859;29;;;11869;23;11873;21;;;11865.0;0.0
yf_ZC=F_d8;10400;ASH_COATED_OSMIUM;9967;16;9964;20;;;9973;13;9975;11;;;9970.0;0.0
yf_ZC=F_d8;10400;INTARIAN_PEPPER_ROOT;11863;20;11861;16;;;11869;15;11871;26;;;11866.0;0.0
yf_ZC=F_d8;10500;ASH_COATED_OSMIUM;9965;17;9963;18;;;9975;8;9978;27;;;9970.0;0.0
yf_ZC=F_d8;10500;INTARIAN_PEPPER_ROOT;11864;14;11861;22;;;11870;8;11873;17;;;11867.0;0.0
yf_ZC=F_d8;10600;ASH_COATED_OSMIUM;9967;11;9965;21;;;9973;8;9977;11;;;9970.0;0.0
yf_ZC=F_d8;10600;INTARIAN_PEPPER_ROOT;11865;19;11861;16;;;11871;15;11873;24;;;11868.0;0.0
yf_ZC=F_d8;10700;ASH_COATED_OSMIUM;9962;15;9959;18;;;9979;13;9981;17;;;9970.5;0.0
yf_ZC=F_d8;10700;INTARIAN_PEPPER_ROOT;11866;14;11863;14;;;11872;13;11874;28;;;11869.0;0.0
yf_ZC=F_d8;10800;ASH_COATED_OSMIUM;9967;15;9965;22;;;9973;11;9976;14;;;9970.0;0.0
yf_ZC=F_d8;10800;INTARIAN_PEPPER_ROOT;11866;8;11863;10;;;11874;11;11876;18;;;11870.0;0.0
yf_ZC=F_d8;10900;ASH_COATED_OSMIUM;9967;11;9963;20;;;9973;13;9977;23;;;9970.0;0.0
yf_ZC=F_d8;10900;INTARIAN_PEPPER_ROOT;11868;13;11865;20;;;11874;16;11877;23;;;11871.0;0.0
yf_ZC=F_d8;11000;ASH_COATED_OSMIUM;9966;17;9964;12;;;9972;16;9975;27;;;9969.0;0.0
yf_ZC=F_d8;11000;INTARIAN_PEPPER_ROOT;11869;8;11866;23;;;11875;5;11877;20;;;11872.0;0.0
yf_ZC=F_d8;11100;ASH_COATED_OSMIUM;9967;11;9965;25;;;9973;17;9977;31;;;9970.0;0.0
yf_ZC=F_d8;11100;INTARIAN_PEPPER_ROOT;11869;11;11865;21;;;11877;15;11881;28;;;11873.0;0.0
yf_ZC=F_d8;11200;ASH_COATED_OSMIUM;9967;6;9965;22;;;9973;21;9977;20;;;9970.0;0.0
yf_ZC=F_d8;11200;INTARIAN_PEPPER_ROOT;11871;16;11868;17;;;11877;14;11880;21;;;11874.0;0.0
yf_ZC=F_d8;11300;ASH_COATED_OSMIUM;9958;16;9955;19;;;9982;20;9985;19;;;9970.0;0.0
yf_ZC=F_d8;11300;INTARIAN_PEPPER_ROOT;11871;12;11867;21;;;11877;15;11880;10;;;11874.0;0.0
yf_ZC=F_d8;11400;ASH_COATED_OSMIUM;9962;17;9958;23;;;9977;10;9981;24;;;9969.5;0.0
yf_ZC=F_d8;11400;INTARIAN_PEPPER_ROOT;11869;14;11865;17;;;11881;25;11884;13;;;11875.0;0.0
yf_ZC=F_d8;11500;ASH_COATED_OSMIUM;9967;17;9965;25;;;9973;21;9975;20;;;9970.0;0.0
yf_ZC=F_d8;11500;INTARIAN_PEPPER_ROOT;11873;21;11869;14;;;11880;5;11884;17;;;11876.5;0.0
yf_ZC=F_d8;11600;ASH_COATED_OSMIUM;9967;14;9963;15;;;9973;13;9976;18;;;9970.0;0.0
yf_ZC=F_d8;11600;INTARIAN_PEPPER_ROOT;11874;18;11870;21;;;11880;20;11883;17;;;11877.0;0.0
yf_ZC=F_d8;11700;ASH_COATED_OSMIUM;9967;18;9963;27;;;9973;18;9976;24;;;9970.0;0.0
yf_ZC=F_d8;11700;INTARIAN_PEPPER_ROOT;11876;10;11873;18;;;11882;21;11885;15;;;11879.0;0.0
yf_ZC=F_d8;11800;ASH_COATED_OSMIUM;9964;10;9960;25;;;9975;17;9979;22;;;9969.5;0.0
yf_ZC=F_d8;11800;INTARIAN_PEPPER_ROOT;11875;5;11873;23;;;11884;9;11887;19;;;11879.5;0.0
yf_ZC=F_d8;11900;ASH_COATED_OSMIUM;9967;16;9965;20;;;9973;6;9976;17;;;9970.0;0.0
yf_ZC=F_d8;11900;INTARIAN_PEPPER_ROOT;11878;12;11875;12;;;11884;11;11886;18;;;11881.0;0.0
yf_ZC=F_d8;12000;ASH_COATED_OSMIUM;9967;5;9964;19;;;9973;6;9977;20;;;9970.0;0.0
yf_ZC=F_d8;12000;INTARIAN_PEPPER_ROOT;11879;18;11877;23;;;11885;22;11888;11;;;11882.0;0.0
yf_ZC=F_d8;12100;ASH_COATED_OSMIUM;9967;20;9965;14;;;9973;13;9975;23;;;9970.0;0.0
yf_ZC=F_d8;12100;INTARIAN_PEPPER_ROOT;11878;16;11875;17;;;11887;24;11891;23;;;11882.5;0.0
yf_ZC=F_d8;12200;ASH_COATED_OSMIUM;9967;10;9965;16;;;9973;14;9975;21;;;9970.0;0.0
yf_ZC=F_d8;12200;INTARIAN_PEPPER_ROOT;11881;16;11877;20;;;11887;12;11891;29;;;11884.0;0.0
yf_ZC=F_d8;12300;ASH_COATED_OSMIUM;9967;12;9965;19;;;9973;14;9975;21;;;9970.0;0.0
yf_ZC=F_d8;12300;INTARIAN_PEPPER_ROOT;11882;13;11880;15;;;11888;18;11890;20;;;11885.0;0.0
yf_ZC=F_d8;12400;ASH_COATED_OSMIUM;9967;14;9965;24;;;9973;20;9976;15;;;9970.0;0.0
yf_ZC=F_d8;12400;INTARIAN_PEPPER_ROOT;11883;10;11881;19;;;11889;12;11893;17;;;11886.0;0.0
yf_ZC=F_d8;12500;ASH_COATED_OSMIUM;9967;7;9964;20;;;9973;13;9977;20;;;9970.0;0.0
yf_ZC=F_d8;12500;INTARIAN_PEPPER_ROOT;11884;11;11881;8;;;11890;9;11893;20;;;11887.0;0.0
yf_ZC=F_d8;12600;ASH_COATED_OSMIUM;9966;22;9963;20;;;9973;19;9977;19;;;9969.5;0.0
yf_ZC=F_d8;12600;INTARIAN_PEPPER_ROOT;11885;13;11882;17;;;11891;17;11895;14;;;11888.0;0.0
yf_ZC=F_d8;12700;ASH_COATED_OSMIUM;9967;13;9965;23;;;9973;16;9977;21;;;9970.0;0.0
yf_ZC=F_d8;12700;INTARIAN_PEPPER_ROOT;11886;21;11882;17;;;11892;17;11895;19;;;11889.0;0.0
yf_ZC=F_d8;12800;ASH_COATED_OSMIUM;9963;12;9960;14;;;9976;21;9980;21;;;9969.5;0.0
yf_ZC=F_d8;12800;INTARIAN_PEPPER_ROOT;11887;17;11885;15;;;11893;15;11896;27;;;11890.0;0.0
yf_ZC=F_d8;12900;ASH_COATED_OSMIUM;9967;11;9964;18;;;9973;15;9975;18;;;9970.0;0.0
yf_ZC=F_d8;12900;INTARIAN_PEPPER_ROOT;11886;17;11883;19;;;11897;10;11899;19;;;11891.5;0.0
yf_ZC=F_d8;13000;ASH_COATED_OSMIUM;9964;10;9960;12;;;9976;22;9980;14;;;9970.0;0.0
yf_ZC=F_d8;13000;INTARIAN_PEPPER_ROOT;11882;10;11879;19;;;11902;14;11906;28;;;11892.0;0.0
yf_ZC=F_d8;13100;ASH_COATED_OSMIUM;9967;7;9965;17;;;9973;10;9977;20;;;9970.0;0.0
yf_ZC=F_d8;13100;INTARIAN_PEPPER_ROOT;11890;6;11888;19;;;11896;15;11900;31;;;11893.0;0.0
yf_ZC=F_d8;13200;ASH_COATED_OSMIUM;9964;10;9961;19;;;9976;11;9978;22;;;9970.0;0.0
yf_ZC=F_d8;13200;INTARIAN_PEPPER_ROOT;11886;7;11882;16;;;11900;15;11904;17;;;11893.0;0.0
yf_ZC=F_d8;13300;ASH_COATED_OSMIUM;9966;11;9964;18;;;9974;10;9978;20;;;9970.0;0.0
yf_ZC=F_d8;13300;INTARIAN_PEPPER_ROOT;11888;15;11886;19;;;11900;18;11903;20;;;11894.0;0.0
yf_ZC=F_d8;13400;ASH_COATED_OSMIUM;9966;13;9962;14;;;9973;20;9976;22;;;9969.5;0.0
yf_ZC=F_d8;13400;INTARIAN_PEPPER_ROOT;11891;8;11888;25;;;11900;11;11903;17;;;11895.5;0.0
yf_ZC=F_d8;13500;ASH_COATED_OSMIUM;9967;16;9963;16;;;9973;21;9977;28;;;9970.0;0.0
yf_ZC=F_d8;13500;INTARIAN_PEPPER_ROOT;11892;9;11890;15;;;11902;12;11904;22;;;11897.0;0.0
yf_ZC=F_d8;13600;ASH_COATED_OSMIUM;9967;13;9965;20;;;9973;11;9976;20;;;9970.0;0.0
yf_ZC=F_d8;13600;INTARIAN_PEPPER_ROOT;11885;6;11883;19;;;11910;11;11913;17;;;11897.5;0.0
yf_ZC=F_d8;13700;ASH_COATED_OSMIUM;9964;13;9961;29;;;9976;21;9980;30;;;9970.0;0.0
yf_ZC=F_d8;13700;INTARIAN_PEPPER_ROOT;11890;17;11886;25;;;11906;17;11908;26;;;11898.0;0.0
yf_ZC=F_d8;13800;ASH_COATED_OSMIUM;9967;13;9963;18;;;9973;10;9976;30;;;9970.0;0.0
yf_ZC=F_d8;13800;INTARIAN_PEPPER_ROOT;11897;10;11895;20;;;11903;16;11906;22;;;11900.0;0.0
yf_ZC=F_d8;13900;ASH_COATED_OSMIUM;9965;20;9963;24;;;9973;21;9975;17;;;9969.0;0.0
yf_ZC=F_d8;13900;INTARIAN_PEPPER_ROOT;11898;17;11895;11;;;11904;17;11908;13;;;11901.0;0.0
yf_ZC=F_d8;14000;ASH_COATED_OSMIUM;9965;10;9961;27;;;9974;17;9977;17;;;9969.5;0.0
yf_ZC=F_d8;14000;INTARIAN_PEPPER_ROOT;11894;19;11891;25;;;11909;17;11911;17;;;11901.5;0.0
yf_ZC=F_d8;14100;ASH_COATED_OSMIUM;9966;22;9963;8;;;9973;9;9976;18;;;9969.5;0.0
yf_ZC=F_d8;14100;INTARIAN_PEPPER_ROOT;11898;26;11894;20;;;11908;16;11912;20;;;11903.0;0.0
yf_ZC=F_d8;14200;ASH_COATED_OSMIUM;9967;12;9964;23;;;9973;18;9975;21;;;9970.0;0.0
yf_ZC=F_d8;14200;INTARIAN_PEPPER_ROOT;11899;19;11895;19;;;11909;16;11911;31;;;11904.0;0.0
yf_ZC=F_d8;14300;ASH_COATED_OSMIUM;9967;6;9964;17;;;9973;11;9976;23;;;9970.0;0.0
yf_ZC=F_d8;14300;INTARIAN_PEPPER_ROOT;11900;17;11896;21;;;11909;11;11913;15;;;11904.5;0.0
yf_ZC=F_d8;14400;ASH_COATED_OSMIUM;9967;6;9965;27;;;9973;11;9976;20;;;9970.0;0.0
yf_ZC=F_d8;14400;INTARIAN_PEPPER_ROOT;11903;10;11900;27;;;11909;23;11912;8;;;11906.0;0.0
yf_ZC=F_d8;14500;ASH_COATED_OSMIUM;9967;11;9964;21;;;9973;18;9976;20;;;9970.0;0.0
yf_ZC=F_d8;14500;INTARIAN_PEPPER_ROOT;11904;14;11902;11;;;11910;18;11912;30;;;11907.0;0.0
yf_ZC=F_d8;14600;ASH_COATED_OSMIUM;9967;11;9963;22;;;9973;18;9975;24;;;9970.0;0.0
yf_ZC=F_d8;14600;INTARIAN_PEPPER_ROOT;11901;8;11897;12;;;11914;19;11917;21;;;11907.5;0.0
yf_ZC=F_d8;14700;ASH_COATED_OSMIUM;9966;18;9963;14;;;9974;19;9976;19;;;9970.0;0.0
yf_ZC=F_d8;14700;INTARIAN_PEPPER_ROOT;11906;15;11903;24;;;11912;12;11916;21;;;11909.0;0.0
yf_ZC=F_d8;14800;ASH_COATED_OSMIUM;9967;13;9963;15;;;9973;18;9976;24;;;9970.0;0.0
yf_ZC=F_d8;14800;INTARIAN_PEPPER_ROOT;11907;23;11905;11;;;11913;17;11915;22;;;11910.0;0.0
yf_ZC=F_d8;14900;ASH_COATED_OSMIUM;9952;15;9950;27;;;9987;17;9989;14;;;9969.5;0.0
yf_ZC=F_d8;14900;INTARIAN_PEPPER_ROOT;11908;20;11904;18;;;11914;9;11916;18;;;11911.0;0.0
yf_ZC=F_d8;15000;ASH_COATED_OSMIUM;9967;15;9963;16;;;9973;17;9976;14;;;9970.0;0.0
yf_ZC=F_d8;15000;INTARIAN_PEPPER_ROOT;11908;7;11905;14;;;11914;10;11918;21;;;11911.0;0.0
yf_ZC=F_d8;15100;ASH_COATED_OSMIUM;9961;10;9958;24;;;9977;8;9979;24;;;9969.0;0.0
yf_ZC=F_d8;15100;INTARIAN_PEPPER_ROOT;11909;23;11906;17;;;11915;14;11917;18;;;11912.0;0.0
yf_ZC=F_d8;15200;ASH_COATED_OSMIUM;9966;17;9963;16;;;9972;11;9974;17;;;9969.0;0.0
yf_ZC=F_d8;15200;INTARIAN_PEPPER_ROOT;11911;16;11907;15;;;11917;13;11920;22;;;11914.0;0.0
yf_ZC=F_d8;15300;ASH_COATED_OSMIUM;9967;17;9965;11;;;9973;14;9976;20;;;9970.0;0.0
yf_ZC=F_d8;15300;INTARIAN_PEPPER_ROOT;11907;20;11905;18;;;11924;16;11926;24;;;11915.5;0.0
yf_ZC=F_d8;15400;ASH_COATED_OSMIUM;9967;14;9964;23;;;9973;18;9977;24;;;9970.0;0.0
yf_ZC=F_d8;15400;INTARIAN_PEPPER_ROOT;11913;12;11910;15;;;11919;11;11923;21;;;11916.0;0.0
yf_ZC=F_d8;15500;ASH_COATED_OSMIUM;9966;17;9964;17;;;9972;17;9975;24;;;9969.0;0.0
yf_ZC=F_d8;15500;INTARIAN_PEPPER_ROOT;11910;13;11908;18;;;11923;15;11925;17;;;11916.5;0.0
yf_ZC=F_d8;15600;ASH_COATED_OSMIUM;9966;25;9964;18;;;9972;19;9976;14;;;9969.0;0.0
yf_ZC=F_d8;15600;INTARIAN_PEPPER_ROOT;11914;12;11911;14;;;11921;13;11925;16;;;11917.5;0.0
yf_ZC=F_d8;15700;ASH_COATED_OSMIUM;9966;18;9963;22;;;9972;13;9975;22;;;9969.0;0.0
yf_ZC=F_d8;15700;INTARIAN_PEPPER_ROOT;11915;16;11912;22;;;11921;6;11924;19;;;11918.0;0.0
yf_ZC=F_d8;15800;ASH_COATED_OSMIUM;9962;12;9960;28;;;9978;11;9981;20;;;9970.0;0.0
yf_ZC=F_d8;15800;INTARIAN_PEPPER_ROOT;11916;6;11913;16;;;11922;10;11925;20;;;11919.0;0.0
yf_ZC=F_d8;15900;ASH_COATED_OSMIUM;9967;13;9965;25;;;9973;8;9977;19;;;9970.0;0.0
yf_ZC=F_d8;15900;INTARIAN_PEPPER_ROOT;11918;7;11915;19;;;11924;19;11928;32;;;11921.0;0.0
yf_ZC=F_d8;16000;ASH_COATED_OSMIUM;9966;25;9964;16;;;9972;23;9976;24;;;9969.0;0.0
yf_ZC=F_d8;16000;INTARIAN_PEPPER_ROOT;11919;15;11916;26;;;11925;21;11928;17;;;11922.0;0.0
yf_ZC=F_d8;16100;ASH_COATED_OSMIUM;9961;10;9959;29;;;9979;10;9982;12;;;9970.0;0.0
yf_ZC=F_d8;16100;INTARIAN_PEPPER_ROOT;11919;23;11916;24;;;11925;24;11927;15;;;11922.0;0.0
yf_ZC=F_d8;16200;ASH_COATED_OSMIUM;9966;5;9964;25;;;9972;7;9976;14;;;9969.0;0.0
yf_ZC=F_d8;16200;INTARIAN_PEPPER_ROOT;11919;5;11916;18;;;11928;7;11931;20;;;11923.5;0.0
yf_ZC=F_d8;16300;ASH_COATED_OSMIUM;9967;15;9964;15;;;9973;10;9976;21;;;9970.0;0.0
yf_ZC=F_d8;16300;INTARIAN_PEPPER_ROOT;11917;20;11914;21;;;11931;17;11933;21;;;11924.0;0.0
yf_ZC=F_d8;16400;ASH_COATED_OSMIUM;9965;15;9962;13;;;9973;11;9976;24;;;9969.0;0.0
yf_ZC=F_d8;16400;INTARIAN_PEPPER_ROOT;11920;8;11916;13;;;11932;17;11934;19;;;11926.0;0.0
yf_ZC=F_d8;16500;ASH_COATED_OSMIUM;9966;13;9962;21;;;9972;8;9975;18;;;9969.0;0.0
yf_ZC=F_d8;16500;INTARIAN_PEPPER_ROOT;11923;15;11919;18;;;11930;18;11933;16;;;11926.5;0.0
yf_ZC=F_d8;16600;ASH_COATED_OSMIUM;9966;17;9963;20;;;9972;7;9976;16;;;9969.0;0.0
yf_ZC=F_d8;16600;INTARIAN_PEPPER_ROOT;11925;20;11923;17;;;11931;5;11935;24;;;11928.0;0.0
yf_ZC=F_d8;16700;ASH_COATED_OSMIUM;9961;12;9957;25;;;9979;12;9983;10;;;9970.0;0.0
yf_ZC=F_d8;16700;INTARIAN_PEPPER_ROOT;11924;16;11921;25;;;11934;21;11936;21;;;11929.0;0.0
yf_ZC=F_d8;16800;ASH_COATED_OSMIUM;9967;12;9964;15;;;9973;13;9976;14;;;9970.0;0.0
yf_ZC=F_d8;16800;INTARIAN_PEPPER_ROOT;11920;16;11917;20;;;11938;26;11942;13;;;11929.0;0.0
yf_ZC=F_d8;16900;ASH_COATED_OSMIUM;9964;8;9962;15;;;9975;14;9979;16;;;9969.5;0.0
yf_ZC=F_d8;16900;INTARIAN_PEPPER_ROOT;11925;6;11922;26;;;11936;16;11939;21;;;11930.5;0.0
yf_ZC=F_d8;17000;ASH_COATED_OSMIUM;9963;16;9961;17;;;9974;10;9976;12;;;9968.5;0.0
yf_ZC=F_d8;17000;INTARIAN_PEPPER_ROOT;11926;14;11922;26;;;11935;13;11939;22;;;11930.5;0.0
yf_ZC=F_d8;17100;ASH_COATED_OSMIUM;9967;14;9965;15;;;9973;9;9977;14;;;9970.0;0.0
yf_ZC=F_d8;17100;INTARIAN_PEPPER_ROOT;11927;26;11923;14;;;11933;7;11936;20;;;11930.0;0.0
yf_ZC=F_d8;17200;ASH_COATED_OSMIUM;9966;6;9962;19;;;9972;20;9974;17;;;9969.0;0.0
yf_ZC=F_d8;17200;INTARIAN_PEPPER_ROOT;11926;12;11922;19;;;11932;13;11935;17;;;11929.0;0.0
yf_ZC=F_d8;17300;ASH_COATED_OSMIUM;9962;16;9959;8;;;9977;13;9980;26;;;9969.5;0.0
yf_ZC=F_d8;17300;INTARIAN_PEPPER_ROOT;11925;14;11922;21;;;11931;21;11934;22;;;11928.0;0.0
yf_ZC=F_d8;17400;ASH_COATED_OSMIUM;9966;17;9963;18;;;9972;22;9975;14;;;9969.0;0.0
yf_ZC=F_d8;17400;INTARIAN_PEPPER_ROOT;11920;14;11918;20;;;11935;14;11937;22;;;11927.5;0.0
yf_ZC=F_d8;17500;ASH_COATED_OSMIUM;9966;9;9962;24;;;9973;14;9977;11;;;9969.5;0.0
yf_ZC=F_d8;17500;INTARIAN_PEPPER_ROOT;11921;17;11918;20;;;11932;19;11935;21;;;11926.5;0.0
yf_ZC=F_d8;17600;ASH_COATED_OSMIUM;9964;6;9961;18;;;9976;12;9978;22;;;9970.0;0.0
yf_ZC=F_d8;17600;INTARIAN_PEPPER_ROOT;11923;10;11919;21;;;11929;6;11931;16;;;11926.0;0.0
yf_ZC=F_d8;17700;ASH_COATED_OSMIUM;9967;15;9965;28;;;9973;14;9975;21;;;9970.0;0.0
yf_ZC=F_d8;17700;INTARIAN_PEPPER_ROOT;11921;11;11917;19;;;11927;18;11930;15;;;11924.0;0.0
yf_ZC=F_d8;17800;ASH_COATED_OSMIUM;9960;20;9957;17;;;9979;25;9982;17;;;9969.5;0.0
yf_ZC=F_d8;17800;INTARIAN_PEPPER_ROOT;11921;18;11917;27;;;11927;25;11930;23;;;11924.0;0.0
yf_ZC=F_d8;17900;ASH_COATED_OSMIUM;9968;21;9966;27;;;9974;11;9978;19;;;9971.0;0.0
yf_ZC=F_d8;17900;INTARIAN_PEPPER_ROOT;11919;13;11915;24;;;11925;9;11928;22;;;11922.0;0.0
yf_ZC=F_d8;18000;ASH_COATED_OSMIUM;9967;12;9964;22;;;9973;24;9975;13;;;9970.0;0.0
yf_ZC=F_d8;18000;INTARIAN_PEPPER_ROOT;11918;14;11914;25;;;11925;5;11928;24;;;11921.5;0.0
yf_ZC=F_d8;18100;ASH_COATED_OSMIUM;9967;23;9965;11;;;9973;17;9977;19;;;9970.0;0.0
yf_ZC=F_d8;18100;INTARIAN_PEPPER_ROOT;11918;15;11915;11;;;11924;19;11928;12;;;11921.0;0.0
yf_ZC=F_d8;18200;ASH_COATED_OSMIUM;9967;22;9964;18;;;9973;14;9976;15;;;9970.0;0.0
yf_ZC=F_d8;18200;INTARIAN_PEPPER_ROOT;11917;11;11913;12;;;11923;15;11925;21;;;11920.0;0.0
yf_ZC=F_d8;18300;ASH_COATED_OSMIUM;9962;12;9959;21;;;9977;8;9979;19;;;9969.5;0.0
yf_ZC=F_d8;18300;INTARIAN_PEPPER_ROOT;11913;11;11909;21;;;11925;7;11927;14;;;11919.0;0.0
yf_ZC=F_d8;18400;ASH_COATED_OSMIUM;9964;13;9961;20;;;9976;17;9979;20;;;9970.0;0.0
yf_ZC=F_d8;18400;INTARIAN_PEPPER_ROOT;11912;16;11909;27;;;11925;16;11927;20;;;11918.5;0.0
yf_ZC=F_d8;18500;ASH_COATED_OSMIUM;9962;11;9959;20;;;9977;10;9980;24;;;9969.5;0.0
yf_ZC=F_d8;18500;INTARIAN_PEPPER_ROOT;11915;11;11913;22;;;11921;20;11923;20;;;11918.0;0.0
yf_ZC=F_d8;18600;ASH_COATED_OSMIUM;9965;19;9961;22;;;9977;18;9980;24;;;9971.0;0.0
yf_ZC=F_d8;18600;INTARIAN_PEPPER_ROOT;11912;19;11910;20;;;11920;24;11923;24;;;11916.0;0.0
yf_ZC=F_d8;18700;ASH_COATED_OSMIUM;9967;15;9965;17;;;9973;15;9975;21;;;9970.0;0.0
yf_ZC=F_d8;18700;INTARIAN_PEPPER_ROOT;11912;15;11909;35;;;11918;14;11921;13;;;11915.0;0.0
yf_ZC=F_d8;18800;ASH_COATED_OSMIUM;9967;13;9963;18;;;9973;13;9976;20;;;9970.0;0.0
yf_ZC=F_d8;18800;INTARIAN_PEPPER_ROOT;11909;15;11905;10;;;11920;24;11924;16;;;11914.5;0.0
yf_ZC=F_d8;18900;ASH_COATED_OSMIUM;9967;13;9964;26;;;9973;14;9976;25;;;9970.0;0.0
yf_ZC=F_d8;18900;INTARIAN_PEPPER_ROOT;11899;10;11895;16;;;11929;8;11931;14;;;11914.0;0.0
yf_ZC=F_d8;19000;ASH_COATED_OSMIUM;9967;20;9963;25;;;9973;16;9976;18;;;9970.0;0.0
yf_ZC=F_d8;19000;INTARIAN_PEPPER_ROOT;11910;18;11906;16;;;11916;12;11919;23;;;11913.0;0.0
yf_ZC=F_d8;19100;ASH_COATED_OSMIUM;9967;13;9964;26;;;9973;10;9975;27;;;9970.0;0.0
yf_ZC=F_d8;19100;INTARIAN_PEPPER_ROOT;11909;20;11905;14;;;11915;14;11919;25;;;11912.0;0.0
yf_ZC=F_d8;19200;ASH_COATED_OSMIUM;9965;10;9961;12;;;9976;17;9980;26;;;9970.5;0.0
yf_ZC=F_d8;19200;INTARIAN_PEPPER_ROOT;11908;15;11905;17;;;11914;19;11918;17;;;11911.0;0.0
yf_ZC=F_d8;19300;ASH_COATED_OSMIUM;9968;17;9965;19;;;9974;15;9978;25;;;9971.0;0.0
yf_ZC=F_d8;19300;INTARIAN_PEPPER_ROOT;11907;19;11905;22;;;11913;12;11916;23;;;11910.0;0.0
yf_ZC=F_d8;19400;ASH_COATED_OSMIUM;9969;22;9966;17;;;9975;16;9977;23;;;9972.0;0.0
yf_ZC=F_d8;19400;INTARIAN_PEPPER_ROOT;11906;15;11903;18;;;11912;17;11915;21;;;11909.0;0.0
yf_ZC=F_d8;19500;ASH_COATED_OSMIUM;9968;14;9965;23;;;9974;17;9978;24;;;9971.0;0.0
yf_ZC=F_d8;19500;INTARIAN_PEPPER_ROOT;11899;5;11896;16;;;11917;25;11919;19;;;11908.0;0.0
yf_ZC=F_d8;19600;ASH_COATED_OSMIUM;9968;18;9966;35;;;9974;15;9976;23;;;9971.0;0.0
yf_ZC=F_d8;19600;INTARIAN_PEPPER_ROOT;11905;14;11902;23;;;11911;18;11915;21;;;11908.0;0.0
yf_ZC=F_d8;19700;ASH_COATED_OSMIUM;9968;24;9965;18;;;9974;17;9978;21;;;9971.0;0.0
yf_ZC=F_d8;19700;INTARIAN_PEPPER_ROOT;11904;22;11900;20;;;11910;15;11913;22;;;11907.0;0.0
yf_ZC=F_d8;19800;ASH_COATED_OSMIUM;9965;15;9962;16;;;9976;19;9980;16;;;9970.5;0.0
yf_ZC=F_d8;19800;INTARIAN_PEPPER_ROOT;11902;5;11900;22;;;11908;18;11912;23;;;11905.0;0.0
yf_ZC=F_d8;19900;ASH_COATED_OSMIUM;9964;9;9960;19;;;9977;11;9979;21;;;9970.5;0.0
yf_ZC=F_d8;19900;INTARIAN_PEPPER_ROOT;11902;16;11898;16;;;11908;21;11911;19;;;11905.0;0.0
yf_ZC=F_d8;20000;ASH_COATED_OSMIUM;9968;17;9966;25;;;9974;17;9977;19;;;9971.0;0.0
yf_ZC=F_d8;20000;INTARIAN_PEPPER_ROOT;11901;14;11899;14;;;11907;5;11911;19;;;11904.0;0.0
yf_ZC=F_d8;20100;ASH_COATED_OSMIUM;9968;15;9964;18;;;9974;10;9978;13;;;9971.0;0.0
yf_ZC=F_d8;20100;INTARIAN_PEPPER_ROOT;11900;15;11897;23;;;11906;11;11910;15;;;11903.0;0.0
yf_ZC=F_d8;20200;ASH_COATED_OSMIUM;9961;5;9959;24;;;9979;21;9983;25;;;9970.0;0.0
yf_ZC=F_d8;20200;INTARIAN_PEPPER_ROOT;11898;25;11895;13;;;11907;19;11911;31;;;11902.5;0.0
yf_ZC=F_d8;20300;ASH_COATED_OSMIUM;9966;15;9963;23;;;9976;19;9980;20;;;9971.0;0.0
yf_ZC=F_d8;20300;INTARIAN_PEPPER_ROOT;11898;15;11895;19;;;11904;11;11907;20;;;11901.0;0.0
yf_ZC=F_d8;20400;ASH_COATED_OSMIUM;9968;24;9965;8;;;9974;14;9977;23;;;9971.0;0.0
yf_ZC=F_d8;20400;INTARIAN_PEPPER_ROOT;11887;16;11884;20;;;11915;20;11917;20;;;11901.0;0.0
yf_ZC=F_d8;20500;ASH_COATED_OSMIUM;9965;14;9962;19;;;9976;21;9978;18;;;9970.5;0.0
yf_ZC=F_d8;20500;INTARIAN_PEPPER_ROOT;11897;17;11893;15;;;11903;13;11907;19;;;11900.0;0.0
yf_ZC=F_d8;20600;ASH_COATED_OSMIUM;9969;21;9965;26;;;9975;9;9978;14;;;9972.0;0.0
yf_ZC=F_d8;20600;INTARIAN_PEPPER_ROOT;11894;5;11890;18;;;11904;21;11907;18;;;11899.0;0.0
yf_ZC=F_d8;20700;ASH_COATED_OSMIUM;9968;15;9965;28;;;9974;19;9978;19;;;9971.0;0.0
yf_ZC=F_d8;20700;INTARIAN_PEPPER_ROOT;11896;23;11893;21;;;11902;18;11904;9;;;11899.0;0.0
yf_ZC=F_d8;20800;ASH_COATED_OSMIUM;9967;17;9964;21;;;9974;9;9978;23;;;9970.5;0.0
yf_ZC=F_d8;20800;INTARIAN_PEPPER_ROOT;11892;20;11888;18;;;11902;8;11904;17;;;11897.0;0.0
yf_ZC=F_d8;20900;ASH_COATED_OSMIUM;9969;17;9966;16;;;9975;5;9977;28;;;9972.0;0.0
yf_ZC=F_d8;20900;INTARIAN_PEPPER_ROOT;11886;17;11882;18;;;11907;12;11911;13;;;11896.5;0.0
yf_ZC=F_d8;21000;ASH_COATED_OSMIUM;9968;18;9966;18;;;9976;23;9980;13;;;9972.0;0.0
yf_ZC=F_d8;21000;INTARIAN_PEPPER_ROOT;11892;8;11890;17;;;11898;14;11900;19;;;11895.0;0.0
yf_ZC=F_d8;21100;ASH_COATED_OSMIUM;9957;14;9955;17;;;9986;8;9989;21;;;9971.5;0.0
yf_ZC=F_d8;21100;INTARIAN_PEPPER_ROOT;11891;22;11887;27;;;11897;22;11900;27;;;11894.0;0.0
yf_ZC=F_d8;21200;ASH_COATED_OSMIUM;9968;5;9964;17;;;9975;14;9977;22;;;9971.5;0.0
yf_ZC=F_d8;21200;INTARIAN_PEPPER_ROOT;11885;16;11882;21;;;11901;19;11903;24;;;11893.0;0.0
yf_ZC=F_d8;21300;ASH_COATED_OSMIUM;9966;10;9962;25;;;9977;14;9980;15;;;9971.5;0.0
yf_ZC=F_d8;21300;INTARIAN_PEPPER_ROOT;11880;21;11876;21;;;11906;9;11909;15;;;11893.0;0.0
yf_ZC=F_d8;21400;ASH_COATED_OSMIUM;9968;15;9964;24;;;9974;12;9978;20;;;9971.0;0.0
yf_ZC=F_d8;21400;INTARIAN_PEPPER_ROOT;11888;16;11885;24;;;11896;16;11899;10;;;11892.0;0.0
yf_ZC=F_d8;21500;ASH_COATED_OSMIUM;9969;18;9965;23;;;9975;14;9979;15;;;9972.0;0.0
yf_ZC=F_d8;21500;INTARIAN_PEPPER_ROOT;11888;15;11886;17;;;11894;9;11897;19;;;11891.0;0.0
yf_ZC=F_d8;21600;ASH_COATED_OSMIUM;9968;20;9966;15;;;9977;25;9981;14;;;9972.5;0.0
yf_ZC=F_d8;21600;INTARIAN_PEPPER_ROOT;11887;23;11883;23;;;11893;9;11896;17;;;11890.0;0.0
yf_ZC=F_d8;21700;ASH_COATED_OSMIUM;9959;10;9957;24;;;9984;24;9987;22;;;9971.5;0.0
yf_ZC=F_d8;21700;INTARIAN_PEPPER_ROOT;11886;10;11883;11;;;11892;20;11896;21;;;11889.0;0.0
yf_ZC=F_d8;21800;ASH_COATED_OSMIUM;9969;10;9965;18;;;9975;14;9977;19;;;9972.0;0.0
yf_ZC=F_d8;21800;INTARIAN_PEPPER_ROOT;11885;17;11883;22;;;11891;20;11895;19;;;11888.0;0.0
yf_ZC=F_d8;21900;ASH_COATED_OSMIUM;9968;20;9965;22;;;9974;23;9978;20;;;9971.0;0.0
yf_ZC=F_d8;21900;INTARIAN_PEPPER_ROOT;11884;15;11881;19;;;11890;16;11892;23;;;11887.0;0.0
yf_ZC=F_d8;22000;ASH_COATED_OSMIUM;9969;10;9966;19;;;9976;17;9980;17;;;9972.5;0.0
yf_ZC=F_d8;22000;INTARIAN_PEPPER_ROOT;11882;19;11878;21;;;11891;28;11895;21;;;11886.5;0.0
yf_ZC=F_d8;22100;ASH_COATED_OSMIUM;9969;14;9965;22;;;9975;12;9978;28;;;9972.0;0.0
yf_ZC=F_d8;22100;INTARIAN_PEPPER_ROOT;11883;6;11880;25;;;11889;17;11893;18;;;11886.0;0.0
yf_ZC=F_d8;22200;ASH_COATED_OSMIUM;9964;5;9960;12;;;9980;15;9982;21;;;9972.0;0.0
yf_ZC=F_d8;22200;INTARIAN_PEPPER_ROOT;11881;18;11879;16;;;11887;10;11890;18;;;11884.0;0.0
yf_ZC=F_d8;22300;ASH_COATED_OSMIUM;9966;20;9963;19;;;9978;15;9981;26;;;9972.0;0.0
yf_ZC=F_d8;22300;INTARIAN_PEPPER_ROOT;11872;16;11868;18;;;11896;24;11899;18;;;11884.0;0.0
yf_ZC=F_d8;22400;ASH_COATED_OSMIUM;9968;17;9965;8;;;9977;8;9980;24;;;9972.5;0.0
yf_ZC=F_d8;22400;INTARIAN_PEPPER_ROOT;11878;5;11875;14;;;11888;22;11890;19;;;11883.0;0.0
yf_ZC=F_d8;22500;ASH_COATED_OSMIUM;9969;24;9967;17;;;9975;20;9978;12;;;9972.0;0.0
yf_ZC=F_d8;22500;INTARIAN_PEPPER_ROOT;11879;20;11877;19;;;11885;14;11889;10;;;11882.0;0.0
yf_ZC=F_d8;22600;ASH_COATED_OSMIUM;9970;18;9966;20;;;9976;17;9978;13;;;9973.0;0.0
yf_ZC=F_d8;22600;INTARIAN_PEPPER_ROOT;11877;11;11874;11;;;11885;5;11889;23;;;11881.0;0.0
yf_ZC=F_d8;22700;ASH_COATED_OSMIUM;9969;8;9966;16;;;9975;14;9978;27;;;9972.0;0.0
yf_ZC=F_d8;22700;INTARIAN_PEPPER_ROOT;11869;16;11865;22;;;11890;19;11892;16;;;11879.5;0.0
yf_ZC=F_d8;22800;ASH_COATED_OSMIUM;9968;21;9966;19;;;9978;15;9982;14;;;9973.0;0.0
yf_ZC=F_d8;22800;INTARIAN_PEPPER_ROOT;11876;11;11872;18;;;11883;16;11886;14;;;11879.5;0.0
yf_ZC=F_d8;22900;ASH_COATED_OSMIUM;9970;22;9968;15;;;9976;13;9979;25;;;9973.0;0.0
yf_ZC=F_d8;22900;INTARIAN_PEPPER_ROOT;11875;10;11871;18;;;11882;10;11886;26;;;11878.5;0.0
yf_ZC=F_d8;23000;ASH_COATED_OSMIUM;9969;12;9966;29;;;9975;15;9979;25;;;9972.0;0.0
yf_ZC=F_d8;23000;INTARIAN_PEPPER_ROOT;11874;10;11872;16;;;11880;16;11884;13;;;11877.0;0.0
yf_ZC=F_d8;23100;ASH_COATED_OSMIUM;9959;15;9957;24;;;9987;15;9989;16;;;9973.0;0.0
yf_ZC=F_d8;23100;INTARIAN_PEPPER_ROOT;11873;10;11870;18;;;11880;14;11882;9;;;11876.5;0.0
yf_ZC=F_d8;23200;ASH_COATED_OSMIUM;9970;15;9966;17;;;9976;14;9978;23;;;9973.0;0.0
yf_ZC=F_d8;23200;INTARIAN_PEPPER_ROOT;11863;14;11859;21;;;11887;9;11891;17;;;11875.0;0.0
yf_ZC=F_d8;23300;ASH_COATED_OSMIUM;9969;18;9967;27;;;9975;15;9979;21;;;9972.0;0.0
yf_ZC=F_d8;23300;INTARIAN_PEPPER_ROOT;11871;21;11868;19;;;11877;15;11880;22;;;11874.0;0.0
yf_ZC=F_d8;23400;ASH_COATED_OSMIUM;9967;11;9963;19;;;9979;17;9982;24;;;9973.0;0.0
yf_ZC=F_d8;23400;INTARIAN_PEPPER_ROOT;11860;5;11856;19;;;11889;21;11893;19;;;11874.5;0.0
yf_ZC=F_d8;23500;ASH_COATED_OSMIUM;9965;8;9963;14;;;9981;12;9985;12;;;9973.0;0.0
yf_ZC=F_d8;23500;INTARIAN_PEPPER_ROOT;11868;13;11864;13;;;11878;11;11880;31;;;11873.0;0.0
yf_ZC=F_d8;23600;ASH_COATED_OSMIUM;9970;13;9967;26;;;9976;19;9978;25;;;9973.0;0.0
yf_ZC=F_d8;23600;INTARIAN_PEPPER_ROOT;11867;5;11863;27;;;11877;13;11879;21;;;11872.0;0.0
yf_ZC=F_d8;23700;ASH_COATED_OSMIUM;9968;17;9964;16;;;9977;19;9980;20;;;9972.5;0.0
yf_ZC=F_d8;23700;INTARIAN_PEPPER_ROOT;11869;10;11866;9;;;11875;5;11879;9;;;11872.0;0.0
yf_ZC=F_d8;23800;ASH_COATED_OSMIUM;9970;8;9968;16;;;9976;19;9978;34;;;9973.0;0.0
yf_ZC=F_d8;23800;INTARIAN_PEPPER_ROOT;11867;22;11863;13;;;11873;15;11877;25;;;11870.0;0.0
yf_ZC=F_d8;23900;ASH_COATED_OSMIUM;9970;19;9967;21;;;9976;10;9978;18;;;9973.0;0.0
yf_ZC=F_d8;23900;INTARIAN_PEPPER_ROOT;11866;13;11863;25;;;11872;15;11874;11;;;11869.0;0.0
yf_ZC=F_d8;24000;ASH_COATED_OSMIUM;9964;5;9962;24;;;9983;5;9986;11;;;9973.5;0.0
yf_ZC=F_d8;24000;INTARIAN_PEPPER_ROOT;11866;12;11863;20;;;11872;29;11876;25;;;11869.0;0.0
yf_ZC=F_d8;24100;ASH_COATED_OSMIUM;9969;8;9966;17;;;9976;6;9978;24;;;9972.5;0.0
yf_ZC=F_d8;24100;INTARIAN_PEPPER_ROOT;11865;20;11862;16;;;11871;22;11875;25;;;11868.0;0.0
yf_ZC=F_d8;24200;ASH_COATED_OSMIUM;9969;10;9967;22;;;9975;17;9978;18;;;9972.0;0.0
yf_ZC=F_d8;24200;INTARIAN_PEPPER_ROOT;11859;14;11857;21;;;11875;24;11879;26;;;11867.0;0.0
yf_ZC=F_d8;24300;ASH_COATED_OSMIUM;9970;15;9967;14;;;9976;16;9978;22;;;9973.0;0.0
yf_ZC=F_d8;24300;INTARIAN_PEPPER_ROOT;11863;10;11860;24;;;11869;23;11873;12;;;11866.0;0.0
yf_ZC=F_d8;24400;ASH_COATED_OSMIUM;9970;16;9967;25;;;9976;7;9979;22;;;9973.0;0.0
yf_ZC=F_d8;24400;INTARIAN_PEPPER_ROOT;11862;14;11860;24;;;11868;16;11870;16;;;11865.0;0.0
yf_ZC=F_d8;24500;ASH_COATED_OSMIUM;9970;5;9967;25;;;9976;14;9980;18;;;9973.0;0.0
yf_ZC=F_d8;24500;INTARIAN_PEPPER_ROOT;11861;18;11857;17;;;11867;20;11871;15;;;11864.0;0.0
yf_ZC=F_d8;24600;ASH_COATED_OSMIUM;9969;20;9966;23;;;9977;15;9980;20;;;9973.0;0.0
yf_ZC=F_d8;24600;INTARIAN_PEPPER_ROOT;11860;14;11858;18;;;11866;14;11870;21;;;11863.0;0.0
yf_ZC=F_d8;24700;ASH_COATED_OSMIUM;9970;22;9968;13;;;9976;6;9980;24;;;9973.0;0.0
yf_ZC=F_d8;24700;INTARIAN_PEPPER_ROOT;11860;15;11857;27;;;11866;19;11869;19;;;11863.0;0.0
yf_ZC=F_d8;24800;ASH_COATED_OSMIUM;9964;17;9962;17;;;9982;21;9986;22;;;9973.0;0.0
yf_ZC=F_d8;24800;INTARIAN_PEPPER_ROOT;11853;17;11851;25;;;11871;22;11875;28;;;11862.0;0.0
yf_ZC=F_d8;24900;ASH_COATED_OSMIUM;9970;14;9967;20;;;9976;22;9979;28;;;9973.0;0.0
yf_ZC=F_d8;24900;INTARIAN_PEPPER_ROOT;11857;10;11855;14;;;11863;9;11866;22;;;11860.0;0.0
yf_ZC=F_d8;25000;ASH_COATED_OSMIUM;9970;26;9966;20;;;9976;17;9979;19;;;9973.0;0.0
yf_ZC=F_d8;25000;INTARIAN_PEPPER_ROOT;11857;23;11854;16;;;11863;13;11865;17;;;11860.0;0.0
yf_ZC=F_d8;25100;ASH_COATED_OSMIUM;9971;17;9968;25;;;9977;11;9980;21;;;9974.0;0.0
yf_ZC=F_d8;25100;INTARIAN_PEPPER_ROOT;11856;5;11853;31;;;11862;9;11866;22;;;11859.0;0.0
yf_ZC=F_d8;25200;ASH_COATED_OSMIUM;9970;18;9966;10;;;9976;15;9980;16;;;9973.0;0.0
yf_ZC=F_d8;25200;INTARIAN_PEPPER_ROOT;11855;6;11851;17;;;11861;17;11865;12;;;11858.0;0.0
yf_ZC=F_d8;25300;ASH_COATED_OSMIUM;9970;21;9966;22;;;9976;16;9979;25;;;9973.0;0.0
yf_ZC=F_d8;25300;INTARIAN_PEPPER_ROOT;11855;24;11853;22;;;11861;18;11864;19;;;11858.0;0.0
yf_ZC=F_d8;25400;ASH_COATED_OSMIUM;9971;15;9967;17;;;9977;19;9981;14;;;9974.0;0.0
yf_ZC=F_d8;25400;INTARIAN_PEPPER_ROOT;11852;15;11850;21;;;11860;22;11862;22;;;11856.0;0.0
yf_ZC=F_d8;25500;ASH_COATED_OSMIUM;9971;8;9968;14;;;9977;10;9979;17;;;9974.0;0.0
yf_ZC=F_d8;25500;INTARIAN_PEPPER_ROOT;11845;10;11842;11;;;11866;5;11870;23;;;11855.5;0.0
yf_ZC=F_d8;25600;ASH_COATED_OSMIUM;9970;12;9966;17;;;9976;13;9978;22;;;9973.0;0.0
yf_ZC=F_d8;25600;INTARIAN_PEPPER_ROOT;11851;9;11847;29;;;11857;11;11861;16;;;11854.0;0.0
yf_ZC=F_d8;25700;ASH_COATED_OSMIUM;9971;5;9969;16;;;9977;8;9979;24;;;9974.0;0.0
yf_ZC=F_d8;25700;INTARIAN_PEPPER_ROOT;11851;19;11847;22;;;11857;14;11860;17;;;11854.0;0.0
yf_ZC=F_d8;25800;ASH_COATED_OSMIUM;9964;12;9960;14;;;9985;16;9988;12;;;9974.5;0.0
yf_ZC=F_d8;25800;INTARIAN_PEPPER_ROOT;11845;12;11842;17;;;11860;16;11863;15;;;11852.5;0.0
yf_ZC=F_d8;25900;ASH_COATED_OSMIUM;9971;11;9968;19;;;9977;9;9980;13;;;9974.0;0.0
yf_ZC=F_d8;25900;INTARIAN_PEPPER_ROOT;11848;15;11845;22;;;11854;21;11856;14;;;11851.0;0.0
yf_ZC=F_d8;26000;ASH_COATED_OSMIUM;9971;12;9968;12;;;9977;21;9980;23;;;9974.0;0.0
yf_ZC=F_d8;26000;INTARIAN_PEPPER_ROOT;11848;9;11846;16;;;11854;13;11856;24;;;11851.0;0.0
yf_ZC=F_d8;26100;ASH_COATED_OSMIUM;9971;19;9969;22;;;9977;10;9979;29;;;9974.0;0.0
yf_ZC=F_d8;26100;INTARIAN_PEPPER_ROOT;11848;15;11846;22;;;11854;12;11857;25;;;11851.0;0.0
yf_ZC=F_d8;26200;ASH_COATED_OSMIUM;9961;20;9957;16;;;9987;12;9991;22;;;9974.0;0.0
yf_ZC=F_d8;26200;INTARIAN_PEPPER_ROOT;11846;11;11842;17;;;11852;18;11856;20;;;11849.0;0.0
yf_ZC=F_d8;26300;ASH_COATED_OSMIUM;9966;23;9964;17;;;9983;12;9985;20;;;9974.5;0.0
yf_ZC=F_d8;26300;INTARIAN_PEPPER_ROOT;11845;28;11841;11;;;11851;12;11854;23;;;11848.0;0.0
yf_ZC=F_d8;26400;ASH_COATED_OSMIUM;9958;18;9956;22;;;9990;20;9993;17;;;9974.0;0.0
yf_ZC=F_d8;26400;INTARIAN_PEPPER_ROOT;11845;18;11843;21;;;11851;22;11854;21;;;11848.0;0.0
yf_ZC=F_d8;26500;ASH_COATED_OSMIUM;9965;14;9962;28;;;9983;24;9986;27;;;9974.0;0.0
yf_ZC=F_d8;26500;INTARIAN_PEPPER_ROOT;11840;10;11837;21;;;11852;12;11854;14;;;11846.0;0.0
yf_ZC=F_d8;26600;ASH_COATED_OSMIUM;9970;15;9966;18;;;9976;13;9978;10;;;9973.0;0.0
yf_ZC=F_d8;26600;INTARIAN_PEPPER_ROOT;11843;10;11841;25;;;11849;10;11851;18;;;11846.0;0.0
yf_ZC=F_d8;26700;ASH_COATED_OSMIUM;9971;8;9969;23;;;9977;19;9979;17;;;9974.0;0.0
yf_ZC=F_d8;26700;INTARIAN_PEPPER_ROOT;11842;12;11838;15;;;11848;13;11852;24;;;11845.0;0.0
yf_ZC=F_d8;26800;ASH_COATED_OSMIUM;9968;14;9966;18;;;9982;8;9986;23;;;9975.0;0.0
yf_ZC=F_d8;26800;INTARIAN_PEPPER_ROOT;11840;11;11837;17;;;11849;6;11851;21;;;11844.5;0.0
yf_ZC=F_d8;26900;ASH_COATED_OSMIUM;9971;16;9968;14;;;9977;11;9981;28;;;9974.0;0.0
yf_ZC=F_d8;26900;INTARIAN_PEPPER_ROOT;11840;24;11836;19;;;11846;13;11850;25;;;11843.0;0.0
yf_ZC=F_d8;27000;ASH_COATED_OSMIUM;9971;12;9968;19;;;9977;16;9980;22;;;9974.0;0.0
yf_ZC=F_d8;27000;INTARIAN_PEPPER_ROOT;11839;10;11837;22;;;11845;22;11849;21;;;11842.0;0.0
yf_ZC=F_d8;27100;ASH_COATED_OSMIUM;9971;8;9968;19;;;9977;13;9980;16;;;9974.0;0.0
yf_ZC=F_d8;27100;INTARIAN_PEPPER_ROOT;11839;17;11837;15;;;11845;5;11849;22;;;11842.0;0.0
yf_ZC=F_d8;27200;ASH_COATED_OSMIUM;9965;7;9962;25;;;9985;15;9987;26;;;9975.0;0.0
yf_ZC=F_d8;27200;INTARIAN_PEPPER_ROOT;11835;20;11832;13;;;11845;18;11847;18;;;11840.0;0.0
yf_ZC=F_d8;27300;ASH_COATED_OSMIUM;9971;17;9969;25;;;9977;11;9980;14;;;9974.0;0.0
yf_ZC=F_d8;27300;INTARIAN_PEPPER_ROOT;11837;11;11835;21;;;11843;12;11847;19;;;11840.0;0.0
yf_ZC=F_d8;27400;ASH_COATED_OSMIUM;9971;22;9969;24;;;9979;9;9983;16;;;9975.0;0.0
yf_ZC=F_d8;27400;INTARIAN_PEPPER_ROOT;11832;16;11828;31;;;11845;12;11848;16;;;11838.5;0.0
yf_ZC=F_d8;27500;ASH_COATED_OSMIUM;9969;16;9965;26;;;9980;9;9982;20;;;9974.5;0.0
yf_ZC=F_d8;27500;INTARIAN_PEPPER_ROOT;11835;20;11832;24;;;11841;16;11845;11;;;11838.0;0.0
yf_ZC=F_d8;27600;ASH_COATED_OSMIUM;9972;13;9969;30;;;9978;11;9981;23;;;9975.0;0.0
yf_ZC=F_d8;27600;INTARIAN_PEPPER_ROOT;11833;22;11831;23;;;11841;13;11844;16;;;11837.0;0.0
yf_ZC=F_d8;27700;ASH_COATED_OSMIUM;9970;13;9968;25;;;9980;11;9983;14;;;9975.0;0.0
yf_ZC=F_d8;27700;INTARIAN_PEPPER_ROOT;11833;17;11831;25;;;11839;9;11843;10;;;11836.0;0.0
yf_ZC=F_d8;27800;ASH_COATED_OSMIUM;9972;5;9968;28;;;9978;7;9980;12;;;9975.0;0.0
yf_ZC=F_d8;27800;INTARIAN_PEPPER_ROOT;11832;16;11830;13;;;11838;15;11842;16;;;11835.0;0.0
yf_ZC=F_d8;27900;ASH_COATED_OSMIUM;9966;19;9963;17;;;9985;13;9989;17;;;9975.5;0.0
yf_ZC=F_d8;27900;INTARIAN_PEPPER_ROOT;11823;23;11819;20;;;11846;15;11848;24;;;11834.5;0.0
yf_ZC=F_d8;28000;ASH_COATED_OSMIUM;9969;19;9965;13;;;9981;15;9985;19;;;9975.0;0.0
yf_ZC=F_d8;28000;INTARIAN_PEPPER_ROOT;11830;26;11828;18;;;11836;9;11839;15;;;11833.0;0.0
yf_ZC=F_d8;28100;ASH_COATED_OSMIUM;9972;16;9969;24;;;9978;16;9981;23;;;9975.0;0.0
yf_ZC=F_d8;28100;INTARIAN_PEPPER_ROOT;11830;22;11828;10;;;11836;14;11840;18;;;11833.0;0.0
yf_ZC=F_d8;28200;ASH_COATED_OSMIUM;9972;14;9968;31;;;9978;12;9980;18;;;9975.0;0.0
yf_ZC=F_d8;28200;INTARIAN_PEPPER_ROOT;11828;15;11826;30;;;11834;9;11838;11;;;11831.0;0.0
yf_ZC=F_d8;28300;ASH_COATED_OSMIUM;9972;17;9970;12;;;9978;10;9981;20;;;9975.0;0.0
yf_ZC=F_d8;28300;INTARIAN_PEPPER_ROOT;11824;19;11821;24;;;11837;10;11839;23;;;11830.5;0.0
yf_ZC=F_d8;28400;ASH_COATED_OSMIUM;9972;11;9968;18;;;9978;11;9981;28;;;9975.0;0.0
yf_ZC=F_d8;28400;INTARIAN_PEPPER_ROOT;11814;18;11812;21;;;11845;14;11848;21;;;11829.5;0.0
yf_ZC=F_d8;28500;ASH_COATED_OSMIUM;9972;12;9969;24;;;9979;17;9983;34;;;9975.5;0.0
yf_ZC=F_d8;28500;INTARIAN_PEPPER_ROOT;11821;12;11819;13;;;11837;20;11840;25;;;11829.0;0.0
yf_ZC=F_d8;28600;ASH_COATED_OSMIUM;9972;13;9968;12;;;9978;10;9980;22;;;9975.0;0.0
yf_ZC=F_d8;28600;INTARIAN_PEPPER_ROOT;11825;11;11823;19;;;11831;11;11833;19;;;11828.0;0.0
yf_ZC=F_d8;28700;ASH_COATED_OSMIUM;9972;17;9970;15;;;9978;21;9982;10;;;9975.0;0.0
yf_ZC=F_d8;28700;INTARIAN_PEPPER_ROOT;11823;18;11821;19;;;11831;13;11833;21;;;11827.0;0.0
yf_ZC=F_d8;28800;ASH_COATED_OSMIUM;9968;14;9965;19;;;9981;20;9983;20;;;9974.5;0.0
yf_ZC=F_d8;28800;INTARIAN_PEPPER_ROOT;11814;15;11811;19;;;11838;13;11840;13;;;11826.0;0.0
yf_ZC=F_d8;28900;ASH_COATED_OSMIUM;9973;19;9970;25;;;9979;24;9983;19;;;9976.0;0.0
yf_ZC=F_d8;28900;INTARIAN_PEPPER_ROOT;11822;12;11820;25;;;11828;15;11831;18;;;11825.0;0.0
yf_ZC=F_d8;29000;ASH_COATED_OSMIUM;9972;18;9968;19;;;9979;17;9982;16;;;9975.5;0.0
yf_ZC=F_d8;29000;INTARIAN_PEPPER_ROOT;11820;20;11817;15;;;11828;16;11831;28;;;11824.0;0.0
yf_ZC=F_d8;29100;ASH_COATED_OSMIUM;9972;9;9970;15;;;9978;10;9980;21;;;9975.0;0.0
yf_ZC=F_d8;29100;INTARIAN_PEPPER_ROOT;11820;12;11818;16;;;11826;18;11829;9;;;11823.0;0.0
yf_ZC=F_d8;29200;ASH_COATED_OSMIUM;9973;25;9971;15;;;9979;11;9983;21;;;9976.0;0.0
yf_ZC=F_d8;29200;INTARIAN_PEPPER_ROOT;11820;6;11817;24;;;11826;11;11829;17;;;11823.0;0.0
yf_ZC=F_d8;29300;ASH_COATED_OSMIUM;9973;15;9971;17;;;9979;17;9983;20;;;9976.0;0.0
yf_ZC=F_d8;29300;INTARIAN_PEPPER_ROOT;11818;13;11814;20;;;11824;26;11828;16;;;11821.0;0.0
yf_ZC=F_d8;29400;ASH_COATED_OSMIUM;9971;18;9969;15;;;9981;10;9983;13;;;9976.0;0.0
yf_ZC=F_d8;29400;INTARIAN_PEPPER_ROOT;11802;19;11800;22;;;11841;14;11845;22;;;11821.5;0.0
yf_ZC=F_d8;29500;ASH_COATED_OSMIUM;9973;17;9970;22;;;9980;11;9984;22;;;9976.5;0.0
yf_ZC=F_d8;29500;INTARIAN_PEPPER_ROOT;11817;10;11813;19;;;11823;12;11826;20;;;11820.0;0.0
yf_ZC=F_d8;29600;ASH_COATED_OSMIUM;9973;10;9971;19;;;9979;18;9982;23;;;9976.0;0.0
yf_ZC=F_d8;29600;INTARIAN_PEPPER_ROOT;11816;17;11814;19;;;11822;18;11825;20;;;11819.0;0.0
yf_ZC=F_d8;29700;ASH_COATED_OSMIUM;9973;18;9971;19;;;9979;9;9981;17;;;9976.0;0.0
yf_ZC=F_d8;29700;INTARIAN_PEPPER_ROOT;11815;18;11812;18;;;11821;12;11823;20;;;11818.0;0.0
yf_ZC=F_d8;29800;ASH_COATED_OSMIUM;9973;5;9969;8;;;9979;16;9981;25;;;9976.0;0.0
yf_ZC=F_d8;29800;INTARIAN_PEPPER_ROOT;11814;13;11812;21;;;11820;26;11823;22;;;11817.0;0.0
yf_ZC=F_d8;29900;ASH_COATED_OSMIUM;9972;14;9968;18;;;9980;16;9983;20;;;9976.0;0.0
yf_ZC=F_d8;29900;INTARIAN_PEPPER_ROOT;11814;16;11811;17;;;11820;16;11823;19;;;11817.0;0.0
yf_ZC=F_d8;30000;ASH_COATED_OSMIUM;9971;22;9968;11;;;9981;14;9983;13;;;9976.0;0.0
yf_ZC=F_d8;30000;INTARIAN_PEPPER_ROOT;11812;30;11809;15;;;11818;22;11822;28;;;11815.0;0.0
yf_ZC=F_d8;30100;ASH_COATED_OSMIUM;9973;18;9969;18;;;9979;14;9981;13;;;9976.0;0.0
yf_ZC=F_d8;30100;INTARIAN_PEPPER_ROOT;11812;11;11810;23;;;11818;7;11820;26;;;11815.0;0.0
yf_ZC=F_d8;30200;ASH_COATED_OSMIUM;9973;13;9971;18;;;9979;10;9982;18;;;9976.0;0.0
yf_ZC=F_d8;30200;INTARIAN_PEPPER_ROOT;11811;16;11808;22;;;11817;21;11819;11;;;11814.0;0.0
yf_ZC=F_d8;30300;ASH_COATED_OSMIUM;9973;20;9971;23;;;9979;6;9983;21;;;9976.0;0.0
yf_ZC=F_d8;30300;INTARIAN_PEPPER_ROOT;11810;11;11807;16;;;11817;12;11819;25;;;11813.5;0.0
yf_ZC=F_d8;30400;ASH_COATED_OSMIUM;9972;26;9968;16;;;9980;18;9984;15;;;9976.0;0.0
yf_ZC=F_d8;30400;INTARIAN_PEPPER_ROOT;11809;19;11805;22;;;11815;10;11818;14;;;11812.0;0.0
yf_ZC=F_d8;30500;ASH_COATED_OSMIUM;9973;25;9969;29;;;9979;10;9983;14;;;9976.0;0.0
yf_ZC=F_d8;30500;INTARIAN_PEPPER_ROOT;11808;13;11804;17;;;11814;15;11818;17;;;11811.0;0.0
yf_ZC=F_d8;30600;ASH_COATED_OSMIUM;9974;15;9971;25;;;9980;14;9983;16;;;9977.0;0.0
yf_ZC=F_d8;30600;INTARIAN_PEPPER_ROOT;11807;13;11804;20;;;11813;22;11817;8;;;11810.0;0.0
yf_ZC=F_d8;30700;ASH_COATED_OSMIUM;9969;18;9965;27;;;9984;14;9987;18;;;9976.5;0.0
yf_ZC=F_d8;30700;INTARIAN_PEPPER_ROOT;11807;10;11803;21;;;11813;13;11816;18;;;11810.0;0.0
yf_ZC=F_d8;30800;ASH_COATED_OSMIUM;9966;17;9964;20;;;9988;16;9990;26;;;9977.0;0.0
yf_ZC=F_d8;30800;INTARIAN_PEPPER_ROOT;11805;17;11803;23;;;11811;5;11813;21;;;11808.0;0.0
yf_ZC=F_d8;30900;ASH_COATED_OSMIUM;9973;14;9971;19;;;9979;5;9982;22;;;9976.0;0.0
yf_ZC=F_d8;30900;INTARIAN_PEPPER_ROOT;11805;19;11803;20;;;11811;22;11815;20;;;11808.0;0.0
yf_ZC=F_d8;31000;ASH_COATED_OSMIUM;9971;18;9969;23;;;9982;12;9985;23;;;9976.5;0.0
yf_ZC=F_d8;31000;INTARIAN_PEPPER_ROOT;11801;10;11797;15;;;11812;25;11815;17;;;11806.5;0.0
yf_ZC=F_d8;31100;ASH_COATED_OSMIUM;9974;17;9971;14;;;9980;10;9984;18;;;9977.0;0.0
yf_ZC=F_d8;31100;INTARIAN_PEPPER_ROOT;11802;20;11798;18;;;11809;11;11812;23;;;11805.5;0.0
yf_ZC=F_d8;31200;ASH_COATED_OSMIUM;9974;19;9972;22;;;9980;15;9983;21;;;9977.0;0.0
yf_ZC=F_d8;31200;INTARIAN_PEPPER_ROOT;11802;16;11799;15;;;11808;9;11812;25;;;11805.0;0.0
yf_ZC=F_d8;31300;ASH_COATED_OSMIUM;9969;16;9965;19;;;9984;6;9988;25;;;9976.5;0.0
yf_ZC=F_d8;31300;INTARIAN_PEPPER_ROOT;11800;19;11796;27;;;11808;14;11812;14;;;11804.0;0.0
yf_ZC=F_d8;31400;ASH_COATED_OSMIUM;9973;15;9970;11;;;9981;10;9983;14;;;9977.0;0.0
yf_ZC=F_d8;31400;INTARIAN_PEPPER_ROOT;11800;21;11797;25;;;11806;20;11810;21;;;11803.0;0.0
yf_ZC=F_d8;31500;ASH_COATED_OSMIUM;9970;11;9966;19;;;9984;26;9987;15;;;9977.0;0.0
yf_ZC=F_d8;31500;INTARIAN_PEPPER_ROOT;11795;6;11791;20;;;11809;16;11811;23;;;11802.0;0.0
yf_ZC=F_d8;31600;ASH_COATED_OSMIUM;9974;14;9971;8;;;9980;9;9984;8;;;9977.0;0.0
yf_ZC=F_d8;31600;INTARIAN_PEPPER_ROOT;11798;19;11795;14;;;11804;15;11808;20;;;11801.0;0.0
yf_ZC=F_d8;31700;ASH_COATED_OSMIUM;9964;14;9962;29;;;9989;14;9992;21;;;9976.5;0.0
yf_ZC=F_d8;31700;INTARIAN_PEPPER_ROOT;11793;12;11791;18;;;11807;21;11810;12;;;11800.0;0.0
yf_ZC=F_d8;31800;ASH_COATED_OSMIUM;9974;12;9971;23;;;9980;28;9982;22;;;9977.0;0.0
yf_ZC=F_d8;31800;INTARIAN_PEPPER_ROOT;11795;19;11791;18;;;11805;17;11807;24;;;11800.0;0.0
yf_ZC=F_d8;31900;ASH_COATED_OSMIUM;9974;19;9972;20;;;9980;14;9984;16;;;9977.0;0.0
yf_ZC=F_d8;31900;INTARIAN_PEPPER_ROOT;11795;5;11793;24;;;11801;12;11804;25;;;11798.0;0.0
yf_ZC=F_d8;32000;ASH_COATED_OSMIUM;9974;7;9971;32;;;9980;14;9984;24;;;9977.0;0.0
yf_ZC=F_d8;32000;INTARIAN_PEPPER_ROOT;11784;20;11781;28;;;11813;12;11817;18;;;11798.5;0.0
yf_ZC=F_d8;32100;ASH_COATED_OSMIUM;9974;17;9971;21;;;9980;5;9983;20;;;9977.0;0.0
yf_ZC=F_d8;32100;INTARIAN_PEPPER_ROOT;11793;8;11790;19;;;11800;23;11804;20;;;11796.5;0.0
yf_ZC=F_d8;32200;ASH_COATED_OSMIUM;9974;13;9971;14;;;9980;23;9984;24;;;9977.0;0.0
yf_ZC=F_d8;32200;INTARIAN_PEPPER_ROOT;11792;10;11788;19;;;11800;14;11803;23;;;11796.0;0.0
yf_ZC=F_d8;32300;ASH_COATED_OSMIUM;9969;13;9967;22;;;9985;14;9989;26;;;9977.0;0.0
yf_ZC=F_d8;32300;INTARIAN_PEPPER_ROOT;11778;11;11775;8;;;11813;15;11816;24;;;11795.5;0.0
yf_ZC=F_d8;32400;ASH_COATED_OSMIUM;9970;14;9967;23;;;9985;25;9988;25;;;9977.5;0.0
yf_ZC=F_d8;32400;INTARIAN_PEPPER_ROOT;11792;19;11788;15;;;11798;25;11802;12;;;11795.0;0.0
yf_ZC=F_d8;32500;ASH_COATED_OSMIUM;9971;17;9967;25;;;9984;19;9987;14;;;9977.5;0.0
yf_ZC=F_d8;32500;INTARIAN_PEPPER_ROOT;11786;19;11784;19;;;11800;14;11804;21;;;11793.0;0.0
yf_ZC=F_d8;32600;ASH_COATED_OSMIUM;9972;12;9969;15;;;9982;16;9985;18;;;9977.0;0.0
yf_ZC=F_d8;32600;INTARIAN_PEPPER_ROOT;11789;17;11786;20;;;11795;12;11798;21;;;11792.0;0.0
yf_ZC=F_d8;32700;ASH_COATED_OSMIUM;9974;11;9971;16;;;9980;18;9984;21;;;9977.0;0.0
yf_ZC=F_d8;32700;INTARIAN_PEPPER_ROOT;11788;14;11784;24;;;11794;18;11796;24;;;11791.0;0.0
yf_ZC=F_d8;32800;ASH_COATED_OSMIUM;9973;16;9971;12;;;9981;13;9985;21;;;9977.0;0.0
yf_ZC=F_d8;32800;INTARIAN_PEPPER_ROOT;11786;19;11782;11;;;11795;13;11798;25;;;11790.5;0.0
yf_ZC=F_d8;32900;ASH_COATED_OSMIUM;9975;8;9971;26;;;9981;10;9983;21;;;9978.0;0.0
yf_ZC=F_d8;32900;INTARIAN_PEPPER_ROOT;11787;15;11784;15;;;11793;11;11795;17;;;11790.0;0.0
yf_ZC=F_d8;33000;ASH_COATED_OSMIUM;9975;19;9972;21;;;9981;12;9983;22;;;9978.0;0.0
yf_ZC=F_d8;33000;INTARIAN_PEPPER_ROOT;11782;16;11778;24;;;11796;16;11798;18;;;11789.0;0.0
yf_ZC=F_d8;33100;ASH_COATED_OSMIUM;9975;16;9973;23;;;9981;8;9985;20;;;9978.0;0.0
yf_ZC=F_d8;33100;INTARIAN_PEPPER_ROOT;11784;16;11780;25;;;11792;16;11794;18;;;11788.0;0.0
yf_ZC=F_d8;33200;ASH_COATED_OSMIUM;9975;20;9972;26;;;9981;8;9985;19;;;9978.0;0.0
yf_ZC=F_d8;33200;INTARIAN_PEPPER_ROOT;11785;16;11782;22;;;11791;24;11793;10;;;11788.0;0.0
yf_ZC=F_d8;33300;ASH_COATED_OSMIUM;9975;10;9972;23;;;9981;16;9983;14;;;9978.0;0.0
yf_ZC=F_d8;33300;INTARIAN_PEPPER_ROOT;11784;13;11780;23;;;11790;17;11794;17;;;11787.0;0.0
yf_ZC=F_d8;33400;ASH_COATED_OSMIUM;9969;16;9967;11;;;9987;23;9991;11;;;9978.0;0.0
yf_ZC=F_d8;33400;INTARIAN_PEPPER_ROOT;11783;15;11780;11;;;11789;14;11791;17;;;11786.0;0.0
yf_ZC=F_d8;33500;ASH_COATED_OSMIUM;9975;15;9973;22;;;9981;7;9983;20;;;9978.0;0.0
yf_ZC=F_d8;33500;INTARIAN_PEPPER_ROOT;11781;23;11779;24;;;11787;11;11790;13;;;11784.0;0.0
yf_ZC=F_d8;33600;ASH_COATED_OSMIUM;9973;16;9969;14;;;9983;13;9985;15;;;9978.0;0.0
yf_ZC=F_d8;33600;INTARIAN_PEPPER_ROOT;11780;21;11777;17;;;11787;12;11790;11;;;11783.5;0.0
yf_ZC=F_d8;33700;ASH_COATED_OSMIUM;9976;24;9972;16;;;9982;24;9986;15;;;9979.0;0.0
yf_ZC=F_d8;33700;INTARIAN_PEPPER_ROOT;11779;12;11776;26;;;11785;19;11787;23;;;11782.0;0.0
yf_ZC=F_d8;33800;ASH_COATED_OSMIUM;9973;24;9971;27;;;9984;17;9988;22;;;9978.5;0.0
yf_ZC=F_d8;33800;INTARIAN_PEPPER_ROOT;11779;7;11777;22;;;11785;14;11788;18;;;11782.0;0.0
yf_ZC=F_d8;33900;ASH_COATED_OSMIUM;9972;14;9969;13;;;9985;19;9988;18;;;9978.5;0.0
yf_ZC=F_d8;33900;INTARIAN_PEPPER_ROOT;11778;17;11776;24;;;11784;7;11788;20;;;11781.0;0.0
yf_ZC=F_d8;34000;ASH_COATED_OSMIUM;9973;14;9970;18;;;9984;9;9987;18;;;9978.5;0.0
yf_ZC=F_d8;34000;INTARIAN_PEPPER_ROOT;11778;21;11774;21;;;11784;9;11788;25;;;11781.0;0.0
yf_ZC=F_d8;34100;ASH_COATED_OSMIUM;9975;14;9973;24;;;9981;8;9983;12;;;9978.0;0.0
yf_ZC=F_d8;34100;INTARIAN_PEPPER_ROOT;11772;20;11768;28;;;11791;5;11793;30;;;11781.5;0.0
yf_ZC=F_d8;34200;ASH_COATED_OSMIUM;9974;15;9970;21;;;9980;12;9982;17;;;9977.0;0.0
yf_ZC=F_d8;34200;INTARIAN_PEPPER_ROOT;11778;17;11775;24;;;11784;24;11788;25;;;11781.0;0.0
yf_ZC=F_d8;34300;ASH_COATED_OSMIUM;9974;13;9972;19;;;9980;15;9982;19;;;9977.0;0.0
yf_ZC=F_d8;34300;INTARIAN_PEPPER_ROOT;11777;5;11775;20;;;11783;5;11787;24;;;11780.0;0.0
yf_ZC=F_d8;34400;ASH_COATED_OSMIUM;9974;16;9971;20;;;9980;11;9984;22;;;9977.0;0.0
yf_ZC=F_d8;34400;INTARIAN_PEPPER_ROOT;11777;14;11774;16;;;11785;8;11788;13;;;11781.0;0.0
yf_ZC=F_d8;34500;ASH_COATED_OSMIUM;9973;17;9969;23;;;9982;22;9984;26;;;9977.5;0.0
yf_ZC=F_d8;34500;INTARIAN_PEPPER_ROOT;11778;28;11776;17;;;11784;21;11786;25;;;11781.0;0.0
yf_ZC=F_d8;34600;ASH_COATED_OSMIUM;9970;7;9966;14;;;9984;7;9987;17;;;9977.0;0.0
yf_ZC=F_d8;34600;INTARIAN_PEPPER_ROOT;11777;5;11773;18;;;11783;21;11787;22;;;11780.0;0.0
yf_ZC=F_d8;34700;ASH_COATED_OSMIUM;9975;7;9973;19;;;9981;10;9984;17;;;9978.0;0.0
yf_ZC=F_d8;34700;INTARIAN_PEPPER_ROOT;11775;23;11773;27;;;11788;12;11790;25;;;11781.5;0.0
yf_ZC=F_d8;34800;ASH_COATED_OSMIUM;9974;9;9970;23;;;9980;17;9984;19;;;9977.0;0.0
yf_ZC=F_d8;34800;INTARIAN_PEPPER_ROOT;11777;5;11774;14;;;11783;19;11786;18;;;11780.0;0.0
yf_ZC=F_d8;34900;ASH_COATED_OSMIUM;9971;20;9968;14;;;9984;20;9988;23;;;9977.5;0.0
yf_ZC=F_d8;34900;INTARIAN_PEPPER_ROOT;11775;8;11773;19;;;11786;17;11789;30;;;11780.5;0.0
yf_ZC=F_d8;35000;ASH_COATED_OSMIUM;9972;11;9968;12;;;9982;8;9984;8;;;9977.0;0.0
yf_ZC=F_d8;35000;INTARIAN_PEPPER_ROOT;11777;20;11774;17;;;11783;22;11786;16;;;11780.0;0.0
yf_ZC=F_d8;35100;ASH_COATED_OSMIUM;9974;11;9971;25;;;9980;16;9983;21;;;9977.0;0.0
yf_ZC=F_d8;35100;INTARIAN_PEPPER_ROOT;11778;13;11774;8;;;11784;24;11788;21;;;11781.0;0.0
yf_ZC=F_d8;35200;ASH_COATED_OSMIUM;9974;8;9970;21;;;9980;19;9983;20;;;9977.0;0.0
yf_ZC=F_d8;35200;INTARIAN_PEPPER_ROOT;11777;10;11774;20;;;11783;8;11785;22;;;11780.0;0.0
yf_ZC=F_d8;35300;ASH_COATED_OSMIUM;9974;12;9971;20;;;9980;9;9984;22;;;9977.0;0.0
yf_ZC=F_d8;35300;INTARIAN_PEPPER_ROOT;11775;17;11771;24;;;11785;15;11789;13;;;11780.0;0.0
yf_ZC=F_d8;35400;ASH_COATED_OSMIUM;9973;13;9970;22;;;9979;5;9982;19;;;9976.0;0.0
yf_ZC=F_d8;35400;INTARIAN_PEPPER_ROOT;11777;11;11773;28;;;11783;10;11787;31;;;11780.0;0.0
yf_ZC=F_d8;35500;ASH_COATED_OSMIUM;9967;11;9963;21;;;9987;23;9991;25;;;9977.0;0.0
yf_ZC=F_d8;35500;INTARIAN_PEPPER_ROOT;11777;18;11775;11;;;11783;16;11787;13;;;11780.0;0.0
yf_ZC=F_d8;35600;ASH_COATED_OSMIUM;9971;15;9969;21;;;9983;16;9985;15;;;9977.0;0.0
yf_ZC=F_d8;35600;INTARIAN_PEPPER_ROOT;11775;9;11773;21;;;11784;9;11788;25;;;11779.5;0.0
yf_ZC=F_d8;35700;ASH_COATED_OSMIUM;9973;14;9971;26;;;9979;14;9982;13;;;9976.0;0.0
yf_ZC=F_d8;35700;INTARIAN_PEPPER_ROOT;11760;14;11756;21;;;11800;13;11802;26;;;11780.0;0.0
yf_ZC=F_d8;35800;ASH_COATED_OSMIUM;9973;10;9971;27;;;9979;11;9982;19;;;9976.0;0.0
yf_ZC=F_d8;35800;INTARIAN_PEPPER_ROOT;11776;23;11772;21;;;11782;11;11786;24;;;11779.0;0.0
yf_ZC=F_d8;35900;ASH_COATED_OSMIUM;9973;17;9969;16;;;9979;15;9981;16;;;9976.0;0.0
yf_ZC=F_d8;35900;INTARIAN_PEPPER_ROOT;11778;15;11774;24;;;11784;17;11786;22;;;11781.0;0.0
yf_ZC=F_d8;36000;ASH_COATED_OSMIUM;9973;15;9970;25;;;9979;13;9981;19;;;9976.0;0.0
yf_ZC=F_d8;36000;INTARIAN_PEPPER_ROOT;11777;9;11775;27;;;11783;10;11786;17;;;11780.0;0.0
yf_ZC=F_d8;36100;ASH_COATED_OSMIUM;9973;16;9970;15;;;9979;15;9983;22;;;9976.0;0.0
yf_ZC=F_d8;36100;INTARIAN_PEPPER_ROOT;11777;12;11775;18;;;11783;20;11787;23;;;11780.0;0.0
yf_ZC=F_d8;36200;ASH_COATED_OSMIUM;9973;17;9971;11;;;9979;13;9981;19;;;9976.0;0.0
yf_ZC=F_d8;36200;INTARIAN_PEPPER_ROOT;11777;17;11774;29;;;11783;13;11786;25;;;11780.0;0.0
yf_ZC=F_d8;36300;ASH_COATED_OSMIUM;9971;8;9968;14;;;9980;14;9983;19;;;9975.5;0.0
yf_ZC=F_d8;36300;INTARIAN_PEPPER_ROOT;11776;22;11773;26;;;11782;10;11784;26;;;11779.0;0.0
yf_ZC=F_d8;36400;ASH_COATED_OSMIUM;9972;22;9969;22;;;9978;8;9981;27;;;9975.0;0.0
yf_ZC=F_d8;36400;INTARIAN_PEPPER_ROOT;11777;16;11775;22;;;11783;20;11787;25;;;11780.0;0.0
yf_ZC=F_d8;36500;ASH_COATED_OSMIUM;9973;9;9969;19;;;9979;16;9982;27;;;9976.0;0.0
yf_ZC=F_d8;36500;INTARIAN_PEPPER_ROOT;11776;11;11772;24;;;11782;7;11785;19;;;11779.0;0.0
yf_ZC=F_d8;36600;ASH_COATED_OSMIUM;9963;28;9961;18;;;9987;15;9991;19;;;9975.0;0.0
yf_ZC=F_d8;36600;INTARIAN_PEPPER_ROOT;11776;19;11774;22;;;11782;20;11786;20;;;11779.0;0.0
yf_ZC=F_d8;36700;ASH_COATED_OSMIUM;9973;10;9971;22;;;9979;15;9981;16;;;9976.0;0.0
yf_ZC=F_d8;36700;INTARIAN_PEPPER_ROOT;11777;20;11774;23;;;11783;10;11787;21;;;11780.0;0.0
yf_ZC=F_d8;36800;ASH_COATED_OSMIUM;9972;20;9968;9;;;9978;17;9982;21;;;9975.0;0.0
yf_ZC=F_d8;36800;INTARIAN_PEPPER_ROOT;11776;8;11773;17;;;11782;21;11785;15;;;11779.0;0.0
yf_ZC=F_d8;36900;ASH_COATED_OSMIUM;9972;15;9970;16;;;9978;8;9980;13;;;9975.0;0.0
yf_ZC=F_d8;36900;INTARIAN_PEPPER_ROOT;11766;15;11764;20;;;11792;17;11794;20;;;11779.0;0.0
yf_ZC=F_d8;37000;ASH_COATED_OSMIUM;9969;14;9966;12;;;9979;11;9982;18;;;9974.0;0.0
yf_ZC=F_d8;37000;INTARIAN_PEPPER_ROOT;11775;14;11771;19;;;11784;19;11786;22;;;11779.5;0.0
yf_ZC=F_d8;37100;ASH_COATED_OSMIUM;9967;13;9964;20;;;9982;8;9984;12;;;9974.5;0.0
yf_ZC=F_d8;37100;INTARIAN_PEPPER_ROOT;11777;15;11774;21;;;11783;13;11786;29;;;11780.0;0.0
yf_ZC=F_d8;37200;ASH_COATED_OSMIUM;9970;6;9966;22;;;9979;11;9982;15;;;9974.5;0.0
yf_ZC=F_d8;37200;INTARIAN_PEPPER_ROOT;11776;20;11773;21;;;11782;22;11784;15;;;11779.0;0.0
yf_ZC=F_d8;37300;ASH_COATED_OSMIUM;9967;18;9963;18;;;9982;19;9985;10;;;9974.5;0.0
yf_ZC=F_d8;37300;INTARIAN_PEPPER_ROOT;11775;12;11771;24;;;11783;7;11787;31;;;11779.0;0.0
yf_ZC=F_d8;37400;ASH_COATED_OSMIUM;9966;22;9964;18;;;9982;20;9986;15;;;9974.0;0.0
yf_ZC=F_d8;37400;INTARIAN_PEPPER_ROOT;11776;26;11772;24;;;11782;21;11785;16;;;11779.0;0.0
yf_ZC=F_d8;37500;ASH_COATED_OSMIUM;9971;13;9968;14;;;9977;17;9979;14;;;9974.0;0.0
yf_ZC=F_d8;37500;INTARIAN_PEPPER_ROOT;11763;8;11761;23;;;11795;13;11798;17;;;11779.0;0.0
yf_ZC=F_d8;37600;ASH_COATED_OSMIUM;9972;11;9970;28;;;9978;11;9980;14;;;9975.0;0.0
yf_ZC=F_d8;37600;INTARIAN_PEPPER_ROOT;11776;11;11774;26;;;11783;7;11785;21;;;11779.5;0.0
yf_ZC=F_d8;37700;ASH_COATED_OSMIUM;9971;12;9969;21;;;9978;23;9982;14;;;9974.5;0.0
yf_ZC=F_d8;37700;INTARIAN_PEPPER_ROOT;11773;22;11769;17;;;11785;10;11788;21;;;11779.0;0.0
yf_ZC=F_d8;37800;ASH_COATED_OSMIUM;9971;18;9967;20;;;9977;18;9979;21;;;9974.0;0.0
yf_ZC=F_d8;37800;INTARIAN_PEPPER_ROOT;11776;25;11773;19;;;11782;18;11786;24;;;11779.0;0.0
yf_ZC=F_d8;37900;ASH_COATED_OSMIUM;9970;17;9966;24;;;9978;13;9982;18;;;9974.0;0.0
yf_ZC=F_d8;37900;INTARIAN_PEPPER_ROOT;11776;15;11773;15;;;11782;23;11786;13;;;11779.0;0.0
yf_ZC=F_d8;38000;ASH_COATED_OSMIUM;9970;18;9968;28;;;9976;8;9979;18;;;9973.0;0.0
yf_ZC=F_d8;38000;INTARIAN_PEPPER_ROOT;11776;17;11772;26;;;11782;21;11786;28;;;11779.0;0.0
yf_ZC=F_d8;38100;ASH_COATED_OSMIUM;9971;21;9968;19;;;9977;14;9980;26;;;9974.0;0.0
yf_ZC=F_d8;38100;INTARIAN_PEPPER_ROOT;11776;17;11773;21;;;11782;19;11786;21;;;11779.0;0.0
yf_ZC=F_d8;38200;ASH_COATED_OSMIUM;9970;24;9967;15;;;9976;14;9978;26;;;9973.0;0.0
yf_ZC=F_d8;38200;INTARIAN_PEPPER_ROOT;11772;14;11770;26;;;11785;24;11788;23;;;11778.5;0.0
yf_ZC=F_d8;38300;ASH_COATED_OSMIUM;9970;13;9968;20;;;9976;14;9979;23;;;9973.0;0.0
yf_ZC=F_d8;38300;INTARIAN_PEPPER_ROOT;11771;15;11767;16;;;11786;19;11790;24;;;11778.5;0.0
yf_ZC=F_d8;38400;ASH_COATED_OSMIUM;9971;19;9969;29;;;9977;16;9979;14;;;9974.0;0.0
yf_ZC=F_d8;38400;INTARIAN_PEPPER_ROOT;11763;18;11759;24;;;11795;17;11797;17;;;11779.0;0.0
yf_ZC=F_d8;38500;ASH_COATED_OSMIUM;9971;15;9969;19;;;9977;17;9980;27;;;9974.0;0.0
yf_ZC=F_d8;38500;INTARIAN_PEPPER_ROOT;11771;18;11768;23;;;11786;11;11788;25;;;11778.5;0.0
yf_ZC=F_d8;38600;ASH_COATED_OSMIUM;9970;16;9968;10;;;9976;5;9978;15;;;9973.0;0.0
yf_ZC=F_d8;38600;INTARIAN_PEPPER_ROOT;11775;13;11771;21;;;11783;11;11786;20;;;11779.0;0.0
yf_ZC=F_d8;38700;ASH_COATED_OSMIUM;9970;24;9967;21;;;9976;17;9978;21;;;9973.0;0.0
yf_ZC=F_d8;38700;INTARIAN_PEPPER_ROOT;11775;11;11772;14;;;11782;18;11785;18;;;11778.5;0.0
yf_ZC=F_d8;38800;ASH_COATED_OSMIUM;9970;12;9967;23;;;9976;15;9980;16;;;9973.0;0.0
yf_ZC=F_d8;38800;INTARIAN_PEPPER_ROOT;11776;14;11772;14;;;11782;10;11786;14;;;11779.0;0.0
yf_ZC=F_d8;38900;ASH_COATED_OSMIUM;9962;9;9960;22;;;9983;10;9985;12;;;9972.5;0.0
yf_ZC=F_d8;38900;INTARIAN_PEPPER_ROOT;11775;12;11772;25;;;11781;11;11783;20;;;11778.0;0.0
yf_ZC=F_d8;39000;ASH_COATED_OSMIUM;9967;10;9965;15;;;9978;14;9982;18;;;9972.5;0.0
yf_ZC=F_d8;39000;INTARIAN_PEPPER_ROOT;11776;7;11774;22;;;11782;14;11784;23;;;11779.0;0.0
yf_ZC=F_d8;39100;ASH_COATED_OSMIUM;9969;25;9967;17;;;9976;9;9980;20;;;9972.5;0.0
yf_ZC=F_d8;39100;INTARIAN_PEPPER_ROOT;11775;5;11771;9;;;11781;11;11785;26;;;11778.0;0.0
yf_ZC=F_d8;39200;ASH_COATED_OSMIUM;9970;20;9967;16;;;9976;13;9979;18;;;9973.0;0.0
yf_ZC=F_d8;39200;INTARIAN_PEPPER_ROOT;11775;12;11772;8;;;11781;12;11785;14;;;11778.0;0.0
yf_ZC=F_d8;39300;ASH_COATED_OSMIUM;9970;13;9968;21;;;9976;6;9980;25;;;9973.0;0.0
yf_ZC=F_d8;39300;INTARIAN_PEPPER_ROOT;11775;5;11772;19;;;11781;8;11783;17;;;11778.0;0.0
yf_ZC=F_d8;39400;ASH_COATED_OSMIUM;9962;15;9959;23;;;9983;18;9985;21;;;9972.5;0.0
yf_ZC=F_d8;39400;INTARIAN_PEPPER_ROOT;11770;11;11766;12;;;11784;21;11787;24;;;11777.0;0.0
yf_ZC=F_d8;39500;ASH_COATED_OSMIUM;9969;14;9967;24;;;9975;8;9978;23;;;9972.0;0.0
yf_ZC=F_d8;39500;INTARIAN_PEPPER_ROOT;11775;6;11772;18;;;11781;15;11784;17;;;11778.0;0.0
yf_ZC=F_d8;39600;ASH_COATED_OSMIUM;9969;15;9965;23;;;9975;11;9977;15;;;9972.0;0.0
yf_ZC=F_d8;39600;INTARIAN_PEPPER_ROOT;11775;6;11772;16;;;11781;16;11785;18;;;11778.0;0.0
yf_ZC=F_d8;39700;ASH_COATED_OSMIUM;9969;12;9966;17;;;9975;8;9979;26;;;9972.0;0.0
yf_ZC=F_d8;39700;INTARIAN_PEPPER_ROOT;11775;5;11773;27;;;11781;9;11785;13;;;11778.0;0.0
yf_ZC=F_d8;39800;ASH_COATED_OSMIUM;9969;16;9965;16;;;9975;16;9978;25;;;9972.0;0.0
yf_ZC=F_d8;39800;INTARIAN_PEPPER_ROOT;11772;16;11768;15;;;11785;24;11789;24;;;11778.5;0.0
yf_ZC=F_d8;39900;ASH_COATED_OSMIUM;9969;15;9967;22;;;9975;20;9977;22;;;9972.0;0.0
yf_ZC=F_d8;39900;INTARIAN_PEPPER_ROOT;11775;21;11771;21;;;11781;10;11785;24;;;11778.0;0.0
yf_ZC=F_d8;40000;ASH_COATED_OSMIUM;9965;14;9963;13;;;9980;8;9982;17;;;9972.5;0.0
yf_ZC=F_d8;40000;INTARIAN_PEPPER_ROOT;11771;9;11769;19;;;11784;12;11788;20;;;11777.5;0.0
yf_ZC=F_d8;40100;ASH_COATED_OSMIUM;9968;20;9965;24;;;9974;13;9976;21;;;9971.0;0.0
yf_ZC=F_d8;40100;INTARIAN_PEPPER_ROOT;11772;9;11768;14;;;11783;24;11785;25;;;11777.5;0.0
yf_ZC=F_d8;40200;ASH_COATED_OSMIUM;9969;5;9965;11;;;9975;15;9979;15;;;9972.0;0.0
yf_ZC=F_d8;40200;INTARIAN_PEPPER_ROOT;11775;17;11771;12;;;11781;12;11785;17;;;11778.0;0.0
yf_ZC=F_d8;40300;ASH_COATED_OSMIUM;9969;17;9967;14;;;9975;18;9977;26;;;9972.0;0.0
yf_ZC=F_d8;40300;INTARIAN_PEPPER_ROOT;11767;19;11763;22;;;11788;11;11792;28;;;11777.5;0.0
yf_ZC=F_d8;40400;ASH_COATED_OSMIUM;9968;13;9966;13;;;9974;15;9977;21;;;9971.0;0.0
yf_ZC=F_d8;40400;INTARIAN_PEPPER_ROOT;11774;15;11772;13;;;11780;15;11783;19;;;11777.0;0.0
yf_ZC=F_d8;40500;ASH_COATED_OSMIUM;9968;10;9966;21;;;9974;18;9976;30;;;9971.0;0.0
yf_ZC=F_d8;40500;INTARIAN_PEPPER_ROOT;11774;16;11771;20;;;11780;12;11782;22;;;11777.0;0.0
yf_ZC=F_d8;40600;ASH_COATED_OSMIUM;9959;8;9957;18;;;9983;23;9987;20;;;9971.0;0.0
yf_ZC=F_d8;40600;INTARIAN_PEPPER_ROOT;11772;15;11770;11;;;11781;15;11783;17;;;11776.5;0.0
yf_ZC=F_d8;40700;ASH_COATED_OSMIUM;9968;16;9964;25;;;9974;16;9977;20;;;9971.0;0.0
yf_ZC=F_d8;40700;INTARIAN_PEPPER_ROOT;11774;17;11770;8;;;11780;23;11784;18;;;11777.0;0.0
yf_ZC=F_d8;40800;ASH_COATED_OSMIUM;9968;7;9964;27;;;9974;15;9977;19;;;9971.0;0.0
yf_ZC=F_d8;40800;INTARIAN_PEPPER_ROOT;11774;18;11770;23;;;11780;18;11784;29;;;11777.0;0.0
yf_ZC=F_d8;40900;ASH_COATED_OSMIUM;9966;18;9964;13;;;9976;8;9978;20;;;9971.0;0.0
yf_ZC=F_d8;40900;INTARIAN_PEPPER_ROOT;11774;5;11771;18;;;11780;15;11782;22;;;11777.0;0.0
yf_ZC=F_d8;41000;ASH_COATED_OSMIUM;9967;15;9964;19;;;9975;5;9977;20;;;9971.0;0.0
yf_ZC=F_d8;41000;INTARIAN_PEPPER_ROOT;11768;23;11765;18;;;11786;7;11788;20;;;11777.0;0.0
yf_ZC=F_d8;41100;ASH_COATED_OSMIUM;9958;16;9954;27;;;9982;24;9985;13;;;9970.0;0.0
yf_ZC=F_d8;41100;INTARIAN_PEPPER_ROOT;11773;11;11770;16;;;11779;13;11783;18;;;11776.0;0.0
yf_ZC=F_d8;41200;ASH_COATED_OSMIUM;9968;17;9964;27;;;9974;5;9976;27;;;9971.0;0.0
yf_ZC=F_d8;41200;INTARIAN_PEPPER_ROOT;11774;12;11771;24;;;11780;15;11784;17;;;11777.0;0.0
yf_ZC=F_d8;41300;ASH_COATED_OSMIUM;9967;17;9963;20;;;9973;17;9977;27;;;9970.0;0.0
yf_ZC=F_d8;41300;INTARIAN_PEPPER_ROOT;11774;5;11772;20;;;11780;15;11784;24;;;11777.0;0.0
yf_ZC=F_d8;41400;ASH_COATED_OSMIUM;9967;13;9965;13;;;9973;16;9975;22;;;9970.0;0.0
yf_ZC=F_d8;41400;INTARIAN_PEPPER_ROOT;11774;5;11772;16;;;11780;14;11784;30;;;11777.0;0.0
yf_ZC=F_d8;41500;ASH_COATED_OSMIUM;9952;14;9950;26;;;9989;19;9991;17;;;9970.5;0.0
yf_ZC=F_d8;41500;INTARIAN_PEPPER_ROOT;11774;9;11771;22;;;11780;22;11782;22;;;11777.0;0.0
yf_ZC=F_d8;41600;ASH_COATED_OSMIUM;9967;11;9963;25;;;9973;6;9977;12;;;9970.0;0.0
yf_ZC=F_d8;41600;INTARIAN_PEPPER_ROOT;11765;9;11763;25;;;11789;19;11792;21;;;11777.0;0.0
yf_ZC=F_d8;41700;ASH_COATED_OSMIUM;9967;18;9964;11;;;9973;16;9976;23;;;9970.0;0.0
yf_ZC=F_d8;41700;INTARIAN_PEPPER_ROOT;11773;19;11771;13;;;11782;16;11786;19;;;11777.5;0.0
yf_ZC=F_d8;41800;ASH_COATED_OSMIUM;9966;16;9963;20;;;9975;17;9978;14;;;9970.5;0.0
yf_ZC=F_d8;41800;INTARIAN_PEPPER_ROOT;11774;13;11772;26;;;11780;22;11784;25;;;11777.0;0.0
yf_ZC=F_d8;41900;ASH_COATED_OSMIUM;9967;20;9963;22;;;9973;22;9977;27;;;9970.0;0.0
yf_ZC=F_d8;41900;INTARIAN_PEPPER_ROOT;11773;15;11770;22;;;11779;19;11783;14;;;11776.0;0.0
yf_ZC=F_d8;42000;ASH_COATED_OSMIUM;9966;13;9964;30;;;9973;5;9976;12;;;9969.5;0.0
yf_ZC=F_d8;42000;INTARIAN_PEPPER_ROOT;11773;14;11771;16;;;11781;19;11784;24;;;11777.0;0.0
yf_ZC=F_d8;42100;ASH_COATED_OSMIUM;9966;13;9964;8;;;9974;21;9977;26;;;9970.0;0.0
yf_ZC=F_d8;42100;INTARIAN_PEPPER_ROOT;11774;11;11772;19;;;11780;12;11783;16;;;11777.0;0.0
yf_ZC=F_d8;42200;ASH_COATED_OSMIUM;9967;22;9964;18;;;9973;15;9975;26;;;9970.0;0.0
yf_ZC=F_d8;42200;INTARIAN_PEPPER_ROOT;11770;9;11766;22;;;11783;18;11787;20;;;11776.5;0.0
yf_ZC=F_d8;42300;ASH_COATED_OSMIUM;9966;14;9964;14;;;9972;9;9975;20;;;9969.0;0.0
yf_ZC=F_d8;42300;INTARIAN_PEPPER_ROOT;11772;10;11768;19;;;11780;18;11783;23;;;11776.0;0.0
yf_ZC=F_d8;42400;ASH_COATED_OSMIUM;9965;17;9963;22;;;9974;16;9976;20;;;9969.5;0.0
yf_ZC=F_d8;42400;INTARIAN_PEPPER_ROOT;11773;9;11770;26;;;11779;16;11783;19;;;11776.0;0.0
yf_ZC=F_d8;42500;ASH_COATED_OSMIUM;9965;14;9962;13;;;9972;9;9974;24;;;9968.5;0.0
yf_ZC=F_d8;42500;INTARIAN_PEPPER_ROOT;11773;18;11770;22;;;11779;11;11781;19;;;11776.0;0.0
yf_ZC=F_d8;42600;ASH_COATED_OSMIUM;9966;23;9963;21;;;9972;5;9974;21;;;9969.0;0.0
yf_ZC=F_d8;42600;INTARIAN_PEPPER_ROOT;11773;17;11771;18;;;11779;14;11781;21;;;11776.0;0.0
yf_ZC=F_d8;42700;ASH_COATED_OSMIUM;9961;8;9958;23;;;9976;18;9980;21;;;9968.5;0.0
yf_ZC=F_d8;42700;INTARIAN_PEPPER_ROOT;11773;13;11771;16;;;11779;16;11781;14;;;11776.0;0.0
yf_ZC=F_d8;42800;ASH_COATED_OSMIUM;9960;14;9958;15;;;9977;12;9980;14;;;9968.5;0.0
yf_ZC=F_d8;42800;INTARIAN_PEPPER_ROOT;11767;19;11765;15;;;11784;25;11788;22;;;11775.5;0.0
yf_ZC=F_d8;42900;ASH_COATED_OSMIUM;9966;16;9963;14;;;9972;18;9976;12;;;9969.0;0.0
yf_ZC=F_d8;42900;INTARIAN_PEPPER_ROOT;11773;19;11770;17;;;11779;12;11783;21;;;11776.0;0.0
yf_ZC=F_d8;43000;ASH_COATED_OSMIUM;9965;21;9961;15;;;9971;19;9975;14;;;9968.0;0.0
yf_ZC=F_d8;43000;INTARIAN_PEPPER_ROOT;11773;12;11769;15;;;11779;16;11783;21;;;11776.0;0.0
yf_ZC=F_d8;43100;ASH_COATED_OSMIUM;9965;6;9961;13;;;9971;9;9974;18;;;9968.0;0.0
yf_ZC=F_d8;43100;INTARIAN_PEPPER_ROOT;11773;17;11769;19;;;11779;10;11782;15;;;11776.0;0.0
yf_ZC=F_d8;43200;ASH_COATED_OSMIUM;9965;18;9962;17;;;9971;9;9975;20;;;9968.0;0.0
yf_ZC=F_d8;43200;INTARIAN_PEPPER_ROOT;11773;10;11771;17;;;11779;18;11782;9;;;11776.0;0.0
yf_ZC=F_d8;43300;ASH_COATED_OSMIUM;9965;14;9961;29;;;9971;5;9975;23;;;9968.0;0.0
yf_ZC=F_d8;43300;INTARIAN_PEPPER_ROOT;11772;5;11768;16;;;11778;18;11780;20;;;11775.0;0.0
yf_ZC=F_d8;43400;ASH_COATED_OSMIUM;9966;18;9963;13;;;9972;14;9976;16;;;9969.0;0.0
yf_ZC=F_d8;43400;INTARIAN_PEPPER_ROOT;11763;17;11759;23;;;11788;19;11792;22;;;11775.5;0.0
yf_ZC=F_d8;43500;ASH_COATED_OSMIUM;9960;20;9958;22;;;9978;20;9981;18;;;9969.0;0.0
yf_ZC=F_d8;43500;INTARIAN_PEPPER_ROOT;11773;12;11770;25;;;11779;10;11782;21;;;11776.0;0.0
yf_ZC=F_d8;43600;ASH_COATED_OSMIUM;9965;14;9961;21;;;9971;7;9973;16;;;9968.0;0.0
yf_ZC=F_d8;43600;INTARIAN_PEPPER_ROOT;11773;18;11770;20;;;11779;12;11783;30;;;11776.0;0.0
yf_ZC=F_d8;43700;ASH_COATED_OSMIUM;9964;12;9962;17;;;9972;21;9976;19;;;9968.0;0.0
yf_ZC=F_d8;43700;INTARIAN_PEPPER_ROOT;11772;10;11768;20;;;11778;15;11781;16;;;11775.0;0.0
yf_ZC=F_d8;43800;ASH_COATED_OSMIUM;9959;18;9955;14;;;9976;16;9978;18;;;9967.5;0.0
yf_ZC=F_d8;43800;INTARIAN_PEPPER_ROOT;11772;13;11770;25;;;11778;12;11781;22;;;11775.0;0.0
yf_ZC=F_d8;43900;ASH_COATED_OSMIUM;9963;9;9959;24;;;9974;22;9978;14;;;9968.5;0.0
yf_ZC=F_d8;43900;INTARIAN_PEPPER_ROOT;11772;8;11768;18;;;11778;23;11780;23;;;11775.0;0.0
yf_ZC=F_d8;44000;ASH_COATED_OSMIUM;9964;17;9961;25;;;9970;12;9973;19;;;9967.0;0.0
yf_ZC=F_d8;44000;INTARIAN_PEPPER_ROOT;11771;12;11767;17;;;11778;19;11782;32;;;11774.5;0.0
yf_ZC=F_d8;44100;ASH_COATED_OSMIUM;9964;20;9962;25;;;9970;17;9973;16;;;9967.0;0.0
yf_ZC=F_d8;44100;INTARIAN_PEPPER_ROOT;11772;16;11770;19;;;11778;11;11780;19;;;11775.0;0.0
yf_ZC=F_d8;44200;ASH_COATED_OSMIUM;9965;17;9962;20;;;9971;8;9974;21;;;9968.0;0.0
yf_ZC=F_d8;44200;INTARIAN_PEPPER_ROOT;11762;16;11760;16;;;11788;17;11791;21;;;11775.0;0.0
yf_ZC=F_d8;44300;ASH_COATED_OSMIUM;9962;11;9960;15;;;9971;19;9973;15;;;9966.5;0.0
yf_ZC=F_d8;44300;INTARIAN_PEPPER_ROOT;11770;14;11767;14;;;11779;8;11783;16;;;11774.5;0.0
yf_ZC=F_d8;44400;ASH_COATED_OSMIUM;9964;15;9962;22;;;9970;15;9974;23;;;9967.0;0.0
yf_ZC=F_d8;44400;INTARIAN_PEPPER_ROOT;11771;19;11769;14;;;11779;15;11781;19;;;11775.0;0.0
yf_ZC=F_d8;44500;ASH_COATED_OSMIUM;9963;18;9960;17;;;9971;22;9975;21;;;9967.0;0.0
yf_ZC=F_d8;44500;INTARIAN_PEPPER_ROOT;11767;16;11763;26;;;11782;8;11784;29;;;11774.5;0.0
yf_ZC=F_d8;44600;ASH_COATED_OSMIUM;9961;15;9959;14;;;9973;16;9976;20;;;9967.0;0.0
yf_ZC=F_d8;44600;INTARIAN_PEPPER_ROOT;11770;10;11768;26;;;11779;15;11783;16;;;11774.5;0.0
yf_ZC=F_d8;44700;ASH_COATED_OSMIUM;9956;12;9953;19;;;9976;8;9978;20;;;9966.0;0.0
yf_ZC=F_d8;44700;INTARIAN_PEPPER_ROOT;11769;9;11766;24;;;11782;7;11785;19;;;11775.5;0.0
yf_ZC=F_d8;44800;ASH_COATED_OSMIUM;9963;12;9961;30;;;9969;17;9971;24;;;9966.0;0.0
yf_ZC=F_d8;44800;INTARIAN_PEPPER_ROOT;11771;18;11769;30;;;11779;22;11781;21;;;11775.0;0.0
yf_ZC=F_d8;44900;ASH_COATED_OSMIUM;9964;15;9962;18;;;9970;18;9972;24;;;9967.0;0.0
yf_ZC=F_d8;44900;INTARIAN_PEPPER_ROOT;11772;19;11768;19;;;11778;12;11780;28;;;11775.0;0.0
yf_ZC=F_d8;45000;ASH_COATED_OSMIUM;9962;15;9960;23;;;9970;13;9974;16;;;9966.0;0.0
yf_ZC=F_d8;45000;INTARIAN_PEPPER_ROOT;11771;16;11767;11;;;11777;12;11781;20;;;11774.0;0.0
yf_ZC=F_d8;45100;ASH_COATED_OSMIUM;9963;10;9961;15;;;9969;13;9973;19;;;9966.0;0.0
yf_ZC=F_d8;45100;INTARIAN_PEPPER_ROOT;11772;13;11768;24;;;11778;5;11782;19;;;11775.0;0.0
yf_ZC=F_d8;45200;ASH_COATED_OSMIUM;9963;28;9961;20;;;9969;14;9972;23;;;9966.0;0.0
yf_ZC=F_d8;45200;INTARIAN_PEPPER_ROOT;11772;19;11768;22;;;11778;13;11780;17;;;11775.0;0.0
yf_ZC=F_d8;45300;ASH_COATED_OSMIUM;9963;22;9960;10;;;9969;15;9972;16;;;9966.0;0.0
yf_ZC=F_d8;45300;INTARIAN_PEPPER_ROOT;11762;12;11760;18;;;11786;11;11790;20;;;11774.0;0.0
yf_ZC=F_d8;45400;ASH_COATED_OSMIUM;9963;18;9960;15;;;9969;13;9971;20;;;9966.0;0.0
yf_ZC=F_d8;45400;INTARIAN_PEPPER_ROOT;11770;8;11768;17;;;11778;20;11781;19;;;11774.0;0.0
yf_ZC=F_d8;45500;ASH_COATED_OSMIUM;9960;24;9956;25;;;9972;17;9976;22;;;9966.0;0.0
yf_ZC=F_d8;45500;INTARIAN_PEPPER_ROOT;11772;16;11770;19;;;11778;11;11780;24;;;11775.0;0.0
yf_ZC=F_d8;45600;ASH_COATED_OSMIUM;9962;14;9959;18;;;9969;20;9972;20;;;9965.5;0.0
yf_ZC=F_d8;45600;INTARIAN_PEPPER_ROOT;11771;6;11767;16;;;11778;18;11782;18;;;11774.5;0.0
yf_ZC=F_d8;45700;ASH_COATED_OSMIUM;9962;12;9958;22;;;9968;18;9970;21;;;9965.0;0.0
yf_ZC=F_d8;45700;INTARIAN_PEPPER_ROOT;11771;13;11769;23;;;11777;8;11781;12;;;11774.0;0.0
yf_ZC=F_d8;45800;ASH_COATED_OSMIUM;9962;16;9959;20;;;9969;7;9972;25;;;9965.5;0.0
yf_ZC=F_d8;45800;INTARIAN_PEPPER_ROOT;11771;20;11768;22;;;11779;14;11782;23;;;11775.0;0.0
yf_ZC=F_d8;45900;ASH_COATED_OSMIUM;9962;17;9960;14;;;9968;11;9970;24;;;9965.0;0.0
yf_ZC=F_d8;45900;INTARIAN_PEPPER_ROOT;11761;15;11757;24;;;11787;12;11790;18;;;11774.0;0.0
yf_ZC=F_d8;46000;ASH_COATED_OSMIUM;9962;15;9959;19;;;9968;18;9971;20;;;9965.0;0.0
yf_ZC=F_d8;46000;INTARIAN_PEPPER_ROOT;11771;7;11769;19;;;11777;11;11781;16;;;11774.0;0.0
yf_ZC=F_d8;46100;ASH_COATED_OSMIUM;9962;25;9960;13;;;9968;17;9970;17;;;9965.0;0.0
yf_ZC=F_d8;46100;INTARIAN_PEPPER_ROOT;11767;14;11763;20;;;11782;10;11784;18;;;11774.5;0.0
yf_ZC=F_d8;46200;ASH_COATED_OSMIUM;9959;16;9956;22;;;9971;9;9975;25;;;9965.0;0.0
yf_ZC=F_d8;46200;INTARIAN_PEPPER_ROOT;11771;10;11769;16;;;11777;15;11779;15;;;11774.0;0.0
yf_ZC=F_d8;46300;ASH_COATED_OSMIUM;9962;8;9958;28;;;9968;11;9971;21;;;9965.0;0.0
yf_ZC=F_d8;46300;INTARIAN_PEPPER_ROOT;11766;18;11763;25;;;11782;13;11786;22;;;11774.0;0.0
yf_ZC=F_d8;46400;ASH_COATED_OSMIUM;9961;5;9958;9;;;9967;12;9970;21;;;9964.0;0.0
yf_ZC=F_d8;46400;INTARIAN_PEPPER_ROOT;11767;5;11764;16;;;11781;17;11783;20;;;11774.0;0.0
yf_ZC=F_d8;46500;ASH_COATED_OSMIUM;9962;16;9958;12;;;9968;12;9971;19;;;9965.0;0.0
yf_ZC=F_d8;46500;INTARIAN_PEPPER_ROOT;11765;5;11761;24;;;11783;22;11787;17;;;11774.0;0.0
yf_ZC=F_d8;46600;ASH_COATED_OSMIUM;9958;18;9954;15;;;9972;10;9975;20;;;9965.0;0.0
yf_ZC=F_d8;46600;INTARIAN_PEPPER_ROOT;11771;9;11769;21;;;11777;17;11779;23;;;11774.0;0.0
yf_ZC=F_d8;46700;ASH_COATED_OSMIUM;9961;9;9959;13;;;9967;10;9971;15;;;9964.0;0.0
yf_ZC=F_d8;46700;INTARIAN_PEPPER_ROOT;11764;22;11760;19;;;11783;8;11786;18;;;11773.5;0.0
yf_ZC=F_d8;46800;ASH_COATED_OSMIUM;9961;17;9958;20;;;9967;14;9969;20;;;9964.0;0.0
yf_ZC=F_d8;46800;INTARIAN_PEPPER_ROOT;11770;14;11767;13;;;11776;16;11778;22;;;11773.0;0.0
yf_ZC=F_d8;46900;ASH_COATED_OSMIUM;9961;17;9959;19;;;9967;11;9971;17;;;9964.0;0.0
yf_ZC=F_d8;46900;INTARIAN_PEPPER_ROOT;11771;9;11767;22;;;11777;11;11781;10;;;11774.0;0.0
yf_ZC=F_d8;47000;ASH_COATED_OSMIUM;9950;10;9946;17;;;9978;11;9980;22;;;9964.0;0.0
yf_ZC=F_d8;47000;INTARIAN_PEPPER_ROOT;11771;15;11767;25;;;11777;19;11780;18;;;11774.0;0.0
yf_ZC=F_d8;47100;ASH_COATED_OSMIUM;9957;12;9953;23;;;9971;15;9975;14;;;9964.0;0.0
yf_ZC=F_d8;47100;INTARIAN_PEPPER_ROOT;11764;16;11761;11;;;11784;11;11788;25;;;11774.0;0.0
yf_ZC=F_d8;47200;ASH_COATED_OSMIUM;9960;11;9957;19;;;9969;13;9972;16;;;9964.5;0.0
yf_ZC=F_d8;47200;INTARIAN_PEPPER_ROOT;11770;20;11768;16;;;11777;18;11781;20;;;11773.5;0.0
yf_ZC=F_d8;47300;ASH_COATED_OSMIUM;9960;12;9958;18;;;9966;16;9969;24;;;9963.0;0.0
yf_ZC=F_d8;47300;INTARIAN_PEPPER_ROOT;11771;21;11767;25;;;11777;27;11781;23;;;11774.0;0.0
yf_ZC=F_d8;47400;ASH_COATED_OSMIUM;9960;14;9956;25;;;9966;18;9970;25;;;9963.0;0.0
yf_ZC=F_d8;47400;INTARIAN_PEPPER_ROOT;11758;13;11754;31;;;11791;15;11793;16;;;11774.5;0.0
yf_ZC=F_d8;47500;ASH_COATED_OSMIUM;9954;11;9950;11;;;9974;5;9978;15;;;9964.0;0.0
yf_ZC=F_d8;47500;INTARIAN_PEPPER_ROOT;11771;11;11769;27;;;11777;25;11781;15;;;11774.0;0.0
yf_ZC=F_d8;47600;ASH_COATED_OSMIUM;9961;12;9957;15;;;9967;16;9969;29;;;9964.0;0.0
yf_ZC=F_d8;47600;INTARIAN_PEPPER_ROOT;11770;17;11766;22;;;11776;12;11780;25;;;11773.0;0.0
yf_ZC=F_d8;47700;ASH_COATED_OSMIUM;9961;13;9957;20;;;9967;8;9970;20;;;9964.0;0.0
yf_ZC=F_d8;47700;INTARIAN_PEPPER_ROOT;11771;16;11769;16;;;11777;14;11780;18;;;11774.0;0.0
yf_ZC=F_d8;47800;ASH_COATED_OSMIUM;9957;14;9955;26;;;9971;14;9974;16;;;9964.0;0.0
yf_ZC=F_d8;47800;INTARIAN_PEPPER_ROOT;11768;13;11764;20;;;11779;14;11781;16;;;11773.5;0.0
yf_ZC=F_d8;47900;ASH_COATED_OSMIUM;9961;19;9958;15;;;9967;11;9971;21;;;9964.0;0.0
yf_ZC=F_d8;47900;INTARIAN_PEPPER_ROOT;11770;19;11768;23;;;11776;18;11780;18;;;11773.0;0.0
yf_ZC=F_d8;48000;ASH_COATED_OSMIUM;9960;15;9957;14;;;9966;19;9969;16;;;9963.0;0.0
yf_ZC=F_d8;48000;INTARIAN_PEPPER_ROOT;11765;12;11761;21;;;11781;5;11785;12;;;11773.0;0.0
yf_ZC=F_d8;48100;ASH_COATED_OSMIUM;9960;19;9956;22;;;9966;16;9969;12;;;9963.0;0.0
yf_ZC=F_d8;48100;INTARIAN_PEPPER_ROOT;11770;19;11768;17;;;11776;10;11780;15;;;11773.0;0.0
yf_ZC=F_d8;48200;ASH_COATED_OSMIUM;9954;8;9951;26;;;9972;16;9975;14;;;9963.0;0.0
yf_ZC=F_d8;48200;INTARIAN_PEPPER_ROOT;11770;15;11766;19;;;11776;23;11778;18;;;11773.0;0.0
yf_ZC=F_d8;48300;ASH_COATED_OSMIUM;9960;20;9956;18;;;9966;11;9970;19;;;9963.0;0.0
yf_ZC=F_d8;48300;INTARIAN_PEPPER_ROOT;11768;21;11766;21;;;11778;13;11781;11;;;11773.0;0.0
yf_ZC=F_d8;48400;ASH_COATED_OSMIUM;9956;15;9952;28;;;9970;21;9973;27;;;9963.0;0.0
yf_ZC=F_d8;48400;INTARIAN_PEPPER_ROOT;11768;11;11766;11;;;11778;17;11782;19;;;11773.0;0.0
yf_ZC=F_d8;48500;ASH_COATED_OSMIUM;9959;12;9956;11;;;9965;13;9967;20;;;9962.0;0.0
yf_ZC=F_d8;48500;INTARIAN_PEPPER_ROOT;11763;21;11760;16;;;11782;15;11785;23;;;11772.5;0.0
yf_ZC=F_d8;48600;ASH_COATED_OSMIUM;9959;10;9955;21;;;9965;17;9967;16;;;9962.0;0.0
yf_ZC=F_d8;48600;INTARIAN_PEPPER_ROOT;11767;6;11764;22;;;11779;20;11783;28;;;11773.0;0.0
yf_ZC=F_d8;48700;ASH_COATED_OSMIUM;9959;16;9956;16;;;9965;16;9968;22;;;9962.0;0.0
yf_ZC=F_d8;48700;INTARIAN_PEPPER_ROOT;11770;18;11766;15;;;11776;8;11778;26;;;11773.0;0.0
yf_ZC=F_d8;48800;ASH_COATED_OSMIUM;9960;13;9958;8;;;9966;7;9970;35;;;9963.0;0.0
yf_ZC=F_d8;48800;INTARIAN_PEPPER_ROOT;11768;17;11764;19;;;11777;13;11780;17;;;11772.5;0.0
yf_ZC=F_d8;48900;ASH_COATED_OSMIUM;9953;16;9951;23;;;9971;20;9975;19;;;9962.0;0.0
yf_ZC=F_d8;48900;INTARIAN_PEPPER_ROOT;11769;20;11767;24;;;11776;20;11778;30;;;11772.5;0.0
yf_ZC=F_d8;49000;ASH_COATED_OSMIUM;9957;8;9954;22;;;9967;5;9969;18;;;9962.0;0.0
yf_ZC=F_d8;49000;INTARIAN_PEPPER_ROOT;11765;11;11761;25;;;11779;15;11783;27;;;11772.0;0.0
yf_ZC=F_d8;49100;ASH_COATED_OSMIUM;9958;14;9954;21;;;9964;15;9968;19;;;9961.0;0.0
yf_ZC=F_d8;49100;INTARIAN_PEPPER_ROOT;11770;12;11767;20;;;11776;15;11778;20;;;11773.0;0.0
yf_ZC=F_d8;49200;ASH_COATED_OSMIUM;9959;19;9957;22;;;9965;16;9967;9;;;9962.0;0.0
yf_ZC=F_d8;49200;INTARIAN_PEPPER_ROOT;11770;12;11768;28;;;11776;21;11778;28;;;11773.0;0.0
yf_ZC=F_d8;49300;ASH_COATED_OSMIUM;9959;18;9956;19;;;9965;18;9968;14;;;9962.0;0.0
yf_ZC=F_d8;49300;INTARIAN_PEPPER_ROOT;11767;17;11764;12;;;11779;7;11783;11;;;11773.0;0.0
yf_ZC=F_d8;49400;ASH_COATED_OSMIUM;9951;17;9947;26;;;9972;12;9976;22;;;9961.5;0.0
yf_ZC=F_d8;49400;INTARIAN_PEPPER_ROOT;11770;11;11766;18;;;11776;16;11779;19;;;11773.0;0.0
yf_ZC=F_d8;49500;ASH_COATED_OSMIUM;9955;15;9953;20;;;9968;9;9971;26;;;9961.5;0.0
yf_ZC=F_d8;49500;INTARIAN_PEPPER_ROOT;11769;17;11765;19;;;11775;18;11779;14;;;11772.0;0.0
yf_ZC=F_d8;49600;ASH_COATED_OSMIUM;9956;16;9952;11;;;9969;18;9973;12;;;9962.5;0.0
yf_ZC=F_d8;49600;INTARIAN_PEPPER_ROOT;11769;13;11767;18;;;11775;11;11779;27;;;11772.0;0.0
yf_ZC=F_d8;49700;ASH_COATED_OSMIUM;9959;18;9955;23;;;9965;17;9969;18;;;9962.0;0.0
yf_ZC=F_d8;49700;INTARIAN_PEPPER_ROOT;11770;11;11768;17;;;11776;9;11778;20;;;11773.0;0.0
yf_ZC=F_d8;49800;ASH_COATED_OSMIUM;9957;8;9955;22;;;9967;10;9970;20;;;9962.0;0.0
yf_ZC=F_d8;49800;INTARIAN_PEPPER_ROOT;11768;15;11766;27;;;11777;11;11779;16;;;11772.5;0.0
yf_ZC=F_d8;49900;ASH_COATED_OSMIUM;9958;18;9955;21;;;9964;9;9966;25;;;9961.0;0.0
yf_ZC=F_d8;49900;INTARIAN_PEPPER_ROOT;11769;14;11765;17;;;11775;11;11779;19;;;11772.0;0.0
yf_ZC=F_d8;50000;ASH_COATED_OSMIUM;9959;17;9955;23;;;9965;16;9968;14;;;9962.0;0.0
yf_ZC=F_d8;50000;INTARIAN_PEPPER_ROOT;11767;18;11763;26;;;11778;17;11782;20;;;11772.5;0.0
yf_ZC=F_d8;50100;ASH_COATED_OSMIUM;9958;16;9956;15;;;9964;18;9966;19;;;9961.0;0.0
yf_ZC=F_d8;50100;INTARIAN_PEPPER_ROOT;11765;18;11761;23;;;11779;15;11783;20;;;11772.0;0.0
yf_ZC=F_d8;50200;ASH_COATED_OSMIUM;9958;9;9956;17;;;9964;11;9967;19;;;9961.0;0.0
yf_ZC=F_d8;50200;INTARIAN_PEPPER_ROOT;11769;18;11765;18;;;11775;11;11779;22;;;11772.0;0.0
yf_ZC=F_d8;50300;ASH_COATED_OSMIUM;9958;19;9955;17;;;9964;13;9968;24;;;9961.0;0.0
yf_ZC=F_d8;50300;INTARIAN_PEPPER_ROOT;11769;21;11766;24;;;11775;28;11778;27;;;11772.0;0.0
yf_ZC=F_d8;50400;ASH_COATED_OSMIUM;9955;19;9952;31;;;9967;18;9970;22;;;9961.0;0.0
yf_ZC=F_d8;50400;INTARIAN_PEPPER_ROOT;11769;16;11767;14;;;11775;5;11778;22;;;11772.0;0.0
yf_ZC=F_d8;50500;ASH_COATED_OSMIUM;9958;25;9956;26;;;9964;16;9968;18;;;9961.0;0.0
yf_ZC=F_d8;50500;INTARIAN_PEPPER_ROOT;11762;16;11759;18;;;11782;15;11786;22;;;11772.0;0.0
yf_ZC=F_d8;50600;ASH_COATED_OSMIUM;9958;18;9956;16;;;9964;18;9967;18;;;9961.0;0.0
yf_ZC=F_d8;50600;INTARIAN_PEPPER_ROOT;11763;17;11760;22;;;11780;16;11782;26;;;11771.5;0.0
yf_ZC=F_d8;50700;ASH_COATED_OSMIUM;9957;14;9953;20;;;9963;16;9967;24;;;9960.0;0.0
yf_ZC=F_d8;50700;INTARIAN_PEPPER_ROOT;11769;18;11765;21;;;11775;11;11779;14;;;11772.0;0.0
yf_ZC=F_d8;50800;ASH_COATED_OSMIUM;9950;10;9947;16;;;9970;21;9974;30;;;9960.0;0.0
yf_ZC=F_d8;50800;INTARIAN_PEPPER_ROOT;11769;14;11765;16;;;11775;12;11779;16;;;11772.0;0.0
yf_ZC=F_d8;50900;ASH_COATED_OSMIUM;9957;20;9953;29;;;9963;13;9967;22;;;9960.0;0.0
yf_ZC=F_d8;50900;INTARIAN_PEPPER_ROOT;11763;19;11760;25;;;11780;15;11784;16;;;11771.5;0.0
yf_ZC=F_d8;51000;ASH_COATED_OSMIUM;9957;23;9955;9;;;9963;14;9966;14;;;9960.0;0.0
yf_ZC=F_d8;51000;INTARIAN_PEPPER_ROOT;11770;7;11768;17;;;11776;7;11779;21;;;11773.0;0.0
yf_ZC=F_d8;51100;ASH_COATED_OSMIUM;9957;9;9955;21;;;9963;5;9965;20;;;9960.0;0.0
yf_ZC=F_d8;51100;INTARIAN_PEPPER_ROOT;11770;18;11767;11;;;11776;17;11778;19;;;11773.0;0.0
yf_ZC=F_d8;51200;ASH_COATED_OSMIUM;9957;7;9954;17;;;9963;19;9967;12;;;9960.0;0.0
yf_ZC=F_d8;51200;INTARIAN_PEPPER_ROOT;11771;17;11768;12;;;11777;14;11781;29;;;11774.0;0.0
yf_ZC=F_d8;51300;ASH_COATED_OSMIUM;9956;16;9952;21;;;9962;10;9964;27;;;9959.0;0.0
yf_ZC=F_d8;51300;INTARIAN_PEPPER_ROOT;11769;21;11767;23;;;11780;13;11784;10;;;11774.5;0.0
yf_ZC=F_d8;51400;ASH_COATED_OSMIUM;9956;15;9953;26;;;9962;19;9966;25;;;9959.0;0.0
yf_ZC=F_d8;51400;INTARIAN_PEPPER_ROOT;11770;15;11766;12;;;11779;21;11782;19;;;11774.5;0.0
yf_ZC=F_d8;51500;ASH_COATED_OSMIUM;9956;11;9952;16;;;9962;8;9964;23;;;9959.0;0.0
yf_ZC=F_d8;51500;INTARIAN_PEPPER_ROOT;11772;7;11769;19;;;11778;28;11781;26;;;11775.0;0.0
yf_ZC=F_d8;51600;ASH_COATED_OSMIUM;9956;12;9954;14;;;9962;16;9964;18;;;9959.0;0.0
yf_ZC=F_d8;51600;INTARIAN_PEPPER_ROOT;11773;19;11769;24;;;11779;10;11782;13;;;11776.0;0.0
yf_ZC=F_d8;51700;ASH_COATED_OSMIUM;9955;19;9952;21;;;9961;15;9965;25;;;9958.0;0.0
yf_ZC=F_d8;51700;INTARIAN_PEPPER_ROOT;11774;21;11771;28;;;11780;5;11782;15;;;11777.0;0.0
yf_ZC=F_d8;51800;ASH_COATED_OSMIUM;9956;19;9954;24;;;9962;5;9964;23;;;9959.0;0.0
yf_ZC=F_d8;51800;INTARIAN_PEPPER_ROOT;11775;19;11772;20;;;11781;23;11785;21;;;11778.0;0.0
yf_ZC=F_d8;51900;ASH_COATED_OSMIUM;9956;22;9953;19;;;9962;19;9966;15;;;9959.0;0.0
yf_ZC=F_d8;51900;INTARIAN_PEPPER_ROOT;11775;13;11771;22;;;11781;17;11783;18;;;11778.0;0.0
yf_ZC=F_d8;52000;ASH_COATED_OSMIUM;9955;17;9952;24;;;9961;13;9965;26;;;9958.0;0.0
yf_ZC=F_d8;52000;INTARIAN_PEPPER_ROOT;11776;21;11773;21;;;11782;19;11786;16;;;11779.0;0.0
yf_ZC=F_d8;52100;ASH_COATED_OSMIUM;9950;15;9946;18;;;9964;13;9968;18;;;9957.0;0.0
yf_ZC=F_d8;52100;INTARIAN_PEPPER_ROOT;11777;18;11774;14;;;11783;15;11787;19;;;11780.0;0.0
yf_ZC=F_d8;52200;ASH_COATED_OSMIUM;9954;19;9951;14;;;9960;5;9963;20;;;9957.0;0.0
yf_ZC=F_d8;52200;INTARIAN_PEPPER_ROOT;11776;15;11772;22;;;11785;11;11789;21;;;11780.5;0.0
yf_ZC=F_d8;52300;ASH_COATED_OSMIUM;9955;7;9952;23;;;9961;8;9963;13;;;9958.0;0.0
yf_ZC=F_d8;52300;INTARIAN_PEPPER_ROOT;11778;20;11776;18;;;11784;15;11788;21;;;11781.0;0.0
yf_ZC=F_d8;52400;ASH_COATED_OSMIUM;9954;15;9951;10;;;9960;15;9964;21;;;9957.0;0.0
yf_ZC=F_d8;52400;INTARIAN_PEPPER_ROOT;11778;16;11775;19;;;11784;25;11786;18;;;11781.0;0.0
yf_ZC=F_d8;52500;ASH_COATED_OSMIUM;9948;19;9944;9;;;9964;20;9967;11;;;9956.0;0.0
yf_ZC=F_d8;52500;INTARIAN_PEPPER_ROOT;11779;20;11775;19;;;11785;21;11787;27;;;11782.0;0.0
yf_ZC=F_d8;52600;ASH_COATED_OSMIUM;9953;10;9950;16;;;9959;10;9961;18;;;9956.0;0.0
yf_ZC=F_d8;52600;INTARIAN_PEPPER_ROOT;11775;5;11772;17;;;11791;18;11794;25;;;11783.0;0.0
yf_ZC=F_d8;52700;ASH_COATED_OSMIUM;9953;7;9950;23;;;9960;11;9963;22;;;9956.5;0.0
yf_ZC=F_d8;52700;INTARIAN_PEPPER_ROOT;11780;6;11776;17;;;11786;13;11789;24;;;11783.0;0.0
yf_ZC=F_d8;52800;ASH_COATED_OSMIUM;9952;11;9948;16;;;9961;10;9963;20;;;9956.5;0.0
yf_ZC=F_d8;52800;INTARIAN_PEPPER_ROOT;11779;19;11777;23;;;11789;21;11793;20;;;11784.0;0.0
yf_ZC=F_d8;52900;ASH_COATED_OSMIUM;9951;5;9947;15;;;9960;13;9962;11;;;9955.5;0.0
yf_ZC=F_d8;52900;INTARIAN_PEPPER_ROOT;11781;10;11777;16;;;11787;9;11790;25;;;11784.0;0.0
yf_ZC=F_d8;53000;ASH_COATED_OSMIUM;9953;22;9951;11;;;9959;19;9962;27;;;9956.0;0.0
yf_ZC=F_d8;53000;INTARIAN_PEPPER_ROOT;11775;19;11771;27;;;11796;15;11799;21;;;11785.5;0.0
yf_ZC=F_d8;53100;ASH_COATED_OSMIUM;9952;13;9950;26;;;9958;12;9962;19;;;9955.0;0.0
yf_ZC=F_d8;53100;INTARIAN_PEPPER_ROOT;11782;12;11778;23;;;11788;10;11790;17;;;11785.0;0.0
yf_ZC=F_d8;53200;ASH_COATED_OSMIUM;9952;15;9949;23;;;9958;14;9960;20;;;9955.0;0.0
yf_ZC=F_d8;53200;INTARIAN_PEPPER_ROOT;11782;20;11780;14;;;11790;18;11792;25;;;11786.0;0.0
yf_ZC=F_d8;53300;ASH_COATED_OSMIUM;9948;12;9945;20;;;9963;25;9967;20;;;9955.5;0.0
yf_ZC=F_d8;53300;INTARIAN_PEPPER_ROOT;11784;7;11780;21;;;11790;10;11792;22;;;11787.0;0.0
yf_ZC=F_d8;53400;ASH_COATED_OSMIUM;9951;11;9947;21;;;9957;12;9959;13;;;9954.0;0.0
yf_ZC=F_d8;53400;INTARIAN_PEPPER_ROOT;11782;13;11779;19;;;11793;11;11795;28;;;11787.5;0.0
yf_ZC=F_d8;53500;ASH_COATED_OSMIUM;9951;20;9948;20;;;9959;17;9963;22;;;9955.0;0.0
yf_ZC=F_d8;53500;INTARIAN_PEPPER_ROOT;11783;9;11779;20;;;11793;5;11797;18;;;11788.0;0.0
yf_ZC=F_d8;53600;ASH_COATED_OSMIUM;9948;16;9946;19;;;9961;15;9964;19;;;9954.5;0.0
yf_ZC=F_d8;53600;INTARIAN_PEPPER_ROOT;11783;10;11781;21;;;11795;13;11797;30;;;11789.0;0.0
yf_ZC=F_d8;53700;ASH_COATED_OSMIUM;9951;14;9947;13;;;9957;20;9960;26;;;9954.0;0.0
yf_ZC=F_d8;53700;INTARIAN_PEPPER_ROOT;11786;12;11783;14;;;11792;15;11795;19;;;11789.0;0.0
yf_ZC=F_d8;53800;ASH_COATED_OSMIUM;9951;19;9947;22;;;9957;15;9959;21;;;9954.0;0.0
yf_ZC=F_d8;53800;INTARIAN_PEPPER_ROOT;11787;13;11785;14;;;11793;17;11795;23;;;11790.0;0.0
yf_ZC=F_d8;53900;ASH_COATED_OSMIUM;9949;23;9945;21;;;9960;18;9963;15;;;9954.5;0.0
yf_ZC=F_d8;53900;INTARIAN_PEPPER_ROOT;11787;17;11785;16;;;11793;15;11797;18;;;11790.0;0.0
yf_ZC=F_d8;54000;ASH_COATED_OSMIUM;9950;15;9947;25;;;9956;20;9959;13;;;9953.0;0.0
yf_ZC=F_d8;54000;INTARIAN_PEPPER_ROOT;11784;5;11782;16;;;11798;17;11800;32;;;11791.0;0.0
yf_ZC=F_d8;54100;ASH_COATED_OSMIUM;9948;14;9945;21;;;9959;16;9963;17;;;9953.5;0.0
yf_ZC=F_d8;54100;INTARIAN_PEPPER_ROOT;11788;19;11784;19;;;11795;27;11797;18;;;11791.5;0.0
yf_ZC=F_d8;54200;ASH_COATED_OSMIUM;9949;16;9946;14;;;9955;12;9957;17;;;9952.0;0.0
yf_ZC=F_d8;54200;INTARIAN_PEPPER_ROOT;11789;17;11786;28;;;11796;16;11800;22;;;11792.5;0.0
yf_ZC=F_d8;54300;ASH_COATED_OSMIUM;9950;20;9948;20;;;9956;9;9958;13;;;9953.0;0.0
yf_ZC=F_d8;54300;INTARIAN_PEPPER_ROOT;11790;10;11786;22;;;11796;9;11798;29;;;11793.0;0.0
yf_ZC=F_d8;54400;ASH_COATED_OSMIUM;9945;16;9943;20;;;9962;14;9965;18;;;9953.5;0.0
yf_ZC=F_d8;54400;INTARIAN_PEPPER_ROOT;11787;20;11784;27;;;11800;9;11803;14;;;11793.5;0.0
yf_ZC=F_d8;54500;ASH_COATED_OSMIUM;9950;14;9946;19;;;9956;9;9958;20;;;9953.0;0.0
yf_ZC=F_d8;54500;INTARIAN_PEPPER_ROOT;11788;12;11786;21;;;11799;18;11802;18;;;11793.5;0.0
yf_ZC=F_d8;54600;ASH_COATED_OSMIUM;9947;17;9944;23;;;9959;21;9962;15;;;9953.0;0.0
yf_ZC=F_d8;54600;INTARIAN_PEPPER_ROOT;11792;15;11789;12;;;11798;13;11802;25;;;11795.0;0.0
yf_ZC=F_d8;54700;ASH_COATED_OSMIUM;9949;14;9947;13;;;9955;18;9959;20;;;9952.0;0.0
yf_ZC=F_d8;54700;INTARIAN_PEPPER_ROOT;11792;19;11789;21;;;11798;12;11801;30;;;11795.0;0.0
yf_ZC=F_d8;54800;ASH_COATED_OSMIUM;9948;10;9946;8;;;9954;17;9958;18;;;9951.0;0.0
yf_ZC=F_d8;54800;INTARIAN_PEPPER_ROOT;11792;18;11788;25;;;11798;10;11800;13;;;11795.0;0.0
yf_ZC=F_d8;54900;ASH_COATED_OSMIUM;9949;19;9945;24;;;9955;11;9958;19;;;9952.0;0.0
yf_ZC=F_d8;54900;INTARIAN_PEPPER_ROOT;11793;11;11790;25;;;11799;8;11803;16;;;11796.0;0.0
yf_ZC=F_d8;55000;ASH_COATED_OSMIUM;9947;13;9944;18;;;9956;15;9960;22;;;9951.5;0.0
yf_ZC=F_d8;55000;INTARIAN_PEPPER_ROOT;11794;15;11790;22;;;11800;9;11804;22;;;11797.0;0.0
yf_ZC=F_d8;55100;ASH_COATED_OSMIUM;9948;13;9944;28;;;9954;26;9957;22;;;9951.0;0.0
yf_ZC=F_d8;55100;INTARIAN_PEPPER_ROOT;11794;14;11791;14;;;11800;17;11802;24;;;11797.0;0.0
yf_ZC=F_d8;55200;ASH_COATED_OSMIUM;9948;21;9944;20;;;9954;15;9956;16;;;9951.0;0.0
yf_ZC=F_d8;55200;INTARIAN_PEPPER_ROOT;11795;5;11792;21;;;11801;18;11804;27;;;11798.0;0.0
yf_ZC=F_d8;55300;ASH_COATED_OSMIUM;9948;14;9944;20;;;9954;19;9957;15;;;9951.0;0.0
yf_ZC=F_d8;55300;INTARIAN_PEPPER_ROOT;11795;24;11791;21;;;11802;9;11806;21;;;11798.5;0.0
yf_ZC=F_d8;55400;ASH_COATED_OSMIUM;9944;6;9942;23;;;9958;14;9960;22;;;9951.0;0.0
yf_ZC=F_d8;55400;INTARIAN_PEPPER_ROOT;11795;19;11793;13;;;11804;17;11807;20;;;11799.5;0.0
yf_ZC=F_d8;55500;ASH_COATED_OSMIUM;9948;19;9944;26;;;9954;13;9958;25;;;9951.0;0.0
yf_ZC=F_d8;55500;INTARIAN_PEPPER_ROOT;11797;23;11795;29;;;11803;9;11805;17;;;11800.0;0.0
yf_ZC=F_d8;55600;ASH_COATED_OSMIUM;9947;11;9944;15;;;9953;16;9957;21;;;9950.0;0.0
yf_ZC=F_d8;55600;INTARIAN_PEPPER_ROOT;11798;16;11794;22;;;11804;21;11806;29;;;11801.0;0.0
yf_ZC=F_d8;55700;ASH_COATED_OSMIUM;9946;9;9944;31;;;9952;13;9954;18;;;9949.0;0.0
yf_ZC=F_d8;55700;INTARIAN_PEPPER_ROOT;11798;15;11796;17;;;11804;15;11807;19;;;11801.0;0.0
yf_ZC=F_d8;55800;ASH_COATED_OSMIUM;9947;14;9944;21;;;9953;9;9957;9;;;9950.0;0.0
yf_ZC=F_d8;55800;INTARIAN_PEPPER_ROOT;11799;12;11795;11;;;11805;10;11809;14;;;11802.0;0.0
yf_ZC=F_d8;55900;ASH_COATED_OSMIUM;9946;17;9942;13;;;9952;16;9954;17;;;9949.0;0.0
yf_ZC=F_d8;55900;INTARIAN_PEPPER_ROOT;11800;13;11798;24;;;11806;13;11810;18;;;11803.0;0.0
yf_ZC=F_d8;56000;ASH_COATED_OSMIUM;9947;15;9943;15;;;9953;18;9955;18;;;9950.0;0.0
yf_ZC=F_d8;56000;INTARIAN_PEPPER_ROOT;11800;20;11797;17;;;11806;13;11810;19;;;11803.0;0.0
yf_ZC=F_d8;56100;ASH_COATED_OSMIUM;9946;10;9943;22;;;9952;8;9956;12;;;9949.0;0.0
yf_ZC=F_d8;56100;INTARIAN_PEPPER_ROOT;11801;6;11797;20;;;11807;14;11809;21;;;11804.0;0.0
yf_ZC=F_d8;56200;ASH_COATED_OSMIUM;9945;20;9943;12;;;9953;13;9957;16;;;9949.0;0.0
yf_ZC=F_d8;56200;INTARIAN_PEPPER_ROOT;11794;17;11790;13;;;11813;21;11816;24;;;11803.5;0.0
yf_ZC=F_d8;56300;ASH_COATED_OSMIUM;9945;12;9941;18;;;9953;18;9956;20;;;9949.0;0.0
yf_ZC=F_d8;56300;INTARIAN_PEPPER_ROOT;11802;17;11800;21;;;11809;15;11813;13;;;11805.5;0.0
yf_ZC=F_d8;56400;ASH_COATED_OSMIUM;9946;8;9942;13;;;9952;13;9955;23;;;9949.0;0.0
yf_ZC=F_d8;56400;INTARIAN_PEPPER_ROOT;11799;21;11797;21;;;11812;13;11815;19;;;11805.5;0.0
yf_ZC=F_d8;56500;ASH_COATED_OSMIUM;9946;15;9944;21;;;9952;20;9956;15;;;9949.0;0.0
yf_ZC=F_d8;56500;INTARIAN_PEPPER_ROOT;11803;23;11801;29;;;11809;20;11811;25;;;11806.0;0.0
yf_ZC=F_d8;56600;ASH_COATED_OSMIUM;9937;13;9933;13;;;9959;5;9962;17;;;9948.0;0.0
yf_ZC=F_d8;56600;INTARIAN_PEPPER_ROOT;11804;13;11800;18;;;11810;8;11813;18;;;11807.0;0.0
yf_ZC=F_d8;56700;ASH_COATED_OSMIUM;9935;7;9933;30;;;9960;13;9962;19;;;9947.5;0.0
yf_ZC=F_d8;56700;INTARIAN_PEPPER_ROOT;11799;14;11797;15;;;11815;10;11817;21;;;11807.0;0.0
yf_ZC=F_d8;56800;ASH_COATED_OSMIUM;9945;16;9943;20;;;9951;19;9955;18;;;9948.0;0.0
yf_ZC=F_d8;56800;INTARIAN_PEPPER_ROOT;11806;13;11804;26;;;11812;20;11816;14;;;11809.0;0.0
yf_ZC=F_d8;56900;ASH_COATED_OSMIUM;9941;20;9938;21;;;9953;13;9956;25;;;9947.0;0.0
yf_ZC=F_d8;56900;INTARIAN_PEPPER_ROOT;11806;6;11802;22;;;11812;15;11816;33;;;11809.0;0.0
yf_ZC=F_d8;57000;ASH_COATED_OSMIUM;9943;11;9939;18;;;9953;13;9956;16;;;9948.0;0.0
yf_ZC=F_d8;57000;INTARIAN_PEPPER_ROOT;11800;22;11797;20;;;11818;17;11822;23;;;11809.0;0.0
yf_ZC=F_d8;57100;ASH_COATED_OSMIUM;9920;15;9918;23;;;9973;18;9976;19;;;9946.5;0.0
yf_ZC=F_d8;57100;INTARIAN_PEPPER_ROOT;11805;14;11802;13;;;11814;16;11818;29;;;11809.5;0.0
yf_ZC=F_d8;57200;ASH_COATED_OSMIUM;9944;20;9940;31;;;9950;9;9954;21;;;9947.0;0.0
yf_ZC=F_d8;57200;INTARIAN_PEPPER_ROOT;11808;23;11804;19;;;11814;27;11816;28;;;11811.0;0.0
yf_ZC=F_d8;57300;ASH_COATED_OSMIUM;9944;14;9942;18;;;9950;16;9954;15;;;9947.0;0.0
yf_ZC=F_d8;57300;INTARIAN_PEPPER_ROOT;11806;14;11804;20;;;11815;17;11817;19;;;11810.5;0.0
yf_ZC=F_d8;57400;ASH_COATED_OSMIUM;9944;11;9940;21;;;9950;15;9954;21;;;9947.0;0.0
yf_ZC=F_d8;57400;INTARIAN_PEPPER_ROOT;11809;11;11806;16;;;11815;15;11818;23;;;11812.0;0.0
yf_ZC=F_d8;57500;ASH_COATED_OSMIUM;9936;5;9934;23;;;9956;17;9959;15;;;9946.0;0.0
yf_ZC=F_d8;57500;INTARIAN_PEPPER_ROOT;11809;15;11807;24;;;11815;10;11819;23;;;11812.0;0.0
yf_ZC=F_d8;57600;ASH_COATED_OSMIUM;9942;22;9939;21;;;9951;9;9953;10;;;9946.5;0.0
yf_ZC=F_d8;57600;INTARIAN_PEPPER_ROOT;11805;24;11803;24;;;11822;10;11826;23;;;11813.5;0.0
yf_ZC=F_d8;57700;ASH_COATED_OSMIUM;9943;16;9939;8;;;9949;14;9952;23;;;9946.0;0.0
yf_ZC=F_d8;57700;INTARIAN_PEPPER_ROOT;11811;14;11809;16;;;11817;5;11820;30;;;11814.0;0.0
yf_ZC=F_d8;57800;ASH_COATED_OSMIUM;9942;11;9938;24;;;9949;15;9952;20;;;9945.5;0.0
yf_ZC=F_d8;57800;INTARIAN_PEPPER_ROOT;11809;15;11805;20;;;11818;12;11822;19;;;11813.5;0.0
yf_ZC=F_d8;57900;ASH_COATED_OSMIUM;9939;17;9935;20;;;9952;15;9956;22;;;9945.5;0.0
yf_ZC=F_d8;57900;INTARIAN_PEPPER_ROOT;11811;15;11807;18;;;11817;12;11820;15;;;11814.0;0.0
yf_ZC=F_d8;58000;ASH_COATED_OSMIUM;9932;9;9928;16;;;9959;13;9961;18;;;9945.5;0.0
yf_ZC=F_d8;58000;INTARIAN_PEPPER_ROOT;11805;15;11801;22;;;11825;19;11829;19;;;11815.0;0.0
yf_ZC=F_d8;58100;ASH_COATED_OSMIUM;9942;17;9938;17;;;9948;7;9952;16;;;9945.0;0.0
yf_ZC=F_d8;58100;INTARIAN_PEPPER_ROOT;11813;5;11810;17;;;11819;20;11823;22;;;11816.0;0.0
yf_ZC=F_d8;58200;ASH_COATED_OSMIUM;9932;11;9929;25;;;9957;14;9960;20;;;9944.5;0.0
yf_ZC=F_d8;58200;INTARIAN_PEPPER_ROOT;11813;11;11810;8;;;11819;13;11821;23;;;11816.0;0.0
yf_ZC=F_d8;58300;ASH_COATED_OSMIUM;9941;24;9938;18;;;9947;15;9951;17;;;9944.0;0.0
