day;timestamp;product;bid_price_1;bid_volume_1;bid_price_2;bid_volume_2;bid_price_3;bid_volume_3;ask_price_1;ask_volume_1;ask_price_2;ask_volume_2;ask_price_3;ask_volume_3;mid_price;profit_and_loss
yf_ADM_d5;0;ASH_COATED_OSMIUM;9902;15;9900;15;;;9908;10;9911;25;;;9905.0;0.0
yf_ADM_d5;0;INTARIAN_PEPPER_ROOT;12232;20;12228;18;;;12243;12;12245;14;;;12237.5;0.0
yf_ADM_d5;100;ASH_COATED_OSMIUM;9896;6;9894;24;;;9917;6;9919;20;;;9906.5;0.0
yf_ADM_d5;100;INTARIAN_PEPPER_ROOT;12235;15;12233;18;;;12241;7;12243;21;;;12238.0;0.0
yf_ADM_d5;200;ASH_COATED_OSMIUM;9896;18;9892;23;;;9918;13;9922;24;;;9907.0;0.0
yf_ADM_d5;200;INTARIAN_PEPPER_ROOT;12235;11;12231;24;;;12242;10;12244;24;;;12238.5;0.0
yf_ADM_d5;300;ASH_COATED_OSMIUM;9903;11;9899;20;;;9909;13;9913;18;;;9906.0;0.0
yf_ADM_d5;300;INTARIAN_PEPPER_ROOT;12230;18;12227;20;;;12248;5;12250;25;;;12239.0;0.0
yf_ADM_d5;400;ASH_COATED_OSMIUM;9903;10;9900;28;;;9909;18;9912;19;;;9906.0;0.0
yf_ADM_d5;400;INTARIAN_PEPPER_ROOT;12236;12;12232;24;;;12242;10;12244;13;;;12239.0;0.0
yf_ADM_d5;500;ASH_COATED_OSMIUM;9901;12;9899;17;;;9910;24;9914;18;;;9905.5;0.0
yf_ADM_d5;500;INTARIAN_PEPPER_ROOT;12235;12;12233;15;;;12245;23;12249;22;;;12240.0;0.0
yf_ADM_d5;600;ASH_COATED_OSMIUM;9903;19;9901;19;;;9909;23;9911;27;;;9906.0;0.0
yf_ADM_d5;600;INTARIAN_PEPPER_ROOT;12238;13;12234;13;;;12244;19;12247;18;;;12241.0;0.0
yf_ADM_d5;700;ASH_COATED_OSMIUM;9903;6;9899;19;;;9909;15;9911;21;;;9906.0;0.0
yf_ADM_d5;700;INTARIAN_PEPPER_ROOT;12237;14;12235;17;;;12245;8;12247;14;;;12241.0;0.0
yf_ADM_d5;800;ASH_COATED_OSMIUM;9903;22;9900;14;;;9910;16;9914;17;;;9906.5;0.0
yf_ADM_d5;800;INTARIAN_PEPPER_ROOT;12237;9;12235;21;;;12245;18;12247;13;;;12241.0;0.0
yf_ADM_d5;900;ASH_COATED_OSMIUM;9895;16;9892;12;;;9918;11;9921;14;;;9906.5;0.0
yf_ADM_d5;900;INTARIAN_PEPPER_ROOT;12240;12;12238;12;;;12246;17;12250;10;;;12243.0;0.0
yf_ADM_d5;1000;ASH_COATED_OSMIUM;9903;17;9901;16;;;9909;10;9911;26;;;9906.0;0.0
yf_ADM_d5;1000;INTARIAN_PEPPER_ROOT;12236;13;12234;22;;;12249;7;12253;16;;;12242.5;0.0
yf_ADM_d5;1100;ASH_COATED_OSMIUM;9902;18;9900;8;;;9910;6;9913;25;;;9906.0;0.0
yf_ADM_d5;1100;INTARIAN_PEPPER_ROOT;12238;5;12234;29;;;12248;13;12250;17;;;12243.0;0.0
yf_ADM_d5;1200;ASH_COATED_OSMIUM;9903;9;9901;23;;;9909;7;9913;17;;;9906.0;0.0
yf_ADM_d5;1200;INTARIAN_PEPPER_ROOT;12241;13;12239;19;;;12247;16;12251;25;;;12244.0;0.0
yf_ADM_d5;1300;ASH_COATED_OSMIUM;9893;14;9890;29;;;9918;25;9921;22;;;9905.5;0.0
yf_ADM_d5;1300;INTARIAN_PEPPER_ROOT;12242;20;12239;12;;;12248;22;12251;21;;;12245.0;0.0
yf_ADM_d5;1400;ASH_COATED_OSMIUM;9902;12;9899;17;;;9910;14;9914;19;;;9906.0;0.0
yf_ADM_d5;1400;INTARIAN_PEPPER_ROOT;12242;19;12240;18;;;12248;10;12251;15;;;12245.0;0.0
yf_ADM_d5;1500;ASH_COATED_OSMIUM;9894;5;9891;19;;;9917;20;9919;18;;;9905.5;0.0
yf_ADM_d5;1500;INTARIAN_PEPPER_ROOT;12242;19;12240;11;;;12248;18;12252;18;;;12245.0;0.0
yf_ADM_d5;1600;ASH_COATED_OSMIUM;9903;18;9899;18;;;9909;15;9911;12;;;9906.0;0.0
yf_ADM_d5;1600;INTARIAN_PEPPER_ROOT;12243;11;12241;18;;;12249;25;12252;23;;;12246.0;0.0
yf_ADM_d5;1700;ASH_COATED_OSMIUM;9903;19;9900;28;;;9909;12;9911;16;;;9906.0;0.0
yf_ADM_d5;1700;INTARIAN_PEPPER_ROOT;12243;13;12239;24;;;12250;16;12253;14;;;12246.5;0.0
yf_ADM_d5;1800;ASH_COATED_OSMIUM;9903;15;9900;28;;;9909;20;9911;20;;;9906.0;0.0
yf_ADM_d5;1800;INTARIAN_PEPPER_ROOT;12239;19;12236;19;;;12254;18;12258;19;;;12246.5;0.0
yf_ADM_d5;1900;ASH_COATED_OSMIUM;9899;17;9897;25;;;9914;15;9916;19;;;9906.5;0.0
yf_ADM_d5;1900;INTARIAN_PEPPER_ROOT;12241;13;12239;17;;;12253;18;12255;19;;;12247.0;0.0
yf_ADM_d5;2000;ASH_COATED_OSMIUM;9903;12;9900;30;;;9909;17;9913;19;;;9906.0;0.0
yf_ADM_d5;2000;INTARIAN_PEPPER_ROOT;12243;13;12239;26;;;12252;12;12255;21;;;12247.5;0.0
yf_ADM_d5;2100;ASH_COATED_OSMIUM;9903;18;9899;27;;;9909;18;9913;18;;;9906.0;0.0
yf_ADM_d5;2100;INTARIAN_PEPPER_ROOT;12245;17;12242;26;;;12252;19;12255;15;;;12248.5;0.0
yf_ADM_d5;2200;ASH_COATED_OSMIUM;9903;11;9901;27;;;9909;27;9913;15;;;9906.0;0.0
yf_ADM_d5;2200;INTARIAN_PEPPER_ROOT;12245;12;12241;22;;;12254;18;12256;25;;;12249.5;0.0
yf_ADM_d5;2300;ASH_COATED_OSMIUM;9899;17;9897;22;;;9913;20;9916;26;;;9906.0;0.0
yf_ADM_d5;2300;INTARIAN_PEPPER_ROOT;12246;18;12242;14;;;12252;16;12254;29;;;12249.0;0.0
yf_ADM_d5;2400;ASH_COATED_OSMIUM;9900;18;9898;34;;;9913;13;9915;21;;;9906.5;0.0
yf_ADM_d5;2400;INTARIAN_PEPPER_ROOT;12247;11;12245;20;;;12253;9;12255;24;;;12250.0;0.0
yf_ADM_d5;2500;ASH_COATED_OSMIUM;9903;5;9899;21;;;9909;22;9911;20;;;9906.0;0.0
yf_ADM_d5;2500;INTARIAN_PEPPER_ROOT;12248;5;12246;22;;;12254;13;12257;14;;;12251.0;0.0
yf_ADM_d5;2600;ASH_COATED_OSMIUM;9898;10;9894;23;;;9916;22;9920;31;;;9907.0;0.0
yf_ADM_d5;2600;INTARIAN_PEPPER_ROOT;12248;14;12244;21;;;12254;15;12256;19;;;12251.0;0.0
yf_ADM_d5;2700;ASH_COATED_OSMIUM;9896;14;9892;15;;;9916;18;9920;23;;;9906.0;0.0
yf_ADM_d5;2700;INTARIAN_PEPPER_ROOT;12248;7;12245;32;;;12254;22;12257;19;;;12251.0;0.0
yf_ADM_d5;2800;ASH_COATED_OSMIUM;9904;21;9902;21;;;9910;15;9913;19;;;9907.0;0.0
yf_ADM_d5;2800;INTARIAN_PEPPER_ROOT;12246;14;12243;17;;;12257;18;12261;11;;;12251.5;0.0
yf_ADM_d5;2900;ASH_COATED_OSMIUM;9904;25;9902;29;;;9910;17;9914;23;;;9907.0;0.0
yf_ADM_d5;2900;INTARIAN_PEPPER_ROOT;12248;20;12246;22;;;12258;15;12260;23;;;12253.0;0.0
yf_ADM_d5;3000;ASH_COATED_OSMIUM;9902;20;9900;26;;;9910;17;9914;20;;;9906.0;0.0
yf_ADM_d5;3000;INTARIAN_PEPPER_ROOT;12245;13;12242;19;;;12262;10;12266;25;;;12253.5;0.0
yf_ADM_d5;3100;ASH_COATED_OSMIUM;9903;21;9900;12;;;9909;19;9911;18;;;9906.0;0.0
yf_ADM_d5;3100;INTARIAN_PEPPER_ROOT;12248;16;12245;18;;;12260;11;12264;14;;;12254.0;0.0
yf_ADM_d5;3200;ASH_COATED_OSMIUM;9901;15;9898;12;;;9911;6;9913;22;;;9906.0;0.0
yf_ADM_d5;3200;INTARIAN_PEPPER_ROOT;12248;11;12244;14;;;12260;7;12262;15;;;12254.0;0.0
yf_ADM_d5;3300;ASH_COATED_OSMIUM;9903;13;9900;17;;;9909;18;9913;23;;;9906.0;0.0
yf_ADM_d5;3300;INTARIAN_PEPPER_ROOT;12252;27;12249;20;;;12258;15;12262;8;;;12255.0;0.0
yf_ADM_d5;3400;ASH_COATED_OSMIUM;9903;16;9899;20;;;9909;14;9911;26;;;9906.0;0.0
yf_ADM_d5;3400;INTARIAN_PEPPER_ROOT;12252;10;12250;24;;;12259;11;12261;14;;;12255.5;0.0
yf_ADM_d5;3500;ASH_COATED_OSMIUM;9897;15;9893;18;;;9915;13;9919;16;;;9906.0;0.0
yf_ADM_d5;3500;INTARIAN_PEPPER_ROOT;12252;10;12248;13;;;12260;11;12264;24;;;12256.0;0.0
yf_ADM_d5;3600;ASH_COATED_OSMIUM;9903;15;9900;24;;;9909;15;9912;23;;;9906.0;0.0
yf_ADM_d5;3600;INTARIAN_PEPPER_ROOT;12254;10;12252;17;;;12260;18;12262;21;;;12257.0;0.0
yf_ADM_d5;3700;ASH_COATED_OSMIUM;9890;16;9886;21;;;9923;20;9925;14;;;9906.5;0.0
yf_ADM_d5;3700;INTARIAN_PEPPER_ROOT;12254;11;12250;10;;;12260;9;12264;22;;;12257.0;0.0
yf_ADM_d5;3800;ASH_COATED_OSMIUM;9902;21;9898;21;;;9908;10;9910;11;;;9905.0;0.0
yf_ADM_d5;3800;INTARIAN_PEPPER_ROOT;12254;5;12250;8;;;12261;21;12264;23;;;12257.5;0.0
yf_ADM_d5;3900;ASH_COATED_OSMIUM;9903;16;9901;12;;;9909;7;9911;14;;;9906.0;0.0
yf_ADM_d5;3900;INTARIAN_PEPPER_ROOT;12255;17;12251;21;;;12262;7;12265;20;;;12258.5;0.0
yf_ADM_d5;4000;ASH_COATED_OSMIUM;9903;12;9899;15;;;9909;10;9911;25;;;9906.0;0.0
yf_ADM_d5;4000;INTARIAN_PEPPER_ROOT;12252;15;12248;24;;;12265;12;12268;26;;;12258.5;0.0
yf_ADM_d5;4100;ASH_COATED_OSMIUM;9893;10;9889;21;;;9919;15;9921;18;;;9906.0;0.0
yf_ADM_d5;4100;INTARIAN_PEPPER_ROOT;12256;13;12254;18;;;12262;19;12265;25;;;12259.0;0.0
yf_ADM_d5;4200;ASH_COATED_OSMIUM;9903;19;9899;18;;;9909;18;9912;15;;;9906.0;0.0
yf_ADM_d5;4200;INTARIAN_PEPPER_ROOT;12257;18;12253;23;;;12263;20;12267;23;;;12260.0;0.0
yf_ADM_d5;4300;ASH_COATED_OSMIUM;9903;12;9900;13;;;9909;27;9913;12;;;9906.0;0.0
yf_ADM_d5;4300;INTARIAN_PEPPER_ROOT;12257;19;12254;20;;;12263;12;12265;24;;;12260.0;0.0
yf_ADM_d5;4400;ASH_COATED_OSMIUM;9902;8;9900;26;;;9908;23;9911;30;;;9905.0;0.0
yf_ADM_d5;4400;INTARIAN_PEPPER_ROOT;12258;12;12256;18;;;12264;17;12266;19;;;12261.0;0.0
yf_ADM_d5;4500;ASH_COATED_OSMIUM;9903;8;9901;11;;;9909;5;9912;31;;;9906.0;0.0
yf_ADM_d5;4500;INTARIAN_PEPPER_ROOT;12246;15;12243;22;;;12276;16;12278;17;;;12261.0;0.0
yf_ADM_d5;4600;ASH_COATED_OSMIUM;9901;14;9897;17;;;9911;12;9914;15;;;9906.0;0.0
yf_ADM_d5;4600;INTARIAN_PEPPER_ROOT;12259;9;12257;19;;;12265;8;12267;16;;;12262.0;0.0
yf_ADM_d5;4700;ASH_COATED_OSMIUM;9903;18;9900;35;;;9909;20;9911;15;;;9906.0;0.0
yf_ADM_d5;4700;INTARIAN_PEPPER_ROOT;12259;21;12257;29;;;12265;18;12267;14;;;12262.0;0.0
yf_ADM_d5;4800;ASH_COATED_OSMIUM;9903;23;9900;14;;;9909;7;9911;20;;;9906.0;0.0
yf_ADM_d5;4800;INTARIAN_PEPPER_ROOT;12256;9;12254;9;;;12269;11;12271;17;;;12262.5;0.0
yf_ADM_d5;4900;ASH_COATED_OSMIUM;9902;17;9900;18;;;9909;18;9912;26;;;9905.5;0.0
yf_ADM_d5;4900;INTARIAN_PEPPER_ROOT;12259;16;12257;23;;;12268;21;12272;27;;;12263.5;0.0
yf_ADM_d5;5000;ASH_COATED_OSMIUM;9903;20;9901;18;;;9909;16;9913;24;;;9906.0;0.0
yf_ADM_d5;5000;INTARIAN_PEPPER_ROOT;12261;16;12258;16;;;12267;12;12269;28;;;12264.0;0.0
yf_ADM_d5;5100;ASH_COATED_OSMIUM;9903;17;9901;19;;;9909;12;9911;26;;;9906.0;0.0
yf_ADM_d5;5100;INTARIAN_PEPPER_ROOT;12261;13;12259;17;;;12268;14;12271;21;;;12264.5;0.0
yf_ADM_d5;5200;ASH_COATED_OSMIUM;9903;16;9899;20;;;9909;13;9913;13;;;9906.0;0.0
yf_ADM_d5;5200;INTARIAN_PEPPER_ROOT;12256;18;12254;22;;;12273;13;12275;19;;;12264.5;0.0
yf_ADM_d5;5300;ASH_COATED_OSMIUM;9903;24;9900;22;;;9909;9;9912;23;;;9906.0;0.0
yf_ADM_d5;5300;INTARIAN_PEPPER_ROOT;12263;13;12260;25;;;12269;15;12273;18;;;12266.0;0.0
yf_ADM_d5;5400;ASH_COATED_OSMIUM;9903;23;9899;29;;;9909;21;9913;16;;;9906.0;0.0
yf_ADM_d5;5400;INTARIAN_PEPPER_ROOT;12263;16;12259;27;;;12269;18;12271;17;;;12266.0;0.0
yf_ADM_d5;5500;ASH_COATED_OSMIUM;9899;14;9896;17;;;9913;10;9916;21;;;9906.0;0.0
yf_ADM_d5;5500;INTARIAN_PEPPER_ROOT;12255;20;12251;17;;;12278;18;12282;19;;;12266.5;0.0
yf_ADM_d5;5600;ASH_COATED_OSMIUM;9903;14;9899;27;;;9909;18;9912;16;;;9906.0;0.0
yf_ADM_d5;5600;INTARIAN_PEPPER_ROOT;12264;10;12260;11;;;12270;5;12274;24;;;12267.0;0.0
yf_ADM_d5;5700;ASH_COATED_OSMIUM;9903;13;9901;20;;;9909;12;9913;17;;;9906.0;0.0
yf_ADM_d5;5700;INTARIAN_PEPPER_ROOT;12264;11;12261;19;;;12271;11;12273;26;;;12267.5;0.0
yf_ADM_d5;5800;ASH_COATED_OSMIUM;9898;13;9895;21;;;9914;7;9916;19;;;9906.0;0.0
yf_ADM_d5;5800;INTARIAN_PEPPER_ROOT;12260;10;12258;16;;;12276;22;12280;16;;;12268.0;0.0
yf_ADM_d5;5900;ASH_COATED_OSMIUM;9903;17;9901;27;;;9909;21;9912;17;;;9906.0;0.0
yf_ADM_d5;5900;INTARIAN_PEPPER_ROOT;12266;15;12263;16;;;12272;26;12275;18;;;12269.0;0.0
yf_ADM_d5;6000;ASH_COATED_OSMIUM;9903;15;9901;21;;;9909;8;9913;12;;;9906.0;0.0
yf_ADM_d5;6000;INTARIAN_PEPPER_ROOT;12262;11;12260;15;;;12276;5;12279;16;;;12269.0;0.0
yf_ADM_d5;6100;ASH_COATED_OSMIUM;9901;10;9899;28;;;9912;11;9916;13;;;9906.5;0.0
yf_ADM_d5;6100;INTARIAN_PEPPER_ROOT;12266;11;12262;18;;;12272;18;12276;22;;;12269.0;0.0
yf_ADM_d5;6200;ASH_COATED_OSMIUM;9898;12;9895;16;;;9912;25;9916;20;;;9905.0;0.0
yf_ADM_d5;6200;INTARIAN_PEPPER_ROOT;12267;13;12263;16;;;12273;12;12277;19;;;12270.0;0.0
yf_ADM_d5;6300;ASH_COATED_OSMIUM;9903;14;9901;24;;;9909;22;9913;19;;;9906.0;0.0
yf_ADM_d5;6300;INTARIAN_PEPPER_ROOT;12268;16;12265;21;;;12274;7;12277;21;;;12271.0;0.0
yf_ADM_d5;6400;ASH_COATED_OSMIUM;9903;9;9899;17;;;9909;21;9913;25;;;9906.0;0.0
yf_ADM_d5;6400;INTARIAN_PEPPER_ROOT;12267;21;12265;19;;;12275;15;12278;11;;;12271.0;0.0
yf_ADM_d5;6500;ASH_COATED_OSMIUM;9903;15;9899;24;;;9909;16;9913;18;;;9906.0;0.0
yf_ADM_d5;6500;INTARIAN_PEPPER_ROOT;12269;5;12267;8;;;12275;10;12279;22;;;12272.0;0.0
yf_ADM_d5;6600;ASH_COATED_OSMIUM;9903;11;9901;24;;;9909;9;9913;11;;;9906.0;0.0
yf_ADM_d5;6600;INTARIAN_PEPPER_ROOT;12266;19;12264;24;;;12278;18;12281;25;;;12272.0;0.0
yf_ADM_d5;6700;ASH_COATED_OSMIUM;9900;12;9898;18;;;9913;16;9916;17;;;9906.5;0.0
yf_ADM_d5;6700;INTARIAN_PEPPER_ROOT;12265;11;12261;23;;;12281;17;12285;18;;;12273.0;0.0
yf_ADM_d5;6800;ASH_COATED_OSMIUM;9902;12;9898;12;;;9908;15;9912;24;;;9905.0;0.0
yf_ADM_d5;6800;INTARIAN_PEPPER_ROOT;12270;12;12267;20;;;12276;27;12279;23;;;12273.0;0.0
yf_ADM_d5;6900;ASH_COATED_OSMIUM;9901;10;9898;15;;;9911;11;9915;17;;;9906.0;0.0
yf_ADM_d5;6900;INTARIAN_PEPPER_ROOT;12259;19;12255;17;;;12288;10;12290;15;;;12273.5;0.0
yf_ADM_d5;7000;ASH_COATED_OSMIUM;9900;16;9898;15;;;9913;8;9915;19;;;9906.5;0.0
yf_ADM_d5;7000;INTARIAN_PEPPER_ROOT;12271;12;12269;14;;;12277;12;12281;20;;;12274.0;0.0
yf_ADM_d5;7100;ASH_COATED_OSMIUM;9903;14;9901;28;;;9909;14;9913;8;;;9906.0;0.0
yf_ADM_d5;7100;INTARIAN_PEPPER_ROOT;12272;7;12270;22;;;12278;15;12282;19;;;12275.0;0.0
yf_ADM_d5;7200;ASH_COATED_OSMIUM;9903;7;9899;12;;;9910;12;9913;14;;;9906.5;0.0
yf_ADM_d5;7200;INTARIAN_PEPPER_ROOT;12269;9;12267;21;;;12283;19;12287;17;;;12276.0;0.0
yf_ADM_d5;7300;ASH_COATED_OSMIUM;9900;18;9898;19;;;9911;14;9914;20;;;9905.5;0.0
yf_ADM_d5;7300;INTARIAN_PEPPER_ROOT;12272;15;12269;34;;;12278;13;12280;20;;;12275.0;0.0
yf_ADM_d5;7400;ASH_COATED_OSMIUM;9903;10;9901;21;;;9909;21;9911;23;;;9906.0;0.0
yf_ADM_d5;7400;INTARIAN_PEPPER_ROOT;12267;13;12264;24;;;12286;18;12289;12;;;12276.5;0.0
yf_ADM_d5;7500;ASH_COATED_OSMIUM;9903;15;9899;31;;;9909;12;9913;20;;;9906.0;0.0
yf_ADM_d5;7500;INTARIAN_PEPPER_ROOT;12274;20;12272;22;;;12280;16;12282;25;;;12277.0;0.0
yf_ADM_d5;7600;ASH_COATED_OSMIUM;9897;14;9894;9;;;9915;11;9917;21;;;9906.0;0.0
yf_ADM_d5;7600;INTARIAN_PEPPER_ROOT;12272;16;12269;26;;;12282;18;12285;24;;;12277.0;0.0
yf_ADM_d5;7700;ASH_COATED_OSMIUM;9902;13;9898;18;;;9908;20;9912;21;;;9905.0;0.0
yf_ADM_d5;7700;INTARIAN_PEPPER_ROOT;12275;10;12271;24;;;12281;9;12285;23;;;12278.0;0.0
yf_ADM_d5;7800;ASH_COATED_OSMIUM;9902;11;9898;12;;;9908;18;9910;18;;;9905.0;0.0
yf_ADM_d5;7800;INTARIAN_PEPPER_ROOT;12274;24;12272;16;;;12282;17;12284;17;;;12278.0;0.0
yf_ADM_d5;7900;ASH_COATED_OSMIUM;9903;15;9901;16;;;9909;18;9912;18;;;9906.0;0.0
yf_ADM_d5;7900;INTARIAN_PEPPER_ROOT;12274;9;12272;12;;;12284;13;12288;16;;;12279.0;0.0
yf_ADM_d5;8000;ASH_COATED_OSMIUM;9898;14;9895;14;;;9912;11;9916;22;;;9905.0;0.0
yf_ADM_d5;8000;INTARIAN_PEPPER_ROOT;12276;13;12274;19;;;12282;5;12284;19;;;12279.0;0.0
yf_ADM_d5;8100;ASH_COATED_OSMIUM;9903;20;9901;29;;;9909;11;9911;10;;;9906.0;0.0
yf_ADM_d5;8100;INTARIAN_PEPPER_ROOT;12277;19;12273;20;;;12283;8;12286;32;;;12280.0;0.0
yf_ADM_d5;8200;ASH_COATED_OSMIUM;9903;9;9899;25;;;9909;22;9911;20;;;9906.0;0.0
yf_ADM_d5;8200;INTARIAN_PEPPER_ROOT;12278;17;12274;22;;;12284;13;12287;20;;;12281.0;0.0
yf_ADM_d5;8300;ASH_COATED_OSMIUM;9903;12;9899;15;;;9909;14;9912;23;;;9906.0;0.0
yf_ADM_d5;8300;INTARIAN_PEPPER_ROOT;12278;13;12275;24;;;12284;11;12287;21;;;12281.0;0.0
yf_ADM_d5;8400;ASH_COATED_OSMIUM;9903;20;9901;19;;;9909;14;9912;18;;;9906.0;0.0
yf_ADM_d5;8400;INTARIAN_PEPPER_ROOT;12275;14;12272;22;;;12288;21;12292;23;;;12281.5;0.0
yf_ADM_d5;8500;ASH_COATED_OSMIUM;9903;15;9899;21;;;9909;13;9913;17;;;9906.0;0.0
yf_ADM_d5;8500;INTARIAN_PEPPER_ROOT;12279;17;12275;26;;;12285;6;12287;23;;;12282.0;0.0
yf_ADM_d5;8600;ASH_COATED_OSMIUM;9903;17;9900;23;;;9909;15;9912;15;;;9906.0;0.0
yf_ADM_d5;8600;INTARIAN_PEPPER_ROOT;12274;14;12270;22;;;12292;20;12294;31;;;12283.0;0.0
yf_ADM_d5;8700;ASH_COATED_OSMIUM;9903;16;9899;19;;;9909;19;9913;19;;;9906.0;0.0
yf_ADM_d5;8700;INTARIAN_PEPPER_ROOT;12275;11;12273;21;;;12292;15;12295;24;;;12283.5;0.0
yf_ADM_d5;8800;ASH_COATED_OSMIUM;9902;20;9898;12;;;9910;15;9913;23;;;9906.0;0.0
yf_ADM_d5;8800;INTARIAN_PEPPER_ROOT;12281;19;12278;14;;;12287;13;12289;12;;;12284.0;0.0
yf_ADM_d5;8900;ASH_COATED_OSMIUM;9902;20;9898;21;;;9908;12;9910;18;;;9905.0;0.0
yf_ADM_d5;8900;INTARIAN_PEPPER_ROOT;12282;8;12280;21;;;12288;18;12290;12;;;12285.0;0.0
yf_ADM_d5;9000;ASH_COATED_OSMIUM;9903;17;9901;28;;;9909;16;9912;21;;;9906.0;0.0
yf_ADM_d5;9000;INTARIAN_PEPPER_ROOT;12282;10;12280;12;;;12288;11;12290;22;;;12285.0;0.0
yf_ADM_d5;9100;ASH_COATED_OSMIUM;9903;10;9900;16;;;9909;13;9911;19;;;9906.0;0.0
yf_ADM_d5;9100;INTARIAN_PEPPER_ROOT;12281;20;12277;22;;;12290;26;12293;15;;;12285.5;0.0
yf_ADM_d5;9200;ASH_COATED_OSMIUM;9903;6;9899;30;;;9910;29;9914;22;;;9906.5;0.0
yf_ADM_d5;9200;INTARIAN_PEPPER_ROOT;12283;10;12280;18;;;12289;12;12293;14;;;12286.0;0.0
yf_ADM_d5;9300;ASH_COATED_OSMIUM;9901;24;9899;14;;;9911;8;9913;13;;;9906.0;0.0
yf_ADM_d5;9300;INTARIAN_PEPPER_ROOT;12282;11;12279;26;;;12289;22;12293;19;;;12285.5;0.0
yf_ADM_d5;9400;ASH_COATED_OSMIUM;9900;16;9898;17;;;9911;8;9913;27;;;9905.5;0.0
yf_ADM_d5;9400;INTARIAN_PEPPER_ROOT;12279;14;12276;13;;;12295;10;12297;13;;;12287.0;0.0
yf_ADM_d5;9500;ASH_COATED_OSMIUM;9903;12;9900;19;;;9909;11;9913;14;;;9906.0;0.0
yf_ADM_d5;9500;INTARIAN_PEPPER_ROOT;12285;17;12283;24;;;12291;20;12293;20;;;12288.0;0.0
yf_ADM_d5;9600;ASH_COATED_OSMIUM;9903;11;9900;18;;;9909;10;9912;21;;;9906.0;0.0
yf_ADM_d5;9600;INTARIAN_PEPPER_ROOT;12285;13;12283;30;;;12291;18;12294;20;;;12288.0;0.0
yf_ADM_d5;9700;ASH_COATED_OSMIUM;9903;6;9901;13;;;9909;19;9913;19;;;9906.0;0.0
yf_ADM_d5;9700;INTARIAN_PEPPER_ROOT;12279;21;12275;20;;;12297;9;12299;27;;;12288.0;0.0
yf_ADM_d5;9800;ASH_COATED_OSMIUM;9902;15;9900;19;;;9909;12;9912;11;;;9905.5;0.0
yf_ADM_d5;9800;INTARIAN_PEPPER_ROOT;12286;11;12282;20;;;12292;8;12295;14;;;12289.0;0.0
yf_ADM_d5;9900;ASH_COATED_OSMIUM;9903;16;9899;20;;;9909;11;9913;26;;;9906.0;0.0
yf_ADM_d5;9900;INTARIAN_PEPPER_ROOT;12285;11;12282;27;;;12293;11;12296;24;;;12289.0;0.0
yf_ADM_d5;10000;ASH_COATED_OSMIUM;9902;17;9899;23;;;9909;18;9911;24;;;9905.5;0.0
yf_ADM_d5;10000;INTARIAN_PEPPER_ROOT;12286;13;12283;24;;;12294;17;12296;23;;;12290.0;0.0
yf_ADM_d5;10100;ASH_COATED_OSMIUM;9903;8;9899;19;;;9909;21;9913;21;;;9906.0;0.0
yf_ADM_d5;10100;INTARIAN_PEPPER_ROOT;12288;5;12286;17;;;12294;13;12298;23;;;12291.0;0.0
yf_ADM_d5;10200;ASH_COATED_OSMIUM;9903;11;9899;18;;;9909;12;9911;21;;;9906.0;0.0
yf_ADM_d5;10200;INTARIAN_PEPPER_ROOT;12285;14;12282;12;;;12298;16;12302;17;;;12291.5;0.0
yf_ADM_d5;10300;ASH_COATED_OSMIUM;9903;18;9899;26;;;9909;16;9913;18;;;9906.0;0.0
yf_ADM_d5;10300;INTARIAN_PEPPER_ROOT;12288;11;12285;10;;;12294;16;12296;19;;;12291.0;0.0
yf_ADM_d5;10400;ASH_COATED_OSMIUM;9903;22;9901;14;;;9909;5;9912;17;;;9906.0;0.0
yf_ADM_d5;10400;INTARIAN_PEPPER_ROOT;12289;9;12287;15;;;12295;8;12298;20;;;12292.0;0.0
yf_ADM_d5;10500;ASH_COATED_OSMIUM;9902;14;9900;16;;;9909;13;9913;25;;;9905.5;0.0
yf_ADM_d5;10500;INTARIAN_PEPPER_ROOT;12279;8;12277;24;;;12307;16;12311;22;;;12293.0;0.0
yf_ADM_d5;10600;ASH_COATED_OSMIUM;9899;12;9895;14;;;9912;21;9915;14;;;9905.5;0.0
yf_ADM_d5;10600;INTARIAN_PEPPER_ROOT;12290;13;12286;22;;;12296;9;12299;15;;;12293.0;0.0
yf_ADM_d5;10700;ASH_COATED_OSMIUM;9903;7;9900;22;;;9909;23;9912;25;;;9906.0;0.0
yf_ADM_d5;10700;INTARIAN_PEPPER_ROOT;12290;16;12286;11;;;12296;13;12299;16;;;12293.0;0.0
yf_ADM_d5;10800;ASH_COATED_OSMIUM;9903;9;9899;25;;;9909;14;9912;20;;;9906.0;0.0
yf_ADM_d5;10800;INTARIAN_PEPPER_ROOT;12287;15;12285;9;;;12301;17;12303;17;;;12294.0;0.0
yf_ADM_d5;10900;ASH_COATED_OSMIUM;9902;18;9899;26;;;9909;13;9911;24;;;9905.5;0.0
yf_ADM_d5;10900;INTARIAN_PEPPER_ROOT;12286;21;12284;8;;;12304;14;12308;25;;;12295.0;0.0
yf_ADM_d5;11000;ASH_COATED_OSMIUM;9897;6;9893;20;;;9914;20;9917;21;;;9905.5;0.0
yf_ADM_d5;11000;INTARIAN_PEPPER_ROOT;12292;6;12290;22;;;12298;15;12300;22;;;12295.0;0.0
yf_ADM_d5;11100;ASH_COATED_OSMIUM;9903;5;9901;21;;;9909;21;9911;15;;;9906.0;0.0
yf_ADM_d5;11100;INTARIAN_PEPPER_ROOT;12293;16;12290;9;;;12299;14;12302;24;;;12296.0;0.0
yf_ADM_d5;11200;ASH_COATED_OSMIUM;9902;13;9899;15;;;9908;12;9910;18;;;9905.0;0.0
yf_ADM_d5;11200;INTARIAN_PEPPER_ROOT;12293;13;12289;20;;;12299;21;12301;22;;;12296.0;0.0
yf_ADM_d5;11300;ASH_COATED_OSMIUM;9903;19;9899;25;;;9909;13;9911;19;;;9906.0;0.0
yf_ADM_d5;11300;INTARIAN_PEPPER_ROOT;12294;15;12292;31;;;12300;27;12304;8;;;12297.0;0.0
yf_ADM_d5;11400;ASH_COATED_OSMIUM;9903;16;9901;18;;;9909;15;9912;17;;;9906.0;0.0
yf_ADM_d5;11400;INTARIAN_PEPPER_ROOT;12288;14;12285;26;;;12306;20;12308;14;;;12297.0;0.0
yf_ADM_d5;11500;ASH_COATED_OSMIUM;9899;18;9895;19;;;9912;12;9915;19;;;9905.5;0.0
yf_ADM_d5;11500;INTARIAN_PEPPER_ROOT;12291;15;12287;20;;;12305;7;12308;20;;;12298.0;0.0
yf_ADM_d5;11600;ASH_COATED_OSMIUM;9902;16;9900;19;;;9908;15;9912;22;;;9905.0;0.0
yf_ADM_d5;11600;INTARIAN_PEPPER_ROOT;12295;17;12293;25;;;12301;16;12303;12;;;12298.0;0.0
yf_ADM_d5;11700;ASH_COATED_OSMIUM;9903;15;9901;22;;;9909;16;9912;21;;;9906.0;0.0
yf_ADM_d5;11700;INTARIAN_PEPPER_ROOT;12296;18;12293;17;;;12302;22;12306;15;;;12299.0;0.0
yf_ADM_d5;11800;ASH_COATED_OSMIUM;9902;25;9899;22;;;9908;10;9911;23;;;9905.0;0.0
yf_ADM_d5;11800;INTARIAN_PEPPER_ROOT;12294;10;12290;19;;;12305;8;12309;24;;;12299.5;0.0
yf_ADM_d5;11900;ASH_COATED_OSMIUM;9903;16;9901;24;;;9909;24;9913;24;;;9906.0;0.0
yf_ADM_d5;11900;INTARIAN_PEPPER_ROOT;12296;10;12292;34;;;12303;13;12305;20;;;12299.5;0.0
yf_ADM_d5;12000;ASH_COATED_OSMIUM;9902;19;9898;18;;;9910;15;9912;15;;;9906.0;0.0
yf_ADM_d5;12000;INTARIAN_PEPPER_ROOT;12287;10;12283;22;;;12314;15;12318;17;;;12300.5;0.0
yf_ADM_d5;12100;ASH_COATED_OSMIUM;9891;11;9888;18;;;9920;8;9922;19;;;9905.5;0.0
yf_ADM_d5;12100;INTARIAN_PEPPER_ROOT;12298;24;12296;20;;;12304;18;12306;22;;;12301.0;0.0
yf_ADM_d5;12200;ASH_COATED_OSMIUM;9903;7;9901;20;;;9909;18;9913;16;;;9906.0;0.0
yf_ADM_d5;12200;INTARIAN_PEPPER_ROOT;12298;12;12294;16;;;12304;14;12306;13;;;12301.0;0.0
yf_ADM_d5;12300;ASH_COATED_OSMIUM;9903;13;9899;17;;;9909;17;9913;20;;;9906.0;0.0
yf_ADM_d5;12300;INTARIAN_PEPPER_ROOT;12299;17;12297;8;;;12305;12;12309;22;;;12302.0;0.0
yf_ADM_d5;12400;ASH_COATED_OSMIUM;9902;11;9900;26;;;9909;14;9913;21;;;9905.5;0.0
yf_ADM_d5;12400;INTARIAN_PEPPER_ROOT;12299;23;12296;18;;;12305;19;12309;22;;;12302.0;0.0
yf_ADM_d5;12500;ASH_COATED_OSMIUM;9903;17;9900;14;;;9909;17;9913;20;;;9906.0;0.0
yf_ADM_d5;12500;INTARIAN_PEPPER_ROOT;12298;14;12295;12;;;12308;15;12310;19;;;12303.0;0.0
yf_ADM_d5;12600;ASH_COATED_OSMIUM;9898;16;9894;28;;;9914;15;9918;14;;;9906.0;0.0
yf_ADM_d5;12600;INTARIAN_PEPPER_ROOT;12301;23;12298;24;;;12307;20;12309;10;;;12304.0;0.0
yf_ADM_d5;12700;ASH_COATED_OSMIUM;9903;18;9900;19;;;9909;18;9913;22;;;9906.0;0.0
yf_ADM_d5;12700;INTARIAN_PEPPER_ROOT;12301;8;12298;22;;;12307;15;12310;18;;;12304.0;0.0
yf_ADM_d5;12800;ASH_COATED_OSMIUM;9903;14;9899;12;;;9909;18;9913;26;;;9906.0;0.0
yf_ADM_d5;12800;INTARIAN_PEPPER_ROOT;12301;17;12297;18;;;12307;14;12311;29;;;12304.0;0.0
yf_ADM_d5;12900;ASH_COATED_OSMIUM;9903;19;9899;13;;;9909;6;9913;18;;;9906.0;0.0
yf_ADM_d5;12900;INTARIAN_PEPPER_ROOT;12302;19;12299;16;;;12308;17;12310;21;;;12305.0;0.0
yf_ADM_d5;13000;ASH_COATED_OSMIUM;9902;13;9899;16;;;9909;17;9911;8;;;9905.5;0.0
yf_ADM_d5;13000;INTARIAN_PEPPER_ROOT;12297;19;12294;27;;;12314;7;12317;14;;;12305.5;0.0
yf_ADM_d5;13100;ASH_COATED_OSMIUM;9895;11;9893;13;;;9916;6;9918;15;;;9905.5;0.0
yf_ADM_d5;13100;INTARIAN_PEPPER_ROOT;12304;10;12302;15;;;12310;15;12314;26;;;12307.0;0.0
yf_ADM_d5;13200;ASH_COATED_OSMIUM;9903;16;9901;21;;;9909;12;9911;22;;;9906.0;0.0
yf_ADM_d5;13200;INTARIAN_PEPPER_ROOT;12301;13;12297;27;;;12312;20;12315;17;;;12306.5;0.0
yf_ADM_d5;13300;ASH_COATED_OSMIUM;9900;16;9898;11;;;9911;6;9913;25;;;9905.5;0.0
yf_ADM_d5;13300;INTARIAN_PEPPER_ROOT;12304;16;12300;22;;;12311;19;12315;19;;;12307.5;0.0
yf_ADM_d5;13400;ASH_COATED_OSMIUM;9901;15;9898;18;;;9911;19;9914;23;;;9906.0;0.0
yf_ADM_d5;13400;INTARIAN_PEPPER_ROOT;12304;13;12302;28;;;12311;20;12313;19;;;12307.5;0.0
yf_ADM_d5;13500;ASH_COATED_OSMIUM;9901;19;9897;24;;;9912;14;9915;14;;;9906.5;0.0
yf_ADM_d5;13500;INTARIAN_PEPPER_ROOT;12303;15;12301;18;;;12313;15;12316;19;;;12308.0;0.0
yf_ADM_d5;13600;ASH_COATED_OSMIUM;9903;15;9899;26;;;9909;19;9913;28;;;9906.0;0.0
yf_ADM_d5;13600;INTARIAN_PEPPER_ROOT;12306;13;12304;26;;;12312;7;12315;11;;;12309.0;0.0
yf_ADM_d5;13700;ASH_COATED_OSMIUM;9902;18;9899;21;;;9908;11;9910;23;;;9905.0;0.0
yf_ADM_d5;13700;INTARIAN_PEPPER_ROOT;12306;10;12304;13;;;12312;9;12314;27;;;12309.0;0.0
yf_ADM_d5;13800;ASH_COATED_OSMIUM;9902;13;9899;23;;;9908;16;9912;30;;;9905.0;0.0
yf_ADM_d5;13800;INTARIAN_PEPPER_ROOT;12307;17;12303;17;;;12313;7;12317;16;;;12310.0;0.0
yf_ADM_d5;13900;ASH_COATED_OSMIUM;9900;8;9898;23;;;9912;7;9915;8;;;9906.0;0.0
yf_ADM_d5;13900;INTARIAN_PEPPER_ROOT;12308;14;12304;20;;;12314;14;12317;20;;;12311.0;0.0
yf_ADM_d5;14000;ASH_COATED_OSMIUM;9903;23;9899;16;;;9909;16;9912;16;;;9906.0;0.0
yf_ADM_d5;14000;INTARIAN_PEPPER_ROOT;12308;13;12305;18;;;12314;17;12317;23;;;12311.0;0.0
yf_ADM_d5;14100;ASH_COATED_OSMIUM;9903;16;9899;19;;;9909;6;9912;22;;;9906.0;0.0
yf_ADM_d5;14100;INTARIAN_PEPPER_ROOT;12308;13;12304;32;;;12316;11;12320;18;;;12312.0;0.0
yf_ADM_d5;14200;ASH_COATED_OSMIUM;9901;10;9897;28;;;9910;12;9914;16;;;9905.5;0.0
yf_ADM_d5;14200;INTARIAN_PEPPER_ROOT;12302;12;12300;17;;;12320;9;12322;20;;;12311.0;0.0
yf_ADM_d5;14300;ASH_COATED_OSMIUM;9903;13;9899;22;;;9909;16;9911;15;;;9906.0;0.0
yf_ADM_d5;14300;INTARIAN_PEPPER_ROOT;12309;17;12306;16;;;12315;16;12318;8;;;12312.0;0.0
yf_ADM_d5;14400;ASH_COATED_OSMIUM;9903;10;9901;21;;;9909;15;9913;12;;;9906.0;0.0
yf_ADM_d5;14400;INTARIAN_PEPPER_ROOT;12309;14;12307;12;;;12317;14;12320;13;;;12313.0;0.0
yf_ADM_d5;14500;ASH_COATED_OSMIUM;9901;6;9897;16;;;9911;12;9913;13;;;9906.0;0.0
yf_ADM_d5;14500;INTARIAN_PEPPER_ROOT;12310;12;12307;25;;;12316;12;12318;19;;;12313.0;0.0
yf_ADM_d5;14600;ASH_COATED_OSMIUM;9899;23;9897;22;;;9912;8;9915;28;;;9905.5;0.0
yf_ADM_d5;14600;INTARIAN_PEPPER_ROOT;12311;18;12309;18;;;12317;16;12321;28;;;12314.0;0.0
yf_ADM_d5;14700;ASH_COATED_OSMIUM;9903;7;9900;21;;;9909;10;9911;27;;;9906.0;0.0
yf_ADM_d5;14700;INTARIAN_PEPPER_ROOT;12309;6;12306;23;;;12319;17;12322;22;;;12314.0;0.0
yf_ADM_d5;14800;ASH_COATED_OSMIUM;9903;17;9901;27;;;9909;6;9911;23;;;9906.0;0.0
yf_ADM_d5;14800;INTARIAN_PEPPER_ROOT;12306;13;12302;16;;;12323;24;12325;25;;;12314.5;0.0
yf_ADM_d5;14900;ASH_COATED_OSMIUM;9903;17;9899;22;;;9909;20;9912;13;;;9906.0;0.0
yf_ADM_d5;14900;INTARIAN_PEPPER_ROOT;12313;11;12311;23;;;12319;7;12323;25;;;12316.0;0.0
yf_ADM_d5;15000;ASH_COATED_OSMIUM;9902;16;9900;12;;;9910;18;9912;20;;;9906.0;0.0
yf_ADM_d5;15000;INTARIAN_PEPPER_ROOT;12307;11;12303;22;;;12325;13;12328;21;;;12316.0;0.0
yf_ADM_d5;15100;ASH_COATED_OSMIUM;9903;16;9900;16;;;9909;24;9912;15;;;9906.0;0.0
yf_ADM_d5;15100;INTARIAN_PEPPER_ROOT;12314;8;12311;15;;;12320;16;12324;29;;;12317.0;0.0
yf_ADM_d5;15200;ASH_COATED_OSMIUM;9902;12;9900;20;;;9908;17;9912;20;;;9905.0;0.0
yf_ADM_d5;15200;INTARIAN_PEPPER_ROOT;12309;14;12306;13;;;12325;11;12327;19;;;12317.0;0.0
yf_ADM_d5;15300;ASH_COATED_OSMIUM;9902;18;9900;23;;;9908;15;9910;23;;;9905.0;0.0
yf_ADM_d5;15300;INTARIAN_PEPPER_ROOT;12315;23;12311;19;;;12321;23;12325;29;;;12318.0;0.0
yf_ADM_d5;15400;ASH_COATED_OSMIUM;9903;6;9900;28;;;9909;13;9913;15;;;9906.0;0.0
yf_ADM_d5;15400;INTARIAN_PEPPER_ROOT;12307;5;12304;17;;;12329;23;12332;23;;;12318.0;0.0
yf_ADM_d5;15500;ASH_COATED_OSMIUM;9899;6;9897;18;;;9913;21;9917;20;;;9906.0;0.0
yf_ADM_d5;15500;INTARIAN_PEPPER_ROOT;12314;6;12312;21;;;12323;11;12327;11;;;12318.5;0.0
yf_ADM_d5;15600;ASH_COATED_OSMIUM;9903;22;9900;15;;;9909;10;9911;15;;;9906.0;0.0
yf_ADM_d5;15600;INTARIAN_PEPPER_ROOT;12316;19;12312;13;;;12322;19;12325;9;;;12319.0;0.0
yf_ADM_d5;15700;ASH_COATED_OSMIUM;9903;7;9900;17;;;9909;19;9911;20;;;9906.0;0.0
yf_ADM_d5;15700;INTARIAN_PEPPER_ROOT;12316;22;12312;21;;;12322;6;12324;15;;;12319.0;0.0
yf_ADM_d5;15800;ASH_COATED_OSMIUM;9899;9;9897;20;;;9913;12;9916;14;;;9906.0;0.0
yf_ADM_d5;15800;INTARIAN_PEPPER_ROOT;12318;13;12314;13;;;12324;14;12327;21;;;12321.0;0.0
yf_ADM_d5;15900;ASH_COATED_OSMIUM;9902;18;9898;16;;;9909;14;9911;18;;;9905.5;0.0
yf_ADM_d5;15900;INTARIAN_PEPPER_ROOT;12318;13;12316;21;;;12324;12;12328;21;;;12321.0;0.0
yf_ADM_d5;16000;ASH_COATED_OSMIUM;9903;12;9900;29;;;9909;5;9911;15;;;9906.0;0.0
yf_ADM_d5;16000;INTARIAN_PEPPER_ROOT;12317;19;12314;22;;;12326;10;12330;23;;;12321.5;0.0
yf_ADM_d5;16100;ASH_COATED_OSMIUM;9903;9;9900;21;;;9909;15;9911;22;;;9906.0;0.0
yf_ADM_d5;16100;INTARIAN_PEPPER_ROOT;12308;11;12304;28;;;12336;16;12339;17;;;12322.0;0.0
yf_ADM_d5;16200;ASH_COATED_OSMIUM;9899;18;9895;22;;;9912;17;9914;16;;;9905.5;0.0
yf_ADM_d5;16200;INTARIAN_PEPPER_ROOT;12319;12;12315;18;;;12325;8;12327;17;;;12322.0;0.0
yf_ADM_d5;16300;ASH_COATED_OSMIUM;9903;15;9900;14;;;9909;19;9913;22;;;9906.0;0.0
yf_ADM_d5;16300;INTARIAN_PEPPER_ROOT;12320;15;12318;15;;;12326;16;12330;22;;;12323.0;0.0
yf_ADM_d5;16400;ASH_COATED_OSMIUM;9903;27;9899;14;;;9909;13;9913;18;;;9906.0;0.0
yf_ADM_d5;16400;INTARIAN_PEPPER_ROOT;12320;9;12318;20;;;12326;15;12330;17;;;12323.0;0.0
yf_ADM_d5;16500;ASH_COATED_OSMIUM;9893;15;9891;23;;;9918;10;9922;22;;;9905.5;0.0
yf_ADM_d5;16500;INTARIAN_PEPPER_ROOT;12313;18;12310;25;;;12335;15;12338;28;;;12324.0;0.0
yf_ADM_d5;16600;ASH_COATED_OSMIUM;9903;12;9901;8;;;9909;21;9911;14;;;9906.0;0.0
yf_ADM_d5;16600;INTARIAN_PEPPER_ROOT;12322;17;12318;10;;;12328;13;12332;15;;;12325.0;0.0
yf_ADM_d5;16700;ASH_COATED_OSMIUM;9902;21;9898;8;;;9909;10;9911;22;;;9905.5;0.0
yf_ADM_d5;16700;INTARIAN_PEPPER_ROOT;12319;12;12316;15;;;12331;11;12333;19;;;12325.0;0.0
yf_ADM_d5;16800;ASH_COATED_OSMIUM;9903;9;9900;23;;;9909;9;9911;21;;;9906.0;0.0
yf_ADM_d5;16800;INTARIAN_PEPPER_ROOT;12308;19;12306;29;;;12343;5;12346;10;;;12325.5;0.0
yf_ADM_d5;16900;ASH_COATED_OSMIUM;9902;15;9900;20;;;9908;19;9911;19;;;9905.0;0.0
yf_ADM_d5;16900;INTARIAN_PEPPER_ROOT;12323;5;12321;25;;;12329;11;12333;23;;;12326.0;0.0
yf_ADM_d5;17000;ASH_COATED_OSMIUM;9899;6;9897;13;;;9912;12;9915;28;;;9905.5;0.0
yf_ADM_d5;17000;INTARIAN_PEPPER_ROOT;12324;17;12320;19;;;12330;12;12333;20;;;12327.0;0.0
yf_ADM_d5;17100;ASH_COATED_OSMIUM;9900;12;9896;22;;;9911;11;9915;31;;;9905.5;0.0
yf_ADM_d5;17100;INTARIAN_PEPPER_ROOT;12325;5;12321;16;;;12331;5;12334;25;;;12328.0;0.0
yf_ADM_d5;17200;ASH_COATED_OSMIUM;9903;9;9900;10;;;9909;18;9913;17;;;9906.0;0.0
yf_ADM_d5;17200;INTARIAN_PEPPER_ROOT;12317;12;12314;14;;;12341;15;12345;25;;;12329.0;0.0
yf_ADM_d5;17300;ASH_COATED_OSMIUM;9899;18;9895;14;;;9913;16;9917;22;;;9906.0;0.0
yf_ADM_d5;17300;INTARIAN_PEPPER_ROOT;12326;19;12324;18;;;12335;17;12337;17;;;12330.5;0.0
yf_ADM_d5;17400;ASH_COATED_OSMIUM;9903;21;9901;22;;;9909;15;9913;17;;;9906.0;0.0
yf_ADM_d5;17400;INTARIAN_PEPPER_ROOT;12326;16;12323;14;;;12336;15;12340;13;;;12331.0;0.0
yf_ADM_d5;17500;ASH_COATED_OSMIUM;9903;18;9900;19;;;9909;19;9912;17;;;9906.0;0.0
yf_ADM_d5;17500;INTARIAN_PEPPER_ROOT;12329;21;12327;20;;;12335;19;12338;27;;;12332.0;0.0
yf_ADM_d5;17600;ASH_COATED_OSMIUM;9895;11;9892;21;;;9918;19;9922;23;;;9906.5;0.0
yf_ADM_d5;17600;INTARIAN_PEPPER_ROOT;12330;20;12327;20;;;12336;19;12338;22;;;12333.0;0.0
yf_ADM_d5;17700;ASH_COATED_OSMIUM;9903;13;9900;22;;;9909;19;9912;15;;;9906.0;0.0
yf_ADM_d5;17700;INTARIAN_PEPPER_ROOT;12331;6;12329;20;;;12337;15;12341;18;;;12334.0;0.0
yf_ADM_d5;17800;ASH_COATED_OSMIUM;9902;5;9900;17;;;9910;5;9914;23;;;9906.0;0.0
yf_ADM_d5;17800;INTARIAN_PEPPER_ROOT;12331;18;12327;21;;;12337;21;12340;18;;;12334.0;0.0
yf_ADM_d5;17900;ASH_COATED_OSMIUM;9893;17;9889;20;;;9918;16;9921;12;;;9905.5;0.0
yf_ADM_d5;17900;INTARIAN_PEPPER_ROOT;12332;7;12329;25;;;12338;9;12341;15;;;12335.0;0.0
yf_ADM_d5;18000;ASH_COATED_OSMIUM;9903;17;9900;10;;;9909;15;9911;18;;;9906.0;0.0
yf_ADM_d5;18000;INTARIAN_PEPPER_ROOT;12334;19;12330;26;;;12341;13;12344;20;;;12337.5;0.0
yf_ADM_d5;18100;ASH_COATED_OSMIUM;9903;10;9900;27;;;9909;21;9912;18;;;9906.0;0.0
yf_ADM_d5;18100;INTARIAN_PEPPER_ROOT;12325;24;12321;23;;;12350;11;12354;11;;;12337.5;0.0
yf_ADM_d5;18200;ASH_COATED_OSMIUM;9903;16;9901;20;;;9909;17;9912;28;;;9906.0;0.0
yf_ADM_d5;18200;INTARIAN_PEPPER_ROOT;12334;19;12332;21;;;12343;17;12346;15;;;12338.5;0.0
yf_ADM_d5;18300;ASH_COATED_OSMIUM;9903;5;9899;23;;;9909;19;9913;22;;;9906.0;0.0
yf_ADM_d5;18300;INTARIAN_PEPPER_ROOT;12331;17;12328;14;;;12349;18;12351;14;;;12340.0;0.0
yf_ADM_d5;18400;ASH_COATED_OSMIUM;9899;10;9895;31;;;9912;12;9915;25;;;9905.5;0.0
yf_ADM_d5;18400;INTARIAN_PEPPER_ROOT;12338;6;12334;30;;;12344;14;12347;12;;;12341.0;0.0
yf_ADM_d5;18500;ASH_COATED_OSMIUM;9896;19;9893;21;;;9916;19;9920;26;;;9906.0;0.0
yf_ADM_d5;18500;INTARIAN_PEPPER_ROOT;12339;16;12335;22;;;12345;14;12347;24;;;12342.0;0.0
yf_ADM_d5;18600;ASH_COATED_OSMIUM;9899;12;9895;24;;;9913;23;9917;20;;;9906.0;0.0
yf_ADM_d5;18600;INTARIAN_PEPPER_ROOT;12338;8;12335;21;;;12347;16;12349;20;;;12342.5;0.0
yf_ADM_d5;18700;ASH_COATED_OSMIUM;9903;16;9901;11;;;9909;8;9913;11;;;9906.0;0.0
yf_ADM_d5;18700;INTARIAN_PEPPER_ROOT;12337;19;12333;24;;;12352;14;12356;20;;;12344.5;0.0
yf_ADM_d5;18800;ASH_COATED_OSMIUM;9903;22;9899;22;;;9909;14;9912;20;;;9906.0;0.0
yf_ADM_d5;18800;INTARIAN_PEPPER_ROOT;12339;6;12336;23;;;12350;7;12354;13;;;12344.5;0.0
yf_ADM_d5;18900;ASH_COATED_OSMIUM;9903;17;9899;19;;;9909;12;9911;26;;;9906.0;0.0
yf_ADM_d5;18900;INTARIAN_PEPPER_ROOT;12343;14;12340;13;;;12349;8;12353;15;;;12346.0;0.0
yf_ADM_d5;19000;ASH_COATED_OSMIUM;9903;16;9899;15;;;9909;13;9911;17;;;9906.0;0.0
yf_ADM_d5;19000;INTARIAN_PEPPER_ROOT;12344;14;12340;20;;;12350;17;12352;14;;;12347.0;0.0
yf_ADM_d5;19100;ASH_COATED_OSMIUM;9903;15;9901;23;;;9909;11;9912;16;;;9906.0;0.0
yf_ADM_d5;19100;INTARIAN_PEPPER_ROOT;12345;14;12342;23;;;12351;16;12354;14;;;12348.0;0.0
yf_ADM_d5;19200;ASH_COATED_OSMIUM;9895;14;9893;23;;;9917;7;9920;15;;;9906.0;0.0
yf_ADM_d5;19200;INTARIAN_PEPPER_ROOT;12345;17;12342;21;;;12351;16;12355;22;;;12348.0;0.0
yf_ADM_d5;19300;ASH_COATED_OSMIUM;9903;9;9899;28;;;9909;15;9913;28;;;9906.0;0.0
yf_ADM_d5;19300;INTARIAN_PEPPER_ROOT;12345;14;12341;16;;;12355;9;12357;20;;;12350.0;0.0
yf_ADM_d5;19400;ASH_COATED_OSMIUM;9903;15;9900;20;;;9909;20;9913;23;;;9906.0;0.0
yf_ADM_d5;19400;INTARIAN_PEPPER_ROOT;12347;8;12345;22;;;12355;17;12357;23;;;12351.0;0.0
yf_ADM_d5;19500;ASH_COATED_OSMIUM;9903;20;9901;16;;;9909;19;9911;16;;;9906.0;0.0
yf_ADM_d5;19500;INTARIAN_PEPPER_ROOT;12347;12;12344;18;;;12356;11;12358;17;;;12351.5;0.0
yf_ADM_d5;19600;ASH_COATED_OSMIUM;9903;11;9901;14;;;9909;11;9911;19;;;9906.0;0.0
yf_ADM_d5;19600;INTARIAN_PEPPER_ROOT;12346;10;12342;23;;;12359;16;12361;14;;;12352.5;0.0
yf_ADM_d5;19700;ASH_COATED_OSMIUM;9903;9;9899;26;;;9909;16;9911;23;;;9906.0;0.0
yf_ADM_d5;19700;INTARIAN_PEPPER_ROOT;12350;16;12346;14;;;12356;9;12358;18;;;12353.0;0.0
yf_ADM_d5;19800;ASH_COATED_OSMIUM;9903;29;9899;18;;;9909;21;9913;15;;;9906.0;0.0
yf_ADM_d5;19800;INTARIAN_PEPPER_ROOT;12347;19;12345;17;;;12362;16;12365;17;;;12354.5;0.0
yf_ADM_d5;19900;ASH_COATED_OSMIUM;9903;21;9899;25;;;9909;11;9911;28;;;9906.0;0.0
yf_ADM_d5;19900;INTARIAN_PEPPER_ROOT;12346;11;12342;19;;;12366;12;12368;15;;;12356.0;0.0
yf_ADM_d5;20000;ASH_COATED_OSMIUM;9894;18;9891;16;;;9917;14;9920;12;;;9905.5;0.0
yf_ADM_d5;20000;INTARIAN_PEPPER_ROOT;12350;10;12348;22;;;12364;11;12367;15;;;12357.0;0.0
yf_ADM_d5;20100;ASH_COATED_OSMIUM;9903;14;9900;33;;;9909;5;9913;27;;;9906.0;0.0
yf_ADM_d5;20100;INTARIAN_PEPPER_ROOT;12354;12;12351;17;;;12360;22;12363;19;;;12357.0;0.0
yf_ADM_d5;20200;ASH_COATED_OSMIUM;9903;17;9899;12;;;9909;15;9911;24;;;9906.0;0.0
yf_ADM_d5;20200;INTARIAN_PEPPER_ROOT;12355;13;12352;16;;;12362;14;12364;20;;;12358.5;0.0
yf_ADM_d5;20300;ASH_COATED_OSMIUM;9901;7;9898;8;;;9911;17;9914;24;;;9906.0;0.0
yf_ADM_d5;20300;INTARIAN_PEPPER_ROOT;12355;17;12353;19;;;12365;9;12367;21;;;12360.0;0.0
yf_ADM_d5;20400;ASH_COATED_OSMIUM;9903;17;9900;11;;;9910;17;9913;18;;;9906.5;0.0
yf_ADM_d5;20400;INTARIAN_PEPPER_ROOT;12357;19;12353;14;;;12365;21;12369;21;;;12361.0;0.0
yf_ADM_d5;20500;ASH_COATED_OSMIUM;9902;11;9900;19;;;9909;16;9912;13;;;9905.5;0.0
yf_ADM_d5;20500;INTARIAN_PEPPER_ROOT;12355;14;12352;18;;;12368;11;12372;22;;;12361.5;0.0
yf_ADM_d5;20600;ASH_COATED_OSMIUM;9900;7;9897;25;;;9912;8;9916;30;;;9906.0;0.0
yf_ADM_d5;20600;INTARIAN_PEPPER_ROOT;12359;27;12355;21;;;12365;17;12369;14;;;12362.0;0.0
yf_ADM_d5;20700;ASH_COATED_OSMIUM;9902;14;9898;12;;;9909;8;9913;17;;;9905.5;0.0
yf_ADM_d5;20700;INTARIAN_PEPPER_ROOT;12355;11;12352;8;;;12373;13;12376;11;;;12364.0;0.0
yf_ADM_d5;20800;ASH_COATED_OSMIUM;9901;12;9899;18;;;9912;19;9914;17;;;9906.5;0.0
yf_ADM_d5;20800;INTARIAN_PEPPER_ROOT;12362;13;12359;21;;;12368;9;12370;25;;;12365.0;0.0
yf_ADM_d5;20900;ASH_COATED_OSMIUM;9900;5;9898;17;;;9911;12;9913;15;;;9905.5;0.0
yf_ADM_d5;20900;INTARIAN_PEPPER_ROOT;12355;22;12353;22;;;12375;5;12377;18;;;12365.0;0.0
yf_ADM_d5;21000;ASH_COATED_OSMIUM;9893;12;9889;18;;;9920;14;9923;24;;;9906.5;0.0
yf_ADM_d5;21000;INTARIAN_PEPPER_ROOT;12364;17;12362;27;;;12370;15;12372;9;;;12367.0;0.0
yf_ADM_d5;21100;ASH_COATED_OSMIUM;9894;14;9892;15;;;9920;15;9924;17;;;9907.0;0.0
yf_ADM_d5;21100;INTARIAN_PEPPER_ROOT;12364;11;12362;24;;;12370;15;12372;22;;;12367.0;0.0
yf_ADM_d5;21200;ASH_COATED_OSMIUM;9903;14;9899;22;;;9909;25;9911;18;;;9906.0;0.0
yf_ADM_d5;21200;INTARIAN_PEPPER_ROOT;12356;16;12354;18;;;12381;21;12383;17;;;12368.5;0.0
yf_ADM_d5;21300;ASH_COATED_OSMIUM;9903;14;9899;22;;;9909;8;9911;18;;;9906.0;0.0
yf_ADM_d5;21300;INTARIAN_PEPPER_ROOT;12364;8;12361;25;;;12375;19;12377;22;;;12369.5;0.0
yf_ADM_d5;21400;ASH_COATED_OSMIUM;9898;13;9896;24;;;9914;16;9917;19;;;9906.0;0.0
yf_ADM_d5;21400;INTARIAN_PEPPER_ROOT;12367;18;12365;22;;;12373;15;12375;20;;;12370.0;0.0
yf_ADM_d5;21500;ASH_COATED_OSMIUM;9903;15;9899;12;;;9909;10;9913;18;;;9906.0;0.0
yf_ADM_d5;21500;INTARIAN_PEPPER_ROOT;12369;7;12367;22;;;12375;18;12379;14;;;12372.0;0.0
yf_ADM_d5;21600;ASH_COATED_OSMIUM;9903;16;9899;15;;;9909;12;9911;23;;;9906.0;0.0
yf_ADM_d5;21600;INTARIAN_PEPPER_ROOT;12366;10;12364;20;;;12380;20;12384;23;;;12373.0;0.0
yf_ADM_d5;21700;ASH_COATED_OSMIUM;9902;20;9899;17;;;9909;14;9913;20;;;9905.5;0.0
yf_ADM_d5;21700;INTARIAN_PEPPER_ROOT;12364;14;12362;10;;;12384;19;12387;24;;;12374.0;0.0
yf_ADM_d5;21800;ASH_COATED_OSMIUM;9903;10;9901;20;;;9909;14;9912;11;;;9906.0;0.0
yf_ADM_d5;21800;INTARIAN_PEPPER_ROOT;12371;19;12368;14;;;12377;9;12379;29;;;12374.0;0.0
yf_ADM_d5;21900;ASH_COATED_OSMIUM;9894;11;9892;22;;;9919;12;9923;21;;;9906.5;0.0
yf_ADM_d5;21900;INTARIAN_PEPPER_ROOT;12370;15;12367;25;;;12381;13;12385;21;;;12375.5;0.0
yf_ADM_d5;22000;ASH_COATED_OSMIUM;9903;18;9901;23;;;9910;5;9914;18;;;9906.5;0.0
yf_ADM_d5;22000;INTARIAN_PEPPER_ROOT;12360;14;12358;16;;;12393;23;12395;16;;;12376.5;0.0
yf_ADM_d5;22100;ASH_COATED_OSMIUM;9903;24;9901;22;;;9909;6;9911;20;;;9906.0;0.0
yf_ADM_d5;22100;INTARIAN_PEPPER_ROOT;12372;11;12369;22;;;12382;19;12385;15;;;12377.0;0.0
yf_ADM_d5;22200;ASH_COATED_OSMIUM;9903;19;9899;21;;;9909;19;9912;14;;;9906.0;0.0
yf_ADM_d5;22200;INTARIAN_PEPPER_ROOT;12369;21;12366;12;;;12389;19;12392;17;;;12379.0;0.0
yf_ADM_d5;22300;ASH_COATED_OSMIUM;9903;14;9899;19;;;9909;13;9911;8;;;9906.0;0.0
yf_ADM_d5;22300;INTARIAN_PEPPER_ROOT;12377;13;12373;17;;;12383;7;12387;13;;;12380.0;0.0
yf_ADM_d5;22400;ASH_COATED_OSMIUM;9903;18;9899;15;;;9909;18;9913;20;;;9906.0;0.0
yf_ADM_d5;22400;INTARIAN_PEPPER_ROOT;12377;10;12375;18;;;12383;11;12386;24;;;12380.0;0.0
yf_ADM_d5;22500;ASH_COATED_OSMIUM;9900;19;9898;18;;;9913;22;9916;13;;;9906.5;0.0
yf_ADM_d5;22500;INTARIAN_PEPPER_ROOT;12378;10;12375;10;;;12384;11;12386;21;;;12381.0;0.0
yf_ADM_d5;22600;ASH_COATED_OSMIUM;9904;17;9901;21;;;9910;5;9913;20;;;9907.0;0.0
yf_ADM_d5;22600;INTARIAN_PEPPER_ROOT;12376;15;12374;23;;;12390;20;12394;20;;;12383.0;0.0
yf_ADM_d5;22700;ASH_COATED_OSMIUM;9903;8;9901;28;;;9909;9;9913;26;;;9906.0;0.0
yf_ADM_d5;22700;INTARIAN_PEPPER_ROOT;12381;15;12379;19;;;12387;18;12391;21;;;12384.0;0.0
yf_ADM_d5;22800;ASH_COATED_OSMIUM;9900;17;9896;20;;;9912;23;9915;19;;;9906.0;0.0
yf_ADM_d5;22800;INTARIAN_PEPPER_ROOT;12373;14;12369;13;;;12396;8;12398;15;;;12384.5;0.0
yf_ADM_d5;22900;ASH_COATED_OSMIUM;9901;14;9899;27;;;9911;10;9914;18;;;9906.0;0.0
yf_ADM_d5;22900;INTARIAN_PEPPER_ROOT;12381;12;12378;18;;;12391;12;12393;26;;;12386.0;0.0
yf_ADM_d5;23000;ASH_COATED_OSMIUM;9903;11;9901;18;;;9909;5;9913;20;;;9906.0;0.0
yf_ADM_d5;23000;INTARIAN_PEPPER_ROOT;12383;17;12379;23;;;12389;18;12393;29;;;12386.0;0.0
yf_ADM_d5;23100;ASH_COATED_OSMIUM;9903;13;9901;19;;;9910;22;9912;16;;;9906.5;0.0
yf_ADM_d5;23100;INTARIAN_PEPPER_ROOT;12384;20;12380;16;;;12390;14;12393;21;;;12387.0;0.0
yf_ADM_d5;23200;ASH_COATED_OSMIUM;9897;16;9893;18;;;9916;8;9919;20;;;9906.5;0.0
yf_ADM_d5;23200;INTARIAN_PEPPER_ROOT;12384;14;12380;16;;;12392;22;12394;12;;;12388.0;0.0
yf_ADM_d5;23300;ASH_COATED_OSMIUM;9904;13;9901;20;;;9910;6;9914;23;;;9907.0;0.0
yf_ADM_d5;23300;INTARIAN_PEPPER_ROOT;12385;7;12382;25;;;12393;14;12397;24;;;12389.0;0.0
yf_ADM_d5;23400;ASH_COATED_OSMIUM;9900;11;9897;22;;;9912;18;9915;26;;;9906.0;0.0
yf_ADM_d5;23400;INTARIAN_PEPPER_ROOT;12381;16;12378;23;;;12400;5;12403;19;;;12390.5;0.0
yf_ADM_d5;23500;ASH_COATED_OSMIUM;9904;17;9901;8;;;9910;17;9914;21;;;9907.0;0.0
yf_ADM_d5;23500;INTARIAN_PEPPER_ROOT;12386;13;12383;18;;;12396;16;12398;18;;;12391.0;0.0
yf_ADM_d5;23600;ASH_COATED_OSMIUM;9904;17;9902;20;;;9910;16;9913;20;;;9907.0;0.0
yf_ADM_d5;23600;INTARIAN_PEPPER_ROOT;12389;21;12387;13;;;12396;19;12400;21;;;12392.5;0.0
yf_ADM_d5;23700;ASH_COATED_OSMIUM;9904;5;9900;16;;;9910;10;9912;23;;;9907.0;0.0
yf_ADM_d5;23700;INTARIAN_PEPPER_ROOT;12390;21;12386;31;;;12396;11;12398;27;;;12393.0;0.0
yf_ADM_d5;23800;ASH_COATED_OSMIUM;9904;10;9901;26;;;9910;10;9913;19;;;9907.0;0.0
yf_ADM_d5;23800;INTARIAN_PEPPER_ROOT;12392;12;12388;13;;;12398;8;12400;13;;;12395.0;0.0
yf_ADM_d5;23900;ASH_COATED_OSMIUM;9903;21;9900;22;;;9909;13;9912;23;;;9906.0;0.0
yf_ADM_d5;23900;INTARIAN_PEPPER_ROOT;12392;17;12389;19;;;12398;17;12400;26;;;12395.0;0.0
yf_ADM_d5;24000;ASH_COATED_OSMIUM;9903;16;9900;8;;;9909;13;9911;21;;;9906.0;0.0
yf_ADM_d5;24000;INTARIAN_PEPPER_ROOT;12394;20;12390;21;;;12400;14;12402;24;;;12397.0;0.0
yf_ADM_d5;24100;ASH_COATED_OSMIUM;9903;17;9901;23;;;9909;10;9911;21;;;9906.0;0.0
yf_ADM_d5;24100;INTARIAN_PEPPER_ROOT;12394;18;12390;17;;;12400;16;12402;18;;;12397.0;0.0
yf_ADM_d5;24200;ASH_COATED_OSMIUM;9897;12;9895;21;;;9916;9;9920;16;;;9906.5;0.0
yf_ADM_d5;24200;INTARIAN_PEPPER_ROOT;12395;13;12392;13;;;12401;12;12404;21;;;12398.0;0.0
yf_ADM_d5;24300;ASH_COATED_OSMIUM;9903;12;9901;11;;;9909;17;9911;22;;;9906.0;0.0
yf_ADM_d5;24300;INTARIAN_PEPPER_ROOT;12396;15;12393;29;;;12402;10;12406;23;;;12399.0;0.0
yf_ADM_d5;24400;ASH_COATED_OSMIUM;9903;12;9899;22;;;9909;10;9912;14;;;9906.0;0.0
yf_ADM_d5;24400;INTARIAN_PEPPER_ROOT;12391;20;12387;26;;;12409;15;12411;16;;;12400.0;0.0
yf_ADM_d5;24500;ASH_COATED_OSMIUM;9898;24;9894;24;;;9915;13;9918;20;;;9906.5;0.0
yf_ADM_d5;24500;INTARIAN_PEPPER_ROOT;12398;15;12395;10;;;12404;14;12407;11;;;12401.0;0.0
yf_ADM_d5;24600;ASH_COATED_OSMIUM;9893;10;9890;25;;;9920;12;9923;21;;;9906.5;0.0
yf_ADM_d5;24600;INTARIAN_PEPPER_ROOT;12391;9;12388;18;;;12412;16;12414;15;;;12401.5;0.0
yf_ADM_d5;24700;ASH_COATED_OSMIUM;9904;18;9902;22;;;9910;13;9913;22;;;9907.0;0.0
yf_ADM_d5;24700;INTARIAN_PEPPER_ROOT;12399;16;12395;24;;;12406;10;12408;20;;;12402.5;0.0
yf_ADM_d5;24800;ASH_COATED_OSMIUM;9902;22;9898;23;;;9910;17;9913;12;;;9906.0;0.0
yf_ADM_d5;24800;INTARIAN_PEPPER_ROOT;12394;13;12392;21;;;12414;15;12416;29;;;12404.0;0.0
yf_ADM_d5;24900;ASH_COATED_OSMIUM;9903;10;9899;13;;;9909;13;9912;26;;;9906.0;0.0
yf_ADM_d5;24900;INTARIAN_PEPPER_ROOT;12402;12;12400;25;;;12408;13;12411;22;;;12405.0;0.0
yf_ADM_d5;25000;ASH_COATED_OSMIUM;9904;9;9900;16;;;9910;7;9912;17;;;9907.0;0.0
yf_ADM_d5;25000;INTARIAN_PEPPER_ROOT;12403;9;12400;21;;;12409;16;12411;16;;;12406.0;0.0
yf_ADM_d5;25100;ASH_COATED_OSMIUM;9903;16;9899;16;;;9911;6;9914;15;;;9907.0;0.0
yf_ADM_d5;25100;INTARIAN_PEPPER_ROOT;12403;20;12399;23;;;12411;14;12413;14;;;12407.0;0.0
yf_ADM_d5;25200;ASH_COATED_OSMIUM;9904;14;9901;23;;;9910;24;9914;18;;;9907.0;0.0
yf_ADM_d5;25200;INTARIAN_PEPPER_ROOT;12403;21;12400;23;;;12413;17;12417;20;;;12408.0;0.0
yf_ADM_d5;25300;ASH_COATED_OSMIUM;9900;5;9898;23;;;9913;18;9916;13;;;9906.5;0.0
yf_ADM_d5;25300;INTARIAN_PEPPER_ROOT;12406;20;12404;11;;;12412;17;12415;24;;;12409.0;0.0
yf_ADM_d5;25400;ASH_COATED_OSMIUM;9897;12;9895;26;;;9916;15;9919;21;;;9906.5;0.0
yf_ADM_d5;25400;INTARIAN_PEPPER_ROOT;12407;14;12404;15;;;12413;5;12417;23;;;12410.0;0.0
yf_ADM_d5;25500;ASH_COATED_OSMIUM;9904;15;9900;28;;;9910;17;9912;16;;;9907.0;0.0
yf_ADM_d5;25500;INTARIAN_PEPPER_ROOT;12408;11;12406;22;;;12415;11;12418;21;;;12411.5;0.0
yf_ADM_d5;25600;ASH_COATED_OSMIUM;9904;22;9902;21;;;9910;11;9914;23;;;9907.0;0.0
yf_ADM_d5;25600;INTARIAN_PEPPER_ROOT;12401;11;12399;24;;;12422;15;12424;15;;;12411.5;0.0
yf_ADM_d5;25700;ASH_COATED_OSMIUM;9893;16;9891;21;;;9921;16;9923;21;;;9907.0;0.0
yf_ADM_d5;25700;INTARIAN_PEPPER_ROOT;12407;16;12405;12;;;12418;10;12420;20;;;12412.5;0.0
yf_ADM_d5;25800;ASH_COATED_OSMIUM;9903;10;9901;23;;;9909;16;9913;27;;;9906.0;0.0
yf_ADM_d5;25800;INTARIAN_PEPPER_ROOT;12411;14;12407;20;;;12417;10;12419;19;;;12414.0;0.0
yf_ADM_d5;25900;ASH_COATED_OSMIUM;9895;18;9892;19;;;9917;17;9919;21;;;9906.0;0.0
yf_ADM_d5;25900;INTARIAN_PEPPER_ROOT;12410;16;12407;15;;;12420;17;12422;16;;;12415.0;0.0
yf_ADM_d5;26000;ASH_COATED_OSMIUM;9901;15;9897;28;;;9913;6;9916;25;;;9907.0;0.0
yf_ADM_d5;26000;INTARIAN_PEPPER_ROOT;12413;13;12410;16;;;12419;6;12422;10;;;12416.0;0.0
yf_ADM_d5;26100;ASH_COATED_OSMIUM;9904;16;9902;22;;;9910;25;9914;14;;;9907.0;0.0
yf_ADM_d5;26100;INTARIAN_PEPPER_ROOT;12411;11;12408;28;;;12423;13;12425;23;;;12417.0;0.0
yf_ADM_d5;26200;ASH_COATED_OSMIUM;9902;20;9899;25;;;9911;14;9915;17;;;9906.5;0.0
yf_ADM_d5;26200;INTARIAN_PEPPER_ROOT;12414;18;12411;22;;;12422;11;12426;11;;;12418.0;0.0
yf_ADM_d5;26300;ASH_COATED_OSMIUM;9898;21;9895;29;;;9915;12;9919;17;;;9906.5;0.0
yf_ADM_d5;26300;INTARIAN_PEPPER_ROOT;12414;23;12411;12;;;12424;16;12428;16;;;12419.0;0.0
yf_ADM_d5;26400;ASH_COATED_OSMIUM;9904;24;9900;26;;;9910;12;9912;12;;;9907.0;0.0
yf_ADM_d5;26400;INTARIAN_PEPPER_ROOT;12417;7;12415;27;;;12423;14;12425;19;;;12420.0;0.0
yf_ADM_d5;26500;ASH_COATED_OSMIUM;9904;14;9901;35;;;9910;11;9914;19;;;9907.0;0.0
yf_ADM_d5;26500;INTARIAN_PEPPER_ROOT;12418;15;12414;29;;;12424;10;12427;9;;;12421.0;0.0
yf_ADM_d5;26600;ASH_COATED_OSMIUM;9900;12;9896;21;;;9913;19;9916;21;;;9906.5;0.0
yf_ADM_d5;26600;INTARIAN_PEPPER_ROOT;12419;8;12416;11;;;12425;6;12427;23;;;12422.0;0.0
yf_ADM_d5;26700;ASH_COATED_OSMIUM;9899;14;9896;25;;;9914;19;9918;20;;;9906.5;0.0
yf_ADM_d5;26700;INTARIAN_PEPPER_ROOT;12420;12;12416;21;;;12426;9;12430;16;;;12423.0;0.0
yf_ADM_d5;26800;ASH_COATED_OSMIUM;9903;17;9901;12;;;9911;5;9915;18;;;9907.0;0.0
yf_ADM_d5;26800;INTARIAN_PEPPER_ROOT;12421;5;12419;26;;;12427;13;12431;14;;;12424.0;0.0
yf_ADM_d5;26900;ASH_COATED_OSMIUM;9900;15;9897;25;;;9915;9;9917;17;;;9907.5;0.0
yf_ADM_d5;26900;INTARIAN_PEPPER_ROOT;12420;16;12417;23;;;12432;20;12435;25;;;12426.0;0.0
yf_ADM_d5;27000;ASH_COATED_OSMIUM;9902;21;9900;28;;;9912;8;9916;24;;;9907.0;0.0
yf_ADM_d5;27000;INTARIAN_PEPPER_ROOT;12423;13;12421;21;;;12429;21;12431;22;;;12426.0;0.0
yf_ADM_d5;27100;ASH_COATED_OSMIUM;9903;16;9901;21;;;9909;12;9913;26;;;9906.0;0.0
yf_ADM_d5;27100;INTARIAN_PEPPER_ROOT;12420;13;12418;12;;;12434;16;12436;19;;;12427.0;0.0
yf_ADM_d5;27200;ASH_COATED_OSMIUM;9903;12;9900;26;;;9909;15;9912;23;;;9906.0;0.0
yf_ADM_d5;27200;INTARIAN_PEPPER_ROOT;12423;14;12421;25;;;12432;18;12434;27;;;12427.5;0.0
yf_ADM_d5;27300;ASH_COATED_OSMIUM;9904;10;9900;20;;;9910;16;9913;16;;;9907.0;0.0
yf_ADM_d5;27300;INTARIAN_PEPPER_ROOT;12425;25;12423;22;;;12432;12;12435;16;;;12428.5;0.0
yf_ADM_d5;27400;ASH_COATED_OSMIUM;9897;20;9894;30;;;9916;23;9920;32;;;9906.5;0.0
yf_ADM_d5;27400;INTARIAN_PEPPER_ROOT;12427;8;12424;9;;;12433;16;12436;18;;;12430.0;0.0
yf_ADM_d5;27500;ASH_COATED_OSMIUM;9904;16;9900;19;;;9911;12;9915;15;;;9907.5;0.0
yf_ADM_d5;27500;INTARIAN_PEPPER_ROOT;12421;14;12418;11;;;12440;19;12443;13;;;12430.5;0.0
yf_ADM_d5;27600;ASH_COATED_OSMIUM;9904;23;9902;17;;;9910;13;9912;16;;;9907.0;0.0
yf_ADM_d5;27600;INTARIAN_PEPPER_ROOT;12429;21;12425;18;;;12435;5;12438;29;;;12432.0;0.0
yf_ADM_d5;27700;ASH_COATED_OSMIUM;9904;9;9901;16;;;9910;16;9914;32;;;9907.0;0.0
yf_ADM_d5;27700;INTARIAN_PEPPER_ROOT;12430;16;12428;20;;;12436;13;12440;24;;;12433.0;0.0
yf_ADM_d5;27800;ASH_COATED_OSMIUM;9904;12;9902;22;;;9910;8;9913;25;;;9907.0;0.0
yf_ADM_d5;27800;INTARIAN_PEPPER_ROOT;12431;12;12429;17;;;12437;21;12441;18;;;12434.0;0.0
yf_ADM_d5;27900;ASH_COATED_OSMIUM;9903;16;9900;22;;;9912;13;9915;24;;;9907.5;0.0
yf_ADM_d5;27900;INTARIAN_PEPPER_ROOT;12432;23;12429;16;;;12438;12;12442;19;;;12435.0;0.0
yf_ADM_d5;28000;ASH_COATED_OSMIUM;9894;19;9890;17;;;9919;9;9922;29;;;9906.5;0.0
yf_ADM_d5;28000;INTARIAN_PEPPER_ROOT;12433;16;12430;22;;;12439;16;12443;22;;;12436.0;0.0
yf_ADM_d5;28100;ASH_COATED_OSMIUM;9904;17;9900;15;;;9910;16;9912;16;;;9907.0;0.0
yf_ADM_d5;28100;INTARIAN_PEPPER_ROOT;12434;11;12430;15;;;12440;5;12443;21;;;12437.0;0.0
yf_ADM_d5;28200;ASH_COATED_OSMIUM;9905;7;9903;20;;;9911;13;9913;11;;;9908.0;0.0
yf_ADM_d5;28200;INTARIAN_PEPPER_ROOT;12435;12;12431;26;;;12441;14;12443;22;;;12438.0;0.0
yf_ADM_d5;28300;ASH_COATED_OSMIUM;9904;17;9900;13;;;9910;9;9912;18;;;9907.0;0.0
yf_ADM_d5;28300;INTARIAN_PEPPER_ROOT;12427;20;12425;15;;;12450;18;12453;24;;;12438.5;0.0
yf_ADM_d5;28400;ASH_COATED_OSMIUM;9904;16;9901;18;;;9910;15;9912;23;;;9907.0;0.0
yf_ADM_d5;28400;INTARIAN_PEPPER_ROOT;12437;25;12435;26;;;12443;8;12445;19;;;12440.0;0.0
yf_ADM_d5;28500;ASH_COATED_OSMIUM;9904;15;9902;24;;;9910;10;9913;25;;;9907.0;0.0
yf_ADM_d5;28500;INTARIAN_PEPPER_ROOT;12438;21;12434;18;;;12444;11;12448;17;;;12441.0;0.0
yf_ADM_d5;28600;ASH_COATED_OSMIUM;9904;15;9902;18;;;9910;12;9914;24;;;9907.0;0.0
yf_ADM_d5;28600;INTARIAN_PEPPER_ROOT;12431;18;12429;30;;;12453;21;12455;15;;;12442.0;0.0
yf_ADM_d5;28700;ASH_COATED_OSMIUM;9904;10;9900;19;;;9910;13;9913;21;;;9907.0;0.0
yf_ADM_d5;28700;INTARIAN_PEPPER_ROOT;12440;18;12438;23;;;12446;17;12449;18;;;12443.0;0.0
yf_ADM_d5;28800;ASH_COATED_OSMIUM;9904;18;9900;15;;;9910;5;9912;21;;;9907.0;0.0
yf_ADM_d5;28800;INTARIAN_PEPPER_ROOT;12436;19;12432;21;;;12451;24;12455;20;;;12443.5;0.0
yf_ADM_d5;28900;ASH_COATED_OSMIUM;9904;12;9901;11;;;9910;22;9913;15;;;9907.0;0.0
yf_ADM_d5;28900;INTARIAN_PEPPER_ROOT;12435;17;12433;31;;;12455;21;12458;21;;;12445.0;0.0
yf_ADM_d5;29000;ASH_COATED_OSMIUM;9904;7;9901;24;;;9910;19;9913;16;;;9907.0;0.0
yf_ADM_d5;29000;INTARIAN_PEPPER_ROOT;12443;11;12439;18;;;12449;16;12452;23;;;12446.0;0.0
yf_ADM_d5;29100;ASH_COATED_OSMIUM;9895;16;9893;32;;;9919;16;9922;22;;;9907.0;0.0
yf_ADM_d5;29100;INTARIAN_PEPPER_ROOT;12438;11;12435;23;;;12455;16;12457;20;;;12446.5;0.0
yf_ADM_d5;29200;ASH_COATED_OSMIUM;9904;9;9900;21;;;9910;20;9914;23;;;9907.0;0.0
yf_ADM_d5;29200;INTARIAN_PEPPER_ROOT;12441;19;12437;12;;;12455;14;12459;15;;;12448.0;0.0
yf_ADM_d5;29300;ASH_COATED_OSMIUM;9904;19;9900;20;;;9911;24;9915;16;;;9907.5;0.0
yf_ADM_d5;29300;INTARIAN_PEPPER_ROOT;12441;12;12437;23;;;12458;13;12462;27;;;12449.5;0.0
yf_ADM_d5;29400;ASH_COATED_OSMIUM;9900;24;9897;25;;;9915;19;9917;13;;;9907.5;0.0
yf_ADM_d5;29400;INTARIAN_PEPPER_ROOT;12445;17;12441;14;;;12454;7;12456;24;;;12449.5;0.0
yf_ADM_d5;29500;ASH_COATED_OSMIUM;9904;22;9902;18;;;9910;13;9913;17;;;9907.0;0.0
yf_ADM_d5;29500;INTARIAN_PEPPER_ROOT;12446;15;12442;22;;;12456;12;12458;21;;;12451.0;0.0
yf_ADM_d5;29600;ASH_COATED_OSMIUM;9904;12;9902;26;;;9910;17;9914;19;;;9907.0;0.0
yf_ADM_d5;29600;INTARIAN_PEPPER_ROOT;12449;13;12445;18;;;12455;17;12458;23;;;12452.0;0.0
yf_ADM_d5;29700;ASH_COATED_OSMIUM;9903;10;9899;14;;;9910;12;9913;9;;;9906.5;0.0
yf_ADM_d5;29700;INTARIAN_PEPPER_ROOT;12450;8;12448;23;;;12456;15;12458;15;;;12453.0;0.0
yf_ADM_d5;29800;ASH_COATED_OSMIUM;9901;15;9898;17;;;9913;13;9916;23;;;9907.0;0.0
yf_ADM_d5;29800;INTARIAN_PEPPER_ROOT;12451;13;12448;21;;;12457;17;12460;15;;;12454.0;0.0
yf_ADM_d5;29900;ASH_COATED_OSMIUM;9901;11;9898;19;;;9915;16;9918;20;;;9908.0;0.0
yf_ADM_d5;29900;INTARIAN_PEPPER_ROOT;12452;15;12449;10;;;12458;12;12460;11;;;12455.0;0.0
yf_ADM_d5;30000;ASH_COATED_OSMIUM;9904;15;9902;8;;;9910;7;9912;18;;;9907.0;0.0
yf_ADM_d5;30000;INTARIAN_PEPPER_ROOT;12453;21;12451;27;;;12459;22;12463;23;;;12456.0;0.0
yf_ADM_d5;30100;ASH_COATED_OSMIUM;9900;16;9897;21;;;9914;10;9917;18;;;9907.0;0.0
yf_ADM_d5;30100;INTARIAN_PEPPER_ROOT;12453;18;12451;25;;;12459;6;12462;24;;;12456.0;0.0
yf_ADM_d5;30200;ASH_COATED_OSMIUM;9904;12;9901;24;;;9911;30;9913;20;;;9907.5;0.0
yf_ADM_d5;30200;INTARIAN_PEPPER_ROOT;12455;22;12452;18;;;12461;15;12463;20;;;12458.0;0.0
yf_ADM_d5;30300;ASH_COATED_OSMIUM;9904;8;9900;24;;;9910;16;9913;23;;;9907.0;0.0
yf_ADM_d5;30300;INTARIAN_PEPPER_ROOT;12453;20;12449;11;;;12465;9;12468;14;;;12459.0;0.0
yf_ADM_d5;30400;ASH_COATED_OSMIUM;9904;14;9900;17;;;9911;13;9913;18;;;9907.5;0.0
yf_ADM_d5;30400;INTARIAN_PEPPER_ROOT;12456;5;12452;13;;;12462;21;12466;20;;;12459.0;0.0
yf_ADM_d5;30500;ASH_COATED_OSMIUM;9904;20;9901;14;;;9911;9;9915;11;;;9907.5;0.0
yf_ADM_d5;30500;INTARIAN_PEPPER_ROOT;12442;24;12440;25;;;12479;15;12482;24;;;12460.5;0.0
yf_ADM_d5;30600;ASH_COATED_OSMIUM;9904;16;9901;32;;;9910;17;9914;19;;;9907.0;0.0
yf_ADM_d5;30600;INTARIAN_PEPPER_ROOT;12456;8;12452;23;;;12466;9;12468;25;;;12461.0;0.0
yf_ADM_d5;30700;ASH_COATED_OSMIUM;9905;12;9901;19;;;9911;17;9915;22;;;9908.0;0.0
yf_ADM_d5;30700;INTARIAN_PEPPER_ROOT;12458;14;12456;19;;;12469;16;12471;17;;;12463.5;0.0
yf_ADM_d5;30800;ASH_COATED_OSMIUM;9904;14;9901;29;;;9910;22;9912;25;;;9907.0;0.0
yf_ADM_d5;30800;INTARIAN_PEPPER_ROOT;12454;6;12450;18;;;12471;14;12473;21;;;12462.5;0.0
yf_ADM_d5;30900;ASH_COATED_OSMIUM;9892;14;9890;9;;;9922;16;9925;13;;;9907.0;0.0
yf_ADM_d5;30900;INTARIAN_PEPPER_ROOT;12459;11;12456;14;;;12469;12;12473;22;;;12464.0;0.0
yf_ADM_d5;31000;ASH_COATED_OSMIUM;9895;10;9891;27;;;9920;13;9924;23;;;9907.5;0.0
yf_ADM_d5;31000;INTARIAN_PEPPER_ROOT;12459;14;12455;19;;;12474;14;12477;15;;;12466.5;0.0
yf_ADM_d5;31100;ASH_COATED_OSMIUM;9904;16;9902;19;;;9910;13;9913;13;;;9907.0;0.0
yf_ADM_d5;31100;INTARIAN_PEPPER_ROOT;12464;7;12460;17;;;12470;9;12474;22;;;12467.0;0.0
yf_ADM_d5;31200;ASH_COATED_OSMIUM;9897;21;9895;16;;;9918;22;9920;26;;;9907.5;0.0
yf_ADM_d5;31200;INTARIAN_PEPPER_ROOT;12464;5;12460;18;;;12471;5;12475;20;;;12467.5;0.0
yf_ADM_d5;31300;ASH_COATED_OSMIUM;9904;13;9900;10;;;9910;12;9912;27;;;9907.0;0.0
yf_ADM_d5;31300;INTARIAN_PEPPER_ROOT;12465;7;12463;19;;;12471;20;12475;24;;;12468.0;0.0
yf_ADM_d5;31400;ASH_COATED_OSMIUM;9903;17;9900;14;;;9910;18;9913;18;;;9906.5;0.0
yf_ADM_d5;31400;INTARIAN_PEPPER_ROOT;12466;16;12462;14;;;12472;7;12476;21;;;12469.0;0.0
yf_ADM_d5;31500;ASH_COATED_OSMIUM;9904;8;9901;18;;;9910;8;9912;22;;;9907.0;0.0
yf_ADM_d5;31500;INTARIAN_PEPPER_ROOT;12468;24;12465;19;;;12474;20;12477;22;;;12471.0;0.0
yf_ADM_d5;31600;ASH_COATED_OSMIUM;9894;18;9892;27;;;9921;17;9923;14;;;9907.5;0.0
yf_ADM_d5;31600;INTARIAN_PEPPER_ROOT;12468;7;12464;17;;;12474;23;12478;17;;;12471.0;0.0
yf_ADM_d5;31700;ASH_COATED_OSMIUM;9897;25;9895;26;;;9917;14;9921;17;;;9907.0;0.0
yf_ADM_d5;31700;INTARIAN_PEPPER_ROOT;12458;11;12454;30;;;12488;15;12491;20;;;12473.0;0.0
yf_ADM_d5;31800;ASH_COATED_OSMIUM;9896;13;9894;19;;;9919;14;9921;22;;;9907.5;0.0
yf_ADM_d5;31800;INTARIAN_PEPPER_ROOT;12470;19;12467;26;;;12476;11;12478;19;;;12473.0;0.0
yf_ADM_d5;31900;ASH_COATED_OSMIUM;9903;8;9899;18;;;9912;15;9916;25;;;9907.5;0.0
yf_ADM_d5;31900;INTARIAN_PEPPER_ROOT;12465;11;12462;21;;;12486;14;12488;17;;;12475.5;0.0
yf_ADM_d5;32000;ASH_COATED_OSMIUM;9904;14;9902;23;;;9910;14;9912;11;;;9907.0;0.0
yf_ADM_d5;32000;INTARIAN_PEPPER_ROOT;12472;23;12468;16;;;12478;10;12480;15;;;12475.0;0.0
yf_ADM_d5;32100;ASH_COATED_OSMIUM;9904;18;9902;20;;;9911;18;9913;16;;;9907.5;0.0
yf_ADM_d5;32100;INTARIAN_PEPPER_ROOT;12474;13;12470;22;;;12480;24;12484;10;;;12477.0;0.0
yf_ADM_d5;32200;ASH_COATED_OSMIUM;9904;18;9900;19;;;9910;11;9914;20;;;9907.0;0.0
yf_ADM_d5;32200;INTARIAN_PEPPER_ROOT;12475;26;12473;25;;;12481;11;12485;19;;;12478.0;0.0
yf_ADM_d5;32300;ASH_COATED_OSMIUM;9904;14;9900;23;;;9910;25;9912;19;;;9907.0;0.0
yf_ADM_d5;32300;INTARIAN_PEPPER_ROOT;12476;10;12472;27;;;12482;6;12485;8;;;12479.0;0.0
yf_ADM_d5;32400;ASH_COATED_OSMIUM;9904;11;9901;23;;;9912;26;9916;26;;;9908.0;0.0
yf_ADM_d5;32400;INTARIAN_PEPPER_ROOT;12474;20;12471;18;;;12485;11;12489;24;;;12479.5;0.0
yf_ADM_d5;32500;ASH_COATED_OSMIUM;9904;19;9902;16;;;9911;14;9913;16;;;9907.5;0.0
yf_ADM_d5;32500;INTARIAN_PEPPER_ROOT;12477;8;12474;22;;;12483;11;12487;24;;;12480.0;0.0
yf_ADM_d5;32600;ASH_COATED_OSMIUM;9905;6;9902;13;;;9911;7;9915;23;;;9908.0;0.0
yf_ADM_d5;32600;INTARIAN_PEPPER_ROOT;12478;16;12474;19;;;12484;10;12488;25;;;12481.0;0.0
yf_ADM_d5;32700;ASH_COATED_OSMIUM;9905;9;9903;19;;;9911;5;9913;18;;;9908.0;0.0
yf_ADM_d5;32700;INTARIAN_PEPPER_ROOT;12479;5;12477;18;;;12485;15;12488;18;;;12482.0;0.0
yf_ADM_d5;32800;ASH_COATED_OSMIUM;9901;12;9898;22;;;9912;5;9914;22;;;9906.5;0.0
yf_ADM_d5;32800;INTARIAN_PEPPER_ROOT;12480;15;12476;17;;;12486;25;12488;24;;;12483.0;0.0
yf_ADM_d5;32900;ASH_COATED_OSMIUM;9900;16;9897;20;;;9915;18;9919;15;;;9907.5;0.0
yf_ADM_d5;32900;INTARIAN_PEPPER_ROOT;12478;13;12475;21;;;12491;8;12494;18;;;12484.5;0.0
yf_ADM_d5;33000;ASH_COATED_OSMIUM;9902;10;9900;25;;;9914;6;9916;17;;;9908.0;0.0
yf_ADM_d5;33000;INTARIAN_PEPPER_ROOT;12482;5;12480;22;;;12488;11;12490;18;;;12485.0;0.0
yf_ADM_d5;33100;ASH_COATED_OSMIUM;9905;12;9901;22;;;9911;23;9913;18;;;9908.0;0.0
yf_ADM_d5;33100;INTARIAN_PEPPER_ROOT;12473;14;12470;20;;;12502;23;12504;13;;;12487.5;0.0
yf_ADM_d5;33200;ASH_COATED_OSMIUM;9898;16;9894;24;;;9917;12;9921;20;;;9907.5;0.0
yf_ADM_d5;33200;INTARIAN_PEPPER_ROOT;12479;10;12476;21;;;12496;9;12499;20;;;12487.5;0.0
yf_ADM_d5;33300;ASH_COATED_OSMIUM;9905;20;9901;24;;;9911;16;9913;14;;;9908.0;0.0
yf_ADM_d5;33300;INTARIAN_PEPPER_ROOT;12485;12;12482;20;;;12491;10;12494;19;;;12488.0;0.0
yf_ADM_d5;33400;ASH_COATED_OSMIUM;9896;13;9893;20;;;9919;8;9922;21;;;9907.5;0.0
yf_ADM_d5;33400;INTARIAN_PEPPER_ROOT;12486;6;12483;20;;;12492;15;12495;20;;;12489.0;0.0
yf_ADM_d5;33500;ASH_COATED_OSMIUM;9901;16;9897;25;;;9914;19;9917;12;;;9907.5;0.0
yf_ADM_d5;33500;INTARIAN_PEPPER_ROOT;12487;14;12483;21;;;12493;11;12496;15;;;12490.0;0.0
yf_ADM_d5;33600;ASH_COATED_OSMIUM;9897;9;9893;31;;;9918;14;9920;15;;;9907.5;0.0
yf_ADM_d5;33600;INTARIAN_PEPPER_ROOT;12489;13;12486;19;;;12495;15;12499;17;;;12492.0;0.0
yf_ADM_d5;33700;ASH_COATED_OSMIUM;9904;12;9902;23;;;9910;15;9914;17;;;9907.0;0.0
yf_ADM_d5;33700;INTARIAN_PEPPER_ROOT;12489;5;12485;25;;;12495;13;12499;14;;;12492.0;0.0
yf_ADM_d5;33800;ASH_COATED_OSMIUM;9904;14;9901;18;;;9910;16;9912;20;;;9907.0;0.0
yf_ADM_d5;33800;INTARIAN_PEPPER_ROOT;12490;22;12487;24;;;12496;13;12499;24;;;12493.0;0.0
yf_ADM_d5;33900;ASH_COATED_OSMIUM;9902;24;9900;17;;;9913;21;9917;25;;;9907.5;0.0
yf_ADM_d5;33900;INTARIAN_PEPPER_ROOT;12489;20;12486;8;;;12500;22;12504;21;;;12494.5;0.0
yf_ADM_d5;34000;ASH_COATED_OSMIUM;9896;22;9893;24;;;9919;5;9923;28;;;9907.5;0.0
yf_ADM_d5;34000;INTARIAN_PEPPER_ROOT;12492;14;12490;20;;;12498;18;12501;24;;;12495.0;0.0
yf_ADM_d5;34100;ASH_COATED_OSMIUM;9904;9;9902;15;;;9910;13;9914;27;;;9907.0;0.0
yf_ADM_d5;34100;INTARIAN_PEPPER_ROOT;12488;18;12486;18;;;12503;12;12506;22;;;12495.5;0.0
yf_ADM_d5;34200;ASH_COATED_OSMIUM;9904;7;9902;26;;;9912;11;9916;21;;;9908.0;0.0
yf_ADM_d5;34200;INTARIAN_PEPPER_ROOT;12492;15;12490;21;;;12498;9;12500;20;;;12495.0;0.0
yf_ADM_d5;34300;ASH_COATED_OSMIUM;9905;15;9902;20;;;9911;12;9913;29;;;9908.0;0.0
yf_ADM_d5;34300;INTARIAN_PEPPER_ROOT;12493;19;12491;19;;;12499;15;12503;15;;;12496.0;0.0
yf_ADM_d5;34400;ASH_COATED_OSMIUM;9903;13;9900;17;;;9911;8;9914;9;;;9907.0;0.0
yf_ADM_d5;34400;INTARIAN_PEPPER_ROOT;12493;12;12490;15;;;12499;27;12503;22;;;12496.0;0.0
yf_ADM_d5;34500;ASH_COATED_OSMIUM;9904;20;9902;12;;;9911;15;9914;10;;;9907.5;0.0
yf_ADM_d5;34500;INTARIAN_PEPPER_ROOT;12492;14;12490;16;;;12499;16;12503;24;;;12495.5;0.0
yf_ADM_d5;34600;ASH_COATED_OSMIUM;9900;15;9896;23;;;9914;9;9916;24;;;9907.0;0.0
yf_ADM_d5;34600;INTARIAN_PEPPER_ROOT;12482;12;12479;18;;;12510;9;12513;16;;;12496.0;0.0
yf_ADM_d5;34700;ASH_COATED_OSMIUM;9904;9;9900;25;;;9910;5;9914;14;;;9907.0;0.0
yf_ADM_d5;34700;INTARIAN_PEPPER_ROOT;12494;24;12492;23;;;12500;15;12502;18;;;12497.0;0.0
yf_ADM_d5;34800;ASH_COATED_OSMIUM;9905;21;9901;19;;;9911;16;9915;16;;;9908.0;0.0
yf_ADM_d5;34800;INTARIAN_PEPPER_ROOT;12491;13;12487;20;;;12502;8;12506;17;;;12496.5;0.0
yf_ADM_d5;34900;ASH_COATED_OSMIUM;9903;21;9899;19;;;9912;12;9914;28;;;9907.5;0.0
yf_ADM_d5;34900;INTARIAN_PEPPER_ROOT;12481;10;12479;17;;;12514;16;12517;20;;;12497.5;0.0
yf_ADM_d5;35000;ASH_COATED_OSMIUM;9905;5;9901;20;;;9911;10;9914;18;;;9908.0;0.0
yf_ADM_d5;35000;INTARIAN_PEPPER_ROOT;12494;19;12492;13;;;12500;19;12503;20;;;12497.0;0.0
yf_ADM_d5;35100;ASH_COATED_OSMIUM;9904;8;9900;28;;;9910;18;9914;18;;;9907.0;0.0
yf_ADM_d5;35100;INTARIAN_PEPPER_ROOT;12495;20;12491;18;;;12501;13;12504;10;;;12498.0;0.0
yf_ADM_d5;35200;ASH_COATED_OSMIUM;9904;9;9900;15;;;9910;23;9914;22;;;9907.0;0.0
yf_ADM_d5;35200;INTARIAN_PEPPER_ROOT;12495;22;12492;23;;;12501;7;12504;25;;;12498.0;0.0
yf_ADM_d5;35300;ASH_COATED_OSMIUM;9904;11;9902;16;;;9910;14;9914;9;;;9907.0;0.0
yf_ADM_d5;35300;INTARIAN_PEPPER_ROOT;12494;12;12491;15;;;12503;11;12505;21;;;12498.5;0.0
yf_ADM_d5;35400;ASH_COATED_OSMIUM;9904;17;9902;12;;;9910;19;9914;25;;;9907.0;0.0
yf_ADM_d5;35400;INTARIAN_PEPPER_ROOT;12496;8;12492;12;;;12502;14;12506;25;;;12499.0;0.0
yf_ADM_d5;35500;ASH_COATED_OSMIUM;9901;25;9897;31;;;9913;5;9916;13;;;9907.0;0.0
yf_ADM_d5;35500;INTARIAN_PEPPER_ROOT;12496;15;12492;22;;;12502;8;12505;19;;;12499.0;0.0
yf_ADM_d5;35600;ASH_COATED_OSMIUM;9905;12;9903;13;;;9911;14;9915;16;;;9908.0;0.0
yf_ADM_d5;35600;INTARIAN_PEPPER_ROOT;12496;24;12493;14;;;12502;21;12504;27;;;12499.0;0.0
yf_ADM_d5;35700;ASH_COATED_OSMIUM;9904;22;9902;21;;;9910;12;9912;17;;;9907.0;0.0
yf_ADM_d5;35700;INTARIAN_PEPPER_ROOT;12495;14;12493;19;;;12505;12;12509;16;;;12500.0;0.0
yf_ADM_d5;35800;ASH_COATED_OSMIUM;9904;12;9900;12;;;9912;17;9914;19;;;9908.0;0.0
yf_ADM_d5;35800;INTARIAN_PEPPER_ROOT;12497;16;12494;16;;;12503;13;12505;16;;;12500.0;0.0
yf_ADM_d5;35900;ASH_COATED_OSMIUM;9900;9;9897;17;;;9913;18;9916;18;;;9906.5;0.0
yf_ADM_d5;35900;INTARIAN_PEPPER_ROOT;12498;19;12494;21;;;12504;16;12508;24;;;12501.0;0.0
yf_ADM_d5;36000;ASH_COATED_OSMIUM;9902;10;9899;22;;;9912;11;9914;26;;;9907.0;0.0
yf_ADM_d5;36000;INTARIAN_PEPPER_ROOT;12498;13;12494;15;;;12504;17;12506;20;;;12501.0;0.0
yf_ADM_d5;36100;ASH_COATED_OSMIUM;9904;15;9901;23;;;9910;9;9914;23;;;9907.0;0.0
yf_ADM_d5;36100;INTARIAN_PEPPER_ROOT;12498;15;12495;18;;;12505;11;12509;18;;;12501.5;0.0
yf_ADM_d5;36200;ASH_COATED_OSMIUM;9904;16;9902;16;;;9910;17;9914;26;;;9907.0;0.0
yf_ADM_d5;36200;INTARIAN_PEPPER_ROOT;12499;9;12495;16;;;12505;18;12508;19;;;12502.0;0.0
yf_ADM_d5;36300;ASH_COATED_OSMIUM;9904;12;9900;13;;;9910;24;9912;22;;;9907.0;0.0
yf_ADM_d5;36300;INTARIAN_PEPPER_ROOT;12499;18;12497;22;;;12505;22;12509;20;;;12502.0;0.0
yf_ADM_d5;36400;ASH_COATED_OSMIUM;9905;16;9903;18;;;9911;21;9913;20;;;9908.0;0.0
yf_ADM_d5;36400;INTARIAN_PEPPER_ROOT;12496;25;12492;25;;;12509;15;12511;20;;;12502.5;0.0
yf_ADM_d5;36500;ASH_COATED_OSMIUM;9880;20;9877;24;;;9935;13;9939;22;;;9907.5;0.0
yf_ADM_d5;36500;INTARIAN_PEPPER_ROOT;12499;9;12496;15;;;12505;5;12509;18;;;12502.0;0.0
yf_ADM_d5;36600;ASH_COATED_OSMIUM;9904;11;9902;26;;;9910;17;9913;15;;;9907.0;0.0
yf_ADM_d5;36600;INTARIAN_PEPPER_ROOT;12500;19;12497;20;;;12506;15;12510;10;;;12503.0;0.0
yf_ADM_d5;36700;ASH_COATED_OSMIUM;9893;13;9891;15;;;9921;16;9923;20;;;9907.0;0.0
yf_ADM_d5;36700;INTARIAN_PEPPER_ROOT;12500;6;12498;22;;;12506;12;12510;8;;;12503.0;0.0
yf_ADM_d5;36800;ASH_COATED_OSMIUM;9903;21;9899;21;;;9909;8;9913;16;;;9906.0;0.0
yf_ADM_d5;36800;INTARIAN_PEPPER_ROOT;12500;20;12496;14;;;12506;11;12510;18;;;12503.0;0.0
yf_ADM_d5;36900;ASH_COATED_OSMIUM;9899;17;9896;19;;;9916;16;9918;13;;;9907.5;0.0
yf_ADM_d5;36900;INTARIAN_PEPPER_ROOT;12501;6;12498;12;;;12507;11;12511;25;;;12504.0;0.0
yf_ADM_d5;37000;ASH_COATED_OSMIUM;9883;21;9879;25;;;9929;19;9931;27;;;9906.0;0.0
yf_ADM_d5;37000;INTARIAN_PEPPER_ROOT;12501;15;12499;14;;;12507;13;12511;19;;;12504.0;0.0
yf_ADM_d5;37100;ASH_COATED_OSMIUM;9902;23;9900;15;;;9910;10;9913;27;;;9906.0;0.0
yf_ADM_d5;37100;INTARIAN_PEPPER_ROOT;12486;20;12484;19;;;12523;11;12525;16;;;12504.5;0.0
yf_ADM_d5;37200;ASH_COATED_OSMIUM;9904;16;9901;21;;;9910;5;9912;19;;;9907.0;0.0
yf_ADM_d5;37200;INTARIAN_PEPPER_ROOT;12502;20;12498;24;;;12508;15;12511;26;;;12505.0;0.0
yf_ADM_d5;37300;ASH_COATED_OSMIUM;9904;14;9901;20;;;9910;15;9913;30;;;9907.0;0.0
yf_ADM_d5;37300;INTARIAN_PEPPER_ROOT;12502;11;12498;20;;;12508;12;12511;22;;;12505.0;0.0
yf_ADM_d5;37400;ASH_COATED_OSMIUM;9904;11;9901;14;;;9910;14;9913;23;;;9907.0;0.0
yf_ADM_d5;37400;INTARIAN_PEPPER_ROOT;12503;25;12499;18;;;12509;21;12511;16;;;12506.0;0.0
yf_ADM_d5;37500;ASH_COATED_OSMIUM;9904;13;9901;21;;;9910;9;9912;18;;;9907.0;0.0
yf_ADM_d5;37500;INTARIAN_PEPPER_ROOT;12502;6;12500;29;;;12508;14;12511;28;;;12505.0;0.0
yf_ADM_d5;37600;ASH_COATED_OSMIUM;9904;5;9902;21;;;9910;8;9912;18;;;9907.0;0.0
yf_ADM_d5;37600;INTARIAN_PEPPER_ROOT;12503;13;12499;17;;;12509;14;12511;16;;;12506.0;0.0
yf_ADM_d5;37700;ASH_COATED_OSMIUM;9899;17;9897;16;;;9915;13;9918;24;;;9907.0;0.0
yf_ADM_d5;37700;INTARIAN_PEPPER_ROOT;12502;15;12498;25;;;12511;18;12514;21;;;12506.5;0.0
yf_ADM_d5;37800;ASH_COATED_OSMIUM;9904;15;9901;18;;;9910;16;9913;16;;;9907.0;0.0
yf_ADM_d5;37800;INTARIAN_PEPPER_ROOT;12504;22;12500;18;;;12510;17;12513;19;;;12507.0;0.0
yf_ADM_d5;37900;ASH_COATED_OSMIUM;9903;22;9901;12;;;9909;14;9912;23;;;9906.0;0.0
yf_ADM_d5;37900;INTARIAN_PEPPER_ROOT;12504;20;12501;14;;;12510;14;12514;14;;;12507.0;0.0
yf_ADM_d5;38000;ASH_COATED_OSMIUM;9896;19;9893;25;;;9917;25;9919;19;;;9906.5;0.0
yf_ADM_d5;38000;INTARIAN_PEPPER_ROOT;12499;22;12495;9;;;12516;14;12518;10;;;12507.5;0.0
yf_ADM_d5;38100;ASH_COATED_OSMIUM;9903;9;9900;25;;;9909;13;9911;25;;;9906.0;0.0
yf_ADM_d5;38100;INTARIAN_PEPPER_ROOT;12504;24;12502;26;;;12510;26;12514;17;;;12507.0;0.0
yf_ADM_d5;38200;ASH_COATED_OSMIUM;9903;12;9899;13;;;9910;26;9914;21;;;9906.5;0.0
yf_ADM_d5;38200;INTARIAN_PEPPER_ROOT;12505;11;12503;26;;;12511;17;12515;19;;;12508.0;0.0
yf_ADM_d5;38300;ASH_COATED_OSMIUM;9903;30;9901;23;;;9909;19;9912;21;;;9906.0;0.0
yf_ADM_d5;38300;INTARIAN_PEPPER_ROOT;12505;20;12502;17;;;12511;7;12513;18;;;12508.0;0.0
yf_ADM_d5;38400;ASH_COATED_OSMIUM;9903;13;9901;17;;;9909;15;9912;26;;;9906.0;0.0
yf_ADM_d5;38400;INTARIAN_PEPPER_ROOT;12506;18;12502;20;;;12512;10;12515;18;;;12509.0;0.0
yf_ADM_d5;38500;ASH_COATED_OSMIUM;9903;8;9901;15;;;9909;12;9913;30;;;9906.0;0.0
yf_ADM_d5;38500;INTARIAN_PEPPER_ROOT;12488;20;12485;24;;;12530;10;12534;21;;;12509.0;0.0
yf_ADM_d5;38600;ASH_COATED_OSMIUM;9903;24;9899;30;;;9909;6;9911;32;;;9906.0;0.0
yf_ADM_d5;38600;INTARIAN_PEPPER_ROOT;12506;11;12504;19;;;12512;11;12516;26;;;12509.0;0.0
yf_ADM_d5;38700;ASH_COATED_OSMIUM;9903;21;9901;29;;;9909;17;9912;11;;;9906.0;0.0
yf_ADM_d5;38700;INTARIAN_PEPPER_ROOT;12504;13;12502;17;;;12516;18;12519;22;;;12510.0;0.0
yf_ADM_d5;38800;ASH_COATED_OSMIUM;9903;18;9901;27;;;9909;21;9913;23;;;9906.0;0.0
yf_ADM_d5;38800;INTARIAN_PEPPER_ROOT;12507;14;12504;22;;;12513;18;12516;13;;;12510.0;0.0
yf_ADM_d5;38900;ASH_COATED_OSMIUM;9904;21;9901;15;;;9910;12;9912;27;;;9907.0;0.0
yf_ADM_d5;38900;INTARIAN_PEPPER_ROOT;12505;13;12501;25;;;12514;14;12516;27;;;12509.5;0.0
yf_ADM_d5;39000;ASH_COATED_OSMIUM;9902;8;9898;21;;;9910;10;9914;19;;;9906.0;0.0
yf_ADM_d5;39000;INTARIAN_PEPPER_ROOT;12507;21;12505;26;;;12513;13;12517;17;;;12510.0;0.0
yf_ADM_d5;39100;ASH_COATED_OSMIUM;9902;16;9900;22;;;9911;7;9913;22;;;9906.5;0.0
yf_ADM_d5;39100;INTARIAN_PEPPER_ROOT;12507;17;12503;25;;;12515;10;12519;19;;;12511.0;0.0
yf_ADM_d5;39200;ASH_COATED_OSMIUM;9904;16;9900;18;;;9910;7;9912;26;;;9907.0;0.0
yf_ADM_d5;39200;INTARIAN_PEPPER_ROOT;12508;16;12504;12;;;12514;11;12516;10;;;12511.0;0.0
yf_ADM_d5;39300;ASH_COATED_OSMIUM;9903;11;9899;22;;;9909;19;9913;18;;;9906.0;0.0
yf_ADM_d5;39300;INTARIAN_PEPPER_ROOT;12508;23;12505;23;;;12514;15;12516;15;;;12511.0;0.0
yf_ADM_d5;39400;ASH_COATED_OSMIUM;9902;19;9899;21;;;9911;14;9915;9;;;9906.5;0.0
yf_ADM_d5;39400;INTARIAN_PEPPER_ROOT;12508;13;12504;15;;;12514;18;12518;10;;;12511.0;0.0
yf_ADM_d5;39500;ASH_COATED_OSMIUM;9903;16;9899;21;;;9909;16;9911;27;;;9906.0;0.0
yf_ADM_d5;39500;INTARIAN_PEPPER_ROOT;12508;11;12504;17;;;12516;19;12518;19;;;12512.0;0.0
yf_ADM_d5;39600;ASH_COATED_OSMIUM;9899;26;9896;19;;;9914;14;9918;21;;;9906.5;0.0
yf_ADM_d5;39600;INTARIAN_PEPPER_ROOT;12508;13;12506;22;;;12517;16;12521;17;;;12512.5;0.0
yf_ADM_d5;39700;ASH_COATED_OSMIUM;9901;13;9898;9;;;9912;13;9916;12;;;9906.5;0.0
yf_ADM_d5;39700;INTARIAN_PEPPER_ROOT;12509;13;12507;18;;;12516;16;12520;29;;;12512.5;0.0
yf_ADM_d5;39800;ASH_COATED_OSMIUM;9901;11;9899;21;;;9911;18;9913;22;;;9906.0;0.0
yf_ADM_d5;39800;INTARIAN_PEPPER_ROOT;12510;11;12507;16;;;12516;11;12518;18;;;12513.0;0.0
yf_ADM_d5;39900;ASH_COATED_OSMIUM;9903;14;9899;12;;;9909;6;9913;25;;;9906.0;0.0
yf_ADM_d5;39900;INTARIAN_PEPPER_ROOT;12509;25;12507;24;;;12518;21;12522;17;;;12513.5;0.0
yf_ADM_d5;40000;ASH_COATED_OSMIUM;9904;24;9901;19;;;9910;21;9914;14;;;9907.0;0.0
yf_ADM_d5;40000;INTARIAN_PEPPER_ROOT;12511;20;12508;19;;;12517;5;12520;18;;;12514.0;0.0
yf_ADM_d5;40100;ASH_COATED_OSMIUM;9893;16;9890;19;;;9920;5;9922;20;;;9906.5;0.0
yf_ADM_d5;40100;INTARIAN_PEPPER_ROOT;12511;20;12507;18;;;12517;17;12520;16;;;12514.0;0.0
yf_ADM_d5;40200;ASH_COATED_OSMIUM;9903;9;9899;15;;;9909;10;9911;16;;;9906.0;0.0
yf_ADM_d5;40200;INTARIAN_PEPPER_ROOT;12510;5;12507;11;;;12519;30;12522;11;;;12514.5;0.0
yf_ADM_d5;40300;ASH_COATED_OSMIUM;9903;21;9899;14;;;9909;7;9913;20;;;9906.0;0.0
yf_ADM_d5;40300;INTARIAN_PEPPER_ROOT;12512;22;12510;17;;;12518;22;12521;19;;;12515.0;0.0
yf_ADM_d5;40400;ASH_COATED_OSMIUM;9903;14;9901;12;;;9909;7;9912;17;;;9906.0;0.0
yf_ADM_d5;40400;INTARIAN_PEPPER_ROOT;12512;17;12508;21;;;12518;18;12522;21;;;12515.0;0.0
yf_ADM_d5;40500;ASH_COATED_OSMIUM;9903;16;9899;25;;;9909;15;9911;12;;;9906.0;0.0
yf_ADM_d5;40500;INTARIAN_PEPPER_ROOT;12508;14;12505;16;;;12522;19;12525;19;;;12515.0;0.0
yf_ADM_d5;40600;ASH_COATED_OSMIUM;9901;11;9898;24;;;9911;12;9913;12;;;9906.0;0.0
yf_ADM_d5;40600;INTARIAN_PEPPER_ROOT;12511;26;12509;13;;;12520;12;12524;22;;;12515.5;0.0
yf_ADM_d5;40700;ASH_COATED_OSMIUM;9904;18;9900;18;;;9910;20;9914;27;;;9907.0;0.0
yf_ADM_d5;40700;INTARIAN_PEPPER_ROOT;12513;11;12511;14;;;12519;17;12522;18;;;12516.0;0.0
yf_ADM_d5;40800;ASH_COATED_OSMIUM;9903;20;9900;26;;;9909;11;9913;10;;;9906.0;0.0
yf_ADM_d5;40800;INTARIAN_PEPPER_ROOT;12513;7;12511;21;;;12519;16;12523;25;;;12516.0;0.0
yf_ADM_d5;40900;ASH_COATED_OSMIUM;9903;19;9900;14;;;9909;17;9912;16;;;9906.0;0.0
yf_ADM_d5;40900;INTARIAN_PEPPER_ROOT;12514;17;12511;17;;;12520;13;12524;13;;;12517.0;0.0
yf_ADM_d5;41000;ASH_COATED_OSMIUM;9902;14;9899;21;;;9910;14;9912;18;;;9906.0;0.0
yf_ADM_d5;41000;INTARIAN_PEPPER_ROOT;12514;19;12512;17;;;12520;18;12522;24;;;12517.0;0.0
yf_ADM_d5;41100;ASH_COATED_OSMIUM;9902;14;9899;14;;;9908;9;9912;27;;;9905.0;0.0
yf_ADM_d5;41100;INTARIAN_PEPPER_ROOT;12515;18;12511;19;;;12521;21;12524;26;;;12518.0;0.0
yf_ADM_d5;41200;ASH_COATED_OSMIUM;9900;24;9898;10;;;9912;13;9914;23;;;9906.0;0.0
yf_ADM_d5;41200;INTARIAN_PEPPER_ROOT;12515;22;12511;22;;;12521;17;12524;16;;;12518.0;0.0
yf_ADM_d5;41300;ASH_COATED_OSMIUM;9903;16;9899;14;;;9909;11;9913;22;;;9906.0;0.0
yf_ADM_d5;41300;INTARIAN_PEPPER_ROOT;12515;14;12513;20;;;12523;21;12525;16;;;12519.0;0.0
yf_ADM_d5;41400;ASH_COATED_OSMIUM;9903;19;9901;16;;;9909;22;9913;16;;;9906.0;0.0
yf_ADM_d5;41400;INTARIAN_PEPPER_ROOT;12513;20;12509;20;;;12525;15;12529;16;;;12519.0;0.0
yf_ADM_d5;41500;ASH_COATED_OSMIUM;9903;30;9899;14;;;9909;14;9911;19;;;9906.0;0.0
yf_ADM_d5;41500;INTARIAN_PEPPER_ROOT;12508;22;12505;24;;;12529;13;12531;21;;;12518.5;0.0
yf_ADM_d5;41600;ASH_COATED_OSMIUM;9903;9;9901;21;;;9909;13;9911;16;;;9906.0;0.0
yf_ADM_d5;41600;INTARIAN_PEPPER_ROOT;12516;11;12514;22;;;12522;10;12524;22;;;12519.0;0.0
yf_ADM_d5;41700;ASH_COATED_OSMIUM;9903;16;9899;12;;;9909;10;9912;13;;;9906.0;0.0
yf_ADM_d5;41700;INTARIAN_PEPPER_ROOT;12516;11;12512;17;;;12522;22;12525;20;;;12519.0;0.0
yf_ADM_d5;41800;ASH_COATED_OSMIUM;9903;18;9899;21;;;9909;13;9911;21;;;9906.0;0.0
yf_ADM_d5;41800;INTARIAN_PEPPER_ROOT;12513;21;12510;20;;;12525;22;12529;20;;;12519.0;0.0
yf_ADM_d5;41900;ASH_COATED_OSMIUM;9902;22;9900;19;;;9908;18;9912;18;;;9905.0;0.0
yf_ADM_d5;41900;INTARIAN_PEPPER_ROOT;12494;14;12490;25;;;12545;16;12549;19;;;12519.5;0.0
yf_ADM_d5;42000;ASH_COATED_OSMIUM;9895;5;9892;20;;;9916;7;9919;14;;;9905.5;0.0
yf_ADM_d5;42000;INTARIAN_PEPPER_ROOT;12516;15;12514;25;;;12525;14;12528;15;;;12520.5;0.0
yf_ADM_d5;42100;ASH_COATED_OSMIUM;9901;15;9897;16;;;9910;12;9914;22;;;9905.5;0.0
yf_ADM_d5;42100;INTARIAN_PEPPER_ROOT;12517;19;12513;16;;;12523;9;12525;13;;;12520.0;0.0
yf_ADM_d5;42200;ASH_COATED_OSMIUM;9898;14;9895;18;;;9913;13;9916;22;;;9905.5;0.0
yf_ADM_d5;42200;INTARIAN_PEPPER_ROOT;12518;9;12515;26;;;12524;17;12527;18;;;12521.0;0.0
yf_ADM_d5;42300;ASH_COATED_OSMIUM;9903;9;9899;28;;;9909;17;9913;18;;;9906.0;0.0
yf_ADM_d5;42300;INTARIAN_PEPPER_ROOT;12518;14;12514;29;;;12524;16;12527;19;;;12521.0;0.0
yf_ADM_d5;42400;ASH_COATED_OSMIUM;9903;14;9901;24;;;9910;11;9913;25;;;9906.5;0.0
yf_ADM_d5;42400;INTARIAN_PEPPER_ROOT;12518;12;12516;18;;;12524;16;12527;30;;;12521.0;0.0
yf_ADM_d5;42500;ASH_COATED_OSMIUM;9884;17;9881;15;;;9927;13;9929;19;;;9905.5;0.0
yf_ADM_d5;42500;INTARIAN_PEPPER_ROOT;12519;16;12515;21;;;12525;12;12528;17;;;12522.0;0.0
yf_ADM_d5;42600;ASH_COATED_OSMIUM;9897;13;9895;12;;;9914;12;9917;25;;;9905.5;0.0
yf_ADM_d5;42600;INTARIAN_PEPPER_ROOT;12520;19;12518;15;;;12526;18;12529;29;;;12523.0;0.0
yf_ADM_d5;42700;ASH_COATED_OSMIUM;9901;14;9898;26;;;9908;12;9910;25;;;9904.5;0.0
yf_ADM_d5;42700;INTARIAN_PEPPER_ROOT;12520;20;12517;17;;;12526;14;12530;21;;;12523.0;0.0
yf_ADM_d5;42800;ASH_COATED_OSMIUM;9897;24;9895;22;;;9914;14;9918;24;;;9905.5;0.0
yf_ADM_d5;42800;INTARIAN_PEPPER_ROOT;12520;11;12517;19;;;12526;23;12530;29;;;12523.0;0.0
yf_ADM_d5;42900;ASH_COATED_OSMIUM;9896;10;9892;17;;;9914;17;9916;28;;;9905.0;0.0
yf_ADM_d5;42900;INTARIAN_PEPPER_ROOT;12518;13;12514;24;;;12529;18;12532;12;;;12523.5;0.0
yf_ADM_d5;43000;ASH_COATED_OSMIUM;9894;15;9890;15;;;9915;18;9919;24;;;9904.5;0.0
yf_ADM_d5;43000;INTARIAN_PEPPER_ROOT;12521;18;12518;20;;;12527;22;12531;13;;;12524.0;0.0
yf_ADM_d5;43100;ASH_COATED_OSMIUM;9900;12;9897;22;;;9911;10;9913;17;;;9905.5;0.0
yf_ADM_d5;43100;INTARIAN_PEPPER_ROOT;12521;15;12518;20;;;12527;19;12531;30;;;12524.0;0.0
yf_ADM_d5;43200;ASH_COATED_OSMIUM;9902;21;9900;21;;;9908;18;9910;21;;;9905.0;0.0
yf_ADM_d5;43200;INTARIAN_PEPPER_ROOT;12521;19;12519;23;;;12527;20;12530;18;;;12524.0;0.0
yf_ADM_d5;43300;ASH_COATED_OSMIUM;9902;12;9899;18;;;9908;11;9912;23;;;9905.0;0.0
yf_ADM_d5;43300;INTARIAN_PEPPER_ROOT;12511;13;12508;16;;;12537;9;12539;24;;;12524.0;0.0
yf_ADM_d5;43400;ASH_COATED_OSMIUM;9903;16;9900;26;;;9909;8;9912;25;;;9906.0;0.0
yf_ADM_d5;43400;INTARIAN_PEPPER_ROOT;12522;18;12520;27;;;12528;13;12532;11;;;12525.0;0.0
yf_ADM_d5;43500;ASH_COATED_OSMIUM;9897;11;9894;25;;;9914;16;9916;12;;;9905.5;0.0
yf_ADM_d5;43500;INTARIAN_PEPPER_ROOT;12522;16;12518;21;;;12528;16;12531;18;;;12525.0;0.0
yf_ADM_d5;43600;ASH_COATED_OSMIUM;9902;5;9900;11;;;9908;8;9912;23;;;9905.0;0.0
yf_ADM_d5;43600;INTARIAN_PEPPER_ROOT;12519;24;12516;22;;;12530;21;12533;24;;;12524.5;0.0
yf_ADM_d5;43700;ASH_COATED_OSMIUM;9902;10;9900;17;;;9908;19;9912;19;;;9905.0;0.0
yf_ADM_d5;43700;INTARIAN_PEPPER_ROOT;12523;19;12520;23;;;12529;14;12533;14;;;12526.0;0.0
yf_ADM_d5;43800;ASH_COATED_OSMIUM;9902;19;9898;17;;;9908;8;9910;18;;;9905.0;0.0
yf_ADM_d5;43800;INTARIAN_PEPPER_ROOT;12498;13;12496;16;;;12553;14;12556;27;;;12525.5;0.0
yf_ADM_d5;43900;ASH_COATED_OSMIUM;9902;14;9899;20;;;9908;11;9912;12;;;9905.0;0.0
yf_ADM_d5;43900;INTARIAN_PEPPER_ROOT;12523;10;12519;21;;;12529;12;12532;23;;;12526.0;0.0
yf_ADM_d5;44000;ASH_COATED_OSMIUM;9898;22;9894;9;;;9912;19;9914;12;;;9905.0;0.0
yf_ADM_d5;44000;INTARIAN_PEPPER_ROOT;12514;10;12510;20;;;12540;5;12542;28;;;12527.0;0.0
yf_ADM_d5;44100;ASH_COATED_OSMIUM;9902;10;9898;22;;;9908;5;9912;20;;;9905.0;0.0
yf_ADM_d5;44100;INTARIAN_PEPPER_ROOT;12512;16;12508;16;;;12542;16;12546;14;;;12527.0;0.0
yf_ADM_d5;44200;ASH_COATED_OSMIUM;9902;15;9899;21;;;9908;20;9912;25;;;9905.0;0.0
yf_ADM_d5;44200;INTARIAN_PEPPER_ROOT;12524;17;12522;28;;;12530;25;12533;21;;;12527.0;0.0
yf_ADM_d5;44300;ASH_COATED_OSMIUM;9902;15;9899;16;;;9908;10;9912;14;;;9905.0;0.0
yf_ADM_d5;44300;INTARIAN_PEPPER_ROOT;12525;16;12522;22;;;12531;19;12534;20;;;12528.0;0.0
yf_ADM_d5;44400;ASH_COATED_OSMIUM;9902;13;9900;27;;;9908;8;9910;19;;;9905.0;0.0
yf_ADM_d5;44400;INTARIAN_PEPPER_ROOT;12520;11;12516;24;;;12535;24;12537;16;;;12527.5;0.0
yf_ADM_d5;44500;ASH_COATED_OSMIUM;9900;16;9896;16;;;9910;18;9912;22;;;9905.0;0.0
yf_ADM_d5;44500;INTARIAN_PEPPER_ROOT;12524;12;12522;26;;;12533;17;12536;21;;;12528.5;0.0
yf_ADM_d5;44600;ASH_COATED_OSMIUM;9902;14;9899;21;;;9908;17;9912;35;;;9905.0;0.0
yf_ADM_d5;44600;INTARIAN_PEPPER_ROOT;12526;13;12522;31;;;12532;9;12534;17;;;12529.0;0.0
yf_ADM_d5;44700;ASH_COATED_OSMIUM;9902;7;9900;24;;;9908;10;9910;18;;;9905.0;0.0
yf_ADM_d5;44700;INTARIAN_PEPPER_ROOT;12526;19;12524;16;;;12532;10;12534;14;;;12529.0;0.0
yf_ADM_d5;44800;ASH_COATED_OSMIUM;9902;8;9898;18;;;9908;15;9911;18;;;9905.0;0.0
yf_ADM_d5;44800;INTARIAN_PEPPER_ROOT;12526;8;12522;16;;;12532;19;12534;23;;;12529.0;0.0
yf_ADM_d5;44900;ASH_COATED_OSMIUM;9893;6;9891;20;;;9916;22;9920;22;;;9904.5;0.0
yf_ADM_d5;44900;INTARIAN_PEPPER_ROOT;12519;18;12515;20;;;12541;9;12545;16;;;12530.0;0.0
yf_ADM_d5;45000;ASH_COATED_OSMIUM;9902;12;9899;19;;;9908;15;9912;17;;;9905.0;0.0
yf_ADM_d5;45000;INTARIAN_PEPPER_ROOT;12527;9;12525;23;;;12533;9;12535;15;;;12530.0;0.0
yf_ADM_d5;45100;ASH_COATED_OSMIUM;9899;17;9896;27;;;9911;13;9913;13;;;9905.0;0.0
yf_ADM_d5;45100;INTARIAN_PEPPER_ROOT;12524;11;12522;30;;;12536;8;12539;22;;;12530.0;0.0
yf_ADM_d5;45200;ASH_COATED_OSMIUM;9899;21;9896;17;;;9912;13;9916;15;;;9905.5;0.0
yf_ADM_d5;45200;INTARIAN_PEPPER_ROOT;12528;25;12525;17;;;12534;9;12538;20;;;12531.0;0.0
yf_ADM_d5;45300;ASH_COATED_OSMIUM;9902;7;9899;20;;;9908;19;9912;21;;;9905.0;0.0
yf_ADM_d5;45300;INTARIAN_PEPPER_ROOT;12528;15;12526;19;;;12535;12;12537;22;;;12531.5;0.0
yf_ADM_d5;45400;ASH_COATED_OSMIUM;9902;14;9899;13;;;9908;19;9912;17;;;9905.0;0.0
yf_ADM_d5;45400;INTARIAN_PEPPER_ROOT;12527;12;12523;16;;;12534;24;12537;18;;;12530.5;0.0
yf_ADM_d5;45500;ASH_COATED_OSMIUM;9902;21;9899;15;;;9908;12;9912;22;;;9905.0;0.0
yf_ADM_d5;45500;INTARIAN_PEPPER_ROOT;12525;16;12521;23;;;12539;14;12543;10;;;12532.0;0.0
yf_ADM_d5;45600;ASH_COATED_OSMIUM;9902;9;9900;21;;;9908;17;9911;19;;;9905.0;0.0
yf_ADM_d5;45600;INTARIAN_PEPPER_ROOT;12529;13;12525;15;;;12535;23;12537;18;;;12532.0;0.0
yf_ADM_d5;45700;ASH_COATED_OSMIUM;9898;15;9894;16;;;9910;16;9912;24;;;9904.0;0.0
yf_ADM_d5;45700;INTARIAN_PEPPER_ROOT;12529;15;12527;25;;;12535;8;12538;20;;;12532.0;0.0
yf_ADM_d5;45800;ASH_COATED_OSMIUM;9900;16;9896;15;;;9909;9;9911;10;;;9904.5;0.0
yf_ADM_d5;45800;INTARIAN_PEPPER_ROOT;12529;15;12525;21;;;12536;5;12539;8;;;12532.5;0.0
yf_ADM_d5;45900;ASH_COATED_OSMIUM;9900;16;9896;22;;;9911;28;9913;15;;;9905.5;0.0
yf_ADM_d5;45900;INTARIAN_PEPPER_ROOT;12525;19;12521;21;;;12540;16;12544;15;;;12532.5;0.0
yf_ADM_d5;46000;ASH_COATED_OSMIUM;9902;20;9898;20;;;9908;10;9912;16;;;9905.0;0.0
yf_ADM_d5;46000;INTARIAN_PEPPER_ROOT;12531;7;12528;26;;;12537;14;12540;14;;;12534.0;0.0
yf_ADM_d5;46100;ASH_COATED_OSMIUM;9902;23;9900;15;;;9908;18;9912;20;;;9905.0;0.0
yf_ADM_d5;46100;INTARIAN_PEPPER_ROOT;12530;19;12528;24;;;12537;24;12540;17;;;12533.5;0.0
yf_ADM_d5;46200;ASH_COATED_OSMIUM;9894;14;9892;21;;;9916;14;9918;27;;;9905.0;0.0
yf_ADM_d5;46200;INTARIAN_PEPPER_ROOT;12530;17;12527;31;;;12538;10;12541;17;;;12534.0;0.0
yf_ADM_d5;46300;ASH_COATED_OSMIUM;9902;12;9900;19;;;9908;7;9910;20;;;9905.0;0.0
yf_ADM_d5;46300;INTARIAN_PEPPER_ROOT;12531;18;12529;21;;;12537;17;12541;15;;;12534.0;0.0
yf_ADM_d5;46400;ASH_COATED_OSMIUM;9902;16;9899;20;;;9908;11;9911;18;;;9905.0;0.0
yf_ADM_d5;46400;INTARIAN_PEPPER_ROOT;12527;17;12523;11;;;12541;13;12543;21;;;12534.0;0.0
yf_ADM_d5;46500;ASH_COATED_OSMIUM;9901;19;9899;20;;;9907;6;9910;20;;;9904.0;0.0
yf_ADM_d5;46500;INTARIAN_PEPPER_ROOT;12531;5;12529;23;;;12538;14;12542;26;;;12534.5;0.0
yf_ADM_d5;46600;ASH_COATED_OSMIUM;9902;17;9899;25;;;9908;12;9910;19;;;9905.0;0.0
yf_ADM_d5;46600;INTARIAN_PEPPER_ROOT;12532;15;12529;25;;;12538;13;12541;26;;;12535.0;0.0
yf_ADM_d5;46700;ASH_COATED_OSMIUM;9901;18;9898;23;;;9907;18;9909;25;;;9904.0;0.0
yf_ADM_d5;46700;INTARIAN_PEPPER_ROOT;12532;11;12528;20;;;12538;16;12541;22;;;12535.0;0.0
yf_ADM_d5;46800;ASH_COATED_OSMIUM;9902;21;9898;15;;;9908;17;9910;20;;;9905.0;0.0
yf_ADM_d5;46800;INTARIAN_PEPPER_ROOT;12532;8;12530;18;;;12538;16;12541;14;;;12535.0;0.0
yf_ADM_d5;46900;ASH_COATED_OSMIUM;9897;8;9894;16;;;9911;14;9914;18;;;9904.0;0.0
yf_ADM_d5;46900;INTARIAN_PEPPER_ROOT;12533;17;12531;22;;;12539;7;12541;22;;;12536.0;0.0
yf_ADM_d5;47000;ASH_COATED_OSMIUM;9902;5;9899;23;;;9908;6;9911;27;;;9905.0;0.0
yf_ADM_d5;47000;INTARIAN_PEPPER_ROOT;12531;16;12528;17;;;12542;7;12546;25;;;12536.5;0.0
yf_ADM_d5;47100;ASH_COATED_OSMIUM;9902;7;9898;9;;;9908;10;9910;22;;;9905.0;0.0
yf_ADM_d5;47100;INTARIAN_PEPPER_ROOT;12534;16;12531;22;;;12540;14;12544;10;;;12537.0;0.0
yf_ADM_d5;47200;ASH_COATED_OSMIUM;9901;19;9898;14;;;9907;10;9911;29;;;9904.0;0.0
yf_ADM_d5;47200;INTARIAN_PEPPER_ROOT;12533;15;12530;15;;;12542;13;12545;19;;;12537.5;0.0
yf_ADM_d5;47300;ASH_COATED_OSMIUM;9902;14;9899;18;;;9908;14;9911;31;;;9905.0;0.0
yf_ADM_d5;47300;INTARIAN_PEPPER_ROOT;12533;24;12529;23;;;12542;15;12546;18;;;12537.5;0.0
yf_ADM_d5;47400;ASH_COATED_OSMIUM;9898;16;9896;21;;;9911;21;9915;28;;;9904.5;0.0
yf_ADM_d5;47400;INTARIAN_PEPPER_ROOT;12535;16;12531;19;;;12541;16;12544;22;;;12538.0;0.0
yf_ADM_d5;47500;ASH_COATED_OSMIUM;9902;16;9900;13;;;9908;8;9910;15;;;9905.0;0.0
yf_ADM_d5;47500;INTARIAN_PEPPER_ROOT;12534;19;12531;19;;;12540;5;12544;19;;;12537.0;0.0
yf_ADM_d5;47600;ASH_COATED_OSMIUM;9901;19;9898;25;;;9907;14;9909;17;;;9904.0;0.0
yf_ADM_d5;47600;INTARIAN_PEPPER_ROOT;12533;21;12529;28;;;12543;6;12545;18;;;12538.0;0.0
yf_ADM_d5;47700;ASH_COATED_OSMIUM;9899;9;9897;19;;;9910;9;9912;19;;;9904.5;0.0
yf_ADM_d5;47700;INTARIAN_PEPPER_ROOT;12535;9;12533;24;;;12541;16;12545;23;;;12538.0;0.0
yf_ADM_d5;47800;ASH_COATED_OSMIUM;9900;16;9898;22;;;9907;14;9910;21;;;9903.5;0.0
yf_ADM_d5;47800;INTARIAN_PEPPER_ROOT;12536;16;12532;16;;;12542;8;12545;19;;;12539.0;0.0
yf_ADM_d5;47900;ASH_COATED_OSMIUM;9893;13;9890;23;;;9916;20;9920;13;;;9904.5;0.0
yf_ADM_d5;47900;INTARIAN_PEPPER_ROOT;12533;11;12529;19;;;12545;9;12548;29;;;12539.0;0.0
yf_ADM_d5;48000;ASH_COATED_OSMIUM;9894;11;9892;14;;;9914;17;9917;22;;;9904.0;0.0
yf_ADM_d5;48000;INTARIAN_PEPPER_ROOT;12537;12;12534;8;;;12543;14;12546;11;;;12540.0;0.0
yf_ADM_d5;48100;ASH_COATED_OSMIUM;9897;22;9894;23;;;9911;13;9913;20;;;9904.0;0.0
yf_ADM_d5;48100;INTARIAN_PEPPER_ROOT;12537;8;12535;21;;;12543;14;12545;21;;;12540.0;0.0
yf_ADM_d5;48200;ASH_COATED_OSMIUM;9901;10;9898;13;;;9907;14;9910;18;;;9904.0;0.0
yf_ADM_d5;48200;INTARIAN_PEPPER_ROOT;12530;9;12528;19;;;12550;9;12552;16;;;12540.0;0.0
yf_ADM_d5;48300;ASH_COATED_OSMIUM;9897;20;9894;20;;;9911;22;9913;25;;;9904.0;0.0
yf_ADM_d5;48300;INTARIAN_PEPPER_ROOT;12537;20;12533;26;;;12544;20;12548;24;;;12540.5;0.0
yf_ADM_d5;48400;ASH_COATED_OSMIUM;9901;12;9897;22;;;9907;10;9909;17;;;9904.0;0.0
yf_ADM_d5;48400;INTARIAN_PEPPER_ROOT;12537;15;12534;21;;;12544;12;12547;17;;;12540.5;0.0
yf_ADM_d5;48500;ASH_COATED_OSMIUM;9892;21;9890;18;;;9915;17;9917;18;;;9903.5;0.0
yf_ADM_d5;48500;INTARIAN_PEPPER_ROOT;12534;15;12531;27;;;12548;8;12552;15;;;12541.0;0.0
yf_ADM_d5;48600;ASH_COATED_OSMIUM;9901;17;9898;22;;;9907;22;9909;20;;;9904.0;0.0
yf_ADM_d5;48600;INTARIAN_PEPPER_ROOT;12535;22;12531;21;;;12547;18;12549;13;;;12541.0;0.0
yf_ADM_d5;48700;ASH_COATED_OSMIUM;9901;12;9897;19;;;9907;22;9911;19;;;9904.0;0.0
yf_ADM_d5;48700;INTARIAN_PEPPER_ROOT;12538;12;12535;20;;;12546;9;12548;12;;;12542.0;0.0
yf_ADM_d5;48800;ASH_COATED_OSMIUM;9899;14;9897;21;;;9910;13;9913;22;;;9904.5;0.0
yf_ADM_d5;48800;INTARIAN_PEPPER_ROOT;12538;11;12534;18;;;12546;26;12550;12;;;12542.0;0.0
yf_ADM_d5;48900;ASH_COATED_OSMIUM;9901;8;9897;20;;;9907;10;9909;14;;;9904.0;0.0
yf_ADM_d5;48900;INTARIAN_PEPPER_ROOT;12539;22;12537;21;;;12545;10;12547;18;;;12542.0;0.0
yf_ADM_d5;49000;ASH_COATED_OSMIUM;9901;23;9899;16;;;9907;17;9911;11;;;9904.0;0.0
yf_ADM_d5;49000;INTARIAN_PEPPER_ROOT;12539;19;12535;23;;;12547;18;12550;14;;;12543.0;0.0
yf_ADM_d5;49100;ASH_COATED_OSMIUM;9901;23;9899;14;;;9907;7;9911;15;;;9904.0;0.0
yf_ADM_d5;49100;INTARIAN_PEPPER_ROOT;12522;15;12520;24;;;12564;17;12566;20;;;12543.0;0.0
yf_ADM_d5;49200;ASH_COATED_OSMIUM;9901;14;9899;12;;;9907;23;9910;18;;;9904.0;0.0
yf_ADM_d5;49200;INTARIAN_PEPPER_ROOT;12540;12;12537;17;;;12546;23;12548;15;;;12543.0;0.0
yf_ADM_d5;49300;ASH_COATED_OSMIUM;9891;15;9888;22;;;9916;24;9920;20;;;9903.5;0.0
yf_ADM_d5;49300;INTARIAN_PEPPER_ROOT;12526;18;12523;19;;;12562;9;12566;24;;;12544.0;0.0
yf_ADM_d5;49400;ASH_COATED_OSMIUM;9901;16;9897;24;;;9907;17;9911;8;;;9904.0;0.0
yf_ADM_d5;49400;INTARIAN_PEPPER_ROOT;12541;12;12538;15;;;12547;13;12551;21;;;12544.0;0.0
yf_ADM_d5;49500;ASH_COATED_OSMIUM;9901;13;9899;12;;;9907;14;9910;26;;;9904.0;0.0
yf_ADM_d5;49500;INTARIAN_PEPPER_ROOT;12542;9;12539;13;;;12548;14;12552;12;;;12545.0;0.0
yf_ADM_d5;49600;ASH_COATED_OSMIUM;9900;20;9898;20;;;9906;17;9909;27;;;9903.0;0.0
yf_ADM_d5;49600;INTARIAN_PEPPER_ROOT;12542;16;12539;22;;;12548;9;12552;11;;;12545.0;0.0
yf_ADM_d5;49700;ASH_COATED_OSMIUM;9901;21;9897;23;;;9907;20;9911;26;;;9904.0;0.0
yf_ADM_d5;49700;INTARIAN_PEPPER_ROOT;12542;13;12539;27;;;12548;12;12551;22;;;12545.0;0.0
yf_ADM_d5;49800;ASH_COATED_OSMIUM;9899;14;9895;17;;;9908;12;9911;30;;;9903.5;0.0
yf_ADM_d5;49800;INTARIAN_PEPPER_ROOT;12540;12;12538;14;;;12550;14;12552;17;;;12545.0;0.0
yf_ADM_d5;49900;ASH_COATED_OSMIUM;9884;25;9881;19;;;9924;13;9927;22;;;9904.0;0.0
yf_ADM_d5;49900;INTARIAN_PEPPER_ROOT;12543;14;12540;23;;;12549;16;12553;11;;;12546.0;0.0
yf_ADM_d5;50000;ASH_COATED_OSMIUM;9901;21;9897;19;;;9907;16;9911;20;;;9904.0;0.0
yf_ADM_d5;50000;INTARIAN_PEPPER_ROOT;12534;11;12530;19;;;12558;16;12561;24;;;12546.0;0.0
yf_ADM_d5;50100;ASH_COATED_OSMIUM;9901;17;9898;24;;;9908;12;9911;19;;;9904.5;0.0
yf_ADM_d5;50100;INTARIAN_PEPPER_ROOT;12542;16;12540;15;;;12550;6;12553;24;;;12546.0;0.0
yf_ADM_d5;50200;ASH_COATED_OSMIUM;9900;18;9897;22;;;9906;9;9908;20;;;9903.0;0.0
yf_ADM_d5;50200;INTARIAN_PEPPER_ROOT;12544;16;12542;10;;;12550;11;12552;13;;;12547.0;0.0
yf_ADM_d5;50300;ASH_COATED_OSMIUM;9901;5;9899;24;;;9908;11;9912;16;;;9904.5;0.0
yf_ADM_d5;50300;INTARIAN_PEPPER_ROOT;12544;10;12542;22;;;12551;20;12553;26;;;12547.5;0.0
yf_ADM_d5;50400;ASH_COATED_OSMIUM;9897;14;9895;22;;;9909;15;9913;18;;;9903.0;0.0
yf_ADM_d5;50400;INTARIAN_PEPPER_ROOT;12544;14;12541;21;;;12550;13;12554;21;;;12547.0;0.0
yf_ADM_d5;50500;ASH_COATED_OSMIUM;9893;6;9889;18;;;9914;27;9916;23;;;9903.5;0.0
yf_ADM_d5;50500;INTARIAN_PEPPER_ROOT;12544;15;12540;23;;;12550;19;12553;20;;;12547.0;0.0
yf_ADM_d5;50600;ASH_COATED_OSMIUM;9898;13;9894;21;;;9909;11;9911;28;;;9903.5;0.0
yf_ADM_d5;50600;INTARIAN_PEPPER_ROOT;12545;18;12541;25;;;12551;14;12555;14;;;12548.0;0.0
yf_ADM_d5;50700;ASH_COATED_OSMIUM;9896;14;9892;29;;;9910;10;9913;17;;;9903.0;0.0
yf_ADM_d5;50700;INTARIAN_PEPPER_ROOT;12545;14;12543;17;;;12551;19;12553;19;;;12548.0;0.0
yf_ADM_d5;50800;ASH_COATED_OSMIUM;9900;13;9898;23;;;9906;10;9910;22;;;9903.0;0.0
yf_ADM_d5;50800;INTARIAN_PEPPER_ROOT;12546;18;12543;13;;;12552;16;12554;16;;;12549.0;0.0
yf_ADM_d5;50900;ASH_COATED_OSMIUM;9892;21;9889;20;;;9916;21;9920;18;;;9904.0;0.0
yf_ADM_d5;50900;INTARIAN_PEPPER_ROOT;12546;18;12543;20;;;12552;18;12554;23;;;12549.0;0.0
yf_ADM_d5;51000;ASH_COATED_OSMIUM;9901;18;9897;26;;;9907;17;9909;29;;;9904.0;0.0
yf_ADM_d5;51000;INTARIAN_PEPPER_ROOT;12546;16;12543;20;;;12552;14;12554;23;;;12549.0;0.0
yf_ADM_d5;51100;ASH_COATED_OSMIUM;9900;18;9898;25;;;9906;14;9910;13;;;9903.0;0.0
yf_ADM_d5;51100;INTARIAN_PEPPER_ROOT;12542;15;12539;18;;;12555;17;12559;18;;;12548.5;0.0
yf_ADM_d5;51200;ASH_COATED_OSMIUM;9898;14;9895;20;;;9909;13;9913;21;;;9903.5;0.0
yf_ADM_d5;51200;INTARIAN_PEPPER_ROOT;12546;12;12542;28;;;12552;17;12556;16;;;12549.0;0.0
yf_ADM_d5;51300;ASH_COATED_OSMIUM;9901;12;9897;14;;;9907;7;9910;28;;;9904.0;0.0
yf_ADM_d5;51300;INTARIAN_PEPPER_ROOT;12545;8;12542;18;;;12551;6;12554;19;;;12548.0;0.0
yf_ADM_d5;51400;ASH_COATED_OSMIUM;9900;14;9898;12;;;9906;9;9909;11;;;9903.0;0.0
yf_ADM_d5;51400;INTARIAN_PEPPER_ROOT;12545;15;12541;25;;;12551;18;12554;21;;;12548.0;0.0
yf_ADM_d5;51500;ASH_COATED_OSMIUM;9901;17;9899;20;;;9907;12;9911;13;;;9904.0;0.0
yf_ADM_d5;51500;INTARIAN_PEPPER_ROOT;12545;19;12543;23;;;12551;10;12555;21;;;12548.0;0.0
yf_ADM_d5;51600;ASH_COATED_OSMIUM;9896;15;9892;15;;;9911;12;9913;18;;;9903.5;0.0
yf_ADM_d5;51600;INTARIAN_PEPPER_ROOT;12545;20;12541;16;;;12551;10;12553;21;;;12548.0;0.0
yf_ADM_d5;51700;ASH_COATED_OSMIUM;9897;15;9893;16;;;9911;18;9914;13;;;9904.0;0.0
yf_ADM_d5;51700;INTARIAN_PEPPER_ROOT;12542;14;12539;12;;;12554;18;12557;12;;;12548.0;0.0
yf_ADM_d5;51800;ASH_COATED_OSMIUM;9901;20;9898;14;;;9907;14;9910;12;;;9904.0;0.0
yf_ADM_d5;51800;INTARIAN_PEPPER_ROOT;12544;11;12540;28;;;12550;10;12554;11;;;12547.0;0.0
yf_ADM_d5;51900;ASH_COATED_OSMIUM;9896;26;9892;17;;;9910;19;9912;13;;;9903.0;0.0
yf_ADM_d5;51900;INTARIAN_PEPPER_ROOT;12545;18;12541;18;;;12551;14;12554;12;;;12548.0;0.0
yf_ADM_d5;52000;ASH_COATED_OSMIUM;9900;17;9897;10;;;9906;11;9909;16;;;9903.0;0.0
yf_ADM_d5;52000;INTARIAN_PEPPER_ROOT;12544;13;12542;8;;;12550;11;12554;20;;;12547.0;0.0
yf_ADM_d5;52100;ASH_COATED_OSMIUM;9900;21;9897;15;;;9908;7;9910;23;;;9904.0;0.0
yf_ADM_d5;52100;INTARIAN_PEPPER_ROOT;12544;6;12540;12;;;12550;14;12554;17;;;12547.0;0.0
yf_ADM_d5;52200;ASH_COATED_OSMIUM;9901;21;9897;28;;;9907;20;9911;22;;;9904.0;0.0
yf_ADM_d5;52200;INTARIAN_PEPPER_ROOT;12544;12;12540;26;;;12551;14;12553;22;;;12547.5;0.0
yf_ADM_d5;52300;ASH_COATED_OSMIUM;9900;19;9896;17;;;9908;14;9912;21;;;9904.0;0.0
yf_ADM_d5;52300;INTARIAN_PEPPER_ROOT;12544;10;12541;18;;;12550;16;12554;8;;;12547.0;0.0
yf_ADM_d5;52400;ASH_COATED_OSMIUM;9900;18;9897;18;;;9907;16;9911;15;;;9903.5;0.0
yf_ADM_d5;52400;INTARIAN_PEPPER_ROOT;12543;17;12539;18;;;12549;18;12553;22;;;12546.0;0.0
yf_ADM_d5;52500;ASH_COATED_OSMIUM;9899;19;9895;19;;;9909;10;9911;18;;;9904.0;0.0
yf_ADM_d5;52500;INTARIAN_PEPPER_ROOT;12541;11;12539;18;;;12552;13;12554;26;;;12546.5;0.0
yf_ADM_d5;52600;ASH_COATED_OSMIUM;9900;8;9897;16;;;9906;6;9909;13;;;9903.0;0.0
yf_ADM_d5;52600;INTARIAN_PEPPER_ROOT;12544;10;12541;18;;;12550;18;12552;22;;;12547.0;0.0
yf_ADM_d5;52700;ASH_COATED_OSMIUM;9901;5;9897;14;;;9907;8;9909;16;;;9904.0;0.0
yf_ADM_d5;52700;INTARIAN_PEPPER_ROOT;12528;18;12525;19;;;12564;17;12566;22;;;12546.0;0.0
yf_ADM_d5;52800;ASH_COATED_OSMIUM;9901;13;9898;25;;;9907;16;9910;19;;;9904.0;0.0
yf_ADM_d5;52800;INTARIAN_PEPPER_ROOT;12544;5;12542;23;;;12550;19;12554;28;;;12547.0;0.0
yf_ADM_d5;52900;ASH_COATED_OSMIUM;9898;20;9895;16;;;9909;20;9911;14;;;9903.5;0.0
yf_ADM_d5;52900;INTARIAN_PEPPER_ROOT;12543;22;12541;22;;;12549;22;12551;20;;;12546.0;0.0
yf_ADM_d5;53000;ASH_COATED_OSMIUM;9901;17;9899;12;;;9907;14;9909;26;;;9904.0;0.0
yf_ADM_d5;53000;INTARIAN_PEPPER_ROOT;12543;11;12541;22;;;12549;16;12553;25;;;12546.0;0.0
yf_ADM_d5;53100;ASH_COATED_OSMIUM;9898;22;9894;26;;;9909;17;9911;15;;;9903.5;0.0
yf_ADM_d5;53100;INTARIAN_PEPPER_ROOT;12543;20;12539;21;;;12549;21;12551;20;;;12546.0;0.0
yf_ADM_d5;53200;ASH_COATED_OSMIUM;9900;7;9896;13;;;9906;23;9910;17;;;9903.0;0.0
yf_ADM_d5;53200;INTARIAN_PEPPER_ROOT;12543;15;12539;25;;;12549;6;12552;28;;;12546.0;0.0
yf_ADM_d5;53300;ASH_COATED_OSMIUM;9901;14;9898;19;;;9908;13;9912;10;;;9904.5;0.0
yf_ADM_d5;53300;INTARIAN_PEPPER_ROOT;12543;19;12539;17;;;12549;14;12552;16;;;12546.0;0.0
yf_ADM_d5;53400;ASH_COATED_OSMIUM;9900;16;9897;24;;;9906;5;9908;15;;;9903.0;0.0
yf_ADM_d5;53400;INTARIAN_PEPPER_ROOT;12535;19;12532;13;;;12557;10;12559;14;;;12546.0;0.0
yf_ADM_d5;53500;ASH_COATED_OSMIUM;9898;12;9894;26;;;9910;13;9912;20;;;9904.0;0.0
yf_ADM_d5;53500;INTARIAN_PEPPER_ROOT;12543;17;12540;24;;;12549;19;12552;17;;;12546.0;0.0
yf_ADM_d5;53600;ASH_COATED_OSMIUM;9901;15;9899;21;;;9907;14;9911;22;;;9904.0;0.0
yf_ADM_d5;53600;INTARIAN_PEPPER_ROOT;12543;17;12539;14;;;12549;10;12552;23;;;12546.0;0.0
yf_ADM_d5;53700;ASH_COATED_OSMIUM;9901;9;9898;23;;;9907;28;9909;24;;;9904.0;0.0
yf_ADM_d5;53700;INTARIAN_PEPPER_ROOT;12543;5;12539;23;;;12549;13;12552;9;;;12546.0;0.0
yf_ADM_d5;53800;ASH_COATED_OSMIUM;9899;16;9896;14;;;9908;19;9910;24;;;9903.5;0.0
yf_ADM_d5;53800;INTARIAN_PEPPER_ROOT;12543;11;12539;20;;;12549;24;12553;30;;;12546.0;0.0
yf_ADM_d5;53900;ASH_COATED_OSMIUM;9901;18;9897;14;;;9907;14;9911;24;;;9904.0;0.0
yf_ADM_d5;53900;INTARIAN_PEPPER_ROOT;12534;14;12530;13;;;12557;15;12560;23;;;12545.5;0.0
yf_ADM_d5;54000;ASH_COATED_OSMIUM;9898;7;9896;18;;;9909;16;9911;21;;;9903.5;0.0
yf_ADM_d5;54000;INTARIAN_PEPPER_ROOT;12542;6;12539;21;;;12548;23;12550;18;;;12545.0;0.0
yf_ADM_d5;54100;ASH_COATED_OSMIUM;9897;19;9893;15;;;9910;11;9913;24;;;9903.5;0.0
yf_ADM_d5;54100;INTARIAN_PEPPER_ROOT;12541;13;12538;32;;;12550;18;12552;27;;;12545.5;0.0
yf_ADM_d5;54200;ASH_COATED_OSMIUM;9900;9;9898;22;;;9906;21;9908;13;;;9903.0;0.0
yf_ADM_d5;54200;INTARIAN_PEPPER_ROOT;12539;10;12537;16;;;12549;21;12552;12;;;12544.0;0.0
yf_ADM_d5;54300;ASH_COATED_OSMIUM;9898;8;9895;14;;;9909;12;9913;21;;;9903.5;0.0
yf_ADM_d5;54300;INTARIAN_PEPPER_ROOT;12542;21;12539;24;;;12548;13;12552;17;;;12545.0;0.0
yf_ADM_d5;54400;ASH_COATED_OSMIUM;9897;17;9895;23;;;9911;26;9915;20;;;9904.0;0.0
yf_ADM_d5;54400;INTARIAN_PEPPER_ROOT;12541;18;12537;23;;;12547;16;12549;23;;;12544.0;0.0
yf_ADM_d5;54500;ASH_COATED_OSMIUM;9900;15;9897;20;;;9906;7;9910;13;;;9903.0;0.0
yf_ADM_d5;54500;INTARIAN_PEPPER_ROOT;12542;19;12538;13;;;12548;20;12550;22;;;12545.0;0.0
yf_ADM_d5;54600;ASH_COATED_OSMIUM;9901;10;9897;17;;;9907;14;9910;25;;;9904.0;0.0
yf_ADM_d5;54600;INTARIAN_PEPPER_ROOT;12536;12;12532;12;;;12554;19;12556;21;;;12545.0;0.0
yf_ADM_d5;54700;ASH_COATED_OSMIUM;9900;14;9897;27;;;9906;17;9908;21;;;9903.0;0.0
yf_ADM_d5;54700;INTARIAN_PEPPER_ROOT;12541;13;12537;17;;;12547;14;12550;16;;;12544.0;0.0
yf_ADM_d5;54800;ASH_COATED_OSMIUM;9898;14;9895;26;;;9910;10;9913;13;;;9904.0;0.0
yf_ADM_d5;54800;INTARIAN_PEPPER_ROOT;12541;12;12539;8;;;12547;13;12550;22;;;12544.0;0.0
yf_ADM_d5;54900;ASH_COATED_OSMIUM;9901;14;9898;24;;;9907;24;9909;18;;;9904.0;0.0
yf_ADM_d5;54900;INTARIAN_PEPPER_ROOT;12541;16;12539;23;;;12547;16;12551;26;;;12544.0;0.0
yf_ADM_d5;55000;ASH_COATED_OSMIUM;9901;12;9898;8;;;9907;13;9911;18;;;9904.0;0.0
yf_ADM_d5;55000;INTARIAN_PEPPER_ROOT;12534;6;12530;20;;;12554;15;12557;22;;;12544.0;0.0
yf_ADM_d5;55100;ASH_COATED_OSMIUM;9900;16;9896;16;;;9907;14;9911;19;;;9903.5;0.0
yf_ADM_d5;55100;INTARIAN_PEPPER_ROOT;12539;13;12537;18;;;12549;15;12551;12;;;12544.0;0.0
yf_ADM_d5;55200;ASH_COATED_OSMIUM;9900;7;9898;16;;;9907;10;9910;15;;;9903.5;0.0
yf_ADM_d5;55200;INTARIAN_PEPPER_ROOT;12541;5;12538;15;;;12547;18;12550;14;;;12544.0;0.0
yf_ADM_d5;55300;ASH_COATED_OSMIUM;9901;18;9897;20;;;9907;18;9909;13;;;9904.0;0.0
yf_ADM_d5;55300;INTARIAN_PEPPER_ROOT;12541;12;12539;15;;;12547;26;12551;15;;;12544.0;0.0
yf_ADM_d5;55400;ASH_COATED_OSMIUM;9901;15;9899;18;;;9907;9;9909;15;;;9904.0;0.0
yf_ADM_d5;55400;INTARIAN_PEPPER_ROOT;12541;14;12539;13;;;12547;11;12551;15;;;12544.0;0.0
yf_ADM_d5;55500;ASH_COATED_OSMIUM;9901;13;9898;15;;;9907;15;9909;21;;;9904.0;0.0
yf_ADM_d5;55500;INTARIAN_PEPPER_ROOT;12537;21;12535;21;;;12550;18;12552;24;;;12543.5;0.0
yf_ADM_d5;55600;ASH_COATED_OSMIUM;9900;15;9897;14;;;9908;13;9910;10;;;9904.0;0.0
yf_ADM_d5;55600;INTARIAN_PEPPER_ROOT;12540;18;12536;25;;;12546;23;12548;16;;;12543.0;0.0
yf_ADM_d5;55700;ASH_COATED_OSMIUM;9894;11;9890;15;;;9914;12;9917;25;;;9904.0;0.0
yf_ADM_d5;55700;INTARIAN_PEPPER_ROOT;12540;22;12538;21;;;12546;9;12549;17;;;12543.0;0.0
yf_ADM_d5;55800;ASH_COATED_OSMIUM;9901;12;9899;9;;;9907;20;9910;18;;;9904.0;0.0
yf_ADM_d5;55800;INTARIAN_PEPPER_ROOT;12540;14;12537;22;;;12546;20;12549;21;;;12543.0;0.0
yf_ADM_d5;55900;ASH_COATED_OSMIUM;9899;13;9895;17;;;9908;6;9911;20;;;9903.5;0.0
yf_ADM_d5;55900;INTARIAN_PEPPER_ROOT;12540;13;12536;22;;;12546;12;12549;18;;;12543.0;0.0
yf_ADM_d5;56000;ASH_COATED_OSMIUM;9893;14;9891;18;;;9913;9;9916;23;;;9903.0;0.0
yf_ADM_d5;56000;INTARIAN_PEPPER_ROOT;12539;16;12537;22;;;12546;12;12549;14;;;12542.5;0.0
yf_ADM_d5;56100;ASH_COATED_OSMIUM;9901;6;9899;18;;;9907;25;9911;20;;;9904.0;0.0
yf_ADM_d5;56100;INTARIAN_PEPPER_ROOT;12538;17;12534;13;;;12547;23;12550;22;;;12542.5;0.0
yf_ADM_d5;56200;ASH_COATED_OSMIUM;9901;9;9898;23;;;9907;6;9909;19;;;9904.0;0.0
yf_ADM_d5;56200;INTARIAN_PEPPER_ROOT;12540;12;12538;17;;;12546;17;12549;23;;;12543.0;0.0
yf_ADM_d5;56300;ASH_COATED_OSMIUM;9901;16;9897;18;;;9907;15;9910;18;;;9904.0;0.0
yf_ADM_d5;56300;INTARIAN_PEPPER_ROOT;12539;9;12536;15;;;12547;19;12550;19;;;12543.0;0.0
yf_ADM_d5;56400;ASH_COATED_OSMIUM;9896;11;9893;19;;;9911;10;9915;14;;;9903.5;0.0
yf_ADM_d5;56400;INTARIAN_PEPPER_ROOT;12539;16;12536;32;;;12545;11;12549;22;;;12542.0;0.0
yf_ADM_d5;56500;ASH_COATED_OSMIUM;9885;11;9881;24;;;9922;28;9926;13;;;9903.5;0.0
yf_ADM_d5;56500;INTARIAN_PEPPER_ROOT;12540;13;12538;19;;;12546;12;12548;18;;;12543.0;0.0
yf_ADM_d5;56600;ASH_COATED_OSMIUM;9901;13;9897;15;;;9907;18;9909;20;;;9904.0;0.0
yf_ADM_d5;56600;INTARIAN_PEPPER_ROOT;12533;16;12530;9;;;12549;19;12553;23;;;12541.0;0.0
yf_ADM_d5;56700;ASH_COATED_OSMIUM;9900;7;9897;22;;;9906;10;9910;15;;;9903.0;0.0
yf_ADM_d5;56700;INTARIAN_PEPPER_ROOT;12539;24;12535;21;;;12545;14;12547;16;;;12542.0;0.0
yf_ADM_d5;56800;ASH_COATED_OSMIUM;9901;15;9897;18;;;9907;22;9910;15;;;9904.0;0.0
yf_ADM_d5;56800;INTARIAN_PEPPER_ROOT;12534;5;12532;20;;;12551;5;12554;10;;;12542.5;0.0
yf_ADM_d5;56900;ASH_COATED_OSMIUM;9888;18;9884;19;;;9918;14;9921;20;;;9903.0;0.0
yf_ADM_d5;56900;INTARIAN_PEPPER_ROOT;12534;19;12532;21;;;12550;18;12554;15;;;12542.0;0.0
yf_ADM_d5;57000;ASH_COATED_OSMIUM;9898;14;9894;14;;;9910;11;9913;21;;;9904.0;0.0
yf_ADM_d5;57000;INTARIAN_PEPPER_ROOT;12539;12;12535;17;;;12545;12;12548;22;;;12542.0;0.0
yf_ADM_d5;57100;ASH_COATED_OSMIUM;9897;8;9893;15;;;9910;18;9913;15;;;9903.5;0.0
yf_ADM_d5;57100;INTARIAN_PEPPER_ROOT;12539;11;12536;17;;;12545;23;12548;21;;;12542.0;0.0
yf_ADM_d5;57200;ASH_COATED_OSMIUM;9901;18;9897;17;;;9907;8;9910;17;;;9904.0;0.0
yf_ADM_d5;57200;INTARIAN_PEPPER_ROOT;12538;11;12535;14;;;12544;24;12547;26;;;12541.0;0.0
yf_ADM_d5;57300;ASH_COATED_OSMIUM;9901;13;9898;20;;;9907;12;9910;28;;;9904.0;0.0
yf_ADM_d5;57300;INTARIAN_PEPPER_ROOT;12532;14;12528;18;;;12549;12;12552;19;;;12540.5;0.0
yf_ADM_d5;57400;ASH_COATED_OSMIUM;9901;9;9899;18;;;9907;11;9909;21;;;9904.0;0.0
yf_ADM_d5;57400;INTARIAN_PEPPER_ROOT;12538;19;12534;20;;;12544;10;12546;21;;;12541.0;0.0
yf_ADM_d5;57500;ASH_COATED_OSMIUM;9895;7;9892;25;;;9912;14;9916;25;;;9903.5;0.0
yf_ADM_d5;57500;INTARIAN_PEPPER_ROOT;12532;12;12528;24;;;12549;16;12552;15;;;12540.5;0.0
yf_ADM_d5;57600;ASH_COATED_OSMIUM;9901;14;9898;23;;;9907;12;9910;19;;;9904.0;0.0
yf_ADM_d5;57600;INTARIAN_PEPPER_ROOT;12538;12;12534;27;;;12544;6;12548;19;;;12541.0;0.0
yf_ADM_d5;57700;ASH_COATED_OSMIUM;9899;22;9895;21;;;9907;14;9910;11;;;9903.0;0.0
yf_ADM_d5;57700;INTARIAN_PEPPER_ROOT;12538;10;12536;21;;;12544;14;12547;24;;;12541.0;0.0
yf_ADM_d5;57800;ASH_COATED_OSMIUM;9900;13;9897;16;;;9906;20;9910;28;;;9903.0;0.0
yf_ADM_d5;57800;INTARIAN_PEPPER_ROOT;12527;19;12523;23;;;12555;15;12557;21;;;12541.0;0.0
yf_ADM_d5;57900;ASH_COATED_OSMIUM;9901;16;9899;19;;;9907;5;9909;19;;;9904.0;0.0
yf_ADM_d5;57900;INTARIAN_PEPPER_ROOT;12537;18;12535;13;;;12544;13;12548;24;;;12540.5;0.0
yf_ADM_d5;58000;ASH_COATED_OSMIUM;9888;12;9884;27;;;9919;18;9922;22;;;9903.5;0.0
yf_ADM_d5;58000;INTARIAN_PEPPER_ROOT;12537;11;12534;32;;;12543;15;12547;24;;;12540.0;0.0
yf_ADM_d5;58100;ASH_COATED_OSMIUM;9901;15;9898;17;;;9907;17;9911;19;;;9904.0;0.0
yf_ADM_d5;58100;INTARIAN_PEPPER_ROOT;12533;13;12529;21;;;12548;22;12552;23;;;12540.5;0.0
yf_ADM_d5;58200;ASH_COATED_OSMIUM;9901;5;9897;20;;;9907;17;9909;12;;;9904.0;0.0
yf_ADM_d5;58200;INTARIAN_PEPPER_ROOT;12537;17;12533;11;;;12543;11;12547;15;;;12540.0;0.0
yf_ADM_d5;58300;ASH_COATED_OSMIUM;9902;18;9898;26;;;9908;17;9912;9;;;9905.0;0.0
yf_ADM_d5;58300;INTARIAN_PEPPER_ROOT;12537;25;12533;18;;;12543;11;12545;26;;;12540.0;0.0
yf_ADM_d5;58400;ASH_COATED_OSMIUM;9900;11;9897;24;;;9906;19;9908;14;;;9903.0;0.0
yf_ADM_d5;58400;INTARIAN_PEPPER_ROOT;12537;12;12533;11;;;12543;5;12547;22;;;12540.0;0.0
yf_ADM_d5;58500;ASH_COATED_OSMIUM;9899;17;9895;18;;;9908;6;9910;18;;;9903.5;0.0
yf_ADM_d5;58500;INTARIAN_PEPPER_ROOT;12536;17;12534;12;;;12545;12;12548;12;;;12540.5;0.0
yf_ADM_d5;58600;ASH_COATED_OSMIUM;9901;21;9899;18;;;9907;7;9909;21;;;9904.0;0.0
yf_ADM_d5;58600;INTARIAN_PEPPER_ROOT;12537;5;12535;24;;;12543;16;12545;22;;;12540.0;0.0
yf_ADM_d5;58700;ASH_COATED_OSMIUM;9900;12;9897;19;;;9906;13;9910;16;;;9903.0;0.0
yf_ADM_d5;58700;INTARIAN_PEPPER_ROOT;12533;15;12531;20;;;12547;13;12550;8;;;12540.0;0.0
yf_ADM_d5;58800;ASH_COATED_OSMIUM;9900;13;9896;25;;;9906;17;9910;16;;;9903.0;0.0
yf_ADM_d5;58800;INTARIAN_PEPPER_ROOT;12537;18;12534;19;;;12543;12;12547;25;;;12540.0;0.0
yf_ADM_d5;58900;ASH_COATED_OSMIUM;9897;14;9893;13;;;9910;14;9912;24;;;9903.5;0.0
yf_ADM_d5;58900;INTARIAN_PEPPER_ROOT;12526;11;12524;17;;;12554;17;12557;21;;;12540.0;0.0
yf_ADM_d5;59000;ASH_COATED_OSMIUM;9899;25;9896;20;;;9908;10;9910;20;;;9903.5;0.0
