day;timestamp;product;bid_price_1;bid_volume_1;bid_price_2;bid_volume_2;bid_price_3;bid_volume_3;ask_price_1;ask_volume_1;ask_price_2;ask_volume_2;ask_price_3;ask_volume_3;mid_price;profit_and_loss
yf_ZS=F_d11;0;ASH_COATED_OSMIUM;9903;17;9900;15;;;9909;19;9911;25;;;9906.0;0.0
yf_ZS=F_d11;0;INTARIAN_PEPPER_ROOT;9996;19;9993;17;;;10002;21;10005;26;;;9999.0;0.0
yf_ZS=F_d11;100;ASH_COATED_OSMIUM;9903;8;9901;16;;;9909;19;9913;22;;;9906.0;0.0
yf_ZS=F_d11;100;INTARIAN_PEPPER_ROOT;9999;9;9997;17;;;10005;16;10008;24;;;10002.0;0.0
yf_ZS=F_d11;200;ASH_COATED_OSMIUM;9902;16;9900;13;;;9909;7;9913;13;;;9905.5;0.0
yf_ZS=F_d11;200;INTARIAN_PEPPER_ROOT;10002;21;9998;21;;;10008;16;10012;24;;;10005.0;0.0
yf_ZS=F_d11;300;ASH_COATED_OSMIUM;9888;17;9885;13;;;9924;17;9927;13;;;9906.0;0.0
yf_ZS=F_d11;300;INTARIAN_PEPPER_ROOT;10002;11;10000;26;;;10015;10;10019;19;;;10008.5;0.0
yf_ZS=F_d11;400;ASH_COATED_OSMIUM;9902;19;9900;30;;;9909;12;9911;19;;;9905.5;0.0
yf_ZS=F_d11;400;INTARIAN_PEPPER_ROOT;10008;15;10004;29;;;10014;12;10017;20;;;10011.0;0.0
yf_ZS=F_d11;500;ASH_COATED_OSMIUM;9900;11;9897;12;;;9913;13;9916;12;;;9906.5;0.0
yf_ZS=F_d11;500;INTARIAN_PEPPER_ROOT;10007;13;10003;12;;;10022;5;10026;19;;;10014.5;0.0
yf_ZS=F_d11;600;ASH_COATED_OSMIUM;9902;17;9898;15;;;9911;18;9913;22;;;9906.5;0.0
yf_ZS=F_d11;600;INTARIAN_PEPPER_ROOT;10011;19;10007;23;;;10024;19;10028;19;;;10017.5;0.0
yf_ZS=F_d11;700;ASH_COATED_OSMIUM;9902;19;9899;25;;;9910;7;9914;13;;;9906.0;0.0
yf_ZS=F_d11;700;INTARIAN_PEPPER_ROOT;10018;18;10015;18;;;10024;15;10027;25;;;10021.0;0.0
yf_ZS=F_d11;800;ASH_COATED_OSMIUM;9900;8;9898;24;;;9913;24;9916;26;;;9906.5;0.0
yf_ZS=F_d11;800;INTARIAN_PEPPER_ROOT;10019;18;10015;19;;;10027;16;10031;15;;;10023.0;0.0
yf_ZS=F_d11;900;ASH_COATED_OSMIUM;9903;10;9900;20;;;9909;14;9911;22;;;9906.0;0.0
yf_ZS=F_d11;900;INTARIAN_PEPPER_ROOT;10019;13;10015;23;;;10036;24;10039;15;;;10027.5;0.0
yf_ZS=F_d11;1000;ASH_COATED_OSMIUM;9903;13;9901;21;;;9909;11;9913;23;;;9906.0;0.0
yf_ZS=F_d11;1000;INTARIAN_PEPPER_ROOT;10026;14;10023;13;;;10033;20;10037;21;;;10029.5;0.0
yf_ZS=F_d11;1100;ASH_COATED_OSMIUM;9903;14;9901;21;;;9909;9;9911;17;;;9906.0;0.0
yf_ZS=F_d11;1100;INTARIAN_PEPPER_ROOT;10030;24;10028;13;;;10036;12;10040;28;;;10033.0;0.0
yf_ZS=F_d11;1200;ASH_COATED_OSMIUM;9903;8;9900;22;;;9909;16;9912;13;;;9906.0;0.0
yf_ZS=F_d11;1200;INTARIAN_PEPPER_ROOT;10032;15;10030;19;;;10038;24;10041;19;;;10035.0;0.0
yf_ZS=F_d11;1300;ASH_COATED_OSMIUM;9903;16;9899;13;;;9909;10;9911;21;;;9906.0;0.0
yf_ZS=F_d11;1300;INTARIAN_PEPPER_ROOT;10031;16;10028;27;;;10046;20;10049;27;;;10038.5;0.0
yf_ZS=F_d11;1400;ASH_COATED_OSMIUM;9901;13;9899;17;;;9909;11;9911;18;;;9905.0;0.0
yf_ZS=F_d11;1400;INTARIAN_PEPPER_ROOT;10039;18;10035;19;;;10045;16;10049;34;;;10042.0;0.0
yf_ZS=F_d11;1500;ASH_COATED_OSMIUM;9903;18;9900;13;;;9909;14;9913;17;;;9906.0;0.0
yf_ZS=F_d11;1500;INTARIAN_PEPPER_ROOT;10041;12;10039;8;;;10047;10;10050;24;;;10044.0;0.0
yf_ZS=F_d11;1600;ASH_COATED_OSMIUM;9895;12;9891;16;;;9917;13;9919;17;;;9906.0;0.0
yf_ZS=F_d11;1600;INTARIAN_PEPPER_ROOT;10045;7;10042;13;;;10051;15;10053;14;;;10048.0;0.0
yf_ZS=F_d11;1700;ASH_COATED_OSMIUM;9902;11;9898;18;;;9910;10;9912;24;;;9906.0;0.0
yf_ZS=F_d11;1700;INTARIAN_PEPPER_ROOT;10048;8;10045;16;;;10054;18;10058;22;;;10051.0;0.0
yf_ZS=F_d11;1800;ASH_COATED_OSMIUM;9898;17;9896;26;;;9916;8;9919;20;;;9907.0;0.0
yf_ZS=F_d11;1800;INTARIAN_PEPPER_ROOT;10051;5;10048;15;;;10057;18;10060;29;;;10054.0;0.0
yf_ZS=F_d11;1900;ASH_COATED_OSMIUM;9901;16;9897;20;;;9912;23;9916;20;;;9906.5;0.0
yf_ZS=F_d11;1900;INTARIAN_PEPPER_ROOT;10048;25;10046;17;;;10065;13;10067;16;;;10056.5;0.0
yf_ZS=F_d11;2000;ASH_COATED_OSMIUM;9903;9;9899;21;;;9909;21;9911;16;;;9906.0;0.0
yf_ZS=F_d11;2000;INTARIAN_PEPPER_ROOT;10052;13;10050;15;;;10068;16;10071;28;;;10060.0;0.0
yf_ZS=F_d11;2100;ASH_COATED_OSMIUM;9900;21;9896;19;;;9912;17;9914;33;;;9906.0;0.0
yf_ZS=F_d11;2100;INTARIAN_PEPPER_ROOT;10055;17;10051;20;;;10071;19;10073;25;;;10063.0;0.0
yf_ZS=F_d11;2200;ASH_COATED_OSMIUM;9903;14;9899;23;;;9909;9;9911;16;;;9906.0;0.0
yf_ZS=F_d11;2200;INTARIAN_PEPPER_ROOT;10064;6;10060;25;;;10070;10;10073;24;;;10067.0;0.0
yf_ZS=F_d11;2300;ASH_COATED_OSMIUM;9903;18;9899;17;;;9909;9;9911;17;;;9906.0;0.0
yf_ZS=F_d11;2300;INTARIAN_PEPPER_ROOT;10066;17;10063;17;;;10072;12;10075;23;;;10069.0;0.0
yf_ZS=F_d11;2400;ASH_COATED_OSMIUM;9903;19;9900;21;;;9909;15;9911;13;;;9906.0;0.0
yf_ZS=F_d11;2400;INTARIAN_PEPPER_ROOT;10069;14;10066;16;;;10075;13;10077;18;;;10072.0;0.0
yf_ZS=F_d11;2500;ASH_COATED_OSMIUM;9902;21;9899;18;;;9908;11;9911;8;;;9905.0;0.0
yf_ZS=F_d11;2500;INTARIAN_PEPPER_ROOT;10072;13;10069;14;;;10078;11;10081;13;;;10075.0;0.0
yf_ZS=F_d11;2600;ASH_COATED_OSMIUM;9904;7;9902;10;;;9910;5;9913;16;;;9907.0;0.0
yf_ZS=F_d11;2600;INTARIAN_PEPPER_ROOT;10075;19;10071;15;;;10081;10;10084;20;;;10078.0;0.0
yf_ZS=F_d11;2700;ASH_COATED_OSMIUM;9903;11;9901;19;;;9909;16;9913;15;;;9906.0;0.0
yf_ZS=F_d11;2700;INTARIAN_PEPPER_ROOT;10078;11;10074;21;;;10084;17;10087;22;;;10081.0;0.0
yf_ZS=F_d11;2800;ASH_COATED_OSMIUM;9904;16;9902;22;;;9910;13;9914;25;;;9907.0;0.0
yf_ZS=F_d11;2800;INTARIAN_PEPPER_ROOT;10082;24;10078;23;;;10088;16;10090;19;;;10085.0;0.0
yf_ZS=F_d11;2900;ASH_COATED_OSMIUM;9900;12;9898;21;;;9913;14;9915;16;;;9906.5;0.0
yf_ZS=F_d11;2900;INTARIAN_PEPPER_ROOT;10084;19;10081;19;;;10090;11;10093;17;;;10087.0;0.0
yf_ZS=F_d11;3000;ASH_COATED_OSMIUM;9904;26;9900;24;;;9910;11;9914;18;;;9907.0;0.0
yf_ZS=F_d11;3000;INTARIAN_PEPPER_ROOT;10087;14;10083;25;;;10093;14;10096;17;;;10090.0;0.0
yf_ZS=F_d11;3100;ASH_COATED_OSMIUM;9901;26;9898;20;;;9911;9;9915;21;;;9906.0;0.0
yf_ZS=F_d11;3100;INTARIAN_PEPPER_ROOT;10090;11;10088;18;;;10096;23;10099;21;;;10093.0;0.0
yf_ZS=F_d11;3200;ASH_COATED_OSMIUM;9901;9;9897;19;;;9911;13;9915;13;;;9906.0;0.0
yf_ZS=F_d11;3200;INTARIAN_PEPPER_ROOT;10094;20;10090;22;;;10100;25;10104;32;;;10097.0;0.0
yf_ZS=F_d11;3300;ASH_COATED_OSMIUM;9903;18;9900;21;;;9909;16;9913;27;;;9906.0;0.0
yf_ZS=F_d11;3300;INTARIAN_PEPPER_ROOT;10094;14;10092;24;;;10104;11;10107;8;;;10099.0;0.0
yf_ZS=F_d11;3400;ASH_COATED_OSMIUM;9903;9;9901;20;;;9909;9;9911;21;;;9906.0;0.0
yf_ZS=F_d11;3400;INTARIAN_PEPPER_ROOT;10100;9;10096;20;;;10106;17;10110;24;;;10103.0;0.0
yf_ZS=F_d11;3500;ASH_COATED_OSMIUM;9903;16;9900;16;;;9909;18;9912;14;;;9906.0;0.0
yf_ZS=F_d11;3500;INTARIAN_PEPPER_ROOT;10095;20;10091;17;;;10115;9;10118;17;;;10105.0;0.0
yf_ZS=F_d11;3600;ASH_COATED_OSMIUM;9903;25;9899;22;;;9909;7;9913;14;;;9906.0;0.0
yf_ZS=F_d11;3600;INTARIAN_PEPPER_ROOT;10105;13;10102;19;;;10111;11;10114;17;;;10108.0;0.0
yf_ZS=F_d11;3700;ASH_COATED_OSMIUM;9895;12;9893;13;;;9917;15;9919;17;;;9906.0;0.0
yf_ZS=F_d11;3700;INTARIAN_PEPPER_ROOT;10107;13;10105;21;;;10115;16;10117;17;;;10111.0;0.0
yf_ZS=F_d11;3800;ASH_COATED_OSMIUM;9900;15;9896;19;;;9911;8;9913;14;;;9905.5;0.0
yf_ZS=F_d11;3800;INTARIAN_PEPPER_ROOT;10103;15;10100;19;;;10125;16;10129;16;;;10114.0;0.0
yf_ZS=F_d11;3900;ASH_COATED_OSMIUM;9902;12;9900;20;;;9911;10;9914;18;;;9906.5;0.0
yf_ZS=F_d11;3900;INTARIAN_PEPPER_ROOT;10114;17;10111;24;;;10121;15;10125;23;;;10117.5;0.0
yf_ZS=F_d11;4000;ASH_COATED_OSMIUM;9903;15;9899;20;;;9909;12;9911;22;;;9906.0;0.0
yf_ZS=F_d11;4000;INTARIAN_PEPPER_ROOT;10118;15;10116;14;;;10124;19;10128;20;;;10121.0;0.0
yf_ZS=F_d11;4100;ASH_COATED_OSMIUM;9900;11;9897;24;;;9912;12;9915;21;;;9906.0;0.0
yf_ZS=F_d11;4100;INTARIAN_PEPPER_ROOT;10121;15;10118;18;;;10127;14;10130;23;;;10124.0;0.0
yf_ZS=F_d11;4200;ASH_COATED_OSMIUM;9885;18;9881;17;;;9928;7;9931;10;;;9906.5;0.0
yf_ZS=F_d11;4200;INTARIAN_PEPPER_ROOT;10118;18;10116;19;;;10135;16;10138;27;;;10126.5;0.0
yf_ZS=F_d11;4300;ASH_COATED_OSMIUM;9903;16;9900;24;;;9909;21;9912;16;;;9906.0;0.0
yf_ZS=F_d11;4300;INTARIAN_PEPPER_ROOT;10127;23;10124;17;;;10133;5;10136;20;;;10130.0;0.0
yf_ZS=F_d11;4400;ASH_COATED_OSMIUM;9897;16;9893;12;;;9914;16;9916;29;;;9905.5;0.0
yf_ZS=F_d11;4400;INTARIAN_PEPPER_ROOT;10129;5;10127;14;;;10136;13;10140;19;;;10132.5;0.0
yf_ZS=F_d11;4500;ASH_COATED_OSMIUM;9897;8;9895;35;;;9914;9;9916;27;;;9905.5;0.0
yf_ZS=F_d11;4500;INTARIAN_PEPPER_ROOT;10132;19;10130;15;;;10138;25;10142;20;;;10135.0;0.0
yf_ZS=F_d11;4600;ASH_COATED_OSMIUM;9903;16;9899;16;;;9909;13;9913;21;;;9906.0;0.0
yf_ZS=F_d11;4600;INTARIAN_PEPPER_ROOT;10130;12;10126;19;;;10148;13;10150;20;;;10139.0;0.0
yf_ZS=F_d11;4700;ASH_COATED_OSMIUM;9904;20;9901;17;;;9910;18;9913;28;;;9907.0;0.0
yf_ZS=F_d11;4700;INTARIAN_PEPPER_ROOT;10138;15;10134;17;;;10145;22;10147;28;;;10141.5;0.0
yf_ZS=F_d11;4800;ASH_COATED_OSMIUM;9902;15;9900;15;;;9909;10;9913;23;;;9905.5;0.0
yf_ZS=F_d11;4800;INTARIAN_PEPPER_ROOT;10133;11;10129;15;;;10157;12;10160;25;;;10145.0;0.0
yf_ZS=F_d11;4900;ASH_COATED_OSMIUM;9903;10;9901;17;;;9909;14;9911;24;;;9906.0;0.0
yf_ZS=F_d11;4900;INTARIAN_PEPPER_ROOT;10145;14;10142;24;;;10151;7;10154;20;;;10148.0;0.0
yf_ZS=F_d11;5000;ASH_COATED_OSMIUM;9903;11;9901;17;;;9909;11;9911;26;;;9906.0;0.0
yf_ZS=F_d11;5000;INTARIAN_PEPPER_ROOT;10148;16;10146;22;;;10154;16;10158;27;;;10151.0;0.0
yf_ZS=F_d11;5100;ASH_COATED_OSMIUM;9902;15;9899;20;;;9908;13;9910;29;;;9905.0;0.0
yf_ZS=F_d11;5100;INTARIAN_PEPPER_ROOT;10151;8;10147;27;;;10157;10;10161;20;;;10154.0;0.0
yf_ZS=F_d11;5200;ASH_COATED_OSMIUM;9902;16;9900;19;;;9910;16;9914;15;;;9906.0;0.0
yf_ZS=F_d11;5200;INTARIAN_PEPPER_ROOT;10154;13;10151;21;;;10160;10;10164;22;;;10157.0;0.0
yf_ZS=F_d11;5300;ASH_COATED_OSMIUM;9903;13;9900;19;;;9909;16;9911;19;;;9906.0;0.0
yf_ZS=F_d11;5300;INTARIAN_PEPPER_ROOT;10157;16;10155;18;;;10163;27;10166;18;;;10160.0;0.0
yf_ZS=F_d11;5400;ASH_COATED_OSMIUM;9898;19;9896;8;;;9912;15;9916;16;;;9905.0;0.0
yf_ZS=F_d11;5400;INTARIAN_PEPPER_ROOT;10160;16;10158;14;;;10166;11;10169;13;;;10163.0;0.0
yf_ZS=F_d11;5500;ASH_COATED_OSMIUM;9903;11;9900;23;;;9910;5;9912;23;;;9906.5;0.0
yf_ZS=F_d11;5500;INTARIAN_PEPPER_ROOT;10158;18;10154;24;;;10176;11;10178;21;;;10167.0;0.0
yf_ZS=F_d11;5600;ASH_COATED_OSMIUM;9899;11;9896;24;;;9914;21;9917;28;;;9906.5;0.0
yf_ZS=F_d11;5600;INTARIAN_PEPPER_ROOT;10165;9;10161;18;;;10172;8;10175;25;;;10168.5;0.0
yf_ZS=F_d11;5700;ASH_COATED_OSMIUM;9890;12;9887;10;;;9922;20;9924;19;;;9906.0;0.0
yf_ZS=F_d11;5700;INTARIAN_PEPPER_ROOT;10169;13;10167;17;;;10175;10;10179;14;;;10172.0;0.0
yf_ZS=F_d11;5800;ASH_COATED_OSMIUM;9886;20;9883;22;;;9925;24;9929;20;;;9905.5;0.0
yf_ZS=F_d11;5800;INTARIAN_PEPPER_ROOT;10170;9;10167;22;;;10180;13;10183;20;;;10175.0;0.0
yf_ZS=F_d11;5900;ASH_COATED_OSMIUM;9903;14;9901;17;;;9909;5;9911;12;;;9906.0;0.0
yf_ZS=F_d11;5900;INTARIAN_PEPPER_ROOT;10175;23;10173;21;;;10181;21;10184;11;;;10178.0;0.0
yf_ZS=F_d11;6000;ASH_COATED_OSMIUM;9903;19;9899;14;;;9909;6;9913;24;;;9906.0;0.0
yf_ZS=F_d11;6000;INTARIAN_PEPPER_ROOT;10178;19;10174;26;;;10184;13;10186;18;;;10181.0;0.0
yf_ZS=F_d11;6100;ASH_COATED_OSMIUM;9903;13;9900;17;;;9910;19;9913;13;;;9906.5;0.0
yf_ZS=F_d11;6100;INTARIAN_PEPPER_ROOT;10181;13;10177;20;;;10189;8;10192;22;;;10185.0;0.0
yf_ZS=F_d11;6200;ASH_COATED_OSMIUM;9903;14;9899;19;;;9909;12;9913;18;;;9906.0;0.0
yf_ZS=F_d11;6200;INTARIAN_PEPPER_ROOT;10184;15;10181;20;;;10190;22;10193;22;;;10187.0;0.0
yf_ZS=F_d11;6300;ASH_COATED_OSMIUM;9903;14;9899;24;;;9909;17;9913;26;;;9906.0;0.0
yf_ZS=F_d11;6300;INTARIAN_PEPPER_ROOT;10187;10;10184;14;;;10193;14;10195;17;;;10190.0;0.0
yf_ZS=F_d11;6400;ASH_COATED_OSMIUM;9898;12;9894;23;;;9915;21;9918;16;;;9906.5;0.0
yf_ZS=F_d11;6400;INTARIAN_PEPPER_ROOT;10190;14;10188;29;;;10196;9;10200;15;;;10193.0;0.0
yf_ZS=F_d11;6500;ASH_COATED_OSMIUM;9903;19;9900;17;;;9909;19;9913;18;;;9906.0;0.0
yf_ZS=F_d11;6500;INTARIAN_PEPPER_ROOT;10193;14;10189;21;;;10199;14;10202;19;;;10196.0;0.0
yf_ZS=F_d11;6600;ASH_COATED_OSMIUM;9903;14;9900;16;;;9909;13;9911;11;;;9906.0;0.0
yf_ZS=F_d11;6600;INTARIAN_PEPPER_ROOT;10197;13;10193;13;;;10203;16;10206;16;;;10200.0;0.0
yf_ZS=F_d11;6700;ASH_COATED_OSMIUM;9903;13;9899;23;;;9909;20;9912;15;;;9906.0;0.0
yf_ZS=F_d11;6700;INTARIAN_PEPPER_ROOT;10200;14;10196;10;;;10206;17;10209;23;;;10203.0;0.0
yf_ZS=F_d11;6800;ASH_COATED_OSMIUM;9903;11;9899;26;;;9909;21;9911;25;;;9906.0;0.0
yf_ZS=F_d11;6800;INTARIAN_PEPPER_ROOT;10201;8;10198;17;;;10209;8;10213;18;;;10205.0;0.0
yf_ZS=F_d11;6900;ASH_COATED_OSMIUM;9903;22;9899;18;;;9909;18;9912;23;;;9906.0;0.0
yf_ZS=F_d11;6900;INTARIAN_PEPPER_ROOT;10205;11;10201;17;;;10211;13;10215;24;;;10208.0;0.0
yf_ZS=F_d11;7000;ASH_COATED_OSMIUM;9903;13;9899;23;;;9909;15;9911;22;;;9906.0;0.0
yf_ZS=F_d11;7000;INTARIAN_PEPPER_ROOT;10203;14;10200;28;;;10220;15;10222;22;;;10211.5;0.0
yf_ZS=F_d11;7100;ASH_COATED_OSMIUM;9894;15;9891;15;;;9917;6;9920;24;;;9905.5;0.0
yf_ZS=F_d11;7100;INTARIAN_PEPPER_ROOT;10209;12;10207;18;;;10221;16;10225;25;;;10215.0;0.0
yf_ZS=F_d11;7200;ASH_COATED_OSMIUM;9887;11;9885;14;;;9924;18;9926;16;;;9905.5;0.0
yf_ZS=F_d11;7200;INTARIAN_PEPPER_ROOT;10207;25;10204;27;;;10227;15;10229;20;;;10217.0;0.0
yf_ZS=F_d11;7300;ASH_COATED_OSMIUM;9903;21;9899;19;;;9909;15;9912;19;;;9906.0;0.0
yf_ZS=F_d11;7300;INTARIAN_PEPPER_ROOT;10216;10;10212;19;;;10226;15;10229;12;;;10221.0;0.0
yf_ZS=F_d11;7400;ASH_COATED_OSMIUM;9903;8;9900;16;;;9909;11;9912;12;;;9906.0;0.0
yf_ZS=F_d11;7400;INTARIAN_PEPPER_ROOT;10219;7;10215;26;;;10228;18;10231;26;;;10223.5;0.0
yf_ZS=F_d11;7500;ASH_COATED_OSMIUM;9903;24;9900;19;;;9909;13;9911;22;;;9906.0;0.0
yf_ZS=F_d11;7500;INTARIAN_PEPPER_ROOT;10221;9;10218;19;;;10233;12;10236;20;;;10227.0;0.0
yf_ZS=F_d11;7600;ASH_COATED_OSMIUM;9903;17;9900;13;;;9909;16;9913;13;;;9906.0;0.0
yf_ZS=F_d11;7600;INTARIAN_PEPPER_ROOT;10226;17;10223;26;;;10232;7;10235;20;;;10229.0;0.0
yf_ZS=F_d11;7700;ASH_COATED_OSMIUM;9902;20;9899;17;;;9908;12;9912;21;;;9905.0;0.0
yf_ZS=F_d11;7700;INTARIAN_PEPPER_ROOT;10230;5;10228;21;;;10236;21;10240;22;;;10233.0;0.0
yf_ZS=F_d11;7800;ASH_COATED_OSMIUM;9900;12;9898;17;;;9910;18;9914;26;;;9905.0;0.0
yf_ZS=F_d11;7800;INTARIAN_PEPPER_ROOT;10231;22;10227;9;;;10240;23;10243;21;;;10235.5;0.0
yf_ZS=F_d11;7900;ASH_COATED_OSMIUM;9903;20;9901;24;;;9909;8;9911;21;;;9906.0;0.0
yf_ZS=F_d11;7900;INTARIAN_PEPPER_ROOT;10233;6;10229;16;;;10246;18;10248;23;;;10239.5;0.0
yf_ZS=F_d11;8000;ASH_COATED_OSMIUM;9903;21;9899;24;;;9909;13;9912;23;;;9906.0;0.0
yf_ZS=F_d11;8000;INTARIAN_PEPPER_ROOT;10239;10;10236;14;;;10245;13;10248;20;;;10242.0;0.0
yf_ZS=F_d11;8100;ASH_COATED_OSMIUM;9902;15;9898;22;;;9911;8;9913;23;;;9906.5;0.0
yf_ZS=F_d11;8100;INTARIAN_PEPPER_ROOT;10242;14;10238;25;;;10248;18;10251;13;;;10245.0;0.0
yf_ZS=F_d11;8200;ASH_COATED_OSMIUM;9899;20;9895;19;;;9912;16;9916;24;;;9905.5;0.0
yf_ZS=F_d11;8200;INTARIAN_PEPPER_ROOT;10242;11;10239;16;;;10253;21;10255;25;;;10247.5;0.0
yf_ZS=F_d11;8300;ASH_COATED_OSMIUM;9903;9;9899;16;;;9909;7;9911;23;;;9906.0;0.0
yf_ZS=F_d11;8300;INTARIAN_PEPPER_ROOT;10248;22;10244;16;;;10254;15;10258;17;;;10251.0;0.0
yf_ZS=F_d11;8400;ASH_COATED_OSMIUM;9903;16;9900;21;;;9909;12;9913;23;;;9906.0;0.0
yf_ZS=F_d11;8400;INTARIAN_PEPPER_ROOT;10251;16;10248;18;;;10257;5;10261;13;;;10254.0;0.0
yf_ZS=F_d11;8500;ASH_COATED_OSMIUM;9903;11;9899;18;;;9909;8;9912;21;;;9906.0;0.0
yf_ZS=F_d11;8500;INTARIAN_PEPPER_ROOT;10254;20;10251;25;;;10260;11;10263;22;;;10257.0;0.0
yf_ZS=F_d11;8600;ASH_COATED_OSMIUM;9903;8;9901;24;;;9909;19;9911;25;;;9906.0;0.0
yf_ZS=F_d11;8600;INTARIAN_PEPPER_ROOT;10258;19;10255;16;;;10264;8;10266;23;;;10261.0;0.0
yf_ZS=F_d11;8700;ASH_COATED_OSMIUM;9902;11;9899;19;;;9910;11;9913;15;;;9906.0;0.0
yf_ZS=F_d11;8700;INTARIAN_PEPPER_ROOT;10260;12;10256;25;;;10266;6;10269;26;;;10263.0;0.0
yf_ZS=F_d11;8800;ASH_COATED_OSMIUM;9885;14;9883;26;;;9927;10;9931;28;;;9906.0;0.0
yf_ZS=F_d11;8800;INTARIAN_PEPPER_ROOT;10263;11;10259;17;;;10269;7;10272;25;;;10266.0;0.0
yf_ZS=F_d11;8900;ASH_COATED_OSMIUM;9903;11;9900;24;;;9909;15;9913;21;;;9906.0;0.0
yf_ZS=F_d11;8900;INTARIAN_PEPPER_ROOT;10266;22;10263;16;;;10272;14;10276;14;;;10269.0;0.0
yf_ZS=F_d11;9000;ASH_COATED_OSMIUM;9899;17;9897;24;;;9913;20;9915;11;;;9906.0;0.0
yf_ZS=F_d11;9000;INTARIAN_PEPPER_ROOT;10261;11;10258;30;;;10284;23;10287;11;;;10272.5;0.0
yf_ZS=F_d11;9100;ASH_COATED_OSMIUM;9903;14;9899;16;;;9909;14;9911;17;;;9906.0;0.0
yf_ZS=F_d11;9100;INTARIAN_PEPPER_ROOT;10273;20;10271;28;;;10279;12;10282;22;;;10276.0;0.0
yf_ZS=F_d11;9200;ASH_COATED_OSMIUM;9903;21;9901;15;;;9909;21;9912;10;;;9906.0;0.0
yf_ZS=F_d11;9200;INTARIAN_PEPPER_ROOT;10272;13;10268;20;;;10284;12;10287;18;;;10278.0;0.0
yf_ZS=F_d11;9300;ASH_COATED_OSMIUM;9903;16;9900;18;;;9909;7;9911;26;;;9906.0;0.0
yf_ZS=F_d11;9300;INTARIAN_PEPPER_ROOT;10278;17;10274;26;;;10284;18;10287;22;;;10281.0;0.0
yf_ZS=F_d11;9400;ASH_COATED_OSMIUM;9903;18;9901;21;;;9909;14;9913;18;;;9906.0;0.0
yf_ZS=F_d11;9400;INTARIAN_PEPPER_ROOT;10281;9;10279;21;;;10287;14;10290;19;;;10284.0;0.0
yf_ZS=F_d11;9500;ASH_COATED_OSMIUM;9903;20;9901;22;;;9909;7;9913;26;;;9906.0;0.0
yf_ZS=F_d11;9500;INTARIAN_PEPPER_ROOT;10284;16;10280;16;;;10292;6;10294;14;;;10288.0;0.0
yf_ZS=F_d11;9600;ASH_COATED_OSMIUM;9902;14;9900;22;;;9910;15;9912;15;;;9906.0;0.0
yf_ZS=F_d11;9600;INTARIAN_PEPPER_ROOT;10287;18;10284;9;;;10293;5;10297;12;;;10290.0;0.0
yf_ZS=F_d11;9700;ASH_COATED_OSMIUM;9903;22;9900;27;;;9909;18;9913;21;;;9906.0;0.0
yf_ZS=F_d11;9700;INTARIAN_PEPPER_ROOT;10289;19;10286;19;;;10296;10;10300;18;;;10292.5;0.0
yf_ZS=F_d11;9800;ASH_COATED_OSMIUM;9901;27;9897;26;;;9911;17;9915;21;;;9906.0;0.0
yf_ZS=F_d11;9800;INTARIAN_PEPPER_ROOT;10285;8;10281;21;;;10307;9;10311;20;;;10296.0;0.0
yf_ZS=F_d11;9900;ASH_COATED_OSMIUM;9903;10;9901;20;;;9909;8;9912;23;;;9906.0;0.0
yf_ZS=F_d11;9900;INTARIAN_PEPPER_ROOT;10297;12;10295;24;;;10303;16;10307;28;;;10300.0;0.0
yf_ZS=F_d11;10000;ASH_COATED_OSMIUM;9903;15;9900;14;;;9909;12;9911;16;;;9906.0;0.0
yf_ZS=F_d11;10000;INTARIAN_PEPPER_ROOT;10297;13;10294;20;;;10308;20;10310;13;;;10302.5;0.0
yf_ZS=F_d11;10100;ASH_COATED_OSMIUM;9902;12;9900;22;;;9908;21;9910;20;;;9905.0;0.0
yf_ZS=F_d11;10100;INTARIAN_PEPPER_ROOT;10302;12;10299;16;;;10308;12;10311;25;;;10305.0;0.0
yf_ZS=F_d11;10200;ASH_COATED_OSMIUM;9903;21;9900;15;;;9909;18;9913;24;;;9906.0;0.0
yf_ZS=F_d11;10200;INTARIAN_PEPPER_ROOT;10301;8;10298;22;;;10316;10;10320;19;;;10308.5;0.0
yf_ZS=F_d11;10300;ASH_COATED_OSMIUM;9903;14;9900;24;;;9909;23;9913;23;;;9906.0;0.0
yf_ZS=F_d11;10300;INTARIAN_PEPPER_ROOT;10308;9;10304;16;;;10314;12;10318;26;;;10311.0;0.0
yf_ZS=F_d11;10400;ASH_COATED_OSMIUM;9903;8;9901;21;;;9909;14;9912;26;;;9906.0;0.0
yf_ZS=F_d11;10400;INTARIAN_PEPPER_ROOT;10311;5;10307;31;;;10317;15;10320;21;;;10314.0;0.0
yf_ZS=F_d11;10500;ASH_COATED_OSMIUM;9897;17;9895;19;;;9914;16;9917;25;;;9905.5;0.0
yf_ZS=F_d11;10500;INTARIAN_PEPPER_ROOT;10315;16;10313;26;;;10321;19;10325;27;;;10318.0;0.0
yf_ZS=F_d11;10600;ASH_COATED_OSMIUM;9900;15;9898;22;;;9913;16;9916;12;;;9906.5;0.0
yf_ZS=F_d11;10600;INTARIAN_PEPPER_ROOT;10317;18;10313;25;;;10323;19;10327;11;;;10320.0;0.0
yf_ZS=F_d11;10700;ASH_COATED_OSMIUM;9902;6;9898;14;;;9908;15;9911;15;;;9905.0;0.0
yf_ZS=F_d11;10700;INTARIAN_PEPPER_ROOT;10321;13;10319;23;;;10327;13;10330;20;;;10324.0;0.0
yf_ZS=F_d11;10800;ASH_COATED_OSMIUM;9902;9;9900;28;;;9910;19;9914;16;;;9906.0;0.0
yf_ZS=F_d11;10800;INTARIAN_PEPPER_ROOT;10323;8;10320;16;;;10329;13;10332;25;;;10326.0;0.0
yf_ZS=F_d11;10900;ASH_COATED_OSMIUM;9903;16;9899;21;;;9909;21;9911;18;;;9906.0;0.0
yf_ZS=F_d11;10900;INTARIAN_PEPPER_ROOT;10327;17;10324;13;;;10333;8;10336;20;;;10330.0;0.0
yf_ZS=F_d11;11000;ASH_COATED_OSMIUM;9903;16;9899;18;;;9909;26;9912;11;;;9906.0;0.0
yf_ZS=F_d11;11000;INTARIAN_PEPPER_ROOT;10329;15;10325;20;;;10335;13;10338;13;;;10332.0;0.0
yf_ZS=F_d11;11100;ASH_COATED_OSMIUM;9903;7;9899;27;;;9909;9;9911;19;;;9906.0;0.0
yf_ZS=F_d11;11100;INTARIAN_PEPPER_ROOT;10333;13;10330;19;;;10339;8;10341;13;;;10336.0;0.0
yf_ZS=F_d11;11200;ASH_COATED_OSMIUM;9903;16;9900;16;;;9909;21;9913;22;;;9906.0;0.0
yf_ZS=F_d11;11200;INTARIAN_PEPPER_ROOT;10330;14;10328;9;;;10346;12;10348;23;;;10338.0;0.0
yf_ZS=F_d11;11300;ASH_COATED_OSMIUM;9903;17;9899;19;;;9909;13;9912;18;;;9906.0;0.0
yf_ZS=F_d11;11300;INTARIAN_PEPPER_ROOT;10332;10;10330;22;;;10350;24;10353;13;;;10341.0;0.0
yf_ZS=F_d11;11400;ASH_COATED_OSMIUM;9898;15;9896;20;;;9914;12;9916;15;;;9906.0;0.0
yf_ZS=F_d11;11400;INTARIAN_PEPPER_ROOT;10338;12;10335;13;;;10350;10;10354;28;;;10344.0;0.0
yf_ZS=F_d11;11500;ASH_COATED_OSMIUM;9898;14;9896;22;;;9913;19;9916;22;;;9905.5;0.0
yf_ZS=F_d11;11500;INTARIAN_PEPPER_ROOT;10344;15;10341;18;;;10351;16;10353;15;;;10347.5;0.0
yf_ZS=F_d11;11600;ASH_COATED_OSMIUM;9902;16;9898;15;;;9909;20;9912;26;;;9905.5;0.0
yf_ZS=F_d11;11600;INTARIAN_PEPPER_ROOT;10338;10;10334;22;;;10363;16;10365;9;;;10350.5;0.0
yf_ZS=F_d11;11700;ASH_COATED_OSMIUM;9902;11;9899;17;;;9909;9;9913;12;;;9905.5;0.0
yf_ZS=F_d11;11700;INTARIAN_PEPPER_ROOT;10351;15;10348;13;;;10358;12;10361;10;;;10354.5;0.0
yf_ZS=F_d11;11800;ASH_COATED_OSMIUM;9901;15;9898;14;;;9910;12;9914;16;;;9905.5;0.0
yf_ZS=F_d11;11800;INTARIAN_PEPPER_ROOT;10351;25;10347;14;;;10362;12;10366;17;;;10356.5;0.0
yf_ZS=F_d11;11900;ASH_COATED_OSMIUM;9897;8;9893;17;;;9914;10;9918;30;;;9905.5;0.0
yf_ZS=F_d11;11900;INTARIAN_PEPPER_ROOT;10357;12;10353;18;;;10363;16;10367;8;;;10360.0;0.0
yf_ZS=F_d11;12000;ASH_COATED_OSMIUM;9902;15;9899;17;;;9908;15;9910;13;;;9905.0;0.0
yf_ZS=F_d11;12000;INTARIAN_PEPPER_ROOT;10359;18;10357;12;;;10365;21;10369;18;;;10362.0;0.0
yf_ZS=F_d11;12100;ASH_COATED_OSMIUM;9902;13;9900;25;;;9909;13;9913;24;;;9905.5;0.0
yf_ZS=F_d11;12100;INTARIAN_PEPPER_ROOT;10363;13;10361;29;;;10369;17;10373;19;;;10366.0;0.0
yf_ZS=F_d11;12200;ASH_COATED_OSMIUM;9903;12;9899;27;;;9909;19;9912;28;;;9906.0;0.0
yf_ZS=F_d11;12200;INTARIAN_PEPPER_ROOT;10366;23;10363;17;;;10372;19;10375;22;;;10369.0;0.0
yf_ZS=F_d11;12300;ASH_COATED_OSMIUM;9903;5;9899;24;;;9909;16;9911;20;;;9906.0;0.0
yf_ZS=F_d11;12300;INTARIAN_PEPPER_ROOT;10369;7;10366;18;;;10375;10;10377;23;;;10372.0;0.0
yf_ZS=F_d11;12400;ASH_COATED_OSMIUM;9902;14;9899;18;;;9910;24;9914;22;;;9906.0;0.0
yf_ZS=F_d11;12400;INTARIAN_PEPPER_ROOT;10366;16;10363;22;;;10383;16;10387;24;;;10374.5;0.0
yf_ZS=F_d11;12500;ASH_COATED_OSMIUM;9903;19;9899;14;;;9909;19;9913;26;;;9906.0;0.0
yf_ZS=F_d11;12500;INTARIAN_PEPPER_ROOT;10375;21;10371;13;;;10381;18;10384;28;;;10378.0;0.0
yf_ZS=F_d11;12600;ASH_COATED_OSMIUM;9904;13;9902;25;;;9910;6;9913;18;;;9907.0;0.0
yf_ZS=F_d11;12600;INTARIAN_PEPPER_ROOT;10378;13;10375;12;;;10384;8;10388;13;;;10381.0;0.0
yf_ZS=F_d11;12700;ASH_COATED_OSMIUM;9903;20;9900;25;;;9909;15;9912;18;;;9906.0;0.0
yf_ZS=F_d11;12700;INTARIAN_PEPPER_ROOT;10381;11;10379;22;;;10387;9;10389;8;;;10384.0;0.0
yf_ZS=F_d11;12800;ASH_COATED_OSMIUM;9902;9;9898;18;;;9910;12;9914;20;;;9906.0;0.0
yf_ZS=F_d11;12800;INTARIAN_PEPPER_ROOT;10383;7;10381;17;;;10391;15;10394;8;;;10387.0;0.0
yf_ZS=F_d11;12900;ASH_COATED_OSMIUM;9898;13;9896;12;;;9914;15;9916;19;;;9906.0;0.0
yf_ZS=F_d11;12900;INTARIAN_PEPPER_ROOT;10385;18;10382;21;;;10394;5;10397;13;;;10389.5;0.0
yf_ZS=F_d11;13000;ASH_COATED_OSMIUM;9902;11;9900;19;;;9908;12;9910;19;;;9905.0;0.0
yf_ZS=F_d11;13000;INTARIAN_PEPPER_ROOT;10390;15;10387;23;;;10396;14;10399;20;;;10393.0;0.0
yf_ZS=F_d11;13100;ASH_COATED_OSMIUM;9903;13;9900;8;;;9909;17;9913;18;;;9906.0;0.0
yf_ZS=F_d11;13100;INTARIAN_PEPPER_ROOT;10391;13;10387;20;;;10403;9;10407;13;;;10397.0;0.0
yf_ZS=F_d11;13200;ASH_COATED_OSMIUM;9903;14;9901;21;;;9909;15;9912;17;;;9906.0;0.0
yf_ZS=F_d11;13200;INTARIAN_PEPPER_ROOT;10391;12;10389;15;;;10406;22;10409;11;;;10398.5;0.0
yf_ZS=F_d11;13300;ASH_COATED_OSMIUM;9902;15;9899;17;;;9910;20;9912;28;;;9906.0;0.0
yf_ZS=F_d11;13300;INTARIAN_PEPPER_ROOT;10399;21;10395;20;;;10405;12;10408;13;;;10402.0;0.0
yf_ZS=F_d11;13400;ASH_COATED_OSMIUM;9903;11;9899;9;;;9909;11;9911;25;;;9906.0;0.0
yf_ZS=F_d11;13400;INTARIAN_PEPPER_ROOT;10401;14;10399;23;;;10410;13;10414;24;;;10405.5;0.0
yf_ZS=F_d11;13500;ASH_COATED_OSMIUM;9903;17;9899;26;;;9909;16;9913;16;;;9906.0;0.0
yf_ZS=F_d11;13500;INTARIAN_PEPPER_ROOT;10403;18;10399;23;;;10413;5;10417;19;;;10408.0;0.0
yf_ZS=F_d11;13600;ASH_COATED_OSMIUM;9902;8;9899;25;;;9910;12;9912;21;;;9906.0;0.0
yf_ZS=F_d11;13600;INTARIAN_PEPPER_ROOT;10408;11;10405;20;;;10414;18;10416;16;;;10411.0;0.0
yf_ZS=F_d11;13700;ASH_COATED_OSMIUM;9899;9;9896;10;;;9913;7;9917;14;;;9906.0;0.0
yf_ZS=F_d11;13700;INTARIAN_PEPPER_ROOT;10412;15;10408;21;;;10418;16;10421;16;;;10415.0;0.0
yf_ZS=F_d11;13800;ASH_COATED_OSMIUM;9903;13;9901;14;;;9909;10;9912;15;;;9906.0;0.0
yf_ZS=F_d11;13800;INTARIAN_PEPPER_ROOT;10414;20;10412;31;;;10420;9;10422;29;;;10417.0;0.0
yf_ZS=F_d11;13900;ASH_COATED_OSMIUM;9902;12;9898;23;;;9908;9;9910;11;;;9905.0;0.0
yf_ZS=F_d11;13900;INTARIAN_PEPPER_ROOT;10415;13;10413;22;;;10425;21;10429;24;;;10420.0;0.0
yf_ZS=F_d11;14000;ASH_COATED_OSMIUM;9899;13;9896;13;;;9913;7;9917;22;;;9906.0;0.0
yf_ZS=F_d11;14000;INTARIAN_PEPPER_ROOT;10420;5;10418;19;;;10426;22;10430;27;;;10423.0;0.0
yf_ZS=F_d11;14100;ASH_COATED_OSMIUM;9903;9;9901;20;;;9909;14;9913;26;;;9906.0;0.0
yf_ZS=F_d11;14100;INTARIAN_PEPPER_ROOT;10424;13;10422;17;;;10430;10;10432;26;;;10427.0;0.0
yf_ZS=F_d11;14200;ASH_COATED_OSMIUM;9901;11;9899;25;;;9910;16;9913;10;;;9905.5;0.0
yf_ZS=F_d11;14200;INTARIAN_PEPPER_ROOT;10419;21;10415;8;;;10441;5;10445;19;;;10430.0;0.0
yf_ZS=F_d11;14300;ASH_COATED_OSMIUM;9902;5;9898;18;;;9908;20;9912;17;;;9905.0;0.0
yf_ZS=F_d11;14300;INTARIAN_PEPPER_ROOT;10430;15;10427;22;;;10436;22;10440;14;;;10433.0;0.0
yf_ZS=F_d11;14400;ASH_COATED_OSMIUM;9898;17;9895;19;;;9913;18;9915;24;;;9905.5;0.0
yf_ZS=F_d11;14400;INTARIAN_PEPPER_ROOT;10430;19;10426;22;;;10440;19;10442;17;;;10435.0;0.0
yf_ZS=F_d11;14500;ASH_COATED_OSMIUM;9899;13;9897;22;;;9911;23;9914;23;;;9905.0;0.0
yf_ZS=F_d11;14500;INTARIAN_PEPPER_ROOT;10434;15;10431;20;;;10442;10;10445;25;;;10438.0;0.0
yf_ZS=F_d11;14600;ASH_COATED_OSMIUM;9903;10;9899;27;;;9909;10;9911;19;;;9906.0;0.0
yf_ZS=F_d11;14600;INTARIAN_PEPPER_ROOT;10439;20;10437;17;;;10445;8;10449;18;;;10442.0;0.0
yf_ZS=F_d11;14700;ASH_COATED_OSMIUM;9903;18;9901;19;;;9909;17;9913;18;;;9906.0;0.0
yf_ZS=F_d11;14700;INTARIAN_PEPPER_ROOT;10441;15;10439;30;;;10447;13;10450;22;;;10444.0;0.0
yf_ZS=F_d11;14800;ASH_COATED_OSMIUM;9900;11;9896;19;;;9912;18;9914;19;;;9906.0;0.0
yf_ZS=F_d11;14800;INTARIAN_PEPPER_ROOT;10445;8;10442;14;;;10451;15;10454;20;;;10448.0;0.0
yf_ZS=F_d11;14900;ASH_COATED_OSMIUM;9898;17;9895;12;;;9914;22;9916;16;;;9906.0;0.0
yf_ZS=F_d11;14900;INTARIAN_PEPPER_ROOT;10448;16;10446;22;;;10454;11;10457;25;;;10451.0;0.0
yf_ZS=F_d11;15000;ASH_COATED_OSMIUM;9895;20;9891;17;;;9917;22;9921;27;;;9906.0;0.0
yf_ZS=F_d11;15000;INTARIAN_PEPPER_ROOT;10451;15;10449;17;;;10457;26;10461;22;;;10454.0;0.0
yf_ZS=F_d11;15100;ASH_COATED_OSMIUM;9900;12;9896;18;;;9911;5;9913;8;;;9905.5;0.0
yf_ZS=F_d11;15100;INTARIAN_PEPPER_ROOT;10445;18;10441;13;;;10470;9;10472;18;;;10457.5;0.0
yf_ZS=F_d11;15200;ASH_COATED_OSMIUM;9903;19;9900;26;;;9909;12;9912;18;;;9906.0;0.0
yf_ZS=F_d11;15200;INTARIAN_PEPPER_ROOT;10457;17;10453;16;;;10463;17;10466;17;;;10460.0;0.0
yf_ZS=F_d11;15300;ASH_COATED_OSMIUM;9891;14;9887;17;;;9921;8;9924;14;;;9906.0;0.0
yf_ZS=F_d11;15300;INTARIAN_PEPPER_ROOT;10460;12;10458;12;;;10466;14;10469;10;;;10463.0;0.0
yf_ZS=F_d11;15400;ASH_COATED_OSMIUM;9903;8;9900;26;;;9909;16;9911;22;;;9906.0;0.0
yf_ZS=F_d11;15400;INTARIAN_PEPPER_ROOT;10451;17;10448;19;;;10480;20;10483;22;;;10465.5;0.0
yf_ZS=F_d11;15500;ASH_COATED_OSMIUM;9903;11;9899;23;;;9909;18;9912;27;;;9906.0;0.0
yf_ZS=F_d11;15500;INTARIAN_PEPPER_ROOT;10463;18;10459;24;;;10474;17;10476;15;;;10468.5;0.0
yf_ZS=F_d11;15600;ASH_COATED_OSMIUM;9902;21;9900;13;;;9908;22;9911;10;;;9905.0;0.0
yf_ZS=F_d11;15600;INTARIAN_PEPPER_ROOT;10469;9;10466;21;;;10475;19;10478;21;;;10472.0;0.0
yf_ZS=F_d11;15700;ASH_COATED_OSMIUM;9903;9;9899;15;;;9909;11;9912;15;;;9906.0;0.0
yf_ZS=F_d11;15700;INTARIAN_PEPPER_ROOT;10472;17;10470;15;;;10478;23;10480;16;;;10475.0;0.0
yf_ZS=F_d11;15800;ASH_COATED_OSMIUM;9900;11;9896;20;;;9912;16;9915;22;;;9906.0;0.0
yf_ZS=F_d11;15800;INTARIAN_PEPPER_ROOT;10475;12;10472;11;;;10481;11;10485;16;;;10478.0;0.0
yf_ZS=F_d11;15900;ASH_COATED_OSMIUM;9903;13;9899;23;;;9909;12;9912;19;;;9906.0;0.0
yf_ZS=F_d11;15900;INTARIAN_PEPPER_ROOT;10475;21;10472;24;;;10486;21;10488;18;;;10480.5;0.0
yf_ZS=F_d11;16000;ASH_COATED_OSMIUM;9902;5;9900;20;;;9908;11;9912;15;;;9905.0;0.0
yf_ZS=F_d11;16000;INTARIAN_PEPPER_ROOT;10479;12;10476;25;;;10490;24;10493;16;;;10484.5;0.0
yf_ZS=F_d11;16100;ASH_COATED_OSMIUM;9901;11;9898;8;;;9910;15;9913;29;;;9905.5;0.0
yf_ZS=F_d11;16100;INTARIAN_PEPPER_ROOT;10482;20;10479;20;;;10492;9;10496;14;;;10487.0;0.0
yf_ZS=F_d11;16200;ASH_COATED_OSMIUM;9903;6;9900;20;;;9909;13;9912;17;;;9906.0;0.0
yf_ZS=F_d11;16200;INTARIAN_PEPPER_ROOT;10487;16;10484;18;;;10493;10;10497;20;;;10490.0;0.0
yf_ZS=F_d11;16300;ASH_COATED_OSMIUM;9903;17;9901;22;;;9909;13;9912;24;;;9906.0;0.0
yf_ZS=F_d11;16300;INTARIAN_PEPPER_ROOT;10485;19;10483;24;;;10501;15;10503;19;;;10493.0;0.0
yf_ZS=F_d11;16400;ASH_COATED_OSMIUM;9883;19;9881;21;;;9929;9;9931;20;;;9906.0;0.0
yf_ZS=F_d11;16400;INTARIAN_PEPPER_ROOT;10485;11;10481;12;;;10508;16;10510;16;;;10496.5;0.0
yf_ZS=F_d11;16500;ASH_COATED_OSMIUM;9897;14;9894;13;;;9914;12;9918;11;;;9905.5;0.0
yf_ZS=F_d11;16500;INTARIAN_PEPPER_ROOT;10489;11;10486;20;;;10510;9;10514;22;;;10499.5;0.0
yf_ZS=F_d11;16600;ASH_COATED_OSMIUM;9903;20;9900;10;;;9909;13;9913;25;;;9906.0;0.0
yf_ZS=F_d11;16600;INTARIAN_PEPPER_ROOT;10499;9;10496;18;;;10505;18;10508;24;;;10502.0;0.0
yf_ZS=F_d11;16700;ASH_COATED_OSMIUM;9897;22;9895;18;;;9913;21;9917;13;;;9905.0;0.0
yf_ZS=F_d11;16700;INTARIAN_PEPPER_ROOT;10499;18;10496;17;;;10511;15;10513;18;;;10505.0;0.0
yf_ZS=F_d11;16800;ASH_COATED_OSMIUM;9903;6;9900;22;;;9909;11;9913;19;;;9906.0;0.0
yf_ZS=F_d11;16800;INTARIAN_PEPPER_ROOT;10493;15;10490;24;;;10523;14;10525;23;;;10508.0;0.0
yf_ZS=F_d11;16900;ASH_COATED_OSMIUM;9903;23;9899;17;;;9909;5;9912;21;;;9906.0;0.0
yf_ZS=F_d11;16900;INTARIAN_PEPPER_ROOT;10508;16;10505;15;;;10514;11;10516;25;;;10511.0;0.0
yf_ZS=F_d11;17000;ASH_COATED_OSMIUM;9903;16;9901;35;;;9909;20;9911;20;;;9906.0;0.0
yf_ZS=F_d11;17000;INTARIAN_PEPPER_ROOT;10508;10;10505;24;;;10519;21;10523;11;;;10513.5;0.0
yf_ZS=F_d11;17100;ASH_COATED_OSMIUM;9896;11;9893;22;;;9915;17;9918;19;;;9905.5;0.0
yf_ZS=F_d11;17100;INTARIAN_PEPPER_ROOT;10513;6;10511;16;;;10520;9;10522;20;;;10516.5;0.0
yf_ZS=F_d11;17200;ASH_COATED_OSMIUM;9903;10;9899;23;;;9909;11;9913;22;;;9906.0;0.0
yf_ZS=F_d11;17200;INTARIAN_PEPPER_ROOT;10517;16;10514;25;;;10523;18;10527;18;;;10520.0;0.0
yf_ZS=F_d11;17300;ASH_COATED_OSMIUM;9895;11;9891;20;;;9916;12;9919;13;;;9905.5;0.0
yf_ZS=F_d11;17300;INTARIAN_PEPPER_ROOT;10520;19;10517;27;;;10526;16;10530;15;;;10523.0;0.0
yf_ZS=F_d11;17400;ASH_COATED_OSMIUM;9900;10;9896;13;;;9912;26;9914;22;;;9906.0;0.0
yf_ZS=F_d11;17400;INTARIAN_PEPPER_ROOT;10523;18;10521;16;;;10529;11;10532;15;;;10526.0;0.0
yf_ZS=F_d11;17500;ASH_COATED_OSMIUM;9893;11;9891;30;;;9918;15;9920;24;;;9905.5;0.0
yf_ZS=F_d11;17500;INTARIAN_PEPPER_ROOT;10521;15;10517;18;;;10538;12;10541;16;;;10529.5;0.0
yf_ZS=F_d11;17600;ASH_COATED_OSMIUM;9903;12;9900;16;;;9909;19;9913;17;;;9906.0;0.0
yf_ZS=F_d11;17600;INTARIAN_PEPPER_ROOT;10527;23;10524;29;;;10537;14;10540;24;;;10532.0;0.0
yf_ZS=F_d11;17700;ASH_COATED_OSMIUM;9903;16;9899;12;;;9909;22;9912;17;;;9906.0;0.0
yf_ZS=F_d11;17700;INTARIAN_PEPPER_ROOT;10532;21;10528;19;;;10538;17;10541;21;;;10535.0;0.0
yf_ZS=F_d11;17800;ASH_COATED_OSMIUM;9896;12;9892;13;;;9916;10;9920;14;;;9906.0;0.0
yf_ZS=F_d11;17800;INTARIAN_PEPPER_ROOT;10535;10;10533;23;;;10541;5;10545;15;;;10538.0;0.0
yf_ZS=F_d11;17900;ASH_COATED_OSMIUM;9891;9;9889;18;;;9920;5;9924;26;;;9905.5;0.0
yf_ZS=F_d11;17900;INTARIAN_PEPPER_ROOT;10533;6;10531;26;;;10550;14;10552;20;;;10541.5;0.0
yf_ZS=F_d11;18000;ASH_COATED_OSMIUM;9900;10;9897;19;;;9911;19;9914;28;;;9905.5;0.0
yf_ZS=F_d11;18000;INTARIAN_PEPPER_ROOT;10540;8;10536;22;;;10548;15;10551;21;;;10544.0;0.0
yf_ZS=F_d11;18100;ASH_COATED_OSMIUM;9901;12;9897;22;;;9910;16;9914;21;;;9905.5;0.0
yf_ZS=F_d11;18100;INTARIAN_PEPPER_ROOT;10541;12;10538;25;;;10553;17;10555;19;;;10547.0;0.0
yf_ZS=F_d11;18200;ASH_COATED_OSMIUM;9902;9;9898;13;;;9908;27;9911;16;;;9905.0;0.0
yf_ZS=F_d11;18200;INTARIAN_PEPPER_ROOT;10546;25;10542;21;;;10552;20;10554;20;;;10549.0;0.0
yf_ZS=F_d11;18300;ASH_COATED_OSMIUM;9903;5;9901;15;;;9909;9;9911;11;;;9906.0;0.0
yf_ZS=F_d11;18300;INTARIAN_PEPPER_ROOT;10550;11;10546;19;;;10558;16;10560;15;;;10554.0;0.0
yf_ZS=F_d11;18400;ASH_COATED_OSMIUM;9899;14;9895;18;;;9912;11;9915;19;;;9905.5;0.0
yf_ZS=F_d11;18400;INTARIAN_PEPPER_ROOT;10546;6;10544;16;;;10565;20;10567;16;;;10555.5;0.0
yf_ZS=F_d11;18500;ASH_COATED_OSMIUM;9902;11;9898;13;;;9909;9;9913;21;;;9905.5;0.0
yf_ZS=F_d11;18500;INTARIAN_PEPPER_ROOT;10552;18;10550;13;;;10565;12;10567;23;;;10558.5;0.0
yf_ZS=F_d11;18600;ASH_COATED_OSMIUM;9899;10;9895;15;;;9913;12;9917;14;;;9906.0;0.0
yf_ZS=F_d11;18600;INTARIAN_PEPPER_ROOT;10558;16;10556;21;;;10564;19;10568;9;;;10561.0;0.0
yf_ZS=F_d11;18700;ASH_COATED_OSMIUM;9903;14;9899;17;;;9909;16;9911;11;;;9906.0;0.0
yf_ZS=F_d11;18700;INTARIAN_PEPPER_ROOT;10562;14;10559;24;;;10568;12;10572;29;;;10565.0;0.0
yf_ZS=F_d11;18800;ASH_COATED_OSMIUM;9899;18;9897;25;;;9912;12;9914;15;;;9905.5;0.0
yf_ZS=F_d11;18800;INTARIAN_PEPPER_ROOT;10563;18;10559;20;;;10573;12;10576;14;;;10568.0;0.0
yf_ZS=F_d11;18900;ASH_COATED_OSMIUM;9903;6;9899;22;;;9909;19;9911;21;;;9906.0;0.0
yf_ZS=F_d11;18900;INTARIAN_PEPPER_ROOT;10563;18;10560;13;;;10577;14;10580;15;;;10570.0;0.0
yf_ZS=F_d11;19000;ASH_COATED_OSMIUM;9900;17;9897;17;;;9913;9;9915;25;;;9906.5;0.0
yf_ZS=F_d11;19000;INTARIAN_PEPPER_ROOT;10570;15;10568;8;;;10576;13;10579;24;;;10573.0;0.0
yf_ZS=F_d11;19100;ASH_COATED_OSMIUM;9902;5;9898;26;;;9911;13;9913;22;;;9906.5;0.0
yf_ZS=F_d11;19100;INTARIAN_PEPPER_ROOT;10573;17;10569;20;;;10580;5;10584;21;;;10576.5;0.0
yf_ZS=F_d11;19200;ASH_COATED_OSMIUM;9896;19;9894;13;;;9916;14;9918;28;;;9906.0;0.0
yf_ZS=F_d11;19200;INTARIAN_PEPPER_ROOT;10561;7;10558;18;;;10597;10;10600;22;;;10579.0;0.0
yf_ZS=F_d11;19300;ASH_COATED_OSMIUM;9903;17;9900;24;;;9909;19;9911;10;;;9906.0;0.0
yf_ZS=F_d11;19300;INTARIAN_PEPPER_ROOT;10578;16;10575;17;;;10587;10;10589;21;;;10582.5;0.0
yf_ZS=F_d11;19400;ASH_COATED_OSMIUM;9903;16;9900;20;;;9909;11;9913;23;;;9906.0;0.0
yf_ZS=F_d11;19400;INTARIAN_PEPPER_ROOT;10582;5;10579;16;;;10588;22;10592;18;;;10585.0;0.0
yf_ZS=F_d11;19500;ASH_COATED_OSMIUM;9895;12;9893;25;;;9917;10;9919;23;;;9906.0;0.0
yf_ZS=F_d11;19500;INTARIAN_PEPPER_ROOT;10584;26;10581;8;;;10593;10;10595;15;;;10588.5;0.0
yf_ZS=F_d11;19600;ASH_COATED_OSMIUM;9903;7;9899;25;;;9909;12;9912;19;;;9906.0;0.0
yf_ZS=F_d11;19600;INTARIAN_PEPPER_ROOT;10588;10;10586;18;;;10594;12;10598;13;;;10591.0;0.0
yf_ZS=F_d11;19700;ASH_COATED_OSMIUM;9903;7;9900;14;;;9909;13;9911;24;;;9906.0;0.0
yf_ZS=F_d11;19700;INTARIAN_PEPPER_ROOT;10591;14;10587;19;;;10597;15;10601;17;;;10594.0;0.0
yf_ZS=F_d11;19800;ASH_COATED_OSMIUM;9902;14;9900;23;;;9910;11;9914;11;;;9906.0;0.0
yf_ZS=F_d11;19800;INTARIAN_PEPPER_ROOT;10594;10;10592;12;;;10600;16;10604;12;;;10597.0;0.0
yf_ZS=F_d11;19900;ASH_COATED_OSMIUM;9903;10;9900;23;;;9909;15;9913;23;;;9906.0;0.0
yf_ZS=F_d11;19900;INTARIAN_PEPPER_ROOT;10597;5;10593;12;;;10603;19;10606;24;;;10600.0;0.0
yf_ZS=F_d11;20000;ASH_COATED_OSMIUM;9903;16;9900;13;;;9909;16;9911;20;;;9906.0;0.0
yf_ZS=F_d11;20000;INTARIAN_PEPPER_ROOT;10600;8;10596;19;;;10606;5;10609;31;;;10603.0;0.0
yf_ZS=F_d11;20100;ASH_COATED_OSMIUM;9903;18;9900;27;;;9909;16;9913;21;;;9906.0;0.0
yf_ZS=F_d11;20100;INTARIAN_PEPPER_ROOT;10603;11;10600;21;;;10609;13;10613;30;;;10606.0;0.0
yf_ZS=F_d11;20200;ASH_COATED_OSMIUM;9903;23;9900;12;;;9909;14;9913;23;;;9906.0;0.0
yf_ZS=F_d11;20200;INTARIAN_PEPPER_ROOT;10606;11;10602;24;;;10612;23;10615;30;;;10609.0;0.0
yf_ZS=F_d11;20300;ASH_COATED_OSMIUM;9901;17;9897;24;;;9911;13;9914;22;;;9906.0;0.0
yf_ZS=F_d11;20300;INTARIAN_PEPPER_ROOT;10591;19;10588;14;;;10633;10;10636;11;;;10612.0;0.0
yf_ZS=F_d11;20400;ASH_COATED_OSMIUM;9899;14;9896;22;;;9913;10;9915;20;;;9906.0;0.0
yf_ZS=F_d11;20400;INTARIAN_PEPPER_ROOT;10612;9;10608;18;;;10618;17;10622;23;;;10615.0;0.0
yf_ZS=F_d11;20500;ASH_COATED_OSMIUM;9903;26;9900;29;;;9909;9;9912;21;;;9906.0;0.0
yf_ZS=F_d11;20500;INTARIAN_PEPPER_ROOT;10615;13;10613;24;;;10621;15;10623;20;;;10618.0;0.0
yf_ZS=F_d11;20600;ASH_COATED_OSMIUM;9903;25;9901;22;;;9909;16;9912;19;;;9906.0;0.0
yf_ZS=F_d11;20600;INTARIAN_PEPPER_ROOT;10618;8;10614;16;;;10624;16;10626;23;;;10621.0;0.0
yf_ZS=F_d11;20700;ASH_COATED_OSMIUM;9900;15;9896;22;;;9911;7;9914;15;;;9905.5;0.0
yf_ZS=F_d11;20700;INTARIAN_PEPPER_ROOT;10621;15;10619;20;;;10627;18;10631;15;;;10624.0;0.0
yf_ZS=F_d11;20800;ASH_COATED_OSMIUM;9899;16;9896;21;;;9913;11;9915;24;;;9906.0;0.0
yf_ZS=F_d11;20800;INTARIAN_PEPPER_ROOT;10618;16;10614;19;;;10636;22;10638;11;;;10627.0;0.0
yf_ZS=F_d11;20900;ASH_COATED_OSMIUM;9891;26;9889;16;;;9921;15;9923;29;;;9906.0;0.0
yf_ZS=F_d11;20900;INTARIAN_PEPPER_ROOT;10622;12;10618;20;;;10636;5;10639;24;;;10629.0;0.0
yf_ZS=F_d11;21000;ASH_COATED_OSMIUM;9903;11;9900;11;;;9909;11;9911;27;;;9906.0;0.0
yf_ZS=F_d11;21000;INTARIAN_PEPPER_ROOT;10628;10;10624;16;;;10636;10;10640;23;;;10632.0;0.0
yf_ZS=F_d11;21100;ASH_COATED_OSMIUM;9903;21;9899;19;;;9910;11;9914;8;;;9906.5;0.0
yf_ZS=F_d11;21100;INTARIAN_PEPPER_ROOT;10632;10;10628;31;;;10638;16;10641;19;;;10635.0;0.0
yf_ZS=F_d11;21200;ASH_COATED_OSMIUM;9903;25;9900;17;;;9909;16;9912;31;;;9906.0;0.0
yf_ZS=F_d11;21200;INTARIAN_PEPPER_ROOT;10636;14;10633;16;;;10642;14;10646;18;;;10639.0;0.0
yf_ZS=F_d11;21300;ASH_COATED_OSMIUM;9903;17;9899;21;;;9909;15;9913;19;;;9906.0;0.0
yf_ZS=F_d11;21300;INTARIAN_PEPPER_ROOT;10637;14;10633;21;;;10646;17;10649;23;;;10641.5;0.0
yf_ZS=F_d11;21400;ASH_COATED_OSMIUM;9903;22;9900;20;;;9910;11;9914;8;;;9906.5;0.0
yf_ZS=F_d11;21400;INTARIAN_PEPPER_ROOT;10636;11;10634;19;;;10653;12;10655;25;;;10644.5;0.0
yf_ZS=F_d11;21500;ASH_COATED_OSMIUM;9903;16;9899;24;;;9909;21;9913;12;;;9906.0;0.0
yf_ZS=F_d11;21500;INTARIAN_PEPPER_ROOT;10645;23;10641;15;;;10651;15;10653;20;;;10648.0;0.0
yf_ZS=F_d11;21600;ASH_COATED_OSMIUM;9903;13;9901;15;;;9909;12;9913;16;;;9906.0;0.0
yf_ZS=F_d11;21600;INTARIAN_PEPPER_ROOT;10646;10;10642;20;;;10654;19;10657;18;;;10650.0;0.0
yf_ZS=F_d11;21700;ASH_COATED_OSMIUM;9903;14;9900;19;;;9909;16;9911;13;;;9906.0;0.0
yf_ZS=F_d11;21700;INTARIAN_PEPPER_ROOT;10650;14;10646;21;;;10656;17;10659;24;;;10653.0;0.0
yf_ZS=F_d11;21800;ASH_COATED_OSMIUM;9903;15;9901;28;;;9910;7;9914;25;;;9906.5;0.0
yf_ZS=F_d11;21800;INTARIAN_PEPPER_ROOT;10653;11;10651;22;;;10659;19;10661;27;;;10656.0;0.0
yf_ZS=F_d11;21900;ASH_COATED_OSMIUM;9900;7;9898;30;;;9912;17;9914;22;;;9906.0;0.0
yf_ZS=F_d11;21900;INTARIAN_PEPPER_ROOT;10656;10;10653;19;;;10663;19;10667;22;;;10659.5;0.0
yf_ZS=F_d11;22000;ASH_COATED_OSMIUM;9903;19;9900;17;;;9909;10;9913;30;;;9906.0;0.0
yf_ZS=F_d11;22000;INTARIAN_PEPPER_ROOT;10659;11;10655;21;;;10665;14;10669;17;;;10662.0;0.0
yf_ZS=F_d11;22100;ASH_COATED_OSMIUM;9902;13;9899;24;;;9911;13;9914;24;;;9906.5;0.0
yf_ZS=F_d11;22100;INTARIAN_PEPPER_ROOT;10661;13;10657;18;;;10669;14;10671;10;;;10665.0;0.0
yf_ZS=F_d11;22200;ASH_COATED_OSMIUM;9903;20;9901;25;;;9909;11;9911;20;;;9906.0;0.0
yf_ZS=F_d11;22200;INTARIAN_PEPPER_ROOT;10664;15;10662;23;;;10670;23;10672;19;;;10667.0;0.0
yf_ZS=F_d11;22300;ASH_COATED_OSMIUM;9903;10;9900;17;;;9909;10;9911;15;;;9906.0;0.0
yf_ZS=F_d11;22300;INTARIAN_PEPPER_ROOT;10665;15;10661;25;;;10677;5;10679;22;;;10671.0;0.0
yf_ZS=F_d11;22400;ASH_COATED_OSMIUM;9903;18;9899;19;;;9909;18;9912;25;;;9906.0;0.0
yf_ZS=F_d11;22400;INTARIAN_PEPPER_ROOT;10671;23;10669;15;;;10677;10;10679;16;;;10674.0;0.0
yf_ZS=F_d11;22500;ASH_COATED_OSMIUM;9893;14;9889;17;;;9920;18;9923;30;;;9906.5;0.0
yf_ZS=F_d11;22500;INTARIAN_PEPPER_ROOT;10667;12;10663;21;;;10688;10;10691;11;;;10677.5;0.0
yf_ZS=F_d11;22600;ASH_COATED_OSMIUM;9899;16;9896;21;;;9914;19;9917;25;;;9906.5;0.0
yf_ZS=F_d11;22600;INTARIAN_PEPPER_ROOT;10677;5;10673;28;;;10683;15;10687;17;;;10680.0;0.0
yf_ZS=F_d11;22700;ASH_COATED_OSMIUM;9904;7;9902;20;;;9910;5;9912;23;;;9907.0;0.0
yf_ZS=F_d11;22700;INTARIAN_PEPPER_ROOT;10667;5;10663;25;;;10700;16;10703;23;;;10683.5;0.0
yf_ZS=F_d11;22800;ASH_COATED_OSMIUM;9903;20;9899;16;;;9909;15;9911;25;;;9906.0;0.0
yf_ZS=F_d11;22800;INTARIAN_PEPPER_ROOT;10682;16;10679;14;;;10689;13;10691;24;;;10685.5;0.0
yf_ZS=F_d11;22900;ASH_COATED_OSMIUM;9898;11;9896;20;;;9915;6;9917;16;;;9906.5;0.0
yf_ZS=F_d11;22900;INTARIAN_PEPPER_ROOT;10682;15;10680;22;;;10696;22;10699;18;;;10689.0;0.0
yf_ZS=F_d11;23000;ASH_COATED_OSMIUM;9903;14;9900;21;;;9909;8;9911;24;;;9906.0;0.0
yf_ZS=F_d11;23000;INTARIAN_PEPPER_ROOT;10688;17;10685;14;;;10694;20;10698;24;;;10691.0;0.0
yf_ZS=F_d11;23100;ASH_COATED_OSMIUM;9900;11;9896;24;;;9912;10;9914;19;;;9906.0;0.0
yf_ZS=F_d11;23100;INTARIAN_PEPPER_ROOT;10692;18;10690;15;;;10698;20;10700;14;;;10695.0;0.0
yf_ZS=F_d11;23200;ASH_COATED_OSMIUM;9889;8;9887;30;;;9924;10;9927;29;;;9906.5;0.0
yf_ZS=F_d11;23200;INTARIAN_PEPPER_ROOT;10684;17;10682;21;;;10712;10;10714;26;;;10698.0;0.0
yf_ZS=F_d11;23300;ASH_COATED_OSMIUM;9904;23;9902;21;;;9910;18;9914;22;;;9907.0;0.0
yf_ZS=F_d11;23300;INTARIAN_PEPPER_ROOT;10698;24;10694;19;;;10704;19;10708;18;;;10701.0;0.0
yf_ZS=F_d11;23400;ASH_COATED_OSMIUM;9904;23;9902;14;;;9910;11;9914;21;;;9907.0;0.0
yf_ZS=F_d11;23400;INTARIAN_PEPPER_ROOT;10690;11;10688;25;;;10717;11;10719;17;;;10703.5;0.0
yf_ZS=F_d11;23500;ASH_COATED_OSMIUM;9887;17;9885;18;;;9925;20;9928;21;;;9906.0;0.0
yf_ZS=F_d11;23500;INTARIAN_PEPPER_ROOT;10703;18;10699;20;;;10712;11;10716;21;;;10707.5;0.0
yf_ZS=F_d11;23600;ASH_COATED_OSMIUM;9899;17;9896;21;;;9914;13;9918;22;;;9906.5;0.0
yf_ZS=F_d11;23600;INTARIAN_PEPPER_ROOT;10701;22;10698;25;;;10718;12;10720;14;;;10709.5;0.0
yf_ZS=F_d11;23700;ASH_COATED_OSMIUM;9904;19;9901;15;;;9910;8;9914;25;;;9907.0;0.0
yf_ZS=F_d11;23700;INTARIAN_PEPPER_ROOT;10709;14;10705;25;;;10715;10;10718;22;;;10712.0;0.0
yf_ZS=F_d11;23800;ASH_COATED_OSMIUM;9903;18;9900;17;;;9909;25;9913;21;;;9906.0;0.0
yf_ZS=F_d11;23800;INTARIAN_PEPPER_ROOT;10710;19;10708;15;;;10721;18;10723;15;;;10715.5;0.0
yf_ZS=F_d11;23900;ASH_COATED_OSMIUM;9900;13;9897;17;;;9913;10;9915;12;;;9906.5;0.0
yf_ZS=F_d11;23900;INTARIAN_PEPPER_ROOT;10716;12;10714;14;;;10722;11;10725;20;;;10719.0;0.0
yf_ZS=F_d11;24000;ASH_COATED_OSMIUM;9898;15;9896;23;;;9914;18;9916;19;;;9906.0;0.0
yf_ZS=F_d11;24000;INTARIAN_PEPPER_ROOT;10718;8;10715;14;;;10724;9;10728;19;;;10721.0;0.0
yf_ZS=F_d11;24100;ASH_COATED_OSMIUM;9904;13;9901;17;;;9910;21;9913;21;;;9907.0;0.0
yf_ZS=F_d11;24100;INTARIAN_PEPPER_ROOT;10722;13;10718;28;;;10728;11;10731;21;;;10725.0;0.0
yf_ZS=F_d11;24200;ASH_COATED_OSMIUM;9901;14;9898;18;;;9912;16;9916;27;;;9906.5;0.0
yf_ZS=F_d11;24200;INTARIAN_PEPPER_ROOT;10723;14;10719;20;;;10732;20;10735;10;;;10727.5;0.0
yf_ZS=F_d11;24300;ASH_COATED_OSMIUM;9904;13;9900;20;;;9910;16;9914;22;;;9907.0;0.0
yf_ZS=F_d11;24300;INTARIAN_PEPPER_ROOT;10727;11;10723;16;;;10733;13;10737;20;;;10730.0;0.0
yf_ZS=F_d11;24400;ASH_COATED_OSMIUM;9894;9;9890;15;;;9919;12;9921;17;;;9906.5;0.0
yf_ZS=F_d11;24400;INTARIAN_PEPPER_ROOT;10730;12;10728;14;;;10736;12;10738;10;;;10733.0;0.0
yf_ZS=F_d11;24500;ASH_COATED_OSMIUM;9901;27;9897;22;;;9911;5;9914;19;;;9906.0;0.0
yf_ZS=F_d11;24500;INTARIAN_PEPPER_ROOT;10733;15;10731;20;;;10739;15;10742;18;;;10736.0;0.0
yf_ZS=F_d11;24600;ASH_COATED_OSMIUM;9902;21;9898;30;;;9909;16;9912;18;;;9905.5;0.0
yf_ZS=F_d11;24600;INTARIAN_PEPPER_ROOT;10733;18;10730;19;;;10746;14;10748;18;;;10739.5;0.0
yf_ZS=F_d11;24700;ASH_COATED_OSMIUM;9903;16;9901;15;;;9909;14;9912;14;;;9906.0;0.0
yf_ZS=F_d11;24700;INTARIAN_PEPPER_ROOT;10731;19;10728;12;;;10754;17;10757;20;;;10742.5;0.0
yf_ZS=F_d11;24800;ASH_COATED_OSMIUM;9904;22;9901;16;;;9910;13;9914;16;;;9907.0;0.0
yf_ZS=F_d11;24800;INTARIAN_PEPPER_ROOT;10739;13;10735;18;;;10751;16;10753;26;;;10745.0;0.0
yf_ZS=F_d11;24900;ASH_COATED_OSMIUM;9903;21;9900;28;;;9910;18;9914;21;;;9906.5;0.0
yf_ZS=F_d11;24900;INTARIAN_PEPPER_ROOT;10745;5;10742;20;;;10751;12;10754;14;;;10748.0;0.0
yf_ZS=F_d11;25000;ASH_COATED_OSMIUM;9899;7;9895;14;;;9915;12;9917;19;;;9907.0;0.0
yf_ZS=F_d11;25000;INTARIAN_PEPPER_ROOT;10749;8;10745;15;;;10755;21;10759;17;;;10752.0;0.0
yf_ZS=F_d11;25100;ASH_COATED_OSMIUM;9898;18;9894;17;;;9915;23;9918;18;;;9906.5;0.0
yf_ZS=F_d11;25100;INTARIAN_PEPPER_ROOT;10744;22;10741;8;;;10764;18;10767;19;;;10754.0;0.0
yf_ZS=F_d11;25200;ASH_COATED_OSMIUM;9903;10;9901;22;;;9910;5;9913;13;;;9906.5;0.0
yf_ZS=F_d11;25200;INTARIAN_PEPPER_ROOT;10753;17;10749;15;;;10762;21;10765;17;;;10757.5;0.0
yf_ZS=F_d11;25300;ASH_COATED_OSMIUM;9904;16;9900;13;;;9910;10;9914;18;;;9907.0;0.0
yf_ZS=F_d11;25300;INTARIAN_PEPPER_ROOT;10757;18;10753;24;;;10763;18;10767;28;;;10760.0;0.0
yf_ZS=F_d11;25400;ASH_COATED_OSMIUM;9903;16;9901;17;;;9909;19;9912;11;;;9906.0;0.0
yf_ZS=F_d11;25400;INTARIAN_PEPPER_ROOT;10760;7;10758;20;;;10766;23;10770;27;;;10763.0;0.0
yf_ZS=F_d11;25500;ASH_COATED_OSMIUM;9902;16;9898;16;;;9911;12;9914;28;;;9906.5;0.0
yf_ZS=F_d11;25500;INTARIAN_PEPPER_ROOT;10763;18;10759;14;;;10770;13;10772;13;;;10766.5;0.0
yf_ZS=F_d11;25600;ASH_COATED_OSMIUM;9903;20;9899;16;;;9909;20;9912;23;;;9906.0;0.0
yf_ZS=F_d11;25600;INTARIAN_PEPPER_ROOT;10765;15;10762;20;;;10773;13;10777;12;;;10769.0;0.0
yf_ZS=F_d11;25700;ASH_COATED_OSMIUM;9903;24;9899;18;;;9909;17;9913;24;;;9906.0;0.0
yf_ZS=F_d11;25700;INTARIAN_PEPPER_ROOT;10769;16;10767;18;;;10775;16;10779;22;;;10772.0;0.0
yf_ZS=F_d11;25800;ASH_COATED_OSMIUM;9900;14;9898;24;;;9913;16;9916;20;;;9906.5;0.0
yf_ZS=F_d11;25800;INTARIAN_PEPPER_ROOT;10772;15;10768;27;;;10778;11;10780;13;;;10775.0;0.0
yf_ZS=F_d11;25900;ASH_COATED_OSMIUM;9900;22;9898;10;;;9913;19;9916;24;;;9906.5;0.0
yf_ZS=F_d11;25900;INTARIAN_PEPPER_ROOT;10775;23;10772;17;;;10781;17;10784;13;;;10778.0;0.0
yf_ZS=F_d11;26000;ASH_COATED_OSMIUM;9901;7;9898;20;;;9913;8;9917;17;;;9907.0;0.0
yf_ZS=F_d11;26000;INTARIAN_PEPPER_ROOT;10778;14;10775;22;;;10784;20;10788;15;;;10781.0;0.0
yf_ZS=F_d11;26100;ASH_COATED_OSMIUM;9897;20;9894;25;;;9916;13;9918;14;;;9906.5;0.0
yf_ZS=F_d11;26100;INTARIAN_PEPPER_ROOT;10779;14;10776;15;;;10789;15;10791;19;;;10784.0;0.0
yf_ZS=F_d11;26200;ASH_COATED_OSMIUM;9889;21;9886;14;;;9923;10;9926;23;;;9906.0;0.0
yf_ZS=F_d11;26200;INTARIAN_PEPPER_ROOT;10784;9;10782;26;;;10790;8;10794;11;;;10787.0;0.0
yf_ZS=F_d11;26300;ASH_COATED_OSMIUM;9904;16;9902;17;;;9910;15;9914;21;;;9907.0;0.0
yf_ZS=F_d11;26300;INTARIAN_PEPPER_ROOT;10786;20;10784;20;;;10793;13;10795;15;;;10789.5;0.0
yf_ZS=F_d11;26400;ASH_COATED_OSMIUM;9903;18;9899;24;;;9910;19;9914;27;;;9906.5;0.0
yf_ZS=F_d11;26400;INTARIAN_PEPPER_ROOT;10773;10;10771;24;;;10812;16;10815;20;;;10792.5;0.0
yf_ZS=F_d11;26500;ASH_COATED_OSMIUM;9903;21;9899;29;;;9909;13;9912;17;;;9906.0;0.0
yf_ZS=F_d11;26500;INTARIAN_PEPPER_ROOT;10792;15;10788;17;;;10798;11;10801;23;;;10795.0;0.0
yf_ZS=F_d11;26600;ASH_COATED_OSMIUM;9899;16;9897;19;;;9915;10;9917;30;;;9907.0;0.0
yf_ZS=F_d11;26600;INTARIAN_PEPPER_ROOT;10795;11;10791;27;;;10801;9;10804;31;;;10798.0;0.0
yf_ZS=F_d11;26700;ASH_COATED_OSMIUM;9904;17;9902;26;;;9910;21;9912;19;;;9907.0;0.0
yf_ZS=F_d11;26700;INTARIAN_PEPPER_ROOT;10788;20;10784;18;;;10814;16;10816;18;;;10801.0;0.0
yf_ZS=F_d11;26800;ASH_COATED_OSMIUM;9903;23;9900;22;;;9909;11;9912;17;;;9906.0;0.0
yf_ZS=F_d11;26800;INTARIAN_PEPPER_ROOT;10801;11;10799;21;;;10807;9;10811;23;;;10804.0;0.0
yf_ZS=F_d11;26900;ASH_COATED_OSMIUM;9904;14;9900;18;;;9910;7;9913;11;;;9907.0;0.0
yf_ZS=F_d11;26900;INTARIAN_PEPPER_ROOT;10804;5;10801;21;;;10810;8;10814;13;;;10807.0;0.0
yf_ZS=F_d11;27000;ASH_COATED_OSMIUM;9899;12;9896;15;;;9914;12;9917;27;;;9906.5;0.0
yf_ZS=F_d11;27000;INTARIAN_PEPPER_ROOT;10807;11;10805;20;;;10813;21;10817;25;;;10810.0;0.0
yf_ZS=F_d11;27100;ASH_COATED_OSMIUM;9900;8;9896;25;;;9913;16;9916;17;;;9906.5;0.0
yf_ZS=F_d11;27100;INTARIAN_PEPPER_ROOT;10810;16;10806;22;;;10817;12;10820;26;;;10813.5;0.0
yf_ZS=F_d11;27200;ASH_COATED_OSMIUM;9904;12;9900;20;;;9910;22;9914;21;;;9907.0;0.0
yf_ZS=F_d11;27200;INTARIAN_PEPPER_ROOT;10814;26;10810;15;;;10820;14;10823;15;;;10817.0;0.0
yf_ZS=F_d11;27300;ASH_COATED_OSMIUM;9904;19;9902;27;;;9910;9;9913;17;;;9907.0;0.0
yf_ZS=F_d11;27300;INTARIAN_PEPPER_ROOT;10816;9;10813;26;;;10822;12;10824;21;;;10819.0;0.0
yf_ZS=F_d11;27400;ASH_COATED_OSMIUM;9897;11;9893;19;;;9917;15;9921;25;;;9907.0;0.0
yf_ZS=F_d11;27400;INTARIAN_PEPPER_ROOT;10819;8;10816;8;;;10825;21;10829;13;;;10822.0;0.0
yf_ZS=F_d11;27500;ASH_COATED_OSMIUM;9903;17;9899;19;;;9909;13;9912;13;;;9906.0;0.0
yf_ZS=F_d11;27500;INTARIAN_PEPPER_ROOT;10822;9;10818;18;;;10830;14;10834;23;;;10826.0;0.0
yf_ZS=F_d11;27600;ASH_COATED_OSMIUM;9904;16;9900;24;;;9910;13;9914;16;;;9907.0;0.0
yf_ZS=F_d11;27600;INTARIAN_PEPPER_ROOT;10825;16;10822;20;;;10831;14;10835;21;;;10828.0;0.0
yf_ZS=F_d11;27700;ASH_COATED_OSMIUM;9904;11;9900;20;;;9910;18;9912;12;;;9907.0;0.0
yf_ZS=F_d11;27700;INTARIAN_PEPPER_ROOT;10829;16;10827;19;;;10835;10;10839;18;;;10832.0;0.0
yf_ZS=F_d11;27800;ASH_COATED_OSMIUM;9898;10;9895;12;;;9915;8;9917;18;;;9906.5;0.0
yf_ZS=F_d11;27800;INTARIAN_PEPPER_ROOT;10831;24;10829;24;;;10837;17;10839;27;;;10834.0;0.0
yf_ZS=F_d11;27900;ASH_COATED_OSMIUM;9904;23;9901;23;;;9910;21;9913;12;;;9907.0;0.0
yf_ZS=F_d11;27900;INTARIAN_PEPPER_ROOT;10827;8;10825;32;;;10848;14;10851;16;;;10837.5;0.0
yf_ZS=F_d11;28000;ASH_COATED_OSMIUM;9904;18;9902;27;;;9910;16;9914;16;;;9907.0;0.0
yf_ZS=F_d11;28000;INTARIAN_PEPPER_ROOT;10837;19;10833;24;;;10843;5;10846;20;;;10840.0;0.0
yf_ZS=F_d11;28100;ASH_COATED_OSMIUM;9902;15;9899;19;;;9911;18;9915;21;;;9906.5;0.0
yf_ZS=F_d11;28100;INTARIAN_PEPPER_ROOT;10839;13;10835;33;;;10847;7;10850;23;;;10843.0;0.0
yf_ZS=F_d11;28200;ASH_COATED_OSMIUM;9904;12;9902;17;;;9910;8;9913;18;;;9907.0;0.0
yf_ZS=F_d11;28200;INTARIAN_PEPPER_ROOT;10843;17;10839;17;;;10849;12;10853;26;;;10846.0;0.0
yf_ZS=F_d11;28300;ASH_COATED_OSMIUM;9904;17;9901;19;;;9910;12;9912;20;;;9907.0;0.0
yf_ZS=F_d11;28300;INTARIAN_PEPPER_ROOT;10846;17;10844;13;;;10852;10;10856;16;;;10849.0;0.0
yf_ZS=F_d11;28400;ASH_COATED_OSMIUM;9904;8;9900;25;;;9910;10;9912;26;;;9907.0;0.0
yf_ZS=F_d11;28400;INTARIAN_PEPPER_ROOT;10847;14;10844;14;;;10857;11;10860;16;;;10852.0;0.0
yf_ZS=F_d11;28500;ASH_COATED_OSMIUM;9903;18;9899;32;;;9909;14;9912;21;;;9906.0;0.0
yf_ZS=F_d11;28500;INTARIAN_PEPPER_ROOT;10849;10;10846;29;;;10861;17;10865;20;;;10855.0;0.0
yf_ZS=F_d11;28600;ASH_COATED_OSMIUM;9898;25;9896;13;;;9916;12;9918;23;;;9907.0;0.0
yf_ZS=F_d11;28600;INTARIAN_PEPPER_ROOT;10849;10;10847;22;;;10866;7;10868;19;;;10857.5;0.0
yf_ZS=F_d11;28700;ASH_COATED_OSMIUM;9890;25;9886;23;;;9924;14;9928;18;;;9907.0;0.0
yf_ZS=F_d11;28700;INTARIAN_PEPPER_ROOT;10858;13;10854;18;;;10864;8;10868;24;;;10861.0;0.0
yf_ZS=F_d11;28800;ASH_COATED_OSMIUM;9899;12;9897;19;;;9915;25;9918;21;;;9907.0;0.0
yf_ZS=F_d11;28800;INTARIAN_PEPPER_ROOT;10861;20;10857;17;;;10867;14;10871;12;;;10864.0;0.0
yf_ZS=F_d11;28900;ASH_COATED_OSMIUM;9902;12;9898;21;;;9913;5;9917;23;;;9907.5;0.0
yf_ZS=F_d11;28900;INTARIAN_PEPPER_ROOT;10864;26;10861;15;;;10870;12;10874;10;;;10867.0;0.0
yf_ZS=F_d11;29000;ASH_COATED_OSMIUM;9904;17;9902;15;;;9910;11;9913;15;;;9907.0;0.0
yf_ZS=F_d11;29000;INTARIAN_PEPPER_ROOT;10866;11;10862;19;;;10872;17;10874;25;;;10869.0;0.0
yf_ZS=F_d11;29100;ASH_COATED_OSMIUM;9904;15;9900;22;;;9910;25;9914;21;;;9907.0;0.0
yf_ZS=F_d11;29100;INTARIAN_PEPPER_ROOT;10869;14;10867;15;;;10875;24;10877;30;;;10872.0;0.0
yf_ZS=F_d11;29200;ASH_COATED_OSMIUM;9905;5;9901;19;;;9911;20;9914;13;;;9908.0;0.0
yf_ZS=F_d11;29200;INTARIAN_PEPPER_ROOT;10872;7;10868;14;;;10878;19;10880;24;;;10875.0;0.0
yf_ZS=F_d11;29300;ASH_COATED_OSMIUM;9904;9;9901;21;;;9910;16;9912;16;;;9907.0;0.0
yf_ZS=F_d11;29300;INTARIAN_PEPPER_ROOT;10876;18;10872;19;;;10882;15;10886;24;;;10879.0;0.0
yf_ZS=F_d11;29400;ASH_COATED_OSMIUM;9900;16;9896;20;;;9913;14;9917;24;;;9906.5;0.0
yf_ZS=F_d11;29400;INTARIAN_PEPPER_ROOT;10875;8;10872;22;;;10888;21;10892;15;;;10881.5;0.0
yf_ZS=F_d11;29500;ASH_COATED_OSMIUM;9900;18;9896;25;;;9915;10;9918;28;;;9907.5;0.0
yf_ZS=F_d11;29500;INTARIAN_PEPPER_ROOT;10881;17;10878;22;;;10887;11;10891;18;;;10884.0;0.0
yf_ZS=F_d11;29600;ASH_COATED_OSMIUM;9904;12;9900;20;;;9910;14;9914;22;;;9907.0;0.0
yf_ZS=F_d11;29600;INTARIAN_PEPPER_ROOT;10884;15;10880;10;;;10890;20;10893;22;;;10887.0;0.0
yf_ZS=F_d11;29700;ASH_COATED_OSMIUM;9900;17;9897;22;;;9915;15;9919;16;;;9907.5;0.0
yf_ZS=F_d11;29700;INTARIAN_PEPPER_ROOT;10887;17;10885;24;;;10893;14;10895;17;;;10890.0;0.0
yf_ZS=F_d11;29800;ASH_COATED_OSMIUM;9900;14;9898;26;;;9915;24;9917;21;;;9907.5;0.0
yf_ZS=F_d11;29800;INTARIAN_PEPPER_ROOT;10890;17;10888;17;;;10896;14;10898;18;;;10893.0;0.0
yf_ZS=F_d11;29900;ASH_COATED_OSMIUM;9905;18;9903;24;;;9911;11;9913;19;;;9908.0;0.0
yf_ZS=F_d11;29900;INTARIAN_PEPPER_ROOT;10893;9;10890;16;;;10899;16;10902;15;;;10896.0;0.0
yf_ZS=F_d11;30000;ASH_COATED_OSMIUM;9904;5;9900;13;;;9910;20;9914;12;;;9907.0;0.0
yf_ZS=F_d11;30000;INTARIAN_PEPPER_ROOT;10896;16;10893;18;;;10902;15;10906;28;;;10899.0;0.0
yf_ZS=F_d11;30100;ASH_COATED_OSMIUM;9905;10;9901;15;;;9911;9;9915;21;;;9908.0;0.0
yf_ZS=F_d11;30100;INTARIAN_PEPPER_ROOT;10899;11;10896;20;;;10905;7;10909;26;;;10902.0;0.0
yf_ZS=F_d11;30200;ASH_COATED_OSMIUM;9904;18;9901;19;;;9910;13;9914;11;;;9907.0;0.0
yf_ZS=F_d11;30200;INTARIAN_PEPPER_ROOT;10902;19;10900;24;;;10908;13;10910;21;;;10905.0;0.0
yf_ZS=F_d11;30300;ASH_COATED_OSMIUM;9904;20;9900;17;;;9910;19;9914;18;;;9907.0;0.0
yf_ZS=F_d11;30300;INTARIAN_PEPPER_ROOT;10902;22;10900;22;;;10914;19;10917;30;;;10908.0;0.0
yf_ZS=F_d11;30400;ASH_COATED_OSMIUM;9902;12;9898;8;;;9913;15;9915;16;;;9907.5;0.0
yf_ZS=F_d11;30400;INTARIAN_PEPPER_ROOT;10906;14;10904;13;;;10915;14;10917;22;;;10910.5;0.0
yf_ZS=F_d11;30500;ASH_COATED_OSMIUM;9899;8;9896;28;;;9914;9;9918;22;;;9906.5;0.0
yf_ZS=F_d11;30500;INTARIAN_PEPPER_ROOT;10909;15;10905;22;;;10920;11;10923;23;;;10914.5;0.0
yf_ZS=F_d11;30600;ASH_COATED_OSMIUM;9904;14;9902;29;;;9910;5;9913;20;;;9907.0;0.0
yf_ZS=F_d11;30600;INTARIAN_PEPPER_ROOT;10912;13;10910;22;;;10923;14;10926;11;;;10917.5;0.0
yf_ZS=F_d11;30700;ASH_COATED_OSMIUM;9900;11;9897;20;;;9915;11;9919;21;;;9907.5;0.0
yf_ZS=F_d11;30700;INTARIAN_PEPPER_ROOT;10917;19;10913;28;;;10923;20;10926;18;;;10920.0;0.0
yf_ZS=F_d11;30800;ASH_COATED_OSMIUM;9904;17;9900;17;;;9910;11;9912;21;;;9907.0;0.0
yf_ZS=F_d11;30800;INTARIAN_PEPPER_ROOT;10919;8;10915;12;;;10925;16;10929;19;;;10922.0;0.0
yf_ZS=F_d11;30900;ASH_COATED_OSMIUM;9903;18;9899;18;;;9912;17;9914;20;;;9907.5;0.0
yf_ZS=F_d11;30900;INTARIAN_PEPPER_ROOT;10923;14;10920;13;;;10929;17;10933;16;;;10926.0;0.0
yf_ZS=F_d11;31000;ASH_COATED_OSMIUM;9900;8;9896;21;;;9915;14;9917;22;;;9907.5;0.0
yf_ZS=F_d11;31000;INTARIAN_PEPPER_ROOT;10924;16;10921;18;;;10934;19;10936;15;;;10929.0;0.0
yf_ZS=F_d11;31100;ASH_COATED_OSMIUM;9890;20;9888;19;;;9924;18;9926;23;;;9907.0;0.0
yf_ZS=F_d11;31100;INTARIAN_PEPPER_ROOT;10928;14;10926;25;;;10934;18;10938;17;;;10931.0;0.0
yf_ZS=F_d11;31200;ASH_COATED_OSMIUM;9904;20;9900;22;;;9910;24;9912;23;;;9907.0;0.0
yf_ZS=F_d11;31200;INTARIAN_PEPPER_ROOT;10932;16;10929;19;;;10938;21;10942;12;;;10935.0;0.0
yf_ZS=F_d11;31300;ASH_COATED_OSMIUM;9890;9;9888;20;;;9925;13;9928;19;;;9907.5;0.0
yf_ZS=F_d11;31300;INTARIAN_PEPPER_ROOT;10935;13;10933;16;;;10941;13;10944;24;;;10938.0;0.0
yf_ZS=F_d11;31400;ASH_COATED_OSMIUM;9902;20;9898;20;;;9912;14;9916;26;;;9907.0;0.0
yf_ZS=F_d11;31400;INTARIAN_PEPPER_ROOT;10933;5;10931;23;;;10950;13;10952;21;;;10941.5;0.0
yf_ZS=F_d11;31500;ASH_COATED_OSMIUM;9888;17;9885;22;;;9925;22;9927;22;;;9906.5;0.0
yf_ZS=F_d11;31500;INTARIAN_PEPPER_ROOT;10940;13;10936;28;;;10946;12;10949;21;;;10943.0;0.0
yf_ZS=F_d11;31600;ASH_COATED_OSMIUM;9904;21;9902;20;;;9910;15;9913;18;;;9907.0;0.0
yf_ZS=F_d11;31600;INTARIAN_PEPPER_ROOT;10942;12;10938;25;;;10952;7;10954;20;;;10947.0;0.0
yf_ZS=F_d11;31700;ASH_COATED_OSMIUM;9904;18;9901;23;;;9910;15;9914;18;;;9907.0;0.0
yf_ZS=F_d11;31700;INTARIAN_PEPPER_ROOT;10938;18;10935;14;;;10960;16;10963;31;;;10949.0;0.0
yf_ZS=F_d11;31800;ASH_COATED_OSMIUM;9905;6;9901;19;;;9911;18;9914;24;;;9908.0;0.0
yf_ZS=F_d11;31800;INTARIAN_PEPPER_ROOT;10950;22;10947;20;;;10956;6;10959;24;;;10953.0;0.0
yf_ZS=F_d11;31900;ASH_COATED_OSMIUM;9904;18;9900;32;;;9910;11;9914;20;;;9907.0;0.0
yf_ZS=F_d11;31900;INTARIAN_PEPPER_ROOT;10952;18;10949;31;;;10958;12;10962;13;;;10955.0;0.0
yf_ZS=F_d11;32000;ASH_COATED_OSMIUM;9894;15;9891;27;;;9921;15;9924;20;;;9907.5;0.0
yf_ZS=F_d11;32000;INTARIAN_PEPPER_ROOT;10955;13;10951;22;;;10961;17;10964;12;;;10958.0;0.0
yf_ZS=F_d11;32100;ASH_COATED_OSMIUM;9904;20;9900;25;;;9910;24;9913;14;;;9907.0;0.0
yf_ZS=F_d11;32100;INTARIAN_PEPPER_ROOT;10956;8;10953;23;;;10967;21;10971;23;;;10961.5;0.0
yf_ZS=F_d11;32200;ASH_COATED_OSMIUM;9900;14;9897;29;;;9914;6;9917;13;;;9907.0;0.0
yf_ZS=F_d11;32200;INTARIAN_PEPPER_ROOT;10959;9;10956;14;;;10969;21;10971;23;;;10964.0;0.0
yf_ZS=F_d11;32300;ASH_COATED_OSMIUM;9905;16;9903;21;;;9911;22;9914;14;;;9908.0;0.0
yf_ZS=F_d11;32300;INTARIAN_PEPPER_ROOT;10963;9;10959;24;;;10971;24;10975;11;;;10967.0;0.0
yf_ZS=F_d11;32400;ASH_COATED_OSMIUM;9904;13;9901;17;;;9911;12;9913;22;;;9907.5;0.0
yf_ZS=F_d11;32400;INTARIAN_PEPPER_ROOT;10951;5;10948;19;;;10989;5;10991;28;;;10970.0;0.0
yf_ZS=F_d11;32500;ASH_COATED_OSMIUM;9904;18;9901;20;;;9910;20;9913;22;;;9907.0;0.0
yf_ZS=F_d11;32500;INTARIAN_PEPPER_ROOT;10969;15;10966;24;;;10977;19;10980;8;;;10973.0;0.0
yf_ZS=F_d11;32600;ASH_COATED_OSMIUM;9899;11;9895;24;;;9914;20;9918;15;;;9906.5;0.0
yf_ZS=F_d11;32600;INTARIAN_PEPPER_ROOT;10972;9;10969;24;;;10981;21;10985;21;;;10976.5;0.0
yf_ZS=F_d11;32700;ASH_COATED_OSMIUM;9902;5;9898;10;;;9914;14;9917;19;;;9908.0;0.0
yf_ZS=F_d11;32700;INTARIAN_PEPPER_ROOT;10967;17;10963;10;;;10990;12;10992;23;;;10978.5;0.0
yf_ZS=F_d11;32800;ASH_COATED_OSMIUM;9904;18;9901;20;;;9910;17;9914;27;;;9907.0;0.0
yf_ZS=F_d11;32800;INTARIAN_PEPPER_ROOT;10980;8;10976;18;;;10986;18;10988;14;;;10983.0;0.0
yf_ZS=F_d11;32900;ASH_COATED_OSMIUM;9905;17;9902;21;;;9911;21;9913;26;;;9908.0;0.0
yf_ZS=F_d11;32900;INTARIAN_PEPPER_ROOT;10982;22;10978;21;;;10988;14;10990;30;;;10985.0;0.0
yf_ZS=F_d11;33000;ASH_COATED_OSMIUM;9895;10;9891;15;;;9919;26;9923;11;;;9907.0;0.0
yf_ZS=F_d11;33000;INTARIAN_PEPPER_ROOT;10985;8;10981;20;;;10991;21;10993;18;;;10988.0;0.0
yf_ZS=F_d11;33100;ASH_COATED_OSMIUM;9905;12;9903;16;;;9911;12;9914;14;;;9908.0;0.0
yf_ZS=F_d11;33100;INTARIAN_PEPPER_ROOT;10988;11;10985;22;;;10994;11;10997;21;;;10991.0;0.0
yf_ZS=F_d11;33200;ASH_COATED_OSMIUM;9905;12;9903;18;;;9911;17;9915;18;;;9908.0;0.0
yf_ZS=F_d11;33200;INTARIAN_PEPPER_ROOT;10991;30;10988;23;;;10997;12;11000;22;;;10994.0;0.0
yf_ZS=F_d11;33300;ASH_COATED_OSMIUM;9904;7;9901;25;;;9910;19;9913;18;;;9907.0;0.0
yf_ZS=F_d11;33300;INTARIAN_PEPPER_ROOT;10994;21;10990;12;;;11000;23;11003;15;;;10997.0;0.0
yf_ZS=F_d11;33400;ASH_COATED_OSMIUM;9904;12;9902;16;;;9910;16;9913;19;;;9907.0;0.0
yf_ZS=F_d11;33400;INTARIAN_PEPPER_ROOT;10997;17;10994;15;;;11003;15;11007;19;;;11000.0;0.0
yf_ZS=F_d11;33500;ASH_COATED_OSMIUM;9904;15;9902;27;;;9910;13;9914;21;;;9907.0;0.0
yf_ZS=F_d11;33500;INTARIAN_PEPPER_ROOT;10999;20;10997;15;;;11005;7;11008;16;;;11002.0;0.0
yf_ZS=F_d11;33600;ASH_COATED_OSMIUM;9901;16;9898;20;;;9912;15;9916;9;;;9906.5;0.0
yf_ZS=F_d11;33600;INTARIAN_PEPPER_ROOT;10996;16;10992;14;;;11017;18;11019;19;;;11006.5;0.0
yf_ZS=F_d11;33700;ASH_COATED_OSMIUM;9904;12;9900;25;;;9910;19;9913;22;;;9907.0;0.0
yf_ZS=F_d11;33700;INTARIAN_PEPPER_ROOT;11006;14;11003;9;;;11012;5;11014;21;;;11009.0;0.0
yf_ZS=F_d11;33800;ASH_COATED_OSMIUM;9901;15;9898;15;;;9913;11;9916;23;;;9907.0;0.0
yf_ZS=F_d11;33800;INTARIAN_PEPPER_ROOT;11008;12;11006;13;;;11014;5;11018;22;;;11011.0;0.0
yf_ZS=F_d11;33900;ASH_COATED_OSMIUM;9905;22;9903;21;;;9911;10;9914;23;;;9908.0;0.0
yf_ZS=F_d11;33900;INTARIAN_PEPPER_ROOT;11011;5;11008;19;;;11017;19;11021;9;;;11014.0;0.0
yf_ZS=F_d11;34000;ASH_COATED_OSMIUM;9904;9;9902;17;;;9911;21;9914;16;;;9907.5;0.0
yf_ZS=F_d11;34000;INTARIAN_PEPPER_ROOT;11010;11;11006;18;;;11021;7;11025;27;;;11015.5;0.0
yf_ZS=F_d11;34100;ASH_COATED_OSMIUM;9904;5;9902;18;;;9910;11;9912;20;;;9907.0;0.0
yf_ZS=F_d11;34100;INTARIAN_PEPPER_ROOT;11014;13;11011;26;;;11020;20;11023;20;;;11017.0;0.0
yf_ZS=F_d11;34200;ASH_COATED_OSMIUM;9905;10;9902;22;;;9911;15;9915;17;;;9908.0;0.0
yf_ZS=F_d11;34200;INTARIAN_PEPPER_ROOT;11016;8;11012;30;;;11022;11;11024;15;;;11019.0;0.0
yf_ZS=F_d11;34300;ASH_COATED_OSMIUM;9904;8;9900;28;;;9911;12;9915;17;;;9907.5;0.0
yf_ZS=F_d11;34300;INTARIAN_PEPPER_ROOT;11014;15;11010;25;;;11028;11;11031;25;;;11021.0;0.0
yf_ZS=F_d11;34400;ASH_COATED_OSMIUM;9885;18;9881;21;;;9929;15;9933;26;;;9907.0;0.0
yf_ZS=F_d11;34400;INTARIAN_PEPPER_ROOT;11019;20;11015;21;;;11025;14;11027;21;;;11022.0;0.0
yf_ZS=F_d11;34500;ASH_COATED_OSMIUM;9905;14;9901;21;;;9911;14;9915;27;;;9908.0;0.0
yf_ZS=F_d11;34500;INTARIAN_PEPPER_ROOT;11018;9;11016;19;;;11031;12;11034;31;;;11024.5;0.0
yf_ZS=F_d11;34600;ASH_COATED_OSMIUM;9904;11;9901;23;;;9910;17;9913;9;;;9907.0;0.0
yf_ZS=F_d11;34600;INTARIAN_PEPPER_ROOT;11022;19;11018;21;;;11028;13;11031;23;;;11025.0;0.0
yf_ZS=F_d11;34700;ASH_COATED_OSMIUM;9905;8;9901;15;;;9911;11;9913;17;;;9908.0;0.0
yf_ZS=F_d11;34700;INTARIAN_PEPPER_ROOT;11024;11;11020;18;;;11030;9;11032;25;;;11027.0;0.0
yf_ZS=F_d11;34800;ASH_COATED_OSMIUM;9894;8;9891;19;;;9920;5;9922;23;;;9907.0;0.0
yf_ZS=F_d11;34800;INTARIAN_PEPPER_ROOT;11026;12;11024;27;;;11032;21;11034;15;;;11029.0;0.0
yf_ZS=F_d11;34900;ASH_COATED_OSMIUM;9905;17;9901;17;;;9911;14;9913;24;;;9908.0;0.0
yf_ZS=F_d11;34900;INTARIAN_PEPPER_ROOT;11027;14;11025;24;;;11033;9;11036;18;;;11030.0;0.0
yf_ZS=F_d11;35000;ASH_COATED_OSMIUM;9904;15;9902;28;;;9910;14;9913;19;;;9907.0;0.0
yf_ZS=F_d11;35000;INTARIAN_PEPPER_ROOT;11021;20;11017;17;;;11042;14;11045;20;;;11031.5;0.0
yf_ZS=F_d11;35100;ASH_COATED_OSMIUM;9904;15;9900;22;;;9910;9;9914;18;;;9907.0;0.0
yf_ZS=F_d11;35100;INTARIAN_PEPPER_ROOT;11030;13;11028;23;;;11036;19;11040;28;;;11033.0;0.0
yf_ZS=F_d11;35200;ASH_COATED_OSMIUM;9903;8;9900;27;;;9912;7;9915;19;;;9907.5;0.0
yf_ZS=F_d11;35200;INTARIAN_PEPPER_ROOT;11032;16;11029;19;;;11038;17;11041;19;;;11035.0;0.0
yf_ZS=F_d11;35300;ASH_COATED_OSMIUM;9902;17;9900;25;;;9913;11;9915;19;;;9907.5;0.0
yf_ZS=F_d11;35300;INTARIAN_PEPPER_ROOT;11029;11;11026;15;;;11044;10;11046;18;;;11036.5;0.0
yf_ZS=F_d11;35400;ASH_COATED_OSMIUM;9902;19;9899;20;;;9913;14;9916;13;;;9907.5;0.0
yf_ZS=F_d11;35400;INTARIAN_PEPPER_ROOT;11035;13;11032;11;;;11041;23;11044;20;;;11038.0;0.0
yf_ZS=F_d11;35500;ASH_COATED_OSMIUM;9893;13;9891;12;;;9922;16;9924;17;;;9907.5;0.0
yf_ZS=F_d11;35500;INTARIAN_PEPPER_ROOT;11034;10;11032;20;;;11044;15;11047;27;;;11039.0;0.0
yf_ZS=F_d11;35600;ASH_COATED_OSMIUM;9904;9;9900;16;;;9910;16;9912;10;;;9907.0;0.0
yf_ZS=F_d11;35600;INTARIAN_PEPPER_ROOT;11038;9;11036;16;;;11044;19;11047;22;;;11041.0;0.0
yf_ZS=F_d11;35700;ASH_COATED_OSMIUM;9904;14;9901;20;;;9910;24;9912;24;;;9907.0;0.0
yf_ZS=F_d11;35700;INTARIAN_PEPPER_ROOT;11040;22;11038;22;;;11046;16;11050;18;;;11043.0;0.0
yf_ZS=F_d11;35800;ASH_COATED_OSMIUM;9904;16;9900;18;;;9910;18;9914;19;;;9907.0;0.0
yf_ZS=F_d11;35800;INTARIAN_PEPPER_ROOT;11034;13;11030;15;;;11055;5;11058;19;;;11044.5;0.0
yf_ZS=F_d11;35900;ASH_COATED_OSMIUM;9903;16;9901;18;;;9911;17;9915;18;;;9907.0;0.0
yf_ZS=F_d11;35900;INTARIAN_PEPPER_ROOT;11039;8;11035;22;;;11054;9;11057;13;;;11046.5;0.0
yf_ZS=F_d11;36000;ASH_COATED_OSMIUM;9904;17;9902;10;;;9910;14;9914;18;;;9907.0;0.0
yf_ZS=F_d11;36000;INTARIAN_PEPPER_ROOT;11041;22;11038;26;;;11053;17;11056;20;;;11047.0;0.0
yf_ZS=F_d11;36100;ASH_COATED_OSMIUM;9904;11;9902;15;;;9910;23;9913;20;;;9907.0;0.0
yf_ZS=F_d11;36100;INTARIAN_PEPPER_ROOT;11046;18;11044;13;;;11052;8;11056;25;;;11049.0;0.0
yf_ZS=F_d11;36200;ASH_COATED_OSMIUM;9904;14;9901;14;;;9910;15;9913;14;;;9907.0;0.0
yf_ZS=F_d11;36200;INTARIAN_PEPPER_ROOT;11048;12;11046;10;;;11054;17;11058;12;;;11051.0;0.0
yf_ZS=F_d11;36300;ASH_COATED_OSMIUM;9898;8;9896;12;;;9917;18;9920;26;;;9907.5;0.0
yf_ZS=F_d11;36300;INTARIAN_PEPPER_ROOT;11045;14;11043;27;;;11059;24;11063;17;;;11052.0;0.0
yf_ZS=F_d11;36400;ASH_COATED_OSMIUM;9904;15;9900;24;;;9910;14;9912;19;;;9907.0;0.0
yf_ZS=F_d11;36400;INTARIAN_PEPPER_ROOT;11050;18;11047;17;;;11057;17;11060;22;;;11053.5;0.0
yf_ZS=F_d11;36500;ASH_COATED_OSMIUM;9904;17;9902;16;;;9910;24;9914;13;;;9907.0;0.0
yf_ZS=F_d11;36500;INTARIAN_PEPPER_ROOT;11052;14;11050;16;;;11058;23;11061;23;;;11055.0;0.0
yf_ZS=F_d11;36600;ASH_COATED_OSMIUM;9904;11;9900;27;;;9910;16;9913;19;;;9907.0;0.0
yf_ZS=F_d11;36600;INTARIAN_PEPPER_ROOT;11047;9;11043;24;;;11065;10;11068;11;;;11056.0;0.0
yf_ZS=F_d11;36700;ASH_COATED_OSMIUM;9904;14;9902;24;;;9910;16;9914;28;;;9907.0;0.0
yf_ZS=F_d11;36700;INTARIAN_PEPPER_ROOT;11056;17;11052;22;;;11062;22;11064;19;;;11059.0;0.0
yf_ZS=F_d11;36800;ASH_COATED_OSMIUM;9904;23;9901;27;;;9910;9;9912;13;;;9907.0;0.0
yf_ZS=F_d11;36800;INTARIAN_PEPPER_ROOT;11057;17;11055;17;;;11063;17;11067;26;;;11060.0;0.0
yf_ZS=F_d11;36900;ASH_COATED_OSMIUM;9899;21;9895;19;;;9915;26;9919;24;;;9907.0;0.0
yf_ZS=F_d11;36900;INTARIAN_PEPPER_ROOT;11058;10;11055;23;;;11064;14;11066;15;;;11061.0;0.0
yf_ZS=F_d11;37000;ASH_COATED_OSMIUM;9898;16;9896;19;;;9916;14;9919;17;;;9907.0;0.0
yf_ZS=F_d11;37000;INTARIAN_PEPPER_ROOT;11060;22;11058;17;;;11066;21;11069;18;;;11063.0;0.0
yf_ZS=F_d11;37100;ASH_COATED_OSMIUM;9903;9;9900;18;;;9912;12;9915;19;;;9907.5;0.0
yf_ZS=F_d11;37100;INTARIAN_PEPPER_ROOT;11062;16;11060;20;;;11068;23;11071;12;;;11065.0;0.0
yf_ZS=F_d11;37200;ASH_COATED_OSMIUM;9903;8;9899;16;;;9909;21;9912;19;;;9906.0;0.0
yf_ZS=F_d11;37200;INTARIAN_PEPPER_ROOT;11062;19;11058;23;;;11071;18;11075;24;;;11066.5;0.0
yf_ZS=F_d11;37300;ASH_COATED_OSMIUM;9902;17;9898;20;;;9911;17;9914;27;;;9906.5;0.0
yf_ZS=F_d11;37300;INTARIAN_PEPPER_ROOT;11065;8;11063;20;;;11071;20;11075;15;;;11068.0;0.0
yf_ZS=F_d11;37400;ASH_COATED_OSMIUM;9893;9;9889;17;;;9921;23;9925;10;;;9907.0;0.0
yf_ZS=F_d11;37400;INTARIAN_PEPPER_ROOT;11059;17;11057;29;;;11081;13;11085;21;;;11070.0;0.0
yf_ZS=F_d11;37500;ASH_COATED_OSMIUM;9904;10;9901;19;;;9910;13;9914;13;;;9907.0;0.0
yf_ZS=F_d11;37500;INTARIAN_PEPPER_ROOT;11066;15;11063;16;;;11074;26;11078;20;;;11070.0;0.0
yf_ZS=F_d11;37600;ASH_COATED_OSMIUM;9904;11;9901;17;;;9910;14;9914;18;;;9907.0;0.0
yf_ZS=F_d11;37600;INTARIAN_PEPPER_ROOT;11063;17;11061;15;;;11081;20;11084;19;;;11072.0;0.0
yf_ZS=F_d11;37700;ASH_COATED_OSMIUM;9901;12;9897;23;;;9911;10;9914;21;;;9906.0;0.0
yf_ZS=F_d11;37700;INTARIAN_PEPPER_ROOT;11071;11;11068;17;;;11077;10;11081;16;;;11074.0;0.0
yf_ZS=F_d11;37800;ASH_COATED_OSMIUM;9903;21;9900;22;;;9909;9;9911;18;;;9906.0;0.0
yf_ZS=F_d11;37800;INTARIAN_PEPPER_ROOT;11072;25;11069;19;;;11078;8;11081;16;;;11075.0;0.0
yf_ZS=F_d11;37900;ASH_COATED_OSMIUM;9902;5;9900;20;;;9911;13;9915;23;;;9906.5;0.0
yf_ZS=F_d11;37900;INTARIAN_PEPPER_ROOT;11074;10;11072;18;;;11080;11;11083;21;;;11077.0;0.0
yf_ZS=F_d11;38000;ASH_COATED_OSMIUM;9899;7;9895;16;;;9915;11;9917;23;;;9907.0;0.0
yf_ZS=F_d11;38000;INTARIAN_PEPPER_ROOT;11073;20;11071;19;;;11084;16;11088;19;;;11078.5;0.0
yf_ZS=F_d11;38100;ASH_COATED_OSMIUM;9903;7;9901;17;;;9909;10;9912;30;;;9906.0;0.0
yf_ZS=F_d11;38100;INTARIAN_PEPPER_ROOT;11078;9;11074;22;;;11084;16;11088;25;;;11081.0;0.0
yf_ZS=F_d11;38200;ASH_COATED_OSMIUM;9901;16;9898;22;;;9911;14;9913;14;;;9906.0;0.0
yf_ZS=F_d11;38200;INTARIAN_PEPPER_ROOT;11079;13;11076;13;;;11085;25;11087;10;;;11082.0;0.0
yf_ZS=F_d11;38300;ASH_COATED_OSMIUM;9903;21;9899;23;;;9909;19;9913;19;;;9906.0;0.0
yf_ZS=F_d11;38300;INTARIAN_PEPPER_ROOT;11081;19;11079;15;;;11087;13;11091;25;;;11084.0;0.0
yf_ZS=F_d11;38400;ASH_COATED_OSMIUM;9903;9;9901;15;;;9909;17;9912;23;;;9906.0;0.0
yf_ZS=F_d11;38400;INTARIAN_PEPPER_ROOT;11079;13;11075;20;;;11091;5;11094;23;;;11085.0;0.0
yf_ZS=F_d11;38500;ASH_COATED_OSMIUM;9904;15;9902;26;;;9910;7;9912;11;;;9907.0;0.0
yf_ZS=F_d11;38500;INTARIAN_PEPPER_ROOT;11082;16;11079;25;;;11092;12;11094;18;;;11087.0;0.0
yf_ZS=F_d11;38600;ASH_COATED_OSMIUM;9901;14;9897;16;;;9911;13;9915;21;;;9906.0;0.0
yf_ZS=F_d11;38600;INTARIAN_PEPPER_ROOT;11085;13;11083;17;;;11091;15;11094;18;;;11088.0;0.0
yf_ZS=F_d11;38700;ASH_COATED_OSMIUM;9901;18;9898;18;;;9912;17;9915;19;;;9906.5;0.0
yf_ZS=F_d11;38700;INTARIAN_PEPPER_ROOT;11086;15;11083;19;;;11093;18;11095;11;;;11089.5;0.0
yf_ZS=F_d11;38800;ASH_COATED_OSMIUM;9903;10;9899;20;;;9910;11;9912;22;;;9906.5;0.0
yf_ZS=F_d11;38800;INTARIAN_PEPPER_ROOT;11086;5;11084;20;;;11098;15;11100;16;;;11092.0;0.0
yf_ZS=F_d11;38900;ASH_COATED_OSMIUM;9903;20;9901;14;;;9909;7;9912;15;;;9906.0;0.0
yf_ZS=F_d11;38900;INTARIAN_PEPPER_ROOT;11086;9;11083;14;;;11101;18;11104;14;;;11093.5;0.0
yf_ZS=F_d11;39000;ASH_COATED_OSMIUM;9903;16;9900;12;;;9909;12;9911;21;;;9906.0;0.0
yf_ZS=F_d11;39000;INTARIAN_PEPPER_ROOT;11092;17;11089;17;;;11098;10;11100;11;;;11095.0;0.0
yf_ZS=F_d11;39100;ASH_COATED_OSMIUM;9904;17;9900;21;;;9910;11;9913;26;;;9907.0;0.0
yf_ZS=F_d11;39100;INTARIAN_PEPPER_ROOT;11093;10;11091;11;;;11099;12;11102;16;;;11096.0;0.0
yf_ZS=F_d11;39200;ASH_COATED_OSMIUM;9903;10;9900;19;;;9910;13;9913;8;;;9906.5;0.0
yf_ZS=F_d11;39200;INTARIAN_PEPPER_ROOT;11092;11;11089;25;;;11104;26;11108;22;;;11098.0;0.0
yf_ZS=F_d11;39300;ASH_COATED_OSMIUM;9900;15;9897;26;;;9914;10;9918;20;;;9907.0;0.0
yf_ZS=F_d11;39300;INTARIAN_PEPPER_ROOT;11083;8;11080;9;;;11115;8;11119;29;;;11099.0;0.0
yf_ZS=F_d11;39400;ASH_COATED_OSMIUM;9897;18;9895;22;;;9915;12;9918;22;;;9906.0;0.0
yf_ZS=F_d11;39400;INTARIAN_PEPPER_ROOT;11093;11;11091;17;;;11108;13;11110;17;;;11100.5;0.0
yf_ZS=F_d11;39500;ASH_COATED_OSMIUM;9903;18;9900;20;;;9909;19;9913;29;;;9906.0;0.0
yf_ZS=F_d11;39500;INTARIAN_PEPPER_ROOT;11094;18;11090;16;;;11109;20;11113;21;;;11101.5;0.0
yf_ZS=F_d11;39600;ASH_COATED_OSMIUM;9899;13;9895;21;;;9915;21;9917;18;;;9907.0;0.0
yf_ZS=F_d11;39600;INTARIAN_PEPPER_ROOT;11096;13;11092;17;;;11112;10;11116;15;;;11104.0;0.0
yf_ZS=F_d11;39700;ASH_COATED_OSMIUM;9893;14;9889;16;;;9919;5;9922;20;;;9906.0;0.0
yf_ZS=F_d11;39700;INTARIAN_PEPPER_ROOT;11102;10;11100;21;;;11108;8;11111;26;;;11105.0;0.0
yf_ZS=F_d11;39800;ASH_COATED_OSMIUM;9903;19;9899;17;;;9909;17;9912;14;;;9906.0;0.0
yf_ZS=F_d11;39800;INTARIAN_PEPPER_ROOT;11103;20;11101;26;;;11111;12;11113;17;;;11107.0;0.0
yf_ZS=F_d11;39900;ASH_COATED_OSMIUM;9902;15;9899;18;;;9911;11;9915;20;;;9906.5;0.0
yf_ZS=F_d11;39900;INTARIAN_PEPPER_ROOT;11106;14;11103;17;;;11112;20;11114;22;;;11109.0;0.0
yf_ZS=F_d11;40000;ASH_COATED_OSMIUM;9902;14;9900;14;;;9911;7;9913;22;;;9906.5;0.0
yf_ZS=F_d11;40000;INTARIAN_PEPPER_ROOT;11107;11;11104;21;;;11113;13;11117;26;;;11110.0;0.0
yf_ZS=F_d11;40100;ASH_COATED_OSMIUM;9903;23;9901;24;;;9909;10;9913;20;;;9906.0;0.0
yf_ZS=F_d11;40100;INTARIAN_PEPPER_ROOT;11109;16;11105;20;;;11115;17;11119;17;;;11112.0;0.0
yf_ZS=F_d11;40200;ASH_COATED_OSMIUM;9903;13;9900;19;;;9909;15;9913;24;;;9906.0;0.0
yf_ZS=F_d11;40200;INTARIAN_PEPPER_ROOT;11110;7;11108;16;;;11116;10;11120;17;;;11113.0;0.0
yf_ZS=F_d11;40300;ASH_COATED_OSMIUM;9903;24;9899;10;;;9909;23;9913;25;;;9906.0;0.0
yf_ZS=F_d11;40300;INTARIAN_PEPPER_ROOT;11112;25;11110;24;;;11118;12;11120;31;;;11115.0;0.0
yf_ZS=F_d11;40400;ASH_COATED_OSMIUM;9903;19;9900;18;;;9909;24;9912;17;;;9906.0;0.0
yf_ZS=F_d11;40400;INTARIAN_PEPPER_ROOT;11099;11;11095;26;;;11133;13;11137;25;;;11116.0;0.0
yf_ZS=F_d11;40500;ASH_COATED_OSMIUM;9903;21;9900;19;;;9909;19;9911;12;;;9906.0;0.0
yf_ZS=F_d11;40500;INTARIAN_PEPPER_ROOT;11115;15;11111;16;;;11121;15;11125;13;;;11118.0;0.0
yf_ZS=F_d11;40600;ASH_COATED_OSMIUM;9902;7;9898;22;;;9910;8;9913;21;;;9906.0;0.0
yf_ZS=F_d11;40600;INTARIAN_PEPPER_ROOT;11104;12;11100;29;;;11133;17;11135;23;;;11118.5;0.0
yf_ZS=F_d11;40700;ASH_COATED_OSMIUM;9901;6;9897;21;;;9911;16;9914;16;;;9906.0;0.0
yf_ZS=F_d11;40700;INTARIAN_PEPPER_ROOT;11117;10;11115;16;;;11123;14;11127;19;;;11120.0;0.0
yf_ZS=F_d11;40800;ASH_COATED_OSMIUM;9898;5;9895;21;;;9914;14;9916;13;;;9906.0;0.0
yf_ZS=F_d11;40800;INTARIAN_PEPPER_ROOT;11119;23;11117;24;;;11125;14;11128;23;;;11122.0;0.0
yf_ZS=F_d11;40900;ASH_COATED_OSMIUM;9901;9;9897;22;;;9912;11;9914;21;;;9906.5;0.0
yf_ZS=F_d11;40900;INTARIAN_PEPPER_ROOT;11120;22;11116;15;;;11126;24;11130;20;;;11123.0;0.0
yf_ZS=F_d11;41000;ASH_COATED_OSMIUM;9903;18;9901;23;;;9909;21;9912;18;;;9906.0;0.0
yf_ZS=F_d11;41000;INTARIAN_PEPPER_ROOT;11121;16;11117;15;;;11130;12;11132;24;;;11125.5;0.0
yf_ZS=F_d11;41100;ASH_COATED_OSMIUM;9901;14;9898;15;;;9910;17;9912;19;;;9905.5;0.0
yf_ZS=F_d11;41100;INTARIAN_PEPPER_ROOT;11117;8;11114;17;;;11136;13;11140;19;;;11126.5;0.0
yf_ZS=F_d11;41200;ASH_COATED_OSMIUM;9903;17;9900;17;;;9910;9;9913;17;;;9906.5;0.0
yf_ZS=F_d11;41200;INTARIAN_PEPPER_ROOT;11126;9;11122;22;;;11132;11;11135;17;;;11129.0;0.0
yf_ZS=F_d11;41300;ASH_COATED_OSMIUM;9902;13;9900;16;;;9909;15;9912;14;;;9905.5;0.0
yf_ZS=F_d11;41300;INTARIAN_PEPPER_ROOT;11128;16;11126;9;;;11134;13;11138;9;;;11131.0;0.0
yf_ZS=F_d11;41400;ASH_COATED_OSMIUM;9903;12;9900;25;;;9909;6;9911;25;;;9906.0;0.0
yf_ZS=F_d11;41400;INTARIAN_PEPPER_ROOT;11129;13;11126;15;;;11135;14;11139;19;;;11132.0;0.0
yf_ZS=F_d11;41500;ASH_COATED_OSMIUM;9901;22;9897;15;;;9910;9;9913;13;;;9905.5;0.0
yf_ZS=F_d11;41500;INTARIAN_PEPPER_ROOT;11130;12;11128;22;;;11136;12;11139;17;;;11133.0;0.0
yf_ZS=F_d11;41600;ASH_COATED_OSMIUM;9899;18;9897;8;;;9913;9;9915;25;;;9906.0;0.0
yf_ZS=F_d11;41600;INTARIAN_PEPPER_ROOT;11132;15;11129;12;;;11138;18;11140;26;;;11135.0;0.0
yf_ZS=F_d11;41700;ASH_COATED_OSMIUM;9903;17;9901;21;;;9909;14;9913;13;;;9906.0;0.0
yf_ZS=F_d11;41700;INTARIAN_PEPPER_ROOT;11134;12;11130;19;;;11140;17;11142;14;;;11137.0;0.0
yf_ZS=F_d11;41800;ASH_COATED_OSMIUM;9903;6;9899;28;;;9909;12;9913;22;;;9906.0;0.0
yf_ZS=F_d11;41800;INTARIAN_PEPPER_ROOT;11135;10;11133;24;;;11141;19;11145;23;;;11138.0;0.0
yf_ZS=F_d11;41900;ASH_COATED_OSMIUM;9902;16;9899;15;;;9908;22;9911;24;;;9905.0;0.0
yf_ZS=F_d11;41900;INTARIAN_PEPPER_ROOT;11137;10;11135;22;;;11143;8;11147;18;;;11140.0;0.0
yf_ZS=F_d11;42000;ASH_COATED_OSMIUM;9902;13;9899;26;;;9909;15;9911;24;;;9905.5;0.0
yf_ZS=F_d11;42000;INTARIAN_PEPPER_ROOT;11137;14;11134;25;;;11145;25;11147;27;;;11141.0;0.0
yf_ZS=F_d11;42100;ASH_COATED_OSMIUM;9903;18;9899;22;;;9909;10;9912;19;;;9906.0;0.0
yf_ZS=F_d11;42100;INTARIAN_PEPPER_ROOT;11140;9;11137;23;;;11146;14;11150;11;;;11143.0;0.0
yf_ZS=F_d11;42200;ASH_COATED_OSMIUM;9899;16;9897;23;;;9912;10;9915;20;;;9905.5;0.0
yf_ZS=F_d11;42200;INTARIAN_PEPPER_ROOT;11138;11;11136;17;;;11151;5;11155;13;;;11144.5;0.0
yf_ZS=F_d11;42300;ASH_COATED_OSMIUM;9903;10;9899;19;;;9909;23;9912;19;;;9906.0;0.0
yf_ZS=F_d11;42300;INTARIAN_PEPPER_ROOT;11141;16;11138;23;;;11152;19;11155;24;;;11146.5;0.0
yf_ZS=F_d11;42400;ASH_COATED_OSMIUM;9903;13;9899;10;;;9909;11;9913;17;;;9906.0;0.0
yf_ZS=F_d11;42400;INTARIAN_PEPPER_ROOT;11144;18;11141;18;;;11150;14;11154;31;;;11147.0;0.0
yf_ZS=F_d11;42500;ASH_COATED_OSMIUM;9897;20;9894;16;;;9914;17;9917;17;;;9905.5;0.0
yf_ZS=F_d11;42500;INTARIAN_PEPPER_ROOT;11140;22;11138;18;;;11159;8;11161;29;;;11149.5;0.0
yf_ZS=F_d11;42600;ASH_COATED_OSMIUM;9882;21;9880;12;;;9928;19;9931;13;;;9905.0;0.0
yf_ZS=F_d11;42600;INTARIAN_PEPPER_ROOT;11148;16;11144;35;;;11154;11;11158;17;;;11151.0;0.0
yf_ZS=F_d11;42700;ASH_COATED_OSMIUM;9902;16;9900;13;;;9908;7;9910;15;;;9905.0;0.0
yf_ZS=F_d11;42700;INTARIAN_PEPPER_ROOT;11142;13;11140;20;;;11163;11;11167;23;;;11152.5;0.0
yf_ZS=F_d11;42800;ASH_COATED_OSMIUM;9902;8;9898;29;;;9908;22;9911;24;;;9905.0;0.0
yf_ZS=F_d11;42800;INTARIAN_PEPPER_ROOT;11151;6;11147;26;;;11157;15;11160;13;;;11154.0;0.0
yf_ZS=F_d11;42900;ASH_COATED_OSMIUM;9898;12;9894;13;;;9911;25;9915;15;;;9904.5;0.0
yf_ZS=F_d11;42900;INTARIAN_PEPPER_ROOT;11153;14;11151;16;;;11159;12;11161;25;;;11156.0;0.0
yf_ZS=F_d11;43000;ASH_COATED_OSMIUM;9902;11;9898;24;;;9908;10;9912;24;;;9905.0;0.0
yf_ZS=F_d11;43000;INTARIAN_PEPPER_ROOT;11154;14;11151;25;;;11160;19;11164;17;;;11157.0;0.0
yf_ZS=F_d11;43100;ASH_COATED_OSMIUM;9902;10;9899;27;;;9908;17;9911;16;;;9905.0;0.0
yf_ZS=F_d11;43100;INTARIAN_PEPPER_ROOT;11155;18;11152;25;;;11161;11;11163;16;;;11158.0;0.0
yf_ZS=F_d11;43200;ASH_COATED_OSMIUM;9895;13;9891;15;;;9917;7;9921;13;;;9906.0;0.0
yf_ZS=F_d11;43200;INTARIAN_PEPPER_ROOT;11157;14;11154;24;;;11163;13;11165;23;;;11160.0;0.0
yf_ZS=F_d11;43300;ASH_COATED_OSMIUM;9902;15;9899;19;;;9908;16;9911;20;;;9905.0;0.0
yf_ZS=F_d11;43300;INTARIAN_PEPPER_ROOT;11158;22;11156;20;;;11164;14;11168;18;;;11161.0;0.0
yf_ZS=F_d11;43400;ASH_COATED_OSMIUM;9902;14;9900;24;;;9908;24;9911;23;;;9905.0;0.0
yf_ZS=F_d11;43400;INTARIAN_PEPPER_ROOT;11160;6;11157;25;;;11166;12;11168;23;;;11163.0;0.0
yf_ZS=F_d11;43500;ASH_COATED_OSMIUM;9902;13;9898;24;;;9909;16;9913;16;;;9905.5;0.0
yf_ZS=F_d11;43500;INTARIAN_PEPPER_ROOT;11162;11;11160;23;;;11169;17;11172;22;;;11165.5;0.0
yf_ZS=F_d11;43600;ASH_COATED_OSMIUM;9902;10;9898;13;;;9908;16;9911;24;;;9905.0;0.0
yf_ZS=F_d11;43600;INTARIAN_PEPPER_ROOT;11163;13;11161;26;;;11169;6;11172;22;;;11166.0;0.0
yf_ZS=F_d11;43700;ASH_COATED_OSMIUM;9902;17;9899;17;;;9909;9;9912;17;;;9905.5;0.0
yf_ZS=F_d11;43700;INTARIAN_PEPPER_ROOT;11165;7;11161;23;;;11171;21;11174;12;;;11168.0;0.0
yf_ZS=F_d11;43800;ASH_COATED_OSMIUM;9902;21;9900;18;;;9908;11;9912;17;;;9905.0;0.0
yf_ZS=F_d11;43800;INTARIAN_PEPPER_ROOT;11166;21;11162;25;;;11172;21;11174;23;;;11169.0;0.0
yf_ZS=F_d11;43900;ASH_COATED_OSMIUM;9898;13;9896;22;;;9912;6;9914;18;;;9905.0;0.0
yf_ZS=F_d11;43900;INTARIAN_PEPPER_ROOT;11168;16;11165;23;;;11174;10;11177;24;;;11171.0;0.0
yf_ZS=F_d11;44000;ASH_COATED_OSMIUM;9890;12;9887;24;;;9920;20;9923;18;;;9905.0;0.0
yf_ZS=F_d11;44000;INTARIAN_PEPPER_ROOT;11165;15;11162;20;;;11180;10;11183;13;;;11172.5;0.0
yf_ZS=F_d11;44100;ASH_COATED_OSMIUM;9899;5;9897;21;;;9912;21;9914;12;;;9905.5;0.0
yf_ZS=F_d11;44100;INTARIAN_PEPPER_ROOT;11168;14;11165;15;;;11180;20;11183;20;;;11174.0;0.0
yf_ZS=F_d11;44200;ASH_COATED_OSMIUM;9902;13;9899;10;;;9908;19;9912;8;;;9905.0;0.0
yf_ZS=F_d11;44200;INTARIAN_PEPPER_ROOT;11172;16;11168;19;;;11181;20;11184;15;;;11176.5;0.0
yf_ZS=F_d11;44300;ASH_COATED_OSMIUM;9902;16;9900;14;;;9908;15;9911;17;;;9905.0;0.0
yf_ZS=F_d11;44300;INTARIAN_PEPPER_ROOT;11173;17;11170;21;;;11183;14;11185;12;;;11178.0;0.0
yf_ZS=F_d11;44400;ASH_COATED_OSMIUM;9901;12;9898;18;;;9910;15;9914;18;;;9905.5;0.0
yf_ZS=F_d11;44400;INTARIAN_PEPPER_ROOT;11176;17;11173;23;;;11182;15;11184;9;;;11179.0;0.0
yf_ZS=F_d11;44500;ASH_COATED_OSMIUM;9902;13;9898;22;;;9908;16;9911;21;;;9905.0;0.0
yf_ZS=F_d11;44500;INTARIAN_PEPPER_ROOT;11175;11;11172;20;;;11185;9;11187;29;;;11180.0;0.0
yf_ZS=F_d11;44600;ASH_COATED_OSMIUM;9902;18;9900;22;;;9908;8;9910;32;;;9905.0;0.0
yf_ZS=F_d11;44600;INTARIAN_PEPPER_ROOT;11171;15;11168;24;;;11193;18;11197;11;;;11182.0;0.0
yf_ZS=F_d11;44700;ASH_COATED_OSMIUM;9896;18;9893;26;;;9913;7;9917;10;;;9904.5;0.0
yf_ZS=F_d11;44700;INTARIAN_PEPPER_ROOT;11181;9;11177;20;;;11187;15;11191;22;;;11184.0;0.0
yf_ZS=F_d11;44800;ASH_COATED_OSMIUM;9899;14;9897;13;;;9911;14;9914;10;;;9905.0;0.0
yf_ZS=F_d11;44800;INTARIAN_PEPPER_ROOT;11182;14;11179;30;;;11188;22;11192;16;;;11185.0;0.0
yf_ZS=F_d11;44900;ASH_COATED_OSMIUM;9902;19;9898;16;;;9908;14;9912;16;;;9905.0;0.0
yf_ZS=F_d11;44900;INTARIAN_PEPPER_ROOT;11179;14;11176;15;;;11194;10;11196;24;;;11186.5;0.0
yf_ZS=F_d11;45000;ASH_COATED_OSMIUM;9902;5;9900;11;;;9908;11;9910;11;;;9905.0;0.0
yf_ZS=F_d11;45000;INTARIAN_PEPPER_ROOT;11185;21;11181;17;;;11191;20;11195;24;;;11188.0;0.0
yf_ZS=F_d11;45100;ASH_COATED_OSMIUM;9901;13;9899;26;;;9908;13;9912;17;;;9904.5;0.0
yf_ZS=F_d11;45100;INTARIAN_PEPPER_ROOT;11187;14;11185;21;;;11193;15;11196;15;;;11190.0;0.0
yf_ZS=F_d11;45200;ASH_COATED_OSMIUM;9901;13;9897;16;;;9909;19;9911;16;;;9905.0;0.0
yf_ZS=F_d11;45200;INTARIAN_PEPPER_ROOT;11188;25;11184;12;;;11194;15;11197;22;;;11191.0;0.0
yf_ZS=F_d11;45300;ASH_COATED_OSMIUM;9881;10;9877;14;;;9928;13;9931;20;;;9904.5;0.0
yf_ZS=F_d11;45300;INTARIAN_PEPPER_ROOT;11190;20;11188;26;;;11196;19;11200;14;;;11193.0;0.0
yf_ZS=F_d11;45400;ASH_COATED_OSMIUM;9901;18;9899;13;;;9907;15;9911;21;;;9904.0;0.0
yf_ZS=F_d11;45400;INTARIAN_PEPPER_ROOT;11192;18;11189;11;;;11198;20;11202;21;;;11195.0;0.0
yf_ZS=F_d11;45500;ASH_COATED_OSMIUM;9902;15;9898;24;;;9908;10;9910;22;;;9905.0;0.0
yf_ZS=F_d11;45500;INTARIAN_PEPPER_ROOT;11194;18;11190;19;;;11200;13;11203;12;;;11197.0;0.0
yf_ZS=F_d11;45600;ASH_COATED_OSMIUM;9901;12;9897;27;;;9907;14;9911;18;;;9904.0;0.0
yf_ZS=F_d11;45600;INTARIAN_PEPPER_ROOT;11195;18;11192;24;;;11201;19;11205;29;;;11198.0;0.0
yf_ZS=F_d11;45700;ASH_COATED_OSMIUM;9902;5;9899;20;;;9908;18;9910;23;;;9905.0;0.0
yf_ZS=F_d11;45700;INTARIAN_PEPPER_ROOT;11197;16;11195;21;;;11203;17;11206;17;;;11200.0;0.0
yf_ZS=F_d11;45800;ASH_COATED_OSMIUM;9902;23;9898;30;;;9908;17;9910;17;;;9905.0;0.0
yf_ZS=F_d11;45800;INTARIAN_PEPPER_ROOT;11197;12;11194;29;;;11205;13;11207;20;;;11201.0;0.0
yf_ZS=F_d11;45900;ASH_COATED_OSMIUM;9902;12;9899;20;;;9908;10;9910;26;;;9905.0;0.0
yf_ZS=F_d11;45900;INTARIAN_PEPPER_ROOT;11196;24;11192;20;;;11208;7;11210;11;;;11202.0;0.0
yf_ZS=F_d11;46000;ASH_COATED_OSMIUM;9901;25;9898;19;;;9907;12;9911;21;;;9904.0;0.0
yf_ZS=F_d11;46000;INTARIAN_PEPPER_ROOT;11201;13;11197;22;;;11207;21;11210;9;;;11204.0;0.0
yf_ZS=F_d11;46100;ASH_COATED_OSMIUM;9896;21;9893;22;;;9914;14;9918;32;;;9905.0;0.0
yf_ZS=F_d11;46100;INTARIAN_PEPPER_ROOT;11198;19;11196;11;;;11215;23;11217;19;;;11206.5;0.0
yf_ZS=F_d11;46200;ASH_COATED_OSMIUM;9902;11;9898;17;;;9908;17;9912;19;;;9905.0;0.0
yf_ZS=F_d11;46200;INTARIAN_PEPPER_ROOT;11204;10;11202;22;;;11210;15;11213;15;;;11207.0;0.0
yf_ZS=F_d11;46300;ASH_COATED_OSMIUM;9896;14;9894;21;;;9914;13;9917;26;;;9905.0;0.0
yf_ZS=F_d11;46300;INTARIAN_PEPPER_ROOT;11199;11;11197;16;;;11219;15;11221;25;;;11209.0;0.0
yf_ZS=F_d11;46400;ASH_COATED_OSMIUM;9897;12;9895;16;;;9912;19;9915;22;;;9904.5;0.0
yf_ZS=F_d11;46400;INTARIAN_PEPPER_ROOT;11203;10;11200;9;;;11218;8;11222;21;;;11210.5;0.0
yf_ZS=F_d11;46500;ASH_COATED_OSMIUM;9902;6;9898;25;;;9908;16;9911;18;;;9905.0;0.0
yf_ZS=F_d11;46500;INTARIAN_PEPPER_ROOT;11204;20;11200;17;;;11219;9;11222;20;;;11211.5;0.0
yf_ZS=F_d11;46600;ASH_COATED_OSMIUM;9900;13;9896;16;;;9909;10;9912;23;;;9904.5;0.0
yf_ZS=F_d11;46600;INTARIAN_PEPPER_ROOT;11210;19;11208;21;;;11216;13;11218;22;;;11213.0;0.0
yf_ZS=F_d11;46700;ASH_COATED_OSMIUM;9899;13;9897;26;;;9911;17;9913;23;;;9905.0;0.0
yf_ZS=F_d11;46700;INTARIAN_PEPPER_ROOT;11203;15;11200;22;;;11226;10;11229;29;;;11214.5;0.0
yf_ZS=F_d11;46800;ASH_COATED_OSMIUM;9901;5;9899;20;;;9907;12;9911;24;;;9904.0;0.0
yf_ZS=F_d11;46800;INTARIAN_PEPPER_ROOT;11213;16;11210;29;;;11219;19;11222;30;;;11216.0;0.0
yf_ZS=F_d11;46900;ASH_COATED_OSMIUM;9901;19;9897;23;;;9908;16;9912;27;;;9904.5;0.0
yf_ZS=F_d11;46900;INTARIAN_PEPPER_ROOT;11215;13;11212;27;;;11221;12;11225;21;;;11218.0;0.0
yf_ZS=F_d11;47000;ASH_COATED_OSMIUM;9894;16;9892;13;;;9915;13;9917;23;;;9904.5;0.0
yf_ZS=F_d11;47000;INTARIAN_PEPPER_ROOT;11216;18;11214;12;;;11224;14;11227;16;;;11220.0;0.0
yf_ZS=F_d11;47100;ASH_COATED_OSMIUM;9901;12;9898;24;;;9907;15;9911;23;;;9904.0;0.0
yf_ZS=F_d11;47100;INTARIAN_PEPPER_ROOT;11216;12;11213;31;;;11228;17;11231;20;;;11222.0;0.0
yf_ZS=F_d11;47200;ASH_COATED_OSMIUM;9897;8;9894;23;;;9912;12;9914;20;;;9904.5;0.0
yf_ZS=F_d11;47200;INTARIAN_PEPPER_ROOT;11219;14;11215;22;;;11225;12;11228;14;;;11222.0;0.0
yf_ZS=F_d11;47300;ASH_COATED_OSMIUM;9901;8;9898;23;;;9907;15;9910;19;;;9904.0;0.0
yf_ZS=F_d11;47300;INTARIAN_PEPPER_ROOT;11212;14;11209;22;;;11237;7;11240;19;;;11224.5;0.0
yf_ZS=F_d11;47400;ASH_COATED_OSMIUM;9901;11;9899;22;;;9908;25;9912;22;;;9904.5;0.0
yf_ZS=F_d11;47400;INTARIAN_PEPPER_ROOT;11211;17;11209;15;;;11241;15;11243;14;;;11226.0;0.0
yf_ZS=F_d11;47500;ASH_COATED_OSMIUM;9897;10;9894;21;;;9912;13;9914;22;;;9904.5;0.0
yf_ZS=F_d11;47500;INTARIAN_PEPPER_ROOT;11223;25;11220;21;;;11231;8;11233;8;;;11227.0;0.0
yf_ZS=F_d11;47600;ASH_COATED_OSMIUM;9899;8;9896;16;;;9910;25;9913;29;;;9904.5;0.0
yf_ZS=F_d11;47600;INTARIAN_PEPPER_ROOT;11226;5;11224;10;;;11232;21;11234;21;;;11229.0;0.0
yf_ZS=F_d11;47700;ASH_COATED_OSMIUM;9902;14;9898;18;;;9908;7;9912;19;;;9905.0;0.0
yf_ZS=F_d11;47700;INTARIAN_PEPPER_ROOT;11227;15;11224;12;;;11233;16;11237;31;;;11230.0;0.0
yf_ZS=F_d11;47800;ASH_COATED_OSMIUM;9901;16;9898;24;;;9907;9;9909;14;;;9904.0;0.0
yf_ZS=F_d11;47800;INTARIAN_PEPPER_ROOT;11229;12;11226;12;;;11235;18;11237;20;;;11232.0;0.0
yf_ZS=F_d11;47900;ASH_COATED_OSMIUM;9901;17;9899;18;;;9907;8;9909;19;;;9904.0;0.0
yf_ZS=F_d11;47900;INTARIAN_PEPPER_ROOT;11230;20;11227;12;;;11236;14;11238;19;;;11233.0;0.0
yf_ZS=F_d11;48000;ASH_COATED_OSMIUM;9896;23;9894;28;;;9911;12;9915;27;;;9903.5;0.0
yf_ZS=F_d11;48000;INTARIAN_PEPPER_ROOT;11232;5;11230;27;;;11239;7;11242;21;;;11235.5;0.0
yf_ZS=F_d11;48100;ASH_COATED_OSMIUM;9899;10;9897;18;;;9908;21;9910;24;;;9903.5;0.0
yf_ZS=F_d11;48100;INTARIAN_PEPPER_ROOT;11233;21;11231;20;;;11239;17;11242;26;;;11236.0;0.0
yf_ZS=F_d11;48200;ASH_COATED_OSMIUM;9901;12;9897;23;;;9907;13;9909;22;;;9904.0;0.0
yf_ZS=F_d11;48200;INTARIAN_PEPPER_ROOT;11235;11;11231;22;;;11241;18;11244;11;;;11238.0;0.0
yf_ZS=F_d11;48300;ASH_COATED_OSMIUM;9901;5;9899;24;;;9907;16;9911;24;;;9904.0;0.0
yf_ZS=F_d11;48300;INTARIAN_PEPPER_ROOT;11223;8;11219;17;;;11257;8;11261;21;;;11240.0;0.0
yf_ZS=F_d11;48400;ASH_COATED_OSMIUM;9901;15;9899;24;;;9907;12;9911;24;;;9904.0;0.0
yf_ZS=F_d11;48400;INTARIAN_PEPPER_ROOT;11238;7;11235;10;;;11245;9;11249;22;;;11241.5;0.0
yf_ZS=F_d11;48500;ASH_COATED_OSMIUM;9901;10;9899;25;;;9907;17;9910;19;;;9904.0;0.0
yf_ZS=F_d11;48500;INTARIAN_PEPPER_ROOT;11234;17;11231;17;;;11251;21;11254;23;;;11242.5;0.0
yf_ZS=F_d11;48600;ASH_COATED_OSMIUM;9901;15;9897;31;;;9907;15;9910;19;;;9904.0;0.0
yf_ZS=F_d11;48600;INTARIAN_PEPPER_ROOT;11240;11;11238;21;;;11250;8;11254;22;;;11245.0;0.0
yf_ZS=F_d11;48700;ASH_COATED_OSMIUM;9901;13;9897;23;;;9907;19;9909;11;;;9904.0;0.0
yf_ZS=F_d11;48700;INTARIAN_PEPPER_ROOT;11242;21;11238;25;;;11251;15;11254;18;;;11246.5;0.0
yf_ZS=F_d11;48800;ASH_COATED_OSMIUM;9898;14;9895;27;;;9911;19;9914;18;;;9904.5;0.0
yf_ZS=F_d11;48800;INTARIAN_PEPPER_ROOT;11220;16;11216;17;;;11275;16;11279;15;;;11247.5;0.0
yf_ZS=F_d11;48900;ASH_COATED_OSMIUM;9902;22;9900;28;;;9908;17;9911;20;;;9905.0;0.0
yf_ZS=F_d11;48900;INTARIAN_PEPPER_ROOT;11246;8;11243;15;;;11252;10;11256;18;;;11249.0;0.0
yf_ZS=F_d11;49000;ASH_COATED_OSMIUM;9901;21;9899;9;;;9907;12;9910;26;;;9904.0;0.0
yf_ZS=F_d11;49000;INTARIAN_PEPPER_ROOT;11248;17;11244;13;;;11254;14;11257;19;;;11251.0;0.0
yf_ZS=F_d11;49100;ASH_COATED_OSMIUM;9898;7;9895;25;;;9910;14;9914;15;;;9904.0;0.0
yf_ZS=F_d11;49100;INTARIAN_PEPPER_ROOT;11248;15;11246;27;;;11257;14;11261;25;;;11252.5;0.0
yf_ZS=F_d11;49200;ASH_COATED_OSMIUM;9891;15;9887;15;;;9917;23;9921;12;;;9904.0;0.0
yf_ZS=F_d11;49200;INTARIAN_PEPPER_ROOT;11251;16;11248;16;;;11257;11;11259;23;;;11254.0;0.0
yf_ZS=F_d11;49300;ASH_COATED_OSMIUM;9901;7;9899;30;;;9907;11;9910;16;;;9904.0;0.0
yf_ZS=F_d11;49300;INTARIAN_PEPPER_ROOT;11249;13;11245;24;;;11260;19;11262;18;;;11254.5;0.0
yf_ZS=F_d11;49400;ASH_COATED_OSMIUM;9901;9;9897;24;;;9907;19;9909;19;;;9904.0;0.0
yf_ZS=F_d11;49400;INTARIAN_PEPPER_ROOT;11254;15;11251;29;;;11260;11;11263;22;;;11257.0;0.0
yf_ZS=F_d11;49500;ASH_COATED_OSMIUM;9899;12;9897;28;;;9910;13;9913;27;;;9904.5;0.0
yf_ZS=F_d11;49500;INTARIAN_PEPPER_ROOT;11254;12;11252;13;;;11262;14;11265;27;;;11258.0;0.0
yf_ZS=F_d11;49600;ASH_COATED_OSMIUM;9900;15;9898;29;;;9907;8;9910;25;;;9903.5;0.0
yf_ZS=F_d11;49600;INTARIAN_PEPPER_ROOT;11258;22;11254;23;;;11264;24;11268;13;;;11261.0;0.0
yf_ZS=F_d11;49700;ASH_COATED_OSMIUM;9901;17;9899;15;;;9907;20;9911;18;;;9904.0;0.0
yf_ZS=F_d11;49700;INTARIAN_PEPPER_ROOT;11259;10;11256;23;;;11265;19;11268;24;;;11262.0;0.0
yf_ZS=F_d11;49800;ASH_COATED_OSMIUM;9901;7;9898;19;;;9907;23;9911;15;;;9904.0;0.0
yf_ZS=F_d11;49800;INTARIAN_PEPPER_ROOT;11260;15;11258;20;;;11266;5;11269;20;;;11263.0;0.0
yf_ZS=F_d11;49900;ASH_COATED_OSMIUM;9897;15;9893;23;;;9911;17;9915;22;;;9904.0;0.0
yf_ZS=F_d11;49900;INTARIAN_PEPPER_ROOT;11261;15;11257;15;;;11267;5;11271;18;;;11264.0;0.0
yf_ZS=F_d11;50000;ASH_COATED_OSMIUM;9896;17;9893;23;;;9912;19;9914;19;;;9904.0;0.0
yf_ZS=F_d11;50000;INTARIAN_PEPPER_ROOT;11261;19;11257;17;;;11271;30;11274;24;;;11266.0;0.0
yf_ZS=F_d11;50100;ASH_COATED_OSMIUM;9901;21;9899;21;;;9907;15;9909;20;;;9904.0;0.0
yf_ZS=F_d11;50100;INTARIAN_PEPPER_ROOT;11264;13;11260;25;;;11271;15;11273;12;;;11267.5;0.0
yf_ZS=F_d11;50200;ASH_COATED_OSMIUM;9900;23;9897;22;;;9906;19;9908;10;;;9903.0;0.0
yf_ZS=F_d11;50200;INTARIAN_PEPPER_ROOT;11267;13;11265;17;;;11273;13;11277;13;;;11270.0;0.0
yf_ZS=F_d11;50300;ASH_COATED_OSMIUM;9899;17;9895;13;;;9909;17;9911;15;;;9904.0;0.0
yf_ZS=F_d11;50300;INTARIAN_PEPPER_ROOT;11257;14;11255;28;;;11284;16;11286;26;;;11270.5;0.0
yf_ZS=F_d11;50400;ASH_COATED_OSMIUM;9892;16;9888;26;;;9915;17;9918;10;;;9903.5;0.0
yf_ZS=F_d11;50400;INTARIAN_PEPPER_ROOT;11269;14;11267;22;;;11275;14;11278;15;;;11272.0;0.0
yf_ZS=F_d11;50500;ASH_COATED_OSMIUM;9900;17;9896;21;;;9906;7;9908;17;;;9903.0;0.0
yf_ZS=F_d11;50500;INTARIAN_PEPPER_ROOT;11268;13;11266;17;;;11281;15;11284;24;;;11274.5;0.0
yf_ZS=F_d11;50600;ASH_COATED_OSMIUM;9900;17;9898;18;;;9906;11;9909;15;;;9903.0;0.0
yf_ZS=F_d11;50600;INTARIAN_PEPPER_ROOT;11269;8;11267;12;;;11284;19;11287;16;;;11276.5;0.0
yf_ZS=F_d11;50700;ASH_COATED_OSMIUM;9901;13;9897;29;;;9907;10;9911;22;;;9904.0;0.0
yf_ZS=F_d11;50700;INTARIAN_PEPPER_ROOT;11271;17;11269;23;;;11284;23;11287;18;;;11277.5;0.0
yf_ZS=F_d11;50800;ASH_COATED_OSMIUM;9893;16;9891;17;;;9913;19;9916;15;;;9903.0;0.0
yf_ZS=F_d11;50800;INTARIAN_PEPPER_ROOT;11276;22;11272;19;;;11282;23;11285;17;;;11279.0;0.0
yf_ZS=F_d11;50900;ASH_COATED_OSMIUM;9900;9;9897;22;;;9906;15;9910;14;;;9903.0;0.0
yf_ZS=F_d11;50900;INTARIAN_PEPPER_ROOT;11272;13;11270;23;;;11285;12;11289;17;;;11278.5;0.0
yf_ZS=F_d11;51000;ASH_COATED_OSMIUM;9900;15;9898;29;;;9907;7;9910;22;;;9903.5;0.0
yf_ZS=F_d11;51000;INTARIAN_PEPPER_ROOT;11274;19;11272;18;;;11280;13;11282;19;;;11277.0;0.0
yf_ZS=F_d11;51100;ASH_COATED_OSMIUM;9900;5;9896;26;;;9906;22;9910;19;;;9903.0;0.0
yf_ZS=F_d11;51100;INTARIAN_PEPPER_ROOT;11269;15;11265;19;;;11279;15;11283;27;;;11274.0;0.0
yf_ZS=F_d11;51200;ASH_COATED_OSMIUM;9901;12;9898;16;;;9907;5;9911;21;;;9904.0;0.0
yf_ZS=F_d11;51200;INTARIAN_PEPPER_ROOT;11270;5;11268;21;;;11276;24;11278;17;;;11273.0;0.0
yf_ZS=F_d11;51300;ASH_COATED_OSMIUM;9899;18;9896;17;;;9908;19;9912;23;;;9903.5;0.0
yf_ZS=F_d11;51300;INTARIAN_PEPPER_ROOT;11268;9;11265;24;;;11274;26;11278;20;;;11271.0;0.0
yf_ZS=F_d11;51400;ASH_COATED_OSMIUM;9901;9;9899;12;;;9907;20;9909;14;;;9904.0;0.0
yf_ZS=F_d11;51400;INTARIAN_PEPPER_ROOT;11265;9;11262;21;;;11271;20;11273;25;;;11268.0;0.0
yf_ZS=F_d11;51500;ASH_COATED_OSMIUM;9901;12;9898;23;;;9907;23;9910;21;;;9904.0;0.0
yf_ZS=F_d11;51500;INTARIAN_PEPPER_ROOT;11263;18;11260;26;;;11269;13;11273;17;;;11266.0;0.0
yf_ZS=F_d11;51600;ASH_COATED_OSMIUM;9895;20;9891;21;;;9911;15;9913;30;;;9903.0;0.0
yf_ZS=F_d11;51600;INTARIAN_PEPPER_ROOT;11262;14;11259;21;;;11268;14;11272;17;;;11265.0;0.0
yf_ZS=F_d11;51700;ASH_COATED_OSMIUM;9901;22;9897;12;;;9907;6;9911;21;;;9904.0;0.0
yf_ZS=F_d11;51700;INTARIAN_PEPPER_ROOT;11258;11;11256;23;;;11265;21;11269;19;;;11261.5;0.0
yf_ZS=F_d11;51800;ASH_COATED_OSMIUM;9891;21;9888;26;;;9916;23;9919;20;;;9903.5;0.0
yf_ZS=F_d11;51800;INTARIAN_PEPPER_ROOT;11258;20;11254;18;;;11264;21;11267;17;;;11261.0;0.0
yf_ZS=F_d11;51900;ASH_COATED_OSMIUM;9900;22;9897;17;;;9909;14;9913;21;;;9904.5;0.0
yf_ZS=F_d11;51900;INTARIAN_PEPPER_ROOT;11255;18;11252;15;;;11261;9;11263;14;;;11258.0;0.0
yf_ZS=F_d11;52000;ASH_COATED_OSMIUM;9899;8;9896;24;;;9908;7;9910;22;;;9903.5;0.0
yf_ZS=F_d11;52000;INTARIAN_PEPPER_ROOT;11252;15;11249;21;;;11261;21;11263;28;;;11256.5;0.0
yf_ZS=F_d11;52100;ASH_COATED_OSMIUM;9896;16;9892;22;;;9911;11;9914;11;;;9903.5;0.0
yf_ZS=F_d11;52100;INTARIAN_PEPPER_ROOT;11247;15;11245;8;;;11261;11;11265;21;;;11254.0;0.0
yf_ZS=F_d11;52200;ASH_COATED_OSMIUM;9901;20;9899;10;;;9907;17;9911;24;;;9904.0;0.0
yf_ZS=F_d11;52200;INTARIAN_PEPPER_ROOT;11250;12;11248;18;;;11256;7;11258;20;;;11253.0;0.0
yf_ZS=F_d11;52300;ASH_COATED_OSMIUM;9901;14;9897;20;;;9907;15;9909;18;;;9904.0;0.0
yf_ZS=F_d11;52300;INTARIAN_PEPPER_ROOT;11245;21;11242;20;;;11257;22;11259;21;;;11251.0;0.0
yf_ZS=F_d11;52400;ASH_COATED_OSMIUM;9900;22;9897;17;;;9906;8;9910;14;;;9903.0;0.0
yf_ZS=F_d11;52400;INTARIAN_PEPPER_ROOT;11235;15;11231;18;;;11262;13;11266;20;;;11248.5;0.0
yf_ZS=F_d11;52500;ASH_COATED_OSMIUM;9900;19;9896;21;;;9906;15;9908;19;;;9903.0;0.0
yf_ZS=F_d11;52500;INTARIAN_PEPPER_ROOT;11243;15;11239;23;;;11249;14;11253;27;;;11246.0;0.0
yf_ZS=F_d11;52600;ASH_COATED_OSMIUM;9901;11;9897;18;;;9907;11;9910;29;;;9904.0;0.0
yf_ZS=F_d11;52600;INTARIAN_PEPPER_ROOT;11238;12;11236;28;;;11251;9;11254;17;;;11244.5;0.0
yf_ZS=F_d11;52700;ASH_COATED_OSMIUM;9900;14;9898;20;;;9906;9;9909;20;;;9903.0;0.0
yf_ZS=F_d11;52700;INTARIAN_PEPPER_ROOT;11240;10;11236;18;;;11246;9;11249;10;;;11243.0;0.0
yf_ZS=F_d11;52800;ASH_COATED_OSMIUM;9901;14;9897;20;;;9907;15;9910;16;;;9904.0;0.0
yf_ZS=F_d11;52800;INTARIAN_PEPPER_ROOT;11236;7;11234;15;;;11245;21;11249;24;;;11240.5;0.0
yf_ZS=F_d11;52900;ASH_COATED_OSMIUM;9888;19;9885;33;;;9919;19;9921;8;;;9903.5;0.0
yf_ZS=F_d11;52900;INTARIAN_PEPPER_ROOT;11236;15;11234;20;;;11242;24;11246;18;;;11239.0;0.0
yf_ZS=F_d11;53000;ASH_COATED_OSMIUM;9894;12;9890;20;;;9913;9;9916;15;;;9903.5;0.0
yf_ZS=F_d11;53000;INTARIAN_PEPPER_ROOT;11230;18;11226;18;;;11243;7;11245;21;;;11236.5;0.0
yf_ZS=F_d11;53100;ASH_COATED_OSMIUM;9901;7;9899;21;;;9907;6;9909;20;;;9904.0;0.0
yf_ZS=F_d11;53100;INTARIAN_PEPPER_ROOT;11231;10;11228;25;;;11237;16;11241;15;;;11234.0;0.0
yf_ZS=F_d11;53200;ASH_COATED_OSMIUM;9899;5;9897;16;;;9909;10;9911;20;;;9904.0;0.0
yf_ZS=F_d11;53200;INTARIAN_PEPPER_ROOT;11230;21;11226;15;;;11236;11;11238;29;;;11233.0;0.0
yf_ZS=F_d11;53300;ASH_COATED_OSMIUM;9901;20;9897;24;;;9907;21;9911;22;;;9904.0;0.0
yf_ZS=F_d11;53300;INTARIAN_PEPPER_ROOT;11228;15;11226;25;;;11234;14;11236;31;;;11231.0;0.0
yf_ZS=F_d11;53400;ASH_COATED_OSMIUM;9892;15;9888;12;;;9916;20;9920;20;;;9904.0;0.0
yf_ZS=F_d11;53400;INTARIAN_PEPPER_ROOT;11226;5;11222;14;;;11232;13;11234;18;;;11229.0;0.0
yf_ZS=F_d11;53500;ASH_COATED_OSMIUM;9900;10;9896;13;;;9907;18;9911;16;;;9903.5;0.0
yf_ZS=F_d11;53500;INTARIAN_PEPPER_ROOT;11213;23;11210;18;;;11240;15;11243;25;;;11226.5;0.0
yf_ZS=F_d11;53600;ASH_COATED_OSMIUM;9901;26;9899;24;;;9907;16;9910;25;;;9904.0;0.0
yf_ZS=F_d11;53600;INTARIAN_PEPPER_ROOT;11220;14;11216;18;;;11229;5;11233;14;;;11224.5;0.0
yf_ZS=F_d11;53700;ASH_COATED_OSMIUM;9900;16;9896;23;;;9906;9;9910;16;;;9903.0;0.0
yf_ZS=F_d11;53700;INTARIAN_PEPPER_ROOT;11220;20;11216;20;;;11226;12;11230;26;;;11223.0;0.0
yf_ZS=F_d11;53800;ASH_COATED_OSMIUM;9890;24;9886;13;;;9916;10;9919;10;;;9903.0;0.0
yf_ZS=F_d11;53800;INTARIAN_PEPPER_ROOT;11217;22;11215;23;;;11223;14;11225;26;;;11220.0;0.0
yf_ZS=F_d11;53900;ASH_COATED_OSMIUM;9900;7;9896;20;;;9907;21;9909;20;;;9903.5;0.0
yf_ZS=F_d11;53900;INTARIAN_PEPPER_ROOT;11214;16;11212;18;;;11222;13;11226;24;;;11218.0;0.0
yf_ZS=F_d11;54000;ASH_COATED_OSMIUM;9895;21;9892;8;;;9911;19;9913;18;;;9903.0;0.0
yf_ZS=F_d11;54000;INTARIAN_PEPPER_ROOT;11214;14;11212;22;;;11220;19;11223;15;;;11217.0;0.0
yf_ZS=F_d11;54100;ASH_COATED_OSMIUM;9900;18;9896;12;;;9906;10;9908;24;;;9903.0;0.0
yf_ZS=F_d11;54100;INTARIAN_PEPPER_ROOT;11205;20;11201;32;;;11224;14;11226;13;;;11214.5;0.0
yf_ZS=F_d11;54200;ASH_COATED_OSMIUM;9901;15;9897;27;;;9907;11;9909;21;;;9904.0;0.0
yf_ZS=F_d11;54200;INTARIAN_PEPPER_ROOT;11206;19;11202;35;;;11219;5;11221;14;;;11212.5;0.0
yf_ZS=F_d11;54300;ASH_COATED_OSMIUM;9901;19;9897;22;;;9907;13;9910;28;;;9904.0;0.0
yf_ZS=F_d11;54300;INTARIAN_PEPPER_ROOT;11205;18;11203;25;;;11216;9;11218;15;;;11210.5;0.0
yf_ZS=F_d11;54400;ASH_COATED_OSMIUM;9896;19;9892;14;;;9910;18;9912;16;;;9903.0;0.0
yf_ZS=F_d11;54400;INTARIAN_PEPPER_ROOT;11205;18;11201;25;;;11211;5;11214;19;;;11208.0;0.0
yf_ZS=F_d11;54500;ASH_COATED_OSMIUM;9901;14;9899;19;;;9907;11;9910;13;;;9904.0;0.0
yf_ZS=F_d11;54500;INTARIAN_PEPPER_ROOT;11203;22;11201;19;;;11210;18;11213;27;;;11206.5;0.0
yf_ZS=F_d11;54600;ASH_COATED_OSMIUM;9898;19;9894;11;;;9909;15;9913;20;;;9903.5;0.0
yf_ZS=F_d11;54600;INTARIAN_PEPPER_ROOT;11201;17;11198;16;;;11208;22;11212;17;;;11204.5;0.0
yf_ZS=F_d11;54700;ASH_COATED_OSMIUM;9900;25;9898;8;;;9906;17;9908;15;;;9903.0;0.0
yf_ZS=F_d11;54700;INTARIAN_PEPPER_ROOT;11199;12;11197;35;;;11205;13;11209;9;;;11202.0;0.0
yf_ZS=F_d11;54800;ASH_COATED_OSMIUM;9900;15;9898;12;;;9907;15;9910;22;;;9903.5;0.0
yf_ZS=F_d11;54800;INTARIAN_PEPPER_ROOT;11197;17;11195;22;;;11204;14;11206;17;;;11200.5;0.0
yf_ZS=F_d11;54900;ASH_COATED_OSMIUM;9895;7;9891;16;;;9913;7;9916;25;;;9904.0;0.0
yf_ZS=F_d11;54900;INTARIAN_PEPPER_ROOT;11189;21;11187;14;;;11208;5;11211;13;;;11198.5;0.0
yf_ZS=F_d11;55000;ASH_COATED_OSMIUM;9899;15;9895;15;;;9908;22;9911;23;;;9903.5;0.0
yf_ZS=F_d11;55000;INTARIAN_PEPPER_ROOT;11179;16;11175;19;;;11215;16;11219;29;;;11197.0;0.0
yf_ZS=F_d11;55100;ASH_COATED_OSMIUM;9900;11;9898;16;;;9907;5;9911;15;;;9903.5;0.0
yf_ZS=F_d11;55100;INTARIAN_PEPPER_ROOT;11186;18;11184;19;;;11202;17;11205;21;;;11194.0;0.0
yf_ZS=F_d11;55200;ASH_COATED_OSMIUM;9901;18;9899;25;;;9907;22;9909;14;;;9904.0;0.0
yf_ZS=F_d11;55200;INTARIAN_PEPPER_ROOT;11190;11;11188;17;;;11196;18;11200;26;;;11193.0;0.0
yf_ZS=F_d11;55300;ASH_COATED_OSMIUM;9899;12;9897;24;;;9909;17;9911;28;;;9904.0;0.0
yf_ZS=F_d11;55300;INTARIAN_PEPPER_ROOT;11186;20;11183;21;;;11195;8;11198;14;;;11190.5;0.0
yf_ZS=F_d11;55400;ASH_COATED_OSMIUM;9901;5;9898;26;;;9907;27;9909;20;;;9904.0;0.0
yf_ZS=F_d11;55400;INTARIAN_PEPPER_ROOT;11178;16;11176;19;;;11200;28;11202;14;;;11189.0;0.0
yf_ZS=F_d11;55500;ASH_COATED_OSMIUM;9891;18;9888;18;;;9916;17;9919;21;;;9903.5;0.0
yf_ZS=F_d11;55500;INTARIAN_PEPPER_ROOT;11184;12;11181;27;;;11190;18;11192;23;;;11187.0;0.0
yf_ZS=F_d11;55600;ASH_COATED_OSMIUM;9900;16;9896;23;;;9907;19;9909;32;;;9903.5;0.0
yf_ZS=F_d11;55600;INTARIAN_PEPPER_ROOT;11181;11;11178;25;;;11187;14;11191;13;;;11184.0;0.0
yf_ZS=F_d11;55700;ASH_COATED_OSMIUM;9901;11;9897;27;;;9907;14;9910;23;;;9904.0;0.0
yf_ZS=F_d11;55700;INTARIAN_PEPPER_ROOT;11180;16;11177;18;;;11186;15;11188;17;;;11183.0;0.0
yf_ZS=F_d11;55800;ASH_COATED_OSMIUM;9900;12;9896;18;;;9907;13;9911;19;;;9903.5;0.0
yf_ZS=F_d11;55800;INTARIAN_PEPPER_ROOT;11174;13;11171;17;;;11186;20;11189;22;;;11180.0;0.0
yf_ZS=F_d11;55900;ASH_COATED_OSMIUM;9901;16;9898;24;;;9907;15;9910;21;;;9904.0;0.0
yf_ZS=F_d11;55900;INTARIAN_PEPPER_ROOT;11175;22;11172;23;;;11181;13;11185;17;;;11178.0;0.0
yf_ZS=F_d11;56000;ASH_COATED_OSMIUM;9900;10;9898;21;;;9906;14;9908;17;;;9903.0;0.0
yf_ZS=F_d11;56000;INTARIAN_PEPPER_ROOT;11170;12;11168;13;;;11184;13;11187;23;;;11177.0;0.0
yf_ZS=F_d11;56100;ASH_COATED_OSMIUM;9900;13;9896;21;;;9907;15;9911;24;;;9903.5;0.0
yf_ZS=F_d11;56100;INTARIAN_PEPPER_ROOT;11172;19;11170;17;;;11178;10;11180;13;;;11175.0;0.0
yf_ZS=F_d11;56200;ASH_COATED_OSMIUM;9897;15;9893;21;;;9910;5;9912;21;;;9903.5;0.0
yf_ZS=F_d11;56200;INTARIAN_PEPPER_ROOT;11169;22;11165;11;;;11175;15;11179;14;;;11172.0;0.0
yf_ZS=F_d11;56300;ASH_COATED_OSMIUM;9895;17;9893;17;;;9911;21;9913;19;;;9903.0;0.0
yf_ZS=F_d11;56300;INTARIAN_PEPPER_ROOT;11155;16;11152;21;;;11187;13;11190;17;;;11171.0;0.0
yf_ZS=F_d11;56400;ASH_COATED_OSMIUM;9900;6;9897;30;;;9906;11;9909;17;;;9903.0;0.0
yf_ZS=F_d11;56400;INTARIAN_PEPPER_ROOT;11166;15;11163;20;;;11172;24;11176;17;;;11169.0;0.0
yf_ZS=F_d11;56500;ASH_COATED_OSMIUM;9901;14;9897;21;;;9907;8;9910;20;;;9904.0;0.0
yf_ZS=F_d11;56500;INTARIAN_PEPPER_ROOT;11154;13;11151;23;;;11179;5;11181;21;;;11166.5;0.0
yf_ZS=F_d11;56600;ASH_COATED_OSMIUM;9901;17;9899;23;;;9907;19;9911;25;;;9904.0;0.0
yf_ZS=F_d11;56600;INTARIAN_PEPPER_ROOT;11161;6;11157;19;;;11167;12;11169;26;;;11164.0;0.0
yf_ZS=F_d11;56700;ASH_COATED_OSMIUM;9901;13;9899;22;;;9907;18;9910;17;;;9904.0;0.0
yf_ZS=F_d11;56700;INTARIAN_PEPPER_ROOT;11159;18;11156;18;;;11165;15;11169;18;;;11162.0;0.0
yf_ZS=F_d11;56800;ASH_COATED_OSMIUM;9901;25;9897;20;;;9907;16;9910;23;;;9904.0;0.0
yf_ZS=F_d11;56800;INTARIAN_PEPPER_ROOT;11158;25;11155;14;;;11164;21;11166;14;;;11161.0;0.0
yf_ZS=F_d11;56900;ASH_COATED_OSMIUM;9901;16;9897;20;;;9907;8;9911;23;;;9904.0;0.0
yf_ZS=F_d11;56900;INTARIAN_PEPPER_ROOT;11154;24;11152;17;;;11164;14;11168;20;;;11159.0;0.0
yf_ZS=F_d11;57000;ASH_COATED_OSMIUM;9900;12;9898;9;;;9906;22;9908;20;;;9903.0;0.0
yf_ZS=F_d11;57000;INTARIAN_PEPPER_ROOT;11153;19;11151;18;;;11159;16;11162;28;;;11156.0;0.0
yf_ZS=F_d11;57100;ASH_COATED_OSMIUM;9890;8;9887;11;;;9918;12;9922;16;;;9904.0;0.0
yf_ZS=F_d11;57100;INTARIAN_PEPPER_ROOT;11152;12;11149;16;;;11158;19;11161;24;;;11155.0;0.0
yf_ZS=F_d11;57200;ASH_COATED_OSMIUM;9899;9;9897;23;;;9908;14;9911;12;;;9903.5;0.0
yf_ZS=F_d11;57200;INTARIAN_PEPPER_ROOT;11149;7;11145;26;;;11155;27;11157;21;;;11152.0;0.0
yf_ZS=F_d11;57300;ASH_COATED_OSMIUM;9900;14;9898;25;;;9906;10;9910;16;;;9903.0;0.0
yf_ZS=F_d11;57300;INTARIAN_PEPPER_ROOT;11143;24;11139;14;;;11158;14;11161;19;;;11150.5;0.0
yf_ZS=F_d11;57400;ASH_COATED_OSMIUM;9895;11;9891;21;;;9913;15;9917;8;;;9904.0;0.0
yf_ZS=F_d11;57400;INTARIAN_PEPPER_ROOT;11145;5;11142;28;;;11151;23;11155;17;;;11148.0;0.0
yf_ZS=F_d11;57500;ASH_COATED_OSMIUM;9897;21;9894;12;;;9912;24;9914;13;;;9904.5;0.0
yf_ZS=F_d11;57500;INTARIAN_PEPPER_ROOT;11143;20;11140;23;;;11150;12;11152;25;;;11146.5;0.0
yf_ZS=F_d11;57600;ASH_COATED_OSMIUM;9899;23;9897;24;;;9908;19;9912;22;;;9903.5;0.0
yf_ZS=F_d11;57600;INTARIAN_PEPPER_ROOT;11142;15;11140;22;;;11148;11;11151;22;;;11145.0;0.0
