day;timestamp;product;bid_price_1;bid_volume_1;bid_price_2;bid_volume_2;bid_price_3;bid_volume_3;ask_price_1;ask_volume_1;ask_price_2;ask_volume_2;ask_price_3;ask_volume_3;mid_price;profit_and_loss
av_COFFEE_d2;0;ASH_COATED_OSMIUM;9968;6;9966;22;;;9974;10;9976;21;;;9971.0;0.0
av_COFFEE_d2;0;INTARIAN_PEPPER_ROOT;11070;8;11066;25;;;11076;17;11079;16;;;11073.0;0.0
av_COFFEE_d2;100;ASH_COATED_OSMIUM;9968;20;9964;21;;;9974;6;9976;19;;;9971.0;0.0
av_COFFEE_d2;100;INTARIAN_PEPPER_ROOT;11073;13;11071;21;;;11079;16;11083;22;;;11076.0;0.0
av_COFFEE_d2;200;ASH_COATED_OSMIUM;9961;17;9959;18;;;9982;12;9986;21;;;9971.5;0.0
av_COFFEE_d2;200;INTARIAN_PEPPER_ROOT;11065;14;11063;20;;;11093;21;11097;23;;;11079.0;0.0
av_COFFEE_d2;300;ASH_COATED_OSMIUM;9961;27;9959;18;;;9981;20;9984;19;;;9971.0;0.0
av_COFFEE_d2;300;INTARIAN_PEPPER_ROOT;11078;25;11074;30;;;11086;13;11089;24;;;11082.0;0.0
av_COFFEE_d2;400;ASH_COATED_OSMIUM;9968;13;9966;17;;;9974;15;9978;14;;;9971.0;0.0
av_COFFEE_d2;400;INTARIAN_PEPPER_ROOT;11082;21;11078;19;;;11088;11;11090;27;;;11085.0;0.0
av_COFFEE_d2;500;ASH_COATED_OSMIUM;9968;22;9965;19;;;9974;17;9978;8;;;9971.0;0.0
av_COFFEE_d2;500;INTARIAN_PEPPER_ROOT;11085;17;11081;16;;;11091;12;11093;20;;;11088.0;0.0
av_COFFEE_d2;600;ASH_COATED_OSMIUM;9964;26;9960;26;;;9978;11;9982;26;;;9971.0;0.0
av_COFFEE_d2;600;INTARIAN_PEPPER_ROOT;11088;6;11086;19;;;11094;24;11098;19;;;11091.0;0.0
av_COFFEE_d2;700;ASH_COATED_OSMIUM;9967;20;9963;24;;;9976;26;9978;17;;;9971.5;0.0
av_COFFEE_d2;700;INTARIAN_PEPPER_ROOT;11091;13;11087;22;;;11097;27;11099;19;;;11094.0;0.0
av_COFFEE_d2;800;ASH_COATED_OSMIUM;9967;12;9965;10;;;9975;15;9978;19;;;9971.0;0.0
av_COFFEE_d2;800;INTARIAN_PEPPER_ROOT;11091;17;11088;24;;;11102;10;11104;15;;;11096.5;0.0
av_COFFEE_d2;900;ASH_COATED_OSMIUM;9966;15;9964;18;;;9975;12;9978;14;;;9970.5;0.0
av_COFFEE_d2;900;INTARIAN_PEPPER_ROOT;11096;7;11092;8;;;11105;19;11108;16;;;11100.5;0.0
av_COFFEE_d2;1000;ASH_COATED_OSMIUM;9963;13;9961;17;;;9980;17;9983;16;;;9971.5;0.0
av_COFFEE_d2;1000;INTARIAN_PEPPER_ROOT;11100;15;11096;19;;;11106;26;11110;19;;;11103.0;0.0
av_COFFEE_d2;1100;ASH_COATED_OSMIUM;9967;13;9963;23;;;9974;5;9978;18;;;9970.5;0.0
av_COFFEE_d2;1100;INTARIAN_PEPPER_ROOT;11103;10;11101;17;;;11109;18;11111;17;;;11106.0;0.0
av_COFFEE_d2;1200;ASH_COATED_OSMIUM;9966;20;9963;17;;;9976;11;9980;17;;;9971.0;0.0
av_COFFEE_d2;1200;INTARIAN_PEPPER_ROOT;11101;18;11097;20;;;11116;11;11118;27;;;11108.5;0.0
av_COFFEE_d2;1300;ASH_COATED_OSMIUM;9965;14;9961;27;;;9977;20;9979;13;;;9971.0;0.0
av_COFFEE_d2;1300;INTARIAN_PEPPER_ROOT;11108;5;11104;17;;;11114;15;11118;11;;;11111.0;0.0
av_COFFEE_d2;1400;ASH_COATED_OSMIUM;9968;9;9966;14;;;9974;19;9977;17;;;9971.0;0.0
av_COFFEE_d2;1400;INTARIAN_PEPPER_ROOT;11107;11;11103;23;;;11122;14;11124;24;;;11114.5;0.0
av_COFFEE_d2;1500;ASH_COATED_OSMIUM;9968;5;9965;16;;;9974;17;9978;26;;;9971.0;0.0
av_COFFEE_d2;1500;INTARIAN_PEPPER_ROOT;11114;19;11110;8;;;11120;14;11123;17;;;11117.0;0.0
av_COFFEE_d2;1600;ASH_COATED_OSMIUM;9967;23;9963;14;;;9975;5;9978;23;;;9971.0;0.0
av_COFFEE_d2;1600;INTARIAN_PEPPER_ROOT;11117;8;11113;12;;;11125;15;11128;23;;;11121.0;0.0
av_COFFEE_d2;1700;ASH_COATED_OSMIUM;9968;10;9966;22;;;9974;19;9977;19;;;9971.0;0.0
av_COFFEE_d2;1700;INTARIAN_PEPPER_ROOT;11108;23;11106;23;;;11139;5;11141;14;;;11123.5;0.0
av_COFFEE_d2;1800;ASH_COATED_OSMIUM;9962;9;9958;21;;;9979;20;9983;23;;;9970.5;0.0
av_COFFEE_d2;1800;INTARIAN_PEPPER_ROOT;11123;21;11121;23;;;11129;22;11132;13;;;11126.0;0.0
av_COFFEE_d2;1900;ASH_COATED_OSMIUM;9960;20;9958;22;;;9983;19;9986;17;;;9971.5;0.0
av_COFFEE_d2;1900;INTARIAN_PEPPER_ROOT;11126;18;11123;17;;;11132;10;11135;17;;;11129.0;0.0
av_COFFEE_d2;2000;ASH_COATED_OSMIUM;9967;5;9963;16;;;9973;16;9977;22;;;9970.0;0.0
av_COFFEE_d2;2000;INTARIAN_PEPPER_ROOT;11130;16;11128;16;;;11136;13;11139;24;;;11133.0;0.0
av_COFFEE_d2;2100;ASH_COATED_OSMIUM;9967;13;9964;21;;;9975;17;9977;20;;;9971.0;0.0
av_COFFEE_d2;2100;INTARIAN_PEPPER_ROOT;11132;16;11129;24;;;11140;10;11144;22;;;11136.0;0.0
av_COFFEE_d2;2200;ASH_COATED_OSMIUM;9967;16;9965;15;;;9973;16;9977;25;;;9970.0;0.0
av_COFFEE_d2;2200;INTARIAN_PEPPER_ROOT;11121;11;11119;20;;;11157;12;11160;16;;;11139.0;0.0
av_COFFEE_d2;2300;ASH_COATED_OSMIUM;9967;7;9964;15;;;9974;10;9978;25;;;9970.5;0.0
av_COFFEE_d2;2300;INTARIAN_PEPPER_ROOT;11138;14;11136;20;;;11144;13;11147;20;;;11141.0;0.0
av_COFFEE_d2;2400;ASH_COATED_OSMIUM;9968;7;9966;25;;;9974;17;9976;15;;;9971.0;0.0
av_COFFEE_d2;2400;INTARIAN_PEPPER_ROOT;11141;9;11137;16;;;11147;7;11149;17;;;11144.0;0.0
av_COFFEE_d2;2500;ASH_COATED_OSMIUM;9967;17;9964;20;;;9973;18;9975;16;;;9970.0;0.0
av_COFFEE_d2;2500;INTARIAN_PEPPER_ROOT;11145;13;11141;31;;;11151;13;11154;22;;;11148.0;0.0
av_COFFEE_d2;2600;ASH_COATED_OSMIUM;9962;14;9958;8;;;9979;5;9982;26;;;9970.5;0.0
av_COFFEE_d2;2600;INTARIAN_PEPPER_ROOT;11148;18;11146;22;;;11154;17;11158;15;;;11151.0;0.0
av_COFFEE_d2;2700;ASH_COATED_OSMIUM;9955;15;9951;18;;;9985;18;9987;20;;;9970.0;0.0
av_COFFEE_d2;2700;INTARIAN_PEPPER_ROOT;11150;17;11148;15;;;11156;18;11159;16;;;11153.0;0.0
av_COFFEE_d2;2800;ASH_COATED_OSMIUM;9968;15;9966;14;;;9974;15;9977;15;;;9971.0;0.0
av_COFFEE_d2;2800;INTARIAN_PEPPER_ROOT;11150;11;11148;18;;;11162;17;11165;21;;;11156.0;0.0
av_COFFEE_d2;2900;ASH_COATED_OSMIUM;9968;12;9966;27;;;9974;22;9976;18;;;9971.0;0.0
av_COFFEE_d2;2900;INTARIAN_PEPPER_ROOT;11156;12;11153;23;;;11162;10;11166;21;;;11159.0;0.0
av_COFFEE_d2;3000;ASH_COATED_OSMIUM;9968;14;9965;15;;;9974;13;9976;10;;;9971.0;0.0
av_COFFEE_d2;3000;INTARIAN_PEPPER_ROOT;11159;22;11157;16;;;11165;17;11167;24;;;11162.0;0.0
av_COFFEE_d2;3100;ASH_COATED_OSMIUM;9964;7;9960;20;;;9978;7;9980;20;;;9971.0;0.0
av_COFFEE_d2;3100;INTARIAN_PEPPER_ROOT;11162;18;11160;11;;;11169;12;11173;17;;;11165.5;0.0
av_COFFEE_d2;3200;ASH_COATED_OSMIUM;9965;9;9961;12;;;9978;10;9982;19;;;9971.5;0.0
av_COFFEE_d2;3200;INTARIAN_PEPPER_ROOT;11165;20;11163;20;;;11171;13;11174;18;;;11168.0;0.0
av_COFFEE_d2;3300;ASH_COATED_OSMIUM;9967;12;9963;18;;;9973;20;9977;8;;;9970.0;0.0
av_COFFEE_d2;3300;INTARIAN_PEPPER_ROOT;11168;24;11166;29;;;11174;8;11178;19;;;11171.0;0.0
av_COFFEE_d2;3400;ASH_COATED_OSMIUM;9953;16;9951;28;;;9989;19;9993;10;;;9971.0;0.0
av_COFFEE_d2;3400;INTARIAN_PEPPER_ROOT;11154;17;11150;22;;;11194;18;11198;14;;;11174.0;0.0
av_COFFEE_d2;3500;ASH_COATED_OSMIUM;9968;6;9965;12;;;9974;20;9978;9;;;9971.0;0.0
av_COFFEE_d2;3500;INTARIAN_PEPPER_ROOT;11173;11;11171;32;;;11180;15;11182;21;;;11176.5;0.0
av_COFFEE_d2;3600;ASH_COATED_OSMIUM;9968;16;9966;24;;;9974;13;9977;11;;;9971.0;0.0
av_COFFEE_d2;3600;INTARIAN_PEPPER_ROOT;11173;16;11170;14;;;11188;13;11190;23;;;11180.5;0.0
av_COFFEE_d2;3700;ASH_COATED_OSMIUM;9967;6;9963;16;;;9973;15;9976;18;;;9970.0;0.0
av_COFFEE_d2;3700;INTARIAN_PEPPER_ROOT;11179;16;11175;20;;;11187;18;11189;15;;;11183.0;0.0
av_COFFEE_d2;3800;ASH_COATED_OSMIUM;9963;18;9959;23;;;9977;21;9981;19;;;9970.0;0.0
av_COFFEE_d2;3800;INTARIAN_PEPPER_ROOT;11182;17;11178;17;;;11188;21;11191;17;;;11185.0;0.0
av_COFFEE_d2;3900;ASH_COATED_OSMIUM;9952;11;9949;8;;;9988;15;9992;15;;;9970.0;0.0
av_COFFEE_d2;3900;INTARIAN_PEPPER_ROOT;11186;13;11184;33;;;11192;16;11194;14;;;11189.0;0.0
av_COFFEE_d2;4000;ASH_COATED_OSMIUM;9968;11;9965;18;;;9974;17;9977;12;;;9971.0;0.0
av_COFFEE_d2;4000;INTARIAN_PEPPER_ROOT;11189;14;11187;16;;;11195;11;11197;16;;;11192.0;0.0
av_COFFEE_d2;4100;ASH_COATED_OSMIUM;9965;9;9961;19;;;9976;13;9979;14;;;9970.5;0.0
av_COFFEE_d2;4100;INTARIAN_PEPPER_ROOT;11190;21;11188;13;;;11199;5;11201;25;;;11194.5;0.0
av_COFFEE_d2;4200;ASH_COATED_OSMIUM;9968;18;9966;27;;;9974;10;9978;22;;;9971.0;0.0
av_COFFEE_d2;4200;INTARIAN_PEPPER_ROOT;11195;16;11191;8;;;11201;9;11203;20;;;11198.0;0.0
av_COFFEE_d2;4300;ASH_COATED_OSMIUM;9968;15;9966;20;;;9974;11;9977;16;;;9971.0;0.0
av_COFFEE_d2;4300;INTARIAN_PEPPER_ROOT;11193;15;11191;24;;;11209;19;11212;16;;;11201.0;0.0
av_COFFEE_d2;4400;ASH_COATED_OSMIUM;9967;8;9963;13;;;9974;13;9977;21;;;9970.5;0.0
av_COFFEE_d2;4400;INTARIAN_PEPPER_ROOT;11201;23;11198;23;;;11207;16;11209;28;;;11204.0;0.0
av_COFFEE_d2;4500;ASH_COATED_OSMIUM;9968;18;9964;18;;;9974;9;9977;12;;;9971.0;0.0
av_COFFEE_d2;4500;INTARIAN_PEPPER_ROOT;11203;5;11199;26;;;11209;24;11211;23;;;11206.0;0.0
av_COFFEE_d2;4600;ASH_COATED_OSMIUM;9963;19;9960;20;;;9977;10;9981;10;;;9970.0;0.0
av_COFFEE_d2;4600;INTARIAN_PEPPER_ROOT;11206;17;11204;23;;;11212;6;11214;22;;;11209.0;0.0
av_COFFEE_d2;4700;ASH_COATED_OSMIUM;9967;11;9964;17;;;9973;16;9976;16;;;9970.0;0.0
av_COFFEE_d2;4700;INTARIAN_PEPPER_ROOT;11209;18;11206;33;;;11215;18;11219;24;;;11212.0;0.0
av_COFFEE_d2;4800;ASH_COATED_OSMIUM;9967;18;9964;16;;;9973;8;9975;20;;;9970.0;0.0
av_COFFEE_d2;4800;INTARIAN_PEPPER_ROOT;11213;13;11210;15;;;11219;14;11223;19;;;11216.0;0.0
av_COFFEE_d2;4900;ASH_COATED_OSMIUM;9965;19;9961;21;;;9976;16;9978;27;;;9970.5;0.0
av_COFFEE_d2;4900;INTARIAN_PEPPER_ROOT;11216;8;11214;21;;;11222;10;11225;19;;;11219.0;0.0
av_COFFEE_d2;5000;ASH_COATED_OSMIUM;9965;15;9962;16;;;9975;10;9979;15;;;9970.0;0.0
av_COFFEE_d2;5000;INTARIAN_PEPPER_ROOT;11216;16;11213;19;;;11228;18;11232;27;;;11222.0;0.0
av_COFFEE_d2;5100;ASH_COATED_OSMIUM;9967;8;9963;29;;;9973;11;9977;26;;;9970.0;0.0
av_COFFEE_d2;5100;INTARIAN_PEPPER_ROOT;11220;12;11218;20;;;11230;10;11234;17;;;11225.0;0.0
av_COFFEE_d2;5200;ASH_COATED_OSMIUM;9968;5;9964;14;;;9974;19;9977;22;;;9971.0;0.0
av_COFFEE_d2;5200;INTARIAN_PEPPER_ROOT;11224;15;11221;19;;;11230;16;11233;22;;;11227.0;0.0
av_COFFEE_d2;5300;ASH_COATED_OSMIUM;9968;6;9966;17;;;9974;12;9976;12;;;9971.0;0.0
av_COFFEE_d2;5300;INTARIAN_PEPPER_ROOT;11228;18;11225;23;;;11234;22;11238;17;;;11231.0;0.0
av_COFFEE_d2;5400;ASH_COATED_OSMIUM;9950;14;9948;27;;;9992;20;9994;19;;;9971.0;0.0
av_COFFEE_d2;5400;INTARIAN_PEPPER_ROOT;11230;11;11228;21;;;11236;20;11238;21;;;11233.0;0.0
av_COFFEE_d2;5500;ASH_COATED_OSMIUM;9967;15;9964;20;;;9973;9;9975;20;;;9970.0;0.0
av_COFFEE_d2;5500;INTARIAN_PEPPER_ROOT;11234;18;11231;15;;;11240;23;11242;16;;;11237.0;0.0
av_COFFEE_d2;5600;ASH_COATED_OSMIUM;9968;19;9964;15;;;9974;22;9976;17;;;9971.0;0.0
av_COFFEE_d2;5600;INTARIAN_PEPPER_ROOT;11236;22;11232;17;;;11242;11;11245;27;;;11239.0;0.0
av_COFFEE_d2;5700;ASH_COATED_OSMIUM;9967;16;9964;25;;;9976;22;9978;20;;;9971.5;0.0
av_COFFEE_d2;5700;INTARIAN_PEPPER_ROOT;11239;11;11236;14;;;11245;14;11247;16;;;11242.0;0.0
av_COFFEE_d2;5800;ASH_COATED_OSMIUM;9965;13;9962;21;;;9975;23;9979;22;;;9970.0;0.0
av_COFFEE_d2;5800;INTARIAN_PEPPER_ROOT;11242;19;11239;26;;;11248;9;11252;15;;;11245.0;0.0
av_COFFEE_d2;5900;ASH_COATED_OSMIUM;9967;8;9963;14;;;9973;22;9976;25;;;9970.0;0.0
av_COFFEE_d2;5900;INTARIAN_PEPPER_ROOT;11246;20;11242;28;;;11252;12;11254;17;;;11249.0;0.0
av_COFFEE_d2;6000;ASH_COATED_OSMIUM;9968;23;9964;20;;;9974;13;9976;22;;;9971.0;0.0
av_COFFEE_d2;6000;INTARIAN_PEPPER_ROOT;11248;15;11244;15;;;11255;21;11258;21;;;11251.5;0.0
av_COFFEE_d2;6100;ASH_COATED_OSMIUM;9962;18;9959;23;;;9980;20;9984;22;;;9971.0;0.0
av_COFFEE_d2;6100;INTARIAN_PEPPER_ROOT;11252;23;11250;26;;;11258;15;11262;12;;;11255.0;0.0
av_COFFEE_d2;6200;ASH_COATED_OSMIUM;9968;5;9966;16;;;9974;12;9976;16;;;9971.0;0.0
av_COFFEE_d2;6200;INTARIAN_PEPPER_ROOT;11251;27;11249;23;;;11263;16;11267;13;;;11257.0;0.0
av_COFFEE_d2;6300;ASH_COATED_OSMIUM;9967;18;9963;19;;;9973;19;9976;18;;;9970.0;0.0
av_COFFEE_d2;6300;INTARIAN_PEPPER_ROOT;11257;18;11253;16;;;11264;17;11268;20;;;11260.5;0.0
av_COFFEE_d2;6400;ASH_COATED_OSMIUM;9962;10;9959;15;;;9980;16;9984;14;;;9971.0;0.0
av_COFFEE_d2;6400;INTARIAN_PEPPER_ROOT;11260;10;11257;32;;;11266;13;11268;28;;;11263.0;0.0
av_COFFEE_d2;6500;ASH_COATED_OSMIUM;9964;13;9960;27;;;9976;11;9980;20;;;9970.0;0.0
av_COFFEE_d2;6500;INTARIAN_PEPPER_ROOT;11263;11;11260;27;;;11269;7;11271;19;;;11266.0;0.0
av_COFFEE_d2;6600;ASH_COATED_OSMIUM;9967;18;9963;25;;;9973;15;9975;22;;;9970.0;0.0
av_COFFEE_d2;6600;INTARIAN_PEPPER_ROOT;11262;13;11260;12;;;11275;14;11279;22;;;11268.5;0.0
av_COFFEE_d2;6700;ASH_COATED_OSMIUM;9963;10;9961;23;;;9978;7;9980;25;;;9970.5;0.0
av_COFFEE_d2;6700;INTARIAN_PEPPER_ROOT;11269;22;11266;18;;;11275;26;11278;20;;;11272.0;0.0
av_COFFEE_d2;6800;ASH_COATED_OSMIUM;9960;11;9956;13;;;9981;13;9983;13;;;9970.5;0.0
av_COFFEE_d2;6800;INTARIAN_PEPPER_ROOT;11271;16;11268;32;;;11279;17;11281;19;;;11275.0;0.0
av_COFFEE_d2;6900;ASH_COATED_OSMIUM;9967;16;9963;25;;;9973;19;9976;17;;;9970.0;0.0
av_COFFEE_d2;6900;INTARIAN_PEPPER_ROOT;11274;14;11272;17;;;11283;8;11285;25;;;11278.5;0.0
av_COFFEE_d2;7000;ASH_COATED_OSMIUM;9967;11;9963;18;;;9973;12;9976;15;;;9970.0;0.0
av_COFFEE_d2;7000;INTARIAN_PEPPER_ROOT;11278;20;11275;9;;;11284;5;11286;16;;;11281.0;0.0
av_COFFEE_d2;7100;ASH_COATED_OSMIUM;9966;17;9963;35;;;9975;11;9979;13;;;9970.5;0.0
av_COFFEE_d2;7100;INTARIAN_PEPPER_ROOT;11279;6;11275;18;;;11288;12;11292;24;;;11283.5;0.0
av_COFFEE_d2;7200;ASH_COATED_OSMIUM;9966;15;9964;8;;;9973;7;9976;17;;;9969.5;0.0
av_COFFEE_d2;7200;INTARIAN_PEPPER_ROOT;11284;17;11281;27;;;11290;18;11292;23;;;11287.0;0.0
av_COFFEE_d2;7300;ASH_COATED_OSMIUM;9967;16;9964;28;;;9973;14;9975;31;;;9970.0;0.0
av_COFFEE_d2;7300;INTARIAN_PEPPER_ROOT;11282;25;11279;19;;;11298;16;11300;13;;;11290.0;0.0
av_COFFEE_d2;7400;ASH_COATED_OSMIUM;9967;21;9964;21;;;9973;16;9976;13;;;9970.0;0.0
av_COFFEE_d2;7400;INTARIAN_PEPPER_ROOT;11285;8;11283;25;;;11299;17;11302;19;;;11292.0;0.0
av_COFFEE_d2;7500;ASH_COATED_OSMIUM;9967;7;9964;16;;;9973;19;9977;16;;;9970.0;0.0
av_COFFEE_d2;7500;INTARIAN_PEPPER_ROOT;11291;17;11287;21;;;11300;23;11304;24;;;11295.5;0.0
av_COFFEE_d2;7600;ASH_COATED_OSMIUM;9967;15;9964;16;;;9975;19;9977;21;;;9971.0;0.0
av_COFFEE_d2;7600;INTARIAN_PEPPER_ROOT;11296;11;11294;20;;;11302;15;11305;20;;;11299.0;0.0
av_COFFEE_d2;7700;ASH_COATED_OSMIUM;9968;11;9966;9;;;9974;12;9976;22;;;9971.0;0.0
av_COFFEE_d2;7700;INTARIAN_PEPPER_ROOT;11299;13;11297;16;;;11305;12;11309;25;;;11302.0;0.0
av_COFFEE_d2;7800;ASH_COATED_OSMIUM;9967;5;9963;18;;;9973;9;9977;30;;;9970.0;0.0
av_COFFEE_d2;7800;INTARIAN_PEPPER_ROOT;11301;9;11299;25;;;11307;16;11311;24;;;11304.0;0.0
av_COFFEE_d2;7900;ASH_COATED_OSMIUM;9967;19;9964;20;;;9973;16;9977;14;;;9970.0;0.0
av_COFFEE_d2;7900;INTARIAN_PEPPER_ROOT;11301;13;11299;14;;;11314;19;11317;23;;;11307.5;0.0
av_COFFEE_d2;8000;ASH_COATED_OSMIUM;9967;13;9964;23;;;9973;18;9977;16;;;9970.0;0.0
av_COFFEE_d2;8000;INTARIAN_PEPPER_ROOT;11304;20;11302;18;;;11317;17;11321;18;;;11310.5;0.0
av_COFFEE_d2;8100;ASH_COATED_OSMIUM;9966;10;9962;24;;;9973;20;9975;21;;;9969.5;0.0
av_COFFEE_d2;8100;INTARIAN_PEPPER_ROOT;11311;5;11307;21;;;11317;16;11320;22;;;11314.0;0.0
av_COFFEE_d2;8200;ASH_COATED_OSMIUM;9967;17;9965;22;;;9973;10;9977;17;;;9970.0;0.0
av_COFFEE_d2;8200;INTARIAN_PEPPER_ROOT;11313;20;11311;18;;;11319;16;11322;13;;;11316.0;0.0
av_COFFEE_d2;8300;ASH_COATED_OSMIUM;9968;23;9966;16;;;9974;18;9976;14;;;9971.0;0.0
av_COFFEE_d2;8300;INTARIAN_PEPPER_ROOT;11315;9;11312;19;;;11323;5;11327;17;;;11319.0;0.0
av_COFFEE_d2;8400;ASH_COATED_OSMIUM;9963;10;9959;14;;;9976;9;9978;13;;;9969.5;0.0
av_COFFEE_d2;8400;INTARIAN_PEPPER_ROOT;11320;5;11316;19;;;11326;19;11330;18;;;11323.0;0.0
av_COFFEE_d2;8500;ASH_COATED_OSMIUM;9964;6;9960;23;;;9976;15;9979;22;;;9970.0;0.0
av_COFFEE_d2;8500;INTARIAN_PEPPER_ROOT;11322;12;11318;12;;;11328;11;11330;23;;;11325.0;0.0
av_COFFEE_d2;8600;ASH_COATED_OSMIUM;9962;14;9958;19;;;9977;13;9980;22;;;9969.5;0.0
av_COFFEE_d2;8600;INTARIAN_PEPPER_ROOT;11325;13;11322;16;;;11331;18;11333;14;;;11328.0;0.0
av_COFFEE_d2;8700;ASH_COATED_OSMIUM;9967;20;9965;18;;;9973;11;9975;13;;;9970.0;0.0
av_COFFEE_d2;8700;INTARIAN_PEPPER_ROOT;11328;15;11326;19;;;11335;15;11339;25;;;11331.5;0.0
av_COFFEE_d2;8800;ASH_COATED_OSMIUM;9966;12;9963;25;;;9975;10;9978;21;;;9970.5;0.0
av_COFFEE_d2;8800;INTARIAN_PEPPER_ROOT;11332;21;11330;15;;;11338;12;11340;29;;;11335.0;0.0
av_COFFEE_d2;8900;ASH_COATED_OSMIUM;9967;16;9964;32;;;9973;18;9976;22;;;9970.0;0.0
av_COFFEE_d2;8900;INTARIAN_PEPPER_ROOT;11334;15;11332;11;;;11341;14;11345;21;;;11337.5;0.0
av_COFFEE_d2;9000;ASH_COATED_OSMIUM;9966;16;9962;25;;;9974;9;9978;10;;;9970.0;0.0
av_COFFEE_d2;9000;INTARIAN_PEPPER_ROOT;11337;13;11334;17;;;11343;11;11346;15;;;11340.0;0.0
av_COFFEE_d2;9100;ASH_COATED_OSMIUM;9967;13;9965;27;;;9973;16;9977;18;;;9970.0;0.0
av_COFFEE_d2;9100;INTARIAN_PEPPER_ROOT;11338;12;11334;14;;;11349;17;11353;18;;;11343.5;0.0
av_COFFEE_d2;9200;ASH_COATED_OSMIUM;9964;13;9962;21;;;9975;23;9977;25;;;9969.5;0.0
av_COFFEE_d2;9200;INTARIAN_PEPPER_ROOT;11343;20;11339;18;;;11349;22;11353;20;;;11346.0;0.0
av_COFFEE_d2;9300;ASH_COATED_OSMIUM;9967;14;9963;16;;;9973;19;9977;16;;;9970.0;0.0
av_COFFEE_d2;9300;INTARIAN_PEPPER_ROOT;11337;11;11335;17;;;11362;14;11364;15;;;11349.5;0.0
av_COFFEE_d2;9400;ASH_COATED_OSMIUM;9967;16;9964;27;;;9973;16;9975;19;;;9970.0;0.0
av_COFFEE_d2;9400;INTARIAN_PEPPER_ROOT;11348;16;11345;22;;;11356;17;11360;23;;;11352.0;0.0
av_COFFEE_d2;9500;ASH_COATED_OSMIUM;9966;5;9964;17;;;9975;11;9978;30;;;9970.5;0.0
av_COFFEE_d2;9500;INTARIAN_PEPPER_ROOT;11349;23;11347;20;;;11362;14;11365;14;;;11355.5;0.0
av_COFFEE_d2;9600;ASH_COATED_OSMIUM;9967;11;9963;21;;;9973;17;9975;30;;;9970.0;0.0
av_COFFEE_d2;9600;INTARIAN_PEPPER_ROOT;11355;15;11351;15;;;11361;16;11364;22;;;11358.0;0.0
av_COFFEE_d2;9700;ASH_COATED_OSMIUM;9965;10;9962;13;;;9975;16;9978;11;;;9970.0;0.0
av_COFFEE_d2;9700;INTARIAN_PEPPER_ROOT;11353;7;11351;26;;;11370;14;11374;23;;;11361.5;0.0
av_COFFEE_d2;9800;ASH_COATED_OSMIUM;9966;25;9963;25;;;9974;5;9976;14;;;9970.0;0.0
av_COFFEE_d2;9800;INTARIAN_PEPPER_ROOT;11351;14;11347;20;;;11378;6;11382;19;;;11364.5;0.0
av_COFFEE_d2;9900;ASH_COATED_OSMIUM;9958;7;9954;8;;;9982;6;9986;27;;;9970.0;0.0
av_COFFEE_d2;9900;INTARIAN_PEPPER_ROOT;11364;17;11361;14;;;11370;15;11374;14;;;11367.0;0.0
av_COFFEE_d2;10000;ASH_COATED_OSMIUM;9967;10;9963;21;;;9973;20;9977;27;;;9970.0;0.0
av_COFFEE_d2;10000;INTARIAN_PEPPER_ROOT;11362;23;11358;24;;;11377;9;11380;22;;;11369.5;0.0
av_COFFEE_d2;10100;ASH_COATED_OSMIUM;9966;8;9964;21;;;9974;15;9976;16;;;9970.0;0.0
av_COFFEE_d2;10100;INTARIAN_PEPPER_ROOT;11357;11;11354;16;;;11388;18;11390;20;;;11372.5;0.0
av_COFFEE_d2;10200;ASH_COATED_OSMIUM;9967;8;9964;14;;;9973;13;9976;19;;;9970.0;0.0
av_COFFEE_d2;10200;INTARIAN_PEPPER_ROOT;11372;20;11368;17;;;11379;17;11382;19;;;11375.5;0.0
av_COFFEE_d2;10300;ASH_COATED_OSMIUM;9967;19;9964;21;;;9973;21;9975;19;;;9970.0;0.0
av_COFFEE_d2;10300;INTARIAN_PEPPER_ROOT;11370;16;11367;12;;;11387;24;11391;19;;;11378.5;0.0
av_COFFEE_d2;10400;ASH_COATED_OSMIUM;9967;16;9964;20;;;9973;13;9975;11;;;9970.0;0.0
av_COFFEE_d2;10400;INTARIAN_PEPPER_ROOT;11377;13;11373;22;;;11386;13;11388;17;;;11381.5;0.0
av_COFFEE_d2;10500;ASH_COATED_OSMIUM;9965;17;9963;18;;;9975;8;9978;27;;;9970.0;0.0
av_COFFEE_d2;10500;INTARIAN_PEPPER_ROOT;11377;17;11374;22;;;11392;5;11394;22;;;11384.5;0.0
av_COFFEE_d2;10600;ASH_COATED_OSMIUM;9967;11;9965;21;;;9973;8;9977;11;;;9970.0;0.0
av_COFFEE_d2;10600;INTARIAN_PEPPER_ROOT;11379;15;11376;18;;;11397;19;11399;21;;;11388.0;0.0
av_COFFEE_d2;10700;ASH_COATED_OSMIUM;9962;15;9959;18;;;9979;13;9981;17;;;9970.5;0.0
av_COFFEE_d2;10700;INTARIAN_PEPPER_ROOT;11388;9;11386;23;;;11394;13;11396;11;;;11391.0;0.0
av_COFFEE_d2;10800;ASH_COATED_OSMIUM;9967;15;9965;22;;;9973;11;9976;14;;;9970.0;0.0
av_COFFEE_d2;10800;INTARIAN_PEPPER_ROOT;11391;16;11387;20;;;11397;20;11399;13;;;11394.0;0.0
av_COFFEE_d2;10900;ASH_COATED_OSMIUM;9967;11;9963;20;;;9973;13;9977;23;;;9970.0;0.0
av_COFFEE_d2;10900;INTARIAN_PEPPER_ROOT;11393;10;11390;21;;;11400;10;11403;24;;;11396.5;0.0
av_COFFEE_d2;11000;ASH_COATED_OSMIUM;9966;17;9964;12;;;9972;16;9975;27;;;9969.0;0.0
av_COFFEE_d2;11000;INTARIAN_PEPPER_ROOT;11397;14;11395;22;;;11403;14;11407;15;;;11400.0;0.0
av_COFFEE_d2;11100;ASH_COATED_OSMIUM;9967;11;9965;25;;;9973;17;9977;31;;;9970.0;0.0
av_COFFEE_d2;11100;INTARIAN_PEPPER_ROOT;11400;16;11398;26;;;11406;17;11408;24;;;11403.0;0.0
av_COFFEE_d2;11200;ASH_COATED_OSMIUM;9967;6;9965;22;;;9973;21;9977;20;;;9970.0;0.0
av_COFFEE_d2;11200;INTARIAN_PEPPER_ROOT;11402;18;11399;22;;;11408;14;11410;12;;;11405.0;0.0
av_COFFEE_d2;11300;ASH_COATED_OSMIUM;9958;16;9955;19;;;9982;20;9985;19;;;9970.0;0.0
av_COFFEE_d2;11300;INTARIAN_PEPPER_ROOT;11403;16;11399;16;;;11413;17;11416;26;;;11408.0;0.0
av_COFFEE_d2;11400;ASH_COATED_OSMIUM;9962;17;9958;23;;;9977;10;9981;24;;;9969.5;0.0
av_COFFEE_d2;11400;INTARIAN_PEPPER_ROOT;11408;16;11404;13;;;11414;17;11417;12;;;11411.0;0.0
av_COFFEE_d2;11500;ASH_COATED_OSMIUM;9967;17;9965;25;;;9973;21;9975;20;;;9970.0;0.0
av_COFFEE_d2;11500;INTARIAN_PEPPER_ROOT;11405;16;11401;19;;;11423;18;11425;12;;;11414.0;0.0
av_COFFEE_d2;11600;ASH_COATED_OSMIUM;9967;14;9963;15;;;9973;13;9976;18;;;9970.0;0.0
av_COFFEE_d2;11600;INTARIAN_PEPPER_ROOT;11414;14;11412;20;;;11420;14;11424;17;;;11417.0;0.0
av_COFFEE_d2;11700;ASH_COATED_OSMIUM;9967;18;9963;27;;;9973;18;9976;24;;;9970.0;0.0
av_COFFEE_d2;11700;INTARIAN_PEPPER_ROOT;11414;15;11410;19;;;11425;18;11427;18;;;11419.5;0.0
av_COFFEE_d2;11800;ASH_COATED_OSMIUM;9964;10;9960;25;;;9975;17;9979;22;;;9969.5;0.0
av_COFFEE_d2;11800;INTARIAN_PEPPER_ROOT;11421;13;11418;22;;;11427;7;11430;11;;;11424.0;0.0
av_COFFEE_d2;11900;ASH_COATED_OSMIUM;9967;16;9965;20;;;9973;6;9976;17;;;9970.0;0.0
av_COFFEE_d2;11900;INTARIAN_PEPPER_ROOT;11423;11;11421;17;;;11429;17;11433;22;;;11426.0;0.0
av_COFFEE_d2;12000;ASH_COATED_OSMIUM;9967;5;9964;19;;;9973;6;9977;20;;;9970.0;0.0
av_COFFEE_d2;12000;INTARIAN_PEPPER_ROOT;11415;6;11413;11;;;11444;20;11446;26;;;11429.5;0.0
av_COFFEE_d2;12100;ASH_COATED_OSMIUM;9967;20;9965;14;;;9973;13;9975;23;;;9970.0;0.0
av_COFFEE_d2;12100;INTARIAN_PEPPER_ROOT;11429;17;11426;26;;;11435;15;11437;22;;;11432.0;0.0
av_COFFEE_d2;12200;ASH_COATED_OSMIUM;9967;10;9965;16;;;9973;14;9975;21;;;9970.0;0.0
av_COFFEE_d2;12200;INTARIAN_PEPPER_ROOT;11432;17;11428;13;;;11438;18;11442;22;;;11435.0;0.0
av_COFFEE_d2;12300;ASH_COATED_OSMIUM;9967;12;9965;19;;;9973;14;9975;21;;;9970.0;0.0
av_COFFEE_d2;12300;INTARIAN_PEPPER_ROOT;11431;11;11429;19;;;11446;11;11450;19;;;11438.5;0.0
av_COFFEE_d2;12400;ASH_COATED_OSMIUM;9967;14;9965;24;;;9973;20;9976;15;;;9970.0;0.0
av_COFFEE_d2;12400;INTARIAN_PEPPER_ROOT;11438;13;11435;15;;;11444;18;11446;16;;;11441.0;0.0
av_COFFEE_d2;12500;ASH_COATED_OSMIUM;9967;7;9964;20;;;9973;13;9977;20;;;9970.0;0.0
av_COFFEE_d2;12500;INTARIAN_PEPPER_ROOT;11442;17;11438;17;;;11448;10;11451;12;;;11445.0;0.0
av_COFFEE_d2;12600;ASH_COATED_OSMIUM;9966;22;9963;20;;;9973;19;9977;19;;;9969.5;0.0
av_COFFEE_d2;12600;INTARIAN_PEPPER_ROOT;11443;17;11439;25;;;11449;13;11452;17;;;11446.0;0.0
av_COFFEE_d2;12700;ASH_COATED_OSMIUM;9967;13;9965;23;;;9973;16;9977;21;;;9970.0;0.0
av_COFFEE_d2;12700;INTARIAN_PEPPER_ROOT;11445;13;11443;21;;;11456;14;11459;32;;;11450.5;0.0
av_COFFEE_d2;12800;ASH_COATED_OSMIUM;9963;12;9960;14;;;9976;21;9980;21;;;9969.5;0.0
av_COFFEE_d2;12800;INTARIAN_PEPPER_ROOT;11441;19;11439;19;;;11466;16;11470;31;;;11453.5;0.0
av_COFFEE_d2;12900;ASH_COATED_OSMIUM;9967;11;9964;18;;;9973;15;9975;18;;;9970.0;0.0
av_COFFEE_d2;12900;INTARIAN_PEPPER_ROOT;11450;7;11446;14;;;11462;12;11466;22;;;11456.0;0.0
av_COFFEE_d2;13000;ASH_COATED_OSMIUM;9964;10;9960;12;;;9976;22;9980;14;;;9970.0;0.0
av_COFFEE_d2;13000;INTARIAN_PEPPER_ROOT;11452;11;11448;32;;;11466;10;11469;11;;;11459.0;0.0
av_COFFEE_d2;13100;ASH_COATED_OSMIUM;9967;7;9965;17;;;9973;10;9977;20;;;9970.0;0.0
av_COFFEE_d2;13100;INTARIAN_PEPPER_ROOT;11459;9;11456;16;;;11465;12;11469;26;;;11462.0;0.0
av_COFFEE_d2;13200;ASH_COATED_OSMIUM;9964;10;9961;19;;;9976;11;9978;22;;;9970.0;0.0
av_COFFEE_d2;13200;INTARIAN_PEPPER_ROOT;11461;24;11458;18;;;11469;24;11471;17;;;11465.0;0.0
av_COFFEE_d2;13300;ASH_COATED_OSMIUM;9966;11;9964;18;;;9974;10;9978;20;;;9970.0;0.0
av_COFFEE_d2;13300;INTARIAN_PEPPER_ROOT;11465;22;11461;14;;;11471;21;11475;19;;;11468.0;0.0
av_COFFEE_d2;13400;ASH_COATED_OSMIUM;9966;13;9962;14;;;9973;20;9976;22;;;9969.5;0.0
av_COFFEE_d2;13400;INTARIAN_PEPPER_ROOT;11467;18;11464;9;;;11473;20;11477;11;;;11470.0;0.0
av_COFFEE_d2;13500;ASH_COATED_OSMIUM;9967;16;9963;16;;;9973;21;9977;28;;;9970.0;0.0
av_COFFEE_d2;13500;INTARIAN_PEPPER_ROOT;11471;13;11469;16;;;11477;20;11479;16;;;11474.0;0.0
av_COFFEE_d2;13600;ASH_COATED_OSMIUM;9967;13;9965;20;;;9973;11;9976;20;;;9970.0;0.0
av_COFFEE_d2;13600;INTARIAN_PEPPER_ROOT;11464;17;11462;27;;;11491;9;11493;15;;;11477.5;0.0
av_COFFEE_d2;13700;ASH_COATED_OSMIUM;9964;13;9961;29;;;9976;21;9980;30;;;9970.0;0.0
av_COFFEE_d2;13700;INTARIAN_PEPPER_ROOT;11469;14;11467;16;;;11489;16;11493;24;;;11479.0;0.0
av_COFFEE_d2;13800;ASH_COATED_OSMIUM;9967;13;9963;18;;;9973;10;9976;30;;;9970.0;0.0
av_COFFEE_d2;13800;INTARIAN_PEPPER_ROOT;11453;15;11451;18;;;11511;8;11513;27;;;11482.0;0.0
av_COFFEE_d2;13900;ASH_COATED_OSMIUM;9965;20;9963;24;;;9973;21;9975;17;;;9969.0;0.0
av_COFFEE_d2;13900;INTARIAN_PEPPER_ROOT;11478;21;11475;24;;;11493;7;11497;16;;;11485.5;0.0
av_COFFEE_d2;14000;ASH_COATED_OSMIUM;9965;10;9961;27;;;9974;17;9977;17;;;9969.5;0.0
av_COFFEE_d2;14000;INTARIAN_PEPPER_ROOT;11486;17;11483;17;;;11492;15;11495;22;;;11489.0;0.0
av_COFFEE_d2;14100;ASH_COATED_OSMIUM;9966;22;9963;8;;;9973;9;9976;18;;;9969.5;0.0
av_COFFEE_d2;14100;INTARIAN_PEPPER_ROOT;11488;18;11485;25;;;11494;9;11496;21;;;11491.0;0.0
av_COFFEE_d2;14200;ASH_COATED_OSMIUM;9967;12;9964;23;;;9973;18;9975;21;;;9970.0;0.0
av_COFFEE_d2;14200;INTARIAN_PEPPER_ROOT;11491;10;11488;14;;;11497;7;11499;19;;;11494.0;0.0
av_COFFEE_d2;14300;ASH_COATED_OSMIUM;9967;6;9964;17;;;9973;11;9976;23;;;9970.0;0.0
av_COFFEE_d2;14300;INTARIAN_PEPPER_ROOT;11494;22;11490;21;;;11501;15;11503;18;;;11497.5;0.0
av_COFFEE_d2;14400;ASH_COATED_OSMIUM;9967;6;9965;27;;;9973;11;9976;20;;;9970.0;0.0
av_COFFEE_d2;14400;INTARIAN_PEPPER_ROOT;11497;22;11493;10;;;11503;21;11505;19;;;11500.0;0.0
av_COFFEE_d2;14500;ASH_COATED_OSMIUM;9967;11;9964;21;;;9973;18;9976;20;;;9970.0;0.0
av_COFFEE_d2;14500;INTARIAN_PEPPER_ROOT;11490;16;11486;24;;;11516;15;11519;13;;;11503.0;0.0
av_COFFEE_d2;14600;ASH_COATED_OSMIUM;9967;11;9963;22;;;9973;18;9975;24;;;9970.0;0.0
av_COFFEE_d2;14600;INTARIAN_PEPPER_ROOT;11503;12;11501;23;;;11509;11;11511;19;;;11506.0;0.0
av_COFFEE_d2;14700;ASH_COATED_OSMIUM;9966;18;9963;14;;;9974;19;9976;19;;;9970.0;0.0
av_COFFEE_d2;14700;INTARIAN_PEPPER_ROOT;11507;8;11505;21;;;11513;20;11517;14;;;11510.0;0.0
av_COFFEE_d2;14800;ASH_COATED_OSMIUM;9967;13;9963;15;;;9973;18;9976;24;;;9970.0;0.0
av_COFFEE_d2;14800;INTARIAN_PEPPER_ROOT;11507;12;11504;23;;;11519;13;11521;22;;;11513.0;0.0
av_COFFEE_d2;14900;ASH_COATED_OSMIUM;9952;15;9950;27;;;9987;17;9989;14;;;9969.5;0.0
av_COFFEE_d2;14900;INTARIAN_PEPPER_ROOT;11512;20;11508;28;;;11519;14;11522;8;;;11515.5;0.0
av_COFFEE_d2;15000;ASH_COATED_OSMIUM;9967;15;9963;16;;;9973;17;9976;14;;;9970.0;0.0
av_COFFEE_d2;15000;INTARIAN_PEPPER_ROOT;11512;11;11509;23;;;11523;6;11526;22;;;11517.5;0.0
av_COFFEE_d2;15100;ASH_COATED_OSMIUM;9961;10;9958;24;;;9977;8;9979;24;;;9969.0;0.0
av_COFFEE_d2;15100;INTARIAN_PEPPER_ROOT;11519;13;11516;31;;;11525;14;11527;20;;;11522.0;0.0
av_COFFEE_d2;15200;ASH_COATED_OSMIUM;9966;17;9963;16;;;9972;11;9974;17;;;9969.0;0.0
av_COFFEE_d2;15200;INTARIAN_PEPPER_ROOT;11521;16;11518;16;;;11527;10;11531;18;;;11524.0;0.0
av_COFFEE_d2;15300;ASH_COATED_OSMIUM;9967;17;9965;11;;;9973;14;9976;20;;;9970.0;0.0
av_COFFEE_d2;15300;INTARIAN_PEPPER_ROOT;11517;16;11513;13;;;11538;6;11541;18;;;11527.5;0.0
av_COFFEE_d2;15400;ASH_COATED_OSMIUM;9967;14;9964;23;;;9973;18;9977;24;;;9970.0;0.0
av_COFFEE_d2;15400;INTARIAN_PEPPER_ROOT;11527;14;11523;17;;;11534;7;11536;23;;;11530.5;0.0
av_COFFEE_d2;15500;ASH_COATED_OSMIUM;9966;17;9964;17;;;9972;17;9975;24;;;9969.0;0.0
av_COFFEE_d2;15500;INTARIAN_PEPPER_ROOT;11530;15;11528;17;;;11536;13;11538;34;;;11533.0;0.0
av_COFFEE_d2;15600;ASH_COATED_OSMIUM;9966;25;9964;18;;;9972;19;9976;14;;;9969.0;0.0
av_COFFEE_d2;15600;INTARIAN_PEPPER_ROOT;11530;7;11528;20;;;11542;19;11545;29;;;11536.0;0.0
av_COFFEE_d2;15700;ASH_COATED_OSMIUM;9966;18;9963;22;;;9972;13;9975;22;;;9969.0;0.0
av_COFFEE_d2;15700;INTARIAN_PEPPER_ROOT;11536;13;11533;16;;;11542;12;11544;21;;;11539.0;0.0
av_COFFEE_d2;15800;ASH_COATED_OSMIUM;9962;12;9960;28;;;9978;11;9981;20;;;9970.0;0.0
av_COFFEE_d2;15800;INTARIAN_PEPPER_ROOT;11538;14;11534;23;;;11546;17;11550;20;;;11542.0;0.0
av_COFFEE_d2;15900;ASH_COATED_OSMIUM;9967;13;9965;25;;;9973;8;9977;19;;;9970.0;0.0
av_COFFEE_d2;15900;INTARIAN_PEPPER_ROOT;11539;19;11535;17;;;11550;13;11552;24;;;11544.5;0.0
av_COFFEE_d2;16000;ASH_COATED_OSMIUM;9966;25;9964;16;;;9972;23;9976;24;;;9969.0;0.0
av_COFFEE_d2;16000;INTARIAN_PEPPER_ROOT;11545;17;11542;20;;;11551;22;11554;12;;;11548.0;0.0
av_COFFEE_d2;16100;ASH_COATED_OSMIUM;9961;10;9959;29;;;9979;10;9982;12;;;9970.0;0.0
av_COFFEE_d2;16100;INTARIAN_PEPPER_ROOT;11548;10;11544;24;;;11554;12;11558;26;;;11551.0;0.0
av_COFFEE_d2;16200;ASH_COATED_OSMIUM;9966;5;9964;25;;;9972;7;9976;14;;;9969.0;0.0
av_COFFEE_d2;16200;INTARIAN_PEPPER_ROOT;11549;19;11547;23;;;11558;26;11562;16;;;11553.5;0.0
av_COFFEE_d2;16300;ASH_COATED_OSMIUM;9967;15;9964;15;;;9973;10;9976;21;;;9970.0;0.0
av_COFFEE_d2;16300;INTARIAN_PEPPER_ROOT;11551;11;11549;15;;;11562;17;11564;28;;;11556.5;0.0
av_COFFEE_d2;16400;ASH_COATED_OSMIUM;9965;15;9962;13;;;9973;11;9976;24;;;9969.0;0.0
av_COFFEE_d2;16400;INTARIAN_PEPPER_ROOT;11548;15;11546;27;;;11573;14;11576;24;;;11560.5;0.0
av_COFFEE_d2;16500;ASH_COATED_OSMIUM;9966;13;9962;21;;;9972;8;9975;18;;;9969.0;0.0
av_COFFEE_d2;16500;INTARIAN_PEPPER_ROOT;11560;11;11556;23;;;11566;19;11568;25;;;11563.0;0.0
av_COFFEE_d2;16600;ASH_COATED_OSMIUM;9966;17;9963;20;;;9972;7;9976;16;;;9969.0;0.0
av_COFFEE_d2;16600;INTARIAN_PEPPER_ROOT;11562;18;11559;20;;;11569;9;11571;19;;;11565.5;0.0
av_COFFEE_d2;16700;ASH_COATED_OSMIUM;9961;12;9957;25;;;9979;12;9983;10;;;9970.0;0.0
av_COFFEE_d2;16700;INTARIAN_PEPPER_ROOT;11566;19;11564;20;;;11572;6;11575;8;;;11569.0;0.0
av_COFFEE_d2;16800;ASH_COATED_OSMIUM;9967;12;9964;15;;;9973;13;9976;14;;;9970.0;0.0
av_COFFEE_d2;16800;INTARIAN_PEPPER_ROOT;11568;14;11565;23;;;11577;10;11581;18;;;11572.5;0.0
av_COFFEE_d2;16900;ASH_COATED_OSMIUM;9964;8;9962;15;;;9975;14;9979;16;;;9969.5;0.0
av_COFFEE_d2;16900;INTARIAN_PEPPER_ROOT;11567;13;11564;14;;;11582;7;11584;23;;;11574.5;0.0
av_COFFEE_d2;17000;ASH_COATED_OSMIUM;9963;16;9961;17;;;9974;10;9976;12;;;9968.5;0.0
av_COFFEE_d2;17000;INTARIAN_PEPPER_ROOT;11574;22;11571;27;;;11580;19;11584;22;;;11577.0;0.0
av_COFFEE_d2;17100;ASH_COATED_OSMIUM;9967;14;9965;15;;;9973;9;9977;14;;;9970.0;0.0
av_COFFEE_d2;17100;INTARIAN_PEPPER_ROOT;11563;12;11560;21;;;11597;13;11599;20;;;11580.0;0.0
av_COFFEE_d2;17200;ASH_COATED_OSMIUM;9966;6;9962;19;;;9972;20;9974;17;;;9969.0;0.0
av_COFFEE_d2;17200;INTARIAN_PEPPER_ROOT;11571;12;11569;20;;;11592;19;11594;20;;;11581.5;0.0
av_COFFEE_d2;17300;ASH_COATED_OSMIUM;9962;16;9959;8;;;9977;13;9980;26;;;9969.5;0.0
av_COFFEE_d2;17300;INTARIAN_PEPPER_ROOT;11567;18;11564;21;;;11601;17;11604;22;;;11584.0;0.0
av_COFFEE_d2;17400;ASH_COATED_OSMIUM;9966;17;9963;18;;;9972;22;9975;14;;;9969.0;0.0
av_COFFEE_d2;17400;INTARIAN_PEPPER_ROOT;11572;7;11570;21;;;11600;5;11603;30;;;11586.0;0.0
av_COFFEE_d2;17500;ASH_COATED_OSMIUM;9966;9;9962;24;;;9973;14;9977;11;;;9969.5;0.0
av_COFFEE_d2;17500;INTARIAN_PEPPER_ROOT;11586;13;11582;17;;;11592;19;11594;27;;;11589.0;0.0
av_COFFEE_d2;17600;ASH_COATED_OSMIUM;9964;6;9961;18;;;9976;12;9978;22;;;9970.0;0.0
av_COFFEE_d2;17600;INTARIAN_PEPPER_ROOT;11588;27;11586;15;;;11595;13;11598;15;;;11591.5;0.0
av_COFFEE_d2;17700;ASH_COATED_OSMIUM;9967;15;9965;28;;;9973;14;9975;21;;;9970.0;0.0
av_COFFEE_d2;17700;INTARIAN_PEPPER_ROOT;11580;5;11577;15;;;11606;11;11609;10;;;11593.0;0.0
av_COFFEE_d2;17800;ASH_COATED_OSMIUM;9960;20;9957;17;;;9979;25;9982;17;;;9969.5;0.0
av_COFFEE_d2;17800;INTARIAN_PEPPER_ROOT;11593;18;11590;16;;;11599;9;11601;21;;;11596.0;0.0
av_COFFEE_d2;17900;ASH_COATED_OSMIUM;9968;21;9966;27;;;9974;11;9978;19;;;9971.0;0.0
av_COFFEE_d2;17900;INTARIAN_PEPPER_ROOT;11595;18;11593;25;;;11601;20;11603;17;;;11598.0;0.0
av_COFFEE_d2;18000;ASH_COATED_OSMIUM;9967;12;9964;22;;;9973;24;9975;13;;;9970.0;0.0
av_COFFEE_d2;18000;INTARIAN_PEPPER_ROOT;11593;7;11589;21;;;11609;7;11611;23;;;11601.0;0.0
av_COFFEE_d2;18100;ASH_COATED_OSMIUM;9967;23;9965;11;;;9973;17;9977;19;;;9970.0;0.0
av_COFFEE_d2;18100;INTARIAN_PEPPER_ROOT;11600;15;11597;25;;;11606;15;11609;24;;;11603.0;0.0
av_COFFEE_d2;18200;ASH_COATED_OSMIUM;9967;22;9964;18;;;9973;14;9976;15;;;9970.0;0.0
av_COFFEE_d2;18200;INTARIAN_PEPPER_ROOT;11602;22;11600;13;;;11608;16;11610;15;;;11605.0;0.0
av_COFFEE_d2;18300;ASH_COATED_OSMIUM;9962;12;9959;21;;;9977;8;9979;19;;;9969.5;0.0
av_COFFEE_d2;18300;INTARIAN_PEPPER_ROOT;11600;12;11596;18;;;11614;14;11618;27;;;11607.0;0.0
av_COFFEE_d2;18400;ASH_COATED_OSMIUM;9964;13;9961;20;;;9976;17;9979;20;;;9970.0;0.0
av_COFFEE_d2;18400;INTARIAN_PEPPER_ROOT;11606;21;11603;17;;;11613;12;11617;14;;;11609.5;0.0
av_COFFEE_d2;18500;ASH_COATED_OSMIUM;9962;11;9959;20;;;9977;10;9980;24;;;9969.5;0.0
av_COFFEE_d2;18500;INTARIAN_PEPPER_ROOT;11608;13;11604;19;;;11614;11;11616;26;;;11611.0;0.0
av_COFFEE_d2;18600;ASH_COATED_OSMIUM;9965;19;9961;22;;;9977;18;9980;24;;;9971.0;0.0
av_COFFEE_d2;18600;INTARIAN_PEPPER_ROOT;11610;13;11608;20;;;11618;20;11621;22;;;11614.0;0.0
av_COFFEE_d2;18700;ASH_COATED_OSMIUM;9967;15;9965;17;;;9973;15;9975;21;;;9970.0;0.0
av_COFFEE_d2;18700;INTARIAN_PEPPER_ROOT;11613;18;11611;11;;;11619;20;11623;21;;;11616.0;0.0
av_COFFEE_d2;18800;ASH_COATED_OSMIUM;9967;13;9963;18;;;9973;13;9976;20;;;9970.0;0.0
av_COFFEE_d2;18800;INTARIAN_PEPPER_ROOT;11616;5;11614;18;;;11622;6;11624;14;;;11619.0;0.0
av_COFFEE_d2;18900;ASH_COATED_OSMIUM;9967;13;9964;26;;;9973;14;9976;25;;;9970.0;0.0
av_COFFEE_d2;18900;INTARIAN_PEPPER_ROOT;11618;8;11614;20;;;11624;14;11626;18;;;11621.0;0.0
av_COFFEE_d2;19000;ASH_COATED_OSMIUM;9967;20;9963;25;;;9973;16;9976;18;;;9970.0;0.0
av_COFFEE_d2;19000;INTARIAN_PEPPER_ROOT;11621;18;11619;19;;;11627;10;11631;16;;;11624.0;0.0
av_COFFEE_d2;19100;ASH_COATED_OSMIUM;9967;13;9964;26;;;9973;10;9975;27;;;9970.0;0.0
av_COFFEE_d2;19100;INTARIAN_PEPPER_ROOT;11623;19;11619;12;;;11629;19;11633;27;;;11626.0;0.0
av_COFFEE_d2;19200;ASH_COATED_OSMIUM;9965;10;9961;12;;;9976;17;9980;26;;;9970.5;0.0
av_COFFEE_d2;19200;INTARIAN_PEPPER_ROOT;11624;12;11621;11;;;11631;9;11634;17;;;11627.5;0.0
av_COFFEE_d2;19300;ASH_COATED_OSMIUM;9968;17;9965;19;;;9974;15;9978;25;;;9971.0;0.0
av_COFFEE_d2;19300;INTARIAN_PEPPER_ROOT;11628;20;11625;21;;;11634;13;11636;14;;;11631.0;0.0
av_COFFEE_d2;19400;ASH_COATED_OSMIUM;9969;22;9966;17;;;9975;16;9977;23;;;9972.0;0.0
av_COFFEE_d2;19400;INTARIAN_PEPPER_ROOT;11630;7;11627;18;;;11636;18;11639;18;;;11633.0;0.0
av_COFFEE_d2;19500;ASH_COATED_OSMIUM;9968;14;9965;23;;;9974;17;9978;24;;;9971.0;0.0
av_COFFEE_d2;19500;INTARIAN_PEPPER_ROOT;11632;18;11630;19;;;11638;17;11642;24;;;11635.0;0.0
av_COFFEE_d2;19600;ASH_COATED_OSMIUM;9968;18;9966;35;;;9974;15;9976;23;;;9971.0;0.0
av_COFFEE_d2;19600;INTARIAN_PEPPER_ROOT;11590;12;11586;22;;;11682;12;11686;22;;;11636.0;0.0
av_COFFEE_d2;19700;ASH_COATED_OSMIUM;9968;24;9965;18;;;9974;17;9978;21;;;9971.0;0.0
av_COFFEE_d2;19700;INTARIAN_PEPPER_ROOT;11636;22;11633;26;;;11642;19;11645;16;;;11639.0;0.0
av_COFFEE_d2;19800;ASH_COATED_OSMIUM;9965;15;9962;16;;;9976;19;9980;16;;;9970.5;0.0
av_COFFEE_d2;19800;INTARIAN_PEPPER_ROOT;11635;14;11632;19;;;11648;9;11652;14;;;11641.5;0.0
av_COFFEE_d2;19900;ASH_COATED_OSMIUM;9964;9;9960;19;;;9977;11;9979;21;;;9970.5;0.0
av_COFFEE_d2;19900;INTARIAN_PEPPER_ROOT;11641;13;11639;15;;;11647;17;11649;23;;;11644.0;0.0
av_COFFEE_d2;20000;ASH_COATED_OSMIUM;9968;17;9966;25;;;9974;17;9977;19;;;9971.0;0.0
av_COFFEE_d2;20000;INTARIAN_PEPPER_ROOT;11640;11;11636;24;;;11652;21;11656;8;;;11646.0;0.0
av_COFFEE_d2;20100;ASH_COATED_OSMIUM;9968;15;9964;18;;;9974;10;9978;13;;;9971.0;0.0
av_COFFEE_d2;20100;INTARIAN_PEPPER_ROOT;11645;20;11643;23;;;11651;6;11655;23;;;11648.0;0.0
av_COFFEE_d2;20200;ASH_COATED_OSMIUM;9961;5;9959;24;;;9979;21;9983;25;;;9970.0;0.0
av_COFFEE_d2;20200;INTARIAN_PEPPER_ROOT;11648;14;11644;28;;;11654;14;11657;16;;;11651.0;0.0
av_COFFEE_d2;20300;ASH_COATED_OSMIUM;9966;15;9963;23;;;9976;19;9980;20;;;9971.0;0.0
av_COFFEE_d2;20300;INTARIAN_PEPPER_ROOT;11650;10;11647;13;;;11656;15;11658;15;;;11653.0;0.0
av_COFFEE_d2;20400;ASH_COATED_OSMIUM;9968;24;9965;8;;;9974;14;9977;23;;;9971.0;0.0
av_COFFEE_d2;20400;INTARIAN_PEPPER_ROOT;11653;11;11649;12;;;11659;15;11663;22;;;11656.0;0.0
av_COFFEE_d2;20500;ASH_COATED_OSMIUM;9965;14;9962;19;;;9976;21;9978;18;;;9970.5;0.0
av_COFFEE_d2;20500;INTARIAN_PEPPER_ROOT;11654;14;11652;22;;;11660;13;11662;12;;;11657.0;0.0
av_COFFEE_d2;20600;ASH_COATED_OSMIUM;9969;21;9965;26;;;9975;9;9978;14;;;9972.0;0.0
av_COFFEE_d2;20600;INTARIAN_PEPPER_ROOT;11657;27;11654;22;;;11663;10;11666;15;;;11660.0;0.0
av_COFFEE_d2;20700;ASH_COATED_OSMIUM;9968;15;9965;28;;;9974;19;9978;19;;;9971.0;0.0
av_COFFEE_d2;20700;INTARIAN_PEPPER_ROOT;11659;21;11656;13;;;11665;19;11668;26;;;11662.0;0.0
av_COFFEE_d2;20800;ASH_COATED_OSMIUM;9967;17;9964;21;;;9974;9;9978;23;;;9970.5;0.0
av_COFFEE_d2;20800;INTARIAN_PEPPER_ROOT;11657;14;11655;17;;;11673;16;11676;19;;;11665.0;0.0
av_COFFEE_d2;20900;ASH_COATED_OSMIUM;9969;17;9966;16;;;9975;5;9977;28;;;9972.0;0.0
av_COFFEE_d2;20900;INTARIAN_PEPPER_ROOT;11663;10;11659;20;;;11672;15;11676;28;;;11667.5;0.0
av_COFFEE_d2;21000;ASH_COATED_OSMIUM;9968;18;9966;18;;;9976;23;9980;13;;;9972.0;0.0
av_COFFEE_d2;21000;INTARIAN_PEPPER_ROOT;11667;7;11664;21;;;11673;15;11675;11;;;11670.0;0.0
av_COFFEE_d2;21100;ASH_COATED_OSMIUM;9957;14;9955;17;;;9986;8;9989;21;;;9971.5;0.0
av_COFFEE_d2;21100;INTARIAN_PEPPER_ROOT;11668;12;11665;16;;;11674;10;11677;19;;;11671.0;0.0
av_COFFEE_d2;21200;ASH_COATED_OSMIUM;9968;5;9964;17;;;9975;14;9977;22;;;9971.5;0.0
av_COFFEE_d2;21200;INTARIAN_PEPPER_ROOT;11670;12;11667;20;;;11676;17;11678;10;;;11673.0;0.0
av_COFFEE_d2;21300;ASH_COATED_OSMIUM;9966;10;9962;25;;;9977;14;9980;15;;;9971.5;0.0
av_COFFEE_d2;21300;INTARIAN_PEPPER_ROOT;11673;16;11670;20;;;11679;15;11681;20;;;11676.0;0.0
av_COFFEE_d2;21400;ASH_COATED_OSMIUM;9968;15;9964;24;;;9974;12;9978;20;;;9971.0;0.0
av_COFFEE_d2;21400;INTARIAN_PEPPER_ROOT;11675;18;11672;21;;;11681;23;11683;23;;;11678.0;0.0
av_COFFEE_d2;21500;ASH_COATED_OSMIUM;9969;18;9965;23;;;9975;14;9979;15;;;9972.0;0.0
av_COFFEE_d2;21500;INTARIAN_PEPPER_ROOT;11677;17;11675;17;;;11683;10;11686;30;;;11680.0;0.0
av_COFFEE_d2;21600;ASH_COATED_OSMIUM;9968;20;9966;15;;;9977;25;9981;14;;;9972.5;0.0
av_COFFEE_d2;21600;INTARIAN_PEPPER_ROOT;11680;13;11677;22;;;11686;21;11689;14;;;11683.0;0.0
av_COFFEE_d2;21700;ASH_COATED_OSMIUM;9959;10;9957;24;;;9984;24;9987;22;;;9971.5;0.0
av_COFFEE_d2;21700;INTARIAN_PEPPER_ROOT;11682;12;11679;22;;;11688;5;11691;22;;;11685.0;0.0
av_COFFEE_d2;21800;ASH_COATED_OSMIUM;9969;10;9965;18;;;9975;14;9977;19;;;9972.0;0.0
av_COFFEE_d2;21800;INTARIAN_PEPPER_ROOT;11684;12;11680;19;;;11690;23;11693;16;;;11687.0;0.0
av_COFFEE_d2;21900;ASH_COATED_OSMIUM;9968;20;9965;22;;;9974;23;9978;20;;;9971.0;0.0
av_COFFEE_d2;21900;INTARIAN_PEPPER_ROOT;11687;13;11685;17;;;11693;15;11697;30;;;11690.0;0.0
av_COFFEE_d2;22000;ASH_COATED_OSMIUM;9969;10;9966;19;;;9976;17;9980;17;;;9972.5;0.0
av_COFFEE_d2;22000;INTARIAN_PEPPER_ROOT;11689;30;11686;13;;;11695;20;11697;19;;;11692.0;0.0
av_COFFEE_d2;22100;ASH_COATED_OSMIUM;9969;14;9965;22;;;9975;12;9978;28;;;9972.0;0.0
av_COFFEE_d2;22100;INTARIAN_PEPPER_ROOT;11690;22;11687;14;;;11699;14;11702;22;;;11694.5;0.0
av_COFFEE_d2;22200;ASH_COATED_OSMIUM;9964;5;9960;12;;;9980;15;9982;21;;;9972.0;0.0
av_COFFEE_d2;22200;INTARIAN_PEPPER_ROOT;11688;5;11684;17;;;11704;12;11706;8;;;11696.0;0.0
av_COFFEE_d2;22300;ASH_COATED_OSMIUM;9966;20;9963;19;;;9978;15;9981;26;;;9972.0;0.0
av_COFFEE_d2;22300;INTARIAN_PEPPER_ROOT;11692;12;11690;22;;;11704;14;11707;22;;;11698.0;0.0
av_COFFEE_d2;22400;ASH_COATED_OSMIUM;9968;17;9965;8;;;9977;8;9980;24;;;9972.5;0.0
av_COFFEE_d2;22400;INTARIAN_PEPPER_ROOT;11696;21;11693;24;;;11706;9;11709;26;;;11701.0;0.0
av_COFFEE_d2;22500;ASH_COATED_OSMIUM;9969;24;9967;17;;;9975;20;9978;12;;;9972.0;0.0
av_COFFEE_d2;22500;INTARIAN_PEPPER_ROOT;11698;11;11694;19;;;11709;21;11713;17;;;11703.5;0.0
av_COFFEE_d2;22600;ASH_COATED_OSMIUM;9970;18;9966;20;;;9976;17;9978;13;;;9973.0;0.0
av_COFFEE_d2;22600;INTARIAN_PEPPER_ROOT;11700;27;11697;19;;;11712;7;11715;20;;;11706.0;0.0
av_COFFEE_d2;22700;ASH_COATED_OSMIUM;9969;8;9966;16;;;9975;14;9978;27;;;9972.0;0.0
av_COFFEE_d2;22700;INTARIAN_PEPPER_ROOT;11705;19;11702;22;;;11711;10;11713;26;;;11708.0;0.0
av_COFFEE_d2;22800;ASH_COATED_OSMIUM;9968;21;9966;19;;;9978;15;9982;14;;;9973.0;0.0
av_COFFEE_d2;22800;INTARIAN_PEPPER_ROOT;11707;15;11705;16;;;11713;12;11716;18;;;11710.0;0.0
av_COFFEE_d2;22900;ASH_COATED_OSMIUM;9970;22;9968;15;;;9976;13;9979;25;;;9973.0;0.0
av_COFFEE_d2;22900;INTARIAN_PEPPER_ROOT;11709;10;11705;14;;;11715;17;11719;18;;;11712.0;0.0
av_COFFEE_d2;23000;ASH_COATED_OSMIUM;9969;12;9966;29;;;9975;15;9979;25;;;9972.0;0.0
av_COFFEE_d2;23000;INTARIAN_PEPPER_ROOT;11712;12;11708;19;;;11718;12;11720;23;;;11715.0;0.0
av_COFFEE_d2;23100;ASH_COATED_OSMIUM;9959;15;9957;24;;;9987;15;9989;16;;;9973.0;0.0
av_COFFEE_d2;23100;INTARIAN_PEPPER_ROOT;11714;14;11710;17;;;11720;13;11724;26;;;11717.0;0.0
av_COFFEE_d2;23200;ASH_COATED_OSMIUM;9970;15;9966;17;;;9976;14;9978;23;;;9973.0;0.0
av_COFFEE_d2;23200;INTARIAN_PEPPER_ROOT;11714;20;11712;15;;;11724;9;11726;23;;;11719.0;0.0
av_COFFEE_d2;23300;ASH_COATED_OSMIUM;9969;18;9967;27;;;9975;15;9979;21;;;9972.0;0.0
av_COFFEE_d2;23300;INTARIAN_PEPPER_ROOT;11719;13;11716;22;;;11725;8;11729;21;;;11722.0;0.0
av_COFFEE_d2;23400;ASH_COATED_OSMIUM;9967;11;9963;19;;;9979;17;9982;24;;;9973.0;0.0
av_COFFEE_d2;23400;INTARIAN_PEPPER_ROOT;11721;13;11719;18;;;11727;18;11730;17;;;11724.0;0.0
av_COFFEE_d2;23500;ASH_COATED_OSMIUM;9965;8;9963;14;;;9981;12;9985;12;;;9973.0;0.0
av_COFFEE_d2;23500;INTARIAN_PEPPER_ROOT;11723;12;11720;10;;;11730;20;11732;21;;;11726.5;0.0
av_COFFEE_d2;23600;ASH_COATED_OSMIUM;9970;13;9967;26;;;9976;19;9978;25;;;9973.0;0.0
av_COFFEE_d2;23600;INTARIAN_PEPPER_ROOT;11720;17;11716;15;;;11736;15;11739;21;;;11728.0;0.0
av_COFFEE_d2;23700;ASH_COATED_OSMIUM;9968;17;9964;16;;;9977;19;9980;20;;;9972.5;0.0
av_COFFEE_d2;23700;INTARIAN_PEPPER_ROOT;11728;9;11724;27;;;11734;15;11737;14;;;11731.0;0.0
av_COFFEE_d2;23800;ASH_COATED_OSMIUM;9970;8;9968;16;;;9976;19;9978;34;;;9973.0;0.0
av_COFFEE_d2;23800;INTARIAN_PEPPER_ROOT;11723;19;11719;18;;;11744;5;11748;27;;;11733.5;0.0
av_COFFEE_d2;23900;ASH_COATED_OSMIUM;9970;19;9967;21;;;9976;10;9978;18;;;9973.0;0.0
av_COFFEE_d2;23900;INTARIAN_PEPPER_ROOT;11727;17;11723;19;;;11744;17;11748;21;;;11735.5;0.0
av_COFFEE_d2;24000;ASH_COATED_OSMIUM;9964;5;9962;24;;;9983;5;9986;11;;;9973.5;0.0
av_COFFEE_d2;24000;INTARIAN_PEPPER_ROOT;11735;19;11731;24;;;11741;11;11743;15;;;11738.0;0.0
av_COFFEE_d2;24100;ASH_COATED_OSMIUM;9969;8;9966;17;;;9976;6;9978;24;;;9972.5;0.0
av_COFFEE_d2;24100;INTARIAN_PEPPER_ROOT;11737;20;11733;22;;;11743;18;11746;24;;;11740.0;0.0
av_COFFEE_d2;24200;ASH_COATED_OSMIUM;9969;10;9967;22;;;9975;17;9978;18;;;9972.0;0.0
av_COFFEE_d2;24200;INTARIAN_PEPPER_ROOT;11740;10;11737;24;;;11746;10;11749;19;;;11743.0;0.0
av_COFFEE_d2;24300;ASH_COATED_OSMIUM;9970;15;9967;14;;;9976;16;9978;22;;;9973.0;0.0
av_COFFEE_d2;24300;INTARIAN_PEPPER_ROOT;11742;13;11738;16;;;11748;11;11751;26;;;11745.0;0.0
av_COFFEE_d2;24400;ASH_COATED_OSMIUM;9970;16;9967;25;;;9976;7;9979;22;;;9973.0;0.0
av_COFFEE_d2;24400;INTARIAN_PEPPER_ROOT;11743;11;11739;18;;;11751;13;11755;27;;;11747.0;0.0
av_COFFEE_d2;24500;ASH_COATED_OSMIUM;9970;5;9967;25;;;9976;14;9980;18;;;9973.0;0.0
av_COFFEE_d2;24500;INTARIAN_PEPPER_ROOT;11740;11;11737;19;;;11758;20;11761;16;;;11749.0;0.0
av_COFFEE_d2;24600;ASH_COATED_OSMIUM;9969;20;9966;23;;;9977;15;9980;20;;;9973.0;0.0
av_COFFEE_d2;24600;INTARIAN_PEPPER_ROOT;11748;19;11744;17;;;11754;11;11756;15;;;11751.0;0.0
av_COFFEE_d2;24700;ASH_COATED_OSMIUM;9970;22;9968;13;;;9976;6;9980;24;;;9973.0;0.0
av_COFFEE_d2;24700;INTARIAN_PEPPER_ROOT;11751;12;11749;15;;;11757;18;11761;19;;;11754.0;0.0
av_COFFEE_d2;24800;ASH_COATED_OSMIUM;9964;17;9962;17;;;9982;21;9986;22;;;9973.0;0.0
av_COFFEE_d2;24800;INTARIAN_PEPPER_ROOT;11752;18;11748;15;;;11761;16;11764;20;;;11756.5;0.0
av_COFFEE_d2;24900;ASH_COATED_OSMIUM;9970;14;9967;20;;;9976;22;9979;28;;;9973.0;0.0
av_COFFEE_d2;24900;INTARIAN_PEPPER_ROOT;11756;11;11753;21;;;11762;14;11764;23;;;11759.0;0.0
av_COFFEE_d2;25000;ASH_COATED_OSMIUM;9970;26;9966;20;;;9976;17;9979;19;;;9973.0;0.0
av_COFFEE_d2;25000;INTARIAN_PEPPER_ROOT;11755;10;11751;16;;;11767;17;11770;17;;;11761.0;0.0
av_COFFEE_d2;25100;ASH_COATED_OSMIUM;9971;17;9968;25;;;9977;11;9980;21;;;9974.0;0.0
av_COFFEE_d2;25100;INTARIAN_PEPPER_ROOT;11760;12;11758;21;;;11766;19;11770;19;;;11763.0;0.0
av_COFFEE_d2;25200;ASH_COATED_OSMIUM;9970;18;9966;10;;;9976;15;9980;16;;;9973.0;0.0
av_COFFEE_d2;25200;INTARIAN_PEPPER_ROOT;11762;14;11759;28;;;11769;17;11773;21;;;11765.5;0.0
av_COFFEE_d2;25300;ASH_COATED_OSMIUM;9970;21;9966;22;;;9976;16;9979;25;;;9973.0;0.0
av_COFFEE_d2;25300;INTARIAN_PEPPER_ROOT;11765;24;11763;23;;;11771;13;11773;19;;;11768.0;0.0
av_COFFEE_d2;25400;ASH_COATED_OSMIUM;9971;15;9967;17;;;9977;19;9981;14;;;9974.0;0.0
av_COFFEE_d2;25400;INTARIAN_PEPPER_ROOT;11767;18;11763;22;;;11773;19;11775;30;;;11770.0;0.0
av_COFFEE_d2;25500;ASH_COATED_OSMIUM;9971;8;9968;14;;;9977;10;9979;17;;;9974.0;0.0
av_COFFEE_d2;25500;INTARIAN_PEPPER_ROOT;11769;13;11766;23;;;11776;11;11779;21;;;11772.5;0.0
av_COFFEE_d2;25600;ASH_COATED_OSMIUM;9970;12;9966;17;;;9976;13;9978;22;;;9973.0;0.0
av_COFFEE_d2;25600;INTARIAN_PEPPER_ROOT;11772;11;11770;10;;;11778;9;11782;19;;;11775.0;0.0
av_COFFEE_d2;25700;ASH_COATED_OSMIUM;9971;5;9969;16;;;9977;8;9979;24;;;9974.0;0.0
av_COFFEE_d2;25700;INTARIAN_PEPPER_ROOT;11774;17;11771;18;;;11780;8;11783;25;;;11777.0;0.0
av_COFFEE_d2;25800;ASH_COATED_OSMIUM;9964;12;9960;14;;;9985;16;9988;12;;;9974.5;0.0
av_COFFEE_d2;25800;INTARIAN_PEPPER_ROOT;11775;19;11773;17;;;11781;24;11785;13;;;11778.0;0.0
av_COFFEE_d2;25900;ASH_COATED_OSMIUM;9971;11;9968;19;;;9977;9;9980;13;;;9974.0;0.0
av_COFFEE_d2;25900;INTARIAN_PEPPER_ROOT;11778;14;11774;11;;;11784;9;11787;21;;;11781.0;0.0
av_COFFEE_d2;26000;ASH_COATED_OSMIUM;9971;12;9968;12;;;9977;21;9980;23;;;9974.0;0.0
av_COFFEE_d2;26000;INTARIAN_PEPPER_ROOT;11758;17;11756;14;;;11809;17;11812;13;;;11783.5;0.0
av_COFFEE_d2;26100;ASH_COATED_OSMIUM;9971;19;9969;22;;;9977;10;9979;29;;;9974.0;0.0
av_COFFEE_d2;26100;INTARIAN_PEPPER_ROOT;11782;17;11778;20;;;11791;13;11795;24;;;11786.5;0.0
av_COFFEE_d2;26200;ASH_COATED_OSMIUM;9961;20;9957;16;;;9987;12;9991;22;;;9974.0;0.0
av_COFFEE_d2;26200;INTARIAN_PEPPER_ROOT;11786;18;11784;15;;;11792;11;11796;13;;;11789.0;0.0
av_COFFEE_d2;26300;ASH_COATED_OSMIUM;9966;23;9964;17;;;9983;12;9985;20;;;9974.5;0.0
av_COFFEE_d2;26300;INTARIAN_PEPPER_ROOT;11782;15;11780;18;;;11800;10;11802;26;;;11791.0;0.0
av_COFFEE_d2;26400;ASH_COATED_OSMIUM;9958;18;9956;22;;;9990;20;9993;17;;;9974.0;0.0
av_COFFEE_d2;26400;INTARIAN_PEPPER_ROOT;11788;12;11784;25;;;11797;15;11800;26;;;11792.5;0.0
av_COFFEE_d2;26500;ASH_COATED_OSMIUM;9965;14;9962;28;;;9983;24;9986;27;;;9974.0;0.0
av_COFFEE_d2;26500;INTARIAN_PEPPER_ROOT;11792;23;11788;20;;;11798;17;11801;35;;;11795.0;0.0
av_COFFEE_d2;26600;ASH_COATED_OSMIUM;9970;15;9966;18;;;9976;13;9978;10;;;9973.0;0.0
av_COFFEE_d2;26600;INTARIAN_PEPPER_ROOT;11795;17;11793;12;;;11801;15;11804;24;;;11798.0;0.0
av_COFFEE_d2;26700;ASH_COATED_OSMIUM;9971;8;9969;23;;;9977;19;9979;17;;;9974.0;0.0
av_COFFEE_d2;26700;INTARIAN_PEPPER_ROOT;11797;12;11795;16;;;11803;14;11805;20;;;11800.0;0.0
av_COFFEE_d2;26800;ASH_COATED_OSMIUM;9968;14;9966;18;;;9982;8;9986;23;;;9975.0;0.0
av_COFFEE_d2;26800;INTARIAN_PEPPER_ROOT;11790;15;11788;14;;;11814;13;11816;20;;;11802.0;0.0
av_COFFEE_d2;26900;ASH_COATED_OSMIUM;9971;16;9968;14;;;9977;11;9981;28;;;9974.0;0.0
av_COFFEE_d2;26900;INTARIAN_PEPPER_ROOT;11802;14;11798;23;;;11808;15;11812;21;;;11805.0;0.0
av_COFFEE_d2;27000;ASH_COATED_OSMIUM;9971;12;9968;19;;;9977;16;9980;22;;;9974.0;0.0
av_COFFEE_d2;27000;INTARIAN_PEPPER_ROOT;11804;11;11802;24;;;11810;22;11814;26;;;11807.0;0.0
av_COFFEE_d2;27100;ASH_COATED_OSMIUM;9971;8;9968;19;;;9977;13;9980;16;;;9974.0;0.0
av_COFFEE_d2;27100;INTARIAN_PEPPER_ROOT;11802;8;11800;20;;;11817;10;11819;18;;;11809.5;0.0
av_COFFEE_d2;27200;ASH_COATED_OSMIUM;9965;7;9962;25;;;9985;15;9987;26;;;9975.0;0.0
av_COFFEE_d2;27200;INTARIAN_PEPPER_ROOT;11804;12;11800;26;;;11817;17;11819;18;;;11810.5;0.0
av_COFFEE_d2;27300;ASH_COATED_OSMIUM;9971;17;9969;25;;;9977;11;9980;14;;;9974.0;0.0
av_COFFEE_d2;27300;INTARIAN_PEPPER_ROOT;11810;11;11808;14;;;11816;14;11818;19;;;11813.0;0.0
av_COFFEE_d2;27400;ASH_COATED_OSMIUM;9971;22;9969;24;;;9979;9;9983;16;;;9975.0;0.0
av_COFFEE_d2;27400;INTARIAN_PEPPER_ROOT;11813;14;11809;14;;;11819;13;11821;19;;;11816.0;0.0
av_COFFEE_d2;27500;ASH_COATED_OSMIUM;9969;16;9965;26;;;9980;9;9982;20;;;9974.5;0.0
av_COFFEE_d2;27500;INTARIAN_PEPPER_ROOT;11815;7;11813;22;;;11821;16;11824;27;;;11818.0;0.0
av_COFFEE_d2;27600;ASH_COATED_OSMIUM;9972;13;9969;30;;;9978;11;9981;23;;;9975.0;0.0
av_COFFEE_d2;27600;INTARIAN_PEPPER_ROOT;11817;20;11814;21;;;11823;13;11827;19;;;11820.0;0.0
av_COFFEE_d2;27700;ASH_COATED_OSMIUM;9970;13;9968;25;;;9980;11;9983;14;;;9975.0;0.0
av_COFFEE_d2;27700;INTARIAN_PEPPER_ROOT;11820;15;11816;13;;;11826;5;11830;29;;;11823.0;0.0
av_COFFEE_d2;27800;ASH_COATED_OSMIUM;9972;5;9968;28;;;9978;7;9980;12;;;9975.0;0.0
av_COFFEE_d2;27800;INTARIAN_PEPPER_ROOT;11822;13;11818;19;;;11828;18;11830;17;;;11825.0;0.0
av_COFFEE_d2;27900;ASH_COATED_OSMIUM;9966;19;9963;17;;;9985;13;9989;17;;;9975.5;0.0
av_COFFEE_d2;27900;INTARIAN_PEPPER_ROOT;11825;25;11822;24;;;11831;9;11835;16;;;11828.0;0.0
av_COFFEE_d2;28000;ASH_COATED_OSMIUM;9969;19;9965;13;;;9981;15;9985;19;;;9975.0;0.0
av_COFFEE_d2;28000;INTARIAN_PEPPER_ROOT;11825;13;11822;21;;;11835;8;11838;10;;;11830.0;0.0
av_COFFEE_d2;28100;ASH_COATED_OSMIUM;9972;16;9969;24;;;9978;16;9981;23;;;9975.0;0.0
av_COFFEE_d2;28100;INTARIAN_PEPPER_ROOT;11829;6;11827;30;;;11835;22;11837;19;;;11832.0;0.0
av_COFFEE_d2;28200;ASH_COATED_OSMIUM;9972;14;9968;31;;;9978;12;9980;18;;;9975.0;0.0
av_COFFEE_d2;28200;INTARIAN_PEPPER_ROOT;11822;21;11818;17;;;11845;17;11848;27;;;11833.5;0.0
av_COFFEE_d2;28300;ASH_COATED_OSMIUM;9972;17;9970;12;;;9978;10;9981;20;;;9975.0;0.0
av_COFFEE_d2;28300;INTARIAN_PEPPER_ROOT;11833;13;11830;24;;;11839;15;11841;21;;;11836.0;0.0
av_COFFEE_d2;28400;ASH_COATED_OSMIUM;9972;11;9968;18;;;9978;11;9981;28;;;9975.0;0.0
av_COFFEE_d2;28400;INTARIAN_PEPPER_ROOT;11835;11;11832;22;;;11841;13;11844;16;;;11838.0;0.0
av_COFFEE_d2;28500;ASH_COATED_OSMIUM;9972;12;9969;24;;;9979;17;9983;34;;;9975.5;0.0
av_COFFEE_d2;28500;INTARIAN_PEPPER_ROOT;11838;18;11835;22;;;11844;15;11846;18;;;11841.0;0.0
av_COFFEE_d2;28600;ASH_COATED_OSMIUM;9972;13;9968;12;;;9978;10;9980;22;;;9975.0;0.0
av_COFFEE_d2;28600;INTARIAN_PEPPER_ROOT;11840;21;11837;26;;;11846;20;11849;26;;;11843.0;0.0
av_COFFEE_d2;28700;ASH_COATED_OSMIUM;9972;17;9970;15;;;9978;21;9982;10;;;9975.0;0.0
av_COFFEE_d2;28700;INTARIAN_PEPPER_ROOT;11838;21;11836;20;;;11854;10;11858;11;;;11846.0;0.0
av_COFFEE_d2;28800;ASH_COATED_OSMIUM;9968;14;9965;19;;;9981;20;9983;20;;;9974.5;0.0
av_COFFEE_d2;28800;INTARIAN_PEPPER_ROOT;11840;23;11837;19;;;11856;18;11859;18;;;11848.0;0.0
av_COFFEE_d2;28900;ASH_COATED_OSMIUM;9973;19;9970;25;;;9979;24;9983;19;;;9976.0;0.0
av_COFFEE_d2;28900;INTARIAN_PEPPER_ROOT;11839;5;11836;23;;;11861;5;11863;22;;;11850.0;0.0
av_COFFEE_d2;29000;ASH_COATED_OSMIUM;9972;18;9968;19;;;9979;17;9982;16;;;9975.5;0.0
av_COFFEE_d2;29000;INTARIAN_PEPPER_ROOT;11849;14;11846;21;;;11855;18;11857;26;;;11852.0;0.0
av_COFFEE_d2;29100;ASH_COATED_OSMIUM;9972;9;9970;15;;;9978;10;9980;21;;;9975.0;0.0
av_COFFEE_d2;29100;INTARIAN_PEPPER_ROOT;11851;16;11848;25;;;11857;13;11859;15;;;11854.0;0.0
av_COFFEE_d2;29200;ASH_COATED_OSMIUM;9973;25;9971;15;;;9979;11;9983;21;;;9976.0;0.0
av_COFFEE_d2;29200;INTARIAN_PEPPER_ROOT;11854;8;11851;11;;;11860;18;11863;16;;;11857.0;0.0
av_COFFEE_d2;29300;ASH_COATED_OSMIUM;9973;15;9971;17;;;9979;17;9983;20;;;9976.0;0.0
av_COFFEE_d2;29300;INTARIAN_PEPPER_ROOT;11856;13;11852;27;;;11862;18;11866;25;;;11859.0;0.0
av_COFFEE_d2;29400;ASH_COATED_OSMIUM;9971;18;9969;15;;;9981;10;9983;13;;;9976.0;0.0
av_COFFEE_d2;29400;INTARIAN_PEPPER_ROOT;11859;16;11856;14;;;11865;14;11867;18;;;11862.0;0.0
av_COFFEE_d2;29500;ASH_COATED_OSMIUM;9973;17;9970;22;;;9980;11;9984;22;;;9976.5;0.0
av_COFFEE_d2;29500;INTARIAN_PEPPER_ROOT;11860;13;11856;20;;;11866;21;11868;11;;;11863.0;0.0
av_COFFEE_d2;29600;ASH_COATED_OSMIUM;9973;10;9971;19;;;9979;18;9982;23;;;9976.0;0.0
av_COFFEE_d2;29600;INTARIAN_PEPPER_ROOT;11864;5;11860;16;;;11870;10;11872;27;;;11867.0;0.0
av_COFFEE_d2;29700;ASH_COATED_OSMIUM;9973;18;9971;19;;;9979;9;9981;17;;;9976.0;0.0
av_COFFEE_d2;29700;INTARIAN_PEPPER_ROOT;11866;15;11863;22;;;11872;15;11875;16;;;11869.0;0.0
av_COFFEE_d2;29800;ASH_COATED_OSMIUM;9973;5;9969;8;;;9979;16;9981;25;;;9976.0;0.0
av_COFFEE_d2;29800;INTARIAN_PEPPER_ROOT;11868;16;11866;12;;;11874;7;11878;20;;;11871.0;0.0
av_COFFEE_d2;29900;ASH_COATED_OSMIUM;9972;14;9968;18;;;9980;16;9983;20;;;9976.0;0.0
av_COFFEE_d2;29900;INTARIAN_PEPPER_ROOT;11870;24;11867;18;;;11876;28;11880;18;;;11873.0;0.0
av_COFFEE_d2;30000;ASH_COATED_OSMIUM;9971;22;9968;11;;;9981;14;9983;13;;;9976.0;0.0
av_COFFEE_d2;30000;INTARIAN_PEPPER_ROOT;11872;6;11868;25;;;11878;24;11880;8;;;11875.0;0.0
av_COFFEE_d2;30100;ASH_COATED_OSMIUM;9973;18;9969;18;;;9979;14;9981;13;;;9976.0;0.0
av_COFFEE_d2;30100;INTARIAN_PEPPER_ROOT;11871;23;11869;17;;;11883;9;11887;21;;;11877.0;0.0
av_COFFEE_d2;30200;ASH_COATED_OSMIUM;9973;13;9971;18;;;9979;10;9982;18;;;9976.0;0.0
av_COFFEE_d2;30200;INTARIAN_PEPPER_ROOT;11877;21;11873;20;;;11883;19;11887;14;;;11880.0;0.0
av_COFFEE_d2;30300;ASH_COATED_OSMIUM;9973;20;9971;23;;;9979;6;9983;21;;;9976.0;0.0
av_COFFEE_d2;30300;INTARIAN_PEPPER_ROOT;11879;17;11876;8;;;11885;15;11887;13;;;11882.0;0.0
av_COFFEE_d2;30400;ASH_COATED_OSMIUM;9972;26;9968;16;;;9980;18;9984;15;;;9976.0;0.0
av_COFFEE_d2;30400;INTARIAN_PEPPER_ROOT;11881;12;11878;25;;;11887;9;11891;18;;;11884.0;0.0
av_COFFEE_d2;30500;ASH_COATED_OSMIUM;9973;25;9969;29;;;9979;10;9983;14;;;9976.0;0.0
av_COFFEE_d2;30500;INTARIAN_PEPPER_ROOT;11884;19;11881;26;;;11890;15;11893;17;;;11887.0;0.0
av_COFFEE_d2;30600;ASH_COATED_OSMIUM;9974;15;9971;25;;;9980;14;9983;16;;;9977.0;0.0
av_COFFEE_d2;30600;INTARIAN_PEPPER_ROOT;11886;17;11882;13;;;11892;16;11894;16;;;11889.0;0.0
av_COFFEE_d2;30700;ASH_COATED_OSMIUM;9969;18;9965;27;;;9984;14;9987;18;;;9976.5;0.0
av_COFFEE_d2;30700;INTARIAN_PEPPER_ROOT;11888;9;11884;28;;;11894;27;11898;20;;;11891.0;0.0
av_COFFEE_d2;30800;ASH_COATED_OSMIUM;9966;17;9964;20;;;9988;16;9990;26;;;9977.0;0.0
av_COFFEE_d2;30800;INTARIAN_PEPPER_ROOT;11891;16;11887;20;;;11897;10;11900;19;;;11894.0;0.0
av_COFFEE_d2;30900;ASH_COATED_OSMIUM;9973;14;9971;19;;;9979;5;9982;22;;;9976.0;0.0
av_COFFEE_d2;30900;INTARIAN_PEPPER_ROOT;11892;12;11888;22;;;11901;10;11903;24;;;11896.5;0.0
av_COFFEE_d2;31000;ASH_COATED_OSMIUM;9971;18;9969;23;;;9982;12;9985;23;;;9976.5;0.0
av_COFFEE_d2;31000;INTARIAN_PEPPER_ROOT;11894;16;11890;14;;;11902;15;11906;19;;;11898.0;0.0
av_COFFEE_d2;31100;ASH_COATED_OSMIUM;9974;17;9971;14;;;9980;10;9984;18;;;9977.0;0.0
av_COFFEE_d2;31100;INTARIAN_PEPPER_ROOT;11898;12;11896;13;;;11904;15;11906;14;;;11901.0;0.0
av_COFFEE_d2;31200;ASH_COATED_OSMIUM;9974;19;9972;22;;;9980;15;9983;21;;;9977.0;0.0
av_COFFEE_d2;31200;INTARIAN_PEPPER_ROOT;11900;13;11898;21;;;11906;16;11909;10;;;11903.0;0.0
av_COFFEE_d2;31300;ASH_COATED_OSMIUM;9969;16;9965;19;;;9984;6;9988;25;;;9976.5;0.0
av_COFFEE_d2;31300;INTARIAN_PEPPER_ROOT;11895;9;11892;13;;;11916;13;11919;24;;;11905.5;0.0
av_COFFEE_d2;31400;ASH_COATED_OSMIUM;9973;15;9970;11;;;9981;10;9983;14;;;9977.0;0.0
av_COFFEE_d2;31400;INTARIAN_PEPPER_ROOT;11904;8;11900;15;;;11911;18;11914;21;;;11907.5;0.0
av_COFFEE_d2;31500;ASH_COATED_OSMIUM;9970;11;9966;19;;;9984;26;9987;15;;;9977.0;0.0
av_COFFEE_d2;31500;INTARIAN_PEPPER_ROOT;11906;11;11904;22;;;11913;25;11915;21;;;11909.5;0.0
av_COFFEE_d2;31600;ASH_COATED_OSMIUM;9974;14;9971;8;;;9980;9;9984;8;;;9977.0;0.0
av_COFFEE_d2;31600;INTARIAN_PEPPER_ROOT;11909;17;11905;15;;;11915;13;11917;17;;;11912.0;0.0
av_COFFEE_d2;31700;ASH_COATED_OSMIUM;9964;14;9962;29;;;9989;14;9992;21;;;9976.5;0.0
av_COFFEE_d2;31700;INTARIAN_PEPPER_ROOT;11911;22;11908;20;;;11917;18;11921;26;;;11914.0;0.0
av_COFFEE_d2;31800;ASH_COATED_OSMIUM;9974;12;9971;23;;;9980;28;9982;22;;;9977.0;0.0
av_COFFEE_d2;31800;INTARIAN_PEPPER_ROOT;11913;16;11909;15;;;11919;18;11922;24;;;11916.0;0.0
av_COFFEE_d2;31900;ASH_COATED_OSMIUM;9974;19;9972;20;;;9980;14;9984;16;;;9977.0;0.0
av_COFFEE_d2;31900;INTARIAN_PEPPER_ROOT;11908;16;11906;12;;;11930;5;11934;8;;;11919.0;0.0
av_COFFEE_d2;32000;ASH_COATED_OSMIUM;9974;7;9971;32;;;9980;14;9984;24;;;9977.0;0.0
av_COFFEE_d2;32000;INTARIAN_PEPPER_ROOT;11918;18;11914;21;;;11924;19;11927;19;;;11921.0;0.0
av_COFFEE_d2;32100;ASH_COATED_OSMIUM;9974;17;9971;21;;;9980;5;9983;20;;;9977.0;0.0
av_COFFEE_d2;32100;INTARIAN_PEPPER_ROOT;11920;14;11917;24;;;11926;19;11928;23;;;11923.0;0.0
av_COFFEE_d2;32200;ASH_COATED_OSMIUM;9974;13;9971;14;;;9980;23;9984;24;;;9977.0;0.0
av_COFFEE_d2;32200;INTARIAN_PEPPER_ROOT;11921;17;11919;25;;;11930;14;11934;12;;;11925.5;0.0
av_COFFEE_d2;32300;ASH_COATED_OSMIUM;9969;13;9967;22;;;9985;14;9989;26;;;9977.0;0.0
av_COFFEE_d2;32300;INTARIAN_PEPPER_ROOT;11925;22;11923;15;;;11931;18;11934;17;;;11928.0;0.0
av_COFFEE_d2;32400;ASH_COATED_OSMIUM;9970;14;9967;23;;;9985;25;9988;25;;;9977.5;0.0
av_COFFEE_d2;32400;INTARIAN_PEPPER_ROOT;11927;18;11923;23;;;11933;10;11936;18;;;11930.0;0.0
av_COFFEE_d2;32500;ASH_COATED_OSMIUM;9971;17;9967;25;;;9984;19;9987;14;;;9977.5;0.0
av_COFFEE_d2;32500;INTARIAN_PEPPER_ROOT;11929;18;11927;8;;;11936;25;11940;25;;;11932.5;0.0
av_COFFEE_d2;32600;ASH_COATED_OSMIUM;9972;12;9969;15;;;9982;16;9985;18;;;9977.0;0.0
av_COFFEE_d2;32600;INTARIAN_PEPPER_ROOT;11932;20;11928;21;;;11938;10;11941;18;;;11935.0;0.0
av_COFFEE_d2;32700;ASH_COATED_OSMIUM;9974;11;9971;16;;;9980;18;9984;21;;;9977.0;0.0
av_COFFEE_d2;32700;INTARIAN_PEPPER_ROOT;11935;22;11931;18;;;11941;16;11943;19;;;11938.0;0.0
av_COFFEE_d2;32800;ASH_COATED_OSMIUM;9973;16;9971;12;;;9981;13;9985;21;;;9977.0;0.0
av_COFFEE_d2;32800;INTARIAN_PEPPER_ROOT;11936;19;11933;9;;;11942;16;11946;18;;;11939.0;0.0
av_COFFEE_d2;32900;ASH_COATED_OSMIUM;9975;8;9971;26;;;9981;10;9983;21;;;9978.0;0.0
av_COFFEE_d2;32900;INTARIAN_PEPPER_ROOT;11939;15;11936;22;;;11945;23;11949;13;;;11942.0;0.0
av_COFFEE_d2;33000;ASH_COATED_OSMIUM;9975;19;9972;21;;;9981;12;9983;22;;;9978.0;0.0
av_COFFEE_d2;33000;INTARIAN_PEPPER_ROOT;11941;11;11937;18;;;11947;22;11951;24;;;11944.0;0.0
av_COFFEE_d2;33100;ASH_COATED_OSMIUM;9975;16;9973;23;;;9981;8;9985;20;;;9978.0;0.0
av_COFFEE_d2;33100;INTARIAN_PEPPER_ROOT;11935;14;11932;22;;;11958;22;11961;23;;;11946.5;0.0
av_COFFEE_d2;33200;ASH_COATED_OSMIUM;9975;20;9972;26;;;9981;8;9985;19;;;9978.0;0.0
av_COFFEE_d2;33200;INTARIAN_PEPPER_ROOT;11945;13;11942;8;;;11951;14;11954;20;;;11948.0;0.0
av_COFFEE_d2;33300;ASH_COATED_OSMIUM;9975;10;9972;23;;;9981;16;9983;14;;;9978.0;0.0
av_COFFEE_d2;33300;INTARIAN_PEPPER_ROOT;11945;14;11941;16;;;11957;7;11960;16;;;11951.0;0.0
av_COFFEE_d2;33400;ASH_COATED_OSMIUM;9969;16;9967;11;;;9987;23;9991;11;;;9978.0;0.0
av_COFFEE_d2;33400;INTARIAN_PEPPER_ROOT;11950;16;11946;18;;;11956;16;11960;29;;;11953.0;0.0
av_COFFEE_d2;33500;ASH_COATED_OSMIUM;9975;15;9973;22;;;9981;7;9983;20;;;9978.0;0.0
av_COFFEE_d2;33500;INTARIAN_PEPPER_ROOT;11952;26;11949;10;;;11958;15;11960;21;;;11955.0;0.0
av_COFFEE_d2;33600;ASH_COATED_OSMIUM;9973;16;9969;14;;;9983;13;9985;15;;;9978.0;0.0
av_COFFEE_d2;33600;INTARIAN_PEPPER_ROOT;11955;15;11951;19;;;11961;15;11964;18;;;11958.0;0.0
av_COFFEE_d2;33700;ASH_COATED_OSMIUM;9976;24;9972;16;;;9982;24;9986;15;;;9979.0;0.0
av_COFFEE_d2;33700;INTARIAN_PEPPER_ROOT;11957;14;11954;15;;;11963;18;11965;17;;;11960.0;0.0
av_COFFEE_d2;33800;ASH_COATED_OSMIUM;9973;24;9971;27;;;9984;17;9988;22;;;9978.5;0.0
av_COFFEE_d2;33800;INTARIAN_PEPPER_ROOT;11958;10;11955;17;;;11968;10;11971;23;;;11963.0;0.0
av_COFFEE_d2;33900;ASH_COATED_OSMIUM;9972;14;9969;13;;;9985;19;9988;18;;;9978.5;0.0
av_COFFEE_d2;33900;INTARIAN_PEPPER_ROOT;11961;11;11958;15;;;11967;26;11970;17;;;11964.0;0.0
av_COFFEE_d2;34000;ASH_COATED_OSMIUM;9973;14;9970;18;;;9984;9;9987;18;;;9978.5;0.0
av_COFFEE_d2;34000;INTARIAN_PEPPER_ROOT;11962;13;11958;25;;;11969;9;11972;19;;;11965.5;0.0
av_COFFEE_d2;34100;ASH_COATED_OSMIUM;9975;14;9973;24;;;9981;8;9983;12;;;9978.0;0.0
av_COFFEE_d2;34100;INTARIAN_PEPPER_ROOT;11963;23;11959;14;;;11969;14;11971;15;;;11966.0;0.0
av_COFFEE_d2;34200;ASH_COATED_OSMIUM;9974;15;9970;21;;;9980;12;9982;17;;;9977.0;0.0
av_COFFEE_d2;34200;INTARIAN_PEPPER_ROOT;11965;14;11962;11;;;11971;18;11975;26;;;11968.0;0.0
av_COFFEE_d2;34300;ASH_COATED_OSMIUM;9974;13;9972;19;;;9980;15;9982;19;;;9977.0;0.0
av_COFFEE_d2;34300;INTARIAN_PEPPER_ROOT;11966;14;11962;13;;;11973;11;11977;14;;;11969.5;0.0
av_COFFEE_d2;34400;ASH_COATED_OSMIUM;9974;16;9971;20;;;9980;11;9984;22;;;9977.0;0.0
av_COFFEE_d2;34400;INTARIAN_PEPPER_ROOT;11960;14;11958;28;;;11979;11;11982;19;;;11969.5;0.0
av_COFFEE_d2;34500;ASH_COATED_OSMIUM;9973;17;9969;23;;;9982;22;9984;26;;;9977.5;0.0
av_COFFEE_d2;34500;INTARIAN_PEPPER_ROOT;11964;7;11962;24;;;11977;15;11980;18;;;11970.5;0.0
av_COFFEE_d2;34600;ASH_COATED_OSMIUM;9970;7;9966;14;;;9984;7;9987;17;;;9977.0;0.0
av_COFFEE_d2;34600;INTARIAN_PEPPER_ROOT;11966;18;11962;28;;;11978;21;11981;17;;;11972.0;0.0
av_COFFEE_d2;34700;ASH_COATED_OSMIUM;9975;7;9973;19;;;9981;10;9984;17;;;9978.0;0.0
av_COFFEE_d2;34700;INTARIAN_PEPPER_ROOT;11970;14;11968;24;;;11976;7;11978;21;;;11973.0;0.0
av_COFFEE_d2;34800;ASH_COATED_OSMIUM;9974;9;9970;23;;;9980;17;9984;19;;;9977.0;0.0
av_COFFEE_d2;34800;INTARIAN_PEPPER_ROOT;11971;16;11969;20;;;11977;18;11979;23;;;11974.0;0.0
av_COFFEE_d2;34900;ASH_COATED_OSMIUM;9971;20;9968;14;;;9984;20;9988;23;;;9977.5;0.0
av_COFFEE_d2;34900;INTARIAN_PEPPER_ROOT;11972;18;11970;13;;;11978;18;11980;18;;;11975.0;0.0
av_COFFEE_d2;35000;ASH_COATED_OSMIUM;9972;11;9968;12;;;9982;8;9984;8;;;9977.0;0.0
av_COFFEE_d2;35000;INTARIAN_PEPPER_ROOT;11972;8;11968;18;;;11980;17;11982;16;;;11976.0;0.0
av_COFFEE_d2;35100;ASH_COATED_OSMIUM;9974;11;9971;25;;;9980;16;9983;21;;;9977.0;0.0
av_COFFEE_d2;35100;INTARIAN_PEPPER_ROOT;11974;9;11971;19;;;11980;13;11984;17;;;11977.0;0.0
av_COFFEE_d2;35200;ASH_COATED_OSMIUM;9974;8;9970;21;;;9980;19;9983;20;;;9977.0;0.0
av_COFFEE_d2;35200;INTARIAN_PEPPER_ROOT;11963;18;11960;20;;;11993;11;11996;27;;;11978.0;0.0
av_COFFEE_d2;35300;ASH_COATED_OSMIUM;9974;12;9971;20;;;9980;9;9984;22;;;9977.0;0.0
av_COFFEE_d2;35300;INTARIAN_PEPPER_ROOT;11976;16;11973;11;;;11982;16;11984;17;;;11979.0;0.0
av_COFFEE_d2;35400;ASH_COATED_OSMIUM;9973;13;9970;22;;;9979;5;9982;19;;;9976.0;0.0
av_COFFEE_d2;35400;INTARIAN_PEPPER_ROOT;11977;10;11975;28;;;11983;8;11987;28;;;11980.0;0.0
av_COFFEE_d2;35500;ASH_COATED_OSMIUM;9967;11;9963;21;;;9987;23;9991;25;;;9977.0;0.0
av_COFFEE_d2;35500;INTARIAN_PEPPER_ROOT;11978;25;11974;19;;;11984;27;11987;21;;;11981.0;0.0
av_COFFEE_d2;35600;ASH_COATED_OSMIUM;9971;15;9969;21;;;9983;16;9985;15;;;9977.0;0.0
av_COFFEE_d2;35600;INTARIAN_PEPPER_ROOT;11979;17;11975;16;;;11985;6;11987;25;;;11982.0;0.0
av_COFFEE_d2;35700;ASH_COATED_OSMIUM;9973;14;9971;26;;;9979;14;9982;13;;;9976.0;0.0
av_COFFEE_d2;35700;INTARIAN_PEPPER_ROOT;11979;9;11976;23;;;11985;17;11989;27;;;11982.0;0.0
av_COFFEE_d2;35800;ASH_COATED_OSMIUM;9973;10;9971;27;;;9979;11;9982;19;;;9976.0;0.0
av_COFFEE_d2;35800;INTARIAN_PEPPER_ROOT;11979;14;11976;26;;;11988;23;11991;8;;;11983.5;0.0
av_COFFEE_d2;35900;ASH_COATED_OSMIUM;9973;17;9969;16;;;9979;15;9981;16;;;9976.0;0.0
av_COFFEE_d2;35900;INTARIAN_PEPPER_ROOT;11981;15;11977;26;;;11990;17;11994;22;;;11985.5;0.0
av_COFFEE_d2;36000;ASH_COATED_OSMIUM;9973;15;9970;25;;;9979;13;9981;19;;;9976.0;0.0
av_COFFEE_d2;36000;INTARIAN_PEPPER_ROOT;11977;16;11974;22;;;11995;23;11997;17;;;11986.0;0.0
av_COFFEE_d2;36100;ASH_COATED_OSMIUM;9973;16;9970;15;;;9979;15;9983;22;;;9976.0;0.0
av_COFFEE_d2;36100;INTARIAN_PEPPER_ROOT;11968;21;11965;20;;;12005;17;12007;20;;;11986.5;0.0
av_COFFEE_d2;36200;ASH_COATED_OSMIUM;9973;17;9971;11;;;9979;13;9981;19;;;9976.0;0.0
av_COFFEE_d2;36200;INTARIAN_PEPPER_ROOT;11983;17;11979;26;;;11993;17;11997;27;;;11988.0;0.0
av_COFFEE_d2;36300;ASH_COATED_OSMIUM;9971;8;9968;14;;;9980;14;9983;19;;;9975.5;0.0
av_COFFEE_d2;36300;INTARIAN_PEPPER_ROOT;11986;16;11982;16;;;11992;14;11994;15;;;11989.0;0.0
av_COFFEE_d2;36400;ASH_COATED_OSMIUM;9972;22;9969;22;;;9978;8;9981;27;;;9975.0;0.0
av_COFFEE_d2;36400;INTARIAN_PEPPER_ROOT;11987;15;11985;16;;;11993;11;11995;21;;;11990.0;0.0
av_COFFEE_d2;36500;ASH_COATED_OSMIUM;9973;9;9969;19;;;9979;16;9982;27;;;9976.0;0.0
av_COFFEE_d2;36500;INTARIAN_PEPPER_ROOT;11988;14;11984;29;;;11994;12;11998;19;;;11991.0;0.0
av_COFFEE_d2;36600;ASH_COATED_OSMIUM;9963;28;9961;18;;;9987;15;9991;19;;;9975.0;0.0
av_COFFEE_d2;36600;INTARIAN_PEPPER_ROOT;11989;21;11987;10;;;11995;19;11999;15;;;11992.0;0.0
av_COFFEE_d2;36700;ASH_COATED_OSMIUM;9973;10;9971;22;;;9979;15;9981;16;;;9976.0;0.0
av_COFFEE_d2;36700;INTARIAN_PEPPER_ROOT;11990;15;11988;32;;;11996;8;11999;22;;;11993.0;0.0
av_COFFEE_d2;36800;ASH_COATED_OSMIUM;9972;20;9968;9;;;9978;17;9982;21;;;9975.0;0.0
av_COFFEE_d2;36800;INTARIAN_PEPPER_ROOT;11971;14;11968;18;;;12017;13;12020;16;;;11994.0;0.0
av_COFFEE_d2;36900;ASH_COATED_OSMIUM;9972;15;9970;16;;;9978;8;9980;13;;;9975.0;0.0
av_COFFEE_d2;36900;INTARIAN_PEPPER_ROOT;11992;18;11988;20;;;11998;23;12001;17;;;11995.0;0.0
av_COFFEE_d2;37000;ASH_COATED_OSMIUM;9969;14;9966;12;;;9979;11;9982;18;;;9974.0;0.0
av_COFFEE_d2;37000;INTARIAN_PEPPER_ROOT;11993;12;11989;23;;;11999;15;12002;18;;;11996.0;0.0
av_COFFEE_d2;37100;ASH_COATED_OSMIUM;9967;13;9964;20;;;9982;8;9984;12;;;9974.5;0.0
av_COFFEE_d2;37100;INTARIAN_PEPPER_ROOT;11994;19;11991;28;;;12000;21;12003;22;;;11997.0;0.0
av_COFFEE_d2;37200;ASH_COATED_OSMIUM;9970;6;9966;22;;;9979;11;9982;15;;;9974.5;0.0
av_COFFEE_d2;37200;INTARIAN_PEPPER_ROOT;11988;16;11986;24;;;12007;18;12009;31;;;11997.5;0.0
av_COFFEE_d2;37300;ASH_COATED_OSMIUM;9967;18;9963;18;;;9982;19;9985;10;;;9974.5;0.0
av_COFFEE_d2;37300;INTARIAN_PEPPER_ROOT;11990;7;11986;17;;;12008;22;12012;20;;;11999.0;0.0
av_COFFEE_d2;37400;ASH_COATED_OSMIUM;9966;22;9964;18;;;9982;20;9986;15;;;9974.0;0.0
av_COFFEE_d2;37400;INTARIAN_PEPPER_ROOT;11997;5;11995;19;;;12003;5;12006;21;;;12000.0;0.0
av_COFFEE_d2;37500;ASH_COATED_OSMIUM;9971;13;9968;14;;;9977;17;9979;14;;;9974.0;0.0
av_COFFEE_d2;37500;INTARIAN_PEPPER_ROOT;11998;5;11994;21;;;12004;11;12008;8;;;12001.0;0.0
av_COFFEE_d2;37600;ASH_COATED_OSMIUM;9972;11;9970;28;;;9978;11;9980;14;;;9975.0;0.0
av_COFFEE_d2;37600;INTARIAN_PEPPER_ROOT;11999;22;11996;12;;;12005;14;12007;25;;;12002.0;0.0
av_COFFEE_d2;37700;ASH_COATED_OSMIUM;9971;12;9969;21;;;9978;23;9982;14;;;9974.5;0.0
av_COFFEE_d2;37700;INTARIAN_PEPPER_ROOT;11993;21;11991;12;;;12012;13;12014;14;;;12002.5;0.0
av_COFFEE_d2;37800;ASH_COATED_OSMIUM;9971;18;9967;20;;;9977;18;9979;21;;;9974.0;0.0
av_COFFEE_d2;37800;INTARIAN_PEPPER_ROOT;12000;15;11996;19;;;12010;6;12014;24;;;12005.0;0.0
av_COFFEE_d2;37900;ASH_COATED_OSMIUM;9970;17;9966;24;;;9978;13;9982;18;;;9974.0;0.0
av_COFFEE_d2;37900;INTARIAN_PEPPER_ROOT;12002;9;11999;11;;;12008;21;12012;21;;;12005.0;0.0
av_COFFEE_d2;38000;ASH_COATED_OSMIUM;9970;18;9968;28;;;9976;8;9979;18;;;9973.0;0.0
av_COFFEE_d2;38000;INTARIAN_PEPPER_ROOT;12004;8;12002;23;;;12010;17;12013;21;;;12007.0;0.0
av_COFFEE_d2;38100;ASH_COATED_OSMIUM;9971;21;9968;19;;;9977;14;9980;26;;;9974.0;0.0
av_COFFEE_d2;38100;INTARIAN_PEPPER_ROOT;11997;5;11993;19;;;12018;17;12022;25;;;12007.5;0.0
av_COFFEE_d2;38200;ASH_COATED_OSMIUM;9970;24;9967;15;;;9976;14;9978;26;;;9973.0;0.0
av_COFFEE_d2;38200;INTARIAN_PEPPER_ROOT;12006;15;12002;26;;;12012;19;12016;25;;;12009.0;0.0
av_COFFEE_d2;38300;ASH_COATED_OSMIUM;9970;13;9968;20;;;9976;14;9979;23;;;9973.0;0.0
av_COFFEE_d2;38300;INTARIAN_PEPPER_ROOT;12006;24;12003;21;;;12012;15;12015;18;;;12009.0;0.0
av_COFFEE_d2;38400;ASH_COATED_OSMIUM;9971;19;9969;29;;;9977;16;9979;14;;;9974.0;0.0
av_COFFEE_d2;38400;INTARIAN_PEPPER_ROOT;12006;18;12002;13;;;12014;13;12017;12;;;12010.0;0.0
av_COFFEE_d2;38500;ASH_COATED_OSMIUM;9971;15;9969;19;;;9977;17;9980;27;;;9974.0;0.0
av_COFFEE_d2;38500;INTARIAN_PEPPER_ROOT;12006;12;12002;19;;;12017;17;12021;21;;;12011.5;0.0
av_COFFEE_d2;38600;ASH_COATED_OSMIUM;9970;16;9968;10;;;9976;5;9978;15;;;9973.0;0.0
av_COFFEE_d2;38600;INTARIAN_PEPPER_ROOT;12007;10;12003;18;;;12018;16;12020;16;;;12012.5;0.0
av_COFFEE_d2;38700;ASH_COATED_OSMIUM;9970;24;9967;21;;;9976;17;9978;21;;;9973.0;0.0
av_COFFEE_d2;38700;INTARIAN_PEPPER_ROOT;12010;11;12007;18;;;12016;23;12018;23;;;12013.0;0.0
av_COFFEE_d2;38800;ASH_COATED_OSMIUM;9970;12;9967;23;;;9976;15;9980;16;;;9973.0;0.0
av_COFFEE_d2;38800;INTARIAN_PEPPER_ROOT;12011;20;12009;18;;;12019;15;12022;18;;;12015.0;0.0
av_COFFEE_d2;38900;ASH_COATED_OSMIUM;9962;9;9960;22;;;9983;10;9985;12;;;9972.5;0.0
av_COFFEE_d2;38900;INTARIAN_PEPPER_ROOT;12010;22;12006;24;;;12021;21;12023;12;;;12015.5;0.0
av_COFFEE_d2;39000;ASH_COATED_OSMIUM;9967;10;9965;15;;;9978;14;9982;18;;;9972.5;0.0
av_COFFEE_d2;39000;INTARIAN_PEPPER_ROOT;12014;8;12010;27;;;12020;16;12024;18;;;12017.0;0.0
av_COFFEE_d2;39100;ASH_COATED_OSMIUM;9969;25;9967;17;;;9976;9;9980;20;;;9972.5;0.0
av_COFFEE_d2;39100;INTARIAN_PEPPER_ROOT;12014;15;12010;20;;;12020;14;12024;15;;;12017.0;0.0
av_COFFEE_d2;39200;ASH_COATED_OSMIUM;9970;20;9967;16;;;9976;13;9979;18;;;9973.0;0.0
av_COFFEE_d2;39200;INTARIAN_PEPPER_ROOT;12013;15;12011;20;;;12024;14;12027;21;;;12018.5;0.0
av_COFFEE_d2;39300;ASH_COATED_OSMIUM;9970;13;9968;21;;;9976;6;9980;25;;;9973.0;0.0
av_COFFEE_d2;39300;INTARIAN_PEPPER_ROOT;12013;21;12010;20;;;12025;21;12028;27;;;12019.0;0.0
av_COFFEE_d2;39400;ASH_COATED_OSMIUM;9962;15;9959;23;;;9983;18;9985;21;;;9972.5;0.0
av_COFFEE_d2;39400;INTARIAN_PEPPER_ROOT;12016;20;12013;14;;;12025;14;12029;14;;;12020.5;0.0
av_COFFEE_d2;39500;ASH_COATED_OSMIUM;9969;14;9967;24;;;9975;8;9978;23;;;9972.0;0.0
av_COFFEE_d2;39500;INTARIAN_PEPPER_ROOT;12019;25;12017;20;;;12025;14;12028;27;;;12022.0;0.0
av_COFFEE_d2;39600;ASH_COATED_OSMIUM;9969;15;9965;23;;;9975;11;9977;15;;;9972.0;0.0
av_COFFEE_d2;39600;INTARIAN_PEPPER_ROOT;12020;16;12018;15;;;12026;19;12030;24;;;12023.0;0.0
av_COFFEE_d2;39700;ASH_COATED_OSMIUM;9969;12;9966;17;;;9975;8;9979;26;;;9972.0;0.0
av_COFFEE_d2;39700;INTARIAN_PEPPER_ROOT;12021;18;12018;14;;;12027;10;12030;20;;;12024.0;0.0
av_COFFEE_d2;39800;ASH_COATED_OSMIUM;9969;16;9965;16;;;9975;16;9978;25;;;9972.0;0.0
av_COFFEE_d2;39800;INTARIAN_PEPPER_ROOT;12021;8;12018;20;;;12027;6;12031;18;;;12024.0;0.0
av_COFFEE_d2;39900;ASH_COATED_OSMIUM;9969;15;9967;22;;;9975;20;9977;22;;;9972.0;0.0
av_COFFEE_d2;39900;INTARIAN_PEPPER_ROOT;12018;14;12014;27;;;12033;19;12035;26;;;12025.5;0.0
av_COFFEE_d2;40000;ASH_COATED_OSMIUM;9965;14;9963;13;;;9980;8;9982;17;;;9972.5;0.0
av_COFFEE_d2;40000;INTARIAN_PEPPER_ROOT;12022;15;12020;20;;;12031;15;12035;18;;;12026.5;0.0
av_COFFEE_d2;40100;ASH_COATED_OSMIUM;9968;20;9965;24;;;9974;13;9976;21;;;9971.0;0.0
av_COFFEE_d2;40100;INTARIAN_PEPPER_ROOT;12025;10;12022;24;;;12031;22;12034;18;;;12028.0;0.0
av_COFFEE_d2;40200;ASH_COATED_OSMIUM;9969;5;9965;11;;;9975;15;9979;15;;;9972.0;0.0
av_COFFEE_d2;40200;INTARIAN_PEPPER_ROOT;12026;5;12023;35;;;12032;13;12036;15;;;12029.0;0.0
av_COFFEE_d2;40300;ASH_COATED_OSMIUM;9969;17;9967;14;;;9975;18;9977;26;;;9972.0;0.0
av_COFFEE_d2;40300;INTARIAN_PEPPER_ROOT;12025;12;12021;17;;;12035;12;12037;18;;;12030.0;0.0
av_COFFEE_d2;40400;ASH_COATED_OSMIUM;9968;13;9966;13;;;9974;15;9977;21;;;9971.0;0.0
av_COFFEE_d2;40400;INTARIAN_PEPPER_ROOT;12026;20;12023;27;;;12036;16;12039;14;;;12031.0;0.0
av_COFFEE_d2;40500;ASH_COATED_OSMIUM;9968;10;9966;21;;;9974;18;9976;30;;;9971.0;0.0
av_COFFEE_d2;40500;INTARIAN_PEPPER_ROOT;12029;16;12026;19;;;12035;16;12037;16;;;12032.0;0.0
av_COFFEE_d2;40600;ASH_COATED_OSMIUM;9959;8;9957;18;;;9983;23;9987;20;;;9971.0;0.0
av_COFFEE_d2;40600;INTARIAN_PEPPER_ROOT;12028;17;12026;26;;;12037;12;12041;23;;;12032.5;0.0
av_COFFEE_d2;40700;ASH_COATED_OSMIUM;9968;16;9964;25;;;9974;16;9977;20;;;9971.0;0.0
av_COFFEE_d2;40700;INTARIAN_PEPPER_ROOT;12031;16;12028;17;;;12037;15;12041;20;;;12034.0;0.0
av_COFFEE_d2;40800;ASH_COATED_OSMIUM;9968;7;9964;27;;;9974;15;9977;19;;;9971.0;0.0
av_COFFEE_d2;40800;INTARIAN_PEPPER_ROOT;12032;8;12028;13;;;12038;12;12040;26;;;12035.0;0.0
av_COFFEE_d2;40900;ASH_COATED_OSMIUM;9966;18;9964;13;;;9976;8;9978;20;;;9971.0;0.0
av_COFFEE_d2;40900;INTARIAN_PEPPER_ROOT;12033;12;12029;21;;;12039;14;12041;13;;;12036.0;0.0
av_COFFEE_d2;41000;ASH_COATED_OSMIUM;9967;15;9964;19;;;9975;5;9977;20;;;9971.0;0.0
av_COFFEE_d2;41000;INTARIAN_PEPPER_ROOT;12033;18;12031;8;;;12039;5;12042;23;;;12036.0;0.0
av_COFFEE_d2;41100;ASH_COATED_OSMIUM;9958;16;9954;27;;;9982;24;9985;13;;;9970.0;0.0
av_COFFEE_d2;41100;INTARIAN_PEPPER_ROOT;12032;24;12030;26;;;12044;15;12046;19;;;12038.0;0.0
av_COFFEE_d2;41200;ASH_COATED_OSMIUM;9968;17;9964;27;;;9974;5;9976;27;;;9971.0;0.0
av_COFFEE_d2;41200;INTARIAN_PEPPER_ROOT;12036;17;12032;22;;;12042;5;12045;25;;;12039.0;0.0
av_COFFEE_d2;41300;ASH_COATED_OSMIUM;9967;17;9963;20;;;9973;17;9977;27;;;9970.0;0.0
av_COFFEE_d2;41300;INTARIAN_PEPPER_ROOT;12037;14;12033;17;;;12043;7;12045;18;;;12040.0;0.0
av_COFFEE_d2;41400;ASH_COATED_OSMIUM;9967;13;9965;13;;;9973;16;9975;22;;;9970.0;0.0
av_COFFEE_d2;41400;INTARIAN_PEPPER_ROOT;12038;10;12035;20;;;12044;16;12046;26;;;12041.0;0.0
av_COFFEE_d2;41500;ASH_COATED_OSMIUM;9952;14;9950;26;;;9989;19;9991;17;;;9970.5;0.0
av_COFFEE_d2;41500;INTARIAN_PEPPER_ROOT;12024;19;12021;15;;;12061;20;12063;26;;;12042.5;0.0
av_COFFEE_d2;41600;ASH_COATED_OSMIUM;9967;11;9963;25;;;9973;6;9977;12;;;9970.0;0.0
av_COFFEE_d2;41600;INTARIAN_PEPPER_ROOT;12040;18;12037;21;;;12046;6;12048;14;;;12043.0;0.0
av_COFFEE_d2;41700;ASH_COATED_OSMIUM;9967;18;9964;11;;;9973;16;9976;23;;;9970.0;0.0
av_COFFEE_d2;41700;INTARIAN_PEPPER_ROOT;12040;20;12038;15;;;12047;13;12050;27;;;12043.5;0.0
av_COFFEE_d2;41800;ASH_COATED_OSMIUM;9966;16;9963;20;;;9975;17;9978;14;;;9970.5;0.0
av_COFFEE_d2;41800;INTARIAN_PEPPER_ROOT;12041;17;12038;19;;;12049;19;12053;21;;;12045.0;0.0
av_COFFEE_d2;41900;ASH_COATED_OSMIUM;9967;20;9963;22;;;9973;22;9977;27;;;9970.0;0.0
av_COFFEE_d2;41900;INTARIAN_PEPPER_ROOT;12043;13;12040;23;;;12049;20;12052;13;;;12046.0;0.0
av_COFFEE_d2;42000;ASH_COATED_OSMIUM;9966;13;9964;30;;;9973;5;9976;12;;;9969.5;0.0
av_COFFEE_d2;42000;INTARIAN_PEPPER_ROOT;12042;13;12038;16;;;12051;17;12054;24;;;12046.5;0.0
av_COFFEE_d2;42100;ASH_COATED_OSMIUM;9966;13;9964;8;;;9974;21;9977;26;;;9970.0;0.0
av_COFFEE_d2;42100;INTARIAN_PEPPER_ROOT;12046;12;12043;15;;;12052;19;12055;22;;;12049.0;0.0
av_COFFEE_d2;42200;ASH_COATED_OSMIUM;9967;22;9964;18;;;9973;15;9975;26;;;9970.0;0.0
av_COFFEE_d2;42200;INTARIAN_PEPPER_ROOT;12046;7;12043;10;;;12052;13;12056;11;;;12049.0;0.0
av_COFFEE_d2;42300;ASH_COATED_OSMIUM;9966;14;9964;14;;;9972;9;9975;20;;;9969.0;0.0
av_COFFEE_d2;42300;INTARIAN_PEPPER_ROOT;12045;11;12042;25;;;12054;18;12057;22;;;12049.5;0.0
av_COFFEE_d2;42400;ASH_COATED_OSMIUM;9965;17;9963;22;;;9974;16;9976;20;;;9969.5;0.0
av_COFFEE_d2;42400;INTARIAN_PEPPER_ROOT;12048;5;12046;22;;;12054;12;12057;11;;;12051.0;0.0
av_COFFEE_d2;42500;ASH_COATED_OSMIUM;9965;14;9962;13;;;9972;9;9974;24;;;9968.5;0.0
av_COFFEE_d2;42500;INTARIAN_PEPPER_ROOT;12049;19;12045;16;;;12055;17;12058;15;;;12052.0;0.0
av_COFFEE_d2;42600;ASH_COATED_OSMIUM;9966;23;9963;21;;;9972;5;9974;21;;;9969.0;0.0
av_COFFEE_d2;42600;INTARIAN_PEPPER_ROOT;12050;15;12047;21;;;12056;20;12059;27;;;12053.0;0.0
av_COFFEE_d2;42700;ASH_COATED_OSMIUM;9961;8;9958;23;;;9976;18;9980;21;;;9968.5;0.0
av_COFFEE_d2;42700;INTARIAN_PEPPER_ROOT;12052;19;12049;17;;;12058;9;12060;26;;;12055.0;0.0
av_COFFEE_d2;42800;ASH_COATED_OSMIUM;9960;14;9958;15;;;9977;12;9980;14;;;9968.5;0.0
av_COFFEE_d2;42800;INTARIAN_PEPPER_ROOT;12052;14;12048;20;;;12058;18;12060;25;;;12055.0;0.0
av_COFFEE_d2;42900;ASH_COATED_OSMIUM;9966;16;9963;14;;;9972;18;9976;12;;;9969.0;0.0
av_COFFEE_d2;42900;INTARIAN_PEPPER_ROOT;12052;15;12048;19;;;12059;11;12063;9;;;12055.5;0.0
av_COFFEE_d2;43000;ASH_COATED_OSMIUM;9965;21;9961;15;;;9971;19;9975;14;;;9968.0;0.0
av_COFFEE_d2;43000;INTARIAN_PEPPER_ROOT;12055;12;12052;18;;;12061;14;12063;15;;;12058.0;0.0
av_COFFEE_d2;43100;ASH_COATED_OSMIUM;9965;6;9961;13;;;9971;9;9974;18;;;9968.0;0.0
av_COFFEE_d2;43100;INTARIAN_PEPPER_ROOT;12052;27;12049;14;;;12064;10;12068;19;;;12058.0;0.0
av_COFFEE_d2;43200;ASH_COATED_OSMIUM;9965;18;9962;17;;;9971;9;9975;20;;;9968.0;0.0
av_COFFEE_d2;43200;INTARIAN_PEPPER_ROOT;12056;13;12054;19;;;12062;20;12066;19;;;12059.0;0.0
av_COFFEE_d2;43300;ASH_COATED_OSMIUM;9965;14;9961;29;;;9971;5;9975;23;;;9968.0;0.0
av_COFFEE_d2;43300;INTARIAN_PEPPER_ROOT;12057;21;12054;14;;;12063;10;12066;27;;;12060.0;0.0
av_COFFEE_d2;43400;ASH_COATED_OSMIUM;9966;18;9963;13;;;9972;14;9976;16;;;9969.0;0.0
av_COFFEE_d2;43400;INTARIAN_PEPPER_ROOT;12058;12;12054;20;;;12064;21;12067;31;;;12061.0;0.0
av_COFFEE_d2;43500;ASH_COATED_OSMIUM;9960;20;9958;22;;;9978;20;9981;18;;;9969.0;0.0
av_COFFEE_d2;43500;INTARIAN_PEPPER_ROOT;12059;14;12055;19;;;12066;7;12068;25;;;12062.5;0.0
av_COFFEE_d2;43600;ASH_COATED_OSMIUM;9965;14;9961;21;;;9971;7;9973;16;;;9968.0;0.0
av_COFFEE_d2;43600;INTARIAN_PEPPER_ROOT;12060;7;12056;15;;;12066;8;12069;21;;;12063.0;0.0
av_COFFEE_d2;43700;ASH_COATED_OSMIUM;9964;12;9962;17;;;9972;21;9976;19;;;9968.0;0.0
av_COFFEE_d2;43700;INTARIAN_PEPPER_ROOT;12062;19;12059;20;;;12068;19;12070;24;;;12065.0;0.0
av_COFFEE_d2;43800;ASH_COATED_OSMIUM;9959;18;9955;14;;;9976;16;9978;18;;;9967.5;0.0
av_COFFEE_d2;43800;INTARIAN_PEPPER_ROOT;12060;15;12056;15;;;12071;9;12075;15;;;12065.5;0.0
av_COFFEE_d2;43900;ASH_COATED_OSMIUM;9963;9;9959;24;;;9974;22;9978;14;;;9968.5;0.0
av_COFFEE_d2;43900;INTARIAN_PEPPER_ROOT;12045;13;12043;21;;;12088;15;12092;22;;;12066.5;0.0
av_COFFEE_d2;44000;ASH_COATED_OSMIUM;9964;17;9961;25;;;9970;12;9973;19;;;9967.0;0.0
av_COFFEE_d2;44000;INTARIAN_PEPPER_ROOT;12064;15;12062;17;;;12070;22;12074;18;;;12067.0;0.0
av_COFFEE_d2;44100;ASH_COATED_OSMIUM;9964;20;9962;25;;;9970;17;9973;16;;;9967.0;0.0
av_COFFEE_d2;44100;INTARIAN_PEPPER_ROOT;12061;17;12057;16;;;12076;13;12080;13;;;12068.5;0.0
av_COFFEE_d2;44200;ASH_COATED_OSMIUM;9965;17;9962;20;;;9971;8;9974;21;;;9968.0;0.0
av_COFFEE_d2;44200;INTARIAN_PEPPER_ROOT;12066;18;12063;14;;;12072;13;12074;8;;;12069.0;0.0
av_COFFEE_d2;44300;ASH_COATED_OSMIUM;9962;11;9960;15;;;9971;19;9973;15;;;9966.5;0.0
av_COFFEE_d2;44300;INTARIAN_PEPPER_ROOT;12068;15;12064;20;;;12074;12;12077;17;;;12071.0;0.0
av_COFFEE_d2;44400;ASH_COATED_OSMIUM;9964;15;9962;22;;;9970;15;9974;23;;;9967.0;0.0
av_COFFEE_d2;44400;INTARIAN_PEPPER_ROOT;12069;18;12065;19;;;12075;12;12079;23;;;12072.0;0.0
av_COFFEE_d2;44500;ASH_COATED_OSMIUM;9963;18;9960;17;;;9971;22;9975;21;;;9967.0;0.0
av_COFFEE_d2;44500;INTARIAN_PEPPER_ROOT;12070;14;12067;20;;;12076;14;12079;20;;;12073.0;0.0
av_COFFEE_d2;44600;ASH_COATED_OSMIUM;9961;15;9959;14;;;9973;16;9976;20;;;9967.0;0.0
av_COFFEE_d2;44600;INTARIAN_PEPPER_ROOT;12069;10;12065;18;;;12078;7;12081;22;;;12073.5;0.0
av_COFFEE_d2;44700;ASH_COATED_OSMIUM;9956;12;9953;19;;;9976;8;9978;20;;;9966.0;0.0
av_COFFEE_d2;44700;INTARIAN_PEPPER_ROOT;12072;19;12068;26;;;12078;19;12080;19;;;12075.0;0.0
av_COFFEE_d2;44800;ASH_COATED_OSMIUM;9963;12;9961;30;;;9969;17;9971;24;;;9966.0;0.0
av_COFFEE_d2;44800;INTARIAN_PEPPER_ROOT;12072;15;12069;22;;;12078;17;12081;19;;;12075.0;0.0
av_COFFEE_d2;44900;ASH_COATED_OSMIUM;9964;15;9962;18;;;9970;18;9972;24;;;9967.0;0.0
av_COFFEE_d2;44900;INTARIAN_PEPPER_ROOT;12068;12;12064;22;;;12086;8;12089;14;;;12077.0;0.0
av_COFFEE_d2;45000;ASH_COATED_OSMIUM;9962;15;9960;23;;;9970;13;9974;16;;;9966.0;0.0
av_COFFEE_d2;45000;INTARIAN_PEPPER_ROOT;12071;11;12068;17;;;12084;19;12087;24;;;12077.5;0.0
av_COFFEE_d2;45100;ASH_COATED_OSMIUM;9963;10;9961;15;;;9969;13;9973;19;;;9966.0;0.0
av_COFFEE_d2;45100;INTARIAN_PEPPER_ROOT;12076;14;12072;13;;;12082;14;12085;14;;;12079.0;0.0
av_COFFEE_d2;45200;ASH_COATED_OSMIUM;9963;28;9961;20;;;9969;14;9972;23;;;9966.0;0.0
av_COFFEE_d2;45200;INTARIAN_PEPPER_ROOT;12076;13;12074;14;;;12082;15;12086;29;;;12079.0;0.0
av_COFFEE_d2;45300;ASH_COATED_OSMIUM;9963;22;9960;10;;;9969;15;9972;16;;;9966.0;0.0
av_COFFEE_d2;45300;INTARIAN_PEPPER_ROOT;12078;8;12074;11;;;12084;10;12088;19;;;12081.0;0.0
av_COFFEE_d2;45400;ASH_COATED_OSMIUM;9963;18;9960;15;;;9969;13;9971;20;;;9966.0;0.0
av_COFFEE_d2;45400;INTARIAN_PEPPER_ROOT;12073;16;12071;16;;;12090;12;12092;30;;;12081.5;0.0
av_COFFEE_d2;45500;ASH_COATED_OSMIUM;9960;24;9956;25;;;9972;17;9976;22;;;9966.0;0.0
av_COFFEE_d2;45500;INTARIAN_PEPPER_ROOT;12080;23;12077;20;;;12086;11;12088;18;;;12083.0;0.0
av_COFFEE_d2;45600;ASH_COATED_OSMIUM;9962;14;9959;18;;;9969;20;9972;20;;;9965.5;0.0
av_COFFEE_d2;45600;INTARIAN_PEPPER_ROOT;12081;15;12079;30;;;12087;18;12090;25;;;12084.0;0.0
av_COFFEE_d2;45700;ASH_COATED_OSMIUM;9962;12;9958;22;;;9968;18;9970;21;;;9965.0;0.0
av_COFFEE_d2;45700;INTARIAN_PEPPER_ROOT;12081;6;12078;21;;;12089;16;12092;19;;;12085.0;0.0
av_COFFEE_d2;45800;ASH_COATED_OSMIUM;9962;16;9959;20;;;9969;7;9972;25;;;9965.5;0.0
av_COFFEE_d2;45800;INTARIAN_PEPPER_ROOT;12073;19;12071;22;;;12098;11;12100;24;;;12085.5;0.0
av_COFFEE_d2;45900;ASH_COATED_OSMIUM;9962;17;9960;14;;;9968;11;9970;24;;;9965.0;0.0
av_COFFEE_d2;45900;INTARIAN_PEPPER_ROOT;12084;11;12080;18;;;12090;18;12093;19;;;12087.0;0.0
av_COFFEE_d2;46000;ASH_COATED_OSMIUM;9962;15;9959;19;;;9968;18;9971;20;;;9965.0;0.0
av_COFFEE_d2;46000;INTARIAN_PEPPER_ROOT;12085;20;12081;22;;;12091;6;12093;13;;;12088.0;0.0
av_COFFEE_d2;46100;ASH_COATED_OSMIUM;9962;25;9960;13;;;9968;17;9970;17;;;9965.0;0.0
av_COFFEE_d2;46100;INTARIAN_PEPPER_ROOT;12085;16;12083;21;;;12093;14;12095;19;;;12089.0;0.0
av_COFFEE_d2;46200;ASH_COATED_OSMIUM;9959;16;9956;22;;;9971;9;9975;25;;;9965.0;0.0
av_COFFEE_d2;46200;INTARIAN_PEPPER_ROOT;12086;10;12082;19;;;12094;13;12098;14;;;12090.0;0.0
av_COFFEE_d2;46300;ASH_COATED_OSMIUM;9962;8;9958;28;;;9968;11;9971;21;;;9965.0;0.0
av_COFFEE_d2;46300;INTARIAN_PEPPER_ROOT;12088;16;12084;26;;;12094;8;12097;22;;;12091.0;0.0
av_COFFEE_d2;46400;ASH_COATED_OSMIUM;9961;5;9958;9;;;9967;12;9970;21;;;9964.0;0.0
av_COFFEE_d2;46400;INTARIAN_PEPPER_ROOT;12089;26;12087;25;;;12095;10;12099;22;;;12092.0;0.0
av_COFFEE_d2;46500;ASH_COATED_OSMIUM;9962;16;9958;12;;;9968;12;9971;19;;;9965.0;0.0
av_COFFEE_d2;46500;INTARIAN_PEPPER_ROOT;12088;11;12085;21;;;12097;16;12099;21;;;12092.5;0.0
av_COFFEE_d2;46600;ASH_COATED_OSMIUM;9958;18;9954;15;;;9972;10;9975;20;;;9965.0;0.0
av_COFFEE_d2;46600;INTARIAN_PEPPER_ROOT;12091;13;12087;24;;;12097;10;12101;12;;;12094.0;0.0
av_COFFEE_d2;46700;ASH_COATED_OSMIUM;9961;9;9959;13;;;9967;10;9971;15;;;9964.0;0.0
av_COFFEE_d2;46700;INTARIAN_PEPPER_ROOT;12092;17;12089;13;;;12098;9;12100;18;;;12095.0;0.0
av_COFFEE_d2;46800;ASH_COATED_OSMIUM;9961;17;9958;20;;;9967;14;9969;20;;;9964.0;0.0
av_COFFEE_d2;46800;INTARIAN_PEPPER_ROOT;12093;15;12089;14;;;12099;23;12102;15;;;12096.0;0.0
av_COFFEE_d2;46900;ASH_COATED_OSMIUM;9961;17;9959;19;;;9967;11;9971;17;;;9964.0;0.0
av_COFFEE_d2;46900;INTARIAN_PEPPER_ROOT;12087;18;12084;15;;;12106;23;12108;23;;;12096.5;0.0
av_COFFEE_d2;47000;ASH_COATED_OSMIUM;9950;10;9946;17;;;9978;11;9980;22;;;9964.0;0.0
av_COFFEE_d2;47000;INTARIAN_PEPPER_ROOT;12088;20;12086;18;;;12108;21;12112;21;;;12098.0;0.0
av_COFFEE_d2;47100;ASH_COATED_OSMIUM;9957;12;9953;23;;;9971;15;9975;14;;;9964.0;0.0
av_COFFEE_d2;47100;INTARIAN_PEPPER_ROOT;12097;6;12094;24;;;12103;20;12106;27;;;12100.0;0.0
av_COFFEE_d2;47200;ASH_COATED_OSMIUM;9960;11;9957;19;;;9969;13;9972;16;;;9964.5;0.0
av_COFFEE_d2;47200;INTARIAN_PEPPER_ROOT;12097;13;12095;12;;;12104;15;12107;17;;;12100.5;0.0
av_COFFEE_d2;47300;ASH_COATED_OSMIUM;9960;12;9958;18;;;9966;16;9969;24;;;9963.0;0.0
av_COFFEE_d2;47300;INTARIAN_PEPPER_ROOT;12098;20;12095;18;;;12104;12;12108;22;;;12101.0;0.0
av_COFFEE_d2;47400;ASH_COATED_OSMIUM;9960;14;9956;25;;;9966;18;9970;25;;;9963.0;0.0
av_COFFEE_d2;47400;INTARIAN_PEPPER_ROOT;12099;12;12097;19;;;12105;18;12107;24;;;12102.0;0.0
av_COFFEE_d2;47500;ASH_COATED_OSMIUM;9954;11;9950;11;;;9974;5;9978;15;;;9964.0;0.0
av_COFFEE_d2;47500;INTARIAN_PEPPER_ROOT;12100;9;12096;28;;;12106;11;12109;16;;;12103.0;0.0
av_COFFEE_d2;47600;ASH_COATED_OSMIUM;9961;12;9957;15;;;9967;16;9969;29;;;9964.0;0.0
av_COFFEE_d2;47600;INTARIAN_PEPPER_ROOT;12101;13;12098;9;;;12107;13;12109;17;;;12104.0;0.0
av_COFFEE_d2;47700;ASH_COATED_OSMIUM;9961;13;9957;20;;;9967;8;9970;20;;;9964.0;0.0
av_COFFEE_d2;47700;INTARIAN_PEPPER_ROOT;12103;18;12100;19;;;12109;13;12111;20;;;12106.0;0.0
av_COFFEE_d2;47800;ASH_COATED_OSMIUM;9957;14;9955;26;;;9971;14;9974;16;;;9964.0;0.0
av_COFFEE_d2;47800;INTARIAN_PEPPER_ROOT;12104;19;12102;19;;;12110;21;12114;20;;;12107.0;0.0
av_COFFEE_d2;47900;ASH_COATED_OSMIUM;9961;19;9958;15;;;9967;11;9971;21;;;9964.0;0.0
av_COFFEE_d2;47900;INTARIAN_PEPPER_ROOT;12104;8;12102;16;;;12111;17;12113;11;;;12107.5;0.0
av_COFFEE_d2;48000;ASH_COATED_OSMIUM;9960;15;9957;14;;;9966;19;9969;16;;;9963.0;0.0
av_COFFEE_d2;48000;INTARIAN_PEPPER_ROOT;12105;23;12103;19;;;12111;16;12115;25;;;12108.0;0.0
av_COFFEE_d2;48100;ASH_COATED_OSMIUM;9960;19;9956;22;;;9966;16;9969;12;;;9963.0;0.0
av_COFFEE_d2;48100;INTARIAN_PEPPER_ROOT;12107;12;12103;20;;;12113;12;12115;15;;;12110.0;0.0
av_COFFEE_d2;48200;ASH_COATED_OSMIUM;9954;8;9951;26;;;9972;16;9975;14;;;9963.0;0.0
av_COFFEE_d2;48200;INTARIAN_PEPPER_ROOT;12093;27;12090;20;;;12127;19;12129;19;;;12110.0;0.0
av_COFFEE_d2;48300;ASH_COATED_OSMIUM;9960;20;9956;18;;;9966;11;9970;19;;;9963.0;0.0
av_COFFEE_d2;48300;INTARIAN_PEPPER_ROOT;12108;13;12105;21;;;12114;20;12116;22;;;12111.0;0.0
av_COFFEE_d2;48400;ASH_COATED_OSMIUM;9956;15;9952;28;;;9970;21;9973;27;;;9963.0;0.0
av_COFFEE_d2;48400;INTARIAN_PEPPER_ROOT;12109;13;12106;26;;;12115;15;12119;18;;;12112.0;0.0
av_COFFEE_d2;48500;ASH_COATED_OSMIUM;9959;12;9956;11;;;9965;13;9967;20;;;9962.0;0.0
av_COFFEE_d2;48500;INTARIAN_PEPPER_ROOT;12110;28;12107;19;;;12116;19;12118;26;;;12113.0;0.0
av_COFFEE_d2;48600;ASH_COATED_OSMIUM;9959;10;9955;21;;;9965;17;9967;16;;;9962.0;0.0
av_COFFEE_d2;48600;INTARIAN_PEPPER_ROOT;12108;13;12106;25;;;12121;15;12124;19;;;12114.5;0.0
av_COFFEE_d2;48700;ASH_COATED_OSMIUM;9959;16;9956;16;;;9965;16;9968;22;;;9962.0;0.0
av_COFFEE_d2;48700;INTARIAN_PEPPER_ROOT;12107;16;12105;17;;;12122;11;12124;13;;;12114.5;0.0
av_COFFEE_d2;48800;ASH_COATED_OSMIUM;9960;13;9958;8;;;9966;7;9970;35;;;9963.0;0.0
av_COFFEE_d2;48800;INTARIAN_PEPPER_ROOT;12111;9;12108;12;;;12121;12;12125;12;;;12116.0;0.0
av_COFFEE_d2;48900;ASH_COATED_OSMIUM;9953;16;9951;23;;;9971;20;9975;19;;;9962.0;0.0
av_COFFEE_d2;48900;INTARIAN_PEPPER_ROOT;12115;17;12112;13;;;12121;11;12125;30;;;12118.0;0.0
av_COFFEE_d2;49000;ASH_COATED_OSMIUM;9957;8;9954;22;;;9967;5;9969;18;;;9962.0;0.0
av_COFFEE_d2;49000;INTARIAN_PEPPER_ROOT;12115;14;12111;15;;;12121;20;12123;9;;;12118.0;0.0
av_COFFEE_d2;49100;ASH_COATED_OSMIUM;9958;14;9954;21;;;9964;15;9968;19;;;9961.0;0.0
av_COFFEE_d2;49100;INTARIAN_PEPPER_ROOT;12114;8;12112;11;;;12125;17;12129;15;;;12119.5;0.0
av_COFFEE_d2;49200;ASH_COATED_OSMIUM;9959;19;9957;22;;;9965;16;9967;9;;;9962.0;0.0
av_COFFEE_d2;49200;INTARIAN_PEPPER_ROOT;12117;12;12115;17;;;12123;13;12127;19;;;12120.0;0.0
av_COFFEE_d2;49300;ASH_COATED_OSMIUM;9959;18;9956;19;;;9965;18;9968;14;;;9962.0;0.0
av_COFFEE_d2;49300;INTARIAN_PEPPER_ROOT;12119;11;12116;21;;;12125;12;12128;22;;;12122.0;0.0
av_COFFEE_d2;49400;ASH_COATED_OSMIUM;9951;17;9947;26;;;9972;12;9976;22;;;9961.5;0.0
av_COFFEE_d2;49400;INTARIAN_PEPPER_ROOT;12119;17;12115;25;;;12125;13;12127;24;;;12122.0;0.0
av_COFFEE_d2;49500;ASH_COATED_OSMIUM;9955;15;9953;20;;;9968;9;9971;26;;;9961.5;0.0
av_COFFEE_d2;49500;INTARIAN_PEPPER_ROOT;12121;23;12117;16;;;12127;7;12130;8;;;12124.0;0.0
av_COFFEE_d2;49600;ASH_COATED_OSMIUM;9956;16;9952;11;;;9969;18;9973;12;;;9962.5;0.0
av_COFFEE_d2;49600;INTARIAN_PEPPER_ROOT;12121;12;12119;12;;;12127;13;12129;17;;;12124.0;0.0
av_COFFEE_d2;49700;ASH_COATED_OSMIUM;9959;18;9955;23;;;9965;17;9969;18;;;9962.0;0.0
av_COFFEE_d2;49700;INTARIAN_PEPPER_ROOT;12122;5;12120;18;;;12128;16;12132;9;;;12125.0;0.0
av_COFFEE_d2;49800;ASH_COATED_OSMIUM;9957;8;9955;22;;;9967;10;9970;20;;;9962.0;0.0
av_COFFEE_d2;49800;INTARIAN_PEPPER_ROOT;12124;22;12121;28;;;12130;20;12134;15;;;12127.0;0.0
av_COFFEE_d2;49900;ASH_COATED_OSMIUM;9958;18;9955;21;;;9964;9;9966;25;;;9961.0;0.0
av_COFFEE_d2;49900;INTARIAN_PEPPER_ROOT;12123;10;12120;27;;;12131;10;12134;19;;;12127.0;0.0
av_COFFEE_d2;50000;ASH_COATED_OSMIUM;9959;17;9955;23;;;9965;16;9968;14;;;9962.0;0.0
av_COFFEE_d2;50000;INTARIAN_PEPPER_ROOT;12125;12;12123;18;;;12133;9;12137;15;;;12129.0;0.0
av_COFFEE_d2;50100;ASH_COATED_OSMIUM;9958;16;9956;15;;;9964;18;9966;19;;;9961.0;0.0
av_COFFEE_d2;50100;INTARIAN_PEPPER_ROOT;12126;14;12124;28;;;12132;25;12135;17;;;12129.0;0.0
av_COFFEE_d2;50200;ASH_COATED_OSMIUM;9958;9;9956;17;;;9964;11;9967;19;;;9961.0;0.0
av_COFFEE_d2;50200;INTARIAN_PEPPER_ROOT;12128;8;12124;20;;;12134;13;12138;20;;;12131.0;0.0
av_COFFEE_d2;50300;ASH_COATED_OSMIUM;9958;19;9955;17;;;9964;13;9968;24;;;9961.0;0.0
av_COFFEE_d2;50300;INTARIAN_PEPPER_ROOT;12126;15;12123;14;;;12138;20;12141;19;;;12132.0;0.0
av_COFFEE_d2;50400;ASH_COATED_OSMIUM;9955;19;9952;31;;;9967;18;9970;22;;;9961.0;0.0
av_COFFEE_d2;50400;INTARIAN_PEPPER_ROOT;12129;21;12127;20;;;12135;17;12137;25;;;12132.0;0.0
av_COFFEE_d2;50500;ASH_COATED_OSMIUM;9958;25;9956;26;;;9964;16;9968;18;;;9961.0;0.0
av_COFFEE_d2;50500;INTARIAN_PEPPER_ROOT;12129;12;12125;19;;;12137;9;12140;12;;;12133.0;0.0
av_COFFEE_d2;50600;ASH_COATED_OSMIUM;9958;18;9956;16;;;9964;18;9967;18;;;9961.0;0.0
av_COFFEE_d2;50600;INTARIAN_PEPPER_ROOT;12131;10;12127;16;;;12137;12;12141;20;;;12134.0;0.0
av_COFFEE_d2;50700;ASH_COATED_OSMIUM;9957;14;9953;20;;;9963;16;9967;24;;;9960.0;0.0
av_COFFEE_d2;50700;INTARIAN_PEPPER_ROOT;12128;24;12124;22;;;12143;7;12147;15;;;12135.5;0.0
av_COFFEE_d2;50800;ASH_COATED_OSMIUM;9950;10;9947;16;;;9970;21;9974;30;;;9960.0;0.0
av_COFFEE_d2;50800;INTARIAN_PEPPER_ROOT;12133;14;12129;18;;;12139;13;12141;18;;;12136.0;0.0
av_COFFEE_d2;50900;ASH_COATED_OSMIUM;9957;20;9953;29;;;9963;13;9967;22;;;9960.0;0.0
av_COFFEE_d2;50900;INTARIAN_PEPPER_ROOT;12136;21;12134;19;;;12143;19;12147;13;;;12139.5;0.0
av_COFFEE_d2;51000;ASH_COATED_OSMIUM;9957;23;9955;9;;;9963;14;9966;14;;;9960.0;0.0
av_COFFEE_d2;51000;INTARIAN_PEPPER_ROOT;12141;11;12137;13;;;12148;13;12152;16;;;12144.5;0.0
av_COFFEE_d2;51100;ASH_COATED_OSMIUM;9957;9;9955;21;;;9963;5;9965;20;;;9960.0;0.0
av_COFFEE_d2;51100;INTARIAN_PEPPER_ROOT;12147;15;12143;14;;;12153;23;12156;15;;;12150.0;0.0
av_COFFEE_d2;51200;ASH_COATED_OSMIUM;9957;7;9954;17;;;9963;19;9967;12;;;9960.0;0.0
av_COFFEE_d2;51200;INTARIAN_PEPPER_ROOT;12150;7;12148;24;;;12160;5;12164;8;;;12155.0;0.0
av_COFFEE_d2;51300;ASH_COATED_OSMIUM;9956;16;9952;21;;;9962;10;9964;27;;;9959.0;0.0
av_COFFEE_d2;51300;INTARIAN_PEPPER_ROOT;12157;9;12154;19;;;12163;17;12166;25;;;12160.0;0.0
av_COFFEE_d2;51400;ASH_COATED_OSMIUM;9956;15;9953;26;;;9962;19;9966;25;;;9959.0;0.0
av_COFFEE_d2;51400;INTARIAN_PEPPER_ROOT;12163;22;12161;22;;;12169;13;12172;16;;;12166.0;0.0
av_COFFEE_d2;51500;ASH_COATED_OSMIUM;9956;11;9952;16;;;9962;8;9964;23;;;9959.0;0.0
av_COFFEE_d2;51500;INTARIAN_PEPPER_ROOT;12168;9;12165;19;;;12174;12;12176;23;;;12171.0;0.0
av_COFFEE_d2;51600;ASH_COATED_OSMIUM;9956;12;9954;14;;;9962;16;9964;18;;;9959.0;0.0
av_COFFEE_d2;51600;INTARIAN_PEPPER_ROOT;12160;12;12157;18;;;12191;5;12195;14;;;12175.5;0.0
av_COFFEE_d2;51700;ASH_COATED_OSMIUM;9955;19;9952;21;;;9961;15;9965;25;;;9958.0;0.0
av_COFFEE_d2;51700;INTARIAN_PEPPER_ROOT;12178;5;12174;26;;;12184;16;12188;22;;;12181.0;0.0
av_COFFEE_d2;51800;ASH_COATED_OSMIUM;9956;19;9954;24;;;9962;5;9964;23;;;9959.0;0.0
av_COFFEE_d2;51800;INTARIAN_PEPPER_ROOT;12180;5;12176;18;;;12192;23;12196;14;;;12186.0;0.0
av_COFFEE_d2;51900;ASH_COATED_OSMIUM;9956;22;9953;19;;;9962;19;9966;15;;;9959.0;0.0
av_COFFEE_d2;51900;INTARIAN_PEPPER_ROOT;12188;25;12184;22;;;12194;30;12198;21;;;12191.0;0.0
av_COFFEE_d2;52000;ASH_COATED_OSMIUM;9955;17;9952;24;;;9961;13;9965;26;;;9958.0;0.0
av_COFFEE_d2;52000;INTARIAN_PEPPER_ROOT;12190;16;12186;22;;;12203;17;12205;22;;;12196.5;0.0
av_COFFEE_d2;52100;ASH_COATED_OSMIUM;9950;15;9946;18;;;9964;13;9968;18;;;9957.0;0.0
av_COFFEE_d2;52100;INTARIAN_PEPPER_ROOT;12197;12;12195;20;;;12204;11;12207;23;;;12200.5;0.0
av_COFFEE_d2;52200;ASH_COATED_OSMIUM;9954;19;9951;14;;;9960;5;9963;20;;;9957.0;0.0
av_COFFEE_d2;52200;INTARIAN_PEPPER_ROOT;12204;20;12202;33;;;12210;19;12214;18;;;12207.0;0.0
av_COFFEE_d2;52300;ASH_COATED_OSMIUM;9955;7;9952;23;;;9961;8;9963;13;;;9958.0;0.0
av_COFFEE_d2;52300;INTARIAN_PEPPER_ROOT;12201;16;12198;19;;;12222;12;12226;23;;;12211.5;0.0
av_COFFEE_d2;52400;ASH_COATED_OSMIUM;9954;15;9951;10;;;9960;15;9964;21;;;9957.0;0.0
av_COFFEE_d2;52400;INTARIAN_PEPPER_ROOT;12208;16;12205;19;;;12225;6;12227;18;;;12216.5;0.0
av_COFFEE_d2;52500;ASH_COATED_OSMIUM;9948;19;9944;9;;;9964;20;9967;11;;;9956.0;0.0
av_COFFEE_d2;52500;INTARIAN_PEPPER_ROOT;12218;12;12215;21;;;12224;18;12228;17;;;12221.0;0.0
av_COFFEE_d2;52600;ASH_COATED_OSMIUM;9953;10;9950;16;;;9959;10;9961;18;;;9956.0;0.0
av_COFFEE_d2;52600;INTARIAN_PEPPER_ROOT;12221;13;12217;24;;;12231;17;12233;17;;;12226.0;0.0
av_COFFEE_d2;52700;ASH_COATED_OSMIUM;9953;7;9950;23;;;9960;11;9963;22;;;9956.5;0.0
av_COFFEE_d2;52700;INTARIAN_PEPPER_ROOT;12221;18;12219;13;;;12242;21;12245;21;;;12231.5;0.0
av_COFFEE_d2;52800;ASH_COATED_OSMIUM;9952;11;9948;16;;;9961;10;9963;20;;;9956.5;0.0
av_COFFEE_d2;52800;INTARIAN_PEPPER_ROOT;12234;10;12232;18;;;12240;9;12242;27;;;12237.0;0.0
av_COFFEE_d2;52900;ASH_COATED_OSMIUM;9951;5;9947;15;;;9960;13;9962;11;;;9955.5;0.0
av_COFFEE_d2;52900;INTARIAN_PEPPER_ROOT;12239;19;12236;27;;;12245;18;12247;19;;;12242.0;0.0
av_COFFEE_d2;53000;ASH_COATED_OSMIUM;9953;22;9951;11;;;9959;19;9962;27;;;9956.0;0.0
av_COFFEE_d2;53000;INTARIAN_PEPPER_ROOT;12244;18;12240;24;;;12250;10;12254;21;;;12247.0;0.0
av_COFFEE_d2;53100;ASH_COATED_OSMIUM;9952;13;9950;26;;;9958;12;9962;19;;;9955.0;0.0
av_COFFEE_d2;53100;INTARIAN_PEPPER_ROOT;12249;15;12246;15;;;12255;15;12258;23;;;12252.0;0.0
av_COFFEE_d2;53200;ASH_COATED_OSMIUM;9952;15;9949;23;;;9958;14;9960;20;;;9955.0;0.0
av_COFFEE_d2;53200;INTARIAN_PEPPER_ROOT;12254;6;12252;18;;;12260;17;12264;27;;;12257.0;0.0
av_COFFEE_d2;53300;ASH_COATED_OSMIUM;9948;12;9945;20;;;9963;25;9967;20;;;9955.5;0.0
av_COFFEE_d2;53300;INTARIAN_PEPPER_ROOT;12259;17;12255;22;;;12265;11;12269;17;;;12262.0;0.0
av_COFFEE_d2;53400;ASH_COATED_OSMIUM;9951;11;9947;21;;;9957;12;9959;13;;;9954.0;0.0
av_COFFEE_d2;53400;INTARIAN_PEPPER_ROOT;12265;15;12261;23;;;12271;13;12274;30;;;12268.0;0.0
av_COFFEE_d2;53500;ASH_COATED_OSMIUM;9951;20;9948;20;;;9959;17;9963;22;;;9955.0;0.0
av_COFFEE_d2;53500;INTARIAN_PEPPER_ROOT;12269;18;12265;18;;;12275;11;12278;20;;;12272.0;0.0
av_COFFEE_d2;53600;ASH_COATED_OSMIUM;9948;16;9946;19;;;9961;15;9964;19;;;9954.5;0.0
av_COFFEE_d2;53600;INTARIAN_PEPPER_ROOT;12263;9;12259;17;;;12293;12;12295;20;;;12278.0;0.0
av_COFFEE_d2;53700;ASH_COATED_OSMIUM;9951;14;9947;13;;;9957;20;9960;26;;;9954.0;0.0
av_COFFEE_d2;53700;INTARIAN_PEPPER_ROOT;12274;11;12270;14;;;12290;20;12294;18;;;12282.0;0.0
av_COFFEE_d2;53800;ASH_COATED_OSMIUM;9951;19;9947;22;;;9957;15;9959;21;;;9954.0;0.0
av_COFFEE_d2;53800;INTARIAN_PEPPER_ROOT;12285;14;12283;15;;;12291;18;12293;19;;;12288.0;0.0
av_COFFEE_d2;53900;ASH_COATED_OSMIUM;9949;23;9945;21;;;9960;18;9963;15;;;9954.5;0.0
av_COFFEE_d2;53900;INTARIAN_PEPPER_ROOT;12290;13;12286;17;;;12296;16;12298;19;;;12293.0;0.0
av_COFFEE_d2;54000;ASH_COATED_OSMIUM;9950;15;9947;25;;;9956;20;9959;13;;;9953.0;0.0
av_COFFEE_d2;54000;INTARIAN_PEPPER_ROOT;12291;16;12289;16;;;12306;13;12309;22;;;12298.5;0.0
av_COFFEE_d2;54100;ASH_COATED_OSMIUM;9948;14;9945;21;;;9959;16;9963;17;;;9953.5;0.0
av_COFFEE_d2;54100;INTARIAN_PEPPER_ROOT;12297;11;12294;20;;;12309;5;12311;16;;;12303.0;0.0
av_COFFEE_d2;54200;ASH_COATED_OSMIUM;9949;16;9946;14;;;9955;12;9957;17;;;9952.0;0.0
av_COFFEE_d2;54200;INTARIAN_PEPPER_ROOT;12305;12;12302;19;;;12311;15;12313;25;;;12308.0;0.0
av_COFFEE_d2;54300;ASH_COATED_OSMIUM;9950;20;9948;20;;;9956;9;9958;13;;;9953.0;0.0
av_COFFEE_d2;54300;INTARIAN_PEPPER_ROOT;12310;9;12308;24;;;12316;13;12320;8;;;12313.0;0.0
av_COFFEE_d2;54400;ASH_COATED_OSMIUM;9945;16;9943;20;;;9962;14;9965;18;;;9953.5;0.0
av_COFFEE_d2;54400;INTARIAN_PEPPER_ROOT;12315;21;12312;20;;;12321;13;12323;15;;;12318.0;0.0
av_COFFEE_d2;54500;ASH_COATED_OSMIUM;9950;14;9946;19;;;9956;9;9958;20;;;9953.0;0.0
av_COFFEE_d2;54500;INTARIAN_PEPPER_ROOT;12320;18;12316;27;;;12327;5;12330;12;;;12323.5;0.0
av_COFFEE_d2;54600;ASH_COATED_OSMIUM;9947;17;9944;23;;;9959;21;9962;15;;;9953.0;0.0
av_COFFEE_d2;54600;INTARIAN_PEPPER_ROOT;12325;17;12321;24;;;12333;11;12336;8;;;12329.0;0.0
av_COFFEE_d2;54700;ASH_COATED_OSMIUM;9949;14;9947;13;;;9955;18;9959;20;;;9952.0;0.0
av_COFFEE_d2;54700;INTARIAN_PEPPER_ROOT;12331;14;12328;12;;;12337;20;12339;11;;;12334.0;0.0
av_COFFEE_d2;54800;ASH_COATED_OSMIUM;9948;10;9946;8;;;9954;17;9958;18;;;9951.0;0.0
av_COFFEE_d2;54800;INTARIAN_PEPPER_ROOT;12335;21;12333;26;;;12343;19;12347;11;;;12339.0;0.0
av_COFFEE_d2;54900;ASH_COATED_OSMIUM;9949;19;9945;24;;;9955;11;9958;19;;;9952.0;0.0
av_COFFEE_d2;54900;INTARIAN_PEPPER_ROOT;12338;15;12336;16;;;12349;16;12353;18;;;12343.5;0.0
av_COFFEE_d2;55000;ASH_COATED_OSMIUM;9947;13;9944;18;;;9956;15;9960;22;;;9951.5;0.0
av_COFFEE_d2;55000;INTARIAN_PEPPER_ROOT;12344;14;12341;21;;;12353;14;12356;20;;;12348.5;0.0
av_COFFEE_d2;55100;ASH_COATED_OSMIUM;9948;13;9944;28;;;9954;26;9957;22;;;9951.0;0.0
av_COFFEE_d2;55100;INTARIAN_PEPPER_ROOT;12351;14;12349;16;;;12357;20;12361;29;;;12354.0;0.0
av_COFFEE_d2;55200;ASH_COATED_OSMIUM;9948;21;9944;20;;;9954;15;9956;16;;;9951.0;0.0
av_COFFEE_d2;55200;INTARIAN_PEPPER_ROOT;12356;14;12354;17;;;12362;11;12365;15;;;12359.0;0.0
av_COFFEE_d2;55300;ASH_COATED_OSMIUM;9948;14;9944;20;;;9954;19;9957;15;;;9951.0;0.0
av_COFFEE_d2;55300;INTARIAN_PEPPER_ROOT;12360;6;12358;19;;;12367;13;12371;18;;;12363.5;0.0
av_COFFEE_d2;55400;ASH_COATED_OSMIUM;9944;6;9942;23;;;9958;14;9960;22;;;9951.0;0.0
av_COFFEE_d2;55400;INTARIAN_PEPPER_ROOT;12363;15;12361;17;;;12377;12;12381;21;;;12370.0;0.0
av_COFFEE_d2;55500;ASH_COATED_OSMIUM;9948;19;9944;26;;;9954;13;9958;25;;;9951.0;0.0
av_COFFEE_d2;55500;INTARIAN_PEPPER_ROOT;12371;18;12368;14;;;12377;30;12381;20;;;12374.0;0.0
av_COFFEE_d2;55600;ASH_COATED_OSMIUM;9947;11;9944;15;;;9953;16;9957;21;;;9950.0;0.0
av_COFFEE_d2;55600;INTARIAN_PEPPER_ROOT;12369;17;12367;26;;;12391;21;12393;16;;;12380.0;0.0
av_COFFEE_d2;55700;ASH_COATED_OSMIUM;9946;9;9944;31;;;9952;13;9954;18;;;9949.0;0.0
av_COFFEE_d2;55700;INTARIAN_PEPPER_ROOT;12372;14;12369;10;;;12396;22;12399;19;;;12384.0;0.0
av_COFFEE_d2;55800;ASH_COATED_OSMIUM;9947;14;9944;21;;;9953;9;9957;9;;;9950.0;0.0
av_COFFEE_d2;55800;INTARIAN_PEPPER_ROOT;12380;23;12377;12;;;12398;17;12402;22;;;12389.0;0.0
av_COFFEE_d2;55900;ASH_COATED_OSMIUM;9946;17;9942;13;;;9952;16;9954;17;;;9949.0;0.0
av_COFFEE_d2;55900;INTARIAN_PEPPER_ROOT;12391;18;12387;8;;;12397;18;12400;32;;;12394.0;0.0
av_COFFEE_d2;56000;ASH_COATED_OSMIUM;9947;15;9943;15;;;9953;18;9955;18;;;9950.0;0.0
av_COFFEE_d2;56000;INTARIAN_PEPPER_ROOT;12396;20;12393;20;;;12403;14;12406;26;;;12399.5;0.0
av_COFFEE_d2;56100;ASH_COATED_OSMIUM;9946;10;9943;22;;;9952;8;9956;12;;;9949.0;0.0
av_COFFEE_d2;56100;INTARIAN_PEPPER_ROOT;12401;10;12399;23;;;12407;16;12411;19;;;12404.0;0.0
av_COFFEE_d2;56200;ASH_COATED_OSMIUM;9945;20;9943;12;;;9953;13;9957;16;;;9949.0;0.0
av_COFFEE_d2;56200;INTARIAN_PEPPER_ROOT;12407;24;12403;27;;;12413;19;12415;19;;;12410.0;0.0
av_COFFEE_d2;56300;ASH_COATED_OSMIUM;9945;12;9941;18;;;9953;18;9956;20;;;9949.0;0.0
av_COFFEE_d2;56300;INTARIAN_PEPPER_ROOT;12412;17;12408;23;;;12418;13;12420;30;;;12415.0;0.0
av_COFFEE_d2;56400;ASH_COATED_OSMIUM;9946;8;9942;13;;;9952;13;9955;23;;;9949.0;0.0
av_COFFEE_d2;56400;INTARIAN_PEPPER_ROOT;12417;25;12413;22;;;12423;11;12427;27;;;12420.0;0.0
av_COFFEE_d2;56500;ASH_COATED_OSMIUM;9946;15;9944;21;;;9952;20;9956;15;;;9949.0;0.0
av_COFFEE_d2;56500;INTARIAN_PEPPER_ROOT;12422;14;12418;24;;;12428;16;12432;22;;;12425.0;0.0
av_COFFEE_d2;56600;ASH_COATED_OSMIUM;9937;13;9933;13;;;9959;5;9962;17;;;9948.0;0.0
av_COFFEE_d2;56600;INTARIAN_PEPPER_ROOT;12427;13;12424;21;;;12433;11;12435;21;;;12430.0;0.0
av_COFFEE_d2;56700;ASH_COATED_OSMIUM;9935;7;9933;30;;;9960;13;9962;19;;;9947.5;0.0
av_COFFEE_d2;56700;INTARIAN_PEPPER_ROOT;12432;22;12430;23;;;12438;5;12442;20;;;12435.0;0.0
av_COFFEE_d2;56800;ASH_COATED_OSMIUM;9945;16;9943;20;;;9951;19;9955;18;;;9948.0;0.0
av_COFFEE_d2;56800;INTARIAN_PEPPER_ROOT;12438;21;12436;10;;;12444;18;12448;23;;;12441.0;0.0
av_COFFEE_d2;56900;ASH_COATED_OSMIUM;9941;20;9938;21;;;9953;13;9956;25;;;9947.0;0.0
av_COFFEE_d2;56900;INTARIAN_PEPPER_ROOT;12438;12;12435;22;;;12453;15;12457;23;;;12445.5;0.0
av_COFFEE_d2;57000;ASH_COATED_OSMIUM;9943;11;9939;18;;;9953;13;9956;16;;;9948.0;0.0
