day;timestamp;product;bid_price_1;bid_volume_1;bid_price_2;bid_volume_2;bid_price_3;bid_volume_3;ask_price_1;ask_volume_1;ask_price_2;ask_volume_2;ask_price_3;ask_volume_3;mid_price;profit_and_loss
yf_ZW=F_d0;0;ASH_COATED_OSMIUM;10045;10;10043;20;;;10051;15;10053;26;;;10048.0;0.0
yf_ZW=F_d0;0;INTARIAN_PEPPER_ROOT;10235;10;10231;23;;;10241;16;10245;22;;;10238.0;0.0
yf_ZW=F_d0;100;ASH_COATED_OSMIUM;10043;12;10040;17;;;10053;14;10057;20;;;10048.0;0.0
yf_ZW=F_d0;100;INTARIAN_PEPPER_ROOT;10234;18;10232;22;;;10240;16;10242;20;;;10237.0;0.0
yf_ZW=F_d0;200;ASH_COATED_OSMIUM;10045;23;10042;11;;;10051;23;10053;20;;;10048.0;0.0
yf_ZW=F_d0;200;INTARIAN_PEPPER_ROOT;10231;19;10229;21;;;10239;11;10242;19;;;10235.0;0.0
yf_ZW=F_d0;300;ASH_COATED_OSMIUM;10041;20;10037;8;;;10056;25;10058;25;;;10048.5;0.0
yf_ZW=F_d0;300;INTARIAN_PEPPER_ROOT;10231;11;10227;25;;;10237;12;10240;11;;;10234.0;0.0
yf_ZW=F_d0;400;ASH_COATED_OSMIUM;10040;13;10036;14;;;10055;14;10058;21;;;10047.5;0.0
yf_ZW=F_d0;400;INTARIAN_PEPPER_ROOT;10228;15;10226;17;;;10237;17;10240;22;;;10232.5;0.0
yf_ZW=F_d0;500;ASH_COATED_OSMIUM;10043;17;10041;20;;;10053;17;10057;20;;;10048.0;0.0
yf_ZW=F_d0;500;INTARIAN_PEPPER_ROOT;10228;21;10225;13;;;10234;10;10237;18;;;10231.0;0.0
yf_ZW=F_d0;600;ASH_COATED_OSMIUM;10044;12;10042;20;;;10050;16;10054;26;;;10047.0;0.0
yf_ZW=F_d0;600;INTARIAN_PEPPER_ROOT;10227;12;10224;18;;;10233;14;10235;14;;;10230.0;0.0
yf_ZW=F_d0;700;ASH_COATED_OSMIUM;10043;13;10039;23;;;10049;14;10051;16;;;10046.0;0.0
yf_ZW=F_d0;700;INTARIAN_PEPPER_ROOT;10224;24;10220;16;;;10232;9;10234;19;;;10228.0;0.0
yf_ZW=F_d0;800;ASH_COATED_OSMIUM;10044;8;10040;16;;;10050;13;10053;23;;;10047.0;0.0
yf_ZW=F_d0;800;INTARIAN_PEPPER_ROOT;10223;18;10220;26;;;10232;17;10234;18;;;10227.5;0.0
yf_ZW=F_d0;900;ASH_COATED_OSMIUM;10041;11;10038;19;;;10052;14;10055;27;;;10046.5;0.0
yf_ZW=F_d0;900;INTARIAN_PEPPER_ROOT;10220;15;10218;20;;;10230;14;10232;27;;;10225.0;0.0
yf_ZW=F_d0;1000;ASH_COATED_OSMIUM;10044;16;10042;22;;;10050;17;10054;22;;;10047.0;0.0
yf_ZW=F_d0;1000;INTARIAN_PEPPER_ROOT;10221;18;10219;22;;;10227;12;10230;15;;;10224.0;0.0
yf_ZW=F_d0;1100;ASH_COATED_OSMIUM;10039;13;10035;25;;;10053;24;10057;24;;;10046.0;0.0
yf_ZW=F_d0;1100;INTARIAN_PEPPER_ROOT;10220;5;10218;18;;;10226;15;10230;18;;;10223.0;0.0
yf_ZW=F_d0;1200;ASH_COATED_OSMIUM;10043;17;10040;27;;;10049;16;10051;23;;;10046.0;0.0
yf_ZW=F_d0;1200;INTARIAN_PEPPER_ROOT;10216;24;10212;28;;;10226;25;10230;17;;;10221.0;0.0
yf_ZW=F_d0;1300;ASH_COATED_OSMIUM;10043;11;10039;21;;;10049;16;10051;15;;;10046.0;0.0
yf_ZW=F_d0;1300;INTARIAN_PEPPER_ROOT;10210;12;10206;22;;;10231;14;10235;16;;;10220.5;0.0
yf_ZW=F_d0;1400;ASH_COATED_OSMIUM;10043;19;10041;16;;;10049;12;10053;21;;;10046.0;0.0
yf_ZW=F_d0;1400;INTARIAN_PEPPER_ROOT;10207;12;10205;16;;;10232;10;10234;19;;;10219.5;0.0
yf_ZW=F_d0;1500;ASH_COATED_OSMIUM;10043;13;10041;22;;;10049;10;10053;25;;;10046.0;0.0
yf_ZW=F_d0;1500;INTARIAN_PEPPER_ROOT;10208;11;10205;17;;;10227;16;10231;19;;;10217.5;0.0
yf_ZW=F_d0;1600;ASH_COATED_OSMIUM;10040;15;10036;22;;;10051;15;10055;21;;;10045.5;0.0
yf_ZW=F_d0;1600;INTARIAN_PEPPER_ROOT;10205;13;10202;20;;;10225;18;10227;21;;;10215.0;0.0
yf_ZW=F_d0;1700;ASH_COATED_OSMIUM;10041;25;10037;17;;;10051;17;10055;8;;;10046.0;0.0
yf_ZW=F_d0;1700;INTARIAN_PEPPER_ROOT;10211;30;10209;24;;;10217;13;10221;24;;;10214.0;0.0
yf_ZW=F_d0;1800;ASH_COATED_OSMIUM;10042;10;10038;22;;;10048;16;10051;22;;;10045.0;0.0
yf_ZW=F_d0;1800;INTARIAN_PEPPER_ROOT;10207;17;10203;15;;;10218;18;10222;21;;;10212.5;0.0
yf_ZW=F_d0;1900;ASH_COATED_OSMIUM;10035;14;10033;21;;;10055;17;10059;12;;;10045.0;0.0
yf_ZW=F_d0;1900;INTARIAN_PEPPER_ROOT;10209;17;10206;29;;;10215;16;10218;22;;;10212.0;0.0
yf_ZW=F_d0;2000;ASH_COATED_OSMIUM;10042;23;10039;31;;;10048;16;10050;11;;;10045.0;0.0
yf_ZW=F_d0;2000;INTARIAN_PEPPER_ROOT;10207;24;10205;16;;;10213;9;10217;22;;;10210.0;0.0
yf_ZW=F_d0;2100;ASH_COATED_OSMIUM;10042;16;10040;27;;;10048;5;10050;26;;;10045.0;0.0
yf_ZW=F_d0;2100;INTARIAN_PEPPER_ROOT;10204;10;10202;13;;;10213;11;10215;23;;;10208.5;0.0
yf_ZW=F_d0;2200;ASH_COATED_OSMIUM;10042;16;10039;10;;;10048;18;10051;17;;;10045.0;0.0
yf_ZW=F_d0;2200;INTARIAN_PEPPER_ROOT;10205;15;10201;19;;;10211;16;10215;15;;;10208.0;0.0
yf_ZW=F_d0;2300;ASH_COATED_OSMIUM;10042;17;10039;26;;;10048;15;10051;16;;;10045.0;0.0
yf_ZW=F_d0;2300;INTARIAN_PEPPER_ROOT;10203;19;10201;19;;;10209;16;10212;13;;;10206.0;0.0
yf_ZW=F_d0;2400;ASH_COATED_OSMIUM;10041;14;10037;18;;;10047;13;10049;15;;;10044.0;0.0
yf_ZW=F_d0;2400;INTARIAN_PEPPER_ROOT;10198;9;10195;18;;;10213;10;10217;17;;;10205.5;0.0
yf_ZW=F_d0;2500;ASH_COATED_OSMIUM;10040;15;10036;20;;;10049;18;10052;18;;;10044.5;0.0
yf_ZW=F_d0;2500;INTARIAN_PEPPER_ROOT;10201;13;10199;15;;;10207;25;10211;13;;;10204.0;0.0
yf_ZW=F_d0;2600;ASH_COATED_OSMIUM;10037;18;10033;23;;;10051;5;10054;10;;;10044.0;0.0
yf_ZW=F_d0;2600;INTARIAN_PEPPER_ROOT;10199;22;10196;22;;;10205;13;10207;18;;;10202.0;0.0
yf_ZW=F_d0;2700;ASH_COATED_OSMIUM;10035;12;10031;23;;;10054;14;10057;24;;;10044.5;0.0
yf_ZW=F_d0;2700;INTARIAN_PEPPER_ROOT;10198;20;10195;27;;;10204;18;10208;19;;;10201.0;0.0
yf_ZW=F_d0;2800;ASH_COATED_OSMIUM;10041;20;10039;14;;;10047;17;10049;26;;;10044.0;0.0
yf_ZW=F_d0;2800;INTARIAN_PEPPER_ROOT;10196;15;10194;23;;;10202;12;10206;17;;;10199.0;0.0
yf_ZW=F_d0;2900;ASH_COATED_OSMIUM;10041;19;10037;26;;;10047;9;10051;24;;;10044.0;0.0
yf_ZW=F_d0;2900;INTARIAN_PEPPER_ROOT;10195;8;10193;16;;;10201;5;10203;21;;;10198.0;0.0
yf_ZW=F_d0;3000;ASH_COATED_OSMIUM;10039;10;10037;16;;;10048;14;10052;10;;;10043.5;0.0
yf_ZW=F_d0;3000;INTARIAN_PEPPER_ROOT;10193;16;10189;19;;;10199;15;10202;22;;;10196.0;0.0
yf_ZW=F_d0;3100;ASH_COATED_OSMIUM;10025;19;10021;28;;;10062;16;10066;19;;;10043.5;0.0
yf_ZW=F_d0;3100;INTARIAN_PEPPER_ROOT;10192;6;10189;23;;;10198;15;10201;19;;;10195.0;0.0
yf_ZW=F_d0;3200;ASH_COATED_OSMIUM;10040;15;10037;11;;;10046;14;10048;13;;;10043.0;0.0
yf_ZW=F_d0;3200;INTARIAN_PEPPER_ROOT;10184;19;10182;16;;;10205;5;10207;21;;;10194.5;0.0
yf_ZW=F_d0;3300;ASH_COATED_OSMIUM;10033;10;10029;23;;;10053;5;10056;17;;;10043.0;0.0
yf_ZW=F_d0;3300;INTARIAN_PEPPER_ROOT;10190;17;10186;25;;;10196;17;10200;22;;;10193.0;0.0
yf_ZW=F_d0;3400;ASH_COATED_OSMIUM;10039;10;10037;18;;;10045;7;10049;9;;;10042.0;0.0
yf_ZW=F_d0;3400;INTARIAN_PEPPER_ROOT;10188;14;10185;14;;;10194;16;10198;19;;;10191.0;0.0
yf_ZW=F_d0;3500;ASH_COATED_OSMIUM;10039;16;10036;17;;;10046;17;10050;18;;;10042.5;0.0
yf_ZW=F_d0;3500;INTARIAN_PEPPER_ROOT;10180;21;10177;17;;;10200;20;10202;16;;;10190.0;0.0
yf_ZW=F_d0;3600;ASH_COATED_OSMIUM;10039;18;10037;21;;;10045;16;10048;19;;;10042.0;0.0
yf_ZW=F_d0;3600;INTARIAN_PEPPER_ROOT;10185;14;10182;19;;;10191;15;10194;22;;;10188.0;0.0
yf_ZW=F_d0;3700;ASH_COATED_OSMIUM;10039;30;10035;26;;;10045;6;10049;21;;;10042.0;0.0
yf_ZW=F_d0;3700;INTARIAN_PEPPER_ROOT;10184;8;10181;25;;;10190;13;10192;24;;;10187.0;0.0
yf_ZW=F_d0;3800;ASH_COATED_OSMIUM;10039;7;10035;14;;;10045;20;10049;13;;;10042.0;0.0
yf_ZW=F_d0;3800;INTARIAN_PEPPER_ROOT;10162;13;10158;19;;;10209;21;10212;15;;;10185.5;0.0
yf_ZW=F_d0;3900;ASH_COATED_OSMIUM;10039;22;10035;14;;;10045;12;10048;17;;;10042.0;0.0
yf_ZW=F_d0;3900;INTARIAN_PEPPER_ROOT;10181;5;10178;18;;;10187;15;10189;21;;;10184.0;0.0
yf_ZW=F_d0;4000;ASH_COATED_OSMIUM;10039;12;10037;16;;;10045;17;10049;19;;;10042.0;0.0
yf_ZW=F_d0;4000;INTARIAN_PEPPER_ROOT;10173;15;10169;10;;;10194;25;10198;21;;;10183.5;0.0
yf_ZW=F_d0;4100;ASH_COATED_OSMIUM;10039;19;10037;26;;;10045;16;10049;18;;;10042.0;0.0
yf_ZW=F_d0;4100;INTARIAN_PEPPER_ROOT;10179;9;10177;21;;;10185;13;10189;20;;;10182.0;0.0
yf_ZW=F_d0;4200;ASH_COATED_OSMIUM;10036;20;10034;26;;;10047;13;10051;17;;;10041.5;0.0
yf_ZW=F_d0;4200;INTARIAN_PEPPER_ROOT;10168;22;10164;22;;;10192;5;10195;17;;;10180.0;0.0
yf_ZW=F_d0;4300;ASH_COATED_OSMIUM;10038;9;10036;19;;;10045;9;10049;20;;;10041.5;0.0
yf_ZW=F_d0;4300;INTARIAN_PEPPER_ROOT;10175;8;10171;21;;;10182;9;10185;16;;;10178.5;0.0
yf_ZW=F_d0;4400;ASH_COATED_OSMIUM;10039;7;10035;8;;;10045;10;10048;13;;;10042.0;0.0
yf_ZW=F_d0;4400;INTARIAN_PEPPER_ROOT;10174;19;10171;19;;;10180;16;10182;29;;;10177.0;0.0
yf_ZW=F_d0;4500;ASH_COATED_OSMIUM;10038;19;10036;15;;;10045;23;10047;24;;;10041.5;0.0
yf_ZW=F_d0;4500;INTARIAN_PEPPER_ROOT;10173;10;10170;24;;;10179;21;10183;20;;;10176.0;0.0
yf_ZW=F_d0;4600;ASH_COATED_OSMIUM;10038;7;10034;18;;;10044;17;10046;21;;;10041.0;0.0
yf_ZW=F_d0;4600;INTARIAN_PEPPER_ROOT;10171;19;10169;21;;;10177;16;10179;25;;;10174.0;0.0
yf_ZW=F_d0;4700;ASH_COATED_OSMIUM;10036;13;10032;24;;;10045;16;10047;16;;;10040.5;0.0
yf_ZW=F_d0;4700;INTARIAN_PEPPER_ROOT;10170;5;10168;28;;;10176;21;10180;24;;;10173.0;0.0
yf_ZW=F_d0;4800;ASH_COATED_OSMIUM;10038;13;10036;15;;;10044;11;10046;13;;;10041.0;0.0
yf_ZW=F_d0;4800;INTARIAN_PEPPER_ROOT;10169;17;10165;23;;;10176;12;10179;18;;;10172.5;0.0
yf_ZW=F_d0;4900;ASH_COATED_OSMIUM;10037;6;10034;21;;;10043;10;10047;23;;;10040.0;0.0
yf_ZW=F_d0;4900;INTARIAN_PEPPER_ROOT;10167;15;10164;30;;;10173;16;10176;13;;;10170.0;0.0
yf_ZW=F_d0;5000;ASH_COATED_OSMIUM;10037;19;10035;29;;;10043;19;10046;18;;;10040.0;0.0
yf_ZW=F_d0;5000;INTARIAN_PEPPER_ROOT;10165;7;10161;20;;;10173;10;10176;14;;;10169.0;0.0
yf_ZW=F_d0;5100;ASH_COATED_OSMIUM;10037;8;10035;14;;;10043;19;10045;20;;;10040.0;0.0
yf_ZW=F_d0;5100;INTARIAN_PEPPER_ROOT;10165;20;10161;25;;;10171;7;10174;25;;;10168.0;0.0
yf_ZW=F_d0;5200;ASH_COATED_OSMIUM;10037;9;10035;10;;;10044;14;10047;31;;;10040.5;0.0
yf_ZW=F_d0;5200;INTARIAN_PEPPER_ROOT;10161;21;10158;20;;;10172;16;10174;26;;;10166.5;0.0
yf_ZW=F_d0;5300;ASH_COATED_OSMIUM;10037;10;10034;21;;;10043;15;10045;19;;;10040.0;0.0
yf_ZW=F_d0;5300;INTARIAN_PEPPER_ROOT;10162;13;10158;22;;;10168;18;10171;19;;;10165.0;0.0
yf_ZW=F_d0;5400;ASH_COATED_OSMIUM;10037;9;10034;22;;;10043;13;10046;22;;;10040.0;0.0
yf_ZW=F_d0;5400;INTARIAN_PEPPER_ROOT;10160;19;10157;27;;;10166;13;10170;19;;;10163.0;0.0
yf_ZW=F_d0;5500;ASH_COATED_OSMIUM;10031;9;10029;10;;;10048;15;10052;25;;;10039.5;0.0
yf_ZW=F_d0;5500;INTARIAN_PEPPER_ROOT;10150;9;10147;25;;;10174;18;10177;23;;;10162.0;0.0
yf_ZW=F_d0;5600;ASH_COATED_OSMIUM;10036;14;10033;16;;;10042;19;10044;23;;;10039.0;0.0
yf_ZW=F_d0;5600;INTARIAN_PEPPER_ROOT;10154;18;10150;23;;;10168;16;10170;15;;;10161.0;0.0
yf_ZW=F_d0;5700;ASH_COATED_OSMIUM;10032;21;10029;22;;;10047;12;10050;20;;;10039.5;0.0
yf_ZW=F_d0;5700;INTARIAN_PEPPER_ROOT;10156;20;10153;19;;;10162;7;10164;23;;;10159.0;0.0
yf_ZW=F_d0;5800;ASH_COATED_OSMIUM;10036;18;10033;24;;;10042;17;10046;24;;;10039.0;0.0
yf_ZW=F_d0;5800;INTARIAN_PEPPER_ROOT;10155;20;10151;14;;;10161;13;10165;13;;;10158.0;0.0
yf_ZW=F_d0;5900;ASH_COATED_OSMIUM;10036;11;10032;16;;;10042;11;10046;17;;;10039.0;0.0
yf_ZW=F_d0;5900;INTARIAN_PEPPER_ROOT;10137;16;10134;23;;;10176;17;10180;14;;;10156.5;0.0
yf_ZW=F_d0;6000;ASH_COATED_OSMIUM;10023;15;10020;18;;;10054;14;10058;17;;;10038.5;0.0
yf_ZW=F_d0;6000;INTARIAN_PEPPER_ROOT;10152;19;10150;24;;;10158;14;10160;20;;;10155.0;0.0
yf_ZW=F_d0;6100;ASH_COATED_OSMIUM;10032;15;10028;23;;;10046;13;10049;24;;;10039.0;0.0
yf_ZW=F_d0;6100;INTARIAN_PEPPER_ROOT;10150;14;10147;18;;;10156;24;10158;16;;;10153.0;0.0
yf_ZW=F_d0;6200;ASH_COATED_OSMIUM;10032;22;10030;16;;;10046;27;10050;15;;;10039.0;0.0
yf_ZW=F_d0;6200;INTARIAN_PEPPER_ROOT;10150;13;10146;16;;;10156;8;10158;8;;;10153.0;0.0
yf_ZW=F_d0;6300;ASH_COATED_OSMIUM;10033;19;10031;18;;;10045;11;10047;23;;;10039.0;0.0
yf_ZW=F_d0;6300;INTARIAN_PEPPER_ROOT;10140;13;10137;21;;;10161;18;10165;16;;;10150.5;0.0
yf_ZW=F_d0;6400;ASH_COATED_OSMIUM;10035;18;10031;13;;;10041;15;10045;16;;;10038.0;0.0
yf_ZW=F_d0;6400;INTARIAN_PEPPER_ROOT;10147;16;10144;14;;;10153;17;10156;19;;;10150.0;0.0
yf_ZW=F_d0;6500;ASH_COATED_OSMIUM;10035;7;10033;14;;;10041;22;10044;20;;;10038.0;0.0
yf_ZW=F_d0;6500;INTARIAN_PEPPER_ROOT;10134;16;10130;16;;;10163;18;10167;24;;;10148.5;0.0
yf_ZW=F_d0;6600;ASH_COATED_OSMIUM;10036;6;10032;22;;;10042;7;10045;26;;;10039.0;0.0
yf_ZW=F_d0;6600;INTARIAN_PEPPER_ROOT;10137;16;10133;8;;;10156;17;10159;25;;;10146.5;0.0
yf_ZW=F_d0;6700;ASH_COATED_OSMIUM;10035;12;10031;22;;;10041;14;10045;9;;;10038.0;0.0
yf_ZW=F_d0;6700;INTARIAN_PEPPER_ROOT;10142;17;10140;15;;;10148;17;10150;17;;;10145.0;0.0
yf_ZW=F_d0;6800;ASH_COATED_OSMIUM;10035;8;10033;22;;;10041;15;10044;18;;;10038.0;0.0
yf_ZW=F_d0;6800;INTARIAN_PEPPER_ROOT;10138;17;10134;18;;;10150;17;10153;15;;;10144.0;0.0
yf_ZW=F_d0;6900;ASH_COATED_OSMIUM;10032;18;10029;23;;;10044;26;10048;13;;;10038.0;0.0
yf_ZW=F_d0;6900;INTARIAN_PEPPER_ROOT;10140;8;10136;16;;;10146;11;10148;23;;;10143.0;0.0
yf_ZW=F_d0;7000;ASH_COATED_OSMIUM;10035;12;10031;23;;;10041;16;10045;16;;;10038.0;0.0
yf_ZW=F_d0;7000;INTARIAN_PEPPER_ROOT;10129;14;10126;16;;;10154;15;10156;32;;;10141.5;0.0
yf_ZW=F_d0;7100;ASH_COATED_OSMIUM;10034;12;10032;16;;;10040;19;10043;24;;;10037.0;0.0
yf_ZW=F_d0;7100;INTARIAN_PEPPER_ROOT;10138;12;10136;18;;;10144;26;10146;26;;;10141.0;0.0
yf_ZW=F_d0;7200;ASH_COATED_OSMIUM;10035;14;10032;28;;;10041;18;10045;23;;;10038.0;0.0
yf_ZW=F_d0;7200;INTARIAN_PEPPER_ROOT;10132;20;10129;14;;;10144;12;10147;20;;;10138.0;0.0
yf_ZW=F_d0;7300;ASH_COATED_OSMIUM;10034;16;10032;21;;;10041;13;10045;19;;;10037.5;0.0
yf_ZW=F_d0;7300;INTARIAN_PEPPER_ROOT;10133;17;10129;18;;;10141;25;10144;26;;;10137.0;0.0
yf_ZW=F_d0;7400;ASH_COATED_OSMIUM;10034;13;10031;26;;;10040;15;10043;17;;;10037.0;0.0
yf_ZW=F_d0;7400;INTARIAN_PEPPER_ROOT;10132;23;10129;23;;;10139;15;10141;19;;;10135.5;0.0
yf_ZW=F_d0;7500;ASH_COATED_OSMIUM;10034;13;10031;18;;;10040;6;10043;13;;;10037.0;0.0
yf_ZW=F_d0;7500;INTARIAN_PEPPER_ROOT;10132;16;10130;27;;;10138;15;10140;17;;;10135.0;0.0
yf_ZW=F_d0;7600;ASH_COATED_OSMIUM;10034;17;10031;15;;;10040;13;10042;20;;;10037.0;0.0
yf_ZW=F_d0;7600;INTARIAN_PEPPER_ROOT;10130;18;10128;21;;;10136;11;10138;22;;;10133.0;0.0
yf_ZW=F_d0;7700;ASH_COATED_OSMIUM;10034;26;10032;24;;;10040;11;10044;17;;;10037.0;0.0
yf_ZW=F_d0;7700;INTARIAN_PEPPER_ROOT;10129;26;10127;24;;;10135;9;10139;21;;;10132.0;0.0
yf_ZW=F_d0;7800;ASH_COATED_OSMIUM;10034;9;10032;17;;;10041;15;10043;14;;;10037.5;0.0
yf_ZW=F_d0;7800;INTARIAN_PEPPER_ROOT;10128;15;10125;22;;;10134;18;10138;12;;;10131.0;0.0
yf_ZW=F_d0;7900;ASH_COATED_OSMIUM;10034;11;10032;22;;;10041;10;10044;20;;;10037.5;0.0
yf_ZW=F_d0;7900;INTARIAN_PEPPER_ROOT;10126;14;10122;23;;;10132;14;10135;19;;;10129.0;0.0
yf_ZW=F_d0;8000;ASH_COATED_OSMIUM;10033;22;10031;17;;;10039;13;10042;11;;;10036.0;0.0
yf_ZW=F_d0;8000;INTARIAN_PEPPER_ROOT;10125;18;10121;15;;;10131;11;10134;25;;;10128.0;0.0
yf_ZW=F_d0;8100;ASH_COATED_OSMIUM;10033;15;10030;17;;;10039;21;10043;23;;;10036.0;0.0
yf_ZW=F_d0;8100;INTARIAN_PEPPER_ROOT;10123;12;10119;26;;;10129;7;10133;21;;;10126.0;0.0
yf_ZW=F_d0;8200;ASH_COATED_OSMIUM;10032;18;10029;22;;;10038;19;10042;32;;;10035.0;0.0
yf_ZW=F_d0;8200;INTARIAN_PEPPER_ROOT;10122;20;10120;17;;;10128;12;10132;12;;;10125.0;0.0
yf_ZW=F_d0;8300;ASH_COATED_OSMIUM;10032;18;10029;19;;;10040;20;10043;19;;;10036.0;0.0
yf_ZW=F_d0;8300;INTARIAN_PEPPER_ROOT;10120;12;10117;11;;;10127;10;10130;16;;;10123.5;0.0
yf_ZW=F_d0;8400;ASH_COATED_OSMIUM;10021;12;10018;22;;;10050;11;10053;25;;;10035.5;0.0
yf_ZW=F_d0;8400;INTARIAN_PEPPER_ROOT;10115;11;10111;20;;;10130;13;10134;19;;;10122.5;0.0
yf_ZW=F_d0;8500;ASH_COATED_OSMIUM;10032;19;10030;22;;;10038;12;10041;25;;;10035.0;0.0
yf_ZW=F_d0;8500;INTARIAN_PEPPER_ROOT;10117;11;10114;22;;;10123;17;10125;17;;;10120.0;0.0
yf_ZW=F_d0;8600;ASH_COATED_OSMIUM;10032;6;10029;31;;;10038;7;10042;14;;;10035.0;0.0
yf_ZW=F_d0;8600;INTARIAN_PEPPER_ROOT;10113;18;10109;20;;;10126;16;10128;8;;;10119.5;0.0
yf_ZW=F_d0;8700;ASH_COATED_OSMIUM;10026;13;10022;25;;;10043;15;10046;17;;;10034.5;0.0
yf_ZW=F_d0;8700;INTARIAN_PEPPER_ROOT;10113;12;10111;15;;;10123;10;10126;24;;;10118.0;0.0
yf_ZW=F_d0;8800;ASH_COATED_OSMIUM;10029;5;10027;18;;;10041;14;10044;16;;;10035.0;0.0
yf_ZW=F_d0;8800;INTARIAN_PEPPER_ROOT;10111;16;10109;18;;;10122;17;10124;26;;;10116.5;0.0
yf_ZW=F_d0;8900;ASH_COATED_OSMIUM;10030;12;10027;21;;;10041;15;10043;21;;;10035.5;0.0
yf_ZW=F_d0;8900;INTARIAN_PEPPER_ROOT;10112;5;10108;12;;;10118;6;10121;20;;;10115.0;0.0
yf_ZW=F_d0;9000;ASH_COATED_OSMIUM;10031;12;10028;20;;;10037;12;10040;15;;;10034.0;0.0
yf_ZW=F_d0;9000;INTARIAN_PEPPER_ROOT;10111;13;10108;12;;;10117;24;10120;19;;;10114.0;0.0
yf_ZW=F_d0;9100;ASH_COATED_OSMIUM;10032;11;10030;23;;;10038;10;10041;15;;;10035.0;0.0
yf_ZW=F_d0;9100;INTARIAN_PEPPER_ROOT;10106;13;10103;24;;;10118;14;10122;25;;;10112.0;0.0
yf_ZW=F_d0;9200;ASH_COATED_OSMIUM;10031;14;10027;17;;;10037;13;10040;17;;;10034.0;0.0
yf_ZW=F_d0;9200;INTARIAN_PEPPER_ROOT;10108;17;10105;15;;;10114;5;10117;15;;;10111.0;0.0
yf_ZW=F_d0;9300;ASH_COATED_OSMIUM;10031;19;10027;14;;;10037;10;10041;20;;;10034.0;0.0
yf_ZW=F_d0;9300;INTARIAN_PEPPER_ROOT;10107;18;10105;15;;;10113;20;10116;15;;;10110.0;0.0
yf_ZW=F_d0;9400;ASH_COATED_OSMIUM;10031;21;10027;13;;;10037;15;10040;16;;;10034.0;0.0
yf_ZW=F_d0;9400;INTARIAN_PEPPER_ROOT;10102;15;10099;18;;;10114;20;10116;22;;;10108.0;0.0
yf_ZW=F_d0;9500;ASH_COATED_OSMIUM;10031;13;10027;23;;;10037;13;10039;20;;;10034.0;0.0
yf_ZW=F_d0;9500;INTARIAN_PEPPER_ROOT;10103;15;10101;23;;;10110;14;10113;18;;;10106.5;0.0
yf_ZW=F_d0;9600;ASH_COATED_OSMIUM;10027;11;10023;14;;;10040;17;10042;25;;;10033.5;0.0
yf_ZW=F_d0;9600;INTARIAN_PEPPER_ROOT;10095;10;10093;15;;;10116;7;10118;22;;;10105.5;0.0
yf_ZW=F_d0;9700;ASH_COATED_OSMIUM;10031;17;10029;8;;;10037;21;10041;11;;;10034.0;0.0
yf_ZW=F_d0;9700;INTARIAN_PEPPER_ROOT;10101;11;10098;20;;;10107;13;10110;18;;;10104.0;0.0
yf_ZW=F_d0;9800;ASH_COATED_OSMIUM;10027;13;10024;11;;;10039;16;10041;22;;;10033.0;0.0
yf_ZW=F_d0;9800;INTARIAN_PEPPER_ROOT;10099;14;10096;21;;;10106;18;10110;26;;;10102.5;0.0
yf_ZW=F_d0;9900;ASH_COATED_OSMIUM;10030;15;10028;22;;;10036;5;10039;18;;;10033.0;0.0
yf_ZW=F_d0;9900;INTARIAN_PEPPER_ROOT;10089;20;10086;23;;;10112;10;10116;16;;;10100.5;0.0
yf_ZW=F_d0;10000;ASH_COATED_OSMIUM;10030;21;10028;16;;;10036;19;10040;12;;;10033.0;0.0
yf_ZW=F_d0;10000;INTARIAN_PEPPER_ROOT;10097;20;10095;21;;;10103;16;10106;16;;;10100.0;0.0
yf_ZW=F_d0;10100;ASH_COATED_OSMIUM;10029;7;10026;30;;;10037;13;10040;23;;;10033.0;0.0
yf_ZW=F_d0;10100;INTARIAN_PEPPER_ROOT;10095;10;10092;20;;;10101;14;10104;14;;;10098.0;0.0
yf_ZW=F_d0;10200;ASH_COATED_OSMIUM;10030;15;10026;13;;;10036;22;10040;15;;;10033.0;0.0
yf_ZW=F_d0;10200;INTARIAN_PEPPER_ROOT;10094;18;10091;30;;;10100;20;10103;15;;;10097.0;0.0
yf_ZW=F_d0;10300;ASH_COATED_OSMIUM;10027;17;10024;20;;;10037;5;10040;19;;;10032.0;0.0
yf_ZW=F_d0;10300;INTARIAN_PEPPER_ROOT;10092;8;10089;26;;;10100;16;10102;27;;;10096.0;0.0
yf_ZW=F_d0;10400;ASH_COATED_OSMIUM;10030;22;10028;22;;;10036;9;10039;13;;;10033.0;0.0
yf_ZW=F_d0;10400;INTARIAN_PEPPER_ROOT;10091;10;10088;22;;;10098;17;10102;20;;;10094.5;0.0
yf_ZW=F_d0;10500;ASH_COATED_OSMIUM;10029;22;10025;28;;;10035;19;10039;13;;;10032.0;0.0
yf_ZW=F_d0;10500;INTARIAN_PEPPER_ROOT;10090;16;10087;28;;;10096;10;10100;23;;;10093.0;0.0
yf_ZW=F_d0;10600;ASH_COATED_OSMIUM;10028;9;10025;23;;;10036;19;10038;14;;;10032.0;0.0
yf_ZW=F_d0;10600;INTARIAN_PEPPER_ROOT;10088;7;10086;20;;;10094;15;10098;26;;;10091.0;0.0
yf_ZW=F_d0;10700;ASH_COATED_OSMIUM;10029;6;10026;23;;;10035;19;10038;17;;;10032.0;0.0
yf_ZW=F_d0;10700;INTARIAN_PEPPER_ROOT;10087;5;10084;20;;;10093;10;10095;12;;;10090.0;0.0
yf_ZW=F_d0;10800;ASH_COATED_OSMIUM;10021;5;10018;18;;;10042;24;10046;15;;;10031.5;0.0
yf_ZW=F_d0;10800;INTARIAN_PEPPER_ROOT;10086;10;10082;22;;;10092;12;10095;19;;;10089.0;0.0
yf_ZW=F_d0;10900;ASH_COATED_OSMIUM;10029;25;10027;8;;;10035;11;10037;10;;;10032.0;0.0
yf_ZW=F_d0;10900;INTARIAN_PEPPER_ROOT;10082;22;10080;15;;;10093;17;10095;23;;;10087.5;0.0
yf_ZW=F_d0;11000;ASH_COATED_OSMIUM;10029;20;10025;14;;;10035;14;10039;14;;;10032.0;0.0
yf_ZW=F_d0;11000;INTARIAN_PEPPER_ROOT;10084;22;10082;18;;;10090;12;10093;17;;;10087.0;0.0
yf_ZW=F_d0;11100;ASH_COATED_OSMIUM;10028;14;10026;17;;;10034;15;10037;24;;;10031.0;0.0
yf_ZW=F_d0;11100;INTARIAN_PEPPER_ROOT;10082;21;10078;20;;;10088;23;10092;22;;;10085.0;0.0
yf_ZW=F_d0;11200;ASH_COATED_OSMIUM;10026;15;10022;13;;;10038;11;10042;13;;;10032.0;0.0
yf_ZW=F_d0;11200;INTARIAN_PEPPER_ROOT;10080;11;10076;17;;;10086;14;10090;8;;;10083.0;0.0
yf_ZW=F_d0;11300;ASH_COATED_OSMIUM;10028;7;10026;24;;;10034;9;10036;20;;;10031.0;0.0
yf_ZW=F_d0;11300;INTARIAN_PEPPER_ROOT;10079;11;10075;10;;;10085;16;10087;15;;;10082.0;0.0
yf_ZW=F_d0;11400;ASH_COATED_OSMIUM;10026;26;10023;14;;;10035;10;10038;23;;;10030.5;0.0
yf_ZW=F_d0;11400;INTARIAN_PEPPER_ROOT;10078;16;10074;19;;;10084;10;10088;26;;;10081.0;0.0
yf_ZW=F_d0;11500;ASH_COATED_OSMIUM;10028;10;10024;12;;;10034;15;10036;12;;;10031.0;0.0
yf_ZW=F_d0;11500;INTARIAN_PEPPER_ROOT;10076;14;10074;17;;;10082;10;10084;15;;;10079.0;0.0
yf_ZW=F_d0;11600;ASH_COATED_OSMIUM;10028;8;10026;20;;;10034;14;10036;19;;;10031.0;0.0
yf_ZW=F_d0;11600;INTARIAN_PEPPER_ROOT;10066;19;10062;27;;;10091;19;10094;21;;;10078.5;0.0
yf_ZW=F_d0;11700;ASH_COATED_OSMIUM;10028;11;10024;19;;;10034;19;10036;20;;;10031.0;0.0
yf_ZW=F_d0;11700;INTARIAN_PEPPER_ROOT;10074;9;10072;15;;;10080;16;10082;17;;;10077.0;0.0
yf_ZW=F_d0;11800;ASH_COATED_OSMIUM;10024;14;10021;17;;;10036;17;10040;21;;;10030.0;0.0
yf_ZW=F_d0;11800;INTARIAN_PEPPER_ROOT;10072;17;10070;17;;;10078;6;10080;15;;;10075.0;0.0
yf_ZW=F_d0;11900;ASH_COATED_OSMIUM;10027;16;10024;20;;;10033;12;10035;26;;;10030.0;0.0
yf_ZW=F_d0;11900;INTARIAN_PEPPER_ROOT;10070;15;10068;19;;;10077;5;10079;18;;;10073.5;0.0
yf_ZW=F_d0;12000;ASH_COATED_OSMIUM;10027;22;10025;20;;;10033;6;10037;10;;;10030.0;0.0
yf_ZW=F_d0;12000;INTARIAN_PEPPER_ROOT;10069;11;10065;19;;;10075;16;10078;22;;;10072.0;0.0
yf_ZW=F_d0;12100;ASH_COATED_OSMIUM;10027;15;10025;13;;;10033;13;10035;14;;;10030.0;0.0
yf_ZW=F_d0;12100;INTARIAN_PEPPER_ROOT;10064;23;10060;16;;;10078;14;10081;15;;;10071.0;0.0
yf_ZW=F_d0;12200;ASH_COATED_OSMIUM;10027;9;10024;20;;;10033;14;10037;14;;;10030.0;0.0
yf_ZW=F_d0;12200;INTARIAN_PEPPER_ROOT;10067;13;10065;22;;;10073;20;10077;17;;;10070.0;0.0
yf_ZW=F_d0;12300;ASH_COATED_OSMIUM;10027;19;10024;19;;;10033;13;10037;21;;;10030.0;0.0
yf_ZW=F_d0;12300;INTARIAN_PEPPER_ROOT;10058;11;10054;22;;;10079;9;10081;25;;;10068.5;0.0
yf_ZW=F_d0;12400;ASH_COATED_OSMIUM;10026;15;10023;25;;;10033;9;10036;19;;;10029.5;0.0
yf_ZW=F_d0;12400;INTARIAN_PEPPER_ROOT;10064;8;10062;18;;;10070;17;10074;13;;;10067.0;0.0
yf_ZW=F_d0;12500;ASH_COATED_OSMIUM;10017;20;10013;19;;;10041;10;10044;21;;;10029.0;0.0
yf_ZW=F_d0;12500;INTARIAN_PEPPER_ROOT;10062;19;10059;15;;;10068;15;10072;26;;;10065.0;0.0
yf_ZW=F_d0;12600;ASH_COATED_OSMIUM;10026;16;10022;15;;;10032;22;10036;21;;;10029.0;0.0
yf_ZW=F_d0;12600;INTARIAN_PEPPER_ROOT;10061;13;10058;16;;;10067;13;10071;33;;;10064.0;0.0
yf_ZW=F_d0;12700;ASH_COATED_OSMIUM;10026;12;10022;23;;;10032;17;10036;18;;;10029.0;0.0
yf_ZW=F_d0;12700;INTARIAN_PEPPER_ROOT;10060;15;10056;17;;;10066;6;10069;22;;;10063.0;0.0
yf_ZW=F_d0;12800;ASH_COATED_OSMIUM;10026;12;10023;19;;;10032;14;10035;9;;;10029.0;0.0
yf_ZW=F_d0;12800;INTARIAN_PEPPER_ROOT;10058;9;10056;17;;;10064;19;10067;15;;;10061.0;0.0
yf_ZW=F_d0;12900;ASH_COATED_OSMIUM;10025;19;10022;23;;;10031;20;10033;25;;;10028.0;0.0
yf_ZW=F_d0;12900;INTARIAN_PEPPER_ROOT;10057;6;10055;23;;;10063;8;10067;22;;;10060.0;0.0
yf_ZW=F_d0;13000;ASH_COATED_OSMIUM;10021;17;10018;23;;;10035;26;10038;26;;;10028.0;0.0
yf_ZW=F_d0;13000;INTARIAN_PEPPER_ROOT;10055;11;10053;23;;;10064;16;10067;22;;;10059.5;0.0
yf_ZW=F_d0;13100;ASH_COATED_OSMIUM;10026;5;10022;18;;;10032;6;10036;12;;;10029.0;0.0
yf_ZW=F_d0;13100;INTARIAN_PEPPER_ROOT;10054;15;10050;24;;;10060;14;10063;23;;;10057.0;0.0
yf_ZW=F_d0;13200;ASH_COATED_OSMIUM;10025;13;10021;26;;;10031;19;10034;18;;;10028.0;0.0
yf_ZW=F_d0;13200;INTARIAN_PEPPER_ROOT;10047;11;10045;16;;;10066;13;10070;12;;;10056.5;0.0
yf_ZW=F_d0;13300;ASH_COATED_OSMIUM;10025;13;10021;21;;;10031;23;10034;19;;;10028.0;0.0
yf_ZW=F_d0;13300;INTARIAN_PEPPER_ROOT;10049;17;10045;21;;;10058;24;10062;22;;;10053.5;0.0
yf_ZW=F_d0;13400;ASH_COATED_OSMIUM;10023;13;10020;21;;;10034;11;10036;9;;;10028.5;0.0
yf_ZW=F_d0;13400;INTARIAN_PEPPER_ROOT;10049;18;10046;23;;;10055;9;10058;11;;;10052.0;0.0
yf_ZW=F_d0;13500;ASH_COATED_OSMIUM;10023;23;10021;22;;;10032;10;10036;20;;;10027.5;0.0
yf_ZW=F_d0;13500;INTARIAN_PEPPER_ROOT;10048;5;10044;13;;;10054;10;10057;19;;;10051.0;0.0
yf_ZW=F_d0;13600;ASH_COATED_OSMIUM;10022;12;10018;16;;;10033;10;10036;18;;;10027.5;0.0
yf_ZW=F_d0;13600;INTARIAN_PEPPER_ROOT;10047;17;10045;23;;;10053;19;10056;15;;;10050.0;0.0
yf_ZW=F_d0;13700;ASH_COATED_OSMIUM;10025;19;10023;15;;;10031;17;10033;26;;;10028.0;0.0
yf_ZW=F_d0;13700;INTARIAN_PEPPER_ROOT;10046;13;10042;15;;;10052;20;10056;20;;;10049.0;0.0
yf_ZW=F_d0;13800;ASH_COATED_OSMIUM;10022;14;10018;24;;;10031;14;10033;16;;;10026.5;0.0
yf_ZW=F_d0;13800;INTARIAN_PEPPER_ROOT;10044;22;10040;15;;;10050;9;10054;21;;;10047.0;0.0
yf_ZW=F_d0;13900;ASH_COATED_OSMIUM;10019;20;10016;20;;;10036;14;10039;12;;;10027.5;0.0
yf_ZW=F_d0;13900;INTARIAN_PEPPER_ROOT;10043;16;10040;16;;;10049;18;10052;20;;;10046.0;0.0
yf_ZW=F_d0;14000;ASH_COATED_OSMIUM;10024;10;10022;16;;;10030;14;10034;13;;;10027.0;0.0
yf_ZW=F_d0;14000;INTARIAN_PEPPER_ROOT;10042;14;10039;19;;;10048;15;10052;17;;;10045.0;0.0
yf_ZW=F_d0;14100;ASH_COATED_OSMIUM;10023;15;10019;9;;;10032;26;10035;12;;;10027.5;0.0
yf_ZW=F_d0;14100;INTARIAN_PEPPER_ROOT;10041;23;10038;16;;;10047;9;10050;20;;;10044.0;0.0
yf_ZW=F_d0;14200;ASH_COATED_OSMIUM;10023;14;10020;27;;;10031;18;10033;14;;;10027.0;0.0
yf_ZW=F_d0;14200;INTARIAN_PEPPER_ROOT;10039;18;10035;16;;;10045;12;10048;27;;;10042.0;0.0
yf_ZW=F_d0;14300;ASH_COATED_OSMIUM;10024;17;10022;15;;;10030;9;10032;15;;;10027.0;0.0
yf_ZW=F_d0;14300;INTARIAN_PEPPER_ROOT;10038;21;10034;15;;;10044;22;10047;29;;;10041.0;0.0
yf_ZW=F_d0;14400;ASH_COATED_OSMIUM;10023;10;10020;17;;;10029;12;10033;20;;;10026.0;0.0
yf_ZW=F_d0;14400;INTARIAN_PEPPER_ROOT;10036;14;10032;17;;;10042;12;10046;27;;;10039.0;0.0
yf_ZW=F_d0;14500;ASH_COATED_OSMIUM;10023;16;10019;25;;;10029;13;10033;27;;;10026.0;0.0
yf_ZW=F_d0;14500;INTARIAN_PEPPER_ROOT;10021;17;10018;23;;;10056;19;10058;25;;;10038.5;0.0
yf_ZW=F_d0;14600;ASH_COATED_OSMIUM;10022;15;10018;19;;;10028;21;10032;23;;;10025.0;0.0
yf_ZW=F_d0;14600;INTARIAN_PEPPER_ROOT;10029;10;10025;23;;;10043;16;10045;14;;;10036.0;0.0
yf_ZW=F_d0;14700;ASH_COATED_OSMIUM;10017;19;10015;12;;;10036;16;10039;14;;;10026.5;0.0
yf_ZW=F_d0;14700;INTARIAN_PEPPER_ROOT;10032;23;10029;17;;;10038;5;10042;19;;;10035.0;0.0
yf_ZW=F_d0;14800;ASH_COATED_OSMIUM;10022;14;10018;17;;;10028;11;10032;25;;;10025.0;0.0
yf_ZW=F_d0;14800;INTARIAN_PEPPER_ROOT;10028;16;10024;18;;;10041;20;10043;22;;;10034.5;0.0
yf_ZW=F_d0;14900;ASH_COATED_OSMIUM;10023;14;10020;18;;;10029;18;10031;17;;;10026.0;0.0
yf_ZW=F_d0;14900;INTARIAN_PEPPER_ROOT;10026;10;10023;17;;;10038;11;10041;18;;;10032.0;0.0
yf_ZW=F_d0;15000;ASH_COATED_OSMIUM;10023;12;10020;23;;;10029;21;10032;31;;;10026.0;0.0
yf_ZW=F_d0;15000;INTARIAN_PEPPER_ROOT;10028;7;10026;14;;;10034;28;10036;13;;;10031.0;0.0
yf_ZW=F_d0;15100;ASH_COATED_OSMIUM;10016;30;10014;16;;;10036;18;10038;16;;;10026.0;0.0
yf_ZW=F_d0;15100;INTARIAN_PEPPER_ROOT;10013;7;10010;18;;;10045;5;10047;13;;;10029.0;0.0
yf_ZW=F_d0;15200;ASH_COATED_OSMIUM;10022;20;10019;20;;;10028;25;10030;16;;;10025.0;0.0
yf_ZW=F_d0;15200;INTARIAN_PEPPER_ROOT;10025;18;10023;13;;;10031;20;10034;24;;;10028.0;0.0
yf_ZW=F_d0;15300;ASH_COATED_OSMIUM;10004;5;10000;19;;;10046;10;10050;24;;;10025.0;0.0
yf_ZW=F_d0;15300;INTARIAN_PEPPER_ROOT;10024;8;10020;21;;;10030;6;10034;23;;;10027.0;0.0
yf_ZW=F_d0;15400;ASH_COATED_OSMIUM;10015;11;10011;25;;;10034;10;10037;23;;;10024.5;0.0
yf_ZW=F_d0;15400;INTARIAN_PEPPER_ROOT;10022;12;10019;14;;;10028;7;10031;21;;;10025.0;0.0
yf_ZW=F_d0;15500;ASH_COATED_OSMIUM;10021;14;10019;19;;;10029;19;10032;22;;;10025.0;0.0
yf_ZW=F_d0;15500;INTARIAN_PEPPER_ROOT;10021;20;10018;35;;;10027;27;10031;16;;;10024.0;0.0
yf_ZW=F_d0;15600;ASH_COATED_OSMIUM;10021;19;10019;23;;;10031;5;10034;20;;;10026.0;0.0
yf_ZW=F_d0;15600;INTARIAN_PEPPER_ROOT;10020;18;10018;22;;;10026;22;10030;18;;;10023.0;0.0
yf_ZW=F_d0;15700;ASH_COATED_OSMIUM;10019;14;10016;13;;;10030;11;10032;15;;;10024.5;0.0
yf_ZW=F_d0;15700;INTARIAN_PEPPER_ROOT;10014;12;10012;8;;;10028;16;10032;19;;;10021.0;0.0
yf_ZW=F_d0;15800;ASH_COATED_OSMIUM;10014;19;10011;31;;;10036;14;10039;27;;;10025.0;0.0
yf_ZW=F_d0;15800;INTARIAN_PEPPER_ROOT;10015;13;10012;15;;;10024;21;10026;18;;;10019.5;0.0
yf_ZW=F_d0;15900;ASH_COATED_OSMIUM;10019;18;10015;27;;;10030;13;10032;22;;;10024.5;0.0
yf_ZW=F_d0;15900;INTARIAN_PEPPER_ROOT;10015;11;10013;18;;;10021;15;10023;26;;;10018.0;0.0
yf_ZW=F_d0;16000;ASH_COATED_OSMIUM;10021;14;10017;13;;;10027;13;10031;24;;;10024.0;0.0
yf_ZW=F_d0;16000;INTARIAN_PEPPER_ROOT;10014;8;10012;18;;;10020;12;10024;9;;;10017.0;0.0
yf_ZW=F_d0;16100;ASH_COATED_OSMIUM;10022;11;10018;20;;;10028;11;10031;23;;;10025.0;0.0
yf_ZW=F_d0;16100;INTARIAN_PEPPER_ROOT;10013;10;10011;24;;;10019;8;10023;18;;;10016.0;0.0
yf_ZW=F_d0;16200;ASH_COATED_OSMIUM;10021;7;10018;16;;;10027;11;10031;18;;;10024.0;0.0
yf_ZW=F_d0;16200;INTARIAN_PEPPER_ROOT;10011;8;10007;14;;;10017;6;10019;19;;;10014.0;0.0
yf_ZW=F_d0;16300;ASH_COATED_OSMIUM;10018;25;10016;20;;;10029;16;10032;23;;;10023.5;0.0
yf_ZW=F_d0;16300;INTARIAN_PEPPER_ROOT;10010;14;10008;17;;;10016;12;10019;27;;;10013.0;0.0
yf_ZW=F_d0;16400;ASH_COATED_OSMIUM;10020;19;10017;15;;;10026;15;10029;10;;;10023.0;0.0
yf_ZW=F_d0;16400;INTARIAN_PEPPER_ROOT;10008;15;10005;25;;;10015;21;10017;10;;;10011.5;0.0
yf_ZW=F_d0;16500;ASH_COATED_OSMIUM;10020;14;10018;27;;;10026;17;10029;17;;;10023.0;0.0
yf_ZW=F_d0;16500;INTARIAN_PEPPER_ROOT;10002;23;9999;8;;;10017;18;10021;14;;;10009.5;0.0
yf_ZW=F_d0;16600;ASH_COATED_OSMIUM;10020;11;10018;17;;;10026;5;10030;18;;;10023.0;0.0
yf_ZW=F_d0;16600;INTARIAN_PEPPER_ROOT;9993;25;9989;16;;;10025;10;10028;19;;;10009.0;0.0
yf_ZW=F_d0;16700;ASH_COATED_OSMIUM;10017;18;10015;18;;;10030;18;10033;22;;;10023.5;0.0
yf_ZW=F_d0;16700;INTARIAN_PEPPER_ROOT;10000;11;9997;21;;;10014;13;10018;14;;;10007.0;0.0
yf_ZW=F_d0;16800;ASH_COATED_OSMIUM;10018;16;10015;19;;;10028;13;10032;20;;;10023.0;0.0
yf_ZW=F_d0;16800;INTARIAN_PEPPER_ROOT;9996;15;9993;20;;;10015;13;10017;15;;;10005.5;0.0
yf_ZW=F_d0;16900;ASH_COATED_OSMIUM;10018;16;10014;15;;;10027;16;10031;19;;;10022.5;0.0
yf_ZW=F_d0;16900;INTARIAN_PEPPER_ROOT;9996;11;9992;21;;;10014;11;10017;17;;;10005.0;0.0
yf_ZW=F_d0;17000;ASH_COATED_OSMIUM;10011;7;10008;26;;;10036;10;10040;15;;;10023.5;0.0
yf_ZW=F_d0;17000;INTARIAN_PEPPER_ROOT;9998;19;9996;19;;;10010;15;10014;19;;;10004.0;0.0
yf_ZW=F_d0;17100;ASH_COATED_OSMIUM;10019;17;10017;17;;;10025;11;10029;18;;;10022.0;0.0
yf_ZW=F_d0;17100;INTARIAN_PEPPER_ROOT;9996;15;9993;15;;;10012;15;10016;17;;;10004.0;0.0
yf_ZW=F_d0;17200;ASH_COATED_OSMIUM;10020;24;10017;25;;;10026;17;10028;23;;;10023.0;0.0
yf_ZW=F_d0;17200;INTARIAN_PEPPER_ROOT;10001;16;9997;28;;;10007;15;10011;25;;;10004.0;0.0
yf_ZW=F_d0;17300;ASH_COATED_OSMIUM;10020;15;10018;23;;;10026;9;10028;24;;;10023.0;0.0
yf_ZW=F_d0;17300;INTARIAN_PEPPER_ROOT;10001;13;9999;21;;;10008;15;10011;19;;;10004.5;0.0
yf_ZW=F_d0;17400;ASH_COATED_OSMIUM;10020;8;10018;18;;;10026;15;10029;16;;;10023.0;0.0
yf_ZW=F_d0;17400;INTARIAN_PEPPER_ROOT;10001;7;9998;18;;;10007;18;10011;14;;;10004.0;0.0
yf_ZW=F_d0;17500;ASH_COATED_OSMIUM;10019;17;10016;21;;;10027;9;10031;24;;;10023.0;0.0
yf_ZW=F_d0;17500;INTARIAN_PEPPER_ROOT;10001;6;9999;14;;;10007;11;10009;24;;;10004.0;0.0
yf_ZW=F_d0;17600;ASH_COATED_OSMIUM;10020;10;10016;17;;;10026;9;10030;19;;;10023.0;0.0
yf_ZW=F_d0;17600;INTARIAN_PEPPER_ROOT;10001;22;9997;22;;;10007;15;10011;23;;;10004.0;0.0
yf_ZW=F_d0;17700;ASH_COATED_OSMIUM;10020;16;10016;11;;;10026;13;10030;23;;;10023.0;0.0
yf_ZW=F_d0;17700;INTARIAN_PEPPER_ROOT;9999;5;9995;14;;;10009;9;10012;29;;;10004.0;0.0
yf_ZW=F_d0;17800;ASH_COATED_OSMIUM;10021;18;10019;12;;;10027;11;10030;16;;;10024.0;0.0
yf_ZW=F_d0;17800;INTARIAN_PEPPER_ROOT;10001;18;9997;14;;;10007;6;10010;24;;;10004.0;0.0
yf_ZW=F_d0;17900;ASH_COATED_OSMIUM;10018;10;10016;21;;;10028;12;10030;12;;;10023.0;0.0
yf_ZW=F_d0;17900;INTARIAN_PEPPER_ROOT;9996;9;9994;22;;;10012;12;10016;28;;;10004.0;0.0
yf_ZW=F_d0;18000;ASH_COATED_OSMIUM;10021;10;10017;28;;;10027;7;10029;15;;;10024.0;0.0
yf_ZW=F_d0;18000;INTARIAN_PEPPER_ROOT;10000;20;9998;30;;;10006;12;10010;25;;;10003.0;0.0
yf_ZW=F_d0;18100;ASH_COATED_OSMIUM;10020;5;10017;22;;;10026;13;10030;16;;;10023.0;0.0
yf_ZW=F_d0;18100;INTARIAN_PEPPER_ROOT;10001;12;9999;8;;;10007;9;10011;22;;;10004.0;0.0
yf_ZW=F_d0;18200;ASH_COATED_OSMIUM;10021;11;10019;27;;;10027;18;10031;13;;;10024.0;0.0
yf_ZW=F_d0;18200;INTARIAN_PEPPER_ROOT;10001;15;9999;24;;;10007;11;10011;16;;;10004.0;0.0
yf_ZW=F_d0;18300;ASH_COATED_OSMIUM;10021;14;10019;15;;;10027;19;10029;24;;;10024.0;0.0
yf_ZW=F_d0;18300;INTARIAN_PEPPER_ROOT;10000;21;9997;25;;;10006;13;10010;16;;;10003.0;0.0
yf_ZW=F_d0;18400;ASH_COATED_OSMIUM;10020;5;10018;27;;;10026;15;10030;17;;;10023.0;0.0
yf_ZW=F_d0;18400;INTARIAN_PEPPER_ROOT;10001;18;9998;19;;;10007;17;10009;8;;;10004.0;0.0
yf_ZW=F_d0;18500;ASH_COATED_OSMIUM;10020;20;10018;18;;;10026;12;10029;19;;;10023.0;0.0
yf_ZW=F_d0;18500;INTARIAN_PEPPER_ROOT;10000;8;9996;18;;;10007;20;10009;16;;;10003.5;0.0
yf_ZW=F_d0;18600;ASH_COATED_OSMIUM;10020;13;10016;23;;;10027;17;10030;26;;;10023.5;0.0
yf_ZW=F_d0;18600;INTARIAN_PEPPER_ROOT;10000;6;9997;11;;;10006;15;10010;20;;;10003.0;0.0
yf_ZW=F_d0;18700;ASH_COATED_OSMIUM;10020;14;10018;15;;;10028;12;10032;20;;;10024.0;0.0
yf_ZW=F_d0;18700;INTARIAN_PEPPER_ROOT;9998;17;9994;20;;;10009;17;10012;17;;;10003.5;0.0
yf_ZW=F_d0;18800;ASH_COATED_OSMIUM;10020;13;10018;18;;;10029;19;10032;18;;;10024.5;0.0
yf_ZW=F_d0;18800;INTARIAN_PEPPER_ROOT;9996;12;9994;20;;;10011;23;10014;15;;;10003.5;0.0
yf_ZW=F_d0;18900;ASH_COATED_OSMIUM;10022;13;10019;21;;;10028;27;10031;16;;;10025.0;0.0
yf_ZW=F_d0;18900;INTARIAN_PEPPER_ROOT;9992;14;9988;17;;;10015;12;10018;17;;;10003.5;0.0
yf_ZW=F_d0;19000;ASH_COATED_OSMIUM;10021;11;10017;20;;;10028;17;10032;26;;;10024.5;0.0
yf_ZW=F_d0;19000;INTARIAN_PEPPER_ROOT;10001;8;9997;25;;;10007;15;10009;25;;;10004.0;0.0
yf_ZW=F_d0;19100;ASH_COATED_OSMIUM;10019;20;10015;26;;;10029;20;10031;15;;;10024.0;0.0
yf_ZW=F_d0;19100;INTARIAN_PEPPER_ROOT;9992;13;9989;11;;;10016;19;10019;19;;;10004.0;0.0
yf_ZW=F_d0;19200;ASH_COATED_OSMIUM;10018;16;10014;13;;;10032;14;10034;19;;;10025.0;0.0
yf_ZW=F_d0;19200;INTARIAN_PEPPER_ROOT;9987;16;9983;23;;;10020;13;10023;26;;;10003.5;0.0
yf_ZW=F_d0;19300;ASH_COATED_OSMIUM;10021;6;10017;25;;;10027;15;10030;19;;;10024.0;0.0
yf_ZW=F_d0;19300;INTARIAN_PEPPER_ROOT;10000;14;9996;26;;;10006;15;10010;21;;;10003.0;0.0
yf_ZW=F_d0;19400;ASH_COATED_OSMIUM;10018;9;10016;20;;;10030;10;10034;20;;;10024.0;0.0
yf_ZW=F_d0;19400;INTARIAN_PEPPER_ROOT;10000;16;9996;16;;;10008;13;10012;23;;;10004.0;0.0
yf_ZW=F_d0;19500;ASH_COATED_OSMIUM;10020;15;10016;29;;;10029;6;10031;15;;;10024.5;0.0
yf_ZW=F_d0;19500;INTARIAN_PEPPER_ROOT;9995;5;9993;17;;;10012;24;10014;25;;;10003.5;0.0
yf_ZW=F_d0;19600;ASH_COATED_OSMIUM;10016;18;10014;13;;;10032;17;10036;20;;;10024.0;0.0
yf_ZW=F_d0;19600;INTARIAN_PEPPER_ROOT;9998;5;9994;25;;;10008;15;10011;21;;;10003.0;0.0
yf_ZW=F_d0;19700;ASH_COATED_OSMIUM;10021;9;10018;18;;;10027;8;10031;21;;;10024.0;0.0
yf_ZW=F_d0;19700;INTARIAN_PEPPER_ROOT;10000;13;9997;16;;;10006;17;10010;28;;;10003.0;0.0
yf_ZW=F_d0;19800;ASH_COATED_OSMIUM;10022;13;10019;9;;;10028;10;10031;22;;;10025.0;0.0
yf_ZW=F_d0;19800;INTARIAN_PEPPER_ROOT;10000;15;9997;10;;;10006;21;10008;23;;;10003.0;0.0
yf_ZW=F_d0;19900;ASH_COATED_OSMIUM;10022;9;10019;23;;;10028;18;10030;12;;;10025.0;0.0
yf_ZW=F_d0;19900;INTARIAN_PEPPER_ROOT;10000;14;9998;12;;;10006;9;10009;21;;;10003.0;0.0
yf_ZW=F_d0;20000;ASH_COATED_OSMIUM;10022;8;10020;17;;;10028;16;10030;24;;;10025.0;0.0
yf_ZW=F_d0;20000;INTARIAN_PEPPER_ROOT;9999;16;9996;18;;;10006;6;10009;22;;;10002.5;0.0
yf_ZW=F_d0;20100;ASH_COATED_OSMIUM;10022;11;10020;17;;;10028;14;10031;19;;;10025.0;0.0
yf_ZW=F_d0;20100;INTARIAN_PEPPER_ROOT;10000;14;9997;16;;;10006;11;10008;25;;;10003.0;0.0
yf_ZW=F_d0;20200;ASH_COATED_OSMIUM;10020;11;10017;23;;;10030;18;10033;24;;;10025.0;0.0
yf_ZW=F_d0;20200;INTARIAN_PEPPER_ROOT;10000;20;9997;17;;;10006;15;10008;12;;;10003.0;0.0
yf_ZW=F_d0;20300;ASH_COATED_OSMIUM;10022;13;10019;22;;;10028;18;10032;24;;;10025.0;0.0
yf_ZW=F_d0;20300;INTARIAN_PEPPER_ROOT;10000;10;9998;13;;;10006;7;10008;29;;;10003.0;0.0
yf_ZW=F_d0;20400;ASH_COATED_OSMIUM;10022;15;10018;14;;;10028;17;10032;18;;;10025.0;0.0
yf_ZW=F_d0;20400;INTARIAN_PEPPER_ROOT;10000;7;9998;22;;;10006;7;10008;17;;;10003.0;0.0
yf_ZW=F_d0;20500;ASH_COATED_OSMIUM;10022;19;10020;20;;;10028;16;10032;18;;;10025.0;0.0
yf_ZW=F_d0;20500;INTARIAN_PEPPER_ROOT;10000;10;9998;21;;;10006;13;10009;17;;;10003.0;0.0
yf_ZW=F_d0;20600;ASH_COATED_OSMIUM;10015;22;10011;27;;;10036;18;10038;16;;;10025.5;0.0
yf_ZW=F_d0;20600;INTARIAN_PEPPER_ROOT;10001;20;9999;19;;;10007;10;10011;23;;;10004.0;0.0
yf_ZW=F_d0;20700;ASH_COATED_OSMIUM;10023;17;10021;27;;;10029;8;10032;31;;;10026.0;0.0
yf_ZW=F_d0;20700;INTARIAN_PEPPER_ROOT;9992;16;9990;24;;;10014;11;10018;24;;;10003.0;0.0
yf_ZW=F_d0;20800;ASH_COATED_OSMIUM;10018;18;10016;23;;;10032;12;10035;25;;;10025.0;0.0
yf_ZW=F_d0;20800;INTARIAN_PEPPER_ROOT;9996;9;9993;15;;;10011;16;10013;27;;;10003.5;0.0
yf_ZW=F_d0;20900;ASH_COATED_OSMIUM;10022;12;10019;20;;;10028;23;10030;16;;;10025.0;0.0
yf_ZW=F_d0;20900;INTARIAN_PEPPER_ROOT;9999;18;9995;23;;;10007;19;10010;23;;;10003.0;0.0
yf_ZW=F_d0;21000;ASH_COATED_OSMIUM;10013;10;10009;13;;;10038;16;10042;19;;;10025.5;0.0
yf_ZW=F_d0;21000;INTARIAN_PEPPER_ROOT;10000;8;9997;14;;;10006;20;10008;17;;;10003.0;0.0
yf_ZW=F_d0;21100;ASH_COATED_OSMIUM;10022;10;10019;9;;;10028;16;10031;26;;;10025.0;0.0
yf_ZW=F_d0;21100;INTARIAN_PEPPER_ROOT;10000;11;9998;12;;;10006;20;10010;19;;;10003.0;0.0
yf_ZW=F_d0;21200;ASH_COATED_OSMIUM;10022;22;10019;26;;;10028;14;10031;18;;;10025.0;0.0
yf_ZW=F_d0;21200;INTARIAN_PEPPER_ROOT;9999;7;9997;18;;;10008;8;10010;21;;;10003.5;0.0
yf_ZW=F_d0;21300;ASH_COATED_OSMIUM;10023;9;10019;24;;;10029;10;10032;22;;;10026.0;0.0
yf_ZW=F_d0;21300;INTARIAN_PEPPER_ROOT;10000;17;9996;18;;;10006;11;10008;21;;;10003.0;0.0
yf_ZW=F_d0;21400;ASH_COATED_OSMIUM;10022;5;10019;17;;;10028;10;10032;23;;;10025.0;0.0
yf_ZW=F_d0;21400;INTARIAN_PEPPER_ROOT;9999;11;9995;27;;;10005;19;10009;24;;;10002.0;0.0
yf_ZW=F_d0;21500;ASH_COATED_OSMIUM;10023;6;10020;22;;;10029;12;10031;24;;;10026.0;0.0
yf_ZW=F_d0;21500;INTARIAN_PEPPER_ROOT;10000;13;9998;20;;;10006;13;10009;16;;;10003.0;0.0
yf_ZW=F_d0;21600;ASH_COATED_OSMIUM;10023;8;10021;12;;;10029;13;10031;15;;;10026.0;0.0
yf_ZW=F_d0;21600;INTARIAN_PEPPER_ROOT;10000;11;9998;20;;;10006;6;10010;18;;;10003.0;0.0
yf_ZW=F_d0;21700;ASH_COATED_OSMIUM;10023;10;10019;22;;;10030;5;10034;14;;;10026.5;0.0
yf_ZW=F_d0;21700;INTARIAN_PEPPER_ROOT;10000;10;9997;17;;;10006;26;10010;11;;;10003.0;0.0
yf_ZW=F_d0;21800;ASH_COATED_OSMIUM;10022;17;10020;15;;;10030;15;10032;16;;;10026.0;0.0
yf_ZW=F_d0;21800;INTARIAN_PEPPER_ROOT;10000;19;9996;19;;;10006;17;10008;17;;;10003.0;0.0
yf_ZW=F_d0;21900;ASH_COATED_OSMIUM;10023;23;10020;15;;;10029;10;10032;20;;;10026.0;0.0
yf_ZW=F_d0;21900;INTARIAN_PEPPER_ROOT;9993;18;9989;19;;;10013;14;10017;16;;;10003.0;0.0
yf_ZW=F_d0;22000;ASH_COATED_OSMIUM;10023;8;10020;26;;;10029;8;10031;19;;;10026.0;0.0
yf_ZW=F_d0;22000;INTARIAN_PEPPER_ROOT;10000;12;9998;22;;;10006;13;10008;15;;;10003.0;0.0
yf_ZW=F_d0;22100;ASH_COATED_OSMIUM;10023;26;10019;15;;;10029;10;10032;23;;;10026.0;0.0
yf_ZW=F_d0;22100;INTARIAN_PEPPER_ROOT;9999;13;9996;19;;;10005;13;10008;28;;;10002.0;0.0
yf_ZW=F_d0;22200;ASH_COATED_OSMIUM;10022;5;10020;27;;;10031;13;10033;18;;;10026.5;0.0
yf_ZW=F_d0;22200;INTARIAN_PEPPER_ROOT;9994;23;9992;22;;;10010;10;10014;23;;;10002.0;0.0
yf_ZW=F_d0;22300;ASH_COATED_OSMIUM;10023;15;10019;26;;;10029;12;10033;18;;;10026.0;0.0
yf_ZW=F_d0;22300;INTARIAN_PEPPER_ROOT;10000;7;9998;15;;;10006;20;10009;16;;;10003.0;0.0
yf_ZW=F_d0;22400;ASH_COATED_OSMIUM;10024;21;10022;19;;;10030;21;10032;19;;;10027.0;0.0
yf_ZW=F_d0;22400;INTARIAN_PEPPER_ROOT;9999;15;9997;19;;;10006;12;10008;26;;;10002.5;0.0
yf_ZW=F_d0;22500;ASH_COATED_OSMIUM;10022;6;10020;24;;;10032;18;10035;26;;;10027.0;0.0
yf_ZW=F_d0;22500;INTARIAN_PEPPER_ROOT;9999;11;9997;23;;;10006;17;10009;16;;;10002.5;0.0
yf_ZW=F_d0;22600;ASH_COATED_OSMIUM;10021;18;10018;22;;;10033;7;10037;24;;;10027.0;0.0
yf_ZW=F_d0;22600;INTARIAN_PEPPER_ROOT;9997;15;9993;17;;;10009;9;10011;15;;;10003.0;0.0
yf_ZW=F_d0;22700;ASH_COATED_OSMIUM;10021;8;10018;12;;;10032;5;10035;13;;;10026.5;0.0
yf_ZW=F_d0;22700;INTARIAN_PEPPER_ROOT;9992;17;9990;24;;;10013;22;10015;23;;;10002.5;0.0
yf_ZW=F_d0;22800;ASH_COATED_OSMIUM;10024;15;10021;14;;;10030;21;10034;16;;;10027.0;0.0
yf_ZW=F_d0;22800;INTARIAN_PEPPER_ROOT;10000;13;9998;29;;;10006;17;10008;19;;;10003.0;0.0
yf_ZW=F_d0;22900;ASH_COATED_OSMIUM;10024;14;10021;26;;;10030;12;10032;19;;;10027.0;0.0
yf_ZW=F_d0;22900;INTARIAN_PEPPER_ROOT;9999;16;9996;14;;;10005;8;10008;17;;;10002.0;0.0
yf_ZW=F_d0;23000;ASH_COATED_OSMIUM;10020;5;10018;20;;;10032;13;10036;19;;;10026.0;0.0
yf_ZW=F_d0;23000;INTARIAN_PEPPER_ROOT;10000;11;9998;18;;;10006;13;10008;25;;;10003.0;0.0
yf_ZW=F_d0;23100;ASH_COATED_OSMIUM;10024;14;10021;22;;;10030;14;10033;19;;;10027.0;0.0
yf_ZW=F_d0;23100;INTARIAN_PEPPER_ROOT;9998;15;9996;15;;;10006;15;10009;19;;;10002.0;0.0
yf_ZW=F_d0;23200;ASH_COATED_OSMIUM;10024;21;10020;17;;;10030;13;10034;22;;;10027.0;0.0
yf_ZW=F_d0;23200;INTARIAN_PEPPER_ROOT;9997;16;9995;25;;;10009;13;10013;25;;;10003.0;0.0
yf_ZW=F_d0;23300;ASH_COATED_OSMIUM;10021;21;10019;16;;;10034;9;10037;25;;;10027.5;0.0
yf_ZW=F_d0;23300;INTARIAN_PEPPER_ROOT;10000;15;9996;16;;;10006;15;10009;16;;;10003.0;0.0
yf_ZW=F_d0;23400;ASH_COATED_OSMIUM;10023;10;10019;24;;;10032;13;10034;22;;;10027.5;0.0
yf_ZW=F_d0;23400;INTARIAN_PEPPER_ROOT;9992;13;9990;31;;;10014;17;10018;19;;;10003.0;0.0
yf_ZW=F_d0;23500;ASH_COATED_OSMIUM;10024;13;10020;12;;;10030;15;10034;26;;;10027.0;0.0
yf_ZW=F_d0;23500;INTARIAN_PEPPER_ROOT;9999;10;9995;19;;;10006;20;10010;17;;;10002.5;0.0
yf_ZW=F_d0;23600;ASH_COATED_OSMIUM;10025;21;10023;11;;;10031;7;10035;27;;;10028.0;0.0
yf_ZW=F_d0;23600;INTARIAN_PEPPER_ROOT;9986;12;9984;19;;;10019;11;10021;24;;;10002.5;0.0
yf_ZW=F_d0;23700;ASH_COATED_OSMIUM;10024;14;10022;12;;;10031;13;10034;21;;;10027.5;0.0
yf_ZW=F_d0;23700;INTARIAN_PEPPER_ROOT;10000;6;9998;13;;;10006;22;10008;22;;;10003.0;0.0
yf_ZW=F_d0;23800;ASH_COATED_OSMIUM;10024;10;10020;11;;;10030;11;10033;23;;;10027.0;0.0
yf_ZW=F_d0;23800;INTARIAN_PEPPER_ROOT;9999;11;9997;24;;;10005;8;10009;24;;;10002.0;0.0
yf_ZW=F_d0;23900;ASH_COATED_OSMIUM;10025;21;10023;24;;;10031;16;10035;17;;;10028.0;0.0
yf_ZW=F_d0;23900;INTARIAN_PEPPER_ROOT;9999;15;9996;29;;;10005;20;10007;15;;;10002.0;0.0
yf_ZW=F_d0;24000;ASH_COATED_OSMIUM;10025;10;10023;23;;;10031;21;10034;14;;;10028.0;0.0
yf_ZW=F_d0;24000;INTARIAN_PEPPER_ROOT;9999;21;9997;15;;;10005;10;10007;13;;;10002.0;0.0
yf_ZW=F_d0;24100;ASH_COATED_OSMIUM;10025;17;10021;16;;;10031;13;10034;19;;;10028.0;0.0
yf_ZW=F_d0;24100;INTARIAN_PEPPER_ROOT;10000;15;9998;20;;;10006;16;10009;12;;;10003.0;0.0
yf_ZW=F_d0;24200;ASH_COATED_OSMIUM;10017;13;10013;26;;;10039;24;10041;19;;;10028.0;0.0
yf_ZW=F_d0;24200;INTARIAN_PEPPER_ROOT;9997;8;9993;19;;;10008;20;10012;15;;;10002.5;0.0
yf_ZW=F_d0;24300;ASH_COATED_OSMIUM;10024;23;10022;20;;;10032;11;10035;26;;;10028.0;0.0
yf_ZW=F_d0;24300;INTARIAN_PEPPER_ROOT;9994;12;9990;21;;;10011;12;10014;17;;;10002.5;0.0
yf_ZW=F_d0;24400;ASH_COATED_OSMIUM;10025;13;10021;21;;;10031;10;10035;16;;;10028.0;0.0
yf_ZW=F_d0;24400;INTARIAN_PEPPER_ROOT;9997;18;9993;17;;;10006;22;10009;17;;;10001.5;0.0
yf_ZW=F_d0;24500;ASH_COATED_OSMIUM;10017;19;10013;22;;;10040;15;10042;23;;;10028.5;0.0
yf_ZW=F_d0;24500;INTARIAN_PEPPER_ROOT;9999;17;9996;20;;;10005;13;10007;14;;;10002.0;0.0
yf_ZW=F_d0;24600;ASH_COATED_OSMIUM;10025;13;10023;22;;;10031;5;10034;23;;;10028.0;0.0
yf_ZW=F_d0;24600;INTARIAN_PEPPER_ROOT;9999;18;9997;28;;;10005;17;10009;19;;;10002.0;0.0
yf_ZW=F_d0;24700;ASH_COATED_OSMIUM;10025;15;10021;23;;;10031;13;10035;18;;;10028.0;0.0
yf_ZW=F_d0;24700;INTARIAN_PEPPER_ROOT;9999;11;9997;18;;;10005;10;10008;28;;;10002.0;0.0
yf_ZW=F_d0;24800;ASH_COATED_OSMIUM;10025;16;10021;13;;;10031;5;10033;26;;;10028.0;0.0
yf_ZW=F_d0;24800;INTARIAN_PEPPER_ROOT;9999;12;9995;16;;;10006;16;10010;15;;;10002.5;0.0
yf_ZW=F_d0;24900;ASH_COATED_OSMIUM;10025;14;10021;17;;;10032;13;10034;17;;;10028.5;0.0
yf_ZW=F_d0;24900;INTARIAN_PEPPER_ROOT;9994;12;9992;8;;;10010;22;10014;20;;;10002.0;0.0
yf_ZW=F_d0;25000;ASH_COATED_OSMIUM;10025;17;10022;28;;;10031;14;10035;25;;;10028.0;0.0
yf_ZW=F_d0;25000;INTARIAN_PEPPER_ROOT;9999;8;9997;20;;;10005;16;10008;8;;;10002.0;0.0
yf_ZW=F_d0;25100;ASH_COATED_OSMIUM;10025;20;10022;23;;;10032;20;10036;17;;;10028.5;0.0
yf_ZW=F_d0;25100;INTARIAN_PEPPER_ROOT;9999;17;9997;22;;;10005;13;10007;25;;;10002.0;0.0
yf_ZW=F_d0;25200;ASH_COATED_OSMIUM;10025;14;10023;21;;;10033;14;10036;13;;;10029.0;0.0
yf_ZW=F_d0;25200;INTARIAN_PEPPER_ROOT;9999;25;9997;22;;;10005;13;10009;28;;;10002.0;0.0
yf_ZW=F_d0;25300;ASH_COATED_OSMIUM;10022;15;10018;21;;;10034;16;10038;13;;;10028.0;0.0
yf_ZW=F_d0;25300;INTARIAN_PEPPER_ROOT;9999;21;9997;27;;;10005;18;10007;19;;;10002.0;0.0
yf_ZW=F_d0;25400;ASH_COATED_OSMIUM;10025;9;10023;15;;;10031;24;10035;25;;;10028.0;0.0
yf_ZW=F_d0;25400;INTARIAN_PEPPER_ROOT;9999;14;9995;12;;;10005;9;10007;31;;;10002.0;0.0
yf_ZW=F_d0;25500;ASH_COATED_OSMIUM;10026;16;10023;23;;;10032;17;10034;28;;;10029.0;0.0
yf_ZW=F_d0;25500;INTARIAN_PEPPER_ROOT;9998;15;9996;17;;;10004;15;10007;19;;;10001.0;0.0
yf_ZW=F_d0;25600;ASH_COATED_OSMIUM;10024;20;10020;16;;;10033;17;10036;23;;;10028.5;0.0
yf_ZW=F_d0;25600;INTARIAN_PEPPER_ROOT;9999;9;9995;18;;;10005;5;10008;26;;;10002.0;0.0
yf_ZW=F_d0;25700;ASH_COATED_OSMIUM;10026;8;10024;26;;;10032;13;10035;13;;;10029.0;0.0
yf_ZW=F_d0;25700;INTARIAN_PEPPER_ROOT;9999;8;9996;20;;;10005;10;10008;26;;;10002.0;0.0
yf_ZW=F_d0;25800;ASH_COATED_OSMIUM;10022;16;10018;10;;;10035;5;10037;14;;;10028.5;0.0
yf_ZW=F_d0;25800;INTARIAN_PEPPER_ROOT;9999;7;9997;18;;;10005;11;10008;14;;;10002.0;0.0
yf_ZW=F_d0;25900;ASH_COATED_OSMIUM;10026;18;10022;11;;;10032;13;10034;18;;;10029.0;0.0
yf_ZW=F_d0;25900;INTARIAN_PEPPER_ROOT;9999;18;9997;26;;;10005;13;10009;22;;;10002.0;0.0
yf_ZW=F_d0;26000;ASH_COATED_OSMIUM;10025;16;10021;16;;;10033;17;10037;17;;;10029.0;0.0
yf_ZW=F_d0;26000;INTARIAN_PEPPER_ROOT;9998;17;9996;22;;;10006;28;10008;15;;;10002.0;0.0
yf_ZW=F_d0;26100;ASH_COATED_OSMIUM;10026;16;10022;23;;;10032;5;10035;16;;;10029.0;0.0
yf_ZW=F_d0;26100;INTARIAN_PEPPER_ROOT;9991;6;9989;21;;;10013;14;10016;26;;;10002.0;0.0
yf_ZW=F_d0;26200;ASH_COATED_OSMIUM;10026;5;10022;19;;;10032;5;10036;18;;;10029.0;0.0
yf_ZW=F_d0;26200;INTARIAN_PEPPER_ROOT;9999;14;9996;14;;;10005;10;10008;15;;;10002.0;0.0
yf_ZW=F_d0;26300;ASH_COATED_OSMIUM;10026;11;10022;23;;;10032;5;10035;23;;;10029.0;0.0
yf_ZW=F_d0;26300;INTARIAN_PEPPER_ROOT;9998;8;9994;16;;;10004;15;10008;20;;;10001.0;0.0
yf_ZW=F_d0;26400;ASH_COATED_OSMIUM;10026;15;10022;25;;;10032;18;10035;15;;;10029.0;0.0
yf_ZW=F_d0;26400;INTARIAN_PEPPER_ROOT;9998;10;9996;17;;;10005;13;10008;11;;;10001.5;0.0
yf_ZW=F_d0;26500;ASH_COATED_OSMIUM;10021;20;10017;18;;;10037;11;10039;22;;;10029.0;0.0
yf_ZW=F_d0;26500;INTARIAN_PEPPER_ROOT;9998;17;9994;11;;;10004;17;10007;18;;;10001.0;0.0
yf_ZW=F_d0;26600;ASH_COATED_OSMIUM;10026;7;10023;26;;;10032;20;10035;15;;;10029.0;0.0
yf_ZW=F_d0;26600;INTARIAN_PEPPER_ROOT;9999;19;9995;27;;;10005;24;10007;20;;;10002.0;0.0
yf_ZW=F_d0;26700;ASH_COATED_OSMIUM;10027;8;10025;33;;;10033;15;10035;15;;;10030.0;0.0
yf_ZW=F_d0;26700;INTARIAN_PEPPER_ROOT;9996;13;9994;22;;;10008;11;10010;29;;;10002.0;0.0
yf_ZW=F_d0;26800;ASH_COATED_OSMIUM;10026;12;10024;15;;;10032;10;10035;17;;;10029.0;0.0
yf_ZW=F_d0;26800;INTARIAN_PEPPER_ROOT;9999;6;9996;18;;;10005;11;10009;19;;;10002.0;0.0
yf_ZW=F_d0;26900;ASH_COATED_OSMIUM;10022;10;10018;13;;;10039;11;10041;16;;;10030.5;0.0
yf_ZW=F_d0;26900;INTARIAN_PEPPER_ROOT;9988;18;9986;24;;;10015;16;10019;17;;;10001.5;0.0
yf_ZW=F_d0;27000;ASH_COATED_OSMIUM;10027;16;10024;23;;;10033;18;10035;19;;;10030.0;0.0
yf_ZW=F_d0;27000;INTARIAN_PEPPER_ROOT;9998;7;9995;15;;;10004;6;10008;16;;;10001.0;0.0
yf_ZW=F_d0;27100;ASH_COATED_OSMIUM;10027;11;10025;26;;;10033;16;10037;25;;;10030.0;0.0
yf_ZW=F_d0;27100;INTARIAN_PEPPER_ROOT;9999;14;9996;22;;;10005;10;10008;12;;;10002.0;0.0
yf_ZW=F_d0;27200;ASH_COATED_OSMIUM;10027;16;10025;21;;;10033;9;10035;21;;;10030.0;0.0
yf_ZW=F_d0;27200;INTARIAN_PEPPER_ROOT;9998;22;9996;17;;;10004;7;10007;17;;;10001.0;0.0
yf_ZW=F_d0;27300;ASH_COATED_OSMIUM;10027;12;10024;22;;;10033;19;10036;27;;;10030.0;0.0
yf_ZW=F_d0;27300;INTARIAN_PEPPER_ROOT;9998;15;9994;14;;;10004;17;10008;8;;;10001.0;0.0
yf_ZW=F_d0;27400;ASH_COATED_OSMIUM;10026;15;10023;19;;;10033;7;10035;22;;;10029.5;0.0
yf_ZW=F_d0;27400;INTARIAN_PEPPER_ROOT;9998;20;9994;26;;;10004;9;10008;11;;;10001.0;0.0
yf_ZW=F_d0;27500;ASH_COATED_OSMIUM;10024;16;10020;19;;;10036;16;10040;23;;;10030.0;0.0
yf_ZW=F_d0;27500;INTARIAN_PEPPER_ROOT;9998;21;9995;15;;;10004;16;10008;20;;;10001.0;0.0
yf_ZW=F_d0;27600;ASH_COATED_OSMIUM;10027;21;10024;12;;;10033;15;10036;8;;;10030.0;0.0
yf_ZW=F_d0;27600;INTARIAN_PEPPER_ROOT;9998;18;9995;19;;;10004;21;10008;19;;;10001.0;0.0
yf_ZW=F_d0;27700;ASH_COATED_OSMIUM;10027;17;10023;20;;;10033;17;10037;23;;;10030.0;0.0
yf_ZW=F_d0;27700;INTARIAN_PEPPER_ROOT;9990;12;9987;28;;;10011;21;10015;20;;;10000.5;0.0
yf_ZW=F_d0;27800;ASH_COATED_OSMIUM;10027;6;10023;13;;;10033;16;10035;21;;;10030.0;0.0
yf_ZW=F_d0;27800;INTARIAN_PEPPER_ROOT;9991;23;9989;19;;;10011;11;10014;29;;;10001.0;0.0
yf_ZW=F_d0;27900;ASH_COATED_OSMIUM;10027;10;10024;22;;;10033;20;10037;23;;;10030.0;0.0
yf_ZW=F_d0;27900;INTARIAN_PEPPER_ROOT;9995;16;9993;8;;;10006;15;10010;19;;;10000.5;0.0
yf_ZW=F_d0;28000;ASH_COATED_OSMIUM;10028;16;10026;20;;;10034;14;10036;29;;;10031.0;0.0
yf_ZW=F_d0;28000;INTARIAN_PEPPER_ROOT;9992;12;9990;18;;;10010;28;10012;27;;;10001.0;0.0
yf_ZW=F_d0;28100;ASH_COATED_OSMIUM;10027;8;10024;15;;;10035;17;10038;16;;;10031.0;0.0
yf_ZW=F_d0;28100;INTARIAN_PEPPER_ROOT;9998;12;9994;28;;;10005;9;10007;21;;;10001.5;0.0
yf_ZW=F_d0;28200;ASH_COATED_OSMIUM;10027;16;10023;14;;;10033;20;10037;14;;;10030.0;0.0
yf_ZW=F_d0;28200;INTARIAN_PEPPER_ROOT;9997;18;9995;16;;;10005;17;10009;20;;;10001.0;0.0
yf_ZW=F_d0;28300;ASH_COATED_OSMIUM;10028;20;10025;26;;;10034;15;10038;27;;;10031.0;0.0
yf_ZW=F_d0;28300;INTARIAN_PEPPER_ROOT;9995;14;9993;21;;;10007;16;10010;20;;;10001.0;0.0
yf_ZW=F_d0;28400;ASH_COATED_OSMIUM;10028;23;10026;25;;;10034;9;10038;17;;;10031.0;0.0
yf_ZW=F_d0;28400;INTARIAN_PEPPER_ROOT;9998;10;9995;20;;;10004;17;10007;25;;;10001.0;0.0
yf_ZW=F_d0;28500;ASH_COATED_OSMIUM;10028;9;10026;16;;;10034;17;10036;24;;;10031.0;0.0
yf_ZW=F_d0;28500;INTARIAN_PEPPER_ROOT;9997;20;9993;12;;;10006;19;10010;22;;;10001.5;0.0
yf_ZW=F_d0;28600;ASH_COATED_OSMIUM;10028;14;10025;19;;;10034;24;10037;23;;;10031.0;0.0
yf_ZW=F_d0;28600;INTARIAN_PEPPER_ROOT;9997;10;9994;21;;;10004;9;10007;17;;;10000.5;0.0
yf_ZW=F_d0;28700;ASH_COATED_OSMIUM;10026;23;10023;8;;;10035;16;10038;23;;;10030.5;0.0
yf_ZW=F_d0;28700;INTARIAN_PEPPER_ROOT;9997;8;9995;14;;;10005;17;10009;27;;;10001.0;0.0
yf_ZW=F_d0;28800;ASH_COATED_OSMIUM;10028;24;10025;14;;;10034;14;10037;28;;;10031.0;0.0
yf_ZW=F_d0;28800;INTARIAN_PEPPER_ROOT;9997;15;9993;8;;;10003;12;10007;18;;;10000.0;0.0
yf_ZW=F_d0;28900;ASH_COATED_OSMIUM;10028;13;10026;20;;;10034;12;10037;20;;;10031.0;0.0
yf_ZW=F_d0;28900;INTARIAN_PEPPER_ROOT;9998;8;9994;21;;;10004;16;10008;12;;;10001.0;0.0
yf_ZW=F_d0;29000;ASH_COATED_OSMIUM;10025;12;10023;19;;;10037;21;10041;10;;;10031.0;0.0
yf_ZW=F_d0;29000;INTARIAN_PEPPER_ROOT;9998;10;9995;18;;;10005;7;10008;21;;;10001.5;0.0
yf_ZW=F_d0;29100;ASH_COATED_OSMIUM;10028;17;10024;22;;;10034;15;10036;22;;;10031.0;0.0
yf_ZW=F_d0;29100;INTARIAN_PEPPER_ROOT;9998;14;9996;27;;;10004;9;10006;16;;;10001.0;0.0
yf_ZW=F_d0;29200;ASH_COATED_OSMIUM;10028;11;10024;21;;;10034;18;10037;17;;;10031.0;0.0
yf_ZW=F_d0;29200;INTARIAN_PEPPER_ROOT;9998;10;9996;21;;;10004;23;10007;26;;;10001.0;0.0
yf_ZW=F_d0;29300;ASH_COATED_OSMIUM;10028;5;10024;13;;;10034;11;10037;14;;;10031.0;0.0
yf_ZW=F_d0;29300;INTARIAN_PEPPER_ROOT;9996;14;9994;14;;;10006;9;10009;22;;;10001.0;0.0
yf_ZW=F_d0;29400;ASH_COATED_OSMIUM;10028;11;10026;14;;;10034;21;10036;22;;;10031.0;0.0
yf_ZW=F_d0;29400;INTARIAN_PEPPER_ROOT;9998;19;9994;16;;;10004;19;10006;23;;;10001.0;0.0
yf_ZW=F_d0;29500;ASH_COATED_OSMIUM;10024;14;10020;23;;;10040;24;10044;14;;;10032.0;0.0
yf_ZW=F_d0;29500;INTARIAN_PEPPER_ROOT;9998;16;9996;20;;;10004;8;10006;13;;;10001.0;0.0
yf_ZW=F_d0;29600;ASH_COATED_OSMIUM;10023;11;10021;15;;;10039;16;10042;16;;;10031.0;0.0
yf_ZW=F_d0;29600;INTARIAN_PEPPER_ROOT;9996;13;9993;18;;;10005;17;10009;26;;;10000.5;0.0
yf_ZW=F_d0;29700;ASH_COATED_OSMIUM;10028;12;10026;13;;;10034;13;10036;21;;;10031.0;0.0
yf_ZW=F_d0;29700;INTARIAN_PEPPER_ROOT;9997;15;9995;21;;;10003;16;10006;17;;;10000.0;0.0
yf_ZW=F_d0;29800;ASH_COATED_OSMIUM;10026;20;10023;8;;;10038;17;10040;29;;;10032.0;0.0
yf_ZW=F_d0;29800;INTARIAN_PEPPER_ROOT;9994;16;9990;14;;;10008;11;10010;16;;;10001.0;0.0
yf_ZW=F_d0;29900;ASH_COATED_OSMIUM;10021;10;10017;26;;;10041;12;10045;28;;;10031.0;0.0
yf_ZW=F_d0;29900;INTARIAN_PEPPER_ROOT;9998;13;9995;20;;;10004;9;10007;22;;;10001.0;0.0
yf_ZW=F_d0;30000;ASH_COATED_OSMIUM;10028;19;10024;15;;;10036;18;10038;21;;;10032.0;0.0
yf_ZW=F_d0;30000;INTARIAN_PEPPER_ROOT;9996;10;9992;25;;;10005;14;10007;28;;;10000.5;0.0
yf_ZW=F_d0;30100;ASH_COATED_OSMIUM;10026;18;10022;10;;;10037;12;10040;20;;;10031.5;0.0
yf_ZW=F_d0;30100;INTARIAN_PEPPER_ROOT;9998;17;9994;20;;;10004;16;10006;19;;;10001.0;0.0
yf_ZW=F_d0;30200;ASH_COATED_OSMIUM;10029;12;10027;12;;;10035;15;10039;21;;;10032.0;0.0
yf_ZW=F_d0;30200;INTARIAN_PEPPER_ROOT;9997;12;9994;20;;;10003;20;10006;11;;;10000.0;0.0
yf_ZW=F_d0;30300;ASH_COATED_OSMIUM;10029;15;10025;15;;;10035;17;10038;16;;;10032.0;0.0
yf_ZW=F_d0;30300;INTARIAN_PEPPER_ROOT;9998;21;9996;19;;;10004;17;10007;21;;;10001.0;0.0
yf_ZW=F_d0;30400;ASH_COATED_OSMIUM;10029;20;10027;15;;;10035;13;10037;15;;;10032.0;0.0
yf_ZW=F_d0;30400;INTARIAN_PEPPER_ROOT;9997;13;9995;27;;;10003;7;10005;27;;;10000.0;0.0
yf_ZW=F_d0;30500;ASH_COATED_OSMIUM;10028;13;10024;23;;;10038;14;10041;16;;;10033.0;0.0
yf_ZW=F_d0;30500;INTARIAN_PEPPER_ROOT;9991;15;9987;16;;;10009;15;10012;21;;;10000.0;0.0
yf_ZW=F_d0;30600;ASH_COATED_OSMIUM;10029;16;10025;16;;;10035;18;10039;19;;;10032.0;0.0
yf_ZW=F_d0;30600;INTARIAN_PEPPER_ROOT;9992;18;9988;17;;;10008;17;10012;14;;;10000.0;0.0
yf_ZW=F_d0;30700;ASH_COATED_OSMIUM;10029;19;10026;14;;;10035;15;10038;24;;;10032.0;0.0
yf_ZW=F_d0;30700;INTARIAN_PEPPER_ROOT;9998;17;9995;18;;;10004;17;10007;22;;;10001.0;0.0
yf_ZW=F_d0;30800;ASH_COATED_OSMIUM;10028;11;10025;21;;;10036;17;10040;26;;;10032.0;0.0
yf_ZW=F_d0;30800;INTARIAN_PEPPER_ROOT;9995;15;9991;17;;;10006;21;10009;21;;;10000.5;0.0
yf_ZW=F_d0;30900;ASH_COATED_OSMIUM;10030;12;10026;24;;;10036;22;10039;27;;;10033.0;0.0
yf_ZW=F_d0;30900;INTARIAN_PEPPER_ROOT;9997;16;9995;13;;;10003;16;10005;16;;;10000.0;0.0
yf_ZW=F_d0;31000;ASH_COATED_OSMIUM;10017;15;10015;18;;;10048;19;10050;18;;;10032.5;0.0
yf_ZW=F_d0;31000;INTARIAN_PEPPER_ROOT;9994;15;9991;23;;;10006;6;10008;23;;;10000.0;0.0
yf_ZW=F_d0;31100;ASH_COATED_OSMIUM;10029;27;10026;26;;;10035;11;10039;11;;;10032.0;0.0
yf_ZW=F_d0;31100;INTARIAN_PEPPER_ROOT;9995;14;9991;15;;;10006;16;10008;16;;;10000.5;0.0
yf_ZW=F_d0;31200;ASH_COATED_OSMIUM;10029;12;10026;24;;;10035;17;10038;22;;;10032.0;0.0
yf_ZW=F_d0;31200;INTARIAN_PEPPER_ROOT;9996;12;9992;12;;;10005;10;10007;24;;;10000.5;0.0
yf_ZW=F_d0;31300;ASH_COATED_OSMIUM;10029;11;10026;13;;;10036;21;10038;27;;;10032.5;0.0
yf_ZW=F_d0;31300;INTARIAN_PEPPER_ROOT;9997;9;9993;15;;;10003;9;10005;18;;;10000.0;0.0
yf_ZW=F_d0;31400;ASH_COATED_OSMIUM;10030;10;10026;23;;;10036;16;10038;22;;;10033.0;0.0
yf_ZW=F_d0;31400;INTARIAN_PEPPER_ROOT;9997;9;9993;16;;;10003;12;10006;19;;;10000.0;0.0
yf_ZW=F_d0;31500;ASH_COATED_OSMIUM;10029;14;10027;15;;;10038;15;10042;20;;;10033.5;0.0
yf_ZW=F_d0;31500;INTARIAN_PEPPER_ROOT;9997;23;9993;22;;;10003;7;10006;29;;;10000.0;0.0
yf_ZW=F_d0;31600;ASH_COATED_OSMIUM;10030;15;10027;17;;;10036;8;10039;22;;;10033.0;0.0
yf_ZW=F_d0;31600;INTARIAN_PEPPER_ROOT;9997;17;9995;15;;;10003;19;10005;12;;;10000.0;0.0
yf_ZW=F_d0;31700;ASH_COATED_OSMIUM;10028;16;10024;11;;;10039;22;10041;20;;;10033.5;0.0
yf_ZW=F_d0;31700;INTARIAN_PEPPER_ROOT;9990;12;9988;16;;;10009;18;10011;10;;;9999.5;0.0
yf_ZW=F_d0;31800;ASH_COATED_OSMIUM;10030;12;10027;28;;;10036;17;10040;17;;;10033.0;0.0
yf_ZW=F_d0;31800;INTARIAN_PEPPER_ROOT;9997;16;9993;16;;;10003;13;10007;21;;;10000.0;0.0
yf_ZW=F_d0;31900;ASH_COATED_OSMIUM;10030;19;10026;22;;;10036;20;10039;24;;;10033.0;0.0
yf_ZW=F_d0;31900;INTARIAN_PEPPER_ROOT;9996;15;9992;21;;;10004;14;10006;19;;;10000.0;0.0
yf_ZW=F_d0;32000;ASH_COATED_OSMIUM;10030;14;10028;25;;;10036;15;10040;24;;;10033.0;0.0
yf_ZW=F_d0;32000;INTARIAN_PEPPER_ROOT;9997;17;9994;10;;;10003;18;10007;23;;;10000.0;0.0
yf_ZW=F_d0;32100;ASH_COATED_OSMIUM;10031;12;10029;21;;;10037;12;10041;22;;;10034.0;0.0
yf_ZW=F_d0;32100;INTARIAN_PEPPER_ROOT;9992;20;9990;9;;;10009;9;10012;19;;;10000.5;0.0
yf_ZW=F_d0;32200;ASH_COATED_OSMIUM;10030;14;10028;19;;;10036;17;10040;13;;;10033.0;0.0
yf_ZW=F_d0;32200;INTARIAN_PEPPER_ROOT;9997;16;9994;12;;;10003;23;10006;18;;;10000.0;0.0
yf_ZW=F_d0;32300;ASH_COATED_OSMIUM;10028;14;10025;17;;;10040;13;10044;18;;;10034.0;0.0
yf_ZW=F_d0;32300;INTARIAN_PEPPER_ROOT;9988;16;9985;19;;;10011;20;10014;26;;;9999.5;0.0
yf_ZW=F_d0;32400;ASH_COATED_OSMIUM;10027;15;10023;16;;;10041;17;10043;12;;;10034.0;0.0
yf_ZW=F_d0;32400;INTARIAN_PEPPER_ROOT;9997;13;9993;14;;;10003;23;10005;22;;;10000.0;0.0
yf_ZW=F_d0;32500;ASH_COATED_OSMIUM;10030;16;10026;19;;;10036;15;10040;15;;;10033.0;0.0
yf_ZW=F_d0;32500;INTARIAN_PEPPER_ROOT;9997;20;9995;17;;;10003;18;10006;12;;;10000.0;0.0
yf_ZW=F_d0;32600;ASH_COATED_OSMIUM;10030;14;10027;31;;;10036;13;10039;20;;;10033.0;0.0
yf_ZW=F_d0;32600;INTARIAN_PEPPER_ROOT;9997;10;9993;23;;;10003;12;10006;17;;;10000.0;0.0
yf_ZW=F_d0;32700;ASH_COATED_OSMIUM;10031;7;10027;15;;;10037;18;10039;15;;;10034.0;0.0
yf_ZW=F_d0;32700;INTARIAN_PEPPER_ROOT;9997;5;9995;14;;;10003;11;10006;15;;;10000.0;0.0
yf_ZW=F_d0;32800;ASH_COATED_OSMIUM;10026;14;10024;9;;;10041;16;10043;22;;;10033.5;0.0
yf_ZW=F_d0;32800;INTARIAN_PEPPER_ROOT;9994;17;9991;14;;;10005;9;10007;14;;;9999.5;0.0
yf_ZW=F_d0;32900;ASH_COATED_OSMIUM;10031;14;10027;23;;;10037;12;10041;19;;;10034.0;0.0
yf_ZW=F_d0;32900;INTARIAN_PEPPER_ROOT;9997;18;9993;19;;;10003;13;10007;15;;;10000.0;0.0
yf_ZW=F_d0;33000;ASH_COATED_OSMIUM;10022;19;10020;23;;;10047;14;10050;16;;;10034.5;0.0
yf_ZW=F_d0;33000;INTARIAN_PEPPER_ROOT;9996;16;9994;28;;;10003;19;10007;21;;;9999.5;0.0
yf_ZW=F_d0;33100;ASH_COATED_OSMIUM;10031;16;10027;32;;;10037;21;10041;26;;;10034.0;0.0
yf_ZW=F_d0;33100;INTARIAN_PEPPER_ROOT;9993;9;9990;14;;;10006;11;10010;21;;;9999.5;0.0
yf_ZW=F_d0;33200;ASH_COATED_OSMIUM;10030;14;10028;23;;;10036;13;10038;8;;;10033.0;0.0
yf_ZW=F_d0;33200;INTARIAN_PEPPER_ROOT;9990;14;9988;18;;;10009;20;10012;16;;;9999.5;0.0
yf_ZW=F_d0;33300;ASH_COATED_OSMIUM;10029;13;10027;20;;;10040;20;10043;20;;;10034.5;0.0
yf_ZW=F_d0;33300;INTARIAN_PEPPER_ROOT;9986;21;9982;23;;;10012;18;10016;15;;;9999.0;0.0
yf_ZW=F_d0;33400;ASH_COATED_OSMIUM;10031;15;10028;15;;;10037;28;10039;23;;;10034.0;0.0
yf_ZW=F_d0;33400;INTARIAN_PEPPER_ROOT;9994;14;9991;9;;;10006;16;10008;14;;;10000.0;0.0
yf_ZW=F_d0;33500;ASH_COATED_OSMIUM;10031;15;10028;22;;;10037;17;10041;10;;;10034.0;0.0
yf_ZW=F_d0;33500;INTARIAN_PEPPER_ROOT;9997;17;9994;21;;;10003;19;10005;9;;;10000.0;0.0
yf_ZW=F_d0;33600;ASH_COATED_OSMIUM;10028;15;10025;17;;;10041;22;10045;16;;;10034.5;0.0
yf_ZW=F_d0;33600;INTARIAN_PEPPER_ROOT;9997;8;9995;16;;;10003;13;10007;31;;;10000.0;0.0
yf_ZW=F_d0;33700;ASH_COATED_OSMIUM;10031;15;10028;17;;;10037;22;10040;25;;;10034.0;0.0
yf_ZW=F_d0;33700;INTARIAN_PEPPER_ROOT;9997;17;9994;21;;;10003;19;10005;25;;;10000.0;0.0
yf_ZW=F_d0;33800;ASH_COATED_OSMIUM;10030;15;10027;27;;;10038;12;10040;13;;;10034.0;0.0
yf_ZW=F_d0;33800;INTARIAN_PEPPER_ROOT;9996;20;9993;17;;;10002;19;10006;13;;;9999.0;0.0
yf_ZW=F_d0;33900;ASH_COATED_OSMIUM;10021;11;10018;23;;;10049;13;10052;28;;;10035.0;0.0
yf_ZW=F_d0;33900;INTARIAN_PEPPER_ROOT;9997;9;9995;15;;;10003;14;10007;22;;;10000.0;0.0
yf_ZW=F_d0;34000;ASH_COATED_OSMIUM;10019;13;10017;13;;;10049;13;10051;18;;;10034.0;0.0
yf_ZW=F_d0;34000;INTARIAN_PEPPER_ROOT;9997;7;9994;14;;;10003;12;10006;18;;;10000.0;0.0
yf_ZW=F_d0;34100;ASH_COATED_OSMIUM;10031;19;10027;31;;;10037;17;10039;22;;;10034.0;0.0
yf_ZW=F_d0;34100;INTARIAN_PEPPER_ROOT;9999;24;9995;23;;;10005;6;10008;24;;;10002.0;0.0
yf_ZW=F_d0;34200;ASH_COATED_OSMIUM;10018;19;10014;14;;;10050;26;10053;25;;;10034.0;0.0
yf_ZW=F_d0;34200;INTARIAN_PEPPER_ROOT;10001;18;9997;22;;;10007;24;10010;17;;;10004.0;0.0
yf_ZW=F_d0;34300;ASH_COATED_OSMIUM;10032;11;10029;22;;;10038;19;10042;8;;;10035.0;0.0
yf_ZW=F_d0;34300;INTARIAN_PEPPER_ROOT;10003;18;9999;27;;;10009;17;10012;18;;;10006.0;0.0
yf_ZW=F_d0;34400;ASH_COATED_OSMIUM;10032;8;10030;18;;;10038;14;10041;13;;;10035.0;0.0
yf_ZW=F_d0;34400;INTARIAN_PEPPER_ROOT;10000;11;9998;23;;;10014;6;10017;24;;;10007.0;0.0
yf_ZW=F_d0;34500;ASH_COATED_OSMIUM;10031;20;10029;27;;;10037;15;10039;25;;;10034.0;0.0
yf_ZW=F_d0;34500;INTARIAN_PEPPER_ROOT;10005;7;10002;23;;;10011;15;10014;14;;;10008.0;0.0
yf_ZW=F_d0;34600;ASH_COATED_OSMIUM;10030;18;10026;27;;;10038;22;10042;20;;;10034.0;0.0
yf_ZW=F_d0;34600;INTARIAN_PEPPER_ROOT;10007;9;10005;11;;;10013;21;10016;20;;;10010.0;0.0
yf_ZW=F_d0;34700;ASH_COATED_OSMIUM;10032;14;10029;14;;;10039;19;10043;19;;;10035.5;0.0
yf_ZW=F_d0;34700;INTARIAN_PEPPER_ROOT;10005;10;10003;20;;;10017;16;10020;23;;;10011.0;0.0
yf_ZW=F_d0;34800;ASH_COATED_OSMIUM;10032;22;10029;19;;;10038;12;10041;20;;;10035.0;0.0
yf_ZW=F_d0;34800;INTARIAN_PEPPER_ROOT;10010;5;10007;18;;;10016;10;10019;23;;;10013.0;0.0
yf_ZW=F_d0;34900;ASH_COATED_OSMIUM;10030;12;10026;13;;;10039;11;10043;18;;;10034.5;0.0
yf_ZW=F_d0;34900;INTARIAN_PEPPER_ROOT;10011;10;10007;12;;;10017;17;10020;16;;;10014.0;0.0
yf_ZW=F_d0;35000;ASH_COATED_OSMIUM;10032;12;10028;23;;;10038;21;10041;12;;;10035.0;0.0
yf_ZW=F_d0;35000;INTARIAN_PEPPER_ROOT;10012;12;10010;18;;;10018;19;10022;17;;;10015.0;0.0
yf_ZW=F_d0;35100;ASH_COATED_OSMIUM;10032;11;10028;28;;;10038;20;10041;20;;;10035.0;0.0
yf_ZW=F_d0;35100;INTARIAN_PEPPER_ROOT;10014;18;10012;18;;;10020;28;10024;12;;;10017.0;0.0
yf_ZW=F_d0;35200;ASH_COATED_OSMIUM;10032;20;10028;8;;;10038;17;10041;26;;;10035.0;0.0
yf_ZW=F_d0;35200;INTARIAN_PEPPER_ROOT;10016;13;10012;28;;;10022;16;10026;29;;;10019.0;0.0
yf_ZW=F_d0;35300;ASH_COATED_OSMIUM;10032;22;10028;21;;;10038;9;10042;13;;;10035.0;0.0
yf_ZW=F_d0;35300;INTARIAN_PEPPER_ROOT;10016;14;10014;21;;;10025;9;10027;18;;;10020.5;0.0
yf_ZW=F_d0;35400;ASH_COATED_OSMIUM;10029;12;10025;16;;;10041;12;10044;9;;;10035.0;0.0
yf_ZW=F_d0;35400;INTARIAN_PEPPER_ROOT;10018;21;10015;18;;;10024;7;10027;26;;;10021.0;0.0
yf_ZW=F_d0;35500;ASH_COATED_OSMIUM;10025;11;10021;15;;;10045;18;10049;20;;;10035.0;0.0
yf_ZW=F_d0;35500;INTARIAN_PEPPER_ROOT;10018;15;10016;20;;;10028;15;10032;19;;;10023.0;0.0
yf_ZW=F_d0;35600;ASH_COATED_OSMIUM;10032;13;10028;19;;;10038;13;10041;14;;;10035.0;0.0
yf_ZW=F_d0;35600;INTARIAN_PEPPER_ROOT;10020;10;10017;25;;;10029;18;10032;21;;;10024.5;0.0
yf_ZW=F_d0;35700;ASH_COATED_OSMIUM;10030;18;10026;18;;;10041;14;10045;16;;;10035.5;0.0
yf_ZW=F_d0;35700;INTARIAN_PEPPER_ROOT;10023;15;10019;18;;;10029;12;10032;21;;;10026.0;0.0
yf_ZW=F_d0;35800;ASH_COATED_OSMIUM;10029;22;10026;18;;;10043;12;10046;26;;;10036.0;0.0
yf_ZW=F_d0;35800;INTARIAN_PEPPER_ROOT;10020;20;10016;18;;;10033;6;10036;11;;;10026.5;0.0
yf_ZW=F_d0;35900;ASH_COATED_OSMIUM;10033;18;10029;29;;;10039;14;10041;19;;;10036.0;0.0
yf_ZW=F_d0;35900;INTARIAN_PEPPER_ROOT;10026;17;10024;23;;;10032;11;10035;13;;;10029.0;0.0
yf_ZW=F_d0;36000;ASH_COATED_OSMIUM;10033;10;10030;21;;;10039;16;10042;19;;;10036.0;0.0
yf_ZW=F_d0;36000;INTARIAN_PEPPER_ROOT;10027;17;10025;15;;;10033;7;10037;17;;;10030.0;0.0
yf_ZW=F_d0;36100;ASH_COATED_OSMIUM;10031;13;10028;22;;;10040;11;10043;10;;;10035.5;0.0
yf_ZW=F_d0;36100;INTARIAN_PEPPER_ROOT;10029;25;10026;14;;;10035;14;10037;22;;;10032.0;0.0
yf_ZW=F_d0;36200;ASH_COATED_OSMIUM;10033;14;10029;18;;;10039;17;10041;14;;;10036.0;0.0
yf_ZW=F_d0;36200;INTARIAN_PEPPER_ROOT;10022;10;10019;18;;;10046;8;10049;18;;;10034.0;0.0
yf_ZW=F_d0;36300;ASH_COATED_OSMIUM;10033;18;10030;19;;;10039;12;10042;16;;;10036.0;0.0
yf_ZW=F_d0;36300;INTARIAN_PEPPER_ROOT;10030;20;10026;27;;;10039;7;10043;23;;;10034.5;0.0
yf_ZW=F_d0;36400;ASH_COATED_OSMIUM;10022;17;10019;20;;;10050;14;10053;29;;;10036.0;0.0
yf_ZW=F_d0;36400;INTARIAN_PEPPER_ROOT;10032;14;10029;22;;;10039;16;10043;13;;;10035.5;0.0
yf_ZW=F_d0;36500;ASH_COATED_OSMIUM;10026;8;10022;21;;;10047;30;10051;12;;;10036.5;0.0
yf_ZW=F_d0;36500;INTARIAN_PEPPER_ROOT;10033;12;10030;29;;;10042;21;10045;26;;;10037.5;0.0
yf_ZW=F_d0;36600;ASH_COATED_OSMIUM;10033;8;10030;19;;;10039;18;10042;24;;;10036.0;0.0
yf_ZW=F_d0;36600;INTARIAN_PEPPER_ROOT;10036;12;10034;28;;;10042;16;10045;16;;;10039.0;0.0
yf_ZW=F_d0;36700;ASH_COATED_OSMIUM;10030;15;10026;16;;;10043;14;10045;23;;;10036.5;0.0
yf_ZW=F_d0;36700;INTARIAN_PEPPER_ROOT;10034;13;10031;21;;;10048;16;10050;14;;;10041.0;0.0
yf_ZW=F_d0;36800;ASH_COATED_OSMIUM;10033;24;10029;16;;;10039;25;10042;21;;;10036.0;0.0
yf_ZW=F_d0;36800;INTARIAN_PEPPER_ROOT;10038;15;10034;17;;;10046;21;10049;16;;;10042.0;0.0
yf_ZW=F_d0;36900;ASH_COATED_OSMIUM;10031;15;10027;15;;;10041;14;10044;18;;;10036.0;0.0
yf_ZW=F_d0;36900;INTARIAN_PEPPER_ROOT;10036;16;10033;14;;;10051;15;10053;18;;;10043.5;0.0
yf_ZW=F_d0;37000;ASH_COATED_OSMIUM;10029;23;10025;17;;;10043;20;10047;22;;;10036.0;0.0
yf_ZW=F_d0;37000;INTARIAN_PEPPER_ROOT;10041;25;10039;22;;;10049;12;10052;21;;;10045.0;0.0
yf_ZW=F_d0;37100;ASH_COATED_OSMIUM;10034;14;10031;25;;;10040;18;10044;26;;;10037.0;0.0
yf_ZW=F_d0;37100;INTARIAN_PEPPER_ROOT;10044;9;10041;19;;;10050;11;10052;24;;;10047.0;0.0
yf_ZW=F_d0;37200;ASH_COATED_OSMIUM;10033;13;10029;10;;;10039;7;10042;21;;;10036.0;0.0
yf_ZW=F_d0;37200;INTARIAN_PEPPER_ROOT;10039;14;10037;18;;;10056;11;10060;31;;;10047.5;0.0
yf_ZW=F_d0;37300;ASH_COATED_OSMIUM;10034;21;10031;25;;;10040;15;10044;20;;;10037.0;0.0
yf_ZW=F_d0;37300;INTARIAN_PEPPER_ROOT;10046;18;10042;24;;;10052;15;10054;28;;;10049.0;0.0
yf_ZW=F_d0;37400;ASH_COATED_OSMIUM;10033;7;10031;31;;;10039;14;10043;19;;;10036.0;0.0
yf_ZW=F_d0;37400;INTARIAN_PEPPER_ROOT;10047;15;10043;12;;;10055;19;10059;21;;;10051.0;0.0
yf_ZW=F_d0;37500;ASH_COATED_OSMIUM;10034;11;10031;16;;;10040;15;10044;18;;;10037.0;0.0
yf_ZW=F_d0;37500;INTARIAN_PEPPER_ROOT;10049;20;10046;10;;;10055;14;10059;20;;;10052.0;0.0
yf_ZW=F_d0;37600;ASH_COATED_OSMIUM;10034;19;10032;27;;;10040;10;10044;24;;;10037.0;0.0
yf_ZW=F_d0;37600;INTARIAN_PEPPER_ROOT;10051;11;10049;15;;;10057;18;10061;21;;;10054.0;0.0
yf_ZW=F_d0;37700;ASH_COATED_OSMIUM;10026;14;10023;10;;;10046;10;10049;22;;;10036.0;0.0
yf_ZW=F_d0;37700;INTARIAN_PEPPER_ROOT;10046;11;10043;24;;;10064;11;10067;23;;;10055.0;0.0
yf_ZW=F_d0;37800;ASH_COATED_OSMIUM;10031;20;10028;16;;;10044;13;10047;14;;;10037.5;0.0
yf_ZW=F_d0;37800;INTARIAN_PEPPER_ROOT;10054;18;10050;22;;;10060;13;10064;15;;;10057.0;0.0
yf_ZW=F_d0;37900;ASH_COATED_OSMIUM;10027;16;10023;16;;;10047;8;10049;28;;;10037.0;0.0
yf_ZW=F_d0;37900;INTARIAN_PEPPER_ROOT;10055;18;10051;12;;;10061;7;10065;15;;;10058.0;0.0
yf_ZW=F_d0;38000;ASH_COATED_OSMIUM;10022;12;10020;12;;;10051;20;10054;17;;;10036.5;0.0
yf_ZW=F_d0;38000;INTARIAN_PEPPER_ROOT;10056;16;10053;29;;;10062;15;10064;16;;;10059.0;0.0
yf_ZW=F_d0;38100;ASH_COATED_OSMIUM;10034;11;10031;13;;;10040;17;10042;19;;;10037.0;0.0
yf_ZW=F_d0;38100;INTARIAN_PEPPER_ROOT;10056;24;10053;14;;;10066;11;10069;26;;;10061.0;0.0
yf_ZW=F_d0;38200;ASH_COATED_OSMIUM;10032;13;10030;11;;;10042;17;10044;13;;;10037.0;0.0
yf_ZW=F_d0;38200;INTARIAN_PEPPER_ROOT;10060;14;10056;24;;;10066;5;10068;8;;;10063.0;0.0
yf_ZW=F_d0;38300;ASH_COATED_OSMIUM;10034;11;10031;28;;;10040;13;10043;17;;;10037.0;0.0
yf_ZW=F_d0;38300;INTARIAN_PEPPER_ROOT;10061;13;10057;21;;;10067;15;10069;15;;;10064.0;0.0
yf_ZW=F_d0;38400;ASH_COATED_OSMIUM;10031;21;10029;21;;;10043;17;10047;19;;;10037.0;0.0
yf_ZW=F_d0;38400;INTARIAN_PEPPER_ROOT;10063;18;10059;27;;;10069;11;10073;22;;;10066.0;0.0
yf_ZW=F_d0;38500;ASH_COATED_OSMIUM;10034;11;10032;17;;;10040;6;10043;11;;;10037.0;0.0
yf_ZW=F_d0;38500;INTARIAN_PEPPER_ROOT;10059;19;10055;23;;;10073;18;10077;33;;;10066.0;0.0
yf_ZW=F_d0;38600;ASH_COATED_OSMIUM;10034;17;10032;25;;;10041;11;10044;11;;;10037.5;0.0
yf_ZW=F_d0;38600;INTARIAN_PEPPER_ROOT;10065;9;10062;16;;;10071;7;10075;13;;;10068.0;0.0
yf_ZW=F_d0;38700;ASH_COATED_OSMIUM;10033;12;10029;14;;;10044;14;10046;16;;;10038.5;0.0
yf_ZW=F_d0;38700;INTARIAN_PEPPER_ROOT;10066;12;10064;17;;;10073;9;10076;15;;;10069.5;0.0
yf_ZW=F_d0;38800;ASH_COATED_OSMIUM;10034;13;10031;12;;;10042;10;10045;11;;;10038.0;0.0
yf_ZW=F_d0;38800;INTARIAN_PEPPER_ROOT;10064;12;10060;29;;;10077;12;10079;20;;;10070.5;0.0
yf_ZW=F_d0;38900;ASH_COATED_OSMIUM;10030;20;10028;24;;;10044;29;10048;24;;;10037.0;0.0
yf_ZW=F_d0;38900;INTARIAN_PEPPER_ROOT;10066;10;10063;22;;;10079;8;10082;26;;;10072.5;0.0
yf_ZW=F_d0;39000;ASH_COATED_OSMIUM;10028;12;10025;12;;;10047;10;10049;15;;;10037.5;0.0
yf_ZW=F_d0;39000;INTARIAN_PEPPER_ROOT;10071;17;10069;20;;;10077;15;10080;17;;;10074.0;0.0
yf_ZW=F_d0;39100;ASH_COATED_OSMIUM;10033;8;10029;16;;;10041;15;10045;18;;;10037.0;0.0
yf_ZW=F_d0;39100;INTARIAN_PEPPER_ROOT;10064;7;10062;12;;;10086;16;10090;23;;;10075.0;0.0
yf_ZW=F_d0;39200;ASH_COATED_OSMIUM;10034;12;10031;18;;;10040;20;10043;16;;;10037.0;0.0
yf_ZW=F_d0;39200;INTARIAN_PEPPER_ROOT;10074;24;10071;17;;;10081;16;10084;22;;;10077.5;0.0
yf_ZW=F_d0;39300;ASH_COATED_OSMIUM;10032;9;10030;13;;;10044;14;10047;17;;;10038.0;0.0
yf_ZW=F_d0;39300;INTARIAN_PEPPER_ROOT;10059;19;10057;18;;;10098;21;10101;28;;;10078.5;0.0
yf_ZW=F_d0;39400;ASH_COATED_OSMIUM;10027;14;10025;18;;;10049;21;10052;25;;;10038.0;0.0
yf_ZW=F_d0;39400;INTARIAN_PEPPER_ROOT;10077;11;10075;21;;;10083;17;10086;23;;;10080.0;0.0
yf_ZW=F_d0;39500;ASH_COATED_OSMIUM;10035;5;10032;8;;;10041;13;10044;11;;;10038.0;0.0
yf_ZW=F_d0;39500;INTARIAN_PEPPER_ROOT;10078;13;10074;11;;;10085;5;10089;15;;;10081.5;0.0
yf_ZW=F_d0;39600;ASH_COATED_OSMIUM;10035;11;10033;25;;;10041;14;10043;21;;;10038.0;0.0
yf_ZW=F_d0;39600;INTARIAN_PEPPER_ROOT;10080;21;10076;25;;;10086;13;10089;20;;;10083.0;0.0
yf_ZW=F_d0;39700;ASH_COATED_OSMIUM;10035;20;10033;20;;;10041;13;10045;18;;;10038.0;0.0
yf_ZW=F_d0;39700;INTARIAN_PEPPER_ROOT;10078;26;10074;17;;;10090;8;10092;22;;;10084.0;0.0
yf_ZW=F_d0;39800;ASH_COATED_OSMIUM;10033;11;10030;26;;;10043;22;10046;21;;;10038.0;0.0
yf_ZW=F_d0;39800;INTARIAN_PEPPER_ROOT;10083;8;10080;20;;;10089;13;10091;18;;;10086.0;0.0
yf_ZW=F_d0;39900;ASH_COATED_OSMIUM;10035;11;10031;16;;;10042;9;10045;17;;;10038.5;0.0
yf_ZW=F_d0;39900;INTARIAN_PEPPER_ROOT;10085;6;10083;25;;;10091;19;10095;16;;;10088.0;0.0
yf_ZW=F_d0;40000;ASH_COATED_OSMIUM;10028;12;10024;22;;;10048;20;10051;14;;;10038.0;0.0
yf_ZW=F_d0;40000;INTARIAN_PEPPER_ROOT;10086;12;10084;17;;;10092;12;10094;21;;;10089.0;0.0
yf_ZW=F_d0;40100;ASH_COATED_OSMIUM;10035;5;10031;12;;;10042;13;10046;22;;;10038.5;0.0
yf_ZW=F_d0;40100;INTARIAN_PEPPER_ROOT;10087;11;10084;18;;;10093;10;10095;16;;;10090.0;0.0
yf_ZW=F_d0;40200;ASH_COATED_OSMIUM;10024;5;10022;19;;;10053;10;10055;14;;;10038.5;0.0
yf_ZW=F_d0;40200;INTARIAN_PEPPER_ROOT;10088;15;10084;21;;;10094;15;10096;15;;;10091.0;0.0
yf_ZW=F_d0;40300;ASH_COATED_OSMIUM;10035;7;10032;17;;;10041;25;10045;15;;;10038.0;0.0
yf_ZW=F_d0;40300;INTARIAN_PEPPER_ROOT;10090;11;10086;24;;;10096;27;10098;9;;;10093.0;0.0
yf_ZW=F_d0;40400;ASH_COATED_OSMIUM;10035;11;10033;14;;;10041;23;10045;18;;;10038.0;0.0
yf_ZW=F_d0;40400;INTARIAN_PEPPER_ROOT;10085;14;10082;21;;;10103;9;10106;25;;;10094.0;0.0
yf_ZW=F_d0;40500;ASH_COATED_OSMIUM;10036;15;10033;15;;;10042;8;10044;18;;;10039.0;0.0
yf_ZW=F_d0;40500;INTARIAN_PEPPER_ROOT;10093;16;10091;11;;;10099;15;10102;10;;;10096.0;0.0
yf_ZW=F_d0;40600;ASH_COATED_OSMIUM;10035;10;10031;8;;;10041;23;10044;10;;;10038.0;0.0
yf_ZW=F_d0;40600;INTARIAN_PEPPER_ROOT;10094;19;10090;26;;;10100;19;10102;11;;;10097.0;0.0
yf_ZW=F_d0;40700;ASH_COATED_OSMIUM;10036;7;10034;15;;;10042;13;10046;19;;;10039.0;0.0
yf_ZW=F_d0;40700;INTARIAN_PEPPER_ROOT;10096;21;10094;19;;;10102;13;10106;16;;;10099.0;0.0
yf_ZW=F_d0;40800;ASH_COATED_OSMIUM;10035;11;10033;17;;;10041;12;10045;21;;;10038.0;0.0
yf_ZW=F_d0;40800;INTARIAN_PEPPER_ROOT;10097;15;10093;21;;;10103;20;10107;22;;;10100.0;0.0
yf_ZW=F_d0;40900;ASH_COATED_OSMIUM;10036;14;10034;10;;;10042;13;10045;15;;;10039.0;0.0
yf_ZW=F_d0;40900;INTARIAN_PEPPER_ROOT;10099;22;10096;12;;;10105;13;10109;23;;;10102.0;0.0
yf_ZW=F_d0;41000;ASH_COATED_OSMIUM;10036;15;10034;14;;;10042;12;10045;18;;;10039.0;0.0
yf_ZW=F_d0;41000;INTARIAN_PEPPER_ROOT;10098;16;10095;20;;;10107;15;10110;27;;;10102.5;0.0
yf_ZW=F_d0;41100;ASH_COATED_OSMIUM;10034;17;10031;22;;;10045;16;10048;16;;;10039.5;0.0
yf_ZW=F_d0;41100;INTARIAN_PEPPER_ROOT;10102;17;10098;23;;;10108;5;10112;27;;;10105.0;0.0
yf_ZW=F_d0;41200;ASH_COATED_OSMIUM;10036;19;10032;18;;;10042;24;10045;21;;;10039.0;0.0
yf_ZW=F_d0;41200;INTARIAN_PEPPER_ROOT;10103;11;10100;19;;;10109;5;10113;20;;;10106.0;0.0
yf_ZW=F_d0;41300;ASH_COATED_OSMIUM;10036;11;10032;21;;;10042;9;10044;22;;;10039.0;0.0
yf_ZW=F_d0;41300;INTARIAN_PEPPER_ROOT;10102;22;10100;24;;;10113;8;10117;16;;;10107.5;0.0
yf_ZW=F_d0;41400;ASH_COATED_OSMIUM;10034;20;10031;22;;;10043;9;10046;27;;;10038.5;0.0
yf_ZW=F_d0;41400;INTARIAN_PEPPER_ROOT;10095;11;10092;21;;;10124;17;10127;10;;;10109.5;0.0
yf_ZW=F_d0;41500;ASH_COATED_OSMIUM;10034;14;10032;10;;;10043;11;10045;18;;;10038.5;0.0
yf_ZW=F_d0;41500;INTARIAN_PEPPER_ROOT;10083;21;10080;18;;;10138;9;10142;17;;;10110.5;0.0
yf_ZW=F_d0;41600;ASH_COATED_OSMIUM;10036;18;10033;20;;;10042;14;10044;12;;;10039.0;0.0
yf_ZW=F_d0;41600;INTARIAN_PEPPER_ROOT;10108;8;10106;10;;;10115;13;10117;22;;;10111.5;0.0
yf_ZW=F_d0;41700;ASH_COATED_OSMIUM;10036;26;10033;20;;;10042;20;10046;14;;;10039.0;0.0
yf_ZW=F_d0;41700;INTARIAN_PEPPER_ROOT;10108;16;10105;21;;;10118;14;10122;17;;;10113.0;0.0
yf_ZW=F_d0;41800;ASH_COATED_OSMIUM;10036;15;10034;18;;;10042;5;10046;22;;;10039.0;0.0
yf_ZW=F_d0;41800;INTARIAN_PEPPER_ROOT;10107;10;10103;20;;;10124;5;10127;23;;;10115.5;0.0
yf_ZW=F_d0;41900;ASH_COATED_OSMIUM;10036;12;10032;23;;;10042;18;10044;20;;;10039.0;0.0
yf_ZW=F_d0;41900;INTARIAN_PEPPER_ROOT;10110;23;10107;16;;;10125;17;10128;19;;;10117.5;0.0
yf_ZW=F_d0;42000;ASH_COATED_OSMIUM;10036;16;10033;14;;;10042;10;10044;15;;;10039.0;0.0
yf_ZW=F_d0;42000;INTARIAN_PEPPER_ROOT;10115;14;10113;18;;;10121;14;10124;13;;;10118.0;0.0
yf_ZW=F_d0;42100;ASH_COATED_OSMIUM;10036;9;10033;14;;;10043;10;10045;22;;;10039.5;0.0
yf_ZW=F_d0;42100;INTARIAN_PEPPER_ROOT;10116;24;10114;17;;;10122;9;10125;14;;;10119.0;0.0
yf_ZW=F_d0;42200;ASH_COATED_OSMIUM;10030;13;10027;11;;;10051;19;10053;18;;;10040.5;0.0
yf_ZW=F_d0;42200;INTARIAN_PEPPER_ROOT;10115;12;10113;22;;;10127;16;10129;15;;;10121.0;0.0
yf_ZW=F_d0;42300;ASH_COATED_OSMIUM;10036;5;10032;28;;;10042;10;10044;24;;;10039.0;0.0
yf_ZW=F_d0;42300;INTARIAN_PEPPER_ROOT;10118;6;10115;20;;;10127;16;10131;20;;;10122.5;0.0
yf_ZW=F_d0;42400;ASH_COATED_OSMIUM;10036;11;10032;21;;;10042;17;10044;28;;;10039.0;0.0
yf_ZW=F_d0;42400;INTARIAN_PEPPER_ROOT;10118;9;10115;17;;;10129;22;10131;26;;;10123.5;0.0
yf_ZW=F_d0;42500;ASH_COATED_OSMIUM;10036;15;10034;23;;;10043;9;10045;13;;;10039.5;0.0
yf_ZW=F_d0;42500;INTARIAN_PEPPER_ROOT;10122;5;10118;13;;;10128;15;10132;18;;;10125.0;0.0
yf_ZW=F_d0;42600;ASH_COATED_OSMIUM;10037;16;10035;14;;;10043;24;10046;19;;;10040.0;0.0
yf_ZW=F_d0;42600;INTARIAN_PEPPER_ROOT;10123;10;10120;17;;;10130;7;10133;30;;;10126.5;0.0
yf_ZW=F_d0;42700;ASH_COATED_OSMIUM;10027;13;10025;20;;;10054;18;10058;20;;;10040.5;0.0
yf_ZW=F_d0;42700;INTARIAN_PEPPER_ROOT;10121;14;10119;20;;;10136;10;10140;19;;;10128.5;0.0
yf_ZW=F_d0;42800;ASH_COATED_OSMIUM;10026;13;10024;25;;;10055;6;10058;10;;;10040.5;0.0
yf_ZW=F_d0;42800;INTARIAN_PEPPER_ROOT;10127;12;10125;19;;;10133;12;10136;23;;;10130.0;0.0
yf_ZW=F_d0;42900;ASH_COATED_OSMIUM;10029;11;10027;22;;;10050;16;10052;26;;;10039.5;0.0
yf_ZW=F_d0;42900;INTARIAN_PEPPER_ROOT;10120;9;10118;16;;;10142;9;10144;10;;;10131.0;0.0
yf_ZW=F_d0;43000;ASH_COATED_OSMIUM;10037;15;10033;20;;;10043;6;10047;22;;;10040.0;0.0
yf_ZW=F_d0;43000;INTARIAN_PEPPER_ROOT;10130;14;10126;19;;;10136;11;10140;11;;;10133.0;0.0
yf_ZW=F_d0;43100;ASH_COATED_OSMIUM;10035;16;10031;26;;;10045;11;10047;19;;;10040.0;0.0
yf_ZW=F_d0;43100;INTARIAN_PEPPER_ROOT;10129;15;10127;24;;;10139;16;10143;23;;;10134.0;0.0
yf_ZW=F_d0;43200;ASH_COATED_OSMIUM;10038;15;10036;24;;;10044;7;10046;18;;;10041.0;0.0
yf_ZW=F_d0;43200;INTARIAN_PEPPER_ROOT;10125;18;10122;19;;;10145;16;10147;21;;;10135.0;0.0
yf_ZW=F_d0;43300;ASH_COATED_OSMIUM;10037;23;10034;9;;;10043;18;10047;14;;;10040.0;0.0
yf_ZW=F_d0;43300;INTARIAN_PEPPER_ROOT;10129;19;10127;15;;;10145;18;10149;15;;;10137.0;0.0
yf_ZW=F_d0;43400;ASH_COATED_OSMIUM;10033;16;10031;13;;;10046;18;10050;18;;;10039.5;0.0
yf_ZW=F_d0;43400;INTARIAN_PEPPER_ROOT;10135;20;10133;20;;;10141;13;10143;17;;;10138.0;0.0
yf_ZW=F_d0;43500;ASH_COATED_OSMIUM;10032;23;10028;34;;;10051;6;10055;14;;;10041.5;0.0
yf_ZW=F_d0;43500;INTARIAN_PEPPER_ROOT;10137;20;10134;24;;;10143;22;10146;18;;;10140.0;0.0
yf_ZW=F_d0;43600;ASH_COATED_OSMIUM;10037;15;10034;14;;;10043;13;10045;26;;;10040.0;0.0
yf_ZW=F_d0;43600;INTARIAN_PEPPER_ROOT;10134;19;10131;22;;;10148;13;10151;18;;;10141.0;0.0
yf_ZW=F_d0;43700;ASH_COATED_OSMIUM;10038;20;10035;9;;;10044;7;10046;26;;;10041.0;0.0
yf_ZW=F_d0;43700;INTARIAN_PEPPER_ROOT;10140;8;10137;23;;;10146;13;10149;16;;;10143.0;0.0
yf_ZW=F_d0;43800;ASH_COATED_OSMIUM;10037;6;10035;20;;;10044;20;10048;13;;;10040.5;0.0
yf_ZW=F_d0;43800;INTARIAN_PEPPER_ROOT;10136;20;10133;19;;;10154;12;10158;18;;;10145.0;0.0
yf_ZW=F_d0;43900;ASH_COATED_OSMIUM;10037;14;10035;15;;;10043;19;10045;17;;;10040.0;0.0
yf_ZW=F_d0;43900;INTARIAN_PEPPER_ROOT;10128;11;10125;21;;;10163;16;10166;16;;;10145.5;0.0
yf_ZW=F_d0;44000;ASH_COATED_OSMIUM;10038;15;10034;19;;;10044;9;10046;21;;;10041.0;0.0
yf_ZW=F_d0;44000;INTARIAN_PEPPER_ROOT;10140;15;10137;17;;;10153;27;10156;12;;;10146.5;0.0
yf_ZW=F_d0;44100;ASH_COATED_OSMIUM;10037;20;10035;10;;;10043;10;10045;21;;;10040.0;0.0
yf_ZW=F_d0;44100;INTARIAN_PEPPER_ROOT;10130;21;10126;19;;;10166;20;10169;17;;;10148.0;0.0
yf_ZW=F_d0;44200;ASH_COATED_OSMIUM;10038;18;10034;19;;;10044;18;10047;13;;;10041.0;0.0
yf_ZW=F_d0;44200;INTARIAN_PEPPER_ROOT;10145;16;10143;20;;;10156;17;10158;23;;;10150.5;0.0
yf_ZW=F_d0;44300;ASH_COATED_OSMIUM;10038;17;10036;24;;;10044;19;10046;21;;;10041.0;0.0
yf_ZW=F_d0;44300;INTARIAN_PEPPER_ROOT;10149;19;10145;17;;;10155;16;10158;28;;;10152.0;0.0
yf_ZW=F_d0;44400;ASH_COATED_OSMIUM;10038;15;10035;16;;;10044;22;10048;11;;;10041.0;0.0
yf_ZW=F_d0;44400;INTARIAN_PEPPER_ROOT;10150;11;10148;26;;;10156;5;10159;22;;;10153.0;0.0
yf_ZW=F_d0;44500;ASH_COATED_OSMIUM;10038;17;10035;11;;;10044;11;10046;27;;;10041.0;0.0
yf_ZW=F_d0;44500;INTARIAN_PEPPER_ROOT;10151;14;10149;29;;;10157;17;10159;13;;;10154.0;0.0
yf_ZW=F_d0;44600;ASH_COATED_OSMIUM;10038;19;10035;22;;;10045;20;10049;17;;;10041.5;0.0
yf_ZW=F_d0;44600;INTARIAN_PEPPER_ROOT;10152;13;10150;14;;;10159;19;10162;25;;;10155.5;0.0
yf_ZW=F_d0;44700;ASH_COATED_OSMIUM;10039;14;10036;19;;;10045;15;10047;24;;;10042.0;0.0
yf_ZW=F_d0;44700;INTARIAN_PEPPER_ROOT;10155;6;10152;23;;;10161;17;10165;25;;;10158.0;0.0
yf_ZW=F_d0;44800;ASH_COATED_OSMIUM;10038;17;10036;13;;;10044;20;10047;22;;;10041.0;0.0
yf_ZW=F_d0;44800;INTARIAN_PEPPER_ROOT;10154;20;10152;20;;;10164;16;10168;16;;;10159.0;0.0
yf_ZW=F_d0;44900;ASH_COATED_OSMIUM;10038;16;10034;9;;;10044;20;10047;9;;;10041.0;0.0
yf_ZW=F_d0;44900;INTARIAN_PEPPER_ROOT;10154;18;10152;24;;;10167;15;10169;18;;;10160.5;0.0
yf_ZW=F_d0;45000;ASH_COATED_OSMIUM;10035;10;10031;20;;;10049;16;10051;22;;;10042.0;0.0
yf_ZW=F_d0;45000;INTARIAN_PEPPER_ROOT;10156;22;10154;23;;;10168;13;10170;12;;;10162.0;0.0
yf_ZW=F_d0;45100;ASH_COATED_OSMIUM;10018;5;10014;23;;;10065;13;10068;18;;;10041.5;0.0
yf_ZW=F_d0;45100;INTARIAN_PEPPER_ROOT;10157;22;10153;17;;;10168;12;10172;25;;;10162.5;0.0
yf_ZW=F_d0;45200;ASH_COATED_OSMIUM;10038;14;10034;27;;;10045;6;10049;26;;;10041.5;0.0
yf_ZW=F_d0;45200;INTARIAN_PEPPER_ROOT;10162;14;10159;18;;;10168;15;10170;12;;;10165.0;0.0
yf_ZW=F_d0;45300;ASH_COATED_OSMIUM;10039;15;10036;16;;;10045;6;10048;22;;;10042.0;0.0
yf_ZW=F_d0;45300;INTARIAN_PEPPER_ROOT;10163;8;10160;20;;;10169;18;10173;15;;;10166.0;0.0
yf_ZW=F_d0;45400;ASH_COATED_OSMIUM;10036;13;10033;13;;;10048;20;10050;15;;;10042.0;0.0
yf_ZW=F_d0;45400;INTARIAN_PEPPER_ROOT;10164;20;10161;12;;;10171;12;10174;15;;;10167.5;0.0
yf_ZW=F_d0;45500;ASH_COATED_OSMIUM;10039;18;10035;28;;;10045;22;10048;25;;;10042.0;0.0
yf_ZW=F_d0;45500;INTARIAN_PEPPER_ROOT;10142;12;10140;31;;;10196;17;10200;21;;;10169.0;0.0
yf_ZW=F_d0;45600;ASH_COATED_OSMIUM;10039;16;10036;22;;;10045;19;10048;23;;;10042.0;0.0
yf_ZW=F_d0;45600;INTARIAN_PEPPER_ROOT;10163;19;10161;17;;;10178;22;10182;22;;;10170.5;0.0
yf_ZW=F_d0;45700;ASH_COATED_OSMIUM;10037;18;10034;21;;;10046;7;10049;12;;;10041.5;0.0
yf_ZW=F_d0;45700;INTARIAN_PEPPER_ROOT;10167;14;10165;26;;;10176;13;10179;21;;;10171.5;0.0
yf_ZW=F_d0;45800;ASH_COATED_OSMIUM;10039;10;10037;25;;;10045;17;10048;28;;;10042.0;0.0
yf_ZW=F_d0;45800;INTARIAN_PEPPER_ROOT;10170;20;10168;13;;;10176;15;10178;22;;;10173.0;0.0
yf_ZW=F_d0;45900;ASH_COATED_OSMIUM;10035;18;10031;14;;;10050;16;10053;21;;;10042.5;0.0
yf_ZW=F_d0;45900;INTARIAN_PEPPER_ROOT;10172;16;10170;22;;;10178;12;10180;18;;;10175.0;0.0
yf_ZW=F_d0;46000;ASH_COATED_OSMIUM;10039;21;10035;20;;;10045;24;10049;23;;;10042.0;0.0
yf_ZW=F_d0;46000;INTARIAN_PEPPER_ROOT;10160;16;10157;29;;;10192;14;10196;19;;;10176.0;0.0
yf_ZW=F_d0;46100;ASH_COATED_OSMIUM;10037;8;10033;26;;;10049;7;10053;13;;;10043.0;0.0
yf_ZW=F_d0;46100;INTARIAN_PEPPER_ROOT;10175;19;10172;11;;;10181;10;10184;14;;;10178.0;0.0
yf_ZW=F_d0;46200;ASH_COATED_OSMIUM;10039;13;10036;8;;;10045;6;10049;16;;;10042.0;0.0
yf_ZW=F_d0;46200;INTARIAN_PEPPER_ROOT;10174;13;10171;25;;;10184;17;10187;26;;;10179.0;0.0
yf_ZW=F_d0;46300;ASH_COATED_OSMIUM;10039;12;10037;9;;;10045;12;10049;17;;;10042.0;0.0
yf_ZW=F_d0;46300;INTARIAN_PEPPER_ROOT;10178;13;10174;15;;;10184;13;10187;20;;;10181.0;0.0
yf_ZW=F_d0;46400;ASH_COATED_OSMIUM;10034;15;10030;18;;;10049;5;10053;19;;;10041.5;0.0
yf_ZW=F_d0;46400;INTARIAN_PEPPER_ROOT;10178;12;10174;10;;;10186;16;10189;22;;;10182.0;0.0
yf_ZW=F_d0;46500;ASH_COATED_OSMIUM;10035;15;10031;18;;;10049;23;10051;13;;;10042.0;0.0
yf_ZW=F_d0;46500;INTARIAN_PEPPER_ROOT;10177;20;10174;15;;;10190;12;10194;22;;;10183.5;0.0
yf_ZW=F_d0;46600;ASH_COATED_OSMIUM;10039;14;10035;20;;;10045;19;10047;18;;;10042.0;0.0
yf_ZW=F_d0;46600;INTARIAN_PEPPER_ROOT;10182;14;10179;19;;;10188;17;10192;28;;;10185.0;0.0
yf_ZW=F_d0;46700;ASH_COATED_OSMIUM;10037;21;10035;24;;;10048;11;10050;11;;;10042.5;0.0
yf_ZW=F_d0;46700;INTARIAN_PEPPER_ROOT;10184;10;10181;23;;;10190;22;10193;23;;;10187.0;0.0
yf_ZW=F_d0;46800;ASH_COATED_OSMIUM;10040;5;10036;17;;;10046;16;10049;18;;;10043.0;0.0
yf_ZW=F_d0;46800;INTARIAN_PEPPER_ROOT;10185;15;10181;15;;;10191;21;10194;17;;;10188.0;0.0
yf_ZW=F_d0;46900;ASH_COATED_OSMIUM;10040;10;10038;15;;;10046;19;10050;25;;;10043.0;0.0
yf_ZW=F_d0;46900;INTARIAN_PEPPER_ROOT;10187;20;10185;18;;;10193;17;10196;17;;;10190.0;0.0
yf_ZW=F_d0;47000;ASH_COATED_OSMIUM;10039;17;10035;20;;;10045;19;10048;22;;;10042.0;0.0
yf_ZW=F_d0;47000;INTARIAN_PEPPER_ROOT;10188;18;10186;24;;;10194;7;10197;21;;;10191.0;0.0
yf_ZW=F_d0;47100;ASH_COATED_OSMIUM;10038;22;10036;16;;;10047;13;10051;20;;;10042.5;0.0
yf_ZW=F_d0;47100;INTARIAN_PEPPER_ROOT;10190;17;10188;17;;;10196;20;10200;17;;;10193.0;0.0
yf_ZW=F_d0;47200;ASH_COATED_OSMIUM;10039;7;10035;13;;;10047;9;10050;21;;;10043.0;0.0
yf_ZW=F_d0;47200;INTARIAN_PEPPER_ROOT;10189;9;10185;9;;;10198;9;10201;22;;;10193.5;0.0
yf_ZW=F_d0;47300;ASH_COATED_OSMIUM;10040;21;10036;19;;;10046;11;10050;28;;;10043.0;0.0
yf_ZW=F_d0;47300;INTARIAN_PEPPER_ROOT;10192;20;10190;27;;;10198;9;10202;22;;;10195.0;0.0
yf_ZW=F_d0;47400;ASH_COATED_OSMIUM;10040;8;10038;21;;;10046;16;10049;17;;;10043.0;0.0
yf_ZW=F_d0;47400;INTARIAN_PEPPER_ROOT;10194;19;10190;20;;;10200;17;10202;30;;;10197.0;0.0
yf_ZW=F_d0;47500;ASH_COATED_OSMIUM;10040;16;10036;18;;;10046;8;10049;10;;;10043.0;0.0
yf_ZW=F_d0;47500;INTARIAN_PEPPER_ROOT;10195;10;10193;13;;;10201;15;10205;10;;;10198.0;0.0
yf_ZW=F_d0;47600;ASH_COATED_OSMIUM;10040;13;10036;12;;;10046;12;10049;20;;;10043.0;0.0
yf_ZW=F_d0;47600;INTARIAN_PEPPER_ROOT;10197;16;10195;24;;;10203;9;10206;22;;;10200.0;0.0
yf_ZW=F_d0;47700;ASH_COATED_OSMIUM;10040;9;10037;19;;;10046;20;10049;19;;;10043.0;0.0
yf_ZW=F_d0;47700;INTARIAN_PEPPER_ROOT;10199;20;10196;28;;;10205;12;10208;21;;;10202.0;0.0
yf_ZW=F_d0;47800;ASH_COATED_OSMIUM;10038;14;10034;22;;;10048;13;10050;23;;;10043.0;0.0
yf_ZW=F_d0;47800;INTARIAN_PEPPER_ROOT;10183;10;10181;22;;;10222;19;10224;25;;;10202.5;0.0
yf_ZW=F_d0;47900;ASH_COATED_OSMIUM;10041;23;10038;29;;;10047;7;10049;25;;;10044.0;0.0
yf_ZW=F_d0;47900;INTARIAN_PEPPER_ROOT;10201;16;10197;17;;;10207;16;10209;18;;;10204.0;0.0
yf_ZW=F_d0;48000;ASH_COATED_OSMIUM;10040;21;10038;24;;;10046;19;10048;17;;;10043.0;0.0
yf_ZW=F_d0;48000;INTARIAN_PEPPER_ROOT;10192;12;10189;14;;;10219;12;10223;17;;;10205.5;0.0
yf_ZW=F_d0;48100;ASH_COATED_OSMIUM;10040;19;10038;14;;;10046;10;10050;21;;;10043.0;0.0
yf_ZW=F_d0;48100;INTARIAN_PEPPER_ROOT;10204;23;10200;18;;;10210;16;10214;22;;;10207.0;0.0
yf_ZW=F_d0;48200;ASH_COATED_OSMIUM;10036;14;10033;19;;;10051;11;10054;27;;;10043.5;0.0
yf_ZW=F_d0;48200;INTARIAN_PEPPER_ROOT;10202;22;10200;24;;;10215;16;10218;25;;;10208.5;0.0
yf_ZW=F_d0;48300;ASH_COATED_OSMIUM;10041;15;10038;12;;;10047;15;10051;11;;;10044.0;0.0
yf_ZW=F_d0;48300;INTARIAN_PEPPER_ROOT;10207;11;10203;17;;;10213;15;10215;20;;;10210.0;0.0
yf_ZW=F_d0;48400;ASH_COATED_OSMIUM;10041;12;10038;20;;;10047;21;10051;26;;;10044.0;0.0
yf_ZW=F_d0;48400;INTARIAN_PEPPER_ROOT;10209;7;10206;19;;;10215;11;10219;24;;;10212.0;0.0
yf_ZW=F_d0;48500;ASH_COATED_OSMIUM;10035;6;10032;21;;;10051;10;10054;27;;;10043.0;0.0
yf_ZW=F_d0;48500;INTARIAN_PEPPER_ROOT;10207;11;10205;28;;;10220;21;10224;13;;;10213.5;0.0
yf_ZW=F_d0;48600;ASH_COATED_OSMIUM;10041;26;10037;22;;;10047;14;10049;24;;;10044.0;0.0
yf_ZW=F_d0;48600;INTARIAN_PEPPER_ROOT;10211;21;10207;12;;;10217;18;10220;17;;;10214.0;0.0
yf_ZW=F_d0;48700;ASH_COATED_OSMIUM;10039;25;10037;23;;;10048;10;10050;21;;;10043.5;0.0
yf_ZW=F_d0;48700;INTARIAN_PEPPER_ROOT;10212;26;10208;22;;;10218;17;10221;18;;;10215.0;0.0
yf_ZW=F_d0;48800;ASH_COATED_OSMIUM;10029;27;10026;21;;;10058;19;10062;14;;;10043.5;0.0
yf_ZW=F_d0;48800;INTARIAN_PEPPER_ROOT;10213;19;10210;25;;;10221;15;10224;26;;;10217.0;0.0
yf_ZW=F_d0;48900;ASH_COATED_OSMIUM;10041;13;10038;17;;;10047;7;10051;8;;;10044.0;0.0
yf_ZW=F_d0;48900;INTARIAN_PEPPER_ROOT;10207;16;10205;15;;;10231;17;10235;17;;;10219.0;0.0
yf_ZW=F_d0;49000;ASH_COATED_OSMIUM;10041;16;10039;22;;;10047;5;10050;25;;;10044.0;0.0
yf_ZW=F_d0;49000;INTARIAN_PEPPER_ROOT;10217;11;10214;22;;;10223;9;10226;8;;;10220.0;0.0
yf_ZW=F_d0;49100;ASH_COATED_OSMIUM;10041;11;10037;24;;;10047;20;10051;19;;;10044.0;0.0
yf_ZW=F_d0;49100;INTARIAN_PEPPER_ROOT;10217;13;10214;18;;;10226;14;10229;15;;;10221.5;0.0
yf_ZW=F_d0;49200;ASH_COATED_OSMIUM;10040;14;10037;12;;;10048;21;10051;18;;;10044.0;0.0
yf_ZW=F_d0;49200;INTARIAN_PEPPER_ROOT;10220;12;10218;21;;;10227;20;10231;21;;;10223.5;0.0
yf_ZW=F_d0;49300;ASH_COATED_OSMIUM;10042;11;10038;15;;;10048;15;10051;26;;;10045.0;0.0
yf_ZW=F_d0;49300;INTARIAN_PEPPER_ROOT;10222;16;10220;26;;;10228;12;10231;9;;;10225.0;0.0
yf_ZW=F_d0;49400;ASH_COATED_OSMIUM;10041;9;10037;20;;;10047;15;10050;20;;;10044.0;0.0
yf_ZW=F_d0;49400;INTARIAN_PEPPER_ROOT;10223;23;10221;17;;;10229;13;10231;16;;;10226.0;0.0
yf_ZW=F_d0;49500;ASH_COATED_OSMIUM;10034;16;10032;15;;;10054;15;10058;22;;;10044.0;0.0
yf_ZW=F_d0;49500;INTARIAN_PEPPER_ROOT;10223;14;10220;19;;;10233;12;10237;22;;;10228.0;0.0
yf_ZW=F_d0;49600;ASH_COATED_OSMIUM;10041;17;10038;27;;;10047;10;10051;26;;;10044.0;0.0
yf_ZW=F_d0;49600;INTARIAN_PEPPER_ROOT;10226;22;10224;25;;;10232;15;10234;24;;;10229.0;0.0
yf_ZW=F_d0;49700;ASH_COATED_OSMIUM;10042;17;10039;25;;;10048;26;10052;19;;;10045.0;0.0
yf_ZW=F_d0;49700;INTARIAN_PEPPER_ROOT;10227;13;10224;20;;;10233;21;10235;23;;;10230.0;0.0
yf_ZW=F_d0;49800;ASH_COATED_OSMIUM;10027;14;10024;17;;;10061;12;10065;15;;;10044.0;0.0
yf_ZW=F_d0;49800;INTARIAN_PEPPER_ROOT;10229;15;10225;15;;;10235;15;10238;17;;;10232.0;0.0
yf_ZW=F_d0;49900;ASH_COATED_OSMIUM;10042;24;10040;24;;;10048;11;10051;26;;;10045.0;0.0
yf_ZW=F_d0;49900;INTARIAN_PEPPER_ROOT;10230;13;10226;21;;;10236;20;10238;28;;;10233.0;0.0
yf_ZW=F_d0;50000;ASH_COATED_OSMIUM;10039;18;10035;9;;;10050;23;10053;17;;;10044.5;0.0
yf_ZW=F_d0;50000;INTARIAN_PEPPER_ROOT;10232;18;10229;13;;;10238;13;10240;15;;;10235.0;0.0
yf_ZW=F_d0;50100;ASH_COATED_OSMIUM;10042;21;10040;21;;;10048;18;10050;23;;;10045.0;0.0
yf_ZW=F_d0;50100;INTARIAN_PEPPER_ROOT;10232;15;10228;16;;;10240;19;10242;28;;;10236.0;0.0
yf_ZW=F_d0;50200;ASH_COATED_OSMIUM;10041;19;10038;20;;;10049;21;10053;23;;;10045.0;0.0
yf_ZW=F_d0;50200;INTARIAN_PEPPER_ROOT;10236;12;10232;12;;;10242;11;10245;22;;;10239.0;0.0
yf_ZW=F_d0;50300;ASH_COATED_OSMIUM;10038;15;10035;25;;;10053;10;10057;22;;;10045.5;0.0
yf_ZW=F_d0;50300;INTARIAN_PEPPER_ROOT;10235;19;10232;21;;;10245;6;10248;18;;;10240.0;0.0
yf_ZW=F_d0;50400;ASH_COATED_OSMIUM;10036;11;10032;27;;;10054;21;10056;23;;;10045.0;0.0
yf_ZW=F_d0;50400;INTARIAN_PEPPER_ROOT;10228;7;10225;20;;;10254;13;10257;25;;;10241.0;0.0
yf_ZW=F_d0;50500;ASH_COATED_OSMIUM;10029;9;10027;28;;;10061;10;10065;27;;;10045.0;0.0
yf_ZW=F_d0;50500;INTARIAN_PEPPER_ROOT;10240;12;10237;17;;;10246;19;10248;25;;;10243.0;0.0
yf_ZW=F_d0;50600;ASH_COATED_OSMIUM;10038;12;10036;12;;;10053;8;10057;14;;;10045.5;0.0
yf_ZW=F_d0;50600;INTARIAN_PEPPER_ROOT;10238;17;10236;22;;;10250;9;10253;19;;;10244.0;0.0
yf_ZW=F_d0;50700;ASH_COATED_OSMIUM;10042;26;10040;17;;;10048;10;10052;23;;;10045.0;0.0
yf_ZW=F_d0;50700;INTARIAN_PEPPER_ROOT;10242;16;10238;21;;;10248;16;10251;17;;;10245.0;0.0
yf_ZW=F_d0;50800;ASH_COATED_OSMIUM;10030;18;10027;20;;;10058;17;10060;17;;;10044.0;0.0
yf_ZW=F_d0;50800;INTARIAN_PEPPER_ROOT;10234;11;10230;15;;;10259;16;10263;23;;;10246.5;0.0
yf_ZW=F_d0;50900;ASH_COATED_OSMIUM;10042;17;10040;25;;;10048;15;10052;21;;;10045.0;0.0
yf_ZW=F_d0;50900;INTARIAN_PEPPER_ROOT;10245;20;10243;25;;;10251;15;10253;20;;;10248.0;0.0
yf_ZW=F_d0;51000;ASH_COATED_OSMIUM;10041;18;10038;24;;;10047;17;10051;8;;;10044.0;0.0
yf_ZW=F_d0;51000;INTARIAN_PEPPER_ROOT;10248;11;10245;11;;;10254;14;10258;20;;;10251.0;0.0
yf_ZW=F_d0;51100;ASH_COATED_OSMIUM;10040;20;10036;18;;;10047;22;10050;23;;;10043.5;0.0
yf_ZW=F_d0;51100;INTARIAN_PEPPER_ROOT;10248;11;10245;20;;;10257;13;10259;21;;;10252.5;0.0
yf_ZW=F_d0;51200;ASH_COATED_OSMIUM;10040;18;10038;21;;;10046;12;10048;21;;;10043.0;0.0
yf_ZW=F_d0;51200;INTARIAN_PEPPER_ROOT;10252;12;10249;26;;;10258;26;10262;18;;;10255.0;0.0
yf_ZW=F_d0;51300;ASH_COATED_OSMIUM;10039;13;10035;13;;;10045;14;10048;12;;;10042.0;0.0
yf_ZW=F_d0;51300;INTARIAN_PEPPER_ROOT;10248;13;10246;26;;;10265;8;10268;27;;;10256.5;0.0
yf_ZW=F_d0;51400;ASH_COATED_OSMIUM;10039;9;10035;20;;;10045;15;10048;11;;;10042.0;0.0
yf_ZW=F_d0;51400;INTARIAN_PEPPER_ROOT;10255;23;10253;25;;;10264;16;10268;27;;;10259.5;0.0
yf_ZW=F_d0;51500;ASH_COATED_OSMIUM;10030;15;10028;18;;;10054;11;10057;29;;;10042.0;0.0
yf_ZW=F_d0;51500;INTARIAN_PEPPER_ROOT;10259;17;10256;15;;;10265;28;10267;16;;;10262.0;0.0
yf_ZW=F_d0;51600;ASH_COATED_OSMIUM;10038;5;10035;20;;;10044;11;10048;11;;;10041.0;0.0
yf_ZW=F_d0;51600;INTARIAN_PEPPER_ROOT;10261;13;10258;14;;;10267;10;10270;14;;;10264.0;0.0
yf_ZW=F_d0;51700;ASH_COATED_OSMIUM;10038;20;10035;20;;;10044;12;10048;19;;;10041.0;0.0
yf_ZW=F_d0;51700;INTARIAN_PEPPER_ROOT;10258;20;10254;16;;;10273;13;10277;16;;;10265.5;0.0
yf_ZW=F_d0;51800;ASH_COATED_OSMIUM;10038;9;10035;22;;;10044;14;10048;15;;;10041.0;0.0
yf_ZW=F_d0;51800;INTARIAN_PEPPER_ROOT;10265;19;10261;14;;;10272;12;10275;16;;;10268.5;0.0
yf_ZW=F_d0;51900;ASH_COATED_OSMIUM;10035;18;10033;20;;;10044;21;10046;23;;;10039.5;0.0
yf_ZW=F_d0;51900;INTARIAN_PEPPER_ROOT;10267;13;10264;13;;;10273;15;10277;13;;;10270.0;0.0
yf_ZW=F_d0;52000;ASH_COATED_OSMIUM;10028;17;10025;16;;;10051;23;10054;30;;;10039.5;0.0
yf_ZW=F_d0;52000;INTARIAN_PEPPER_ROOT;10268;18;10266;15;;;10277;15;10280;10;;;10272.5;0.0
yf_ZW=F_d0;52100;ASH_COATED_OSMIUM;10035;21;10033;19;;;10042;12;10045;23;;;10038.5;0.0
yf_ZW=F_d0;52100;INTARIAN_PEPPER_ROOT;10271;14;10269;16;;;10277;11;10279;12;;;10274.0;0.0
yf_ZW=F_d0;52200;ASH_COATED_OSMIUM;10035;20;10033;19;;;10041;11;10045;15;;;10038.0;0.0
yf_ZW=F_d0;52200;INTARIAN_PEPPER_ROOT;10267;17;10264;18;;;10286;22;10288;19;;;10276.5;0.0
yf_ZW=F_d0;52300;ASH_COATED_OSMIUM;10032;12;10028;22;;;10045;18;10047;22;;;10038.5;0.0
yf_ZW=F_d0;52300;INTARIAN_PEPPER_ROOT;10276;19;10272;20;;;10282;21;10286;18;;;10279.0;0.0
yf_ZW=F_d0;52400;ASH_COATED_OSMIUM;10034;16;10031;22;;;10040;12;10043;20;;;10037.0;0.0
yf_ZW=F_d0;52400;INTARIAN_PEPPER_ROOT;10278;16;10275;15;;;10284;9;10287;17;;;10281.0;0.0
yf_ZW=F_d0;52500;ASH_COATED_OSMIUM;10034;15;10031;17;;;10040;5;10042;20;;;10037.0;0.0
yf_ZW=F_d0;52500;INTARIAN_PEPPER_ROOT;10280;19;10277;16;;;10286;12;10290;19;;;10283.0;0.0
yf_ZW=F_d0;52600;ASH_COATED_OSMIUM;10033;15;10030;19;;;10039;18;10041;14;;;10036.0;0.0
yf_ZW=F_d0;52600;INTARIAN_PEPPER_ROOT;10282;19;10279;16;;;10288;13;10291;20;;;10285.0;0.0
yf_ZW=F_d0;52700;ASH_COATED_OSMIUM;10033;14;10029;17;;;10039;12;10042;25;;;10036.0;0.0
yf_ZW=F_d0;52700;INTARIAN_PEPPER_ROOT;10285;15;10283;23;;;10291;22;10293;14;;;10288.0;0.0
yf_ZW=F_d0;52800;ASH_COATED_OSMIUM;10032;6;10030;24;;;10038;13;10042;18;;;10035.0;0.0
yf_ZW=F_d0;52800;INTARIAN_PEPPER_ROOT;10287;13;10283;31;;;10293;12;10296;30;;;10290.0;0.0
yf_ZW=F_d0;52900;ASH_COATED_OSMIUM;10031;10;10029;19;;;10037;8;10041;15;;;10034.0;0.0
yf_ZW=F_d0;52900;INTARIAN_PEPPER_ROOT;10289;19;10285;28;;;10295;23;10298;23;;;10292.0;0.0
yf_ZW=F_d0;53000;ASH_COATED_OSMIUM;10027;22;10024;14;;;10041;18;10043;22;;;10034.0;0.0
yf_ZW=F_d0;53000;INTARIAN_PEPPER_ROOT;10288;18;10284;19;;;10301;14;10303;14;;;10294.5;0.0
yf_ZW=F_d0;53100;ASH_COATED_OSMIUM;10022;13;10019;21;;;10045;8;10049;21;;;10033.5;0.0
yf_ZW=F_d0;53100;INTARIAN_PEPPER_ROOT;10293;15;10290;20;;;10299;23;10301;20;;;10296.0;0.0
yf_ZW=F_d0;53200;ASH_COATED_OSMIUM;10030;11;10028;20;;;10036;13;10038;28;;;10033.0;0.0
yf_ZW=F_d0;53200;INTARIAN_PEPPER_ROOT;10296;18;10292;26;;;10302;18;10305;17;;;10299.0;0.0
yf_ZW=F_d0;53300;ASH_COATED_OSMIUM;10029;14;10027;15;;;10037;20;10040;21;;;10033.0;0.0
yf_ZW=F_d0;53300;INTARIAN_PEPPER_ROOT;10297;17;10295;25;;;10303;19;10306;13;;;10300.0;0.0
yf_ZW=F_d0;53400;ASH_COATED_OSMIUM;10025;7;10023;13;;;10039;10;10042;22;;;10032.0;0.0
yf_ZW=F_d0;53400;INTARIAN_PEPPER_ROOT;10299;19;10295;19;;;10305;17;10308;20;;;10302.0;0.0
yf_ZW=F_d0;53500;ASH_COATED_OSMIUM;10027;16;10024;21;;;10036;13;10040;28;;;10031.5;0.0
yf_ZW=F_d0;53500;INTARIAN_PEPPER_ROOT;10302;15;10298;14;;;10308;22;10310;14;;;10305.0;0.0
yf_ZW=F_d0;53600;ASH_COATED_OSMIUM;10024;12;10022;24;;;10039;19;10041;12;;;10031.5;0.0
yf_ZW=F_d0;53600;INTARIAN_PEPPER_ROOT;10304;11;10302;17;;;10310;17;10313;15;;;10307.0;0.0
yf_ZW=F_d0;53700;ASH_COATED_OSMIUM;10028;14;10024;25;;;10034;14;10038;14;;;10031.0;0.0
yf_ZW=F_d0;53700;INTARIAN_PEPPER_ROOT;10304;12;10302;15;;;10313;18;10316;18;;;10308.5;0.0
yf_ZW=F_d0;53800;ASH_COATED_OSMIUM;10027;17;10025;23;;;10033;12;10035;26;;;10030.0;0.0
yf_ZW=F_d0;53800;INTARIAN_PEPPER_ROOT;10305;15;10303;21;;;10317;13;10320;21;;;10311.0;0.0
yf_ZW=F_d0;53900;ASH_COATED_OSMIUM;10026;11;10023;9;;;10033;14;10035;16;;;10029.5;0.0
yf_ZW=F_d0;53900;INTARIAN_PEPPER_ROOT;10311;9;10308;15;;;10317;10;10320;16;;;10314.0;0.0
yf_ZW=F_d0;54000;ASH_COATED_OSMIUM;10027;15;10025;18;;;10033;19;10036;21;;;10030.0;0.0
yf_ZW=F_d0;54000;INTARIAN_PEPPER_ROOT;10312;15;10310;13;;;10319;14;10322;32;;;10315.5;0.0
yf_ZW=F_d0;54100;ASH_COATED_OSMIUM;10019;21;10016;24;;;10037;14;10040;15;;;10028.0;0.0
yf_ZW=F_d0;54100;INTARIAN_PEPPER_ROOT;10313;19;10311;16;;;10323;8;10325;26;;;10318.0;0.0
yf_ZW=F_d0;54200;ASH_COATED_OSMIUM;10020;8;10018;24;;;10037;16;10039;13;;;10028.5;0.0
yf_ZW=F_d0;54200;INTARIAN_PEPPER_ROOT;10317;20;10314;22;;;10323;9;10327;17;;;10320.0;0.0
yf_ZW=F_d0;54300;ASH_COATED_OSMIUM;10025;15;10022;16;;;10031;19;10035;28;;;10028.0;0.0
yf_ZW=F_d0;54300;INTARIAN_PEPPER_ROOT;10319;25;10315;23;;;10325;24;10329;15;;;10322.0;0.0
yf_ZW=F_d0;54400;ASH_COATED_OSMIUM;10025;10;10022;19;;;10031;14;10033;13;;;10028.0;0.0
yf_ZW=F_d0;54400;INTARIAN_PEPPER_ROOT;10320;14;10318;24;;;10327;21;10330;10;;;10323.5;0.0
yf_ZW=F_d0;54500;ASH_COATED_OSMIUM;10024;18;10020;21;;;10030;18;10034;21;;;10027.0;0.0
yf_ZW=F_d0;54500;INTARIAN_PEPPER_ROOT;10324;19;10321;27;;;10331;8;10334;16;;;10327.5;0.0
yf_ZW=F_d0;54600;ASH_COATED_OSMIUM;10023;28;10021;28;;;10029;17;10033;25;;;10026.0;0.0
yf_ZW=F_d0;54600;INTARIAN_PEPPER_ROOT;10326;18;10324;22;;;10332;12;10334;17;;;10329.0;0.0
yf_ZW=F_d0;54700;ASH_COATED_OSMIUM;10022;6;10018;18;;;10030;18;10033;22;;;10026.0;0.0
yf_ZW=F_d0;54700;INTARIAN_PEPPER_ROOT;10328;23;10325;24;;;10334;20;10336;21;;;10331.0;0.0
yf_ZW=F_d0;54800;ASH_COATED_OSMIUM;10023;16;10020;18;;;10029;16;10033;15;;;10026.0;0.0
yf_ZW=F_d0;54800;INTARIAN_PEPPER_ROOT;10330;20;10326;23;;;10336;13;10339;22;;;10333.0;0.0
yf_ZW=F_d0;54900;ASH_COATED_OSMIUM;10020;14;10017;19;;;10031;14;10035;17;;;10025.5;0.0
yf_ZW=F_d0;54900;INTARIAN_PEPPER_ROOT;10319;13;10316;16;;;10351;17;10355;18;;;10335.0;0.0
yf_ZW=F_d0;55000;ASH_COATED_OSMIUM;10017;13;10014;19;;;10031;19;10034;10;;;10024.0;0.0
yf_ZW=F_d0;55000;INTARIAN_PEPPER_ROOT;10333;9;10329;20;;;10342;9;10345;19;;;10337.5;0.0
yf_ZW=F_d0;55100;ASH_COATED_OSMIUM;10021;14;10019;18;;;10027;12;10029;13;;;10024.0;0.0
yf_ZW=F_d0;55100;INTARIAN_PEPPER_ROOT;10337;18;10335;18;;;10343;21;10345;13;;;10340.0;0.0
yf_ZW=F_d0;55200;ASH_COATED_OSMIUM;10015;17;10011;20;;;10032;22;10034;17;;;10023.5;0.0
yf_ZW=F_d0;55200;INTARIAN_PEPPER_ROOT;10339;8;10337;22;;;10345;16;10349;21;;;10342.0;0.0
yf_ZW=F_d0;55300;ASH_COATED_OSMIUM;10020;15;10016;8;;;10026;20;10028;21;;;10023.0;0.0
yf_ZW=F_d0;55300;INTARIAN_PEPPER_ROOT;10341;22;10339;15;;;10347;14;10350;19;;;10344.0;0.0
yf_ZW=F_d0;55400;ASH_COATED_OSMIUM;10018;16;10015;23;;;10027;14;10029;11;;;10022.5;0.0
yf_ZW=F_d0;55400;INTARIAN_PEPPER_ROOT;10343;15;10341;8;;;10349;17;10351;25;;;10346.0;0.0
yf_ZW=F_d0;55500;ASH_COATED_OSMIUM;10018;13;10016;28;;;10026;10;10030;19;;;10022.0;0.0
yf_ZW=F_d0;55500;INTARIAN_PEPPER_ROOT;10345;13;10343;26;;;10351;12;10354;25;;;10348.0;0.0
yf_ZW=F_d0;55600;ASH_COATED_OSMIUM;10018;10;10015;19;;;10024;5;10028;26;;;10021.0;0.0
yf_ZW=F_d0;55600;INTARIAN_PEPPER_ROOT;10341;13;10337;28;;;10360;9;10364;21;;;10350.5;0.0
yf_ZW=F_d0;55700;ASH_COATED_OSMIUM;10018;11;10014;28;;;10024;22;10028;23;;;10021.0;0.0
yf_ZW=F_d0;55700;INTARIAN_PEPPER_ROOT;10342;11;10340;13;;;10362;10;10365;14;;;10352.0;0.0
yf_ZW=F_d0;55800;ASH_COATED_OSMIUM;10014;16;10011;14;;;10026;13;10028;29;;;10020.0;0.0
yf_ZW=F_d0;55800;INTARIAN_PEPPER_ROOT;10350;18;10346;26;;;10359;15;10363;19;;;10354.5;0.0
yf_ZW=F_d0;55900;ASH_COATED_OSMIUM;10017;16;10014;24;;;10023;17;10026;27;;;10020.0;0.0
yf_ZW=F_d0;55900;INTARIAN_PEPPER_ROOT;10348;27;10344;23;;;10366;23;10370;17;;;10357.0;0.0
yf_ZW=F_d0;56000;ASH_COATED_OSMIUM;10016;7;10012;21;;;10022;11;10026;22;;;10019.0;0.0
yf_ZW=F_d0;56000;INTARIAN_PEPPER_ROOT;10356;13;10352;19;;;10362;15;10366;16;;;10359.0;0.0
yf_ZW=F_d0;56100;ASH_COATED_OSMIUM;10016;10;10012;20;;;10022;14;10025;12;;;10019.0;0.0
yf_ZW=F_d0;56100;INTARIAN_PEPPER_ROOT;10358;18;10354;17;;;10364;10;10366;18;;;10361.0;0.0
yf_ZW=F_d0;56200;ASH_COATED_OSMIUM;10005;14;10002;15;;;10032;26;10034;14;;;10018.5;0.0
yf_ZW=F_d0;56200;INTARIAN_PEPPER_ROOT;10356;14;10353;18;;;10370;17;10373;17;;;10363.0;0.0
yf_ZW=F_d0;56300;ASH_COATED_OSMIUM;10015;8;10012;20;;;10021;19;10024;14;;;10018.0;0.0
yf_ZW=F_d0;56300;INTARIAN_PEPPER_ROOT;10362;17;10359;26;;;10368;11;10371;20;;;10365.0;0.0
yf_ZW=F_d0;56400;ASH_COATED_OSMIUM;10011;6;10007;12;;;10024;14;10028;21;;;10017.5;0.0
yf_ZW=F_d0;56400;INTARIAN_PEPPER_ROOT;10365;17;10362;22;;;10371;16;10374;14;;;10368.0;0.0
yf_ZW=F_d0;56500;ASH_COATED_OSMIUM;10014;11;10012;9;;;10020;15;10023;21;;;10017.0;0.0
yf_ZW=F_d0;56500;INTARIAN_PEPPER_ROOT;10367;11;10365;28;;;10373;16;10375;14;;;10370.0;0.0
yf_ZW=F_d0;56600;ASH_COATED_OSMIUM;10014;7;10010;19;;;10020;18;10023;16;;;10017.0;0.0
yf_ZW=F_d0;56600;INTARIAN_PEPPER_ROOT;10369;9;10365;17;;;10375;19;10377;15;;;10372.0;0.0
yf_ZW=F_d0;56700;ASH_COATED_OSMIUM;10005;18;10003;18;;;10027;5;10031;27;;;10016.0;0.0
yf_ZW=F_d0;56700;INTARIAN_PEPPER_ROOT;10371;19;10369;22;;;10377;5;10381;19;;;10374.0;0.0
yf_ZW=F_d0;56800;ASH_COATED_OSMIUM;10012;8;10008;15;;;10019;12;10022;19;;;10015.5;0.0
yf_ZW=F_d0;56800;INTARIAN_PEPPER_ROOT;10373;18;10369;14;;;10379;15;10383;13;;;10376.0;0.0
