day;timestamp;product;bid_price_1;bid_volume_1;bid_price_2;bid_volume_2;bid_price_3;bid_volume_3;ask_price_1;ask_volume_1;ask_price_2;ask_volume_2;ask_price_3;ask_volume_3;mid_price;profit_and_loss
yf_ADM_d6;0;ASH_COATED_OSMIUM;9899;14;9895;15;;;9919;17;9921;16;;;9909.0;0.0
yf_ADM_d6;0;INTARIAN_PEPPER_ROOT;12155;11;12152;14;;;12161;18;12163;22;;;12158.0;0.0
yf_ADM_d6;100;ASH_COATED_OSMIUM;9902;18;9900;16;;;9915;6;9918;24;;;9908.5;0.0
yf_ADM_d6;100;INTARIAN_PEPPER_ROOT;12155;5;12152;24;;;12161;17;12163;14;;;12158.0;0.0
yf_ADM_d6;200;ASH_COATED_OSMIUM;9906;20;9902;25;;;9912;18;9916;21;;;9909.0;0.0
yf_ADM_d6;200;INTARIAN_PEPPER_ROOT;12154;12;12150;17;;;12160;17;12163;15;;;12157.0;0.0
yf_ADM_d6;300;ASH_COATED_OSMIUM;9906;8;9903;24;;;9912;13;9914;8;;;9909.0;0.0
yf_ADM_d6;300;INTARIAN_PEPPER_ROOT;12154;13;12150;10;;;12160;13;12164;13;;;12157.0;0.0
yf_ADM_d6;400;ASH_COATED_OSMIUM;9897;10;9893;21;;;9921;17;9924;14;;;9909.0;0.0
yf_ADM_d6;400;INTARIAN_PEPPER_ROOT;12153;18;12150;12;;;12159;14;12162;9;;;12156.0;0.0
yf_ADM_d6;500;ASH_COATED_OSMIUM;9905;12;9901;16;;;9911;19;9915;16;;;9908.0;0.0
yf_ADM_d6;500;INTARIAN_PEPPER_ROOT;12152;6;12149;20;;;12160;11;12162;19;;;12156.0;0.0
yf_ADM_d6;600;ASH_COATED_OSMIUM;9900;19;9898;23;;;9918;10;9921;23;;;9909.0;0.0
yf_ADM_d6;600;INTARIAN_PEPPER_ROOT;12150;10;12148;24;;;12161;20;12165;24;;;12155.5;0.0
yf_ADM_d6;700;ASH_COATED_OSMIUM;9902;13;9900;18;;;9914;14;9917;25;;;9908.0;0.0
yf_ADM_d6;700;INTARIAN_PEPPER_ROOT;12152;8;12148;25;;;12158;11;12162;16;;;12155.0;0.0
yf_ADM_d6;800;ASH_COATED_OSMIUM;9906;9;9903;27;;;9912;9;9915;13;;;9909.0;0.0
yf_ADM_d6;800;INTARIAN_PEPPER_ROOT;12144;9;12140;29;;;12166;19;12169;28;;;12155.0;0.0
yf_ADM_d6;900;ASH_COATED_OSMIUM;9906;25;9904;18;;;9912;19;9915;24;;;9909.0;0.0
yf_ADM_d6;900;INTARIAN_PEPPER_ROOT;12151;5;12148;20;;;12157;24;12159;22;;;12154.0;0.0
yf_ADM_d6;1000;ASH_COATED_OSMIUM;9905;20;9903;24;;;9911;13;9913;16;;;9908.0;0.0
yf_ADM_d6;1000;INTARIAN_PEPPER_ROOT;12151;18;12148;29;;;12157;10;12159;25;;;12154.0;0.0
yf_ADM_d6;1100;ASH_COATED_OSMIUM;9905;13;9901;27;;;9911;14;9915;25;;;9908.0;0.0
yf_ADM_d6;1100;INTARIAN_PEPPER_ROOT;12144;15;12140;20;;;12163;21;12166;20;;;12153.5;0.0
yf_ADM_d6;1200;ASH_COATED_OSMIUM;9906;11;9904;26;;;9912;16;9916;17;;;9909.0;0.0
yf_ADM_d6;1200;INTARIAN_PEPPER_ROOT;12150;20;12148;27;;;12156;9;12160;22;;;12153.0;0.0
yf_ADM_d6;1300;ASH_COATED_OSMIUM;9905;12;9903;19;;;9911;18;9915;27;;;9908.0;0.0
yf_ADM_d6;1300;INTARIAN_PEPPER_ROOT;12150;18;12147;11;;;12156;19;12159;12;;;12153.0;0.0
yf_ADM_d6;1400;ASH_COATED_OSMIUM;9903;21;9899;22;;;9912;19;9915;21;;;9907.5;0.0
yf_ADM_d6;1400;INTARIAN_PEPPER_ROOT;12144;17;12142;22;;;12160;11;12162;20;;;12152.0;0.0
yf_ADM_d6;1500;ASH_COATED_OSMIUM;9905;12;9903;26;;;9911;25;9914;17;;;9908.0;0.0
yf_ADM_d6;1500;INTARIAN_PEPPER_ROOT;12144;17;12140;14;;;12160;8;12164;13;;;12152.0;0.0
yf_ADM_d6;1600;ASH_COATED_OSMIUM;9905;18;9903;18;;;9911;17;9913;17;;;9908.0;0.0
yf_ADM_d6;1600;INTARIAN_PEPPER_ROOT;12148;18;12145;28;;;12154;5;12156;31;;;12151.0;0.0
yf_ADM_d6;1700;ASH_COATED_OSMIUM;9899;11;9897;10;;;9916;23;9920;9;;;9907.5;0.0
yf_ADM_d6;1700;INTARIAN_PEPPER_ROOT;12149;6;12145;26;;;12155;13;12159;12;;;12152.0;0.0
yf_ADM_d6;1800;ASH_COATED_OSMIUM;9905;15;9902;14;;;9911;17;9914;12;;;9908.0;0.0
yf_ADM_d6;1800;INTARIAN_PEPPER_ROOT;12148;11;12144;21;;;12154;13;12156;29;;;12151.0;0.0
yf_ADM_d6;1900;ASH_COATED_OSMIUM;9902;18;9899;24;;;9914;20;9917;16;;;9908.0;0.0
yf_ADM_d6;1900;INTARIAN_PEPPER_ROOT;12144;19;12142;28;;;12155;10;12158;19;;;12149.5;0.0
yf_ADM_d6;2000;ASH_COATED_OSMIUM;9905;10;9901;21;;;9911;16;9913;25;;;9908.0;0.0
yf_ADM_d6;2000;INTARIAN_PEPPER_ROOT;12146;16;12142;20;;;12152;22;12156;21;;;12149.0;0.0
yf_ADM_d6;2100;ASH_COATED_OSMIUM;9904;21;9901;17;;;9912;16;9915;16;;;9908.0;0.0
yf_ADM_d6;2100;INTARIAN_PEPPER_ROOT;12138;14;12135;26;;;12162;13;12164;19;;;12150.0;0.0
yf_ADM_d6;2200;ASH_COATED_OSMIUM;9901;17;9899;13;;;9916;20;9919;17;;;9908.5;0.0
yf_ADM_d6;2200;INTARIAN_PEPPER_ROOT;12146;15;12143;22;;;12152;19;12156;19;;;12149.0;0.0
yf_ADM_d6;2300;ASH_COATED_OSMIUM;9905;15;9903;20;;;9911;26;9914;20;;;9908.0;0.0
yf_ADM_d6;2300;INTARIAN_PEPPER_ROOT;12145;15;12142;13;;;12151;16;12155;25;;;12148.0;0.0
yf_ADM_d6;2400;ASH_COATED_OSMIUM;9895;16;9891;27;;;9920;13;9923;15;;;9907.5;0.0
yf_ADM_d6;2400;INTARIAN_PEPPER_ROOT;12143;16;12141;25;;;12151;10;12154;26;;;12147.0;0.0
yf_ADM_d6;2500;ASH_COATED_OSMIUM;9905;9;9903;18;;;9911;14;9915;10;;;9908.0;0.0
yf_ADM_d6;2500;INTARIAN_PEPPER_ROOT;12144;8;12142;22;;;12150;17;12153;11;;;12147.0;0.0
yf_ADM_d6;2600;ASH_COATED_OSMIUM;9897;17;9894;24;;;9919;23;9923;22;;;9908.0;0.0
yf_ADM_d6;2600;INTARIAN_PEPPER_ROOT;12144;12;12141;27;;;12150;16;12153;24;;;12147.0;0.0
yf_ADM_d6;2700;ASH_COATED_OSMIUM;9904;16;9902;17;;;9910;16;9914;12;;;9907.0;0.0
yf_ADM_d6;2700;INTARIAN_PEPPER_ROOT;12144;13;12141;14;;;12150;24;12153;24;;;12147.0;0.0
yf_ADM_d6;2800;ASH_COATED_OSMIUM;9905;17;9903;21;;;9911;9;9915;19;;;9908.0;0.0
yf_ADM_d6;2800;INTARIAN_PEPPER_ROOT;12139;14;12137;16;;;12152;15;12154;20;;;12145.5;0.0
yf_ADM_d6;2900;ASH_COATED_OSMIUM;9905;9;9902;29;;;9911;18;9914;8;;;9908.0;0.0
yf_ADM_d6;2900;INTARIAN_PEPPER_ROOT;12143;13;12140;19;;;12149;20;12151;19;;;12146.0;0.0
yf_ADM_d6;3000;ASH_COATED_OSMIUM;9904;5;9902;18;;;9910;12;9913;20;;;9907.0;0.0
yf_ADM_d6;3000;INTARIAN_PEPPER_ROOT;12143;14;12140;18;;;12149;16;12153;16;;;12146.0;0.0
yf_ADM_d6;3100;ASH_COATED_OSMIUM;9900;12;9898;20;;;9914;10;9917;25;;;9907.0;0.0
yf_ADM_d6;3100;INTARIAN_PEPPER_ROOT;12142;17;12139;18;;;12148;11;12151;16;;;12145.0;0.0
yf_ADM_d6;3200;ASH_COATED_OSMIUM;9904;14;9900;27;;;9910;20;9913;24;;;9907.0;0.0
yf_ADM_d6;3200;INTARIAN_PEPPER_ROOT;12141;10;12137;25;;;12147;5;12151;25;;;12144.0;0.0
yf_ADM_d6;3300;ASH_COATED_OSMIUM;9904;25;9902;17;;;9911;17;9913;28;;;9907.5;0.0
yf_ADM_d6;3300;INTARIAN_PEPPER_ROOT;12125;19;12122;21;;;12161;11;12164;15;;;12143.0;0.0
yf_ADM_d6;3400;ASH_COATED_OSMIUM;9905;9;9902;8;;;9911;8;9914;16;;;9908.0;0.0
yf_ADM_d6;3400;INTARIAN_PEPPER_ROOT;12138;17;12136;23;;;12149;16;12151;17;;;12143.5;0.0
yf_ADM_d6;3500;ASH_COATED_OSMIUM;9904;8;9902;19;;;9910;17;9914;8;;;9907.0;0.0
yf_ADM_d6;3500;INTARIAN_PEPPER_ROOT;12132;25;12129;10;;;12154;10;12156;10;;;12143.0;0.0
yf_ADM_d6;3600;ASH_COATED_OSMIUM;9904;22;9901;20;;;9910;5;9912;25;;;9907.0;0.0
yf_ADM_d6;3600;INTARIAN_PEPPER_ROOT;12140;10;12136;18;;;12146;12;12148;16;;;12143.0;0.0
yf_ADM_d6;3700;ASH_COATED_OSMIUM;9894;20;9892;31;;;9922;10;9925;17;;;9908.0;0.0
yf_ADM_d6;3700;INTARIAN_PEPPER_ROOT;12138;10;12134;20;;;12146;15;12150;16;;;12142.0;0.0
yf_ADM_d6;3800;ASH_COATED_OSMIUM;9904;11;9900;27;;;9910;15;9912;24;;;9907.0;0.0
yf_ADM_d6;3800;INTARIAN_PEPPER_ROOT;12139;11;12136;16;;;12145;19;12148;18;;;12142.0;0.0
yf_ADM_d6;3900;ASH_COATED_OSMIUM;9905;14;9901;22;;;9911;5;9915;25;;;9908.0;0.0
yf_ADM_d6;3900;INTARIAN_PEPPER_ROOT;12138;19;12134;18;;;12144;11;12146;22;;;12141.0;0.0
yf_ADM_d6;4000;ASH_COATED_OSMIUM;9897;22;9895;26;;;9919;23;9922;13;;;9908.0;0.0
yf_ADM_d6;4000;INTARIAN_PEPPER_ROOT;12136;10;12132;19;;;12146;23;12150;17;;;12141.0;0.0
yf_ADM_d6;4100;ASH_COATED_OSMIUM;9904;15;9902;12;;;9912;5;9916;20;;;9908.0;0.0
yf_ADM_d6;4100;INTARIAN_PEPPER_ROOT;12136;10;12134;21;;;12144;6;12146;19;;;12140.0;0.0
yf_ADM_d6;4200;ASH_COATED_OSMIUM;9904;20;9900;14;;;9910;12;9914;23;;;9907.0;0.0
yf_ADM_d6;4200;INTARIAN_PEPPER_ROOT;12137;13;12135;17;;;12143;6;12147;16;;;12140.0;0.0
yf_ADM_d6;4300;ASH_COATED_OSMIUM;9904;13;9900;14;;;9910;15;9914;22;;;9907.0;0.0
yf_ADM_d6;4300;INTARIAN_PEPPER_ROOT;12133;21;12131;21;;;12145;8;12149;12;;;12139.0;0.0
yf_ADM_d6;4400;ASH_COATED_OSMIUM;9902;14;9898;28;;;9914;15;9916;19;;;9908.0;0.0
yf_ADM_d6;4400;INTARIAN_PEPPER_ROOT;12136;15;12134;8;;;12143;16;12146;23;;;12139.5;0.0
yf_ADM_d6;4500;ASH_COATED_OSMIUM;9904;10;9901;10;;;9910;25;9914;30;;;9907.0;0.0
yf_ADM_d6;4500;INTARIAN_PEPPER_ROOT;12132;19;12130;18;;;12145;11;12149;15;;;12138.5;0.0
yf_ADM_d6;4600;ASH_COATED_OSMIUM;9898;13;9895;23;;;9915;11;9918;23;;;9906.5;0.0
yf_ADM_d6;4600;INTARIAN_PEPPER_ROOT;12135;8;12131;11;;;12142;11;12146;11;;;12138.5;0.0
yf_ADM_d6;4700;ASH_COATED_OSMIUM;9895;14;9893;16;;;9918;15;9922;23;;;9906.5;0.0
yf_ADM_d6;4700;INTARIAN_PEPPER_ROOT;12135;5;12131;14;;;12141;12;12145;21;;;12138.0;0.0
yf_ADM_d6;4800;ASH_COATED_OSMIUM;9902;20;9899;26;;;9911;18;9913;15;;;9906.5;0.0
yf_ADM_d6;4800;INTARIAN_PEPPER_ROOT;12134;8;12132;26;;;12140;15;12144;26;;;12137.0;0.0
yf_ADM_d6;4900;ASH_COATED_OSMIUM;9889;13;9885;17;;;9924;16;9926;17;;;9906.5;0.0
yf_ADM_d6;4900;INTARIAN_PEPPER_ROOT;12134;5;12132;19;;;12140;16;12143;19;;;12137.0;0.0
yf_ADM_d6;5000;ASH_COATED_OSMIUM;9903;9;9899;15;;;9911;15;9914;17;;;9907.0;0.0
yf_ADM_d6;5000;INTARIAN_PEPPER_ROOT;12122;26;12119;21;;;12150;25;12153;20;;;12136.0;0.0
yf_ADM_d6;5100;ASH_COATED_OSMIUM;9904;9;9902;15;;;9910;9;9914;17;;;9907.0;0.0
yf_ADM_d6;5100;INTARIAN_PEPPER_ROOT;12133;5;12129;18;;;12139;20;12143;17;;;12136.0;0.0
yf_ADM_d6;5200;ASH_COATED_OSMIUM;9902;16;9900;11;;;9912;28;9915;29;;;9907.0;0.0
yf_ADM_d6;5200;INTARIAN_PEPPER_ROOT;12118;18;12116;24;;;12153;29;12155;16;;;12135.5;0.0
yf_ADM_d6;5300;ASH_COATED_OSMIUM;9903;17;9900;23;;;9911;18;9914;18;;;9907.0;0.0
yf_ADM_d6;5300;INTARIAN_PEPPER_ROOT;12132;5;12130;19;;;12138;5;12142;14;;;12135.0;0.0
yf_ADM_d6;5400;ASH_COATED_OSMIUM;9904;20;9902;28;;;9910;14;9914;29;;;9907.0;0.0
yf_ADM_d6;5400;INTARIAN_PEPPER_ROOT;12130;13;12127;14;;;12139;10;12142;27;;;12134.5;0.0
yf_ADM_d6;5500;ASH_COATED_OSMIUM;9904;14;9900;22;;;9910;18;9912;21;;;9907.0;0.0
yf_ADM_d6;5500;INTARIAN_PEPPER_ROOT;12131;12;12129;15;;;12137;17;12139;20;;;12134.0;0.0
yf_ADM_d6;5600;ASH_COATED_OSMIUM;9895;5;9892;20;;;9918;10;9921;20;;;9906.5;0.0
yf_ADM_d6;5600;INTARIAN_PEPPER_ROOT;12131;20;12127;14;;;12137;19;12139;19;;;12134.0;0.0
yf_ADM_d6;5700;ASH_COATED_OSMIUM;9902;21;9900;21;;;9912;15;9915;26;;;9907.0;0.0
yf_ADM_d6;5700;INTARIAN_PEPPER_ROOT;12129;14;12125;20;;;12138;19;12142;23;;;12133.5;0.0
yf_ADM_d6;5800;ASH_COATED_OSMIUM;9904;28;9900;25;;;9910;18;9913;14;;;9907.0;0.0
yf_ADM_d6;5800;INTARIAN_PEPPER_ROOT;12130;12;12127;17;;;12136;15;12140;26;;;12133.0;0.0
yf_ADM_d6;5900;ASH_COATED_OSMIUM;9903;11;9901;20;;;9909;12;9912;18;;;9906.0;0.0
yf_ADM_d6;5900;INTARIAN_PEPPER_ROOT;12130;13;12128;15;;;12136;20;12138;25;;;12133.0;0.0
yf_ADM_d6;6000;ASH_COATED_OSMIUM;9889;5;9885;15;;;9922;16;9925;22;;;9905.5;0.0
yf_ADM_d6;6000;INTARIAN_PEPPER_ROOT;12129;21;12126;15;;;12135;12;12139;24;;;12132.0;0.0
yf_ADM_d6;6100;ASH_COATED_OSMIUM;9904;10;9901;25;;;9910;18;9912;24;;;9907.0;0.0
yf_ADM_d6;6100;INTARIAN_PEPPER_ROOT;12128;20;12125;21;;;12134;13;12138;22;;;12131.0;0.0
yf_ADM_d6;6200;ASH_COATED_OSMIUM;9903;10;9899;27;;;9909;12;9911;24;;;9906.0;0.0
yf_ADM_d6;6200;INTARIAN_PEPPER_ROOT;12117;21;12113;17;;;12145;17;12148;16;;;12131.0;0.0
yf_ADM_d6;6300;ASH_COATED_OSMIUM;9903;18;9899;20;;;9909;14;9913;16;;;9906.0;0.0
yf_ADM_d6;6300;INTARIAN_PEPPER_ROOT;12123;19;12121;11;;;12138;7;12141;24;;;12130.5;0.0
yf_ADM_d6;6400;ASH_COATED_OSMIUM;9903;7;9899;20;;;9909;24;9913;18;;;9906.0;0.0
yf_ADM_d6;6400;INTARIAN_PEPPER_ROOT;12117;12;12115;15;;;12145;17;12149;20;;;12131.0;0.0
yf_ADM_d6;6500;ASH_COATED_OSMIUM;9904;19;9900;14;;;9910;9;9914;21;;;9907.0;0.0
yf_ADM_d6;6500;INTARIAN_PEPPER_ROOT;12127;17;12124;19;;;12133;9;12136;18;;;12130.0;0.0
yf_ADM_d6;6600;ASH_COATED_OSMIUM;9904;13;9902;20;;;9910;13;9914;20;;;9907.0;0.0
yf_ADM_d6;6600;INTARIAN_PEPPER_ROOT;12126;20;12123;24;;;12132;14;12136;19;;;12129.0;0.0
yf_ADM_d6;6700;ASH_COATED_OSMIUM;9898;13;9896;23;;;9915;20;9917;12;;;9906.5;0.0
yf_ADM_d6;6700;INTARIAN_PEPPER_ROOT;12126;21;12123;29;;;12132;11;12134;23;;;12129.0;0.0
yf_ADM_d6;6800;ASH_COATED_OSMIUM;9903;9;9901;22;;;9909;16;9911;18;;;9906.0;0.0
yf_ADM_d6;6800;INTARIAN_PEPPER_ROOT;12126;15;12122;22;;;12132;20;12135;16;;;12129.0;0.0
yf_ADM_d6;6900;ASH_COATED_OSMIUM;9900;15;9896;15;;;9911;18;9915;20;;;9905.5;0.0
yf_ADM_d6;6900;INTARIAN_PEPPER_ROOT;12107;19;12104;22;;;12150;19;12153;15;;;12128.5;0.0
yf_ADM_d6;7000;ASH_COATED_OSMIUM;9893;23;9889;28;;;9919;6;9921;25;;;9906.0;0.0
yf_ADM_d6;7000;INTARIAN_PEPPER_ROOT;12125;13;12121;22;;;12131;12;12134;21;;;12128.0;0.0
yf_ADM_d6;7100;ASH_COATED_OSMIUM;9903;21;9900;13;;;9909;17;9912;15;;;9906.0;0.0
yf_ADM_d6;7100;INTARIAN_PEPPER_ROOT;12121;24;12119;20;;;12134;10;12136;18;;;12127.5;0.0
yf_ADM_d6;7200;ASH_COATED_OSMIUM;9903;11;9899;9;;;9909;18;9913;17;;;9906.0;0.0
yf_ADM_d6;7200;INTARIAN_PEPPER_ROOT;12124;19;12122;19;;;12132;5;12136;22;;;12128.0;0.0
yf_ADM_d6;7300;ASH_COATED_OSMIUM;9896;9;9894;26;;;9917;17;9920;17;;;9906.5;0.0
yf_ADM_d6;7300;INTARIAN_PEPPER_ROOT;12119;11;12116;25;;;12134;17;12138;20;;;12126.5;0.0
yf_ADM_d6;7400;ASH_COATED_OSMIUM;9903;23;9901;15;;;9909;19;9913;18;;;9906.0;0.0
yf_ADM_d6;7400;INTARIAN_PEPPER_ROOT;12119;13;12117;28;;;12132;23;12134;19;;;12125.5;0.0
yf_ADM_d6;7500;ASH_COATED_OSMIUM;9900;26;9896;16;;;9911;15;9914;15;;;9905.5;0.0
yf_ADM_d6;7500;INTARIAN_PEPPER_ROOT;12113;25;12109;11;;;12139;11;12141;17;;;12126.0;0.0
yf_ADM_d6;7600;ASH_COATED_OSMIUM;9903;15;9901;23;;;9909;19;9912;19;;;9906.0;0.0
yf_ADM_d6;7600;INTARIAN_PEPPER_ROOT;12123;21;12119;19;;;12129;12;12132;13;;;12126.0;0.0
yf_ADM_d6;7700;ASH_COATED_OSMIUM;9903;13;9899;25;;;9909;14;9912;22;;;9906.0;0.0
yf_ADM_d6;7700;INTARIAN_PEPPER_ROOT;12122;12;12120;17;;;12128;7;12130;21;;;12125.0;0.0
yf_ADM_d6;7800;ASH_COATED_OSMIUM;9901;16;9898;30;;;9911;21;9914;12;;;9906.0;0.0
yf_ADM_d6;7800;INTARIAN_PEPPER_ROOT;12121;20;12119;11;;;12127;8;12131;32;;;12124.0;0.0
yf_ADM_d6;7900;ASH_COATED_OSMIUM;9902;18;9899;8;;;9910;13;9913;23;;;9906.0;0.0
yf_ADM_d6;7900;INTARIAN_PEPPER_ROOT;12120;11;12117;16;;;12128;14;12132;20;;;12124.0;0.0
yf_ADM_d6;8000;ASH_COATED_OSMIUM;9902;17;9900;19;;;9908;10;9910;27;;;9905.0;0.0
yf_ADM_d6;8000;INTARIAN_PEPPER_ROOT;12120;13;12118;11;;;12126;23;12129;19;;;12123.0;0.0
yf_ADM_d6;8100;ASH_COATED_OSMIUM;9892;10;9888;17;;;9921;11;9923;20;;;9906.5;0.0
yf_ADM_d6;8100;INTARIAN_PEPPER_ROOT;12120;15;12118;14;;;12126;14;12129;15;;;12123.0;0.0
yf_ADM_d6;8200;ASH_COATED_OSMIUM;9902;8;9900;18;;;9908;23;9911;23;;;9905.0;0.0
yf_ADM_d6;8200;INTARIAN_PEPPER_ROOT;12120;16;12117;27;;;12126;8;12129;19;;;12123.0;0.0
yf_ADM_d6;8300;ASH_COATED_OSMIUM;9896;16;9893;18;;;9915;6;9919;10;;;9905.5;0.0
yf_ADM_d6;8300;INTARIAN_PEPPER_ROOT;12120;8;12116;20;;;12126;7;12130;22;;;12123.0;0.0
yf_ADM_d6;8400;ASH_COATED_OSMIUM;9903;16;9901;17;;;9909;21;9911;15;;;9906.0;0.0
yf_ADM_d6;8400;INTARIAN_PEPPER_ROOT;12118;17;12116;26;;;12124;16;12126;19;;;12121.0;0.0
yf_ADM_d6;8500;ASH_COATED_OSMIUM;9903;5;9899;11;;;9909;12;9911;23;;;9906.0;0.0
yf_ADM_d6;8500;INTARIAN_PEPPER_ROOT;12118;7;12116;21;;;12124;17;12127;20;;;12121.0;0.0
yf_ADM_d6;8600;ASH_COATED_OSMIUM;9902;14;9900;15;;;9908;17;9910;16;;;9905.0;0.0
yf_ADM_d6;8600;INTARIAN_PEPPER_ROOT;12117;17;12114;19;;;12123;17;12127;15;;;12120.0;0.0
yf_ADM_d6;8700;ASH_COATED_OSMIUM;9903;17;9901;17;;;9909;12;9912;17;;;9906.0;0.0
yf_ADM_d6;8700;INTARIAN_PEPPER_ROOT;12110;14;12106;21;;;12130;22;12133;18;;;12120.0;0.0
yf_ADM_d6;8800;ASH_COATED_OSMIUM;9902;16;9899;19;;;9908;17;9912;19;;;9905.0;0.0
yf_ADM_d6;8800;INTARIAN_PEPPER_ROOT;12117;14;12114;17;;;12123;13;12125;18;;;12120.0;0.0
yf_ADM_d6;8900;ASH_COATED_OSMIUM;9898;5;9895;18;;;9914;8;9918;21;;;9906.0;0.0
yf_ADM_d6;8900;INTARIAN_PEPPER_ROOT;12117;7;12113;13;;;12123;17;12125;20;;;12120.0;0.0
yf_ADM_d6;9000;ASH_COATED_OSMIUM;9897;18;9894;21;;;9914;16;9918;23;;;9905.5;0.0
yf_ADM_d6;9000;INTARIAN_PEPPER_ROOT;12116;5;12114;21;;;12122;15;12125;17;;;12119.0;0.0
yf_ADM_d6;9100;ASH_COATED_OSMIUM;9902;10;9900;8;;;9908;15;9911;10;;;9905.0;0.0
yf_ADM_d6;9100;INTARIAN_PEPPER_ROOT;12115;16;12112;21;;;12121;29;12125;13;;;12118.0;0.0
yf_ADM_d6;9200;ASH_COATED_OSMIUM;9902;15;9899;22;;;9908;20;9910;14;;;9905.0;0.0
yf_ADM_d6;9200;INTARIAN_PEPPER_ROOT;12116;11;12114;17;;;12122;23;12124;27;;;12119.0;0.0
yf_ADM_d6;9300;ASH_COATED_OSMIUM;9902;15;9898;15;;;9908;10;9911;23;;;9905.0;0.0
yf_ADM_d6;9300;INTARIAN_PEPPER_ROOT;12108;13;12106;22;;;12126;14;12128;24;;;12117.0;0.0
yf_ADM_d6;9400;ASH_COATED_OSMIUM;9902;24;9898;19;;;9908;17;9910;12;;;9905.0;0.0
yf_ADM_d6;9400;INTARIAN_PEPPER_ROOT;12114;13;12110;17;;;12120;16;12122;16;;;12117.0;0.0
yf_ADM_d6;9500;ASH_COATED_OSMIUM;9902;20;9900;14;;;9908;20;9912;14;;;9905.0;0.0
yf_ADM_d6;9500;INTARIAN_PEPPER_ROOT;12114;13;12110;21;;;12120;5;12123;22;;;12117.0;0.0
yf_ADM_d6;9600;ASH_COATED_OSMIUM;9902;11;9898;17;;;9908;13;9912;22;;;9905.0;0.0
yf_ADM_d6;9600;INTARIAN_PEPPER_ROOT;12114;20;12111;27;;;12120;11;12122;18;;;12117.0;0.0
yf_ADM_d6;9700;ASH_COATED_OSMIUM;9901;20;9899;28;;;9909;12;9913;23;;;9905.0;0.0
yf_ADM_d6;9700;INTARIAN_PEPPER_ROOT;12112;18;12108;13;;;12121;13;12124;25;;;12116.5;0.0
yf_ADM_d6;9800;ASH_COATED_OSMIUM;9902;11;9899;23;;;9908;20;9910;31;;;9905.0;0.0
yf_ADM_d6;9800;INTARIAN_PEPPER_ROOT;12113;11;12110;22;;;12119;26;12122;15;;;12116.0;0.0
yf_ADM_d6;9900;ASH_COATED_OSMIUM;9902;8;9900;17;;;9908;23;9911;18;;;9905.0;0.0
yf_ADM_d6;9900;INTARIAN_PEPPER_ROOT;12112;16;12110;33;;;12118;12;12121;24;;;12115.0;0.0
yf_ADM_d6;10000;ASH_COATED_OSMIUM;9902;11;9898;14;;;9908;6;9912;9;;;9905.0;0.0
yf_ADM_d6;10000;INTARIAN_PEPPER_ROOT;12111;19;12109;22;;;12117;9;12120;10;;;12114.0;0.0
yf_ADM_d6;10100;ASH_COATED_OSMIUM;9902;11;9899;27;;;9908;10;9912;14;;;9905.0;0.0
yf_ADM_d6;10100;INTARIAN_PEPPER_ROOT;12110;18;12108;17;;;12118;9;12122;15;;;12114.0;0.0
yf_ADM_d6;10200;ASH_COATED_OSMIUM;9902;15;9899;29;;;9908;12;9911;19;;;9905.0;0.0
yf_ADM_d6;10200;INTARIAN_PEPPER_ROOT;12111;16;12107;25;;;12117;19;12120;19;;;12114.0;0.0
yf_ADM_d6;10300;ASH_COATED_OSMIUM;9895;21;9893;11;;;9914;12;9918;14;;;9904.5;0.0
yf_ADM_d6;10300;INTARIAN_PEPPER_ROOT;12111;8;12108;21;;;12117;13;12120;18;;;12114.0;0.0
yf_ADM_d6;10400;ASH_COATED_OSMIUM;9902;16;9898;19;;;9908;18;9912;20;;;9905.0;0.0
yf_ADM_d6;10400;INTARIAN_PEPPER_ROOT;12098;15;12094;15;;;12129;16;12133;21;;;12113.5;0.0
yf_ADM_d6;10500;ASH_COATED_OSMIUM;9901;11;9897;18;;;9909;23;9911;15;;;9905.0;0.0
yf_ADM_d6;10500;INTARIAN_PEPPER_ROOT;12109;15;12106;18;;;12115;16;12119;11;;;12112.0;0.0
yf_ADM_d6;10600;ASH_COATED_OSMIUM;9898;13;9894;18;;;9911;12;9914;18;;;9904.5;0.0
yf_ADM_d6;10600;INTARIAN_PEPPER_ROOT;12109;10;12107;16;;;12116;9;12118;14;;;12112.5;0.0
yf_ADM_d6;10700;ASH_COATED_OSMIUM;9902;14;9898;19;;;9908;16;9910;20;;;9905.0;0.0
yf_ADM_d6;10700;INTARIAN_PEPPER_ROOT;12093;17;12090;24;;;12131;18;12135;19;;;12112.0;0.0
yf_ADM_d6;10800;ASH_COATED_OSMIUM;9901;10;9898;16;;;9907;19;9910;9;;;9904.0;0.0
yf_ADM_d6;10800;INTARIAN_PEPPER_ROOT;12108;10;12106;18;;;12114;17;12118;14;;;12111.0;0.0
yf_ADM_d6;10900;ASH_COATED_OSMIUM;9901;22;9897;23;;;9908;15;9912;14;;;9904.5;0.0
yf_ADM_d6;10900;INTARIAN_PEPPER_ROOT;12106;13;12104;14;;;12114;22;12116;15;;;12110.0;0.0
yf_ADM_d6;11000;ASH_COATED_OSMIUM;9902;16;9900;18;;;9908;13;9912;16;;;9905.0;0.0
yf_ADM_d6;11000;INTARIAN_PEPPER_ROOT;12100;17;12097;25;;;12120;28;12123;13;;;12110.0;0.0
yf_ADM_d6;11100;ASH_COATED_OSMIUM;9902;15;9899;18;;;9908;18;9911;18;;;9905.0;0.0
yf_ADM_d6;11100;INTARIAN_PEPPER_ROOT;12102;21;12099;20;;;12118;13;12120;20;;;12110.0;0.0
yf_ADM_d6;11200;ASH_COATED_OSMIUM;9900;13;9898;16;;;9909;25;9912;22;;;9904.5;0.0
yf_ADM_d6;11200;INTARIAN_PEPPER_ROOT;12107;12;12103;16;;;12113;9;12116;16;;;12110.0;0.0
yf_ADM_d6;11300;ASH_COATED_OSMIUM;9891;22;9887;12;;;9918;12;9921;25;;;9904.5;0.0
yf_ADM_d6;11300;INTARIAN_PEPPER_ROOT;12106;15;12104;22;;;12112;14;12114;14;;;12109.0;0.0
yf_ADM_d6;11400;ASH_COATED_OSMIUM;9897;8;9893;20;;;9913;5;9917;24;;;9905.0;0.0
yf_ADM_d6;11400;INTARIAN_PEPPER_ROOT;12104;12;12102;21;;;12112;12;12115;27;;;12108.0;0.0
yf_ADM_d6;11500;ASH_COATED_OSMIUM;9902;24;9900;14;;;9908;22;9912;24;;;9905.0;0.0
yf_ADM_d6;11500;INTARIAN_PEPPER_ROOT;12105;17;12101;19;;;12111;12;12114;19;;;12108.0;0.0
yf_ADM_d6;11600;ASH_COATED_OSMIUM;9901;9;9899;23;;;9909;10;9913;16;;;9905.0;0.0
yf_ADM_d6;11600;INTARIAN_PEPPER_ROOT;12105;12;12101;23;;;12111;14;12113;20;;;12108.0;0.0
yf_ADM_d6;11700;ASH_COATED_OSMIUM;9898;10;9894;22;;;9910;13;9914;21;;;9904.0;0.0
yf_ADM_d6;11700;INTARIAN_PEPPER_ROOT;12104;11;12101;20;;;12110;16;12114;21;;;12107.0;0.0
yf_ADM_d6;11800;ASH_COATED_OSMIUM;9899;10;9895;29;;;9909;16;9911;20;;;9904.0;0.0
yf_ADM_d6;11800;INTARIAN_PEPPER_ROOT;12104;16;12102;29;;;12110;11;12113;19;;;12107.0;0.0
yf_ADM_d6;11900;ASH_COATED_OSMIUM;9901;12;9898;20;;;9908;12;9912;23;;;9904.5;0.0
yf_ADM_d6;11900;INTARIAN_PEPPER_ROOT;12104;8;12100;20;;;12110;16;12114;25;;;12107.0;0.0
yf_ADM_d6;12000;ASH_COATED_OSMIUM;9902;7;9898;31;;;9908;8;9910;21;;;9905.0;0.0
yf_ADM_d6;12000;INTARIAN_PEPPER_ROOT;12103;21;12099;13;;;12109;25;12112;26;;;12106.0;0.0
yf_ADM_d6;12100;ASH_COATED_OSMIUM;9901;16;9899;22;;;9907;12;9911;24;;;9904.0;0.0
yf_ADM_d6;12100;INTARIAN_PEPPER_ROOT;12095;15;12092;26;;;12117;17;12119;15;;;12106.0;0.0
yf_ADM_d6;12200;ASH_COATED_OSMIUM;9901;8;9899;19;;;9907;19;9909;19;;;9904.0;0.0
yf_ADM_d6;12200;INTARIAN_PEPPER_ROOT;12102;19;12098;20;;;12108;7;12111;23;;;12105.0;0.0
yf_ADM_d6;12300;ASH_COATED_OSMIUM;9901;14;9899;28;;;9907;12;9911;8;;;9904.0;0.0
yf_ADM_d6;12300;INTARIAN_PEPPER_ROOT;12102;12;12098;19;;;12108;8;12110;17;;;12105.0;0.0
yf_ADM_d6;12400;ASH_COATED_OSMIUM;9898;20;9895;23;;;9910;21;9912;22;;;9904.0;0.0
yf_ADM_d6;12400;INTARIAN_PEPPER_ROOT;12101;22;12099;15;;;12107;14;12109;23;;;12104.0;0.0
yf_ADM_d6;12500;ASH_COATED_OSMIUM;9901;20;9897;20;;;9907;23;9911;18;;;9904.0;0.0
yf_ADM_d6;12500;INTARIAN_PEPPER_ROOT;12101;12;12099;24;;;12107;14;12110;19;;;12104.0;0.0
yf_ADM_d6;12600;ASH_COATED_OSMIUM;9901;10;9897;10;;;9907;19;9910;19;;;9904.0;0.0
yf_ADM_d6;12600;INTARIAN_PEPPER_ROOT;12100;13;12098;17;;;12106;10;12109;25;;;12103.0;0.0
yf_ADM_d6;12700;ASH_COATED_OSMIUM;9887;12;9885;25;;;9923;18;9927;22;;;9905.0;0.0
yf_ADM_d6;12700;INTARIAN_PEPPER_ROOT;12091;16;12088;26;;;12113;20;12115;16;;;12102.0;0.0
yf_ADM_d6;12800;ASH_COATED_OSMIUM;9898;15;9894;21;;;9910;22;9913;21;;;9904.0;0.0
yf_ADM_d6;12800;INTARIAN_PEPPER_ROOT;12099;8;12096;8;;;12105;10;12107;22;;;12102.0;0.0
yf_ADM_d6;12900;ASH_COATED_OSMIUM;9901;15;9899;17;;;9907;5;9911;14;;;9904.0;0.0
yf_ADM_d6;12900;INTARIAN_PEPPER_ROOT;12097;16;12094;20;;;12109;20;12113;24;;;12103.0;0.0
yf_ADM_d6;13000;ASH_COATED_OSMIUM;9900;9;9897;12;;;9907;20;9910;22;;;9903.5;0.0
yf_ADM_d6;13000;INTARIAN_PEPPER_ROOT;12096;20;12094;22;;;12107;17;12110;23;;;12101.5;0.0
yf_ADM_d6;13100;ASH_COATED_OSMIUM;9891;16;9887;14;;;9916;28;9919;24;;;9903.5;0.0
yf_ADM_d6;13100;INTARIAN_PEPPER_ROOT;12089;14;12086;15;;;12113;11;12115;17;;;12101.0;0.0
yf_ADM_d6;13200;ASH_COATED_OSMIUM;9897;20;9894;14;;;9910;15;9913;30;;;9903.5;0.0
yf_ADM_d6;13200;INTARIAN_PEPPER_ROOT;12096;18;12092;12;;;12106;26;12108;18;;;12101.0;0.0
yf_ADM_d6;13300;ASH_COATED_OSMIUM;9901;14;9897;21;;;9907;21;9910;24;;;9904.0;0.0
yf_ADM_d6;13300;INTARIAN_PEPPER_ROOT;12086;12;12083;16;;;12116;10;12120;19;;;12101.0;0.0
yf_ADM_d6;13400;ASH_COATED_OSMIUM;9900;13;9898;17;;;9906;17;9908;18;;;9903.0;0.0
yf_ADM_d6;13400;INTARIAN_PEPPER_ROOT;12096;17;12094;28;;;12103;23;12107;16;;;12099.5;0.0
yf_ADM_d6;13500;ASH_COATED_OSMIUM;9900;18;9898;15;;;9906;6;9910;19;;;9903.0;0.0
yf_ADM_d6;13500;INTARIAN_PEPPER_ROOT;12096;18;12094;15;;;12102;19;12106;15;;;12099.0;0.0
yf_ADM_d6;13600;ASH_COATED_OSMIUM;9901;16;9899;20;;;9907;11;9910;17;;;9904.0;0.0
yf_ADM_d6;13600;INTARIAN_PEPPER_ROOT;12095;6;12092;16;;;12104;9;12107;13;;;12099.5;0.0
yf_ADM_d6;13700;ASH_COATED_OSMIUM;9892;15;9888;22;;;9915;13;9919;19;;;9903.5;0.0
yf_ADM_d6;13700;INTARIAN_PEPPER_ROOT;12093;11;12091;16;;;12104;5;12106;27;;;12098.5;0.0
yf_ADM_d6;13800;ASH_COATED_OSMIUM;9901;14;9898;25;;;9907;20;9909;16;;;9904.0;0.0
yf_ADM_d6;13800;INTARIAN_PEPPER_ROOT;12083;13;12079;23;;;12114;12;12116;22;;;12098.5;0.0
yf_ADM_d6;13900;ASH_COATED_OSMIUM;9901;19;9897;18;;;9907;15;9910;18;;;9904.0;0.0
yf_ADM_d6;13900;INTARIAN_PEPPER_ROOT;12091;10;12088;25;;;12105;12;12109;26;;;12098.0;0.0
yf_ADM_d6;14000;ASH_COATED_OSMIUM;9895;18;9891;18;;;9911;10;9914;20;;;9903.0;0.0
yf_ADM_d6;14000;INTARIAN_PEPPER_ROOT;12095;11;12092;19;;;12101;14;12103;25;;;12098.0;0.0
yf_ADM_d6;14100;ASH_COATED_OSMIUM;9901;15;9897;21;;;9907;14;9911;18;;;9904.0;0.0
yf_ADM_d6;14100;INTARIAN_PEPPER_ROOT;12094;7;12091;21;;;12100;17;12103;21;;;12097.0;0.0
yf_ADM_d6;14200;ASH_COATED_OSMIUM;9901;10;9899;14;;;9907;6;9910;18;;;9904.0;0.0
yf_ADM_d6;14200;INTARIAN_PEPPER_ROOT;12094;23;12090;24;;;12100;18;12103;25;;;12097.0;0.0
yf_ADM_d6;14300;ASH_COATED_OSMIUM;9896;13;9892;14;;;9911;14;9913;9;;;9903.5;0.0
yf_ADM_d6;14300;INTARIAN_PEPPER_ROOT;12093;21;12091;22;;;12099;16;12102;18;;;12096.0;0.0
yf_ADM_d6;14400;ASH_COATED_OSMIUM;9894;16;9890;24;;;9912;13;9915;18;;;9903.0;0.0
yf_ADM_d6;14400;INTARIAN_PEPPER_ROOT;12089;5;12085;21;;;12101;13;12104;20;;;12095.0;0.0
yf_ADM_d6;14500;ASH_COATED_OSMIUM;9901;17;9897;24;;;9907;20;9911;18;;;9904.0;0.0
yf_ADM_d6;14500;INTARIAN_PEPPER_ROOT;12092;15;12089;19;;;12098;9;12102;22;;;12095.0;0.0
yf_ADM_d6;14600;ASH_COATED_OSMIUM;9900;5;9896;15;;;9907;12;9911;22;;;9903.5;0.0
yf_ADM_d6;14600;INTARIAN_PEPPER_ROOT;12092;9;12088;15;;;12098;20;12100;23;;;12095.0;0.0
yf_ADM_d6;14700;ASH_COATED_OSMIUM;9900;13;9898;25;;;9906;24;9910;18;;;9903.0;0.0
yf_ADM_d6;14700;INTARIAN_PEPPER_ROOT;12080;11;12076;26;;;12108;16;12111;25;;;12094.0;0.0
yf_ADM_d6;14800;ASH_COATED_OSMIUM;9898;13;9895;23;;;9909;5;9913;15;;;9903.5;0.0
yf_ADM_d6;14800;INTARIAN_PEPPER_ROOT;12073;11;12069;27;;;12115;21;12119;15;;;12094.0;0.0
yf_ADM_d6;14900;ASH_COATED_OSMIUM;9897;11;9895;13;;;9910;17;9912;24;;;9903.5;0.0
yf_ADM_d6;14900;INTARIAN_PEPPER_ROOT;12084;13;12082;10;;;12102;17;12105;18;;;12093.0;0.0
yf_ADM_d6;15000;ASH_COATED_OSMIUM;9900;18;9897;20;;;9906;13;9909;16;;;9903.0;0.0
yf_ADM_d6;15000;INTARIAN_PEPPER_ROOT;12090;14;12087;15;;;12096;11;12100;13;;;12093.0;0.0
yf_ADM_d6;15100;ASH_COATED_OSMIUM;9900;19;9896;14;;;9906;21;9910;21;;;9903.0;0.0
yf_ADM_d6;15100;INTARIAN_PEPPER_ROOT;12089;17;12085;25;;;12096;14;12098;18;;;12092.5;0.0
yf_ADM_d6;15200;ASH_COATED_OSMIUM;9895;20;9892;15;;;9909;11;9913;26;;;9902.0;0.0
yf_ADM_d6;15200;INTARIAN_PEPPER_ROOT;12088;20;12086;19;;;12097;8;12101;22;;;12092.5;0.0
yf_ADM_d6;15300;ASH_COATED_OSMIUM;9901;10;9899;17;;;9907;15;9910;21;;;9904.0;0.0
yf_ADM_d6;15300;INTARIAN_PEPPER_ROOT;12089;15;12087;14;;;12095;23;12098;29;;;12092.0;0.0
yf_ADM_d6;15400;ASH_COATED_OSMIUM;9900;18;9896;22;;;9906;15;9910;14;;;9903.0;0.0
yf_ADM_d6;15400;INTARIAN_PEPPER_ROOT;12088;14;12085;15;;;12094;15;12096;28;;;12091.0;0.0
yf_ADM_d6;15500;ASH_COATED_OSMIUM;9899;16;9897;21;;;9908;10;9912;19;;;9903.5;0.0
yf_ADM_d6;15500;INTARIAN_PEPPER_ROOT;12088;6;12085;13;;;12094;13;12098;20;;;12091.0;0.0
yf_ADM_d6;15600;ASH_COATED_OSMIUM;9898;5;9894;14;;;9907;11;9909;13;;;9902.5;0.0
yf_ADM_d6;15600;INTARIAN_PEPPER_ROOT;12088;22;12084;18;;;12094;11;12096;20;;;12091.0;0.0
yf_ADM_d6;15700;ASH_COATED_OSMIUM;9897;7;9895;15;;;9907;16;9909;23;;;9902.0;0.0
yf_ADM_d6;15700;INTARIAN_PEPPER_ROOT;12087;13;12083;25;;;12093;19;12096;18;;;12090.0;0.0
yf_ADM_d6;15800;ASH_COATED_OSMIUM;9901;15;9897;19;;;9907;19;9910;19;;;9904.0;0.0
yf_ADM_d6;15800;INTARIAN_PEPPER_ROOT;12085;12;12082;13;;;12095;8;12099;17;;;12090.0;0.0
yf_ADM_d6;15900;ASH_COATED_OSMIUM;9900;14;9898;17;;;9906;9;9910;25;;;9903.0;0.0
yf_ADM_d6;15900;INTARIAN_PEPPER_ROOT;12083;15;12079;23;;;12096;15;12099;18;;;12089.5;0.0
yf_ADM_d6;16000;ASH_COATED_OSMIUM;9900;7;9897;21;;;9906;18;9910;24;;;9903.0;0.0
yf_ADM_d6;16000;INTARIAN_PEPPER_ROOT;12086;13;12082;16;;;12092;23;12094;23;;;12089.0;0.0
yf_ADM_d6;16100;ASH_COATED_OSMIUM;9896;6;9892;19;;;9910;23;9913;16;;;9903.0;0.0
yf_ADM_d6;16100;INTARIAN_PEPPER_ROOT;12085;16;12082;13;;;12091;13;12093;14;;;12088.0;0.0
yf_ADM_d6;16200;ASH_COATED_OSMIUM;9899;11;9895;15;;;9906;16;9910;19;;;9902.5;0.0
yf_ADM_d6;16200;INTARIAN_PEPPER_ROOT;12085;17;12082;26;;;12091;20;12095;24;;;12088.0;0.0
yf_ADM_d6;16300;ASH_COATED_OSMIUM;9897;15;9893;22;;;9909;15;9912;15;;;9903.0;0.0
yf_ADM_d6;16300;INTARIAN_PEPPER_ROOT;12083;12;12080;17;;;12091;22;12095;20;;;12087.0;0.0
yf_ADM_d6;16400;ASH_COATED_OSMIUM;9887;23;9884;14;;;9917;8;9919;19;;;9902.0;0.0
yf_ADM_d6;16400;INTARIAN_PEPPER_ROOT;12084;12;12080;18;;;12090;14;12093;17;;;12087.0;0.0
yf_ADM_d6;16500;ASH_COATED_OSMIUM;9899;8;9897;20;;;9905;6;9908;14;;;9902.0;0.0
yf_ADM_d6;16500;INTARIAN_PEPPER_ROOT;12074;8;12070;21;;;12099;17;12101;16;;;12086.5;0.0
yf_ADM_d6;16600;ASH_COATED_OSMIUM;9899;8;9896;19;;;9905;16;9907;19;;;9902.0;0.0
yf_ADM_d6;16600;INTARIAN_PEPPER_ROOT;12084;10;12080;12;;;12090;17;12094;18;;;12087.0;0.0
yf_ADM_d6;16700;ASH_COATED_OSMIUM;9899;13;9895;20;;;9905;15;9909;16;;;9902.0;0.0
yf_ADM_d6;16700;INTARIAN_PEPPER_ROOT;12081;11;12077;20;;;12091;16;12094;26;;;12086.0;0.0
yf_ADM_d6;16800;ASH_COATED_OSMIUM;9899;23;9895;21;;;9905;12;9907;22;;;9902.0;0.0
yf_ADM_d6;16800;INTARIAN_PEPPER_ROOT;12082;13;12079;21;;;12089;8;12093;20;;;12085.5;0.0
yf_ADM_d6;16900;ASH_COATED_OSMIUM;9900;19;9896;21;;;9906;10;9910;25;;;9903.0;0.0
yf_ADM_d6;16900;INTARIAN_PEPPER_ROOT;12082;10;12080;24;;;12088;15;12091;24;;;12085.0;0.0
yf_ADM_d6;17000;ASH_COATED_OSMIUM;9897;18;9894;30;;;9908;10;9911;20;;;9902.5;0.0
yf_ADM_d6;17000;INTARIAN_PEPPER_ROOT;12081;6;12078;13;;;12087;14;12089;19;;;12084.0;0.0
yf_ADM_d6;17100;ASH_COATED_OSMIUM;9899;18;9895;20;;;9905;18;9907;20;;;9902.0;0.0
yf_ADM_d6;17100;INTARIAN_PEPPER_ROOT;12080;12;12077;21;;;12086;8;12090;17;;;12083.0;0.0
yf_ADM_d6;17200;ASH_COATED_OSMIUM;9899;15;9897;14;;;9905;18;9909;24;;;9902.0;0.0
yf_ADM_d6;17200;INTARIAN_PEPPER_ROOT;12065;17;12063;22;;;12099;19;12103;14;;;12082.0;0.0
yf_ADM_d6;17300;ASH_COATED_OSMIUM;9897;5;9893;12;;;9909;18;9913;14;;;9903.0;0.0
yf_ADM_d6;17300;INTARIAN_PEPPER_ROOT;12078;12;12075;22;;;12084;17;12087;22;;;12081.0;0.0
yf_ADM_d6;17400;ASH_COATED_OSMIUM;9899;19;9897;16;;;9905;12;9908;23;;;9902.0;0.0
yf_ADM_d6;17400;INTARIAN_PEPPER_ROOT;12076;21;12074;18;;;12082;14;12086;22;;;12079.0;0.0
yf_ADM_d6;17500;ASH_COATED_OSMIUM;9899;21;9897;23;;;9905;12;9908;26;;;9902.0;0.0
yf_ADM_d6;17500;INTARIAN_PEPPER_ROOT;12071;14;12067;24;;;12087;13;12090;22;;;12079.0;0.0
yf_ADM_d6;17600;ASH_COATED_OSMIUM;9897;15;9895;25;;;9908;23;9910;21;;;9902.5;0.0
yf_ADM_d6;17600;INTARIAN_PEPPER_ROOT;12075;17;12073;24;;;12081;16;12083;27;;;12078.0;0.0
yf_ADM_d6;17700;ASH_COATED_OSMIUM;9899;7;9895;25;;;9905;12;9907;20;;;9902.0;0.0
yf_ADM_d6;17700;INTARIAN_PEPPER_ROOT;12073;15;12069;24;;;12079;5;12082;16;;;12076.0;0.0
yf_ADM_d6;17800;ASH_COATED_OSMIUM;9900;22;9898;18;;;9906;13;9908;17;;;9903.0;0.0
yf_ADM_d6;17800;INTARIAN_PEPPER_ROOT;12070;10;12066;26;;;12080;9;12084;11;;;12075.0;0.0
yf_ADM_d6;17900;ASH_COATED_OSMIUM;9894;14;9890;20;;;9911;17;9913;19;;;9902.5;0.0
yf_ADM_d6;17900;INTARIAN_PEPPER_ROOT;12067;5;12064;19;;;12081;17;12084;12;;;12074.0;0.0
yf_ADM_d6;18000;ASH_COATED_OSMIUM;9899;21;9896;19;;;9905;22;9907;26;;;9902.0;0.0
yf_ADM_d6;18000;INTARIAN_PEPPER_ROOT;12067;21;12064;8;;;12079;19;12083;27;;;12073.0;0.0
yf_ADM_d6;18100;ASH_COATED_OSMIUM;9899;11;9896;21;;;9905;17;9907;23;;;9902.0;0.0
yf_ADM_d6;18100;INTARIAN_PEPPER_ROOT;12061;13;12059;12;;;12083;22;12087;19;;;12072.0;0.0
yf_ADM_d6;18200;ASH_COATED_OSMIUM;9899;5;9896;20;;;9905;17;9909;26;;;9902.0;0.0
yf_ADM_d6;18200;INTARIAN_PEPPER_ROOT;12068;30;12064;25;;;12074;6;12077;21;;;12071.0;0.0
yf_ADM_d6;18300;ASH_COATED_OSMIUM;9899;10;9897;21;;;9905;26;9909;30;;;9902.0;0.0
yf_ADM_d6;18300;INTARIAN_PEPPER_ROOT;12059;10;12057;10;;;12081;14;12084;14;;;12070.0;0.0
yf_ADM_d6;18400;ASH_COATED_OSMIUM;9900;15;9896;22;;;9906;11;9908;21;;;9903.0;0.0
yf_ADM_d6;18400;INTARIAN_PEPPER_ROOT;12066;15;12064;23;;;12072;14;12075;25;;;12069.0;0.0
yf_ADM_d6;18500;ASH_COATED_OSMIUM;9899;7;9895;24;;;9905;5;9908;20;;;9902.0;0.0
yf_ADM_d6;18500;INTARIAN_PEPPER_ROOT;12065;15;12062;24;;;12071;15;12073;13;;;12068.0;0.0
yf_ADM_d6;18600;ASH_COATED_OSMIUM;9899;13;9897;23;;;9905;11;9907;26;;;9902.0;0.0
yf_ADM_d6;18600;INTARIAN_PEPPER_ROOT;12063;11;12059;24;;;12070;15;12072;24;;;12066.5;0.0
yf_ADM_d6;18700;ASH_COATED_OSMIUM;9899;27;9897;18;;;9905;27;9909;25;;;9902.0;0.0
yf_ADM_d6;18700;INTARIAN_PEPPER_ROOT;12063;18;12060;19;;;12069;12;12071;20;;;12066.0;0.0
yf_ADM_d6;18800;ASH_COATED_OSMIUM;9899;17;9897;20;;;9905;12;9907;26;;;9902.0;0.0
yf_ADM_d6;18800;INTARIAN_PEPPER_ROOT;12062;20;12058;18;;;12068;14;12072;26;;;12065.0;0.0
yf_ADM_d6;18900;ASH_COATED_OSMIUM;9889;17;9886;27;;;9915;16;9918;15;;;9902.0;0.0
yf_ADM_d6;18900;INTARIAN_PEPPER_ROOT;12060;19;12057;26;;;12066;12;12069;22;;;12063.0;0.0
yf_ADM_d6;19000;ASH_COATED_OSMIUM;9895;11;9891;31;;;9909;11;9911;26;;;9902.0;0.0
yf_ADM_d6;19000;INTARIAN_PEPPER_ROOT;12060;16;12056;18;;;12066;18;12070;19;;;12063.0;0.0
yf_ADM_d6;19100;ASH_COATED_OSMIUM;9899;16;9895;19;;;9905;18;9908;15;;;9902.0;0.0
yf_ADM_d6;19100;INTARIAN_PEPPER_ROOT;12037;16;12034;20;;;12085;24;12087;25;;;12061.0;0.0
yf_ADM_d6;19200;ASH_COATED_OSMIUM;9899;8;9895;29;;;9905;15;9907;21;;;9902.0;0.0
yf_ADM_d6;19200;INTARIAN_PEPPER_ROOT;12058;18;12054;17;;;12064;5;12068;22;;;12061.0;0.0
yf_ADM_d6;19300;ASH_COATED_OSMIUM;9898;21;9894;17;;;9907;16;9909;18;;;9902.5;0.0
yf_ADM_d6;19300;INTARIAN_PEPPER_ROOT;12055;5;12052;23;;;12064;9;12067;11;;;12059.5;0.0
yf_ADM_d6;19400;ASH_COATED_OSMIUM;9899;18;9897;27;;;9905;5;9908;23;;;9902.0;0.0
yf_ADM_d6;19400;INTARIAN_PEPPER_ROOT;12055;7;12053;29;;;12061;18;12064;16;;;12058.0;0.0
yf_ADM_d6;19500;ASH_COATED_OSMIUM;9896;17;9893;28;;;9909;12;9911;12;;;9902.5;0.0
yf_ADM_d6;19500;INTARIAN_PEPPER_ROOT;12054;10;12050;22;;;12060;25;12063;10;;;12057.0;0.0
yf_ADM_d6;19600;ASH_COATED_OSMIUM;9899;20;9895;19;;;9905;16;9909;24;;;9902.0;0.0
yf_ADM_d6;19600;INTARIAN_PEPPER_ROOT;12053;15;12049;21;;;12061;17;12063;17;;;12057.0;0.0
yf_ADM_d6;19700;ASH_COATED_OSMIUM;9899;20;9896;17;;;9905;15;9907;20;;;9902.0;0.0
yf_ADM_d6;19700;INTARIAN_PEPPER_ROOT;12052;20;12048;19;;;12059;20;12062;14;;;12055.5;0.0
yf_ADM_d6;19800;ASH_COATED_OSMIUM;9899;27;9896;18;;;9905;16;9907;22;;;9902.0;0.0
yf_ADM_d6;19800;INTARIAN_PEPPER_ROOT;12051;11;12047;21;;;12057;14;12061;25;;;12054.0;0.0
yf_ADM_d6;19900;ASH_COATED_OSMIUM;9899;15;9897;17;;;9905;14;9907;19;;;9902.0;0.0
yf_ADM_d6;19900;INTARIAN_PEPPER_ROOT;12049;13;12045;28;;;12055;12;12057;15;;;12052.0;0.0
yf_ADM_d6;20000;ASH_COATED_OSMIUM;9898;18;9895;15;;;9905;21;9909;29;;;9901.5;0.0
yf_ADM_d6;20000;INTARIAN_PEPPER_ROOT;12050;17;12046;13;;;12056;21;12058;21;;;12053.0;0.0
yf_ADM_d6;20100;ASH_COATED_OSMIUM;9898;28;9896;21;;;9906;17;9908;10;;;9902.0;0.0
yf_ADM_d6;20100;INTARIAN_PEPPER_ROOT;12047;13;12043;24;;;12053;22;12056;18;;;12050.0;0.0
yf_ADM_d6;20200;ASH_COATED_OSMIUM;9900;12;9897;21;;;9906;12;9910;30;;;9903.0;0.0
yf_ADM_d6;20200;INTARIAN_PEPPER_ROOT;12046;12;12042;24;;;12052;16;12056;22;;;12049.0;0.0
yf_ADM_d6;20300;ASH_COATED_OSMIUM;9899;10;9895;25;;;9905;14;9908;19;;;9902.0;0.0
yf_ADM_d6;20300;INTARIAN_PEPPER_ROOT;12046;21;12043;29;;;12052;23;12055;14;;;12049.0;0.0
yf_ADM_d6;20400;ASH_COATED_OSMIUM;9899;14;9895;21;;;9905;14;9907;25;;;9902.0;0.0
yf_ADM_d6;20400;INTARIAN_PEPPER_ROOT;12044;12;12041;17;;;12050;13;12052;12;;;12047.0;0.0
yf_ADM_d6;20500;ASH_COATED_OSMIUM;9898;24;9896;27;;;9904;14;9907;24;;;9901.0;0.0
yf_ADM_d6;20500;INTARIAN_PEPPER_ROOT;12043;14;12041;16;;;12049;10;12051;27;;;12046.0;0.0
yf_ADM_d6;20600;ASH_COATED_OSMIUM;9899;16;9897;11;;;9905;12;9907;21;;;9902.0;0.0
yf_ADM_d6;20600;INTARIAN_PEPPER_ROOT;12043;14;12041;15;;;12049;10;12052;21;;;12046.0;0.0
yf_ADM_d6;20700;ASH_COATED_OSMIUM;9898;16;9896;17;;;9904;13;9906;17;;;9901.0;0.0
yf_ADM_d6;20700;INTARIAN_PEPPER_ROOT;12041;20;12038;22;;;12047;10;12049;23;;;12044.0;0.0
yf_ADM_d6;20800;ASH_COATED_OSMIUM;9898;13;9895;16;;;9904;13;9908;21;;;9901.0;0.0
yf_ADM_d6;20800;INTARIAN_PEPPER_ROOT;12040;19;12038;12;;;12046;20;12049;20;;;12043.0;0.0
yf_ADM_d6;20900;ASH_COATED_OSMIUM;9899;19;9897;24;;;9905;24;9908;17;;;9902.0;0.0
yf_ADM_d6;20900;INTARIAN_PEPPER_ROOT;12039;16;12035;22;;;12045;14;12047;19;;;12042.0;0.0
yf_ADM_d6;21000;ASH_COATED_OSMIUM;9900;21;9898;26;;;9906;14;9908;19;;;9903.0;0.0
yf_ADM_d6;21000;INTARIAN_PEPPER_ROOT;12039;12;12037;20;;;12045;12;12048;26;;;12042.0;0.0
yf_ADM_d6;21100;ASH_COATED_OSMIUM;9898;15;9894;25;;;9904;15;9907;13;;;9901.0;0.0
yf_ADM_d6;21100;INTARIAN_PEPPER_ROOT;12037;8;12035;20;;;12043;19;12046;15;;;12040.0;0.0
yf_ADM_d6;21200;ASH_COATED_OSMIUM;9898;9;9894;22;;;9904;19;9907;15;;;9901.0;0.0
yf_ADM_d6;21200;INTARIAN_PEPPER_ROOT;12036;16;12034;26;;;12042;18;12044;20;;;12039.0;0.0
yf_ADM_d6;21300;ASH_COATED_OSMIUM;9899;16;9895;12;;;9905;18;9908;22;;;9902.0;0.0
yf_ADM_d6;21300;INTARIAN_PEPPER_ROOT;12035;19;12032;27;;;12041;13;12044;24;;;12038.0;0.0
yf_ADM_d6;21400;ASH_COATED_OSMIUM;9898;19;9894;21;;;9906;18;9908;20;;;9902.0;0.0
yf_ADM_d6;21400;INTARIAN_PEPPER_ROOT;12033;9;12029;14;;;12039;21;12041;16;;;12036.0;0.0
yf_ADM_d6;21500;ASH_COATED_OSMIUM;9890;15;9887;8;;;9914;16;9918;17;;;9902.0;0.0
yf_ADM_d6;21500;INTARIAN_PEPPER_ROOT;12033;19;12030;18;;;12039;16;12042;21;;;12036.0;0.0
yf_ADM_d6;21600;ASH_COATED_OSMIUM;9899;22;9896;23;;;9905;15;9909;27;;;9902.0;0.0
yf_ADM_d6;21600;INTARIAN_PEPPER_ROOT;12032;11;12029;23;;;12038;9;12040;12;;;12035.0;0.0
yf_ADM_d6;21700;ASH_COATED_OSMIUM;9897;19;9895;15;;;9907;19;9909;18;;;9902.0;0.0
yf_ADM_d6;21700;INTARIAN_PEPPER_ROOT;12017;14;12014;21;;;12051;10;12055;19;;;12034.0;0.0
yf_ADM_d6;21800;ASH_COATED_OSMIUM;9898;15;9896;17;;;9905;11;9908;19;;;9901.5;0.0
yf_ADM_d6;21800;INTARIAN_PEPPER_ROOT;12021;13;12019;28;;;12044;13;12047;33;;;12032.5;0.0
yf_ADM_d6;21900;ASH_COATED_OSMIUM;9898;9;9895;24;;;9904;17;9906;35;;;9901.0;0.0
yf_ADM_d6;21900;INTARIAN_PEPPER_ROOT;12028;9;12024;16;;;12034;14;12038;14;;;12031.0;0.0
yf_ADM_d6;22000;ASH_COATED_OSMIUM;9891;16;9889;16;;;9913;18;9917;20;;;9902.0;0.0
yf_ADM_d6;22000;INTARIAN_PEPPER_ROOT;12021;8;12018;27;;;12040;11;12042;18;;;12030.5;0.0
yf_ADM_d6;22100;ASH_COATED_OSMIUM;9898;18;9896;18;;;9904;19;9906;21;;;9901.0;0.0
yf_ADM_d6;22100;INTARIAN_PEPPER_ROOT;12027;15;12025;13;;;12033;21;12035;31;;;12030.0;0.0
yf_ADM_d6;22200;ASH_COATED_OSMIUM;9899;20;9895;22;;;9905;7;9907;25;;;9902.0;0.0
yf_ADM_d6;22200;INTARIAN_PEPPER_ROOT;12025;17;12022;24;;;12031;17;12034;18;;;12028.0;0.0
yf_ADM_d6;22300;ASH_COATED_OSMIUM;9892;7;9889;24;;;9912;6;9914;24;;;9902.0;0.0
yf_ADM_d6;22300;INTARIAN_PEPPER_ROOT;12024;14;12022;24;;;12030;13;12033;16;;;12027.0;0.0
yf_ADM_d6;22400;ASH_COATED_OSMIUM;9899;13;9896;19;;;9905;9;9909;19;;;9902.0;0.0
yf_ADM_d6;22400;INTARIAN_PEPPER_ROOT;12023;5;12020;20;;;12029;12;12033;16;;;12026.0;0.0
yf_ADM_d6;22500;ASH_COATED_OSMIUM;9898;19;9895;15;;;9904;16;9908;17;;;9901.0;0.0
yf_ADM_d6;22500;INTARIAN_PEPPER_ROOT;12022;23;12020;12;;;12028;16;12032;8;;;12025.0;0.0
yf_ADM_d6;22600;ASH_COATED_OSMIUM;9898;8;9894;20;;;9904;13;9908;15;;;9901.0;0.0
yf_ADM_d6;22600;INTARIAN_PEPPER_ROOT;12022;12;12019;15;;;12028;15;12030;14;;;12025.0;0.0
yf_ADM_d6;22700;ASH_COATED_OSMIUM;9899;7;9897;9;;;9905;10;9907;17;;;9902.0;0.0
yf_ADM_d6;22700;INTARIAN_PEPPER_ROOT;12020;9;12018;20;;;12026;10;12028;20;;;12023.0;0.0
yf_ADM_d6;22800;ASH_COATED_OSMIUM;9898;14;9896;22;;;9904;17;9907;23;;;9901.0;0.0
yf_ADM_d6;22800;INTARIAN_PEPPER_ROOT;12019;6;12017;15;;;12026;9;12030;19;;;12022.5;0.0
yf_ADM_d6;22900;ASH_COATED_OSMIUM;9899;18;9896;16;;;9905;17;9909;21;;;9902.0;0.0
yf_ADM_d6;22900;INTARIAN_PEPPER_ROOT;12018;14;12016;19;;;12024;19;12027;13;;;12021.0;0.0
yf_ADM_d6;23000;ASH_COATED_OSMIUM;9890;13;9888;17;;;9914;12;9918;15;;;9902.0;0.0
yf_ADM_d6;23000;INTARIAN_PEPPER_ROOT;12009;26;12007;24;;;12031;9;12034;18;;;12020.0;0.0
yf_ADM_d6;23100;ASH_COATED_OSMIUM;9898;19;9896;25;;;9905;20;9909;14;;;9901.5;0.0
yf_ADM_d6;23100;INTARIAN_PEPPER_ROOT;12014;10;12012;20;;;12023;14;12025;24;;;12018.5;0.0
yf_ADM_d6;23200;ASH_COATED_OSMIUM;9899;13;9896;8;;;9905;15;9907;22;;;9902.0;0.0
yf_ADM_d6;23200;INTARIAN_PEPPER_ROOT;12009;14;12006;15;;;12026;18;12030;24;;;12017.5;0.0
yf_ADM_d6;23300;ASH_COATED_OSMIUM;9896;17;9892;26;;;9907;12;9911;10;;;9901.5;0.0
yf_ADM_d6;23300;INTARIAN_PEPPER_ROOT;12014;16;12011;17;;;12020;11;12023;27;;;12017.0;0.0
yf_ADM_d6;23400;ASH_COATED_OSMIUM;9898;16;9894;14;;;9904;13;9907;19;;;9901.0;0.0
yf_ADM_d6;23400;INTARIAN_PEPPER_ROOT;12011;14;12009;22;;;12021;19;12024;14;;;12016.0;0.0
yf_ADM_d6;23500;ASH_COATED_OSMIUM;9892;17;9889;21;;;9910;24;9913;21;;;9901.0;0.0
yf_ADM_d6;23500;INTARIAN_PEPPER_ROOT;12012;18;12008;25;;;12018;19;12022;16;;;12015.0;0.0
yf_ADM_d6;23600;ASH_COATED_OSMIUM;9898;13;9894;16;;;9904;12;9907;20;;;9901.0;0.0
yf_ADM_d6;23600;INTARIAN_PEPPER_ROOT;12011;15;12007;21;;;12017;13;12021;23;;;12014.0;0.0
yf_ADM_d6;23700;ASH_COATED_OSMIUM;9898;18;9896;26;;;9904;11;9908;23;;;9901.0;0.0
yf_ADM_d6;23700;INTARIAN_PEPPER_ROOT;11999;15;11995;31;;;12026;14;12030;18;;;12012.5;0.0
yf_ADM_d6;23800;ASH_COATED_OSMIUM;9898;21;9894;19;;;9904;12;9906;11;;;9901.0;0.0
yf_ADM_d6;23800;INTARIAN_PEPPER_ROOT;12008;6;12005;21;;;12014;19;12017;19;;;12011.0;0.0
yf_ADM_d6;23900;ASH_COATED_OSMIUM;9891;15;9888;22;;;9912;18;9914;32;;;9901.5;0.0
yf_ADM_d6;23900;INTARIAN_PEPPER_ROOT;12007;15;12003;21;;;12013;25;12017;15;;;12010.0;0.0
yf_ADM_d6;24000;ASH_COATED_OSMIUM;9898;9;9895;20;;;9904;8;9908;16;;;9901.0;0.0
yf_ADM_d6;24000;INTARIAN_PEPPER_ROOT;12007;14;12005;26;;;12013;12;12016;8;;;12010.0;0.0
yf_ADM_d6;24100;ASH_COATED_OSMIUM;9898;9;9895;28;;;9904;10;9907;19;;;9901.0;0.0
yf_ADM_d6;24100;INTARIAN_PEPPER_ROOT;12006;5;12004;17;;;12012;21;12014;18;;;12009.0;0.0
yf_ADM_d6;24200;ASH_COATED_OSMIUM;9899;16;9895;16;;;9905;14;9908;14;;;9902.0;0.0
yf_ADM_d6;24200;INTARIAN_PEPPER_ROOT;12004;15;12002;12;;;12011;30;12014;19;;;12007.5;0.0
yf_ADM_d6;24300;ASH_COATED_OSMIUM;9898;20;9894;20;;;9904;20;9908;25;;;9901.0;0.0
yf_ADM_d6;24300;INTARIAN_PEPPER_ROOT;12000;15;11996;24;;;12011;24;12015;18;;;12005.5;0.0
yf_ADM_d6;24400;ASH_COATED_OSMIUM;9887;12;9884;17;;;9917;19;9920;20;;;9902.0;0.0
yf_ADM_d6;24400;INTARIAN_PEPPER_ROOT;12002;20;11998;28;;;12008;23;12010;20;;;12005.0;0.0
yf_ADM_d6;24500;ASH_COATED_OSMIUM;9899;17;9896;19;;;9905;15;9907;25;;;9902.0;0.0
yf_ADM_d6;24500;INTARIAN_PEPPER_ROOT;12001;15;11997;14;;;12007;13;12010;13;;;12004.0;0.0
yf_ADM_d6;24600;ASH_COATED_OSMIUM;9898;19;9894;12;;;9904;9;9906;16;;;9901.0;0.0
yf_ADM_d6;24600;INTARIAN_PEPPER_ROOT;12000;6;11996;13;;;12006;13;12008;17;;;12003.0;0.0
yf_ADM_d6;24700;ASH_COATED_OSMIUM;9891;18;9888;29;;;9911;17;9913;30;;;9901.0;0.0
yf_ADM_d6;24700;INTARIAN_PEPPER_ROOT;11999;19;11995;19;;;12005;14;12007;27;;;12002.0;0.0
yf_ADM_d6;24800;ASH_COATED_OSMIUM;9898;20;9894;21;;;9904;13;9907;25;;;9901.0;0.0
yf_ADM_d6;24800;INTARIAN_PEPPER_ROOT;11987;19;11985;13;;;12015;20;12017;26;;;12001.0;0.0
yf_ADM_d6;24900;ASH_COATED_OSMIUM;9898;20;9894;24;;;9904;25;9907;9;;;9901.0;0.0
yf_ADM_d6;24900;INTARIAN_PEPPER_ROOT;11996;5;11992;20;;;12002;13;12006;23;;;11999.0;0.0
yf_ADM_d6;25000;ASH_COATED_OSMIUM;9898;20;9894;19;;;9904;16;9906;24;;;9901.0;0.0
yf_ADM_d6;25000;INTARIAN_PEPPER_ROOT;11994;11;11991;26;;;12003;11;12005;33;;;11998.5;0.0
yf_ADM_d6;25100;ASH_COATED_OSMIUM;9896;17;9893;27;;;9906;14;9909;28;;;9901.0;0.0
yf_ADM_d6;25100;INTARIAN_PEPPER_ROOT;11994;15;11992;19;;;12000;6;12002;13;;;11997.0;0.0
yf_ADM_d6;25200;ASH_COATED_OSMIUM;9898;12;9894;21;;;9904;16;9908;19;;;9901.0;0.0
yf_ADM_d6;25200;INTARIAN_PEPPER_ROOT;11992;16;11989;22;;;11998;19;12001;16;;;11995.0;0.0
yf_ADM_d6;25300;ASH_COATED_OSMIUM;9898;13;9896;16;;;9904;9;9907;22;;;9901.0;0.0
yf_ADM_d6;25300;INTARIAN_PEPPER_ROOT;11993;11;11991;17;;;11999;15;12003;22;;;11996.0;0.0
yf_ADM_d6;25400;ASH_COATED_OSMIUM;9897;23;9894;11;;;9906;11;9908;17;;;9901.5;0.0
yf_ADM_d6;25400;INTARIAN_PEPPER_ROOT;11990;22;11987;33;;;11998;14;12001;18;;;11994.0;0.0
yf_ADM_d6;25500;ASH_COATED_OSMIUM;9898;5;9894;20;;;9904;14;9908;8;;;9901.0;0.0
yf_ADM_d6;25500;INTARIAN_PEPPER_ROOT;11990;21;11988;24;;;11996;15;11999;15;;;11993.0;0.0
yf_ADM_d6;25600;ASH_COATED_OSMIUM;9898;20;9896;16;;;9904;15;9906;22;;;9901.0;0.0
yf_ADM_d6;25600;INTARIAN_PEPPER_ROOT;11987;22;11985;20;;;11998;16;12001;17;;;11992.5;0.0
yf_ADM_d6;25700;ASH_COATED_OSMIUM;9897;13;9895;15;;;9905;19;9908;11;;;9901.0;0.0
yf_ADM_d6;25700;INTARIAN_PEPPER_ROOT;11983;28;11980;23;;;11999;16;12002;24;;;11991.0;0.0
yf_ADM_d6;25800;ASH_COATED_OSMIUM;9898;15;9894;12;;;9904;15;9908;24;;;9901.0;0.0
yf_ADM_d6;25800;INTARIAN_PEPPER_ROOT;11987;18;11985;23;;;11993;8;11996;25;;;11990.0;0.0
yf_ADM_d6;25900;ASH_COATED_OSMIUM;9898;12;9895;16;;;9904;6;9907;13;;;9901.0;0.0
yf_ADM_d6;25900;INTARIAN_PEPPER_ROOT;11986;15;11982;14;;;11992;11;11996;23;;;11989.0;0.0
yf_ADM_d6;26000;ASH_COATED_OSMIUM;9897;16;9894;19;;;9903;18;9906;24;;;9900.0;0.0
yf_ADM_d6;26000;INTARIAN_PEPPER_ROOT;11980;15;11977;19;;;11996;7;11999;21;;;11988.0;0.0
yf_ADM_d6;26100;ASH_COATED_OSMIUM;9898;9;9896;28;;;9904;18;9906;18;;;9901.0;0.0
yf_ADM_d6;26100;INTARIAN_PEPPER_ROOT;11984;8;11980;21;;;11990;9;11993;18;;;11987.0;0.0
yf_ADM_d6;26200;ASH_COATED_OSMIUM;9898;13;9894;14;;;9904;10;9908;26;;;9901.0;0.0
yf_ADM_d6;26200;INTARIAN_PEPPER_ROOT;11980;15;11976;22;;;11992;11;11996;12;;;11986.0;0.0
yf_ADM_d6;26300;ASH_COATED_OSMIUM;9897;19;9895;16;;;9903;7;9905;24;;;9900.0;0.0
yf_ADM_d6;26300;INTARIAN_PEPPER_ROOT;11979;16;11975;21;;;11991;16;11993;24;;;11985.0;0.0
yf_ADM_d6;26400;ASH_COATED_OSMIUM;9895;18;9891;12;;;9906;11;9909;20;;;9900.5;0.0
yf_ADM_d6;26400;INTARIAN_PEPPER_ROOT;11981;17;11979;17;;;11987;17;11989;17;;;11984.0;0.0
yf_ADM_d6;26500;ASH_COATED_OSMIUM;9898;5;9895;16;;;9904;9;9906;25;;;9901.0;0.0
yf_ADM_d6;26500;INTARIAN_PEPPER_ROOT;11979;15;11976;21;;;11985;23;11987;23;;;11982.0;0.0
yf_ADM_d6;26600;ASH_COATED_OSMIUM;9898;12;9896;15;;;9904;15;9908;21;;;9901.0;0.0
yf_ADM_d6;26600;INTARIAN_PEPPER_ROOT;11979;7;11976;19;;;11985;18;11987;19;;;11982.0;0.0
yf_ADM_d6;26700;ASH_COATED_OSMIUM;9898;16;9894;9;;;9904;12;9908;15;;;9901.0;0.0
yf_ADM_d6;26700;INTARIAN_PEPPER_ROOT;11977;11;11975;20;;;11983;15;11986;15;;;11980.0;0.0
yf_ADM_d6;26800;ASH_COATED_OSMIUM;9898;24;9895;20;;;9904;12;9907;25;;;9901.0;0.0
yf_ADM_d6;26800;INTARIAN_PEPPER_ROOT;11976;12;11972;29;;;11983;23;11985;23;;;11979.5;0.0
yf_ADM_d6;26900;ASH_COATED_OSMIUM;9898;25;9896;27;;;9904;14;9906;17;;;9901.0;0.0
yf_ADM_d6;26900;INTARIAN_PEPPER_ROOT;11975;18;11971;16;;;11981;6;11985;11;;;11978.0;0.0
yf_ADM_d6;27000;ASH_COATED_OSMIUM;9886;17;9882;28;;;9916;13;9920;12;;;9901.0;0.0
yf_ADM_d6;27000;INTARIAN_PEPPER_ROOT;11972;16;11969;29;;;11983;24;11987;21;;;11977.5;0.0
yf_ADM_d6;27100;ASH_COATED_OSMIUM;9889;10;9886;26;;;9911;6;9914;14;;;9900.0;0.0
yf_ADM_d6;27100;INTARIAN_PEPPER_ROOT;11969;16;11965;22;;;11983;11;11987;20;;;11976.0;0.0
yf_ADM_d6;27200;ASH_COATED_OSMIUM;9897;17;9895;21;;;9904;15;9907;27;;;9900.5;0.0
yf_ADM_d6;27200;INTARIAN_PEPPER_ROOT;11970;10;11966;23;;;11979;15;11982;22;;;11974.5;0.0
yf_ADM_d6;27300;ASH_COATED_OSMIUM;9888;9;9885;11;;;9912;17;9916;12;;;9900.0;0.0
yf_ADM_d6;27300;INTARIAN_PEPPER_ROOT;11971;19;11968;20;;;11977;5;11979;24;;;11974.0;0.0
yf_ADM_d6;27400;ASH_COATED_OSMIUM;9892;8;9889;17;;;9910;13;9914;19;;;9901.0;0.0
yf_ADM_d6;27400;INTARIAN_PEPPER_ROOT;11969;18;11965;21;;;11975;13;11979;23;;;11972.0;0.0
yf_ADM_d6;27500;ASH_COATED_OSMIUM;9898;19;9896;13;;;9904;16;9907;21;;;9901.0;0.0
yf_ADM_d6;27500;INTARIAN_PEPPER_ROOT;11966;12;11962;24;;;11977;12;11981;18;;;11971.5;0.0
yf_ADM_d6;27600;ASH_COATED_OSMIUM;9895;13;9891;9;;;9906;14;9908;20;;;9900.5;0.0
yf_ADM_d6;27600;INTARIAN_PEPPER_ROOT;11967;8;11965;15;;;11975;14;11977;8;;;11971.0;0.0
yf_ADM_d6;27700;ASH_COATED_OSMIUM;9898;22;9896;18;;;9904;12;9907;20;;;9901.0;0.0
yf_ADM_d6;27700;INTARIAN_PEPPER_ROOT;11967;10;11965;21;;;11973;15;11975;24;;;11970.0;0.0
yf_ADM_d6;27800;ASH_COATED_OSMIUM;9897;18;9894;23;;;9903;16;9905;24;;;9900.0;0.0
yf_ADM_d6;27800;INTARIAN_PEPPER_ROOT;11966;21;11964;15;;;11972;10;11976;23;;;11969.0;0.0
yf_ADM_d6;27900;ASH_COATED_OSMIUM;9891;16;9888;16;;;9909;22;9912;13;;;9900.0;0.0
yf_ADM_d6;27900;INTARIAN_PEPPER_ROOT;11964;18;11960;16;;;11972;17;11974;15;;;11968.0;0.0
yf_ADM_d6;28000;ASH_COATED_OSMIUM;9897;24;9893;22;;;9903;14;9906;19;;;9900.0;0.0
yf_ADM_d6;28000;INTARIAN_PEPPER_ROOT;11963;15;11961;28;;;11969;10;11971;20;;;11966.0;0.0
yf_ADM_d6;28100;ASH_COATED_OSMIUM;9896;16;9892;22;;;9906;10;9910;16;;;9901.0;0.0
yf_ADM_d6;28100;INTARIAN_PEPPER_ROOT;11957;13;11954;21;;;11973;21;11975;22;;;11965.0;0.0
yf_ADM_d6;28200;ASH_COATED_OSMIUM;9896;13;9893;18;;;9907;28;9910;17;;;9901.5;0.0
yf_ADM_d6;28200;INTARIAN_PEPPER_ROOT;11962;17;11960;22;;;11968;9;11972;14;;;11965.0;0.0
yf_ADM_d6;28300;ASH_COATED_OSMIUM;9896;17;9892;22;;;9904;22;9907;18;;;9900.0;0.0
yf_ADM_d6;28300;INTARIAN_PEPPER_ROOT;11960;5;11957;21;;;11966;16;11968;31;;;11963.0;0.0
yf_ADM_d6;28400;ASH_COATED_OSMIUM;9892;15;9889;18;;;9910;19;9912;21;;;9901.0;0.0
yf_ADM_d6;28400;INTARIAN_PEPPER_ROOT;11959;6;11957;9;;;11967;10;11969;22;;;11963.0;0.0
yf_ADM_d6;28500;ASH_COATED_OSMIUM;9897;15;9894;20;;;9903;21;9906;18;;;9900.0;0.0
yf_ADM_d6;28500;INTARIAN_PEPPER_ROOT;11944;13;11941;20;;;11979;9;11982;21;;;11961.5;0.0
yf_ADM_d6;28600;ASH_COATED_OSMIUM;9894;16;9892;18;;;9907;22;9909;18;;;9900.5;0.0
yf_ADM_d6;28600;INTARIAN_PEPPER_ROOT;11955;11;11952;27;;;11965;15;11967;12;;;11960.0;0.0
yf_ADM_d6;28700;ASH_COATED_OSMIUM;9897;11;9894;14;;;9903;7;9906;20;;;9900.0;0.0
yf_ADM_d6;28700;INTARIAN_PEPPER_ROOT;11951;8;11947;19;;;11967;8;11970;24;;;11959.0;0.0
yf_ADM_d6;28800;ASH_COATED_OSMIUM;9897;18;9893;22;;;9903;16;9906;23;;;9900.0;0.0
yf_ADM_d6;28800;INTARIAN_PEPPER_ROOT;11955;12;11951;23;;;11961;18;11965;22;;;11958.0;0.0
yf_ADM_d6;28900;ASH_COATED_OSMIUM;9887;17;9885;20;;;9914;10;9917;25;;;9900.5;0.0
yf_ADM_d6;28900;INTARIAN_PEPPER_ROOT;11953;17;11951;11;;;11959;16;11962;14;;;11956.0;0.0
yf_ADM_d6;29000;ASH_COATED_OSMIUM;9897;12;9895;27;;;9903;17;9907;24;;;9900.0;0.0
yf_ADM_d6;29000;INTARIAN_PEPPER_ROOT;11948;24;11946;19;;;11964;20;11967;18;;;11956.0;0.0
yf_ADM_d6;29100;ASH_COATED_OSMIUM;9898;21;9894;25;;;9904;12;9908;21;;;9901.0;0.0
yf_ADM_d6;29100;INTARIAN_PEPPER_ROOT;11951;12;11949;29;;;11957;9;11960;19;;;11954.0;0.0
yf_ADM_d6;29200;ASH_COATED_OSMIUM;9898;12;9896;22;;;9904;6;9908;21;;;9901.0;0.0
yf_ADM_d6;29200;INTARIAN_PEPPER_ROOT;11951;15;11947;16;;;11957;13;11959;13;;;11954.0;0.0
yf_ADM_d6;29300;ASH_COATED_OSMIUM;9897;8;9893;16;;;9903;15;9906;13;;;9900.0;0.0
yf_ADM_d6;29300;INTARIAN_PEPPER_ROOT;11949;16;11947;21;;;11956;19;11958;29;;;11952.5;0.0
yf_ADM_d6;29400;ASH_COATED_OSMIUM;9897;10;9894;18;;;9903;16;9906;31;;;9900.0;0.0
yf_ADM_d6;29400;INTARIAN_PEPPER_ROOT;11949;13;11946;18;;;11955;8;11958;22;;;11952.0;0.0
yf_ADM_d6;29500;ASH_COATED_OSMIUM;9897;5;9895;22;;;9903;10;9907;15;;;9900.0;0.0
yf_ADM_d6;29500;INTARIAN_PEPPER_ROOT;11948;10;11945;18;;;11954;11;11956;18;;;11951.0;0.0
yf_ADM_d6;29600;ASH_COATED_OSMIUM;9897;20;9895;18;;;9903;19;9905;15;;;9900.0;0.0
yf_ADM_d6;29600;INTARIAN_PEPPER_ROOT;11946;5;11944;21;;;11954;8;11958;23;;;11950.0;0.0
yf_ADM_d6;29700;ASH_COATED_OSMIUM;9897;21;9894;23;;;9903;17;9905;17;;;9900.0;0.0
yf_ADM_d6;29700;INTARIAN_PEPPER_ROOT;11945;18;11942;9;;;11951;20;11954;18;;;11948.0;0.0
yf_ADM_d6;29800;ASH_COATED_OSMIUM;9897;11;9895;23;;;9903;16;9906;19;;;9900.0;0.0
yf_ADM_d6;29800;INTARIAN_PEPPER_ROOT;11934;21;11931;19;;;11960;13;11962;20;;;11947.0;0.0
yf_ADM_d6;29900;ASH_COATED_OSMIUM;9897;16;9893;14;;;9903;14;9905;11;;;9900.0;0.0
yf_ADM_d6;29900;INTARIAN_PEPPER_ROOT;11937;16;11933;23;;;11955;22;11957;24;;;11946.0;0.0
yf_ADM_d6;30000;ASH_COATED_OSMIUM;9895;13;9892;31;;;9906;18;9909;23;;;9900.5;0.0
yf_ADM_d6;30000;INTARIAN_PEPPER_ROOT;11942;16;11939;16;;;11948;23;11951;25;;;11945.0;0.0
yf_ADM_d6;30100;ASH_COATED_OSMIUM;9898;9;9894;22;;;9904;20;9907;19;;;9901.0;0.0
yf_ADM_d6;30100;INTARIAN_PEPPER_ROOT;11941;9;11937;35;;;11947;14;11951;27;;;11944.0;0.0
yf_ADM_d6;30200;ASH_COATED_OSMIUM;9891;22;9889;20;;;9909;19;9911;18;;;9900.0;0.0
yf_ADM_d6;30200;INTARIAN_PEPPER_ROOT;11934;21;11932;21;;;11951;18;11953;13;;;11942.5;0.0
yf_ADM_d6;30300;ASH_COATED_OSMIUM;9895;9;9892;23;;;9905;10;9908;16;;;9900.0;0.0
yf_ADM_d6;30300;INTARIAN_PEPPER_ROOT;11938;18;11934;11;;;11946;13;11948;21;;;11942.0;0.0
yf_ADM_d6;30400;ASH_COATED_OSMIUM;9894;28;9890;13;;;9906;10;9908;14;;;9900.0;0.0
yf_ADM_d6;30400;INTARIAN_PEPPER_ROOT;11932;24;11930;15;;;11949;12;11953;13;;;11940.5;0.0
yf_ADM_d6;30500;ASH_COATED_OSMIUM;9896;17;9893;20;;;9902;9;9905;17;;;9899.0;0.0
yf_ADM_d6;30500;INTARIAN_PEPPER_ROOT;11937;14;11935;17;;;11943;26;11947;20;;;11940.0;0.0
yf_ADM_d6;30600;ASH_COATED_OSMIUM;9897;18;9893;21;;;9903;12;9905;20;;;9900.0;0.0
yf_ADM_d6;30600;INTARIAN_PEPPER_ROOT;11935;18;11932;18;;;11942;5;11945;19;;;11938.5;0.0
yf_ADM_d6;30700;ASH_COATED_OSMIUM;9887;18;9884;20;;;9913;18;9915;26;;;9900.0;0.0
yf_ADM_d6;30700;INTARIAN_PEPPER_ROOT;11934;10;11931;22;;;11940;10;11942;19;;;11937.0;0.0
yf_ADM_d6;30800;ASH_COATED_OSMIUM;9890;14;9888;29;;;9911;11;9915;23;;;9900.5;0.0
yf_ADM_d6;30800;INTARIAN_PEPPER_ROOT;11929;24;11926;14;;;11944;15;11947;20;;;11936.5;0.0
yf_ADM_d6;30900;ASH_COATED_OSMIUM;9894;9;9891;23;;;9907;17;9910;33;;;9900.5;0.0
yf_ADM_d6;30900;INTARIAN_PEPPER_ROOT;11932;9;11928;16;;;11938;11;11942;14;;;11935.0;0.0
yf_ADM_d6;31000;ASH_COATED_OSMIUM;9897;16;9893;21;;;9903;17;9905;30;;;9900.0;0.0
yf_ADM_d6;31000;INTARIAN_PEPPER_ROOT;11931;11;11928;17;;;11937;17;11940;18;;;11934.0;0.0
yf_ADM_d6;31100;ASH_COATED_OSMIUM;9897;9;9894;20;;;9903;22;9905;12;;;9900.0;0.0
yf_ADM_d6;31100;INTARIAN_PEPPER_ROOT;11930;13;11927;24;;;11936;14;11939;27;;;11933.0;0.0
yf_ADM_d6;31200;ASH_COATED_OSMIUM;9897;10;9893;25;;;9904;23;9908;25;;;9900.5;0.0
yf_ADM_d6;31200;INTARIAN_PEPPER_ROOT;11929;5;11926;26;;;11935;21;11939;19;;;11932.0;0.0
yf_ADM_d6;31300;ASH_COATED_OSMIUM;9897;27;9894;20;;;9903;11;9906;25;;;9900.0;0.0
yf_ADM_d6;31300;INTARIAN_PEPPER_ROOT;11922;14;11918;19;;;11940;18;11942;17;;;11931.0;0.0
yf_ADM_d6;31400;ASH_COATED_OSMIUM;9897;11;9893;14;;;9903;16;9906;23;;;9900.0;0.0
yf_ADM_d6;31400;INTARIAN_PEPPER_ROOT;11913;13;11910;15;;;11947;16;11951;14;;;11930.0;0.0
yf_ADM_d6;31500;ASH_COATED_OSMIUM;9894;10;9892;20;;;9907;14;9910;21;;;9900.5;0.0
yf_ADM_d6;31500;INTARIAN_PEPPER_ROOT;11926;16;11924;16;;;11932;15;11936;21;;;11929.0;0.0
yf_ADM_d6;31600;ASH_COATED_OSMIUM;9897;30;9893;20;;;9903;22;9905;12;;;9900.0;0.0
yf_ADM_d6;31600;INTARIAN_PEPPER_ROOT;11925;13;11922;14;;;11932;14;11935;21;;;11928.5;0.0
yf_ADM_d6;31700;ASH_COATED_OSMIUM;9897;20;9895;23;;;9903;11;9905;23;;;9900.0;0.0
yf_ADM_d6;31700;INTARIAN_PEPPER_ROOT;11924;10;11922;15;;;11930;10;11933;23;;;11927.0;0.0
yf_ADM_d6;31800;ASH_COATED_OSMIUM;9897;20;9894;25;;;9903;15;9905;18;;;9900.0;0.0
yf_ADM_d6;31800;INTARIAN_PEPPER_ROOT;11917;13;11913;28;;;11935;17;11937;23;;;11926.0;0.0
yf_ADM_d6;31900;ASH_COATED_OSMIUM;9897;16;9895;24;;;9903;13;9905;28;;;9900.0;0.0
yf_ADM_d6;31900;INTARIAN_PEPPER_ROOT;11922;15;11918;22;;;11928;8;11932;14;;;11925.0;0.0
yf_ADM_d6;32000;ASH_COATED_OSMIUM;9896;5;9893;21;;;9902;16;9904;11;;;9899.0;0.0
yf_ADM_d6;32000;INTARIAN_PEPPER_ROOT;11920;13;11917;8;;;11926;23;11929;16;;;11923.0;0.0
yf_ADM_d6;32100;ASH_COATED_OSMIUM;9883;18;9880;19;;;9916;16;9920;20;;;9899.5;0.0
yf_ADM_d6;32100;INTARIAN_PEPPER_ROOT;11911;6;11907;14;;;11935;13;11937;22;;;11923.0;0.0
yf_ADM_d6;32200;ASH_COATED_OSMIUM;9897;6;9894;22;;;9903;13;9907;18;;;9900.0;0.0
yf_ADM_d6;32200;INTARIAN_PEPPER_ROOT;11919;16;11917;18;;;11925;22;11927;22;;;11922.0;0.0
yf_ADM_d6;32300;ASH_COATED_OSMIUM;9897;16;9894;20;;;9903;22;9906;24;;;9900.0;0.0
yf_ADM_d6;32300;INTARIAN_PEPPER_ROOT;11913;23;11911;30;;;11928;12;11931;17;;;11920.5;0.0
yf_ADM_d6;32400;ASH_COATED_OSMIUM;9889;5;9885;22;;;9912;10;9916;19;;;9900.5;0.0
yf_ADM_d6;32400;INTARIAN_PEPPER_ROOT;11916;15;11913;19;;;11923;16;11926;16;;;11919.5;0.0
yf_ADM_d6;32500;ASH_COATED_OSMIUM;9895;20;9891;18;;;9904;12;9908;15;;;9899.5;0.0
yf_ADM_d6;32500;INTARIAN_PEPPER_ROOT;11915;14;11911;16;;;11921;11;11925;19;;;11918.0;0.0
yf_ADM_d6;32600;ASH_COATED_OSMIUM;9877;9;9873;14;;;9924;18;9928;20;;;9900.5;0.0
yf_ADM_d6;32600;INTARIAN_PEPPER_ROOT;11914;15;11910;22;;;11920;12;11924;18;;;11917.0;0.0
yf_ADM_d6;32700;ASH_COATED_OSMIUM;9897;14;9893;19;;;9903;20;9905;21;;;9900.0;0.0
yf_ADM_d6;32700;INTARIAN_PEPPER_ROOT;11908;9;11904;27;;;11923;11;11926;11;;;11915.5;0.0
yf_ADM_d6;32800;ASH_COATED_OSMIUM;9882;15;9880;26;;;9917;25;9920;16;;;9899.5;0.0
yf_ADM_d6;32800;INTARIAN_PEPPER_ROOT;11911;14;11907;18;;;11920;11;11923;20;;;11915.5;0.0
yf_ADM_d6;32900;ASH_COATED_OSMIUM;9895;17;9892;18;;;9904;13;9908;21;;;9899.5;0.0
yf_ADM_d6;32900;INTARIAN_PEPPER_ROOT;11911;17;11907;26;;;11917;6;11920;23;;;11914.0;0.0
yf_ADM_d6;33000;ASH_COATED_OSMIUM;9898;18;9894;31;;;9904;12;9906;28;;;9901.0;0.0
yf_ADM_d6;33000;INTARIAN_PEPPER_ROOT;11909;25;11906;18;;;11916;10;11919;22;;;11912.5;0.0
yf_ADM_d6;33100;ASH_COATED_OSMIUM;9897;24;9894;24;;;9903;12;9906;15;;;9900.0;0.0
yf_ADM_d6;33100;INTARIAN_PEPPER_ROOT;11908;20;11904;18;;;11915;12;11917;26;;;11911.5;0.0
yf_ADM_d6;33200;ASH_COATED_OSMIUM;9894;5;9892;29;;;9905;24;9909;21;;;9899.5;0.0
yf_ADM_d6;33200;INTARIAN_PEPPER_ROOT;11907;17;11904;16;;;11913;25;11916;20;;;11910.0;0.0
yf_ADM_d6;33300;ASH_COATED_OSMIUM;9896;18;9893;13;;;9902;9;9905;16;;;9899.0;0.0
yf_ADM_d6;33300;INTARIAN_PEPPER_ROOT;11907;7;11904;12;;;11913;9;11916;27;;;11910.0;0.0
yf_ADM_d6;33400;ASH_COATED_OSMIUM;9897;16;9894;28;;;9903;11;9906;27;;;9900.0;0.0
yf_ADM_d6;33400;INTARIAN_PEPPER_ROOT;11906;21;11903;27;;;11912;16;11914;21;;;11909.0;0.0
yf_ADM_d6;33500;ASH_COATED_OSMIUM;9891;18;9889;18;;;9907;16;9910;8;;;9899.0;0.0
yf_ADM_d6;33500;INTARIAN_PEPPER_ROOT;11903;11;11900;12;;;11910;20;11914;19;;;11906.5;0.0
yf_ADM_d6;33600;ASH_COATED_OSMIUM;9897;16;9894;16;;;9903;23;9905;19;;;9900.0;0.0
yf_ADM_d6;33600;INTARIAN_PEPPER_ROOT;11904;21;11901;16;;;11910;17;11913;23;;;11907.0;0.0
yf_ADM_d6;33700;ASH_COATED_OSMIUM;9897;24;9895;14;;;9903;16;9907;15;;;9900.0;0.0
yf_ADM_d6;33700;INTARIAN_PEPPER_ROOT;11890;10;11888;22;;;11922;13;11926;18;;;11906.0;0.0
yf_ADM_d6;33800;ASH_COATED_OSMIUM;9896;18;9893;15;;;9903;14;9906;22;;;9899.5;0.0
yf_ADM_d6;33800;INTARIAN_PEPPER_ROOT;11901;18;11898;20;;;11907;11;11910;22;;;11904.0;0.0
yf_ADM_d6;33900;ASH_COATED_OSMIUM;9897;25;9893;22;;;9903;14;9907;22;;;9900.0;0.0
yf_ADM_d6;33900;INTARIAN_PEPPER_ROOT;11901;22;11897;16;;;11907;20;11911;22;;;11904.0;0.0
yf_ADM_d6;34000;ASH_COATED_OSMIUM;9896;20;9894;11;;;9902;11;9905;22;;;9899.0;0.0
yf_ADM_d6;34000;INTARIAN_PEPPER_ROOT;11898;13;11896;12;;;11908;15;11911;30;;;11903.0;0.0
yf_ADM_d6;34100;ASH_COATED_OSMIUM;9888;16;9884;21;;;9912;25;9914;21;;;9900.0;0.0
yf_ADM_d6;34100;INTARIAN_PEPPER_ROOT;11899;14;11895;14;;;11906;12;11910;21;;;11902.5;0.0
yf_ADM_d6;34200;ASH_COATED_OSMIUM;9897;18;9893;12;;;9903;25;9907;13;;;9900.0;0.0
yf_ADM_d6;34200;INTARIAN_PEPPER_ROOT;11899;5;11895;31;;;11905;22;11907;14;;;11902.0;0.0
yf_ADM_d6;34300;ASH_COATED_OSMIUM;9897;9;9894;23;;;9903;18;9906;26;;;9900.0;0.0
yf_ADM_d6;34300;INTARIAN_PEPPER_ROOT;11898;14;11895;9;;;11904;14;11907;21;;;11901.0;0.0
yf_ADM_d6;34400;ASH_COATED_OSMIUM;9887;14;9885;20;;;9913;5;9915;23;;;9900.0;0.0
yf_ADM_d6;34400;INTARIAN_PEPPER_ROOT;11898;9;11896;17;;;11904;16;11908;26;;;11901.0;0.0
yf_ADM_d6;34500;ASH_COATED_OSMIUM;9892;8;9888;18;;;9908;5;9912;18;;;9900.0;0.0
yf_ADM_d6;34500;INTARIAN_PEPPER_ROOT;11897;21;11894;18;;;11903;12;11905;19;;;11900.0;0.0
yf_ADM_d6;34600;ASH_COATED_OSMIUM;9897;10;9893;17;;;9903;19;9907;20;;;9900.0;0.0
yf_ADM_d6;34600;INTARIAN_PEPPER_ROOT;11894;11;11890;24;;;11907;12;11910;20;;;11900.5;0.0
yf_ADM_d6;34700;ASH_COATED_OSMIUM;9890;19;9886;15;;;9910;16;9914;14;;;9900.0;0.0
yf_ADM_d6;34700;INTARIAN_PEPPER_ROOT;11889;14;11885;17;;;11909;15;11911;14;;;11899.0;0.0
yf_ADM_d6;34800;ASH_COATED_OSMIUM;9896;11;9892;23;;;9902;15;9906;12;;;9899.0;0.0
yf_ADM_d6;34800;INTARIAN_PEPPER_ROOT;11896;11;11894;22;;;11902;16;11905;13;;;11899.0;0.0
yf_ADM_d6;34900;ASH_COATED_OSMIUM;9895;18;9891;25;;;9906;19;9908;13;;;9900.5;0.0
yf_ADM_d6;34900;INTARIAN_PEPPER_ROOT;11892;17;11890;19;;;11906;12;11909;18;;;11899.0;0.0
yf_ADM_d6;35000;ASH_COATED_OSMIUM;9897;14;9893;20;;;9903;12;9905;16;;;9900.0;0.0
yf_ADM_d6;35000;INTARIAN_PEPPER_ROOT;11895;10;11892;30;;;11901;9;11905;22;;;11898.0;0.0
yf_ADM_d6;35100;ASH_COATED_OSMIUM;9897;14;9894;23;;;9903;10;9905;20;;;9900.0;0.0
yf_ADM_d6;35100;INTARIAN_PEPPER_ROOT;11890;19;11888;26;;;11904;27;11908;23;;;11897.0;0.0
yf_ADM_d6;35200;ASH_COATED_OSMIUM;9897;17;9893;26;;;9903;10;9905;15;;;9900.0;0.0
yf_ADM_d6;35200;INTARIAN_PEPPER_ROOT;11892;14;11889;23;;;11900;11;11903;20;;;11896.0;0.0
yf_ADM_d6;35300;ASH_COATED_OSMIUM;9888;22;9886;11;;;9911;14;9914;20;;;9899.5;0.0
yf_ADM_d6;35300;INTARIAN_PEPPER_ROOT;11893;6;11891;25;;;11899;9;11901;17;;;11896.0;0.0
yf_ADM_d6;35400;ASH_COATED_OSMIUM;9892;15;9890;22;;;9909;12;9912;18;;;9900.5;0.0
yf_ADM_d6;35400;INTARIAN_PEPPER_ROOT;11893;8;11890;24;;;11899;10;11902;18;;;11896.0;0.0
yf_ADM_d6;35500;ASH_COATED_OSMIUM;9896;17;9892;20;;;9904;16;9908;22;;;9900.0;0.0
yf_ADM_d6;35500;INTARIAN_PEPPER_ROOT;11892;17;11888;23;;;11898;14;11902;17;;;11895.0;0.0
yf_ADM_d6;35600;ASH_COATED_OSMIUM;9897;9;9893;22;;;9903;8;9907;23;;;9900.0;0.0
yf_ADM_d6;35600;INTARIAN_PEPPER_ROOT;11881;11;11878;25;;;11908;12;11910;18;;;11894.5;0.0
yf_ADM_d6;35700;ASH_COATED_OSMIUM;9897;15;9894;13;;;9903;18;9906;21;;;9900.0;0.0
yf_ADM_d6;35700;INTARIAN_PEPPER_ROOT;11891;14;11889;24;;;11897;17;11900;17;;;11894.0;0.0
yf_ADM_d6;35800;ASH_COATED_OSMIUM;9898;26;9895;25;;;9904;11;9906;13;;;9901.0;0.0
yf_ADM_d6;35800;INTARIAN_PEPPER_ROOT;11887;6;11885;12;;;11899;7;11902;12;;;11893.0;0.0
yf_ADM_d6;35900;ASH_COATED_OSMIUM;9896;21;9893;9;;;9905;17;9909;19;;;9900.5;0.0
yf_ADM_d6;35900;INTARIAN_PEPPER_ROOT;11884;24;11881;23;;;11903;13;11906;17;;;11893.5;0.0
yf_ADM_d6;36000;ASH_COATED_OSMIUM;9898;30;9895;17;;;9904;10;9908;19;;;9901.0;0.0
yf_ADM_d6;36000;INTARIAN_PEPPER_ROOT;11886;16;11884;21;;;11899;17;11901;14;;;11892.5;0.0
yf_ADM_d6;36100;ASH_COATED_OSMIUM;9897;20;9894;14;;;9903;21;9907;19;;;9900.0;0.0
yf_ADM_d6;36100;INTARIAN_PEPPER_ROOT;11887;14;11884;24;;;11896;14;11900;20;;;11891.5;0.0
yf_ADM_d6;36200;ASH_COATED_OSMIUM;9894;19;9892;24;;;9907;21;9909;21;;;9900.5;0.0
yf_ADM_d6;36200;INTARIAN_PEPPER_ROOT;11888;8;11886;20;;;11894;14;11898;14;;;11891.0;0.0
yf_ADM_d6;36300;ASH_COATED_OSMIUM;9897;12;9893;19;;;9903;15;9907;23;;;9900.0;0.0
yf_ADM_d6;36300;INTARIAN_PEPPER_ROOT;11888;21;11884;21;;;11894;8;11896;11;;;11891.0;0.0
yf_ADM_d6;36400;ASH_COATED_OSMIUM;9896;14;9892;29;;;9905;15;9908;27;;;9900.5;0.0
yf_ADM_d6;36400;INTARIAN_PEPPER_ROOT;11887;11;11884;21;;;11893;9;11897;20;;;11890.0;0.0
yf_ADM_d6;36500;ASH_COATED_OSMIUM;9898;9;9894;23;;;9904;5;9906;22;;;9901.0;0.0
yf_ADM_d6;36500;INTARIAN_PEPPER_ROOT;11882;6;11879;14;;;11899;9;11902;29;;;11890.5;0.0
yf_ADM_d6;36600;ASH_COATED_OSMIUM;9898;6;9895;23;;;9904;14;9907;12;;;9901.0;0.0
yf_ADM_d6;36600;INTARIAN_PEPPER_ROOT;11886;12;11884;18;;;11892;16;11896;35;;;11889.0;0.0
yf_ADM_d6;36700;ASH_COATED_OSMIUM;9898;13;9894;27;;;9904;21;9908;14;;;9901.0;0.0
yf_ADM_d6;36700;INTARIAN_PEPPER_ROOT;11886;9;11883;25;;;11892;15;11894;22;;;11889.0;0.0
yf_ADM_d6;36800;ASH_COATED_OSMIUM;9898;27;9896;12;;;9904;15;9907;13;;;9901.0;0.0
yf_ADM_d6;36800;INTARIAN_PEPPER_ROOT;11886;17;11883;21;;;11892;17;11894;19;;;11889.0;0.0
yf_ADM_d6;36900;ASH_COATED_OSMIUM;9898;15;9896;20;;;9904;7;9906;17;;;9901.0;0.0
yf_ADM_d6;36900;INTARIAN_PEPPER_ROOT;11885;23;11883;24;;;11891;15;11894;23;;;11888.0;0.0
yf_ADM_d6;37000;ASH_COATED_OSMIUM;9898;15;9896;21;;;9904;17;9907;31;;;9901.0;0.0
yf_ADM_d6;37000;INTARIAN_PEPPER_ROOT;11885;13;11883;20;;;11891;13;11893;25;;;11888.0;0.0
yf_ADM_d6;37100;ASH_COATED_OSMIUM;9898;24;9894;24;;;9904;19;9906;19;;;9901.0;0.0
yf_ADM_d6;37100;INTARIAN_PEPPER_ROOT;11884;7;11880;22;;;11890;20;11892;15;;;11887.0;0.0
yf_ADM_d6;37200;ASH_COATED_OSMIUM;9894;24;9890;18;;;9908;5;9910;23;;;9901.0;0.0
yf_ADM_d6;37200;INTARIAN_PEPPER_ROOT;11883;16;11879;21;;;11889;21;11892;18;;;11886.0;0.0
yf_ADM_d6;37300;ASH_COATED_OSMIUM;9895;15;9892;19;;;9908;13;9910;27;;;9901.5;0.0
yf_ADM_d6;37300;INTARIAN_PEPPER_ROOT;11880;16;11876;15;;;11892;15;11895;18;;;11886.0;0.0
yf_ADM_d6;37400;ASH_COATED_OSMIUM;9898;24;9896;13;;;9904;19;9907;16;;;9901.0;0.0
yf_ADM_d6;37400;INTARIAN_PEPPER_ROOT;11880;15;11877;23;;;11891;8;11895;15;;;11885.5;0.0
yf_ADM_d6;37500;ASH_COATED_OSMIUM;9898;11;9895;34;;;9904;5;9906;18;;;9901.0;0.0
yf_ADM_d6;37500;INTARIAN_PEPPER_ROOT;11882;16;11878;33;;;11888;13;11892;25;;;11885.0;0.0
yf_ADM_d6;37600;ASH_COATED_OSMIUM;9898;15;9895;16;;;9904;21;9906;20;;;9901.0;0.0
yf_ADM_d6;37600;INTARIAN_PEPPER_ROOT;11875;18;11873;26;;;11893;10;11896;22;;;11884.0;0.0
yf_ADM_d6;37700;ASH_COATED_OSMIUM;9898;13;9896;20;;;9904;9;9907;22;;;9901.0;0.0
yf_ADM_d6;37700;INTARIAN_PEPPER_ROOT;11881;13;11878;9;;;11887;5;11891;32;;;11884.0;0.0
yf_ADM_d6;37800;ASH_COATED_OSMIUM;9897;12;9895;21;;;9906;16;9910;21;;;9901.5;0.0
yf_ADM_d6;37800;INTARIAN_PEPPER_ROOT;11881;5;11877;19;;;11887;29;11890;27;;;11884.0;0.0
yf_ADM_d6;37900;ASH_COATED_OSMIUM;9896;18;9893;24;;;9906;17;9910;14;;;9901.0;0.0
yf_ADM_d6;37900;INTARIAN_PEPPER_ROOT;11880;19;11878;18;;;11886;14;11888;19;;;11883.0;0.0
yf_ADM_d6;38000;ASH_COATED_OSMIUM;9898;18;9895;27;;;9906;5;9908;23;;;9902.0;0.0
yf_ADM_d6;38000;INTARIAN_PEPPER_ROOT;11878;22;11874;27;;;11887;18;11890;26;;;11882.5;0.0
yf_ADM_d6;38100;ASH_COATED_OSMIUM;9899;16;9895;29;;;9905;18;9908;15;;;9902.0;0.0
yf_ADM_d6;38100;INTARIAN_PEPPER_ROOT;11879;14;11876;21;;;11885;12;11888;20;;;11882.0;0.0
yf_ADM_d6;38200;ASH_COATED_OSMIUM;9899;11;9897;28;;;9905;12;9907;18;;;9902.0;0.0
yf_ADM_d6;38200;INTARIAN_PEPPER_ROOT;11878;18;11876;19;;;11884;14;11887;18;;;11881.0;0.0
yf_ADM_d6;38300;ASH_COATED_OSMIUM;9898;13;9895;25;;;9906;18;9909;22;;;9902.0;0.0
yf_ADM_d6;38300;INTARIAN_PEPPER_ROOT;11878;13;11876;24;;;11884;17;11886;19;;;11881.0;0.0
yf_ADM_d6;38400;ASH_COATED_OSMIUM;9893;10;9891;21;;;9910;6;9914;27;;;9901.5;0.0
yf_ADM_d6;38400;INTARIAN_PEPPER_ROOT;11877;10;11874;14;;;11883;21;11885;22;;;11880.0;0.0
yf_ADM_d6;38500;ASH_COATED_OSMIUM;9899;7;9895;25;;;9905;13;9908;25;;;9902.0;0.0
yf_ADM_d6;38500;INTARIAN_PEPPER_ROOT;11877;22;11873;21;;;11883;18;11885;8;;;11880.0;0.0
yf_ADM_d6;38600;ASH_COATED_OSMIUM;9899;20;9895;21;;;9905;20;9907;31;;;9902.0;0.0
yf_ADM_d6;38600;INTARIAN_PEPPER_ROOT;11874;18;11871;24;;;11885;7;11889;20;;;11879.5;0.0
yf_ADM_d6;38700;ASH_COATED_OSMIUM;9891;7;9887;18;;;9914;16;9918;17;;;9902.5;0.0
yf_ADM_d6;38700;INTARIAN_PEPPER_ROOT;11876;19;11872;16;;;11882;16;11884;20;;;11879.0;0.0
yf_ADM_d6;38800;ASH_COATED_OSMIUM;9895;7;9892;20;;;9908;22;9912;19;;;9901.5;0.0
yf_ADM_d6;38800;INTARIAN_PEPPER_ROOT;11875;14;11871;18;;;11881;24;11885;19;;;11878.0;0.0
yf_ADM_d6;38900;ASH_COATED_OSMIUM;9898;15;9894;10;;;9908;11;9911;23;;;9903.0;0.0
yf_ADM_d6;38900;INTARIAN_PEPPER_ROOT;11875;12;11872;16;;;11881;22;11883;12;;;11878.0;0.0
yf_ADM_d6;39000;ASH_COATED_OSMIUM;9895;16;9892;14;;;9908;14;9912;20;;;9901.5;0.0
yf_ADM_d6;39000;INTARIAN_PEPPER_ROOT;11874;14;11871;35;;;11880;25;11882;17;;;11877.0;0.0
yf_ADM_d6;39100;ASH_COATED_OSMIUM;9898;7;9896;13;;;9906;12;9910;8;;;9902.0;0.0
yf_ADM_d6;39100;INTARIAN_PEPPER_ROOT;11874;21;11872;25;;;11880;7;11884;28;;;11877.0;0.0
yf_ADM_d6;39200;ASH_COATED_OSMIUM;9899;14;9896;22;;;9905;21;9908;12;;;9902.0;0.0
yf_ADM_d6;39200;INTARIAN_PEPPER_ROOT;11873;10;11869;23;;;11879;19;11882;14;;;11876.0;0.0
yf_ADM_d6;39300;ASH_COATED_OSMIUM;9896;12;9892;19;;;9909;12;9913;17;;;9902.5;0.0
yf_ADM_d6;39300;INTARIAN_PEPPER_ROOT;11868;17;11866;21;;;11883;20;11886;12;;;11875.5;0.0
yf_ADM_d6;39400;ASH_COATED_OSMIUM;9894;20;9890;27;;;9909;16;9911;15;;;9901.5;0.0
yf_ADM_d6;39400;INTARIAN_PEPPER_ROOT;11871;5;11869;21;;;11879;12;11881;25;;;11875.0;0.0
yf_ADM_d6;39500;ASH_COATED_OSMIUM;9899;18;9897;29;;;9905;14;9908;19;;;9902.0;0.0
yf_ADM_d6;39500;INTARIAN_PEPPER_ROOT;11868;26;11866;19;;;11882;16;11886;14;;;11875.0;0.0
yf_ADM_d6;39600;ASH_COATED_OSMIUM;9899;15;9897;15;;;9905;19;9909;19;;;9902.0;0.0
yf_ADM_d6;39600;INTARIAN_PEPPER_ROOT;11871;15;11867;20;;;11877;17;11880;15;;;11874.0;0.0
yf_ADM_d6;39700;ASH_COATED_OSMIUM;9899;10;9896;25;;;9905;5;9907;28;;;9902.0;0.0
yf_ADM_d6;39700;INTARIAN_PEPPER_ROOT;11867;13;11865;19;;;11880;10;11884;25;;;11873.5;0.0
yf_ADM_d6;39800;ASH_COATED_OSMIUM;9899;18;9897;17;;;9905;13;9907;18;;;9902.0;0.0
yf_ADM_d6;39800;INTARIAN_PEPPER_ROOT;11867;9;11863;31;;;11879;17;11883;17;;;11873.0;0.0
yf_ADM_d6;39900;ASH_COATED_OSMIUM;9898;12;9894;12;;;9907;13;9909;23;;;9902.5;0.0
yf_ADM_d6;39900;INTARIAN_PEPPER_ROOT;11867;20;11865;16;;;11879;10;11882;18;;;11873.0;0.0
yf_ADM_d6;40000;ASH_COATED_OSMIUM;9894;21;9890;18;;;9911;20;9913;18;;;9902.5;0.0
yf_ADM_d6;40000;INTARIAN_PEPPER_ROOT;11866;23;11862;30;;;11878;16;11880;20;;;11872.0;0.0
yf_ADM_d6;40100;ASH_COATED_OSMIUM;9899;12;9896;21;;;9905;23;9909;12;;;9902.0;0.0
yf_ADM_d6;40100;INTARIAN_PEPPER_ROOT;11869;23;11865;21;;;11875;17;11878;24;;;11872.0;0.0
yf_ADM_d6;40200;ASH_COATED_OSMIUM;9900;9;9896;16;;;9906;17;9908;10;;;9903.0;0.0
yf_ADM_d6;40200;INTARIAN_PEPPER_ROOT;11862;6;11860;21;;;11880;13;11884;30;;;11871.0;0.0
yf_ADM_d6;40300;ASH_COATED_OSMIUM;9899;16;9896;13;;;9907;18;9910;28;;;9903.0;0.0
yf_ADM_d6;40300;INTARIAN_PEPPER_ROOT;11868;18;11866;21;;;11874;18;11877;16;;;11871.0;0.0
yf_ADM_d6;40400;ASH_COATED_OSMIUM;9892;11;9889;12;;;9913;13;9917;12;;;9902.5;0.0
yf_ADM_d6;40400;INTARIAN_PEPPER_ROOT;11867;17;11863;24;;;11873;19;11875;22;;;11870.0;0.0
yf_ADM_d6;40500;ASH_COATED_OSMIUM;9900;14;9896;30;;;9906;12;9909;21;;;9903.0;0.0
yf_ADM_d6;40500;INTARIAN_PEPPER_ROOT;11867;20;11864;26;;;11873;7;11876;22;;;11870.0;0.0
yf_ADM_d6;40600;ASH_COATED_OSMIUM;9900;18;9898;20;;;9906;25;9910;23;;;9903.0;0.0
yf_ADM_d6;40600;INTARIAN_PEPPER_ROOT;11866;19;11862;20;;;11872;15;11874;18;;;11869.0;0.0
yf_ADM_d6;40700;ASH_COATED_OSMIUM;9900;19;9897;14;;;9906;15;9908;24;;;9903.0;0.0
yf_ADM_d6;40700;INTARIAN_PEPPER_ROOT;11866;5;11862;22;;;11872;11;11876;17;;;11869.0;0.0
yf_ADM_d6;40800;ASH_COATED_OSMIUM;9900;7;9898;24;;;9906;16;9908;19;;;9903.0;0.0
yf_ADM_d6;40800;INTARIAN_PEPPER_ROOT;11865;19;11863;14;;;11871;10;11873;25;;;11868.0;0.0
yf_ADM_d6;40900;ASH_COATED_OSMIUM;9892;13;9889;17;;;9914;18;9918;20;;;9903.0;0.0
yf_ADM_d6;40900;INTARIAN_PEPPER_ROOT;11865;19;11863;22;;;11871;13;11875;29;;;11868.0;0.0
yf_ADM_d6;41000;ASH_COATED_OSMIUM;9896;16;9894;16;;;9908;17;9912;20;;;9902.0;0.0
yf_ADM_d6;41000;INTARIAN_PEPPER_ROOT;11858;24;11856;17;;;11876;24;11879;13;;;11867.0;0.0
yf_ADM_d6;41100;ASH_COATED_OSMIUM;9896;15;9894;27;;;9910;11;9913;18;;;9903.0;0.0
yf_ADM_d6;41100;INTARIAN_PEPPER_ROOT;11864;20;11860;19;;;11870;7;11874;23;;;11867.0;0.0
yf_ADM_d6;41200;ASH_COATED_OSMIUM;9894;18;9891;20;;;9913;19;9917;26;;;9903.5;0.0
yf_ADM_d6;41200;INTARIAN_PEPPER_ROOT;11857;18;11855;13;;;11875;11;11878;20;;;11866.0;0.0
yf_ADM_d6;41300;ASH_COATED_OSMIUM;9900;18;9898;15;;;9906;17;9909;17;;;9903.0;0.0
yf_ADM_d6;41300;INTARIAN_PEPPER_ROOT;11852;5;11848;17;;;11879;12;11881;21;;;11865.5;0.0
yf_ADM_d6;41400;ASH_COATED_OSMIUM;9899;16;9897;17;;;9906;19;9910;20;;;9902.5;0.0
yf_ADM_d6;41400;INTARIAN_PEPPER_ROOT;11862;10;11860;16;;;11868;20;11871;16;;;11865.0;0.0
yf_ADM_d6;41500;ASH_COATED_OSMIUM;9886;19;9883;24;;;9921;16;9925;23;;;9903.5;0.0
yf_ADM_d6;41500;INTARIAN_PEPPER_ROOT;11862;13;11858;14;;;11868;8;11871;15;;;11865.0;0.0
yf_ADM_d6;41600;ASH_COATED_OSMIUM;9897;17;9895;22;;;9910;11;9912;24;;;9903.5;0.0
yf_ADM_d6;41600;INTARIAN_PEPPER_ROOT;11862;21;11858;19;;;11868;15;11872;16;;;11865.0;0.0
yf_ADM_d6;41700;ASH_COATED_OSMIUM;9900;13;9898;21;;;9906;15;9909;18;;;9903.0;0.0
yf_ADM_d6;41700;INTARIAN_PEPPER_ROOT;11861;18;11857;22;;;11867;21;11870;27;;;11864.0;0.0
yf_ADM_d6;41800;ASH_COATED_OSMIUM;9899;12;9895;20;;;9907;17;9911;27;;;9903.0;0.0
yf_ADM_d6;41800;INTARIAN_PEPPER_ROOT;11860;8;11857;22;;;11866;14;11870;19;;;11863.0;0.0
yf_ADM_d6;41900;ASH_COATED_OSMIUM;9900;22;9898;17;;;9906;21;9910;21;;;9903.0;0.0
yf_ADM_d6;41900;INTARIAN_PEPPER_ROOT;11858;11;11854;19;;;11868;19;11871;12;;;11863.0;0.0
yf_ADM_d6;42000;ASH_COATED_OSMIUM;9896;16;9894;11;;;9911;15;9913;18;;;9903.5;0.0
yf_ADM_d6;42000;INTARIAN_PEPPER_ROOT;11859;16;11857;14;;;11866;15;11868;27;;;11862.5;0.0
yf_ADM_d6;42100;ASH_COATED_OSMIUM;9900;13;9897;25;;;9906;24;9909;11;;;9903.0;0.0
yf_ADM_d6;42100;INTARIAN_PEPPER_ROOT;11854;11;11852;20;;;11870;12;11872;16;;;11862.0;0.0
yf_ADM_d6;42200;ASH_COATED_OSMIUM;9901;17;9898;10;;;9907;12;9911;23;;;9904.0;0.0
yf_ADM_d6;42200;INTARIAN_PEPPER_ROOT;11858;18;11854;8;;;11864;16;11868;20;;;11861.0;0.0
yf_ADM_d6;42300;ASH_COATED_OSMIUM;9900;9;9896;18;;;9906;17;9910;20;;;9903.0;0.0
yf_ADM_d6;42300;INTARIAN_PEPPER_ROOT;11858;18;11856;20;;;11864;15;11868;13;;;11861.0;0.0
yf_ADM_d6;42400;ASH_COATED_OSMIUM;9897;10;9893;14;;;9910;17;9912;21;;;9903.5;0.0
yf_ADM_d6;42400;INTARIAN_PEPPER_ROOT;11856;9;11852;12;;;11864;11;11867;18;;;11860.0;0.0
yf_ADM_d6;42500;ASH_COATED_OSMIUM;9901;11;9897;30;;;9907;16;9911;21;;;9904.0;0.0
yf_ADM_d6;42500;INTARIAN_PEPPER_ROOT;11856;14;11853;22;;;11864;17;11867;21;;;11860.0;0.0
yf_ADM_d6;42600;ASH_COATED_OSMIUM;9901;18;9897;8;;;9907;9;9909;9;;;9904.0;0.0
yf_ADM_d6;42600;INTARIAN_PEPPER_ROOT;11855;14;11852;18;;;11862;9;11864;19;;;11858.5;0.0
yf_ADM_d6;42700;ASH_COATED_OSMIUM;9901;17;9898;27;;;9907;15;9911;20;;;9904.0;0.0
yf_ADM_d6;42700;INTARIAN_PEPPER_ROOT;11856;18;11854;20;;;11862;13;11866;22;;;11859.0;0.0
yf_ADM_d6;42800;ASH_COATED_OSMIUM;9897;13;9894;15;;;9909;18;9912;23;;;9903.0;0.0
yf_ADM_d6;42800;INTARIAN_PEPPER_ROOT;11848;23;11845;24;;;11868;22;11872;13;;;11858.0;0.0
yf_ADM_d6;42900;ASH_COATED_OSMIUM;9898;16;9896;13;;;9910;14;9912;11;;;9904.0;0.0
yf_ADM_d6;42900;INTARIAN_PEPPER_ROOT;11850;17;11848;23;;;11864;11;11866;15;;;11857.0;0.0
yf_ADM_d6;43000;ASH_COATED_OSMIUM;9897;17;9894;19;;;9910;5;9914;15;;;9903.5;0.0
yf_ADM_d6;43000;INTARIAN_PEPPER_ROOT;11841;7;11837;13;;;11873;6;11876;14;;;11857.0;0.0
yf_ADM_d6;43100;ASH_COATED_OSMIUM;9901;15;9898;26;;;9907;17;9909;19;;;9904.0;0.0
yf_ADM_d6;43100;INTARIAN_PEPPER_ROOT;11854;11;11850;20;;;11860;11;11863;22;;;11857.0;0.0
yf_ADM_d6;43200;ASH_COATED_OSMIUM;9901;17;9899;20;;;9907;18;9910;14;;;9904.0;0.0
yf_ADM_d6;43200;INTARIAN_PEPPER_ROOT;11853;14;11849;16;;;11859;17;11861;11;;;11856.0;0.0
yf_ADM_d6;43300;ASH_COATED_OSMIUM;9901;14;9897;18;;;9907;19;9911;14;;;9904.0;0.0
yf_ADM_d6;43300;INTARIAN_PEPPER_ROOT;11853;14;11850;22;;;11859;16;11861;18;;;11856.0;0.0
yf_ADM_d6;43400;ASH_COATED_OSMIUM;9899;13;9895;24;;;9909;16;9912;18;;;9904.0;0.0
yf_ADM_d6;43400;INTARIAN_PEPPER_ROOT;11845;16;11841;22;;;11865;15;11868;14;;;11855.0;0.0
yf_ADM_d6;43500;ASH_COATED_OSMIUM;9901;8;9899;17;;;9907;8;9911;15;;;9904.0;0.0
yf_ADM_d6;43500;INTARIAN_PEPPER_ROOT;11850;18;11848;25;;;11858;12;11861;28;;;11854.0;0.0
yf_ADM_d6;43600;ASH_COATED_OSMIUM;9901;20;9898;26;;;9908;21;9911;14;;;9904.5;0.0
yf_ADM_d6;43600;INTARIAN_PEPPER_ROOT;11848;11;11845;29;;;11860;14;11862;25;;;11854.0;0.0
yf_ADM_d6;43700;ASH_COATED_OSMIUM;9901;12;9897;22;;;9907;17;9910;20;;;9904.0;0.0
yf_ADM_d6;43700;INTARIAN_PEPPER_ROOT;11850;11;11847;21;;;11856;10;11860;14;;;11853.0;0.0
yf_ADM_d6;43800;ASH_COATED_OSMIUM;9901;22;9899;18;;;9907;19;9910;23;;;9904.0;0.0
yf_ADM_d6;43800;INTARIAN_PEPPER_ROOT;11848;14;11844;19;;;11857;16;11859;17;;;11852.5;0.0
yf_ADM_d6;43900;ASH_COATED_OSMIUM;9902;20;9898;18;;;9908;17;9912;19;;;9905.0;0.0
yf_ADM_d6;43900;INTARIAN_PEPPER_ROOT;11845;15;11843;17;;;11859;16;11861;13;;;11852.0;0.0
yf_ADM_d6;44000;ASH_COATED_OSMIUM;9901;8;9899;21;;;9907;8;9911;19;;;9904.0;0.0
yf_ADM_d6;44000;INTARIAN_PEPPER_ROOT;11849;20;11846;24;;;11855;13;11859;22;;;11852.0;0.0
yf_ADM_d6;44100;ASH_COATED_OSMIUM;9900;13;9896;17;;;9909;9;9911;24;;;9904.5;0.0
yf_ADM_d6;44100;INTARIAN_PEPPER_ROOT;11849;16;11845;9;;;11855;12;11859;23;;;11852.0;0.0
yf_ADM_d6;44200;ASH_COATED_OSMIUM;9897;19;9895;17;;;9912;14;9916;22;;;9904.5;0.0
yf_ADM_d6;44200;INTARIAN_PEPPER_ROOT;11847;12;11845;19;;;11853;12;11857;15;;;11850.0;0.0
yf_ADM_d6;44300;ASH_COATED_OSMIUM;9901;8;9897;18;;;9907;16;9909;22;;;9904.0;0.0
yf_ADM_d6;44300;INTARIAN_PEPPER_ROOT;11844;16;11840;19;;;11857;23;11860;19;;;11850.5;0.0
yf_ADM_d6;44400;ASH_COATED_OSMIUM;9900;15;9896;24;;;9909;12;9912;13;;;9904.5;0.0
yf_ADM_d6;44400;INTARIAN_PEPPER_ROOT;11847;12;11844;20;;;11853;21;11855;15;;;11850.0;0.0
yf_ADM_d6;44500;ASH_COATED_OSMIUM;9902;8;9900;9;;;9908;17;9911;24;;;9905.0;0.0
yf_ADM_d6;44500;INTARIAN_PEPPER_ROOT;11838;15;11835;19;;;11861;21;11865;21;;;11849.5;0.0
yf_ADM_d6;44600;ASH_COATED_OSMIUM;9897;10;9895;23;;;9912;9;9916;20;;;9904.5;0.0
yf_ADM_d6;44600;INTARIAN_PEPPER_ROOT;11844;14;11840;19;;;11854;16;11856;21;;;11849.0;0.0
yf_ADM_d6;44700;ASH_COATED_OSMIUM;9899;14;9895;18;;;9911;14;9913;14;;;9905.0;0.0
yf_ADM_d6;44700;INTARIAN_PEPPER_ROOT;11846;12;11842;22;;;11852;8;11855;22;;;11849.0;0.0
yf_ADM_d6;44800;ASH_COATED_OSMIUM;9902;12;9899;10;;;9908;9;9911;19;;;9905.0;0.0
yf_ADM_d6;44800;INTARIAN_PEPPER_ROOT;11843;20;11841;21;;;11853;16;11855;16;;;11848.0;0.0
yf_ADM_d6;44900;ASH_COATED_OSMIUM;9902;18;9899;21;;;9908;19;9910;22;;;9905.0;0.0
yf_ADM_d6;44900;INTARIAN_PEPPER_ROOT;11841;20;11837;8;;;11853;14;11856;18;;;11847.0;0.0
yf_ADM_d6;45000;ASH_COATED_OSMIUM;9899;19;9896;25;;;9911;13;9915;18;;;9905.0;0.0
yf_ADM_d6;45000;INTARIAN_PEPPER_ROOT;11844;21;11840;21;;;11850;17;11854;18;;;11847.0;0.0
yf_ADM_d6;45100;ASH_COATED_OSMIUM;9902;8;9899;22;;;9908;22;9911;25;;;9905.0;0.0
yf_ADM_d6;45100;INTARIAN_PEPPER_ROOT;11840;17;11838;28;;;11852;9;11854;21;;;11846.0;0.0
yf_ADM_d6;45200;ASH_COATED_OSMIUM;9899;13;9897;13;;;9910;14;9912;15;;;9904.5;0.0
yf_ADM_d6;45200;INTARIAN_PEPPER_ROOT;11843;7;11841;14;;;11849;6;11852;20;;;11846.0;0.0
yf_ADM_d6;45300;ASH_COATED_OSMIUM;9901;9;9898;17;;;9910;13;9914;24;;;9905.5;0.0
yf_ADM_d6;45300;INTARIAN_PEPPER_ROOT;11839;8;11836;22;;;11851;12;11854;25;;;11845.0;0.0
yf_ADM_d6;45400;ASH_COATED_OSMIUM;9903;21;9901;17;;;9909;8;9912;17;;;9906.0;0.0
yf_ADM_d6;45400;INTARIAN_PEPPER_ROOT;11842;12;11839;31;;;11848;11;11852;18;;;11845.0;0.0
yf_ADM_d6;45500;ASH_COATED_OSMIUM;9895;20;9893;19;;;9917;12;9921;18;;;9906.0;0.0
yf_ADM_d6;45500;INTARIAN_PEPPER_ROOT;11839;13;11835;11;;;11850;16;11853;26;;;11844.5;0.0
yf_ADM_d6;45600;ASH_COATED_OSMIUM;9902;12;9898;22;;;9908;17;9912;11;;;9905.0;0.0
yf_ADM_d6;45600;INTARIAN_PEPPER_ROOT;11840;23;11838;14;;;11846;19;11850;19;;;11843.0;0.0
yf_ADM_d6;45700;ASH_COATED_OSMIUM;9902;14;9898;13;;;9908;13;9912;24;;;9905.0;0.0
yf_ADM_d6;45700;INTARIAN_PEPPER_ROOT;11839;19;11837;13;;;11848;14;11850;23;;;11843.5;0.0
yf_ADM_d6;45800;ASH_COATED_OSMIUM;9902;7;9899;19;;;9908;5;9912;18;;;9905.0;0.0
yf_ADM_d6;45800;INTARIAN_PEPPER_ROOT;11840;17;11838;22;;;11846;19;11850;24;;;11843.0;0.0
yf_ADM_d6;45900;ASH_COATED_OSMIUM;9892;24;9888;17;;;9920;17;9922;27;;;9906.0;0.0
yf_ADM_d6;45900;INTARIAN_PEPPER_ROOT;11839;12;11835;10;;;11845;12;11849;10;;;11842.0;0.0
yf_ADM_d6;46000;ASH_COATED_OSMIUM;9903;17;9899;21;;;9909;10;9913;23;;;9906.0;0.0
yf_ADM_d6;46000;INTARIAN_PEPPER_ROOT;11839;12;11835;25;;;11845;23;11849;10;;;11842.0;0.0
yf_ADM_d6;46100;ASH_COATED_OSMIUM;9897;20;9894;26;;;9914;11;9916;29;;;9905.5;0.0
yf_ADM_d6;46100;INTARIAN_PEPPER_ROOT;11839;10;11836;23;;;11845;11;11848;19;;;11842.0;0.0
yf_ADM_d6;46200;ASH_COATED_OSMIUM;9900;15;9896;30;;;9911;8;9915;20;;;9905.5;0.0
yf_ADM_d6;46200;INTARIAN_PEPPER_ROOT;11832;24;11830;22;;;11849;18;11853;21;;;11840.5;0.0
yf_ADM_d6;46300;ASH_COATED_OSMIUM;9902;11;9900;26;;;9908;8;9911;14;;;9905.0;0.0
yf_ADM_d6;46300;INTARIAN_PEPPER_ROOT;11837;7;11835;25;;;11843;13;11845;22;;;11840.0;0.0
yf_ADM_d6;46400;ASH_COATED_OSMIUM;9894;12;9891;21;;;9918;8;9921;21;;;9906.0;0.0
yf_ADM_d6;46400;INTARIAN_PEPPER_ROOT;11837;16;11835;17;;;11843;18;11847;30;;;11840.0;0.0
yf_ADM_d6;46500;ASH_COATED_OSMIUM;9903;9;9901;24;;;9909;11;9913;17;;;9906.0;0.0
yf_ADM_d6;46500;INTARIAN_PEPPER_ROOT;11836;13;11832;25;;;11842;16;11845;15;;;11839.0;0.0
yf_ADM_d6;46600;ASH_COATED_OSMIUM;9903;12;9900;22;;;9909;13;9912;16;;;9906.0;0.0
yf_ADM_d6;46600;INTARIAN_PEPPER_ROOT;11820;23;11817;8;;;11858;18;11860;19;;;11839.0;0.0
yf_ADM_d6;46700;ASH_COATED_OSMIUM;9902;17;9898;12;;;9908;23;9910;16;;;9905.0;0.0
yf_ADM_d6;46700;INTARIAN_PEPPER_ROOT;11832;18;11830;30;;;11845;13;11848;22;;;11838.5;0.0
yf_ADM_d6;46800;ASH_COATED_OSMIUM;9902;16;9898;22;;;9908;18;9911;19;;;9905.0;0.0
yf_ADM_d6;46800;INTARIAN_PEPPER_ROOT;11835;23;11832;24;;;11841;21;11845;22;;;11838.0;0.0
yf_ADM_d6;46900;ASH_COATED_OSMIUM;9903;10;9900;15;;;9909;5;9913;21;;;9906.0;0.0
yf_ADM_d6;46900;INTARIAN_PEPPER_ROOT;11834;17;11831;16;;;11840;14;11843;8;;;11837.0;0.0
yf_ADM_d6;47000;ASH_COATED_OSMIUM;9903;17;9901;15;;;9909;13;9911;13;;;9906.0;0.0
yf_ADM_d6;47000;INTARIAN_PEPPER_ROOT;11833;10;11830;22;;;11841;13;11843;18;;;11837.0;0.0
yf_ADM_d6;47100;ASH_COATED_OSMIUM;9903;11;9900;15;;;9909;8;9912;24;;;9906.0;0.0
yf_ADM_d6;47100;INTARIAN_PEPPER_ROOT;11833;15;11831;22;;;11839;20;11841;15;;;11836.0;0.0
yf_ADM_d6;47200;ASH_COATED_OSMIUM;9903;18;9900;13;;;9909;25;9912;14;;;9906.0;0.0
yf_ADM_d6;47200;INTARIAN_PEPPER_ROOT;11833;10;11830;8;;;11839;12;11841;22;;;11836.0;0.0
yf_ADM_d6;47300;ASH_COATED_OSMIUM;9902;10;9898;21;;;9909;13;9911;17;;;9905.5;0.0
yf_ADM_d6;47300;INTARIAN_PEPPER_ROOT;11823;14;11821;24;;;11846;13;11848;25;;;11834.5;0.0
yf_ADM_d6;47400;ASH_COATED_OSMIUM;9900;16;9896;17;;;9912;16;9915;12;;;9906.0;0.0
yf_ADM_d6;47400;INTARIAN_PEPPER_ROOT;11831;16;11827;21;;;11837;15;11841;16;;;11834.0;0.0
yf_ADM_d6;47500;ASH_COATED_OSMIUM;9903;12;9901;28;;;9909;12;9911;17;;;9906.0;0.0
yf_ADM_d6;47500;INTARIAN_PEPPER_ROOT;11827;9;11824;12;;;11841;9;11845;13;;;11834.0;0.0
yf_ADM_d6;47600;ASH_COATED_OSMIUM;9902;12;9899;23;;;9911;5;9914;12;;;9906.5;0.0
yf_ADM_d6;47600;INTARIAN_PEPPER_ROOT;11830;19;11827;24;;;11838;13;11842;18;;;11834.0;0.0
yf_ADM_d6;47700;ASH_COATED_OSMIUM;9903;13;9900;20;;;9909;16;9912;19;;;9906.0;0.0
yf_ADM_d6;47700;INTARIAN_PEPPER_ROOT;11830;15;11826;17;;;11836;14;11840;18;;;11833.0;0.0
yf_ADM_d6;47800;ASH_COATED_OSMIUM;9903;23;9900;22;;;9909;10;9913;13;;;9906.0;0.0
yf_ADM_d6;47800;INTARIAN_PEPPER_ROOT;11829;17;11825;24;;;11835;17;11839;20;;;11832.0;0.0
yf_ADM_d6;47900;ASH_COATED_OSMIUM;9901;5;9897;21;;;9911;20;9915;12;;;9906.0;0.0
yf_ADM_d6;47900;INTARIAN_PEPPER_ROOT;11829;16;11827;22;;;11835;17;11838;18;;;11832.0;0.0
yf_ADM_d6;48000;ASH_COATED_OSMIUM;9903;22;9900;14;;;9909;17;9912;17;;;9906.0;0.0
yf_ADM_d6;48000;INTARIAN_PEPPER_ROOT;11828;19;11826;19;;;11834;15;11838;15;;;11831.0;0.0
yf_ADM_d6;48100;ASH_COATED_OSMIUM;9901;13;9898;20;;;9911;7;9915;21;;;9906.0;0.0
yf_ADM_d6;48100;INTARIAN_PEPPER_ROOT;11824;12;11822;27;;;11838;11;11842;24;;;11831.0;0.0
yf_ADM_d6;48200;ASH_COATED_OSMIUM;9903;10;9899;29;;;9909;17;9913;16;;;9906.0;0.0
yf_ADM_d6;48200;INTARIAN_PEPPER_ROOT;11826;18;11824;17;;;11834;18;11836;18;;;11830.0;0.0
yf_ADM_d6;48300;ASH_COATED_OSMIUM;9900;21;9897;30;;;9913;15;9915;19;;;9906.5;0.0
yf_ADM_d6;48300;INTARIAN_PEPPER_ROOT;11827;21;11825;15;;;11833;22;11837;8;;;11830.0;0.0
yf_ADM_d6;48400;ASH_COATED_OSMIUM;9892;12;9889;16;;;9920;21;9923;19;;;9906.0;0.0
yf_ADM_d6;48400;INTARIAN_PEPPER_ROOT;11827;10;11824;19;;;11833;18;11835;21;;;11830.0;0.0
yf_ADM_d6;48500;ASH_COATED_OSMIUM;9903;9;9901;21;;;9909;16;9912;25;;;9906.0;0.0
yf_ADM_d6;48500;INTARIAN_PEPPER_ROOT;11826;12;11822;23;;;11832;17;11834;21;;;11829.0;0.0
yf_ADM_d6;48600;ASH_COATED_OSMIUM;9904;14;9902;20;;;9910;8;9914;15;;;9907.0;0.0
yf_ADM_d6;48600;INTARIAN_PEPPER_ROOT;11820;15;11816;23;;;11837;15;11841;17;;;11828.5;0.0
yf_ADM_d6;48700;ASH_COATED_OSMIUM;9903;20;9899;24;;;9909;8;9913;15;;;9906.0;0.0
yf_ADM_d6;48700;INTARIAN_PEPPER_ROOT;11825;18;11823;18;;;11831;8;11834;16;;;11828.0;0.0
yf_ADM_d6;48800;ASH_COATED_OSMIUM;9904;14;9901;14;;;9910;24;9914;19;;;9907.0;0.0
yf_ADM_d6;48800;INTARIAN_PEPPER_ROOT;11825;14;11821;11;;;11831;13;11833;19;;;11828.0;0.0
yf_ADM_d6;48900;ASH_COATED_OSMIUM;9903;17;9899;14;;;9910;17;9912;30;;;9906.5;0.0
yf_ADM_d6;48900;INTARIAN_PEPPER_ROOT;11805;24;11802;17;;;11848;6;11851;20;;;11826.5;0.0
yf_ADM_d6;49000;ASH_COATED_OSMIUM;9899;12;9895;25;;;9917;17;9919;9;;;9908.0;0.0
yf_ADM_d6;49000;INTARIAN_PEPPER_ROOT;11823;12;11819;20;;;11829;18;11832;14;;;11826.0;0.0
yf_ADM_d6;49100;ASH_COATED_OSMIUM;9904;12;9901;20;;;9910;12;9914;15;;;9907.0;0.0
yf_ADM_d6;49100;INTARIAN_PEPPER_ROOT;11823;15;11821;13;;;11829;23;11833;21;;;11826.0;0.0
yf_ADM_d6;49200;ASH_COATED_OSMIUM;9898;15;9896;23;;;9915;17;9919;17;;;9906.5;0.0
yf_ADM_d6;49200;INTARIAN_PEPPER_ROOT;11821;9;11818;14;;;11829;15;11833;17;;;11825.0;0.0
yf_ADM_d6;49300;ASH_COATED_OSMIUM;9904;10;9902;13;;;9910;15;9913;19;;;9907.0;0.0
yf_ADM_d6;49300;INTARIAN_PEPPER_ROOT;11822;10;11819;10;;;11828;15;11832;27;;;11825.0;0.0
yf_ADM_d6;49400;ASH_COATED_OSMIUM;9904;15;9900;21;;;9910;20;9912;17;;;9907.0;0.0
yf_ADM_d6;49400;INTARIAN_PEPPER_ROOT;11821;14;11819;24;;;11827;13;11831;24;;;11824.0;0.0
yf_ADM_d6;49500;ASH_COATED_OSMIUM;9904;21;9902;20;;;9910;18;9912;20;;;9907.0;0.0
yf_ADM_d6;49500;INTARIAN_PEPPER_ROOT;11820;8;11818;23;;;11826;18;11829;13;;;11823.0;0.0
yf_ADM_d6;49600;ASH_COATED_OSMIUM;9904;14;9902;21;;;9910;20;9914;32;;;9907.0;0.0
yf_ADM_d6;49600;INTARIAN_PEPPER_ROOT;11817;15;11813;18;;;11830;22;11833;11;;;11823.5;0.0
yf_ADM_d6;49700;ASH_COATED_OSMIUM;9902;22;9899;15;;;9912;17;9914;23;;;9907.0;0.0
yf_ADM_d6;49700;INTARIAN_PEPPER_ROOT;11815;20;11813;8;;;11831;19;11834;23;;;11823.0;0.0
yf_ADM_d6;49800;ASH_COATED_OSMIUM;9904;21;9900;24;;;9910;14;9913;21;;;9907.0;0.0
yf_ADM_d6;49800;INTARIAN_PEPPER_ROOT;11820;14;11816;15;;;11826;5;11829;16;;;11823.0;0.0
yf_ADM_d6;49900;ASH_COATED_OSMIUM;9900;11;9896;13;;;9915;13;9918;21;;;9907.5;0.0
yf_ADM_d6;49900;INTARIAN_PEPPER_ROOT;11818;9;11816;8;;;11824;14;11828;21;;;11821.0;0.0
yf_ADM_d6;50000;ASH_COATED_OSMIUM;9900;14;9897;21;;;9915;14;9919;19;;;9907.5;0.0
yf_ADM_d6;50000;INTARIAN_PEPPER_ROOT;11819;12;11816;26;;;11825;8;11828;20;;;11822.0;0.0
yf_ADM_d6;50100;ASH_COATED_OSMIUM;9904;9;9901;22;;;9910;20;9912;29;;;9907.0;0.0
yf_ADM_d6;50100;INTARIAN_PEPPER_ROOT;11818;7;11815;26;;;11824;11;11828;17;;;11821.0;0.0
yf_ADM_d6;50200;ASH_COATED_OSMIUM;9904;13;9901;26;;;9910;19;9914;20;;;9907.0;0.0
yf_ADM_d6;50200;INTARIAN_PEPPER_ROOT;11817;11;11813;21;;;11823;16;11827;23;;;11820.0;0.0
yf_ADM_d6;50300;ASH_COATED_OSMIUM;9904;16;9902;19;;;9910;20;9914;21;;;9907.0;0.0
yf_ADM_d6;50300;INTARIAN_PEPPER_ROOT;11807;14;11805;25;;;11832;5;11835;26;;;11819.5;0.0
yf_ADM_d6;50400;ASH_COATED_OSMIUM;9904;17;9902;20;;;9910;16;9912;27;;;9907.0;0.0
yf_ADM_d6;50400;INTARIAN_PEPPER_ROOT;11812;13;11808;19;;;11827;16;11830;22;;;11819.5;0.0
yf_ADM_d6;50500;ASH_COATED_OSMIUM;9904;18;9901;20;;;9910;17;9912;24;;;9907.0;0.0
yf_ADM_d6;50500;INTARIAN_PEPPER_ROOT;11816;16;11814;24;;;11822;15;11825;24;;;11819.0;0.0
yf_ADM_d6;50600;ASH_COATED_OSMIUM;9898;8;9894;21;;;9916;17;9919;32;;;9907.0;0.0
yf_ADM_d6;50600;INTARIAN_PEPPER_ROOT;11810;18;11808;18;;;11827;15;11829;11;;;11818.5;0.0
yf_ADM_d6;50700;ASH_COATED_OSMIUM;9889;12;9885;17;;;9926;15;9928;22;;;9907.5;0.0
yf_ADM_d6;50700;INTARIAN_PEPPER_ROOT;11813;9;11809;15;;;11822;16;11824;20;;;11817.5;0.0
yf_ADM_d6;50800;ASH_COATED_OSMIUM;9905;13;9903;24;;;9911;10;9914;20;;;9908.0;0.0
yf_ADM_d6;50800;INTARIAN_PEPPER_ROOT;11814;8;11810;22;;;11820;29;11824;22;;;11817.0;0.0
yf_ADM_d6;50900;ASH_COATED_OSMIUM;9905;12;9902;23;;;9911;11;9915;21;;;9908.0;0.0
yf_ADM_d6;50900;INTARIAN_PEPPER_ROOT;11810;14;11807;12;;;11825;14;11829;18;;;11817.5;0.0
yf_ADM_d6;51000;ASH_COATED_OSMIUM;9905;16;9903;19;;;9911;16;9913;23;;;9908.0;0.0
yf_ADM_d6;51000;INTARIAN_PEPPER_ROOT;11810;14;11806;20;;;11827;10;11830;26;;;11818.5;0.0
yf_ADM_d6;51100;ASH_COATED_OSMIUM;9903;13;9900;15;;;9912;10;9916;19;;;9907.5;0.0
yf_ADM_d6;51100;INTARIAN_PEPPER_ROOT;11816;10;11813;20;;;11822;15;11824;14;;;11819.0;0.0
yf_ADM_d6;51200;ASH_COATED_OSMIUM;9902;10;9900;16;;;9915;14;9917;18;;;9908.5;0.0
yf_ADM_d6;51200;INTARIAN_PEPPER_ROOT;11818;17;11816;22;;;11824;19;11827;17;;;11821.0;0.0
yf_ADM_d6;51300;ASH_COATED_OSMIUM;9905;9;9903;11;;;9911;10;9915;15;;;9908.0;0.0
yf_ADM_d6;51300;INTARIAN_PEPPER_ROOT;11809;8;11807;22;;;11834;15;11836;17;;;11821.5;0.0
yf_ADM_d6;51400;ASH_COATED_OSMIUM;9903;25;9901;17;;;9912;16;9915;23;;;9907.5;0.0
yf_ADM_d6;51400;INTARIAN_PEPPER_ROOT;11818;17;11814;22;;;11828;11;11832;19;;;11823.0;0.0
yf_ADM_d6;51500;ASH_COATED_OSMIUM;9902;12;9899;16;;;9913;27;9917;14;;;9907.5;0.0
yf_ADM_d6;51500;INTARIAN_PEPPER_ROOT;11821;12;11818;21;;;11827;21;11829;23;;;11824.0;0.0
yf_ADM_d6;51600;ASH_COATED_OSMIUM;9904;5;9900;25;;;9913;16;9915;23;;;9908.5;0.0
yf_ADM_d6;51600;INTARIAN_PEPPER_ROOT;11822;12;11820;14;;;11828;14;11831;11;;;11825.0;0.0
yf_ADM_d6;51700;ASH_COATED_OSMIUM;9904;11;9902;24;;;9912;13;9914;23;;;9908.0;0.0
yf_ADM_d6;51700;INTARIAN_PEPPER_ROOT;11822;25;11819;27;;;11830;11;11832;18;;;11826.0;0.0
yf_ADM_d6;51800;ASH_COATED_OSMIUM;9904;18;9901;15;;;9912;10;9915;24;;;9908.0;0.0
yf_ADM_d6;51800;INTARIAN_PEPPER_ROOT;11824;9;11821;13;;;11830;11;11834;21;;;11827.0;0.0
yf_ADM_d6;51900;ASH_COATED_OSMIUM;9898;23;9895;27;;;9918;20;9922;16;;;9908.0;0.0
yf_ADM_d6;51900;INTARIAN_PEPPER_ROOT;11826;12;11822;16;;;11832;6;11834;12;;;11829.0;0.0
yf_ADM_d6;52000;ASH_COATED_OSMIUM;9895;12;9891;20;;;9920;19;9922;21;;;9907.5;0.0
yf_ADM_d6;52000;INTARIAN_PEPPER_ROOT;11826;18;11823;13;;;11832;16;11836;20;;;11829.0;0.0
yf_ADM_d6;52100;ASH_COATED_OSMIUM;9905;11;9901;20;;;9911;20;9913;9;;;9908.0;0.0
yf_ADM_d6;52100;INTARIAN_PEPPER_ROOT;11827;26;11825;16;;;11833;10;11837;15;;;11830.0;0.0
yf_ADM_d6;52200;ASH_COATED_OSMIUM;9905;16;9901;17;;;9911;17;9914;22;;;9908.0;0.0
yf_ADM_d6;52200;INTARIAN_PEPPER_ROOT;11826;19;11824;28;;;11836;5;11840;25;;;11831.0;0.0
yf_ADM_d6;52300;ASH_COATED_OSMIUM;9900;23;9897;12;;;9917;9;9920;18;;;9908.5;0.0
yf_ADM_d6;52300;INTARIAN_PEPPER_ROOT;11829;22;11825;19;;;11835;18;11838;21;;;11832.0;0.0
yf_ADM_d6;52400;ASH_COATED_OSMIUM;9898;14;9894;21;;;9918;14;9920;16;;;9908.0;0.0
yf_ADM_d6;52400;INTARIAN_PEPPER_ROOT;11823;23;11819;21;;;11843;21;11845;20;;;11833.0;0.0
yf_ADM_d6;52500;ASH_COATED_OSMIUM;9905;18;9901;29;;;9911;10;9913;17;;;9908.0;0.0
yf_ADM_d6;52500;INTARIAN_PEPPER_ROOT;11829;14;11827;27;;;11839;17;11842;19;;;11834.0;0.0
yf_ADM_d6;52600;ASH_COATED_OSMIUM;9905;23;9903;19;;;9911;19;9913;21;;;9908.0;0.0
yf_ADM_d6;52600;INTARIAN_PEPPER_ROOT;11833;11;11829;17;;;11839;8;11843;28;;;11836.0;0.0
yf_ADM_d6;52700;ASH_COATED_OSMIUM;9906;12;9904;16;;;9912;11;9916;17;;;9909.0;0.0
yf_ADM_d6;52700;INTARIAN_PEPPER_ROOT;11832;12;11828;22;;;11842;13;11846;27;;;11837.0;0.0
yf_ADM_d6;52800;ASH_COATED_OSMIUM;9905;15;9902;14;;;9911;17;9915;9;;;9908.0;0.0
yf_ADM_d6;52800;INTARIAN_PEPPER_ROOT;11829;23;11827;14;;;11846;13;11849;21;;;11837.5;0.0
yf_ADM_d6;52900;ASH_COATED_OSMIUM;9900;19;9898;13;;;9916;15;9919;15;;;9908.0;0.0
yf_ADM_d6;52900;INTARIAN_PEPPER_ROOT;11836;15;11832;16;;;11842;15;11844;24;;;11839.0;0.0
yf_ADM_d6;53000;ASH_COATED_OSMIUM;9903;14;9901;33;;;9913;15;9916;22;;;9908.0;0.0
yf_ADM_d6;53000;INTARIAN_PEPPER_ROOT;11836;9;11834;27;;;11842;20;11845;16;;;11839.0;0.0
yf_ADM_d6;53100;ASH_COATED_OSMIUM;9902;17;9900;22;;;9914;24;9916;15;;;9908.0;0.0
yf_ADM_d6;53100;INTARIAN_PEPPER_ROOT;11835;15;11831;15;;;11846;15;11849;18;;;11840.5;0.0
yf_ADM_d6;53200;ASH_COATED_OSMIUM;9903;15;9900;17;;;9914;11;9916;25;;;9908.5;0.0
yf_ADM_d6;53200;INTARIAN_PEPPER_ROOT;11839;15;11837;19;;;11845;17;11848;28;;;11842.0;0.0
yf_ADM_d6;53300;ASH_COATED_OSMIUM;9905;20;9901;24;;;9912;12;9916;14;;;9908.5;0.0
yf_ADM_d6;53300;INTARIAN_PEPPER_ROOT;11839;14;11836;17;;;11847;12;11851;16;;;11843.0;0.0
yf_ADM_d6;53400;ASH_COATED_OSMIUM;9894;7;9890;16;;;9922;15;9926;19;;;9908.0;0.0
yf_ADM_d6;53400;INTARIAN_PEPPER_ROOT;11838;11;11836;24;;;11849;14;11852;18;;;11843.5;0.0
yf_ADM_d6;53500;ASH_COATED_OSMIUM;9905;5;9902;14;;;9911;10;9913;15;;;9908.0;0.0
yf_ADM_d6;53500;INTARIAN_PEPPER_ROOT;11842;15;11839;24;;;11848;5;11850;19;;;11845.0;0.0
yf_ADM_d6;53600;ASH_COATED_OSMIUM;9905;23;9902;15;;;9911;19;9914;22;;;9908.0;0.0
yf_ADM_d6;53600;INTARIAN_PEPPER_ROOT;11841;9;11839;25;;;11851;12;11854;14;;;11846.0;0.0
yf_ADM_d6;53700;ASH_COATED_OSMIUM;9905;12;9901;15;;;9911;21;9913;16;;;9908.0;0.0
yf_ADM_d6;53700;INTARIAN_PEPPER_ROOT;11838;16;11836;18;;;11856;5;11860;18;;;11847.0;0.0
yf_ADM_d6;53800;ASH_COATED_OSMIUM;9905;17;9903;13;;;9911;24;9915;21;;;9908.0;0.0
yf_ADM_d6;53800;INTARIAN_PEPPER_ROOT;11845;11;11841;19;;;11851;12;11855;21;;;11848.0;0.0
yf_ADM_d6;53900;ASH_COATED_OSMIUM;9906;14;9902;17;;;9912;16;9916;19;;;9909.0;0.0
yf_ADM_d6;53900;INTARIAN_PEPPER_ROOT;11846;19;11842;30;;;11852;13;11854;13;;;11849.0;0.0
yf_ADM_d6;54000;ASH_COATED_OSMIUM;9905;5;9902;21;;;9911;11;9913;17;;;9908.0;0.0
yf_ADM_d6;54000;INTARIAN_PEPPER_ROOT;11847;9;11845;13;;;11853;18;11855;10;;;11850.0;0.0
yf_ADM_d6;54100;ASH_COATED_OSMIUM;9904;18;9900;28;;;9914;7;9918;19;;;9909.0;0.0
yf_ADM_d6;54100;INTARIAN_PEPPER_ROOT;11843;14;11839;13;;;11858;14;11860;29;;;11850.5;0.0
yf_ADM_d6;54200;ASH_COATED_OSMIUM;9906;19;9904;18;;;9912;27;9916;24;;;9909.0;0.0
yf_ADM_d6;54200;INTARIAN_PEPPER_ROOT;11847;11;11844;28;;;11856;22;11858;27;;;11851.5;0.0
yf_ADM_d6;54300;ASH_COATED_OSMIUM;9905;21;9902;21;;;9911;28;9913;24;;;9908.0;0.0
yf_ADM_d6;54300;INTARIAN_PEPPER_ROOT;11850;10;11846;16;;;11856;11;11858;24;;;11853.0;0.0
yf_ADM_d6;54400;ASH_COATED_OSMIUM;9905;12;9901;13;;;9911;13;9914;23;;;9908.0;0.0
yf_ADM_d6;54400;INTARIAN_PEPPER_ROOT;11851;10;11847;11;;;11857;12;11859;23;;;11854.0;0.0
yf_ADM_d6;54500;ASH_COATED_OSMIUM;9904;22;9902;20;;;9913;11;9917;21;;;9908.5;0.0
yf_ADM_d6;54500;INTARIAN_PEPPER_ROOT;11852;22;11849;15;;;11858;13;11861;29;;;11855.0;0.0
yf_ADM_d6;54600;ASH_COATED_OSMIUM;9905;9;9901;21;;;9911;8;9913;25;;;9908.0;0.0
yf_ADM_d6;54600;INTARIAN_PEPPER_ROOT;11851;12;11847;24;;;11862;7;11864;14;;;11856.5;0.0
yf_ADM_d6;54700;ASH_COATED_OSMIUM;9905;16;9902;26;;;9911;5;9914;8;;;9908.0;0.0
yf_ADM_d6;54700;INTARIAN_PEPPER_ROOT;11854;6;11851;25;;;11860;16;11864;21;;;11857.0;0.0
yf_ADM_d6;54800;ASH_COATED_OSMIUM;9905;17;9903;15;;;9911;15;9914;20;;;9908.0;0.0
yf_ADM_d6;54800;INTARIAN_PEPPER_ROOT;11849;12;11847;35;;;11867;7;11871;16;;;11858.0;0.0
yf_ADM_d6;54900;ASH_COATED_OSMIUM;9904;15;9902;21;;;9913;18;9917;26;;;9908.5;0.0
yf_ADM_d6;54900;INTARIAN_PEPPER_ROOT;11854;18;11851;30;;;11864;21;11866;22;;;11859.0;0.0
yf_ADM_d6;55000;ASH_COATED_OSMIUM;9906;18;9903;20;;;9913;12;9916;22;;;9909.5;0.0
yf_ADM_d6;55000;INTARIAN_PEPPER_ROOT;11857;14;11855;14;;;11863;15;11865;19;;;11860.0;0.0
yf_ADM_d6;55100;ASH_COATED_OSMIUM;9905;11;9902;14;;;9912;14;9916;18;;;9908.5;0.0
yf_ADM_d6;55100;INTARIAN_PEPPER_ROOT;11845;8;11843;27;;;11878;9;11882;23;;;11861.5;0.0
yf_ADM_d6;55200;ASH_COATED_OSMIUM;9906;7;9902;23;;;9912;28;9915;22;;;9909.0;0.0
yf_ADM_d6;55200;INTARIAN_PEPPER_ROOT;11859;11;11856;23;;;11865;15;11869;19;;;11862.0;0.0
yf_ADM_d6;55300;ASH_COATED_OSMIUM;9905;21;9902;18;;;9911;16;9915;13;;;9908.0;0.0
yf_ADM_d6;55300;INTARIAN_PEPPER_ROOT;11860;28;11856;24;;;11866;20;11869;14;;;11863.0;0.0
yf_ADM_d6;55400;ASH_COATED_OSMIUM;9906;15;9902;14;;;9912;17;9916;25;;;9909.0;0.0
yf_ADM_d6;55400;INTARIAN_PEPPER_ROOT;11859;17;11855;26;;;11871;9;11874;21;;;11865.0;0.0
yf_ADM_d6;55500;ASH_COATED_OSMIUM;9906;8;9902;23;;;9912;24;9915;21;;;9909.0;0.0
yf_ADM_d6;55500;INTARIAN_PEPPER_ROOT;11863;23;11861;15;;;11869;17;11871;17;;;11866.0;0.0
yf_ADM_d6;55600;ASH_COATED_OSMIUM;9906;15;9904;16;;;9912;26;9915;27;;;9909.0;0.0
yf_ADM_d6;55600;INTARIAN_PEPPER_ROOT;11856;18;11853;21;;;11878;15;11882;18;;;11867.0;0.0
yf_ADM_d6;55700;ASH_COATED_OSMIUM;9906;14;9903;17;;;9912;9;9916;19;;;9909.0;0.0
yf_ADM_d6;55700;INTARIAN_PEPPER_ROOT;11863;6;11859;23;;;11872;8;11874;27;;;11867.5;0.0
yf_ADM_d6;55800;ASH_COATED_OSMIUM;9905;16;9902;11;;;9911;15;9915;18;;;9908.0;0.0
yf_ADM_d6;55800;INTARIAN_PEPPER_ROOT;11857;30;11854;21;;;11881;19;11883;21;;;11869.0;0.0
yf_ADM_d6;55900;ASH_COATED_OSMIUM;9906;15;9904;11;;;9912;17;9916;9;;;9909.0;0.0
yf_ADM_d6;55900;INTARIAN_PEPPER_ROOT;11867;25;11865;15;;;11873;13;11876;27;;;11870.0;0.0
yf_ADM_d6;56000;ASH_COATED_OSMIUM;9906;15;9904;17;;;9912;13;9916;29;;;9909.0;0.0
yf_ADM_d6;56000;INTARIAN_PEPPER_ROOT;11860;16;11858;18;;;11883;5;11886;25;;;11871.5;0.0
yf_ADM_d6;56100;ASH_COATED_OSMIUM;9902;19;9899;8;;;9916;11;9920;23;;;9909.0;0.0
yf_ADM_d6;56100;INTARIAN_PEPPER_ROOT;11869;13;11866;23;;;11875;17;11879;18;;;11872.0;0.0
yf_ADM_d6;56200;ASH_COATED_OSMIUM;9906;14;9904;18;;;9912;14;9914;17;;;9909.0;0.0
yf_ADM_d6;56200;INTARIAN_PEPPER_ROOT;11869;13;11867;18;;;11876;19;11878;27;;;11872.5;0.0
yf_ADM_d6;56300;ASH_COATED_OSMIUM;9904;16;9902;24;;;9914;17;9918;14;;;9909.0;0.0
yf_ADM_d6;56300;INTARIAN_PEPPER_ROOT;11871;13;11869;13;;;11877;16;11880;27;;;11874.0;0.0
yf_ADM_d6;56400;ASH_COATED_OSMIUM;9906;10;9902;27;;;9912;12;9916;27;;;9909.0;0.0
yf_ADM_d6;56400;INTARIAN_PEPPER_ROOT;11873;12;11871;19;;;11879;12;11882;13;;;11876.0;0.0
yf_ADM_d6;56500;ASH_COATED_OSMIUM;9906;23;9903;25;;;9913;16;9917;21;;;9909.5;0.0
yf_ADM_d6;56500;INTARIAN_PEPPER_ROOT;11873;8;11870;14;;;11879;17;11881;20;;;11876.0;0.0
yf_ADM_d6;56600;ASH_COATED_OSMIUM;9906;18;9904;19;;;9912;21;9914;23;;;9909.0;0.0
yf_ADM_d6;56600;INTARIAN_PEPPER_ROOT;11873;15;11871;24;;;11881;17;11883;30;;;11877.0;0.0
yf_ADM_d6;56700;ASH_COATED_OSMIUM;9906;15;9902;15;;;9912;23;9916;27;;;9909.0;0.0
yf_ADM_d6;56700;INTARIAN_PEPPER_ROOT;11875;18;11871;18;;;11881;12;11883;19;;;11878.0;0.0
yf_ADM_d6;56800;ASH_COATED_OSMIUM;9901;16;9897;18;;;9917;14;9921;14;;;9909.0;0.0
yf_ADM_d6;56800;INTARIAN_PEPPER_ROOT;11875;23;11872;15;;;11881;10;11884;21;;;11878.0;0.0
yf_ADM_d6;56900;ASH_COATED_OSMIUM;9899;20;9897;24;;;9919;9;9922;19;;;9909.0;0.0
yf_ADM_d6;56900;INTARIAN_PEPPER_ROOT;11870;13;11867;19;;;11890;10;11894;20;;;11880.0;0.0
yf_ADM_d6;57000;ASH_COATED_OSMIUM;9894;15;9892;19;;;9923;15;9927;18;;;9908.5;0.0
yf_ADM_d6;57000;INTARIAN_PEPPER_ROOT;11878;10;11875;20;;;11884;22;11887;26;;;11881.0;0.0
yf_ADM_d6;57100;ASH_COATED_OSMIUM;9900;17;9897;18;;;9917;10;9919;21;;;9908.5;0.0
yf_ADM_d6;57100;INTARIAN_PEPPER_ROOT;11875;17;11872;20;;;11889;15;11891;15;;;11882.0;0.0
yf_ADM_d6;57200;ASH_COATED_OSMIUM;9906;7;9903;23;;;9912;16;9916;34;;;9909.0;0.0
yf_ADM_d6;57200;INTARIAN_PEPPER_ROOT;11880;21;11878;22;;;11886;12;11889;19;;;11883.0;0.0
yf_ADM_d6;57300;ASH_COATED_OSMIUM;9906;13;9903;13;;;9912;15;9915;10;;;9909.0;0.0
yf_ADM_d6;57300;INTARIAN_PEPPER_ROOT;11881;21;11878;19;;;11887;18;11891;19;;;11884.0;0.0
yf_ADM_d6;57400;ASH_COATED_OSMIUM;9906;5;9904;16;;;9912;20;9916;14;;;9909.0;0.0
yf_ADM_d6;57400;INTARIAN_PEPPER_ROOT;11883;9;11880;26;;;11889;17;11892;19;;;11886.0;0.0
yf_ADM_d6;57500;ASH_COATED_OSMIUM;9905;20;9901;20;;;9912;9;9916;18;;;9908.5;0.0
yf_ADM_d6;57500;INTARIAN_PEPPER_ROOT;11883;20;11880;17;;;11889;14;11893;20;;;11886.0;0.0
yf_ADM_d6;57600;ASH_COATED_OSMIUM;9906;12;9904;20;;;9912;13;9916;9;;;9909.0;0.0
yf_ADM_d6;57600;INTARIAN_PEPPER_ROOT;11884;17;11881;24;;;11892;19;11895;17;;;11888.0;0.0
yf_ADM_d6;57700;ASH_COATED_OSMIUM;9906;17;9902;15;;;9912;11;9916;23;;;9909.0;0.0
yf_ADM_d6;57700;INTARIAN_PEPPER_ROOT;11886;18;11884;21;;;11892;18;11894;16;;;11889.0;0.0
yf_ADM_d6;57800;ASH_COATED_OSMIUM;9907;20;9904;8;;;9913;5;9917;19;;;9910.0;0.0
yf_ADM_d6;57800;INTARIAN_PEPPER_ROOT;11887;12;11883;22;;;11893;17;11896;21;;;11890.0;0.0
yf_ADM_d6;57900;ASH_COATED_OSMIUM;9906;16;9903;22;;;9912;13;9916;20;;;9909.0;0.0
yf_ADM_d6;57900;INTARIAN_PEPPER_ROOT;11887;15;11883;22;;;11893;12;11895;19;;;11890.0;0.0
yf_ADM_d6;58000;ASH_COATED_OSMIUM;9907;8;9903;10;;;9913;18;9917;19;;;9910.0;0.0
yf_ADM_d6;58000;INTARIAN_PEPPER_ROOT;11890;18;11888;30;;;11896;10;11899;18;;;11893.0;0.0
yf_ADM_d6;58100;ASH_COATED_OSMIUM;9906;18;9902;15;;;9912;20;9916;23;;;9909.0;0.0
yf_ADM_d6;58100;INTARIAN_PEPPER_ROOT;11888;15;11884;23;;;11898;11;11901;23;;;11893.0;0.0
yf_ADM_d6;58200;ASH_COATED_OSMIUM;9902;20;9900;18;;;9918;11;9920;24;;;9910.0;0.0
yf_ADM_d6;58200;INTARIAN_PEPPER_ROOT;11891;12;11888;17;;;11897;18;11899;14;;;11894.0;0.0
yf_ADM_d6;58300;ASH_COATED_OSMIUM;9903;15;9901;15;;;9914;5;9918;18;;;9908.5;0.0
yf_ADM_d6;58300;INTARIAN_PEPPER_ROOT;11889;11;11887;25;;;11901;20;11903;15;;;11895.0;0.0
yf_ADM_d6;58400;ASH_COATED_OSMIUM;9906;6;9902;18;;;9912;28;9914;21;;;9909.0;0.0
yf_ADM_d6;58400;INTARIAN_PEPPER_ROOT;11893;19;11889;21;;;11899;8;11902;20;;;11896.0;0.0
yf_ADM_d6;58500;ASH_COATED_OSMIUM;9907;7;9904;15;;;9913;10;9917;26;;;9910.0;0.0
yf_ADM_d6;58500;INTARIAN_PEPPER_ROOT;11894;20;11892;26;;;11900;17;11904;14;;;11897.0;0.0
yf_ADM_d6;58600;ASH_COATED_OSMIUM;9905;20;9901;19;;;9913;18;9915;18;;;9909.0;0.0
yf_ADM_d6;58600;INTARIAN_PEPPER_ROOT;11895;14;11892;23;;;11901;16;11904;11;;;11898.0;0.0
yf_ADM_d6;58700;ASH_COATED_OSMIUM;9906;15;9904;20;;;9912;13;9915;22;;;9909.0;0.0
yf_ADM_d6;58700;INTARIAN_PEPPER_ROOT;11894;13;11891;16;;;11904;17;11907;17;;;11899.0;0.0
yf_ADM_d6;58800;ASH_COATED_OSMIUM;9904;11;9901;15;;;9915;12;9917;18;;;9909.5;0.0
yf_ADM_d6;58800;INTARIAN_PEPPER_ROOT;11894;19;11890;18;;;11907;5;11909;10;;;11900.5;0.0
yf_ADM_d6;58900;ASH_COATED_OSMIUM;9907;14;9904;28;;;9913;14;9916;18;;;9910.0;0.0
yf_ADM_d6;58900;INTARIAN_PEPPER_ROOT;11898;15;11896;25;;;11904;20;11906;15;;;11901.0;0.0
yf_ADM_d6;59000;ASH_COATED_OSMIUM;9906;17;9903;21;;;9912;14;9916;22;;;9909.0;0.0
