day;timestamp;product;bid_price_1;bid_volume_1;bid_price_2;bid_volume_2;bid_price_3;bid_volume_3;ask_price_1;ask_volume_1;ask_price_2;ask_volume_2;ask_price_3;ask_volume_3;mid_price;profit_and_loss
yf_BGS_d2;0;ASH_COATED_OSMIUM;9968;6;9966;22;;;9974;10;9976;21;;;9971.0;0.0
yf_BGS_d2;0;INTARIAN_PEPPER_ROOT;9992;20;9990;18;;;10006;5;10010;12;;;9999.0;0.0
yf_BGS_d2;100;ASH_COATED_OSMIUM;9968;20;9964;21;;;9974;6;9976;19;;;9971.0;0.0
yf_BGS_d2;100;INTARIAN_PEPPER_ROOT;9998;17;9994;17;;;10004;19;10006;35;;;10001.0;0.0
yf_BGS_d2;200;ASH_COATED_OSMIUM;9961;17;9959;18;;;9982;12;9986;21;;;9971.5;0.0
yf_BGS_d2;200;INTARIAN_PEPPER_ROOT;9999;16;9995;29;;;10005;18;10007;21;;;10002.0;0.0
yf_BGS_d2;300;ASH_COATED_OSMIUM;9961;27;9959;18;;;9981;20;9984;19;;;9971.0;0.0
yf_BGS_d2;300;INTARIAN_PEPPER_ROOT;9997;8;9993;19;;;10008;14;10011;31;;;10002.5;0.0
yf_BGS_d2;400;ASH_COATED_OSMIUM;9968;13;9966;17;;;9974;15;9978;14;;;9971.0;0.0
yf_BGS_d2;400;INTARIAN_PEPPER_ROOT;10001;17;9998;25;;;10007;10;10011;13;;;10004.0;0.0
yf_BGS_d2;500;ASH_COATED_OSMIUM;9968;22;9965;19;;;9974;17;9978;8;;;9971.0;0.0
yf_BGS_d2;500;INTARIAN_PEPPER_ROOT;10002;19;9998;13;;;10008;12;10010;14;;;10005.0;0.0
yf_BGS_d2;600;ASH_COATED_OSMIUM;9964;26;9960;26;;;9978;11;9982;26;;;9971.0;0.0
yf_BGS_d2;600;INTARIAN_PEPPER_ROOT;10004;17;10000;21;;;10011;6;10014;21;;;10007.5;0.0
yf_BGS_d2;700;ASH_COATED_OSMIUM;9967;20;9963;24;;;9976;26;9978;17;;;9971.5;0.0
yf_BGS_d2;700;INTARIAN_PEPPER_ROOT;10005;14;10003;24;;;10011;8;10014;18;;;10008.0;0.0
yf_BGS_d2;800;ASH_COATED_OSMIUM;9967;12;9965;10;;;9975;15;9978;19;;;9971.0;0.0
yf_BGS_d2;800;INTARIAN_PEPPER_ROOT;10005;15;10002;27;;;10013;10;10015;16;;;10009.0;0.0
yf_BGS_d2;900;ASH_COATED_OSMIUM;9966;15;9964;18;;;9975;12;9978;14;;;9970.5;0.0
yf_BGS_d2;900;INTARIAN_PEPPER_ROOT;10007;14;10005;16;;;10013;16;10015;15;;;10010.0;0.0
yf_BGS_d2;1000;ASH_COATED_OSMIUM;9963;13;9961;17;;;9980;17;9983;16;;;9971.5;0.0
yf_BGS_d2;1000;INTARIAN_PEPPER_ROOT;10009;19;10006;18;;;10015;19;10017;20;;;10012.0;0.0
yf_BGS_d2;1100;ASH_COATED_OSMIUM;9967;13;9963;23;;;9974;5;9978;18;;;9970.5;0.0
yf_BGS_d2;1100;INTARIAN_PEPPER_ROOT;10007;12;10004;29;;;10018;15;10022;15;;;10012.5;0.0
yf_BGS_d2;1200;ASH_COATED_OSMIUM;9966;20;9963;17;;;9976;11;9980;17;;;9971.0;0.0
yf_BGS_d2;1200;INTARIAN_PEPPER_ROOT;10008;20;10005;16;;;10019;15;10023;19;;;10013.5;0.0
yf_BGS_d2;1300;ASH_COATED_OSMIUM;9965;14;9961;27;;;9977;20;9979;13;;;9971.0;0.0
yf_BGS_d2;1300;INTARIAN_PEPPER_ROOT;10002;11;10000;23;;;10029;9;10032;22;;;10015.5;0.0
yf_BGS_d2;1400;ASH_COATED_OSMIUM;9968;9;9966;14;;;9974;19;9977;17;;;9971.0;0.0
yf_BGS_d2;1400;INTARIAN_PEPPER_ROOT;10002;10;9998;21;;;10031;14;10033;23;;;10016.5;0.0
yf_BGS_d2;1500;ASH_COATED_OSMIUM;9968;5;9965;16;;;9974;17;9978;26;;;9971.0;0.0
yf_BGS_d2;1500;INTARIAN_PEPPER_ROOT;10014;11;10011;23;;;10021;7;10025;18;;;10017.5;0.0
yf_BGS_d2;1600;ASH_COATED_OSMIUM;9967;23;9963;14;;;9975;5;9978;23;;;9971.0;0.0
yf_BGS_d2;1600;INTARIAN_PEPPER_ROOT;10016;12;10013;16;;;10022;21;10025;25;;;10019.0;0.0
yf_BGS_d2;1700;ASH_COATED_OSMIUM;9968;10;9966;22;;;9974;19;9977;19;;;9971.0;0.0
yf_BGS_d2;1700;INTARIAN_PEPPER_ROOT;10017;16;10015;29;;;10024;19;10026;16;;;10020.5;0.0
yf_BGS_d2;1800;ASH_COATED_OSMIUM;9962;9;9958;21;;;9979;20;9983;23;;;9970.5;0.0
yf_BGS_d2;1800;INTARIAN_PEPPER_ROOT;10018;19;10014;23;;;10024;9;10026;14;;;10021.0;0.0
yf_BGS_d2;1900;ASH_COATED_OSMIUM;9960;20;9958;22;;;9983;19;9986;17;;;9971.5;0.0
yf_BGS_d2;1900;INTARIAN_PEPPER_ROOT;10018;14;10015;16;;;10028;17;10030;18;;;10023.0;0.0
yf_BGS_d2;2000;ASH_COATED_OSMIUM;9967;5;9963;16;;;9973;16;9977;22;;;9970.0;0.0
yf_BGS_d2;2000;INTARIAN_PEPPER_ROOT;10021;12;10019;20;;;10027;19;10029;12;;;10024.0;0.0
yf_BGS_d2;2100;ASH_COATED_OSMIUM;9967;13;9964;21;;;9975;17;9977;20;;;9971.0;0.0
yf_BGS_d2;2100;INTARIAN_PEPPER_ROOT;10022;5;10019;22;;;10028;26;10030;21;;;10025.0;0.0
yf_BGS_d2;2200;ASH_COATED_OSMIUM;9967;16;9965;15;;;9973;16;9977;25;;;9970.0;0.0
yf_BGS_d2;2200;INTARIAN_PEPPER_ROOT;10023;18;10020;21;;;10029;12;10032;17;;;10026.0;0.0
yf_BGS_d2;2300;ASH_COATED_OSMIUM;9967;7;9964;15;;;9974;10;9978;25;;;9970.5;0.0
yf_BGS_d2;2300;INTARIAN_PEPPER_ROOT;10016;18;10013;15;;;10038;15;10040;22;;;10027.0;0.0
yf_BGS_d2;2400;ASH_COATED_OSMIUM;9968;7;9966;25;;;9974;17;9976;15;;;9971.0;0.0
yf_BGS_d2;2400;INTARIAN_PEPPER_ROOT;10026;20;10024;21;;;10032;16;10035;14;;;10029.0;0.0
yf_BGS_d2;2500;ASH_COATED_OSMIUM;9967;17;9964;20;;;9973;18;9975;16;;;9970.0;0.0
yf_BGS_d2;2500;INTARIAN_PEPPER_ROOT;10027;20;10025;22;;;10033;12;10036;25;;;10030.0;0.0
yf_BGS_d2;2600;ASH_COATED_OSMIUM;9962;14;9958;8;;;9979;5;9982;26;;;9970.5;0.0
yf_BGS_d2;2600;INTARIAN_PEPPER_ROOT;10027;14;10024;15;;;10033;13;10037;18;;;10030.0;0.0
yf_BGS_d2;2700;ASH_COATED_OSMIUM;9955;15;9951;18;;;9985;18;9987;20;;;9970.0;0.0
yf_BGS_d2;2700;INTARIAN_PEPPER_ROOT;10030;23;10027;18;;;10036;8;10038;19;;;10033.0;0.0
yf_BGS_d2;2800;ASH_COATED_OSMIUM;9968;15;9966;14;;;9974;15;9977;15;;;9971.0;0.0
yf_BGS_d2;2800;INTARIAN_PEPPER_ROOT;10023;17;10021;23;;;10044;13;10047;22;;;10033.5;0.0
yf_BGS_d2;2900;ASH_COATED_OSMIUM;9968;12;9966;27;;;9974;22;9976;18;;;9971.0;0.0
yf_BGS_d2;2900;INTARIAN_PEPPER_ROOT;10030;22;10027;26;;;10040;10;10044;16;;;10035.0;0.0
yf_BGS_d2;3000;ASH_COATED_OSMIUM;9968;14;9965;15;;;9974;13;9976;10;;;9971.0;0.0
yf_BGS_d2;3000;INTARIAN_PEPPER_ROOT;10030;7;10028;19;;;10042;6;10045;17;;;10036.0;0.0
yf_BGS_d2;3100;ASH_COATED_OSMIUM;9964;7;9960;20;;;9978;7;9980;20;;;9971.0;0.0
yf_BGS_d2;3100;INTARIAN_PEPPER_ROOT;10027;14;10025;15;;;10047;17;10049;22;;;10037.0;0.0
yf_BGS_d2;3200;ASH_COATED_OSMIUM;9965;9;9961;12;;;9978;10;9982;19;;;9971.5;0.0
yf_BGS_d2;3200;INTARIAN_PEPPER_ROOT;10030;14;10028;24;;;10047;20;10049;23;;;10038.5;0.0
yf_BGS_d2;3300;ASH_COATED_OSMIUM;9967;12;9963;18;;;9973;20;9977;8;;;9970.0;0.0
yf_BGS_d2;3300;INTARIAN_PEPPER_ROOT;10033;15;10030;24;;;10046;16;10050;21;;;10039.5;0.0
yf_BGS_d2;3400;ASH_COATED_OSMIUM;9953;16;9951;28;;;9989;19;9993;10;;;9971.0;0.0
yf_BGS_d2;3400;INTARIAN_PEPPER_ROOT;10038;8;10035;9;;;10044;20;10048;15;;;10041.0;0.0
yf_BGS_d2;3500;ASH_COATED_OSMIUM;9968;6;9965;12;;;9974;20;9978;9;;;9971.0;0.0
yf_BGS_d2;3500;INTARIAN_PEPPER_ROOT;10038;13;10034;26;;;10045;13;10048;22;;;10041.5;0.0
yf_BGS_d2;3600;ASH_COATED_OSMIUM;9968;16;9966;24;;;9974;13;9977;11;;;9971.0;0.0
yf_BGS_d2;3600;INTARIAN_PEPPER_ROOT;10040;22;10038;18;;;10046;9;10048;15;;;10043.0;0.0
yf_BGS_d2;3700;ASH_COATED_OSMIUM;9967;6;9963;16;;;9973;15;9976;18;;;9970.0;0.0
yf_BGS_d2;3700;INTARIAN_PEPPER_ROOT;10037;11;10033;10;;;10052;18;10054;22;;;10044.5;0.0
yf_BGS_d2;3800;ASH_COATED_OSMIUM;9963;18;9959;23;;;9977;21;9981;19;;;9970.0;0.0
yf_BGS_d2;3800;INTARIAN_PEPPER_ROOT;10042;11;10040;19;;;10050;12;10052;18;;;10046.0;0.0
yf_BGS_d2;3900;ASH_COATED_OSMIUM;9952;11;9949;8;;;9988;15;9992;15;;;9970.0;0.0
yf_BGS_d2;3900;INTARIAN_PEPPER_ROOT;10043;18;10039;17;;;10051;12;10055;26;;;10047.0;0.0
yf_BGS_d2;4000;ASH_COATED_OSMIUM;9968;11;9965;18;;;9974;17;9977;12;;;9971.0;0.0
yf_BGS_d2;4000;INTARIAN_PEPPER_ROOT;10045;12;10042;16;;;10051;9;10055;19;;;10048.0;0.0
yf_BGS_d2;4100;ASH_COATED_OSMIUM;9965;9;9961;19;;;9976;13;9979;14;;;9970.5;0.0
yf_BGS_d2;4100;INTARIAN_PEPPER_ROOT;10046;14;10043;22;;;10052;17;10055;15;;;10049.0;0.0
yf_BGS_d2;4200;ASH_COATED_OSMIUM;9968;18;9966;27;;;9974;10;9978;22;;;9971.0;0.0
yf_BGS_d2;4200;INTARIAN_PEPPER_ROOT;10047;21;10043;16;;;10054;11;10056;20;;;10050.5;0.0
yf_BGS_d2;4300;ASH_COATED_OSMIUM;9968;15;9966;20;;;9974;11;9977;16;;;9971.0;0.0
yf_BGS_d2;4300;INTARIAN_PEPPER_ROOT;10049;17;10047;16;;;10055;10;10057;18;;;10052.0;0.0
yf_BGS_d2;4400;ASH_COATED_OSMIUM;9967;8;9963;13;;;9974;13;9977;21;;;9970.5;0.0
yf_BGS_d2;4400;INTARIAN_PEPPER_ROOT;10045;10;10041;20;;;10060;7;10063;27;;;10052.5;0.0
yf_BGS_d2;4500;ASH_COATED_OSMIUM;9968;18;9964;18;;;9974;9;9977;12;;;9971.0;0.0
yf_BGS_d2;4500;INTARIAN_PEPPER_ROOT;10050;13;10046;23;;;10059;18;10062;15;;;10054.5;0.0
yf_BGS_d2;4600;ASH_COATED_OSMIUM;9963;19;9960;20;;;9977;10;9981;10;;;9970.0;0.0
yf_BGS_d2;4600;INTARIAN_PEPPER_ROOT;10053;14;10049;8;;;10059;16;10061;18;;;10056.0;0.0
yf_BGS_d2;4700;ASH_COATED_OSMIUM;9967;11;9964;17;;;9973;16;9976;16;;;9970.0;0.0
yf_BGS_d2;4700;INTARIAN_PEPPER_ROOT;10050;18;10047;14;;;10064;13;10067;21;;;10057.0;0.0
yf_BGS_d2;4800;ASH_COATED_OSMIUM;9967;18;9964;16;;;9973;8;9975;20;;;9970.0;0.0
yf_BGS_d2;4800;INTARIAN_PEPPER_ROOT;10055;18;10051;17;;;10061;17;10065;18;;;10058.0;0.0
yf_BGS_d2;4900;ASH_COATED_OSMIUM;9965;19;9961;21;;;9976;16;9978;27;;;9970.5;0.0
yf_BGS_d2;4900;INTARIAN_PEPPER_ROOT;10054;7;10052;22;;;10064;13;10068;27;;;10059.0;0.0
yf_BGS_d2;5000;ASH_COATED_OSMIUM;9965;15;9962;16;;;9975;10;9979;15;;;9970.0;0.0
yf_BGS_d2;5000;INTARIAN_PEPPER_ROOT;10056;13;10053;25;;;10063;10;10066;20;;;10059.5;0.0
yf_BGS_d2;5100;ASH_COATED_OSMIUM;9967;8;9963;29;;;9973;11;9977;26;;;9970.0;0.0
yf_BGS_d2;5100;INTARIAN_PEPPER_ROOT;10059;8;10057;17;;;10065;25;10067;24;;;10062.0;0.0
yf_BGS_d2;5200;ASH_COATED_OSMIUM;9968;5;9964;14;;;9974;19;9977;22;;;9971.0;0.0
yf_BGS_d2;5200;INTARIAN_PEPPER_ROOT;10058;14;10056;21;;;10067;20;10071;23;;;10062.5;0.0
yf_BGS_d2;5300;ASH_COATED_OSMIUM;9968;6;9966;17;;;9974;12;9976;12;;;9971.0;0.0
yf_BGS_d2;5300;INTARIAN_PEPPER_ROOT;10060;16;10056;24;;;10066;11;10069;15;;;10063.0;0.0
yf_BGS_d2;5400;ASH_COATED_OSMIUM;9950;14;9948;27;;;9992;20;9994;19;;;9971.0;0.0
yf_BGS_d2;5400;INTARIAN_PEPPER_ROOT;10057;12;10055;20;;;10073;6;10075;10;;;10065.0;0.0
yf_BGS_d2;5500;ASH_COATED_OSMIUM;9967;15;9964;20;;;9973;9;9975;20;;;9970.0;0.0
yf_BGS_d2;5500;INTARIAN_PEPPER_ROOT;10062;14;10058;23;;;10070;23;10074;8;;;10066.0;0.0
yf_BGS_d2;5600;ASH_COATED_OSMIUM;9968;19;9964;15;;;9974;22;9976;17;;;9971.0;0.0
yf_BGS_d2;5600;INTARIAN_PEPPER_ROOT;10063;8;10059;19;;;10071;10;10074;28;;;10067.0;0.0
yf_BGS_d2;5700;ASH_COATED_OSMIUM;9967;16;9964;25;;;9976;22;9978;20;;;9971.5;0.0
yf_BGS_d2;5700;INTARIAN_PEPPER_ROOT;10066;17;10062;8;;;10072;13;10075;18;;;10069.0;0.0
yf_BGS_d2;5800;ASH_COATED_OSMIUM;9965;13;9962;21;;;9975;23;9979;22;;;9970.0;0.0
yf_BGS_d2;5800;INTARIAN_PEPPER_ROOT;10067;21;10064;17;;;10073;18;10076;26;;;10070.0;0.0
yf_BGS_d2;5900;ASH_COATED_OSMIUM;9967;8;9963;14;;;9973;22;9976;25;;;9970.0;0.0
yf_BGS_d2;5900;INTARIAN_PEPPER_ROOT;10068;15;10064;25;;;10074;10;10078;25;;;10071.0;0.0
yf_BGS_d2;6000;ASH_COATED_OSMIUM;9968;23;9964;20;;;9974;13;9976;22;;;9971.0;0.0
yf_BGS_d2;6000;INTARIAN_PEPPER_ROOT;10068;14;10066;10;;;10077;15;10081;14;;;10072.5;0.0
yf_BGS_d2;6100;ASH_COATED_OSMIUM;9962;18;9959;23;;;9980;20;9984;22;;;9971.0;0.0
yf_BGS_d2;6100;INTARIAN_PEPPER_ROOT;10070;9;10068;20;;;10076;10;10078;29;;;10073.0;0.0
yf_BGS_d2;6200;ASH_COATED_OSMIUM;9968;5;9966;16;;;9974;12;9976;16;;;9971.0;0.0
yf_BGS_d2;6200;INTARIAN_PEPPER_ROOT;10072;16;10068;27;;;10078;18;10080;15;;;10075.0;0.0
yf_BGS_d2;6300;ASH_COATED_OSMIUM;9967;18;9963;19;;;9973;19;9976;18;;;9970.0;0.0
yf_BGS_d2;6300;INTARIAN_PEPPER_ROOT;10073;19;10070;22;;;10079;19;10082;22;;;10076.0;0.0
yf_BGS_d2;6400;ASH_COATED_OSMIUM;9962;10;9959;15;;;9980;16;9984;14;;;9971.0;0.0
yf_BGS_d2;6400;INTARIAN_PEPPER_ROOT;10070;15;10066;15;;;10084;11;10087;18;;;10077.0;0.0
yf_BGS_d2;6500;ASH_COATED_OSMIUM;9964;13;9960;27;;;9976;11;9980;20;;;9970.0;0.0
yf_BGS_d2;6500;INTARIAN_PEPPER_ROOT;10075;20;10073;26;;;10082;22;10085;17;;;10078.5;0.0
yf_BGS_d2;6600;ASH_COATED_OSMIUM;9967;18;9963;25;;;9973;15;9975;22;;;9970.0;0.0
yf_BGS_d2;6600;INTARIAN_PEPPER_ROOT;10076;21;10074;13;;;10082;18;10085;18;;;10079.0;0.0
yf_BGS_d2;6700;ASH_COATED_OSMIUM;9963;10;9961;23;;;9978;7;9980;25;;;9970.5;0.0
yf_BGS_d2;6700;INTARIAN_PEPPER_ROOT;10077;15;10073;19;;;10083;11;10086;16;;;10080.0;0.0
yf_BGS_d2;6800;ASH_COATED_OSMIUM;9960;11;9956;13;;;9981;13;9983;13;;;9970.5;0.0
yf_BGS_d2;6800;INTARIAN_PEPPER_ROOT;10079;11;10075;22;;;10085;15;10088;21;;;10082.0;0.0
yf_BGS_d2;6900;ASH_COATED_OSMIUM;9967;16;9963;25;;;9973;19;9976;17;;;9970.0;0.0
yf_BGS_d2;6900;INTARIAN_PEPPER_ROOT;10080;16;10077;20;;;10087;14;10089;14;;;10083.5;0.0
yf_BGS_d2;7000;ASH_COATED_OSMIUM;9967;11;9963;18;;;9973;12;9976;15;;;9970.0;0.0
yf_BGS_d2;7000;INTARIAN_PEPPER_ROOT;10081;16;10078;23;;;10087;17;10091;10;;;10084.0;0.0
yf_BGS_d2;7100;ASH_COATED_OSMIUM;9966;17;9963;35;;;9975;11;9979;13;;;9970.5;0.0
yf_BGS_d2;7100;INTARIAN_PEPPER_ROOT;10077;14;10075;22;;;10094;19;10096;22;;;10085.5;0.0
yf_BGS_d2;7200;ASH_COATED_OSMIUM;9966;15;9964;8;;;9973;7;9976;17;;;9969.5;0.0
yf_BGS_d2;7200;INTARIAN_PEPPER_ROOT;10084;21;10080;29;;;10090;5;10094;27;;;10087.0;0.0
yf_BGS_d2;7300;ASH_COATED_OSMIUM;9967;16;9964;28;;;9973;14;9975;31;;;9970.0;0.0
yf_BGS_d2;7300;INTARIAN_PEPPER_ROOT;10084;10;10081;21;;;10092;15;10096;22;;;10088.0;0.0
yf_BGS_d2;7400;ASH_COATED_OSMIUM;9967;21;9964;21;;;9973;16;9976;13;;;9970.0;0.0
yf_BGS_d2;7400;INTARIAN_PEPPER_ROOT;10085;9;10082;21;;;10093;5;10096;35;;;10089.0;0.0
yf_BGS_d2;7500;ASH_COATED_OSMIUM;9967;7;9964;16;;;9973;19;9977;16;;;9970.0;0.0
yf_BGS_d2;7500;INTARIAN_PEPPER_ROOT;10084;19;10080;16;;;10098;8;10102;19;;;10091.0;0.0
yf_BGS_d2;7600;ASH_COATED_OSMIUM;9967;15;9964;16;;;9975;19;9977;21;;;9971.0;0.0
yf_BGS_d2;7600;INTARIAN_PEPPER_ROOT;10086;16;10083;21;;;10097;20;10100;19;;;10091.5;0.0
yf_BGS_d2;7700;ASH_COATED_OSMIUM;9968;11;9966;9;;;9974;12;9976;22;;;9971.0;0.0
yf_BGS_d2;7700;INTARIAN_PEPPER_ROOT;10087;14;10084;14;;;10098;10;10101;21;;;10092.5;0.0
yf_BGS_d2;7800;ASH_COATED_OSMIUM;9967;5;9963;18;;;9973;9;9977;30;;;9970.0;0.0
yf_BGS_d2;7800;INTARIAN_PEPPER_ROOT;10091;15;10089;30;;;10097;6;10099;22;;;10094.0;0.0
yf_BGS_d2;7900;ASH_COATED_OSMIUM;9967;19;9964;20;;;9973;16;9977;14;;;9970.0;0.0
yf_BGS_d2;7900;INTARIAN_PEPPER_ROOT;10093;6;10089;31;;;10099;13;10102;21;;;10096.0;0.0
yf_BGS_d2;8000;ASH_COATED_OSMIUM;9967;13;9964;23;;;9973;18;9977;16;;;9970.0;0.0
yf_BGS_d2;8000;INTARIAN_PEPPER_ROOT;10093;14;10091;18;;;10099;17;10103;13;;;10096.0;0.0
yf_BGS_d2;8100;ASH_COATED_OSMIUM;9966;10;9962;24;;;9973;20;9975;21;;;9969.5;0.0
yf_BGS_d2;8100;INTARIAN_PEPPER_ROOT;10090;10;10087;22;;;10106;12;10110;24;;;10098.0;0.0
yf_BGS_d2;8200;ASH_COATED_OSMIUM;9967;17;9965;22;;;9973;10;9977;17;;;9970.0;0.0
yf_BGS_d2;8200;INTARIAN_PEPPER_ROOT;10095;21;10091;18;;;10103;16;10106;11;;;10099.0;0.0
yf_BGS_d2;8300;ASH_COATED_OSMIUM;9968;23;9966;16;;;9974;18;9976;14;;;9971.0;0.0
yf_BGS_d2;8300;INTARIAN_PEPPER_ROOT;10097;11;10093;23;;;10103;10;10107;17;;;10100.0;0.0
yf_BGS_d2;8400;ASH_COATED_OSMIUM;9963;10;9959;14;;;9976;9;9978;13;;;9969.5;0.0
yf_BGS_d2;8400;INTARIAN_PEPPER_ROOT;10093;15;10089;26;;;10110;5;10112;18;;;10101.5;0.0
yf_BGS_d2;8500;ASH_COATED_OSMIUM;9964;6;9960;23;;;9976;15;9979;22;;;9970.0;0.0
yf_BGS_d2;8500;INTARIAN_PEPPER_ROOT;10094;14;10092;22;;;10110;17;10112;20;;;10102.0;0.0
yf_BGS_d2;8600;ASH_COATED_OSMIUM;9962;14;9958;19;;;9977;13;9980;22;;;9969.5;0.0
yf_BGS_d2;8600;INTARIAN_PEPPER_ROOT;10101;17;10097;21;;;10107;5;10109;17;;;10104.0;0.0
yf_BGS_d2;8700;ASH_COATED_OSMIUM;9967;20;9965;18;;;9973;11;9975;13;;;9970.0;0.0
yf_BGS_d2;8700;INTARIAN_PEPPER_ROOT;10102;15;10098;16;;;10108;14;10110;20;;;10105.0;0.0
yf_BGS_d2;8800;ASH_COATED_OSMIUM;9966;12;9963;25;;;9975;10;9978;21;;;9970.5;0.0
yf_BGS_d2;8800;INTARIAN_PEPPER_ROOT;10104;6;10100;21;;;10110;8;10112;22;;;10107.0;0.0
yf_BGS_d2;8900;ASH_COATED_OSMIUM;9967;16;9964;32;;;9973;18;9976;22;;;9970.0;0.0
yf_BGS_d2;8900;INTARIAN_PEPPER_ROOT;10102;21;10098;12;;;10112;11;10116;8;;;10107.0;0.0
yf_BGS_d2;9000;ASH_COATED_OSMIUM;9966;16;9962;25;;;9974;9;9978;10;;;9970.0;0.0
yf_BGS_d2;9000;INTARIAN_PEPPER_ROOT;10106;19;10104;28;;;10112;25;10114;19;;;10109.0;0.0
yf_BGS_d2;9100;ASH_COATED_OSMIUM;9967;13;9965;27;;;9973;16;9977;18;;;9970.0;0.0
yf_BGS_d2;9100;INTARIAN_PEPPER_ROOT;10105;14;10101;19;;;10115;19;10117;22;;;10110.0;0.0
yf_BGS_d2;9200;ASH_COATED_OSMIUM;9964;13;9962;21;;;9975;23;9977;25;;;9969.5;0.0
yf_BGS_d2;9200;INTARIAN_PEPPER_ROOT;10108;20;10105;19;;;10114;8;10118;17;;;10111.0;0.0
yf_BGS_d2;9300;ASH_COATED_OSMIUM;9967;14;9963;16;;;9973;19;9977;16;;;9970.0;0.0
yf_BGS_d2;9300;INTARIAN_PEPPER_ROOT;10109;14;10106;28;;;10115;12;10118;19;;;10112.0;0.0
yf_BGS_d2;9400;ASH_COATED_OSMIUM;9967;16;9964;27;;;9973;16;9975;19;;;9970.0;0.0
yf_BGS_d2;9400;INTARIAN_PEPPER_ROOT;10110;13;10106;22;;;10118;17;10120;18;;;10114.0;0.0
yf_BGS_d2;9500;ASH_COATED_OSMIUM;9966;5;9964;17;;;9975;11;9978;30;;;9970.5;0.0
yf_BGS_d2;9500;INTARIAN_PEPPER_ROOT;10111;30;10109;12;;;10117;10;10119;18;;;10114.0;0.0
yf_BGS_d2;9600;ASH_COATED_OSMIUM;9967;11;9963;21;;;9973;17;9975;30;;;9970.0;0.0
yf_BGS_d2;9600;INTARIAN_PEPPER_ROOT;10113;18;10111;18;;;10119;16;10122;18;;;10116.0;0.0
yf_BGS_d2;9700;ASH_COATED_OSMIUM;9965;10;9962;13;;;9975;16;9978;11;;;9970.0;0.0
yf_BGS_d2;9700;INTARIAN_PEPPER_ROOT;10115;12;10111;17;;;10121;10;10123;18;;;10118.0;0.0
yf_BGS_d2;9800;ASH_COATED_OSMIUM;9966;25;9963;25;;;9974;5;9976;14;;;9970.0;0.0
yf_BGS_d2;9800;INTARIAN_PEPPER_ROOT;10113;15;10110;13;;;10124;17;10126;18;;;10118.5;0.0
yf_BGS_d2;9900;ASH_COATED_OSMIUM;9958;7;9954;8;;;9982;6;9986;27;;;9970.0;0.0
yf_BGS_d2;9900;INTARIAN_PEPPER_ROOT;10117;14;10115;17;;;10123;16;10127;23;;;10120.0;0.0
yf_BGS_d2;10000;ASH_COATED_OSMIUM;9967;10;9963;21;;;9973;20;9977;27;;;9970.0;0.0
yf_BGS_d2;10000;INTARIAN_PEPPER_ROOT;10110;15;10108;22;;;10132;10;10134;15;;;10121.0;0.0
yf_BGS_d2;10100;ASH_COATED_OSMIUM;9966;8;9964;21;;;9974;15;9976;16;;;9970.0;0.0
yf_BGS_d2;10100;INTARIAN_PEPPER_ROOT;10119;13;10117;17;;;10125;6;10128;20;;;10122.0;0.0
yf_BGS_d2;10200;ASH_COATED_OSMIUM;9967;8;9964;14;;;9973;13;9976;19;;;9970.0;0.0
yf_BGS_d2;10200;INTARIAN_PEPPER_ROOT;10117;13;10115;16;;;10130;14;10133;22;;;10123.5;0.0
yf_BGS_d2;10300;ASH_COATED_OSMIUM;9967;19;9964;21;;;9973;21;9975;19;;;9970.0;0.0
yf_BGS_d2;10300;INTARIAN_PEPPER_ROOT;10122;10;10120;20;;;10128;15;10131;26;;;10125.0;0.0
yf_BGS_d2;10400;ASH_COATED_OSMIUM;9967;16;9964;20;;;9973;13;9975;11;;;9970.0;0.0
yf_BGS_d2;10400;INTARIAN_PEPPER_ROOT;10118;16;10115;14;;;10133;23;10135;17;;;10125.5;0.0
yf_BGS_d2;10500;ASH_COATED_OSMIUM;9965;17;9963;18;;;9975;8;9978;27;;;9970.0;0.0
yf_BGS_d2;10500;INTARIAN_PEPPER_ROOT;10124;8;10120;21;;;10130;14;10134;15;;;10127.0;0.0
yf_BGS_d2;10600;ASH_COATED_OSMIUM;9967;11;9965;21;;;9973;8;9977;11;;;9970.0;0.0
yf_BGS_d2;10600;INTARIAN_PEPPER_ROOT;10115;17;10112;17;;;10142;18;10146;26;;;10128.5;0.0
yf_BGS_d2;10700;ASH_COATED_OSMIUM;9962;15;9959;18;;;9979;13;9981;17;;;9970.5;0.0
yf_BGS_d2;10700;INTARIAN_PEPPER_ROOT;10125;23;10121;23;;;10133;16;10137;15;;;10129.0;0.0
yf_BGS_d2;10800;ASH_COATED_OSMIUM;9967;15;9965;22;;;9973;11;9976;14;;;9970.0;0.0
yf_BGS_d2;10800;INTARIAN_PEPPER_ROOT;10127;15;10123;22;;;10134;5;10138;23;;;10130.5;0.0
yf_BGS_d2;10900;ASH_COATED_OSMIUM;9967;11;9963;20;;;9973;13;9977;23;;;9970.0;0.0
yf_BGS_d2;10900;INTARIAN_PEPPER_ROOT;10128;7;10125;18;;;10134;10;10136;22;;;10131.0;0.0
yf_BGS_d2;11000;ASH_COATED_OSMIUM;9966;17;9964;12;;;9972;16;9975;27;;;9969.0;0.0
yf_BGS_d2;11000;INTARIAN_PEPPER_ROOT;10130;17;10126;15;;;10136;15;10139;16;;;10133.0;0.0
yf_BGS_d2;11100;ASH_COATED_OSMIUM;9967;11;9965;25;;;9973;17;9977;31;;;9970.0;0.0
yf_BGS_d2;11100;INTARIAN_PEPPER_ROOT;10131;15;10129;24;;;10137;16;10141;17;;;10134.0;0.0
yf_BGS_d2;11200;ASH_COATED_OSMIUM;9967;6;9965;22;;;9973;21;9977;20;;;9970.0;0.0
yf_BGS_d2;11200;INTARIAN_PEPPER_ROOT;10133;12;10129;13;;;10139;16;10142;16;;;10136.0;0.0
yf_BGS_d2;11300;ASH_COATED_OSMIUM;9958;16;9955;19;;;9982;20;9985;19;;;9970.0;0.0
yf_BGS_d2;11300;INTARIAN_PEPPER_ROOT;10130;7;10128;24;;;10142;14;10145;20;;;10136.0;0.0
yf_BGS_d2;11400;ASH_COATED_OSMIUM;9962;17;9958;23;;;9977;10;9981;24;;;9969.5;0.0
yf_BGS_d2;11400;INTARIAN_PEPPER_ROOT;10135;16;10131;25;;;10141;20;10145;14;;;10138.0;0.0
yf_BGS_d2;11500;ASH_COATED_OSMIUM;9967;17;9965;25;;;9973;21;9975;20;;;9970.0;0.0
yf_BGS_d2;11500;INTARIAN_PEPPER_ROOT;10136;13;10134;17;;;10142;11;10146;33;;;10139.0;0.0
yf_BGS_d2;11600;ASH_COATED_OSMIUM;9967;14;9963;15;;;9973;13;9976;18;;;9970.0;0.0
yf_BGS_d2;11600;INTARIAN_PEPPER_ROOT;10135;14;10133;20;;;10144;17;10148;17;;;10139.5;0.0
yf_BGS_d2;11700;ASH_COATED_OSMIUM;9967;18;9963;27;;;9973;18;9976;24;;;9970.0;0.0
yf_BGS_d2;11700;INTARIAN_PEPPER_ROOT;10136;15;10134;13;;;10147;17;10150;16;;;10141.5;0.0
yf_BGS_d2;11800;ASH_COATED_OSMIUM;9964;10;9960;25;;;9975;17;9979;22;;;9969.5;0.0
yf_BGS_d2;11800;INTARIAN_PEPPER_ROOT;10140;11;10138;20;;;10146;8;10149;24;;;10143.0;0.0
yf_BGS_d2;11900;ASH_COATED_OSMIUM;9967;16;9965;20;;;9973;6;9976;17;;;9970.0;0.0
yf_BGS_d2;11900;INTARIAN_PEPPER_ROOT;10132;16;10128;21;;;10155;19;10159;30;;;10143.5;0.0
yf_BGS_d2;12000;ASH_COATED_OSMIUM;9967;5;9964;19;;;9973;6;9977;20;;;9970.0;0.0
yf_BGS_d2;12000;INTARIAN_PEPPER_ROOT;10140;18;10136;18;;;10150;9;10154;18;;;10145.0;0.0
yf_BGS_d2;12100;ASH_COATED_OSMIUM;9967;20;9965;14;;;9973;13;9975;23;;;9970.0;0.0
yf_BGS_d2;12100;INTARIAN_PEPPER_ROOT;10143;10;10139;25;;;10149;15;10151;23;;;10146.0;0.0
yf_BGS_d2;12200;ASH_COATED_OSMIUM;9967;10;9965;16;;;9973;14;9975;21;;;9970.0;0.0
yf_BGS_d2;12200;INTARIAN_PEPPER_ROOT;10145;12;10143;12;;;10151;13;10153;17;;;10148.0;0.0
yf_BGS_d2;12300;ASH_COATED_OSMIUM;9967;12;9965;19;;;9973;14;9975;21;;;9970.0;0.0
yf_BGS_d2;12300;INTARIAN_PEPPER_ROOT;10141;8;10139;17;;;10157;17;10161;9;;;10149.0;0.0
yf_BGS_d2;12400;ASH_COATED_OSMIUM;9967;14;9965;24;;;9973;20;9976;15;;;9970.0;0.0
yf_BGS_d2;12400;INTARIAN_PEPPER_ROOT;10146;15;10143;23;;;10153;8;10156;15;;;10149.5;0.0
yf_BGS_d2;12500;ASH_COATED_OSMIUM;9967;7;9964;20;;;9973;13;9977;20;;;9970.0;0.0
yf_BGS_d2;12500;INTARIAN_PEPPER_ROOT;10148;21;10146;15;;;10154;21;10156;21;;;10151.0;0.0
yf_BGS_d2;12600;ASH_COATED_OSMIUM;9966;22;9963;20;;;9973;19;9977;19;;;9969.5;0.0
yf_BGS_d2;12600;INTARIAN_PEPPER_ROOT;10150;13;10146;20;;;10156;15;10159;25;;;10153.0;0.0
yf_BGS_d2;12700;ASH_COATED_OSMIUM;9967;13;9965;23;;;9973;16;9977;21;;;9970.0;0.0
yf_BGS_d2;12700;INTARIAN_PEPPER_ROOT;10150;18;10146;25;;;10156;18;10158;19;;;10153.0;0.0
yf_BGS_d2;12800;ASH_COATED_OSMIUM;9963;12;9960;14;;;9976;21;9980;21;;;9969.5;0.0
yf_BGS_d2;12800;INTARIAN_PEPPER_ROOT;10151;13;10149;11;;;10158;14;10161;12;;;10154.5;0.0
yf_BGS_d2;12900;ASH_COATED_OSMIUM;9967;11;9964;18;;;9973;15;9975;18;;;9970.0;0.0
yf_BGS_d2;12900;INTARIAN_PEPPER_ROOT;10152;12;10148;22;;;10160;13;10163;14;;;10156.0;0.0
yf_BGS_d2;13000;ASH_COATED_OSMIUM;9964;10;9960;12;;;9976;22;9980;14;;;9970.0;0.0
yf_BGS_d2;13000;INTARIAN_PEPPER_ROOT;10141;16;10139;15;;;10174;11;10176;21;;;10157.5;0.0
yf_BGS_d2;13100;ASH_COATED_OSMIUM;9967;7;9965;17;;;9973;10;9977;20;;;9970.0;0.0
yf_BGS_d2;13100;INTARIAN_PEPPER_ROOT;10155;17;10151;24;;;10161;15;10164;22;;;10158.0;0.0
yf_BGS_d2;13200;ASH_COATED_OSMIUM;9964;10;9961;19;;;9976;11;9978;22;;;9970.0;0.0
yf_BGS_d2;13200;INTARIAN_PEPPER_ROOT;10153;9;10150;18;;;10165;13;10169;13;;;10159.0;0.0
yf_BGS_d2;13300;ASH_COATED_OSMIUM;9966;11;9964;18;;;9974;10;9978;20;;;9970.0;0.0
yf_BGS_d2;13300;INTARIAN_PEPPER_ROOT;10153;17;10150;19;;;10168;12;10171;13;;;10160.5;0.0
yf_BGS_d2;13400;ASH_COATED_OSMIUM;9966;13;9962;14;;;9973;20;9976;22;;;9969.5;0.0
yf_BGS_d2;13400;INTARIAN_PEPPER_ROOT;10159;12;10156;14;;;10165;12;10168;25;;;10162.0;0.0
yf_BGS_d2;13500;ASH_COATED_OSMIUM;9967;16;9963;16;;;9973;21;9977;28;;;9970.0;0.0
yf_BGS_d2;13500;INTARIAN_PEPPER_ROOT;10157;15;10155;20;;;10170;13;10173;19;;;10163.5;0.0
yf_BGS_d2;13600;ASH_COATED_OSMIUM;9967;13;9965;20;;;9973;11;9976;20;;;9970.0;0.0
yf_BGS_d2;13600;INTARIAN_PEPPER_ROOT;10159;8;10156;19;;;10169;12;10172;14;;;10164.0;0.0
yf_BGS_d2;13700;ASH_COATED_OSMIUM;9964;13;9961;29;;;9976;21;9980;30;;;9970.0;0.0
yf_BGS_d2;13700;INTARIAN_PEPPER_ROOT;10163;5;10161;28;;;10169;15;10172;15;;;10166.0;0.0
yf_BGS_d2;13800;ASH_COATED_OSMIUM;9967;13;9963;18;;;9973;10;9976;30;;;9970.0;0.0
yf_BGS_d2;13800;INTARIAN_PEPPER_ROOT;10164;10;10162;11;;;10170;14;10172;20;;;10167.0;0.0
yf_BGS_d2;13900;ASH_COATED_OSMIUM;9965;20;9963;24;;;9973;21;9975;17;;;9969.0;0.0
yf_BGS_d2;13900;INTARIAN_PEPPER_ROOT;10165;15;10162;13;;;10171;17;10174;11;;;10168.0;0.0
yf_BGS_d2;14000;ASH_COATED_OSMIUM;9965;10;9961;27;;;9974;17;9977;17;;;9969.5;0.0
yf_BGS_d2;14000;INTARIAN_PEPPER_ROOT;10166;10;10162;15;;;10172;19;10174;21;;;10169.0;0.0
yf_BGS_d2;14100;ASH_COATED_OSMIUM;9966;22;9963;8;;;9973;9;9976;18;;;9969.5;0.0
yf_BGS_d2;14100;INTARIAN_PEPPER_ROOT;10167;19;10163;13;;;10173;20;10175;22;;;10170.0;0.0
yf_BGS_d2;14200;ASH_COATED_OSMIUM;9967;12;9964;23;;;9973;18;9975;21;;;9970.0;0.0
yf_BGS_d2;14200;INTARIAN_PEPPER_ROOT;10168;13;10166;23;;;10176;12;10178;24;;;10172.0;0.0
yf_BGS_d2;14300;ASH_COATED_OSMIUM;9967;6;9964;17;;;9973;11;9976;23;;;9970.0;0.0
yf_BGS_d2;14300;INTARIAN_PEPPER_ROOT;10170;12;10167;16;;;10176;19;10179;26;;;10173.0;0.0
yf_BGS_d2;14400;ASH_COATED_OSMIUM;9967;6;9965;27;;;9973;11;9976;20;;;9970.0;0.0
yf_BGS_d2;14400;INTARIAN_PEPPER_ROOT;10171;18;10167;15;;;10177;16;10179;19;;;10174.0;0.0
yf_BGS_d2;14500;ASH_COATED_OSMIUM;9967;11;9964;21;;;9973;18;9976;20;;;9970.0;0.0
yf_BGS_d2;14500;INTARIAN_PEPPER_ROOT;10173;19;10170;27;;;10179;15;10181;23;;;10176.0;0.0
yf_BGS_d2;14600;ASH_COATED_OSMIUM;9967;11;9963;22;;;9973;18;9975;24;;;9970.0;0.0
yf_BGS_d2;14600;INTARIAN_PEPPER_ROOT;10171;17;10169;15;;;10184;10;10186;22;;;10177.5;0.0
yf_BGS_d2;14700;ASH_COATED_OSMIUM;9966;18;9963;14;;;9974;19;9976;19;;;9970.0;0.0
yf_BGS_d2;14700;INTARIAN_PEPPER_ROOT;10175;8;10172;17;;;10181;14;10184;20;;;10178.0;0.0
yf_BGS_d2;14800;ASH_COATED_OSMIUM;9967;13;9963;15;;;9973;18;9976;24;;;9970.0;0.0
yf_BGS_d2;14800;INTARIAN_PEPPER_ROOT;10176;23;10174;24;;;10183;9;10185;27;;;10179.5;0.0
yf_BGS_d2;14900;ASH_COATED_OSMIUM;9952;15;9950;27;;;9987;17;9989;14;;;9969.5;0.0
yf_BGS_d2;14900;INTARIAN_PEPPER_ROOT;10177;11;10174;18;;;10183;12;10187;19;;;10180.0;0.0
yf_BGS_d2;15000;ASH_COATED_OSMIUM;9967;15;9963;16;;;9973;17;9976;14;;;9970.0;0.0
yf_BGS_d2;15000;INTARIAN_PEPPER_ROOT;10178;16;10175;21;;;10184;24;10187;17;;;10181.0;0.0
yf_BGS_d2;15100;ASH_COATED_OSMIUM;9961;10;9958;24;;;9977;8;9979;24;;;9969.0;0.0
yf_BGS_d2;15100;INTARIAN_PEPPER_ROOT;10179;13;10176;20;;;10185;11;10189;29;;;10182.0;0.0
yf_BGS_d2;15200;ASH_COATED_OSMIUM;9966;17;9963;16;;;9972;11;9974;17;;;9969.0;0.0
yf_BGS_d2;15200;INTARIAN_PEPPER_ROOT;10180;15;10177;13;;;10188;17;10192;24;;;10184.0;0.0
yf_BGS_d2;15300;ASH_COATED_OSMIUM;9967;17;9965;11;;;9973;14;9976;20;;;9970.0;0.0
yf_BGS_d2;15300;INTARIAN_PEPPER_ROOT;10182;16;10180;19;;;10188;14;10192;20;;;10185.0;0.0
yf_BGS_d2;15400;ASH_COATED_OSMIUM;9967;14;9964;23;;;9973;18;9977;24;;;9970.0;0.0
yf_BGS_d2;15400;INTARIAN_PEPPER_ROOT;10183;18;10179;22;;;10189;16;10193;26;;;10186.0;0.0
yf_BGS_d2;15500;ASH_COATED_OSMIUM;9966;17;9964;17;;;9972;17;9975;24;;;9969.0;0.0
yf_BGS_d2;15500;INTARIAN_PEPPER_ROOT;10183;12;10180;27;;;10192;18;10194;17;;;10187.5;0.0
yf_BGS_d2;15600;ASH_COATED_OSMIUM;9966;25;9964;18;;;9972;19;9976;14;;;9969.0;0.0
yf_BGS_d2;15600;INTARIAN_PEPPER_ROOT;10183;16;10179;21;;;10195;9;10199;28;;;10189.0;0.0
yf_BGS_d2;15700;ASH_COATED_OSMIUM;9966;18;9963;22;;;9972;13;9975;22;;;9969.0;0.0
yf_BGS_d2;15700;INTARIAN_PEPPER_ROOT;10184;15;10180;29;;;10196;14;10198;22;;;10190.0;0.0
yf_BGS_d2;15800;ASH_COATED_OSMIUM;9962;12;9960;28;;;9978;11;9981;20;;;9970.0;0.0
yf_BGS_d2;15800;INTARIAN_PEPPER_ROOT;10187;15;10184;14;;;10195;6;10199;23;;;10191.0;0.0
yf_BGS_d2;15900;ASH_COATED_OSMIUM;9967;13;9965;25;;;9973;8;9977;19;;;9970.0;0.0
yf_BGS_d2;15900;INTARIAN_PEPPER_ROOT;10189;17;10185;17;;;10195;15;10198;16;;;10192.0;0.0
yf_BGS_d2;16000;ASH_COATED_OSMIUM;9966;25;9964;16;;;9972;23;9976;24;;;9969.0;0.0
yf_BGS_d2;16000;INTARIAN_PEPPER_ROOT;10190;17;10188;18;;;10196;23;10198;23;;;10193.0;0.0
yf_BGS_d2;16100;ASH_COATED_OSMIUM;9961;10;9959;29;;;9979;10;9982;12;;;9970.0;0.0
yf_BGS_d2;16100;INTARIAN_PEPPER_ROOT;10186;16;10182;24;;;10204;12;10208;23;;;10195.0;0.0
yf_BGS_d2;16200;ASH_COATED_OSMIUM;9966;5;9964;25;;;9972;7;9976;14;;;9969.0;0.0
yf_BGS_d2;16200;INTARIAN_PEPPER_ROOT;10184;22;10182;14;;;10206;9;10208;14;;;10195.0;0.0
yf_BGS_d2;16300;ASH_COATED_OSMIUM;9967;15;9964;15;;;9973;10;9976;21;;;9970.0;0.0
yf_BGS_d2;16300;INTARIAN_PEPPER_ROOT;10195;14;10192;17;;;10201;22;10203;18;;;10198.0;0.0
yf_BGS_d2;16400;ASH_COATED_OSMIUM;9965;15;9962;13;;;9973;11;9976;24;;;9969.0;0.0
yf_BGS_d2;16400;INTARIAN_PEPPER_ROOT;10196;16;10192;20;;;10202;23;10204;20;;;10199.0;0.0
yf_BGS_d2;16500;ASH_COATED_OSMIUM;9966;13;9962;21;;;9972;8;9975;18;;;9969.0;0.0
yf_BGS_d2;16500;INTARIAN_PEPPER_ROOT;10197;15;10194;11;;;10203;20;10207;20;;;10200.0;0.0
yf_BGS_d2;16600;ASH_COATED_OSMIUM;9966;17;9963;20;;;9972;7;9976;16;;;9969.0;0.0
yf_BGS_d2;16600;INTARIAN_PEPPER_ROOT;10198;13;10196;17;;;10204;7;10208;23;;;10201.0;0.0
yf_BGS_d2;16700;ASH_COATED_OSMIUM;9961;12;9957;25;;;9979;12;9983;10;;;9970.0;0.0
yf_BGS_d2;16700;INTARIAN_PEPPER_ROOT;10199;21;10195;18;;;10205;13;10209;21;;;10202.0;0.0
yf_BGS_d2;16800;ASH_COATED_OSMIUM;9967;12;9964;15;;;9973;13;9976;14;;;9970.0;0.0
yf_BGS_d2;16800;INTARIAN_PEPPER_ROOT;10200;14;10198;26;;;10206;9;10209;23;;;10203.0;0.0
yf_BGS_d2;16900;ASH_COATED_OSMIUM;9964;8;9962;15;;;9975;14;9979;16;;;9969.5;0.0
yf_BGS_d2;16900;INTARIAN_PEPPER_ROOT;10201;16;10199;20;;;10207;16;10211;11;;;10204.0;0.0
yf_BGS_d2;17000;ASH_COATED_OSMIUM;9963;16;9961;17;;;9974;10;9976;12;;;9968.5;0.0
yf_BGS_d2;17000;INTARIAN_PEPPER_ROOT;10204;15;10202;13;;;10210;16;10213;30;;;10207.0;0.0
yf_BGS_d2;17100;ASH_COATED_OSMIUM;9967;14;9965;15;;;9973;9;9977;14;;;9970.0;0.0
yf_BGS_d2;17100;INTARIAN_PEPPER_ROOT;10208;17;10206;18;;;10214;6;10217;18;;;10211.0;0.0
yf_BGS_d2;17200;ASH_COATED_OSMIUM;9966;6;9962;19;;;9972;20;9974;17;;;9969.0;0.0
yf_BGS_d2;17200;INTARIAN_PEPPER_ROOT;10207;14;10205;14;;;10225;13;10228;17;;;10216.0;0.0
yf_BGS_d2;17300;ASH_COATED_OSMIUM;9962;16;9959;8;;;9977;13;9980;26;;;9969.5;0.0
yf_BGS_d2;17300;INTARIAN_PEPPER_ROOT;10217;5;10214;23;;;10223;21;10226;24;;;10220.0;0.0
yf_BGS_d2;17400;ASH_COATED_OSMIUM;9966;17;9963;18;;;9972;22;9975;14;;;9969.0;0.0
yf_BGS_d2;17400;INTARIAN_PEPPER_ROOT;10221;13;10218;24;;;10227;5;10229;22;;;10224.0;0.0
yf_BGS_d2;17500;ASH_COATED_OSMIUM;9966;9;9962;24;;;9973;14;9977;11;;;9969.5;0.0
yf_BGS_d2;17500;INTARIAN_PEPPER_ROOT;10222;13;10220;21;;;10234;10;10236;25;;;10228.0;0.0
yf_BGS_d2;17600;ASH_COATED_OSMIUM;9964;6;9961;18;;;9976;12;9978;22;;;9970.0;0.0
yf_BGS_d2;17600;INTARIAN_PEPPER_ROOT;10229;21;10226;31;;;10235;13;10238;26;;;10232.0;0.0
yf_BGS_d2;17700;ASH_COATED_OSMIUM;9967;15;9965;28;;;9973;14;9975;21;;;9970.0;0.0
yf_BGS_d2;17700;INTARIAN_PEPPER_ROOT;10234;13;10231;23;;;10240;18;10243;12;;;10237.0;0.0
yf_BGS_d2;17800;ASH_COATED_OSMIUM;9960;20;9957;17;;;9979;25;9982;17;;;9969.5;0.0
yf_BGS_d2;17800;INTARIAN_PEPPER_ROOT;10235;20;10233;12;;;10244;16;10247;15;;;10239.5;0.0
yf_BGS_d2;17900;ASH_COATED_OSMIUM;9968;21;9966;27;;;9974;11;9978;19;;;9971.0;0.0
yf_BGS_d2;17900;INTARIAN_PEPPER_ROOT;10241;17;10239;28;;;10247;21;10251;16;;;10244.0;0.0
yf_BGS_d2;18000;ASH_COATED_OSMIUM;9967;12;9964;22;;;9973;24;9975;13;;;9970.0;0.0
yf_BGS_d2;18000;INTARIAN_PEPPER_ROOT;10246;6;10243;32;;;10252;11;10254;24;;;10249.0;0.0
yf_BGS_d2;18100;ASH_COATED_OSMIUM;9967;23;9965;11;;;9973;17;9977;19;;;9970.0;0.0
yf_BGS_d2;18100;INTARIAN_PEPPER_ROOT;10249;21;10247;22;;;10255;10;10258;21;;;10252.0;0.0
yf_BGS_d2;18200;ASH_COATED_OSMIUM;9967;22;9964;18;;;9973;14;9976;15;;;9970.0;0.0
yf_BGS_d2;18200;INTARIAN_PEPPER_ROOT;10254;11;10252;16;;;10260;15;10264;27;;;10257.0;0.0
yf_BGS_d2;18300;ASH_COATED_OSMIUM;9962;12;9959;21;;;9977;8;9979;19;;;9969.5;0.0
yf_BGS_d2;18300;INTARIAN_PEPPER_ROOT;10256;13;10254;16;;;10265;12;10269;18;;;10260.5;0.0
yf_BGS_d2;18400;ASH_COATED_OSMIUM;9964;13;9961;20;;;9976;17;9979;20;;;9970.0;0.0
yf_BGS_d2;18400;INTARIAN_PEPPER_ROOT;10260;13;10257;12;;;10270;18;10272;15;;;10265.0;0.0
yf_BGS_d2;18500;ASH_COATED_OSMIUM;9962;11;9959;20;;;9977;10;9980;24;;;9969.5;0.0
yf_BGS_d2;18500;INTARIAN_PEPPER_ROOT;10266;23;10263;16;;;10272;10;10275;21;;;10269.0;0.0
yf_BGS_d2;18600;ASH_COATED_OSMIUM;9965;19;9961;22;;;9977;18;9980;24;;;9971.0;0.0
yf_BGS_d2;18600;INTARIAN_PEPPER_ROOT;10270;22;10267;12;;;10276;12;10280;16;;;10273.0;0.0
yf_BGS_d2;18700;ASH_COATED_OSMIUM;9967;15;9965;17;;;9973;15;9975;21;;;9970.0;0.0
yf_BGS_d2;18700;INTARIAN_PEPPER_ROOT;10274;12;10270;20;;;10280;19;10284;26;;;10277.0;0.0
yf_BGS_d2;18800;ASH_COATED_OSMIUM;9967;13;9963;18;;;9973;13;9976;20;;;9970.0;0.0
yf_BGS_d2;18800;INTARIAN_PEPPER_ROOT;10278;14;10274;31;;;10284;17;10288;26;;;10281.0;0.0
yf_BGS_d2;18900;ASH_COATED_OSMIUM;9967;13;9964;26;;;9973;14;9976;25;;;9970.0;0.0
yf_BGS_d2;18900;INTARIAN_PEPPER_ROOT;10283;12;10280;11;;;10289;26;10291;25;;;10286.0;0.0
yf_BGS_d2;19000;ASH_COATED_OSMIUM;9967;20;9963;25;;;9973;16;9976;18;;;9970.0;0.0
yf_BGS_d2;19000;INTARIAN_PEPPER_ROOT;10283;14;10281;18;;;10297;15;10300;18;;;10290.0;0.0
yf_BGS_d2;19100;ASH_COATED_OSMIUM;9967;13;9964;26;;;9973;10;9975;27;;;9970.0;0.0
yf_BGS_d2;19100;INTARIAN_PEPPER_ROOT;10291;22;10289;25;;;10297;13;10300;20;;;10294.0;0.0
yf_BGS_d2;19200;ASH_COATED_OSMIUM;9965;10;9961;12;;;9976;17;9980;26;;;9970.5;0.0
yf_BGS_d2;19200;INTARIAN_PEPPER_ROOT;10291;14;10289;13;;;10305;15;10307;12;;;10298.0;0.0
yf_BGS_d2;19300;ASH_COATED_OSMIUM;9968;17;9965;19;;;9974;15;9978;25;;;9971.0;0.0
yf_BGS_d2;19300;INTARIAN_PEPPER_ROOT;10299;16;10295;20;;;10305;11;10308;22;;;10302.0;0.0
yf_BGS_d2;19400;ASH_COATED_OSMIUM;9969;22;9966;17;;;9975;16;9977;23;;;9972.0;0.0
yf_BGS_d2;19400;INTARIAN_PEPPER_ROOT;10303;11;10301;26;;;10309;24;10311;19;;;10306.0;0.0
yf_BGS_d2;19500;ASH_COATED_OSMIUM;9968;14;9965;23;;;9974;17;9978;24;;;9971.0;0.0
yf_BGS_d2;19500;INTARIAN_PEPPER_ROOT;10307;13;10304;18;;;10313;23;10317;25;;;10310.0;0.0
yf_BGS_d2;19600;ASH_COATED_OSMIUM;9968;18;9966;35;;;9974;15;9976;23;;;9971.0;0.0
yf_BGS_d2;19600;INTARIAN_PEPPER_ROOT;10311;16;10309;10;;;10317;15;10319;17;;;10314.0;0.0
yf_BGS_d2;19700;ASH_COATED_OSMIUM;9968;24;9965;18;;;9974;17;9978;21;;;9971.0;0.0
yf_BGS_d2;19700;INTARIAN_PEPPER_ROOT;10316;5;10314;17;;;10322;7;10325;25;;;10319.0;0.0
yf_BGS_d2;19800;ASH_COATED_OSMIUM;9965;15;9962;16;;;9976;19;9980;16;;;9970.5;0.0
yf_BGS_d2;19800;INTARIAN_PEPPER_ROOT;10319;18;10317;21;;;10325;15;10327;22;;;10322.0;0.0
yf_BGS_d2;19900;ASH_COATED_OSMIUM;9964;9;9960;19;;;9977;11;9979;21;;;9970.5;0.0
yf_BGS_d2;19900;INTARIAN_PEPPER_ROOT;10323;13;10319;22;;;10329;17;10333;21;;;10326.0;0.0
yf_BGS_d2;20000;ASH_COATED_OSMIUM;9968;17;9966;25;;;9974;17;9977;19;;;9971.0;0.0
yf_BGS_d2;20000;INTARIAN_PEPPER_ROOT;10328;5;10326;29;;;10334;17;10337;26;;;10331.0;0.0
yf_BGS_d2;20100;ASH_COATED_OSMIUM;9968;15;9964;18;;;9974;10;9978;13;;;9971.0;0.0
yf_BGS_d2;20100;INTARIAN_PEPPER_ROOT;10332;15;10328;14;;;10338;21;10341;19;;;10335.0;0.0
yf_BGS_d2;20200;ASH_COATED_OSMIUM;9961;5;9959;24;;;9979;21;9983;25;;;9970.0;0.0
yf_BGS_d2;20200;INTARIAN_PEPPER_ROOT;10336;13;10334;16;;;10342;5;10346;22;;;10339.0;0.0
yf_BGS_d2;20300;ASH_COATED_OSMIUM;9966;15;9963;23;;;9976;19;9980;20;;;9971.0;0.0
yf_BGS_d2;20300;INTARIAN_PEPPER_ROOT;10339;14;10336;12;;;10347;16;10350;17;;;10343.0;0.0
yf_BGS_d2;20400;ASH_COATED_OSMIUM;9968;24;9965;8;;;9974;14;9977;23;;;9971.0;0.0
yf_BGS_d2;20400;INTARIAN_PEPPER_ROOT;10345;22;10342;21;;;10351;14;10355;27;;;10348.0;0.0
yf_BGS_d2;20500;ASH_COATED_OSMIUM;9965;14;9962;19;;;9976;21;9978;18;;;9970.5;0.0
yf_BGS_d2;20500;INTARIAN_PEPPER_ROOT;10344;13;10342;26;;;10360;18;10362;18;;;10352.0;0.0
yf_BGS_d2;20600;ASH_COATED_OSMIUM;9969;21;9965;26;;;9975;9;9978;14;;;9972.0;0.0
yf_BGS_d2;20600;INTARIAN_PEPPER_ROOT;10353;11;10350;24;;;10359;15;10363;12;;;10356.0;0.0
yf_BGS_d2;20700;ASH_COATED_OSMIUM;9968;15;9965;28;;;9974;19;9978;19;;;9971.0;0.0
yf_BGS_d2;20700;INTARIAN_PEPPER_ROOT;10357;9;10355;22;;;10363;15;10365;15;;;10360.0;0.0
yf_BGS_d2;20800;ASH_COATED_OSMIUM;9967;17;9964;21;;;9974;9;9978;23;;;9970.5;0.0
yf_BGS_d2;20800;INTARIAN_PEPPER_ROOT;10361;19;10357;12;;;10367;10;10369;22;;;10364.0;0.0
yf_BGS_d2;20900;ASH_COATED_OSMIUM;9969;17;9966;16;;;9975;5;9977;28;;;9972.0;0.0
yf_BGS_d2;20900;INTARIAN_PEPPER_ROOT;10357;11;10354;18;;;10380;24;10383;28;;;10368.5;0.0
yf_BGS_d2;21000;ASH_COATED_OSMIUM;9968;18;9966;18;;;9976;23;9980;13;;;9972.0;0.0
yf_BGS_d2;21000;INTARIAN_PEPPER_ROOT;10369;18;10366;8;;;10375;8;10379;22;;;10372.0;0.0
yf_BGS_d2;21100;ASH_COATED_OSMIUM;9957;14;9955;17;;;9986;8;9989;21;;;9971.5;0.0
yf_BGS_d2;21100;INTARIAN_PEPPER_ROOT;10373;17;10370;23;;;10379;14;10381;30;;;10376.0;0.0
yf_BGS_d2;21200;ASH_COATED_OSMIUM;9968;5;9964;17;;;9975;14;9977;22;;;9971.5;0.0
yf_BGS_d2;21200;INTARIAN_PEPPER_ROOT;10363;7;10361;22;;;10399;22;10403;21;;;10381.0;0.0
yf_BGS_d2;21300;ASH_COATED_OSMIUM;9966;10;9962;25;;;9977;14;9980;15;;;9971.5;0.0
yf_BGS_d2;21300;INTARIAN_PEPPER_ROOT;10382;14;10379;26;;;10388;15;10392;19;;;10385.0;0.0
yf_BGS_d2;21400;ASH_COATED_OSMIUM;9968;15;9964;24;;;9974;12;9978;20;;;9971.0;0.0
yf_BGS_d2;21400;INTARIAN_PEPPER_ROOT;10386;19;10383;19;;;10392;17;10396;13;;;10389.0;0.0
yf_BGS_d2;21500;ASH_COATED_OSMIUM;9969;18;9965;23;;;9975;14;9979;15;;;9972.0;0.0
yf_BGS_d2;21500;INTARIAN_PEPPER_ROOT;10389;12;10386;13;;;10395;16;10398;20;;;10392.0;0.0
yf_BGS_d2;21600;ASH_COATED_OSMIUM;9968;20;9966;15;;;9977;25;9981;14;;;9972.5;0.0
yf_BGS_d2;21600;INTARIAN_PEPPER_ROOT;10394;15;10391;27;;;10400;17;10404;28;;;10397.0;0.0
yf_BGS_d2;21700;ASH_COATED_OSMIUM;9959;10;9957;24;;;9984;24;9987;22;;;9971.5;0.0
yf_BGS_d2;21700;INTARIAN_PEPPER_ROOT;10398;19;10394;14;;;10404;13;10406;26;;;10401.0;0.0
yf_BGS_d2;21800;ASH_COATED_OSMIUM;9969;10;9965;18;;;9975;14;9977;19;;;9972.0;0.0
yf_BGS_d2;21800;INTARIAN_PEPPER_ROOT;10402;14;10400;20;;;10408;16;10412;14;;;10405.0;0.0
yf_BGS_d2;21900;ASH_COATED_OSMIUM;9968;20;9965;22;;;9974;23;9978;20;;;9971.0;0.0
yf_BGS_d2;21900;INTARIAN_PEPPER_ROOT;10402;15;10398;13;;;10417;10;10420;17;;;10409.5;0.0
yf_BGS_d2;22000;ASH_COATED_OSMIUM;9969;10;9966;19;;;9976;17;9980;17;;;9972.5;0.0
yf_BGS_d2;22000;INTARIAN_PEPPER_ROOT;10410;5;10406;30;;;10416;7;10418;24;;;10413.0;0.0
yf_BGS_d2;22100;ASH_COATED_OSMIUM;9969;14;9965;22;;;9975;12;9978;28;;;9972.0;0.0
yf_BGS_d2;22100;INTARIAN_PEPPER_ROOT;10414;20;10410;21;;;10420;15;10422;14;;;10417.0;0.0
yf_BGS_d2;22200;ASH_COATED_OSMIUM;9964;5;9960;12;;;9980;15;9982;21;;;9972.0;0.0
yf_BGS_d2;22200;INTARIAN_PEPPER_ROOT;10416;12;10413;13;;;10427;12;10431;21;;;10421.5;0.0
yf_BGS_d2;22300;ASH_COATED_OSMIUM;9966;20;9963;19;;;9978;15;9981;26;;;9972.0;0.0
yf_BGS_d2;22300;INTARIAN_PEPPER_ROOT;10423;12;10419;17;;;10429;12;10432;27;;;10426.0;0.0
yf_BGS_d2;22400;ASH_COATED_OSMIUM;9968;17;9965;8;;;9977;8;9980;24;;;9972.5;0.0
yf_BGS_d2;22400;INTARIAN_PEPPER_ROOT;10422;16;10419;16;;;10437;13;10440;9;;;10429.5;0.0
yf_BGS_d2;22500;ASH_COATED_OSMIUM;9969;24;9967;17;;;9975;20;9978;12;;;9972.0;0.0
yf_BGS_d2;22500;INTARIAN_PEPPER_ROOT;10431;26;10428;17;;;10437;13;10440;15;;;10434.0;0.0
yf_BGS_d2;22600;ASH_COATED_OSMIUM;9970;18;9966;20;;;9976;17;9978;13;;;9973.0;0.0
yf_BGS_d2;22600;INTARIAN_PEPPER_ROOT;10433;17;10431;15;;;10444;19;10447;17;;;10438.5;0.0
yf_BGS_d2;22700;ASH_COATED_OSMIUM;9969;8;9966;16;;;9975;14;9978;27;;;9972.0;0.0
yf_BGS_d2;22700;INTARIAN_PEPPER_ROOT;10438;16;10436;8;;;10446;13;10449;20;;;10442.0;0.0
yf_BGS_d2;22800;ASH_COATED_OSMIUM;9968;21;9966;19;;;9978;15;9982;14;;;9973.0;0.0
yf_BGS_d2;22800;INTARIAN_PEPPER_ROOT;10443;11;10441;24;;;10449;14;10453;15;;;10446.0;0.0
yf_BGS_d2;22900;ASH_COATED_OSMIUM;9970;22;9968;15;;;9976;13;9979;25;;;9973.0;0.0
yf_BGS_d2;22900;INTARIAN_PEPPER_ROOT;10447;5;10445;21;;;10453;10;10456;23;;;10450.0;0.0
yf_BGS_d2;23000;ASH_COATED_OSMIUM;9969;12;9966;29;;;9975;15;9979;25;;;9972.0;0.0
yf_BGS_d2;23000;INTARIAN_PEPPER_ROOT;10444;19;10442;20;;;10465;15;10467;23;;;10454.5;0.0
yf_BGS_d2;23100;ASH_COATED_OSMIUM;9959;15;9957;24;;;9987;15;9989;16;;;9973.0;0.0
yf_BGS_d2;23100;INTARIAN_PEPPER_ROOT;10455;15;10451;20;;;10462;6;10466;18;;;10458.5;0.0
yf_BGS_d2;23200;ASH_COATED_OSMIUM;9970;15;9966;17;;;9976;14;9978;23;;;9973.0;0.0
yf_BGS_d2;23200;INTARIAN_PEPPER_ROOT;10459;17;10456;20;;;10465;15;10468;17;;;10462.0;0.0
yf_BGS_d2;23300;ASH_COATED_OSMIUM;9969;18;9967;27;;;9975;15;9979;21;;;9972.0;0.0
yf_BGS_d2;23300;INTARIAN_PEPPER_ROOT;10464;10;10461;17;;;10470;10;10473;23;;;10467.0;0.0
yf_BGS_d2;23400;ASH_COATED_OSMIUM;9967;11;9963;19;;;9979;17;9982;24;;;9973.0;0.0
yf_BGS_d2;23400;INTARIAN_PEPPER_ROOT;10467;16;10464;14;;;10473;14;10477;16;;;10470.0;0.0
yf_BGS_d2;23500;ASH_COATED_OSMIUM;9965;8;9963;14;;;9981;12;9985;12;;;9973.0;0.0
yf_BGS_d2;23500;INTARIAN_PEPPER_ROOT;10472;13;10468;22;;;10478;19;10482;24;;;10475.0;0.0
yf_BGS_d2;23600;ASH_COATED_OSMIUM;9970;13;9967;26;;;9976;19;9978;25;;;9973.0;0.0
yf_BGS_d2;23600;INTARIAN_PEPPER_ROOT;10476;17;10473;17;;;10482;15;10486;25;;;10479.0;0.0
yf_BGS_d2;23700;ASH_COATED_OSMIUM;9968;17;9964;16;;;9977;19;9980;20;;;9972.5;0.0
yf_BGS_d2;23700;INTARIAN_PEPPER_ROOT;10480;9;10476;18;;;10486;21;10490;18;;;10483.0;0.0
yf_BGS_d2;23800;ASH_COATED_OSMIUM;9970;8;9968;16;;;9976;19;9978;34;;;9973.0;0.0
yf_BGS_d2;23800;INTARIAN_PEPPER_ROOT;10482;7;10479;22;;;10493;23;10497;24;;;10487.5;0.0
yf_BGS_d2;23900;ASH_COATED_OSMIUM;9970;19;9967;21;;;9976;10;9978;18;;;9973.0;0.0
yf_BGS_d2;23900;INTARIAN_PEPPER_ROOT;10489;16;10487;10;;;10495;12;10498;14;;;10492.0;0.0
yf_BGS_d2;24000;ASH_COATED_OSMIUM;9964;5;9962;24;;;9983;5;9986;11;;;9973.5;0.0
yf_BGS_d2;24000;INTARIAN_PEPPER_ROOT;10493;20;10490;29;;;10499;15;10503;21;;;10496.0;0.0
yf_BGS_d2;24100;ASH_COATED_OSMIUM;9969;8;9966;17;;;9976;6;9978;24;;;9972.5;0.0
yf_BGS_d2;24100;INTARIAN_PEPPER_ROOT;10495;18;10492;30;;;10504;13;10507;18;;;10499.5;0.0
yf_BGS_d2;24200;ASH_COATED_OSMIUM;9969;10;9967;22;;;9975;17;9978;18;;;9972.0;0.0
yf_BGS_d2;24200;INTARIAN_PEPPER_ROOT;10501;14;10497;18;;;10508;15;10512;16;;;10504.5;0.0
yf_BGS_d2;24300;ASH_COATED_OSMIUM;9970;15;9967;14;;;9976;16;9978;22;;;9973.0;0.0
yf_BGS_d2;24300;INTARIAN_PEPPER_ROOT;10506;15;10503;12;;;10512;18;10516;14;;;10509.0;0.0
yf_BGS_d2;24400;ASH_COATED_OSMIUM;9970;16;9967;25;;;9976;7;9979;22;;;9973.0;0.0
yf_BGS_d2;24400;INTARIAN_PEPPER_ROOT;10509;14;10505;16;;;10515;18;10517;14;;;10512.0;0.0
yf_BGS_d2;24500;ASH_COATED_OSMIUM;9970;5;9967;25;;;9976;14;9980;18;;;9973.0;0.0
yf_BGS_d2;24500;INTARIAN_PEPPER_ROOT;10513;22;10510;21;;;10519;7;10522;25;;;10516.0;0.0
yf_BGS_d2;24600;ASH_COATED_OSMIUM;9969;20;9966;23;;;9977;15;9980;20;;;9973.0;0.0
yf_BGS_d2;24600;INTARIAN_PEPPER_ROOT;10508;24;10504;33;;;10534;19;10536;23;;;10521.0;0.0
yf_BGS_d2;24700;ASH_COATED_OSMIUM;9970;22;9968;13;;;9976;6;9980;24;;;9973.0;0.0
yf_BGS_d2;24700;INTARIAN_PEPPER_ROOT;10508;22;10506;28;;;10542;11;10546;15;;;10525.0;0.0
yf_BGS_d2;24800;ASH_COATED_OSMIUM;9964;17;9962;17;;;9982;21;9986;22;;;9973.0;0.0
yf_BGS_d2;24800;INTARIAN_PEPPER_ROOT;10526;15;10524;16;;;10532;18;10535;24;;;10529.0;0.0
yf_BGS_d2;24900;ASH_COATED_OSMIUM;9970;14;9967;20;;;9976;22;9979;28;;;9973.0;0.0
yf_BGS_d2;24900;INTARIAN_PEPPER_ROOT;10524;13;10520;18;;;10542;12;10545;22;;;10533.0;0.0
yf_BGS_d2;25000;ASH_COATED_OSMIUM;9970;26;9966;20;;;9976;17;9979;19;;;9973.0;0.0
yf_BGS_d2;25000;INTARIAN_PEPPER_ROOT;10534;18;10532;15;;;10540;18;10543;22;;;10537.0;0.0
yf_BGS_d2;25100;ASH_COATED_OSMIUM;9971;17;9968;25;;;9977;11;9980;21;;;9974.0;0.0
yf_BGS_d2;25100;INTARIAN_PEPPER_ROOT;10538;11;10534;16;;;10545;18;10549;27;;;10541.5;0.0
yf_BGS_d2;25200;ASH_COATED_OSMIUM;9970;18;9966;10;;;9976;15;9980;16;;;9973.0;0.0
yf_BGS_d2;25200;INTARIAN_PEPPER_ROOT;10534;19;10530;28;;;10556;17;10560;17;;;10545.0;0.0
yf_BGS_d2;25300;ASH_COATED_OSMIUM;9970;21;9966;22;;;9976;16;9979;25;;;9973.0;0.0
yf_BGS_d2;25300;INTARIAN_PEPPER_ROOT;10546;11;10544;15;;;10554;21;10556;24;;;10550.0;0.0
yf_BGS_d2;25400;ASH_COATED_OSMIUM;9971;15;9967;17;;;9977;19;9981;14;;;9974.0;0.0
yf_BGS_d2;25400;INTARIAN_PEPPER_ROOT;10550;13;10548;16;;;10556;21;10559;21;;;10553.0;0.0
yf_BGS_d2;25500;ASH_COATED_OSMIUM;9971;8;9968;14;;;9977;10;9979;17;;;9974.0;0.0
yf_BGS_d2;25500;INTARIAN_PEPPER_ROOT;10552;23;10550;29;;;10563;17;10566;21;;;10557.5;0.0
yf_BGS_d2;25600;ASH_COATED_OSMIUM;9970;12;9966;17;;;9976;13;9978;22;;;9973.0;0.0
yf_BGS_d2;25600;INTARIAN_PEPPER_ROOT;10559;14;10556;12;;;10565;6;10568;12;;;10562.0;0.0
yf_BGS_d2;25700;ASH_COATED_OSMIUM;9971;5;9969;16;;;9977;8;9979;24;;;9974.0;0.0
yf_BGS_d2;25700;INTARIAN_PEPPER_ROOT;10562;26;10560;14;;;10570;19;10574;12;;;10566.0;0.0
yf_BGS_d2;25800;ASH_COATED_OSMIUM;9964;12;9960;14;;;9985;16;9988;12;;;9974.5;0.0
yf_BGS_d2;25800;INTARIAN_PEPPER_ROOT;10567;21;10564;19;;;10573;9;10575;32;;;10570.0;0.0
yf_BGS_d2;25900;ASH_COATED_OSMIUM;9971;11;9968;19;;;9977;9;9980;13;;;9974.0;0.0
yf_BGS_d2;25900;INTARIAN_PEPPER_ROOT;10571;20;10567;16;;;10577;12;10579;8;;;10574.0;0.0
yf_BGS_d2;26000;ASH_COATED_OSMIUM;9971;12;9968;12;;;9977;21;9980;23;;;9974.0;0.0
yf_BGS_d2;26000;INTARIAN_PEPPER_ROOT;10575;21;10573;27;;;10581;13;10584;16;;;10578.0;0.0
yf_BGS_d2;26100;ASH_COATED_OSMIUM;9971;19;9969;22;;;9977;10;9979;29;;;9974.0;0.0
yf_BGS_d2;26100;INTARIAN_PEPPER_ROOT;10579;10;10575;8;;;10585;6;10589;28;;;10582.0;0.0
yf_BGS_d2;26200;ASH_COATED_OSMIUM;9961;20;9957;16;;;9987;12;9991;22;;;9974.0;0.0
yf_BGS_d2;26200;INTARIAN_PEPPER_ROOT;10583;19;10580;18;;;10589;12;10593;23;;;10586.0;0.0
yf_BGS_d2;26300;ASH_COATED_OSMIUM;9966;23;9964;17;;;9983;12;9985;20;;;9974.5;0.0
yf_BGS_d2;26300;INTARIAN_PEPPER_ROOT;10587;24;10584;19;;;10593;11;10596;21;;;10590.0;0.0
yf_BGS_d2;26400;ASH_COATED_OSMIUM;9958;18;9956;22;;;9990;20;9993;17;;;9974.0;0.0
yf_BGS_d2;26400;INTARIAN_PEPPER_ROOT;10592;23;10590;29;;;10598;7;10600;27;;;10595.0;0.0
yf_BGS_d2;26500;ASH_COATED_OSMIUM;9965;14;9962;28;;;9983;24;9986;27;;;9974.0;0.0
yf_BGS_d2;26500;INTARIAN_PEPPER_ROOT;10594;15;10591;19;;;10604;18;10608;21;;;10599.0;0.0
yf_BGS_d2;26600;ASH_COATED_OSMIUM;9970;15;9966;18;;;9976;13;9978;10;;;9973.0;0.0
yf_BGS_d2;26600;INTARIAN_PEPPER_ROOT;10600;23;10597;18;;;10606;20;10610;22;;;10603.0;0.0
yf_BGS_d2;26700;ASH_COATED_OSMIUM;9971;8;9969;23;;;9977;19;9979;17;;;9974.0;0.0
yf_BGS_d2;26700;INTARIAN_PEPPER_ROOT;10604;20;10601;22;;;10610;18;10613;22;;;10607.0;0.0
yf_BGS_d2;26800;ASH_COATED_OSMIUM;9968;14;9966;18;;;9982;8;9986;23;;;9975.0;0.0
yf_BGS_d2;26800;INTARIAN_PEPPER_ROOT;10608;20;10604;14;;;10614;18;10616;19;;;10611.0;0.0
yf_BGS_d2;26900;ASH_COATED_OSMIUM;9971;16;9968;14;;;9977;11;9981;28;;;9974.0;0.0
yf_BGS_d2;26900;INTARIAN_PEPPER_ROOT;10612;17;10609;17;;;10618;20;10622;13;;;10615.0;0.0
yf_BGS_d2;27000;ASH_COATED_OSMIUM;9971;12;9968;19;;;9977;16;9980;22;;;9974.0;0.0
yf_BGS_d2;27000;INTARIAN_PEPPER_ROOT;10617;24;10615;24;;;10623;5;10627;13;;;10620.0;0.0
yf_BGS_d2;27100;ASH_COATED_OSMIUM;9971;8;9968;19;;;9977;13;9980;16;;;9974.0;0.0
yf_BGS_d2;27100;INTARIAN_PEPPER_ROOT;10621;13;10617;17;;;10627;11;10631;15;;;10624.0;0.0
yf_BGS_d2;27200;ASH_COATED_OSMIUM;9965;7;9962;25;;;9985;15;9987;26;;;9975.0;0.0
yf_BGS_d2;27200;INTARIAN_PEPPER_ROOT;10625;15;10622;20;;;10631;22;10634;23;;;10628.0;0.0
yf_BGS_d2;27300;ASH_COATED_OSMIUM;9971;17;9969;25;;;9977;11;9980;14;;;9974.0;0.0
yf_BGS_d2;27300;INTARIAN_PEPPER_ROOT;10629;21;10627;27;;;10635;18;10639;17;;;10632.0;0.0
yf_BGS_d2;27400;ASH_COATED_OSMIUM;9971;22;9969;24;;;9979;9;9983;16;;;9975.0;0.0
yf_BGS_d2;27400;INTARIAN_PEPPER_ROOT;10633;13;10631;8;;;10639;11;10642;19;;;10636.0;0.0
yf_BGS_d2;27500;ASH_COATED_OSMIUM;9969;16;9965;26;;;9980;9;9982;20;;;9974.5;0.0
yf_BGS_d2;27500;INTARIAN_PEPPER_ROOT;10636;14;10633;19;;;10644;8;10648;17;;;10640.0;0.0
yf_BGS_d2;27600;ASH_COATED_OSMIUM;9972;13;9969;30;;;9978;11;9981;23;;;9975.0;0.0
yf_BGS_d2;27600;INTARIAN_PEPPER_ROOT;10641;28;10638;26;;;10647;12;10650;23;;;10644.0;0.0
yf_BGS_d2;27700;ASH_COATED_OSMIUM;9970;13;9968;25;;;9980;11;9983;14;;;9975.0;0.0
yf_BGS_d2;27700;INTARIAN_PEPPER_ROOT;10646;12;10643;25;;;10652;12;10655;22;;;10649.0;0.0
yf_BGS_d2;27800;ASH_COATED_OSMIUM;9972;5;9968;28;;;9978;7;9980;12;;;9975.0;0.0
yf_BGS_d2;27800;INTARIAN_PEPPER_ROOT;10649;16;10646;30;;;10655;11;10657;18;;;10652.0;0.0
yf_BGS_d2;27900;ASH_COATED_OSMIUM;9966;19;9963;17;;;9985;13;9989;17;;;9975.5;0.0
yf_BGS_d2;27900;INTARIAN_PEPPER_ROOT;10649;14;10646;19;;;10663;13;10666;28;;;10656.0;0.0
yf_BGS_d2;28000;ASH_COATED_OSMIUM;9969;19;9965;13;;;9981;15;9985;19;;;9975.0;0.0
yf_BGS_d2;28000;INTARIAN_PEPPER_ROOT;10655;14;10651;11;;;10667;18;10670;21;;;10661.0;0.0
yf_BGS_d2;28100;ASH_COATED_OSMIUM;9972;16;9969;24;;;9978;16;9981;23;;;9975.0;0.0
yf_BGS_d2;28100;INTARIAN_PEPPER_ROOT;10658;18;10654;8;;;10672;6;10675;21;;;10665.0;0.0
yf_BGS_d2;28200;ASH_COATED_OSMIUM;9972;14;9968;31;;;9978;12;9980;18;;;9975.0;0.0
yf_BGS_d2;28200;INTARIAN_PEPPER_ROOT;10666;12;10662;18;;;10672;5;10675;20;;;10669.0;0.0
yf_BGS_d2;28300;ASH_COATED_OSMIUM;9972;17;9970;12;;;9978;10;9981;20;;;9975.0;0.0
yf_BGS_d2;28300;INTARIAN_PEPPER_ROOT;10671;12;10667;26;;;10677;25;10679;20;;;10674.0;0.0
yf_BGS_d2;28400;ASH_COATED_OSMIUM;9972;11;9968;18;;;9978;11;9981;28;;;9975.0;0.0
yf_BGS_d2;28400;INTARIAN_PEPPER_ROOT;10673;19;10671;16;;;10681;14;10685;18;;;10677.0;0.0
yf_BGS_d2;28500;ASH_COATED_OSMIUM;9972;12;9969;24;;;9979;17;9983;34;;;9975.5;0.0
yf_BGS_d2;28500;INTARIAN_PEPPER_ROOT;10679;13;10676;18;;;10685;14;10689;24;;;10682.0;0.0
yf_BGS_d2;28600;ASH_COATED_OSMIUM;9972;13;9968;12;;;9978;10;9980;22;;;9975.0;0.0
yf_BGS_d2;28600;INTARIAN_PEPPER_ROOT;10682;15;10678;20;;;10689;16;10693;33;;;10685.5;0.0
yf_BGS_d2;28700;ASH_COATED_OSMIUM;9972;17;9970;15;;;9978;21;9982;10;;;9975.0;0.0
yf_BGS_d2;28700;INTARIAN_PEPPER_ROOT;10686;12;10684;16;;;10694;14;10697;25;;;10690.0;0.0
yf_BGS_d2;28800;ASH_COATED_OSMIUM;9968;14;9965;19;;;9981;20;9983;20;;;9974.5;0.0
yf_BGS_d2;28800;INTARIAN_PEPPER_ROOT;10687;18;10684;20;;;10700;18;10702;19;;;10693.5;0.0
yf_BGS_d2;28900;ASH_COATED_OSMIUM;9973;19;9970;25;;;9979;24;9983;19;;;9976.0;0.0
yf_BGS_d2;28900;INTARIAN_PEPPER_ROOT;10695;16;10693;23;;;10701;11;10704;19;;;10698.0;0.0
yf_BGS_d2;29000;ASH_COATED_OSMIUM;9972;18;9968;19;;;9979;17;9982;16;;;9975.5;0.0
yf_BGS_d2;29000;INTARIAN_PEPPER_ROOT;10693;22;10689;22;;;10711;15;10713;27;;;10702.0;0.0
yf_BGS_d2;29100;ASH_COATED_OSMIUM;9972;9;9970;15;;;9978;10;9980;21;;;9975.0;0.0
yf_BGS_d2;29100;INTARIAN_PEPPER_ROOT;10703;13;10701;30;;;10709;9;10712;19;;;10706.0;0.0
yf_BGS_d2;29200;ASH_COATED_OSMIUM;9973;25;9971;15;;;9979;11;9983;21;;;9976.0;0.0
yf_BGS_d2;29200;INTARIAN_PEPPER_ROOT;10703;11;10700;16;;;10717;5;10720;17;;;10710.0;0.0
yf_BGS_d2;29300;ASH_COATED_OSMIUM;9973;15;9971;17;;;9979;17;9983;20;;;9976.0;0.0
yf_BGS_d2;29300;INTARIAN_PEPPER_ROOT;10708;20;10704;11;;;10721;19;10725;16;;;10714.5;0.0
yf_BGS_d2;29400;ASH_COATED_OSMIUM;9971;18;9969;15;;;9981;10;9983;13;;;9976.0;0.0
yf_BGS_d2;29400;INTARIAN_PEPPER_ROOT;10708;5;10704;21;;;10728;17;10731;19;;;10718.0;0.0
yf_BGS_d2;29500;ASH_COATED_OSMIUM;9973;17;9970;22;;;9980;11;9984;22;;;9976.5;0.0
yf_BGS_d2;29500;INTARIAN_PEPPER_ROOT;10704;14;10702;11;;;10741;5;10744;17;;;10722.5;0.0
yf_BGS_d2;29600;ASH_COATED_OSMIUM;9973;10;9971;19;;;9979;18;9982;23;;;9976.0;0.0
yf_BGS_d2;29600;INTARIAN_PEPPER_ROOT;10723;21;10721;16;;;10729;26;10733;22;;;10726.0;0.0
yf_BGS_d2;29700;ASH_COATED_OSMIUM;9973;18;9971;19;;;9979;9;9981;17;;;9976.0;0.0
yf_BGS_d2;29700;INTARIAN_PEPPER_ROOT;10714;20;10711;16;;;10747;19;10750;24;;;10730.5;0.0
yf_BGS_d2;29800;ASH_COATED_OSMIUM;9973;5;9969;8;;;9979;16;9981;25;;;9976.0;0.0
yf_BGS_d2;29800;INTARIAN_PEPPER_ROOT;10732;18;10729;16;;;10738;14;10741;19;;;10735.0;0.0
yf_BGS_d2;29900;ASH_COATED_OSMIUM;9972;14;9968;18;;;9980;16;9983;20;;;9976.0;0.0
yf_BGS_d2;29900;INTARIAN_PEPPER_ROOT;10735;13;10731;16;;;10742;15;10746;21;;;10738.5;0.0
yf_BGS_d2;30000;ASH_COATED_OSMIUM;9971;22;9968;11;;;9981;14;9983;13;;;9976.0;0.0
yf_BGS_d2;30000;INTARIAN_PEPPER_ROOT;10738;18;10736;31;;;10748;19;10750;16;;;10743.0;0.0
yf_BGS_d2;30100;ASH_COATED_OSMIUM;9973;18;9969;18;;;9979;14;9981;13;;;9976.0;0.0
yf_BGS_d2;30100;INTARIAN_PEPPER_ROOT;10744;24;10741;21;;;10750;19;10754;11;;;10747.0;0.0
yf_BGS_d2;30200;ASH_COATED_OSMIUM;9973;13;9971;18;;;9979;10;9982;18;;;9976.0;0.0
yf_BGS_d2;30200;INTARIAN_PEPPER_ROOT;10748;13;10745;20;;;10755;12;10758;17;;;10751.5;0.0
yf_BGS_d2;30300;ASH_COATED_OSMIUM;9973;20;9971;23;;;9979;6;9983;21;;;9976.0;0.0
yf_BGS_d2;30300;INTARIAN_PEPPER_ROOT;10753;14;10749;22;;;10759;12;10762;15;;;10756.0;0.0
yf_BGS_d2;30400;ASH_COATED_OSMIUM;9972;26;9968;16;;;9980;18;9984;15;;;9976.0;0.0
yf_BGS_d2;30400;INTARIAN_PEPPER_ROOT;10756;15;10752;19;;;10762;15;10766;20;;;10759.0;0.0
yf_BGS_d2;30500;ASH_COATED_OSMIUM;9973;25;9969;29;;;9979;10;9983;14;;;9976.0;0.0
yf_BGS_d2;30500;INTARIAN_PEPPER_ROOT;10761;5;10758;21;;;10767;15;10771;25;;;10764.0;0.0
yf_BGS_d2;30600;ASH_COATED_OSMIUM;9974;15;9971;25;;;9980;14;9983;16;;;9977.0;0.0
yf_BGS_d2;30600;INTARIAN_PEPPER_ROOT;10765;17;10762;14;;;10771;16;10775;22;;;10768.0;0.0
yf_BGS_d2;30700;ASH_COATED_OSMIUM;9969;18;9965;27;;;9984;14;9987;18;;;9976.5;0.0
yf_BGS_d2;30700;INTARIAN_PEPPER_ROOT;10769;13;10766;25;;;10775;11;10778;16;;;10772.0;0.0
yf_BGS_d2;30800;ASH_COATED_OSMIUM;9966;17;9964;20;;;9988;16;9990;26;;;9977.0;0.0
yf_BGS_d2;30800;INTARIAN_PEPPER_ROOT;10769;9;10767;13;;;10784;11;10787;19;;;10776.5;0.0
yf_BGS_d2;30900;ASH_COATED_OSMIUM;9973;14;9971;19;;;9979;5;9982;22;;;9976.0;0.0
yf_BGS_d2;30900;INTARIAN_PEPPER_ROOT;10777;10;10773;11;;;10783;17;10787;29;;;10780.0;0.0
yf_BGS_d2;31000;ASH_COATED_OSMIUM;9971;18;9969;23;;;9982;12;9985;23;;;9976.5;0.0
yf_BGS_d2;31000;INTARIAN_PEPPER_ROOT;10782;22;10779;24;;;10788;10;10790;24;;;10785.0;0.0
yf_BGS_d2;31100;ASH_COATED_OSMIUM;9974;17;9971;14;;;9980;10;9984;18;;;9977.0;0.0
yf_BGS_d2;31100;INTARIAN_PEPPER_ROOT;10786;10;10782;17;;;10792;16;10796;22;;;10789.0;0.0
yf_BGS_d2;31200;ASH_COATED_OSMIUM;9974;19;9972;22;;;9980;15;9983;21;;;9977.0;0.0
yf_BGS_d2;31200;INTARIAN_PEPPER_ROOT;10783;21;10781;21;;;10803;16;10805;8;;;10793.0;0.0
yf_BGS_d2;31300;ASH_COATED_OSMIUM;9969;16;9965;19;;;9984;6;9988;25;;;9976.5;0.0
yf_BGS_d2;31300;INTARIAN_PEPPER_ROOT;10787;11;10783;24;;;10808;17;10811;24;;;10797.5;0.0
yf_BGS_d2;31400;ASH_COATED_OSMIUM;9973;15;9970;11;;;9981;10;9983;14;;;9977.0;0.0
yf_BGS_d2;31400;INTARIAN_PEPPER_ROOT;10798;11;10795;10;;;10804;14;10806;24;;;10801.0;0.0
yf_BGS_d2;31500;ASH_COATED_OSMIUM;9970;11;9966;19;;;9984;26;9987;15;;;9977.0;0.0
yf_BGS_d2;31500;INTARIAN_PEPPER_ROOT;10802;10;10800;23;;;10808;10;10812;22;;;10805.0;0.0
yf_BGS_d2;31600;ASH_COATED_OSMIUM;9974;14;9971;8;;;9980;9;9984;8;;;9977.0;0.0
yf_BGS_d2;31600;INTARIAN_PEPPER_ROOT;10807;18;10804;17;;;10813;10;10816;22;;;10810.0;0.0
yf_BGS_d2;31700;ASH_COATED_OSMIUM;9964;14;9962;29;;;9989;14;9992;21;;;9976.5;0.0
yf_BGS_d2;31700;INTARIAN_PEPPER_ROOT;10810;27;10808;19;;;10817;11;10820;20;;;10813.5;0.0
yf_BGS_d2;31800;ASH_COATED_OSMIUM;9974;12;9971;23;;;9980;28;9982;22;;;9977.0;0.0
yf_BGS_d2;31800;INTARIAN_PEPPER_ROOT;10812;8;10808;11;;;10821;17;10823;16;;;10816.5;0.0
yf_BGS_d2;31900;ASH_COATED_OSMIUM;9974;19;9972;20;;;9980;14;9984;16;;;9977.0;0.0
yf_BGS_d2;31900;INTARIAN_PEPPER_ROOT;10817;13;10813;15;;;10827;12;10829;21;;;10822.0;0.0
yf_BGS_d2;32000;ASH_COATED_OSMIUM;9974;7;9971;32;;;9980;14;9984;24;;;9977.0;0.0
yf_BGS_d2;32000;INTARIAN_PEPPER_ROOT;10823;15;10820;19;;;10829;13;10831;12;;;10826.0;0.0
yf_BGS_d2;32100;ASH_COATED_OSMIUM;9974;17;9971;21;;;9980;5;9983;20;;;9977.0;0.0
yf_BGS_d2;32100;INTARIAN_PEPPER_ROOT;10822;15;10820;15;;;10838;20;10841;16;;;10830.0;0.0
yf_BGS_d2;32200;ASH_COATED_OSMIUM;9974;13;9971;14;;;9980;23;9984;24;;;9977.0;0.0
yf_BGS_d2;32200;INTARIAN_PEPPER_ROOT;10831;10;10828;20;;;10837;11;10841;22;;;10834.0;0.0
yf_BGS_d2;32300;ASH_COATED_OSMIUM;9969;13;9967;22;;;9985;14;9989;26;;;9977.0;0.0
yf_BGS_d2;32300;INTARIAN_PEPPER_ROOT;10833;14;10829;20;;;10843;11;10845;11;;;10838.0;0.0
yf_BGS_d2;32400;ASH_COATED_OSMIUM;9970;14;9967;23;;;9985;25;9988;25;;;9977.5;0.0
yf_BGS_d2;32400;INTARIAN_PEPPER_ROOT;10839;9;10836;19;;;10845;15;10849;27;;;10842.0;0.0
yf_BGS_d2;32500;ASH_COATED_OSMIUM;9971;17;9967;25;;;9984;19;9987;14;;;9977.5;0.0
yf_BGS_d2;32500;INTARIAN_PEPPER_ROOT;10844;16;10841;22;;;10850;12;10852;18;;;10847.0;0.0
yf_BGS_d2;32600;ASH_COATED_OSMIUM;9972;12;9969;15;;;9982;16;9985;18;;;9977.0;0.0
yf_BGS_d2;32600;INTARIAN_PEPPER_ROOT;10839;12;10836;22;;;10861;14;10863;15;;;10850.0;0.0
yf_BGS_d2;32700;ASH_COATED_OSMIUM;9974;11;9971;16;;;9980;18;9984;21;;;9977.0;0.0
yf_BGS_d2;32700;INTARIAN_PEPPER_ROOT;10851;20;10848;24;;;10858;15;10862;20;;;10854.5;0.0
yf_BGS_d2;32800;ASH_COATED_OSMIUM;9973;16;9971;12;;;9981;13;9985;21;;;9977.0;0.0
yf_BGS_d2;32800;INTARIAN_PEPPER_ROOT;10856;15;10854;29;;;10862;19;10864;21;;;10859.0;0.0
yf_BGS_d2;32900;ASH_COATED_OSMIUM;9975;8;9971;26;;;9981;10;9983;21;;;9978.0;0.0
yf_BGS_d2;32900;INTARIAN_PEPPER_ROOT;10860;7;10858;16;;;10866;11;10868;16;;;10863.0;0.0
yf_BGS_d2;33000;ASH_COATED_OSMIUM;9975;19;9972;21;;;9981;12;9983;22;;;9978.0;0.0
yf_BGS_d2;33000;INTARIAN_PEPPER_ROOT;10864;5;10861;24;;;10870;14;10874;15;;;10867.0;0.0
yf_BGS_d2;33100;ASH_COATED_OSMIUM;9975;16;9973;23;;;9981;8;9985;20;;;9978.0;0.0
yf_BGS_d2;33100;INTARIAN_PEPPER_ROOT;10868;11;10864;21;;;10874;10;10877;23;;;10871.0;0.0
yf_BGS_d2;33200;ASH_COATED_OSMIUM;9975;20;9972;26;;;9981;8;9985;19;;;9978.0;0.0
yf_BGS_d2;33200;INTARIAN_PEPPER_ROOT;10865;21;10862;31;;;10885;15;10888;11;;;10875.0;0.0
yf_BGS_d2;33300;ASH_COATED_OSMIUM;9975;10;9972;23;;;9981;16;9983;14;;;9978.0;0.0
yf_BGS_d2;33300;INTARIAN_PEPPER_ROOT;10874;5;10871;21;;;10884;16;10888;16;;;10879.0;0.0
yf_BGS_d2;33400;ASH_COATED_OSMIUM;9969;16;9967;11;;;9987;23;9991;11;;;9978.0;0.0
yf_BGS_d2;33400;INTARIAN_PEPPER_ROOT;10881;15;10879;24;;;10887;17;10891;21;;;10884.0;0.0
yf_BGS_d2;33500;ASH_COATED_OSMIUM;9975;15;9973;22;;;9981;7;9983;20;;;9978.0;0.0
yf_BGS_d2;33500;INTARIAN_PEPPER_ROOT;10884;21;10880;16;;;10890;6;10894;14;;;10887.0;0.0
yf_BGS_d2;33600;ASH_COATED_OSMIUM;9973;16;9969;14;;;9983;13;9985;15;;;9978.0;0.0
yf_BGS_d2;33600;INTARIAN_PEPPER_ROOT;10889;5;10886;20;;;10895;19;10899;18;;;10892.0;0.0
yf_BGS_d2;33700;ASH_COATED_OSMIUM;9976;24;9972;16;;;9982;24;9986;15;;;9979.0;0.0
yf_BGS_d2;33700;INTARIAN_PEPPER_ROOT;10891;23;10887;17;;;10900;17;10904;17;;;10895.5;0.0
yf_BGS_d2;33800;ASH_COATED_OSMIUM;9973;24;9971;27;;;9984;17;9988;22;;;9978.5;0.0
yf_BGS_d2;33800;INTARIAN_PEPPER_ROOT;10896;13;10892;19;;;10904;14;10907;18;;;10900.0;0.0
yf_BGS_d2;33900;ASH_COATED_OSMIUM;9972;14;9969;13;;;9985;19;9988;18;;;9978.5;0.0
yf_BGS_d2;33900;INTARIAN_PEPPER_ROOT;10901;17;10899;25;;;10907;9;10909;24;;;10904.0;0.0
yf_BGS_d2;34000;ASH_COATED_OSMIUM;9973;14;9970;18;;;9984;9;9987;18;;;9978.5;0.0
yf_BGS_d2;34000;INTARIAN_PEPPER_ROOT;10901;18;10898;18;;;10915;9;10919;23;;;10908.0;0.0
yf_BGS_d2;34100;ASH_COATED_OSMIUM;9975;14;9973;24;;;9981;8;9983;12;;;9978.0;0.0
yf_BGS_d2;34100;INTARIAN_PEPPER_ROOT;10909;18;10907;19;;;10915;6;10917;25;;;10912.0;0.0
yf_BGS_d2;34200;ASH_COATED_OSMIUM;9974;15;9970;21;;;9980;12;9982;17;;;9977.0;0.0
yf_BGS_d2;34200;INTARIAN_PEPPER_ROOT;10912;30;10909;23;;;10918;25;10922;26;;;10915.0;0.0
yf_BGS_d2;34300;ASH_COATED_OSMIUM;9974;13;9972;19;;;9980;15;9982;19;;;9977.0;0.0
yf_BGS_d2;34300;INTARIAN_PEPPER_ROOT;10916;17;10913;18;;;10922;8;10924;20;;;10919.0;0.0
yf_BGS_d2;34400;ASH_COATED_OSMIUM;9974;16;9971;20;;;9980;11;9984;22;;;9977.0;0.0
yf_BGS_d2;34400;INTARIAN_PEPPER_ROOT;10920;14;10918;24;;;10926;11;10930;17;;;10923.0;0.0
yf_BGS_d2;34500;ASH_COATED_OSMIUM;9973;17;9969;23;;;9982;22;9984;26;;;9977.5;0.0
yf_BGS_d2;34500;INTARIAN_PEPPER_ROOT;10919;12;10916;19;;;10936;19;10938;13;;;10927.5;0.0
yf_BGS_d2;34600;ASH_COATED_OSMIUM;9970;7;9966;14;;;9984;7;9987;17;;;9977.0;0.0
yf_BGS_d2;34600;INTARIAN_PEPPER_ROOT;10927;16;10923;22;;;10933;11;10937;28;;;10930.0;0.0
yf_BGS_d2;34700;ASH_COATED_OSMIUM;9975;7;9973;19;;;9981;10;9984;17;;;9978.0;0.0
yf_BGS_d2;34700;INTARIAN_PEPPER_ROOT;10931;15;10929;18;;;10937;12;10939;12;;;10934.0;0.0
yf_BGS_d2;34800;ASH_COATED_OSMIUM;9974;9;9970;23;;;9980;17;9984;19;;;9977.0;0.0
yf_BGS_d2;34800;INTARIAN_PEPPER_ROOT;10935;12;10931;23;;;10941;12;10943;10;;;10938.0;0.0
yf_BGS_d2;34900;ASH_COATED_OSMIUM;9971;20;9968;14;;;9984;20;9988;23;;;9977.5;0.0
yf_BGS_d2;34900;INTARIAN_PEPPER_ROOT;10937;16;10935;22;;;10945;19;10948;19;;;10941.0;0.0
yf_BGS_d2;35000;ASH_COATED_OSMIUM;9972;11;9968;12;;;9982;8;9984;8;;;9977.0;0.0
yf_BGS_d2;35000;INTARIAN_PEPPER_ROOT;10939;12;10935;22;;;10951;15;10954;10;;;10945.0;0.0
yf_BGS_d2;35100;ASH_COATED_OSMIUM;9974;11;9971;25;;;9980;16;9983;21;;;9977.0;0.0
yf_BGS_d2;35100;INTARIAN_PEPPER_ROOT;10946;9;10943;20;;;10952;12;10954;20;;;10949.0;0.0
yf_BGS_d2;35200;ASH_COATED_OSMIUM;9974;8;9970;21;;;9980;19;9983;20;;;9977.0;0.0
yf_BGS_d2;35200;INTARIAN_PEPPER_ROOT;10950;21;10946;18;;;10956;22;10959;25;;;10953.0;0.0
yf_BGS_d2;35300;ASH_COATED_OSMIUM;9974;12;9971;20;;;9980;9;9984;22;;;9977.0;0.0
yf_BGS_d2;35300;INTARIAN_PEPPER_ROOT;10953;7;10950;22;;;10959;20;10963;24;;;10956.0;0.0
yf_BGS_d2;35400;ASH_COATED_OSMIUM;9973;13;9970;22;;;9979;5;9982;19;;;9976.0;0.0
yf_BGS_d2;35400;INTARIAN_PEPPER_ROOT;10957;14;10953;21;;;10963;20;10967;19;;;10960.0;0.0
yf_BGS_d2;35500;ASH_COATED_OSMIUM;9967;11;9963;21;;;9987;23;9991;25;;;9977.0;0.0
yf_BGS_d2;35500;INTARIAN_PEPPER_ROOT;10960;7;10957;18;;;10967;9;10970;21;;;10963.5;0.0
yf_BGS_d2;35600;ASH_COATED_OSMIUM;9971;15;9969;21;;;9983;16;9985;15;;;9977.0;0.0
yf_BGS_d2;35600;INTARIAN_PEPPER_ROOT;10957;10;10953;20;;;10977;18;10980;13;;;10967.0;0.0
yf_BGS_d2;35700;ASH_COATED_OSMIUM;9973;14;9971;26;;;9979;14;9982;13;;;9976.0;0.0
yf_BGS_d2;35700;INTARIAN_PEPPER_ROOT;10968;10;10965;20;;;10974;22;10977;24;;;10971.0;0.0
yf_BGS_d2;35800;ASH_COATED_OSMIUM;9973;10;9971;27;;;9979;11;9982;19;;;9976.0;0.0
yf_BGS_d2;35800;INTARIAN_PEPPER_ROOT;10972;11;10968;30;;;10978;20;10980;24;;;10975.0;0.0
yf_BGS_d2;35900;ASH_COATED_OSMIUM;9973;17;9969;16;;;9979;15;9981;16;;;9976.0;0.0
yf_BGS_d2;35900;INTARIAN_PEPPER_ROOT;10976;12;10972;18;;;10982;15;10984;18;;;10979.0;0.0
yf_BGS_d2;36000;ASH_COATED_OSMIUM;9973;15;9970;25;;;9979;13;9981;19;;;9976.0;0.0
yf_BGS_d2;36000;INTARIAN_PEPPER_ROOT;10979;13;10975;23;;;10985;17;10988;9;;;10982.0;0.0
yf_BGS_d2;36100;ASH_COATED_OSMIUM;9973;16;9970;15;;;9979;15;9983;22;;;9976.0;0.0
yf_BGS_d2;36100;INTARIAN_PEPPER_ROOT;10984;10;10980;12;;;10990;24;10992;28;;;10987.0;0.0
yf_BGS_d2;36200;ASH_COATED_OSMIUM;9973;17;9971;11;;;9979;13;9981;19;;;9976.0;0.0
yf_BGS_d2;36200;INTARIAN_PEPPER_ROOT;10986;13;10982;21;;;10995;16;10998;28;;;10990.5;0.0
yf_BGS_d2;36300;ASH_COATED_OSMIUM;9971;8;9968;14;;;9980;14;9983;19;;;9975.5;0.0
yf_BGS_d2;36300;INTARIAN_PEPPER_ROOT;10991;15;10989;13;;;10997;17;11000;26;;;10994.0;0.0
yf_BGS_d2;36400;ASH_COATED_OSMIUM;9972;22;9969;22;;;9978;8;9981;27;;;9975.0;0.0
yf_BGS_d2;36400;INTARIAN_PEPPER_ROOT;10995;17;10991;25;;;11001;9;11004;18;;;10998.0;0.0
yf_BGS_d2;36500;ASH_COATED_OSMIUM;9973;9;9969;19;;;9979;16;9982;27;;;9976.0;0.0
yf_BGS_d2;36500;INTARIAN_PEPPER_ROOT;10999;20;10996;19;;;11005;16;11007;15;;;11002.0;0.0
yf_BGS_d2;36600;ASH_COATED_OSMIUM;9963;28;9961;18;;;9987;15;9991;19;;;9975.0;0.0
yf_BGS_d2;36600;INTARIAN_PEPPER_ROOT;11003;17;11001;26;;;11009;17;11012;17;;;11006.0;0.0
yf_BGS_d2;36700;ASH_COATED_OSMIUM;9973;10;9971;22;;;9979;15;9981;16;;;9976.0;0.0
yf_BGS_d2;36700;INTARIAN_PEPPER_ROOT;11007;16;11004;19;;;11013;14;11015;16;;;11010.0;0.0
yf_BGS_d2;36800;ASH_COATED_OSMIUM;9972;20;9968;9;;;9978;17;9982;21;;;9975.0;0.0
yf_BGS_d2;36800;INTARIAN_PEPPER_ROOT;11006;15;11003;21;;;11021;14;11023;19;;;11013.5;0.0
yf_BGS_d2;36900;ASH_COATED_OSMIUM;9972;15;9970;16;;;9978;8;9980;13;;;9975.0;0.0
yf_BGS_d2;36900;INTARIAN_PEPPER_ROOT;11013;13;11011;18;;;11020;11;11023;15;;;11016.5;0.0
yf_BGS_d2;37000;ASH_COATED_OSMIUM;9969;14;9966;12;;;9979;11;9982;18;;;9974.0;0.0
yf_BGS_d2;37000;INTARIAN_PEPPER_ROOT;11018;10;11014;19;;;11024;17;11026;22;;;11021.0;0.0
yf_BGS_d2;37100;ASH_COATED_OSMIUM;9967;13;9964;20;;;9982;8;9984;12;;;9974.5;0.0
yf_BGS_d2;37100;INTARIAN_PEPPER_ROOT;11021;10;11019;22;;;11027;12;11030;24;;;11024.0;0.0
yf_BGS_d2;37200;ASH_COATED_OSMIUM;9970;6;9966;22;;;9979;11;9982;15;;;9974.5;0.0
yf_BGS_d2;37200;INTARIAN_PEPPER_ROOT;11020;22;11018;21;;;11036;12;11039;17;;;11028.0;0.0
yf_BGS_d2;37300;ASH_COATED_OSMIUM;9967;18;9963;18;;;9982;19;9985;10;;;9974.5;0.0
yf_BGS_d2;37300;INTARIAN_PEPPER_ROOT;11029;26;11025;13;;;11035;17;11037;21;;;11032.0;0.0
yf_BGS_d2;37400;ASH_COATED_OSMIUM;9966;22;9964;18;;;9982;20;9986;15;;;9974.0;0.0
yf_BGS_d2;37400;INTARIAN_PEPPER_ROOT;11026;10;11022;23;;;11044;20;11046;9;;;11035.0;0.0
yf_BGS_d2;37500;ASH_COATED_OSMIUM;9971;13;9968;14;;;9977;17;9979;14;;;9974.0;0.0
yf_BGS_d2;37500;INTARIAN_PEPPER_ROOT;11036;14;11033;12;;;11042;19;11044;28;;;11039.0;0.0
yf_BGS_d2;37600;ASH_COATED_OSMIUM;9972;11;9970;28;;;9978;11;9980;14;;;9975.0;0.0
yf_BGS_d2;37600;INTARIAN_PEPPER_ROOT;11038;18;11036;19;;;11048;7;11050;16;;;11043.0;0.0
yf_BGS_d2;37700;ASH_COATED_OSMIUM;9971;12;9969;21;;;9978;23;9982;14;;;9974.5;0.0
yf_BGS_d2;37700;INTARIAN_PEPPER_ROOT;11041;14;11039;18;;;11053;19;11056;22;;;11047.0;0.0
yf_BGS_d2;37800;ASH_COATED_OSMIUM;9971;18;9967;20;;;9977;18;9979;21;;;9974.0;0.0
yf_BGS_d2;37800;INTARIAN_PEPPER_ROOT;11047;19;11045;14;;;11053;8;11055;11;;;11050.0;0.0
yf_BGS_d2;37900;ASH_COATED_OSMIUM;9970;17;9966;24;;;9978;13;9982;18;;;9974.0;0.0
yf_BGS_d2;37900;INTARIAN_PEPPER_ROOT;11048;15;11046;16;;;11059;14;11061;19;;;11053.5;0.0
yf_BGS_d2;38000;ASH_COATED_OSMIUM;9970;18;9968;28;;;9976;8;9979;18;;;9973.0;0.0
yf_BGS_d2;38000;INTARIAN_PEPPER_ROOT;11055;18;11052;21;;;11062;14;11065;21;;;11058.5;0.0
yf_BGS_d2;38100;ASH_COATED_OSMIUM;9971;21;9968;19;;;9977;14;9980;26;;;9974.0;0.0
yf_BGS_d2;38100;INTARIAN_PEPPER_ROOT;11059;12;11055;24;;;11065;12;11069;19;;;11062.0;0.0
yf_BGS_d2;38200;ASH_COATED_OSMIUM;9970;24;9967;15;;;9976;14;9978;26;;;9973.0;0.0
yf_BGS_d2;38200;INTARIAN_PEPPER_ROOT;11063;11;11060;21;;;11069;16;11072;20;;;11066.0;0.0
yf_BGS_d2;38300;ASH_COATED_OSMIUM;9970;13;9968;20;;;9976;14;9979;23;;;9973.0;0.0
yf_BGS_d2;38300;INTARIAN_PEPPER_ROOT;11063;17;11061;15;;;11077;20;11079;18;;;11070.0;0.0
yf_BGS_d2;38400;ASH_COATED_OSMIUM;9971;19;9969;29;;;9977;16;9979;14;;;9974.0;0.0
yf_BGS_d2;38400;INTARIAN_PEPPER_ROOT;11068;5;11065;20;;;11077;14;11080;17;;;11072.5;0.0
yf_BGS_d2;38500;ASH_COATED_OSMIUM;9971;15;9969;19;;;9977;17;9980;27;;;9974.0;0.0
yf_BGS_d2;38500;INTARIAN_PEPPER_ROOT;11074;19;11070;14;;;11080;21;11084;18;;;11077.0;0.0
yf_BGS_d2;38600;ASH_COATED_OSMIUM;9970;16;9968;10;;;9976;5;9978;15;;;9973.0;0.0
yf_BGS_d2;38600;INTARIAN_PEPPER_ROOT;11078;8;11075;16;;;11084;15;11087;24;;;11081.0;0.0
yf_BGS_d2;38700;ASH_COATED_OSMIUM;9970;24;9967;21;;;9976;17;9978;21;;;9973.0;0.0
yf_BGS_d2;38700;INTARIAN_PEPPER_ROOT;11081;15;11077;15;;;11087;10;11090;18;;;11084.0;0.0
yf_BGS_d2;38800;ASH_COATED_OSMIUM;9970;12;9967;23;;;9976;15;9980;16;;;9973.0;0.0
yf_BGS_d2;38800;INTARIAN_PEPPER_ROOT;11085;18;11082;16;;;11091;8;11094;19;;;11088.0;0.0
yf_BGS_d2;38900;ASH_COATED_OSMIUM;9962;9;9960;22;;;9983;10;9985;12;;;9972.5;0.0
yf_BGS_d2;38900;INTARIAN_PEPPER_ROOT;11084;17;11081;16;;;11099;13;11103;17;;;11091.5;0.0
yf_BGS_d2;39000;ASH_COATED_OSMIUM;9967;10;9965;15;;;9978;14;9982;18;;;9972.5;0.0
yf_BGS_d2;39000;INTARIAN_PEPPER_ROOT;11090;23;11087;23;;;11101;14;11104;16;;;11095.5;0.0
yf_BGS_d2;39100;ASH_COATED_OSMIUM;9969;25;9967;17;;;9976;9;9980;20;;;9972.5;0.0
yf_BGS_d2;39100;INTARIAN_PEPPER_ROOT;11096;15;11093;18;;;11102;11;11104;27;;;11099.0;0.0
yf_BGS_d2;39200;ASH_COATED_OSMIUM;9970;20;9967;16;;;9976;13;9979;18;;;9973.0;0.0
yf_BGS_d2;39200;INTARIAN_PEPPER_ROOT;11100;11;11097;16;;;11106;12;11110;15;;;11103.0;0.0
yf_BGS_d2;39300;ASH_COATED_OSMIUM;9970;13;9968;21;;;9976;6;9980;25;;;9973.0;0.0
yf_BGS_d2;39300;INTARIAN_PEPPER_ROOT;11104;18;11102;20;;;11110;19;11113;15;;;11107.0;0.0
yf_BGS_d2;39400;ASH_COATED_OSMIUM;9962;15;9959;23;;;9983;18;9985;21;;;9972.5;0.0
yf_BGS_d2;39400;INTARIAN_PEPPER_ROOT;11107;16;11105;22;;;11113;15;11116;20;;;11110.0;0.0
yf_BGS_d2;39500;ASH_COATED_OSMIUM;9969;14;9967;24;;;9975;8;9978;23;;;9972.0;0.0
yf_BGS_d2;39500;INTARIAN_PEPPER_ROOT;11111;18;11109;22;;;11117;10;11120;29;;;11114.0;0.0
yf_BGS_d2;39600;ASH_COATED_OSMIUM;9969;15;9965;23;;;9975;11;9977;15;;;9972.0;0.0
yf_BGS_d2;39600;INTARIAN_PEPPER_ROOT;11112;10;11109;18;;;11124;19;11128;20;;;11118.0;0.0
yf_BGS_d2;39700;ASH_COATED_OSMIUM;9969;12;9966;17;;;9975;8;9979;26;;;9972.0;0.0
yf_BGS_d2;39700;INTARIAN_PEPPER_ROOT;11119;17;11116;16;;;11125;11;11127;18;;;11122.0;0.0
yf_BGS_d2;39800;ASH_COATED_OSMIUM;9969;16;9965;16;;;9975;16;9978;25;;;9972.0;0.0
yf_BGS_d2;39800;INTARIAN_PEPPER_ROOT;11120;15;11117;15;;;11132;21;11136;15;;;11126.0;0.0
yf_BGS_d2;39900;ASH_COATED_OSMIUM;9969;15;9967;22;;;9975;20;9977;22;;;9972.0;0.0
yf_BGS_d2;39900;INTARIAN_PEPPER_ROOT;11127;16;11125;14;;;11133;7;11137;23;;;11130.0;0.0
yf_BGS_d2;40000;ASH_COATED_OSMIUM;9965;14;9963;13;;;9980;8;9982;17;;;9972.5;0.0
yf_BGS_d2;40000;INTARIAN_PEPPER_ROOT;11120;14;11118;13;;;11147;16;11149;20;;;11133.5;0.0
yf_BGS_d2;40100;ASH_COATED_OSMIUM;9968;20;9965;24;;;9974;13;9976;21;;;9971.0;0.0
yf_BGS_d2;40100;INTARIAN_PEPPER_ROOT;11134;11;11130;20;;;11140;13;11142;14;;;11137.0;0.0
yf_BGS_d2;40200;ASH_COATED_OSMIUM;9969;5;9965;11;;;9975;15;9979;15;;;9972.0;0.0
yf_BGS_d2;40200;INTARIAN_PEPPER_ROOT;11122;17;11120;16;;;11159;16;11162;18;;;11140.5;0.0
yf_BGS_d2;40300;ASH_COATED_OSMIUM;9969;17;9967;14;;;9975;18;9977;26;;;9972.0;0.0
yf_BGS_d2;40300;INTARIAN_PEPPER_ROOT;11140;13;11137;16;;;11150;15;11154;27;;;11145.0;0.0
yf_BGS_d2;40400;ASH_COATED_OSMIUM;9968;13;9966;13;;;9974;15;9977;21;;;9971.0;0.0
yf_BGS_d2;40400;INTARIAN_PEPPER_ROOT;11142;17;11138;25;;;11155;21;11159;21;;;11148.5;0.0
yf_BGS_d2;40500;ASH_COATED_OSMIUM;9968;10;9966;21;;;9974;18;9976;30;;;9971.0;0.0
yf_BGS_d2;40500;INTARIAN_PEPPER_ROOT;11149;14;11146;19;;;11155;11;11158;20;;;11152.0;0.0
yf_BGS_d2;40600;ASH_COATED_OSMIUM;9959;8;9957;18;;;9983;23;9987;20;;;9971.0;0.0
yf_BGS_d2;40600;INTARIAN_PEPPER_ROOT;11153;17;11150;14;;;11159;13;11163;16;;;11156.0;0.0
yf_BGS_d2;40700;ASH_COATED_OSMIUM;9968;16;9964;25;;;9974;16;9977;20;;;9971.0;0.0
yf_BGS_d2;40700;INTARIAN_PEPPER_ROOT;11153;15;11150;21;;;11165;18;11169;23;;;11159.0;0.0
yf_BGS_d2;40800;ASH_COATED_OSMIUM;9968;7;9964;27;;;9974;15;9977;19;;;9971.0;0.0
yf_BGS_d2;40800;INTARIAN_PEPPER_ROOT;11160;13;11158;14;;;11166;13;11170;18;;;11163.0;0.0
yf_BGS_d2;40900;ASH_COATED_OSMIUM;9966;18;9964;13;;;9976;8;9978;20;;;9971.0;0.0
yf_BGS_d2;40900;INTARIAN_PEPPER_ROOT;11163;19;11161;23;;;11171;14;11173;21;;;11167.0;0.0
yf_BGS_d2;41000;ASH_COATED_OSMIUM;9967;15;9964;19;;;9975;5;9977;20;;;9971.0;0.0
yf_BGS_d2;41000;INTARIAN_PEPPER_ROOT;11168;11;11165;21;;;11174;11;11176;19;;;11171.0;0.0
yf_BGS_d2;41100;ASH_COATED_OSMIUM;9958;16;9954;27;;;9982;24;9985;13;;;9970.0;0.0
yf_BGS_d2;41100;INTARIAN_PEPPER_ROOT;11172;15;11168;17;;;11178;22;11181;23;;;11175.0;0.0
yf_BGS_d2;41200;ASH_COATED_OSMIUM;9968;17;9964;27;;;9974;5;9976;27;;;9971.0;0.0
yf_BGS_d2;41200;INTARIAN_PEPPER_ROOT;11175;20;11171;23;;;11181;12;11185;21;;;11178.0;0.0
yf_BGS_d2;41300;ASH_COATED_OSMIUM;9967;17;9963;20;;;9973;17;9977;27;;;9970.0;0.0
yf_BGS_d2;41300;INTARIAN_PEPPER_ROOT;11179;13;11177;28;;;11185;13;11187;17;;;11182.0;0.0
yf_BGS_d2;41400;ASH_COATED_OSMIUM;9967;13;9965;13;;;9973;16;9975;22;;;9970.0;0.0
yf_BGS_d2;41400;INTARIAN_PEPPER_ROOT;11179;6;11177;18;;;11193;18;11197;20;;;11186.0;0.0
yf_BGS_d2;41500;ASH_COATED_OSMIUM;9952;14;9950;26;;;9989;19;9991;17;;;9970.5;0.0
yf_BGS_d2;41500;INTARIAN_PEPPER_ROOT;11175;10;11173;14;;;11205;19;11207;20;;;11190.0;0.0
yf_BGS_d2;41600;ASH_COATED_OSMIUM;9967;11;9963;25;;;9973;6;9977;12;;;9970.0;0.0
yf_BGS_d2;41600;INTARIAN_PEPPER_ROOT;11190;18;11188;13;;;11196;20;11198;22;;;11193.0;0.0
yf_BGS_d2;41700;ASH_COATED_OSMIUM;9967;18;9964;11;;;9973;16;9976;23;;;9970.0;0.0
yf_BGS_d2;41700;INTARIAN_PEPPER_ROOT;11194;17;11190;23;;;11200;23;11202;12;;;11197.0;0.0
yf_BGS_d2;41800;ASH_COATED_OSMIUM;9966;16;9963;20;;;9975;17;9978;14;;;9970.5;0.0
yf_BGS_d2;41800;INTARIAN_PEPPER_ROOT;11198;22;11194;19;;;11204;10;11207;11;;;11201.0;0.0
yf_BGS_d2;41900;ASH_COATED_OSMIUM;9967;20;9963;22;;;9973;22;9977;27;;;9970.0;0.0
yf_BGS_d2;41900;INTARIAN_PEPPER_ROOT;11202;18;11200;20;;;11208;19;11211;15;;;11205.0;0.0
yf_BGS_d2;42000;ASH_COATED_OSMIUM;9966;13;9964;30;;;9973;5;9976;12;;;9969.5;0.0
yf_BGS_d2;42000;INTARIAN_PEPPER_ROOT;11206;11;11203;27;;;11212;11;11216;20;;;11209.0;0.0
yf_BGS_d2;42100;ASH_COATED_OSMIUM;9966;13;9964;8;;;9974;21;9977;26;;;9970.0;0.0
yf_BGS_d2;42100;INTARIAN_PEPPER_ROOT;11209;11;11205;29;;;11215;13;11217;18;;;11212.0;0.0
yf_BGS_d2;42200;ASH_COATED_OSMIUM;9967;22;9964;18;;;9973;15;9975;26;;;9970.0;0.0
yf_BGS_d2;42200;INTARIAN_PEPPER_ROOT;11210;7;11206;17;;;11221;12;11223;26;;;11215.5;0.0
yf_BGS_d2;42300;ASH_COATED_OSMIUM;9966;14;9964;14;;;9972;9;9975;20;;;9969.0;0.0
yf_BGS_d2;42300;INTARIAN_PEPPER_ROOT;11214;23;11210;23;;;11225;12;11227;16;;;11219.5;0.0
yf_BGS_d2;42400;ASH_COATED_OSMIUM;9965;17;9963;22;;;9974;16;9976;20;;;9969.5;0.0
yf_BGS_d2;42400;INTARIAN_PEPPER_ROOT;11220;19;11218;18;;;11226;20;11228;20;;;11223.0;0.0
yf_BGS_d2;42500;ASH_COATED_OSMIUM;9965;14;9962;13;;;9972;9;9974;24;;;9968.5;0.0
yf_BGS_d2;42500;INTARIAN_PEPPER_ROOT;11224;19;11221;22;;;11230;20;11233;19;;;11227.0;0.0
yf_BGS_d2;42600;ASH_COATED_OSMIUM;9966;23;9963;21;;;9972;5;9974;21;;;9969.0;0.0
yf_BGS_d2;42600;INTARIAN_PEPPER_ROOT;11229;20;11226;9;;;11235;18;11238;14;;;11232.0;0.0
yf_BGS_d2;42700;ASH_COATED_OSMIUM;9961;8;9958;23;;;9976;18;9980;21;;;9968.5;0.0
yf_BGS_d2;42700;INTARIAN_PEPPER_ROOT;11232;12;11228;14;;;11238;19;11240;19;;;11235.0;0.0
yf_BGS_d2;42800;ASH_COATED_OSMIUM;9960;14;9958;15;;;9977;12;9980;14;;;9968.5;0.0
yf_BGS_d2;42800;INTARIAN_PEPPER_ROOT;11235;15;11233;16;;;11241;18;11245;20;;;11238.0;0.0
yf_BGS_d2;42900;ASH_COATED_OSMIUM;9966;16;9963;14;;;9972;18;9976;12;;;9969.0;0.0
yf_BGS_d2;42900;INTARIAN_PEPPER_ROOT;11235;17;11233;16;;;11249;9;11253;21;;;11242.0;0.0
yf_BGS_d2;43000;ASH_COATED_OSMIUM;9965;21;9961;15;;;9971;19;9975;14;;;9968.0;0.0
yf_BGS_d2;43000;INTARIAN_PEPPER_ROOT;11241;12;11239;25;;;11251;11;11255;12;;;11246.0;0.0
yf_BGS_d2;43100;ASH_COATED_OSMIUM;9965;6;9961;13;;;9971;9;9974;18;;;9968.0;0.0
yf_BGS_d2;43100;INTARIAN_PEPPER_ROOT;11246;11;11243;15;;;11252;14;11256;22;;;11249.0;0.0
yf_BGS_d2;43200;ASH_COATED_OSMIUM;9965;18;9962;17;;;9971;9;9975;20;;;9968.0;0.0
yf_BGS_d2;43200;INTARIAN_PEPPER_ROOT;11250;9;11247;20;;;11256;15;11260;19;;;11253.0;0.0
yf_BGS_d2;43300;ASH_COATED_OSMIUM;9965;14;9961;29;;;9971;5;9975;23;;;9968.0;0.0
yf_BGS_d2;43300;INTARIAN_PEPPER_ROOT;11255;10;11253;20;;;11261;13;11264;29;;;11258.0;0.0
yf_BGS_d2;43400;ASH_COATED_OSMIUM;9966;18;9963;13;;;9972;14;9976;16;;;9969.0;0.0
yf_BGS_d2;43400;INTARIAN_PEPPER_ROOT;11252;15;11249;20;;;11268;18;11270;19;;;11260.0;0.0
yf_BGS_d2;43500;ASH_COATED_OSMIUM;9960;20;9958;22;;;9978;20;9981;18;;;9969.0;0.0
yf_BGS_d2;43500;INTARIAN_PEPPER_ROOT;11258;18;11254;20;;;11271;16;11275;14;;;11264.5;0.0
yf_BGS_d2;43600;ASH_COATED_OSMIUM;9965;14;9961;21;;;9971;7;9973;16;;;9968.0;0.0
yf_BGS_d2;43600;INTARIAN_PEPPER_ROOT;11266;20;11263;30;;;11272;14;11276;22;;;11269.0;0.0
yf_BGS_d2;43700;ASH_COATED_OSMIUM;9964;12;9962;17;;;9972;21;9976;19;;;9968.0;0.0
yf_BGS_d2;43700;INTARIAN_PEPPER_ROOT;11270;15;11268;22;;;11276;9;11279;18;;;11273.0;0.0
yf_BGS_d2;43800;ASH_COATED_OSMIUM;9959;18;9955;14;;;9976;16;9978;18;;;9967.5;0.0
yf_BGS_d2;43800;INTARIAN_PEPPER_ROOT;11273;12;11271;21;;;11279;17;11281;18;;;11276.0;0.0
yf_BGS_d2;43900;ASH_COATED_OSMIUM;9963;9;9959;24;;;9974;22;9978;14;;;9968.5;0.0
yf_BGS_d2;43900;INTARIAN_PEPPER_ROOT;11277;30;11273;9;;;11283;13;11287;20;;;11280.0;0.0
yf_BGS_d2;44000;ASH_COATED_OSMIUM;9964;17;9961;25;;;9970;12;9973;19;;;9967.0;0.0
yf_BGS_d2;44000;INTARIAN_PEPPER_ROOT;11281;15;11279;20;;;11287;20;11291;18;;;11284.0;0.0
yf_BGS_d2;44100;ASH_COATED_OSMIUM;9964;20;9962;25;;;9970;17;9973;16;;;9967.0;0.0
yf_BGS_d2;44100;INTARIAN_PEPPER_ROOT;11270;9;11266;17;;;11305;16;11309;17;;;11287.5;0.0
yf_BGS_d2;44200;ASH_COATED_OSMIUM;9965;17;9962;20;;;9971;8;9974;21;;;9968.0;0.0
yf_BGS_d2;44200;INTARIAN_PEPPER_ROOT;11288;11;11284;14;;;11294;18;11296;12;;;11291.0;0.0
yf_BGS_d2;44300;ASH_COATED_OSMIUM;9962;11;9960;15;;;9971;19;9973;15;;;9966.5;0.0
yf_BGS_d2;44300;INTARIAN_PEPPER_ROOT;11292;21;11290;24;;;11298;15;11300;30;;;11295.0;0.0
yf_BGS_d2;44400;ASH_COATED_OSMIUM;9964;15;9962;22;;;9970;15;9974;23;;;9967.0;0.0
yf_BGS_d2;44400;INTARIAN_PEPPER_ROOT;11288;8;11284;24;;;11310;21;11313;21;;;11299.0;0.0
yf_BGS_d2;44500;ASH_COATED_OSMIUM;9963;18;9960;17;;;9971;22;9975;21;;;9967.0;0.0
yf_BGS_d2;44500;INTARIAN_PEPPER_ROOT;11299;9;11296;19;;;11306;20;11309;18;;;11302.5;0.0
yf_BGS_d2;44600;ASH_COATED_OSMIUM;9961;15;9959;14;;;9973;16;9976;20;;;9967.0;0.0
yf_BGS_d2;44600;INTARIAN_PEPPER_ROOT;11301;19;11298;18;;;11313;15;11316;22;;;11307.0;0.0
yf_BGS_d2;44700;ASH_COATED_OSMIUM;9956;12;9953;19;;;9976;8;9978;20;;;9966.0;0.0
yf_BGS_d2;44700;INTARIAN_PEPPER_ROOT;11307;10;11303;11;;;11313;14;11315;14;;;11310.0;0.0
yf_BGS_d2;44800;ASH_COATED_OSMIUM;9963;12;9961;30;;;9969;17;9971;24;;;9966.0;0.0
yf_BGS_d2;44800;INTARIAN_PEPPER_ROOT;11311;13;11309;17;;;11317;25;11319;18;;;11314.0;0.0
yf_BGS_d2;44900;ASH_COATED_OSMIUM;9964;15;9962;18;;;9970;18;9972;24;;;9967.0;0.0
yf_BGS_d2;44900;INTARIAN_PEPPER_ROOT;11314;17;11311;18;;;11322;14;11326;14;;;11318.0;0.0
yf_BGS_d2;45000;ASH_COATED_OSMIUM;9962;15;9960;23;;;9970;13;9974;16;;;9966.0;0.0
yf_BGS_d2;45000;INTARIAN_PEPPER_ROOT;11318;14;11316;31;;;11324;21;11328;18;;;11321.0;0.0
yf_BGS_d2;45100;ASH_COATED_OSMIUM;9963;10;9961;15;;;9969;13;9973;19;;;9966.0;0.0
yf_BGS_d2;45100;INTARIAN_PEPPER_ROOT;11318;15;11315;16;;;11332;11;11336;26;;;11325.0;0.0
yf_BGS_d2;45200;ASH_COATED_OSMIUM;9963;28;9961;20;;;9969;14;9972;23;;;9966.0;0.0
yf_BGS_d2;45200;INTARIAN_PEPPER_ROOT;11326;14;11324;32;;;11332;19;11336;27;;;11329.0;0.0
yf_BGS_d2;45300;ASH_COATED_OSMIUM;9963;22;9960;10;;;9969;15;9972;16;;;9966.0;0.0
yf_BGS_d2;45300;INTARIAN_PEPPER_ROOT;11329;14;11326;31;;;11335;18;11337;15;;;11332.0;0.0
yf_BGS_d2;45400;ASH_COATED_OSMIUM;9963;18;9960;15;;;9969;13;9971;20;;;9966.0;0.0
yf_BGS_d2;45400;INTARIAN_PEPPER_ROOT;11333;16;11329;8;;;11339;6;11343;8;;;11336.0;0.0
yf_BGS_d2;45500;ASH_COATED_OSMIUM;9960;24;9956;25;;;9972;17;9976;22;;;9966.0;0.0
yf_BGS_d2;45500;INTARIAN_PEPPER_ROOT;11319;17;11315;17;;;11361;11;11363;20;;;11340.0;0.0
yf_BGS_d2;45600;ASH_COATED_OSMIUM;9962;14;9959;18;;;9969;20;9972;20;;;9965.5;0.0
yf_BGS_d2;45600;INTARIAN_PEPPER_ROOT;11337;15;11335;18;;;11351;15;11353;13;;;11344.0;0.0
yf_BGS_d2;45700;ASH_COATED_OSMIUM;9962;12;9958;22;;;9968;18;9970;21;;;9965.0;0.0
yf_BGS_d2;45700;INTARIAN_PEPPER_ROOT;11345;22;11342;21;;;11351;14;11354;23;;;11348.0;0.0
yf_BGS_d2;45800;ASH_COATED_OSMIUM;9962;16;9959;20;;;9969;7;9972;25;;;9965.5;0.0
yf_BGS_d2;45800;INTARIAN_PEPPER_ROOT;11348;6;11344;18;;;11354;13;11357;21;;;11351.0;0.0
yf_BGS_d2;45900;ASH_COATED_OSMIUM;9962;17;9960;14;;;9968;11;9970;24;;;9965.0;0.0
yf_BGS_d2;45900;INTARIAN_PEPPER_ROOT;11347;9;11345;14;;;11363;16;11366;17;;;11355.0;0.0
yf_BGS_d2;46000;ASH_COATED_OSMIUM;9962;15;9959;19;;;9968;18;9971;20;;;9965.0;0.0
yf_BGS_d2;46000;INTARIAN_PEPPER_ROOT;11354;16;11352;25;;;11363;19;11366;19;;;11358.5;0.0
yf_BGS_d2;46100;ASH_COATED_OSMIUM;9962;25;9960;13;;;9968;17;9970;17;;;9965.0;0.0
yf_BGS_d2;46100;INTARIAN_PEPPER_ROOT;11360;9;11357;25;;;11366;18;11370;25;;;11363.0;0.0
yf_BGS_d2;46200;ASH_COATED_OSMIUM;9959;16;9956;22;;;9971;9;9975;25;;;9965.0;0.0
yf_BGS_d2;46200;INTARIAN_PEPPER_ROOT;11361;23;11357;10;;;11369;15;11372;21;;;11365.0;0.0
yf_BGS_d2;46300;ASH_COATED_OSMIUM;9962;8;9958;28;;;9968;11;9971;21;;;9965.0;0.0
yf_BGS_d2;46300;INTARIAN_PEPPER_ROOT;11359;12;11356;16;;;11380;15;11384;18;;;11369.5;0.0
yf_BGS_d2;46400;ASH_COATED_OSMIUM;9961;5;9958;9;;;9967;12;9970;21;;;9964.0;0.0
yf_BGS_d2;46400;INTARIAN_PEPPER_ROOT;11371;13;11367;12;;;11377;15;11381;19;;;11374.0;0.0
yf_BGS_d2;46500;ASH_COATED_OSMIUM;9962;16;9958;12;;;9968;12;9971;19;;;9965.0;0.0
yf_BGS_d2;46500;INTARIAN_PEPPER_ROOT;11372;10;11370;22;;;11383;15;11386;15;;;11377.5;0.0
yf_BGS_d2;46600;ASH_COATED_OSMIUM;9958;18;9954;15;;;9972;10;9975;20;;;9965.0;0.0
yf_BGS_d2;46600;INTARIAN_PEPPER_ROOT;11376;24;11374;22;;;11387;11;11390;17;;;11381.5;0.0
yf_BGS_d2;46700;ASH_COATED_OSMIUM;9961;9;9959;13;;;9967;10;9971;15;;;9964.0;0.0
yf_BGS_d2;46700;INTARIAN_PEPPER_ROOT;11380;13;11377;26;;;11391;13;11393;15;;;11385.5;0.0
yf_BGS_d2;46800;ASH_COATED_OSMIUM;9961;17;9958;20;;;9967;14;9969;20;;;9964.0;0.0
yf_BGS_d2;46800;INTARIAN_PEPPER_ROOT;11386;22;11384;20;;;11392;26;11394;21;;;11389.0;0.0
yf_BGS_d2;46900;ASH_COATED_OSMIUM;9961;17;9959;19;;;9967;11;9971;17;;;9964.0;0.0
yf_BGS_d2;46900;INTARIAN_PEPPER_ROOT;11389;19;11387;18;;;11395;18;11399;25;;;11392.0;0.0
yf_BGS_d2;47000;ASH_COATED_OSMIUM;9950;10;9946;17;;;9978;11;9980;22;;;9964.0;0.0
yf_BGS_d2;47000;INTARIAN_PEPPER_ROOT;11394;12;11392;18;;;11400;20;11403;18;;;11397.0;0.0
yf_BGS_d2;47100;ASH_COATED_OSMIUM;9957;12;9953;23;;;9971;15;9975;14;;;9964.0;0.0
yf_BGS_d2;47100;INTARIAN_PEPPER_ROOT;11397;8;11393;23;;;11403;18;11405;21;;;11400.0;0.0
yf_BGS_d2;47200;ASH_COATED_OSMIUM;9960;11;9957;19;;;9969;13;9972;16;;;9964.5;0.0
yf_BGS_d2;47200;INTARIAN_PEPPER_ROOT;11401;5;11399;12;;;11407;16;11411;23;;;11404.0;0.0
yf_BGS_d2;47300;ASH_COATED_OSMIUM;9960;12;9958;18;;;9966;16;9969;24;;;9963.0;0.0
yf_BGS_d2;47300;INTARIAN_PEPPER_ROOT;11405;18;11403;14;;;11411;14;11413;19;;;11408.0;0.0
yf_BGS_d2;47400;ASH_COATED_OSMIUM;9960;14;9956;25;;;9966;18;9970;25;;;9963.0;0.0
yf_BGS_d2;47400;INTARIAN_PEPPER_ROOT;11408;9;11406;14;;;11414;20;11416;12;;;11411.0;0.0
yf_BGS_d2;47500;ASH_COATED_OSMIUM;9954;11;9950;11;;;9974;5;9978;15;;;9964.0;0.0
yf_BGS_d2;47500;INTARIAN_PEPPER_ROOT;11410;8;11408;20;;;11419;17;11422;22;;;11414.5;0.0
yf_BGS_d2;47600;ASH_COATED_OSMIUM;9961;12;9957;15;;;9967;16;9969;29;;;9964.0;0.0
yf_BGS_d2;47600;INTARIAN_PEPPER_ROOT;11411;17;11409;13;;;11426;12;11428;18;;;11418.5;0.0
yf_BGS_d2;47700;ASH_COATED_OSMIUM;9961;13;9957;20;;;9967;8;9970;20;;;9964.0;0.0
yf_BGS_d2;47700;INTARIAN_PEPPER_ROOT;11420;5;11416;18;;;11426;13;11428;22;;;11423.0;0.0
yf_BGS_d2;47800;ASH_COATED_OSMIUM;9957;14;9955;26;;;9971;14;9974;16;;;9964.0;0.0
yf_BGS_d2;47800;INTARIAN_PEPPER_ROOT;11410;15;11406;23;;;11445;13;11449;23;;;11427.5;0.0
yf_BGS_d2;47900;ASH_COATED_OSMIUM;9961;19;9958;15;;;9967;11;9971;21;;;9964.0;0.0
yf_BGS_d2;47900;INTARIAN_PEPPER_ROOT;11428;18;11426;17;;;11434;15;11438;22;;;11431.0;0.0
yf_BGS_d2;48000;ASH_COATED_OSMIUM;9960;15;9957;14;;;9966;19;9969;16;;;9963.0;0.0
yf_BGS_d2;48000;INTARIAN_PEPPER_ROOT;11424;23;11420;22;;;11443;20;11445;18;;;11433.5;0.0
yf_BGS_d2;48100;ASH_COATED_OSMIUM;9960;19;9956;22;;;9966;16;9969;12;;;9963.0;0.0
yf_BGS_d2;48100;INTARIAN_PEPPER_ROOT;11433;18;11429;22;;;11443;8;11447;26;;;11438.0;0.0
yf_BGS_d2;48200;ASH_COATED_OSMIUM;9954;8;9951;26;;;9972;16;9975;14;;;9963.0;0.0
yf_BGS_d2;48200;INTARIAN_PEPPER_ROOT;11439;17;11435;25;;;11445;21;11447;27;;;11442.0;0.0
yf_BGS_d2;48300;ASH_COATED_OSMIUM;9960;20;9956;18;;;9966;11;9970;19;;;9963.0;0.0
yf_BGS_d2;48300;INTARIAN_PEPPER_ROOT;11442;18;11438;24;;;11448;13;11452;24;;;11445.0;0.0
yf_BGS_d2;48400;ASH_COATED_OSMIUM;9956;15;9952;28;;;9970;21;9973;27;;;9963.0;0.0
yf_BGS_d2;48400;INTARIAN_PEPPER_ROOT;11446;16;11443;24;;;11452;8;11454;14;;;11449.0;0.0
yf_BGS_d2;48500;ASH_COATED_OSMIUM;9959;12;9956;11;;;9965;13;9967;20;;;9962.0;0.0
yf_BGS_d2;48500;INTARIAN_PEPPER_ROOT;11450;18;11447;25;;;11456;21;11460;20;;;11453.0;0.0
yf_BGS_d2;48600;ASH_COATED_OSMIUM;9959;10;9955;21;;;9965;17;9967;16;;;9962.0;0.0
yf_BGS_d2;48600;INTARIAN_PEPPER_ROOT;11445;12;11442;18;;;11468;10;11472;20;;;11456.5;0.0
yf_BGS_d2;48700;ASH_COATED_OSMIUM;9959;16;9956;16;;;9965;16;9968;22;;;9962.0;0.0
yf_BGS_d2;48700;INTARIAN_PEPPER_ROOT;11454;14;11451;22;;;11464;14;11468;23;;;11459.0;0.0
yf_BGS_d2;48800;ASH_COATED_OSMIUM;9960;13;9958;8;;;9966;7;9970;35;;;9963.0;0.0
yf_BGS_d2;48800;INTARIAN_PEPPER_ROOT;11461;15;11458;17;;;11467;14;11471;31;;;11464.0;0.0
yf_BGS_d2;48900;ASH_COATED_OSMIUM;9953;16;9951;23;;;9971;20;9975;19;;;9962.0;0.0
yf_BGS_d2;48900;INTARIAN_PEPPER_ROOT;11456;16;11453;19;;;11478;11;11482;18;;;11467.0;0.0
yf_BGS_d2;49000;ASH_COATED_OSMIUM;9957;8;9954;22;;;9967;5;9969;18;;;9962.0;0.0
yf_BGS_d2;49000;INTARIAN_PEPPER_ROOT;11468;16;11464;20;;;11474;16;11477;15;;;11471.0;0.0
yf_BGS_d2;49100;ASH_COATED_OSMIUM;9958;14;9954;21;;;9964;15;9968;19;;;9961.0;0.0
yf_BGS_d2;49100;INTARIAN_PEPPER_ROOT;11468;19;11464;23;;;11481;9;11485;16;;;11474.5;0.0
yf_BGS_d2;49200;ASH_COATED_OSMIUM;9959;19;9957;22;;;9965;16;9967;9;;;9962.0;0.0
yf_BGS_d2;49200;INTARIAN_PEPPER_ROOT;11472;9;11469;13;;;11486;20;11489;13;;;11479.0;0.0
yf_BGS_d2;49300;ASH_COATED_OSMIUM;9959;18;9956;19;;;9965;18;9968;14;;;9962.0;0.0
yf_BGS_d2;49300;INTARIAN_PEPPER_ROOT;11480;14;11476;25;;;11486;9;11490;20;;;11483.0;0.0
yf_BGS_d2;49400;ASH_COATED_OSMIUM;9951;17;9947;26;;;9972;12;9976;22;;;9961.5;0.0
yf_BGS_d2;49400;INTARIAN_PEPPER_ROOT;11475;7;11471;20;;;11498;17;11502;20;;;11486.5;0.0
yf_BGS_d2;49500;ASH_COATED_OSMIUM;9955;15;9953;20;;;9968;9;9971;26;;;9961.5;0.0
yf_BGS_d2;49500;INTARIAN_PEPPER_ROOT;11487;17;11485;27;;;11493;15;11496;26;;;11490.0;0.0
yf_BGS_d2;49600;ASH_COATED_OSMIUM;9956;16;9952;11;;;9969;18;9973;12;;;9962.5;0.0
yf_BGS_d2;49600;INTARIAN_PEPPER_ROOT;11491;16;11487;24;;;11497;15;11499;16;;;11494.0;0.0
yf_BGS_d2;49700;ASH_COATED_OSMIUM;9959;18;9955;23;;;9965;17;9969;18;;;9962.0;0.0
yf_BGS_d2;49700;INTARIAN_PEPPER_ROOT;11492;16;11490;24;;;11504;18;11508;19;;;11498.0;0.0
yf_BGS_d2;49800;ASH_COATED_OSMIUM;9957;8;9955;22;;;9967;10;9970;20;;;9962.0;0.0
yf_BGS_d2;49800;INTARIAN_PEPPER_ROOT;11499;18;11497;11;;;11505;7;11507;13;;;11502.0;0.0
yf_BGS_d2;49900;ASH_COATED_OSMIUM;9958;18;9955;21;;;9964;9;9966;25;;;9961.0;0.0
yf_BGS_d2;49900;INTARIAN_PEPPER_ROOT;11502;12;11500;15;;;11508;17;11511;11;;;11505.0;0.0
yf_BGS_d2;50000;ASH_COATED_OSMIUM;9959;17;9955;23;;;9965;16;9968;14;;;9962.0;0.0
yf_BGS_d2;50000;INTARIAN_PEPPER_ROOT;11506;7;11504;26;;;11512;11;11515;12;;;11509.0;0.0
yf_BGS_d2;50100;ASH_COATED_OSMIUM;9958;16;9956;15;;;9964;18;9966;19;;;9961.0;0.0
yf_BGS_d2;50100;INTARIAN_PEPPER_ROOT;11510;15;11506;22;;;11516;14;11519;26;;;11513.0;0.0
yf_BGS_d2;50200;ASH_COATED_OSMIUM;9958;9;9956;17;;;9964;11;9967;19;;;9961.0;0.0
yf_BGS_d2;50200;INTARIAN_PEPPER_ROOT;11511;18;11509;18;;;11522;13;11525;19;;;11516.5;0.0
yf_BGS_d2;50300;ASH_COATED_OSMIUM;9958;19;9955;17;;;9964;13;9968;24;;;9961.0;0.0
yf_BGS_d2;50300;INTARIAN_PEPPER_ROOT;11517;8;11513;13;;;11525;9;11527;18;;;11521.0;0.0
yf_BGS_d2;50400;ASH_COATED_OSMIUM;9955;19;9952;31;;;9967;18;9970;22;;;9961.0;0.0
yf_BGS_d2;50400;INTARIAN_PEPPER_ROOT;11522;12;11519;19;;;11528;11;11530;19;;;11525.0;0.0
yf_BGS_d2;50500;ASH_COATED_OSMIUM;9958;25;9956;26;;;9964;16;9968;18;;;9961.0;0.0
yf_BGS_d2;50500;INTARIAN_PEPPER_ROOT;11520;14;11517;18;;;11535;15;11537;21;;;11527.5;0.0
yf_BGS_d2;50600;ASH_COATED_OSMIUM;9958;18;9956;16;;;9964;18;9967;18;;;9961.0;0.0
yf_BGS_d2;50600;INTARIAN_PEPPER_ROOT;11529;9;11526;32;;;11535;10;11539;16;;;11532.0;0.0
yf_BGS_d2;50700;ASH_COATED_OSMIUM;9957;14;9953;20;;;9963;16;9967;24;;;9960.0;0.0
yf_BGS_d2;50700;INTARIAN_PEPPER_ROOT;11532;16;11530;20;;;11538;18;11542;19;;;11535.0;0.0
yf_BGS_d2;50800;ASH_COATED_OSMIUM;9950;10;9947;16;;;9970;21;9974;30;;;9960.0;0.0
yf_BGS_d2;50800;INTARIAN_PEPPER_ROOT;11536;15;11532;17;;;11542;19;11545;15;;;11539.0;0.0
yf_BGS_d2;50900;ASH_COATED_OSMIUM;9957;20;9953;29;;;9963;13;9967;22;;;9960.0;0.0
yf_BGS_d2;50900;INTARIAN_PEPPER_ROOT;11537;9;11534;10;;;11543;13;11545;27;;;11540.0;0.0
yf_BGS_d2;51000;ASH_COATED_OSMIUM;9957;23;9955;9;;;9963;14;9966;14;;;9960.0;0.0
yf_BGS_d2;51000;INTARIAN_PEPPER_ROOT;11529;17;11525;24;;;11548;15;11552;14;;;11538.5;0.0
yf_BGS_d2;51100;ASH_COATED_OSMIUM;9957;9;9955;21;;;9963;5;9965;20;;;9960.0;0.0
yf_BGS_d2;51100;INTARIAN_PEPPER_ROOT;11521;7;11517;28;;;11554;7;11558;18;;;11537.5;0.0
yf_BGS_d2;51200;ASH_COATED_OSMIUM;9957;7;9954;17;;;9963;19;9967;12;;;9960.0;0.0
yf_BGS_d2;51200;INTARIAN_PEPPER_ROOT;11534;17;11531;23;;;11540;14;11543;12;;;11537.0;0.0
yf_BGS_d2;51300;ASH_COATED_OSMIUM;9956;16;9952;21;;;9962;10;9964;27;;;9959.0;0.0
yf_BGS_d2;51300;INTARIAN_PEPPER_ROOT;11532;15;11529;13;;;11538;14;11540;24;;;11535.0;0.0
yf_BGS_d2;51400;ASH_COATED_OSMIUM;9956;15;9953;26;;;9962;19;9966;25;;;9959.0;0.0
yf_BGS_d2;51400;INTARIAN_PEPPER_ROOT;11523;9;11520;25;;;11547;15;11550;24;;;11535.0;0.0
yf_BGS_d2;51500;ASH_COATED_OSMIUM;9956;11;9952;16;;;9962;8;9964;23;;;9959.0;0.0
yf_BGS_d2;51500;INTARIAN_PEPPER_ROOT;11529;14;11525;17;;;11539;23;11542;16;;;11534.0;0.0
yf_BGS_d2;51600;ASH_COATED_OSMIUM;9956;12;9954;14;;;9962;16;9964;18;;;9959.0;0.0
yf_BGS_d2;51600;INTARIAN_PEPPER_ROOT;11527;18;11525;13;;;11537;22;11541;19;;;11532.0;0.0
yf_BGS_d2;51700;ASH_COATED_OSMIUM;9955;19;9952;21;;;9961;15;9965;25;;;9958.0;0.0
yf_BGS_d2;51700;INTARIAN_PEPPER_ROOT;11528;15;11526;15;;;11534;16;11537;12;;;11531.0;0.0
yf_BGS_d2;51800;ASH_COATED_OSMIUM;9956;19;9954;24;;;9962;5;9964;23;;;9959.0;0.0
yf_BGS_d2;51800;INTARIAN_PEPPER_ROOT;11527;14;11523;27;;;11533;19;11535;19;;;11530.0;0.0
yf_BGS_d2;51900;ASH_COATED_OSMIUM;9956;22;9953;19;;;9962;19;9966;15;;;9959.0;0.0
yf_BGS_d2;51900;INTARIAN_PEPPER_ROOT;11525;17;11521;14;;;11534;15;11536;12;;;11529.5;0.0
yf_BGS_d2;52000;ASH_COATED_OSMIUM;9955;17;9952;24;;;9961;13;9965;26;;;9958.0;0.0
yf_BGS_d2;52000;INTARIAN_PEPPER_ROOT;11525;17;11522;13;;;11532;18;11535;15;;;11528.5;0.0
yf_BGS_d2;52100;ASH_COATED_OSMIUM;9950;15;9946;18;;;9964;13;9968;18;;;9957.0;0.0
yf_BGS_d2;52100;INTARIAN_PEPPER_ROOT;11524;9;11522;23;;;11530;11;11534;14;;;11527.0;0.0
yf_BGS_d2;52200;ASH_COATED_OSMIUM;9954;19;9951;14;;;9960;5;9963;20;;;9957.0;0.0
yf_BGS_d2;52200;INTARIAN_PEPPER_ROOT;11523;16;11519;20;;;11529;14;11532;17;;;11526.0;0.0
yf_BGS_d2;52300;ASH_COATED_OSMIUM;9955;7;9952;23;;;9961;8;9963;13;;;9958.0;0.0
yf_BGS_d2;52300;INTARIAN_PEPPER_ROOT;11522;11;11519;13;;;11528;13;11532;16;;;11525.0;0.0
yf_BGS_d2;52400;ASH_COATED_OSMIUM;9954;15;9951;10;;;9960;15;9964;21;;;9957.0;0.0
yf_BGS_d2;52400;INTARIAN_PEPPER_ROOT;11518;21;11515;28;;;11529;7;11532;22;;;11523.5;0.0
yf_BGS_d2;52500;ASH_COATED_OSMIUM;9948;19;9944;9;;;9964;20;9967;11;;;9956.0;0.0
yf_BGS_d2;52500;INTARIAN_PEPPER_ROOT;11520;16;11517;19;;;11526;16;11528;24;;;11523.0;0.0
yf_BGS_d2;52600;ASH_COATED_OSMIUM;9953;10;9950;16;;;9959;10;9961;18;;;9956.0;0.0
yf_BGS_d2;52600;INTARIAN_PEPPER_ROOT;11518;20;11516;26;;;11524;7;11526;25;;;11521.0;0.0
yf_BGS_d2;52700;ASH_COATED_OSMIUM;9953;7;9950;23;;;9960;11;9963;22;;;9956.5;0.0
yf_BGS_d2;52700;INTARIAN_PEPPER_ROOT;11518;18;11515;15;;;11524;12;11526;15;;;11521.0;0.0
yf_BGS_d2;52800;ASH_COATED_OSMIUM;9952;11;9948;16;;;9961;10;9963;20;;;9956.5;0.0
yf_BGS_d2;52800;INTARIAN_PEPPER_ROOT;11516;5;11512;21;;;11522;19;11524;23;;;11519.0;0.0
yf_BGS_d2;52900;ASH_COATED_OSMIUM;9951;5;9947;15;;;9960;13;9962;11;;;9955.5;0.0
yf_BGS_d2;52900;INTARIAN_PEPPER_ROOT;11515;17;11511;16;;;11521;17;11525;25;;;11518.0;0.0
yf_BGS_d2;53000;ASH_COATED_OSMIUM;9953;22;9951;11;;;9959;19;9962;27;;;9956.0;0.0
yf_BGS_d2;53000;INTARIAN_PEPPER_ROOT;11514;24;11512;27;;;11520;6;11524;29;;;11517.0;0.0
yf_BGS_d2;53100;ASH_COATED_OSMIUM;9952;13;9950;26;;;9958;12;9962;19;;;9955.0;0.0
yf_BGS_d2;53100;INTARIAN_PEPPER_ROOT;11506;17;11503;19;;;11525;11;11528;21;;;11515.5;0.0
yf_BGS_d2;53200;ASH_COATED_OSMIUM;9952;15;9949;23;;;9958;14;9960;20;;;9955.0;0.0
yf_BGS_d2;53200;INTARIAN_PEPPER_ROOT;11512;24;11508;18;;;11518;13;11521;20;;;11515.0;0.0
yf_BGS_d2;53300;ASH_COATED_OSMIUM;9948;12;9945;20;;;9963;25;9967;20;;;9955.5;0.0
yf_BGS_d2;53300;INTARIAN_PEPPER_ROOT;11505;16;11503;25;;;11523;13;11527;21;;;11514.0;0.0
yf_BGS_d2;53400;ASH_COATED_OSMIUM;9951;11;9947;21;;;9957;12;9959;13;;;9954.0;0.0
yf_BGS_d2;53400;INTARIAN_PEPPER_ROOT;11510;10;11507;18;;;11516;8;11519;21;;;11513.0;0.0
yf_BGS_d2;53500;ASH_COATED_OSMIUM;9951;20;9948;20;;;9959;17;9963;22;;;9955.0;0.0
yf_BGS_d2;53500;INTARIAN_PEPPER_ROOT;11509;14;11506;19;;;11515;15;11518;16;;;11512.0;0.0
yf_BGS_d2;53600;ASH_COATED_OSMIUM;9948;16;9946;19;;;9961;15;9964;19;;;9954.5;0.0
yf_BGS_d2;53600;INTARIAN_PEPPER_ROOT;11508;17;11505;21;;;11514;13;11517;8;;;11511.0;0.0
yf_BGS_d2;53700;ASH_COATED_OSMIUM;9951;14;9947;13;;;9957;20;9960;26;;;9954.0;0.0
yf_BGS_d2;53700;INTARIAN_PEPPER_ROOT;11506;13;11503;23;;;11512;16;11514;17;;;11509.0;0.0
yf_BGS_d2;53800;ASH_COATED_OSMIUM;9951;19;9947;22;;;9957;15;9959;21;;;9954.0;0.0
yf_BGS_d2;53800;INTARIAN_PEPPER_ROOT;11500;12;11497;14;;;11517;20;11519;18;;;11508.5;0.0
yf_BGS_d2;53900;ASH_COATED_OSMIUM;9949;23;9945;21;;;9960;18;9963;15;;;9954.5;0.0
yf_BGS_d2;53900;INTARIAN_PEPPER_ROOT;11483;6;11480;25;;;11531;8;11535;15;;;11507.0;0.0
yf_BGS_d2;54000;ASH_COATED_OSMIUM;9950;15;9947;25;;;9956;20;9959;13;;;9953.0;0.0
yf_BGS_d2;54000;INTARIAN_PEPPER_ROOT;11501;16;11499;24;;;11511;9;11514;24;;;11506.0;0.0
yf_BGS_d2;54100;ASH_COATED_OSMIUM;9948;14;9945;21;;;9959;16;9963;17;;;9953.5;0.0
yf_BGS_d2;54100;INTARIAN_PEPPER_ROOT;11502;7;11500;14;;;11508;16;11512;13;;;11505.0;0.0
yf_BGS_d2;54200;ASH_COATED_OSMIUM;9949;16;9946;14;;;9955;12;9957;17;;;9952.0;0.0
yf_BGS_d2;54200;INTARIAN_PEPPER_ROOT;11496;23;11492;18;;;11512;10;11514;26;;;11504.0;0.0
yf_BGS_d2;54300;ASH_COATED_OSMIUM;9950;20;9948;20;;;9956;9;9958;13;;;9953.0;0.0
yf_BGS_d2;54300;INTARIAN_PEPPER_ROOT;11495;20;11491;18;;;11511;5;11515;18;;;11503.0;0.0
yf_BGS_d2;54400;ASH_COATED_OSMIUM;9945;16;9943;20;;;9962;14;9965;18;;;9953.5;0.0
yf_BGS_d2;54400;INTARIAN_PEPPER_ROOT;11499;20;11497;14;;;11505;5;11508;14;;;11502.0;0.0
yf_BGS_d2;54500;ASH_COATED_OSMIUM;9950;14;9946;19;;;9956;9;9958;20;;;9953.0;0.0
yf_BGS_d2;54500;INTARIAN_PEPPER_ROOT;11497;16;11495;18;;;11505;6;11509;20;;;11501.0;0.0
yf_BGS_d2;54600;ASH_COATED_OSMIUM;9947;17;9944;23;;;9959;21;9962;15;;;9953.0;0.0
yf_BGS_d2;54600;INTARIAN_PEPPER_ROOT;11496;23;11494;14;;;11502;18;11505;20;;;11499.0;0.0
yf_BGS_d2;54700;ASH_COATED_OSMIUM;9949;14;9947;13;;;9955;18;9959;20;;;9952.0;0.0
yf_BGS_d2;54700;INTARIAN_PEPPER_ROOT;11496;10;11494;21;;;11502;22;11506;17;;;11499.0;0.0
yf_BGS_d2;54800;ASH_COATED_OSMIUM;9948;10;9946;8;;;9954;17;9958;18;;;9951.0;0.0
yf_BGS_d2;54800;INTARIAN_PEPPER_ROOT;11491;18;11488;27;;;11505;16;11508;11;;;11498.0;0.0
yf_BGS_d2;54900;ASH_COATED_OSMIUM;9949;19;9945;24;;;9955;11;9958;19;;;9952.0;0.0
yf_BGS_d2;54900;INTARIAN_PEPPER_ROOT;11487;11;11485;31;;;11505;30;11508;9;;;11496.0;0.0
yf_BGS_d2;55000;ASH_COATED_OSMIUM;9947;13;9944;18;;;9956;15;9960;22;;;9951.5;0.0
yf_BGS_d2;55000;INTARIAN_PEPPER_ROOT;11492;16;11489;18;;;11498;12;11501;17;;;11495.0;0.0
yf_BGS_d2;55100;ASH_COATED_OSMIUM;9948;13;9944;28;;;9954;26;9957;22;;;9951.0;0.0
yf_BGS_d2;55100;INTARIAN_PEPPER_ROOT;11484;14;11482;21;;;11505;12;11509;12;;;11494.5;0.0
yf_BGS_d2;55200;ASH_COATED_OSMIUM;9948;21;9944;20;;;9954;15;9956;16;;;9951.0;0.0
yf_BGS_d2;55200;INTARIAN_PEPPER_ROOT;11490;9;11487;23;;;11496;11;11500;20;;;11493.0;0.0
yf_BGS_d2;55300;ASH_COATED_OSMIUM;9948;14;9944;20;;;9954;19;9957;15;;;9951.0;0.0
yf_BGS_d2;55300;INTARIAN_PEPPER_ROOT;11489;17;11487;17;;;11495;16;11499;23;;;11492.0;0.0
yf_BGS_d2;55400;ASH_COATED_OSMIUM;9944;6;9942;23;;;9958;14;9960;22;;;9951.0;0.0
yf_BGS_d2;55400;INTARIAN_PEPPER_ROOT;11488;5;11486;16;;;11494;15;11497;11;;;11491.0;0.0
yf_BGS_d2;55500;ASH_COATED_OSMIUM;9948;19;9944;26;;;9954;13;9958;25;;;9951.0;0.0
yf_BGS_d2;55500;INTARIAN_PEPPER_ROOT;11486;15;11483;25;;;11492;17;11495;21;;;11489.0;0.0
yf_BGS_d2;55600;ASH_COATED_OSMIUM;9947;11;9944;15;;;9953;16;9957;21;;;9950.0;0.0
yf_BGS_d2;55600;INTARIAN_PEPPER_ROOT;11483;24;11479;22;;;11495;23;11497;15;;;11489.0;0.0
yf_BGS_d2;55700;ASH_COATED_OSMIUM;9946;9;9944;31;;;9952;13;9954;18;;;9949.0;0.0
yf_BGS_d2;55700;INTARIAN_PEPPER_ROOT;11485;12;11481;18;;;11491;12;11494;14;;;11488.0;0.0
yf_BGS_d2;55800;ASH_COATED_OSMIUM;9947;14;9944;21;;;9953;9;9957;9;;;9950.0;0.0
yf_BGS_d2;55800;INTARIAN_PEPPER_ROOT;11475;15;11472;23;;;11500;19;11504;26;;;11487.5;0.0
yf_BGS_d2;55900;ASH_COATED_OSMIUM;9946;17;9942;13;;;9952;16;9954;17;;;9949.0;0.0
yf_BGS_d2;55900;INTARIAN_PEPPER_ROOT;11483;9;11480;26;;;11489;17;11493;17;;;11486.0;0.0
yf_BGS_d2;56000;ASH_COATED_OSMIUM;9947;15;9943;15;;;9953;18;9955;18;;;9950.0;0.0
yf_BGS_d2;56000;INTARIAN_PEPPER_ROOT;11482;15;11478;24;;;11488;8;11491;18;;;11485.0;0.0
yf_BGS_d2;56100;ASH_COATED_OSMIUM;9946;10;9943;22;;;9952;8;9956;12;;;9949.0;0.0
yf_BGS_d2;56100;INTARIAN_PEPPER_ROOT;11478;18;11475;19;;;11488;22;11492;23;;;11483.0;0.0
yf_BGS_d2;56200;ASH_COATED_OSMIUM;9945;20;9943;12;;;9953;13;9957;16;;;9949.0;0.0
yf_BGS_d2;56200;INTARIAN_PEPPER_ROOT;11480;11;11477;20;;;11486;17;11488;17;;;11483.0;0.0
yf_BGS_d2;56300;ASH_COATED_OSMIUM;9945;12;9941;18;;;9953;18;9956;20;;;9949.0;0.0
yf_BGS_d2;56300;INTARIAN_PEPPER_ROOT;11479;17;11475;30;;;11485;5;11489;18;;;11482.0;0.0
yf_BGS_d2;56400;ASH_COATED_OSMIUM;9946;8;9942;13;;;9952;13;9955;23;;;9949.0;0.0
yf_BGS_d2;56400;INTARIAN_PEPPER_ROOT;11477;20;11474;21;;;11483;9;11486;17;;;11480.0;0.0
yf_BGS_d2;56500;ASH_COATED_OSMIUM;9946;15;9944;21;;;9952;20;9956;15;;;9949.0;0.0
yf_BGS_d2;56500;INTARIAN_PEPPER_ROOT;11476;21;11473;22;;;11482;19;11484;16;;;11479.0;0.0
yf_BGS_d2;56600;ASH_COATED_OSMIUM;9937;13;9933;13;;;9959;5;9962;17;;;9948.0;0.0
yf_BGS_d2;56600;INTARIAN_PEPPER_ROOT;11474;7;11472;20;;;11481;8;11483;21;;;11477.5;0.0
yf_BGS_d2;56700;ASH_COATED_OSMIUM;9935;7;9933;30;;;9960;13;9962;19;;;9947.5;0.0
yf_BGS_d2;56700;INTARIAN_PEPPER_ROOT;11472;16;11468;24;;;11483;22;11485;18;;;11477.5;0.0
yf_BGS_d2;56800;ASH_COATED_OSMIUM;9945;16;9943;20;;;9951;19;9955;18;;;9948.0;0.0
yf_BGS_d2;56800;INTARIAN_PEPPER_ROOT;11473;11;11470;22;;;11479;19;11481;19;;;11476.0;0.0
yf_BGS_d2;56900;ASH_COATED_OSMIUM;9941;20;9938;21;;;9953;13;9956;25;;;9947.0;0.0
yf_BGS_d2;56900;INTARIAN_PEPPER_ROOT;11472;10;11469;22;;;11478;9;11482;15;;;11475.0;0.0
yf_BGS_d2;57000;ASH_COATED_OSMIUM;9943;11;9939;18;;;9953;13;9956;16;;;9948.0;0.0
yf_BGS_d2;57000;INTARIAN_PEPPER_ROOT;11471;14;11468;8;;;11477;13;11481;28;;;11474.0;0.0
yf_BGS_d2;57100;ASH_COATED_OSMIUM;9920;15;9918;23;;;9973;18;9976;19;;;9946.5;0.0
yf_BGS_d2;57100;INTARIAN_PEPPER_ROOT;11470;15;11468;24;;;11476;14;11479;18;;;11473.0;0.0
yf_BGS_d2;57200;ASH_COATED_OSMIUM;9944;20;9940;31;;;9950;9;9954;21;;;9947.0;0.0
yf_BGS_d2;57200;INTARIAN_PEPPER_ROOT;11468;24;11464;21;;;11474;22;11477;20;;;11471.0;0.0
yf_BGS_d2;57300;ASH_COATED_OSMIUM;9944;14;9942;18;;;9950;16;9954;15;;;9947.0;0.0
yf_BGS_d2;57300;INTARIAN_PEPPER_ROOT;11454;16;11450;17;;;11486;15;11488;19;;;11470.0;0.0
yf_BGS_d2;57400;ASH_COATED_OSMIUM;9944;11;9940;21;;;9950;15;9954;21;;;9947.0;0.0
yf_BGS_d2;57400;INTARIAN_PEPPER_ROOT;11463;15;11461;34;;;11476;18;11480;21;;;11469.5;0.0
yf_BGS_d2;57500;ASH_COATED_OSMIUM;9936;5;9934;23;;;9956;17;9959;15;;;9946.0;0.0
yf_BGS_d2;57500;INTARIAN_PEPPER_ROOT;11465;13;11463;26;;;11471;23;11473;19;;;11468.0;0.0
yf_BGS_d2;57600;ASH_COATED_OSMIUM;9942;22;9939;21;;;9951;9;9953;10;;;9946.5;0.0
yf_BGS_d2;57600;INTARIAN_PEPPER_ROOT;11464;10;11461;20;;;11470;11;11472;19;;;11467.0;0.0
yf_BGS_d2;57700;ASH_COATED_OSMIUM;9943;16;9939;8;;;9949;14;9952;23;;;9946.0;0.0
yf_BGS_d2;57700;INTARIAN_PEPPER_ROOT;11463;23;11461;21;;;11469;27;11473;27;;;11466.0;0.0
yf_BGS_d2;57800;ASH_COATED_OSMIUM;9942;11;9938;24;;;9949;15;9952;20;;;9945.5;0.0
yf_BGS_d2;57800;INTARIAN_PEPPER_ROOT;11455;9;11451;16;;;11476;13;11478;15;;;11465.5;0.0
yf_BGS_d2;57900;ASH_COATED_OSMIUM;9939;17;9935;20;;;9952;15;9956;22;;;9945.5;0.0
yf_BGS_d2;57900;INTARIAN_PEPPER_ROOT;11461;18;11459;22;;;11467;16;11471;18;;;11464.0;0.0
yf_BGS_d2;58000;ASH_COATED_OSMIUM;9932;9;9928;16;;;9959;13;9961;18;;;9945.5;0.0
yf_BGS_d2;58000;INTARIAN_PEPPER_ROOT;11460;15;11456;23;;;11466;17;11469;9;;;11463.0;0.0
yf_BGS_d2;58100;ASH_COATED_OSMIUM;9942;17;9938;17;;;9948;7;9952;16;;;9945.0;0.0
yf_BGS_d2;58100;INTARIAN_PEPPER_ROOT;11458;22;11455;10;;;11465;9;11467;21;;;11461.5;0.0
yf_BGS_d2;58200;ASH_COATED_OSMIUM;9932;11;9929;25;;;9957;14;9960;20;;;9944.5;0.0
yf_BGS_d2;58200;INTARIAN_PEPPER_ROOT;11456;9;11454;31;;;11465;22;11467;17;;;11460.5;0.0
yf_BGS_d2;58300;ASH_COATED_OSMIUM;9941;24;9938;18;;;9947;15;9951;17;;;9944.0;0.0
yf_BGS_d2;58300;INTARIAN_PEPPER_ROOT;11452;15;11449;13;;;11466;19;11469;15;;;11459.0;0.0
yf_BGS_d2;58400;ASH_COATED_OSMIUM;9942;13;9939;10;;;9948;15;9951;12;;;9945.0;0.0
yf_BGS_d2;58400;INTARIAN_PEPPER_ROOT;11456;9;11452;23;;;11462;15;11466;14;;;11459.0;0.0
yf_BGS_d2;58500;ASH_COATED_OSMIUM;9940;5;9937;18;;;9949;20;9951;11;;;9944.5;0.0
yf_BGS_d2;58500;INTARIAN_PEPPER_ROOT;11455;18;11453;22;;;11461;11;11463;18;;;11458.0;0.0
yf_BGS_d2;58600;ASH_COATED_OSMIUM;9941;12;9939;25;;;9947;24;9951;22;;;9944.0;0.0
yf_BGS_d2;58600;INTARIAN_PEPPER_ROOT;11453;15;11450;21;;;11459;12;11462;32;;;11456.0;0.0
yf_BGS_d2;58700;ASH_COATED_OSMIUM;9941;17;9939;19;;;9947;18;9949;18;;;9944.0;0.0
yf_BGS_d2;58700;INTARIAN_PEPPER_ROOT;11452;23;11450;15;;;11458;5;11462;24;;;11455.0;0.0
yf_BGS_d2;58800;ASH_COATED_OSMIUM;9937;15;9934;23;;;9949;17;9952;19;;;9943.0;0.0
yf_BGS_d2;58800;INTARIAN_PEPPER_ROOT;11451;24;11449;25;;;11457;10;11459;23;;;11454.0;0.0
yf_BGS_d2;58900;ASH_COATED_OSMIUM;9935;26;9932;24;;;9952;15;9955;21;;;9943.5;0.0
yf_BGS_d2;58900;INTARIAN_PEPPER_ROOT;11448;9;11445;18;;;11457;12;11461;15;;;11452.5;0.0
yf_BGS_d2;59000;ASH_COATED_OSMIUM;9940;15;9938;26;;;9946;15;9949;20;;;9943.0;0.0
