day;timestamp;product;bid_price_1;bid_volume_1;bid_price_2;bid_volume_2;bid_price_3;bid_volume_3;ask_price_1;ask_volume_1;ask_price_2;ask_volume_2;ask_price_3;ask_volume_3;mid_price;profit_and_loss
av_CORN_d1;0;ASH_COATED_OSMIUM;9897;11;9893;19;;;9903;7;9905;9;;;9900.0;0.0
av_CORN_d1;0;INTARIAN_PEPPER_ROOT;10327;20;10324;18;;;10333;12;10335;24;;;10330.0;0.0
av_CORN_d1;100;ASH_COATED_OSMIUM;9895;21;9892;21;;;9905;12;9907;12;;;9900.0;0.0
av_CORN_d1;100;INTARIAN_PEPPER_ROOT;10325;20;10322;18;;;10331;17;10334;21;;;10328.0;0.0
av_CORN_d1;200;ASH_COATED_OSMIUM;9884;15;9882;23;;;9916;11;9920;21;;;9900.0;0.0
av_CORN_d1;200;INTARIAN_PEPPER_ROOT;10323;21;10320;13;;;10335;19;10338;25;;;10329.0;0.0
av_CORN_d1;300;ASH_COATED_OSMIUM;9895;7;9893;19;;;9905;7;9907;25;;;9900.0;0.0
av_CORN_d1;300;INTARIAN_PEPPER_ROOT;10323;17;10319;19;;;10333;19;10337;29;;;10328.0;0.0
av_CORN_d1;400;ASH_COATED_OSMIUM;9890;23;9886;19;;;9911;18;9913;22;;;9900.5;0.0
av_CORN_d1;400;INTARIAN_PEPPER_ROOT;10324;18;10320;15;;;10330;8;10333;18;;;10327.0;0.0
av_CORN_d1;500;ASH_COATED_OSMIUM;9895;12;9892;21;;;9907;18;9909;17;;;9901.0;0.0
av_CORN_d1;500;INTARIAN_PEPPER_ROOT;10324;19;10321;18;;;10330;13;10333;11;;;10327.0;0.0
av_CORN_d1;600;ASH_COATED_OSMIUM;9898;17;9896;17;;;9905;26;9908;14;;;9901.5;0.0
av_CORN_d1;600;INTARIAN_PEPPER_ROOT;10324;21;10320;21;;;10330;15;10332;19;;;10327.0;0.0
av_CORN_d1;700;ASH_COATED_OSMIUM;9897;14;9894;20;;;9904;18;9906;13;;;9900.5;0.0
av_CORN_d1;700;INTARIAN_PEPPER_ROOT;10324;5;10322;18;;;10330;16;10333;14;;;10327.0;0.0
av_CORN_d1;800;ASH_COATED_OSMIUM;9898;14;9896;26;;;9904;13;9906;17;;;9901.0;0.0
av_CORN_d1;800;INTARIAN_PEPPER_ROOT;10319;11;10316;26;;;10333;13;10336;29;;;10326.0;0.0
av_CORN_d1;900;ASH_COATED_OSMIUM;9899;13;9896;18;;;9905;15;9908;23;;;9902.0;0.0
av_CORN_d1;900;INTARIAN_PEPPER_ROOT;10323;18;10320;16;;;10329;17;10333;15;;;10326.0;0.0
av_CORN_d1;1000;ASH_COATED_OSMIUM;9898;7;9896;22;;;9906;24;9908;22;;;9902.0;0.0
av_CORN_d1;1000;INTARIAN_PEPPER_ROOT;10322;20;10318;26;;;10328;12;10331;16;;;10325.0;0.0
av_CORN_d1;1100;ASH_COATED_OSMIUM;9899;17;9895;21;;;9905;17;9908;30;;;9902.0;0.0
av_CORN_d1;1100;INTARIAN_PEPPER_ROOT;10322;15;10320;14;;;10328;16;10330;27;;;10325.0;0.0
av_CORN_d1;1200;ASH_COATED_OSMIUM;9899;18;9896;23;;;9905;11;9907;18;;;9902.0;0.0
av_CORN_d1;1200;INTARIAN_PEPPER_ROOT;10321;23;10318;27;;;10327;19;10331;22;;;10324.0;0.0
av_CORN_d1;1300;ASH_COATED_OSMIUM;9895;20;9892;15;;;9910;15;9914;22;;;9902.5;0.0
av_CORN_d1;1300;INTARIAN_PEPPER_ROOT;10319;22;10317;20;;;10330;22;10332;19;;;10324.5;0.0
av_CORN_d1;1400;ASH_COATED_OSMIUM;9894;5;9892;20;;;9911;18;9915;16;;;9902.5;0.0
av_CORN_d1;1400;INTARIAN_PEPPER_ROOT;10321;17;10318;20;;;10327;23;10329;15;;;10324.0;0.0
av_CORN_d1;1500;ASH_COATED_OSMIUM;9900;19;9896;27;;;9906;19;9908;22;;;9903.0;0.0
av_CORN_d1;1500;INTARIAN_PEPPER_ROOT;10309;17;10306;21;;;10339;22;10342;22;;;10324.0;0.0
av_CORN_d1;1600;ASH_COATED_OSMIUM;9900;25;9897;20;;;9908;13;9912;28;;;9904.0;0.0
av_CORN_d1;1600;INTARIAN_PEPPER_ROOT;10321;15;10319;16;;;10327;16;10329;22;;;10324.0;0.0
av_CORN_d1;1700;ASH_COATED_OSMIUM;9884;7;9881;11;;;9921;14;9923;22;;;9902.5;0.0
av_CORN_d1;1700;INTARIAN_PEPPER_ROOT;10320;25;10318;22;;;10326;15;10330;15;;;10323.0;0.0
av_CORN_d1;1800;ASH_COATED_OSMIUM;9901;20;9898;23;;;9907;15;9909;18;;;9904.0;0.0
av_CORN_d1;1800;INTARIAN_PEPPER_ROOT;10319;18;10317;25;;;10325;22;10327;13;;;10322.0;0.0
av_CORN_d1;1900;ASH_COATED_OSMIUM;9901;8;9898;10;;;9909;14;9911;26;;;9905.0;0.0
av_CORN_d1;1900;INTARIAN_PEPPER_ROOT;10318;18;10314;25;;;10326;14;10328;23;;;10322.0;0.0
av_CORN_d1;2000;ASH_COATED_OSMIUM;9902;11;9898;24;;;9908;15;9910;26;;;9905.0;0.0
av_CORN_d1;2000;INTARIAN_PEPPER_ROOT;10318;17;10315;30;;;10325;19;10329;21;;;10321.5;0.0
av_CORN_d1;2100;ASH_COATED_OSMIUM;9896;12;9894;12;;;9913;18;9915;14;;;9904.5;0.0
av_CORN_d1;2100;INTARIAN_PEPPER_ROOT;10318;15;10316;23;;;10325;20;10328;21;;;10321.5;0.0
av_CORN_d1;2200;ASH_COATED_OSMIUM;9902;18;9900;19;;;9908;14;9911;24;;;9905.0;0.0
av_CORN_d1;2200;INTARIAN_PEPPER_ROOT;10318;16;10314;19;;;10324;6;10326;20;;;10321.0;0.0
av_CORN_d1;2300;ASH_COATED_OSMIUM;9902;21;9900;24;;;9908;13;9910;23;;;9905.0;0.0
av_CORN_d1;2300;INTARIAN_PEPPER_ROOT;10318;12;10314;12;;;10324;14;10327;22;;;10321.0;0.0
av_CORN_d1;2400;ASH_COATED_OSMIUM;9903;18;9901;17;;;9909;19;9913;28;;;9906.0;0.0
av_CORN_d1;2400;INTARIAN_PEPPER_ROOT;10317;16;10315;20;;;10323;19;10325;24;;;10320.0;0.0
av_CORN_d1;2500;ASH_COATED_OSMIUM;9898;25;9895;15;;;9912;5;9916;22;;;9905.0;0.0
av_CORN_d1;2500;INTARIAN_PEPPER_ROOT;10311;17;10309;18;;;10329;17;10332;18;;;10320.0;0.0
av_CORN_d1;2600;ASH_COATED_OSMIUM;9903;9;9901;20;;;9909;11;9911;24;;;9906.0;0.0
av_CORN_d1;2600;INTARIAN_PEPPER_ROOT;10317;23;10314;27;;;10323;18;10326;16;;;10320.0;0.0
av_CORN_d1;2700;ASH_COATED_OSMIUM;9899;18;9896;13;;;9913;12;9916;8;;;9906.0;0.0
av_CORN_d1;2700;INTARIAN_PEPPER_ROOT;10316;5;10313;17;;;10322;18;10324;11;;;10319.0;0.0
av_CORN_d1;2800;ASH_COATED_OSMIUM;9897;12;9895;28;;;9914;12;9917;27;;;9905.5;0.0
av_CORN_d1;2800;INTARIAN_PEPPER_ROOT;10316;12;10313;15;;;10322;18;10326;24;;;10319.0;0.0
av_CORN_d1;2900;ASH_COATED_OSMIUM;9903;14;9901;22;;;9911;6;9914;25;;;9907.0;0.0
av_CORN_d1;2900;INTARIAN_PEPPER_ROOT;10315;18;10313;22;;;10321;13;10324;28;;;10318.0;0.0
av_CORN_d1;3000;ASH_COATED_OSMIUM;9899;16;9897;19;;;9912;16;9916;22;;;9905.5;0.0
av_CORN_d1;3000;INTARIAN_PEPPER_ROOT;10315;13;10312;17;;;10321;24;10323;21;;;10318.0;0.0
av_CORN_d1;3100;ASH_COATED_OSMIUM;9902;14;9900;15;;;9913;14;9917;20;;;9907.5;0.0
av_CORN_d1;3100;INTARIAN_PEPPER_ROOT;10314;19;10310;15;;;10320;5;10323;21;;;10317.0;0.0
av_CORN_d1;3200;ASH_COATED_OSMIUM;9905;15;9902;21;;;9911;16;9915;23;;;9908.0;0.0
av_CORN_d1;3200;INTARIAN_PEPPER_ROOT;10309;16;10307;19;;;10325;17;10327;21;;;10317.0;0.0
av_CORN_d1;3300;ASH_COATED_OSMIUM;9905;21;9901;20;;;9911;20;9913;28;;;9908.0;0.0
av_CORN_d1;3300;INTARIAN_PEPPER_ROOT;10314;7;10312;10;;;10321;15;10323;24;;;10317.5;0.0
av_CORN_d1;3400;ASH_COATED_OSMIUM;9905;17;9903;14;;;9911;14;9914;27;;;9908.0;0.0
av_CORN_d1;3400;INTARIAN_PEPPER_ROOT;10307;14;10303;19;;;10326;18;10330;25;;;10316.5;0.0
av_CORN_d1;3500;ASH_COATED_OSMIUM;9905;7;9901;19;;;9911;19;9913;17;;;9908.0;0.0
av_CORN_d1;3500;INTARIAN_PEPPER_ROOT;10313;10;10309;22;;;10319;5;10321;14;;;10316.0;0.0
av_CORN_d1;3600;ASH_COATED_OSMIUM;9905;5;9903;25;;;9911;9;9915;21;;;9908.0;0.0
av_CORN_d1;3600;INTARIAN_PEPPER_ROOT;10313;16;10311;20;;;10319;11;10323;22;;;10316.0;0.0
av_CORN_d1;3700;ASH_COATED_OSMIUM;9905;17;9901;20;;;9912;10;9915;15;;;9908.5;0.0
av_CORN_d1;3700;INTARIAN_PEPPER_ROOT;10300;8;10296;19;;;10331;16;10333;16;;;10315.5;0.0
av_CORN_d1;3800;ASH_COATED_OSMIUM;9905;7;9901;16;;;9911;17;9914;20;;;9908.0;0.0
av_CORN_d1;3800;INTARIAN_PEPPER_ROOT;10312;16;10309;11;;;10318;11;10320;19;;;10315.0;0.0
av_CORN_d1;3900;ASH_COATED_OSMIUM;9906;12;9903;17;;;9912;15;9914;11;;;9909.0;0.0
av_CORN_d1;3900;INTARIAN_PEPPER_ROOT;10311;12;10308;25;;;10317;11;10319;21;;;10314.0;0.0
av_CORN_d1;4000;ASH_COATED_OSMIUM;9897;12;9894;26;;;9921;17;9923;21;;;9909.0;0.0
av_CORN_d1;4000;INTARIAN_PEPPER_ROOT;10311;6;10309;17;;;10317;10;10320;16;;;10314.0;0.0
av_CORN_d1;4100;ASH_COATED_OSMIUM;9906;24;9902;22;;;9913;16;9915;28;;;9909.5;0.0
av_CORN_d1;4100;INTARIAN_PEPPER_ROOT;10301;19;10297;14;;;10328;11;10332;15;;;10314.5;0.0
av_CORN_d1;4200;ASH_COATED_OSMIUM;9907;17;9905;17;;;9913;10;9915;20;;;9910.0;0.0
av_CORN_d1;4200;INTARIAN_PEPPER_ROOT;10310;7;10307;18;;;10316;14;10320;11;;;10313.0;0.0
av_CORN_d1;4300;ASH_COATED_OSMIUM;9907;24;9905;17;;;9913;13;9916;16;;;9910.0;0.0
av_CORN_d1;4300;INTARIAN_PEPPER_ROOT;10309;16;10305;24;;;10315;25;10319;30;;;10312.0;0.0
av_CORN_d1;4400;ASH_COATED_OSMIUM;9905;17;9903;14;;;9915;13;9917;8;;;9910.0;0.0
av_CORN_d1;4400;INTARIAN_PEPPER_ROOT;10310;12;10308;25;;;10316;18;10320;26;;;10313.0;0.0
av_CORN_d1;4500;ASH_COATED_OSMIUM;9908;17;9904;21;;;9914;20;9916;20;;;9911.0;0.0
av_CORN_d1;4500;INTARIAN_PEPPER_ROOT;10309;15;10306;17;;;10315;17;10319;18;;;10312.0;0.0
av_CORN_d1;4600;ASH_COATED_OSMIUM;9908;11;9905;15;;;9914;20;9918;17;;;9911.0;0.0
av_CORN_d1;4600;INTARIAN_PEPPER_ROOT;10308;16;10305;21;;;10314;6;10318;15;;;10311.0;0.0
av_CORN_d1;4700;ASH_COATED_OSMIUM;9906;16;9903;20;;;9915;7;9917;12;;;9910.5;0.0
av_CORN_d1;4700;INTARIAN_PEPPER_ROOT;10308;22;10305;17;;;10314;11;10317;16;;;10311.0;0.0
av_CORN_d1;4800;ASH_COATED_OSMIUM;9893;9;9891;19;;;9928;25;9930;20;;;9910.5;0.0
av_CORN_d1;4800;INTARIAN_PEPPER_ROOT;10308;22;10304;21;;;10315;19;10317;17;;;10311.5;0.0
av_CORN_d1;4900;ASH_COATED_OSMIUM;9906;18;9903;23;;;9917;13;9921;15;;;9911.5;0.0
av_CORN_d1;4900;INTARIAN_PEPPER_ROOT;10304;15;10301;22;;;10318;12;10320;21;;;10311.0;0.0
av_CORN_d1;5000;ASH_COATED_OSMIUM;9909;18;9906;20;;;9915;15;9918;12;;;9912.0;0.0
av_CORN_d1;5000;INTARIAN_PEPPER_ROOT;10307;16;10305;17;;;10313;13;10315;14;;;10310.0;0.0
av_CORN_d1;5100;ASH_COATED_OSMIUM;9909;10;9906;10;;;9915;14;9919;16;;;9912.0;0.0
av_CORN_d1;5100;INTARIAN_PEPPER_ROOT;10307;10;10304;23;;;10313;10;10315;21;;;10310.0;0.0
av_CORN_d1;5200;ASH_COATED_OSMIUM;9910;13;9907;16;;;9916;7;9919;16;;;9913.0;0.0
av_CORN_d1;5200;INTARIAN_PEPPER_ROOT;10306;9;10304;20;;;10313;12;10317;11;;;10309.5;0.0
av_CORN_d1;5300;ASH_COATED_OSMIUM;9904;16;9900;18;;;9920;12;9922;18;;;9912.0;0.0
av_CORN_d1;5300;INTARIAN_PEPPER_ROOT;10304;23;10302;17;;;10313;13;10315;15;;;10308.5;0.0
av_CORN_d1;5400;ASH_COATED_OSMIUM;9910;14;9907;26;;;9916;11;9920;24;;;9913.0;0.0
av_CORN_d1;5400;INTARIAN_PEPPER_ROOT;10306;6;10304;19;;;10312;15;10314;26;;;10309.0;0.0
av_CORN_d1;5500;ASH_COATED_OSMIUM;9910;27;9907;11;;;9916;18;9918;21;;;9913.0;0.0
av_CORN_d1;5500;INTARIAN_PEPPER_ROOT;10301;7;10297;23;;;10316;12;10319;26;;;10308.5;0.0
av_CORN_d1;5600;ASH_COATED_OSMIUM;9909;12;9907;20;;;9917;14;9919;19;;;9913.0;0.0
av_CORN_d1;5600;INTARIAN_PEPPER_ROOT;10304;7;10301;18;;;10311;9;10313;17;;;10307.5;0.0
av_CORN_d1;5700;ASH_COATED_OSMIUM;9909;17;9906;25;;;9917;9;9919;20;;;9913.0;0.0
av_CORN_d1;5700;INTARIAN_PEPPER_ROOT;10303;7;10300;15;;;10312;15;10315;24;;;10307.5;0.0
av_CORN_d1;5800;ASH_COATED_OSMIUM;9909;10;9905;15;;;9917;12;9921;25;;;9913.0;0.0
av_CORN_d1;5800;INTARIAN_PEPPER_ROOT;10304;12;10300;25;;;10310;10;10312;18;;;10307.0;0.0
av_CORN_d1;5900;ASH_COATED_OSMIUM;9910;11;9908;8;;;9918;9;9920;25;;;9914.0;0.0
av_CORN_d1;5900;INTARIAN_PEPPER_ROOT;10304;13;10300;26;;;10310;17;10314;14;;;10307.0;0.0
av_CORN_d1;6000;ASH_COATED_OSMIUM;9909;14;9907;20;;;9918;9;9920;18;;;9913.5;0.0
av_CORN_d1;6000;INTARIAN_PEPPER_ROOT;10299;13;10297;13;;;10315;26;10319;24;;;10307.0;0.0
av_CORN_d1;6100;ASH_COATED_OSMIUM;9911;17;9908;21;;;9917;16;9919;15;;;9914.0;0.0
av_CORN_d1;6100;INTARIAN_PEPPER_ROOT;10303;10;10300;26;;;10309;10;10311;16;;;10306.0;0.0
av_CORN_d1;6200;ASH_COATED_OSMIUM;9909;19;9907;26;;;9920;8;9923;14;;;9914.5;0.0
av_CORN_d1;6200;INTARIAN_PEPPER_ROOT;10295;14;10291;19;;;10317;7;10319;21;;;10306.0;0.0
av_CORN_d1;6300;ASH_COATED_OSMIUM;9911;15;9908;17;;;9917;17;9920;23;;;9914.0;0.0
av_CORN_d1;6300;INTARIAN_PEPPER_ROOT;10302;11;10299;12;;;10308;21;10311;15;;;10305.0;0.0
av_CORN_d1;6400;ASH_COATED_OSMIUM;9911;12;9909;25;;;9920;17;9923;21;;;9915.5;0.0
av_CORN_d1;6400;INTARIAN_PEPPER_ROOT;10302;21;10298;13;;;10308;8;10310;19;;;10305.0;0.0
av_CORN_d1;6500;ASH_COATED_OSMIUM;9910;13;9907;20;;;9920;12;9922;22;;;9915.0;0.0
av_CORN_d1;6500;INTARIAN_PEPPER_ROOT;10301;14;10299;26;;;10307;10;10309;17;;;10304.0;0.0
av_CORN_d1;6600;ASH_COATED_OSMIUM;9909;10;9906;27;;;9921;9;9923;16;;;9915.0;0.0
av_CORN_d1;6600;INTARIAN_PEPPER_ROOT;10301;16;10299;13;;;10307;16;10310;8;;;10304.0;0.0
av_CORN_d1;6700;ASH_COATED_OSMIUM;9912;17;9910;17;;;9918;13;9921;18;;;9915.0;0.0
av_CORN_d1;6700;INTARIAN_PEPPER_ROOT;10300;20;10296;23;;;10307;8;10311;13;;;10303.5;0.0
av_CORN_d1;6800;ASH_COATED_OSMIUM;9913;16;9909;13;;;9919;19;9923;18;;;9916.0;0.0
av_CORN_d1;6800;INTARIAN_PEPPER_ROOT;10289;16;10287;9;;;10318;17;10321;11;;;10303.5;0.0
av_CORN_d1;6900;ASH_COATED_OSMIUM;9913;8;9911;12;;;9919;17;9922;18;;;9916.0;0.0
av_CORN_d1;6900;INTARIAN_PEPPER_ROOT;10299;17;10297;12;;;10305;13;10307;27;;;10302.0;0.0
av_CORN_d1;7000;ASH_COATED_OSMIUM;9912;22;9908;19;;;9921;13;9924;20;;;9916.5;0.0
av_CORN_d1;7000;INTARIAN_PEPPER_ROOT;10298;11;10296;23;;;10308;20;10311;22;;;10303.0;0.0
av_CORN_d1;7100;ASH_COATED_OSMIUM;9912;13;9909;27;;;9921;14;9923;16;;;9916.5;0.0
av_CORN_d1;7100;INTARIAN_PEPPER_ROOT;10296;20;10294;18;;;10307;15;10309;16;;;10301.5;0.0
av_CORN_d1;7200;ASH_COATED_OSMIUM;9895;11;9892;22;;;9938;5;9940;25;;;9916.5;0.0
av_CORN_d1;7200;INTARIAN_PEPPER_ROOT;10299;12;10295;27;;;10305;23;10307;19;;;10302.0;0.0
av_CORN_d1;7300;ASH_COATED_OSMIUM;9913;13;9909;13;;;9920;11;9924;23;;;9916.5;0.0
av_CORN_d1;7300;INTARIAN_PEPPER_ROOT;10297;17;10295;23;;;10305;15;10308;17;;;10301.0;0.0
av_CORN_d1;7400;ASH_COATED_OSMIUM;9915;17;9912;20;;;9921;19;9923;23;;;9918.0;0.0
av_CORN_d1;7400;INTARIAN_PEPPER_ROOT;10298;16;10295;21;;;10304;17;10308;28;;;10301.0;0.0
av_CORN_d1;7500;ASH_COATED_OSMIUM;9915;18;9911;26;;;9921;7;9925;22;;;9918.0;0.0
av_CORN_d1;7500;INTARIAN_PEPPER_ROOT;10298;21;10296;26;;;10304;9;10306;17;;;10301.0;0.0
av_CORN_d1;7600;ASH_COATED_OSMIUM;9914;6;9912;14;;;9920;12;9923;20;;;9917.0;0.0
av_CORN_d1;7600;INTARIAN_PEPPER_ROOT;10297;14;10294;19;;;10303;15;10306;24;;;10300.0;0.0
av_CORN_d1;7700;ASH_COATED_OSMIUM;9912;13;9909;16;;;9925;14;9927;12;;;9918.5;0.0
av_CORN_d1;7700;INTARIAN_PEPPER_ROOT;10296;13;10294;27;;;10304;17;10308;16;;;10300.0;0.0
av_CORN_d1;7800;ASH_COATED_OSMIUM;9914;13;9912;28;;;9922;10;9924;24;;;9918.0;0.0
av_CORN_d1;7800;INTARIAN_PEPPER_ROOT;10293;17;10291;17;;;10305;22;10308;24;;;10299.0;0.0
av_CORN_d1;7900;ASH_COATED_OSMIUM;9916;15;9912;8;;;9922;11;9924;15;;;9919.0;0.0
av_CORN_d1;7900;INTARIAN_PEPPER_ROOT;10296;11;10294;11;;;10302;11;10304;17;;;10299.0;0.0
av_CORN_d1;8000;ASH_COATED_OSMIUM;9916;8;9913;20;;;9922;20;9925;19;;;9919.0;0.0
av_CORN_d1;8000;INTARIAN_PEPPER_ROOT;10296;14;10294;21;;;10302;10;10306;21;;;10299.0;0.0
av_CORN_d1;8100;ASH_COATED_OSMIUM;9916;22;9914;13;;;9922;16;9926;24;;;9919.0;0.0
av_CORN_d1;8100;INTARIAN_PEPPER_ROOT;10295;19;10293;33;;;10302;7;10305;16;;;10298.5;0.0
av_CORN_d1;8200;ASH_COATED_OSMIUM;9913;27;9909;30;;;9926;20;9929;16;;;9919.5;0.0
av_CORN_d1;8200;INTARIAN_PEPPER_ROOT;10295;7;10293;15;;;10301;5;10305;28;;;10298.0;0.0
av_CORN_d1;8300;ASH_COATED_OSMIUM;9914;19;9910;15;;;9925;10;9928;15;;;9919.5;0.0
av_CORN_d1;8300;INTARIAN_PEPPER_ROOT;10292;14;10289;21;;;10303;8;10306;8;;;10297.5;0.0
av_CORN_d1;8400;ASH_COATED_OSMIUM;9917;17;9914;19;;;9923;5;9927;17;;;9920.0;0.0
av_CORN_d1;8400;INTARIAN_PEPPER_ROOT;10294;22;10292;28;;;10300;6;10304;22;;;10297.0;0.0
av_CORN_d1;8500;ASH_COATED_OSMIUM;9917;10;9914;18;;;9923;14;9926;17;;;9920.0;0.0
av_CORN_d1;8500;INTARIAN_PEPPER_ROOT;10293;14;10291;21;;;10301;20;10305;17;;;10297.0;0.0
av_CORN_d1;8600;ASH_COATED_OSMIUM;9904;18;9900;19;;;9936;26;9938;11;;;9920.0;0.0
av_CORN_d1;8600;INTARIAN_PEPPER_ROOT;10293;20;10291;12;;;10299;19;10302;17;;;10296.0;0.0
av_CORN_d1;8700;ASH_COATED_OSMIUM;9909;18;9905;18;;;9933;13;9935;20;;;9921.0;0.0
av_CORN_d1;8700;INTARIAN_PEPPER_ROOT;10291;15;10287;20;;;10302;22;10304;13;;;10296.5;0.0
av_CORN_d1;8800;ASH_COATED_OSMIUM;9910;16;9907;25;;;9931;17;9934;16;;;9920.5;0.0
av_CORN_d1;8800;INTARIAN_PEPPER_ROOT;10293;5;10289;16;;;10299;10;10301;10;;;10296.0;0.0
av_CORN_d1;8900;ASH_COATED_OSMIUM;9917;5;9914;17;;;9924;16;9927;21;;;9920.5;0.0
av_CORN_d1;8900;INTARIAN_PEPPER_ROOT;10286;17;10284;25;;;10305;16;10307;28;;;10295.5;0.0
av_CORN_d1;9000;ASH_COATED_OSMIUM;9918;15;9916;18;;;9925;10;9927;20;;;9921.5;0.0
av_CORN_d1;9000;INTARIAN_PEPPER_ROOT;10292;5;10288;25;;;10298;18;10301;16;;;10295.0;0.0
av_CORN_d1;9100;ASH_COATED_OSMIUM;9918;19;9916;16;;;9924;12;9926;27;;;9921.0;0.0
av_CORN_d1;9100;INTARIAN_PEPPER_ROOT;10282;14;10280;18;;;10307;13;10309;15;;;10294.5;0.0
av_CORN_d1;9200;ASH_COATED_OSMIUM;9919;9;9915;24;;;9925;15;9929;15;;;9922.0;0.0
av_CORN_d1;9200;INTARIAN_PEPPER_ROOT;10291;24;10289;10;;;10297;15;10301;22;;;10294.0;0.0
av_CORN_d1;9300;ASH_COATED_OSMIUM;9919;13;9917;13;;;9926;11;9929;17;;;9922.5;0.0
av_CORN_d1;9300;INTARIAN_PEPPER_ROOT;10290;14;10287;23;;;10296;11;10300;19;;;10293.0;0.0
av_CORN_d1;9400;ASH_COATED_OSMIUM;9919;12;9916;21;;;9925;14;9928;12;;;9922.0;0.0
av_CORN_d1;9400;INTARIAN_PEPPER_ROOT;10290;16;10287;19;;;10296;13;10299;35;;;10293.0;0.0
av_CORN_d1;9500;ASH_COATED_OSMIUM;9919;22;9916;21;;;9925;11;9928;21;;;9922.0;0.0
av_CORN_d1;9500;INTARIAN_PEPPER_ROOT;10282;15;10278;23;;;10303;18;10306;20;;;10292.5;0.0
av_CORN_d1;9600;ASH_COATED_OSMIUM;9920;13;9918;19;;;9926;13;9929;28;;;9923.0;0.0
av_CORN_d1;9600;INTARIAN_PEPPER_ROOT;10288;12;10286;17;;;10297;12;10299;28;;;10292.5;0.0
av_CORN_d1;9700;ASH_COATED_OSMIUM;9920;18;9916;19;;;9926;11;9928;16;;;9923.0;0.0
av_CORN_d1;9700;INTARIAN_PEPPER_ROOT;10289;26;10285;20;;;10295;21;10299;21;;;10292.0;0.0
av_CORN_d1;9800;ASH_COATED_OSMIUM;9919;8;9916;21;;;9925;10;9928;14;;;9922.0;0.0
av_CORN_d1;9800;INTARIAN_PEPPER_ROOT;10289;19;10285;23;;;10295;14;10298;17;;;10292.0;0.0
av_CORN_d1;9900;ASH_COATED_OSMIUM;9920;13;9918;30;;;9926;25;9928;21;;;9923.0;0.0
av_CORN_d1;9900;INTARIAN_PEPPER_ROOT;10287;22;10284;19;;;10296;25;10299;19;;;10291.5;0.0
av_CORN_d1;10000;ASH_COATED_OSMIUM;9921;18;9917;20;;;9927;20;9930;14;;;9924.0;0.0
av_CORN_d1;10000;INTARIAN_PEPPER_ROOT;10288;18;10284;29;;;10294;17;10296;21;;;10291.0;0.0
av_CORN_d1;10100;ASH_COATED_OSMIUM;9918;11;9915;26;;;9930;13;9934;19;;;9924.0;0.0
av_CORN_d1;10100;INTARIAN_PEPPER_ROOT;10286;15;10283;17;;;10295;8;10297;25;;;10290.5;0.0
av_CORN_d1;10200;ASH_COATED_OSMIUM;9920;16;9917;29;;;9927;10;9930;20;;;9923.5;0.0
av_CORN_d1;10200;INTARIAN_PEPPER_ROOT;10287;13;10285;19;;;10293;13;10297;19;;;10290.0;0.0
av_CORN_d1;10300;ASH_COATED_OSMIUM;9921;16;9917;25;;;9927;21;9929;20;;;9924.0;0.0
av_CORN_d1;10300;INTARIAN_PEPPER_ROOT;10274;21;10272;21;;;10307;14;10310;21;;;10290.5;0.0
av_CORN_d1;10400;ASH_COATED_OSMIUM;9921;15;9918;30;;;9927;5;9930;11;;;9924.0;0.0
av_CORN_d1;10400;INTARIAN_PEPPER_ROOT;10283;11;10279;11;;;10295;12;10298;16;;;10289.0;0.0
av_CORN_d1;10500;ASH_COATED_OSMIUM;9921;16;9919;13;;;9927;5;9931;26;;;9924.0;0.0
av_CORN_d1;10500;INTARIAN_PEPPER_ROOT;10282;17;10278;16;;;10297;11;10299;23;;;10289.5;0.0
av_CORN_d1;10600;ASH_COATED_OSMIUM;9922;15;9918;19;;;9928;23;9932;18;;;9925.0;0.0
av_CORN_d1;10600;INTARIAN_PEPPER_ROOT;10285;20;10281;16;;;10291;18;10293;24;;;10288.0;0.0
av_CORN_d1;10700;ASH_COATED_OSMIUM;9919;10;9917;16;;;9932;18;9935;15;;;9925.5;0.0
av_CORN_d1;10700;INTARIAN_PEPPER_ROOT;10285;9;10283;27;;;10291;9;10295;17;;;10288.0;0.0
av_CORN_d1;10800;ASH_COATED_OSMIUM;9921;10;9918;8;;;9930;10;9933;24;;;9925.5;0.0
av_CORN_d1;10800;INTARIAN_PEPPER_ROOT;10285;25;10282;16;;;10291;14;10294;24;;;10288.0;0.0
av_CORN_d1;10900;ASH_COATED_OSMIUM;9919;13;9916;11;;;9932;11;9936;20;;;9925.5;0.0
av_CORN_d1;10900;INTARIAN_PEPPER_ROOT;10282;13;10279;25;;;10294;16;10298;17;;;10288.0;0.0
av_CORN_d1;11000;ASH_COATED_OSMIUM;9921;19;9919;22;;;9930;12;9934;8;;;9925.5;0.0
av_CORN_d1;11000;INTARIAN_PEPPER_ROOT;10285;16;10281;25;;;10291;12;10295;16;;;10288.0;0.0
av_CORN_d1;11100;ASH_COATED_OSMIUM;9923;5;9919;18;;;9929;7;9933;10;;;9926.0;0.0
av_CORN_d1;11100;INTARIAN_PEPPER_ROOT;10283;21;10280;22;;;10289;9;10292;24;;;10286.0;0.0
av_CORN_d1;11200;ASH_COATED_OSMIUM;9923;13;9921;21;;;9930;18;9932;26;;;9926.5;0.0
av_CORN_d1;11200;INTARIAN_PEPPER_ROOT;10279;5;10276;18;;;10294;17;10297;24;;;10286.5;0.0
av_CORN_d1;11300;ASH_COATED_OSMIUM;9923;5;9921;24;;;9929;23;9931;19;;;9926.0;0.0
av_CORN_d1;11300;INTARIAN_PEPPER_ROOT;10277;13;10274;27;;;10296;17;10299;21;;;10286.5;0.0
av_CORN_d1;11400;ASH_COATED_OSMIUM;9924;11;9921;27;;;9930;16;9933;21;;;9927.0;0.0
av_CORN_d1;11400;INTARIAN_PEPPER_ROOT;10282;19;10278;22;;;10288;15;10290;22;;;10285.0;0.0
av_CORN_d1;11500;ASH_COATED_OSMIUM;9921;11;9919;15;;;9932;8;9935;9;;;9926.5;0.0
av_CORN_d1;11500;INTARIAN_PEPPER_ROOT;10279;7;10275;20;;;10293;12;10297;8;;;10286.0;0.0
av_CORN_d1;11600;ASH_COATED_OSMIUM;9924;16;9920;15;;;9930;10;9932;16;;;9927.0;0.0
av_CORN_d1;11600;INTARIAN_PEPPER_ROOT;10281;10;10279;22;;;10289;18;10293;22;;;10285.0;0.0
av_CORN_d1;11700;ASH_COATED_OSMIUM;9924;7;9921;17;;;9930;14;9932;22;;;9927.0;0.0
av_CORN_d1;11700;INTARIAN_PEPPER_ROOT;10281;7;10278;15;;;10287;16;10291;14;;;10284.0;0.0
av_CORN_d1;11800;ASH_COATED_OSMIUM;9923;12;9920;16;;;9933;10;9937;23;;;9928.0;0.0
av_CORN_d1;11800;INTARIAN_PEPPER_ROOT;10281;27;10279;18;;;10287;11;10291;23;;;10284.0;0.0
av_CORN_d1;11900;ASH_COATED_OSMIUM;9925;11;9922;28;;;9931;6;9935;16;;;9928.0;0.0
av_CORN_d1;11900;INTARIAN_PEPPER_ROOT;10281;20;10279;20;;;10287;15;10289;31;;;10284.0;0.0
av_CORN_d1;12000;ASH_COATED_OSMIUM;9923;9;9921;12;;;9934;11;9936;20;;;9928.5;0.0
av_CORN_d1;12000;INTARIAN_PEPPER_ROOT;10279;16;10277;23;;;10285;6;10288;15;;;10282.0;0.0
av_CORN_d1;12100;ASH_COATED_OSMIUM;9918;9;9914;20;;;9940;15;9943;16;;;9929.0;0.0
av_CORN_d1;12100;INTARIAN_PEPPER_ROOT;10280;9;10278;32;;;10286;20;10289;18;;;10283.0;0.0
av_CORN_d1;12200;ASH_COATED_OSMIUM;9923;7;9920;20;;;9934;17;9936;20;;;9928.5;0.0
av_CORN_d1;12200;INTARIAN_PEPPER_ROOT;10277;8;10273;18;;;10287;19;10290;10;;;10282.0;0.0
av_CORN_d1;12300;ASH_COATED_OSMIUM;9918;13;9914;14;;;9940;12;9943;17;;;9929.0;0.0
av_CORN_d1;12300;INTARIAN_PEPPER_ROOT;10276;20;10272;20;;;10288;20;10291;19;;;10282.0;0.0
av_CORN_d1;12400;ASH_COATED_OSMIUM;9926;23;9922;22;;;9933;17;9935;16;;;9929.5;0.0
av_CORN_d1;12400;INTARIAN_PEPPER_ROOT;10279;17;10275;15;;;10285;8;10288;19;;;10282.0;0.0
av_CORN_d1;12500;ASH_COATED_OSMIUM;9927;6;9925;25;;;9933;16;9937;18;;;9930.0;0.0
av_CORN_d1;12500;INTARIAN_PEPPER_ROOT;10270;13;10267;13;;;10291;10;10295;18;;;10280.5;0.0
av_CORN_d1;12600;ASH_COATED_OSMIUM;9927;10;9923;15;;;9933;11;9935;15;;;9930.0;0.0
av_CORN_d1;12600;INTARIAN_PEPPER_ROOT;10271;8;10269;23;;;10292;12;10296;15;;;10281.5;0.0
av_CORN_d1;12700;ASH_COATED_OSMIUM;9924;11;9920;19;;;9937;10;9940;13;;;9930.5;0.0
av_CORN_d1;12700;INTARIAN_PEPPER_ROOT;10277;23;10274;20;;;10283;12;10286;26;;;10280.0;0.0
av_CORN_d1;12800;ASH_COATED_OSMIUM;9925;11;9923;26;;;9934;19;9938;19;;;9929.5;0.0
av_CORN_d1;12800;INTARIAN_PEPPER_ROOT;10276;9;10274;22;;;10284;17;10286;20;;;10280.0;0.0
av_CORN_d1;12900;ASH_COATED_OSMIUM;9920;25;9917;25;;;9940;5;9943;20;;;9930.0;0.0
av_CORN_d1;12900;INTARIAN_PEPPER_ROOT;10276;18;10272;11;;;10284;21;10288;25;;;10280.0;0.0
av_CORN_d1;13000;ASH_COATED_OSMIUM;9928;13;9924;15;;;9934;12;9938;17;;;9931.0;0.0
av_CORN_d1;13000;INTARIAN_PEPPER_ROOT;10276;16;10273;18;;;10282;12;10284;17;;;10279.0;0.0
av_CORN_d1;13100;ASH_COATED_OSMIUM;9928;5;9926;22;;;9934;14;9938;16;;;9931.0;0.0
av_CORN_d1;13100;INTARIAN_PEPPER_ROOT;10275;19;10273;9;;;10283;25;10285;18;;;10279.0;0.0
av_CORN_d1;13200;ASH_COATED_OSMIUM;9928;17;9924;13;;;9934;14;9936;23;;;9931.0;0.0
av_CORN_d1;13200;INTARIAN_PEPPER_ROOT;10276;9;10273;13;;;10282;10;10284;19;;;10279.0;0.0
av_CORN_d1;13300;ASH_COATED_OSMIUM;9929;14;9927;19;;;9935;15;9937;13;;;9932.0;0.0
av_CORN_d1;13300;INTARIAN_PEPPER_ROOT;10275;12;10273;14;;;10281;15;10284;20;;;10278.0;0.0
av_CORN_d1;13400;ASH_COATED_OSMIUM;9924;23;9921;20;;;9939;15;9941;22;;;9931.5;0.0
av_CORN_d1;13400;INTARIAN_PEPPER_ROOT;10275;15;10273;23;;;10281;20;10285;20;;;10278.0;0.0
av_CORN_d1;13500;ASH_COATED_OSMIUM;9929;13;9925;27;;;9935;15;9937;21;;;9932.0;0.0
av_CORN_d1;13500;INTARIAN_PEPPER_ROOT;10275;25;10273;21;;;10281;7;10284;26;;;10278.0;0.0
av_CORN_d1;13600;ASH_COATED_OSMIUM;9929;15;9926;21;;;9935;16;9937;27;;;9932.0;0.0
av_CORN_d1;13600;INTARIAN_PEPPER_ROOT;10274;19;10271;24;;;10280;15;10284;17;;;10277.0;0.0
av_CORN_d1;13700;ASH_COATED_OSMIUM;9926;17;9924;15;;;9939;20;9942;15;;;9932.5;0.0
av_CORN_d1;13700;INTARIAN_PEPPER_ROOT;10264;17;10260;11;;;10290;7;10293;30;;;10277.0;0.0
av_CORN_d1;13800;ASH_COATED_OSMIUM;9922;16;9918;22;;;9943;14;9946;29;;;9932.5;0.0
av_CORN_d1;13800;INTARIAN_PEPPER_ROOT;10274;10;10272;16;;;10280;16;10282;16;;;10277.0;0.0
av_CORN_d1;13900;ASH_COATED_OSMIUM;9929;16;9927;13;;;9937;15;9939;19;;;9933.0;0.0
av_CORN_d1;13900;INTARIAN_PEPPER_ROOT;10272;22;10268;23;;;10280;18;10282;14;;;10276.0;0.0
av_CORN_d1;14000;ASH_COATED_OSMIUM;9930;10;9928;21;;;9936;20;9939;27;;;9933.0;0.0
av_CORN_d1;14000;INTARIAN_PEPPER_ROOT;10273;12;10271;27;;;10279;10;10282;18;;;10276.0;0.0
av_CORN_d1;14100;ASH_COATED_OSMIUM;9923;14;9919;25;;;9944;14;9948;19;;;9933.5;0.0
av_CORN_d1;14100;INTARIAN_PEPPER_ROOT;10273;11;10269;22;;;10279;13;10283;16;;;10276.0;0.0
av_CORN_d1;14200;ASH_COATED_OSMIUM;9924;13;9921;19;;;9943;13;9946;24;;;9933.5;0.0
av_CORN_d1;14200;INTARIAN_PEPPER_ROOT;10272;17;10270;24;;;10278;8;10282;20;;;10275.0;0.0
av_CORN_d1;14300;ASH_COATED_OSMIUM;9931;12;9928;12;;;9937;18;9939;17;;;9934.0;0.0
av_CORN_d1;14300;INTARIAN_PEPPER_ROOT;10268;18;10266;21;;;10281;8;10284;16;;;10274.5;0.0
av_CORN_d1;14400;ASH_COATED_OSMIUM;9929;17;9926;24;;;9941;12;9944;20;;;9935.0;0.0
av_CORN_d1;14400;INTARIAN_PEPPER_ROOT;10271;22;10268;23;;;10277;19;10280;18;;;10274.0;0.0
av_CORN_d1;14500;ASH_COATED_OSMIUM;9931;16;9928;23;;;9937;19;9941;17;;;9934.0;0.0
av_CORN_d1;14500;INTARIAN_PEPPER_ROOT;10271;15;10267;24;;;10277;5;10281;23;;;10274.0;0.0
av_CORN_d1;14600;ASH_COATED_OSMIUM;9932;21;9928;19;;;9938;10;9940;17;;;9935.0;0.0
av_CORN_d1;14600;INTARIAN_PEPPER_ROOT;10270;9;10267;22;;;10276;10;10279;16;;;10273.0;0.0
av_CORN_d1;14700;ASH_COATED_OSMIUM;9932;11;9928;13;;;9938;19;9941;20;;;9935.0;0.0
av_CORN_d1;14700;INTARIAN_PEPPER_ROOT;10270;13;10268;27;;;10276;12;10280;12;;;10273.0;0.0
av_CORN_d1;14800;ASH_COATED_OSMIUM;9923;14;9921;17;;;9947;21;9949;24;;;9935.0;0.0
av_CORN_d1;14800;INTARIAN_PEPPER_ROOT;10268;21;10266;28;;;10276;15;10280;18;;;10272.0;0.0
av_CORN_d1;14900;ASH_COATED_OSMIUM;9927;18;9923;20;;;9944;15;9946;18;;;9935.5;0.0
av_CORN_d1;14900;INTARIAN_PEPPER_ROOT;10267;10;10265;18;;;10278;12;10282;20;;;10272.5;0.0
av_CORN_d1;15000;ASH_COATED_OSMIUM;9932;12;9930;18;;;9938;10;9941;18;;;9935.0;0.0
av_CORN_d1;15000;INTARIAN_PEPPER_ROOT;10266;10;10263;13;;;10277;26;10280;20;;;10271.5;0.0
av_CORN_d1;15100;ASH_COATED_OSMIUM;9930;13;9928;27;;;9943;11;9947;27;;;9936.5;0.0
av_CORN_d1;15100;INTARIAN_PEPPER_ROOT;10268;15;10264;34;;;10274;25;10277;20;;;10271.0;0.0
av_CORN_d1;15200;ASH_COATED_OSMIUM;9927;16;9923;21;;;9945;13;9949;16;;;9936.0;0.0
av_CORN_d1;15200;INTARIAN_PEPPER_ROOT;10266;13;10262;29;;;10276;16;10278;19;;;10271.0;0.0
av_CORN_d1;15300;ASH_COATED_OSMIUM;9933;14;9929;24;;;9939;5;9943;21;;;9936.0;0.0
av_CORN_d1;15300;INTARIAN_PEPPER_ROOT;10267;21;10265;25;;;10273;13;10277;23;;;10270.0;0.0
av_CORN_d1;15400;ASH_COATED_OSMIUM;9928;10;9926;13;;;9946;18;9950;15;;;9937.0;0.0
av_CORN_d1;15400;INTARIAN_PEPPER_ROOT;10267;19;10263;23;;;10273;10;10275;14;;;10270.0;0.0
av_CORN_d1;15500;ASH_COATED_OSMIUM;9926;17;9923;21;;;9947;15;9951;22;;;9936.5;0.0
av_CORN_d1;15500;INTARIAN_PEPPER_ROOT;10267;14;10265;22;;;10273;16;10277;20;;;10270.0;0.0
av_CORN_d1;15600;ASH_COATED_OSMIUM;9931;16;9928;13;;;9942;15;9944;16;;;9936.5;0.0
av_CORN_d1;15600;INTARIAN_PEPPER_ROOT;10263;15;10260;11;;;10275;14;10278;18;;;10269.0;0.0
av_CORN_d1;15700;ASH_COATED_OSMIUM;9931;11;9929;15;;;9943;17;9947;27;;;9937.0;0.0
av_CORN_d1;15700;INTARIAN_PEPPER_ROOT;10261;8;10259;24;;;10278;19;10281;18;;;10269.5;0.0
av_CORN_d1;15800;ASH_COATED_OSMIUM;9934;11;9930;11;;;9942;16;9944;15;;;9938.0;0.0
av_CORN_d1;15800;INTARIAN_PEPPER_ROOT;10264;13;10261;22;;;10273;14;10276;25;;;10268.5;0.0
av_CORN_d1;15900;ASH_COATED_OSMIUM;9935;13;9933;16;;;9941;13;9943;20;;;9938.0;0.0
av_CORN_d1;15900;INTARIAN_PEPPER_ROOT;10260;10;10257;16;;;10277;17;10281;16;;;10268.5;0.0
av_CORN_d1;16000;ASH_COATED_OSMIUM;9935;10;9932;26;;;9941;24;9944;24;;;9938.0;0.0
av_CORN_d1;16000;INTARIAN_PEPPER_ROOT;10255;16;10252;24;;;10281;12;10284;11;;;10268.0;0.0
av_CORN_d1;16100;ASH_COATED_OSMIUM;9935;19;9931;11;;;9941;16;9945;26;;;9938.0;0.0
av_CORN_d1;16100;INTARIAN_PEPPER_ROOT;10264;11;10260;23;;;10270;11;10273;28;;;10267.0;0.0
av_CORN_d1;16200;ASH_COATED_OSMIUM;9935;8;9931;22;;;9941;10;9944;10;;;9938.0;0.0
av_CORN_d1;16200;INTARIAN_PEPPER_ROOT;10264;11;10262;19;;;10270;9;10273;19;;;10267.0;0.0
av_CORN_d1;16300;ASH_COATED_OSMIUM;9936;17;9934;22;;;9942;18;9945;20;;;9939.0;0.0
av_CORN_d1;16300;INTARIAN_PEPPER_ROOT;10264;16;10260;13;;;10270;19;10274;21;;;10267.0;0.0
av_CORN_d1;16400;ASH_COATED_OSMIUM;9933;16;9929;19;;;9944;11;9947;24;;;9938.5;0.0
av_CORN_d1;16400;INTARIAN_PEPPER_ROOT;10264;21;10260;21;;;10270;11;10272;12;;;10267.0;0.0
av_CORN_d1;16500;ASH_COATED_OSMIUM;9936;19;9932;23;;;9942;15;9944;23;;;9939.0;0.0
av_CORN_d1;16500;INTARIAN_PEPPER_ROOT;10263;17;10260;12;;;10269;9;10272;27;;;10266.0;0.0
av_CORN_d1;16600;ASH_COATED_OSMIUM;9936;11;9932;27;;;9942;15;9945;24;;;9939.0;0.0
av_CORN_d1;16600;INTARIAN_PEPPER_ROOT;10262;10;10258;26;;;10268;11;10272;17;;;10265.0;0.0
av_CORN_d1;16700;ASH_COATED_OSMIUM;9936;5;9934;19;;;9943;13;9945;22;;;9939.5;0.0
av_CORN_d1;16700;INTARIAN_PEPPER_ROOT;10262;8;10259;26;;;10268;12;10271;21;;;10265.0;0.0
av_CORN_d1;16800;ASH_COATED_OSMIUM;9924;25;9920;21;;;9957;13;9959;13;;;9940.5;0.0
av_CORN_d1;16800;INTARIAN_PEPPER_ROOT;10262;14;10259;19;;;10268;12;10271;15;;;10265.0;0.0
av_CORN_d1;16900;ASH_COATED_OSMIUM;9934;10;9930;25;;;9945;9;9948;15;;;9939.5;0.0
av_CORN_d1;16900;INTARIAN_PEPPER_ROOT;10261;12;10258;25;;;10267;11;10270;21;;;10264.0;0.0
av_CORN_d1;17000;ASH_COATED_OSMIUM;9937;16;9933;24;;;9943;13;9947;18;;;9940.0;0.0
av_CORN_d1;17000;INTARIAN_PEPPER_ROOT;10262;14;10258;25;;;10268;21;10272;8;;;10265.0;0.0
av_CORN_d1;17100;ASH_COATED_OSMIUM;9935;20;9931;16;;;9946;15;9949;17;;;9940.5;0.0
av_CORN_d1;17100;INTARIAN_PEPPER_ROOT;10256;14;10252;27;;;10272;14;10276;20;;;10264.0;0.0
av_CORN_d1;17200;ASH_COATED_OSMIUM;9937;15;9934;19;;;9943;15;9945;18;;;9940.0;0.0
av_CORN_d1;17200;INTARIAN_PEPPER_ROOT;10261;11;10259;20;;;10268;7;10270;21;;;10264.5;0.0
av_CORN_d1;17300;ASH_COATED_OSMIUM;9937;13;9934;23;;;9943;20;9946;13;;;9940.0;0.0
av_CORN_d1;17300;INTARIAN_PEPPER_ROOT;10262;8;10258;16;;;10268;9;10270;23;;;10265.0;0.0
av_CORN_d1;17400;ASH_COATED_OSMIUM;9937;10;9935;21;;;9943;21;9947;19;;;9940.0;0.0
av_CORN_d1;17400;INTARIAN_PEPPER_ROOT;10263;14;10259;21;;;10269;12;10272;22;;;10266.0;0.0
av_CORN_d1;17500;ASH_COATED_OSMIUM;9937;13;9934;23;;;9943;13;9946;31;;;9940.0;0.0
av_CORN_d1;17500;INTARIAN_PEPPER_ROOT;10247;5;10243;20;;;10283;15;10287;19;;;10265.0;0.0
av_CORN_d1;17600;ASH_COATED_OSMIUM;9937;17;9935;20;;;9943;12;9945;22;;;9940.0;0.0
av_CORN_d1;17600;INTARIAN_PEPPER_ROOT;10262;15;10258;16;;;10268;9;10271;21;;;10265.0;0.0
av_CORN_d1;17700;ASH_COATED_OSMIUM;9936;20;9933;23;;;9942;16;9946;13;;;9939.0;0.0
av_CORN_d1;17700;INTARIAN_PEPPER_ROOT;10261;13;10259;26;;;10270;7;10272;23;;;10265.5;0.0
av_CORN_d1;17800;ASH_COATED_OSMIUM;9937;5;9933;18;;;9943;17;9945;25;;;9940.0;0.0
av_CORN_d1;17800;INTARIAN_PEPPER_ROOT;10261;27;10259;20;;;10271;16;10273;27;;;10266.0;0.0
av_CORN_d1;17900;ASH_COATED_OSMIUM;9937;13;9935;25;;;9943;6;9947;22;;;9940.0;0.0
av_CORN_d1;17900;INTARIAN_PEPPER_ROOT;10263;21;10261;25;;;10269;13;10272;28;;;10266.0;0.0
av_CORN_d1;18000;ASH_COATED_OSMIUM;9937;15;9935;16;;;9943;10;9945;28;;;9940.0;0.0
av_CORN_d1;18000;INTARIAN_PEPPER_ROOT;10263;18;10261;14;;;10269;13;10271;20;;;10266.0;0.0
av_CORN_d1;18100;ASH_COATED_OSMIUM;9937;9;9934;21;;;9943;16;9945;25;;;9940.0;0.0
av_CORN_d1;18100;INTARIAN_PEPPER_ROOT;10259;7;10257;18;;;10274;20;10278;16;;;10266.5;0.0
av_CORN_d1;18200;ASH_COATED_OSMIUM;9932;12;9928;10;;;9948;14;9950;18;;;9940.0;0.0
av_CORN_d1;18200;INTARIAN_PEPPER_ROOT;10262;15;10260;18;;;10272;13;10276;17;;;10267.0;0.0
av_CORN_d1;18300;ASH_COATED_OSMIUM;9937;8;9934;20;;;9943;10;9945;16;;;9940.0;0.0
av_CORN_d1;18300;INTARIAN_PEPPER_ROOT;10264;12;10262;17;;;10270;18;10274;15;;;10267.0;0.0
av_CORN_d1;18400;ASH_COATED_OSMIUM;9935;5;9931;25;;;9945;19;9949;21;;;9940.0;0.0
av_CORN_d1;18400;INTARIAN_PEPPER_ROOT;10264;23;10260;27;;;10270;16;10274;14;;;10267.0;0.0
av_CORN_d1;18500;ASH_COATED_OSMIUM;9937;16;9934;26;;;9943;19;9945;16;;;9940.0;0.0
av_CORN_d1;18500;INTARIAN_PEPPER_ROOT;10264;18;10260;26;;;10270;8;10272;15;;;10267.0;0.0
av_CORN_d1;18600;ASH_COATED_OSMIUM;9938;18;9934;20;;;9944;9;9948;15;;;9941.0;0.0
av_CORN_d1;18600;INTARIAN_PEPPER_ROOT;10264;16;10261;17;;;10272;6;10276;15;;;10268.0;0.0
av_CORN_d1;18700;ASH_COATED_OSMIUM;9936;5;9934;25;;;9944;16;9947;8;;;9940.0;0.0
av_CORN_d1;18700;INTARIAN_PEPPER_ROOT;10264;18;10261;15;;;10270;19;10273;12;;;10267.0;0.0
av_CORN_d1;18800;ASH_COATED_OSMIUM;9938;6;9935;26;;;9944;12;9946;13;;;9941.0;0.0
av_CORN_d1;18800;INTARIAN_PEPPER_ROOT;10265;14;10261;16;;;10271;16;10273;26;;;10268.0;0.0
av_CORN_d1;18900;ASH_COATED_OSMIUM;9937;10;9935;23;;;9943;12;9945;22;;;9940.0;0.0
av_CORN_d1;18900;INTARIAN_PEPPER_ROOT;10265;17;10262;16;;;10271;17;10275;19;;;10268.0;0.0
av_CORN_d1;19000;ASH_COATED_OSMIUM;9934;21;9932;27;;;9947;15;9949;22;;;9940.5;0.0
av_CORN_d1;19000;INTARIAN_PEPPER_ROOT;10265;16;10263;18;;;10271;15;10273;22;;;10268.0;0.0
av_CORN_d1;19100;ASH_COATED_OSMIUM;9938;18;9936;20;;;9944;24;9948;17;;;9941.0;0.0
av_CORN_d1;19100;INTARIAN_PEPPER_ROOT;10265;6;10262;27;;;10271;5;10274;21;;;10268.0;0.0
av_CORN_d1;19200;ASH_COATED_OSMIUM;9937;5;9934;21;;;9943;13;9945;13;;;9940.0;0.0
av_CORN_d1;19200;INTARIAN_PEPPER_ROOT;10266;12;10263;30;;;10272;8;10276;16;;;10269.0;0.0
av_CORN_d1;19300;ASH_COATED_OSMIUM;9938;15;9936;21;;;9944;14;9946;24;;;9941.0;0.0
av_CORN_d1;19300;INTARIAN_PEPPER_ROOT;10261;14;10257;12;;;10277;15;10279;24;;;10269.0;0.0
av_CORN_d1;19400;ASH_COATED_OSMIUM;9926;19;9924;26;;;9954;15;9958;22;;;9940.0;0.0
av_CORN_d1;19400;INTARIAN_PEPPER_ROOT;10263;11;10261;11;;;10275;15;10277;14;;;10269.0;0.0
av_CORN_d1;19500;ASH_COATED_OSMIUM;9930;5;9928;22;;;9952;18;9955;26;;;9941.0;0.0
av_CORN_d1;19500;INTARIAN_PEPPER_ROOT;10266;13;10263;24;;;10273;16;10275;26;;;10269.5;0.0
av_CORN_d1;19600;ASH_COATED_OSMIUM;9938;15;9934;19;;;9944;16;9947;20;;;9941.0;0.0
av_CORN_d1;19600;INTARIAN_PEPPER_ROOT;10267;12;10264;21;;;10273;12;10275;24;;;10270.0;0.0
av_CORN_d1;19700;ASH_COATED_OSMIUM;9935;21;9933;21;;;9946;10;9950;16;;;9940.5;0.0
av_CORN_d1;19700;INTARIAN_PEPPER_ROOT;10267;15;10264;23;;;10273;12;10277;25;;;10270.0;0.0
av_CORN_d1;19800;ASH_COATED_OSMIUM;9937;11;9934;24;;;9943;15;9947;24;;;9940.0;0.0
av_CORN_d1;19800;INTARIAN_PEPPER_ROOT;10267;21;10263;11;;;10273;23;10275;17;;;10270.0;0.0
av_CORN_d1;19900;ASH_COATED_OSMIUM;9938;18;9935;15;;;9944;14;9946;13;;;9941.0;0.0
av_CORN_d1;19900;INTARIAN_PEPPER_ROOT;10264;8;10261;22;;;10277;17;10281;24;;;10270.5;0.0
av_CORN_d1;20000;ASH_COATED_OSMIUM;9937;20;9935;22;;;9943;14;9945;29;;;9940.0;0.0
av_CORN_d1;20000;INTARIAN_PEPPER_ROOT;10267;18;10263;25;;;10275;9;10279;26;;;10271.0;0.0
av_CORN_d1;20100;ASH_COATED_OSMIUM;9938;19;9934;26;;;9944;10;9947;8;;;9941.0;0.0
av_CORN_d1;20100;INTARIAN_PEPPER_ROOT;10268;14;10265;13;;;10274;10;10276;16;;;10271.0;0.0
av_CORN_d1;20200;ASH_COATED_OSMIUM;9936;10;9934;21;;;9944;15;9947;13;;;9940.0;0.0
av_CORN_d1;20200;INTARIAN_PEPPER_ROOT;10268;6;10264;18;;;10274;14;10277;23;;;10271.0;0.0
av_CORN_d1;20300;ASH_COATED_OSMIUM;9937;17;9933;31;;;9943;8;9947;20;;;9940.0;0.0
av_CORN_d1;20300;INTARIAN_PEPPER_ROOT;10267;14;10264;25;;;10276;18;10279;11;;;10271.5;0.0
av_CORN_d1;20400;ASH_COATED_OSMIUM;9929;17;9926;22;;;9954;5;9957;15;;;9941.5;0.0
av_CORN_d1;20400;INTARIAN_PEPPER_ROOT;10264;5;10260;26;;;10278;9;10280;24;;;10271.0;0.0
av_CORN_d1;20500;ASH_COATED_OSMIUM;9928;18;9926;20;;;9953;5;9957;11;;;9940.5;0.0
av_CORN_d1;20500;INTARIAN_PEPPER_ROOT;10269;11;10265;24;;;10276;16;10278;19;;;10272.5;0.0
av_CORN_d1;20600;ASH_COATED_OSMIUM;9938;13;9934;13;;;9944;11;9946;19;;;9941.0;0.0
av_CORN_d1;20600;INTARIAN_PEPPER_ROOT;10262;23;10258;28;;;10281;11;10285;16;;;10271.5;0.0
av_CORN_d1;20700;ASH_COATED_OSMIUM;9937;12;9933;25;;;9943;6;9947;9;;;9940.0;0.0
av_CORN_d1;20700;INTARIAN_PEPPER_ROOT;10268;16;10266;18;;;10276;20;10279;22;;;10272.0;0.0
av_CORN_d1;20800;ASH_COATED_OSMIUM;9938;5;9934;17;;;9944;18;9947;19;;;9941.0;0.0
av_CORN_d1;20800;INTARIAN_PEPPER_ROOT;10270;12;10268;16;;;10276;9;10280;19;;;10273.0;0.0
av_CORN_d1;20900;ASH_COATED_OSMIUM;9937;19;9935;21;;;9943;17;9946;22;;;9940.0;0.0
av_CORN_d1;20900;INTARIAN_PEPPER_ROOT;10269;14;10266;23;;;10275;5;10277;25;;;10272.0;0.0
av_CORN_d1;21000;ASH_COATED_OSMIUM;9937;19;9933;28;;;9944;7;9947;15;;;9940.5;0.0
av_CORN_d1;21000;INTARIAN_PEPPER_ROOT;10270;12;10266;14;;;10276;12;10279;12;;;10273.0;0.0
av_CORN_d1;21100;ASH_COATED_OSMIUM;9936;12;9932;17;;;9946;6;9949;23;;;9941.0;0.0
av_CORN_d1;21100;INTARIAN_PEPPER_ROOT;10261;10;10259;13;;;10284;11;10286;22;;;10272.5;0.0
av_CORN_d1;21200;ASH_COATED_OSMIUM;9937;10;9935;23;;;9944;13;9947;31;;;9940.5;0.0
av_CORN_d1;21200;INTARIAN_PEPPER_ROOT;10265;18;10263;23;;;10283;7;10285;24;;;10274.0;0.0
av_CORN_d1;21300;ASH_COATED_OSMIUM;9927;9;9924;24;;;9954;21;9957;18;;;9940.5;0.0
av_CORN_d1;21300;INTARIAN_PEPPER_ROOT;10271;16;10267;14;;;10277;13;10281;16;;;10274.0;0.0
av_CORN_d1;21400;ASH_COATED_OSMIUM;9937;17;9933;17;;;9943;30;9947;14;;;9940.0;0.0
av_CORN_d1;21400;INTARIAN_PEPPER_ROOT;10271;19;10269;24;;;10279;15;10281;19;;;10275.0;0.0
av_CORN_d1;21500;ASH_COATED_OSMIUM;9937;19;9935;32;;;9943;22;9946;15;;;9940.0;0.0
av_CORN_d1;21500;INTARIAN_PEPPER_ROOT;10271;16;10268;20;;;10277;21;10281;23;;;10274.0;0.0
av_CORN_d1;21600;ASH_COATED_OSMIUM;9938;11;9936;13;;;9944;10;9948;28;;;9941.0;0.0
av_CORN_d1;21600;INTARIAN_PEPPER_ROOT;10271;20;10268;12;;;10277;19;10280;19;;;10274.0;0.0
av_CORN_d1;21700;ASH_COATED_OSMIUM;9936;17;9934;26;;;9945;17;9949;14;;;9940.5;0.0
av_CORN_d1;21700;INTARIAN_PEPPER_ROOT;10266;20;10262;9;;;10282;25;10284;19;;;10274.0;0.0
av_CORN_d1;21800;ASH_COATED_OSMIUM;9933;13;9931;16;;;9948;21;9951;17;;;9940.5;0.0
av_CORN_d1;21800;INTARIAN_PEPPER_ROOT;10271;18;10268;25;;;10277;25;10279;10;;;10274.0;0.0
av_CORN_d1;21900;ASH_COATED_OSMIUM;9934;19;9930;25;;;9949;21;9951;20;;;9941.5;0.0
av_CORN_d1;21900;INTARIAN_PEPPER_ROOT;10267;29;10265;17;;;10284;14;10288;9;;;10275.5;0.0
av_CORN_d1;22000;ASH_COATED_OSMIUM;9938;20;9935;29;;;9944;5;9946;18;;;9941.0;0.0
av_CORN_d1;22000;INTARIAN_PEPPER_ROOT;10272;13;10268;24;;;10278;17;10282;29;;;10275.0;0.0
av_CORN_d1;22100;ASH_COATED_OSMIUM;9937;22;9934;19;;;9943;14;9945;13;;;9940.0;0.0
av_CORN_d1;22100;INTARIAN_PEPPER_ROOT;10272;8;10270;15;;;10279;17;10283;22;;;10275.5;0.0
av_CORN_d1;22200;ASH_COATED_OSMIUM;9938;23;9936;21;;;9944;10;9946;22;;;9941.0;0.0
av_CORN_d1;22200;INTARIAN_PEPPER_ROOT;10272;18;10270;17;;;10278;14;10280;15;;;10275.0;0.0
av_CORN_d1;22300;ASH_COATED_OSMIUM;9923;27;9921;16;;;9958;20;9961;10;;;9940.5;0.0
av_CORN_d1;22300;INTARIAN_PEPPER_ROOT;10272;13;10269;21;;;10278;21;10280;20;;;10275.0;0.0
av_CORN_d1;22400;ASH_COATED_OSMIUM;9937;16;9934;12;;;9943;13;9945;19;;;9940.0;0.0
av_CORN_d1;22400;INTARIAN_PEPPER_ROOT;10271;29;10267;20;;;10281;12;10283;18;;;10276.0;0.0
av_CORN_d1;22500;ASH_COATED_OSMIUM;9937;12;9934;12;;;9943;10;9947;17;;;9940.0;0.0
av_CORN_d1;22500;INTARIAN_PEPPER_ROOT;10269;8;10266;8;;;10285;11;10289;21;;;10277.0;0.0
av_CORN_d1;22600;ASH_COATED_OSMIUM;9931;14;9929;14;;;9951;16;9955;24;;;9941.0;0.0
av_CORN_d1;22600;INTARIAN_PEPPER_ROOT;10273;14;10270;26;;;10279;21;10282;10;;;10276.0;0.0
av_CORN_d1;22700;ASH_COATED_OSMIUM;9938;21;9934;24;;;9944;14;9947;20;;;9941.0;0.0
av_CORN_d1;22700;INTARIAN_PEPPER_ROOT;10274;20;10270;22;;;10280;15;10282;23;;;10277.0;0.0
av_CORN_d1;22800;ASH_COATED_OSMIUM;9931;17;9928;33;;;9950;18;9953;21;;;9940.5;0.0
av_CORN_d1;22800;INTARIAN_PEPPER_ROOT;10274;25;10270;21;;;10280;15;10282;16;;;10277.0;0.0
av_CORN_d1;22900;ASH_COATED_OSMIUM;9938;14;9935;14;;;9944;5;9948;24;;;9941.0;0.0
av_CORN_d1;22900;INTARIAN_PEPPER_ROOT;10274;28;10270;15;;;10280;6;10282;20;;;10277.0;0.0
av_CORN_d1;23000;ASH_COATED_OSMIUM;9936;13;9934;22;;;9945;11;9949;25;;;9940.5;0.0
av_CORN_d1;23000;INTARIAN_PEPPER_ROOT;10274;16;10271;15;;;10280;11;10283;23;;;10277.0;0.0
av_CORN_d1;23100;ASH_COATED_OSMIUM;9932;16;9930;21;;;9949;18;9952;12;;;9940.5;0.0
av_CORN_d1;23100;INTARIAN_PEPPER_ROOT;10275;19;10271;21;;;10281;20;10285;9;;;10278.0;0.0
av_CORN_d1;23200;ASH_COATED_OSMIUM;9938;12;9934;22;;;9944;18;9947;19;;;9941.0;0.0
av_CORN_d1;23200;INTARIAN_PEPPER_ROOT;10275;17;10272;19;;;10281;17;10285;15;;;10278.0;0.0
av_CORN_d1;23300;ASH_COATED_OSMIUM;9937;7;9934;16;;;9943;15;9945;14;;;9940.0;0.0
av_CORN_d1;23300;INTARIAN_PEPPER_ROOT;10275;21;10273;13;;;10281;16;10285;18;;;10278.0;0.0
av_CORN_d1;23400;ASH_COATED_OSMIUM;9938;11;9934;15;;;9944;15;9947;17;;;9941.0;0.0
av_CORN_d1;23400;INTARIAN_PEPPER_ROOT;10273;6;10271;18;;;10283;14;10287;18;;;10278.0;0.0
av_CORN_d1;23500;ASH_COATED_OSMIUM;9932;16;9928;15;;;9949;17;9952;20;;;9940.5;0.0
av_CORN_d1;23500;INTARIAN_PEPPER_ROOT;10274;28;10270;11;;;10282;10;10284;12;;;10278.0;0.0
av_CORN_d1;23600;ASH_COATED_OSMIUM;9937;14;9933;21;;;9943;17;9945;22;;;9940.0;0.0
av_CORN_d1;23600;INTARIAN_PEPPER_ROOT;10276;11;10274;18;;;10282;15;10286;22;;;10279.0;0.0
av_CORN_d1;23700;ASH_COATED_OSMIUM;9938;9;9936;15;;;9944;23;9946;11;;;9941.0;0.0
av_CORN_d1;23700;INTARIAN_PEPPER_ROOT;10275;19;10273;21;;;10283;19;10286;28;;;10279.0;0.0
av_CORN_d1;23800;ASH_COATED_OSMIUM;9938;15;9934;12;;;9944;15;9946;28;;;9941.0;0.0
av_CORN_d1;23800;INTARIAN_PEPPER_ROOT;10276;14;10274;21;;;10282;7;10286;20;;;10279.0;0.0
av_CORN_d1;23900;ASH_COATED_OSMIUM;9936;5;9932;11;;;9945;20;9949;13;;;9940.5;0.0
av_CORN_d1;23900;INTARIAN_PEPPER_ROOT;10276;14;10273;23;;;10282;11;10285;21;;;10279.0;0.0
av_CORN_d1;24000;ASH_COATED_OSMIUM;9938;19;9934;27;;;9944;24;9948;15;;;9941.0;0.0
av_CORN_d1;24000;INTARIAN_PEPPER_ROOT;10274;19;10270;16;;;10285;17;10288;20;;;10279.5;0.0
av_CORN_d1;24100;ASH_COATED_OSMIUM;9938;13;9934;12;;;9944;10;9948;20;;;9941.0;0.0
av_CORN_d1;24100;INTARIAN_PEPPER_ROOT;10277;12;10273;9;;;10283;5;10286;8;;;10280.0;0.0
av_CORN_d1;24200;ASH_COATED_OSMIUM;9932;22;9929;26;;;9949;17;9952;15;;;9940.5;0.0
av_CORN_d1;24200;INTARIAN_PEPPER_ROOT;10276;17;10274;12;;;10284;6;10287;24;;;10280.0;0.0
av_CORN_d1;24300;ASH_COATED_OSMIUM;9938;20;9936;21;;;9944;11;9947;27;;;9941.0;0.0
av_CORN_d1;24300;INTARIAN_PEPPER_ROOT;10276;11;10272;16;;;10284;8;10286;18;;;10280.0;0.0
av_CORN_d1;24400;ASH_COATED_OSMIUM;9937;18;9934;13;;;9943;11;9945;14;;;9940.0;0.0
av_CORN_d1;24400;INTARIAN_PEPPER_ROOT;10278;15;10274;14;;;10284;17;10287;20;;;10281.0;0.0
av_CORN_d1;24500;ASH_COATED_OSMIUM;9933;16;9929;17;;;9948;19;9952;17;;;9940.5;0.0
av_CORN_d1;24500;INTARIAN_PEPPER_ROOT;10274;10;10271;12;;;10286;16;10288;18;;;10280.0;0.0
av_CORN_d1;24600;ASH_COATED_OSMIUM;9938;22;9934;15;;;9944;7;9946;20;;;9941.0;0.0
av_CORN_d1;24600;INTARIAN_PEPPER_ROOT;10278;11;10274;19;;;10285;27;10289;28;;;10281.5;0.0
av_CORN_d1;24700;ASH_COATED_OSMIUM;9938;9;9934;18;;;9944;16;9946;19;;;9941.0;0.0
av_CORN_d1;24700;INTARIAN_PEPPER_ROOT;10278;7;10276;17;;;10284;18;10288;17;;;10281.0;0.0
av_CORN_d1;24800;ASH_COATED_OSMIUM;9936;12;9933;24;;;9944;9;9948;17;;;9940.0;0.0
av_CORN_d1;24800;INTARIAN_PEPPER_ROOT;10276;18;10273;13;;;10286;15;10288;24;;;10281.0;0.0
av_CORN_d1;24900;ASH_COATED_OSMIUM;9937;7;9935;11;;;9943;13;9946;21;;;9940.0;0.0
av_CORN_d1;24900;INTARIAN_PEPPER_ROOT;10273;23;10271;32;;;10290;19;10292;21;;;10281.5;0.0
av_CORN_d1;25000;ASH_COATED_OSMIUM;9938;17;9935;13;;;9944;10;9947;18;;;9941.0;0.0
av_CORN_d1;25000;INTARIAN_PEPPER_ROOT;10276;8;10273;16;;;10288;13;10290;26;;;10282.0;0.0
av_CORN_d1;25100;ASH_COATED_OSMIUM;9937;16;9934;8;;;9945;13;9948;17;;;9941.0;0.0
av_CORN_d1;25100;INTARIAN_PEPPER_ROOT;10279;12;10276;23;;;10285;19;10288;17;;;10282.0;0.0
av_CORN_d1;25200;ASH_COATED_OSMIUM;9938;23;9934;16;;;9944;22;9947;15;;;9941.0;0.0
av_CORN_d1;25200;INTARIAN_PEPPER_ROOT;10275;25;10271;20;;;10289;13;10293;22;;;10282.0;0.0
av_CORN_d1;25300;ASH_COATED_OSMIUM;9936;10;9934;24;;;9945;19;9948;23;;;9940.5;0.0
av_CORN_d1;25300;INTARIAN_PEPPER_ROOT;10277;5;10273;22;;;10288;16;10291;22;;;10282.5;0.0
av_CORN_d1;25400;ASH_COATED_OSMIUM;9938;17;9934;24;;;9944;6;9948;26;;;9941.0;0.0
av_CORN_d1;25400;INTARIAN_PEPPER_ROOT;10280;18;10278;19;;;10286;20;10290;13;;;10283.0;0.0
av_CORN_d1;25500;ASH_COATED_OSMIUM;9938;16;9935;22;;;9944;14;9947;13;;;9941.0;0.0
av_CORN_d1;25500;INTARIAN_PEPPER_ROOT;10280;10;10276;8;;;10286;13;10288;23;;;10283.0;0.0
av_CORN_d1;25600;ASH_COATED_OSMIUM;9937;16;9933;16;;;9943;13;9947;27;;;9940.0;0.0
av_CORN_d1;25600;INTARIAN_PEPPER_ROOT;10280;8;10276;28;;;10286;22;10290;20;;;10283.0;0.0
av_CORN_d1;25700;ASH_COATED_OSMIUM;9936;25;9934;22;;;9945;16;9947;23;;;9940.5;0.0
av_CORN_d1;25700;INTARIAN_PEPPER_ROOT;10280;12;10277;16;;;10287;8;10290;22;;;10283.5;0.0
av_CORN_d1;25800;ASH_COATED_OSMIUM;9937;13;9934;15;;;9943;17;9945;16;;;9940.0;0.0
av_CORN_d1;25800;INTARIAN_PEPPER_ROOT;10280;5;10278;11;;;10286;18;10289;23;;;10283.0;0.0
av_CORN_d1;25900;ASH_COATED_OSMIUM;9938;15;9936;25;;;9944;18;9948;23;;;9941.0;0.0
av_CORN_d1;25900;INTARIAN_PEPPER_ROOT;10281;17;10279;15;;;10287;18;10290;23;;;10284.0;0.0
av_CORN_d1;26000;ASH_COATED_OSMIUM;9938;16;9934;17;;;9944;17;9947;21;;;9941.0;0.0
av_CORN_d1;26000;INTARIAN_PEPPER_ROOT;10281;12;10278;21;;;10287;9;10290;18;;;10284.0;0.0
av_CORN_d1;26100;ASH_COATED_OSMIUM;9933;22;9929;24;;;9948;17;9952;20;;;9940.5;0.0
av_CORN_d1;26100;INTARIAN_PEPPER_ROOT;10278;11;10275;21;;;10291;12;10294;12;;;10284.5;0.0
av_CORN_d1;26200;ASH_COATED_OSMIUM;9937;16;9933;19;;;9944;19;9948;26;;;9940.5;0.0
av_CORN_d1;26200;INTARIAN_PEPPER_ROOT;10281;18;10279;16;;;10287;9;10289;22;;;10284.0;0.0
av_CORN_d1;26300;ASH_COATED_OSMIUM;9938;17;9936;9;;;9944;13;9947;17;;;9941.0;0.0
av_CORN_d1;26300;INTARIAN_PEPPER_ROOT;10281;20;10278;12;;;10288;8;10291;30;;;10284.5;0.0
av_CORN_d1;26400;ASH_COATED_OSMIUM;9928;22;9925;23;;;9954;17;9957;19;;;9941.0;0.0
av_CORN_d1;26400;INTARIAN_PEPPER_ROOT;10281;12;10277;28;;;10288;10;10290;25;;;10284.5;0.0
av_CORN_d1;26500;ASH_COATED_OSMIUM;9938;14;9936;11;;;9944;14;9946;11;;;9941.0;0.0
av_CORN_d1;26500;INTARIAN_PEPPER_ROOT;10282;10;10280;29;;;10288;10;10291;23;;;10285.0;0.0
av_CORN_d1;26600;ASH_COATED_OSMIUM;9937;8;9933;22;;;9944;14;9947;23;;;9940.5;0.0
av_CORN_d1;26600;INTARIAN_PEPPER_ROOT;10283;17;10280;20;;;10289;14;10292;18;;;10286.0;0.0
av_CORN_d1;26700;ASH_COATED_OSMIUM;9934;10;9930;18;;;9947;18;9950;22;;;9940.5;0.0
av_CORN_d1;26700;INTARIAN_PEPPER_ROOT;10283;17;10280;20;;;10289;5;10292;24;;;10286.0;0.0
av_CORN_d1;26800;ASH_COATED_OSMIUM;9938;11;9936;20;;;9944;10;9946;17;;;9941.0;0.0
av_CORN_d1;26800;INTARIAN_PEPPER_ROOT;10277;18;10275;21;;;10294;15;10297;15;;;10285.5;0.0
av_CORN_d1;26900;ASH_COATED_OSMIUM;9938;15;9936;13;;;9944;12;9946;20;;;9941.0;0.0
av_CORN_d1;26900;INTARIAN_PEPPER_ROOT;10277;5;10273;26;;;10295;11;10299;25;;;10286.0;0.0
av_CORN_d1;27000;ASH_COATED_OSMIUM;9938;16;9934;16;;;9944;13;9948;13;;;9941.0;0.0
av_CORN_d1;27000;INTARIAN_PEPPER_ROOT;10281;10;10278;15;;;10290;11;10292;21;;;10285.5;0.0
av_CORN_d1;27100;ASH_COATED_OSMIUM;9936;16;9932;8;;;9945;17;9948;24;;;9940.5;0.0
av_CORN_d1;27100;INTARIAN_PEPPER_ROOT;10283;22;10280;16;;;10289;21;10293;27;;;10286.0;0.0
av_CORN_d1;27200;ASH_COATED_OSMIUM;9938;17;9936;13;;;9944;16;9947;16;;;9941.0;0.0
av_CORN_d1;27200;INTARIAN_PEPPER_ROOT;10282;21;10279;13;;;10292;18;10295;8;;;10287.0;0.0
av_CORN_d1;27300;ASH_COATED_OSMIUM;9938;20;9934;15;;;9944;17;9946;19;;;9941.0;0.0
av_CORN_d1;27300;INTARIAN_PEPPER_ROOT;10278;17;10274;20;;;10295;23;10299;23;;;10286.5;0.0
av_CORN_d1;27400;ASH_COATED_OSMIUM;9937;17;9933;31;;;9945;17;9949;17;;;9941.0;0.0
av_CORN_d1;27400;INTARIAN_PEPPER_ROOT;10283;11;10280;17;;;10291;12;10293;12;;;10287.0;0.0
av_CORN_d1;27500;ASH_COATED_OSMIUM;9938;9;9936;23;;;9944;16;9946;22;;;9941.0;0.0
av_CORN_d1;27500;INTARIAN_PEPPER_ROOT;10284;16;10281;13;;;10290;8;10294;24;;;10287.0;0.0
av_CORN_d1;27600;ASH_COATED_OSMIUM;9936;16;9933;25;;;9947;20;9951;29;;;9941.5;0.0
av_CORN_d1;27600;INTARIAN_PEPPER_ROOT;10285;9;10281;30;;;10291;10;10294;23;;;10288.0;0.0
av_CORN_d1;27700;ASH_COATED_OSMIUM;9936;21;9933;16;;;9946;13;9950;16;;;9941.0;0.0
av_CORN_d1;27700;INTARIAN_PEPPER_ROOT;10285;17;10283;11;;;10291;19;10293;17;;;10288.0;0.0
av_CORN_d1;27800;ASH_COATED_OSMIUM;9927;6;9925;19;;;9954;12;9957;14;;;9940.5;0.0
av_CORN_d1;27800;INTARIAN_PEPPER_ROOT;10272;15;10268;15;;;10303;12;10305;15;;;10287.5;0.0
av_CORN_d1;27900;ASH_COATED_OSMIUM;9936;17;9933;19;;;9946;14;9950;17;;;9941.0;0.0
av_CORN_d1;27900;INTARIAN_PEPPER_ROOT;10283;20;10279;28;;;10293;16;10296;12;;;10288.0;0.0
av_CORN_d1;28000;ASH_COATED_OSMIUM;9938;12;9935;26;;;9945;22;9947;17;;;9941.5;0.0
av_CORN_d1;28000;INTARIAN_PEPPER_ROOT;10285;24;10281;22;;;10291;14;10294;14;;;10288.0;0.0
av_CORN_d1;28100;ASH_COATED_OSMIUM;9937;20;9935;19;;;9944;12;9946;18;;;9940.5;0.0
av_CORN_d1;28100;INTARIAN_PEPPER_ROOT;10286;17;10283;11;;;10292;5;10296;8;;;10289.0;0.0
av_CORN_d1;28200;ASH_COATED_OSMIUM;9929;18;9926;19;;;9952;15;9956;31;;;9940.5;0.0
av_CORN_d1;28200;INTARIAN_PEPPER_ROOT;10281;11;10278;17;;;10296;15;10300;22;;;10288.5;0.0
av_CORN_d1;28300;ASH_COATED_OSMIUM;9937;15;9935;15;;;9946;15;9948;18;;;9941.5;0.0
av_CORN_d1;28300;INTARIAN_PEPPER_ROOT;10285;20;10281;15;;;10292;10;10296;21;;;10288.5;0.0
av_CORN_d1;28400;ASH_COATED_OSMIUM;9927;6;9924;25;;;9954;15;9956;8;;;9940.5;0.0
av_CORN_d1;28400;INTARIAN_PEPPER_ROOT;10284;12;10281;25;;;10294;21;10296;23;;;10289.0;0.0
av_CORN_d1;28500;ASH_COATED_OSMIUM;9936;16;9934;18;;;9945;11;9949;25;;;9940.5;0.0
av_CORN_d1;28500;INTARIAN_PEPPER_ROOT;10285;9;10281;24;;;10294;12;10297;26;;;10289.5;0.0
av_CORN_d1;28600;ASH_COATED_OSMIUM;9935;14;9932;12;;;9946;12;9950;19;;;9940.5;0.0
av_CORN_d1;28600;INTARIAN_PEPPER_ROOT;10287;12;10283;18;;;10293;11;10296;8;;;10290.0;0.0
av_CORN_d1;28700;ASH_COATED_OSMIUM;9932;13;9929;21;;;9949;9;9952;16;;;9940.5;0.0
av_CORN_d1;28700;INTARIAN_PEPPER_ROOT;10287;24;10283;22;;;10293;11;10297;24;;;10290.0;0.0
av_CORN_d1;28800;ASH_COATED_OSMIUM;9938;15;9934;19;;;9944;16;9948;18;;;9941.0;0.0
av_CORN_d1;28800;INTARIAN_PEPPER_ROOT;10287;13;10285;23;;;10293;22;10296;16;;;10290.0;0.0
av_CORN_d1;28900;ASH_COATED_OSMIUM;9934;9;9932;12;;;9948;25;9951;24;;;9941.0;0.0
av_CORN_d1;28900;INTARIAN_PEPPER_ROOT;10284;14;10282;19;;;10296;13;10298;13;;;10290.0;0.0
av_CORN_d1;29000;ASH_COATED_OSMIUM;9937;16;9935;18;;;9943;21;9945;19;;;9940.0;0.0
av_CORN_d1;29000;INTARIAN_PEPPER_ROOT;10288;15;10284;22;;;10294;18;10297;24;;;10291.0;0.0
av_CORN_d1;29100;ASH_COATED_OSMIUM;9933;19;9931;22;;;9950;17;9952;18;;;9941.5;0.0
av_CORN_d1;29100;INTARIAN_PEPPER_ROOT;10287;17;10283;22;;;10293;16;10297;22;;;10290.0;0.0
av_CORN_d1;29200;ASH_COATED_OSMIUM;9936;18;9932;20;;;9945;24;9947;16;;;9940.5;0.0
av_CORN_d1;29200;INTARIAN_PEPPER_ROOT;10277;14;10273;16;;;10304;10;10307;22;;;10290.5;0.0
av_CORN_d1;29300;ASH_COATED_OSMIUM;9938;19;9936;19;;;9944;14;9947;11;;;9941.0;0.0
av_CORN_d1;29300;INTARIAN_PEPPER_ROOT;10288;22;10284;22;;;10294;9;10298;26;;;10291.0;0.0
av_CORN_d1;29400;ASH_COATED_OSMIUM;9938;13;9936;21;;;9944;18;9946;29;;;9941.0;0.0
av_CORN_d1;29400;INTARIAN_PEPPER_ROOT;10288;16;10285;25;;;10294;15;10297;16;;;10291.0;0.0
av_CORN_d1;29500;ASH_COATED_OSMIUM;9931;11;9929;22;;;9951;14;9953;19;;;9941.0;0.0
av_CORN_d1;29500;INTARIAN_PEPPER_ROOT;10288;5;10286;27;;;10294;9;10297;8;;;10291.0;0.0
av_CORN_d1;29600;ASH_COATED_OSMIUM;9937;11;9934;21;;;9943;12;9945;16;;;9940.0;0.0
av_CORN_d1;29600;INTARIAN_PEPPER_ROOT;10283;21;10279;19;;;10299;25;10303;28;;;10291.0;0.0
av_CORN_d1;29700;ASH_COATED_OSMIUM;9938;11;9935;17;;;9944;5;9948;21;;;9941.0;0.0
av_CORN_d1;29700;INTARIAN_PEPPER_ROOT;10289;10;10286;16;;;10295;12;10299;18;;;10292.0;0.0
av_CORN_d1;29800;ASH_COATED_OSMIUM;9938;11;9936;15;;;9944;12;9948;26;;;9941.0;0.0
av_CORN_d1;29800;INTARIAN_PEPPER_ROOT;10289;11;10286;20;;;10295;13;10298;19;;;10292.0;0.0
av_CORN_d1;29900;ASH_COATED_OSMIUM;9931;14;9929;16;;;9951;14;9955;16;;;9941.0;0.0
av_CORN_d1;29900;INTARIAN_PEPPER_ROOT;10289;12;10285;18;;;10295;9;10299;18;;;10292.0;0.0
av_CORN_d1;30000;ASH_COATED_OSMIUM;9937;13;9935;17;;;9943;10;9947;18;;;9940.0;0.0
av_CORN_d1;30000;INTARIAN_PEPPER_ROOT;10290;15;10288;23;;;10296;14;10300;16;;;10293.0;0.0
av_CORN_d1;30100;ASH_COATED_OSMIUM;9938;6;9935;27;;;9944;12;9947;21;;;9941.0;0.0
av_CORN_d1;30100;INTARIAN_PEPPER_ROOT;10289;13;10285;18;;;10298;13;10302;14;;;10293.5;0.0
av_CORN_d1;30200;ASH_COATED_OSMIUM;9938;8;9935;17;;;9944;18;9948;16;;;9941.0;0.0
av_CORN_d1;30200;INTARIAN_PEPPER_ROOT;10290;23;10286;22;;;10296;19;10298;15;;;10293.0;0.0
av_CORN_d1;30300;ASH_COATED_OSMIUM;9937;15;9934;21;;;9943;9;9947;24;;;9940.0;0.0
av_CORN_d1;30300;INTARIAN_PEPPER_ROOT;10290;14;10286;19;;;10296;16;10298;23;;;10293.0;0.0
av_CORN_d1;30400;ASH_COATED_OSMIUM;9934;13;9930;28;;;9948;14;9951;22;;;9941.0;0.0
av_CORN_d1;30400;INTARIAN_PEPPER_ROOT;10290;8;10286;27;;;10297;15;10301;16;;;10293.5;0.0
av_CORN_d1;30500;ASH_COATED_OSMIUM;9938;10;9936;28;;;9944;18;9948;15;;;9941.0;0.0
av_CORN_d1;30500;INTARIAN_PEPPER_ROOT;10290;17;10287;17;;;10296;13;10300;24;;;10293.0;0.0
av_CORN_d1;30600;ASH_COATED_OSMIUM;9935;6;9931;19;;;9947;17;9951;18;;;9941.0;0.0
av_CORN_d1;30600;INTARIAN_PEPPER_ROOT;10289;5;10287;14;;;10298;19;10301;24;;;10293.5;0.0
av_CORN_d1;30700;ASH_COATED_OSMIUM;9937;13;9934;26;;;9943;23;9946;18;;;9940.0;0.0
av_CORN_d1;30700;INTARIAN_PEPPER_ROOT;10291;8;10288;16;;;10297;18;10301;21;;;10294.0;0.0
av_CORN_d1;30800;ASH_COATED_OSMIUM;9930;14;9927;16;;;9952;14;9954;16;;;9941.0;0.0
av_CORN_d1;30800;INTARIAN_PEPPER_ROOT;10290;12;10287;16;;;10296;12;10298;17;;;10293.0;0.0
av_CORN_d1;30900;ASH_COATED_OSMIUM;9938;17;9934;16;;;9944;10;9946;14;;;9941.0;0.0
av_CORN_d1;30900;INTARIAN_PEPPER_ROOT;10291;11;10288;25;;;10297;14;10300;24;;;10294.0;0.0
av_CORN_d1;31000;ASH_COATED_OSMIUM;9938;14;9934;20;;;9944;10;9947;13;;;9941.0;0.0
av_CORN_d1;31000;INTARIAN_PEPPER_ROOT;10292;9;10288;25;;;10298;19;10301;17;;;10295.0;0.0
av_CORN_d1;31100;ASH_COATED_OSMIUM;9930;10;9928;20;;;9952;15;9955;26;;;9941.0;0.0
av_CORN_d1;31100;INTARIAN_PEPPER_ROOT;10290;9;10286;19;;;10299;17;10301;22;;;10294.5;0.0
av_CORN_d1;31200;ASH_COATED_OSMIUM;9938;15;9935;17;;;9944;14;9947;20;;;9941.0;0.0
av_CORN_d1;31200;INTARIAN_PEPPER_ROOT;10280;12;10278;26;;;10310;18;10312;17;;;10295.0;0.0
av_CORN_d1;31300;ASH_COATED_OSMIUM;9929;14;9927;27;;;9953;17;9955;13;;;9941.0;0.0
av_CORN_d1;31300;INTARIAN_PEPPER_ROOT;10289;18;10285;11;;;10302;7;10304;15;;;10295.5;0.0
av_CORN_d1;31400;ASH_COATED_OSMIUM;9938;14;9934;22;;;9944;17;9947;22;;;9941.0;0.0
av_CORN_d1;31400;INTARIAN_PEPPER_ROOT;10289;10;10287;20;;;10302;12;10306;16;;;10295.5;0.0
av_CORN_d1;31500;ASH_COATED_OSMIUM;9938;10;9934;21;;;9944;23;9947;22;;;9941.0;0.0
av_CORN_d1;31500;INTARIAN_PEPPER_ROOT;10293;17;10289;27;;;10299;11;10301;17;;;10296.0;0.0
av_CORN_d1;31600;ASH_COATED_OSMIUM;9938;15;9934;23;;;9944;18;9947;21;;;9941.0;0.0
av_CORN_d1;31600;INTARIAN_PEPPER_ROOT;10293;20;10291;25;;;10299;9;10303;11;;;10296.0;0.0
av_CORN_d1;31700;ASH_COATED_OSMIUM;9934;20;9930;13;;;9948;15;9952;17;;;9941.0;0.0
av_CORN_d1;31700;INTARIAN_PEPPER_ROOT;10293;11;10290;23;;;10299;18;10301;27;;;10296.0;0.0
av_CORN_d1;31800;ASH_COATED_OSMIUM;9938;15;9936;21;;;9944;9;9947;18;;;9941.0;0.0
av_CORN_d1;31800;INTARIAN_PEPPER_ROOT;10293;25;10290;28;;;10299;17;10302;19;;;10296.0;0.0
av_CORN_d1;31900;ASH_COATED_OSMIUM;9932;7;9929;19;;;9949;16;9951;19;;;9940.5;0.0
av_CORN_d1;31900;INTARIAN_PEPPER_ROOT;10294;10;10290;24;;;10300;6;10302;12;;;10297.0;0.0
av_CORN_d1;32000;ASH_COATED_OSMIUM;9937;11;9934;20;;;9943;10;9945;28;;;9940.0;0.0
av_CORN_d1;32000;INTARIAN_PEPPER_ROOT;10291;9;10289;20;;;10303;15;10305;16;;;10297.0;0.0
av_CORN_d1;32100;ASH_COATED_OSMIUM;9938;23;9936;8;;;9944;16;9948;23;;;9941.0;0.0
av_CORN_d1;32100;INTARIAN_PEPPER_ROOT;10294;13;10290;20;;;10300;6;10302;18;;;10297.0;0.0
av_CORN_d1;32200;ASH_COATED_OSMIUM;9938;6;9934;30;;;9944;18;9946;11;;;9941.0;0.0
av_CORN_d1;32200;INTARIAN_PEPPER_ROOT;10294;16;10292;22;;;10300;9;10304;8;;;10297.0;0.0
av_CORN_d1;32300;ASH_COATED_OSMIUM;9937;11;9935;23;;;9944;26;9948;26;;;9940.5;0.0
av_CORN_d1;32300;INTARIAN_PEPPER_ROOT;10288;5;10285;14;;;10308;20;10311;18;;;10298.0;0.0
av_CORN_d1;32400;ASH_COATED_OSMIUM;9938;5;9935;24;;;9944;14;9948;24;;;9941.0;0.0
av_CORN_d1;32400;INTARIAN_PEPPER_ROOT;10295;16;10292;15;;;10301;13;10305;26;;;10298.0;0.0
av_CORN_d1;32500;ASH_COATED_OSMIUM;9936;5;9932;20;;;9947;16;9951;20;;;9941.5;0.0
av_CORN_d1;32500;INTARIAN_PEPPER_ROOT;10294;15;10292;21;;;10302;6;10305;10;;;10298.0;0.0
av_CORN_d1;32600;ASH_COATED_OSMIUM;9937;12;9933;25;;;9945;20;9948;17;;;9941.0;0.0
av_CORN_d1;32600;INTARIAN_PEPPER_ROOT;10295;14;10293;12;;;10301;19;10305;27;;;10298.0;0.0
av_CORN_d1;32700;ASH_COATED_OSMIUM;9938;14;9936;24;;;9944;17;9947;17;;;9941.0;0.0
av_CORN_d1;32700;INTARIAN_PEPPER_ROOT;10295;8;10293;19;;;10301;6;10305;8;;;10298.0;0.0
av_CORN_d1;32800;ASH_COATED_OSMIUM;9937;11;9935;26;;;9947;9;9949;16;;;9942.0;0.0
av_CORN_d1;32800;INTARIAN_PEPPER_ROOT;10293;18;10291;26;;;10303;12;10307;23;;;10298.0;0.0
av_CORN_d1;32900;ASH_COATED_OSMIUM;9936;7;9932;20;;;9947;14;9950;18;;;9941.5;0.0
av_CORN_d1;32900;INTARIAN_PEPPER_ROOT;10292;9;10288;23;;;10305;12;10307;30;;;10298.5;0.0
av_CORN_d1;33000;ASH_COATED_OSMIUM;9938;14;9934;21;;;9944;23;9948;23;;;9941.0;0.0
av_CORN_d1;33000;INTARIAN_PEPPER_ROOT;10291;26;10287;23;;;10307;16;10310;20;;;10299.0;0.0
av_CORN_d1;33100;ASH_COATED_OSMIUM;9930;14;9928;30;;;9952;21;9955;20;;;9941.0;0.0
av_CORN_d1;33100;INTARIAN_PEPPER_ROOT;10296;9;10294;18;;;10302;9;10304;13;;;10299.0;0.0
av_CORN_d1;33200;ASH_COATED_OSMIUM;9924;11;9921;15;;;9959;15;9963;22;;;9941.5;0.0
av_CORN_d1;33200;INTARIAN_PEPPER_ROOT;10292;14;10290;18;;;10306;6;10308;18;;;10299.0;0.0
av_CORN_d1;33300;ASH_COATED_OSMIUM;9938;24;9935;9;;;9945;23;9948;18;;;9941.5;0.0
av_CORN_d1;33300;INTARIAN_PEPPER_ROOT;10297;15;10294;13;;;10303;10;10305;16;;;10300.0;0.0
av_CORN_d1;33400;ASH_COATED_OSMIUM;9938;21;9934;14;;;9944;9;9946;17;;;9941.0;0.0
av_CORN_d1;33400;INTARIAN_PEPPER_ROOT;10297;17;10294;16;;;10303;26;10307;17;;;10300.0;0.0
av_CORN_d1;33500;ASH_COATED_OSMIUM;9927;21;9925;23;;;9955;11;9957;17;;;9941.0;0.0
av_CORN_d1;33500;INTARIAN_PEPPER_ROOT;10297;14;10293;25;;;10303;17;10307;17;;;10300.0;0.0
av_CORN_d1;33600;ASH_COATED_OSMIUM;9938;20;9935;18;;;9944;10;9946;16;;;9941.0;0.0
av_CORN_d1;33600;INTARIAN_PEPPER_ROOT;10297;16;10295;28;;;10303;23;10306;12;;;10300.0;0.0
av_CORN_d1;33700;ASH_COATED_OSMIUM;9934;14;9931;23;;;9948;17;9951;30;;;9941.0;0.0
av_CORN_d1;33700;INTARIAN_PEPPER_ROOT;10298;15;10295;16;;;10304;11;10306;16;;;10301.0;0.0
av_CORN_d1;33800;ASH_COATED_OSMIUM;9935;7;9931;13;;;9947;19;9949;16;;;9941.0;0.0
av_CORN_d1;33800;INTARIAN_PEPPER_ROOT;10297;12;10293;8;;;10303;24;10306;16;;;10300.0;0.0
av_CORN_d1;33900;ASH_COATED_OSMIUM;9938;17;9935;20;;;9944;22;9947;10;;;9941.0;0.0
av_CORN_d1;33900;INTARIAN_PEPPER_ROOT;10298;5;10294;19;;;10304;11;10306;15;;;10301.0;0.0
av_CORN_d1;34000;ASH_COATED_OSMIUM;9937;24;9933;17;;;9945;18;9947;20;;;9941.0;0.0
av_CORN_d1;34000;INTARIAN_PEPPER_ROOT;10298;11;10295;20;;;10304;11;10306;25;;;10301.0;0.0
av_CORN_d1;34100;ASH_COATED_OSMIUM;9937;18;9935;20;;;9945;12;9947;29;;;9941.0;0.0
av_CORN_d1;34100;INTARIAN_PEPPER_ROOT;10292;16;10288;24;;;10310;15;10313;19;;;10301.0;0.0
av_CORN_d1;34200;ASH_COATED_OSMIUM;9937;16;9933;24;;;9946;14;9949;16;;;9941.5;0.0
av_CORN_d1;34200;INTARIAN_PEPPER_ROOT;10296;9;10294;16;;;10306;18;10310;16;;;10301.0;0.0
av_CORN_d1;34300;ASH_COATED_OSMIUM;9939;19;9937;17;;;9945;14;9948;18;;;9942.0;0.0
av_CORN_d1;34300;INTARIAN_PEPPER_ROOT;10297;16;10295;18;;;10303;13;10305;21;;;10300.0;0.0
av_CORN_d1;34400;ASH_COATED_OSMIUM;9939;15;9935;14;;;9945;17;9949;17;;;9942.0;0.0
av_CORN_d1;34400;INTARIAN_PEPPER_ROOT;10297;17;10294;12;;;10303;9;10305;25;;;10300.0;0.0
av_CORN_d1;34500;ASH_COATED_OSMIUM;9938;10;9935;18;;;9944;18;9946;35;;;9941.0;0.0
av_CORN_d1;34500;INTARIAN_PEPPER_ROOT;10296;16;10294;17;;;10303;12;10305;8;;;10299.5;0.0
av_CORN_d1;34600;ASH_COATED_OSMIUM;9937;14;9935;18;;;9945;17;9949;19;;;9941.0;0.0
av_CORN_d1;34600;INTARIAN_PEPPER_ROOT;10296;22;10294;23;;;10302;16;10306;29;;;10299.0;0.0
av_CORN_d1;34700;ASH_COATED_OSMIUM;9938;21;9935;19;;;9944;12;9948;27;;;9941.0;0.0
av_CORN_d1;34700;INTARIAN_PEPPER_ROOT;10297;18;10294;19;;;10303;7;10307;21;;;10300.0;0.0
av_CORN_d1;34800;ASH_COATED_OSMIUM;9938;14;9934;27;;;9944;13;9947;12;;;9941.0;0.0
av_CORN_d1;34800;INTARIAN_PEPPER_ROOT;10286;12;10284;9;;;10311;13;10313;16;;;10298.5;0.0
av_CORN_d1;34900;ASH_COATED_OSMIUM;9937;15;9933;18;;;9945;12;9948;12;;;9941.0;0.0
av_CORN_d1;34900;INTARIAN_PEPPER_ROOT;10296;17;10293;22;;;10302;21;10304;26;;;10299.0;0.0
av_CORN_d1;35000;ASH_COATED_OSMIUM;9929;5;9927;19;;;9955;9;9957;12;;;9942.0;0.0
av_CORN_d1;35000;INTARIAN_PEPPER_ROOT;10293;13;10289;15;;;10304;13;10306;18;;;10298.5;0.0
av_CORN_d1;35100;ASH_COATED_OSMIUM;9937;15;9935;25;;;9946;12;9949;22;;;9941.5;0.0
av_CORN_d1;35100;INTARIAN_PEPPER_ROOT;10295;19;10291;17;;;10301;18;10304;23;;;10298.0;0.0
av_CORN_d1;35200;ASH_COATED_OSMIUM;9936;14;9932;17;;;9948;13;9950;20;;;9942.0;0.0
av_CORN_d1;35200;INTARIAN_PEPPER_ROOT;10293;18;10290;18;;;10304;12;10307;15;;;10298.5;0.0
av_CORN_d1;35300;ASH_COATED_OSMIUM;9930;14;9927;19;;;9954;15;9958;23;;;9942.0;0.0
av_CORN_d1;35300;INTARIAN_PEPPER_ROOT;10294;22;10291;18;;;10301;17;10305;18;;;10297.5;0.0
av_CORN_d1;35400;ASH_COATED_OSMIUM;9936;13;9933;12;;;9946;23;9950;21;;;9941.0;0.0
av_CORN_d1;35400;INTARIAN_PEPPER_ROOT;10295;19;10291;20;;;10301;11;10304;16;;;10298.0;0.0
av_CORN_d1;35500;ASH_COATED_OSMIUM;9931;14;9929;22;;;9953;18;9957;24;;;9942.0;0.0
av_CORN_d1;35500;INTARIAN_PEPPER_ROOT;10281;8;10278;24;;;10313;26;10316;14;;;10297.0;0.0
av_CORN_d1;35600;ASH_COATED_OSMIUM;9938;19;9935;16;;;9944;14;9946;24;;;9941.0;0.0
av_CORN_d1;35600;INTARIAN_PEPPER_ROOT;10294;15;10290;17;;;10300;18;10303;23;;;10297.0;0.0
av_CORN_d1;35700;ASH_COATED_OSMIUM;9934;11;9931;19;;;9949;18;9953;11;;;9941.5;0.0
av_CORN_d1;35700;INTARIAN_PEPPER_ROOT;10294;13;10290;26;;;10300;15;10302;15;;;10297.0;0.0
av_CORN_d1;35800;ASH_COATED_OSMIUM;9939;15;9935;20;;;9945;15;9947;25;;;9942.0;0.0
av_CORN_d1;35800;INTARIAN_PEPPER_ROOT;10294;13;10291;23;;;10300;17;10304;17;;;10297.0;0.0
av_CORN_d1;35900;ASH_COATED_OSMIUM;9938;12;9936;16;;;9944;16;9946;17;;;9941.0;0.0
av_CORN_d1;35900;INTARIAN_PEPPER_ROOT;10292;17;10290;22;;;10301;8;10304;23;;;10296.5;0.0
av_CORN_d1;36000;ASH_COATED_OSMIUM;9938;14;9934;23;;;9944;20;9948;15;;;9941.0;0.0
av_CORN_d1;36000;INTARIAN_PEPPER_ROOT;10293;14;10291;11;;;10299;9;10301;23;;;10296.0;0.0
av_CORN_d1;36100;ASH_COATED_OSMIUM;9939;23;9935;29;;;9945;16;9947;13;;;9942.0;0.0
av_CORN_d1;36100;INTARIAN_PEPPER_ROOT;10287;15;10285;12;;;10306;20;10310;21;;;10296.5;0.0
av_CORN_d1;36200;ASH_COATED_OSMIUM;9939;15;9937;17;;;9945;22;9948;25;;;9942.0;0.0
av_CORN_d1;36200;INTARIAN_PEPPER_ROOT;10293;12;10291;18;;;10299;10;10301;15;;;10296.0;0.0
av_CORN_d1;36300;ASH_COATED_OSMIUM;9939;20;9935;22;;;9945;16;9948;18;;;9942.0;0.0
av_CORN_d1;36300;INTARIAN_PEPPER_ROOT;10286;14;10283;26;;;10304;12;10306;17;;;10295.0;0.0
av_CORN_d1;36400;ASH_COATED_OSMIUM;9934;16;9931;23;;;9950;15;9953;15;;;9942.0;0.0
av_CORN_d1;36400;INTARIAN_PEPPER_ROOT;10292;6;10288;17;;;10298;17;10300;16;;;10295.0;0.0
av_CORN_d1;36500;ASH_COATED_OSMIUM;9937;12;9934;22;;;9947;19;9949;23;;;9942.0;0.0
av_CORN_d1;36500;INTARIAN_PEPPER_ROOT;10292;19;10290;20;;;10298;5;10301;8;;;10295.0;0.0
av_CORN_d1;36600;ASH_COATED_OSMIUM;9939;26;9937;11;;;9945;8;9949;14;;;9942.0;0.0
av_CORN_d1;36600;INTARIAN_PEPPER_ROOT;10291;9;10288;14;;;10297;12;10300;14;;;10294.0;0.0
av_CORN_d1;36700;ASH_COATED_OSMIUM;9939;9;9937;14;;;9945;16;9949;20;;;9942.0;0.0
av_CORN_d1;36700;INTARIAN_PEPPER_ROOT;10291;21;10288;25;;;10297;14;10300;25;;;10294.0;0.0
av_CORN_d1;36800;ASH_COATED_OSMIUM;9939;17;9937;14;;;9945;18;9947;19;;;9942.0;0.0
av_CORN_d1;36800;INTARIAN_PEPPER_ROOT;10291;18;10289;8;;;10297;21;10299;15;;;10294.0;0.0
av_CORN_d1;36900;ASH_COATED_OSMIUM;9937;16;9934;17;;;9948;8;9951;21;;;9942.5;0.0
av_CORN_d1;36900;INTARIAN_PEPPER_ROOT;10291;9;10287;24;;;10297;17;10299;18;;;10294.0;0.0
av_CORN_d1;37000;ASH_COATED_OSMIUM;9939;25;9936;13;;;9945;11;9948;21;;;9942.0;0.0
av_CORN_d1;37000;INTARIAN_PEPPER_ROOT;10291;21;10289;19;;;10297;14;10299;20;;;10294.0;0.0
av_CORN_d1;37100;ASH_COATED_OSMIUM;9939;9;9936;21;;;9945;22;9947;19;;;9942.0;0.0
av_CORN_d1;37100;INTARIAN_PEPPER_ROOT;10291;14;10287;24;;;10297;5;10301;17;;;10294.0;0.0
av_CORN_d1;37200;ASH_COATED_OSMIUM;9939;13;9937;20;;;9945;17;9947;21;;;9942.0;0.0
av_CORN_d1;37200;INTARIAN_PEPPER_ROOT;10289;12;10287;16;;;10298;8;10302;28;;;10293.5;0.0
av_CORN_d1;37300;ASH_COATED_OSMIUM;9933;13;9930;14;;;9951;17;9954;13;;;9942.0;0.0
av_CORN_d1;37300;INTARIAN_PEPPER_ROOT;10284;13;10281;26;;;10302;13;10304;13;;;10293.0;0.0
av_CORN_d1;37400;ASH_COATED_OSMIUM;9936;22;9933;14;;;9948;23;9951;17;;;9942.0;0.0
av_CORN_d1;37400;INTARIAN_PEPPER_ROOT;10290;5;10287;27;;;10296;16;10298;25;;;10293.0;0.0
av_CORN_d1;37500;ASH_COATED_OSMIUM;9938;7;9934;20;;;9946;10;9948;10;;;9942.0;0.0
av_CORN_d1;37500;INTARIAN_PEPPER_ROOT;10290;19;10286;15;;;10296;12;10300;29;;;10293.0;0.0
av_CORN_d1;37600;ASH_COATED_OSMIUM;9940;12;9937;23;;;9946;10;9950;23;;;9943.0;0.0
av_CORN_d1;37600;INTARIAN_PEPPER_ROOT;10289;9;10286;21;;;10298;13;10301;18;;;10293.5;0.0
av_CORN_d1;37700;ASH_COATED_OSMIUM;9939;10;9935;15;;;9945;8;9948;13;;;9942.0;0.0
av_CORN_d1;37700;INTARIAN_PEPPER_ROOT;10289;19;10286;31;;;10295;14;10297;18;;;10292.0;0.0
av_CORN_d1;37800;ASH_COATED_OSMIUM;9939;18;9937;14;;;9946;23;9950;18;;;9942.5;0.0
av_CORN_d1;37800;INTARIAN_PEPPER_ROOT;10289;16;10286;25;;;10295;17;10298;34;;;10292.0;0.0
av_CORN_d1;37900;ASH_COATED_OSMIUM;9940;13;9938;21;;;9946;6;9948;21;;;9943.0;0.0
av_CORN_d1;37900;INTARIAN_PEPPER_ROOT;10283;14;10280;16;;;10301;10;10303;19;;;10292.0;0.0
av_CORN_d1;38000;ASH_COATED_OSMIUM;9913;20;9910;20;;;9971;11;9974;22;;;9942.0;0.0
av_CORN_d1;38000;INTARIAN_PEPPER_ROOT;10289;10;10285;25;;;10295;15;10299;12;;;10292.0;0.0
av_CORN_d1;38100;ASH_COATED_OSMIUM;9940;19;9937;24;;;9946;10;9949;18;;;9943.0;0.0
av_CORN_d1;38100;INTARIAN_PEPPER_ROOT;10289;20;10286;18;;;10295;15;10299;19;;;10292.0;0.0
av_CORN_d1;38200;ASH_COATED_OSMIUM;9939;15;9937;19;;;9945;24;9949;14;;;9942.0;0.0
av_CORN_d1;38200;INTARIAN_PEPPER_ROOT;10287;18;10283;10;;;10294;21;10298;10;;;10290.5;0.0
av_CORN_d1;38300;ASH_COATED_OSMIUM;9939;7;9937;21;;;9945;22;9949;20;;;9942.0;0.0
av_CORN_d1;38300;INTARIAN_PEPPER_ROOT;10284;25;10281;24;;;10298;20;10301;17;;;10291.0;0.0
av_CORN_d1;38400;ASH_COATED_OSMIUM;9939;12;9936;16;;;9945;20;9948;27;;;9942.0;0.0
av_CORN_d1;38400;INTARIAN_PEPPER_ROOT;10288;10;10286;15;;;10294;15;10296;21;;;10291.0;0.0
av_CORN_d1;38500;ASH_COATED_OSMIUM;9938;19;9936;16;;;9947;11;9951;18;;;9942.5;0.0
av_CORN_d1;38500;INTARIAN_PEPPER_ROOT;10281;16;10277;16;;;10300;14;10302;17;;;10290.5;0.0
av_CORN_d1;38600;ASH_COATED_OSMIUM;9940;18;9937;29;;;9946;20;9950;24;;;9943.0;0.0
av_CORN_d1;38600;INTARIAN_PEPPER_ROOT;10288;17;10284;18;;;10294;19;10298;21;;;10291.0;0.0
av_CORN_d1;38700;ASH_COATED_OSMIUM;9940;7;9938;19;;;9946;14;9950;22;;;9943.0;0.0
av_CORN_d1;38700;INTARIAN_PEPPER_ROOT;10287;19;10285;20;;;10293;11;10297;19;;;10290.0;0.0
av_CORN_d1;38800;ASH_COATED_OSMIUM;9940;12;9936;11;;;9946;18;9949;10;;;9943.0;0.0
av_CORN_d1;38800;INTARIAN_PEPPER_ROOT;10267;18;10263;16;;;10313;7;10315;19;;;10290.0;0.0
av_CORN_d1;38900;ASH_COATED_OSMIUM;9940;5;9936;23;;;9946;11;9950;24;;;9943.0;0.0
av_CORN_d1;38900;INTARIAN_PEPPER_ROOT;10287;14;10283;29;;;10293;15;10295;22;;;10290.0;0.0
av_CORN_d1;39000;ASH_COATED_OSMIUM;9940;10;9938;18;;;9946;20;9950;19;;;9943.0;0.0
av_CORN_d1;39000;INTARIAN_PEPPER_ROOT;10286;16;10283;19;;;10292;14;10296;10;;;10289.0;0.0
av_CORN_d1;39100;ASH_COATED_OSMIUM;9940;6;9936;16;;;9946;11;9949;21;;;9943.0;0.0
av_CORN_d1;39100;INTARIAN_PEPPER_ROOT;10287;16;10285;16;;;10293;14;10296;12;;;10290.0;0.0
av_CORN_d1;39200;ASH_COATED_OSMIUM;9940;21;9936;24;;;9946;5;9948;15;;;9943.0;0.0
av_CORN_d1;39200;INTARIAN_PEPPER_ROOT;10286;22;10282;19;;;10292;8;10296;18;;;10289.0;0.0
av_CORN_d1;39300;ASH_COATED_OSMIUM;9940;15;9936;22;;;9946;17;9948;20;;;9943.0;0.0
av_CORN_d1;39300;INTARIAN_PEPPER_ROOT;10286;5;10282;12;;;10292;17;10295;19;;;10289.0;0.0
av_CORN_d1;39400;ASH_COATED_OSMIUM;9939;19;9935;24;;;9947;15;9950;20;;;9943.0;0.0
av_CORN_d1;39400;INTARIAN_PEPPER_ROOT;10283;6;10280;21;;;10294;9;10297;19;;;10288.5;0.0
av_CORN_d1;39500;ASH_COATED_OSMIUM;9939;24;9937;20;;;9945;21;9947;23;;;9942.0;0.0
av_CORN_d1;39500;INTARIAN_PEPPER_ROOT;10280;17;10278;22;;;10296;15;10300;16;;;10288.0;0.0
av_CORN_d1;39600;ASH_COATED_OSMIUM;9919;8;9916;21;;;9967;14;9970;20;;;9943.0;0.0
av_CORN_d1;39600;INTARIAN_PEPPER_ROOT;10285;11;10281;18;;;10291;14;10295;22;;;10288.0;0.0
av_CORN_d1;39700;ASH_COATED_OSMIUM;9940;24;9936;8;;;9946;11;9948;16;;;9943.0;0.0
av_CORN_d1;39700;INTARIAN_PEPPER_ROOT;10285;14;10281;21;;;10291;7;10295;20;;;10288.0;0.0
av_CORN_d1;39800;ASH_COATED_OSMIUM;9939;19;9937;24;;;9946;11;9950;14;;;9942.5;0.0
av_CORN_d1;39800;INTARIAN_PEPPER_ROOT;10284;15;10281;24;;;10290;17;10292;24;;;10287.0;0.0
av_CORN_d1;39900;ASH_COATED_OSMIUM;9925;21;9923;27;;;9961;21;9965;11;;;9943.0;0.0
av_CORN_d1;39900;INTARIAN_PEPPER_ROOT;10274;20;10272;18;;;10301;17;10304;22;;;10287.5;0.0
av_CORN_d1;40000;ASH_COATED_OSMIUM;9940;17;9936;25;;;9946;11;9948;24;;;9943.0;0.0
av_CORN_d1;40000;INTARIAN_PEPPER_ROOT;10279;16;10275;20;;;10295;21;10299;28;;;10287.0;0.0
av_CORN_d1;40100;ASH_COATED_OSMIUM;9940;17;9938;23;;;9946;9;9949;9;;;9943.0;0.0
av_CORN_d1;40100;INTARIAN_PEPPER_ROOT;10284;15;10281;18;;;10290;11;10292;13;;;10287.0;0.0
av_CORN_d1;40200;ASH_COATED_OSMIUM;9934;12;9931;19;;;9952;14;9954;14;;;9943.0;0.0
av_CORN_d1;40200;INTARIAN_PEPPER_ROOT;10284;25;10282;26;;;10290;7;10292;20;;;10287.0;0.0
av_CORN_d1;40300;ASH_COATED_OSMIUM;9940;18;9936;21;;;9946;17;9949;17;;;9943.0;0.0
av_CORN_d1;40300;INTARIAN_PEPPER_ROOT;10283;12;10281;29;;;10289;13;10292;17;;;10286.0;0.0
av_CORN_d1;40400;ASH_COATED_OSMIUM;9934;20;9930;29;;;9951;15;9955;22;;;9942.5;0.0
av_CORN_d1;40400;INTARIAN_PEPPER_ROOT;10283;18;10279;25;;;10289;8;10293;29;;;10286.0;0.0
av_CORN_d1;40500;ASH_COATED_OSMIUM;9941;16;9938;11;;;9947;18;9949;15;;;9944.0;0.0
av_CORN_d1;40500;INTARIAN_PEPPER_ROOT;10283;15;10279;12;;;10289;14;10291;18;;;10286.0;0.0
av_CORN_d1;40600;ASH_COATED_OSMIUM;9938;13;9934;20;;;9949;19;9953;23;;;9943.5;0.0
av_CORN_d1;40600;INTARIAN_PEPPER_ROOT;10283;19;10281;15;;;10289;22;10291;18;;;10286.0;0.0
av_CORN_d1;40700;ASH_COATED_OSMIUM;9940;11;9937;26;;;9946;12;9948;23;;;9943.0;0.0
av_CORN_d1;40700;INTARIAN_PEPPER_ROOT;10283;18;10280;14;;;10289;9;10292;16;;;10286.0;0.0
av_CORN_d1;40800;ASH_COATED_OSMIUM;9938;12;9935;15;;;9947;17;9950;16;;;9942.5;0.0
av_CORN_d1;40800;INTARIAN_PEPPER_ROOT;10282;13;10279;24;;;10288;11;10292;15;;;10285.0;0.0
av_CORN_d1;40900;ASH_COATED_OSMIUM;9939;5;9937;14;;;9946;13;9949;28;;;9942.5;0.0
av_CORN_d1;40900;INTARIAN_PEPPER_ROOT;10283;18;10281;25;;;10289;17;10292;25;;;10286.0;0.0
av_CORN_d1;41000;ASH_COATED_OSMIUM;9937;13;9935;26;;;9948;19;9951;19;;;9942.5;0.0
av_CORN_d1;41000;INTARIAN_PEPPER_ROOT;10282;5;10280;22;;;10288;9;10291;22;;;10285.0;0.0
av_CORN_d1;41100;ASH_COATED_OSMIUM;9938;7;9936;18;;;9948;14;9951;24;;;9943.0;0.0
av_CORN_d1;41100;INTARIAN_PEPPER_ROOT;10280;11;10278;17;;;10290;5;10292;21;;;10285.0;0.0
av_CORN_d1;41200;ASH_COATED_OSMIUM;9940;11;9936;22;;;9946;13;9948;17;;;9943.0;0.0
av_CORN_d1;41200;INTARIAN_PEPPER_ROOT;10273;18;10269;17;;;10296;18;10298;15;;;10284.5;0.0
av_CORN_d1;41300;ASH_COATED_OSMIUM;9939;16;9935;21;;;9948;15;9951;17;;;9943.5;0.0
av_CORN_d1;41300;INTARIAN_PEPPER_ROOT;10281;9;10277;13;;;10287;6;10289;29;;;10284.0;0.0
av_CORN_d1;41400;ASH_COATED_OSMIUM;9940;22;9937;15;;;9946;14;9949;24;;;9943.0;0.0
av_CORN_d1;41400;INTARIAN_PEPPER_ROOT;10279;7;10276;21;;;10289;6;10292;18;;;10284.0;0.0
av_CORN_d1;41500;ASH_COATED_OSMIUM;9926;8;9922;27;;;9961;13;9963;13;;;9943.5;0.0
av_CORN_d1;41500;INTARIAN_PEPPER_ROOT;10278;18;10274;18;;;10290;18;10292;15;;;10284.0;0.0
av_CORN_d1;41600;ASH_COATED_OSMIUM;9940;12;9938;29;;;9946;13;9948;19;;;9943.0;0.0
av_CORN_d1;41600;INTARIAN_PEPPER_ROOT;10280;15;10277;28;;;10286;16;10288;24;;;10283.0;0.0
av_CORN_d1;41700;ASH_COATED_OSMIUM;9940;10;9937;15;;;9946;5;9948;19;;;9943.0;0.0
av_CORN_d1;41700;INTARIAN_PEPPER_ROOT;10280;21;10278;17;;;10286;21;10289;17;;;10283.0;0.0
av_CORN_d1;41800;ASH_COATED_OSMIUM;9940;15;9937;22;;;9946;14;9949;17;;;9943.0;0.0
av_CORN_d1;41800;INTARIAN_PEPPER_ROOT;10280;7;10277;20;;;10286;17;10290;16;;;10283.0;0.0
av_CORN_d1;41900;ASH_COATED_OSMIUM;9929;6;9927;16;;;9958;17;9960;22;;;9943.5;0.0
av_CORN_d1;41900;INTARIAN_PEPPER_ROOT;10280;12;10276;18;;;10286;13;10289;24;;;10283.0;0.0
av_CORN_d1;42000;ASH_COATED_OSMIUM;9923;15;9920;17;;;9965;10;9967;26;;;9944.0;0.0
av_CORN_d1;42000;INTARIAN_PEPPER_ROOT;10280;6;10276;27;;;10288;8;10290;24;;;10284.0;0.0
av_CORN_d1;42100;ASH_COATED_OSMIUM;9936;18;9934;11;;;9951;11;9954;20;;;9943.5;0.0
av_CORN_d1;42100;INTARIAN_PEPPER_ROOT;10275;19;10271;21;;;10290;12;10293;25;;;10282.5;0.0
av_CORN_d1;42200;ASH_COATED_OSMIUM;9940;7;9937;20;;;9946;17;9949;28;;;9943.0;0.0
av_CORN_d1;42200;INTARIAN_PEPPER_ROOT;10276;16;10273;19;;;10289;5;10292;20;;;10282.5;0.0
av_CORN_d1;42300;ASH_COATED_OSMIUM;9940;18;9937;23;;;9946;18;9950;20;;;9943.0;0.0
av_CORN_d1;42300;INTARIAN_PEPPER_ROOT;10280;20;10277;27;;;10286;22;10289;29;;;10283.0;0.0
av_CORN_d1;42400;ASH_COATED_OSMIUM;9941;12;9937;20;;;9947;16;9950;21;;;9944.0;0.0
av_CORN_d1;42400;INTARIAN_PEPPER_ROOT;10279;23;10277;27;;;10285;19;10289;20;;;10282.0;0.0
av_CORN_d1;42500;ASH_COATED_OSMIUM;9940;6;9938;17;;;9946;5;9950;16;;;9943.0;0.0
av_CORN_d1;42500;INTARIAN_PEPPER_ROOT;10274;20;10271;25;;;10290;20;10294;17;;;10282.0;0.0
av_CORN_d1;42600;ASH_COATED_OSMIUM;9940;20;9937;13;;;9946;9;9948;23;;;9943.0;0.0
av_CORN_d1;42600;INTARIAN_PEPPER_ROOT;10278;7;10275;14;;;10285;12;10289;18;;;10281.5;0.0
av_CORN_d1;42700;ASH_COATED_OSMIUM;9939;13;9935;19;;;9948;11;9952;10;;;9943.5;0.0
av_CORN_d1;42700;INTARIAN_PEPPER_ROOT;10278;17;10276;8;;;10284;13;10287;18;;;10281.0;0.0
av_CORN_d1;42800;ASH_COATED_OSMIUM;9926;17;9924;14;;;9962;13;9964;21;;;9944.0;0.0
av_CORN_d1;42800;INTARIAN_PEPPER_ROOT;10278;17;10274;19;;;10284;17;10286;24;;;10281.0;0.0
av_CORN_d1;42900;ASH_COATED_OSMIUM;9940;13;9938;11;;;9946;14;9949;19;;;9943.0;0.0
av_CORN_d1;42900;INTARIAN_PEPPER_ROOT;10277;16;10275;18;;;10283;22;10285;21;;;10280.0;0.0
av_CORN_d1;43000;ASH_COATED_OSMIUM;9938;20;9936;28;;;9950;16;9953;18;;;9944.0;0.0
av_CORN_d1;43000;INTARIAN_PEPPER_ROOT;10277;10;10275;19;;;10283;15;10286;22;;;10280.0;0.0
av_CORN_d1;43100;ASH_COATED_OSMIUM;9941;8;9939;16;;;9947;16;9949;21;;;9944.0;0.0
av_CORN_d1;43100;INTARIAN_PEPPER_ROOT;10273;20;10270;20;;;10288;6;10291;15;;;10280.5;0.0
av_CORN_d1;43200;ASH_COATED_OSMIUM;9941;16;9939;21;;;9947;19;9951;13;;;9944.0;0.0
av_CORN_d1;43200;INTARIAN_PEPPER_ROOT;10276;14;10273;23;;;10285;10;10288;21;;;10280.5;0.0
av_CORN_d1;43300;ASH_COATED_OSMIUM;9934;12;9930;23;;;9952;8;9955;24;;;9943.0;0.0
av_CORN_d1;43300;INTARIAN_PEPPER_ROOT;10277;14;10274;27;;;10283;17;10285;24;;;10280.0;0.0
av_CORN_d1;43400;ASH_COATED_OSMIUM;9941;7;9937;17;;;9947;13;9951;12;;;9944.0;0.0
av_CORN_d1;43400;INTARIAN_PEPPER_ROOT;10264;21;10262;20;;;10295;18;10298;13;;;10279.5;0.0
av_CORN_d1;43500;ASH_COATED_OSMIUM;9940;15;9938;15;;;9946;22;9950;17;;;9943.0;0.0
av_CORN_d1;43500;INTARIAN_PEPPER_ROOT;10276;22;10273;22;;;10282;13;10286;17;;;10279.0;0.0
av_CORN_d1;43600;ASH_COATED_OSMIUM;9940;12;9938;14;;;9946;12;9948;24;;;9943.0;0.0
av_CORN_d1;43600;INTARIAN_PEPPER_ROOT;10273;18;10270;24;;;10286;21;10289;15;;;10279.5;0.0
av_CORN_d1;43700;ASH_COATED_OSMIUM;9930;19;9928;23;;;9958;21;9961;29;;;9944.0;0.0
av_CORN_d1;43700;INTARIAN_PEPPER_ROOT;10275;18;10271;9;;;10281;8;10285;23;;;10278.0;0.0
av_CORN_d1;43800;ASH_COATED_OSMIUM;9941;19;9938;11;;;9947;8;9950;22;;;9944.0;0.0
av_CORN_d1;43800;INTARIAN_PEPPER_ROOT;10276;19;10274;14;;;10282;11;10284;22;;;10279.0;0.0
av_CORN_d1;43900;ASH_COATED_OSMIUM;9941;25;9937;11;;;9947;6;9949;16;;;9944.0;0.0
av_CORN_d1;43900;INTARIAN_PEPPER_ROOT;10274;18;10271;26;;;10283;16;10285;14;;;10278.5;0.0
av_CORN_d1;44000;ASH_COATED_OSMIUM;9941;10;9937;27;;;9947;18;9950;23;;;9944.0;0.0
av_CORN_d1;44000;INTARIAN_PEPPER_ROOT;10275;19;10271;16;;;10281;19;10284;17;;;10278.0;0.0
av_CORN_d1;44100;ASH_COATED_OSMIUM;9941;28;9938;27;;;9947;14;9950;8;;;9944.0;0.0
av_CORN_d1;44100;INTARIAN_PEPPER_ROOT;10275;17;10273;12;;;10281;14;10285;14;;;10278.0;0.0
av_CORN_d1;44200;ASH_COATED_OSMIUM;9937;22;9933;16;;;9951;23;9953;20;;;9944.0;0.0
av_CORN_d1;44200;INTARIAN_PEPPER_ROOT;10267;13;10265;24;;;10289;20;10292;18;;;10278.0;0.0
av_CORN_d1;44300;ASH_COATED_OSMIUM;9941;10;9939;10;;;9947;16;9951;15;;;9944.0;0.0
av_CORN_d1;44300;INTARIAN_PEPPER_ROOT;10275;13;10271;16;;;10281;17;10283;14;;;10278.0;0.0
av_CORN_d1;44400;ASH_COATED_OSMIUM;9941;13;9937;22;;;9947;10;9949;16;;;9944.0;0.0
av_CORN_d1;44400;INTARIAN_PEPPER_ROOT;10274;14;10272;14;;;10280;17;10284;23;;;10277.0;0.0
av_CORN_d1;44500;ASH_COATED_OSMIUM;9930;16;9927;26;;;9960;19;9962;16;;;9945.0;0.0
av_CORN_d1;44500;INTARIAN_PEPPER_ROOT;10269;17;10266;13;;;10286;12;10289;17;;;10277.5;0.0
av_CORN_d1;44600;ASH_COATED_OSMIUM;9941;17;9937;15;;;9947;5;9951;18;;;9944.0;0.0
av_CORN_d1;44600;INTARIAN_PEPPER_ROOT;10274;12;10271;23;;;10280;12;10283;24;;;10277.0;0.0
av_CORN_d1;44700;ASH_COATED_OSMIUM;9931;9;9927;25;;;9959;16;9961;22;;;9945.0;0.0
av_CORN_d1;44700;INTARIAN_PEPPER_ROOT;10271;19;10267;21;;;10282;13;10285;28;;;10276.5;0.0
av_CORN_d1;44800;ASH_COATED_OSMIUM;9941;19;9937;15;;;9947;19;9951;21;;;9944.0;0.0
av_CORN_d1;44800;INTARIAN_PEPPER_ROOT;10272;12;10269;20;;;10281;12;10283;28;;;10276.5;0.0
av_CORN_d1;44900;ASH_COATED_OSMIUM;9932;8;9930;25;;;9955;13;9957;23;;;9943.5;0.0
av_CORN_d1;44900;INTARIAN_PEPPER_ROOT;10263;19;10260;20;;;10289;5;10292;23;;;10276.0;0.0
av_CORN_d1;45000;ASH_COATED_OSMIUM;9938;15;9934;15;;;9950;22;9954;21;;;9944.0;0.0
av_CORN_d1;45000;INTARIAN_PEPPER_ROOT;10272;8;10268;22;;;10280;11;10284;19;;;10276.0;0.0
av_CORN_d1;45100;ASH_COATED_OSMIUM;9941;15;9938;17;;;9947;17;9950;33;;;9944.0;0.0
av_CORN_d1;45100;INTARIAN_PEPPER_ROOT;10272;8;10269;21;;;10280;16;10282;21;;;10276.0;0.0
av_CORN_d1;45200;ASH_COATED_OSMIUM;9940;18;9938;20;;;9950;12;9954;11;;;9945.0;0.0
av_CORN_d1;45200;INTARIAN_PEPPER_ROOT;10273;6;10271;13;;;10279;10;10281;12;;;10276.0;0.0
av_CORN_d1;45300;ASH_COATED_OSMIUM;9941;11;9937;15;;;9947;14;9951;21;;;9944.0;0.0
av_CORN_d1;45300;INTARIAN_PEPPER_ROOT;10271;11;10267;23;;;10279;9;10281;14;;;10275.0;0.0
av_CORN_d1;45400;ASH_COATED_OSMIUM;9941;14;9938;24;;;9947;12;9951;18;;;9944.0;0.0
av_CORN_d1;45400;INTARIAN_PEPPER_ROOT;10272;10;10268;12;;;10278;13;10281;22;;;10275.0;0.0
av_CORN_d1;45500;ASH_COATED_OSMIUM;9941;15;9939;11;;;9947;19;9949;21;;;9944.0;0.0
av_CORN_d1;45500;INTARIAN_PEPPER_ROOT;10256;15;10254;33;;;10294;19;10297;21;;;10275.0;0.0
av_CORN_d1;45600;ASH_COATED_OSMIUM;9942;21;9938;24;;;9948;9;9950;21;;;9945.0;0.0
av_CORN_d1;45600;INTARIAN_PEPPER_ROOT;10267;22;10264;19;;;10282;18;10285;11;;;10274.5;0.0
av_CORN_d1;45700;ASH_COATED_OSMIUM;9935;14;9931;21;;;9953;19;9956;20;;;9944.0;0.0
av_CORN_d1;45700;INTARIAN_PEPPER_ROOT;10262;22;10258;11;;;10287;12;10289;9;;;10274.5;0.0
av_CORN_d1;45800;ASH_COATED_OSMIUM;9941;18;9937;22;;;9947;26;9950;27;;;9944.0;0.0
av_CORN_d1;45800;INTARIAN_PEPPER_ROOT;10271;17;10268;23;;;10277;9;10281;17;;;10274.0;0.0
av_CORN_d1;45900;ASH_COATED_OSMIUM;9941;18;9937;26;;;9947;8;9950;29;;;9944.0;0.0
av_CORN_d1;45900;INTARIAN_PEPPER_ROOT;10268;21;10264;25;;;10280;22;10282;29;;;10274.0;0.0
av_CORN_d1;46000;ASH_COATED_OSMIUM;9941;21;9938;28;;;9947;18;9950;31;;;9944.0;0.0
av_CORN_d1;46000;INTARIAN_PEPPER_ROOT;10268;18;10265;19;;;10280;10;10283;12;;;10274.0;0.0
av_CORN_d1;46100;ASH_COATED_OSMIUM;9941;20;9937;15;;;9950;11;9954;14;;;9945.5;0.0
av_CORN_d1;46100;INTARIAN_PEPPER_ROOT;10270;20;10268;17;;;10276;9;10278;27;;;10273.0;0.0
av_CORN_d1;46200;ASH_COATED_OSMIUM;9942;7;9940;22;;;9948;23;9952;24;;;9945.0;0.0
av_CORN_d1;46200;INTARIAN_PEPPER_ROOT;10270;16;10268;12;;;10276;13;10280;19;;;10273.0;0.0
av_CORN_d1;46300;ASH_COATED_OSMIUM;9940;11;9937;15;;;9949;21;9953;10;;;9944.5;0.0
av_CORN_d1;46300;INTARIAN_PEPPER_ROOT;10269;8;10265;21;;;10277;24;10279;27;;;10273.0;0.0
av_CORN_d1;46400;ASH_COATED_OSMIUM;9941;20;9937;21;;;9947;7;9950;13;;;9944.0;0.0
av_CORN_d1;46400;INTARIAN_PEPPER_ROOT;10270;8;10268;26;;;10276;12;10278;19;;;10273.0;0.0
av_CORN_d1;46500;ASH_COATED_OSMIUM;9942;17;9938;15;;;9948;15;9951;17;;;9945.0;0.0
av_CORN_d1;46500;INTARIAN_PEPPER_ROOT;10266;19;10264;21;;;10279;12;10281;22;;;10272.5;0.0
av_CORN_d1;46600;ASH_COATED_OSMIUM;9942;11;9940;14;;;9948;18;9950;30;;;9945.0;0.0
av_CORN_d1;46600;INTARIAN_PEPPER_ROOT;10269;12;10266;23;;;10275;11;10279;24;;;10272.0;0.0
av_CORN_d1;46700;ASH_COATED_OSMIUM;9941;13;9938;16;;;9948;15;9950;24;;;9944.5;0.0
av_CORN_d1;46700;INTARIAN_PEPPER_ROOT;10269;18;10266;21;;;10275;11;10278;23;;;10272.0;0.0
av_CORN_d1;46800;ASH_COATED_OSMIUM;9940;21;9936;22;;;9950;9;9954;26;;;9945.0;0.0
av_CORN_d1;46800;INTARIAN_PEPPER_ROOT;10269;10;10266;14;;;10275;9;10279;13;;;10272.0;0.0
av_CORN_d1;46900;ASH_COATED_OSMIUM;9937;21;9934;19;;;9953;15;9956;18;;;9945.0;0.0
av_CORN_d1;46900;INTARIAN_PEPPER_ROOT;10262;23;10258;11;;;10280;16;10282;22;;;10271.0;0.0
av_CORN_d1;47000;ASH_COATED_OSMIUM;9941;18;9938;12;;;9948;15;9950;20;;;9944.5;0.0
av_CORN_d1;47000;INTARIAN_PEPPER_ROOT;10268;15;10265;19;;;10274;16;10278;15;;;10271.0;0.0
av_CORN_d1;47100;ASH_COATED_OSMIUM;9942;11;9938;14;;;9948;17;9952;19;;;9945.0;0.0
av_CORN_d1;47100;INTARIAN_PEPPER_ROOT;10268;10;10265;24;;;10274;11;10276;18;;;10271.0;0.0
av_CORN_d1;47200;ASH_COATED_OSMIUM;9942;8;9939;17;;;9948;18;9951;19;;;9945.0;0.0
av_CORN_d1;47200;INTARIAN_PEPPER_ROOT;10267;19;10263;16;;;10276;8;10279;17;;;10271.5;0.0
av_CORN_d1;47300;ASH_COATED_OSMIUM;9940;16;9938;20;;;9949;11;9951;12;;;9944.5;0.0
av_CORN_d1;47300;INTARIAN_PEPPER_ROOT;10268;12;10265;25;;;10274;10;10277;15;;;10271.0;0.0
av_CORN_d1;47400;ASH_COATED_OSMIUM;9941;15;9937;17;;;9947;17;9950;19;;;9944.0;0.0
av_CORN_d1;47400;INTARIAN_PEPPER_ROOT;10268;10;10264;15;;;10274;19;10277;29;;;10271.0;0.0
av_CORN_d1;47500;ASH_COATED_OSMIUM;9941;17;9939;17;;;9947;22;9951;34;;;9944.0;0.0
av_CORN_d1;47500;INTARIAN_PEPPER_ROOT;10267;14;10263;29;;;10274;17;10277;20;;;10270.5;0.0
av_CORN_d1;47600;ASH_COATED_OSMIUM;9942;15;9939;21;;;9948;13;9951;22;;;9945.0;0.0
av_CORN_d1;47600;INTARIAN_PEPPER_ROOT;10267;13;10264;23;;;10273;19;10275;16;;;10270.0;0.0
av_CORN_d1;47700;ASH_COATED_OSMIUM;9942;10;9940;8;;;9948;8;9950;11;;;9945.0;0.0
av_CORN_d1;47700;INTARIAN_PEPPER_ROOT;10263;15;10259;12;;;10277;15;10279;8;;;10270.0;0.0
av_CORN_d1;47800;ASH_COATED_OSMIUM;9942;25;9940;14;;;9948;14;9950;24;;;9945.0;0.0
av_CORN_d1;47800;INTARIAN_PEPPER_ROOT;10255;16;10251;22;;;10284;19;10287;12;;;10269.5;0.0
av_CORN_d1;47900;ASH_COATED_OSMIUM;9942;17;9938;16;;;9948;18;9950;11;;;9945.0;0.0
av_CORN_d1;47900;INTARIAN_PEPPER_ROOT;10266;7;10263;15;;;10273;11;10277;15;;;10269.5;0.0
av_CORN_d1;48000;ASH_COATED_OSMIUM;9942;29;9938;19;;;9948;14;9951;20;;;9945.0;0.0
av_CORN_d1;48000;INTARIAN_PEPPER_ROOT;10266;9;10264;20;;;10272;13;10274;23;;;10269.0;0.0
av_CORN_d1;48100;ASH_COATED_OSMIUM;9942;18;9940;19;;;9948;15;9952;17;;;9945.0;0.0
av_CORN_d1;48100;INTARIAN_PEPPER_ROOT;10266;14;10263;19;;;10272;22;10275;17;;;10269.0;0.0
av_CORN_d1;48200;ASH_COATED_OSMIUM;9931;6;9929;26;;;9959;20;9962;19;;;9945.0;0.0
av_CORN_d1;48200;INTARIAN_PEPPER_ROOT;10266;12;10263;8;;;10272;24;10276;17;;;10269.0;0.0
av_CORN_d1;48300;ASH_COATED_OSMIUM;9941;20;9938;17;;;9950;23;9953;27;;;9945.5;0.0
av_CORN_d1;48300;INTARIAN_PEPPER_ROOT;10262;13;10258;25;;;10274;14;10276;17;;;10268.0;0.0
av_CORN_d1;48400;ASH_COATED_OSMIUM;9942;21;9940;11;;;9948;16;9950;23;;;9945.0;0.0
av_CORN_d1;48400;INTARIAN_PEPPER_ROOT;10261;16;10259;24;;;10276;11;10278;18;;;10268.5;0.0
av_CORN_d1;48500;ASH_COATED_OSMIUM;9939;5;9937;26;;;9950;11;9954;25;;;9944.5;0.0
av_CORN_d1;48500;INTARIAN_PEPPER_ROOT;10264;16;10261;18;;;10271;15;10273;20;;;10267.5;0.0
av_CORN_d1;48600;ASH_COATED_OSMIUM;9942;13;9939;13;;;9948;18;9952;23;;;9945.0;0.0
av_CORN_d1;48600;INTARIAN_PEPPER_ROOT;10265;9;10263;15;;;10271;16;10275;17;;;10268.0;0.0
av_CORN_d1;48700;ASH_COATED_OSMIUM;9930;18;9926;20;;;9962;16;9965;20;;;9946.0;0.0
av_CORN_d1;48700;INTARIAN_PEPPER_ROOT;10262;14;10258;23;;;10274;18;10278;30;;;10268.0;0.0
av_CORN_d1;48800;ASH_COATED_OSMIUM;9933;11;9930;17;;;9957;23;9959;20;;;9945.0;0.0
av_CORN_d1;48800;INTARIAN_PEPPER_ROOT;10264;21;10261;22;;;10270;13;10274;18;;;10267.0;0.0
av_CORN_d1;48900;ASH_COATED_OSMIUM;9941;8;9938;24;;;9949;22;9951;22;;;9945.0;0.0
av_CORN_d1;48900;INTARIAN_PEPPER_ROOT;10264;6;10261;25;;;10270;11;10274;19;;;10267.0;0.0
av_CORN_d1;49000;ASH_COATED_OSMIUM;9942;13;9940;9;;;9948;10;9950;23;;;9945.0;0.0
av_CORN_d1;49000;INTARIAN_PEPPER_ROOT;10264;16;10262;31;;;10270;15;10274;24;;;10267.0;0.0
av_CORN_d1;49100;ASH_COATED_OSMIUM;9933;24;9931;8;;;9958;10;9962;23;;;9945.5;0.0
av_CORN_d1;49100;INTARIAN_PEPPER_ROOT;10264;13;10260;21;;;10271;21;10274;19;;;10267.5;0.0
av_CORN_d1;49200;ASH_COATED_OSMIUM;9942;10;9939;18;;;9949;14;9952;20;;;9945.5;0.0
av_CORN_d1;49200;INTARIAN_PEPPER_ROOT;10263;14;10261;23;;;10271;17;10275;30;;;10267.0;0.0
av_CORN_d1;49300;ASH_COATED_OSMIUM;9939;17;9935;26;;;9950;13;9953;21;;;9944.5;0.0
av_CORN_d1;49300;INTARIAN_PEPPER_ROOT;10260;11;10256;28;;;10273;13;10277;21;;;10266.5;0.0
av_CORN_d1;49400;ASH_COATED_OSMIUM;9942;17;9940;17;;;9950;18;9954;15;;;9946.0;0.0
av_CORN_d1;49400;INTARIAN_PEPPER_ROOT;10261;5;10258;20;;;10271;21;10275;12;;;10266.0;0.0
av_CORN_d1;49500;ASH_COATED_OSMIUM;9942;11;9939;23;;;9948;9;9951;16;;;9945.0;0.0
av_CORN_d1;49500;INTARIAN_PEPPER_ROOT;10263;15;10259;19;;;10269;18;10272;14;;;10266.0;0.0
av_CORN_d1;49600;ASH_COATED_OSMIUM;9937;6;9933;16;;;9955;16;9959;24;;;9946.0;0.0
av_CORN_d1;49600;INTARIAN_PEPPER_ROOT;10262;12;10260;15;;;10268;18;10270;20;;;10265.0;0.0
av_CORN_d1;49700;ASH_COATED_OSMIUM;9943;16;9941;25;;;9949;15;9952;20;;;9946.0;0.0
av_CORN_d1;49700;INTARIAN_PEPPER_ROOT;10250;11;10246;20;;;10281;17;10283;20;;;10265.5;0.0
av_CORN_d1;49800;ASH_COATED_OSMIUM;9939;21;9937;19;;;9952;8;9955;24;;;9945.5;0.0
av_CORN_d1;49800;INTARIAN_PEPPER_ROOT;10262;21;10259;26;;;10268;18;10271;26;;;10265.0;0.0
av_CORN_d1;49900;ASH_COATED_OSMIUM;9943;15;9939;23;;;9950;16;9954;17;;;9946.5;0.0
av_CORN_d1;49900;INTARIAN_PEPPER_ROOT;10262;11;10259;12;;;10268;8;10272;24;;;10265.0;0.0
av_CORN_d1;50000;ASH_COATED_OSMIUM;9933;8;9929;18;;;9957;22;9959;13;;;9945.0;0.0
av_CORN_d1;50000;INTARIAN_PEPPER_ROOT;10262;21;10259;14;;;10268;13;10272;23;;;10265.0;0.0
av_CORN_d1;50100;ASH_COATED_OSMIUM;9942;18;9939;18;;;9948;8;9950;16;;;9945.0;0.0
av_CORN_d1;50100;INTARIAN_PEPPER_ROOT;10262;23;10258;26;;;10268;24;10270;23;;;10265.0;0.0
av_CORN_d1;50200;ASH_COATED_OSMIUM;9941;18;9938;22;;;9951;8;9954;23;;;9946.0;0.0
av_CORN_d1;50200;INTARIAN_PEPPER_ROOT;10261;13;10258;23;;;10267;19;10269;20;;;10264.0;0.0
av_CORN_d1;50300;ASH_COATED_OSMIUM;9942;20;9940;28;;;9948;10;9951;25;;;9945.0;0.0
av_CORN_d1;50300;INTARIAN_PEPPER_ROOT;10260;16;10256;15;;;10268;13;10270;20;;;10264.0;0.0
av_CORN_d1;50400;ASH_COATED_OSMIUM;9942;8;9939;13;;;9949;13;9953;28;;;9945.5;0.0
av_CORN_d1;50400;INTARIAN_PEPPER_ROOT;10261;14;10259;21;;;10267;16;10270;29;;;10264.0;0.0
av_CORN_d1;50500;ASH_COATED_OSMIUM;9942;19;9939;14;;;9948;7;9950;23;;;9945.0;0.0
av_CORN_d1;50500;INTARIAN_PEPPER_ROOT;10261;17;10258;24;;;10267;10;10269;26;;;10264.0;0.0
av_CORN_d1;50600;ASH_COATED_OSMIUM;9943;12;9941;17;;;9949;10;9953;16;;;9946.0;0.0
av_CORN_d1;50600;INTARIAN_PEPPER_ROOT;10260;17;10256;22;;;10266;17;10268;17;;;10263.0;0.0
av_CORN_d1;50700;ASH_COATED_OSMIUM;9937;10;9935;27;;;9954;15;9957;15;;;9945.5;0.0
av_CORN_d1;50700;INTARIAN_PEPPER_ROOT;10254;14;10251;23;;;10272;10;10276;18;;;10263.0;0.0
av_CORN_d1;50800;ASH_COATED_OSMIUM;9937;15;9933;15;;;9954;12;9957;24;;;9945.5;0.0
av_CORN_d1;50800;INTARIAN_PEPPER_ROOT;10260;14;10258;17;;;10266;5;10270;24;;;10263.0;0.0
av_CORN_d1;50900;ASH_COATED_OSMIUM;9943;20;9940;15;;;9949;13;9952;21;;;9946.0;0.0
av_CORN_d1;50900;INTARIAN_PEPPER_ROOT;10253;22;10249;20;;;10272;18;10274;19;;;10262.5;0.0
av_CORN_d1;51000;ASH_COATED_OSMIUM;9943;11;9940;21;;;9949;18;9952;24;;;9946.0;0.0
av_CORN_d1;51000;INTARIAN_PEPPER_ROOT;10260;18;10258;16;;;10266;10;10269;19;;;10263.0;0.0
av_CORN_d1;51100;ASH_COATED_OSMIUM;9943;17;9941;17;;;9949;12;9953;22;;;9946.0;0.0
av_CORN_d1;51100;INTARIAN_PEPPER_ROOT;10260;11;10256;22;;;10266;12;10270;17;;;10263.0;0.0
av_CORN_d1;51200;ASH_COATED_OSMIUM;9932;19;9929;17;;;9961;15;9965;21;;;9946.5;0.0
av_CORN_d1;51200;INTARIAN_PEPPER_ROOT;10258;8;10255;21;;;10267;23;10270;18;;;10262.5;0.0
av_CORN_d1;51300;ASH_COATED_OSMIUM;9943;13;9939;25;;;9949;14;9951;22;;;9946.0;0.0
av_CORN_d1;51300;INTARIAN_PEPPER_ROOT;10256;7;10253;17;;;10268;22;10270;11;;;10262.0;0.0
av_CORN_d1;51400;ASH_COATED_OSMIUM;9944;5;9941;23;;;9950;18;9952;13;;;9947.0;0.0
av_CORN_d1;51400;INTARIAN_PEPPER_ROOT;10258;17;10256;22;;;10267;5;10271;20;;;10262.5;0.0
av_CORN_d1;51500;ASH_COATED_OSMIUM;9943;16;9941;20;;;9949;9;9951;9;;;9946.0;0.0
av_CORN_d1;51500;INTARIAN_PEPPER_ROOT;10259;19;10257;11;;;10265;22;10269;19;;;10262.0;0.0
av_CORN_d1;51600;ASH_COATED_OSMIUM;9942;22;9940;22;;;9951;11;9954;19;;;9946.5;0.0
av_CORN_d1;51600;INTARIAN_PEPPER_ROOT;10252;20;10250;20;;;10275;11;10277;8;;;10263.5;0.0
av_CORN_d1;51700;ASH_COATED_OSMIUM;9944;10;9942;22;;;9950;14;9952;16;;;9947.0;0.0
av_CORN_d1;51700;INTARIAN_PEPPER_ROOT;10259;22;10256;18;;;10265;20;10267;27;;;10262.0;0.0
av_CORN_d1;51800;ASH_COATED_OSMIUM;9944;21;9942;26;;;9950;20;9954;23;;;9947.0;0.0
av_CORN_d1;51800;INTARIAN_PEPPER_ROOT;10253;24;10249;17;;;10271;22;10275;20;;;10262.0;0.0
av_CORN_d1;51900;ASH_COATED_OSMIUM;9944;18;9942;18;;;9950;22;9953;24;;;9947.0;0.0
av_CORN_d1;51900;INTARIAN_PEPPER_ROOT;10258;22;10254;13;;;10266;15;10270;30;;;10262.0;0.0
av_CORN_d1;52000;ASH_COATED_OSMIUM;9943;21;9941;17;;;9949;24;9951;29;;;9946.0;0.0
av_CORN_d1;52000;INTARIAN_PEPPER_ROOT;10259;20;10256;21;;;10265;19;10267;25;;;10262.0;0.0
av_CORN_d1;52100;ASH_COATED_OSMIUM;9940;18;9938;19;;;9953;5;9957;28;;;9946.5;0.0
av_CORN_d1;52100;INTARIAN_PEPPER_ROOT;10259;25;10255;12;;;10265;9;10267;21;;;10262.0;0.0
av_CORN_d1;52200;ASH_COATED_OSMIUM;9944;15;9941;17;;;9950;11;9952;21;;;9947.0;0.0
av_CORN_d1;52200;INTARIAN_PEPPER_ROOT;10259;15;10257;16;;;10265;6;10268;14;;;10262.0;0.0
av_CORN_d1;52300;ASH_COATED_OSMIUM;9939;14;9936;23;;;9954;13;9958;23;;;9946.5;0.0
av_CORN_d1;52300;INTARIAN_PEPPER_ROOT;10259;14;10255;18;;;10265;13;10268;22;;;10262.0;0.0
av_CORN_d1;52400;ASH_COATED_OSMIUM;9944;9;9942;14;;;9950;25;9954;22;;;9947.0;0.0
av_CORN_d1;52400;INTARIAN_PEPPER_ROOT;10257;11;10254;21;;;10268;21;10270;17;;;10262.5;0.0
av_CORN_d1;52500;ASH_COATED_OSMIUM;9945;18;9942;23;;;9951;15;9955;10;;;9948.0;0.0
av_CORN_d1;52500;INTARIAN_PEPPER_ROOT;10259;13;10255;22;;;10265;11;10269;25;;;10262.0;0.0
av_CORN_d1;52600;ASH_COATED_OSMIUM;9944;15;9941;23;;;9952;21;9956;23;;;9948.0;0.0
av_CORN_d1;52600;INTARIAN_PEPPER_ROOT;10258;14;10254;21;;;10264;6;10267;19;;;10261.0;0.0
av_CORN_d1;52700;ASH_COATED_OSMIUM;9944;7;9941;15;;;9950;14;9954;19;;;9947.0;0.0
av_CORN_d1;52700;INTARIAN_PEPPER_ROOT;10258;17;10255;22;;;10264;17;10268;12;;;10261.0;0.0
av_CORN_d1;52800;ASH_COATED_OSMIUM;9945;18;9942;18;;;9951;14;9954;20;;;9948.0;0.0
av_CORN_d1;52800;INTARIAN_PEPPER_ROOT;10244;17;10242;25;;;10280;24;10284;16;;;10262.0;0.0
av_CORN_d1;52900;ASH_COATED_OSMIUM;9944;21;9941;15;;;9950;9;9953;12;;;9947.0;0.0
av_CORN_d1;52900;INTARIAN_PEPPER_ROOT;10259;20;10256;21;;;10265;13;10269;19;;;10262.0;0.0
av_CORN_d1;53000;ASH_COATED_OSMIUM;9940;21;9937;21;;;9956;20;9958;28;;;9948.0;0.0
av_CORN_d1;53000;INTARIAN_PEPPER_ROOT;10258;20;10254;8;;;10265;15;10267;25;;;10261.5;0.0
av_CORN_d1;53100;ASH_COATED_OSMIUM;9945;11;9942;20;;;9951;13;9954;22;;;9948.0;0.0
av_CORN_d1;53100;INTARIAN_PEPPER_ROOT;10254;12;10251;13;;;10268;13;10270;20;;;10261.0;0.0
av_CORN_d1;53200;ASH_COATED_OSMIUM;9945;13;9941;14;;;9951;10;9954;15;;;9948.0;0.0
av_CORN_d1;53200;INTARIAN_PEPPER_ROOT;10258;12;10255;21;;;10264;14;10268;24;;;10261.0;0.0
av_CORN_d1;53300;ASH_COATED_OSMIUM;9944;18;9942;22;;;9951;17;9954;19;;;9947.5;0.0
av_CORN_d1;53300;INTARIAN_PEPPER_ROOT;10258;11;10255;18;;;10264;6;10267;26;;;10261.0;0.0
av_CORN_d1;53400;ASH_COATED_OSMIUM;9945;8;9942;17;;;9951;18;9954;17;;;9948.0;0.0
av_CORN_d1;53400;INTARIAN_PEPPER_ROOT;10258;7;10254;20;;;10264;12;10266;17;;;10261.0;0.0
av_CORN_d1;53500;ASH_COATED_OSMIUM;9945;15;9942;23;;;9951;12;9955;21;;;9948.0;0.0
av_CORN_d1;53500;INTARIAN_PEPPER_ROOT;10258;23;10256;25;;;10264;17;10266;16;;;10261.0;0.0
av_CORN_d1;53600;ASH_COATED_OSMIUM;9945;20;9943;19;;;9951;19;9955;16;;;9948.0;0.0
av_CORN_d1;53600;INTARIAN_PEPPER_ROOT;10258;14;10255;15;;;10264;19;10266;16;;;10261.0;0.0
av_CORN_d1;53700;ASH_COATED_OSMIUM;9944;9;9940;17;;;9954;20;9958;29;;;9949.0;0.0
av_CORN_d1;53700;INTARIAN_PEPPER_ROOT;10258;10;10254;25;;;10264;18;10268;13;;;10261.0;0.0
av_CORN_d1;53800;ASH_COATED_OSMIUM;9946;13;9944;13;;;9952;19;9955;21;;;9949.0;0.0
av_CORN_d1;53800;INTARIAN_PEPPER_ROOT;10258;22;10254;27;;;10264;9;10268;14;;;10261.0;0.0
av_CORN_d1;53900;ASH_COATED_OSMIUM;9944;14;9940;19;;;9952;15;9955;16;;;9948.0;0.0
av_CORN_d1;53900;INTARIAN_PEPPER_ROOT;10256;18;10254;22;;;10266;13;10268;14;;;10261.0;0.0
av_CORN_d1;54000;ASH_COATED_OSMIUM;9946;23;9943;32;;;9952;16;9954;24;;;9949.0;0.0
av_CORN_d1;54000;INTARIAN_PEPPER_ROOT;10252;10;10248;18;;;10268;15;10270;28;;;10260.0;0.0
av_CORN_d1;54100;ASH_COATED_OSMIUM;9945;14;9943;21;;;9953;7;9956;23;;;9949.0;0.0
av_CORN_d1;54100;INTARIAN_PEPPER_ROOT;10258;5;10255;16;;;10264;18;10268;11;;;10261.0;0.0
av_CORN_d1;54200;ASH_COATED_OSMIUM;9938;17;9935;13;;;9961;18;9963;19;;;9949.5;0.0
av_CORN_d1;54200;INTARIAN_PEPPER_ROOT;10257;15;10253;22;;;10264;11;10268;19;;;10260.5;0.0
av_CORN_d1;54300;ASH_COATED_OSMIUM;9946;13;9944;22;;;9952;10;9955;18;;;9949.0;0.0
av_CORN_d1;54300;INTARIAN_PEPPER_ROOT;10256;14;10252;24;;;10265;12;10269;21;;;10260.5;0.0
av_CORN_d1;54400;ASH_COATED_OSMIUM;9946;9;9943;28;;;9952;22;9956;16;;;9949.0;0.0
av_CORN_d1;54400;INTARIAN_PEPPER_ROOT;10257;19;10253;17;;;10263;14;10265;16;;;10260.0;0.0
av_CORN_d1;54500;ASH_COATED_OSMIUM;9947;17;9944;21;;;9953;15;9955;23;;;9950.0;0.0
av_CORN_d1;54500;INTARIAN_PEPPER_ROOT;10257;12;10253;21;;;10264;15;10267;23;;;10260.5;0.0
av_CORN_d1;54600;ASH_COATED_OSMIUM;9947;18;9943;18;;;9953;16;9955;16;;;9950.0;0.0
av_CORN_d1;54600;INTARIAN_PEPPER_ROOT;10251;13;10248;20;;;10269;14;10272;18;;;10260.0;0.0
av_CORN_d1;54700;ASH_COATED_OSMIUM;9947;16;9944;20;;;9953;22;9957;23;;;9950.0;0.0
av_CORN_d1;54700;INTARIAN_PEPPER_ROOT;10257;10;10255;18;;;10263;17;10266;25;;;10260.0;0.0
av_CORN_d1;54800;ASH_COATED_OSMIUM;9947;5;9944;15;;;9953;16;9955;31;;;9950.0;0.0
av_CORN_d1;54800;INTARIAN_PEPPER_ROOT;10257;19;10253;22;;;10264;20;10266;22;;;10260.5;0.0
av_CORN_d1;54900;ASH_COATED_OSMIUM;9946;14;9942;24;;;9953;11;9955;18;;;9949.5;0.0
av_CORN_d1;54900;INTARIAN_PEPPER_ROOT;10257;9;10255;19;;;10263;13;10267;9;;;10260.0;0.0
av_CORN_d1;55000;ASH_COATED_OSMIUM;9947;20;9945;15;;;9953;18;9956;27;;;9950.0;0.0
av_CORN_d1;55000;INTARIAN_PEPPER_ROOT;10255;18;10252;20;;;10265;11;10267;21;;;10260.0;0.0
av_CORN_d1;55100;ASH_COATED_OSMIUM;9946;12;9943;22;;;9954;21;9958;23;;;9950.0;0.0
av_CORN_d1;55100;INTARIAN_PEPPER_ROOT;10254;21;10251;15;;;10265;16;10267;18;;;10259.5;0.0
av_CORN_d1;55200;ASH_COATED_OSMIUM;9947;16;9943;22;;;9953;15;9957;14;;;9950.0;0.0
av_CORN_d1;55200;INTARIAN_PEPPER_ROOT;10257;18;10254;22;;;10263;20;10267;27;;;10260.0;0.0
av_CORN_d1;55300;ASH_COATED_OSMIUM;9946;7;9942;16;;;9953;16;9956;18;;;9949.5;0.0
av_CORN_d1;55300;INTARIAN_PEPPER_ROOT;10257;13;10254;24;;;10263;11;10267;18;;;10260.0;0.0
av_CORN_d1;55400;ASH_COATED_OSMIUM;9948;11;9946;16;;;9954;16;9958;31;;;9951.0;0.0
av_CORN_d1;55400;INTARIAN_PEPPER_ROOT;10256;12;10253;21;;;10262;15;10264;21;;;10259.0;0.0
av_CORN_d1;55500;ASH_COATED_OSMIUM;9943;8;9941;21;;;9957;15;9960;20;;;9950.0;0.0
av_CORN_d1;55500;INTARIAN_PEPPER_ROOT;10256;13;10253;25;;;10262;16;10266;21;;;10259.0;0.0
av_CORN_d1;55600;ASH_COATED_OSMIUM;9945;11;9943;22;;;9956;15;9960;18;;;9950.5;0.0
av_CORN_d1;55600;INTARIAN_PEPPER_ROOT;10256;7;10253;15;;;10262;19;10266;13;;;10259.0;0.0
av_CORN_d1;55700;ASH_COATED_OSMIUM;9947;18;9945;13;;;9954;5;9956;13;;;9950.5;0.0
av_CORN_d1;55700;INTARIAN_PEPPER_ROOT;10250;17;10248;15;;;10268;12;10270;23;;;10259.0;0.0
av_CORN_d1;55800;ASH_COATED_OSMIUM;9947;18;9945;23;;;9954;15;9958;28;;;9950.5;0.0
av_CORN_d1;55800;INTARIAN_PEPPER_ROOT;10257;12;10253;27;;;10263;11;10265;16;;;10260.0;0.0
av_CORN_d1;55900;ASH_COATED_OSMIUM;9947;14;9944;18;;;9954;20;9958;21;;;9950.5;0.0
av_CORN_d1;55900;INTARIAN_PEPPER_ROOT;10256;14;10253;25;;;10262;21;10266;13;;;10259.0;0.0
av_CORN_d1;56000;ASH_COATED_OSMIUM;9947;6;9945;25;;;9953;9;9956;17;;;9950.0;0.0
av_CORN_d1;56000;INTARIAN_PEPPER_ROOT;10236;17;10232;35;;;10282;14;10284;24;;;10259.0;0.0
av_CORN_d1;56100;ASH_COATED_OSMIUM;9940;16;9938;31;;;9963;15;9965;15;;;9951.5;0.0
av_CORN_d1;56100;INTARIAN_PEPPER_ROOT;10248;10;10246;30;;;10268;15;10272;15;;;10258.0;0.0
av_CORN_d1;56200;ASH_COATED_OSMIUM;9944;17;9942;17;;;9957;19;9961;24;;;9950.5;0.0
av_CORN_d1;56200;INTARIAN_PEPPER_ROOT;10256;15;10254;23;;;10262;15;10266;25;;;10259.0;0.0
av_CORN_d1;56300;ASH_COATED_OSMIUM;9942;11;9939;20;;;9961;21;9964;22;;;9951.5;0.0
av_CORN_d1;56300;INTARIAN_PEPPER_ROOT;10254;11;10252;11;;;10263;14;10266;22;;;10258.5;0.0
av_CORN_d1;56400;ASH_COATED_OSMIUM;9948;14;9944;17;;;9954;23;9958;24;;;9951.0;0.0
av_CORN_d1;56400;INTARIAN_PEPPER_ROOT;10256;18;10254;18;;;10262;13;10265;15;;;10259.0;0.0
av_CORN_d1;56500;ASH_COATED_OSMIUM;9947;16;9944;14;;;9955;16;9957;22;;;9951.0;0.0
av_CORN_d1;56500;INTARIAN_PEPPER_ROOT;10256;14;10253;21;;;10262;20;10265;11;;;10259.0;0.0
av_CORN_d1;56600;ASH_COATED_OSMIUM;9943;15;9939;22;;;9958;13;9960;16;;;9950.5;0.0
av_CORN_d1;56600;INTARIAN_PEPPER_ROOT;10256;20;10254;25;;;10262;9;10264;16;;;10259.0;0.0
av_CORN_d1;56700;ASH_COATED_OSMIUM;9948;15;9945;23;;;9954;9;9958;13;;;9951.0;0.0
av_CORN_d1;56700;INTARIAN_PEPPER_ROOT;10255;20;10253;26;;;10261;17;10264;22;;;10258.0;0.0
av_CORN_d1;56800;ASH_COATED_OSMIUM;9947;23;9944;21;;;9956;10;9960;19;;;9951.5;0.0
av_CORN_d1;56800;INTARIAN_PEPPER_ROOT;10255;22;10252;20;;;10261;13;10263;20;;;10258.0;0.0
av_CORN_d1;56900;ASH_COATED_OSMIUM;9934;17;9931;13;;;9969;15;9972;15;;;9951.5;0.0
av_CORN_d1;56900;INTARIAN_PEPPER_ROOT;10255;5;10252;18;;;10261;23;10265;19;;;10258.0;0.0
av_CORN_d1;57000;ASH_COATED_OSMIUM;9948;13;9944;19;;;9956;14;9960;19;;;9952.0;0.0
av_CORN_d1;57000;INTARIAN_PEPPER_ROOT;10255;15;10253;8;;;10261;13;10265;26;;;10258.0;0.0
av_CORN_d1;57100;ASH_COATED_OSMIUM;9948;13;9945;22;;;9954;14;9956;8;;;9951.0;0.0
av_CORN_d1;57100;INTARIAN_PEPPER_ROOT;10246;19;10244;23;;;10271;12;10274;24;;;10258.5;0.0
av_CORN_d1;57200;ASH_COATED_OSMIUM;9949;19;9946;16;;;9955;16;9959;16;;;9952.0;0.0
av_CORN_d1;57200;INTARIAN_PEPPER_ROOT;10255;17;10253;20;;;10261;11;10265;20;;;10258.0;0.0
av_CORN_d1;57300;ASH_COATED_OSMIUM;9944;19;9940;21;;;9961;19;9965;29;;;9952.5;0.0
av_CORN_d1;57300;INTARIAN_PEPPER_ROOT;10255;15;10252;22;;;10261;17;10263;11;;;10258.0;0.0
av_CORN_d1;57400;ASH_COATED_OSMIUM;9946;13;9943;22;;;9957;19;9961;17;;;9951.5;0.0
av_CORN_d1;57400;INTARIAN_PEPPER_ROOT;10255;15;10251;23;;;10261;16;10264;20;;;10258.0;0.0
av_CORN_d1;57500;ASH_COATED_OSMIUM;9945;13;9943;16;;;9960;18;9963;21;;;9952.5;0.0
av_CORN_d1;57500;INTARIAN_PEPPER_ROOT;10253;17;10249;22;;;10262;17;10264;19;;;10257.5;0.0
av_CORN_d1;57600;ASH_COATED_OSMIUM;9949;25;9947;10;;;9955;5;9957;28;;;9952.0;0.0
av_CORN_d1;57600;INTARIAN_PEPPER_ROOT;10253;17;10251;22;;;10262;26;10265;9;;;10257.5;0.0
av_CORN_d1;57700;ASH_COATED_OSMIUM;9948;6;9945;16;;;9958;6;9961;13;;;9953.0;0.0
av_CORN_d1;57700;INTARIAN_PEPPER_ROOT;10255;20;10252;9;;;10261;17;10265;17;;;10258.0;0.0
av_CORN_d1;57800;ASH_COATED_OSMIUM;9949;12;9946;23;;;9955;18;9958;23;;;9952.0;0.0
av_CORN_d1;57800;INTARIAN_PEPPER_ROOT;10248;20;10244;22;;;10267;9;10271;17;;;10257.5;0.0
av_CORN_d1;57900;ASH_COATED_OSMIUM;9947;5;9944;17;;;9958;17;9961;16;;;9952.5;0.0
av_CORN_d1;57900;INTARIAN_PEPPER_ROOT;10254;17;10252;10;;;10260;13;10264;25;;;10257.0;0.0
av_CORN_d1;58000;ASH_COATED_OSMIUM;9940;22;9938;23;;;9965;15;9968;22;;;9952.5;0.0
av_CORN_d1;58000;INTARIAN_PEPPER_ROOT;10254;14;10250;17;;;10260;21;10262;17;;;10257.0;0.0
av_CORN_d1;58100;ASH_COATED_OSMIUM;9949;12;9947;9;;;9956;6;9959;21;;;9952.5;0.0
av_CORN_d1;58100;INTARIAN_PEPPER_ROOT;10252;18;10249;20;;;10264;10;10267;20;;;10258.0;0.0
av_CORN_d1;58200;ASH_COATED_OSMIUM;9949;14;9946;17;;;9955;20;9958;29;;;9952.0;0.0
av_CORN_d1;58200;INTARIAN_PEPPER_ROOT;10253;6;10250;18;;;10261;20;10265;24;;;10257.0;0.0
av_CORN_d1;58300;ASH_COATED_OSMIUM;9946;12;9944;28;;;9961;16;9965;21;;;9953.5;0.0
