day;timestamp;product;bid_price_1;bid_volume_1;bid_price_2;bid_volume_2;bid_price_3;bid_volume_3;ask_price_1;ask_volume_1;ask_price_2;ask_volume_2;ask_price_3;ask_volume_3;mid_price;profit_and_loss
yf_ZS=F_d0;0;ASH_COATED_OSMIUM;10044;19;10040;18;;;10053;20;10057;18;;;10048.5;0.0
yf_ZS=F_d0;0;INTARIAN_PEPPER_ROOT;10280;19;10277;21;;;10286;7;10289;21;;;10283.0;0.0
yf_ZS=F_d0;100;ASH_COATED_OSMIUM;10035;16;10032;12;;;10060;19;10063;23;;;10047.5;0.0
yf_ZS=F_d0;100;INTARIAN_PEPPER_ROOT;10280;22;10277;23;;;10286;15;10289;14;;;10283.0;0.0
yf_ZS=F_d0;200;ASH_COATED_OSMIUM;10045;22;10041;16;;;10051;11;10053;17;;;10048.0;0.0
yf_ZS=F_d0;200;INTARIAN_PEPPER_ROOT;10282;9;10279;22;;;10288;8;10292;16;;;10285.0;0.0
yf_ZS=F_d0;300;ASH_COATED_OSMIUM;10043;11;10041;21;;;10053;10;10057;21;;;10048.0;0.0
yf_ZS=F_d0;300;INTARIAN_PEPPER_ROOT;10272;15;10269;16;;;10298;14;10302;24;;;10285.0;0.0
yf_ZS=F_d0;400;ASH_COATED_OSMIUM;10041;14;10038;17;;;10054;15;10057;27;;;10047.5;0.0
yf_ZS=F_d0;400;INTARIAN_PEPPER_ROOT;10282;12;10280;20;;;10290;18;10294;16;;;10286.0;0.0
yf_ZS=F_d0;500;ASH_COATED_OSMIUM;10039;9;10037;25;;;10055;17;10058;26;;;10047.0;0.0
yf_ZS=F_d0;500;INTARIAN_PEPPER_ROOT;10283;17;10280;23;;;10289;8;10292;20;;;10286.0;0.0
yf_ZS=F_d0;600;ASH_COATED_OSMIUM;10044;20;10040;26;;;10050;16;10052;20;;;10047.0;0.0
yf_ZS=F_d0;600;INTARIAN_PEPPER_ROOT;10276;18;10274;19;;;10298;17;10302;24;;;10287.0;0.0
yf_ZS=F_d0;700;ASH_COATED_OSMIUM;10044;16;10041;20;;;10050;14;10054;20;;;10047.0;0.0
yf_ZS=F_d0;700;INTARIAN_PEPPER_ROOT;10285;14;10282;16;;;10291;13;10295;18;;;10288.0;0.0
yf_ZS=F_d0;800;ASH_COATED_OSMIUM;10044;11;10041;20;;;10050;17;10054;18;;;10047.0;0.0
yf_ZS=F_d0;800;INTARIAN_PEPPER_ROOT;10284;7;10282;25;;;10293;10;10295;24;;;10288.5;0.0
yf_ZS=F_d0;900;ASH_COATED_OSMIUM;10044;13;10042;25;;;10050;9;10052;20;;;10047.0;0.0
yf_ZS=F_d0;900;INTARIAN_PEPPER_ROOT;10274;15;10272;17;;;10305;16;10309;20;;;10289.5;0.0
yf_ZS=F_d0;1000;ASH_COATED_OSMIUM;10042;16;10038;25;;;10051;6;10054;28;;;10046.5;0.0
yf_ZS=F_d0;1000;INTARIAN_PEPPER_ROOT;10286;5;10283;18;;;10294;18;10298;25;;;10290.0;0.0
yf_ZS=F_d0;1100;ASH_COATED_OSMIUM;10044;6;10042;20;;;10050;9;10054;21;;;10047.0;0.0
yf_ZS=F_d0;1100;INTARIAN_PEPPER_ROOT;10288;28;10284;19;;;10294;5;10298;12;;;10291.0;0.0
yf_ZS=F_d0;1200;ASH_COATED_OSMIUM;10036;15;10034;19;;;10055;17;10059;30;;;10045.5;0.0
yf_ZS=F_d0;1200;INTARIAN_PEPPER_ROOT;10288;13;10286;8;;;10294;18;10298;16;;;10291.0;0.0
yf_ZS=F_d0;1300;ASH_COATED_OSMIUM;10043;21;10040;10;;;10049;22;10052;17;;;10046.0;0.0
yf_ZS=F_d0;1300;INTARIAN_PEPPER_ROOT;10285;25;10282;16;;;10298;16;10302;8;;;10291.5;0.0
yf_ZS=F_d0;1400;ASH_COATED_OSMIUM;10040;17;10037;21;;;10051;13;10053;13;;;10045.5;0.0
yf_ZS=F_d0;1400;INTARIAN_PEPPER_ROOT;10290;19;10286;22;;;10296;13;10300;13;;;10293.0;0.0
yf_ZS=F_d0;1500;ASH_COATED_OSMIUM;10042;16;10040;19;;;10048;11;10050;20;;;10045.0;0.0
yf_ZS=F_d0;1500;INTARIAN_PEPPER_ROOT;10284;11;10280;31;;;10305;16;10308;17;;;10294.5;0.0
yf_ZS=F_d0;1600;ASH_COATED_OSMIUM;10039;16;10037;13;;;10051;16;10055;23;;;10045.0;0.0
yf_ZS=F_d0;1600;INTARIAN_PEPPER_ROOT;10276;19;10274;24;;;10313;26;10317;17;;;10294.5;0.0
yf_ZS=F_d0;1700;ASH_COATED_OSMIUM;10031;13;10027;17;;;10060;13;10062;15;;;10045.5;0.0
yf_ZS=F_d0;1700;INTARIAN_PEPPER_ROOT;10291;11;10287;17;;;10298;15;10300;24;;;10294.5;0.0
yf_ZS=F_d0;1800;ASH_COATED_OSMIUM;10042;14;10040;18;;;10048;22;10052;25;;;10045.0;0.0
yf_ZS=F_d0;1800;INTARIAN_PEPPER_ROOT;10293;11;10289;23;;;10299;5;10303;23;;;10296.0;0.0
yf_ZS=F_d0;1900;ASH_COATED_OSMIUM;10042;11;10038;16;;;10048;5;10050;21;;;10045.0;0.0
yf_ZS=F_d0;1900;INTARIAN_PEPPER_ROOT;10293;10;10290;15;;;10299;15;10302;21;;;10296.0;0.0
yf_ZS=F_d0;2000;ASH_COATED_OSMIUM;10041;11;10037;23;;;10047;20;10049;28;;;10044.0;0.0
yf_ZS=F_d0;2000;INTARIAN_PEPPER_ROOT;10293;14;10290;18;;;10301;18;10304;28;;;10297.0;0.0
yf_ZS=F_d0;2100;ASH_COATED_OSMIUM;10042;7;10039;15;;;10048;11;10051;27;;;10045.0;0.0
yf_ZS=F_d0;2100;INTARIAN_PEPPER_ROOT;10286;12;10283;23;;;10310;17;10314;11;;;10298.0;0.0
yf_ZS=F_d0;2200;ASH_COATED_OSMIUM;10030;9;10028;18;;;10059;15;10062;28;;;10044.5;0.0
yf_ZS=F_d0;2200;INTARIAN_PEPPER_ROOT;10291;13;10288;18;;;10306;11;10308;18;;;10298.5;0.0
yf_ZS=F_d0;2300;ASH_COATED_OSMIUM;10041;11;10039;16;;;10047;20;10051;17;;;10044.0;0.0
yf_ZS=F_d0;2300;INTARIAN_PEPPER_ROOT;10296;14;10294;8;;;10302;11;10304;20;;;10299.0;0.0
yf_ZS=F_d0;2400;ASH_COATED_OSMIUM;10041;15;10037;19;;;10047;14;10049;20;;;10044.0;0.0
yf_ZS=F_d0;2400;INTARIAN_PEPPER_ROOT;10296;13;10294;20;;;10302;14;10306;17;;;10299.0;0.0
yf_ZS=F_d0;2500;ASH_COATED_OSMIUM;10041;8;10037;14;;;10047;8;10051;17;;;10044.0;0.0
yf_ZS=F_d0;2500;INTARIAN_PEPPER_ROOT;10298;14;10295;20;;;10304;30;10308;22;;;10301.0;0.0
yf_ZS=F_d0;2600;ASH_COATED_OSMIUM;10033;13;10029;29;;;10054;14;10057;23;;;10043.5;0.0
yf_ZS=F_d0;2600;INTARIAN_PEPPER_ROOT;10296;13;10293;17;;;10306;15;10309;26;;;10301.0;0.0
yf_ZS=F_d0;2700;ASH_COATED_OSMIUM;10041;13;10038;20;;;10047;14;10051;20;;;10044.0;0.0
yf_ZS=F_d0;2700;INTARIAN_PEPPER_ROOT;10289;15;10285;24;;;10315;13;10319;18;;;10302.0;0.0
yf_ZS=F_d0;2800;ASH_COATED_OSMIUM;10037;7;10034;18;;;10050;11;10052;20;;;10043.5;0.0
yf_ZS=F_d0;2800;INTARIAN_PEPPER_ROOT;10299;15;10297;15;;;10305;11;10307;24;;;10302.0;0.0
yf_ZS=F_d0;2900;ASH_COATED_OSMIUM;10041;17;10037;25;;;10047;28;10050;15;;;10044.0;0.0
yf_ZS=F_d0;2900;INTARIAN_PEPPER_ROOT;10300;14;10298;16;;;10306;18;10309;24;;;10303.0;0.0
yf_ZS=F_d0;3000;ASH_COATED_OSMIUM;10041;10;10037;25;;;10047;6;10051;12;;;10044.0;0.0
yf_ZS=F_d0;3000;INTARIAN_PEPPER_ROOT;10293;17;10289;17;;;10314;9;10316;24;;;10303.5;0.0
yf_ZS=F_d0;3100;ASH_COATED_OSMIUM;10031;18;10027;26;;;10057;5;10060;13;;;10044.0;0.0
yf_ZS=F_d0;3100;INTARIAN_PEPPER_ROOT;10290;17;10288;20;;;10319;20;10323;26;;;10304.5;0.0
yf_ZS=F_d0;3200;ASH_COATED_OSMIUM;10039;21;10037;22;;;10046;5;10050;25;;;10042.5;0.0
yf_ZS=F_d0;3200;INTARIAN_PEPPER_ROOT;10302;9;10299;19;;;10308;11;10312;18;;;10305.0;0.0
yf_ZS=F_d0;3300;ASH_COATED_OSMIUM;10040;10;10037;18;;;10046;15;10049;23;;;10043.0;0.0
yf_ZS=F_d0;3300;INTARIAN_PEPPER_ROOT;10296;10;10292;19;;;10315;11;10317;19;;;10305.5;0.0
yf_ZS=F_d0;3400;ASH_COATED_OSMIUM;10040;15;10036;22;;;10046;14;10049;11;;;10043.0;0.0
yf_ZS=F_d0;3400;INTARIAN_PEPPER_ROOT;10304;14;10302;9;;;10310;6;10313;20;;;10307.0;0.0
yf_ZS=F_d0;3500;ASH_COATED_OSMIUM;10033;14;10029;20;;;10053;14;10055;27;;;10043.0;0.0
yf_ZS=F_d0;3500;INTARIAN_PEPPER_ROOT;10304;17;10301;20;;;10310;20;10314;13;;;10307.0;0.0
yf_ZS=F_d0;3600;ASH_COATED_OSMIUM;10039;17;10037;11;;;10045;19;10047;22;;;10042.0;0.0
yf_ZS=F_d0;3600;INTARIAN_PEPPER_ROOT;10286;13;10282;25;;;10330;17;10333;24;;;10308.0;0.0
yf_ZS=F_d0;3700;ASH_COATED_OSMIUM;10039;5;10035;16;;;10045;11;10049;11;;;10042.0;0.0
yf_ZS=F_d0;3700;INTARIAN_PEPPER_ROOT;10306;17;10304;23;;;10312;20;10316;19;;;10309.0;0.0
yf_ZS=F_d0;3800;ASH_COATED_OSMIUM;10039;22;10035;20;;;10045;23;10049;19;;;10042.0;0.0
yf_ZS=F_d0;3800;INTARIAN_PEPPER_ROOT;10306;7;10303;26;;;10312;5;10315;17;;;10309.0;0.0
yf_ZS=F_d0;3900;ASH_COATED_OSMIUM;10039;15;10037;25;;;10045;15;10048;18;;;10042.0;0.0
yf_ZS=F_d0;3900;INTARIAN_PEPPER_ROOT;10307;10;10305;22;;;10313;16;10315;24;;;10310.0;0.0
yf_ZS=F_d0;4000;ASH_COATED_OSMIUM;10039;18;10037;20;;;10045;13;10048;19;;;10042.0;0.0
yf_ZS=F_d0;4000;INTARIAN_PEPPER_ROOT;10308;17;10304;23;;;10314;10;10318;19;;;10311.0;0.0
yf_ZS=F_d0;4100;ASH_COATED_OSMIUM;10038;12;10036;14;;;10044;14;10048;24;;;10041.0;0.0
yf_ZS=F_d0;4100;INTARIAN_PEPPER_ROOT;10304;15;10301;18;;;10319;5;10321;21;;;10311.5;0.0
yf_ZS=F_d0;4200;ASH_COATED_OSMIUM;10033;11;10030;20;;;10048;9;10050;10;;;10040.5;0.0
yf_ZS=F_d0;4200;INTARIAN_PEPPER_ROOT;10309;9;10306;14;;;10315;16;10319;18;;;10312.0;0.0
yf_ZS=F_d0;4300;ASH_COATED_OSMIUM;10034;15;10032;19;;;10048;10;10052;19;;;10041.0;0.0
yf_ZS=F_d0;4300;INTARIAN_PEPPER_ROOT;10311;11;10309;19;;;10317;20;10321;8;;;10314.0;0.0
yf_ZS=F_d0;4400;ASH_COATED_OSMIUM;10039;12;10037;30;;;10045;11;10049;18;;;10042.0;0.0
yf_ZS=F_d0;4400;INTARIAN_PEPPER_ROOT;10311;12;10309;18;;;10317;10;10321;22;;;10314.0;0.0
yf_ZS=F_d0;4500;ASH_COATED_OSMIUM;10038;20;10035;22;;;10044;15;10047;14;;;10041.0;0.0
yf_ZS=F_d0;4500;INTARIAN_PEPPER_ROOT;10311;15;10308;17;;;10317;18;10319;24;;;10314.0;0.0
yf_ZS=F_d0;4600;ASH_COATED_OSMIUM;10033;17;10031;25;;;10049;12;10052;21;;;10041.0;0.0
yf_ZS=F_d0;4600;INTARIAN_PEPPER_ROOT;10309;15;10305;30;;;10321;15;10323;30;;;10315.0;0.0
yf_ZS=F_d0;4700;ASH_COATED_OSMIUM;10038;15;10034;25;;;10044;19;10048;15;;;10041.0;0.0
yf_ZS=F_d0;4700;INTARIAN_PEPPER_ROOT;10313;18;10310;23;;;10319;21;10323;24;;;10316.0;0.0
yf_ZS=F_d0;4800;ASH_COATED_OSMIUM;10038;14;10034;19;;;10044;17;10047;28;;;10041.0;0.0
yf_ZS=F_d0;4800;INTARIAN_PEPPER_ROOT;10314;14;10310;12;;;10320;25;10324;15;;;10317.0;0.0
yf_ZS=F_d0;4900;ASH_COATED_OSMIUM;10038;12;10036;27;;;10044;16;10047;20;;;10041.0;0.0
yf_ZS=F_d0;4900;INTARIAN_PEPPER_ROOT;10314;11;10311;19;;;10320;6;10324;22;;;10317.0;0.0
yf_ZS=F_d0;5000;ASH_COATED_OSMIUM;10038;14;10034;24;;;10044;28;10046;20;;;10041.0;0.0
yf_ZS=F_d0;5000;INTARIAN_PEPPER_ROOT;10313;20;10309;11;;;10324;13;10326;20;;;10318.5;0.0
yf_ZS=F_d0;5100;ASH_COATED_OSMIUM;10037;5;10035;16;;;10043;14;10046;25;;;10040.0;0.0
yf_ZS=F_d0;5100;INTARIAN_PEPPER_ROOT;10305;18;10302;20;;;10331;15;10334;24;;;10318.0;0.0
yf_ZS=F_d0;5200;ASH_COATED_OSMIUM;10036;18;10032;20;;;10045;14;10048;16;;;10040.5;0.0
yf_ZS=F_d0;5200;INTARIAN_PEPPER_ROOT;10304;5;10300;13;;;10334;16;10336;15;;;10319.0;0.0
yf_ZS=F_d0;5300;ASH_COATED_OSMIUM;10029;12;10026;16;;;10052;15;10055;15;;;10040.5;0.0
yf_ZS=F_d0;5300;INTARIAN_PEPPER_ROOT;10317;12;10313;23;;;10323;18;10325;17;;;10320.0;0.0
yf_ZS=F_d0;5400;ASH_COATED_OSMIUM;10036;16;10033;32;;;10042;11;10045;22;;;10039.0;0.0
yf_ZS=F_d0;5400;INTARIAN_PEPPER_ROOT;10298;11;10296;25;;;10344;17;10346;19;;;10321.0;0.0
yf_ZS=F_d0;5500;ASH_COATED_OSMIUM;10035;11;10032;18;;;10044;25;10046;15;;;10039.5;0.0
yf_ZS=F_d0;5500;INTARIAN_PEPPER_ROOT;10318;9;10315;18;;;10325;7;10328;19;;;10321.5;0.0
yf_ZS=F_d0;5600;ASH_COATED_OSMIUM;10037;10;10035;23;;;10043;11;10045;23;;;10040.0;0.0
yf_ZS=F_d0;5600;INTARIAN_PEPPER_ROOT;10315;22;10312;17;;;10328;12;10331;25;;;10321.5;0.0
yf_ZS=F_d0;5700;ASH_COATED_OSMIUM;10036;14;10033;12;;;10042;19;10045;20;;;10039.0;0.0
yf_ZS=F_d0;5700;INTARIAN_PEPPER_ROOT;10320;23;10317;15;;;10326;26;10330;24;;;10323.0;0.0
yf_ZS=F_d0;5800;ASH_COATED_OSMIUM;10036;10;10034;16;;;10042;14;10046;30;;;10039.0;0.0
yf_ZS=F_d0;5800;INTARIAN_PEPPER_ROOT;10316;19;10312;13;;;10330;12;10333;24;;;10323.0;0.0
yf_ZS=F_d0;5900;ASH_COATED_OSMIUM;10036;21;10034;23;;;10042;18;10046;11;;;10039.0;0.0
yf_ZS=F_d0;5900;INTARIAN_PEPPER_ROOT;10321;6;10317;20;;;10327;16;10329;13;;;10324.0;0.0
yf_ZS=F_d0;6000;ASH_COATED_OSMIUM;10030;6;10028;21;;;10047;8;10050;18;;;10038.5;0.0
yf_ZS=F_d0;6000;INTARIAN_PEPPER_ROOT;10322;9;10320;15;;;10328;21;10331;21;;;10325.0;0.0
yf_ZS=F_d0;6100;ASH_COATED_OSMIUM;10036;15;10032;8;;;10042;14;10046;26;;;10039.0;0.0
yf_ZS=F_d0;6100;INTARIAN_PEPPER_ROOT;10323;7;10321;26;;;10329;13;10333;18;;;10326.0;0.0
yf_ZS=F_d0;6200;ASH_COATED_OSMIUM;10035;17;10033;26;;;10043;13;10047;21;;;10039.0;0.0
yf_ZS=F_d0;6200;INTARIAN_PEPPER_ROOT;10323;15;10320;25;;;10329;17;10333;22;;;10326.0;0.0
yf_ZS=F_d0;6300;ASH_COATED_OSMIUM;10028;21;10025;23;;;10050;15;10053;23;;;10039.0;0.0
yf_ZS=F_d0;6300;INTARIAN_PEPPER_ROOT;10324;18;10322;22;;;10330;17;10332;17;;;10327.0;0.0
yf_ZS=F_d0;6400;ASH_COATED_OSMIUM;10036;8;10034;30;;;10042;20;10044;18;;;10039.0;0.0
yf_ZS=F_d0;6400;INTARIAN_PEPPER_ROOT;10325;12;10321;24;;;10331;15;10333;21;;;10328.0;0.0
yf_ZS=F_d0;6500;ASH_COATED_OSMIUM;10035;11;10032;22;;;10043;15;10046;21;;;10039.0;0.0
yf_ZS=F_d0;6500;INTARIAN_PEPPER_ROOT;10325;14;10323;23;;;10331;14;10334;15;;;10328.0;0.0
yf_ZS=F_d0;6600;ASH_COATED_OSMIUM;10033;11;10029;9;;;10043;9;10047;21;;;10038.0;0.0
yf_ZS=F_d0;6600;INTARIAN_PEPPER_ROOT;10326;20;10323;20;;;10332;21;10335;19;;;10329.0;0.0
yf_ZS=F_d0;6700;ASH_COATED_OSMIUM;10034;14;10030;16;;;10040;10;10042;24;;;10037.0;0.0
yf_ZS=F_d0;6700;INTARIAN_PEPPER_ROOT;10325;19;10323;16;;;10334;19;10336;17;;;10329.5;0.0
yf_ZS=F_d0;6800;ASH_COATED_OSMIUM;10034;9;10031;18;;;10040;11;10043;16;;;10037.0;0.0
yf_ZS=F_d0;6800;INTARIAN_PEPPER_ROOT;10327;14;10325;29;;;10335;5;10339;20;;;10331.0;0.0
yf_ZS=F_d0;6900;ASH_COATED_OSMIUM;10023;14;10020;14;;;10054;11;10058;29;;;10038.5;0.0
yf_ZS=F_d0;6900;INTARIAN_PEPPER_ROOT;10321;16;10318;25;;;10342;18;10346;19;;;10331.5;0.0
yf_ZS=F_d0;7000;ASH_COATED_OSMIUM;10030;13;10026;14;;;10045;16;10048;14;;;10037.5;0.0
yf_ZS=F_d0;7000;INTARIAN_PEPPER_ROOT;10329;16;10327;21;;;10336;18;10340;16;;;10332.5;0.0
yf_ZS=F_d0;7100;ASH_COATED_OSMIUM;10029;14;10027;22;;;10047;14;10049;27;;;10038.0;0.0
yf_ZS=F_d0;7100;INTARIAN_PEPPER_ROOT;10327;9;10323;21;;;10339;20;10341;10;;;10333.0;0.0
yf_ZS=F_d0;7200;ASH_COATED_OSMIUM;10033;10;10029;16;;;10042;17;10044;21;;;10037.5;0.0
yf_ZS=F_d0;7200;INTARIAN_PEPPER_ROOT;10320;16;10318;15;;;10346;12;10350;24;;;10333.0;0.0
yf_ZS=F_d0;7300;ASH_COATED_OSMIUM;10034;5;10030;21;;;10040;15;10042;21;;;10037.0;0.0
yf_ZS=F_d0;7300;INTARIAN_PEPPER_ROOT;10329;7;10325;20;;;10339;13;10343;15;;;10334.0;0.0
yf_ZS=F_d0;7400;ASH_COATED_OSMIUM;10032;12;10030;19;;;10043;19;10045;24;;;10037.5;0.0
yf_ZS=F_d0;7400;INTARIAN_PEPPER_ROOT;10332;12;10329;21;;;10338;14;10340;23;;;10335.0;0.0
yf_ZS=F_d0;7500;ASH_COATED_OSMIUM;10034;18;10030;9;;;10040;10;10044;17;;;10037.0;0.0
yf_ZS=F_d0;7500;INTARIAN_PEPPER_ROOT;10327;9;10324;21;;;10344;25;10348;15;;;10335.5;0.0
yf_ZS=F_d0;7600;ASH_COATED_OSMIUM;10034;10;10032;25;;;10040;14;10042;20;;;10037.0;0.0
yf_ZS=F_d0;7600;INTARIAN_PEPPER_ROOT;10333;12;10330;10;;;10339;13;10342;15;;;10336.0;0.0
yf_ZS=F_d0;7700;ASH_COATED_OSMIUM;10033;18;10031;19;;;10041;6;10045;20;;;10037.0;0.0
yf_ZS=F_d0;7700;INTARIAN_PEPPER_ROOT;10330;23;10326;18;;;10342;20;10344;14;;;10336.0;0.0
yf_ZS=F_d0;7800;ASH_COATED_OSMIUM;10030;14;10027;25;;;10042;24;10044;10;;;10036.0;0.0
yf_ZS=F_d0;7800;INTARIAN_PEPPER_ROOT;10334;13;10330;19;;;10341;20;10345;17;;;10337.5;0.0
yf_ZS=F_d0;7900;ASH_COATED_OSMIUM;10029;22;10027;22;;;10043;13;10046;16;;;10036.0;0.0
yf_ZS=F_d0;7900;INTARIAN_PEPPER_ROOT;10335;11;10333;25;;;10341;11;10343;21;;;10338.0;0.0
yf_ZS=F_d0;8000;ASH_COATED_OSMIUM;10034;16;10031;22;;;10040;16;10044;13;;;10037.0;0.0
yf_ZS=F_d0;8000;INTARIAN_PEPPER_ROOT;10336;10;10332;21;;;10342;12;10345;23;;;10339.0;0.0
yf_ZS=F_d0;8100;ASH_COATED_OSMIUM;10033;9;10030;19;;;10039;17;10043;24;;;10036.0;0.0
yf_ZS=F_d0;8100;INTARIAN_PEPPER_ROOT;10334;11;10330;20;;;10345;11;10349;17;;;10339.5;0.0
yf_ZS=F_d0;8200;ASH_COATED_OSMIUM;10033;16;10030;18;;;10039;14;10042;22;;;10036.0;0.0
yf_ZS=F_d0;8200;INTARIAN_PEPPER_ROOT;10319;23;10315;11;;;10362;14;10365;20;;;10340.5;0.0
yf_ZS=F_d0;8300;ASH_COATED_OSMIUM;10033;17;10031;21;;;10039;19;10042;25;;;10036.0;0.0
yf_ZS=F_d0;8300;INTARIAN_PEPPER_ROOT;10338;19;10335;20;;;10344;10;10348;18;;;10341.0;0.0
yf_ZS=F_d0;8400;ASH_COATED_OSMIUM;10033;16;10029;18;;;10039;19;10043;21;;;10036.0;0.0
yf_ZS=F_d0;8400;INTARIAN_PEPPER_ROOT;10339;22;10336;20;;;10345;14;10348;18;;;10342.0;0.0
yf_ZS=F_d0;8500;ASH_COATED_OSMIUM;10032;16;10029;21;;;10038;12;10040;21;;;10035.0;0.0
yf_ZS=F_d0;8500;INTARIAN_PEPPER_ROOT;10338;15;10335;12;;;10347;5;10350;22;;;10342.5;0.0
yf_ZS=F_d0;8600;ASH_COATED_OSMIUM;10031;13;10028;21;;;10039;16;10043;15;;;10035.0;0.0
yf_ZS=F_d0;8600;INTARIAN_PEPPER_ROOT;10340;11;10337;28;;;10346;18;10350;24;;;10343.0;0.0
yf_ZS=F_d0;8700;ASH_COATED_OSMIUM;10032;10;10029;13;;;10038;13;10040;26;;;10035.0;0.0
yf_ZS=F_d0;8700;INTARIAN_PEPPER_ROOT;10341;13;10338;22;;;10347;15;10350;15;;;10344.0;0.0
yf_ZS=F_d0;8800;ASH_COATED_OSMIUM;10032;12;10030;28;;;10038;6;10040;16;;;10035.0;0.0
yf_ZS=F_d0;8800;INTARIAN_PEPPER_ROOT;10340;11;10336;24;;;10350;11;10354;17;;;10345.0;0.0
yf_ZS=F_d0;8900;ASH_COATED_OSMIUM;10031;7;10027;8;;;10037;19;10039;22;;;10034.0;0.0
yf_ZS=F_d0;8900;INTARIAN_PEPPER_ROOT;10343;19;10339;18;;;10349;5;10353;22;;;10346.0;0.0
yf_ZS=F_d0;9000;ASH_COATED_OSMIUM;10032;14;10029;18;;;10038;12;10042;24;;;10035.0;0.0
yf_ZS=F_d0;9000;INTARIAN_PEPPER_ROOT;10343;5;10339;23;;;10349;7;10351;21;;;10346.0;0.0
yf_ZS=F_d0;9100;ASH_COATED_OSMIUM;10027;19;10023;16;;;10043;16;10047;18;;;10035.0;0.0
yf_ZS=F_d0;9100;INTARIAN_PEPPER_ROOT;10332;15;10330;15;;;10362;16;10366;26;;;10347.0;0.0
yf_ZS=F_d0;9200;ASH_COATED_OSMIUM;10031;16;10027;24;;;10039;17;10043;24;;;10035.0;0.0
yf_ZS=F_d0;9200;INTARIAN_PEPPER_ROOT;10344;19;10341;14;;;10351;15;10353;30;;;10347.5;0.0
yf_ZS=F_d0;9300;ASH_COATED_OSMIUM;10031;12;10029;12;;;10037;9;10039;26;;;10034.0;0.0
yf_ZS=F_d0;9300;INTARIAN_PEPPER_ROOT;10343;15;10340;9;;;10353;21;10355;18;;;10348.0;0.0
yf_ZS=F_d0;9400;ASH_COATED_OSMIUM;10031;12;10027;21;;;10037;18;10039;16;;;10034.0;0.0
yf_ZS=F_d0;9400;INTARIAN_PEPPER_ROOT;10346;20;10344;18;;;10352;18;10356;12;;;10349.0;0.0
yf_ZS=F_d0;9500;ASH_COATED_OSMIUM;10030;18;10028;24;;;10036;13;10038;18;;;10033.0;0.0
yf_ZS=F_d0;9500;INTARIAN_PEPPER_ROOT;10346;17;10344;19;;;10352;10;10354;18;;;10349.0;0.0
yf_ZS=F_d0;9600;ASH_COATED_OSMIUM;10031;6;10027;20;;;10037;12;10041;26;;;10034.0;0.0
yf_ZS=F_d0;9600;INTARIAN_PEPPER_ROOT;10347;19;10345;15;;;10353;12;10356;22;;;10350.0;0.0
yf_ZS=F_d0;9700;ASH_COATED_OSMIUM;10030;13;10028;23;;;10036;13;10038;27;;;10033.0;0.0
yf_ZS=F_d0;9700;INTARIAN_PEPPER_ROOT;10348;9;10344;13;;;10354;13;10356;20;;;10351.0;0.0
yf_ZS=F_d0;9800;ASH_COATED_OSMIUM;10023;17;10020;18;;;10042;9;10046;21;;;10032.5;0.0
yf_ZS=F_d0;9800;INTARIAN_PEPPER_ROOT;10344;24;10342;25;;;10360;12;10362;25;;;10352.0;0.0
yf_ZS=F_d0;9900;ASH_COATED_OSMIUM;10030;13;10028;15;;;10036;9;10038;12;;;10033.0;0.0
yf_ZS=F_d0;9900;INTARIAN_PEPPER_ROOT;10345;16;10342;23;;;10359;20;10361;9;;;10352.0;0.0
yf_ZS=F_d0;10000;ASH_COATED_OSMIUM;10030;18;10027;32;;;10036;15;10040;15;;;10033.0;0.0
yf_ZS=F_d0;10000;INTARIAN_PEPPER_ROOT;10350;8;10348;14;;;10356;26;10359;22;;;10353.0;0.0
yf_ZS=F_d0;10100;ASH_COATED_OSMIUM;10030;13;10026;22;;;10036;17;10038;16;;;10033.0;0.0
yf_ZS=F_d0;10100;INTARIAN_PEPPER_ROOT;10351;17;10349;19;;;10357;18;10359;13;;;10354.0;0.0
yf_ZS=F_d0;10200;ASH_COATED_OSMIUM;10023;14;10020;20;;;10042;16;10045;24;;;10032.5;0.0
yf_ZS=F_d0;10200;INTARIAN_PEPPER_ROOT;10351;9;10349;22;;;10357;18;10359;12;;;10354.0;0.0
yf_ZS=F_d0;10300;ASH_COATED_OSMIUM;10029;12;10026;19;;;10035;11;10037;26;;;10032.0;0.0
yf_ZS=F_d0;10300;INTARIAN_PEPPER_ROOT;10342;18;10339;22;;;10367;10;10370;20;;;10354.5;0.0
yf_ZS=F_d0;10400;ASH_COATED_OSMIUM;10029;14;10027;29;;;10035;19;10037;22;;;10032.0;0.0
yf_ZS=F_d0;10400;INTARIAN_PEPPER_ROOT;10353;17;10349;25;;;10359;9;10363;20;;;10356.0;0.0
yf_ZS=F_d0;10500;ASH_COATED_OSMIUM;10026;16;10023;24;;;10039;21;10041;21;;;10032.5;0.0
yf_ZS=F_d0;10500;INTARIAN_PEPPER_ROOT;10351;12;10349;12;;;10361;15;10363;27;;;10356.0;0.0
yf_ZS=F_d0;10600;ASH_COATED_OSMIUM;10029;16;10025;12;;;10035;17;10037;18;;;10032.0;0.0
yf_ZS=F_d0;10600;INTARIAN_PEPPER_ROOT;10349;12;10345;24;;;10364;12;10367;22;;;10356.5;0.0
yf_ZS=F_d0;10700;ASH_COATED_OSMIUM;10026;10;10023;17;;;10039;5;10042;19;;;10032.5;0.0
yf_ZS=F_d0;10700;INTARIAN_PEPPER_ROOT;10353;10;10351;22;;;10363;18;10365;20;;;10358.0;0.0
yf_ZS=F_d0;10800;ASH_COATED_OSMIUM;10018;25;10016;19;;;10047;12;10051;19;;;10032.5;0.0
yf_ZS=F_d0;10800;INTARIAN_PEPPER_ROOT;10356;19;10354;17;;;10362;5;10365;26;;;10359.0;0.0
yf_ZS=F_d0;10900;ASH_COATED_OSMIUM;10029;14;10026;26;;;10035;7;10037;13;;;10032.0;0.0
yf_ZS=F_d0;10900;INTARIAN_PEPPER_ROOT;10348;13;10346;21;;;10371;16;10374;14;;;10359.5;0.0
yf_ZS=F_d0;11000;ASH_COATED_OSMIUM;10028;12;10024;16;;;10035;6;10039;20;;;10031.5;0.0
yf_ZS=F_d0;11000;INTARIAN_PEPPER_ROOT;10353;6;10350;8;;;10366;24;10369;19;;;10359.5;0.0
yf_ZS=F_d0;11100;ASH_COATED_OSMIUM;10029;8;10025;21;;;10035;15;10039;16;;;10032.0;0.0
yf_ZS=F_d0;11100;INTARIAN_PEPPER_ROOT;10355;14;10351;11;;;10367;16;10371;15;;;10361.0;0.0
yf_ZS=F_d0;11200;ASH_COATED_OSMIUM;10028;12;10026;25;;;10034;18;10037;18;;;10031.0;0.0
yf_ZS=F_d0;11200;INTARIAN_PEPPER_ROOT;10358;11;10355;18;;;10364;13;10367;28;;;10361.0;0.0
yf_ZS=F_d0;11300;ASH_COATED_OSMIUM;10028;8;10026;18;;;10034;10;10037;19;;;10031.0;0.0
yf_ZS=F_d0;11300;INTARIAN_PEPPER_ROOT;10359;19;10355;19;;;10365;9;10368;15;;;10362.0;0.0
yf_ZS=F_d0;11400;ASH_COATED_OSMIUM;10028;20;10026;19;;;10034;13;10037;30;;;10031.0;0.0
yf_ZS=F_d0;11400;INTARIAN_PEPPER_ROOT;10357;23;10354;23;;;10369;11;10372;21;;;10363.0;0.0
yf_ZS=F_d0;11500;ASH_COATED_OSMIUM;10027;8;10023;21;;;10035;6;10039;15;;;10031.0;0.0
yf_ZS=F_d0;11500;INTARIAN_PEPPER_ROOT;10361;12;10358;13;;;10367;6;10370;24;;;10364.0;0.0
yf_ZS=F_d0;11600;ASH_COATED_OSMIUM;10028;14;10024;21;;;10034;20;10036;15;;;10031.0;0.0
yf_ZS=F_d0;11600;INTARIAN_PEPPER_ROOT;10360;19;10357;27;;;10367;11;10370;22;;;10363.5;0.0
yf_ZS=F_d0;11700;ASH_COATED_OSMIUM;10027;16;10024;19;;;10033;11;10036;14;;;10030.0;0.0
yf_ZS=F_d0;11700;INTARIAN_PEPPER_ROOT;10358;7;10354;19;;;10371;8;10375;22;;;10364.5;0.0
yf_ZS=F_d0;11800;ASH_COATED_OSMIUM;10028;14;10026;14;;;10034;12;10037;23;;;10031.0;0.0
yf_ZS=F_d0;11800;INTARIAN_PEPPER_ROOT;10363;15;10360;28;;;10369;13;10373;25;;;10366.0;0.0
yf_ZS=F_d0;11900;ASH_COATED_OSMIUM;10027;13;10023;31;;;10033;10;10036;20;;;10030.0;0.0
yf_ZS=F_d0;11900;INTARIAN_PEPPER_ROOT;10363;7;10359;15;;;10369;20;10372;19;;;10366.0;0.0
yf_ZS=F_d0;12000;ASH_COATED_OSMIUM;10027;15;10023;18;;;10033;16;10037;8;;;10030.0;0.0
yf_ZS=F_d0;12000;INTARIAN_PEPPER_ROOT;10364;9;10361;19;;;10370;16;10373;19;;;10367.0;0.0
yf_ZS=F_d0;12100;ASH_COATED_OSMIUM;10017;14;10015;17;;;10043;7;10047;12;;;10030.0;0.0
yf_ZS=F_d0;12100;INTARIAN_PEPPER_ROOT;10365;16;10363;16;;;10371;12;10375;13;;;10368.0;0.0
yf_ZS=F_d0;12200;ASH_COATED_OSMIUM;10026;12;10022;20;;;10032;9;10036;18;;;10029.0;0.0
yf_ZS=F_d0;12200;INTARIAN_PEPPER_ROOT;10366;5;10364;11;;;10372;21;10374;19;;;10369.0;0.0
yf_ZS=F_d0;12300;ASH_COATED_OSMIUM;10027;20;10024;19;;;10033;27;10037;23;;;10030.0;0.0
yf_ZS=F_d0;12300;INTARIAN_PEPPER_ROOT;10363;18;10361;11;;;10375;9;10377;21;;;10369.0;0.0
yf_ZS=F_d0;12400;ASH_COATED_OSMIUM;10027;11;10025;16;;;10033;19;10036;24;;;10030.0;0.0
yf_ZS=F_d0;12400;INTARIAN_PEPPER_ROOT;10367;14;10363;22;;;10373;17;10377;22;;;10370.0;0.0
yf_ZS=F_d0;12500;ASH_COATED_OSMIUM;10026;19;10024;16;;;10032;19;10035;20;;;10029.0;0.0
yf_ZS=F_d0;12500;INTARIAN_PEPPER_ROOT;10368;12;10365;18;;;10374;15;10376;22;;;10371.0;0.0
yf_ZS=F_d0;12600;ASH_COATED_OSMIUM;10024;17;10021;16;;;10033;11;10037;24;;;10028.5;0.0
yf_ZS=F_d0;12600;INTARIAN_PEPPER_ROOT;10368;16;10364;18;;;10374;5;10377;20;;;10371.0;0.0
yf_ZS=F_d0;12700;ASH_COATED_OSMIUM;10026;15;10023;20;;;10032;22;10034;16;;;10029.0;0.0
yf_ZS=F_d0;12700;INTARIAN_PEPPER_ROOT;10370;14;10368;28;;;10376;16;10379;18;;;10373.0;0.0
yf_ZS=F_d0;12800;ASH_COATED_OSMIUM;10026;11;10023;24;;;10032;13;10035;20;;;10029.0;0.0
yf_ZS=F_d0;12800;INTARIAN_PEPPER_ROOT;10369;15;10367;24;;;10375;15;10377;20;;;10372.0;0.0
yf_ZS=F_d0;12900;ASH_COATED_OSMIUM;10026;13;10022;19;;;10032;14;10036;14;;;10029.0;0.0
yf_ZS=F_d0;12900;INTARIAN_PEPPER_ROOT;10370;16;10367;18;;;10376;19;10379;23;;;10373.0;0.0
yf_ZS=F_d0;13000;ASH_COATED_OSMIUM;10026;12;10024;25;;;10032;16;10036;14;;;10029.0;0.0
yf_ZS=F_d0;13000;INTARIAN_PEPPER_ROOT;10370;14;10367;23;;;10378;14;10382;11;;;10374.0;0.0
yf_ZS=F_d0;13100;ASH_COATED_OSMIUM;10022;19;10020;16;;;10036;5;10038;22;;;10029.0;0.0
yf_ZS=F_d0;13100;INTARIAN_PEPPER_ROOT;10372;12;10369;19;;;10378;8;10380;14;;;10375.0;0.0
yf_ZS=F_d0;13200;ASH_COATED_OSMIUM;10026;17;10023;22;;;10032;5;10036;31;;;10029.0;0.0
yf_ZS=F_d0;13200;INTARIAN_PEPPER_ROOT;10373;16;10371;20;;;10379;17;10382;20;;;10376.0;0.0
yf_ZS=F_d0;13300;ASH_COATED_OSMIUM;10023;6;10020;20;;;10034;22;10038;26;;;10028.5;0.0
yf_ZS=F_d0;13300;INTARIAN_PEPPER_ROOT;10369;17;10367;18;;;10384;8;10386;22;;;10376.5;0.0
yf_ZS=F_d0;13400;ASH_COATED_OSMIUM;10021;15;10018;13;;;10034;23;10038;28;;;10027.5;0.0
yf_ZS=F_d0;13400;INTARIAN_PEPPER_ROOT;10373;8;10369;25;;;10379;16;10382;16;;;10376.0;0.0
yf_ZS=F_d0;13500;ASH_COATED_OSMIUM;10024;16;10021;13;;;10032;15;10034;22;;;10028.0;0.0
yf_ZS=F_d0;13500;INTARIAN_PEPPER_ROOT;10374;24;10372;30;;;10380;5;10384;21;;;10377.0;0.0
yf_ZS=F_d0;13600;ASH_COATED_OSMIUM;10025;18;10023;17;;;10031;22;10034;19;;;10028.0;0.0
yf_ZS=F_d0;13600;INTARIAN_PEPPER_ROOT;10375;17;10371;22;;;10381;15;10383;25;;;10378.0;0.0
yf_ZS=F_d0;13700;ASH_COATED_OSMIUM;10024;19;10022;20;;;10032;17;10035;16;;;10028.0;0.0
yf_ZS=F_d0;13700;INTARIAN_PEPPER_ROOT;10364;16;10360;21;;;10395;5;10397;21;;;10379.5;0.0
yf_ZS=F_d0;13800;ASH_COATED_OSMIUM;10024;18;10020;27;;;10030;19;10034;18;;;10027.0;0.0
yf_ZS=F_d0;13800;INTARIAN_PEPPER_ROOT;10377;14;10375;18;;;10383;21;10385;20;;;10380.0;0.0
yf_ZS=F_d0;13900;ASH_COATED_OSMIUM;10024;13;10020;21;;;10030;16;10032;21;;;10027.0;0.0
yf_ZS=F_d0;13900;INTARIAN_PEPPER_ROOT;10377;15;10374;15;;;10383;22;10385;21;;;10380.0;0.0
yf_ZS=F_d0;14000;ASH_COATED_OSMIUM;10023;8;10021;21;;;10033;20;10036;16;;;10028.0;0.0
yf_ZS=F_d0;14000;INTARIAN_PEPPER_ROOT;10365;8;10361;14;;;10398;18;10400;28;;;10381.5;0.0
yf_ZS=F_d0;14100;ASH_COATED_OSMIUM;10024;9;10022;17;;;10030;12;10032;11;;;10027.0;0.0
yf_ZS=F_d0;14100;INTARIAN_PEPPER_ROOT;10379;5;10376;22;;;10385;13;10389;31;;;10382.0;0.0
yf_ZS=F_d0;14200;ASH_COATED_OSMIUM;10013;5;10009;15;;;10041;9;10045;18;;;10027.0;0.0
yf_ZS=F_d0;14200;INTARIAN_PEPPER_ROOT;10374;12;10371;9;;;10391;20;10393;27;;;10382.5;0.0
yf_ZS=F_d0;14300;ASH_COATED_OSMIUM;10014;7;10011;29;;;10040;5;10044;19;;;10027.0;0.0
yf_ZS=F_d0;14300;INTARIAN_PEPPER_ROOT;10380;15;10376;22;;;10386;15;10390;16;;;10383.0;0.0
yf_ZS=F_d0;14400;ASH_COATED_OSMIUM;10017;12;10013;19;;;10036;18;10038;22;;;10026.5;0.0
yf_ZS=F_d0;14400;INTARIAN_PEPPER_ROOT;10379;15;10375;19;;;10389;22;10393;20;;;10384.0;0.0
yf_ZS=F_d0;14500;ASH_COATED_OSMIUM;10023;11;10020;14;;;10030;16;10034;16;;;10026.5;0.0
yf_ZS=F_d0;14500;INTARIAN_PEPPER_ROOT;10382;10;10380;16;;;10388;10;10390;17;;;10385.0;0.0
yf_ZS=F_d0;14600;ASH_COATED_OSMIUM;10023;15;10019;24;;;10029;9;10032;18;;;10026.0;0.0
yf_ZS=F_d0;14600;INTARIAN_PEPPER_ROOT;10383;14;10380;13;;;10389;19;10393;19;;;10386.0;0.0
yf_ZS=F_d0;14700;ASH_COATED_OSMIUM;10023;19;10020;15;;;10029;17;10033;12;;;10026.0;0.0
yf_ZS=F_d0;14700;INTARIAN_PEPPER_ROOT;10383;21;10380;21;;;10389;8;10392;25;;;10386.0;0.0
yf_ZS=F_d0;14800;ASH_COATED_OSMIUM;10021;14;10018;20;;;10033;14;10036;20;;;10027.0;0.0
yf_ZS=F_d0;14800;INTARIAN_PEPPER_ROOT;10384;19;10381;17;;;10390;18;10392;10;;;10387.0;0.0
yf_ZS=F_d0;14900;ASH_COATED_OSMIUM;10021;8;10019;18;;;10030;12;10032;27;;;10025.5;0.0
yf_ZS=F_d0;14900;INTARIAN_PEPPER_ROOT;10384;10;10382;21;;;10390;15;10392;19;;;10387.0;0.0
yf_ZS=F_d0;15000;ASH_COATED_OSMIUM;10023;13;10019;29;;;10029;18;10032;17;;;10026.0;0.0
yf_ZS=F_d0;15000;INTARIAN_PEPPER_ROOT;10384;17;10380;13;;;10392;6;10394;14;;;10388.0;0.0
yf_ZS=F_d0;15100;ASH_COATED_OSMIUM;10022;11;10020;19;;;10028;12;10030;14;;;10025.0;0.0
yf_ZS=F_d0;15100;INTARIAN_PEPPER_ROOT;10377;11;10374;28;;;10402;15;10404;15;;;10389.5;0.0
yf_ZS=F_d0;15200;ASH_COATED_OSMIUM;10022;15;10018;20;;;10028;11;10031;20;;;10025.0;0.0
yf_ZS=F_d0;15200;INTARIAN_PEPPER_ROOT;10386;25;10384;26;;;10392;15;10395;25;;;10389.0;0.0
yf_ZS=F_d0;15300;ASH_COATED_OSMIUM;10017;11;10015;18;;;10033;18;10036;21;;;10025.0;0.0
yf_ZS=F_d0;15300;INTARIAN_PEPPER_ROOT;10387;21;10384;19;;;10393;11;10397;18;;;10390.0;0.0
yf_ZS=F_d0;15400;ASH_COATED_OSMIUM;10022;9;10019;25;;;10028;18;10031;13;;;10025.0;0.0
yf_ZS=F_d0;15400;INTARIAN_PEPPER_ROOT;10368;5;10366;16;;;10413;18;10416;15;;;10390.5;0.0
yf_ZS=F_d0;15500;ASH_COATED_OSMIUM;10022;16;10020;18;;;10028;11;10031;18;;;10025.0;0.0
yf_ZS=F_d0;15500;INTARIAN_PEPPER_ROOT;10387;17;10384;24;;;10396;15;10400;16;;;10391.5;0.0
yf_ZS=F_d0;15600;ASH_COATED_OSMIUM;10017;12;10015;14;;;10032;9;10036;19;;;10024.5;0.0
yf_ZS=F_d0;15600;INTARIAN_PEPPER_ROOT;10387;16;10384;23;;;10397;5;10401;19;;;10392.0;0.0
yf_ZS=F_d0;15700;ASH_COATED_OSMIUM;10022;16;10020;19;;;10028;15;10030;28;;;10025.0;0.0
yf_ZS=F_d0;15700;INTARIAN_PEPPER_ROOT;10390;9;10387;10;;;10396;16;10400;18;;;10393.0;0.0
yf_ZS=F_d0;15800;ASH_COATED_OSMIUM;10021;6;10018;18;;;10027;5;10031;13;;;10024.0;0.0
yf_ZS=F_d0;15800;INTARIAN_PEPPER_ROOT;10390;18;10387;9;;;10397;21;10401;21;;;10393.5;0.0
yf_ZS=F_d0;15900;ASH_COATED_OSMIUM;10022;13;10019;19;;;10028;9;10031;17;;;10025.0;0.0
yf_ZS=F_d0;15900;INTARIAN_PEPPER_ROOT;10391;10;10387;14;;;10397;20;10399;18;;;10394.0;0.0
yf_ZS=F_d0;16000;ASH_COATED_OSMIUM;10021;26;10018;19;;;10027;12;10031;15;;;10024.0;0.0
yf_ZS=F_d0;16000;INTARIAN_PEPPER_ROOT;10392;13;10390;16;;;10398;17;10401;15;;;10395.0;0.0
yf_ZS=F_d0;16100;ASH_COATED_OSMIUM;10021;7;10018;16;;;10027;17;10030;18;;;10024.0;0.0
yf_ZS=F_d0;16100;INTARIAN_PEPPER_ROOT;10393;17;10389;21;;;10399;19;10401;10;;;10396.0;0.0
yf_ZS=F_d0;16200;ASH_COATED_OSMIUM;10020;12;10016;16;;;10026;13;10029;16;;;10023.0;0.0
yf_ZS=F_d0;16200;INTARIAN_PEPPER_ROOT;10392;19;10389;11;;;10400;19;10403;20;;;10396.0;0.0
yf_ZS=F_d0;16300;ASH_COATED_OSMIUM;10020;15;10016;27;;;10026;14;10030;18;;;10023.0;0.0
yf_ZS=F_d0;16300;INTARIAN_PEPPER_ROOT;10394;13;10390;17;;;10401;18;10403;20;;;10397.5;0.0
yf_ZS=F_d0;16400;ASH_COATED_OSMIUM;10017;20;10015;25;;;10030;20;10034;25;;;10023.5;0.0
yf_ZS=F_d0;16400;INTARIAN_PEPPER_ROOT;10395;16;10392;23;;;10401;14;10405;24;;;10398.0;0.0
yf_ZS=F_d0;16500;ASH_COATED_OSMIUM;10020;21;10017;18;;;10026;19;10029;23;;;10023.0;0.0
yf_ZS=F_d0;16500;INTARIAN_PEPPER_ROOT;10395;19;10392;15;;;10401;15;10405;21;;;10398.0;0.0
yf_ZS=F_d0;16600;ASH_COATED_OSMIUM;10006;12;10003;26;;;10039;14;10041;21;;;10022.5;0.0
yf_ZS=F_d0;16600;INTARIAN_PEPPER_ROOT;10390;19;10388;16;;;10408;12;10410;29;;;10399.0;0.0
yf_ZS=F_d0;16700;ASH_COATED_OSMIUM;10020;20;10017;19;;;10026;18;10029;19;;;10023.0;0.0
yf_ZS=F_d0;16700;INTARIAN_PEPPER_ROOT;10392;19;10390;18;;;10407;16;10410;16;;;10399.5;0.0
yf_ZS=F_d0;16800;ASH_COATED_OSMIUM;10020;15;10016;24;;;10027;13;10029;23;;;10023.5;0.0
yf_ZS=F_d0;16800;INTARIAN_PEPPER_ROOT;10398;18;10396;23;;;10404;14;10407;18;;;10401.0;0.0
yf_ZS=F_d0;16900;ASH_COATED_OSMIUM;10018;20;10014;23;;;10027;18;10029;30;;;10022.5;0.0
yf_ZS=F_d0;16900;INTARIAN_PEPPER_ROOT;10398;7;10396;11;;;10404;25;10406;18;;;10401.0;0.0
yf_ZS=F_d0;17000;ASH_COATED_OSMIUM;10020;17;10017;24;;;10026;25;10030;24;;;10023.0;0.0
yf_ZS=F_d0;17000;INTARIAN_PEPPER_ROOT;10396;8;10394;11;;;10404;17;10407;26;;;10400.0;0.0
yf_ZS=F_d0;17100;ASH_COATED_OSMIUM;10020;12;10016;12;;;10027;16;10031;22;;;10023.5;0.0
yf_ZS=F_d0;17100;INTARIAN_PEPPER_ROOT;10395;19;10392;19;;;10401;14;10403;15;;;10398.0;0.0
yf_ZS=F_d0;17200;ASH_COATED_OSMIUM;10020;17;10016;22;;;10026;20;10030;26;;;10023.0;0.0
yf_ZS=F_d0;17200;INTARIAN_PEPPER_ROOT;10392;19;10390;23;;;10400;20;10403;17;;;10396.0;0.0
yf_ZS=F_d0;17300;ASH_COATED_OSMIUM;10013;16;10009;20;;;10033;12;10035;21;;;10023.0;0.0
yf_ZS=F_d0;17300;INTARIAN_PEPPER_ROOT;10391;17;10387;19;;;10397;22;10399;26;;;10394.0;0.0
yf_ZS=F_d0;17400;ASH_COATED_OSMIUM;10020;14;10017;32;;;10026;17;10028;26;;;10023.0;0.0
yf_ZS=F_d0;17400;INTARIAN_PEPPER_ROOT;10388;5;10384;17;;;10394;22;10398;22;;;10391.0;0.0
yf_ZS=F_d0;17500;ASH_COATED_OSMIUM;10020;20;10018;25;;;10026;19;10029;21;;;10023.0;0.0
yf_ZS=F_d0;17500;INTARIAN_PEPPER_ROOT;10382;16;10378;12;;;10394;10;10396;21;;;10388.0;0.0
yf_ZS=F_d0;17600;ASH_COATED_OSMIUM;10003;22;9999;26;;;10043;22;10045;27;;;10023.0;0.0
yf_ZS=F_d0;17600;INTARIAN_PEPPER_ROOT;10383;13;10381;14;;;10389;21;10393;22;;;10386.0;0.0
yf_ZS=F_d0;17700;ASH_COATED_OSMIUM;10020;18;10016;21;;;10027;13;10030;16;;;10023.5;0.0
yf_ZS=F_d0;17700;INTARIAN_PEPPER_ROOT;10381;19;10378;18;;;10387;19;10391;28;;;10384.0;0.0
yf_ZS=F_d0;17800;ASH_COATED_OSMIUM;10020;12;10017;28;;;10026;17;10028;23;;;10023.0;0.0
yf_ZS=F_d0;17800;INTARIAN_PEPPER_ROOT;10378;21;10376;28;;;10384;16;10386;14;;;10381.0;0.0
yf_ZS=F_d0;17900;ASH_COATED_OSMIUM;10019;16;10017;13;;;10027;6;10029;16;;;10023.0;0.0
yf_ZS=F_d0;17900;INTARIAN_PEPPER_ROOT;10374;7;10372;24;;;10385;6;10389;15;;;10379.5;0.0
yf_ZS=F_d0;18000;ASH_COATED_OSMIUM;10018;14;10015;13;;;10030;16;10034;16;;;10024.0;0.0
yf_ZS=F_d0;18000;INTARIAN_PEPPER_ROOT;10373;18;10370;26;;;10379;14;10382;18;;;10376.0;0.0
yf_ZS=F_d0;18100;ASH_COATED_OSMIUM;10021;8;10017;24;;;10027;9;10031;17;;;10024.0;0.0
yf_ZS=F_d0;18100;INTARIAN_PEPPER_ROOT;10372;16;10368;15;;;10378;15;10381;24;;;10375.0;0.0
yf_ZS=F_d0;18200;ASH_COATED_OSMIUM;10021;17;10017;14;;;10027;11;10029;20;;;10024.0;0.0
yf_ZS=F_d0;18200;INTARIAN_PEPPER_ROOT;10367;14;10365;26;;;10378;21;10382;21;;;10372.5;0.0
yf_ZS=F_d0;18300;ASH_COATED_OSMIUM;10021;13;10017;18;;;10027;21;10031;21;;;10024.0;0.0
yf_ZS=F_d0;18300;INTARIAN_PEPPER_ROOT;10366;19;10363;14;;;10372;12;10376;20;;;10369.0;0.0
yf_ZS=F_d0;18400;ASH_COATED_OSMIUM;10021;16;10017;18;;;10027;16;10031;28;;;10024.0;0.0
yf_ZS=F_d0;18400;INTARIAN_PEPPER_ROOT;10360;5;10358;12;;;10375;24;10379;15;;;10367.5;0.0
yf_ZS=F_d0;18500;ASH_COATED_OSMIUM;10021;10;10018;24;;;10027;24;10031;18;;;10024.0;0.0
yf_ZS=F_d0;18500;INTARIAN_PEPPER_ROOT;10350;13;10347;22;;;10379;17;10382;19;;;10364.5;0.0
yf_ZS=F_d0;18600;ASH_COATED_OSMIUM;10021;17;10017;22;;;10027;8;10029;17;;;10024.0;0.0
yf_ZS=F_d0;18600;INTARIAN_PEPPER_ROOT;10356;6;10352;20;;;10369;19;10371;24;;;10362.5;0.0
yf_ZS=F_d0;18700;ASH_COATED_OSMIUM;10021;22;10018;19;;;10028;12;10032;21;;;10024.5;0.0
yf_ZS=F_d0;18700;INTARIAN_PEPPER_ROOT;10357;8;10355;26;;;10363;13;10366;16;;;10360.0;0.0
yf_ZS=F_d0;18800;ASH_COATED_OSMIUM;10021;11;10018;16;;;10027;9;10029;18;;;10024.0;0.0
yf_ZS=F_d0;18800;INTARIAN_PEPPER_ROOT;10354;5;10351;21;;;10360;13;10364;18;;;10357.0;0.0
yf_ZS=F_d0;18900;ASH_COATED_OSMIUM;10021;17;10019;20;;;10027;12;10031;23;;;10024.0;0.0
yf_ZS=F_d0;18900;INTARIAN_PEPPER_ROOT;10352;14;10350;24;;;10358;8;10360;19;;;10355.0;0.0
yf_ZS=F_d0;19000;ASH_COATED_OSMIUM;10020;12;10016;17;;;10028;17;10031;16;;;10024.0;0.0
yf_ZS=F_d0;19000;INTARIAN_PEPPER_ROOT;10350;13;10346;25;;;10356;17;10360;15;;;10353.0;0.0
yf_ZS=F_d0;19100;ASH_COATED_OSMIUM;10019;14;10017;19;;;10029;17;10032;20;;;10024.0;0.0
yf_ZS=F_d0;19100;INTARIAN_PEPPER_ROOT;10347;24;10345;17;;;10355;8;10357;23;;;10351.0;0.0
yf_ZS=F_d0;19200;ASH_COATED_OSMIUM;10019;13;10015;23;;;10030;12;10034;18;;;10024.5;0.0
yf_ZS=F_d0;19200;INTARIAN_PEPPER_ROOT;10345;13;10342;25;;;10351;13;10354;19;;;10348.0;0.0
yf_ZS=F_d0;19300;ASH_COATED_OSMIUM;10021;13;10019;13;;;10027;12;10030;9;;;10024.0;0.0
yf_ZS=F_d0;19300;INTARIAN_PEPPER_ROOT;10338;17;10335;21;;;10354;8;10356;9;;;10346.0;0.0
yf_ZS=F_d0;19400;ASH_COATED_OSMIUM;10021;22;10018;15;;;10027;10;10031;14;;;10024.0;0.0
yf_ZS=F_d0;19400;INTARIAN_PEPPER_ROOT;10338;11;10334;24;;;10349;20;10353;8;;;10343.5;0.0
yf_ZS=F_d0;19500;ASH_COATED_OSMIUM;10018;12;10015;24;;;10032;13;10034;23;;;10025.0;0.0
yf_ZS=F_d0;19500;INTARIAN_PEPPER_ROOT;10338;19;10335;29;;;10345;17;10349;22;;;10341.5;0.0
yf_ZS=F_d0;19600;ASH_COATED_OSMIUM;10009;19;10006;24;;;10040;7;10044;20;;;10024.5;0.0
yf_ZS=F_d0;19600;INTARIAN_PEPPER_ROOT;10329;11;10327;22;;;10347;19;10350;23;;;10338.0;0.0
yf_ZS=F_d0;19700;ASH_COATED_OSMIUM;10021;5;10017;16;;;10027;18;10029;25;;;10024.0;0.0
yf_ZS=F_d0;19700;INTARIAN_PEPPER_ROOT;10333;17;10329;26;;;10339;6;10342;25;;;10336.0;0.0
yf_ZS=F_d0;19800;ASH_COATED_OSMIUM;10022;14;10020;17;;;10028;21;10032;20;;;10025.0;0.0
yf_ZS=F_d0;19800;INTARIAN_PEPPER_ROOT;10330;16;10326;28;;;10340;7;10344;27;;;10335.0;0.0
yf_ZS=F_d0;19900;ASH_COATED_OSMIUM;10021;20;10017;25;;;10030;11;10032;19;;;10025.5;0.0
yf_ZS=F_d0;19900;INTARIAN_PEPPER_ROOT;10328;26;10326;19;;;10334;19;10336;22;;;10331.0;0.0
yf_ZS=F_d0;20000;ASH_COATED_OSMIUM;10022;17;10018;12;;;10028;14;10032;20;;;10025.0;0.0
yf_ZS=F_d0;20000;INTARIAN_PEPPER_ROOT;10317;19;10315;14;;;10341;9;10344;17;;;10329.0;0.0
yf_ZS=F_d0;20100;ASH_COATED_OSMIUM;10019;17;10017;19;;;10031;24;10035;13;;;10025.0;0.0
yf_ZS=F_d0;20100;INTARIAN_PEPPER_ROOT;10324;13;10320;21;;;10330;12;10334;20;;;10327.0;0.0
yf_ZS=F_d0;20200;ASH_COATED_OSMIUM;10023;18;10021;26;;;10029;11;10031;19;;;10026.0;0.0
yf_ZS=F_d0;20200;INTARIAN_PEPPER_ROOT;10321;14;10318;19;;;10328;18;10330;10;;;10324.5;0.0
yf_ZS=F_d0;20300;ASH_COATED_OSMIUM;10022;17;10018;26;;;10028;18;10030;20;;;10025.0;0.0
yf_ZS=F_d0;20300;INTARIAN_PEPPER_ROOT;10320;10;10316;24;;;10326;13;10329;22;;;10323.0;0.0
yf_ZS=F_d0;20400;ASH_COATED_OSMIUM;10022;12;10018;11;;;10028;8;10031;34;;;10025.0;0.0
yf_ZS=F_d0;20400;INTARIAN_PEPPER_ROOT;10317;11;10315;8;;;10323;12;10325;17;;;10320.0;0.0
yf_ZS=F_d0;20500;ASH_COATED_OSMIUM;10020;6;10018;8;;;10031;20;10033;24;;;10025.5;0.0
yf_ZS=F_d0;20500;INTARIAN_PEPPER_ROOT;10313;6;10309;12;;;10323;14;10326;17;;;10318.0;0.0
yf_ZS=F_d0;20600;ASH_COATED_OSMIUM;10022;17;10018;22;;;10028;12;10031;13;;;10025.0;0.0
yf_ZS=F_d0;20600;INTARIAN_PEPPER_ROOT;10311;22;10308;24;;;10319;15;10322;19;;;10315.0;0.0
yf_ZS=F_d0;20700;ASH_COATED_OSMIUM;10022;7;10020;25;;;10028;14;10031;16;;;10025.0;0.0
yf_ZS=F_d0;20700;INTARIAN_PEPPER_ROOT;10309;9;10305;30;;;10315;14;10317;9;;;10312.0;0.0
yf_ZS=F_d0;20800;ASH_COATED_OSMIUM;10017;22;10013;15;;;10034;8;10036;30;;;10025.5;0.0
yf_ZS=F_d0;20800;INTARIAN_PEPPER_ROOT;10301;20;10298;22;;;10320;16;10323;20;;;10310.5;0.0
yf_ZS=F_d0;20900;ASH_COATED_OSMIUM;10016;11;10014;19;;;10034;14;10036;19;;;10025.0;0.0
yf_ZS=F_d0;20900;INTARIAN_PEPPER_ROOT;10305;15;10303;20;;;10311;21;10313;22;;;10308.0;0.0
yf_ZS=F_d0;21000;ASH_COATED_OSMIUM;10021;11;10018;22;;;10031;7;10034;15;;;10026.0;0.0
yf_ZS=F_d0;21000;INTARIAN_PEPPER_ROOT;10303;13;10301;18;;;10309;15;10311;22;;;10306.0;0.0
yf_ZS=F_d0;21100;ASH_COATED_OSMIUM;10022;14;10020;26;;;10031;11;10033;15;;;10026.5;0.0
yf_ZS=F_d0;21100;INTARIAN_PEPPER_ROOT;10300;7;10296;25;;;10306;19;10309;18;;;10303.0;0.0
yf_ZS=F_d0;21200;ASH_COATED_OSMIUM;10020;19;10018;23;;;10032;7;10036;18;;;10026.0;0.0
yf_ZS=F_d0;21200;INTARIAN_PEPPER_ROOT;10297;10;10294;15;;;10303;16;10306;19;;;10300.0;0.0
yf_ZS=F_d0;21300;ASH_COATED_OSMIUM;10016;12;10012;31;;;10037;16;10040;14;;;10026.5;0.0
yf_ZS=F_d0;21300;INTARIAN_PEPPER_ROOT;10295;19;10291;23;;;10301;11;10304;20;;;10298.0;0.0
yf_ZS=F_d0;21400;ASH_COATED_OSMIUM;10023;5;10019;17;;;10029;19;10032;10;;;10026.0;0.0
yf_ZS=F_d0;21400;INTARIAN_PEPPER_ROOT;10293;16;10291;14;;;10299;18;10301;19;;;10296.0;0.0
yf_ZS=F_d0;21500;ASH_COATED_OSMIUM;10022;17;10019;17;;;10028;15;10031;25;;;10025.0;0.0
yf_ZS=F_d0;21500;INTARIAN_PEPPER_ROOT;10291;5;10288;13;;;10297;21;10301;24;;;10294.0;0.0
yf_ZS=F_d0;21600;ASH_COATED_OSMIUM;10023;18;10019;24;;;10029;5;10031;16;;;10026.0;0.0
yf_ZS=F_d0;21600;INTARIAN_PEPPER_ROOT;10285;18;10281;16;;;10298;14;10301;14;;;10291.5;0.0
yf_ZS=F_d0;21700;ASH_COATED_OSMIUM;10022;14;10018;26;;;10030;17;10032;13;;;10026.0;0.0
yf_ZS=F_d0;21700;INTARIAN_PEPPER_ROOT;10280;12;10278;19;;;10296;5;10298;26;;;10288.0;0.0
yf_ZS=F_d0;21800;ASH_COATED_OSMIUM;10019;13;10015;21;;;10034;10;10037;23;;;10026.5;0.0
yf_ZS=F_d0;21800;INTARIAN_PEPPER_ROOT;10279;7;10275;14;;;10293;9;10297;17;;;10286.0;0.0
yf_ZS=F_d0;21900;ASH_COATED_OSMIUM;10023;13;10021;22;;;10030;23;10034;19;;;10026.5;0.0
yf_ZS=F_d0;21900;INTARIAN_PEPPER_ROOT;10279;6;10276;21;;;10288;5;10290;22;;;10283.5;0.0
yf_ZS=F_d0;22000;ASH_COATED_OSMIUM;10023;5;10021;24;;;10029;15;10033;19;;;10026.0;0.0
yf_ZS=F_d0;22000;INTARIAN_PEPPER_ROOT;10278;19;10276;13;;;10286;15;10290;19;;;10282.0;0.0
yf_ZS=F_d0;22100;ASH_COATED_OSMIUM;10021;17;10017;19;;;10030;18;10034;13;;;10025.5;0.0
yf_ZS=F_d0;22100;INTARIAN_PEPPER_ROOT;10276;17;10273;16;;;10282;14;10285;26;;;10279.0;0.0
yf_ZS=F_d0;22200;ASH_COATED_OSMIUM;10023;14;10019;20;;;10029;15;10031;25;;;10026.0;0.0
yf_ZS=F_d0;22200;INTARIAN_PEPPER_ROOT;10272;21;10270;18;;;10282;11;10286;18;;;10277.0;0.0
yf_ZS=F_d0;22300;ASH_COATED_OSMIUM;10024;16;10020;22;;;10030;18;10033;17;;;10027.0;0.0
yf_ZS=F_d0;22300;INTARIAN_PEPPER_ROOT;10272;16;10269;19;;;10278;12;10281;16;;;10275.0;0.0
yf_ZS=F_d0;22400;ASH_COATED_OSMIUM;10012;15;10008;29;;;10041;10;10044;19;;;10026.5;0.0
yf_ZS=F_d0;22400;INTARIAN_PEPPER_ROOT;10269;11;10266;26;;;10275;14;10279;30;;;10272.0;0.0
yf_ZS=F_d0;22500;ASH_COATED_OSMIUM;10015;23;10011;10;;;10039;14;10043;14;;;10027.0;0.0
yf_ZS=F_d0;22500;INTARIAN_PEPPER_ROOT;10261;7;10257;24;;;10281;12;10285;13;;;10271.0;0.0
yf_ZS=F_d0;22600;ASH_COATED_OSMIUM;10020;15;10016;19;;;10034;17;10036;15;;;10027.0;0.0
yf_ZS=F_d0;22600;INTARIAN_PEPPER_ROOT;10265;18;10263;12;;;10271;20;10273;11;;;10268.0;0.0
yf_ZS=F_d0;22700;ASH_COATED_OSMIUM;10022;14;10018;18;;;10030;11;10033;26;;;10026.0;0.0
yf_ZS=F_d0;22700;INTARIAN_PEPPER_ROOT;10262;18;10260;29;;;10268;10;10270;15;;;10265.0;0.0
yf_ZS=F_d0;22800;ASH_COATED_OSMIUM;10023;24;10020;25;;;10029;14;10032;21;;;10026.0;0.0
yf_ZS=F_d0;22800;INTARIAN_PEPPER_ROOT;10259;18;10255;14;;;10266;14;10268;23;;;10262.5;0.0
yf_ZS=F_d0;22900;ASH_COATED_OSMIUM;10022;16;10018;22;;;10032;16;10036;17;;;10027.0;0.0
yf_ZS=F_d0;22900;INTARIAN_PEPPER_ROOT;10256;18;10254;15;;;10264;12;10268;25;;;10260.0;0.0
yf_ZS=F_d0;23000;ASH_COATED_OSMIUM;10024;7;10020;22;;;10030;23;10032;27;;;10027.0;0.0
yf_ZS=F_d0;23000;INTARIAN_PEPPER_ROOT;10254;5;10250;18;;;10260;5;10263;19;;;10257.0;0.0
yf_ZS=F_d0;23100;ASH_COATED_OSMIUM;10023;17;10020;21;;;10029;11;10032;24;;;10026.0;0.0
yf_ZS=F_d0;23100;INTARIAN_PEPPER_ROOT;10253;17;10249;19;;;10259;16;10263;23;;;10256.0;0.0
yf_ZS=F_d0;23200;ASH_COATED_OSMIUM;10022;9;10020;19;;;10031;14;10033;15;;;10026.5;0.0
yf_ZS=F_d0;23200;INTARIAN_PEPPER_ROOT;10249;7;10245;12;;;10257;16;10260;18;;;10253.0;0.0
yf_ZS=F_d0;23300;ASH_COATED_OSMIUM;10024;19;10022;13;;;10030;11;10033;26;;;10027.0;0.0
yf_ZS=F_d0;23300;INTARIAN_PEPPER_ROOT;10249;14;10245;8;;;10255;10;10259;18;;;10252.0;0.0
yf_ZS=F_d0;23400;ASH_COATED_OSMIUM;10021;14;10018;15;;;10034;13;10037;29;;;10027.5;0.0
yf_ZS=F_d0;23400;INTARIAN_PEPPER_ROOT;10246;15;10242;16;;;10252;17;10256;19;;;10249.0;0.0
yf_ZS=F_d0;23500;ASH_COATED_OSMIUM;10024;14;10021;12;;;10030;10;10034;11;;;10027.0;0.0
yf_ZS=F_d0;23500;INTARIAN_PEPPER_ROOT;10243;22;10239;28;;;10249;15;10253;25;;;10246.0;0.0
yf_ZS=F_d0;23600;ASH_COATED_OSMIUM;10024;16;10022;17;;;10030;18;10033;16;;;10027.0;0.0
yf_ZS=F_d0;23600;INTARIAN_PEPPER_ROOT;10237;17;10233;20;;;10251;10;10254;17;;;10244.0;0.0
yf_ZS=F_d0;23700;ASH_COATED_OSMIUM;10017;14;10014;24;;;10037;7;10041;22;;;10027.0;0.0
yf_ZS=F_d0;23700;INTARIAN_PEPPER_ROOT;10238;20;10236;21;;;10244;9;10247;14;;;10241.0;0.0
yf_ZS=F_d0;23800;ASH_COATED_OSMIUM;10023;20;10021;18;;;10031;7;10035;19;;;10027.0;0.0
yf_ZS=F_d0;23800;INTARIAN_PEPPER_ROOT;10234;12;10232;21;;;10244;18;10246;22;;;10239.0;0.0
yf_ZS=F_d0;23900;ASH_COATED_OSMIUM;10024;14;10021;26;;;10032;19;10034;21;;;10028.0;0.0
yf_ZS=F_d0;23900;INTARIAN_PEPPER_ROOT;10234;11;10232;27;;;10240;12;10242;20;;;10237.0;0.0
yf_ZS=F_d0;24000;ASH_COATED_OSMIUM;10023;17;10020;19;;;10034;11;10036;14;;;10028.5;0.0
yf_ZS=F_d0;24000;INTARIAN_PEPPER_ROOT;10232;24;10229;18;;;10238;15;10242;12;;;10235.0;0.0
yf_ZS=F_d0;24100;ASH_COATED_OSMIUM;10023;13;10021;22;;;10031;13;10035;11;;;10027.0;0.0
yf_ZS=F_d0;24100;INTARIAN_PEPPER_ROOT;10229;5;10227;18;;;10235;8;10239;20;;;10232.0;0.0
yf_ZS=F_d0;24200;ASH_COATED_OSMIUM;10024;21;10020;18;;;10030;14;10034;23;;;10027.0;0.0
yf_ZS=F_d0;24200;INTARIAN_PEPPER_ROOT;10226;15;10222;20;;;10234;22;10237;21;;;10230.0;0.0
yf_ZS=F_d0;24300;ASH_COATED_OSMIUM;10025;18;10021;22;;;10031;14;10034;21;;;10028.0;0.0
yf_ZS=F_d0;24300;INTARIAN_PEPPER_ROOT;10224;20;10220;23;;;10230;9;10234;8;;;10227.0;0.0
yf_ZS=F_d0;24400;ASH_COATED_OSMIUM;10025;20;10023;28;;;10031;15;10035;23;;;10028.0;0.0
yf_ZS=F_d0;24400;INTARIAN_PEPPER_ROOT;10220;8;10216;21;;;10228;16;10231;19;;;10224.0;0.0
yf_ZS=F_d0;24500;ASH_COATED_OSMIUM;10022;18;10018;32;;;10033;17;10035;17;;;10027.5;0.0
yf_ZS=F_d0;24500;INTARIAN_PEPPER_ROOT;10213;8;10211;12;;;10231;6;10235;35;;;10222.0;0.0
yf_ZS=F_d0;24600;ASH_COATED_OSMIUM;10025;5;10022;12;;;10031;19;10033;15;;;10028.0;0.0
yf_ZS=F_d0;24600;INTARIAN_PEPPER_ROOT;10214;17;10211;18;;;10226;14;10230;20;;;10220.0;0.0
yf_ZS=F_d0;24700;ASH_COATED_OSMIUM;10025;20;10023;17;;;10031;14;10035;30;;;10028.0;0.0
yf_ZS=F_d0;24700;INTARIAN_PEPPER_ROOT;10214;6;10212;19;;;10222;10;10226;27;;;10218.0;0.0
yf_ZS=F_d0;24800;ASH_COATED_OSMIUM;10025;13;10023;23;;;10031;7;10035;18;;;10028.0;0.0
yf_ZS=F_d0;24800;INTARIAN_PEPPER_ROOT;10211;14;10208;21;;;10219;17;10223;21;;;10215.0;0.0
yf_ZS=F_d0;24900;ASH_COATED_OSMIUM;10024;20;10020;12;;;10032;17;10034;21;;;10028.0;0.0
yf_ZS=F_d0;24900;INTARIAN_PEPPER_ROOT;10208;17;10204;25;;;10218;16;10222;15;;;10213.0;0.0
yf_ZS=F_d0;25000;ASH_COATED_OSMIUM;10008;12;10005;19;;;10049;19;10053;22;;;10028.5;0.0
yf_ZS=F_d0;25000;INTARIAN_PEPPER_ROOT;10207;11;10204;26;;;10213;11;10216;19;;;10210.0;0.0
yf_ZS=F_d0;25100;ASH_COATED_OSMIUM;10025;20;10021;19;;;10031;11;10033;11;;;10028.0;0.0
yf_ZS=F_d0;25100;INTARIAN_PEPPER_ROOT;10205;8;10202;18;;;10211;14;10213;14;;;10208.0;0.0
yf_ZS=F_d0;25200;ASH_COATED_OSMIUM;10025;21;10023;12;;;10031;21;10033;14;;;10028.0;0.0
yf_ZS=F_d0;25200;INTARIAN_PEPPER_ROOT;10203;17;10201;14;;;10209;7;10213;15;;;10206.0;0.0
yf_ZS=F_d0;25300;ASH_COATED_OSMIUM;10019;13;10017;18;;;10038;7;10040;24;;;10028.5;0.0
yf_ZS=F_d0;25300;INTARIAN_PEPPER_ROOT;10194;13;10190;19;;;10213;19;10216;19;;;10203.5;0.0
yf_ZS=F_d0;25400;ASH_COATED_OSMIUM;10025;14;10021;15;;;10031;9;10034;26;;;10028.0;0.0
yf_ZS=F_d0;25400;INTARIAN_PEPPER_ROOT;10170;13;10168;17;;;10231;18;10234;26;;;10200.5;0.0
yf_ZS=F_d0;25500;ASH_COATED_OSMIUM;10026;13;10023;16;;;10032;18;10034;22;;;10029.0;0.0
yf_ZS=F_d0;25500;INTARIAN_PEPPER_ROOT;10196;12;10194;18;;;10202;10;10206;25;;;10199.0;0.0
yf_ZS=F_d0;25600;ASH_COATED_OSMIUM;10026;15;10023;22;;;10032;5;10036;17;;;10029.0;0.0
yf_ZS=F_d0;25600;INTARIAN_PEPPER_ROOT;10193;18;10191;21;;;10199;13;10201;17;;;10196.0;0.0
yf_ZS=F_d0;25700;ASH_COATED_OSMIUM;10024;17;10021;21;;;10034;9;10036;12;;;10029.0;0.0
yf_ZS=F_d0;25700;INTARIAN_PEPPER_ROOT;10191;13;10187;17;;;10197;9;10199;13;;;10194.0;0.0
yf_ZS=F_d0;25800;ASH_COATED_OSMIUM;10018;25;10014;17;;;10039;19;10043;13;;;10028.5;0.0
yf_ZS=F_d0;25800;INTARIAN_PEPPER_ROOT;10189;15;10185;14;;;10195;18;10198;21;;;10192.0;0.0
yf_ZS=F_d0;25900;ASH_COATED_OSMIUM;10026;5;10024;17;;;10032;7;10036;22;;;10029.0;0.0
yf_ZS=F_d0;25900;INTARIAN_PEPPER_ROOT;10181;16;10178;20;;;10197;6;10199;20;;;10189.0;0.0
yf_ZS=F_d0;26000;ASH_COATED_OSMIUM;10026;20;10024;30;;;10032;14;10034;20;;;10029.0;0.0
yf_ZS=F_d0;26000;INTARIAN_PEPPER_ROOT;10184;19;10182;20;;;10190;19;10192;19;;;10187.0;0.0
yf_ZS=F_d0;26100;ASH_COATED_OSMIUM;10026;17;10024;22;;;10032;11;10035;26;;;10029.0;0.0
yf_ZS=F_d0;26100;INTARIAN_PEPPER_ROOT;10180;15;10176;15;;;10188;10;10192;14;;;10184.0;0.0
yf_ZS=F_d0;26200;ASH_COATED_OSMIUM;10021;16;10017;22;;;10037;17;10041;19;;;10029.0;0.0
yf_ZS=F_d0;26200;INTARIAN_PEPPER_ROOT;10178;16;10174;22;;;10185;15;10187;20;;;10181.5;0.0
yf_ZS=F_d0;26300;ASH_COATED_OSMIUM;10026;22;10023;26;;;10032;24;10034;8;;;10029.0;0.0
yf_ZS=F_d0;26300;INTARIAN_PEPPER_ROOT;10176;20;10174;20;;;10182;10;10186;20;;;10179.0;0.0
yf_ZS=F_d0;26400;ASH_COATED_OSMIUM;10027;15;10024;19;;;10033;11;10037;21;;;10030.0;0.0
yf_ZS=F_d0;26400;INTARIAN_PEPPER_ROOT;10175;11;10173;21;;;10181;26;10183;17;;;10178.0;0.0
yf_ZS=F_d0;26500;ASH_COATED_OSMIUM;10026;22;10022;23;;;10032;23;10034;20;;;10029.0;0.0
yf_ZS=F_d0;26500;INTARIAN_PEPPER_ROOT;10172;19;10168;17;;;10178;20;10182;16;;;10175.0;0.0
yf_ZS=F_d0;26600;ASH_COATED_OSMIUM;10024;12;10022;9;;;10034;18;10037;21;;;10029.0;0.0
yf_ZS=F_d0;26600;INTARIAN_PEPPER_ROOT;10169;17;10165;15;;;10175;13;10178;8;;;10172.0;0.0
yf_ZS=F_d0;26700;ASH_COATED_OSMIUM;10026;16;10022;20;;;10032;10;10036;20;;;10029.0;0.0
yf_ZS=F_d0;26700;INTARIAN_PEPPER_ROOT;10167;9;10163;16;;;10173;19;10177;24;;;10170.0;0.0
yf_ZS=F_d0;26800;ASH_COATED_OSMIUM;10025;20;10021;23;;;10035;8;10038;29;;;10030.0;0.0
yf_ZS=F_d0;26800;INTARIAN_PEPPER_ROOT;10165;16;10163;32;;;10171;8;10175;12;;;10168.0;0.0
yf_ZS=F_d0;26900;ASH_COATED_OSMIUM;10022;17;10019;18;;;10038;14;10040;14;;;10030.0;0.0
yf_ZS=F_d0;26900;INTARIAN_PEPPER_ROOT;10156;19;10152;21;;;10176;9;10179;25;;;10166.0;0.0
yf_ZS=F_d0;27000;ASH_COATED_OSMIUM;10026;13;10023;15;;;10032;7;10034;18;;;10029.0;0.0
yf_ZS=F_d0;27000;INTARIAN_PEPPER_ROOT;10156;17;10154;19;;;10170;8;10172;21;;;10163.0;0.0
yf_ZS=F_d0;27100;ASH_COATED_OSMIUM;10026;5;10022;23;;;10034;11;10038;21;;;10030.0;0.0
yf_ZS=F_d0;27100;INTARIAN_PEPPER_ROOT;10156;10;10152;19;;;10166;10;10168;15;;;10161.0;0.0
yf_ZS=F_d0;27200;ASH_COATED_OSMIUM;10027;11;10023;20;;;10033;20;10036;24;;;10030.0;0.0
yf_ZS=F_d0;27200;INTARIAN_PEPPER_ROOT;10155;16;10151;22;;;10162;22;10164;22;;;10158.5;0.0
yf_ZS=F_d0;27300;ASH_COATED_OSMIUM;10027;19;10024;23;;;10033;17;10036;27;;;10030.0;0.0
yf_ZS=F_d0;27300;INTARIAN_PEPPER_ROOT;10153;13;10151;20;;;10159;15;10163;20;;;10156.0;0.0
yf_ZS=F_d0;27400;ASH_COATED_OSMIUM;10027;13;10025;10;;;10033;5;10035;25;;;10030.0;0.0
yf_ZS=F_d0;27400;INTARIAN_PEPPER_ROOT;10151;11;10149;15;;;10157;16;10160;19;;;10154.0;0.0
yf_ZS=F_d0;27500;ASH_COATED_OSMIUM;10023;12;10019;13;;;10038;8;10040;25;;;10030.5;0.0
yf_ZS=F_d0;27500;INTARIAN_PEPPER_ROOT;10149;21;10145;31;;;10155;16;10157;18;;;10152.0;0.0
yf_ZS=F_d0;27600;ASH_COATED_OSMIUM;10026;14;10024;16;;;10032;12;10034;15;;;10029.0;0.0
yf_ZS=F_d0;27600;INTARIAN_PEPPER_ROOT;10146;18;10142;11;;;10152;23;10156;27;;;10149.0;0.0
yf_ZS=F_d0;27700;ASH_COATED_OSMIUM;10027;17;10024;29;;;10033;16;10035;24;;;10030.0;0.0
yf_ZS=F_d0;27700;INTARIAN_PEPPER_ROOT;10139;15;10137;28;;;10155;9;10158;16;;;10147.0;0.0
yf_ZS=F_d0;27800;ASH_COATED_OSMIUM;10027;14;10023;26;;;10033;14;10035;23;;;10030.0;0.0
yf_ZS=F_d0;27800;INTARIAN_PEPPER_ROOT;10141;6;10139;17;;;10147;20;10149;15;;;10144.0;0.0
yf_ZS=F_d0;27900;ASH_COATED_OSMIUM;10027;14;10024;16;;;10033;15;10035;19;;;10030.0;0.0
yf_ZS=F_d0;27900;INTARIAN_PEPPER_ROOT;10139;16;10136;16;;;10145;21;10148;22;;;10142.0;0.0
yf_ZS=F_d0;28000;ASH_COATED_OSMIUM;10027;18;10023;13;;;10033;14;10035;20;;;10030.0;0.0
yf_ZS=F_d0;28000;INTARIAN_PEPPER_ROOT;10137;14;10135;11;;;10143;12;10145;16;;;10140.0;0.0
yf_ZS=F_d0;28100;ASH_COATED_OSMIUM;10020;19;10017;26;;;10041;13;10045;20;;;10030.5;0.0
yf_ZS=F_d0;28100;INTARIAN_PEPPER_ROOT;10133;15;10131;19;;;10140;11;10142;12;;;10136.5;0.0
yf_ZS=F_d0;28200;ASH_COATED_OSMIUM;10028;16;10025;22;;;10034;12;10038;14;;;10031.0;0.0
yf_ZS=F_d0;28200;INTARIAN_PEPPER_ROOT;10120;10;10117;29;;;10150;14;10153;20;;;10135.0;0.0
yf_ZS=F_d0;28300;ASH_COATED_OSMIUM;10028;10;10025;20;;;10034;12;10038;16;;;10031.0;0.0
yf_ZS=F_d0;28300;INTARIAN_PEPPER_ROOT;10129;21;10125;22;;;10135;10;10137;20;;;10132.0;0.0
yf_ZS=F_d0;28400;ASH_COATED_OSMIUM;10028;20;10025;16;;;10034;19;10038;15;;;10031.0;0.0
yf_ZS=F_d0;28400;INTARIAN_PEPPER_ROOT;10123;9;10121;18;;;10138;5;10140;28;;;10130.5;0.0
yf_ZS=F_d0;28500;ASH_COATED_OSMIUM;10027;12;10024;8;;;10033;16;10035;19;;;10030.0;0.0
yf_ZS=F_d0;28500;INTARIAN_PEPPER_ROOT;10124;14;10121;14;;;10130;7;10134;31;;;10127.0;0.0
yf_ZS=F_d0;28600;ASH_COATED_OSMIUM;10016;11;10012;20;;;10045;5;10048;23;;;10030.5;0.0
yf_ZS=F_d0;28600;INTARIAN_PEPPER_ROOT;10115;13;10113;21;;;10135;20;10137;21;;;10125.0;0.0
yf_ZS=F_d0;28700;ASH_COATED_OSMIUM;10028;15;10025;15;;;10034;14;10037;25;;;10031.0;0.0
yf_ZS=F_d0;28700;INTARIAN_PEPPER_ROOT;10119;14;10117;22;;;10125;16;10128;22;;;10122.0;0.0
yf_ZS=F_d0;28800;ASH_COATED_OSMIUM;10028;12;10026;14;;;10034;23;10036;26;;;10031.0;0.0
yf_ZS=F_d0;28800;INTARIAN_PEPPER_ROOT;10101;6;10099;21;;;10140;15;10144;17;;;10120.5;0.0
yf_ZS=F_d0;28900;ASH_COATED_OSMIUM;10028;15;10024;14;;;10034;21;10037;16;;;10031.0;0.0
yf_ZS=F_d0;28900;INTARIAN_PEPPER_ROOT;10113;10;10110;18;;;10122;10;10126;31;;;10117.5;0.0
yf_ZS=F_d0;29000;ASH_COATED_OSMIUM;10028;16;10026;17;;;10034;17;10038;9;;;10031.0;0.0
yf_ZS=F_d0;29000;INTARIAN_PEPPER_ROOT;10100;17;10096;21;;;10130;13;10134;21;;;10115.0;0.0
yf_ZS=F_d0;29100;ASH_COATED_OSMIUM;10028;20;10024;9;;;10034;16;10036;15;;;10031.0;0.0
yf_ZS=F_d0;29100;INTARIAN_PEPPER_ROOT;10110;17;10107;17;;;10116;18;10120;23;;;10113.0;0.0
yf_ZS=F_d0;29200;ASH_COATED_OSMIUM;10028;12;10024;21;;;10034;11;10038;23;;;10031.0;0.0
yf_ZS=F_d0;29200;INTARIAN_PEPPER_ROOT;10108;21;10105;29;;;10114;19;10116;21;;;10111.0;0.0
yf_ZS=F_d0;29300;ASH_COATED_OSMIUM;10028;11;10025;20;;;10035;19;10038;8;;;10031.5;0.0
yf_ZS=F_d0;29300;INTARIAN_PEPPER_ROOT;10099;7;10096;22;;;10118;10;10122;24;;;10108.5;0.0
yf_ZS=F_d0;29400;ASH_COATED_OSMIUM;10028;11;10024;17;;;10035;11;10037;22;;;10031.5;0.0
yf_ZS=F_d0;29400;INTARIAN_PEPPER_ROOT;10096;16;10092;24;;;10115;15;10119;19;;;10105.5;0.0
yf_ZS=F_d0;29500;ASH_COATED_OSMIUM;10028;10;10026;19;;;10034;9;10036;13;;;10031.0;0.0
yf_ZS=F_d0;29500;INTARIAN_PEPPER_ROOT;10100;10;10096;19;;;10106;5;10110;25;;;10103.0;0.0
yf_ZS=F_d0;29600;ASH_COATED_OSMIUM;10029;14;10025;16;;;10035;16;10037;25;;;10032.0;0.0
yf_ZS=F_d0;29600;INTARIAN_PEPPER_ROOT;10098;16;10095;25;;;10104;13;10108;15;;;10101.0;0.0
yf_ZS=F_d0;29700;ASH_COATED_OSMIUM;10026;17;10023;11;;;10037;12;10039;17;;;10031.5;0.0
yf_ZS=F_d0;29700;INTARIAN_PEPPER_ROOT;10085;15;10081;21;;;10112;21;10114;14;;;10098.5;0.0
yf_ZS=F_d0;29800;ASH_COATED_OSMIUM;10013;19;10009;14;;;10050;10;10052;26;;;10031.5;0.0
yf_ZS=F_d0;29800;INTARIAN_PEPPER_ROOT;10086;17;10082;20;;;10109;19;10111;20;;;10097.5;0.0
yf_ZS=F_d0;29900;ASH_COATED_OSMIUM;10024;22;10020;17;;;10039;13;10042;28;;;10031.5;0.0
yf_ZS=F_d0;29900;INTARIAN_PEPPER_ROOT;10091;22;10088;14;;;10097;12;10100;12;;;10094.0;0.0
yf_ZS=F_d0;30000;ASH_COATED_OSMIUM;10028;23;10025;19;;;10034;20;10036;12;;;10031.0;0.0
yf_ZS=F_d0;30000;INTARIAN_PEPPER_ROOT;10089;17;10085;13;;;10095;20;10098;26;;;10092.0;0.0
yf_ZS=F_d0;30100;ASH_COATED_OSMIUM;10028;16;10024;20;;;10034;9;10038;13;;;10031.0;0.0
yf_ZS=F_d0;30100;INTARIAN_PEPPER_ROOT;10086;17;10082;17;;;10092;17;10094;15;;;10089.0;0.0
yf_ZS=F_d0;30200;ASH_COATED_OSMIUM;10029;15;10027;18;;;10035;14;10038;20;;;10032.0;0.0
yf_ZS=F_d0;30200;INTARIAN_PEPPER_ROOT;10084;12;10081;18;;;10090;19;10092;21;;;10087.0;0.0
yf_ZS=F_d0;30300;ASH_COATED_OSMIUM;10026;11;10023;20;;;10038;5;10042;20;;;10032.0;0.0
yf_ZS=F_d0;30300;INTARIAN_PEPPER_ROOT;10082;27;10079;20;;;10088;23;10092;20;;;10085.0;0.0
yf_ZS=F_d0;30400;ASH_COATED_OSMIUM;10029;21;10027;21;;;10035;18;10039;23;;;10032.0;0.0
yf_ZS=F_d0;30400;INTARIAN_PEPPER_ROOT;10078;10;10076;20;;;10087;23;10089;18;;;10082.5;0.0
yf_ZS=F_d0;30500;ASH_COATED_OSMIUM;10026;17;10024;25;;;10038;12;10040;29;;;10032.0;0.0
yf_ZS=F_d0;30500;INTARIAN_PEPPER_ROOT;10077;9;10074;10;;;10083;7;10085;15;;;10080.0;0.0
yf_ZS=F_d0;30600;ASH_COATED_OSMIUM;10029;9;10025;13;;;10035;12;10038;20;;;10032.0;0.0
yf_ZS=F_d0;30600;INTARIAN_PEPPER_ROOT;10067;13;10063;15;;;10088;21;10091;18;;;10077.5;0.0
yf_ZS=F_d0;30700;ASH_COATED_OSMIUM;10029;19;10025;29;;;10035;17;10037;15;;;10032.0;0.0
yf_ZS=F_d0;30700;INTARIAN_PEPPER_ROOT;10069;13;10067;23;;;10081;15;10084;18;;;10075.0;0.0
yf_ZS=F_d0;30800;ASH_COATED_OSMIUM;10024;23;10021;18;;;10041;12;10045;20;;;10032.5;0.0
yf_ZS=F_d0;30800;INTARIAN_PEPPER_ROOT;10064;12;10060;21;;;10081;14;10085;23;;;10072.5;0.0
yf_ZS=F_d0;30900;ASH_COATED_OSMIUM;10027;7;10024;19;;;10038;13;10040;19;;;10032.5;0.0
yf_ZS=F_d0;30900;INTARIAN_PEPPER_ROOT;10066;15;10064;21;;;10075;19;10079;16;;;10070.5;0.0
yf_ZS=F_d0;31000;ASH_COATED_OSMIUM;10030;11;10028;17;;;10036;23;10039;28;;;10033.0;0.0
yf_ZS=F_d0;31000;INTARIAN_PEPPER_ROOT;10065;22;10063;22;;;10071;11;10075;22;;;10068.0;0.0
yf_ZS=F_d0;31100;ASH_COATED_OSMIUM;10029;10;10026;25;;;10035;17;10039;15;;;10032.0;0.0
yf_ZS=F_d0;31100;INTARIAN_PEPPER_ROOT;10063;18;10060;23;;;10069;14;10073;28;;;10066.0;0.0
yf_ZS=F_d0;31200;ASH_COATED_OSMIUM;10029;9;10026;20;;;10035;26;10038;23;;;10032.0;0.0
yf_ZS=F_d0;31200;INTARIAN_PEPPER_ROOT;10058;16;10055;27;;;10068;18;10071;22;;;10063.0;0.0
yf_ZS=F_d0;31300;ASH_COATED_OSMIUM;10030;15;10027;29;;;10037;15;10039;12;;;10033.5;0.0
yf_ZS=F_d0;31300;INTARIAN_PEPPER_ROOT;10055;13;10053;22;;;10066;5;10070;23;;;10060.5;0.0
yf_ZS=F_d0;31400;ASH_COATED_OSMIUM;10029;8;10025;20;;;10036;10;10040;23;;;10032.5;0.0
yf_ZS=F_d0;31400;INTARIAN_PEPPER_ROOT;10054;13;10050;27;;;10063;14;10067;21;;;10058.5;0.0
yf_ZS=F_d0;31500;ASH_COATED_OSMIUM;10028;12;10026;21;;;10037;15;10039;15;;;10032.5;0.0
yf_ZS=F_d0;31500;INTARIAN_PEPPER_ROOT;10053;7;10050;11;;;10059;12;10062;19;;;10056.0;0.0
yf_ZS=F_d0;31600;ASH_COATED_OSMIUM;10029;18;10027;14;;;10035;11;10039;18;;;10032.0;0.0
yf_ZS=F_d0;31600;INTARIAN_PEPPER_ROOT;10045;9;10043;12;;;10063;17;10066;21;;;10054.0;0.0
yf_ZS=F_d0;31700;ASH_COATED_OSMIUM;10030;13;10026;22;;;10036;27;10038;19;;;10033.0;0.0
yf_ZS=F_d0;31700;INTARIAN_PEPPER_ROOT;10040;18;10037;17;;;10063;17;10065;23;;;10051.5;0.0
yf_ZS=F_d0;31800;ASH_COATED_OSMIUM;10026;12;10024;28;;;10041;5;10045;22;;;10033.5;0.0
yf_ZS=F_d0;31800;INTARIAN_PEPPER_ROOT;10041;16;10037;18;;;10058;14;10062;22;;;10049.5;0.0
yf_ZS=F_d0;31900;ASH_COATED_OSMIUM;10030;9;10027;23;;;10036;18;10038;19;;;10033.0;0.0
yf_ZS=F_d0;31900;INTARIAN_PEPPER_ROOT;10044;17;10042;25;;;10050;12;10054;22;;;10047.0;0.0
yf_ZS=F_d0;32000;ASH_COATED_OSMIUM;10030;21;10028;18;;;10036;8;10039;21;;;10033.0;0.0
yf_ZS=F_d0;32000;INTARIAN_PEPPER_ROOT;10041;5;10039;17;;;10047;18;10049;22;;;10044.0;0.0
yf_ZS=F_d0;32100;ASH_COATED_OSMIUM;10030;19;10028;12;;;10036;17;10038;18;;;10033.0;0.0
yf_ZS=F_d0;32100;INTARIAN_PEPPER_ROOT;10039;6;10037;27;;;10045;14;10048;28;;;10042.0;0.0
yf_ZS=F_d0;32200;ASH_COATED_OSMIUM;10030;11;10027;20;;;10036;5;10038;23;;;10033.0;0.0
yf_ZS=F_d0;32200;INTARIAN_PEPPER_ROOT;10034;13;10032;16;;;10044;7;10047;20;;;10039.0;0.0
yf_ZS=F_d0;32300;ASH_COATED_OSMIUM;10030;12;10026;17;;;10036;18;10038;12;;;10033.0;0.0
yf_ZS=F_d0;32300;INTARIAN_PEPPER_ROOT;10033;19;10031;27;;;10043;20;10047;9;;;10038.0;0.0
yf_ZS=F_d0;32400;ASH_COATED_OSMIUM;10022;18;10019;19;;;10045;17;10047;29;;;10033.5;0.0
yf_ZS=F_d0;32400;INTARIAN_PEPPER_ROOT;10030;5;10027;24;;;10039;22;10042;22;;;10034.5;0.0
yf_ZS=F_d0;32500;ASH_COATED_OSMIUM;10028;13;10024;13;;;10037;21;10041;24;;;10032.5;0.0
yf_ZS=F_d0;32500;INTARIAN_PEPPER_ROOT;10027;6;10025;16;;;10039;14;10043;23;;;10033.0;0.0
yf_ZS=F_d0;32600;ASH_COATED_OSMIUM;10028;18;10025;20;;;10040;19;10044;15;;;10034.0;0.0
yf_ZS=F_d0;32600;INTARIAN_PEPPER_ROOT;10027;15;10025;19;;;10033;21;10036;14;;;10030.0;0.0
yf_ZS=F_d0;32700;ASH_COATED_OSMIUM;10030;11;10028;10;;;10036;18;10038;18;;;10033.0;0.0
yf_ZS=F_d0;32700;INTARIAN_PEPPER_ROOT;10025;20;10022;24;;;10031;15;10034;22;;;10028.0;0.0
yf_ZS=F_d0;32800;ASH_COATED_OSMIUM;10031;16;10027;19;;;10037;15;10041;20;;;10034.0;0.0
yf_ZS=F_d0;32800;INTARIAN_PEPPER_ROOT;10022;12;10018;28;;;10028;19;10030;21;;;10025.0;0.0
yf_ZS=F_d0;32900;ASH_COATED_OSMIUM;10031;13;10027;13;;;10037;20;10040;25;;;10034.0;0.0
yf_ZS=F_d0;32900;INTARIAN_PEPPER_ROOT;10017;15;10013;8;;;10028;19;10032;16;;;10022.5;0.0
yf_ZS=F_d0;33000;ASH_COATED_OSMIUM;10029;20;10026;22;;;10038;5;10040;17;;;10033.5;0.0
yf_ZS=F_d0;33000;INTARIAN_PEPPER_ROOT;10007;11;10005;17;;;10033;5;10037;28;;;10020.0;0.0
yf_ZS=F_d0;33100;ASH_COATED_OSMIUM;10030;5;10027;23;;;10036;5;10040;19;;;10033.0;0.0
yf_ZS=F_d0;33100;INTARIAN_PEPPER_ROOT;10015;14;10012;21;;;10021;16;10025;24;;;10018.0;0.0
yf_ZS=F_d0;33200;ASH_COATED_OSMIUM;10031;16;10029;23;;;10037;15;10041;21;;;10034.0;0.0
yf_ZS=F_d0;33200;INTARIAN_PEPPER_ROOT;10013;7;10009;27;;;10019;15;10021;20;;;10016.0;0.0
yf_ZS=F_d0;33300;ASH_COATED_OSMIUM;10026;12;10023;18;;;10042;18;10046;24;;;10034.0;0.0
yf_ZS=F_d0;33300;INTARIAN_PEPPER_ROOT;10011;11;10008;25;;;10017;16;10019;22;;;10014.0;0.0
yf_ZS=F_d0;33400;ASH_COATED_OSMIUM;10031;20;10028;20;;;10037;10;10040;30;;;10034.0;0.0
yf_ZS=F_d0;33400;INTARIAN_PEPPER_ROOT;10008;8;10006;25;;;10014;15;10017;25;;;10011.0;0.0
yf_ZS=F_d0;33500;ASH_COATED_OSMIUM;10030;17;10026;25;;;10039;22;10041;20;;;10034.5;0.0
yf_ZS=F_d0;33500;INTARIAN_PEPPER_ROOT;10006;20;10003;18;;;10012;5;10016;14;;;10009.0;0.0
yf_ZS=F_d0;33600;ASH_COATED_OSMIUM;10031;17;10029;25;;;10037;15;10041;19;;;10034.0;0.0
yf_ZS=F_d0;33600;INTARIAN_PEPPER_ROOT;10004;12;10001;12;;;10010;13;10014;24;;;10007.0;0.0
yf_ZS=F_d0;33700;ASH_COATED_OSMIUM;10031;15;10029;17;;;10037;10;10041;20;;;10034.0;0.0
yf_ZS=F_d0;33700;INTARIAN_PEPPER_ROOT;10001;24;9999;24;;;10007;27;10009;16;;;10004.0;0.0
yf_ZS=F_d0;33800;ASH_COATED_OSMIUM;10031;12;10028;13;;;10037;12;10041;22;;;10034.0;0.0
yf_ZS=F_d0;33800;INTARIAN_PEPPER_ROOT;9999;6;9995;19;;;10005;16;10007;22;;;10002.0;0.0
yf_ZS=F_d0;33900;ASH_COATED_OSMIUM;10031;9;10029;22;;;10037;22;10039;22;;;10034.0;0.0
yf_ZS=F_d0;33900;INTARIAN_PEPPER_ROOT;9986;19;9984;16;;;10012;9;10016;14;;;9999.0;0.0
yf_ZS=F_d0;34000;ASH_COATED_OSMIUM;10031;15;10027;21;;;10038;21;10040;16;;;10034.5;0.0
yf_ZS=F_d0;34000;INTARIAN_PEPPER_ROOT;9995;10;9993;20;;;10010;13;10013;17;;;10002.5;0.0
yf_ZS=F_d0;34100;ASH_COATED_OSMIUM;10031;12;10028;28;;;10037;16;10041;23;;;10034.0;0.0
yf_ZS=F_d0;34100;INTARIAN_PEPPER_ROOT;9995;11;9993;24;;;10014;21;10016;19;;;10004.5;0.0
yf_ZS=F_d0;34200;ASH_COATED_OSMIUM;10031;11;10027;19;;;10037;12;10040;19;;;10034.0;0.0
yf_ZS=F_d0;34200;INTARIAN_PEPPER_ROOT;10004;15;10000;26;;;10010;14;10013;15;;;10007.0;0.0
yf_ZS=F_d0;34300;ASH_COATED_OSMIUM;10032;17;10029;11;;;10038;16;10040;25;;;10035.0;0.0
yf_ZS=F_d0;34300;INTARIAN_PEPPER_ROOT;10001;18;9998;19;;;10019;25;10023;15;;;10010.0;0.0
yf_ZS=F_d0;34400;ASH_COATED_OSMIUM;10031;14;10028;18;;;10037;17;10039;14;;;10034.0;0.0
yf_ZS=F_d0;34400;INTARIAN_PEPPER_ROOT;10009;19;10005;17;;;10017;15;10020;21;;;10013.0;0.0
yf_ZS=F_d0;34500;ASH_COATED_OSMIUM;10016;7;10012;17;;;10053;16;10055;29;;;10034.5;0.0
yf_ZS=F_d0;34500;INTARIAN_PEPPER_ROOT;10012;22;10008;28;;;10018;19;10022;19;;;10015.0;0.0
yf_ZS=F_d0;34600;ASH_COATED_OSMIUM;10031;22;10027;21;;;10038;10;10040;8;;;10034.5;0.0
yf_ZS=F_d0;34600;INTARIAN_PEPPER_ROOT;9997;18;9995;21;;;10037;17;10041;26;;;10017.0;0.0
yf_ZS=F_d0;34700;ASH_COATED_OSMIUM;10029;14;10025;24;;;10042;17;10045;24;;;10035.5;0.0
yf_ZS=F_d0;34700;INTARIAN_PEPPER_ROOT;10017;20;10013;27;;;10023;15;10025;17;;;10020.0;0.0
yf_ZS=F_d0;34800;ASH_COATED_OSMIUM;10032;9;10029;18;;;10038;24;10040;14;;;10035.0;0.0
yf_ZS=F_d0;34800;INTARIAN_PEPPER_ROOT;10019;16;10017;23;;;10025;11;10028;16;;;10022.0;0.0
yf_ZS=F_d0;34900;ASH_COATED_OSMIUM;10031;28;10028;10;;;10041;9;10045;11;;;10036.0;0.0
yf_ZS=F_d0;34900;INTARIAN_PEPPER_ROOT;10021;13;10017;16;;;10027;13;10029;26;;;10024.0;0.0
yf_ZS=F_d0;35000;ASH_COATED_OSMIUM;10032;12;10030;12;;;10038;17;10041;20;;;10035.0;0.0
yf_ZS=F_d0;35000;INTARIAN_PEPPER_ROOT;10024;8;10020;21;;;10030;7;10032;20;;;10027.0;0.0
yf_ZS=F_d0;35100;ASH_COATED_OSMIUM;10032;17;10030;19;;;10038;5;10042;15;;;10035.0;0.0
yf_ZS=F_d0;35100;INTARIAN_PEPPER_ROOT;10027;14;10023;18;;;10033;18;10035;24;;;10030.0;0.0
yf_ZS=F_d0;35200;ASH_COATED_OSMIUM;10031;14;10027;25;;;10039;13;10043;10;;;10035.0;0.0
yf_ZS=F_d0;35200;INTARIAN_PEPPER_ROOT;10025;10;10022;18;;;10039;17;10041;27;;;10032.0;0.0
yf_ZS=F_d0;35300;ASH_COATED_OSMIUM;10024;12;10020;22;;;10047;18;10049;8;;;10035.5;0.0
yf_ZS=F_d0;35300;INTARIAN_PEPPER_ROOT;10032;14;10028;23;;;10038;13;10042;20;;;10035.0;0.0
yf_ZS=F_d0;35400;ASH_COATED_OSMIUM;10033;13;10031;22;;;10039;7;10043;18;;;10036.0;0.0
yf_ZS=F_d0;35400;INTARIAN_PEPPER_ROOT;10034;16;10030;24;;;10040;7;10042;24;;;10037.0;0.0
yf_ZS=F_d0;35500;ASH_COATED_OSMIUM;10032;20;10030;20;;;10039;10;10043;24;;;10035.5;0.0
yf_ZS=F_d0;35500;INTARIAN_PEPPER_ROOT;10037;26;10035;17;;;10043;12;10045;23;;;10040.0;0.0
yf_ZS=F_d0;35600;ASH_COATED_OSMIUM;10033;17;10030;17;;;10039;25;10043;18;;;10036.0;0.0
yf_ZS=F_d0;35600;INTARIAN_PEPPER_ROOT;10024;8;10021;19;;;10062;12;10065;21;;;10043.0;0.0
yf_ZS=F_d0;35700;ASH_COATED_OSMIUM;10032;9;10030;13;;;10038;24;10042;10;;;10035.0;0.0
yf_ZS=F_d0;35700;INTARIAN_PEPPER_ROOT;10042;20;10038;27;;;10048;7;10050;20;;;10045.0;0.0
yf_ZS=F_d0;35800;ASH_COATED_OSMIUM;10033;21;10030;26;;;10039;19;10042;13;;;10036.0;0.0
yf_ZS=F_d0;35800;INTARIAN_PEPPER_ROOT;10044;9;10040;32;;;10050;21;10054;22;;;10047.0;0.0
yf_ZS=F_d0;35900;ASH_COATED_OSMIUM;10027;17;10023;24;;;10045;6;10047;20;;;10036.0;0.0
yf_ZS=F_d0;35900;INTARIAN_PEPPER_ROOT;10047;14;10044;22;;;10053;15;10055;20;;;10050.0;0.0
yf_ZS=F_d0;36000;ASH_COATED_OSMIUM;10033;11;10029;25;;;10039;15;10042;13;;;10036.0;0.0
yf_ZS=F_d0;36000;INTARIAN_PEPPER_ROOT;10045;18;10042;20;;;10059;20;10062;23;;;10052.0;0.0
yf_ZS=F_d0;36100;ASH_COATED_OSMIUM;10029;18;10027;18;;;10043;9;10045;18;;;10036.0;0.0
yf_ZS=F_d0;36100;INTARIAN_PEPPER_ROOT;10053;9;10049;18;;;10059;10;10061;12;;;10056.0;0.0
yf_ZS=F_d0;36200;ASH_COATED_OSMIUM;10033;10;10030;8;;;10039;7;10042;20;;;10036.0;0.0
yf_ZS=F_d0;36200;INTARIAN_PEPPER_ROOT;10055;12;10051;27;;;10061;6;10063;21;;;10058.0;0.0
yf_ZS=F_d0;36300;ASH_COATED_OSMIUM;10027;13;10024;21;;;10045;5;10048;21;;;10036.0;0.0
yf_ZS=F_d0;36300;INTARIAN_PEPPER_ROOT;10057;12;10055;24;;;10063;21;10066;12;;;10060.0;0.0
yf_ZS=F_d0;36400;ASH_COATED_OSMIUM;10029;18;10027;19;;;10044;22;10047;21;;;10036.5;0.0
yf_ZS=F_d0;36400;INTARIAN_PEPPER_ROOT;10052;20;10050;13;;;10074;18;10078;15;;;10063.0;0.0
yf_ZS=F_d0;36500;ASH_COATED_OSMIUM;10033;8;10030;15;;;10039;11;10043;10;;;10036.0;0.0
yf_ZS=F_d0;36500;INTARIAN_PEPPER_ROOT;10062;20;10058;25;;;10068;11;10071;20;;;10065.0;0.0
yf_ZS=F_d0;36600;ASH_COATED_OSMIUM;10031;16;10027;26;;;10042;17;10045;12;;;10036.5;0.0
yf_ZS=F_d0;36600;INTARIAN_PEPPER_ROOT;10065;19;10061;23;;;10071;12;10073;27;;;10068.0;0.0
yf_ZS=F_d0;36700;ASH_COATED_OSMIUM;10033;13;10031;20;;;10039;16;10042;18;;;10036.0;0.0
yf_ZS=F_d0;36700;INTARIAN_PEPPER_ROOT;10067;10;10064;21;;;10073;11;10075;24;;;10070.0;0.0
yf_ZS=F_d0;36800;ASH_COATED_OSMIUM;10033;18;10029;21;;;10039;21;10042;13;;;10036.0;0.0
yf_ZS=F_d0;36800;INTARIAN_PEPPER_ROOT;10056;10;10054;20;;;10090;10;10092;14;;;10073.0;0.0
yf_ZS=F_d0;36900;ASH_COATED_OSMIUM;10029;14;10026;10;;;10043;16;10045;25;;;10036.0;0.0
yf_ZS=F_d0;36900;INTARIAN_PEPPER_ROOT;10072;11;10069;25;;;10078;16;10082;17;;;10075.0;0.0
yf_ZS=F_d0;37000;ASH_COATED_OSMIUM;10033;11;10031;19;;;10039;16;10042;13;;;10036.0;0.0
yf_ZS=F_d0;37000;INTARIAN_PEPPER_ROOT;10075;11;10071;14;;;10081;12;10083;26;;;10078.0;0.0
yf_ZS=F_d0;37100;ASH_COATED_OSMIUM;10033;9;10030;29;;;10039;16;10041;10;;;10036.0;0.0
yf_ZS=F_d0;37100;INTARIAN_PEPPER_ROOT;10077;11;10075;12;;;10083;22;10087;21;;;10080.0;0.0
yf_ZS=F_d0;37200;ASH_COATED_OSMIUM;10030;17;10028;16;;;10042;15;10045;25;;;10036.0;0.0
yf_ZS=F_d0;37200;INTARIAN_PEPPER_ROOT;10080;12;10078;8;;;10086;10;10090;23;;;10083.0;0.0
yf_ZS=F_d0;37300;ASH_COATED_OSMIUM;10032;18;10029;14;;;10042;23;10046;33;;;10037.0;0.0
yf_ZS=F_d0;37300;INTARIAN_PEPPER_ROOT;10083;22;10081;24;;;10089;10;10091;20;;;10086.0;0.0
yf_ZS=F_d0;37400;ASH_COATED_OSMIUM;10033;18;10030;26;;;10039;13;10041;19;;;10036.0;0.0
yf_ZS=F_d0;37400;INTARIAN_PEPPER_ROOT;10086;18;10084;18;;;10092;12;10096;16;;;10089.0;0.0
yf_ZS=F_d0;37500;ASH_COATED_OSMIUM;10028;11;10025;18;;;10045;10;10048;21;;;10036.5;0.0
yf_ZS=F_d0;37500;INTARIAN_PEPPER_ROOT;10088;18;10085;15;;;10094;15;10096;27;;;10091.0;0.0
yf_ZS=F_d0;37600;ASH_COATED_OSMIUM;10034;9;10031;21;;;10040;20;10043;22;;;10037.0;0.0
yf_ZS=F_d0;37600;INTARIAN_PEPPER_ROOT;10085;18;10082;18;;;10102;8;10106;21;;;10093.5;0.0
yf_ZS=F_d0;37700;ASH_COATED_OSMIUM;10034;21;10030;21;;;10040;10;10044;15;;;10037.0;0.0
yf_ZS=F_d0;37700;INTARIAN_PEPPER_ROOT;10091;17;10088;24;;;10100;5;10104;17;;;10095.5;0.0
yf_ZS=F_d0;37800;ASH_COATED_OSMIUM;10034;14;10030;23;;;10040;6;10043;18;;;10037.0;0.0
yf_ZS=F_d0;37800;INTARIAN_PEPPER_ROOT;10089;16;10085;20;;;10107;5;10109;24;;;10098.0;0.0
yf_ZS=F_d0;37900;ASH_COATED_OSMIUM;10034;13;10032;20;;;10040;7;10043;21;;;10037.0;0.0
yf_ZS=F_d0;37900;INTARIAN_PEPPER_ROOT;10095;6;10091;28;;;10106;11;10109;24;;;10100.5;0.0
yf_ZS=F_d0;38000;ASH_COATED_OSMIUM;10034;21;10030;28;;;10040;13;10042;13;;;10037.0;0.0
yf_ZS=F_d0;38000;INTARIAN_PEPPER_ROOT;10093;10;10090;17;;;10114;21;10118;16;;;10103.5;0.0
yf_ZS=F_d0;38100;ASH_COATED_OSMIUM;10034;7;10031;23;;;10040;11;10042;15;;;10037.0;0.0
yf_ZS=F_d0;38100;INTARIAN_PEPPER_ROOT;10103;16;10101;22;;;10109;24;10113;22;;;10106.0;0.0
yf_ZS=F_d0;38200;ASH_COATED_OSMIUM;10029;22;10026;19;;;10045;13;10047;17;;;10037.0;0.0
yf_ZS=F_d0;38200;INTARIAN_PEPPER_ROOT;10105;20;10102;18;;;10111;10;10114;20;;;10108.0;0.0
yf_ZS=F_d0;38300;ASH_COATED_OSMIUM;10034;15;10031;12;;;10040;18;10042;11;;;10037.0;0.0
yf_ZS=F_d0;38300;INTARIAN_PEPPER_ROOT;10106;12;10102;20;;;10115;17;10118;28;;;10110.5;0.0
yf_ZS=F_d0;38400;ASH_COATED_OSMIUM;10034;13;10032;23;;;10040;9;10044;28;;;10037.0;0.0
yf_ZS=F_d0;38400;INTARIAN_PEPPER_ROOT;10110;18;10106;17;;;10116;18;10119;17;;;10113.0;0.0
yf_ZS=F_d0;38500;ASH_COATED_OSMIUM;10031;17;10028;10;;;10044;12;10046;19;;;10037.5;0.0
yf_ZS=F_d0;38500;INTARIAN_PEPPER_ROOT;10113;16;10110;25;;;10119;10;10123;28;;;10116.0;0.0
yf_ZS=F_d0;38600;ASH_COATED_OSMIUM;10035;14;10033;17;;;10041;6;10043;9;;;10038.0;0.0
yf_ZS=F_d0;38600;INTARIAN_PEPPER_ROOT;10113;22;10109;19;;;10123;16;10127;25;;;10118.0;0.0
yf_ZS=F_d0;38700;ASH_COATED_OSMIUM;10032;6;10030;32;;;10042;18;10046;22;;;10037.0;0.0
yf_ZS=F_d0;38700;INTARIAN_PEPPER_ROOT;10118;15;10115;22;;;10124;20;10126;17;;;10121.0;0.0
yf_ZS=F_d0;38800;ASH_COATED_OSMIUM;10034;8;10030;18;;;10040;19;10042;27;;;10037.0;0.0
yf_ZS=F_d0;38800;INTARIAN_PEPPER_ROOT;10120;24;10118;24;;;10126;6;10129;16;;;10123.0;0.0
yf_ZS=F_d0;38900;ASH_COATED_OSMIUM;10033;17;10029;23;;;10043;5;10046;25;;;10038.0;0.0
yf_ZS=F_d0;38900;INTARIAN_PEPPER_ROOT;10123;23;10121;18;;;10129;11;10131;18;;;10126.0;0.0
yf_ZS=F_d0;39000;ASH_COATED_OSMIUM;10029;10;10027;18;;;10046;19;10048;22;;;10037.5;0.0
yf_ZS=F_d0;39000;INTARIAN_PEPPER_ROOT;10121;8;10118;20;;;10136;14;10138;15;;;10128.5;0.0
yf_ZS=F_d0;39100;ASH_COATED_OSMIUM;10034;21;10032;8;;;10040;15;10044;20;;;10037.0;0.0
yf_ZS=F_d0;39100;INTARIAN_PEPPER_ROOT;10127;15;10125;22;;;10136;14;10138;21;;;10131.5;0.0
yf_ZS=F_d0;39200;ASH_COATED_OSMIUM;10027;15;10023;17;;;10047;18;10050;8;;;10037.0;0.0
yf_ZS=F_d0;39200;INTARIAN_PEPPER_ROOT;10130;15;10126;23;;;10136;24;10139;22;;;10133.0;0.0
yf_ZS=F_d0;39300;ASH_COATED_OSMIUM;10035;10;10031;20;;;10041;23;10045;21;;;10038.0;0.0
yf_ZS=F_d0;39300;INTARIAN_PEPPER_ROOT;10132;17;10128;31;;;10139;20;10143;11;;;10135.5;0.0
yf_ZS=F_d0;39400;ASH_COATED_OSMIUM;10034;18;10030;19;;;10040;17;10043;16;;;10037.0;0.0
yf_ZS=F_d0;39400;INTARIAN_PEPPER_ROOT;10136;20;10132;21;;;10142;15;10145;16;;;10139.0;0.0
yf_ZS=F_d0;39500;ASH_COATED_OSMIUM;10034;15;10030;10;;;10041;17;10043;21;;;10037.5;0.0
yf_ZS=F_d0;39500;INTARIAN_PEPPER_ROOT;10138;16;10134;21;;;10144;8;10146;21;;;10141.0;0.0
yf_ZS=F_d0;39600;ASH_COATED_OSMIUM;10034;12;10031;17;;;10042;22;10045;22;;;10038.0;0.0
yf_ZS=F_d0;39600;INTARIAN_PEPPER_ROOT;10140;12;10136;20;;;10146;9;10148;16;;;10143.0;0.0
yf_ZS=F_d0;39700;ASH_COATED_OSMIUM;10035;19;10032;11;;;10041;18;10044;30;;;10038.0;0.0
yf_ZS=F_d0;39700;INTARIAN_PEPPER_ROOT;10143;12;10140;17;;;10149;15;10153;19;;;10146.0;0.0
yf_ZS=F_d0;39800;ASH_COATED_OSMIUM;10035;7;10031;22;;;10041;12;10044;21;;;10038.0;0.0
yf_ZS=F_d0;39800;INTARIAN_PEPPER_ROOT;10141;16;10137;20;;;10156;19;10160;15;;;10148.5;0.0
yf_ZS=F_d0;39900;ASH_COATED_OSMIUM;10035;15;10031;19;;;10041;15;10045;24;;;10038.0;0.0
yf_ZS=F_d0;39900;INTARIAN_PEPPER_ROOT;10148;22;10144;14;;;10154;14;10156;15;;;10151.0;0.0
yf_ZS=F_d0;40000;ASH_COATED_OSMIUM;10033;13;10031;29;;;10045;15;10048;12;;;10039.0;0.0
yf_ZS=F_d0;40000;INTARIAN_PEPPER_ROOT;10150;17;10147;22;;;10156;11;10160;22;;;10153.0;0.0
yf_ZS=F_d0;40100;ASH_COATED_OSMIUM;10035;19;10032;16;;;10041;15;10044;16;;;10038.0;0.0
yf_ZS=F_d0;40100;INTARIAN_PEPPER_ROOT;10153;8;10149;14;;;10159;11;10162;20;;;10156.0;0.0
yf_ZS=F_d0;40200;ASH_COATED_OSMIUM;10032;11;10029;34;;;10044;22;10048;14;;;10038.0;0.0
yf_ZS=F_d0;40200;INTARIAN_PEPPER_ROOT;10155;21;10153;18;;;10163;15;10167;30;;;10159.0;0.0
yf_ZS=F_d0;40300;ASH_COATED_OSMIUM;10036;18;10033;15;;;10042;17;10044;20;;;10039.0;0.0
yf_ZS=F_d0;40300;INTARIAN_PEPPER_ROOT;10158;6;10155;17;;;10164;10;10167;28;;;10161.0;0.0
yf_ZS=F_d0;40400;ASH_COATED_OSMIUM;10035;14;10031;19;;;10041;18;10044;17;;;10038.0;0.0
yf_ZS=F_d0;40400;INTARIAN_PEPPER_ROOT;10161;13;10159;24;;;10167;23;10171;19;;;10164.0;0.0
yf_ZS=F_d0;40500;ASH_COATED_OSMIUM;10031;18;10029;28;;;10046;12;10050;24;;;10038.5;0.0
yf_ZS=F_d0;40500;INTARIAN_PEPPER_ROOT;10164;12;10161;21;;;10170;22;10174;25;;;10167.0;0.0
yf_ZS=F_d0;40600;ASH_COATED_OSMIUM;10030;8;10028;18;;;10047;8;10050;18;;;10038.5;0.0
yf_ZS=F_d0;40600;INTARIAN_PEPPER_ROOT;10166;21;10162;30;;;10172;17;10175;14;;;10169.0;0.0
yf_ZS=F_d0;40700;ASH_COATED_OSMIUM;10025;16;10022;19;;;10052;23;10055;28;;;10038.5;0.0
yf_ZS=F_d0;40700;INTARIAN_PEPPER_ROOT;10162;10;10159;23;;;10181;8;10183;21;;;10171.5;0.0
yf_ZS=F_d0;40800;ASH_COATED_OSMIUM;10035;13;10033;18;;;10044;7;10046;17;;;10039.5;0.0
yf_ZS=F_d0;40800;INTARIAN_PEPPER_ROOT;10169;22;10166;18;;;10179;13;10183;17;;;10174.0;0.0
yf_ZS=F_d0;40900;ASH_COATED_OSMIUM;10036;13;10032;17;;;10042;10;10044;19;;;10039.0;0.0
yf_ZS=F_d0;40900;INTARIAN_PEPPER_ROOT;10174;21;10172;32;;;10180;14;10183;13;;;10177.0;0.0
yf_ZS=F_d0;41000;ASH_COATED_OSMIUM;10036;12;10032;21;;;10042;20;10046;21;;;10039.0;0.0
yf_ZS=F_d0;41000;INTARIAN_PEPPER_ROOT;10174;15;10170;23;;;10185;11;10188;14;;;10179.5;0.0
yf_ZS=F_d0;41100;ASH_COATED_OSMIUM;10029;16;10025;14;;;10049;12;10052;20;;;10039.0;0.0
yf_ZS=F_d0;41100;INTARIAN_PEPPER_ROOT;10179;8;10177;20;;;10185;9;10189;26;;;10182.0;0.0
yf_ZS=F_d0;41200;ASH_COATED_OSMIUM;10035;15;10032;25;;;10043;9;10045;26;;;10039.0;0.0
yf_ZS=F_d0;41200;INTARIAN_PEPPER_ROOT;10177;12;10174;11;;;10191;13;10193;23;;;10184.0;0.0
yf_ZS=F_d0;41300;ASH_COATED_OSMIUM;10035;12;10031;23;;;10044;15;10046;17;;;10039.5;0.0
yf_ZS=F_d0;41300;INTARIAN_PEPPER_ROOT;10181;12;10178;27;;;10193;14;10196;24;;;10187.0;0.0
yf_ZS=F_d0;41400;ASH_COATED_OSMIUM;10036;22;10034;20;;;10042;12;10045;27;;;10039.0;0.0
yf_ZS=F_d0;41400;INTARIAN_PEPPER_ROOT;10184;15;10181;19;;;10195;12;10198;20;;;10189.5;0.0
yf_ZS=F_d0;41500;ASH_COATED_OSMIUM;10036;15;10034;18;;;10042;22;10046;13;;;10039.0;0.0
yf_ZS=F_d0;41500;INTARIAN_PEPPER_ROOT;10188;13;10186;22;;;10194;11;10198;17;;;10191.0;0.0
yf_ZS=F_d0;41600;ASH_COATED_OSMIUM;10036;14;10034;30;;;10042;6;10045;21;;;10039.0;0.0
yf_ZS=F_d0;41600;INTARIAN_PEPPER_ROOT;10191;20;10189;18;;;10197;12;10199;27;;;10194.0;0.0
yf_ZS=F_d0;41700;ASH_COATED_OSMIUM;10036;25;10033;17;;;10042;19;10045;27;;;10039.0;0.0
yf_ZS=F_d0;41700;INTARIAN_PEPPER_ROOT;10194;17;10191;13;;;10200;6;10202;23;;;10197.0;0.0
yf_ZS=F_d0;41800;ASH_COATED_OSMIUM;10036;11;10032;18;;;10042;18;10046;19;;;10039.0;0.0
yf_ZS=F_d0;41800;INTARIAN_PEPPER_ROOT;10197;20;10194;25;;;10203;17;10206;16;;;10200.0;0.0
yf_ZS=F_d0;41900;ASH_COATED_OSMIUM;10034;13;10030;11;;;10046;21;10048;21;;;10040.0;0.0
yf_ZS=F_d0;41900;INTARIAN_PEPPER_ROOT;10198;19;10196;16;;;10205;20;10209;21;;;10201.5;0.0
yf_ZS=F_d0;42000;ASH_COATED_OSMIUM;10037;23;10035;20;;;10043;18;10045;20;;;10040.0;0.0
yf_ZS=F_d0;42000;INTARIAN_PEPPER_ROOT;10202;17;10199;24;;;10208;15;10212;15;;;10205.0;0.0
yf_ZS=F_d0;42100;ASH_COATED_OSMIUM;10036;11;10034;15;;;10042;12;10044;23;;;10039.0;0.0
yf_ZS=F_d0;42100;INTARIAN_PEPPER_ROOT;10204;17;10201;20;;;10210;17;10213;17;;;10207.0;0.0
yf_ZS=F_d0;42200;ASH_COATED_OSMIUM;10029;16;10026;26;;;10050;13;10054;14;;;10039.5;0.0
yf_ZS=F_d0;42200;INTARIAN_PEPPER_ROOT;10204;9;10200;24;;;10213;12;10216;18;;;10208.5;0.0
yf_ZS=F_d0;42300;ASH_COATED_OSMIUM;10036;15;10033;22;;;10043;13;10045;17;;;10039.5;0.0
yf_ZS=F_d0;42300;INTARIAN_PEPPER_ROOT;10209;15;10207;14;;;10215;11;10219;10;;;10212.0;0.0
yf_ZS=F_d0;42400;ASH_COATED_OSMIUM;10035;16;10031;22;;;10043;24;10046;14;;;10039.0;0.0
yf_ZS=F_d0;42400;INTARIAN_PEPPER_ROOT;10210;22;10208;20;;;10219;19;10222;14;;;10214.5;0.0
yf_ZS=F_d0;42500;ASH_COATED_OSMIUM;10037;21;10034;19;;;10043;19;10045;25;;;10040.0;0.0
yf_ZS=F_d0;42500;INTARIAN_PEPPER_ROOT;10214;15;10211;18;;;10220;12;10222;9;;;10217.0;0.0
yf_ZS=F_d0;42600;ASH_COATED_OSMIUM;10037;11;10035;21;;;10043;22;10047;12;;;10040.0;0.0
yf_ZS=F_d0;42600;INTARIAN_PEPPER_ROOT;10217;12;10215;21;;;10223;8;10227;26;;;10220.0;0.0
yf_ZS=F_d0;42700;ASH_COATED_OSMIUM;10037;12;10035;12;;;10043;11;10047;17;;;10040.0;0.0
yf_ZS=F_d0;42700;INTARIAN_PEPPER_ROOT;10219;7;10216;26;;;10225;14;10227;10;;;10222.0;0.0
yf_ZS=F_d0;42800;ASH_COATED_OSMIUM;10034;17;10032;19;;;10045;23;10048;18;;;10039.5;0.0
yf_ZS=F_d0;42800;INTARIAN_PEPPER_ROOT;10221;22;10218;16;;;10227;7;10230;13;;;10224.0;0.0
yf_ZS=F_d0;42900;ASH_COATED_OSMIUM;10033;5;10030;21;;;10046;12;10048;11;;;10039.5;0.0
yf_ZS=F_d0;42900;INTARIAN_PEPPER_ROOT;10224;27;10222;10;;;10230;13;10233;12;;;10227.0;0.0
yf_ZS=F_d0;43000;ASH_COATED_OSMIUM;10037;7;10033;19;;;10043;12;10045;22;;;10040.0;0.0
yf_ZS=F_d0;43000;INTARIAN_PEPPER_ROOT;10226;11;10223;20;;;10233;11;10235;20;;;10229.5;0.0
yf_ZS=F_d0;43100;ASH_COATED_OSMIUM;10037;16;10034;24;;;10043;18;10045;12;;;10040.0;0.0
yf_ZS=F_d0;43100;INTARIAN_PEPPER_ROOT;10223;8;10220;13;;;10242;14;10245;25;;;10232.5;0.0
yf_ZS=F_d0;43200;ASH_COATED_OSMIUM;10037;13;10033;21;;;10043;16;10046;26;;;10040.0;0.0
yf_ZS=F_d0;43200;INTARIAN_PEPPER_ROOT;10218;14;10215;29;;;10252;14;10256;16;;;10235.0;0.0
yf_ZS=F_d0;43300;ASH_COATED_OSMIUM;10037;18;10034;20;;;10043;18;10045;20;;;10040.0;0.0
yf_ZS=F_d0;43300;INTARIAN_PEPPER_ROOT;10232;14;10228;22;;;10243;21;10247;20;;;10237.5;0.0
yf_ZS=F_d0;43400;ASH_COATED_OSMIUM;10036;15;10034;28;;;10044;15;10048;24;;;10040.0;0.0
yf_ZS=F_d0;43400;INTARIAN_PEPPER_ROOT;10236;16;10233;21;;;10242;5;10244;22;;;10239.0;0.0
yf_ZS=F_d0;43500;ASH_COATED_OSMIUM;10034;17;10031;19;;;10047;11;10051;19;;;10040.5;0.0
yf_ZS=F_d0;43500;INTARIAN_PEPPER_ROOT;10239;20;10237;18;;;10245;16;10249;13;;;10242.0;0.0
yf_ZS=F_d0;43600;ASH_COATED_OSMIUM;10037;21;10034;16;;;10043;15;10046;23;;;10040.0;0.0
yf_ZS=F_d0;43600;INTARIAN_PEPPER_ROOT;10240;14;10236;8;;;10249;12;10252;21;;;10244.5;0.0
yf_ZS=F_d0;43700;ASH_COATED_OSMIUM;10037;19;10033;26;;;10043;16;10045;16;;;10040.0;0.0
yf_ZS=F_d0;43700;INTARIAN_PEPPER_ROOT;10243;16;10241;17;;;10252;24;10256;21;;;10247.5;0.0
yf_ZS=F_d0;43800;ASH_COATED_OSMIUM;10038;14;10035;18;;;10044;14;10047;16;;;10041.0;0.0
yf_ZS=F_d0;43800;INTARIAN_PEPPER_ROOT;10247;14;10243;11;;;10253;12;10255;10;;;10250.0;0.0
yf_ZS=F_d0;43900;ASH_COATED_OSMIUM;10029;15;10025;24;;;10051;15;10055;14;;;10040.0;0.0
yf_ZS=F_d0;43900;INTARIAN_PEPPER_ROOT;10250;10;10247;23;;;10256;20;10259;16;;;10253.0;0.0
yf_ZS=F_d0;44000;ASH_COATED_OSMIUM;10037;18;10035;12;;;10043;15;10045;23;;;10040.0;0.0
yf_ZS=F_d0;44000;INTARIAN_PEPPER_ROOT;10251;19;10249;16;;;10257;15;10261;23;;;10254.0;0.0
yf_ZS=F_d0;44100;ASH_COATED_OSMIUM;10037;5;10035;13;;;10043;18;10046;20;;;10040.0;0.0
yf_ZS=F_d0;44100;INTARIAN_PEPPER_ROOT;10252;12;10250;24;;;10264;11;10267;18;;;10258.0;0.0
yf_ZS=F_d0;44200;ASH_COATED_OSMIUM;10037;16;10033;8;;;10045;19;10047;12;;;10041.0;0.0
yf_ZS=F_d0;44200;INTARIAN_PEPPER_ROOT;10257;21;10253;21;;;10263;22;10265;21;;;10260.0;0.0
yf_ZS=F_d0;44300;ASH_COATED_OSMIUM;10038;22;10034;19;;;10044;15;10046;15;;;10041.0;0.0
yf_ZS=F_d0;44300;INTARIAN_PEPPER_ROOT;10258;8;10256;25;;;10269;8;10273;10;;;10263.5;0.0
yf_ZS=F_d0;44400;ASH_COATED_OSMIUM;10038;15;10036;20;;;10044;18;10046;8;;;10041.0;0.0
yf_ZS=F_d0;44400;INTARIAN_PEPPER_ROOT;10262;15;10260;23;;;10268;15;10270;20;;;10265.0;0.0
yf_ZS=F_d0;44500;ASH_COATED_OSMIUM;10033;14;10031;14;;;10048;14;10050;22;;;10040.5;0.0
yf_ZS=F_d0;44500;INTARIAN_PEPPER_ROOT;10265;19;10261;11;;;10271;19;10273;21;;;10268.0;0.0
yf_ZS=F_d0;44600;ASH_COATED_OSMIUM;10038;10;10034;19;;;10044;18;10048;20;;;10041.0;0.0
yf_ZS=F_d0;44600;INTARIAN_PEPPER_ROOT;10268;16;10266;15;;;10274;10;10277;9;;;10271.0;0.0
yf_ZS=F_d0;44700;ASH_COATED_OSMIUM;10030;5;10028;17;;;10052;19;10055;17;;;10041.0;0.0
yf_ZS=F_d0;44700;INTARIAN_PEPPER_ROOT;10268;16;10264;26;;;10277;5;10281;23;;;10272.5;0.0
yf_ZS=F_d0;44800;ASH_COATED_OSMIUM;10038;9;10036;25;;;10044;13;10048;21;;;10041.0;0.0
yf_ZS=F_d0;44800;INTARIAN_PEPPER_ROOT;10272;14;10268;20;;;10278;13;10280;25;;;10275.0;0.0
yf_ZS=F_d0;44900;ASH_COATED_OSMIUM;10038;11;10036;24;;;10044;19;10047;20;;;10041.0;0.0
yf_ZS=F_d0;44900;INTARIAN_PEPPER_ROOT;10274;19;10271;21;;;10280;15;10282;30;;;10277.0;0.0
yf_ZS=F_d0;45000;ASH_COATED_OSMIUM;10021;11;10018;20;;;10063;12;10066;20;;;10042.0;0.0
yf_ZS=F_d0;45000;INTARIAN_PEPPER_ROOT;10277;14;10273;16;;;10283;14;10286;20;;;10280.0;0.0
yf_ZS=F_d0;45100;ASH_COATED_OSMIUM;10037;8;10035;21;;;10045;9;10049;21;;;10041.0;0.0
yf_ZS=F_d0;45100;INTARIAN_PEPPER_ROOT;10280;14;10276;25;;;10286;21;10288;18;;;10283.0;0.0
yf_ZS=F_d0;45200;ASH_COATED_OSMIUM;10034;15;10030;19;;;10049;20;10052;19;;;10041.5;0.0
yf_ZS=F_d0;45200;INTARIAN_PEPPER_ROOT;10275;18;10273;22;;;10296;19;10300;21;;;10285.5;0.0
yf_ZS=F_d0;45300;ASH_COATED_OSMIUM;10038;8;10034;27;;;10045;23;10049;15;;;10041.5;0.0
yf_ZS=F_d0;45300;INTARIAN_PEPPER_ROOT;10285;13;10283;18;;;10291;22;10295;16;;;10288.0;0.0
yf_ZS=F_d0;45400;ASH_COATED_OSMIUM;10036;12;10033;20;;;10047;16;10051;20;;;10041.5;0.0
yf_ZS=F_d0;45400;INTARIAN_PEPPER_ROOT;10286;21;10283;10;;;10294;17;10296;20;;;10290.0;0.0
yf_ZS=F_d0;45500;ASH_COATED_OSMIUM;10039;18;10035;17;;;10045;14;10049;16;;;10042.0;0.0
yf_ZS=F_d0;45500;INTARIAN_PEPPER_ROOT;10286;15;10284;17;;;10301;17;10303;18;;;10293.5;0.0
yf_ZS=F_d0;45600;ASH_COATED_OSMIUM;10034;17;10032;23;;;10051;15;10055;14;;;10042.5;0.0
yf_ZS=F_d0;45600;INTARIAN_PEPPER_ROOT;10291;19;10287;19;;;10300;10;10303;25;;;10295.5;0.0
yf_ZS=F_d0;45700;ASH_COATED_OSMIUM;10034;20;10032;19;;;10051;14;10055;19;;;10042.5;0.0
yf_ZS=F_d0;45700;INTARIAN_PEPPER_ROOT;10292;23;10288;12;;;10304;22;10308;16;;;10298.0;0.0
yf_ZS=F_d0;45800;ASH_COATED_OSMIUM;10036;19;10032;10;;;10049;20;10053;17;;;10042.5;0.0
yf_ZS=F_d0;45800;INTARIAN_PEPPER_ROOT;10282;18;10278;21;;;10320;19;10322;18;;;10301.0;0.0
yf_ZS=F_d0;45900;ASH_COATED_OSMIUM;10037;16;10034;14;;;10047;18;10050;25;;;10042.0;0.0
yf_ZS=F_d0;45900;INTARIAN_PEPPER_ROOT;10300;14;10298;16;;;10306;5;10308;18;;;10303.0;0.0
yf_ZS=F_d0;46000;ASH_COATED_OSMIUM;10039;19;10037;21;;;10045;20;10048;21;;;10042.0;0.0
yf_ZS=F_d0;46000;INTARIAN_PEPPER_ROOT;10302;12;10298;21;;;10308;11;10310;19;;;10305.0;0.0
yf_ZS=F_d0;46100;ASH_COATED_OSMIUM;10033;19;10030;19;;;10052;9;10054;18;;;10042.5;0.0
yf_ZS=F_d0;46100;INTARIAN_PEPPER_ROOT;10299;13;10297;14;;;10316;23;10320;26;;;10307.5;0.0
yf_ZS=F_d0;46200;ASH_COATED_OSMIUM;10039;14;10036;15;;;10045;14;10047;22;;;10042.0;0.0
yf_ZS=F_d0;46200;INTARIAN_PEPPER_ROOT;10308;16;10306;19;;;10314;16;10317;21;;;10311.0;0.0
yf_ZS=F_d0;46300;ASH_COATED_OSMIUM;10039;15;10036;27;;;10045;17;10049;19;;;10042.0;0.0
yf_ZS=F_d0;46300;INTARIAN_PEPPER_ROOT;10310;9;10308;26;;;10316;14;10319;24;;;10313.0;0.0
yf_ZS=F_d0;46400;ASH_COATED_OSMIUM;10039;19;10036;27;;;10045;14;10047;15;;;10042.0;0.0
yf_ZS=F_d0;46400;INTARIAN_PEPPER_ROOT;10307;20;10304;23;;;10323;14;10327;24;;;10315.0;0.0
yf_ZS=F_d0;46500;ASH_COATED_OSMIUM;10039;20;10035;21;;;10045;18;10049;19;;;10042.0;0.0
yf_ZS=F_d0;46500;INTARIAN_PEPPER_ROOT;10316;8;10314;19;;;10322;11;10324;22;;;10319.0;0.0
yf_ZS=F_d0;46600;ASH_COATED_OSMIUM;10039;14;10035;17;;;10045;17;10048;20;;;10042.0;0.0
yf_ZS=F_d0;46600;INTARIAN_PEPPER_ROOT;10314;14;10312;14;;;10328;12;10331;22;;;10321.0;0.0
yf_ZS=F_d0;46700;ASH_COATED_OSMIUM;10037;20;10035;20;;;10048;7;10052;11;;;10042.5;0.0
yf_ZS=F_d0;46700;INTARIAN_PEPPER_ROOT;10320;8;10318;23;;;10326;5;10329;21;;;10323.0;0.0
yf_ZS=F_d0;46800;ASH_COATED_OSMIUM;10040;14;10037;26;;;10046;24;10048;17;;;10043.0;0.0
yf_ZS=F_d0;46800;INTARIAN_PEPPER_ROOT;10322;10;10320;22;;;10330;14;10333;23;;;10326.0;0.0
yf_ZS=F_d0;46900;ASH_COATED_OSMIUM;10040;20;10038;13;;;10046;21;10049;14;;;10043.0;0.0
yf_ZS=F_d0;46900;INTARIAN_PEPPER_ROOT;10326;14;10324;24;;;10332;21;10335;27;;;10329.0;0.0
yf_ZS=F_d0;47000;ASH_COATED_OSMIUM;10039;11;10037;16;;;10045;12;10049;8;;;10042.0;0.0
yf_ZS=F_d0;47000;INTARIAN_PEPPER_ROOT;10328;14;10324;16;;;10334;9;10338;26;;;10331.0;0.0
yf_ZS=F_d0;47100;ASH_COATED_OSMIUM;10040;13;10038;23;;;10046;23;10049;17;;;10043.0;0.0
yf_ZS=F_d0;47100;INTARIAN_PEPPER_ROOT;10324;14;10321;16;;;10343;21;10345;22;;;10333.5;0.0
yf_ZS=F_d0;47200;ASH_COATED_OSMIUM;10038;16;10035;8;;;10047;17;10051;21;;;10042.5;0.0
yf_ZS=F_d0;47200;INTARIAN_PEPPER_ROOT;10333;12;10330;16;;;10339;12;10341;10;;;10336.0;0.0
yf_ZS=F_d0;47300;ASH_COATED_OSMIUM;10039;15;10036;21;;;10047;23;10049;19;;;10043.0;0.0
yf_ZS=F_d0;47300;INTARIAN_PEPPER_ROOT;10335;6;10333;21;;;10341;15;10343;25;;;10338.0;0.0
yf_ZS=F_d0;47400;ASH_COATED_OSMIUM;10027;9;10024;18;;;10057;13;10059;16;;;10042.0;0.0
yf_ZS=F_d0;47400;INTARIAN_PEPPER_ROOT;10338;6;10335;22;;;10344;16;10347;25;;;10341.0;0.0
yf_ZS=F_d0;47500;ASH_COATED_OSMIUM;10040;23;10036;16;;;10046;16;10049;12;;;10043.0;0.0
yf_ZS=F_d0;47500;INTARIAN_PEPPER_ROOT;10339;12;10336;21;;;10349;15;10353;18;;;10344.0;0.0
yf_ZS=F_d0;47600;ASH_COATED_OSMIUM;10039;9;10036;15;;;10045;22;10049;20;;;10042.0;0.0
yf_ZS=F_d0;47600;INTARIAN_PEPPER_ROOT;10343;18;10339;16;;;10349;12;10352;17;;;10346.0;0.0
yf_ZS=F_d0;47700;ASH_COATED_OSMIUM;10040;20;10037;28;;;10046;12;10050;18;;;10043.0;0.0
yf_ZS=F_d0;47700;INTARIAN_PEPPER_ROOT;10346;11;10343;23;;;10352;10;10356;23;;;10349.0;0.0
yf_ZS=F_d0;47800;ASH_COATED_OSMIUM;10040;13;10037;21;;;10046;15;10048;21;;;10043.0;0.0
yf_ZS=F_d0;47800;INTARIAN_PEPPER_ROOT;10348;10;10345;19;;;10354;11;10358;16;;;10351.0;0.0
yf_ZS=F_d0;47900;ASH_COATED_OSMIUM;10040;14;10037;16;;;10046;24;10048;16;;;10043.0;0.0
yf_ZS=F_d0;47900;INTARIAN_PEPPER_ROOT;10349;10;10347;21;;;10359;17;10362;27;;;10354.0;0.0
yf_ZS=F_d0;48000;ASH_COATED_OSMIUM;10040;12;10036;12;;;10046;13;10050;13;;;10043.0;0.0
yf_ZS=F_d0;48000;INTARIAN_PEPPER_ROOT;10353;20;10351;15;;;10359;15;10362;20;;;10356.0;0.0
yf_ZS=F_d0;48100;ASH_COATED_OSMIUM;10041;17;10037;12;;;10047;18;10050;21;;;10044.0;0.0
yf_ZS=F_d0;48100;INTARIAN_PEPPER_ROOT;10355;13;10351;15;;;10363;16;10367;11;;;10359.0;0.0
yf_ZS=F_d0;48200;ASH_COATED_OSMIUM;10040;17;10037;28;;;10046;13;10048;9;;;10043.0;0.0
yf_ZS=F_d0;48200;INTARIAN_PEPPER_ROOT;10358;16;10356;21;;;10364;5;10367;26;;;10361.0;0.0
yf_ZS=F_d0;48300;ASH_COATED_OSMIUM;10038;15;10036;16;;;10049;19;10052;28;;;10043.5;0.0
yf_ZS=F_d0;48300;INTARIAN_PEPPER_ROOT;10361;19;10359;15;;;10367;16;10369;17;;;10364.0;0.0
yf_ZS=F_d0;48400;ASH_COATED_OSMIUM;10040;19;10036;24;;;10046;22;10049;21;;;10043.0;0.0
yf_ZS=F_d0;48400;INTARIAN_PEPPER_ROOT;10363;5;10361;22;;;10369;11;10373;14;;;10366.0;0.0
yf_ZS=F_d0;48500;ASH_COATED_OSMIUM;10039;14;10035;18;;;10048;8;10051;24;;;10043.5;0.0
yf_ZS=F_d0;48500;INTARIAN_PEPPER_ROOT;10366;11;10363;18;;;10372;21;10374;21;;;10369.0;0.0
yf_ZS=F_d0;48600;ASH_COATED_OSMIUM;10040;8;10037;22;;;10046;20;10048;24;;;10043.0;0.0
yf_ZS=F_d0;48600;INTARIAN_PEPPER_ROOT;10368;12;10365;27;;;10374;17;10376;22;;;10371.0;0.0
yf_ZS=F_d0;48700;ASH_COATED_OSMIUM;10038;17;10035;16;;;10049;15;10051;18;;;10043.5;0.0
yf_ZS=F_d0;48700;INTARIAN_PEPPER_ROOT;10371;16;10367;22;;;10377;23;10379;18;;;10374.0;0.0
yf_ZS=F_d0;48800;ASH_COATED_OSMIUM;10041;18;10039;19;;;10047;14;10050;16;;;10044.0;0.0
yf_ZS=F_d0;48800;INTARIAN_PEPPER_ROOT;10369;16;10366;21;;;10383;8;10386;19;;;10376.0;0.0
yf_ZS=F_d0;48900;ASH_COATED_OSMIUM;10041;13;10037;22;;;10047;8;10049;24;;;10044.0;0.0
yf_ZS=F_d0;48900;INTARIAN_PEPPER_ROOT;10374;8;10370;14;;;10384;6;10387;27;;;10379.0;0.0
yf_ZS=F_d0;49000;ASH_COATED_OSMIUM;10040;12;10036;19;;;10046;19;10050;25;;;10043.0;0.0
yf_ZS=F_d0;49000;INTARIAN_PEPPER_ROOT;10372;10;10370;15;;;10392;18;10394;21;;;10382.0;0.0
yf_ZS=F_d0;49100;ASH_COATED_OSMIUM;10032;25;10028;16;;;10057;11;10061;17;;;10044.5;0.0
yf_ZS=F_d0;49100;INTARIAN_PEPPER_ROOT;10377;11;10375;22;;;10391;18;10394;19;;;10384.0;0.0
yf_ZS=F_d0;49200;ASH_COATED_OSMIUM;10037;14;10035;20;;;10051;13;10054;23;;;10044.0;0.0
yf_ZS=F_d0;49200;INTARIAN_PEPPER_ROOT;10384;16;10381;24;;;10390;13;10393;21;;;10387.0;0.0
yf_ZS=F_d0;49300;ASH_COATED_OSMIUM;10040;13;10038;26;;;10048;5;10052;19;;;10044.0;0.0
yf_ZS=F_d0;49300;INTARIAN_PEPPER_ROOT;10386;16;10384;23;;;10392;16;10396;23;;;10389.0;0.0
yf_ZS=F_d0;49400;ASH_COATED_OSMIUM;10040;11;10038;13;;;10049;5;10052;20;;;10044.5;0.0
yf_ZS=F_d0;49400;INTARIAN_PEPPER_ROOT;10389;15;10386;16;;;10395;13;10399;19;;;10392.0;0.0
yf_ZS=F_d0;49500;ASH_COATED_OSMIUM;10041;13;10038;19;;;10047;11;10049;16;;;10044.0;0.0
yf_ZS=F_d0;49500;INTARIAN_PEPPER_ROOT;10391;16;10389;16;;;10397;9;10401;20;;;10394.0;0.0
yf_ZS=F_d0;49600;ASH_COATED_OSMIUM;10041;10;10038;13;;;10047;11;10049;24;;;10044.0;0.0
yf_ZS=F_d0;49600;INTARIAN_PEPPER_ROOT;10394;10;10391;13;;;10400;25;10404;20;;;10397.0;0.0
yf_ZS=F_d0;49700;ASH_COATED_OSMIUM;10041;14;10039;21;;;10047;7;10051;16;;;10044.0;0.0
yf_ZS=F_d0;49700;INTARIAN_PEPPER_ROOT;10396;20;10392;14;;;10402;11;10406;17;;;10399.0;0.0
yf_ZS=F_d0;49800;ASH_COATED_OSMIUM;10042;11;10039;16;;;10048;16;10050;16;;;10045.0;0.0
yf_ZS=F_d0;49800;INTARIAN_PEPPER_ROOT;10398;25;10396;21;;;10404;19;10408;25;;;10401.0;0.0
yf_ZS=F_d0;49900;ASH_COATED_OSMIUM;10041;14;10038;26;;;10047;10;10051;19;;;10044.0;0.0
yf_ZS=F_d0;49900;INTARIAN_PEPPER_ROOT;10401;18;10398;27;;;10407;8;10410;16;;;10404.0;0.0
yf_ZS=F_d0;50000;ASH_COATED_OSMIUM;10042;17;10040;13;;;10048;5;10052;17;;;10045.0;0.0
yf_ZS=F_d0;50000;INTARIAN_PEPPER_ROOT;10404;15;10400;18;;;10410;23;10412;22;;;10407.0;0.0
yf_ZS=F_d0;50100;ASH_COATED_OSMIUM;10024;5;10020;18;;;10065;13;10068;14;;;10044.5;0.0
yf_ZS=F_d0;50100;INTARIAN_PEPPER_ROOT;10405;12;10402;20;;;10413;18;10415;24;;;10409.0;0.0
yf_ZS=F_d0;50200;ASH_COATED_OSMIUM;10041;8;10037;22;;;10047;12;10051;20;;;10044.0;0.0
yf_ZS=F_d0;50200;INTARIAN_PEPPER_ROOT;10408;7;10404;25;;;10414;12;10418;21;;;10411.0;0.0
yf_ZS=F_d0;50300;ASH_COATED_OSMIUM;10042;14;10040;19;;;10048;7;10050;13;;;10045.0;0.0
yf_ZS=F_d0;50300;INTARIAN_PEPPER_ROOT;10411;14;10409;13;;;10417;14;10419;20;;;10414.0;0.0
yf_ZS=F_d0;50400;ASH_COATED_OSMIUM;10041;20;10037;17;;;10047;23;10050;23;;;10044.0;0.0
yf_ZS=F_d0;50400;INTARIAN_PEPPER_ROOT;10413;12;10411;18;;;10420;23;10422;24;;;10416.5;0.0
yf_ZS=F_d0;50500;ASH_COATED_OSMIUM;10041;21;10038;13;;;10047;19;10050;21;;;10044.0;0.0
yf_ZS=F_d0;50500;INTARIAN_PEPPER_ROOT;10417;14;10414;22;;;10423;13;10426;25;;;10420.0;0.0
yf_ZS=F_d0;50600;ASH_COATED_OSMIUM;10042;13;10039;18;;;10048;10;10050;26;;;10045.0;0.0
yf_ZS=F_d0;50600;INTARIAN_PEPPER_ROOT;10415;16;10412;23;;;10430;11;10432;16;;;10422.5;0.0
yf_ZS=F_d0;50700;ASH_COATED_OSMIUM;10042;9;10038;19;;;10048;18;10050;21;;;10045.0;0.0
yf_ZS=F_d0;50700;INTARIAN_PEPPER_ROOT;10421;21;10418;27;;;10427;14;10431;24;;;10424.0;0.0
yf_ZS=F_d0;50800;ASH_COATED_OSMIUM;10042;7;10038;27;;;10048;16;10050;20;;;10045.0;0.0
yf_ZS=F_d0;50800;INTARIAN_PEPPER_ROOT;10424;16;10422;20;;;10430;22;10433;12;;;10427.0;0.0
yf_ZS=F_d0;50900;ASH_COATED_OSMIUM;10042;12;10040;26;;;10048;16;10050;28;;;10045.0;0.0
yf_ZS=F_d0;50900;INTARIAN_PEPPER_ROOT;10426;18;10422;26;;;10432;12;10435;20;;;10429.0;0.0
yf_ZS=F_d0;51000;ASH_COATED_OSMIUM;10040;13;10038;11;;;10047;14;10050;16;;;10043.5;0.0
yf_ZS=F_d0;51000;INTARIAN_PEPPER_ROOT;10426;15;10423;20;;;10435;10;10439;17;;;10430.5;0.0
yf_ZS=F_d0;51100;ASH_COATED_OSMIUM;10034;21;10031;19;;;10053;9;10055;18;;;10043.5;0.0
yf_ZS=F_d0;51100;INTARIAN_PEPPER_ROOT;10429;6;10425;24;;;10435;15;10439;21;;;10432.0;0.0
yf_ZS=F_d0;51200;ASH_COATED_OSMIUM;10040;12;10036;21;;;10046;13;10048;13;;;10043.0;0.0
yf_ZS=F_d0;51200;INTARIAN_PEPPER_ROOT;10431;14;10428;23;;;10437;5;10441;19;;;10434.0;0.0
yf_ZS=F_d0;51300;ASH_COATED_OSMIUM;10040;19;10036;15;;;10046;13;10050;18;;;10043.0;0.0
yf_ZS=F_d0;51300;INTARIAN_PEPPER_ROOT;10432;10;10428;23;;;10439;8;10441;22;;;10435.5;0.0
yf_ZS=F_d0;51400;ASH_COATED_OSMIUM;10039;23;10036;19;;;10045;21;10049;25;;;10042.0;0.0
yf_ZS=F_d0;51400;INTARIAN_PEPPER_ROOT;10434;16;10432;12;;;10440;22;10442;22;;;10437.0;0.0
yf_ZS=F_d0;51500;ASH_COATED_OSMIUM;10030;7;10027;29;;;10054;14;10056;17;;;10042.0;0.0
yf_ZS=F_d0;51500;INTARIAN_PEPPER_ROOT;10432;24;10428;20;;;10445;19;10447;17;;;10438.5;0.0
yf_ZS=F_d0;51600;ASH_COATED_OSMIUM;10036;12;10034;20;;;10046;13;10050;21;;;10041.0;0.0
yf_ZS=F_d0;51600;INTARIAN_PEPPER_ROOT;10437;12;10434;23;;;10443;16;10445;19;;;10440.0;0.0
yf_ZS=F_d0;51700;ASH_COATED_OSMIUM;10038;18;10034;22;;;10044;8;10047;20;;;10041.0;0.0
yf_ZS=F_d0;51700;INTARIAN_PEPPER_ROOT;10439;23;10435;15;;;10445;16;10448;19;;;10442.0;0.0
yf_ZS=F_d0;51800;ASH_COATED_OSMIUM;10038;16;10034;21;;;10044;16;10046;23;;;10041.0;0.0
yf_ZS=F_d0;51800;INTARIAN_PEPPER_ROOT;10438;13;10436;19;;;10449;10;10452;21;;;10443.5;0.0
yf_ZS=F_d0;51900;ASH_COATED_OSMIUM;10037;16;10035;24;;;10043;15;10046;22;;;10040.0;0.0
yf_ZS=F_d0;51900;INTARIAN_PEPPER_ROOT;10442;22;10438;19;;;10448;20;10450;16;;;10445.0;0.0
yf_ZS=F_d0;52000;ASH_COATED_OSMIUM;10033;20;10031;23;;;10046;16;10049;9;;;10039.5;0.0
yf_ZS=F_d0;52000;INTARIAN_PEPPER_ROOT;10444;5;10441;28;;;10450;13;10452;18;;;10447.0;0.0
yf_ZS=F_d0;52100;ASH_COATED_OSMIUM;10031;15;10028;14;;;10045;18;10048;20;;;10038.0;0.0
yf_ZS=F_d0;52100;INTARIAN_PEPPER_ROOT;10444;15;10440;10;;;10452;17;10455;29;;;10448.0;0.0
yf_ZS=F_d0;52200;ASH_COATED_OSMIUM;10035;13;10031;25;;;10041;11;10044;23;;;10038.0;0.0
yf_ZS=F_d0;52200;INTARIAN_PEPPER_ROOT;10447;19;10443;25;;;10453;10;10457;18;;;10450.0;0.0
yf_ZS=F_d0;52300;ASH_COATED_OSMIUM;10031;12;10027;17;;;10044;5;10047;30;;;10037.5;0.0
yf_ZS=F_d0;52300;INTARIAN_PEPPER_ROOT;10448;20;10446;11;;;10456;17;10458;25;;;10452.0;0.0
yf_ZS=F_d0;52400;ASH_COATED_OSMIUM;10034;22;10030;24;;;10040;15;10044;18;;;10037.0;0.0
yf_ZS=F_d0;52400;INTARIAN_PEPPER_ROOT;10450;15;10447;24;;;10456;24;10458;19;;;10453.0;0.0
yf_ZS=F_d0;52500;ASH_COATED_OSMIUM;10034;12;10032;25;;;10040;13;10043;19;;;10037.0;0.0
yf_ZS=F_d0;52500;INTARIAN_PEPPER_ROOT;10437;14;10434;23;;;10473;17;10477;20;;;10455.0;0.0
yf_ZS=F_d0;52600;ASH_COATED_OSMIUM;10031;20;10028;21;;;10041;19;10045;18;;;10036.0;0.0
yf_ZS=F_d0;52600;INTARIAN_PEPPER_ROOT;10453;17;10449;10;;;10462;23;10466;19;;;10457.5;0.0
yf_ZS=F_d0;52700;ASH_COATED_OSMIUM;10033;18;10029;16;;;10039;9;10043;22;;;10036.0;0.0
yf_ZS=F_d0;52700;INTARIAN_PEPPER_ROOT;10455;5;10451;19;;;10461;14;10463;21;;;10458.0;0.0
yf_ZS=F_d0;52800;ASH_COATED_OSMIUM;10031;14;10028;15;;;10040;17;10043;16;;;10035.5;0.0
yf_ZS=F_d0;52800;INTARIAN_PEPPER_ROOT;10457;15;10454;22;;;10463;18;10466;17;;;10460.0;0.0
yf_ZS=F_d0;52900;ASH_COATED_OSMIUM;10032;17;10028;8;;;10038;14;10040;23;;;10035.0;0.0
yf_ZS=F_d0;52900;INTARIAN_PEPPER_ROOT;10459;5;10455;21;;;10465;5;10469;24;;;10462.0;0.0
yf_ZS=F_d0;53000;ASH_COATED_OSMIUM;10029;20;10025;20;;;10039;18;10043;23;;;10034.0;0.0
yf_ZS=F_d0;53000;INTARIAN_PEPPER_ROOT;10460;15;10458;19;;;10466;16;10470;18;;;10463.0;0.0
yf_ZS=F_d0;53100;ASH_COATED_OSMIUM;10027;18;10025;23;;;10040;13;10042;14;;;10033.5;0.0
yf_ZS=F_d0;53100;INTARIAN_PEPPER_ROOT;10462;10;10459;18;;;10468;14;10470;19;;;10465.0;0.0
yf_ZS=F_d0;53200;ASH_COATED_OSMIUM;10030;13;10026;8;;;10036;6;10040;18;;;10033.0;0.0
yf_ZS=F_d0;53200;INTARIAN_PEPPER_ROOT;10442;15;10439;8;;;10490;10;10493;21;;;10466.0;0.0
yf_ZS=F_d0;53300;ASH_COATED_OSMIUM;10026;12;10022;17;;;10040;17;10042;15;;;10033.0;0.0
yf_ZS=F_d0;53300;INTARIAN_PEPPER_ROOT;10465;17;10461;21;;;10471;23;10473;22;;;10468.0;0.0
yf_ZS=F_d0;53400;ASH_COATED_OSMIUM;10029;21;10025;28;;;10035;16;10039;26;;;10032.0;0.0
yf_ZS=F_d0;53400;INTARIAN_PEPPER_ROOT;10467;16;10463;15;;;10473;5;10475;20;;;10470.0;0.0
yf_ZS=F_d0;53500;ASH_COATED_OSMIUM;10023;11;10021;21;;;10041;24;10044;11;;;10032.0;0.0
yf_ZS=F_d0;53500;INTARIAN_PEPPER_ROOT;10468;15;10465;10;;;10474;16;10476;27;;;10471.0;0.0
yf_ZS=F_d0;53600;ASH_COATED_OSMIUM;10028;11;10024;15;;;10034;14;10038;17;;;10031.0;0.0
yf_ZS=F_d0;53600;INTARIAN_PEPPER_ROOT;10470;10;10466;13;;;10476;10;10478;20;;;10473.0;0.0
yf_ZS=F_d0;53700;ASH_COATED_OSMIUM;10028;13;10026;23;;;10034;16;10036;23;;;10031.0;0.0
yf_ZS=F_d0;53700;INTARIAN_PEPPER_ROOT;10472;12;10470;14;;;10478;8;10482;17;;;10475.0;0.0
yf_ZS=F_d0;53800;ASH_COATED_OSMIUM;10025;10;10022;18;;;10035;8;10038;23;;;10030.0;0.0
yf_ZS=F_d0;53800;INTARIAN_PEPPER_ROOT;10473;10;10469;20;;;10479;14;10481;20;;;10476.0;0.0
yf_ZS=F_d0;53900;ASH_COATED_OSMIUM;10019;5;10016;20;;;10042;12;10044;25;;;10030.5;0.0
yf_ZS=F_d0;53900;INTARIAN_PEPPER_ROOT;10475;17;10473;11;;;10481;18;10483;18;;;10478.0;0.0
yf_ZS=F_d0;54000;ASH_COATED_OSMIUM;10026;22;10024;13;;;10032;20;10035;20;;;10029.0;0.0
yf_ZS=F_d0;54000;INTARIAN_PEPPER_ROOT;10471;14;10467;18;;;10488;17;10492;20;;;10479.5;0.0
yf_ZS=F_d0;54100;ASH_COATED_OSMIUM;10013;17;10011;18;;;10046;18;10048;8;;;10029.5;0.0
yf_ZS=F_d0;54100;INTARIAN_PEPPER_ROOT;10479;17;10476;17;;;10485;16;10487;22;;;10482.0;0.0
yf_ZS=F_d0;54200;ASH_COATED_OSMIUM;10025;21;10021;29;;;10031;8;10035;11;;;10028.0;0.0
yf_ZS=F_d0;54200;INTARIAN_PEPPER_ROOT;10480;12;10477;13;;;10486;16;10488;18;;;10483.0;0.0
yf_ZS=F_d0;54300;ASH_COATED_OSMIUM;10023;14;10021;26;;;10035;13;10039;30;;;10029.0;0.0
yf_ZS=F_d0;54300;INTARIAN_PEPPER_ROOT;10482;21;10480;22;;;10488;20;10490;20;;;10485.0;0.0
yf_ZS=F_d0;54400;ASH_COATED_OSMIUM;10024;22;10020;17;;;10030;11;10034;15;;;10027.0;0.0
yf_ZS=F_d0;54400;INTARIAN_PEPPER_ROOT;10461;12;10459;20;;;10512;23;10515;27;;;10486.5;0.0
yf_ZS=F_d0;54500;ASH_COATED_OSMIUM;10024;14;10022;19;;;10030;6;10032;22;;;10027.0;0.0
yf_ZS=F_d0;54500;INTARIAN_PEPPER_ROOT;10485;18;10482;30;;;10491;13;10493;26;;;10488.0;0.0
yf_ZS=F_d0;54600;ASH_COATED_OSMIUM;10024;14;10020;16;;;10030;20;10033;21;;;10027.0;0.0
yf_ZS=F_d0;54600;INTARIAN_PEPPER_ROOT;10485;21;10482;26;;;10494;11;10498;25;;;10489.5;0.0
yf_ZS=F_d0;54700;ASH_COATED_OSMIUM;10022;19;10020;22;;;10030;14;10034;24;;;10026.0;0.0
yf_ZS=F_d0;54700;INTARIAN_PEPPER_ROOT;10488;10;10485;20;;;10494;7;10498;20;;;10491.0;0.0
yf_ZS=F_d0;54800;ASH_COATED_OSMIUM;10022;15;10020;18;;;10028;5;10030;21;;;10025.0;0.0
yf_ZS=F_d0;54800;INTARIAN_PEPPER_ROOT;10490;18;10486;17;;;10496;12;10500;19;;;10493.0;0.0
yf_ZS=F_d0;54900;ASH_COATED_OSMIUM;10022;5;10019;16;;;10028;26;10032;25;;;10025.0;0.0
yf_ZS=F_d0;54900;INTARIAN_PEPPER_ROOT;10491;16;10487;23;;;10497;17;10500;17;;;10494.0;0.0
yf_ZS=F_d0;55000;ASH_COATED_OSMIUM;10021;26;10017;18;;;10027;7;10029;23;;;10024.0;0.0
yf_ZS=F_d0;55000;INTARIAN_PEPPER_ROOT;10483;5;10480;19;;;10510;15;10513;17;;;10496.5;0.0
yf_ZS=F_d0;55100;ASH_COATED_OSMIUM;10021;7;10017;24;;;10027;15;10030;14;;;10024.0;0.0
yf_ZS=F_d0;55100;INTARIAN_PEPPER_ROOT;10495;15;10492;30;;;10501;15;10505;26;;;10498.0;0.0
yf_ZS=F_d0;55200;ASH_COATED_OSMIUM;10015;16;10012;12;;;10030;5;10034;23;;;10022.5;0.0
yf_ZS=F_d0;55200;INTARIAN_PEPPER_ROOT;10497;16;10495;13;;;10503;17;10506;20;;;10500.0;0.0
yf_ZS=F_d0;55300;ASH_COATED_OSMIUM;10017;14;10013;22;;;10029;9;10032;17;;;10023.0;0.0
yf_ZS=F_d0;55300;INTARIAN_PEPPER_ROOT;10489;7;10485;18;;;10512;16;10515;23;;;10500.5;0.0
yf_ZS=F_d0;55400;ASH_COATED_OSMIUM;10017;14;10013;29;;;10028;5;10031;21;;;10022.5;0.0
yf_ZS=F_d0;55400;INTARIAN_PEPPER_ROOT;10491;15;10487;20;;;10513;18;10516;27;;;10502.0;0.0
yf_ZS=F_d0;55500;ASH_COATED_OSMIUM;10016;21;10012;19;;;10026;22;10030;24;;;10021.0;0.0
yf_ZS=F_d0;55500;INTARIAN_PEPPER_ROOT;10501;15;10497;22;;;10507;18;10511;20;;;10504.0;0.0
yf_ZS=F_d0;55600;ASH_COATED_OSMIUM;10016;14;10014;22;;;10026;6;10029;23;;;10021.0;0.0
yf_ZS=F_d0;55600;INTARIAN_PEPPER_ROOT;10498;19;10495;20;;;10513;21;10517;16;;;10505.5;0.0
yf_ZS=F_d0;55700;ASH_COATED_OSMIUM;10018;13;10016;19;;;10024;25;10026;19;;;10021.0;0.0
yf_ZS=F_d0;55700;INTARIAN_PEPPER_ROOT;10504;18;10501;22;;;10510;17;10512;8;;;10507.0;0.0
yf_ZS=F_d0;55800;ASH_COATED_OSMIUM;10010;9;10006;23;;;10031;16;10035;16;;;10020.5;0.0
yf_ZS=F_d0;55800;INTARIAN_PEPPER_ROOT;10506;12;10503;13;;;10512;18;10514;22;;;10509.0;0.0
yf_ZS=F_d0;55900;ASH_COATED_OSMIUM;10017;17;10015;21;;;10023;12;10026;20;;;10020.0;0.0
yf_ZS=F_d0;55900;INTARIAN_PEPPER_ROOT;10507;14;10503;17;;;10513;5;10517;14;;;10510.0;0.0
yf_ZS=F_d0;56000;ASH_COATED_OSMIUM;10014;16;10010;17;;;10026;20;10028;19;;;10020.0;0.0
yf_ZS=F_d0;56000;INTARIAN_PEPPER_ROOT;10504;19;10500;11;;;10522;18;10524;18;;;10513.0;0.0
yf_ZS=F_d0;56100;ASH_COATED_OSMIUM;10011;10;10008;21;;;10028;9;10030;23;;;10019.5;0.0
yf_ZS=F_d0;56100;INTARIAN_PEPPER_ROOT;10505;12;10503;19;;;10522;9;10524;22;;;10513.5;0.0
yf_ZS=F_d0;56200;ASH_COATED_OSMIUM;10015;11;10011;16;;;10021;6;10024;16;;;10018.0;0.0
yf_ZS=F_d0;56200;INTARIAN_PEPPER_ROOT;10513;14;10509;26;;;10519;15;10521;19;;;10516.0;0.0
yf_ZS=F_d0;56300;ASH_COATED_OSMIUM;10015;21;10012;13;;;10021;16;10023;13;;;10018.0;0.0
yf_ZS=F_d0;56300;INTARIAN_PEPPER_ROOT;10515;19;10512;16;;;10521;14;10524;13;;;10518.0;0.0
yf_ZS=F_d0;56400;ASH_COATED_OSMIUM;10001;13;9998;22;;;10034;8;10036;17;;;10017.5;0.0
yf_ZS=F_d0;56400;INTARIAN_PEPPER_ROOT;10510;19;10508;30;;;10527;8;10530;18;;;10518.5;0.0
yf_ZS=F_d0;56500;ASH_COATED_OSMIUM;10008;12;10006;18;;;10026;11;10030;13;;;10017.0;0.0
yf_ZS=F_d0;56500;INTARIAN_PEPPER_ROOT;10518;16;10514;33;;;10524;14;10528;18;;;10521.0;0.0
yf_ZS=F_d0;56600;ASH_COATED_OSMIUM;10009;9;10007;20;;;10024;23;10026;17;;;10016.5;0.0
yf_ZS=F_d0;56600;INTARIAN_PEPPER_ROOT;10519;12;10517;21;;;10525;18;10527;20;;;10522.0;0.0
yf_ZS=F_d0;56700;ASH_COATED_OSMIUM;10012;17;10008;29;;;10018;21;10021;14;;;10015.0;0.0
