day;timestamp;product;bid_price_1;bid_volume_1;bid_price_2;bid_volume_2;bid_price_3;bid_volume_3;ask_price_1;ask_volume_1;ask_price_2;ask_volume_2;ask_price_3;ask_volume_3;mid_price;profit_and_loss
yf_BGS_d6;0;ASH_COATED_OSMIUM;9904;9;9902;11;;;9916;16;9918;21;;;9910.0;0.0
yf_BGS_d6;0;INTARIAN_PEPPER_ROOT;12011;13;12009;29;;;12017;5;12021;17;;;12014.0;0.0
yf_BGS_d6;100;ASH_COATED_OSMIUM;9900;11;9896;18;;;9918;13;9920;21;;;9909.0;0.0
yf_BGS_d6;100;INTARIAN_PEPPER_ROOT;12000;28;11996;25;;;12026;20;12028;18;;;12013.0;0.0
yf_BGS_d6;200;ASH_COATED_OSMIUM;9907;8;9905;12;;;9913;18;9917;14;;;9910.0;0.0
yf_BGS_d6;200;INTARIAN_PEPPER_ROOT;12007;16;12003;21;;;12018;9;12021;21;;;12012.5;0.0
yf_BGS_d6;300;ASH_COATED_OSMIUM;9906;17;9903;20;;;9912;19;9914;21;;;9909.0;0.0
yf_BGS_d6;300;INTARIAN_PEPPER_ROOT;12009;5;12006;23;;;12015;14;12017;17;;;12012.0;0.0
yf_BGS_d6;400;ASH_COATED_OSMIUM;9906;14;9903;25;;;9912;15;9914;17;;;9909.0;0.0
yf_BGS_d6;400;INTARIAN_PEPPER_ROOT;12009;7;12005;17;;;12015;15;12019;21;;;12012.0;0.0
yf_BGS_d6;500;ASH_COATED_OSMIUM;9907;14;9905;28;;;9913;10;9917;18;;;9910.0;0.0
yf_BGS_d6;500;INTARIAN_PEPPER_ROOT;12009;11;12006;17;;;12015;8;12017;18;;;12012.0;0.0
yf_BGS_d6;600;ASH_COATED_OSMIUM;9898;12;9896;16;;;9921;13;9924;15;;;9909.5;0.0
yf_BGS_d6;600;INTARIAN_PEPPER_ROOT;12009;5;12006;20;;;12015;12;12019;23;;;12012.0;0.0
yf_BGS_d6;700;ASH_COATED_OSMIUM;9901;24;9897;19;;;9916;11;9920;18;;;9908.5;0.0
yf_BGS_d6;700;INTARIAN_PEPPER_ROOT;12007;12;12003;16;;;12015;13;12017;19;;;12011.0;0.0
yf_BGS_d6;800;ASH_COATED_OSMIUM;9906;9;9902;20;;;9912;14;9915;16;;;9909.0;0.0
yf_BGS_d6;800;INTARIAN_PEPPER_ROOT;11994;19;11991;19;;;12027;18;12029;24;;;12010.5;0.0
yf_BGS_d6;900;ASH_COATED_OSMIUM;9898;16;9896;15;;;9919;11;9922;16;;;9908.5;0.0
yf_BGS_d6;900;INTARIAN_PEPPER_ROOT;12008;18;12006;22;;;12014;11;12017;24;;;12011.0;0.0
yf_BGS_d6;1000;ASH_COATED_OSMIUM;9906;12;9903;18;;;9912;16;9916;15;;;9909.0;0.0
yf_BGS_d6;1000;INTARIAN_PEPPER_ROOT;12007;15;12005;19;;;12013;14;12015;17;;;12010.0;0.0
yf_BGS_d6;1100;ASH_COATED_OSMIUM;9906;14;9902;17;;;9912;24;9915;32;;;9909.0;0.0
yf_BGS_d6;1100;INTARIAN_PEPPER_ROOT;12002;20;12000;28;;;12020;14;12024;17;;;12011.0;0.0
yf_BGS_d6;1200;ASH_COATED_OSMIUM;9900;17;9896;13;;;9917;21;9919;14;;;9908.5;0.0
yf_BGS_d6;1200;INTARIAN_PEPPER_ROOT;12007;10;12005;17;;;12013;9;12016;18;;;12010.0;0.0
yf_BGS_d6;1300;ASH_COATED_OSMIUM;9905;5;9901;23;;;9913;20;9916;25;;;9909.0;0.0
yf_BGS_d6;1300;INTARIAN_PEPPER_ROOT;11999;8;11996;19;;;12022;14;12025;18;;;12010.5;0.0
yf_BGS_d6;1400;ASH_COATED_OSMIUM;9906;18;9903;19;;;9912;15;9916;26;;;9909.0;0.0
yf_BGS_d6;1400;INTARIAN_PEPPER_ROOT;12003;9;12000;21;;;12016;12;12019;20;;;12009.5;0.0
yf_BGS_d6;1500;ASH_COATED_OSMIUM;9903;17;9899;20;;;9914;14;9917;17;;;9908.5;0.0
yf_BGS_d6;1500;INTARIAN_PEPPER_ROOT;12006;16;12003;20;;;12012;21;12016;27;;;12009.0;0.0
yf_BGS_d6;1600;ASH_COATED_OSMIUM;9906;11;9904;25;;;9912;12;9914;19;;;9909.0;0.0
yf_BGS_d6;1600;INTARIAN_PEPPER_ROOT;12006;16;12002;10;;;12012;9;12015;24;;;12009.0;0.0
yf_BGS_d6;1700;ASH_COATED_OSMIUM;9905;23;9901;26;;;9911;9;9913;20;;;9908.0;0.0
yf_BGS_d6;1700;INTARIAN_PEPPER_ROOT;12006;10;12003;23;;;12012;15;12015;22;;;12009.0;0.0
yf_BGS_d6;1800;ASH_COATED_OSMIUM;9905;8;9902;22;;;9912;21;9915;22;;;9908.5;0.0
yf_BGS_d6;1800;INTARIAN_PEPPER_ROOT;11989;17;11986;20;;;12027;19;12031;21;;;12008.0;0.0
yf_BGS_d6;1900;ASH_COATED_OSMIUM;9906;16;9902;17;;;9912;13;9914;17;;;9909.0;0.0
yf_BGS_d6;1900;INTARIAN_PEPPER_ROOT;12005;18;12001;17;;;12011;10;12013;15;;;12008.0;0.0
yf_BGS_d6;2000;ASH_COATED_OSMIUM;9905;15;9903;15;;;9911;20;9914;21;;;9908.0;0.0
yf_BGS_d6;2000;INTARIAN_PEPPER_ROOT;12005;13;12002;17;;;12011;11;12014;15;;;12008.0;0.0
yf_BGS_d6;2100;ASH_COATED_OSMIUM;9899;7;9895;12;;;9918;11;9921;17;;;9908.5;0.0
yf_BGS_d6;2100;INTARIAN_PEPPER_ROOT;12006;18;12003;29;;;12012;9;12014;20;;;12009.0;0.0
yf_BGS_d6;2200;ASH_COATED_OSMIUM;9901;18;9899;24;;;9915;18;9919;19;;;9908.0;0.0
yf_BGS_d6;2200;INTARIAN_PEPPER_ROOT;12005;10;12003;20;;;12011;15;12014;8;;;12008.0;0.0
yf_BGS_d6;2300;ASH_COATED_OSMIUM;9905;18;9903;23;;;9911;14;9915;22;;;9908.0;0.0
yf_BGS_d6;2300;INTARIAN_PEPPER_ROOT;12004;21;12002;20;;;12012;9;12014;19;;;12008.0;0.0
yf_BGS_d6;2400;ASH_COATED_OSMIUM;9905;13;9902;18;;;9911;12;9914;26;;;9908.0;0.0
yf_BGS_d6;2400;INTARIAN_PEPPER_ROOT;12003;10;11999;19;;;12011;20;12013;16;;;12007.0;0.0
yf_BGS_d6;2500;ASH_COATED_OSMIUM;9905;12;9902;9;;;9911;16;9915;28;;;9908.0;0.0
yf_BGS_d6;2500;INTARIAN_PEPPER_ROOT;12003;18;11999;18;;;12009;17;12013;26;;;12006.0;0.0
yf_BGS_d6;2600;ASH_COATED_OSMIUM;9905;7;9903;16;;;9911;17;9913;22;;;9908.0;0.0
yf_BGS_d6;2600;INTARIAN_PEPPER_ROOT;12004;9;12001;9;;;12010;24;12013;16;;;12007.0;0.0
yf_BGS_d6;2700;ASH_COATED_OSMIUM;9897;15;9894;21;;;9919;16;9921;16;;;9908.0;0.0
yf_BGS_d6;2700;INTARIAN_PEPPER_ROOT;12003;15;11999;23;;;12009;16;12013;19;;;12006.0;0.0
yf_BGS_d6;2800;ASH_COATED_OSMIUM;9905;16;9901;11;;;9911;16;9915;30;;;9908.0;0.0
yf_BGS_d6;2800;INTARIAN_PEPPER_ROOT;11998;17;11994;12;;;12015;15;12019;23;;;12006.5;0.0
yf_BGS_d6;2900;ASH_COATED_OSMIUM;9893;11;9891;23;;;9921;20;9924;24;;;9907.0;0.0
yf_BGS_d6;2900;INTARIAN_PEPPER_ROOT;11992;17;11989;21;;;12019;6;12023;22;;;12005.5;0.0
yf_BGS_d6;3000;ASH_COATED_OSMIUM;9905;9;9901;23;;;9911;16;9915;14;;;9908.0;0.0
yf_BGS_d6;3000;INTARIAN_PEPPER_ROOT;12000;17;11998;14;;;12011;12;12015;23;;;12005.5;0.0
yf_BGS_d6;3100;ASH_COATED_OSMIUM;9902;5;9900;20;;;9915;18;9919;18;;;9908.5;0.0
yf_BGS_d6;3100;INTARIAN_PEPPER_ROOT;12003;12;12001;15;;;12009;14;12013;15;;;12006.0;0.0
yf_BGS_d6;3200;ASH_COATED_OSMIUM;9904;19;9901;8;;;9910;8;9914;16;;;9907.0;0.0
yf_BGS_d6;3200;INTARIAN_PEPPER_ROOT;12003;18;12000;8;;;12009;16;12012;22;;;12006.0;0.0
yf_BGS_d6;3300;ASH_COATED_OSMIUM;9905;27;9902;31;;;9911;5;9914;22;;;9908.0;0.0
yf_BGS_d6;3300;INTARIAN_PEPPER_ROOT;12002;7;11999;10;;;12008;13;12012;18;;;12005.0;0.0
yf_BGS_d6;3400;ASH_COATED_OSMIUM;9901;20;9898;19;;;9914;17;9916;19;;;9907.5;0.0
yf_BGS_d6;3400;INTARIAN_PEPPER_ROOT;12002;6;12000;17;;;12008;20;12010;12;;;12005.0;0.0
yf_BGS_d6;3500;ASH_COATED_OSMIUM;9905;6;9901;24;;;9911;11;9913;14;;;9908.0;0.0
yf_BGS_d6;3500;INTARIAN_PEPPER_ROOT;12002;14;11998;16;;;12008;12;12012;16;;;12005.0;0.0
yf_BGS_d6;3600;ASH_COATED_OSMIUM;9904;19;9902;18;;;9912;17;9915;21;;;9908.0;0.0
yf_BGS_d6;3600;INTARIAN_PEPPER_ROOT;12002;8;11998;13;;;12008;15;12011;10;;;12005.0;0.0
yf_BGS_d6;3700;ASH_COATED_OSMIUM;9905;15;9901;14;;;9911;17;9915;22;;;9908.0;0.0
yf_BGS_d6;3700;INTARIAN_PEPPER_ROOT;11995;10;11993;27;;;12014;12;12018;17;;;12004.5;0.0
yf_BGS_d6;3800;ASH_COATED_OSMIUM;9904;18;9901;20;;;9910;16;9913;14;;;9907.0;0.0
yf_BGS_d6;3800;INTARIAN_PEPPER_ROOT;11998;25;11994;19;;;12009;11;12011;21;;;12003.5;0.0
yf_BGS_d6;3900;ASH_COATED_OSMIUM;9901;21;9897;26;;;9915;20;9917;19;;;9908.0;0.0
yf_BGS_d6;3900;INTARIAN_PEPPER_ROOT;12000;12;11996;20;;;12006;23;12008;19;;;12003.0;0.0
yf_BGS_d6;4000;ASH_COATED_OSMIUM;9905;20;9902;22;;;9911;12;9913;27;;;9908.0;0.0
yf_BGS_d6;4000;INTARIAN_PEPPER_ROOT;12000;10;11998;12;;;12006;16;12008;29;;;12003.0;0.0
yf_BGS_d6;4100;ASH_COATED_OSMIUM;9905;15;9902;21;;;9911;9;9915;20;;;9908.0;0.0
yf_BGS_d6;4100;INTARIAN_PEPPER_ROOT;12000;16;11998;24;;;12006;21;12008;19;;;12003.0;0.0
yf_BGS_d6;4200;ASH_COATED_OSMIUM;9899;8;9895;13;;;9915;16;9917;19;;;9907.0;0.0
yf_BGS_d6;4200;INTARIAN_PEPPER_ROOT;11996;12;11994;19;;;12009;15;12011;15;;;12002.5;0.0
yf_BGS_d6;4300;ASH_COATED_OSMIUM;9903;15;9900;23;;;9909;20;9912;30;;;9906.0;0.0
yf_BGS_d6;4300;INTARIAN_PEPPER_ROOT;12000;12;11996;16;;;12006;15;12008;22;;;12003.0;0.0
yf_BGS_d6;4400;ASH_COATED_OSMIUM;9904;12;9900;21;;;9910;9;9914;17;;;9907.0;0.0
yf_BGS_d6;4400;INTARIAN_PEPPER_ROOT;12000;6;11996;18;;;12006;19;12009;10;;;12003.0;0.0
yf_BGS_d6;4500;ASH_COATED_OSMIUM;9904;14;9902;23;;;9910;9;9914;14;;;9907.0;0.0
yf_BGS_d6;4500;INTARIAN_PEPPER_ROOT;11999;11;11997;16;;;12005;20;12007;17;;;12002.0;0.0
yf_BGS_d6;4600;ASH_COATED_OSMIUM;9903;6;9899;21;;;9912;18;9915;22;;;9907.5;0.0
yf_BGS_d6;4600;INTARIAN_PEPPER_ROOT;11999;11;11996;16;;;12005;13;12008;19;;;12002.0;0.0
yf_BGS_d6;4700;ASH_COATED_OSMIUM;9904;17;9902;25;;;9910;17;9913;27;;;9907.0;0.0
yf_BGS_d6;4700;INTARIAN_PEPPER_ROOT;11993;15;11989;25;;;12010;16;12014;23;;;12001.5;0.0
yf_BGS_d6;4800;ASH_COATED_OSMIUM;9904;9;9901;18;;;9910;17;9914;25;;;9907.0;0.0
yf_BGS_d6;4800;INTARIAN_PEPPER_ROOT;11999;21;11995;15;;;12005;20;12008;13;;;12002.0;0.0
yf_BGS_d6;4900;ASH_COATED_OSMIUM;9899;23;9896;23;;;9915;9;9917;14;;;9907.0;0.0
yf_BGS_d6;4900;INTARIAN_PEPPER_ROOT;11999;6;11995;15;;;12005;14;12009;16;;;12002.0;0.0
yf_BGS_d6;5000;ASH_COATED_OSMIUM;9897;15;9894;19;;;9916;22;9920;17;;;9906.5;0.0
yf_BGS_d6;5000;INTARIAN_PEPPER_ROOT;11996;9;11994;19;;;12006;23;12010;26;;;12001.0;0.0
yf_BGS_d6;5100;ASH_COATED_OSMIUM;9901;23;9898;18;;;9913;15;9917;18;;;9907.0;0.0
yf_BGS_d6;5100;INTARIAN_PEPPER_ROOT;11996;5;11994;24;;;12006;24;12010;17;;;12001.0;0.0
yf_BGS_d6;5200;ASH_COATED_OSMIUM;9901;17;9897;20;;;9912;16;9914;18;;;9906.5;0.0
yf_BGS_d6;5200;INTARIAN_PEPPER_ROOT;11998;23;11994;20;;;12004;19;12006;16;;;12001.0;0.0
yf_BGS_d6;5300;ASH_COATED_OSMIUM;9904;19;9902;16;;;9910;16;9913;19;;;9907.0;0.0
yf_BGS_d6;5300;INTARIAN_PEPPER_ROOT;11997;15;11995;21;;;12004;12;12006;12;;;12000.5;0.0
yf_BGS_d6;5400;ASH_COATED_OSMIUM;9903;11;9901;23;;;9911;15;9914;17;;;9907.0;0.0
yf_BGS_d6;5400;INTARIAN_PEPPER_ROOT;11998;17;11996;20;;;12004;17;12008;13;;;12001.0;0.0
yf_BGS_d6;5500;ASH_COATED_OSMIUM;9904;15;9901;22;;;9910;17;9914;19;;;9907.0;0.0
yf_BGS_d6;5500;INTARIAN_PEPPER_ROOT;11997;10;11994;19;;;12003;16;12007;21;;;12000.0;0.0
yf_BGS_d6;5600;ASH_COATED_OSMIUM;9904;10;9900;14;;;9910;26;9913;25;;;9907.0;0.0
yf_BGS_d6;5600;INTARIAN_PEPPER_ROOT;11988;10;11986;15;;;12010;5;12012;17;;;11999.0;0.0
yf_BGS_d6;5700;ASH_COATED_OSMIUM;9903;16;9900;20;;;9909;10;9913;23;;;9906.0;0.0
yf_BGS_d6;5700;INTARIAN_PEPPER_ROOT;11996;14;11994;25;;;12003;5;12005;8;;;11999.5;0.0
yf_BGS_d6;5800;ASH_COATED_OSMIUM;9904;17;9900;15;;;9910;6;9912;25;;;9907.0;0.0
yf_BGS_d6;5800;INTARIAN_PEPPER_ROOT;11996;10;11992;13;;;12002;18;12005;18;;;11999.0;0.0
yf_BGS_d6;5900;ASH_COATED_OSMIUM;9903;19;9899;16;;;9909;17;9913;14;;;9906.0;0.0
yf_BGS_d6;5900;INTARIAN_PEPPER_ROOT;11995;11;11991;12;;;12001;14;12004;13;;;11998.0;0.0
yf_BGS_d6;6000;ASH_COATED_OSMIUM;9896;6;9894;19;;;9916;12;9920;16;;;9906.0;0.0
yf_BGS_d6;6000;INTARIAN_PEPPER_ROOT;11995;14;11993;22;;;12001;16;12003;22;;;11998.0;0.0
yf_BGS_d6;6100;ASH_COATED_OSMIUM;9899;14;9895;19;;;9912;21;9915;19;;;9905.5;0.0
yf_BGS_d6;6100;INTARIAN_PEPPER_ROOT;11995;22;11992;27;;;12001;14;12005;18;;;11998.0;0.0
yf_BGS_d6;6200;ASH_COATED_OSMIUM;9903;12;9900;24;;;9909;16;9913;8;;;9906.0;0.0
yf_BGS_d6;6200;INTARIAN_PEPPER_ROOT;11996;16;11992;23;;;12002;15;12004;15;;;11999.0;0.0
yf_BGS_d6;6300;ASH_COATED_OSMIUM;9897;10;9894;23;;;9914;16;9918;13;;;9905.5;0.0
yf_BGS_d6;6300;INTARIAN_PEPPER_ROOT;11990;16;11986;18;;;12006;10;12008;21;;;11998.0;0.0
yf_BGS_d6;6400;ASH_COATED_OSMIUM;9903;9;9899;26;;;9909;6;9913;17;;;9906.0;0.0
yf_BGS_d6;6400;INTARIAN_PEPPER_ROOT;11994;10;11991;22;;;12001;7;12005;19;;;11997.5;0.0
yf_BGS_d6;6500;ASH_COATED_OSMIUM;9902;18;9898;14;;;9909;10;9913;18;;;9905.5;0.0
yf_BGS_d6;6500;INTARIAN_PEPPER_ROOT;11994;12;11992;26;;;12000;6;12002;26;;;11997.0;0.0
yf_BGS_d6;6600;ASH_COATED_OSMIUM;9895;15;9893;17;;;9917;15;9921;34;;;9906.0;0.0
yf_BGS_d6;6600;INTARIAN_PEPPER_ROOT;11995;13;11992;16;;;12001;15;12005;14;;;11998.0;0.0
yf_BGS_d6;6700;ASH_COATED_OSMIUM;9903;17;9900;29;;;9909;24;9911;19;;;9906.0;0.0
yf_BGS_d6;6700;INTARIAN_PEPPER_ROOT;11994;16;11990;15;;;12000;14;12002;25;;;11997.0;0.0
yf_BGS_d6;6800;ASH_COATED_OSMIUM;9903;10;9901;27;;;9909;15;9913;20;;;9906.0;0.0
yf_BGS_d6;6800;INTARIAN_PEPPER_ROOT;11990;18;11988;22;;;12005;16;12009;20;;;11997.5;0.0
yf_BGS_d6;6900;ASH_COATED_OSMIUM;9901;16;9897;19;;;9912;17;9915;17;;;9906.5;0.0
yf_BGS_d6;6900;INTARIAN_PEPPER_ROOT;11994;11;11990;15;;;12000;11;12003;13;;;11997.0;0.0
yf_BGS_d6;7000;ASH_COATED_OSMIUM;9903;9;9901;28;;;9909;17;9911;19;;;9906.0;0.0
yf_BGS_d6;7000;INTARIAN_PEPPER_ROOT;11993;13;11991;20;;;11999;13;12002;13;;;11996.0;0.0
yf_BGS_d6;7100;ASH_COATED_OSMIUM;9903;9;9899;18;;;9909;21;9912;20;;;9906.0;0.0
yf_BGS_d6;7100;INTARIAN_PEPPER_ROOT;11993;12;11991;8;;;11999;15;12001;21;;;11996.0;0.0
yf_BGS_d6;7200;ASH_COATED_OSMIUM;9902;13;9899;24;;;9910;12;9913;23;;;9906.0;0.0
yf_BGS_d6;7200;INTARIAN_PEPPER_ROOT;11993;9;11989;18;;;11999;14;12002;20;;;11996.0;0.0
yf_BGS_d6;7300;ASH_COATED_OSMIUM;9903;16;9900;20;;;9909;15;9913;20;;;9906.0;0.0
yf_BGS_d6;7300;INTARIAN_PEPPER_ROOT;11992;15;11988;13;;;11999;16;12003;23;;;11995.5;0.0
yf_BGS_d6;7400;ASH_COATED_OSMIUM;9901;18;9899;24;;;9910;15;9912;14;;;9905.5;0.0
yf_BGS_d6;7400;INTARIAN_PEPPER_ROOT;11992;16;11990;22;;;11998;22;12000;25;;;11995.0;0.0
yf_BGS_d6;7500;ASH_COATED_OSMIUM;9902;18;9900;23;;;9908;19;9910;18;;;9905.0;0.0
yf_BGS_d6;7500;INTARIAN_PEPPER_ROOT;11992;12;11989;24;;;11998;22;12001;27;;;11995.0;0.0
yf_BGS_d6;7600;ASH_COATED_OSMIUM;9902;10;9899;33;;;9908;17;9911;24;;;9905.0;0.0
yf_BGS_d6;7600;INTARIAN_PEPPER_ROOT;11992;18;11989;19;;;11998;9;12000;15;;;11995.0;0.0
yf_BGS_d6;7700;ASH_COATED_OSMIUM;9901;8;9897;26;;;9910;23;9912;16;;;9905.5;0.0
yf_BGS_d6;7700;INTARIAN_PEPPER_ROOT;11992;9;11989;35;;;11998;15;12001;18;;;11995.0;0.0
yf_BGS_d6;7800;ASH_COATED_OSMIUM;9902;14;9899;21;;;9908;13;9912;19;;;9905.0;0.0
yf_BGS_d6;7800;INTARIAN_PEPPER_ROOT;11992;16;11988;20;;;11998;15;12000;19;;;11995.0;0.0
yf_BGS_d6;7900;ASH_COATED_OSMIUM;9891;15;9889;20;;;9918;15;9922;20;;;9904.5;0.0
yf_BGS_d6;7900;INTARIAN_PEPPER_ROOT;11990;23;11987;20;;;11999;14;12001;27;;;11994.5;0.0
yf_BGS_d6;8000;ASH_COATED_OSMIUM;9903;5;9899;22;;;9909;14;9912;25;;;9906.0;0.0
yf_BGS_d6;8000;INTARIAN_PEPPER_ROOT;11991;16;11987;19;;;11997;14;11999;18;;;11994.0;0.0
yf_BGS_d6;8100;ASH_COATED_OSMIUM;9902;22;9900;22;;;9908;24;9912;27;;;9905.0;0.0
yf_BGS_d6;8100;INTARIAN_PEPPER_ROOT;11991;16;11988;18;;;11997;15;12001;17;;;11994.0;0.0
yf_BGS_d6;8200;ASH_COATED_OSMIUM;9899;13;9897;11;;;9913;13;9915;23;;;9906.0;0.0
yf_BGS_d6;8200;INTARIAN_PEPPER_ROOT;11987;14;11985;27;;;12000;18;12004;23;;;11993.5;0.0
yf_BGS_d6;8300;ASH_COATED_OSMIUM;9902;15;9899;31;;;9908;15;9911;10;;;9905.0;0.0
yf_BGS_d6;8300;INTARIAN_PEPPER_ROOT;11985;10;11981;17;;;12002;15;12006;28;;;11993.5;0.0
yf_BGS_d6;8400;ASH_COATED_OSMIUM;9899;11;9896;14;;;9911;19;9915;20;;;9905.0;0.0
yf_BGS_d6;8400;INTARIAN_PEPPER_ROOT;11990;18;11986;21;;;11996;14;12000;16;;;11993.0;0.0
yf_BGS_d6;8500;ASH_COATED_OSMIUM;9902;12;9899;11;;;9908;25;9910;22;;;9905.0;0.0
yf_BGS_d6;8500;INTARIAN_PEPPER_ROOT;11990;18;11986;17;;;11996;13;11999;17;;;11993.0;0.0
yf_BGS_d6;8600;ASH_COATED_OSMIUM;9895;16;9892;22;;;9915;20;9918;23;;;9905.0;0.0
yf_BGS_d6;8600;INTARIAN_PEPPER_ROOT;11990;20;11986;12;;;11996;16;12000;27;;;11993.0;0.0
yf_BGS_d6;8700;ASH_COATED_OSMIUM;9901;15;9899;22;;;9910;9;9912;18;;;9905.5;0.0
yf_BGS_d6;8700;INTARIAN_PEPPER_ROOT;11985;14;11981;9;;;11999;14;12002;22;;;11992.0;0.0
yf_BGS_d6;8800;ASH_COATED_OSMIUM;9902;15;9899;8;;;9908;5;9910;11;;;9905.0;0.0
yf_BGS_d6;8800;INTARIAN_PEPPER_ROOT;11989;14;11987;31;;;11995;17;11997;17;;;11992.0;0.0
yf_BGS_d6;8900;ASH_COATED_OSMIUM;9895;16;9893;18;;;9914;20;9916;22;;;9904.5;0.0
yf_BGS_d6;8900;INTARIAN_PEPPER_ROOT;11989;16;11986;20;;;11995;9;11999;16;;;11992.0;0.0
yf_BGS_d6;9000;ASH_COATED_OSMIUM;9902;14;9899;17;;;9908;15;9912;25;;;9905.0;0.0
yf_BGS_d6;9000;INTARIAN_PEPPER_ROOT;11989;10;11986;13;;;11995;15;11999;23;;;11992.0;0.0
yf_BGS_d6;9100;ASH_COATED_OSMIUM;9901;19;9899;15;;;9909;21;9911;28;;;9905.0;0.0
yf_BGS_d6;9100;INTARIAN_PEPPER_ROOT;11988;21;11984;18;;;11994;9;11998;35;;;11991.0;0.0
yf_BGS_d6;9200;ASH_COATED_OSMIUM;9900;22;9898;18;;;9910;16;9913;17;;;9905.0;0.0
yf_BGS_d6;9200;INTARIAN_PEPPER_ROOT;11988;7;11984;19;;;11994;8;11996;22;;;11991.0;0.0
yf_BGS_d6;9300;ASH_COATED_OSMIUM;9894;12;9890;27;;;9916;15;9919;27;;;9905.0;0.0
yf_BGS_d6;9300;INTARIAN_PEPPER_ROOT;11978;16;11975;15;;;12004;5;12007;20;;;11991.0;0.0
yf_BGS_d6;9400;ASH_COATED_OSMIUM;9896;8;9892;19;;;9913;25;9917;24;;;9904.5;0.0
yf_BGS_d6;9400;INTARIAN_PEPPER_ROOT;11988;12;11984;25;;;11994;5;11997;19;;;11991.0;0.0
yf_BGS_d6;9500;ASH_COATED_OSMIUM;9902;10;9899;19;;;9908;14;9910;17;;;9905.0;0.0
yf_BGS_d6;9500;INTARIAN_PEPPER_ROOT;11988;15;11985;8;;;11994;12;11997;9;;;11991.0;0.0
yf_BGS_d6;9600;ASH_COATED_OSMIUM;9900;18;9896;11;;;9910;11;9914;21;;;9905.0;0.0
yf_BGS_d6;9600;INTARIAN_PEPPER_ROOT;11988;13;11986;27;;;11994;17;11997;25;;;11991.0;0.0
yf_BGS_d6;9700;ASH_COATED_OSMIUM;9897;18;9894;15;;;9913;17;9915;24;;;9905.0;0.0
yf_BGS_d6;9700;INTARIAN_PEPPER_ROOT;11982;18;11980;16;;;11999;11;12001;24;;;11990.5;0.0
yf_BGS_d6;9800;ASH_COATED_OSMIUM;9899;7;9895;24;;;9910;6;9914;23;;;9904.5;0.0
yf_BGS_d6;9800;INTARIAN_PEPPER_ROOT;11987;5;11983;23;;;11993;18;11997;23;;;11990.0;0.0
yf_BGS_d6;9900;ASH_COATED_OSMIUM;9901;21;9897;21;;;9907;14;9911;18;;;9904.0;0.0
yf_BGS_d6;9900;INTARIAN_PEPPER_ROOT;11986;18;11983;21;;;11992;10;11996;13;;;11989.0;0.0
yf_BGS_d6;10000;ASH_COATED_OSMIUM;9901;15;9898;25;;;9907;16;9911;19;;;9904.0;0.0
yf_BGS_d6;10000;INTARIAN_PEPPER_ROOT;11987;5;11985;19;;;11993;11;11995;19;;;11990.0;0.0
yf_BGS_d6;10100;ASH_COATED_OSMIUM;9901;15;9897;20;;;9908;17;9912;21;;;9904.5;0.0
yf_BGS_d6;10100;INTARIAN_PEPPER_ROOT;11986;13;11983;29;;;11992;23;11996;20;;;11989.0;0.0
yf_BGS_d6;10200;ASH_COATED_OSMIUM;9900;14;9896;24;;;9909;21;9912;18;;;9904.5;0.0
yf_BGS_d6;10200;INTARIAN_PEPPER_ROOT;11986;12;11984;27;;;11992;15;11996;28;;;11989.0;0.0
yf_BGS_d6;10300;ASH_COATED_OSMIUM;9891;8;9888;19;;;9917;18;9919;22;;;9904.0;0.0
yf_BGS_d6;10300;INTARIAN_PEPPER_ROOT;11969;10;11965;15;;;12007;15;12009;16;;;11988.0;0.0
yf_BGS_d6;10400;ASH_COATED_OSMIUM;9900;15;9897;18;;;9908;20;9911;12;;;9904.0;0.0
yf_BGS_d6;10400;INTARIAN_PEPPER_ROOT;11985;18;11981;18;;;11991;10;11993;13;;;11988.0;0.0
yf_BGS_d6;10500;ASH_COATED_OSMIUM;9901;11;9897;10;;;9907;6;9909;21;;;9904.0;0.0
yf_BGS_d6;10500;INTARIAN_PEPPER_ROOT;11976;16;11974;15;;;11999;9;12001;22;;;11987.5;0.0
yf_BGS_d6;10600;ASH_COATED_OSMIUM;9901;17;9899;30;;;9908;5;9910;30;;;9904.5;0.0
yf_BGS_d6;10600;INTARIAN_PEPPER_ROOT;11985;21;11983;19;;;11991;13;11994;27;;;11988.0;0.0
yf_BGS_d6;10700;ASH_COATED_OSMIUM;9901;13;9899;19;;;9907;20;9909;29;;;9904.0;0.0
yf_BGS_d6;10700;INTARIAN_PEPPER_ROOT;11985;8;11983;26;;;11991;5;11994;17;;;11988.0;0.0
yf_BGS_d6;10800;ASH_COATED_OSMIUM;9901;9;9898;23;;;9907;19;9911;18;;;9904.0;0.0
yf_BGS_d6;10800;INTARIAN_PEPPER_ROOT;11982;11;11980;18;;;11993;16;11996;20;;;11987.5;0.0
yf_BGS_d6;10900;ASH_COATED_OSMIUM;9897;13;9893;16;;;9912;14;9914;19;;;9904.5;0.0
yf_BGS_d6;10900;INTARIAN_PEPPER_ROOT;11969;12;11965;19;;;12006;7;12008;11;;;11987.5;0.0
yf_BGS_d6;11000;ASH_COATED_OSMIUM;9898;15;9896;22;;;9909;20;9911;20;;;9903.5;0.0
yf_BGS_d6;11000;INTARIAN_PEPPER_ROOT;11983;13;11981;20;;;11990;5;11992;19;;;11986.5;0.0
yf_BGS_d6;11100;ASH_COATED_OSMIUM;9901;13;9897;22;;;9907;13;9909;28;;;9904.0;0.0
yf_BGS_d6;11100;INTARIAN_PEPPER_ROOT;11981;18;11977;19;;;11993;5;11996;24;;;11987.0;0.0
yf_BGS_d6;11200;ASH_COATED_OSMIUM;9900;9;9897;25;;;9906;13;9909;19;;;9903.0;0.0
yf_BGS_d6;11200;INTARIAN_PEPPER_ROOT;11983;9;11979;24;;;11989;7;11993;20;;;11986.0;0.0
yf_BGS_d6;11300;ASH_COATED_OSMIUM;9900;25;9897;26;;;9906;11;9909;18;;;9903.0;0.0
yf_BGS_d6;11300;INTARIAN_PEPPER_ROOT;11983;23;11980;25;;;11989;22;11993;14;;;11986.0;0.0
yf_BGS_d6;11400;ASH_COATED_OSMIUM;9900;14;9896;19;;;9906;21;9909;18;;;9903.0;0.0
yf_BGS_d6;11400;INTARIAN_PEPPER_ROOT;11980;5;11978;24;;;11993;19;11995;24;;;11986.5;0.0
yf_BGS_d6;11500;ASH_COATED_OSMIUM;9901;14;9897;24;;;9907;21;9910;16;;;9904.0;0.0
yf_BGS_d6;11500;INTARIAN_PEPPER_ROOT;11983;18;11980;18;;;11989;11;11991;18;;;11986.0;0.0
yf_BGS_d6;11600;ASH_COATED_OSMIUM;9901;19;9899;21;;;9907;24;9911;22;;;9904.0;0.0
yf_BGS_d6;11600;INTARIAN_PEPPER_ROOT;11983;11;11980;15;;;11989;9;11992;12;;;11986.0;0.0
yf_BGS_d6;11700;ASH_COATED_OSMIUM;9901;15;9899;9;;;9907;18;9910;19;;;9904.0;0.0
yf_BGS_d6;11700;INTARIAN_PEPPER_ROOT;11983;19;11979;19;;;11989;18;11991;25;;;11986.0;0.0
yf_BGS_d6;11800;ASH_COATED_OSMIUM;9900;20;9898;21;;;9906;6;9909;12;;;9903.0;0.0
yf_BGS_d6;11800;INTARIAN_PEPPER_ROOT;11981;28;11977;18;;;11991;18;11993;28;;;11986.0;0.0
yf_BGS_d6;11900;ASH_COATED_OSMIUM;9897;10;9894;20;;;9910;5;9912;14;;;9903.5;0.0
yf_BGS_d6;11900;INTARIAN_PEPPER_ROOT;11979;13;11976;21;;;11990;14;11992;25;;;11984.5;0.0
yf_BGS_d6;12000;ASH_COATED_OSMIUM;9901;17;9897;25;;;9907;16;9911;12;;;9904.0;0.0
yf_BGS_d6;12000;INTARIAN_PEPPER_ROOT;11969;12;11965;21;;;12000;14;12002;24;;;11984.5;0.0
yf_BGS_d6;12100;ASH_COATED_OSMIUM;9900;21;9897;22;;;9906;15;9909;26;;;9903.0;0.0
yf_BGS_d6;12100;INTARIAN_PEPPER_ROOT;11972;13;11969;13;;;11997;12;12001;24;;;11984.5;0.0
yf_BGS_d6;12200;ASH_COATED_OSMIUM;9901;16;9899;11;;;9907;22;9909;23;;;9904.0;0.0
yf_BGS_d6;12200;INTARIAN_PEPPER_ROOT;11981;13;11978;15;;;11987;10;11991;27;;;11984.0;0.0
yf_BGS_d6;12300;ASH_COATED_OSMIUM;9900;21;9898;22;;;9906;12;9909;28;;;9903.0;0.0
yf_BGS_d6;12300;INTARIAN_PEPPER_ROOT;11979;5;11977;22;;;11990;13;11993;16;;;11984.5;0.0
yf_BGS_d6;12400;ASH_COATED_OSMIUM;9900;19;9896;25;;;9906;17;9909;21;;;9903.0;0.0
yf_BGS_d6;12400;INTARIAN_PEPPER_ROOT;11980;9;11976;20;;;11986;11;11990;22;;;11983.0;0.0
yf_BGS_d6;12500;ASH_COATED_OSMIUM;9896;13;9892;20;;;9909;16;9912;25;;;9902.5;0.0
yf_BGS_d6;12500;INTARIAN_PEPPER_ROOT;11980;12;11977;21;;;11986;17;11988;25;;;11983.0;0.0
yf_BGS_d6;12600;ASH_COATED_OSMIUM;9897;17;9894;22;;;9908;12;9911;21;;;9902.5;0.0
yf_BGS_d6;12600;INTARIAN_PEPPER_ROOT;11980;15;11976;22;;;11988;13;11992;28;;;11984.0;0.0
yf_BGS_d6;12700;ASH_COATED_OSMIUM;9900;20;9896;31;;;9906;8;9908;23;;;9903.0;0.0
yf_BGS_d6;12700;INTARIAN_PEPPER_ROOT;11980;17;11978;25;;;11986;15;11988;17;;;11983.0;0.0
yf_BGS_d6;12800;ASH_COATED_OSMIUM;9900;14;9896;21;;;9906;13;9910;24;;;9903.0;0.0
yf_BGS_d6;12800;INTARIAN_PEPPER_ROOT;11980;20;11977;14;;;11986;18;11989;9;;;11983.0;0.0
yf_BGS_d6;12900;ASH_COATED_OSMIUM;9900;19;9896;11;;;9906;25;9909;28;;;9903.0;0.0
yf_BGS_d6;12900;INTARIAN_PEPPER_ROOT;11980;14;11976;24;;;11986;8;11988;24;;;11983.0;0.0
yf_BGS_d6;13000;ASH_COATED_OSMIUM;9900;13;9898;16;;;9906;11;9909;19;;;9903.0;0.0
yf_BGS_d6;13000;INTARIAN_PEPPER_ROOT;11979;10;11977;18;;;11985;23;11989;19;;;11982.0;0.0
yf_BGS_d6;13100;ASH_COATED_OSMIUM;9893;19;9890;23;;;9912;9;9916;18;;;9902.5;0.0
yf_BGS_d6;13100;INTARIAN_PEPPER_ROOT;11979;18;11975;18;;;11985;23;11987;31;;;11982.0;0.0
yf_BGS_d6;13200;ASH_COATED_OSMIUM;9900;10;9898;21;;;9906;14;9909;24;;;9903.0;0.0
yf_BGS_d6;13200;INTARIAN_PEPPER_ROOT;11979;12;11977;18;;;11985;21;11989;15;;;11982.0;0.0
yf_BGS_d6;13300;ASH_COATED_OSMIUM;9897;17;9894;21;;;9907;20;9911;16;;;9902.0;0.0
yf_BGS_d6;13300;INTARIAN_PEPPER_ROOT;11979;19;11977;22;;;11985;14;11987;23;;;11982.0;0.0
yf_BGS_d6;13400;ASH_COATED_OSMIUM;9900;13;9897;21;;;9906;20;9909;18;;;9903.0;0.0
yf_BGS_d6;13400;INTARIAN_PEPPER_ROOT;11975;11;11973;18;;;11988;11;11991;19;;;11981.5;0.0
yf_BGS_d6;13500;ASH_COATED_OSMIUM;9900;13;9896;20;;;9906;11;9908;20;;;9903.0;0.0
yf_BGS_d6;13500;INTARIAN_PEPPER_ROOT;11977;16;11974;20;;;11984;18;11987;22;;;11980.5;0.0
yf_BGS_d6;13600;ASH_COATED_OSMIUM;9898;19;9896;14;;;9906;21;9908;15;;;9902.0;0.0
yf_BGS_d6;13600;INTARIAN_PEPPER_ROOT;11978;28;11976;15;;;11985;21;11989;13;;;11981.5;0.0
yf_BGS_d6;13700;ASH_COATED_OSMIUM;9894;13;9891;18;;;9910;17;9913;17;;;9902.0;0.0
yf_BGS_d6;13700;INTARIAN_PEPPER_ROOT;11972;13;11969;19;;;11988;5;11991;12;;;11980.0;0.0
yf_BGS_d6;13800;ASH_COATED_OSMIUM;9899;10;9895;23;;;9905;23;9909;16;;;9902.0;0.0
yf_BGS_d6;13800;INTARIAN_PEPPER_ROOT;11971;12;11968;26;;;11990;16;11994;14;;;11980.5;0.0
yf_BGS_d6;13900;ASH_COATED_OSMIUM;9897;11;9893;22;;;9908;23;9911;21;;;9902.5;0.0
yf_BGS_d6;13900;INTARIAN_PEPPER_ROOT;11977;21;11973;17;;;11983;20;11986;22;;;11980.0;0.0
yf_BGS_d6;14000;ASH_COATED_OSMIUM;9899;12;9896;24;;;9905;22;9907;21;;;9902.0;0.0
yf_BGS_d6;14000;INTARIAN_PEPPER_ROOT;11973;14;11969;18;;;11988;11;11992;20;;;11980.5;0.0
yf_BGS_d6;14100;ASH_COATED_OSMIUM;9900;14;9896;12;;;9906;7;9908;24;;;9903.0;0.0
yf_BGS_d6;14100;INTARIAN_PEPPER_ROOT;11967;14;11965;14;;;11991;9;11995;25;;;11979.0;0.0
yf_BGS_d6;14200;ASH_COATED_OSMIUM;9899;17;9897;12;;;9905;12;9908;8;;;9902.0;0.0
yf_BGS_d6;14200;INTARIAN_PEPPER_ROOT;11976;13;11972;17;;;11982;11;11984;22;;;11979.0;0.0
yf_BGS_d6;14300;ASH_COATED_OSMIUM;9899;14;9897;13;;;9905;27;9907;17;;;9902.0;0.0
yf_BGS_d6;14300;INTARIAN_PEPPER_ROOT;11976;5;11973;20;;;11982;13;11985;33;;;11979.0;0.0
yf_BGS_d6;14400;ASH_COATED_OSMIUM;9899;13;9896;31;;;9905;21;9907;23;;;9902.0;0.0
yf_BGS_d6;14400;INTARIAN_PEPPER_ROOT;11973;15;11970;26;;;11985;5;11988;12;;;11979.0;0.0
yf_BGS_d6;14500;ASH_COATED_OSMIUM;9899;18;9895;26;;;9905;11;9908;14;;;9902.0;0.0
yf_BGS_d6;14500;INTARIAN_PEPPER_ROOT;11976;18;11974;24;;;11982;12;11986;24;;;11979.0;0.0
yf_BGS_d6;14600;ASH_COATED_OSMIUM;9893;6;9891;20;;;9912;14;9914;28;;;9902.5;0.0
yf_BGS_d6;14600;INTARIAN_PEPPER_ROOT;11976;21;11974;29;;;11982;13;11985;21;;;11979.0;0.0
yf_BGS_d6;14700;ASH_COATED_OSMIUM;9897;19;9894;25;;;9907;14;9911;22;;;9902.0;0.0
yf_BGS_d6;14700;INTARIAN_PEPPER_ROOT;11975;8;11973;15;;;11981;17;11985;19;;;11978.0;0.0
yf_BGS_d6;14800;ASH_COATED_OSMIUM;9898;7;9895;16;;;9905;26;9908;11;;;9901.5;0.0
yf_BGS_d6;14800;INTARIAN_PEPPER_ROOT;11975;12;11972;27;;;11981;16;11984;16;;;11978.0;0.0
yf_BGS_d6;14900;ASH_COATED_OSMIUM;9899;13;9897;23;;;9905;17;9909;31;;;9902.0;0.0
yf_BGS_d6;14900;INTARIAN_PEPPER_ROOT;11975;18;11971;17;;;11981;21;11985;22;;;11978.0;0.0
yf_BGS_d6;15000;ASH_COATED_OSMIUM;9899;11;9896;29;;;9905;11;9908;17;;;9902.0;0.0
yf_BGS_d6;15000;INTARIAN_PEPPER_ROOT;11972;10;11969;19;;;11982;22;11984;18;;;11977.0;0.0
yf_BGS_d6;15100;ASH_COATED_OSMIUM;9899;14;9895;16;;;9905;5;9908;17;;;9902.0;0.0
yf_BGS_d6;15100;INTARIAN_PEPPER_ROOT;11972;14;11970;19;;;11982;14;11985;14;;;11977.0;0.0
yf_BGS_d6;15200;ASH_COATED_OSMIUM;9899;14;9895;26;;;9905;9;9907;26;;;9902.0;0.0
yf_BGS_d6;15200;INTARIAN_PEPPER_ROOT;11974;6;11972;19;;;11980;12;11983;19;;;11977.0;0.0
yf_BGS_d6;15300;ASH_COATED_OSMIUM;9899;5;9896;24;;;9905;21;9907;17;;;9902.0;0.0
yf_BGS_d6;15300;INTARIAN_PEPPER_ROOT;11970;18;11967;16;;;11984;10;11986;21;;;11977.0;0.0
yf_BGS_d6;15400;ASH_COATED_OSMIUM;9898;18;9895;24;;;9904;18;9908;23;;;9901.0;0.0
yf_BGS_d6;15400;INTARIAN_PEPPER_ROOT;11972;20;11968;18;;;11979;15;11981;15;;;11975.5;0.0
yf_BGS_d6;15500;ASH_COATED_OSMIUM;9898;29;9894;17;;;9904;5;9907;19;;;9901.0;0.0
yf_BGS_d6;15500;INTARIAN_PEPPER_ROOT;11974;18;11971;21;;;11980;17;11983;20;;;11977.0;0.0
yf_BGS_d6;15600;ASH_COATED_OSMIUM;9899;20;9897;24;;;9905;15;9908;16;;;9902.0;0.0
yf_BGS_d6;15600;INTARIAN_PEPPER_ROOT;11973;14;11970;24;;;11979;24;11982;17;;;11976.0;0.0
yf_BGS_d6;15700;ASH_COATED_OSMIUM;9899;13;9895;19;;;9905;8;9907;21;;;9902.0;0.0
yf_BGS_d6;15700;INTARIAN_PEPPER_ROOT;11967;18;11965;10;;;11984;12;11988;11;;;11975.5;0.0
yf_BGS_d6;15800;ASH_COATED_OSMIUM;9899;10;9896;25;;;9905;16;9908;19;;;9902.0;0.0
yf_BGS_d6;15800;INTARIAN_PEPPER_ROOT;11972;8;11970;25;;;11978;21;11981;20;;;11975.0;0.0
yf_BGS_d6;15900;ASH_COATED_OSMIUM;9895;13;9891;15;;;9908;24;9911;11;;;9901.5;0.0
yf_BGS_d6;15900;INTARIAN_PEPPER_ROOT;11972;17;11968;24;;;11978;15;11980;18;;;11975.0;0.0
yf_BGS_d6;16000;ASH_COATED_OSMIUM;9898;12;9896;13;;;9904;11;9906;25;;;9901.0;0.0
yf_BGS_d6;16000;INTARIAN_PEPPER_ROOT;11972;10;11970;22;;;11978;24;11981;18;;;11975.0;0.0
yf_BGS_d6;16100;ASH_COATED_OSMIUM;9898;12;9896;23;;;9904;18;9906;17;;;9901.0;0.0
yf_BGS_d6;16100;INTARIAN_PEPPER_ROOT;11972;16;11970;16;;;11978;17;11981;24;;;11975.0;0.0
yf_BGS_d6;16200;ASH_COATED_OSMIUM;9898;21;9896;21;;;9904;8;9906;24;;;9901.0;0.0
yf_BGS_d6;16200;INTARIAN_PEPPER_ROOT;11972;9;11968;24;;;11978;8;11982;14;;;11975.0;0.0
yf_BGS_d6;16300;ASH_COATED_OSMIUM;9898;17;9895;23;;;9904;6;9907;18;;;9901.0;0.0
yf_BGS_d6;16300;INTARIAN_PEPPER_ROOT;11971;8;11967;17;;;11977;17;11979;20;;;11974.0;0.0
yf_BGS_d6;16400;ASH_COATED_OSMIUM;9891;9;9887;8;;;9910;15;9913;17;;;9900.5;0.0
yf_BGS_d6;16400;INTARIAN_PEPPER_ROOT;11971;12;11968;19;;;11977;20;11981;24;;;11974.0;0.0
yf_BGS_d6;16500;ASH_COATED_OSMIUM;9890;19;9886;18;;;9912;7;9916;17;;;9901.0;0.0
yf_BGS_d6;16500;INTARIAN_PEPPER_ROOT;11970;9;11967;13;;;11976;9;11980;18;;;11973.0;0.0
yf_BGS_d6;16600;ASH_COATED_OSMIUM;9898;14;9894;16;;;9904;15;9908;21;;;9901.0;0.0
yf_BGS_d6;16600;INTARIAN_PEPPER_ROOT;11971;26;11968;20;;;11977;11;11981;9;;;11974.0;0.0
yf_BGS_d6;16700;ASH_COATED_OSMIUM;9896;14;9894;23;;;9906;19;9910;19;;;9901.0;0.0
yf_BGS_d6;16700;INTARIAN_PEPPER_ROOT;11969;12;11966;15;;;11979;13;11982;21;;;11974.0;0.0
yf_BGS_d6;16800;ASH_COATED_OSMIUM;9898;17;9896;24;;;9904;21;9906;19;;;9901.0;0.0
yf_BGS_d6;16800;INTARIAN_PEPPER_ROOT;11971;16;11967;20;;;11977;22;11980;23;;;11974.0;0.0
yf_BGS_d6;16900;ASH_COATED_OSMIUM;9895;20;9891;18;;;9906;14;9910;17;;;9900.5;0.0
yf_BGS_d6;16900;INTARIAN_PEPPER_ROOT;11965;26;11962;23;;;11981;16;11983;13;;;11973.0;0.0
yf_BGS_d6;17000;ASH_COATED_OSMIUM;9898;15;9894;13;;;9904;9;9906;15;;;9901.0;0.0
yf_BGS_d6;17000;INTARIAN_PEPPER_ROOT;11970;20;11968;15;;;11976;15;11979;16;;;11973.0;0.0
yf_BGS_d6;17100;ASH_COATED_OSMIUM;9897;24;9895;21;;;9903;15;9906;19;;;9900.0;0.0
yf_BGS_d6;17100;INTARIAN_PEPPER_ROOT;11969;21;11967;20;;;11975;16;11978;25;;;11972.0;0.0
yf_BGS_d6;17200;ASH_COATED_OSMIUM;9895;10;9892;14;;;9907;17;9910;21;;;9901.0;0.0
yf_BGS_d6;17200;INTARIAN_PEPPER_ROOT;11964;15;11960;13;;;11980;13;11983;30;;;11972.0;0.0
yf_BGS_d6;17300;ASH_COATED_OSMIUM;9897;11;9894;15;;;9905;15;9909;20;;;9901.0;0.0
yf_BGS_d6;17300;INTARIAN_PEPPER_ROOT;11968;14;11965;18;;;11974;28;11976;18;;;11971.0;0.0
yf_BGS_d6;17400;ASH_COATED_OSMIUM;9897;18;9895;17;;;9903;11;9907;15;;;9900.0;0.0
yf_BGS_d6;17400;INTARIAN_PEPPER_ROOT;11967;7;11964;22;;;11973;8;11975;15;;;11970.0;0.0
yf_BGS_d6;17500;ASH_COATED_OSMIUM;9893;14;9890;13;;;9907;19;9911;32;;;9900.0;0.0
yf_BGS_d6;17500;INTARIAN_PEPPER_ROOT;11967;5;11964;19;;;11973;14;11976;19;;;11970.0;0.0
yf_BGS_d6;17600;ASH_COATED_OSMIUM;9898;12;9895;18;;;9904;18;9907;23;;;9901.0;0.0
yf_BGS_d6;17600;INTARIAN_PEPPER_ROOT;11958;6;11955;23;;;11980;15;11982;18;;;11969.0;0.0
yf_BGS_d6;17700;ASH_COATED_OSMIUM;9897;19;9893;22;;;9903;18;9906;16;;;9900.0;0.0
yf_BGS_d6;17700;INTARIAN_PEPPER_ROOT;11958;21;11956;24;;;11979;6;11983;22;;;11968.5;0.0
yf_BGS_d6;17800;ASH_COATED_OSMIUM;9894;19;9890;20;;;9909;18;9913;16;;;9901.5;0.0
yf_BGS_d6;17800;INTARIAN_PEPPER_ROOT;11965;18;11963;14;;;11971;14;11975;22;;;11968.0;0.0
yf_BGS_d6;17900;ASH_COATED_OSMIUM;9893;8;9889;20;;;9909;11;9911;26;;;9901.0;0.0
yf_BGS_d6;17900;INTARIAN_PEPPER_ROOT;11965;10;11962;20;;;11971;18;11975;23;;;11968.0;0.0
yf_BGS_d6;18000;ASH_COATED_OSMIUM;9892;12;9889;20;;;9909;10;9913;26;;;9900.5;0.0
yf_BGS_d6;18000;INTARIAN_PEPPER_ROOT;11963;16;11959;19;;;11969;13;11972;16;;;11966.0;0.0
yf_BGS_d6;18100;ASH_COATED_OSMIUM;9898;16;9896;18;;;9904;15;9908;13;;;9901.0;0.0
yf_BGS_d6;18100;INTARIAN_PEPPER_ROOT;11964;8;11960;17;;;11970;15;11972;25;;;11967.0;0.0
yf_BGS_d6;18200;ASH_COATED_OSMIUM;9897;17;9894;28;;;9903;12;9906;21;;;9900.0;0.0
yf_BGS_d6;18200;INTARIAN_PEPPER_ROOT;11963;13;11960;27;;;11969;22;11971;19;;;11966.0;0.0
yf_BGS_d6;18300;ASH_COATED_OSMIUM;9898;16;9895;18;;;9904;15;9908;13;;;9901.0;0.0
yf_BGS_d6;18300;INTARIAN_PEPPER_ROOT;11963;14;11959;12;;;11969;12;11972;14;;;11966.0;0.0
yf_BGS_d6;18400;ASH_COATED_OSMIUM;9894;10;9890;19;;;9908;9;9911;13;;;9901.0;0.0
yf_BGS_d6;18400;INTARIAN_PEPPER_ROOT;11948;16;11944;19;;;11982;9;11985;27;;;11965.0;0.0
yf_BGS_d6;18500;ASH_COATED_OSMIUM;9894;20;9892;16;;;9908;14;9911;11;;;9901.0;0.0
yf_BGS_d6;18500;INTARIAN_PEPPER_ROOT;11959;21;11957;16;;;11969;17;11972;30;;;11964.0;0.0
yf_BGS_d6;18600;ASH_COATED_OSMIUM;9891;17;9888;19;;;9911;22;9914;14;;;9901.0;0.0
yf_BGS_d6;18600;INTARIAN_PEPPER_ROOT;11961;7;11958;26;;;11967;12;11969;18;;;11964.0;0.0
yf_BGS_d6;18700;ASH_COATED_OSMIUM;9897;18;9893;29;;;9903;14;9907;25;;;9900.0;0.0
yf_BGS_d6;18700;INTARIAN_PEPPER_ROOT;11961;13;11959;21;;;11967;10;11971;35;;;11964.0;0.0
yf_BGS_d6;18800;ASH_COATED_OSMIUM;9898;13;9895;20;;;9904;16;9907;28;;;9901.0;0.0
yf_BGS_d6;18800;INTARIAN_PEPPER_ROOT;11960;13;11957;17;;;11966;8;11969;26;;;11963.0;0.0
yf_BGS_d6;18900;ASH_COATED_OSMIUM;9898;12;9896;23;;;9904;24;9907;22;;;9901.0;0.0
yf_BGS_d6;18900;INTARIAN_PEPPER_ROOT;11954;13;11951;21;;;11970;13;11974;17;;;11962.0;0.0
yf_BGS_d6;19000;ASH_COATED_OSMIUM;9897;7;9894;29;;;9903;12;9905;20;;;9900.0;0.0
yf_BGS_d6;19000;INTARIAN_PEPPER_ROOT;11931;18;11928;14;;;11992;22;11995;13;;;11961.5;0.0
yf_BGS_d6;19100;ASH_COATED_OSMIUM;9895;18;9892;17;;;9907;15;9909;14;;;9901.0;0.0
yf_BGS_d6;19100;INTARIAN_PEPPER_ROOT;11958;20;11954;17;;;11966;13;11968;29;;;11962.0;0.0
yf_BGS_d6;19200;ASH_COATED_OSMIUM;9896;20;9893;23;;;9905;8;9907;24;;;9900.5;0.0
yf_BGS_d6;19200;INTARIAN_PEPPER_ROOT;11951;24;11948;17;;;11970;17;11972;18;;;11960.5;0.0
yf_BGS_d6;19300;ASH_COATED_OSMIUM;9898;18;9895;21;;;9904;6;9907;21;;;9901.0;0.0
yf_BGS_d6;19300;INTARIAN_PEPPER_ROOT;11957;18;11954;14;;;11963;21;11967;25;;;11960.0;0.0
yf_BGS_d6;19400;ASH_COATED_OSMIUM;9898;21;9895;26;;;9904;23;9908;15;;;9901.0;0.0
yf_BGS_d6;19400;INTARIAN_PEPPER_ROOT;11957;6;11953;28;;;11963;15;11967;18;;;11960.0;0.0
yf_BGS_d6;19500;ASH_COATED_OSMIUM;9891;15;9889;19;;;9910;14;9912;17;;;9900.5;0.0
yf_BGS_d6;19500;INTARIAN_PEPPER_ROOT;11952;26;11948;19;;;11964;7;11968;19;;;11958.0;0.0
yf_BGS_d6;19600;ASH_COATED_OSMIUM;9897;14;9895;23;;;9903;11;9905;16;;;9900.0;0.0
yf_BGS_d6;19600;INTARIAN_PEPPER_ROOT;11955;14;11953;14;;;11961;20;11963;24;;;11958.0;0.0
yf_BGS_d6;19700;ASH_COATED_OSMIUM;9897;14;9894;23;;;9903;19;9907;20;;;9900.0;0.0
yf_BGS_d6;19700;INTARIAN_PEPPER_ROOT;11955;13;11953;14;;;11961;17;11963;28;;;11958.0;0.0
yf_BGS_d6;19800;ASH_COATED_OSMIUM;9897;19;9895;25;;;9903;13;9907;30;;;9900.0;0.0
yf_BGS_d6;19800;INTARIAN_PEPPER_ROOT;11951;17;11949;22;;;11963;19;11965;16;;;11957.0;0.0
yf_BGS_d6;19900;ASH_COATED_OSMIUM;9891;9;9887;18;;;9911;12;9914;16;;;9901.0;0.0
yf_BGS_d6;19900;INTARIAN_PEPPER_ROOT;11954;22;11951;30;;;11960;11;11964;23;;;11957.0;0.0
yf_BGS_d6;20000;ASH_COATED_OSMIUM;9891;12;9889;24;;;9909;23;9911;15;;;9900.0;0.0
yf_BGS_d6;20000;INTARIAN_PEPPER_ROOT;11953;24;11950;20;;;11960;18;11964;26;;;11956.5;0.0
yf_BGS_d6;20100;ASH_COATED_OSMIUM;9896;20;9893;23;;;9906;17;9908;8;;;9901.0;0.0
yf_BGS_d6;20100;INTARIAN_PEPPER_ROOT;11953;12;11951;8;;;11959;20;11963;35;;;11956.0;0.0
yf_BGS_d6;20200;ASH_COATED_OSMIUM;9891;19;9888;25;;;9911;22;9915;23;;;9901.0;0.0
yf_BGS_d6;20200;INTARIAN_PEPPER_ROOT;11952;15;11950;16;;;11959;13;11963;14;;;11955.5;0.0
yf_BGS_d6;20300;ASH_COATED_OSMIUM;9898;18;9894;21;;;9904;19;9907;23;;;9901.0;0.0
yf_BGS_d6;20300;INTARIAN_PEPPER_ROOT;11951;18;11947;23;;;11957;14;11959;25;;;11954.0;0.0
yf_BGS_d6;20400;ASH_COATED_OSMIUM;9898;7;9894;14;;;9904;19;9908;16;;;9901.0;0.0
yf_BGS_d6;20400;INTARIAN_PEPPER_ROOT;11951;18;11949;23;;;11957;12;11960;20;;;11954.0;0.0
yf_BGS_d6;20500;ASH_COATED_OSMIUM;9890;16;9886;25;;;9912;11;9914;31;;;9901.0;0.0
yf_BGS_d6;20500;INTARIAN_PEPPER_ROOT;11947;10;11945;20;;;11961;18;11964;19;;;11954.0;0.0
yf_BGS_d6;20600;ASH_COATED_OSMIUM;9897;15;9893;25;;;9903;9;9906;17;;;9900.0;0.0
yf_BGS_d6;20600;INTARIAN_PEPPER_ROOT;11950;13;11947;9;;;11956;16;11960;18;;;11953.0;0.0
yf_BGS_d6;20700;ASH_COATED_OSMIUM;9897;18;9895;20;;;9903;13;9907;15;;;9900.0;0.0
yf_BGS_d6;20700;INTARIAN_PEPPER_ROOT;11950;15;11947;19;;;11956;13;11959;22;;;11953.0;0.0
yf_BGS_d6;20800;ASH_COATED_OSMIUM;9897;10;9895;16;;;9903;7;9905;27;;;9900.0;0.0
yf_BGS_d6;20800;INTARIAN_PEPPER_ROOT;11949;17;11947;20;;;11955;17;11958;20;;;11952.0;0.0
yf_BGS_d6;20900;ASH_COATED_OSMIUM;9897;24;9895;18;;;9903;16;9905;24;;;9900.0;0.0
yf_BGS_d6;20900;INTARIAN_PEPPER_ROOT;11948;22;11944;20;;;11954;16;11958;23;;;11951.0;0.0
yf_BGS_d6;21000;ASH_COATED_OSMIUM;9898;19;9896;28;;;9904;8;9907;20;;;9901.0;0.0
yf_BGS_d6;21000;INTARIAN_PEPPER_ROOT;11940;8;11938;17;;;11963;11;11967;14;;;11951.5;0.0
yf_BGS_d6;21100;ASH_COATED_OSMIUM;9898;24;9896;8;;;9904;12;9908;22;;;9901.0;0.0
yf_BGS_d6;21100;INTARIAN_PEPPER_ROOT;11947;14;11943;20;;;11953;22;11956;18;;;11950.0;0.0
yf_BGS_d6;21200;ASH_COATED_OSMIUM;9896;15;9893;18;;;9906;15;9910;27;;;9901.0;0.0
yf_BGS_d6;21200;INTARIAN_PEPPER_ROOT;11946;15;11942;12;;;11952;10;11956;19;;;11949.0;0.0
yf_BGS_d6;21300;ASH_COATED_OSMIUM;9897;16;9894;25;;;9903;9;9905;21;;;9900.0;0.0
yf_BGS_d6;21300;INTARIAN_PEPPER_ROOT;11946;20;11944;15;;;11952;24;11956;18;;;11949.0;0.0
yf_BGS_d6;21400;ASH_COATED_OSMIUM;9893;13;9891;16;;;9907;25;9911;21;;;9900.0;0.0
yf_BGS_d6;21400;INTARIAN_PEPPER_ROOT;11942;23;11938;20;;;11955;13;11958;22;;;11948.5;0.0
yf_BGS_d6;21500;ASH_COATED_OSMIUM;9897;9;9895;16;;;9903;9;9907;25;;;9900.0;0.0
yf_BGS_d6;21500;INTARIAN_PEPPER_ROOT;11945;19;11942;15;;;11951;9;11953;23;;;11948.0;0.0
yf_BGS_d6;21600;ASH_COATED_OSMIUM;9898;12;9896;18;;;9904;15;9907;16;;;9901.0;0.0
yf_BGS_d6;21600;INTARIAN_PEPPER_ROOT;11936;12;11933;11;;;11958;8;11962;29;;;11947.0;0.0
yf_BGS_d6;21700;ASH_COATED_OSMIUM;9897;17;9894;25;;;9903;13;9906;19;;;9900.0;0.0
yf_BGS_d6;21700;INTARIAN_PEPPER_ROOT;11941;10;11937;17;;;11951;21;11953;29;;;11946.0;0.0
yf_BGS_d6;21800;ASH_COATED_OSMIUM;9897;23;9894;18;;;9903;14;9906;25;;;9900.0;0.0
yf_BGS_d6;21800;INTARIAN_PEPPER_ROOT;11943;8;11939;21;;;11949;8;11951;19;;;11946.0;0.0
yf_BGS_d6;21900;ASH_COATED_OSMIUM;9885;12;9882;26;;;9917;19;9921;12;;;9901.0;0.0
yf_BGS_d6;21900;INTARIAN_PEPPER_ROOT;11943;18;11941;23;;;11949;11;11953;20;;;11946.0;0.0
yf_BGS_d6;22000;ASH_COATED_OSMIUM;9897;11;9893;19;;;9903;10;9907;9;;;9900.0;0.0
yf_BGS_d6;22000;INTARIAN_PEPPER_ROOT;11938;10;11935;17;;;11951;16;11953;8;;;11944.5;0.0
yf_BGS_d6;22100;ASH_COATED_OSMIUM;9889;14;9886;8;;;9911;16;9913;19;;;9900.0;0.0
yf_BGS_d6;22100;INTARIAN_PEPPER_ROOT;11941;15;11939;22;;;11947;15;11951;27;;;11944.0;0.0
yf_BGS_d6;22200;ASH_COATED_OSMIUM;9897;8;9895;20;;;9903;12;9907;16;;;9900.0;0.0
yf_BGS_d6;22200;INTARIAN_PEPPER_ROOT;11940;14;11937;23;;;11948;8;11950;22;;;11944.0;0.0
yf_BGS_d6;22300;ASH_COATED_OSMIUM;9897;12;9894;19;;;9903;7;9906;22;;;9900.0;0.0
yf_BGS_d6;22300;INTARIAN_PEPPER_ROOT;11938;13;11934;25;;;11948;11;11951;25;;;11943.0;0.0
yf_BGS_d6;22400;ASH_COATED_OSMIUM;9897;17;9893;17;;;9903;17;9907;16;;;9900.0;0.0
yf_BGS_d6;22400;INTARIAN_PEPPER_ROOT;11940;15;11938;25;;;11947;15;11951;21;;;11943.5;0.0
yf_BGS_d6;22500;ASH_COATED_OSMIUM;9893;7;9889;16;;;9909;16;9912;8;;;9901.0;0.0
yf_BGS_d6;22500;INTARIAN_PEPPER_ROOT;11940;21;11938;18;;;11946;12;11948;29;;;11943.0;0.0
yf_BGS_d6;22600;ASH_COATED_OSMIUM;9897;12;9894;20;;;9903;11;9907;13;;;9900.0;0.0
yf_BGS_d6;22600;INTARIAN_PEPPER_ROOT;11939;22;11936;10;;;11945;21;11947;17;;;11942.0;0.0
yf_BGS_d6;22700;ASH_COATED_OSMIUM;9895;19;9892;12;;;9906;17;9908;22;;;9900.5;0.0
yf_BGS_d6;22700;INTARIAN_PEPPER_ROOT;11938;12;11934;28;;;11944;10;11948;16;;;11941.0;0.0
yf_BGS_d6;22800;ASH_COATED_OSMIUM;9897;19;9894;22;;;9903;19;9907;19;;;9900.0;0.0
yf_BGS_d6;22800;INTARIAN_PEPPER_ROOT;11938;7;11935;16;;;11944;8;11948;19;;;11941.0;0.0
yf_BGS_d6;22900;ASH_COATED_OSMIUM;9898;8;9895;26;;;9904;15;9907;14;;;9901.0;0.0
yf_BGS_d6;22900;INTARIAN_PEPPER_ROOT;11937;12;11933;16;;;11943;18;11946;20;;;11940.0;0.0
yf_BGS_d6;23000;ASH_COATED_OSMIUM;9897;13;9895;19;;;9903;10;9906;18;;;9900.0;0.0
yf_BGS_d6;23000;INTARIAN_PEPPER_ROOT;11929;12;11927;13;;;11950;12;11953;22;;;11939.5;0.0
yf_BGS_d6;23100;ASH_COATED_OSMIUM;9898;26;9896;28;;;9904;17;9906;19;;;9901.0;0.0
yf_BGS_d6;23100;INTARIAN_PEPPER_ROOT;11934;18;11930;22;;;11944;14;11946;21;;;11939.0;0.0
yf_BGS_d6;23200;ASH_COATED_OSMIUM;9897;14;9893;19;;;9903;23;9905;23;;;9900.0;0.0
yf_BGS_d6;23200;INTARIAN_PEPPER_ROOT;11932;19;11928;30;;;11945;10;11948;16;;;11938.5;0.0
yf_BGS_d6;23300;ASH_COATED_OSMIUM;9894;22;9892;20;;;9907;11;9909;15;;;9900.5;0.0
yf_BGS_d6;23300;INTARIAN_PEPPER_ROOT;11935;12;11931;8;;;11941;8;11944;12;;;11938.0;0.0
yf_BGS_d6;23400;ASH_COATED_OSMIUM;9892;12;9888;22;;;9908;20;9911;16;;;9900.0;0.0
yf_BGS_d6;23400;INTARIAN_PEPPER_ROOT;11933;14;11931;18;;;11941;15;11945;8;;;11937.0;0.0
yf_BGS_d6;23500;ASH_COATED_OSMIUM;9898;18;9896;21;;;9904;15;9907;17;;;9901.0;0.0
yf_BGS_d6;23500;INTARIAN_PEPPER_ROOT;11933;11;11931;15;;;11939;15;11943;25;;;11936.0;0.0
yf_BGS_d6;23600;ASH_COATED_OSMIUM;9894;19;9891;14;;;9907;8;9910;23;;;9900.5;0.0
yf_BGS_d6;23600;INTARIAN_PEPPER_ROOT;11926;12;11924;27;;;11947;5;11951;16;;;11936.5;0.0
yf_BGS_d6;23700;ASH_COATED_OSMIUM;9897;17;9895;15;;;9903;14;9907;22;;;9900.0;0.0
yf_BGS_d6;23700;INTARIAN_PEPPER_ROOT;11932;17;11929;21;;;11938;7;11942;15;;;11935.0;0.0
yf_BGS_d6;23800;ASH_COATED_OSMIUM;9897;13;9895;25;;;9903;14;9906;15;;;9900.0;0.0
yf_BGS_d6;23800;INTARIAN_PEPPER_ROOT;11917;12;11915;33;;;11953;13;11955;17;;;11935.0;0.0
yf_BGS_d6;23900;ASH_COATED_OSMIUM;9897;5;9894;21;;;9903;14;9907;17;;;9900.0;0.0
yf_BGS_d6;23900;INTARIAN_PEPPER_ROOT;11931;15;11929;15;;;11937;18;11939;23;;;11934.0;0.0
yf_BGS_d6;24000;ASH_COATED_OSMIUM;9897;11;9894;25;;;9903;13;9906;19;;;9900.0;0.0
yf_BGS_d6;24000;INTARIAN_PEPPER_ROOT;11928;13;11926;22;;;11940;15;11944;26;;;11934.0;0.0
yf_BGS_d6;24100;ASH_COATED_OSMIUM;9894;17;9890;23;;;9906;15;9908;23;;;9900.0;0.0
yf_BGS_d6;24100;INTARIAN_PEPPER_ROOT;11930;17;11928;19;;;11936;5;11938;19;;;11933.0;0.0
yf_BGS_d6;24200;ASH_COATED_OSMIUM;9898;15;9895;21;;;9904;14;9908;19;;;9901.0;0.0
yf_BGS_d6;24200;INTARIAN_PEPPER_ROOT;11931;21;11929;11;;;11937;16;11939;21;;;11934.0;0.0
yf_BGS_d6;24300;ASH_COATED_OSMIUM;9897;15;9894;16;;;9904;13;9907;22;;;9900.5;0.0
yf_BGS_d6;24300;INTARIAN_PEPPER_ROOT;11920;5;11918;20;;;11944;14;11948;17;;;11932.0;0.0
yf_BGS_d6;24400;ASH_COATED_OSMIUM;9897;14;9893;22;;;9903;21;9907;22;;;9900.0;0.0
yf_BGS_d6;24400;INTARIAN_PEPPER_ROOT;11929;13;11927;15;;;11935;15;11939;26;;;11932.0;0.0
yf_BGS_d6;24500;ASH_COATED_OSMIUM;9897;13;9895;18;;;9903;16;9905;17;;;9900.0;0.0
yf_BGS_d6;24500;INTARIAN_PEPPER_ROOT;11928;16;11924;20;;;11934;19;11938;13;;;11931.0;0.0
yf_BGS_d6;24600;ASH_COATED_OSMIUM;9897;23;9893;21;;;9903;18;9906;9;;;9900.0;0.0
yf_BGS_d6;24600;INTARIAN_PEPPER_ROOT;11928;16;11925;17;;;11934;16;11937;20;;;11931.0;0.0
yf_BGS_d6;24700;ASH_COATED_OSMIUM;9897;14;9893;15;;;9904;10;9906;13;;;9900.5;0.0
yf_BGS_d6;24700;INTARIAN_PEPPER_ROOT;11927;12;11923;16;;;11933;22;11937;13;;;11930.0;0.0
yf_BGS_d6;24800;ASH_COATED_OSMIUM;9897;9;9895;23;;;9903;13;9906;17;;;9900.0;0.0
yf_BGS_d6;24800;INTARIAN_PEPPER_ROOT;11927;17;11923;23;;;11933;14;11936;24;;;11930.0;0.0
yf_BGS_d6;24900;ASH_COATED_OSMIUM;9894;12;9892;10;;;9906;16;9910;18;;;9900.0;0.0
yf_BGS_d6;24900;INTARIAN_PEPPER_ROOT;11926;22;11922;27;;;11932;18;11936;23;;;11929.0;0.0
yf_BGS_d6;25000;ASH_COATED_OSMIUM;9897;12;9893;22;;;9903;11;9906;24;;;9900.0;0.0
yf_BGS_d6;25000;INTARIAN_PEPPER_ROOT;11926;18;11924;19;;;11932;16;11935;19;;;11929.0;0.0
yf_BGS_d6;25100;ASH_COATED_OSMIUM;9897;15;9894;17;;;9903;25;9905;22;;;9900.0;0.0
yf_BGS_d6;25100;INTARIAN_PEPPER_ROOT;11919;22;11915;30;;;11936;12;11940;13;;;11927.5;0.0
yf_BGS_d6;25200;ASH_COATED_OSMIUM;9897;15;9895;12;;;9903;20;9905;16;;;9900.0;0.0
yf_BGS_d6;25200;INTARIAN_PEPPER_ROOT;11924;10;11921;18;;;11932;15;11936;18;;;11928.0;0.0
yf_BGS_d6;25300;ASH_COATED_OSMIUM;9897;16;9895;26;;;9903;6;9905;16;;;9900.0;0.0
yf_BGS_d6;25300;INTARIAN_PEPPER_ROOT;11924;11;11920;18;;;11930;8;11934;19;;;11927.0;0.0
yf_BGS_d6;25400;ASH_COATED_OSMIUM;9897;19;9894;24;;;9903;12;9905;17;;;9900.0;0.0
yf_BGS_d6;25400;INTARIAN_PEPPER_ROOT;11918;14;11914;25;;;11933;15;11935;21;;;11925.5;0.0
yf_BGS_d6;25500;ASH_COATED_OSMIUM;9897;11;9893;19;;;9903;16;9905;15;;;9900.0;0.0
yf_BGS_d6;25500;INTARIAN_PEPPER_ROOT;11923;5;11920;17;;;11929;18;11933;31;;;11926.0;0.0
yf_BGS_d6;25600;ASH_COATED_OSMIUM;9897;14;9893;11;;;9903;13;9905;21;;;9900.0;0.0
yf_BGS_d6;25600;INTARIAN_PEPPER_ROOT;11922;7;11920;29;;;11928;15;11930;19;;;11925.0;0.0
yf_BGS_d6;25700;ASH_COATED_OSMIUM;9898;6;9894;30;;;9904;11;9906;25;;;9901.0;0.0
yf_BGS_d6;25700;INTARIAN_PEPPER_ROOT;11920;23;11917;22;;;11928;10;11932;11;;;11924.0;0.0
yf_BGS_d6;25800;ASH_COATED_OSMIUM;9897;5;9895;18;;;9903;16;9906;22;;;9900.0;0.0
yf_BGS_d6;25800;INTARIAN_PEPPER_ROOT;11919;12;11917;26;;;11930;12;11933;18;;;11924.5;0.0
yf_BGS_d6;25900;ASH_COATED_OSMIUM;9891;18;9888;19;;;9909;9;9912;20;;;9900.0;0.0
yf_BGS_d6;25900;INTARIAN_PEPPER_ROOT;11921;21;11919;19;;;11927;18;11931;22;;;11924.0;0.0
yf_BGS_d6;26000;ASH_COATED_OSMIUM;9897;13;9893;15;;;9903;17;9905;19;;;9900.0;0.0
yf_BGS_d6;26000;INTARIAN_PEPPER_ROOT;11920;10;11918;24;;;11926;10;11929;25;;;11923.0;0.0
yf_BGS_d6;26100;ASH_COATED_OSMIUM;9897;15;9894;17;;;9904;14;9906;23;;;9900.5;0.0
yf_BGS_d6;26100;INTARIAN_PEPPER_ROOT;11920;13;11917;29;;;11926;10;11929;20;;;11923.0;0.0
yf_BGS_d6;26200;ASH_COATED_OSMIUM;9894;26;9891;18;;;9906;19;9908;20;;;9900.0;0.0
yf_BGS_d6;26200;INTARIAN_PEPPER_ROOT;11919;22;11915;26;;;11925;12;11928;20;;;11922.0;0.0
yf_BGS_d6;26300;ASH_COATED_OSMIUM;9898;9;9895;16;;;9904;19;9906;22;;;9901.0;0.0
yf_BGS_d6;26300;INTARIAN_PEPPER_ROOT;11913;19;11911;15;;;11928;11;11931;24;;;11920.5;0.0
yf_BGS_d6;26400;ASH_COATED_OSMIUM;9895;12;9892;18;;;9907;17;9911;19;;;9901.0;0.0
yf_BGS_d6;26400;INTARIAN_PEPPER_ROOT;11917;20;11913;23;;;11923;18;11925;17;;;11920.0;0.0
yf_BGS_d6;26500;ASH_COATED_OSMIUM;9897;13;9893;23;;;9903;16;9906;21;;;9900.0;0.0
yf_BGS_d6;26500;INTARIAN_PEPPER_ROOT;11917;22;11913;17;;;11923;24;11926;24;;;11920.0;0.0
yf_BGS_d6;26600;ASH_COATED_OSMIUM;9897;12;9895;25;;;9903;28;9907;15;;;9900.0;0.0
yf_BGS_d6;26600;INTARIAN_PEPPER_ROOT;11916;8;11912;23;;;11922;14;11925;18;;;11919.0;0.0
yf_BGS_d6;26700;ASH_COATED_OSMIUM;9875;10;9871;17;;;9924;16;9926;18;;;9899.5;0.0
yf_BGS_d6;26700;INTARIAN_PEPPER_ROOT;11914;13;11912;23;;;11925;17;11927;20;;;11919.5;0.0
yf_BGS_d6;26800;ASH_COATED_OSMIUM;9897;7;9893;13;;;9903;12;9907;16;;;9900.0;0.0
yf_BGS_d6;26800;INTARIAN_PEPPER_ROOT;11916;24;11912;19;;;11922;17;11925;27;;;11919.0;0.0
yf_BGS_d6;26900;ASH_COATED_OSMIUM;9897;13;9895;29;;;9903;5;9907;17;;;9900.0;0.0
yf_BGS_d6;26900;INTARIAN_PEPPER_ROOT;11915;19;11911;19;;;11921;22;11924;17;;;11918.0;0.0
yf_BGS_d6;27000;ASH_COATED_OSMIUM;9897;10;9894;21;;;9903;13;9907;18;;;9900.0;0.0
yf_BGS_d6;27000;INTARIAN_PEPPER_ROOT;11909;9;11905;23;;;11927;9;11931;16;;;11918.0;0.0
yf_BGS_d6;27100;ASH_COATED_OSMIUM;9897;16;9895;18;;;9903;5;9906;30;;;9900.0;0.0
yf_BGS_d6;27100;INTARIAN_PEPPER_ROOT;11914;13;11910;31;;;11920;12;11924;24;;;11917.0;0.0
yf_BGS_d6;27200;ASH_COATED_OSMIUM;9887;20;9883;20;;;9912;12;9914;20;;;9899.5;0.0
yf_BGS_d6;27200;INTARIAN_PEPPER_ROOT;11914;13;11910;17;;;11920;13;11923;19;;;11917.0;0.0
yf_BGS_d6;27300;ASH_COATED_OSMIUM;9891;21;9889;15;;;9909;11;9911;22;;;9900.0;0.0
yf_BGS_d6;27300;INTARIAN_PEPPER_ROOT;11913;6;11911;12;;;11919;18;11923;23;;;11916.0;0.0
yf_BGS_d6;27400;ASH_COATED_OSMIUM;9897;13;9894;14;;;9903;12;9905;17;;;9900.0;0.0
yf_BGS_d6;27400;INTARIAN_PEPPER_ROOT;11910;17;11906;16;;;11920;17;11924;18;;;11915.0;0.0
yf_BGS_d6;27500;ASH_COATED_OSMIUM;9897;12;9893;19;;;9903;15;9907;16;;;9900.0;0.0
yf_BGS_d6;27500;INTARIAN_PEPPER_ROOT;11911;19;11908;16;;;11917;14;11919;19;;;11914.0;0.0
yf_BGS_d6;27600;ASH_COATED_OSMIUM;9897;21;9895;8;;;9903;17;9905;19;;;9900.0;0.0
yf_BGS_d6;27600;INTARIAN_PEPPER_ROOT;11910;11;11907;25;;;11919;16;11923;18;;;11914.5;0.0
yf_BGS_d6;27700;ASH_COATED_OSMIUM;9896;10;9894;16;;;9904;10;9907;15;;;9900.0;0.0
yf_BGS_d6;27700;INTARIAN_PEPPER_ROOT;11910;26;11907;26;;;11916;8;11919;18;;;11913.0;0.0
yf_BGS_d6;27800;ASH_COATED_OSMIUM;9897;15;9893;24;;;9903;12;9906;18;;;9900.0;0.0
yf_BGS_d6;27800;INTARIAN_PEPPER_ROOT;11910;17;11908;16;;;11916;10;11920;30;;;11913.0;0.0
yf_BGS_d6;27900;ASH_COATED_OSMIUM;9894;16;9892;11;;;9906;20;9908;14;;;9900.0;0.0
yf_BGS_d6;27900;INTARIAN_PEPPER_ROOT;11910;11;11906;18;;;11916;16;11918;21;;;11913.0;0.0
yf_BGS_d6;28000;ASH_COATED_OSMIUM;9895;15;9893;23;;;9905;11;9908;27;;;9900.0;0.0
yf_BGS_d6;28000;INTARIAN_PEPPER_ROOT;11909;20;11907;19;;;11915;15;11918;19;;;11912.0;0.0
yf_BGS_d6;28100;ASH_COATED_OSMIUM;9897;16;9894;23;;;9903;9;9905;27;;;9900.0;0.0
yf_BGS_d6;28100;INTARIAN_PEPPER_ROOT;11908;8;11906;22;;;11914;16;11917;19;;;11911.0;0.0
yf_BGS_d6;28200;ASH_COATED_OSMIUM;9896;14;9893;14;;;9904;10;9907;22;;;9900.0;0.0
yf_BGS_d6;28200;INTARIAN_PEPPER_ROOT;11908;21;11906;21;;;11914;15;11918;15;;;11911.0;0.0
yf_BGS_d6;28300;ASH_COATED_OSMIUM;9897;16;9893;27;;;9903;10;9907;13;;;9900.0;0.0
yf_BGS_d6;28300;INTARIAN_PEPPER_ROOT;11905;12;11902;18;;;11914;15;11918;15;;;11909.5;0.0
yf_BGS_d6;28400;ASH_COATED_OSMIUM;9896;12;9894;23;;;9903;5;9905;8;;;9899.5;0.0
yf_BGS_d6;28400;INTARIAN_PEPPER_ROOT;11906;20;11902;18;;;11912;8;11916;23;;;11909.0;0.0
yf_BGS_d6;28500;ASH_COATED_OSMIUM;9891;5;9888;17;;;9909;15;9913;26;;;9900.0;0.0
yf_BGS_d6;28500;INTARIAN_PEPPER_ROOT;11906;16;11903;16;;;11912;15;11914;18;;;11909.0;0.0
yf_BGS_d6;28600;ASH_COATED_OSMIUM;9897;12;9893;13;;;9903;10;9906;23;;;9900.0;0.0
yf_BGS_d6;28600;INTARIAN_PEPPER_ROOT;11904;17;11902;14;;;11913;14;11916;23;;;11908.5;0.0
yf_BGS_d6;28700;ASH_COATED_OSMIUM;9896;22;9894;15;;;9902;10;9905;26;;;9899.0;0.0
yf_BGS_d6;28700;INTARIAN_PEPPER_ROOT;11905;20;11903;21;;;11911;8;11915;14;;;11908.0;0.0
yf_BGS_d6;28800;ASH_COATED_OSMIUM;9896;22;9893;26;;;9903;17;9907;17;;;9899.5;0.0
yf_BGS_d6;28800;INTARIAN_PEPPER_ROOT;11899;12;11897;24;;;11918;13;11922;14;;;11908.5;0.0
yf_BGS_d6;28900;ASH_COATED_OSMIUM;9897;9;9895;22;;;9903;28;9905;16;;;9900.0;0.0
yf_BGS_d6;28900;INTARIAN_PEPPER_ROOT;11905;20;11903;23;;;11911;27;11915;15;;;11908.0;0.0
yf_BGS_d6;29000;ASH_COATED_OSMIUM;9897;15;9895;15;;;9903;10;9907;22;;;9900.0;0.0
yf_BGS_d6;29000;INTARIAN_PEPPER_ROOT;11901;10;11898;20;;;11912;20;11914;18;;;11906.5;0.0
yf_BGS_d6;29100;ASH_COATED_OSMIUM;9897;14;9895;24;;;9903;17;9906;28;;;9900.0;0.0
yf_BGS_d6;29100;INTARIAN_PEPPER_ROOT;11896;19;11892;19;;;11916;16;11918;14;;;11906.0;0.0
yf_BGS_d6;29200;ASH_COATED_OSMIUM;9897;16;9893;18;;;9903;17;9907;21;;;9900.0;0.0
yf_BGS_d6;29200;INTARIAN_PEPPER_ROOT;11901;13;11899;19;;;11910;17;11914;20;;;11905.5;0.0
yf_BGS_d6;29300;ASH_COATED_OSMIUM;9897;9;9893;20;;;9903;19;9906;17;;;9900.0;0.0
yf_BGS_d6;29300;INTARIAN_PEPPER_ROOT;11902;14;11900;18;;;11908;14;11912;21;;;11905.0;0.0
yf_BGS_d6;29400;ASH_COATED_OSMIUM;9890;16;9887;25;;;9908;20;9912;24;;;9899.0;0.0
yf_BGS_d6;29400;INTARIAN_PEPPER_ROOT;11902;16;11900;26;;;11908;17;11912;21;;;11905.0;0.0
yf_BGS_d6;29500;ASH_COATED_OSMIUM;9897;10;9893;33;;;9903;5;9906;16;;;9900.0;0.0
yf_BGS_d6;29500;INTARIAN_PEPPER_ROOT;11894;17;11890;26;;;11914;23;11917;10;;;11904.0;0.0
yf_BGS_d6;29600;ASH_COATED_OSMIUM;9897;19;9895;25;;;9903;19;9907;16;;;9900.0;0.0
yf_BGS_d6;29600;INTARIAN_PEPPER_ROOT;11900;14;11898;19;;;11906;21;11910;12;;;11903.0;0.0
yf_BGS_d6;29700;ASH_COATED_OSMIUM;9897;5;9895;21;;;9903;22;9907;18;;;9900.0;0.0
yf_BGS_d6;29700;INTARIAN_PEPPER_ROOT;11894;10;11892;26;;;11913;8;11916;11;;;11903.5;0.0
yf_BGS_d6;29800;ASH_COATED_OSMIUM;9897;14;9893;18;;;9903;19;9906;17;;;9900.0;0.0
yf_BGS_d6;29800;INTARIAN_PEPPER_ROOT;11899;14;11897;24;;;11905;20;11908;17;;;11902.0;0.0
yf_BGS_d6;29900;ASH_COATED_OSMIUM;9897;17;9893;22;;;9903;17;9905;10;;;9900.0;0.0
yf_BGS_d6;29900;INTARIAN_PEPPER_ROOT;11898;14;11895;11;;;11904;18;11908;19;;;11901.0;0.0
yf_BGS_d6;30000;ASH_COATED_OSMIUM;9895;14;9893;12;;;9905;22;9908;19;;;9900.0;0.0
yf_BGS_d6;30000;INTARIAN_PEPPER_ROOT;11898;17;11895;25;;;11904;12;11908;17;;;11901.0;0.0
yf_BGS_d6;30100;ASH_COATED_OSMIUM;9897;17;9893;15;;;9903;9;9906;20;;;9900.0;0.0
yf_BGS_d6;30100;INTARIAN_PEPPER_ROOT;11898;22;11894;18;;;11904;8;11907;21;;;11901.0;0.0
yf_BGS_d6;30200;ASH_COATED_OSMIUM;9894;20;9892;21;;;9905;23;9907;24;;;9899.5;0.0
yf_BGS_d6;30200;INTARIAN_PEPPER_ROOT;11896;5;11894;20;;;11905;6;11907;8;;;11900.5;0.0
yf_BGS_d6;30300;ASH_COATED_OSMIUM;9897;8;9895;22;;;9903;15;9905;26;;;9900.0;0.0
yf_BGS_d6;30300;INTARIAN_PEPPER_ROOT;11887;18;11885;25;;;11911;20;11915;24;;;11899.0;0.0
yf_BGS_d6;30400;ASH_COATED_OSMIUM;9891;18;9888;15;;;9907;5;9909;20;;;9899.0;0.0
yf_BGS_d6;30400;INTARIAN_PEPPER_ROOT;11896;15;11894;23;;;11902;9;11904;25;;;11899.0;0.0
yf_BGS_d6;30500;ASH_COATED_OSMIUM;9895;11;9893;19;;;9904;12;9907;20;;;9899.5;0.0
yf_BGS_d6;30500;INTARIAN_PEPPER_ROOT;11895;20;11891;17;;;11901;15;11904;21;;;11898.0;0.0
yf_BGS_d6;30600;ASH_COATED_OSMIUM;9895;17;9893;20;;;9904;8;9908;20;;;9899.5;0.0
yf_BGS_d6;30600;INTARIAN_PEPPER_ROOT;11894;12;11892;21;;;11900;18;11902;14;;;11897.0;0.0
yf_BGS_d6;30700;ASH_COATED_OSMIUM;9897;8;9893;15;;;9903;9;9905;12;;;9900.0;0.0
yf_BGS_d6;30700;INTARIAN_PEPPER_ROOT;11895;16;11891;18;;;11901;13;11904;23;;;11898.0;0.0
yf_BGS_d6;30800;ASH_COATED_OSMIUM;9897;20;9895;22;;;9903;11;9906;21;;;9900.0;0.0
yf_BGS_d6;30800;INTARIAN_PEPPER_ROOT;11886;11;11883;23;;;11907;12;11909;18;;;11896.5;0.0
yf_BGS_d6;30900;ASH_COATED_OSMIUM;9897;13;9895;17;;;9903;18;9907;22;;;9900.0;0.0
yf_BGS_d6;30900;INTARIAN_PEPPER_ROOT;11894;21;11891;25;;;11900;5;11902;18;;;11897.0;0.0
yf_BGS_d6;31000;ASH_COATED_OSMIUM;9893;14;9890;17;;;9906;24;9909;17;;;9899.5;0.0
yf_BGS_d6;31000;INTARIAN_PEPPER_ROOT;11891;20;11889;24;;;11900;12;11904;17;;;11895.5;0.0
yf_BGS_d6;31100;ASH_COATED_OSMIUM;9894;10;9890;8;;;9905;20;9908;26;;;9899.5;0.0
yf_BGS_d6;31100;INTARIAN_PEPPER_ROOT;11892;18;11890;21;;;11898;25;11900;9;;;11895.0;0.0
yf_BGS_d6;31200;ASH_COATED_OSMIUM;9895;18;9892;25;;;9905;13;9909;9;;;9900.0;0.0
yf_BGS_d6;31200;INTARIAN_PEPPER_ROOT;11891;26;11887;32;;;11897;14;11900;19;;;11894.0;0.0
yf_BGS_d6;31300;ASH_COATED_OSMIUM;9897;5;9894;24;;;9903;17;9907;23;;;9900.0;0.0
yf_BGS_d6;31300;INTARIAN_PEPPER_ROOT;11891;11;11889;25;;;11897;24;11901;27;;;11894.0;0.0
yf_BGS_d6;31400;ASH_COATED_OSMIUM;9897;5;9894;21;;;9903;5;9907;25;;;9900.0;0.0
yf_BGS_d6;31400;INTARIAN_PEPPER_ROOT;11890;20;11888;19;;;11896;15;11900;12;;;11893.0;0.0
yf_BGS_d6;31500;ASH_COATED_OSMIUM;9892;10;9889;22;;;9908;13;9911;18;;;9900.0;0.0
yf_BGS_d6;31500;INTARIAN_PEPPER_ROOT;11890;16;11888;26;;;11896;15;11899;35;;;11893.0;0.0
yf_BGS_d6;31600;ASH_COATED_OSMIUM;9889;17;9886;19;;;9910;19;9912;16;;;9899.5;0.0
yf_BGS_d6;31600;INTARIAN_PEPPER_ROOT;11889;23;11886;14;;;11895;17;11897;18;;;11892.0;0.0
yf_BGS_d6;31700;ASH_COATED_OSMIUM;9890;13;9886;16;;;9909;5;9913;18;;;9899.5;0.0
yf_BGS_d6;31700;INTARIAN_PEPPER_ROOT;11888;16;11886;8;;;11894;22;11898;26;;;11891.0;0.0
yf_BGS_d6;31800;ASH_COATED_OSMIUM;9897;20;9895;18;;;9903;15;9905;17;;;9900.0;0.0
yf_BGS_d6;31800;INTARIAN_PEPPER_ROOT;11888;11;11884;21;;;11894;18;11898;32;;;11891.0;0.0
yf_BGS_d6;31900;ASH_COATED_OSMIUM;9897;24;9894;13;;;9903;16;9906;24;;;9900.0;0.0
yf_BGS_d6;31900;INTARIAN_PEPPER_ROOT;11884;13;11882;19;;;11897;5;11899;15;;;11890.5;0.0
yf_BGS_d6;32000;ASH_COATED_OSMIUM;9897;6;9895;13;;;9903;5;9906;24;;;9900.0;0.0
yf_BGS_d6;32000;INTARIAN_PEPPER_ROOT;11883;6;11880;25;;;11897;14;11899;18;;;11890.0;0.0
yf_BGS_d6;32100;ASH_COATED_OSMIUM;9897;14;9894;32;;;9903;24;9905;25;;;9900.0;0.0
yf_BGS_d6;32100;INTARIAN_PEPPER_ROOT;11887;17;11883;19;;;11893;6;11896;26;;;11890.0;0.0
yf_BGS_d6;32200;ASH_COATED_OSMIUM;9896;14;9893;25;;;9902;14;9906;26;;;9899.0;0.0
yf_BGS_d6;32200;INTARIAN_PEPPER_ROOT;11886;7;11884;16;;;11892;15;11895;11;;;11889.0;0.0
yf_BGS_d6;32300;ASH_COATED_OSMIUM;9897;28;9894;21;;;9903;11;9907;21;;;9900.0;0.0
yf_BGS_d6;32300;INTARIAN_PEPPER_ROOT;11885;13;11881;8;;;11891;14;11893;26;;;11888.0;0.0
yf_BGS_d6;32400;ASH_COATED_OSMIUM;9894;13;9890;16;;;9903;19;9907;17;;;9898.5;0.0
yf_BGS_d6;32400;INTARIAN_PEPPER_ROOT;11884;15;11881;18;;;11890;6;11892;22;;;11887.0;0.0
yf_BGS_d6;32500;ASH_COATED_OSMIUM;9896;27;9894;13;;;9902;12;9906;14;;;9899.0;0.0
yf_BGS_d6;32500;INTARIAN_PEPPER_ROOT;11879;15;11877;22;;;11896;5;11898;18;;;11887.5;0.0
yf_BGS_d6;32600;ASH_COATED_OSMIUM;9897;21;9894;19;;;9903;11;9907;17;;;9900.0;0.0
yf_BGS_d6;32600;INTARIAN_PEPPER_ROOT;11884;5;11880;19;;;11890;24;11893;22;;;11887.0;0.0
yf_BGS_d6;32700;ASH_COATED_OSMIUM;9895;20;9891;14;;;9902;19;9906;17;;;9898.5;0.0
yf_BGS_d6;32700;INTARIAN_PEPPER_ROOT;11882;20;11880;15;;;11891;12;11894;18;;;11886.5;0.0
yf_BGS_d6;32800;ASH_COATED_OSMIUM;9896;10;9892;28;;;9902;10;9904;13;;;9899.0;0.0
yf_BGS_d6;32800;INTARIAN_PEPPER_ROOT;11879;23;11876;12;;;11891;19;11894;14;;;11885.0;0.0
yf_BGS_d6;32900;ASH_COATED_OSMIUM;9895;16;9893;25;;;9904;17;9907;22;;;9899.5;0.0
yf_BGS_d6;32900;INTARIAN_PEPPER_ROOT;11878;18;11875;15;;;11891;9;11894;26;;;11884.5;0.0
yf_BGS_d6;33000;ASH_COATED_OSMIUM;9897;10;9893;23;;;9903;9;9906;20;;;9900.0;0.0
yf_BGS_d6;33000;INTARIAN_PEPPER_ROOT;11881;5;11877;18;;;11888;12;11890;13;;;11884.5;0.0
yf_BGS_d6;33100;ASH_COATED_OSMIUM;9897;20;9894;16;;;9903;29;9905;22;;;9900.0;0.0
yf_BGS_d6;33100;INTARIAN_PEPPER_ROOT;11881;20;11878;10;;;11887;24;11890;21;;;11884.0;0.0
yf_BGS_d6;33200;ASH_COATED_OSMIUM;9896;16;9892;16;;;9902;16;9906;8;;;9899.0;0.0
yf_BGS_d6;33200;INTARIAN_PEPPER_ROOT;11880;12;11878;19;;;11886;11;11888;19;;;11883.0;0.0
yf_BGS_d6;33300;ASH_COATED_OSMIUM;9896;10;9894;19;;;9902;10;9905;17;;;9899.0;0.0
yf_BGS_d6;33300;INTARIAN_PEPPER_ROOT;11879;12;11875;20;;;11885;17;11887;21;;;11882.0;0.0
yf_BGS_d6;33400;ASH_COATED_OSMIUM;9894;13;9890;16;;;9905;9;9908;22;;;9899.5;0.0
yf_BGS_d6;33400;INTARIAN_PEPPER_ROOT;11873;13;11869;24;;;11892;19;11895;20;;;11882.5;0.0
yf_BGS_d6;33500;ASH_COATED_OSMIUM;9896;14;9892;22;;;9902;18;9905;22;;;9899.0;0.0
yf_BGS_d6;33500;INTARIAN_PEPPER_ROOT;11876;12;11873;25;;;11887;18;11890;23;;;11881.5;0.0
yf_BGS_d6;33600;ASH_COATED_OSMIUM;9892;21;9888;31;;;9908;8;9912;18;;;9900.0;0.0
yf_BGS_d6;33600;INTARIAN_PEPPER_ROOT;11876;9;11872;17;;;11886;19;11890;22;;;11881.0;0.0
yf_BGS_d6;33700;ASH_COATED_OSMIUM;9897;24;9894;8;;;9903;13;9906;23;;;9900.0;0.0
yf_BGS_d6;33700;INTARIAN_PEPPER_ROOT;11878;5;11876;25;;;11884;14;11888;19;;;11881.0;0.0
yf_BGS_d6;33800;ASH_COATED_OSMIUM;9888;7;9884;15;;;9911;15;9914;19;;;9899.5;0.0
yf_BGS_d6;33800;INTARIAN_PEPPER_ROOT;11877;15;11875;20;;;11883;18;11885;18;;;11880.0;0.0
yf_BGS_d6;33900;ASH_COATED_OSMIUM;9897;21;9893;17;;;9903;14;9905;20;;;9900.0;0.0
yf_BGS_d6;33900;INTARIAN_PEPPER_ROOT;11864;12;11862;21;;;11895;16;11898;14;;;11879.5;0.0
yf_BGS_d6;34000;ASH_COATED_OSMIUM;9895;18;9891;24;;;9906;25;9909;24;;;9900.5;0.0
yf_BGS_d6;34000;INTARIAN_PEPPER_ROOT;11875;16;11872;10;;;11881;16;11885;17;;;11878.0;0.0
yf_BGS_d6;34100;ASH_COATED_OSMIUM;9897;19;9894;22;;;9903;17;9906;20;;;9900.0;0.0
yf_BGS_d6;34100;INTARIAN_PEPPER_ROOT;11874;15;11872;13;;;11880;8;11884;14;;;11877.0;0.0
yf_BGS_d6;34200;ASH_COATED_OSMIUM;9896;17;9893;18;;;9902;18;9904;17;;;9899.0;0.0
yf_BGS_d6;34200;INTARIAN_PEPPER_ROOT;11873;11;11871;16;;;11879;20;11882;18;;;11876.0;0.0
yf_BGS_d6;34300;ASH_COATED_OSMIUM;9894;26;9890;19;;;9904;13;9908;21;;;9899.0;0.0
yf_BGS_d6;34300;INTARIAN_PEPPER_ROOT;11871;5;11869;23;;;11877;7;11879;17;;;11874.0;0.0
yf_BGS_d6;34400;ASH_COATED_OSMIUM;9894;11;9890;18;;;9905;20;9908;11;;;9899.5;0.0
yf_BGS_d6;34400;INTARIAN_PEPPER_ROOT;11870;17;11867;14;;;11876;25;11878;15;;;11873.0;0.0
yf_BGS_d6;34500;ASH_COATED_OSMIUM;9894;12;9890;16;;;9905;17;9907;23;;;9899.5;0.0
yf_BGS_d6;34500;INTARIAN_PEPPER_ROOT;11864;16;11861;26;;;11879;12;11882;21;;;11871.5;0.0
yf_BGS_d6;34600;ASH_COATED_OSMIUM;9896;25;9894;17;;;9903;16;9905;31;;;9899.5;0.0
yf_BGS_d6;34600;INTARIAN_PEPPER_ROOT;11867;7;11864;18;;;11873;10;11875;19;;;11870.0;0.0
yf_BGS_d6;34700;ASH_COATED_OSMIUM;9897;12;9893;28;;;9903;17;9906;19;;;9900.0;0.0
yf_BGS_d6;34700;INTARIAN_PEPPER_ROOT;11864;15;11862;18;;;11873;20;11876;24;;;11868.5;0.0
yf_BGS_d6;34800;ASH_COATED_OSMIUM;9897;21;9895;8;;;9903;18;9905;17;;;9900.0;0.0
yf_BGS_d6;34800;INTARIAN_PEPPER_ROOT;11860;5;11856;20;;;11875;20;11879;18;;;11867.5;0.0
yf_BGS_d6;34900;ASH_COATED_OSMIUM;9897;13;9893;21;;;9903;11;9907;20;;;9900.0;0.0
yf_BGS_d6;34900;INTARIAN_PEPPER_ROOT;11863;13;11859;15;;;11869;10;11873;22;;;11866.0;0.0
yf_BGS_d6;35000;ASH_COATED_OSMIUM;9896;16;9894;16;;;9902;22;9906;18;;;9899.0;0.0
yf_BGS_d6;35000;INTARIAN_PEPPER_ROOT;11862;17;11858;19;;;11868;22;11871;10;;;11865.0;0.0
yf_BGS_d6;35100;ASH_COATED_OSMIUM;9894;17;9892;16;;;9905;13;9908;18;;;9899.5;0.0
yf_BGS_d6;35100;INTARIAN_PEPPER_ROOT;11860;19;11857;11;;;11866;12;11868;15;;;11863.0;0.0
yf_BGS_d6;35200;ASH_COATED_OSMIUM;9895;6;9891;22;;;9905;7;9908;20;;;9900.0;0.0
yf_BGS_d6;35200;INTARIAN_PEPPER_ROOT;11856;24;11854;17;;;11868;14;11871;19;;;11862.0;0.0
yf_BGS_d6;35300;ASH_COATED_OSMIUM;9890;18;9886;23;;;9910;14;9913;20;;;9900.0;0.0
yf_BGS_d6;35300;INTARIAN_PEPPER_ROOT;11852;8;11848;23;;;11869;11;11872;19;;;11860.5;0.0
yf_BGS_d6;35400;ASH_COATED_OSMIUM;9895;18;9892;14;;;9904;23;9908;17;;;9899.5;0.0
yf_BGS_d6;35400;INTARIAN_PEPPER_ROOT;11856;16;11854;14;;;11862;18;11865;26;;;11859.0;0.0
yf_BGS_d6;35500;ASH_COATED_OSMIUM;9897;19;9894;20;;;9903;16;9907;20;;;9900.0;0.0
yf_BGS_d6;35500;INTARIAN_PEPPER_ROOT;11855;16;11853;9;;;11861;10;11864;25;;;11858.0;0.0
yf_BGS_d6;35600;ASH_COATED_OSMIUM;9896;5;9892;21;;;9904;19;9908;31;;;9900.0;0.0
yf_BGS_d6;35600;INTARIAN_PEPPER_ROOT;11850;12;11847;22;;;11864;20;11868;25;;;11857.0;0.0
yf_BGS_d6;35700;ASH_COATED_OSMIUM;9885;15;9881;24;;;9916;10;9920;21;;;9900.5;0.0
yf_BGS_d6;35700;INTARIAN_PEPPER_ROOT;11852;18;11849;20;;;11858;14;11861;24;;;11855.0;0.0
yf_BGS_d6;35800;ASH_COATED_OSMIUM;9897;9;9894;15;;;9903;8;9907;27;;;9900.0;0.0
yf_BGS_d6;35800;INTARIAN_PEPPER_ROOT;11851;11;11848;20;;;11857;16;11859;17;;;11854.0;0.0
yf_BGS_d6;35900;ASH_COATED_OSMIUM;9896;19;9892;21;;;9905;11;9909;16;;;9900.5;0.0
yf_BGS_d6;35900;INTARIAN_PEPPER_ROOT;11848;14;11846;17;;;11858;17;11862;16;;;11853.0;0.0
yf_BGS_d6;36000;ASH_COATED_OSMIUM;9895;21;9891;18;;;9906;8;9908;23;;;9900.5;0.0
yf_BGS_d6;36000;INTARIAN_PEPPER_ROOT;11846;9;11844;23;;;11855;9;11857;17;;;11850.5;0.0
yf_BGS_d6;36100;ASH_COATED_OSMIUM;9895;13;9892;19;;;9906;19;9909;17;;;9900.5;0.0
yf_BGS_d6;36100;INTARIAN_PEPPER_ROOT;11847;19;11845;21;;;11853;23;11855;18;;;11850.0;0.0
yf_BGS_d6;36200;ASH_COATED_OSMIUM;9897;14;9894;17;;;9903;15;9905;13;;;9900.0;0.0
yf_BGS_d6;36200;INTARIAN_PEPPER_ROOT;11846;7;11843;14;;;11852;14;11855;11;;;11849.0;0.0
yf_BGS_d6;36300;ASH_COATED_OSMIUM;9893;14;9890;17;;;9908;10;9911;18;;;9900.5;0.0
yf_BGS_d6;36300;INTARIAN_PEPPER_ROOT;11839;20;11835;18;;;11855;15;11859;25;;;11847.0;0.0
yf_BGS_d6;36400;ASH_COATED_OSMIUM;9897;15;9894;15;;;9903;10;9905;18;;;9900.0;0.0
yf_BGS_d6;36400;INTARIAN_PEPPER_ROOT;11839;20;11836;18;;;11852;15;11855;13;;;11845.5;0.0
yf_BGS_d6;36500;ASH_COATED_OSMIUM;9895;25;9891;19;;;9906;21;9910;23;;;9900.5;0.0
yf_BGS_d6;36500;INTARIAN_PEPPER_ROOT;11842;10;11840;14;;;11848;15;11850;16;;;11845.0;0.0
yf_BGS_d6;36600;ASH_COATED_OSMIUM;9894;21;9891;19;;;9907;13;9910;16;;;9900.5;0.0
yf_BGS_d6;36600;INTARIAN_PEPPER_ROOT;11837;14;11835;22;;;11850;14;11853;24;;;11843.5;0.0
yf_BGS_d6;36700;ASH_COATED_OSMIUM;9897;16;9895;19;;;9903;18;9906;19;;;9900.0;0.0
yf_BGS_d6;36700;INTARIAN_PEPPER_ROOT;11838;19;11834;22;;;11845;15;11848;35;;;11841.5;0.0
yf_BGS_d6;36800;ASH_COATED_OSMIUM;9893;8;9891;18;;;9909;12;9911;25;;;9901.0;0.0
yf_BGS_d6;36800;INTARIAN_PEPPER_ROOT;11838;11;11834;16;;;11844;15;11847;18;;;11841.0;0.0
yf_BGS_d6;36900;ASH_COATED_OSMIUM;9897;13;9893;13;;;9903;12;9907;13;;;9900.0;0.0
yf_BGS_d6;36900;INTARIAN_PEPPER_ROOT;11836;14;11832;26;;;11842;11;11844;17;;;11839.0;0.0
yf_BGS_d6;37000;ASH_COATED_OSMIUM;9897;15;9894;25;;;9903;15;9906;25;;;9900.0;0.0
yf_BGS_d6;37000;INTARIAN_PEPPER_ROOT;11831;21;11828;21;;;11846;14;11848;22;;;11838.5;0.0
yf_BGS_d6;37100;ASH_COATED_OSMIUM;9897;23;9894;17;;;9905;12;9909;24;;;9901.0;0.0
yf_BGS_d6;37100;INTARIAN_PEPPER_ROOT;11828;13;11826;13;;;11846;14;11848;21;;;11837.0;0.0
yf_BGS_d6;37200;ASH_COATED_OSMIUM;9898;17;9894;19;;;9904;13;9908;21;;;9901.0;0.0
yf_BGS_d6;37200;INTARIAN_PEPPER_ROOT;11832;18;11828;19;;;11839;9;11842;20;;;11835.5;0.0
yf_BGS_d6;37300;ASH_COATED_OSMIUM;9895;7;9892;23;;;9906;15;9909;14;;;9900.5;0.0
yf_BGS_d6;37300;INTARIAN_PEPPER_ROOT;11832;10;11828;16;;;11838;19;11841;20;;;11835.0;0.0
yf_BGS_d6;37400;ASH_COATED_OSMIUM;9897;18;9893;20;;;9903;14;9907;15;;;9900.0;0.0
yf_BGS_d6;37400;INTARIAN_PEPPER_ROOT;11829;12;11825;13;;;11835;26;11839;19;;;11832.0;0.0
yf_BGS_d6;37500;ASH_COATED_OSMIUM;9885;18;9882;19;;;9917;25;9921;10;;;9901.0;0.0
yf_BGS_d6;37500;INTARIAN_PEPPER_ROOT;11828;11;11826;17;;;11834;11;11836;24;;;11831.0;0.0
yf_BGS_d6;37600;ASH_COATED_OSMIUM;9898;15;9896;17;;;9904;17;9908;20;;;9901.0;0.0
yf_BGS_d6;37600;INTARIAN_PEPPER_ROOT;11827;15;11825;19;;;11833;15;11836;27;;;11830.0;0.0
yf_BGS_d6;37700;ASH_COATED_OSMIUM;9887;17;9883;26;;;9915;7;9917;22;;;9901.0;0.0
yf_BGS_d6;37700;INTARIAN_PEPPER_ROOT;11826;5;11823;25;;;11832;14;11835;10;;;11829.0;0.0
yf_BGS_d6;37800;ASH_COATED_OSMIUM;9898;15;9895;17;;;9904;21;9907;18;;;9901.0;0.0
yf_BGS_d6;37800;INTARIAN_PEPPER_ROOT;11824;7;11821;24;;;11830;14;11833;24;;;11827.0;0.0
yf_BGS_d6;37900;ASH_COATED_OSMIUM;9898;10;9894;14;;;9904;21;9906;25;;;9901.0;0.0
yf_BGS_d6;37900;INTARIAN_PEPPER_ROOT;11822;18;11820;8;;;11830;14;11833;18;;;11826.0;0.0
yf_BGS_d6;38000;ASH_COATED_OSMIUM;9890;21;9888;18;;;9911;10;9913;15;;;9900.5;0.0
yf_BGS_d6;38000;INTARIAN_PEPPER_ROOT;11808;20;11805;20;;;11841;21;11844;19;;;11824.5;0.0
yf_BGS_d6;38100;ASH_COATED_OSMIUM;9897;21;9893;24;;;9904;12;9907;19;;;9900.5;0.0
yf_BGS_d6;38100;INTARIAN_PEPPER_ROOT;11800;16;11796;22;;;11847;25;11851;20;;;11823.5;0.0
yf_BGS_d6;38200;ASH_COATED_OSMIUM;9894;11;9891;14;;;9909;18;9912;22;;;9901.5;0.0
yf_BGS_d6;38200;INTARIAN_PEPPER_ROOT;11819;26;11817;19;;;11825;16;11827;12;;;11822.0;0.0
yf_BGS_d6;38300;ASH_COATED_OSMIUM;9893;8;9891;16;;;9909;16;9911;25;;;9901.0;0.0
yf_BGS_d6;38300;INTARIAN_PEPPER_ROOT;11818;18;11814;13;;;11824;22;11826;12;;;11821.0;0.0
yf_BGS_d6;38400;ASH_COATED_OSMIUM;9898;14;9895;11;;;9904;13;9908;20;;;9901.0;0.0
yf_BGS_d6;38400;INTARIAN_PEPPER_ROOT;11816;10;11812;24;;;11822;21;11826;32;;;11819.0;0.0
yf_BGS_d6;38500;ASH_COATED_OSMIUM;9893;15;9890;12;;;9909;14;9913;13;;;9901.0;0.0
yf_BGS_d6;38500;INTARIAN_PEPPER_ROOT;11816;9;11813;22;;;11822;21;11825;22;;;11819.0;0.0
yf_BGS_d6;38600;ASH_COATED_OSMIUM;9898;18;9894;24;;;9904;5;9907;15;;;9901.0;0.0
yf_BGS_d6;38600;INTARIAN_PEPPER_ROOT;11813;17;11810;15;;;11819;7;11823;28;;;11816.0;0.0
yf_BGS_d6;38700;ASH_COATED_OSMIUM;9898;16;9896;15;;;9904;9;9908;19;;;9901.0;0.0
yf_BGS_d6;38700;INTARIAN_PEPPER_ROOT;11811;16;11807;23;;;11819;10;11822;32;;;11815.0;0.0
yf_BGS_d6;38800;ASH_COATED_OSMIUM;9894;16;9892;22;;;9907;22;9911;19;;;9900.5;0.0
yf_BGS_d6;38800;INTARIAN_PEPPER_ROOT;11811;12;11807;24;;;11817;19;11819;23;;;11814.0;0.0
yf_BGS_d6;38900;ASH_COATED_OSMIUM;9898;16;9894;23;;;9904;10;9907;11;;;9901.0;0.0
yf_BGS_d6;38900;INTARIAN_PEPPER_ROOT;11810;19;11807;19;;;11816;23;11819;21;;;11813.0;0.0
yf_BGS_d6;39000;ASH_COATED_OSMIUM;9899;14;9895;25;;;9905;16;9909;26;;;9902.0;0.0
yf_BGS_d6;39000;INTARIAN_PEPPER_ROOT;11809;16;11806;14;;;11815;14;11818;17;;;11812.0;0.0
yf_BGS_d6;39100;ASH_COATED_OSMIUM;9898;7;9894;20;;;9905;22;9909;25;;;9901.5;0.0
yf_BGS_d6;39100;INTARIAN_PEPPER_ROOT;11803;9;11800;13;;;11818;20;11822;16;;;11810.5;0.0
yf_BGS_d6;39200;ASH_COATED_OSMIUM;9895;17;9891;16;;;9908;15;9912;22;;;9901.5;0.0
yf_BGS_d6;39200;INTARIAN_PEPPER_ROOT;11801;25;11798;19;;;11816;16;11819;13;;;11808.5;0.0
yf_BGS_d6;39300;ASH_COATED_OSMIUM;9898;14;9896;20;;;9904;6;9907;21;;;9901.0;0.0
yf_BGS_d6;39300;INTARIAN_PEPPER_ROOT;11800;12;11797;21;;;11813;9;11817;20;;;11806.5;0.0
yf_BGS_d6;39400;ASH_COATED_OSMIUM;9895;12;9892;25;;;9908;23;9910;16;;;9901.5;0.0
yf_BGS_d6;39400;INTARIAN_PEPPER_ROOT;11802;21;11799;21;;;11808;20;11811;24;;;11805.0;0.0
yf_BGS_d6;39500;ASH_COATED_OSMIUM;9899;11;9897;15;;;9905;13;9907;17;;;9902.0;0.0
yf_BGS_d6;39500;INTARIAN_PEPPER_ROOT;11801;14;11798;13;;;11807;13;11810;20;;;11804.0;0.0
yf_BGS_d6;39600;ASH_COATED_OSMIUM;9898;17;9895;24;;;9904;12;9907;20;;;9901.0;0.0
yf_BGS_d6;39600;INTARIAN_PEPPER_ROOT;11800;18;11796;11;;;11806;18;11809;26;;;11803.0;0.0
yf_BGS_d6;39700;ASH_COATED_OSMIUM;9899;18;9896;13;;;9905;15;9907;15;;;9902.0;0.0
yf_BGS_d6;39700;INTARIAN_PEPPER_ROOT;11797;19;11793;15;;;11807;15;11810;27;;;11802.0;0.0
yf_BGS_d6;39800;ASH_COATED_OSMIUM;9898;16;9894;16;;;9904;22;9906;21;;;9901.0;0.0
yf_BGS_d6;39800;INTARIAN_PEPPER_ROOT;11798;12;11795;20;;;11804;13;11806;19;;;11801.0;0.0
yf_BGS_d6;39900;ASH_COATED_OSMIUM;9899;18;9897;10;;;9905;14;9907;20;;;9902.0;0.0
yf_BGS_d6;39900;INTARIAN_PEPPER_ROOT;11790;14;11788;12;;;11806;8;11808;23;;;11798.0;0.0
yf_BGS_d6;40000;ASH_COATED_OSMIUM;9897;15;9895;20;;;9906;18;9909;21;;;9901.5;0.0
yf_BGS_d6;40000;INTARIAN_PEPPER_ROOT;11793;14;11790;19;;;11803;16;11807;31;;;11798.0;0.0
yf_BGS_d6;40100;ASH_COATED_OSMIUM;9898;18;9896;16;;;9904;14;9906;20;;;9901.0;0.0
yf_BGS_d6;40100;INTARIAN_PEPPER_ROOT;11792;16;11789;18;;;11801;19;11804;20;;;11796.5;0.0
yf_BGS_d6;40200;ASH_COATED_OSMIUM;9899;20;9896;26;;;9905;16;9907;12;;;9902.0;0.0
yf_BGS_d6;40200;INTARIAN_PEPPER_ROOT;11789;9;11787;18;;;11802;12;11806;18;;;11795.5;0.0
yf_BGS_d6;40300;ASH_COATED_OSMIUM;9898;14;9895;15;;;9904;22;9907;10;;;9901.0;0.0
yf_BGS_d6;40300;INTARIAN_PEPPER_ROOT;11791;16;11789;12;;;11797;22;11800;19;;;11794.0;0.0
yf_BGS_d6;40400;ASH_COATED_OSMIUM;9895;7;9893;13;;;9908;10;9911;18;;;9901.5;0.0
yf_BGS_d6;40400;INTARIAN_PEPPER_ROOT;11782;8;11778;24;;;11803;18;11806;26;;;11792.5;0.0
yf_BGS_d6;40500;ASH_COATED_OSMIUM;9898;12;9894;19;;;9904;13;9908;22;;;9901.0;0.0
yf_BGS_d6;40500;INTARIAN_PEPPER_ROOT;11788;5;11785;23;;;11794;18;11796;13;;;11791.0;0.0
yf_BGS_d6;40600;ASH_COATED_OSMIUM;9899;21;9897;24;;;9905;9;9908;20;;;9902.0;0.0
yf_BGS_d6;40600;INTARIAN_PEPPER_ROOT;11787;12;11783;18;;;11793;21;11796;14;;;11790.0;0.0
yf_BGS_d6;40700;ASH_COATED_OSMIUM;9899;18;9896;28;;;9905;5;9909;24;;;9902.0;0.0
yf_BGS_d6;40700;INTARIAN_PEPPER_ROOT;11784;16;11780;17;;;11794;17;11796;25;;;11789.0;0.0
yf_BGS_d6;40800;ASH_COATED_OSMIUM;9897;17;9893;25;;;9906;5;9908;17;;;9901.5;0.0
yf_BGS_d6;40800;INTARIAN_PEPPER_ROOT;11780;10;11776;18;;;11795;17;11797;15;;;11787.5;0.0
yf_BGS_d6;40900;ASH_COATED_OSMIUM;9897;14;9895;19;;;9907;12;9909;13;;;9902.0;0.0
yf_BGS_d6;40900;INTARIAN_PEPPER_ROOT;11780;20;11777;17;;;11791;18;11795;23;;;11785.5;0.0
yf_BGS_d6;41000;ASH_COATED_OSMIUM;9899;11;9896;18;;;9905;13;9907;23;;;9902.0;0.0
yf_BGS_d6;41000;INTARIAN_PEPPER_ROOT;11781;6;11779;10;;;11787;16;11791;19;;;11784.0;0.0
yf_BGS_d6;41100;ASH_COATED_OSMIUM;9891;27;9887;18;;;9912;9;9914;28;;;9901.5;0.0
yf_BGS_d6;41100;INTARIAN_PEPPER_ROOT;11781;20;11779;17;;;11787;20;11790;21;;;11784.0;0.0
yf_BGS_d6;41200;ASH_COATED_OSMIUM;9899;13;9897;27;;;9905;20;9909;23;;;9902.0;0.0
yf_BGS_d6;41200;INTARIAN_PEPPER_ROOT;11778;11;11775;13;;;11784;13;11787;12;;;11781.0;0.0
yf_BGS_d6;41300;ASH_COATED_OSMIUM;9899;9;9897;25;;;9905;19;9907;13;;;9902.0;0.0
yf_BGS_d6;41300;INTARIAN_PEPPER_ROOT;11778;12;11776;19;;;11784;18;11787;21;;;11781.0;0.0
yf_BGS_d6;41400;ASH_COATED_OSMIUM;9894;17;9892;26;;;9911;19;9913;24;;;9902.5;0.0
yf_BGS_d6;41400;INTARIAN_PEPPER_ROOT;11776;16;11772;14;;;11782;22;11785;26;;;11779.0;0.0
yf_BGS_d6;41500;ASH_COATED_OSMIUM;9899;8;9897;20;;;9905;10;9909;26;;;9902.0;0.0
yf_BGS_d6;41500;INTARIAN_PEPPER_ROOT;11775;11;11773;14;;;11781;15;11785;30;;;11778.0;0.0
yf_BGS_d6;41600;ASH_COATED_OSMIUM;9900;14;9897;24;;;9906;22;9909;22;;;9903.0;0.0
yf_BGS_d6;41600;INTARIAN_PEPPER_ROOT;11773;17;11770;20;;;11779;11;11783;14;;;11776.0;0.0
yf_BGS_d6;41700;ASH_COATED_OSMIUM;9899;5;9896;18;;;9905;15;9908;22;;;9902.0;0.0
yf_BGS_d6;41700;INTARIAN_PEPPER_ROOT;11772;17;11769;14;;;11778;16;11782;21;;;11775.0;0.0
yf_BGS_d6;41800;ASH_COATED_OSMIUM;9894;18;9890;26;;;9911;12;9915;14;;;9902.5;0.0
yf_BGS_d6;41800;INTARIAN_PEPPER_ROOT;11771;24;11768;21;;;11777;24;11781;13;;;11774.0;0.0
yf_BGS_d6;41900;ASH_COATED_OSMIUM;9898;14;9895;23;;;9907;9;9909;21;;;9902.5;0.0
yf_BGS_d6;41900;INTARIAN_PEPPER_ROOT;11770;24;11766;20;;;11776;18;11780;23;;;11773.0;0.0
yf_BGS_d6;42000;ASH_COATED_OSMIUM;9899;22;9896;17;;;9905;12;9909;22;;;9902.0;0.0
yf_BGS_d6;42000;INTARIAN_PEPPER_ROOT;11768;17;11765;21;;;11774;10;11777;12;;;11771.0;0.0
yf_BGS_d6;42100;ASH_COATED_OSMIUM;9899;8;9896;21;;;9905;12;9907;13;;;9902.0;0.0
yf_BGS_d6;42100;INTARIAN_PEPPER_ROOT;11767;16;11764;11;;;11773;22;11777;17;;;11770.0;0.0
yf_BGS_d6;42200;ASH_COATED_OSMIUM;9897;7;9894;19;;;9907;14;9909;22;;;9902.0;0.0
yf_BGS_d6;42200;INTARIAN_PEPPER_ROOT;11763;16;11760;20;;;11774;17;11778;27;;;11768.5;0.0
yf_BGS_d6;42300;ASH_COATED_OSMIUM;9899;12;9896;21;;;9905;20;9907;17;;;9902.0;0.0
yf_BGS_d6;42300;INTARIAN_PEPPER_ROOT;11764;12;11760;13;;;11770;14;11774;23;;;11767.0;0.0
yf_BGS_d6;42400;ASH_COATED_OSMIUM;9899;19;9896;25;;;9905;16;9907;16;;;9902.0;0.0
yf_BGS_d6;42400;INTARIAN_PEPPER_ROOT;11763;11;11760;16;;;11769;10;11771;25;;;11766.0;0.0
yf_BGS_d6;42500;ASH_COATED_OSMIUM;9891;7;9887;21;;;9915;17;9917;14;;;9903.0;0.0
yf_BGS_d6;42500;INTARIAN_PEPPER_ROOT;11755;12;11753;24;;;11773;12;11775;26;;;11764.0;0.0
yf_BGS_d6;42600;ASH_COATED_OSMIUM;9900;22;9896;17;;;9906;17;9910;11;;;9903.0;0.0
yf_BGS_d6;42600;INTARIAN_PEPPER_ROOT;11759;18;11757;18;;;11768;16;11770;15;;;11763.5;0.0
yf_BGS_d6;42700;ASH_COATED_OSMIUM;9899;13;9895;21;;;9906;30;9908;26;;;9902.5;0.0
yf_BGS_d6;42700;INTARIAN_PEPPER_ROOT;11758;8;11754;16;;;11767;15;11771;23;;;11762.5;0.0
yf_BGS_d6;42800;ASH_COATED_OSMIUM;9899;12;9896;23;;;9905;5;9909;14;;;9902.0;0.0
yf_BGS_d6;42800;INTARIAN_PEPPER_ROOT;11757;12;11755;19;;;11764;14;11767;21;;;11760.5;0.0
yf_BGS_d6;42900;ASH_COATED_OSMIUM;9898;13;9896;22;;;9907;13;9910;16;;;9902.5;0.0
yf_BGS_d6;42900;INTARIAN_PEPPER_ROOT;11755;22;11753;11;;;11762;5;11765;15;;;11758.5;0.0
yf_BGS_d6;43000;ASH_COATED_OSMIUM;9900;14;9897;17;;;9906;14;9909;28;;;9903.0;0.0
yf_BGS_d6;43000;INTARIAN_PEPPER_ROOT;11754;19;11750;16;;;11761;16;11763;11;;;11757.5;0.0
yf_BGS_d6;43100;ASH_COATED_OSMIUM;9900;9;9898;21;;;9906;11;9908;19;;;9903.0;0.0
yf_BGS_d6;43100;INTARIAN_PEPPER_ROOT;11753;6;11750;22;;;11759;14;11762;16;;;11756.0;0.0
yf_BGS_d6;43200;ASH_COATED_OSMIUM;9900;23;9898;16;;;9906;17;9910;8;;;9903.0;0.0
yf_BGS_d6;43200;INTARIAN_PEPPER_ROOT;11743;20;11740;22;;;11766;15;11768;22;;;11754.5;0.0
yf_BGS_d6;43300;ASH_COATED_OSMIUM;9899;15;9896;22;;;9905;17;9909;19;;;9902.0;0.0
yf_BGS_d6;43300;INTARIAN_PEPPER_ROOT;11747;22;11743;20;;;11760;7;11762;13;;;11753.5;0.0
yf_BGS_d6;43400;ASH_COATED_OSMIUM;9900;17;9897;12;;;9906;11;9909;13;;;9903.0;0.0
yf_BGS_d6;43400;INTARIAN_PEPPER_ROOT;11749;13;11746;19;;;11755;23;11758;25;;;11752.0;0.0
yf_BGS_d6;43500;ASH_COATED_OSMIUM;9900;5;9897;23;;;9906;19;9908;21;;;9903.0;0.0
yf_BGS_d6;43500;INTARIAN_PEPPER_ROOT;11748;7;11746;25;;;11754;17;11758;19;;;11751.0;0.0
yf_BGS_d6;43600;ASH_COATED_OSMIUM;9900;5;9896;15;;;9907;17;9909;17;;;9903.5;0.0
yf_BGS_d6;43600;INTARIAN_PEPPER_ROOT;11747;16;11745;18;;;11753;14;11756;15;;;11750.0;0.0
yf_BGS_d6;43700;ASH_COATED_OSMIUM;9900;18;9896;19;;;9906;14;9910;19;;;9903.0;0.0
yf_BGS_d6;43700;INTARIAN_PEPPER_ROOT;11745;12;11743;19;;;11751;22;11753;29;;;11748.0;0.0
yf_BGS_d6;43800;ASH_COATED_OSMIUM;9900;24;9897;18;;;9906;11;9910;22;;;9903.0;0.0
yf_BGS_d6;43800;INTARIAN_PEPPER_ROOT;11738;15;11735;18;;;11755;18;11758;19;;;11746.5;0.0
yf_BGS_d6;43900;ASH_COATED_OSMIUM;9900;8;9897;10;;;9906;19;9908;25;;;9903.0;0.0
yf_BGS_d6;43900;INTARIAN_PEPPER_ROOT;11743;19;11740;21;;;11749;12;11752;20;;;11746.0;0.0
yf_BGS_d6;44000;ASH_COATED_OSMIUM;9900;22;9896;13;;;9906;29;9909;25;;;9903.0;0.0
yf_BGS_d6;44000;INTARIAN_PEPPER_ROOT;11741;18;11739;17;;;11748;6;11750;26;;;11744.5;0.0
yf_BGS_d6;44100;ASH_COATED_OSMIUM;9900;17;9896;14;;;9906;19;9908;28;;;9903.0;0.0
yf_BGS_d6;44100;INTARIAN_PEPPER_ROOT;11741;16;11737;20;;;11747;13;11750;21;;;11744.0;0.0
yf_BGS_d6;44200;ASH_COATED_OSMIUM;9899;13;9895;18;;;9908;5;9911;18;;;9903.5;0.0
yf_BGS_d6;44200;INTARIAN_PEPPER_ROOT;11739;12;11737;22;;;11745;9;11747;18;;;11742.0;0.0
yf_BGS_d6;44300;ASH_COATED_OSMIUM;9895;11;9892;21;;;9912;18;9916;17;;;9903.5;0.0
yf_BGS_d6;44300;INTARIAN_PEPPER_ROOT;11737;16;11733;24;;;11743;20;11747;18;;;11740.0;0.0
yf_BGS_d6;44400;ASH_COATED_OSMIUM;9900;16;9897;21;;;9906;14;9910;16;;;9903.0;0.0
yf_BGS_d6;44400;INTARIAN_PEPPER_ROOT;11732;9;11730;18;;;11747;10;11750;11;;;11739.5;0.0
yf_BGS_d6;44500;ASH_COATED_OSMIUM;9900;13;9897;14;;;9906;12;9910;20;;;9903.0;0.0
yf_BGS_d6;44500;INTARIAN_PEPPER_ROOT;11735;15;11733;16;;;11741;17;11745;20;;;11738.0;0.0
yf_BGS_d6;44600;ASH_COATED_OSMIUM;9889;5;9885;13;;;9917;15;9920;17;;;9903.0;0.0
yf_BGS_d6;44600;INTARIAN_PEPPER_ROOT;11733;17;11730;16;;;11740;6;11744;11;;;11736.5;0.0
yf_BGS_d6;44700;ASH_COATED_OSMIUM;9900;5;9897;23;;;9906;9;9910;17;;;9903.0;0.0
yf_BGS_d6;44700;INTARIAN_PEPPER_ROOT;11732;15;11730;20;;;11738;19;11742;8;;;11735.0;0.0
yf_BGS_d6;44800;ASH_COATED_OSMIUM;9899;7;9896;24;;;9909;14;9913;30;;;9904.0;0.0
yf_BGS_d6;44800;INTARIAN_PEPPER_ROOT;11731;12;11729;24;;;11737;21;11739;20;;;11734.0;0.0
yf_BGS_d6;44900;ASH_COATED_OSMIUM;9900;14;9898;15;;;9906;17;9909;22;;;9903.0;0.0
yf_BGS_d6;44900;INTARIAN_PEPPER_ROOT;11717;11;11714;25;;;11748;19;11751;15;;;11732.5;0.0
yf_BGS_d6;45000;ASH_COATED_OSMIUM;9900;12;9896;17;;;9906;18;9908;19;;;9903.0;0.0
yf_BGS_d6;45000;INTARIAN_PEPPER_ROOT;11728;22;11726;22;;;11734;14;11738;20;;;11731.0;0.0
yf_BGS_d6;45100;ASH_COATED_OSMIUM;9895;12;9891;23;;;9912;13;9915;29;;;9903.5;0.0
yf_BGS_d6;45100;INTARIAN_PEPPER_ROOT;11725;12;11722;22;;;11734;15;11736;22;;;11729.5;0.0
yf_BGS_d6;45200;ASH_COATED_OSMIUM;9901;11;9898;22;;;9907;15;9911;20;;;9904.0;0.0
yf_BGS_d6;45200;INTARIAN_PEPPER_ROOT;11716;10;11713;9;;;11740;17;11742;21;;;11728.0;0.0
yf_BGS_d6;45300;ASH_COATED_OSMIUM;9892;11;9889;26;;;9915;9;9917;18;;;9903.5;0.0
yf_BGS_d6;45300;INTARIAN_PEPPER_ROOT;11724;21;11720;31;;;11730;12;11732;20;;;11727.0;0.0
yf_BGS_d6;45400;ASH_COATED_OSMIUM;9901;11;9898;16;;;9907;15;9909;25;;;9904.0;0.0
yf_BGS_d6;45400;INTARIAN_PEPPER_ROOT;11723;13;11719;20;;;11729;15;11731;22;;;11726.0;0.0
yf_BGS_d6;45500;ASH_COATED_OSMIUM;9900;9;9898;17;;;9906;9;9908;13;;;9903.0;0.0
yf_BGS_d6;45500;INTARIAN_PEPPER_ROOT;11720;11;11718;15;;;11727;19;11731;14;;;11723.5;0.0
yf_BGS_d6;45600;ASH_COATED_OSMIUM;9901;13;9898;19;;;9907;15;9909;33;;;9904.0;0.0
yf_BGS_d6;45600;INTARIAN_PEPPER_ROOT;11716;16;11712;28;;;11729;14;11733;16;;;11722.5;0.0
yf_BGS_d6;45700;ASH_COATED_OSMIUM;9901;14;9899;15;;;9907;14;9909;17;;;9904.0;0.0
yf_BGS_d6;45700;INTARIAN_PEPPER_ROOT;11719;24;11716;21;;;11725;17;11728;20;;;11722.0;0.0
yf_BGS_d6;45800;ASH_COATED_OSMIUM;9901;9;9899;21;;;9907;19;9909;25;;;9904.0;0.0
yf_BGS_d6;45800;INTARIAN_PEPPER_ROOT;11717;17;11715;32;;;11723;9;11725;19;;;11720.0;0.0
yf_BGS_d6;45900;ASH_COATED_OSMIUM;9901;8;9898;22;;;9907;5;9909;17;;;9904.0;0.0
yf_BGS_d6;45900;INTARIAN_PEPPER_ROOT;11710;19;11707;19;;;11729;12;11731;22;;;11719.5;0.0
yf_BGS_d6;46000;ASH_COATED_OSMIUM;9901;12;9899;15;;;9907;11;9911;17;;;9904.0;0.0
yf_BGS_d6;46000;INTARIAN_PEPPER_ROOT;11711;17;11708;22;;;11724;15;11728;19;;;11717.5;0.0
yf_BGS_d6;46100;ASH_COATED_OSMIUM;9900;15;9898;15;;;9908;7;9910;20;;;9904.0;0.0
yf_BGS_d6;46100;INTARIAN_PEPPER_ROOT;11714;22;11711;28;;;11720;5;11724;10;;;11717.0;0.0
yf_BGS_d6;46200;ASH_COATED_OSMIUM;9900;23;9896;16;;;9909;10;9911;23;;;9904.5;0.0
yf_BGS_d6;46200;INTARIAN_PEPPER_ROOT;11712;19;11710;23;;;11718;7;11721;13;;;11715.0;0.0
yf_BGS_d6;46300;ASH_COATED_OSMIUM;9901;16;9897;11;;;9907;15;9910;21;;;9904.0;0.0
yf_BGS_d6;46300;INTARIAN_PEPPER_ROOT;11711;6;11709;33;;;11717;18;11719;13;;;11714.0;0.0
yf_BGS_d6;46400;ASH_COATED_OSMIUM;9901;16;9898;25;;;9907;14;9909;21;;;9904.0;0.0
yf_BGS_d6;46400;INTARIAN_PEPPER_ROOT;11709;12;11706;26;;;11715;23;11718;17;;;11712.0;0.0
yf_BGS_d6;46500;ASH_COATED_OSMIUM;9901;15;9899;23;;;9907;19;9910;15;;;9904.0;0.0
yf_BGS_d6;46500;INTARIAN_PEPPER_ROOT;11708;24;11706;17;;;11714;7;11718;11;;;11711.0;0.0
yf_BGS_d6;46600;ASH_COATED_OSMIUM;9898;22;9896;23;;;9910;15;9913;19;;;9904.0;0.0
yf_BGS_d6;46600;INTARIAN_PEPPER_ROOT;11707;9;11705;15;;;11713;12;11715;26;;;11710.0;0.0
yf_BGS_d6;46700;ASH_COATED_OSMIUM;9901;17;9898;12;;;9907;17;9911;20;;;9904.0;0.0
yf_BGS_d6;46700;INTARIAN_PEPPER_ROOT;11706;16;11702;17;;;11712;15;11716;14;;;11709.0;0.0
yf_BGS_d6;46800;ASH_COATED_OSMIUM;9901;14;9899;29;;;9907;11;9911;19;;;9904.0;0.0
yf_BGS_d6;46800;INTARIAN_PEPPER_ROOT;11701;17;11699;27;;;11712;17;11714;14;;;11706.5;0.0
yf_BGS_d6;46900;ASH_COATED_OSMIUM;9901;14;9898;25;;;9907;15;9909;12;;;9904.0;0.0
yf_BGS_d6;46900;INTARIAN_PEPPER_ROOT;11703;11;11699;16;;;11709;19;11712;27;;;11706.0;0.0
yf_BGS_d6;47000;ASH_COATED_OSMIUM;9901;18;9899;16;;;9907;12;9911;17;;;9904.0;0.0
yf_BGS_d6;47000;INTARIAN_PEPPER_ROOT;11701;13;11699;16;;;11707;8;11710;18;;;11704.0;0.0
yf_BGS_d6;47100;ASH_COATED_OSMIUM;9901;10;9898;29;;;9907;10;9911;22;;;9904.0;0.0
yf_BGS_d6;47100;INTARIAN_PEPPER_ROOT;11698;16;11696;19;;;11708;13;11712;27;;;11703.0;0.0
yf_BGS_d6;47200;ASH_COATED_OSMIUM;9898;9;9894;28;;;9910;17;9912;24;;;9904.0;0.0
yf_BGS_d6;47200;INTARIAN_PEPPER_ROOT;11699;18;11695;20;;;11705;20;11708;13;;;11702.0;0.0
yf_BGS_d6;47300;ASH_COATED_OSMIUM;9898;14;9894;18;;;9910;10;9913;28;;;9904.0;0.0
yf_BGS_d6;47300;INTARIAN_PEPPER_ROOT;11697;18;11695;17;;;11703;17;11707;31;;;11700.0;0.0
yf_BGS_d6;47400;ASH_COATED_OSMIUM;9902;17;9898;27;;;9908;23;9911;24;;;9905.0;0.0
yf_BGS_d6;47400;INTARIAN_PEPPER_ROOT;11695;13;11693;16;;;11701;21;11705;17;;;11698.0;0.0
yf_BGS_d6;47500;ASH_COATED_OSMIUM;9901;13;9897;20;;;9907;14;9910;21;;;9904.0;0.0
yf_BGS_d6;47500;INTARIAN_PEPPER_ROOT;11691;15;11687;21;;;11704;9;11706;24;;;11697.5;0.0
yf_BGS_d6;47600;ASH_COATED_OSMIUM;9902;12;9900;11;;;9908;17;9912;23;;;9905.0;0.0
yf_BGS_d6;47600;INTARIAN_PEPPER_ROOT;11692;11;11689;20;;;11698;14;11701;21;;;11695.0;0.0
yf_BGS_d6;47700;ASH_COATED_OSMIUM;9901;9;9899;16;;;9907;13;9911;15;;;9904.0;0.0
yf_BGS_d6;47700;INTARIAN_PEPPER_ROOT;11688;19;11684;19;;;11701;7;11705;16;;;11694.5;0.0
yf_BGS_d6;47800;ASH_COATED_OSMIUM;9898;16;9895;14;;;9910;22;9912;16;;;9904.0;0.0
yf_BGS_d6;47800;INTARIAN_PEPPER_ROOT;11691;22;11687;16;;;11697;17;11701;21;;;11694.0;0.0
yf_BGS_d6;47900;ASH_COATED_OSMIUM;9902;5;9898;23;;;9908;14;9910;16;;;9905.0;0.0
yf_BGS_d6;47900;INTARIAN_PEPPER_ROOT;11689;15;11687;22;;;11695;20;11697;22;;;11692.0;0.0
yf_BGS_d6;48000;ASH_COATED_OSMIUM;9902;16;9900;19;;;9908;19;9911;17;;;9905.0;0.0
yf_BGS_d6;48000;INTARIAN_PEPPER_ROOT;11682;15;11679;18;;;11699;12;11701;21;;;11690.5;0.0
yf_BGS_d6;48100;ASH_COATED_OSMIUM;9900;13;9896;26;;;9910;16;9913;27;;;9905.0;0.0
yf_BGS_d6;48100;INTARIAN_PEPPER_ROOT;11684;17;11680;24;;;11695;16;11699;24;;;11689.5;0.0
yf_BGS_d6;48200;ASH_COATED_OSMIUM;9902;20;9899;18;;;9908;12;9911;22;;;9905.0;0.0
yf_BGS_d6;48200;INTARIAN_PEPPER_ROOT;11685;13;11682;20;;;11691;16;11693;21;;;11688.0;0.0
yf_BGS_d6;48300;ASH_COATED_OSMIUM;9902;16;9899;18;;;9908;10;9912;21;;;9905.0;0.0
yf_BGS_d6;48300;INTARIAN_PEPPER_ROOT;11684;19;11680;26;;;11690;22;11692;31;;;11687.0;0.0
yf_BGS_d6;48400;ASH_COATED_OSMIUM;9902;12;9899;26;;;9908;15;9912;30;;;9905.0;0.0
yf_BGS_d6;48400;INTARIAN_PEPPER_ROOT;11682;10;11680;23;;;11689;28;11693;17;;;11685.5;0.0
yf_BGS_d6;48500;ASH_COATED_OSMIUM;9902;16;9899;13;;;9908;24;9912;14;;;9905.0;0.0
yf_BGS_d6;48500;INTARIAN_PEPPER_ROOT;11681;10;11679;26;;;11687;16;11690;19;;;11684.0;0.0
yf_BGS_d6;48600;ASH_COATED_OSMIUM;9896;20;9892;15;;;9914;13;9917;12;;;9905.0;0.0
yf_BGS_d6;48600;INTARIAN_PEPPER_ROOT;11679;16;11676;12;;;11687;6;11689;21;;;11683.0;0.0
yf_BGS_d6;48700;ASH_COATED_OSMIUM;9901;12;9897;25;;;9910;21;9912;8;;;9905.5;0.0
yf_BGS_d6;48700;INTARIAN_PEPPER_ROOT;11678;15;11674;22;;;11684;15;11688;22;;;11681.0;0.0
yf_BGS_d6;48800;ASH_COATED_OSMIUM;9902;23;9898;16;;;9908;10;9911;18;;;9905.0;0.0
yf_BGS_d6;48800;INTARIAN_PEPPER_ROOT;11672;16;11668;20;;;11687;7;11691;16;;;11679.5;0.0
yf_BGS_d6;48900;ASH_COATED_OSMIUM;9902;16;9900;20;;;9908;13;9910;17;;;9905.0;0.0
yf_BGS_d6;48900;INTARIAN_PEPPER_ROOT;11675;26;11672;22;;;11682;13;11684;28;;;11678.5;0.0
yf_BGS_d6;49000;ASH_COATED_OSMIUM;9894;15;9890;22;;;9915;13;9918;13;;;9904.5;0.0
yf_BGS_d6;49000;INTARIAN_PEPPER_ROOT;11675;11;11672;11;;;11681;24;11685;21;;;11678.0;0.0
yf_BGS_d6;49100;ASH_COATED_OSMIUM;9894;14;9890;18;;;9917;19;9921;15;;;9905.5;0.0
yf_BGS_d6;49100;INTARIAN_PEPPER_ROOT;11673;17;11671;23;;;11679;13;11682;19;;;11676.0;0.0
yf_BGS_d6;49200;ASH_COATED_OSMIUM;9902;15;9900;17;;;9908;10;9910;23;;;9905.0;0.0
yf_BGS_d6;49200;INTARIAN_PEPPER_ROOT;11667;5;11664;27;;;11682;12;11685;24;;;11674.5;0.0
yf_BGS_d6;49300;ASH_COATED_OSMIUM;9895;16;9892;13;;;9915;10;9919;17;;;9905.0;0.0
yf_BGS_d6;49300;INTARIAN_PEPPER_ROOT;11670;9;11668;16;;;11676;10;11679;13;;;11673.0;0.0
yf_BGS_d6;49400;ASH_COATED_OSMIUM;9901;10;9899;18;;;9909;21;9912;14;;;9905.0;0.0
yf_BGS_d6;49400;INTARIAN_PEPPER_ROOT;11669;17;11665;22;;;11675;13;11677;8;;;11672.0;0.0
yf_BGS_d6;49500;ASH_COATED_OSMIUM;9901;21;9899;25;;;9907;10;9910;19;;;9904.0;0.0
yf_BGS_d6;49500;INTARIAN_PEPPER_ROOT;11666;11;11664;21;;;11676;14;11678;19;;;11671.0;0.0
yf_BGS_d6;49600;ASH_COATED_OSMIUM;9902;6;9899;23;;;9908;15;9910;19;;;9905.0;0.0
yf_BGS_d6;49600;INTARIAN_PEPPER_ROOT;11666;13;11664;17;;;11672;9;11674;16;;;11669.0;0.0
yf_BGS_d6;49700;ASH_COATED_OSMIUM;9902;18;9899;21;;;9908;11;9910;19;;;9905.0;0.0
yf_BGS_d6;49700;INTARIAN_PEPPER_ROOT;11648;19;11645;12;;;11688;11;11690;27;;;11668.0;0.0
yf_BGS_d6;49800;ASH_COATED_OSMIUM;9902;19;9900;22;;;9908;12;9911;15;;;9905.0;0.0
yf_BGS_d6;49800;INTARIAN_PEPPER_ROOT;11664;22;11661;10;;;11670;25;11672;21;;;11667.0;0.0
yf_BGS_d6;49900;ASH_COATED_OSMIUM;9902;17;9898;23;;;9908;15;9912;19;;;9905.0;0.0
yf_BGS_d6;49900;INTARIAN_PEPPER_ROOT;11660;22;11658;25;;;11671;7;11675;9;;;11665.5;0.0
yf_BGS_d6;50000;ASH_COATED_OSMIUM;9903;6;9901;13;;;9909;14;9911;17;;;9906.0;0.0
yf_BGS_d6;50000;INTARIAN_PEPPER_ROOT;11655;17;11651;18;;;11672;28;11676;28;;;11663.5;0.0
yf_BGS_d6;50100;ASH_COATED_OSMIUM;9902;14;9898;8;;;9908;16;9911;27;;;9905.0;0.0
yf_BGS_d6;50100;INTARIAN_PEPPER_ROOT;11657;25;11655;22;;;11668;18;11670;15;;;11662.5;0.0
yf_BGS_d6;50200;ASH_COATED_OSMIUM;9897;16;9895;12;;;9911;11;9914;25;;;9904.0;0.0
yf_BGS_d6;50200;INTARIAN_PEPPER_ROOT;11658;5;11655;19;;;11664;18;11667;16;;;11661.0;0.0
yf_BGS_d6;50300;ASH_COATED_OSMIUM;9896;13;9893;15;;;9915;19;9919;24;;;9905.5;0.0
yf_BGS_d6;50300;INTARIAN_PEPPER_ROOT;11657;16;11653;15;;;11663;14;11667;14;;;11660.0;0.0
yf_BGS_d6;50400;ASH_COATED_OSMIUM;9902;23;9899;19;;;9908;11;9912;22;;;9905.0;0.0
yf_BGS_d6;50400;INTARIAN_PEPPER_ROOT;11656;13;11652;17;;;11662;11;11664;22;;;11659.0;0.0
yf_BGS_d6;50500;ASH_COATED_OSMIUM;9903;12;9900;19;;;9909;18;9912;11;;;9906.0;0.0
yf_BGS_d6;50500;INTARIAN_PEPPER_ROOT;11655;13;11652;14;;;11661;15;11663;16;;;11658.0;0.0
yf_BGS_d6;50600;ASH_COATED_OSMIUM;9899;13;9895;23;;;9913;8;9917;21;;;9906.0;0.0
yf_BGS_d6;50600;INTARIAN_PEPPER_ROOT;11653;13;11650;11;;;11659;15;11661;20;;;11656.0;0.0
yf_BGS_d6;50700;ASH_COATED_OSMIUM;9902;15;9898;11;;;9908;14;9911;20;;;9905.0;0.0
yf_BGS_d6;50700;INTARIAN_PEPPER_ROOT;11650;13;11648;17;;;11661;14;11663;23;;;11655.5;0.0
yf_BGS_d6;50800;ASH_COATED_OSMIUM;9887;20;9884;22;;;9925;5;9928;17;;;9906.0;0.0
yf_BGS_d6;50800;INTARIAN_PEPPER_ROOT;11649;16;11645;24;;;11657;12;11660;21;;;11653.0;0.0
yf_BGS_d6;50900;ASH_COATED_OSMIUM;9903;20;9901;25;;;9909;14;9912;17;;;9906.0;0.0
yf_BGS_d6;50900;INTARIAN_PEPPER_ROOT;11649;19;11647;26;;;11655;13;11657;17;;;11652.0;0.0
yf_BGS_d6;51000;ASH_COATED_OSMIUM;9903;20;9901;19;;;9909;15;9913;13;;;9906.0;0.0
yf_BGS_d6;51000;INTARIAN_PEPPER_ROOT;11649;9;11647;16;;;11655;21;11657;18;;;11652.0;0.0
yf_BGS_d6;51100;ASH_COATED_OSMIUM;9901;13;9897;20;;;9911;10;9915;22;;;9906.0;0.0
yf_BGS_d6;51100;INTARIAN_PEPPER_ROOT;11648;12;11644;16;;;11654;12;11656;29;;;11651.0;0.0
yf_BGS_d6;51200;ASH_COATED_OSMIUM;9901;16;9899;29;;;9910;11;9914;22;;;9905.5;0.0
yf_BGS_d6;51200;INTARIAN_PEPPER_ROOT;11644;15;11640;22;;;11657;17;11661;28;;;11650.5;0.0
yf_BGS_d6;51300;ASH_COATED_OSMIUM;9903;15;9900;30;;;9909;16;9912;25;;;9906.0;0.0
yf_BGS_d6;51300;INTARIAN_PEPPER_ROOT;11646;23;11642;10;;;11652;22;11656;18;;;11649.0;0.0
yf_BGS_d6;51400;ASH_COATED_OSMIUM;9897;21;9893;26;;;9914;13;9917;22;;;9905.5;0.0
yf_BGS_d6;51400;INTARIAN_PEPPER_ROOT;11647;17;11643;27;;;11653;9;11656;15;;;11650.0;0.0
yf_BGS_d6;51500;ASH_COATED_OSMIUM;9903;17;9900;15;;;9909;23;9913;21;;;9906.0;0.0
yf_BGS_d6;51500;INTARIAN_PEPPER_ROOT;11628;16;11625;20;;;11669;11;11673;19;;;11648.5;0.0
yf_BGS_d6;51600;ASH_COATED_OSMIUM;9903;14;9899;8;;;9909;18;9911;18;;;9906.0;0.0
yf_BGS_d6;51600;INTARIAN_PEPPER_ROOT;11645;15;11641;21;;;11651;9;11654;24;;;11648.0;0.0
yf_BGS_d6;51700;ASH_COATED_OSMIUM;9898;21;9896;23;;;9913;20;9916;24;;;9905.5;0.0
yf_BGS_d6;51700;INTARIAN_PEPPER_ROOT;11641;18;11638;21;;;11654;5;11658;17;;;11647.5;0.0
yf_BGS_d6;51800;ASH_COATED_OSMIUM;9903;13;9901;35;;;9909;20;9911;15;;;9906.0;0.0
yf_BGS_d6;51800;INTARIAN_PEPPER_ROOT;11644;11;11641;16;;;11650;11;11653;17;;;11647.0;0.0
yf_BGS_d6;51900;ASH_COATED_OSMIUM;9902;13;9898;25;;;9911;20;9913;13;;;9906.5;0.0
yf_BGS_d6;51900;INTARIAN_PEPPER_ROOT;11643;20;11640;23;;;11649;17;11651;18;;;11646.0;0.0
yf_BGS_d6;52000;ASH_COATED_OSMIUM;9903;15;9901;21;;;9909;14;9912;16;;;9906.0;0.0
yf_BGS_d6;52000;INTARIAN_PEPPER_ROOT;11642;8;11640;30;;;11648;10;11651;24;;;11645.0;0.0
yf_BGS_d6;52100;ASH_COATED_OSMIUM;9899;29;9896;26;;;9912;9;9914;19;;;9905.5;0.0
yf_BGS_d6;52100;INTARIAN_PEPPER_ROOT;11641;12;11639;18;;;11647;20;11649;15;;;11644.0;0.0
yf_BGS_d6;52200;ASH_COATED_OSMIUM;9899;16;9897;33;;;9914;16;9916;24;;;9906.5;0.0
yf_BGS_d6;52200;INTARIAN_PEPPER_ROOT;11642;13;11639;17;;;11648;15;11651;18;;;11645.0;0.0
yf_BGS_d6;52300;ASH_COATED_OSMIUM;9903;20;9900;20;;;9909;17;9911;16;;;9906.0;0.0
yf_BGS_d6;52300;INTARIAN_PEPPER_ROOT;11640;14;11636;17;;;11646;15;11649;15;;;11643.0;0.0
yf_BGS_d6;52400;ASH_COATED_OSMIUM;9902;10;9899;20;;;9910;14;9914;16;;;9906.0;0.0
yf_BGS_d6;52400;INTARIAN_PEPPER_ROOT;11640;12;11638;17;;;11646;7;11649;26;;;11643.0;0.0
yf_BGS_d6;52500;ASH_COATED_OSMIUM;9903;11;9899;17;;;9909;19;9913;17;;;9906.0;0.0
yf_BGS_d6;52500;INTARIAN_PEPPER_ROOT;11638;7;11634;17;;;11647;19;11651;22;;;11642.5;0.0
yf_BGS_d6;52600;ASH_COATED_OSMIUM;9903;26;9900;18;;;9909;25;9913;26;;;9906.0;0.0
yf_BGS_d6;52600;INTARIAN_PEPPER_ROOT;11638;17;11634;29;;;11645;17;11649;31;;;11641.5;0.0
yf_BGS_d6;52700;ASH_COATED_OSMIUM;9904;19;9902;11;;;9910;17;9913;19;;;9907.0;0.0
yf_BGS_d6;52700;INTARIAN_PEPPER_ROOT;11638;15;11636;23;;;11644;17;11647;20;;;11641.0;0.0
yf_BGS_d6;52800;ASH_COATED_OSMIUM;9903;10;9901;16;;;9909;13;9911;12;;;9906.0;0.0
yf_BGS_d6;52800;INTARIAN_PEPPER_ROOT;11637;12;11634;21;;;11643;20;11646;17;;;11640.0;0.0
yf_BGS_d6;52900;ASH_COATED_OSMIUM;9903;17;9899;8;;;9909;10;9912;21;;;9906.0;0.0
yf_BGS_d6;52900;INTARIAN_PEPPER_ROOT;11637;16;11634;16;;;11643;21;11646;15;;;11640.0;0.0
yf_BGS_d6;53000;ASH_COATED_OSMIUM;9903;13;9900;21;;;9909;24;9912;18;;;9906.0;0.0
yf_BGS_d6;53000;INTARIAN_PEPPER_ROOT;11637;24;11633;18;;;11643;20;11645;24;;;11640.0;0.0
yf_BGS_d6;53100;ASH_COATED_OSMIUM;9904;14;9902;22;;;9910;13;9912;17;;;9907.0;0.0
yf_BGS_d6;53100;INTARIAN_PEPPER_ROOT;11636;19;11634;17;;;11642;14;11644;24;;;11639.0;0.0
yf_BGS_d6;53200;ASH_COATED_OSMIUM;9903;10;9899;19;;;9909;6;9911;15;;;9906.0;0.0
yf_BGS_d6;53200;INTARIAN_PEPPER_ROOT;11635;14;11631;18;;;11641;14;11644;18;;;11638.0;0.0
yf_BGS_d6;53300;ASH_COATED_OSMIUM;9904;19;9901;30;;;9910;18;9912;19;;;9907.0;0.0
yf_BGS_d6;53300;INTARIAN_PEPPER_ROOT;11632;19;11628;22;;;11642;16;11646;20;;;11637.0;0.0
yf_BGS_d6;53400;ASH_COATED_OSMIUM;9904;14;9901;18;;;9910;8;9914;20;;;9907.0;0.0
yf_BGS_d6;53400;INTARIAN_PEPPER_ROOT;11634;8;11631;14;;;11640;15;11644;17;;;11637.0;0.0
yf_BGS_d6;53500;ASH_COATED_OSMIUM;9904;18;9901;21;;;9910;11;9912;19;;;9907.0;0.0
yf_BGS_d6;53500;INTARIAN_PEPPER_ROOT;11623;7;11621;17;;;11649;22;11652;15;;;11636.0;0.0
yf_BGS_d6;53600;ASH_COATED_OSMIUM;9904;16;9901;11;;;9910;16;9913;14;;;9907.0;0.0
yf_BGS_d6;53600;INTARIAN_PEPPER_ROOT;11631;18;11627;27;;;11639;10;11643;23;;;11635.0;0.0
yf_BGS_d6;53700;ASH_COATED_OSMIUM;9903;7;9899;22;;;9909;13;9913;20;;;9906.0;0.0
yf_BGS_d6;53700;INTARIAN_PEPPER_ROOT;11632;10;11629;17;;;11638;17;11640;15;;;11635.0;0.0
yf_BGS_d6;53800;ASH_COATED_OSMIUM;9901;16;9898;19;;;9913;16;9916;28;;;9907.0;0.0
yf_BGS_d6;53800;INTARIAN_PEPPER_ROOT;11628;15;11624;33;;;11641;5;11643;23;;;11634.5;0.0
yf_BGS_d6;53900;ASH_COATED_OSMIUM;9904;19;9901;18;;;9910;20;9913;17;;;9907.0;0.0
yf_BGS_d6;53900;INTARIAN_PEPPER_ROOT;11630;11;11627;26;;;11636;5;11640;21;;;11633.0;0.0
yf_BGS_d6;54000;ASH_COATED_OSMIUM;9904;12;9902;23;;;9910;12;9914;21;;;9907.0;0.0
yf_BGS_d6;54000;INTARIAN_PEPPER_ROOT;11630;14;11626;20;;;11636;22;11638;17;;;11633.0;0.0
yf_BGS_d6;54100;ASH_COATED_OSMIUM;9902;17;9898;23;;;9912;20;9914;18;;;9907.0;0.0
yf_BGS_d6;54100;INTARIAN_PEPPER_ROOT;11630;13;11628;14;;;11636;24;11638;18;;;11633.0;0.0
yf_BGS_d6;54200;ASH_COATED_OSMIUM;9904;12;9901;17;;;9910;21;9914;17;;;9907.0;0.0
yf_BGS_d6;54200;INTARIAN_PEPPER_ROOT;11629;21;11627;14;;;11635;17;11638;12;;;11632.0;0.0
yf_BGS_d6;54300;ASH_COATED_OSMIUM;9904;11;9900;17;;;9910;11;9913;19;;;9907.0;0.0
yf_BGS_d6;54300;INTARIAN_PEPPER_ROOT;11628;12;11624;23;;;11634;8;11636;22;;;11631.0;0.0
yf_BGS_d6;54400;ASH_COATED_OSMIUM;9904;13;9901;21;;;9910;15;9914;24;;;9907.0;0.0
yf_BGS_d6;54400;INTARIAN_PEPPER_ROOT;11627;15;11624;25;;;11633;14;11636;15;;;11630.0;0.0
yf_BGS_d6;54500;ASH_COATED_OSMIUM;9904;14;9900;17;;;9910;8;9912;19;;;9907.0;0.0
yf_BGS_d6;54500;INTARIAN_PEPPER_ROOT;11619;24;11616;29;;;11641;26;11645;15;;;11630.0;0.0
yf_BGS_d6;54600;ASH_COATED_OSMIUM;9902;14;9900;27;;;9912;12;9916;16;;;9907.0;0.0
yf_BGS_d6;54600;INTARIAN_PEPPER_ROOT;11616;18;11614;19;;;11642;13;11644;26;;;11629.0;0.0
yf_BGS_d6;54700;ASH_COATED_OSMIUM;9904;21;9900;22;;;9910;17;9914;14;;;9907.0;0.0
yf_BGS_d6;54700;INTARIAN_PEPPER_ROOT;11625;11;11623;17;;;11632;11;11635;24;;;11628.5;0.0
yf_BGS_d6;54800;ASH_COATED_OSMIUM;9901;15;9898;28;;;9913;15;9915;21;;;9907.0;0.0
yf_BGS_d6;54800;INTARIAN_PEPPER_ROOT;11614;16;11611;25;;;11641;13;11645;22;;;11627.5;0.0
yf_BGS_d6;54900;ASH_COATED_OSMIUM;9903;21;9901;18;;;9910;12;9912;25;;;9906.5;0.0
yf_BGS_d6;54900;INTARIAN_PEPPER_ROOT;11624;17;11622;21;;;11630;11;11632;15;;;11627.0;0.0
yf_BGS_d6;55000;ASH_COATED_OSMIUM;9904;19;9901;14;;;9910;15;9912;25;;;9907.0;0.0
yf_BGS_d6;55000;INTARIAN_PEPPER_ROOT;11623;14;11619;27;;;11631;16;11633;14;;;11627.0;0.0
yf_BGS_d6;55100;ASH_COATED_OSMIUM;9904;13;9900;12;;;9910;13;9914;9;;;9907.0;0.0
yf_BGS_d6;55100;INTARIAN_PEPPER_ROOT;11622;18;11619;22;;;11631;23;11633;20;;;11626.5;0.0
yf_BGS_d6;55200;ASH_COATED_OSMIUM;9904;6;9900;23;;;9910;5;9913;21;;;9907.0;0.0
yf_BGS_d6;55200;INTARIAN_PEPPER_ROOT;11619;12;11615;26;;;11632;10;11635;22;;;11625.5;0.0
yf_BGS_d6;55300;ASH_COATED_OSMIUM;9904;19;9901;16;;;9910;16;9913;20;;;9907.0;0.0
yf_BGS_d6;55300;INTARIAN_PEPPER_ROOT;11619;6;11617;24;;;11631;18;11633;13;;;11625.0;0.0
yf_BGS_d6;55400;ASH_COATED_OSMIUM;9902;18;9899;31;;;9912;20;9915;24;;;9907.0;0.0
yf_BGS_d6;55400;INTARIAN_PEPPER_ROOT;11622;15;11620;16;;;11628;11;11632;26;;;11625.0;0.0
yf_BGS_d6;55500;ASH_COATED_OSMIUM;9897;23;9894;24;;;9916;19;9918;8;;;9906.5;0.0
yf_BGS_d6;55500;INTARIAN_PEPPER_ROOT;11621;10;11618;22;;;11627;20;11631;20;;;11624.0;0.0
yf_BGS_d6;55600;ASH_COATED_OSMIUM;9904;10;9901;14;;;9910;23;9913;16;;;9907.0;0.0
yf_BGS_d6;55600;INTARIAN_PEPPER_ROOT;11620;19;11618;22;;;11626;11;11630;30;;;11623.0;0.0
yf_BGS_d6;55700;ASH_COATED_OSMIUM;9901;15;9897;13;;;9914;10;9916;12;;;9907.5;0.0
yf_BGS_d6;55700;INTARIAN_PEPPER_ROOT;11614;23;11610;23;;;11631;12;11633;13;;;11622.5;0.0
yf_BGS_d6;55800;ASH_COATED_OSMIUM;9901;17;9898;15;;;9913;20;9915;16;;;9907.0;0.0
yf_BGS_d6;55800;INTARIAN_PEPPER_ROOT;11618;10;11615;21;;;11624;21;11628;24;;;11621.0;0.0
yf_BGS_d6;55900;ASH_COATED_OSMIUM;9900;16;9898;14;;;9916;17;9920;25;;;9908.0;0.0
yf_BGS_d6;55900;INTARIAN_PEPPER_ROOT;11617;14;11614;21;;;11626;13;11629;23;;;11621.5;0.0
yf_BGS_d6;56000;ASH_COATED_OSMIUM;9895;16;9891;25;;;9921;19;9924;16;;;9908.0;0.0
yf_BGS_d6;56000;INTARIAN_PEPPER_ROOT;11617;15;11613;25;;;11623;7;11627;23;;;11620.0;0.0
yf_BGS_d6;56100;ASH_COATED_OSMIUM;9903;19;9901;20;;;9912;19;9914;16;;;9907.5;0.0
yf_BGS_d6;56100;INTARIAN_PEPPER_ROOT;11616;14;11614;15;;;11622;15;11626;22;;;11619.0;0.0
yf_BGS_d6;56200;ASH_COATED_OSMIUM;9904;9;9900;14;;;9910;14;9912;18;;;9907.0;0.0
yf_BGS_d6;56200;INTARIAN_PEPPER_ROOT;11616;23;11612;19;;;11622;19;11625;24;;;11619.0;0.0
yf_BGS_d6;56300;ASH_COATED_OSMIUM;9893;12;9891;27;;;9923;5;9927;17;;;9908.0;0.0
yf_BGS_d6;56300;INTARIAN_PEPPER_ROOT;11604;5;11601;25;;;11633;19;11636;18;;;11618.5;0.0
yf_BGS_d6;56400;ASH_COATED_OSMIUM;9905;15;9903;18;;;9911;13;9915;20;;;9908.0;0.0
yf_BGS_d6;56400;INTARIAN_PEPPER_ROOT;11613;17;11611;14;;;11623;24;11625;24;;;11618.0;0.0
yf_BGS_d6;56500;ASH_COATED_OSMIUM;9891;20;9889;12;;;9924;16;9926;25;;;9907.5;0.0
yf_BGS_d6;56500;INTARIAN_PEPPER_ROOT;11615;21;11613;17;;;11621;15;11625;17;;;11618.0;0.0
yf_BGS_d6;56600;ASH_COATED_OSMIUM;9904;12;9901;12;;;9910;15;9912;26;;;9907.0;0.0
yf_BGS_d6;56600;INTARIAN_PEPPER_ROOT;11610;20;11606;20;;;11623;21;11626;23;;;11616.5;0.0
yf_BGS_d6;56700;ASH_COATED_OSMIUM;9905;16;9902;23;;;9911;13;9915;15;;;9908.0;0.0
yf_BGS_d6;56700;INTARIAN_PEPPER_ROOT;11609;10;11606;13;;;11625;15;11629;18;;;11617.0;0.0
yf_BGS_d6;56800;ASH_COATED_OSMIUM;9904;13;9901;8;;;9911;15;9915;17;;;9907.5;0.0
yf_BGS_d6;56800;INTARIAN_PEPPER_ROOT;11612;10;11609;17;;;11618;21;11621;18;;;11615.0;0.0
yf_BGS_d6;56900;ASH_COATED_OSMIUM;9900;18;9897;32;;;9915;10;9918;26;;;9907.5;0.0
yf_BGS_d6;56900;INTARIAN_PEPPER_ROOT;11612;18;11608;22;;;11618;10;11621;21;;;11615.0;0.0
yf_BGS_d6;57000;ASH_COATED_OSMIUM;9904;25;9900;24;;;9910;17;9914;16;;;9907.0;0.0
yf_BGS_d6;57000;INTARIAN_PEPPER_ROOT;11611;21;11608;23;;;11617;16;11620;17;;;11614.0;0.0
yf_BGS_d6;57100;ASH_COATED_OSMIUM;9903;10;9899;28;;;9913;16;9916;16;;;9908.0;0.0
yf_BGS_d6;57100;INTARIAN_PEPPER_ROOT;11610;16;11606;21;;;11616;16;11618;18;;;11613.0;0.0
yf_BGS_d6;57200;ASH_COATED_OSMIUM;9905;14;9901;24;;;9911;7;9913;14;;;9908.0;0.0
yf_BGS_d6;57200;INTARIAN_PEPPER_ROOT;11610;9;11608;19;;;11616;17;11620;25;;;11613.0;0.0
yf_BGS_d6;57300;ASH_COATED_OSMIUM;9904;5;9902;14;;;9910;18;9914;27;;;9907.0;0.0
yf_BGS_d6;57300;INTARIAN_PEPPER_ROOT;11609;15;11606;13;;;11615;20;11619;20;;;11612.0;0.0
yf_BGS_d6;57400;ASH_COATED_OSMIUM;9895;15;9893;17;;;9921;15;9924;16;;;9908.0;0.0
yf_BGS_d6;57400;INTARIAN_PEPPER_ROOT;11608;21;11606;21;;;11614;13;11617;22;;;11611.0;0.0
yf_BGS_d6;57500;ASH_COATED_OSMIUM;9899;14;9897;26;;;9916;17;9919;18;;;9907.5;0.0
yf_BGS_d6;57500;INTARIAN_PEPPER_ROOT;11596;18;11593;19;;;11626;9;11629;20;;;11611.0;0.0
yf_BGS_d6;57600;ASH_COATED_OSMIUM;9897;8;9893;18;;;9920;12;9922;9;;;9908.5;0.0
yf_BGS_d6;57600;INTARIAN_PEPPER_ROOT;11608;5;11605;16;;;11614;13;11616;18;;;11611.0;0.0
yf_BGS_d6;57700;ASH_COATED_OSMIUM;9905;19;9902;8;;;9911;14;9914;18;;;9908.0;0.0
yf_BGS_d6;57700;INTARIAN_PEPPER_ROOT;11607;13;11603;10;;;11613;12;11615;24;;;11610.0;0.0
yf_BGS_d6;57800;ASH_COATED_OSMIUM;9890;11;9886;18;;;9926;18;9929;15;;;9908.0;0.0
yf_BGS_d6;57800;INTARIAN_PEPPER_ROOT;11592;26;11590;16;;;11626;13;11628;19;;;11609.0;0.0
yf_BGS_d6;57900;ASH_COATED_OSMIUM;9903;12;9901;24;;;9913;14;9916;15;;;9908.0;0.0
yf_BGS_d6;57900;INTARIAN_PEPPER_ROOT;11593;13;11591;27;;;11624;22;11626;19;;;11608.5;0.0
yf_BGS_d6;58000;ASH_COATED_OSMIUM;9899;20;9897;11;;;9917;13;9919;25;;;9908.0;0.0
yf_BGS_d6;58000;INTARIAN_PEPPER_ROOT;11605;14;11601;18;;;11611;6;11614;16;;;11608.0;0.0
yf_BGS_d6;58100;ASH_COATED_OSMIUM;9899;12;9895;21;;;9916;10;9920;20;;;9907.5;0.0
yf_BGS_d6;58100;INTARIAN_PEPPER_ROOT;11604;16;11601;18;;;11610;21;11613;21;;;11607.0;0.0
yf_BGS_d6;58200;ASH_COATED_OSMIUM;9905;14;9901;20;;;9911;21;9913;20;;;9908.0;0.0
yf_BGS_d6;58200;INTARIAN_PEPPER_ROOT;11604;9;11600;12;;;11610;17;11614;17;;;11607.0;0.0
yf_BGS_d6;58300;ASH_COATED_OSMIUM;9905;13;9903;17;;;9911;7;9915;22;;;9908.0;0.0
yf_BGS_d6;58300;INTARIAN_PEPPER_ROOT;11600;18;11596;16;;;11610;11;11613;23;;;11605.0;0.0
yf_BGS_d6;58400;ASH_COATED_OSMIUM;9905;12;9902;21;;;9911;14;9914;17;;;9908.0;0.0
yf_BGS_d6;58400;INTARIAN_PEPPER_ROOT;11602;22;11598;14;;;11608;14;11611;14;;;11605.0;0.0
yf_BGS_d6;58500;ASH_COATED_OSMIUM;9905;26;9903;26;;;9911;15;9914;19;;;9908.0;0.0
yf_BGS_d6;58500;INTARIAN_PEPPER_ROOT;11602;23;11599;25;;;11608;23;11611;22;;;11605.0;0.0
yf_BGS_d6;58600;ASH_COATED_OSMIUM;9905;12;9902;27;;;9911;5;9915;22;;;9908.0;0.0
yf_BGS_d6;58600;INTARIAN_PEPPER_ROOT;11601;5;11599;13;;;11607;14;11611;17;;;11604.0;0.0
yf_BGS_d6;58700;ASH_COATED_OSMIUM;9906;19;9902;21;;;9912;10;9915;21;;;9909.0;0.0
yf_BGS_d6;58700;INTARIAN_PEPPER_ROOT;11600;16;11598;18;;;11606;12;11610;22;;;11603.0;0.0
yf_BGS_d6;58800;ASH_COATED_OSMIUM;9899;21;9897;18;;;9918;23;9921;24;;;9908.5;0.0
yf_BGS_d6;58800;INTARIAN_PEPPER_ROOT;11599;14;11597;17;;;11605;9;11608;16;;;11602.0;0.0
yf_BGS_d6;58900;ASH_COATED_OSMIUM;9895;12;9892;17;;;9921;20;9925;20;;;9908.0;0.0
yf_BGS_d6;58900;INTARIAN_PEPPER_ROOT;11596;19;11593;28;;;11608;16;11611;16;;;11602.0;0.0
yf_BGS_d6;59000;ASH_COATED_OSMIUM;9899;15;9896;18;;;9918;12;9920;22;;;9908.5;0.0
