day;timestamp;product;bid_price_1;bid_volume_1;bid_price_2;bid_volume_2;bid_price_3;bid_volume_3;ask_price_1;ask_volume_1;ask_price_2;ask_volume_2;ask_price_3;ask_volume_3;mid_price;profit_and_loss
yf_ZW=F_d9;0;ASH_COATED_OSMIUM;9942;5;9939;14;;;9950;10;9952;16;;;9946.0;0.0
yf_ZW=F_d9;0;INTARIAN_PEPPER_ROOT;9996;14;9992;15;;;10002;8;10005;26;;;9999.0;0.0
yf_ZW=F_d9;100;ASH_COATED_OSMIUM;9943;18;9940;22;;;9949;12;9953;29;;;9946.0;0.0
yf_ZW=F_d9;100;INTARIAN_PEPPER_ROOT;9995;20;9991;16;;;10007;18;10009;19;;;10001.0;0.0
yf_ZW=F_d9;200;ASH_COATED_OSMIUM;9941;9;9938;14;;;9948;20;9951;13;;;9944.5;0.0
yf_ZW=F_d9;200;INTARIAN_PEPPER_ROOT;9979;11;9976;18;;;10027;11;10029;16;;;10003.0;0.0
yf_ZW=F_d9;300;ASH_COATED_OSMIUM;9941;19;9937;19;;;9947;13;9951;19;;;9944.0;0.0
yf_ZW=F_d9;300;INTARIAN_PEPPER_ROOT;10000;11;9997;21;;;10009;13;10011;12;;;10004.5;0.0
yf_ZW=F_d9;400;ASH_COATED_OSMIUM;9933;15;9929;21;;;9955;10;9957;13;;;9944.0;0.0
yf_ZW=F_d9;400;INTARIAN_PEPPER_ROOT;10004;13;10001;20;;;10010;17;10013;20;;;10007.0;0.0
yf_ZW=F_d9;500;ASH_COATED_OSMIUM;9941;18;9939;25;;;9947;9;9949;19;;;9944.0;0.0
yf_ZW=F_d9;500;INTARIAN_PEPPER_ROOT;10002;15;9999;19;;;10015;12;10017;24;;;10008.5;0.0
yf_ZW=F_d9;600;ASH_COATED_OSMIUM;9929;5;9925;24;;;9959;23;9961;19;;;9944.0;0.0
yf_ZW=F_d9;600;INTARIAN_PEPPER_ROOT;10005;14;10003;26;;;10015;16;10017;20;;;10010.0;0.0
yf_ZW=F_d9;700;ASH_COATED_OSMIUM;9940;15;9937;17;;;9947;11;9949;27;;;9943.5;0.0
yf_ZW=F_d9;700;INTARIAN_PEPPER_ROOT;10009;17;10005;17;;;10015;23;10019;24;;;10012.0;0.0
yf_ZW=F_d9;800;ASH_COATED_OSMIUM;9933;18;9930;10;;;9954;10;9957;16;;;9943.5;0.0
yf_ZW=F_d9;800;INTARIAN_PEPPER_ROOT;9999;16;9997;20;;;10028;15;10032;27;;;10013.5;0.0
yf_ZW=F_d9;900;ASH_COATED_OSMIUM;9940;19;9938;20;;;9946;19;9950;8;;;9943.0;0.0
yf_ZW=F_d9;900;INTARIAN_PEPPER_ROOT;10007;9;10003;24;;;10022;11;10025;25;;;10014.5;0.0
yf_ZW=F_d9;1000;ASH_COATED_OSMIUM;9939;17;9936;13;;;9945;24;9949;21;;;9942.0;0.0
yf_ZW=F_d9;1000;INTARIAN_PEPPER_ROOT;10014;19;10012;13;;;10020;11;10023;24;;;10017.0;0.0
yf_ZW=F_d9;1100;ASH_COATED_OSMIUM;9937;18;9934;34;;;9948;15;9950;16;;;9942.5;0.0
yf_ZW=F_d9;1100;INTARIAN_PEPPER_ROOT;10016;13;10012;19;;;10022;10;10025;8;;;10019.0;0.0
yf_ZW=F_d9;1200;ASH_COATED_OSMIUM;9930;15;9926;28;;;9954;9;9958;14;;;9942.0;0.0
yf_ZW=F_d9;1200;INTARIAN_PEPPER_ROOT;10015;12;10012;25;;;10026;13;10029;19;;;10020.5;0.0
yf_ZW=F_d9;1300;ASH_COATED_OSMIUM;9933;12;9931;23;;;9951;20;9953;17;;;9942.0;0.0
yf_ZW=F_d9;1300;INTARIAN_PEPPER_ROOT;10019;21;10016;28;;;10025;16;10027;20;;;10022.0;0.0
yf_ZW=F_d9;1400;ASH_COATED_OSMIUM;9937;21;9934;20;;;9947;13;9951;24;;;9942.0;0.0
yf_ZW=F_d9;1400;INTARIAN_PEPPER_ROOT;10021;12;10017;21;;;10027;13;10031;21;;;10024.0;0.0
yf_ZW=F_d9;1500;ASH_COATED_OSMIUM;9934;16;9930;24;;;9949;14;9951;24;;;9941.5;0.0
yf_ZW=F_d9;1500;INTARIAN_PEPPER_ROOT;10022;22;10020;23;;;10029;11;10033;21;;;10025.5;0.0
yf_ZW=F_d9;1600;ASH_COATED_OSMIUM;9938;11;9935;14;;;9944;13;9946;23;;;9941.0;0.0
yf_ZW=F_d9;1600;INTARIAN_PEPPER_ROOT;10025;10;10022;22;;;10031;23;10033;22;;;10028.0;0.0
yf_ZW=F_d9;1700;ASH_COATED_OSMIUM;9937;19;9935;19;;;9943;23;9945;20;;;9940.0;0.0
yf_ZW=F_d9;1700;INTARIAN_PEPPER_ROOT;10027;11;10024;25;;;10033;5;10035;28;;;10030.0;0.0
yf_ZW=F_d9;1800;ASH_COATED_OSMIUM;9934;18;9932;29;;;9947;5;9950;21;;;9940.5;0.0
yf_ZW=F_d9;1800;INTARIAN_PEPPER_ROOT;10029;7;10027;19;;;10035;18;10037;25;;;10032.0;0.0
yf_ZW=F_d9;1900;ASH_COATED_OSMIUM;9937;13;9934;18;;;9943;20;9945;19;;;9940.0;0.0
yf_ZW=F_d9;1900;INTARIAN_PEPPER_ROOT;10030;7;10028;26;;;10036;7;10040;20;;;10033.0;0.0
yf_ZW=F_d9;2000;ASH_COATED_OSMIUM;9927;9;9924;24;;;9951;15;9954;19;;;9939.0;0.0
yf_ZW=F_d9;2000;INTARIAN_PEPPER_ROOT;10032;14;10028;8;;;10038;11;10042;13;;;10035.0;0.0
yf_ZW=F_d9;2100;ASH_COATED_OSMIUM;9936;14;9934;15;;;9942;11;9945;22;;;9939.0;0.0
yf_ZW=F_d9;2100;INTARIAN_PEPPER_ROOT;10027;16;10024;19;;;10047;16;10051;19;;;10037.0;0.0
yf_ZW=F_d9;2200;ASH_COATED_OSMIUM;9936;16;9933;14;;;9942;14;9944;14;;;9939.0;0.0
yf_ZW=F_d9;2200;INTARIAN_PEPPER_ROOT;10035;9;10033;20;;;10041;11;10044;22;;;10038.0;0.0
yf_ZW=F_d9;2300;ASH_COATED_OSMIUM;9936;15;9932;16;;;9942;8;9944;21;;;9939.0;0.0
yf_ZW=F_d9;2300;INTARIAN_PEPPER_ROOT;10029;18;10025;20;;;10050;12;10054;17;;;10039.5;0.0
yf_ZW=F_d9;2400;ASH_COATED_OSMIUM;9935;11;9931;21;;;9941;13;9944;25;;;9938.0;0.0
yf_ZW=F_d9;2400;INTARIAN_PEPPER_ROOT;10038;14;10036;20;;;10046;9;10049;32;;;10042.0;0.0
yf_ZW=F_d9;2500;ASH_COATED_OSMIUM;9935;20;9931;23;;;9942;10;9946;16;;;9938.5;0.0
yf_ZW=F_d9;2500;INTARIAN_PEPPER_ROOT;10041;15;10039;18;;;10047;12;10049;21;;;10044.0;0.0
yf_ZW=F_d9;2600;ASH_COATED_OSMIUM;9935;15;9932;14;;;9941;9;9944;21;;;9938.0;0.0
yf_ZW=F_d9;2600;INTARIAN_PEPPER_ROOT;10042;19;10038;14;;;10049;19;10053;16;;;10045.5;0.0
yf_ZW=F_d9;2700;ASH_COATED_OSMIUM;9935;14;9933;18;;;9941;15;9944;23;;;9938.0;0.0
yf_ZW=F_d9;2700;INTARIAN_PEPPER_ROOT;10044;15;10041;21;;;10050;21;10053;22;;;10047.0;0.0
yf_ZW=F_d9;2800;ASH_COATED_OSMIUM;9935;15;9932;24;;;9941;17;9945;23;;;9938.0;0.0
yf_ZW=F_d9;2800;INTARIAN_PEPPER_ROOT;10039;29;10035;27;;;10060;16;10062;23;;;10049.5;0.0
yf_ZW=F_d9;2900;ASH_COATED_OSMIUM;9935;19;9933;21;;;9941;14;9943;12;;;9938.0;0.0
yf_ZW=F_d9;2900;INTARIAN_PEPPER_ROOT;10047;21;10045;13;;;10053;24;10056;18;;;10050.0;0.0
yf_ZW=F_d9;3000;ASH_COATED_OSMIUM;9934;10;9932;27;;;9940;9;9942;26;;;9937.0;0.0
yf_ZW=F_d9;3000;INTARIAN_PEPPER_ROOT;10047;22;10045;24;;;10058;18;10062;14;;;10052.5;0.0
yf_ZW=F_d9;3100;ASH_COATED_OSMIUM;9934;15;9931;26;;;9940;14;9943;25;;;9937.0;0.0
yf_ZW=F_d9;3100;INTARIAN_PEPPER_ROOT;10051;16;10047;8;;;10057;12;10060;20;;;10054.0;0.0
yf_ZW=F_d9;3200;ASH_COATED_OSMIUM;9934;17;9930;21;;;9940;19;9942;18;;;9937.0;0.0
yf_ZW=F_d9;3200;INTARIAN_PEPPER_ROOT;10053;17;10049;21;;;10059;14;10063;29;;;10056.0;0.0
yf_ZW=F_d9;3300;ASH_COATED_OSMIUM;9933;19;9929;17;;;9939;5;9941;22;;;9936.0;0.0
yf_ZW=F_d9;3300;INTARIAN_PEPPER_ROOT;10055;14;10053;15;;;10061;7;10063;18;;;10058.0;0.0
yf_ZW=F_d9;3400;ASH_COATED_OSMIUM;9930;11;9926;22;;;9943;10;9945;26;;;9936.5;0.0
yf_ZW=F_d9;3400;INTARIAN_PEPPER_ROOT;10026;13;10022;9;;;10094;5;10097;32;;;10060.0;0.0
yf_ZW=F_d9;3500;ASH_COATED_OSMIUM;9932;11;9928;14;;;9938;7;9940;21;;;9935.0;0.0
yf_ZW=F_d9;3500;INTARIAN_PEPPER_ROOT;10057;5;10055;11;;;10066;15;10069;16;;;10061.5;0.0
yf_ZW=F_d9;3600;ASH_COATED_OSMIUM;9931;15;9929;25;;;9941;21;9944;22;;;9936.0;0.0
yf_ZW=F_d9;3600;INTARIAN_PEPPER_ROOT;10059;13;10057;14;;;10065;16;10067;23;;;10062.0;0.0
yf_ZW=F_d9;3700;ASH_COATED_OSMIUM;9930;19;9928;16;;;9941;7;9945;15;;;9935.5;0.0
yf_ZW=F_d9;3700;INTARIAN_PEPPER_ROOT;10062;27;10059;30;;;10068;13;10072;19;;;10065.0;0.0
yf_ZW=F_d9;3800;ASH_COATED_OSMIUM;9932;16;9929;18;;;9938;14;9942;28;;;9935.0;0.0
yf_ZW=F_d9;3800;INTARIAN_PEPPER_ROOT;10059;21;10056;18;;;10074;16;10078;21;;;10066.5;0.0
yf_ZW=F_d9;3900;ASH_COATED_OSMIUM;9932;15;9928;19;;;9938;7;9940;16;;;9935.0;0.0
yf_ZW=F_d9;3900;INTARIAN_PEPPER_ROOT;10065;11;10063;17;;;10071;14;10074;13;;;10068.0;0.0
yf_ZW=F_d9;4000;ASH_COATED_OSMIUM;9931;19;9927;19;;;9937;9;9939;19;;;9934.0;0.0
yf_ZW=F_d9;4000;INTARIAN_PEPPER_ROOT;10061;18;10057;15;;;10080;13;10084;15;;;10070.5;0.0
yf_ZW=F_d9;4100;ASH_COATED_OSMIUM;9931;26;9927;17;;;9937;9;9940;23;;;9934.0;0.0
yf_ZW=F_d9;4100;INTARIAN_PEPPER_ROOT;10068;18;10064;20;;;10076;17;10078;19;;;10072.0;0.0
yf_ZW=F_d9;4200;ASH_COATED_OSMIUM;9929;10;9925;21;;;9938;14;9940;25;;;9933.5;0.0
yf_ZW=F_d9;4200;INTARIAN_PEPPER_ROOT;10071;13;10068;29;;;10077;16;10081;19;;;10074.0;0.0
yf_ZW=F_d9;4300;ASH_COATED_OSMIUM;9928;16;9925;18;;;9938;15;9942;27;;;9933.0;0.0
yf_ZW=F_d9;4300;INTARIAN_PEPPER_ROOT;10072;16;10070;18;;;10078;23;10080;16;;;10075.0;0.0
yf_ZW=F_d9;4400;ASH_COATED_OSMIUM;9930;7;9927;18;;;9936;13;9939;25;;;9933.0;0.0
yf_ZW=F_d9;4400;INTARIAN_PEPPER_ROOT;10074;17;10070;18;;;10080;10;10084;26;;;10077.0;0.0
yf_ZW=F_d9;4500;ASH_COATED_OSMIUM;9928;11;9926;13;;;9939;24;9943;16;;;9933.5;0.0
yf_ZW=F_d9;4500;INTARIAN_PEPPER_ROOT;10076;16;10074;9;;;10082;15;10086;17;;;10079.0;0.0
yf_ZW=F_d9;4600;ASH_COATED_OSMIUM;9929;10;9926;26;;;9935;25;9937;20;;;9932.0;0.0
yf_ZW=F_d9;4600;INTARIAN_PEPPER_ROOT;10073;17;10069;17;;;10087;12;10090;20;;;10080.0;0.0
yf_ZW=F_d9;4700;ASH_COATED_OSMIUM;9928;15;9924;28;;;9936;10;9940;22;;;9932.0;0.0
yf_ZW=F_d9;4700;INTARIAN_PEPPER_ROOT;10080;22;10078;23;;;10086;24;10089;12;;;10083.0;0.0
yf_ZW=F_d9;4800;ASH_COATED_OSMIUM;9929;8;9925;24;;;9935;8;9939;23;;;9932.0;0.0
yf_ZW=F_d9;4800;INTARIAN_PEPPER_ROOT;10081;15;10077;20;;;10087;7;10091;21;;;10084.0;0.0
yf_ZW=F_d9;4900;ASH_COATED_OSMIUM;9926;12;9923;19;;;9938;15;9942;26;;;9932.0;0.0
yf_ZW=F_d9;4900;INTARIAN_PEPPER_ROOT;10083;25;10081;20;;;10089;12;10091;24;;;10086.0;0.0
yf_ZW=F_d9;5000;ASH_COATED_OSMIUM;9923;10;9921;19;;;9941;6;9945;19;;;9932.0;0.0
yf_ZW=F_d9;5000;INTARIAN_PEPPER_ROOT;10080;14;10076;26;;;10095;19;10097;21;;;10087.5;0.0
yf_ZW=F_d9;5100;ASH_COATED_OSMIUM;9928;14;9924;17;;;9934;21;9936;18;;;9931.0;0.0
yf_ZW=F_d9;5100;INTARIAN_PEPPER_ROOT;10085;19;10081;23;;;10093;14;10097;22;;;10089.0;0.0
yf_ZW=F_d9;5200;ASH_COATED_OSMIUM;9928;19;9924;24;;;9935;18;9938;23;;;9931.5;0.0
yf_ZW=F_d9;5200;INTARIAN_PEPPER_ROOT;10088;14;10086;17;;;10094;14;10097;30;;;10091.0;0.0
yf_ZW=F_d9;5300;ASH_COATED_OSMIUM;9914;14;9910;29;;;9946;17;9950;23;;;9930.0;0.0
yf_ZW=F_d9;5300;INTARIAN_PEPPER_ROOT;10088;11;10084;24;;;10097;15;10100;13;;;10092.5;0.0
yf_ZW=F_d9;5400;ASH_COATED_OSMIUM;9920;16;9916;12;;;9941;15;9945;19;;;9930.5;0.0
yf_ZW=F_d9;5400;INTARIAN_PEPPER_ROOT;10087;9;10085;26;;;10102;24;10106;12;;;10094.5;0.0
yf_ZW=F_d9;5500;ASH_COATED_OSMIUM;9927;9;9923;17;;;9933;16;9937;24;;;9930.0;0.0
yf_ZW=F_d9;5500;INTARIAN_PEPPER_ROOT;10094;6;10092;24;;;10100;11;10103;26;;;10097.0;0.0
yf_ZW=F_d9;5600;ASH_COATED_OSMIUM;9927;19;9923;23;;;9933;18;9937;23;;;9930.0;0.0
yf_ZW=F_d9;5600;INTARIAN_PEPPER_ROOT;10092;21;10089;21;;;10104;19;10106;13;;;10098.0;0.0
yf_ZW=F_d9;5700;ASH_COATED_OSMIUM;9927;18;9923;23;;;9933;17;9937;33;;;9930.0;0.0
yf_ZW=F_d9;5700;INTARIAN_PEPPER_ROOT;10097;7;10093;27;;;10103;17;10107;24;;;10100.0;0.0
yf_ZW=F_d9;5800;ASH_COATED_OSMIUM;9926;15;9924;19;;;9932;19;9935;24;;;9929.0;0.0
yf_ZW=F_d9;5800;INTARIAN_PEPPER_ROOT;10099;17;10095;25;;;10105;15;10107;23;;;10102.0;0.0
yf_ZW=F_d9;5900;ASH_COATED_OSMIUM;9925;11;9923;25;;;9934;12;9938;12;;;9929.5;0.0
yf_ZW=F_d9;5900;INTARIAN_PEPPER_ROOT;10101;14;10098;18;;;10107;5;10110;19;;;10104.0;0.0
yf_ZW=F_d9;6000;ASH_COATED_OSMIUM;9926;18;9923;16;;;9932;12;9934;23;;;9929.0;0.0
yf_ZW=F_d9;6000;INTARIAN_PEPPER_ROOT;10097;19;10095;14;;;10114;16;10117;18;;;10105.5;0.0
yf_ZW=F_d9;6100;ASH_COATED_OSMIUM;9926;14;9923;23;;;9932;17;9935;27;;;9929.0;0.0
yf_ZW=F_d9;6100;INTARIAN_PEPPER_ROOT;10104;14;10100;21;;;10110;13;10114;26;;;10107.0;0.0
yf_ZW=F_d9;6200;ASH_COATED_OSMIUM;9925;11;9923;11;;;9931;20;9934;23;;;9928.0;0.0
yf_ZW=F_d9;6200;INTARIAN_PEPPER_ROOT;10106;18;10104;22;;;10112;14;10115;19;;;10109.0;0.0
yf_ZW=F_d9;6300;ASH_COATED_OSMIUM;9925;23;9922;18;;;9931;14;9935;18;;;9928.0;0.0
yf_ZW=F_d9;6300;INTARIAN_PEPPER_ROOT;10107;24;10105;9;;;10115;13;10117;18;;;10111.0;0.0
yf_ZW=F_d9;6400;ASH_COATED_OSMIUM;9923;22;9921;23;;;9931;7;9933;22;;;9927.0;0.0
yf_ZW=F_d9;6400;INTARIAN_PEPPER_ROOT;10109;14;10106;23;;;10115;25;10117;18;;;10112.0;0.0
yf_ZW=F_d9;6500;ASH_COATED_OSMIUM;9917;10;9914;13;;;9937;15;9941;23;;;9927.0;0.0
yf_ZW=F_d9;6500;INTARIAN_PEPPER_ROOT;10099;15;10097;25;;;10129;13;10133;24;;;10114.0;0.0
yf_ZW=F_d9;6600;ASH_COATED_OSMIUM;9925;18;9923;11;;;9931;12;9935;8;;;9928.0;0.0
yf_ZW=F_d9;6600;INTARIAN_PEPPER_ROOT;10108;17;10105;24;;;10124;16;10127;15;;;10116.0;0.0
yf_ZW=F_d9;6700;ASH_COATED_OSMIUM;9924;11;9920;12;;;9930;13;9932;20;;;9927.0;0.0
yf_ZW=F_d9;6700;INTARIAN_PEPPER_ROOT;10115;17;10113;24;;;10121;8;10124;23;;;10118.0;0.0
yf_ZW=F_d9;6800;ASH_COATED_OSMIUM;9921;17;9918;16;;;9932;12;9936;16;;;9926.5;0.0
yf_ZW=F_d9;6800;INTARIAN_PEPPER_ROOT;10116;17;10113;25;;;10122;15;10124;19;;;10119.0;0.0
yf_ZW=F_d9;6900;ASH_COATED_OSMIUM;9920;14;9916;25;;;9933;5;9937;16;;;9926.5;0.0
yf_ZW=F_d9;6900;INTARIAN_PEPPER_ROOT;10118;17;10115;15;;;10124;5;10126;11;;;10121.0;0.0
yf_ZW=F_d9;7000;ASH_COATED_OSMIUM;9924;13;9920;20;;;9930;21;9933;20;;;9927.0;0.0
yf_ZW=F_d9;7000;INTARIAN_PEPPER_ROOT;10119;11;10115;12;;;10125;16;10128;19;;;10122.0;0.0
yf_ZW=F_d9;7100;ASH_COATED_OSMIUM;9923;23;9921;24;;;9929;17;9932;23;;;9926.0;0.0
yf_ZW=F_d9;7100;INTARIAN_PEPPER_ROOT;10121;9;10117;10;;;10127;18;10131;20;;;10124.0;0.0
yf_ZW=F_d9;7200;ASH_COATED_OSMIUM;9923;13;9919;21;;;9929;22;9932;19;;;9926.0;0.0
yf_ZW=F_d9;7200;INTARIAN_PEPPER_ROOT;10123;9;10119;16;;;10129;12;10131;31;;;10126.0;0.0
yf_ZW=F_d9;7300;ASH_COATED_OSMIUM;9912;28;9910;18;;;9939;12;9942;15;;;9925.5;0.0
yf_ZW=F_d9;7300;INTARIAN_PEPPER_ROOT;10126;16;10124;25;;;10132;19;10136;22;;;10129.0;0.0
yf_ZW=F_d9;7400;ASH_COATED_OSMIUM;9922;16;9919;30;;;9928;11;9931;19;;;9925.0;0.0
yf_ZW=F_d9;7400;INTARIAN_PEPPER_ROOT;10123;14;10119;24;;;10138;16;10141;15;;;10130.5;0.0
yf_ZW=F_d9;7500;ASH_COATED_OSMIUM;9922;17;9919;18;;;9928;16;9930;22;;;9925.0;0.0
yf_ZW=F_d9;7500;INTARIAN_PEPPER_ROOT;10118;16;10116;22;;;10146;8;10148;19;;;10132.0;0.0
yf_ZW=F_d9;7600;ASH_COATED_OSMIUM;9922;11;9918;15;;;9928;14;9931;24;;;9925.0;0.0
yf_ZW=F_d9;7600;INTARIAN_PEPPER_ROOT;10130;11;10126;21;;;10138;14;10142;20;;;10134.0;0.0
yf_ZW=F_d9;7700;ASH_COATED_OSMIUM;9919;9;9915;23;;;9930;14;9932;18;;;9924.5;0.0
yf_ZW=F_d9;7700;INTARIAN_PEPPER_ROOT;10132;13;10128;19;;;10138;15;10141;23;;;10135.0;0.0
yf_ZW=F_d9;7800;ASH_COATED_OSMIUM;9921;15;9919;25;;;9927;21;9929;30;;;9924.0;0.0
yf_ZW=F_d9;7800;INTARIAN_PEPPER_ROOT;10126;15;10124;11;;;10148;10;10152;18;;;10137.0;0.0
yf_ZW=F_d9;7900;ASH_COATED_OSMIUM;9921;22;9919;24;;;9927;9;9930;19;;;9924.0;0.0
yf_ZW=F_d9;7900;INTARIAN_PEPPER_ROOT;10136;29;10132;17;;;10142;14;10144;18;;;10139.0;0.0
yf_ZW=F_d9;8000;ASH_COATED_OSMIUM;9921;21;9917;20;;;9927;16;9930;13;;;9924.0;0.0
yf_ZW=F_d9;8000;INTARIAN_PEPPER_ROOT;10137;11;10135;17;;;10144;8;10146;13;;;10140.5;0.0
yf_ZW=F_d9;8100;ASH_COATED_OSMIUM;9920;15;9917;15;;;9927;19;9931;17;;;9923.5;0.0
yf_ZW=F_d9;8100;INTARIAN_PEPPER_ROOT;10139;14;10137;30;;;10145;8;10147;25;;;10142.0;0.0
yf_ZW=F_d9;8200;ASH_COATED_OSMIUM;9920;13;9916;18;;;9926;17;9929;20;;;9923.0;0.0
yf_ZW=F_d9;8200;INTARIAN_PEPPER_ROOT;10133;19;10131;13;;;10156;13;10158;13;;;10144.5;0.0
yf_ZW=F_d9;8300;ASH_COATED_OSMIUM;9920;13;9917;25;;;9926;16;9930;18;;;9923.0;0.0
yf_ZW=F_d9;8300;INTARIAN_PEPPER_ROOT;10144;16;10142;25;;;10150;18;10152;18;;;10147.0;0.0
yf_ZW=F_d9;8400;ASH_COATED_OSMIUM;9920;28;9918;13;;;9926;16;9928;27;;;9923.0;0.0
yf_ZW=F_d9;8400;INTARIAN_PEPPER_ROOT;10144;15;10142;21;;;10150;17;10152;19;;;10147.0;0.0
yf_ZW=F_d9;8500;ASH_COATED_OSMIUM;9919;11;9917;17;;;9925;10;9927;17;;;9922.0;0.0
yf_ZW=F_d9;8500;INTARIAN_PEPPER_ROOT;10145;22;10141;8;;;10154;10;10156;20;;;10149.5;0.0
yf_ZW=F_d9;8600;ASH_COATED_OSMIUM;9919;11;9916;16;;;9925;21;9929;29;;;9922.0;0.0
yf_ZW=F_d9;8600;INTARIAN_PEPPER_ROOT;10142;5;10138;17;;;10159;17;10162;15;;;10150.5;0.0
yf_ZW=F_d9;8700;ASH_COATED_OSMIUM;9915;18;9911;16;;;9927;11;9931;24;;;9921.0;0.0
yf_ZW=F_d9;8700;INTARIAN_PEPPER_ROOT;10150;6;10147;21;;;10156;12;10159;19;;;10153.0;0.0
yf_ZW=F_d9;8800;ASH_COATED_OSMIUM;9919;13;9916;16;;;9925;19;9927;18;;;9922.0;0.0
yf_ZW=F_d9;8800;INTARIAN_PEPPER_ROOT;10152;17;10148;21;;;10158;16;10161;17;;;10155.0;0.0
yf_ZW=F_d9;8900;ASH_COATED_OSMIUM;9916;5;9914;18;;;9927;9;9931;13;;;9921.5;0.0
yf_ZW=F_d9;8900;INTARIAN_PEPPER_ROOT;10146;13;10144;18;;;10167;12;10171;27;;;10156.5;0.0
yf_ZW=F_d9;9000;ASH_COATED_OSMIUM;9918;15;9915;12;;;9924;12;9926;27;;;9921.0;0.0
yf_ZW=F_d9;9000;INTARIAN_PEPPER_ROOT;10146;23;10144;25;;;10170;17;10172;19;;;10158.0;0.0
yf_ZW=F_d9;9100;ASH_COATED_OSMIUM;9917;18;9913;16;;;9924;15;9928;17;;;9920.5;0.0
yf_ZW=F_d9;9100;INTARIAN_PEPPER_ROOT;10156;13;10153;23;;;10165;16;10168;14;;;10160.5;0.0
yf_ZW=F_d9;9200;ASH_COATED_OSMIUM;9917;13;9913;13;;;9923;13;9926;23;;;9920.0;0.0
yf_ZW=F_d9;9200;INTARIAN_PEPPER_ROOT;10158;17;10154;14;;;10164;8;10167;15;;;10161.0;0.0
yf_ZW=F_d9;9300;ASH_COATED_OSMIUM;9917;9;9913;21;;;9923;24;9926;28;;;9920.0;0.0
yf_ZW=F_d9;9300;INTARIAN_PEPPER_ROOT;10161;21;10159;22;;;10167;17;10171;22;;;10164.0;0.0
yf_ZW=F_d9;9400;ASH_COATED_OSMIUM;9917;9;9913;32;;;9923;14;9927;25;;;9920.0;0.0
yf_ZW=F_d9;9400;INTARIAN_PEPPER_ROOT;10162;20;10159;16;;;10168;17;10170;29;;;10165.0;0.0
yf_ZW=F_d9;9500;ASH_COATED_OSMIUM;9916;12;9914;17;;;9923;16;9927;21;;;9919.5;0.0
yf_ZW=F_d9;9500;INTARIAN_PEPPER_ROOT;10164;18;10162;16;;;10170;6;10174;31;;;10167.0;0.0
yf_ZW=F_d9;9600;ASH_COATED_OSMIUM;9914;21;9910;24;;;9924;9;9928;15;;;9919.0;0.0
yf_ZW=F_d9;9600;INTARIAN_PEPPER_ROOT;10166;12;10163;25;;;10172;18;10174;22;;;10169.0;0.0
yf_ZW=F_d9;9700;ASH_COATED_OSMIUM;9916;11;9913;20;;;9922;13;9925;24;;;9919.0;0.0
yf_ZW=F_d9;9700;INTARIAN_PEPPER_ROOT;10168;7;10165;16;;;10174;17;10177;15;;;10171.0;0.0
yf_ZW=F_d9;9800;ASH_COATED_OSMIUM;9916;23;9912;19;;;9922;19;9926;15;;;9919.0;0.0
yf_ZW=F_d9;9800;INTARIAN_PEPPER_ROOT;10169;14;10166;26;;;10176;9;10180;18;;;10172.5;0.0
yf_ZW=F_d9;9900;ASH_COATED_OSMIUM;9915;12;9911;14;;;9921;18;9925;21;;;9918.0;0.0
yf_ZW=F_d9;9900;INTARIAN_PEPPER_ROOT;10171;6;10169;15;;;10177;15;10179;24;;;10174.0;0.0
yf_ZW=F_d9;10000;ASH_COATED_OSMIUM;9910;12;9908;13;;;9925;9;9929;25;;;9917.5;0.0
yf_ZW=F_d9;10000;INTARIAN_PEPPER_ROOT;10173;12;10171;26;;;10179;19;10182;20;;;10176.0;0.0
yf_ZW=F_d9;10100;ASH_COATED_OSMIUM;9915;16;9913;21;;;9921;14;9923;22;;;9918.0;0.0
yf_ZW=F_d9;10100;INTARIAN_PEPPER_ROOT;10170;11;10167;12;;;10185;7;10188;22;;;10177.5;0.0
yf_ZW=F_d9;10200;ASH_COATED_OSMIUM;9906;18;9904;24;;;9929;11;9931;32;;;9917.5;0.0
yf_ZW=F_d9;10200;INTARIAN_PEPPER_ROOT;10177;20;10174;17;;;10183;22;10185;32;;;10180.0;0.0
yf_ZW=F_d9;10300;ASH_COATED_OSMIUM;9914;11;9912;15;;;9920;17;9924;29;;;9917.0;0.0
yf_ZW=F_d9;10300;INTARIAN_PEPPER_ROOT;10178;19;10175;25;;;10184;21;10186;23;;;10181.0;0.0
yf_ZW=F_d9;10400;ASH_COATED_OSMIUM;9911;14;9908;19;;;9923;14;9926;16;;;9917.0;0.0
yf_ZW=F_d9;10400;INTARIAN_PEPPER_ROOT;10179;12;10175;23;;;10185;15;10189;18;;;10182.0;0.0
yf_ZW=F_d9;10500;ASH_COATED_OSMIUM;9913;15;9909;27;;;9921;14;9924;14;;;9917.0;0.0
yf_ZW=F_d9;10500;INTARIAN_PEPPER_ROOT;10182;7;10178;26;;;10188;10;10191;12;;;10185.0;0.0
yf_ZW=F_d9;10600;ASH_COATED_OSMIUM;9912;15;9909;18;;;9920;20;9924;25;;;9916.0;0.0
yf_ZW=F_d9;10600;INTARIAN_PEPPER_ROOT;10184;15;10182;23;;;10190;9;10194;19;;;10187.0;0.0
yf_ZW=F_d9;10700;ASH_COATED_OSMIUM;9913;19;9910;25;;;9919;12;9923;23;;;9916.0;0.0
yf_ZW=F_d9;10700;INTARIAN_PEPPER_ROOT;10185;19;10183;13;;;10191;17;10195;22;;;10188.0;0.0
yf_ZW=F_d9;10800;ASH_COATED_OSMIUM;9913;11;9910;17;;;9919;9;9921;27;;;9916.0;0.0
yf_ZW=F_d9;10800;INTARIAN_PEPPER_ROOT;10187;19;10183;14;;;10193;18;10195;18;;;10190.0;0.0
yf_ZW=F_d9;10900;ASH_COATED_OSMIUM;9913;17;9910;14;;;9919;27;9922;9;;;9916.0;0.0
yf_ZW=F_d9;10900;INTARIAN_PEPPER_ROOT;10189;18;10185;20;;;10195;10;10199;13;;;10192.0;0.0
yf_ZW=F_d9;11000;ASH_COATED_OSMIUM;9911;6;9908;24;;;9922;7;9924;12;;;9916.5;0.0
yf_ZW=F_d9;11000;INTARIAN_PEPPER_ROOT;10186;14;10184;17;;;10201;27;10203;24;;;10193.5;0.0
yf_ZW=F_d9;11100;ASH_COATED_OSMIUM;9902;11;9899;10;;;9928;23;9931;10;;;9915.0;0.0
yf_ZW=F_d9;11100;INTARIAN_PEPPER_ROOT;10182;13;10179;21;;;10209;12;10212;20;;;10195.5;0.0
yf_ZW=F_d9;11200;ASH_COATED_OSMIUM;9912;15;9910;14;;;9918;8;9920;13;;;9915.0;0.0
yf_ZW=F_d9;11200;INTARIAN_PEPPER_ROOT;10192;14;10190;19;;;10202;13;10205;15;;;10197.0;0.0
yf_ZW=F_d9;11300;ASH_COATED_OSMIUM;9912;17;9909;24;;;9918;12;9920;22;;;9915.0;0.0
yf_ZW=F_d9;11300;INTARIAN_PEPPER_ROOT;10196;18;10192;17;;;10202;22;10204;16;;;10199.0;0.0
yf_ZW=F_d9;11400;ASH_COATED_OSMIUM;9906;22;9903;18;;;9922;11;9925;23;;;9914.0;0.0
yf_ZW=F_d9;11400;INTARIAN_PEPPER_ROOT;10190;21;10187;14;;;10211;13;10215;16;;;10200.5;0.0
yf_ZW=F_d9;11500;ASH_COATED_OSMIUM;9911;15;9909;8;;;9917;11;9920;34;;;9914.0;0.0
yf_ZW=F_d9;11500;INTARIAN_PEPPER_ROOT;10199;15;10197;23;;;10205;12;10209;25;;;10202.0;0.0
yf_ZW=F_d9;11600;ASH_COATED_OSMIUM;9911;15;9907;8;;;9917;16;9920;26;;;9914.0;0.0
yf_ZW=F_d9;11600;INTARIAN_PEPPER_ROOT;10196;10;10194;20;;;10213;21;10217;19;;;10204.5;0.0
yf_ZW=F_d9;11700;ASH_COATED_OSMIUM;9911;20;9908;13;;;9917;18;9921;20;;;9914.0;0.0
yf_ZW=F_d9;11700;INTARIAN_PEPPER_ROOT;10203;9;10201;19;;;10209;13;10212;29;;;10206.0;0.0
yf_ZW=F_d9;11800;ASH_COATED_OSMIUM;9909;11;9905;24;;;9917;20;9919;8;;;9913.0;0.0
yf_ZW=F_d9;11800;INTARIAN_PEPPER_ROOT;10205;26;10203;20;;;10211;9;10213;22;;;10208.0;0.0
yf_ZW=F_d9;11900;ASH_COATED_OSMIUM;9905;8;9903;14;;;9920;20;9924;24;;;9912.5;0.0
yf_ZW=F_d9;11900;INTARIAN_PEPPER_ROOT;10207;17;10204;20;;;10213;5;10216;13;;;10210.0;0.0
yf_ZW=F_d9;12000;ASH_COATED_OSMIUM;9910;19;9908;13;;;9916;9;9919;20;;;9913.0;0.0
yf_ZW=F_d9;12000;INTARIAN_PEPPER_ROOT;10200;11;10196;32;;;10221;15;10225;15;;;10210.5;0.0
yf_ZW=F_d9;12100;ASH_COATED_OSMIUM;9910;20;9906;26;;;9916;19;9918;25;;;9913.0;0.0
yf_ZW=F_d9;12100;INTARIAN_PEPPER_ROOT;10209;9;10207;25;;;10216;17;10220;19;;;10212.5;0.0
yf_ZW=F_d9;12200;ASH_COATED_OSMIUM;9909;13;9907;16;;;9915;10;9917;18;;;9912.0;0.0
yf_ZW=F_d9;12200;INTARIAN_PEPPER_ROOT;10209;20;10205;20;;;10220;11;10223;15;;;10214.5;0.0
yf_ZW=F_d9;12300;ASH_COATED_OSMIUM;9903;17;9901;16;;;9920;14;9923;18;;;9911.5;0.0
yf_ZW=F_d9;12300;INTARIAN_PEPPER_ROOT;10209;10;10206;18;;;10225;10;10227;14;;;10217.0;0.0
yf_ZW=F_d9;12400;ASH_COATED_OSMIUM;9908;14;9905;15;;;9914;17;9917;18;;;9911.0;0.0
yf_ZW=F_d9;12400;INTARIAN_PEPPER_ROOT;10215;24;10213;16;;;10221;13;10225;11;;;10218.0;0.0
yf_ZW=F_d9;12500;ASH_COATED_OSMIUM;9909;9;9906;24;;;9915;15;9919;23;;;9912.0;0.0
yf_ZW=F_d9;12500;INTARIAN_PEPPER_ROOT;10217;17;10214;30;;;10223;15;10226;28;;;10220.0;0.0
yf_ZW=F_d9;12600;ASH_COATED_OSMIUM;9908;20;9906;24;;;9914;13;9916;15;;;9911.0;0.0
yf_ZW=F_d9;12600;INTARIAN_PEPPER_ROOT;10215;15;10212;26;;;10227;12;10231;13;;;10221.0;0.0
yf_ZW=F_d9;12700;ASH_COATED_OSMIUM;9908;17;9905;16;;;9914;14;9917;21;;;9911.0;0.0
yf_ZW=F_d9;12700;INTARIAN_PEPPER_ROOT;10220;7;10217;22;;;10227;13;10230;12;;;10223.5;0.0
yf_ZW=F_d9;12800;ASH_COATED_OSMIUM;9907;18;9904;13;;;9913;13;9917;22;;;9910.0;0.0
yf_ZW=F_d9;12800;INTARIAN_PEPPER_ROOT;10219;15;10215;16;;;10231;11;10235;27;;;10225.0;0.0
yf_ZW=F_d9;12900;ASH_COATED_OSMIUM;9908;14;9904;12;;;9914;14;9918;23;;;9911.0;0.0
yf_ZW=F_d9;12900;INTARIAN_PEPPER_ROOT;10223;12;10221;20;;;10231;19;10234;15;;;10227.0;0.0
yf_ZW=F_d9;13000;ASH_COATED_OSMIUM;9894;16;9890;22;;;9925;16;9929;21;;;9909.5;0.0
yf_ZW=F_d9;13000;INTARIAN_PEPPER_ROOT;10226;13;10224;19;;;10232;15;10235;22;;;10229.0;0.0
yf_ZW=F_d9;13100;ASH_COATED_OSMIUM;9907;11;9903;15;;;9913;9;9916;22;;;9910.0;0.0
yf_ZW=F_d9;13100;INTARIAN_PEPPER_ROOT;10227;5;10223;19;;;10233;7;10237;17;;;10230.0;0.0
yf_ZW=F_d9;13200;ASH_COATED_OSMIUM;9906;17;9904;14;;;9912;15;9916;16;;;9909.0;0.0
yf_ZW=F_d9;13200;INTARIAN_PEPPER_ROOT;10229;14;10226;21;;;10235;18;10239;19;;;10232.0;0.0
yf_ZW=F_d9;13300;ASH_COATED_OSMIUM;9907;12;9903;26;;;9913;7;9916;22;;;9910.0;0.0
yf_ZW=F_d9;13300;INTARIAN_PEPPER_ROOT;10230;20;10228;23;;;10237;10;10241;12;;;10233.5;0.0
yf_ZW=F_d9;13400;ASH_COATED_OSMIUM;9905;17;9903;23;;;9913;21;9916;17;;;9909.0;0.0
yf_ZW=F_d9;13400;INTARIAN_PEPPER_ROOT;10225;15;10222;13;;;10248;18;10252;15;;;10236.5;0.0
yf_ZW=F_d9;13500;ASH_COATED_OSMIUM;9892;9;9890;33;;;9925;8;9927;16;;;9908.5;0.0
yf_ZW=F_d9;13500;INTARIAN_PEPPER_ROOT;10235;20;10231;23;;;10241;15;10243;13;;;10238.0;0.0
yf_ZW=F_d9;13600;ASH_COATED_OSMIUM;9905;13;9902;20;;;9911;26;9914;26;;;9908.0;0.0
yf_ZW=F_d9;13600;INTARIAN_PEPPER_ROOT;10236;14;10232;24;;;10242;12;10244;8;;;10239.0;0.0
yf_ZW=F_d9;13700;ASH_COATED_OSMIUM;9905;15;9902;15;;;9911;18;9913;22;;;9908.0;0.0
yf_ZW=F_d9;13700;INTARIAN_PEPPER_ROOT;10238;20;10235;11;;;10244;14;10246;19;;;10241.0;0.0
yf_ZW=F_d9;13800;ASH_COATED_OSMIUM;9905;13;9902;26;;;9911;13;9913;21;;;9908.0;0.0
yf_ZW=F_d9;13800;INTARIAN_PEPPER_ROOT;10238;13;10235;19;;;10247;17;10249;21;;;10242.5;0.0
yf_ZW=F_d9;13900;ASH_COATED_OSMIUM;9904;14;9901;10;;;9910;22;9913;14;;;9907.0;0.0
yf_ZW=F_d9;13900;INTARIAN_PEPPER_ROOT;10237;20;10235;19;;;10251;11;10255;21;;;10244.0;0.0
yf_ZW=F_d9;14000;ASH_COATED_OSMIUM;9904;6;9901;22;;;9910;25;9912;26;;;9907.0;0.0
yf_ZW=F_d9;14000;INTARIAN_PEPPER_ROOT;10243;9;10240;17;;;10249;19;10252;20;;;10246.0;0.0
yf_ZW=F_d9;14100;ASH_COATED_OSMIUM;9905;9;9902;21;;;9911;25;9914;22;;;9908.0;0.0
yf_ZW=F_d9;14100;INTARIAN_PEPPER_ROOT;10245;17;10243;18;;;10251;21;10253;15;;;10248.0;0.0
yf_ZW=F_d9;14200;ASH_COATED_OSMIUM;9904;5;9900;27;;;9910;9;9913;15;;;9907.0;0.0
yf_ZW=F_d9;14200;INTARIAN_PEPPER_ROOT;10244;18;10241;13;;;10257;14;10259;23;;;10250.5;0.0
yf_ZW=F_d9;14300;ASH_COATED_OSMIUM;9891;16;9887;27;;;9922;18;9924;25;;;9906.5;0.0
yf_ZW=F_d9;14300;INTARIAN_PEPPER_ROOT;10245;11;10243;18;;;10257;5;10260;18;;;10251.0;0.0
yf_ZW=F_d9;14400;ASH_COATED_OSMIUM;9902;19;9899;27;;;9911;15;9914;24;;;9906.5;0.0
yf_ZW=F_d9;14400;INTARIAN_PEPPER_ROOT;10250;11;10248;27;;;10256;22;10258;23;;;10253.0;0.0
yf_ZW=F_d9;14500;ASH_COATED_OSMIUM;9897;16;9894;15;;;9915;23;9917;27;;;9906.0;0.0
yf_ZW=F_d9;14500;INTARIAN_PEPPER_ROOT;10253;15;10250;11;;;10259;13;10262;16;;;10256.0;0.0
yf_ZW=F_d9;14600;ASH_COATED_OSMIUM;9903;13;9901;13;;;9909;15;9912;9;;;9906.0;0.0
yf_ZW=F_d9;14600;INTARIAN_PEPPER_ROOT;10254;9;10252;20;;;10260;11;10264;15;;;10257.0;0.0
yf_ZW=F_d9;14700;ASH_COATED_OSMIUM;9902;8;9899;20;;;9908;20;9911;18;;;9905.0;0.0
yf_ZW=F_d9;14700;INTARIAN_PEPPER_ROOT;10255;7;10253;18;;;10261;13;10265;24;;;10258.0;0.0
yf_ZW=F_d9;14800;ASH_COATED_OSMIUM;9897;16;9893;21;;;9913;14;9915;25;;;9905.0;0.0
yf_ZW=F_d9;14800;INTARIAN_PEPPER_ROOT;10258;10;10255;26;;;10264;6;10268;26;;;10261.0;0.0
yf_ZW=F_d9;14900;ASH_COATED_OSMIUM;9902;9;9898;19;;;9908;20;9911;18;;;9905.0;0.0
yf_ZW=F_d9;14900;INTARIAN_PEPPER_ROOT;10259;8;10256;27;;;10265;17;10269;18;;;10262.0;0.0
yf_ZW=F_d9;15000;ASH_COATED_OSMIUM;9902;26;9898;19;;;9908;7;9911;12;;;9905.0;0.0
yf_ZW=F_d9;15000;INTARIAN_PEPPER_ROOT;10261;5;10258;21;;;10267;14;10271;20;;;10264.0;0.0
yf_ZW=F_d9;15100;ASH_COATED_OSMIUM;9900;15;9896;27;;;9910;12;9913;25;;;9905.0;0.0
yf_ZW=F_d9;15100;INTARIAN_PEPPER_ROOT;10245;24;10241;19;;;10286;19;10289;17;;;10265.5;0.0
yf_ZW=F_d9;15200;ASH_COATED_OSMIUM;9901;18;9898;15;;;9907;15;9910;27;;;9904.0;0.0
yf_ZW=F_d9;15200;INTARIAN_PEPPER_ROOT;10265;9;10261;28;;;10271;14;10273;13;;;10268.0;0.0
yf_ZW=F_d9;15300;ASH_COATED_OSMIUM;9895;21;9892;27;;;9913;9;9917;17;;;9904.0;0.0
yf_ZW=F_d9;15300;INTARIAN_PEPPER_ROOT;10259;18;10257;23;;;10279;11;10283;16;;;10269.0;0.0
yf_ZW=F_d9;15400;ASH_COATED_OSMIUM;9901;11;9898;28;;;9907;17;9911;21;;;9904.0;0.0
yf_ZW=F_d9;15400;INTARIAN_PEPPER_ROOT;10268;5;10264;18;;;10274;18;10277;22;;;10271.0;0.0
yf_ZW=F_d9;15500;ASH_COATED_OSMIUM;9900;9;9898;24;;;9906;12;9909;21;;;9903.0;0.0
yf_ZW=F_d9;15500;INTARIAN_PEPPER_ROOT;10270;21;10267;14;;;10276;10;10280;19;;;10273.0;0.0
yf_ZW=F_d9;15600;ASH_COATED_OSMIUM;9900;15;9897;26;;;9906;18;9909;25;;;9903.0;0.0
yf_ZW=F_d9;15600;INTARIAN_PEPPER_ROOT;10272;14;10268;10;;;10278;9;10280;13;;;10275.0;0.0
yf_ZW=F_d9;15700;ASH_COATED_OSMIUM;9899;20;9895;15;;;9905;18;9908;24;;;9902.0;0.0
yf_ZW=F_d9;15700;INTARIAN_PEPPER_ROOT;10274;5;10271;12;;;10280;17;10284;24;;;10277.0;0.0
yf_ZW=F_d9;15800;ASH_COATED_OSMIUM;9899;19;9896;18;;;9906;11;9909;16;;;9902.5;0.0
yf_ZW=F_d9;15800;INTARIAN_PEPPER_ROOT;10275;15;10272;15;;;10281;10;10283;16;;;10278.0;0.0
yf_ZW=F_d9;15900;ASH_COATED_OSMIUM;9899;8;9895;24;;;9905;12;9909;23;;;9902.0;0.0
yf_ZW=F_d9;15900;INTARIAN_PEPPER_ROOT;10277;7;10274;26;;;10283;12;10285;24;;;10280.0;0.0
yf_ZW=F_d9;16000;ASH_COATED_OSMIUM;9899;13;9897;19;;;9905;16;9907;14;;;9902.0;0.0
yf_ZW=F_d9;16000;INTARIAN_PEPPER_ROOT;10266;13;10262;22;;;10297;11;10299;21;;;10281.5;0.0
yf_ZW=F_d9;16100;ASH_COATED_OSMIUM;9899;25;9896;23;;;9905;7;9907;10;;;9902.0;0.0
yf_ZW=F_d9;16100;INTARIAN_PEPPER_ROOT;10281;10;10279;22;;;10287;6;10289;26;;;10284.0;0.0
yf_ZW=F_d9;16200;ASH_COATED_OSMIUM;9898;6;9894;22;;;9904;13;9906;16;;;9901.0;0.0
yf_ZW=F_d9;16200;INTARIAN_PEPPER_ROOT;10283;17;10279;20;;;10289;18;10293;14;;;10286.0;0.0
yf_ZW=F_d9;16300;ASH_COATED_OSMIUM;9898;7;9895;20;;;9904;18;9908;17;;;9901.0;0.0
yf_ZW=F_d9;16300;INTARIAN_PEPPER_ROOT;10284;17;10282;17;;;10290;18;10294;16;;;10287.0;0.0
yf_ZW=F_d9;16400;ASH_COATED_OSMIUM;9897;18;9894;14;;;9904;8;9907;32;;;9900.5;0.0
yf_ZW=F_d9;16400;INTARIAN_PEPPER_ROOT;10285;14;10281;18;;;10291;11;10293;17;;;10288.0;0.0
yf_ZW=F_d9;16500;ASH_COATED_OSMIUM;9898;5;9894;16;;;9904;10;9906;22;;;9901.0;0.0
yf_ZW=F_d9;16500;INTARIAN_PEPPER_ROOT;10286;22;10282;22;;;10295;16;10297;12;;;10290.5;0.0
yf_ZW=F_d9;16600;ASH_COATED_OSMIUM;9897;12;9894;14;;;9903;13;9906;11;;;9900.0;0.0
yf_ZW=F_d9;16600;INTARIAN_PEPPER_ROOT;10289;14;10286;20;;;10295;23;10299;26;;;10292.0;0.0
yf_ZW=F_d9;16700;ASH_COATED_OSMIUM;9897;10;9893;18;;;9903;16;9905;18;;;9900.0;0.0
yf_ZW=F_d9;16700;INTARIAN_PEPPER_ROOT;10291;23;10288;19;;;10297;20;10300;22;;;10294.0;0.0
yf_ZW=F_d9;16800;ASH_COATED_OSMIUM;9894;17;9891;20;;;9905;20;9909;24;;;9899.5;0.0
yf_ZW=F_d9;16800;INTARIAN_PEPPER_ROOT;10292;18;10290;23;;;10298;15;10302;20;;;10295.0;0.0
yf_ZW=F_d9;16900;ASH_COATED_OSMIUM;9896;16;9894;14;;;9902;16;9904;14;;;9899.0;0.0
yf_ZW=F_d9;16900;INTARIAN_PEPPER_ROOT;10295;14;10293;17;;;10301;10;10303;23;;;10298.0;0.0
yf_ZW=F_d9;17000;ASH_COATED_OSMIUM;9897;18;9895;31;;;9903;25;9905;17;;;9900.0;0.0
yf_ZW=F_d9;17000;INTARIAN_PEPPER_ROOT;10293;12;10290;20;;;10311;15;10313;17;;;10302.0;0.0
yf_ZW=F_d9;17100;ASH_COATED_OSMIUM;9894;5;9892;12;;;9906;15;9910;15;;;9900.0;0.0
yf_ZW=F_d9;17100;INTARIAN_PEPPER_ROOT;10304;15;10300;27;;;10310;9;10312;27;;;10307.0;0.0
yf_ZW=F_d9;17200;ASH_COATED_OSMIUM;9896;17;9893;19;;;9903;7;9907;20;;;9899.5;0.0
yf_ZW=F_d9;17200;INTARIAN_PEPPER_ROOT;10308;21;10306;21;;;10319;13;10323;18;;;10313.5;0.0
yf_ZW=F_d9;17300;ASH_COATED_OSMIUM;9897;10;9893;24;;;9903;5;9906;8;;;9900.0;0.0
yf_ZW=F_d9;17300;INTARIAN_PEPPER_ROOT;10316;15;10312;21;;;10322;18;10326;15;;;10319.0;0.0
yf_ZW=F_d9;17400;ASH_COATED_OSMIUM;9896;9;9893;28;;;9905;23;9909;19;;;9900.5;0.0
yf_ZW=F_d9;17400;INTARIAN_PEPPER_ROOT;10320;27;10316;19;;;10330;12;10334;17;;;10325.0;0.0
yf_ZW=F_d9;17500;ASH_COATED_OSMIUM;9898;16;9895;17;;;9904;5;9906;22;;;9901.0;0.0
yf_ZW=F_d9;17500;INTARIAN_PEPPER_ROOT;10327;17;10324;14;;;10333;18;10336;11;;;10330.0;0.0
yf_ZW=F_d9;17600;ASH_COATED_OSMIUM;9892;16;9890;25;;;9909;13;9913;17;;;9900.5;0.0
yf_ZW=F_d9;17600;INTARIAN_PEPPER_ROOT;10334;13;10332;10;;;10340;12;10342;22;;;10337.0;0.0
yf_ZW=F_d9;17700;ASH_COATED_OSMIUM;9896;12;9894;17;;;9906;6;9910;21;;;9901.0;0.0
yf_ZW=F_d9;17700;INTARIAN_PEPPER_ROOT;10340;14;10338;13;;;10346;23;10350;15;;;10343.0;0.0
yf_ZW=F_d9;17800;ASH_COATED_OSMIUM;9898;15;9894;19;;;9904;6;9906;10;;;9901.0;0.0
yf_ZW=F_d9;17800;INTARIAN_PEPPER_ROOT;10345;20;10342;23;;;10351;13;10353;22;;;10348.0;0.0
yf_ZW=F_d9;17900;ASH_COATED_OSMIUM;9885;21;9881;26;;;9919;8;9923;14;;;9902.0;0.0
yf_ZW=F_d9;17900;INTARIAN_PEPPER_ROOT;10351;12;10348;20;;;10357;12;10360;14;;;10354.0;0.0
yf_ZW=F_d9;18000;ASH_COATED_OSMIUM;9899;12;9896;19;;;9905;14;9908;24;;;9902.0;0.0
yf_ZW=F_d9;18000;INTARIAN_PEPPER_ROOT;10354;21;10351;23;;;10365;13;10369;29;;;10359.5;0.0
yf_ZW=F_d9;18100;ASH_COATED_OSMIUM;9899;13;9896;22;;;9905;10;9907;31;;;9902.0;0.0
yf_ZW=F_d9;18100;INTARIAN_PEPPER_ROOT;10357;6;10354;16;;;10375;19;10377;14;;;10366.0;0.0
yf_ZW=F_d9;18200;ASH_COATED_OSMIUM;9899;17;9897;20;;;9905;8;9907;17;;;9902.0;0.0
yf_ZW=F_d9;18200;INTARIAN_PEPPER_ROOT;10368;15;10364;19;;;10374;8;10377;18;;;10371.0;0.0
yf_ZW=F_d9;18300;ASH_COATED_OSMIUM;9892;15;9888;11;;;9911;20;9914;18;;;9901.5;0.0
yf_ZW=F_d9;18300;INTARIAN_PEPPER_ROOT;10361;8;10357;26;;;10393;17;10396;14;;;10377.0;0.0
yf_ZW=F_d9;18400;ASH_COATED_OSMIUM;9899;6;9897;21;;;9905;12;9908;19;;;9902.0;0.0
yf_ZW=F_d9;18400;INTARIAN_PEPPER_ROOT;10380;15;10378;14;;;10386;21;10389;24;;;10383.0;0.0
yf_ZW=F_d9;18500;ASH_COATED_OSMIUM;9892;10;9888;16;;;9913;21;9917;12;;;9902.5;0.0
yf_ZW=F_d9;18500;INTARIAN_PEPPER_ROOT;10386;10;10382;20;;;10392;11;10396;14;;;10389.0;0.0
yf_ZW=F_d9;18600;ASH_COATED_OSMIUM;9899;12;9895;30;;;9905;16;9909;23;;;9902.0;0.0
yf_ZW=F_d9;18600;INTARIAN_PEPPER_ROOT;10392;10;10389;26;;;10398;11;10400;23;;;10395.0;0.0
yf_ZW=F_d9;18700;ASH_COATED_OSMIUM;9899;7;9895;14;;;9905;21;9909;23;;;9902.0;0.0
yf_ZW=F_d9;18700;INTARIAN_PEPPER_ROOT;10398;10;10396;21;;;10404;13;10408;26;;;10401.0;0.0
yf_ZW=F_d9;18800;ASH_COATED_OSMIUM;9896;19;9893;22;;;9909;11;9913;21;;;9902.5;0.0
yf_ZW=F_d9;18800;INTARIAN_PEPPER_ROOT;10403;14;10401;14;;;10412;14;10415;19;;;10407.5;0.0
yf_ZW=F_d9;18900;ASH_COATED_OSMIUM;9899;7;9895;22;;;9908;11;9910;29;;;9903.5;0.0
yf_ZW=F_d9;18900;INTARIAN_PEPPER_ROOT;10409;11;10407;23;;;10415;16;10417;25;;;10412.0;0.0
yf_ZW=F_d9;19000;ASH_COATED_OSMIUM;9900;19;9897;8;;;9906;17;9908;22;;;9903.0;0.0
yf_ZW=F_d9;19000;INTARIAN_PEPPER_ROOT;10415;15;10412;19;;;10421;15;10424;25;;;10418.0;0.0
yf_ZW=F_d9;19100;ASH_COATED_OSMIUM;9897;16;9895;19;;;9909;5;9911;17;;;9903.0;0.0
yf_ZW=F_d9;19100;INTARIAN_PEPPER_ROOT;10417;24;10415;12;;;10431;5;10435;25;;;10424.0;0.0
yf_ZW=F_d9;19200;ASH_COATED_OSMIUM;9894;9;9890;23;;;9912;12;9914;19;;;9903.0;0.0
yf_ZW=F_d9;19200;INTARIAN_PEPPER_ROOT;10423;16;10419;23;;;10436;16;10439;27;;;10429.5;0.0
yf_ZW=F_d9;19300;ASH_COATED_OSMIUM;9901;23;9898;20;;;9907;21;9910;13;;;9904.0;0.0
yf_ZW=F_d9;19300;INTARIAN_PEPPER_ROOT;10433;18;10430;10;;;10439;5;10441;16;;;10436.0;0.0
yf_ZW=F_d9;19400;ASH_COATED_OSMIUM;9901;9;9898;19;;;9907;15;9910;14;;;9904.0;0.0
yf_ZW=F_d9;19400;INTARIAN_PEPPER_ROOT;10439;15;10436;19;;;10445;5;10448;26;;;10442.0;0.0
yf_ZW=F_d9;19500;ASH_COATED_OSMIUM;9901;12;9897;26;;;9908;13;9912;19;;;9904.5;0.0
yf_ZW=F_d9;19500;INTARIAN_PEPPER_ROOT;10445;13;10441;23;;;10451;9;10455;14;;;10448.0;0.0
yf_ZW=F_d9;19600;ASH_COATED_OSMIUM;9901;15;9898;14;;;9907;13;9909;21;;;9904.0;0.0
yf_ZW=F_d9;19600;INTARIAN_PEPPER_ROOT;10451;14;10449;29;;;10457;11;10461;16;;;10454.0;0.0
yf_ZW=F_d9;19700;ASH_COATED_OSMIUM;9902;12;9899;26;;;9908;18;9912;14;;;9905.0;0.0
yf_ZW=F_d9;19700;INTARIAN_PEPPER_ROOT;10456;5;10453;18;;;10462;17;10464;15;;;10459.0;0.0
yf_ZW=F_d9;19800;ASH_COATED_OSMIUM;9901;8;9899;19;;;9910;6;9914;28;;;9905.5;0.0
yf_ZW=F_d9;19800;INTARIAN_PEPPER_ROOT;10461;14;10457;19;;;10467;7;10471;18;;;10464.0;0.0
yf_ZW=F_d9;19900;ASH_COATED_OSMIUM;9897;14;9895;8;;;9912;17;9914;18;;;9904.5;0.0
yf_ZW=F_d9;19900;INTARIAN_PEPPER_ROOT;10468;8;10466;22;;;10474;17;10478;24;;;10471.0;0.0
yf_ZW=F_d9;20000;ASH_COATED_OSMIUM;9902;13;9900;12;;;9908;9;9912;18;;;9905.0;0.0
yf_ZW=F_d9;20000;INTARIAN_PEPPER_ROOT;10474;11;10471;21;;;10480;17;10483;10;;;10477.0;0.0
yf_ZW=F_d9;20100;ASH_COATED_OSMIUM;9902;16;9899;20;;;9908;15;9910;16;;;9905.0;0.0
yf_ZW=F_d9;20100;INTARIAN_PEPPER_ROOT;10480;17;10476;22;;;10486;20;10490;19;;;10483.0;0.0
yf_ZW=F_d9;20200;ASH_COATED_OSMIUM;9902;19;9899;25;;;9908;10;9910;8;;;9905.0;0.0
yf_ZW=F_d9;20200;INTARIAN_PEPPER_ROOT;10485;15;10482;20;;;10491;10;10495;25;;;10488.0;0.0
yf_ZW=F_d9;20300;ASH_COATED_OSMIUM;9903;15;9900;14;;;9909;20;9913;15;;;9906.0;0.0
yf_ZW=F_d9;20300;INTARIAN_PEPPER_ROOT;10485;13;10481;23;;;10503;12;10506;24;;;10494.0;0.0
yf_ZW=F_d9;20400;ASH_COATED_OSMIUM;9903;11;9901;22;;;9909;13;9911;15;;;9906.0;0.0
yf_ZW=F_d9;20400;INTARIAN_PEPPER_ROOT;10486;16;10483;25;;;10515;17;10518;16;;;10500.5;0.0
yf_ZW=F_d9;20500;ASH_COATED_OSMIUM;9903;13;9901;13;;;9909;17;9912;19;;;9906.0;0.0
yf_ZW=F_d9;20500;INTARIAN_PEPPER_ROOT;10503;15;10500;22;;;10509;12;10512;20;;;10506.0;0.0
yf_ZW=F_d9;20600;ASH_COATED_OSMIUM;9903;17;9901;20;;;9909;10;9913;25;;;9906.0;0.0
yf_ZW=F_d9;20600;INTARIAN_PEPPER_ROOT;10509;18;10507;18;;;10515;15;10518;18;;;10512.0;0.0
yf_ZW=F_d9;20700;ASH_COATED_OSMIUM;9903;19;9900;22;;;9909;21;9912;18;;;9906.0;0.0
yf_ZW=F_d9;20700;INTARIAN_PEPPER_ROOT;10512;8;10510;17;;;10524;22;10526;16;;;10518.0;0.0
yf_ZW=F_d9;20800;ASH_COATED_OSMIUM;9902;8;9898;30;;;9911;8;9913;25;;;9906.5;0.0
yf_ZW=F_d9;20800;INTARIAN_PEPPER_ROOT;10513;15;10509;20;;;10535;11;10538;26;;;10524.0;0.0
yf_ZW=F_d9;20900;ASH_COATED_OSMIUM;9903;14;9900;19;;;9909;8;9911;18;;;9906.0;0.0
yf_ZW=F_d9;20900;INTARIAN_PEPPER_ROOT;10527;14;10525;23;;;10533;16;10537;18;;;10530.0;0.0
yf_ZW=F_d9;21000;ASH_COATED_OSMIUM;9904;18;9901;23;;;9910;14;9913;22;;;9907.0;0.0
yf_ZW=F_d9;21000;INTARIAN_PEPPER_ROOT;10533;14;10531;15;;;10539;19;10542;19;;;10536.0;0.0
yf_ZW=F_d9;21100;ASH_COATED_OSMIUM;9903;15;9900;18;;;9910;11;9913;18;;;9906.5;0.0
yf_ZW=F_d9;21100;INTARIAN_PEPPER_ROOT;10538;14;10536;21;;;10544;18;10548;15;;;10541.0;0.0
yf_ZW=F_d9;21200;ASH_COATED_OSMIUM;9904;29;9900;21;;;9911;23;9914;20;;;9907.5;0.0
yf_ZW=F_d9;21200;INTARIAN_PEPPER_ROOT;10544;5;10540;31;;;10550;18;10553;26;;;10547.0;0.0
yf_ZW=F_d9;21300;ASH_COATED_OSMIUM;9905;17;9901;14;;;9911;13;9915;14;;;9908.0;0.0
yf_ZW=F_d9;21300;INTARIAN_PEPPER_ROOT;10548;10;10545;8;;;10557;17;10559;27;;;10552.5;0.0
yf_ZW=F_d9;21400;ASH_COATED_OSMIUM;9905;9;9901;12;;;9911;8;9915;21;;;9908.0;0.0
yf_ZW=F_d9;21400;INTARIAN_PEPPER_ROOT;10556;12;10554;16;;;10562;21;10566;24;;;10559.0;0.0
yf_ZW=F_d9;21500;ASH_COATED_OSMIUM;9905;18;9901;27;;;9911;18;9913;22;;;9908.0;0.0
yf_ZW=F_d9;21500;INTARIAN_PEPPER_ROOT;10561;17;10559;26;;;10567;12;10570;20;;;10564.0;0.0
yf_ZW=F_d9;21600;ASH_COATED_OSMIUM;9905;17;9902;16;;;9911;14;9915;8;;;9908.0;0.0
yf_ZW=F_d9;21600;INTARIAN_PEPPER_ROOT;10567;21;10565;22;;;10573;7;10577;25;;;10570.0;0.0
yf_ZW=F_d9;21700;ASH_COATED_OSMIUM;9905;16;9903;22;;;9911;17;9913;10;;;9908.0;0.0
yf_ZW=F_d9;21700;INTARIAN_PEPPER_ROOT;10573;11;10570;23;;;10579;15;10582;15;;;10576.0;0.0
yf_ZW=F_d9;21800;ASH_COATED_OSMIUM;9896;18;9894;20;;;9919;16;9921;18;;;9907.5;0.0
yf_ZW=F_d9;21800;INTARIAN_PEPPER_ROOT;10576;23;10573;19;;;10588;18;10592;17;;;10582.0;0.0
yf_ZW=F_d9;21900;ASH_COATED_OSMIUM;9905;13;9903;15;;;9911;15;9913;15;;;9908.0;0.0
yf_ZW=F_d9;21900;INTARIAN_PEPPER_ROOT;10584;10;10582;33;;;10590;13;10594;18;;;10587.0;0.0
yf_ZW=F_d9;22000;ASH_COATED_OSMIUM;9905;17;9903;19;;;9911;11;9914;15;;;9908.0;0.0
yf_ZW=F_d9;22000;INTARIAN_PEPPER_ROOT;10580;10;10576;17;;;10607;25;10609;13;;;10593.5;0.0
yf_ZW=F_d9;22100;ASH_COATED_OSMIUM;9906;15;9903;18;;;9912;15;9916;21;;;9909.0;0.0
yf_ZW=F_d9;22100;INTARIAN_PEPPER_ROOT;10589;7;10587;23;;;10611;5;10614;12;;;10600.0;0.0
yf_ZW=F_d9;22200;ASH_COATED_OSMIUM;9906;11;9904;17;;;9912;11;9916;22;;;9909.0;0.0
yf_ZW=F_d9;22200;INTARIAN_PEPPER_ROOT;10602;18;10598;17;;;10608;12;10611;13;;;10605.0;0.0
yf_ZW=F_d9;22300;ASH_COATED_OSMIUM;9906;18;9902;18;;;9912;10;9914;19;;;9909.0;0.0
yf_ZW=F_d9;22300;INTARIAN_PEPPER_ROOT;10607;19;10603;20;;;10614;9;10616;18;;;10610.5;0.0
yf_ZW=F_d9;22400;ASH_COATED_OSMIUM;9906;9;9904;25;;;9913;19;9915;22;;;9909.5;0.0
yf_ZW=F_d9;22400;INTARIAN_PEPPER_ROOT;10606;11;10604;25;;;10628;9;10632;19;;;10617.0;0.0
yf_ZW=F_d9;22500;ASH_COATED_OSMIUM;9906;16;9904;21;;;9914;23;9917;19;;;9910.0;0.0
yf_ZW=F_d9;22500;INTARIAN_PEPPER_ROOT;10620;10;10616;17;;;10626;21;10628;16;;;10623.0;0.0
yf_ZW=F_d9;22600;ASH_COATED_OSMIUM;9907;12;9905;25;;;9913;18;9916;26;;;9910.0;0.0
yf_ZW=F_d9;22600;INTARIAN_PEPPER_ROOT;10619;9;10615;20;;;10638;20;10641;25;;;10628.5;0.0
yf_ZW=F_d9;22700;ASH_COATED_OSMIUM;9907;14;9904;24;;;9913;18;9916;13;;;9910.0;0.0
yf_ZW=F_d9;22700;INTARIAN_PEPPER_ROOT;10630;16;10627;20;;;10638;20;10641;20;;;10634.0;0.0
yf_ZW=F_d9;22800;ASH_COATED_OSMIUM;9907;14;9903;18;;;9913;13;9917;15;;;9910.0;0.0
yf_ZW=F_d9;22800;INTARIAN_PEPPER_ROOT;10635;10;10633;22;;;10646;21;10648;21;;;10640.5;0.0
yf_ZW=F_d9;22900;ASH_COATED_OSMIUM;9907;25;9904;17;;;9913;9;9915;22;;;9910.0;0.0
yf_ZW=F_d9;22900;INTARIAN_PEPPER_ROOT;10644;8;10642;21;;;10650;18;10654;20;;;10647.0;0.0
yf_ZW=F_d9;23000;ASH_COATED_OSMIUM;9903;18;9901;25;;;9918;18;9921;20;;;9910.5;0.0
yf_ZW=F_d9;23000;INTARIAN_PEPPER_ROOT;10649;22;10647;20;;;10655;14;10657;18;;;10652.0;0.0
yf_ZW=F_d9;23100;ASH_COATED_OSMIUM;9907;13;9905;15;;;9913;12;9916;20;;;9910.0;0.0
yf_ZW=F_d9;23100;INTARIAN_PEPPER_ROOT;10655;18;10651;29;;;10661;12;10664;23;;;10658.0;0.0
yf_ZW=F_d9;23200;ASH_COATED_OSMIUM;9899;17;9896;29;;;9921;16;9924;22;;;9910.0;0.0
yf_ZW=F_d9;23200;INTARIAN_PEPPER_ROOT;10651;11;10649;26;;;10676;12;10680;17;;;10663.5;0.0
yf_ZW=F_d9;23300;ASH_COATED_OSMIUM;9908;21;9905;23;;;9914;18;9917;29;;;9911.0;0.0
yf_ZW=F_d9;23300;INTARIAN_PEPPER_ROOT;10665;15;10663;15;;;10674;16;10676;21;;;10669.5;0.0
yf_ZW=F_d9;23400;ASH_COATED_OSMIUM;9908;15;9906;12;;;9914;19;9916;20;;;9911.0;0.0
yf_ZW=F_d9;23400;INTARIAN_PEPPER_ROOT;10673;13;10671;16;;;10679;9;10682;22;;;10676.0;0.0
yf_ZW=F_d9;23500;ASH_COATED_OSMIUM;9908;14;9905;13;;;9914;8;9916;15;;;9911.0;0.0
yf_ZW=F_d9;23500;INTARIAN_PEPPER_ROOT;10677;8;10674;24;;;10685;23;10688;24;;;10681.0;0.0
yf_ZW=F_d9;23600;ASH_COATED_OSMIUM;9908;11;9906;20;;;9914;21;9917;23;;;9911.0;0.0
yf_ZW=F_d9;23600;INTARIAN_PEPPER_ROOT;10676;7;10674;24;;;10698;27;10700;25;;;10687.0;0.0
yf_ZW=F_d9;23700;ASH_COATED_OSMIUM;9909;19;9907;15;;;9915;19;9918;27;;;9912.0;0.0
yf_ZW=F_d9;23700;INTARIAN_PEPPER_ROOT;10689;14;10686;14;;;10695;11;10698;25;;;10692.0;0.0
yf_ZW=F_d9;23800;ASH_COATED_OSMIUM;9900;17;9897;24;;;9922;15;9926;34;;;9911.0;0.0
yf_ZW=F_d9;23800;INTARIAN_PEPPER_ROOT;10696;6;10693;22;;;10702;15;10704;21;;;10699.0;0.0
yf_ZW=F_d9;23900;ASH_COATED_OSMIUM;9909;13;9905;14;;;9915;18;9917;19;;;9912.0;0.0
yf_ZW=F_d9;23900;INTARIAN_PEPPER_ROOT;10689;19;10686;29;;;10721;17;10724;20;;;10705.0;0.0
yf_ZW=F_d9;24000;ASH_COATED_OSMIUM;9909;18;9907;19;;;9915;9;9918;16;;;9912.0;0.0
yf_ZW=F_d9;24000;INTARIAN_PEPPER_ROOT;10698;17;10694;22;;;10723;15;10725;23;;;10710.5;0.0
yf_ZW=F_d9;24100;ASH_COATED_OSMIUM;9908;11;9906;22;;;9918;5;9921;12;;;9913.0;0.0
yf_ZW=F_d9;24100;INTARIAN_PEPPER_ROOT;10710;17;10707;22;;;10722;16;10725;19;;;10716.0;0.0
yf_ZW=F_d9;24200;ASH_COATED_OSMIUM;9909;12;9906;18;;;9916;21;9920;15;;;9912.5;0.0
yf_ZW=F_d9;24200;INTARIAN_PEPPER_ROOT;10714;21;10711;26;;;10730;13;10734;16;;;10722.0;0.0
yf_ZW=F_d9;24300;ASH_COATED_OSMIUM;9909;13;9906;23;;;9915;21;9919;17;;;9912.0;0.0
yf_ZW=F_d9;24300;INTARIAN_PEPPER_ROOT;10717;8;10714;19;;;10738;24;10742;21;;;10727.5;0.0
yf_ZW=F_d9;24400;ASH_COATED_OSMIUM;9910;12;9907;22;;;9916;14;9918;28;;;9913.0;0.0
yf_ZW=F_d9;24400;INTARIAN_PEPPER_ROOT;10729;10;10727;17;;;10739;19;10741;16;;;10734.0;0.0
yf_ZW=F_d9;24500;ASH_COATED_OSMIUM;9910;9;9908;18;;;9916;7;9920;25;;;9913.0;0.0
yf_ZW=F_d9;24500;INTARIAN_PEPPER_ROOT;10736;19;10732;23;;;10743;15;10746;23;;;10739.5;0.0
yf_ZW=F_d9;24600;ASH_COATED_OSMIUM;9910;16;9907;20;;;9916;19;9918;21;;;9913.0;0.0
yf_ZW=F_d9;24600;INTARIAN_PEPPER_ROOT;10743;11;10740;22;;;10749;17;10751;21;;;10746.0;0.0
yf_ZW=F_d9;24700;ASH_COATED_OSMIUM;9908;21;9906;20;;;9918;9;9920;17;;;9913.0;0.0
yf_ZW=F_d9;24700;INTARIAN_PEPPER_ROOT;10748;16;10746;24;;;10754;21;10758;17;;;10751.0;0.0
yf_ZW=F_d9;24800;ASH_COATED_OSMIUM;9911;16;9909;22;;;9917;12;9919;24;;;9914.0;0.0
yf_ZW=F_d9;24800;INTARIAN_PEPPER_ROOT;10754;8;10750;17;;;10760;20;10763;15;;;10757.0;0.0
yf_ZW=F_d9;24900;ASH_COATED_OSMIUM;9909;10;9906;21;;;9918;18;9921;27;;;9913.5;0.0
yf_ZW=F_d9;24900;INTARIAN_PEPPER_ROOT;10758;8;10755;25;;;10768;10;10771;16;;;10763.0;0.0
yf_ZW=F_d9;25000;ASH_COATED_OSMIUM;9911;15;9907;13;;;9917;19;9920;20;;;9914.0;0.0
yf_ZW=F_d9;25000;INTARIAN_PEPPER_ROOT;10764;7;10760;21;;;10773;14;10777;29;;;10768.5;0.0
yf_ZW=F_d9;25100;ASH_COATED_OSMIUM;9905;14;9902;24;;;9923;5;9927;16;;;9914.0;0.0
yf_ZW=F_d9;25100;INTARIAN_PEPPER_ROOT;10772;17;10768;22;;;10778;14;10782;22;;;10775.0;0.0
yf_ZW=F_d9;25200;ASH_COATED_OSMIUM;9911;14;9907;21;;;9917;19;9921;19;;;9914.0;0.0
yf_ZW=F_d9;25200;INTARIAN_PEPPER_ROOT;10778;7;10774;14;;;10784;5;10786;19;;;10781.0;0.0
yf_ZW=F_d9;25300;ASH_COATED_OSMIUM;9912;18;9910;21;;;9918;15;9921;26;;;9915.0;0.0
yf_ZW=F_d9;25300;INTARIAN_PEPPER_ROOT;10782;13;10779;22;;;10791;26;10794;18;;;10786.5;0.0
yf_ZW=F_d9;25400;ASH_COATED_OSMIUM;9908;16;9905;25;;;9921;10;9924;20;;;9914.5;0.0
yf_ZW=F_d9;25400;INTARIAN_PEPPER_ROOT;10789;14;10786;23;;;10795;16;10797;20;;;10792.0;0.0
yf_ZW=F_d9;25500;ASH_COATED_OSMIUM;9912;15;9908;23;;;9918;18;9921;28;;;9915.0;0.0
yf_ZW=F_d9;25500;INTARIAN_PEPPER_ROOT;10795;11;10791;26;;;10801;17;10803;15;;;10798.0;0.0
yf_ZW=F_d9;25600;ASH_COATED_OSMIUM;9910;10;9906;18;;;9919;15;9923;24;;;9914.5;0.0
yf_ZW=F_d9;25600;INTARIAN_PEPPER_ROOT;10798;5;10795;19;;;10810;5;10812;16;;;10804.0;0.0
yf_ZW=F_d9;25700;ASH_COATED_OSMIUM;9912;13;9908;20;;;9918;11;9921;15;;;9915.0;0.0
yf_ZW=F_d9;25700;INTARIAN_PEPPER_ROOT;10805;12;10803;13;;;10814;19;10818;21;;;10809.5;0.0
yf_ZW=F_d9;25800;ASH_COATED_OSMIUM;9912;10;9908;22;;;9918;12;9920;15;;;9915.0;0.0
yf_ZW=F_d9;25800;INTARIAN_PEPPER_ROOT;10808;19;10805;12;;;10822;18;10825;8;;;10815.0;0.0
yf_ZW=F_d9;25900;ASH_COATED_OSMIUM;9912;21;9910;25;;;9918;19;9920;22;;;9915.0;0.0
yf_ZW=F_d9;25900;INTARIAN_PEPPER_ROOT;10819;14;10815;21;;;10825;9;10827;18;;;10822.0;0.0
yf_ZW=F_d9;26000;ASH_COATED_OSMIUM;9911;17;9908;25;;;9920;18;9922;23;;;9915.5;0.0
yf_ZW=F_d9;26000;INTARIAN_PEPPER_ROOT;10824;12;10822;20;;;10830;13;10832;18;;;10827.0;0.0
yf_ZW=F_d9;26100;ASH_COATED_OSMIUM;9912;13;9910;24;;;9920;12;9924;24;;;9916.0;0.0
yf_ZW=F_d9;26100;INTARIAN_PEPPER_ROOT;10830;16;10827;14;;;10836;22;10838;27;;;10833.0;0.0
yf_ZW=F_d9;26200;ASH_COATED_OSMIUM;9908;15;9906;13;;;9924;20;9927;18;;;9916.0;0.0
yf_ZW=F_d9;26200;INTARIAN_PEPPER_ROOT;10833;14;10830;27;;;10843;13;10845;19;;;10838.0;0.0
yf_ZW=F_d9;26300;ASH_COATED_OSMIUM;9913;20;9909;21;;;9919;12;9921;18;;;9916.0;0.0
yf_ZW=F_d9;26300;INTARIAN_PEPPER_ROOT;10842;15;10839;29;;;10848;20;10850;19;;;10845.0;0.0
yf_ZW=F_d9;26400;ASH_COATED_OSMIUM;9913;19;9910;21;;;9919;19;9923;16;;;9916.0;0.0
yf_ZW=F_d9;26400;INTARIAN_PEPPER_ROOT;10848;10;10844;11;;;10854;12;10858;18;;;10851.0;0.0
yf_ZW=F_d9;26500;ASH_COATED_OSMIUM;9907;11;9905;12;;;9926;21;9929;17;;;9916.5;0.0
yf_ZW=F_d9;26500;INTARIAN_PEPPER_ROOT;10853;14;10849;18;;;10859;18;10862;22;;;10856.0;0.0
yf_ZW=F_d9;26600;ASH_COATED_OSMIUM;9914;11;9911;27;;;9920;18;9922;22;;;9917.0;0.0
yf_ZW=F_d9;26600;INTARIAN_PEPPER_ROOT;10859;21;10856;21;;;10865;16;10867;17;;;10862.0;0.0
yf_ZW=F_d9;26700;ASH_COATED_OSMIUM;9904;14;9902;18;;;9929;11;9932;18;;;9916.5;0.0
yf_ZW=F_d9;26700;INTARIAN_PEPPER_ROOT;10865;9;10862;25;;;10871;10;10875;20;;;10868.0;0.0
yf_ZW=F_d9;26800;ASH_COATED_OSMIUM;9914;9;9910;28;;;9920;10;9923;12;;;9917.0;0.0
yf_ZW=F_d9;26800;INTARIAN_PEPPER_ROOT;10871;10;10868;11;;;10877;13;10879;8;;;10874.0;0.0
yf_ZW=F_d9;26900;ASH_COATED_OSMIUM;9914;25;9912;25;;;9920;10;9923;18;;;9917.0;0.0
yf_ZW=F_d9;26900;INTARIAN_PEPPER_ROOT;10877;12;10874;24;;;10883;21;10887;22;;;10880.0;0.0
yf_ZW=F_d9;27000;ASH_COATED_OSMIUM;9914;19;9910;23;;;9920;19;9922;16;;;9917.0;0.0
yf_ZW=F_d9;27000;INTARIAN_PEPPER_ROOT;10882;13;10880;20;;;10888;12;10892;12;;;10885.0;0.0
yf_ZW=F_d9;27100;ASH_COATED_OSMIUM;9913;25;9910;21;;;9923;19;9925;16;;;9918.0;0.0
yf_ZW=F_d9;27100;INTARIAN_PEPPER_ROOT;10887;19;10885;19;;;10895;17;10899;29;;;10891.0;0.0
yf_ZW=F_d9;27200;ASH_COATED_OSMIUM;9913;11;9910;11;;;9923;9;9926;19;;;9918.0;0.0
yf_ZW=F_d9;27200;INTARIAN_PEPPER_ROOT;10894;20;10892;23;;;10900;19;10904;26;;;10897.0;0.0
yf_ZW=F_d9;27300;ASH_COATED_OSMIUM;9915;14;9913;20;;;9921;17;9925;21;;;9918.0;0.0
yf_ZW=F_d9;27300;INTARIAN_PEPPER_ROOT;10893;11;10889;24;;;10912;10;10915;15;;;10902.5;0.0
yf_ZW=F_d9;27400;ASH_COATED_OSMIUM;9916;9;9914;18;;;9922;21;9924;20;;;9919.0;0.0
yf_ZW=F_d9;27400;INTARIAN_PEPPER_ROOT;10905;10;10902;19;;;10912;15;10915;21;;;10908.5;0.0
yf_ZW=F_d9;27500;ASH_COATED_OSMIUM;9916;15;9914;26;;;9922;20;9924;23;;;9919.0;0.0
yf_ZW=F_d9;27500;INTARIAN_PEPPER_ROOT;10912;16;10909;21;;;10918;16;10922;16;;;10915.0;0.0
yf_ZW=F_d9;27600;ASH_COATED_OSMIUM;9915;21;9911;20;;;9921;14;9923;19;;;9918.0;0.0
yf_ZW=F_d9;27600;INTARIAN_PEPPER_ROOT;10918;21;10916;22;;;10924;16;10927;19;;;10921.0;0.0
yf_ZW=F_d9;27700;ASH_COATED_OSMIUM;9912;17;9909;18;;;9925;12;9929;15;;;9918.5;0.0
yf_ZW=F_d9;27700;INTARIAN_PEPPER_ROOT;10924;17;10920;24;;;10930;12;10932;22;;;10927.0;0.0
yf_ZW=F_d9;27800;ASH_COATED_OSMIUM;9916;13;9914;16;;;9922;5;9924;24;;;9919.0;0.0
yf_ZW=F_d9;27800;INTARIAN_PEPPER_ROOT;10929;10;10927;16;;;10937;16;10941;17;;;10933.0;0.0
yf_ZW=F_d9;27900;ASH_COATED_OSMIUM;9909;15;9905;15;;;9929;20;9933;21;;;9919.0;0.0
yf_ZW=F_d9;27900;INTARIAN_PEPPER_ROOT;10935;14;10931;25;;;10941;16;10943;17;;;10938.0;0.0
yf_ZW=F_d9;28000;ASH_COATED_OSMIUM;9913;16;9909;23;;;9926;10;9929;20;;;9919.5;0.0
yf_ZW=F_d9;28000;INTARIAN_PEPPER_ROOT;10921;22;10918;13;;;10966;7;10969;21;;;10943.5;0.0
yf_ZW=F_d9;28100;ASH_COATED_OSMIUM;9916;17;9913;24;;;9922;7;9926;20;;;9919.0;0.0
yf_ZW=F_d9;28100;INTARIAN_PEPPER_ROOT;10946;16;10944;14;;;10952;20;10956;13;;;10949.0;0.0
yf_ZW=F_d9;28200;ASH_COATED_OSMIUM;9909;18;9907;27;;;9929;17;9933;21;;;9919.0;0.0
yf_ZW=F_d9;28200;INTARIAN_PEPPER_ROOT;10945;14;10942;23;;;10967;15;10970;17;;;10956.0;0.0
yf_ZW=F_d9;28300;ASH_COATED_OSMIUM;9913;12;9910;28;;;9927;16;9929;21;;;9920.0;0.0
yf_ZW=F_d9;28300;INTARIAN_PEPPER_ROOT;10959;12;10955;22;;;10965;14;10969;13;;;10962.0;0.0
yf_ZW=F_d9;28400;ASH_COATED_OSMIUM;9905;12;9902;18;;;9935;12;9937;19;;;9920.0;0.0
yf_ZW=F_d9;28400;INTARIAN_PEPPER_ROOT;10964;15;10960;18;;;10970;18;10973;22;;;10967.0;0.0
yf_ZW=F_d9;28500;ASH_COATED_OSMIUM;9914;18;9912;12;;;9926;29;9928;24;;;9920.0;0.0
yf_ZW=F_d9;28500;INTARIAN_PEPPER_ROOT;10970;16;10968;23;;;10976;10;10979;16;;;10973.0;0.0
yf_ZW=F_d9;28600;ASH_COATED_OSMIUM;9917;10;9913;17;;;9923;16;9926;10;;;9920.0;0.0
yf_ZW=F_d9;28600;INTARIAN_PEPPER_ROOT;10974;24;10970;17;;;10984;18;10988;21;;;10979.0;0.0
yf_ZW=F_d9;28700;ASH_COATED_OSMIUM;9915;19;9911;17;;;9926;21;9930;17;;;9920.5;0.0
yf_ZW=F_d9;28700;INTARIAN_PEPPER_ROOT;10982;20;10980;19;;;10988;19;10991;23;;;10985.0;0.0
yf_ZW=F_d9;28800;ASH_COATED_OSMIUM;9916;15;9912;21;;;9925;15;9928;14;;;9920.5;0.0
yf_ZW=F_d9;28800;INTARIAN_PEPPER_ROOT;10982;12;10978;21;;;10999;19;11002;18;;;10990.5;0.0
yf_ZW=F_d9;28900;ASH_COATED_OSMIUM;9917;5;9915;21;;;9925;8;9928;15;;;9921.0;0.0
yf_ZW=F_d9;28900;INTARIAN_PEPPER_ROOT;10994;15;10990;20;;;11000;9;11002;10;;;10997.0;0.0
yf_ZW=F_d9;29000;ASH_COATED_OSMIUM;9917;5;9913;27;;;9926;6;9930;23;;;9921.5;0.0
yf_ZW=F_d9;29000;INTARIAN_PEPPER_ROOT;10999;12;10997;21;;;11005;17;11009;14;;;11002.0;0.0
yf_ZW=F_d9;29100;ASH_COATED_OSMIUM;9918;15;9916;16;;;9924;19;9928;21;;;9921.0;0.0
yf_ZW=F_d9;29100;INTARIAN_PEPPER_ROOT;11005;5;11003;18;;;11011;13;11015;23;;;11008.0;0.0
yf_ZW=F_d9;29200;ASH_COATED_OSMIUM;9918;13;9915;12;;;9924;11;9926;19;;;9921.0;0.0
yf_ZW=F_d9;29200;INTARIAN_PEPPER_ROOT;11011;12;11009;22;;;11017;5;11021;22;;;11014.0;0.0
yf_ZW=F_d9;29300;ASH_COATED_OSMIUM;9919;5;9917;10;;;9925;11;9929;23;;;9922.0;0.0
yf_ZW=F_d9;29300;INTARIAN_PEPPER_ROOT;11017;15;11013;8;;;11023;13;11025;19;;;11020.0;0.0
yf_ZW=F_d9;29400;ASH_COATED_OSMIUM;9918;20;9916;16;;;9924;22;9927;17;;;9921.0;0.0
yf_ZW=F_d9;29400;INTARIAN_PEPPER_ROOT;11023;14;11019;20;;;11029;14;11031;13;;;11026.0;0.0
yf_ZW=F_d9;29500;ASH_COATED_OSMIUM;9915;10;9913;16;;;9929;13;9933;21;;;9922.0;0.0
yf_ZW=F_d9;29500;INTARIAN_PEPPER_ROOT;11017;15;11014;10;;;11046;13;11048;20;;;11031.5;0.0
yf_ZW=F_d9;29600;ASH_COATED_OSMIUM;9919;18;9917;13;;;9925;11;9929;16;;;9922.0;0.0
yf_ZW=F_d9;29600;INTARIAN_PEPPER_ROOT;11035;17;11033;22;;;11041;27;11043;25;;;11038.0;0.0
yf_ZW=F_d9;29700;ASH_COATED_OSMIUM;9917;16;9915;20;;;9927;9;9929;21;;;9922.0;0.0
yf_ZW=F_d9;29700;INTARIAN_PEPPER_ROOT;11040;15;11036;26;;;11046;23;11048;12;;;11043.0;0.0
yf_ZW=F_d9;29800;ASH_COATED_OSMIUM;9920;15;9916;16;;;9926;13;9930;13;;;9923.0;0.0
yf_ZW=F_d9;29800;INTARIAN_PEPPER_ROOT;11047;13;11045;21;;;11053;16;11057;8;;;11050.0;0.0
yf_ZW=F_d9;29900;ASH_COATED_OSMIUM;9920;20;9916;30;;;9926;7;9930;27;;;9923.0;0.0
yf_ZW=F_d9;29900;INTARIAN_PEPPER_ROOT;11052;8;11050;17;;;11058;18;11060;28;;;11055.0;0.0
yf_ZW=F_d9;30000;ASH_COATED_OSMIUM;9919;16;9917;16;;;9925;18;9927;23;;;9922.0;0.0
yf_ZW=F_d9;30000;INTARIAN_PEPPER_ROOT;11058;13;11054;17;;;11064;12;11067;21;;;11061.0;0.0
yf_ZW=F_d9;30100;ASH_COATED_OSMIUM;9920;13;9918;24;;;9926;18;9929;19;;;9923.0;0.0
yf_ZW=F_d9;30100;INTARIAN_PEPPER_ROOT;11057;16;11054;30;;;11075;5;11079;16;;;11066.0;0.0
yf_ZW=F_d9;30200;ASH_COATED_OSMIUM;9916;16;9913;22;;;9930;13;9932;21;;;9923.0;0.0
yf_ZW=F_d9;30200;INTARIAN_PEPPER_ROOT;11067;20;11063;13;;;11079;23;11083;21;;;11073.0;0.0
yf_ZW=F_d9;30300;ASH_COATED_OSMIUM;9920;11;9917;17;;;9926;13;9930;22;;;9923.0;0.0
yf_ZW=F_d9;30300;INTARIAN_PEPPER_ROOT;11075;15;11073;8;;;11081;13;11083;11;;;11078.0;0.0
yf_ZW=F_d9;30400;ASH_COATED_OSMIUM;9921;10;9917;30;;;9927;14;9930;15;;;9924.0;0.0
yf_ZW=F_d9;30400;INTARIAN_PEPPER_ROOT;11072;7;11070;20;;;11096;12;11098;15;;;11084.0;0.0
yf_ZW=F_d9;30500;ASH_COATED_OSMIUM;9916;14;9913;21;;;9933;15;9937;20;;;9924.5;0.0
yf_ZW=F_d9;30500;INTARIAN_PEPPER_ROOT;11087;20;11085;23;;;11093;8;11096;26;;;11090.0;0.0
yf_ZW=F_d9;30600;ASH_COATED_OSMIUM;9921;21;9917;14;;;9927;16;9930;20;;;9924.0;0.0
yf_ZW=F_d9;30600;INTARIAN_PEPPER_ROOT;11086;14;11082;25;;;11106;21;11109;18;;;11096.0;0.0
yf_ZW=F_d9;30700;ASH_COATED_OSMIUM;9921;10;9919;18;;;9927;16;9929;14;;;9924.0;0.0
yf_ZW=F_d9;30700;INTARIAN_PEPPER_ROOT;11096;19;11094;26;;;11107;13;11110;18;;;11101.5;0.0
yf_ZW=F_d9;30800;ASH_COATED_OSMIUM;9921;16;9917;17;;;9927;9;9929;27;;;9924.0;0.0
yf_ZW=F_d9;30800;INTARIAN_PEPPER_ROOT;11102;16;11099;11;;;11112;25;11115;26;;;11107.0;0.0
yf_ZW=F_d9;30900;ASH_COATED_OSMIUM;9922;15;9918;30;;;9928;15;9930;27;;;9925.0;0.0
yf_ZW=F_d9;30900;INTARIAN_PEPPER_ROOT;11102;9;11098;16;;;11123;22;11127;18;;;11112.5;0.0
yf_ZW=F_d9;31000;ASH_COATED_OSMIUM;9913;14;9910;11;;;9937;20;9941;17;;;9925.0;0.0
yf_ZW=F_d9;31000;INTARIAN_PEPPER_ROOT;11116;9;11113;19;;;11123;10;11125;17;;;11119.5;0.0
yf_ZW=F_d9;31100;ASH_COATED_OSMIUM;9903;14;9900;24;;;9946;9;9949;17;;;9924.5;0.0
yf_ZW=F_d9;31100;INTARIAN_PEPPER_ROOT;11113;17;11111;10;;;11137;8;11140;23;;;11125.0;0.0
yf_ZW=F_d9;31200;ASH_COATED_OSMIUM;9912;20;9908;17;;;9938;17;9940;25;;;9925.0;0.0
yf_ZW=F_d9;31200;INTARIAN_PEPPER_ROOT;11117;8;11114;25;;;11145;13;11149;18;;;11131.0;0.0
yf_ZW=F_d9;31300;ASH_COATED_OSMIUM;9922;17;9918;16;;;9928;13;9930;28;;;9925.0;0.0
yf_ZW=F_d9;31300;INTARIAN_PEPPER_ROOT;11126;11;11123;22;;;11147;16;11151;23;;;11136.5;0.0
yf_ZW=F_d9;31400;ASH_COATED_OSMIUM;9921;19;9919;25;;;9931;26;9935;18;;;9926.0;0.0
yf_ZW=F_d9;31400;INTARIAN_PEPPER_ROOT;11140;15;11138;21;;;11146;19;11148;25;;;11143.0;0.0
yf_ZW=F_d9;31500;ASH_COATED_OSMIUM;9922;11;9918;21;;;9928;10;9930;17;;;9925.0;0.0
yf_ZW=F_d9;31500;INTARIAN_PEPPER_ROOT;11138;23;11136;23;;;11158;9;11160;25;;;11148.0;0.0
yf_ZW=F_d9;31600;ASH_COATED_OSMIUM;9919;21;9917;15;;;9932;10;9936;22;;;9925.5;0.0
yf_ZW=F_d9;31600;INTARIAN_PEPPER_ROOT;11151;15;11148;21;;;11157;10;11161;22;;;11154.0;0.0
yf_ZW=F_d9;31700;ASH_COATED_OSMIUM;9924;11;9921;21;;;9930;14;9932;13;;;9927.0;0.0
yf_ZW=F_d9;31700;INTARIAN_PEPPER_ROOT;11157;15;11154;13;;;11163;8;11166;20;;;11160.0;0.0
yf_ZW=F_d9;31800;ASH_COATED_OSMIUM;9919;7;9915;21;;;9932;12;9934;28;;;9925.5;0.0
yf_ZW=F_d9;31800;INTARIAN_PEPPER_ROOT;11163;6;11161;20;;;11169;19;11173;15;;;11166.0;0.0
yf_ZW=F_d9;31900;ASH_COATED_OSMIUM;9922;13;9919;16;;;9930;14;9932;21;;;9926.0;0.0
yf_ZW=F_d9;31900;INTARIAN_PEPPER_ROOT;11169;10;11167;27;;;11175;16;11178;22;;;11172.0;0.0
yf_ZW=F_d9;32000;ASH_COATED_OSMIUM;9906;9;9903;14;;;9948;10;9950;16;;;9927.0;0.0
yf_ZW=F_d9;32000;INTARIAN_PEPPER_ROOT;11174;19;11170;20;;;11181;16;11183;26;;;11177.5;0.0
yf_ZW=F_d9;32100;ASH_COATED_OSMIUM;9924;7;9920;23;;;9930;14;9932;23;;;9927.0;0.0
yf_ZW=F_d9;32100;INTARIAN_PEPPER_ROOT;11180;22;11178;16;;;11187;11;11189;19;;;11183.5;0.0
yf_ZW=F_d9;32200;ASH_COATED_OSMIUM;9924;9;9921;20;;;9930;15;9933;25;;;9927.0;0.0
yf_ZW=F_d9;32200;INTARIAN_PEPPER_ROOT;11171;5;11169;22;;;11207;13;11210;19;;;11189.0;0.0
yf_ZW=F_d9;32300;ASH_COATED_OSMIUM;9924;16;9920;14;;;9930;14;9933;18;;;9927.0;0.0
yf_ZW=F_d9;32300;INTARIAN_PEPPER_ROOT;11192;21;11189;23;;;11199;17;11203;15;;;11195.5;0.0
yf_ZW=F_d9;32400;ASH_COATED_OSMIUM;9907;26;9904;22;;;9948;14;9952;23;;;9927.5;0.0
yf_ZW=F_d9;32400;INTARIAN_PEPPER_ROOT;11192;11;11189;19;;;11210;15;11214;18;;;11201.0;0.0
yf_ZW=F_d9;32500;ASH_COATED_OSMIUM;9923;19;9920;19;;;9932;22;9935;21;;;9927.5;0.0
yf_ZW=F_d9;32500;INTARIAN_PEPPER_ROOT;11204;22;11200;23;;;11210;17;11213;25;;;11207.0;0.0
yf_ZW=F_d9;32600;ASH_COATED_OSMIUM;9925;30;9922;25;;;9931;13;9935;8;;;9928.0;0.0
yf_ZW=F_d9;32600;INTARIAN_PEPPER_ROOT;11202;17;11200;20;;;11223;19;11227;20;;;11212.5;0.0
yf_ZW=F_d9;32700;ASH_COATED_OSMIUM;9925;19;9923;23;;;9931;13;9934;26;;;9928.0;0.0
yf_ZW=F_d9;32700;INTARIAN_PEPPER_ROOT;11216;7;11212;13;;;11222;18;11225;10;;;11219.0;0.0
yf_ZW=F_d9;32800;ASH_COATED_OSMIUM;9925;14;9923;18;;;9931;17;9934;19;;;9928.0;0.0
yf_ZW=F_d9;32800;INTARIAN_PEPPER_ROOT;11220;12;11218;9;;;11228;8;11230;17;;;11224.0;0.0
yf_ZW=F_d9;32900;ASH_COATED_OSMIUM;9925;17;9923;23;;;9931;12;9933;31;;;9928.0;0.0
yf_ZW=F_d9;32900;INTARIAN_PEPPER_ROOT;11220;16;11216;18;;;11240;12;11242;21;;;11230.0;0.0
yf_ZW=F_d9;33000;ASH_COATED_OSMIUM;9926;8;9924;26;;;9932;13;9935;23;;;9929.0;0.0
yf_ZW=F_d9;33000;INTARIAN_PEPPER_ROOT;11232;5;11230;26;;;11241;16;11243;25;;;11236.5;0.0
yf_ZW=F_d9;33100;ASH_COATED_OSMIUM;9923;16;9920;18;;;9934;20;9937;21;;;9928.5;0.0
yf_ZW=F_d9;33100;INTARIAN_PEPPER_ROOT;11239;20;11236;22;;;11245;19;11248;27;;;11242.0;0.0
yf_ZW=F_d9;33200;ASH_COATED_OSMIUM;9921;17;9919;10;;;9935;23;9939;12;;;9928.0;0.0
yf_ZW=F_d9;33200;INTARIAN_PEPPER_ROOT;11244;17;11242;13;;;11250;17;11252;15;;;11247.0;0.0
yf_ZW=F_d9;33300;ASH_COATED_OSMIUM;9924;15;9922;18;;;9934;12;9937;9;;;9929.0;0.0
yf_ZW=F_d9;33300;INTARIAN_PEPPER_ROOT;11251;17;11247;33;;;11257;12;11261;13;;;11254.0;0.0
yf_ZW=F_d9;33400;ASH_COATED_OSMIUM;9922;22;9918;13;;;9936;15;9939;21;;;9929.0;0.0
yf_ZW=F_d9;33400;INTARIAN_PEPPER_ROOT;11254;21;11252;22;;;11264;22;11266;23;;;11259.0;0.0
yf_ZW=F_d9;33500;ASH_COATED_OSMIUM;9926;13;9923;18;;;9932;9;9935;14;;;9929.0;0.0
yf_ZW=F_d9;33500;INTARIAN_PEPPER_ROOT;11261;11;11257;19;;;11269;15;11273;18;;;11265.0;0.0
yf_ZW=F_d9;33600;ASH_COATED_OSMIUM;9926;14;9924;28;;;9932;17;9936;21;;;9929.0;0.0
yf_ZW=F_d9;33600;INTARIAN_PEPPER_ROOT;11268;16;11265;24;;;11274;20;11276;16;;;11271.0;0.0
yf_ZW=F_d9;33700;ASH_COATED_OSMIUM;9924;11;9922;22;;;9935;11;9939;21;;;9929.5;0.0
yf_ZW=F_d9;33700;INTARIAN_PEPPER_ROOT;11274;15;11272;22;;;11280;16;11284;18;;;11277.0;0.0
yf_ZW=F_d9;33800;ASH_COATED_OSMIUM;9921;13;9919;17;;;9938;17;9941;21;;;9929.5;0.0
yf_ZW=F_d9;33800;INTARIAN_PEPPER_ROOT;11280;20;11277;33;;;11286;20;11288;12;;;11283.0;0.0
yf_ZW=F_d9;33900;ASH_COATED_OSMIUM;9927;14;9924;27;;;9933;9;9936;21;;;9930.0;0.0
yf_ZW=F_d9;33900;INTARIAN_PEPPER_ROOT;11282;21;11278;25;;;11295;14;11299;28;;;11288.5;0.0
yf_ZW=F_d9;34000;ASH_COATED_OSMIUM;9926;16;9924;23;;;9933;14;9937;25;;;9929.5;0.0
yf_ZW=F_d9;34000;INTARIAN_PEPPER_ROOT;11283;15;11281;21;;;11289;18;11291;10;;;11286.0;0.0
yf_ZW=F_d9;34100;ASH_COATED_OSMIUM;9927;9;9923;15;;;9933;15;9937;25;;;9930.0;0.0
yf_ZW=F_d9;34100;INTARIAN_PEPPER_ROOT;11282;20;11280;25;;;11288;24;11291;21;;;11285.0;0.0
yf_ZW=F_d9;34200;ASH_COATED_OSMIUM;9926;21;9922;20;;;9932;9;9934;18;;;9929.0;0.0
yf_ZW=F_d9;34200;INTARIAN_PEPPER_ROOT;11280;13;11277;20;;;11286;22;11290;17;;;11283.0;0.0
yf_ZW=F_d9;34300;ASH_COATED_OSMIUM;9926;12;9923;8;;;9932;12;9936;13;;;9929.0;0.0
yf_ZW=F_d9;34300;INTARIAN_PEPPER_ROOT;11277;19;11274;24;;;11283;14;11286;27;;;11280.0;0.0
yf_ZW=F_d9;34400;ASH_COATED_OSMIUM;9918;18;9914;16;;;9939;19;9941;23;;;9928.5;0.0
yf_ZW=F_d9;34400;INTARIAN_PEPPER_ROOT;11275;20;11272;15;;;11281;15;11284;13;;;11278.0;0.0
yf_ZW=F_d9;34500;ASH_COATED_OSMIUM;9926;17;9924;15;;;9932;8;9934;22;;;9929.0;0.0
yf_ZW=F_d9;34500;INTARIAN_PEPPER_ROOT;11274;16;11271;20;;;11280;20;11283;24;;;11277.0;0.0
yf_ZW=F_d9;34600;ASH_COATED_OSMIUM;9922;12;9918;21;;;9934;23;9937;22;;;9928.0;0.0
yf_ZW=F_d9;34600;INTARIAN_PEPPER_ROOT;11272;23;11269;20;;;11278;7;11281;28;;;11275.0;0.0
yf_ZW=F_d9;34700;ASH_COATED_OSMIUM;9926;10;9922;21;;;9932;11;9935;21;;;9929.0;0.0
yf_ZW=F_d9;34700;INTARIAN_PEPPER_ROOT;11270;11;11267;16;;;11276;18;11279;21;;;11273.0;0.0
yf_ZW=F_d9;34800;ASH_COATED_OSMIUM;9921;15;9917;9;;;9936;17;9940;15;;;9928.5;0.0
yf_ZW=F_d9;34800;INTARIAN_PEPPER_ROOT;11266;11;11264;19;;;11277;15;11280;29;;;11271.5;0.0
yf_ZW=F_d9;34900;ASH_COATED_OSMIUM;9925;18;9922;13;;;9933;20;9937;17;;;9929.0;0.0
yf_ZW=F_d9;34900;INTARIAN_PEPPER_ROOT;11267;14;11264;24;;;11273;16;11275;17;;;11270.0;0.0
yf_ZW=F_d9;35000;ASH_COATED_OSMIUM;9925;11;9922;23;;;9931;17;9935;26;;;9928.0;0.0
yf_ZW=F_d9;35000;INTARIAN_PEPPER_ROOT;11264;12;11260;23;;;11272;13;11275;19;;;11268.0;0.0
yf_ZW=F_d9;35100;ASH_COATED_OSMIUM;9919;22;9915;15;;;9936;5;9939;14;;;9927.5;0.0
yf_ZW=F_d9;35100;INTARIAN_PEPPER_ROOT;11262;7;11259;18;;;11268;14;11271;21;;;11265.0;0.0
yf_ZW=F_d9;35200;ASH_COATED_OSMIUM;9924;9;9921;8;;;9931;25;9934;18;;;9927.5;0.0
yf_ZW=F_d9;35200;INTARIAN_PEPPER_ROOT;11261;5;11259;24;;;11267;13;11270;30;;;11264.0;0.0
yf_ZW=F_d9;35300;ASH_COATED_OSMIUM;9917;9;9915;25;;;9937;9;9939;11;;;9927.0;0.0
yf_ZW=F_d9;35300;INTARIAN_PEPPER_ROOT;11259;21;11257;27;;;11265;17;11268;23;;;11262.0;0.0
yf_ZW=F_d9;35400;ASH_COATED_OSMIUM;9924;12;9921;19;;;9931;16;9934;23;;;9927.5;0.0
yf_ZW=F_d9;35400;INTARIAN_PEPPER_ROOT;11257;19;11253;19;;;11263;18;11267;13;;;11260.0;0.0
yf_ZW=F_d9;35500;ASH_COATED_OSMIUM;9921;15;9919;18;;;9934;20;9937;21;;;9927.5;0.0
yf_ZW=F_d9;35500;INTARIAN_PEPPER_ROOT;11255;9;11253;24;;;11261;17;11263;23;;;11258.0;0.0
yf_ZW=F_d9;35600;ASH_COATED_OSMIUM;9923;20;9919;25;;;9931;18;9934;33;;;9927.0;0.0
yf_ZW=F_d9;35600;INTARIAN_PEPPER_ROOT;11249;21;11246;26;;;11262;13;11264;23;;;11255.5;0.0
yf_ZW=F_d9;35700;ASH_COATED_OSMIUM;9924;12;9922;19;;;9930;15;9932;17;;;9927.0;0.0
yf_ZW=F_d9;35700;INTARIAN_PEPPER_ROOT;11242;14;11240;20;;;11267;19;11269;15;;;11254.5;0.0
yf_ZW=F_d9;35800;ASH_COATED_OSMIUM;9918;20;9914;22;;;9934;22;9938;16;;;9926.0;0.0
yf_ZW=F_d9;35800;INTARIAN_PEPPER_ROOT;11248;8;11244;10;;;11256;16;11260;15;;;11252.0;0.0
yf_ZW=F_d9;35900;ASH_COATED_OSMIUM;9923;18;9921;19;;;9929;5;9933;11;;;9926.0;0.0
yf_ZW=F_d9;35900;INTARIAN_PEPPER_ROOT;11247;22;11245;18;;;11253;16;11255;29;;;11250.0;0.0
yf_ZW=F_d9;36000;ASH_COATED_OSMIUM;9924;22;9920;19;;;9930;7;9932;14;;;9927.0;0.0
yf_ZW=F_d9;36000;INTARIAN_PEPPER_ROOT;11245;10;11243;16;;;11251;5;11255;18;;;11248.0;0.0
yf_ZW=F_d9;36100;ASH_COATED_OSMIUM;9923;16;9919;26;;;9929;15;9932;21;;;9926.0;0.0
yf_ZW=F_d9;36100;INTARIAN_PEPPER_ROOT;11243;16;11239;13;;;11249;23;11252;15;;;11246.0;0.0
yf_ZW=F_d9;36200;ASH_COATED_OSMIUM;9922;11;9918;21;;;9930;10;9932;22;;;9926.0;0.0
yf_ZW=F_d9;36200;INTARIAN_PEPPER_ROOT;11242;13;11238;26;;;11248;17;11252;29;;;11245.0;0.0
yf_ZW=F_d9;36300;ASH_COATED_OSMIUM;9923;18;9921;15;;;9929;14;9931;17;;;9926.0;0.0
yf_ZW=F_d9;36300;INTARIAN_PEPPER_ROOT;11240;15;11236;10;;;11246;7;11250;22;;;11243.0;0.0
yf_ZW=F_d9;36400;ASH_COATED_OSMIUM;9922;13;9918;24;;;9931;5;9934;23;;;9926.5;0.0
yf_ZW=F_d9;36400;INTARIAN_PEPPER_ROOT;11237;14;11233;14;;;11246;18;11249;32;;;11241.5;0.0
yf_ZW=F_d9;36500;ASH_COATED_OSMIUM;9922;20;9919;9;;;9928;20;9930;17;;;9925.0;0.0
yf_ZW=F_d9;36500;INTARIAN_PEPPER_ROOT;11236;11;11234;16;;;11242;18;11245;23;;;11239.0;0.0
yf_ZW=F_d9;36600;ASH_COATED_OSMIUM;9921;10;9918;25;;;9929;18;9932;28;;;9925.0;0.0
yf_ZW=F_d9;36600;INTARIAN_PEPPER_ROOT;11234;17;11231;21;;;11241;16;11245;20;;;11237.5;0.0
yf_ZW=F_d9;36700;ASH_COATED_OSMIUM;9922;15;9918;24;;;9928;10;9932;17;;;9925.0;0.0
yf_ZW=F_d9;36700;INTARIAN_PEPPER_ROOT;11228;9;11226;20;;;11243;17;11246;21;;;11235.5;0.0
yf_ZW=F_d9;36800;ASH_COATED_OSMIUM;9916;21;9912;31;;;9934;18;9938;20;;;9925.0;0.0
yf_ZW=F_d9;36800;INTARIAN_PEPPER_ROOT;11230;23;11226;20;;;11236;24;11240;21;;;11233.0;0.0
yf_ZW=F_d9;36900;ASH_COATED_OSMIUM;9922;19;9918;17;;;9928;19;9932;12;;;9925.0;0.0
yf_ZW=F_d9;36900;INTARIAN_PEPPER_ROOT;11229;9;11227;27;;;11235;6;11238;22;;;11232.0;0.0
yf_ZW=F_d9;37000;ASH_COATED_OSMIUM;9922;14;9920;24;;;9928;16;9931;27;;;9925.0;0.0
yf_ZW=F_d9;37000;INTARIAN_PEPPER_ROOT;11226;10;11222;18;;;11235;11;11237;14;;;11230.5;0.0
yf_ZW=F_d9;37100;ASH_COATED_OSMIUM;9919;10;9916;22;;;9929;12;9932;9;;;9924.0;0.0
yf_ZW=F_d9;37100;INTARIAN_PEPPER_ROOT;11225;15;11222;20;;;11231;17;11234;16;;;11228.0;0.0
yf_ZW=F_d9;37200;ASH_COATED_OSMIUM;9913;5;9911;25;;;9936;19;9938;21;;;9924.5;0.0
yf_ZW=F_d9;37200;INTARIAN_PEPPER_ROOT;11223;14;11219;18;;;11229;8;11233;17;;;11226.0;0.0
yf_ZW=F_d9;37300;ASH_COATED_OSMIUM;9921;16;9917;23;;;9927;10;9931;20;;;9924.0;0.0
yf_ZW=F_d9;37300;INTARIAN_PEPPER_ROOT;11221;14;11218;18;;;11227;18;11230;31;;;11224.0;0.0
yf_ZW=F_d9;37400;ASH_COATED_OSMIUM;9919;5;9916;14;;;9928;16;9930;18;;;9923.5;0.0
yf_ZW=F_d9;37400;INTARIAN_PEPPER_ROOT;11219;14;11216;22;;;11225;9;11228;14;;;11222.0;0.0
yf_ZW=F_d9;37500;ASH_COATED_OSMIUM;9921;8;9918;16;;;9927;25;9929;20;;;9924.0;0.0
yf_ZW=F_d9;37500;INTARIAN_PEPPER_ROOT;11217;28;11215;21;;;11223;19;11226;22;;;11220.0;0.0
yf_ZW=F_d9;37600;ASH_COATED_OSMIUM;9920;5;9918;21;;;9926;18;9928;12;;;9923.0;0.0
yf_ZW=F_d9;37600;INTARIAN_PEPPER_ROOT;11216;17;11212;24;;;11222;6;11224;19;;;11219.0;0.0
yf_ZW=F_d9;37700;ASH_COATED_OSMIUM;9919;19;9915;27;;;9929;15;9933;18;;;9924.0;0.0
yf_ZW=F_d9;37700;INTARIAN_PEPPER_ROOT;11214;10;11212;16;;;11220;12;11222;24;;;11217.0;0.0
yf_ZW=F_d9;37800;ASH_COATED_OSMIUM;9918;19;9914;14;;;9928;9;9930;15;;;9923.0;0.0
yf_ZW=F_d9;37800;INTARIAN_PEPPER_ROOT;11212;24;11208;13;;;11218;19;11220;29;;;11215.0;0.0
yf_ZW=F_d9;37900;ASH_COATED_OSMIUM;9918;24;9914;22;;;9928;11;9931;29;;;9923.0;0.0
yf_ZW=F_d9;37900;INTARIAN_PEPPER_ROOT;11210;12;11208;21;;;11216;7;11220;16;;;11213.0;0.0
yf_ZW=F_d9;38000;ASH_COATED_OSMIUM;9912;14;9908;17;;;9932;21;9935;25;;;9922.0;0.0
yf_ZW=F_d9;38000;INTARIAN_PEPPER_ROOT;11207;15;11205;24;;;11213;20;11215;29;;;11210.0;0.0
yf_ZW=F_d9;38100;ASH_COATED_OSMIUM;9920;11;9917;25;;;9926;16;9930;18;;;9923.0;0.0
yf_ZW=F_d9;38100;INTARIAN_PEPPER_ROOT;11204;17;11201;20;;;11213;21;11215;21;;;11208.5;0.0
yf_ZW=F_d9;38200;ASH_COATED_OSMIUM;9920;17;9916;20;;;9926;19;9928;18;;;9923.0;0.0
yf_ZW=F_d9;38200;INTARIAN_PEPPER_ROOT;11204;10;11200;13;;;11210;24;11214;19;;;11207.0;0.0
yf_ZW=F_d9;38300;ASH_COATED_OSMIUM;9912;23;9908;18;;;9933;15;9937;25;;;9922.5;0.0
yf_ZW=F_d9;38300;INTARIAN_PEPPER_ROOT;11203;23;11199;15;;;11209;10;11212;17;;;11206.0;0.0
yf_ZW=F_d9;38400;ASH_COATED_OSMIUM;9915;9;9911;16;;;9930;15;9932;20;;;9922.5;0.0
yf_ZW=F_d9;38400;INTARIAN_PEPPER_ROOT;11200;15;11197;21;;;11206;13;11208;14;;;11203.0;0.0
yf_ZW=F_d9;38500;ASH_COATED_OSMIUM;9919;21;9916;26;;;9925;8;9927;22;;;9922.0;0.0
yf_ZW=F_d9;38500;INTARIAN_PEPPER_ROOT;11199;17;11196;19;;;11205;15;11208;30;;;11202.0;0.0
yf_ZW=F_d9;38600;ASH_COATED_OSMIUM;9919;15;9916;15;;;9925;14;9929;26;;;9922.0;0.0
yf_ZW=F_d9;38600;INTARIAN_PEPPER_ROOT;11195;13;11193;18;;;11204;17;11207;28;;;11199.5;0.0
yf_ZW=F_d9;38700;ASH_COATED_OSMIUM;9917;23;9913;18;;;9925;16;9928;8;;;9921.0;0.0
yf_ZW=F_d9;38700;INTARIAN_PEPPER_ROOT;11192;13;11190;21;;;11204;15;11207;8;;;11198.0;0.0
yf_ZW=F_d9;38800;ASH_COATED_OSMIUM;9917;10;9914;19;;;9925;16;9929;24;;;9921.0;0.0
yf_ZW=F_d9;38800;INTARIAN_PEPPER_ROOT;11193;16;11190;21;;;11199;22;11202;12;;;11196.0;0.0
yf_ZW=F_d9;38900;ASH_COATED_OSMIUM;9918;20;9914;20;;;9924;21;9928;16;;;9921.0;0.0
yf_ZW=F_d9;38900;INTARIAN_PEPPER_ROOT;11191;17;11188;14;;;11197;16;11201;16;;;11194.0;0.0
yf_ZW=F_d9;39000;ASH_COATED_OSMIUM;9918;20;9916;20;;;9924;19;9927;27;;;9921.0;0.0
yf_ZW=F_d9;39000;INTARIAN_PEPPER_ROOT;11189;12;11187;18;;;11195;16;11198;19;;;11192.0;0.0
yf_ZW=F_d9;39100;ASH_COATED_OSMIUM;9918;9;9915;26;;;9924;11;9928;19;;;9921.0;0.0
yf_ZW=F_d9;39100;INTARIAN_PEPPER_ROOT;11187;11;11185;18;;;11193;13;11196;16;;;11190.0;0.0
yf_ZW=F_d9;39200;ASH_COATED_OSMIUM;9908;13;9905;24;;;9933;9;9937;22;;;9920.5;0.0
yf_ZW=F_d9;39200;INTARIAN_PEPPER_ROOT;11174;5;11171;30;;;11203;23;11207;16;;;11188.5;0.0
yf_ZW=F_d9;39300;ASH_COATED_OSMIUM;9916;12;9913;27;;;9925;12;9927;21;;;9920.5;0.0
yf_ZW=F_d9;39300;INTARIAN_PEPPER_ROOT;11183;10;11180;12;;;11189;13;11192;19;;;11186.0;0.0
yf_ZW=F_d9;39400;ASH_COATED_OSMIUM;9917;16;9914;24;;;9923;9;9925;21;;;9920.0;0.0
yf_ZW=F_d9;39400;INTARIAN_PEPPER_ROOT;11182;7;11180;24;;;11188;10;11192;25;;;11185.0;0.0
yf_ZW=F_d9;39500;ASH_COATED_OSMIUM;9917;15;9914;15;;;9923;10;9927;16;;;9920.0;0.0
yf_ZW=F_d9;39500;INTARIAN_PEPPER_ROOT;11178;13;11175;27;;;11188;11;11191;17;;;11183.0;0.0
yf_ZW=F_d9;39600;ASH_COATED_OSMIUM;9917;17;9914;29;;;9923;19;9926;20;;;9920.0;0.0
yf_ZW=F_d9;39600;INTARIAN_PEPPER_ROOT;11169;11;11166;23;;;11192;13;11194;16;;;11180.5;0.0
yf_ZW=F_d9;39700;ASH_COATED_OSMIUM;9917;19;9914;25;;;9923;15;9925;23;;;9920.0;0.0
yf_ZW=F_d9;39700;INTARIAN_PEPPER_ROOT;11173;5;11171;21;;;11184;20;11187;17;;;11178.5;0.0
yf_ZW=F_d9;39800;ASH_COATED_OSMIUM;9916;12;9913;10;;;9922;20;9924;21;;;9919.0;0.0
yf_ZW=F_d9;39800;INTARIAN_PEPPER_ROOT;11174;11;11170;20;;;11180;11;11184;19;;;11177.0;0.0
yf_ZW=F_d9;39900;ASH_COATED_OSMIUM;9909;19;9905;12;;;9929;20;9931;21;;;9919.0;0.0
yf_ZW=F_d9;39900;INTARIAN_PEPPER_ROOT;11172;11;11169;12;;;11178;13;11181;23;;;11175.0;0.0
yf_ZW=F_d9;40000;ASH_COATED_OSMIUM;9916;5;9912;13;;;9922;18;9925;24;;;9919.0;0.0
yf_ZW=F_d9;40000;INTARIAN_PEPPER_ROOT;11170;18;11168;23;;;11177;16;11181;15;;;11173.5;0.0
yf_ZW=F_d9;40100;ASH_COATED_OSMIUM;9916;20;9912;22;;;9922;15;9926;17;;;9919.0;0.0
yf_ZW=F_d9;40100;INTARIAN_PEPPER_ROOT;11165;5;11161;20;;;11178;17;11181;25;;;11171.5;0.0
yf_ZW=F_d9;40200;ASH_COATED_OSMIUM;9916;19;9912;23;;;9922;24;9925;13;;;9919.0;0.0
yf_ZW=F_d9;40200;INTARIAN_PEPPER_ROOT;11161;12;11159;26;;;11178;16;11181;21;;;11169.5;0.0
yf_ZW=F_d9;40300;ASH_COATED_OSMIUM;9915;15;9913;10;;;9921;20;9925;10;;;9918.0;0.0
yf_ZW=F_d9;40300;INTARIAN_PEPPER_ROOT;11163;5;11160;18;;;11172;10;11176;25;;;11167.5;0.0
yf_ZW=F_d9;40400;ASH_COATED_OSMIUM;9916;12;9913;18;;;9922;16;9924;16;;;9919.0;0.0
yf_ZW=F_d9;40400;INTARIAN_PEPPER_ROOT;11162;13;11159;23;;;11169;19;11172;20;;;11165.5;0.0
yf_ZW=F_d9;40500;ASH_COATED_OSMIUM;9915;18;9912;15;;;9921;13;9923;19;;;9918.0;0.0
yf_ZW=F_d9;40500;INTARIAN_PEPPER_ROOT;11146;8;11142;19;;;11180;17;11182;11;;;11163.0;0.0
yf_ZW=F_d9;40600;ASH_COATED_OSMIUM;9915;10;9913;21;;;9921;17;9924;27;;;9918.0;0.0
yf_ZW=F_d9;40600;INTARIAN_PEPPER_ROOT;11159;13;11157;22;;;11165;16;11168;19;;;11162.0;0.0
yf_ZW=F_d9;40700;ASH_COATED_OSMIUM;9915;9;9911;31;;;9921;16;9924;17;;;9918.0;0.0
yf_ZW=F_d9;40700;INTARIAN_PEPPER_ROOT;11157;15;11153;11;;;11163;17;11165;25;;;11160.0;0.0
yf_ZW=F_d9;40800;ASH_COATED_OSMIUM;9915;7;9912;19;;;9921;14;9924;19;;;9918.0;0.0
yf_ZW=F_d9;40800;INTARIAN_PEPPER_ROOT;11155;12;11151;23;;;11161;12;11164;18;;;11158.0;0.0
yf_ZW=F_d9;40900;ASH_COATED_OSMIUM;9914;23;9910;14;;;9920;7;9924;17;;;9917.0;0.0
yf_ZW=F_d9;40900;INTARIAN_PEPPER_ROOT;11153;16;11149;19;;;11159;19;11161;16;;;11156.0;0.0
yf_ZW=F_d9;41000;ASH_COATED_OSMIUM;9915;14;9911;23;;;9921;15;9923;12;;;9918.0;0.0
yf_ZW=F_d9;41000;INTARIAN_PEPPER_ROOT;11151;15;11148;23;;;11157;15;11161;17;;;11154.0;0.0
yf_ZW=F_d9;41100;ASH_COATED_OSMIUM;9913;22;9909;20;;;9920;27;9922;23;;;9916.5;0.0
yf_ZW=F_d9;41100;INTARIAN_PEPPER_ROOT;11149;6;11145;17;;;11155;21;11158;15;;;11152.0;0.0
yf_ZW=F_d9;41200;ASH_COATED_OSMIUM;9914;19;9910;15;;;9920;20;9924;22;;;9917.0;0.0
yf_ZW=F_d9;41200;INTARIAN_PEPPER_ROOT;11147;11;11143;19;;;11153;9;11157;11;;;11150.0;0.0
yf_ZW=F_d9;41300;ASH_COATED_OSMIUM;9914;12;9910;23;;;9920;13;9924;12;;;9917.0;0.0
yf_ZW=F_d9;41300;INTARIAN_PEPPER_ROOT;11145;22;11142;19;;;11151;20;11155;19;;;11148.0;0.0
yf_ZW=F_d9;41400;ASH_COATED_OSMIUM;9910;19;9907;25;;;9924;22;9927;15;;;9917.0;0.0
yf_ZW=F_d9;41400;INTARIAN_PEPPER_ROOT;11130;16;11127;13;;;11164;16;11166;20;;;11147.0;0.0
yf_ZW=F_d9;41500;ASH_COATED_OSMIUM;9909;16;9905;20;;;9926;11;9929;26;;;9917.5;0.0
yf_ZW=F_d9;41500;INTARIAN_PEPPER_ROOT;11142;17;11139;26;;;11148;15;11151;22;;;11145.0;0.0
yf_ZW=F_d9;41600;ASH_COATED_OSMIUM;9913;8;9911;24;;;9919;14;9922;28;;;9916.0;0.0
yf_ZW=F_d9;41600;INTARIAN_PEPPER_ROOT;11137;12;11135;12;;;11149;16;11153;9;;;11143.0;0.0
yf_ZW=F_d9;41700;ASH_COATED_OSMIUM;9912;17;9909;26;;;9920;13;9924;16;;;9916.0;0.0
yf_ZW=F_d9;41700;INTARIAN_PEPPER_ROOT;11138;18;11136;15;;;11144;21;11147;22;;;11141.0;0.0
yf_ZW=F_d9;41800;ASH_COATED_OSMIUM;9912;20;9909;20;;;9918;15;9921;22;;;9915.0;0.0
yf_ZW=F_d9;41800;INTARIAN_PEPPER_ROOT;11133;13;11131;19;;;11145;10;11147;17;;;11139.0;0.0
yf_ZW=F_d9;41900;ASH_COATED_OSMIUM;9913;18;9909;22;;;9919;17;9921;16;;;9916.0;0.0
yf_ZW=F_d9;41900;INTARIAN_PEPPER_ROOT;11135;18;11133;16;;;11141;13;11144;23;;;11138.0;0.0
yf_ZW=F_d9;42000;ASH_COATED_OSMIUM;9912;10;9909;20;;;9918;13;9922;23;;;9915.0;0.0
yf_ZW=F_d9;42000;INTARIAN_PEPPER_ROOT;11133;13;11129;21;;;11139;13;11143;20;;;11136.0;0.0
yf_ZW=F_d9;42100;ASH_COATED_OSMIUM;9901;5;9898;19;;;9930;13;9933;23;;;9915.5;0.0
yf_ZW=F_d9;42100;INTARIAN_PEPPER_ROOT;11128;17;11125;20;;;11139;11;11142;17;;;11133.5;0.0
yf_ZW=F_d9;42200;ASH_COATED_OSMIUM;9912;12;9909;22;;;9918;9;9922;24;;;9915.0;0.0
yf_ZW=F_d9;42200;INTARIAN_PEPPER_ROOT;11128;16;11124;16;;;11134;20;11137;18;;;11131.0;0.0
yf_ZW=F_d9;42300;ASH_COATED_OSMIUM;9912;8;9910;19;;;9918;16;9921;24;;;9915.0;0.0
yf_ZW=F_d9;42300;INTARIAN_PEPPER_ROOT;11127;17;11124;21;;;11133;16;11137;20;;;11130.0;0.0
yf_ZW=F_d9;42400;ASH_COATED_OSMIUM;9909;7;9905;22;;;9921;14;9924;19;;;9915.0;0.0
yf_ZW=F_d9;42400;INTARIAN_PEPPER_ROOT;11124;11;11121;20;;;11131;11;11135;24;;;11127.5;0.0
yf_ZW=F_d9;42500;ASH_COATED_OSMIUM;9910;15;9906;20;;;9918;14;9921;24;;;9914.0;0.0
yf_ZW=F_d9;42500;INTARIAN_PEPPER_ROOT;11121;8;11118;17;;;11132;10;11134;8;;;11126.5;0.0
yf_ZW=F_d9;42600;ASH_COATED_OSMIUM;9910;18;9906;25;;;9920;13;9922;15;;;9915.0;0.0
yf_ZW=F_d9;42600;INTARIAN_PEPPER_ROOT;11120;22;11118;28;;;11127;15;11131;15;;;11123.5;0.0
yf_ZW=F_d9;42700;ASH_COATED_OSMIUM;9911;5;9908;21;;;9917;19;9921;17;;;9914.0;0.0
yf_ZW=F_d9;42700;INTARIAN_PEPPER_ROOT;11112;19;11108;13;;;11133;14;11137;29;;;11122.5;0.0
yf_ZW=F_d9;42800;ASH_COATED_OSMIUM;9910;17;9907;19;;;9918;15;9922;20;;;9914.0;0.0
yf_ZW=F_d9;42800;INTARIAN_PEPPER_ROOT;11117;17;11114;20;;;11124;21;11128;15;;;11120.5;0.0
yf_ZW=F_d9;42900;ASH_COATED_OSMIUM;9909;14;9905;16;;;9920;13;9923;13;;;9914.5;0.0
yf_ZW=F_d9;42900;INTARIAN_PEPPER_ROOT;11114;11;11111;16;;;11123;16;11126;15;;;11118.5;0.0
yf_ZW=F_d9;43000;ASH_COATED_OSMIUM;9911;13;9908;19;;;9917;9;9921;24;;;9914.0;0.0
yf_ZW=F_d9;43000;INTARIAN_PEPPER_ROOT;11114;19;11110;10;;;11120;20;11124;21;;;11117.0;0.0
yf_ZW=F_d9;43100;ASH_COATED_OSMIUM;9910;15;9906;16;;;9916;9;9920;9;;;9913.0;0.0
yf_ZW=F_d9;43100;INTARIAN_PEPPER_ROOT;11112;18;11110;13;;;11118;19;11120;16;;;11115.0;0.0
yf_ZW=F_d9;43200;ASH_COATED_OSMIUM;9910;19;9908;27;;;9916;14;9920;17;;;9913.0;0.0
yf_ZW=F_d9;43200;INTARIAN_PEPPER_ROOT;11109;15;11105;25;;;11115;19;11117;26;;;11112.0;0.0
yf_ZW=F_d9;43300;ASH_COATED_OSMIUM;9910;8;9906;9;;;9918;14;9921;13;;;9914.0;0.0
yf_ZW=F_d9;43300;INTARIAN_PEPPER_ROOT;11108;14;11105;30;;;11115;9;11118;21;;;11111.5;0.0
yf_ZW=F_d9;43400;ASH_COATED_OSMIUM;9909;10;9905;24;;;9918;20;9920;20;;;9913.5;0.0
yf_ZW=F_d9;43400;INTARIAN_PEPPER_ROOT;11097;23;11095;21;;;11119;7;11122;19;;;11108.0;0.0
yf_ZW=F_d9;43500;ASH_COATED_OSMIUM;9902;21;9899;25;;;9924;23;9927;20;;;9913.0;0.0
yf_ZW=F_d9;43500;INTARIAN_PEPPER_ROOT;11100;13;11098;23;;;11115;9;11118;25;;;11107.5;0.0
yf_ZW=F_d9;43600;ASH_COATED_OSMIUM;9901;14;9897;15;;;9926;10;9928;20;;;9913.5;0.0
yf_ZW=F_d9;43600;INTARIAN_PEPPER_ROOT;11101;7;11097;26;;;11111;6;11115;19;;;11106.0;0.0
yf_ZW=F_d9;43700;ASH_COATED_OSMIUM;9901;14;9897;18;;;9925;12;9928;23;;;9913.0;0.0
yf_ZW=F_d9;43700;INTARIAN_PEPPER_ROOT;11090;12;11086;15;;;11115;12;11118;21;;;11102.5;0.0
yf_ZW=F_d9;43800;ASH_COATED_OSMIUM;9907;12;9905;17;;;9918;10;9920;18;;;9912.5;0.0
yf_ZW=F_d9;43800;INTARIAN_PEPPER_ROOT;11096;12;11092;26;;;11106;13;11108;14;;;11101.0;0.0
yf_ZW=F_d9;43900;ASH_COATED_OSMIUM;9909;14;9907;20;;;9915;14;9919;18;;;9912.0;0.0
yf_ZW=F_d9;43900;INTARIAN_PEPPER_ROOT;11091;16;11089;16;;;11108;7;11111;20;;;11099.5;0.0
yf_ZW=F_d9;44000;ASH_COATED_OSMIUM;9909;14;9907;24;;;9915;15;9919;20;;;9912.0;0.0
yf_ZW=F_d9;44000;INTARIAN_PEPPER_ROOT;11094;19;11092;17;;;11100;13;11102;30;;;11097.0;0.0
yf_ZW=F_d9;44100;ASH_COATED_OSMIUM;9904;11;9902;29;;;9920;16;9924;21;;;9912.0;0.0
yf_ZW=F_d9;44100;INTARIAN_PEPPER_ROOT;11093;19;11091;15;;;11099;18;11103;8;;;11096.0;0.0
yf_ZW=F_d9;44200;ASH_COATED_OSMIUM;9908;6;9906;16;;;9914;17;9916;18;;;9911.0;0.0
yf_ZW=F_d9;44200;INTARIAN_PEPPER_ROOT;11091;20;11089;20;;;11097;7;11100;22;;;11094.0;0.0
yf_ZW=F_d9;44300;ASH_COATED_OSMIUM;9908;22;9904;24;;;9915;12;9918;23;;;9911.5;0.0
yf_ZW=F_d9;44300;INTARIAN_PEPPER_ROOT;11084;5;11082;24;;;11100;17;11102;23;;;11092.0;0.0
yf_ZW=F_d9;44400;ASH_COATED_OSMIUM;9908;17;9904;20;;;9914;17;9918;30;;;9911.0;0.0
yf_ZW=F_d9;44400;INTARIAN_PEPPER_ROOT;11086;15;11083;24;;;11093;15;11095;19;;;11089.5;0.0
yf_ZW=F_d9;44500;ASH_COATED_OSMIUM;9906;13;9902;24;;;9916;14;9920;22;;;9911.0;0.0
yf_ZW=F_d9;44500;INTARIAN_PEPPER_ROOT;11081;19;11079;17;;;11095;24;11097;14;;;11088.0;0.0
yf_ZW=F_d9;44600;ASH_COATED_OSMIUM;9907;19;9904;21;;;9915;16;9919;15;;;9911.0;0.0
yf_ZW=F_d9;44600;INTARIAN_PEPPER_ROOT;11083;17;11081;19;;;11089;12;11092;13;;;11086.0;0.0
yf_ZW=F_d9;44700;ASH_COATED_OSMIUM;9908;11;9904;15;;;9914;21;9917;28;;;9911.0;0.0
yf_ZW=F_d9;44700;INTARIAN_PEPPER_ROOT;11082;7;11079;14;;;11088;13;11092;22;;;11085.0;0.0
yf_ZW=F_d9;44800;ASH_COATED_OSMIUM;9908;18;9906;21;;;9914;20;9917;18;;;9911.0;0.0
yf_ZW=F_d9;44800;INTARIAN_PEPPER_ROOT;11079;25;11075;26;;;11087;13;11089;15;;;11083.0;0.0
yf_ZW=F_d9;44900;ASH_COATED_OSMIUM;9907;15;9904;22;;;9913;26;9916;17;;;9910.0;0.0
yf_ZW=F_d9;44900;INTARIAN_PEPPER_ROOT;11078;18;11075;23;;;11084;10;11086;20;;;11081.0;0.0
yf_ZW=F_d9;45000;ASH_COATED_OSMIUM;9907;11;9904;17;;;9913;11;9917;17;;;9910.0;0.0
yf_ZW=F_d9;45000;INTARIAN_PEPPER_ROOT;11069;10;11065;17;;;11089;19;11091;24;;;11079.0;0.0
yf_ZW=F_d9;45100;ASH_COATED_OSMIUM;9906;14;9902;14;;;9914;15;9916;20;;;9910.0;0.0
yf_ZW=F_d9;45100;INTARIAN_PEPPER_ROOT;11071;13;11069;16;;;11083;18;11087;14;;;11077.0;0.0
yf_ZW=F_d9;45200;ASH_COATED_OSMIUM;9907;11;9904;18;;;9913;12;9916;16;;;9910.0;0.0
yf_ZW=F_d9;45200;INTARIAN_PEPPER_ROOT;11072;23;11070;21;;;11078;21;11082;25;;;11075.0;0.0
yf_ZW=F_d9;45300;ASH_COATED_OSMIUM;9907;10;9905;21;;;9913;16;9915;16;;;9910.0;0.0
yf_ZW=F_d9;45300;INTARIAN_PEPPER_ROOT;11068;19;11064;18;;;11078;8;11082;21;;;11073.0;0.0
yf_ZW=F_d9;45400;ASH_COATED_OSMIUM;9907;16;9904;25;;;9913;5;9915;23;;;9910.0;0.0
yf_ZW=F_d9;45400;INTARIAN_PEPPER_ROOT;11068;17;11066;15;;;11074;25;11077;26;;;11071.0;0.0
yf_ZW=F_d9;45500;ASH_COATED_OSMIUM;9907;11;9904;19;;;9913;14;9916;16;;;9910.0;0.0
yf_ZW=F_d9;45500;INTARIAN_PEPPER_ROOT;11066;15;11062;15;;;11072;11;11075;28;;;11069.0;0.0
yf_ZW=F_d9;45600;ASH_COATED_OSMIUM;9906;9;9902;18;;;9912;13;9915;20;;;9909.0;0.0
yf_ZW=F_d9;45600;INTARIAN_PEPPER_ROOT;11060;19;11056;24;;;11074;10;11076;19;;;11067.0;0.0
yf_ZW=F_d9;45700;ASH_COATED_OSMIUM;9906;17;9903;24;;;9912;21;9915;21;;;9909.0;0.0
yf_ZW=F_d9;45700;INTARIAN_PEPPER_ROOT;11052;16;11048;17;;;11080;19;11083;18;;;11066.0;0.0
yf_ZW=F_d9;45800;ASH_COATED_OSMIUM;9906;14;9903;16;;;9912;18;9916;20;;;9909.0;0.0
yf_ZW=F_d9;45800;INTARIAN_PEPPER_ROOT;11061;17;11059;19;;;11067;14;11070;24;;;11064.0;0.0
yf_ZW=F_d9;45900;ASH_COATED_OSMIUM;9900;16;9896;29;;;9917;21;9921;17;;;9908.5;0.0
yf_ZW=F_d9;45900;INTARIAN_PEPPER_ROOT;11059;12;11056;15;;;11065;14;11068;18;;;11062.0;0.0
yf_ZW=F_d9;46000;ASH_COATED_OSMIUM;9905;12;9901;25;;;9911;16;9915;26;;;9908.0;0.0
yf_ZW=F_d9;46000;INTARIAN_PEPPER_ROOT;11057;16;11054;19;;;11063;15;11067;27;;;11060.0;0.0
yf_ZW=F_d9;46100;ASH_COATED_OSMIUM;9905;10;9901;24;;;9911;18;9915;23;;;9908.0;0.0
yf_ZW=F_d9;46100;INTARIAN_PEPPER_ROOT;11051;19;11049;23;;;11065;16;11069;21;;;11058.0;0.0
yf_ZW=F_d9;46200;ASH_COATED_OSMIUM;9900;8;9898;22;;;9916;16;9918;12;;;9908.0;0.0
yf_ZW=F_d9;46200;INTARIAN_PEPPER_ROOT;11044;7;11040;11;;;11069;16;11073;23;;;11056.5;0.0
yf_ZW=F_d9;46300;ASH_COATED_OSMIUM;9906;15;9904;16;;;9912;10;9914;19;;;9909.0;0.0
yf_ZW=F_d9;46300;INTARIAN_PEPPER_ROOT;11051;9;11049;17;;;11058;21;11060;15;;;11054.5;0.0
yf_ZW=F_d9;46400;ASH_COATED_OSMIUM;9902;16;9898;29;;;9914;15;9917;22;;;9908.0;0.0
yf_ZW=F_d9;46400;INTARIAN_PEPPER_ROOT;11049;18;11045;18;;;11055;20;11057;16;;;11052.0;0.0
yf_ZW=F_d9;46500;ASH_COATED_OSMIUM;9904;13;9900;15;;;9911;18;9913;24;;;9907.5;0.0
yf_ZW=F_d9;46500;INTARIAN_PEPPER_ROOT;11048;20;11045;20;;;11054;8;11058;20;;;11051.0;0.0
yf_ZW=F_d9;46600;ASH_COATED_OSMIUM;9898;17;9895;12;;;9916;15;9919;28;;;9907.0;0.0
yf_ZW=F_d9;46600;INTARIAN_PEPPER_ROOT;11044;13;11041;17;;;11053;14;11057;17;;;11048.5;0.0
yf_ZW=F_d9;46700;ASH_COATED_OSMIUM;9904;21;9901;16;;;9910;19;9913;17;;;9907.0;0.0
yf_ZW=F_d9;46700;INTARIAN_PEPPER_ROOT;11043;18;11040;25;;;11049;10;11052;15;;;11046.0;0.0
yf_ZW=F_d9;46800;ASH_COATED_OSMIUM;9904;21;9902;19;;;9910;16;9912;27;;;9907.0;0.0
yf_ZW=F_d9;46800;INTARIAN_PEPPER_ROOT;11042;13;11039;17;;;11048;15;11052;16;;;11045.0;0.0
yf_ZW=F_d9;46900;ASH_COATED_OSMIUM;9904;21;9900;17;;;9910;11;9912;24;;;9907.0;0.0
yf_ZW=F_d9;46900;INTARIAN_PEPPER_ROOT;11036;17;11032;17;;;11050;17;11053;23;;;11043.0;0.0
yf_ZW=F_d9;47000;ASH_COATED_OSMIUM;9903;25;9900;20;;;9909;14;9911;22;;;9906.0;0.0
yf_ZW=F_d9;47000;INTARIAN_PEPPER_ROOT;11038;18;11034;16;;;11044;17;11047;31;;;11041.0;0.0
yf_ZW=F_d9;47100;ASH_COATED_OSMIUM;9900;14;9898;13;;;9914;11;9918;16;;;9907.0;0.0
yf_ZW=F_d9;47100;INTARIAN_PEPPER_ROOT;11037;11;11034;11;;;11043;15;11047;14;;;11040.0;0.0
yf_ZW=F_d9;47200;ASH_COATED_OSMIUM;9904;15;9901;22;;;9910;23;9914;26;;;9907.0;0.0
yf_ZW=F_d9;47200;INTARIAN_PEPPER_ROOT;11035;12;11031;18;;;11041;5;11043;18;;;11038.0;0.0
yf_ZW=F_d9;47300;ASH_COATED_OSMIUM;9903;13;9901;9;;;9909;8;9911;22;;;9906.0;0.0
yf_ZW=F_d9;47300;INTARIAN_PEPPER_ROOT;11022;16;11020;16;;;11048;7;11052;19;;;11035.0;0.0
yf_ZW=F_d9;47400;ASH_COATED_OSMIUM;9903;16;9900;24;;;9909;5;9912;23;;;9906.0;0.0
yf_ZW=F_d9;47400;INTARIAN_PEPPER_ROOT;11030;8;11027;21;;;11039;17;11043;29;;;11034.5;0.0
yf_ZW=F_d9;47500;ASH_COATED_OSMIUM;9902;10;9899;22;;;9908;14;9910;21;;;9905.0;0.0
yf_ZW=F_d9;47500;INTARIAN_PEPPER_ROOT;11029;6;11026;27;;;11035;10;11037;24;;;11032.0;0.0
yf_ZW=F_d9;47600;ASH_COATED_OSMIUM;9902;16;9900;19;;;9908;11;9910;21;;;9905.0;0.0
yf_ZW=F_d9;47600;INTARIAN_PEPPER_ROOT;11022;21;11019;19;;;11038;17;11040;16;;;11030.0;0.0
yf_ZW=F_d9;47700;ASH_COATED_OSMIUM;9902;14;9900;11;;;9908;6;9912;13;;;9905.0;0.0
yf_ZW=F_d9;47700;INTARIAN_PEPPER_ROOT;11025;10;11022;21;;;11031;8;11034;16;;;11028.0;0.0
yf_ZW=F_d9;47800;ASH_COATED_OSMIUM;9902;19;9899;15;;;9908;18;9911;16;;;9905.0;0.0
yf_ZW=F_d9;47800;INTARIAN_PEPPER_ROOT;11022;17;11019;20;;;11030;13;11032;20;;;11026.0;0.0
yf_ZW=F_d9;47900;ASH_COATED_OSMIUM;9902;11;9899;17;;;9908;17;9910;12;;;9905.0;0.0
yf_ZW=F_d9;47900;INTARIAN_PEPPER_ROOT;11022;16;11020;24;;;11028;5;11032;16;;;11025.0;0.0
yf_ZW=F_d9;48000;ASH_COATED_OSMIUM;9902;19;9898;27;;;9908;10;9910;25;;;9905.0;0.0
yf_ZW=F_d9;48000;INTARIAN_PEPPER_ROOT;11016;8;11012;11;;;11030;11;11034;19;;;11023.0;0.0
yf_ZW=F_d9;48100;ASH_COATED_OSMIUM;9899;14;9895;15;;;9909;10;9912;23;;;9904.0;0.0
yf_ZW=F_d9;48100;INTARIAN_PEPPER_ROOT;11017;5;11015;19;;;11023;10;11026;26;;;11020.0;0.0
yf_ZW=F_d9;48200;ASH_COATED_OSMIUM;9898;8;9895;24;;;9912;6;9914;17;;;9905.0;0.0
yf_ZW=F_d9;48200;INTARIAN_PEPPER_ROOT;11010;8;11006;22;;;11026;16;11028;29;;;11018.0;0.0
yf_ZW=F_d9;48300;ASH_COATED_OSMIUM;9901;5;9898;18;;;9907;21;9911;25;;;9904.0;0.0
yf_ZW=F_d9;48300;INTARIAN_PEPPER_ROOT;11014;18;11011;14;;;11020;16;11024;14;;;11017.0;0.0
yf_ZW=F_d9;48400;ASH_COATED_OSMIUM;9901;18;9897;22;;;9907;20;9909;16;;;9904.0;0.0
yf_ZW=F_d9;48400;INTARIAN_PEPPER_ROOT;11012;13;11009;22;;;11018;9;11022;21;;;11015.0;0.0
yf_ZW=F_d9;48500;ASH_COATED_OSMIUM;9898;16;9895;19;;;9911;7;9913;19;;;9904.5;0.0
yf_ZW=F_d9;48500;INTARIAN_PEPPER_ROOT;11005;15;11003;19;;;11021;11;11023;24;;;11013.0;0.0
yf_ZW=F_d9;48600;ASH_COATED_OSMIUM;9901;10;9899;10;;;9907;21;9911;20;;;9904.0;0.0
yf_ZW=F_d9;48600;INTARIAN_PEPPER_ROOT;11003;19;11000;19;;;11018;6;11022;26;;;11010.5;0.0
yf_ZW=F_d9;48700;ASH_COATED_OSMIUM;9900;15;9896;21;;;9909;17;9911;19;;;9904.5;0.0
yf_ZW=F_d9;48700;INTARIAN_PEPPER_ROOT;11006;22;11002;15;;;11012;15;11016;11;;;11009.0;0.0
yf_ZW=F_d9;48800;ASH_COATED_OSMIUM;9897;6;9894;18;;;9910;15;9912;11;;;9903.5;0.0
yf_ZW=F_d9;48800;INTARIAN_PEPPER_ROOT;11005;16;11001;24;;;11011;20;11013;17;;;11008.0;0.0
yf_ZW=F_d9;48900;ASH_COATED_OSMIUM;9899;25;9896;19;;;9907;23;9911;17;;;9903.0;0.0
yf_ZW=F_d9;48900;INTARIAN_PEPPER_ROOT;11002;13;11000;16;;;11008;15;11012;21;;;11005.0;0.0
yf_ZW=F_d9;49000;ASH_COATED_OSMIUM;9900;9;9896;8;;;9906;13;9908;26;;;9903.0;0.0
yf_ZW=F_d9;49000;INTARIAN_PEPPER_ROOT;11000;20;10996;23;;;11006;24;11010;21;;;11003.0;0.0
yf_ZW=F_d9;49100;ASH_COATED_OSMIUM;9900;20;9896;14;;;9906;10;9908;23;;;9903.0;0.0
yf_ZW=F_d9;49100;INTARIAN_PEPPER_ROOT;10999;18;10997;26;;;11005;5;11009;13;;;11002.0;0.0
yf_ZW=F_d9;49200;ASH_COATED_OSMIUM;9898;12;9894;23;;;9907;14;9911;15;;;9902.5;0.0
yf_ZW=F_d9;49200;INTARIAN_PEPPER_ROOT;10997;10;10995;27;;;11003;18;11007;24;;;11000.0;0.0
yf_ZW=F_d9;49300;ASH_COATED_OSMIUM;9899;15;9896;12;;;9905;14;9909;17;;;9902.0;0.0
yf_ZW=F_d9;49300;INTARIAN_PEPPER_ROOT;10995;7;10993;20;;;11001;27;11005;17;;;10998.0;0.0
yf_ZW=F_d9;49400;ASH_COATED_OSMIUM;9900;10;9898;29;;;9906;19;9909;22;;;9903.0;0.0
yf_ZW=F_d9;49400;INTARIAN_PEPPER_ROOT;10993;14;10989;22;;;10999;14;11002;26;;;10996.0;0.0
yf_ZW=F_d9;49500;ASH_COATED_OSMIUM;9895;18;9893;18;;;9909;16;9912;19;;;9902.0;0.0
yf_ZW=F_d9;49500;INTARIAN_PEPPER_ROOT;10991;14;10989;23;;;10997;13;10999;24;;;10994.0;0.0
yf_ZW=F_d9;49600;ASH_COATED_OSMIUM;9897;5;9895;18;;;9906;17;9910;20;;;9901.5;0.0
yf_ZW=F_d9;49600;INTARIAN_PEPPER_ROOT;10989;5;10986;18;;;10995;8;10998;20;;;10992.0;0.0
yf_ZW=F_d9;49700;ASH_COATED_OSMIUM;9899;7;9896;13;;;9905;10;9908;21;;;9902.0;0.0
yf_ZW=F_d9;49700;INTARIAN_PEPPER_ROOT;10980;20;10977;25;;;11001;9;11003;22;;;10990.5;0.0
yf_ZW=F_d9;49800;ASH_COATED_OSMIUM;9896;10;9894;24;;;9908;21;9911;13;;;9902.0;0.0
yf_ZW=F_d9;49800;INTARIAN_PEPPER_ROOT;10985;9;10982;19;;;10991;15;10995;18;;;10988.0;0.0
yf_ZW=F_d9;49900;ASH_COATED_OSMIUM;9899;10;9897;15;;;9905;29;9907;14;;;9902.0;0.0
yf_ZW=F_d9;49900;INTARIAN_PEPPER_ROOT;10978;12;10976;23;;;10994;20;10998;14;;;10986.0;0.0
yf_ZW=F_d9;50000;ASH_COATED_OSMIUM;9899;21;9895;15;;;9905;15;9909;20;;;9902.0;0.0
yf_ZW=F_d9;50000;INTARIAN_PEPPER_ROOT;10982;17;10978;13;;;10988;12;10990;18;;;10985.0;0.0
yf_ZW=F_d9;50100;ASH_COATED_OSMIUM;9898;14;9896;27;;;9904;10;9908;32;;;9901.0;0.0
yf_ZW=F_d9;50100;INTARIAN_PEPPER_ROOT;10980;5;10976;23;;;10986;9;10988;16;;;10983.0;0.0
yf_ZW=F_d9;50200;ASH_COATED_OSMIUM;9898;12;9895;25;;;9904;10;9907;24;;;9901.0;0.0
yf_ZW=F_d9;50200;INTARIAN_PEPPER_ROOT;10968;17;10964;24;;;10993;15;10996;23;;;10980.5;0.0
yf_ZW=F_d9;50300;ASH_COATED_OSMIUM;9898;18;9894;15;;;9904;18;9906;16;;;9901.0;0.0
yf_ZW=F_d9;50300;INTARIAN_PEPPER_ROOT;10974;18;10971;19;;;10984;14;10987;20;;;10979.0;0.0
yf_ZW=F_d9;50400;ASH_COATED_OSMIUM;9897;18;9893;20;;;9903;13;9905;12;;;9900.0;0.0
yf_ZW=F_d9;50400;INTARIAN_PEPPER_ROOT;10972;22;10970;17;;;10982;12;10986;17;;;10977.0;0.0
yf_ZW=F_d9;50500;ASH_COATED_OSMIUM;9897;8;9895;12;;;9903;13;9906;26;;;9900.0;0.0
yf_ZW=F_d9;50500;INTARIAN_PEPPER_ROOT;10972;6;10969;24;;;10978;6;10982;21;;;10975.0;0.0
yf_ZW=F_d9;50600;ASH_COATED_OSMIUM;9884;11;9880;14;;;9917;13;9921;15;;;9900.5;0.0
yf_ZW=F_d9;50600;INTARIAN_PEPPER_ROOT;10971;18;10967;26;;;10977;11;10980;22;;;10974.0;0.0
yf_ZW=F_d9;50700;ASH_COATED_OSMIUM;9898;16;9896;11;;;9904;22;9907;24;;;9901.0;0.0
yf_ZW=F_d9;50700;INTARIAN_PEPPER_ROOT;10961;13;10957;10;;;10982;16;10984;28;;;10971.5;0.0
yf_ZW=F_d9;50800;ASH_COATED_OSMIUM;9897;12;9893;19;;;9903;5;9906;19;;;9900.0;0.0
yf_ZW=F_d9;50800;INTARIAN_PEPPER_ROOT;10966;8;10962;19;;;10972;6;10975;13;;;10969.0;0.0
yf_ZW=F_d9;50900;ASH_COATED_OSMIUM;9896;20;9892;22;;;9903;17;9907;16;;;9899.5;0.0
yf_ZW=F_d9;50900;INTARIAN_PEPPER_ROOT;10966;5;10963;16;;;10972;16;10974;25;;;10969.0;0.0
yf_ZW=F_d9;51000;ASH_COATED_OSMIUM;9897;9;9893;19;;;9903;7;9906;13;;;9900.0;0.0
yf_ZW=F_d9;51000;INTARIAN_PEPPER_ROOT;10967;21;10965;19;;;10973;11;10977;17;;;10970.0;0.0
yf_ZW=F_d9;51100;ASH_COATED_OSMIUM;9896;10;9892;9;;;9906;8;9909;17;;;9901.0;0.0
yf_ZW=F_d9;51100;INTARIAN_PEPPER_ROOT;10968;16;10966;19;;;10974;23;10976;15;;;10971.0;0.0
yf_ZW=F_d9;51200;ASH_COATED_OSMIUM;9897;17;9895;22;;;9903;17;9907;17;;;9900.0;0.0
yf_ZW=F_d9;51200;INTARIAN_PEPPER_ROOT;10969;19;10965;27;;;10975;8;10979;18;;;10972.0;0.0
yf_ZW=F_d9;51300;ASH_COATED_OSMIUM;9898;11;9896;31;;;9904;21;9907;22;;;9901.0;0.0
yf_ZW=F_d9;51300;INTARIAN_PEPPER_ROOT;10970;17;10967;9;;;10976;19;10978;21;;;10973.0;0.0
yf_ZW=F_d9;51400;ASH_COATED_OSMIUM;9898;11;9896;25;;;9904;12;9906;17;;;9901.0;0.0
yf_ZW=F_d9;51400;INTARIAN_PEPPER_ROOT;10970;6;10967;12;;;10977;14;10979;22;;;10973.5;0.0
yf_ZW=F_d9;51500;ASH_COATED_OSMIUM;9897;17;9894;14;;;9906;12;9908;20;;;9901.5;0.0
yf_ZW=F_d9;51500;INTARIAN_PEPPER_ROOT;10972;13;10968;15;;;10978;15;10982;18;;;10975.0;0.0
yf_ZW=F_d9;51600;ASH_COATED_OSMIUM;9898;21;9894;26;;;9904;9;9908;14;;;9901.0;0.0
yf_ZW=F_d9;51600;INTARIAN_PEPPER_ROOT;10973;12;10969;33;;;10979;8;10982;16;;;10976.0;0.0
yf_ZW=F_d9;51700;ASH_COATED_OSMIUM;9899;15;9896;14;;;9905;17;9907;22;;;9902.0;0.0
yf_ZW=F_d9;51700;INTARIAN_PEPPER_ROOT;10974;9;10971;17;;;10980;5;10983;23;;;10977.0;0.0
yf_ZW=F_d9;51800;ASH_COATED_OSMIUM;9896;13;9894;16;;;9907;20;9909;20;;;9901.5;0.0
yf_ZW=F_d9;51800;INTARIAN_PEPPER_ROOT;10976;14;10972;26;;;10982;17;10986;28;;;10979.0;0.0
yf_ZW=F_d9;51900;ASH_COATED_OSMIUM;9899;17;9896;18;;;9905;14;9908;21;;;9902.0;0.0
yf_ZW=F_d9;51900;INTARIAN_PEPPER_ROOT;10974;9;10972;26;;;10983;10;10987;16;;;10978.5;0.0
yf_ZW=F_d9;52000;ASH_COATED_OSMIUM;9899;11;9895;15;;;9905;16;9908;19;;;9902.0;0.0
yf_ZW=F_d9;52000;INTARIAN_PEPPER_ROOT;10971;14;10969;21;;;10989;14;10992;11;;;10980.0;0.0
yf_ZW=F_d9;52100;ASH_COATED_OSMIUM;9899;22;9897;31;;;9905;15;9908;20;;;9902.0;0.0
yf_ZW=F_d9;52100;INTARIAN_PEPPER_ROOT;10978;5;10975;23;;;10984;9;10988;17;;;10981.0;0.0
yf_ZW=F_d9;52200;ASH_COATED_OSMIUM;9900;18;9898;17;;;9906;21;9909;20;;;9903.0;0.0
yf_ZW=F_d9;52200;INTARIAN_PEPPER_ROOT;10979;11;10977;12;;;10985;5;10987;22;;;10982.0;0.0
yf_ZW=F_d9;52300;ASH_COATED_OSMIUM;9898;15;9895;20;;;9908;15;9910;26;;;9903.0;0.0
yf_ZW=F_d9;52300;INTARIAN_PEPPER_ROOT;10978;19;10976;22;;;10987;7;10989;12;;;10982.5;0.0
yf_ZW=F_d9;52400;ASH_COATED_OSMIUM;9898;17;9895;15;;;9909;15;9913;10;;;9903.5;0.0
yf_ZW=F_d9;52400;INTARIAN_PEPPER_ROOT;10977;7;10973;23;;;10991;17;10995;12;;;10984.0;0.0
yf_ZW=F_d9;52500;ASH_COATED_OSMIUM;9901;15;9898;24;;;9907;14;9911;32;;;9904.0;0.0
yf_ZW=F_d9;52500;INTARIAN_PEPPER_ROOT;10981;19;10978;21;;;10987;16;10990;19;;;10984.0;0.0
yf_ZW=F_d9;52600;ASH_COATED_OSMIUM;9892;19;9889;26;;;9916;20;9919;19;;;9904.0;0.0
yf_ZW=F_d9;52600;INTARIAN_PEPPER_ROOT;10982;13;10978;15;;;10988;19;10991;14;;;10985.0;0.0
yf_ZW=F_d9;52700;ASH_COATED_OSMIUM;9901;13;9898;26;;;9907;10;9911;11;;;9904.0;0.0
yf_ZW=F_d9;52700;INTARIAN_PEPPER_ROOT;10982;13;10980;21;;;10991;13;10994;18;;;10986.5;0.0
yf_ZW=F_d9;52800;ASH_COATED_OSMIUM;9901;18;9898;13;;;9907;17;9910;16;;;9904.0;0.0
yf_ZW=F_d9;52800;INTARIAN_PEPPER_ROOT;10982;16;10979;23;;;10995;18;10999;19;;;10988.5;0.0
yf_ZW=F_d9;52900;ASH_COATED_OSMIUM;9901;14;9899;21;;;9907;20;9910;21;;;9904.0;0.0
yf_ZW=F_d9;52900;INTARIAN_PEPPER_ROOT;10979;16;10975;24;;;10998;16;11002;13;;;10988.5;0.0
yf_ZW=F_d9;53000;ASH_COATED_OSMIUM;9901;14;9899;21;;;9907;7;9910;20;;;9904.0;0.0
yf_ZW=F_d9;53000;INTARIAN_PEPPER_ROOT;10980;13;10976;21;;;11000;16;11002;26;;;10990.0;0.0
yf_ZW=F_d9;53100;ASH_COATED_OSMIUM;9901;15;9898;21;;;9909;13;9913;27;;;9905.0;0.0
yf_ZW=F_d9;53100;INTARIAN_PEPPER_ROOT;10988;18;10985;24;;;10994;19;10997;20;;;10991.0;0.0
yf_ZW=F_d9;53200;ASH_COATED_OSMIUM;9900;11;9896;19;;;9911;10;9915;18;;;9905.5;0.0
yf_ZW=F_d9;53200;INTARIAN_PEPPER_ROOT;10988;17;10986;22;;;10995;15;10998;16;;;10991.5;0.0
yf_ZW=F_d9;53300;ASH_COATED_OSMIUM;9903;9;9899;14;;;9909;14;9913;19;;;9906.0;0.0
yf_ZW=F_d9;53300;INTARIAN_PEPPER_ROOT;10989;14;10985;20;;;10995;13;10999;25;;;10992.0;0.0
yf_ZW=F_d9;53400;ASH_COATED_OSMIUM;9902;13;9899;23;;;9908;10;9912;25;;;9905.0;0.0
yf_ZW=F_d9;53400;INTARIAN_PEPPER_ROOT;10988;18;10986;8;;;10999;13;11001;20;;;10993.5;0.0
yf_ZW=F_d9;53500;ASH_COATED_OSMIUM;9903;22;9901;20;;;9909;5;9913;23;;;9906.0;0.0
yf_ZW=F_d9;53500;INTARIAN_PEPPER_ROOT;10991;20;10988;19;;;10997;14;11000;15;;;10994.0;0.0
yf_ZW=F_d9;53600;ASH_COATED_OSMIUM;9901;23;9899;26;;;9909;18;9912;16;;;9905.0;0.0
yf_ZW=F_d9;53600;INTARIAN_PEPPER_ROOT;10993;19;10990;26;;;10999;15;11002;24;;;10996.0;0.0
yf_ZW=F_d9;53700;ASH_COATED_OSMIUM;9903;16;9901;15;;;9909;8;9911;20;;;9906.0;0.0
yf_ZW=F_d9;53700;INTARIAN_PEPPER_ROOT;10991;12;10987;13;;;11003;8;11006;26;;;10997.0;0.0
yf_ZW=F_d9;53800;ASH_COATED_OSMIUM;9903;15;9899;32;;;9909;11;9913;20;;;9906.0;0.0
yf_ZW=F_d9;53800;INTARIAN_PEPPER_ROOT;10994;12;10992;20;;;11000;11;11004;20;;;10997.0;0.0
yf_ZW=F_d9;53900;ASH_COATED_OSMIUM;9902;17;9898;19;;;9910;17;9914;26;;;9906.0;0.0
yf_ZW=F_d9;53900;INTARIAN_PEPPER_ROOT;10990;9;10987;28;;;11007;18;11009;22;;;10998.5;0.0
yf_ZW=F_d9;54000;ASH_COATED_OSMIUM;9904;8;9902;14;;;9910;9;9914;16;;;9907.0;0.0
yf_ZW=F_d9;54000;INTARIAN_PEPPER_ROOT;10994;15;10992;25;;;11006;17;11008;24;;;11000.0;0.0
yf_ZW=F_d9;54100;ASH_COATED_OSMIUM;9903;13;9900;28;;;9909;20;9913;20;;;9906.0;0.0
yf_ZW=F_d9;54100;INTARIAN_PEPPER_ROOT;10997;20;10995;20;;;11003;15;11006;13;;;11000.0;0.0
yf_ZW=F_d9;54200;ASH_COATED_OSMIUM;9900;12;9898;19;;;9913;14;9916;18;;;9906.5;0.0
yf_ZW=F_d9;54200;INTARIAN_PEPPER_ROOT;10997;10;10995;16;;;11007;18;11009;27;;;11002.0;0.0
yf_ZW=F_d9;54300;ASH_COATED_OSMIUM;9901;12;9899;11;;;9913;14;9917;16;;;9907.0;0.0
yf_ZW=F_d9;54300;INTARIAN_PEPPER_ROOT;10999;13;10996;20;;;11005;20;11007;17;;;11002.0;0.0
yf_ZW=F_d9;54400;ASH_COATED_OSMIUM;9899;13;9897;21;;;9915;21;9917;17;;;9907.0;0.0
yf_ZW=F_d9;54400;INTARIAN_PEPPER_ROOT;10996;14;10992;21;;;11011;8;11015;21;;;11003.5;0.0
yf_ZW=F_d9;54500;ASH_COATED_OSMIUM;9898;5;9895;19;;;9917;11;9919;20;;;9907.5;0.0
yf_ZW=F_d9;54500;INTARIAN_PEPPER_ROOT;11001;13;10998;16;;;11007;19;11010;24;;;11004.0;0.0
yf_ZW=F_d9;54600;ASH_COATED_OSMIUM;9902;16;9898;26;;;9914;23;9918;19;;;9908.0;0.0
yf_ZW=F_d9;54600;INTARIAN_PEPPER_ROOT;11003;5;10999;23;;;11009;17;11013;18;;;11006.0;0.0
yf_ZW=F_d9;54700;ASH_COATED_OSMIUM;9905;18;9902;24;;;9911;10;9914;14;;;9908.0;0.0
yf_ZW=F_d9;54700;INTARIAN_PEPPER_ROOT;11000;17;10997;16;;;11012;22;11015;28;;;11006.0;0.0
yf_ZW=F_d9;54800;ASH_COATED_OSMIUM;9905;8;9901;18;;;9911;20;9913;20;;;9908.0;0.0
yf_ZW=F_d9;54800;INTARIAN_PEPPER_ROOT;11004;19;11002;17;;;11010;24;11013;15;;;11007.0;0.0
yf_ZW=F_d9;54900;ASH_COATED_OSMIUM;9902;25;9898;22;;;9915;10;9918;16;;;9908.5;0.0
yf_ZW=F_d9;54900;INTARIAN_PEPPER_ROOT;11005;15;11002;18;;;11011;11;11014;19;;;11008.0;0.0
yf_ZW=F_d9;55000;ASH_COATED_OSMIUM;9906;16;9903;14;;;9912;13;9914;14;;;9909.0;0.0
yf_ZW=F_d9;55000;INTARIAN_PEPPER_ROOT;11005;20;11002;26;;;11011;15;11013;13;;;11008.0;0.0
yf_ZW=F_d9;55100;ASH_COATED_OSMIUM;9906;5;9903;12;;;9912;22;9916;27;;;9909.0;0.0
yf_ZW=F_d9;55100;INTARIAN_PEPPER_ROOT;11004;9;11001;28;;;11017;17;11020;25;;;11010.5;0.0
yf_ZW=F_d9;55200;ASH_COATED_OSMIUM;9906;14;9903;16;;;9912;20;9914;19;;;9909.0;0.0
yf_ZW=F_d9;55200;INTARIAN_PEPPER_ROOT;11008;14;11005;21;;;11014;12;11017;33;;;11011.0;0.0
yf_ZW=F_d9;55300;ASH_COATED_OSMIUM;9906;10;9902;24;;;9912;8;9914;25;;;9909.0;0.0
yf_ZW=F_d9;55300;INTARIAN_PEPPER_ROOT;11009;23;11007;16;;;11015;24;11019;19;;;11012.0;0.0
yf_ZW=F_d9;55400;ASH_COATED_OSMIUM;9907;23;9903;22;;;9913;20;9917;26;;;9910.0;0.0
yf_ZW=F_d9;55400;INTARIAN_PEPPER_ROOT;11010;24;11008;13;;;11016;24;11019;16;;;11013.0;0.0
yf_ZW=F_d9;55500;ASH_COATED_OSMIUM;9907;14;9903;23;;;9913;11;9916;24;;;9910.0;0.0
yf_ZW=F_d9;55500;INTARIAN_PEPPER_ROOT;11010;15;11006;20;;;11016;17;11019;16;;;11013.0;0.0
yf_ZW=F_d9;55600;ASH_COATED_OSMIUM;9907;9;9904;24;;;9913;22;9916;18;;;9910.0;0.0
yf_ZW=F_d9;55600;INTARIAN_PEPPER_ROOT;11010;10;11008;22;;;11020;11;11023;27;;;11015.0;0.0
yf_ZW=F_d9;55700;ASH_COATED_OSMIUM;9908;8;9905;21;;;9914;16;9917;8;;;9911.0;0.0
yf_ZW=F_d9;55700;INTARIAN_PEPPER_ROOT;11013;25;11009;19;;;11020;19;11024;26;;;11016.5;0.0
yf_ZW=F_d9;55800;ASH_COATED_OSMIUM;9907;14;9903;12;;;9913;22;9915;25;;;9910.0;0.0
yf_ZW=F_d9;55800;INTARIAN_PEPPER_ROOT;11009;16;11006;13;;;11024;14;11027;23;;;11016.5;0.0
yf_ZW=F_d9;55900;ASH_COATED_OSMIUM;9908;17;9905;22;;;9914;21;9918;18;;;9911.0;0.0
yf_ZW=F_d9;55900;INTARIAN_PEPPER_ROOT;11015;16;11013;18;;;11021;5;11025;26;;;11018.0;0.0
yf_ZW=F_d9;56000;ASH_COATED_OSMIUM;9908;16;9905;22;;;9914;11;9917;20;;;9911.0;0.0
yf_ZW=F_d9;56000;INTARIAN_PEPPER_ROOT;11009;15;11005;22;;;11028;10;11030;20;;;11018.5;0.0
yf_ZW=F_d9;56100;ASH_COATED_OSMIUM;9902;13;9900;20;;;9920;13;9922;19;;;9911.0;0.0
yf_ZW=F_d9;56100;INTARIAN_PEPPER_ROOT;11014;18;11012;27;;;11024;12;11026;22;;;11019.0;0.0
yf_ZW=F_d9;56200;ASH_COATED_OSMIUM;9908;5;9906;31;;;9914;21;9918;20;;;9911.0;0.0
yf_ZW=F_d9;56200;INTARIAN_PEPPER_ROOT;11018;18;11015;21;;;11024;14;11026;20;;;11021.0;0.0
yf_ZW=F_d9;56300;ASH_COATED_OSMIUM;9907;17;9903;11;;;9915;5;9918;15;;;9911.0;0.0
yf_ZW=F_d9;56300;INTARIAN_PEPPER_ROOT;11019;14;11015;21;;;11025;23;11029;20;;;11022.0;0.0
yf_ZW=F_d9;56400;ASH_COATED_OSMIUM;9906;14;9902;21;;;9918;17;9922;20;;;9912.0;0.0
yf_ZW=F_d9;56400;INTARIAN_PEPPER_ROOT;11020;9;11018;21;;;11027;9;11030;15;;;11023.5;0.0
yf_ZW=F_d9;56500;ASH_COATED_OSMIUM;9909;10;9907;20;;;9915;13;9919;19;;;9912.0;0.0
yf_ZW=F_d9;56500;INTARIAN_PEPPER_ROOT;11021;22;11018;14;;;11027;14;11029;28;;;11024.0;0.0
yf_ZW=F_d9;56600;ASH_COATED_OSMIUM;9910;10;9908;12;;;9916;24;9919;22;;;9913.0;0.0
yf_ZW=F_d9;56600;INTARIAN_PEPPER_ROOT;11022;16;11018;29;;;11028;5;11031;21;;;11025.0;0.0
yf_ZW=F_d9;56700;ASH_COATED_OSMIUM;9910;17;9908;15;;;9916;10;9920;16;;;9913.0;0.0
yf_ZW=F_d9;56700;INTARIAN_PEPPER_ROOT;11023;5;11020;25;;;11029;21;11033;27;;;11026.0;0.0
yf_ZW=F_d9;56800;ASH_COATED_OSMIUM;9907;17;9904;26;;;9919;14;9921;24;;;9913.0;0.0
yf_ZW=F_d9;56800;INTARIAN_PEPPER_ROOT;11021;18;11017;30;;;11032;18;11035;17;;;11026.5;0.0
yf_ZW=F_d9;56900;ASH_COATED_OSMIUM;9909;13;9906;20;;;9918;17;9921;20;;;9913.5;0.0
yf_ZW=F_d9;56900;INTARIAN_PEPPER_ROOT;11021;17;11018;11;;;11034;15;11037;9;;;11027.5;0.0
yf_ZW=F_d9;57000;ASH_COATED_OSMIUM;9910;18;9907;24;;;9916;10;9920;18;;;9913.0;0.0
yf_ZW=F_d9;57000;INTARIAN_PEPPER_ROOT;11026;16;11022;22;;;11032;14;11035;14;;;11029.0;0.0
yf_ZW=F_d9;57100;ASH_COATED_OSMIUM;9899;18;9897;23;;;9928;10;9932;13;;;9913.5;0.0
yf_ZW=F_d9;57100;INTARIAN_PEPPER_ROOT;11021;13;11017;20;;;11038;16;11040;20;;;11029.5;0.0
yf_ZW=F_d9;57200;ASH_COATED_OSMIUM;9905;15;9901;15;;;9921;15;9925;19;;;9913.0;0.0
yf_ZW=F_d9;57200;INTARIAN_PEPPER_ROOT;11025;22;11021;23;;;11035;17;11038;19;;;11030.0;0.0
yf_ZW=F_d9;57300;ASH_COATED_OSMIUM;9904;15;9900;22;;;9923;13;9926;13;;;9913.5;0.0
yf_ZW=F_d9;57300;INTARIAN_PEPPER_ROOT;11026;16;11024;28;;;11036;11;11040;24;;;11031.0;0.0
yf_ZW=F_d9;57400;ASH_COATED_OSMIUM;9911;11;9907;25;;;9917;22;9920;22;;;9914.0;0.0
yf_ZW=F_d9;57400;INTARIAN_PEPPER_ROOT;11028;22;11026;18;;;11037;16;11039;22;;;11032.5;0.0
yf_ZW=F_d9;57500;ASH_COATED_OSMIUM;9903;15;9901;14;;;9925;16;9928;21;;;9914.0;0.0
yf_ZW=F_d9;57500;INTARIAN_PEPPER_ROOT;11031;5;11028;24;;;11037;16;11040;20;;;11034.0;0.0
yf_ZW=F_d9;57600;ASH_COATED_OSMIUM;9909;10;9906;15;;;9919;21;9923;22;;;9914.0;0.0
yf_ZW=F_d9;57600;INTARIAN_PEPPER_ROOT;11031;15;11028;25;;;11037;7;11039;15;;;11034.0;0.0
yf_ZW=F_d9;57700;ASH_COATED_OSMIUM;9910;17;9908;18;;;9920;9;9923;17;;;9915.0;0.0
yf_ZW=F_d9;57700;INTARIAN_PEPPER_ROOT;11033;17;11029;16;;;11039;5;11043;23;;;11036.0;0.0
yf_ZW=F_d9;57800;ASH_COATED_OSMIUM;9909;13;9907;16;;;9922;18;9926;22;;;9915.5;0.0
yf_ZW=F_d9;57800;INTARIAN_PEPPER_ROOT;11031;12;11029;26;;;11041;6;11045;26;;;11036.0;0.0
yf_ZW=F_d9;57900;ASH_COATED_OSMIUM;9913;15;9911;22;;;9919;16;9921;24;;;9916.0;0.0
yf_ZW=F_d9;57900;INTARIAN_PEPPER_ROOT;11031;21;11028;23;;;11042;19;11044;23;;;11036.5;0.0
yf_ZW=F_d9;58000;ASH_COATED_OSMIUM;9909;6;9907;21;;;9921;16;9923;20;;;9915.0;0.0
yf_ZW=F_d9;58000;INTARIAN_PEPPER_ROOT;11035;11;11033;19;;;11041;15;11043;16;;;11038.0;0.0
yf_ZW=F_d9;58100;ASH_COATED_OSMIUM;9907;20;9903;16;;;9923;11;9925;14;;;9915.0;0.0
yf_ZW=F_d9;58100;INTARIAN_PEPPER_ROOT;11036;18;11034;21;;;11042;6;11046;24;;;11039.0;0.0
yf_ZW=F_d9;58200;ASH_COATED_OSMIUM;9913;14;9909;32;;;9919;14;9923;23;;;9916.0;0.0
yf_ZW=F_d9;58200;INTARIAN_PEPPER_ROOT;11033;18;11029;21;;;11047;12;11050;24;;;11040.0;0.0
yf_ZW=F_d9;58300;ASH_COATED_OSMIUM;9911;23;9909;19;;;9920;11;9922;13;;;9915.5;0.0
yf_ZW=F_d9;58300;INTARIAN_PEPPER_ROOT;11039;10;11036;24;;;11045;19;11048;14;;;11042.0;0.0
