day;timestamp;product;bid_price_1;bid_volume_1;bid_price_2;bid_volume_2;bid_price_3;bid_volume_3;ask_price_1;ask_volume_1;ask_price_2;ask_volume_2;ask_price_3;ask_volume_3;mid_price;profit_and_loss
yf_MKC_d14;0;ASH_COATED_OSMIUM;9897;13;9894;19;;;9903;13;9907;16;;;9900.0;0.0
yf_MKC_d14;0;INTARIAN_PEPPER_ROOT;12255;24;12251;15;;;12288;16;12290;30;;;12271.5;0.0
yf_MKC_d14;100;ASH_COATED_OSMIUM;9897;11;9894;20;;;9903;17;9905;14;;;9900.0;0.0
yf_MKC_d14;100;INTARIAN_PEPPER_ROOT;12268;8;12266;22;;;12274;12;12278;18;;;12271.0;0.0
yf_MKC_d14;200;ASH_COATED_OSMIUM;9896;16;9894;22;;;9902;16;9906;24;;;9899.0;0.0
yf_MKC_d14;200;INTARIAN_PEPPER_ROOT;12268;18;12265;23;;;12274;13;12278;14;;;12271.0;0.0
yf_MKC_d14;300;ASH_COATED_OSMIUM;9895;14;9892;20;;;9905;13;9908;20;;;9900.0;0.0
yf_MKC_d14;300;INTARIAN_PEPPER_ROOT;12268;13;12266;13;;;12274;11;12276;18;;;12271.0;0.0
yf_MKC_d14;400;ASH_COATED_OSMIUM;9893;14;9890;25;;;9907;15;9909;18;;;9900.0;0.0
yf_MKC_d14;400;INTARIAN_PEPPER_ROOT;12268;23;12264;24;;;12274;16;12277;24;;;12271.0;0.0
yf_MKC_d14;500;ASH_COATED_OSMIUM;9897;15;9894;23;;;9903;23;9905;17;;;9900.0;0.0
yf_MKC_d14;500;INTARIAN_PEPPER_ROOT;12267;7;12265;23;;;12273;11;12277;21;;;12270.0;0.0
yf_MKC_d14;600;ASH_COATED_OSMIUM;9897;8;9893;16;;;9903;11;9906;14;;;9900.0;0.0
yf_MKC_d14;600;INTARIAN_PEPPER_ROOT;12267;14;12264;20;;;12273;21;12275;19;;;12270.0;0.0
yf_MKC_d14;700;ASH_COATED_OSMIUM;9897;12;9893;24;;;9903;5;9905;17;;;9900.0;0.0
yf_MKC_d14;700;INTARIAN_PEPPER_ROOT;12267;16;12263;17;;;12273;11;12277;22;;;12270.0;0.0
yf_MKC_d14;800;ASH_COATED_OSMIUM;9897;9;9894;20;;;9903;5;9907;21;;;9900.0;0.0
yf_MKC_d14;800;INTARIAN_PEPPER_ROOT;12266;14;12262;16;;;12272;11;12276;19;;;12269.0;0.0
yf_MKC_d14;900;ASH_COATED_OSMIUM;9896;7;9893;21;;;9904;14;9906;29;;;9900.0;0.0
yf_MKC_d14;900;INTARIAN_PEPPER_ROOT;12266;9;12262;27;;;12272;18;12275;19;;;12269.0;0.0
yf_MKC_d14;1000;ASH_COATED_OSMIUM;9893;5;9889;32;;;9906;14;9910;18;;;9899.5;0.0
yf_MKC_d14;1000;INTARIAN_PEPPER_ROOT;12266;11;12262;14;;;12272;19;12275;17;;;12269.0;0.0
yf_MKC_d14;1100;ASH_COATED_OSMIUM;9897;15;9893;25;;;9903;17;9905;18;;;9900.0;0.0
yf_MKC_d14;1100;INTARIAN_PEPPER_ROOT;12266;22;12262;24;;;12272;12;12276;19;;;12269.0;0.0
yf_MKC_d14;1200;ASH_COATED_OSMIUM;9897;9;9895;22;;;9903;20;9905;9;;;9900.0;0.0
yf_MKC_d14;1200;INTARIAN_PEPPER_ROOT;12266;13;12263;19;;;12272;30;12276;31;;;12269.0;0.0
yf_MKC_d14;1300;ASH_COATED_OSMIUM;9897;15;9893;19;;;9903;6;9905;14;;;9900.0;0.0
yf_MKC_d14;1300;INTARIAN_PEPPER_ROOT;12265;17;12263;25;;;12271;14;12275;9;;;12268.0;0.0
yf_MKC_d14;1400;ASH_COATED_OSMIUM;9892;21;9890;18;;;9907;18;9910;22;;;9899.5;0.0
yf_MKC_d14;1400;INTARIAN_PEPPER_ROOT;12264;23;12261;17;;;12272;19;12274;21;;;12268.0;0.0
yf_MKC_d14;1500;ASH_COATED_OSMIUM;9896;10;9892;22;;;9905;11;9909;16;;;9900.5;0.0
yf_MKC_d14;1500;INTARIAN_PEPPER_ROOT;12259;16;12256;24;;;12275;14;12277;18;;;12267.0;0.0
yf_MKC_d14;1600;ASH_COATED_OSMIUM;9891;21;9888;24;;;9909;19;9912;20;;;9900.0;0.0
yf_MKC_d14;1600;INTARIAN_PEPPER_ROOT;12265;10;12263;15;;;12271;16;12275;9;;;12268.0;0.0
yf_MKC_d14;1700;ASH_COATED_OSMIUM;9888;24;9884;10;;;9912;10;9915;20;;;9900.0;0.0
yf_MKC_d14;1700;INTARIAN_PEPPER_ROOT;12264;10;12260;22;;;12270;8;12273;18;;;12267.0;0.0
yf_MKC_d14;1800;ASH_COATED_OSMIUM;9896;13;9894;19;;;9903;16;9906;17;;;9899.5;0.0
yf_MKC_d14;1800;INTARIAN_PEPPER_ROOT;12258;11;12256;28;;;12277;6;12280;16;;;12267.5;0.0
yf_MKC_d14;1900;ASH_COATED_OSMIUM;9896;8;9893;19;;;9904;11;9906;10;;;9900.0;0.0
yf_MKC_d14;1900;INTARIAN_PEPPER_ROOT;12263;7;12259;22;;;12271;20;12275;21;;;12267.0;0.0
yf_MKC_d14;2000;ASH_COATED_OSMIUM;9886;5;9883;18;;;9914;21;9917;25;;;9900.0;0.0
yf_MKC_d14;2000;INTARIAN_PEPPER_ROOT;12264;16;12261;23;;;12270;11;12272;22;;;12267.0;0.0
yf_MKC_d14;2100;ASH_COATED_OSMIUM;9897;18;9893;18;;;9903;13;9906;20;;;9900.0;0.0
yf_MKC_d14;2100;INTARIAN_PEPPER_ROOT;12263;25;12260;24;;;12269;29;12271;17;;;12266.0;0.0
yf_MKC_d14;2200;ASH_COATED_OSMIUM;9897;12;9894;19;;;9903;17;9907;25;;;9900.0;0.0
yf_MKC_d14;2200;INTARIAN_PEPPER_ROOT;12263;9;12260;11;;;12269;30;12271;22;;;12266.0;0.0
yf_MKC_d14;2300;ASH_COATED_OSMIUM;9897;18;9895;15;;;9903;20;9905;27;;;9900.0;0.0
yf_MKC_d14;2300;INTARIAN_PEPPER_ROOT;12263;16;12260;18;;;12269;12;12273;22;;;12266.0;0.0
yf_MKC_d14;2400;ASH_COATED_OSMIUM;9897;15;9893;21;;;9903;14;9905;21;;;9900.0;0.0
yf_MKC_d14;2400;INTARIAN_PEPPER_ROOT;12263;5;12260;11;;;12269;12;12273;16;;;12266.0;0.0
yf_MKC_d14;2500;ASH_COATED_OSMIUM;9897;19;9893;25;;;9903;16;9906;15;;;9900.0;0.0
yf_MKC_d14;2500;INTARIAN_PEPPER_ROOT;12263;16;12261;18;;;12269;7;12272;23;;;12266.0;0.0
yf_MKC_d14;2600;ASH_COATED_OSMIUM;9896;15;9893;17;;;9902;16;9904;26;;;9899.0;0.0
yf_MKC_d14;2600;INTARIAN_PEPPER_ROOT;12261;29;12259;20;;;12269;13;12272;19;;;12265.0;0.0
yf_MKC_d14;2700;ASH_COATED_OSMIUM;9896;19;9893;19;;;9902;13;9905;15;;;9899.0;0.0
yf_MKC_d14;2700;INTARIAN_PEPPER_ROOT;12262;13;12259;18;;;12268;16;12271;23;;;12265.0;0.0
yf_MKC_d14;2800;ASH_COATED_OSMIUM;9897;10;9894;24;;;9903;13;9907;21;;;9900.0;0.0
yf_MKC_d14;2800;INTARIAN_PEPPER_ROOT;12262;17;12259;14;;;12268;10;12271;16;;;12265.0;0.0
yf_MKC_d14;2900;ASH_COATED_OSMIUM;9897;17;9893;22;;;9903;16;9905;18;;;9900.0;0.0
yf_MKC_d14;2900;INTARIAN_PEPPER_ROOT;12258;17;12254;24;;;12271;7;12273;17;;;12264.5;0.0
yf_MKC_d14;3000;ASH_COATED_OSMIUM;9897;13;9894;16;;;9903;17;9905;21;;;9900.0;0.0
yf_MKC_d14;3000;INTARIAN_PEPPER_ROOT;12260;9;12258;22;;;12268;17;12272;25;;;12264.0;0.0
yf_MKC_d14;3100;ASH_COATED_OSMIUM;9896;10;9894;26;;;9902;19;9906;19;;;9899.0;0.0
yf_MKC_d14;3100;INTARIAN_PEPPER_ROOT;12261;20;12259;14;;;12267;13;12271;10;;;12264.0;0.0
yf_MKC_d14;3200;ASH_COATED_OSMIUM;9896;11;9894;26;;;9904;16;9908;17;;;9900.0;0.0
yf_MKC_d14;3200;INTARIAN_PEPPER_ROOT;12258;16;12256;23;;;12269;10;12272;20;;;12263.5;0.0
yf_MKC_d14;3300;ASH_COATED_OSMIUM;9897;19;9895;16;;;9903;13;9905;11;;;9900.0;0.0
yf_MKC_d14;3300;INTARIAN_PEPPER_ROOT;12261;14;12259;21;;;12267;13;12269;12;;;12264.0;0.0
yf_MKC_d14;3400;ASH_COATED_OSMIUM;9895;14;9891;21;;;9905;18;9907;27;;;9900.0;0.0
yf_MKC_d14;3400;INTARIAN_PEPPER_ROOT;12260;27;12258;21;;;12266;14;12270;18;;;12263.0;0.0
yf_MKC_d14;3500;ASH_COATED_OSMIUM;9889;20;9887;26;;;9912;22;9914;22;;;9900.5;0.0
yf_MKC_d14;3500;INTARIAN_PEPPER_ROOT;12260;15;12256;19;;;12266;9;12268;24;;;12263.0;0.0
yf_MKC_d14;3600;ASH_COATED_OSMIUM;9894;9;9891;10;;;9905;17;9909;23;;;9899.5;0.0
yf_MKC_d14;3600;INTARIAN_PEPPER_ROOT;12259;9;12257;25;;;12268;15;12271;24;;;12263.5;0.0
yf_MKC_d14;3700;ASH_COATED_OSMIUM;9896;8;9893;25;;;9902;8;9904;21;;;9899.0;0.0
yf_MKC_d14;3700;INTARIAN_PEPPER_ROOT;12254;13;12252;25;;;12273;11;12277;25;;;12263.5;0.0
yf_MKC_d14;3800;ASH_COATED_OSMIUM;9896;16;9892;16;;;9904;13;9907;20;;;9900.0;0.0
yf_MKC_d14;3800;INTARIAN_PEPPER_ROOT;12260;10;12258;19;;;12266;24;12268;27;;;12263.0;0.0
yf_MKC_d14;3900;ASH_COATED_OSMIUM;9897;14;9895;21;;;9903;13;9905;25;;;9900.0;0.0
yf_MKC_d14;3900;INTARIAN_PEPPER_ROOT;12259;20;12256;12;;;12265;11;12267;10;;;12262.0;0.0
yf_MKC_d14;4000;ASH_COATED_OSMIUM;9897;9;9894;19;;;9903;18;9905;26;;;9900.0;0.0
yf_MKC_d14;4000;INTARIAN_PEPPER_ROOT;12259;5;12256;17;;;12265;18;12268;31;;;12262.0;0.0
yf_MKC_d14;4100;ASH_COATED_OSMIUM;9897;9;9895;19;;;9903;11;9906;23;;;9900.0;0.0
yf_MKC_d14;4100;INTARIAN_PEPPER_ROOT;12259;23;12256;11;;;12265;9;12269;21;;;12262.0;0.0
yf_MKC_d14;4200;ASH_COATED_OSMIUM;9891;8;9888;24;;;9909;11;9912;26;;;9900.0;0.0
yf_MKC_d14;4200;INTARIAN_PEPPER_ROOT;12259;5;12257;28;;;12265;7;12268;27;;;12262.0;0.0
yf_MKC_d14;4300;ASH_COATED_OSMIUM;9896;12;9894;20;;;9903;8;9906;11;;;9899.5;0.0
yf_MKC_d14;4300;INTARIAN_PEPPER_ROOT;12258;12;12255;12;;;12264;24;12268;22;;;12261.0;0.0
yf_MKC_d14;4400;ASH_COATED_OSMIUM;9897;14;9895;13;;;9904;16;9908;25;;;9900.5;0.0
yf_MKC_d14;4400;INTARIAN_PEPPER_ROOT;12255;6;12251;25;;;12267;5;12269;24;;;12261.0;0.0
yf_MKC_d14;4500;ASH_COATED_OSMIUM;9896;18;9892;14;;;9902;20;9906;21;;;9899.0;0.0
yf_MKC_d14;4500;INTARIAN_PEPPER_ROOT;12258;18;12255;13;;;12264;13;12266;16;;;12261.0;0.0
yf_MKC_d14;4600;ASH_COATED_OSMIUM;9897;17;9894;13;;;9903;15;9905;16;;;9900.0;0.0
yf_MKC_d14;4600;INTARIAN_PEPPER_ROOT;12254;15;12252;13;;;12267;7;12269;22;;;12260.5;0.0
yf_MKC_d14;4700;ASH_COATED_OSMIUM;9897;15;9895;16;;;9903;17;9905;19;;;9900.0;0.0
yf_MKC_d14;4700;INTARIAN_PEPPER_ROOT;12257;15;12255;19;;;12263;12;12267;16;;;12260.0;0.0
yf_MKC_d14;4800;ASH_COATED_OSMIUM;9895;9;9891;17;;;9904;14;9908;19;;;9899.5;0.0
yf_MKC_d14;4800;INTARIAN_PEPPER_ROOT;12252;23;12248;26;;;12269;7;12271;13;;;12260.5;0.0
yf_MKC_d14;4900;ASH_COATED_OSMIUM;9893;19;9890;16;;;9906;20;9908;18;;;9899.5;0.0
yf_MKC_d14;4900;INTARIAN_PEPPER_ROOT;12255;16;12253;27;;;12265;12;12269;21;;;12260.0;0.0
yf_MKC_d14;5000;ASH_COATED_OSMIUM;9894;9;9890;26;;;9906;22;9908;21;;;9900.0;0.0
yf_MKC_d14;5000;INTARIAN_PEPPER_ROOT;12255;20;12252;19;;;12263;13;12266;14;;;12259.0;0.0
yf_MKC_d14;5100;ASH_COATED_OSMIUM;9897;12;9894;20;;;9904;22;9906;21;;;9900.5;0.0
yf_MKC_d14;5100;INTARIAN_PEPPER_ROOT;12253;10;12251;26;;;12265;12;12269;20;;;12259.0;0.0
yf_MKC_d14;5200;ASH_COATED_OSMIUM;9897;30;9895;10;;;9903;23;9907;8;;;9900.0;0.0
yf_MKC_d14;5200;INTARIAN_PEPPER_ROOT;12255;12;12251;17;;;12264;20;12268;24;;;12259.5;0.0
yf_MKC_d14;5300;ASH_COATED_OSMIUM;9897;8;9893;17;;;9903;5;9905;19;;;9900.0;0.0
yf_MKC_d14;5300;INTARIAN_PEPPER_ROOT;12256;11;12254;29;;;12262;19;12264;22;;;12259.0;0.0
yf_MKC_d14;5400;ASH_COATED_OSMIUM;9896;15;9894;23;;;9903;16;9905;24;;;9899.5;0.0
yf_MKC_d14;5400;INTARIAN_PEPPER_ROOT;12256;18;12253;24;;;12263;16;12265;18;;;12259.5;0.0
yf_MKC_d14;5500;ASH_COATED_OSMIUM;9897;17;9893;19;;;9903;20;9907;20;;;9900.0;0.0
yf_MKC_d14;5500;INTARIAN_PEPPER_ROOT;12255;18;12251;16;;;12261;17;12263;12;;;12258.0;0.0
yf_MKC_d14;5600;ASH_COATED_OSMIUM;9897;15;9893;22;;;9903;18;9907;21;;;9900.0;0.0
yf_MKC_d14;5600;INTARIAN_PEPPER_ROOT;12255;15;12252;16;;;12261;15;12265;17;;;12258.0;0.0
yf_MKC_d14;5700;ASH_COATED_OSMIUM;9897;14;9894;16;;;9903;14;9906;22;;;9900.0;0.0
yf_MKC_d14;5700;INTARIAN_PEPPER_ROOT;12255;25;12253;12;;;12261;17;12263;24;;;12258.0;0.0
yf_MKC_d14;5800;ASH_COATED_OSMIUM;9897;14;9893;24;;;9903;16;9905;17;;;9900.0;0.0
yf_MKC_d14;5800;INTARIAN_PEPPER_ROOT;12246;15;12242;23;;;12270;23;12274;21;;;12258.0;0.0
yf_MKC_d14;5900;ASH_COATED_OSMIUM;9894;15;9891;25;;;9905;8;9908;13;;;9899.5;0.0
yf_MKC_d14;5900;INTARIAN_PEPPER_ROOT;12255;9;12252;27;;;12261;12;12263;20;;;12258.0;0.0
yf_MKC_d14;6000;ASH_COATED_OSMIUM;9895;11;9892;22;;;9904;16;9907;18;;;9899.5;0.0
yf_MKC_d14;6000;INTARIAN_PEPPER_ROOT;12255;20;12253;17;;;12261;18;12265;18;;;12258.0;0.0
yf_MKC_d14;6100;ASH_COATED_OSMIUM;9896;5;9893;14;;;9902;12;9906;16;;;9899.0;0.0
yf_MKC_d14;6100;INTARIAN_PEPPER_ROOT;12254;12;12251;20;;;12260;15;12263;14;;;12257.0;0.0
yf_MKC_d14;6200;ASH_COATED_OSMIUM;9894;12;9891;13;;;9906;20;9908;13;;;9900.0;0.0
yf_MKC_d14;6200;INTARIAN_PEPPER_ROOT;12254;14;12251;8;;;12260;6;12262;14;;;12257.0;0.0
yf_MKC_d14;6300;ASH_COATED_OSMIUM;9896;5;9894;21;;;9904;20;9907;21;;;9900.0;0.0
yf_MKC_d14;6300;INTARIAN_PEPPER_ROOT;12254;6;12251;20;;;12260;17;12264;17;;;12257.0;0.0
yf_MKC_d14;6400;ASH_COATED_OSMIUM;9897;11;9893;16;;;9903;12;9905;22;;;9900.0;0.0
yf_MKC_d14;6400;INTARIAN_PEPPER_ROOT;12254;18;12252;19;;;12260;11;12264;22;;;12257.0;0.0
yf_MKC_d14;6500;ASH_COATED_OSMIUM;9896;14;9892;21;;;9902;22;9904;28;;;9899.0;0.0
yf_MKC_d14;6500;INTARIAN_PEPPER_ROOT;12254;15;12250;17;;;12260;5;12264;15;;;12257.0;0.0
yf_MKC_d14;6600;ASH_COATED_OSMIUM;9896;12;9894;15;;;9904;9;9908;21;;;9900.0;0.0
yf_MKC_d14;6600;INTARIAN_PEPPER_ROOT;12253;16;12251;28;;;12259;21;12262;15;;;12256.0;0.0
yf_MKC_d14;6700;ASH_COATED_OSMIUM;9897;14;9894;15;;;9903;18;9906;20;;;9900.0;0.0
yf_MKC_d14;6700;INTARIAN_PEPPER_ROOT;12253;16;12251;14;;;12259;18;12262;18;;;12256.0;0.0
yf_MKC_d14;6800;ASH_COATED_OSMIUM;9891;15;9889;17;;;9909;10;9912;20;;;9900.0;0.0
yf_MKC_d14;6800;INTARIAN_PEPPER_ROOT;12245;14;12243;26;;;12267;20;12269;17;;;12256.0;0.0
yf_MKC_d14;6900;ASH_COATED_OSMIUM;9897;20;9893;19;;;9903;17;9907;24;;;9900.0;0.0
yf_MKC_d14;6900;INTARIAN_PEPPER_ROOT;12250;23;12248;26;;;12260;22;12262;18;;;12255.0;0.0
yf_MKC_d14;7000;ASH_COATED_OSMIUM;9896;17;9892;24;;;9902;17;9905;28;;;9899.0;0.0
yf_MKC_d14;7000;INTARIAN_PEPPER_ROOT;12248;10;12244;16;;;12262;18;12266;24;;;12255.0;0.0
yf_MKC_d14;7100;ASH_COATED_OSMIUM;9897;21;9895;23;;;9903;15;9906;18;;;9900.0;0.0
yf_MKC_d14;7100;INTARIAN_PEPPER_ROOT;12251;10;12248;22;;;12258;11;12262;27;;;12254.5;0.0
yf_MKC_d14;7200;ASH_COATED_OSMIUM;9895;9;9891;18;;;9904;17;9907;23;;;9899.5;0.0
yf_MKC_d14;7200;INTARIAN_PEPPER_ROOT;12252;20;12249;15;;;12258;18;12262;20;;;12255.0;0.0
yf_MKC_d14;7300;ASH_COATED_OSMIUM;9897;13;9893;21;;;9903;17;9905;19;;;9900.0;0.0
yf_MKC_d14;7300;INTARIAN_PEPPER_ROOT;12252;13;12250;24;;;12258;13;12260;12;;;12255.0;0.0
yf_MKC_d14;7400;ASH_COATED_OSMIUM;9897;19;9894;28;;;9903;18;9906;27;;;9900.0;0.0
yf_MKC_d14;7400;INTARIAN_PEPPER_ROOT;12249;13;12247;8;;;12261;8;12265;18;;;12255.0;0.0
yf_MKC_d14;7500;ASH_COATED_OSMIUM;9896;11;9892;20;;;9902;14;9905;22;;;9899.0;0.0
yf_MKC_d14;7500;INTARIAN_PEPPER_ROOT;12249;16;12247;11;;;12260;20;12262;25;;;12254.5;0.0
yf_MKC_d14;7600;ASH_COATED_OSMIUM;9889;19;9886;13;;;9910;13;9914;25;;;9899.5;0.0
yf_MKC_d14;7600;INTARIAN_PEPPER_ROOT;12250;8;12247;22;;;12256;17;12258;16;;;12253.0;0.0
yf_MKC_d14;7700;ASH_COATED_OSMIUM;9889;22;9885;18;;;9911;10;9914;20;;;9900.0;0.0
yf_MKC_d14;7700;INTARIAN_PEPPER_ROOT;12242;14;12240;10;;;12264;16;12267;22;;;12253.0;0.0
yf_MKC_d14;7800;ASH_COATED_OSMIUM;9897;24;9893;21;;;9903;24;9905;22;;;9900.0;0.0
yf_MKC_d14;7800;INTARIAN_PEPPER_ROOT;12250;12;12248;21;;;12256;11;12260;20;;;12253.0;0.0
yf_MKC_d14;7900;ASH_COATED_OSMIUM;9894;10;9890;17;;;9905;19;9908;21;;;9899.5;0.0
yf_MKC_d14;7900;INTARIAN_PEPPER_ROOT;12250;21;12246;19;;;12257;15;12259;13;;;12253.5;0.0
yf_MKC_d14;8000;ASH_COATED_OSMIUM;9896;5;9894;17;;;9902;14;9905;15;;;9899.0;0.0
yf_MKC_d14;8000;INTARIAN_PEPPER_ROOT;12249;17;12246;19;;;12255;16;12257;11;;;12252.0;0.0
yf_MKC_d14;8100;ASH_COATED_OSMIUM;9897;11;9895;24;;;9903;20;9906;27;;;9900.0;0.0
yf_MKC_d14;8100;INTARIAN_PEPPER_ROOT;12247;9;12244;14;;;12257;16;12260;27;;;12252.0;0.0
yf_MKC_d14;8200;ASH_COATED_OSMIUM;9897;12;9894;21;;;9903;16;9906;22;;;9900.0;0.0
yf_MKC_d14;8200;INTARIAN_PEPPER_ROOT;12248;18;12245;28;;;12255;14;12258;30;;;12251.5;0.0
yf_MKC_d14;8300;ASH_COATED_OSMIUM;9896;14;9892;9;;;9902;14;9906;14;;;9899.0;0.0
yf_MKC_d14;8300;INTARIAN_PEPPER_ROOT;12249;10;12245;20;;;12255;17;12259;21;;;12252.0;0.0
yf_MKC_d14;8400;ASH_COATED_OSMIUM;9896;10;9892;11;;;9902;14;9905;19;;;9899.0;0.0
yf_MKC_d14;8400;INTARIAN_PEPPER_ROOT;12249;15;12246;25;;;12255;17;12257;18;;;12252.0;0.0
yf_MKC_d14;8500;ASH_COATED_OSMIUM;9897;16;9894;18;;;9903;16;9906;22;;;9900.0;0.0
yf_MKC_d14;8500;INTARIAN_PEPPER_ROOT;12248;10;12244;17;;;12254;14;12257;20;;;12251.0;0.0
yf_MKC_d14;8600;ASH_COATED_OSMIUM;9897;8;9893;18;;;9903;7;9907;20;;;9900.0;0.0
yf_MKC_d14;8600;INTARIAN_PEPPER_ROOT;12247;10;12243;23;;;12255;9;12258;15;;;12251.0;0.0
yf_MKC_d14;8700;ASH_COATED_OSMIUM;9895;22;9893;13;;;9905;11;9908;19;;;9900.0;0.0
yf_MKC_d14;8700;INTARIAN_PEPPER_ROOT;12248;13;12244;8;;;12254;7;12258;26;;;12251.0;0.0
yf_MKC_d14;8800;ASH_COATED_OSMIUM;9896;13;9893;21;;;9902;15;9905;29;;;9899.0;0.0
yf_MKC_d14;8800;INTARIAN_PEPPER_ROOT;12248;24;12246;20;;;12254;17;12258;23;;;12251.0;0.0
yf_MKC_d14;8900;ASH_COATED_OSMIUM;9897;13;9893;16;;;9903;9;9905;10;;;9900.0;0.0
yf_MKC_d14;8900;INTARIAN_PEPPER_ROOT;12248;12;12245;25;;;12254;12;12258;16;;;12251.0;0.0
yf_MKC_d14;9000;ASH_COATED_OSMIUM;9897;12;9895;26;;;9903;11;9906;24;;;9900.0;0.0
yf_MKC_d14;9000;INTARIAN_PEPPER_ROOT;12232;16;12229;15;;;12269;21;12273;15;;;12250.5;0.0
yf_MKC_d14;9100;ASH_COATED_OSMIUM;9897;9;9894;15;;;9903;19;9906;19;;;9900.0;0.0
yf_MKC_d14;9100;INTARIAN_PEPPER_ROOT;12246;10;12242;27;;;12254;19;12256;21;;;12250.0;0.0
yf_MKC_d14;9200;ASH_COATED_OSMIUM;9897;24;9895;17;;;9903;11;9907;26;;;9900.0;0.0
yf_MKC_d14;9200;INTARIAN_PEPPER_ROOT;12247;19;12244;17;;;12253;17;12257;19;;;12250.0;0.0
yf_MKC_d14;9300;ASH_COATED_OSMIUM;9897;11;9894;16;;;9903;10;9907;28;;;9900.0;0.0
yf_MKC_d14;9300;INTARIAN_PEPPER_ROOT;12231;7;12229;19;;;12267;21;12271;24;;;12249.0;0.0
yf_MKC_d14;9400;ASH_COATED_OSMIUM;9891;16;9888;23;;;9909;13;9911;29;;;9900.0;0.0
yf_MKC_d14;9400;INTARIAN_PEPPER_ROOT;12244;5;12241;18;;;12254;22;12256;24;;;12249.0;0.0
yf_MKC_d14;9500;ASH_COATED_OSMIUM;9896;8;9892;24;;;9902;16;9904;22;;;9899.0;0.0
yf_MKC_d14;9500;INTARIAN_PEPPER_ROOT;12244;10;12240;16;;;12254;20;12256;23;;;12249.0;0.0
yf_MKC_d14;9600;ASH_COATED_OSMIUM;9896;7;9894;23;;;9902;11;9906;17;;;9899.0;0.0
yf_MKC_d14;9600;INTARIAN_PEPPER_ROOT;12246;10;12242;16;;;12252;14;12254;28;;;12249.0;0.0
yf_MKC_d14;9700;ASH_COATED_OSMIUM;9896;20;9892;12;;;9902;20;9905;18;;;9899.0;0.0
yf_MKC_d14;9700;INTARIAN_PEPPER_ROOT;12246;17;12242;17;;;12252;16;12254;15;;;12249.0;0.0
yf_MKC_d14;9800;ASH_COATED_OSMIUM;9897;15;9893;15;;;9903;13;9906;13;;;9900.0;0.0
yf_MKC_d14;9800;INTARIAN_PEPPER_ROOT;12246;17;12244;23;;;12252;14;12254;32;;;12249.0;0.0
yf_MKC_d14;9900;ASH_COATED_OSMIUM;9886;12;9882;15;;;9915;5;9919;25;;;9900.5;0.0
yf_MKC_d14;9900;INTARIAN_PEPPER_ROOT;12241;9;12237;24;;;12256;27;12258;23;;;12248.5;0.0
yf_MKC_d14;10000;ASH_COATED_OSMIUM;9896;23;9892;23;;;9902;11;9905;16;;;9899.0;0.0
yf_MKC_d14;10000;INTARIAN_PEPPER_ROOT;12236;10;12232;10;;;12259;19;12261;23;;;12247.5;0.0
yf_MKC_d14;10100;ASH_COATED_OSMIUM;9897;16;9895;19;;;9903;16;9906;32;;;9900.0;0.0
yf_MKC_d14;10100;INTARIAN_PEPPER_ROOT;12242;15;12239;18;;;12253;10;12257;22;;;12247.5;0.0
yf_MKC_d14;10200;ASH_COATED_OSMIUM;9893;7;9891;18;;;9906;14;9909;26;;;9899.5;0.0
yf_MKC_d14;10200;INTARIAN_PEPPER_ROOT;12245;15;12242;20;;;12251;17;12253;22;;;12248.0;0.0
yf_MKC_d14;10300;ASH_COATED_OSMIUM;9896;14;9894;15;;;9903;18;9906;24;;;9899.5;0.0
yf_MKC_d14;10300;INTARIAN_PEPPER_ROOT;12240;14;12237;21;;;12255;19;12258;21;;;12247.5;0.0
yf_MKC_d14;10400;ASH_COATED_OSMIUM;9897;12;9894;23;;;9903;17;9906;16;;;9900.0;0.0
yf_MKC_d14;10400;INTARIAN_PEPPER_ROOT;12243;10;12239;18;;;12249;22;12253;14;;;12246.0;0.0
yf_MKC_d14;10500;ASH_COATED_OSMIUM;9897;15;9893;20;;;9903;17;9906;8;;;9900.0;0.0
yf_MKC_d14;10500;INTARIAN_PEPPER_ROOT;12234;11;12231;13;;;12260;17;12262;16;;;12247.0;0.0
yf_MKC_d14;10600;ASH_COATED_OSMIUM;9896;12;9894;13;;;9904;19;9906;11;;;9900.0;0.0
yf_MKC_d14;10600;INTARIAN_PEPPER_ROOT;12244;12;12242;23;;;12250;19;12252;23;;;12247.0;0.0
yf_MKC_d14;10700;ASH_COATED_OSMIUM;9897;18;9893;22;;;9903;8;9905;17;;;9900.0;0.0
yf_MKC_d14;10700;INTARIAN_PEPPER_ROOT;12242;16;12238;20;;;12249;19;12251;25;;;12245.5;0.0
yf_MKC_d14;10800;ASH_COATED_OSMIUM;9897;6;9894;16;;;9903;11;9906;31;;;9900.0;0.0
yf_MKC_d14;10800;INTARIAN_PEPPER_ROOT;12243;14;12240;17;;;12249;19;12252;19;;;12246.0;0.0
yf_MKC_d14;10900;ASH_COATED_OSMIUM;9895;19;9891;26;;;9905;21;9907;24;;;9900.0;0.0
yf_MKC_d14;10900;INTARIAN_PEPPER_ROOT;12243;11;12241;23;;;12249;11;12253;23;;;12246.0;0.0
yf_MKC_d14;11000;ASH_COATED_OSMIUM;9889;15;9886;13;;;9910;17;9912;18;;;9899.5;0.0
yf_MKC_d14;11000;INTARIAN_PEPPER_ROOT;12242;15;12238;16;;;12249;18;12253;19;;;12245.5;0.0
yf_MKC_d14;11100;ASH_COATED_OSMIUM;9897;15;9895;17;;;9903;14;9906;18;;;9900.0;0.0
yf_MKC_d14;11100;INTARIAN_PEPPER_ROOT;12242;15;12239;22;;;12248;14;12251;8;;;12245.0;0.0
yf_MKC_d14;11200;ASH_COATED_OSMIUM;9890;8;9886;19;;;9910;10;9914;18;;;9900.0;0.0
yf_MKC_d14;11200;INTARIAN_PEPPER_ROOT;12242;16;12240;11;;;12248;16;12250;29;;;12245.0;0.0
yf_MKC_d14;11300;ASH_COATED_OSMIUM;9896;14;9894;19;;;9902;24;9905;25;;;9899.0;0.0
yf_MKC_d14;11300;INTARIAN_PEPPER_ROOT;12242;10;12240;20;;;12248;21;12252;26;;;12245.0;0.0
yf_MKC_d14;11400;ASH_COATED_OSMIUM;9894;15;9890;20;;;9906;22;9910;33;;;9900.0;0.0
yf_MKC_d14;11400;INTARIAN_PEPPER_ROOT;12242;13;12238;25;;;12248;21;12250;22;;;12245.0;0.0
yf_MKC_d14;11500;ASH_COATED_OSMIUM;9896;16;9894;15;;;9902;13;9905;22;;;9899.0;0.0
yf_MKC_d14;11500;INTARIAN_PEPPER_ROOT;12238;23;12236;10;;;12251;17;12254;25;;;12244.5;0.0
yf_MKC_d14;11600;ASH_COATED_OSMIUM;9888;15;9885;24;;;9911;24;9915;23;;;9899.5;0.0
yf_MKC_d14;11600;INTARIAN_PEPPER_ROOT;12239;14;12236;18;;;12250;5;12252;24;;;12244.5;0.0
yf_MKC_d14;11700;ASH_COATED_OSMIUM;9897;13;9895;23;;;9904;21;9907;13;;;9900.5;0.0
yf_MKC_d14;11700;INTARIAN_PEPPER_ROOT;12241;18;12238;23;;;12247;17;12249;16;;;12244.0;0.0
yf_MKC_d14;11800;ASH_COATED_OSMIUM;9897;11;9895;17;;;9903;10;9905;19;;;9900.0;0.0
yf_MKC_d14;11800;INTARIAN_PEPPER_ROOT;12228;25;12225;14;;;12259;16;12262;14;;;12243.5;0.0
yf_MKC_d14;11900;ASH_COATED_OSMIUM;9894;18;9891;16;;;9904;11;9907;15;;;9899.0;0.0
yf_MKC_d14;11900;INTARIAN_PEPPER_ROOT;12240;10;12236;21;;;12246;7;12249;9;;;12243.0;0.0
yf_MKC_d14;12000;ASH_COATED_OSMIUM;9892;12;9888;14;;;9907;19;9910;22;;;9899.5;0.0
yf_MKC_d14;12000;INTARIAN_PEPPER_ROOT;12236;23;12233;17;;;12252;12;12254;26;;;12244.0;0.0
yf_MKC_d14;12100;ASH_COATED_OSMIUM;9890;13;9886;18;;;9910;15;9913;22;;;9900.0;0.0
yf_MKC_d14;12100;INTARIAN_PEPPER_ROOT;12236;17;12232;20;;;12251;9;12253;27;;;12243.5;0.0
yf_MKC_d14;12200;ASH_COATED_OSMIUM;9897;19;9894;20;;;9903;19;9907;22;;;9900.0;0.0
yf_MKC_d14;12200;INTARIAN_PEPPER_ROOT;12239;13;12235;16;;;12248;12;12251;18;;;12243.5;0.0
yf_MKC_d14;12300;ASH_COATED_OSMIUM;9897;12;9895;24;;;9903;16;9906;14;;;9900.0;0.0
yf_MKC_d14;12300;INTARIAN_PEPPER_ROOT;12235;10;12232;24;;;12250;14;12253;24;;;12242.5;0.0
yf_MKC_d14;12400;ASH_COATED_OSMIUM;9897;14;9893;17;;;9903;20;9906;16;;;9900.0;0.0
yf_MKC_d14;12400;INTARIAN_PEPPER_ROOT;12238;17;12236;19;;;12246;19;12249;21;;;12242.0;0.0
yf_MKC_d14;12500;ASH_COATED_OSMIUM;9883;15;9881;19;;;9916;20;9920;14;;;9899.5;0.0
yf_MKC_d14;12500;INTARIAN_PEPPER_ROOT;12237;20;12234;13;;;12247;6;12250;21;;;12242.0;0.0
yf_MKC_d14;12600;ASH_COATED_OSMIUM;9895;17;9892;24;;;9905;13;9907;25;;;9900.0;0.0
yf_MKC_d14;12600;INTARIAN_PEPPER_ROOT;12237;13;12234;18;;;12249;6;12251;15;;;12243.0;0.0
yf_MKC_d14;12700;ASH_COATED_OSMIUM;9894;13;9890;23;;;9905;21;9908;22;;;9899.5;0.0
yf_MKC_d14;12700;INTARIAN_PEPPER_ROOT;12237;6;12235;23;;;12246;8;12250;19;;;12241.5;0.0
yf_MKC_d14;12800;ASH_COATED_OSMIUM;9896;10;9893;22;;;9902;26;9904;17;;;9899.0;0.0
yf_MKC_d14;12800;INTARIAN_PEPPER_ROOT;12238;7;12234;21;;;12244;15;12246;21;;;12241.0;0.0
yf_MKC_d14;12900;ASH_COATED_OSMIUM;9897;8;9893;29;;;9903;19;9905;23;;;9900.0;0.0
yf_MKC_d14;12900;INTARIAN_PEPPER_ROOT;12233;11;12229;20;;;12249;23;12252;18;;;12241.0;0.0
yf_MKC_d14;13000;ASH_COATED_OSMIUM;9888;14;9884;20;;;9912;15;9914;21;;;9900.0;0.0
yf_MKC_d14;13000;INTARIAN_PEPPER_ROOT;12238;21;12234;15;;;12244;8;12246;26;;;12241.0;0.0
yf_MKC_d14;13100;ASH_COATED_OSMIUM;9897;8;9893;19;;;9903;16;9905;22;;;9900.0;0.0
yf_MKC_d14;13100;INTARIAN_PEPPER_ROOT;12238;24;12236;22;;;12245;15;12247;22;;;12241.5;0.0
yf_MKC_d14;13200;ASH_COATED_OSMIUM;9883;9;9880;23;;;9915;15;9917;15;;;9899.0;0.0
yf_MKC_d14;13200;INTARIAN_PEPPER_ROOT;12238;16;12234;17;;;12244;15;12246;24;;;12241.0;0.0
yf_MKC_d14;13300;ASH_COATED_OSMIUM;9896;18;9894;23;;;9902;18;9906;18;;;9899.0;0.0
yf_MKC_d14;13300;INTARIAN_PEPPER_ROOT;12237;11;12234;20;;;12243;6;12245;23;;;12240.0;0.0
yf_MKC_d14;13400;ASH_COATED_OSMIUM;9887;16;9885;21;;;9912;7;9915;18;;;9899.5;0.0
yf_MKC_d14;13400;INTARIAN_PEPPER_ROOT;12238;23;12236;18;;;12244;19;12247;25;;;12241.0;0.0
yf_MKC_d14;13500;ASH_COATED_OSMIUM;9895;17;9891;16;;;9903;9;9906;32;;;9899.0;0.0
yf_MKC_d14;13500;INTARIAN_PEPPER_ROOT;12237;18;12235;11;;;12243;16;12247;22;;;12240.0;0.0
yf_MKC_d14;13600;ASH_COATED_OSMIUM;9897;10;9894;21;;;9903;8;9907;25;;;9900.0;0.0
yf_MKC_d14;13600;INTARIAN_PEPPER_ROOT;12236;13;12232;11;;;12243;18;12246;23;;;12239.5;0.0
yf_MKC_d14;13700;ASH_COATED_OSMIUM;9897;14;9895;21;;;9903;10;9905;13;;;9900.0;0.0
yf_MKC_d14;13700;INTARIAN_PEPPER_ROOT;12233;20;12230;24;;;12246;19;12248;11;;;12239.5;0.0
yf_MKC_d14;13800;ASH_COATED_OSMIUM;9896;5;9894;13;;;9902;6;9905;25;;;9899.0;0.0
yf_MKC_d14;13800;INTARIAN_PEPPER_ROOT;12236;13;12234;14;;;12242;13;12245;21;;;12239.0;0.0
yf_MKC_d14;13900;ASH_COATED_OSMIUM;9891;19;9888;28;;;9908;12;9912;24;;;9899.5;0.0
yf_MKC_d14;13900;INTARIAN_PEPPER_ROOT;12236;18;12234;26;;;12242;9;12244;26;;;12239.0;0.0
yf_MKC_d14;14000;ASH_COATED_OSMIUM;9895;18;9893;26;;;9904;16;9908;23;;;9899.5;0.0
yf_MKC_d14;14000;INTARIAN_PEPPER_ROOT;12235;11;12231;24;;;12242;16;12245;23;;;12238.5;0.0
yf_MKC_d14;14100;ASH_COATED_OSMIUM;9897;16;9895;20;;;9903;12;9906;18;;;9900.0;0.0
yf_MKC_d14;14100;INTARIAN_PEPPER_ROOT;12236;13;12232;21;;;12242;15;12245;23;;;12239.0;0.0
yf_MKC_d14;14200;ASH_COATED_OSMIUM;9885;18;9883;16;;;9914;14;9916;10;;;9899.5;0.0
yf_MKC_d14;14200;INTARIAN_PEPPER_ROOT;12233;23;12231;19;;;12243;17;12246;20;;;12238.0;0.0
yf_MKC_d14;14300;ASH_COATED_OSMIUM;9896;10;9893;20;;;9902;19;9906;31;;;9899.0;0.0
yf_MKC_d14;14300;INTARIAN_PEPPER_ROOT;12235;10;12231;9;;;12241;18;12244;15;;;12238.0;0.0
yf_MKC_d14;14400;ASH_COATED_OSMIUM;9896;9;9892;19;;;9902;14;9905;24;;;9899.0;0.0
yf_MKC_d14;14400;INTARIAN_PEPPER_ROOT;12235;16;12232;25;;;12241;13;12243;22;;;12238.0;0.0
yf_MKC_d14;14500;ASH_COATED_OSMIUM;9894;13;9891;26;;;9906;23;9908;18;;;9900.0;0.0
yf_MKC_d14;14500;INTARIAN_PEPPER_ROOT;12235;8;12233;20;;;12241;16;12245;24;;;12238.0;0.0
yf_MKC_d14;14600;ASH_COATED_OSMIUM;9890;18;9888;22;;;9910;17;9913;29;;;9900.0;0.0
yf_MKC_d14;14600;INTARIAN_PEPPER_ROOT;12234;15;12231;24;;;12240;18;12242;17;;;12237.0;0.0
yf_MKC_d14;14700;ASH_COATED_OSMIUM;9891;17;9889;27;;;9908;18;9910;24;;;9899.5;0.0
yf_MKC_d14;14700;INTARIAN_PEPPER_ROOT;12234;11;12232;20;;;12240;9;12242;21;;;12237.0;0.0
yf_MKC_d14;14800;ASH_COATED_OSMIUM;9897;5;9894;18;;;9903;10;9905;24;;;9900.0;0.0
yf_MKC_d14;14800;INTARIAN_PEPPER_ROOT;12230;6;12228;13;;;12244;22;12246;21;;;12237.0;0.0
yf_MKC_d14;14900;ASH_COATED_OSMIUM;9890;19;9888;30;;;9908;15;9912;25;;;9899.0;0.0
yf_MKC_d14;14900;INTARIAN_PEPPER_ROOT;12229;11;12226;15;;;12244;12;12246;20;;;12236.5;0.0
yf_MKC_d14;15000;ASH_COATED_OSMIUM;9897;16;9893;14;;;9903;7;9906;23;;;9900.0;0.0
yf_MKC_d14;15000;INTARIAN_PEPPER_ROOT;12233;8;12229;19;;;12239;14;12243;18;;;12236.0;0.0
yf_MKC_d14;15100;ASH_COATED_OSMIUM;9896;7;9892;17;;;9902;5;9905;9;;;9899.0;0.0
yf_MKC_d14;15100;INTARIAN_PEPPER_ROOT;12233;14;12230;12;;;12239;18;12242;17;;;12236.0;0.0
yf_MKC_d14;15200;ASH_COATED_OSMIUM;9896;9;9892;27;;;9902;15;9906;20;;;9899.0;0.0
yf_MKC_d14;15200;INTARIAN_PEPPER_ROOT;12230;11;12228;24;;;12243;16;12245;22;;;12236.5;0.0
yf_MKC_d14;15300;ASH_COATED_OSMIUM;9885;24;9881;18;;;9914;13;9917;25;;;9899.5;0.0
yf_MKC_d14;15300;INTARIAN_PEPPER_ROOT;12232;17;12230;23;;;12238;11;12241;17;;;12235.0;0.0
yf_MKC_d14;15400;ASH_COATED_OSMIUM;9897;13;9894;9;;;9903;21;9907;12;;;9900.0;0.0
yf_MKC_d14;15400;INTARIAN_PEPPER_ROOT;12232;12;12230;25;;;12238;19;12240;24;;;12235.0;0.0
yf_MKC_d14;15500;ASH_COATED_OSMIUM;9897;17;9893;26;;;9903;20;9906;22;;;9900.0;0.0
yf_MKC_d14;15500;INTARIAN_PEPPER_ROOT;12232;14;12230;25;;;12238;20;12242;24;;;12235.0;0.0
yf_MKC_d14;15600;ASH_COATED_OSMIUM;9896;19;9894;23;;;9902;15;9905;24;;;9899.0;0.0
yf_MKC_d14;15600;INTARIAN_PEPPER_ROOT;12224;10;12220;18;;;12247;13;12251;14;;;12235.5;0.0
yf_MKC_d14;15700;ASH_COATED_OSMIUM;9896;18;9894;20;;;9902;5;9906;24;;;9899.0;0.0
yf_MKC_d14;15700;INTARIAN_PEPPER_ROOT;12232;14;12229;22;;;12238;5;12241;16;;;12235.0;0.0
yf_MKC_d14;15800;ASH_COATED_OSMIUM;9892;16;9888;17;;;9905;15;9907;14;;;9898.5;0.0
yf_MKC_d14;15800;INTARIAN_PEPPER_ROOT;12228;10;12225;17;;;12240;21;12244;17;;;12234.0;0.0
yf_MKC_d14;15900;ASH_COATED_OSMIUM;9896;12;9893;8;;;9902;10;9905;20;;;9899.0;0.0
yf_MKC_d14;15900;INTARIAN_PEPPER_ROOT;12231;17;12229;14;;;12238;13;12242;19;;;12234.5;0.0
yf_MKC_d14;16000;ASH_COATED_OSMIUM;9896;22;9893;10;;;9902;10;9906;20;;;9899.0;0.0
yf_MKC_d14;16000;INTARIAN_PEPPER_ROOT;12219;10;12216;21;;;12249;7;12253;15;;;12234.0;0.0
yf_MKC_d14;16100;ASH_COATED_OSMIUM;9892;22;9888;28;;;9907;15;9909;14;;;9899.5;0.0
yf_MKC_d14;16100;INTARIAN_PEPPER_ROOT;12225;16;12222;22;;;12243;8;12247;11;;;12234.0;0.0
yf_MKC_d14;16200;ASH_COATED_OSMIUM;9896;16;9894;15;;;9903;7;9905;25;;;9899.5;0.0
yf_MKC_d14;16200;INTARIAN_PEPPER_ROOT;12228;15;12224;20;;;12240;15;12244;20;;;12234.0;0.0
yf_MKC_d14;16300;ASH_COATED_OSMIUM;9897;14;9893;32;;;9903;21;9906;22;;;9900.0;0.0
yf_MKC_d14;16300;INTARIAN_PEPPER_ROOT;12222;11;12219;16;;;12244;12;12247;20;;;12233.0;0.0
yf_MKC_d14;16400;ASH_COATED_OSMIUM;9897;12;9893;22;;;9903;18;9905;19;;;9900.0;0.0
yf_MKC_d14;16400;INTARIAN_PEPPER_ROOT;12230;14;12228;11;;;12236;10;12238;24;;;12233.0;0.0
yf_MKC_d14;16500;ASH_COATED_OSMIUM;9896;14;9894;15;;;9902;13;9906;15;;;9899.0;0.0
yf_MKC_d14;16500;INTARIAN_PEPPER_ROOT;12229;5;12226;15;;;12235;29;12239;9;;;12232.0;0.0
yf_MKC_d14;16600;ASH_COATED_OSMIUM;9892;13;9888;18;;;9908;16;9912;32;;;9900.0;0.0
yf_MKC_d14;16600;INTARIAN_PEPPER_ROOT;12230;11;12228;25;;;12236;9;12240;21;;;12233.0;0.0
yf_MKC_d14;16700;ASH_COATED_OSMIUM;9892;22;9890;23;;;9907;12;9911;18;;;9899.5;0.0
yf_MKC_d14;16700;INTARIAN_PEPPER_ROOT;12229;26;12226;24;;;12235;14;12238;28;;;12232.0;0.0
yf_MKC_d14;16800;ASH_COATED_OSMIUM;9896;7;9894;23;;;9902;15;9905;34;;;9899.0;0.0
yf_MKC_d14;16800;INTARIAN_PEPPER_ROOT;12229;13;12227;21;;;12236;15;12240;8;;;12232.5;0.0
yf_MKC_d14;16900;ASH_COATED_OSMIUM;9897;9;9895;15;;;9903;12;9905;23;;;9900.0;0.0
yf_MKC_d14;16900;INTARIAN_PEPPER_ROOT;12228;14;12226;19;;;12235;10;12237;19;;;12231.5;0.0
yf_MKC_d14;17000;ASH_COATED_OSMIUM;9897;20;9893;21;;;9903;10;9907;20;;;9900.0;0.0
yf_MKC_d14;17000;INTARIAN_PEPPER_ROOT;12223;11;12219;17;;;12241;15;12244;22;;;12232.0;0.0
yf_MKC_d14;17100;ASH_COATED_OSMIUM;9897;9;9894;16;;;9903;14;9905;13;;;9900.0;0.0
yf_MKC_d14;17100;INTARIAN_PEPPER_ROOT;12224;6;12221;35;;;12240;14;12244;17;;;12232.0;0.0
yf_MKC_d14;17200;ASH_COATED_OSMIUM;9896;8;9893;17;;;9902;7;9904;32;;;9899.0;0.0
yf_MKC_d14;17200;INTARIAN_PEPPER_ROOT;12229;7;12225;19;;;12235;12;12239;17;;;12232.0;0.0
yf_MKC_d14;17300;ASH_COATED_OSMIUM;9897;23;9893;22;;;9903;22;9907;14;;;9900.0;0.0
yf_MKC_d14;17300;INTARIAN_PEPPER_ROOT;12223;10;12219;21;;;12242;15;12246;27;;;12232.5;0.0
yf_MKC_d14;17400;ASH_COATED_OSMIUM;9897;12;9894;9;;;9903;21;9905;23;;;9900.0;0.0
yf_MKC_d14;17400;INTARIAN_PEPPER_ROOT;12230;12;12227;16;;;12237;5;12240;15;;;12233.5;0.0
yf_MKC_d14;17500;ASH_COATED_OSMIUM;9895;11;9893;13;;;9905;21;9909;26;;;9900.0;0.0
yf_MKC_d14;17500;INTARIAN_PEPPER_ROOT;12230;12;12227;20;;;12237;15;12239;24;;;12233.5;0.0
yf_MKC_d14;17600;ASH_COATED_OSMIUM;9897;26;9895;8;;;9903;17;9905;22;;;9900.0;0.0
yf_MKC_d14;17600;INTARIAN_PEPPER_ROOT;12228;15;12224;25;;;12237;15;12241;20;;;12232.5;0.0
yf_MKC_d14;17700;ASH_COATED_OSMIUM;9896;15;9892;22;;;9902;11;9906;17;;;9899.0;0.0
yf_MKC_d14;17700;INTARIAN_PEPPER_ROOT;12221;29;12217;23;;;12246;16;12249;26;;;12233.5;0.0
yf_MKC_d14;17800;ASH_COATED_OSMIUM;9896;10;9894;20;;;9905;9;9908;26;;;9900.5;0.0
yf_MKC_d14;17800;INTARIAN_PEPPER_ROOT;12230;19;12226;20;;;12236;21;12239;35;;;12233.0;0.0
yf_MKC_d14;17900;ASH_COATED_OSMIUM;9897;16;9893;20;;;9903;14;9905;14;;;9900.0;0.0
yf_MKC_d14;17900;INTARIAN_PEPPER_ROOT;12230;17;12228;17;;;12238;11;12240;14;;;12234.0;0.0
yf_MKC_d14;18000;ASH_COATED_OSMIUM;9897;20;9895;25;;;9903;14;9905;10;;;9900.0;0.0
yf_MKC_d14;18000;INTARIAN_PEPPER_ROOT;12229;15;12226;29;;;12237;10;12239;15;;;12233.0;0.0
yf_MKC_d14;18100;ASH_COATED_OSMIUM;9897;10;9894;21;;;9903;20;9905;21;;;9900.0;0.0
yf_MKC_d14;18100;INTARIAN_PEPPER_ROOT;12231;12;12227;28;;;12237;18;12241;21;;;12234.0;0.0
yf_MKC_d14;18200;ASH_COATED_OSMIUM;9890;16;9888;13;;;9910;22;9913;28;;;9900.0;0.0
yf_MKC_d14;18200;INTARIAN_PEPPER_ROOT;12231;18;12228;18;;;12237;11;12240;21;;;12234.0;0.0
yf_MKC_d14;18300;ASH_COATED_OSMIUM;9898;5;9895;29;;;9904;21;9908;23;;;9901.0;0.0
yf_MKC_d14;18300;INTARIAN_PEPPER_ROOT;12231;18;12229;18;;;12237;21;12239;18;;;12234.0;0.0
yf_MKC_d14;18400;ASH_COATED_OSMIUM;9890;8;9888;22;;;9909;15;9913;29;;;9899.5;0.0
yf_MKC_d14;18400;INTARIAN_PEPPER_ROOT;12231;14;12228;16;;;12237;7;12241;8;;;12234.0;0.0
yf_MKC_d14;18500;ASH_COATED_OSMIUM;9897;11;9893;19;;;9904;14;9907;23;;;9900.5;0.0
yf_MKC_d14;18500;INTARIAN_PEPPER_ROOT;12231;8;12227;21;;;12237;15;12241;16;;;12234.0;0.0
yf_MKC_d14;18600;ASH_COATED_OSMIUM;9894;12;9890;27;;;9906;12;9908;19;;;9900.0;0.0
yf_MKC_d14;18600;INTARIAN_PEPPER_ROOT;12221;8;12218;27;;;12247;20;12251;26;;;12234.0;0.0
yf_MKC_d14;18700;ASH_COATED_OSMIUM;9897;13;9894;8;;;9903;23;9907;18;;;9900.0;0.0
yf_MKC_d14;18700;INTARIAN_PEPPER_ROOT;12228;21;12226;24;;;12241;8;12245;28;;;12234.5;0.0
yf_MKC_d14;18800;ASH_COATED_OSMIUM;9896;23;9892;25;;;9904;8;9908;18;;;9900.0;0.0
yf_MKC_d14;18800;INTARIAN_PEPPER_ROOT;12232;13;12230;22;;;12238;15;12240;25;;;12235.0;0.0
yf_MKC_d14;18900;ASH_COATED_OSMIUM;9897;20;9894;11;;;9903;13;9905;20;;;9900.0;0.0
yf_MKC_d14;18900;INTARIAN_PEPPER_ROOT;12232;16;12228;12;;;12238;13;12240;15;;;12235.0;0.0
yf_MKC_d14;19000;ASH_COATED_OSMIUM;9898;19;9895;23;;;9904;15;9907;15;;;9901.0;0.0
yf_MKC_d14;19000;INTARIAN_PEPPER_ROOT;12232;6;12230;18;;;12238;13;12242;31;;;12235.0;0.0
yf_MKC_d14;19100;ASH_COATED_OSMIUM;9897;24;9895;23;;;9903;10;9906;28;;;9900.0;0.0
yf_MKC_d14;19100;INTARIAN_PEPPER_ROOT;12232;12;12228;15;;;12238;24;12242;17;;;12235.0;0.0
yf_MKC_d14;19200;ASH_COATED_OSMIUM;9898;20;9895;16;;;9904;12;9908;8;;;9901.0;0.0
yf_MKC_d14;19200;INTARIAN_PEPPER_ROOT;12232;12;12229;26;;;12238;10;12241;15;;;12235.0;0.0
yf_MKC_d14;19300;ASH_COATED_OSMIUM;9895;23;9891;20;;;9906;16;9910;20;;;9900.5;0.0
yf_MKC_d14;19300;INTARIAN_PEPPER_ROOT;12225;15;12223;23;;;12246;16;12248;21;;;12235.5;0.0
yf_MKC_d14;19400;ASH_COATED_OSMIUM;9897;13;9893;23;;;9904;18;9906;26;;;9900.5;0.0
yf_MKC_d14;19400;INTARIAN_PEPPER_ROOT;12233;12;12230;17;;;12239;14;12241;19;;;12236.0;0.0
yf_MKC_d14;19500;ASH_COATED_OSMIUM;9898;11;9894;14;;;9904;13;9907;23;;;9901.0;0.0
yf_MKC_d14;19500;INTARIAN_PEPPER_ROOT;12232;15;12230;21;;;12238;22;12240;19;;;12235.0;0.0
yf_MKC_d14;19600;ASH_COATED_OSMIUM;9897;20;9895;20;;;9903;18;9906;22;;;9900.0;0.0
yf_MKC_d14;19600;INTARIAN_PEPPER_ROOT;12231;11;12229;19;;;12239;10;12242;27;;;12235.0;0.0
yf_MKC_d14;19700;ASH_COATED_OSMIUM;9891;11;9887;24;;;9911;19;9915;17;;;9901.0;0.0
yf_MKC_d14;19700;INTARIAN_PEPPER_ROOT;12232;17;12228;24;;;12240;17;12242;21;;;12236.0;0.0
yf_MKC_d14;19800;ASH_COATED_OSMIUM;9898;10;9894;13;;;9904;5;9907;12;;;9901.0;0.0
yf_MKC_d14;19800;INTARIAN_PEPPER_ROOT;12232;14;12229;25;;;12241;13;12244;17;;;12236.5;0.0
yf_MKC_d14;19900;ASH_COATED_OSMIUM;9898;19;9894;13;;;9904;12;9908;22;;;9901.0;0.0
yf_MKC_d14;19900;INTARIAN_PEPPER_ROOT;12222;13;12220;22;;;12249;14;12252;18;;;12235.5;0.0
yf_MKC_d14;20000;ASH_COATED_OSMIUM;9897;11;9895;17;;;9903;9;9905;13;;;9900.0;0.0
yf_MKC_d14;20000;INTARIAN_PEPPER_ROOT;12231;19;12227;8;;;12242;11;12244;18;;;12236.5;0.0
yf_MKC_d14;20100;ASH_COATED_OSMIUM;9898;9;9895;24;;;9904;14;9906;25;;;9901.0;0.0
yf_MKC_d14;20100;INTARIAN_PEPPER_ROOT;12233;10;12229;25;;;12239;10;12241;20;;;12236.0;0.0
yf_MKC_d14;20200;ASH_COATED_OSMIUM;9894;18;9892;18;;;9908;8;9911;10;;;9901.0;0.0
yf_MKC_d14;20200;INTARIAN_PEPPER_ROOT;12228;10;12224;19;;;12245;12;12247;21;;;12236.5;0.0
yf_MKC_d14;20300;ASH_COATED_OSMIUM;9895;10;9891;17;;;9907;19;9909;24;;;9901.0;0.0
yf_MKC_d14;20300;INTARIAN_PEPPER_ROOT;12234;15;12232;26;;;12240;18;12243;13;;;12237.0;0.0
yf_MKC_d14;20400;ASH_COATED_OSMIUM;9896;18;9894;22;;;9906;20;9909;22;;;9901.0;0.0
yf_MKC_d14;20400;INTARIAN_PEPPER_ROOT;12234;17;12230;20;;;12240;15;12244;22;;;12237.0;0.0
yf_MKC_d14;20500;ASH_COATED_OSMIUM;9898;16;9895;23;;;9904;20;9908;21;;;9901.0;0.0
yf_MKC_d14;20500;INTARIAN_PEPPER_ROOT;12232;15;12229;29;;;12242;21;12244;20;;;12237.0;0.0
yf_MKC_d14;20600;ASH_COATED_OSMIUM;9893;21;9891;17;;;9910;19;9913;14;;;9901.5;0.0
yf_MKC_d14;20600;INTARIAN_PEPPER_ROOT;12234;13;12230;35;;;12240;14;12242;19;;;12237.0;0.0
yf_MKC_d14;20700;ASH_COATED_OSMIUM;9898;14;9896;22;;;9904;11;9907;27;;;9901.0;0.0
yf_MKC_d14;20700;INTARIAN_PEPPER_ROOT;12234;17;12231;21;;;12240;6;12243;16;;;12237.0;0.0
yf_MKC_d14;20800;ASH_COATED_OSMIUM;9898;12;9895;33;;;9904;20;9907;24;;;9901.0;0.0
yf_MKC_d14;20800;INTARIAN_PEPPER_ROOT;12235;10;12233;15;;;12241;11;12243;19;;;12238.0;0.0
yf_MKC_d14;20900;ASH_COATED_OSMIUM;9898;19;9895;29;;;9904;12;9908;17;;;9901.0;0.0
yf_MKC_d14;20900;INTARIAN_PEPPER_ROOT;12235;26;12232;23;;;12241;16;12243;18;;;12238.0;0.0
yf_MKC_d14;21000;ASH_COATED_OSMIUM;9890;16;9886;18;;;9914;9;9918;19;;;9902.0;0.0
yf_MKC_d14;21000;INTARIAN_PEPPER_ROOT;12234;16;12230;22;;;12241;17;12243;24;;;12237.5;0.0
yf_MKC_d14;21100;ASH_COATED_OSMIUM;9897;8;9894;14;;;9907;11;9910;25;;;9902.0;0.0
yf_MKC_d14;21100;INTARIAN_PEPPER_ROOT;12235;21;12232;25;;;12241;15;12243;23;;;12238.0;0.0
yf_MKC_d14;21200;ASH_COATED_OSMIUM;9899;22;9897;19;;;9905;25;9907;22;;;9902.0;0.0
yf_MKC_d14;21200;INTARIAN_PEPPER_ROOT;12226;16;12224;16;;;12250;17;12252;23;;;12238.0;0.0
yf_MKC_d14;21300;ASH_COATED_OSMIUM;9898;19;9894;11;;;9906;5;9910;17;;;9902.0;0.0
yf_MKC_d14;21300;INTARIAN_PEPPER_ROOT;12235;20;12232;14;;;12241;21;12243;18;;;12238.0;0.0
yf_MKC_d14;21400;ASH_COATED_OSMIUM;9899;12;9897;17;;;9905;19;9909;13;;;9902.0;0.0
yf_MKC_d14;21400;INTARIAN_PEPPER_ROOT;12235;14;12231;23;;;12242;17;12244;27;;;12238.5;0.0
yf_MKC_d14;21500;ASH_COATED_OSMIUM;9899;11;9895;20;;;9905;21;9908;22;;;9902.0;0.0
yf_MKC_d14;21500;INTARIAN_PEPPER_ROOT;12235;21;12233;17;;;12241;12;12245;20;;;12238.0;0.0
yf_MKC_d14;21600;ASH_COATED_OSMIUM;9899;15;9897;27;;;9905;13;9909;24;;;9902.0;0.0
yf_MKC_d14;21600;INTARIAN_PEPPER_ROOT;12232;8;12229;18;;;12246;13;12248;26;;;12239.0;0.0
yf_MKC_d14;21700;ASH_COATED_OSMIUM;9898;14;9896;17;;;9904;12;9906;24;;;9901.0;0.0
yf_MKC_d14;21700;INTARIAN_PEPPER_ROOT;12234;12;12230;15;;;12243;10;12247;19;;;12238.5;0.0
yf_MKC_d14;21800;ASH_COATED_OSMIUM;9899;16;9895;19;;;9905;12;9907;24;;;9902.0;0.0
yf_MKC_d14;21800;INTARIAN_PEPPER_ROOT;12232;27;12230;17;;;12245;12;12249;22;;;12238.5;0.0
yf_MKC_d14;21900;ASH_COATED_OSMIUM;9899;11;9897;17;;;9905;7;9908;19;;;9902.0;0.0
yf_MKC_d14;21900;INTARIAN_PEPPER_ROOT;12220;5;12217;26;;;12258;7;12261;20;;;12239.0;0.0
yf_MKC_d14;22000;ASH_COATED_OSMIUM;9888;19;9884;13;;;9915;21;9919;18;;;9901.5;0.0
yf_MKC_d14;22000;INTARIAN_PEPPER_ROOT;12236;8;12234;26;;;12242;21;12245;22;;;12239.0;0.0
yf_MKC_d14;22100;ASH_COATED_OSMIUM;9899;17;9896;25;;;9905;17;9907;18;;;9902.0;0.0
yf_MKC_d14;22100;INTARIAN_PEPPER_ROOT;12231;16;12229;33;;;12248;20;12251;28;;;12239.5;0.0
yf_MKC_d14;22200;ASH_COATED_OSMIUM;9898;12;9894;19;;;9907;18;9910;19;;;9902.5;0.0
yf_MKC_d14;22200;INTARIAN_PEPPER_ROOT;12233;8;12230;27;;;12247;19;12250;23;;;12240.0;0.0
yf_MKC_d14;22300;ASH_COATED_OSMIUM;9900;14;9896;21;;;9906;5;9908;16;;;9903.0;0.0
yf_MKC_d14;22300;INTARIAN_PEPPER_ROOT;12237;17;12233;27;;;12243;22;12247;21;;;12240.0;0.0
yf_MKC_d14;22400;ASH_COATED_OSMIUM;9899;10;9897;24;;;9905;17;9908;26;;;9902.0;0.0
yf_MKC_d14;22400;INTARIAN_PEPPER_ROOT;12237;18;12235;14;;;12244;15;12247;19;;;12240.5;0.0
yf_MKC_d14;22500;ASH_COATED_OSMIUM;9900;23;9896;26;;;9906;25;9910;21;;;9903.0;0.0
yf_MKC_d14;22500;INTARIAN_PEPPER_ROOT;12234;17;12230;13;;;12244;17;12247;20;;;12239.0;0.0
yf_MKC_d14;22600;ASH_COATED_OSMIUM;9899;14;9895;23;;;9906;17;9910;21;;;9902.5;0.0
yf_MKC_d14;22600;INTARIAN_PEPPER_ROOT;12231;9;12228;23;;;12248;21;12251;26;;;12239.5;0.0
yf_MKC_d14;22700;ASH_COATED_OSMIUM;9899;14;9895;13;;;9906;11;9910;12;;;9902.5;0.0
yf_MKC_d14;22700;INTARIAN_PEPPER_ROOT;12233;7;12229;26;;;12246;16;12250;15;;;12239.5;0.0
yf_MKC_d14;22800;ASH_COATED_OSMIUM;9899;11;9897;21;;;9905;13;9909;14;;;9902.0;0.0
yf_MKC_d14;22800;INTARIAN_PEPPER_ROOT;12229;5;12225;20;;;12252;20;12255;17;;;12240.5;0.0
yf_MKC_d14;22900;ASH_COATED_OSMIUM;9900;26;9896;16;;;9906;13;9908;16;;;9903.0;0.0
yf_MKC_d14;22900;INTARIAN_PEPPER_ROOT;12237;16;12233;17;;;12243;14;12245;24;;;12240.0;0.0
yf_MKC_d14;23000;ASH_COATED_OSMIUM;9900;19;9898;23;;;9906;16;9908;17;;;9903.0;0.0
yf_MKC_d14;23000;INTARIAN_PEPPER_ROOT;12236;6;12234;28;;;12245;14;12247;21;;;12240.5;0.0
yf_MKC_d14;23100;ASH_COATED_OSMIUM;9899;5;9896;16;;;9905;14;9907;12;;;9902.0;0.0
yf_MKC_d14;23100;INTARIAN_PEPPER_ROOT;12236;16;12233;31;;;12246;14;12249;18;;;12241.0;0.0
yf_MKC_d14;23200;ASH_COATED_OSMIUM;9900;9;9897;28;;;9906;12;9909;24;;;9903.0;0.0
yf_MKC_d14;23200;INTARIAN_PEPPER_ROOT;12238;13;12234;11;;;12244;15;12246;18;;;12241.0;0.0
yf_MKC_d14;23300;ASH_COATED_OSMIUM;9899;16;9895;22;;;9905;14;9908;22;;;9902.0;0.0
yf_MKC_d14;23300;INTARIAN_PEPPER_ROOT;12238;16;12235;20;;;12244;18;12247;19;;;12241.0;0.0
yf_MKC_d14;23400;ASH_COATED_OSMIUM;9899;25;9896;13;;;9905;14;9908;16;;;9902.0;0.0
yf_MKC_d14;23400;INTARIAN_PEPPER_ROOT;12238;14;12234;9;;;12244;16;12246;15;;;12241.0;0.0
yf_MKC_d14;23500;ASH_COATED_OSMIUM;9885;11;9883;25;;;9920;8;9924;12;;;9902.5;0.0
yf_MKC_d14;23500;INTARIAN_PEPPER_ROOT;12239;16;12237;21;;;12245;13;12248;23;;;12242.0;0.0
yf_MKC_d14;23600;ASH_COATED_OSMIUM;9899;10;9896;17;;;9906;14;9908;20;;;9902.5;0.0
yf_MKC_d14;23600;INTARIAN_PEPPER_ROOT;12238;9;12234;26;;;12245;19;12247;15;;;12241.5;0.0
yf_MKC_d14;23700;ASH_COATED_OSMIUM;9898;17;9896;8;;;9909;12;9912;16;;;9903.5;0.0
yf_MKC_d14;23700;INTARIAN_PEPPER_ROOT;12239;18;12236;24;;;12245;16;12249;10;;;12242.0;0.0
yf_MKC_d14;23800;ASH_COATED_OSMIUM;9899;18;9895;13;;;9905;19;9908;22;;;9902.0;0.0
yf_MKC_d14;23800;INTARIAN_PEPPER_ROOT;12239;22;12237;14;;;12245;11;12248;18;;;12242.0;0.0
yf_MKC_d14;23900;ASH_COATED_OSMIUM;9900;11;9896;13;;;9906;13;9909;21;;;9903.0;0.0
yf_MKC_d14;23900;INTARIAN_PEPPER_ROOT;12239;5;12235;18;;;12245;17;12247;24;;;12242.0;0.0
yf_MKC_d14;24000;ASH_COATED_OSMIUM;9900;17;9897;18;;;9907;19;9909;17;;;9903.5;0.0
yf_MKC_d14;24000;INTARIAN_PEPPER_ROOT;12239;14;12235;26;;;12245;12;12248;14;;;12242.0;0.0
yf_MKC_d14;24100;ASH_COATED_OSMIUM;9899;12;9895;22;;;9906;14;9910;25;;;9902.5;0.0
yf_MKC_d14;24100;INTARIAN_PEPPER_ROOT;12239;22;12235;21;;;12247;18;12250;22;;;12243.0;0.0
yf_MKC_d14;24200;ASH_COATED_OSMIUM;9897;17;9894;21;;;9909;16;9913;13;;;9903.0;0.0
yf_MKC_d14;24200;INTARIAN_PEPPER_ROOT;12236;11;12232;22;;;12249;20;12252;8;;;12242.5;0.0
yf_MKC_d14;24300;ASH_COATED_OSMIUM;9895;13;9893;25;;;9911;23;9913;34;;;9903.0;0.0
yf_MKC_d14;24300;INTARIAN_PEPPER_ROOT;12239;18;12237;23;;;12247;13;12251;22;;;12243.0;0.0
yf_MKC_d14;24400;ASH_COATED_OSMIUM;9900;5;9896;15;;;9906;14;9908;26;;;9903.0;0.0
yf_MKC_d14;24400;INTARIAN_PEPPER_ROOT;12230;22;12226;18;;;12255;12;12257;9;;;12242.5;0.0
yf_MKC_d14;24500;ASH_COATED_OSMIUM;9897;6;9895;20;;;9908;18;9911;20;;;9902.5;0.0
yf_MKC_d14;24500;INTARIAN_PEPPER_ROOT;12240;20;12237;11;;;12246;18;12250;8;;;12243.0;0.0
yf_MKC_d14;24600;ASH_COATED_OSMIUM;9894;17;9890;16;;;9913;5;9916;21;;;9903.5;0.0
yf_MKC_d14;24600;INTARIAN_PEPPER_ROOT;12239;17;12236;21;;;12247;9;12251;25;;;12243.0;0.0
yf_MKC_d14;24700;ASH_COATED_OSMIUM;9901;16;9899;14;;;9907;19;9909;28;;;9904.0;0.0
yf_MKC_d14;24700;INTARIAN_PEPPER_ROOT;12233;11;12230;16;;;12253;20;12257;14;;;12243.0;0.0
yf_MKC_d14;24800;ASH_COATED_OSMIUM;9883;13;9880;10;;;9924;22;9927;22;;;9903.5;0.0
yf_MKC_d14;24800;INTARIAN_PEPPER_ROOT;12235;10;12233;19;;;12251;10;12253;10;;;12243.0;0.0
yf_MKC_d14;24900;ASH_COATED_OSMIUM;9900;16;9897;19;;;9906;16;9909;20;;;9903.0;0.0
yf_MKC_d14;24900;INTARIAN_PEPPER_ROOT;12233;8;12231;14;;;12255;10;12259;16;;;12244.0;0.0
yf_MKC_d14;25000;ASH_COATED_OSMIUM;9901;18;9899;25;;;9907;8;9911;17;;;9904.0;0.0
yf_MKC_d14;25000;INTARIAN_PEPPER_ROOT;12238;15;12236;16;;;12250;5;12252;20;;;12244.0;0.0
yf_MKC_d14;25100;ASH_COATED_OSMIUM;9901;14;9899;17;;;9907;16;9909;15;;;9904.0;0.0
yf_MKC_d14;25100;INTARIAN_PEPPER_ROOT;12229;20;12225;25;;;12258;20;12262;22;;;12243.5;0.0
yf_MKC_d14;25200;ASH_COATED_OSMIUM;9900;15;9898;23;;;9906;15;9908;33;;;9903.0;0.0
yf_MKC_d14;25200;INTARIAN_PEPPER_ROOT;12242;11;12240;21;;;12248;11;12250;19;;;12245.0;0.0
yf_MKC_d14;25300;ASH_COATED_OSMIUM;9901;15;9899;19;;;9907;18;9909;21;;;9904.0;0.0
yf_MKC_d14;25300;INTARIAN_PEPPER_ROOT;12241;24;12237;26;;;12247;20;12251;20;;;12244.0;0.0
yf_MKC_d14;25400;ASH_COATED_OSMIUM;9901;17;9899;20;;;9907;14;9910;14;;;9904.0;0.0
yf_MKC_d14;25400;INTARIAN_PEPPER_ROOT;12241;15;12239;25;;;12247;14;12250;21;;;12244.0;0.0
yf_MKC_d14;25500;ASH_COATED_OSMIUM;9900;15;9898;22;;;9909;20;9913;11;;;9904.5;0.0
yf_MKC_d14;25500;INTARIAN_PEPPER_ROOT;12241;16;12238;19;;;12247;17;12251;20;;;12244.0;0.0
yf_MKC_d14;25600;ASH_COATED_OSMIUM;9899;13;9897;13;;;9909;12;9911;15;;;9904.0;0.0
yf_MKC_d14;25600;INTARIAN_PEPPER_ROOT;12241;9;12237;24;;;12247;16;12249;18;;;12244.0;0.0
yf_MKC_d14;25700;ASH_COATED_OSMIUM;9896;15;9892;18;;;9911;21;9914;16;;;9903.5;0.0
yf_MKC_d14;25700;INTARIAN_PEPPER_ROOT;12242;22;12239;16;;;12248;17;12250;28;;;12245.0;0.0
yf_MKC_d14;25800;ASH_COATED_OSMIUM;9901;11;9899;23;;;9907;15;9909;16;;;9904.0;0.0
yf_MKC_d14;25800;INTARIAN_PEPPER_ROOT;12242;16;12240;22;;;12248;13;12250;24;;;12245.0;0.0
yf_MKC_d14;25900;ASH_COATED_OSMIUM;9899;20;9895;20;;;9907;7;9911;27;;;9903.0;0.0
yf_MKC_d14;25900;INTARIAN_PEPPER_ROOT;12242;19;12238;13;;;12248;16;12251;18;;;12245.0;0.0
yf_MKC_d14;26000;ASH_COATED_OSMIUM;9901;20;9899;12;;;9907;24;9911;10;;;9904.0;0.0
yf_MKC_d14;26000;INTARIAN_PEPPER_ROOT;12242;12;12239;19;;;12248;13;12252;16;;;12245.0;0.0
yf_MKC_d14;26100;ASH_COATED_OSMIUM;9901;16;9899;21;;;9907;15;9909;23;;;9904.0;0.0
yf_MKC_d14;26100;INTARIAN_PEPPER_ROOT;12243;13;12241;23;;;12249;6;12253;18;;;12246.0;0.0
yf_MKC_d14;26200;ASH_COATED_OSMIUM;9901;15;9898;22;;;9907;16;9911;21;;;9904.0;0.0
yf_MKC_d14;26200;INTARIAN_PEPPER_ROOT;12243;13;12240;22;;;12249;11;12252;20;;;12246.0;0.0
yf_MKC_d14;26300;ASH_COATED_OSMIUM;9895;13;9893;20;;;9915;15;9918;18;;;9905.0;0.0
yf_MKC_d14;26300;INTARIAN_PEPPER_ROOT;12243;17;12240;20;;;12249;16;12253;17;;;12246.0;0.0
yf_MKC_d14;26400;ASH_COATED_OSMIUM;9901;14;9899;18;;;9907;5;9909;18;;;9904.0;0.0
yf_MKC_d14;26400;INTARIAN_PEPPER_ROOT;12235;10;12232;22;;;12256;6;12258;11;;;12245.5;0.0
yf_MKC_d14;26500;ASH_COATED_OSMIUM;9897;6;9894;21;;;9912;13;9914;18;;;9904.5;0.0
yf_MKC_d14;26500;INTARIAN_PEPPER_ROOT;12243;20;12241;18;;;12249;10;12252;19;;;12246.0;0.0
yf_MKC_d14;26600;ASH_COATED_OSMIUM;9901;18;9899;17;;;9907;24;9911;25;;;9904.0;0.0
yf_MKC_d14;26600;INTARIAN_PEPPER_ROOT;12243;11;12241;18;;;12249;11;12252;17;;;12246.0;0.0
yf_MKC_d14;26700;ASH_COATED_OSMIUM;9901;11;9898;18;;;9907;17;9911;15;;;9904.0;0.0
yf_MKC_d14;26700;INTARIAN_PEPPER_ROOT;12243;11;12240;16;;;12249;15;12252;14;;;12246.0;0.0
yf_MKC_d14;26800;ASH_COATED_OSMIUM;9896;10;9893;22;;;9913;18;9916;19;;;9904.5;0.0
yf_MKC_d14;26800;INTARIAN_PEPPER_ROOT;12243;9;12239;16;;;12249;12;12251;24;;;12246.0;0.0
yf_MKC_d14;26900;ASH_COATED_OSMIUM;9897;14;9895;17;;;9912;21;9916;34;;;9904.5;0.0
yf_MKC_d14;26900;INTARIAN_PEPPER_ROOT;12241;11;12239;22;;;12252;12;12255;17;;;12246.5;0.0
yf_MKC_d14;27000;ASH_COATED_OSMIUM;9899;18;9897;17;;;9911;13;9913;17;;;9905.0;0.0
yf_MKC_d14;27000;INTARIAN_PEPPER_ROOT;12242;18;12239;15;;;12251;15;12254;24;;;12246.5;0.0
yf_MKC_d14;27100;ASH_COATED_OSMIUM;9901;19;9897;26;;;9907;19;9910;18;;;9904.0;0.0
yf_MKC_d14;27100;INTARIAN_PEPPER_ROOT;12242;10;12239;21;;;12253;13;12256;19;;;12247.5;0.0
yf_MKC_d14;27200;ASH_COATED_OSMIUM;9899;17;9896;17;;;9910;15;9913;32;;;9904.5;0.0
yf_MKC_d14;27200;INTARIAN_PEPPER_ROOT;12242;15;12239;14;;;12252;14;12256;21;;;12247.0;0.0
yf_MKC_d14;27300;ASH_COATED_OSMIUM;9893;18;9891;16;;;9916;19;9919;24;;;9904.5;0.0
yf_MKC_d14;27300;INTARIAN_PEPPER_ROOT;12244;19;12240;12;;;12250;17;12254;15;;;12247.0;0.0
yf_MKC_d14;27400;ASH_COATED_OSMIUM;9901;15;9897;17;;;9907;21;9910;12;;;9904.0;0.0
yf_MKC_d14;27400;INTARIAN_PEPPER_ROOT;12244;10;12242;24;;;12250;5;12253;15;;;12247.0;0.0
yf_MKC_d14;27500;ASH_COATED_OSMIUM;9894;21;9890;18;;;9916;10;9918;20;;;9905.0;0.0
yf_MKC_d14;27500;INTARIAN_PEPPER_ROOT;12244;17;12242;13;;;12250;10;12254;29;;;12247.0;0.0
yf_MKC_d14;27600;ASH_COATED_OSMIUM;9902;16;9900;17;;;9908;18;9910;21;;;9905.0;0.0
yf_MKC_d14;27600;INTARIAN_PEPPER_ROOT;12239;11;12235;18;;;12256;22;12259;19;;;12247.5;0.0
yf_MKC_d14;27700;ASH_COATED_OSMIUM;9897;16;9893;15;;;9913;8;9915;15;;;9905.0;0.0
yf_MKC_d14;27700;INTARIAN_PEPPER_ROOT;12245;18;12242;8;;;12251;10;12253;14;;;12248.0;0.0
yf_MKC_d14;27800;ASH_COATED_OSMIUM;9902;12;9900;18;;;9908;18;9910;17;;;9905.0;0.0
yf_MKC_d14;27800;INTARIAN_PEPPER_ROOT;12245;20;12243;22;;;12252;16;12256;20;;;12248.5;0.0
yf_MKC_d14;27900;ASH_COATED_OSMIUM;9902;19;9898;22;;;9910;24;9913;14;;;9906.0;0.0
yf_MKC_d14;27900;INTARIAN_PEPPER_ROOT;12241;19;12239;13;;;12255;14;12258;22;;;12248.0;0.0
yf_MKC_d14;28000;ASH_COATED_OSMIUM;9902;13;9899;27;;;9908;14;9912;23;;;9905.0;0.0
yf_MKC_d14;28000;INTARIAN_PEPPER_ROOT;12244;19;12240;20;;;12254;20;12257;26;;;12249.0;0.0
yf_MKC_d14;28100;ASH_COATED_OSMIUM;9902;5;9898;23;;;9908;12;9910;21;;;9905.0;0.0
yf_MKC_d14;28100;INTARIAN_PEPPER_ROOT;12246;14;12244;18;;;12252;11;12254;29;;;12249.0;0.0
yf_MKC_d14;28200;ASH_COATED_OSMIUM;9898;12;9895;16;;;9912;21;9914;19;;;9905.0;0.0
yf_MKC_d14;28200;INTARIAN_PEPPER_ROOT;12245;17;12241;24;;;12251;15;12254;16;;;12248.0;0.0
yf_MKC_d14;28300;ASH_COATED_OSMIUM;9902;16;9898;18;;;9908;18;9911;27;;;9905.0;0.0
yf_MKC_d14;28300;INTARIAN_PEPPER_ROOT;12245;25;12242;16;;;12251;19;12255;13;;;12248.0;0.0
yf_MKC_d14;28400;ASH_COATED_OSMIUM;9902;13;9899;12;;;9908;20;9910;18;;;9905.0;0.0
yf_MKC_d14;28400;INTARIAN_PEPPER_ROOT;12242;16;12238;24;;;12256;18;12258;14;;;12249.0;0.0
yf_MKC_d14;28500;ASH_COATED_OSMIUM;9903;19;9900;15;;;9909;15;9913;21;;;9906.0;0.0
yf_MKC_d14;28500;INTARIAN_PEPPER_ROOT;12238;6;12235;14;;;12259;15;12263;20;;;12248.5;0.0
yf_MKC_d14;28600;ASH_COATED_OSMIUM;9900;22;9896;14;;;9912;10;9915;20;;;9906.0;0.0
yf_MKC_d14;28600;INTARIAN_PEPPER_ROOT;12246;14;12242;13;;;12252;10;12254;28;;;12249.0;0.0
yf_MKC_d14;28700;ASH_COATED_OSMIUM;9900;16;9898;17;;;9911;15;9914;19;;;9905.5;0.0
yf_MKC_d14;28700;INTARIAN_PEPPER_ROOT;12242;6;12240;21;;;12255;13;12259;13;;;12248.5;0.0
yf_MKC_d14;28800;ASH_COATED_OSMIUM;9903;11;9899;21;;;9909;14;9912;21;;;9906.0;0.0
yf_MKC_d14;28800;INTARIAN_PEPPER_ROOT;12246;15;12244;10;;;12253;8;12257;27;;;12249.5;0.0
yf_MKC_d14;28900;ASH_COATED_OSMIUM;9896;14;9892;22;;;9914;16;9916;29;;;9905.0;0.0
yf_MKC_d14;28900;INTARIAN_PEPPER_ROOT;12246;12;12244;17;;;12254;7;12258;23;;;12250.0;0.0
yf_MKC_d14;29000;ASH_COATED_OSMIUM;9902;16;9899;16;;;9908;17;9912;19;;;9905.0;0.0
yf_MKC_d14;29000;INTARIAN_PEPPER_ROOT;12245;21;12242;17;;;12255;18;12259;19;;;12250.0;0.0
yf_MKC_d14;29100;ASH_COATED_OSMIUM;9903;9;9899;19;;;9909;13;9911;30;;;9906.0;0.0
yf_MKC_d14;29100;INTARIAN_PEPPER_ROOT;12247;10;12244;23;;;12253;19;12255;14;;;12250.0;0.0
yf_MKC_d14;29200;ASH_COATED_OSMIUM;9897;24;9893;16;;;9913;11;9915;17;;;9905.0;0.0
yf_MKC_d14;29200;INTARIAN_PEPPER_ROOT;12247;17;12245;15;;;12253;13;12256;22;;;12250.0;0.0
yf_MKC_d14;29300;ASH_COATED_OSMIUM;9903;13;9900;26;;;9909;12;9913;25;;;9906.0;0.0
yf_MKC_d14;29300;INTARIAN_PEPPER_ROOT;12245;12;12242;22;;;12256;11;12260;22;;;12250.5;0.0
yf_MKC_d14;29400;ASH_COATED_OSMIUM;9903;11;9901;20;;;9909;20;9911;21;;;9906.0;0.0
yf_MKC_d14;29400;INTARIAN_PEPPER_ROOT;12248;16;12244;23;;;12254;14;12258;18;;;12251.0;0.0
yf_MKC_d14;29500;ASH_COATED_OSMIUM;9895;15;9892;15;;;9916;19;9920;11;;;9905.5;0.0
yf_MKC_d14;29500;INTARIAN_PEPPER_ROOT;12245;14;12242;21;;;12255;11;12258;21;;;12250.0;0.0
yf_MKC_d14;29600;ASH_COATED_OSMIUM;9902;11;9900;29;;;9908;21;9910;21;;;9905.0;0.0
yf_MKC_d14;29600;INTARIAN_PEPPER_ROOT;12248;19;12245;17;;;12254;14;12257;25;;;12251.0;0.0
yf_MKC_d14;29700;ASH_COATED_OSMIUM;9900;11;9898;26;;;9912;9;9914;14;;;9906.0;0.0
yf_MKC_d14;29700;INTARIAN_PEPPER_ROOT;12247;5;12243;17;;;12253;11;12257;17;;;12250.0;0.0
yf_MKC_d14;29800;ASH_COATED_OSMIUM;9903;28;9900;18;;;9909;10;9913;20;;;9906.0;0.0
yf_MKC_d14;29800;INTARIAN_PEPPER_ROOT;12248;15;12245;22;;;12254;13;12257;18;;;12251.0;0.0
yf_MKC_d14;29900;ASH_COATED_OSMIUM;9902;14;9898;15;;;9909;5;9913;16;;;9905.5;0.0
yf_MKC_d14;29900;INTARIAN_PEPPER_ROOT;12248;13;12246;20;;;12254;5;12256;15;;;12251.0;0.0
yf_MKC_d14;30000;ASH_COATED_OSMIUM;9903;30;9901;21;;;9909;10;9913;21;;;9906.0;0.0
yf_MKC_d14;30000;INTARIAN_PEPPER_ROOT;12249;21;12245;22;;;12255;15;12259;14;;;12252.0;0.0
yf_MKC_d14;30100;ASH_COATED_OSMIUM;9893;17;9891;28;;;9920;13;9922;13;;;9906.5;0.0
yf_MKC_d14;30100;INTARIAN_PEPPER_ROOT;12248;18;12244;23;;;12254;16;12258;22;;;12251.0;0.0
yf_MKC_d14;30200;ASH_COATED_OSMIUM;9902;9;9900;24;;;9908;20;9911;19;;;9905.0;0.0
yf_MKC_d14;30200;INTARIAN_PEPPER_ROOT;12223;15;12220;12;;;12280;22;12284;13;;;12251.5;0.0
yf_MKC_d14;30300;ASH_COATED_OSMIUM;9903;11;9900;23;;;9909;19;9911;25;;;9906.0;0.0
yf_MKC_d14;30300;INTARIAN_PEPPER_ROOT;12248;15;12246;22;;;12254;20;12257;18;;;12251.0;0.0
yf_MKC_d14;30400;ASH_COATED_OSMIUM;9900;17;9896;22;;;9913;16;9915;19;;;9906.5;0.0
yf_MKC_d14;30400;INTARIAN_PEPPER_ROOT;12247;14;12243;27;;;12256;18;12260;14;;;12251.5;0.0
yf_MKC_d14;30500;ASH_COATED_OSMIUM;9900;18;9896;11;;;9913;15;9915;18;;;9906.5;0.0
yf_MKC_d14;30500;INTARIAN_PEPPER_ROOT;12249;12;12246;18;;;12255;14;12258;24;;;12252.0;0.0
yf_MKC_d14;30600;ASH_COATED_OSMIUM;9901;14;9899;24;;;9912;18;9914;17;;;9906.5;0.0
yf_MKC_d14;30600;INTARIAN_PEPPER_ROOT;12232;11;12228;21;;;12273;23;12277;24;;;12252.5;0.0
yf_MKC_d14;30700;ASH_COATED_OSMIUM;9904;7;9900;31;;;9911;21;9915;13;;;9907.5;0.0
yf_MKC_d14;30700;INTARIAN_PEPPER_ROOT;12249;11;12247;21;;;12255;21;12257;19;;;12252.0;0.0
yf_MKC_d14;30800;ASH_COATED_OSMIUM;9903;5;9899;20;;;9909;13;9913;24;;;9906.0;0.0
yf_MKC_d14;30800;INTARIAN_PEPPER_ROOT;12246;11;12244;20;;;12258;12;12262;21;;;12252.0;0.0
yf_MKC_d14;30900;ASH_COATED_OSMIUM;9900;15;9898;17;;;9913;16;9915;21;;;9906.5;0.0
yf_MKC_d14;30900;INTARIAN_PEPPER_ROOT;12249;20;12247;19;;;12255;12;12257;21;;;12252.0;0.0
yf_MKC_d14;31000;ASH_COATED_OSMIUM;9903;8;9899;14;;;9909;24;9911;17;;;9906.0;0.0
yf_MKC_d14;31000;INTARIAN_PEPPER_ROOT;12248;11;12245;25;;;12258;11;12262;26;;;12253.0;0.0
yf_MKC_d14;31100;ASH_COATED_OSMIUM;9904;17;9902;20;;;9910;8;9913;15;;;9907.0;0.0
yf_MKC_d14;31100;INTARIAN_PEPPER_ROOT;12247;14;12245;23;;;12259;18;12263;28;;;12253.0;0.0
yf_MKC_d14;31200;ASH_COATED_OSMIUM;9903;15;9899;17;;;9909;14;9912;20;;;9906.0;0.0
yf_MKC_d14;31200;INTARIAN_PEPPER_ROOT;12247;7;12244;27;;;12258;11;12262;15;;;12252.5;0.0
yf_MKC_d14;31300;ASH_COATED_OSMIUM;9893;10;9891;27;;;9921;7;9923;27;;;9907.0;0.0
yf_MKC_d14;31300;INTARIAN_PEPPER_ROOT;12250;16;12248;17;;;12256;5;12258;18;;;12253.0;0.0
yf_MKC_d14;31400;ASH_COATED_OSMIUM;9903;14;9901;10;;;9909;14;9913;20;;;9906.0;0.0
yf_MKC_d14;31400;INTARIAN_PEPPER_ROOT;12250;21;12246;17;;;12256;9;12258;18;;;12253.0;0.0
yf_MKC_d14;31500;ASH_COATED_OSMIUM;9903;11;9899;19;;;9910;14;9912;17;;;9906.5;0.0
yf_MKC_d14;31500;INTARIAN_PEPPER_ROOT;12250;16;12248;19;;;12257;22;12261;16;;;12253.5;0.0
yf_MKC_d14;31600;ASH_COATED_OSMIUM;9904;16;9900;17;;;9910;18;9913;21;;;9907.0;0.0
yf_MKC_d14;31600;INTARIAN_PEPPER_ROOT;12249;13;12246;14;;;12257;24;12261;19;;;12253.0;0.0
yf_MKC_d14;31700;ASH_COATED_OSMIUM;9904;15;9900;24;;;9910;14;9913;20;;;9907.0;0.0
yf_MKC_d14;31700;INTARIAN_PEPPER_ROOT;12250;13;12246;15;;;12256;16;12258;14;;;12253.0;0.0
yf_MKC_d14;31800;ASH_COATED_OSMIUM;9904;12;9902;22;;;9910;14;9912;21;;;9907.0;0.0
yf_MKC_d14;31800;INTARIAN_PEPPER_ROOT;12251;15;12249;26;;;12257;11;12260;21;;;12254.0;0.0
yf_MKC_d14;31900;ASH_COATED_OSMIUM;9904;9;9901;22;;;9910;18;9913;22;;;9907.0;0.0
yf_MKC_d14;31900;INTARIAN_PEPPER_ROOT;12243;17;12241;18;;;12263;15;12265;8;;;12253.0;0.0
yf_MKC_d14;32000;ASH_COATED_OSMIUM;9903;16;9899;17;;;9910;10;9914;21;;;9906.5;0.0
yf_MKC_d14;32000;INTARIAN_PEPPER_ROOT;12251;22;12249;17;;;12257;11;12260;20;;;12254.0;0.0
yf_MKC_d14;32100;ASH_COATED_OSMIUM;9898;13;9895;15;;;9916;15;9919;20;;;9907.0;0.0
yf_MKC_d14;32100;INTARIAN_PEPPER_ROOT;12251;17;12248;20;;;12257;17;12261;13;;;12254.0;0.0
yf_MKC_d14;32200;ASH_COATED_OSMIUM;9896;18;9892;23;;;9919;17;9922;28;;;9907.5;0.0
yf_MKC_d14;32200;INTARIAN_PEPPER_ROOT;12251;18;12249;17;;;12257;14;12259;22;;;12254.0;0.0
yf_MKC_d14;32300;ASH_COATED_OSMIUM;9904;16;9902;15;;;9910;20;9914;20;;;9907.0;0.0
yf_MKC_d14;32300;INTARIAN_PEPPER_ROOT;12249;11;12246;13;;;12260;19;12263;22;;;12254.5;0.0
yf_MKC_d14;32400;ASH_COATED_OSMIUM;9904;20;9902;20;;;9910;7;9914;22;;;9907.0;0.0
yf_MKC_d14;32400;INTARIAN_PEPPER_ROOT;12251;14;12247;25;;;12257;9;12261;30;;;12254.0;0.0
yf_MKC_d14;32500;ASH_COATED_OSMIUM;9882;12;9880;15;;;9932;18;9935;24;;;9907.0;0.0
yf_MKC_d14;32500;INTARIAN_PEPPER_ROOT;12252;11;12250;30;;;12258;12;12262;21;;;12255.0;0.0
yf_MKC_d14;32600;ASH_COATED_OSMIUM;9899;15;9896;28;;;9915;15;9917;16;;;9907.0;0.0
yf_MKC_d14;32600;INTARIAN_PEPPER_ROOT;12248;9;12245;21;;;12261;12;12263;24;;;12254.5;0.0
yf_MKC_d14;32700;ASH_COATED_OSMIUM;9905;20;9902;15;;;9911;14;9914;18;;;9908.0;0.0
yf_MKC_d14;32700;INTARIAN_PEPPER_ROOT;12250;5;12248;15;;;12260;5;12264;19;;;12255.0;0.0
yf_MKC_d14;32800;ASH_COATED_OSMIUM;9904;19;9902;23;;;9910;26;9914;20;;;9907.0;0.0
yf_MKC_d14;32800;INTARIAN_PEPPER_ROOT;12252;9;12250;16;;;12258;22;12261;24;;;12255.0;0.0
yf_MKC_d14;32900;ASH_COATED_OSMIUM;9904;22;9902;14;;;9911;18;9914;20;;;9907.5;0.0
yf_MKC_d14;32900;INTARIAN_PEPPER_ROOT;12253;15;12250;17;;;12259;17;12262;20;;;12256.0;0.0
yf_MKC_d14;33000;ASH_COATED_OSMIUM;9905;13;9901;18;;;9911;6;9913;18;;;9908.0;0.0
yf_MKC_d14;33000;INTARIAN_PEPPER_ROOT;12246;23;12242;23;;;12266;14;12268;27;;;12256.0;0.0
yf_MKC_d14;33100;ASH_COATED_OSMIUM;9903;17;9901;20;;;9911;14;9913;25;;;9907.0;0.0
yf_MKC_d14;33100;INTARIAN_PEPPER_ROOT;12252;7;12248;11;;;12258;10;12262;24;;;12255.0;0.0
yf_MKC_d14;33200;ASH_COATED_OSMIUM;9905;20;9903;18;;;9911;20;9915;16;;;9908.0;0.0
yf_MKC_d14;33200;INTARIAN_PEPPER_ROOT;12253;16;12251;28;;;12259;15;12262;23;;;12256.0;0.0
yf_MKC_d14;33300;ASH_COATED_OSMIUM;9905;13;9902;11;;;9911;16;9914;20;;;9908.0;0.0
yf_MKC_d14;33300;INTARIAN_PEPPER_ROOT;12253;15;12250;16;;;12260;13;12263;19;;;12256.5;0.0
yf_MKC_d14;33400;ASH_COATED_OSMIUM;9905;15;9902;21;;;9911;17;9913;22;;;9908.0;0.0
yf_MKC_d14;33400;INTARIAN_PEPPER_ROOT;12253;13;12251;19;;;12259;6;12261;35;;;12256.0;0.0
yf_MKC_d14;33500;ASH_COATED_OSMIUM;9903;5;9899;14;;;9913;11;9915;17;;;9908.0;0.0
yf_MKC_d14;33500;INTARIAN_PEPPER_ROOT;12253;24;12251;19;;;12261;9;12264;14;;;12257.0;0.0
yf_MKC_d14;33600;ASH_COATED_OSMIUM;9901;19;9898;24;;;9915;14;9917;23;;;9908.0;0.0
yf_MKC_d14;33600;INTARIAN_PEPPER_ROOT;12254;11;12250;22;;;12260;15;12264;13;;;12257.0;0.0
yf_MKC_d14;33700;ASH_COATED_OSMIUM;9904;8;9901;26;;;9912;14;9914;16;;;9908.0;0.0
yf_MKC_d14;33700;INTARIAN_PEPPER_ROOT;12253;14;12249;19;;;12259;21;12261;23;;;12256.0;0.0
yf_MKC_d14;33800;ASH_COATED_OSMIUM;9904;11;9901;22;;;9912;14;9914;20;;;9908.0;0.0
yf_MKC_d14;33800;INTARIAN_PEPPER_ROOT;12253;7;12250;16;;;12259;11;12263;11;;;12256.0;0.0
yf_MKC_d14;33900;ASH_COATED_OSMIUM;9903;18;9899;26;;;9912;12;9915;23;;;9907.5;0.0
yf_MKC_d14;33900;INTARIAN_PEPPER_ROOT;12254;22;12251;20;;;12260;11;12263;17;;;12257.0;0.0
yf_MKC_d14;34000;ASH_COATED_OSMIUM;9905;20;9903;19;;;9911;13;9915;19;;;9908.0;0.0
yf_MKC_d14;34000;INTARIAN_PEPPER_ROOT;12254;13;12252;22;;;12260;16;12263;25;;;12257.0;0.0
yf_MKC_d14;34100;ASH_COATED_OSMIUM;9899;15;9896;15;;;9916;13;9919;9;;;9907.5;0.0
yf_MKC_d14;34100;INTARIAN_PEPPER_ROOT;12253;19;12250;21;;;12263;14;12265;20;;;12258.0;0.0
yf_MKC_d14;34200;ASH_COATED_OSMIUM;9905;5;9901;17;;;9911;16;9915;21;;;9908.0;0.0
yf_MKC_d14;34200;INTARIAN_PEPPER_ROOT;12255;11;12251;12;;;12261;19;12263;12;;;12258.0;0.0
yf_MKC_d14;34300;ASH_COATED_OSMIUM;9905;17;9902;20;;;9911;9;9915;19;;;9908.0;0.0
yf_MKC_d14;34300;INTARIAN_PEPPER_ROOT;12255;23;12253;27;;;12261;15;12265;21;;;12258.0;0.0
yf_MKC_d14;34400;ASH_COATED_OSMIUM;9896;14;9894;15;;;9919;15;9923;14;;;9907.5;0.0
yf_MKC_d14;34400;INTARIAN_PEPPER_ROOT;12256;5;12254;18;;;12262;15;12265;27;;;12259.0;0.0
yf_MKC_d14;34500;ASH_COATED_OSMIUM;9904;11;9902;23;;;9910;15;9912;22;;;9907.0;0.0
yf_MKC_d14;34500;INTARIAN_PEPPER_ROOT;12244;15;12241;20;;;12275;8;12278;15;;;12259.5;0.0
yf_MKC_d14;34600;ASH_COATED_OSMIUM;9905;13;9903;21;;;9911;17;9913;16;;;9908.0;0.0
yf_MKC_d14;34600;INTARIAN_PEPPER_ROOT;12256;11;12252;18;;;12262;12;12265;26;;;12259.0;0.0
yf_MKC_d14;34700;ASH_COATED_OSMIUM;9905;12;9901;18;;;9911;12;9915;28;;;9908.0;0.0
yf_MKC_d14;34700;INTARIAN_PEPPER_ROOT;12257;10;12253;17;;;12263;11;12267;23;;;12260.0;0.0
yf_MKC_d14;34800;ASH_COATED_OSMIUM;9898;23;9896;24;;;9917;17;9921;16;;;9907.5;0.0
yf_MKC_d14;34800;INTARIAN_PEPPER_ROOT;12257;30;12253;18;;;12263;5;12267;16;;;12260.0;0.0
yf_MKC_d14;34900;ASH_COATED_OSMIUM;9905;14;9902;16;;;9911;13;9913;20;;;9908.0;0.0
yf_MKC_d14;34900;INTARIAN_PEPPER_ROOT;12258;10;12256;18;;;12264;16;12267;25;;;12261.0;0.0
yf_MKC_d14;35000;ASH_COATED_OSMIUM;9905;16;9901;26;;;9911;6;9914;17;;;9908.0;0.0
yf_MKC_d14;35000;INTARIAN_PEPPER_ROOT;12257;21;12255;25;;;12266;16;12268;17;;;12261.5;0.0
yf_MKC_d14;35100;ASH_COATED_OSMIUM;9905;13;9902;22;;;9911;15;9913;21;;;9908.0;0.0
yf_MKC_d14;35100;INTARIAN_PEPPER_ROOT;12259;14;12256;21;;;12265;22;12269;15;;;12262.0;0.0
yf_MKC_d14;35200;ASH_COATED_OSMIUM;9905;18;9901;21;;;9911;23;9913;8;;;9908.0;0.0
yf_MKC_d14;35200;INTARIAN_PEPPER_ROOT;12254;15;12251;20;;;12269;14;12272;20;;;12261.5;0.0
yf_MKC_d14;35300;ASH_COATED_OSMIUM;9905;14;9901;15;;;9911;14;9915;25;;;9908.0;0.0
yf_MKC_d14;35300;INTARIAN_PEPPER_ROOT;12260;16;12258;17;;;12266;18;12268;19;;;12263.0;0.0
yf_MKC_d14;35400;ASH_COATED_OSMIUM;9905;7;9901;19;;;9911;5;9915;20;;;9908.0;0.0
yf_MKC_d14;35400;INTARIAN_PEPPER_ROOT;12254;13;12251;21;;;12273;14;12275;16;;;12263.5;0.0
yf_MKC_d14;35500;ASH_COATED_OSMIUM;9904;15;9902;16;;;9912;18;9915;19;;;9908.0;0.0
yf_MKC_d14;35500;INTARIAN_PEPPER_ROOT;12259;10;12256;15;;;12268;7;12271;13;;;12263.5;0.0
yf_MKC_d14;35600;ASH_COATED_OSMIUM;9905;11;9902;21;;;9911;20;9914;18;;;9908.0;0.0
yf_MKC_d14;35600;INTARIAN_PEPPER_ROOT;12261;9;12259;19;;;12267;21;12269;19;;;12264.0;0.0
yf_MKC_d14;35700;ASH_COATED_OSMIUM;9905;11;9903;24;;;9911;11;9913;23;;;9908.0;0.0
yf_MKC_d14;35700;INTARIAN_PEPPER_ROOT;12261;11;12257;19;;;12267;13;12270;17;;;12264.0;0.0
yf_MKC_d14;35800;ASH_COATED_OSMIUM;9904;8;9900;16;;;9911;19;9915;26;;;9907.5;0.0
yf_MKC_d14;35800;INTARIAN_PEPPER_ROOT;12262;10;12258;25;;;12268;16;12271;25;;;12265.0;0.0
yf_MKC_d14;35900;ASH_COATED_OSMIUM;9905;18;9901;15;;;9911;11;9914;21;;;9908.0;0.0
yf_MKC_d14;35900;INTARIAN_PEPPER_ROOT;12262;20;12259;18;;;12268;11;12271;11;;;12265.0;0.0
yf_MKC_d14;36000;ASH_COATED_OSMIUM;9888;20;9886;23;;;9927;14;9931;18;;;9907.5;0.0
yf_MKC_d14;36000;INTARIAN_PEPPER_ROOT;12254;12;12252;14;;;12277;17;12280;18;;;12265.5;0.0
yf_MKC_d14;36100;ASH_COATED_OSMIUM;9905;14;9902;9;;;9912;11;9915;15;;;9908.5;0.0
yf_MKC_d14;36100;INTARIAN_PEPPER_ROOT;12263;12;12259;23;;;12269;17;12271;19;;;12266.0;0.0
yf_MKC_d14;36200;ASH_COATED_OSMIUM;9905;24;9902;20;;;9912;18;9915;24;;;9908.5;0.0
yf_MKC_d14;36200;INTARIAN_PEPPER_ROOT;12263;19;12261;20;;;12271;23;12274;24;;;12267.0;0.0
yf_MKC_d14;36300;ASH_COATED_OSMIUM;9898;13;9895;15;;;9917;11;9921;21;;;9907.5;0.0
yf_MKC_d14;36300;INTARIAN_PEPPER_ROOT;12264;16;12260;18;;;12270;15;12272;14;;;12267.0;0.0
yf_MKC_d14;36400;ASH_COATED_OSMIUM;9904;21;9902;9;;;9910;17;9912;23;;;9907.0;0.0
yf_MKC_d14;36400;INTARIAN_PEPPER_ROOT;12264;18;12261;19;;;12270;18;12272;19;;;12267.0;0.0
yf_MKC_d14;36500;ASH_COATED_OSMIUM;9904;13;9901;20;;;9913;17;9917;35;;;9908.5;0.0
yf_MKC_d14;36500;INTARIAN_PEPPER_ROOT;12260;15;12258;17;;;12274;11;12277;13;;;12267.0;0.0
yf_MKC_d14;36600;ASH_COATED_OSMIUM;9900;23;9896;16;;;9916;13;9918;18;;;9908.0;0.0
yf_MKC_d14;36600;INTARIAN_PEPPER_ROOT;12265;14;12261;28;;;12271;13;12275;21;;;12268.0;0.0
yf_MKC_d14;36700;ASH_COATED_OSMIUM;9895;17;9892;21;;;9920;15;9922;17;;;9907.5;0.0
yf_MKC_d14;36700;INTARIAN_PEPPER_ROOT;12254;10;12250;23;;;12283;20;12285;20;;;12268.5;0.0
yf_MKC_d14;36800;ASH_COATED_OSMIUM;9904;8;9902;28;;;9911;22;9915;22;;;9907.5;0.0
yf_MKC_d14;36800;INTARIAN_PEPPER_ROOT;12266;12;12262;25;;;12272;22;12274;21;;;12269.0;0.0
yf_MKC_d14;36900;ASH_COATED_OSMIUM;9901;20;9897;16;;;9915;12;9919;21;;;9908.0;0.0
yf_MKC_d14;36900;INTARIAN_PEPPER_ROOT;12266;5;12262;25;;;12272;19;12275;19;;;12269.0;0.0
yf_MKC_d14;37000;ASH_COATED_OSMIUM;9902;17;9900;24;;;9913;13;9916;17;;;9907.5;0.0
yf_MKC_d14;37000;INTARIAN_PEPPER_ROOT;12267;24;12263;24;;;12273;14;12277;19;;;12270.0;0.0
yf_MKC_d14;37100;ASH_COATED_OSMIUM;9905;14;9901;21;;;9911;16;9915;31;;;9908.0;0.0
yf_MKC_d14;37100;INTARIAN_PEPPER_ROOT;12267;9;12263;18;;;12273;13;12275;18;;;12270.0;0.0
yf_MKC_d14;37200;ASH_COATED_OSMIUM;9905;9;9903;21;;;9911;16;9914;18;;;9908.0;0.0
yf_MKC_d14;37200;INTARIAN_PEPPER_ROOT;12268;19;12265;15;;;12274;19;12278;16;;;12271.0;0.0
yf_MKC_d14;37300;ASH_COATED_OSMIUM;9905;21;9903;26;;;9911;16;9913;11;;;9908.0;0.0
yf_MKC_d14;37300;INTARIAN_PEPPER_ROOT;12268;12;12266;20;;;12274;16;12278;23;;;12271.0;0.0
yf_MKC_d14;37400;ASH_COATED_OSMIUM;9905;12;9901;24;;;9911;9;9913;16;;;9908.0;0.0
yf_MKC_d14;37400;INTARIAN_PEPPER_ROOT;12268;6;12264;22;;;12274;15;12276;31;;;12271.0;0.0
yf_MKC_d14;37500;ASH_COATED_OSMIUM;9902;10;9899;23;;;9914;11;9918;22;;;9908.0;0.0
yf_MKC_d14;37500;INTARIAN_PEPPER_ROOT;12263;14;12260;21;;;12282;10;12284;12;;;12272.5;0.0
yf_MKC_d14;37600;ASH_COATED_OSMIUM;9900;12;9898;13;;;9916;10;9919;27;;;9908.0;0.0
yf_MKC_d14;37600;INTARIAN_PEPPER_ROOT;12270;11;12268;27;;;12276;10;12280;15;;;12273.0;0.0
yf_MKC_d14;37700;ASH_COATED_OSMIUM;9905;19;9902;19;;;9911;6;9915;30;;;9908.0;0.0
yf_MKC_d14;37700;INTARIAN_PEPPER_ROOT;12266;16;12264;28;;;12278;14;12281;24;;;12272.0;0.0
yf_MKC_d14;37800;ASH_COATED_OSMIUM;9905;21;9901;34;;;9911;9;9913;13;;;9908.0;0.0
yf_MKC_d14;37800;INTARIAN_PEPPER_ROOT;12270;13;12268;24;;;12276;14;12278;17;;;12273.0;0.0
yf_MKC_d14;37900;ASH_COATED_OSMIUM;9903;19;9901;18;;;9912;9;9916;13;;;9907.5;0.0
yf_MKC_d14;37900;INTARIAN_PEPPER_ROOT;12270;5;12268;18;;;12276;21;12279;27;;;12273.0;0.0
yf_MKC_d14;38000;ASH_COATED_OSMIUM;9905;17;9902;16;;;9911;11;9914;27;;;9908.0;0.0
yf_MKC_d14;38000;INTARIAN_PEPPER_ROOT;12271;17;12267;22;;;12277;5;12279;20;;;12274.0;0.0
yf_MKC_d14;38100;ASH_COATED_OSMIUM;9897;7;9895;16;;;9919;7;9922;15;;;9908.0;0.0
yf_MKC_d14;38100;INTARIAN_PEPPER_ROOT;12271;19;12269;24;;;12277;20;12279;18;;;12274.0;0.0
yf_MKC_d14;38200;ASH_COATED_OSMIUM;9892;17;9889;20;;;9924;9;9926;18;;;9908.0;0.0
yf_MKC_d14;38200;INTARIAN_PEPPER_ROOT;12272;17;12269;29;;;12278;14;12281;17;;;12275.0;0.0
yf_MKC_d14;38300;ASH_COATED_OSMIUM;9903;9;9899;15;;;9913;11;9916;16;;;9908.0;0.0
yf_MKC_d14;38300;INTARIAN_PEPPER_ROOT;12268;19;12265;21;;;12284;25;12287;24;;;12276.0;0.0
yf_MKC_d14;38400;ASH_COATED_OSMIUM;9904;11;9902;24;;;9910;9;9912;24;;;9907.0;0.0
yf_MKC_d14;38400;INTARIAN_PEPPER_ROOT;12264;13;12260;26;;;12288;15;12292;29;;;12276.0;0.0
yf_MKC_d14;38500;ASH_COATED_OSMIUM;9905;21;9902;25;;;9911;12;9915;19;;;9908.0;0.0
yf_MKC_d14;38500;INTARIAN_PEPPER_ROOT;12273;14;12269;17;;;12279;12;12283;22;;;12276.0;0.0
yf_MKC_d14;38600;ASH_COATED_OSMIUM;9903;14;9899;17;;;9910;11;9912;27;;;9906.5;0.0
yf_MKC_d14;38600;INTARIAN_PEPPER_ROOT;12272;10;12270;15;;;12281;9;12284;28;;;12276.5;0.0
yf_MKC_d14;38700;ASH_COATED_OSMIUM;9904;15;9901;25;;;9910;14;9914;16;;;9907.0;0.0
yf_MKC_d14;38700;INTARIAN_PEPPER_ROOT;12274;13;12270;13;;;12280;10;12282;8;;;12277.0;0.0
yf_MKC_d14;38800;ASH_COATED_OSMIUM;9905;12;9901;15;;;9911;9;9915;20;;;9908.0;0.0
yf_MKC_d14;38800;INTARIAN_PEPPER_ROOT;12274;12;12272;15;;;12280;25;12282;35;;;12277.0;0.0
yf_MKC_d14;38900;ASH_COATED_OSMIUM;9892;6;9888;18;;;9922;17;9925;16;;;9907.0;0.0
yf_MKC_d14;38900;INTARIAN_PEPPER_ROOT;12275;13;12273;20;;;12281;16;12283;22;;;12278.0;0.0
yf_MKC_d14;39000;ASH_COATED_OSMIUM;9904;13;9901;14;;;9910;10;9914;21;;;9907.0;0.0
yf_MKC_d14;39000;INTARIAN_PEPPER_ROOT;12271;9;12268;26;;;12284;19;12287;21;;;12277.5;0.0
yf_MKC_d14;39100;ASH_COATED_OSMIUM;9903;19;9900;21;;;9911;18;9914;24;;;9907.0;0.0
yf_MKC_d14;39100;INTARIAN_PEPPER_ROOT;12273;14;12271;15;;;12285;11;12287;16;;;12279.0;0.0
yf_MKC_d14;39200;ASH_COATED_OSMIUM;9905;10;9902;16;;;9911;7;9913;26;;;9908.0;0.0
yf_MKC_d14;39200;INTARIAN_PEPPER_ROOT;12275;14;12272;22;;;12281;12;12284;26;;;12278.0;0.0
yf_MKC_d14;39300;ASH_COATED_OSMIUM;9905;19;9901;26;;;9911;10;9915;22;;;9908.0;0.0
yf_MKC_d14;39300;INTARIAN_PEPPER_ROOT;12276;6;12272;27;;;12282;16;12285;14;;;12279.0;0.0
yf_MKC_d14;39400;ASH_COATED_OSMIUM;9904;7;9902;27;;;9910;5;9913;17;;;9907.0;0.0
yf_MKC_d14;39400;INTARIAN_PEPPER_ROOT;12277;26;12274;17;;;12283;6;12285;22;;;12280.0;0.0
yf_MKC_d14;39500;ASH_COATED_OSMIUM;9904;30;9902;11;;;9910;22;9914;14;;;9907.0;0.0
yf_MKC_d14;39500;INTARIAN_PEPPER_ROOT;12276;13;12273;24;;;12282;13;12284;21;;;12279.0;0.0
yf_MKC_d14;39600;ASH_COATED_OSMIUM;9905;26;9902;21;;;9911;13;9915;12;;;9908.0;0.0
yf_MKC_d14;39600;INTARIAN_PEPPER_ROOT;12275;13;12272;18;;;12286;10;12290;20;;;12280.5;0.0
yf_MKC_d14;39700;ASH_COATED_OSMIUM;9904;14;9901;28;;;9910;14;9912;16;;;9907.0;0.0
yf_MKC_d14;39700;INTARIAN_PEPPER_ROOT;12278;16;12274;15;;;12284;23;12287;19;;;12281.0;0.0
yf_MKC_d14;39800;ASH_COATED_OSMIUM;9904;8;9901;15;;;9910;8;9912;16;;;9907.0;0.0
yf_MKC_d14;39800;INTARIAN_PEPPER_ROOT;12278;20;12276;22;;;12284;11;12286;18;;;12281.0;0.0
yf_MKC_d14;39900;ASH_COATED_OSMIUM;9899;17;9896;17;;;9916;15;9918;13;;;9907.5;0.0
yf_MKC_d14;39900;INTARIAN_PEPPER_ROOT;12279;7;12275;24;;;12285;8;12287;17;;;12282.0;0.0
yf_MKC_d14;40000;ASH_COATED_OSMIUM;9905;15;9901;14;;;9911;5;9913;15;;;9908.0;0.0
yf_MKC_d14;40000;INTARIAN_PEPPER_ROOT;12276;16;12273;25;;;12288;11;12291;27;;;12282.0;0.0
yf_MKC_d14;40100;ASH_COATED_OSMIUM;9904;29;9900;23;;;9910;10;9912;23;;;9907.0;0.0
yf_MKC_d14;40100;INTARIAN_PEPPER_ROOT;12262;8;12259;13;;;12303;9;12305;23;;;12282.5;0.0
yf_MKC_d14;40200;ASH_COATED_OSMIUM;9904;15;9902;25;;;9910;8;9912;12;;;9907.0;0.0
yf_MKC_d14;40200;INTARIAN_PEPPER_ROOT;12272;16;12270;16;;;12295;20;12299;9;;;12283.5;0.0
yf_MKC_d14;40300;ASH_COATED_OSMIUM;9903;13;9901;19;;;9911;25;9914;21;;;9907.0;0.0
yf_MKC_d14;40300;INTARIAN_PEPPER_ROOT;12281;23;12279;24;;;12287;16;12290;18;;;12284.0;0.0
yf_MKC_d14;40400;ASH_COATED_OSMIUM;9904;13;9901;14;;;9910;22;9912;14;;;9907.0;0.0
yf_MKC_d14;40400;INTARIAN_PEPPER_ROOT;12280;22;12278;15;;;12286;20;12289;24;;;12283.0;0.0
yf_MKC_d14;40500;ASH_COATED_OSMIUM;9904;19;9900;17;;;9910;16;9914;21;;;9907.0;0.0
yf_MKC_d14;40500;INTARIAN_PEPPER_ROOT;12281;24;12279;31;;;12287;18;12290;30;;;12284.0;0.0
yf_MKC_d14;40600;ASH_COATED_OSMIUM;9903;15;9899;12;;;9911;16;9913;24;;;9907.0;0.0
yf_MKC_d14;40600;INTARIAN_PEPPER_ROOT;12280;9;12276;21;;;12289;16;12292;24;;;12284.5;0.0
yf_MKC_d14;40700;ASH_COATED_OSMIUM;9903;11;9899;11;;;9911;14;9915;19;;;9907.0;0.0
yf_MKC_d14;40700;INTARIAN_PEPPER_ROOT;12271;13;12267;29;;;12301;15;12303;15;;;12286.0;0.0
yf_MKC_d14;40800;ASH_COATED_OSMIUM;9904;10;9900;20;;;9910;11;9913;27;;;9907.0;0.0
yf_MKC_d14;40800;INTARIAN_PEPPER_ROOT;12283;15;12279;22;;;12289;10;12293;25;;;12286.0;0.0
yf_MKC_d14;40900;ASH_COATED_OSMIUM;9905;13;9903;17;;;9911;17;9915;19;;;9908.0;0.0
yf_MKC_d14;40900;INTARIAN_PEPPER_ROOT;12283;12;12281;10;;;12289;27;12292;31;;;12286.0;0.0
yf_MKC_d14;41000;ASH_COATED_OSMIUM;9904;17;9900;23;;;9912;9;9914;19;;;9908.0;0.0
yf_MKC_d14;41000;INTARIAN_PEPPER_ROOT;12283;9;12280;19;;;12289;22;12291;30;;;12286.0;0.0
yf_MKC_d14;41100;ASH_COATED_OSMIUM;9897;16;9894;23;;;9918;9;9920;30;;;9907.5;0.0
yf_MKC_d14;41100;INTARIAN_PEPPER_ROOT;12276;17;12272;11;;;12298;18;12300;21;;;12287.0;0.0
yf_MKC_d14;41200;ASH_COATED_OSMIUM;9901;14;9899;21;;;9913;16;9915;25;;;9907.0;0.0
yf_MKC_d14;41200;INTARIAN_PEPPER_ROOT;12285;17;12282;8;;;12291;12;12293;21;;;12288.0;0.0
yf_MKC_d14;41300;ASH_COATED_OSMIUM;9904;15;9901;18;;;9910;12;9912;19;;;9907.0;0.0
yf_MKC_d14;41300;INTARIAN_PEPPER_ROOT;12279;18;12277;18;;;12295;13;12299;19;;;12287.0;0.0
yf_MKC_d14;41400;ASH_COATED_OSMIUM;9904;22;9900;26;;;9910;6;9913;17;;;9907.0;0.0
yf_MKC_d14;41400;INTARIAN_PEPPER_ROOT;12283;19;12281;17;;;12293;13;12295;20;;;12288.0;0.0
yf_MKC_d14;41500;ASH_COATED_OSMIUM;9904;22;9901;17;;;9910;10;9914;22;;;9907.0;0.0
yf_MKC_d14;41500;INTARIAN_PEPPER_ROOT;12286;14;12283;30;;;12292;22;12296;16;;;12289.0;0.0
yf_MKC_d14;41600;ASH_COATED_OSMIUM;9904;7;9901;22;;;9910;14;9914;22;;;9907.0;0.0
yf_MKC_d14;41600;INTARIAN_PEPPER_ROOT;12281;18;12279;19;;;12298;12;12300;21;;;12289.5;0.0
yf_MKC_d14;41700;ASH_COATED_OSMIUM;9904;15;9900;23;;;9910;23;9912;22;;;9907.0;0.0
yf_MKC_d14;41700;INTARIAN_PEPPER_ROOT;12286;19;12282;28;;;12292;20;12296;19;;;12289.0;0.0
yf_MKC_d14;41800;ASH_COATED_OSMIUM;9903;14;9900;22;;;9912;9;9915;22;;;9907.5;0.0
yf_MKC_d14;41800;INTARIAN_PEPPER_ROOT;12287;16;12283;24;;;12293;23;12296;14;;;12290.0;0.0
yf_MKC_d14;41900;ASH_COATED_OSMIUM;9904;14;9900;10;;;9910;6;9914;20;;;9907.0;0.0
yf_MKC_d14;41900;INTARIAN_PEPPER_ROOT;12287;11;12283;12;;;12293;12;12296;11;;;12290.0;0.0
yf_MKC_d14;42000;ASH_COATED_OSMIUM;9893;17;9890;16;;;9922;12;9924;19;;;9907.5;0.0
yf_MKC_d14;42000;INTARIAN_PEPPER_ROOT;12288;5;12286;14;;;12294;13;12297;22;;;12291.0;0.0
yf_MKC_d14;42100;ASH_COATED_OSMIUM;9902;16;9898;25;;;9913;16;9917;19;;;9907.5;0.0
yf_MKC_d14;42100;INTARIAN_PEPPER_ROOT;12288;16;12286;23;;;12294;18;12296;21;;;12291.0;0.0
yf_MKC_d14;42200;ASH_COATED_OSMIUM;9904;13;9900;28;;;9910;16;9912;22;;;9907.0;0.0
yf_MKC_d14;42200;INTARIAN_PEPPER_ROOT;12289;10;12285;10;;;12295;14;12299;16;;;12292.0;0.0
yf_MKC_d14;42300;ASH_COATED_OSMIUM;9900;11;9897;15;;;9914;15;9916;22;;;9907.0;0.0
yf_MKC_d14;42300;INTARIAN_PEPPER_ROOT;12289;16;12287;15;;;12295;18;12299;22;;;12292.0;0.0
yf_MKC_d14;42400;ASH_COATED_OSMIUM;9904;10;9901;16;;;9910;15;9912;18;;;9907.0;0.0
yf_MKC_d14;42400;INTARIAN_PEPPER_ROOT;12289;9;12286;18;;;12295;15;12298;15;;;12292.0;0.0
yf_MKC_d14;42500;ASH_COATED_OSMIUM;9904;19;9900;20;;;9910;11;9913;23;;;9907.0;0.0
yf_MKC_d14;42500;INTARIAN_PEPPER_ROOT;12290;12;12287;17;;;12296;7;12299;27;;;12293.0;0.0
yf_MKC_d14;42600;ASH_COATED_OSMIUM;9904;13;9902;23;;;9910;14;9914;18;;;9907.0;0.0
yf_MKC_d14;42600;INTARIAN_PEPPER_ROOT;12290;14;12286;25;;;12296;14;12299;23;;;12293.0;0.0
yf_MKC_d14;42700;ASH_COATED_OSMIUM;9904;17;9902;23;;;9910;5;9914;29;;;9907.0;0.0
yf_MKC_d14;42700;INTARIAN_PEPPER_ROOT;12290;21;12288;26;;;12296;19;12298;19;;;12293.0;0.0
yf_MKC_d14;42800;ASH_COATED_OSMIUM;9898;12;9894;19;;;9917;7;9919;11;;;9907.5;0.0
yf_MKC_d14;42800;INTARIAN_PEPPER_ROOT;12291;10;12289;23;;;12297;8;12299;22;;;12294.0;0.0
yf_MKC_d14;42900;ASH_COATED_OSMIUM;9904;13;9900;16;;;9910;12;9913;15;;;9907.0;0.0
yf_MKC_d14;42900;INTARIAN_PEPPER_ROOT;12292;13;12290;25;;;12298;14;12300;11;;;12295.0;0.0
yf_MKC_d14;43000;ASH_COATED_OSMIUM;9901;8;9897;25;;;9913;16;9916;21;;;9907.0;0.0
yf_MKC_d14;43000;INTARIAN_PEPPER_ROOT;12288;15;12286;20;;;12301;17;12305;14;;;12294.5;0.0
yf_MKC_d14;43100;ASH_COATED_OSMIUM;9904;13;9901;19;;;9910;10;9913;9;;;9907.0;0.0
yf_MKC_d14;43100;INTARIAN_PEPPER_ROOT;12280;17;12278;23;;;12310;16;12313;22;;;12295.0;0.0
yf_MKC_d14;43200;ASH_COATED_OSMIUM;9901;16;9898;27;;;9913;18;9915;20;;;9907.0;0.0
yf_MKC_d14;43200;INTARIAN_PEPPER_ROOT;12293;14;12289;21;;;12299;15;12302;10;;;12296.0;0.0
yf_MKC_d14;43300;ASH_COATED_OSMIUM;9900;11;9898;25;;;9916;15;9919;22;;;9908.0;0.0
yf_MKC_d14;43300;INTARIAN_PEPPER_ROOT;12274;23;12272;24;;;12318;10;12321;12;;;12296.0;0.0
yf_MKC_d14;43400;ASH_COATED_OSMIUM;9904;8;9901;15;;;9910;21;9913;17;;;9907.0;0.0
yf_MKC_d14;43400;INTARIAN_PEPPER_ROOT;12293;12;12290;14;;;12299;16;12303;22;;;12296.0;0.0
yf_MKC_d14;43500;ASH_COATED_OSMIUM;9904;6;9900;18;;;9910;22;9912;22;;;9907.0;0.0
yf_MKC_d14;43500;INTARIAN_PEPPER_ROOT;12294;12;12291;21;;;12300;13;12304;8;;;12297.0;0.0
yf_MKC_d14;43600;ASH_COATED_OSMIUM;9904;11;9901;17;;;9910;14;9914;28;;;9907.0;0.0
yf_MKC_d14;43600;INTARIAN_PEPPER_ROOT;12295;16;12293;21;;;12301;19;12303;19;;;12298.0;0.0
yf_MKC_d14;43700;ASH_COATED_OSMIUM;9903;21;9901;20;;;9911;12;9915;17;;;9907.0;0.0
yf_MKC_d14;43700;INTARIAN_PEPPER_ROOT;12295;11;12291;24;;;12301;5;12305;22;;;12298.0;0.0
yf_MKC_d14;43800;ASH_COATED_OSMIUM;9905;10;9902;27;;;9911;10;9914;16;;;9908.0;0.0
yf_MKC_d14;43800;INTARIAN_PEPPER_ROOT;12295;19;12293;11;;;12301;26;12303;18;;;12298.0;0.0
yf_MKC_d14;43900;ASH_COATED_OSMIUM;9904;13;9901;19;;;9910;11;9914;11;;;9907.0;0.0
yf_MKC_d14;43900;INTARIAN_PEPPER_ROOT;12291;5;12287;16;;;12308;22;12310;21;;;12299.5;0.0
yf_MKC_d14;44000;ASH_COATED_OSMIUM;9905;17;9902;15;;;9911;5;9915;29;;;9908.0;0.0
yf_MKC_d14;44000;INTARIAN_PEPPER_ROOT;12291;15;12288;17;;;12309;10;12312;17;;;12300.0;0.0
yf_MKC_d14;44100;ASH_COATED_OSMIUM;9905;18;9903;17;;;9911;12;9913;19;;;9908.0;0.0
yf_MKC_d14;44100;INTARIAN_PEPPER_ROOT;12285;14;12282;17;;;12315;17;12317;10;;;12300.0;0.0
yf_MKC_d14;44200;ASH_COATED_OSMIUM;9904;13;9902;10;;;9910;13;9914;19;;;9907.0;0.0
yf_MKC_d14;44200;INTARIAN_PEPPER_ROOT;12296;17;12294;21;;;12303;19;12307;19;;;12299.5;0.0
yf_MKC_d14;44300;ASH_COATED_OSMIUM;9904;19;9902;13;;;9910;5;9912;19;;;9907.0;0.0
yf_MKC_d14;44300;INTARIAN_PEPPER_ROOT;12293;18;12290;18;;;12307;23;12309;23;;;12300.0;0.0
yf_MKC_d14;44400;ASH_COATED_OSMIUM;9904;20;9900;17;;;9910;19;9912;24;;;9907.0;0.0
yf_MKC_d14;44400;INTARIAN_PEPPER_ROOT;12297;15;12293;19;;;12303;16;12307;18;;;12300.0;0.0
yf_MKC_d14;44500;ASH_COATED_OSMIUM;9898;13;9894;22;;;9916;19;9920;25;;;9907.0;0.0
yf_MKC_d14;44500;INTARIAN_PEPPER_ROOT;12297;13;12293;18;;;12304;15;12308;20;;;12300.5;0.0
yf_MKC_d14;44600;ASH_COATED_OSMIUM;9896;5;9893;23;;;9917;15;9920;24;;;9906.5;0.0
yf_MKC_d14;44600;INTARIAN_PEPPER_ROOT;12296;26;12292;20;;;12307;6;12310;13;;;12301.5;0.0
yf_MKC_d14;44700;ASH_COATED_OSMIUM;9895;11;9892;9;;;9919;13;9921;25;;;9907.0;0.0
yf_MKC_d14;44700;INTARIAN_PEPPER_ROOT;12299;13;12297;16;;;12305;9;12309;14;;;12302.0;0.0
yf_MKC_d14;44800;ASH_COATED_OSMIUM;9902;9;9898;24;;;9911;10;9915;22;;;9906.5;0.0
yf_MKC_d14;44800;INTARIAN_PEPPER_ROOT;12299;14;12297;19;;;12305;13;12309;24;;;12302.0;0.0
yf_MKC_d14;44900;ASH_COATED_OSMIUM;9904;19;9902;12;;;9910;11;9914;30;;;9907.0;0.0
yf_MKC_d14;44900;INTARIAN_PEPPER_ROOT;12298;18;12294;13;;;12306;11;12308;21;;;12302.0;0.0
yf_MKC_d14;45000;ASH_COATED_OSMIUM;9904;16;9900;18;;;9910;11;9912;31;;;9907.0;0.0
yf_MKC_d14;45000;INTARIAN_PEPPER_ROOT;12300;19;12298;14;;;12306;19;12308;19;;;12303.0;0.0
yf_MKC_d14;45100;ASH_COATED_OSMIUM;9904;16;9900;21;;;9910;11;9912;19;;;9907.0;0.0
yf_MKC_d14;45100;INTARIAN_PEPPER_ROOT;12299;10;12295;17;;;12309;9;12311;17;;;12304.0;0.0
yf_MKC_d14;45200;ASH_COATED_OSMIUM;9892;9;9889;22;;;9923;23;9927;20;;;9907.5;0.0
yf_MKC_d14;45200;INTARIAN_PEPPER_ROOT;12301;6;12299;22;;;12307;12;12310;27;;;12304.0;0.0
yf_MKC_d14;45300;ASH_COATED_OSMIUM;9904;18;9902;15;;;9910;18;9912;22;;;9907.0;0.0
yf_MKC_d14;45300;INTARIAN_PEPPER_ROOT;12297;16;12293;20;;;12312;18;12314;21;;;12304.5;0.0
yf_MKC_d14;45400;ASH_COATED_OSMIUM;9904;16;9901;25;;;9910;11;9912;19;;;9907.0;0.0
yf_MKC_d14;45400;INTARIAN_PEPPER_ROOT;12300;18;12298;17;;;12310;17;12312;21;;;12305.0;0.0
yf_MKC_d14;45500;ASH_COATED_OSMIUM;9900;16;9898;11;;;9913;20;9916;19;;;9906.5;0.0
yf_MKC_d14;45500;INTARIAN_PEPPER_ROOT;12302;14;12298;18;;;12308;19;12312;19;;;12305.0;0.0
yf_MKC_d14;45600;ASH_COATED_OSMIUM;9899;17;9897;19;;;9914;12;9918;9;;;9906.5;0.0
yf_MKC_d14;45600;INTARIAN_PEPPER_ROOT;12300;12;12296;13;;;12311;14;12314;29;;;12305.5;0.0
yf_MKC_d14;45700;ASH_COATED_OSMIUM;9904;21;9900;17;;;9910;16;9914;24;;;9907.0;0.0
yf_MKC_d14;45700;INTARIAN_PEPPER_ROOT;12303;20;12299;18;;;12309;13;12311;10;;;12306.0;0.0
yf_MKC_d14;45800;ASH_COATED_OSMIUM;9904;15;9900;24;;;9910;19;9913;26;;;9907.0;0.0
yf_MKC_d14;45800;INTARIAN_PEPPER_ROOT;12304;11;12301;18;;;12310;22;12313;17;;;12307.0;0.0
yf_MKC_d14;45900;ASH_COATED_OSMIUM;9902;17;9900;18;;;9911;16;9914;21;;;9906.5;0.0
yf_MKC_d14;45900;INTARIAN_PEPPER_ROOT;12304;21;12300;10;;;12310;16;12313;25;;;12307.0;0.0
yf_MKC_d14;46000;ASH_COATED_OSMIUM;9901;10;9899;18;;;9913;21;9916;25;;;9907.0;0.0
yf_MKC_d14;46000;INTARIAN_PEPPER_ROOT;12301;16;12297;9;;;12313;19;12316;21;;;12307.0;0.0
yf_MKC_d14;46100;ASH_COATED_OSMIUM;9904;5;9902;14;;;9910;25;9913;20;;;9907.0;0.0
yf_MKC_d14;46100;INTARIAN_PEPPER_ROOT;12301;15;12298;26;;;12315;12;12318;14;;;12308.0;0.0
yf_MKC_d14;46200;ASH_COATED_OSMIUM;9900;7;9896;22;;;9914;7;9917;16;;;9907.0;0.0
yf_MKC_d14;46200;INTARIAN_PEPPER_ROOT;12305;6;12303;21;;;12311;13;12313;27;;;12308.0;0.0
yf_MKC_d14;46300;ASH_COATED_OSMIUM;9904;12;9902;20;;;9910;19;9912;14;;;9907.0;0.0
yf_MKC_d14;46300;INTARIAN_PEPPER_ROOT;12305;5;12303;11;;;12311;7;12314;24;;;12308.0;0.0
yf_MKC_d14;46400;ASH_COATED_OSMIUM;9904;27;9902;31;;;9910;20;9912;13;;;9907.0;0.0
yf_MKC_d14;46400;INTARIAN_PEPPER_ROOT;12306;5;12302;28;;;12312;18;12316;15;;;12309.0;0.0
yf_MKC_d14;46500;ASH_COATED_OSMIUM;9904;14;9900;23;;;9910;19;9912;10;;;9907.0;0.0
yf_MKC_d14;46500;INTARIAN_PEPPER_ROOT;12306;17;12304;23;;;12313;10;12317;20;;;12309.5;0.0
yf_MKC_d14;46600;ASH_COATED_OSMIUM;9898;11;9896;22;;;9916;14;9918;28;;;9907.0;0.0
yf_MKC_d14;46600;INTARIAN_PEPPER_ROOT;12299;14;12296;25;;;12319;19;12322;18;;;12309.0;0.0
yf_MKC_d14;46700;ASH_COATED_OSMIUM;9902;13;9898;17;;;9911;9;9915;18;;;9906.5;0.0
yf_MKC_d14;46700;INTARIAN_PEPPER_ROOT;12307;10;12304;13;;;12313;16;12316;19;;;12310.0;0.0
yf_MKC_d14;46800;ASH_COATED_OSMIUM;9902;14;9898;17;;;9912;8;9914;19;;;9907.0;0.0
yf_MKC_d14;46800;INTARIAN_PEPPER_ROOT;12306;22;12303;21;;;12316;10;12320;25;;;12311.0;0.0
yf_MKC_d14;46900;ASH_COATED_OSMIUM;9903;10;9901;23;;;9909;18;9911;18;;;9906.0;0.0
yf_MKC_d14;46900;INTARIAN_PEPPER_ROOT;12309;5;12307;25;;;12315;10;12317;15;;;12312.0;0.0
yf_MKC_d14;47000;ASH_COATED_OSMIUM;9896;19;9892;9;;;9919;8;9921;16;;;9907.5;0.0
yf_MKC_d14;47000;INTARIAN_PEPPER_ROOT;12308;19;12305;28;;;12314;12;12318;20;;;12311.0;0.0
yf_MKC_d14;47100;ASH_COATED_OSMIUM;9905;23;9902;24;;;9911;6;9913;23;;;9908.0;0.0
yf_MKC_d14;47100;INTARIAN_PEPPER_ROOT;12309;15;12305;22;;;12315;13;12318;19;;;12312.0;0.0
yf_MKC_d14;47200;ASH_COATED_OSMIUM;9904;8;9901;25;;;9910;11;9913;14;;;9907.0;0.0
yf_MKC_d14;47200;INTARIAN_PEPPER_ROOT;12309;13;12307;21;;;12315;13;12319;15;;;12312.0;0.0
yf_MKC_d14;47300;ASH_COATED_OSMIUM;9904;10;9902;17;;;9910;13;9913;22;;;9907.0;0.0
yf_MKC_d14;47300;INTARIAN_PEPPER_ROOT;12310;15;12307;19;;;12316;24;12319;15;;;12313.0;0.0
yf_MKC_d14;47400;ASH_COATED_OSMIUM;9891;18;9888;19;;;9923;14;9927;13;;;9907.0;0.0
yf_MKC_d14;47400;INTARIAN_PEPPER_ROOT;12311;6;12308;23;;;12317;9;12321;9;;;12314.0;0.0
yf_MKC_d14;47500;ASH_COATED_OSMIUM;9904;14;9901;8;;;9910;19;9914;20;;;9907.0;0.0
yf_MKC_d14;47500;INTARIAN_PEPPER_ROOT;12311;13;12307;18;;;12317;20;12321;23;;;12314.0;0.0
yf_MKC_d14;47600;ASH_COATED_OSMIUM;9903;17;9899;15;;;9911;21;9913;18;;;9907.0;0.0
yf_MKC_d14;47600;INTARIAN_PEPPER_ROOT;12305;11;12301;18;;;12322;13;12325;26;;;12313.5;0.0
yf_MKC_d14;47700;ASH_COATED_OSMIUM;9900;14;9896;10;;;9912;10;9914;23;;;9906.0;0.0
yf_MKC_d14;47700;INTARIAN_PEPPER_ROOT;12301;14;12298;17;;;12328;13;12330;21;;;12314.5;0.0
yf_MKC_d14;47800;ASH_COATED_OSMIUM;9904;12;9900;17;;;9910;11;9912;17;;;9907.0;0.0
yf_MKC_d14;47800;INTARIAN_PEPPER_ROOT;12311;21;12307;18;;;12317;14;12319;27;;;12314.0;0.0
yf_MKC_d14;47900;ASH_COATED_OSMIUM;9904;11;9901;13;;;9910;14;9914;12;;;9907.0;0.0
yf_MKC_d14;47900;INTARIAN_PEPPER_ROOT;12311;21;12309;25;;;12320;5;12323;18;;;12315.5;0.0
yf_MKC_d14;48000;ASH_COATED_OSMIUM;9902;16;9899;20;;;9911;8;9915;21;;;9906.5;0.0
yf_MKC_d14;48000;INTARIAN_PEPPER_ROOT;12313;21;12309;23;;;12319;11;12323;24;;;12316.0;0.0
yf_MKC_d14;48100;ASH_COATED_OSMIUM;9904;17;9900;21;;;9910;5;9912;27;;;9907.0;0.0
yf_MKC_d14;48100;INTARIAN_PEPPER_ROOT;12308;13;12306;17;;;12324;18;12326;17;;;12316.0;0.0
yf_MKC_d14;48200;ASH_COATED_OSMIUM;9904;10;9902;26;;;9910;16;9912;18;;;9907.0;0.0
yf_MKC_d14;48200;INTARIAN_PEPPER_ROOT;12313;12;12310;21;;;12319;21;12321;11;;;12316.0;0.0
yf_MKC_d14;48300;ASH_COATED_OSMIUM;9891;7;9887;21;;;9921;10;9923;22;;;9906.0;0.0
yf_MKC_d14;48300;INTARIAN_PEPPER_ROOT;12314;20;12311;12;;;12320;19;12322;22;;;12317.0;0.0
yf_MKC_d14;48400;ASH_COATED_OSMIUM;9904;21;9902;31;;;9910;15;9914;20;;;9907.0;0.0
yf_MKC_d14;48400;INTARIAN_PEPPER_ROOT;12314;17;12310;15;;;12320;5;12322;31;;;12317.0;0.0
yf_MKC_d14;48500;ASH_COATED_OSMIUM;9900;8;9898;14;;;9913;19;9915;17;;;9906.5;0.0
yf_MKC_d14;48500;INTARIAN_PEPPER_ROOT;12311;18;12309;10;;;12324;12;12326;19;;;12317.5;0.0
yf_MKC_d14;48600;ASH_COATED_OSMIUM;9893;25;9890;10;;;9919;23;9923;19;;;9906.0;0.0
yf_MKC_d14;48600;INTARIAN_PEPPER_ROOT;12315;19;12312;23;;;12321;17;12324;21;;;12318.0;0.0
yf_MKC_d14;48700;ASH_COATED_OSMIUM;9903;16;9901;8;;;9909;16;9913;21;;;9906.0;0.0
yf_MKC_d14;48700;INTARIAN_PEPPER_ROOT;12315;7;12311;19;;;12321;25;12323;22;;;12318.0;0.0
yf_MKC_d14;48800;ASH_COATED_OSMIUM;9904;13;9900;23;;;9910;7;9913;17;;;9907.0;0.0
yf_MKC_d14;48800;INTARIAN_PEPPER_ROOT;12315;9;12311;18;;;12324;12;12327;13;;;12319.5;0.0
yf_MKC_d14;48900;ASH_COATED_OSMIUM;9895;15;9893;25;;;9919;12;9921;14;;;9907.0;0.0
yf_MKC_d14;48900;INTARIAN_PEPPER_ROOT;12316;22;12313;12;;;12322;16;12324;20;;;12319.0;0.0
yf_MKC_d14;49000;ASH_COATED_OSMIUM;9902;15;9899;15;;;9911;15;9913;19;;;9906.5;0.0
yf_MKC_d14;49000;INTARIAN_PEPPER_ROOT;12313;15;12311;13;;;12326;12;12328;13;;;12319.5;0.0
yf_MKC_d14;49100;ASH_COATED_OSMIUM;9903;5;9901;22;;;9909;24;9912;13;;;9906.0;0.0
yf_MKC_d14;49100;INTARIAN_PEPPER_ROOT;12314;17;12311;18;;;12327;16;12329;25;;;12320.5;0.0
yf_MKC_d14;49200;ASH_COATED_OSMIUM;9904;9;9902;20;;;9910;17;9914;27;;;9907.0;0.0
yf_MKC_d14;49200;INTARIAN_PEPPER_ROOT;12310;9;12307;12;;;12331;13;12335;23;;;12320.5;0.0
yf_MKC_d14;49300;ASH_COATED_OSMIUM;9900;16;9898;14;;;9914;19;9918;18;;;9907.0;0.0
yf_MKC_d14;49300;INTARIAN_PEPPER_ROOT;12314;10;12311;24;;;12327;13;12329;15;;;12320.5;0.0
yf_MKC_d14;49400;ASH_COATED_OSMIUM;9903;19;9899;17;;;9910;20;9914;16;;;9906.5;0.0
yf_MKC_d14;49400;INTARIAN_PEPPER_ROOT;12305;20;12303;18;;;12337;15;12339;27;;;12321.0;0.0
yf_MKC_d14;49500;ASH_COATED_OSMIUM;9903;6;9899;20;;;9909;13;9913;17;;;9906.0;0.0
yf_MKC_d14;49500;INTARIAN_PEPPER_ROOT;12319;18;12315;21;;;12325;13;12329;19;;;12322.0;0.0
yf_MKC_d14;49600;ASH_COATED_OSMIUM;9903;13;9899;18;;;9909;9;9913;22;;;9906.0;0.0
yf_MKC_d14;49600;INTARIAN_PEPPER_ROOT;12318;20;12315;27;;;12327;6;12331;19;;;12322.5;0.0
yf_MKC_d14;49700;ASH_COATED_OSMIUM;9903;15;9900;18;;;9909;18;9913;18;;;9906.0;0.0
yf_MKC_d14;49700;INTARIAN_PEPPER_ROOT;12320;10;12316;26;;;12326;13;12328;13;;;12323.0;0.0
yf_MKC_d14;49800;ASH_COATED_OSMIUM;9904;6;9902;11;;;9910;6;9914;19;;;9907.0;0.0
yf_MKC_d14;49800;INTARIAN_PEPPER_ROOT;12319;11;12317;17;;;12329;6;12331;18;;;12324.0;0.0
yf_MKC_d14;49900;ASH_COATED_OSMIUM;9903;14;9901;25;;;9909;17;9913;17;;;9906.0;0.0
yf_MKC_d14;49900;INTARIAN_PEPPER_ROOT;12320;14;12318;18;;;12326;12;12330;19;;;12323.0;0.0
yf_MKC_d14;50000;ASH_COATED_OSMIUM;9904;5;9902;19;;;9910;15;9912;16;;;9907.0;0.0
yf_MKC_d14;50000;INTARIAN_PEPPER_ROOT;12321;17;12318;17;;;12327;12;12329;19;;;12324.0;0.0
yf_MKC_d14;50100;ASH_COATED_OSMIUM;9903;17;9899;18;;;9909;11;9913;22;;;9906.0;0.0
yf_MKC_d14;50100;INTARIAN_PEPPER_ROOT;12320;15;12316;15;;;12328;7;12331;16;;;12324.0;0.0
yf_MKC_d14;50200;ASH_COATED_OSMIUM;9898;20;9895;20;;;9913;8;9916;33;;;9905.5;0.0
yf_MKC_d14;50200;INTARIAN_PEPPER_ROOT;12320;11;12318;19;;;12330;5;12332;20;;;12325.0;0.0
yf_MKC_d14;50300;ASH_COATED_OSMIUM;9904;14;9902;15;;;9910;14;9912;17;;;9907.0;0.0
yf_MKC_d14;50300;INTARIAN_PEPPER_ROOT;12320;11;12316;9;;;12331;13;12335;26;;;12325.5;0.0
yf_MKC_d14;50400;ASH_COATED_OSMIUM;9888;14;9885;26;;;9924;10;9928;16;;;9906.0;0.0
yf_MKC_d14;50400;INTARIAN_PEPPER_ROOT;12323;16;12320;28;;;12329;13;12332;12;;;12326.0;0.0
yf_MKC_d14;50500;ASH_COATED_OSMIUM;9903;11;9901;22;;;9911;22;9914;11;;;9907.0;0.0
yf_MKC_d14;50500;INTARIAN_PEPPER_ROOT;12322;16;12319;26;;;12328;14;12331;16;;;12325.0;0.0
yf_MKC_d14;50600;ASH_COATED_OSMIUM;9903;10;9899;14;;;9910;11;9913;14;;;9906.5;0.0
yf_MKC_d14;50600;INTARIAN_PEPPER_ROOT;12323;12;12321;21;;;12329;17;12332;17;;;12326.0;0.0
yf_MKC_d14;50700;ASH_COATED_OSMIUM;9904;16;9900;14;;;9910;19;9912;22;;;9907.0;0.0
yf_MKC_d14;50700;INTARIAN_PEPPER_ROOT;12324;18;12322;17;;;12330;18;12332;19;;;12327.0;0.0
yf_MKC_d14;50800;ASH_COATED_OSMIUM;9898;13;9895;29;;;9915;18;9917;27;;;9906.5;0.0
yf_MKC_d14;50800;INTARIAN_PEPPER_ROOT;12324;12;12321;21;;;12330;12;12334;25;;;12327.0;0.0
yf_MKC_d14;50900;ASH_COATED_OSMIUM;9903;17;9900;28;;;9909;13;9913;23;;;9906.0;0.0
yf_MKC_d14;50900;INTARIAN_PEPPER_ROOT;12324;17;12321;15;;;12331;12;12333;18;;;12327.5;0.0
yf_MKC_d14;51000;ASH_COATED_OSMIUM;9903;16;9899;14;;;9909;7;9913;18;;;9906.0;0.0
yf_MKC_d14;51000;INTARIAN_PEPPER_ROOT;12324;18;12322;15;;;12330;16;12334;17;;;12327.0;0.0
yf_MKC_d14;51100;ASH_COATED_OSMIUM;9903;21;9901;31;;;9909;5;9913;21;;;9906.0;0.0
yf_MKC_d14;51100;INTARIAN_PEPPER_ROOT;12324;14;12322;17;;;12330;18;12334;30;;;12327.0;0.0
yf_MKC_d14;51200;ASH_COATED_OSMIUM;9903;12;9901;14;;;9909;14;9912;19;;;9906.0;0.0
yf_MKC_d14;51200;INTARIAN_PEPPER_ROOT;12324;14;12322;21;;;12330;25;12333;18;;;12327.0;0.0
yf_MKC_d14;51300;ASH_COATED_OSMIUM;9900;10;9897;21;;;9912;10;9916;20;;;9906.0;0.0
yf_MKC_d14;51300;INTARIAN_PEPPER_ROOT;12324;11;12320;11;;;12330;11;12333;15;;;12327.0;0.0
yf_MKC_d14;51400;ASH_COATED_OSMIUM;9904;19;9901;18;;;9910;17;9912;21;;;9907.0;0.0
yf_MKC_d14;51400;INTARIAN_PEPPER_ROOT;12324;14;12321;16;;;12330;18;12333;14;;;12327.0;0.0
yf_MKC_d14;51500;ASH_COATED_OSMIUM;9904;23;9900;17;;;9910;19;9913;25;;;9907.0;0.0
yf_MKC_d14;51500;INTARIAN_PEPPER_ROOT;12324;12;12322;28;;;12330;17;12333;22;;;12327.0;0.0
yf_MKC_d14;51600;ASH_COATED_OSMIUM;9903;13;9899;21;;;9909;15;9912;21;;;9906.0;0.0
yf_MKC_d14;51600;INTARIAN_PEPPER_ROOT;12323;13;12319;14;;;12332;22;12334;13;;;12327.5;0.0
yf_MKC_d14;51700;ASH_COATED_OSMIUM;9903;19;9900;30;;;9909;13;9912;23;;;9906.0;0.0
yf_MKC_d14;51700;INTARIAN_PEPPER_ROOT;12320;18;12318;12;;;12333;15;12336;25;;;12326.5;0.0
yf_MKC_d14;51800;ASH_COATED_OSMIUM;9898;14;9894;25;;;9914;17;9916;15;;;9906.0;0.0
yf_MKC_d14;51800;INTARIAN_PEPPER_ROOT;12319;7;12315;18;;;12335;15;12338;12;;;12327.0;0.0
yf_MKC_d14;51900;ASH_COATED_OSMIUM;9901;12;9899;21;;;9913;18;9915;21;;;9907.0;0.0
yf_MKC_d14;51900;INTARIAN_PEPPER_ROOT;12324;10;12321;15;;;12330;13;12334;22;;;12327.0;0.0
yf_MKC_d14;52000;ASH_COATED_OSMIUM;9902;15;9899;9;;;9912;11;9914;17;;;9907.0;0.0
yf_MKC_d14;52000;INTARIAN_PEPPER_ROOT;12324;19;12321;23;;;12330;18;12334;17;;;12327.0;0.0
yf_MKC_d14;52100;ASH_COATED_OSMIUM;9898;24;9894;19;;;9916;11;9920;18;;;9907.0;0.0
yf_MKC_d14;52100;INTARIAN_PEPPER_ROOT;12324;17;12322;25;;;12330;16;12332;24;;;12327.0;0.0
yf_MKC_d14;52200;ASH_COATED_OSMIUM;9904;12;9901;17;;;9910;18;9914;18;;;9907.0;0.0
yf_MKC_d14;52200;INTARIAN_PEPPER_ROOT;12320;7;12316;29;;;12334;20;12337;16;;;12327.0;0.0
yf_MKC_d14;52300;ASH_COATED_OSMIUM;9903;11;9901;19;;;9911;20;9915;12;;;9907.0;0.0
yf_MKC_d14;52300;INTARIAN_PEPPER_ROOT;12324;13;12321;22;;;12330;9;12334;19;;;12327.0;0.0
yf_MKC_d14;52400;ASH_COATED_OSMIUM;9904;6;9902;22;;;9910;16;9914;18;;;9907.0;0.0
yf_MKC_d14;52400;INTARIAN_PEPPER_ROOT;12324;9;12320;24;;;12330;16;12333;20;;;12327.0;0.0
yf_MKC_d14;52500;ASH_COATED_OSMIUM;9903;17;9901;23;;;9909;14;9913;24;;;9906.0;0.0
yf_MKC_d14;52500;INTARIAN_PEPPER_ROOT;12324;18;12320;17;;;12330;7;12333;26;;;12327.0;0.0
yf_MKC_d14;52600;ASH_COATED_OSMIUM;9904;20;9901;18;;;9910;23;9912;21;;;9907.0;0.0
yf_MKC_d14;52600;INTARIAN_PEPPER_ROOT;12324;19;12321;16;;;12330;15;12332;27;;;12327.0;0.0
yf_MKC_d14;52700;ASH_COATED_OSMIUM;9904;7;9902;23;;;9910;13;9914;22;;;9907.0;0.0
yf_MKC_d14;52700;INTARIAN_PEPPER_ROOT;12324;16;12320;21;;;12330;14;12333;22;;;12327.0;0.0
yf_MKC_d14;52800;ASH_COATED_OSMIUM;9904;6;9901;20;;;9910;22;9914;29;;;9907.0;0.0
yf_MKC_d14;52800;INTARIAN_PEPPER_ROOT;12324;10;12322;21;;;12330;5;12332;15;;;12327.0;0.0
yf_MKC_d14;52900;ASH_COATED_OSMIUM;9899;16;9895;25;;;9914;18;9916;17;;;9906.5;0.0
yf_MKC_d14;52900;INTARIAN_PEPPER_ROOT;12319;19;12317;23;;;12334;13;12337;26;;;12326.5;0.0
yf_MKC_d14;53000;ASH_COATED_OSMIUM;9904;10;9902;17;;;9910;16;9912;13;;;9907.0;0.0
yf_MKC_d14;53000;INTARIAN_PEPPER_ROOT;12324;15;12321;21;;;12330;13;12332;22;;;12327.0;0.0
yf_MKC_d14;53100;ASH_COATED_OSMIUM;9904;12;9900;16;;;9910;18;9914;13;;;9907.0;0.0
yf_MKC_d14;53100;INTARIAN_PEPPER_ROOT;12324;17;12322;11;;;12330;14;12334;29;;;12327.0;0.0
yf_MKC_d14;53200;ASH_COATED_OSMIUM;9905;13;9901;23;;;9911;26;9914;20;;;9908.0;0.0
yf_MKC_d14;53200;INTARIAN_PEPPER_ROOT;12324;17;12322;12;;;12330;26;12332;8;;;12327.0;0.0
yf_MKC_d14;53300;ASH_COATED_OSMIUM;9904;19;9901;17;;;9910;14;9912;17;;;9907.0;0.0
yf_MKC_d14;53300;INTARIAN_PEPPER_ROOT;12320;21;12317;17;;;12333;13;12337;14;;;12326.5;0.0
yf_MKC_d14;53400;ASH_COATED_OSMIUM;9903;11;9900;22;;;9909;9;9913;17;;;9906.0;0.0
yf_MKC_d14;53400;INTARIAN_PEPPER_ROOT;12323;11;12321;15;;;12331;12;12333;21;;;12327.0;0.0
yf_MKC_d14;53500;ASH_COATED_OSMIUM;9886;18;9883;23;;;9928;18;9931;16;;;9907.0;0.0
yf_MKC_d14;53500;INTARIAN_PEPPER_ROOT;12321;13;12318;16;;;12332;17;12334;15;;;12326.5;0.0
yf_MKC_d14;53600;ASH_COATED_OSMIUM;9904;15;9902;23;;;9911;17;9913;14;;;9907.5;0.0
yf_MKC_d14;53600;INTARIAN_PEPPER_ROOT;12324;17;12322;13;;;12330;18;12332;15;;;12327.0;0.0
yf_MKC_d14;53700;ASH_COATED_OSMIUM;9904;20;9902;25;;;9910;11;9913;20;;;9907.0;0.0
yf_MKC_d14;53700;INTARIAN_PEPPER_ROOT;12323;11;12319;20;;;12329;24;12332;13;;;12326.0;0.0
yf_MKC_d14;53800;ASH_COATED_OSMIUM;9904;21;9901;24;;;9910;6;9914;20;;;9907.0;0.0
yf_MKC_d14;53800;INTARIAN_PEPPER_ROOT;12323;6;12320;22;;;12329;18;12332;21;;;12326.0;0.0
yf_MKC_d14;53900;ASH_COATED_OSMIUM;9896;8;9893;14;;;9916;13;9918;22;;;9906.0;0.0
yf_MKC_d14;53900;INTARIAN_PEPPER_ROOT;12323;16;12320;26;;;12329;21;12333;12;;;12326.0;0.0
yf_MKC_d14;54000;ASH_COATED_OSMIUM;9904;16;9901;22;;;9910;15;9914;22;;;9907.0;0.0
yf_MKC_d14;54000;INTARIAN_PEPPER_ROOT;12324;6;12320;25;;;12330;11;12332;21;;;12327.0;0.0
yf_MKC_d14;54100;ASH_COATED_OSMIUM;9898;20;9895;29;;;9915;13;9918;22;;;9906.5;0.0
yf_MKC_d14;54100;INTARIAN_PEPPER_ROOT;12319;22;12317;11;;;12335;19;12337;24;;;12327.0;0.0
yf_MKC_d14;54200;ASH_COATED_OSMIUM;9905;11;9901;14;;;9911;24;9914;16;;;9908.0;0.0
yf_MKC_d14;54200;INTARIAN_PEPPER_ROOT;12318;13;12315;16;;;12336;18;12338;24;;;12327.0;0.0
yf_MKC_d14;54300;ASH_COATED_OSMIUM;9905;10;9903;20;;;9911;18;9914;18;;;9908.0;0.0
yf_MKC_d14;54300;INTARIAN_PEPPER_ROOT;12323;14;12319;17;;;12329;10;12333;26;;;12326.0;0.0
yf_MKC_d14;54400;ASH_COATED_OSMIUM;9901;17;9898;21;;;9913;14;9915;17;;;9907.0;0.0
yf_MKC_d14;54400;INTARIAN_PEPPER_ROOT;12316;9;12312;21;;;12336;17;12338;26;;;12326.0;0.0
yf_MKC_d14;54500;ASH_COATED_OSMIUM;9904;8;9901;33;;;9911;18;9915;15;;;9907.5;0.0
yf_MKC_d14;54500;INTARIAN_PEPPER_ROOT;12323;23;12320;17;;;12330;29;12333;8;;;12326.5;0.0
yf_MKC_d14;54600;ASH_COATED_OSMIUM;9904;13;9901;19;;;9910;16;9912;18;;;9907.0;0.0
yf_MKC_d14;54600;INTARIAN_PEPPER_ROOT;12322;16;12318;11;;;12330;9;12333;10;;;12326.0;0.0
yf_MKC_d14;54700;ASH_COATED_OSMIUM;9905;16;9903;13;;;9911;14;9913;22;;;9908.0;0.0
yf_MKC_d14;54700;INTARIAN_PEPPER_ROOT;12323;17;12321;15;;;12329;9;12333;28;;;12326.0;0.0
yf_MKC_d14;54800;ASH_COATED_OSMIUM;9905;17;9903;22;;;9911;11;9913;25;;;9908.0;0.0
yf_MKC_d14;54800;INTARIAN_PEPPER_ROOT;12303;23;12301;21;;;12349;12;12351;28;;;12326.0;0.0
yf_MKC_d14;54900;ASH_COATED_OSMIUM;9905;18;9902;26;;;9911;16;9913;10;;;9908.0;0.0
yf_MKC_d14;54900;INTARIAN_PEPPER_ROOT;12323;14;12320;11;;;12330;16;12332;18;;;12326.5;0.0
yf_MKC_d14;55000;ASH_COATED_OSMIUM;9905;8;9902;23;;;9911;18;9914;13;;;9908.0;0.0
yf_MKC_d14;55000;INTARIAN_PEPPER_ROOT;12323;21;12321;29;;;12330;8;12333;19;;;12326.5;0.0
yf_MKC_d14;55100;ASH_COATED_OSMIUM;9904;16;9902;16;;;9911;17;9913;18;;;9907.5;0.0
yf_MKC_d14;55100;INTARIAN_PEPPER_ROOT;12324;21;12321;17;;;12330;18;12332;19;;;12327.0;0.0
yf_MKC_d14;55200;ASH_COATED_OSMIUM;9891;13;9889;20;;;9924;24;9927;22;;;9907.5;0.0
yf_MKC_d14;55200;INTARIAN_PEPPER_ROOT;12323;11;12319;18;;;12329;16;12332;26;;;12326.0;0.0
yf_MKC_d14;55300;ASH_COATED_OSMIUM;9903;12;9901;18;;;9911;22;9915;23;;;9907.0;0.0
yf_MKC_d14;55300;INTARIAN_PEPPER_ROOT;12323;10;12321;19;;;12329;12;12331;18;;;12326.0;0.0
yf_MKC_d14;55400;ASH_COATED_OSMIUM;9905;10;9902;21;;;9911;8;9914;17;;;9908.0;0.0
yf_MKC_d14;55400;INTARIAN_PEPPER_ROOT;12315;15;12311;24;;;12337;14;12340;22;;;12326.0;0.0
yf_MKC_d14;55500;ASH_COATED_OSMIUM;9902;8;9898;27;;;9913;10;9917;20;;;9907.5;0.0
yf_MKC_d14;55500;INTARIAN_PEPPER_ROOT;12323;16;12319;28;;;12329;14;12331;18;;;12326.0;0.0
yf_MKC_d14;55600;ASH_COATED_OSMIUM;9905;17;9901;24;;;9911;7;9913;20;;;9908.0;0.0
yf_MKC_d14;55600;INTARIAN_PEPPER_ROOT;12323;15;12320;21;;;12329;15;12332;20;;;12326.0;0.0
yf_MKC_d14;55700;ASH_COATED_OSMIUM;9902;15;9900;23;;;9912;5;9914;16;;;9907.0;0.0
yf_MKC_d14;55700;INTARIAN_PEPPER_ROOT;12324;8;12320;24;;;12330;22;12334;20;;;12327.0;0.0
yf_MKC_d14;55800;ASH_COATED_OSMIUM;9900;16;9896;16;;;9916;20;9918;17;;;9908.0;0.0
yf_MKC_d14;55800;INTARIAN_PEPPER_ROOT;12323;13;12321;13;;;12329;20;12332;20;;;12326.0;0.0
yf_MKC_d14;55900;ASH_COATED_OSMIUM;9905;18;9901;14;;;9911;14;9915;18;;;9908.0;0.0
yf_MKC_d14;55900;INTARIAN_PEPPER_ROOT;12323;8;12320;22;;;12329;10;12331;21;;;12326.0;0.0
yf_MKC_d14;56000;ASH_COATED_OSMIUM;9905;11;9901;19;;;9911;18;9914;15;;;9908.0;0.0
yf_MKC_d14;56000;INTARIAN_PEPPER_ROOT;12323;17;12319;25;;;12329;30;12332;20;;;12326.0;0.0
yf_MKC_d14;56100;ASH_COATED_OSMIUM;9904;13;9900;13;;;9913;25;9917;20;;;9908.5;0.0
yf_MKC_d14;56100;INTARIAN_PEPPER_ROOT;12317;14;12314;14;;;12334;26;12337;14;;;12325.5;0.0
yf_MKC_d14;56200;ASH_COATED_OSMIUM;9904;18;9901;26;;;9911;6;9914;20;;;9907.5;0.0
yf_MKC_d14;56200;INTARIAN_PEPPER_ROOT;12323;11;12320;17;;;12329;10;12332;25;;;12326.0;0.0
yf_MKC_d14;56300;ASH_COATED_OSMIUM;9905;17;9901;10;;;9911;14;9915;27;;;9908.0;0.0
yf_MKC_d14;56300;INTARIAN_PEPPER_ROOT;12323;16;12320;28;;;12329;15;12331;17;;;12326.0;0.0
yf_MKC_d14;56400;ASH_COATED_OSMIUM;9902;14;9898;20;;;9913;12;9915;20;;;9907.5;0.0
yf_MKC_d14;56400;INTARIAN_PEPPER_ROOT;12323;10;12320;17;;;12329;14;12333;13;;;12326.0;0.0
yf_MKC_d14;56500;ASH_COATED_OSMIUM;9899;11;9895;22;;;9916;14;9920;24;;;9907.5;0.0
yf_MKC_d14;56500;INTARIAN_PEPPER_ROOT;12305;21;12301;19;;;12348;20;12351;21;;;12326.5;0.0
yf_MKC_d14;56600;ASH_COATED_OSMIUM;9905;15;9903;18;;;9911;20;9914;30;;;9908.0;0.0
yf_MKC_d14;56600;INTARIAN_PEPPER_ROOT;12324;7;12320;13;;;12330;16;12334;17;;;12327.0;0.0
yf_MKC_d14;56700;ASH_COATED_OSMIUM;9904;22;9900;13;;;9911;14;9914;19;;;9907.5;0.0
yf_MKC_d14;56700;INTARIAN_PEPPER_ROOT;12322;13;12318;22;;;12330;19;12333;17;;;12326.0;0.0
yf_MKC_d14;56800;ASH_COATED_OSMIUM;9898;18;9896;8;;;9918;11;9920;33;;;9908.0;0.0
yf_MKC_d14;56800;INTARIAN_PEPPER_ROOT;12322;7;12318;10;;;12329;19;12332;25;;;12325.5;0.0
yf_MKC_d14;56900;ASH_COATED_OSMIUM;9905;19;9901;18;;;9911;18;9914;24;;;9908.0;0.0
yf_MKC_d14;56900;INTARIAN_PEPPER_ROOT;12323;24;12321;17;;;12329;13;12333;21;;;12326.0;0.0
yf_MKC_d14;57000;ASH_COATED_OSMIUM;9905;10;9903;22;;;9911;14;9914;31;;;9908.0;0.0
yf_MKC_d14;57000;INTARIAN_PEPPER_ROOT;12323;14;12321;27;;;12329;13;12333;21;;;12326.0;0.0
yf_MKC_d14;57100;ASH_COATED_OSMIUM;9892;21;9888;19;;;9924;16;9926;26;;;9908.0;0.0
yf_MKC_d14;57100;INTARIAN_PEPPER_ROOT;12323;9;12320;21;;;12329;12;12333;8;;;12326.0;0.0
yf_MKC_d14;57200;ASH_COATED_OSMIUM;9905;19;9902;16;;;9911;16;9913;17;;;9908.0;0.0
yf_MKC_d14;57200;INTARIAN_PEPPER_ROOT;12323;5;12321;20;;;12329;19;12332;14;;;12326.0;0.0
yf_MKC_d14;57300;ASH_COATED_OSMIUM;9905;13;9902;19;;;9911;13;9915;20;;;9908.0;0.0
yf_MKC_d14;57300;INTARIAN_PEPPER_ROOT;12314;8;12312;20;;;12337;11;12339;17;;;12325.5;0.0
yf_MKC_d14;57400;ASH_COATED_OSMIUM;9906;19;9902;22;;;9912;11;9915;25;;;9909.0;0.0
yf_MKC_d14;57400;INTARIAN_PEPPER_ROOT;12320;20;12316;23;;;12333;17;12337;18;;;12326.5;0.0
yf_MKC_d14;57500;ASH_COATED_OSMIUM;9905;14;9901;16;;;9911;11;9915;21;;;9908.0;0.0
yf_MKC_d14;57500;INTARIAN_PEPPER_ROOT;12321;17;12318;23;;;12331;11;12333;21;;;12326.0;0.0
yf_MKC_d14;57600;ASH_COATED_OSMIUM;9904;16;9901;20;;;9911;15;9915;13;;;9907.5;0.0
yf_MKC_d14;57600;INTARIAN_PEPPER_ROOT;12323;12;12320;18;;;12330;14;12334;12;;;12326.5;0.0
yf_MKC_d14;57700;ASH_COATED_OSMIUM;9901;18;9898;18;;;9915;5;9918;10;;;9908.0;0.0
yf_MKC_d14;57700;INTARIAN_PEPPER_ROOT;12323;17;12319;17;;;12329;8;12333;24;;;12326.0;0.0
yf_MKC_d14;57800;ASH_COATED_OSMIUM;9905;15;9903;22;;;9911;17;9914;22;;;9908.0;0.0
yf_MKC_d14;57800;INTARIAN_PEPPER_ROOT;12321;16;12319;24;;;12331;17;12335;18;;;12326.0;0.0
yf_MKC_d14;57900;ASH_COATED_OSMIUM;9905;14;9903;11;;;9911;10;9915;26;;;9908.0;0.0
yf_MKC_d14;57900;INTARIAN_PEPPER_ROOT;12320;20;12318;15;;;12331;15;12333;18;;;12325.5;0.0
yf_MKC_d14;58000;ASH_COATED_OSMIUM;9905;17;9901;23;;;9911;21;9914;24;;;9908.0;0.0
yf_MKC_d14;58000;INTARIAN_PEPPER_ROOT;12322;8;12318;17;;;12328;12;12330;20;;;12325.0;0.0
yf_MKC_d14;58100;ASH_COATED_OSMIUM;9903;15;9900;22;;;9913;11;9915;23;;;9908.0;0.0
yf_MKC_d14;58100;INTARIAN_PEPPER_ROOT;12320;19;12317;12;;;12332;12;12336;20;;;12326.0;0.0
yf_MKC_d14;58200;ASH_COATED_OSMIUM;9905;17;9903;24;;;9911;5;9915;18;;;9908.0;0.0
yf_MKC_d14;58200;INTARIAN_PEPPER_ROOT;12323;19;12320;25;;;12329;15;12331;21;;;12326.0;0.0
yf_MKC_d14;58300;ASH_COATED_OSMIUM;9903;14;9900;13;;;9912;12;9916;22;;;9907.5;0.0
