day;timestamp;product;bid_price_1;bid_volume_1;bid_price_2;bid_volume_2;bid_price_3;bid_volume_3;ask_price_1;ask_volume_1;ask_price_2;ask_volume_2;ask_price_3;ask_volume_3;mid_price;profit_and_loss
yf_BGS_d13;0;ASH_COATED_OSMIUM;9969;17;9967;19;;;9975;19;9978;22;;;9972.0;0.0
yf_BGS_d13;0;INTARIAN_PEPPER_ROOT;9984;13;9980;18;;;10015;21;10018;13;;;9999.5;0.0
yf_BGS_d13;100;ASH_COATED_OSMIUM;9962;12;9959;20;;;9982;21;9986;22;;;9972.0;0.0
yf_BGS_d13;100;INTARIAN_PEPPER_ROOT;9997;22;9995;18;;;10003;6;10006;24;;;10000.0;0.0
yf_BGS_d13;200;ASH_COATED_OSMIUM;9968;9;9965;19;;;9974;20;9976;18;;;9971.0;0.0
yf_BGS_d13;200;INTARIAN_PEPPER_ROOT;9998;29;9995;15;;;10004;11;10008;19;;;10001.0;0.0
yf_BGS_d13;300;ASH_COATED_OSMIUM;9968;22;9965;28;;;9976;17;9978;21;;;9972.0;0.0
yf_BGS_d13;300;INTARIAN_PEPPER_ROOT;9991;11;9987;25;;;10013;10;10015;22;;;10002.0;0.0
yf_BGS_d13;400;ASH_COATED_OSMIUM;9949;10;9947;8;;;9994;18;9996;9;;;9971.5;0.0
yf_BGS_d13;400;INTARIAN_PEPPER_ROOT;10001;15;9998;30;;;10007;15;10011;22;;;10004.0;0.0
yf_BGS_d13;500;ASH_COATED_OSMIUM;9969;11;9966;30;;;9975;9;9979;25;;;9972.0;0.0
yf_BGS_d13;500;INTARIAN_PEPPER_ROOT;10002;11;9998;15;;;10008;8;10012;20;;;10005.0;0.0
yf_BGS_d13;600;ASH_COATED_OSMIUM;9968;11;9964;23;;;9974;14;9977;27;;;9971.0;0.0
yf_BGS_d13;600;INTARIAN_PEPPER_ROOT;10003;16;10000;15;;;10009;15;10011;13;;;10006.0;0.0
yf_BGS_d13;700;ASH_COATED_OSMIUM;9966;12;9963;18;;;9978;17;9981;22;;;9972.0;0.0
yf_BGS_d13;700;INTARIAN_PEPPER_ROOT;9998;11;9994;25;;;10016;14;10018;18;;;10007.0;0.0
yf_BGS_d13;800;ASH_COATED_OSMIUM;9966;20;9964;23;;;9975;15;9978;22;;;9970.5;0.0
yf_BGS_d13;800;INTARIAN_PEPPER_ROOT;10004;19;10002;28;;;10010;18;10014;15;;;10007.0;0.0
yf_BGS_d13;900;ASH_COATED_OSMIUM;9962;19;9960;20;;;9979;7;9981;18;;;9970.5;0.0
yf_BGS_d13;900;INTARIAN_PEPPER_ROOT;9996;15;9992;18;;;10022;9;10024;21;;;10009.0;0.0
yf_BGS_d13;1000;ASH_COATED_OSMIUM;9954;11;9951;16;;;9989;9;9991;19;;;9971.5;0.0
yf_BGS_d13;1000;INTARIAN_PEPPER_ROOT;10007;10;10003;17;;;10013;11;10016;22;;;10010.0;0.0
yf_BGS_d13;1100;ASH_COATED_OSMIUM;9968;10;9966;15;;;9974;17;9976;16;;;9971.0;0.0
yf_BGS_d13;1100;INTARIAN_PEPPER_ROOT;10007;10;10004;21;;;10013;14;10017;18;;;10010.0;0.0
yf_BGS_d13;1200;ASH_COATED_OSMIUM;9968;16;9964;21;;;9974;17;9976;25;;;9971.0;0.0
yf_BGS_d13;1200;INTARIAN_PEPPER_ROOT;10009;11;10006;12;;;10015;17;10018;21;;;10012.0;0.0
yf_BGS_d13;1300;ASH_COATED_OSMIUM;9968;22;9966;22;;;9974;16;9978;23;;;9971.0;0.0
yf_BGS_d13;1300;INTARIAN_PEPPER_ROOT;10010;17;10007;24;;;10016;13;10018;25;;;10013.0;0.0
yf_BGS_d13;1400;ASH_COATED_OSMIUM;9949;10;9945;25;;;9991;22;9993;15;;;9970.0;0.0
yf_BGS_d13;1400;INTARIAN_PEPPER_ROOT;10011;24;10009;25;;;10017;20;10020;23;;;10014.0;0.0
yf_BGS_d13;1500;ASH_COATED_OSMIUM;9967;16;9963;20;;;9973;6;9976;29;;;9970.0;0.0
yf_BGS_d13;1500;INTARIAN_PEPPER_ROOT;10009;9;10006;21;;;10020;17;10022;11;;;10014.5;0.0
yf_BGS_d13;1600;ASH_COATED_OSMIUM;9968;14;9965;20;;;9974;7;9977;19;;;9971.0;0.0
yf_BGS_d13;1600;INTARIAN_PEPPER_ROOT;10013;13;10010;23;;;10019;15;10022;20;;;10016.0;0.0
yf_BGS_d13;1700;ASH_COATED_OSMIUM;9961;7;9958;24;;;9979;22;9983;16;;;9970.0;0.0
yf_BGS_d13;1700;INTARIAN_PEPPER_ROOT;10014;16;10010;29;;;10020;5;10022;22;;;10017.0;0.0
yf_BGS_d13;1800;ASH_COATED_OSMIUM;9966;29;9963;16;;;9974;5;9976;16;;;9970.0;0.0
yf_BGS_d13;1800;INTARIAN_PEPPER_ROOT;10015;17;10012;26;;;10022;5;10025;16;;;10018.5;0.0
yf_BGS_d13;1900;ASH_COATED_OSMIUM;9967;19;9963;20;;;9973;16;9976;22;;;9970.0;0.0
yf_BGS_d13;1900;INTARIAN_PEPPER_ROOT;10016;19;10013;19;;;10022;7;10024;17;;;10019.0;0.0
yf_BGS_d13;2000;ASH_COATED_OSMIUM;9967;20;9964;27;;;9973;24;9975;21;;;9970.0;0.0
yf_BGS_d13;2000;INTARIAN_PEPPER_ROOT;10017;6;10013;19;;;10023;20;10027;12;;;10020.0;0.0
yf_BGS_d13;2100;ASH_COATED_OSMIUM;9961;12;9958;19;;;9978;17;9982;25;;;9969.5;0.0
yf_BGS_d13;2100;INTARIAN_PEPPER_ROOT;10014;14;10010;14;;;10027;12;10029;20;;;10020.5;0.0
yf_BGS_d13;2200;ASH_COATED_OSMIUM;9967;17;9964;16;;;9973;17;9975;23;;;9970.0;0.0
yf_BGS_d13;2200;INTARIAN_PEPPER_ROOT;10016;16;10012;19;;;10027;12;10030;24;;;10021.5;0.0
yf_BGS_d13;2300;ASH_COATED_OSMIUM;9961;22;9958;14;;;9978;5;9981;26;;;9969.5;0.0
yf_BGS_d13;2300;INTARIAN_PEPPER_ROOT;10020;10;10018;31;;;10026;19;10028;22;;;10023.0;0.0
yf_BGS_d13;2400;ASH_COATED_OSMIUM;9966;7;9963;14;;;9972;12;9975;16;;;9969.0;0.0
yf_BGS_d13;2400;INTARIAN_PEPPER_ROOT;10021;16;10018;18;;;10027;15;10031;16;;;10024.0;0.0
yf_BGS_d13;2500;ASH_COATED_OSMIUM;9964;15;9962;16;;;9976;11;9978;23;;;9970.0;0.0
yf_BGS_d13;2500;INTARIAN_PEPPER_ROOT;10020;14;10017;20;;;10032;17;10036;26;;;10026.0;0.0
yf_BGS_d13;2600;ASH_COATED_OSMIUM;9965;20;9961;23;;;9973;20;9977;24;;;9969.0;0.0
yf_BGS_d13;2600;INTARIAN_PEPPER_ROOT;10023;5;10021;19;;;10029;20;10033;19;;;10026.0;0.0
yf_BGS_d13;2700;ASH_COATED_OSMIUM;9961;5;9957;24;;;9979;10;9981;23;;;9970.0;0.0
yf_BGS_d13;2700;INTARIAN_PEPPER_ROOT;10024;8;10021;26;;;10030;13;10033;14;;;10027.0;0.0
yf_BGS_d13;2800;ASH_COATED_OSMIUM;9966;19;9963;20;;;9972;17;9976;30;;;9969.0;0.0
yf_BGS_d13;2800;INTARIAN_PEPPER_ROOT;10024;18;10022;16;;;10033;20;10037;15;;;10028.5;0.0
yf_BGS_d13;2900;ASH_COATED_OSMIUM;9966;16;9963;25;;;9972;24;9976;17;;;9969.0;0.0
yf_BGS_d13;2900;INTARIAN_PEPPER_ROOT;10022;11;10019;18;;;10037;5;10039;14;;;10029.5;0.0
yf_BGS_d13;3000;ASH_COATED_OSMIUM;9965;13;9963;14;;;9971;22;9975;14;;;9968.0;0.0
yf_BGS_d13;3000;INTARIAN_PEPPER_ROOT;10027;15;10023;26;;;10033;10;10037;21;;;10030.0;0.0
yf_BGS_d13;3100;ASH_COATED_OSMIUM;9966;11;9964;28;;;9972;18;9974;22;;;9969.0;0.0
yf_BGS_d13;3100;INTARIAN_PEPPER_ROOT;10028;14;10024;21;;;10034;9;10037;15;;;10031.0;0.0
yf_BGS_d13;3200;ASH_COATED_OSMIUM;9946;10;9942;25;;;9990;7;9993;16;;;9968.0;0.0
yf_BGS_d13;3200;INTARIAN_PEPPER_ROOT;10029;9;10027;14;;;10035;21;10037;25;;;10032.0;0.0
yf_BGS_d13;3300;ASH_COATED_OSMIUM;9965;13;9961;16;;;9971;25;9975;26;;;9968.0;0.0
yf_BGS_d13;3300;INTARIAN_PEPPER_ROOT;10030;16;10027;20;;;10036;5;10038;27;;;10033.0;0.0
yf_BGS_d13;3400;ASH_COATED_OSMIUM;9964;23;9961;19;;;9973;5;9975;16;;;9968.5;0.0
yf_BGS_d13;3400;INTARIAN_PEPPER_ROOT;10032;14;10029;21;;;10038;8;10040;24;;;10035.0;0.0
yf_BGS_d13;3500;ASH_COATED_OSMIUM;9966;11;9963;34;;;9972;9;9975;19;;;9969.0;0.0
yf_BGS_d13;3500;INTARIAN_PEPPER_ROOT;10033;22;10029;24;;;10039;15;10042;15;;;10036.0;0.0
yf_BGS_d13;3600;ASH_COATED_OSMIUM;9965;11;9963;15;;;9971;15;9973;21;;;9968.0;0.0
yf_BGS_d13;3600;INTARIAN_PEPPER_ROOT;10033;9;10030;24;;;10039;21;10043;26;;;10036.0;0.0
yf_BGS_d13;3700;ASH_COATED_OSMIUM;9966;9;9964;17;;;9972;15;9976;21;;;9969.0;0.0
yf_BGS_d13;3700;INTARIAN_PEPPER_ROOT;10035;13;10032;19;;;10041;22;10043;19;;;10038.0;0.0
yf_BGS_d13;3800;ASH_COATED_OSMIUM;9961;18;9958;17;;;9975;27;9979;17;;;9968.0;0.0
yf_BGS_d13;3800;INTARIAN_PEPPER_ROOT;10033;15;10031;28;;;10045;19;10049;25;;;10039.0;0.0
yf_BGS_d13;3900;ASH_COATED_OSMIUM;9965;14;9963;26;;;9971;12;9974;23;;;9968.0;0.0
yf_BGS_d13;3900;INTARIAN_PEPPER_ROOT;10034;17;10030;21;;;10045;7;10048;15;;;10039.5;0.0
yf_BGS_d13;4000;ASH_COATED_OSMIUM;9965;11;9961;11;;;9971;13;9973;22;;;9968.0;0.0
yf_BGS_d13;4000;INTARIAN_PEPPER_ROOT;10035;16;10032;14;;;10046;7;10050;22;;;10040.5;0.0
yf_BGS_d13;4100;ASH_COATED_OSMIUM;9955;13;9953;8;;;9979;19;9981;25;;;9967.0;0.0
yf_BGS_d13;4100;INTARIAN_PEPPER_ROOT;10038;11;10036;21;;;10044;16;10048;20;;;10041.0;0.0
yf_BGS_d13;4200;ASH_COATED_OSMIUM;9964;19;9961;25;;;9970;23;9972;16;;;9967.0;0.0
yf_BGS_d13;4200;INTARIAN_PEPPER_ROOT;10037;10;10034;20;;;10048;15;10052;13;;;10042.5;0.0
yf_BGS_d13;4300;ASH_COATED_OSMIUM;9963;14;9959;13;;;9973;16;9975;26;;;9968.0;0.0
yf_BGS_d13;4300;INTARIAN_PEPPER_ROOT;10040;9;10038;19;;;10046;10;10048;25;;;10043.0;0.0
yf_BGS_d13;4400;ASH_COATED_OSMIUM;9964;15;9961;20;;;9970;10;9972;10;;;9967.0;0.0
yf_BGS_d13;4400;INTARIAN_PEPPER_ROOT;10036;21;10033;21;;;10051;12;10055;25;;;10043.5;0.0
yf_BGS_d13;4500;ASH_COATED_OSMIUM;9961;23;9957;21;;;9975;8;9979;18;;;9968.0;0.0
yf_BGS_d13;4500;INTARIAN_PEPPER_ROOT;10042;14;10039;18;;;10048;16;10050;13;;;10045.0;0.0
yf_BGS_d13;4600;ASH_COATED_OSMIUM;9964;15;9962;14;;;9970;9;9973;9;;;9967.0;0.0
yf_BGS_d13;4600;INTARIAN_PEPPER_ROOT;10044;6;10040;15;;;10050;12;10053;17;;;10047.0;0.0
yf_BGS_d13;4700;ASH_COATED_OSMIUM;9964;22;9962;21;;;9970;19;9974;15;;;9967.0;0.0
yf_BGS_d13;4700;INTARIAN_PEPPER_ROOT;10045;8;10042;15;;;10051;14;10053;23;;;10048.0;0.0
yf_BGS_d13;4800;ASH_COATED_OSMIUM;9964;17;9961;21;;;9970;12;9974;25;;;9967.0;0.0
yf_BGS_d13;4800;INTARIAN_PEPPER_ROOT;10041;15;10039;24;;;10057;8;10059;28;;;10049.0;0.0
yf_BGS_d13;4900;ASH_COATED_OSMIUM;9962;11;9959;14;;;9972;15;9976;14;;;9967.0;0.0
yf_BGS_d13;4900;INTARIAN_PEPPER_ROOT;10047;13;10043;14;;;10053;23;10056;24;;;10050.0;0.0
yf_BGS_d13;5000;ASH_COATED_OSMIUM;9964;8;9961;18;;;9970;10;9972;15;;;9967.0;0.0
yf_BGS_d13;5000;INTARIAN_PEPPER_ROOT;10047;15;10043;13;;;10053;26;10057;21;;;10050.0;0.0
yf_BGS_d13;5100;ASH_COATED_OSMIUM;9964;19;9962;20;;;9970;18;9972;20;;;9967.0;0.0
yf_BGS_d13;5100;INTARIAN_PEPPER_ROOT;10047;25;10043;26;;;10055;24;10059;13;;;10051.0;0.0
yf_BGS_d13;5200;ASH_COATED_OSMIUM;9961;15;9957;18;;;9973;17;9975;16;;;9967.0;0.0
yf_BGS_d13;5200;INTARIAN_PEPPER_ROOT;10050;10;10046;20;;;10056;12;10059;16;;;10053.0;0.0
yf_BGS_d13;5300;ASH_COATED_OSMIUM;9964;9;9961;25;;;9970;13;9973;20;;;9967.0;0.0
yf_BGS_d13;5300;INTARIAN_PEPPER_ROOT;10040;9;10036;27;;;10068;16;10071;16;;;10054.0;0.0
yf_BGS_d13;5400;ASH_COATED_OSMIUM;9963;15;9960;19;;;9969;13;9972;9;;;9966.0;0.0
yf_BGS_d13;5400;INTARIAN_PEPPER_ROOT;10049;17;10047;20;;;10059;9;10063;21;;;10054.0;0.0
yf_BGS_d13;5500;ASH_COATED_OSMIUM;9960;23;9956;29;;;9974;9;9978;22;;;9967.0;0.0
yf_BGS_d13;5500;INTARIAN_PEPPER_ROOT;10050;5;10047;20;;;10061;11;10065;20;;;10055.5;0.0
yf_BGS_d13;5600;ASH_COATED_OSMIUM;9963;20;9959;24;;;9969;16;9973;21;;;9966.0;0.0
yf_BGS_d13;5600;INTARIAN_PEPPER_ROOT;10050;23;10047;27;;;10064;12;10066;14;;;10057.0;0.0
yf_BGS_d13;5700;ASH_COATED_OSMIUM;9963;15;9960;17;;;9970;13;9972;23;;;9966.5;0.0
yf_BGS_d13;5700;INTARIAN_PEPPER_ROOT;10055;21;10051;23;;;10061;12;10065;20;;;10058.0;0.0
yf_BGS_d13;5800;ASH_COATED_OSMIUM;9961;14;9959;19;;;9970;16;9974;15;;;9965.5;0.0
yf_BGS_d13;5800;INTARIAN_PEPPER_ROOT;10053;24;10049;19;;;10064;5;10068;18;;;10058.5;0.0
yf_BGS_d13;5900;ASH_COATED_OSMIUM;9963;19;9961;10;;;9969;15;9971;12;;;9966.0;0.0
yf_BGS_d13;5900;INTARIAN_PEPPER_ROOT;10055;12;10053;29;;;10064;15;10066;24;;;10059.5;0.0
yf_BGS_d13;6000;ASH_COATED_OSMIUM;9963;11;9961;17;;;9969;15;9972;8;;;9966.0;0.0
yf_BGS_d13;6000;INTARIAN_PEPPER_ROOT;10058;20;10056;25;;;10064;19;10066;21;;;10061.0;0.0
yf_BGS_d13;6100;ASH_COATED_OSMIUM;9960;13;9957;15;;;9971;11;9974;23;;;9965.5;0.0
yf_BGS_d13;6100;INTARIAN_PEPPER_ROOT;10058;16;10055;28;;;10066;9;10069;15;;;10062.0;0.0
yf_BGS_d13;6200;ASH_COATED_OSMIUM;9963;11;9960;27;;;9969;5;9971;16;;;9966.0;0.0
yf_BGS_d13;6200;INTARIAN_PEPPER_ROOT;10060;11;10056;14;;;10066;14;10069;21;;;10063.0;0.0
yf_BGS_d13;6300;ASH_COATED_OSMIUM;9959;9;9955;19;;;9973;10;9975;20;;;9966.0;0.0
yf_BGS_d13;6300;INTARIAN_PEPPER_ROOT;10061;23;10057;22;;;10067;14;10070;19;;;10064.0;0.0
yf_BGS_d13;6400;ASH_COATED_OSMIUM;9961;12;9959;27;;;9969;14;9971;19;;;9965.0;0.0
yf_BGS_d13;6400;INTARIAN_PEPPER_ROOT;10060;5;10058;25;;;10070;17;10074;27;;;10065.0;0.0
yf_BGS_d13;6500;ASH_COATED_OSMIUM;9962;5;9960;16;;;9968;8;9970;24;;;9965.0;0.0
yf_BGS_d13;6500;INTARIAN_PEPPER_ROOT;10063;23;10060;25;;;10069;19;10073;21;;;10066.0;0.0
yf_BGS_d13;6600;ASH_COATED_OSMIUM;9963;5;9960;11;;;9969;29;9971;16;;;9966.0;0.0
yf_BGS_d13;6600;INTARIAN_PEPPER_ROOT;10064;16;10061;23;;;10070;23;10074;22;;;10067.0;0.0
yf_BGS_d13;6700;ASH_COATED_OSMIUM;9963;17;9959;17;;;9969;24;9971;15;;;9966.0;0.0
yf_BGS_d13;6700;INTARIAN_PEPPER_ROOT;10064;9;10060;17;;;10072;23;10075;15;;;10068.0;0.0
yf_BGS_d13;6800;ASH_COATED_OSMIUM;9959;14;9955;19;;;9971;24;9974;22;;;9965.0;0.0
yf_BGS_d13;6800;INTARIAN_PEPPER_ROOT;10066;16;10062;8;;;10072;9;10075;26;;;10069.0;0.0
yf_BGS_d13;6900;ASH_COATED_OSMIUM;9952;14;9950;13;;;9978;17;9980;13;;;9965.0;0.0
yf_BGS_d13;6900;INTARIAN_PEPPER_ROOT;10060;8;10057;20;;;10080;19;10083;17;;;10070.0;0.0
yf_BGS_d13;7000;ASH_COATED_OSMIUM;9960;13;9958;22;;;9969;17;9971;19;;;9964.5;0.0
yf_BGS_d13;7000;INTARIAN_PEPPER_ROOT;10068;28;10064;23;;;10074;13;10076;22;;;10071.0;0.0
yf_BGS_d13;7100;ASH_COATED_OSMIUM;9962;17;9960;16;;;9968;12;9972;21;;;9965.0;0.0
yf_BGS_d13;7100;INTARIAN_PEPPER_ROOT;10065;20;10063;25;;;10079;14;10083;19;;;10072.0;0.0
yf_BGS_d13;7200;ASH_COATED_OSMIUM;9960;17;9956;23;;;9968;20;9970;13;;;9964.0;0.0
yf_BGS_d13;7200;INTARIAN_PEPPER_ROOT;10070;17;10067;19;;;10076;12;10078;20;;;10073.0;0.0
yf_BGS_d13;7300;ASH_COATED_OSMIUM;9962;16;9958;21;;;9968;19;9970;17;;;9965.0;0.0
yf_BGS_d13;7300;INTARIAN_PEPPER_ROOT;10071;25;10069;22;;;10077;8;10080;17;;;10074.0;0.0
yf_BGS_d13;7400;ASH_COATED_OSMIUM;9962;20;9960;21;;;9968;14;9971;20;;;9965.0;0.0
yf_BGS_d13;7400;INTARIAN_PEPPER_ROOT;10071;17;10068;19;;;10079;14;10083;22;;;10075.0;0.0
yf_BGS_d13;7500;ASH_COATED_OSMIUM;9961;13;9957;17;;;9968;8;9970;19;;;9964.5;0.0
yf_BGS_d13;7500;INTARIAN_PEPPER_ROOT;10073;18;10069;23;;;10079;14;10081;23;;;10076.0;0.0
yf_BGS_d13;7600;ASH_COATED_OSMIUM;9958;5;9956;19;;;9970;25;9973;20;;;9964.0;0.0
yf_BGS_d13;7600;INTARIAN_PEPPER_ROOT;10074;11;10071;17;;;10080;17;10084;23;;;10077.0;0.0
yf_BGS_d13;7700;ASH_COATED_OSMIUM;9961;19;9957;24;;;9967;24;9970;23;;;9964.0;0.0
yf_BGS_d13;7700;INTARIAN_PEPPER_ROOT;10075;12;10071;14;;;10081;17;10084;26;;;10078.0;0.0
yf_BGS_d13;7800;ASH_COATED_OSMIUM;9961;15;9958;20;;;9967;12;9970;28;;;9964.0;0.0
yf_BGS_d13;7800;INTARIAN_PEPPER_ROOT;10076;18;10074;21;;;10082;15;10084;16;;;10079.0;0.0
yf_BGS_d13;7900;ASH_COATED_OSMIUM;9961;20;9959;20;;;9967;16;9970;21;;;9964.0;0.0
yf_BGS_d13;7900;INTARIAN_PEPPER_ROOT;10074;14;10072;20;;;10087;15;10089;17;;;10080.5;0.0
yf_BGS_d13;8000;ASH_COATED_OSMIUM;9961;14;9958;22;;;9967;18;9969;18;;;9964.0;0.0
yf_BGS_d13;8000;INTARIAN_PEPPER_ROOT;10079;19;10076;26;;;10085;16;10088;15;;;10082.0;0.0
yf_BGS_d13;8100;ASH_COATED_OSMIUM;9961;16;9958;17;;;9967;25;9971;23;;;9964.0;0.0
yf_BGS_d13;8100;INTARIAN_PEPPER_ROOT;10079;17;10077;27;;;10085;13;10088;20;;;10082.0;0.0
yf_BGS_d13;8200;ASH_COATED_OSMIUM;9960;19;9958;22;;;9966;14;9970;26;;;9963.0;0.0
yf_BGS_d13;8200;INTARIAN_PEPPER_ROOT;10078;5;10074;16;;;10087;19;10090;35;;;10082.5;0.0
yf_BGS_d13;8300;ASH_COATED_OSMIUM;9959;10;9956;18;;;9968;14;9971;24;;;9963.5;0.0
yf_BGS_d13;8300;INTARIAN_PEPPER_ROOT;10081;12;10079;28;;;10087;15;10090;10;;;10084.0;0.0
yf_BGS_d13;8400;ASH_COATED_OSMIUM;9960;5;9957;17;;;9968;9;9971;26;;;9964.0;0.0
yf_BGS_d13;8400;INTARIAN_PEPPER_ROOT;10076;24;10073;21;;;10095;15;10098;11;;;10085.5;0.0
yf_BGS_d13;8500;ASH_COATED_OSMIUM;9960;12;9958;21;;;9966;20;9969;17;;;9963.0;0.0
yf_BGS_d13;8500;INTARIAN_PEPPER_ROOT;10083;21;10081;11;;;10089;18;10093;16;;;10086.0;0.0
yf_BGS_d13;8600;ASH_COATED_OSMIUM;9960;13;9956;22;;;9966;15;9968;16;;;9963.0;0.0
yf_BGS_d13;8600;INTARIAN_PEPPER_ROOT;10081;13;10077;14;;;10093;17;10096;21;;;10087.0;0.0
yf_BGS_d13;8700;ASH_COATED_OSMIUM;9954;12;9952;24;;;9972;20;9975;20;;;9963.0;0.0
yf_BGS_d13;8700;INTARIAN_PEPPER_ROOT;10085;13;10082;17;;;10091;13;10095;26;;;10088.0;0.0
yf_BGS_d13;8800;ASH_COATED_OSMIUM;9959;20;9955;19;;;9967;16;9971;14;;;9963.0;0.0
yf_BGS_d13;8800;INTARIAN_PEPPER_ROOT;10087;16;10085;24;;;10093;16;10097;21;;;10090.0;0.0
yf_BGS_d13;8900;ASH_COATED_OSMIUM;9960;16;9958;18;;;9966;17;9970;16;;;9963.0;0.0
yf_BGS_d13;8900;INTARIAN_PEPPER_ROOT;10085;16;10082;17;;;10096;20;10098;22;;;10090.5;0.0
yf_BGS_d13;9000;ASH_COATED_OSMIUM;9955;15;9953;16;;;9970;12;9972;22;;;9962.5;0.0
yf_BGS_d13;9000;INTARIAN_PEPPER_ROOT;10074;14;10071;19;;;10109;16;10111;17;;;10091.5;0.0
yf_BGS_d13;9100;ASH_COATED_OSMIUM;9960;13;9957;11;;;9966;20;9970;17;;;9963.0;0.0
yf_BGS_d13;9100;INTARIAN_PEPPER_ROOT;10089;16;10085;26;;;10095;13;10097;8;;;10092.0;0.0
yf_BGS_d13;9200;ASH_COATED_OSMIUM;9952;24;9948;18;;;9974;17;9976;12;;;9963.0;0.0
yf_BGS_d13;9200;INTARIAN_PEPPER_ROOT;10090;10;10087;25;;;10096;12;10098;23;;;10093.0;0.0
yf_BGS_d13;9300;ASH_COATED_OSMIUM;9959;18;9955;20;;;9965;18;9967;26;;;9962.0;0.0
yf_BGS_d13;9300;INTARIAN_PEPPER_ROOT;10091;17;10088;23;;;10097;21;10100;22;;;10094.0;0.0
yf_BGS_d13;9400;ASH_COATED_OSMIUM;9957;22;9955;22;;;9968;16;9971;23;;;9962.5;0.0
yf_BGS_d13;9400;INTARIAN_PEPPER_ROOT;10093;13;10089;13;;;10099;20;10103;14;;;10096.0;0.0
yf_BGS_d13;9500;ASH_COATED_OSMIUM;9957;9;9954;19;;;9969;11;9971;22;;;9963.0;0.0
yf_BGS_d13;9500;INTARIAN_PEPPER_ROOT;10088;13;10086;15;;;10106;18;10110;23;;;10097.0;0.0
yf_BGS_d13;9600;ASH_COATED_OSMIUM;9959;18;9957;20;;;9965;13;9969;22;;;9962.0;0.0
yf_BGS_d13;9600;INTARIAN_PEPPER_ROOT;10094;11;10092;17;;;10100;10;10102;17;;;10097.0;0.0
yf_BGS_d13;9700;ASH_COATED_OSMIUM;9959;14;9957;28;;;9965;16;9968;10;;;9962.0;0.0
yf_BGS_d13;9700;INTARIAN_PEPPER_ROOT;10096;18;10093;26;;;10102;8;10106;17;;;10099.0;0.0
yf_BGS_d13;9800;ASH_COATED_OSMIUM;9947;6;9944;24;;;9977;13;9981;15;;;9962.0;0.0
yf_BGS_d13;9800;INTARIAN_PEPPER_ROOT;10097;13;10095;26;;;10103;22;10106;25;;;10100.0;0.0
yf_BGS_d13;9900;ASH_COATED_OSMIUM;9959;13;9955;25;;;9965;23;9967;23;;;9962.0;0.0
yf_BGS_d13;9900;INTARIAN_PEPPER_ROOT;10099;19;10097;24;;;10105;10;10107;22;;;10102.0;0.0
yf_BGS_d13;10000;ASH_COATED_OSMIUM;9959;13;9956;18;;;9965;18;9969;20;;;9962.0;0.0
yf_BGS_d13;10000;INTARIAN_PEPPER_ROOT;10091;15;10088;13;;;10113;13;10115;32;;;10102.0;0.0
yf_BGS_d13;10100;ASH_COATED_OSMIUM;9951;22;9948;22;;;9972;17;9974;18;;;9961.5;0.0
yf_BGS_d13;10100;INTARIAN_PEPPER_ROOT;10095;21;10093;22;;;10111;13;10113;15;;;10103.0;0.0
yf_BGS_d13;10200;ASH_COATED_OSMIUM;9958;15;9955;26;;;9967;13;9970;20;;;9962.5;0.0
yf_BGS_d13;10200;INTARIAN_PEPPER_ROOT;10101;30;10098;23;;;10107;16;10109;15;;;10104.0;0.0
yf_BGS_d13;10300;ASH_COATED_OSMIUM;9956;5;9954;22;;;9966;15;9970;21;;;9961.0;0.0
yf_BGS_d13;10300;INTARIAN_PEPPER_ROOT;10102;21;10099;20;;;10108;6;10110;15;;;10105.0;0.0
yf_BGS_d13;10400;ASH_COATED_OSMIUM;9959;17;9956;24;;;9965;23;9968;35;;;9962.0;0.0
yf_BGS_d13;10400;INTARIAN_PEPPER_ROOT;10103;19;10099;28;;;10109;5;10112;18;;;10106.0;0.0
yf_BGS_d13;10500;ASH_COATED_OSMIUM;9950;12;9946;23;;;9973;15;9976;11;;;9961.5;0.0
yf_BGS_d13;10500;INTARIAN_PEPPER_ROOT;10103;6;10100;20;;;10111;13;10113;24;;;10107.0;0.0
yf_BGS_d13;10600;ASH_COATED_OSMIUM;9958;5;9955;24;;;9964;17;9967;14;;;9961.0;0.0
yf_BGS_d13;10600;INTARIAN_PEPPER_ROOT;10105;15;10102;21;;;10111;19;10113;19;;;10108.0;0.0
yf_BGS_d13;10700;ASH_COATED_OSMIUM;9956;16;9953;13;;;9966;17;9969;12;;;9961.0;0.0
yf_BGS_d13;10700;INTARIAN_PEPPER_ROOT;10096;20;10092;23;;;10121;14;10125;24;;;10108.5;0.0
yf_BGS_d13;10800;ASH_COATED_OSMIUM;9958;14;9955;20;;;9964;22;9966;21;;;9961.0;0.0
yf_BGS_d13;10800;INTARIAN_PEPPER_ROOT;10107;13;10103;34;;;10113;19;10115;16;;;10110.0;0.0
yf_BGS_d13;10900;ASH_COATED_OSMIUM;9958;17;9954;14;;;9964;11;9967;25;;;9961.0;0.0
yf_BGS_d13;10900;INTARIAN_PEPPER_ROOT;10105;13;10101;13;;;10116;11;10120;8;;;10110.5;0.0
yf_BGS_d13;11000;ASH_COATED_OSMIUM;9958;17;9956;13;;;9964;17;9968;20;;;9961.0;0.0
yf_BGS_d13;11000;INTARIAN_PEPPER_ROOT;10109;14;10106;22;;;10116;20;10120;18;;;10112.5;0.0
yf_BGS_d13;11100;ASH_COATED_OSMIUM;9958;11;9954;19;;;9964;19;9966;18;;;9961.0;0.0
yf_BGS_d13;11100;INTARIAN_PEPPER_ROOT;10110;20;10107;17;;;10117;6;10120;10;;;10113.5;0.0
yf_BGS_d13;11200;ASH_COATED_OSMIUM;9955;7;9952;17;;;9967;19;9971;22;;;9961.0;0.0
yf_BGS_d13;11200;INTARIAN_PEPPER_ROOT;10111;8;10108;20;;;10117;16;10120;17;;;10114.0;0.0
yf_BGS_d13;11300;ASH_COATED_OSMIUM;9957;23;9954;17;;;9965;11;9968;8;;;9961.0;0.0
yf_BGS_d13;11300;INTARIAN_PEPPER_ROOT;10110;5;10108;21;;;10121;10;10125;19;;;10115.5;0.0
yf_BGS_d13;11400;ASH_COATED_OSMIUM;9957;23;9955;22;;;9963;23;9965;21;;;9960.0;0.0
yf_BGS_d13;11400;INTARIAN_PEPPER_ROOT;10112;12;10108;20;;;10120;15;10124;14;;;10116.0;0.0
yf_BGS_d13;11500;ASH_COATED_OSMIUM;9957;7;9953;13;;;9963;20;9965;26;;;9960.0;0.0
yf_BGS_d13;11500;INTARIAN_PEPPER_ROOT;10108;13;10106;19;;;10126;14;10128;20;;;10117.0;0.0
yf_BGS_d13;11600;ASH_COATED_OSMIUM;9957;15;9953;18;;;9964;17;9968;17;;;9960.5;0.0
yf_BGS_d13;11600;INTARIAN_PEPPER_ROOT;10114;20;10110;16;;;10122;11;10124;18;;;10118.0;0.0
yf_BGS_d13;11700;ASH_COATED_OSMIUM;9958;6;9955;13;;;9964;15;9966;18;;;9961.0;0.0
yf_BGS_d13;11700;INTARIAN_PEPPER_ROOT;10115;18;10111;16;;;10121;8;10125;19;;;10118.0;0.0
yf_BGS_d13;11800;ASH_COATED_OSMIUM;9957;9;9953;28;;;9963;15;9965;17;;;9960.0;0.0
yf_BGS_d13;11800;INTARIAN_PEPPER_ROOT;10117;19;10115;20;;;10123;10;10127;27;;;10120.0;0.0
yf_BGS_d13;11900;ASH_COATED_OSMIUM;9957;21;9954;16;;;9963;25;9966;21;;;9960.0;0.0
yf_BGS_d13;11900;INTARIAN_PEPPER_ROOT;10116;13;10114;17;;;10125;9;10127;24;;;10120.5;0.0
yf_BGS_d13;12000;ASH_COATED_OSMIUM;9950;22;9946;24;;;9969;12;9972;23;;;9959.5;0.0
yf_BGS_d13;12000;INTARIAN_PEPPER_ROOT;10119;12;10117;15;;;10125;14;10128;19;;;10122.0;0.0
yf_BGS_d13;12100;ASH_COATED_OSMIUM;9957;11;9953;12;;;9963;5;9967;15;;;9960.0;0.0
yf_BGS_d13;12100;INTARIAN_PEPPER_ROOT;10118;8;10115;26;;;10129;13;10131;24;;;10123.5;0.0
yf_BGS_d13;12200;ASH_COATED_OSMIUM;9956;21;9953;25;;;9962;19;9966;21;;;9959.0;0.0
yf_BGS_d13;12200;INTARIAN_PEPPER_ROOT;10116;13;10114;21;;;10131;11;10135;17;;;10123.5;0.0
yf_BGS_d13;12300;ASH_COATED_OSMIUM;9955;23;9953;27;;;9966;18;9969;22;;;9960.5;0.0
yf_BGS_d13;12300;INTARIAN_PEPPER_ROOT;10120;14;10116;18;;;10130;19;10134;20;;;10125.0;0.0
yf_BGS_d13;12400;ASH_COATED_OSMIUM;9952;12;9948;19;;;9968;22;9971;22;;;9960.0;0.0
yf_BGS_d13;12400;INTARIAN_PEPPER_ROOT;10123;9;10121;26;;;10129;19;10133;19;;;10126.0;0.0
yf_BGS_d13;12500;ASH_COATED_OSMIUM;9957;17;9954;24;;;9963;15;9967;19;;;9960.0;0.0
yf_BGS_d13;12500;INTARIAN_PEPPER_ROOT;10124;19;10120;22;;;10130;12;10133;16;;;10127.0;0.0
yf_BGS_d13;12600;ASH_COATED_OSMIUM;9955;11;9952;23;;;9964;12;9966;14;;;9959.5;0.0
yf_BGS_d13;12600;INTARIAN_PEPPER_ROOT;10125;14;10121;16;;;10131;16;10135;19;;;10128.0;0.0
yf_BGS_d13;12700;ASH_COATED_OSMIUM;9956;15;9952;21;;;9962;9;9965;18;;;9959.0;0.0
yf_BGS_d13;12700;INTARIAN_PEPPER_ROOT;10125;17;10122;27;;;10135;6;10137;19;;;10130.0;0.0
yf_BGS_d13;12800;ASH_COATED_OSMIUM;9956;20;9954;32;;;9962;15;9965;21;;;9959.0;0.0
yf_BGS_d13;12800;INTARIAN_PEPPER_ROOT;10112;11;10110;19;;;10147;8;10150;24;;;10129.5;0.0
yf_BGS_d13;12900;ASH_COATED_OSMIUM;9956;14;9953;23;;;9962;20;9964;17;;;9959.0;0.0
yf_BGS_d13;12900;INTARIAN_PEPPER_ROOT;10127;17;10125;17;;;10136;16;10138;30;;;10131.5;0.0
yf_BGS_d13;13000;ASH_COATED_OSMIUM;9953;14;9950;12;;;9965;13;9968;19;;;9959.0;0.0
yf_BGS_d13;13000;INTARIAN_PEPPER_ROOT;10129;11;10127;22;;;10135;10;10137;15;;;10132.0;0.0
yf_BGS_d13;13100;ASH_COATED_OSMIUM;9953;22;9949;20;;;9964;12;9968;22;;;9958.5;0.0
yf_BGS_d13;13100;INTARIAN_PEPPER_ROOT;10131;20;10128;27;;;10137;20;10140;16;;;10134.0;0.0
yf_BGS_d13;13200;ASH_COATED_OSMIUM;9956;15;9954;11;;;9962;17;9964;25;;;9959.0;0.0
yf_BGS_d13;13200;INTARIAN_PEPPER_ROOT;10131;12;10129;16;;;10137;9;10139;25;;;10134.0;0.0
yf_BGS_d13;13300;ASH_COATED_OSMIUM;9956;16;9954;20;;;9962;17;9965;14;;;9959.0;0.0
yf_BGS_d13;13300;INTARIAN_PEPPER_ROOT;10132;11;10129;19;;;10138;11;10140;19;;;10135.0;0.0
yf_BGS_d13;13400;ASH_COATED_OSMIUM;9955;19;9952;29;;;9961;13;9965;23;;;9958.0;0.0
yf_BGS_d13;13400;INTARIAN_PEPPER_ROOT;10134;19;10132;15;;;10140;16;10142;25;;;10137.0;0.0
yf_BGS_d13;13500;ASH_COATED_OSMIUM;9955;9;9952;25;;;9961;18;9965;25;;;9958.0;0.0
yf_BGS_d13;13500;INTARIAN_PEPPER_ROOT;10129;8;10126;25;;;10146;28;10149;20;;;10137.5;0.0
yf_BGS_d13;13600;ASH_COATED_OSMIUM;9955;5;9952;25;;;9961;8;9965;25;;;9958.0;0.0
yf_BGS_d13;13600;INTARIAN_PEPPER_ROOT;10136;20;10134;18;;;10142;13;10144;21;;;10139.0;0.0
yf_BGS_d13;13700;ASH_COATED_OSMIUM;9953;17;9949;11;;;9961;9;9964;23;;;9957.0;0.0
yf_BGS_d13;13700;INTARIAN_PEPPER_ROOT;10137;13;10135;27;;;10143;22;10145;23;;;10140.0;0.0
yf_BGS_d13;13800;ASH_COATED_OSMIUM;9955;12;9953;23;;;9961;12;9965;17;;;9958.0;0.0
yf_BGS_d13;13800;INTARIAN_PEPPER_ROOT;10133;15;10131;16;;;10147;18;10149;11;;;10140.0;0.0
yf_BGS_d13;13900;ASH_COATED_OSMIUM;9954;12;9951;19;;;9962;9;9965;16;;;9958.0;0.0
yf_BGS_d13;13900;INTARIAN_PEPPER_ROOT;10138;15;10136;20;;;10144;21;10146;13;;;10141.0;0.0
yf_BGS_d13;14000;ASH_COATED_OSMIUM;9955;12;9953;26;;;9961;13;9963;21;;;9958.0;0.0
yf_BGS_d13;14000;INTARIAN_PEPPER_ROOT;10140;10;10138;18;;;10146;14;10148;16;;;10143.0;0.0
yf_BGS_d13;14100;ASH_COATED_OSMIUM;9928;8;9925;20;;;9987;17;9991;23;;;9957.5;0.0
yf_BGS_d13;14100;INTARIAN_PEPPER_ROOT;10140;26;10137;18;;;10146;20;10149;24;;;10143.0;0.0
yf_BGS_d13;14200;ASH_COATED_OSMIUM;9948;22;9946;15;;;9967;22;9969;18;;;9957.5;0.0
yf_BGS_d13;14200;INTARIAN_PEPPER_ROOT;10142;10;10138;16;;;10148;7;10150;18;;;10145.0;0.0
yf_BGS_d13;14300;ASH_COATED_OSMIUM;9954;14;9952;18;;;9960;14;9962;21;;;9957.0;0.0
yf_BGS_d13;14300;INTARIAN_PEPPER_ROOT;10142;11;10140;15;;;10148;16;10150;29;;;10145.0;0.0
yf_BGS_d13;14400;ASH_COATED_OSMIUM;9955;7;9953;32;;;9961;21;9965;17;;;9958.0;0.0
yf_BGS_d13;14400;INTARIAN_PEPPER_ROOT;10144;13;10141;19;;;10150;11;10154;14;;;10147.0;0.0
yf_BGS_d13;14500;ASH_COATED_OSMIUM;9954;5;9950;17;;;9960;17;9963;21;;;9957.0;0.0
yf_BGS_d13;14500;INTARIAN_PEPPER_ROOT;10144;23;10141;26;;;10150;9;10153;30;;;10147.0;0.0
yf_BGS_d13;14600;ASH_COATED_OSMIUM;9954;8;9950;16;;;9960;9;9963;20;;;9957.0;0.0
yf_BGS_d13;14600;INTARIAN_PEPPER_ROOT;10146;20;10144;13;;;10152;17;10156;16;;;10149.0;0.0
yf_BGS_d13;14700;ASH_COATED_OSMIUM;9954;15;9950;24;;;9960;18;9963;23;;;9957.0;0.0
yf_BGS_d13;14700;INTARIAN_PEPPER_ROOT;10143;20;10141;11;;;10157;6;10159;20;;;10150.0;0.0
yf_BGS_d13;14800;ASH_COATED_OSMIUM;9954;17;9950;18;;;9960;9;9964;23;;;9957.0;0.0
yf_BGS_d13;14800;INTARIAN_PEPPER_ROOT;10142;9;10138;23;;;10159;12;10161;24;;;10150.5;0.0
yf_BGS_d13;14900;ASH_COATED_OSMIUM;9954;9;9950;21;;;9960;5;9964;13;;;9957.0;0.0
yf_BGS_d13;14900;INTARIAN_PEPPER_ROOT;10146;17;10142;15;;;10156;13;10158;15;;;10151.0;0.0
yf_BGS_d13;15000;ASH_COATED_OSMIUM;9953;15;9951;15;;;9960;13;9962;25;;;9956.5;0.0
yf_BGS_d13;15000;INTARIAN_PEPPER_ROOT;10143;18;10140;15;;;10163;18;10167;28;;;10153.0;0.0
yf_BGS_d13;15100;ASH_COATED_OSMIUM;9952;15;9949;19;;;9960;18;9964;16;;;9956.0;0.0
yf_BGS_d13;15100;INTARIAN_PEPPER_ROOT;10147;16;10145;24;;;10160;11;10164;21;;;10153.5;0.0
yf_BGS_d13;15200;ASH_COATED_OSMIUM;9953;13;9950;27;;;9959;6;9961;14;;;9956.0;0.0
yf_BGS_d13;15200;INTARIAN_PEPPER_ROOT;10139;15;10136;20;;;10172;16;10175;16;;;10155.5;0.0
yf_BGS_d13;15300;ASH_COATED_OSMIUM;9951;12;9948;20;;;9962;10;9964;23;;;9956.5;0.0
yf_BGS_d13;15300;INTARIAN_PEPPER_ROOT;10153;13;10151;15;;;10159;14;10163;15;;;10156.0;0.0
yf_BGS_d13;15400;ASH_COATED_OSMIUM;9952;15;9950;19;;;9961;14;9963;15;;;9956.5;0.0
yf_BGS_d13;15400;INTARIAN_PEPPER_ROOT;10154;8;10152;31;;;10160;10;10163;20;;;10157.0;0.0
yf_BGS_d13;15500;ASH_COATED_OSMIUM;9944;13;9941;24;;;9969;5;9972;16;;;9956.5;0.0
yf_BGS_d13;15500;INTARIAN_PEPPER_ROOT;10152;7;10148;26;;;10163;14;10166;15;;;10157.5;0.0
yf_BGS_d13;15600;ASH_COATED_OSMIUM;9953;5;9949;10;;;9959;12;9963;24;;;9956.0;0.0
yf_BGS_d13;15600;INTARIAN_PEPPER_ROOT;10156;17;10154;28;;;10162;5;10166;11;;;10159.0;0.0
yf_BGS_d13;15700;ASH_COATED_OSMIUM;9953;15;9949;28;;;9959;13;9963;23;;;9956.0;0.0
yf_BGS_d13;15700;INTARIAN_PEPPER_ROOT;10157;20;10155;16;;;10163;18;10166;16;;;10160.0;0.0
yf_BGS_d13;15800;ASH_COATED_OSMIUM;9951;15;9949;18;;;9959;10;9961;22;;;9955.0;0.0
yf_BGS_d13;15800;INTARIAN_PEPPER_ROOT;10151;16;10147;16;;;10170;10;10172;20;;;10160.5;0.0
yf_BGS_d13;15900;ASH_COATED_OSMIUM;9953;15;9949;19;;;9959;8;9962;12;;;9956.0;0.0
yf_BGS_d13;15900;INTARIAN_PEPPER_ROOT;10159;13;10155;20;;;10165;10;10167;25;;;10162.0;0.0
yf_BGS_d13;16000;ASH_COATED_OSMIUM;9953;16;9950;22;;;9959;19;9962;20;;;9956.0;0.0
yf_BGS_d13;16000;INTARIAN_PEPPER_ROOT;10160;20;10156;12;;;10166;14;10170;20;;;10163.0;0.0
yf_BGS_d13;16100;ASH_COATED_OSMIUM;9950;14;9948;32;;;9961;19;9965;20;;;9955.5;0.0
yf_BGS_d13;16100;INTARIAN_PEPPER_ROOT;10161;5;10158;17;;;10167;6;10170;16;;;10164.0;0.0
yf_BGS_d13;16200;ASH_COATED_OSMIUM;9952;11;9949;17;;;9959;10;9963;22;;;9955.5;0.0
yf_BGS_d13;16200;INTARIAN_PEPPER_ROOT;10162;22;10158;20;;;10168;14;10172;19;;;10165.0;0.0
yf_BGS_d13;16300;ASH_COATED_OSMIUM;9950;17;9946;22;;;9960;18;9964;22;;;9955.0;0.0
yf_BGS_d13;16300;INTARIAN_PEPPER_ROOT;10161;7;10158;12;;;10171;18;10175;20;;;10166.0;0.0
yf_BGS_d13;16400;ASH_COATED_OSMIUM;9952;7;9949;23;;;9958;15;9960;13;;;9955.0;0.0
yf_BGS_d13;16400;INTARIAN_PEPPER_ROOT;10159;16;10156;23;;;10175;7;10177;11;;;10167.0;0.0
yf_BGS_d13;16500;ASH_COATED_OSMIUM;9952;18;9948;24;;;9958;13;9960;22;;;9955.0;0.0
yf_BGS_d13;16500;INTARIAN_PEPPER_ROOT;10165;12;10161;8;;;10171;10;10174;25;;;10168.0;0.0
yf_BGS_d13;16600;ASH_COATED_OSMIUM;9952;13;9948;20;;;9958;8;9961;21;;;9955.0;0.0
yf_BGS_d13;16600;INTARIAN_PEPPER_ROOT;10155;13;10153;18;;;10183;17;10185;17;;;10169.0;0.0
yf_BGS_d13;16700;ASH_COATED_OSMIUM;9950;18;9946;25;;;9958;17;9962;14;;;9954.0;0.0
yf_BGS_d13;16700;INTARIAN_PEPPER_ROOT;10168;6;10166;17;;;10174;11;10178;22;;;10171.0;0.0
yf_BGS_d13;16800;ASH_COATED_OSMIUM;9952;11;9948;28;;;9958;10;9960;23;;;9955.0;0.0
yf_BGS_d13;16800;INTARIAN_PEPPER_ROOT;10166;14;10164;15;;;10174;16;10177;12;;;10170.0;0.0
yf_BGS_d13;16900;ASH_COATED_OSMIUM;9952;11;9950;13;;;9958;12;9960;17;;;9955.0;0.0
yf_BGS_d13;16900;INTARIAN_PEPPER_ROOT;10169;19;10167;14;;;10175;16;10179;19;;;10172.0;0.0
yf_BGS_d13;17000;ASH_COATED_OSMIUM;9952;13;9950;24;;;9958;16;9960;12;;;9955.0;0.0
yf_BGS_d13;17000;INTARIAN_PEPPER_ROOT;10178;10;10176;17;;;10184;7;10187;21;;;10181.0;0.0
yf_BGS_d13;17100;ASH_COATED_OSMIUM;9952;11;9949;17;;;9958;5;9962;21;;;9955.0;0.0
yf_BGS_d13;17100;INTARIAN_PEPPER_ROOT;10192;15;10188;8;;;10204;14;10206;26;;;10198.0;0.0
yf_BGS_d13;17200;ASH_COATED_OSMIUM;9947;13;9943;22;;;9963;24;9967;27;;;9955.0;0.0
yf_BGS_d13;17200;INTARIAN_PEPPER_ROOT;10211;6;10209;27;;;10220;9;10224;18;;;10215.5;0.0
yf_BGS_d13;17300;ASH_COATED_OSMIUM;9951;17;9947;22;;;9957;10;9959;12;;;9954.0;0.0
yf_BGS_d13;17300;INTARIAN_PEPPER_ROOT;10228;15;10226;17;;;10234;16;10237;13;;;10231.0;0.0
yf_BGS_d13;17400;ASH_COATED_OSMIUM;9949;19;9947;23;;;9959;16;9961;10;;;9954.0;0.0
yf_BGS_d13;17400;INTARIAN_PEPPER_ROOT;10245;10;10242;19;;;10251;8;10255;22;;;10248.0;0.0
yf_BGS_d13;17500;ASH_COATED_OSMIUM;9951;16;9947;14;;;9957;21;9960;27;;;9954.0;0.0
yf_BGS_d13;17500;INTARIAN_PEPPER_ROOT;10259;17;10257;11;;;10271;19;10274;10;;;10265.0;0.0
yf_BGS_d13;17600;ASH_COATED_OSMIUM;9948;12;9944;21;;;9959;10;9961;13;;;9953.5;0.0
yf_BGS_d13;17600;INTARIAN_PEPPER_ROOT;10278;21;10275;21;;;10286;17;10289;13;;;10282.0;0.0
yf_BGS_d13;17700;ASH_COATED_OSMIUM;9946;15;9942;19;;;9962;15;9965;25;;;9954.0;0.0
yf_BGS_d13;17700;INTARIAN_PEPPER_ROOT;10295;16;10291;8;;;10301;9;10303;21;;;10298.0;0.0
yf_BGS_d13;17800;ASH_COATED_OSMIUM;9951;5;9949;15;;;9957;16;9960;21;;;9954.0;0.0
yf_BGS_d13;17800;INTARIAN_PEPPER_ROOT;10312;14;10309;13;;;10318;14;10321;8;;;10315.0;0.0
yf_BGS_d13;17900;ASH_COATED_OSMIUM;9947;11;9943;22;;;9961;25;9963;20;;;9954.0;0.0
yf_BGS_d13;17900;INTARIAN_PEPPER_ROOT;10324;17;10322;21;;;10338;16;10341;21;;;10331.0;0.0
yf_BGS_d13;18000;ASH_COATED_OSMIUM;9951;20;9947;21;;;9957;13;9959;8;;;9954.0;0.0
yf_BGS_d13;18000;INTARIAN_PEPPER_ROOT;10345;9;10341;13;;;10351;29;10355;19;;;10348.0;0.0
yf_BGS_d13;18100;ASH_COATED_OSMIUM;9951;12;9949;20;;;9957;17;9960;17;;;9954.0;0.0
yf_BGS_d13;18100;INTARIAN_PEPPER_ROOT;10362;15;10359;9;;;10368;14;10371;11;;;10365.0;0.0
yf_BGS_d13;18200;ASH_COATED_OSMIUM;9948;15;9944;28;;;9959;12;9962;12;;;9953.5;0.0
yf_BGS_d13;18200;INTARIAN_PEPPER_ROOT;10379;12;10377;19;;;10385;13;10387;15;;;10382.0;0.0
yf_BGS_d13;18300;ASH_COATED_OSMIUM;9951;15;9947;33;;;9957;16;9959;26;;;9954.0;0.0
yf_BGS_d13;18300;INTARIAN_PEPPER_ROOT;10392;19;10389;20;;;10405;14;10409;19;;;10398.5;0.0
yf_BGS_d13;18400;ASH_COATED_OSMIUM;9951;13;9948;15;;;9957;15;9961;18;;;9954.0;0.0
yf_BGS_d13;18400;INTARIAN_PEPPER_ROOT;10412;19;10409;27;;;10418;12;10420;20;;;10415.0;0.0
yf_BGS_d13;18500;ASH_COATED_OSMIUM;9951;11;9948;25;;;9957;18;9961;22;;;9954.0;0.0
yf_BGS_d13;18500;INTARIAN_PEPPER_ROOT;10427;11;10423;28;;;10436;13;10440;30;;;10431.5;0.0
yf_BGS_d13;18600;ASH_COATED_OSMIUM;9948;14;9944;15;;;9960;17;9963;17;;;9954.0;0.0
yf_BGS_d13;18600;INTARIAN_PEPPER_ROOT;10445;12;10442;22;;;10453;5;10457;18;;;10449.0;0.0
yf_BGS_d13;18700;ASH_COATED_OSMIUM;9951;16;9949;20;;;9957;20;9961;23;;;9954.0;0.0
yf_BGS_d13;18700;INTARIAN_PEPPER_ROOT;10462;7;10460;19;;;10468;11;10470;17;;;10465.0;0.0
yf_BGS_d13;18800;ASH_COATED_OSMIUM;9950;14;9947;23;;;9956;21;9958;18;;;9953.0;0.0
yf_BGS_d13;18800;INTARIAN_PEPPER_ROOT;10467;9;10464;21;;;10496;13;10500;10;;;10481.5;0.0
yf_BGS_d13;18900;ASH_COATED_OSMIUM;9939;21;9937;21;;;9965;8;9968;27;;;9952.0;0.0
yf_BGS_d13;18900;INTARIAN_PEPPER_ROOT;10495;11;10493;20;;;10501;12;10505;18;;;10498.0;0.0
yf_BGS_d13;19000;ASH_COATED_OSMIUM;9951;17;9947;13;;;9957;15;9959;16;;;9954.0;0.0
yf_BGS_d13;19000;INTARIAN_PEPPER_ROOT;10512;14;10508;21;;;10518;6;10521;24;;;10515.0;0.0
yf_BGS_d13;19100;ASH_COATED_OSMIUM;9951;23;9947;25;;;9957;5;9960;18;;;9954.0;0.0
yf_BGS_d13;19100;INTARIAN_PEPPER_ROOT;10529;11;10527;25;;;10535;19;10539;26;;;10532.0;0.0
yf_BGS_d13;19200;ASH_COATED_OSMIUM;9947;11;9943;18;;;9957;12;9959;16;;;9952.0;0.0
yf_BGS_d13;19200;INTARIAN_PEPPER_ROOT;10545;12;10541;12;;;10551;21;10553;26;;;10548.0;0.0
yf_BGS_d13;19300;ASH_COATED_OSMIUM;9950;13;9948;21;;;9956;16;9959;21;;;9953.0;0.0
yf_BGS_d13;19300;INTARIAN_PEPPER_ROOT;10562;11;10560;19;;;10568;13;10572;22;;;10565.0;0.0
yf_BGS_d13;19400;ASH_COATED_OSMIUM;9946;9;9942;17;;;9960;15;9962;22;;;9953.0;0.0
yf_BGS_d13;19400;INTARIAN_PEPPER_ROOT;10579;8;10575;14;;;10585;8;10587;22;;;10582.0;0.0
yf_BGS_d13;19500;ASH_COATED_OSMIUM;9950;15;9946;27;;;9956;27;9958;18;;;9953.0;0.0
yf_BGS_d13;19500;INTARIAN_PEPPER_ROOT;10586;8;10584;25;;;10611;16;10614;17;;;10598.5;0.0
yf_BGS_d13;19600;ASH_COATED_OSMIUM;9950;12;9948;19;;;9956;21;9960;25;;;9953.0;0.0
yf_BGS_d13;19600;INTARIAN_PEPPER_ROOT;10609;13;10607;17;;;10621;21;10625;19;;;10615.0;0.0
yf_BGS_d13;19700;ASH_COATED_OSMIUM;9950;14;9947;24;;;9956;9;9959;16;;;9953.0;0.0
yf_BGS_d13;19700;INTARIAN_PEPPER_ROOT;10628;21;10624;11;;;10635;19;10639;25;;;10631.5;0.0
yf_BGS_d13;19800;ASH_COATED_OSMIUM;9949;10;9946;24;;;9955;18;9958;24;;;9952.0;0.0
yf_BGS_d13;19800;INTARIAN_PEPPER_ROOT;10646;10;10642;18;;;10652;8;10654;14;;;10649.0;0.0
yf_BGS_d13;19900;ASH_COATED_OSMIUM;9947;14;9943;23;;;9958;12;9960;30;;;9952.5;0.0
yf_BGS_d13;19900;INTARIAN_PEPPER_ROOT;10662;11;10659;26;;;10668;20;10671;20;;;10665.0;0.0
yf_BGS_d13;20000;ASH_COATED_OSMIUM;9949;5;9945;21;;;9955;19;9959;12;;;9952.0;0.0
yf_BGS_d13;20000;INTARIAN_PEPPER_ROOT;10679;13;10675;17;;;10685;16;10687;22;;;10682.0;0.0
yf_BGS_d13;20100;ASH_COATED_OSMIUM;9949;10;9945;19;;;9955;12;9959;17;;;9952.0;0.0
yf_BGS_d13;20100;INTARIAN_PEPPER_ROOT;10695;9;10692;18;;;10701;16;10704;24;;;10698.0;0.0
yf_BGS_d13;20200;ASH_COATED_OSMIUM;9950;17;9948;13;;;9956;11;9960;26;;;9953.0;0.0
yf_BGS_d13;20200;INTARIAN_PEPPER_ROOT;10712;12;10709;19;;;10718;16;10720;15;;;10715.0;0.0
yf_BGS_d13;20300;ASH_COATED_OSMIUM;9949;17;9945;23;;;9955;7;9958;18;;;9952.0;0.0
yf_BGS_d13;20300;INTARIAN_PEPPER_ROOT;10727;26;10723;17;;;10736;20;10739;16;;;10731.5;0.0
yf_BGS_d13;20400;ASH_COATED_OSMIUM;9949;8;9946;16;;;9955;6;9959;22;;;9952.0;0.0
yf_BGS_d13;20400;INTARIAN_PEPPER_ROOT;10745;20;10742;15;;;10751;22;10753;15;;;10748.0;0.0
yf_BGS_d13;20500;ASH_COATED_OSMIUM;9947;22;9944;11;;;9956;8;9958;26;;;9951.5;0.0
yf_BGS_d13;20500;INTARIAN_PEPPER_ROOT;10759;5;10757;21;;;10771;21;10774;19;;;10765.0;0.0
yf_BGS_d13;20600;ASH_COATED_OSMIUM;9948;13;9945;16;;;9956;14;9958;21;;;9952.0;0.0
yf_BGS_d13;20600;INTARIAN_PEPPER_ROOT;10779;12;10776;23;;;10785;7;10787;20;;;10782.0;0.0
yf_BGS_d13;20700;ASH_COATED_OSMIUM;9949;13;9945;25;;;9955;19;9957;22;;;9952.0;0.0
yf_BGS_d13;20700;INTARIAN_PEPPER_ROOT;10796;23;10794;16;;;10802;25;10804;25;;;10799.0;0.0
yf_BGS_d13;20800;ASH_COATED_OSMIUM;9949;15;9945;12;;;9955;24;9959;18;;;9952.0;0.0
yf_BGS_d13;20800;INTARIAN_PEPPER_ROOT;10812;17;10810;18;;;10818;10;10821;18;;;10815.0;0.0
yf_BGS_d13;20900;ASH_COATED_OSMIUM;9949;7;9947;28;;;9955;17;9958;22;;;9952.0;0.0
yf_BGS_d13;20900;INTARIAN_PEPPER_ROOT;10829;22;10826;22;;;10835;14;10839;18;;;10832.0;0.0
yf_BGS_d13;21000;ASH_COATED_OSMIUM;9948;21;9944;17;;;9954;11;9956;24;;;9951.0;0.0
yf_BGS_d13;21000;INTARIAN_PEPPER_ROOT;10844;16;10841;17;;;10853;5;10856;14;;;10848.5;0.0
yf_BGS_d13;21100;ASH_COATED_OSMIUM;9948;9;9944;12;;;9954;13;9958;18;;;9951.0;0.0
yf_BGS_d13;21100;INTARIAN_PEPPER_ROOT;10862;10;10859;17;;;10868;16;10871;24;;;10865.0;0.0
yf_BGS_d13;21200;ASH_COATED_OSMIUM;9948;22;9946;18;;;9956;12;9958;17;;;9952.0;0.0
yf_BGS_d13;21200;INTARIAN_PEPPER_ROOT;10878;17;10875;19;;;10886;18;10888;22;;;10882.0;0.0
yf_BGS_d13;21300;ASH_COATED_OSMIUM;9944;12;9940;23;;;9959;12;9961;15;;;9951.5;0.0
yf_BGS_d13;21300;INTARIAN_PEPPER_ROOT;10895;10;10893;18;;;10901;17;10903;18;;;10898.0;0.0
yf_BGS_d13;21400;ASH_COATED_OSMIUM;9943;14;9940;20;;;9959;26;9961;21;;;9951.0;0.0
yf_BGS_d13;21400;INTARIAN_PEPPER_ROOT;10909;5;10907;15;;;10923;9;10925;24;;;10916.0;0.0
yf_BGS_d13;21500;ASH_COATED_OSMIUM;9947;13;9945;9;;;9958;12;9962;27;;;9952.5;0.0
yf_BGS_d13;21500;INTARIAN_PEPPER_ROOT;10930;11;10928;16;;;10936;14;10939;19;;;10933.0;0.0
yf_BGS_d13;21600;ASH_COATED_OSMIUM;9949;22;9945;21;;;9955;15;9957;20;;;9952.0;0.0
yf_BGS_d13;21600;INTARIAN_PEPPER_ROOT;10945;16;10943;22;;;10951;21;10955;18;;;10948.0;0.0
yf_BGS_d13;21700;ASH_COATED_OSMIUM;9948;8;9946;24;;;9954;17;9958;27;;;9951.0;0.0
yf_BGS_d13;21700;INTARIAN_PEPPER_ROOT;10962;14;10960;25;;;10969;13;10972;19;;;10965.5;0.0
yf_BGS_d13;21800;ASH_COATED_OSMIUM;9946;15;9942;19;;;9957;10;9959;18;;;9951.5;0.0
yf_BGS_d13;21800;INTARIAN_PEPPER_ROOT;10979;8;10976;27;;;10985;14;10987;16;;;10982.0;0.0
yf_BGS_d13;21900;ASH_COATED_OSMIUM;9948;15;9946;22;;;9954;12;9958;14;;;9951.0;0.0
yf_BGS_d13;21900;INTARIAN_PEPPER_ROOT;10993;21;10990;25;;;11005;10;11007;11;;;10999.0;0.0
yf_BGS_d13;22000;ASH_COATED_OSMIUM;9948;12;9944;20;;;9956;7;9960;25;;;9952.0;0.0
yf_BGS_d13;22000;INTARIAN_PEPPER_ROOT;11012;10;11009;21;;;11018;11;11022;15;;;11015.0;0.0
yf_BGS_d13;22100;ASH_COATED_OSMIUM;9948;17;9944;20;;;9954;11;9957;16;;;9951.0;0.0
yf_BGS_d13;22100;INTARIAN_PEPPER_ROOT;11029;11;11025;22;;;11035;19;11038;15;;;11032.0;0.0
yf_BGS_d13;22200;ASH_COATED_OSMIUM;9948;14;9945;20;;;9954;16;9958;22;;;9951.0;0.0
yf_BGS_d13;22200;INTARIAN_PEPPER_ROOT;11046;5;11043;21;;;11052;16;11055;29;;;11049.0;0.0
yf_BGS_d13;22300;ASH_COATED_OSMIUM;9947;9;9944;21;;;9953;11;9957;21;;;9950.0;0.0
yf_BGS_d13;22300;INTARIAN_PEPPER_ROOT;11062;14;11060;8;;;11068;5;11072;24;;;11065.0;0.0
yf_BGS_d13;22400;ASH_COATED_OSMIUM;9948;16;9946;16;;;9954;10;9957;26;;;9951.0;0.0
yf_BGS_d13;22400;INTARIAN_PEPPER_ROOT;11079;15;11077;21;;;11085;18;11088;17;;;11082.0;0.0
yf_BGS_d13;22500;ASH_COATED_OSMIUM;9948;15;9944;23;;;9954;10;9958;29;;;9951.0;0.0
yf_BGS_d13;22500;INTARIAN_PEPPER_ROOT;11091;20;11087;16;;;11106;12;11109;26;;;11098.5;0.0
yf_BGS_d13;22600;ASH_COATED_OSMIUM;9943;16;9941;24;;;9956;20;9960;18;;;9949.5;0.0
yf_BGS_d13;22600;INTARIAN_PEPPER_ROOT;11111;8;11109;21;;;11120;19;11123;28;;;11115.5;0.0
yf_BGS_d13;22700;ASH_COATED_OSMIUM;9947;18;9943;24;;;9953;10;9956;9;;;9950.0;0.0
yf_BGS_d13;22700;INTARIAN_PEPPER_ROOT;11129;16;11126;21;;;11135;12;11139;18;;;11132.0;0.0
yf_BGS_d13;22800;ASH_COATED_OSMIUM;9947;12;9944;10;;;9953;16;9956;17;;;9950.0;0.0
yf_BGS_d13;22800;INTARIAN_PEPPER_ROOT;11142;14;11138;21;;;11157;10;11161;22;;;11149.5;0.0
yf_BGS_d13;22900;ASH_COATED_OSMIUM;9947;22;9944;27;;;9953;18;9955;23;;;9950.0;0.0
yf_BGS_d13;22900;INTARIAN_PEPPER_ROOT;11163;14;11161;23;;;11169;25;11173;17;;;11166.0;0.0
yf_BGS_d13;23000;ASH_COATED_OSMIUM;9947;13;9943;25;;;9954;19;9957;20;;;9950.5;0.0
yf_BGS_d13;23000;INTARIAN_PEPPER_ROOT;11177;7;11174;23;;;11188;20;11190;18;;;11182.5;0.0
yf_BGS_d13;23100;ASH_COATED_OSMIUM;9947;9;9944;23;;;9953;9;9957;23;;;9950.0;0.0
yf_BGS_d13;23100;INTARIAN_PEPPER_ROOT;11197;9;11193;22;;;11203;25;11206;12;;;11200.0;0.0
yf_BGS_d13;23200;ASH_COATED_OSMIUM;9945;15;9943;20;;;9954;10;9956;15;;;9949.5;0.0
yf_BGS_d13;23200;INTARIAN_PEPPER_ROOT;11212;14;11209;20;;;11218;16;11221;24;;;11215.0;0.0
yf_BGS_d13;23300;ASH_COATED_OSMIUM;9947;10;9945;22;;;9953;13;9956;20;;;9950.0;0.0
yf_BGS_d13;23300;INTARIAN_PEPPER_ROOT;11227;9;11225;19;;;11238;14;11241;24;;;11232.5;0.0
yf_BGS_d13;23400;ASH_COATED_OSMIUM;9947;12;9943;24;;;9953;13;9955;21;;;9950.0;0.0
yf_BGS_d13;23400;INTARIAN_PEPPER_ROOT;11246;19;11243;21;;;11252;10;11256;17;;;11249.0;0.0
yf_BGS_d13;23500;ASH_COATED_OSMIUM;9947;14;9944;11;;;9953;12;9955;27;;;9950.0;0.0
yf_BGS_d13;23500;INTARIAN_PEPPER_ROOT;11258;6;11256;13;;;11272;23;11276;19;;;11265.0;0.0
yf_BGS_d13;23600;ASH_COATED_OSMIUM;9948;16;9944;23;;;9954;13;9958;26;;;9951.0;0.0
yf_BGS_d13;23600;INTARIAN_PEPPER_ROOT;11280;21;11277;24;;;11286;14;11288;25;;;11283.0;0.0
yf_BGS_d13;23700;ASH_COATED_OSMIUM;9947;14;9943;13;;;9953;12;9957;15;;;9950.0;0.0
yf_BGS_d13;23700;INTARIAN_PEPPER_ROOT;11295;20;11292;25;;;11303;18;11307;11;;;11299.0;0.0
yf_BGS_d13;23800;ASH_COATED_OSMIUM;9946;22;9943;9;;;9952;11;9956;18;;;9949.0;0.0
yf_BGS_d13;23800;INTARIAN_PEPPER_ROOT;11307;19;11305;16;;;11324;11;11327;13;;;11315.5;0.0
yf_BGS_d13;23900;ASH_COATED_OSMIUM;9947;10;9943;26;;;9953;19;9957;18;;;9950.0;0.0
yf_BGS_d13;23900;INTARIAN_PEPPER_ROOT;11329;9;11327;25;;;11335;21;11339;28;;;11332.0;0.0
yf_BGS_d13;24000;ASH_COATED_OSMIUM;9947;14;9945;17;;;9953;12;9957;14;;;9950.0;0.0
yf_BGS_d13;24000;INTARIAN_PEPPER_ROOT;11346;11;11344;21;;;11352;20;11356;24;;;11349.0;0.0
yf_BGS_d13;24100;ASH_COATED_OSMIUM;9947;21;9943;25;;;9953;8;9956;23;;;9950.0;0.0
yf_BGS_d13;24100;INTARIAN_PEPPER_ROOT;11362;21;11359;20;;;11368;15;11370;20;;;11365.0;0.0
yf_BGS_d13;24200;ASH_COATED_OSMIUM;9944;12;9942;13;;;9955;15;9959;21;;;9949.5;0.0
yf_BGS_d13;24200;INTARIAN_PEPPER_ROOT;11379;9;11375;27;;;11385;26;11387;15;;;11382.0;0.0
yf_BGS_d13;24300;ASH_COATED_OSMIUM;9946;17;9943;15;;;9952;8;9955;23;;;9949.0;0.0
yf_BGS_d13;24300;INTARIAN_PEPPER_ROOT;11396;12;11394;14;;;11402;13;11404;16;;;11399.0;0.0
yf_BGS_d13;24400;ASH_COATED_OSMIUM;9946;20;9944;13;;;9952;14;9955;16;;;9949.0;0.0
yf_BGS_d13;24400;INTARIAN_PEPPER_ROOT;11413;15;11410;17;;;11419;12;11423;13;;;11416.0;0.0
yf_BGS_d13;24500;ASH_COATED_OSMIUM;9946;12;9942;20;;;9952;13;9955;30;;;9949.0;0.0
yf_BGS_d13;24500;INTARIAN_PEPPER_ROOT;11428;19;11425;26;;;11436;15;11438;20;;;11432.0;0.0
yf_BGS_d13;24600;ASH_COATED_OSMIUM;9946;23;9942;13;;;9952;12;9956;27;;;9949.0;0.0
yf_BGS_d13;24600;INTARIAN_PEPPER_ROOT;11446;22;11442;17;;;11452;17;11454;20;;;11449.0;0.0
yf_BGS_d13;24700;ASH_COATED_OSMIUM;9942;25;9939;23;;;9955;16;9957;29;;;9948.5;0.0
yf_BGS_d13;24700;INTARIAN_PEPPER_ROOT;11455;17;11453;25;;;11476;27;11480;20;;;11465.5;0.0
yf_BGS_d13;24800;ASH_COATED_OSMIUM;9946;13;9942;19;;;9952;14;9955;21;;;9949.0;0.0
yf_BGS_d13;24800;INTARIAN_PEPPER_ROOT;11476;10;11473;24;;;11490;13;11492;13;;;11483.0;0.0
yf_BGS_d13;24900;ASH_COATED_OSMIUM;9946;14;9942;17;;;9952;18;9956;17;;;9949.0;0.0
yf_BGS_d13;24900;INTARIAN_PEPPER_ROOT;11496;14;11493;29;;;11502;17;11506;13;;;11499.0;0.0
yf_BGS_d13;25000;ASH_COATED_OSMIUM;9931;20;9929;26;;;9966;7;9968;19;;;9948.5;0.0
yf_BGS_d13;25000;INTARIAN_PEPPER_ROOT;11510;20;11506;18;;;11522;18;11526;20;;;11516.0;0.0
yf_BGS_d13;25100;ASH_COATED_OSMIUM;9942;5;9939;8;;;9955;15;9958;11;;;9948.5;0.0
yf_BGS_d13;25100;INTARIAN_PEPPER_ROOT;11527;11;11523;25;;;11538;8;11542;19;;;11532.5;0.0
yf_BGS_d13;25200;ASH_COATED_OSMIUM;9939;19;9937;14;;;9958;21;9962;23;;;9948.5;0.0
yf_BGS_d13;25200;INTARIAN_PEPPER_ROOT;11546;15;11543;29;;;11552;18;11556;17;;;11549.0;0.0
yf_BGS_d13;25300;ASH_COATED_OSMIUM;9945;15;9942;21;;;9951;22;9955;25;;;9948.0;0.0
yf_BGS_d13;25300;INTARIAN_PEPPER_ROOT;11562;18;11559;16;;;11568;17;11570;17;;;11565.0;0.0
yf_BGS_d13;25400;ASH_COATED_OSMIUM;9946;16;9942;18;;;9952;18;9954;23;;;9949.0;0.0
yf_BGS_d13;25400;INTARIAN_PEPPER_ROOT;11580;15;11576;14;;;11586;27;11590;31;;;11583.0;0.0
yf_BGS_d13;25500;ASH_COATED_OSMIUM;9945;12;9943;19;;;9951;15;9953;16;;;9948.0;0.0
yf_BGS_d13;25500;INTARIAN_PEPPER_ROOT;11596;8;11592;13;;;11602;18;11606;29;;;11599.0;0.0
yf_BGS_d13;25600;ASH_COATED_OSMIUM;9946;22;9944;14;;;9952;8;9954;13;;;9949.0;0.0
yf_BGS_d13;25600;INTARIAN_PEPPER_ROOT;11610;20;11607;24;;;11621;19;11623;19;;;11615.5;0.0
yf_BGS_d13;25700;ASH_COATED_OSMIUM;9946;22;9944;28;;;9952;19;9956;22;;;9949.0;0.0
yf_BGS_d13;25700;INTARIAN_PEPPER_ROOT;11619;18;11617;20;;;11647;25;11650;9;;;11633.0;0.0
yf_BGS_d13;25800;ASH_COATED_OSMIUM;9943;12;9940;21;;;9954;5;9957;23;;;9948.5;0.0
yf_BGS_d13;25800;INTARIAN_PEPPER_ROOT;11647;18;11644;21;;;11653;12;11656;16;;;11650.0;0.0
yf_BGS_d13;25900;ASH_COATED_OSMIUM;9935;6;9933;16;;;9962;15;9966;22;;;9948.5;0.0
yf_BGS_d13;25900;INTARIAN_PEPPER_ROOT;11659;13;11657;16;;;11672;22;11675;19;;;11665.5;0.0
yf_BGS_d13;26000;ASH_COATED_OSMIUM;9944;9;9941;14;;;9953;7;9957;18;;;9948.5;0.0
yf_BGS_d13;26000;INTARIAN_PEPPER_ROOT;11680;5;11676;16;;;11686;16;11688;25;;;11683.0;0.0
yf_BGS_d13;26100;ASH_COATED_OSMIUM;9945;14;9942;29;;;9951;15;9955;20;;;9948.0;0.0
yf_BGS_d13;26100;INTARIAN_PEPPER_ROOT;11696;5;11693;23;;;11702;15;11705;20;;;11699.0;0.0
yf_BGS_d13;26200;ASH_COATED_OSMIUM;9945;18;9943;17;;;9951;15;9955;16;;;9948.0;0.0
yf_BGS_d13;26200;INTARIAN_PEPPER_ROOT;11713;12;11711;10;;;11719;13;11723;22;;;11716.0;0.0
yf_BGS_d13;26300;ASH_COATED_OSMIUM;9945;9;9941;23;;;9951;19;9955;15;;;9948.0;0.0
yf_BGS_d13;26300;INTARIAN_PEPPER_ROOT;11730;9;11726;23;;;11737;11;11741;9;;;11733.5;0.0
yf_BGS_d13;26400;ASH_COATED_OSMIUM;9945;11;9941;21;;;9951;15;9953;23;;;9948.0;0.0
yf_BGS_d13;26400;INTARIAN_PEPPER_ROOT;11746;7;11744;21;;;11752;5;11755;20;;;11749.0;0.0
yf_BGS_d13;26500;ASH_COATED_OSMIUM;9933;13;9929;12;;;9963;22;9965;17;;;9948.0;0.0
yf_BGS_d13;26500;INTARIAN_PEPPER_ROOT;11760;13;11758;22;;;11772;19;11775;18;;;11766.0;0.0
yf_BGS_d13;26600;ASH_COATED_OSMIUM;9944;21;9942;25;;;9950;19;9952;22;;;9947.0;0.0
yf_BGS_d13;26600;INTARIAN_PEPPER_ROOT;11780;15;11778;24;;;11786;17;11790;27;;;11783.0;0.0
yf_BGS_d13;26700;ASH_COATED_OSMIUM;9945;8;9942;23;;;9951;18;9954;16;;;9948.0;0.0
yf_BGS_d13;26700;INTARIAN_PEPPER_ROOT;11797;26;11795;19;;;11803;17;11806;23;;;11800.0;0.0
yf_BGS_d13;26800;ASH_COATED_OSMIUM;9944;9;9941;23;;;9950;7;9952;25;;;9947.0;0.0
yf_BGS_d13;26800;INTARIAN_PEPPER_ROOT;11813;11;11809;31;;;11819;12;11822;16;;;11816.0;0.0
yf_BGS_d13;26900;ASH_COATED_OSMIUM;9944;5;9942;17;;;9950;11;9953;17;;;9947.0;0.0
yf_BGS_d13;26900;INTARIAN_PEPPER_ROOT;11831;14;11829;20;;;11837;12;11839;27;;;11834.0;0.0
yf_BGS_d13;27000;ASH_COATED_OSMIUM;9944;13;9942;16;;;9951;12;9955;17;;;9947.5;0.0
yf_BGS_d13;27000;INTARIAN_PEPPER_ROOT;11843;14;11840;22;;;11857;10;11860;15;;;11850.0;0.0
yf_BGS_d13;27100;ASH_COATED_OSMIUM;9944;24;9940;20;;;9950;14;9954;20;;;9947.0;0.0
yf_BGS_d13;27100;INTARIAN_PEPPER_ROOT;11859;16;11857;22;;;11873;13;11876;15;;;11866.0;0.0
yf_BGS_d13;27200;ASH_COATED_OSMIUM;9941;9;9937;15;;;9953;8;9955;20;;;9947.0;0.0
yf_BGS_d13;27200;INTARIAN_PEPPER_ROOT;11880;12;11878;22;;;11886;13;11889;23;;;11883.0;0.0
yf_BGS_d13;27300;ASH_COATED_OSMIUM;9943;13;9939;20;;;9950;20;9953;21;;;9946.5;0.0
yf_BGS_d13;27300;INTARIAN_PEPPER_ROOT;11896;29;11893;16;;;11902;12;11904;17;;;11899.0;0.0
yf_BGS_d13;27400;ASH_COATED_OSMIUM;9944;10;9940;27;;;9950;14;9953;17;;;9947.0;0.0
yf_BGS_d13;27400;INTARIAN_PEPPER_ROOT;11913;24;11911;21;;;11919;10;11923;23;;;11916.0;0.0
yf_BGS_d13;27500;ASH_COATED_OSMIUM;9944;16;9941;19;;;9950;14;9953;28;;;9947.0;0.0
yf_BGS_d13;27500;INTARIAN_PEPPER_ROOT;11930;16;11926;21;;;11936;12;11939;26;;;11933.0;0.0
yf_BGS_d13;27600;ASH_COATED_OSMIUM;9944;10;9941;20;;;9950;17;9954;18;;;9947.0;0.0
yf_BGS_d13;27600;INTARIAN_PEPPER_ROOT;11930;9;11926;24;;;11970;27;11972;18;;;11950.0;0.0
yf_BGS_d13;27700;ASH_COATED_OSMIUM;9944;11;9942;24;;;9950;15;9954;22;;;9947.0;0.0
yf_BGS_d13;27700;INTARIAN_PEPPER_ROOT;11958;14;11954;10;;;11974;14;11978;18;;;11966.0;0.0
yf_BGS_d13;27800;ASH_COATED_OSMIUM;9939;15;9937;22;;;9954;16;9956;25;;;9946.5;0.0
yf_BGS_d13;27800;INTARIAN_PEPPER_ROOT;11980;13;11978;19;;;11986;22;11989;22;;;11983.0;0.0
yf_BGS_d13;27900;ASH_COATED_OSMIUM;9944;10;9940;15;;;9950;8;9953;23;;;9947.0;0.0
yf_BGS_d13;27900;INTARIAN_PEPPER_ROOT;11997;13;11995;25;;;12003;16;12006;32;;;12000.0;0.0
yf_BGS_d13;28000;ASH_COATED_OSMIUM;9940;14;9936;17;;;9952;13;9955;19;;;9946.0;0.0
yf_BGS_d13;28000;INTARIAN_PEPPER_ROOT;12014;16;12010;17;;;12020;16;12024;21;;;12017.0;0.0
yf_BGS_d13;28100;ASH_COATED_OSMIUM;9942;13;9940;19;;;9951;19;9955;18;;;9946.5;0.0
yf_BGS_d13;28100;INTARIAN_PEPPER_ROOT;12030;9;12028;26;;;12036;20;12040;22;;;12033.0;0.0
yf_BGS_d13;28200;ASH_COATED_OSMIUM;9942;15;9940;27;;;9950;13;9953;18;;;9946.0;0.0
yf_BGS_d13;28200;INTARIAN_PEPPER_ROOT;12042;17;12040;15;;;12059;13;12063;18;;;12050.5;0.0
yf_BGS_d13;28300;ASH_COATED_OSMIUM;9943;11;9940;16;;;9949;5;9953;25;;;9946.0;0.0
yf_BGS_d13;28300;INTARIAN_PEPPER_ROOT;12063;15;12059;11;;;12071;16;12074;12;;;12067.0;0.0
yf_BGS_d13;28400;ASH_COATED_OSMIUM;9943;7;9941;17;;;9949;12;9953;28;;;9946.0;0.0
yf_BGS_d13;28400;INTARIAN_PEPPER_ROOT;12079;27;12077;25;;;12087;10;12091;16;;;12083.0;0.0
yf_BGS_d13;28500;ASH_COATED_OSMIUM;9943;9;9941;20;;;9949;15;9953;18;;;9946.0;0.0
yf_BGS_d13;28500;INTARIAN_PEPPER_ROOT;12097;16;12095;22;;;12103;15;12107;11;;;12100.0;0.0
yf_BGS_d13;28600;ASH_COATED_OSMIUM;9943;22;9941;11;;;9949;17;9951;17;;;9946.0;0.0
yf_BGS_d13;28600;INTARIAN_PEPPER_ROOT;12107;12;12105;19;;;12127;19;12131;16;;;12117.0;0.0
yf_BGS_d13;28700;ASH_COATED_OSMIUM;9943;10;9939;12;;;9949;11;9951;24;;;9946.0;0.0
yf_BGS_d13;28700;INTARIAN_PEPPER_ROOT;12130;10;12127;22;;;12136;6;12138;18;;;12133.0;0.0
yf_BGS_d13;28800;ASH_COATED_OSMIUM;9940;13;9937;17;;;9951;15;9955;23;;;9945.5;0.0
yf_BGS_d13;28800;INTARIAN_PEPPER_ROOT;12147;14;12145;22;;;12153;20;12157;19;;;12150.0;0.0
yf_BGS_d13;28900;ASH_COATED_OSMIUM;9939;12;9937;18;;;9953;11;9955;18;;;9946.0;0.0
yf_BGS_d13;28900;INTARIAN_PEPPER_ROOT;12164;13;12161;14;;;12170;18;12174;17;;;12167.0;0.0
yf_BGS_d13;29000;ASH_COATED_OSMIUM;9943;21;9941;18;;;9949;17;9952;21;;;9946.0;0.0
yf_BGS_d13;29000;INTARIAN_PEPPER_ROOT;12181;16;12178;18;;;12187;17;12191;13;;;12184.0;0.0
yf_BGS_d13;29100;ASH_COATED_OSMIUM;9940;9;9937;22;;;9951;14;9953;15;;;9945.5;0.0
yf_BGS_d13;29100;INTARIAN_PEPPER_ROOT;12197;17;12193;14;;;12205;18;12207;18;;;12201.0;0.0
yf_BGS_d13;29200;ASH_COATED_OSMIUM;9943;19;9939;22;;;9949;17;9951;20;;;9946.0;0.0
yf_BGS_d13;29200;INTARIAN_PEPPER_ROOT;12202;17;12198;17;;;12231;20;12235;23;;;12216.5;0.0
yf_BGS_d13;29300;ASH_COATED_OSMIUM;9939;14;9935;23;;;9954;13;9957;24;;;9946.5;0.0
yf_BGS_d13;29300;INTARIAN_PEPPER_ROOT;12230;15;12226;22;;;12236;16;12239;21;;;12233.0;0.0
yf_BGS_d13;29400;ASH_COATED_OSMIUM;9931;19;9927;23;;;9960;9;9964;14;;;9945.5;0.0
yf_BGS_d13;29400;INTARIAN_PEPPER_ROOT;12240;13;12238;16;;;12259;6;12261;14;;;12249.5;0.0
yf_BGS_d13;29500;ASH_COATED_OSMIUM;9942;19;9939;15;;;9948;19;9950;24;;;9945.0;0.0
yf_BGS_d13;29500;INTARIAN_PEPPER_ROOT;12264;15;12260;16;;;12270;5;12273;20;;;12267.0;0.0
yf_BGS_d13;29600;ASH_COATED_OSMIUM;9942;19;9939;17;;;9948;11;9952;19;;;9945.0;0.0
yf_BGS_d13;29600;INTARIAN_PEPPER_ROOT;12280;21;12278;10;;;12286;15;12289;25;;;12283.0;0.0
yf_BGS_d13;29700;ASH_COATED_OSMIUM;9942;13;9940;19;;;9948;16;9951;16;;;9945.0;0.0
yf_BGS_d13;29700;INTARIAN_PEPPER_ROOT;12297;21;12295;23;;;12303;17;12307;17;;;12300.0;0.0
yf_BGS_d13;29800;ASH_COATED_OSMIUM;9942;6;9938;25;;;9948;14;9950;16;;;9945.0;0.0
yf_BGS_d13;29800;INTARIAN_PEPPER_ROOT;12311;11;12307;19;;;12320;20;12322;26;;;12315.5;0.0
yf_BGS_d13;29900;ASH_COATED_OSMIUM;9942;12;9939;18;;;9948;25;9951;21;;;9945.0;0.0
yf_BGS_d13;29900;INTARIAN_PEPPER_ROOT;12331;10;12329;23;;;12337;5;12341;21;;;12334.0;0.0
yf_BGS_d13;30000;ASH_COATED_OSMIUM;9942;8;9939;19;;;9948;13;9952;16;;;9945.0;0.0
yf_BGS_d13;30000;INTARIAN_PEPPER_ROOT;12346;20;12342;19;;;12353;15;12357;17;;;12349.5;0.0
yf_BGS_d13;30100;ASH_COATED_OSMIUM;9939;10;9936;20;;;9951;27;9953;24;;;9945.0;0.0
yf_BGS_d13;30100;INTARIAN_PEPPER_ROOT;12364;13;12361;20;;;12370;17;12373;17;;;12367.0;0.0
yf_BGS_d13;30200;ASH_COATED_OSMIUM;9938;16;9935;19;;;9952;9;9956;22;;;9945.0;0.0
yf_BGS_d13;30200;INTARIAN_PEPPER_ROOT;12379;15;12377;17;;;12388;18;12392;16;;;12383.5;0.0
yf_BGS_d13;30300;ASH_COATED_OSMIUM;9941;12;9939;20;;;9950;10;9954;18;;;9945.5;0.0
yf_BGS_d13;30300;INTARIAN_PEPPER_ROOT;12393;15;12391;22;;;12406;8;12410;29;;;12399.5;0.0
yf_BGS_d13;30400;ASH_COATED_OSMIUM;9942;20;9940;17;;;9948;30;9951;13;;;9945.0;0.0
yf_BGS_d13;30400;INTARIAN_PEPPER_ROOT;12414;21;12411;31;;;12420;14;12423;16;;;12417.0;0.0
yf_BGS_d13;30500;ASH_COATED_OSMIUM;9936;16;9933;14;;;9954;13;9957;18;;;9945.0;0.0
yf_BGS_d13;30500;INTARIAN_PEPPER_ROOT;12431;9;12428;25;;;12437;14;12440;18;;;12434.0;0.0
yf_BGS_d13;30600;ASH_COATED_OSMIUM;9942;14;9940;21;;;9948;13;9951;16;;;9945.0;0.0
yf_BGS_d13;30600;INTARIAN_PEPPER_ROOT;12447;25;12444;25;;;12453;12;12456;21;;;12450.0;0.0
yf_BGS_d13;30700;ASH_COATED_OSMIUM;9936;17;9933;17;;;9955;8;9958;17;;;9945.5;0.0
yf_BGS_d13;30700;INTARIAN_PEPPER_ROOT;12463;13;12460;19;;;12469;10;12471;18;;;12466.0;0.0
yf_BGS_d13;30800;ASH_COATED_OSMIUM;9941;16;9939;14;;;9948;16;9950;15;;;9944.5;0.0
yf_BGS_d13;30800;INTARIAN_PEPPER_ROOT;12480;13;12478;14;;;12487;8;12489;24;;;12483.5;0.0
yf_BGS_d13;30900;ASH_COATED_OSMIUM;9941;9;9939;18;;;9947;16;9949;12;;;9944.0;0.0
yf_BGS_d13;30900;INTARIAN_PEPPER_ROOT;12497;25;12494;15;;;12503;5;12505;15;;;12500.0;0.0
yf_BGS_d13;31000;ASH_COATED_OSMIUM;9941;8;9938;8;;;9947;18;9950;20;;;9944.0;0.0
yf_BGS_d13;31000;INTARIAN_PEPPER_ROOT;12511;12;12507;22;;;12524;15;12528;14;;;12517.5;0.0
yf_BGS_d13;31100;ASH_COATED_OSMIUM;9941;14;9938;19;;;9949;15;9952;25;;;9945.0;0.0
yf_BGS_d13;31100;INTARIAN_PEPPER_ROOT;12523;6;12520;13;;;12544;15;12546;12;;;12533.5;0.0
yf_BGS_d13;31200;ASH_COATED_OSMIUM;9942;20;9940;29;;;9948;13;9952;28;;;9945.0;0.0
yf_BGS_d13;31200;INTARIAN_PEPPER_ROOT;12541;10;12539;16;;;12560;16;12563;8;;;12550.5;0.0
yf_BGS_d13;31300;ASH_COATED_OSMIUM;9941;21;9937;20;;;9947;7;9951;20;;;9944.0;0.0
yf_BGS_d13;31300;INTARIAN_PEPPER_ROOT;12561;16;12557;29;;;12572;10;12574;17;;;12566.5;0.0
yf_BGS_d13;31400;ASH_COATED_OSMIUM;9941;15;9939;10;;;9947;16;9949;30;;;9944.0;0.0
yf_BGS_d13;31400;INTARIAN_PEPPER_ROOT;12581;14;12579;18;;;12587;10;12591;19;;;12584.0;0.0
yf_BGS_d13;31500;ASH_COATED_OSMIUM;9931;5;9929;22;;;9958;14;9960;17;;;9944.5;0.0
yf_BGS_d13;31500;INTARIAN_PEPPER_ROOT;12597;8;12593;18;;;12604;8;12607;23;;;12600.5;0.0
yf_BGS_d13;31600;ASH_COATED_OSMIUM;9940;10;9938;13;;;9949;10;9951;21;;;9944.5;0.0
yf_BGS_d13;31600;INTARIAN_PEPPER_ROOT;12610;13;12608;14;;;12624;16;12628;9;;;12617.0;0.0
yf_BGS_d13;31700;ASH_COATED_OSMIUM;9926;6;9924;21;;;9961;20;9963;16;;;9943.5;0.0
yf_BGS_d13;31700;INTARIAN_PEPPER_ROOT;12622;10;12619;24;;;12645;15;12649;15;;;12633.5;0.0
yf_BGS_d13;31800;ASH_COATED_OSMIUM;9941;15;9937;15;;;9947;21;9949;28;;;9944.0;0.0
yf_BGS_d13;31800;INTARIAN_PEPPER_ROOT;12648;22;12645;11;;;12654;21;12658;15;;;12651.0;0.0
yf_BGS_d13;31900;ASH_COATED_OSMIUM;9940;13;9936;19;;;9946;22;9949;22;;;9943.0;0.0
yf_BGS_d13;31900;INTARIAN_PEPPER_ROOT;12664;9;12662;24;;;12670;25;12673;19;;;12667.0;0.0
yf_BGS_d13;32000;ASH_COATED_OSMIUM;9936;13;9932;24;;;9952;8;9956;30;;;9944.0;0.0
yf_BGS_d13;32000;INTARIAN_PEPPER_ROOT;12681;10;12677;18;;;12687;14;12689;16;;;12684.0;0.0
yf_BGS_d13;32100;ASH_COATED_OSMIUM;9937;14;9933;23;;;9950;9;9954;17;;;9943.5;0.0
yf_BGS_d13;32100;INTARIAN_PEPPER_ROOT;12695;5;12693;24;;;12707;14;12711;14;;;12701.0;0.0
yf_BGS_d13;32200;ASH_COATED_OSMIUM;9941;12;9938;20;;;9947;13;9951;18;;;9944.0;0.0
yf_BGS_d13;32200;INTARIAN_PEPPER_ROOT;12714;14;12712;22;;;12720;18;12724;23;;;12717.0;0.0
yf_BGS_d13;32300;ASH_COATED_OSMIUM;9939;7;9936;15;;;9948;24;9952;11;;;9943.5;0.0
yf_BGS_d13;32300;INTARIAN_PEPPER_ROOT;12720;16;12718;21;;;12747;16;12750;13;;;12733.5;0.0
yf_BGS_d13;32400;ASH_COATED_OSMIUM;9940;14;9937;16;;;9946;14;9949;14;;;9943.0;0.0
yf_BGS_d13;32400;INTARIAN_PEPPER_ROOT;12747;6;12743;11;;;12753;12;12757;30;;;12750.0;0.0
yf_BGS_d13;32500;ASH_COATED_OSMIUM;9940;18;9936;28;;;9946;10;9950;15;;;9943.0;0.0
yf_BGS_d13;32500;INTARIAN_PEPPER_ROOT;12764;13;12761;17;;;12770;12;12773;13;;;12767.0;0.0
yf_BGS_d13;32600;ASH_COATED_OSMIUM;9929;10;9926;26;;;9957;13;9960;22;;;9943.0;0.0
yf_BGS_d13;32600;INTARIAN_PEPPER_ROOT;12778;14;12774;27;;;12790;21;12792;23;;;12784.0;0.0
yf_BGS_d13;32700;ASH_COATED_OSMIUM;9940;23;9938;27;;;9946;11;9950;18;;;9943.0;0.0
yf_BGS_d13;32700;INTARIAN_PEPPER_ROOT;12795;11;12792;8;;;12806;6;12808;29;;;12800.5;0.0
yf_BGS_d13;32800;ASH_COATED_OSMIUM;9940;17;9937;27;;;9946;17;9949;15;;;9943.0;0.0
yf_BGS_d13;32800;INTARIAN_PEPPER_ROOT;12814;21;12811;20;;;12820;13;12824;21;;;12817.0;0.0
yf_BGS_d13;32900;ASH_COATED_OSMIUM;9935;13;9931;27;;;9952;13;9954;14;;;9943.5;0.0
yf_BGS_d13;32900;INTARIAN_PEPPER_ROOT;12831;12;12829;28;;;12837;16;12841;23;;;12834.0;0.0
yf_BGS_d13;33000;ASH_COATED_OSMIUM;9936;11;9933;23;;;9949;16;9952;15;;;9942.5;0.0
yf_BGS_d13;33000;INTARIAN_PEPPER_ROOT;12842;8;12839;23;;;12859;13;12862;10;;;12850.5;0.0
yf_BGS_d13;33100;ASH_COATED_OSMIUM;9940;11;9937;20;;;9946;18;9949;19;;;9943.0;0.0
yf_BGS_d13;33100;INTARIAN_PEPPER_ROOT;12863;24;12859;21;;;12871;15;12873;16;;;12867.0;0.0
yf_BGS_d13;33200;ASH_COATED_OSMIUM;9923;17;9919;16;;;9963;20;9966;27;;;9943.0;0.0
yf_BGS_d13;33200;INTARIAN_PEPPER_ROOT;12863;22;12861;8;;;12905;11;12907;15;;;12884.0;0.0
yf_BGS_d13;33300;ASH_COATED_OSMIUM;9938;14;9936;17;;;9948;17;9951;16;;;9943.0;0.0
yf_BGS_d13;33300;INTARIAN_PEPPER_ROOT;12898;15;12895;18;;;12904;11;12908;18;;;12901.0;0.0
yf_BGS_d13;33400;ASH_COATED_OSMIUM;9939;15;9935;19;;;9945;17;9948;20;;;9942.0;0.0
yf_BGS_d13;33400;INTARIAN_PEPPER_ROOT;12912;19;12910;9;;;12920;15;12923;20;;;12916.0;0.0
yf_BGS_d13;33500;ASH_COATED_OSMIUM;9939;15;9935;8;;;9945;14;9947;10;;;9942.0;0.0
yf_BGS_d13;33500;INTARIAN_PEPPER_ROOT;12930;15;12927;14;;;12936;13;12939;10;;;12933.0;0.0
yf_BGS_d13;33600;ASH_COATED_OSMIUM;9939;12;9936;21;;;9945;14;9948;14;;;9942.0;0.0
yf_BGS_d13;33600;INTARIAN_PEPPER_ROOT;12948;19;12946;17;;;12955;14;12957;22;;;12951.5;0.0
yf_BGS_d13;33700;ASH_COATED_OSMIUM;9939;10;9936;26;;;9945;8;9948;9;;;9942.0;0.0
yf_BGS_d13;33700;INTARIAN_PEPPER_ROOT;12954;10;12951;20;;;12980;7;12984;18;;;12967.0;0.0
yf_BGS_d13;33800;ASH_COATED_OSMIUM;9932;17;9930;22;;;9953;20;9956;22;;;9942.5;0.0
yf_BGS_d13;33800;INTARIAN_PEPPER_ROOT;12974;11;12970;23;;;12994;6;12996;9;;;12984.0;0.0
yf_BGS_d13;33900;ASH_COATED_OSMIUM;9923;14;9919;14;;;9960;13;9964;20;;;9941.5;0.0
yf_BGS_d13;33900;INTARIAN_PEPPER_ROOT;12997;11;12994;21;;;13003;19;13007;21;;;13000.0;0.0
yf_BGS_d13;34000;ASH_COATED_OSMIUM;9937;15;9933;21;;;9948;14;9951;19;;;9942.5;0.0
yf_BGS_d13;34000;INTARIAN_PEPPER_ROOT;12991;17;12988;21;;;12997;23;13001;22;;;12994.0;0.0
yf_BGS_d13;34100;ASH_COATED_OSMIUM;9939;19;9935;26;;;9945;21;9949;19;;;9942.0;0.0
yf_BGS_d13;34100;INTARIAN_PEPPER_ROOT;12984;17;12980;21;;;12990;10;12993;22;;;12987.0;0.0
yf_BGS_d13;34200;ASH_COATED_OSMIUM;9940;20;9937;26;;;9946;11;9948;19;;;9943.0;0.0
yf_BGS_d13;34200;INTARIAN_PEPPER_ROOT;12975;13;12971;14;;;12988;18;12992;21;;;12981.5;0.0
yf_BGS_d13;34300;ASH_COATED_OSMIUM;9939;11;9935;18;;;9947;16;9949;29;;;9943.0;0.0
yf_BGS_d13;34300;INTARIAN_PEPPER_ROOT;12973;12;12969;25;;;12979;19;12981;16;;;12976.0;0.0
yf_BGS_d13;34400;ASH_COATED_OSMIUM;9939;7;9937;30;;;9946;21;9950;20;;;9942.5;0.0
yf_BGS_d13;34400;INTARIAN_PEPPER_ROOT;12967;14;12964;16;;;12973;11;12977;15;;;12970.0;0.0
yf_BGS_d13;34500;ASH_COATED_OSMIUM;9940;14;9936;16;;;9946;12;9950;20;;;9943.0;0.0
yf_BGS_d13;34500;INTARIAN_PEPPER_ROOT;12960;12;12956;26;;;12969;23;12971;18;;;12964.5;0.0
yf_BGS_d13;34600;ASH_COATED_OSMIUM;9940;15;9937;19;;;9946;5;9950;23;;;9943.0;0.0
yf_BGS_d13;34600;INTARIAN_PEPPER_ROOT;12955;12;12953;22;;;12961;12;12965;13;;;12958.0;0.0
yf_BGS_d13;34700;ASH_COATED_OSMIUM;9930;12;9927;21;;;9957;11;9961;24;;;9943.5;0.0
yf_BGS_d13;34700;INTARIAN_PEPPER_ROOT;12949;14;12946;21;;;12955;10;12958;18;;;12952.0;0.0
yf_BGS_d13;34800;ASH_COATED_OSMIUM;9940;5;9937;21;;;9947;18;9949;24;;;9943.5;0.0
yf_BGS_d13;34800;INTARIAN_PEPPER_ROOT;12933;22;12929;24;;;12959;9;12961;14;;;12946.0;0.0
yf_BGS_d13;34900;ASH_COATED_OSMIUM;9940;17;9938;13;;;9946;11;9949;25;;;9943.0;0.0
yf_BGS_d13;34900;INTARIAN_PEPPER_ROOT;12937;13;12933;17;;;12943;17;12947;25;;;12940.0;0.0
yf_BGS_d13;35000;ASH_COATED_OSMIUM;9939;10;9935;27;;;9948;19;9951;26;;;9943.5;0.0
yf_BGS_d13;35000;INTARIAN_PEPPER_ROOT;12931;22;12928;31;;;12937;12;12939;11;;;12934.0;0.0
yf_BGS_d13;35100;ASH_COATED_OSMIUM;9933;18;9931;26;;;9953;15;9955;17;;;9943.0;0.0
yf_BGS_d13;35100;INTARIAN_PEPPER_ROOT;12915;17;12913;18;;;12940;9;12942;23;;;12927.5;0.0
yf_BGS_d13;35200;ASH_COATED_OSMIUM;9941;17;9937;14;;;9947;14;9951;16;;;9944.0;0.0
yf_BGS_d13;35200;INTARIAN_PEPPER_ROOT;12919;18;12917;21;;;12925;18;12929;14;;;12922.0;0.0
yf_BGS_d13;35300;ASH_COATED_OSMIUM;9938;16;9936;24;;;9949;27;9953;23;;;9943.5;0.0
yf_BGS_d13;35300;INTARIAN_PEPPER_ROOT;12913;15;12910;25;;;12919;18;12922;20;;;12916.0;0.0
yf_BGS_d13;35400;ASH_COATED_OSMIUM;9939;17;9937;16;;;9947;14;9951;20;;;9943.0;0.0
yf_BGS_d13;35400;INTARIAN_PEPPER_ROOT;12907;13;12905;23;;;12913;12;12915;22;;;12910.0;0.0
yf_BGS_d13;35500;ASH_COATED_OSMIUM;9939;25;9937;24;;;9948;10;9951;16;;;9943.5;0.0
yf_BGS_d13;35500;INTARIAN_PEPPER_ROOT;12897;15;12895;26;;;12912;17;12914;14;;;12904.5;0.0
yf_BGS_d13;35600;ASH_COATED_OSMIUM;9941;12;9938;27;;;9947;14;9950;24;;;9944.0;0.0
yf_BGS_d13;35600;INTARIAN_PEPPER_ROOT;12896;12;12892;15;;;12902;15;12905;14;;;12899.0;0.0
yf_BGS_d13;35700;ASH_COATED_OSMIUM;9940;13;9936;20;;;9948;14;9952;17;;;9944.0;0.0
yf_BGS_d13;35700;INTARIAN_PEPPER_ROOT;12889;6;12885;19;;;12895;11;12897;30;;;12892.0;0.0
yf_BGS_d13;35800;ASH_COATED_OSMIUM;9941;15;9937;22;;;9947;6;9950;13;;;9944.0;0.0
yf_BGS_d13;35800;INTARIAN_PEPPER_ROOT;12884;19;12880;19;;;12890;13;12893;25;;;12887.0;0.0
yf_BGS_d13;35900;ASH_COATED_OSMIUM;9940;14;9937;25;;;9948;16;9950;32;;;9944.0;0.0
yf_BGS_d13;35900;INTARIAN_PEPPER_ROOT;12877;13;12875;29;;;12883;10;12886;12;;;12880.0;0.0
yf_BGS_d13;36000;ASH_COATED_OSMIUM;9941;17;9938;13;;;9947;18;9951;26;;;9944.0;0.0
yf_BGS_d13;36000;INTARIAN_PEPPER_ROOT;12871;10;12869;14;;;12877;20;12880;14;;;12874.0;0.0
yf_BGS_d13;36100;ASH_COATED_OSMIUM;9940;18;9936;21;;;9948;23;9950;19;;;9944.0;0.0
yf_BGS_d13;36100;INTARIAN_PEPPER_ROOT;12840;8;12836;23;;;12897;10;12901;21;;;12868.5;0.0
yf_BGS_d13;36200;ASH_COATED_OSMIUM;9942;18;9938;17;;;9948;21;9952;21;;;9945.0;0.0
yf_BGS_d13;36200;INTARIAN_PEPPER_ROOT;12858;22;12855;14;;;12866;14;12869;20;;;12862.0;0.0
yf_BGS_d13;36300;ASH_COATED_OSMIUM;9918;16;9914;16;;;9972;15;9976;20;;;9945.0;0.0
yf_BGS_d13;36300;INTARIAN_PEPPER_ROOT;12854;13;12850;22;;;12860;21;12862;23;;;12857.0;0.0
yf_BGS_d13;36400;ASH_COATED_OSMIUM;9938;16;9936;20;;;9951;17;9955;10;;;9944.5;0.0
yf_BGS_d13;36400;INTARIAN_PEPPER_ROOT;12843;11;12839;25;;;12858;10;12860;15;;;12850.5;0.0
yf_BGS_d13;36500;ASH_COATED_OSMIUM;9942;16;9940;17;;;9948;16;9950;22;;;9945.0;0.0
yf_BGS_d13;36500;INTARIAN_PEPPER_ROOT;12842;15;12840;26;;;12848;23;12851;16;;;12845.0;0.0
yf_BGS_d13;36600;ASH_COATED_OSMIUM;9942;19;9940;21;;;9948;16;9951;24;;;9945.0;0.0
yf_BGS_d13;36600;INTARIAN_PEPPER_ROOT;12835;18;12833;17;;;12841;12;12845;19;;;12838.0;0.0
yf_BGS_d13;36700;ASH_COATED_OSMIUM;9941;16;9939;13;;;9948;16;9951;16;;;9944.5;0.0
yf_BGS_d13;36700;INTARIAN_PEPPER_ROOT;12830;18;12826;27;;;12836;11;12840;21;;;12833.0;0.0
yf_BGS_d13;36800;ASH_COATED_OSMIUM;9942;10;9939;25;;;9948;18;9950;19;;;9945.0;0.0
yf_BGS_d13;36800;INTARIAN_PEPPER_ROOT;12823;5;12819;20;;;12831;15;12835;8;;;12827.0;0.0
yf_BGS_d13;36900;ASH_COATED_OSMIUM;9942;17;9940;16;;;9948;10;9952;20;;;9945.0;0.0
yf_BGS_d13;36900;INTARIAN_PEPPER_ROOT;12818;7;12815;24;;;12824;10;12826;17;;;12821.0;0.0
yf_BGS_d13;37000;ASH_COATED_OSMIUM;9934;13;9931;23;;;9956;16;9959;25;;;9945.0;0.0
yf_BGS_d13;37000;INTARIAN_PEPPER_ROOT;12808;14;12804;21;;;12822;17;12826;20;;;12815.0;0.0
yf_BGS_d13;37100;ASH_COATED_OSMIUM;9940;10;9937;21;;;9952;17;9954;30;;;9946.0;0.0
yf_BGS_d13;37100;INTARIAN_PEPPER_ROOT;12806;12;12804;21;;;12812;9;12814;28;;;12809.0;0.0
yf_BGS_d13;37200;ASH_COATED_OSMIUM;9942;18;9940;20;;;9948;11;9951;16;;;9945.0;0.0
yf_BGS_d13;37200;INTARIAN_PEPPER_ROOT;12800;11;12796;18;;;12806;9;12808;22;;;12803.0;0.0
yf_BGS_d13;37300;ASH_COATED_OSMIUM;9936;10;9934;14;;;9955;12;9959;17;;;9945.5;0.0
yf_BGS_d13;37300;INTARIAN_PEPPER_ROOT;12794;16;12790;13;;;12800;15;12803;22;;;12797.0;0.0
yf_BGS_d13;37400;ASH_COATED_OSMIUM;9942;16;9940;18;;;9948;15;9952;25;;;9945.0;0.0
yf_BGS_d13;37400;INTARIAN_PEPPER_ROOT;12788;14;12785;18;;;12794;6;12796;25;;;12791.0;0.0
yf_BGS_d13;37500;ASH_COATED_OSMIUM;9943;13;9941;23;;;9949;24;9951;24;;;9946.0;0.0
yf_BGS_d13;37500;INTARIAN_PEPPER_ROOT;12783;15;12781;25;;;12789;10;12791;8;;;12786.0;0.0
yf_BGS_d13;37600;ASH_COATED_OSMIUM;9943;16;9941;22;;;9949;13;9953;13;;;9946.0;0.0
yf_BGS_d13;37600;INTARIAN_PEPPER_ROOT;12776;18;12773;14;;;12782;22;12786;16;;;12779.0;0.0
yf_BGS_d13;37700;ASH_COATED_OSMIUM;9943;13;9941;21;;;9949;14;9952;16;;;9946.0;0.0
yf_BGS_d13;37700;INTARIAN_PEPPER_ROOT;12768;9;12765;19;;;12779;21;12783;22;;;12773.5;0.0
yf_BGS_d13;37800;ASH_COATED_OSMIUM;9943;12;9941;11;;;9949;18;9952;18;;;9946.0;0.0
yf_BGS_d13;37800;INTARIAN_PEPPER_ROOT;12764;15;12761;20;;;12770;16;12772;21;;;12767.0;0.0
yf_BGS_d13;37900;ASH_COATED_OSMIUM;9939;12;9935;20;;;9953;17;9955;20;;;9946.0;0.0
yf_BGS_d13;37900;INTARIAN_PEPPER_ROOT;12758;6;12755;13;;;12764;8;12767;13;;;12761.0;0.0
yf_BGS_d13;38000;ASH_COATED_OSMIUM;9938;18;9935;16;;;9954;14;9956;26;;;9946.0;0.0
yf_BGS_d13;38000;INTARIAN_PEPPER_ROOT;12752;15;12750;23;;;12758;15;12760;10;;;12755.0;0.0
yf_BGS_d13;38100;ASH_COATED_OSMIUM;9943;22;9940;16;;;9949;6;9951;13;;;9946.0;0.0
yf_BGS_d13;38100;INTARIAN_PEPPER_ROOT;12747;13;12745;22;;;12753;10;12756;11;;;12750.0;0.0
yf_BGS_d13;38200;ASH_COATED_OSMIUM;9943;19;9941;19;;;9949;15;9952;12;;;9946.0;0.0
yf_BGS_d13;38200;INTARIAN_PEPPER_ROOT;12736;12;12732;12;;;12752;11;12756;14;;;12744.0;0.0
yf_BGS_d13;38300;ASH_COATED_OSMIUM;9944;6;9942;8;;;9950;19;9953;16;;;9947.0;0.0
yf_BGS_d13;38300;INTARIAN_PEPPER_ROOT;12734;17;12730;24;;;12740;19;12744;13;;;12737.0;0.0
yf_BGS_d13;38400;ASH_COATED_OSMIUM;9944;9;9940;18;;;9950;19;9954;20;;;9947.0;0.0
yf_BGS_d13;38400;INTARIAN_PEPPER_ROOT;12729;7;12727;24;;;12735;9;12737;17;;;12732.0;0.0
yf_BGS_d13;38500;ASH_COATED_OSMIUM;9943;19;9940;25;;;9949;16;9951;26;;;9946.0;0.0
yf_BGS_d13;38500;INTARIAN_PEPPER_ROOT;12722;9;12718;19;;;12728;14;12731;20;;;12725.0;0.0
yf_BGS_d13;38600;ASH_COATED_OSMIUM;9944;12;9940;30;;;9950;12;9953;13;;;9947.0;0.0
yf_BGS_d13;38600;INTARIAN_PEPPER_ROOT;12717;22;12715;18;;;12723;12;12725;17;;;12720.0;0.0
yf_BGS_d13;38700;ASH_COATED_OSMIUM;9942;12;9938;25;;;9952;12;9954;14;;;9947.0;0.0
yf_BGS_d13;38700;INTARIAN_PEPPER_ROOT;12710;14;12708;15;;;12716;17;12718;20;;;12713.0;0.0
yf_BGS_d13;38800;ASH_COATED_OSMIUM;9936;15;9932;14;;;9958;15;9960;10;;;9947.0;0.0
yf_BGS_d13;38800;INTARIAN_PEPPER_ROOT;12704;9;12700;21;;;12710;13;12714;21;;;12707.0;0.0
yf_BGS_d13;38900;ASH_COATED_OSMIUM;9943;14;9940;23;;;9951;17;9954;21;;;9947.0;0.0
yf_BGS_d13;38900;INTARIAN_PEPPER_ROOT;12699;10;12697;26;;;12705;17;12707;8;;;12702.0;0.0
yf_BGS_d13;39000;ASH_COATED_OSMIUM;9944;9;9942;27;;;9950;5;9953;15;;;9947.0;0.0
yf_BGS_d13;39000;INTARIAN_PEPPER_ROOT;12693;15;12689;18;;;12699;22;12701;23;;;12696.0;0.0
yf_BGS_d13;39100;ASH_COATED_OSMIUM;9944;18;9941;28;;;9950;12;9954;19;;;9947.0;0.0
yf_BGS_d13;39100;INTARIAN_PEPPER_ROOT;12687;18;12685;21;;;12693;16;12695;28;;;12690.0;0.0
yf_BGS_d13;39200;ASH_COATED_OSMIUM;9926;16;9922;21;;;9968;20;9972;18;;;9947.0;0.0
yf_BGS_d13;39200;INTARIAN_PEPPER_ROOT;12681;14;12678;15;;;12687;22;12690;27;;;12684.0;0.0
yf_BGS_d13;39300;ASH_COATED_OSMIUM;9944;15;9940;16;;;9950;17;9953;18;;;9947.0;0.0
yf_BGS_d13;39300;INTARIAN_PEPPER_ROOT;12675;14;12672;20;;;12681;16;12685;24;;;12678.0;0.0
yf_BGS_d13;39400;ASH_COATED_OSMIUM;9944;19;9940;29;;;9950;10;9954;19;;;9947.0;0.0
yf_BGS_d13;39400;INTARIAN_PEPPER_ROOT;12669;7;12667;16;;;12675;8;12679;31;;;12672.0;0.0
yf_BGS_d13;39500;ASH_COATED_OSMIUM;9928;16;9926;22;;;9967;15;9971;22;;;9947.5;0.0
yf_BGS_d13;39500;INTARIAN_PEPPER_ROOT;12663;11;12659;13;;;12669;21;12673;10;;;12666.0;0.0
yf_BGS_d13;39600;ASH_COATED_OSMIUM;9945;15;9942;22;;;9951;8;9953;20;;;9948.0;0.0
yf_BGS_d13;39600;INTARIAN_PEPPER_ROOT;12657;11;12654;23;;;12663;18;12666;17;;;12660.0;0.0
yf_BGS_d13;39700;ASH_COATED_OSMIUM;9945;13;9941;21;;;9951;14;9955;27;;;9948.0;0.0
yf_BGS_d13;39700;INTARIAN_PEPPER_ROOT;12647;23;12645;24;;;12660;21;12662;21;;;12653.5;0.0
yf_BGS_d13;39800;ASH_COATED_OSMIUM;9945;14;9943;18;;;9951;11;9953;22;;;9948.0;0.0
yf_BGS_d13;39800;INTARIAN_PEPPER_ROOT;12645;12;12642;22;;;12651;16;12653;23;;;12648.0;0.0
yf_BGS_d13;39900;ASH_COATED_OSMIUM;9945;13;9943;22;;;9951;5;9954;17;;;9948.0;0.0
yf_BGS_d13;39900;INTARIAN_PEPPER_ROOT;12639;9;12636;20;;;12645;7;12648;20;;;12642.0;0.0
yf_BGS_d13;40000;ASH_COATED_OSMIUM;9943;5;9940;26;;;9952;15;9956;20;;;9947.5;0.0
yf_BGS_d13;40000;INTARIAN_PEPPER_ROOT;12633;21;12629;24;;;12639;19;12643;28;;;12636.0;0.0
yf_BGS_d13;40100;ASH_COATED_OSMIUM;9944;5;9941;18;;;9952;14;9954;24;;;9948.0;0.0
yf_BGS_d13;40100;INTARIAN_PEPPER_ROOT;12627;14;12625;15;;;12633;17;12635;20;;;12630.0;0.0
yf_BGS_d13;40200;ASH_COATED_OSMIUM;9946;19;9944;14;;;9952;15;9954;19;;;9949.0;0.0
yf_BGS_d13;40200;INTARIAN_PEPPER_ROOT;12621;17;12619;21;;;12627;17;12631;15;;;12624.0;0.0
yf_BGS_d13;40300;ASH_COATED_OSMIUM;9945;26;9942;25;;;9952;13;9955;18;;;9948.5;0.0
yf_BGS_d13;40300;INTARIAN_PEPPER_ROOT;12613;16;12611;18;;;12623;9;12625;28;;;12618.0;0.0
yf_BGS_d13;40400;ASH_COATED_OSMIUM;9945;21;9941;24;;;9951;7;9953;16;;;9948.0;0.0
yf_BGS_d13;40400;INTARIAN_PEPPER_ROOT;12607;5;12604;25;;;12617;13;12621;27;;;12612.0;0.0
yf_BGS_d13;40500;ASH_COATED_OSMIUM;9946;14;9943;20;;;9952;7;9956;35;;;9949.0;0.0
yf_BGS_d13;40500;INTARIAN_PEPPER_ROOT;12604;11;12602;18;;;12610;14;12614;15;;;12607.0;0.0
yf_BGS_d13;40600;ASH_COATED_OSMIUM;9946;18;9942;22;;;9952;16;9955;22;;;9949.0;0.0
yf_BGS_d13;40600;INTARIAN_PEPPER_ROOT;12598;14;12594;20;;;12604;11;12606;18;;;12601.0;0.0
yf_BGS_d13;40700;ASH_COATED_OSMIUM;9943;16;9940;18;;;9954;12;9958;16;;;9948.5;0.0
yf_BGS_d13;40700;INTARIAN_PEPPER_ROOT;12591;14;12589;17;;;12597;14;12600;15;;;12594.0;0.0
yf_BGS_d13;40800;ASH_COATED_OSMIUM;9946;14;9943;20;;;9952;18;9955;20;;;9949.0;0.0
yf_BGS_d13;40800;INTARIAN_PEPPER_ROOT;12586;19;12582;26;;;12592;13;12595;19;;;12589.0;0.0
yf_BGS_d13;40900;ASH_COATED_OSMIUM;9945;18;9941;15;;;9954;16;9956;14;;;9949.5;0.0
yf_BGS_d13;40900;INTARIAN_PEPPER_ROOT;12577;14;12574;21;;;12588;17;12591;18;;;12582.5;0.0
yf_BGS_d13;41000;ASH_COATED_OSMIUM;9940;11;9937;17;;;9959;5;9963;29;;;9949.5;0.0
yf_BGS_d13;41000;INTARIAN_PEPPER_ROOT;12573;14;12571;20;;;12579;22;12583;23;;;12576.0;0.0
yf_BGS_d13;41100;ASH_COATED_OSMIUM;9943;14;9941;19;;;9957;12;9961;15;;;9950.0;0.0
yf_BGS_d13;41100;INTARIAN_PEPPER_ROOT;12567;13;12565;12;;;12575;12;12578;11;;;12571.0;0.0
yf_BGS_d13;41200;ASH_COATED_OSMIUM;9944;24;9942;27;;;9954;19;9958;24;;;9949.0;0.0
yf_BGS_d13;41200;INTARIAN_PEPPER_ROOT;12562;17;12560;12;;;12568;13;12570;26;;;12565.0;0.0
yf_BGS_d13;41300;ASH_COATED_OSMIUM;9945;15;9941;14;;;9954;10;9957;13;;;9949.5;0.0
yf_BGS_d13;41300;INTARIAN_PEPPER_ROOT;12552;12;12549;18;;;12565;14;12569;29;;;12558.5;0.0
yf_BGS_d13;41400;ASH_COATED_OSMIUM;9947;26;9944;17;;;9953;11;9956;26;;;9950.0;0.0
yf_BGS_d13;41400;INTARIAN_PEPPER_ROOT;12549;12;12546;22;;;12558;17;12562;17;;;12553.5;0.0
yf_BGS_d13;41500;ASH_COATED_OSMIUM;9947;14;9943;27;;;9953;8;9957;25;;;9950.0;0.0
yf_BGS_d13;41500;INTARIAN_PEPPER_ROOT;12544;9;12540;23;;;12550;5;12552;21;;;12547.0;0.0
yf_BGS_d13;41600;ASH_COATED_OSMIUM;9947;18;9943;21;;;9953;9;9957;22;;;9950.0;0.0
yf_BGS_d13;41600;INTARIAN_PEPPER_ROOT;12533;30;12530;16;;;12549;17;12552;27;;;12541.0;0.0
yf_BGS_d13;41700;ASH_COATED_OSMIUM;9947;13;9945;17;;;9953;9;9956;17;;;9950.0;0.0
yf_BGS_d13;41700;INTARIAN_PEPPER_ROOT;12530;15;12528;24;;;12538;20;12541;25;;;12534.0;0.0
yf_BGS_d13;41800;ASH_COATED_OSMIUM;9947;17;9945;14;;;9953;6;9956;16;;;9950.0;0.0
yf_BGS_d13;41800;INTARIAN_PEPPER_ROOT;12525;22;12522;14;;;12532;13;12535;18;;;12528.5;0.0
yf_BGS_d13;41900;ASH_COATED_OSMIUM;9947;14;9944;21;;;9953;10;9956;20;;;9950.0;0.0
yf_BGS_d13;41900;INTARIAN_PEPPER_ROOT;12518;14;12515;27;;;12527;12;12530;15;;;12522.5;0.0
yf_BGS_d13;42000;ASH_COATED_OSMIUM;9947;13;9943;16;;;9953;17;9957;12;;;9950.0;0.0
yf_BGS_d13;42000;INTARIAN_PEPPER_ROOT;12514;22;12510;24;;;12520;13;12523;8;;;12517.0;0.0
yf_BGS_d13;42100;ASH_COATED_OSMIUM;9941;12;9939;15;;;9959;13;9961;16;;;9950.0;0.0
yf_BGS_d13;42100;INTARIAN_PEPPER_ROOT;12508;13;12505;15;;;12514;6;12516;15;;;12511.0;0.0
yf_BGS_d13;42200;ASH_COATED_OSMIUM;9940;11;9937;21;;;9960;14;9962;18;;;9950.0;0.0
yf_BGS_d13;42200;INTARIAN_PEPPER_ROOT;12502;20;12498;18;;;12508;19;12511;27;;;12505.0;0.0
yf_BGS_d13;42300;ASH_COATED_OSMIUM;9948;14;9944;16;;;9954;13;9956;18;;;9951.0;0.0
yf_BGS_d13;42300;INTARIAN_PEPPER_ROOT;12496;18;12494;20;;;12502;21;12506;26;;;12499.0;0.0
yf_BGS_d13;42400;ASH_COATED_OSMIUM;9947;19;9945;19;;;9955;11;9959;18;;;9951.0;0.0
yf_BGS_d13;42400;INTARIAN_PEPPER_ROOT;12490;14;12486;14;;;12496;13;12499;22;;;12493.0;0.0
yf_BGS_d13;42500;ASH_COATED_OSMIUM;9947;14;9945;16;;;9954;19;9958;13;;;9950.5;0.0
yf_BGS_d13;42500;INTARIAN_PEPPER_ROOT;12484;14;12481;30;;;12490;30;12492;15;;;12487.0;0.0
yf_BGS_d13;42600;ASH_COATED_OSMIUM;9947;16;9945;13;;;9953;8;9955;19;;;9950.0;0.0
yf_BGS_d13;42600;INTARIAN_PEPPER_ROOT;12478;16;12474;22;;;12484;15;12487;22;;;12481.0;0.0
yf_BGS_d13;42700;ASH_COATED_OSMIUM;9947;16;9943;18;;;9954;19;9958;21;;;9950.5;0.0
yf_BGS_d13;42700;INTARIAN_PEPPER_ROOT;12472;18;12468;21;;;12478;18;12481;15;;;12475.0;0.0
yf_BGS_d13;42800;ASH_COATED_OSMIUM;9948;14;9946;21;;;9954;11;9957;25;;;9951.0;0.0
yf_BGS_d13;42800;INTARIAN_PEPPER_ROOT;12464;12;12462;12;;;12476;18;12479;19;;;12470.0;0.0
yf_BGS_d13;42900;ASH_COATED_OSMIUM;9947;8;9944;15;;;9957;12;9960;18;;;9952.0;0.0
yf_BGS_d13;42900;INTARIAN_PEPPER_ROOT;12452;15;12449;25;;;12475;15;12478;25;;;12463.5;0.0
yf_BGS_d13;43000;ASH_COATED_OSMIUM;9948;19;9945;18;;;9955;24;9959;22;;;9951.5;0.0
yf_BGS_d13;43000;INTARIAN_PEPPER_ROOT;12455;23;12451;23;;;12461;7;12463;30;;;12458.0;0.0
yf_BGS_d13;43100;ASH_COATED_OSMIUM;9949;14;9945;14;;;9955;9;9957;25;;;9952.0;0.0
yf_BGS_d13;43100;INTARIAN_PEPPER_ROOT;12434;18;12432;18;;;12470;9;12473;14;;;12452.0;0.0
yf_BGS_d13;43200;ASH_COATED_OSMIUM;9948;13;9944;19;;;9954;22;9957;26;;;9951.0;0.0
yf_BGS_d13;43200;INTARIAN_PEPPER_ROOT;12442;10;12438;17;;;12448;6;12451;23;;;12445.0;0.0
yf_BGS_d13;43300;ASH_COATED_OSMIUM;9944;15;9941;16;;;9960;8;9964;16;;;9952.0;0.0
yf_BGS_d13;43300;INTARIAN_PEPPER_ROOT;12437;18;12433;28;;;12443;22;12447;22;;;12440.0;0.0
yf_BGS_d13;43400;ASH_COATED_OSMIUM;9948;11;9946;11;;;9954;8;9956;24;;;9951.0;0.0
yf_BGS_d13;43400;INTARIAN_PEPPER_ROOT;12424;14;12421;17;;;12443;23;12446;23;;;12433.5;0.0
yf_BGS_d13;43500;ASH_COATED_OSMIUM;9949;12;9945;18;;;9955;17;9958;26;;;9952.0;0.0
yf_BGS_d13;43500;INTARIAN_PEPPER_ROOT;12424;25;12420;23;;;12430;12;12433;17;;;12427.0;0.0
yf_BGS_d13;43600;ASH_COATED_OSMIUM;9944;14;9940;13;;;9960;12;9962;19;;;9952.0;0.0
yf_BGS_d13;43600;INTARIAN_PEPPER_ROOT;12417;9;12414;22;;;12427;6;12431;15;;;12422.0;0.0
yf_BGS_d13;43700;ASH_COATED_OSMIUM;9949;12;9945;23;;;9955;5;9958;20;;;9952.0;0.0
yf_BGS_d13;43700;INTARIAN_PEPPER_ROOT;12412;14;12410;18;;;12419;12;12423;29;;;12415.5;0.0
yf_BGS_d13;43800;ASH_COATED_OSMIUM;9933;13;9931;24;;;9970;22;9974;30;;;9951.5;0.0
yf_BGS_d13;43800;INTARIAN_PEPPER_ROOT;12407;16;12405;18;;;12413;19;12416;18;;;12410.0;0.0
yf_BGS_d13;43900;ASH_COATED_OSMIUM;9949;19;9946;19;;;9955;5;9958;11;;;9952.0;0.0
yf_BGS_d13;43900;INTARIAN_PEPPER_ROOT;12400;7;12397;25;;;12406;14;12408;16;;;12403.0;0.0
yf_BGS_d13;44000;ASH_COATED_OSMIUM;9948;15;9945;24;;;9956;16;9958;24;;;9952.0;0.0
yf_BGS_d13;44000;INTARIAN_PEPPER_ROOT;12390;24;12388;15;;;12405;11;12408;15;;;12397.5;0.0
yf_BGS_d13;44100;ASH_COATED_OSMIUM;9950;13;9946;20;;;9956;16;9960;22;;;9953.0;0.0
yf_BGS_d13;44100;INTARIAN_PEPPER_ROOT;12387;8;12383;20;;;12397;22;12400;27;;;12392.0;0.0
yf_BGS_d13;44200;ASH_COATED_OSMIUM;9949;22;9945;18;;;9956;17;9960;16;;;9952.5;0.0
yf_BGS_d13;44200;INTARIAN_PEPPER_ROOT;12383;6;12381;22;;;12390;15;12394;16;;;12386.5;0.0
yf_BGS_d13;44300;ASH_COATED_OSMIUM;9949;14;9946;16;;;9955;24;9959;20;;;9952.0;0.0
yf_BGS_d13;44300;INTARIAN_PEPPER_ROOT;12377;10;12374;15;;;12383;12;12385;17;;;12380.0;0.0
yf_BGS_d13;44400;ASH_COATED_OSMIUM;9949;17;9945;14;;;9956;14;9958;18;;;9952.5;0.0
yf_BGS_d13;44400;INTARIAN_PEPPER_ROOT;12371;20;12367;26;;;12377;15;12381;18;;;12374.0;0.0
yf_BGS_d13;44500;ASH_COATED_OSMIUM;9950;16;9948;18;;;9956;8;9958;15;;;9953.0;0.0
yf_BGS_d13;44500;INTARIAN_PEPPER_ROOT;12357;15;12355;20;;;12378;16;12382;20;;;12367.5;0.0
yf_BGS_d13;44600;ASH_COATED_OSMIUM;9945;16;9941;13;;;9962;5;9964;22;;;9953.5;0.0
yf_BGS_d13;44600;INTARIAN_PEPPER_ROOT;12359;10;12357;24;;;12365;15;12369;26;;;12362.0;0.0
yf_BGS_d13;44700;ASH_COATED_OSMIUM;9950;19;9946;15;;;9956;12;9960;16;;;9953.0;0.0
yf_BGS_d13;44700;INTARIAN_PEPPER_ROOT;12353;9;12349;13;;;12359;13;12362;21;;;12356.0;0.0
yf_BGS_d13;44800;ASH_COATED_OSMIUM;9946;15;9943;26;;;9960;6;9964;23;;;9953.0;0.0
yf_BGS_d13;44800;INTARIAN_PEPPER_ROOT;12340;5;12336;17;;;12361;18;12364;20;;;12350.5;0.0
yf_BGS_d13;44900;ASH_COATED_OSMIUM;9945;13;9942;21;;;9961;8;9964;20;;;9953.0;0.0
yf_BGS_d13;44900;INTARIAN_PEPPER_ROOT;12341;8;12337;19;;;12347;8;12350;12;;;12344.0;0.0
yf_BGS_d13;45000;ASH_COATED_OSMIUM;9949;13;9947;30;;;9957;17;9959;21;;;9953.0;0.0
yf_BGS_d13;45000;INTARIAN_PEPPER_ROOT;12331;19;12327;27;;;12346;9;12350;27;;;12338.5;0.0
yf_BGS_d13;45100;ASH_COATED_OSMIUM;9951;8;9947;21;;;9957;16;9961;16;;;9954.0;0.0
yf_BGS_d13;45100;INTARIAN_PEPPER_ROOT;12330;5;12328;20;;;12336;20;12340;16;;;12333.0;0.0
yf_BGS_d13;45200;ASH_COATED_OSMIUM;9950;16;9947;18;;;9956;16;9958;24;;;9953.0;0.0
yf_BGS_d13;45200;INTARIAN_PEPPER_ROOT;12323;10;12321;26;;;12329;14;12333;15;;;12326.0;0.0
yf_BGS_d13;45300;ASH_COATED_OSMIUM;9939;24;9937;26;;;9969;22;9972;18;;;9954.0;0.0
yf_BGS_d13;45300;INTARIAN_PEPPER_ROOT;12301;18;12297;20;;;12340;15;12344;19;;;12320.5;0.0
yf_BGS_d13;45400;ASH_COATED_OSMIUM;9951;9;9948;28;;;9957;17;9960;16;;;9954.0;0.0
yf_BGS_d13;45400;INTARIAN_PEPPER_ROOT;12311;18;12309;13;;;12317;20;12320;19;;;12314.0;0.0
yf_BGS_d13;45500;ASH_COATED_OSMIUM;9929;10;9926;21;;;9978;13;9980;9;;;9953.5;0.0
yf_BGS_d13;45500;INTARIAN_PEPPER_ROOT;12305;12;12301;19;;;12311;13;12315;29;;;12308.0;0.0
yf_BGS_d13;45600;ASH_COATED_OSMIUM;9949;9;9945;23;;;9960;15;9962;18;;;9954.5;0.0
yf_BGS_d13;45600;INTARIAN_PEPPER_ROOT;12297;6;12295;23;;;12308;21;12310;28;;;12302.5;0.0
yf_BGS_d13;45700;ASH_COATED_OSMIUM;9949;12;9945;14;;;9958;11;9961;15;;;9953.5;0.0
yf_BGS_d13;45700;INTARIAN_PEPPER_ROOT;12287;5;12284;19;;;12306;11;12310;18;;;12296.5;0.0
yf_BGS_d13;45800;ASH_COATED_OSMIUM;9943;25;9940;18;;;9965;15;9967;14;;;9954.0;0.0
yf_BGS_d13;45800;INTARIAN_PEPPER_ROOT;12286;11;12282;24;;;12296;8;12298;20;;;12291.0;0.0
yf_BGS_d13;45900;ASH_COATED_OSMIUM;9951;15;9949;25;;;9957;14;9960;20;;;9954.0;0.0
yf_BGS_d13;45900;INTARIAN_PEPPER_ROOT;12281;8;12278;20;;;12287;5;12289;19;;;12284.0;0.0
yf_BGS_d13;46000;ASH_COATED_OSMIUM;9951;19;9947;17;;;9957;15;9961;13;;;9954.0;0.0
yf_BGS_d13;46000;INTARIAN_PEPPER_ROOT;12270;8;12266;24;;;12288;12;12292;14;;;12279.0;0.0
yf_BGS_d13;46100;ASH_COATED_OSMIUM;9947;14;9943;23;;;9961;5;9964;10;;;9954.0;0.0
yf_BGS_d13;46100;INTARIAN_PEPPER_ROOT;12267;11;12263;33;;;12280;12;12284;21;;;12273.5;0.0
yf_BGS_d13;46200;ASH_COATED_OSMIUM;9952;13;9950;15;;;9958;22;9960;19;;;9955.0;0.0
yf_BGS_d13;46200;INTARIAN_PEPPER_ROOT;12263;14;12261;20;;;12271;14;12275;21;;;12267.0;0.0
yf_BGS_d13;46300;ASH_COATED_OSMIUM;9952;9;9948;17;;;9958;10;9960;27;;;9955.0;0.0
yf_BGS_d13;46300;INTARIAN_PEPPER_ROOT;12258;19;12254;21;;;12264;14;12268;25;;;12261.0;0.0
yf_BGS_d13;46400;ASH_COATED_OSMIUM;9952;9;9950;18;;;9958;15;9962;27;;;9955.0;0.0
yf_BGS_d13;46400;INTARIAN_PEPPER_ROOT;12252;22;12250;12;;;12258;13;12260;14;;;12255.0;0.0
yf_BGS_d13;46500;ASH_COATED_OSMIUM;9952;9;9948;17;;;9958;16;9960;21;;;9955.0;0.0
yf_BGS_d13;46500;INTARIAN_PEPPER_ROOT;12246;16;12243;27;;;12252;11;12256;24;;;12249.0;0.0
yf_BGS_d13;46600;ASH_COATED_OSMIUM;9952;17;9950;15;;;9958;17;9961;20;;;9955.0;0.0
yf_BGS_d13;46600;INTARIAN_PEPPER_ROOT;12241;16;12239;12;;;12247;11;12251;13;;;12244.0;0.0
yf_BGS_d13;46700;ASH_COATED_OSMIUM;9952;9;9948;21;;;9958;20;9961;21;;;9955.0;0.0
yf_BGS_d13;46700;INTARIAN_PEPPER_ROOT;12234;15;12232;21;;;12240;11;12244;23;;;12237.0;0.0
yf_BGS_d13;46800;ASH_COATED_OSMIUM;9952;10;9948;18;;;9959;7;9962;19;;;9955.5;0.0
yf_BGS_d13;46800;INTARIAN_PEPPER_ROOT;12227;18;12223;26;;;12233;22;12236;13;;;12230.0;0.0
yf_BGS_d13;46900;ASH_COATED_OSMIUM;9949;26;9947;24;;;9961;13;9964;19;;;9955.0;0.0
yf_BGS_d13;46900;INTARIAN_PEPPER_ROOT;12222;15;12219;16;;;12228;15;12232;27;;;12225.0;0.0
yf_BGS_d13;47000;ASH_COATED_OSMIUM;9952;10;9950;14;;;9958;15;9960;20;;;9955.0;0.0
yf_BGS_d13;47000;INTARIAN_PEPPER_ROOT;12216;12;12213;27;;;12222;11;12226;16;;;12219.0;0.0
yf_BGS_d13;47100;ASH_COATED_OSMIUM;9949;10;9946;23;;;9961;12;9963;16;;;9955.0;0.0
yf_BGS_d13;47100;INTARIAN_PEPPER_ROOT;12207;18;12204;17;;;12218;12;12220;28;;;12212.5;0.0
yf_BGS_d13;47200;ASH_COATED_OSMIUM;9953;17;9951;18;;;9959;23;9962;15;;;9956.0;0.0
yf_BGS_d13;47200;INTARIAN_PEPPER_ROOT;12204;14;12202;32;;;12210;13;12212;22;;;12207.0;0.0
yf_BGS_d13;47300;ASH_COATED_OSMIUM;9952;7;9948;16;;;9959;18;9961;28;;;9955.5;0.0
yf_BGS_d13;47300;INTARIAN_PEPPER_ROOT;12198;12;12196;23;;;12204;18;12206;20;;;12201.0;0.0
yf_BGS_d13;47400;ASH_COATED_OSMIUM;9952;13;9948;19;;;9958;12;9961;23;;;9955.0;0.0
yf_BGS_d13;47400;INTARIAN_PEPPER_ROOT;12193;14;12191;14;;;12199;15;12202;18;;;12196.0;0.0
yf_BGS_d13;47500;ASH_COATED_OSMIUM;9947;15;9944;20;;;9964;13;9968;12;;;9955.5;0.0
yf_BGS_d13;47500;INTARIAN_PEPPER_ROOT;12183;12;12181;15;;;12194;12;12196;27;;;12188.5;0.0
yf_BGS_d13;47600;ASH_COATED_OSMIUM;9952;12;9950;15;;;9958;10;9961;15;;;9955.0;0.0
yf_BGS_d13;47600;INTARIAN_PEPPER_ROOT;12179;17;12175;10;;;12189;10;12192;20;;;12184.0;0.0
yf_BGS_d13;47700;ASH_COATED_OSMIUM;9951;13;9949;22;;;9960;17;9962;16;;;9955.5;0.0
yf_BGS_d13;47700;INTARIAN_PEPPER_ROOT;12174;5;12171;12;;;12180;15;12183;21;;;12177.0;0.0
yf_BGS_d13;47800;ASH_COATED_OSMIUM;9953;14;9951;19;;;9959;19;9963;17;;;9956.0;0.0
yf_BGS_d13;47800;INTARIAN_PEPPER_ROOT;12168;8;12166;22;;;12174;11;12176;23;;;12171.0;0.0
yf_BGS_d13;47900;ASH_COATED_OSMIUM;9953;17;9949;27;;;9959;15;9962;18;;;9956.0;0.0
yf_BGS_d13;47900;INTARIAN_PEPPER_ROOT;12162;14;12158;10;;;12170;22;12173;19;;;12166.0;0.0
yf_BGS_d13;48000;ASH_COATED_OSMIUM;9953;13;9949;23;;;9959;10;9962;14;;;9956.0;0.0
yf_BGS_d13;48000;INTARIAN_PEPPER_ROOT;12157;8;12155;26;;;12163;15;12165;23;;;12160.0;0.0
yf_BGS_d13;48100;ASH_COATED_OSMIUM;9953;26;9949;17;;;9959;5;9963;20;;;9956.0;0.0
yf_BGS_d13;48100;INTARIAN_PEPPER_ROOT;12151;6;12147;18;;;12157;17;12160;10;;;12154.0;0.0
yf_BGS_d13;48200;ASH_COATED_OSMIUM;9950;7;9947;9;;;9962;11;9964;19;;;9956.0;0.0
yf_BGS_d13;48200;INTARIAN_PEPPER_ROOT;12145;25;12143;20;;;12151;12;12155;20;;;12148.0;0.0
yf_BGS_d13;48300;ASH_COATED_OSMIUM;9953;5;9951;14;;;9960;5;9962;16;;;9956.5;0.0
yf_BGS_d13;48300;INTARIAN_PEPPER_ROOT;12138;16;12135;12;;;12144;9;12146;17;;;12141.0;0.0
yf_BGS_d13;48400;ASH_COATED_OSMIUM;9953;13;9950;14;;;9959;10;9963;21;;;9956.0;0.0
yf_BGS_d13;48400;INTARIAN_PEPPER_ROOT;12133;13;12131;19;;;12139;18;12142;14;;;12136.0;0.0
yf_BGS_d13;48500;ASH_COATED_OSMIUM;9954;9;9950;24;;;9960;17;9962;19;;;9957.0;0.0
yf_BGS_d13;48500;INTARIAN_PEPPER_ROOT;12124;15;12121;18;;;12134;19;12138;18;;;12129.0;0.0
yf_BGS_d13;48600;ASH_COATED_OSMIUM;9954;14;9950;23;;;9960;6;9963;23;;;9957.0;0.0
yf_BGS_d13;48600;INTARIAN_PEPPER_ROOT;12121;6;12119;20;;;12127;21;12129;12;;;12124.0;0.0
yf_BGS_d13;48700;ASH_COATED_OSMIUM;9953;11;9950;20;;;9962;27;9964;23;;;9957.5;0.0
yf_BGS_d13;48700;INTARIAN_PEPPER_ROOT;12114;10;12111;21;;;12121;8;12125;19;;;12117.5;0.0
yf_BGS_d13;48800;ASH_COATED_OSMIUM;9953;13;9951;17;;;9960;25;9963;14;;;9956.5;0.0
yf_BGS_d13;48800;INTARIAN_PEPPER_ROOT;12109;18;12107;30;;;12115;21;12118;22;;;12112.0;0.0
yf_BGS_d13;48900;ASH_COATED_OSMIUM;9953;15;9951;27;;;9961;18;9964;19;;;9957.0;0.0
yf_BGS_d13;48900;INTARIAN_PEPPER_ROOT;12101;12;12099;17;;;12111;26;12115;20;;;12106.0;0.0
yf_BGS_d13;49000;ASH_COATED_OSMIUM;9953;17;9949;18;;;9962;20;9966;21;;;9957.5;0.0
yf_BGS_d13;49000;INTARIAN_PEPPER_ROOT;12096;12;12092;21;;;12104;20;12107;15;;;12100.0;0.0
yf_BGS_d13;49100;ASH_COATED_OSMIUM;9954;17;9952;22;;;9962;13;9966;27;;;9958.0;0.0
yf_BGS_d13;49100;INTARIAN_PEPPER_ROOT;12092;16;12088;23;;;12098;12;12101;23;;;12095.0;0.0
yf_BGS_d13;49200;ASH_COATED_OSMIUM;9954;18;9950;24;;;9960;14;9962;22;;;9957.0;0.0
yf_BGS_d13;49200;INTARIAN_PEPPER_ROOT;12085;20;12081;20;;;12091;6;12093;17;;;12088.0;0.0
yf_BGS_d13;49300;ASH_COATED_OSMIUM;9946;18;9943;19;;;9970;13;9972;21;;;9958.0;0.0
yf_BGS_d13;49300;INTARIAN_PEPPER_ROOT;12074;12;12072;17;;;12090;12;12092;24;;;12082.0;0.0
yf_BGS_d13;49400;ASH_COATED_OSMIUM;9954;16;9950;28;;;9962;10;9964;11;;;9958.0;0.0
yf_BGS_d13;49400;INTARIAN_PEPPER_ROOT;12073;13;12070;22;;;12079;18;12081;23;;;12076.0;0.0
yf_BGS_d13;49500;ASH_COATED_OSMIUM;9955;13;9951;28;;;9961;12;9963;18;;;9958.0;0.0
yf_BGS_d13;49500;INTARIAN_PEPPER_ROOT;12067;13;12065;14;;;12073;23;12076;16;;;12070.0;0.0
yf_BGS_d13;49600;ASH_COATED_OSMIUM;9955;20;9951;18;;;9961;20;9964;23;;;9958.0;0.0
yf_BGS_d13;49600;INTARIAN_PEPPER_ROOT;12059;13;12057;26;;;12069;11;12071;23;;;12064.0;0.0
yf_BGS_d13;49700;ASH_COATED_OSMIUM;9955;16;9952;19;;;9961;16;9963;22;;;9958.0;0.0
yf_BGS_d13;49700;INTARIAN_PEPPER_ROOT;12055;20;12052;9;;;12061;17;12065;18;;;12058.0;0.0
yf_BGS_d13;49800;ASH_COATED_OSMIUM;9952;15;9948;14;;;9964;10;9967;24;;;9958.0;0.0
yf_BGS_d13;49800;INTARIAN_PEPPER_ROOT;12049;9;12046;19;;;12055;12;12057;28;;;12052.0;0.0
yf_BGS_d13;49900;ASH_COATED_OSMIUM;9953;13;9949;21;;;9964;14;9968;17;;;9958.5;0.0
yf_BGS_d13;49900;INTARIAN_PEPPER_ROOT;12043;13;12039;25;;;12049;17;12052;30;;;12046.0;0.0
yf_BGS_d13;50000;ASH_COATED_OSMIUM;9954;16;9952;21;;;9961;10;9965;21;;;9957.5;0.0
yf_BGS_d13;50000;INTARIAN_PEPPER_ROOT;12037;16;12034;19;;;12043;16;12046;23;;;12040.0;0.0
yf_BGS_d13;50100;ASH_COATED_OSMIUM;9944;7;9940;21;;;9973;18;9975;18;;;9958.5;0.0
yf_BGS_d13;50100;INTARIAN_PEPPER_ROOT;12031;17;12029;8;;;12037;22;12040;19;;;12034.0;0.0
yf_BGS_d13;50200;ASH_COATED_OSMIUM;9955;18;9951;22;;;9961;6;9963;17;;;9958.0;0.0
yf_BGS_d13;50200;INTARIAN_PEPPER_ROOT;12026;17;12024;13;;;12032;18;12035;23;;;12029.0;0.0
yf_BGS_d13;50300;ASH_COATED_OSMIUM;9953;14;9949;24;;;9964;16;9966;22;;;9958.5;0.0
yf_BGS_d13;50300;INTARIAN_PEPPER_ROOT;12017;13;12015;21;;;12027;13;12029;11;;;12022.0;0.0
yf_BGS_d13;50400;ASH_COATED_OSMIUM;9954;5;9952;21;;;9962;19;9964;12;;;9958.0;0.0
yf_BGS_d13;50400;INTARIAN_PEPPER_ROOT;12010;7;12007;30;;;12022;10;12025;21;;;12016.0;0.0
yf_BGS_d13;50500;ASH_COATED_OSMIUM;9956;19;9952;14;;;9962;15;9965;29;;;9959.0;0.0
yf_BGS_d13;50500;INTARIAN_PEPPER_ROOT;12003;5;12000;8;;;12018;11;12020;17;;;12010.5;0.0
yf_BGS_d13;50600;ASH_COATED_OSMIUM;9956;9;9954;8;;;9962;14;9965;21;;;9959.0;0.0
yf_BGS_d13;50600;INTARIAN_PEPPER_ROOT;12000;13;11998;19;;;12010;17;12013;25;;;12005.0;0.0
yf_BGS_d13;50700;ASH_COATED_OSMIUM;9953;19;9949;14;;;9965;18;9968;21;;;9959.0;0.0
yf_BGS_d13;50700;INTARIAN_PEPPER_ROOT;11995;12;11991;24;;;12001;8;12003;17;;;11998.0;0.0
yf_BGS_d13;50800;ASH_COATED_OSMIUM;9956;16;9953;10;;;9962;9;9965;22;;;9959.0;0.0
yf_BGS_d13;50800;INTARIAN_PEPPER_ROOT;11990;10;11986;15;;;11996;12;12000;22;;;11993.0;0.0
yf_BGS_d13;50900;ASH_COATED_OSMIUM;9956;16;9954;15;;;9962;12;9965;14;;;9959.0;0.0
yf_BGS_d13;50900;INTARIAN_PEPPER_ROOT;11985;15;11981;19;;;11994;15;11998;15;;;11989.5;0.0
yf_BGS_d13;51000;ASH_COATED_OSMIUM;9956;9;9952;14;;;9962;13;9965;15;;;9959.0;0.0
yf_BGS_d13;51000;INTARIAN_PEPPER_ROOT;11986;13;11983;19;;;11992;15;11996;15;;;11989.0;0.0
yf_BGS_d13;51100;ASH_COATED_OSMIUM;9957;9;9954;29;;;9963;18;9967;18;;;9960.0;0.0
yf_BGS_d13;51100;INTARIAN_PEPPER_ROOT;11986;10;11982;20;;;11992;17;11996;29;;;11989.0;0.0
yf_BGS_d13;51200;ASH_COATED_OSMIUM;9952;20;9949;15;;;9967;12;9969;25;;;9959.5;0.0
yf_BGS_d13;51200;INTARIAN_PEPPER_ROOT;11985;18;11981;20;;;11991;19;11993;20;;;11988.0;0.0
yf_BGS_d13;51300;ASH_COATED_OSMIUM;9953;14;9951;24;;;9966;12;9970;21;;;9959.5;0.0
yf_BGS_d13;51300;INTARIAN_PEPPER_ROOT;11985;11;11981;14;;;11991;8;11993;22;;;11988.0;0.0
yf_BGS_d13;51400;ASH_COATED_OSMIUM;9957;8;9953;11;;;9963;17;9967;29;;;9960.0;0.0
yf_BGS_d13;51400;INTARIAN_PEPPER_ROOT;11981;5;11978;21;;;11993;15;11997;28;;;11987.0;0.0
yf_BGS_d13;51500;ASH_COATED_OSMIUM;9957;18;9954;17;;;9963;22;9966;24;;;9960.0;0.0
yf_BGS_d13;51500;INTARIAN_PEPPER_ROOT;11983;12;11980;26;;;11989;13;11993;16;;;11986.0;0.0
yf_BGS_d13;51600;ASH_COATED_OSMIUM;9954;13;9951;22;;;9966;22;9970;26;;;9960.0;0.0
yf_BGS_d13;51600;INTARIAN_PEPPER_ROOT;11981;11;11979;21;;;11992;18;11994;21;;;11986.5;0.0
yf_BGS_d13;51700;ASH_COATED_OSMIUM;9957;19;9955;23;;;9963;10;9967;21;;;9960.0;0.0
yf_BGS_d13;51700;INTARIAN_PEPPER_ROOT;11982;19;11979;20;;;11989;11;11992;18;;;11985.5;0.0
yf_BGS_d13;51800;ASH_COATED_OSMIUM;9958;18;9956;15;;;9964;13;9966;10;;;9961.0;0.0
yf_BGS_d13;51800;INTARIAN_PEPPER_ROOT;11982;14;11978;20;;;11988;20;11991;26;;;11985.0;0.0
yf_BGS_d13;51900;ASH_COATED_OSMIUM;9957;19;9953;12;;;9965;12;9969;20;;;9961.0;0.0
yf_BGS_d13;51900;INTARIAN_PEPPER_ROOT;11980;14;11976;30;;;11988;23;11991;21;;;11984.0;0.0
yf_BGS_d13;52000;ASH_COATED_OSMIUM;9957;13;9954;24;;;9963;21;9965;27;;;9960.0;0.0
yf_BGS_d13;52000;INTARIAN_PEPPER_ROOT;11974;20;11971;16;;;11994;12;11996;22;;;11984.0;0.0
yf_BGS_d13;52100;ASH_COATED_OSMIUM;9958;11;9955;18;;;9964;15;9967;18;;;9961.0;0.0
yf_BGS_d13;52100;INTARIAN_PEPPER_ROOT;11981;14;11978;13;;;11987;12;11990;21;;;11984.0;0.0
yf_BGS_d13;52200;ASH_COATED_OSMIUM;9953;18;9950;19;;;9969;19;9971;19;;;9961.0;0.0
yf_BGS_d13;52200;INTARIAN_PEPPER_ROOT;11980;12;11977;21;;;11986;19;11989;20;;;11983.0;0.0
yf_BGS_d13;52300;ASH_COATED_OSMIUM;9958;11;9956;25;;;9964;16;9967;13;;;9961.0;0.0
yf_BGS_d13;52300;INTARIAN_PEPPER_ROOT;11979;24;11977;27;;;11985;13;11987;20;;;11982.0;0.0
yf_BGS_d13;52400;ASH_COATED_OSMIUM;9956;13;9953;20;;;9966;13;9969;17;;;9961.0;0.0
yf_BGS_d13;52400;INTARIAN_PEPPER_ROOT;11979;17;11976;21;;;11985;13;11987;19;;;11982.0;0.0
yf_BGS_d13;52500;ASH_COATED_OSMIUM;9955;17;9953;23;;;9968;23;9972;21;;;9961.5;0.0
yf_BGS_d13;52500;INTARIAN_PEPPER_ROOT;11978;21;11974;29;;;11984;19;11986;16;;;11981.0;0.0
yf_BGS_d13;52600;ASH_COATED_OSMIUM;9959;17;9955;13;;;9965;17;9968;22;;;9962.0;0.0
yf_BGS_d13;52600;INTARIAN_PEPPER_ROOT;11978;11;11976;18;;;11984;20;11988;30;;;11981.0;0.0
yf_BGS_d13;52700;ASH_COATED_OSMIUM;9954;24;9950;24;;;9971;9;9975;22;;;9962.5;0.0
yf_BGS_d13;52700;INTARIAN_PEPPER_ROOT;11978;9;11976;18;;;11984;11;11986;18;;;11981.0;0.0
yf_BGS_d13;52800;ASH_COATED_OSMIUM;9959;15;9957;10;;;9965;18;9968;19;;;9962.0;0.0
yf_BGS_d13;52800;INTARIAN_PEPPER_ROOT;11977;5;11975;18;;;11983;20;11986;20;;;11980.0;0.0
yf_BGS_d13;52900;ASH_COATED_OSMIUM;9959;19;9956;17;;;9965;12;9968;17;;;9962.0;0.0
yf_BGS_d13;52900;INTARIAN_PEPPER_ROOT;11977;20;11975;26;;;11983;16;11985;23;;;11980.0;0.0
yf_BGS_d13;53000;ASH_COATED_OSMIUM;9959;14;9957;22;;;9965;21;9969;18;;;9962.0;0.0
yf_BGS_d13;53000;INTARIAN_PEPPER_ROOT;11969;24;11967;14;;;11990;18;11992;10;;;11979.5;0.0
yf_BGS_d13;53100;ASH_COATED_OSMIUM;9955;9;9953;22;;;9969;21;9973;22;;;9962.0;0.0
yf_BGS_d13;53100;INTARIAN_PEPPER_ROOT;11973;14;11970;27;;;11984;15;11986;23;;;11978.5;0.0
yf_BGS_d13;53200;ASH_COATED_OSMIUM;9952;13;9949;26;;;9974;11;9976;22;;;9963.0;0.0
yf_BGS_d13;53200;INTARIAN_PEPPER_ROOT;11970;11;11967;17;;;11986;21;11988;15;;;11978.0;0.0
yf_BGS_d13;53300;ASH_COATED_OSMIUM;9956;12;9953;20;;;9968;5;9970;24;;;9962.0;0.0
yf_BGS_d13;53300;INTARIAN_PEPPER_ROOT;11971;10;11967;14;;;11984;13;11988;17;;;11977.5;0.0
yf_BGS_d13;53400;ASH_COATED_OSMIUM;9960;14;9956;21;;;9966;9;9969;19;;;9963.0;0.0
yf_BGS_d13;53400;INTARIAN_PEPPER_ROOT;11968;11;11966;20;;;11987;9;11989;24;;;11977.5;0.0
yf_BGS_d13;53500;ASH_COATED_OSMIUM;9960;30;9956;20;;;9966;19;9970;24;;;9963.0;0.0
yf_BGS_d13;53500;INTARIAN_PEPPER_ROOT;11974;11;11970;32;;;11980;12;11983;13;;;11977.0;0.0
yf_BGS_d13;53600;ASH_COATED_OSMIUM;9960;14;9957;17;;;9966;20;9970;16;;;9963.0;0.0
yf_BGS_d13;53600;INTARIAN_PEPPER_ROOT;11972;13;11970;19;;;11980;6;11982;16;;;11976.0;0.0
yf_BGS_d13;53700;ASH_COATED_OSMIUM;9958;15;9954;10;;;9970;10;9974;17;;;9964.0;0.0
yf_BGS_d13;53700;INTARIAN_PEPPER_ROOT;11972;15;11968;12;;;11980;13;11983;17;;;11976.0;0.0
yf_BGS_d13;53800;ASH_COATED_OSMIUM;9957;11;9953;13;;;9970;6;9973;14;;;9963.5;0.0
yf_BGS_d13;53800;INTARIAN_PEPPER_ROOT;11972;13;11969;19;;;11978;13;11980;18;;;11975.0;0.0
yf_BGS_d13;53900;ASH_COATED_OSMIUM;9961;6;9958;17;;;9967;18;9971;14;;;9964.0;0.0
yf_BGS_d13;53900;INTARIAN_PEPPER_ROOT;11965;18;11961;14;;;11983;12;11987;17;;;11974.0;0.0
yf_BGS_d13;54000;ASH_COATED_OSMIUM;9955;20;9953;18;;;9972;21;9976;32;;;9963.5;0.0
yf_BGS_d13;54000;INTARIAN_PEPPER_ROOT;11971;15;11968;26;;;11978;21;11982;15;;;11974.5;0.0
yf_BGS_d13;54100;ASH_COATED_OSMIUM;9961;16;9959;25;;;9967;16;9969;24;;;9964.0;0.0
yf_BGS_d13;54100;INTARIAN_PEPPER_ROOT;11971;17;11969;18;;;11977;14;11981;19;;;11974.0;0.0
yf_BGS_d13;54200;ASH_COATED_OSMIUM;9961;14;9957;13;;;9967;12;9970;19;;;9964.0;0.0
yf_BGS_d13;54200;INTARIAN_PEPPER_ROOT;11970;9;11968;17;;;11976;26;11979;21;;;11973.0;0.0
yf_BGS_d13;54300;ASH_COATED_OSMIUM;9959;13;9955;16;;;9967;15;9969;17;;;9963.0;0.0
yf_BGS_d13;54300;INTARIAN_PEPPER_ROOT;11970;12;11967;18;;;11976;5;11980;11;;;11973.0;0.0
yf_BGS_d13;54400;ASH_COATED_OSMIUM;9961;9;9959;15;;;9967;12;9971;23;;;9964.0;0.0
yf_BGS_d13;54400;INTARIAN_PEPPER_ROOT;11967;9;11963;9;;;11975;6;11978;21;;;11971.0;0.0
yf_BGS_d13;54500;ASH_COATED_OSMIUM;9962;19;9960;26;;;9968;15;9972;24;;;9965.0;0.0
yf_BGS_d13;54500;INTARIAN_PEPPER_ROOT;11966;14;11963;15;;;11978;14;11982;20;;;11972.0;0.0
yf_BGS_d13;54600;ASH_COATED_OSMIUM;9958;22;9956;14;;;9971;7;9973;17;;;9964.5;0.0
yf_BGS_d13;54600;INTARIAN_PEPPER_ROOT;11968;22;11964;17;;;11974;8;11976;17;;;11971.0;0.0
yf_BGS_d13;54700;ASH_COATED_OSMIUM;9962;12;9960;9;;;9968;14;9970;18;;;9965.0;0.0
yf_BGS_d13;54700;INTARIAN_PEPPER_ROOT;11962;8;11960;25;;;11979;15;11982;20;;;11970.5;0.0
yf_BGS_d13;54800;ASH_COATED_OSMIUM;9962;14;9958;15;;;9968;23;9970;24;;;9965.0;0.0
yf_BGS_d13;54800;INTARIAN_PEPPER_ROOT;11966;21;11964;19;;;11972;9;11975;18;;;11969.0;0.0
yf_BGS_d13;54900;ASH_COATED_OSMIUM;9963;16;9959;25;;;9969;16;9972;14;;;9966.0;0.0
yf_BGS_d13;54900;INTARIAN_PEPPER_ROOT;11964;15;11961;25;;;11975;18;11977;17;;;11969.5;0.0
yf_BGS_d13;55000;ASH_COATED_OSMIUM;9959;16;9955;17;;;9971;10;9974;18;;;9965.0;0.0
yf_BGS_d13;55000;INTARIAN_PEPPER_ROOT;11966;13;11962;24;;;11972;14;11976;22;;;11969.0;0.0
yf_BGS_d13;55100;ASH_COATED_OSMIUM;9963;7;9961;30;;;9969;16;9972;22;;;9966.0;0.0
yf_BGS_d13;55100;INTARIAN_PEPPER_ROOT;11960;15;11957;21;;;11976;8;11978;30;;;11968.0;0.0
yf_BGS_d13;55200;ASH_COATED_OSMIUM;9963;24;9961;21;;;9969;15;9971;14;;;9966.0;0.0
yf_BGS_d13;55200;INTARIAN_PEPPER_ROOT;11965;21;11963;17;;;11971;23;11975;21;;;11968.0;0.0
yf_BGS_d13;55300;ASH_COATED_OSMIUM;9963;12;9959;34;;;9969;20;9971;21;;;9966.0;0.0
yf_BGS_d13;55300;INTARIAN_PEPPER_ROOT;11964;12;11962;21;;;11970;15;11972;25;;;11967.0;0.0
yf_BGS_d13;55400;ASH_COATED_OSMIUM;9963;9;9961;24;;;9969;16;9972;13;;;9966.0;0.0
yf_BGS_d13;55400;INTARIAN_PEPPER_ROOT;11960;8;11957;23;;;11974;11;11977;23;;;11967.0;0.0
yf_BGS_d13;55500;ASH_COATED_OSMIUM;9963;18;9961;22;;;9969;15;9973;20;;;9966.0;0.0
yf_BGS_d13;55500;INTARIAN_PEPPER_ROOT;11963;18;11960;22;;;11970;11;11973;23;;;11966.5;0.0
yf_BGS_d13;55600;ASH_COATED_OSMIUM;9963;24;9959;29;;;9969;14;9973;20;;;9966.0;0.0
yf_BGS_d13;55600;INTARIAN_PEPPER_ROOT;11963;17;11961;23;;;11969;20;11972;15;;;11966.0;0.0
yf_BGS_d13;55700;ASH_COATED_OSMIUM;9963;14;9959;14;;;9969;21;9971;20;;;9966.0;0.0
yf_BGS_d13;55700;INTARIAN_PEPPER_ROOT;11962;9;11958;18;;;11968;24;11972;26;;;11965.0;0.0
yf_BGS_d13;55800;ASH_COATED_OSMIUM;9963;19;9960;27;;;9970;17;9973;14;;;9966.5;0.0
yf_BGS_d13;55800;INTARIAN_PEPPER_ROOT;11959;17;11956;21;;;11971;21;11973;21;;;11965.0;0.0
yf_BGS_d13;55900;ASH_COATED_OSMIUM;9962;28;9960;18;;;9970;19;9974;22;;;9966.0;0.0
yf_BGS_d13;55900;INTARIAN_PEPPER_ROOT;11962;11;11959;21;;;11968;21;11971;20;;;11965.0;0.0
yf_BGS_d13;56000;ASH_COATED_OSMIUM;9964;14;9960;11;;;9970;17;9973;14;;;9967.0;0.0
yf_BGS_d13;56000;INTARIAN_PEPPER_ROOT;11961;11;11959;21;;;11967;13;11969;20;;;11964.0;0.0
yf_BGS_d13;56100;ASH_COATED_OSMIUM;9953;5;9951;12;;;9981;9;9985;15;;;9967.0;0.0
yf_BGS_d13;56100;INTARIAN_PEPPER_ROOT;11961;14;11957;17;;;11967;9;11970;19;;;11964.0;0.0
yf_BGS_d13;56200;ASH_COATED_OSMIUM;9961;10;9958;19;;;9972;18;9974;25;;;9966.5;0.0
yf_BGS_d13;56200;INTARIAN_PEPPER_ROOT;11953;12;11950;17;;;11973;15;11975;22;;;11963.0;0.0
yf_BGS_d13;56300;ASH_COATED_OSMIUM;9953;16;9950;25;;;9980;10;9982;19;;;9966.5;0.0
yf_BGS_d13;56300;INTARIAN_PEPPER_ROOT;11957;24;11955;16;;;11969;11;11972;14;;;11963.0;0.0
yf_BGS_d13;56400;ASH_COATED_OSMIUM;9964;16;9960;24;;;9970;11;9974;23;;;9967.0;0.0
yf_BGS_d13;56400;INTARIAN_PEPPER_ROOT;11959;23;11957;26;;;11965;11;11968;21;;;11962.0;0.0
yf_BGS_d13;56500;ASH_COATED_OSMIUM;9965;24;9963;17;;;9971;17;9975;30;;;9968.0;0.0
yf_BGS_d13;56500;INTARIAN_PEPPER_ROOT;11958;22;11955;16;;;11964;13;11968;26;;;11961.0;0.0
yf_BGS_d13;56600;ASH_COATED_OSMIUM;9965;12;9962;23;;;9971;24;9973;26;;;9968.0;0.0
yf_BGS_d13;56600;INTARIAN_PEPPER_ROOT;11958;10;11954;25;;;11964;17;11968;19;;;11961.0;0.0
yf_BGS_d13;56700;ASH_COATED_OSMIUM;9965;13;9961;15;;;9971;17;9975;16;;;9968.0;0.0
yf_BGS_d13;56700;INTARIAN_PEPPER_ROOT;11954;10;11950;14;;;11965;12;11967;16;;;11959.5;0.0
yf_BGS_d13;56800;ASH_COATED_OSMIUM;9961;14;9959;23;;;9975;16;9978;19;;;9968.0;0.0
yf_BGS_d13;56800;INTARIAN_PEPPER_ROOT;11957;20;11953;15;;;11963;17;11966;27;;;11960.0;0.0
yf_BGS_d13;56900;ASH_COATED_OSMIUM;9965;14;9961;16;;;9971;17;9974;23;;;9968.0;0.0
yf_BGS_d13;56900;INTARIAN_PEPPER_ROOT;11956;9;11954;14;;;11962;14;11966;18;;;11959.0;0.0
yf_BGS_d13;57000;ASH_COATED_OSMIUM;9965;9;9963;19;;;9971;18;9974;23;;;9968.0;0.0
yf_BGS_d13;57000;INTARIAN_PEPPER_ROOT;11955;9;11953;15;;;11961;20;11963;15;;;11958.0;0.0
yf_BGS_d13;57100;ASH_COATED_OSMIUM;9966;13;9964;19;;;9972;18;9974;21;;;9969.0;0.0
yf_BGS_d13;57100;INTARIAN_PEPPER_ROOT;11954;7;11951;18;;;11962;12;11964;20;;;11958.0;0.0
yf_BGS_d13;57200;ASH_COATED_OSMIUM;9965;5;9963;19;;;9971;7;9973;27;;;9968.0;0.0
yf_BGS_d13;57200;INTARIAN_PEPPER_ROOT;11952;9;11950;30;;;11963;5;11965;24;;;11957.5;0.0
yf_BGS_d13;57300;ASH_COATED_OSMIUM;9959;7;9956;20;;;9979;9;9983;28;;;9969.0;0.0
yf_BGS_d13;57300;INTARIAN_PEPPER_ROOT;11954;20;11952;25;;;11960;7;11963;20;;;11957.0;0.0
yf_BGS_d13;57400;ASH_COATED_OSMIUM;9965;5;9962;11;;;9973;25;9975;23;;;9969.0;0.0
yf_BGS_d13;57400;INTARIAN_PEPPER_ROOT;11954;11;11952;21;;;11960;15;11964;19;;;11957.0;0.0
yf_BGS_d13;57500;ASH_COATED_OSMIUM;9966;17;9964;14;;;9972;18;9975;20;;;9969.0;0.0
yf_BGS_d13;57500;INTARIAN_PEPPER_ROOT;11953;16;11950;17;;;11959;19;11962;19;;;11956.0;0.0
yf_BGS_d13;57600;ASH_COATED_OSMIUM;9966;16;9964;31;;;9972;16;9975;23;;;9969.0;0.0
yf_BGS_d13;57600;INTARIAN_PEPPER_ROOT;11953;22;11949;16;;;11959;11;11962;25;;;11956.0;0.0
yf_BGS_d13;57700;ASH_COATED_OSMIUM;9967;5;9965;27;;;9973;13;9977;17;;;9970.0;0.0
yf_BGS_d13;57700;INTARIAN_PEPPER_ROOT;11951;9;11948;17;;;11957;16;11961;20;;;11954.0;0.0
yf_BGS_d13;57800;ASH_COATED_OSMIUM;9966;12;9963;24;;;9972;23;9976;24;;;9969.0;0.0
yf_BGS_d13;57800;INTARIAN_PEPPER_ROOT;11952;18;11949;12;;;11958;20;11960;28;;;11955.0;0.0
yf_BGS_d13;57900;ASH_COATED_OSMIUM;9966;17;9962;13;;;9972;13;9974;13;;;9969.0;0.0
yf_BGS_d13;57900;INTARIAN_PEPPER_ROOT;11951;15;11948;24;;;11957;15;11961;15;;;11954.0;0.0
yf_BGS_d13;58000;ASH_COATED_OSMIUM;9962;22;9960;24;;;9978;18;9981;26;;;9970.0;0.0
yf_BGS_d13;58000;INTARIAN_PEPPER_ROOT;11943;13;11941;20;;;11963;17;11966;15;;;11953.0;0.0
yf_BGS_d13;58100;ASH_COATED_OSMIUM;9967;12;9964;26;;;9973;13;9976;26;;;9970.0;0.0
yf_BGS_d13;58100;INTARIAN_PEPPER_ROOT;11951;13;11949;16;;;11957;13;11961;17;;;11954.0;0.0
yf_BGS_d13;58200;ASH_COATED_OSMIUM;9967;16;9964;17;;;9973;16;9975;22;;;9970.0;0.0
yf_BGS_d13;58200;INTARIAN_PEPPER_ROOT;11950;9;11948;17;;;11956;14;11958;13;;;11953.0;0.0
yf_BGS_d13;58300;ASH_COATED_OSMIUM;9967;23;9964;20;;;9973;16;9975;13;;;9970.0;0.0
yf_BGS_d13;58300;INTARIAN_PEPPER_ROOT;11946;17;11944;19;;;11958;19;11960;18;;;11952.0;0.0
