day;timestamp;product;bid_price_1;bid_volume_1;bid_price_2;bid_volume_2;bid_price_3;bid_volume_3;ask_price_1;ask_volume_1;ask_price_2;ask_volume_2;ask_price_3;ask_volume_3;mid_price;profit_and_loss
yf_ADM_d4;0;ASH_COATED_OSMIUM;9968;24;9964;16;;;9974;28;9977;24;;;9971.0;0.0
yf_ADM_d4;0;INTARIAN_PEPPER_ROOT;12997;15;12994;21;;;13003;14;13006;22;;;13000.0;0.0
yf_ADM_d4;100;ASH_COATED_OSMIUM;9968;12;9965;26;;;9974;23;9977;22;;;9971.0;0.0
yf_ADM_d4;100;INTARIAN_PEPPER_ROOT;12993;14;12990;23;;;12999;13;13002;15;;;12996.0;0.0
yf_ADM_d4;200;ASH_COATED_OSMIUM;9967;19;9964;11;;;9973;16;9975;19;;;9970.0;0.0
yf_ADM_d4;200;INTARIAN_PEPPER_ROOT;12990;15;12987;22;;;13000;10;13002;11;;;12995.0;0.0
yf_ADM_d4;300;ASH_COATED_OSMIUM;9967;8;9964;25;;;9973;8;9975;25;;;9970.0;0.0
yf_ADM_d4;300;INTARIAN_PEPPER_ROOT;12989;16;12987;19;;;12995;19;12998;23;;;12992.0;0.0
yf_ADM_d4;400;ASH_COATED_OSMIUM;9967;11;9965;25;;;9973;16;9977;9;;;9970.0;0.0
yf_ADM_d4;400;INTARIAN_PEPPER_ROOT;12983;24;12981;15;;;12994;16;12998;20;;;12988.5;0.0
yf_ADM_d4;500;ASH_COATED_OSMIUM;9965;12;9962;19;;;9975;18;9977;26;;;9970.0;0.0
yf_ADM_d4;500;INTARIAN_PEPPER_ROOT;12984;12;12982;30;;;12990;20;12993;8;;;12987.0;0.0
yf_ADM_d4;600;ASH_COATED_OSMIUM;9966;26;9964;9;;;9972;8;9976;25;;;9969.0;0.0
yf_ADM_d4;600;INTARIAN_PEPPER_ROOT;12981;13;12977;18;;;12987;16;12990;17;;;12984.0;0.0
yf_ADM_d4;700;ASH_COATED_OSMIUM;9945;13;9942;19;;;9994;15;9996;15;;;9969.5;0.0
yf_ADM_d4;700;INTARIAN_PEPPER_ROOT;12979;10;12977;13;;;12985;15;12988;25;;;12982.0;0.0
yf_ADM_d4;800;ASH_COATED_OSMIUM;9965;25;9962;16;;;9973;8;9975;8;;;9969.0;0.0
yf_ADM_d4;800;INTARIAN_PEPPER_ROOT;12974;18;12971;17;;;12983;20;12985;11;;;12978.5;0.0
yf_ADM_d4;900;ASH_COATED_OSMIUM;9966;6;9962;14;;;9972;26;9974;20;;;9969.0;0.0
yf_ADM_d4;900;INTARIAN_PEPPER_ROOT;12974;16;12970;16;;;12980;5;12984;32;;;12977.0;0.0
yf_ADM_d4;1000;ASH_COATED_OSMIUM;9964;19;9961;22;;;9973;19;9977;17;;;9968.5;0.0
yf_ADM_d4;1000;INTARIAN_PEPPER_ROOT;12958;14;12954;17;;;12988;9;12990;14;;;12973.0;0.0
yf_ADM_d4;1100;ASH_COATED_OSMIUM;9966;24;9962;20;;;9972;18;9976;20;;;9969.0;0.0
yf_ADM_d4;1100;INTARIAN_PEPPER_ROOT;12957;21;12955;17;;;12984;12;12988;20;;;12970.5;0.0
yf_ADM_d4;1200;ASH_COATED_OSMIUM;9966;8;9964;18;;;9972;16;9975;16;;;9969.0;0.0
yf_ADM_d4;1200;INTARIAN_PEPPER_ROOT;12966;13;12963;13;;;12972;13;12975;13;;;12969.0;0.0
yf_ADM_d4;1300;ASH_COATED_OSMIUM;9959;11;9956;15;;;9977;13;9981;17;;;9968.0;0.0
yf_ADM_d4;1300;INTARIAN_PEPPER_ROOT;12962;12;12958;16;;;12970;15;12974;24;;;12966.0;0.0
yf_ADM_d4;1400;ASH_COATED_OSMIUM;9965;25;9963;17;;;9971;10;9974;22;;;9968.0;0.0
yf_ADM_d4;1400;INTARIAN_PEPPER_ROOT;12960;17;12958;25;;;12966;16;12968;16;;;12963.0;0.0
yf_ADM_d4;1500;ASH_COATED_OSMIUM;9955;11;9952;17;;;9980;21;9984;28;;;9967.5;0.0
yf_ADM_d4;1500;INTARIAN_PEPPER_ROOT;12958;16;12956;18;;;12964;16;12968;19;;;12961.0;0.0
yf_ADM_d4;1600;ASH_COATED_OSMIUM;9956;14;9954;22;;;9980;13;9984;9;;;9968.0;0.0
yf_ADM_d4;1600;INTARIAN_PEPPER_ROOT;12955;16;12951;8;;;12961;18;12964;14;;;12958.0;0.0
yf_ADM_d4;1700;ASH_COATED_OSMIUM;9965;15;9963;20;;;9971;19;9974;23;;;9968.0;0.0
yf_ADM_d4;1700;INTARIAN_PEPPER_ROOT;12952;20;12948;18;;;12958;14;12962;18;;;12955.0;0.0
yf_ADM_d4;1800;ASH_COATED_OSMIUM;9964;17;9960;13;;;9970;9;9972;12;;;9967.0;0.0
yf_ADM_d4;1800;INTARIAN_PEPPER_ROOT;12948;8;12945;20;;;12958;26;12961;20;;;12953.0;0.0
yf_ADM_d4;1900;ASH_COATED_OSMIUM;9962;27;9958;23;;;9974;7;9976;21;;;9968.0;0.0
yf_ADM_d4;1900;INTARIAN_PEPPER_ROOT;12947;17;12945;25;;;12953;10;12956;20;;;12950.0;0.0
yf_ADM_d4;2000;ASH_COATED_OSMIUM;9963;15;9961;22;;;9972;14;9975;15;;;9967.5;0.0
yf_ADM_d4;2000;INTARIAN_PEPPER_ROOT;12940;21;12938;25;;;12956;21;12960;17;;;12948.0;0.0
yf_ADM_d4;2100;ASH_COATED_OSMIUM;9964;23;9962;18;;;9970;14;9972;8;;;9967.0;0.0
yf_ADM_d4;2100;INTARIAN_PEPPER_ROOT;12943;16;12939;18;;;12949;15;12953;17;;;12946.0;0.0
yf_ADM_d4;2200;ASH_COATED_OSMIUM;9964;19;9962;18;;;9970;17;9973;10;;;9967.0;0.0
yf_ADM_d4;2200;INTARIAN_PEPPER_ROOT;12935;15;12932;18;;;12950;20;12953;22;;;12942.5;0.0
yf_ADM_d4;2300;ASH_COATED_OSMIUM;9963;19;9960;18;;;9969;14;9973;21;;;9966.0;0.0
yf_ADM_d4;2300;INTARIAN_PEPPER_ROOT;12936;24;12933;9;;;12946;8;12949;11;;;12941.0;0.0
yf_ADM_d4;2400;ASH_COATED_OSMIUM;9964;13;9961;23;;;9970;13;9973;29;;;9967.0;0.0
yf_ADM_d4;2400;INTARIAN_PEPPER_ROOT;12935;14;12931;35;;;12941;18;12944;30;;;12938.0;0.0
yf_ADM_d4;2500;ASH_COATED_OSMIUM;9956;17;9952;18;;;9977;14;9979;23;;;9966.5;0.0
yf_ADM_d4;2500;INTARIAN_PEPPER_ROOT;12932;15;12928;24;;;12938;17;12942;22;;;12935.0;0.0
yf_ADM_d4;2600;ASH_COATED_OSMIUM;9964;10;9962;16;;;9970;18;9973;14;;;9967.0;0.0
yf_ADM_d4;2600;INTARIAN_PEPPER_ROOT;12929;12;12927;21;;;12935;5;12937;15;;;12932.0;0.0
yf_ADM_d4;2700;ASH_COATED_OSMIUM;9954;17;9950;23;;;9979;20;9981;21;;;9966.5;0.0
yf_ADM_d4;2700;INTARIAN_PEPPER_ROOT;12927;18;12925;18;;;12933;17;12936;18;;;12930.0;0.0
yf_ADM_d4;2800;ASH_COATED_OSMIUM;9963;5;9959;20;;;9969;17;9973;16;;;9966.0;0.0
yf_ADM_d4;2800;INTARIAN_PEPPER_ROOT;12923;13;12919;21;;;12931;16;12935;20;;;12927.0;0.0
yf_ADM_d4;2900;ASH_COATED_OSMIUM;9959;8;9955;17;;;9973;17;9975;25;;;9966.0;0.0
yf_ADM_d4;2900;INTARIAN_PEPPER_ROOT;12922;11;12918;22;;;12928;8;12930;13;;;12925.0;0.0
yf_ADM_d4;3000;ASH_COATED_OSMIUM;9963;19;9961;20;;;9969;14;9972;27;;;9966.0;0.0
yf_ADM_d4;3000;INTARIAN_PEPPER_ROOT;12914;10;12912;11;;;12932;13;12936;17;;;12923.0;0.0
yf_ADM_d4;3100;ASH_COATED_OSMIUM;9956;12;9953;13;;;9975;14;9979;11;;;9965.5;0.0
yf_ADM_d4;3100;INTARIAN_PEPPER_ROOT;12916;7;12914;21;;;12922;17;12925;30;;;12919.0;0.0
yf_ADM_d4;3200;ASH_COATED_OSMIUM;9962;17;9960;23;;;9970;16;9973;19;;;9966.0;0.0
yf_ADM_d4;3200;INTARIAN_PEPPER_ROOT;12914;6;12910;18;;;12921;20;12923;17;;;12917.5;0.0
yf_ADM_d4;3300;ASH_COATED_OSMIUM;9959;16;9955;20;;;9972;14;9974;22;;;9965.5;0.0
yf_ADM_d4;3300;INTARIAN_PEPPER_ROOT;12912;22;12908;25;;;12918;13;12922;15;;;12915.0;0.0
yf_ADM_d4;3400;ASH_COATED_OSMIUM;9962;13;9960;25;;;9968;18;9972;24;;;9965.0;0.0
yf_ADM_d4;3400;INTARIAN_PEPPER_ROOT;12906;17;12904;15;;;12918;13;12921;14;;;12912.0;0.0
yf_ADM_d4;3500;ASH_COATED_OSMIUM;9962;11;9960;25;;;9968;15;9970;21;;;9965.0;0.0
yf_ADM_d4;3500;INTARIAN_PEPPER_ROOT;12907;10;12903;19;;;12913;15;12916;24;;;12910.0;0.0
yf_ADM_d4;3600;ASH_COATED_OSMIUM;9962;13;9958;17;;;9968;10;9972;20;;;9965.0;0.0
yf_ADM_d4;3600;INTARIAN_PEPPER_ROOT;12904;14;12900;16;;;12910;25;12913;16;;;12907.0;0.0
yf_ADM_d4;3700;ASH_COATED_OSMIUM;9962;19;9958;18;;;9968;15;9972;24;;;9965.0;0.0
yf_ADM_d4;3700;INTARIAN_PEPPER_ROOT;12901;15;12899;17;;;12907;11;12911;20;;;12904.0;0.0
yf_ADM_d4;3800;ASH_COATED_OSMIUM;9962;22;9959;17;;;9968;21;9970;17;;;9965.0;0.0
yf_ADM_d4;3800;INTARIAN_PEPPER_ROOT;12897;19;12894;21;;;12907;6;12909;20;;;12902.0;0.0
yf_ADM_d4;3900;ASH_COATED_OSMIUM;9960;16;9957;9;;;9968;15;9971;21;;;9964.0;0.0
yf_ADM_d4;3900;INTARIAN_PEPPER_ROOT;12897;11;12894;12;;;12903;15;12905;19;;;12900.0;0.0
yf_ADM_d4;4000;ASH_COATED_OSMIUM;9962;11;9959;9;;;9968;11;9971;13;;;9965.0;0.0
yf_ADM_d4;4000;INTARIAN_PEPPER_ROOT;12892;26;12890;23;;;12900;12;12903;15;;;12896.0;0.0
yf_ADM_d4;4100;ASH_COATED_OSMIUM;9960;20;9958;10;;;9968;13;9971;17;;;9964.0;0.0
yf_ADM_d4;4100;INTARIAN_PEPPER_ROOT;12887;13;12885;24;;;12901;17;12904;19;;;12894.0;0.0
yf_ADM_d4;4200;ASH_COATED_OSMIUM;9961;15;9958;20;;;9967;14;9971;20;;;9964.0;0.0
yf_ADM_d4;4200;INTARIAN_PEPPER_ROOT;12888;8;12884;19;;;12894;19;12898;18;;;12891.0;0.0
yf_ADM_d4;4300;ASH_COATED_OSMIUM;9961;20;9957;26;;;9967;13;9969;20;;;9964.0;0.0
yf_ADM_d4;4300;INTARIAN_PEPPER_ROOT;12881;15;12879;22;;;12896;20;12898;14;;;12888.5;0.0
yf_ADM_d4;4400;ASH_COATED_OSMIUM;9958;13;9954;17;;;9968;10;9970;18;;;9963.0;0.0
yf_ADM_d4;4400;INTARIAN_PEPPER_ROOT;12865;8;12862;26;;;12908;10;12910;16;;;12886.5;0.0
yf_ADM_d4;4500;ASH_COATED_OSMIUM;9961;14;9959;22;;;9967;16;9971;15;;;9964.0;0.0
yf_ADM_d4;4500;INTARIAN_PEPPER_ROOT;12874;16;12872;19;;;12894;18;12898;16;;;12884.0;0.0
yf_ADM_d4;4600;ASH_COATED_OSMIUM;9961;12;9958;16;;;9967;14;9970;30;;;9964.0;0.0
yf_ADM_d4;4600;INTARIAN_PEPPER_ROOT;12877;13;12875;15;;;12885;19;12888;8;;;12881.0;0.0
yf_ADM_d4;4700;ASH_COATED_OSMIUM;9959;11;9956;20;;;9967;20;9969;24;;;9963.0;0.0
yf_ADM_d4;4700;INTARIAN_PEPPER_ROOT;12870;13;12867;20;;;12887;21;12891;18;;;12878.5;0.0
yf_ADM_d4;4800;ASH_COATED_OSMIUM;9960;13;9958;29;;;9967;19;9969;19;;;9963.5;0.0
yf_ADM_d4;4800;INTARIAN_PEPPER_ROOT;12873;6;12869;16;;;12879;14;12881;14;;;12876.0;0.0
yf_ADM_d4;4900;ASH_COATED_OSMIUM;9956;8;9953;20;;;9969;10;9971;19;;;9962.5;0.0
yf_ADM_d4;4900;INTARIAN_PEPPER_ROOT;12870;23;12868;18;;;12876;16;12878;19;;;12873.0;0.0
yf_ADM_d4;5000;ASH_COATED_OSMIUM;9953;12;9949;20;;;9971;19;9973;21;;;9962.0;0.0
yf_ADM_d4;5000;INTARIAN_PEPPER_ROOT;12863;9;12860;22;;;12878;20;12881;23;;;12870.5;0.0
yf_ADM_d4;5100;ASH_COATED_OSMIUM;9958;12;9954;26;;;9966;15;9968;17;;;9962.0;0.0
yf_ADM_d4;5100;INTARIAN_PEPPER_ROOT;12864;15;12861;14;;;12872;16;12874;14;;;12868.0;0.0
yf_ADM_d4;5200;ASH_COATED_OSMIUM;9957;9;9955;18;;;9968;7;9972;18;;;9962.5;0.0
yf_ADM_d4;5200;INTARIAN_PEPPER_ROOT;12860;19;12858;26;;;12871;15;12874;23;;;12865.5;0.0
yf_ADM_d4;5300;ASH_COATED_OSMIUM;9958;12;9955;21;;;9964;18;9968;27;;;9961.0;0.0
yf_ADM_d4;5300;INTARIAN_PEPPER_ROOT;12860;13;12857;30;;;12866;20;12868;25;;;12863.0;0.0
yf_ADM_d4;5400;ASH_COATED_OSMIUM;9959;22;9955;17;;;9965;17;9969;19;;;9962.0;0.0
yf_ADM_d4;5400;INTARIAN_PEPPER_ROOT;12845;5;12842;20;;;12876;6;12880;27;;;12860.5;0.0
yf_ADM_d4;5500;ASH_COATED_OSMIUM;9957;21;9955;19;;;9966;17;9970;20;;;9961.5;0.0
yf_ADM_d4;5500;INTARIAN_PEPPER_ROOT;12849;17;12845;18;;;12868;18;12872;16;;;12858.5;0.0
yf_ADM_d4;5600;ASH_COATED_OSMIUM;9959;20;9955;22;;;9965;12;9969;12;;;9962.0;0.0
yf_ADM_d4;5600;INTARIAN_PEPPER_ROOT;12852;23;12849;15;;;12858;5;12861;15;;;12855.0;0.0
yf_ADM_d4;5700;ASH_COATED_OSMIUM;9959;15;9956;20;;;9965;18;9967;12;;;9962.0;0.0
yf_ADM_d4;5700;INTARIAN_PEPPER_ROOT;12850;24;12847;30;;;12856;11;12860;30;;;12853.0;0.0
yf_ADM_d4;5800;ASH_COATED_OSMIUM;9958;19;9955;26;;;9964;14;9966;29;;;9961.0;0.0
yf_ADM_d4;5800;INTARIAN_PEPPER_ROOT;12844;5;12840;16;;;12857;18;12859;17;;;12850.5;0.0
yf_ADM_d4;5900;ASH_COATED_OSMIUM;9956;17;9953;24;;;9965;18;9968;15;;;9960.5;0.0
yf_ADM_d4;5900;INTARIAN_PEPPER_ROOT;12845;13;12841;23;;;12851;9;12854;16;;;12848.0;0.0
yf_ADM_d4;6000;ASH_COATED_OSMIUM;9958;6;9955;25;;;9964;21;9968;25;;;9961.0;0.0
yf_ADM_d4;6000;INTARIAN_PEPPER_ROOT;12842;5;12839;16;;;12848;17;12852;19;;;12845.0;0.0
yf_ADM_d4;6100;ASH_COATED_OSMIUM;9954;12;9951;15;;;9967;11;9971;20;;;9960.5;0.0
yf_ADM_d4;6100;INTARIAN_PEPPER_ROOT;12839;21;12835;33;;;12845;18;12848;20;;;12842.0;0.0
yf_ADM_d4;6200;ASH_COATED_OSMIUM;9952;12;9949;15;;;9968;14;9972;19;;;9960.0;0.0
yf_ADM_d4;6200;INTARIAN_PEPPER_ROOT;12836;12;12834;15;;;12844;23;12848;15;;;12840.0;0.0
yf_ADM_d4;6300;ASH_COATED_OSMIUM;9958;21;9955;21;;;9964;22;9966;20;;;9961.0;0.0
yf_ADM_d4;6300;INTARIAN_PEPPER_ROOT;12835;22;12832;16;;;12841;16;12844;19;;;12838.0;0.0
yf_ADM_d4;6400;ASH_COATED_OSMIUM;9958;8;9955;17;;;9964;5;9966;20;;;9961.0;0.0
yf_ADM_d4;6400;INTARIAN_PEPPER_ROOT;12832;18;12828;28;;;12838;16;12841;10;;;12835.0;0.0
yf_ADM_d4;6500;ASH_COATED_OSMIUM;9951;15;9948;21;;;9970;11;9973;15;;;9960.5;0.0
yf_ADM_d4;6500;INTARIAN_PEPPER_ROOT;12821;12;12819;14;;;12844;14;12847;14;;;12832.5;0.0
yf_ADM_d4;6600;ASH_COATED_OSMIUM;9957;8;9953;20;;;9963;13;9966;17;;;9960.0;0.0
yf_ADM_d4;6600;INTARIAN_PEPPER_ROOT;12827;23;12825;22;;;12833;13;12837;18;;;12830.0;0.0
yf_ADM_d4;6700;ASH_COATED_OSMIUM;9957;15;9954;16;;;9963;10;9965;14;;;9960.0;0.0
yf_ADM_d4;6700;INTARIAN_PEPPER_ROOT;12824;13;12821;18;;;12830;22;12832;24;;;12827.0;0.0
yf_ADM_d4;6800;ASH_COATED_OSMIUM;9957;29;9955;19;;;9963;12;9967;21;;;9960.0;0.0
yf_ADM_d4;6800;INTARIAN_PEPPER_ROOT;12819;13;12817;18;;;12829;5;12832;24;;;12824.0;0.0
yf_ADM_d4;6900;ASH_COATED_OSMIUM;9957;10;9953;19;;;9963;23;9965;16;;;9960.0;0.0
yf_ADM_d4;6900;INTARIAN_PEPPER_ROOT;12819;14;12815;23;;;12825;14;12828;23;;;12822.0;0.0
yf_ADM_d4;7000;ASH_COATED_OSMIUM;9957;13;9953;15;;;9963;12;9965;20;;;9960.0;0.0
yf_ADM_d4;7000;INTARIAN_PEPPER_ROOT;12809;8;12806;20;;;12830;22;12834;14;;;12819.5;0.0
yf_ADM_d4;7100;ASH_COATED_OSMIUM;9956;17;9953;16;;;9962;12;9964;17;;;9959.0;0.0
yf_ADM_d4;7100;INTARIAN_PEPPER_ROOT;12813;19;12811;17;;;12821;14;12825;22;;;12817.0;0.0
yf_ADM_d4;7200;ASH_COATED_OSMIUM;9956;9;9952;28;;;9962;24;9965;15;;;9959.0;0.0
yf_ADM_d4;7200;INTARIAN_PEPPER_ROOT;12809;16;12807;19;;;12820;23;12822;24;;;12814.5;0.0
yf_ADM_d4;7300;ASH_COATED_OSMIUM;9956;10;9954;23;;;9962;15;9964;8;;;9959.0;0.0
yf_ADM_d4;7300;INTARIAN_PEPPER_ROOT;12800;19;12796;11;;;12824;22;12827;17;;;12812.0;0.0
yf_ADM_d4;7400;ASH_COATED_OSMIUM;9955;5;9953;19;;;9961;10;9963;14;;;9958.0;0.0
yf_ADM_d4;7400;INTARIAN_PEPPER_ROOT;12806;21;12802;17;;;12812;10;12815;22;;;12809.0;0.0
yf_ADM_d4;7500;ASH_COATED_OSMIUM;9956;20;9954;21;;;9962;11;9965;27;;;9959.0;0.0
yf_ADM_d4;7500;INTARIAN_PEPPER_ROOT;12790;18;12786;21;;;12822;13;12825;26;;;12806.0;0.0
yf_ADM_d4;7600;ASH_COATED_OSMIUM;9936;8;9933;25;;;9982;16;9986;12;;;9959.0;0.0
yf_ADM_d4;7600;INTARIAN_PEPPER_ROOT;12801;8;12799;17;;;12807;20;12810;16;;;12804.0;0.0
yf_ADM_d4;7700;ASH_COATED_OSMIUM;9955;10;9951;26;;;9961;16;9963;22;;;9958.0;0.0
yf_ADM_d4;7700;INTARIAN_PEPPER_ROOT;12798;16;12796;21;;;12804;8;12808;16;;;12801.0;0.0
yf_ADM_d4;7800;ASH_COATED_OSMIUM;9956;30;9953;8;;;9962;11;9964;27;;;9959.0;0.0
yf_ADM_d4;7800;INTARIAN_PEPPER_ROOT;12796;24;12794;22;;;12802;24;12806;25;;;12799.0;0.0
yf_ADM_d4;7900;ASH_COATED_OSMIUM;9953;9;9951;12;;;9962;5;9966;22;;;9957.5;0.0
yf_ADM_d4;7900;INTARIAN_PEPPER_ROOT;12794;5;12792;18;;;12800;6;12803;25;;;12797.0;0.0
yf_ADM_d4;8000;ASH_COATED_OSMIUM;9955;14;9953;20;;;9961;20;9965;22;;;9958.0;0.0
yf_ADM_d4;8000;INTARIAN_PEPPER_ROOT;12789;20;12786;14;;;12798;15;12801;25;;;12793.5;0.0
yf_ADM_d4;8100;ASH_COATED_OSMIUM;9955;12;9952;22;;;9961;10;9965;23;;;9958.0;0.0
yf_ADM_d4;8100;INTARIAN_PEPPER_ROOT;12787;20;12785;13;;;12794;15;12797;11;;;12790.5;0.0
yf_ADM_d4;8200;ASH_COATED_OSMIUM;9954;14;9952;23;;;9960;5;9964;12;;;9957.0;0.0
yf_ADM_d4;8200;INTARIAN_PEPPER_ROOT;12785;18;12783;18;;;12791;13;12793;18;;;12788.0;0.0
yf_ADM_d4;8300;ASH_COATED_OSMIUM;9954;17;9950;31;;;9960;9;9963;17;;;9957.0;0.0
yf_ADM_d4;8300;INTARIAN_PEPPER_ROOT;12777;6;12775;22;;;12796;11;12798;12;;;12786.5;0.0
yf_ADM_d4;8400;ASH_COATED_OSMIUM;9954;16;9951;23;;;9960;10;9964;19;;;9957.0;0.0
yf_ADM_d4;8400;INTARIAN_PEPPER_ROOT;12772;16;12768;29;;;12794;13;12796;23;;;12783.0;0.0
yf_ADM_d4;8500;ASH_COATED_OSMIUM;9953;7;9949;8;;;9961;9;9964;14;;;9957.0;0.0
yf_ADM_d4;8500;INTARIAN_PEPPER_ROOT;12779;18;12776;24;;;12785;14;12787;21;;;12782.0;0.0
yf_ADM_d4;8600;ASH_COATED_OSMIUM;9954;12;9951;15;;;9960;10;9964;28;;;9957.0;0.0
yf_ADM_d4;8600;INTARIAN_PEPPER_ROOT;12775;18;12772;14;;;12781;7;12784;17;;;12778.0;0.0
yf_ADM_d4;8700;ASH_COATED_OSMIUM;9953;10;9951;19;;;9959;11;9962;20;;;9956.0;0.0
yf_ADM_d4;8700;INTARIAN_PEPPER_ROOT;12770;22;12768;16;;;12783;12;12786;20;;;12776.5;0.0
yf_ADM_d4;8800;ASH_COATED_OSMIUM;9954;10;9951;16;;;9960;6;9962;24;;;9957.0;0.0
yf_ADM_d4;8800;INTARIAN_PEPPER_ROOT;12770;17;12767;10;;;12776;14;12779;26;;;12773.0;0.0
yf_ADM_d4;8900;ASH_COATED_OSMIUM;9954;19;9951;29;;;9960;25;9962;25;;;9957.0;0.0
yf_ADM_d4;8900;INTARIAN_PEPPER_ROOT;12767;5;12763;17;;;12773;13;12775;23;;;12770.0;0.0
yf_ADM_d4;9000;ASH_COATED_OSMIUM;9953;18;9950;20;;;9959;17;9961;27;;;9956.0;0.0
yf_ADM_d4;9000;INTARIAN_PEPPER_ROOT;12757;24;12755;12;;;12780;19;12783;22;;;12768.5;0.0
yf_ADM_d4;9100;ASH_COATED_OSMIUM;9953;16;9949;14;;;9961;8;9963;16;;;9957.0;0.0
yf_ADM_d4;9100;INTARIAN_PEPPER_ROOT;12760;13;12756;15;;;12771;14;12774;26;;;12765.5;0.0
yf_ADM_d4;9200;ASH_COATED_OSMIUM;9951;10;9949;19;;;9961;12;9965;22;;;9956.0;0.0
yf_ADM_d4;9200;INTARIAN_PEPPER_ROOT;12759;10;12755;21;;;12765;9;12768;18;;;12762.0;0.0
yf_ADM_d4;9300;ASH_COATED_OSMIUM;9947;13;9943;19;;;9965;5;9967;25;;;9956.0;0.0
yf_ADM_d4;9300;INTARIAN_PEPPER_ROOT;12757;18;12755;20;;;12763;8;12766;29;;;12760.0;0.0
yf_ADM_d4;9400;ASH_COATED_OSMIUM;9951;16;9947;21;;;9961;6;9964;21;;;9956.0;0.0
yf_ADM_d4;9400;INTARIAN_PEPPER_ROOT;12755;19;12752;14;;;12761;11;12763;20;;;12758.0;0.0
yf_ADM_d4;9500;ASH_COATED_OSMIUM;9952;13;9948;28;;;9958;16;9961;17;;;9955.0;0.0
yf_ADM_d4;9500;INTARIAN_PEPPER_ROOT;12748;13;12746;22;;;12763;13;12766;27;;;12755.5;0.0
yf_ADM_d4;9600;ASH_COATED_OSMIUM;9952;18;9949;22;;;9958;11;9961;17;;;9955.0;0.0
yf_ADM_d4;9600;INTARIAN_PEPPER_ROOT;12750;20;12747;17;;;12756;18;12758;26;;;12753.0;0.0
yf_ADM_d4;9700;ASH_COATED_OSMIUM;9950;5;9947;9;;;9959;17;9961;19;;;9954.5;0.0
yf_ADM_d4;9700;INTARIAN_PEPPER_ROOT;12747;15;12743;19;;;12753;5;12756;13;;;12750.0;0.0
yf_ADM_d4;9800;ASH_COATED_OSMIUM;9952;13;9949;22;;;9958;5;9962;22;;;9955.0;0.0
yf_ADM_d4;9800;INTARIAN_PEPPER_ROOT;12744;12;12741;25;;;12750;5;12753;23;;;12747.0;0.0
yf_ADM_d4;9900;ASH_COATED_OSMIUM;9949;17;9946;13;;;9960;17;9963;23;;;9954.5;0.0
yf_ADM_d4;9900;INTARIAN_PEPPER_ROOT;12742;12;12739;19;;;12748;18;12750;17;;;12745.0;0.0
yf_ADM_d4;10000;ASH_COATED_OSMIUM;9952;12;9949;25;;;9958;13;9960;23;;;9955.0;0.0
yf_ADM_d4;10000;INTARIAN_PEPPER_ROOT;12736;16;12734;26;;;12747;18;12751;21;;;12741.5;0.0
yf_ADM_d4;10100;ASH_COATED_OSMIUM;9951;13;9947;18;;;9957;15;9960;23;;;9954.0;0.0
yf_ADM_d4;10100;INTARIAN_PEPPER_ROOT;12737;22;12733;20;;;12743;11;12747;21;;;12740.0;0.0
yf_ADM_d4;10200;ASH_COATED_OSMIUM;9945;9;9943;21;;;9964;22;9968;25;;;9954.5;0.0
yf_ADM_d4;10200;INTARIAN_PEPPER_ROOT;12731;7;12728;18;;;12742;8;12745;23;;;12736.5;0.0
yf_ADM_d4;10300;ASH_COATED_OSMIUM;9951;8;9948;22;;;9957;16;9959;14;;;9954.0;0.0
yf_ADM_d4;10300;INTARIAN_PEPPER_ROOT;12726;21;12722;16;;;12742;6;12745;19;;;12734.0;0.0
yf_ADM_d4;10400;ASH_COATED_OSMIUM;9951;22;9947;16;;;9957;15;9959;16;;;9954.0;0.0
yf_ADM_d4;10400;INTARIAN_PEPPER_ROOT;12729;13;12726;25;;;12735;24;12737;23;;;12732.0;0.0
yf_ADM_d4;10500;ASH_COATED_OSMIUM;9951;17;9947;18;;;9957;13;9959;18;;;9954.0;0.0
yf_ADM_d4;10500;INTARIAN_PEPPER_ROOT;12724;15;12720;17;;;12733;13;12736;27;;;12728.5;0.0
yf_ADM_d4;10600;ASH_COATED_OSMIUM;9950;23;9947;20;;;9957;21;9959;27;;;9953.5;0.0
yf_ADM_d4;10600;INTARIAN_PEPPER_ROOT;12724;14;12720;22;;;12730;19;12734;21;;;12727.0;0.0
yf_ADM_d4;10700;ASH_COATED_OSMIUM;9950;5;9946;20;;;9957;19;9960;23;;;9953.5;0.0
yf_ADM_d4;10700;INTARIAN_PEPPER_ROOT;12720;9;12718;23;;;12728;18;12731;17;;;12724.0;0.0
yf_ADM_d4;10800;ASH_COATED_OSMIUM;9949;14;9946;15;;;9958;10;9962;19;;;9953.5;0.0
yf_ADM_d4;10800;INTARIAN_PEPPER_ROOT;12718;10;12714;28;;;12724;27;12727;26;;;12721.0;0.0
yf_ADM_d4;10900;ASH_COATED_OSMIUM;9950;8;9947;14;;;9956;10;9960;20;;;9953.0;0.0
yf_ADM_d4;10900;INTARIAN_PEPPER_ROOT;12716;5;12714;20;;;12722;13;12725;20;;;12719.0;0.0
yf_ADM_d4;11000;ASH_COATED_OSMIUM;9950;11;9947;21;;;9956;15;9960;32;;;9953.0;0.0
yf_ADM_d4;11000;INTARIAN_PEPPER_ROOT;12714;5;12711;20;;;12720;14;12722;17;;;12717.0;0.0
yf_ADM_d4;11100;ASH_COATED_OSMIUM;9950;22;9946;17;;;9956;19;9959;19;;;9953.0;0.0
yf_ADM_d4;11100;INTARIAN_PEPPER_ROOT;12711;12;12708;9;;;12717;18;12719;14;;;12714.0;0.0
yf_ADM_d4;11200;ASH_COATED_OSMIUM;9949;13;9947;21;;;9957;12;9960;23;;;9953.0;0.0
yf_ADM_d4;11200;INTARIAN_PEPPER_ROOT;12704;16;12700;13;;;12719;21;12723;23;;;12711.5;0.0
yf_ADM_d4;11300;ASH_COATED_OSMIUM;9949;12;9946;21;;;9955;5;9958;13;;;9952.0;0.0
yf_ADM_d4;11300;INTARIAN_PEPPER_ROOT;12706;16;12704;16;;;12712;18;12715;15;;;12709.0;0.0
yf_ADM_d4;11400;ASH_COATED_OSMIUM;9948;15;9944;19;;;9957;17;9960;23;;;9952.5;0.0
yf_ADM_d4;11400;INTARIAN_PEPPER_ROOT;12703;17;12699;24;;;12709;12;12712;27;;;12706.0;0.0
yf_ADM_d4;11500;ASH_COATED_OSMIUM;9949;10;9947;20;;;9955;18;9957;18;;;9952.0;0.0
yf_ADM_d4;11500;INTARIAN_PEPPER_ROOT;12701;20;12697;21;;;12707;23;12711;19;;;12704.0;0.0
yf_ADM_d4;11600;ASH_COATED_OSMIUM;9949;11;9945;17;;;9955;19;9957;26;;;9952.0;0.0
yf_ADM_d4;11600;INTARIAN_PEPPER_ROOT;12698;11;12695;32;;;12704;14;12707;22;;;12701.0;0.0
yf_ADM_d4;11700;ASH_COATED_OSMIUM;9948;11;9945;14;;;9955;14;9959;16;;;9951.5;0.0
yf_ADM_d4;11700;INTARIAN_PEPPER_ROOT;12695;12;12693;15;;;12701;13;12704;17;;;12698.0;0.0
yf_ADM_d4;11800;ASH_COATED_OSMIUM;9949;11;9946;19;;;9955;14;9958;20;;;9952.0;0.0
yf_ADM_d4;11800;INTARIAN_PEPPER_ROOT;12693;20;12689;32;;;12699;13;12703;26;;;12696.0;0.0
yf_ADM_d4;11900;ASH_COATED_OSMIUM;9948;8;9945;17;;;9954;11;9958;20;;;9951.0;0.0
yf_ADM_d4;11900;INTARIAN_PEPPER_ROOT;12691;8;12687;24;;;12697;11;12701;21;;;12694.0;0.0
yf_ADM_d4;12000;ASH_COATED_OSMIUM;9940;19;9937;29;;;9963;26;9967;19;;;9951.5;0.0
yf_ADM_d4;12000;INTARIAN_PEPPER_ROOT;12683;11;12681;18;;;12698;9;12702;25;;;12690.5;0.0
yf_ADM_d4;12100;ASH_COATED_OSMIUM;9937;24;9933;27;;;9966;20;9968;12;;;9951.5;0.0
yf_ADM_d4;12100;INTARIAN_PEPPER_ROOT;12683;14;12681;27;;;12694;19;12697;28;;;12688.5;0.0
yf_ADM_d4;12200;ASH_COATED_OSMIUM;9949;14;9947;17;;;9955;21;9958;23;;;9952.0;0.0
yf_ADM_d4;12200;INTARIAN_PEPPER_ROOT;12682;17;12679;17;;;12688;11;12690;24;;;12685.0;0.0
yf_ADM_d4;12300;ASH_COATED_OSMIUM;9939;13;9937;27;;;9964;20;9968;30;;;9951.5;0.0
yf_ADM_d4;12300;INTARIAN_PEPPER_ROOT;12680;11;12678;13;;;12686;20;12689;25;;;12683.0;0.0
yf_ADM_d4;12400;ASH_COATED_OSMIUM;9948;6;9945;24;;;9954;22;9956;12;;;9951.0;0.0
yf_ADM_d4;12400;INTARIAN_PEPPER_ROOT;12676;9;12672;18;;;12685;21;12688;10;;;12680.5;0.0
yf_ADM_d4;12500;ASH_COATED_OSMIUM;9948;17;9945;22;;;9954;16;9958;14;;;9951.0;0.0
yf_ADM_d4;12500;INTARIAN_PEPPER_ROOT;12675;10;12671;19;;;12681;7;12685;14;;;12678.0;0.0
yf_ADM_d4;12600;ASH_COATED_OSMIUM;9947;16;9945;16;;;9953;19;9957;18;;;9950.0;0.0
yf_ADM_d4;12600;INTARIAN_PEPPER_ROOT;12672;10;12670;15;;;12678;24;12682;17;;;12675.0;0.0
yf_ADM_d4;12700;ASH_COATED_OSMIUM;9948;14;9946;26;;;9954;20;9956;18;;;9951.0;0.0
yf_ADM_d4;12700;INTARIAN_PEPPER_ROOT;12667;16;12664;19;;;12679;5;12683;26;;;12673.0;0.0
yf_ADM_d4;12800;ASH_COATED_OSMIUM;9947;17;9943;17;;;9953;18;9956;13;;;9950.0;0.0
yf_ADM_d4;12800;INTARIAN_PEPPER_ROOT;12667;5;12663;17;;;12675;20;12679;19;;;12671.0;0.0
yf_ADM_d4;12900;ASH_COATED_OSMIUM;9943;14;9939;20;;;9955;16;9958;17;;;9949.0;0.0
yf_ADM_d4;12900;INTARIAN_PEPPER_ROOT;12665;14;12662;21;;;12671;9;12675;14;;;12668.0;0.0
yf_ADM_d4;13000;ASH_COATED_OSMIUM;9943;14;9941;16;;;9957;14;9959;15;;;9950.0;0.0
yf_ADM_d4;13000;INTARIAN_PEPPER_ROOT;12662;7;12660;22;;;12668;19;12670;19;;;12665.0;0.0
yf_ADM_d4;13100;ASH_COATED_OSMIUM;9947;10;9945;20;;;9953;16;9955;23;;;9950.0;0.0
yf_ADM_d4;13100;INTARIAN_PEPPER_ROOT;12657;25;12653;14;;;12669;13;12673;20;;;12663.0;0.0
yf_ADM_d4;13200;ASH_COATED_OSMIUM;9947;18;9944;23;;;9953;10;9955;21;;;9950.0;0.0
yf_ADM_d4;13200;INTARIAN_PEPPER_ROOT;12657;11;12654;28;;;12663;12;12666;16;;;12660.0;0.0
yf_ADM_d4;13300;ASH_COATED_OSMIUM;9939;18;9936;28;;;9961;25;9965;25;;;9950.0;0.0
yf_ADM_d4;13300;INTARIAN_PEPPER_ROOT;12651;15;12648;15;;;12664;18;12668;16;;;12657.5;0.0
yf_ADM_d4;13400;ASH_COATED_OSMIUM;9943;16;9939;17;;;9956;13;9958;12;;;9949.5;0.0
yf_ADM_d4;13400;INTARIAN_PEPPER_ROOT;12652;19;12648;19;;;12658;15;12660;19;;;12655.0;0.0
yf_ADM_d4;13500;ASH_COATED_OSMIUM;9939;15;9935;15;;;9958;15;9962;12;;;9948.5;0.0
yf_ADM_d4;13500;INTARIAN_PEPPER_ROOT;12649;18;12647;26;;;12655;18;12658;23;;;12652.0;0.0
yf_ADM_d4;13600;ASH_COATED_OSMIUM;9946;11;9943;20;;;9952;8;9954;19;;;9949.0;0.0
yf_ADM_d4;13600;INTARIAN_PEPPER_ROOT;12644;12;12640;18;;;12656;8;12658;26;;;12650.0;0.0
yf_ADM_d4;13700;ASH_COATED_OSMIUM;9946;10;9943;22;;;9952;16;9956;22;;;9949.0;0.0
yf_ADM_d4;13700;INTARIAN_PEPPER_ROOT;12644;24;12641;22;;;12650;20;12654;12;;;12647.0;0.0
yf_ADM_d4;13800;ASH_COATED_OSMIUM;9946;12;9944;14;;;9952;14;9954;19;;;9949.0;0.0
yf_ADM_d4;13800;INTARIAN_PEPPER_ROOT;12642;12;12638;24;;;12648;8;12650;20;;;12645.0;0.0
yf_ADM_d4;13900;ASH_COATED_OSMIUM;9946;13;9944;18;;;9952;14;9954;17;;;9949.0;0.0
yf_ADM_d4;13900;INTARIAN_PEPPER_ROOT;12625;25;12623;19;;;12660;16;12663;24;;;12642.5;0.0
yf_ADM_d4;14000;ASH_COATED_OSMIUM;9945;19;9942;23;;;9951;8;9953;21;;;9948.0;0.0
yf_ADM_d4;14000;INTARIAN_PEPPER_ROOT;12636;16;12634;20;;;12642;8;12645;14;;;12639.0;0.0
yf_ADM_d4;14100;ASH_COATED_OSMIUM;9945;20;9942;13;;;9951;13;9953;32;;;9948.0;0.0
yf_ADM_d4;14100;INTARIAN_PEPPER_ROOT;12633;21;12629;22;;;12641;16;12645;18;;;12637.0;0.0
yf_ADM_d4;14200;ASH_COATED_OSMIUM;9942;14;9940;21;;;9955;20;9958;27;;;9948.5;0.0
yf_ADM_d4;14200;INTARIAN_PEPPER_ROOT;12631;18;12628;25;;;12637;12;12639;14;;;12634.0;0.0
yf_ADM_d4;14300;ASH_COATED_OSMIUM;9944;14;9941;22;;;9950;16;9952;12;;;9947.0;0.0
yf_ADM_d4;14300;INTARIAN_PEPPER_ROOT;12628;5;12626;22;;;12634;15;12637;8;;;12631.0;0.0
yf_ADM_d4;14400;ASH_COATED_OSMIUM;9946;14;9942;18;;;9952;19;9956;27;;;9949.0;0.0
yf_ADM_d4;14400;INTARIAN_PEPPER_ROOT;12626;24;12623;20;;;12632;17;12634;14;;;12629.0;0.0
yf_ADM_d4;14500;ASH_COATED_OSMIUM;9945;19;9943;23;;;9951;13;9953;19;;;9948.0;0.0
yf_ADM_d4;14500;INTARIAN_PEPPER_ROOT;12620;12;12616;19;;;12631;14;12634;8;;;12625.5;0.0
yf_ADM_d4;14600;ASH_COATED_OSMIUM;9944;12;9940;18;;;9951;16;9953;16;;;9947.5;0.0
yf_ADM_d4;14600;INTARIAN_PEPPER_ROOT;12613;20;12611;19;;;12634;11;12637;20;;;12623.5;0.0
yf_ADM_d4;14700;ASH_COATED_OSMIUM;9941;15;9937;22;;;9953;14;9955;20;;;9947.0;0.0
yf_ADM_d4;14700;INTARIAN_PEPPER_ROOT;12618;19;12616;14;;;12624;14;12626;21;;;12621.0;0.0
yf_ADM_d4;14800;ASH_COATED_OSMIUM;9937;15;9934;28;;;9957;7;9960;22;;;9947.0;0.0
yf_ADM_d4;14800;INTARIAN_PEPPER_ROOT;12616;24;12612;19;;;12622;18;12626;17;;;12619.0;0.0
yf_ADM_d4;14900;ASH_COATED_OSMIUM;9944;21;9941;26;;;9951;19;9953;35;;;9947.5;0.0
yf_ADM_d4;14900;INTARIAN_PEPPER_ROOT;12593;17;12589;22;;;12638;11;12640;16;;;12615.5;0.0
yf_ADM_d4;15000;ASH_COATED_OSMIUM;9941;5;9938;14;;;9953;15;9956;31;;;9947.0;0.0
yf_ADM_d4;15000;INTARIAN_PEPPER_ROOT;12610;11;12608;16;;;12616;16;12620;22;;;12613.0;0.0
yf_ADM_d4;15100;ASH_COATED_OSMIUM;9937;7;9935;24;;;9957;5;9961;25;;;9947.0;0.0
yf_ADM_d4;15100;INTARIAN_PEPPER_ROOT;12607;16;12605;22;;;12615;19;12617;21;;;12611.0;0.0
yf_ADM_d4;15200;ASH_COATED_OSMIUM;9944;14;9941;22;;;9950;13;9952;16;;;9947.0;0.0
yf_ADM_d4;15200;INTARIAN_PEPPER_ROOT;12599;17;12597;21;;;12618;15;12621;18;;;12608.5;0.0
yf_ADM_d4;15300;ASH_COATED_OSMIUM;9944;19;9941;20;;;9950;13;9954;28;;;9947.0;0.0
yf_ADM_d4;15300;INTARIAN_PEPPER_ROOT;12599;23;12597;24;;;12613;19;12616;20;;;12606.0;0.0
yf_ADM_d4;15400;ASH_COATED_OSMIUM;9943;12;9939;13;;;9949;5;9953;24;;;9946.0;0.0
yf_ADM_d4;15400;INTARIAN_PEPPER_ROOT;12600;23;12598;23;;;12606;9;12610;21;;;12603.0;0.0
yf_ADM_d4;15500;ASH_COATED_OSMIUM;9943;18;9941;20;;;9949;22;9953;21;;;9946.0;0.0
yf_ADM_d4;15500;INTARIAN_PEPPER_ROOT;12597;12;12593;20;;;12606;21;12608;18;;;12601.5;0.0
yf_ADM_d4;15600;ASH_COATED_OSMIUM;9943;9;9939;22;;;9949;9;9953;25;;;9946.0;0.0
yf_ADM_d4;15600;INTARIAN_PEPPER_ROOT;12595;14;12591;22;;;12602;15;12604;25;;;12598.5;0.0
yf_ADM_d4;15700;ASH_COATED_OSMIUM;9940;14;9938;16;;;9951;16;9955;21;;;9945.5;0.0
yf_ADM_d4;15700;INTARIAN_PEPPER_ROOT;12593;21;12589;17;;;12599;20;12603;17;;;12596.0;0.0
yf_ADM_d4;15800;ASH_COATED_OSMIUM;9941;13;9938;17;;;9950;21;9952;15;;;9945.5;0.0
yf_ADM_d4;15800;INTARIAN_PEPPER_ROOT;12590;12;12586;23;;;12597;17;12600;20;;;12593.5;0.0
yf_ADM_d4;15900;ASH_COATED_OSMIUM;9942;12;9940;31;;;9948;18;9951;21;;;9945.0;0.0
yf_ADM_d4;15900;INTARIAN_PEPPER_ROOT;12588;14;12584;17;;;12594;16;12598;21;;;12591.0;0.0
yf_ADM_d4;16000;ASH_COATED_OSMIUM;9942;11;9940;24;;;9948;8;9951;19;;;9945.0;0.0
yf_ADM_d4;16000;INTARIAN_PEPPER_ROOT;12585;16;12583;9;;;12591;22;12594;30;;;12588.0;0.0
yf_ADM_d4;16100;ASH_COATED_OSMIUM;9942;10;9938;19;;;9948;20;9952;9;;;9945.0;0.0
yf_ADM_d4;16100;INTARIAN_PEPPER_ROOT;12582;14;12579;22;;;12589;19;12591;30;;;12585.5;0.0
yf_ADM_d4;16200;ASH_COATED_OSMIUM;9942;15;9938;14;;;9948;10;9951;18;;;9945.0;0.0
yf_ADM_d4;16200;INTARIAN_PEPPER_ROOT;12579;21;12575;23;;;12585;14;12589;17;;;12582.0;0.0
yf_ADM_d4;16300;ASH_COATED_OSMIUM;9941;5;9939;21;;;9947;19;9950;31;;;9944.0;0.0
yf_ADM_d4;16300;INTARIAN_PEPPER_ROOT;12566;11;12563;20;;;12594;6;12598;17;;;12580.0;0.0
yf_ADM_d4;16400;ASH_COATED_OSMIUM;9940;5;9937;21;;;9949;21;9952;15;;;9944.5;0.0
yf_ADM_d4;16400;INTARIAN_PEPPER_ROOT;12575;23;12573;21;;;12581;16;12584;15;;;12578.0;0.0
yf_ADM_d4;16500;ASH_COATED_OSMIUM;9942;20;9939;26;;;9948;10;9950;26;;;9945.0;0.0
yf_ADM_d4;16500;INTARIAN_PEPPER_ROOT;12572;16;12569;17;;;12578;17;12580;15;;;12575.0;0.0
yf_ADM_d4;16600;ASH_COATED_OSMIUM;9933;13;9929;23;;;9956;13;9959;20;;;9944.5;0.0
yf_ADM_d4;16600;INTARIAN_PEPPER_ROOT;12570;15;12566;21;;;12576;15;12578;24;;;12573.0;0.0
yf_ADM_d4;16700;ASH_COATED_OSMIUM;9938;12;9934;18;;;9949;15;9953;21;;;9943.5;0.0
yf_ADM_d4;16700;INTARIAN_PEPPER_ROOT;12567;21;12563;24;;;12573;12;12576;23;;;12570.0;0.0
yf_ADM_d4;16800;ASH_COATED_OSMIUM;9935;20;9933;26;;;9953;17;9956;13;;;9944.0;0.0
yf_ADM_d4;16800;INTARIAN_PEPPER_ROOT;12564;16;12560;21;;;12570;24;12573;15;;;12567.0;0.0
yf_ADM_d4;16900;ASH_COATED_OSMIUM;9941;20;9937;21;;;9947;15;9951;13;;;9944.0;0.0
yf_ADM_d4;16900;INTARIAN_PEPPER_ROOT;12562;7;12558;23;;;12568;7;12572;17;;;12565.0;0.0
yf_ADM_d4;17000;ASH_COATED_OSMIUM;9939;16;9936;13;;;9949;15;9952;14;;;9944.0;0.0
yf_ADM_d4;17000;INTARIAN_PEPPER_ROOT;12561;11;12559;16;;;12567;16;12570;18;;;12564.0;0.0
yf_ADM_d4;17100;ASH_COATED_OSMIUM;9941;12;9938;11;;;9947;19;9949;16;;;9944.0;0.0
yf_ADM_d4;17100;INTARIAN_PEPPER_ROOT;12559;21;12557;27;;;12565;18;12568;29;;;12562.0;0.0
yf_ADM_d4;17200;ASH_COATED_OSMIUM;9940;21;9938;21;;;9946;24;9948;18;;;9943.0;0.0
yf_ADM_d4;17200;INTARIAN_PEPPER_ROOT;12550;17;12547;27;;;12571;11;12575;21;;;12560.5;0.0
yf_ADM_d4;17300;ASH_COATED_OSMIUM;9937;18;9934;22;;;9950;22;9953;16;;;9943.5;0.0
yf_ADM_d4;17300;INTARIAN_PEPPER_ROOT;12557;11;12555;25;;;12563;23;12565;18;;;12560.0;0.0
yf_ADM_d4;17400;ASH_COATED_OSMIUM;9941;11;9937;23;;;9947;15;9949;23;;;9944.0;0.0
yf_ADM_d4;17400;INTARIAN_PEPPER_ROOT;12554;25;12550;16;;;12562;21;12566;27;;;12558.0;0.0
yf_ADM_d4;17500;ASH_COATED_OSMIUM;9941;16;9938;24;;;9947;20;9951;13;;;9944.0;0.0
yf_ADM_d4;17500;INTARIAN_PEPPER_ROOT;12555;10;12552;24;;;12561;13;12565;24;;;12558.0;0.0
yf_ADM_d4;17600;ASH_COATED_OSMIUM;9940;22;9938;29;;;9946;19;9949;17;;;9943.0;0.0
yf_ADM_d4;17600;INTARIAN_PEPPER_ROOT;12548;10;12545;25;;;12564;15;12567;15;;;12556.0;0.0
yf_ADM_d4;17700;ASH_COATED_OSMIUM;9940;16;9936;21;;;9946;5;9949;32;;;9943.0;0.0
yf_ADM_d4;17700;INTARIAN_PEPPER_ROOT;12551;5;12548;23;;;12558;19;12561;26;;;12554.5;0.0
yf_ADM_d4;17800;ASH_COATED_OSMIUM;9939;22;9936;14;;;9947;27;9950;18;;;9943.0;0.0
yf_ADM_d4;17800;INTARIAN_PEPPER_ROOT;12551;15;12547;26;;;12557;10;12560;11;;;12554.0;0.0
yf_ADM_d4;17900;ASH_COATED_OSMIUM;9940;11;9937;12;;;9946;10;9950;26;;;9943.0;0.0
yf_ADM_d4;17900;INTARIAN_PEPPER_ROOT;12549;21;12547;22;;;12555;15;12559;21;;;12552.0;0.0
yf_ADM_d4;18000;ASH_COATED_OSMIUM;9940;15;9936;20;;;9946;14;9948;22;;;9943.0;0.0
yf_ADM_d4;18000;INTARIAN_PEPPER_ROOT;12548;20;12545;31;;;12554;12;12556;13;;;12551.0;0.0
yf_ADM_d4;18100;ASH_COATED_OSMIUM;9937;8;9934;21;;;9949;12;9951;26;;;9943.0;0.0
yf_ADM_d4;18100;INTARIAN_PEPPER_ROOT;12547;16;12543;22;;;12553;14;12556;21;;;12550.0;0.0
yf_ADM_d4;18200;ASH_COATED_OSMIUM;9940;11;9936;19;;;9946;16;9949;23;;;9943.0;0.0
yf_ADM_d4;18200;INTARIAN_PEPPER_ROOT;12546;10;12544;14;;;12552;24;12555;17;;;12549.0;0.0
yf_ADM_d4;18300;ASH_COATED_OSMIUM;9940;18;9936;23;;;9946;20;9949;23;;;9943.0;0.0
yf_ADM_d4;18300;INTARIAN_PEPPER_ROOT;12545;10;12543;24;;;12551;23;12554;26;;;12548.0;0.0
yf_ADM_d4;18400;ASH_COATED_OSMIUM;9940;25;9936;19;;;9946;9;9949;13;;;9943.0;0.0
yf_ADM_d4;18400;INTARIAN_PEPPER_ROOT;12535;11;12533;20;;;12560;11;12562;20;;;12547.5;0.0
yf_ADM_d4;18500;ASH_COATED_OSMIUM;9940;5;9936;8;;;9946;9;9950;12;;;9943.0;0.0
yf_ADM_d4;18500;INTARIAN_PEPPER_ROOT;12539;9;12536;27;;;12553;13;12555;30;;;12546.0;0.0
yf_ADM_d4;18600;ASH_COATED_OSMIUM;9940;6;9936;21;;;9946;14;9950;32;;;9943.0;0.0
yf_ADM_d4;18600;INTARIAN_PEPPER_ROOT;12542;12;12540;21;;;12548;17;12551;20;;;12545.0;0.0
yf_ADM_d4;18700;ASH_COATED_OSMIUM;9934;14;9931;22;;;9953;9;9957;23;;;9943.5;0.0
yf_ADM_d4;18700;INTARIAN_PEPPER_ROOT;12541;16;12537;24;;;12547;16;12550;16;;;12544.0;0.0
yf_ADM_d4;18800;ASH_COATED_OSMIUM;9940;21;9938;32;;;9946;14;9950;26;;;9943.0;0.0
yf_ADM_d4;18800;INTARIAN_PEPPER_ROOT;12538;9;12536;19;;;12547;18;12550;17;;;12542.5;0.0
yf_ADM_d4;18900;ASH_COATED_OSMIUM;9940;21;9938;8;;;9946;17;9948;20;;;9943.0;0.0
yf_ADM_d4;18900;INTARIAN_PEPPER_ROOT;12527;15;12525;26;;;12555;9;12558;27;;;12541.0;0.0
yf_ADM_d4;19000;ASH_COATED_OSMIUM;9938;10;9934;19;;;9947;11;9951;26;;;9942.5;0.0
yf_ADM_d4;19000;INTARIAN_PEPPER_ROOT;12537;22;12533;15;;;12543;6;12546;12;;;12540.0;0.0
yf_ADM_d4;19100;ASH_COATED_OSMIUM;9940;19;9936;20;;;9946;11;9949;15;;;9943.0;0.0
yf_ADM_d4;19100;INTARIAN_PEPPER_ROOT;12536;15;12533;9;;;12542;17;12545;14;;;12539.0;0.0
yf_ADM_d4;19200;ASH_COATED_OSMIUM;9939;17;9937;13;;;9948;7;9951;21;;;9943.5;0.0
yf_ADM_d4;19200;INTARIAN_PEPPER_ROOT;12535;19;12532;17;;;12541;22;12543;28;;;12538.0;0.0
yf_ADM_d4;19300;ASH_COATED_OSMIUM;9939;14;9937;23;;;9945;5;9947;18;;;9942.0;0.0
yf_ADM_d4;19300;INTARIAN_PEPPER_ROOT;12530;7;12528;25;;;12545;8;12547;17;;;12537.5;0.0
yf_ADM_d4;19400;ASH_COATED_OSMIUM;9939;10;9935;10;;;9945;15;9949;27;;;9942.0;0.0
yf_ADM_d4;19400;INTARIAN_PEPPER_ROOT;12531;5;12527;24;;;12540;15;12544;26;;;12535.5;0.0
yf_ADM_d4;19500;ASH_COATED_OSMIUM;9931;12;9928;29;;;9954;17;9956;10;;;9942.5;0.0
yf_ADM_d4;19500;INTARIAN_PEPPER_ROOT;12531;20;12527;27;;;12537;21;12539;18;;;12534.0;0.0
yf_ADM_d4;19600;ASH_COATED_OSMIUM;9939;11;9936;25;;;9947;15;9951;18;;;9943.0;0.0
yf_ADM_d4;19600;INTARIAN_PEPPER_ROOT;12530;9;12527;27;;;12536;16;12539;14;;;12533.0;0.0
yf_ADM_d4;19700;ASH_COATED_OSMIUM;9940;7;9938;17;;;9946;9;9949;14;;;9943.0;0.0
yf_ADM_d4;19700;INTARIAN_PEPPER_ROOT;12529;23;12526;27;;;12535;12;12538;8;;;12532.0;0.0
yf_ADM_d4;19800;ASH_COATED_OSMIUM;9932;8;9928;22;;;9954;16;9957;22;;;9943.0;0.0
yf_ADM_d4;19800;INTARIAN_PEPPER_ROOT;12529;10;12526;29;;;12535;16;12538;20;;;12532.0;0.0
yf_ADM_d4;19900;ASH_COATED_OSMIUM;9939;13;9936;21;;;9945;11;9947;16;;;9942.0;0.0
yf_ADM_d4;19900;INTARIAN_PEPPER_ROOT;12527;8;12525;19;;;12533;10;12537;21;;;12530.0;0.0
yf_ADM_d4;20000;ASH_COATED_OSMIUM;9922;6;9918;23;;;9963;11;9966;12;;;9942.5;0.0
yf_ADM_d4;20000;INTARIAN_PEPPER_ROOT;12526;7;12522;16;;;12532;9;12535;23;;;12529.0;0.0
yf_ADM_d4;20100;ASH_COATED_OSMIUM;9940;13;9936;20;;;9946;23;9949;20;;;9943.0;0.0
yf_ADM_d4;20100;INTARIAN_PEPPER_ROOT;12525;22;12522;8;;;12531;12;12533;27;;;12528.0;0.0
yf_ADM_d4;20200;ASH_COATED_OSMIUM;9939;12;9937;24;;;9945;8;9948;16;;;9942.0;0.0
yf_ADM_d4;20200;INTARIAN_PEPPER_ROOT;12523;11;12519;15;;;12529;22;12532;13;;;12526.0;0.0
yf_ADM_d4;20300;ASH_COATED_OSMIUM;9932;10;9928;22;;;9954;10;9956;25;;;9943.0;0.0
yf_ADM_d4;20300;INTARIAN_PEPPER_ROOT;12514;9;12511;18;;;12538;9;12542;28;;;12526.0;0.0
yf_ADM_d4;20400;ASH_COATED_OSMIUM;9935;8;9933;23;;;9949;18;9953;21;;;9942.0;0.0
yf_ADM_d4;20400;INTARIAN_PEPPER_ROOT;12521;12;12519;23;;;12527;7;12529;23;;;12524.0;0.0
yf_ADM_d4;20500;ASH_COATED_OSMIUM;9939;24;9936;15;;;9945;25;9949;11;;;9942.0;0.0
yf_ADM_d4;20500;INTARIAN_PEPPER_ROOT;12520;12;12517;18;;;12526;16;12528;27;;;12523.0;0.0
yf_ADM_d4;20600;ASH_COATED_OSMIUM;9939;7;9935;8;;;9945;12;9949;26;;;9942.0;0.0
yf_ADM_d4;20600;INTARIAN_PEPPER_ROOT;12519;22;12515;21;;;12525;14;12529;25;;;12522.0;0.0
yf_ADM_d4;20700;ASH_COATED_OSMIUM;9932;16;9930;8;;;9953;21;9955;22;;;9942.5;0.0
yf_ADM_d4;20700;INTARIAN_PEPPER_ROOT;12512;13;12510;14;;;12529;13;12531;20;;;12520.5;0.0
yf_ADM_d4;20800;ASH_COATED_OSMIUM;9939;18;9935;20;;;9945;17;9947;18;;;9942.0;0.0
yf_ADM_d4;20800;INTARIAN_PEPPER_ROOT;12514;21;12510;24;;;12526;20;12530;15;;;12520.0;0.0
yf_ADM_d4;20900;ASH_COATED_OSMIUM;9912;12;9908;26;;;9973;19;9976;17;;;9942.5;0.0
yf_ADM_d4;20900;INTARIAN_PEPPER_ROOT;12515;9;12512;23;;;12521;16;12525;14;;;12518.0;0.0
yf_ADM_d4;21000;ASH_COATED_OSMIUM;9939;24;9937;21;;;9945;17;9948;20;;;9942.0;0.0
yf_ADM_d4;21000;INTARIAN_PEPPER_ROOT;12513;10;12510;19;;;12521;13;12525;20;;;12517.0;0.0
yf_ADM_d4;21100;ASH_COATED_OSMIUM;9938;7;9935;18;;;9945;18;9947;23;;;9941.5;0.0
yf_ADM_d4;21100;INTARIAN_PEPPER_ROOT;12513;14;12510;25;;;12519;14;12522;27;;;12516.0;0.0
yf_ADM_d4;21200;ASH_COATED_OSMIUM;9939;21;9935;24;;;9945;20;9949;20;;;9942.0;0.0
yf_ADM_d4;21200;INTARIAN_PEPPER_ROOT;12512;16;12508;26;;;12518;13;12522;20;;;12515.0;0.0
yf_ADM_d4;21300;ASH_COATED_OSMIUM;9939;5;9937;22;;;9945;22;9949;12;;;9942.0;0.0
yf_ADM_d4;21300;INTARIAN_PEPPER_ROOT;12509;17;12505;27;;;12518;19;12520;18;;;12513.5;0.0
yf_ADM_d4;21400;ASH_COATED_OSMIUM;9939;17;9935;9;;;9945;8;9947;14;;;9942.0;0.0
yf_ADM_d4;21400;INTARIAN_PEPPER_ROOT;12510;15;12507;24;;;12516;14;12518;20;;;12513.0;0.0
yf_ADM_d4;21500;ASH_COATED_OSMIUM;9931;23;9928;25;;;9952;9;9956;22;;;9941.5;0.0
yf_ADM_d4;21500;INTARIAN_PEPPER_ROOT;12509;5;12507;30;;;12515;12;12519;21;;;12512.0;0.0
yf_ADM_d4;21600;ASH_COATED_OSMIUM;9939;15;9935;22;;;9945;13;9947;21;;;9942.0;0.0
yf_ADM_d4;21600;INTARIAN_PEPPER_ROOT;12506;14;12504;21;;;12515;13;12518;17;;;12510.5;0.0
yf_ADM_d4;21700;ASH_COATED_OSMIUM;9936;7;9934;21;;;9948;18;9951;24;;;9942.0;0.0
yf_ADM_d4;21700;INTARIAN_PEPPER_ROOT;12492;18;12488;22;;;12527;12;12531;20;;;12509.5;0.0
yf_ADM_d4;21800;ASH_COATED_OSMIUM;9938;10;9935;24;;;9944;13;9947;21;;;9941.0;0.0
yf_ADM_d4;21800;INTARIAN_PEPPER_ROOT;12505;13;12503;13;;;12511;12;12513;21;;;12508.0;0.0
yf_ADM_d4;21900;ASH_COATED_OSMIUM;9938;10;9935;13;;;9944;15;9947;18;;;9941.0;0.0
yf_ADM_d4;21900;INTARIAN_PEPPER_ROOT;12503;17;12499;21;;;12509;8;12512;23;;;12506.0;0.0
yf_ADM_d4;22000;ASH_COATED_OSMIUM;9935;11;9933;19;;;9947;23;9950;8;;;9941.0;0.0
yf_ADM_d4;22000;INTARIAN_PEPPER_ROOT;12499;24;12495;20;;;12513;14;12515;23;;;12506.0;0.0
yf_ADM_d4;22100;ASH_COATED_OSMIUM;9938;23;9935;26;;;9944;15;9946;12;;;9941.0;0.0
yf_ADM_d4;22100;INTARIAN_PEPPER_ROOT;12502;18;12498;18;;;12508;6;12512;25;;;12505.0;0.0
yf_ADM_d4;22200;ASH_COATED_OSMIUM;9938;10;9934;16;;;9946;13;9949;16;;;9942.0;0.0
yf_ADM_d4;22200;INTARIAN_PEPPER_ROOT;12500;18;12498;21;;;12506;20;12510;13;;;12503.0;0.0
yf_ADM_d4;22300;ASH_COATED_OSMIUM;9938;20;9934;25;;;9944;21;9948;17;;;9941.0;0.0
yf_ADM_d4;22300;INTARIAN_PEPPER_ROOT;12497;20;12493;13;;;12509;12;12512;19;;;12503.0;0.0
yf_ADM_d4;22400;ASH_COATED_OSMIUM;9939;11;9937;24;;;9945;11;9949;18;;;9942.0;0.0
yf_ADM_d4;22400;INTARIAN_PEPPER_ROOT;12499;16;12495;19;;;12505;5;12507;18;;;12502.0;0.0
yf_ADM_d4;22500;ASH_COATED_OSMIUM;9938;15;9934;15;;;9944;10;9948;24;;;9941.0;0.0
yf_ADM_d4;22500;INTARIAN_PEPPER_ROOT;12497;8;12494;26;;;12504;14;12508;27;;;12500.5;0.0
yf_ADM_d4;22600;ASH_COATED_OSMIUM;9938;25;9935;25;;;9944;20;9948;16;;;9941.0;0.0
yf_ADM_d4;22600;INTARIAN_PEPPER_ROOT;12496;11;12492;28;;;12502;6;12505;30;;;12499.0;0.0
yf_ADM_d4;22700;ASH_COATED_OSMIUM;9928;7;9925;16;;;9952;7;9955;19;;;9940.0;0.0
yf_ADM_d4;22700;INTARIAN_PEPPER_ROOT;12495;14;12491;25;;;12501;15;12504;13;;;12498.0;0.0
yf_ADM_d4;22800;ASH_COATED_OSMIUM;9938;19;9934;20;;;9944;22;9946;19;;;9941.0;0.0
yf_ADM_d4;22800;INTARIAN_PEPPER_ROOT;12492;19;12488;23;;;12501;15;12505;20;;;12496.5;0.0
yf_ADM_d4;22900;ASH_COATED_OSMIUM;9938;21;9934;18;;;9944;10;9947;17;;;9941.0;0.0
yf_ADM_d4;22900;INTARIAN_PEPPER_ROOT;12492;15;12489;24;;;12500;17;12502;18;;;12496.0;0.0
yf_ADM_d4;23000;ASH_COATED_OSMIUM;9938;14;9936;29;;;9944;21;9946;29;;;9941.0;0.0
yf_ADM_d4;23000;INTARIAN_PEPPER_ROOT;12477;11;12473;13;;;12511;16;12513;8;;;12494.0;0.0
yf_ADM_d4;23100;ASH_COATED_OSMIUM;9935;19;9931;17;;;9946;15;9948;19;;;9940.5;0.0
yf_ADM_d4;23100;INTARIAN_PEPPER_ROOT;12490;18;12487;20;;;12496;8;12498;18;;;12493.0;0.0
yf_ADM_d4;23200;ASH_COATED_OSMIUM;9938;16;9935;22;;;9944;6;9946;13;;;9941.0;0.0
yf_ADM_d4;23200;INTARIAN_PEPPER_ROOT;12489;9;12485;21;;;12495;12;12498;19;;;12492.0;0.0
yf_ADM_d4;23300;ASH_COATED_OSMIUM;9934;9;9930;19;;;9948;11;9951;23;;;9941.0;0.0
yf_ADM_d4;23300;INTARIAN_PEPPER_ROOT;12483;17;12479;16;;;12500;5;12502;23;;;12491.5;0.0
yf_ADM_d4;23400;ASH_COATED_OSMIUM;9930;17;9928;14;;;9952;8;9954;19;;;9941.0;0.0
yf_ADM_d4;23400;INTARIAN_PEPPER_ROOT;12484;9;12480;20;;;12497;14;12501;24;;;12490.5;0.0
yf_ADM_d4;23500;ASH_COATED_OSMIUM;9937;20;9933;15;;;9943;12;9947;22;;;9940.0;0.0
yf_ADM_d4;23500;INTARIAN_PEPPER_ROOT;12486;18;12483;21;;;12492;14;12495;24;;;12489.0;0.0
yf_ADM_d4;23600;ASH_COATED_OSMIUM;9937;9;9934;19;;;9943;13;9946;24;;;9940.0;0.0
yf_ADM_d4;23600;INTARIAN_PEPPER_ROOT;12485;19;12482;16;;;12491;21;12494;23;;;12488.0;0.0
yf_ADM_d4;23700;ASH_COATED_OSMIUM;9937;11;9933;21;;;9943;14;9945;23;;;9940.0;0.0
yf_ADM_d4;23700;INTARIAN_PEPPER_ROOT;12483;19;12479;11;;;12489;20;12493;23;;;12486.0;0.0
yf_ADM_d4;23800;ASH_COATED_OSMIUM;9937;18;9934;22;;;9944;16;9946;21;;;9940.5;0.0
yf_ADM_d4;23800;INTARIAN_PEPPER_ROOT;12481;11;12477;13;;;12490;13;12492;23;;;12485.5;0.0
yf_ADM_d4;23900;ASH_COATED_OSMIUM;9932;22;9928;14;;;9948;19;9952;19;;;9940.0;0.0
yf_ADM_d4;23900;INTARIAN_PEPPER_ROOT;12471;19;12467;23;;;12497;18;12500;29;;;12484.0;0.0
yf_ADM_d4;24000;ASH_COATED_OSMIUM;9937;11;9934;20;;;9943;8;9947;20;;;9940.0;0.0
yf_ADM_d4;24000;INTARIAN_PEPPER_ROOT;12474;16;12470;21;;;12491;22;12494;12;;;12482.5;0.0
yf_ADM_d4;24100;ASH_COATED_OSMIUM;9937;11;9934;16;;;9943;17;9945;23;;;9940.0;0.0
yf_ADM_d4;24100;INTARIAN_PEPPER_ROOT;12479;20;12477;14;;;12485;22;12487;24;;;12482.0;0.0
yf_ADM_d4;24200;ASH_COATED_OSMIUM;9936;21;9933;22;;;9945;8;9948;26;;;9940.5;0.0
yf_ADM_d4;24200;INTARIAN_PEPPER_ROOT;12478;19;12475;20;;;12484;14;12488;18;;;12481.0;0.0
yf_ADM_d4;24300;ASH_COATED_OSMIUM;9937;17;9935;23;;;9943;13;9947;22;;;9940.0;0.0
yf_ADM_d4;24300;INTARIAN_PEPPER_ROOT;12476;14;12474;9;;;12482;17;12486;22;;;12479.0;0.0
yf_ADM_d4;24400;ASH_COATED_OSMIUM;9930;21;9927;25;;;9950;15;9954;17;;;9940.0;0.0
yf_ADM_d4;24400;INTARIAN_PEPPER_ROOT;12475;7;12472;16;;;12481;18;12483;23;;;12478.0;0.0
yf_ADM_d4;24500;ASH_COATED_OSMIUM;9937;14;9934;23;;;9943;15;9945;28;;;9940.0;0.0
yf_ADM_d4;24500;INTARIAN_PEPPER_ROOT;12472;15;12468;18;;;12483;21;12486;21;;;12477.5;0.0
yf_ADM_d4;24600;ASH_COATED_OSMIUM;9938;24;9936;26;;;9944;15;9947;9;;;9941.0;0.0
yf_ADM_d4;24600;INTARIAN_PEPPER_ROOT;12457;15;12454;12;;;12496;13;12500;18;;;12476.5;0.0
yf_ADM_d4;24700;ASH_COATED_OSMIUM;9937;9;9934;22;;;9943;12;9945;19;;;9940.0;0.0
yf_ADM_d4;24700;INTARIAN_PEPPER_ROOT;12466;18;12464;11;;;12484;27;12488;12;;;12475.0;0.0
yf_ADM_d4;24800;ASH_COATED_OSMIUM;9920;19;9917;23;;;9960;23;9962;13;;;9940.0;0.0
yf_ADM_d4;24800;INTARIAN_PEPPER_ROOT;12471;23;12468;26;;;12477;22;12481;18;;;12474.0;0.0
yf_ADM_d4;24900;ASH_COATED_OSMIUM;9928;9;9924;20;;;9951;7;9953;13;;;9939.5;0.0
yf_ADM_d4;24900;INTARIAN_PEPPER_ROOT;12468;9;12464;15;;;12479;19;12483;20;;;12473.5;0.0
yf_ADM_d4;25000;ASH_COATED_OSMIUM;9932;11;9929;25;;;9948;20;9951;24;;;9940.0;0.0
yf_ADM_d4;25000;INTARIAN_PEPPER_ROOT;12469;18;12465;21;;;12475;28;12479;18;;;12472.0;0.0
yf_ADM_d4;25100;ASH_COATED_OSMIUM;9937;18;9935;25;;;9943;16;9945;15;;;9940.0;0.0
yf_ADM_d4;25100;INTARIAN_PEPPER_ROOT;12467;14;12463;8;;;12473;17;12475;22;;;12470.0;0.0
yf_ADM_d4;25200;ASH_COATED_OSMIUM;9937;11;9934;20;;;9943;12;9945;22;;;9940.0;0.0
yf_ADM_d4;25200;INTARIAN_PEPPER_ROOT;12464;12;12460;10;;;12476;12;12480;21;;;12470.0;0.0
yf_ADM_d4;25300;ASH_COATED_OSMIUM;9928;8;9925;15;;;9952;16;9956;27;;;9940.0;0.0
yf_ADM_d4;25300;INTARIAN_PEPPER_ROOT;12460;19;12457;14;;;12475;17;12477;22;;;12467.5;0.0
yf_ADM_d4;25400;ASH_COATED_OSMIUM;9932;18;9930;20;;;9947;14;9949;21;;;9939.5;0.0
yf_ADM_d4;25400;INTARIAN_PEPPER_ROOT;12459;15;12455;28;;;12475;15;12479;14;;;12467.0;0.0
yf_ADM_d4;25500;ASH_COATED_OSMIUM;9937;14;9933;17;;;9943;16;9945;18;;;9940.0;0.0
yf_ADM_d4;25500;INTARIAN_PEPPER_ROOT;12457;22;12454;25;;;12475;16;12478;12;;;12466.0;0.0
yf_ADM_d4;25600;ASH_COATED_OSMIUM;9937;20;9935;16;;;9943;25;9945;21;;;9940.0;0.0
yf_ADM_d4;25600;INTARIAN_PEPPER_ROOT;12461;16;12457;22;;;12467;8;12469;23;;;12464.0;0.0
yf_ADM_d4;25700;ASH_COATED_OSMIUM;9930;16;9928;28;;;9949;17;9953;11;;;9939.5;0.0
yf_ADM_d4;25700;INTARIAN_PEPPER_ROOT;12452;5;12450;25;;;12476;10;12478;20;;;12464.0;0.0
yf_ADM_d4;25800;ASH_COATED_OSMIUM;9936;13;9932;10;;;9942;10;9945;14;;;9939.0;0.0
yf_ADM_d4;25800;INTARIAN_PEPPER_ROOT;12458;15;12456;20;;;12468;17;12472;17;;;12463.0;0.0
yf_ADM_d4;25900;ASH_COATED_OSMIUM;9917;18;9913;22;;;9963;18;9966;20;;;9940.0;0.0
yf_ADM_d4;25900;INTARIAN_PEPPER_ROOT;12452;18;12449;16;;;12471;17;12474;27;;;12461.5;0.0
yf_ADM_d4;26000;ASH_COATED_OSMIUM;9936;13;9932;20;;;9942;10;9944;21;;;9939.0;0.0
yf_ADM_d4;26000;INTARIAN_PEPPER_ROOT;12454;16;12450;25;;;12466;8;12470;15;;;12460.0;0.0
yf_ADM_d4;26100;ASH_COATED_OSMIUM;9932;18;9930;17;;;9946;14;9949;21;;;9939.0;0.0
yf_ADM_d4;26100;INTARIAN_PEPPER_ROOT;12451;16;12447;13;;;12468;26;12470;14;;;12459.5;0.0
yf_ADM_d4;26200;ASH_COATED_OSMIUM;9937;17;9935;20;;;9943;16;9946;13;;;9940.0;0.0
yf_ADM_d4;26200;INTARIAN_PEPPER_ROOT;12455;19;12452;19;;;12461;15;12463;21;;;12458.0;0.0
yf_ADM_d4;26300;ASH_COATED_OSMIUM;9936;21;9932;13;;;9942;10;9946;14;;;9939.0;0.0
yf_ADM_d4;26300;INTARIAN_PEPPER_ROOT;12454;10;12452;14;;;12460;8;12464;23;;;12457.0;0.0
yf_ADM_d4;26400;ASH_COATED_OSMIUM;9936;13;9934;17;;;9942;13;9944;17;;;9939.0;0.0
yf_ADM_d4;26400;INTARIAN_PEPPER_ROOT;12453;13;12449;10;;;12459;21;12463;19;;;12456.0;0.0
yf_ADM_d4;26500;ASH_COATED_OSMIUM;9935;16;9932;15;;;9944;5;9947;22;;;9939.5;0.0
yf_ADM_d4;26500;INTARIAN_PEPPER_ROOT;12452;8;12449;19;;;12458;19;12461;16;;;12455.0;0.0
yf_ADM_d4;26600;ASH_COATED_OSMIUM;9934;12;9930;17;;;9945;18;9948;21;;;9939.5;0.0
yf_ADM_d4;26600;INTARIAN_PEPPER_ROOT;12446;16;12443;10;;;12461;14;12465;16;;;12453.5;0.0
yf_ADM_d4;26700;ASH_COATED_OSMIUM;9936;8;9932;19;;;9942;11;9946;24;;;9939.0;0.0
yf_ADM_d4;26700;INTARIAN_PEPPER_ROOT;12449;5;12445;14;;;12455;6;12459;20;;;12452.0;0.0
yf_ADM_d4;26800;ASH_COATED_OSMIUM;9936;8;9933;16;;;9942;17;9946;17;;;9939.0;0.0
yf_ADM_d4;26800;INTARIAN_PEPPER_ROOT;12444;9;12440;26;;;12458;17;12461;25;;;12451.0;0.0
yf_ADM_d4;26900;ASH_COATED_OSMIUM;9935;7;9933;14;;;9943;13;9946;28;;;9939.0;0.0
yf_ADM_d4;26900;INTARIAN_PEPPER_ROOT;12447;12;12444;23;;;12453;5;12457;19;;;12450.0;0.0
yf_ADM_d4;27000;ASH_COATED_OSMIUM;9935;6;9933;23;;;9942;16;9946;17;;;9938.5;0.0
yf_ADM_d4;27000;INTARIAN_PEPPER_ROOT;12446;11;12442;21;;;12452;15;12455;14;;;12449.0;0.0
yf_ADM_d4;27100;ASH_COATED_OSMIUM;9930;11;9926;13;;;9947;16;9950;23;;;9938.5;0.0
yf_ADM_d4;27100;INTARIAN_PEPPER_ROOT;12445;5;12442;23;;;12451;13;12454;10;;;12448.0;0.0
yf_ADM_d4;27200;ASH_COATED_OSMIUM;9935;5;9933;17;;;9941;24;9945;19;;;9938.0;0.0
yf_ADM_d4;27200;INTARIAN_PEPPER_ROOT;12438;18;12434;26;;;12456;12;12459;25;;;12447.0;0.0
yf_ADM_d4;27300;ASH_COATED_OSMIUM;9934;8;9930;19;;;9944;10;9947;22;;;9939.0;0.0
yf_ADM_d4;27300;INTARIAN_PEPPER_ROOT;12441;18;12437;18;;;12450;20;12452;15;;;12445.5;0.0
yf_ADM_d4;27400;ASH_COATED_OSMIUM;9935;12;9933;27;;;9941;15;9944;22;;;9938.0;0.0
yf_ADM_d4;27400;INTARIAN_PEPPER_ROOT;12441;16;12438;20;;;12447;21;12450;17;;;12444.0;0.0
yf_ADM_d4;27500;ASH_COATED_OSMIUM;9936;14;9933;24;;;9942;7;9945;20;;;9939.0;0.0
yf_ADM_d4;27500;INTARIAN_PEPPER_ROOT;12441;22;12437;25;;;12447;10;12450;19;;;12444.0;0.0
yf_ADM_d4;27600;ASH_COATED_OSMIUM;9935;9;9932;14;;;9943;23;9947;26;;;9939.0;0.0
yf_ADM_d4;27600;INTARIAN_PEPPER_ROOT;12439;24;12435;15;;;12445;21;12448;19;;;12442.0;0.0
yf_ADM_d4;27700;ASH_COATED_OSMIUM;9932;10;9928;25;;;9945;8;9947;20;;;9938.5;0.0
yf_ADM_d4;27700;INTARIAN_PEPPER_ROOT;12438;15;12434;23;;;12444;18;12448;14;;;12441.0;0.0
yf_ADM_d4;27800;ASH_COATED_OSMIUM;9936;15;9934;22;;;9943;12;9947;31;;;9939.5;0.0
yf_ADM_d4;27800;INTARIAN_PEPPER_ROOT;12437;11;12433;27;;;12443;12;12445;25;;;12440.0;0.0
yf_ADM_d4;27900;ASH_COATED_OSMIUM;9936;10;9932;24;;;9942;14;9945;22;;;9939.0;0.0
yf_ADM_d4;27900;INTARIAN_PEPPER_ROOT;12436;13;12434;28;;;12442;14;12444;8;;;12439.0;0.0
yf_ADM_d4;28000;ASH_COATED_OSMIUM;9935;21;9933;21;;;9941;10;9945;23;;;9938.0;0.0
yf_ADM_d4;28000;INTARIAN_PEPPER_ROOT;12434;11;12431;21;;;12440;13;12444;25;;;12437.0;0.0
yf_ADM_d4;28100;ASH_COATED_OSMIUM;9935;22;9931;23;;;9941;10;9944;14;;;9938.0;0.0
yf_ADM_d4;28100;INTARIAN_PEPPER_ROOT;12434;13;12432;13;;;12440;14;12444;20;;;12437.0;0.0
yf_ADM_d4;28200;ASH_COATED_OSMIUM;9921;13;9918;20;;;9956;9;9958;12;;;9938.5;0.0
yf_ADM_d4;28200;INTARIAN_PEPPER_ROOT;12432;12;12430;14;;;12438;11;12440;15;;;12435.0;0.0
yf_ADM_d4;28300;ASH_COATED_OSMIUM;9933;20;9930;18;;;9944;14;9947;10;;;9938.5;0.0
yf_ADM_d4;28300;INTARIAN_PEPPER_ROOT;12430;17;12428;19;;;12439;14;12442;22;;;12434.5;0.0
yf_ADM_d4;28400;ASH_COATED_OSMIUM;9934;10;9930;23;;;9941;29;9945;19;;;9937.5;0.0
yf_ADM_d4;28400;INTARIAN_PEPPER_ROOT;12430;18;12427;12;;;12436;7;12438;23;;;12433.0;0.0
yf_ADM_d4;28500;ASH_COATED_OSMIUM;9933;18;9930;29;;;9943;12;9946;20;;;9938.0;0.0
yf_ADM_d4;28500;INTARIAN_PEPPER_ROOT;12428;17;12424;16;;;12435;7;12439;15;;;12431.5;0.0
yf_ADM_d4;28600;ASH_COATED_OSMIUM;9935;24;9932;16;;;9941;9;9945;18;;;9938.0;0.0
yf_ADM_d4;28600;INTARIAN_PEPPER_ROOT;12416;9;12412;26;;;12445;11;12448;29;;;12430.5;0.0
yf_ADM_d4;28700;ASH_COATED_OSMIUM;9935;15;9932;16;;;9941;10;9943;23;;;9938.0;0.0
yf_ADM_d4;28700;INTARIAN_PEPPER_ROOT;12418;5;12415;18;;;12441;21;12444;31;;;12429.5;0.0
yf_ADM_d4;28800;ASH_COATED_OSMIUM;9928;11;9926;23;;;9948;12;9950;25;;;9938.0;0.0
yf_ADM_d4;28800;INTARIAN_PEPPER_ROOT;12426;19;12424;26;;;12432;8;12436;24;;;12429.0;0.0
yf_ADM_d4;28900;ASH_COATED_OSMIUM;9934;9;9931;17;;;9941;15;9945;24;;;9937.5;0.0
yf_ADM_d4;28900;INTARIAN_PEPPER_ROOT;12424;18;12422;21;;;12430;17;12432;13;;;12427.0;0.0
yf_ADM_d4;29000;ASH_COATED_OSMIUM;9935;16;9933;24;;;9941;15;9943;20;;;9938.0;0.0
yf_ADM_d4;29000;INTARIAN_PEPPER_ROOT;12419;19;12416;21;;;12432;18;12435;19;;;12425.5;0.0
yf_ADM_d4;29100;ASH_COATED_OSMIUM;9933;25;9930;17;;;9942;9;9946;21;;;9937.5;0.0
yf_ADM_d4;29100;INTARIAN_PEPPER_ROOT;12421;15;12417;26;;;12429;18;12432;25;;;12425.0;0.0
yf_ADM_d4;29200;ASH_COATED_OSMIUM;9922;13;9918;14;;;9953;12;9957;16;;;9937.5;0.0
yf_ADM_d4;29200;INTARIAN_PEPPER_ROOT;12421;12;12417;16;;;12427;14;12430;19;;;12424.0;0.0
yf_ADM_d4;29300;ASH_COATED_OSMIUM;9924;11;9922;12;;;9952;17;9956;24;;;9938.0;0.0
yf_ADM_d4;29300;INTARIAN_PEPPER_ROOT;12413;8;12411;26;;;12432;22;12434;23;;;12422.5;0.0
yf_ADM_d4;29400;ASH_COATED_OSMIUM;9935;7;9931;20;;;9941;13;9944;17;;;9938.0;0.0
yf_ADM_d4;29400;INTARIAN_PEPPER_ROOT;12414;7;12411;23;;;12428;13;12431;21;;;12421.0;0.0
yf_ADM_d4;29500;ASH_COATED_OSMIUM;9935;15;9931;24;;;9941;14;9945;21;;;9938.0;0.0
yf_ADM_d4;29500;INTARIAN_PEPPER_ROOT;12417;15;12415;22;;;12423;14;12427;8;;;12420.0;0.0
yf_ADM_d4;29600;ASH_COATED_OSMIUM;9934;11;9932;10;;;9941;17;9944;21;;;9937.5;0.0
yf_ADM_d4;29600;INTARIAN_PEPPER_ROOT;12416;10;12412;16;;;12422;17;12426;12;;;12419.0;0.0
yf_ADM_d4;29700;ASH_COATED_OSMIUM;9935;11;9932;20;;;9941;15;9944;17;;;9938.0;0.0
yf_ADM_d4;29700;INTARIAN_PEPPER_ROOT;12415;17;12411;18;;;12421;10;12423;25;;;12418.0;0.0
yf_ADM_d4;29800;ASH_COATED_OSMIUM;9935;11;9932;17;;;9941;10;9944;17;;;9938.0;0.0
yf_ADM_d4;29800;INTARIAN_PEPPER_ROOT;12412;14;12410;11;;;12424;12;12427;9;;;12418.0;0.0
yf_ADM_d4;29900;ASH_COATED_OSMIUM;9934;16;9931;22;;;9940;13;9942;21;;;9937.0;0.0
yf_ADM_d4;29900;INTARIAN_PEPPER_ROOT;12413;17;12409;20;;;12419;11;12423;19;;;12416.0;0.0
yf_ADM_d4;30000;ASH_COATED_OSMIUM;9932;15;9928;21;;;9942;16;9944;21;;;9937.0;0.0
yf_ADM_d4;30000;INTARIAN_PEPPER_ROOT;12408;17;12404;17;;;12422;22;12425;21;;;12415.0;0.0
yf_ADM_d4;30100;ASH_COATED_OSMIUM;9926;17;9924;8;;;9949;5;9953;9;;;9937.5;0.0
yf_ADM_d4;30100;INTARIAN_PEPPER_ROOT;12408;17;12404;24;;;12419;14;12423;20;;;12413.5;0.0
yf_ADM_d4;30200;ASH_COATED_OSMIUM;9934;21;9932;23;;;9940;16;9944;24;;;9937.0;0.0
yf_ADM_d4;30200;INTARIAN_PEPPER_ROOT;12407;8;12405;22;;;12419;11;12423;14;;;12413.0;0.0
yf_ADM_d4;30300;ASH_COATED_OSMIUM;9933;11;9930;25;;;9941;5;9945;19;;;9937.0;0.0
yf_ADM_d4;30300;INTARIAN_PEPPER_ROOT;12408;22;12404;16;;;12414;15;12418;11;;;12411.0;0.0
yf_ADM_d4;30400;ASH_COATED_OSMIUM;9934;13;9932;25;;;9940;15;9942;11;;;9937.0;0.0
yf_ADM_d4;30400;INTARIAN_PEPPER_ROOT;12407;16;12405;29;;;12413;17;12417;15;;;12410.0;0.0
yf_ADM_d4;30500;ASH_COATED_OSMIUM;9934;22;9932;19;;;9941;19;9943;19;;;9937.5;0.0
yf_ADM_d4;30500;INTARIAN_PEPPER_ROOT;12407;22;12404;10;;;12413;9;12415;24;;;12410.0;0.0
yf_ADM_d4;30600;ASH_COATED_OSMIUM;9935;5;9932;8;;;9941;12;9944;33;;;9938.0;0.0
yf_ADM_d4;30600;INTARIAN_PEPPER_ROOT;12405;10;12401;15;;;12411;18;12413;16;;;12408.0;0.0
yf_ADM_d4;30700;ASH_COATED_OSMIUM;9934;17;9931;17;;;9940;9;9944;30;;;9937.0;0.0
yf_ADM_d4;30700;INTARIAN_PEPPER_ROOT;12404;12;12401;9;;;12410;16;12413;21;;;12407.0;0.0
yf_ADM_d4;30800;ASH_COATED_OSMIUM;9934;15;9930;14;;;9940;9;9944;18;;;9937.0;0.0
yf_ADM_d4;30800;INTARIAN_PEPPER_ROOT;12402;21;12399;23;;;12408;5;12411;21;;;12405.0;0.0
yf_ADM_d4;30900;ASH_COATED_OSMIUM;9934;16;9931;23;;;9940;12;9942;22;;;9937.0;0.0
yf_ADM_d4;30900;INTARIAN_PEPPER_ROOT;12400;18;12398;14;;;12410;6;12414;14;;;12405.0;0.0
yf_ADM_d4;31000;ASH_COATED_OSMIUM;9934;19;9932;14;;;9940;13;9942;27;;;9937.0;0.0
yf_ADM_d4;31000;INTARIAN_PEPPER_ROOT;12399;9;12397;22;;;12409;7;12412;15;;;12404.0;0.0
yf_ADM_d4;31100;ASH_COATED_OSMIUM;9934;6;9932;23;;;9940;7;9944;18;;;9937.0;0.0
yf_ADM_d4;31100;INTARIAN_PEPPER_ROOT;12393;13;12391;19;;;12411;18;12413;18;;;12402.0;0.0
yf_ADM_d4;31200;ASH_COATED_OSMIUM;9934;11;9930;17;;;9940;12;9942;20;;;9937.0;0.0
yf_ADM_d4;31200;INTARIAN_PEPPER_ROOT;12398;16;12396;11;;;12404;11;12406;15;;;12401.0;0.0
yf_ADM_d4;31300;ASH_COATED_OSMIUM;9934;12;9931;22;;;9940;14;9942;19;;;9937.0;0.0
yf_ADM_d4;31300;INTARIAN_PEPPER_ROOT;12397;15;12394;18;;;12403;13;12406;28;;;12400.0;0.0
yf_ADM_d4;31400;ASH_COATED_OSMIUM;9934;16;9931;24;;;9940;14;9942;21;;;9937.0;0.0
yf_ADM_d4;31400;INTARIAN_PEPPER_ROOT;12394;12;12390;8;;;12403;12;12405;18;;;12398.5;0.0
yf_ADM_d4;31500;ASH_COATED_OSMIUM;9930;14;9926;28;;;9943;20;9947;19;;;9936.5;0.0
yf_ADM_d4;31500;INTARIAN_PEPPER_ROOT;12395;19;12392;21;;;12401;27;12404;20;;;12398.0;0.0
yf_ADM_d4;31600;ASH_COATED_OSMIUM;9934;15;9932;18;;;9940;14;9943;15;;;9937.0;0.0
yf_ADM_d4;31600;INTARIAN_PEPPER_ROOT;12383;10;12381;26;;;12410;15;12414;21;;;12396.5;0.0
yf_ADM_d4;31700;ASH_COATED_OSMIUM;9934;11;9931;23;;;9940;10;9943;18;;;9937.0;0.0
yf_ADM_d4;31700;INTARIAN_PEPPER_ROOT;12393;12;12389;20;;;12399;12;12401;19;;;12396.0;0.0
yf_ADM_d4;31800;ASH_COATED_OSMIUM;9933;21;9930;20;;;9939;17;9941;25;;;9936.0;0.0
yf_ADM_d4;31800;INTARIAN_PEPPER_ROOT;12385;19;12383;8;;;12404;14;12408;15;;;12394.5;0.0
yf_ADM_d4;31900;ASH_COATED_OSMIUM;9934;14;9931;16;;;9940;19;9942;20;;;9937.0;0.0
yf_ADM_d4;31900;INTARIAN_PEPPER_ROOT;12390;15;12387;17;;;12396;27;12400;28;;;12393.0;0.0
yf_ADM_d4;32000;ASH_COATED_OSMIUM;9916;11;9912;20;;;9959;16;9961;16;;;9937.5;0.0
yf_ADM_d4;32000;INTARIAN_PEPPER_ROOT;12389;10;12387;20;;;12395;21;12398;22;;;12392.0;0.0
yf_ADM_d4;32100;ASH_COATED_OSMIUM;9933;9;9929;24;;;9940;18;9944;15;;;9936.5;0.0
yf_ADM_d4;32100;INTARIAN_PEPPER_ROOT;12388;13;12384;11;;;12394;16;12397;29;;;12391.0;0.0
yf_ADM_d4;32200;ASH_COATED_OSMIUM;9932;19;9930;18;;;9941;10;9944;25;;;9936.5;0.0
yf_ADM_d4;32200;INTARIAN_PEPPER_ROOT;12387;9;12385;17;;;12393;14;12397;17;;;12390.0;0.0
yf_ADM_d4;32300;ASH_COATED_OSMIUM;9934;23;9930;16;;;9940;13;9944;22;;;9937.0;0.0
yf_ADM_d4;32300;INTARIAN_PEPPER_ROOT;12385;12;12382;26;;;12391;9;12393;19;;;12388.0;0.0
yf_ADM_d4;32400;ASH_COATED_OSMIUM;9932;13;9930;22;;;9942;6;9945;14;;;9937.0;0.0
yf_ADM_d4;32400;INTARIAN_PEPPER_ROOT;12385;15;12382;25;;;12391;8;12393;15;;;12388.0;0.0
yf_ADM_d4;32500;ASH_COATED_OSMIUM;9917;18;9914;14;;;9954;21;9956;19;;;9935.5;0.0
yf_ADM_d4;32500;INTARIAN_PEPPER_ROOT;12383;15;12380;18;;;12389;20;12391;18;;;12386.0;0.0
yf_ADM_d4;32600;ASH_COATED_OSMIUM;9933;21;9929;18;;;9939;19;9941;21;;;9936.0;0.0
yf_ADM_d4;32600;INTARIAN_PEPPER_ROOT;12382;17;12380;14;;;12388;11;12392;15;;;12385.0;0.0
yf_ADM_d4;32700;ASH_COATED_OSMIUM;9933;11;9931;14;;;9940;9;9942;19;;;9936.5;0.0
yf_ADM_d4;32700;INTARIAN_PEPPER_ROOT;12382;16;12379;18;;;12388;10;12390;16;;;12385.0;0.0
yf_ADM_d4;32800;ASH_COATED_OSMIUM;9933;21;9931;23;;;9939;19;9942;31;;;9936.0;0.0
yf_ADM_d4;32800;INTARIAN_PEPPER_ROOT;12380;21;12377;28;;;12386;15;12389;17;;;12383.0;0.0
yf_ADM_d4;32900;ASH_COATED_OSMIUM;9933;10;9929;27;;;9939;20;9942;10;;;9936.0;0.0
yf_ADM_d4;32900;INTARIAN_PEPPER_ROOT;12373;19;12369;23;;;12389;5;12392;21;;;12381.0;0.0
yf_ADM_d4;33000;ASH_COATED_OSMIUM;9934;17;9932;17;;;9940;21;9944;9;;;9937.0;0.0
yf_ADM_d4;33000;INTARIAN_PEPPER_ROOT;12378;20;12376;16;;;12384;30;12387;18;;;12381.0;0.0
yf_ADM_d4;33100;ASH_COATED_OSMIUM;9933;14;9931;18;;;9939;13;9941;18;;;9936.0;0.0
yf_ADM_d4;33100;INTARIAN_PEPPER_ROOT;12371;20;12369;17;;;12387;16;12391;13;;;12379.0;0.0
yf_ADM_d4;33200;ASH_COATED_OSMIUM;9928;7;9926;19;;;9944;23;9947;24;;;9936.0;0.0
yf_ADM_d4;33200;INTARIAN_PEPPER_ROOT;12375;20;12373;19;;;12381;12;12384;12;;;12378.0;0.0
yf_ADM_d4;33300;ASH_COATED_OSMIUM;9933;20;9931;16;;;9939;10;9941;18;;;9936.0;0.0
yf_ADM_d4;33300;INTARIAN_PEPPER_ROOT;12371;7;12367;19;;;12383;13;12386;14;;;12377.0;0.0
yf_ADM_d4;33400;ASH_COATED_OSMIUM;9933;18;9930;28;;;9939;6;9941;21;;;9936.0;0.0
yf_ADM_d4;33400;INTARIAN_PEPPER_ROOT;12358;5;12354;22;;;12396;14;12399;22;;;12377.0;0.0
yf_ADM_d4;33500;ASH_COATED_OSMIUM;9933;16;9929;13;;;9939;19;9941;20;;;9936.0;0.0
yf_ADM_d4;33500;INTARIAN_PEPPER_ROOT;12372;11;12370;19;;;12378;10;12381;21;;;12375.0;0.0
yf_ADM_d4;33600;ASH_COATED_OSMIUM;9933;5;9930;19;;;9939;20;9942;18;;;9936.0;0.0
yf_ADM_d4;33600;INTARIAN_PEPPER_ROOT;12370;11;12368;23;;;12377;16;12381;23;;;12373.5;0.0
yf_ADM_d4;33700;ASH_COATED_OSMIUM;9926;10;9923;25;;;9943;13;9947;21;;;9934.5;0.0
yf_ADM_d4;33700;INTARIAN_PEPPER_ROOT;12361;10;12359;18;;;12383;15;12385;18;;;12372.0;0.0
yf_ADM_d4;33800;ASH_COATED_OSMIUM;9930;13;9926;20;;;9943;6;9947;19;;;9936.5;0.0
yf_ADM_d4;33800;INTARIAN_PEPPER_ROOT;12369;16;12366;25;;;12375;24;12378;21;;;12372.0;0.0
yf_ADM_d4;33900;ASH_COATED_OSMIUM;9932;18;9929;18;;;9938;7;9940;26;;;9935.0;0.0
yf_ADM_d4;33900;INTARIAN_PEPPER_ROOT;12367;6;12365;18;;;12373;9;12375;16;;;12370.0;0.0
yf_ADM_d4;34000;ASH_COATED_OSMIUM;9932;15;9930;23;;;9940;10;9943;23;;;9936.0;0.0
yf_ADM_d4;34000;INTARIAN_PEPPER_ROOT;12367;14;12365;21;;;12375;24;12377;21;;;12371.0;0.0
yf_ADM_d4;34100;ASH_COATED_OSMIUM;9933;9;9931;12;;;9939;21;9943;24;;;9936.0;0.0
yf_ADM_d4;34100;INTARIAN_PEPPER_ROOT;12365;15;12361;19;;;12380;15;12382;13;;;12372.5;0.0
yf_ADM_d4;34200;ASH_COATED_OSMIUM;9921;15;9919;20;;;9950;30;9953;23;;;9935.5;0.0
yf_ADM_d4;34200;INTARIAN_PEPPER_ROOT;12369;17;12365;18;;;12375;20;12377;17;;;12372.0;0.0
yf_ADM_d4;34300;ASH_COATED_OSMIUM;9931;22;9929;19;;;9941;6;9943;24;;;9936.0;0.0
yf_ADM_d4;34300;INTARIAN_PEPPER_ROOT;12370;23;12367;34;;;12376;10;12380;16;;;12373.0;0.0
yf_ADM_d4;34400;ASH_COATED_OSMIUM;9933;15;9930;21;;;9939;14;9943;8;;;9936.0;0.0
yf_ADM_d4;34400;INTARIAN_PEPPER_ROOT;12371;13;12368;26;;;12377;7;12381;16;;;12374.0;0.0
yf_ADM_d4;34500;ASH_COATED_OSMIUM;9933;17;9931;14;;;9939;9;9941;8;;;9936.0;0.0
yf_ADM_d4;34500;INTARIAN_PEPPER_ROOT;12371;8;12367;12;;;12377;11;12379;17;;;12374.0;0.0
yf_ADM_d4;34600;ASH_COATED_OSMIUM;9929;7;9925;21;;;9944;9;9947;25;;;9936.5;0.0
yf_ADM_d4;34600;INTARIAN_PEPPER_ROOT;12372;6;12368;20;;;12378;11;12380;21;;;12375.0;0.0
yf_ADM_d4;34700;ASH_COATED_OSMIUM;9934;13;9931;18;;;9940;14;9942;20;;;9937.0;0.0
yf_ADM_d4;34700;INTARIAN_PEPPER_ROOT;12373;10;12371;15;;;12379;11;12383;20;;;12376.0;0.0
yf_ADM_d4;34800;ASH_COATED_OSMIUM;9929;15;9926;22;;;9943;12;9947;18;;;9936.0;0.0
yf_ADM_d4;34800;INTARIAN_PEPPER_ROOT;12371;8;12369;16;;;12380;12;12384;15;;;12375.5;0.0
yf_ADM_d4;34900;ASH_COATED_OSMIUM;9934;18;9930;19;;;9940;20;9944;16;;;9937.0;0.0
yf_ADM_d4;34900;INTARIAN_PEPPER_ROOT;12369;23;12365;15;;;12385;18;12387;27;;;12377.0;0.0
yf_ADM_d4;35000;ASH_COATED_OSMIUM;9934;13;9932;18;;;9940;22;9944;24;;;9937.0;0.0
yf_ADM_d4;35000;INTARIAN_PEPPER_ROOT;12373;10;12370;25;;;12382;7;12386;22;;;12377.5;0.0
yf_ADM_d4;35100;ASH_COATED_OSMIUM;9930;13;9928;20;;;9943;9;9947;28;;;9936.5;0.0
yf_ADM_d4;35100;INTARIAN_PEPPER_ROOT;12375;17;12371;21;;;12381;13;12384;20;;;12378.0;0.0
yf_ADM_d4;35200;ASH_COATED_OSMIUM;9934;5;9931;17;;;9940;14;9942;23;;;9937.0;0.0
yf_ADM_d4;35200;INTARIAN_PEPPER_ROOT;12375;15;12373;32;;;12381;15;12383;21;;;12378.0;0.0
yf_ADM_d4;35300;ASH_COATED_OSMIUM;9929;18;9926;22;;;9944;17;9947;23;;;9936.5;0.0
yf_ADM_d4;35300;INTARIAN_PEPPER_ROOT;12376;11;12372;14;;;12382;9;12384;13;;;12379.0;0.0
yf_ADM_d4;35400;ASH_COATED_OSMIUM;9934;15;9931;16;;;9940;9;9943;14;;;9937.0;0.0
yf_ADM_d4;35400;INTARIAN_PEPPER_ROOT;12376;15;12374;20;;;12382;11;12385;19;;;12379.0;0.0
yf_ADM_d4;35500;ASH_COATED_OSMIUM;9919;12;9915;18;;;9955;10;9959;17;;;9937.0;0.0
yf_ADM_d4;35500;INTARIAN_PEPPER_ROOT;12367;8;12363;19;;;12394;5;12397;17;;;12380.5;0.0
yf_ADM_d4;35600;ASH_COATED_OSMIUM;9934;25;9932;17;;;9940;12;9942;16;;;9937.0;0.0
yf_ADM_d4;35600;INTARIAN_PEPPER_ROOT;12378;20;12374;25;;;12384;7;12388;16;;;12381.0;0.0
yf_ADM_d4;35700;ASH_COATED_OSMIUM;9933;12;9929;26;;;9941;17;9944;12;;;9937.0;0.0
yf_ADM_d4;35700;INTARIAN_PEPPER_ROOT;12379;11;12376;21;;;12385;9;12387;21;;;12382.0;0.0
yf_ADM_d4;35800;ASH_COATED_OSMIUM;9934;8;9932;13;;;9940;13;9944;18;;;9937.0;0.0
yf_ADM_d4;35800;INTARIAN_PEPPER_ROOT;12375;11;12371;12;;;12389;19;12391;23;;;12382.0;0.0
yf_ADM_d4;35900;ASH_COATED_OSMIUM;9934;15;9932;33;;;9940;11;9942;16;;;9937.0;0.0
yf_ADM_d4;35900;INTARIAN_PEPPER_ROOT;12360;14;12357;25;;;12405;30;12408;22;;;12382.5;0.0
yf_ADM_d4;36000;ASH_COATED_OSMIUM;9934;28;9930;17;;;9940;12;9944;22;;;9937.0;0.0
yf_ADM_d4;36000;INTARIAN_PEPPER_ROOT;12381;17;12378;20;;;12387;19;12390;17;;;12384.0;0.0
yf_ADM_d4;36100;ASH_COATED_OSMIUM;9934;7;9931;18;;;9940;12;9943;24;;;9937.0;0.0
yf_ADM_d4;36100;INTARIAN_PEPPER_ROOT;12381;16;12378;19;;;12387;17;12391;23;;;12384.0;0.0
yf_ADM_d4;36200;ASH_COATED_OSMIUM;9934;16;9932;21;;;9940;24;9942;22;;;9937.0;0.0
yf_ADM_d4;36200;INTARIAN_PEPPER_ROOT;12382;10;12380;21;;;12388;26;12392;17;;;12385.0;0.0
yf_ADM_d4;36300;ASH_COATED_OSMIUM;9935;18;9933;27;;;9941;13;9944;24;;;9938.0;0.0
yf_ADM_d4;36300;INTARIAN_PEPPER_ROOT;12382;12;12380;15;;;12388;21;12391;28;;;12385.0;0.0
yf_ADM_d4;36400;ASH_COATED_OSMIUM;9933;15;9930;12;;;9941;14;9943;23;;;9937.0;0.0
yf_ADM_d4;36400;INTARIAN_PEPPER_ROOT;12375;17;12372;16;;;12397;13;12399;18;;;12386.0;0.0
yf_ADM_d4;36500;ASH_COATED_OSMIUM;9935;17;9932;29;;;9941;26;9944;9;;;9938.0;0.0
yf_ADM_d4;36500;INTARIAN_PEPPER_ROOT;12384;19;12382;16;;;12390;13;12394;22;;;12387.0;0.0
yf_ADM_d4;36600;ASH_COATED_OSMIUM;9935;9;9932;15;;;9941;18;9943;17;;;9938.0;0.0
yf_ADM_d4;36600;INTARIAN_PEPPER_ROOT;12383;19;12380;20;;;12390;24;12392;8;;;12386.5;0.0
yf_ADM_d4;36700;ASH_COATED_OSMIUM;9935;17;9932;19;;;9941;23;9945;16;;;9938.0;0.0
yf_ADM_d4;36700;INTARIAN_PEPPER_ROOT;12385;14;12381;19;;;12391;9;12395;23;;;12388.0;0.0
yf_ADM_d4;36800;ASH_COATED_OSMIUM;9934;11;9932;18;;;9940;25;9944;20;;;9937.0;0.0
yf_ADM_d4;36800;INTARIAN_PEPPER_ROOT;12386;15;12383;25;;;12392;23;12396;13;;;12389.0;0.0
yf_ADM_d4;36900;ASH_COATED_OSMIUM;9933;21;9930;25;;;9942;19;9946;24;;;9937.5;0.0
yf_ADM_d4;36900;INTARIAN_PEPPER_ROOT;12387;16;12385;17;;;12393;15;12397;24;;;12390.0;0.0
yf_ADM_d4;37000;ASH_COATED_OSMIUM;9934;11;9930;16;;;9940;11;9942;18;;;9937.0;0.0
yf_ADM_d4;37000;INTARIAN_PEPPER_ROOT;12381;22;12377;20;;;12400;9;12402;24;;;12390.5;0.0
yf_ADM_d4;37100;ASH_COATED_OSMIUM;9935;16;9933;10;;;9941;9;9943;19;;;9938.0;0.0
yf_ADM_d4;37100;INTARIAN_PEPPER_ROOT;12385;8;12383;18;;;12397;15;12401;23;;;12391.0;0.0
yf_ADM_d4;37200;ASH_COATED_OSMIUM;9931;18;9927;30;;;9944;17;9947;18;;;9937.5;0.0
yf_ADM_d4;37200;INTARIAN_PEPPER_ROOT;12389;20;12386;13;;;12395;7;12399;20;;;12392.0;0.0
yf_ADM_d4;37300;ASH_COATED_OSMIUM;9935;7;9932;16;;;9941;5;9943;35;;;9938.0;0.0
yf_ADM_d4;37300;INTARIAN_PEPPER_ROOT;12388;19;12385;18;;;12394;11;12397;16;;;12391.0;0.0
yf_ADM_d4;37400;ASH_COATED_OSMIUM;9935;15;9932;20;;;9942;10;9946;18;;;9938.5;0.0
yf_ADM_d4;37400;INTARIAN_PEPPER_ROOT;12389;20;12387;17;;;12395;19;12398;12;;;12392.0;0.0
yf_ADM_d4;37500;ASH_COATED_OSMIUM;9932;18;9929;25;;;9945;17;9948;28;;;9938.5;0.0
yf_ADM_d4;37500;INTARIAN_PEPPER_ROOT;12389;10;12385;26;;;12397;18;12401;11;;;12393.0;0.0
yf_ADM_d4;37600;ASH_COATED_OSMIUM;9935;9;9932;11;;;9941;22;9943;21;;;9938.0;0.0
yf_ADM_d4;37600;INTARIAN_PEPPER_ROOT;12390;17;12386;14;;;12398;18;12401;20;;;12394.0;0.0
yf_ADM_d4;37700;ASH_COATED_OSMIUM;9936;15;9934;19;;;9942;16;9945;25;;;9939.0;0.0
yf_ADM_d4;37700;INTARIAN_PEPPER_ROOT;12389;22;12385;22;;;12400;13;12402;22;;;12394.5;0.0
yf_ADM_d4;37800;ASH_COATED_OSMIUM;9935;13;9932;10;;;9941;9;9945;11;;;9938.0;0.0
yf_ADM_d4;37800;INTARIAN_PEPPER_ROOT;12392;12;12389;26;;;12398;23;12400;28;;;12395.0;0.0
yf_ADM_d4;37900;ASH_COATED_OSMIUM;9930;16;9927;20;;;9948;21;9951;16;;;9939.0;0.0
yf_ADM_d4;37900;INTARIAN_PEPPER_ROOT;12387;18;12385;22;;;12404;10;12408;13;;;12395.5;0.0
yf_ADM_d4;38000;ASH_COATED_OSMIUM;9933;12;9930;21;;;9945;21;9948;33;;;9939.0;0.0
yf_ADM_d4;38000;INTARIAN_PEPPER_ROOT;12393;13;12390;12;;;12399;5;12401;26;;;12396.0;0.0
yf_ADM_d4;38100;ASH_COATED_OSMIUM;9934;5;9930;19;;;9944;5;9946;9;;;9939.0;0.0
yf_ADM_d4;38100;INTARIAN_PEPPER_ROOT;12392;12;12389;13;;;12401;11;12404;24;;;12396.5;0.0
yf_ADM_d4;38200;ASH_COATED_OSMIUM;9936;15;9932;16;;;9942;14;9946;26;;;9939.0;0.0
yf_ADM_d4;38200;INTARIAN_PEPPER_ROOT;12395;19;12392;19;;;12401;17;12404;8;;;12398.0;0.0
yf_ADM_d4;38300;ASH_COATED_OSMIUM;9936;21;9934;14;;;9942;11;9945;29;;;9939.0;0.0
yf_ADM_d4;38300;INTARIAN_PEPPER_ROOT;12392;16;12390;18;;;12404;19;12406;23;;;12398.0;0.0
yf_ADM_d4;38400;ASH_COATED_OSMIUM;9929;12;9927;12;;;9949;14;9953;20;;;9939.0;0.0
yf_ADM_d4;38400;INTARIAN_PEPPER_ROOT;12396;15;12394;13;;;12402;24;12404;29;;;12399.0;0.0
yf_ADM_d4;38500;ASH_COATED_OSMIUM;9937;19;9935;19;;;9943;16;9947;21;;;9940.0;0.0
yf_ADM_d4;38500;INTARIAN_PEPPER_ROOT;12396;12;12393;21;;;12402;23;12406;22;;;12399.0;0.0
yf_ADM_d4;38600;ASH_COATED_OSMIUM;9937;24;9933;18;;;9943;14;9945;24;;;9940.0;0.0
yf_ADM_d4;38600;INTARIAN_PEPPER_ROOT;12397;13;12394;19;;;12403;13;12405;18;;;12400.0;0.0
yf_ADM_d4;38700;ASH_COATED_OSMIUM;9934;12;9932;20;;;9945;11;9949;20;;;9939.5;0.0
yf_ADM_d4;38700;INTARIAN_PEPPER_ROOT;12397;21;12394;18;;;12403;16;12405;18;;;12400.0;0.0
yf_ADM_d4;38800;ASH_COATED_OSMIUM;9931;8;9928;14;;;9947;16;9950;24;;;9939.0;0.0
yf_ADM_d4;38800;INTARIAN_PEPPER_ROOT;12398;19;12396;11;;;12404;15;12407;23;;;12401.0;0.0
yf_ADM_d4;38900;ASH_COATED_OSMIUM;9936;14;9933;15;;;9942;14;9946;23;;;9939.0;0.0
yf_ADM_d4;38900;INTARIAN_PEPPER_ROOT;12399;6;12395;28;;;12405;14;12407;20;;;12402.0;0.0
yf_ADM_d4;39000;ASH_COATED_OSMIUM;9937;14;9934;21;;;9943;17;9946;24;;;9940.0;0.0
yf_ADM_d4;39000;INTARIAN_PEPPER_ROOT;12400;25;12396;24;;;12406;15;12408;21;;;12403.0;0.0
yf_ADM_d4;39100;ASH_COATED_OSMIUM;9937;16;9933;22;;;9943;19;9945;18;;;9940.0;0.0
yf_ADM_d4;39100;INTARIAN_PEPPER_ROOT;12400;17;12397;25;;;12406;16;12408;11;;;12403.0;0.0
yf_ADM_d4;39200;ASH_COATED_OSMIUM;9932;9;9928;21;;;9948;19;9952;27;;;9940.0;0.0
yf_ADM_d4;39200;INTARIAN_PEPPER_ROOT;12396;15;12394;31;;;12410;9;12414;31;;;12403.0;0.0
yf_ADM_d4;39300;ASH_COATED_OSMIUM;9937;12;9935;24;;;9943;15;9947;21;;;9940.0;0.0
yf_ADM_d4;39300;INTARIAN_PEPPER_ROOT;12402;17;12400;21;;;12408;16;12411;26;;;12405.0;0.0
yf_ADM_d4;39400;ASH_COATED_OSMIUM;9937;11;9935;17;;;9943;22;9946;21;;;9940.0;0.0
yf_ADM_d4;39400;INTARIAN_PEPPER_ROOT;12402;17;12400;20;;;12408;23;12410;21;;;12405.0;0.0
yf_ADM_d4;39500;ASH_COATED_OSMIUM;9937;11;9933;26;;;9943;6;9946;28;;;9940.0;0.0
yf_ADM_d4;39500;INTARIAN_PEPPER_ROOT;12403;18;12400;21;;;12409;21;12411;24;;;12406.0;0.0
yf_ADM_d4;39600;ASH_COATED_OSMIUM;9937;21;9935;18;;;9943;17;9945;10;;;9940.0;0.0
yf_ADM_d4;39600;INTARIAN_PEPPER_ROOT;12403;12;12401;15;;;12409;18;12413;18;;;12406.0;0.0
yf_ADM_d4;39700;ASH_COATED_OSMIUM;9937;16;9933;24;;;9943;21;9945;21;;;9940.0;0.0
yf_ADM_d4;39700;INTARIAN_PEPPER_ROOT;12403;10;12399;14;;;12409;9;12411;19;;;12406.0;0.0
yf_ADM_d4;39800;ASH_COATED_OSMIUM;9930;21;9926;14;;;9949;21;9953;19;;;9939.5;0.0
yf_ADM_d4;39800;INTARIAN_PEPPER_ROOT;12404;19;12402;24;;;12410;12;12414;18;;;12407.0;0.0
yf_ADM_d4;39900;ASH_COATED_OSMIUM;9935;18;9932;15;;;9945;16;9947;19;;;9940.0;0.0
yf_ADM_d4;39900;INTARIAN_PEPPER_ROOT;12405;5;12402;26;;;12411;11;12415;26;;;12408.0;0.0
yf_ADM_d4;40000;ASH_COATED_OSMIUM;9937;16;9934;23;;;9943;13;9946;14;;;9940.0;0.0
yf_ADM_d4;40000;INTARIAN_PEPPER_ROOT;12404;15;12401;22;;;12413;21;12417;19;;;12408.5;0.0
yf_ADM_d4;40100;ASH_COATED_OSMIUM;9925;18;9923;16;;;9955;15;9958;23;;;9940.0;0.0
yf_ADM_d4;40100;INTARIAN_PEPPER_ROOT;12406;21;12403;22;;;12412;6;12416;31;;;12409.0;0.0
yf_ADM_d4;40200;ASH_COATED_OSMIUM;9937;13;9935;20;;;9944;16;9946;19;;;9940.5;0.0
yf_ADM_d4;40200;INTARIAN_PEPPER_ROOT;12407;17;12403;21;;;12413;20;12415;28;;;12410.0;0.0
yf_ADM_d4;40300;ASH_COATED_OSMIUM;9933;18;9929;12;;;9948;10;9952;20;;;9940.5;0.0
yf_ADM_d4;40300;INTARIAN_PEPPER_ROOT;12405;10;12403;27;;;12416;21;12418;22;;;12410.5;0.0
yf_ADM_d4;40400;ASH_COATED_OSMIUM;9938;13;9936;24;;;9944;16;9946;15;;;9941.0;0.0
yf_ADM_d4;40400;INTARIAN_PEPPER_ROOT;12399;6;12396;26;;;12425;20;12427;23;;;12412.0;0.0
yf_ADM_d4;40500;ASH_COATED_OSMIUM;9937;15;9933;14;;;9944;26;9947;21;;;9940.5;0.0
yf_ADM_d4;40500;INTARIAN_PEPPER_ROOT;12409;9;12405;26;;;12415;14;12417;14;;;12412.0;0.0
yf_ADM_d4;40600;ASH_COATED_OSMIUM;9934;18;9931;24;;;9948;18;9952;18;;;9941.0;0.0
yf_ADM_d4;40600;INTARIAN_PEPPER_ROOT;12395;12;12393;17;;;12431;16;12434;16;;;12413.0;0.0
yf_ADM_d4;40700;ASH_COATED_OSMIUM;9938;10;9934;25;;;9944;18;9947;30;;;9941.0;0.0
yf_ADM_d4;40700;INTARIAN_PEPPER_ROOT;12410;23;12408;15;;;12416;11;12419;25;;;12413.0;0.0
yf_ADM_d4;40800;ASH_COATED_OSMIUM;9938;14;9935;18;;;9944;18;9948;25;;;9941.0;0.0
yf_ADM_d4;40800;INTARIAN_PEPPER_ROOT;12410;14;12407;21;;;12416;26;12418;22;;;12413.0;0.0
yf_ADM_d4;40900;ASH_COATED_OSMIUM;9938;9;9934;24;;;9944;16;9947;24;;;9941.0;0.0
yf_ADM_d4;40900;INTARIAN_PEPPER_ROOT;12409;25;12405;29;;;12418;14;12421;16;;;12413.5;0.0
yf_ADM_d4;41000;ASH_COATED_OSMIUM;9936;18;9932;22;;;9946;17;9950;26;;;9941.0;0.0
yf_ADM_d4;41000;INTARIAN_PEPPER_ROOT;12412;24;12409;20;;;12418;18;12420;22;;;12415.0;0.0
yf_ADM_d4;41100;ASH_COATED_OSMIUM;9936;12;9933;28;;;9947;14;9951;17;;;9941.5;0.0
yf_ADM_d4;41100;INTARIAN_PEPPER_ROOT;12412;22;12409;14;;;12418;16;12421;20;;;12415.0;0.0
yf_ADM_d4;41200;ASH_COATED_OSMIUM;9939;20;9935;19;;;9945;10;9949;19;;;9942.0;0.0
yf_ADM_d4;41200;INTARIAN_PEPPER_ROOT;12413;23;12411;23;;;12419;11;12422;35;;;12416.0;0.0
yf_ADM_d4;41300;ASH_COATED_OSMIUM;9925;17;9921;23;;;9957;13;9960;10;;;9941.0;0.0
yf_ADM_d4;41300;INTARIAN_PEPPER_ROOT;12414;16;12412;21;;;12420;7;12422;16;;;12417.0;0.0
yf_ADM_d4;41400;ASH_COATED_OSMIUM;9938;13;9935;22;;;9944;10;9947;17;;;9941.0;0.0
yf_ADM_d4;41400;INTARIAN_PEPPER_ROOT;12411;23;12409;21;;;12424;19;12428;28;;;12417.5;0.0
yf_ADM_d4;41500;ASH_COATED_OSMIUM;9935;20;9932;11;;;9949;30;9951;29;;;9942.0;0.0
yf_ADM_d4;41500;INTARIAN_PEPPER_ROOT;12415;15;12412;19;;;12421;20;12423;18;;;12418.0;0.0
yf_ADM_d4;41600;ASH_COATED_OSMIUM;9929;5;9925;14;;;9954;19;9958;28;;;9941.5;0.0
yf_ADM_d4;41600;INTARIAN_PEPPER_ROOT;12416;17;12413;13;;;12422;14;12426;25;;;12419.0;0.0
yf_ADM_d4;41700;ASH_COATED_OSMIUM;9939;12;9935;28;;;9945;15;9947;23;;;9942.0;0.0
yf_ADM_d4;41700;INTARIAN_PEPPER_ROOT;12416;9;12413;27;;;12422;12;12424;20;;;12419.0;0.0
yf_ADM_d4;41800;ASH_COATED_OSMIUM;9939;8;9937;26;;;9945;17;9947;20;;;9942.0;0.0
yf_ADM_d4;41800;INTARIAN_PEPPER_ROOT;12417;15;12415;21;;;12423;18;12427;17;;;12420.0;0.0
yf_ADM_d4;41900;ASH_COATED_OSMIUM;9939;17;9937;18;;;9945;21;9948;22;;;9942.0;0.0
yf_ADM_d4;41900;INTARIAN_PEPPER_ROOT;12406;16;12404;22;;;12435;12;12439;12;;;12420.5;0.0
yf_ADM_d4;42000;ASH_COATED_OSMIUM;9939;18;9935;21;;;9945;16;9947;22;;;9942.0;0.0
yf_ADM_d4;42000;INTARIAN_PEPPER_ROOT;12411;5;12408;26;;;12433;18;12436;22;;;12422.0;0.0
yf_ADM_d4;42100;ASH_COATED_OSMIUM;9939;10;9937;19;;;9945;15;9948;24;;;9942.0;0.0
yf_ADM_d4;42100;INTARIAN_PEPPER_ROOT;12419;16;12417;23;;;12425;16;12427;14;;;12422.0;0.0
yf_ADM_d4;42200;ASH_COATED_OSMIUM;9939;22;9936;16;;;9945;15;9947;9;;;9942.0;0.0
yf_ADM_d4;42200;INTARIAN_PEPPER_ROOT;12417;12;12414;17;;;12429;13;12432;20;;;12423.0;0.0
yf_ADM_d4;42300;ASH_COATED_OSMIUM;9939;14;9936;26;;;9945;12;9948;21;;;9942.0;0.0
yf_ADM_d4;42300;INTARIAN_PEPPER_ROOT;12420;17;12418;21;;;12426;16;12430;16;;;12423.0;0.0
yf_ADM_d4;42400;ASH_COATED_OSMIUM;9939;19;9936;13;;;9945;17;9949;22;;;9942.0;0.0
yf_ADM_d4;42400;INTARIAN_PEPPER_ROOT;12420;9;12416;17;;;12426;12;12428;20;;;12423.0;0.0
yf_ADM_d4;42500;ASH_COATED_OSMIUM;9937;22;9934;19;;;9948;13;9952;18;;;9942.5;0.0
yf_ADM_d4;42500;INTARIAN_PEPPER_ROOT;12420;20;12418;15;;;12429;12;12432;30;;;12424.5;0.0
yf_ADM_d4;42600;ASH_COATED_OSMIUM;9935;5;9933;20;;;9949;13;9951;19;;;9942.0;0.0
yf_ADM_d4;42600;INTARIAN_PEPPER_ROOT;12422;18;12419;17;;;12428;19;12432;18;;;12425.0;0.0
yf_ADM_d4;42700;ASH_COATED_OSMIUM;9940;28;9936;23;;;9946;18;9948;24;;;9943.0;0.0
yf_ADM_d4;42700;INTARIAN_PEPPER_ROOT;12423;11;12420;19;;;12429;15;12432;18;;;12426.0;0.0
yf_ADM_d4;42800;ASH_COATED_OSMIUM;9939;13;9937;10;;;9946;14;9948;18;;;9942.5;0.0
yf_ADM_d4;42800;INTARIAN_PEPPER_ROOT;12410;12;12407;14;;;12444;23;12448;23;;;12427.0;0.0
yf_ADM_d4;42900;ASH_COATED_OSMIUM;9935;10;9931;19;;;9951;13;9953;12;;;9943.0;0.0
yf_ADM_d4;42900;INTARIAN_PEPPER_ROOT;12411;15;12409;21;;;12444;21;12446;14;;;12427.5;0.0
yf_ADM_d4;43000;ASH_COATED_OSMIUM;9940;27;9936;21;;;9946;5;9950;21;;;9943.0;0.0
yf_ADM_d4;43000;INTARIAN_PEPPER_ROOT;12425;16;12421;16;;;12431;11;12433;22;;;12428.0;0.0
yf_ADM_d4;43100;ASH_COATED_OSMIUM;9940;11;9936;20;;;9946;16;9949;22;;;9943.0;0.0
yf_ADM_d4;43100;INTARIAN_PEPPER_ROOT;12425;13;12421;21;;;12431;11;12433;10;;;12428.0;0.0
yf_ADM_d4;43200;ASH_COATED_OSMIUM;9940;21;9938;11;;;9946;17;9948;22;;;9943.0;0.0
yf_ADM_d4;43200;INTARIAN_PEPPER_ROOT;12419;12;12417;21;;;12438;14;12441;15;;;12428.5;0.0
yf_ADM_d4;43300;ASH_COATED_OSMIUM;9940;11;9938;26;;;9946;16;9948;8;;;9943.0;0.0
yf_ADM_d4;43300;INTARIAN_PEPPER_ROOT;12422;23;12420;19;;;12436;14;12439;18;;;12429.0;0.0
yf_ADM_d4;43400;ASH_COATED_OSMIUM;9933;13;9929;14;;;9954;24;9958;18;;;9943.5;0.0
yf_ADM_d4;43400;INTARIAN_PEPPER_ROOT;12427;13;12424;23;;;12434;14;12438;12;;;12430.5;0.0
yf_ADM_d4;43500;ASH_COATED_OSMIUM;9941;18;9939;15;;;9947;14;9949;22;;;9944.0;0.0
yf_ADM_d4;43500;INTARIAN_PEPPER_ROOT;12426;14;12423;15;;;12436;16;12440;28;;;12431.0;0.0
yf_ADM_d4;43600;ASH_COATED_OSMIUM;9938;11;9936;24;;;9947;14;9949;20;;;9942.5;0.0
yf_ADM_d4;43600;INTARIAN_PEPPER_ROOT;12423;13;12420;18;;;12441;15;12443;10;;;12432.0;0.0
yf_ADM_d4;43700;ASH_COATED_OSMIUM;9941;17;9938;24;;;9947;14;9951;16;;;9944.0;0.0
yf_ADM_d4;43700;INTARIAN_PEPPER_ROOT;12420;15;12417;15;;;12443;14;12447;19;;;12431.5;0.0
yf_ADM_d4;43800;ASH_COATED_OSMIUM;9938;11;9935;15;;;9949;9;9953;15;;;9943.5;0.0
yf_ADM_d4;43800;INTARIAN_PEPPER_ROOT;12426;13;12422;18;;;12440;17;12444;19;;;12433.0;0.0
yf_ADM_d4;43900;ASH_COATED_OSMIUM;9940;5;9936;25;;;9946;13;9950;18;;;9943.0;0.0
yf_ADM_d4;43900;INTARIAN_PEPPER_ROOT;12430;9;12427;20;;;12436;10;12440;21;;;12433.0;0.0
yf_ADM_d4;44000;ASH_COATED_OSMIUM;9936;8;9934;15;;;9951;15;9955;27;;;9943.5;0.0
yf_ADM_d4;44000;INTARIAN_PEPPER_ROOT;12431;15;12429;24;;;12437;12;12440;10;;;12434.0;0.0
yf_ADM_d4;44100;ASH_COATED_OSMIUM;9941;19;9938;19;;;9947;13;9949;13;;;9944.0;0.0
yf_ADM_d4;44100;INTARIAN_PEPPER_ROOT;12431;15;12428;16;;;12437;14;12441;18;;;12434.0;0.0
yf_ADM_d4;44200;ASH_COATED_OSMIUM;9935;17;9931;18;;;9952;18;9955;18;;;9943.5;0.0
yf_ADM_d4;44200;INTARIAN_PEPPER_ROOT;12432;12;12428;26;;;12439;12;12442;15;;;12435.5;0.0
yf_ADM_d4;44300;ASH_COATED_OSMIUM;9942;13;9938;17;;;9948;5;9950;19;;;9945.0;0.0
yf_ADM_d4;44300;INTARIAN_PEPPER_ROOT;12433;15;12430;16;;;12439;9;12441;21;;;12436.0;0.0
yf_ADM_d4;44400;ASH_COATED_OSMIUM;9940;8;9936;16;;;9948;13;9950;21;;;9944.0;0.0
yf_ADM_d4;44400;INTARIAN_PEPPER_ROOT;12433;18;12430;20;;;12439;14;12443;13;;;12436.0;0.0
yf_ADM_d4;44500;ASH_COATED_OSMIUM;9940;19;9938;18;;;9948;23;9951;15;;;9944.0;0.0
yf_ADM_d4;44500;INTARIAN_PEPPER_ROOT;12432;18;12430;30;;;12442;13;12446;29;;;12437.0;0.0
yf_ADM_d4;44600;ASH_COATED_OSMIUM;9941;11;9937;22;;;9947;19;9951;31;;;9944.0;0.0
yf_ADM_d4;44600;INTARIAN_PEPPER_ROOT;12435;20;12431;29;;;12442;12;12445;15;;;12438.5;0.0
yf_ADM_d4;44700;ASH_COATED_OSMIUM;9938;24;9934;19;;;9951;13;9953;15;;;9944.5;0.0
yf_ADM_d4;44700;INTARIAN_PEPPER_ROOT;12435;22;12431;19;;;12441;17;12443;18;;;12438.0;0.0
yf_ADM_d4;44800;ASH_COATED_OSMIUM;9941;25;9937;18;;;9947;10;9949;21;;;9944.0;0.0
yf_ADM_d4;44800;INTARIAN_PEPPER_ROOT;12432;10;12428;27;;;12445;14;12448;25;;;12438.5;0.0
yf_ADM_d4;44900;ASH_COATED_OSMIUM;9941;11;9937;19;;;9947;18;9949;19;;;9944.0;0.0
yf_ADM_d4;44900;INTARIAN_PEPPER_ROOT;12436;6;12432;23;;;12443;16;12447;25;;;12439.5;0.0
yf_ADM_d4;45000;ASH_COATED_OSMIUM;9931;13;9929;12;;;9958;21;9962;16;;;9944.5;0.0
yf_ADM_d4;45000;INTARIAN_PEPPER_ROOT;12438;20;12434;16;;;12444;12;12447;16;;;12441.0;0.0
yf_ADM_d4;45100;ASH_COATED_OSMIUM;9931;5;9929;27;;;9957;14;9960;16;;;9944.0;0.0
yf_ADM_d4;45100;INTARIAN_PEPPER_ROOT;12438;20;12435;23;;;12444;12;12448;21;;;12441.0;0.0
yf_ADM_d4;45200;ASH_COATED_OSMIUM;9935;7;9933;20;;;9954;20;9957;20;;;9944.5;0.0
yf_ADM_d4;45200;INTARIAN_PEPPER_ROOT;12432;10;12428;17;;;12451;18;12455;23;;;12441.5;0.0
yf_ADM_d4;45300;ASH_COATED_OSMIUM;9941;19;9937;26;;;9947;14;9949;17;;;9944.0;0.0
yf_ADM_d4;45300;INTARIAN_PEPPER_ROOT;12439;20;12435;21;;;12445;15;12447;16;;;12442.0;0.0
yf_ADM_d4;45400;ASH_COATED_OSMIUM;9942;14;9940;18;;;9948;13;9952;8;;;9945.0;0.0
yf_ADM_d4;45400;INTARIAN_PEPPER_ROOT;12439;15;12436;30;;;12445;20;12448;9;;;12442.0;0.0
yf_ADM_d4;45500;ASH_COATED_OSMIUM;9939;11;9937;22;;;9951;18;9953;8;;;9945.0;0.0
yf_ADM_d4;45500;INTARIAN_PEPPER_ROOT;12440;19;12437;18;;;12446;12;12448;12;;;12443.0;0.0
yf_ADM_d4;45600;ASH_COATED_OSMIUM;9942;9;9938;29;;;9948;15;9951;22;;;9945.0;0.0
yf_ADM_d4;45600;INTARIAN_PEPPER_ROOT;12438;17;12435;22;;;12448;16;12450;19;;;12443.0;0.0
yf_ADM_d4;45700;ASH_COATED_OSMIUM;9942;14;9940;23;;;9948;25;9950;15;;;9945.0;0.0
yf_ADM_d4;45700;INTARIAN_PEPPER_ROOT;12442;15;12439;17;;;12448;9;12451;19;;;12445.0;0.0
yf_ADM_d4;45800;ASH_COATED_OSMIUM;9940;12;9938;9;;;9950;10;9952;9;;;9945.0;0.0
yf_ADM_d4;45800;INTARIAN_PEPPER_ROOT;12443;20;12441;11;;;12449;13;12451;17;;;12446.0;0.0
yf_ADM_d4;45900;ASH_COATED_OSMIUM;9940;5;9937;26;;;9951;23;9953;19;;;9945.5;0.0
yf_ADM_d4;45900;INTARIAN_PEPPER_ROOT;12441;18;12437;32;;;12451;15;12454;8;;;12446.0;0.0
yf_ADM_d4;46000;ASH_COATED_OSMIUM;9930;12;9926;23;;;9959;13;9962;21;;;9944.5;0.0
yf_ADM_d4;46000;INTARIAN_PEPPER_ROOT;12429;20;12425;17;;;12463;9;12465;18;;;12446.0;0.0
yf_ADM_d4;46100;ASH_COATED_OSMIUM;9942;18;9938;20;;;9948;5;9950;22;;;9945.0;0.0
yf_ADM_d4;46100;INTARIAN_PEPPER_ROOT;12444;17;12441;17;;;12450;13;12453;14;;;12447.0;0.0
yf_ADM_d4;46200;ASH_COATED_OSMIUM;9933;15;9930;25;;;9956;11;9959;21;;;9944.5;0.0
yf_ADM_d4;46200;INTARIAN_PEPPER_ROOT;12445;18;12441;20;;;12451;11;12453;23;;;12448.0;0.0
yf_ADM_d4;46300;ASH_COATED_OSMIUM;9938;8;9936;15;;;9952;7;9954;16;;;9945.0;0.0
yf_ADM_d4;46300;INTARIAN_PEPPER_ROOT;12446;6;12443;21;;;12452;17;12456;18;;;12449.0;0.0
yf_ADM_d4;46400;ASH_COATED_OSMIUM;9942;14;9939;14;;;9948;18;9951;22;;;9945.0;0.0
yf_ADM_d4;46400;INTARIAN_PEPPER_ROOT;12446;9;12443;28;;;12452;22;12454;16;;;12449.0;0.0
yf_ADM_d4;46500;ASH_COATED_OSMIUM;9942;16;9939;22;;;9949;15;9952;16;;;9945.5;0.0
yf_ADM_d4;46500;INTARIAN_PEPPER_ROOT;12447;15;12445;20;;;12453;19;12456;26;;;12450.0;0.0
yf_ADM_d4;46600;ASH_COATED_OSMIUM;9943;13;9941;14;;;9949;13;9952;25;;;9946.0;0.0
yf_ADM_d4;46600;INTARIAN_PEPPER_ROOT;12447;12;12444;17;;;12453;18;12455;21;;;12450.0;0.0
yf_ADM_d4;46700;ASH_COATED_OSMIUM;9935;11;9931;16;;;9956;9;9959;27;;;9945.5;0.0
yf_ADM_d4;46700;INTARIAN_PEPPER_ROOT;12448;11;12445;12;;;12454;8;12457;15;;;12451.0;0.0
yf_ADM_d4;46800;ASH_COATED_OSMIUM;9938;17;9935;35;;;9954;12;9956;22;;;9946.0;0.0
yf_ADM_d4;46800;INTARIAN_PEPPER_ROOT;12448;18;12445;12;;;12454;13;12457;21;;;12451.0;0.0
yf_ADM_d4;46900;ASH_COATED_OSMIUM;9943;15;9939;16;;;9949;20;9952;15;;;9946.0;0.0
yf_ADM_d4;46900;INTARIAN_PEPPER_ROOT;12449;17;12447;25;;;12455;16;12457;14;;;12452.0;0.0
yf_ADM_d4;47000;ASH_COATED_OSMIUM;9942;11;9939;11;;;9950;12;9954;17;;;9946.0;0.0
yf_ADM_d4;47000;INTARIAN_PEPPER_ROOT;12450;15;12447;13;;;12456;23;12459;18;;;12453.0;0.0
yf_ADM_d4;47100;ASH_COATED_OSMIUM;9929;20;9925;17;;;9962;9;9964;24;;;9945.5;0.0
yf_ADM_d4;47100;INTARIAN_PEPPER_ROOT;12450;17;12447;10;;;12457;18;12459;21;;;12453.5;0.0
yf_ADM_d4;47200;ASH_COATED_OSMIUM;9943;10;9941;24;;;9949;14;9952;22;;;9946.0;0.0
yf_ADM_d4;47200;INTARIAN_PEPPER_ROOT;12451;18;12447;15;;;12457;8;12459;27;;;12454.0;0.0
yf_ADM_d4;47300;ASH_COATED_OSMIUM;9918;8;9914;25;;;9975;14;9978;13;;;9946.5;0.0
yf_ADM_d4;47300;INTARIAN_PEPPER_ROOT;12452;12;12449;16;;;12458;21;12462;17;;;12455.0;0.0
yf_ADM_d4;47400;ASH_COATED_OSMIUM;9925;26;9922;25;;;9968;19;9970;33;;;9946.5;0.0
yf_ADM_d4;47400;INTARIAN_PEPPER_ROOT;12452;15;12449;15;;;12458;13;12461;16;;;12455.0;0.0
yf_ADM_d4;47500;ASH_COATED_OSMIUM;9943;11;9941;26;;;9949;16;9952;19;;;9946.0;0.0
yf_ADM_d4;47500;INTARIAN_PEPPER_ROOT;12453;6;12451;25;;;12459;9;12462;19;;;12456.0;0.0
yf_ADM_d4;47600;ASH_COATED_OSMIUM;9943;16;9941;15;;;9949;17;9951;17;;;9946.0;0.0
yf_ADM_d4;47600;INTARIAN_PEPPER_ROOT;12448;23;12446;27;;;12466;18;12468;18;;;12457.0;0.0
yf_ADM_d4;47700;ASH_COATED_OSMIUM;9943;15;9941;17;;;9949;5;9953;28;;;9946.0;0.0
yf_ADM_d4;47700;INTARIAN_PEPPER_ROOT;12454;13;12450;18;;;12460;24;12462;18;;;12457.0;0.0
yf_ADM_d4;47800;ASH_COATED_OSMIUM;9944;11;9941;25;;;9950;23;9952;20;;;9947.0;0.0
yf_ADM_d4;47800;INTARIAN_PEPPER_ROOT;12455;14;12451;18;;;12461;12;12465;20;;;12458.0;0.0
yf_ADM_d4;47900;ASH_COATED_OSMIUM;9944;9;9940;16;;;9950;23;9952;17;;;9947.0;0.0
yf_ADM_d4;47900;INTARIAN_PEPPER_ROOT;12453;9;12450;19;;;12464;8;12468;28;;;12458.5;0.0
yf_ADM_d4;48000;ASH_COATED_OSMIUM;9944;14;9941;20;;;9950;8;9954;19;;;9947.0;0.0
yf_ADM_d4;48000;INTARIAN_PEPPER_ROOT;12452;5;12450;14;;;12466;12;12470;19;;;12459.0;0.0
yf_ADM_d4;48100;ASH_COATED_OSMIUM;9944;15;9941;12;;;9950;10;9952;17;;;9947.0;0.0
yf_ADM_d4;48100;INTARIAN_PEPPER_ROOT;12457;23;12453;13;;;12463;22;12467;17;;;12460.0;0.0
yf_ADM_d4;48200;ASH_COATED_OSMIUM;9944;5;9940;8;;;9950;9;9952;19;;;9947.0;0.0
yf_ADM_d4;48200;INTARIAN_PEPPER_ROOT;12457;16;12453;18;;;12463;8;12467;21;;;12460.0;0.0
yf_ADM_d4;48300;ASH_COATED_OSMIUM;9944;12;9940;28;;;9950;19;9953;8;;;9947.0;0.0
yf_ADM_d4;48300;INTARIAN_PEPPER_ROOT;12458;16;12456;19;;;12464;15;12467;21;;;12461.0;0.0
yf_ADM_d4;48400;ASH_COATED_OSMIUM;9943;22;9941;19;;;9951;19;9954;26;;;9947.0;0.0
yf_ADM_d4;48400;INTARIAN_PEPPER_ROOT;12459;8;12456;26;;;12465;17;12468;11;;;12462.0;0.0
yf_ADM_d4;48500;ASH_COATED_OSMIUM;9944;14;9942;21;;;9950;6;9953;19;;;9947.0;0.0
yf_ADM_d4;48500;INTARIAN_PEPPER_ROOT;12457;13;12454;14;;;12467;11;12469;28;;;12462.0;0.0
yf_ADM_d4;48600;ASH_COATED_OSMIUM;9944;14;9941;26;;;9950;20;9954;17;;;9947.0;0.0
yf_ADM_d4;48600;INTARIAN_PEPPER_ROOT;12459;21;12456;25;;;12465;6;12468;13;;;12462.0;0.0
yf_ADM_d4;48700;ASH_COATED_OSMIUM;9940;21;9936;24;;;9954;13;9957;21;;;9947.0;0.0
yf_ADM_d4;48700;INTARIAN_PEPPER_ROOT;12459;18;12457;12;;;12467;14;12471;19;;;12463.0;0.0
yf_ADM_d4;48800;ASH_COATED_OSMIUM;9945;23;9942;16;;;9951;12;9953;26;;;9948.0;0.0
yf_ADM_d4;48800;INTARIAN_PEPPER_ROOT;12460;23;12456;22;;;12467;17;12471;21;;;12463.5;0.0
yf_ADM_d4;48900;ASH_COATED_OSMIUM;9940;19;9938;13;;;9954;13;9956;14;;;9947.0;0.0
yf_ADM_d4;48900;INTARIAN_PEPPER_ROOT;12458;10;12456;13;;;12472;18;12476;10;;;12465.0;0.0
yf_ADM_d4;49000;ASH_COATED_OSMIUM;9941;19;9939;26;;;9953;6;9955;14;;;9947.0;0.0
yf_ADM_d4;49000;INTARIAN_PEPPER_ROOT;12463;10;12460;16;;;12469;11;12471;28;;;12466.0;0.0
yf_ADM_d4;49100;ASH_COATED_OSMIUM;9945;24;9942;15;;;9951;16;9955;26;;;9948.0;0.0
yf_ADM_d4;49100;INTARIAN_PEPPER_ROOT;12463;12;12459;15;;;12469;13;12472;26;;;12466.0;0.0
yf_ADM_d4;49200;ASH_COATED_OSMIUM;9945;12;9942;24;;;9951;16;9954;14;;;9948.0;0.0
yf_ADM_d4;49200;INTARIAN_PEPPER_ROOT;12462;9;12459;26;;;12470;12;12473;26;;;12466.0;0.0
yf_ADM_d4;49300;ASH_COATED_OSMIUM;9944;18;9942;23;;;9950;12;9954;21;;;9947.0;0.0
yf_ADM_d4;49300;INTARIAN_PEPPER_ROOT;12464;13;12461;19;;;12470;7;12473;18;;;12467.0;0.0
yf_ADM_d4;49400;ASH_COATED_OSMIUM;9938;15;9934;24;;;9957;21;9960;26;;;9947.5;0.0
yf_ADM_d4;49400;INTARIAN_PEPPER_ROOT;12465;5;12463;17;;;12471;15;12473;28;;;12468.0;0.0
yf_ADM_d4;49500;ASH_COATED_OSMIUM;9945;16;9943;26;;;9951;17;9955;12;;;9948.0;0.0
yf_ADM_d4;49500;INTARIAN_PEPPER_ROOT;12465;22;12462;18;;;12471;11;12474;24;;;12468.0;0.0
yf_ADM_d4;49600;ASH_COATED_OSMIUM;9945;18;9943;20;;;9951;16;9955;15;;;9948.0;0.0
yf_ADM_d4;49600;INTARIAN_PEPPER_ROOT;12466;8;12462;21;;;12472;16;12475;17;;;12469.0;0.0
yf_ADM_d4;49700;ASH_COATED_OSMIUM;9945;13;9942;13;;;9951;20;9954;25;;;9948.0;0.0
yf_ADM_d4;49700;INTARIAN_PEPPER_ROOT;12466;14;12462;27;;;12474;17;12478;25;;;12470.0;0.0
yf_ADM_d4;49800;ASH_COATED_OSMIUM;9944;7;9942;22;;;9951;12;9955;11;;;9947.5;0.0
yf_ADM_d4;49800;INTARIAN_PEPPER_ROOT;12467;23;12464;16;;;12473;12;12475;25;;;12470.0;0.0
yf_ADM_d4;49900;ASH_COATED_OSMIUM;9945;17;9942;17;;;9951;15;9954;20;;;9948.0;0.0
yf_ADM_d4;49900;INTARIAN_PEPPER_ROOT;12468;17;12465;12;;;12474;12;12477;15;;;12471.0;0.0
yf_ADM_d4;50000;ASH_COATED_OSMIUM;9945;12;9941;22;;;9951;25;9954;23;;;9948.0;0.0
yf_ADM_d4;50000;INTARIAN_PEPPER_ROOT;12467;19;12463;25;;;12475;17;12477;13;;;12471.0;0.0
yf_ADM_d4;50100;ASH_COATED_OSMIUM;9940;16;9937;12;;;9957;6;9959;8;;;9948.5;0.0
yf_ADM_d4;50100;INTARIAN_PEPPER_ROOT;12469;16;12467;16;;;12475;10;12478;23;;;12472.0;0.0
yf_ADM_d4;50200;ASH_COATED_OSMIUM;9945;14;9943;21;;;9951;15;9954;13;;;9948.0;0.0
yf_ADM_d4;50200;INTARIAN_PEPPER_ROOT;12470;12;12468;24;;;12476;8;12479;20;;;12473.0;0.0
yf_ADM_d4;50300;ASH_COATED_OSMIUM;9945;18;9943;23;;;9951;14;9953;11;;;9948.0;0.0
yf_ADM_d4;50300;INTARIAN_PEPPER_ROOT;12462;16;12459;16;;;12485;5;12489;22;;;12473.5;0.0
yf_ADM_d4;50400;ASH_COATED_OSMIUM;9945;15;9941;23;;;9951;24;9954;23;;;9948.0;0.0
yf_ADM_d4;50400;INTARIAN_PEPPER_ROOT;12470;20;12466;26;;;12476;10;12480;19;;;12473.0;0.0
yf_ADM_d4;50500;ASH_COATED_OSMIUM;9944;13;9940;22;;;9953;10;9955;17;;;9948.5;0.0
yf_ADM_d4;50500;INTARIAN_PEPPER_ROOT;12466;12;12464;18;;;12484;5;12488;25;;;12475.0;0.0
yf_ADM_d4;50600;ASH_COATED_OSMIUM;9945;18;9943;19;;;9951;20;9953;18;;;9948.0;0.0
yf_ADM_d4;50600;INTARIAN_PEPPER_ROOT;12472;13;12469;25;;;12478;10;12482;20;;;12475.0;0.0
yf_ADM_d4;50700;ASH_COATED_OSMIUM;9946;18;9944;17;;;9952;16;9954;23;;;9949.0;0.0
yf_ADM_d4;50700;INTARIAN_PEPPER_ROOT;12473;22;12470;30;;;12479;18;12482;11;;;12476.0;0.0
yf_ADM_d4;50800;ASH_COATED_OSMIUM;9945;12;9943;17;;;9951;13;9954;15;;;9948.0;0.0
yf_ADM_d4;50800;INTARIAN_PEPPER_ROOT;12471;17;12468;11;;;12482;10;12484;20;;;12476.5;0.0
yf_ADM_d4;50900;ASH_COATED_OSMIUM;9941;21;9937;19;;;9957;16;9959;17;;;9949.0;0.0
yf_ADM_d4;50900;INTARIAN_PEPPER_ROOT;12475;11;12473;19;;;12481;14;12484;12;;;12478.0;0.0
yf_ADM_d4;51000;ASH_COATED_OSMIUM;9944;21;9941;26;;;9954;14;9956;13;;;9949.0;0.0
yf_ADM_d4;51000;INTARIAN_PEPPER_ROOT;12476;16;12473;19;;;12482;17;12485;16;;;12479.0;0.0
yf_ADM_d4;51100;ASH_COATED_OSMIUM;9946;10;9942;22;;;9952;8;9956;10;;;9949.0;0.0
yf_ADM_d4;51100;INTARIAN_PEPPER_ROOT;12474;14;12471;8;;;12486;8;12488;20;;;12480.0;0.0
yf_ADM_d4;51200;ASH_COATED_OSMIUM;9947;13;9943;29;;;9953;15;9957;12;;;9950.0;0.0
yf_ADM_d4;51200;INTARIAN_PEPPER_ROOT;12469;9;12465;28;;;12496;14;12499;20;;;12482.5;0.0
yf_ADM_d4;51300;ASH_COATED_OSMIUM;9947;17;9943;21;;;9953;22;9957;13;;;9950.0;0.0
yf_ADM_d4;51300;INTARIAN_PEPPER_ROOT;12480;7;12478;19;;;12486;15;12488;16;;;12483.0;0.0
yf_ADM_d4;51400;ASH_COATED_OSMIUM;9947;12;9945;12;;;9953;18;9957;16;;;9950.0;0.0
yf_ADM_d4;51400;INTARIAN_PEPPER_ROOT;12479;6;12476;20;;;12489;8;12493;16;;;12484.0;0.0
yf_ADM_d4;51500;ASH_COATED_OSMIUM;9947;14;9943;22;;;9953;17;9955;27;;;9950.0;0.0
yf_ADM_d4;51500;INTARIAN_PEPPER_ROOT;12479;14;12475;23;;;12492;11;12495;18;;;12485.5;0.0
yf_ADM_d4;51600;ASH_COATED_OSMIUM;9946;17;9944;16;;;9954;9;9957;19;;;9950.0;0.0
yf_ADM_d4;51600;INTARIAN_PEPPER_ROOT;12484;15;12480;27;;;12490;15;12492;22;;;12487.0;0.0
yf_ADM_d4;51700;ASH_COATED_OSMIUM;9947;23;9945;23;;;9954;23;9956;24;;;9950.5;0.0
yf_ADM_d4;51700;INTARIAN_PEPPER_ROOT;12485;14;12482;17;;;12491;5;12494;20;;;12488.0;0.0
yf_ADM_d4;51800;ASH_COATED_OSMIUM;9947;9;9945;13;;;9953;12;9956;24;;;9950.0;0.0
yf_ADM_d4;51800;INTARIAN_PEPPER_ROOT;12483;12;12480;25;;;12496;15;12498;18;;;12489.5;0.0
yf_ADM_d4;51900;ASH_COATED_OSMIUM;9948;14;9945;27;;;9954;12;9956;28;;;9951.0;0.0
yf_ADM_d4;51900;INTARIAN_PEPPER_ROOT;12488;8;12486;20;;;12494;16;12497;26;;;12491.0;0.0
yf_ADM_d4;52000;ASH_COATED_OSMIUM;9948;21;9944;13;;;9954;12;9956;32;;;9951.0;0.0
yf_ADM_d4;52000;INTARIAN_PEPPER_ROOT;12489;9;12487;19;;;12495;18;12498;22;;;12492.0;0.0
yf_ADM_d4;52100;ASH_COATED_OSMIUM;9948;14;9946;23;;;9954;13;9956;14;;;9951.0;0.0
yf_ADM_d4;52100;INTARIAN_PEPPER_ROOT;12491;9;12489;20;;;12497;18;12500;19;;;12494.0;0.0
yf_ADM_d4;52200;ASH_COATED_OSMIUM;9936;12;9933;12;;;9966;19;9969;24;;;9951.0;0.0
yf_ADM_d4;52200;INTARIAN_PEPPER_ROOT;12492;12;12488;27;;;12498;20;12501;20;;;12495.0;0.0
yf_ADM_d4;52300;ASH_COATED_OSMIUM;9949;14;9947;15;;;9955;5;9959;13;;;9952.0;0.0
yf_ADM_d4;52300;INTARIAN_PEPPER_ROOT;12490;19;12487;20;;;12504;17;12507;13;;;12497.0;0.0
yf_ADM_d4;52400;ASH_COATED_OSMIUM;9949;12;9947;26;;;9955;20;9958;9;;;9952.0;0.0
yf_ADM_d4;52400;INTARIAN_PEPPER_ROOT;12488;16;12484;22;;;12506;11;12510;20;;;12497.0;0.0
yf_ADM_d4;52500;ASH_COATED_OSMIUM;9948;14;9944;18;;;9955;11;9957;17;;;9951.5;0.0
yf_ADM_d4;52500;INTARIAN_PEPPER_ROOT;12496;15;12493;27;;;12502;17;12504;19;;;12499.0;0.0
yf_ADM_d4;52600;ASH_COATED_OSMIUM;9949;15;9946;19;;;9955;12;9958;13;;;9952.0;0.0
yf_ADM_d4;52600;INTARIAN_PEPPER_ROOT;12498;14;12496;22;;;12504;16;12508;20;;;12501.0;0.0
yf_ADM_d4;52700;ASH_COATED_OSMIUM;9939;8;9936;15;;;9965;11;9969;25;;;9952.0;0.0
yf_ADM_d4;52700;INTARIAN_PEPPER_ROOT;12498;18;12496;20;;;12504;5;12506;22;;;12501.0;0.0
yf_ADM_d4;52800;ASH_COATED_OSMIUM;9949;17;9946;15;;;9955;13;9959;23;;;9952.0;0.0
yf_ADM_d4;52800;INTARIAN_PEPPER_ROOT;12496;5;12494;21;;;12510;13;12514;24;;;12503.0;0.0
yf_ADM_d4;52900;ASH_COATED_OSMIUM;9949;18;9945;18;;;9958;20;9960;23;;;9953.5;0.0
yf_ADM_d4;52900;INTARIAN_PEPPER_ROOT;12499;20;12496;20;;;12508;12;12512;23;;;12503.5;0.0
yf_ADM_d4;53000;ASH_COATED_OSMIUM;9948;5;9946;26;;;9958;18;9960;20;;;9953.0;0.0
yf_ADM_d4;53000;INTARIAN_PEPPER_ROOT;12502;13;12499;23;;;12508;15;12511;17;;;12505.0;0.0
yf_ADM_d4;53100;ASH_COATED_OSMIUM;9936;12;9934;18;;;9970;18;9972;23;;;9953.0;0.0
yf_ADM_d4;53100;INTARIAN_PEPPER_ROOT;12504;8;12500;19;;;12510;19;12514;22;;;12507.0;0.0
yf_ADM_d4;53200;ASH_COATED_OSMIUM;9950;17;9947;22;;;9956;16;9960;17;;;9953.0;0.0
yf_ADM_d4;53200;INTARIAN_PEPPER_ROOT;12505;11;12502;18;;;12511;14;12515;22;;;12508.0;0.0
yf_ADM_d4;53300;ASH_COATED_OSMIUM;9950;14;9948;15;;;9958;15;9961;21;;;9954.0;0.0
yf_ADM_d4;53300;INTARIAN_PEPPER_ROOT;12507;15;12504;17;;;12513;16;12515;24;;;12510.0;0.0
yf_ADM_d4;53400;ASH_COATED_OSMIUM;9951;13;9947;8;;;9957;10;9960;20;;;9954.0;0.0
yf_ADM_d4;53400;INTARIAN_PEPPER_ROOT;12506;12;12502;16;;;12516;15;12519;20;;;12511.0;0.0
yf_ADM_d4;53500;ASH_COATED_OSMIUM;9951;15;9947;19;;;9957;17;9960;24;;;9954.0;0.0
yf_ADM_d4;53500;INTARIAN_PEPPER_ROOT;12508;13;12505;24;;;12516;16;12519;17;;;12512.0;0.0
yf_ADM_d4;53600;ASH_COATED_OSMIUM;9951;23;9947;18;;;9957;7;9960;25;;;9954.0;0.0
yf_ADM_d4;53600;INTARIAN_PEPPER_ROOT;12510;13;12507;16;;;12519;6;12523;22;;;12514.5;0.0
yf_ADM_d4;53700;ASH_COATED_OSMIUM;9952;11;9950;12;;;9958;17;9960;21;;;9955.0;0.0
yf_ADM_d4;53700;INTARIAN_PEPPER_ROOT;12511;17;12507;26;;;12519;18;12522;18;;;12515.0;0.0
yf_ADM_d4;53800;ASH_COATED_OSMIUM;9951;18;9948;20;;;9957;16;9959;25;;;9954.0;0.0
yf_ADM_d4;53800;INTARIAN_PEPPER_ROOT;12514;11;12511;26;;;12520;18;12523;24;;;12517.0;0.0
yf_ADM_d4;53900;ASH_COATED_OSMIUM;9951;16;9949;17;;;9957;20;9961;21;;;9954.0;0.0
yf_ADM_d4;53900;INTARIAN_PEPPER_ROOT;12511;5;12508;25;;;12524;7;12526;26;;;12517.5;0.0
yf_ADM_d4;54000;ASH_COATED_OSMIUM;9944;13;9941;27;;;9967;14;9970;23;;;9955.5;0.0
yf_ADM_d4;54000;INTARIAN_PEPPER_ROOT;12515;18;12513;18;;;12523;12;12525;24;;;12519.0;0.0
yf_ADM_d4;54100;ASH_COATED_OSMIUM;9951;10;9947;27;;;9960;14;9962;19;;;9955.5;0.0
yf_ADM_d4;54100;INTARIAN_PEPPER_ROOT;12517;16;12513;19;;;12524;19;12526;24;;;12520.5;0.0
yf_ADM_d4;54200;ASH_COATED_OSMIUM;9950;15;9947;22;;;9959;14;9961;19;;;9954.5;0.0
yf_ADM_d4;54200;INTARIAN_PEPPER_ROOT;12518;23;12514;17;;;12526;16;12528;15;;;12522.0;0.0
yf_ADM_d4;54300;ASH_COATED_OSMIUM;9947;11;9943;15;;;9964;13;9968;21;;;9955.5;0.0
yf_ADM_d4;54300;INTARIAN_PEPPER_ROOT;12519;13;12517;19;;;12526;21;12528;27;;;12522.5;0.0
yf_ADM_d4;54400;ASH_COATED_OSMIUM;9953;11;9951;19;;;9959;6;9962;14;;;9956.0;0.0
yf_ADM_d4;54400;INTARIAN_PEPPER_ROOT;12521;10;12517;15;;;12527;18;12530;18;;;12524.0;0.0
yf_ADM_d4;54500;ASH_COATED_OSMIUM;9953;13;9951;23;;;9959;15;9961;26;;;9956.0;0.0
yf_ADM_d4;54500;INTARIAN_PEPPER_ROOT;12522;10;12519;23;;;12529;11;12532;26;;;12525.5;0.0
yf_ADM_d4;54600;ASH_COATED_OSMIUM;9954;6;9950;20;;;9960;17;9963;16;;;9957.0;0.0
yf_ADM_d4;54600;INTARIAN_PEPPER_ROOT;12507;15;12503;26;;;12546;13;12550;8;;;12526.5;0.0
yf_ADM_d4;54700;ASH_COATED_OSMIUM;9952;20;9948;28;;;9961;24;9963;20;;;9956.5;0.0
yf_ADM_d4;54700;INTARIAN_PEPPER_ROOT;12526;12;12522;19;;;12532;13;12534;25;;;12529.0;0.0
yf_ADM_d4;54800;ASH_COATED_OSMIUM;9950;9;9946;30;;;9961;19;9964;8;;;9955.5;0.0
yf_ADM_d4;54800;INTARIAN_PEPPER_ROOT;12524;10;12522;26;;;12535;5;12538;25;;;12529.5;0.0
yf_ADM_d4;54900;ASH_COATED_OSMIUM;9954;18;9951;17;;;9961;11;9963;17;;;9957.5;0.0
yf_ADM_d4;54900;INTARIAN_PEPPER_ROOT;12521;19;12518;20;;;12542;17;12545;19;;;12531.5;0.0
yf_ADM_d4;55000;ASH_COATED_OSMIUM;9950;14;9946;19;;;9964;5;9968;8;;;9957.0;0.0
yf_ADM_d4;55000;INTARIAN_PEPPER_ROOT;12520;21;12516;21;;;12544;18;12548;14;;;12532.0;0.0
yf_ADM_d4;55100;ASH_COATED_OSMIUM;9954;15;9951;13;;;9960;19;9963;19;;;9957.0;0.0
yf_ADM_d4;55100;INTARIAN_PEPPER_ROOT;12530;19;12526;22;;;12537;21;12540;23;;;12533.5;0.0
yf_ADM_d4;55200;ASH_COATED_OSMIUM;9954;16;9951;16;;;9960;5;9964;29;;;9957.0;0.0
yf_ADM_d4;55200;INTARIAN_PEPPER_ROOT;12517;19;12515;24;;;12553;15;12555;16;;;12535.0;0.0
yf_ADM_d4;55300;ASH_COATED_OSMIUM;9954;13;9952;16;;;9960;14;9962;24;;;9957.0;0.0
yf_ADM_d4;55300;INTARIAN_PEPPER_ROOT;12533;11;12530;25;;;12539;16;12543;26;;;12536.0;0.0
yf_ADM_d4;55400;ASH_COATED_OSMIUM;9955;15;9952;22;;;9961;22;9963;17;;;9958.0;0.0
yf_ADM_d4;55400;INTARIAN_PEPPER_ROOT;12534;10;12530;21;;;12543;11;12547;21;;;12538.5;0.0
yf_ADM_d4;55500;ASH_COATED_OSMIUM;9942;24;9940;21;;;9974;20;9978;22;;;9958.0;0.0
yf_ADM_d4;55500;INTARIAN_PEPPER_ROOT;12536;22;12533;23;;;12542;7;12545;20;;;12539.0;0.0
yf_ADM_d4;55600;ASH_COATED_OSMIUM;9955;16;9953;21;;;9961;19;9965;18;;;9958.0;0.0
yf_ADM_d4;55600;INTARIAN_PEPPER_ROOT;12536;18;12532;21;;;12545;19;12549;18;;;12540.5;0.0
yf_ADM_d4;55700;ASH_COATED_OSMIUM;9955;18;9953;16;;;9961;6;9964;20;;;9958.0;0.0
yf_ADM_d4;55700;INTARIAN_PEPPER_ROOT;12532;16;12529;8;;;12552;9;12555;20;;;12542.0;0.0
yf_ADM_d4;55800;ASH_COATED_OSMIUM;9955;14;9953;18;;;9961;16;9964;30;;;9958.0;0.0
yf_ADM_d4;55800;INTARIAN_PEPPER_ROOT;12540;18;12537;14;;;12546;8;12548;27;;;12543.0;0.0
yf_ADM_d4;55900;ASH_COATED_OSMIUM;9956;14;9954;21;;;9962;17;9966;17;;;9959.0;0.0
yf_ADM_d4;55900;INTARIAN_PEPPER_ROOT;12537;22;12534;24;;;12551;23;12555;14;;;12544.0;0.0
yf_ADM_d4;56000;ASH_COATED_OSMIUM;9945;15;9943;20;;;9973;12;9976;18;;;9959.0;0.0
yf_ADM_d4;56000;INTARIAN_PEPPER_ROOT;12543;6;12540;29;;;12549;11;12552;21;;;12546.0;0.0
yf_ADM_d4;56100;ASH_COATED_OSMIUM;9956;18;9952;25;;;9962;14;9965;14;;;9959.0;0.0
yf_ADM_d4;56100;INTARIAN_PEPPER_ROOT;12544;18;12540;19;;;12550;16;12552;22;;;12547.0;0.0
yf_ADM_d4;56200;ASH_COATED_OSMIUM;9956;16;9954;25;;;9962;8;9964;15;;;9959.0;0.0
yf_ADM_d4;56200;INTARIAN_PEPPER_ROOT;12541;16;12539;21;;;12556;13;12558;30;;;12548.5;0.0
yf_ADM_d4;56300;ASH_COATED_OSMIUM;9949;14;9946;24;;;9971;14;9974;17;;;9960.0;0.0
yf_ADM_d4;56300;INTARIAN_PEPPER_ROOT;12543;14;12539;19;;;12557;19;12559;24;;;12550.0;0.0
yf_ADM_d4;56400;ASH_COATED_OSMIUM;9956;19;9952;11;;;9962;14;9966;19;;;9959.0;0.0
yf_ADM_d4;56400;INTARIAN_PEPPER_ROOT;12548;13;12546;24;;;12554;17;12556;16;;;12551.0;0.0
yf_ADM_d4;56500;ASH_COATED_OSMIUM;9957;16;9953;22;;;9963;22;9965;12;;;9960.0;0.0
yf_ADM_d4;56500;INTARIAN_PEPPER_ROOT;12544;5;12541;20;;;12561;23;12563;16;;;12552.5;0.0
yf_ADM_d4;56600;ASH_COATED_OSMIUM;9957;12;9955;12;;;9963;23;9967;18;;;9960.0;0.0
yf_ADM_d4;56600;INTARIAN_PEPPER_ROOT;12548;5;12546;20;;;12560;9;12564;20;;;12554.0;0.0
yf_ADM_d4;56700;ASH_COATED_OSMIUM;9956;12;9953;25;;;9964;25;9967;17;;;9960.0;0.0
yf_ADM_d4;56700;INTARIAN_PEPPER_ROOT;12541;16;12539;21;;;12568;11;12571;25;;;12554.5;0.0
yf_ADM_d4;56800;ASH_COATED_OSMIUM;9954;9;9950;15;;;9966;22;9970;13;;;9960.0;0.0
yf_ADM_d4;56800;INTARIAN_PEPPER_ROOT;12553;11;12549;20;;;12559;20;12563;23;;;12556.0;0.0
yf_ADM_d4;56900;ASH_COATED_OSMIUM;9958;7;9956;21;;;9964;20;9966;18;;;9961.0;0.0
yf_ADM_d4;56900;INTARIAN_PEPPER_ROOT;12551;19;12549;17;;;12565;21;12567;15;;;12558.0;0.0
yf_ADM_d4;57000;ASH_COATED_OSMIUM;9956;24;9954;14;;;9966;5;9969;19;;;9961.0;0.0
yf_ADM_d4;57000;INTARIAN_PEPPER_ROOT;12556;18;12554;19;;;12562;20;12564;11;;;12559.0;0.0
yf_ADM_d4;57100;ASH_COATED_OSMIUM;9958;22;9956;14;;;9964;10;9967;16;;;9961.0;0.0
yf_ADM_d4;57100;INTARIAN_PEPPER_ROOT;12557;20;12555;18;;;12563;22;12566;17;;;12560.0;0.0
yf_ADM_d4;57200;ASH_COATED_OSMIUM;9956;21;9954;24;;;9966;8;9968;20;;;9961.0;0.0
yf_ADM_d4;57200;INTARIAN_PEPPER_ROOT;12559;21;12557;26;;;12565;14;12567;15;;;12562.0;0.0
yf_ADM_d4;57300;ASH_COATED_OSMIUM;9958;18;9954;18;;;9964;22;9967;21;;;9961.0;0.0
yf_ADM_d4;57300;INTARIAN_PEPPER_ROOT;12560;17;12556;18;;;12566;16;12570;26;;;12563.0;0.0
yf_ADM_d4;57400;ASH_COATED_OSMIUM;9954;19;9950;18;;;9969;11;9973;23;;;9961.5;0.0
yf_ADM_d4;57400;INTARIAN_PEPPER_ROOT;12561;8;12558;17;;;12567;13;12571;8;;;12564.0;0.0
yf_ADM_d4;57500;ASH_COATED_OSMIUM;9959;19;9955;24;;;9965;16;9967;21;;;9962.0;0.0
yf_ADM_d4;57500;INTARIAN_PEPPER_ROOT;12562;9;12560;24;;;12570;9;12573;24;;;12566.0;0.0
yf_ADM_d4;57600;ASH_COATED_OSMIUM;9959;23;9956;20;;;9965;18;9967;18;;;9962.0;0.0
yf_ADM_d4;57600;INTARIAN_PEPPER_ROOT;12555;16;12551;23;;;12579;16;12581;14;;;12567.0;0.0
yf_ADM_d4;57700;ASH_COATED_OSMIUM;9959;14;9955;20;;;9965;16;9969;19;;;9962.0;0.0
yf_ADM_d4;57700;INTARIAN_PEPPER_ROOT;12566;11;12563;19;;;12572;17;12575;19;;;12569.0;0.0
yf_ADM_d4;57800;ASH_COATED_OSMIUM;9952;12;9949;31;;;9973;18;9977;26;;;9962.5;0.0
yf_ADM_d4;57800;INTARIAN_PEPPER_ROOT;12553;20;12551;21;;;12585;14;12589;28;;;12569.0;0.0
yf_ADM_d4;57900;ASH_COATED_OSMIUM;9960;11;9957;14;;;9966;15;9970;22;;;9963.0;0.0
yf_ADM_d4;57900;INTARIAN_PEPPER_ROOT;12566;7;12564;18;;;12574;19;12576;15;;;12570.0;0.0
yf_ADM_d4;58000;ASH_COATED_OSMIUM;9960;19;9958;21;;;9966;13;9970;21;;;9963.0;0.0
yf_ADM_d4;58000;INTARIAN_PEPPER_ROOT;12570;10;12567;20;;;12576;23;12580;31;;;12573.0;0.0
yf_ADM_d4;58100;ASH_COATED_OSMIUM;9960;6;9957;20;;;9966;16;9968;21;;;9963.0;0.0
yf_ADM_d4;58100;INTARIAN_PEPPER_ROOT;12571;11;12568;11;;;12577;12;12579;24;;;12574.0;0.0
yf_ADM_d4;58200;ASH_COATED_OSMIUM;9959;24;9955;19;;;9968;16;9970;14;;;9963.5;0.0
yf_ADM_d4;58200;INTARIAN_PEPPER_ROOT;12568;22;12564;23;;;12583;8;12586;28;;;12575.5;0.0
yf_ADM_d4;58300;ASH_COATED_OSMIUM;9946;18;9944;22;;;9981;12;9983;12;;;9963.5;0.0
yf_ADM_d4;58300;INTARIAN_PEPPER_ROOT;12555;15;12553;17;;;12599;9;12603;11;;;12577.0;0.0
yf_ADM_d4;58400;ASH_COATED_OSMIUM;9955;18;9953;14;;;9973;7;9976;20;;;9964.0;0.0
yf_ADM_d4;58400;INTARIAN_PEPPER_ROOT;12575;10;12572;23;;;12581;20;12583;16;;;12578.0;0.0
yf_ADM_d4;58500;ASH_COATED_OSMIUM;9948;20;9944;15;;;9979;18;9983;18;;;9963.5;0.0
yf_ADM_d4;58500;INTARIAN_PEPPER_ROOT;12574;13;12570;19;;;12585;12;12589;20;;;12579.5;0.0
yf_ADM_d4;58600;ASH_COATED_OSMIUM;9961;27;9958;25;;;9967;12;9970;23;;;9964.0;0.0
yf_ADM_d4;58600;INTARIAN_PEPPER_ROOT;12574;17;12570;18;;;12587;9;12591;25;;;12580.5;0.0
yf_ADM_d4;58700;ASH_COATED_OSMIUM;9961;10;9958;18;;;9967;13;9970;12;;;9964.0;0.0
yf_ADM_d4;58700;INTARIAN_PEPPER_ROOT;12579;13;12576;19;;;12585;20;12589;25;;;12582.0;0.0
yf_ADM_d4;58800;ASH_COATED_OSMIUM;9959;18;9956;23;;;9969;17;9972;14;;;9964.0;0.0
yf_ADM_d4;58800;INTARIAN_PEPPER_ROOT;12581;21;12577;21;;;12587;26;12591;22;;;12584.0;0.0
yf_ADM_d4;58900;ASH_COATED_OSMIUM;9957;22;9954;15;;;9972;20;9974;18;;;9964.5;0.0
yf_ADM_d4;58900;INTARIAN_PEPPER_ROOT;12582;20;12578;19;;;12588;13;12591;22;;;12585.0;0.0
yf_ADM_d4;59000;ASH_COATED_OSMIUM;9961;16;9958;21;;;9968;21;9972;17;;;9964.5;0.0
yf_ADM_d4;59000;INTARIAN_PEPPER_ROOT;12582;12;12580;19;;;12589;9;12591;30;;;12585.5;0.0
