day;timestamp;product;bid_price_1;bid_volume_1;bid_price_2;bid_volume_2;bid_price_3;bid_volume_3;ask_price_1;ask_volume_1;ask_price_2;ask_volume_2;ask_price_3;ask_volume_3;mid_price;profit_and_loss
av_COTTON_d9;0;ASH_COATED_OSMIUM;10096;17;10092;13;;;10104;8;10108;20;;;10100.0;0.0
av_COTTON_d9;0;INTARIAN_PEPPER_ROOT;11707;17;11705;24;;;11713;26;11717;22;;;11710.0;0.0
av_COTTON_d9;100;ASH_COATED_OSMIUM;10097;15;10095;14;;;10103;18;10107;9;;;10100.0;0.0
av_COTTON_d9;100;INTARIAN_PEPPER_ROOT;11701;25;11699;16;;;11707;13;11710;13;;;11704.0;0.0
av_COTTON_d9;200;ASH_COATED_OSMIUM;10096;20;10093;21;;;10102;14;10106;15;;;10099.0;0.0
av_COTTON_d9;200;INTARIAN_PEPPER_ROOT;11696;12;11693;13;;;11702;18;11705;20;;;11699.0;0.0
av_COTTON_d9;300;ASH_COATED_OSMIUM;10096;23;10092;16;;;10102;17;10104;20;;;10099.0;0.0
av_COTTON_d9;300;INTARIAN_PEPPER_ROOT;11687;12;11684;23;;;11700;13;11704;17;;;11693.5;0.0
av_COTTON_d9;400;ASH_COATED_OSMIUM;10096;24;10093;20;;;10102;7;10105;20;;;10099.0;0.0
av_COTTON_d9;400;INTARIAN_PEPPER_ROOT;11682;11;11678;21;;;11694;11;11697;20;;;11688.0;0.0
av_COTTON_d9;500;ASH_COATED_OSMIUM;10091;7;10087;13;;;10107;21;10110;22;;;10099.0;0.0
av_COTTON_d9;500;INTARIAN_PEPPER_ROOT;11671;6;11669;20;;;11692;15;11694;24;;;11681.5;0.0
av_COTTON_d9;600;ASH_COATED_OSMIUM;10096;6;10093;20;;;10102;19;10104;8;;;10099.0;0.0
av_COTTON_d9;600;INTARIAN_PEPPER_ROOT;11674;10;11671;25;;;11680;11;11684;15;;;11677.0;0.0
av_COTTON_d9;700;ASH_COATED_OSMIUM;10094;12;10090;20;;;10104;12;10106;15;;;10099.0;0.0
av_COTTON_d9;700;INTARIAN_PEPPER_ROOT;11669;12;11667;22;;;11675;9;11678;25;;;11672.0;0.0
av_COTTON_d9;800;ASH_COATED_OSMIUM;10095;23;10093;22;;;10101;5;10104;28;;;10098.0;0.0
av_COTTON_d9;800;INTARIAN_PEPPER_ROOT;11663;13;11661;21;;;11669;5;11673;22;;;11666.0;0.0
av_COTTON_d9;900;ASH_COATED_OSMIUM;10096;18;10093;18;;;10103;17;10107;23;;;10099.5;0.0
av_COTTON_d9;900;INTARIAN_PEPPER_ROOT;11657;9;11655;17;;;11663;17;11665;14;;;11660.0;0.0
av_COTTON_d9;1000;ASH_COATED_OSMIUM;10096;20;10092;15;;;10102;23;10105;19;;;10099.0;0.0
av_COTTON_d9;1000;INTARIAN_PEPPER_ROOT;11653;20;11650;18;;;11659;9;11662;12;;;11656.0;0.0
av_COTTON_d9;1100;ASH_COATED_OSMIUM;10096;9;10094;26;;;10102;16;10104;21;;;10099.0;0.0
av_COTTON_d9;1100;INTARIAN_PEPPER_ROOT;11636;14;11633;25;;;11664;13;11667;13;;;11650.0;0.0
av_COTTON_d9;1200;ASH_COATED_OSMIUM;10087;5;10085;17;;;10110;19;10113;12;;;10098.5;0.0
av_COTTON_d9;1200;INTARIAN_PEPPER_ROOT;11641;9;11639;19;;;11647;8;11649;22;;;11644.0;0.0
av_COTTON_d9;1300;ASH_COATED_OSMIUM;10094;30;10090;19;;;10104;19;10107;26;;;10099.0;0.0
av_COTTON_d9;1300;INTARIAN_PEPPER_ROOT;11634;15;11632;13;;;11644;19;11646;25;;;11639.0;0.0
av_COTTON_d9;1400;ASH_COATED_OSMIUM;10096;16;10093;22;;;10102;18;10104;18;;;10099.0;0.0
av_COTTON_d9;1400;INTARIAN_PEPPER_ROOT;11631;10;11628;15;;;11637;16;11640;23;;;11634.0;0.0
av_COTTON_d9;1500;ASH_COATED_OSMIUM;10096;16;10094;23;;;10102;7;10105;15;;;10099.0;0.0
av_COTTON_d9;1500;INTARIAN_PEPPER_ROOT;11625;19;11622;17;;;11631;16;11633;14;;;11628.0;0.0
av_COTTON_d9;1600;ASH_COATED_OSMIUM;10096;18;10093;22;;;10102;20;10104;23;;;10099.0;0.0
av_COTTON_d9;1600;INTARIAN_PEPPER_ROOT;11620;14;11616;19;;;11626;16;11628;21;;;11623.0;0.0
av_COTTON_d9;1700;ASH_COATED_OSMIUM;10096;15;10093;9;;;10102;11;10104;21;;;10099.0;0.0
av_COTTON_d9;1700;INTARIAN_PEPPER_ROOT;11609;14;11606;21;;;11625;10;11629;13;;;11617.0;0.0
av_COTTON_d9;1800;ASH_COATED_OSMIUM;10095;18;10092;25;;;10101;10;10103;19;;;10098.0;0.0
av_COTTON_d9;1800;INTARIAN_PEPPER_ROOT;11609;7;11606;21;;;11615;20;11618;19;;;11612.0;0.0
av_COTTON_d9;1900;ASH_COATED_OSMIUM;10093;10;10091;23;;;10104;5;10106;24;;;10098.5;0.0
av_COTTON_d9;1900;INTARIAN_PEPPER_ROOT;11604;6;11601;22;;;11610;19;11612;18;;;11607.0;0.0
av_COTTON_d9;2000;ASH_COATED_OSMIUM;10095;19;10092;14;;;10101;8;10103;17;;;10098.0;0.0
av_COTTON_d9;2000;INTARIAN_PEPPER_ROOT;11595;18;11591;22;;;11608;13;11611;16;;;11601.5;0.0
av_COTTON_d9;2100;ASH_COATED_OSMIUM;10096;17;10092;16;;;10102;14;10106;20;;;10099.0;0.0
av_COTTON_d9;2100;INTARIAN_PEPPER_ROOT;11593;20;11591;26;;;11599;14;11603;8;;;11596.0;0.0
av_COTTON_d9;2200;ASH_COATED_OSMIUM;10095;18;10093;16;;;10101;14;10103;22;;;10098.0;0.0
av_COTTON_d9;2200;INTARIAN_PEPPER_ROOT;11587;17;11584;21;;;11593;16;11595;14;;;11590.0;0.0
av_COTTON_d9;2300;ASH_COATED_OSMIUM;10094;21;10091;14;;;10103;16;10106;13;;;10098.5;0.0
av_COTTON_d9;2300;INTARIAN_PEPPER_ROOT;11582;16;11579;14;;;11588;10;11590;16;;;11585.0;0.0
av_COTTON_d9;2400;ASH_COATED_OSMIUM;10095;24;10092;8;;;10101;13;10105;23;;;10098.0;0.0
av_COTTON_d9;2400;INTARIAN_PEPPER_ROOT;11576;11;11573;19;;;11584;19;11588;19;;;11580.0;0.0
av_COTTON_d9;2500;ASH_COATED_OSMIUM;10086;19;10083;16;;;10110;10;10113;14;;;10098.0;0.0
av_COTTON_d9;2500;INTARIAN_PEPPER_ROOT;11571;18;11568;29;;;11579;13;11583;22;;;11575.0;0.0
av_COTTON_d9;2600;ASH_COATED_OSMIUM;10093;12;10091;20;;;10104;25;10108;24;;;10098.5;0.0
av_COTTON_d9;2600;INTARIAN_PEPPER_ROOT;11566;22;11564;18;;;11572;13;11575;23;;;11569.0;0.0
av_COTTON_d9;2700;ASH_COATED_OSMIUM;10094;12;10091;12;;;10103;10;10106;22;;;10098.5;0.0
av_COTTON_d9;2700;INTARIAN_PEPPER_ROOT;11561;17;11557;16;;;11567;14;11569;21;;;11564.0;0.0
av_COTTON_d9;2800;ASH_COATED_OSMIUM;10095;14;10093;18;;;10101;10;10105;21;;;10098.0;0.0
av_COTTON_d9;2800;INTARIAN_PEPPER_ROOT;11553;15;11551;27;;;11564;18;11566;19;;;11558.5;0.0
av_COTTON_d9;2900;ASH_COATED_OSMIUM;10095;15;10093;18;;;10101;10;10103;16;;;10098.0;0.0
av_COTTON_d9;2900;INTARIAN_PEPPER_ROOT;11549;7;11546;16;;;11557;7;11559;25;;;11553.0;0.0
av_COTTON_d9;3000;ASH_COATED_OSMIUM;10095;17;10091;19;;;10101;12;10105;19;;;10098.0;0.0
av_COTTON_d9;3000;INTARIAN_PEPPER_ROOT;11544;9;11541;16;;;11550;13;11553;12;;;11547.0;0.0
av_COTTON_d9;3100;ASH_COATED_OSMIUM;10094;16;10092;25;;;10102;12;10105;22;;;10098.0;0.0
av_COTTON_d9;3100;INTARIAN_PEPPER_ROOT;11539;23;11536;15;;;11545;18;11549;24;;;11542.0;0.0
av_COTTON_d9;3200;ASH_COATED_OSMIUM;10095;15;10093;24;;;10101;16;10105;23;;;10098.0;0.0
av_COTTON_d9;3200;INTARIAN_PEPPER_ROOT;11534;20;11530;21;;;11540;22;11544;17;;;11537.0;0.0
av_COTTON_d9;3300;ASH_COATED_OSMIUM;10095;5;10093;22;;;10101;8;10103;15;;;10098.0;0.0
av_COTTON_d9;3300;INTARIAN_PEPPER_ROOT;11528;22;11525;19;;;11534;19;11536;18;;;11531.0;0.0
av_COTTON_d9;3400;ASH_COATED_OSMIUM;10095;18;10093;23;;;10101;10;10105;19;;;10098.0;0.0
av_COTTON_d9;3400;INTARIAN_PEPPER_ROOT;11515;6;11512;16;;;11538;14;11540;16;;;11526.5;0.0
av_COTTON_d9;3500;ASH_COATED_OSMIUM;10092;18;10089;20;;;10105;22;10108;21;;;10098.5;0.0
av_COTTON_d9;3500;INTARIAN_PEPPER_ROOT;11518;11;11516;21;;;11524;17;11528;23;;;11521.0;0.0
av_COTTON_d9;3600;ASH_COATED_OSMIUM;10095;20;10093;14;;;10101;18;10104;26;;;10098.0;0.0
av_COTTON_d9;3600;INTARIAN_PEPPER_ROOT;11511;9;11509;20;;;11517;13;11520;20;;;11514.0;0.0
av_COTTON_d9;3700;ASH_COATED_OSMIUM;10090;9;10086;20;;;10107;12;10110;23;;;10098.5;0.0
av_COTTON_d9;3700;INTARIAN_PEPPER_ROOT;11504;11;11501;24;;;11515;18;11518;25;;;11509.5;0.0
av_COTTON_d9;3800;ASH_COATED_OSMIUM;10095;13;10091;21;;;10101;14;10105;30;;;10098.0;0.0
av_COTTON_d9;3800;INTARIAN_PEPPER_ROOT;11498;15;11495;17;;;11510;14;11512;16;;;11504.0;0.0
av_COTTON_d9;3900;ASH_COATED_OSMIUM;10093;19;10090;27;;;10103;15;10106;25;;;10098.0;0.0
av_COTTON_d9;3900;INTARIAN_PEPPER_ROOT;11493;12;11491;19;;;11503;21;11507;18;;;11498.0;0.0
av_COTTON_d9;4000;ASH_COATED_OSMIUM;10094;15;10091;12;;;10100;10;10104;15;;;10097.0;0.0
av_COTTON_d9;4000;INTARIAN_PEPPER_ROOT;11490;10;11488;18;;;11496;16;11499;11;;;11493.0;0.0
av_COTTON_d9;4100;ASH_COATED_OSMIUM;10094;19;10092;18;;;10100;13;10103;28;;;10097.0;0.0
av_COTTON_d9;4100;INTARIAN_PEPPER_ROOT;11485;12;11481;21;;;11491;10;11494;25;;;11488.0;0.0
av_COTTON_d9;4200;ASH_COATED_OSMIUM;10094;20;10091;23;;;10100;18;10103;8;;;10097.0;0.0
av_COTTON_d9;4200;INTARIAN_PEPPER_ROOT;11480;12;11476;19;;;11486;17;11488;16;;;11483.0;0.0
av_COTTON_d9;4300;ASH_COATED_OSMIUM;10089;10;10086;25;;;10105;12;10108;21;;;10097.0;0.0
av_COTTON_d9;4300;INTARIAN_PEPPER_ROOT;11469;12;11467;22;;;11484;6;11487;19;;;11476.5;0.0
av_COTTON_d9;4400;ASH_COATED_OSMIUM;10091;22;10087;10;;;10103;18;10106;23;;;10097.0;0.0
av_COTTON_d9;4400;INTARIAN_PEPPER_ROOT;11468;9;11465;17;;;11475;15;11479;15;;;11471.5;0.0
av_COTTON_d9;4500;ASH_COATED_OSMIUM;10092;20;10089;29;;;10104;18;10107;17;;;10098.0;0.0
av_COTTON_d9;4500;INTARIAN_PEPPER_ROOT;11464;6;11462;24;;;11470;24;11474;15;;;11467.0;0.0
av_COTTON_d9;4600;ASH_COATED_OSMIUM;10093;19;10090;14;;;10101;21;10105;24;;;10097.0;0.0
av_COTTON_d9;4600;INTARIAN_PEPPER_ROOT;11458;12;11455;13;;;11464;18;11466;21;;;11461.0;0.0
av_COTTON_d9;4700;ASH_COATED_OSMIUM;10094;8;10092;18;;;10101;8;10103;21;;;10097.5;0.0
av_COTTON_d9;4700;INTARIAN_PEPPER_ROOT;11443;19;11440;22;;;11466;18;11469;21;;;11454.5;0.0
av_COTTON_d9;4800;ASH_COATED_OSMIUM;10092;18;10090;19;;;10102;23;10106;10;;;10097.0;0.0
av_COTTON_d9;4800;INTARIAN_PEPPER_ROOT;11447;13;11443;28;;;11453;13;11456;20;;;11450.0;0.0
av_COTTON_d9;4900;ASH_COATED_OSMIUM;10094;16;10090;19;;;10100;18;10102;22;;;10097.0;0.0
av_COTTON_d9;4900;INTARIAN_PEPPER_ROOT;11428;17;11426;21;;;11461;7;11463;18;;;11444.5;0.0
av_COTTON_d9;5000;ASH_COATED_OSMIUM;10082;14;10078;18;;;10113;13;10115;26;;;10097.5;0.0
av_COTTON_d9;5000;INTARIAN_PEPPER_ROOT;11433;16;11429;22;;;11446;15;11450;14;;;11439.5;0.0
av_COTTON_d9;5100;ASH_COATED_OSMIUM;10080;17;10078;23;;;10114;16;10118;32;;;10097.0;0.0
av_COTTON_d9;5100;INTARIAN_PEPPER_ROOT;11430;10;11428;17;;;11436;10;11440;18;;;11433.0;0.0
av_COTTON_d9;5200;ASH_COATED_OSMIUM;10094;18;10092;14;;;10100;9;10103;27;;;10097.0;0.0
av_COTTON_d9;5200;INTARIAN_PEPPER_ROOT;11425;9;11421;19;;;11431;20;11433;16;;;11428.0;0.0
av_COTTON_d9;5300;ASH_COATED_OSMIUM;10085;11;10081;16;;;10109;11;10111;18;;;10097.0;0.0
av_COTTON_d9;5300;INTARIAN_PEPPER_ROOT;11420;9;11417;13;;;11426;12;11428;20;;;11423.0;0.0
av_COTTON_d9;5400;ASH_COATED_OSMIUM;10094;12;10092;16;;;10100;20;10102;23;;;10097.0;0.0
av_COTTON_d9;5400;INTARIAN_PEPPER_ROOT;11413;9;11409;27;;;11422;17;11425;23;;;11417.5;0.0
av_COTTON_d9;5500;ASH_COATED_OSMIUM;10094;8;10091;21;;;10100;25;10104;23;;;10097.0;0.0
av_COTTON_d9;5500;INTARIAN_PEPPER_ROOT;11409;14;11406;26;;;11415;15;11419;17;;;11412.0;0.0
av_COTTON_d9;5600;ASH_COATED_OSMIUM;10094;25;10092;19;;;10100;15;10103;16;;;10097.0;0.0
av_COTTON_d9;5600;INTARIAN_PEPPER_ROOT;11404;23;11402;25;;;11410;7;11414;21;;;11407.0;0.0
av_COTTON_d9;5700;ASH_COATED_OSMIUM;10093;17;10091;22;;;10099;10;10103;23;;;10096.0;0.0
av_COTTON_d9;5700;INTARIAN_PEPPER_ROOT;11398;18;11396;20;;;11404;11;11408;19;;;11401.0;0.0
av_COTTON_d9;5800;ASH_COATED_OSMIUM;10093;13;10089;18;;;10099;12;10103;26;;;10096.0;0.0
av_COTTON_d9;5800;INTARIAN_PEPPER_ROOT;11385;8;11382;13;;;11408;10;11411;22;;;11396.5;0.0
av_COTTON_d9;5900;ASH_COATED_OSMIUM;10088;16;10086;12;;;10105;10;10108;19;;;10096.5;0.0
av_COTTON_d9;5900;INTARIAN_PEPPER_ROOT;11383;12;11381;27;;;11399;20;11402;21;;;11391.0;0.0
av_COTTON_d9;6000;ASH_COATED_OSMIUM;10094;5;10090;16;;;10100;17;10104;17;;;10097.0;0.0
av_COTTON_d9;6000;INTARIAN_PEPPER_ROOT;11377;19;11374;20;;;11393;10;11395;26;;;11385.0;0.0
av_COTTON_d9;6100;ASH_COATED_OSMIUM;10094;19;10092;25;;;10100;11;10102;16;;;10097.0;0.0
av_COTTON_d9;6100;INTARIAN_PEPPER_ROOT;11377;17;11373;15;;;11383;16;11386;18;;;11380.0;0.0
av_COTTON_d9;6200;ASH_COATED_OSMIUM;10092;21;10088;20;;;10100;11;10103;17;;;10096.0;0.0
av_COTTON_d9;6200;INTARIAN_PEPPER_ROOT;11371;8;11367;35;;;11377;13;11381;19;;;11374.0;0.0
av_COTTON_d9;6300;ASH_COATED_OSMIUM;10088;16;10084;18;;;10104;12;10106;13;;;10096.0;0.0
av_COTTON_d9;6300;INTARIAN_PEPPER_ROOT;11365;16;11361;18;;;11371;17;11373;11;;;11368.0;0.0
av_COTTON_d9;6400;ASH_COATED_OSMIUM;10093;19;10090;12;;;10099;23;10102;21;;;10096.0;0.0
av_COTTON_d9;6400;INTARIAN_PEPPER_ROOT;11361;14;11359;14;;;11367;19;11369;25;;;11364.0;0.0
av_COTTON_d9;6500;ASH_COATED_OSMIUM;10091;17;10087;11;;;10101;16;10105;19;;;10096.0;0.0
av_COTTON_d9;6500;INTARIAN_PEPPER_ROOT;11346;15;11344;17;;;11371;12;11375;18;;;11358.5;0.0
av_COTTON_d9;6600;ASH_COATED_OSMIUM;10093;22;10089;23;;;10099;17;10101;15;;;10096.0;0.0
av_COTTON_d9;6600;INTARIAN_PEPPER_ROOT;11349;12;11347;24;;;11356;14;11359;20;;;11352.5;0.0
av_COTTON_d9;6700;ASH_COATED_OSMIUM;10093;10;10091;24;;;10100;20;10103;11;;;10096.5;0.0
av_COTTON_d9;6700;INTARIAN_PEPPER_ROOT;11344;14;11340;14;;;11350;17;11354;19;;;11347.0;0.0
av_COTTON_d9;6800;ASH_COATED_OSMIUM;10092;16;10090;26;;;10098;8;10100;19;;;10095.0;0.0
av_COTTON_d9;6800;INTARIAN_PEPPER_ROOT;11339;11;11337;18;;;11345;18;11349;21;;;11342.0;0.0
av_COTTON_d9;6900;ASH_COATED_OSMIUM;10089;11;10087;25;;;10103;16;10107;22;;;10096.0;0.0
av_COTTON_d9;6900;INTARIAN_PEPPER_ROOT;11332;13;11328;17;;;11341;5;11344;22;;;11336.5;0.0
av_COTTON_d9;7000;ASH_COATED_OSMIUM;10093;18;10091;21;;;10099;16;10102;14;;;10096.0;0.0
av_COTTON_d9;7000;INTARIAN_PEPPER_ROOT;11329;20;11326;28;;;11335;17;11337;22;;;11332.0;0.0
av_COTTON_d9;7100;ASH_COATED_OSMIUM;10093;13;10091;29;;;10099;23;10103;16;;;10096.0;0.0
av_COTTON_d9;7100;INTARIAN_PEPPER_ROOT;11322;6;11320;20;;;11328;20;11331;15;;;11325.0;0.0
av_COTTON_d9;7200;ASH_COATED_OSMIUM;10093;18;10089;15;;;10099;10;10103;18;;;10096.0;0.0
av_COTTON_d9;7200;INTARIAN_PEPPER_ROOT;11317;9;11313;17;;;11323;21;11325;25;;;11320.0;0.0
av_COTTON_d9;7300;ASH_COATED_OSMIUM;10083;17;10080;22;;;10110;18;10112;21;;;10096.5;0.0
av_COTTON_d9;7300;INTARIAN_PEPPER_ROOT;11312;5;11310;26;;;11318;16;11321;17;;;11315.0;0.0
av_COTTON_d9;7400;ASH_COATED_OSMIUM;10089;13;10087;16;;;10103;20;10106;18;;;10096.0;0.0
av_COTTON_d9;7400;INTARIAN_PEPPER_ROOT;11305;14;11303;24;;;11315;9;11319;21;;;11310.0;0.0
av_COTTON_d9;7500;ASH_COATED_OSMIUM;10092;10;10089;12;;;10098;13;10102;26;;;10095.0;0.0
av_COTTON_d9;7500;INTARIAN_PEPPER_ROOT;11301;21;11299;21;;;11307;14;11310;20;;;11304.0;0.0
av_COTTON_d9;7600;ASH_COATED_OSMIUM;10092;15;10090;20;;;10098;10;10101;22;;;10095.0;0.0
av_COTTON_d9;7600;INTARIAN_PEPPER_ROOT;11293;15;11291;28;;;11304;21;11306;20;;;11298.5;0.0
av_COTTON_d9;7700;ASH_COATED_OSMIUM;10093;20;10091;13;;;10099;26;10102;17;;;10096.0;0.0
av_COTTON_d9;7700;INTARIAN_PEPPER_ROOT;11290;11;11286;26;;;11296;11;11300;17;;;11293.0;0.0
av_COTTON_d9;7800;ASH_COATED_OSMIUM;10093;12;10091;18;;;10099;15;10101;26;;;10096.0;0.0
av_COTTON_d9;7800;INTARIAN_PEPPER_ROOT;11285;7;11282;17;;;11291;17;11295;22;;;11288.0;0.0
av_COTTON_d9;7900;ASH_COATED_OSMIUM;10084;13;10082;9;;;10108;20;10110;22;;;10096.0;0.0
av_COTTON_d9;7900;INTARIAN_PEPPER_ROOT;11240;14;11237;18;;;11324;18;11326;19;;;11282.0;0.0
av_COTTON_d9;8000;ASH_COATED_OSMIUM;10093;13;10090;17;;;10099;16;10101;18;;;10096.0;0.0
av_COTTON_d9;8000;INTARIAN_PEPPER_ROOT;11274;9;11272;28;;;11280;15;11283;16;;;11277.0;0.0
av_COTTON_d9;8100;ASH_COATED_OSMIUM;10089;15;10085;27;;;10101;15;10105;22;;;10095.0;0.0
av_COTTON_d9;8100;INTARIAN_PEPPER_ROOT;11269;15;11265;15;;;11275;17;11278;26;;;11272.0;0.0
av_COTTON_d9;8200;ASH_COATED_OSMIUM;10092;9;10090;11;;;10098;20;10101;19;;;10095.0;0.0
av_COTTON_d9;8200;INTARIAN_PEPPER_ROOT;11263;20;11259;23;;;11269;10;11271;26;;;11266.0;0.0
av_COTTON_d9;8300;ASH_COATED_OSMIUM;10092;30;10088;14;;;10098;17;10102;24;;;10095.0;0.0
av_COTTON_d9;8300;INTARIAN_PEPPER_ROOT;11254;19;11252;16;;;11268;18;11270;23;;;11261.0;0.0
av_COTTON_d9;8400;ASH_COATED_OSMIUM;10092;12;10090;32;;;10098;17;10100;23;;;10095.0;0.0
av_COTTON_d9;8400;INTARIAN_PEPPER_ROOT;11252;18;11249;20;;;11258;17;11260;17;;;11255.0;0.0
av_COTTON_d9;8500;ASH_COATED_OSMIUM;10092;21;10090;19;;;10098;9;10102;22;;;10095.0;0.0
av_COTTON_d9;8500;INTARIAN_PEPPER_ROOT;11236;17;11233;24;;;11265;15;11268;21;;;11250.5;0.0
av_COTTON_d9;8600;ASH_COATED_OSMIUM;10089;21;10086;23;;;10101;17;10105;19;;;10095.0;0.0
av_COTTON_d9;8600;INTARIAN_PEPPER_ROOT;11241;18;11237;22;;;11249;10;11252;22;;;11245.0;0.0
av_COTTON_d9;8700;ASH_COATED_OSMIUM;10092;19;10090;15;;;10098;6;10101;21;;;10095.0;0.0
av_COTTON_d9;8700;INTARIAN_PEPPER_ROOT;11236;21;11232;13;;;11242;15;11246;24;;;11239.0;0.0
av_COTTON_d9;8800;ASH_COATED_OSMIUM;10092;17;10088;19;;;10098;10;10101;22;;;10095.0;0.0
av_COTTON_d9;8800;INTARIAN_PEPPER_ROOT;11226;18;11222;17;;;11241;10;11243;26;;;11233.5;0.0
av_COTTON_d9;8900;ASH_COATED_OSMIUM;10092;14;10090;23;;;10098;10;10101;25;;;10095.0;0.0
av_COTTON_d9;8900;INTARIAN_PEPPER_ROOT;11226;10;11224;21;;;11232;14;11236;18;;;11229.0;0.0
av_COTTON_d9;9000;ASH_COATED_OSMIUM;10092;19;10088;12;;;10098;10;10100;9;;;10095.0;0.0
av_COTTON_d9;9000;INTARIAN_PEPPER_ROOT;11218;7;11215;28;;;11229;12;11232;22;;;11223.5;0.0
av_COTTON_d9;9100;ASH_COATED_OSMIUM;10091;19;10087;20;;;10097;18;10100;13;;;10094.0;0.0
av_COTTON_d9;9100;INTARIAN_PEPPER_ROOT;11210;17;11206;20;;;11225;11;11229;34;;;11217.5;0.0
av_COTTON_d9;9200;ASH_COATED_OSMIUM;10090;16;10087;19;;;10098;15;10101;17;;;10094.0;0.0
av_COTTON_d9;9200;INTARIAN_PEPPER_ROOT;11209;12;11206;20;;;11215;21;11218;21;;;11212.0;0.0
av_COTTON_d9;9300;ASH_COATED_OSMIUM;10092;11;10089;29;;;10098;11;10102;21;;;10095.0;0.0
av_COTTON_d9;9300;INTARIAN_PEPPER_ROOT;11204;13;11201;19;;;11210;7;11213;19;;;11207.0;0.0
av_COTTON_d9;9400;ASH_COATED_OSMIUM;10092;15;10090;27;;;10098;10;10101;29;;;10095.0;0.0
av_COTTON_d9;9400;INTARIAN_PEPPER_ROOT;11192;14;11189;23;;;11210;17;11212;20;;;11201.0;0.0
av_COTTON_d9;9500;ASH_COATED_OSMIUM;10090;6;10087;14;;;10100;18;10102;23;;;10095.0;0.0
av_COTTON_d9;9500;INTARIAN_PEPPER_ROOT;11193;18;11191;21;;;11199;19;11203;25;;;11196.0;0.0
av_COTTON_d9;9600;ASH_COATED_OSMIUM;10092;16;10089;24;;;10098;15;10102;18;;;10095.0;0.0
av_COTTON_d9;9600;INTARIAN_PEPPER_ROOT;11187;5;11183;13;;;11193;19;11195;25;;;11190.0;0.0
av_COTTON_d9;9700;ASH_COATED_OSMIUM;10085;13;10083;26;;;10105;16;10109;23;;;10095.0;0.0
av_COTTON_d9;9700;INTARIAN_PEPPER_ROOT;11183;13;11179;15;;;11189;14;11193;25;;;11186.0;0.0
av_COTTON_d9;9800;ASH_COATED_OSMIUM;10091;17;10088;18;;;10097;19;10100;23;;;10094.0;0.0
av_COTTON_d9;9800;INTARIAN_PEPPER_ROOT;11169;7;11165;27;;;11191;15;11193;20;;;11180.0;0.0
av_COTTON_d9;9900;ASH_COATED_OSMIUM;10090;15;10087;21;;;10100;7;10102;20;;;10095.0;0.0
av_COTTON_d9;9900;INTARIAN_PEPPER_ROOT;11168;16;11166;19;;;11180;18;11184;15;;;11174.0;0.0
av_COTTON_d9;10000;ASH_COATED_OSMIUM;10091;16;10087;19;;;10097;9;10101;21;;;10094.0;0.0
av_COTTON_d9;10000;INTARIAN_PEPPER_ROOT;11165;16;11163;12;;;11173;20;11177;20;;;11169.0;0.0
av_COTTON_d9;10100;ASH_COATED_OSMIUM;10092;7;10088;27;;;10098;20;10101;14;;;10095.0;0.0
av_COTTON_d9;10100;INTARIAN_PEPPER_ROOT;11161;9;11159;19;;;11167;14;11171;22;;;11164.0;0.0
av_COTTON_d9;10200;ASH_COATED_OSMIUM;10091;16;10088;22;;;10097;14;10100;10;;;10094.0;0.0
av_COTTON_d9;10200;INTARIAN_PEPPER_ROOT;11156;5;11153;8;;;11162;15;11166;20;;;11159.0;0.0
av_COTTON_d9;10300;ASH_COATED_OSMIUM;10091;15;10087;22;;;10097;13;10099;16;;;10094.0;0.0
av_COTTON_d9;10300;INTARIAN_PEPPER_ROOT;11150;16;11146;16;;;11156;12;11160;19;;;11153.0;0.0
av_COTTON_d9;10400;ASH_COATED_OSMIUM;10091;10;10088;12;;;10097;12;10099;17;;;10094.0;0.0
av_COTTON_d9;10400;INTARIAN_PEPPER_ROOT;11137;19;11133;20;;;11159;21;11162;25;;;11148.0;0.0
av_COTTON_d9;10500;ASH_COATED_OSMIUM;10084;14;10080;30;;;10105;11;10109;20;;;10094.5;0.0
av_COTTON_d9;10500;INTARIAN_PEPPER_ROOT;11131;8;11128;23;;;11153;18;11157;20;;;11142.0;0.0
av_COTTON_d9;10600;ASH_COATED_OSMIUM;10091;12;10088;15;;;10097;12;10099;18;;;10094.0;0.0
av_COTTON_d9;10600;INTARIAN_PEPPER_ROOT;11133;8;11129;17;;;11139;10;11141;25;;;11136.0;0.0
av_COTTON_d9;10700;ASH_COATED_OSMIUM;10091;13;10088;18;;;10097;16;10099;20;;;10094.0;0.0
av_COTTON_d9;10700;INTARIAN_PEPPER_ROOT;11128;11;11126;23;;;11134;18;11136;22;;;11131.0;0.0
av_COTTON_d9;10800;ASH_COATED_OSMIUM;10085;6;10081;9;;;10104;8;10107;18;;;10094.5;0.0
av_COTTON_d9;10800;INTARIAN_PEPPER_ROOT;11123;11;11119;15;;;11129;12;11133;17;;;11126.0;0.0
av_COTTON_d9;10900;ASH_COATED_OSMIUM;10091;8;10087;20;;;10097;10;10100;27;;;10094.0;0.0
av_COTTON_d9;10900;INTARIAN_PEPPER_ROOT;11117;25;11113;30;;;11123;16;11125;25;;;11120.0;0.0
av_COTTON_d9;11000;ASH_COATED_OSMIUM;10080;15;10076;18;;;10108;12;10112;14;;;10094.0;0.0
av_COTTON_d9;11000;INTARIAN_PEPPER_ROOT;11112;9;11108;10;;;11118;18;11121;16;;;11115.0;0.0
av_COTTON_d9;11100;ASH_COATED_OSMIUM;10091;18;10087;24;;;10097;20;10101;20;;;10094.0;0.0
av_COTTON_d9;11100;INTARIAN_PEPPER_ROOT;11107;21;11105;18;;;11113;13;11116;14;;;11110.0;0.0
av_COTTON_d9;11200;ASH_COATED_OSMIUM;10091;12;10088;13;;;10097;26;10101;24;;;10094.0;0.0
av_COTTON_d9;11200;INTARIAN_PEPPER_ROOT;11094;15;11090;23;;;11115;14;11118;19;;;11104.5;0.0
av_COTTON_d9;11300;ASH_COATED_OSMIUM;10071;9;10069;21;;;10116;17;10120;24;;;10093.5;0.0
av_COTTON_d9;11300;INTARIAN_PEPPER_ROOT;11096;13;11093;12;;;11102;21;11106;8;;;11099.0;0.0
av_COTTON_d9;11400;ASH_COATED_OSMIUM;10088;17;10086;25;;;10100;18;10102;10;;;10094.0;0.0
av_COTTON_d9;11400;INTARIAN_PEPPER_ROOT;11080;19;11078;20;;;11106;10;11109;32;;;11093.0;0.0
av_COTTON_d9;11500;ASH_COATED_OSMIUM;10088;21;10085;9;;;10101;6;10103;21;;;10094.5;0.0
av_COTTON_d9;11500;INTARIAN_PEPPER_ROOT;11085;21;11082;17;;;11091;11;11095;21;;;11088.0;0.0
av_COTTON_d9;11600;ASH_COATED_OSMIUM;10091;6;10087;21;;;10097;12;10101;26;;;10094.0;0.0
av_COTTON_d9;11600;INTARIAN_PEPPER_ROOT;11079;21;11076;23;;;11085;16;11088;15;;;11082.0;0.0
av_COTTON_d9;11700;ASH_COATED_OSMIUM;10090;20;10087;22;;;10096;21;10100;15;;;10093.0;0.0
av_COTTON_d9;11700;INTARIAN_PEPPER_ROOT;11071;14;11068;22;;;11084;18;11086;17;;;11077.5;0.0
av_COTTON_d9;11800;ASH_COATED_OSMIUM;10089;16;10087;18;;;10099;16;10103;12;;;10094.0;0.0
av_COTTON_d9;11800;INTARIAN_PEPPER_ROOT;11069;6;11066;26;;;11075;14;11077;29;;;11072.0;0.0
av_COTTON_d9;11900;ASH_COATED_OSMIUM;10088;10;10085;18;;;10098;11;10101;19;;;10093.0;0.0
av_COTTON_d9;11900;INTARIAN_PEPPER_ROOT;11063;18;11060;24;;;11069;15;11072;20;;;11066.0;0.0
av_COTTON_d9;12000;ASH_COATED_OSMIUM;10086;12;10083;19;;;10101;18;10104;23;;;10093.5;0.0
av_COTTON_d9;12000;INTARIAN_PEPPER_ROOT;11049;14;11047;24;;;11073;21;11077;15;;;11061.0;0.0
av_COTTON_d9;12100;ASH_COATED_OSMIUM;10084;25;10082;18;;;10103;5;10106;17;;;10093.5;0.0
av_COTTON_d9;12100;INTARIAN_PEPPER_ROOT;11053;14;11049;29;;;11059;14;11063;22;;;11056.0;0.0
av_COTTON_d9;12200;ASH_COATED_OSMIUM;10082;5;10080;21;;;10105;13;10109;25;;;10093.5;0.0
av_COTTON_d9;12200;INTARIAN_PEPPER_ROOT;11042;17;11040;20;;;11059;12;11063;8;;;11050.5;0.0
av_COTTON_d9;12300;ASH_COATED_OSMIUM;10087;15;10083;23;;;10100;13;10103;21;;;10093.5;0.0
av_COTTON_d9;12300;INTARIAN_PEPPER_ROOT;11039;12;11035;25;;;11050;21;11054;15;;;11044.5;0.0
av_COTTON_d9;12400;ASH_COATED_OSMIUM;10090;11;10088;20;;;10096;10;10098;23;;;10093.0;0.0
av_COTTON_d9;12400;INTARIAN_PEPPER_ROOT;11037;18;11034;24;;;11043;11;11046;29;;;11040.0;0.0
av_COTTON_d9;12500;ASH_COATED_OSMIUM;10090;7;10088;20;;;10096;10;10098;19;;;10093.0;0.0
av_COTTON_d9;12500;INTARIAN_PEPPER_ROOT;11031;19;11027;23;;;11037;16;11041;26;;;11034.0;0.0
av_COTTON_d9;12600;ASH_COATED_OSMIUM;10088;20;10086;18;;;10099;19;10101;20;;;10093.5;0.0
av_COTTON_d9;12600;INTARIAN_PEPPER_ROOT;11025;7;11022;17;;;11032;11;11034;16;;;11028.5;0.0
av_COTTON_d9;12700;ASH_COATED_OSMIUM;10088;5;10084;23;;;10097;19;10100;22;;;10092.5;0.0
av_COTTON_d9;12700;INTARIAN_PEPPER_ROOT;11019;22;11015;27;;;11029;16;11033;24;;;11024.0;0.0
av_COTTON_d9;12800;ASH_COATED_OSMIUM;10085;15;10083;19;;;10101;11;10104;21;;;10093.0;0.0
av_COTTON_d9;12800;INTARIAN_PEPPER_ROOT;10997;11;10993;29;;;11039;9;11041;15;;;11018.0;0.0
av_COTTON_d9;12900;ASH_COATED_OSMIUM;10090;5;10088;24;;;10096;14;10100;16;;;10093.0;0.0
av_COTTON_d9;12900;INTARIAN_PEPPER_ROOT;11010;8;11007;25;;;11016;13;11019;17;;;11013.0;0.0
av_COTTON_d9;13000;ASH_COATED_OSMIUM;10088;11;10086;21;;;10098;16;10102;23;;;10093.0;0.0
av_COTTON_d9;13000;INTARIAN_PEPPER_ROOT;11003;7;11000;22;;;11011;9;11013;26;;;11007.0;0.0
av_COTTON_d9;13100;ASH_COATED_OSMIUM;10087;10;10084;22;;;10099;9;10103;23;;;10093.0;0.0
av_COTTON_d9;13100;INTARIAN_PEPPER_ROOT;10999;23;10997;18;;;11005;12;11008;22;;;11002.0;0.0
av_COTTON_d9;13200;ASH_COATED_OSMIUM;10073;16;10069;15;;;10112;8;10114;8;;;10092.5;0.0
av_COTTON_d9;13200;INTARIAN_PEPPER_ROOT;10992;12;10988;19;;;10998;20;11000;16;;;10995.0;0.0
av_COTTON_d9;13300;ASH_COATED_OSMIUM;10083;16;10081;31;;;10103;23;10105;18;;;10093.0;0.0
av_COTTON_d9;13300;INTARIAN_PEPPER_ROOT;10988;19;10984;9;;;10994;16;10996;17;;;10991.0;0.0
av_COTTON_d9;13400;ASH_COATED_OSMIUM;10091;19;10087;18;;;10097;9;10099;13;;;10094.0;0.0
av_COTTON_d9;13400;INTARIAN_PEPPER_ROOT;10983;9;10980;21;;;10989;9;10993;18;;;10986.0;0.0
av_COTTON_d9;13500;ASH_COATED_OSMIUM;10090;19;10087;22;;;10096;13;10098;20;;;10093.0;0.0
av_COTTON_d9;13500;INTARIAN_PEPPER_ROOT;10977;17;10974;23;;;10983;16;10986;24;;;10980.0;0.0
av_COTTON_d9;13600;ASH_COATED_OSMIUM;10089;19;10085;19;;;10096;5;10100;11;;;10092.5;0.0
av_COTTON_d9;13600;INTARIAN_PEPPER_ROOT;10971;10;10968;19;;;10977;19;10980;19;;;10974.0;0.0
av_COTTON_d9;13700;ASH_COATED_OSMIUM;10085;17;10081;26;;;10102;19;10105;27;;;10093.5;0.0
av_COTTON_d9;13700;INTARIAN_PEPPER_ROOT;10966;20;10964;22;;;10972;17;10974;21;;;10969.0;0.0
av_COTTON_d9;13800;ASH_COATED_OSMIUM;10083;15;10081;17;;;10103;15;10107;17;;;10093.0;0.0
av_COTTON_d9;13800;INTARIAN_PEPPER_ROOT;10960;13;10957;20;;;10969;17;10971;24;;;10964.5;0.0
av_COTTON_d9;13900;ASH_COATED_OSMIUM;10090;17;10087;16;;;10096;14;10098;14;;;10093.0;0.0
av_COTTON_d9;13900;INTARIAN_PEPPER_ROOT;10955;15;10952;22;;;10961;19;10963;15;;;10958.0;0.0
av_COTTON_d9;14000;ASH_COATED_OSMIUM;10089;13;10085;30;;;10095;5;10097;18;;;10092.0;0.0
av_COTTON_d9;14000;INTARIAN_PEPPER_ROOT;10949;19;10946;21;;;10957;15;10959;31;;;10953.0;0.0
av_COTTON_d9;14100;ASH_COATED_OSMIUM;10090;12;10088;18;;;10096;17;10100;21;;;10093.0;0.0
av_COTTON_d9;14100;INTARIAN_PEPPER_ROOT;10938;8;10935;27;;;10957;17;10960;21;;;10947.5;0.0
av_COTTON_d9;14200;ASH_COATED_OSMIUM;10089;6;10085;20;;;10095;8;10097;17;;;10092.0;0.0
av_COTTON_d9;14200;INTARIAN_PEPPER_ROOT;10931;10;10927;14;;;10953;18;10956;21;;;10942.0;0.0
av_COTTON_d9;14300;ASH_COATED_OSMIUM;10081;12;10078;20;;;10105;17;10107;13;;;10093.0;0.0
av_COTTON_d9;14300;INTARIAN_PEPPER_ROOT;10932;14;10930;20;;;10944;15;10946;27;;;10938.0;0.0
av_COTTON_d9;14400;ASH_COATED_OSMIUM;10089;20;10085;30;;;10095;12;10097;25;;;10092.0;0.0
av_COTTON_d9;14400;INTARIAN_PEPPER_ROOT;10928;13;10925;26;;;10934;14;10937;25;;;10931.0;0.0
av_COTTON_d9;14500;ASH_COATED_OSMIUM;10089;13;10087;27;;;10095;16;10098;16;;;10092.0;0.0
av_COTTON_d9;14500;INTARIAN_PEPPER_ROOT;10920;14;10916;29;;;10933;17;10935;18;;;10926.5;0.0
av_COTTON_d9;14600;ASH_COATED_OSMIUM;10082;18;10079;16;;;10102;23;10104;8;;;10092.0;0.0
av_COTTON_d9;14600;INTARIAN_PEPPER_ROOT;10917;14;10913;20;;;10923;17;10927;23;;;10920.0;0.0
av_COTTON_d9;14700;ASH_COATED_OSMIUM;10084;6;10081;15;;;10101;11;10103;28;;;10092.5;0.0
av_COTTON_d9;14700;INTARIAN_PEPPER_ROOT;10912;25;10908;23;;;10918;16;10921;23;;;10915.0;0.0
av_COTTON_d9;14800;ASH_COATED_OSMIUM;10088;16;10085;20;;;10096;12;10098;11;;;10092.0;0.0
av_COTTON_d9;14800;INTARIAN_PEPPER_ROOT;10907;13;10904;14;;;10913;20;10917;21;;;10910.0;0.0
av_COTTON_d9;14900;ASH_COATED_OSMIUM;10087;10;10084;26;;;10098;10;10102;19;;;10092.5;0.0
av_COTTON_d9;14900;INTARIAN_PEPPER_ROOT;10891;10;10887;15;;;10918;15;10920;16;;;10904.5;0.0
av_COTTON_d9;15000;ASH_COATED_OSMIUM;10088;18;10084;23;;;10096;25;10099;20;;;10092.0;0.0
av_COTTON_d9;15000;INTARIAN_PEPPER_ROOT;10896;24;10892;29;;;10902;22;10904;31;;;10899.0;0.0
av_COTTON_d9;15100;ASH_COATED_OSMIUM;10089;6;10085;14;;;10095;17;10097;23;;;10092.0;0.0
av_COTTON_d9;15100;INTARIAN_PEPPER_ROOT;10890;16;10887;20;;;10896;14;10900;18;;;10893.0;0.0
av_COTTON_d9;15200;ASH_COATED_OSMIUM;10085;23;10081;11;;;10099;12;10101;27;;;10092.0;0.0
av_COTTON_d9;15200;INTARIAN_PEPPER_ROOT;10881;19;10879;21;;;10895;13;10897;8;;;10888.0;0.0
av_COTTON_d9;15300;ASH_COATED_OSMIUM;10088;18;10084;24;;;10094;19;10098;24;;;10091.0;0.0
av_COTTON_d9;15300;INTARIAN_PEPPER_ROOT;10879;13;10877;17;;;10885;9;10887;20;;;10882.0;0.0
av_COTTON_d9;15400;ASH_COATED_OSMIUM;10075;11;10073;26;;;10109;14;10111;19;;;10092.0;0.0
av_COTTON_d9;15400;INTARIAN_PEPPER_ROOT;10874;21;10871;21;;;10880;19;10884;28;;;10877.0;0.0
av_COTTON_d9;15500;ASH_COATED_OSMIUM;10089;6;10085;17;;;10095;14;10097;17;;;10092.0;0.0
av_COTTON_d9;15500;INTARIAN_PEPPER_ROOT;10868;11;10865;18;;;10874;23;10877;16;;;10871.0;0.0
av_COTTON_d9;15600;ASH_COATED_OSMIUM;10088;12;10084;22;;;10094;14;10096;19;;;10091.0;0.0
av_COTTON_d9;15600;INTARIAN_PEPPER_ROOT;10858;12;10856;27;;;10876;17;10878;28;;;10867.0;0.0
av_COTTON_d9;15700;ASH_COATED_OSMIUM;10087;10;10083;19;;;10096;19;10100;12;;;10091.5;0.0
av_COTTON_d9;15700;INTARIAN_PEPPER_ROOT;10856;14;10852;14;;;10866;11;10870;20;;;10861.0;0.0
av_COTTON_d9;15800;ASH_COATED_OSMIUM;10088;10;10085;20;;;10094;9;10098;14;;;10091.0;0.0
av_COTTON_d9;15800;INTARIAN_PEPPER_ROOT;10852;8;10850;26;;;10858;13;10861;35;;;10855.0;0.0
av_COTTON_d9;15900;ASH_COATED_OSMIUM;10089;13;10085;19;;;10095;13;10097;27;;;10092.0;0.0
av_COTTON_d9;15900;INTARIAN_PEPPER_ROOT;10847;12;10843;13;;;10853;13;10857;15;;;10850.0;0.0
av_COTTON_d9;16000;ASH_COATED_OSMIUM;10089;24;10085;14;;;10095;14;10098;16;;;10092.0;0.0
av_COTTON_d9;16000;INTARIAN_PEPPER_ROOT;10840;12;10838;15;;;10849;13;10851;20;;;10844.5;0.0
av_COTTON_d9;16100;ASH_COATED_OSMIUM;10088;11;10085;17;;;10094;16;10097;15;;;10091.0;0.0
av_COTTON_d9;16100;INTARIAN_PEPPER_ROOT;10837;22;10835;28;;;10843;10;10846;24;;;10840.0;0.0
av_COTTON_d9;16200;ASH_COATED_OSMIUM;10085;20;10082;24;;;10096;7;10098;15;;;10090.5;0.0
av_COTTON_d9;16200;INTARIAN_PEPPER_ROOT;10824;16;10820;24;;;10843;14;10845;21;;;10833.5;0.0
av_COTTON_d9;16300;ASH_COATED_OSMIUM;10081;19;10078;22;;;10102;15;10106;25;;;10091.5;0.0
av_COTTON_d9;16300;INTARIAN_PEPPER_ROOT;10826;11;10822;26;;;10832;18;10835;16;;;10829.0;0.0
av_COTTON_d9;16400;ASH_COATED_OSMIUM;10089;14;10086;17;;;10095;5;10097;16;;;10092.0;0.0
av_COTTON_d9;16400;INTARIAN_PEPPER_ROOT;10817;14;10813;20;;;10830;20;10832;20;;;10823.5;0.0
av_COTTON_d9;16500;ASH_COATED_OSMIUM;10088;16;10086;23;;;10094;13;10097;22;;;10091.0;0.0
av_COTTON_d9;16500;INTARIAN_PEPPER_ROOT;10815;9;10813;25;;;10821;12;10825;27;;;10818.0;0.0
av_COTTON_d9;16600;ASH_COATED_OSMIUM;10088;16;10086;25;;;10094;23;10096;23;;;10091.0;0.0
av_COTTON_d9;16600;INTARIAN_PEPPER_ROOT;10809;16;10805;14;;;10815;13;10819;19;;;10812.0;0.0
av_COTTON_d9;16700;ASH_COATED_OSMIUM;10089;16;10087;15;;;10095;19;10099;18;;;10092.0;0.0
av_COTTON_d9;16700;INTARIAN_PEPPER_ROOT;10804;21;10801;19;;;10810;12;10813;22;;;10807.0;0.0
av_COTTON_d9;16800;ASH_COATED_OSMIUM;10088;5;10084;19;;;10094;12;10097;19;;;10091.0;0.0
av_COTTON_d9;16800;INTARIAN_PEPPER_ROOT;10796;11;10792;22;;;10807;11;10811;17;;;10801.5;0.0
av_COTTON_d9;16900;ASH_COATED_OSMIUM;10088;27;10085;14;;;10094;14;10096;16;;;10091.0;0.0
av_COTTON_d9;16900;INTARIAN_PEPPER_ROOT;10786;15;10783;18;;;10806;15;10809;11;;;10796.0;0.0
av_COTTON_d9;17000;ASH_COATED_OSMIUM;10080;13;10076;20;;;10103;16;10107;8;;;10091.5;0.0
av_COTTON_d9;17000;INTARIAN_PEPPER_ROOT;10791;16;10788;22;;;10797;11;10799;27;;;10794.0;0.0
av_COTTON_d9;17100;ASH_COATED_OSMIUM;10088;15;10084;18;;;10094;11;10096;19;;;10091.0;0.0
av_COTTON_d9;17100;INTARIAN_PEPPER_ROOT;10785;19;10781;21;;;10800;14;10804;10;;;10792.5;0.0
av_COTTON_d9;17200;ASH_COATED_OSMIUM;10086;22;10082;20;;;10095;10;10097;25;;;10090.5;0.0
av_COTTON_d9;17200;INTARIAN_PEPPER_ROOT;10790;18;10788;21;;;10796;18;10799;15;;;10793.0;0.0
av_COTTON_d9;17300;ASH_COATED_OSMIUM;10088;23;10084;19;;;10094;9;10096;14;;;10091.0;0.0
av_COTTON_d9;17300;INTARIAN_PEPPER_ROOT;10789;13;10786;27;;;10795;14;10797;20;;;10792.0;0.0
av_COTTON_d9;17400;ASH_COATED_OSMIUM;10088;15;10085;13;;;10094;17;10097;21;;;10091.0;0.0
av_COTTON_d9;17400;INTARIAN_PEPPER_ROOT;10787;11;10783;29;;;10799;12;10802;26;;;10793.0;0.0
av_COTTON_d9;17500;ASH_COATED_OSMIUM;10084;14;10081;15;;;10097;15;10099;31;;;10090.5;0.0
av_COTTON_d9;17500;INTARIAN_PEPPER_ROOT;10789;19;10785;19;;;10795;15;10798;20;;;10792.0;0.0
av_COTTON_d9;17600;ASH_COATED_OSMIUM;10069;11;10067;19;;;10114;11;10117;24;;;10091.5;0.0
av_COTTON_d9;17600;INTARIAN_PEPPER_ROOT;10788;15;10786;18;;;10794;20;10796;19;;;10791.0;0.0
av_COTTON_d9;17700;ASH_COATED_OSMIUM;10087;21;10085;11;;;10093;17;10096;27;;;10090.0;0.0
av_COTTON_d9;17700;INTARIAN_PEPPER_ROOT;10788;15;10784;14;;;10794;6;10798;23;;;10791.0;0.0
av_COTTON_d9;17800;ASH_COATED_OSMIUM;10087;17;10083;24;;;10093;21;10095;15;;;10090.0;0.0
av_COTTON_d9;17800;INTARIAN_PEPPER_ROOT;10787;13;10785;19;;;10795;14;10799;20;;;10791.0;0.0
av_COTTON_d9;17900;ASH_COATED_OSMIUM;10087;7;10084;19;;;10093;20;10097;16;;;10090.0;0.0
av_COTTON_d9;17900;INTARIAN_PEPPER_ROOT;10786;5;10782;22;;;10795;17;10798;11;;;10790.5;0.0
av_COTTON_d9;18000;ASH_COATED_OSMIUM;10088;19;10086;23;;;10094;15;10098;21;;;10091.0;0.0
av_COTTON_d9;18000;INTARIAN_PEPPER_ROOT;10787;19;10783;22;;;10793;23;10796;12;;;10790.0;0.0
av_COTTON_d9;18100;ASH_COATED_OSMIUM;10087;7;10084;28;;;10093;18;10096;19;;;10090.0;0.0
av_COTTON_d9;18100;INTARIAN_PEPPER_ROOT;10787;10;10784;27;;;10793;18;10796;14;;;10790.0;0.0
av_COTTON_d9;18200;ASH_COATED_OSMIUM;10088;22;10086;21;;;10094;21;10097;12;;;10091.0;0.0
av_COTTON_d9;18200;INTARIAN_PEPPER_ROOT;10786;21;10782;18;;;10792;13;10795;21;;;10789.0;0.0
av_COTTON_d9;18300;ASH_COATED_OSMIUM;10086;21;10083;13;;;10094;5;10097;16;;;10090.0;0.0
av_COTTON_d9;18300;INTARIAN_PEPPER_ROOT;10785;17;10783;18;;;10791;23;10794;28;;;10788.0;0.0
av_COTTON_d9;18400;ASH_COATED_OSMIUM;10087;10;10085;18;;;10093;8;10096;17;;;10090.0;0.0
av_COTTON_d9;18400;INTARIAN_PEPPER_ROOT;10785;13;10783;18;;;10793;16;10797;19;;;10789.0;0.0
av_COTTON_d9;18500;ASH_COATED_OSMIUM;10080;5;10076;15;;;10101;5;10103;25;;;10090.5;0.0
av_COTTON_d9;18500;INTARIAN_PEPPER_ROOT;10782;15;10779;20;;;10795;12;10798;16;;;10788.5;0.0
av_COTTON_d9;18600;ASH_COATED_OSMIUM;10085;28;10082;12;;;10094;18;10096;17;;;10089.5;0.0
av_COTTON_d9;18600;INTARIAN_PEPPER_ROOT;10785;6;10781;29;;;10791;12;10793;17;;;10788.0;0.0
av_COTTON_d9;18700;ASH_COATED_OSMIUM;10087;20;10085;24;;;10093;14;10096;20;;;10090.0;0.0
av_COTTON_d9;18700;INTARIAN_PEPPER_ROOT;10785;20;10782;22;;;10791;11;10793;9;;;10788.0;0.0
av_COTTON_d9;18800;ASH_COATED_OSMIUM;10087;23;10083;14;;;10093;11;10096;17;;;10090.0;0.0
av_COTTON_d9;18800;INTARIAN_PEPPER_ROOT;10778;16;10776;21;;;10797;20;10799;20;;;10787.5;0.0
av_COTTON_d9;18900;ASH_COATED_OSMIUM;10086;13;10082;25;;;10095;11;10099;30;;;10090.5;0.0
av_COTTON_d9;18900;INTARIAN_PEPPER_ROOT;10776;12;10773;16;;;10798;19;10802;19;;;10787.0;0.0
av_COTTON_d9;19000;ASH_COATED_OSMIUM;10087;14;10083;23;;;10094;19;10097;17;;;10090.5;0.0
av_COTTON_d9;19000;INTARIAN_PEPPER_ROOT;10783;20;10780;20;;;10790;10;10794;21;;;10786.5;0.0
av_COTTON_d9;19100;ASH_COATED_OSMIUM;10084;21;10082;26;;;10096;21;10099;21;;;10090.0;0.0
av_COTTON_d9;19100;INTARIAN_PEPPER_ROOT;10783;27;10781;25;;;10790;15;10792;29;;;10786.5;0.0
av_COTTON_d9;19200;ASH_COATED_OSMIUM;10087;9;10083;20;;;10093;12;10097;12;;;10090.0;0.0
av_COTTON_d9;19200;INTARIAN_PEPPER_ROOT;10774;14;10772;24;;;10800;6;10802;23;;;10787.0;0.0
av_COTTON_d9;19300;ASH_COATED_OSMIUM;10087;23;10085;15;;;10093;17;10096;20;;;10090.0;0.0
av_COTTON_d9;19300;INTARIAN_PEPPER_ROOT;10783;24;10781;13;;;10789;13;10793;22;;;10786.0;0.0
av_COTTON_d9;19400;ASH_COATED_OSMIUM;10087;29;10085;28;;;10093;17;10095;11;;;10090.0;0.0
av_COTTON_d9;19400;INTARIAN_PEPPER_ROOT;10783;19;10779;12;;;10789;17;10793;18;;;10786.0;0.0
av_COTTON_d9;19500;ASH_COATED_OSMIUM;10087;17;10085;17;;;10093;10;10095;20;;;10090.0;0.0
av_COTTON_d9;19500;INTARIAN_PEPPER_ROOT;10775;9;10772;13;;;10795;5;10797;24;;;10785.0;0.0
av_COTTON_d9;19600;ASH_COATED_OSMIUM;10087;5;10084;16;;;10093;8;10095;16;;;10090.0;0.0
av_COTTON_d9;19600;INTARIAN_PEPPER_ROOT;10781;13;10777;18;;;10787;5;10791;21;;;10784.0;0.0
av_COTTON_d9;19700;ASH_COATED_OSMIUM;10087;20;10085;18;;;10093;10;10095;18;;;10090.0;0.0
av_COTTON_d9;19700;INTARIAN_PEPPER_ROOT;10775;19;10772;22;;;10793;9;10796;10;;;10784.0;0.0
av_COTTON_d9;19800;ASH_COATED_OSMIUM;10078;23;10075;11;;;10101;13;10104;21;;;10089.5;0.0
av_COTTON_d9;19800;INTARIAN_PEPPER_ROOT;10777;22;10774;22;;;10791;5;10795;15;;;10784.0;0.0
av_COTTON_d9;19900;ASH_COATED_OSMIUM;10086;22;10083;20;;;10092;21;10095;19;;;10089.0;0.0
av_COTTON_d9;19900;INTARIAN_PEPPER_ROOT;10778;13;10776;9;;;10788;6;10791;20;;;10783.0;0.0
av_COTTON_d9;20000;ASH_COATED_OSMIUM;10086;5;10084;19;;;10092;17;10096;22;;;10089.0;0.0
av_COTTON_d9;20000;INTARIAN_PEPPER_ROOT;10781;19;10778;13;;;10787;16;10790;20;;;10784.0;0.0
av_COTTON_d9;20100;ASH_COATED_OSMIUM;10086;19;10083;20;;;10092;7;10096;22;;;10089.0;0.0
av_COTTON_d9;20100;INTARIAN_PEPPER_ROOT;10771;16;10768;17;;;10796;16;10799;25;;;10783.5;0.0
av_COTTON_d9;20200;ASH_COATED_OSMIUM;10086;10;10083;22;;;10094;17;10098;11;;;10090.0;0.0
av_COTTON_d9;20200;INTARIAN_PEPPER_ROOT;10772;10;10768;17;;;10794;15;10798;21;;;10783.0;0.0
av_COTTON_d9;20300;ASH_COATED_OSMIUM;10086;8;10084;19;;;10092;18;10094;16;;;10089.0;0.0
av_COTTON_d9;20300;INTARIAN_PEPPER_ROOT;10773;18;10769;13;;;10793;17;10797;28;;;10783.0;0.0
av_COTTON_d9;20400;ASH_COATED_OSMIUM;10086;11;10082;20;;;10092;20;10096;18;;;10089.0;0.0
av_COTTON_d9;20400;INTARIAN_PEPPER_ROOT;10779;18;10775;24;;;10785;12;10789;8;;;10782.0;0.0
av_COTTON_d9;20500;ASH_COATED_OSMIUM;10083;21;10081;13;;;10096;14;10100;8;;;10089.5;0.0
av_COTTON_d9;20500;INTARIAN_PEPPER_ROOT;10776;12;10774;20;;;10788;24;10790;22;;;10782.0;0.0
av_COTTON_d9;20600;ASH_COATED_OSMIUM;10077;5;10073;24;;;10100;13;10103;31;;;10088.5;0.0
av_COTTON_d9;20600;INTARIAN_PEPPER_ROOT;10779;18;10777;17;;;10785;16;10787;22;;;10782.0;0.0
av_COTTON_d9;20700;ASH_COATED_OSMIUM;10086;12;10082;18;;;10092;15;10095;14;;;10089.0;0.0
av_COTTON_d9;20700;INTARIAN_PEPPER_ROOT;10777;15;10773;18;;;10785;8;10788;26;;;10781.0;0.0
av_COTTON_d9;20800;ASH_COATED_OSMIUM;10086;15;10083;23;;;10092;22;10094;11;;;10089.0;0.0
av_COTTON_d9;20800;INTARIAN_PEPPER_ROOT;10777;13;10773;18;;;10783;27;10787;21;;;10780.0;0.0
av_COTTON_d9;20900;ASH_COATED_OSMIUM;10082;9;10080;19;;;10094;26;10097;18;;;10088.0;0.0
av_COTTON_d9;20900;INTARIAN_PEPPER_ROOT;10778;19;10774;17;;;10784;10;10788;19;;;10781.0;0.0
av_COTTON_d9;21000;ASH_COATED_OSMIUM;10071;16;10067;17;;;10106;10;10109;19;;;10088.5;0.0
av_COTTON_d9;21000;INTARIAN_PEPPER_ROOT;10766;20;10763;15;;;10794;5;10798;17;;;10780.0;0.0
av_COTTON_d9;21100;ASH_COATED_OSMIUM;10086;10;10083;23;;;10092;15;10096;17;;;10089.0;0.0
av_COTTON_d9;21100;INTARIAN_PEPPER_ROOT;10768;21;10764;20;;;10791;15;10794;19;;;10779.5;0.0
av_COTTON_d9;21200;ASH_COATED_OSMIUM;10085;6;10081;12;;;10091;15;10093;19;;;10088.0;0.0
av_COTTON_d9;21200;INTARIAN_PEPPER_ROOT;10777;17;10774;20;;;10783;19;10786;21;;;10780.0;0.0
av_COTTON_d9;21300;ASH_COATED_OSMIUM;10079;18;10075;15;;;10098;11;10100;22;;;10088.5;0.0
av_COTTON_d9;21300;INTARIAN_PEPPER_ROOT;10776;17;10773;25;;;10782;16;10784;23;;;10779.0;0.0
av_COTTON_d9;21400;ASH_COATED_OSMIUM;10084;13;10082;21;;;10093;5;10096;18;;;10088.5;0.0
av_COTTON_d9;21400;INTARIAN_PEPPER_ROOT;10776;19;10773;22;;;10782;16;10786;17;;;10779.0;0.0
av_COTTON_d9;21500;ASH_COATED_OSMIUM;10085;14;10081;21;;;10091;18;10094;13;;;10088.0;0.0
av_COTTON_d9;21500;INTARIAN_PEPPER_ROOT;10774;25;10772;15;;;10782;13;10784;13;;;10778.0;0.0
av_COTTON_d9;21600;ASH_COATED_OSMIUM;10085;5;10081;16;;;10091;19;10094;24;;;10088.0;0.0
av_COTTON_d9;21600;INTARIAN_PEPPER_ROOT;10775;16;10772;22;;;10781;5;10785;19;;;10778.0;0.0
av_COTTON_d9;21700;ASH_COATED_OSMIUM;10086;12;10083;19;;;10092;13;10096;16;;;10089.0;0.0
av_COTTON_d9;21700;INTARIAN_PEPPER_ROOT;10775;18;10771;24;;;10781;5;10785;21;;;10778.0;0.0
av_COTTON_d9;21800;ASH_COATED_OSMIUM;10086;9;10083;22;;;10092;13;10095;9;;;10089.0;0.0
av_COTTON_d9;21800;INTARIAN_PEPPER_ROOT;10772;22;10768;22;;;10783;22;10786;19;;;10777.5;0.0
av_COTTON_d9;21900;ASH_COATED_OSMIUM;10083;6;10081;17;;;10095;23;10097;15;;;10089.0;0.0
av_COTTON_d9;21900;INTARIAN_PEPPER_ROOT;10773;10;10771;15;;;10779;18;10783;22;;;10776.0;0.0
av_COTTON_d9;22000;ASH_COATED_OSMIUM;10082;20;10079;27;;;10095;8;10099;12;;;10088.5;0.0
av_COTTON_d9;22000;INTARIAN_PEPPER_ROOT;10773;20;10771;29;;;10779;22;10781;28;;;10776.0;0.0
av_COTTON_d9;22100;ASH_COATED_OSMIUM;10084;16;10081;17;;;10090;21;10092;21;;;10087.0;0.0
av_COTTON_d9;22100;INTARIAN_PEPPER_ROOT;10773;24;10770;17;;;10779;8;10781;16;;;10776.0;0.0
av_COTTON_d9;22200;ASH_COATED_OSMIUM;10084;16;10081;20;;;10092;17;10096;26;;;10088.0;0.0
av_COTTON_d9;22200;INTARIAN_PEPPER_ROOT;10774;12;10772;30;;;10780;15;10782;20;;;10777.0;0.0
av_COTTON_d9;22300;ASH_COATED_OSMIUM;10085;9;10083;8;;;10091;11;10094;20;;;10088.0;0.0
av_COTTON_d9;22300;INTARIAN_PEPPER_ROOT;10771;14;10768;24;;;10780;9;10782;16;;;10775.5;0.0
av_COTTON_d9;22400;ASH_COATED_OSMIUM;10085;17;10082;23;;;10091;17;10095;10;;;10088.0;0.0
av_COTTON_d9;22400;INTARIAN_PEPPER_ROOT;10772;16;10768;22;;;10778;12;10780;21;;;10775.0;0.0
av_COTTON_d9;22500;ASH_COATED_OSMIUM;10085;23;10081;17;;;10091;17;10095;33;;;10088.0;0.0
av_COTTON_d9;22500;INTARIAN_PEPPER_ROOT;10759;19;10755;17;;;10791;19;10794;17;;;10775.0;0.0
av_COTTON_d9;22600;ASH_COATED_OSMIUM;10084;12;10081;14;;;10091;8;10095;20;;;10087.5;0.0
av_COTTON_d9;22600;INTARIAN_PEPPER_ROOT;10772;14;10769;19;;;10778;18;10780;25;;;10775.0;0.0
av_COTTON_d9;22700;ASH_COATED_OSMIUM;10085;11;10081;23;;;10091;14;10093;18;;;10088.0;0.0
av_COTTON_d9;22700;INTARIAN_PEPPER_ROOT;10771;11;10767;17;;;10777;14;10779;19;;;10774.0;0.0
av_COTTON_d9;22800;ASH_COATED_OSMIUM;10085;5;10082;18;;;10091;18;10093;32;;;10088.0;0.0
av_COTTON_d9;22800;INTARIAN_PEPPER_ROOT;10771;13;10768;25;;;10777;21;10779;14;;;10774.0;0.0
av_COTTON_d9;22900;ASH_COATED_OSMIUM;10085;16;10081;12;;;10091;16;10093;21;;;10088.0;0.0
av_COTTON_d9;22900;INTARIAN_PEPPER_ROOT;10770;18;10767;31;;;10778;17;10782;21;;;10774.0;0.0
av_COTTON_d9;23000;ASH_COATED_OSMIUM;10085;14;10082;17;;;10091;25;10095;16;;;10088.0;0.0
av_COTTON_d9;23000;INTARIAN_PEPPER_ROOT;10771;8;10767;14;;;10777;17;10781;21;;;10774.0;0.0
av_COTTON_d9;23100;ASH_COATED_OSMIUM;10084;17;10082;23;;;10091;13;10093;22;;;10087.5;0.0
av_COTTON_d9;23100;INTARIAN_PEPPER_ROOT;10767;25;10764;26;;;10779;13;10783;22;;;10773.0;0.0
av_COTTON_d9;23200;ASH_COATED_OSMIUM;10084;29;10081;15;;;10090;20;10094;32;;;10087.0;0.0
av_COTTON_d9;23200;INTARIAN_PEPPER_ROOT;10769;13;10765;17;;;10775;16;10778;16;;;10772.0;0.0
av_COTTON_d9;23300;ASH_COATED_OSMIUM;10084;9;10080;18;;;10090;24;10094;21;;;10087.0;0.0
av_COTTON_d9;23300;INTARIAN_PEPPER_ROOT;10769;24;10767;21;;;10776;28;10778;31;;;10772.5;0.0
av_COTTON_d9;23400;ASH_COATED_OSMIUM;10071;13;10069;18;;;10104;7;10108;12;;;10087.5;0.0
av_COTTON_d9;23400;INTARIAN_PEPPER_ROOT;10769;15;10767;19;;;10775;16;10779;16;;;10772.0;0.0
av_COTTON_d9;23500;ASH_COATED_OSMIUM;10083;18;10080;20;;;10091;14;10093;32;;;10087.0;0.0
av_COTTON_d9;23500;INTARIAN_PEPPER_ROOT;10769;9;10765;13;;;10775;19;10779;22;;;10772.0;0.0
av_COTTON_d9;23600;ASH_COATED_OSMIUM;10084;15;10082;25;;;10090;24;10094;19;;;10087.0;0.0
av_COTTON_d9;23600;INTARIAN_PEPPER_ROOT;10768;23;10765;21;;;10774;12;10776;18;;;10771.0;0.0
av_COTTON_d9;23700;ASH_COATED_OSMIUM;10081;9;10077;21;;;10092;16;10094;23;;;10086.5;0.0
av_COTTON_d9;23700;INTARIAN_PEPPER_ROOT;10766;19;10762;25;;;10777;15;10781;23;;;10771.5;0.0
av_COTTON_d9;23800;ASH_COATED_OSMIUM;10084;16;10080;12;;;10090;29;10093;25;;;10087.0;0.0
av_COTTON_d9;23800;INTARIAN_PEPPER_ROOT;10766;16;10762;30;;;10774;18;10778;21;;;10770.0;0.0
av_COTTON_d9;23900;ASH_COATED_OSMIUM;10080;15;10078;19;;;10093;16;10097;21;;;10086.5;0.0
av_COTTON_d9;23900;INTARIAN_PEPPER_ROOT;10767;8;10764;18;;;10773;14;10776;21;;;10770.0;0.0
av_COTTON_d9;24000;ASH_COATED_OSMIUM;10083;16;10080;17;;;10091;14;10093;30;;;10087.0;0.0
av_COTTON_d9;24000;INTARIAN_PEPPER_ROOT;10767;9;10763;21;;;10773;25;10777;28;;;10770.0;0.0
av_COTTON_d9;24100;ASH_COATED_OSMIUM;10080;19;10076;20;;;10095;12;10097;21;;;10087.5;0.0
av_COTTON_d9;24100;INTARIAN_PEPPER_ROOT;10766;26;10763;18;;;10772;13;10774;18;;;10769.0;0.0
av_COTTON_d9;24200;ASH_COATED_OSMIUM;10079;5;10076;20;;;10094;14;10097;20;;;10086.5;0.0
av_COTTON_d9;24200;INTARIAN_PEPPER_ROOT;10765;5;10762;9;;;10773;16;10775;16;;;10769.0;0.0
av_COTTON_d9;24300;ASH_COATED_OSMIUM;10084;11;10081;14;;;10090;18;10093;15;;;10087.0;0.0
av_COTTON_d9;24300;INTARIAN_PEPPER_ROOT;10765;19;10763;23;;;10774;13;10778;23;;;10769.5;0.0
av_COTTON_d9;24400;ASH_COATED_OSMIUM;10080;14;10077;22;;;10094;9;10097;28;;;10087.0;0.0
av_COTTON_d9;24400;INTARIAN_PEPPER_ROOT;10766;15;10762;12;;;10772;17;10775;15;;;10769.0;0.0
av_COTTON_d9;24500;ASH_COATED_OSMIUM;10083;15;10079;12;;;10089;11;10092;22;;;10086.0;0.0
av_COTTON_d9;24500;INTARIAN_PEPPER_ROOT;10765;11;10763;20;;;10771;14;10773;22;;;10768.0;0.0
av_COTTON_d9;24600;ASH_COATED_OSMIUM;10083;18;10079;24;;;10090;17;10094;8;;;10086.5;0.0
av_COTTON_d9;24600;INTARIAN_PEPPER_ROOT;10756;17;10754;18;;;10778;15;10780;26;;;10767.0;0.0
av_COTTON_d9;24700;ASH_COATED_OSMIUM;10072;14;10070;15;;;10101;13;10104;19;;;10086.5;0.0
av_COTTON_d9;24700;INTARIAN_PEPPER_ROOT;10765;9;10762;24;;;10771;19;10773;14;;;10768.0;0.0
av_COTTON_d9;24800;ASH_COATED_OSMIUM;10084;16;10082;19;;;10090;12;10092;19;;;10087.0;0.0
av_COTTON_d9;24800;INTARIAN_PEPPER_ROOT;10762;12;10760;23;;;10773;18;10776;25;;;10767.5;0.0
av_COTTON_d9;24900;ASH_COATED_OSMIUM;10083;16;10079;16;;;10089;14;10092;13;;;10086.0;0.0
av_COTTON_d9;24900;INTARIAN_PEPPER_ROOT;10764;9;10762;25;;;10770;9;10772;17;;;10767.0;0.0
av_COTTON_d9;25000;ASH_COATED_OSMIUM;10083;11;10079;21;;;10089;10;10091;20;;;10086.0;0.0
av_COTTON_d9;25000;INTARIAN_PEPPER_ROOT;10760;13;10757;17;;;10772;16;10776;17;;;10766.0;0.0
av_COTTON_d9;25100;ASH_COATED_OSMIUM;10079;18;10076;30;;;10094;12;10098;17;;;10086.5;0.0
av_COTTON_d9;25100;INTARIAN_PEPPER_ROOT;10764;7;10761;23;;;10770;22;10772;23;;;10767.0;0.0
av_COTTON_d9;25200;ASH_COATED_OSMIUM;10084;8;10080;14;;;10090;12;10093;26;;;10087.0;0.0
av_COTTON_d9;25200;INTARIAN_PEPPER_ROOT;10763;12;10759;19;;;10769;7;10771;18;;;10766.0;0.0
av_COTTON_d9;25300;ASH_COATED_OSMIUM;10083;16;10080;16;;;10089;19;10091;8;;;10086.0;0.0
av_COTTON_d9;25300;INTARIAN_PEPPER_ROOT;10762;10;10758;16;;;10768;7;10772;25;;;10765.0;0.0
av_COTTON_d9;25400;ASH_COATED_OSMIUM;10083;23;10080;13;;;10089;17;10093;18;;;10086.0;0.0
av_COTTON_d9;25400;INTARIAN_PEPPER_ROOT;10762;12;10760;29;;;10768;27;10770;19;;;10765.0;0.0
av_COTTON_d9;25500;ASH_COATED_OSMIUM;10083;8;10080;16;;;10089;18;10091;15;;;10086.0;0.0
av_COTTON_d9;25500;INTARIAN_PEPPER_ROOT;10759;8;10756;23;;;10771;6;10773;21;;;10765.0;0.0
av_COTTON_d9;25600;ASH_COATED_OSMIUM;10082;15;10079;27;;;10088;21;10090;13;;;10085.0;0.0
av_COTTON_d9;25600;INTARIAN_PEPPER_ROOT;10761;17;10758;18;;;10767;18;10771;25;;;10764.0;0.0
av_COTTON_d9;25700;ASH_COATED_OSMIUM;10083;13;10079;18;;;10089;21;10092;16;;;10086.0;0.0
av_COTTON_d9;25700;INTARIAN_PEPPER_ROOT;10761;15;10758;22;;;10767;24;10770;19;;;10764.0;0.0
av_COTTON_d9;25800;ASH_COATED_OSMIUM;10083;10;10081;21;;;10089;15;10093;25;;;10086.0;0.0
av_COTTON_d9;25800;INTARIAN_PEPPER_ROOT;10761;30;10758;22;;;10767;17;10769;13;;;10764.0;0.0
av_COTTON_d9;25900;ASH_COATED_OSMIUM;10083;9;10080;22;;;10089;18;10093;20;;;10086.0;0.0
av_COTTON_d9;25900;INTARIAN_PEPPER_ROOT;10759;6;10755;10;;;10768;13;10771;22;;;10763.5;0.0
av_COTTON_d9;26000;ASH_COATED_OSMIUM;10083;14;10081;16;;;10089;7;10093;15;;;10086.0;0.0
av_COTTON_d9;26000;INTARIAN_PEPPER_ROOT;10755;13;10753;16;;;10770;8;10772;14;;;10762.5;0.0
av_COTTON_d9;26100;ASH_COATED_OSMIUM;10082;8;10079;16;;;10091;16;10094;24;;;10086.5;0.0
av_COTTON_d9;26100;INTARIAN_PEPPER_ROOT;10759;11;10756;24;;;10767;8;10770;21;;;10763.0;0.0
av_COTTON_d9;26200;ASH_COATED_OSMIUM;10083;11;10081;17;;;10089;18;10093;27;;;10086.0;0.0
av_COTTON_d9;26200;INTARIAN_PEPPER_ROOT;10760;16;10757;15;;;10766;20;10770;13;;;10763.0;0.0
av_COTTON_d9;26300;ASH_COATED_OSMIUM;10079;12;10075;23;;;10092;12;10095;13;;;10085.5;0.0
av_COTTON_d9;26300;INTARIAN_PEPPER_ROOT;10759;18;10756;15;;;10765;10;10768;12;;;10762.0;0.0
av_COTTON_d9;26400;ASH_COATED_OSMIUM;10082;10;10080;19;;;10088;11;10092;18;;;10085.0;0.0
av_COTTON_d9;26400;INTARIAN_PEPPER_ROOT;10755;11;10753;28;;;10769;11;10772;15;;;10762.0;0.0
av_COTTON_d9;26500;ASH_COATED_OSMIUM;10083;27;10081;23;;;10089;22;10091;13;;;10086.0;0.0
av_COTTON_d9;26500;INTARIAN_PEPPER_ROOT;10759;15;10755;20;;;10765;10;10769;17;;;10762.0;0.0
av_COTTON_d9;26600;ASH_COATED_OSMIUM;10083;17;10080;20;;;10089;19;10093;22;;;10086.0;0.0
av_COTTON_d9;26600;INTARIAN_PEPPER_ROOT;10756;16;10753;21;;;10765;16;10768;22;;;10760.5;0.0
av_COTTON_d9;26700;ASH_COATED_OSMIUM;10082;12;10080;24;;;10088;23;10092;22;;;10085.0;0.0
av_COTTON_d9;26700;INTARIAN_PEPPER_ROOT;10758;19;10756;19;;;10765;15;10769;10;;;10761.5;0.0
av_COTTON_d9;26800;ASH_COATED_OSMIUM;10078;15;10076;22;;;10092;14;10096;18;;;10085.0;0.0
av_COTTON_d9;26800;INTARIAN_PEPPER_ROOT;10757;26;10753;20;;;10763;19;10766;22;;;10760.0;0.0
av_COTTON_d9;26900;ASH_COATED_OSMIUM;10082;14;10079;20;;;10088;14;10091;12;;;10085.0;0.0
av_COTTON_d9;26900;INTARIAN_PEPPER_ROOT;10755;15;10751;22;;;10766;12;10769;23;;;10760.5;0.0
av_COTTON_d9;27000;ASH_COATED_OSMIUM;10081;11;10077;23;;;10090;11;10092;11;;;10085.5;0.0
av_COTTON_d9;27000;INTARIAN_PEPPER_ROOT;10756;12;10752;8;;;10763;11;10767;23;;;10759.5;0.0
av_COTTON_d9;27100;ASH_COATED_OSMIUM;10079;20;10077;17;;;10092;15;10096;23;;;10085.5;0.0
av_COTTON_d9;27100;INTARIAN_PEPPER_ROOT;10757;14;10754;24;;;10763;15;10767;16;;;10760.0;0.0
av_COTTON_d9;27200;ASH_COATED_OSMIUM;10082;14;10079;22;;;10088;13;10090;21;;;10085.0;0.0
av_COTTON_d9;27200;INTARIAN_PEPPER_ROOT;10755;12;10752;20;;;10763;15;10765;21;;;10759.0;0.0
av_COTTON_d9;27300;ASH_COATED_OSMIUM;10082;10;10078;22;;;10088;25;10090;20;;;10085.0;0.0
av_COTTON_d9;27300;INTARIAN_PEPPER_ROOT;10756;9;10754;26;;;10762;8;10765;19;;;10759.0;0.0
av_COTTON_d9;27400;ASH_COATED_OSMIUM;10078;5;10074;25;;;10092;18;10094;23;;;10085.0;0.0
av_COTTON_d9;27400;INTARIAN_PEPPER_ROOT;10752;12;10749;22;;;10765;19;10767;23;;;10758.5;0.0
av_COTTON_d9;27500;ASH_COATED_OSMIUM;10074;6;10072;20;;;10095;15;10097;28;;;10084.5;0.0
av_COTTON_d9;27500;INTARIAN_PEPPER_ROOT;10754;9;10750;16;;;10762;12;10765;18;;;10758.0;0.0
av_COTTON_d9;27600;ASH_COATED_OSMIUM;10082;12;10078;29;;;10088;20;10092;19;;;10085.0;0.0
av_COTTON_d9;27600;INTARIAN_PEPPER_ROOT;10755;10;10752;15;;;10761;6;10765;26;;;10758.0;0.0
av_COTTON_d9;27700;ASH_COATED_OSMIUM;10080;12;10077;22;;;10090;18;10093;9;;;10085.0;0.0
av_COTTON_d9;27700;INTARIAN_PEPPER_ROOT;10754;21;10752;14;;;10760;18;10762;24;;;10757.0;0.0
av_COTTON_d9;27800;ASH_COATED_OSMIUM;10080;13;10078;21;;;10090;9;10094;21;;;10085.0;0.0
av_COTTON_d9;27800;INTARIAN_PEPPER_ROOT;10754;11;10752;12;;;10760;16;10762;18;;;10757.0;0.0
av_COTTON_d9;27900;ASH_COATED_OSMIUM;10082;13;10079;18;;;10088;13;10091;15;;;10085.0;0.0
av_COTTON_d9;27900;INTARIAN_PEPPER_ROOT;10753;18;10751;25;;;10760;13;10762;13;;;10756.5;0.0
av_COTTON_d9;28000;ASH_COATED_OSMIUM;10082;10;10080;25;;;10088;10;10090;34;;;10085.0;0.0
av_COTTON_d9;28000;INTARIAN_PEPPER_ROOT;10754;23;10751;25;;;10760;11;10763;22;;;10757.0;0.0
av_COTTON_d9;28100;ASH_COATED_OSMIUM;10076;17;10073;14;;;10094;5;10096;12;;;10085.0;0.0
av_COTTON_d9;28100;INTARIAN_PEPPER_ROOT;10753;16;10750;18;;;10759;10;10761;18;;;10756.0;0.0
av_COTTON_d9;28200;ASH_COATED_OSMIUM;10074;18;10071;19;;;10094;15;10096;21;;;10084.0;0.0
av_COTTON_d9;28200;INTARIAN_PEPPER_ROOT;10753;11;10751;23;;;10759;13;10763;26;;;10756.0;0.0
av_COTTON_d9;28300;ASH_COATED_OSMIUM;10078;13;10074;18;;;10090;5;10093;23;;;10084.0;0.0
av_COTTON_d9;28300;INTARIAN_PEPPER_ROOT;10752;10;10750;26;;;10758;13;10762;12;;;10755.0;0.0
av_COTTON_d9;28400;ASH_COATED_OSMIUM;10077;15;10074;20;;;10091;19;10093;19;;;10084.0;0.0
av_COTTON_d9;28400;INTARIAN_PEPPER_ROOT;10752;16;10748;26;;;10758;23;10760;8;;;10755.0;0.0
av_COTTON_d9;28500;ASH_COATED_OSMIUM;10077;17;10074;10;;;10091;16;10094;20;;;10084.0;0.0
av_COTTON_d9;28500;INTARIAN_PEPPER_ROOT;10752;11;10748;24;;;10758;11;10760;27;;;10755.0;0.0
av_COTTON_d9;28600;ASH_COATED_OSMIUM;10080;22;10078;15;;;10088;17;10091;15;;;10084.0;0.0
av_COTTON_d9;28600;INTARIAN_PEPPER_ROOT;10751;11;10749;17;;;10758;20;10761;10;;;10754.5;0.0
av_COTTON_d9;28700;ASH_COATED_OSMIUM;10078;5;10076;20;;;10092;14;10095;18;;;10085.0;0.0
av_COTTON_d9;28700;INTARIAN_PEPPER_ROOT;10751;16;10747;14;;;10757;25;10761;19;;;10754.0;0.0
av_COTTON_d9;28800;ASH_COATED_OSMIUM;10081;5;10078;17;;;10087;9;10091;18;;;10084.0;0.0
av_COTTON_d9;28800;INTARIAN_PEPPER_ROOT;10735;12;10733;31;;;10773;12;10775;24;;;10754.0;0.0
av_COTTON_d9;28900;ASH_COATED_OSMIUM;10082;20;10078;21;;;10088;17;10092;23;;;10085.0;0.0
av_COTTON_d9;28900;INTARIAN_PEPPER_ROOT;10751;18;10747;13;;;10757;15;10760;14;;;10754.0;0.0
av_COTTON_d9;29000;ASH_COATED_OSMIUM;10081;9;10078;19;;;10087;14;10089;15;;;10084.0;0.0
av_COTTON_d9;29000;INTARIAN_PEPPER_ROOT;10750;15;10746;24;;;10756;16;10759;27;;;10753.0;0.0
av_COTTON_d9;29100;ASH_COATED_OSMIUM;10075;19;10071;26;;;10093;15;10097;21;;;10084.0;0.0
av_COTTON_d9;29100;INTARIAN_PEPPER_ROOT;10750;5;10748;26;;;10756;17;10759;19;;;10753.0;0.0
av_COTTON_d9;29200;ASH_COATED_OSMIUM;10081;21;10078;17;;;10088;8;10092;25;;;10084.5;0.0
av_COTTON_d9;29200;INTARIAN_PEPPER_ROOT;10749;5;10746;18;;;10755;22;10759;14;;;10752.0;0.0
av_COTTON_d9;29300;ASH_COATED_OSMIUM;10081;18;10079;29;;;10087;9;10090;14;;;10084.0;0.0
av_COTTON_d9;29300;INTARIAN_PEPPER_ROOT;10748;14;10745;19;;;10755;14;10759;18;;;10751.5;0.0
av_COTTON_d9;29400;ASH_COATED_OSMIUM;10081;14;10078;16;;;10087;5;10090;15;;;10084.0;0.0
av_COTTON_d9;29400;INTARIAN_PEPPER_ROOT;10749;18;10745;20;;;10755;11;10759;11;;;10752.0;0.0
av_COTTON_d9;29500;ASH_COATED_OSMIUM;10082;12;10078;24;;;10088;12;10091;16;;;10085.0;0.0
av_COTTON_d9;29500;INTARIAN_PEPPER_ROOT;10738;13;10734;17;;;10764;22;10767;19;;;10751.0;0.0
av_COTTON_d9;29600;ASH_COATED_OSMIUM;10081;24;10078;21;;;10087;8;10089;11;;;10084.0;0.0
av_COTTON_d9;29600;INTARIAN_PEPPER_ROOT;10748;25;10744;15;;;10754;6;10757;12;;;10751.0;0.0
av_COTTON_d9;29700;ASH_COATED_OSMIUM;10081;11;10077;17;;;10087;18;10090;17;;;10084.0;0.0
av_COTTON_d9;29700;INTARIAN_PEPPER_ROOT;10746;20;10743;27;;;10755;14;10757;21;;;10750.5;0.0
av_COTTON_d9;29800;ASH_COATED_OSMIUM;10081;15;10079;18;;;10087;19;10089;22;;;10084.0;0.0
av_COTTON_d9;29800;INTARIAN_PEPPER_ROOT;10743;11;10740;9;;;10757;13;10761;20;;;10750.0;0.0
av_COTTON_d9;29900;ASH_COATED_OSMIUM;10073;19;10070;12;;;10094;17;10096;14;;;10083.5;0.0
av_COTTON_d9;29900;INTARIAN_PEPPER_ROOT;10747;11;10743;16;;;10753;13;10757;26;;;10750.0;0.0
av_COTTON_d9;30000;ASH_COATED_OSMIUM;10081;12;10077;19;;;10087;25;10089;19;;;10084.0;0.0
av_COTTON_d9;30000;INTARIAN_PEPPER_ROOT;10747;19;10745;18;;;10753;9;10756;23;;;10750.0;0.0
av_COTTON_d9;30100;ASH_COATED_OSMIUM;10080;16;10078;17;;;10086;18;10088;19;;;10083.0;0.0
av_COTTON_d9;30100;INTARIAN_PEPPER_ROOT;10744;11;10740;9;;;10754;17;10757;11;;;10749.0;0.0
av_COTTON_d9;30200;ASH_COATED_OSMIUM;10071;26;10068;30;;;10095;27;10098;12;;;10083.0;0.0
av_COTTON_d9;30200;INTARIAN_PEPPER_ROOT;10746;15;10742;23;;;10752;9;10755;20;;;10749.0;0.0
av_COTTON_d9;30300;ASH_COATED_OSMIUM;10065;13;10061;23;;;10101;11;10105;19;;;10083.0;0.0
av_COTTON_d9;30300;INTARIAN_PEPPER_ROOT;10737;8;10735;19;;;10760;15;10763;15;;;10748.5;0.0
av_COTTON_d9;30400;ASH_COATED_OSMIUM;10081;18;10077;9;;;10087;14;10091;13;;;10084.0;0.0
av_COTTON_d9;30400;INTARIAN_PEPPER_ROOT;10742;5;10740;16;;;10754;14;10757;20;;;10748.0;0.0
av_COTTON_d9;30500;ASH_COATED_OSMIUM;10080;19;10078;13;;;10086;8;10088;26;;;10083.0;0.0
av_COTTON_d9;30500;INTARIAN_PEPPER_ROOT;10745;15;10743;23;;;10751;16;10753;21;;;10748.0;0.0
av_COTTON_d9;30600;ASH_COATED_OSMIUM;10074;16;10072;20;;;10093;19;10097;20;;;10083.5;0.0
av_COTTON_d9;30600;INTARIAN_PEPPER_ROOT;10740;24;10738;20;;;10755;12;10759;23;;;10747.5;0.0
av_COTTON_d9;30700;ASH_COATED_OSMIUM;10079;16;10075;22;;;10088;18;10092;21;;;10083.5;0.0
av_COTTON_d9;30700;INTARIAN_PEPPER_ROOT;10743;17;10739;20;;;10752;22;10754;19;;;10747.5;0.0
av_COTTON_d9;30800;ASH_COATED_OSMIUM;10080;8;10077;13;;;10086;10;10090;14;;;10083.0;0.0
av_COTTON_d9;30800;INTARIAN_PEPPER_ROOT;10740;15;10736;28;;;10754;24;10758;16;;;10747.0;0.0
av_COTTON_d9;30900;ASH_COATED_OSMIUM;10077;17;10074;14;;;10088;20;10090;18;;;10082.5;0.0
av_COTTON_d9;30900;INTARIAN_PEPPER_ROOT;10744;12;10742;19;;;10750;15;10753;15;;;10747.0;0.0
av_COTTON_d9;31000;ASH_COATED_OSMIUM;10080;7;10077;24;;;10086;8;10089;12;;;10083.0;0.0
av_COTTON_d9;31000;INTARIAN_PEPPER_ROOT;10739;13;10735;16;;;10754;18;10758;25;;;10746.5;0.0
av_COTTON_d9;31100;ASH_COATED_OSMIUM;10080;16;10078;11;;;10086;20;10090;20;;;10083.0;0.0
av_COTTON_d9;31100;INTARIAN_PEPPER_ROOT;10743;18;10739;29;;;10749;8;10753;13;;;10746.0;0.0
av_COTTON_d9;31200;ASH_COATED_OSMIUM;10080;22;10078;15;;;10086;14;10088;15;;;10083.0;0.0
av_COTTON_d9;31200;INTARIAN_PEPPER_ROOT;10742;17;10739;20;;;10748;20;10750;25;;;10745.0;0.0
av_COTTON_d9;31300;ASH_COATED_OSMIUM;10079;14;10075;25;;;10085;17;10087;17;;;10082.0;0.0
av_COTTON_d9;31300;INTARIAN_PEPPER_ROOT;10742;20;10738;18;;;10748;15;10750;22;;;10745.0;0.0
av_COTTON_d9;31400;ASH_COATED_OSMIUM;10080;15;10076;19;;;10086;14;10090;18;;;10083.0;0.0
av_COTTON_d9;31400;INTARIAN_PEPPER_ROOT;10742;19;10740;20;;;10748;9;10750;19;;;10745.0;0.0
av_COTTON_d9;31500;ASH_COATED_OSMIUM;10079;17;10076;8;;;10085;17;10087;27;;;10082.0;0.0
av_COTTON_d9;31500;INTARIAN_PEPPER_ROOT;10735;24;10732;24;;;10754;7;10756;25;;;10744.5;0.0
av_COTTON_d9;31600;ASH_COATED_OSMIUM;10080;11;10077;16;;;10086;6;10090;26;;;10083.0;0.0
av_COTTON_d9;31600;INTARIAN_PEPPER_ROOT;10737;16;10734;21;;;10753;5;10755;12;;;10745.0;0.0
av_COTTON_d9;31700;ASH_COATED_OSMIUM;10075;10;10073;13;;;10089;12;10092;13;;;10082.0;0.0
av_COTTON_d9;31700;INTARIAN_PEPPER_ROOT;10732;8;10728;14;;;10756;19;10760;22;;;10744.0;0.0
av_COTTON_d9;31800;ASH_COATED_OSMIUM;10080;18;10077;20;;;10086;5;10089;23;;;10083.0;0.0
av_COTTON_d9;31800;INTARIAN_PEPPER_ROOT;10740;24;10738;16;;;10746;11;10748;21;;;10743.0;0.0
av_COTTON_d9;31900;ASH_COATED_OSMIUM;10079;18;10075;12;;;10085;12;10087;12;;;10082.0;0.0
av_COTTON_d9;31900;INTARIAN_PEPPER_ROOT;10732;16;10729;10;;;10753;15;10757;30;;;10742.5;0.0
av_COTTON_d9;32000;ASH_COATED_OSMIUM;10080;5;10078;25;;;10086;20;10088;19;;;10083.0;0.0
av_COTTON_d9;32000;INTARIAN_PEPPER_ROOT;10740;9;10738;22;;;10746;13;10749;17;;;10743.0;0.0
av_COTTON_d9;32100;ASH_COATED_OSMIUM;10079;16;10076;24;;;10085;10;10087;10;;;10082.0;0.0
av_COTTON_d9;32100;INTARIAN_PEPPER_ROOT;10740;14;10737;19;;;10746;12;10749;23;;;10743.0;0.0
av_COTTON_d9;32200;ASH_COATED_OSMIUM;10077;18;10074;25;;;10086;14;10088;25;;;10081.5;0.0
av_COTTON_d9;32200;INTARIAN_PEPPER_ROOT;10734;10;10731;18;;;10751;13;10753;16;;;10742.5;0.0
av_COTTON_d9;32300;ASH_COATED_OSMIUM;10072;16;10070;16;;;10091;20;10094;19;;;10081.5;0.0
av_COTTON_d9;32300;INTARIAN_PEPPER_ROOT;10739;17;10737;21;;;10745;12;10748;14;;;10742.0;0.0
av_COTTON_d9;32400;ASH_COATED_OSMIUM;10079;23;10077;19;;;10085;17;10089;21;;;10082.0;0.0
av_COTTON_d9;32400;INTARIAN_PEPPER_ROOT;10739;13;10735;21;;;10745;18;10749;18;;;10742.0;0.0
av_COTTON_d9;32500;ASH_COATED_OSMIUM;10070;13;10068;15;;;10095;23;10097;20;;;10082.5;0.0
av_COTTON_d9;32500;INTARIAN_PEPPER_ROOT;10738;11;10734;23;;;10744;10;10746;19;;;10741.0;0.0
av_COTTON_d9;32600;ASH_COATED_OSMIUM;10080;16;10077;15;;;10086;15;10090;19;;;10083.0;0.0
av_COTTON_d9;32600;INTARIAN_PEPPER_ROOT;10739;11;10735;11;;;10745;25;10747;19;;;10742.0;0.0
av_COTTON_d9;32700;ASH_COATED_OSMIUM;10078;14;10075;20;;;10086;20;10089;18;;;10082.0;0.0
av_COTTON_d9;32700;INTARIAN_PEPPER_ROOT;10733;16;10730;9;;;10748;14;10751;20;;;10740.5;0.0
av_COTTON_d9;32800;ASH_COATED_OSMIUM;10078;15;10076;33;;;10084;10;10086;19;;;10081.0;0.0
av_COTTON_d9;32800;INTARIAN_PEPPER_ROOT;10730;17;10727;19;;;10751;15;10754;25;;;10740.5;0.0
av_COTTON_d9;32900;ASH_COATED_OSMIUM;10079;8;10075;16;;;10085;13;10089;16;;;10082.0;0.0
av_COTTON_d9;32900;INTARIAN_PEPPER_ROOT;10737;12;10733;20;;;10743;16;10747;21;;;10740.0;0.0
av_COTTON_d9;33000;ASH_COATED_OSMIUM;10073;18;10070;17;;;10090;17;10092;16;;;10081.5;0.0
av_COTTON_d9;33000;INTARIAN_PEPPER_ROOT;10733;28;10731;16;;;10745;23;10749;16;;;10739.0;0.0
av_COTTON_d9;33100;ASH_COATED_OSMIUM;10079;11;10076;18;;;10085;20;10088;17;;;10082.0;0.0
av_COTTON_d9;33100;INTARIAN_PEPPER_ROOT;10737;20;10735;19;;;10743;20;10745;15;;;10740.0;0.0
av_COTTON_d9;33200;ASH_COATED_OSMIUM;10079;16;10075;19;;;10085;24;10089;11;;;10082.0;0.0
av_COTTON_d9;33200;INTARIAN_PEPPER_ROOT;10736;20;10733;19;;;10742;7;10745;14;;;10739.0;0.0
av_COTTON_d9;33300;ASH_COATED_OSMIUM;10076;10;10074;14;;;10086;14;10090;26;;;10081.0;0.0
av_COTTON_d9;33300;INTARIAN_PEPPER_ROOT;10730;19;10728;23;;;10747;11;10749;18;;;10738.5;0.0
av_COTTON_d9;33400;ASH_COATED_OSMIUM;10077;10;10073;19;;;10087;17;10091;19;;;10082.0;0.0
av_COTTON_d9;33400;INTARIAN_PEPPER_ROOT;10729;23;10726;14;;;10747;11;10750;19;;;10738.0;0.0
av_COTTON_d9;33500;ASH_COATED_OSMIUM;10078;13;10074;20;;;10084;16;10088;22;;;10081.0;0.0
av_COTTON_d9;33500;INTARIAN_PEPPER_ROOT;10734;10;10731;19;;;10742;8;10745;13;;;10738.0;0.0
av_COTTON_d9;33600;ASH_COATED_OSMIUM;10074;19;10070;24;;;10089;17;10093;23;;;10081.5;0.0
av_COTTON_d9;33600;INTARIAN_PEPPER_ROOT;10727;22;10725;24;;;10748;19;10751;20;;;10737.5;0.0
av_COTTON_d9;33700;ASH_COATED_OSMIUM;10075;16;10071;23;;;10088;24;10091;20;;;10081.5;0.0
av_COTTON_d9;33700;INTARIAN_PEPPER_ROOT;10732;23;10729;22;;;10742;17;10745;24;;;10737.0;0.0
av_COTTON_d9;33800;ASH_COATED_OSMIUM;10076;21;10072;18;;;10086;12;10088;10;;;10081.0;0.0
av_COTTON_d9;33800;INTARIAN_PEPPER_ROOT;10734;12;10730;23;;;10740;18;10743;24;;;10737.0;0.0
av_COTTON_d9;33900;ASH_COATED_OSMIUM;10079;17;10076;24;;;10085;14;10087;22;;;10082.0;0.0
av_COTTON_d9;33900;INTARIAN_PEPPER_ROOT;10734;10;10732;21;;;10740;21;10744;13;;;10737.0;0.0
av_COTTON_d9;34000;ASH_COATED_OSMIUM;10078;22;10074;17;;;10084;10;10086;22;;;10081.0;0.0
av_COTTON_d9;34000;INTARIAN_PEPPER_ROOT;10730;11;10728;31;;;10741;20;10745;8;;;10735.5;0.0
av_COTTON_d9;34100;ASH_COATED_OSMIUM;10078;9;10075;12;;;10084;13;10087;23;;;10081.0;0.0
av_COTTON_d9;34100;INTARIAN_PEPPER_ROOT;10729;16;10726;18;;;10735;22;10738;26;;;10732.0;0.0
av_COTTON_d9;34200;ASH_COATED_OSMIUM;10078;9;10076;19;;;10084;21;10086;17;;;10081.0;0.0
av_COTTON_d9;34200;INTARIAN_PEPPER_ROOT;10729;13;10727;20;;;10735;21;10738;25;;;10732.0;0.0
av_COTTON_d9;34300;ASH_COATED_OSMIUM;10069;16;10066;17;;;10095;18;10097;21;;;10082.0;0.0
av_COTTON_d9;34300;INTARIAN_PEPPER_ROOT;10722;18;10719;17;;;10737;6;10739;20;;;10729.5;0.0
av_COTTON_d9;34400;ASH_COATED_OSMIUM;10058;23;10054;20;;;10105;5;10108;17;;;10081.5;0.0
av_COTTON_d9;34400;INTARIAN_PEPPER_ROOT;10725;18;10723;24;;;10731;13;10735;26;;;10728.0;0.0
av_COTTON_d9;34500;ASH_COATED_OSMIUM;10073;14;10069;16;;;10088;9;10091;19;;;10080.5;0.0
av_COTTON_d9;34500;INTARIAN_PEPPER_ROOT;10723;23;10720;19;;;10729;15;10732;13;;;10726.0;0.0
av_COTTON_d9;34600;ASH_COATED_OSMIUM;10078;20;10075;13;;;10084;15;10088;31;;;10081.0;0.0
av_COTTON_d9;34600;INTARIAN_PEPPER_ROOT;10721;18;10718;12;;;10727;9;10731;23;;;10724.0;0.0
av_COTTON_d9;34700;ASH_COATED_OSMIUM;10078;5;10076;29;;;10084;19;10087;14;;;10081.0;0.0
av_COTTON_d9;34700;INTARIAN_PEPPER_ROOT;10716;13;10712;22;;;10730;15;10732;19;;;10723.0;0.0
av_COTTON_d9;34800;ASH_COATED_OSMIUM;10077;16;10074;17;;;10083;22;10086;28;;;10080.0;0.0
av_COTTON_d9;34800;INTARIAN_PEPPER_ROOT;10719;19;10717;17;;;10725;14;10728;19;;;10722.0;0.0
av_COTTON_d9;34900;ASH_COATED_OSMIUM;10078;17;10075;26;;;10084;16;10087;22;;;10081.0;0.0
av_COTTON_d9;34900;INTARIAN_PEPPER_ROOT;10717;21;10715;18;;;10723;20;10726;22;;;10720.0;0.0
av_COTTON_d9;35000;ASH_COATED_OSMIUM;10068;13;10066;21;;;10094;24;10096;20;;;10081.0;0.0
av_COTTON_d9;35000;INTARIAN_PEPPER_ROOT;10715;23;10711;19;;;10721;16;10725;21;;;10718.0;0.0
av_COTTON_d9;35100;ASH_COATED_OSMIUM;10078;21;10074;23;;;10084;11;10086;14;;;10081.0;0.0
av_COTTON_d9;35100;INTARIAN_PEPPER_ROOT;10714;13;10711;19;;;10720;5;10724;30;;;10717.0;0.0
av_COTTON_d9;35200;ASH_COATED_OSMIUM;10078;10;10074;22;;;10084;11;10087;20;;;10081.0;0.0
av_COTTON_d9;35200;INTARIAN_PEPPER_ROOT;10711;16;10708;21;;;10717;5;10719;16;;;10714.0;0.0
av_COTTON_d9;35300;ASH_COATED_OSMIUM;10071;10;10068;24;;;10089;16;10092;14;;;10080.0;0.0
av_COTTON_d9;35300;INTARIAN_PEPPER_ROOT;10710;25;10708;16;;;10716;11;10719;16;;;10713.0;0.0
av_COTTON_d9;35400;ASH_COATED_OSMIUM;10072;10;10068;23;;;10089;19;10092;19;;;10080.5;0.0
av_COTTON_d9;35400;INTARIAN_PEPPER_ROOT;10702;18;10699;18;;;10722;18;10726;20;;;10712.0;0.0
av_COTTON_d9;35500;ASH_COATED_OSMIUM;10077;11;10073;18;;;10083;24;10085;25;;;10080.0;0.0
av_COTTON_d9;35500;INTARIAN_PEPPER_ROOT;10701;16;10697;22;;;10718;10;10720;11;;;10709.5;0.0
av_COTTON_d9;35600;ASH_COATED_OSMIUM;10075;17;10071;28;;;10086;9;10088;24;;;10080.5;0.0
av_COTTON_d9;35600;INTARIAN_PEPPER_ROOT;10705;8;10701;18;;;10711;12;10713;15;;;10708.0;0.0
av_COTTON_d9;35700;ASH_COATED_OSMIUM;10077;16;10075;23;;;10083;17;10086;26;;;10080.0;0.0
av_COTTON_d9;35700;INTARIAN_PEPPER_ROOT;10704;22;10702;17;;;10710;21;10714;27;;;10707.0;0.0
av_COTTON_d9;35800;ASH_COATED_OSMIUM;10077;12;10074;21;;;10083;8;10087;20;;;10080.0;0.0
av_COTTON_d9;35800;INTARIAN_PEPPER_ROOT;10702;7;10699;26;;;10708;8;10711;21;;;10705.0;0.0
av_COTTON_d9;35900;ASH_COATED_OSMIUM;10055;22;10052;8;;;10105;20;10107;14;;;10080.0;0.0
av_COTTON_d9;35900;INTARIAN_PEPPER_ROOT;10700;13;10697;26;;;10706;9;10710;20;;;10703.0;0.0
av_COTTON_d9;36000;ASH_COATED_OSMIUM;10076;12;10072;10;;;10082;20;10085;26;;;10079.0;0.0
av_COTTON_d9;36000;INTARIAN_PEPPER_ROOT;10698;11;10694;26;;;10706;17;10710;25;;;10702.0;0.0
av_COTTON_d9;36100;ASH_COATED_OSMIUM;10076;16;10073;18;;;10084;13;10088;24;;;10080.0;0.0
av_COTTON_d9;36100;INTARIAN_PEPPER_ROOT;10696;23;10692;18;;;10705;11;10707;24;;;10700.5;0.0
av_COTTON_d9;36200;ASH_COATED_OSMIUM;10073;19;10070;17;;;10086;17;10089;21;;;10079.5;0.0
av_COTTON_d9;36200;INTARIAN_PEPPER_ROOT;10695;15;10692;32;;;10701;16;10704;24;;;10698.0;0.0
av_COTTON_d9;36300;ASH_COATED_OSMIUM;10077;9;10074;14;;;10083;22;10086;14;;;10080.0;0.0
av_COTTON_d9;36300;INTARIAN_PEPPER_ROOT;10693;5;10691;26;;;10700;24;10703;22;;;10696.5;0.0
av_COTTON_d9;36400;ASH_COATED_OSMIUM;10067;12;10063;26;;;10093;10;10097;33;;;10080.0;0.0
av_COTTON_d9;36400;INTARIAN_PEPPER_ROOT;10675;15;10671;24;;;10713;20;10716;21;;;10694.0;0.0
av_COTTON_d9;36500;ASH_COATED_OSMIUM;10077;16;10075;29;;;10083;22;10085;27;;;10080.0;0.0
av_COTTON_d9;36500;INTARIAN_PEPPER_ROOT;10690;15;10686;11;;;10696;20;10700;17;;;10693.0;0.0
av_COTTON_d9;36600;ASH_COATED_OSMIUM;10076;7;10073;18;;;10082;11;10086;18;;;10079.0;0.0
av_COTTON_d9;36600;INTARIAN_PEPPER_ROOT;10689;17;10687;13;;;10695;22;10698;23;;;10692.0;0.0
av_COTTON_d9;36700;ASH_COATED_OSMIUM;10077;11;10073;19;;;10083;6;10086;11;;;10080.0;0.0
av_COTTON_d9;36700;INTARIAN_PEPPER_ROOT;10687;23;10684;24;;;10693;19;10697;23;;;10690.0;0.0
av_COTTON_d9;36800;ASH_COATED_OSMIUM;10071;16;10067;13;;;10088;5;10092;18;;;10079.5;0.0
av_COTTON_d9;36800;INTARIAN_PEPPER_ROOT;10683;13;10680;24;;;10694;7;10697;18;;;10688.5;0.0
av_COTTON_d9;36900;ASH_COATED_OSMIUM;10075;17;10072;24;;;10083;12;10085;15;;;10079.0;0.0
av_COTTON_d9;36900;INTARIAN_PEPPER_ROOT;10683;15;10680;12;;;10689;11;10692;22;;;10686.0;0.0
av_COTTON_d9;37000;ASH_COATED_OSMIUM;10076;9;10074;13;;;10082;8;10084;15;;;10079.0;0.0
av_COTTON_d9;37000;INTARIAN_PEPPER_ROOT;10680;21;10677;16;;;10690;12;10693;13;;;10685.0;0.0
av_COTTON_d9;37100;ASH_COATED_OSMIUM;10074;15;10071;19;;;10084;13;10086;13;;;10079.0;0.0
av_COTTON_d9;37100;INTARIAN_PEPPER_ROOT;10680;21;10677;22;;;10686;11;10688;18;;;10683.0;0.0
av_COTTON_d9;37200;ASH_COATED_OSMIUM;10063;19;10061;22;;;10094;22;10097;19;;;10078.5;0.0
av_COTTON_d9;37200;INTARIAN_PEPPER_ROOT;10679;11;10675;25;;;10685;20;10687;18;;;10682.0;0.0
av_COTTON_d9;37300;ASH_COATED_OSMIUM;10076;23;10074;19;;;10082;5;10085;21;;;10079.0;0.0
av_COTTON_d9;37300;INTARIAN_PEPPER_ROOT;10677;5;10674;19;;;10683;15;10685;17;;;10680.0;0.0
av_COTTON_d9;37400;ASH_COATED_OSMIUM;10076;8;10072;30;;;10082;7;10086;17;;;10079.0;0.0
av_COTTON_d9;37400;INTARIAN_PEPPER_ROOT;10674;19;10671;10;;;10682;10;10685;24;;;10678.0;0.0
av_COTTON_d9;37500;ASH_COATED_OSMIUM;10068;9;10064;18;;;10091;8;10093;28;;;10079.5;0.0
av_COTTON_d9;37500;INTARIAN_PEPPER_ROOT;10673;23;10669;18;;;10679;6;10683;16;;;10676.0;0.0
av_COTTON_d9;37600;ASH_COATED_OSMIUM;10075;19;10072;18;;;10081;11;10084;21;;;10078.0;0.0
av_COTTON_d9;37600;INTARIAN_PEPPER_ROOT;10672;12;10668;19;;;10678;14;10680;21;;;10675.0;0.0
av_COTTON_d9;37700;ASH_COATED_OSMIUM;10076;11;10072;13;;;10082;20;10084;25;;;10079.0;0.0
av_COTTON_d9;37700;INTARIAN_PEPPER_ROOT;10670;15;10667;21;;;10676;14;10680;23;;;10673.0;0.0
av_COTTON_d9;37800;ASH_COATED_OSMIUM;10076;10;10074;13;;;10082;16;10086;10;;;10079.0;0.0
av_COTTON_d9;37800;INTARIAN_PEPPER_ROOT;10668;17;10664;23;;;10674;23;10678;19;;;10671.0;0.0
av_COTTON_d9;37900;ASH_COATED_OSMIUM;10076;9;10073;21;;;10082;23;10086;24;;;10079.0;0.0
av_COTTON_d9;37900;INTARIAN_PEPPER_ROOT;10665;14;10663;26;;;10676;13;10680;13;;;10670.5;0.0
av_COTTON_d9;38000;ASH_COATED_OSMIUM;10076;6;10073;29;;;10082;8;10085;19;;;10079.0;0.0
av_COTTON_d9;38000;INTARIAN_PEPPER_ROOT;10662;20;10659;15;;;10675;9;10677;23;;;10668.5;0.0
av_COTTON_d9;38100;ASH_COATED_OSMIUM;10076;18;10074;26;;;10082;14;10086;20;;;10079.0;0.0
av_COTTON_d9;38100;INTARIAN_PEPPER_ROOT;10663;12;10661;29;;;10669;11;10671;17;;;10666.0;0.0
av_COTTON_d9;38200;ASH_COATED_OSMIUM;10072;15;10070;19;;;10085;6;10088;16;;;10078.5;0.0
av_COTTON_d9;38200;INTARIAN_PEPPER_ROOT;10662;12;10658;21;;;10668;9;10672;30;;;10665.0;0.0
av_COTTON_d9;38300;ASH_COATED_OSMIUM;10071;15;10069;15;;;10086;13;10090;16;;;10078.5;0.0
av_COTTON_d9;38300;INTARIAN_PEPPER_ROOT;10661;13;10657;19;;;10667;15;10671;21;;;10664.0;0.0
av_COTTON_d9;38400;ASH_COATED_OSMIUM;10065;13;10061;17;;;10092;5;10095;21;;;10078.5;0.0
av_COTTON_d9;38400;INTARIAN_PEPPER_ROOT;10658;9;10656;24;;;10664;10;10667;16;;;10661.0;0.0
av_COTTON_d9;38500;ASH_COATED_OSMIUM;10076;7;10073;16;;;10082;14;10085;27;;;10079.0;0.0
av_COTTON_d9;38500;INTARIAN_PEPPER_ROOT;10657;14;10654;23;;;10663;18;10667;17;;;10660.0;0.0
av_COTTON_d9;38600;ASH_COATED_OSMIUM;10076;12;10072;15;;;10082;9;10084;20;;;10079.0;0.0
av_COTTON_d9;38600;INTARIAN_PEPPER_ROOT;10655;5;10653;14;;;10661;15;10665;25;;;10658.0;0.0
av_COTTON_d9;38700;ASH_COATED_OSMIUM;10068;16;10065;20;;;10088;19;10090;19;;;10078.0;0.0
av_COTTON_d9;38700;INTARIAN_PEPPER_ROOT;10648;17;10645;21;;;10663;30;10667;19;;;10655.5;0.0
av_COTTON_d9;38800;ASH_COATED_OSMIUM;10076;11;10072;21;;;10082;18;10084;20;;;10079.0;0.0
av_COTTON_d9;38800;INTARIAN_PEPPER_ROOT;10644;21;10642;20;;;10666;16;10668;19;;;10655.0;0.0
av_COTTON_d9;38900;ASH_COATED_OSMIUM;10076;12;10074;18;;;10082;14;10086;21;;;10079.0;0.0
av_COTTON_d9;38900;INTARIAN_PEPPER_ROOT;10650;17;10647;33;;;10656;22;10659;17;;;10653.0;0.0
av_COTTON_d9;39000;ASH_COATED_OSMIUM;10075;10;10072;25;;;10082;5;10086;20;;;10078.5;0.0
av_COTTON_d9;39000;INTARIAN_PEPPER_ROOT;10648;11;10645;25;;;10654;22;10658;14;;;10651.0;0.0
av_COTTON_d9;39100;ASH_COATED_OSMIUM;10073;14;10069;17;;;10083;10;10087;20;;;10078.0;0.0
av_COTTON_d9;39100;INTARIAN_PEPPER_ROOT;10647;11;10644;17;;;10653;16;10656;15;;;10650.0;0.0
av_COTTON_d9;39200;ASH_COATED_OSMIUM;10068;20;10066;17;;;10087;13;10089;22;;;10077.5;0.0
av_COTTON_d9;39200;INTARIAN_PEPPER_ROOT;10641;9;10637;16;;;10655;11;10658;18;;;10648.0;0.0
av_COTTON_d9;39300;ASH_COATED_OSMIUM;10075;19;10073;20;;;10081;9;10084;11;;;10078.0;0.0
av_COTTON_d9;39300;INTARIAN_PEPPER_ROOT;10644;27;10642;22;;;10650;14;10654;17;;;10647.0;0.0
av_COTTON_d9;39400;ASH_COATED_OSMIUM;10071;25;10069;26;;;10084;16;10086;11;;;10077.5;0.0
av_COTTON_d9;39400;INTARIAN_PEPPER_ROOT;10642;14;10638;26;;;10648;10;10650;9;;;10645.0;0.0
av_COTTON_d9;39500;ASH_COATED_OSMIUM;10075;14;10072;19;;;10081;21;10085;28;;;10078.0;0.0
av_COTTON_d9;39500;INTARIAN_PEPPER_ROOT;10641;14;10637;25;;;10647;12;10651;15;;;10644.0;0.0
av_COTTON_d9;39600;ASH_COATED_OSMIUM;10075;12;10072;20;;;10081;14;10085;14;;;10078.0;0.0
av_COTTON_d9;39600;INTARIAN_PEPPER_ROOT;10635;16;10631;17;;;10648;7;10650;26;;;10641.5;0.0
av_COTTON_d9;39700;ASH_COATED_OSMIUM;10074;22;10070;15;;;10080;16;10083;9;;;10077.0;0.0
av_COTTON_d9;39700;INTARIAN_PEPPER_ROOT;10636;14;10632;12;;;10644;14;10648;16;;;10640.0;0.0
av_COTTON_d9;39800;ASH_COATED_OSMIUM;10074;15;10070;17;;;10080;8;10083;26;;;10077.0;0.0
av_COTTON_d9;39800;INTARIAN_PEPPER_ROOT;10635;11;10631;12;;;10641;13;10644;20;;;10638.0;0.0
av_COTTON_d9;39900;ASH_COATED_OSMIUM;10074;12;10072;25;;;10080;13;10082;17;;;10077.0;0.0
av_COTTON_d9;39900;INTARIAN_PEPPER_ROOT;10633;19;10630;19;;;10639;19;10642;15;;;10636.0;0.0
av_COTTON_d9;40000;ASH_COATED_OSMIUM;10074;5;10070;22;;;10080;22;10083;11;;;10077.0;0.0
av_COTTON_d9;40000;INTARIAN_PEPPER_ROOT;10625;13;10622;14;;;10645;5;10649;17;;;10635.0;0.0
av_COTTON_d9;40100;ASH_COATED_OSMIUM;10074;18;10072;30;;;10080;14;10084;18;;;10077.0;0.0
av_COTTON_d9;40100;INTARIAN_PEPPER_ROOT;10630;11;10626;12;;;10636;16;10640;23;;;10633.0;0.0
av_COTTON_d9;40200;ASH_COATED_OSMIUM;10075;21;10071;25;;;10081;21;10083;20;;;10078.0;0.0
av_COTTON_d9;40200;INTARIAN_PEPPER_ROOT;10622;21;10620;23;;;10641;16;10645;22;;;10631.5;0.0
av_COTTON_d9;40300;ASH_COATED_OSMIUM;10074;8;10072;9;;;10080;20;10082;11;;;10077.0;0.0
av_COTTON_d9;40300;INTARIAN_PEPPER_ROOT;10617;13;10613;14;;;10642;13;10645;15;;;10629.5;0.0
av_COTTON_d9;40400;ASH_COATED_OSMIUM;10075;23;10071;24;;;10081;19;10085;13;;;10078.0;0.0
av_COTTON_d9;40400;INTARIAN_PEPPER_ROOT;10625;12;10621;27;;;10631;23;10634;14;;;10628.0;0.0
av_COTTON_d9;40500;ASH_COATED_OSMIUM;10074;13;10070;23;;;10080;14;10084;13;;;10077.0;0.0
av_COTTON_d9;40500;INTARIAN_PEPPER_ROOT;10623;14;10621;21;;;10629;7;10632;8;;;10626.0;0.0
av_COTTON_d9;40600;ASH_COATED_OSMIUM;10074;26;10071;15;;;10080;5;10084;13;;;10077.0;0.0
av_COTTON_d9;40600;INTARIAN_PEPPER_ROOT;10622;16;10620;15;;;10628;8;10631;18;;;10625.0;0.0
av_COTTON_d9;40700;ASH_COATED_OSMIUM;10066;6;10063;19;;;10088;17;10091;20;;;10077.0;0.0
av_COTTON_d9;40700;INTARIAN_PEPPER_ROOT;10620;14;10616;17;;;10626;16;10629;19;;;10623.0;0.0
av_COTTON_d9;40800;ASH_COATED_OSMIUM;10073;12;10069;15;;;10080;12;10083;13;;;10076.5;0.0
av_COTTON_d9;40800;INTARIAN_PEPPER_ROOT;10618;9;10615;18;;;10624;14;10627;14;;;10621.0;0.0
av_COTTON_d9;40900;ASH_COATED_OSMIUM;10068;11;10064;19;;;10087;12;10090;17;;;10077.5;0.0
av_COTTON_d9;40900;INTARIAN_PEPPER_ROOT;10617;15;10615;19;;;10623;16;10625;19;;;10620.0;0.0
av_COTTON_d9;41000;ASH_COATED_OSMIUM;10070;16;10067;24;;;10085;14;10087;17;;;10077.5;0.0
av_COTTON_d9;41000;INTARIAN_PEPPER_ROOT;10615;5;10613;21;;;10621;13;10624;22;;;10618.0;0.0
av_COTTON_d9;41100;ASH_COATED_OSMIUM;10074;15;10072;17;;;10080;7;10084;26;;;10077.0;0.0
av_COTTON_d9;41100;INTARIAN_PEPPER_ROOT;10614;27;10611;26;;;10620;8;10622;23;;;10617.0;0.0
av_COTTON_d9;41200;ASH_COATED_OSMIUM;10074;18;10072;14;;;10080;19;10084;18;;;10077.0;0.0
av_COTTON_d9;41200;INTARIAN_PEPPER_ROOT;10612;13;10609;14;;;10618;5;10620;20;;;10615.0;0.0
av_COTTON_d9;41300;ASH_COATED_OSMIUM;10074;21;10070;25;;;10080;18;10084;23;;;10077.0;0.0
av_COTTON_d9;41300;INTARIAN_PEPPER_ROOT;10607;21;10605;13;;;10620;7;10623;8;;;10613.5;0.0
av_COTTON_d9;41400;ASH_COATED_OSMIUM;10066;18;10063;27;;;10089;13;10093;18;;;10077.5;0.0
av_COTTON_d9;41400;INTARIAN_PEPPER_ROOT;10601;13;10599;16;;;10621;18;10625;26;;;10611.0;0.0
av_COTTON_d9;41500;ASH_COATED_OSMIUM;10067;16;10064;19;;;10086;14;10088;14;;;10076.5;0.0
av_COTTON_d9;41500;INTARIAN_PEPPER_ROOT;10606;20;10603;16;;;10612;18;10616;24;;;10609.0;0.0
av_COTTON_d9;41600;ASH_COATED_OSMIUM;10073;15;10070;18;;;10079;17;10081;26;;;10076.0;0.0
av_COTTON_d9;41600;INTARIAN_PEPPER_ROOT;10605;15;10602;8;;;10611;9;10615;24;;;10608.0;0.0
av_COTTON_d9;41700;ASH_COATED_OSMIUM;10074;12;10072;14;;;10080;9;10083;15;;;10077.0;0.0
av_COTTON_d9;41700;INTARIAN_PEPPER_ROOT;10601;15;10598;22;;;10612;21;10616;23;;;10606.5;0.0
av_COTTON_d9;41800;ASH_COATED_OSMIUM;10073;14;10070;19;;;10079;16;10082;23;;;10076.0;0.0
av_COTTON_d9;41800;INTARIAN_PEPPER_ROOT;10598;15;10595;27;;;10611;30;10614;20;;;10604.5;0.0
av_COTTON_d9;41900;ASH_COATED_OSMIUM;10073;10;10069;17;;;10079;16;10083;12;;;10076.0;0.0
av_COTTON_d9;41900;INTARIAN_PEPPER_ROOT;10595;19;10591;17;;;10610;9;10612;24;;;10602.5;0.0
av_COTTON_d9;42000;ASH_COATED_OSMIUM;10074;13;10072;27;;;10080;14;10084;22;;;10077.0;0.0
av_COTTON_d9;42000;INTARIAN_PEPPER_ROOT;10598;13;10596;8;;;10604;17;10606;20;;;10601.0;0.0
av_COTTON_d9;42100;ASH_COATED_OSMIUM;10073;18;10070;35;;;10081;10;10085;28;;;10077.0;0.0
av_COTTON_d9;42100;INTARIAN_PEPPER_ROOT;10597;12;10593;23;;;10603;15;10607;25;;;10600.0;0.0
av_COTTON_d9;42200;ASH_COATED_OSMIUM;10070;13;10066;13;;;10083;12;10085;14;;;10076.5;0.0
av_COTTON_d9;42200;INTARIAN_PEPPER_ROOT;10595;18;10593;30;;;10601;19;10603;22;;;10598.0;0.0
av_COTTON_d9;42300;ASH_COATED_OSMIUM;10073;13;10069;25;;;10079;13;10083;8;;;10076.0;0.0
av_COTTON_d9;42300;INTARIAN_PEPPER_ROOT;10586;18;10582;21;;;10607;7;10610;17;;;10596.5;0.0
av_COTTON_d9;42400;ASH_COATED_OSMIUM;10068;15;10065;16;;;10084;11;10088;17;;;10076.0;0.0
av_COTTON_d9;42400;INTARIAN_PEPPER_ROOT;10589;17;10585;20;;;10602;9;10605;26;;;10595.5;0.0
av_COTTON_d9;42500;ASH_COATED_OSMIUM;10074;18;10072;25;;;10080;20;10084;17;;;10077.0;0.0
av_COTTON_d9;42500;INTARIAN_PEPPER_ROOT;10590;23;10587;16;;;10596;13;10600;22;;;10593.0;0.0
av_COTTON_d9;42600;ASH_COATED_OSMIUM;10073;16;10071;22;;;10079;16;10081;8;;;10076.0;0.0
av_COTTON_d9;42600;INTARIAN_PEPPER_ROOT;10588;15;10584;29;;;10594;11;10597;22;;;10591.0;0.0
av_COTTON_d9;42700;ASH_COATED_OSMIUM;10072;12;10068;17;;;10081;26;10084;18;;;10076.5;0.0
av_COTTON_d9;42700;INTARIAN_PEPPER_ROOT;10587;12;10585;27;;;10593;11;10597;14;;;10590.0;0.0
av_COTTON_d9;42800;ASH_COATED_OSMIUM;10073;19;10071;22;;;10079;8;10083;26;;;10076.0;0.0
av_COTTON_d9;42800;INTARIAN_PEPPER_ROOT;10580;17;10577;22;;;10595;20;10597;19;;;10587.5;0.0
av_COTTON_d9;42900;ASH_COATED_OSMIUM;10072;28;10070;20;;;10080;15;10083;19;;;10076.0;0.0
av_COTTON_d9;42900;INTARIAN_PEPPER_ROOT;10582;21;10580;20;;;10590;18;10592;21;;;10586.0;0.0
av_COTTON_d9;43000;ASH_COATED_OSMIUM;10073;18;10070;25;;;10080;14;10082;19;;;10076.5;0.0
av_COTTON_d9;43000;INTARIAN_PEPPER_ROOT;10579;9;10577;19;;;10589;5;10591;21;;;10584.0;0.0
av_COTTON_d9;43100;ASH_COATED_OSMIUM;10073;5;10071;30;;;10079;25;10081;20;;;10076.0;0.0
av_COTTON_d9;43100;INTARIAN_PEPPER_ROOT;10577;12;10575;23;;;10590;13;10593;12;;;10583.5;0.0
av_COTTON_d9;43200;ASH_COATED_OSMIUM;10073;23;10070;18;;;10079;7;10083;20;;;10076.0;0.0
av_COTTON_d9;43200;INTARIAN_PEPPER_ROOT;10578;7;10574;19;;;10584;15;10587;17;;;10581.0;0.0
av_COTTON_d9;43300;ASH_COATED_OSMIUM;10072;13;10069;23;;;10079;21;10083;24;;;10075.5;0.0
av_COTTON_d9;43300;INTARIAN_PEPPER_ROOT;10577;18;10575;23;;;10583;18;10587;25;;;10580.0;0.0
av_COTTON_d9;43400;ASH_COATED_OSMIUM;10073;15;10071;13;;;10079;6;10082;22;;;10076.0;0.0
av_COTTON_d9;43400;INTARIAN_PEPPER_ROOT;10575;5;10571;16;;;10581;10;10585;18;;;10578.0;0.0
av_COTTON_d9;43500;ASH_COATED_OSMIUM;10064;25;10060;17;;;10087;14;10091;18;;;10075.5;0.0
av_COTTON_d9;43500;INTARIAN_PEPPER_ROOT;10573;15;10570;23;;;10580;17;10583;23;;;10576.5;0.0
av_COTTON_d9;43600;ASH_COATED_OSMIUM;10068;10;10065;19;;;10082;16;10086;18;;;10075.0;0.0
av_COTTON_d9;43600;INTARIAN_PEPPER_ROOT;10571;16;10569;28;;;10579;18;10583;23;;;10575.0;0.0
av_COTTON_d9;43700;ASH_COATED_OSMIUM;10071;9;10067;23;;;10078;16;10081;29;;;10074.5;0.0
av_COTTON_d9;43700;INTARIAN_PEPPER_ROOT;10568;19;10564;22;;;10579;16;10583;20;;;10573.5;0.0
av_COTTON_d9;43800;ASH_COATED_OSMIUM;10066;14;10062;21;;;10085;13;10087;24;;;10075.5;0.0
av_COTTON_d9;43800;INTARIAN_PEPPER_ROOT;10563;13;10559;18;;;10579;14;10583;22;;;10571.0;0.0
av_COTTON_d9;43900;ASH_COATED_OSMIUM;10072;17;10070;18;;;10078;8;10080;23;;;10075.0;0.0
av_COTTON_d9;43900;INTARIAN_PEPPER_ROOT;10565;5;10562;20;;;10574;5;10577;21;;;10569.5;0.0
av_COTTON_d9;44000;ASH_COATED_OSMIUM;10073;14;10071;29;;;10079;5;10081;27;;;10076.0;0.0
av_COTTON_d9;44000;INTARIAN_PEPPER_ROOT;10565;14;10562;23;;;10571;19;10574;26;;;10568.0;0.0
av_COTTON_d9;44100;ASH_COATED_OSMIUM;10072;6;10068;24;;;10078;17;10081;18;;;10075.0;0.0
av_COTTON_d9;44100;INTARIAN_PEPPER_ROOT;10560;25;10556;21;;;10573;15;10576;18;;;10566.5;0.0
av_COTTON_d9;44200;ASH_COATED_OSMIUM;10072;13;10070;19;;;10078;16;10080;13;;;10075.0;0.0
av_COTTON_d9;44200;INTARIAN_PEPPER_ROOT;10562;5;10559;24;;;10568;16;10570;20;;;10565.0;0.0
av_COTTON_d9;44300;ASH_COATED_OSMIUM;10072;15;10070;25;;;10078;12;10082;35;;;10075.0;0.0
av_COTTON_d9;44300;INTARIAN_PEPPER_ROOT;10559;16;10555;10;;;10565;22;10568;21;;;10562.0;0.0
av_COTTON_d9;44400;ASH_COATED_OSMIUM;10072;15;10068;14;;;10078;17;10082;19;;;10075.0;0.0
av_COTTON_d9;44400;INTARIAN_PEPPER_ROOT;10549;17;10545;18;;;10574;17;10577;17;;;10561.5;0.0
av_COTTON_d9;44500;ASH_COATED_OSMIUM;10073;8;10069;14;;;10079;7;10082;22;;;10076.0;0.0
av_COTTON_d9;44500;INTARIAN_PEPPER_ROOT;10556;22;10553;14;;;10562;14;10566;21;;;10559.0;0.0
av_COTTON_d9;44600;ASH_COATED_OSMIUM;10062;12;10058;15;;;10088;9;10091;26;;;10075.0;0.0
av_COTTON_d9;44600;INTARIAN_PEPPER_ROOT;10555;5;10551;24;;;10561;14;10564;19;;;10558.0;0.0
av_COTTON_d9;44700;ASH_COATED_OSMIUM;10066;6;10062;16;;;10083;19;10087;20;;;10074.5;0.0
av_COTTON_d9;44700;INTARIAN_PEPPER_ROOT;10553;13;10550;16;;;10559;20;10561;13;;;10556.0;0.0
av_COTTON_d9;44800;ASH_COATED_OSMIUM;10057;12;10054;24;;;10092;13;10095;9;;;10074.5;0.0
av_COTTON_d9;44800;INTARIAN_PEPPER_ROOT;10548;27;10546;23;;;10560;16;10563;10;;;10554.0;0.0
av_COTTON_d9;44900;ASH_COATED_OSMIUM;10071;19;10068;22;;;10077;13;10081;20;;;10074.0;0.0
av_COTTON_d9;44900;INTARIAN_PEPPER_ROOT;10550;15;10546;33;;;10556;16;10559;19;;;10553.0;0.0
av_COTTON_d9;45000;ASH_COATED_OSMIUM;10056;12;10052;15;;;10093;13;10096;17;;;10074.5;0.0
av_COTTON_d9;45000;INTARIAN_PEPPER_ROOT;10535;12;10532;20;;;10567;11;10570;9;;;10551.0;0.0
av_COTTON_d9;45100;ASH_COATED_OSMIUM;10068;12;10065;17;;;10081;9;10083;24;;;10074.5;0.0
av_COTTON_d9;45100;INTARIAN_PEPPER_ROOT;10529;8;10527;17;;;10571;14;10575;17;;;10550.0;0.0
av_COTTON_d9;45200;ASH_COATED_OSMIUM;10072;11;10069;28;;;10078;16;10080;21;;;10075.0;0.0
av_COTTON_d9;45200;INTARIAN_PEPPER_ROOT;10544;15;10542;18;;;10552;19;10555;28;;;10548.0;0.0
av_COTTON_d9;45300;ASH_COATED_OSMIUM;10068;18;10066;21;;;10079;5;10083;19;;;10073.5;0.0
av_COTTON_d9;45300;INTARIAN_PEPPER_ROOT;10535;9;10532;21;;;10557;13;10559;19;;;10546.0;0.0
av_COTTON_d9;45400;ASH_COATED_OSMIUM;10069;13;10066;19;;;10081;19;10083;21;;;10075.0;0.0
av_COTTON_d9;45400;INTARIAN_PEPPER_ROOT;10541;5;10537;19;;;10547;17;10550;8;;;10544.0;0.0
av_COTTON_d9;45500;ASH_COATED_OSMIUM;10071;11;10068;17;;;10077;20;10080;22;;;10074.0;0.0
av_COTTON_d9;45500;INTARIAN_PEPPER_ROOT;10540;11;10536;23;;;10546;10;10548;27;;;10543.0;0.0
av_COTTON_d9;45600;ASH_COATED_OSMIUM;10071;19;10068;19;;;10077;21;10081;17;;;10074.0;0.0
av_COTTON_d9;45600;INTARIAN_PEPPER_ROOT;10538;19;10534;22;;;10544;15;10548;23;;;10541.0;0.0
av_COTTON_d9;45700;ASH_COATED_OSMIUM;10072;15;10068;18;;;10078;12;10081;18;;;10075.0;0.0
av_COTTON_d9;45700;INTARIAN_PEPPER_ROOT;10536;17;10532;22;;;10545;17;10548;20;;;10540.5;0.0
av_COTTON_d9;45800;ASH_COATED_OSMIUM;10070;20;10068;13;;;10078;21;10080;20;;;10074.0;0.0
av_COTTON_d9;45800;INTARIAN_PEPPER_ROOT;10533;16;10531;12;;;10543;12;10547;15;;;10538.0;0.0
av_COTTON_d9;45900;ASH_COATED_OSMIUM;10071;10;10068;16;;;10077;15;10079;22;;;10074.0;0.0
av_COTTON_d9;45900;INTARIAN_PEPPER_ROOT;10533;21;10529;22;;;10539;5;10543;24;;;10536.0;0.0
av_COTTON_d9;46000;ASH_COATED_OSMIUM;10066;9;10062;14;;;10081;12;10085;19;;;10073.5;0.0
av_COTTON_d9;46000;INTARIAN_PEPPER_ROOT;10524;15;10520;26;;;10545;10;10548;12;;;10534.5;0.0
av_COTTON_d9;46100;ASH_COATED_OSMIUM;10071;9;10069;24;;;10077;14;10080;10;;;10074.0;0.0
av_COTTON_d9;46100;INTARIAN_PEPPER_ROOT;10516;5;10512;18;;;10549;19;10552;18;;;10532.5;0.0
av_COTTON_d9;46200;ASH_COATED_OSMIUM;10067;12;10065;19;;;10080;13;10083;20;;;10073.5;0.0
av_COTTON_d9;46200;INTARIAN_PEPPER_ROOT;10528;18;10524;14;;;10534;17;10538;17;;;10531.0;0.0
av_COTTON_d9;46300;ASH_COATED_OSMIUM;10071;17;10067;22;;;10077;16;10081;22;;;10074.0;0.0
av_COTTON_d9;46300;INTARIAN_PEPPER_ROOT;10525;13;10522;16;;;10536;21;10538;25;;;10530.5;0.0
av_COTTON_d9;46400;ASH_COATED_OSMIUM;10071;14;10067;18;;;10077;21;10080;27;;;10074.0;0.0
av_COTTON_d9;46400;INTARIAN_PEPPER_ROOT;10525;21;10523;25;;;10531;9;10534;29;;;10528.0;0.0
av_COTTON_d9;46500;ASH_COATED_OSMIUM;10070;13;10066;11;;;10076;6;10078;13;;;10073.0;0.0
av_COTTON_d9;46500;INTARIAN_PEPPER_ROOT;10517;9;10513;15;;;10535;16;10538;23;;;10526.0;0.0
av_COTTON_d9;46600;ASH_COATED_OSMIUM;10071;8;10068;21;;;10077;6;10079;16;;;10074.0;0.0
av_COTTON_d9;46600;INTARIAN_PEPPER_ROOT;10522;20;10519;22;;;10528;10;10530;18;;;10525.0;0.0
av_COTTON_d9;46700;ASH_COATED_OSMIUM;10070;12;10066;11;;;10076;23;10080;17;;;10073.0;0.0
av_COTTON_d9;46700;INTARIAN_PEPPER_ROOT;10517;17;10514;16;;;10529;17;10531;20;;;10523.0;0.0
av_COTTON_d9;46800;ASH_COATED_OSMIUM;10070;23;10067;20;;;10078;9;10082;21;;;10074.0;0.0
av_COTTON_d9;46800;INTARIAN_PEPPER_ROOT;10517;15;10515;21;;;10525;11;10528;18;;;10521.0;0.0
av_COTTON_d9;46900;ASH_COATED_OSMIUM;10071;11;10068;24;;;10077;12;10079;24;;;10074.0;0.0
av_COTTON_d9;46900;INTARIAN_PEPPER_ROOT;10516;25;10514;19;;;10522;13;10525;19;;;10519.0;0.0
av_COTTON_d9;47000;ASH_COATED_OSMIUM;10071;8;10069;15;;;10077;21;10081;19;;;10074.0;0.0
av_COTTON_d9;47000;INTARIAN_PEPPER_ROOT;10513;19;10510;17;;;10523;8;10527;23;;;10518.0;0.0
av_COTTON_d9;47100;ASH_COATED_OSMIUM;10070;11;10066;21;;;10076;16;10078;24;;;10073.0;0.0
av_COTTON_d9;47100;INTARIAN_PEPPER_ROOT;10513;17;10509;32;;;10519;22;10521;14;;;10516.0;0.0
av_COTTON_d9;47200;ASH_COATED_OSMIUM;10064;14;10060;19;;;10082;15;10085;19;;;10073.0;0.0
av_COTTON_d9;47200;INTARIAN_PEPPER_ROOT;10512;17;10510;35;;;10518;23;10521;16;;;10515.0;0.0
av_COTTON_d9;47300;ASH_COATED_OSMIUM;10071;8;10068;14;;;10077;18;10081;24;;;10074.0;0.0
av_COTTON_d9;47300;INTARIAN_PEPPER_ROOT;10510;14;10506;20;;;10516;16;10520;25;;;10513.0;0.0
av_COTTON_d9;47400;ASH_COATED_OSMIUM;10059;7;10055;20;;;10086;23;10088;25;;;10072.5;0.0
av_COTTON_d9;47400;INTARIAN_PEPPER_ROOT;10506;18;10503;25;;;10515;17;10519;21;;;10510.5;0.0
av_COTTON_d9;47500;ASH_COATED_OSMIUM;10066;17;10064;17;;;10082;10;10084;24;;;10074.0;0.0
av_COTTON_d9;47500;INTARIAN_PEPPER_ROOT;10494;10;10491;17;;;10525;19;10528;25;;;10509.5;0.0
av_COTTON_d9;47600;ASH_COATED_OSMIUM;10070;18;10066;8;;;10076;9;10078;19;;;10073.0;0.0
av_COTTON_d9;47600;INTARIAN_PEPPER_ROOT;10505;15;10503;21;;;10511;16;10515;26;;;10508.0;0.0
av_COTTON_d9;47700;ASH_COATED_OSMIUM;10067;19;10064;23;;;10078;13;10080;20;;;10072.5;0.0
av_COTTON_d9;47700;INTARIAN_PEPPER_ROOT;10503;24;10499;19;;;10509;20;10511;19;;;10506.0;0.0
av_COTTON_d9;47800;ASH_COATED_OSMIUM;10069;5;10067;17;;;10075;11;10079;19;;;10072.0;0.0
av_COTTON_d9;47800;INTARIAN_PEPPER_ROOT;10493;16;10490;25;;;10516;11;10520;28;;;10504.5;0.0
av_COTTON_d9;47900;ASH_COATED_OSMIUM;10068;22;10066;16;;;10078;16;10080;20;;;10073.0;0.0
av_COTTON_d9;47900;INTARIAN_PEPPER_ROOT;10498;23;10495;24;;;10507;14;10511;19;;;10502.5;0.0
av_COTTON_d9;48000;ASH_COATED_OSMIUM;10070;18;10067;25;;;10076;6;10078;22;;;10073.0;0.0
av_COTTON_d9;48000;INTARIAN_PEPPER_ROOT;10499;23;10495;22;;;10505;19;10508;12;;;10502.0;0.0
av_COTTON_d9;48100;ASH_COATED_OSMIUM;10070;14;10066;20;;;10076;11;10079;16;;;10073.0;0.0
av_COTTON_d9;48100;INTARIAN_PEPPER_ROOT;10497;11;10493;23;;;10503;21;10506;13;;;10500.0;0.0
av_COTTON_d9;48200;ASH_COATED_OSMIUM;10069;12;10067;18;;;10076;24;10078;24;;;10072.5;0.0
av_COTTON_d9;48200;INTARIAN_PEPPER_ROOT;10494;16;10491;18;;;10501;16;10503;26;;;10497.5;0.0
av_COTTON_d9;48300;ASH_COATED_OSMIUM;10063;10;10061;18;;;10082;19;10086;28;;;10072.5;0.0
av_COTTON_d9;48300;INTARIAN_PEPPER_ROOT;10493;18;10490;18;;;10499;21;10503;14;;;10496.0;0.0
av_COTTON_d9;48400;ASH_COATED_OSMIUM;10068;18;10065;17;;;10077;13;10080;18;;;10072.5;0.0
av_COTTON_d9;48400;INTARIAN_PEPPER_ROOT;10488;19;10485;22;;;10501;13;10505;28;;;10494.5;0.0
av_COTTON_d9;48500;ASH_COATED_OSMIUM;10070;6;10068;13;;;10076;10;10080;22;;;10073.0;0.0
av_COTTON_d9;48500;INTARIAN_PEPPER_ROOT;10489;23;10485;15;;;10498;7;10502;11;;;10493.5;0.0
av_COTTON_d9;48600;ASH_COATED_OSMIUM;10069;17;10067;12;;;10075;8;10077;26;;;10072.0;0.0
av_COTTON_d9;48600;INTARIAN_PEPPER_ROOT;10489;18;10485;16;;;10495;8;10498;10;;;10492.0;0.0
av_COTTON_d9;48700;ASH_COATED_OSMIUM;10066;16;10064;24;;;10080;15;10082;28;;;10073.0;0.0
av_COTTON_d9;48700;INTARIAN_PEPPER_ROOT;10487;13;10483;17;;;10493;16;10495;16;;;10490.0;0.0
av_COTTON_d9;48800;ASH_COATED_OSMIUM;10069;17;10067;17;;;10075;9;10079;8;;;10072.0;0.0
av_COTTON_d9;48800;INTARIAN_PEPPER_ROOT;10484;17;10480;20;;;10490;9;10494;20;;;10487.0;0.0
av_COTTON_d9;48900;ASH_COATED_OSMIUM;10066;12;10062;21;;;10078;21;10082;17;;;10072.0;0.0
av_COTTON_d9;48900;INTARIAN_PEPPER_ROOT;10483;14;10480;21;;;10490;19;10492;26;;;10486.5;0.0
av_COTTON_d9;49000;ASH_COATED_OSMIUM;10069;22;10067;21;;;10075;12;10078;9;;;10072.0;0.0
av_COTTON_d9;49000;INTARIAN_PEPPER_ROOT;10482;17;10480;21;;;10488;17;10492;16;;;10485.0;0.0
av_COTTON_d9;49100;ASH_COATED_OSMIUM;10066;5;10063;15;;;10077;20;10079;15;;;10071.5;0.0
av_COTTON_d9;49100;INTARIAN_PEPPER_ROOT;10480;16;10478;30;;;10487;15;10490;27;;;10483.5;0.0
av_COTTON_d9;49200;ASH_COATED_OSMIUM;10063;20;10060;15;;;10081;9;10085;18;;;10072.0;0.0
av_COTTON_d9;49200;INTARIAN_PEPPER_ROOT;10474;5;10470;24;;;10489;10;10491;11;;;10481.5;0.0
av_COTTON_d9;49300;ASH_COATED_OSMIUM;10069;13;10065;30;;;10075;13;10079;13;;;10072.0;0.0
av_COTTON_d9;49300;INTARIAN_PEPPER_ROOT;10476;18;10474;21;;;10482;19;10486;14;;;10479.0;0.0
av_COTTON_d9;49400;ASH_COATED_OSMIUM;10068;10;10065;23;;;10074;16;10077;28;;;10071.0;0.0
av_COTTON_d9;49400;INTARIAN_PEPPER_ROOT;10470;18;10466;24;;;10486;9;10489;9;;;10478.0;0.0
av_COTTON_d9;49500;ASH_COATED_OSMIUM;10069;26;10066;23;;;10075;9;10077;12;;;10072.0;0.0
av_COTTON_d9;49500;INTARIAN_PEPPER_ROOT;10473;9;10471;27;;;10481;11;10485;8;;;10477.0;0.0
av_COTTON_d9;49600;ASH_COATED_OSMIUM;10069;13;10065;16;;;10075;15;10078;12;;;10072.0;0.0
av_COTTON_d9;49600;INTARIAN_PEPPER_ROOT;10471;16;10468;31;;;10477;14;10480;19;;;10474.0;0.0
av_COTTON_d9;49700;ASH_COATED_OSMIUM;10064;12;10061;12;;;10079;11;10082;19;;;10071.5;0.0
av_COTTON_d9;49700;INTARIAN_PEPPER_ROOT;10470;12;10466;25;;;10476;15;10479;11;;;10473.0;0.0
av_COTTON_d9;49800;ASH_COATED_OSMIUM;10061;26;10057;21;;;10083;21;10086;23;;;10072.0;0.0
av_COTTON_d9;49800;INTARIAN_PEPPER_ROOT;10468;15;10466;20;;;10474;16;10476;16;;;10471.0;0.0
av_COTTON_d9;49900;ASH_COATED_OSMIUM;10057;5;10053;23;;;10086;20;10088;22;;;10071.5;0.0
av_COTTON_d9;49900;INTARIAN_PEPPER_ROOT;10464;20;10461;26;;;10475;16;10478;28;;;10469.5;0.0
av_COTTON_d9;50000;ASH_COATED_OSMIUM;10068;5;10065;12;;;10074;20;10078;24;;;10071.0;0.0
av_COTTON_d9;50000;INTARIAN_PEPPER_ROOT;10464;14;10461;11;;;10472;19;10476;14;;;10468.0;0.0
av_COTTON_d9;50100;ASH_COATED_OSMIUM;10064;12;10062;21;;;10079;9;10083;16;;;10071.5;0.0
av_COTTON_d9;50100;INTARIAN_PEPPER_ROOT;10463;18;10459;16;;;10469;16;10472;26;;;10466.0;0.0
av_COTTON_d9;50200;ASH_COATED_OSMIUM;10067;20;10063;23;;;10076;13;10078;8;;;10071.5;0.0
av_COTTON_d9;50200;INTARIAN_PEPPER_ROOT;10461;16;10459;20;;;10469;10;10471;24;;;10465.0;0.0
av_COTTON_d9;50300;ASH_COATED_OSMIUM;10068;21;10064;21;;;10074;16;10076;25;;;10071.0;0.0
av_COTTON_d9;50300;INTARIAN_PEPPER_ROOT;10460;20;10457;21;;;10466;14;10470;17;;;10463.0;0.0
av_COTTON_d9;50400;ASH_COATED_OSMIUM;10069;19;10067;28;;;10075;13;10078;23;;;10072.0;0.0
av_COTTON_d9;50400;INTARIAN_PEPPER_ROOT;10459;16;10455;23;;;10465;14;10467;28;;;10462.0;0.0
av_COTTON_d9;50500;ASH_COATED_OSMIUM;10060;9;10058;21;;;10083;19;10087;16;;;10071.5;0.0
av_COTTON_d9;50500;INTARIAN_PEPPER_ROOT;10456;10;10453;27;;;10462;10;10465;25;;;10459.0;0.0
av_COTTON_d9;50600;ASH_COATED_OSMIUM;10059;13;10055;25;;;10084;21;10087;21;;;10071.5;0.0
av_COTTON_d9;50600;INTARIAN_PEPPER_ROOT;10447;6;10444;25;;;10468;7;10470;26;;;10457.5;0.0
av_COTTON_d9;50700;ASH_COATED_OSMIUM;10066;17;10063;23;;;10076;7;10078;21;;;10071.0;0.0
av_COTTON_d9;50700;INTARIAN_PEPPER_ROOT;10453;16;10451;24;;;10459;23;10463;20;;;10456.0;0.0
av_COTTON_d9;50800;ASH_COATED_OSMIUM;10069;19;10066;12;;;10075;18;10077;21;;;10072.0;0.0
av_COTTON_d9;50800;INTARIAN_PEPPER_ROOT;10450;18;10446;21;;;10460;23;10464;16;;;10455.0;0.0
av_COTTON_d9;50900;ASH_COATED_OSMIUM;10068;12;10065;19;;;10074;18;10076;19;;;10071.0;0.0
av_COTTON_d9;50900;INTARIAN_PEPPER_ROOT;10450;17;10447;22;;;10456;15;10459;12;;;10453.0;0.0
av_COTTON_d9;51000;ASH_COATED_OSMIUM;10068;15;10066;18;;;10074;16;10077;22;;;10071.0;0.0
av_COTTON_d9;51000;INTARIAN_PEPPER_ROOT;10448;9;10446;23;;;10454;24;10457;11;;;10451.0;0.0
av_COTTON_d9;51100;ASH_COATED_OSMIUM;10067;6;10065;10;;;10075;15;10077;18;;;10071.0;0.0
av_COTTON_d9;51100;INTARIAN_PEPPER_ROOT;10445;10;10441;26;;;10455;13;10458;23;;;10450.0;0.0
av_COTTON_d9;51200;ASH_COATED_OSMIUM;10067;14;10063;15;;;10076;20;10078;9;;;10071.5;0.0
av_COTTON_d9;51200;INTARIAN_PEPPER_ROOT;10444;18;10442;23;;;10452;22;10455;25;;;10448.0;0.0
av_COTTON_d9;51300;ASH_COATED_OSMIUM;10068;14;10064;26;;;10074;6;10077;16;;;10071.0;0.0
av_COTTON_d9;51300;INTARIAN_PEPPER_ROOT;10443;11;10441;14;;;10450;16;10453;16;;;10446.5;0.0
av_COTTON_d9;51400;ASH_COATED_OSMIUM;10068;20;10065;15;;;10074;13;10078;25;;;10071.0;0.0
av_COTTON_d9;51400;INTARIAN_PEPPER_ROOT;10437;13;10435;23;;;10453;22;10456;15;;;10445.0;0.0
av_COTTON_d9;51500;ASH_COATED_OSMIUM;10066;22;10064;14;;;10077;11;10081;20;;;10071.5;0.0
av_COTTON_d9;51500;INTARIAN_PEPPER_ROOT;10441;14;10438;17;;;10447;24;10449;22;;;10444.0;0.0
av_COTTON_d9;51600;ASH_COATED_OSMIUM;10055;16;10053;18;;;10088;9;10092;18;;;10071.5;0.0
av_COTTON_d9;51600;INTARIAN_PEPPER_ROOT;10440;19;10438;22;;;10446;8;10448;9;;;10443.0;0.0
av_COTTON_d9;51700;ASH_COATED_OSMIUM;10068;17;10064;20;;;10074;6;10077;22;;;10071.0;0.0
av_COTTON_d9;51700;INTARIAN_PEPPER_ROOT;10432;16;10429;19;;;10449;6;10453;20;;;10440.5;0.0
av_COTTON_d9;51800;ASH_COATED_OSMIUM;10068;14;10065;21;;;10074;24;10077;27;;;10071.0;0.0
av_COTTON_d9;51800;INTARIAN_PEPPER_ROOT;10432;19;10429;25;;;10445;14;10448;23;;;10438.5;0.0
av_COTTON_d9;51900;ASH_COATED_OSMIUM;10063;22;10061;18;;;10080;14;10084;12;;;10071.5;0.0
av_COTTON_d9;51900;INTARIAN_PEPPER_ROOT;10435;9;10432;24;;;10441;17;10443;24;;;10438.0;0.0
av_COTTON_d9;52000;ASH_COATED_OSMIUM;10065;16;10062;18;;;10076;13;10078;21;;;10070.5;0.0
av_COTTON_d9;52000;INTARIAN_PEPPER_ROOT;10434;26;10431;25;;;10440;14;10443;26;;;10437.0;0.0
av_COTTON_d9;52100;ASH_COATED_OSMIUM;10068;10;10066;13;;;10074;20;10076;18;;;10071.0;0.0
av_COTTON_d9;52100;INTARIAN_PEPPER_ROOT;10431;12;10427;23;;;10437;13;10439;18;;;10434.0;0.0
av_COTTON_d9;52200;ASH_COATED_OSMIUM;10068;16;10065;18;;;10074;17;10076;29;;;10071.0;0.0
av_COTTON_d9;52200;INTARIAN_PEPPER_ROOT;10426;16;10423;23;;;10440;11;10442;20;;;10433.0;0.0
av_COTTON_d9;52300;ASH_COATED_OSMIUM;10068;13;10065;23;;;10074;17;10078;21;;;10071.0;0.0
av_COTTON_d9;52300;INTARIAN_PEPPER_ROOT;10429;14;10425;20;;;10435;12;10437;15;;;10432.0;0.0
av_COTTON_d9;52400;ASH_COATED_OSMIUM;10068;18;10064;14;;;10074;12;10078;15;;;10071.0;0.0
av_COTTON_d9;52400;INTARIAN_PEPPER_ROOT;10426;21;10422;17;;;10432;11;10436;23;;;10429.0;0.0
av_COTTON_d9;52500;ASH_COATED_OSMIUM;10068;17;10065;23;;;10074;19;10078;11;;;10071.0;0.0
av_COTTON_d9;52500;INTARIAN_PEPPER_ROOT;10425;20;10422;8;;;10431;13;10433;19;;;10428.0;0.0
av_COTTON_d9;52600;ASH_COATED_OSMIUM;10068;19;10064;16;;;10074;16;10077;20;;;10071.0;0.0
av_COTTON_d9;52600;INTARIAN_PEPPER_ROOT;10411;20;10407;17;;;10442;23;10445;26;;;10426.5;0.0
av_COTTON_d9;52700;ASH_COATED_OSMIUM;10068;12;10066;27;;;10074;13;10077;20;;;10071.0;0.0
av_COTTON_d9;52700;INTARIAN_PEPPER_ROOT;10422;16;10420;17;;;10428;20;10430;12;;;10425.0;0.0
av_COTTON_d9;52800;ASH_COATED_OSMIUM;10068;11;10066;16;;;10074;11;10077;17;;;10071.0;0.0
av_COTTON_d9;52800;INTARIAN_PEPPER_ROOT;10420;10;10416;16;;;10426;19;10429;15;;;10423.0;0.0
av_COTTON_d9;52900;ASH_COATED_OSMIUM;10068;19;10066;21;;;10074;10;10076;28;;;10071.0;0.0
av_COTTON_d9;52900;INTARIAN_PEPPER_ROOT;10419;15;10416;14;;;10425;20;10428;19;;;10422.0;0.0
av_COTTON_d9;53000;ASH_COATED_OSMIUM;10061;11;10057;20;;;10080;7;10082;21;;;10070.5;0.0
av_COTTON_d9;53000;INTARIAN_PEPPER_ROOT;10417;11;10414;16;;;10424;17;10426;13;;;10420.5;0.0
av_COTTON_d9;53100;ASH_COATED_OSMIUM;10064;17;10062;22;;;10078;22;10080;19;;;10071.0;0.0
av_COTTON_d9;53100;INTARIAN_PEPPER_ROOT;10414;12;10411;19;;;10423;15;10426;17;;;10418.5;0.0
av_COTTON_d9;53200;ASH_COATED_OSMIUM;10058;15;10054;16;;;10082;9;10085;13;;;10070.0;0.0
av_COTTON_d9;53200;INTARIAN_PEPPER_ROOT;10414;6;10410;17;;;10422;11;10426;27;;;10418.0;0.0
av_COTTON_d9;53300;ASH_COATED_OSMIUM;10068;13;10064;21;;;10074;16;10078;9;;;10071.0;0.0
av_COTTON_d9;53300;INTARIAN_PEPPER_ROOT;10412;15;10408;24;;;10418;13;10420;20;;;10415.0;0.0
av_COTTON_d9;53400;ASH_COATED_OSMIUM;10068;6;10065;22;;;10074;17;10077;20;;;10071.0;0.0
av_COTTON_d9;53400;INTARIAN_PEPPER_ROOT;10409;9;10406;27;;;10418;12;10421;18;;;10413.5;0.0
av_COTTON_d9;53500;ASH_COATED_OSMIUM;10067;16;10064;33;;;10073;18;10075;13;;;10070.0;0.0
av_COTTON_d9;53500;INTARIAN_PEPPER_ROOT;10397;13;10395;20;;;10429;9;10433;31;;;10413.0;0.0
av_COTTON_d9;53600;ASH_COATED_OSMIUM;10068;17;10065;19;;;10074;5;10077;21;;;10071.0;0.0
av_COTTON_d9;53600;INTARIAN_PEPPER_ROOT;10408;16;10406;27;;;10415;15;10419;28;;;10411.5;0.0
av_COTTON_d9;53700;ASH_COATED_OSMIUM;10066;12;10064;14;;;10076;19;10080;21;;;10071.0;0.0
av_COTTON_d9;53700;INTARIAN_PEPPER_ROOT;10407;14;10404;20;;;10413;8;10416;19;;;10410.0;0.0
av_COTTON_d9;53800;ASH_COATED_OSMIUM;10068;16;10065;20;;;10074;15;10078;24;;;10071.0;0.0
av_COTTON_d9;53800;INTARIAN_PEPPER_ROOT;10402;15;10400;17;;;10415;8;10419;11;;;10408.5;0.0
av_COTTON_d9;53900;ASH_COATED_OSMIUM;10068;10;10065;17;;;10075;16;10078;12;;;10071.5;0.0
av_COTTON_d9;53900;INTARIAN_PEPPER_ROOT;10403;15;10401;21;;;10409;20;10413;23;;;10406.0;0.0
av_COTTON_d9;54000;ASH_COATED_OSMIUM;10068;9;10064;16;;;10074;16;10076;23;;;10071.0;0.0
av_COTTON_d9;54000;INTARIAN_PEPPER_ROOT;10402;19;10398;27;;;10408;12;10411;22;;;10405.0;0.0
av_COTTON_d9;54100;ASH_COATED_OSMIUM;10064;15;10060;19;;;10077;9;10081;19;;;10070.5;0.0
av_COTTON_d9;54100;INTARIAN_PEPPER_ROOT;10396;20;10392;29;;;10413;20;10417;20;;;10404.5;0.0
av_COTTON_d9;54200;ASH_COATED_OSMIUM;10068;5;10064;21;;;10074;18;10076;16;;;10071.0;0.0
av_COTTON_d9;54200;INTARIAN_PEPPER_ROOT;10399;21;10396;16;;;10405;16;10408;20;;;10402.0;0.0
av_COTTON_d9;54300;ASH_COATED_OSMIUM;10068;16;10064;19;;;10074;9;10078;12;;;10071.0;0.0
av_COTTON_d9;54300;INTARIAN_PEPPER_ROOT;10391;14;10387;21;;;10409;16;10411;17;;;10400.0;0.0
av_COTTON_d9;54400;ASH_COATED_OSMIUM;10064;15;10061;20;;;10078;21;10080;22;;;10071.0;0.0
av_COTTON_d9;54400;INTARIAN_PEPPER_ROOT;10394;17;10390;27;;;10403;11;10406;17;;;10398.5;0.0
av_COTTON_d9;54500;ASH_COATED_OSMIUM;10068;9;10066;17;;;10074;11;10077;17;;;10071.0;0.0
av_COTTON_d9;54500;INTARIAN_PEPPER_ROOT;10394;9;10390;22;;;10400;8;10402;28;;;10397.0;0.0
av_COTTON_d9;54600;ASH_COATED_OSMIUM;10064;17;10061;22;;;10079;13;10083;19;;;10071.5;0.0
av_COTTON_d9;54600;INTARIAN_PEPPER_ROOT;10393;21;10390;18;;;10399;10;10403;19;;;10396.0;0.0
av_COTTON_d9;54700;ASH_COATED_OSMIUM;10068;15;10065;19;;;10074;8;10077;25;;;10071.0;0.0
av_COTTON_d9;54700;INTARIAN_PEPPER_ROOT;10391;21;10389;20;;;10397;10;10401;23;;;10394.0;0.0
av_COTTON_d9;54800;ASH_COATED_OSMIUM;10068;10;10066;20;;;10074;12;10078;18;;;10071.0;0.0
av_COTTON_d9;54800;INTARIAN_PEPPER_ROOT;10386;9;10382;16;;;10399;20;10403;23;;;10392.5;0.0
av_COTTON_d9;54900;ASH_COATED_OSMIUM;10068;12;10065;21;;;10074;18;10077;19;;;10071.0;0.0
av_COTTON_d9;54900;INTARIAN_PEPPER_ROOT;10386;15;10383;22;;;10396;5;10398;22;;;10391.0;0.0
av_COTTON_d9;55000;ASH_COATED_OSMIUM;10065;24;10061;19;;;10075;16;10078;29;;;10070.0;0.0
av_COTTON_d9;55000;INTARIAN_PEPPER_ROOT;10386;17;10384;12;;;10392;14;10394;19;;;10389.0;0.0
av_COTTON_d9;55100;ASH_COATED_OSMIUM;10068;5;10065;14;;;10074;5;10078;8;;;10071.0;0.0
av_COTTON_d9;55100;INTARIAN_PEPPER_ROOT;10376;10;10372;13;;;10400;16;10402;26;;;10388.0;0.0
av_COTTON_d9;55200;ASH_COATED_OSMIUM;10066;13;10063;12;;;10077;20;10081;23;;;10071.5;0.0
av_COTTON_d9;55200;INTARIAN_PEPPER_ROOT;10384;20;10380;21;;;10390;20;10393;23;;;10387.0;0.0
av_COTTON_d9;55300;ASH_COATED_OSMIUM;10068;13;10064;25;;;10074;14;10077;20;;;10071.0;0.0
av_COTTON_d9;55300;INTARIAN_PEPPER_ROOT;10376;20;10374;17;;;10394;5;10396;13;;;10385.0;0.0
av_COTTON_d9;55400;ASH_COATED_OSMIUM;10067;14;10065;21;;;10073;12;10076;17;;;10070.0;0.0
